underlying_price,underlying_index,timestamp,state,settlement_price,open_interest,min_price,max_price,mark_price,mark_iv,last_price,interest_rate,instrument_name,index_price,bid_iv,best_bid_price,best_bid_amount,best_ask_price,best_ask_amount,ask_iv,vega,theta,rho,gamma,delta
8316.54,SYN.BTC-18OCT19,1571137140017,open,0.0,56.0,0.0005,0.0115,0.00172729,95.16,0.002,0.0,BTC-18OCT19-7250-P,8313.98,92.49,0.0015,6.0,0.002,30.2,98.13,0.73387,-12.14257,-0.03242,0.00014,-0.04775
8316.54,SYN.BTC-18OCT19,1571137140017,open,0.06,6.4,0.0335,0.0815,0.05706963,59.94,0.055,0.0,BTC-18OCT19-8750-P,8313.98,55.1,0.056,6.0,0.059,1.0,67.89,1.91388,-19.94567,-0.57691,0.00059,-0.8234
8316.54,SYN.BTC-18OCT19,1571137140017,open,0.0,128.6,0.0005,0.011,0.00115332,69.89,0.001,0.0,BTC-18OCT19-9250-C,8313.98,60.39,0.0005,52.5,0.002,30.1,78.29,0.71349,-8.6698,0.02945,0.00019,0.04611
8316.54,SYN.BTC-18OCT19,1571137140017,open,0.02,104.8,0.002,0.0375,0.01654514,57.55,0.016,0.0,BTC-18OCT19-8250-P,8313.98,54.55,0.0155,18.0,0.018,5.9,61.72,2.89616,-28.97949,-0.29094,0.00092,-0.42748
8316.54,SYN.BTC-18OCT19,1571137140017,open,0.12,0.6,0.0905,0.1385,0.11339295,69.86,0.113,0.0,BTC-18OCT19-9250-P,8313.98,54.74,0.1125,6.0,0.1155,1.0,87.84,0.71264,-8.65602,-0.69936,0.00019,-0.95396
8316.54,SYN.BTC-18OCT19,1571137140016,open,0.07,7.1,0.05,0.094,0.07211762,70.9,0.068,0.0,BTC-18OCT19-7750-C,8313.98,57.51,0.07,7.0,0.073,7.0,75.56,1.51567,-18.68393,0.52637,0.00039,0.87546
8316.54,SYN.BTC-18OCT19,1571137140016,open,0.0,242.9,0.0005,0.0165,0.00399407,70.89,0.0045,0.0,BTC-18OCT19-7750-P,8313.98,68.11,0.0035,1.0,0.005,48.0,76.17,1.51537,-18.6773,-0.0842,0.00039,-0.1245
8316.54,SYN.BTC-18OCT19,1571137140017,open,0.18,0.0,0.1495,0.198,0.17263417,77.78,None,0.0,BTC-18OCT19-9750-P,8313.98,0.0,0.0005,0.2,0.0,0.0,0.0,0.22455,-3.03685,-0.76072,5e-05,-0.98836
8316.54,SYN.BTC-18OCT19,1571137140016,open,0.13,0.0,0.1105,0.1505,0.1299719,95.18,None,0.0,BTC-18OCT19-7250-C,8313.98,0.0,0.114,6.0,0.145,6.0,182.82,0.7343,-12.15253,0.53875,0.00014,0.95221
8316.54,SYN.BTC-18OCT19,1571137140017,open,0.0,160.5,0.0005,0.018,0.00495105,59.95,0.0055,0.0,BTC-18OCT19-8750-C,8313.98,55.67,0.004,39.0,0.006,34.0,64.36,1.91417,-19.952,0.1125,0.00059,0.17664
8316.54,SYN.BTC-18OCT19,1571137140017,open,0.3,0.0,0.2675,0.321,0.292825,114.84,None,0.0,BTC-18OCT19-10750-P,8313.98,0.0,0.0005,0.1,0.0,0.0,0.0,0.14043,-2.80383,-0.84263,2e-05,-0.99319
8316.54,SYN.BTC-18OCT19,1571137140017,open,0.02,117.3,0.006,0.046,0.02454763,57.56,0.023,0.0,BTC-18OCT19-8250-C,8313.98,51.67,0.0225,28.0,0.026,2.0,61.72,2.89616,-28.98266,0.35904,0.00092,0.57251
8316.54,SYN.BTC-18OCT19,1571137140017,open,0.0,16.5,0.0005,0.0105,0.00027348,77.88,0.0005,0.0,BTC-18OCT19-9750-C,8313.98,0.0,0.0,0.0,0.0005,0.1,84.59,0.22599,-2.27439,0.0075,5e-05,0.01173
8316.54,SYN.BTC-18OCT19,1571137140017,open,0.24,0.0,0.2085,0.2595,0.23272785,97.22,None,0.0,BTC-18OCT19-10250-P,8313.98,0.0,0.0005,0.1,0.0,0.0,0.0,0.17374,-2.93684,-0.80203,3e-05,-0.99132
8316.54,SYN.BTC-18OCT19,1571137140018,open,0.0,0.0,0.0005,0.0105,0.00022218,115.0,None,0.0,BTC-18OCT19-10750-C,8313.98,0.0,0.0,0.0,0.001,51.0,139.93,0.14171,-1.8478,0.00436,2e-05,0.00688
8316.54,SYN.BTC-18OCT19,1571137140018,open,0.0,14.1,0.0005,0.0105,0.00024609,97.35,0.001,0.0,BTC-18OCT19-10250-C,8313.98,0.0,0.0,0.0,0.0005,0.1,106.61,0.17508,-2.04661,0.00557,3e-05,0.00875
8322.76,SYN.BTC-25OCT19,1571137140470,open,0.03,1782.9,0.008,0.047,0.0255759,65.56,0.025,0.0,BTC-25OCT19-8000-P,8313.98,63.76,0.0245,31.3,0.027,15.0,67.92,4.99897,-16.59177,-0.81643,0.00041,-0.33698
8316.54,SYN.BTC-18OCT19,1571137140625,open,0.01,569.9,0.001,0.03,0.01142297,57.55,0.01,0.0,BTC-18OCT19-8500-C,8313.98,53.16,0.01,12.0,0.0125,25.0,60.83,2.71678,-27.1858,0.21791,0.00087,0.34399
8468.32,BTC-27MAR20,1571137140641,open,0.18,241.3,0.1295,0.227,0.17925907,80.12,0.1745,0.0,BTC-27MAR20-8000-P,8313.98,79.02,0.1765,4.9,0.182,15.0,81.22,21.10469,-5.15933,-20.27682,8e-05,-0.35405
8378.75,BTC-27DEC19,1571137140641,open,0.11,706.6,0.072,0.1455,0.10903767,75.21,0.109,0.0,BTC-27DEC19-8000-P,8313.98,74.6,0.108,15.3,0.111,19.3,76.36,14.25426,-7.35498,-8.17986,0.00014,-0.37993
8468.32,BTC-27MAR20,1571137140648,open,0.55,1.1,0.527,0.569,0.54741117,88.96,0.5375,0.0,BTC-27MAR20-4000-C,8313.98,0.0,0.012,0.1,0.8795,1.0,400.53,6.74313,-1.83027,14.93344,2e-05,0.94018
8378.75,BTC-27DEC19,1571137140653,open,0.53,31.1,0.5145,0.544,0.52847291,98.96,0.6265,0.0,BTC-27DEC19-4000-C,8313.98,0.0,0.019,0.2,0.5535,0.2,150.72,2.48858,-1.68974,7.40022,2e-05,0.97083
8378.75,BTC-27DEC19,1571137140653,open,0.0,500.4,0.0005,0.011,0.00148085,106.15,0.002,0.0,BTC-27DEC19-28000-C,8313.98,94.96,0.0005,83.0,0.002,47.0,109.87,1.04447,-0.76066,0.15151,1e-05,0.01054
8378.75,BTC-27DEC19,1571137140655,open,0.18,750.0,0.1355,0.22,0.17854623,75.21,0.1755,0.0,BTC-27DEC19-9000-P,8313.98,72.93,0.1745,14.4,0.1805,14.4,76.3,14.921,-7.69907,-11.65042,0.00014,-0.51788
8316.54,SYN.BTC-18OCT19,1571137140655,open,0.04,162.3,0.012,0.0575,0.03348337,57.55,0.0325,0.0,BTC-18OCT19-8500-P,8313.98,52.98,0.032,18.0,0.034,1.0,59.13,2.71679,-27.18624,-0.45178,0.00087,-0.65601
8353.86,SYN.BTC-29NOV19,1571137140655,open,0.01,285.1,0.003,0.029,0.01308587,76.54,0.013,0.0,BTC-29NOV19-12000-C,8313.98,74.88,0.012,24.0,0.014,16.1,77.89,5.58369,-4.76176,1.01715,9e-05,0.11212
8316.54,SYN.BTC-18OCT19,1571137140655,open,0.22,0.5,0.2025,0.2355,0.21865925,114.99,0.18,0.0,BTC-18OCT19-6500-C,8313.98,0.0,0.2065,7.0,0.231,7.0,246.68,0.14094,-2.81779,0.50747,2e-05,0.99316
8353.86,SYN.BTC-29NOV19,1571137140670,open,0.01,1023.0,0.0005,0.0225,0.00901899,80.96,0.0115,0.0,BTC-29NOV19-13000-C,8313.98,79.93,0.0085,1.0,0.0095,17.0,81.89,4.28903,-3.86896,0.71271,6e-05,0.07841
8468.32,BTC-27MAR20,1571137140696,open,0.33,179.8,0.273,0.389,0.33233128,80.29,0.3415,0.0,BTC-27MAR20-10000-P,8313.98,78.85,0.3285,3.6,0.336,9.0,81.66,22.6188,-5.5407,-32.25324,9e-05,-0.51598
8378.75,BTC-27DEC19,1571137140696,open,0.82,10.1,0.811,0.8305,0.82099702,114.6,0.8205,0.0,BTC-27DEC19-1500-C,8313.98,0.0,0.813,1.0,0.8295,1.0,235.05,0.02166,-0.01703,2.99203,0.0,0.99985
8378.75,BTC-27DEC19,1571137140696,open,0.27,494.3,0.218,0.3075,0.26313201,75.49,0.281,0.0,BTC-27DEC19-10000-P,8313.98,71.8,0.257,17.0,0.268,17.0,78.38,14.02009,-7.26131,-15.09157,0.00013,-0.63899
8378.75,BTC-27DEC19,1571137140696,open,0.06,282.6,0.032,0.089,0.05947925,76.92,0.0585,0.0,BTC-27DEC19-7000-P,8313.98,76.22,0.0585,34.8,0.061,19.3,78.01,11.73189,-6.19174,-5.06937,0.00011,-0.24355
8468.32,BTC-27MAR20,1571137140696,open,0.01,50.1,0.0015,0.0305,0.01134334,103.82,0.013,0.0,BTC-27MAR20-34000-C,8313.98,101.78,0.01,6.0,0.0125,5.0,105.46,5.80003,-1.83729,1.44854,2e-05,0.04944
8378.75,BTC-27DEC19,1571137140696,open,0.0,649.0,0.0005,0.013,0.00301171,103.5,0.0035,0.0,BTC-27DEC19-24000-C,8313.98,101.03,0.0025,6.1,0.0035,73.0,105.6,1.84809,-1.31233,0.29191,1e-05,0.02046
8378.75,BTC-27DEC19,1571137140698,open,0.0,482.1,0.0005,0.012,0.00201482,104.42,0.0025,0.0,BTC-27DEC19-26000-C,8313.98,100.88,0.0015,1.0,0.0025,20.0,107.22,1.34662,-0.96475,0.20264,1e-05,0.01413
8468.32,BTC-27MAR20,1571137140698,open,0.07,270.4,0.0415,0.107,0.07333368,82.13,0.072,0.0,BTC-27MAR20-6000-P,8313.98,81.1,0.0715,4.9,0.0755,9.0,83.34,15.08061,-3.77888,-9.77308,6e-05,-0.18371
8468.32,BTC-27MAR20,1571137140698,open,0.23,105.6,0.1855,0.2785,0.23455719,80.12,0.2365,0.0,BTC-27MAR20-8000-C,8313.98,78.9,0.2315,3.6,0.2375,9.0,81.3,21.10472,-5.15923,15.64126,8e-05,0.64595
8322.76,SYN.BTC-25OCT19,1571137140698,open,0.0,519.4,0.0005,0.0105,0.00025105,101.87,0.0005,0.0,BTC-25OCT19-13000-C,8313.98,0.0,0.0,0.0,0.0005,7.9,109.91,0.19709,-1.01653,0.01064,1e-05,0.00498
8322.76,SYN.BTC-25OCT19,1571137140698,open,0.15,14.9,0.121,0.1765,0.14803059,66.97,0.139,0.0,BTC-25OCT19-9500-P,8313.98,0.0,0.1275,6.0,0.1735,6.0,120.82,2.83242,-9.60338,-2.30168,0.00023,-0.87409
8316.54,SYN.BTC-18OCT19,1571137140698,open,0.0,233.9,0.0005,0.0105,0.00077739,99.39,0.001,0.0,BTC-18OCT19-7000-P,8313.98,92.82,0.0005,49.0,0.001,10.1,103.66,0.40056,-6.46523,-0.0155,7e-05,-0.02289
8378.75,BTC-27DEC19,1571137140700,open,1.64,4.9,1.575,1.689,1.62899997,97.81,1.0385,0.0,BTC-27DEC19-22000-P,8313.98,0.0,0.0,0.0,0.0,0.0,0.0,2.06061,-1.38276,-43.59107,2e-05,-0.97672
8378.75,BTC-27DEC19,1571137140700,open,0.0,519.0,0.0005,0.012,0.00221066,112.45,0.003,0.0,BTC-27DEC19-3000-P,8313.98,106.2,0.0015,29.0,0.003,25.0,118.04,1.07197,-0.82705,-0.21861,1e-05,-0.01086
8316.54,SYN.BTC-18OCT19,1571137140700,open,0.0,196.4,0.0005,0.0105,0.00023486,115.0,0.0005,0.0,BTC-18OCT19-6500-P,8313.98,0.0,0.0,0.0,0.001,5.6,140.59,0.14101,-1.95321,-0.00464,2e-05,-0.00684
8322.76,SYN.BTC-25OCT19,1571137140700,open,0.01,1335.4,0.0005,0.016,0.00518265,79.49,0.0065,0.0,BTC-25OCT19-7000-P,8313.98,76.68,0.0045,30.0,0.006,30.0,82.65,2.08126,-8.37649,-0.19724,0.00014,-0.08241
8378.75,BTC-27DEC19,1571137140702,open,5.22,0.8,5.085,5.333,5.20627226,118.85,3.59,0.0,BTC-27DEC19-52000-P,8313.98,0.0,0.001,1.0,0.0,0.0,0.0,0.09754,-0.07954,-103.81185,0.0,-0.99924
8353.86,SYN.BTC-29NOV19,1571137140705,open,0.45,0.0,0.4135,0.489,0.44955213,76.55,None,0.0,BTC-29NOV19-12000-P,8313.98,0.0,0.0005,2.0,0.0,0.0,0.0,5.58473,-4.76314,-13.73625,9e-05,-0.88785
8353.86,SYN.BTC-29NOV19,1571137140722,open,0.15,20.5,0.109,0.181,0.1454707,70.53,0.145,0.0,BTC-29NOV19-9000-P,8313.98,69.1,0.1435,14.4,0.149,20.4,73.09,11.50296,-9.03993,-7.35332,0.00019,-0.57047
8316.54,SYN.BTC-18OCT19,1571137140727,open,0.0,53.7,0.0005,0.0105,1.613e-05,115.0,0.0005,0.0,BTC-18OCT19-6000-P,8313.98,0.0,0.0,0.0,0.0005,0.2,162.59,0.015,-0.13418,-0.00039,0.0,-0.00058
8468.32,BTC-27MAR20,1571137140743,open,1.17,0.0,1.1005,1.2335,1.1641777,87.31,1.23,0.0,BTC-27MAR20-18000-P,8313.98,0.0,1.1175,1.0,1.2135,1.0,112.7,13.78038,-3.6711,-76.21735,5e-05,-0.84046
8468.32,BTC-27MAR20,1571137140743,open,0.1,528.9,0.0575,0.144,0.10024553,81.24,0.1,0.0,BTC-27MAR20-12000-C,8313.98,80.54,0.0985,4.9,0.1015,0.2,81.74,21.15354,-5.24331,9.73805,8e-05,0.35637
8322.76,SYN.BTC-25OCT19,1571137140743,open,1.05,0.0,1.003,1.084,1.04259905,116.96,None,0.0,BTC-25OCT19-17000-P,8313.98,0.0,0.001,0.1,0.0,0.0,0.0,0.0079,-0.04677,-4.59932,0.0,-0.99985
8468.32,BTC-27MAR20,1571137140745,open,2.8,0.0,2.708,2.8855,2.79129804,102.05,None,0.0,BTC-27MAR20-32000-P,8313.98,0.0,0.001,1.0,0.0,0.0,0.0,6.27131,-1.95268,-142.07338,2e-05,-0.94545
8468.32,BTC-27MAR20,1571137140747,open,0.05,898.9,0.021,0.087,0.05085781,85.16,0.051,0.0,BTC-27MAR20-16000-C,8313.98,84.7,0.05,5.0,0.0515,0.2,85.5,16.04389,-4.16856,5.79729,6e-05,0.20334
8353.86,SYN.BTC-29NOV19,1571137140747,open,0.2,1.4,0.1685,0.226,0.19817153,75.24,0.215,0.0,BTC-29NOV19-7000-C,8313.98,68.52,0.1915,7.0,0.2015,15.3,78.5,8.47136,-7.10194,6.06575,0.00013,0.78875
8468.32,BTC-27MAR20,1571137140756,open,0.94,1.1,0.8775,1.0075,0.94026156,85.16,1.08,0.0,BTC-27MAR20-16000-P,8313.98,49.24,0.894,2.0,0.9895,2.0,108.16,16.04492,-4.16906,-66.03814,6e-05,-0.79664
8378.75,BTC-27DEC19,1571137140756,open,0.0,442.4,0.0005,0.0105,0.00019126,115.0,0.001,0.0,BTC-27DEC19-44000-C,8313.98,0.0,0.0,0.0,0.001,27.8,132.62,0.18114,-0.14292,0.02166,0.0,0.00149
8378.75,BTC-27DEC19,1571137140756,open,0.36,260.6,0.3145,0.405,0.35935624,76.18,0.4475,0.0,BTC-27DEC19-11000-P,8313.98,46.01,0.323,6.0,0.387,6.0,94.03,12.25159,-6.40337,-18.31548,0.00011,-0.73548
8378.75,BTC-27DEC19,1571137140758,open,4.26,0.0,4.1485,4.36,4.25160258,116.36,3.46,0.0,BTC-27DEC19-44000-P,8313.98,0.0,0.0015,0.1,0.0,0.0,0.0,0.20435,-0.16314,-87.8255,0.0,-0.9983
8316.54,SYN.BTC-18OCT19,1571137140777,open,0.04,60.7,0.0225,0.0675,0.04590457,62.74,0.0435,0.0,BTC-18OCT19-8000-C,8313.98,53.53,0.0435,6.0,0.0475,6.0,68.48,2.26484,-24.70501,0.47162,0.00066,0.76568
8322.76,SYN.BTC-25OCT19,1571137140777,open,0.1,524.5,0.0685,0.1245,0.09622641,64.65,0.0935,0.0,BTC-25OCT19-9000-P,8313.98,63.24,0.0955,6.0,0.0995,6.0,70.8,4.32671,-14.16134,-1.91132,0.00036,-0.75255
8322.76,SYN.BTC-25OCT19,1571137140777,open,0.0,621.0,0.0005,0.013,0.0032742,71.48,0.003,0.0,BTC-25OCT19-10000-C,8313.98,67.57,0.0025,30.0,0.0035,1.4,72.52,1.76597,-6.39096,0.14229,0.00013,0.06646
8378.75,BTC-27DEC19,1571137140778,open,1.87,0.0,1.809,1.932,1.86741789,103.58,None,0.0,BTC-27DEC19-24000-P,8313.98,0.0,0.0,0.0,0.0,0.0,0.0,1.85518,-1.31834,-47.62509,1e-05,-0.97945
8378.75,BTC-27DEC19,1571137140778,open,0.7,0.0,0.6925,0.712,0.70247839,114.97,None,0.0,BTC-27DEC19-2500-C,8313.98,0.0,0.021,0.1,0.0,0.0,0.0,0.49409,-0.38975,4.90173,0.0,0.99549
8378.75,BTC-27DEC19,1571137140792,open,0.19,213.0,0.1495,0.2205,0.18659055,75.83,0.189,0.0,BTC-27DEC19-7500-C,8313.98,73.86,0.1835,13.0,0.1885,14.5,77.04,13.20452,-6.8695,8.42487,0.00012,0.6902
8353.86,SYN.BTC-29NOV19,1571137140792,open,0.02,170.1,0.007,0.0415,0.02171765,73.73,0.021,0.0,BTC-29NOV19-11000-C,8313.98,72.37,0.0205,19.3,0.023,34.5,75.14,7.54746,-6.20055,1.57312,0.00012,0.17488
8322.76,SYN.BTC-25OCT19,1571137140792,open,0.0,660.3,0.0005,0.0105,1.824e-05,115.0,0.001,0.0,BTC-25OCT19-16000-C,8313.98,0.0,0.0,0.0,0.0005,1.0,152.6,0.01927,-0.1122,0.00083,0.0,0.00039
8353.86,SYN.BTC-29NOV19,1571137140795,open,0.08,224.9,0.0475,0.1085,0.07795914,71.54,0.0745,0.0,BTC-29NOV19-8000-P,8313.98,70.07,0.076,19.3,0.08,29.0,73.06,11.17833,-8.90999,-4.73303,0.00018,-0.38286
8322.76,SYN.BTC-25OCT19,1571137140795,open,0.57,32.0,0.5315,0.5955,0.56223467,101.93,0.6245,0.0,BTC-25OCT19-13000-P,8313.98,0.0,0.542,4.0,0.587,4.0,224.04,0.19782,-1.02084,-3.50669,1e-05,-0.995
8322.76,SYN.BTC-25OCT19,1571137140795,open,0.45,37.4,0.414,0.475,0.44280544,101.15,0.533,0.0,BTC-25OCT19-12000-P,8313.98,0.0,0.4235,4.0,0.466,4.0,195.03,0.58204,-2.98065,-3.21034,3e-05,-0.98283
8468.32,BTC-27MAR20,1571137140798,open,3.74,1.0,3.6325,3.843,3.73228051,108.52,2.7125,0.0,BTC-27MAR20-40000-P,8313.98,0.0,0.0005,3.0,0.0,0.0,0.0,4.71268,-1.56035,-178.47067,1e-05,-0.96177
8468.32,BTC-27MAR20,1571137140798,open,0.15,236.2,0.1025,0.1975,0.15145394,80.28,0.158,0.0,BTC-27MAR20-10000-C,8313.98,79.37,0.149,4.6,0.153,0.2,80.86,22.61879,-5.54055,12.64419,9e-05,0.48402
8316.54,SYN.BTC-18OCT19,1571137140798,open,0.28,0.0,0.264,0.293,0.27856173,114.91,None,0.0,BTC-18OCT19-6000-C,8313.98,0.0,0.2675,7.0,0.29,7.0,296.42,0.01488,-0.29723,0.47233,0.0,0.99943
8378.75,BTC-27DEC19,1571137140811,open,0.02,397.9,0.007,0.037,0.01958436,83.76,0.0195,0.0,BTC-27DEC19-5500-P,8313.98,82.31,0.0185,34.0,0.0205,24.0,84.97,6.31741,-3.63056,-1.91331,5e-05,-0.09479
8378.75,BTC-27DEC19,1571137140811,open,0.27,56.0,0.235,0.296,0.26629005,78.54,0.2755,0.0,BTC-27DEC19-6500-C,8313.98,53.81,0.24,12.0,0.2935,12.0,100.24,9.97133,-5.37306,9.19042,9e-05,0.81566
8322.76,SYN.BTC-25OCT19,1571137140811,open,0.01,610.8,0.001,0.0265,0.01099408,70.26,0.011,0.0,BTC-25OCT19-7500-P,8313.98,69.06,0.0105,24.0,0.0115,1.0,71.47,3.45019,-12.27336,-0.40515,0.00026,-0.16892
8353.86,SYN.BTC-29NOV19,1571137140815,open,0.57,0.0,0.5285,0.606,0.56519076,80.97,None,0.0,BTC-29NOV19-13000-P,8313.98,0.0,0.0005,2.0,0.0,0.0,0.0,4.29045,-3.87077,-15.27012,6e-05,-0.92156
8316.54,SYN.BTC-18OCT19,1571134265067,open,0.0,8.9,0.0005,0.0105,4.7e-07,115.0,0.0005,0.0,BTC-18OCT19-5500-P,8313.98,0.0,0.0,0.0,0.001,21.0,220.82,0.00065,-0.00393,-1e-05,0.0,-2e-05
8322.76,SYN.BTC-25OCT19,1571134264564,open,0.0,499.5,0.0005,0.0105,6.425e-05,115.0,0.0005,0.0,BTC-25OCT19-15000-C,8313.98,0.0,0.0,0.0,0.001,27.0,151.35,0.05722,-0.33318,0.00271,0.0,0.00127
8378.75,BTC-27DEC19,1571134265071,open,0.0,246.6,0.0005,0.0105,2.24e-05,115.0,0.0005,0.0,BTC-27DEC19-1500-P,8313.98,152.15,0.0005,2.5,0.001,29.9,165.43,0.02253,-0.01778,-0.00299,0.0,-0.00016
8378.75,BTC-27DEC19,1571136849206,open,0.0,411.0,0.0005,0.013,0.00329443,97.74,0.004,0.0,BTC-27DEC19-22000-C,8313.98,94.2,0.0025,34.0,0.004,24.0,100.44,2.05412,-1.37751,0.33281,1e-05,0.02319
8378.75,BTC-27DEC19,1571136849221,open,0.01,393.2,0.0005,0.0245,0.00975654,85.63,0.01,0.0,BTC-27DEC19-16000-C,8313.98,84.29,0.009,57.0,0.01,24.0,86.05,4.85362,-2.85153,0.95577,4e-05,0.06689
8378.75,BTC-27DEC19,1571136849223,open,0.01,741.0,0.0005,0.0185,0.00655988,90.4,0.006,0.0,BTC-27DEC19-18000-C,8313.98,89.05,0.006,33.0,0.007,24.0,91.41,3.57482,-2.21724,0.64995,3e-05,0.04541
8378.75,BTC-27DEC19,1571136849222,open,0.0,799.0,0.0005,0.0145,0.00455271,94.29,0.004,0.0,BTC-27DEC19-20000-C,8313.98,92.48,0.004,6.8,0.005,24.0,95.64,2.67573,-1.7309,0.45641,2e-05,0.03184
8378.75,BTC-27DEC19,1571136882748,open,0.0,482.1,0.0005,0.012,0.00201482,104.42,0.0025,0.0,BTC-27DEC19-26000-C,8313.98,100.88,0.0015,1.0,0.0025,20.0,107.22,1.34662,-0.96475,0.20264,1e-05,0.01413
8378.75,BTC-27DEC19,1571136849204,open,0.0,291.4,0.0005,0.0105,0.000854,115.0,0.0015,0.0,BTC-27DEC19-2500-P,8313.98,117.34,0.001,0.2,0.002,20.0,129.19,0.4948,-0.39041,-0.08991,0.0,-0.00452
8378.75,BTC-27DEC19,1571137032069,open,0.01,661.7,0.0025,0.029,0.01236535,83.22,0.013,0.0,BTC-27DEC19-15000-C,8313.98,81.94,0.0115,52.0,0.013,24.0,84.13,5.76291,-3.29056,1.19467,5e-05,0.08378
8378.75,BTC-27DEC19,1571136849101,open,0.0,649.0,0.0005,0.013,0.00301171,103.5,0.0035,0.0,BTC-27DEC19-24000-C,8313.98,101.03,0.0025,6.1,0.0035,73.0,105.6,1.84809,-1.31233,0.29191,1e-05,0.02046
8378.75,BTC-27DEC19,1571136705791,open,0.0,500.4,0.0005,0.011,0.00148085,106.15,0.002,0.0,BTC-27DEC19-28000-C,8313.98,94.96,0.0005,83.0,0.002,47.0,109.87,1.04447,-0.76066,0.15151,1e-05,0.01054
8378.75,BTC-27DEC19,1571136849213,open,0.0,519.0,0.0005,0.012,0.00221066,112.45,0.003,0.0,BTC-27DEC19-3000-P,8313.98,106.2,0.0015,29.0,0.003,25.0,118.04,1.07197,-0.82705,-0.21861,1e-05,-0.01086
8378.75,BTC-27DEC19,1571136849220,open,0.0,444.0,0.0005,0.0135,0.00370678,105.37,0.0055,0.0,BTC-27DEC19-3500-P,8313.98,101.63,0.003,20.0,0.0045,24.0,109.09,1.68337,-1.21696,-0.36869,1e-05,-0.01833
8378.75,BTC-27DEC19,1571136462895,open,0.0,812.9,0.0005,0.011,0.00103275,106.92,0.001,0.0,BTC-27DEC19-30000-C,8313.98,99.57,0.0005,108.0,0.0015,24.9,111.29,0.77835,-0.571,0.10874,1e-05,0.00753
8378.75,BTC-27DEC19,1571136705887,open,0.0,659.7,0.0005,0.0105,0.00069556,115.0,0.001,0.0,BTC-27DEC19-36000-C,8313.98,111.55,0.0005,16.0,0.0015,49.0,124.23,0.53544,-0.42247,0.07098,0.0,0.00494
8378.75,BTC-27DEC19,1571136251062,open,0.0,442.4,0.0005,0.0105,0.00019126,115.0,0.001,0.0,BTC-27DEC19-44000-C,8313.98,0.0,0.0,0.0,0.001,27.8,132.62,0.18114,-0.14292,0.02166,0.0,0.00149
8378.75,BTC-27DEC19,1571136849211,open,0.01,620.4,0.0005,0.0155,0.00587373,98.97,0.006,0.0,BTC-27DEC19-4000-P,8313.98,95.9,0.005,30.0,0.0065,24.0,101.02,2.48925,-1.69036,-0.58636,2e-05,-0.02918
8378.75,BTC-27DEC19,1571136251012,open,0.0,1542.5,0.0005,0.0105,5.888e-05,115.0,0.0005,0.0,BTC-27DEC19-52000-C,8313.98,0.0,0.0,0.0,0.001,29.0,143.6,0.06541,-0.05161,0.00723,0.0,0.00049
8378.75,BTC-27DEC19,1571136251059,open,0.0,342.0,0.0005,0.0105,0.00010478,115.0,0.0005,0.0,BTC-27DEC19-48000-C,8313.98,0.0,0.0,0.0,0.001,20.0,138.37,0.10798,-0.08519,0.01238,0.0,0.00084
8378.75,BTC-27DEC19,1571136888457,open,0.01,890.0,0.0035,0.027,0.01314379,87.77,0.0125,0.0,BTC-27DEC19-5000-P,8313.98,86.62,0.0125,45.0,0.014,24.0,89.26,4.75894,-2.86583,-1.31079,4e-05,-0.06521
8378.75,BTC-27DEC19,1571136949476,open,0.06,282.6,0.032,0.089,0.05947925,76.92,0.0585,0.0,BTC-27DEC19-7000-P,8313.98,76.22,0.0585,34.8,0.061,19.3,78.01,11.73189,-6.19174,-5.06937,0.00011,-0.24355
8378.75,BTC-27DEC19,1571136251019,open,0.0,555.7,0.0005,0.0105,0.0003591,115.0,0.001,0.0,BTC-27DEC19-40000-C,8313.98,0.0,0.0,0.0,0.001,20.0,126.26,0.30891,-0.24373,0.03875,0.0,0.00268
8378.75,BTC-27DEC19,1571136463038,open,0.0,336.6,0.0005,0.011,0.00101369,111.21,0.0015,0.0,BTC-27DEC19-32000-C,8313.98,103.84,0.0005,90.5,0.0015,20.0,115.91,0.74581,-0.56905,0.1031,0.0,0.00718
8378.75,BTC-27DEC19,1571136897729,open,0.1,327.1,0.0675,0.139,0.10439392,75.2,0.1085,0.0,BTC-27DEC19-9000-C,8313.98,73.3,0.101,31.5,0.1055,14.4,75.82,14.92099,-7.6987,6.31892,0.00014,0.48212
8353.85,SYN.BTC-29NOV19,1571136949482,open,0.12,246.2,0.0875,0.1505,0.12031607,71.54,0.121,0.0,BTC-29NOV19-8000-C,8313.98,69.06,0.117,14.4,0.122,8.0,72.8,11.17833,-8.90978,5.10275,0.00018,0.61714
8468.32,BTC-27MAR20,1571136849173,open,0.02,758.8,0.0075,0.0365,0.0197621,88.96,0.0195,0.0,BTC-27MAR20-4000-P,8313.98,88.0,0.019,15.0,0.0205,6.0,89.88,6.74345,-1.83041,-3.02576,2e-05,-0.05982
8353.85,SYN.BTC-29NOV19,1571136950102,open,0.09,74.1,0.059,0.1205,0.09076814,70.53,0.088,0.0,BTC-29NOV19-8500-C,8313.98,68.55,0.088,14.4,0.0915,1.5,71.06,11.669,-9.17017,4.42236,0.00019,0.52134
8468.32,BTC-27MAR20,1571136705856,open,0.01,578.7,0.0005,0.0255,0.00877113,108.48,0.009,0.0,BTC-27MAR20-40000-C,8313.98,107.05,0.008,5.0,0.0095,15.0,109.76,4.70497,-1.55722,1.11707,1e-05,0.03815
8378.75,BTC-27DEC19,1571136885648,open,0.11,706.6,0.072,0.1455,0.10903767,75.21,0.109,0.0,BTC-27DEC19-8000-P,8313.98,74.6,0.108,15.3,0.111,19.3,76.36,14.25426,-7.35498,-8.17986,0.00014,-0.37993
8353.86,SYN.BTC-29NOV19,1571136849291,open,0.2,1.4,0.1685,0.226,0.19817153,75.24,0.215,0.0,BTC-29NOV19-7000-C,8313.98,68.52,0.1915,7.0,0.2015,15.3,78.5,8.47136,-7.10194,6.06575,0.00013,0.78875
184.03,SYN.ETH-18OCT19,1571136473238,open,0.0,20.0,0.001,0.011,1.3e-05,120.02,0.004,0.0,ETH-18OCT19-130-P,183.97,0.0,0.0,0.0,0.002,300.0,212.04,0.00027,-0.00241,-1e-05,8e-05,-0.00046
184.03,SYN.ETH-18OCT19,1571136473246,open,0.0,307.0,0.001,0.011,0.000921,118.24,0.001,0.0,ETH-18OCT19-150-P,183.97,0.0,0.0,0.0,0.002,500.0,135.71,0.00881,-0.16981,-0.00034,0.00279,-0.02272
8468.32,BTC-27MAR20,1571136849170,open,0.01,54.8,0.0025,0.0325,0.01249054,102.03,0.0115,0.0,BTC-27MAR20-32000-C,8313.98,99.93,0.011,16.0,0.0135,20.0,103.36,6.26588,-1.95053,1.59687,2e-05,0.05449
8353.86,SYN.BTC-29NOV19,1571136887646,open,0.07,203.0,0.039,0.097,0.06812101,70.53,0.066,0.0,BTC-29NOV19-9000-C,8313.98,68.63,0.0655,24.4,0.069,0.2,71.17,11.50292,-9.03954,3.71189,0.00019,0.42952
184.03,SYN.ETH-18OCT19,1571136473241,open,0.0,8.0,0.001,0.011,0.000151,120.02,0.001,0.0,ETH-18OCT19-140-P,183.97,0.0,0.0,0.0,0.001,100.0,153.77,0.00211,-0.02779,-7e-05,0.00066,-0.0044
8468.32,BTC-27MAR20,1571136705869,open,0.01,70.6,0.0005,0.0285,0.01028293,105.36,0.0095,0.0,BTC-27MAR20-36000-C,8313.98,104.1,0.0095,2.0,0.011,15.0,106.47,5.36487,-1.72465,1.31461,2e-05,0.04486
184.03,SYN.ETH-18OCT19,1571137122515,open,0.04,443.0,0.01,0.065,0.037362,71.04,0.038,0.0,ETH-18OCT19-180-C,183.97,60.82,0.034,120.0,0.041,120.0,82.1,0.06057,-0.7482,0.00887,0.03196,0.64888
184.03,SYN.ETH-18OCT19,1571136473252,open,0.0,997.0,0.001,0.011,0.001867,98.24,0.002,0.0,ETH-18OCT19-160-P,183.97,87.04,0.001,219.0,0.003,500.0,109.14,0.01676,-0.28632,-0.00075,0.00639,-0.04968
184.03,SYN.ETH-18OCT19,1571137114478,open,0.01,724.0,0.001,0.034,0.012591,71.15,0.023,0.0,ETH-18OCT19-190-C,183.97,59.58,0.009,223.0,0.013,160.0,72.5,0.05823,-0.72041,0.00442,0.03067,0.31764
184.03,SYN.ETH-18OCT19,1571136740386,open,0.0,995.0,0.001,0.015,0.002891,71.17,0.002,0.0,ETH-18OCT19-200-C,183.97,64.96,0.002,2.0,0.003,200.0,71.9,0.0285,-0.35266,0.0014,0.01501,0.0992
184.16,SYN.ETH-25OCT19,1571136473333,open,0.0,4693.0,0.001,0.011,4e-05,120.01,0.001,0.0,ETH-25OCT19-100-P,183.97,0.0,0.0,0.0,0.001,100.0,168.93,0.00074,-0.0045,-4e-05,7e-05,-0.00071
184.03,SYN.ETH-18OCT19,1571137114471,open,0.02,495.0,0.001,0.039,0.015487,71.2,0.013,0.0,ETH-18OCT19-180-P,183.97,54.16,0.01,163.0,0.014,231.0,66.61,0.06059,-0.75011,-0.00532,0.03189,-0.35139
184.15,SYN.ETH-25OCT19,1571137114489,open,0.03,60.0,0.011,0.061,0.035408,74.61,0.036,0.0,ETH-25OCT19-190-C,183.97,72.39,0.034,187.0,0.039,120.0,80.14,0.1186,-0.448,0.01933,0.01733,0.42331
184.16,SYN.ETH-25OCT19,1571137112702,open,0.01,2211.0,0.001,0.024,0.008998,80.2,0.009,0.0,ETH-25OCT19-160-P,183.97,74.12,0.007,504.0,0.01,200.0,83.02,0.06367,-0.25854,-0.00687,0.00865,-0.12881
184.03,SYN.ETH-18OCT19,1571136473319,open,0.0,281.0,0.001,0.011,0.000844,100.86,0.001,0.0,ETH-18OCT19-220-C,183.97,0.0,0.0,0.0,0.002,329.0,117.24,0.00974,-0.15507,0.00036,0.00362,0.0256
184.16,SYN.ETH-25OCT19,1571136473351,open,0.0,2508.0,0.001,0.012,0.002909,100.53,0.003,0.0,ETH-25OCT19-140-P,183.97,93.54,0.002,530.0,0.004,200.0,107.43,0.02656,-0.13521,-0.00218,0.00288,-0.04087
184.16,SYN.ETH-25OCT19,1571136473489,open,0.0,5657.0,0.001,0.011,0.000503,104.25,0.001,0.0,ETH-25OCT19-280-C,183.97,0.0,0.0,0.0,0.001,200.0,113.69,0.0075,-0.0396,0.00043,0.00078,0.0092
184.16,SYN.ETH-25OCT19,1571136473339,open,0.0,3325.0,0.001,0.011,0.000845,120.01,0.001,0.0,ETH-25OCT19-120-P,183.97,122.93,0.001,499.0,0.002,203.0,137.03,0.00922,-0.05604,-0.00062,0.00084,-0.01165
184.15,SYN.ETH-25OCT19,1571137111330,open,0.02,369.0,0.004,0.039,0.017914,73.91,0.017,0.0,ETH-25OCT19-170-P,183.97,70.12,0.016,256.0,0.02,161.0,78.01,0.09336,-0.34935,-0.01266,0.01377,-0.23624
185.38,ETH-27DEC19,1571136473655,open,0.01,3931.0,0.003,0.025,0.012124,99.6,0.014,0.0,ETH-27DEC19-100-P,183.97,95.06,0.01,906.0,0.014,160.0,103.32,0.09051,-0.06185,-0.02439,0.00132,-0.05377
184.16,SYN.ETH-25OCT19,1571137121546,open,0.04,1877.0,0.013,0.065,0.037031,73.26,0.035,0.0,ETH-25OCT19-180-P,183.97,65.3,0.032,347.0,0.037,160.0,73.17,0.11713,-0.43445,-0.02184,0.01742,-0.40133
184.16,SYN.ETH-25OCT19,1571136473479,open,0.0,1852.0,0.001,0.012,0.002024,86.81,0.002,0.0,ETH-25OCT19-240-C,183.97,77.5,0.001,268.0,0.003,203.0,93.28,0.02465,-0.10834,0.00176,0.00309,0.03728
184.16,SYN.ETH-25OCT19,1571137121547,open,0.06,1161.0,0.029,0.088,0.059626,73.18,0.067,0.0,ETH-25OCT19-180-C,183.97,70.66,0.058,257.0,0.065,120.0,81.66,0.11713,-0.43394,0.02686,0.01744,0.59873
184.03,SYN.ETH-18OCT19,1571136473329,open,0.0,0.0,0.001,0.011,0.000245,119.77,None,0.0,ETH-18OCT19-240-C,183.97,0.0,0.0,0.0,0.002,300.0,160.93,0.00328,-0.04501,0.0001,0.00103,0.00725
185.38,ETH-27DEC19,1571136475497,open,0.22,652.0,0.18,0.261,0.223894,88.2,0.242,0.0,ETH-27DEC19-160-C,183.97,81.0,0.213,246.0,0.228,586.0,90.93,0.28081,-0.16994,0.18211,0.00464,0.71588
185.38,ETH-27DEC19,1571137114511,open,0.14,2404.0,0.093,0.183,0.139476,87.98,0.149,0.0,ETH-27DEC19-180-P,183.97,85.37,0.135,468.0,0.142,245.0,89.45,0.3185,-0.19225,-0.19709,0.00528,-0.39301
184.16,SYN.ETH-25OCT19,1571136473485,open,0.0,1170.0,0.001,0.011,0.001512,102.61,0.001,0.0,ETH-25OCT19-260-C,183.97,96.59,0.001,20.0,0.002,550.0,107.24,0.01774,-0.09215,0.00117,0.00188,0.02506
185.38,ETH-27DEC19,1571137114427,open,0.05,2925.0,0.023,0.084,0.052792,90.15,0.064,0.0,ETH-27DEC19-260-C,183.97,88.91,0.051,128.0,0.055,609.0,91.66,0.26955,-0.16672,0.0773,0.00436,0.26163
185.38,ETH-27DEC19,1571137121570,open,0.21,3516.0,0.151,0.254,0.204569,88.09,0.214,0.0,ETH-27DEC19-200-P,183.97,84.96,0.199,96.0,0.208,190.0,90.01,0.33046,-0.19972,-0.2602,0.00547,-0.49843
184.16,SYN.ETH-25OCT19,1571136473468,open,0.01,1532.0,0.001,0.018,0.005643,79.23,0.005,0.0,ETH-25OCT19-220-C,183.97,72.95,0.004,506.0,0.007,201.0,83.82,0.05196,-0.20844,0.00455,0.00715,0.09693
185.38,ETH-27DEC19,1571137121564,open,0.05,2489.0,0.024,0.078,0.050165,90.54,0.052,0.0,ETH-27DEC19-140-P,183.97,88.72,0.048,128.0,0.052,128.0,92.07,0.22115,-0.13738,-0.08706,0.00356,-0.18505
184.03,SYN.ETH-18OCT19,1571136473323,open,0.0,246.0,0.001,0.011,0.000492,112.35,0.001,0.0,ETH-18OCT19-230-C,183.97,0.0,0.0,0.0,0.001,3.0,124.53,0.00597,-0.09033,0.0002,0.00199,0.0144
185.38,ETH-27DEC19,1571136473871,open,0.01,5078.0,0.001,0.025,0.010515,98.82,0.01,0.0,ETH-27DEC19-400-C,183.97,96.0,0.009,1320.0,0.012,160.0,101.37,0.10394,-0.07047,0.01985,0.00153,0.06414
185.38,ETH-27DEC19,1571137111573,open,0.02,926.0,0.005,0.039,0.0191,94.57,0.03,0.0,ETH-27DEC19-340-C,183.97,92.01,0.017,160.0,0.021,460.0,96.78,0.15624,-0.10138,0.03382,0.00241,0.11047
185.38,ETH-27DEC19,1571137109354,open,0.02,1220.0,0.007,0.047,0.024102,93.32,0.022,0.0,ETH-27DEC19-320-C,183.97,91.12,0.022,160.0,0.026,780.0,95.25,0.18032,-0.11546,0.04124,0.00282,0.13552
185.38,ETH-27DEC19,1571137109358,open,0.01,1084.0,0.004,0.033,0.015099,95.51,0.019,0.0,ETH-27DEC19-360-C,183.97,92.5,0.013,480.0,0.017,480.0,98.05,0.13433,-0.08803,0.02766,0.00205,0.08984
184.15,SYN.ETH-25OCT19,1571136473362,open,0.01,291.0,0.001,0.017,0.0054,91.52,0.006,0.0,ETH-25OCT19-150-P,183.97,89.79,0.005,1.0,0.006,201.0,94.04,0.04298,-0.19915,-0.00402,0.00512,-0.07523
185.38,ETH-27DEC19,1571136473888,open,0.01,7732.0,0.001,0.019,0.007072,100.6,0.007,0.0,ETH-27DEC19-440-C,183.97,97.93,0.006,1320.0,0.008,160.0,102.72,0.07814,-0.05393,0.01394,0.00113,0.04473
185.38,ETH-27DEC19,1571136473912,open,0.0,10984.0,0.001,0.014,0.004038,105.99,0.004,0.0,ETH-27DEC19-520-C,183.97,101.79,0.003,200.0,0.005,160.0,109.3,0.05024,-0.03653,0.00818,0.00069,0.02613
185.38,ETH-27DEC19,1571136473925,open,0.0,15549.0,0.001,0.012,0.002984,112.92,0.003,0.0,ETH-27DEC19-600-C,183.97,107.49,0.002,1001.0,0.004,1816.0,117.35,0.03834,-0.02971,0.00592,0.00049,0.01897
185.38,ETH-27DEC19,1571137112359,open,0.07,5111.0,0.035,0.105,0.07013,89.32,0.073,0.0,ETH-27DEC19-240-C,183.97,87.99,0.068,129.0,0.072,282.0,90.47,0.29898,-0.18321,0.09517,0.00488,0.32726
185.38,ETH-27DEC19,1571136473936,open,0.0,12462.0,0.001,0.012,0.002013,116.84,0.005,0.0,ETH-27DEC19-680-C,183.97,108.25,0.001,1270.0,0.003,2859.0,122.57,0.0276,-0.02212,0.00404,0.00034,0.01293
185.38,ETH-27DEC19,1571137121264,open,0.01,895.0,0.003,0.028,0.012152,96.6,0.025,0.0,ETH-27DEC19-380-C,183.97,92.97,0.01,780.0,0.014,480.0,99.44,0.11599,-0.07687,0.02287,0.00175,0.07394
185.38,ETH-27DEC19,1571136473900,open,0.01,5563.0,0.001,0.015,0.005113,102.94,0.005,0.0,ETH-27DEC19-480-C,183.97,99.28,0.004,200.0,0.006,160.0,105.5,0.06098,-0.04307,0.01032,0.00086,0.033
185.38,ETH-27DEC19,1571136473919,open,0.0,7122.0,0.001,0.013,0.003031,107.77,0.006,0.0,ETH-27DEC19-560-C,183.97,102.3,0.002,1500.0,0.004,160.0,111.85,0.04,-0.02958,0.00626,0.00054,0.01994
185.38,ETH-27DEC19,1571136473948,open,0.0,4670.0,0.001,0.011,0.001835,119.75,0.002,0.0,ETH-27DEC19-720-C,183.97,112.21,0.001,1056.0,0.003,468.0,126.88,0.02523,-0.02073,0.00363,0.00031,0.01166
185.38,ETH-27DEC19,1571136473954,open,0.0,4118.0,0.001,0.011,0.001368,119.75,0.001,0.0,ETH-27DEC19-760-C,183.97,0.0,0.0,0.0,0.002,480.0,124.84,0.01996,-0.0164,0.00279,0.00024,0.00891
185.38,ETH-27DEC19,1571136473930,open,0.0,14630.0,0.001,0.012,0.002097,112.92,0.002,0.0,ETH-27DEC19-640-C,183.97,104.02,0.001,2113.0,0.003,4122.0,117.96,0.02916,-0.02259,0.00432,0.00038,0.01378
186.61,ETH-27MAR20,1571137080720,open,0.07,1405.0,0.041,0.108,0.074076,96.51,0.07,0.0,ETH-27MAR20-120-P,183.97,93.96,0.07,352.0,0.077,287.0,98.32,0.30071,-0.08854,-0.19375,0.00199,-0.15718
186.61,ETH-27MAR20,1571137114446,open,0.22,1323.0,0.162,0.269,0.220254,93.45,0.229,0.0,ETH-27MAR20-200-C,183.97,91.45,0.215,300.0,0.226,566.0,95.66,0.48872,-0.13935,0.3016,0.00334,0.58021
186.61,ETH-27MAR20,1571137112355,open,0.09,626.0,0.045,0.132,0.088864,94.78,0.091,0.0,ETH-27MAR20-320-C,183.97,93.11,0.085,292.0,0.093,549.0,96.55,0.4331,-0.12525,0.17479,0.00292,0.29749
186.61,ETH-27MAR20,1571137111998,open,0.07,529.0,0.032,0.11,0.069564,96.21,0.075,0.0,ETH-27MAR20-360-C,183.97,94.5,0.066,292.0,0.073,554.0,97.84,0.39128,-0.11486,0.14525,0.0026,0.24293
186.61,ETH-27MAR20,1571136474140,open,0.02,4505.0,0.007,0.051,0.025069,105.7,0.024,0.0,ETH-27MAR20-600-C,183.97,103.86,0.023,499.0,0.027,340.0,107.33,0.21568,-0.06955,0.06082,0.00131,0.09766
186.61,ETH-27MAR20,1571137112368,open,0.05,956.0,0.017,0.079,0.044804,98.7,0.05,0.0,ETH-27MAR20-440-C,183.97,97.0,0.042,32.0,0.047,300.0,99.99,0.31273,-0.09417,0.10232,0.00203,0.16693
186.61,ETH-27MAR20,1571137112383,open,0.03,905.0,0.008,0.053,0.026178,102.25,0.03,0.0,ETH-27MAR20-560-C,183.97,100.41,0.024,60.0,0.028,240.0,103.74,0.22515,-0.07024,0.06486,0.00141,0.10359
186.61,ETH-27MAR20,1571136474150,open,0.02,42.0,0.006,0.045,0.020868,105.83,0.019,0.0,ETH-27MAR20-640-C,183.97,103.96,0.019,240.0,0.023,240.0,107.85,0.19158,-0.06186,0.05228,0.00116,0.08326
184.84,SYN.ETH-29NOV19,1571137109719,open,0.06,238.0,0.026,0.084,0.054503,83.87,0.054,0.0,ETH-29NOV19-220-C,183.97,80.3,0.05,239.0,0.057,459.0,85.84,0.23417,-0.21882,0.06218,0.00665,0.3281
184.84,SYN.ETH-29NOV19,1571137109637,open,0.02,11.0,0.005,0.031,0.01532,101.23,0.023,0.0,ETH-29NOV19-120-P,183.97,98.67,0.014,358.0,0.017,300.0,104.32,0.09778,-0.11028,-0.02202,0.0023,-0.08157
186.61,ETH-27MAR20,1571136474119,open,0.03,2424.0,0.01,0.061,0.031479,101.55,0.03,0.0,ETH-27MAR20-520-C,183.97,100.44,0.03,191.0,0.032,240.0,101.93,0.2528,-0.07832,0.07569,0.00159,0.12182
184.84,SYN.ETH-29NOV19,1571137114346,open,0.09,262.0,0.049,0.118,0.085006,83.86,0.104,0.0,ETH-29NOV19-200-C,183.97,80.27,0.08,420.0,0.088,420.0,86.03,0.25667,-0.23984,0.08336,0.00729,0.45182
184.84,SYN.ETH-29NOV19,1571136560875,open,0.04,644.0,0.013,0.059,0.034181,83.87,0.037,0.0,ETH-29NOV19-240-C,183.97,76.88,0.027,270.0,0.037,490.0,86.5,0.19648,-0.1836,0.04435,0.00558,0.22934
184.84,SYN.ETH-29NOV19,1571136473516,open,0.03,355.0,0.011,0.052,0.029578,91.48,0.026,0.0,ETH-29NOV19-140-P,183.97,88.31,0.027,340.0,0.032,284.0,94.37,0.15266,-0.15561,-0.04134,0.00397,-0.15232
184.84,SYN.ETH-29NOV19,1571136473635,open,0.01,13.0,0.001,0.024,0.010409,89.29,0.016,0.0,ETH-29NOV19-300-C,183.97,84.46,0.008,500.0,0.013,500.0,93.89,0.09837,-0.09787,0.01632,0.00262,0.08223
184.84,SYN.ETH-29NOV19,1571137114362,open,0.02,147.0,0.007,0.043,0.022131,85.12,0.041,0.0,ETH-29NOV19-260-C,183.97,81.35,0.019,493.0,0.025,493.0,88.41,0.15778,-0.14964,0.03136,0.00441,0.16013
184.84,SYN.ETH-29NOV19,1571137114500,open,0.1,160.0,0.064,0.14,0.102526,83.73,0.12,0.0,ETH-29NOV19-180-P,183.97,79.65,0.097,474.0,0.105,154.0,85.53,0.25139,-0.23452,-0.11563,0.00715,-0.40627
184.84,SYN.ETH-29NOV19,1571136953134,open,0.01,0.0,0.001,0.019,0.007381,91.33,None,0.0,ETH-29NOV19-320-C,183.97,87.84,0.006,200.0,0.009,500.0,94.99,0.07733,-0.07869,0.01199,0.00202,0.06013
184.84,SYN.ETH-29NOV19,1571136473625,open,0.02,116.0,0.004,0.032,0.015028,87.24,0.012,0.0,ETH-29NOV19-280-C,183.97,82.54,0.012,501.0,0.017,500.0,90.08,0.12515,-0.12166,0.02253,0.00342,0.11417
186.61,ETH-27MAR20,1571137121270,open,0.04,1150.0,0.013,0.068,0.037174,100.09,0.035,0.0,ETH-27MAR20-480-C,183.97,97.93,0.034,280.0,0.04,540.0,101.94,0.28037,-0.08562,0.08744,0.00179,0.14153
184.84,SYN.ETH-29NOV19,1571137114355,open,0.17,0.0,0.121,0.211,0.167033,83.91,None,0.0,ETH-29NOV19-200-P,183.97,71.56,0.15,112.0,0.17,112.0,86.01,0.25668,-0.23996,-0.16252,0.00728,-0.5481
184.84,SYN.ETH-29NOV19,1571136473497,open,0.01,1120.0,0.001,0.018,0.007608,113.37,0.009,0.0,ETH-29NOV19-100-P,183.97,107.77,0.006,360.0,0.009,320.0,117.72,0.05649,-0.07136,-0.01095,0.00119,-0.04057
8468.33,BTC-27MAR20,1571137141411,open,0.02,143.5,0.007,0.0515,0.02443556,91.42,0.031,0.0,BTC-27MAR20-22000-C,8313.97,90.65,0.0235,6.0,0.025,0.2,91.88,10.33487,-2.88274,3.07223,4e-05,0.10524
8468.33,BTC-27MAR20,1571137141411,open,1.86,0.0,1.785,1.933,1.85444303,93.5,None,0.0,BTC-27MAR20-24000-P,8313.97,0.0,0.0015,1.0,0.0,0.0,0.0,9.10737,-2.59821,-105.15924,3e-05,-0.9114
8378.77,BTC-27DEC19,1571137141411,open,0.02,680.6,0.0045,0.036,0.01665373,81.45,0.017,0.0,BTC-27DEC19-14000-C,8313.97,80.66,0.016,1.0,0.017,24.0,81.86,7.0216,-3.92366,1.55494,6e-05,0.1096
8378.77,BTC-27DEC19,1571137141411,open,0.0,342.0,0.0005,0.0105,0.00010478,115.0,0.0005,0.0,BTC-27DEC19-48000-C,8313.97,0.0,0.0,0.0,0.001,20.0,138.37,0.10798,-0.0852,0.01238,0.0,0.00084
8378.77,BTC-27DEC19,1571137141411,open,0.58,4.0,0.575,0.599,0.58598339,105.36,0.666,0.0,BTC-27DEC19-3500-C,8313.97,0.0,0.021,0.1,0.0,0.0,0.0,1.68307,-1.21669,6.61947,1e-05,0.98167
8468.33,BTC-27MAR20,1571137141412,open,3.03,0.0,2.939,3.1245,3.0263075,103.83,None,0.0,BTC-27MAR20-34000-P,8313.97,0.0,0.0005,1.0,0.0,0.0,0.0,5.80157,-1.8379,-151.20235,2e-05,-0.95054
8378.77,BTC-27DEC19,1571137141411,open,0.76,0.0,0.7515,0.771,0.76149441,114.97,None,0.0,BTC-27DEC19-2000-C,8313.97,0.0,0.019,0.2,0.0,0.0,0.0,0.14461,-0.11406,3.97053,0.0,0.99884
8378.77,BTC-27DEC19,1571137141412,open,0.47,4.1,0.455,0.4905,0.47203117,93.55,0.578,0.0,BTC-27DEC19-4500-C,8313.97,0.0,0.0125,1.1,0.0,0.0,0.0,3.54488,-2.27538,8.0806,3e-05,0.95506
8378.77,BTC-27DEC19,1571137141412,open,1.16,9.4,1.1075,1.208,1.15485168,90.41,1.1125,0.0,BTC-27DEC19-18000-P,8313.97,0.0,0.0,0.0,0.0,0.0,0.0,3.57658,-2.21863,-35.28837,3e-05,-0.95456
8378.77,BTC-27DEC19,1571137141412,open,0.05,728.3,0.021,0.0755,0.04650464,76.17,0.05,0.0,BTC-27DEC19-11000-C,8313.97,74.79,0.0445,20.0,0.048,20.5,77.19,12.2512,-6.40275,3.64687,0.00011,0.2645
8378.77,BTC-27DEC19,1571137141412,open,0.81,210.2,0.759,0.851,0.80260891,83.23,0.905,0.0,BTC-27DEC19-15000-P,8313.97,0.0,0.77,4.0,0.8395,4.0,119.87,5.76407,-3.29148,-28.75395,5e-05,-0.9162
8378.77,BTC-27DEC19,1571137141412,open,0.42,66.8,0.3965,0.4375,0.41639609,87.77,0.4155,0.0,BTC-27DEC19-5000-C,8313.97,0.0,0.4005,13.0,0.433,13.0,112.04,4.75864,-2.86555,8.67231,4e-05,0.9348
8378.77,BTC-27DEC19,1571137141412,open,0.92,22.0,0.875,0.969,0.91934952,85.64,1.0275,0.0,BTC-27DEC19-16000-P,8313.97,0.0,0.42,0.2,0.0,0.0,0.0,4.85496,-2.85258,-30.98942,4e-05,-0.93309
8378.77,BTC-27DEC19,1571137141412,open,0.03,1066.0,0.012,0.0505,0.02901436,80.8,0.0285,0.0,BTC-27DEC19-6000-P,8313.97,79.75,0.028,21.0,0.03,24.0,81.82,8.10735,-4.49456,-2.73515,7e-05,-0.13448
8378.77,BTC-27DEC19,1571137141412,open,0.0,96.3,0.0005,0.0105,0.0001935,115.0,0.001,0.0,BTC-27DEC19-2000-P,8313.97,127.06,0.0005,11.0,0.001,0.5,138.16,0.14493,-0.11435,-0.02271,0.0,-0.00116
8378.77,BTC-27DEC19,1571137141412,open,0.03,776.0,0.012,0.057,0.03192779,77.57,0.033,0.0,BTC-27DEC19-12000-C,8313.97,76.4,0.0305,29.0,0.033,19.3,78.44,10.29235,-5.4779,2.71251,9e-05,0.19407
8378.77,BTC-27DEC19,1571137141412,open,0.0,1542.5,0.0005,0.0105,5.889e-05,115.0,0.0005,0.0,BTC-27DEC19-52000-C,8313.97,0.0,0.0,0.0,0.001,29.0,143.6,0.06541,-0.05161,0.00723,0.0,0.00049
8378.77,BTC-27DEC19,1571137141412,open,3.78,0.0,3.6805,3.8735,3.77434091,115.31,2.58,0.0,BTC-27DEC19-40000-P,8313.97,0.0,0.001,1.0,0.0,0.0,0.0,0.31652,-0.2504,-79.824,0.0,-0.99725
8378.77,BTC-27DEC19,1571137141412,open,0.0,555.7,0.0005,0.0105,0.00035912,115.0,0.001,0.0,BTC-27DEC19-40000-C,8313.97,0.0,0.0,0.0,0.001,20.0,126.26,0.30892,-0.24374,0.03875,0.0,0.00268
8468.33,BTC-27MAR20,1571137141412,open,2.56,0.0,2.477,2.647,2.55664502,100.31,None,0.0,BTC-27MAR20-30000-P,8313.97,0.0,0.0005,1.0,0.0,0.0,0.0,6.8547,-2.09798,-132.90347,2e-05,-0.93892
8468.33,BTC-27MAR20,1571137141412,open,1.4,0.7,1.3275,1.4645,1.39231316,89.61,1.433,0.0,BTC-27MAR20-20000-P,8313.97,0.0,1.345,1.0,1.4425,1.0,117.74,11.94011,-3.26449,-86.05229,4e-05,-0.87099
8468.33,BTC-27MAR20,1571137141412,open,0.01,578.7,0.0005,0.0255,0.00877126,108.48,0.009,0.0,BTC-27MAR20-40000-C,8313.97,107.05,0.008,5.0,0.0095,15.0,109.76,4.70502,-1.55724,1.11708,1e-05,0.03815
8378.77,BTC-27DEC19,1571137141412,open,2.35,0.1,2.2765,2.4155,2.34326809,106.21,1.49,0.0,BTC-27DEC19-28000-P,8313.97,0.0,0.0,0.0,0.0,0.0,0.0,1.04851,-0.76406,-55.75248,1e-05,-0.98942
8468.33,BTC-27MAR20,1571137141412,open,0.03,354.2,0.01,0.0605,0.03056951,89.61,0.035,0.0,BTC-27MAR20-20000-C,8313.97,89.2,0.03,1.0,0.031,0.2,89.91,11.93956,-3.26427,3.7424,4e-05,0.129
8468.33,BTC-27MAR20,1571137141412,open,0.52,44.5,0.4555,0.579,0.51729279,81.24,0.585,0.0,BTC-27MAR20-12000-P,8313.97,61.87,0.4715,3.0,0.5445,3.0,91.93,21.15367,-5.24341,-44.1388,8e-05,-0.64362
8378.76,BTC-27DEC19,1571137141412,open,1.4,4.6,1.341,1.448,1.39154376,94.29,1.466,0.0,BTC-27DEC19-20000-P,8313.97,0.0,0.0,0.0,0.0,0.0,0.0,2.67685,-1.7318,-39.47526,2e-05,-0.96815
8378.76,BTC-27DEC19,1571137141412,open,0.22,52.9,0.1895,0.256,0.2240307,76.92,0.276,0.0,BTC-27DEC19-7000-C,8313.97,55.13,0.195,12.0,0.2465,12.0,92.65,11.73182,-6.19156,8.9069,0.00011,0.75645
8378.76,BTC-27DEC19,1571137141412,open,0.0,291.4,0.0005,0.0105,0.000854,115.0,0.0015,0.0,BTC-27DEC19-2500-P,8313.97,117.34,0.001,0.2,0.002,20.0,129.19,0.49479,-0.3904,-0.08991,0.0,-0.00452
8378.76,BTC-27DEC19,1571137141412,open,0.01,661.7,0.0025,0.029,0.01236574,83.22,0.013,0.0,BTC-27DEC19-15000-C,8313.97,81.94,0.0115,52.0,0.013,24.0,84.13,5.76302,-3.29064,1.1947,5e-05,0.08378
8378.76,BTC-27DEC19,1571137141412,open,0.69,268.3,0.6445,0.7355,0.68754736,81.45,0.7205,0.0,BTC-27DEC19-14000-P,8313.97,0.0,0.6545,4.0,0.7245,4.0,114.49,7.02199,-3.92399,-26.39727,6e-05,-0.89039
8378.76,BTC-27DEC19,1571137141412,open,0.08,237.3,0.049,0.115,0.08171522,75.83,0.082,0.0,BTC-27DEC19-7500-P,8313.97,75.06,0.0805,16.6,0.0835,19.3,76.96,13.20454,-6.86971,-6.54965,0.00012,-0.3098
8468.33,BTC-27MAR20,1571137141412,open,0.02,101.8,0.004,0.0405,0.01735508,95.54,0.0205,0.0,BTC-27MAR20-26000-C,8313.97,94.64,0.0165,6.0,0.018,0.2,96.21,8.11751,-2.3663,2.2315,3e-05,0.07605
8378.76,BTC-27DEC19,1571137141412,open,0.1,327.1,0.0675,0.139,0.10439617,75.2,0.1085,0.0,BTC-27DEC19-9000-C,8313.97,73.3,0.101,31.5,0.1055,14.4,75.82,14.92101,-7.69881,6.31894,0.00014,0.48212
8468.33,BTC-27MAR20,1571137141412,open,0.01,112.7,0.003,0.035,0.0140256,100.3,0.0135,0.0,BTC-27MAR20-30000-C,8313.97,98.35,0.0125,6.0,0.0155,5.0,102.07,6.85229,-2.09702,1.78815,2e-05,0.06106
8468.33,BTC-27MAR20,1571137141412,open,0.04,219.1,0.014,0.071,0.03859902,87.31,0.043,0.0,BTC-27MAR20-18000-C,8313.97,86.63,0.0375,4.9,0.0395,0.2,87.86,13.77896,-3.67047,4.59746,5e-05,0.15952
8378.76,BTC-27DEC19,1571137141412,open,0.0,659.7,0.0005,0.0105,0.00069559,115.0,0.001,0.0,BTC-27DEC19-36000-C,8313.97,111.55,0.0005,16.0,0.0015,49.0,124.23,0.53546,-0.42248,0.07099,0.0,0.00494
8378.76,BTC-27DEC19,1571137141412,open,0.58,99.0,0.531,0.621,0.57420236,79.39,0.638,0.0,BTC-27DEC19-13000-P,8313.97,0.0,0.5405,5.0,0.612,5.0,109.58,8.50788,-4.63397,-23.91978,8e-05,-0.85564
8353.88,SYN.BTC-29NOV19,1571137141411,open,0.15,34.9,0.124,0.1855,0.15614705,73.01,0.1545,0.0,BTC-29NOV19-7500-C,8313.97,70.39,0.153,12.9,0.158,4.9,74.55,10.05004,-8.17566,5.67371,0.00016,0.70856
8468.33,BTC-27MAR20,1571137141412,open,0.01,70.6,0.0005,0.0285,0.01028292,105.36,0.0095,0.0,BTC-27MAR20-36000-C,8313.97,104.1,0.0095,2.0,0.011,15.0,106.47,5.36493,-1.72467,1.31463,2e-05,0.04486
8378.76,BTC-27DEC19,1571137141412,open,0.0,444.0,0.0005,0.0135,0.0037068,105.37,0.0055,0.0,BTC-27DEC19-3500-P,8313.97,101.63,0.003,20.0,0.0045,24.0,109.09,1.68334,-1.21694,-0.36868,1e-05,-0.01833
8378.76,BTC-27DEC19,1571137141413,open,0.15,443.5,0.116,0.189,0.15423838,75.2,0.1535,0.0,BTC-27DEC19-8000-C,8313.97,73.59,0.1515,13.0,0.156,14.4,76.24,14.25427,-7.35478,7.79297,0.00014,0.62007
8468.33,BTC-27MAR20,1571137141413,open,3.27,0.0,3.17,3.3635,3.26142128,105.37,None,0.0,BTC-27MAR20-36000-P,8313.97,0.0,0.0005,1.0,0.0,0.0,0.0,5.36658,-1.72533,-160.31573,2e-05,-0.95512
8468.32,BTC-27MAR20,1571137141413,open,0.02,758.8,0.0075,0.0365,0.01976172,88.96,0.0195,0.0,BTC-27MAR20-4000-P,8313.97,88.0,0.019,15.0,0.0205,6.0,89.88,6.7434,-1.83039,-3.02572,2e-05,-0.05982
8378.76,BTC-27DEC19,1571137141413,open,0.07,558.8,0.038,0.102,0.06963114,75.48,0.075,0.0,BTC-27DEC19-10000-C,8313.97,74.51,0.068,17.2,0.071,19.5,76.3,14.01997,-7.26091,4.8743,0.00013,0.361
8468.32,BTC-27MAR20,1571137141413,open,0.02,153.7,0.0055,0.045,0.02035079,93.5,0.0265,0.0,BTC-27MAR20-24000-C,8313.97,92.7,0.0195,6.0,0.021,0.2,94.1,9.10655,-2.59789,2.59436,3e-05,0.08859
8378.76,BTC-27DEC19,1571137141413,open,0.01,741.0,0.0005,0.0185,0.00655987,90.4,0.006,0.0,BTC-27DEC19-18000-C,8313.97,89.05,0.006,33.0,0.007,24.0,91.41,3.57489,-2.21729,0.64997,3e-05,0.04541
8468.32,BTC-27MAR20,1571137141413,open,0.07,285.1,0.0335,0.1095,0.06955795,82.97,0.0815,0.0,BTC-27MAR20-14000-C,8313.97,82.49,0.0685,4.9,0.0705,0.2,83.4,18.60517,-4.70976,7.45171,7e-05,0.26555
8378.76,BTC-27DEC19,1571137141413,open,0.36,73.3,0.3395,0.387,0.36316116,83.76,0.491,0.0,BTC-27DEC19-5500-C,8313.97,0.0,0.3435,12.0,0.3825,12.0,106.26,6.31722,-3.63038,9.06805,5e-05,0.90522
8468.32,BTC-27MAR20,1571137141413,open,1.63,6.0,1.5555,1.6975,1.62235345,91.42,1.54,0.0,BTC-27MAR20-22000-P,8313.97,0.0,1.574,1.0,1.6745,1.0,122.96,10.33487,-2.88274,-95.70216,4e-05,-0.89476
8322.76,SYN.BTC-25OCT19,1571137141411,open,0.0,50.2,0.0005,0.011,0.00100787,91.63,0.001,0.0,BTC-25OCT19-11500-C,8313.97,83.44,0.0005,26.5,0.0015,35.0,97.21,0.64099,-2.97367,0.04102,4e-05,0.01923
8322.76,SYN.BTC-25OCT19,1571137141412,open,0.0,143.9,0.0005,0.0125,0.00291369,92.32,0.003,0.0,BTC-25OCT19-6500-P,8313.97,89.51,0.0025,56.0,0.0035,25.0,95.94,1.2793,-5.9794,-0.10612,7e-05,-0.04421
8378.76,BTC-27DEC19,1571137141413,open,0.01,620.4,0.0005,0.0155,0.0058737,98.97,0.006,0.0,BTC-27DEC19-4000-P,8313.97,95.9,0.005,30.0,0.0065,24.0,101.02,2.48918,-1.6903,-0.58634,2e-05,-0.02918
8378.76,BTC-27DEC19,1571137141413,open,0.01,890.0,0.0035,0.027,0.01314382,87.77,0.0125,0.0,BTC-27DEC19-5000-P,8313.97,86.62,0.0125,45.0,0.014,24.0,89.26,4.75888,-2.86577,-1.31076,4e-05,-0.06521
8468.32,BTC-27MAR20,1571137141413,open,0.36,10.8,0.3265,0.4005,0.36480892,82.13,0.381,0.0,BTC-27MAR20-6000-C,8313.97,80.26,0.3615,7.0,0.3845,16.0,92.99,15.08055,-3.77882,17.16549,6e-05,0.81629
8378.76,BTC-27DEC19,1571137141414,open,2.59,0.2,2.5105,2.658,2.58151909,106.97,2.03,0.0,BTC-27DEC19-30000-P,8313.97,0.0,0.0,0.0,0.0,0.0,0.0,0.78072,-0.57299,-59.78872,1e-05,-0.99244
8378.76,BTC-27DEC19,1571137141414,open,0.31,102.3,0.2855,0.34,0.31291709,80.8,0.3225,0.0,BTC-27DEC19-6000-C,8313.97,70.47,0.3035,12.0,0.3365,12.0,103.11,8.10728,-4.49446,9.24446,7e-05,0.86552
8468.32,BTC-27MAR20,1571137141414,open,0.72,58.9,0.6605,0.7875,0.72278014,82.97,0.7315,0.0,BTC-27MAR20-14000-P,8313.97,58.69,0.677,2.0,0.7525,2.0,95.85,18.6053,-4.70984,-55.40465,7e-05,-0.73445
8322.76,SYN.BTC-25OCT19,1571137141413,open,0.27,0.0,0.2375,0.2935,0.26380439,79.41,None,0.0,BTC-25OCT19-10500-P,8313.97,0.0,0.244,5.0,0.2865,5.0,148.41,1.25762,-5.05616,-2.74844,8e-05,-0.95671
8378.76,BTC-27DEC19,1571137141414,open,0.0,246.6,0.0005,0.0105,2.24e-05,115.0,0.0005,0.0,BTC-27DEC19-1500-P,8313.97,152.15,0.0005,2.5,0.001,29.9,165.43,0.02253,-0.01778,-0.00299,0.0,-0.00016
8378.76,BTC-27DEC19,1571137141414,open,0.0,336.6,0.0005,0.011,0.00101369,111.21,0.0015,0.0,BTC-27DEC19-32000-C,8313.97,103.84,0.0005,90.5,0.0015,20.0,115.91,0.74583,-0.56906,0.10311,0.0,0.00718
8378.76,BTC-27DEC19,1571137141414,open,0.0,812.9,0.0005,0.011,0.00103274,106.92,0.001,0.0,BTC-27DEC19-30000-C,8313.97,99.57,0.0005,108.0,0.0015,24.9,111.29,0.77836,-0.57101,0.10875,1e-05,0.00753
8378.76,BTC-27DEC19,1571137141414,open,3.31,1.3,3.2125,3.3875,3.29727921,115.08,2.2,0.0,BTC-27DEC19-36000-P,8313.97,0.0,0.0,0.0,0.0,0.0,0.0,0.53843,-0.42513,-71.80598,0.0,-0.99503
8353.88,SYN.BTC-29NOV19,1571137141413,open,0.01,223.8,0.0005,0.016,0.00622937,93.19,0.0075,0.0,BTC-29NOV19-5000-P,8313.97,90.76,0.0055,33.0,0.0075,42.0,97.08,2.59747,-2.6969,-0.48956,3e-05,-0.04144
8468.32,BTC-27MAR20,1571137141414,open,0.01,54.8,0.0025,0.0325,0.01249067,102.03,0.0115,0.0,BTC-27MAR20-32000-C,8313.97,99.93,0.011,16.0,0.0135,20.0,103.36,6.26592,-1.95054,1.59688,2e-05,0.05449
8378.76,BTC-27DEC19,1571137141414,open,0.64,0.0,0.6345,0.6545,0.64416196,112.45,None,0.0,BTC-27DEC19-3000-C,8313.97,0.0,0.01,4.2,0.0,0.0,0.0,1.07182,-0.82691,5.77121,1e-05,0.98914
8378.76,BTC-27DEC19,1571137141414,open,0.0,411.0,0.0005,0.013,0.00329442,97.74,0.004,0.0,BTC-27DEC19-22000-C,8313.97,94.2,0.0025,34.0,0.004,24.0,100.44,2.05416,-1.37755,0.33282,1e-05,0.02319
8378.76,BTC-27DEC19,1571137141414,open,0.01,541.9,0.0005,0.0205,0.00910412,93.56,0.009,0.0,BTC-27DEC19-4500-P,8313.97,92.11,0.0085,5.0,0.0095,24.0,94.48,3.54513,-2.27561,-0.90416,3e-05,-0.04494
8353.88,SYN.BTC-29NOV19,1571137141411,open,0.04,427.4,0.016,0.0595,0.03610931,75.25,0.0355,0.0,BTC-29NOV19-7000-P,8313.97,74.15,0.035,19.3,0.0375,12.0,76.61,8.47145,-7.10225,-2.54061,0.00013,-0.21125
8468.32,BTC-27MAR20,1571137141415,open,2.09,0.0,2.015,2.1695,2.0876253,95.55,None,0.0,BTC-27MAR20-26000-P,8313.97,0.0,0.0015,1.0,0.0,0.0,0.0,8.11844,-2.36666,-114.50157,3e-05,-0.92394
8378.76,BTC-27DEC19,1571137141415,open,0.01,393.2,0.0005,0.0245,0.0097568,85.63,0.01,0.0,BTC-27DEC19-16000-C,8313.97,84.29,0.009,57.0,0.01,24.0,86.05,4.85369,-2.85158,0.95579,4e-05,0.06689
8353.88,SYN.BTC-29NOV19,1571137141412,open,0.3,0.0,0.274,0.32,0.2968619,82.16,None,0.0,BTC-29NOV19-6000-C,8313.97,0.0,0.055,0.1,0.0,0.0,0.0,5.06593,-4.63727,6.2151,7e-05,0.90198
8468.32,BTC-27MAR20,1571137141415,open,2.33,0.0,2.246,2.4085,2.32218318,98.27,None,0.0,BTC-27MAR20-28000-P,8313.97,0.0,0.0005,1.0,0.0,0.0,0.0,7.49371,-2.24681,-123.70648,2e-05,-0.93149
8316.54,SYN.BTC-18OCT19,1571137141412,open,0.0,314.6,0.0005,0.0105,0.00075305,77.67,0.001,0.0,BTC-18OCT19-9500-C,8313.97,72.8,0.0005,3.1,0.001,0.6,81.51,0.4886,-6.26274,0.01852,0.00012,0.02902
8322.76,SYN.BTC-25OCT19,1571137141412,open,0.06,586.4,0.0385,0.0885,0.06435555,65.55,0.0645,0.0,BTC-25OCT19-8000-C,8313.97,60.78,0.0615,15.0,0.065,23.0,66.63,4.99895,-16.59146,1.34811,0.00041,0.66302
8316.54,SYN.BTC-18OCT19,1571137141412,open,0.1,23.2,0.08,0.1215,0.10056044,81.62,0.1035,0.0,BTC-18OCT19-7500-C,8313.97,55.85,0.0985,1.0,0.1015,6.0,88.74,1.01042,-14.3392,0.54231,0.00023,0.92822
8468.32,BTC-27MAR20,1571137141415,open,0.02,37.6,0.0035,0.038,0.01573833,98.26,0.021,0.0,BTC-27MAR20-28000-C,8313.97,96.23,0.014,20.0,0.017,5.0,99.66,7.49264,-2.24639,2.00605,2e-05,0.0685
8378.76,BTC-27DEC19,1571137141415,open,0.0,799.0,0.0005,0.0145,0.00455286,94.29,0.004,0.0,BTC-27DEC19-20000-C,8313.97,92.48,0.004,6.8,0.005,24.0,95.64,2.67579,-1.73095,0.45642,2e-05,0.03184
8316.54,SYN.BTC-18OCT19,1571137141412,open,0.0,460.9,0.0005,0.012,0.00229982,64.61,0.0015,0.0,BTC-18OCT19-9000-C,8313.97,58.43,0.0015,52.8,0.003,48.6,69.22,1.18648,-13.32943,0.05665,0.00034,0.08876
8378.76,BTC-27DEC19,1571137141416,open,2.11,0.0,2.0425,2.1735,2.10510306,104.44,None,0.0,BTC-27DEC19-26000-P,8313.97,0.0,0.0,0.0,0.0,0.0,0.0,1.34838,-0.96623,-51.70851,1e-05,-0.98585
8316.54,SYN.BTC-18OCT19,1571137141412,open,0.33,0.0,0.297,0.351,0.32277535,115.03,None,0.0,BTC-18OCT19-11000-P,8313.97,0.0,0.0005,0.1,0.0,0.0,0.0,0.07946,-1.58923,-0.86436,1e-05,-0.99641
8322.76,SYN.BTC-25OCT19,1571137141411,open,0.39,0.0,0.355,0.414,0.3827615,91.64,None,0.0,BTC-25OCT19-11500-P,8313.97,0.0,0.0015,0.1,0.0,0.0,0.0,0.64118,-2.97473,-3.07048,4e-05,-0.98077
8316.54,SYN.BTC-18OCT19,1571137141412,open,0.0,356.4,0.0005,0.0125,0.00237832,81.62,0.002,0.0,BTC-18OCT19-7500-P,8313.97,78.37,0.002,0.9,0.003,31.5,86.45,1.01046,-14.33993,-0.04859,0.00023,-0.07178
8316.54,SYN.BTC-18OCT19,1571137141413,open,0.0,8.9,0.0005,0.0105,4.7e-07,115.0,0.0005,0.0,BTC-18OCT19-5500-P,8313.97,0.0,0.0,0.0,0.001,21.0,220.82,0.00065,-0.00393,-1e-05,0.0,-2e-05
8316.54,SYN.BTC-18OCT19,1571137141414,open,0.0,29.5,0.0005,0.0105,0.00024486,106.96,0.0005,0.0,BTC-18OCT19-10500-C,8313.97,0.0,0.0,0.0,0.0005,0.1,116.97,0.1621,-2.03642,0.00509,3e-05,0.00802
8322.76,SYN.BTC-25OCT19,1571137141412,open,0.0,633.7,0.0005,0.0115,0.00151544,86.27,0.002,0.0,BTC-25OCT19-11000-C,8313.97,80.91,0.001,0.9,0.002,30.0,90.33,0.90759,-3.96394,0.06206,6e-05,0.02907
8316.54,SYN.BTC-18OCT19,1571137141414,open,0.0,145.4,0.0005,0.0105,0.0004969,95.75,0.0005,0.0,BTC-18OCT19-10000-C,8313.97,0.0,0.0,0.0,0.001,30.0,106.43,0.30701,-4.13248,0.01064,6e-05,0.01673
8353.88,SYN.BTC-29NOV19,1571137141414,open,0.24,0.0,0.197,0.2725,0.23453381,71.16,0.245,0.0,BTC-29NOV19-10000-P,8313.97,36.29,0.202,5.0,0.2705,5.0,99.75,9.78394,-7.75768,-9.84932,0.00016,-0.72442
8322.76,SYN.BTC-25OCT19,1571137141412,open,0.01,861.6,0.003,0.0325,0.01485329,64.64,0.0145,0.0,BTC-25OCT19-9000-C,8313.97,63.96,0.0145,17.4,0.015,5.0,64.93,4.32667,-14.16085,0.52377,0.00036,0.24745
8322.76,SYN.BTC-25OCT19,1571137141412,open,0.22,0.0,0.2035,0.2415,0.2219225,92.32,None,0.0,BTC-25OCT19-6500-C,8313.97,0.0,0.2065,9.0,0.235,9.0,144.07,1.27923,-5.97898,1.65257,7e-05,0.95579
8378.76,BTC-27DEC19,1571137141416,open,0.04,416.7,0.02,0.0675,0.04206529,78.54,0.042,0.0,BTC-27DEC19-6500-P,8313.97,77.22,0.0405,38.3,0.043,19.3,79.32,9.9715,-5.37334,-3.78758,9e-05,-0.18434
8353.88,SYN.BTC-29NOV19,1571137141414,open,0.8,0.0,0.7615,0.8435,0.80030216,88.53,None,0.0,BTC-29NOV19-15000-P,8313.97,0.0,0.0,0.0,0.0,0.0,0.0,2.6149,-2.57929,-18.06152,3e-05,-0.95822
8378.76,BTC-27DEC19,1571137141417,open,2.83,0.3,2.7445,2.9015,2.82019913,111.26,1.875,0.0,BTC-27DEC19-32000-P,8313.97,0.0,0.0,0.0,0.0,0.0,0.0,0.7483,-0.57121,-63.78754,0.0,-0.9928
8378.76,BTC-27DEC19,1571137141417,open,0.47,73.1,0.42,0.5105,0.46412233,77.57,0.446,0.0,BTC-27DEC19-12000-P,8313.97,0.0,0.429,5.0,0.5035,5.0,105.49,10.29253,-5.4781,-21.24656,9e-05,-0.80592
8378.76,BTC-27DEC19,1571137141417,open,4.74,0.0,4.6165,4.8465,4.72888294,115.52,None,0.0,BTC-27DEC19-48000-P,8313.97,0.0,0.001,0.1,0.0,0.0,0.0,0.11366,-0.09008,-95.82345,0.0,-0.99911
8353.88,SYN.BTC-29NOV19,1571137141412,open,0.07,203.0,0.039,0.097,0.06812226,70.53,0.066,0.0,BTC-29NOV19-9000-C,8313.97,68.63,0.0655,24.4,0.069,0.2,71.17,11.50296,-9.03964,3.71192,0.00019,0.42953
8316.54,SYN.BTC-18OCT19,1571137141412,open,0.09,19.7,0.0615,0.109,0.08448128,64.62,0.0865,0.0,BTC-18OCT19-9000-P,8313.97,51.58,0.083,7.0,0.0865,1.0,76.76,1.18653,-13.33028,-0.65242,0.00034,-0.91123
8353.88,SYN.BTC-29NOV19,1571137141412,open,0.41,0.0,0.3915,0.4255,0.40770309,93.18,None,0.0,BTC-29NOV19-5000-C,8313.97,0.0,0.0005,0.1,0.0,0.0,0.0,2.59708,-2.69634,5.65789,3e-05,0.95857
8322.76,SYN.BTC-25OCT19,1571137141412,open,0.06,135.5,0.0285,0.0805,0.05291503,62.45,0.0555,0.0,BTC-25OCT19-8500-P,8313.97,61.81,0.0525,18.0,0.054,0.2,64.12,5.39735,-17.06577,-1.38269,0.00046,-0.5611
8322.76,SYN.BTC-25OCT19,1571137141412,open,0.93,0.0,0.885,0.962,0.92245807,115.27,None,0.0,BTC-25OCT19-16000-P,8313.97,0.0,0.001,0.1,0.0,0.0,0.0,0.01981,-0.11559,-4.32821,0.0,-0.9996
8322.76,SYN.BTC-25OCT19,1571137141413,open,0.0,868.9,0.0005,0.011,0.00120875,99.9,0.001,0.0,BTC-25OCT19-6000-P,8313.97,97.0,0.001,49.9,0.0015,1.0,103.45,0.63621,-3.21772,-0.04564,3e-05,-0.01906
8316.54,SYN.BTC-18OCT19,1571137141412,open,0.0,51.8,0.0005,0.0105,0.00010913,115.0,0.0005,0.0,BTC-18OCT19-11000-C,8313.97,0.0,0.0,0.0,0.001,21.0,150.27,0.07933,-0.90758,0.00228,1e-05,0.00359
8322.76,SYN.BTC-25OCT19,1571137141413,open,0.0,208.3,0.0005,0.012,0.00220286,79.4,0.002,0.0,BTC-25OCT19-10500-C,8313.97,74.22,0.0015,6.2,0.0025,30.0,81.3,1.25735,-5.05474,0.09249,8e-05,0.04327
8353.88,SYN.BTC-29NOV19,1571137141414,open,0.34,0.0,0.3015,0.3775,0.33847582,73.74,None,0.0,BTC-29NOV19-11000-P,8313.97,0.0,0.0005,1.0,0.0,0.0,0.0,7.54802,-6.20139,-11.9509,0.00012,-0.8251
8322.76,SYN.BTC-25OCT19,1571137141414,open,0.0,923.9,0.0005,0.0105,5.08e-06,115.0,0.001,0.0,BTC-25OCT19-17000-C,8313.97,0.0,0.0,0.0,0.001,0.9,177.97,0.00624,-0.0363,0.00025,0.0,0.00012
8316.54,SYN.BTC-18OCT19,1571137141412,open,0.16,15.0,0.1415,0.178,0.15908077,99.39,0.145,0.0,BTC-18OCT19-7000-C,8313.97,0.0,0.145,6.0,0.173,6.0,201.93,0.40053,-6.92173,0.536,7e-05,0.97712
8353.88,SYN.BTC-29NOV19,1571137141411,open,0.11,22.2,0.074,0.142,0.10826349,70.53,0.1095,0.0,BTC-29NOV19-8500-P,8313.97,69.27,0.1065,14.4,0.1115,7.0,72.85,11.66903,-9.17039,-6.02809,0.00019,-0.47865
8322.76,SYN.BTC-25OCT19,1571137141413,open,0.69,2.0,0.6495,0.718,0.68235514,115.03,0.372,0.0,BTC-25OCT19-14000-P,8313.97,0.0,0.002,0.1,1.5,0.5,500.0,0.16135,-0.93968,-3.77948,1e-05,-0.99602
8322.76,SYN.BTC-25OCT19,1571137141414,open,0.28,16.3,0.2645,0.297,0.28029358,99.89,0.27,0.0,BTC-25OCT19-6000-C,8313.97,0.0,0.2675,9.0,0.293,9.0,169.47,0.63605,-3.21675,1.57778,3e-05,0.98095
8322.76,SYN.BTC-25OCT19,1571137141411,open,0.0,499.5,0.0005,0.0105,6.425e-05,115.0,0.0005,0.0,BTC-25OCT19-15000-C,8313.97,0.0,0.0,0.0,0.001,27.0,151.35,0.05722,-0.33318,0.00271,0.0,0.00127
8316.54,SYN.BTC-18OCT19,1571137141413,open,0.21,0.0,0.179,0.2295,0.20292074,95.76,None,0.0,BTC-18OCT19-10000-P,8313.97,0.0,0.0005,0.1,0.0,0.0,0.0,0.3071,-5.11293,-0.77722,6e-05,-0.98326
8353.88,SYN.BTC-29NOV19,1571137141413,open,0.69,0.0,0.6445,0.724,0.6822264,84.74,None,0.0,BTC-29NOV19-14000-P,8313.97,0.0,0.0,0.0,0.0,0.0,0.0,3.30516,-3.12043,-16.70273,5e-05,-0.944
8322.76,SYN.BTC-25OCT19,1571137141414,open,0.33,27.9,0.296,0.3535,0.32319282,86.27,0.35,0.0,BTC-25OCT19-11000-P,8313.97,0.0,0.304,5.0,0.346,5.0,164.57,0.90775,-3.96481,-2.91416,6e-05,-0.97092
8316.54,SYN.BTC-18OCT19,1571137141413,open,0.15,6.9,0.12,0.1685,0.14305569,77.67,0.1305,0.0,BTC-18OCT19-9500-P,8313.97,0.0,0.126,4.0,0.1625,4.0,183.23,0.48869,-6.59971,-0.72994,0.00012,-0.97098
8353.88,SYN.BTC-29NOV19,1571137141412,open,0.01,128.6,0.0005,0.0175,0.00635288,84.72,0.006,0.0,BTC-29NOV19-14000-C,8313.97,82.48,0.0055,24.0,0.0075,42.0,87.49,3.30372,-3.11862,0.5096,5e-05,0.05597
8353.88,SYN.BTC-29NOV19,1571137141412,open,0.04,158.2,0.016,0.062,0.03748301,71.16,0.0365,0.0,BTC-29NOV19-10000-C,8313.97,69.89,0.036,32.3,0.0385,0.2,72.03,9.78384,-7.75744,2.44535,0.00016,0.27557
8316.54,SYN.BTC-18OCT19,1571137141413,open,0.34,0.0,0.3255,0.3515,0.33866736,113.21,None,0.0,BTC-18OCT19-5500-C,8313.97,0.0,0.329,7.0,0.349,7.0,347.07,0.0005,-0.00991,0.43331,0.0,0.99998
8322.76,SYN.BTC-25OCT19,1571137141417,open,0.03,427.6,0.0125,0.0555,0.03161875,62.45,0.03,0.0,BTC-25OCT19-8500-C,8313.97,59.95,0.03,23.0,0.032,0.4,63.04,5.39735,-17.06557,0.91713,0.00046,0.4389
8316.54,SYN.BTC-18OCT19,1571137141415,open,0.01,494.9,0.0005,0.0235,0.00784376,62.74,0.007,0.0,BTC-18OCT19-8000-P,8313.97,59.6,0.007,0.1,0.009,30.0,66.92,2.26486,-24.70547,-0.15868,0.00066,-0.23432
8316.54,SYN.BTC-18OCT19,1571137141413,open,0.27,0.0,0.238,0.29,0.26278989,106.97,None,0.0,BTC-18OCT19-10500-P,8313.97,0.0,0.0005,0.1,0.0,0.0,0.0,0.16221,-3.01699,-0.82216,3e-05,-0.99198
8322.76,SYN.BTC-25OCT19,1571137141411,open,0.0,514.1,0.0005,0.0105,0.00022029,115.0,0.0005,0.0,BTC-25OCT19-14000-C,8313.97,0.0,0.0,0.0,0.001,10.0,136.3,0.16105,-0.93771,0.00844,1e-05,0.00397
8322.76,SYN.BTC-25OCT19,1571137141413,open,0.21,324.0,0.1785,0.2335,0.20479906,71.48,0.185,0.0,BTC-25OCT19-10000-P,8313.97,0.0,0.1845,6.0,0.2095,6.0,88.82,1.76607,-6.39148,-2.56337,0.00013,-0.93353
8322.76,SYN.BTC-25OCT19,1571137141416,open,0.11,45.5,0.0855,0.133,0.10985004,70.26,0.106,0.0,BTC-25OCT19-7500-C,8313.97,63.06,0.107,15.0,0.1105,6.0,71.81,3.45012,-12.27286,1.62412,0.00026,0.83108
8353.88,SYN.BTC-29NOV19,1571137141418,open,0.0,147.1,0.0005,0.0145,0.00472596,88.52,0.007,0.0,BTC-29NOV19-15000-C,8313.97,86.08,0.004,24.0,0.0055,18.0,90.88,2.61402,-2.57817,0.38039,3e-05,0.04176
8322.76,SYN.BTC-25OCT19,1571137141415,open,0.81,0.0,0.767,0.8395,0.80235159,115.08,None,0.0,BTC-25OCT19-15000-P,8313.97,0.0,0.001,0.1,0.0,0.0,0.0,0.05763,-0.33581,-4.05578,0.0,-0.99872
8353.88,SYN.BTC-29NOV19,1571137141417,open,0.12,246.2,0.0875,0.1505,0.12031608,71.54,0.121,0.0,BTC-29NOV19-8000-C,8313.97,69.06,0.117,14.4,0.122,8.0,72.79,11.17832,-8.9097,5.1028,0.00018,0.61714
8322.76,SYN.BTC-25OCT19,1571137141415,open,0.0,383.2,0.0005,0.0105,0.00097434,101.13,0.0005,0.0,BTC-25OCT19-12000-C,8313.97,92.76,0.0005,10.5,0.001,30.0,101.49,0.58155,-2.97763,0.03643,3e-05,0.01715
8353.88,SYN.BTC-29NOV19,1571137141412,open,0.02,191.3,0.0045,0.0305,0.01509328,82.16,0.014,0.0,BTC-29NOV19-6000-P,8313.97,81.17,0.0145,24.0,0.016,16.0,83.64,5.06618,-4.63769,-1.16181,7e-05,-0.09802
8322.76,SYN.BTC-25OCT19,1571137141415,open,0.16,9.9,0.143,0.1855,0.16411493,79.49,0.211,0.0,BTC-25OCT19-7000-C,8313.97,39.27,0.159,9.0,0.1815,9.0,128.75,2.08116,-8.37584,1.69674,0.00014,0.9176
184.16,SYN.ETH-25OCT19,1571137142258,open,0.15,0.0,0.112,0.189,0.150469,76.19,None,0.0,ETH-25OCT19-210-P,183.97,0.0,0.0,0.0,0.0,0.0,0.0,0.0744,-0.28702,-0.04924,0.01064,-0.83767
184.16,SYN.ETH-25OCT19,1571137142258,open,0.19,0.0,0.162,0.218,0.190851,91.36,None,0.0,ETH-25OCT19-150-C,183.97,0.0,0.0,0.0,0.0,0.0,0.0,0.04283,-0.1981,0.03659,0.00511,0.92512
184.16,SYN.ETH-25OCT19,1571137142258,open,0.01,26.0,0.001,0.026,0.010101,76.04,0.016,0.0,ETH-25OCT19-210-C,183.97,73.25,0.009,160.0,0.012,161.0,80.61,0.07424,-0.28581,0.00756,0.01064,0.16178
184.16,SYN.ETH-25OCT19,1571137142258,open,0.02,369.0,0.004,0.039,0.017914,73.96,0.017,0.0,ETH-25OCT19-170-P,183.97,70.14,0.016,256.0,0.02,161.0,78.03,0.09336,-0.3496,-0.01266,0.01375,-0.23623
184.16,SYN.ETH-25OCT19,1571137142258,open,0.07,1.0,0.034,0.101,0.06717,74.63,0.062,0.0,ETH-25OCT19-190-P,183.97,61.87,0.059,248.0,0.066,120.0,72.82,0.11862,-0.44823,-0.03207,0.01732,-0.57647
184.16,SYN.ETH-25OCT19,1571137142258,open,0.09,2.0,0.062,0.124,0.094759,73.87,0.1,0.0,ETH-25OCT19-170-C,183.97,76.3,0.096,40.0,0.102,40.0,87.68,0.0933,-0.34894,0.03335,0.01377,0.76402
184.16,SYN.ETH-25OCT19,1571137142329,open,0.01,2211.0,0.001,0.024,0.008998,80.2,0.009,0.0,ETH-25OCT19-160-P,183.97,77.23,0.008,200.0,0.01,200.0,83.02,0.06367,-0.25854,-0.00687,0.00865,-0.12881
184.84,SYN.ETH-29NOV19,1571137142586,open,0.01,13.0,0.001,0.024,0.010409,89.3,0.016,0.0,ETH-29NOV19-300-C,183.97,84.46,0.008,500.0,0.013,500.0,93.89,0.09839,-0.0979,0.01633,0.00262,0.08225
184.84,SYN.ETH-29NOV19,1571137142754,open,0.01,0.0,0.001,0.019,0.007381,91.34,None,0.0,ETH-29NOV19-320-C,183.97,87.84,0.006,200.0,0.009,500.0,94.99,0.07735,-0.07872,0.01199,0.00202,0.06014
184.84,SYN.ETH-29NOV19,1571137142754,open,0.74,0.0,0.683,0.798,0.738624,91.34,None,0.0,ETH-29NOV19-320-P,183.97,0.0,0.0,0.0,0.0,0.0,0.0,0.07735,-0.07872,-0.38144,0.00202,-0.93986
184.03,SYN.ETH-18OCT19,1571137142784,open,0.13,121.0,0.104,0.16,0.132423,97.72,0.12,0.0,ETH-18OCT19-160-C,183.97,0.0,0.117,9.0,0.149,9.0,192.32,0.01653,-0.2809,0.01187,0.00634,0.95117
185.38,ETH-27DEC19,1571137142810,open,0.07,5111.0,0.035,0.105,0.07013,89.32,0.073,0.0,ETH-27DEC19-240-C,183.97,87.99,0.068,129.0,0.072,282.0,90.47,0.29898,-0.18321,0.09517,0.00488,0.32726
185.38,ETH-27DEC19,1571137142810,open,0.0,14630.0,0.001,0.012,0.002097,112.92,0.002,0.0,ETH-27DEC19-640-C,183.97,104.02,0.001,2113.0,0.003,4122.0,117.96,0.02916,-0.02259,0.00432,0.00038,0.01378
186.61,ETH-27MAR20,1571137142810,open,0.16,1272.0,0.104,0.209,0.159918,93.64,0.162,0.0,ETH-27MAR20-240-C,183.97,91.79,0.155,300.0,0.166,275.0,95.92,0.49694,-0.14198,0.25579,0.00339,0.46522
184.84,SYN.ETH-29NOV19,1571137142810,open,0.02,116.0,0.004,0.032,0.015028,87.25,0.012,0.0,ETH-29NOV19-280-C,183.97,82.54,0.012,501.0,0.017,500.0,90.08,0.12517,-0.12169,0.02254,0.00342,0.11419
184.84,SYN.ETH-29NOV19,1571137142810,open,0.04,644.0,0.013,0.059,0.034181,83.88,0.037,0.0,ETH-29NOV19-240-C,183.97,76.88,0.027,270.0,0.037,490.0,86.5,0.1965,-0.18364,0.04436,0.00558,0.22938
184.16,SYN.ETH-25OCT19,1571137142810,open,0.0,5657.0,0.001,0.011,0.000503,104.26,0.001,0.0,ETH-25OCT19-280-C,183.97,0.0,0.0,0.0,0.001,200.0,113.69,0.00751,-0.03963,0.00043,0.00078,0.0092
184.03,SYN.ETH-18OCT19,1571137142812,open,0.01,428.0,0.001,0.019,0.004437,79.48,0.004,0.0,ETH-18OCT19-170-P,183.97,77.02,0.004,51.0,0.005,501.0,82.52,0.03329,-0.46004,-0.00185,0.0157,-0.12323
186.61,ETH-27MAR20,1571137142814,open,0.09,626.0,0.045,0.132,0.088864,94.78,0.091,0.0,ETH-27MAR20-320-C,183.97,93.11,0.085,292.0,0.093,549.0,96.55,0.4331,-0.12525,0.17479,0.00292,0.29749
186.61,ETH-27MAR20,1571137142817,open,0.02,4505.0,0.007,0.051,0.025069,105.7,0.024,0.0,ETH-27MAR20-600-C,183.97,103.86,0.023,499.0,0.027,340.0,107.33,0.21568,-0.06955,0.06082,0.00131,0.09766
186.61,ETH-27MAR20,1571137142824,open,0.59,19.0,0.57,0.618,0.594781,103.59,0.542,0.0,ETH-27MAR20-80-C,183.97,0.0,0.07,20.0,0.0,0.0,0.0,0.14607,-0.04617,0.29047,0.0009,0.94148
185.38,ETH-27DEC19,1571137142824,open,0.01,3931.0,0.003,0.025,0.012124,99.6,0.014,0.0,ETH-27DEC19-100-P,183.97,95.06,0.01,906.0,0.014,160.0,103.32,0.09051,-0.06185,-0.02439,0.00132,-0.05377
185.38,ETH-27DEC19,1571137142824,open,0.28,2918.0,0.223,0.335,0.280596,88.66,0.324,0.0,ETH-27DEC19-220-P,183.97,84.85,0.274,96.0,0.284,96.0,90.62,0.32153,-0.19559,-0.32318,0.00529,-0.59255
184.16,SYN.ETH-25OCT19,1571137142826,open,0.0,2508.0,0.001,0.012,0.002909,100.51,0.003,0.0,ETH-25OCT19-140-P,183.97,93.54,0.002,530.0,0.004,200.0,107.43,0.02655,-0.13513,-0.00218,0.00288,-0.04085
184.03,SYN.ETH-18OCT19,1571137142826,open,0.0,20.0,0.001,0.011,1.3e-05,120.0,0.004,0.0,ETH-18OCT19-130-P,183.97,0.0,0.0,0.0,0.002,300.0,212.04,0.00027,-0.00241,-1e-05,8e-05,-0.00046
185.38,ETH-27DEC19,1571137142834,open,2.89,0.0,2.771,3.01,2.885749,119.75,None,0.0,ETH-27DEC19-720-P,183.97,0.0,0.003,5.0,0.0,0.0,0.0,0.02523,-0.02073,-1.43391,0.00031,-0.98834
184.03,SYN.ETH-18OCT19,1571137142834,open,0.29,0.0,0.272,0.314,0.29359,120.0,None,0.0,ETH-18OCT19-130-C,183.97,0.0,0.0,0.0,0.0,0.0,0.0,0.00027,-0.00557,0.01024,8e-05,0.99954
184.03,SYN.ETH-18OCT19,1571137142834,open,0.01,724.0,0.001,0.034,0.012591,71.2,0.023,0.0,ETH-18OCT19-190-C,183.97,59.58,0.009,223.0,0.013,160.0,72.5,0.05824,-0.72107,0.00442,0.03066,0.31778
185.38,ETH-27DEC19,1571137142836,open,0.85,0.0,0.788,0.922,0.85317,94.57,None,0.0,ETH-27DEC19-340-P,183.97,0.0,0.001,5.0,0.0,0.0,0.0,0.15624,-0.10138,-0.64502,0.00241,-0.88953
185.38,ETH-27DEC19,1571137142836,open,0.75,101.0,0.687,0.817,0.750286,93.33,0.513,0.0,ETH-27DEC19-320-P,183.97,0.0,0.006,5.0,0.0,0.0,0.0,0.18034,-0.11548,-0.59766,0.00282,-0.86446
186.61,ETH-27MAR20,1571137142836,open,1.61,0.0,1.513,1.712,1.609383,100.09,None,0.0,ETH-27MAR20-480-P,183.97,0.0,0.003,10.0,0.0,0.0,0.0,0.28037,-0.08562,-2.06764,0.00179,-0.85847
186.61,ETH-27MAR20,1571137142839,open,1.0,6.0,0.912,1.086,0.998721,96.21,1.165,0.0,ETH-27MAR20-360-P,183.97,0.0,0.0,0.0,0.0,0.0,0.0,0.39128,-0.11486,-1.47106,0.0026,-0.75707
185.38,ETH-27DEC19,1571137142839,open,1.06,0.0,0.994,1.135,1.061995,96.6,None,0.0,ETH-27DEC19-380-P,183.97,0.0,0.001,5.0,0.0,0.0,0.0,0.11599,-0.07687,-0.73584,0.00175,-0.92606
184.03,SYN.ETH-18OCT19,1571137142839,open,0.24,0.0,0.216,0.262,0.239387,120.0,None,0.0,ETH-18OCT19-140-C,183.97,0.0,0.0,0.0,0.0,0.0,0.0,0.0021,-0.0439,0.01096,0.00066,0.99561
185.38,ETH-27DEC19,1571137142841,open,0.0,4118.0,0.001,0.011,0.001368,119.75,0.001,0.0,ETH-27DEC19-760-C,183.97,0.0,0.0,0.0,0.002,480.0,124.84,0.01996,-0.0164,0.00279,0.00024,0.00891
185.38,ETH-27DEC19,1571137142841,open,1.6,21.0,1.515,1.681,1.594389,102.94,0.629,0.0,ETH-27DEC19-480-P,183.97,0.0,0.001,7.0,0.0,0.0,0.0,0.06098,-0.04306,-0.94804,0.00086,-0.967
184.16,SYN.ETH-25OCT19,1571137142841,open,0.42,3.0,0.371,0.459,0.413319,102.62,0.534,0.0,ETH-25OCT19-260-P,183.97,0.0,0.0,0.0,0.0,0.0,0.0,0.01775,-0.09221,-0.06917,0.00188,-0.97493
184.16,SYN.ETH-25OCT19,1571137142841,open,0.31,302.0,0.266,0.348,0.305231,86.83,0.432,0.0,ETH-25OCT19-240-P,183.97,0.0,0.0,0.0,0.0,0.0,0.0,0.02466,-0.10842,-0.06318,0.0031,-0.96269
186.61,ETH-27MAR20,1571137142845,open,1.82,0.0,1.718,1.926,1.818039,101.55,None,0.0,ETH-27MAR20-520-P,183.97,0.0,0.005,10.0,0.0,0.0,0.0,0.25279,-0.07832,-2.25898,0.00159,-0.87818
185.38,ETH-27DEC19,1571137142845,open,0.01,5563.0,0.001,0.015,0.005113,102.94,0.005,0.0,ETH-27DEC19-480-C,183.97,99.28,0.004,200.0,0.006,160.0,105.5,0.06098,-0.04306,0.01032,0.00086,0.033
184.84,SYN.ETH-29NOV19,1571137142848,open,0.27,1.0,0.238,0.303,0.272159,91.47,0.289,0.0,ETH-29NOV19-140-C,183.97,0.0,0.0,0.0,0.0,0.0,0.0,0.15265,-0.15557,0.13079,0.00397,0.8477
184.16,SYN.ETH-25OCT19,1571137142848,open,0.0,3325.0,0.001,0.011,0.000845,120.0,0.001,0.0,ETH-25OCT19-120-P,183.97,122.93,0.001,499.0,0.002,203.0,137.03,0.00922,-0.05601,-0.00062,0.00084,-0.01165
186.61,ETH-27MAR20,1571137142850,open,2.03,0.0,1.923,2.14,2.027089,102.25,None,0.0,ETH-27MAR20-560-P,183.97,0.0,0.01,10.0,0.0,0.0,0.0,0.22517,-0.07025,-2.44939,0.00141,-0.8964
185.38,ETH-27DEC19,1571137142850,open,0.38,2.0,0.348,0.408,0.379098,94.59,0.346,0.0,ETH-27DEC19-120-C,183.97,0.0,0.101,1.0,0.0,0.0,0.0,0.15312,-0.09937,0.19005,0.00236,0.89258
185.38,ETH-27DEC19,1571137142850,open,0.02,926.0,0.005,0.039,0.0191,94.57,0.03,0.0,ETH-27DEC19-340-C,183.97,92.01,0.017,160.0,0.021,460.0,96.78,0.15624,-0.10138,0.03382,0.00241,0.11047
184.84,SYN.ETH-29NOV19,1571137142852,open,0.37,0.0,0.338,0.392,0.366104,101.22,None,0.0,ETH-29NOV19-120-C,183.97,0.0,0.0,0.0,0.0,0.0,0.0,0.09777,-0.11025,0.12552,0.0023,0.91844
186.61,ETH-27MAR20,1571137142854,open,0.03,2424.0,0.01,0.061,0.031479,101.55,0.03,0.0,ETH-27MAR20-520-C,183.97,100.44,0.03,191.0,0.032,240.0,101.93,0.25279,-0.07832,0.07569,0.00159,0.12182
184.16,SYN.ETH-25OCT19,1571137142854,open,0.52,3.0,0.477,0.569,0.520911,104.26,0.645,0.0,ETH-25OCT19-280-P,183.97,0.0,0.0,0.0,0.0,0.0,0.0,0.00751,-0.03963,-0.07533,0.00078,-0.9908
186.61,ETH-27MAR20,1571137142856,open,0.81,7.0,0.72,0.886,0.80367,94.78,0.945,0.0,ETH-27MAR20-320-P,183.97,0.0,0.0,0.0,0.0,0.0,0.0,0.4331,-0.12525,-1.26192,0.00292,-0.70251
186.61,ETH-27MAR20,1571137142856,open,1.4,0.0,1.31,1.5,1.402662,98.7,None,0.0,ETH-27MAR20-440-P,183.97,0.0,0.002,10.0,0.0,0.0,0.0,0.31273,-0.09417,-1.87317,0.00203,-0.83307
184.84,SYN.ETH-29NOV19,1571137142856,open,0.53,0.0,0.477,0.585,0.529866,87.25,None,0.0,ETH-29NOV19-280-P,183.97,0.0,0.0,0.0,0.0,0.0,0.0,0.12517,-0.12169,-0.32172,0.00342,-0.88581
184.03,SYN.ETH-18OCT19,1571137142858,open,0.0,8.0,0.001,0.011,0.000151,120.0,0.001,0.0,ETH-18OCT19-140-P,183.97,0.0,0.0,0.0,0.001,100.0,153.77,0.0021,-0.02774,-7e-05,0.00066,-0.00439
185.38,ETH-27DEC19,1571137142860,open,1.38,0.0,1.306,1.462,1.380575,100.6,None,0.0,ETH-27DEC19-440-P,183.97,0.0,0.001,8.0,0.0,0.0,0.0,0.07815,-0.05394,-0.86456,0.00113,-0.95526
185.38,ETH-27DEC19,1571137142864,open,0.29,18.0,0.256,0.329,0.29496,90.54,0.305,0.0,ETH-27DEC19-140-C,183.97,0.0,0.0,0.0,0.0,0.0,0.0,0.22115,-0.13738,0.19246,0.00356,0.81495
185.38,ETH-27DEC19,1571137142866,open,1.17,16.0,1.098,1.244,1.168245,98.82,1.195,0.0,ETH-27DEC19-400-P,183.97,0.0,0.001,8.0,0.0,0.0,0.0,0.10396,-0.07049,-0.77879,0.00153,-0.93585
184.16,SYN.ETH-25OCT19,1571137142866,open,0.0,4693.0,0.001,0.011,4e-05,120.0,0.001,0.0,ETH-25OCT19-100-P,183.97,0.0,0.0,0.0,0.001,100.0,168.93,0.00074,-0.0045,-4e-05,7e-05,-0.00071
184.03,SYN.ETH-18OCT19,1571137142868,open,0.0,997.0,0.001,0.011,0.001867,98.21,0.002,0.0,ETH-18OCT19-160-P,183.97,87.04,0.001,219.0,0.003,500.0,109.14,0.01675,-0.28601,-0.00075,0.00639,-0.04964
184.03,SYN.ETH-18OCT19,1571137142868,open,0.05,412.0,0.015,0.077,0.045055,71.2,0.041,0.0,ETH-18OCT19-190-P,183.97,39.63,0.036,120.0,0.043,230.0,64.63,0.05824,-0.72107,-0.01054,0.03066,-0.68222
184.03,SYN.ETH-18OCT19,1571137142868,open,0.0,246.0,0.001,0.011,0.000492,112.38,0.001,0.0,ETH-18OCT19-230-C,183.97,0.0,0.0,0.0,0.001,3.0,124.53,0.00598,-0.09047,0.0002,0.00199,0.01442
185.38,ETH-27DEC19,1571137142871,open,0.09,5586.0,0.054,0.131,0.093844,88.66,0.098,0.0,ETH-27DEC19-220-C,183.97,87.02,0.091,96.0,0.098,274.0,91.05,0.32153,-0.19559,0.11608,0.00529,0.40745
184.03,SYN.ETH-18OCT19,1571137142871,open,0.0,281.0,0.001,0.011,0.000844,100.88,0.001,0.0,ETH-18OCT19-220-C,183.97,0.0,0.0,0.0,0.002,329.0,117.24,0.00975,-0.15534,0.00036,0.00362,0.02564
184.84,SYN.ETH-29NOV19,1571137142871,open,0.01,1120.0,0.001,0.018,0.007608,113.36,0.009,0.0,ETH-29NOV19-100-P,183.97,107.77,0.006,360.0,0.009,320.0,117.72,0.05648,-0.07134,-0.01095,0.00119,-0.04056
186.61,ETH-27MAR20,1571137142873,open,0.62,149.0,0.538,0.695,0.618489,94.1,0.723,0.0,ETH-27MAR20-280-P,183.97,78.82,0.581,43.0,0.0,0.0,0.0,0.47267,-0.13571,-1.04489,0.00321,-0.62864
185.38,ETH-27DEC19,1571137142873,open,2.24,0.0,2.143,2.345,2.239579,112.92,0.953,0.0,ETH-27DEC19-600-P,183.97,0.0,0.0,0.0,0.0,0.0,0.0,0.03834,-0.02971,-1.19204,0.00049,-0.98103
185.38,ETH-27DEC19,1571137142873,open,1.81,37.0,1.725,1.901,1.809087,106.0,0.707,0.0,ETH-27DEC19-520-P,183.97,0.0,0.002,25.0,0.0,0.0,0.0,0.05025,-0.03654,-1.03005,0.00069,-0.97386
185.38,ETH-27DEC19,1571137142873,open,0.03,1235.0,0.011,0.056,0.030979,92.26,0.031,0.0,ETH-27DEC19-300-C,183.97,90.47,0.029,128.0,0.033,746.0,94.03,0.20812,-0.13174,0.05076,0.00329,0.16812
186.61,ETH-27MAR20,1571137142883,open,0.29,1164.0,0.225,0.353,0.292007,93.46,0.295,0.0,ETH-27MAR20-200-P,183.97,90.79,0.285,300.0,0.296,174.0,94.98,0.48871,-0.13936,-0.59636,0.00334,-0.41978
185.38,ETH-27DEC19,1571137142883,open,0.0,15549.0,0.001,0.012,0.002984,112.92,0.003,0.0,ETH-27DEC19-600-C,183.97,107.49,0.002,1001.0,0.004,1816.0,117.35,0.03834,-0.02971,0.00592,0.00049,0.01897
185.38,ETH-27DEC19,1571137142887,open,0.05,2925.0,0.023,0.084,0.052792,90.15,0.064,0.0,ETH-27DEC19-260-C,183.97,88.91,0.051,128.0,0.055,609.0,91.66,0.26955,-0.16673,0.0773,0.00436,0.26163
186.61,ETH-27MAR20,1571137142887,open,0.45,170.0,0.37,0.516,0.446022,93.64,0.442,0.0,ETH-27MAR20-240-P,183.97,90.63,0.438,300.0,0.455,24.0,97.01,0.49694,-0.14198,-0.82175,0.00339,-0.53478
184.16,SYN.ETH-25OCT19,1571137142887,open,0.02,1919.0,0.004,0.04,0.019138,74.63,0.016,0.0,ETH-25OCT19-200-C,183.97,70.66,0.017,405.0,0.022,160.0,79.81,0.10029,-0.37895,0.01253,0.01464,0.27069
184.84,SYN.ETH-29NOV19,1571137142887,open,0.47,0.0,0.445,0.488,0.466594,113.36,None,0.0,ETH-29NOV19-100-C,183.97,0.0,0.0,0.0,0.0,0.0,0.0,0.05648,-0.07134,0.112,0.00119,0.95944
184.03,SYN.ETH-18OCT19,1571137142887,open,0.04,443.0,0.01,0.065,0.037362,71.14,0.038,0.0,ETH-18OCT19-180-C,183.97,60.82,0.034,120.0,0.041,120.0,82.1,0.06058,-0.7494,0.00886,0.03192,0.64871
185.38,ETH-27DEC19,1571137142889,open,0.01,7732.0,0.001,0.019,0.007072,100.6,0.007,0.0,ETH-27DEC19-440-C,183.97,97.93,0.006,1320.0,0.008,160.0,102.72,0.07815,-0.05394,0.01394,0.00113,0.04474
184.16,SYN.ETH-25OCT19,1571137142889,open,0.01,1532.0,0.001,0.018,0.005643,79.25,0.005,0.0,ETH-25OCT19-220-C,183.97,72.95,0.004,506.0,0.007,201.0,83.82,0.05198,-0.20857,0.00455,0.00715,0.09698
184.03,SYN.ETH-18OCT19,1571137142892,open,0.0,293.0,0.001,0.011,0.00057,73.82,0.001,0.0,ETH-18OCT19-210-C,183.97,0.0,0.0,0.0,0.001,200.0,81.01,0.00913,-0.10497,0.00034,0.00464,0.02372
184.16,SYN.ETH-25OCT19,1571137142892,open,0.24,12.0,0.217,0.268,0.242705,100.51,0.192,0.0,ETH-25OCT19-140-C,183.97,0.0,0.0,0.0,0.0,0.0,0.0,0.02655,-0.13513,0.0357,0.00288,0.95915
185.38,ETH-27DEC19,1571137142894,open,0.02,1220.0,0.007,0.047,0.024102,93.33,0.022,0.0,ETH-27DEC19-320-C,183.97,91.12,0.022,160.0,0.026,780.0,95.25,0.18034,-0.11548,0.04125,0.00282,0.13554
185.38,ETH-27DEC19,1571137142894,open,2.68,0.0,2.562,2.787,2.670155,116.84,None,0.0,ETH-27DEC19-680-P,183.97,0.0,0.002,10.0,0.0,0.0,0.0,0.0276,-0.02213,-1.35364,0.00034,-0.98707
186.61,ETH-27MAR20,1571137142896,open,0.06,993.0,0.023,0.093,0.055964,97.81,0.055,0.0,ETH-27MAR20-400-C,183.97,96.22,0.053,260.0,0.059,298.0,99.4,0.35181,-0.10499,0.12207,0.0023,0.20166
186.61,ETH-27MAR20,1571137142896,open,0.07,529.0,0.032,0.11,0.069564,96.21,0.075,0.0,ETH-27MAR20-360-C,183.97,94.5,0.066,292.0,0.073,554.0,97.84,0.39128,-0.11486,0.14525,0.0026,0.24293
185.38,ETH-27DEC19,1571137142898,open,0.09,5638.0,0.05,0.123,0.086986,88.22,0.088,0.0,ETH-27DEC19-160-P,183.97,86.25,0.084,128.0,0.09,569.0,90.21,0.28081,-0.16997,-0.13736,0.00464,-0.28414
186.61,ETH-27MAR20,1571137142898,open,0.43,40.0,0.389,0.467,0.431023,96.51,0.459,0.0,ETH-27MAR20-120-C,183.97,0.0,0.1,1.0,0.0,0.0,0.0,0.30071,-0.08854,0.34502,0.00199,0.84282
185.38,ETH-27DEC19,1571137142898,open,0.47,0.0,0.449,0.495,0.472691,99.6,None,0.0,ETH-27DEC19-100-C,183.97,0.0,0.0,0.0,0.0,0.0,0.0,0.09051,-0.06185,0.17527,0.00132,0.94623
185.38,ETH-27DEC19,1571137142898,open,0.37,2287.0,0.305,0.422,0.364768,89.32,0.354,0.0,ETH-27DEC19-240-P,183.97,0.0,0.001,15.0,0.0,0.0,0.0,0.29898,-0.18321,-0.38401,0.00488,-0.67274
185.38,ETH-27DEC19,1571137142898,open,2.03,0.0,1.934,2.122,2.023853,107.77,0.845,0.0,ETH-27DEC19-560-P,183.97,0.0,0.0,0.0,0.0,0.0,0.0,0.04001,-0.02958,-1.11183,0.00054,-0.98006
185.38,ETH-27DEC19,1571137142898,open,2.46,0.0,2.353,2.565,2.454465,112.92,None,0.0,ETH-27DEC19-640-P,183.97,0.0,0.0,0.0,0.0,0.0,0.0,0.02916,-0.02259,-1.2735,0.00038,-0.98622
186.61,ETH-27MAR20,1571137142903,open,2.45,0.0,2.337,2.575,2.450481,105.83,None,0.0,ETH-27MAR20-640-P,183.96,0.0,0.0,0.0,0.0,0.0,0.0,0.1916,-0.06187,-2.82115,0.00116,-0.91673
185.38,ETH-27DEC19,1571137142903,open,0.46,946.0,0.394,0.516,0.455317,90.15,0.3,0.0,ETH-27DEC19-260-P,183.96,0.0,0.0,0.0,0.0,0.0,0.0,0.26955,-0.16673,-0.44182,0.00436,-0.73837
185.38,ETH-27DEC19,1571137142903,open,3.11,0.0,2.981,3.231,3.101055,119.75,None,0.0,ETH-27DEC19-760-P,183.96,0.0,0.0,0.0,0.0,0.0,0.0,0.01996,-0.0164,-1.51462,0.00024,-0.99109
185.38,ETH-27DEC19,1571137142903,open,0.0,4670.0,0.001,0.011,0.001835,119.75,0.002,0.0,ETH-27DEC19-720-C,183.96,112.21,0.001,1056.0,0.003,468.0,126.88,0.02523,-0.02073,0.00364,0.00031,0.01166
185.38,ETH-27DEC19,1571137142903,open,0.0,7122.0,0.001,0.013,0.003031,107.77,0.006,0.0,ETH-27DEC19-560-C,183.96,102.3,0.002,1500.0,0.004,160.0,111.85,0.04001,-0.02958,0.00626,0.00054,0.01994
185.38,ETH-27DEC19,1571137142903,open,0.0,10984.0,0.001,0.014,0.004038,106.0,0.004,0.0,ETH-27DEC19-520-C,183.96,101.79,0.003,200.0,0.005,160.0,109.3,0.05025,-0.03654,0.00818,0.00069,0.02614
186.61,ETH-27MAR20,1571137142903,open,1.2,3.0,1.11,1.292,1.199472,97.81,1.39,0.0,ETH-27MAR20-400-P,183.96,0.0,0.001,10.0,0.0,0.0,0.0,0.35181,-0.10499,-1.67383,0.0023,-0.79834
186.61,ETH-27MAR20,1571137142903,open,0.03,905.0,0.008,0.053,0.026178,102.25,0.03,0.0,ETH-27MAR20-560-C,183.96,100.41,0.024,60.0,0.028,240.0,103.74,0.22517,-0.07025,0.06487,0.00141,0.1036
185.38,ETH-27DEC19,1571137142903,open,0.22,652.0,0.18,0.261,0.223894,88.22,0.242,0.0,ETH-27DEC19-160-C,183.96,81.0,0.213,246.0,0.228,586.0,90.93,0.28081,-0.16997,0.18209,0.00464,0.71586
186.61,ETH-27MAR20,1571137142903,open,0.22,1323.0,0.162,0.269,0.220253,93.46,0.229,0.0,ETH-27MAR20-200-C,183.96,91.45,0.215,300.0,0.226,566.0,95.66,0.48871,-0.13936,0.30159,0.00334,0.58022
186.61,ETH-27MAR20,1571137142903,open,0.07,1405.0,0.041,0.108,0.074076,96.51,0.07,0.0,ETH-27MAR20-120-P,183.96,93.96,0.07,352.0,0.077,287.0,98.32,0.30071,-0.08854,-0.19375,0.00199,-0.15718
185.38,ETH-27DEC19,1571137142903,open,0.13,6541.0,0.082,0.164,0.125704,88.09,0.125,0.0,ETH-27DEC19-200-C,183.96,86.57,0.123,96.0,0.13,585.0,90.5,0.33046,-0.19972,0.13912,0.00547,0.50157
185.38,ETH-27DEC19,1571137142903,open,0.65,1.0,0.587,0.714,0.649277,92.26,0.494,0.0,ETH-27DEC19-300-P,183.96,0.0,0.001,5.0,0.0,0.0,0.0,0.20812,-0.13174,-0.54822,0.00329,-0.83188
185.38,ETH-27DEC19,1571137142903,open,0.55,311.0,0.488,0.612,0.549776,90.51,0.71,0.0,ETH-27DEC19-280-P,183.96,0.0,0.001,8.0,0.0,0.0,0.0,0.2366,-0.14692,-0.49706,0.00381,-0.79317
186.61,ETH-27MAR20,1571137142903,open,0.05,956.0,0.017,0.079,0.044804,98.7,0.05,0.0,ETH-27MAR20-440-C,183.96,97.0,0.042,32.0,0.047,300.0,99.99,0.31273,-0.09417,0.10232,0.00203,0.16693
186.61,ETH-27MAR20,1571137142903,open,0.31,322.0,0.253,0.352,0.306872,93.75,0.314,0.0,ETH-27MAR20-160-C,183.96,91.62,0.302,300.0,0.31,259.0,95.12,0.42668,-0.12205,0.33936,0.00291,0.71192
185.38,ETH-27DEC19,1571137142903,open,0.04,1571.0,0.015,0.067,0.039365,90.51,0.041,0.0,ETH-27DEC19-280-C,183.96,89.43,0.038,128.0,0.04,40.0,91.01,0.2366,-0.14692,0.06198,0.00381,0.20683
184.03,SYN.ETH-18OCT19,1571137142903,open,0.2,0.0,0.161,0.235,0.19633,100.88,None,0.0,ETH-18OCT19-220-P,183.96,0.0,0.0,0.0,0.0,0.0,0.0,0.00975,-0.17101,-0.01697,0.00362,-0.97437
184.03,SYN.ETH-18OCT19,1571137142903,open,0.0,0.0,0.001,0.011,0.000245,119.8,None,0.0,ETH-18OCT19-240-C,183.96,0.0,0.0,0.0,0.002,300.0,160.93,0.00329,-0.04508,0.0001,0.00103,0.00726
186.6,ETH-27MAR20,1571137142904,open,2.24,0.0,2.131,2.36,2.240331,105.55,None,0.0,ETH-27MAR20-600-P,183.96,0.0,0.02,10.0,0.0,0.0,0.0,0.21487,-0.0692,-2.63329,0.0013,-0.90283
185.38,ETH-27DEC19,1571137142904,open,0.01,5078.0,0.001,0.025,0.010515,98.82,0.01,0.0,ETH-27DEC19-400-C,183.96,96.0,0.009,1320.0,0.012,160.0,101.37,0.10396,-0.07049,0.01985,0.00153,0.06415
185.38,ETH-27DEC19,1571137142904,open,0.0,12462.0,0.001,0.012,0.002013,116.84,0.005,0.0,ETH-27DEC19-680-C,183.96,108.25,0.001,1270.0,0.003,2859.0,122.57,0.0276,-0.02213,0.00404,0.00034,0.01293
184.03,SYN.ETH-18OCT19,1571137142903,open,0.02,495.0,0.001,0.039,0.015487,71.14,0.013,0.0,ETH-18OCT19-180-P,183.96,54.16,0.01,163.0,0.014,231.0,66.61,0.06058,-0.7494,-0.00532,0.03192,-0.35129
186.6,ETH-27MAR20,1571137142904,open,0.04,1150.0,0.013,0.068,0.037174,100.09,0.035,0.0,ETH-27MAR20-480-C,183.96,97.93,0.034,280.0,0.04,540.0,101.94,0.28035,-0.08561,0.08743,0.00179,0.14153
185.38,ETH-27DEC19,1571137142904,open,0.96,257.0,0.891,1.028,0.957056,95.51,0.7,0.0,ETH-27DEC19-360-P,183.96,0.0,0.01,2.0,0.0,0.0,0.0,0.13433,-0.08803,-0.69111,0.00205,-0.91016
184.16,SYN.ETH-25OCT19,1571137142903,open,0.14,504.0,0.109,0.169,0.140194,80.18,0.194,0.0,ETH-25OCT19-160-C,183.96,0.0,0.0,0.0,0.0,0.0,0.0,0.06365,-0.25839,0.03643,0.00865,0.87125
184.16,SYN.ETH-25OCT19,1571137142903,open,0.2,483.0,0.162,0.24,0.200249,79.25,0.337,0.0,ETH-25OCT19-220-P,183.96,0.0,0.05,2.0,0.23,1.0,146.99,0.05198,-0.20857,-0.05497,0.00715,-0.90302
185.37,ETH-27DEC19,1571137142905,open,0.03,5641.0,0.01,0.046,0.026417,94.58,0.027,0.0,ETH-27DEC19-120-P,183.96,91.6,0.024,560.0,0.028,459.0,96.47,0.15312,-0.09936,-0.04954,0.00236,-0.10743
184.03,SYN.ETH-18OCT19,1571137142903,open,0.0,307.0,0.001,0.011,0.000922,118.21,0.001,0.0,ETH-18OCT19-150-P,183.96,0.0,0.0,0.0,0.002,500.0,135.71,0.0088,-0.16958,-0.00034,0.00279,-0.0227
184.16,SYN.ETH-25OCT19,1571137142903,open,0.29,0.0,0.273,0.319,0.296033,113.99,None,0.0,ETH-25OCT19-130-C,183.96,0.0,0.0,0.0,0.0,0.0,0.0,0.01801,-0.10395,0.03381,0.00172,0.97448
184.16,SYN.ETH-25OCT19,1571137142903,open,0.0,1852.0,0.001,0.012,0.002024,86.83,0.002,0.0,ETH-25OCT19-240-C,183.96,77.5,0.001,268.0,0.003,203.0,93.28,0.02466,-0.10842,0.00176,0.0031,0.03731
184.84,SYN.ETH-29NOV19,1571137142903,open,0.25,0.0,0.195,0.293,0.244732,83.88,None,0.0,ETH-29NOV19-220-P,183.96,0.0,0.0,0.0,0.0,0.0,0.0,0.23418,-0.21886,-0.2083,0.00665,-0.67186
184.03,SYN.ETH-18OCT19,1571137142904,open,0.25,0.0,0.214,0.29,0.250317,112.38,None,0.0,ETH-18OCT19-230-P,183.96,0.0,0.0,0.0,0.0,0.0,0.0,0.00598,-0.11681,-0.01792,0.00199,-0.98558
184.03,SYN.ETH-18OCT19,1571137142903,open,0.18,1.0,0.16,0.211,0.185818,118.21,0.142,0.0,ETH-18OCT19-150-C,183.96,0.0,0.0,0.0,0.0,0.0,0.0,0.0088,-0.18094,0.01148,0.00279,0.9773
184.16,SYN.ETH-25OCT19,1571137142903,open,0.11,764.0,0.068,0.142,0.105144,74.63,0.09,0.0,ETH-25OCT19-200-P,183.96,56.62,0.096,40.0,0.104,40.0,72.52,0.10029,-0.37894,-0.04158,0.01464,-0.72931
184.16,SYN.ETH-25OCT19,1571137142903,open,0.35,6.0,0.329,0.37,0.349241,120.0,0.36,0.0,ETH-25OCT19-120-C,183.96,0.0,0.0,0.0,0.0,0.0,0.0,0.00922,-0.05601,0.03185,0.00084,0.98835
184.16,SYN.ETH-25OCT19,1571137142903,open,0.46,18.0,0.441,0.473,0.457037,120.0,0.411,0.0,ETH-25OCT19-100-C,183.96,0.0,0.0,0.0,0.0,0.0,0.0,0.00074,-0.0045,0.02702,7e-05,0.99929
184.16,SYN.ETH-25OCT19,1571137142903,open,0.0,3.0,0.001,0.011,0.001937,113.99,0.001,0.0,ETH-25OCT19-130-P,183.96,102.44,0.001,200.0,0.003,200.0,123.49,0.01801,-0.10395,-0.00137,0.00172,-0.02552
184.84,SYN.ETH-29NOV19,1571137142905,open,0.43,0.0,0.377,0.482,0.428767,85.13,None,0.0,ETH-29NOV19-260-P,183.96,0.0,0.0,0.0,0.0,0.0,0.0,0.1578,-0.14967,-0.2883,0.00441,-0.83984
184.16,SYN.ETH-25OCT19,1571137142903,open,0.0,1170.0,0.001,0.011,0.001512,102.62,0.001,0.0,ETH-25OCT19-260-C,183.96,96.59,0.001,20.0,0.002,550.0,107.24,0.01775,-0.09221,0.00117,0.00188,0.02507
184.84,SYN.ETH-29NOV19,1571137142904,open,0.03,355.0,0.011,0.052,0.029578,91.47,0.026,0.0,ETH-29NOV19-140-P,183.96,88.31,0.027,340.0,0.032,284.0,94.37,0.15265,-0.15557,-0.04133,0.00397,-0.1523
184.03,SYN.ETH-18OCT19,1571137142904,open,0.0,995.0,0.001,0.015,0.002891,71.2,0.002,0.0,ETH-18OCT19-200-C,183.96,64.96,0.002,2.0,0.003,200.0,71.9,0.02852,-0.35312,0.0014,0.01501,0.09931
184.03,SYN.ETH-18OCT19,1571137142904,open,0.14,2.0,0.108,0.178,0.141716,73.82,0.118,0.0,ETH-18OCT19-210-P,183.96,0.0,0.122,6.0,0.161,6.0,181.16,0.00913,-0.11724,-0.01621,0.00464,-0.97628
184.03,SYN.ETH-18OCT19,1571137142912,open,0.05,412.0,0.015,0.077,0.045055,71.2,0.041,0.0,ETH-18OCT19-190-P,183.96,43.67,0.037,120.0,0.043,230.0,64.63,0.05824,-0.72107,-0.01054,0.03066,-0.68222
184.03,SYN.ETH-18OCT19,1571137142915,open,0.05,412.0,0.015,0.077,0.045055,71.2,0.041,0.0,ETH-18OCT19-190-P,183.96,43.67,0.037,120.0,0.043,110.0,64.63,0.05824,-0.72107,-0.01054,0.03066,-0.68222
184.16,SYN.ETH-25OCT19,1571137142925,open,0.09,2.0,0.062,0.124,0.094795,73.94,0.1,0.0,ETH-25OCT19-170-C,183.96,74.34,0.095,40.0,0.102,40.0,87.68,0.09334,-0.34942,0.03334,0.01376,0.76384
184.16,SYN.ETH-25OCT19,1571137142932,open,0.02,369.0,0.004,0.039,0.0179,73.94,0.017,0.0,ETH-25OCT19-170-P,183.96,70.14,0.016,416.0,0.02,161.0,78.03,0.09334,-0.34942,-0.01266,0.01376,-0.23616
184.03,SYN.ETH-18OCT19,1571137142940,open,0.09,90.0,0.056,0.124,0.089697,71.2,0.087,0.0,ETH-18OCT19-200-P,183.96,0.0,0.082,40.0,0.089,40.0,66.42,0.02852,-0.35312,-0.01436,0.01501,-0.90069
184.16,SYN.ETH-25OCT19,1571137142948,open,0.11,764.0,0.068,0.142,0.105144,74.63,0.09,0.0,ETH-25OCT19-200-P,183.96,58.75,0.097,40.0,0.104,40.0,72.52,0.10029,-0.37894,-0.04158,0.01464,-0.72931
185.38,ETH-27DEC19,1571137142956,open,0.05,2925.0,0.023,0.084,0.052792,90.15,0.064,0.0,ETH-27DEC19-260-C,183.96,88.22,0.05,128.0,0.055,609.0,91.66,0.26955,-0.16673,0.0773,0.00436,0.26163
185.38,ETH-27DEC19,1571137142982,open,0.28,2918.0,0.223,0.335,0.280596,88.66,0.324,0.0,ETH-27DEC19-220-P,183.96,84.85,0.274,96.0,0.285,96.0,91.2,0.32153,-0.19559,-0.32318,0.00529,-0.59255
186.6,ETH-27MAR20,1571137144102,open,0.02,42.0,0.006,0.045,0.020869,105.84,0.019,0.0,ETH-27MAR20-640-C,183.96,103.97,0.019,240.0,0.023,240.0,107.86,0.19158,-0.06187,0.05228,0.00116,0.08327
184.16,SYN.ETH-25OCT19,1571137144931,open,0.04,1877.0,0.013,0.065,0.037032,73.22,0.035,0.0,ETH-25OCT19-180-P,183.96,65.3,0.032,347.0,0.038,160.0,74.74,0.11713,-0.43423,-0.02184,0.01743,-0.4013
184.16,SYN.ETH-25OCT19,1571137144938,open,0.03,60.0,0.011,0.061,0.035431,74.58,0.036,0.0,ETH-25OCT19-190-C,183.96,72.36,0.034,187.0,0.039,120.0,80.11,0.11862,-0.44789,0.01933,0.01733,0.42344
184.16,SYN.ETH-25OCT19,1571137144943,open,0.03,60.0,0.011,0.061,0.035431,74.58,0.036,0.0,ETH-25OCT19-190-C,183.96,72.36,0.034,187.0,0.038,120.0,78.56,0.11862,-0.44789,0.01933,0.01733,0.42344
185.38,ETH-27DEC19,1571137144948,open,0.17,1199.0,0.123,0.207,0.168497,87.98,0.172,0.0,ETH-27DEC19-180-C,183.96,85.94,0.165,101.0,0.172,596.0,90.02,0.3185,-0.19225,0.1623,0.00528,0.60699
185.38,ETH-27DEC19,1571137144958,open,0.14,2404.0,0.093,0.183,0.139476,87.98,0.149,0.0,ETH-27DEC19-180-P,183.96,85.37,0.135,468.0,0.142,245.0,89.45,0.3185,-0.19225,-0.19709,0.00528,-0.39301
186.61,ETH-27MAR20,1571137144962,open,0.45,170.0,0.37,0.516,0.446023,93.64,0.442,0.0,ETH-27MAR20-240-P,183.96,90.63,0.438,300.0,0.456,24.0,97.38,0.49694,-0.14198,-0.82175,0.00339,-0.53478
185.37,ETH-27DEC19,1571137144975,open,0.07,5111.0,0.035,0.105,0.070116,89.33,0.073,0.0,ETH-27DEC19-240-C,183.96,88.0,0.068,1.0,0.072,282.0,90.48,0.29895,-0.18322,0.09516,0.00488,0.32724
8353.89,SYN.BTC-29NOV19,1571137144983,open,0.02,93.0,0.0085,0.042,0.02305765,77.66,0.023,0.0,BTC-29NOV19-6500-P,8313.97,76.96,0.0225,24.0,0.0235,0.1,78.21,6.67988,-5.78014,-1.72729,0.0001,-0.14512
8353.89,SYN.BTC-29NOV19,1571137144983,open,0.09,74.1,0.059,0.1205,0.09076941,70.53,0.088,0.0,BTC-29NOV19-8500-C,8313.97,68.55,0.088,14.4,0.0915,1.5,71.05,11.66905,-9.17012,4.42245,0.00019,0.52135
8353.89,SYN.BTC-29NOV19,1571137144983,open,0.02,56.8,0.0045,0.0345,0.01669961,75.03,0.016,0.0,BTC-29NOV19-11500-C,8313.97,73.47,0.0155,24.0,0.0175,15.2,76.05,6.49878,-5.43308,1.25962,0.0001,0.13934
8353.89,SYN.BTC-29NOV19,1571137144983,open,0.24,0.0,0.2185,0.2705,0.24497578,77.66,None,0.0,BTC-29NOV19-6500-C,8313.97,0.0,0.0,0.0,0.0,0.0,0.0,6.67976,-5.7799,6.26433,0.0001,0.85489
8353.89,SYN.BTC-29NOV19,1571137144983,open,0.05,84.3,0.0285,0.081,0.05393612,73.01,0.054,0.0,BTC-29NOV19-7500-P,8313.97,71.82,0.0525,19.3,0.056,11.0,74.73,10.05008,-8.17597,-3.54736,0.00016,-0.29144
8353.89,SYN.BTC-29NOV19,1571137144983,open,0.05,38.6,0.025,0.077,0.05037217,70.53,0.053,0.0,BTC-29NOV19-9500-C,8313.97,69.08,0.0485,30.3,0.0515,0.2,71.4,10.80379,-8.4905,3.03624,0.00018,0.34599
8353.89,SYN.BTC-29NOV19,1571137144983,open,0.03,61.6,0.0105,0.05,0.02791962,71.93,0.028,0.0,BTC-29NOV19-10500-C,8313.97,71.03,0.027,19.3,0.0285,0.2,72.49,8.61754,-6.90624,1.94771,0.00014,0.21755
8353.89,SYN.BTC-29NOV19,1571137144983,open,0.4,0.0,0.357,0.4325,0.39330601,75.04,None,0.0,BTC-29NOV19-11500-P,8313.97,0.0,0.0,0.0,0.0,0.0,0.0,6.49917,-5.43363,-12.8792,0.0001,-0.86065
8353.89,SYN.BTC-29NOV19,1571137144983,open,0.29,0.0,0.2475,0.323,0.28482111,71.93,None,0.0,BTC-29NOV19-10500-P,8313.97,0.0,0.0,0.0,0.311,1.0,94.94,8.61774,-6.90661,-10.96166,0.00014,-0.78244
8353.89,SYN.BTC-29NOV19,1571137144983,open,0.01,14.9,0.001,0.0255,0.01074095,78.69,0.01,0.0,BTC-29NOV19-12500-C,8313.97,76.5,0.0095,24.0,0.0115,17.0,79.97,4.8729,-4.27232,0.84465,7e-05,0.09298
8353.89,SYN.BTC-29NOV19,1571137144983,open,0.19,0.3,0.15,0.2245,0.18756875,70.54,0.2335,0.0,BTC-29NOV19-9500-P,8313.97,42.26,0.154,5.0,0.203,5.0,82.26,10.80385,-8.49073,-8.6437,0.00018,-0.65401
8353.89,SYN.BTC-29NOV19,1571137144983,open,0.51,0.0,0.4705,0.547,0.50705225,78.69,None,0.0,BTC-29NOV19-12500-P,8313.97,0.0,0.0,0.0,0.0,0.0,0.0,4.8735,-4.27309,-14.52361,7e-05,-0.90701
184.15,SYN.ETH-25OCT19,1571137145258,open,0.25,0.0,0.214,0.293,0.251954,81.25,None,0.0,ETH-25OCT19-230-P,183.96,0.0,0.0,0.0,0.0,0.0,0.0,0.03378,-0.13898,-0.05963,0.00453,-0.94482
184.15,SYN.ETH-25OCT19,1571137145258,open,0.0,21.0,0.001,0.013,0.003048,81.62,0.002,0.0,ETH-25OCT19-230-C,183.96,75.31,0.002,200.0,0.004,200.0,86.37,0.0342,-0.14135,0.00264,0.00457,0.05605
184.15,SYN.ETH-25OCT19,1571137145258,open,0.01,291.0,0.001,0.017,0.005395,91.52,0.006,0.0,ETH-25OCT19-150-P,183.96,89.79,0.005,1.0,0.006,201.0,94.04,0.04298,-0.19914,-0.00402,0.00512,-0.07523
184.83,SYN.ETH-29NOV19,1571137145587,open,0.64,0.0,0.58,0.691,0.633449,89.24,None,0.0,ETH-29NOV19-300-P,183.96,0.0,0.0,0.0,0.0,0.0,0.0,0.09822,-0.09766,-0.35255,0.00262,-0.91794
185.38,ETH-27DEC19,1571137145810,open,0.05,2489.0,0.024,0.078,0.050178,90.55,0.052,0.0,ETH-27DEC19-140-P,183.96,88.72,0.048,128.0,0.052,128.0,92.07,0.22116,-0.1374,-0.08707,0.00356,-0.18507
186.6,ETH-27MAR20,1571137145817,open,0.16,1581.0,0.112,0.213,0.164299,93.75,0.163,0.0,ETH-27MAR20-160-P,183.96,91.44,0.159,300.0,0.168,259.0,95.37,0.42668,-0.12205,-0.37902,0.00291,-0.28811
184.83,SYN.ETH-29NOV19,1571137145834,open,0.09,262.0,0.049,0.118,0.085004,83.88,0.104,0.0,ETH-29NOV19-200-C,183.96,80.28,0.08,420.0,0.088,420.0,86.04,0.25667,-0.23989,0.08336,0.00728,0.45183
184.83,SYN.ETH-29NOV19,1571137145834,open,0.19,6.0,0.152,0.225,0.191605,86.17,0.185,0.0,ETH-29NOV19-160-C,183.96,83.89,0.189,320.0,0.199,457.0,92.56,0.2122,-0.20373,0.12353,0.00586,0.7352
184.15,SYN.ETH-25OCT19,1571137145839,open,0.06,1161.0,0.029,0.088,0.059627,73.26,0.067,0.0,ETH-25OCT19-180-C,183.96,70.7,0.058,257.0,0.065,120.0,81.7,0.11714,-0.4345,0.02685,0.01743,0.59852
184.83,SYN.ETH-29NOV19,1571137145866,open,0.34,0.0,0.281,0.384,0.332613,83.86,None,0.0,ETH-29NOV19-240-P,183.96,0.0,0.0,0.0,0.0,0.0,0.0,0.19644,-0.18354,-0.25073,0.00558,-0.77073
185.38,ETH-27DEC19,1571137145868,open,0.01,895.0,0.003,0.028,0.012152,96.6,0.025,0.0,ETH-27DEC19-380-C,183.96,92.97,0.01,780.0,0.014,480.0,99.44,0.11599,-0.07687,0.02287,0.00175,0.07394
184.83,SYN.ETH-29NOV19,1571137145876,open,0.06,20.0,0.029,0.087,0.057226,86.15,0.055,0.0,ETH-29NOV19-160-P,183.96,83.33,0.054,320.0,0.061,229.0,89.43,0.21219,-0.20368,-0.07318,0.00586,-0.26478
185.38,ETH-27DEC19,1571137145889,open,0.21,3516.0,0.151,0.254,0.204569,88.09,0.214,0.0,ETH-27DEC19-200-P,183.96,84.96,0.199,96.0,0.208,190.0,90.01,0.33046,-0.19972,-0.2602,0.00547,-0.49843
185.38,ETH-27DEC19,1571137145896,open,0.01,1084.0,0.004,0.033,0.015099,95.51,0.019,0.0,ETH-27DEC19-360-C,183.96,92.5,0.013,480.0,0.017,480.0,98.05,0.13433,-0.08803,0.02766,0.00205,0.08984
184.83,SYN.ETH-29NOV19,1571137145898,open,0.12,27.0,0.089,0.163,0.128702,83.71,0.149,0.0,ETH-29NOV19-180-C,183.96,81.73,0.126,320.0,0.135,477.0,88.35,0.25139,-0.23448,0.10567,0.00715,0.59369
186.6,ETH-27MAR20,1571137145927,open,0.12,1076.0,0.068,0.165,0.11802,94.1,0.124,0.0,ETH-27MAR20-280-C,183.96,92.51,0.114,260.0,0.123,543.0,96.06,0.47263,-0.1357,0.21221,0.00321,0.37132
184.83,SYN.ETH-29NOV19,1571137145927,open,0.06,238.0,0.026,0.084,0.054501,83.88,0.054,0.0,ETH-29NOV19-220-C,183.96,80.3,0.05,239.0,0.057,459.0,85.85,0.23417,-0.21886,0.06218,0.00665,0.32813
184.83,SYN.ETH-29NOV19,1571137145929,open,0.02,147.0,0.007,0.043,0.022131,85.13,0.041,0.0,ETH-29NOV19-260-C,183.96,81.35,0.019,493.0,0.025,493.0,88.41,0.15779,-0.14967,0.03137,0.00441,0.16015
184.02,SYN.ETH-18OCT19,1571137145929,open,0.08,312.0,0.05,0.109,0.080652,79.71,0.079,0.0,ETH-18OCT19-170-C,183.96,76.01,0.08,40.0,0.086,40.0,104.95,0.03344,-0.46342,0.01153,0.01572,0.87598
184.83,SYN.ETH-29NOV19,1571137145929,open,0.1,160.0,0.064,0.14,0.102526,83.7,0.12,0.0,ETH-29NOV19-180-P,183.96,79.64,0.097,474.0,0.105,154.0,85.52,0.25139,-0.23444,-0.11563,0.00715,-0.40631
184.83,SYN.ETH-29NOV19,1571137145942,open,0.02,11.0,0.005,0.031,0.015321,101.21,0.023,0.0,ETH-29NOV19-120-P,183.96,98.67,0.014,358.0,0.017,300.0,104.32,0.09777,-0.11025,-0.02202,0.0023,-0.08156
184.83,SYN.ETH-29NOV19,1571137145944,open,0.17,0.0,0.121,0.211,0.167031,83.87,None,0.0,ETH-29NOV19-200-P,183.96,71.54,0.15,112.0,0.17,112.0,86.0,0.25666,-0.23984,-0.16254,0.00729,-0.5482
8316.53,SYN.BTC-18OCT19,1571137146016,open,0.13,0.0,0.1105,0.1505,0.12996935,95.16,None,0.0,BTC-18OCT19-7250-C,8313.97,0.0,0.114,6.0,0.145,6.0,182.83,0.73387,-12.14269,0.53878,0.00014,0.95225
8316.53,SYN.BTC-18OCT19,1571137146016,open,0.0,16.5,0.0005,0.0105,0.00027343,77.87,0.0005,0.0,BTC-18OCT19-9750-C,8313.97,0.0,0.0,0.0,0.0005,0.1,84.59,0.22597,-2.27401,0.0075,5e-05,0.01172
8316.53,SYN.BTC-18OCT19,1571137146016,open,0.0,160.5,0.0005,0.018,0.0049506,59.95,0.0055,0.0,BTC-18OCT19-8750-C,8313.97,55.67,0.004,39.0,0.006,34.0,64.37,1.9141,-19.9508,0.11249,0.00059,0.17663
8316.53,SYN.BTC-18OCT19,1571137146016,open,0.07,7.1,0.05,0.094,0.07211552,70.89,0.068,0.0,BTC-18OCT19-7750-C,8313.97,57.51,0.07,7.0,0.073,7.0,75.56,1.51547,-18.67936,0.52639,0.00039,0.87548
8316.53,SYN.BTC-18OCT19,1571137146016,open,0.0,56.0,0.0005,0.0115,0.00172748,95.16,0.002,0.0,BTC-18OCT19-7250-P,8313.97,92.49,0.0015,6.0,0.002,30.2,98.13,0.73391,-12.14355,-0.03242,0.00014,-0.04776
8316.53,SYN.BTC-18OCT19,1571137146016,open,0.18,0.0,0.1495,0.1975,0.17263781,77.88,None,0.0,BTC-18OCT19-9750-P,8313.97,0.0,0.0005,0.2,0.0,0.0,0.0,0.22609,-3.0616,-0.76066,5e-05,-0.98827
8316.53,SYN.BTC-18OCT19,1571137146016,open,0.02,104.8,0.002,0.0375,0.01654655,57.55,0.016,0.0,BTC-18OCT19-8250-P,8313.97,54.55,0.0155,18.0,0.018,5.9,61.72,2.89617,-28.98112,-0.29095,0.00092,-0.42749
8316.53,SYN.BTC-18OCT19,1571137146016,open,0.0,242.9,0.0005,0.0165,0.0039949,70.89,0.0045,0.0,BTC-18OCT19-7750-P,8313.97,68.1,0.0035,1.0,0.005,48.0,76.17,1.5155,-18.67993,-0.08421,0.00039,-0.12452
8316.53,SYN.BTC-18OCT19,1571137146018,open,0.12,0.6,0.0905,0.1385,0.11339646,69.89,0.113,0.0,BTC-18OCT19-9250-P,8313.97,54.71,0.1125,6.0,0.1155,1.0,87.83,0.71356,-8.67106,-0.69931,0.00019,-0.95389
8316.53,SYN.BTC-18OCT19,1571137146018,open,0.24,0.0,0.2085,0.2595,0.2327317,97.36,None,0.0,BTC-18OCT19-10250-P,8313.97,0.0,0.0005,0.1,0.0,0.0,0.0,0.17518,-2.96545,-0.80198,3e-05,-0.99124
8316.53,SYN.BTC-18OCT19,1571137146018,open,0.3,0.0,0.2675,0.321,0.29282904,115.01,None,0.0,BTC-18OCT19-10750-P,8313.97,0.0,0.0005,0.1,0.0,0.0,0.0,0.14181,-2.83589,-0.84258,2e-05,-0.99311
8316.53,SYN.BTC-18OCT19,1571137146018,open,0.02,117.3,0.006,0.046,0.02454593,57.55,0.023,0.0,BTC-18OCT19-8250-C,8313.97,51.67,0.0225,28.0,0.026,2.0,61.72,2.89617,-28.98084,0.35904,0.00092,0.57251
8316.53,SYN.BTC-18OCT19,1571137146018,open,0.0,128.6,0.0005,0.011,0.00115333,69.89,0.001,0.0,BTC-18OCT19-9250-C,8313.97,60.39,0.0005,52.5,0.002,30.1,78.29,0.71349,-8.6699,0.02945,0.00019,0.04611
8316.53,SYN.BTC-18OCT19,1571137146018,open,0.0,0.0,0.0005,0.0105,0.00022216,115.0,None,0.0,BTC-18OCT19-10750-C,8313.97,0.0,0.0,0.0,0.001,51.0,139.93,0.1417,-1.84763,0.00436,2e-05,0.00688
8316.53,SYN.BTC-18OCT19,1571137146018,open,0.0,14.1,0.0005,0.0105,0.00024607,97.35,0.001,0.0,BTC-18OCT19-10250-C,8313.97,0.0,0.0,0.0,0.0005,0.1,106.61,0.17507,-2.04644,0.00557,3e-05,0.00875
8316.53,SYN.BTC-18OCT19,1571137146018,open,0.06,6.4,0.0335,0.0815,0.05707247,59.95,0.055,0.0,BTC-18OCT19-8750-P,8313.97,55.1,0.056,6.0,0.059,1.0,67.89,1.91413,-19.95133,-0.57688,0.00059,-0.82336
184.02,SYN.ETH-18OCT19,1571137146047,open,0.13,121.0,0.104,0.16,0.132423,98.68,0.12,0.0,ETH-18OCT19-160-C,183.96,0.0,0.117,9.0,0.15,9.0,196.69,0.01697,-0.29116,0.01185,0.00645,0.94954
8322.76,SYN.BTC-25OCT19,1571137146301,open,0.01,746.0,0.0005,0.019,0.00658056,66.96,0.0075,0.0,BTC-25OCT19-9500-C,8313.97,63.67,0.0055,30.0,0.007,7.1,68.18,2.83217,-9.60196,0.26867,0.00023,0.12589
186.6,ETH-27MAR20,1571137146358,open,0.07,529.0,0.032,0.11,0.069555,96.21,0.075,0.0,ETH-27MAR20-360-C,183.96,94.5,0.066,260.0,0.073,554.0,97.84,0.39124,-0.11485,0.14523,0.0026,0.2429
8378.83,BTC-27DEC19,1571137146419,open,0.58,99.0,0.531,0.621,0.57419532,79.39,0.638,0.0,BTC-27DEC19-13000-P,8313.97,0.0,0.5405,5.0,0.612,5.0,109.58,8.50894,-4.63483,-23.91945,8e-05,-0.85561
8468.37,BTC-27MAR20,1571137146422,open,0.01,54.8,0.0025,0.0325,0.01249044,102.03,0.0115,0.0,BTC-27MAR20-32000-C,8313.97,99.93,0.011,16.0,0.0135,20.0,103.36,6.26589,-1.95052,1.59688,2e-05,0.05449
8468.37,BTC-27MAR20,1571137146422,open,1.86,0.0,1.785,1.933,1.85443635,93.51,None,0.0,BTC-27MAR20-24000-P,8313.97,0.0,0.0015,1.0,0.0,0.0,0.0,9.10904,-2.59884,-105.15868,3e-05,-0.91138
8468.37,BTC-27MAR20,1571137146424,open,0.02,143.5,0.007,0.0515,0.02443549,91.42,0.031,0.0,BTC-27MAR20-22000-C,8313.97,90.65,0.0235,6.0,0.025,0.2,91.88,10.33493,-2.88274,3.07225,4e-05,0.10524
8468.37,BTC-27MAR20,1571137146426,open,0.52,44.5,0.4555,0.579,0.5172897,81.24,0.585,0.0,BTC-27MAR20-12000-P,8313.97,61.87,0.4715,3.0,0.5445,3.0,91.93,21.15392,-5.24353,-44.13861,8e-05,-0.64362
8468.37,BTC-27MAR20,1571137146426,open,1.63,6.0,1.5555,1.6975,1.62234724,91.43,1.54,0.0,BTC-27MAR20-22000-P,8313.97,0.0,1.574,1.0,1.6745,1.0,122.97,10.33693,-2.88354,-95.70142,4e-05,-0.89473
8378.83,BTC-27DEC19,1571137146438,open,0.0,1542.5,0.0005,0.0105,5.889e-05,115.0,0.0005,0.0,BTC-27DEC19-52000-C,8313.97,0.0,0.0,0.0,0.001,29.0,143.6,0.06542,-0.05161,0.00723,0.0,0.00049
8378.83,BTC-27DEC19,1571137146438,open,0.01,541.9,0.0005,0.0205,0.00910372,93.56,0.009,0.0,BTC-27DEC19-4500-P,8313.97,92.11,0.0085,5.0,0.0095,24.0,94.48,3.54505,-2.27556,-0.90413,3e-05,-0.04494
8468.37,BTC-27MAR20,1571137146438,open,0.01,578.7,0.0005,0.0255,0.0087713,108.48,0.009,0.0,BTC-27MAR20-40000-C,8313.97,107.05,0.008,5.0,0.0095,15.0,109.75,4.70506,-1.55725,1.11709,1e-05,0.03815
8378.83,BTC-27DEC19,1571137146438,open,0.0,555.7,0.0005,0.0105,0.00035913,115.0,0.001,0.0,BTC-27DEC19-40000-C,8313.97,0.0,0.0,0.0,0.001,20.0,126.26,0.30893,-0.24375,0.03875,0.0,0.00268
8353.91,SYN.BTC-29NOV19,1571137146438,open,0.07,203.0,0.039,0.097,0.06812278,70.53,0.066,0.0,BTC-29NOV19-9000-C,8313.97,68.62,0.0655,24.4,0.069,0.2,71.17,11.50303,-9.03961,3.71198,0.00019,0.42953
8353.91,SYN.BTC-29NOV19,1571137146438,open,0.02,191.3,0.0045,0.0305,0.01509321,82.16,0.014,0.0,BTC-29NOV19-6000-P,8313.97,81.17,0.0145,24.0,0.016,16.0,83.64,5.06617,-4.63771,-1.16181,7e-05,-0.09802
8322.76,SYN.BTC-25OCT19,1571137146438,open,0.81,0.0,0.767,0.8395,0.80235229,115.17,None,0.0,BTC-25OCT19-15000-P,8313.97,0.0,0.001,0.1,0.0,0.0,0.0,0.05804,-0.33843,-4.05576,0.0,-0.99871
8322.76,SYN.BTC-25OCT19,1571137146438,open,0.01,861.6,0.003,0.0325,0.01485306,64.64,0.0145,0.0,BTC-25OCT19-9000-C,8313.97,63.96,0.0145,17.4,0.015,5.0,64.93,4.32665,-14.1607,0.52377,0.00036,0.24745
8353.91,SYN.BTC-29NOV19,1571137146440,open,0.04,158.2,0.016,0.062,0.03748327,71.16,0.0365,0.0,BTC-29NOV19-10000-C,8313.97,69.89,0.036,32.3,0.0385,0.2,72.03,9.78393,-7.75744,2.44539,0.00016,0.27557
8322.76,SYN.BTC-25OCT19,1571137146455,open,0.69,2.0,0.6495,0.718,0.68235579,115.06,0.372,0.0,BTC-25OCT19-14000-P,8313.97,0.0,0.002,0.1,1.5,0.5,500.0,0.16165,-0.94163,-3.77946,1e-05,-0.99601
8378.83,BTC-27DEC19,1571137146462,open,0.01,393.2,0.0005,0.0245,0.00975672,85.63,0.01,0.0,BTC-27DEC19-16000-C,8313.97,84.29,0.009,57.0,0.01,24.0,86.05,4.85374,-2.85158,0.9558,4e-05,0.06689
8322.76,SYN.BTC-25OCT19,1571137146462,open,0.33,27.9,0.296,0.3535,0.3231933,86.27,0.35,0.0,BTC-25OCT19-11000-P,8313.97,0.0,0.304,5.0,0.346,5.0,164.57,0.90789,-3.96562,-2.91415,6e-05,-0.97091
8378.83,BTC-27DEC19,1571137146466,open,1.16,9.4,1.1075,1.208,1.15484152,90.42,1.1125,0.0,BTC-27DEC19-18000-P,8313.97,0.0,0.0,0.0,0.0,0.0,0.0,3.57834,-2.22001,-35.28799,3e-05,-0.95453
8378.83,BTC-27DEC19,1571137146466,open,2.83,0.3,2.7445,2.9015,2.8201809,111.41,1.875,0.0,BTC-27DEC19-32000-P,8313.97,0.0,0.0,0.0,0.0,0.0,0.0,0.75572,-0.57766,-63.78641,0.0,-0.99272
8468.37,BTC-27MAR20,1571137146468,open,0.04,219.1,0.014,0.071,0.03859917,87.31,0.043,0.0,BTC-27MAR20-18000-C,8313.97,86.63,0.0375,4.9,0.0395,0.2,87.86,13.77906,-3.67049,4.5975,5e-05,0.15952
8322.76,SYN.BTC-25OCT19,1571137146468,open,0.39,0.0,0.355,0.4135,0.38276202,91.64,None,0.0,BTC-25OCT19-11500-P,8313.97,0.0,0.0015,0.1,0.0,0.0,0.0,0.64136,-2.97575,-3.07047,4e-05,-0.98076
8322.76,SYN.BTC-25OCT19,1571137146468,open,0.0,50.2,0.0005,0.011,0.00100785,91.63,0.001,0.0,BTC-25OCT19-11500-C,8313.97,83.44,0.0005,26.5,0.0015,35.0,97.21,0.64099,-2.97363,0.04102,4e-05,0.01923
