underlying_price,underlying_index,timestamp,state,settlement_price,open_interest,min_price,max_price,mark_price,mark_iv,last_price,interest_rate,instrument_name,index_price,bid_iv,best_bid_price,best_bid_amount,best_ask_price,best_ask_amount,ask_iv,vega,theta,rho,gamma,delta
213.36,SYN.ETH-9AUG19,1564570740003,open,0.25,0.0,0.228,0.277,0.252707,108.19,None,0.0,ETH-9AUG19-160-C,213.25,0.0,0.0,0.0,0.0,0.0,0.0,0.02674,-0.16297,0.03687,0.00223,0.96328
9783.34,SYN.BTC-9AUG19,1564570740106,open,0.15,0.1,0.1105,0.1805,0.1457587,99.62,0.2195,0.0,BTC-9AUG19-11000-P,9772.3,89.69,0.141,12.0,0.0,0.0,0.0,4.84012,-27.16138,-2.13284,0.00021,-0.75077
213.36,SYN.ETH-9AUG19,1564570740164,open,0.34,0.0,0.324,0.366,0.34478,127.06,None,0.0,ETH-9AUG19-140-C,213.25,0.0,0.0,0.0,0.0,0.0,0.0,0.01115,-0.07984,0.03332,0.00079,0.98698
9783.32,SYN.BTC-9AUG19,1564570740277,open,0.0,152.0,0.0005,0.0105,0.00098981,104.21,0.0015,0.0,BTC-9AUG19-7000-P,9772.3,94.64,0.0005,100.0,0.0015,10.0,111.29,0.61483,-3.6095,-0.04072,3e-05,-0.01613
213.36,SYN.ETH-9AUG19,1564570740288,open,0.01,3.0,0.001,0.018,0.005738,106.13,0.014,0.0,ETH-9AUG19-170-P,213.25,97.37,0.004,280.0,0.008,550.0,115.81,0.04603,-0.27519,-0.00407,0.00392,-0.07278
9844.31,BTC-27SEP19,1564570740301,open,0.19,386.1,0.1465,0.228,0.19046131,95.03,0.179,0.0,BTC-27SEP19-9000-C,9772.3,91.94,0.186,19.4,0.1925,14.4,96.42,14.28102,-11.72463,7.40712,0.0001,0.66501
213.36,SYN.ETH-9AUG19,1564570740314,open,0.42,0.0,0.366,0.454,0.407697,108.09,None,0.0,ETH-9AUG19-300-P,213.25,0.0,0.0,0.0,0.0,0.0,0.0,0.02031,-0.12366,-0.07167,0.0017,-0.97367
213.36,SYN.ETH-9AUG19,1564570740328,open,0.0,0.0,0.001,0.011,0.000966,127.15,None,0.0,ETH-9AUG19-140-P,213.25,0.0,0.0,0.0,0.002,850.0,142.49,0.01119,-0.08015,-0.00073,0.0008,-0.01307
9783.32,SYN.BTC-9AUG19,1564570740330,open,0.33,0.0,0.3225,0.351,0.33615765,114.68,None,0.0,BTC-9AUG19-6500-C,9772.3,0.0,0.0,0.0,0.0,0.0,0.0,0.36196,-2.33834,1.55846,1e-05,0.99125
213.36,SYN.ETH-9AUG19,1564570740373,open,0.16,0.0,0.134,0.198,0.167673,104.14,None,0.0,ETH-9AUG19-180-C,213.25,0.0,0.0,0.0,0.0,0.0,0.0,0.07025,-0.41215,0.03646,0.00609,0.87035
9783.32,SYN.BTC-9AUG19,1564570740411,open,0.0,248.1,0.0005,0.015,0.0037614,108.66,0.0035,0.0,BTC-9AUG19-13000-C,9772.3,104.03,0.003,4.7,0.005,40.0,115.19,1.71149,-10.47665,0.1233,7e-05,0.05559
9994.23,BTC-27DEC19,1564570740426,open,0.42,63.0,0.3775,0.4525,0.41702866,95.22,0.4965,0.0,BTC-27DEC19-6500-C,9772.27,42.74,0.355,1.0,0.956,2.0,500.0,15.26694,-4.88215,17.4098,4e-05,0.84411
9994.23,BTC-27DEC19,1564570740426,open,0.04,93.3,0.016,0.0625,0.03775177,95.21,0.037,0.0,BTC-27DEC19-5500-P,9772.27,93.17,0.0355,1.0,0.038,6.0,95.43,11.13386,-3.56007,-5.58156,3e-05,-0.09917
9994.23,BTC-27DEC19,1564570740426,open,3.42,0.0,3.3175,3.511,3.40923588,105.7,3.46,0.0,BTC-27DEC19-44000-P,9772.27,0.0,0.0,0.0,0.0,0.0,0.0,4.53178,-1.6088,-178.45211,1e-05,-0.96842
9994.23,BTC-27DEC19,1564570740426,open,0.04,269.3,0.012,0.0755,0.0397571,101.68,0.0355,0.0,BTC-27DEC19-24000-C,9772.27,101.18,0.039,0.1,0.0415,16.0,102.83,15.0698,-5.14647,4.61027,4e-05,0.15285
9844.1,BTC-27SEP19,1564570740426,open,0.5,790.2,0.483,0.5135,0.49748975,101.17,0.498,0.0,BTC-27SEP19-5000-C,9772.27,0.0,0.051,1.0,0.6295,5.0,299.34,2.6561,-2.32149,7.37783,2e-05,0.97015
9994.23,BTC-27DEC19,1564570740426,open,0.75,0.0,0.7415,0.761,0.75135982,98.85,None,0.0,BTC-27DEC19-2500-C,9772.27,0.0,0.015,3.0,0.974,0.5,500.0,1.08961,-0.36175,9.88996,0.0,0.99397
9844.1,BTC-27SEP19,1564570740426,open,0.25,899.9,0.2105,0.2835,0.24928726,95.03,0.2375,0.0,BTC-27SEP19-8000-C,9772.27,85.99,0.2385,0.5,0.3165,5.0,148.26,11.91568,-9.78231,8.12093,8e-05,0.76955
9994.23,BTC-27DEC19,1564570740426,open,1.45,0.0,1.369,1.5195,1.44108263,101.64,None,0.0,BTC-27DEC19-24000-P,9772.27,0.0,0.0065,1.0,2.2345,0.2,499.82,15.05966,-5.14099,-93.28447,4e-05,-0.8473
9994.23,BTC-27DEC19,1564570740426,open,0.35,93.7,0.308,0.397,0.35587722,95.22,0.324,0.0,BTC-27DEC19-7500-C,9772.27,0.0,0.211,0.1,0.3825,2.5,109.24,18.84089,-6.02496,17.33719,5e-05,0.78118
9844.1,BTC-27SEP19,1564570740426,open,0.64,261.1,0.636,0.6555,0.64550491,114.19,0.714,0.0,BTC-27SEP19-3500-C,9772.27,0.0,0.161,1.0,0.7125,10.0,299.31,0.68428,-0.67504,5.43689,0.0,0.99382
9994.23,BTC-27DEC19,1564570740426,open,0.57,6.5,0.5475,0.588,0.56746035,95.49,0.575,0.0,BTC-27DEC19-4500-C,9772.27,0.0,0.012,0.1,0.964,1.0,500.0,6.92972,-2.22235,15.45803,2e-05,0.94667
9994.23,BTC-27DEC19,1564570740426,open,0.0,98.9,0.0005,0.011,0.00132737,112.44,0.001,0.0,BTC-27DEC19-2000-P,9772.27,99.62,0.0005,3.0,0.0015,10.0,114.35,0.86819,-0.32786,-0.24442,0.0,-0.00467
9844.1,BTC-27SEP19,1564570740426,open,0.8,28.2,0.7875,0.807,0.79705527,145.28,0.755,0.0,BTC-27SEP19-2000-C,9772.27,0.0,0.01,1.0,0.9085,5.0,500.0,0.15203,-0.19081,3.14958,0.0,0.99883
9994.23,BTC-27DEC19,1564570740426,open,3.02,0.0,2.9255,3.1075,3.01141848,105.09,2.58,0.0,BTC-27DEC19-40000-P,9772.27,0.0,0.0005,3.0,0.0,0.0,0.0,5.69378,-2.00956,-161.82123,1e-05,-0.95826
9994.23,BTC-27DEC19,1564570740426,open,0.33,202.5,0.277,0.372,0.32858479,95.22,0.297,0.0,BTC-27DEC19-8000-C,9772.27,66.46,0.271,0.1,0.999,0.1,500.0,20.3438,-6.50557,17.12115,5e-05,0.74859
9844.1,BTC-27SEP19,1564570740426,open,1.04,0.0,0.9935,1.0925,1.0402493,100.41,None,0.0,BTC-27SEP19-20000-P,9772.27,0.0,0.005,10.0,1.5915,0.2,500.0,4.53819,-3.93663,-30.94346,3e-05,-0.94214
9994.23,BTC-27DEC19,1564570740426,open,1.83,0.1,1.7545,1.9095,1.82770455,102.54,2.035,0.0,BTC-27DEC19-28000-P,9772.27,0.0,0.001,1.0,0.0,0.0,0.0,11.72072,-4.03632,-110.93074,3e-05,-0.89357
9844.1,BTC-27SEP19,1564570740426,open,0.4,713.5,0.383,0.4265,0.40470117,97.22,0.362,0.0,BTC-27SEP19-6000-C,9772.27,0.0,0.0,0.0,0.7545,0.3,499.91,5.28871,-4.44194,8.19258,4e-05,0.92956
9844.1,BTC-27SEP19,1564570740426,open,0.0,49.2,0.0005,0.011,0.00134941,126.13,0.0015,0.0,BTC-27SEP19-3250-P,9772.27,111.32,0.0005,0.1,0.001,2.0,121.16,0.76309,-0.83149,-0.1302,0.0,-0.00699
9994.23,BTC-27DEC19,1564570740426,open,0.85,0.1,0.8405,0.86,0.85041579,117.44,0.84,0.0,BTC-27DEC19-1500-C,9772.27,0.0,0.02,10.0,0.981,0.5,500.0,0.37594,-0.14828,6.02252,0.0,0.99816
9844.1,BTC-27SEP19,1564570740426,open,0.01,523.7,0.0005,0.023,0.00861884,100.5,0.009,0.0,BTC-27SEP19-20000-C,9772.27,97.98,0.0075,39.0,0.01,24.1,103.36,4.55136,-3.95174,0.77191,3e-05,0.05807
9844.1,BTC-27SEP19,1564570740426,open,0.57,9.2,0.56,0.5825,0.5705644,105.41,0.574,0.0,BTC-27SEP19-4250-C,9772.27,0.0,0.005,10.1,0.669,5.0,299.69,1.35745,-1.23621,6.49209,1e-05,0.98648
9809.4,SYN.BTC-30AUG19,1564570740426,open,0.55,0.0,0.5025,0.584,0.5413527,103.22,None,0.0,BTC-30AUG19-15000-P,9772.27,0.0,0.0,0.0,0.0,0.0,0.0,4.86869,-8.4106,-11.58537,6e-05,-0.90157
9994.2,BTC-27DEC19,1564570740427,open,0.03,253.8,0.01,0.0465,0.02648309,95.21,0.0245,0.0,BTC-27DEC19-5000-P,9772.27,92.39,0.024,6.0,0.027,6.0,95.78,8.98969,-2.87446,-4.11669,2e-05,-0.0745
9994.2,BTC-27DEC19,1564570740426,open,0.03,95.5,0.0065,0.0555,0.02616627,102.6,0.025,0.0,BTC-27DEC19-28000-C,9772.27,101.16,0.0245,6.0,0.028,16.0,104.14,11.73871,-4.04515,3.28131,3e-05,0.10666
9994.2,BTC-27DEC19,1564570740427,open,0.03,155.0,0.009,0.0645,0.03203902,102.11,0.032,0.0,BTC-27DEC19-26000-C,9772.27,100.94,0.0305,6.0,0.034,16.0,103.56,13.29468,-4.55914,3.87614,3e-05,0.12713
9844.1,BTC-27SEP19,1564570740427,open,0.0,321.7,0.0005,0.014,0.0041264,102.47,0.0045,0.0,BTC-27SEP19-4750-P,9772.27,99.48,0.0035,24.0,0.005,15.0,106.24,2.15943,-1.91171,-0.42811,1e-05,-0.0233
9844.1,BTC-27SEP19,1564570740427,open,0.0,335.8,0.0005,0.013,0.00313759,104.09,0.0035,0.0,BTC-27SEP19-4500-P,9772.27,100.23,0.0025,24.0,0.004,31.0,108.62,1.73902,-1.56376,-0.33065,1e-05,-0.01805
9994.2,BTC-27DEC19,1564570740427,open,0.45,122.9,0.416,0.483,0.45105621,95.22,0.502,0.0,BTC-27DEC19-6000-C,9772.27,69.82,0.421,4.0,0.88,0.2,443.74,13.2488,-4.23691,17.22074,3e-05,0.8735
9783.32,SYN.BTC-9AUG19,1564570740426,open,0.19,0.0,0.167,0.212,0.18900531,100.76,None,0.0,BTC-9AUG19-8000-C,9772.27,0.0,0.0,0.0,0.0,0.0,0.0,2.41606,-13.71379,1.72234,0.0001,0.91298
9783.32,SYN.BTC-9AUG19,1564570740426,open,0.01,346.1,0.0005,0.025,0.00870345,103.39,0.0085,0.0,BTC-9AUG19-12000-C,9772.27,101.07,0.008,0.1,0.01,12.1,107.48,3.01217,-17.54447,0.25954,0.00013,0.1178
9994.2,BTC-27DEC19,1564570740427,open,4.22,1.0,4.1015,4.3225,4.20708623,107.62,4.454,0.0,BTC-27DEC19-52000-P,9772.27,0.0,0.001,1.0,6.0,1.0,500.0,3.07704,-1.11217,-211.45161,1e-05,-0.9801
9994.2,BTC-27DEC19,1564570740428,open,0.02,283.4,0.005,0.0485,0.02166011,103.18,0.017,0.0,BTC-27DEC19-30000-C,9772.27,101.54,0.02,6.0,0.0235,16.0,104.91,10.39419,-3.60176,2.79968,2e-05,0.09034
9994.2,BTC-27DEC19,1564570740427,open,0.0,376.4,0.0005,0.013,0.0031438,96.55,0.004,0.0,BTC-27DEC19-3000-P,9772.27,93.07,0.0025,6.0,0.004,10.0,100.56,1.98116,-0.64242,-0.61381,1e-05,-0.01191
9844.1,BTC-27SEP19,1564570740427,open,2.05,0.0,1.988,2.1135,2.0484505,106.1,None,0.0,BTC-27SEP19-30000-P,9772.27,0.0,0.0,0.0,0.0,0.0,0.0,0.82399,-0.75529,-47.46467,1e-05,-0.99237
9994.2,BTC-27DEC19,1564570740428,open,1.26,3.9,1.178,1.3275,1.2504144,100.84,0.752,0.0,BTC-27DEC19-22000-P,9772.27,0.0,0.0065,2.0,2.0405,0.3,499.6,16.93493,-5.73529,-84.26789,4e-05,-0.81679
9994.2,BTC-27DEC19,1564570740427,open,0.02,132.2,0.0035,0.0425,0.01798728,103.62,0.016,0.0,BTC-27DEC19-32000-C,9772.27,101.96,0.0165,6.0,0.0195,16.0,105.22,9.18987,-3.19803,2.39296,2e-05,0.07669
9844.1,BTC-27SEP19,1564570740428,open,0.0,756.0,0.0005,0.011,0.00124994,114.67,0.0015,0.0,BTC-27SEP19-32000-C,9772.27,104.47,0.0005,13.0,0.0015,15.0,117.02,0.98082,-0.97169,0.1257,1e-05,0.0093
9844.1,BTC-27SEP19,1564570740427,open,0.85,42.8,0.838,0.8575,0.84766006,146.06,0.815,0.0,BTC-27SEP19-1500-C,9772.27,0.0,0.0,0.0,0.0,0.0,0.0,0.03127,-0.03945,2.3746,0.0,0.99979
9844.1,BTC-27SEP19,1564570740428,open,2.26,0.0,2.187,2.3205,2.25185867,113.96,None,0.0,BTC-27SEP19-32000-P,9772.27,0.0,0.0,0.0,0.0,0.0,0.0,0.94109,-0.92655,-50.62025,1e-05,-0.99113
9844.1,BTC-27SEP19,1564570740428,open,0.59,227.5,0.5855,0.6065,0.59543494,108.0,0.7065,0.0,BTC-27SEP19-4000-C,9772.27,0.0,0.111,2.0,0.683,5.0,299.63,1.08739,-1.01459,6.1515,1e-05,0.98953
9844.1,BTC-27SEP19,1564570740427,open,0.0,586.8,0.0005,0.0105,0.00096562,128.89,0.0005,0.0,BTC-27SEP19-3000-P,9772.27,0.0,0.0,0.0,0.0015,22.9,136.75,0.57259,-0.63757,-0.09401,0.0,-0.00506
9783.32,SYN.BTC-9AUG19,1564570740426,open,0.39,0.0,0.353,0.4155,0.38208588,108.62,None,0.0,BTC-9AUG19-13500-P,9772.27,0.0,0.0,0.0,0.0,0.0,0.0,1.16911,-7.1535,-3.20556,5e-05,-0.96535
9844.07,BTC-27SEP19,1564570740428,open,0.62,0.0,0.6105,0.63,0.6203325,109.87,None,0.0,BTC-27SEP19-3750-C,9772.27,0.0,0.005,10.0,0.6975,10.0,299.53,0.82699,-0.78496,5.80671,0.0,0.99234
9994.2,BTC-27DEC19,1564570740428,open,0.88,12.4,0.8065,0.9535,0.87994859,99.38,0.559,0.0,BTC-27DEC19-18000-P,9772.27,0.0,0.005,5.0,1.6545,0.2,499.84,21.14556,-7.05786,-65.58542,5e-05,-0.72895
9994.2,BTC-27DEC19,1564570740428,open,0.01,128.4,0.0005,0.016,0.00621715,95.96,0.0055,0.0,BTC-27DEC19-3500-P,9772.27,92.07,0.005,6.0,0.0075,16.0,99.63,3.32062,-1.07019,-1.14093,1e-05,-0.02177
9774.63,SYN.BTC-2AUG19,1564570740426,open,0.0,145.1,0.0005,0.0105,8.64e-06,145.0,0.0005,0.0,BTC-2AUG19-14000-C,9772.27,0.0,0.0,0.0,0.0005,12.0,209.53,0.00851,-0.08443,0.00016,0.0,0.00033
9783.32,SYN.BTC-9AUG19,1564570740426,open,0.0,15.7,0.0005,0.0105,0.0005509,114.61,0.0005,0.0,BTC-9AUG19-6500-P,9772.27,0.0,0.0,0.0,0.001,4.6,124.45,0.36077,-2.32921,-0.02206,1e-05,-0.00872
9994.2,BTC-27DEC19,1564570740429,open,0.0,173.8,0.0005,0.0105,0.00049862,117.34,0.001,0.0,BTC-27DEC19-1500-P,9772.27,0.0,0.0,0.0,0.001,18.0,127.65,0.37394,-0.14736,-0.09506,0.0,-0.00183
9994.2,BTC-27DEC19,1564570740429,open,0.8,0.0,0.7915,0.811,0.80121691,112.51,None,0.0,BTC-27DEC19-2000-C,9772.27,0.0,0.015,3.0,0.977,0.5,500.0,0.87062,-0.32897,7.91233,0.0,0.99532
9809.4,SYN.BTC-30AUG19,1564570740426,open,0.04,359.6,0.013,0.059,0.03465611,98.4,0.034,0.0,BTC-30AUG19-8000-P,9772.27,96.92,0.0335,5.2,0.0355,19.3,99.47,7.70141,-12.68266,-1.83193,0.0001,-0.1935
9783.32,SYN.BTC-9AUG19,1564570740426,open,0.23,0.0,0.218,0.2555,0.23603065,101.36,None,0.0,BTC-9AUG19-7500-C,9772.27,0.0,0.0,0.0,0.0,0.0,0.0,1.29222,-7.37868,1.72432,5e-05,0.96084
9994.2,BTC-27DEC19,1564570740429,open,0.54,16.0,0.4605,0.6025,0.53415123,97.55,0.5865,0.0,BTC-27DEC19-14000-P,9772.27,90.18,0.516,5.0,0.5445,3.7,101.71,24.80218,-8.12614,-45.85555,6e-05,-0.59075
9844.07,BTC-27SEP19,1564570740429,open,0.52,13.5,0.5085,0.536,0.52161417,102.53,0.382,0.0,BTC-27SEP19-4750-C,9772.27,0.0,0.005,10.0,0.6425,5.0,299.82,2.16298,-1.91585,7.10277,1e-05,0.97665
9994.2,BTC-27DEC19,1564570740429,open,1.64,0.0,1.561,1.7135,1.63346749,102.05,None,0.0,BTC-27DEC19-26000-P,9772.27,0.0,0.005,10.0,2.4285,0.2,499.68,13.27859,-4.55092,-102.17803,3e-05,-0.8731
9844.07,BTC-27SEP19,1564570740430,open,0.0,1660.1,0.0005,0.0105,3.235e-05,145.0,0.0005,0.0,BTC-27SEP19-1500-P,9772.27,0.0,0.0,0.0,0.0005,12.0,186.74,0.02897,-0.03629,-0.00354,0.0,-0.00019
9783.32,SYN.BTC-9AUG19,1564570740426,open,0.34,0.0,0.303,0.3665,0.3325479,108.63,None,0.0,BTC-9AUG19-13000-P,9772.27,0.0,0.0,0.0,0.0,0.0,0.0,1.71014,-10.46547,-3.03802,7e-05,-0.94446
9844.07,BTC-27SEP19,1564570740430,open,0.56,29.6,0.5085,0.61,0.55833154,98.52,0.58,0.0,BTC-27SEP19-15000-P,9772.27,0.0,0.005,10.0,1.134,0.3,500.0,10.64196,-9.05811,-21.35631,7e-05,-0.80986
9994.2,BTC-27DEC19,1564570740430,open,0.53,63.4,0.5015,0.5505,0.52620844,95.22,0.5,0.0,BTC-27DEC19-5000-C,9772.27,0.0,0.33,1.0,0.555,1.0,123.2,8.99165,-2.87561,16.27574,2e-05,0.92547
9994.2,BTC-27DEC19,1564570740430,open,0.62,5.6,0.542,0.686,0.61600474,97.55,0.5485,0.0,BTC-27DEC19-15000-P,9772.27,0.0,0.45,0.2,1.1,0.1,304.48,24.03205,-7.87378,-50.92077,6e-05,-0.63315
9994.2,BTC-27DEC19,1564570740430,open,2.23,0.3,2.1435,2.3055,2.21974504,103.51,1.875,0.0,BTC-27DEC19-32000-P,9772.27,0.0,0.0,0.0,0.0,0.0,0.0,9.16124,-3.18474,-128.13694,2e-05,-0.92362
9774.63,SYN.BTC-2AUG19,1564570740428,open,0.0,115.7,0.0005,0.0105,8.4e-07,145.0,0.0005,0.0,BTC-2AUG19-6500-P,9772.27,0.0,0.0,0.0,0.0005,12.0,245.72,0.00103,-0.00822,-2e-05,0.0,-3e-05
9844.07,BTC-27SEP19,1564570740430,open,0.32,748.2,0.2905,0.349,0.32059111,95.08,0.3185,0.0,BTC-27SEP19-7000-C,9772.27,0.0,0.2,1.0,0.4025,5.0,174.08,8.63473,-7.09248,8.45275,6e-05,0.86212
9994.2,BTC-27DEC19,1564570740430,open,0.66,4.0,0.6445,0.669,0.65602384,95.99,0.64,0.0,BTC-27DEC19-3500-C,9772.27,0.0,0.0075,0.2,0.78,1.0,259.34,3.32352,-1.07146,13.13351,1e-05,0.97821
9994.2,BTC-27DEC19,1564570740431,open,0.05,170.5,0.017,0.088,0.04919973,100.87,0.0455,0.0,BTC-27DEC19-22000-C,9772.27,99.87,0.0475,4.9,0.051,10.0,101.93,16.94352,-5.74028,5.46895,4e-05,0.18336
9994.2,BTC-27DEC19,1564570740431,open,0.7,0.0,0.693,0.713,0.70297896,96.6,None,0.0,BTC-27DEC19-3000-C,9772.27,0.0,0.0055,0.1,0.971,0.5,500.0,1.98472,-0.64388,11.62117,1e-05,0.98806
9809.4,SYN.BTC-30AUG19,1564570740427,open,0.0,327.6,0.0005,0.0135,0.00373737,107.4,0.002,0.0,BTC-30AUG19-18000-C,9772.27,103.77,0.003,24.0,0.0045,10.0,110.71,2.12934,-3.82736,0.24484,3e-05,0.03423
9774.63,SYN.BTC-2AUG19,1564570740429,open,0.0,391.2,0.0005,0.0105,2.21e-06,145.0,0.002,0.0,BTC-2AUG19-14500-C,9772.27,0.0,0.0,0.0,0.0005,12.0,226.95,0.00255,-0.02159,4e-05,0.0,9e-05
9844.07,BTC-27SEP19,1564570740431,open,0.65,34.4,0.603,0.703,0.65136193,98.97,0.6695,0.0,BTC-27SEP19-16000-P,9772.27,0.0,0.005,10.0,1.2245,0.2,500.0,9.1495,-7.82325,-23.43112,6e-05,-0.84976
9844.07,BTC-27SEP19,1564570740431,open,0.0,301.9,0.0005,0.011,0.00149877,105.94,0.002,0.0,BTC-27SEP19-28000-C,9772.27,101.23,0.001,34.0,0.002,24.0,109.65,1.19742,-1.09596,0.15918,1e-05,0.0117
9844.07,BTC-27SEP19,1564570740431,open,0.0,671.4,0.0005,0.011,0.00100481,106.86,0.0015,0.0,BTC-27SEP19-30000-C,9772.27,99.57,0.0005,0.1,0.0015,24.0,111.7,0.86522,-0.79875,0.11018,1e-05,0.00806
9994.2,BTC-27DEC19,1564570740431,open,0.07,222.7,0.0345,0.1005,0.06738698,95.21,0.074,0.0,BTC-27DEC19-6500-P,9772.27,92.31,0.063,4.9,0.067,4.9,94.95,15.26622,-4.88133,-9.10117,4e-05,-0.15588
9994.2,BTC-27DEC19,1564570740431,open,1.07,5.7,0.99,1.1385,1.0630695,100.15,1.085,0.0,BTC-27DEC19-20000-P,9772.27,0.0,0.005,5.0,1.466,1.0,267.31,19.00713,-6.39323,-75.04154,5e-05,-0.7778
9994.2,BTC-27DEC19,1564570740431,open,0.0,208.8,0.0005,0.011,0.00149789,98.8,0.0015,0.0,BTC-27DEC19-2500-P,9772.27,86.06,0.0005,28.0,0.0025,10.0,106.53,1.08662,-0.36055,-0.30599,0.0,-0.00601
9809.4,SYN.BTC-30AUG19,1564570740429,open,0.01,210.8,0.0005,0.022,0.00821291,104.87,0.0065,0.0,BTC-30AUG19-16000-C,9772.27,102.95,0.0075,24.0,0.009,10.0,106.88,3.7412,-6.56622,0.49088,5e-05,0.06935
9844.07,BTC-27SEP19,1564570740432,open,0.85,1.0,0.797,0.896,0.84373202,100.31,1.5815,0.0,BTC-27SEP19-18000-P,9772.27,0.0,0.005,0.3,1.407,0.3,500.0,6.62044,-5.73735,-27.29764,4e-05,-0.9051
9994.2,BTC-27DEC19,1564570740432,open,0.11,325.9,0.0625,0.165,0.11517703,97.57,0.113,0.0,BTC-27DEC19-15000-C,9772.27,96.87,0.1135,4.9,0.116,0.3,97.91,24.03349,-7.87569,10.26197,6e-05,0.36692
9774.63,SYN.BTC-2AUG19,1564570740429,open,0.23,0.0,0.204,0.2575,0.22841238,137.52,None,0.0,BTC-2AUG19-12000-P,9772.27,0.0,0.0,0.0,0.285,1.0,453.46,0.35511,-13.01743,-0.60644,5e-05,-0.97889
9774.63,SYN.BTC-2AUG19,1564570740430,open,0.0,239.2,0.0005,0.0105,3.186e-05,145.0,0.0005,0.0,BTC-2AUG19-13500-C,9772.27,0.0,0.0,0.0,0.0005,12.0,191.24,0.02633,-0.31138,0.00055,0.0,0.00113
9774.63,SYN.BTC-2AUG19,1564570740426,open,0.13,37.6,0.113,0.155,0.1325145,124.72,0.12,0.0,BTC-2AUG19-8500-C,9772.27,0.0,0.1285,0.5,0.133,0.5,130.57,0.76793,-25.5305,0.40863,0.00013,0.94603
9774.63,SYN.BTC-2AUG19,1564570740429,open,0.0,316.4,0.0005,0.0105,0.00029853,142.03,0.0005,0.0,BTC-2AUG19-12500-C,9772.27,0.0,0.0,0.0,0.0005,1.0,151.58,0.17071,-2.91798,0.00438,2e-05,0.00902
9809.4,SYN.BTC-30AUG19,1564570740429,open,0.36,17.1,0.312,0.3975,0.3544441,101.36,0.289,0.0,BTC-30AUG19-13000-P,9772.27,0.0,0.0,0.0,0.0,0.0,0.0,7.9593,-13.50197,-9.23405,0.0001,-0.79563
9844.07,BTC-27SEP19,1564570740432,open,0.67,0.0,0.6615,0.681,0.67120946,126.23,None,0.0,BTC-27SEP19-3250-C,9772.27,0.0,0.005,10.0,0.8755,5.0,500.0,0.7661,-0.83546,5.0225,0.0,0.99298
9809.4,SYN.BTC-30AUG19,1564570740426,open,0.03,146.4,0.0085,0.054,0.0291999,101.38,0.0305,0.0,BTC-30AUG19-13000-C,9772.27,99.89,0.028,19.3,0.0305,10.0,102.97,7.9606,-13.50658,1.40694,0.0001,0.20443
9994.2,BTC-27DEC19,1564570740432,open,3.82,0.0,3.7095,3.916,3.80785057,106.41,None,0.0,BTC-27DEC19-48000-P,9772.27,0.0,0.0,0.0,6.0,1.0,500.0,3.66235,-1.30879,-194.99124,1e-05,-0.97554
9783.32,SYN.BTC-9AUG19,1564570740426,open,0.05,89.0,0.018,0.077,0.04753641,99.48,0.0545,0.0,BTC-9AUG19-9500-P,9772.27,97.75,0.0465,0.1,0.05,24.0,103.58,5.87314,-32.91271,-1.05216,0.00025,-0.39473
9774.63,SYN.BTC-2AUG19,1564570740428,open,0.39,0.0,0.3545,0.409,0.38115608,144.13,None,0.0,BTC-2AUG19-13500-P,9772.27,0.0,0.01,10.0,0.0,0.0,0.0,0.02483,-0.95402,-0.69323,0.0,-0.99894
9783.32,SYN.BTC-9AUG19,1564570740426,open,0.05,95.8,0.021,0.0805,0.05170303,98.91,0.0535,0.0,BTC-9AUG19-10000-C,9772.27,97.78,0.051,1.0,0.054,10.0,102.61,6.07346,-33.84105,1.00494,0.00026,0.47412
9809.4,SYN.BTC-30AUG19,1564570740426,open,0.74,0.0,0.7,0.782,0.7385934,106.34,None,0.0,BTC-30AUG19-17000-P,9772.27,0.0,0.0,0.0,0.0,0.0,0.0,2.84511,-5.06348,-13.56647,3e-05,-0.95107
9994.2,BTC-27DEC19,1564570740432,open,2.03,0.2,1.9485,2.107,2.02330802,103.09,2.03,0.0,BTC-27DEC19-30000-P,9772.27,0.0,0.0005,0.1,0.0,0.0,0.0,10.37003,-3.59026,-119.57163,2e-05,-0.90994
9809.4,SYN.BTC-30AUG19,1564570740429,open,0.04,439.8,0.0175,0.074,0.04499681,100.4,0.0455,0.0,BTC-30AUG19-12000-C,9772.27,98.86,0.0435,5.0,0.047,29.3,102.44,9.58136,-16.09953,1.9542,0.00012,0.28839
9774.63,SYN.BTC-2AUG19,1564570740427,open,0.44,0.0,0.4045,0.4615,0.43228561,141.9,None,0.0,BTC-2AUG19-14000-P,9772.27,0.0,0.01,10.0,0.0,0.0,0.0,0.00654,-0.24725,-0.71932,0.0,-0.99975
9774.63,SYN.BTC-2AUG19,1564570740430,open,0.0,225.7,0.0005,0.0105,1.556e-05,145.0,0.0005,0.0,BTC-2AUG19-7000-P,9772.27,0.0,0.0,0.0,0.0005,12.0,205.38,0.01358,-0.15209,-0.00028,0.0,-0.00055
9783.32,SYN.BTC-9AUG19,1564570740426,open,0.03,98.0,0.0065,0.0525,0.02768067,99.48,0.03,0.0,BTC-9AUG19-9000-P,9772.27,97.18,0.0265,4.2,0.0295,24.0,103.0,5.0359,-28.22151,-0.70604,0.00022,-0.2691
9774.63,SYN.BTC-2AUG19,1564570740426,open,0.28,0.0,0.254,0.3075,0.27911725,141.91,None,0.0,BTC-2AUG19-12500-P,9772.27,0.0,0.01,10.0,0.0,0.0,0.0,0.16985,-6.42519,-0.638,2e-05,-0.99103
9809.4,SYN.BTC-30AUG19,1564570740428,open,0.0,530.0,0.0005,0.0135,0.00358333,98.48,0.0025,0.0,BTC-30AUG19-6000-P,9772.27,98.04,0.0035,5.6,0.004,24.0,100.57,1.8922,-3.11863,-0.26701,2e-05,-0.02967
9774.63,SYN.BTC-2AUG19,1564570740432,open,0.13,8.3,0.1035,0.158,0.1285816,117.15,0.152,0.0,BTC-2AUG19-11000-P,9772.27,100.76,0.127,0.5,0.1315,0.5,139.21,1.10212,-34.41728,-0.52358,0.00019,-0.91377
9783.32,SYN.BTC-9AUG19,1564570740426,open,0.19,0.0,0.156,0.2235,0.18905446,101.22,None,0.0,BTC-9AUG19-11500-P,9772.27,88.93,0.1845,10.6,0.0,0.0,0.0,3.89317,-22.19932,-2.41899,0.00017,-0.82775
9809.4,SYN.BTC-30AUG19,1564570740430,open,0.01,181.9,0.002,0.029,0.01222478,103.25,0.0125,0.0,BTC-30AUG19-15000-C,9772.27,101.77,0.0115,24.0,0.013,10.0,104.79,4.87196,-8.41902,0.6929,6e-05,0.09852
9809.4,SYN.BTC-30AUG19,1564570740426,open,0.01,824.5,0.003,0.0285,0.01329063,98.4,0.012,0.0,BTC-30AUG19-7000-P,9772.27,97.77,0.013,5.4,0.0135,24.0,98.85,4.5658,-7.51901,-0.83113,6e-05,-0.09022
9809.4,SYN.BTC-30AUG19,1564570740432,open,0.45,0.0,0.4055,0.489,0.44597314,102.15,None,0.0,BTC-30AUG19-14000-P,9772.27,0.0,0.0,0.0,0.0,0.0,0.0,6.30909,-10.78593,-10.46916,8e-05,-0.85793
9809.4,SYN.BTC-30AUG19,1564570740432,open,0.39,0.0,0.3765,0.4085,0.39193216,98.51,None,0.0,BTC-30AUG19-6000-C,9772.27,0.0,0.0,0.0,0.0,0.0,0.0,1.89423,-3.12308,4.6437,2e-05,0.97029
9774.63,SYN.BTC-2AUG19,1564570740430,open,0.01,1021.1,0.0005,0.024,0.00660354,115.21,0.0065,0.0,BTC-2AUG19-9000-P,9772.27,111.53,0.006,0.1,0.0075,5.0,120.49,1.62608,-49.94102,-0.07813,0.00029,-0.14895
9774.63,SYN.BTC-2AUG19,1564570740429,open,0.33,0.0,0.304,0.3585,0.33008153,144.71,None,0.0,BTC-2AUG19-13000-P,9772.27,0.0,0.01,10.0,0.0,0.0,0.0,0.07361,-2.83968,-0.66635,1e-05,-0.9965
9809.4,SYN.BTC-30AUG19,1564570740431,open,0.3,0.0,0.2765,0.3225,0.2996976,98.42,None,0.0,BTC-30AUG19-7000-C,9772.27,0.0,0.0,0.0,0.0,0.0,0.0,4.56692,-7.52214,4.89816,6e-05,0.90975
9774.63,SYN.BTC-2AUG19,1564570740429,open,0.23,0.0,0.2175,0.2495,0.23286513,145.09,None,0.0,BTC-2AUG19-7500-C,9772.27,0.0,0.01,10.0,0.0,0.0,0.0,0.09548,-3.69285,0.38299,1e-05,0.99532
9809.4,SYN.BTC-30AUG19,1564570740432,open,0.22,21.0,0.187,0.2485,0.21912122,98.41,0.2375,0.0,BTC-30AUG19-8000-C,9772.27,0.0,0.061,1.0,0.0,0.0,0.0,7.70186,-12.68488,4.71595,0.0001,0.80648
9774.63,SYN.BTC-2AUG19,1564570740430,open,0.18,2.1,0.165,0.201,0.18207291,131.67,0.159,0.0,BTC-2AUG19-8000-C,9772.27,0.0,0.01,10.0,0.0,0.0,0.0,0.2655,-9.31848,0.40331,4e-05,0.98499
9783.32,SYN.BTC-9AUG19,1564570740426,open,0.02,73.1,0.0035,0.0445,0.02140031,99.62,0.02,0.0,BTC-9AUG19-11000-C,9772.27,96.77,0.02,4.1,0.0225,0.5,101.83,4.84024,-27.16361,0.54205,0.00021,0.24925
9809.4,SYN.BTC-30AUG19,1564570740456,open,0.15,27.2,0.1155,0.1865,0.15353166,98.41,0.136,0.0,BTC-30AUG19-9000-C,9772.27,95.47,0.1505,14.4,0.157,14.4,101.76,10.13317,-16.68876,4.16634,0.00013,0.67244
213.36,SYN.ETH-9AUG19,1564570740648,open,0.02,105.0,0.003,0.044,0.020935,103.23,0.024,0.0,ETH-9AUG19-190-P,213.25,96.62,0.018,720.0,0.024,201.0,109.92,0.09633,-0.56021,-0.01207,0.00843,-0.21166
215.78,ETH-27DEC19,1564570740690,open,0.21,561.0,0.146,0.261,0.211202,99.69,0.211,0.0,ETH-27DEC19-240-C,213.25,97.62,0.206,30.0,0.216,326.0,101.59,0.54353,-0.18197,0.30707,0.00287,0.5601
213.94,ETH-27SEP19,1564570740690,open,0.0,739.0,0.001,0.011,0.000992,137.98,0.001,0.0,ETH-27SEP19-60-P,213.25,0.0,0.0,0.0,0.002,850.0,152.04,0.01192,-0.01421,-0.00197,0.00012,-0.00482
213.61,SYN.ETH-30AUG19,1564570740690,open,0.01,278.0,0.003,0.031,0.014238,103.5,0.01,0.0,ETH-30AUG19-320-C,213.25,99.22,0.012,500.0,0.017,500.0,108.37,0.11627,-0.2014,0.01706,0.00301,0.11182
213.94,ETH-27SEP19,1564570740692,open,0.08,1704.0,0.043,0.123,0.086164,99.22,0.087,0.0,ETH-27SEP19-260-C,213.25,97.13,0.083,227.0,0.09,110.0,101.73,0.3253,-0.27883,0.10091,0.00452,0.38362
215.78,ETH-27DEC19,1564570740692,open,0.01,1370.0,0.003,0.032,0.013598,104.32,0.014,0.0,ETH-27DEC19-760-C,213.25,97.5,0.009,302.0,0.015,50.0,106.12,0.16369,-0.05735,0.04064,0.00083,0.05978
213.94,ETH-27SEP19,1564570740694,open,0.0,5783.0,0.001,0.012,0.002202,109.75,0.002,0.0,ETH-27SEP19-600-C,213.25,100.09,0.001,1517.0,0.003,40.0,114.2,0.03433,-0.03255,0.00472,0.00043,0.01613
213.94,ETH-27SEP19,1564570740701,open,0.05,7465.0,0.018,0.072,0.045191,98.97,0.053,0.0,ETH-27SEP19-160-P,213.25,95.83,0.042,160.0,0.048,397.0,101.68,0.21967,-0.18781,-0.07472,0.00306,-0.17509
213.27,SYN.ETH-2AUG19,1564570740701,open,0.01,1517.0,0.001,0.024,0.006184,103.39,0.004,0.0,ETH-2AUG19-230-C,213.25,96.44,0.005,253.0,0.008,400.0,113.22,0.03767,-1.03826,0.00172,0.01559,0.16312
213.61,SYN.ETH-30AUG19,1564570740701,open,0.08,300.0,0.043,0.117,0.081591,100.41,0.086,0.0,ETH-30AUG19-200-P,213.25,96.09,0.077,634.0,0.086,334.0,104.55,0.22744,-0.3822,-0.07628,0.00607,-0.35467
213.61,SYN.ETH-30AUG19,1564570740703,open,0.0,2151.0,0.001,0.014,0.004018,111.53,0.005,0.0,ETH-30AUG19-400-C,213.25,106.55,0.003,200.0,0.005,500.0,115.63,0.04768,-0.089,0.00549,0.00114,0.03542
213.27,SYN.ETH-2AUG19,1564570740705,open,0.0,261.0,0.001,0.011,5.4e-05,145.0,0.001,0.0,ETH-2AUG19-290-C,213.25,0.0,0.0,0.0,0.001,300.0,201.28,0.0009,-0.0115,2e-05,0.00027,0.00184
213.94,ETH-27SEP19,1564570740712,open,0.24,2475.0,0.173,0.286,0.233145,98.73,0.28,0.0,ETH-27SEP19-240-P,213.25,94.2,0.226,120.0,0.239,230.0,102.43,0.33831,-0.28855,-0.26165,0.00472,-0.53817
213.94,ETH-27SEP19,1564570740730,open,0.04,1792.0,0.013,0.069,0.039864,100.56,0.037,0.0,ETH-27SEP19-320-C,213.25,98.03,0.037,435.0,0.043,110.0,103.25,0.24574,-0.21349,0.05783,0.00337,0.21032
213.94,ETH-27SEP19,1564570740730,open,0.12,3356.0,0.072,0.162,0.119981,98.47,0.12,0.0,ETH-27SEP19-200-P,213.25,95.12,0.115,318.0,0.124,140.0,101.18,0.31762,-0.27022,-0.16163,0.00444,-0.35648
213.94,ETH-27SEP19,1564570740730,open,0.01,4710.0,0.001,0.017,0.006019,104.35,0.007,0.0,ETH-27SEP19-480-C,213.25,97.87,0.004,640.0,0.008,140.0,109.51,0.07519,-0.06779,0.01193,0.00099,0.0412
213.94,ETH-27SEP19,1564570740730,open,0.01,8193.0,0.001,0.02,0.009386,99.46,0.011,0.0,ETH-27SEP19-120-P,213.25,93.09,0.007,201.0,0.012,500.0,105.58,0.08599,-0.07388,-0.01969,0.00119,-0.04867
213.94,ETH-27SEP19,1564570740730,open,0.18,1287.0,0.135,0.224,0.185095,98.44,0.2,0.0,ETH-27SEP19-200-C,213.25,96.36,0.182,120.0,0.193,120.0,103.77,0.31763,-0.27014,0.15551,0.00445,0.64352
215.78,ETH-27DEC19,1564570740730,open,2.37,0.0,2.244,2.471,2.353027,104.32,None,0.0,ETH-27DEC19-720-P,213.25,0.0,0.003,5.0,0.0,0.0,0.0,0.18512,-0.06486,-2.88942,0.00093,-0.92996
213.27,SYN.ETH-2AUG19,1564570740730,open,0.03,241.0,0.001,0.05,0.022002,102.32,0.025,0.0,ETH-2AUG19-210-P,213.25,91.47,0.019,973.0,0.025,200.0,113.11,0.05915,-1.61341,-0.00465,0.02473,-0.40227
213.27,SYN.ETH-2AUG19,1564570740730,open,0.04,244.0,0.006,0.067,0.037344,102.31,0.039,0.0,ETH-2AUG19-210-C,213.25,93.85,0.035,366.0,0.04,100.0,111.87,0.05915,-1.61333,0.00614,0.02473,0.59774
213.27,SYN.ETH-2AUG19,1564570740730,open,0.05,187.0,0.012,0.082,0.048181,102.58,0.07,0.0,ETH-2AUG19-220-P,213.25,90.45,0.045,300.0,0.051,150.0,113.11,0.05662,-1.54827,-0.00765,0.02362,-0.6501
213.61,SYN.ETH-30AUG19,1564570740730,open,0.02,480.0,0.005,0.042,0.021348,102.9,0.018,0.0,ETH-30AUG19-300-C,213.25,99.4,0.019,449.0,0.024,451.0,106.66,0.1469,-0.25297,0.02373,0.00382,0.15707
213.27,SYN.ETH-2AUG19,1564570740730,open,0.0,254.0,0.001,0.011,8e-06,145.0,0.003,0.0,ETH-2AUG19-150-P,213.25,0.0,0.0,0.0,0.001,300.0,237.21,0.00017,-0.0017,0.0,5e-05,-0.00029
213.94,ETH-27SEP19,1564570740741,open,0.0,7915.0,0.001,0.011,0.001002,118.99,0.001,0.0,ETH-27SEP19-760-C,213.25,0.0,0.0,0.0,0.002,400.0,128.37,0.01739,-0.01788,0.00216,0.0002,0.00738
213.94,ETH-27SEP19,1564570740741,open,0.89,79.0,0.82,0.954,0.884798,102.78,0.351,0.0,ETH-27SEP19-400-P,213.25,0.0,0.0,0.0,0.0,0.0,0.0,0.1414,-0.12555,-0.60794,0.0019,-0.90731
213.61,SYN.ETH-30AUG19,1564570740741,open,0.27,0.0,0.211,0.315,0.264896,101.89,0.218,0.0,ETH-30AUG19-260-P,213.25,79.51,0.244,120.0,1.218,1.0,500.0,0.21202,-0.36154,-0.16895,0.00557,-0.70143
213.36,SYN.ETH-9AUG19,1564570740743,open,0.09,305.0,0.058,0.131,0.097824,102.24,0.097,0.0,ETH-9AUG19-200-C,213.25,97.11,0.095,150.0,0.104,150.0,113.32,0.11799,-0.67955,0.03053,0.01043,0.68623
215.78,ETH-27DEC19,1564570740746,open,0.05,745.0,0.016,0.083,0.048098,101.05,0.045,0.0,ETH-27DEC19-480-C,213.25,98.56,0.044,437.0,0.052,110.0,103.34,0.36132,-0.12262,0.11589,0.00188,0.17977
213.61,SYN.ETH-30AUG19,1564570740746,open,0.52,0.0,0.459,0.567,0.512358,103.57,None,0.0,ETH-30AUG19-320-P,213.25,0.0,0.0,0.0,0.0,0.0,0.0,0.1164,-0.20176,-0.24484,0.00301,-0.888
215.78,ETH-27DEC19,1564570740750,open,0.61,83.0,0.52,0.685,0.607603,100.2,0.626,0.0,ETH-27DEC19-320-P,213.25,81.71,0.564,110.0,1.482,1.0,500.0,0.52624,-0.1771,-1.07719,0.00277,-0.61631
213.27,SYN.ETH-2AUG19,1564570740750,open,0.2,0.0,0.179,0.228,0.203339,143.45,None,0.0,ETH-2AUG19-170-C,213.25,0.0,0.0,0.0,0.0,0.0,0.0,0.00478,-0.18283,0.0086,0.00143,0.98798
215.78,ETH-27DEC19,1564570740752,open,1.28,21.0,1.18,1.366,1.272586,101.05,0.629,0.0,ETH-27DEC19-480-P,213.25,0.0,1.19,110.0,2.222,1.0,500.0,0.36132,-0.12262,-1.84193,0.00188,-0.82023
9774.63,SYN.BTC-2AUG19,1564570740752,open,0.0,332.6,0.0005,0.017,0.00322113,117.17,0.0035,0.0,BTC-2AUG19-11000-C,9772.27,115.17,0.003,46.2,0.0035,3.1,119.59,1.10243,-31.48531,0.04171,0.00019,0.08626
213.27,SYN.ETH-2AUG19,1564570740752,open,0.27,0.0,0.23,0.307,0.266449,144.76,None,0.0,ETH-2AUG19-270-P,213.25,0.0,0.0,0.0,0.0,0.0,0.0,0.00518,-0.19982,-0.01374,0.00153,-0.98682
215.78,ETH-27DEC19,1564570740756,open,1.11,0.0,1.008,1.19,1.099431,100.88,None,0.0,ETH-27DEC19-440-P,213.25,0.0,1.027,110.0,2.037,1.0,500.0,0.4044,-0.13702,-1.65712,0.00211,-0.7834
213.61,SYN.ETH-30AUG19,1564570740760,open,0.13,314.0,0.084,0.174,0.131419,100.35,0.161,0.0,ETH-30AUG19-220-P,213.25,96.47,0.127,300.0,0.136,120.0,104.36,0.2436,-0.4091,-0.10755,0.0065,-0.48372
213.27,SYN.ETH-2AUG19,1564570740760,open,0.09,231.0,0.048,0.121,0.084619,103.4,0.1,0.0,ETH-2AUG19-230-P,213.25,57.56,0.079,50.0,0.086,50.0,110.95,0.03767,-1.03845,-0.0101,0.01559,-0.83685
213.27,SYN.ETH-2AUG19,1564570740771,open,0.0,489.0,0.001,0.011,7.7e-05,145.0,0.005,0.0,ETH-2AUG19-160-P,213.25,0.0,0.0,0.0,0.001,301.0,198.79,0.00115,-0.01641,-3e-05,0.00034,-0.00242
213.27,SYN.ETH-2AUG19,1564570740773,open,0.0,122.0,0.001,0.011,0.000645,108.71,0.001,0.0,ETH-2AUG19-250-C,213.25,0.0,0.0,0.0,0.001,2.0,116.65,0.00825,-0.13747,0.00024,0.00325,0.02275
213.27,SYN.ETH-2AUG19,1564570740777,open,0.0,351.0,0.001,0.011,0.000956,138.85,0.001,0.0,ETH-2AUG19-260-C,213.25,0.0,0.0,0.0,0.001,300.0,139.83,0.00928,-0.20399,0.00028,0.00286,0.02615
213.94,ETH-27SEP19,1564570740780,open,0.23,779.0,0.189,0.274,0.236481,98.94,0.227,0.0,ETH-27SEP19-180-C,213.25,0.0,0.158,40.0,0.609,10.0,398.61,0.27773,-0.23739,0.16994,0.00387,0.73743
213.94,ETH-27SEP19,1564570740782,open,0.06,2007.0,0.029,0.101,0.066682,99.74,0.071,0.0,ETH-27SEP19-280-C,213.25,97.84,0.064,245.0,0.07,110.0,102.07,0.30303,-0.26111,0.08457,0.00419,0.31598
215.78,ETH-27DEC19,1564570740782,open,1.46,37.0,1.354,1.546,1.448423,101.15,0.707,0.0,ETH-27DEC19-520-P,213.25,0.0,0.002,25.0,0.0,0.0,0.0,0.3206,-0.10891,-2.02333,0.00167,-0.8505
213.61,SYN.ETH-30AUG19,1564570740784,open,0.2,222.0,0.141,0.239,0.192862,100.46,0.21,0.0,ETH-30AUG19-240-P,213.25,95.12,0.187,120.0,0.202,120.0,108.7,0.2356,-0.39611,-0.13918,0.00628,-0.6032
213.61,SYN.ETH-30AUG19,1564570740784,open,0.07,1677.0,0.033,0.102,0.069272,100.44,0.072,0.0,ETH-30AUG19-240-C,213.25,97.46,0.066,376.0,0.074,516.0,104.71,0.23559,-0.396,0.05726,0.00628,0.39675
213.94,ETH-27SEP19,1564570740786,open,0.63,0.0,0.615,0.641,0.627792,116.81,None,0.0,ETH-27SEP19-80-C,213.25,0.0,0.003,10.0,0.0,0.0,0.0,0.02162,-0.02182,0.12306,0.00025,0.99055
213.27,SYN.ETH-2AUG19,1564570740789,open,0.25,0.0,0.227,0.272,0.249861,144.79,None,0.0,ETH-2AUG19-160-C,213.25,0.0,0.0,0.0,0.0,0.0,0.0,0.00114,-0.04405,0.0082,0.00034,0.9976
215.78,ETH-27DEC19,1564570740792,open,0.06,623.0,0.023,0.099,0.060317,100.88,0.057,0.0,ETH-27DEC19-440-C,213.25,98.55,0.056,318.0,0.065,110.0,103.35,0.4044,-0.13702,0.13755,0.00211,0.2166
213.94,ETH-27SEP19,1564570740792,open,0.0,3439.0,0.001,0.011,0.001373,114.03,0.003,0.0,ETH-27SEP19-680-C,213.25,0.0,0.0,0.0,0.002,101.0,119.09,0.02306,-0.02272,0.00299,0.00028,0.01018
213.61,SYN.ETH-30AUG19,1564570740794,open,0.14,411.0,0.101,0.181,0.145266,100.39,0.148,0.0,ETH-30AUG19-200-C,213.25,96.38,0.141,270.0,0.15,570.0,104.83,0.22744,-0.38211,0.08743,0.00607,0.64534
213.27,SYN.ETH-2AUG19,1564570740797,open,0.37,0.0,0.321,0.402,0.35982,145.48,None,0.0,ETH-2AUG19-290-P,213.25,0.0,0.0,0.0,0.0,0.0,0.0,0.00092,-0.03586,-0.01488,0.00027,-0.9981
215.78,ETH-27DEC19,1564570740804,open,0.33,816.0,0.247,0.388,0.323446,99.69,0.33,0.0,ETH-27DEC19-240-P,213.25,96.34,0.315,30.0,0.331,120.0,102.69,0.54353,-0.18197,-0.67183,0.00287,-0.4399
215.78,ETH-27DEC19,1564570740804,open,0.77,241.0,0.676,0.848,0.76579,100.63,0.986,0.0,ETH-27DEC19-360-P,213.25,75.17,0.713,110.0,0.828,110.0,126.61,0.49112,-0.16599,-1.27478,0.00257,-0.68262
213.94,ETH-27SEP19,1564570740808,open,0.02,7790.0,0.007,0.041,0.022642,98.96,0.024,0.0,ETH-27SEP19-140-P,213.25,95.14,0.02,500.0,0.025,434.0,102.24,0.15113,-0.12921,-0.04211,0.0021,-0.10149
213.27,SYN.ETH-2AUG19,1564570740812,open,0.0,197.0,0.001,0.011,1.7e-05,145.0,0.003,0.0,ETH-2AUG19-300-C,213.25,0.0,0.0,0.0,0.001,305.0,219.66,0.00033,-0.00357,1e-05,0.0001,0.00062
213.94,ETH-27SEP19,1564570740814,open,0.29,392.0,0.257,0.331,0.297283,98.93,0.51,0.0,ETH-27SEP19-160-C,213.25,0.0,0.136,42.0,0.0,0.0,0.0,0.21963,-0.18772,0.17901,0.00306,0.82496
215.78,ETH-27DEC19,1564570740818,open,0.03,1449.0,0.008,0.059,0.031043,101.18,0.028,0.0,ETH-27DEC19-560-C,213.25,98.8,0.028,300.0,0.034,110.0,103.39,0.28291,-0.09614,0.08226,0.00147,0.12451
213.27,SYN.ETH-2AUG19,1564570740817,open,0.01,256.0,0.001,0.028,0.008187,106.17,0.007,0.0,ETH-2AUG19-200-P,213.25,94.38,0.006,555.0,0.009,200.0,110.31,0.04133,-1.16972,-0.00216,0.01665,-0.18882
213.94,ETH-27SEP19,1564570740824,open,2.38,0.0,2.268,2.473,2.366589,116.53,None,0.0,ETH-27SEP19-720-P,213.25,0.0,0.0,0.0,0.0,0.0,0.0,0.01985,-0.01998,-1.13914,0.00023,-0.99142
213.94,ETH-27SEP19,1564570740824,open,1.26,0.0,1.18,1.326,1.249744,104.65,None,0.0,ETH-27SEP19-480-P,213.25,0.0,0.0,0.0,0.0,0.0,0.0,0.07599,-0.06871,-0.74902,0.001,-0.95826
213.61,SYN.ETH-30AUG19,1564570740820,open,0.61,0.0,0.548,0.657,0.601077,103.78,None,0.0,ETH-30AUG19-340-P,213.25,0.0,0.0,0.0,0.0,0.0,0.0,0.08933,-0.15514,-0.26625,0.0023,-0.92177
213.94,ETH-27SEP19,1564570740826,open,0.31,1264.0,0.238,0.357,0.301515,99.25,0.357,0.0,ETH-27SEP19-260-P,213.25,83.48,0.278,110.0,1.216,1.0,500.0,0.32532,-0.27896,-0.31134,0.00452,-0.61628
213.36,SYN.ETH-9AUG19,1564570740827,open,0.04,304.0,0.009,0.064,0.035232,102.25,0.039,0.0,ETH-9AUG19-200-P,213.25,96.38,0.032,406.0,0.039,200.0,109.03,0.11799,-0.67965,-0.01811,0.01043,-0.31378
213.27,SYN.ETH-2AUG19,1564570740821,open,0.0,742.0,0.001,0.014,0.002276,108.04,0.003,0.0,ETH-2AUG19-240-C,213.25,91.62,0.001,307.0,0.004,850.0,123.69,0.02023,-0.48533,0.00073,0.00801,0.06868
213.27,SYN.ETH-2AUG19,1564570740828,open,0.07,215.0,0.035,0.101,0.070417,106.17,0.07,0.0,ETH-2AUG19-200-C,213.25,98.65,0.069,186.0,0.074,50.0,123.74,0.04133,-1.16959,0.00812,0.01665,0.81119
215.78,ETH-27DEC19,1564570740832,open,1.64,0.0,1.53,1.727,1.626279,101.18,0.845,0.0,ETH-27DEC19-560-P,213.25,0.0,0.0,0.0,0.0,0.0,0.0,0.28291,-0.09614,-2.20186,0.00147,-0.87549
215.78,ETH-27DEC19,1564570740834,open,0.46,442.0,0.375,0.53,0.458565,99.72,0.485,0.0,ETH-27DEC19-280-P,213.25,95.94,0.449,150.0,0.468,120.0,103.43,0.54752,-0.18337,-0.87544,0.00289,-0.53612
213.61,SYN.ETH-30AUG19,1564570740834,open,0.05,384.0,0.018,0.072,0.044702,100.61,0.043,0.0,ETH-30AUG19-180-P,213.25,97.48,0.042,287.0,0.048,515.0,104.38,0.1856,-0.3125,-0.04804,0.00494,-0.23007
213.94,ETH-27SEP19,1564570740836,open,2.01,0.0,1.905,2.09,1.993638,114.94,None,0.0,ETH-27SEP19-640-P,213.25,0.0,0.0,0.0,0.0,0.0,0.0,0.0326,-0.03237,-1.01038,0.00039,-0.98482
213.61,SYN.ETH-30AUG19,1564570740836,open,0.04,328.0,0.018,0.077,0.047673,101.86,0.05,0.0,ETH-30AUG19-260-C,213.25,99.15,0.045,10.0,0.051,406.0,105.19,0.212,-0.36139,0.04385,0.00557,0.29849
215.78,ETH-27DEC19,1564570740838,open,0.49,0.0,0.452,0.519,0.488287,99.69,None,0.0,ETH-27DEC19-120-C,213.25,0.0,0.001,1200.0,0.99,5.0,500.0,0.25487,-0.08533,0.35576,0.00135,0.89251
215.78,ETH-27DEC19,1564570740840,open,0.1,242.0,0.046,0.143,0.097424,100.63,0.102,0.0,ETH-27DEC19-360-C,213.25,98.68,0.093,255.0,0.102,110.0,102.63,0.49112,-0.16599,0.19359,0.00257,0.31738
213.94,ETH-27SEP19,1564570740840,open,0.0,2697.0,0.001,0.011,0.001003,114.74,0.001,0.0,ETH-27SEP19-720-C,213.25,0.0,0.0,0.0,0.002,531.0,123.88,0.01785,-0.01769,0.00224,0.00021,0.0076
215.78,ETH-27DEC19,1564570740842,open,0.28,160.0,0.215,0.326,0.278844,99.69,0.281,0.0,ETH-27DEC19-200-C,213.25,97.16,0.273,30.0,0.29,330.0,104.51,0.49958,-0.16726,0.34353,0.00264,0.66916
215.78,ETH-27DEC19,1564570740842,open,0.16,217.0,0.098,0.211,0.160947,99.72,0.16,0.0,ETH-27DEC19-280-C,213.25,97.77,0.156,254.0,0.166,120.0,101.71,0.54752,-0.18337,0.26662,0.00289,0.46388
215.78,ETH-27DEC19,1564570740842,open,0.11,1469.0,0.064,0.152,0.110797,99.69,0.109,0.0,ETH-27DEC19-160-P,213.25,96.58,0.105,40.0,0.115,360.0,101.93,0.40301,-0.13492,-0.28702,0.00213,-0.21532
213.27,SYN.ETH-2AUG19,1564570740842,open,0.29,0.0,0.275,0.317,0.296681,143.54,None,0.0,ETH-2AUG19-150-C,213.25,0.0,0.0,0.0,0.0,0.0,0.0,0.00015,-0.00564,0.00771,4e-05,0.99974
213.94,ETH-27SEP19,1564570740844,open,0.53,0.0,0.519,0.553,0.536375,104.85,None,0.0,ETH-27SEP19-100-C,213.25,0.0,0.003,10.0,0.0,0.0,0.0,0.04328,-0.0392,0.1501,0.00057,0.97883
213.61,SYN.ETH-30AUG19,1564570740846,open,0.03,272.0,0.009,0.056,0.031626,101.93,0.033,0.0,ETH-30AUG19-280-C,213.25,98.76,0.029,431.0,0.035,431.0,105.88,0.17952,-0.30624,0.03241,0.00472,0.217
213.61,SYN.ETH-30AUG19,1564570740848,open,0.02,2803.0,0.006,0.041,0.021498,102.34,0.022,0.0,ETH-30AUG19-160-P,213.25,99.82,0.02,35.0,0.023,484.0,104.81,0.12827,-0.21971,-0.02623,0.00336,-0.12854
213.27,SYN.ETH-2AUG19,1564570740848,open,0.0,711.0,0.001,0.013,0.002024,106.23,0.004,0.0,ETH-2AUG19-190-P,213.25,91.98,0.001,306.0,0.003,41.0,116.55,0.01819,-0.43159,-0.00068,0.00733,-0.05993
213.94,ETH-27SEP19,1564570740854,open,0.38,968.0,0.311,0.434,0.375522,99.78,0.38,0.0,ETH-27SEP19-280-P,213.25,78.45,0.347,110.0,1.31,1.0,500.0,0.30309,-0.26127,-0.35938,0.00419,-0.68389
213.94,ETH-27SEP19,1564570740854,open,0.05,3067.0,0.019,0.083,0.05129,99.97,0.06,0.0,ETH-27SEP19-300-C,213.25,97.39,0.048,421.0,0.055,110.0,102.83,0.2751,-0.23759,0.07004,0.00379,0.25776
213.94,ETH-27SEP19,1564570740856,open,0.63,347.0,0.556,0.684,0.620206,101.02,0.595,0.0,ETH-27SEP19-340-P,213.25,0.0,0.579,110.0,0.669,110.0,141.2,0.21635,-0.18882,-0.49163,0.00295,-0.82905
213.94,ETH-27SEP19,1564570740858,open,0.02,2762.0,0.006,0.048,0.024577,101.97,0.024,0.0,ETH-27SEP19-360-C,213.25,98.99,0.022,495.0,0.028,200.0,105.71,0.18995,-0.16733,0.03928,0.00257,0.14036
215.78,ETH-27DEC19,1564570740858,open,0.02,1131.0,0.003,0.037,0.016296,104.32,0.012,0.0,ETH-27DEC19-720-C,213.25,97.43,0.011,302.0,0.021,300.0,109.41,0.18512,-0.06486,0.0473,0.00093,0.07004
213.27,SYN.ETH-2AUG19,1564570740858,open,0.02,785.0,0.001,0.042,0.016634,102.57,0.014,0.0,ETH-2AUG19-220-C,213.25,92.55,0.014,479.0,0.021,413.0,118.82,0.05662,-1.54817,0.00365,0.02362,0.34989
213.61,SYN.ETH-30AUG19,1564570740860,open,0.01,1913.0,0.001,0.023,0.009324,103.68,0.008,0.0,ETH-30AUG19-340-C,213.25,97.69,0.007,620.0,0.012,500.0,109.68,0.08913,-0.15467,0.01201,0.0023,0.07801
213.94,ETH-27SEP19,1564570740862,open,2.2,0.0,2.087,2.281,2.179982,115.36,None,0.0,ETH-27SEP19-680-P,213.25,0.0,0.0,0.0,0.0,0.0,0.0,0.02482,-0.02474,-1.07499,0.0003,-0.98892
213.94,ETH-27SEP19,1564570740862,open,0.03,1835.0,0.009,0.057,0.030901,100.95,0.039,0.0,ETH-27SEP19-340-C,213.25,98.02,0.028,746.0,0.034,110.0,103.96,0.21614,-0.1885,0.04742,0.00295,0.1707
213.61,SYN.ETH-30AUG19,1564570740862,open,0.2,757.0,0.161,0.235,0.20201,100.58,0.25,0.0,ETH-30AUG19-180-C,213.25,92.39,0.195,257.0,0.207,257.0,106.28,0.18558,-0.3124,0.0993,0.00494,0.76997
215.78,ETH-27DEC19,1564570740865,open,2.55,0.0,2.423,2.658,2.535704,104.32,None,0.0,ETH-27DEC19-760-P,213.25,0.0,0.001,100.0,0.0,0.0,0.0,0.16369,-0.05735,-3.05923,0.00083,-0.94022
213.61,SYN.ETH-30AUG19,1564570740867,open,0.1,667.0,0.059,0.136,0.101462,100.32,0.103,0.0,ETH-30AUG19-220-C,213.25,96.41,0.097,303.0,0.106,483.0,104.3,0.2436,-0.40901,0.07252,0.0065,0.51625
9844.07,BTC-27SEP19,1564570740878,open,1.24,0.2,1.192,1.294,1.23995305,101.23,1.391,0.0,BTC-27SEP19-22000-P,9772.27,0.0,0.005,10.0,0.0,0.0,0.0,3.13203,-2.73923,-34.39457,2e-05,-0.96354
213.36,SYN.ETH-9AUG19,1564570741188,open,0.08,3.0,0.04,0.118,0.080602,101.14,0.099,0.0,ETH-9AUG19-220-P,213.25,93.68,0.076,450.0,0.086,150.0,109.86,0.13185,-0.75118,-0.03251,0.01178,-0.54601
213.36,SYN.ETH-9AUG19,1564570741281,open,0.03,1501.0,0.008,0.061,0.033558,101.15,0.036,0.0,ETH-9AUG19-230-C,213.25,96.68,0.031,200.0,0.038,224.0,108.82,0.12265,-0.6989,0.01619,0.01095,0.34555
213.36,SYN.ETH-9AUG19,1564570741368,open,0.12,2.0,0.067,0.152,0.111577,101.16,0.129,0.0,ETH-9AUG19-230-P,213.25,93.13,0.107,150.0,0.117,150.0,110.51,0.12266,-0.69902,-0.03974,0.01095,-0.65442
213.36,SYN.ETH-9AUG19,1564570741632,open,0.01,60.0,0.002,0.034,0.014343,101.83,0.012,0.0,ETH-9AUG19-250-C,213.25,98.48,0.013,200.0,0.015,1.0,103.43,0.08703,-0.49927,0.00855,0.00772,0.17912
9774.6,SYN.BTC-2AUG19,1564570741702,open,0.0,255.7,0.0005,0.0105,0.00074637,137.57,0.001,0.0,BTC-2AUG19-12000-C,9772.65,129.9,0.0005,32.0,0.001,5.3,143.9,0.35572,-7.29546,0.01025,5e-05,0.02115
213.36,SYN.ETH-9AUG19,1564570741718,open,0.19,0.0,0.143,0.229,0.186103,101.85,None,0.0,ETH-9AUG19-250-P,213.25,0.0,0.0,0.0,0.0,0.0,0.0,0.08705,-0.49947,-0.05224,0.00772,-0.82083
9774.6,SYN.BTC-2AUG19,1564570741721,open,0.0,255.7,0.0005,0.0105,0.00074637,137.57,0.001,0.0,BTC-2AUG19-12000-C,9772.65,129.9,0.0005,32.1,0.001,5.3,143.9,0.35572,-7.29546,0.01025,5e-05,0.02115
213.36,SYN.ETH-9AUG19,1564570741800,open,0.01,109.0,0.001,0.025,0.008939,101.83,0.01,0.0,ETH-9AUG19-260-C,213.25,95.35,0.007,550.0,0.01,1.0,105.12,0.06728,-0.38596,0.00586,0.00597,0.12186
213.36,SYN.ETH-9AUG19,1564570741886,open,0.23,0.0,0.185,0.271,0.22757,101.86,None,0.0,ETH-9AUG19-260-P,213.25,0.0,0.0,0.0,0.0,0.0,0.0,0.06731,-0.38623,-0.05736,0.00597,-0.87806
213.36,SYN.ETH-9AUG19,1564570741967,open,0.01,573.0,0.001,0.019,0.005937,103.96,0.004,0.0,ETH-9AUG19-270-C,213.25,95.19,0.004,550.0,0.008,550.0,111.84,0.05183,-0.30352,0.00411,0.0045,0.08512
213.36,SYN.ETH-9AUG19,1564570742142,open,0.0,263.0,0.001,0.014,0.003847,105.43,0.002,0.0,ETH-9AUG19-280-C,213.25,93.34,0.002,550.0,0.006,779.0,115.92,0.03863,-0.22947,0.00281,0.00331,0.05808
213.36,SYN.ETH-9AUG19,1564570742323,open,0.0,12.0,0.001,0.012,0.002515,107.06,0.003,0.0,ETH-9AUG19-290-C,213.25,92.43,0.001,301.0,0.004,554.0,116.72,0.02846,-0.17166,0.00193,0.0024,0.03964
9994.34,BTC-27DEC19,1564570742426,open,0.09,240.9,0.0475,0.123,0.0857142,95.21,0.0945,0.0,BTC-27DEC19-7000-P,9772.64,92.45,0.081,4.9,0.085,4.9,94.79,17.14154,-5.4811,-11.10971,4e-05,-0.18682
9844.29,BTC-27SEP19,1564570742426,open,0.55,289.7,0.5345,0.559,0.54600707,104.02,0.588,0.0,BTC-27SEP19-4500-C,9772.64,0.0,0.002,1.1,0.6555,5.0,299.73,1.73477,-1.55889,6.80571,1e-05,0.98201
9994.34,BTC-27DEC19,1564570742426,open,0.71,7.1,0.6285,0.7745,0.70298589,98.61,0.491,0.0,BTC-27DEC19-16000-P,9772.64,0.0,0.005,5.0,1.4625,0.2,500.0,23.19286,-7.68138,-55.85643,6e-05,-0.66723
9994.34,BTC-27DEC19,1564570742426,open,0.01,189.7,0.0005,0.021,0.00680486,105.94,0.008,0.0,BTC-27DEC19-44000-C,9772.64,102.89,0.0055,6.0,0.0085,16.0,109.38,4.58029,-1.6297,1.02672,1e-05,0.03199
9844.29,BTC-27SEP19,1564570742426,open,0.0,405.8,0.0005,0.0105,0.00049707,136.48,0.0005,0.0,BTC-27SEP19-2500-P,9772.64,0.0,0.0,0.0,0.001,36.2,148.52,0.31578,-0.37232,-0.04843,0.0,-0.00261
9844.29,BTC-27SEP19,1564570742426,open,0.3,73.0,0.2475,0.3505,0.30072555,96.89,0.332,0.0,BTC-27SEP19-12000-P,9772.64,88.7,0.2885,6.8,0.3105,6.8,103.32,14.85644,-12.43565,-14.46006,0.0001,-0.62564
9844.29,BTC-27SEP19,1564570742426,open,0.75,55.9,0.737,0.7565,0.74653527,136.24,0.689,0.0,BTC-27SEP19-2500-C,9772.64,0.0,0.005,10.0,0.894,5.0,500.0,0.31238,-0.36768,3.91626,0.0,0.99743
9994.34,BTC-27DEC19,1564570742426,open,0.31,249.5,0.238,0.3655,0.30539463,95.67,0.3115,0.0,BTC-27DEC19-11000-P,9772.64,94.12,0.3015,5.0,0.3095,3.6,97.3,25.18468,-8.09184,-30.42441,6e-05,-0.44095
9844.29,BTC-27SEP19,1564570742426,open,0.0,463.7,0.0005,0.016,0.0051586,101.4,0.0055,0.0,BTC-27SEP19-22000-C,9772.64,99.25,0.0045,15.0,0.006,24.0,103.9,3.1526,-2.76172,0.49314,2e-05,0.03675
9994.34,BTC-27DEC19,1564570742427,open,0.13,216.5,0.0775,0.1845,0.13338118,97.57,0.132,0.0,BTC-27DEC19-14000-C,9772.64,96.41,0.1305,3.6,0.1365,10.0,98.83,24.80343,-8.12784,11.24839,6e-05,0.40932
9994.33,BTC-27DEC19,1564570742428,open,0.01,288.9,0.001,0.0225,0.01090255,95.51,0.01,0.0,BTC-27DEC19-4000-P,9772.64,92.6,0.0095,6.0,0.012,16.0,97.66,4.98255,-1.59818,-1.88902,1e-05,-0.03544
9844.29,BTC-27SEP19,1564570742428,open,1.45,0.2,1.3905,1.4975,1.44118023,102.54,1.6,0.0,BTC-27SEP19-24000-P,9772.64,0.0,0.0005,0.1,0.0,0.0,0.0,2.20909,-1.95689,-37.73183,1e-05,-0.97606
9994.33,BTC-27DEC19,1564570742428,open,0.11,163.4,0.063,0.1475,0.10629191,95.21,0.1165,0.0,BTC-27DEC19-7500-P,9772.64,92.66,0.1015,4.9,0.106,4.9,95.05,18.84064,-6.02438,-13.25272,5e-05,-0.21881
9783.65,SYN.BTC-9AUG19,1564570742426,open,0.0,93.7,0.0005,0.012,0.00219203,108.65,0.0015,0.0,BTC-9AUG19-13500-C,9772.64,107.0,0.002,4.4,0.0025,0.3,111.12,1.17095,-7.16711,0.07737,5e-05,0.03471
9994.33,BTC-27DEC19,1564570742428,open,0.05,280.5,0.024,0.0805,0.0513866,95.21,0.0485,0.0,BTC-27DEC19-6000-P,9772.64,92.25,0.0475,6.0,0.051,6.0,94.92,13.24766,-4.23602,-7.25061,3e-05,-0.12648
9994.33,BTC-27DEC19,1564570742429,open,0.2,695.5,0.1445,0.256,0.20475762,95.66,0.199,0.0,BTC-27DEC19-11000-C,9772.64,94.77,0.2025,5.0,0.21,9.0,97.74,25.18476,-8.09141,14.44235,6e-05,0.55904
9994.33,BTC-27DEC19,1564570742429,open,0.38,101.9,0.3065,0.4405,0.37698903,96.14,0.3915,0.0,BTC-27DEC19-12000-P,9772.64,94.38,0.3725,3.6,0.3815,3.6,97.91,25.46308,-8.22203,-35.60122,7e-05,-0.49634
9844.29,BTC-27SEP19,1564570742429,open,0.47,61.0,0.4165,0.52,0.46820964,98.06,0.4995,0.0,BTC-27SEP19-14000-P,9772.64,88.62,0.457,4.3,0.4805,4.3,107.66,12.18339,-10.32146,-19.17329,8e-05,-0.7601
9994.33,BTC-27DEC19,1564570742429,open,0.18,166.1,0.1165,0.228,0.17632506,96.15,0.1685,0.0,BTC-27DEC19-12000-C,9772.64,95.24,0.174,3.6,0.1785,0.1,97.0,25.46307,-8.22259,13.3442,7e-05,0.50367
9844.29,BTC-27SEP19,1564570742429,open,0.7,225.7,0.6865,0.706,0.69622309,128.93,0.693,0.0,BTC-27SEP19-3000-C,9772.64,0.0,0.005,20.0,0.8815,5.0,500.0,0.57367,-0.639,4.66269,0.0,0.99493
9844.29,BTC-27SEP19,1564570742430,open,0.45,221.9,0.4325,0.4695,0.45035993,99.21,0.51,0.0,BTC-27SEP19-5500-C,9772.64,0.0,0.441,3.0,0.83,5.0,500.0,3.87045,-3.31723,7.84053,3e-05,0.95265
9994.33,BTC-27DEC19,1564570742430,open,0.46,76.1,0.3805,0.519,0.45304594,96.6,0.4605,0.0,BTC-27DEC19-13000-P,9772.64,94.6,0.448,3.6,0.458,3.6,98.55,25.28824,-8.20396,-40.76116,6e-05,-0.54687
9774.97,SYN.BTC-2AUG19,1564570742427,open,0.28,0.0,0.2695,0.2985,0.2838735,0.0,None,0.0,BTC-2AUG19-7000-C,9772.64,0.0,0.01,10.0,0.0,0.0,0.0,0.0,0.0,0.35972,0.0,1.0
9809.68,SYN.BTC-30AUG19,1564570742427,open,0.01,165.6,0.0005,0.017,0.00558106,106.4,0.004,0.0,BTC-30AUG19-17000-C,9772.64,104.34,0.005,24.0,0.0065,14.4,109.42,2.85076,-5.07635,0.34907,3e-05,0.04905
9809.68,SYN.BTC-30AUG19,1564570742427,open,0.07,174.9,0.0345,0.1005,0.06824676,98.92,0.07,0.0,BTC-30AUG19-11000-C,9772.64,97.33,0.0665,19.3,0.071,6.5,101.41,10.81526,-17.90467,2.63329,0.00014,0.39621
9809.68,SYN.BTC-30AUG19,1564570742427,open,0.84,0.0,0.7995,0.8825,0.83872388,107.69,None,0.0,BTC-30AUG19-18000-P,9772.64,0.0,0.0,0.0,0.0,0.0,0.0,2.15196,-3.8784,-14.48534,3e-05,-0.96533
9994.33,BTC-27DEC19,1564570742431,open,0.38,53.4,0.3415,0.424,0.38532688,95.21,0.3875,0.0,BTC-27DEC19-7000-C,9772.64,89.44,0.3755,0.2,0.3885,11.0,97.06,17.14179,-5.4815,17.4412,4e-05,0.81318
9783.65,SYN.BTC-9AUG19,1564570742426,open,0.11,0.0,0.0705,0.142,0.10732801,99.67,None,0.0,BTC-9AUG19-10500-P,9772.64,97.37,0.106,4.2,0.111,18.0,105.97,5.6691,-31.83075,-1.79434,0.00024,-0.64689
9774.97,SYN.BTC-2AUG19,1564570742427,open,0.01,245.3,0.0005,0.0255,0.00729465,105.86,0.0065,0.0,BTC-2AUG19-10500-C,9772.64,101.6,0.0065,24.0,0.0075,0.4,106.94,1.85632,-52.38401,0.08814,0.00036,0.18276
9994.33,BTC-27DEC19,1564570742432,open,2.62,1.3,2.534,2.7045,2.61415025,103.64,2.2,0.0,BTC-27DEC19-36000-P,9772.64,0.0,0.0005,1.0,0.0,0.0,0.0,7.02125,-2.44387,-145.1194,2e-05,-0.94577
9774.97,SYN.BTC-2AUG19,1564570742428,open,0.33,0.0,0.3215,0.348,0.33501179,0.0,0.2765,0.0,BTC-2AUG19-6500-C,9772.64,0.0,0.01,10.0,0.0,0.0,0.0,0.0,0.0,0.33403,0.0,1.0
9783.65,SYN.BTC-9AUG19,1564570742426,open,0.0,274.8,0.0005,0.0125,0.00263879,101.35,0.003,0.0,BTC-9AUG19-7500-P,9772.64,96.13,0.002,14.3,0.004,30.0,110.51,1.29148,-7.3738,-0.09938,5e-05,-0.03913
9774.97,SYN.BTC-2AUG19,1564570742428,open,0.18,1.0,0.1535,0.2065,0.17778452,124.52,0.1445,0.0,BTC-2AUG19-11500-P,9772.64,0.0,0.1715,11.4,0.24,1.0,432.06,0.57744,-19.16735,-0.57261,9e-05,-0.96214
9783.65,SYN.BTC-9AUG19,1564570742426,open,0.08,17.2,0.039,0.1065,0.07385326,98.95,0.072,0.0,BTC-9AUG19-10000-P,9772.64,96.77,0.0725,4.1,0.077,18.0,104.01,6.07378,-33.85536,-1.42653,0.00026,-0.52576
9809.68,SYN.BTC-30AUG19,1564570742428,open,0.27,1.6,0.224,0.311,0.26831721,100.43,0.3175,0.0,BTC-30AUG19-12000-P,9772.64,0.0,0.0,0.0,0.0,0.0,0.0,9.58361,-16.10853,-7.86719,0.00012,-0.71149
9783.65,SYN.BTC-9AUG19,1564570742426,open,0.01,98.8,0.0015,0.0335,0.01358839,101.22,0.012,0.0,BTC-9AUG19-11500-C,9772.64,98.44,0.0125,4.5,0.0155,2.1,105.91,3.89391,-22.20259,0.37757,0.00017,0.17229
9809.68,SYN.BTC-30AUG19,1564570742427,open,0.64,0.0,0.601,0.682,0.63931142,105.01,None,0.0,BTC-30AUG19-16000-P,9772.64,0.0,0.0,0.0,0.0,0.0,0.0,3.7552,-6.59973,-12.60306,5e-05,-0.93031
9783.65,SYN.BTC-9AUG19,1564570742426,open,0.24,0.0,0.204,0.2695,0.23528506,103.53,None,0.0,BTC-9AUG19-12000-P,9772.64,0.0,0.0,0.0,0.0,0.0,0.0,3.01933,-17.6093,-2.65767,0.00013,-0.88181
9783.65,SYN.BTC-9AUG19,1564570742426,open,0.07,39.1,0.0425,0.1065,0.07649612,99.45,0.066,0.0,BTC-9AUG19-9500-C,9772.64,101.12,0.0775,1.0,0.079,4.0,103.62,5.87294,-32.90182,1.25822,0.00025,0.60536
9783.65,SYN.BTC-9AUG19,1564570742426,open,0.11,4.9,0.0755,0.1365,0.1077459,99.44,0.1095,0.0,BTC-9AUG19-9000-C,9772.64,91.08,0.1035,6.0,0.1115,6.0,106.66,5.03477,-28.20258,1.48287,0.00022,0.73104
9783.65,SYN.BTC-9AUG19,1564570742426,open,0.01,73.8,0.0005,0.02,0.00672244,100.77,0.006,0.0,BTC-9AUG19-8000-P,9772.64,97.77,0.006,12.8,0.008,30.0,105.75,2.41579,-13.71349,-0.22298,0.0001,-0.087
9783.65,SYN.BTC-9AUG19,1564570742426,open,0.03,91.2,0.009,0.0605,0.03406844,99.6,0.035,0.0,BTC-9AUG19-10500-C,9772.64,96.02,0.032,3.0,0.0365,4.1,103.78,5.6683,-31.80394,0.7587,0.00024,0.35297
9774.97,SYN.BTC-2AUG19,1564570742431,open,0.02,439.4,0.001,0.043,0.01950102,102.34,0.0175,0.0,BTC-2AUG19-10000-C,9772.64,96.88,0.018,24.0,0.0195,1.0,102.34,2.69285,-73.46513,0.18723,0.00054,0.39222
9774.97,SYN.BTC-2AUG19,1564570742428,open,0.0,501.9,0.0005,0.0105,0.00015639,144.98,0.0005,0.0,BTC-2AUG19-7500-P,9772.64,0.0,0.0,0.0,0.0005,37.1,167.31,0.09493,-1.52869,-0.00241,1e-05,-0.00465
9783.65,SYN.BTC-9AUG19,1564570742426,open,0.01,205.0,0.0005,0.018,0.00509123,103.38,0.0045,0.0,BTC-9AUG19-12500-C,9772.64,100.62,0.0045,4.5,0.005,1.0,102.97,2.16053,-12.5825,0.16642,9e-05,0.07504
9774.97,SYN.BTC-2AUG19,1564570742432,open,0.49,0.0,0.4545,0.5135,0.48343933,182.96,None,0.0,BTC-2AUG19-14500-P,9772.64,0.0,0.0,0.0,0.0,0.0,0.0,0.037,-1.80469,-0.74435,0.0,-0.99836
9844.29,BTC-27SEP19,1564570742829,open,0.03,382.4,0.012,0.055,0.03166047,95.06,0.0305,0.0,BTC-27SEP19-7000-P,9772.64,93.15,0.03,29.6,0.033,24.0,96.58,8.63317,-7.08994,-2.64583,6e-05,-0.13784
213.36,SYN.ETH-9AUG19,1564570743102,open,0.0,51.0,0.001,0.012,0.002633,108.23,0.003,0.0,ETH-9AUG19-160-P,213.25,91.49,0.001,550.0,0.004,250.0,117.89,0.02677,-0.16321,-0.00204,0.00223,-0.03677
213.36,SYN.ETH-9AUG19,1564570743154,open,0.0,8.0,0.001,0.011,0.001586,107.99,0.002,0.0,ETH-9AUG19-300-C,213.25,100.88,0.001,300.0,0.003,550.0,120.06,0.02023,-0.12307,0.00128,0.00169,0.02621
213.36,SYN.ETH-9AUG19,1564570743204,open,0.2,0.0,0.18,0.236,0.208947,106.13,None,0.0,ETH-9AUG19-170-C,213.25,0.0,0.0,0.0,0.0,0.0,0.0,0.04603,-0.27518,0.03727,0.00392,0.92722
9844.29,BTC-27SEP19,1564570743197,open,0.38,35.5,0.329,0.433,0.38187372,97.47,0.3845,0.0,BTC-27SEP19-13000-P,9772.64,89.07,0.3705,5.3,0.3925,5.3,105.01,13.64406,-11.48892,-16.87642,9e-05,-0.69929
9844.29,BTC-27SEP19,1564570743225,open,0.03,382.4,0.012,0.055,0.03166047,95.06,0.0305,0.0,BTC-27SEP19-7000-P,9772.64,93.15,0.03,29.5,0.033,24.0,96.58,8.63317,-7.08994,-2.64583,6e-05,-0.13784
9844.29,BTC-27SEP19,1564570743256,open,0.47,61.0,0.4165,0.52,0.46820964,98.06,0.4995,0.0,BTC-27SEP19-14000-P,9772.64,88.62,0.457,4.3,0.4795,4.3,106.9,12.18339,-10.32146,-19.17329,8e-05,-0.7601
9844.29,BTC-27SEP19,1564570743282,open,0.01,377.6,0.003,0.035,0.01526444,100.37,0.013,0.0,BTC-27SEP19-18000-C,9772.64,99.23,0.0145,11.0,0.016,24.0,101.45,6.62993,-5.749,1.246,4e-05,0.09509
9844.29,BTC-27SEP19,1564570743298,open,0.0,142.4,0.0005,0.0115,0.00194661,102.9,0.0015,0.0,BTC-27SEP19-26000-C,9772.64,95.18,0.001,74.0,0.003,29.0,108.82,1.49942,-1.33289,0.2065,1e-05,0.01518
9844.29,BTC-27SEP19,1564570743313,open,0.03,416.5,0.011,0.063,0.03460851,98.55,0.0315,0.0,BTC-27SEP19-15000-C,9772.64,97.05,0.033,21.3,0.0365,19.3,100.29,10.64594,-9.06396,2.42947,7e-05,0.19024
9844.29,BTC-27SEP19,1564570743317,open,0.0,586.8,0.0005,0.0105,0.0009655,128.89,0.0005,0.0,BTC-27SEP19-3000-P,9772.64,0.0,0.0,0.0,0.0015,23.0,136.75,0.57264,-0.63764,-0.09402,0.0,-0.00506
213.36,SYN.ETH-9AUG19,1564570743466,open,0.01,243.0,0.001,0.029,0.01134,104.16,0.009,0.0,ETH-9AUG19-180-P,213.25,96.75,0.009,835.0,0.014,250.0,111.94,0.07026,-0.41228,-0.00732,0.00609,-0.12968
9774.96,SYN.BTC-2AUG19,1564570743530,open,0.04,147.4,0.016,0.072,0.04560052,104.38,0.044,0.0,BTC-2AUG19-9500-C,9772.64,100.16,0.0445,18.0,0.0455,1.0,103.99,2.56085,-71.2512,0.30978,0.0005,0.6623
9774.96,SYN.BTC-2AUG19,1564570743530,open,0.0,180.3,0.0005,0.0105,0.00011018,145.0,0.001,0.0,BTC-2AUG19-13000-C,9772.64,0.0,0.0,0.0,0.001,12.0,189.1,0.0748,-1.077,0.00173,1e-05,0.00356
9774.96,SYN.BTC-2AUG19,1564570743530,open,0.02,280.5,0.0005,0.041,0.01747005,104.37,0.0195,0.0,BTC-2AUG19-9500-P,9772.64,100.66,0.0165,24.0,0.019,0.5,110.19,2.56083,-71.24738,-0.17841,0.0005,-0.3377
9844.33,BTC-27SEP19,1564570743551,open,0.0,1060.6,0.0005,0.012,0.00228587,105.35,0.0025,0.0,BTC-27SEP19-4250-P,9772.64,98.86,0.0015,44.0,0.003,15.0,110.11,1.35404,-1.23235,-0.24611,1e-05,-0.01348
213.36,SYN.ETH-9AUG19,1564570743566,open,0.13,200.0,0.092,0.162,0.130402,103.23,0.109,0.0,ETH-9AUG19-190-C,213.25,0.0,0.0,0.0,0.0,0.0,0.0,0.09633,-0.56018,0.03414,0.00843,0.78835
9809.62,SYN.BTC-30AUG19,1564570743656,open,0.1,143.7,0.065,0.1375,0.10358986,98.4,0.1005,0.0,BTC-30AUG19-10000-C,9772.64,97.89,0.103,1.0,0.1065,5.6,100.96,11.16693,-18.39089,3.4149,0.00014,0.52889
9774.96,SYN.BTC-2AUG19,1564570743656,open,0.09,30.3,0.054,0.1105,0.08147293,105.89,0.084,0.0,BTC-2AUG19-10500-P,9772.64,91.98,0.079,0.5,0.0835,0.5,116.15,1.85674,-52.41023,-0.45141,0.00036,-0.81717
213.94,ETH-27SEP19,1564570743690,open,0.14,1110.0,0.093,0.183,0.143684,98.35,0.122,0.0,ETH-27SEP19-220-C,213.25,96.02,0.14,306.0,0.147,110.0,100.46,0.33724,-0.28655,0.13768,0.00472,0.54954
213.27,SYN.ETH-2AUG19,1564570743696,open,0.0,525.0,0.001,0.011,0.00046,144.68,0.001,0.0,ETH-2AUG19-270-C,213.25,0.0,0.0,0.0,0.001,302.0,161.52,0.00516,-0.09819,0.00014,0.00153,0.01314
9844.33,BTC-27SEP19,1564570743700,open,1.85,0.0,1.789,1.908,1.84578717,106.04,None,0.0,BTC-27SEP19-28000-P,9772.64,0.0,0.0,0.0,0.0,0.0,0.0,1.204,-1.10293,-44.23764,1e-05,-0.98823
213.94,ETH-27SEP19,1564570743703,open,0.46,769.0,0.389,0.514,0.453562,99.98,0.391,0.0,ETH-27SEP19-300-P,213.25,72.0,0.422,110.0,0.491,110.0,127.08,0.27511,-0.23762,-0.40564,0.00379,-0.74221
213.94,ETH-27SEP19,1564570743709,open,0.54,497.0,0.471,0.598,0.535618,100.56,0.51,0.0,ETH-27SEP19-320-P,213.25,57.11,0.5,110.0,0.579,110.0,134.04,0.24576,-0.21352,-0.44957,0.00337,-0.78965
213.94,ETH-27SEP19,1564570743714,open,1.63,24.0,1.542,1.707,1.620928,109.75,1.356,0.0,ETH-27SEP19-560-P,213.25,0.0,0.0,0.0,0.0,0.0,0.0,0.04755,-0.04509,-0.88107,0.0006,-0.97633
215.79,ETH-27DEC19,1564570743730,open,0.02,1072.0,0.005,0.044,0.020864,101.61,0.025,0.0,ETH-27DEC19-640-C,213.25,97.62,0.017,585.0,0.025,50.0,105.46,0.22079,-0.07535,0.05942,0.00114,0.08838
213.27,SYN.ETH-2AUG19,1564570743730,open,0.0,946.0,0.001,0.011,0.000443,143.51,0.001,0.0,ETH-2AUG19-170-P,213.25,0.0,0.0,0.0,0.001,303.0,162.08,0.00479,-0.09445,-0.00014,0.00143,-0.01204
215.79,ETH-27DEC19,1564570743741,open,0.94,16.0,0.84,1.016,0.929919,100.72,1.195,0.0,ETH-27DEC19-400-P,213.25,61.74,0.867,110.0,1.004,110.0,133.13,0.4486,-0.15174,-1.46823,0.00235,-0.73822
213.61,SYN.ETH-30AUG19,1564570743741,open,0.7,0.0,0.638,0.75,0.69179,104.99,None,0.0,ETH-30AUG19-360-P,213.25,0.0,0.0,0.0,0.0,0.0,0.0,0.06914,-0.12149,-0.28597,0.00176,-0.94381
213.94,ETH-27SEP19,1564570743743,open,0.71,233.0,0.643,0.773,0.707297,101.97,0.763,0.0,ETH-27SEP19-360-P,213.25,88.96,0.697,45.0,0.0,0.0,0.0,0.18997,-0.16735,-0.53155,0.00257,-0.85962
213.94,ETH-27SEP19,1564570743743,open,1.45,12.0,1.361,1.516,1.435015,107.08,1.193,0.0,ETH-27SEP19-520-P,213.25,0.0,0.0,0.0,0.0,0.0,0.0,0.05918,-0.05475,-0.8156,0.00076,-0.96924
213.27,SYN.ETH-2AUG19,1564570743748,open,0.15,0.0,0.13,0.183,0.15691,124.42,None,0.0,ETH-2AUG19-180-C,213.25,0.0,0.0,0.0,0.0,0.0,0.0,0.00918,-0.3044,0.00896,0.00316,0.97419
213.94,ETH-27SEP19,1564570743752,open,0.8,259.0,0.731,0.863,0.795374,102.3,0.94,0.0,ETH-27SEP19-380-P,213.25,0.0,0.009,8.0,0.0,0.0,0.0,0.16412,-0.14504,-0.57045,0.00221,-0.88621
215.79,ETH-27DEC19,1564570743752,open,0.02,1471.0,0.006,0.051,0.025109,101.18,0.023,0.0,ETH-27DEC19-600-C,213.25,98.39,0.022,410.0,0.028,110.0,103.62,0.24874,-0.08452,0.06937,0.00129,0.10393
213.61,SYN.ETH-30AUG19,1564570743752,open,0.35,0.0,0.327,0.376,0.352609,102.9,None,0.0,ETH-30AUG19-140-C,213.25,0.0,0.0,0.0,0.0,0.0,0.0,0.06971,-0.12005,0.10326,0.00181,0.94322
9994.21,BTC-27DEC19,1564570743773,open,0.61,27.2,0.5955,0.6275,0.61067482,95.51,0.65,0.0,BTC-27DEC19-4000-C,9772.64,0.0,0.45,1.0,0.966,1.0,500.0,4.98345,-1.59859,14.42564,1e-05,0.96455
9774.96,SYN.BTC-2AUG19,1564570743773,open,0.0,167.6,0.0005,0.011,0.00126679,123.77,0.0015,0.0,BTC-2AUG19-11500-C,9772.64,118.83,0.001,33.0,0.0015,0.4,127.6,0.56587,-12.38284,0.01792,9e-05,0.03694
213.27,SYN.ETH-2AUG19,1564570743777,open,0.0,774.0,0.001,0.011,0.000901,124.42,0.001,0.0,ETH-2AUG19-180-P,213.25,0.0,0.0,0.0,0.002,550.0,144.18,0.00918,-0.1922,-0.00029,0.00316,-0.02581
213.94,ETH-27SEP19,1564570743781,open,1.08,0.0,0.999,1.138,1.065685,102.7,None,0.0,ETH-27SEP19-440-P,213.25,0.0,0.0,0.0,0.0,0.0,0.0,0.10085,-0.08948,-0.68055,0.00135,-0.94048
213.94,ETH-27SEP19,1564570743785,open,0.0,2654.0,0.001,0.013,0.003372,109.75,0.004,0.0,ETH-27SEP19-560-C,213.25,102.46,0.002,50.0,0.005,598.0,116.15,0.04755,-0.04509,0.00688,0.0006,0.02367
213.61,SYN.ETH-30AUG19,1564570743792,open,0.27,0.0,0.239,0.302,0.272453,102.34,None,0.0,ETH-30AUG19-160-C,213.25,0.0,0.0,0.0,0.0,0.0,0.0,0.12827,-0.21968,0.10473,0.00336,0.87147
215.79,ETH-27DEC19,1564570743794,open,2.18,0.0,2.064,2.282,2.168838,102.2,None,0.0,ETH-27DEC19-680-P,213.25,0.0,0.0,0.0,0.0,0.0,0.0,0.19718,-0.06768,-2.72214,0.00102,-0.92394
215.79,ETH-27DEC19,1564570743794,open,2.0,0.0,1.886,2.096,1.986848,101.74,None,0.0,ETH-27DEC19-640-P,213.25,0.0,0.0,0.0,0.0,0.0,0.0,0.22157,-0.07571,-2.55075,0.00115,-0.9112
213.94,ETH-27SEP19,1564570743797,open,0.18,2068.0,0.117,0.22,0.17201,98.35,0.186,0.0,ETH-27SEP19-220-P,213.25,95.18,0.167,120.0,0.177,110.0,101.52,0.33724,-0.28655,-0.21116,0.00472,-0.45046
213.27,SYN.ETH-2AUG19,1564570743797,open,0.0,14.0,0.001,0.011,0.000164,145.0,0.001,0.0,ETH-2AUG19-280-C,213.25,0.0,0.0,0.0,0.001,300.0,181.95,0.00226,-0.03497,5e-05,0.00067,0.00513
213.94,ETH-27SEP19,1564570743804,open,0.01,4319.0,0.003,0.033,0.015031,102.65,0.013,0.0,ETH-27SEP19-400-C,213.25,99.46,0.013,500.0,0.017,110.0,105.55,0.14099,-0.12504,0.02622,0.00189,0.09233
9809.62,SYN.BTC-30AUG19,1564570743804,open,0.07,179.8,0.0375,0.1035,0.0710028,98.4,0.072,0.0,BTC-30AUG19-9000-P,9772.64,95.98,0.0685,25.3,0.073,19.3,100.33,10.13299,-16.68732,-3.19995,0.00013,-0.32753
213.61,SYN.ETH-30AUG19,1564570743806,open,0.89,0.0,0.819,0.939,0.876624,111.53,None,0.0,ETH-30AUG19-400-P,213.25,0.0,0.0,0.0,0.0,0.0,0.0,0.04769,-0.08901,-0.32191,0.00114,-0.96458
213.61,SYN.ETH-30AUG19,1564570743806,open,0.01,2560.0,0.001,0.018,0.006446,104.99,0.005,0.0,ETH-30AUG19-360-C,213.25,96.38,0.004,500.0,0.009,800.0,112.15,0.06914,-0.12149,0.0087,0.00176,0.05619
213.94,ETH-27SEP19,1564570743810,open,0.0,2060.0,0.001,0.011,0.001745,116.97,0.003,0.0,ETH-27SEP19-80-P,213.25,0.0,0.0,0.0,0.002,300.0,119.37,0.02175,-0.02198,-0.00382,0.00026,-0.00952
213.94,ETH-27SEP19,1564570743812,open,0.0,3429.0,0.001,0.014,0.004427,107.08,0.006,0.0,ETH-27SEP19-520-C,213.25,95.95,0.002,740.0,0.007,909.0,115.07,0.05918,-0.05475,0.00893,0.00076,0.03076
213.94,ETH-27SEP19,1564570743814,open,0.0,4512.0,0.001,0.013,0.003817,104.96,0.005,0.0,ETH-27SEP19-100-P,213.25,94.24,0.002,1.0,0.005,300.0,110.34,0.04341,-0.03936,-0.0085,0.00057,-0.02124
9994.21,BTC-27DEC19,1564570743814,open,0.49,60.3,0.4575,0.516,0.48744233,95.21,0.46,0.0,BTC-27DEC19-5500-C,9772.64,0.0,0.255,1.0,0.51,1.0,114.08,11.1347,-3.56064,16.85097,3e-05,0.90082
215.79,ETH-27DEC19,1564570743822,open,1.82,0.0,1.708,1.91,1.805719,101.29,0.953,0.0,ETH-27DEC19-600-P,213.25,0.0,0.0,0.0,0.0,0.0,0.0,0.2494,-0.08484,-2.37768,0.0013,-0.89569
213.27,SYN.ETH-2AUG19,1564570743826,open,0.32,0.0,0.275,0.355,0.313039,145.0,None,0.0,ETH-2AUG19-280-P,213.25,0.0,0.0,0.0,0.0,0.0,0.0,0.00226,-0.08743,-0.01433,0.00067,-0.99487
213.94,ETH-27SEP19,1564570743828,open,0.72,0.0,0.711,0.73,0.720539,137.98,0.01,0.0,ETH-27SEP19-60-C,213.25,0.0,0.003,10.0,0.0,0.0,0.0,0.01192,-0.01421,0.09317,0.00012,0.99518
213.27,SYN.ETH-2AUG19,1564570743830,open,0.13,5.0,0.093,0.165,0.127598,108.04,0.154,0.0,ETH-2AUG19-240-P,213.25,0.0,0.121,300.0,0.136,300.0,166.08,0.02023,-0.58264,-0.01161,0.00801,-0.93132
215.79,ETH-27DEC19,1564570743832,open,0.04,2254.0,0.019,0.07,0.04441,99.69,0.045,0.0,ETH-27DEC19-120-P,213.25,95.9,0.04,50.0,0.046,140.0,101.03,0.25487,-0.08533,-0.13369,0.00135,-0.10749
213.94,ETH-27SEP19,1564570743834,open,0.0,3419.0,0.001,0.012,0.002006,114.0,0.003,0.0,ETH-27SEP19-640-C,213.25,105.31,0.001,50.0,0.003,591.0,119.92,0.03111,-0.03064,0.0042,0.00038,0.01438
213.61,SYN.ETH-30AUG19,1564570743834,open,0.01,693.0,0.001,0.019,0.008021,102.9,0.01,0.0,ETH-30AUG19-140-P,213.25,99.66,0.007,251.0,0.01,650.0,108.64,0.06971,-0.12005,-0.01133,0.00181,-0.05678
215.79,ETH-27DEC19,1564570743840,open,0.12,199.0,0.067,0.173,0.124612,100.2,0.13,0.0,ETH-27DEC19-320-C,213.25,98.3,0.12,280.0,0.13,110.0,102.4,0.52627,-0.1771,0.22804,0.00277,0.3837
213.94,ETH-27SEP19,1564570743840,open,0.45,47.0,0.425,0.47,0.448479,99.46,0.689,0.0,ETH-27SEP19-120-C,213.25,0.0,0.0,0.0,0.0,0.0,0.0,0.08597,-0.07387,0.17059,0.00119,0.95134
215.79,ETH-27DEC19,1564570743846,open,0.02,488.0,0.004,0.038,0.01748,102.04,0.015,0.0,ETH-27DEC19-680-C,213.25,97.97,0.014,300.0,0.021,50.0,105.72,0.19626,-0.06726,0.05115,0.00101,0.07559
213.61,SYN.ETH-30AUG19,1564570743848,open,0.35,0.0,0.288,0.394,0.342454,101.93,None,0.0,ETH-30AUG19-280-P,213.25,0.0,0.0,0.0,0.0,0.0,0.0,0.17953,-0.30627,-0.19677,0.00472,-0.78298
215.79,ETH-27DEC19,1564570743850,open,0.04,936.0,0.011,0.07,0.038561,101.15,0.036,0.0,ETH-27DEC19-520-C,213.25,98.7,0.035,294.0,0.042,110.0,103.42,0.32062,-0.10891,0.09765,0.00167,0.1495
213.94,ETH-27SEP19,1564570743850,open,0.08,5408.0,0.04,0.113,0.077861,98.96,0.085,0.0,ETH-27SEP19-180-P,213.25,95.97,0.074,160.0,0.082,351.0,102.14,0.27774,-0.23744,-0.11549,0.00387,-0.26258
213.94,ETH-27SEP19,1564570743850,open,0.37,191.0,0.336,0.396,0.368247,98.96,0.5,0.0,ETH-27SEP19-140-C,213.25,0.0,0.01,50.0,0.0,0.0,0.0,0.15111,-0.12919,0.17989,0.0021,0.89852
213.27,SYN.ETH-2AUG19,1564570743850,open,0.11,10.0,0.082,0.139,0.111144,106.23,0.1,0.0,ETH-2AUG19-190-C,213.25,0.0,0.0,0.0,0.0,0.0,0.0,0.01819,-0.51521,0.00908,0.00733,0.94008
215.79,ETH-27DEC19,1564570743856,open,0.37,0.0,0.315,0.411,0.369302,99.68,None,0.0,ETH-27DEC19-160-C,213.25,0.0,0.001,1000.0,0.98,5.0,500.0,0.403,-0.13491,0.36562,0.00213,0.78471
213.27,SYN.ETH-2AUG19,1564570743856,open,0.41,0.0,0.366,0.451,0.406669,145.0,None,0.0,ETH-2AUG19-300-P,213.25,0.0,0.0,0.0,0.0,0.0,0.0,0.00033,-0.01276,-0.01541,0.0001,-0.99938
213.27,SYN.ETH-2AUG19,1564570743856,open,0.18,0.0,0.139,0.21,0.172855,108.71,None,0.0,ETH-2AUG19-250-P,213.25,0.0,0.0,0.0,0.0,0.0,0.0,0.00825,-0.2392,-0.0126,0.00325,-0.97725
213.27,SYN.ETH-2AUG19,1564570743856,open,0.23,0.0,0.184,0.26,0.220055,138.85,None,0.0,ETH-2AUG19-260-P,213.25,0.0,0.0,0.0,0.0,0.0,0.0,0.00928,-0.34341,-0.01308,0.00286,-0.97385
213.94,ETH-27SEP19,1564570743858,open,0.01,2571.0,0.001,0.023,0.009034,102.7,0.007,0.0,ETH-27SEP19-440-C,213.25,98.06,0.007,610.0,0.011,110.0,106.64,0.10085,-0.08948,0.01713,0.00135,0.05952
213.94,ETH-27SEP19,1564570743860,open,0.11,1828.0,0.064,0.15,0.111299,98.7,0.11,0.0,ETH-27SEP19-240-C,213.25,96.62,0.108,207.0,0.116,110.0,101.67,0.3383,-0.28848,0.1189,0.00472,0.46179
213.94,ETH-27SEP19,1564570743860,open,2.57,0.0,2.449,2.665,2.5534,119.0,None,0.0,ETH-27SEP19-760-P,213.25,0.0,0.0,0.0,0.0,0.0,0.0,0.01739,-0.01788,-1.20292,0.0002,-0.99262
213.94,ETH-27SEP19,1564570743862,open,0.02,1896.0,0.004,0.04,0.019175,102.3,0.019,0.0,ETH-27SEP19-380-C,213.25,99.38,0.017,300.0,0.022,310.0,105.86,0.16412,-0.14504,0.0321,0.00221,0.11379
213.94,ETH-27SEP19,1564570743862,open,1.82,27.0,1.723,1.897,1.806728,109.75,1.044,0.0,ETH-27SEP19-600-P,213.25,0.0,0.0,0.0,0.0,0.0,0.0,0.03434,-0.03256,-0.94666,0.00043,-0.98387
213.61,SYN.ETH-30AUG19,1564570743862,open,0.43,0.0,0.372,0.479,0.425805,102.9,None,0.0,ETH-30AUG19-300-P,213.25,0.0,0.0,0.0,0.0,0.0,0.0,0.14691,-0.253,-0.22182,0.00382,-0.84292
9994.1,BTC-27DEC19,1564570743885,open,0.06,548.2,0.024,0.1045,0.06196799,100.18,0.064,0.0,BTC-27DEC19-20000-C,9772.64,99.14,0.06,4.9,0.0635,10.0,100.99,19.01322,-6.39731,6.53696,5e-05,0.22233
9774.96,SYN.BTC-2AUG19,1564570743885,open,0.08,45.2,0.061,0.111,0.08587993,115.22,0.0795,0.0,BTC-2AUG19-9000-C,9772.64,103.25,0.084,6.0,0.0865,0.5,118.89,1.62556,-49.92861,0.38441,0.00029,0.85113
9774.96,SYN.BTC-2AUG19,1564570743885,open,0.05,158.8,0.013,0.0705,0.04253589,102.39,0.045,0.0,BTC-2AUG19-10000-P,9772.64,96.8,0.041,4.9,0.045,0.5,111.3,2.69296,-73.50309,-0.32664,0.00054,-0.60772
9809.62,SYN.BTC-30AUG19,1564570743887,open,0.02,122.8,0.0045,0.0395,0.01878932,102.17,0.0165,0.0,BTC-30AUG19-14000-C,9772.64,100.94,0.018,24.0,0.02,16.0,104.03,6.31188,-10.7932,0.9906,8e-05,0.14216
9774.96,SYN.BTC-2AUG19,1564570743887,open,0.0,376.8,0.0005,0.0105,0.00051644,131.62,0.0005,0.0,BTC-2AUG19-8000-P,9772.64,131.01,0.0005,27.0,0.001,10.7,145.84,0.26487,-5.04821,-0.00778,4e-05,-0.01497
213.27,SYN.ETH-2AUG19,1564570743947,open,0.01,1517.0,0.001,0.024,0.006185,103.4,0.004,0.0,ETH-2AUG19-230-C,213.25,96.44,0.005,252.0,0.008,400.0,113.22,0.03767,-1.03831,0.00172,0.01559,0.16313
9809.62,SYN.BTC-30AUG19,1564570743971,open,0.13,148.7,0.0815,0.161,0.12299138,98.4,0.123,0.0,BTC-30AUG19-10000-P,9772.64,96.21,0.1205,5.5,0.126,14.4,101.04,11.16694,-18.38994,-4.77021,0.00014,-0.47111
9994.1,BTC-27DEC19,1564570744053,open,0.24,600.6,0.1795,0.2885,0.23867988,95.21,0.2355,0.0,BTC-27DEC19-10000-C,9772.64,93.91,0.2355,3.6,0.2435,3.6,97.2,24.32057,-7.77712,15.50665,6e-05,0.61908
9994.1,BTC-27DEC19,1564570744053,open,0.0,894.0,0.0005,0.015,0.00421405,108.09,0.004,0.0,BTC-27DEC19-52000-C,9772.64,105.68,0.0035,1.0,0.005,10.0,110.43,3.15273,-1.14448,0.66292,1e-05,0.02048
9809.62,SYN.BTC-30AUG19,1564570744054,open,0.19,30.5,0.145,0.231,0.18960006,98.92,0.2005,0.0,BTC-30AUG19-11000-P,9772.64,93.37,0.1835,10.7,0.0,0.0,0.0,10.81524,-17.90579,-6.37035,0.00014,-0.60379
213.36,SYN.ETH-9AUG19,1564570744056,open,0.06,32.0,0.02,0.089,0.054805,101.13,0.06,0.0,ETH-9AUG19-210-P,213.25,94.92,0.051,1079.0,0.06,305.0,109.62,0.13061,-0.74411,-0.02509,0.01167,-0.42882
9994.1,BTC-27DEC19,1564570744071,open,0.13,248.1,0.081,0.1735,0.12903093,95.21,0.128,0.0,BTC-27DEC19-8000-P,9772.64,92.49,0.1235,9.9,0.1295,4.9,95.44,20.34373,-6.50486,-15.50849,5e-05,-0.25142
9844.33,BTC-27SEP19,1564570744071,open,1.65,0.0,1.5895,1.7015,1.64307157,102.97,None,0.0,BTC-27SEP19-26000-P,9772.64,0.0,0.0,0.0,0.0,0.0,0.0,1.50536,-1.33912,-41.0191,1e-05,-0.98475
213.36,SYN.ETH-9AUG19,1564570744122,open,0.02,44.0,0.003,0.046,0.022395,101.83,0.019,0.0,ETH-9AUG19-240-C,213.25,96.98,0.02,200.0,0.026,549.0,108.92,0.10664,-0.61171,0.01202,0.00946,0.25409
9774.96,SYN.BTC-2AUG19,1564570744132,open,0.0,268.9,0.0005,0.0135,0.00210946,124.7,0.002,0.0,BTC-2AUG19-8500-P,9772.64,123.29,0.002,80.0,0.0025,3.5,129.46,0.76723,-20.61992,-0.02814,0.00013,-0.05391
9783.63,SYN.BTC-9AUG19,1564570744426,open,0.14,2.4,0.118,0.1725,0.14592433,100.53,0.1405,0.0,BTC-9AUG19-8500-C,9772.63,0.0,0.0,0.0,0.0,0.0,0.0,3.78175,-21.4161,1.64023,0.00016,0.83536
213.36,SYN.ETH-9AUG19,1564570744541,open,0.15,11.0,0.103,0.189,0.147277,101.84,0.123,0.0,ETH-9AUG19-240-P,213.25,88.77,0.141,300.0,0.0,0.0,0.0,0.10664,-0.61175,-0.04634,0.00946,-0.7459
213.36,SYN.ETH-9AUG19,1564570745062,open,0.28,0.0,0.23,0.316,0.271429,103.96,None,0.0,ETH-9AUG19-270-P,213.25,0.0,0.0,0.0,0.0,0.0,0.0,0.05183,-0.30354,-0.06155,0.0045,-0.91487
213.36,SYN.ETH-9AUG19,1564570745237,open,0.32,0.0,0.275,0.361,0.316209,105.44,None,0.0,ETH-9AUG19-280-P,213.25,0.0,0.0,0.0,0.0,0.0,0.0,0.03864,-0.22949,-0.06527,0.00331,-0.94192
213.36,SYN.ETH-9AUG19,1564570745413,open,0.37,0.0,0.32,0.407,0.361747,107.07,None,0.0,ETH-9AUG19-290-P,213.25,0.0,0.0,0.0,0.0,0.0,0.0,0.02846,-0.17167,-0.06859,0.0024,-0.96036
9783.63,SYN.BTC-9AUG19,1564570745436,open,0.02,65.3,0.002,0.034,0.01472109,100.52,0.014,0.0,BTC-9AUG19-8500-P,9772.63,98.64,0.014,13.9,0.016,24.0,103.79,3.78167,-21.41502,-0.42669,0.00016,-0.16463
213.36,SYN.ETH-9AUG19,1564570745538,open,0.29,0.0,0.276,0.321,0.298399,115.68,None,0.0,ETH-9AUG19-150-C,213.25,0.0,0.0,0.0,0.0,0.0,0.0,0.01645,-0.10722,0.03534,0.00129,0.97949
9783.63,SYN.BTC-9AUG19,1564570745747,open,0.02,73.1,0.0035,0.0445,0.02140747,99.62,0.02,0.0,BTC-9AUG19-11000-C,9772.63,96.75,0.02,4.1,0.0225,0.5,101.82,4.84106,-27.16818,0.5422,0.00021,0.24931
213.36,SYN.ETH-9AUG19,1564570745913,open,0.0,0.0,0.001,0.011,0.00145,115.68,None,0.0,ETH-9AUG19-150-P,213.25,0.0,0.0,0.0,0.003,854.0,131.53,0.01645,-0.10722,-0.00114,0.00129,-0.02051
9783.63,SYN.BTC-9AUG19,1564570745941,open,0.28,0.0,0.27,0.302,0.2855088,104.22,None,0.0,BTC-9AUG19-7000-C,9772.63,0.0,0.0,0.0,0.0,0.0,0.0,0.61474,-3.60916,1.66147,3e-05,0.98388
9783.63,SYN.BTC-9AUG19,1564570745967,open,0.29,0.0,0.2535,0.316,0.28273778,103.39,None,0.0,BTC-9AUG19-12500-P,9772.63,0.0,0.0,0.0,0.0,0.0,0.0,2.161,-12.58651,-2.87316,9e-05,-0.92494
213.36,SYN.ETH-9AUG19,1564570746003,open,0.25,0.0,0.228,0.277,0.252712,108.23,None,0.0,ETH-9AUG19-160-C,213.25,0.0,0.0,0.0,0.0,0.0,0.0,0.02677,-0.1632,0.03686,0.00223,0.96323
9783.63,SYN.BTC-9AUG19,1564570746106,open,0.15,0.1,0.1105,0.1805,0.14573406,99.62,0.2195,0.0,BTC-9AUG19-11000-P,9772.63,89.75,0.141,12.0,0.0,0.0,0.0,4.84103,-27.16779,-2.13267,0.00021,-0.75069
213.36,SYN.ETH-9AUG19,1564570746164,open,0.34,0.0,0.324,0.366,0.344785,127.15,None,0.0,ETH-9AUG19-140-C,213.25,0.0,0.0,0.0,0.0,0.0,0.0,0.01119,-0.08015,0.03332,0.0008,0.98693
9783.63,SYN.BTC-9AUG19,1564570746220,open,0.03,98.0,0.0065,0.0525,0.02767247,99.48,0.03,0.0,BTC-9AUG19-9000-P,9772.63,97.2,0.0265,4.2,0.0295,24.0,103.02,5.03546,-28.21966,-0.7059,0.00022,-0.26904
9783.64,SYN.BTC-9AUG19,1564570746277,open,0.0,152.0,0.0005,0.0105,0.00098936,104.22,0.0015,0.0,BTC-9AUG19-7000-P,9772.63,94.64,0.0005,100.0,0.0015,10.0,111.3,0.61462,-3.60836,-0.04071,3e-05,-0.01612
213.36,SYN.ETH-9AUG19,1564570746288,open,0.01,3.0,0.001,0.018,0.005738,106.13,0.014,0.0,ETH-9AUG19-170-P,213.25,97.37,0.004,280.0,0.008,550.0,115.81,0.04603,-0.27519,-0.00407,0.00392,-0.07278
213.36,SYN.ETH-9AUG19,1564570746314,open,0.42,0.0,0.366,0.454,0.407688,107.99,None,0.0,ETH-9AUG19-300-P,213.25,0.0,0.0,0.0,0.0,0.0,0.0,0.02023,-0.12309,-0.07167,0.00169,-0.97379
213.36,SYN.ETH-9AUG19,1564570746328,open,0.0,0.0,0.001,0.011,0.000966,127.15,None,0.0,ETH-9AUG19-140-P,213.25,0.0,0.0,0.0,0.002,850.0,142.49,0.01119,-0.08015,-0.00073,0.0008,-0.01307
9783.64,SYN.BTC-9AUG19,1564570746330,open,0.33,0.0,0.3225,0.351,0.33617575,114.6,None,0.0,BTC-9AUG19-6500-C,9772.63,0.0,0.0,0.0,0.0,0.0,0.0,0.36054,-2.32761,1.55856,1e-05,0.99128
213.36,SYN.ETH-9AUG19,1564570746372,open,0.16,0.0,0.134,0.198,0.167679,104.16,None,0.0,ETH-9AUG19-180-C,213.25,0.0,0.0,0.0,0.0,0.0,0.0,0.07026,-0.41229,0.03645,0.00609,0.87031
9783.64,SYN.BTC-9AUG19,1564570746411,open,0.0,248.1,0.0005,0.015,0.00376323,108.66,0.0035,0.0,BTC-9AUG19-13000-C,9772.63,104.02,0.003,4.7,0.005,40.0,115.19,1.7121,-10.48049,0.12336,7e-05,0.05561
9844.44,BTC-27SEP19,1564570746528,open,0.0,286.9,0.0005,0.013,0.00324101,102.63,0.0035,0.0,BTC-27SEP19-24000-C,9772.63,99.06,0.0025,15.0,0.004,26.0,105.77,2.21923,-1.96774,0.32511,1e-05,0.02407
9993.9,BTC-27DEC19,1564570746528,open,0.07,222.7,0.0345,0.1005,0.0673967,95.21,0.074,0.0,BTC-27DEC19-6500-P,9772.63,92.31,0.063,4.9,0.067,4.9,94.95,15.26665,-4.88157,-9.10185,4e-05,-0.15589
9809.68,SYN.BTC-30AUG19,1564570746530,open,0.01,210.8,0.0005,0.022,0.0082138,104.87,0.0065,0.0,BTC-30AUG19-16000-C,9772.63,102.95,0.0075,24.0,0.009,10.0,106.88,3.74162,-6.56682,0.49095,5e-05,0.06936
9844.44,BTC-27SEP19,1564570746537,open,0.62,0.0,0.6105,0.63,0.62033474,109.73,None,0.0,BTC-27SEP19-3750-C,9772.63,0.0,0.005,10.0,0.6975,10.0,299.51,0.82177,-0.77901,5.80775,0.0,0.9924
9844.44,BTC-27SEP19,1564570746537,open,0.52,13.5,0.5085,0.536,0.52161714,102.46,0.382,0.0,BTC-27SEP19-4750-C,9772.63,0.0,0.005,10.0,0.6425,5.0,299.81,2.1584,-1.91059,7.10392,1e-05,0.97671
9844.44,BTC-27SEP19,1564570746543,open,2.26,0.0,2.187,2.3205,2.25183846,114.9,None,0.0,BTC-27SEP19-32000-P,9772.63,0.0,0.0,0.0,0.0,0.0,0.0,0.99373,-0.9864,-50.6128,1e-05,-0.99056
9844.44,BTC-27SEP19,1564570746551,open,0.0,756.0,0.0005,0.011,0.00124954,114.67,0.0015,0.0,BTC-27SEP19-32000-C,9772.63,104.47,0.0005,13.0,0.0015,15.0,117.02,0.98065,-0.97146,0.12568,1e-05,0.0093
9844.44,BTC-27SEP19,1564570746551,open,0.0,301.9,0.0005,0.011,0.00149883,105.94,0.002,0.0,BTC-27SEP19-28000-C,9772.63,101.23,0.001,34.0,0.002,24.0,109.65,1.19753,-1.09603,0.15919,1e-05,0.0117
9993.9,BTC-27DEC19,1564570746551,open,2.03,0.2,1.949,2.107,2.02343143,103.12,2.03,0.0,BTC-27DEC19-30000-P,9772.63,0.0,0.0005,0.1,0.0,0.0,0.0,10.37827,-3.59431,-119.56899,2e-05,-0.90984
9844.44,BTC-27SEP19,1564570746551,open,0.0,1660.1,0.0005,0.0105,3.235e-05,145.0,0.0005,0.0,BTC-27SEP19-1500-P,9772.63,0.0,0.0,0.0,0.0005,12.0,186.74,0.02897,-0.03629,-0.00354,0.0,-0.00019
9809.68,SYN.BTC-30AUG19,1564570746551,open,0.36,17.1,0.312,0.3975,0.35442849,101.38,0.289,0.0,BTC-30AUG19-13000-P,9772.63,0.0,0.0,0.0,0.0,0.0,0.0,7.96162,-13.50861,-9.23346,0.0001,-0.79554
9993.9,BTC-27DEC19,1564570746561,open,3.82,0.0,3.7095,3.9165,3.80805163,106.56,None,0.0,BTC-27DEC19-48000-P,9772.63,0.0,0.0,0.0,6.0,1.0,500.0,3.69001,-1.32061,-194.98457,1e-05,-0.97532
9809.68,SYN.BTC-30AUG19,1564570746565,open,0.55,0.0,0.5025,0.584,0.54133306,103.26,None,0.0,BTC-30AUG19-15000-P,9772.63,0.0,0.0,0.0,0.0,0.0,0.0,4.87341,-8.42212,-11.58452,6e-05,-0.90144
9809.68,SYN.BTC-30AUG19,1564570746565,open,0.39,0.0,0.3765,0.4085,0.39194033,98.47,None,0.0,BTC-30AUG19-6000-C,9772.63,0.0,0.0,0.0,0.0,0.0,0.0,1.89154,-3.11735,4.64418,2e-05,0.97034
9774.96,SYN.BTC-2AUG19,1564570746565,open,0.0,316.4,0.0005,0.0105,0.00029872,142.02,0.0005,0.0,BTC-2AUG19-12500-C,9772.63,0.0,0.0,0.0,0.0005,1.0,151.56,0.17081,-2.92001,0.00439,2e-05,0.00903
9809.68,SYN.BTC-30AUG19,1564570746578,open,0.45,0.0,0.4055,0.489,0.4459557,102.18,None,0.0,BTC-30AUG19-14000-P,9772.63,0.0,0.0,0.0,0.0,0.0,0.0,6.31255,-10.79495,-10.46843,8e-05,-0.85782
9993.9,BTC-27DEC19,1564570746585,open,1.64,0.0,1.561,1.7135,1.63357318,102.07,None,0.0,BTC-27DEC19-26000-P,9772.63,0.0,0.005,10.0,2.4285,0.2,499.61,13.28359,-4.55366,-102.17625,3e-05,-0.87302
9844.44,BTC-27SEP19,1564570746587,open,0.85,1.0,0.797,0.896,0.84372134,100.39,1.5815,0.0,BTC-27SEP19-18000-P,9772.63,0.0,0.005,0.3,1.407,0.3,500.0,6.6336,-5.75345,-27.29458,4e-05,-0.90484
9844.44,BTC-27SEP19,1564570746587,open,0.59,227.5,0.5855,0.6065,0.59543733,107.9,0.7065,0.0,BTC-27SEP19-4000-C,9772.63,0.0,0.111,2.0,0.683,5.0,299.62,1.08277,-1.00933,6.15248,1e-05,0.98958
9783.64,SYN.BTC-9AUG19,1564570746592,open,0.23,0.0,0.218,0.2555,0.23605136,101.34,None,0.0,BTC-9AUG19-7500-C,9772.63,0.0,0.0,0.0,0.0,0.0,0.0,1.29113,-7.37105,1.72443,5e-05,0.96088
9993.9,BTC-27DEC19,1564570746643,open,0.02,132.2,0.0035,0.0425,0.01798483,103.62,0.016,0.0,BTC-27DEC19-32000-C,9772.63,101.96,0.0165,6.0,0.0195,16.0,105.23,9.18879,-3.19763,2.39263,2e-05,0.07668
213.36,SYN.ETH-9AUG19,1564570746648,open,0.02,105.0,0.003,0.044,0.020933,103.23,0.024,0.0,ETH-9AUG19-190-P,213.25,96.62,0.018,720.0,0.024,201.0,109.92,0.09633,-0.56018,-0.01207,0.00843,-0.21165
9844.44,BTC-27SEP19,1564570746655,open,0.8,28.2,0.7875,0.807,0.7970565,144.91,0.755,0.0,BTC-27SEP19-2000-C,9772.63,0.0,0.01,1.0,0.9085,5.0,500.0,0.14908,-0.18663,3.15006,0.0,0.99886
9774.96,SYN.BTC-2AUG19,1564570746655,open,0.0,115.7,0.0005,0.0105,8.4e-07,145.0,0.0005,0.0,BTC-2AUG19-6500-P,9772.63,0.0,0.0,0.0,0.0005,12.0,245.74,0.00103,-0.00821,-2e-05,0.0,-3e-05
9844.44,BTC-27SEP19,1564570746658,open,2.05,0.0,1.988,2.1135,2.04843196,107.1,None,0.0,BTC-27SEP19-30000-P,9772.63,0.0,0.0,0.0,0.0,0.0,0.0,0.87885,-0.81317,-47.45697,1e-05,-0.99179
9783.64,SYN.BTC-9AUG19,1564570746663,open,0.0,15.7,0.0005,0.0105,0.00055055,114.61,0.0005,0.0,BTC-9AUG19-6500-P,9772.63,0.0,0.0,0.0,0.001,4.6,124.46,0.36061,-2.32814,-0.02205,1e-05,-0.00872
9809.68,SYN.BTC-30AUG19,1564570746668,open,0.3,0.0,0.2765,0.3225,0.29970689,98.4,None,0.0,BTC-30AUG19-7000-C,9772.63,0.0,0.0,0.0,0.0,0.0,0.0,4.56535,-7.51829,4.89858,6e-05,0.90979
9774.96,SYN.BTC-2AUG19,1564570746683,open,0.0,391.2,0.0005,0.0105,2.21e-06,145.0,0.002,0.0,BTC-2AUG19-14500-C,9772.63,0.0,0.0,0.0,0.0005,12.0,226.93,0.00255,-0.02162,4e-05,0.0,9e-05
9774.96,SYN.BTC-2AUG19,1564570746683,open,0.13,8.3,0.1035,0.158,0.12854778,117.16,0.152,0.0,BTC-2AUG19-11000-P,9772.63,101.2,0.127,0.5,0.1315,0.5,139.43,1.10292,-34.44471,-0.52354,0.00019,-0.91369
9993.9,BTC-27DEC19,1564570746687,open,0.53,63.4,0.5015,0.5505,0.52619186,95.22,0.5,0.0,BTC-27DEC19-5000-C,9772.63,0.0,0.33,1.0,0.555,1.0,123.21,8.99144,-2.87538,16.2759,2e-05,0.92547
9993.9,BTC-27DEC19,1564570746687,open,0.03,253.8,0.01,0.0465,0.02648753,95.21,0.0245,0.0,BTC-27DEC19-5000-P,9772.63,92.39,0.024,6.0,0.027,6.0,95.78,8.99024,-2.87468,-4.11711,2e-05,-0.07451
9993.9,BTC-27DEC19,1564570746687,open,0.05,170.5,0.017,0.088,0.04919419,100.87,0.0455,0.0,BTC-27DEC19-22000-C,9772.63,99.87,0.0475,4.9,0.051,10.0,101.93,16.94209,-5.73975,5.46836,4e-05,0.18334
9993.9,BTC-27DEC19,1564570746687,open,0.11,325.9,0.0625,0.165,0.11516691,97.57,0.113,0.0,BTC-27DEC19-15000-C,9772.63,96.88,0.1135,4.9,0.116,0.3,97.92,24.03229,-7.87521,10.26118,6e-05,0.36689
215.79,ETH-27DEC19,1564570746690,open,0.21,561.0,0.146,0.261,0.211221,99.69,0.211,0.0,ETH-27DEC19-240-C,213.25,97.62,0.206,30.0,0.216,326.0,101.59,0.54355,-0.18198,0.3071,0.00287,0.56013
213.94,ETH-27SEP19,1564570746690,open,0.0,739.0,0.001,0.011,0.000992,137.98,0.001,0.0,ETH-27SEP19-60-P,213.25,0.0,0.0,0.0,0.002,850.0,152.04,0.01192,-0.01421,-0.00197,0.00012,-0.00482
213.61,SYN.ETH-30AUG19,1564570746690,open,0.01,278.0,0.003,0.031,0.014241,103.51,0.01,0.0,ETH-30AUG19-320-C,213.25,99.22,0.012,500.0,0.017,500.0,108.37,0.11628,-0.20142,0.01706,0.00301,0.11183
213.94,ETH-27SEP19,1564570746692,open,0.08,1704.0,0.043,0.123,0.086179,99.23,0.087,0.0,ETH-27SEP19-260-C,213.25,97.13,0.083,227.0,0.09,110.0,101.73,0.3253,-0.27886,0.10091,0.00452,0.38365
215.79,ETH-27DEC19,1564570746692,open,0.01,1370.0,0.003,0.032,0.0136,104.32,0.014,0.0,ETH-27DEC19-760-C,213.25,97.49,0.009,302.0,0.015,50.0,106.11,0.16371,-0.05736,0.04065,0.00083,0.05979
213.94,ETH-27SEP19,1564570746694,open,0.0,5783.0,0.001,0.012,0.002203,109.75,0.002,0.0,ETH-27SEP19-600-C,213.25,100.09,0.001,1517.0,0.003,40.0,114.2,0.03434,-0.03256,0.00472,0.00043,0.01613
9844.44,BTC-27SEP19,1564570746694,open,0.32,748.2,0.2905,0.349,0.32059414,95.06,0.3185,0.0,BTC-27SEP19-7000-C,9772.63,0.0,0.2,1.0,0.4025,5.0,174.06,8.63272,-7.08936,8.45387,6e-05,0.86217
9993.9,BTC-27DEC19,1564570746694,open,0.45,122.9,0.416,0.483,0.45103875,95.22,0.502,0.0,BTC-27DEC19-6000-C,9772.63,69.83,0.421,4.0,0.88,0.2,443.74,13.24884,-4.23676,17.22069,3e-05,0.8735
213.94,ETH-27SEP19,1564570746701,open,0.05,7465.0,0.018,0.072,0.045181,98.96,0.053,0.0,ETH-27SEP19-160-P,213.25,95.83,0.042,160.0,0.048,397.0,101.68,0.21966,-0.18779,-0.07472,0.00306,-0.17507
213.61,SYN.ETH-30AUG19,1564570746701,open,0.08,300.0,0.043,0.117,0.08158,100.4,0.086,0.0,ETH-30AUG19-200-P,213.25,96.09,0.077,634.0,0.086,334.0,104.55,0.22744,-0.38216,-0.07627,0.00607,-0.35466
213.61,SYN.ETH-30AUG19,1564570746703,open,0.0,2151.0,0.001,0.014,0.004019,111.53,0.005,0.0,ETH-30AUG19-400-C,213.25,106.55,0.003,200.0,0.005,500.0,115.63,0.04769,-0.08901,0.00549,0.00114,0.03542
213.27,SYN.ETH-2AUG19,1564570746705,open,0.0,261.0,0.001,0.011,5.4e-05,145.0,0.001,0.0,ETH-2AUG19-290-C,213.25,0.0,0.0,0.0,0.001,300.0,201.28,0.0009,-0.0115,2e-05,0.00027,0.00184
9774.96,SYN.BTC-2AUG19,1564570746705,open,0.39,0.0,0.354,0.41,0.38111124,144.61,None,0.0,BTC-2AUG19-13500-P,9772.63,0.0,0.01,10.0,0.0,0.0,0.0,0.02567,-0.98966,-0.69321,0.0,-0.9989
213.94,ETH-27SEP19,1564570746712,open,0.24,2475.0,0.173,0.285,0.233109,98.7,0.28,0.0,ETH-27SEP19-240-P,213.25,94.2,0.226,120.0,0.239,230.0,102.43,0.3383,-0.28848,-0.26166,0.00472,-0.53821
213.94,ETH-27SEP19,1564570746730,open,0.01,8193.0,0.001,0.02,0.009384,99.46,0.011,0.0,ETH-27SEP19-120-P,213.25,93.09,0.007,201.0,0.012,500.0,105.58,0.08597,-0.07387,-0.01969,0.00119,-0.04866
213.94,ETH-27SEP19,1564570746730,open,0.04,1792.0,0.013,0.069,0.039872,100.56,0.037,0.0,ETH-27SEP19-320-C,213.25,98.03,0.037,435.0,0.043,110.0,103.25,0.24576,-0.21352,0.05783,0.00337,0.21035
213.94,ETH-27SEP19,1564570746730,open,0.01,4710.0,0.001,0.017,0.006021,104.36,0.007,0.0,ETH-27SEP19-480-C,213.25,97.87,0.004,640.0,0.008,140.0,109.51,0.07521,-0.0678,0.01194,0.00099,0.04121
213.94,ETH-27SEP19,1564570746730,open,0.18,1287.0,0.135,0.224,0.185116,98.46,0.2,0.0,ETH-27SEP19-200-C,213.25,96.36,0.182,120.0,0.193,120.0,103.77,0.31763,-0.27017,0.15551,0.00445,0.64352
213.94,ETH-27SEP19,1564570746730,open,0.12,3356.0,0.072,0.162,0.119958,98.46,0.12,0.0,ETH-27SEP19-200-P,213.25,95.12,0.115,318.0,0.124,140.0,101.18,0.31763,-0.27017,-0.16162,0.00445,-0.35648
215.79,ETH-27DEC19,1564570746730,open,2.37,0.0,2.244,2.471,2.352875,104.32,None,0.0,ETH-27DEC19-720-P,213.25,0.0,0.003,5.0,0.0,0.0,0.0,0.18514,-0.06487,-2.88942,0.00093,-0.92995
213.27,SYN.ETH-2AUG19,1564570746730,open,0.0,254.0,0.001,0.011,8e-06,145.0,0.003,0.0,ETH-2AUG19-150-P,213.25,0.0,0.0,0.0,0.001,300.0,237.21,0.00017,-0.0017,0.0,5e-05,-0.00029
213.27,SYN.ETH-2AUG19,1564570746730,open,0.04,244.0,0.006,0.067,0.037345,102.32,0.039,0.0,ETH-2AUG19-210-C,213.25,93.85,0.035,366.0,0.04,100.0,111.87,0.05915,-1.61339,0.00614,0.02473,0.59773
213.27,SYN.ETH-2AUG19,1564570746730,open,0.03,241.0,0.001,0.05,0.022001,102.32,0.025,0.0,ETH-2AUG19-210-P,213.25,91.47,0.019,973.0,0.025,200.0,113.11,0.05915,-1.61339,-0.00465,0.02473,-0.40227
213.27,SYN.ETH-2AUG19,1564570746730,open,0.05,187.0,0.012,0.082,0.048181,102.58,0.07,0.0,ETH-2AUG19-220-P,213.25,90.45,0.045,300.0,0.051,150.0,113.11,0.05662,-1.54829,-0.00765,0.02362,-0.6501
213.61,SYN.ETH-30AUG19,1564570746730,open,0.02,480.0,0.005,0.042,0.021351,102.9,0.018,0.0,ETH-30AUG19-300-C,213.25,99.4,0.019,449.0,0.024,451.0,106.66,0.14691,-0.253,0.02373,0.00382,0.15708
213.94,ETH-27SEP19,1564570746741,open,0.0,7915.0,0.001,0.011,0.001003,119.0,0.001,0.0,ETH-27SEP19-760-C,213.25,0.0,0.0,0.0,0.002,400.0,128.37,0.01739,-0.01788,0.00216,0.0002,0.00738
213.94,ETH-27SEP19,1564570746741,open,0.89,79.0,0.82,0.954,0.884714,102.65,0.351,0.0,ETH-27SEP19-400-P,213.25,0.0,0.0,0.0,0.0,0.0,0.0,0.14099,-0.12504,-0.60803,0.00189,-0.90767
213.61,SYN.ETH-30AUG19,1564570746741,open,0.27,0.0,0.211,0.315,0.264873,101.87,0.218,0.0,ETH-30AUG19-260-P,213.25,79.51,0.244,120.0,1.218,1.0,500.0,0.212,-0.36142,-0.16896,0.00557,-0.70149
213.36,SYN.ETH-9AUG19,1564570746743,open,0.09,305.0,0.058,0.131,0.097829,102.24,0.097,0.0,ETH-9AUG19-200-C,213.25,97.11,0.095,150.0,0.104,150.0,113.32,0.11799,-0.67962,0.03053,0.01043,0.68622
215.79,ETH-27DEC19,1564570746746,open,0.05,745.0,0.016,0.083,0.048104,101.05,0.045,0.0,ETH-27DEC19-480-C,213.25,98.55,0.044,437.0,0.052,110.0,103.34,0.36137,-0.12264,0.11591,0.00188,0.17979
213.61,SYN.ETH-30AUG19,1564570746746,open,0.52,0.0,0.459,0.567,0.512325,103.51,None,0.0,ETH-30AUG19-320-P,213.25,0.0,0.0,0.0,0.0,0.0,0.0,0.11628,-0.20142,-0.24486,0.00301,-0.88817
215.79,ETH-27DEC19,1564570746750,open,0.61,83.0,0.52,0.685,0.607547,100.2,0.626,0.0,ETH-27DEC19-320-P,213.25,81.74,0.564,110.0,1.482,1.0,500.0,0.52628,-0.17711,-1.07716,0.00277,-0.61628
213.27,SYN.ETH-2AUG19,1564570746750,open,0.2,0.0,0.179,0.228,0.20334,143.51,None,0.0,ETH-2AUG19-170-C,213.25,0.0,0.0,0.0,0.0,0.0,0.0,0.00479,-0.18324,0.0086,0.00143,0.98796
215.79,ETH-27DEC19,1564570746752,open,1.28,21.0,1.18,1.366,1.272489,101.05,0.629,0.0,ETH-27DEC19-480-P,213.25,0.0,1.19,110.0,2.222,1.0,500.0,0.36137,-0.12264,-1.84191,0.00188,-0.82021
9993.9,BTC-27DEC19,1564570746752,open,2.23,0.3,2.1435,2.3055,2.21987401,103.55,1.875,0.0,BTC-27DEC19-32000-P,9772.63,0.0,0.0,0.0,0.0,0.0,0.0,9.17036,-3.18907,-128.13416,2e-05,-0.92352
9774.96,SYN.BTC-2AUG19,1564570746752,open,0.0,332.6,0.0005,0.017,0.00322387,117.17,0.0035,0.0,BTC-2AUG19-11000-C,9772.63,115.15,0.003,46.2,0.0035,3.1,119.56,1.10306,-31.51318,0.04174,0.00019,0.08632
213.27,SYN.ETH-2AUG19,1564570746752,open,0.27,0.0,0.23,0.307,0.266447,144.68,None,0.0,ETH-2AUG19-270-P,213.25,0.0,0.0,0.0,0.0,0.0,0.0,0.00516,-0.19916,-0.01374,0.00153,-0.98686
215.79,ETH-27DEC19,1564570746756,open,1.11,0.0,1.008,1.189,1.099344,100.88,None,0.0,ETH-27DEC19-440-P,213.25,0.0,1.027,110.0,2.037,1.0,500.0,0.40444,-0.13703,-1.6571,0.00211,-0.78338
9844.44,BTC-27SEP19,1564570746756,open,0.85,42.8,0.838,0.8575,0.84766099,144.63,0.815,0.0,BTC-27SEP19-1500-C,9772.63,0.0,0.0,0.0,0.0,0.0,0.0,0.02819,-0.03522,2.37501,0.0,0.99981
9783.64,SYN.BTC-9AUG19,1564570746756,open,0.39,0.0,0.353,0.4155,0.38204873,108.67,None,0.0,BTC-9AUG19-13500-P,9772.63,0.0,0.0,0.0,0.0,0.0,0.0,1.17149,-7.17135,-3.20538,5e-05,-0.96527
9783.64,SYN.BTC-9AUG19,1564570746756,open,0.34,0.0,0.303,0.3665,0.33251283,108.67,None,0.0,BTC-9AUG19-13000-P,9772.63,0.0,0.0,0.0,0.0,0.0,0.0,1.71218,-10.48112,-3.03784,7e-05,-0.94438
213.27,SYN.ETH-2AUG19,1564570746760,open,0.09,231.0,0.048,0.121,0.084618,103.4,0.1,0.0,ETH-2AUG19-230-P,213.25,57.56,0.079,50.0,0.086,50.0,110.95,0.03767,-1.03834,-0.0101,0.01559,-0.83687
213.61,SYN.ETH-30AUG19,1564570746760,open,0.13,314.0,0.084,0.173,0.131405,100.33,0.161,0.0,ETH-30AUG19-220-P,213.25,96.47,0.127,300.0,0.136,120.0,104.36,0.2436,-0.40904,-0.10755,0.0065,-0.48374
213.27,SYN.ETH-2AUG19,1564570746770,open,0.0,489.0,0.001,0.011,7.7e-05,145.0,0.005,0.0,ETH-2AUG19-160-P,213.25,0.0,0.0,0.0,0.001,301.0,198.79,0.00115,-0.01641,-3e-05,0.00034,-0.00242
9993.9,BTC-27DEC19,1564570746772,open,0.02,128.6,0.0055,0.0335,0.01771173,95.47,0.017,0.0,BTC-27DEC19-4500-P,9772.63,94.44,0.017,70.0,0.0185,6.0,96.6,6.92828,-2.22153,-2.89559,2e-05,-0.05332
9993.9,BTC-27DEC19,1564570746772,open,0.33,202.5,0.277,0.372,0.32856759,95.21,0.297,0.0,BTC-27DEC19-8000-C,9772.63,66.47,0.271,0.1,0.999,0.1,500.0,20.34385,-6.50548,17.12059,5e-05,0.74857
9844.44,BTC-27SEP19,1564570746772,open,0.01,566.2,0.0005,0.015,0.00539732,101.13,0.006,0.0,BTC-27SEP19-5000-P,9772.63,97.63,0.0045,24.0,0.0065,39.0,105.02,2.65315,-2.31808,-0.54955,2e-05,-0.02981
9993.9,BTC-27DEC19,1564570746772,open,0.0,173.8,0.0005,0.0105,0.00049872,117.34,0.001,0.0,BTC-27DEC19-1500-P,9772.63,0.0,0.0,0.0,0.001,18.0,127.65,0.37399,-0.14738,-0.09508,0.0,-0.00183
9844.44,BTC-27SEP19,1564570746774,open,0.4,713.5,0.383,0.4265,0.40470447,97.19,0.362,0.0,BTC-27SEP19-6000-C,9772.63,0.0,0.0,0.0,0.7545,0.3,499.9,5.28579,-4.43822,8.19365,4e-05,0.92961
9774.96,SYN.BTC-2AUG19,1564570746774,open,0.0,225.7,0.0005,0.0105,1.554e-05,145.0,0.0005,0.0,BTC-2AUG19-7000-P,9772.63,0.0,0.0,0.0,0.0005,12.0,205.4,0.01357,-0.15192,-0.00028,0.0,-0.00055
9774.96,SYN.BTC-2AUG19,1564570746774,open,0.0,239.2,0.0005,0.0105,3.189e-05,145.0,0.0005,0.0,BTC-2AUG19-13500-C,9772.63,0.0,0.0,0.0,0.0005,12.0,191.22,0.02636,-0.31174,0.00055,0.0,0.00113
213.27,SYN.ETH-2AUG19,1564570746774,open,0.0,122.0,0.001,0.011,0.000645,108.71,0.001,0.0,ETH-2AUG19-250-C,213.25,0.0,0.0,0.0,0.001,2.0,116.65,0.00825,-0.13746,0.00024,0.00325,0.02275
213.27,SYN.ETH-2AUG19,1564570746777,open,0.0,351.0,0.001,0.011,0.000956,138.84,0.001,0.0,ETH-2AUG19-260-C,213.25,0.0,0.0,0.0,0.001,300.0,139.83,0.00928,-0.20395,0.00028,0.00286,0.02615
213.94,ETH-27SEP19,1564570746780,open,0.23,779.0,0.189,0.274,0.236504,98.96,0.227,0.0,ETH-27SEP19-180-C,213.25,0.0,0.158,40.0,0.609,10.0,398.61,0.27774,-0.23744,0.16992,0.00387,0.73742
215.79,ETH-27DEC19,1564570746782,open,1.46,37.0,1.354,1.546,1.448316,101.15,0.707,0.0,ETH-27DEC19-520-P,213.25,0.0,0.002,25.0,0.0,0.0,0.0,0.32064,-0.10892,-2.02331,0.00167,-0.85048
213.94,ETH-27SEP19,1564570746782,open,0.06,2007.0,0.029,0.101,0.066695,99.75,0.071,0.0,ETH-27SEP19-280-C,213.25,97.84,0.064,245.0,0.07,110.0,102.07,0.30304,-0.26114,0.08457,0.00419,0.316
9844.44,BTC-27SEP19,1564570746784,open,0.65,34.4,0.603,0.703,0.65135269,99.02,0.6695,0.0,BTC-27SEP19-16000-P,9772.63,0.0,0.005,10.0,1.2245,0.2,500.0,9.15768,-7.83426,-23.42884,6e-05,-0.84956
9993.9,BTC-27DEC19,1564570746784,open,1.83,0.1,1.7545,1.9095,1.82781905,102.56,2.035,0.0,BTC-27DEC19-28000-P,9772.63,0.0,0.001,1.0,0.0,0.0,0.0,11.72529,-4.03872,-110.92921,3e-05,-0.8935
213.61,SYN.ETH-30AUG19,1564570746784,open,0.2,222.0,0.141,0.239,0.192844,100.44,0.21,0.0,ETH-30AUG19-240-P,213.25,95.12,0.187,120.0,0.202,120.0,108.7,0.23559,-0.39604,-0.13919,0.00628,-0.60324
213.61,SYN.ETH-30AUG19,1564570746784,open,0.07,1677.0,0.033,0.102,0.069281,100.44,0.072,0.0,ETH-30AUG19-240-C,213.25,97.46,0.066,376.0,0.074,516.0,104.71,0.23559,-0.39604,0.05726,0.00628,0.39676
213.94,ETH-27SEP19,1564570746786,open,0.63,0.0,0.615,0.641,0.627808,116.97,None,0.0,ETH-27SEP19-80-C,213.25,0.0,0.003,10.0,0.0,0.0,0.0,0.02175,-0.02198,0.12303,0.00026,0.99048
213.27,SYN.ETH-2AUG19,1564570746789,open,0.25,0.0,0.227,0.272,0.249863,145.0,None,0.0,ETH-2AUG19-160-C,213.25,0.0,0.0,0.0,0.0,0.0,0.0,0.00115,-0.04461,0.00819,0.00034,0.99758
215.79,ETH-27DEC19,1564570746792,open,0.06,623.0,0.023,0.099,0.060324,100.88,0.057,0.0,ETH-27DEC19-440-C,213.25,98.55,0.056,318.0,0.065,110.0,103.35,0.40444,-0.13703,0.13756,0.00211,0.21662
213.94,ETH-27SEP19,1564570746794,open,0.0,3439.0,0.001,0.011,0.001373,114.03,0.003,0.0,ETH-27SEP19-680-C,213.25,0.0,0.0,0.0,0.002,101.0,119.09,0.02306,-0.02272,0.00299,0.00028,0.01018
213.61,SYN.ETH-30AUG19,1564570746794,open,0.14,411.0,0.101,0.181,0.145278,100.4,0.148,0.0,ETH-30AUG19-200-C,213.25,96.38,0.141,270.0,0.15,570.0,104.83,0.22744,-0.38216,0.08743,0.00607,0.64534
213.27,SYN.ETH-2AUG19,1564570746796,open,0.37,0.0,0.321,0.402,0.359818,145.0,None,0.0,ETH-2AUG19-290-P,213.25,0.0,0.0,0.0,0.0,0.0,0.0,0.0009,-0.03472,-0.01488,0.00027,-0.99816
9844.44,BTC-27SEP19,1564570746798,open,0.56,29.6,0.5085,0.61,0.55832344,98.56,0.58,0.0,BTC-27SEP19-15000-P,9772.63,0.0,0.005,10.0,1.134,0.3,500.0,10.64807,-9.067,-21.35439,7e-05,-0.8097
9993.9,BTC-27DEC19,1564570746802,open,0.54,16.0,0.4605,0.6025,0.53419872,97.56,0.5865,0.0,BTC-27DEC19-14000-P,9772.63,90.17,0.516,5.0,0.5445,3.7,101.7,24.80144,-8.12636,-45.85611,6e-05,-0.59075
9993.9,BTC-27DEC19,1564570746802,open,0.01,333.6,0.0005,0.026,0.00920805,105.26,0.007,0.0,BTC-27DEC19-40000-C,9772.63,103.06,0.008,6.0,0.0105,6.0,107.42,5.73253,-2.02661,1.34052,1e-05,0.04209
215.79,ETH-27DEC19,1564570746804,open,0.77,241.0,0.676,0.848,0.765723,100.63,0.986,0.0,ETH-27DEC19-360-P,213.25,75.21,0.713,110.0,0.828,110.0,126.64,0.49116,-0.166,-1.27475,0.00257,-0.6826
215.79,ETH-27DEC19,1564570746804,open,0.33,816.0,0.247,0.388,0.323413,99.69,0.33,0.0,ETH-27DEC19-240-P,213.25,96.35,0.315,30.0,0.331,120.0,102.7,0.54355,-0.18198,-0.67181,0.00287,-0.43987
9809.68,SYN.BTC-30AUG19,1564570746804,open,0.0,327.6,0.0005,0.0135,0.0037378,107.4,0.002,0.0,BTC-30AUG19-18000-C,9772.63,103.76,0.003,24.0,0.0045,10.0,110.71,2.12961,-3.82777,0.24488,3e-05,0.03424
213.94,ETH-27SEP19,1564570746808,open,0.02,7790.0,0.007,0.041,0.022636,98.96,0.024,0.0,ETH-27SEP19-140-P,213.25,95.14,0.02,500.0,0.025,434.0,102.24,0.15111,-0.12919,-0.0421,0.0021,-0.10148
9774.96,SYN.BTC-2AUG19,1564570746810,open,0.23,0.0,0.2175,0.2495,0.2328899,145.02,None,0.0,BTC-2AUG19-7500-C,9772.63,0.0,0.01,10.0,0.0,0.0,0.0,0.09511,-3.67659,0.383,1e-05,0.99534
213.27,SYN.ETH-2AUG19,1564570746812,open,0.0,197.0,0.001,0.011,1.7e-05,145.0,0.003,0.0,ETH-2AUG19-300-C,213.25,0.0,0.0,0.0,0.001,305.0,219.66,0.00033,-0.00357,1e-05,0.0001,0.00062
213.94,ETH-27SEP19,1564570746814,open,0.29,392.0,0.257,0.331,0.297308,98.96,0.51,0.0,ETH-27SEP19-160-C,213.25,0.0,0.136,42.0,0.0,0.0,0.0,0.21966,-0.18779,0.17899,0.00306,0.82493
215.79,ETH-27DEC19,1564570746816,open,0.03,1449.0,0.008,0.059,0.031047,101.18,0.028,0.0,ETH-27DEC19-560-C,213.25,98.8,0.028,300.0,0.034,110.0,103.38,0.28294,-0.09615,0.08228,0.00147,0.12453
213.27,SYN.ETH-2AUG19,1564570746816,open,0.0,742.0,0.001,0.014,0.002276,108.05,0.003,0.0,ETH-2AUG19-240-C,213.25,91.62,0.001,307.0,0.004,850.0,123.69,0.02023,-0.48543,0.00073,0.00801,0.06869
213.27,SYN.ETH-2AUG19,1564570746818,open,0.01,256.0,0.001,0.028,0.008186,106.17,0.007,0.0,ETH-2AUG19-200-P,213.25,94.38,0.006,555.0,0.009,200.0,110.31,0.04133,-1.1696,-0.00216,0.01665,-0.18881
213.94,ETH-27SEP19,1564570746820,open,2.38,0.0,2.268,2.473,2.366432,114.74,None,0.0,ETH-27SEP19-720-P,213.25,0.0,0.0,0.0,0.0,0.0,0.0,0.01785,-0.01769,-1.13942,0.00021,-0.9924
213.61,SYN.ETH-30AUG19,1564570746820,open,0.61,0.0,0.548,0.657,0.60104,103.69,None,0.0,ETH-30AUG19-340-P,213.25,0.0,0.0,0.0,0.0,0.0,0.0,0.08914,-0.15469,-0.26628,0.0023,-0.92198
213.94,ETH-27SEP19,1564570746822,open,1.26,0.0,1.18,1.326,1.24964,104.36,None,0.0,ETH-27SEP19-480-P,213.25,0.0,0.0,0.0,0.0,0.0,0.0,0.07521,-0.0678,-0.74917,0.00099,-0.95879
9993.9,BTC-27DEC19,1564570746824,open,0.7,0.0,0.693,0.713,0.70296716,96.58,None,0.0,BTC-27DEC19-3000-C,9772.63,0.0,0.0055,0.1,0.971,0.5,500.0,1.98363,-0.64342,11.62159,1e-05,0.98807
213.94,ETH-27SEP19,1564570746824,open,0.31,1264.0,0.238,0.357,0.301473,99.23,0.357,0.0,ETH-27SEP19-260-P,213.25,83.48,0.278,110.0,1.216,1.0,500.0,0.3253,-0.27886,-0.31136,0.00452,-0.61635
213.36,SYN.ETH-9AUG19,1564570746824,open,0.04,304.0,0.009,0.064,0.03523,102.24,0.039,0.0,ETH-9AUG19-200-P,213.25,96.38,0.032,406.0,0.039,200.0,109.03,0.11799,-0.67962,-0.01811,0.01043,-0.31378
213.27,SYN.ETH-2AUG19,1564570746826,open,0.07,215.0,0.035,0.101,0.070418,106.17,0.07,0.0,ETH-2AUG19-200-C,213.25,98.65,0.069,186.0,0.074,50.0,123.74,0.04133,-1.1696,0.00812,0.01665,0.81119
215.79,ETH-27DEC19,1564570746832,open,1.64,0.0,1.53,1.727,1.626163,101.18,0.845,0.0,ETH-27DEC19-560-P,213.25,0.0,0.0,0.0,0.0,0.0,0.0,0.28294,-0.09615,-2.20184,0.00147,-0.87547
215.79,ETH-27DEC19,1564570746834,open,0.46,442.0,0.375,0.53,0.458519,99.72,0.485,0.0,ETH-27DEC19-280-P,213.25,95.96,0.449,150.0,0.468,120.0,103.45,0.54755,-0.18338,-0.87541,0.00289,-0.53609
213.61,SYN.ETH-30AUG19,1564570746834,open,0.05,384.0,0.018,0.072,0.044696,100.6,0.043,0.0,ETH-30AUG19-180-P,213.25,97.48,0.042,287.0,0.048,515.0,104.38,0.18559,-0.31247,-0.04804,0.00494,-0.23006
213.94,ETH-27SEP19,1564570746836,open,2.01,0.0,1.905,2.09,1.993499,114.0,None,0.0,ETH-27SEP19-640-P,213.25,0.0,0.0,0.0,0.0,0.0,0.0,0.03111,-0.03064,-1.01061,0.00038,-0.98562
213.61,SYN.ETH-30AUG19,1564570746836,open,0.04,328.0,0.018,0.077,0.04768,101.87,0.05,0.0,ETH-30AUG19-260-C,213.25,99.15,0.045,10.0,0.051,406.0,105.19,0.212,-0.36142,0.04385,0.00557,0.29851
215.79,ETH-27DEC19,1564570746838,open,0.49,0.0,0.452,0.519,0.488307,99.69,None,0.0,ETH-27DEC19-120-C,213.25,0.0,0.001,1200.0,0.99,5.0,500.0,0.25486,-0.08533,0.35577,0.00135,0.89252
213.94,ETH-27SEP19,1564570746840,open,0.0,2697.0,0.001,0.011,0.001003,114.74,0.001,0.0,ETH-27SEP19-720-C,213.25,0.0,0.0,0.0,0.002,531.0,123.88,0.01785,-0.01769,0.00224,0.00021,0.0076
215.79,ETH-27DEC19,1564570746840,open,0.1,242.0,0.046,0.143,0.097435,100.63,0.102,0.0,ETH-27DEC19-360-C,213.25,98.68,0.093,255.0,0.102,110.0,102.63,0.49116,-0.166,0.19361,0.00257,0.3174
215.79,ETH-27DEC19,1564570746840,open,0.28,160.0,0.215,0.326,0.278865,99.69,0.281,0.0,ETH-27DEC19-200-C,213.25,97.16,0.273,30.0,0.29,330.0,104.51,0.49958,-0.16726,0.34355,0.00264,0.66919
215.79,ETH-27DEC19,1564570746842,open,0.11,1469.0,0.064,0.152,0.110784,99.69,0.109,0.0,ETH-27DEC19-160-P,213.25,96.58,0.105,40.0,0.115,360.0,101.94,0.403,-0.13492,-0.287,0.00213,-0.2153
215.79,ETH-27DEC19,1564570746842,open,0.16,217.0,0.098,0.211,0.160961,99.72,0.16,0.0,ETH-27DEC19-280-C,213.25,97.76,0.156,254.0,0.166,120.0,101.7,0.54755,-0.18338,0.26665,0.00289,0.46391
213.27,SYN.ETH-2AUG19,1564570746842,open,0.29,0.0,0.275,0.317,0.296682,145.0,None,0.0,ETH-2AUG19-150-C,213.25,0.0,0.0,0.0,0.0,0.0,0.0,0.00017,-0.0064,0.00771,5e-05,0.99971
9783.64,SYN.BTC-9AUG19,1564570746842,open,0.19,0.0,0.156,0.2235,0.18902691,101.23,None,0.0,BTC-9AUG19-11500-P,9772.63,89.03,0.1845,10.6,0.0,0.0,0.0,3.89455,-22.2099,-2.41879,0.00017,-0.82766
213.94,ETH-27SEP19,1564570746844,open,0.53,0.0,0.519,0.553,0.536395,104.95,None,0.0,ETH-27SEP19-100-C,213.25,0.0,0.003,10.0,0.0,0.0,0.0,0.04341,-0.03936,0.15006,0.00057,0.97876
213.61,SYN.ETH-30AUG19,1564570746846,open,0.03,272.0,0.009,0.057,0.031631,101.93,0.033,0.0,ETH-30AUG19-280-C,213.25,98.76,0.029,431.0,0.035,431.0,105.88,0.17953,-0.30627,0.03241,0.00472,0.21702
213.61,SYN.ETH-30AUG19,1564570746848,open,0.02,2803.0,0.006,0.041,0.021495,102.34,0.022,0.0,ETH-30AUG19-160-P,213.25,99.82,0.02,35.0,0.023,484.0,104.81,0.12827,-0.21968,-0.02623,0.00336,-0.12853
213.27,SYN.ETH-2AUG19,1564570746848,open,0.0,711.0,0.001,0.013,0.002024,106.23,0.004,0.0,ETH-2AUG19-190-P,213.25,91.98,0.001,306.0,0.003,41.0,116.55,0.01819,-0.43156,-0.00068,0.00733,-0.05992
9993.81,BTC-27DEC19,1564570746850,open,0.0,208.8,0.0005,0.011,0.00149819,98.8,0.0015,0.0,BTC-27DEC19-2500-P,9772.63,86.06,0.0005,28.0,0.0025,10.0,106.53,1.08675,-0.3606,-0.30603,0.0,-0.00601
213.94,ETH-27SEP19,1564570746854,open,0.05,3067.0,0.019,0.083,0.0513,99.98,0.06,0.0,ETH-27SEP19-300-C,213.25,97.39,0.048,421.0,0.055,110.0,102.83,0.27511,-0.23762,0.07005,0.00379,0.25779
213.94,ETH-27SEP19,1564570746854,open,0.38,968.0,0.311,0.434,0.375473,99.75,0.38,0.0,ETH-27SEP19-280-P,213.25,78.45,0.347,110.0,1.31,1.0,500.0,0.30304,-0.26114,-0.3594,0.00419,-0.684
213.94,ETH-27SEP19,1564570746856,open,0.63,347.0,0.556,0.684,0.620139,100.96,0.595,0.0,ETH-27SEP19-340-P,213.25,0.0,0.579,110.0,0.669,110.0,141.2,0.21616,-0.18853,-0.49169,0.00295,-0.82928
215.79,ETH-27DEC19,1564570746858,open,0.02,1131.0,0.003,0.037,0.016298,104.32,0.012,0.0,ETH-27DEC19-720-C,213.25,97.43,0.011,302.0,0.021,300.0,109.41,0.18514,-0.06487,0.04731,0.00093,0.07005
213.94,ETH-27SEP19,1564570746858,open,0.02,2762.0,0.006,0.048,0.024583,101.97,0.024,0.0,ETH-27SEP19-360-C,213.25,98.99,0.022,495.0,0.028,200.0,105.71,0.18997,-0.16736,0.03928,0.00257,0.14039
213.27,SYN.ETH-2AUG19,1564570746858,open,0.02,785.0,0.001,0.042,0.016636,102.58,0.014,0.0,ETH-2AUG19-220-C,213.25,92.55,0.014,479.0,0.021,413.0,118.82,0.05662,-1.54829,0.00365,0.02362,0.3499
