underlying_price,underlying_index,timestamp,state,settlement_price,open_interest,min_price,max_price,mark_price,mark_iv,last_price,interest_rate,instrument_name,index_price,bid_iv,best_bid_price,best_bid_amount,best_ask_price,best_ask_amount,ask_iv,vega,theta,rho,gamma,delta
7534.39,BTC-27DEC19,1575716340103,open,0.06,673.8,0.033,0.081,0.0548823,56.64,0.0525,0.0,BTC-27DEC19-7500-C,7519.15,54.61,0.053,15.4,0.0565,14.0,58.38,6.97864,-9.94436,1.99074,0.0004,0.54011
7534.42,BTC-27DEC19,1575716340217,open,0.05,707.4,0.0285,0.078,0.05031588,56.63,0.053,0.0,BTC-27DEC19-7500-P,7519.15,55.76,0.0495,2.0,0.0515,12.5,57.92,6.97865,-9.94212,-2.09322,0.0004,-0.45988
7534.42,BTC-27DEC19,1575716340223,open,0.01,149.3,0.0005,0.0185,0.0057522,68.17,0.0065,0.0,BTC-27DEC19-9500-C,7519.15,66.0,0.005,48.5,0.0065,29.5,70.18,2.71516,-4.65607,0.32161,0.00013,0.08414
7583.36,SYN.BTC-31JAN20,1575716340229,open,0.02,43.1,0.009,0.042,0.02138444,65.17,0.0205,0.0,BTC-31JAN20-6000-P,7519.15,64.17,0.0205,16.0,0.022,15.0,65.86,6.73733,-4.00079,-1.91,0.00012,-0.14614
7523.66,SYN.BTC-13DEC19,1575716340231,open,0.0,253.0,0.0005,0.0135,0.00267989,64.95,0.002,0.0,BTC-13DEC19-8500-C,7519.15,60.87,0.002,43.7,0.003,0.1,66.68,1.35131,-7.46829,0.08759,0.00023,0.075
7529.02,SYN.BTC-20DEC19,1575716340233,open,0.02,46.1,0.007,0.0435,0.01831902,55.0,0.017,0.0,BTC-20DEC19-8000-C,7519.15,51.38,0.016,30.0,0.0185,19.0,55.28,4.88736,-10.43908,0.73773,0.00044,0.29609
7534.37,BTC-27DEC19,1575716340383,open,0.14,3.0,0.1185,0.181,0.14537842,61.76,0.18,0.0,BTC-27DEC19-8500-P,7519.22,55.98,0.1415,0.1,0.146,0.1,62.65,5.23621,-8.13583,-3.78738,0.00027,-0.77775
7661.59,BTC-27MAR20,1575716340383,open,0.05,616.3,0.028,0.0815,0.05020048,67.58,0.0475,0.0,BTC-27MAR20-6000-P,7519.22,66.15,0.048,24.0,0.053,24.0,69.39,11.81294,-3.60029,-5.81715,0.0001,-0.19975
7534.37,BTC-27DEC19,1575716340383,open,0.46,248.6,0.432,0.497,0.46200727,81.71,0.49,0.0,BTC-27DEC19-11000-P,7519.22,0.0,0.4115,0.1,0.55,0.1,230.01,1.17736,-2.42015,-5.87753,5e-05,-0.97057
7534.37,BTC-27DEC19,1575716340383,open,0.0,1027.5,0.0005,0.0105,0.00049428,112.35,0.0005,0.0,BTC-27DEC19-15000-C,7519.22,0.0,0.0,0.0,0.001,0.2,121.65,0.31187,-0.88149,0.02379,1e-05,0.00629
7534.37,BTC-27DEC19,1575716340383,open,2.71,0.2,2.6435,2.792,2.71627824,0.0,2.2765,0.0,BTC-27DEC19-28000-P,7519.22,0.0,0.0,0.0,0.0,0.0,0.0,0.0,0.0,-15.24711,0.0,-1.0
7534.37,BTC-27DEC19,1575716340383,open,1.12,18.0,1.082,1.17,1.1240315,119.6,1.261,0.0,BTC-27DEC19-16000-P,7519.22,0.0,0.0,0.0,0.0,0.0,0.0,0.26558,-0.79908,-8.69285,1e-05,-0.99475
7534.37,BTC-27DEC19,1575716340383,open,0.0,839.6,0.0005,0.0105,0.00011058,120.0,0.0005,0.0,BTC-27DEC19-18000-C,7519.22,0.0,0.0,0.0,0.0005,18.6,137.6,0.08521,-0.25723,0.00565,0.0,0.00149
7534.37,BTC-27DEC19,1575716340384,open,0.47,30.7,0.4585,0.483,0.46984797,118.38,0.4745,0.0,BTC-27DEC19-4000-C,7519.22,0.0,0.463,14.0,0.476,14.0,171.16,0.36601,-1.08997,2.14413,1e-05,0.99246
7534.37,BTC-27DEC19,1575716340384,open,0.59,73.0,0.562,0.6305,0.59393473,90.02,0.64,0.0,BTC-27DEC19-12000-P,7519.22,0.0,0.0025,0.1,0.0,0.0,0.0,0.75622,-1.71253,-6.46814,3e-05,-0.9826
7661.59,BTC-27MAR20,1575716340384,open,0.01,115.7,0.0005,0.021,0.0055018,102.58,0.0075,0.0,BTC-27MAR20-26000-C,7519.22,99.74,0.0045,31.0,0.0065,31.0,105.09,2.88578,-1.33495,0.57384,2e-05,0.03016
7661.59,BTC-27MAR20,1575716340384,open,2.91,0.0,2.8405,3.0175,2.92211097,114.41,None,0.0,BTC-27MAR20-30000-P,7519.22,0.0,0.001,1.0,0.0,0.0,0.0,3.04624,-1.57163,-90.53205,1e-05,-0.9678
7534.37,BTC-27DEC19,1575716340384,open,0.0,349.0,0.0005,0.0105,0.0,120.0,0.0005,0.0,BTC-27DEC19-48000-C,7519.22,0.0,0.0,0.0,0.0015,37.7,289.41,0.0,0.0,0.0,0.0,0.0
7661.59,BTC-27MAR20,1575716340384,open,0.01,132.6,0.0005,0.0245,0.00647977,114.42,0.004,0.0,BTC-27MAR20-30000-C,7519.22,105.36,0.0035,10.0,0.005,1.0,110.38,3.04782,-1.57262,0.599,1e-05,0.03222
7534.37,BTC-27DEC19,1575716340384,open,0.0,1545.7,0.0005,0.015,0.00395507,73.11,0.004,0.0,BTC-27DEC19-10000-C,7519.22,71.37,0.0035,0.1,0.0045,29.5,75.06,2.03204,-3.73741,0.22064,9e-05,0.05773
7534.37,BTC-27DEC19,1575716340384,open,0.54,4.3,0.526,0.546,0.5356423,120.21,0.5625,0.0,BTC-27DEC19-3500-C,7519.22,0.0,0.53,15.0,0.5415,15.0,196.77,0.11295,-0.34156,1.89682,0.0,0.99797
7534.37,BTC-27DEC19,1575716340384,open,5.35,0.0,5.246,5.5005,5.37076245,0.0,None,0.0,BTC-27DEC19-48000-P,7519.22,0.0,0.0005,1.0,0.0,0.0,0.0,0.0,0.0,-26.1379,0.0,-1.0
7661.59,BTC-27MAR20,1575716340384,open,3.69,0.0,3.6075,3.8075,3.70179046,114.39,None,0.0,BTC-27MAR20-36000-P,7519.22,0.0,0.001,1.0,0.0,0.0,0.0,1.71018,-0.88221,-109.04979,1e-05,-0.98378
7661.59,BTC-27MAR20,1575716340384,open,0.01,1345.9,0.0005,0.021,0.00825212,77.05,0.009,0.0,BTC-27MAR20-4000-P,7519.22,75.45,0.0075,10.0,0.009,15.0,78.57,3.68991,-1.28217,-1.1391,3e-05,-0.04069
7523.65,SYN.BTC-13DEC19,1575716340383,open,0.08,88.6,0.0545,0.0995,0.07500595,55.53,0.0585,0.0,BTC-13DEC19-7000-C,7519.22,0.0,0.0675,7.0,0.095,7.0,108.82,2.17317,-10.26845,0.94499,0.00043,0.85525
7534.37,BTC-27DEC19,1575716340385,open,0.72,98.8,0.692,0.7645,0.72617484,96.5,0.7,0.0,BTC-27DEC19-13000-P,7519.22,0.0,0.0,0.0,0.0,0.0,0.0,0.48713,-1.18262,-7.03919,2e-05,-0.98955
7534.37,BTC-27DEC19,1575716340385,open,0.99,211.0,0.952,1.0345,0.99135754,112.03,0.959,0.0,BTC-27DEC19-15000-P,7519.22,0.0,0.0,0.0,0.0,0.0,0.0,0.30575,-0.86171,-8.14482,1e-05,-0.99385
7534.37,BTC-27DEC19,1575716340385,open,0.03,1307.3,0.0135,0.0535,0.03021511,58.15,0.0315,0.0,BTC-27DEC19-8000-C,7519.22,56.75,0.029,31.0,0.0315,16.0,59.63,6.5402,-9.56783,1.32918,0.00036,0.35419
7661.59,BTC-27MAR20,1575716340385,open,0.84,58.9,0.8005,0.9055,0.84752698,77.42,1.1385,0.0,BTC-27MAR20-14000-P,7519.22,0.0,0.4,0.5,1.135,0.5,224.95,8.20498,-2.86451,-40.31808,6e-05,-0.88483
7534.44,BTC-27DEC19,1575716340385,open,0.34,66.8,0.3235,0.3545,0.33787073,88.61,0.4645,0.0,BTC-27DEC19-5000-C,7519.22,0.0,0.336,0.1,0.3445,12.0,123.48,0.79552,-1.77328,2.64081,3e-05,0.98153
7534.44,BTC-27DEC19,1575716340385,open,0.0,820.7,0.0005,0.0105,0.00074484,118.31,0.001,0.0,BTC-27DEC19-4000-P,7519.22,112.54,0.0005,20.0,0.001,45.8,123.06,0.36483,-1.08582,-0.0339,1e-05,-0.00752
7534.44,BTC-27DEC19,1575716340385,open,1.65,3.6,1.6025,1.7085,1.65451228,121.86,1.729,0.0,BTC-27DEC19-20000-P,7519.22,0.0,0.0,0.0,0.0,0.0,0.0,0.03121,-0.09568,-10.88889,0.0,-0.9995
7534.44,BTC-27DEC19,1575716340385,open,2.97,0.2,2.904,3.063,2.98172657,154.59,2.51,0.0,BTC-27DEC19-30000-P,7519.22,0.0,0.0,0.0,0.0,0.0,0.0,0.00898,-0.03491,-16.33569,0.0,-0.99987
7534.44,BTC-27DEC19,1575716340385,open,3.76,1.3,3.6845,3.8755,3.77807184,174.66,3.212,0.0,BTC-27DEC19-36000-P,7519.22,0.0,0.0,0.0,0.0,0.0,0.0,0.00952,-0.04184,-19.6029,0.0,-0.99986
7534.44,BTC-27DEC19,1575716340385,open,0.01,1087.7,0.0005,0.025,0.00988914,60.31,0.01,0.0,BTC-27DEC19-6500-P,7519.22,58.49,0.009,45.5,0.0105,20.0,61.52,3.74729,-5.68528,-0.57974,0.0002,-0.13141
7534.44,BTC-27DEC19,1575716340386,open,0.0,1541.5,0.0005,0.0105,0.0,120.0,0.0005,0.0,BTC-27DEC19-52000-C,7519.22,0.0,0.0,0.0,0.0005,36.9,270.98,0.0,0.0,0.0,0.0,0.0
7661.59,BTC-27MAR20,1575716340386,open,0.19,54.2,0.151,0.2255,0.18532354,65.94,0.1895,0.0,BTC-27MAR20-7000-C,7519.22,63.53,0.1805,19.0,0.188,10.0,67.27,15.35716,-4.56633,11.19819,0.00013,0.66648
7534.44,BTC-27DEC19,1575716340386,open,0.39,0.0,0.367,0.43,0.39621623,76.68,None,0.0,BTC-27DEC19-10500-P,7519.22,0.0,0.0,0.0,0.0,0.0,0.0,1.47655,-2.84824,-5.5694,6e-05,-0.96125
7534.44,BTC-27DEC19,1575716340386,open,0.0,1003.5,0.0005,0.0105,0.00074239,107.42,0.0005,0.0,BTC-27DEC19-14000-C,7519.22,102.74,0.0005,71.9,0.001,25.0,111.31,0.44716,-1.20834,0.03584,1e-05,0.00948
7534.44,BTC-27DEC19,1575716340386,open,0.0,793.0,0.0005,0.0105,0.00074973,98.24,0.001,0.0,BTC-27DEC19-4500-P,7519.22,93.24,0.0005,33.3,0.001,20.5,102.21,0.43002,-1.06268,-0.04026,1e-05,-0.00906
7534.44,BTC-27DEC19,1575716340386,open,0.0,690.8,0.0005,0.0105,0.0,120.0,0.0005,0.0,BTC-27DEC19-36000-C,7519.22,0.0,0.0,0.0,0.0025,33.3,266.53,0.0,-1e-05,0.0,0.0,0.0
7534.44,BTC-27DEC19,1575716340386,open,0.0,590.4,0.0005,0.0105,1.49e-06,120.0,0.001,0.0,BTC-27DEC19-2500-P,7519.22,0.0,0.0,0.0,0.0005,150.0,189.14,0.00171,-0.00515,-0.0001,0.0,-2e-05
7661.59,BTC-27MAR20,1575716340386,open,0.0,144.6,0.0005,0.0145,0.00303302,114.42,0.0035,0.0,BTC-27MAR20-36000-C,7519.22,109.1,0.002,38.0,0.004,35.0,118.34,1.71261,-0.88368,0.30754,1e-05,0.01625
7661.66,BTC-27MAR20,1575716340386,open,0.01,499.9,0.0005,0.0295,0.00956958,92.95,0.0095,0.0,BTC-27MAR20-20000-C,7519.22,91.98,0.009,1.0,0.01,2.6,93.67,4.55959,-1.91128,1.01006,3e-05,0.05297
7661.66,BTC-27MAR20,1575716340386,open,0.27,21.4,0.237,0.302,0.26707424,67.58,0.2745,0.0,BTC-27MAR20-6000-C,7519.22,61.92,0.2585,19.0,0.2695,2.0,69.15,11.81263,-3.60006,12.40936,0.0001,0.80027
7661.66,BTC-27MAR20,1575716340386,open,0.01,158.5,0.0005,0.0225,0.00622647,99.09,0.0075,0.0,BTC-27MAR20-24000-C,7519.22,97.3,0.0055,7.0,0.007,0.5,100.86,3.22894,-1.44285,0.65935,2e-05,0.03456
7534.44,BTC-27DEC19,1575716340386,open,0.0,389.7,0.0005,0.0105,0.00044402,120.0,0.0005,0.0,BTC-27DEC19-16000-C,7519.22,0.0,0.0,0.0,0.001,20.0,131.17,0.272,-0.82109,0.02031,1e-05,0.00539
7661.66,BTC-27MAR20,1575716340386,open,2.39,0.0,2.3285,2.4815,2.39904884,102.65,None,0.0,BTC-27MAR20-26000-P,7519.22,0.0,0.001,1.0,0.0,0.0,0.0,2.89492,-1.34009,-78.40404,2e-05,-0.96973
7661.66,BTC-27MAR20,1575716340386,open,0.01,423.0,0.002,0.0335,0.01184523,88.58,0.0115,0.0,BTC-27MAR20-18000-C,7519.22,86.61,0.0105,30.0,0.0135,30.0,90.83,5.42434,-2.16673,1.26272,3e-05,0.0661
7661.66,BTC-27MAR20,1575716340386,open,0.01,69.3,0.0005,0.0295,0.00848056,114.42,0.006,0.0,BTC-27MAR20-28000-C,7519.22,102.86,0.004,10.0,0.013,1.0,122.54,3.70898,-1.91376,0.75571,2e-05,0.04095
7661.66,BTC-27MAR20,1575716340386,open,1.87,5.6,1.8175,1.9535,1.87951808,97.08,1.545,0.0,BTC-27MAR20-22000-P,7519.22,0.0,0.001,1.0,0.0,0.0,0.0,3.94494,-1.727,-65.98856,2e-05,-0.9558
7534.44,BTC-27DEC19,1575716340386,open,0.0,1158.3,0.0005,0.012,0.00204088,81.77,0.002,0.0,BTC-27DEC19-11000-C,7519.22,77.98,0.0015,31.2,0.0025,29.6,84.52,1.18089,-2.42921,0.1128,5e-05,0.02953
7534.44,BTC-27DEC19,1575716340386,open,0.21,137.2,0.189,0.229,0.2079543,66.28,0.1955,0.0,BTC-27DEC19-6000-C,7519.22,0.0,0.203,11.1,0.216,11.0,88.07,2.11099,-3.51977,3.00095,0.0001,0.93939
7534.44,BTC-27DEC19,1575716340387,open,0.0,706.9,0.0005,0.0105,0.00076002,96.68,0.0015,0.0,BTC-27DEC19-13000-C,7519.22,92.1,0.0005,62.5,0.001,1.0,100.01,0.49236,-1.19748,0.0403,2e-05,0.01058
7534.44,BTC-27DEC19,1575716340388,open,0.0,23.2,0.0005,0.0125,0.00261195,76.66,0.0025,0.0,BTC-27DEC19-10500-C,7519.22,73.28,0.002,51.6,0.003,0.3,78.56,1.4753,-2.84513,0.14811,6e-05,0.03871
7583.3,SYN.BTC-31JAN20,1575716340384,open,0.01,408.2,0.003,0.029,0.01285241,69.25,0.0125,0.0,BTC-31JAN20-5500-P,7519.22,67.09,0.0115,37.0,0.014,26.0,71.02,4.84113,-3.05474,-1.19186,8e-05,-0.09169
7534.44,BTC-27DEC19,1575716340388,open,0.0,1488.4,0.0005,0.011,0.00149182,88.63,0.0015,0.0,BTC-27DEC19-5000-P,7519.22,83.37,0.001,8.2,0.002,35.5,93.0,0.79611,-1.77492,-0.08196,3e-05,-0.01848
7788.81,SYN.BTC-26JUN20,1575716340386,open,2.86,0.0,2.7835,2.9815,2.87268423,101.75,None,0.0,BTC-26JUN20-30000-P,7519.22,0.0,0.001,1.0,0.0,0.0,0.0,8.62857,-2.17455,-163.37475,3e-05,-0.91979
7534.44,BTC-27DEC19,1575716340387,open,0.0,530.9,0.0005,0.0105,1e-08,120.0,0.0005,0.0,BTC-27DEC19-32000-C,7519.22,0.0,0.0,0.0,0.0005,0.4,212.15,2e-05,-7e-05,0.0,0.0,0.0
7534.44,BTC-27DEC19,1575716340388,open,0.0,106.3,0.0005,0.0105,3e-08,120.0,0.0005,0.0,BTC-27DEC19-2000-P,7519.22,0.0,0.0,0.0,0.0005,44.1,225.74,5e-05,-0.00015,0.0,0.0,0.0
7534.44,BTC-27DEC19,1575716340389,open,0.1,222.4,0.0705,0.12,0.09422634,57.0,0.092,0.0,BTC-27DEC19-7000-C,7519.22,54.74,0.0925,12.1,0.097,0.1,60.58,5.78896,-8.30095,2.6177,0.00033,0.73225
7661.66,BTC-27MAR20,1575716340389,open,2.65,0.0,2.585,2.7555,2.66306968,114.48,None,0.0,BTC-27MAR20-28000-P,7519.22,0.0,0.001,1.0,0.0,0.0,0.0,3.71688,-1.91883,-84.29778,2e-05,-0.95894
7534.44,BTC-27DEC19,1575716340389,open,2.44,0.0,2.3835,2.521,2.45083018,139.27,None,0.0,BTC-27DEC19-26000-P,7519.22,0.0,0.0,0.0,0.0,0.0,0.0,0.00901,-0.03158,-14.15753,0.0,-0.99987
7534.44,BTC-27DEC19,1575716340389,open,0.0,961.0,0.0005,0.011,0.00124411,90.12,0.001,0.0,BTC-27DEC19-12000-C,7519.22,87.53,0.001,30.2,0.0015,0.1,92.5,0.76056,-1.72434,0.06678,3e-05,0.01752
7534.44,BTC-27DEC19,1575716340390,open,0.0,961.6,0.0005,0.0105,4e-08,120.0,0.001,0.0,BTC-27DEC19-30000-C,7519.22,0.0,0.0,0.0,0.0005,0.9,204.08,7e-05,-0.00022,0.0,0.0,0.0
7583.3,SYN.BTC-31JAN20,1575716340384,open,0.03,121.0,0.013,0.056,0.02964235,65.99,0.03,0.0,BTC-31JAN20-9500-C,7519.22,64.57,0.028,38.8,0.0315,30.8,67.57,8.8359,-5.31246,2.23621,0.00015,0.22578
7583.3,SYN.BTC-31JAN20,1575716340383,open,0.02,257.9,0.0085,0.046,0.0223125,67.5,0.025,0.0,BTC-31JAN20-10000-C,7519.22,66.18,0.021,39.8,0.0235,12.8,68.66,7.63917,-4.69805,1.76565,0.00013,0.17718
7788.81,SYN.BTC-26JUN20,1575716340385,open,0.01,119.1,0.0015,0.025,0.01100703,85.27,0.009,0.0,BTC-26JUN20-3000-P,7519.22,75.02,0.006,26.0,0.016,1.0,93.32,4.39761,-0.92871,-1.94989,2e-05,-0.03426
7788.81,SYN.BTC-26JUN20,1575716340386,open,0.31,107.9,0.2595,0.3745,0.31149955,71.4,0.35,0.0,BTC-26JUN20-9000-P,7519.22,65.83,0.295,6.0,0.323,8.0,75.27,23.10825,-4.08641,-35.07362,0.0001,-0.50268
7788.81,SYN.BTC-26JUN20,1575716340383,open,2.35,0.0,2.28,2.4535,2.35791152,92.91,None,0.0,BTC-26JUN20-26000-P,7519.22,0.0,0.001,1.0,0.0,0.0,0.0,8.68588,-1.99886,-141.16862,3e-05,-0.91908
7583.3,SYN.BTC-31JAN20,1575716340386,open,0.01,33.5,0.0015,0.029,0.01101706,73.29,0.012,0.0,BTC-31JAN20-11500-C,7519.22,71.68,0.01,30.0,0.012,16.0,74.79,4.88827,-3.26441,0.9335,8e-05,0.0929
7583.3,SYN.BTC-31JAN20,1575716340384,open,0.35,0.0,0.3305,0.369,0.34816627,73.88,None,0.0,BTC-31JAN20-5000-C,7519.22,0.0,0.337,10.0,0.364,10.0,101.28,3.27613,-2.20536,6.80328,5e-05,0.94489
7523.65,SYN.BTC-13DEC19,1575716340387,open,0.0,145.9,0.0005,0.0105,0.00070411,77.52,0.001,0.0,BTC-13DEC19-9250-C,7519.22,73.84,0.0005,22.0,0.001,1.0,81.78,0.46467,-3.06524,0.02352,7e-05,0.02013
7788.81,SYN.BTC-26JUN20,1575716340384,open,0.02,80.2,0.0065,0.0555,0.02098492,101.73,0.0145,0.0,BTC-26JUN20-30000-C,7519.22,95.25,0.0145,5.5,0.0275,18.0,107.18,8.62399,-2.17301,2.5489,3e-05,0.08015
7534.44,BTC-27DEC19,1575716340393,open,0.0,526.9,0.0005,0.0105,7.21e-06,120.0,0.0005,0.0,BTC-27DEC19-22000-C,7519.22,0.0,0.0,0.0,0.001,35.0,176.37,0.00785,-0.02368,0.00044,0.0,0.00011
7788.81,SYN.BTC-26JUN20,1575716340388,open,0.2,164.4,0.1515,0.245,0.19416912,69.76,0.1945,0.0,BTC-26JUN20-8000-C,7519.22,68.67,0.191,16.0,0.1985,8.0,71.26,22.61497,-3.90755,16.72124,0.0001,0.58233
7529.01,SYN.BTC-20DEC19,1575716340383,open,0.0,5.3,0.0005,0.0125,0.00261276,65.29,0.0025,0.0,BTC-20DEC19-9250-C,7519.22,62.03,0.002,21.0,0.003,20.0,67.12,1.52484,-3.86582,0.1335,0.00012,0.05288
7583.3,SYN.BTC-31JAN20,1575716340385,open,0.4,0.0,0.3665,0.4445,0.40187073,69.32,None,0.0,BTC-31JAN20-10500-P,7519.22,0.0,0.001,1.0,0.0,0.0,0.0,6.57241,-4.15108,-14.37666,0.00011,-0.85912
7583.3,SYN.BTC-31JAN20,1575716340389,open,0.28,4.8,0.247,0.3245,0.28238616,65.98,0.3445,0.0,BTC-31JAN20-9500-P,7519.22,0.0,0.001,1.0,0.0,0.0,0.0,8.83513,-5.31139,-12.0468,0.00015,-0.77425
7523.65,SYN.BTC-13DEC19,1575716340385,open,0.04,95.0,0.025,0.075,0.04580256,55.0,0.041,0.0,BTC-13DEC19-7750-P,7519.22,50.04,0.0435,12.0,0.047,12.0,57.54,3.52945,-16.51754,-0.84478,0.0007,-0.6517
7583.3,SYN.BTC-31JAN20,1575716340388,open,0.02,96.6,0.006,0.039,0.01725572,69.33,0.0175,0.0,BTC-31JAN20-10500-C,7519.22,67.85,0.016,44.0,0.0185,16.0,70.74,6.57341,-4.15215,1.40978,0.00011,0.14091
7788.81,SYN.BTC-26JUN20,1575716340391,open,3.12,0.0,3.0335,3.237,3.12591681,101.75,None,0.0,BTC-26JUN20-32000-P,7519.22,0.0,0.001,1.0,0.0,0.0,0.0,7.62686,-1.92207,-174.79906,2e-05,-0.93175
7788.81,SYN.BTC-26JUN20,1575716340388,open,1.59,0.1,1.531,1.6825,1.59852387,86.04,1.765,0.0,BTC-26JUN20-20000-P,7519.22,0.0,0.1,1.0,2.05,0.1,254.5,11.8755,-2.53063,-106.58748,4e-05,-0.87573
7523.65,SYN.BTC-13DEC19,1575716340385,open,0.13,0.0,0.1085,0.16,0.13244855,64.93,None,0.0,BTC-13DEC19-8500-P,7519.22,0.0,0.0,0.0,0.0,0.0,0.0,1.35065,-7.46305,-1.28077,0.00023,-0.92504
7523.65,SYN.BTC-13DEC19,1575716340385,open,0.02,289.3,0.004,0.0395,0.01572058,55.0,0.0155,0.0,BTC-13DEC19-7750-C,7519.22,50.23,0.0135,16.0,0.016,0.5,55.6,3.52953,-16.51999,0.40283,0.0007,0.34832
7788.81,SYN.BTC-26JUN20,1575716340384,open,0.41,0.0,0.3765,0.4395,0.4050776,71.36,None,0.0,BTC-26JUN20-5000-C,7519.22,58.03,0.385,9.0,0.431,9.0,86.54,12.61173,-2.22917,19.78913,5e-05,0.86445
7583.3,SYN.BTC-31JAN20,1575716340388,open,0.52,0.0,0.4915,0.571,0.5274957,73.27,None,0.0,BTC-31JAN20-11500-P,7519.22,0.0,0.001,1.0,0.0,0.0,0.0,4.88577,-3.26196,-16.35671,8e-05,-0.90717
7788.81,SYN.BTC-26JUN20,1575716340390,open,0.02,54.5,0.006,0.0515,0.01977633,92.9,0.0225,0.0,BTC-26JUN20-26000-C,7519.22,91.27,0.018,5.0,0.0215,22.0,94.41,8.6827,-1.99788,2.63212,3e-05,0.08088
7523.65,SYN.BTC-13DEC19,1575716340385,open,0.21,0.2,0.1865,0.222,0.20324453,86.99,0.172,0.0,BTC-13DEC19-6000-C,7519.22,0.0,0.194,7.0,0.215,7.0,161.83,0.4151,-3.07285,0.94363,5e-05,0.98237
7529.01,SYN.BTC-20DEC19,1575716340383,open,0.23,0.0,0.2055,0.261,0.23118554,65.24,None,0.0,BTC-20DEC19-9250-P,7519.22,0.0,0.0,0.0,0.0,0.0,0.0,1.52209,-3.85638,-3.12981,0.00012,-0.94724
7523.65,SYN.BTC-13DEC19,1575716340389,open,0.01,386.2,0.0005,0.027,0.00773371,55.67,0.008,0.0,BTC-13DEC19-8000-C,7519.22,53.58,0.007,16.0,0.0085,0.1,57.78,2.68984,-12.74193,0.23549,0.00053,0.20217
7523.65,SYN.BTC-13DEC19,1575716340391,open,0.0,93.7,0.0005,0.011,0.00127147,65.94,0.0015,0.0,BTC-13DEC19-8750-C,7519.22,63.22,0.001,70.3,0.0015,6.1,67.97,0.80494,-4.5168,0.04563,0.00013,0.03895
7523.65,SYN.BTC-13DEC19,1575716340385,open,0.01,277.8,0.003,0.0355,0.01290246,55.0,0.01,0.0,BTC-13DEC19-7250-P,7519.22,50.53,0.011,10.0,0.013,19.0,55.22,3.24487,-15.18665,-0.36171,0.00065,-0.28575
7788.81,SYN.BTC-26JUN20,1575716340385,open,1.1,5.0,1.04,1.1805,1.10243423,81.37,1.22,0.0,BTC-26JUN20-16000-P,7519.22,0.0,0.56,1.0,2.0,0.1,500.0,15.59291,-3.14261,-82.49127,6e-05,-0.81246
7788.81,SYN.BTC-26JUN20,1575716340385,open,0.86,11.5,0.8,0.9355,0.86034472,78.48,0.99,0.0,BTC-26JUN20-14000-P,7519.22,0.0,0.5,1.0,2.0,1.0,500.0,17.92406,-3.484,-69.8896,7e-05,-0.76203
7583.3,SYN.BTC-31JAN20,1575716340384,open,0.1,74.3,0.076,0.1395,0.10092072,62.12,0.103,0.0,BTC-31JAN20-7500-C,7519.22,60.53,0.0985,17.6,0.1025,2.0,63.15,11.56931,-6.54799,5.30279,0.00022,0.56603
7583.3,SYN.BTC-31JAN20,1575716340389,open,0.29,0.0,0.267,0.312,0.28757788,69.26,None,0.0,BTC-31JAN20-5500-C,7519.22,0.0,0.274,9.0,0.308,9.0,95.52,4.84165,-3.05529,7.07689,8e-05,0.9083
7583.3,SYN.BTC-31JAN20,1575716340387,open,0.34,0.0,0.3055,0.3835,0.34099301,67.49,None,0.0,BTC-31JAN20-10000-P,7519.22,0.0,0.001,1.0,0.0,0.0,0.0,7.63837,-4.69711,-13.26905,0.00013,-0.82285
7788.81,SYN.BTC-26JUN20,1575716340384,open,0.05,260.9,0.026,0.078,0.04702666,71.37,0.048,0.0,BTC-26JUN20-5000-P,7519.22,70.73,0.046,0.6,0.048,8.0,71.97,12.6119,-2.22924,-7.86529,5e-05,-0.13555
7788.81,SYN.BTC-26JUN20,1575716340387,open,0.04,246.3,0.015,0.076,0.03677574,83.13,0.0395,0.0,BTC-26JUN20-18000-C,7519.22,81.48,0.034,16.0,0.039,21.0,84.41,13.37395,-2.7536,4.78341,5e-05,0.14781
7583.3,SYN.BTC-31JAN20,1575716340384,open,0.22,6.0,0.192,0.269,0.22666676,64.57,0.2485,0.0,BTC-31JAN20-9000-P,7519.22,0.0,0.001,1.0,0.237,2.0,72.19,10.03372,-5.90269,-10.70081,0.00018,-0.71191
7523.65,SYN.BTC-13DEC19,1575716340387,open,0.0,163.2,0.0005,0.0105,0.00072827,86.96,0.0005,0.0,BTC-13DEC19-6000-P,7519.22,82.31,0.0005,28.3,0.001,20.1,91.41,0.41452,-3.06756,-0.0222,5e-05,-0.0176
7788.81,SYN.BTC-26JUN20,1575716340385,open,0.16,91.7,0.113,0.2085,0.15598976,71.4,0.159,0.0,BTC-26JUN20-9000-C,7519.22,71.06,0.155,0.2,0.159,8.0,72.41,23.10824,-4.0863,14.70395,0.0001,0.49732
7523.65,SYN.BTC-13DEC19,1575716340387,open,0.23,0.0,0.2055,0.258,0.2301568,77.46,None,0.0,BTC-13DEC19-9250-P,7519.22,0.0,0.0,0.0,0.0,0.0,0.0,0.46302,-3.05184,-1.46562,7e-05,-0.97996
7788.81,SYN.BTC-26JUN20,1575716340386,open,0.09,264.9,0.058,0.131,0.08923815,70.26,0.085,0.0,BTC-26JUN20-6000-P,7519.22,68.8,0.086,11.2,0.092,2.0,71.5,17.30396,-3.01118,-13.46976,7e-05,-0.22344
7583.3,SYN.BTC-31JAN20,1575716340384,open,0.23,0.0,0.206,0.2575,0.23017819,65.18,None,0.0,BTC-31JAN20-6000-C,7519.22,49.58,0.218,9.0,0.2375,9.0,73.05,6.73809,-4.00167,7.11029,0.00012,0.85383
7583.3,SYN.BTC-31JAN20,1575716340387,open,0.01,238.7,0.0005,0.02,0.00750481,73.87,0.0085,0.0,BTC-31JAN20-5000-P,7519.22,71.46,0.0065,40.0,0.0085,16.0,76.1,3.27507,-2.2043,-0.71363,5e-05,-0.05509
7788.81,SYN.BTC-26JUN20,1575716340386,open,0.09,256.2,0.0505,0.1365,0.08644297,75.54,0.087,0.0,BTC-26JUN20-12000-C,7519.22,74.61,0.084,0.1,0.089,20.0,76.51,20.51023,-3.83746,9.74332,8e-05,0.31262
7788.81,SYN.BTC-26JUN20,1575716340386,open,0.03,31.6,0.009,0.0605,0.02571678,88.26,0.027,0.0,BTC-26JUN20-22000-C,7519.22,86.97,0.024,5.0,0.0275,5.0,89.56,10.53096,-2.3021,3.4143,4e-05,0.10497
7583.3,SYN.BTC-31JAN20,1575716340391,open,0.46,0.0,0.4285,0.507,0.46409653,71.14,None,0.0,BTC-31JAN20-11000-P,7519.22,0.0,0.001,1.0,0.0,0.0,0.0,5.63756,-3.65405,-15.40358,9e-05,-0.88697
7583.3,SYN.BTC-31JAN20,1575716340389,open,0.08,62.2,0.0505,0.1115,0.07346097,62.14,0.0695,0.0,BTC-31JAN20-8000-C,7519.22,61.19,0.072,8.0,0.0755,2.0,63.47,11.67008,-6.6078,4.40202,0.00022,0.45957
7583.3,SYN.BTC-31JAN20,1575716340387,open,0.01,99.5,0.004,0.033,0.01355173,71.15,0.0135,0.0,BTC-31JAN20-11000-C,7519.22,69.71,0.0125,45.0,0.0145,16.0,72.41,5.63965,-3.65616,1.13485,9e-05,0.11309
7523.65,SYN.BTC-13DEC19,1575716340389,open,0.01,364.5,0.0005,0.022,0.00540276,55.52,0.0055,0.0,BTC-13DEC19-7000-P,7519.22,52.29,0.0045,25.4,0.006,20.0,57.55,2.17278,-10.26486,-0.18181,0.00043,-0.14471
7788.81,SYN.BTC-26JUN20,1575716340390,open,0.25,67.5,0.2085,0.298,0.24962854,70.01,0.2545,0.0,BTC-26JUN20-7000-C,7519.22,68.65,0.246,6.0,0.2555,11.0,72.22,20.73673,-3.59592,18.50463,9e-05,0.67918
7583.3,SYN.BTC-31JAN20,1575716340393,open,0.04,27.6,0.02,0.0655,0.03637422,63.23,0.035,0.0,BTC-31JAN20-6500-P,7519.22,62.04,0.035,21.8,0.0375,5.0,64.19,8.84559,-5.09581,-2.99387,0.00016,-0.22622
148.26,ETH-27DEC19,1575716340460,open,4.1,1.0,3.977,4.284,4.12613,120.0,3.236,0.0,ETH-27DEC19-760-P,147.94,0.0,0.02,50.0,0.0,0.0,0.0,0.0,0.0,-0.41385,0.0,-1.0
148.26,ETH-27DEC19,1575716340460,open,2.49,37.0,2.406,2.615,2.507352,120.0,0.707,0.0,ETH-27DEC19-520-P,147.94,0.0,0.003,50.0,0.0,0.0,0.0,1e-05,-3e-05,-0.28316,0.0,-0.99999
148.26,ETH-27DEC19,1575716340460,open,3.83,0.0,3.715,4.006,3.856333,120.0,None,0.0,ETH-27DEC19-720-P,147.94,0.0,0.004,50.0,0.0,0.0,0.0,0.0,0.0,-0.39207,0.0,-1.0
150.66,ETH-27MAR20,1575716340460,open,2.97,0.0,2.868,3.12,2.987524,111.59,None,0.0,ETH-27MAR20-600-P,147.94,0.0,0.03,50.0,0.0,0.0,0.0,0.05052,-0.02542,-1.81292,0.00066,-0.97377
150.68,ETH-27MAR20,1575716340460,open,2.7,0.0,2.61,2.849,2.723021,111.16,None,0.0,ETH-27MAR20-560-P,147.94,0.0,0.02,50.0,0.0,0.0,0.0,0.06138,-0.03077,-1.68892,0.0008,-0.96684
148.26,ETH-27DEC19,1575716340461,open,0.09,100.0,0.059,0.123,0.091872,66.32,0.091,0.0,ETH-27DEC19-140-C,147.94,56.87,0.084,120.0,0.095,120.0,70.02,0.12485,-0.20829,0.0469,0.01573,0.67285
148.26,ETH-27DEC19,1575716340461,open,3.57,1.0,3.453,3.728,3.586537,120.0,2.792,0.0,ETH-27DEC19-680-P,147.94,0.0,0.02,50.0,0.0,0.0,0.0,0.0,0.0,-0.37029,0.0,-1.0
150.68,ETH-27MAR20,1575716340461,open,3.23,0.0,3.126,3.394,3.25302,117.29,None,0.0,ETH-27MAR20-640-P,147.94,0.0,0.01,50.0,0.0,0.0,0.0,0.05304,-0.02805,-1.93397,0.00066,-0.9722
149.18,SYN.ETH-31JAN20,1575716340460,open,0.08,11.0,0.046,0.117,0.079429,71.9,0.09,0.0,ETH-31JAN20-140-P,147.94,68.14,0.074,360.0,0.083,489.0,74.37,0.21572,-0.14132,-0.09782,0.00897,-0.3567
151.97,SYN.ETH-26JUN20,1575716340460,open,2.95,0.0,2.841,3.118,2.970971,104.79,None,0.0,ETH-26JUN20-600-P,147.94,0.0,0.01,50.0,0.0,0.0,0.0,0.17581,-0.04563,-3.26638,0.00131,-0.91504
148.26,ETH-27DEC19,1575716340462,open,2.76,0.0,2.668,2.893,2.777148,120.0,0.845,0.0,ETH-27DEC19-560-P,147.94,0.0,0.02,50.0,0.0,0.0,0.0,0.0,-1e-05,-0.30494,0.0,-1.0
148.26,ETH-27DEC19,1575716340462,open,1.95,0.0,1.882,2.059,1.967765,120.0,None,0.0,ETH-27DEC19-440-P,147.94,0.0,0.002,50.0,0.0,0.0,0.0,0.00012,-0.00038,-0.23959,1e-05,-0.99991
150.68,ETH-27MAR20,1575716340462,open,0.66,119.0,0.594,0.752,0.670089,100.96,0.835,0.0,ETH-27MAR20-240-P,147.94,60.31,0.608,300.0,0.678,1.0,105.11,0.2835,-0.12907,-0.63246,0.00407,-0.71168
148.26,ETH-27DEC19,1575716340462,open,3.03,0.0,2.93,3.172,3.046945,120.0,0.953,0.0,ETH-27DEC19-600-P,147.94,0.0,0.02,50.0,0.0,0.0,0.0,0.0,0.0,-0.32672,0.0,-1.0
148.26,ETH-27DEC19,1575716340463,open,2.22,21.0,2.144,2.337,2.237557,120.0,0.629,0.0,ETH-27DEC19-480-P,147.94,0.0,0.002,50.0,0.0,0.0,0.0,4e-05,-0.00011,-0.26138,0.0,-0.99997
151.97,SYN.ETH-26JUN20,1575716340460,open,0.37,357.0,0.302,0.447,0.373622,85.4,0.405,0.0,ETH-26JUN20-180-P,147.94,72.38,0.335,210.0,0.408,1.0,97.04,0.45031,-0.09525,-0.7172,0.00413,-0.47963
150.68,ETH-27MAR20,1575716340463,open,0.11,1410.0,0.068,0.156,0.110864,80.75,0.108,0.0,ETH-27MAR20-180-C,147.94,77.58,0.104,400.0,0.118,300.0,84.04,0.32617,-0.11878,0.14597,0.00586,0.42978
148.28,ETH-27DEC19,1575716340463,open,0.0,3887.0,0.001,0.013,0.003486,99.43,0.003,0.0,ETH-27DEC19-100-P,147.94,96.61,0.003,480.0,0.004,680.0,102.18,0.02665,-0.06665,-0.0031,0.00224,-0.03485
149.18,SYN.ETH-31JAN20,1575716340460,open,0.14,1.0,0.103,0.178,0.140985,71.9,0.168,0.0,ETH-31JAN20-140-C,147.94,71.91,0.141,1.0,0.144,96.0,73.98,0.21572,-0.14132,0.11266,0.00897,0.6433
150.68,ETH-27MAR20,1575716340465,open,0.9,173.0,0.83,0.994,0.907718,101.01,1.157,0.0,ETH-27MAR20-280-P,147.94,0.0,0.858,1.0,0.923,1.0,110.38,0.23386,-0.10653,-0.78076,0.00336,-0.79804
150.68,ETH-27MAR20,1575716340466,open,1.4,6.0,1.328,1.504,1.410467,101.18,1.188,0.0,ETH-27MAR20-360-P,147.94,0.0,0.01,30.0,2.139,1.0,500.0,0.14549,-0.06639,-1.05766,0.00208,-0.90024
151.97,SYN.ETH-26JUN20,1575716340461,open,0.57,0.0,0.499,0.661,0.578429,86.0,None,0.0,ETH-26JUN20-220-P,147.94,0.0,0.447,51.0,0.62,1.0,100.27,0.43607,-0.09288,-0.99223,0.00397,-0.60203
148.02,SYN.ETH-13DEC19,1575716340463,open,0.13,8.0,0.096,0.155,0.125766,77.54,0.114,0.0,ETH-13DEC19-130-C,147.94,0.0,0.12,40.0,0.128,40.0,87.71,0.02936,-0.19376,0.01879,0.01074,0.91446
148.02,SYN.ETH-13DEC19,1575716340463,open,0.03,920.0,0.005,0.05,0.024368,60.05,0.024,0.0,ETH-13DEC19-150-C,147.94,45.29,0.017,120.0,0.025,50.0,61.31,0.07423,-0.37932,0.01004,0.03505,0.44581
151.97,SYN.ETH-26JUN20,1575716340463,open,3.21,0.0,3.095,3.384,3.230447,104.79,None,0.0,ETH-26JUN20-640-P,147.94,0.0,0.01,50.0,0.0,0.0,0.0,0.15638,-0.04059,-3.4947,0.00117,-0.9272
148.02,SYN.ETH-13DEC19,1575716340460,open,0.07,26.0,0.034,0.093,0.064232,60.08,0.066,0.0,ETH-13DEC19-140-C,147.94,44.91,0.059,40.0,0.067,40.0,67.23,0.05575,-0.28502,0.01703,0.02631,0.77903
149.18,SYN.ETH-31JAN20,1575716340463,open,0.01,249.0,0.003,0.032,0.013078,83.91,0.012,0.0,ETH-31JAN20-240-C,147.94,80.66,0.011,320.0,0.015,480.0,86.71,0.09931,-0.07593,0.01883,0.00354,0.09704
7534.37,BTC-27DEC19,1575716340599,open,0.09,943.7,0.0655,0.123,0.09201179,58.15,0.089,0.0,BTC-27DEC19-8000-P,7519.22,54.66,0.089,0.4,0.0935,0.4,59.86,6.5401,-9.56691,-3.02719,0.00036,-0.64583
7534.37,BTC-27DEC19,1575716340606,open,0.09,943.7,0.0655,0.123,0.09201179,58.15,0.089,0.0,BTC-27DEC19-8000-P,7519.22,54.66,0.089,12.4,0.0935,0.4,59.86,6.5401,-9.56691,-3.02719,0.00036,-0.64583
7788.81,SYN.BTC-26JUN20,1575716341041,open,0.22,179.6,0.1745,0.2785,0.22128811,69.76,0.213,0.0,BTC-26JUN20-8000-P,7519.22,68.12,0.2165,6.0,0.226,8.0,71.39,22.61494,-3.90763,-27.52556,0.0001,-0.41767
7534.44,BTC-27DEC19,1575716341162,open,0.34,66.8,0.3235,0.3545,0.33787244,88.61,0.4645,0.0,BTC-27DEC19-5000-C,7519.22,64.48,0.3365,12.0,0.3445,12.0,123.48,0.79552,-1.77328,2.64081,3e-05,0.98153
7534.44,BTC-27DEC19,1575716341244,open,0.14,3.0,0.1185,0.181,0.14538455,61.79,0.18,0.0,BTC-27DEC19-8500-P,7519.22,55.99,0.1415,0.1,0.1455,0.1,61.95,5.23776,-8.14103,-3.78699,0.00027,-0.77764
7583.3,SYN.BTC-31JAN20,1575716341377,open,0.08,62.2,0.0505,0.1115,0.07345799,62.14,0.0695,0.0,BTC-31JAN20-8000-C,7519.22,61.19,0.072,17.6,0.0755,2.0,63.47,11.67008,-6.6078,4.40202,0.00022,0.45957
7583.3,SYN.BTC-31JAN20,1575716341380,open,0.02,257.9,0.0085,0.046,0.02231132,67.5,0.025,0.0,BTC-31JAN20-10000-C,7519.22,66.18,0.021,39.8,0.024,31.8,69.15,7.63917,-4.69805,1.76565,0.00013,0.17718
7529.01,SYN.BTC-20DEC19,1575716341382,open,0.06,34.1,0.0415,0.091,0.06162711,55.0,0.0565,0.0,BTC-20DEC19-7250-C,7519.22,48.94,0.0575,12.0,0.061,12.0,54.09,5.1712,-11.04499,1.59383,0.00047,0.66173
7529.01,SYN.BTC-20DEC19,1575716341384,open,0.06,0.6,0.0375,0.091,0.05809982,55.0,0.0575,0.0,BTC-20DEC19-7750-P,7519.22,49.36,0.054,12.0,0.0575,12.0,54.18,5.49614,-11.73837,-1.72219,0.0005,-0.59034
7534.37,BTC-27DEC19,1575716341386,open,0.02,369.6,0.0065,0.041,0.01722121,61.77,0.0175,0.0,BTC-27DEC19-8500-C,7519.22,61.45,0.017,2.0,0.0175,16.0,62.17,5.23678,-8.13798,0.84135,0.00027,0.22229
7534.37,BTC-27DEC19,1575716341388,open,0.06,673.8,0.033,0.081,0.05488104,56.64,0.0525,0.0,BTC-27DEC19-7500-C,7519.22,54.61,0.053,15.4,0.0565,2.0,58.39,6.97864,-9.94351,1.99072,0.0004,0.5401
7583.3,SYN.BTC-31JAN20,1575716341390,open,0.09,92.9,0.0645,0.131,0.08993236,62.11,0.095,0.0,BTC-31JAN20-7500-P,7519.22,60.85,0.088,8.0,0.092,13.0,63.47,11.56932,-6.54758,-5.97299,0.00022,-0.43397
7661.65,BTC-27MAR20,1575716341390,open,0.09,261.5,0.0565,0.1295,0.08848175,67.87,0.0905,0.0,BTC-27MAR20-9000-C,7520.18,66.47,0.0855,22.0,0.0915,10.0,69.28,16.35461,-5.0053,7.3398,0.00014,0.40385
7661.65,BTC-27MAR20,1575716341390,open,1.36,0.0,1.3075,1.427,1.36122699,88.6,1.23,0.0,BTC-27MAR20-18000-P,7520.18,0.0,0.0,0.0,0.0,0.0,0.0,5.4291,-2.16927,-53.41439,3e-05,-0.93382
7534.44,BTC-27DEC19,1575716341390,open,0.02,932.8,0.009,0.045,0.02329778,57.01,0.0225,0.0,BTC-27DEC19-7000-P,7520.18,55.31,0.022,31.0,0.0245,16.4,58.56,5.78913,-8.30203,-1.19416,0.00033,-0.26776
7534.44,BTC-27DEC19,1575716341390,open,0.0,447.7,0.0005,0.012,0.00225548,75.74,0.003,0.0,BTC-27DEC19-5500-P,7520.18,70.52,0.0015,51.7,0.003,20.5,79.96,1.22271,-2.32966,-0.13562,5e-05,-0.0308
7661.65,BTC-27MAR20,1575716341390,open,0.04,1229.6,0.016,0.0695,0.0361176,75.06,0.035,0.0,BTC-27MAR20-12000-C,7520.18,74.31,0.035,0.5,0.037,8.8,75.65,11.46083,-3.87934,3.58254,9e-05,0.19005
7661.65,BTC-27MAR20,1575716341390,open,0.02,1543.0,0.0045,0.0385,0.01480839,83.09,0.0155,0.0,BTC-27MAR20-16000-C,7520.18,80.89,0.013,22.0,0.0165,0.7,85.03,6.51061,-2.43959,1.60944,4e-05,0.08396
7661.65,BTC-27MAR20,1575716341390,open,1.1,1.1,1.053,1.1645,1.10314776,83.11,1.08,0.0,BTC-27MAR20-16000-P,7520.18,0.0,0.0,0.0,0.0,0.0,0.0,6.51443,-2.44159,-46.99246,4e-05,-0.91597
7534.44,BTC-27DEC19,1575716341390,open,0.0,657.0,0.0005,0.0105,1.5e-07,120.0,0.0005,0.0,BTC-27DEC19-28000-C,7520.18,0.0,0.0,0.0,0.008,1.0,270.49,0.00023,-0.00068,1e-05,0.0,0.0
7534.44,BTC-27DEC19,1575716341390,open,0.0,756.8,0.0005,0.0105,1.91e-06,120.0,0.0005,0.0,BTC-27DEC19-24000-C,7520.18,0.0,0.0,0.0,0.001,36.5,188.29,0.00238,-0.00718,0.00012,0.0,3e-05
7534.44,BTC-27DEC19,1575716341390,open,0.74,0.0,0.725,0.7445,0.73454983,0.0,None,0.0,BTC-27DEC19-2000-C,7520.18,0.0,0.7285,21.0,0.74,21.0,319.11,0.0,0.0,1.08908,0.0,1.0
7661.65,BTC-27MAR20,1575716341390,open,3.43,0.0,3.3515,3.5435,3.44159832,114.55,None,0.0,BTC-27MAR20-34000-P,7520.18,0.0,0.001,1.0,0.0,0.0,0.0,2.08311,-1.07605,-102.89667,1e-05,-0.97955
7534.44,BTC-27DEC19,1575716341390,open,5.88,0.8,5.7665,6.0425,5.90170512,232.7,3.59,0.0,BTC-27DEC19-52000-P,7520.18,0.0,0.001,1.0,0.0,0.0,0.0,0.03171,-0.18565,-28.31424,0.0,-0.99949
7535.4,BTC-27DEC19,1575716341390,open,0.27,69.4,0.256,0.2905,0.27226744,75.14,0.29,0.0,BTC-27DEC19-5500-C,7520.18,57.95,0.2705,11.0,0.285,11.0,118.43,1.19075,-2.25088,2.86373,5e-05,0.97017
7661.65,BTC-27MAR20,1575716341390,open,0.37,141.3,0.3235,0.423,0.36875783,70.11,0.3945,0.0,BTC-27MAR20-10000-P,7520.18,59.54,0.349,8.0,0.3805,10.0,76.05,14.89571,-4.70952,-24.64327,0.00012,-0.69009
7534.44,BTC-27DEC19,1575716341390,open,2.18,0.0,2.123,2.25,2.18540427,141.1,None,0.0,BTC-27DEC19-24000-P,7520.18,0.0,0.0,0.0,0.0,0.0,0.0,0.02529,-0.08977,-13.06745,0.0,-0.9996
7535.4,BTC-27DEC19,1575716341390,open,0.0,562.6,0.0005,0.0105,0.0,119.99,0.0005,0.0,BTC-27DEC19-40000-C,7520.18,0.0,0.0,0.0,0.0005,5.6,239.57,0.0,0.0,0.0,0.0,0.0
7661.65,BTC-27MAR20,1575716341390,open,4.21,1.0,4.119,4.338,4.22304512,116.52,4.54,0.0,BTC-27MAR20-40000-P,7520.18,0.0,0.001,1.0,0.0,0.0,0.0,1.33298,-0.70039,-121.27697,1e-05,-0.98785
7661.65,BTC-27MAR20,1575716341390,open,0.37,2.0,0.3465,0.3955,0.36865353,70.41,0.355,0.0,BTC-27MAR20-5000-C,7520.18,48.65,0.3525,11.0,0.39,11.0,90.12,7.29431,-2.31597,12.41628,6e-05,0.90214
7535.4,BTC-27DEC19,1575716341390,open,1.91,4.9,1.863,1.9795,1.91995937,161.09,2.217,0.0,BTC-27DEC19-22000-P,7520.18,0.0,0.0,0.0,0.0,0.0,0.0,0.20274,-0.8216,-11.96561,0.0,-0.99612
7535.4,BTC-27DEC19,1575716341391,open,0.15,141.6,0.1255,0.171,0.1471769,60.11,0.139,0.0,BTC-27DEC19-6500-C,7520.18,46.75,0.1415,11.0,0.1555,11.0,75.14,3.73031,-5.64079,2.96381,0.0002,0.86947
7661.65,BTC-27MAR20,1575716341391,open,0.26,99.0,0.22,0.315,0.26317264,67.87,0.278,0.0,BTC-27MAR20-9000-P,7520.18,60.46,0.2475,8.0,0.273,10.0,72.45,16.35477,-5.00567,-19.99927,0.00014,-0.59613
7535.4,BTC-27DEC19,1575716341391,open,0.01,1190.2,0.0005,0.025,0.0093269,63.97,0.011,0.0,BTC-27DEC19-9000-C,7520.18,62.28,0.0085,46.5,0.01,20.0,65.3,3.76671,-6.06143,0.50492,0.00019,0.13238
7535.4,BTC-27DEC19,1575716341391,open,0.6,11.0,0.592,0.6115,0.60184799,0.0,0.5835,0.0,BTC-27DEC19-3000-C,7520.18,0.0,0.596,17.0,0.608,17.0,232.46,0.0,0.0,1.63362,0.0,1.0
7535.4,BTC-27DEC19,1575716341391,open,0.41,21.6,0.391,0.4175,0.40349231,96.87,0.5285,0.0,BTC-27DEC19-4500-C,7520.18,0.0,0.396,13.0,0.41,13.0,144.98,0.39993,-0.97464,2.41343,1e-05,0.99166
7535.4,BTC-27DEC19,1575716341391,open,0.0,449.3,0.0005,0.0105,0.0,119.99,0.0005,0.0,BTC-27DEC19-44000-C,7520.18,0.0,0.0,0.0,0.0005,1.0,251.07,0.0,0.0,0.0,0.0,0.0
7661.65,BTC-27MAR20,1575716341391,open,0.0,97.3,0.0005,0.0175,0.00387717,114.42,0.003,0.0,BTC-27MAR20-34000-C,7520.18,108.53,0.0025,10.0,0.0045,35.0,116.61,2.07037,-1.06827,0.38217,1e-05,0.0203
7535.4,BTC-27DEC19,1575716341391,open,0.0,1038.8,0.0005,0.0105,2.793e-05,119.99,0.0015,0.0,BTC-27DEC19-20000-C,7520.18,0.0,0.0,0.0,0.0005,6.6,151.72,0.02597,-0.0784,0.00157,0.0,0.00041
7535.4,BTC-27DEC19,1575716341391,open,0.67,0.0,0.6585,0.678,0.66818874,0.0,None,0.0,BTC-27DEC19-2500-C,7520.18,0.0,0.662,19.0,0.674,19.0,271.17,0.0,0.0,1.36135,0.0,1.0
7661.65,BTC-27MAR20,1575716341391,open,0.0,64.4,0.0005,0.0205,0.0049927,114.42,0.0045,0.0,BTC-27MAR20-32000-C,7520.18,109.3,0.0035,1.0,0.004,1.0,111.16,2.50917,-1.29468,0.47725,1e-05,0.0255
7535.4,BTC-27DEC19,1575716341391,open,0.0,680.5,0.0005,0.0105,5.2e-07,119.99,0.0005,0.0,BTC-27DEC19-26000-C,7520.18,0.0,0.0,0.0,0.001,33.2,199.1,0.00073,-0.0022,4e-05,0.0,1e-05
7661.65,BTC-27MAR20,1575716341391,open,0.17,300.7,0.1315,0.218,0.17048287,65.94,0.165,0.0,BTC-27MAR20-8000-P,7520.18,63.21,0.1645,17.0,0.1755,10.0,68.23,16.8131,-4.99939,-15.02193,0.00014,-0.47496
7535.4,BTC-27DEC19,1575716341392,open,0.26,0.0,0.2385,0.2995,0.26662913,68.58,None,0.0,BTC-27DEC19-9500-P,7520.18,0.0,0.0,0.0,0.0,0.0,0.0,2.75325,-4.74994,-4.84571,0.00013,-0.91429
7535.4,BTC-27DEC19,1575716341392,open,4.82,0.0,4.7255,4.9585,4.83985008,260.08,3.46,0.0,BTC-27DEC19-44000-P,7520.18,0.0,0.001,1.0,0.0,0.0,0.0,0.23633,-1.54618,-23.94389,0.0,-0.99539
7662.61,BTC-27MAR20,1575716341392,open,0.13,764.9,0.092,0.168,0.12631319,65.91,0.131,0.0,BTC-27MAR20-8000-C,7520.18,64.63,0.1235,21.0,0.13,10.0,67.59,16.81497,-4.99794,9.28302,0.00014,0.52513
7535.4,BTC-27DEC19,1575716341391,open,2.71,0.2,2.6435,2.792,2.7163029,195.65,2.2765,0.0,BTC-27DEC19-28000-P,7520.18,0.0,0.0,0.0,0.0,0.0,0.0,0.21134,-1.04023,-15.23251,0.0,-0.99594
7662.61,BTC-27MAR20,1575716341392,open,0.0,657.7,0.0005,0.012,0.00224441,116.55,0.004,0.0,BTC-27MAR20-40000-C,7520.18,115.09,0.002,0.4,0.0025,1.1,117.96,1.33612,-0.70224,0.23124,1e-05,0.01218
7535.4,BTC-27DEC19,1575716341391,open,3.23,0.3,3.164,3.3335,3.24720316,215.05,2.744,0.0,BTC-27DEC19-32000-P,7520.18,0.0,0.0,0.0,0.0,0.0,0.0,0.22035,-1.19205,-17.41017,0.0,-0.99574
7662.61,BTC-27MAR20,1575716341391,open,3.69,0.0,3.6075,3.808,3.70179658,117.03,None,0.0,BTC-27MAR20-36000-P,7520.18,0.0,0.001,1.0,0.0,0.0,0.0,1.9523,-1.03032,-109.00117,1e-05,-0.98106
7662.61,BTC-27MAR20,1575716341391,open,0.1,261.3,0.067,0.1395,0.09897137,65.96,0.0955,0.0,BTC-27MAR20-7000-P,7520.18,62.98,0.093,20.0,0.101,12.0,66.98,15.35697,-4.56824,-10.06411,0.00013,-0.3334
7662.61,BTC-27MAR20,1575716341392,open,3.17,0.0,3.096,3.2805,3.18167144,116.05,None,0.0,BTC-27MAR20-32000-P,7520.18,0.0,0.001,1.0,0.0,0.0,0.0,2.69311,-1.40939,-96.68936,1e-05,-0.97225
7662.61,BTC-27MAR20,1575716341392,open,0.6,54.9,0.5555,0.6595,0.60237213,75.19,0.77,0.0,BTC-27MAR20-12000-P,7520.18,0.0,0.55,0.1,0.88,1.0,209.82,11.48713,-3.89479,-32.85851,9e-05,-0.80928
7535.4,BTC-27DEC19,1575716341392,open,0.8,12.1,0.791,0.8105,0.8009142,0.0,0.8415,0.0,BTC-27DEC19-1500-C,7520.18,0.0,0.795,23.0,0.8065,23.0,387.87,0.0,0.0,0.81681,0.0,1.0
7535.4,BTC-27DEC19,1575716341392,open,0.0,255.7,0.0005,0.0105,0.0,120.01,0.001,0.0,BTC-27DEC19-1500-P,7520.18,0.0,0.0,0.0,0.0005,70.9,273.53,0.0,0.0,0.0,0.0,0.0
7788.86,SYN.BTC-26JUN20,1575716341390,open,0.02,15.4,0.0075,0.059,0.02324808,99.97,0.0165,0.0,BTC-26JUN20-28000-C,7520.18,93.77,0.0165,5.5,0.03,17.0,105.24,9.29954,-2.30258,2.81643,3e-05,0.08863
7535.4,BTC-27DEC19,1575716341392,open,3.76,1.3,3.6845,3.8755,3.77805915,230.75,3.212,0.0,BTC-27DEC19-36000-P,7520.18,0.0,0.0,0.0,0.0,0.0,0.0,0.21786,-1.26462,-19.58867,0.0,-0.99579
7535.4,BTC-27DEC19,1575716341392,open,1.38,9.4,1.3425,1.439,1.38914016,135.05,1.1125,0.0,BTC-27DEC19-18000-P,7520.18,0.0,0.0,0.0,0.0,0.0,0.0,0.23544,-0.79986,-9.78459,1e-05,-0.99541
7662.61,BTC-27MAR20,1575716341393,open,0.49,7.4,0.471,0.5055,0.48616734,76.92,0.499,0.0,BTC-27MAR20-4000-C,7520.18,0.0,0.4755,12.0,0.4995,12.0,98.41,3.67397,-1.27446,11.01831,3e-05,0.95953
7535.4,BTC-27DEC19,1575716341393,open,0.0,832.1,0.0005,0.0105,2.329e-05,120.02,0.0005,0.0,BTC-27DEC19-3000-P,7520.18,0.0,0.0,0.0,0.0005,51.0,159.43,0.01965,-0.05933,-0.00134,0.0,-0.0003
7535.4,BTC-27DEC19,1575716341392,open,2.97,0.2,2.904,3.0625,2.981716,204.34,2.51,0.0,BTC-27DEC19-30000-P,7520.18,0.0,0.0,0.0,0.0,0.0,0.0,0.20449,-1.05113,-16.32219,0.0,-0.99608
7535.4,BTC-27DEC19,1575716341393,open,4.29,0.0,4.205,4.417,4.30895461,246.11,2.58,0.0,BTC-27DEC19-40000-P,7520.18,0.0,0.001,1.0,0.0,0.0,0.0,0.22706,-1.40582,-21.76629,0.0,-0.9956
7662.61,BTC-27MAR20,1575716341393,open,1.61,5.2,1.562,1.6895,1.61997026,93.48,1.108,0.0,BTC-27MAR20-20000-P,7520.18,0.0,0.001,1.0,0.0,0.0,0.0,4.65152,-1.96093,-59.71989,3e-05,-0.94569
7662.61,BTC-27MAR20,1575716341393,open,0.06,485.0,0.0355,0.1025,0.06354798,70.09,0.0635,0.0,BTC-27MAR20-10000-C,7520.18,68.77,0.061,24.0,0.066,10.1,71.35,14.89811,-4.70894,5.73513,0.00012,0.30994
7535.4,BTC-27DEC19,1575716341393,open,0.33,521.3,0.3025,0.3645,0.33119388,73.71,0.361,0.0,BTC-27DEC19-10000-P,7520.18,0.0,0.2255,2.5,0.45,0.1,238.75,2.08011,-3.85684,-5.2183,9e-05,-0.94053
7662.61,BTC-27MAR20,1575716341393,open,0.02,432.2,0.007,0.0465,0.02023317,77.41,0.023,0.0,BTC-27MAR20-14000-C,7520.18,73.23,0.016,21.0,0.0245,28.0,81.21,8.20731,-2.865,2.21038,6e-05,0.11519
7788.86,SYN.BTC-26JUN20,1575716341390,open,1.84,0.0,1.78,1.9375,1.85028218,88.27,None,0.0,BTC-26JUN20-22000-P,7520.18,0.0,0.11,1.0,3.0,0.1,500.0,10.53497,-2.30332,-118.26264,4e-05,-0.89497
7523.72,SYN.BTC-13DEC19,1575716341390,open,0.1,3.5,0.077,0.128,0.10085424,59.79,0.148,0.0,BTC-13DEC19-8250-P,7520.18,0.0,0.0,0.0,0.0,0.0,0.0,1.90558,-9.69603,-1.18839,0.00035,-0.88036
7662.61,BTC-27MAR20,1575716341394,open,2.13,0.0,2.073,2.2165,2.13873549,100.05,None,0.0,BTC-27MAR20-24000-P,7520.18,0.0,0.001,1.0,0.0,0.0,0.0,3.36597,-1.51866,-72.21315,2e-05,-0.96365
7535.4,BTC-27DEC19,1575716341394,open,0.2,863.4,0.1755,0.2365,0.20385164,64.29,0.2325,0.0,BTC-27DEC19-9000-P,7520.18,0.0,0.168,0.2,0.35,1.0,239.06,3.79344,-6.13528,-4.39099,0.00019,-0.86625
7662.61,BTC-27MAR20,1575716341394,open,0.01,254.2,0.0005,0.0265,0.00805547,97.03,0.0075,0.0,BTC-27MAR20-22000-C,7520.18,94.88,0.007,7.0,0.009,26.6,98.8,3.93894,-1.72345,0.83915,2e-05,0.04411
7583.37,SYN.BTC-31JAN20,1575716341390,open,0.14,48.3,0.1105,0.173,0.13565706,62.12,0.134,0.0,BTC-31JAN20-7000-C,7520.18,46.35,0.114,10.0,0.142,12.0,66.65,10.58776,-5.99308,6.14499,0.0002,0.67464
7535.4,BTC-27DEC19,1575716341394,open,0.0,1585.7,0.0005,0.0145,0.00430003,66.32,0.004,0.0,BTC-27DEC19-6000-P,7520.18,63.31,0.0035,48.2,0.005,30.0,68.72,2.11122,-3.5222,-0.26633,0.0001,-0.06061
7788.86,SYN.BTC-26JUN20,1575716341390,open,1.34,2.7,1.2835,1.428,1.34778381,83.14,1.33,0.0,BTC-26JUN20-18000-P,7520.18,0.0,1.25,0.1,1.45,0.1,127.36,13.37655,-2.75442,-94.77056,5e-05,-0.85214
7535.4,BTC-27DEC19,1575716341395,open,0.85,268.3,0.822,0.9005,0.85887653,111.01,0.78,0.0,BTC-27DEC19-14000-P,7520.18,0.0,0.0,0.0,0.0,0.0,0.0,0.54344,-1.51756,-7.57893,2e-05,-0.98815
7662.61,BTC-27MAR20,1575716341395,open,0.02,238.3,0.009,0.0425,0.02125958,70.43,0.022,0.0,BTC-27MAR20-5000-P,7520.18,68.55,0.0195,29.0,0.023,20.0,72.23,7.29473,-2.31679,-2.77242,6e-05,-0.09785
7523.72,SYN.BTC-13DEC19,1575716341390,open,0.0,152.4,0.0005,0.0105,0.00073827,86.42,0.001,0.0,BTC-13DEC19-9500-C,7520.18,81.86,0.0005,1.5,0.001,20.1,90.42,0.44482,-3.27117,0.02226,6e-05,0.01912
7535.4,BTC-27DEC19,1575716341395,open,0.0,488.2,0.0005,0.0105,0.00017706,120.02,0.0005,0.0,BTC-27DEC19-3500-P,7520.18,0.0,0.0,0.0,0.0005,10.1,134.34,0.1115,-0.33665,-0.00893,0.0,-0.002
7535.4,BTC-27DEC19,1575716341395,open,5.35,0.0,5.246,5.5005,5.37074554,272.89,None,0.0,BTC-27DEC19-48000-P,7520.18,0.0,0.0005,1.0,0.0,0.0,0.0,0.24557,-1.6858,-26.1215,0.0,-0.99519
7523.72,SYN.BTC-13DEC19,1575716341390,open,0.0,228.1,0.0005,0.0115,0.00170727,69.93,0.0015,0.0,BTC-13DEC19-6500-P,7520.18,68.15,0.0015,4.5,0.002,24.3,72.25,0.90888,-5.40871,-0.05687,0.00014,-0.04525
7523.72,SYN.BTC-13DEC19,1575716341392,open,0.11,6.1,0.0855,0.1265,0.10525746,59.55,0.095,0.0,BTC-13DEC19-6750-C,7520.18,0.0,0.0955,7.0,0.116,7.0,100.26,1.28497,-6.5115,0.99861,0.00024,0.92977
7788.86,SYN.BTC-26JUN20,1575716341391,open,0.13,274.8,0.085,0.1785,0.12573207,72.55,0.125,0.0,BTC-26JUN20-10000-C,7520.18,71.44,0.1225,6.0,0.1295,8.0,73.84,22.68098,-4.07566,12.82077,9e-05,0.42334
7523.72,SYN.BTC-13DEC19,1575716341393,open,0.0,178.7,0.0005,0.011,0.00127516,75.77,0.001,0.0,BTC-13DEC19-9000-C,7520.18,72.73,0.001,34.1,0.0015,30.2,77.96,0.73257,-4.72318,0.04049,0.00011,0.03471
7788.86,SYN.BTC-26JUN20,1575716341391,open,0.03,906.4,0.0115,0.068,0.03072482,86.03,0.0305,0.0,BTC-26JUN20-20000-C,7520.18,84.54,0.0285,5.0,0.033,21.0,87.5,11.87323,-2.52989,4.0284,4e-05,0.12424
7523.72,SYN.BTC-13DEC19,1575716341390,open,0.26,0.0,0.238,0.2925,0.26342338,86.62,None,0.0,BTC-13DEC19-9500-P,7520.18,0.0,0.0,0.0,0.0,0.0,0.0,0.44943,-3.31262,-1.50676,6e-05,-0.98065
7523.72,SYN.BTC-13DEC19,1575716341390,open,0.05,227.6,0.029,0.076,0.04927494,54.99,0.0535,0.0,BTC-13DEC19-7250-C,7520.18,49.63,0.047,24.0,0.0495,4.0,55.51,3.24444,-15.18105,0.80549,0.00065,0.71433
7788.86,SYN.BTC-26JUN20,1575716341390,open,0.41,123.5,0.3545,0.476,0.40962525,72.55,0.45,0.0,BTC-26JUN20-10000-P,7520.18,65.94,0.3905,6.0,0.423,8.0,77.13,22.6811,-4.07584,-42.48751,9e-05,-0.57665
7788.86,SYN.BTC-26JUN20,1575716341390,open,0.02,12.5,0.0075,0.055,0.02222065,90.55,0.024,0.0,BTC-26JUN20-24000-C,7520.18,89.1,0.0205,5.0,0.024,5.0,91.98,9.48546,-2.12721,2.96373,3e-05,0.09102
7788.86,SYN.BTC-26JUN20,1575716341391,open,0.05,129.5,0.022,0.0915,0.04819533,81.37,0.047,0.0,BTC-26JUN20-16000-C,7520.18,81.02,0.0475,13.5,0.049,15.1,81.77,15.5918,-3.14218,6.00163,6e-05,0.18751
7583.37,SYN.BTC-31JAN20,1575716341390,open,0.06,48.2,0.0325,0.0885,0.05414443,63.36,0.0535,0.0,BTC-31JAN20-8500-C,7520.18,61.88,0.052,35.8,0.0555,2.0,64.28,11.06534,-6.38759,3.55889,0.0002,0.3663
7523.72,SYN.BTC-13DEC19,1575716341392,open,0.03,399.2,0.0125,0.0555,0.02938974,54.99,0.0295,0.0,BTC-13DEC19-7500-C,7520.18,51.25,0.0275,8.5,0.0295,14.0,55.21,3.79604,-17.76365,0.60866,0.00076,0.53194
7788.86,SYN.BTC-26JUN20,1575716341390,open,0.62,7.8,0.5685,0.6985,0.62711567,75.55,0.64,0.0,BTC-26JUN20-12000-P,7520.18,0.0,0.175,0.2,1.9995,1.1,500.0,20.51096,-3.83777,-56.62625,8e-05,-0.68736
7523.72,SYN.BTC-13DEC19,1575716341391,open,0.14,41.0,0.119,0.1585,0.13776483,69.87,0.104,0.0,BTC-13DEC19-6500-C,7520.18,0.0,0.1285,7.0,0.152,7.0,130.61,0.90653,-5.38958,0.98967,0.00014,0.95489
7583.37,SYN.BTC-31JAN20,1575716341393,open,0.59,0.0,0.555,0.635,0.59141186,75.22,None,0.0,BTC-31JAN20-12000-P,7520.18,0.0,0.001,1.0,0.0,0.0,0.0,4.23293,-2.90103,-17.26976,7e-05,-0.92332
7523.72,SYN.BTC-13DEC19,1575716341392,open,0.17,0.3,0.1525,0.1905,0.17048896,79.58,0.1885,0.0,BTC-13DEC19-6250-C,7520.18,0.0,0.1595,7.0,0.1835,7.0,146.76,0.6414,-4.34352,0.96888,9e-05,0.97045
7523.72,SYN.BTC-13DEC19,1575716341392,open,0.07,37.7,0.048,0.1005,0.07104687,55.69,0.087,0.0,BTC-13DEC19-8000-P,7520.18,0.0,0.0485,6.0,0.091,6.0,102.55,2.69092,-12.75185,-1.05218,0.00053,-0.79769
7788.86,SYN.BTC-26JUN20,1575716341390,open,0.63,17.8,0.612,0.6445,0.6258389,85.26,0.623,0.0,BTC-26JUN20-3000-C,7520.18,60.46,0.6165,10.0,0.634,10.0,97.83,4.3971,-0.92856,14.64296,2e-05,0.96575
7523.72,SYN.BTC-13DEC19,1575716341390,open,0.0,294.8,0.0005,0.0175,0.00431191,59.75,0.0045,0.0,BTC-13DEC19-8250-C,7520.18,56.4,0.0035,20.0,0.005,39.0,62.39,1.90368,-9.67987,0.13948,0.00035,0.11948
7583.37,SYN.BTC-31JAN20,1575716341393,open,0.01,88.1,0.0005,0.0255,0.00898748,75.19,0.01,0.0,BTC-31JAN20-12000-C,7520.18,73.37,0.008,38.0,0.01,18.0,76.96,4.22951,-2.89774,0.7708,7e-05,0.07659
7788.86,SYN.BTC-26JUN20,1575716341393,open,2.1,0.0,2.0295,2.1945,2.10356427,90.56,None,0.0,BTC-26JUN20-24000-P,7520.18,0.0,0.001,1.0,0.0,0.0,0.0,9.49001,-2.12861,-129.77477,3e-05,-0.90892
7523.72,SYN.BTC-13DEC19,1575716341391,open,0.0,124.7,0.0005,0.011,0.00120284,79.67,0.001,0.0,BTC-13DEC19-6250-P,7520.18,77.17,0.001,0.1,0.0015,61.9,82.92,0.64386,-4.36514,-0.03741,9e-05,-0.02968
7583.37,SYN.BTC-31JAN20,1575716341390,open,0.18,0.0,0.154,0.2125,0.17922961,63.22,None,0.0,BTC-31JAN20-6500-C,7520.18,46.49,0.161,10.0,0.186,10.0,68.94,8.84528,-5.09541,6.77875,0.00016,0.7738
7583.37,SYN.BTC-31JAN20,1575716341392,open,0.06,37.0,0.038,0.095,0.05873795,62.13,0.06,0.0,BTC-31JAN20-7000-P,7520.18,61.24,0.0575,9.0,0.06,1.0,63.03,10.58785,-5.99369,-4.37929,0.0002,-0.32537
7583.37,SYN.BTC-31JAN20,1575716341391,open,0.17,7.1,0.1425,0.2185,0.17502836,63.36,0.196,0.0,BTC-31JAN20-8500-P,7520.18,0.0,0.0,0.0,0.185,2.0,70.13,11.06557,-6.3884,-9.22023,0.0002,-0.63368
7788.86,SYN.BTC-26JUN20,1575716341390,open,2.61,0.0,2.533,2.723,2.61814897,99.99,None,0.0,BTC-26JUN20-28000-P,7520.18,0.0,0.001,1.0,0.0,0.0,0.0,9.30461,-2.30428,-152.04531,3e-05,-0.91131
7523.72,SYN.BTC-13DEC19,1575716341394,open,0.16,0.0,0.1405,0.1915,0.16427079,66.04,None,0.0,BTC-13DEC19-8750-P,7520.18,0.0,0.0,0.0,0.0,0.0,0.0,0.80894,-4.54588,-1.36265,0.00013,-0.96082
7788.86,SYN.BTC-26JUN20,1575716341392,open,0.15,260.1,0.108,0.199,0.14835553,70.02,0.1515,0.0,BTC-26JUN20-7000-P,7520.18,68.38,0.144,6.0,0.1535,11.0,71.95,20.73673,-3.59601,-20.21125,9e-05,-0.32081
7583.37,SYN.BTC-31JAN20,1575716341394,open,0.13,17.0,0.1,0.1725,0.12840757,62.14,0.149,0.0,BTC-31JAN20-8000-P,7520.18,58.95,0.1235,17.0,0.1315,2.0,64.15,11.67023,-6.60809,-7.62536,0.00022,-0.54042
7788.86,SYN.BTC-26JUN20,1575716341390,open,0.02,357.2,0.009,0.04,0.02024572,73.13,0.0245,0.0,BTC-26JUN20-4000-P,7520.18,71.3,0.0185,24.0,0.022,8.0,74.92,7.53414,-1.36471,-3.76592,3e-05,-0.06717
7523.72,SYN.BTC-13DEC19,1575716341390,open,0.03,198.6,0.01,0.0535,0.0262464,55.01,0.025,0.0,BTC-13DEC19-7500-P,7520.18,49.57,0.0235,39.5,0.0265,12.0,55.51,3.79604,-17.7696,-0.59868,0.00076,-0.46806
7788.86,SYN.BTC-26JUN20,1575716341393,open,0.06,524.0,0.0325,0.1095,0.06288591,78.48,0.0615,0.0,BTC-26JUN20-14000-C,7520.18,76.99,0.0595,5.0,0.066,19.0,79.82,17.92345,-3.4837,7.54182,7e-05,0.23796
7788.86,SYN.BTC-26JUN20,1575716341391,open,0.32,17.2,0.283,0.3615,0.31890057,70.26,0.313,0.0,BTC-26JUN20-6000-C,7520.18,58.84,0.294,9.0,0.3525,9.0,85.17,17.30382,-3.01107,19.71573,7e-05,0.77657
7523.72,SYN.BTC-13DEC19,1575716341394,open,0.19,0.0,0.173,0.226,0.19750316,75.88,None,0.0,BTC-13DEC19-9000-P,7520.18,0.0,0.0,0.0,0.0,0.0,0.0,0.73639,-4.75499,-1.40805,0.00011,-0.96507
7523.72,SYN.BTC-13DEC19,1575716341393,open,0.0,690.8,0.0005,0.0125,0.00242846,59.6,0.0025,0.0,BTC-13DEC19-6750-P,7520.18,56.97,0.002,20.6,0.003,0.1,62.77,1.28714,-6.52787,-0.08819,0.00024,-0.07039
7788.86,SYN.BTC-26JUN20,1575716341391,open,0.02,27.7,0.005,0.0485,0.01744302,101.73,0.0125,0.0,BTC-26JUN20-32000-C,7520.18,96.18,0.0125,23.5,0.015,2.0,99.13,7.62293,-1.92077,2.18654,2e-05,0.0682
7788.86,SYN.BTC-26JUN20,1575716341396,open,0.51,0.5,0.487,0.5315,0.50668845,73.13,0.589,0.0,BTC-26JUN20-4000-C,7520.18,56.39,0.4935,9.0,0.5245,9.0,89.31,7.53364,-1.36456,18.35784,3e-05,0.93283
7788.86,SYN.BTC-26JUN20,1575716341418,open,0.09,264.9,0.058,0.131,0.08923648,70.26,0.085,0.0,BTC-26JUN20-6000-P,7520.18,68.8,0.086,0.2,0.092,2.0,71.5,17.30392,-3.01119,-13.46963,7e-05,-0.22344
7662.54,BTC-27MAR20,1575716341433,open,3.43,0.0,3.3515,3.544,3.44159832,116.36,None,0.0,BTC-27MAR20-34000-P,7520.18,0.0,0.001,1.0,0.0,0.0,0.0,2.26752,-1.18981,-102.85846,1e-05,-0.9774
7662.54,BTC-27MAR20,1575716341437,open,4.21,1.0,4.119,4.338,4.22304512,119.7,4.54,0.0,BTC-27MAR20-40000-P,7520.18,0.0,0.001,1.0,0.0,0.0,0.0,1.58238,-0.85416,-121.22897,1e-05,-0.98518
7535.44,BTC-27DEC19,1575716341555,open,5.88,0.8,5.7665,6.042,5.90170512,287.58,3.59,0.0,BTC-27DEC19-52000-P,7520.18,0.0,0.001,1.0,0.0,0.0,0.0,0.27666,-2.0015,-28.29752,0.0,-0.9945
148.15,SYN.ETH-20DEC19,1575716341692,open,0.09,0.0,0.063,0.135,0.097913,61.19,None,0.0,ETH-20DEC19-160-P,147.94,54.73,0.094,40.0,0.104,40.0,70.7,0.09206,-0.21876,-0.04325,0.01943,-0.72968
148.15,SYN.ETH-20DEC19,1575716341694,open,0.02,171.0,0.006,0.047,0.022642,61.66,0.024,0.0,ETH-20DEC19-140-P,147.94,54.36,0.018,160.0,0.026,160.0,66.82,0.0956,-0.22892,-0.01646,0.02002,-0.2923
148.15,SYN.ETH-20DEC19,1575716341694,open,0.05,1.0,0.024,0.085,0.05221,60.66,0.05,0.0,ETH-20DEC19-150-P,147.94,53.69,0.047,120.0,0.057,120.0,67.06,0.11086,-0.26114,-0.02994,0.0236,-0.52063
148.02,SYN.ETH-13DEC19,1575716341708,open,0.03,164.0,0.012,0.069,0.037741,60.05,0.034,0.0,ETH-13DEC19-150-P,147.94,44.53,0.03,120.0,0.041,120.0,66.54,0.07423,-0.37932,-0.0141,0.03505,-0.55419
7529.08,SYN.BTC-20DEC19,1575716341715,open,0.06,0.6,0.0375,0.0905,0.05809982,55.01,0.0575,0.0,BTC-20DEC19-7750-P,7520.18,48.68,0.0535,12.0,0.0575,12.0,54.19,5.49638,-11.74097,-1.72206,0.0005,-0.59028
148.15,SYN.ETH-20DEC19,1575716341715,open,0.09,0.0,0.063,0.135,0.097913,61.19,None,0.0,ETH-20DEC19-160-P,147.94,53.01,0.093,40.0,0.104,40.0,70.7,0.09206,-0.21876,-0.04325,0.01943,-0.72968
7529.08,SYN.BTC-20DEC19,1575716341717,open,0.04,22.4,0.025,0.0725,0.04306839,54.99,0.0455,0.0,BTC-20DEC19-7500-C,7520.18,48.87,0.0385,22.0,0.0425,12.0,54.23,5.6191,-11.99997,1.30788,0.00051,0.5355
148.27,ETH-27DEC19,1575716341717,open,0.09,100.0,0.059,0.123,0.091911,66.27,0.091,0.0,ETH-27DEC19-140-C,147.94,58.03,0.085,120.0,0.095,120.0,69.97,0.12483,-0.2081,0.04693,0.01573,0.67309
7535.44,BTC-27DEC19,1575716341719,open,0.06,673.8,0.033,0.081,0.05488104,56.56,0.0525,0.0,BTC-27DEC19-7500-C,7520.18,54.53,0.053,27.4,0.0565,2.0,58.31,6.9789,-9.93057,1.99269,0.0004,0.54051
7535.44,BTC-27DEC19,1575716341721,open,0.02,932.8,0.009,0.045,0.02329778,57.06,0.0225,0.0,BTC-27DEC19-7000-P,7520.18,55.36,0.022,31.0,0.024,16.0,57.97,5.78786,-8.30753,-1.19355,0.00033,-0.26758
148.02,SYN.ETH-13DEC19,1575716341727,open,0.13,8.0,0.096,0.155,0.125766,77.54,0.114,0.0,ETH-13DEC19-130-C,147.94,0.0,0.12,40.0,0.129,40.0,91.75,0.02936,-0.19376,0.01879,0.01074,0.91446
148.15,SYN.ETH-20DEC19,1575716341734,open,0.08,0.0,0.047,0.108,0.077591,61.53,None,0.0,ETH-20DEC19-140-C,147.94,52.69,0.072,40.0,0.081,40.0,66.77,0.09555,-0.22831,0.03295,0.02006,0.70802
148.15,SYN.ETH-20DEC19,1575716341736,open,0.08,0.0,0.047,0.108,0.077591,61.53,None,0.0,ETH-20DEC19-140-C,147.94,52.69,0.072,40.0,0.082,40.0,68.29,0.09555,-0.22831,0.03295,0.02006,0.70802
148.02,SYN.ETH-13DEC19,1575716341738,open,0.07,26.0,0.034,0.093,0.064232,60.08,0.066,0.0,ETH-13DEC19-140-C,147.94,44.91,0.059,40.0,0.068,40.0,69.72,0.05575,-0.28502,0.01703,0.02631,0.77903
148.27,ETH-27DEC19,1575716341740,open,0.03,5154.0,0.011,0.057,0.031131,65.1,0.033,0.0,ETH-27DEC19-160-C,147.94,60.22,0.027,500.0,0.031,25.0,64.97,0.1261,-0.20651,0.02456,0.01618,0.33533
7535.44,BTC-27DEC19,1575716342397,open,5.88,0.8,5.7645,6.0405,5.90072511,120.0,3.59,0.0,BTC-27DEC19-52000-P,7520.65,0.0,0.001,1.0,0.0,0.0,0.0,0.0,0.0,-28.31606,0.0,-1.0
7535.91,BTC-27DEC19,1575716342397,open,2.18,0.0,2.1225,2.2495,2.18495196,161.91,None,0.0,BTC-27DEC19-24000-P,7520.65,0.0,0.0,0.0,0.0,0.0,0.0,0.11184,-0.4555,-13.06154,0.0,-0.99799
7662.54,BTC-27MAR20,1575716342397,open,4.21,1.0,4.118,4.339,4.22244668,116.55,4.54,0.0,BTC-27MAR20-40000-P,7520.65,0.0,0.001,1.0,0.0,0.0,0.0,1.33659,-0.70253,-121.27628,1e-05,-0.98782
7535.91,BTC-27DEC19,1575716342397,open,4.82,0.0,4.724,4.957,4.83907509,244.44,3.46,0.0,BTC-27DEC19-44000-P,7520.65,0.0,0.001,1.0,0.0,0.0,0.0,0.13605,-0.83659,-23.95101,0.0,-0.99751
7662.54,BTC-27MAR20,1575716342398,open,3.17,0.0,3.095,3.2805,3.18115616,114.42,None,0.0,BTC-27MAR20-32000-P,7520.65,0.0,0.001,1.0,0.0,0.0,0.0,2.51042,-1.29533,-96.72857,1e-05,-0.97449
7535.91,BTC-27DEC19,1575716342399,open,2.71,0.2,2.6425,2.791,2.71579493,183.9,2.2765,0.0,BTC-27DEC19-28000-P,7520.65,0.0,0.0,0.0,0.0,0.0,0.0,0.12296,-0.56885,-15.239,0.0,-0.99777
7662.54,BTC-27MAR20,1575716342399,open,3.69,0.0,3.606,3.8085,3.70117287,114.23,None,0.0,BTC-27MAR20-36000-P,7520.65,0.0,0.001,1.0,0.0,0.0,0.0,1.69653,-0.87391,-109.0525,1e-05,-0.98393
7662.54,BTC-27MAR20,1575716342399,open,3.43,0.0,3.3505,3.5445,3.44105017,114.42,None,0.0,BTC-27MAR20-34000-P,7520.65,0.0,0.001,1.0,0.0,0.0,0.0,2.07144,-1.06883,-102.89908,1e-05,-0.97969
7535.91,BTC-27DEC19,1575716342399,open,4.29,0.0,4.2035,4.4155,4.30825008,231.32,2.58,0.0,BTC-27DEC19-40000-P,7520.65,0.0,0.001,1.0,0.0,0.0,0.0,0.1307,-0.76054,-21.77316,0.0,-0.99762
7535.91,BTC-27DEC19,1575716342399,open,2.44,0.0,2.3825,2.52,2.45038139,173.82,None,0.0,BTC-27DEC19-26000-P,7520.65,0.0,0.0,0.0,0.0,0.0,0.0,0.12071,-0.52779,-14.15003,0.0,-0.99782
7535.91,BTC-27DEC19,1575716342399,open,5.35,0.0,5.2445,5.499,5.36993391,258.22,None,0.0,BTC-27DEC19-48000-P,7520.65,0.0,0.0005,1.0,0.0,0.0,0.0,0.15072,-0.97905,-26.12822,0.0,-0.99721
7530.07,SYN.BTC-20DEC19,1575716342397,open,0.14,0.0,0.121,0.1635,0.14096159,58.13,None,0.0,BTC-20DEC19-6500-C,7520.65,0.0,0.1365,7.1,0.159,7.0,101.29,2.1118,-4.76702,2.06812,0.00018,0.91953
7535.91,BTC-27DEC19,1575716342400,open,1.65,3.6,1.602,1.7085,1.65416711,139.86,1.729,0.0,BTC-27DEC19-20000-P,7520.65,0.0,0.0,0.0,0.0,0.0,0.0,0.12885,-0.45333,-10.88202,0.0,-0.99765
7535.91,BTC-27DEC19,1575716342401,open,2.97,0.2,2.903,3.0615,2.98120874,193.32,2.51,0.0,BTC-27DEC19-30000-P,7520.65,0.0,0.0,0.0,0.0,0.0,0.0,0.12548,-0.61026,-16.32794,0.0,-0.99772
7663.01,BTC-27MAR20,1575716342401,open,2.39,0.0,2.3275,2.4815,2.39860479,103.04,None,0.0,BTC-27MAR20-26000-P,7520.65,0.0,0.001,1.0,0.0,0.0,0.0,2.94795,-1.36985,-78.39206,2e-05,-0.96906
7530.07,SYN.BTC-20DEC19,1575716342397,open,0.0,76.2,0.0005,0.0135,0.00328356,61.26,0.004,0.0,BTC-20DEC19-9000-C,7520.65,57.85,0.0025,40.0,0.004,20.0,64.02,1.853,-4.40816,0.17141,0.00015,0.06781
7535.91,BTC-27DEC19,1575716342401,open,3.76,1.3,3.6835,3.874,3.77745044,218.35,3.212,0.0,BTC-27DEC19-36000-P,7520.65,0.0,0.0,0.0,0.0,0.0,0.0,0.13366,-0.73418,-19.59473,0.0,-0.99756
7663.01,BTC-27MAR20,1575716342401,open,2.65,0.0,2.585,2.7555,2.66304605,115.72,None,0.0,BTC-27MAR20-28000-P,7520.65,0.0,0.001,1.0,0.0,0.0,0.0,3.88591,-2.02779,-84.25831,2e-05,-0.95663
7535.91,BTC-27DEC19,1575716342402,open,3.23,0.3,3.163,3.3325,3.24660008,200.79,2.744,0.0,BTC-27DEC19-32000-P,7520.65,0.0,0.0,0.0,0.0,0.0,0.0,0.12021,-0.60721,-17.41744,0.0,-0.99783
7530.07,SYN.BTC-20DEC19,1575716342397,open,0.01,706.3,0.0005,0.025,0.00729483,55.06,0.007,0.0,BTC-20DEC19-6750-P,7520.65,53.05,0.0065,20.0,0.0075,0.1,55.56,3.04963,-6.52017,-0.3744,0.00028,-0.13365
7530.07,SYN.BTC-20DEC19,1575716342397,open,0.01,46.9,0.0005,0.0175,0.00497985,59.47,0.005,0.0,BTC-20DEC19-8750-C,7520.65,57.97,0.0045,19.0,0.0055,20.0,61.02,2.46015,-5.68137,0.2492,0.00021,0.0988
7530.07,SYN.BTC-20DEC19,1575716342397,open,0.02,49.1,0.011,0.052,0.02456579,55.07,0.0225,0.0,BTC-20DEC19-7250-P,7520.65,49.1,0.0205,28.0,0.0235,16.0,53.51,5.16983,-11.05565,-0.96285,0.00047,-0.33791
7530.07,SYN.BTC-20DEC19,1575716342397,open,0.0,83.7,0.0005,0.013,0.00322008,65.72,0.003,0.0,BTC-20DEC19-6250-P,7520.65,64.69,0.003,1.4,0.0035,41.0,66.97,1.64189,-4.19009,-0.16278,0.00012,-0.05806
7530.07,SYN.BTC-20DEC19,1575716342397,open,0.09,4.4,0.0635,0.1125,0.08436386,54.84,0.0855,0.0,BTC-20DEC19-7000-C,7520.65,39.42,0.0765,8.0,0.108,8.0,92.84,4.2263,-9.00013,1.83833,0.00039,0.77643
7530.07,SYN.BTC-20DEC19,1575716342397,open,0.18,0.0,0.154,0.194,0.17310534,65.21,None,0.0,BTC-20DEC19-6250-C,7520.65,29.89,0.17,7.0,0.1885,7.0,109.4,1.61323,-4.08545,2.04566,0.00012,0.94322
7530.07,SYN.BTC-20DEC19,1575716342397,open,0.0,64.3,0.0005,0.0115,0.00173153,78.72,0.0015,0.0,BTC-20DEC19-5750-P,7520.65,76.77,0.0015,2.7,0.002,21.3,80.8,0.93137,-2.84713,-0.08121,6e-05,-0.02884
7530.07,SYN.BTC-20DEC19,1575716342397,open,0.01,24.6,0.0005,0.0245,0.00728918,56.93,0.008,0.0,BTC-20DEC19-8500-C,7520.65,55.0,0.0065,38.0,0.008,20.0,58.59,3.14971,-6.96271,0.35284,0.00028,0.14012
7530.07,SYN.BTC-20DEC19,1575716342397,open,0.24,0.0,0.2215,0.257,0.23802597,77.9,None,0.0,BTC-20DEC19-5750-C,7520.65,0.0,0.229,7.0,0.2505,7.0,129.06,0.89909,-2.71973,1.95059,6e-05,0.97235
7530.07,SYN.BTC-20DEC19,1575716342397,open,0.01,13.5,0.0015,0.033,0.01120242,55.05,0.0105,0.0,BTC-20DEC19-8250-C,7520.65,53.72,0.0105,16.0,0.012,19.7,56.54,3.99361,-8.53795,0.50917,0.00036,0.20289
7530.07,SYN.BTC-20DEC19,1575716342397,open,0.01,112.5,0.0045,0.037,0.01409236,55.06,0.012,0.0,BTC-20DEC19-7000-P,7520.65,50.34,0.0115,31.0,0.0135,16.0,54.0,4.2346,-9.05343,-0.63336,0.00038,-0.22434
7530.07,SYN.BTC-20DEC19,1575716342397,open,0.0,30.3,0.0005,0.0115,0.00198238,69.87,0.003,0.0,BTC-20DEC19-6000-P,7520.65,66.37,0.0015,0.2,0.0025,20.0,73.11,1.12345,-3.04805,-0.10142,8e-05,-0.0362
7530.07,SYN.BTC-20DEC19,1575716342397,open,0.1,0.0,0.083,0.14,0.10695387,55.32,None,0.0,BTC-20DEC19-8250-P,7520.65,0.0,0.0955,0.1,0.0,0.0,0.0,4.00875,-8.61235,-2.39804,0.00036,-0.79582
7530.07,SYN.BTC-20DEC19,1575716342397,open,0.08,0.5,0.058,0.114,0.08086799,55.16,0.086,0.0,BTC-20DEC19-8000-P,7520.65,13.88,0.0625,7.0,0.0845,9.0,60.66,4.89622,-10.48743,-2.08174,0.00044,-0.70283
7530.07,SYN.BTC-20DEC19,1575716342397,open,0.2,0.0,0.173,0.228,0.19864878,61.89,None,0.0,BTC-20DEC19-9000-P,7520.65,0.0,0.0,0.0,0.0,0.0,0.0,1.89844,-4.56258,-2.99809,0.00015,-0.93002
7530.07,SYN.BTC-20DEC19,1575716342397,open,0.16,0.0,0.1415,0.197,0.16714048,59.93,None,0.0,BTC-20DEC19-8750-P,7520.65,0.0,0.0,0.0,0.0,0.0,0.0,2.49451,-5.8055,-2.83281,0.00021,-0.89931
7530.07,SYN.BTC-20DEC19,1575716342399,open,0.21,0.0,0.1875,0.2245,0.20507223,69.16,None,0.0,BTC-20DEC19-6000-C,7520.65,0.0,0.203,0.1,0.219,7.0,118.39,1.08928,-2.92532,2.01896,8e-05,0.96514
7530.07,SYN.BTC-20DEC19,1575716342397,open,0.13,0.0,0.1115,0.1675,0.13624523,57.28,None,0.0,BTC-20DEC19-8500-P,7520.65,0.0,0.0,0.0,0.0,0.0,0.0,3.17453,-7.06097,-2.64167,0.00028,-0.85825
7535.91,BTC-27DEC19,1575716342428,open,0.34,66.8,0.3235,0.3545,0.33795444,88.21,0.4645,0.0,BTC-27DEC19-5000-C,7520.65,0.0,0.3365,12.1,0.3445,12.0,123.05,0.78005,-1.73092,2.64273,3e-05,0.98196
7524.69,SYN.BTC-13DEC19,1575716342431,open,0.0,294.8,0.0005,0.0175,0.00431296,59.7,0.0045,0.0,BTC-13DEC19-8250-C,7520.65,56.35,0.0035,70.0,0.005,39.0,62.33,1.90518,-9.67864,0.13963,0.00035,0.11959
7530.07,SYN.BTC-20DEC19,1575716342434,open,0.11,0.6,0.091,0.137,0.11077092,54.77,0.0955,0.0,BTC-20DEC19-6750-C,7520.65,0.0,0.1035,7.1,0.1315,7.0,95.11,3.03157,-6.44734,2.01008,0.00028,0.86749
7584.32,SYN.BTC-31JAN20,1575716342436,open,0.01,88.1,0.0005,0.0255,0.00898807,75.18,0.01,0.0,BTC-31JAN20-12000-C,7520.65,73.35,0.008,46.0,0.01,18.0,76.94,4.23069,-2.898,0.77106,7e-05,0.07661
7789.64,SYN.BTC-26JUN20,1575716342774,open,0.09,256.2,0.0505,0.1365,0.08644532,75.53,0.087,0.0,BTC-26JUN20-12000-C,7520.65,74.6,0.084,5.1,0.089,20.0,76.5,20.51316,-3.83759,9.74539,8e-05,0.31264
148.15,SYN.ETH-20DEC19,1575716343017,open,0.0,30.0,0.001,0.013,0.002965,77.62,0.003,0.0,ETH-20DEC19-190-C,147.94,72.17,0.002,50.0,0.004,6.0,82.43,0.02923,-0.0881,0.00252,0.00486,0.05117
148.15,SYN.ETH-20DEC19,1575716343017,open,0.28,0.0,0.246,0.329,0.285534,78.2,None,0.0,ETH-20DEC19-190-P,147.94,0.0,0.01,50.0,0.0,0.0,0.0,0.02987,-0.09072,-0.06444,0.00493,-0.94741
7584.32,SYN.BTC-31JAN20,1575716343070,open,0.01,33.5,0.0015,0.029,0.01101714,73.28,0.012,0.0,BTC-31JAN20-11500-C,7520.65,71.66,0.01,46.0,0.012,16.0,74.77,4.88959,-3.26454,0.93382,8e-05,0.09291
7524.69,SYN.BTC-13DEC19,1575716343092,open,0.05,227.6,0.029,0.076,0.04928113,54.8,0.0535,0.0,BTC-13DEC19-7250-C,7520.65,49.42,0.047,24.0,0.05,4.0,56.46,3.23835,-15.1015,0.80704,0.00065,0.71553
7536.01,BTC-27DEC19,1575716343405,open,1.91,4.9,1.862,1.979,1.91936269,135.0,2.217,0.0,BTC-27DEC19-22000-P,7520.66,0.0,0.0,0.0,0.0,0.0,0.0,0.03645,-0.12379,-11.97764,0.0,-0.99941
7536.01,BTC-27DEC19,1575716343405,open,5.88,0.8,5.7655,6.0415,5.90072511,271.94,3.59,0.0,BTC-27DEC19-52000-P,7520.66,0.0,0.001,1.0,0.0,0.0,0.0,0.17054,-1.16668,-28.30507,0.0,-0.9968
7663.1,BTC-27MAR20,1575716343405,open,2.65,0.0,2.584,2.756,2.66240322,114.51,None,0.0,BTC-27MAR20-28000-P,7520.66,0.0,0.001,1.0,0.0,0.0,0.0,3.72341,-1.92268,-84.29626,2e-05,-0.95886
7663.11,BTC-27MAR20,1575716343407,open,2.91,0.0,2.8395,3.018,2.92163379,115.14,None,0.0,BTC-27MAR20-30000-P,7520.66,0.0,0.001,1.0,0.0,0.0,0.0,3.13815,-1.62937,-90.51158,2e-05,-0.96663
7663.11,BTC-27MAR20,1575716343408,open,1.87,5.6,1.817,1.953,1.8791702,97.44,1.545,0.0,BTC-27MAR20-22000-P,7520.66,0.0,0.001,1.0,0.0,0.0,0.0,4.00452,-1.75964,-65.97388,2e-05,-0.95498
7790.19,SYN.BTC-26JUN20,1575716343407,open,3.12,0.0,3.033,3.237,3.12546883,102.03,None,0.0,BTC-26JUN20-32000-P,7520.66,0.0,0.001,1.0,0.0,0.0,0.0,7.69989,-1.94572,-174.77486,2e-05,-0.93092
7790.19,SYN.BTC-26JUN20,1575716343406,open,2.61,0.0,2.5325,2.7225,2.61777289,100.18,None,0.0,BTC-26JUN20-28000-P,7520.66,0.0,0.001,1.0,0.0,0.0,0.0,9.35873,-2.32207,-152.02606,3e-05,-0.91064
7790.19,SYN.BTC-26JUN20,1575716343406,open,2.86,0.0,2.783,2.9815,2.87226066,101.98,None,0.0,BTC-26JUN20-30000-P,7520.66,0.0,0.001,1.0,0.0,0.0,0.0,8.69036,-2.19493,-163.35347,3e-05,-0.91905
7790.19,SYN.BTC-26JUN20,1575716343405,open,2.1,0.0,2.029,2.1945,2.10324329,90.72,None,0.0,BTC-26JUN20-24000-P,7520.66,0.0,0.001,1.0,0.0,0.0,0.0,9.53925,-2.1434,-129.75652,3e-05,-0.90831
7790.19,SYN.BTC-26JUN20,1575716343405,open,2.35,0.0,2.2795,2.453,2.3575497,93.11,None,0.0,BTC-26JUN20-26000-P,7520.66,0.0,0.001,1.0,0.0,0.0,0.0,8.74395,-2.01646,-141.14794,3e-05,-0.91839
7530.6,SYN.BTC-20DEC19,1575716343426,open,0.03,32.7,0.014,0.057,0.02880143,54.96,0.025,0.0,BTC-20DEC19-7750-C,7520.66,49.74,0.025,24.0,0.0285,17.0,54.55,5.4996,-11.73815,1.01365,0.0005,0.41038
7530.6,SYN.BTC-20DEC19,1575716343436,open,0.0,56.8,0.0005,0.016,0.00426972,58.51,0.005,0.0,BTC-20DEC19-6500-P,7520.66,57.55,0.004,7.6,0.0045,0.1,59.31,2.13512,-4.85139,-0.22821,0.00018,-0.08164
7530.6,SYN.BTC-20DEC19,1575716343439,open,0.18,0.0,0.1545,0.194,0.17320602,65.43,None,0.0,BTC-20DEC19-6250-C,7520.66,0.0,0.17,7.1,0.1885,7.0,109.29,1.62408,-4.12643,2.04426,0.00012,0.94274
7536.01,BTC-27DEC19,1575716343457,open,0.09,943.7,0.0655,0.123,0.091909,58.22,0.089,0.0,BTC-27DEC19-8000-P,7520.66,54.85,0.089,12.0,0.0935,0.4,60.04,6.54685,-9.58772,-3.02409,0.00036,-0.64502
148.27,ETH-27DEC19,1575716343481,open,0.01,13747.0,0.001,0.019,0.005968,83.14,0.007,0.0,ETH-27DEC19-200-C,147.93,80.05,0.005,5.0,0.007,201.0,86.16,0.04855,-0.10154,0.0055,0.00488,0.07414
148.27,ETH-27DEC19,1575716343481,open,0.06,317.0,0.03,0.091,0.055267,65.13,0.061,0.0,ETH-27DEC19-150-C,147.93,58.39,0.049,120.0,0.059,120.0,69.14,0.13803,-0.22614,0.0359,0.0177,0.49986
148.27,ETH-27DEC19,1575716343481,open,0.0,6174.0,0.001,0.011,0.0,120.0,0.001,0.0,ETH-27DEC19-720-C,147.93,0.0,0.0,0.0,0.004,285.0,284.18,0.0,0.0,0.0,0.0,0.0
150.67,ETH-27MAR20,1575716343481,open,0.3,1560.0,0.245,0.368,0.305491,80.75,0.36,0.0,ETH-27MAR20-180-P,147.93,74.48,0.292,300.0,0.328,300.0,91.09,0.32613,-0.11875,-0.40084,0.00586,-0.5703
150.67,ETH-27MAR20,1575716343481,open,0.09,1195.0,0.054,0.134,0.091619,89.84,0.078,0.0,ETH-27MAR20-120-P,147.93,74.02,0.065,320.0,0.118,2.0,105.09,0.25798,-0.10451,-0.15164,0.00416,-0.23971
148.27,ETH-27DEC19,1575716343481,open,0.0,13247.0,0.001,0.011,0.0,120.0,0.001,0.0,ETH-27DEC19-520-C,147.93,0.0,0.0,0.0,0.012,1931.0,278.83,1e-05,-3e-05,0.0,0.0,1e-05
148.27,ETH-27DEC19,1575716343481,open,1.02,1.0,0.965,1.09,1.024087,120.0,0.494,0.0,ETH-27DEC19-300-P,147.93,0.0,0.021,6.0,0.0,0.0,0.0,0.00819,-0.02473,-0.16272,0.00057,-0.99127
150.67,ETH-27MAR20,1575716343481,open,0.08,2169.0,0.044,0.125,0.082179,81.64,0.086,0.0,ETH-27MAR20-200-C,147.93,79.56,0.078,300.0,0.086,300.0,83.51,0.30527,-0.11238,0.11934,0.00542,0.34292
148.27,ETH-27DEC19,1575716343481,open,0.75,946.0,0.703,0.814,0.755542,112.36,0.715,0.0,ETH-27DEC19-260-P,147.93,0.0,0.001,9.0,0.0,0.0,0.0,0.01828,-0.05166,-0.13995,0.00136,-0.97783
150.67,ETH-27MAR20,1575716343481,open,0.15,858.0,0.104,0.197,0.150912,80.16,0.15,0.0,ETH-27MAR20-160-C,147.93,79.74,0.15,2.0,0.158,300.0,83.39,0.3301,-0.11932,0.17526,0.00597,0.53383
150.67,ETH-27MAR20,1575716343481,open,0.01,1165.0,0.001,0.03,0.010548,102.7,0.01,0.0,ETH-27MAR20-440-C,147.93,98.11,0.008,260.0,0.013,261.0,106.53,0.0906,-0.04196,0.01974,0.00128,0.05367
148.27,ETH-27DEC19,1575716343481,open,1.42,257.0,1.358,1.504,1.428093,120.0,0.995,0.0,ETH-27DEC19-360-P,147.93,0.0,0.021,5.0,0.0,0.0,0.0,0.00141,-0.00426,-0.19594,0.0001,-0.99877
148.27,ETH-27DEC19,1575716343481,open,3.3,0.0,3.191,3.449,3.31645,120.0,None,0.0,ETH-27DEC19-640-P,147.93,0.0,0.02,50.0,0.0,0.0,0.0,0.0,0.0,-0.34851,0.0,-1.0
148.27,ETH-27DEC19,1575716343481,open,0.33,0.0,0.306,0.353,0.329038,99.4,None,0.0,ETH-27DEC19-100-C,147.93,0.0,0.001,9.0,0.0,0.0,0.0,0.02664,-0.06661,0.05136,0.00224,0.96516
148.27,ETH-27DEC19,1575716343481,open,0.0,2232.0,0.001,0.011,0.00037,120.0,0.002,0.0,ETH-27DEC19-320-C,147.93,0.0,0.0,0.0,0.012,10.0,194.15,0.00461,-0.01392,0.00034,0.00032,0.00456
150.67,ETH-27MAR20,1575716343481,open,0.02,579.0,0.006,0.048,0.020991,100.87,0.02,0.0,ETH-27MAR20-360-C,147.93,94.06,0.015,260.0,0.02,261.0,99.82,0.14439,-0.06568,0.03558,0.00208,0.09874
150.67,ETH-27MAR20,1575716343481,open,0.01,1637.0,0.001,0.027,0.009051,106.19,0.013,0.0,ETH-27MAR20-480-C,147.93,102.0,0.007,220.0,0.011,221.0,109.65,0.07981,-0.03822,0.01681,0.00109,0.04578
148.27,ETH-27DEC19,1575716343481,open,0.0,11107.0,0.001,0.011,0.0,120.0,0.001,0.0,ETH-27DEC19-560-C,147.93,0.0,0.0,0.0,0.012,285.0,290.95,0.0,-1e-05,0.0,0.0,0.0
148.27,ETH-27DEC19,1575716343481,open,1.15,100.0,1.096,1.227,1.158595,120.0,0.883,0.0,ETH-27DEC19-320-P,147.93,0.0,0.011,5.0,0.0,0.0,0.0,0.00461,-0.01392,-0.17391,0.00032,-0.99544
148.27,ETH-27DEC19,1575716343481,open,0.0,4049.0,0.001,0.011,0.001985,112.36,0.002,0.0,ETH-27DEC19-260-C,147.93,102.5,0.001,1.0,0.003,201.0,119.53,0.01828,-0.05166,0.00163,0.00136,0.02217
148.27,ETH-27DEC19,1575716343481,open,0.88,310.0,0.834,0.952,0.889971,120.0,0.49,0.0,ETH-27DEC19-280-P,147.93,0.0,0.003,9.0,0.0,0.0,0.0,0.01427,-0.04308,-0.15126,0.00099,-0.98343
150.66,ETH-27MAR20,1575716343481,open,2.18,0.0,2.095,2.307,2.19461,105.38,None,0.0,ETH-27MAR20-480-P,147.93,0.0,0.004,50.0,0.0,0.0,0.0,0.07748,-0.03682,-1.44185,0.00107,-0.95587
150.66,ETH-27MAR20,1575716343481,open,0.01,386.0,0.001,0.018,0.005047,115.64,0.004,0.0,ETH-27MAR20-640-C,147.93,108.27,0.003,220.0,0.007,221.0,120.96,0.04942,-0.02577,0.00938,0.00062,0.02555
150.66,ETH-27MAR20,1575716343481,open,2.44,0.0,2.352,2.576,2.457615,105.32,None,0.0,ETH-27MAR20-520-P,147.93,0.0,0.006,50.0,0.0,0.0,0.0,0.06052,-0.02874,-1.56749,0.00083,-0.9674
150.66,ETH-27MAR20,1575716343481,open,1.15,7.0,1.076,1.246,1.155619,100.65,1.28,0.0,ETH-27MAR20-320-P,147.93,0.0,0.011,5.0,1.162,2.0,105.64,0.18476,-0.08385,-0.9225,0.00266,-0.86007
150.66,ETH-27MAR20,1575716343481,open,0.01,2330.0,0.001,0.021,0.006593,106.43,0.01,0.0,ETH-27MAR20-520-C,147.93,102.3,0.005,320.0,0.008,220.0,109.57,0.0634,-0.03043,0.01277,0.00086,0.0345
150.66,ETH-27MAR20,1575716343481,open,1.66,4.0,1.582,1.767,1.668641,100.39,2.048,0.0,ETH-27MAR20-400-P,147.93,0.0,0.055,10.0,2.393,1.0,500.0,0.10948,-0.04957,-1.19004,0.00158,-0.93163
148.27,ETH-27DEC19,1575716343481,open,0.06,63.0,0.039,0.107,0.066935,65.13,0.077,0.0,ETH-27DEC19-150-P,147.93,66.27,0.068,2.0,0.071,480.0,69.49,0.13803,-0.22614,-0.04578,0.0177,-0.50014
148.27,ETH-27DEC19,1575716343481,open,0.0,21058.0,0.001,0.011,0.0,120.0,0.007,0.0,ETH-27DEC19-600-C,147.93,0.0,0.0,0.0,0.001,600.0,220.28,0.0,0.0,0.0,0.0,0.0
148.27,ETH-27DEC19,1575716343481,open,0.0,1759.0,0.001,0.011,9e-05,120.0,0.001,0.0,ETH-27DEC19-360-C,147.93,0.0,0.0,0.0,0.2,10.0,486.4,0.00141,-0.00426,9e-05,0.0001,0.00123
150.66,ETH-27MAR20,1575716343482,open,0.09,852.0,0.047,0.137,0.089384,97.09,0.065,0.0,ETH-27MAR20-220-C,147.93,80.08,0.057,300.0,0.121,1.0,112.48,0.30071,-0.13165,0.11011,0.00449,0.32997
150.66,ETH-27MAR20,1575716343482,open,0.05,2262.0,0.02,0.089,0.049249,100.88,0.034,0.0,ETH-27MAR20-280-C,147.93,86.49,0.029,260.0,0.037,260.0,92.55,0.23343,-0.10619,0.06962,0.00336,0.20137
148.26,ETH-27DEC19,1575716343482,open,0.0,12762.0,0.001,0.011,0.0,120.01,0.001,0.0,ETH-27DEC19-680-C,147.93,0.0,0.0,0.0,0.007,466.0,297.26,0.0,0.0,0.0,0.0,0.0
150.66,ETH-27MAR20,1575716343481,open,0.55,30.0,0.476,0.627,0.549432,96.99,0.306,0.0,ETH-27MAR20-220-P,147.93,66.17,0.494,300.0,0.556,1.0,100.26,0.30058,-0.13147,-0.55826,0.00449,-0.67038
150.66,ETH-27MAR20,1575716343482,open,0.01,885.0,0.001,0.02,0.006046,109.94,0.009,0.0,ETH-27MAR20-560-C,147.93,103.92,0.004,220.0,0.008,221.0,114.54,0.05833,-0.02892,0.0115,0.00077,0.03118
148.26,ETH-27DEC19,1575716343481,open,0.0,2179.0,0.001,0.011,0.000752,120.01,0.001,0.0,ETH-27DEC19-300-C,147.93,0.0,0.0,0.0,0.003,200.0,143.45,0.00819,-0.02473,0.00064,0.00057,0.00873
148.26,ETH-27DEC19,1575716343482,open,0.0,980.0,0.001,0.011,0.000183,120.01,0.001,0.0,ETH-27DEC19-340-C,147.93,0.0,0.0,0.0,0.001,7.0,142.33,0.00256,-0.00773,0.00018,0.00018,0.00237
148.26,ETH-27DEC19,1575716343482,open,0.02,406.0,0.005,0.042,0.017534,66.96,0.022,0.0,ETH-27DEC19-170-C,147.93,63.13,0.015,160.0,0.021,500.0,71.95,0.10042,-0.16916,0.01575,0.01253,0.21257
148.26,ETH-27DEC19,1575716343482,open,0.35,3551.0,0.312,0.402,0.354858,82.88,0.332,0.0,ETH-27DEC19-200-P,147.93,0.0,0.027,6.0,0.0,0.0,0.0,0.04816,-0.1004,-0.10346,0.00485,-0.92664
150.66,ETH-27MAR20,1575716343482,open,0.01,1399.0,0.003,0.036,0.014009,100.87,0.013,0.0,ETH-27MAR20-400-C,147.93,96.51,0.011,260.0,0.016,261.0,103.47,0.11108,-0.05053,0.02547,0.0016,0.06966
148.26,ETH-27DEC19,1575716343482,open,0.02,53.0,0.005,0.039,0.016415,67.12,0.015,0.0,ETH-27DEC19-130-P,147.93,66.44,0.016,360.0,0.017,20.0,68.07,0.09061,-0.15298,-0.01581,0.01128,-0.17944
148.26,ETH-27DEC19,1575716343482,open,0.0,2053.0,0.001,0.011,0.001524,120.01,0.003,0.0,ETH-27DEC19-280-C,147.93,113.76,0.001,61.0,0.003,201.0,132.05,0.01427,-0.04308,0.00121,0.00099,0.01657
148.26,ETH-27DEC19,1575716343482,open,0.61,2355.0,0.572,0.675,0.620653,98.28,0.606,0.0,ETH-27DEC19-240-P,147.93,0.0,0.001,15.0,0.0,0.0,0.0,0.01922,-0.04752,-0.12894,0.00163,-0.97647
148.26,ETH-27DEC19,1575716343482,open,0.14,5.0,0.109,0.172,0.139636,67.21,0.134,0.0,ETH-27DEC19-130-C,147.93,59.28,0.135,40.0,0.144,40.0,74.12,0.0907,-0.15336,0.05495,0.01127,0.82027
148.26,ETH-27DEC19,1575716343482,open,0.2,22.0,0.17,0.227,0.199131,74.65,0.165,0.0,ETH-27DEC19-120-C,147.93,0.0,0.19,50.0,0.0,0.0,0.0,0.0592,-0.11117,0.05686,0.00663,0.90339
148.26,ETH-27DEC19,1575716343482,open,0.0,4535.0,0.001,0.011,0.0,120.0,0.002,0.0,ETH-27DEC19-760-C,147.93,0.0,0.0,0.0,0.003,572.0,281.96,0.0,0.0,0.0,0.0,0.0
148.26,ETH-27DEC19,1575716343482,open,0.11,13397.0,0.073,0.149,0.110244,65.06,0.115,0.0,ETH-27DEC19-160-P,147.93,60.02,0.106,340.0,0.116,460.0,71.76,0.12605,-0.20632,-0.06258,0.01619,-0.66495
148.26,ETH-27DEC19,1575716343482,open,0.0,10814.0,0.001,0.011,2.2e-05,120.01,0.001,0.0,ETH-27DEC19-400-C,147.93,0.0,0.0,0.0,0.001,1.0,165.39,0.00042,-0.00127,2e-05,3e-05,0.00033
148.26,ETH-27DEC19,1575716343482,open,1.69,15.0,1.62,1.781,1.697803,0.0,1.248,0.0,ETH-27DEC19-400-P,147.93,0.0,0.002,50.0,0.0,0.0,0.0,0.0,0.0,-0.21782,0.0,-1.0
150.66,ETH-27MAR20,1575716343482,open,0.3,40.0,0.25,0.339,0.29523,89.88,0.459,0.0,ETH-27MAR20-120-C,147.93,37.41,0.216,1.0,0.851,1.0,500.0,0.25801,-0.10458,0.2128,0.00416,0.76021
151.98,SYN.ETH-26JUN20,1575716343481,open,0.41,1.0,0.371,0.451,0.411237,81.31,0.38,0.0,ETH-26JUN20-100-C,147.93,29.61,0.344,1.0,0.95,1.0,500.0,0.27497,-0.05537,0.36045,0.00265,0.84004
148.26,ETH-27DEC19,1575716343482,open,0.0,1347.0,0.001,0.011,4.5e-05,120.01,0.002,0.0,ETH-27DEC19-380-C,147.93,0.0,0.0,0.0,0.001,2.0,158.19,0.00077,-0.00233,5e-05,5e-05,0.00064
150.66,ETH-27MAR20,1575716343482,open,0.01,5196.0,0.001,0.018,0.00505,111.6,0.008,0.0,ETH-27MAR20-600-C,147.93,104.38,0.003,220.0,0.007,221.0,116.8,0.05054,-0.02543,0.0097,0.00066,0.02624
151.98,SYN.ETH-26JUN20,1575716343481,open,0.12,520.0,0.077,0.168,0.120538,80.32,0.113,0.0,ETH-26JUN20-120-P,147.93,75.79,0.11,210.0,0.132,210.0,85.23,0.35436,-0.0705,-0.30624,0.00345,-0.24377
148.26,ETH-27DEC19,1575716343482,open,0.0,11489.0,0.001,0.011,6e-06,120.01,0.002,0.0,ETH-27DEC19-440-C,147.93,0.0,0.0,0.0,0.001,199.0,178.61,0.00012,-0.00038,1e-05,1e-05,9e-05
148.26,ETH-27DEC19,1575716343482,open,0.22,4510.0,0.185,0.27,0.22599,73.02,0.18,0.0,ETH-27DEC19-180-P,147.93,0.0,0.211,340.0,0.247,340.0,105.18,0.07926,-0.14561,-0.08718,0.00907,-0.85388
150.66,ETH-27MAR20,1575716343482,open,0.21,3927.0,0.158,0.269,0.212765,80.1,0.225,0.0,ETH-27MAR20-160-P,147.93,71.1,0.193,300.0,0.227,300.0,86.61,0.33009,-0.11924,-0.31079,0.00598,-0.46633
148.26,ETH-27DEC19,1575716343482,open,0.03,4532.0,0.014,0.064,0.036134,66.29,0.04,0.0,ETH-27DEC19-140-P,147.93,62.55,0.033,360.0,0.039,160.0,69.68,0.12485,-0.20819,-0.02933,0.01574,-0.3271
148.26,ETH-27DEC19,1575716343482,open,1.28,0.0,1.227,1.365,1.293296,103.65,None,0.0,ETH-27DEC19-340-P,147.93,0.0,0.003,9.0,0.0,0.0,0.0,0.00058,-0.0015,-0.18511,5e-05,-0.99953
149.19,SYN.ETH-31JAN20,1575716343481,open,0.25,0.0,0.204,0.304,0.252769,72.47,None,0.0,ETH-31JAN20-180-P,147.93,61.05,0.238,340.0,1.205,1.0,500.0,0.2008,-0.13259,-0.21396,0.00828,-0.7011
148.26,ETH-27DEC19,1575716343482,open,0.28,0.0,0.247,0.334,0.288956,76.15,None,0.0,ETH-27DEC19-190-P,147.93,0.0,0.272,340.0,1.28,1.0,500.0,0.05875,-0.11255,-0.09634,0.00645,-0.9044
150.66,ETH-27MAR20,1575716343483,open,0.02,834.0,0.006,0.034,0.016833,89.83,0.014,0.0,ETH-27MAR20-80-P,147.93,80.53,0.011,320.0,0.014,2.0,85.54,0.10339,-0.04188,-0.03676,0.00167,-0.0635
148.26,ETH-27DEC19,1575716343483,open,0.0,7612.0,0.001,0.012,0.00298,90.04,0.002,0.0,ETH-27DEC19-220-C,147.93,84.34,0.002,180.0,0.004,9.0,94.86,0.02865,-0.06489,0.00283,0.00266,0.03809
151.98,SYN.ETH-26JUN20,1575716343481,open,0.07,271.0,0.03,0.114,0.066448,91.7,0.073,0.0,ETH-26JUN20-320-C,147.93,88.3,0.059,180.0,0.074,180.0,95.01,0.34018,-0.07726,0.13445,0.0029,0.22639
148.04,SYN.ETH-13DEC19,1575716343481,open,0.01,615.0,0.001,0.023,0.006341,60.02,0.005,0.0,ETH-13DEC19-160-C,147.93,51.9,0.004,34.0,0.008,49.0,65.12,0.04625,-0.23625,0.00373,0.02184,0.16298
150.66,ETH-27MAR20,1575716343483,open,0.4,747.0,0.346,0.476,0.409496,81.56,0.57,0.0,ETH-27MAR20-200-P,147.93,69.07,0.385,300.0,0.441,300.0,96.71,0.30513,-0.11222,-0.48829,0.00543,-0.65744
150.66,ETH-27MAR20,1575716343483,open,0.05,100.0,0.021,0.076,0.045317,89.83,0.038,0.0,ETH-27MAR20-100-P,147.93,76.72,0.03,320.0,0.035,2.0,81.18,0.18581,-0.07527,-0.08532,0.003,-0.1411
150.66,ETH-27MAR20,1575716343483,open,0.49,20.0,0.461,0.512,0.485907,89.93,0.613,0.0,ETH-27MAR20-80-C,147.93,0.0,0.469,1.0,0.88,1.0,500.0,0.10358,-0.04201,0.20615,0.00167,0.93635
148.26,ETH-27DEC19,1575716343483,open,1.55,0.0,1.489,1.642,1.562937,0.0,None,0.0,ETH-27DEC19-380-P,147.93,0.0,0.02,50.0,0.0,0.0,0.0,0.0,0.0,-0.20693,0.0,-1.0
148.26,ETH-27DEC19,1575716343483,open,0.01,5084.0,0.002,0.03,0.011989,73.18,0.011,0.0,ETH-27DEC19-180-C,147.93,71.3,0.011,39.0,0.013,200.0,75.03,0.07948,-0.14631,0.01088,0.00907,0.14671
148.04,SYN.ETH-13DEC19,1575716343481,open,0.08,48.0,0.054,0.123,0.087273,60.42,0.096,0.0,ETH-13DEC19-160-P,147.93,44.14,0.083,40.0,0.092,40.0,74.08,0.04657,-0.23943,-0.02199,0.02185,-0.83531
151.98,SYN.ETH-26JUN20,1575716343481,open,2.18,0.0,2.079,2.317,2.19052,99.46,None,0.0,ETH-26JUN20-480-P,147.93,0.0,0.01,50.0,0.0,0.0,0.0,0.22347,-0.05505,-2.58275,0.00176,-0.88198
150.66,ETH-27MAR20,1575716343483,open,0.38,1.0,0.345,0.418,0.381659,89.9,0.337,0.0,ETH-27MAR20-100-C,147.93,0.0,0.336,31.0,0.864,1.0,500.0,0.1859,-0.07536,0.21837,0.003,0.8588
148.26,ETH-27DEC19,1575716343483,open,0.0,6667.0,0.001,0.011,1e-06,120.01,0.001,0.0,ETH-27DEC19-480-C,147.93,0.0,0.0,0.0,0.001,14.0,190.5,4e-05,-0.00011,0.0,0.0,3e-05
150.66,ETH-27MAR20,1575716343483,open,1.92,0.0,1.838,2.035,1.930644,102.05,None,0.0,ETH-27MAR20-440-P,147.93,0.0,0.003,50.0,0.0,0.0,0.0,0.08858,-0.04077,-1.31736,0.00126,-0.94783
150.66,ETH-27MAR20,1575716343483,open,0.21,36.0,0.159,0.251,0.206335,80.17,0.207,0.0,ETH-27MAR20-140-C,147.93,47.14,0.139,2.0,0.838,1.0,500.0,0.30737,-0.11113,0.20333,0.00556,0.65063
148.26,ETH-27DEC19,1575716343483,open,0.0,16677.0,0.001,0.011,0.0,120.01,0.001,0.0,ETH-27DEC19-640-C,147.93,0.0,0.0,0.0,0.004,10.0,267.32,0.0,0.0,0.0,0.0,0.0
148.26,ETH-27DEC19,1575716343483,open,0.48,2830.0,0.442,0.537,0.486759,89.52,0.65,0.0,ETH-27DEC19-220-P,147.93,0.0,0.001,9.0,0.0,0.0,0.0,0.02807,-0.0632,-0.11703,0.00262,-0.96286
150.66,ETH-27MAR20,1575716343484,open,0.03,1254.0,0.01,0.065,0.031913,100.88,0.028,0.0,ETH-27MAR20-320-C,147.93,90.15,0.02,260.0,0.026,260.0,95.85,0.1855,-0.08438,0.04981,0.00267,0.14076
151.98,SYN.ETH-26JUN20,1575716343481,open,1.16,0.0,1.081,1.273,1.172062,91.76,1.06,0.0,ETH-26JUN20-320-P,147.93,0.0,1.105,1.0,1.192,1.0,100.27,0.34043,-0.07737,-1.63529,0.0029,-0.77332
148.26,ETH-27DEC19,1575716343484,open,0.0,6958.0,0.001,0.011,0.001985,99.1,0.002,0.0,ETH-27DEC19-240-C,147.93,90.08,0.001,431.0,0.003,21.0,105.68,0.01993,-0.0497,0.00182,0.00168,0.02458
148.26,ETH-27DEC19,1575716343484,open,0.16,0.0,0.126,0.208,0.164091,66.85,None,0.0,ETH-27DEC19-170-P,147.93,0.0,0.004,15.0,1.146,1.0,500.0,0.10029,-0.16865,-0.07686,0.01253,-0.78791
148.26,ETH-27DEC19,1575716343484,open,0.01,202.0,0.001,0.022,0.00751,76.37,0.009,0.0,ETH-27DEC19-190-C,147.93,72.38,0.006,340.0,0.009,540.0,79.95,0.05907,-0.11349,0.00717,0.00646,0.09632
151.98,SYN.ETH-26JUN20,1575716343481,open,0.05,681.0,0.022,0.097,0.053452,93.71,0.057,0.0,ETH-26JUN20-360-C,147.93,90.39,0.047,180.0,0.06,180.0,96.91,0.30375,-0.0705,0.11228,0.00254,0.18702
149.19,SYN.ETH-31JAN20,1575716343482,open,0.01,25.0,0.001,0.026,0.009981,88.53,0.015,0.0,ETH-31JAN20-260-C,147.93,84.66,0.008,320.0,0.012,481.0,92.06,0.08107,-0.06539,0.01436,0.00274,0.07402
149.19,SYN.ETH-31JAN20,1575716343481,open,0.61,0.0,0.567,0.682,0.621839,84.07,None,0.0,ETH-31JAN20-240-P,147.93,0.0,0.608,1.0,0.0,0.0,0.0,0.09972,-0.07638,-0.3419,0.00354,-0.90242
151.98,SYN.ETH-26JUN20,1575716343481,open,0.09,431.0,0.045,0.141,0.0888,91.07,0.089,0.0,ETH-26JUN20-280-C,147.93,88.76,0.083,4.0,0.095,180.0,93.5,0.38474,-0.08679,0.16624,0.00331,0.28656
148.04,SYN.ETH-13DEC19,1575716343481,open,0.0,596.0,0.001,0.017,0.004023,77.59,0.006,0.0,ETH-13DEC19-130-P,147.93,72.08,0.003,1000.0,0.005,211.0,82.28,0.02935,-0.19382,-0.00213,0.01072,-0.08549
151.98,SYN.ETH-26JUN20,1575716343483,open,0.13,688.0,0.079,0.186,0.130819,85.99,0.161,0.0,ETH-26JUN20-220-C,147.93,82.91,0.122,180.0,0.132,20.0,86.4,0.4361,-0.09288,0.22458,0.00397,0.39799
151.98,SYN.ETH-26JUN20,1575716343482,open,0.16,754.0,0.103,0.214,0.157791,85.99,0.148,0.0,ETH-26JUN20-200-C,147.93,82.67,0.148,210.0,0.168,210.0,89.45,0.44823,-0.09547,0.25101,0.00408,0.45639
149.19,SYN.ETH-31JAN20,1575716343481,open,0.49,0.0,0.441,0.551,0.49328,79.84,None,0.0,ETH-31JAN20-220-P,147.93,0.0,0.474,1.0,0.0,0.0,0.0,0.12605,-0.0917,-0.30451,0.00472,-0.86429
151.98,SYN.ETH-26JUN20,1575716343481,open,0.03,92.0,0.009,0.063,0.02855,101.39,0.029,0.0,ETH-26JUN20-520-C,147.93,97.86,0.024,140.0,0.033,140.0,104.56,0.20532,-0.05156,0.06414,0.00159,0.10485
148.04,SYN.ETH-13DEC19,1575716343483,open,0.0,64.0,0.001,0.011,0.001968,96.76,0.002,0.0,ETH-13DEC19-120-P,147.93,85.75,0.001,40.0,0.003,25.0,105.43,0.0156,-0.12842,-0.00096,0.00457,-0.03822
149.19,SYN.ETH-31JAN20,1575716343483,open,0.03,30.0,0.01,0.054,0.028093,75.6,0.029,0.0,ETH-31JAN20-200-C,147.93,72.66,0.025,320.0,0.031,129.0,78.26,0.16036,-0.11046,0.03783,0.00634,0.19675
149.19,SYN.ETH-31JAN20,1575716343481,open,0.74,0.0,0.696,0.817,0.752806,88.74,None,0.0,ETH-31JAN20-260-P,147.93,0.0,0.742,1.0,0.0,0.0,0.0,0.08158,-0.06596,-0.37642,0.00275,-0.92537
151.98,SYN.ETH-26JUN20,1575716343481,open,0.03,4.0,0.016,0.06,0.034864,84.1,0.026,0.0,ETH-26JUN20-80-P,147.93,79.99,0.03,250.0,0.04,250.0,88.25,0.18404,-0.03834,-0.10523,0.00171,-0.09032
150.66,ETH-27MAR20,1575716343486,open,0.08,4994.0,0.038,0.124,0.077126,100.88,0.05,0.0,ETH-27MAR20-240-C,147.93,85.62,0.05,400.0,0.104,1.0,114.65,0.28328,-0.12887,0.09648,0.00407,0.28793
151.98,SYN.ETH-26JUN20,1575716343482,open,1.41,0.0,1.326,1.529,1.422268,93.79,None,0.0,ETH-26JUN20-360-P,147.93,0.0,0.015,2.0,1.436,1.0,100.34,0.30411,-0.07064,-1.87866,0.00254,-0.81263
148.04,SYN.ETH-13DEC19,1575716343481,open,0.34,1.0,0.312,0.395,0.351656,105.18,0.341,0.0,ETH-13DEC19-200-P,147.93,0.0,0.01,50.0,0.0,0.0,0.0,0.00684,-0.06125,-0.03187,0.00184,-0.98566
149.19,SYN.ETH-31JAN20,1575716343481,open,0.03,133.0,0.014,0.059,0.032842,73.81,0.044,0.0,ETH-31JAN20-120-P,147.93,71.01,0.03,360.0,0.036,489.0,76.85,0.15338,-0.10314,-0.04842,0.00621,-0.18301
148.04,SYN.ETH-13DEC19,1575716343481,open,0.0,507.0,0.001,0.011,0.001457,83.22,0.001,0.0,ETH-13DEC19-180-C,147.93,0.0,0.0,0.0,0.003,201.0,95.47,0.01486,-0.10527,0.00082,0.00506,0.03604
151.98,SYN.ETH-26JUN20,1575716343481,open,0.51,0.0,0.478,0.539,0.508461,84.07,None,0.0,ETH-26JUN20-80-C,147.93,0.0,0.473,1.0,0.955,1.0,500.0,0.18398,-0.03831,0.3373,0.00171,0.90972
149.19,SYN.ETH-31JAN20,1575716343481,open,0.23,0.0,0.194,0.262,0.228461,73.75,None,0.0,ETH-31JAN20-120-C,147.93,24.58,0.196,1.0,0.0,0.0,0.0,0.15332,-0.10303,0.13204,0.00621,0.81711
149.19,SYN.ETH-31JAN20,1575716343481,open,0.34,0.0,0.315,0.369,0.341667,80.4,None,0.0,ETH-31JAN20-100-C,147.93,0.0,0.329,1.0,0.0,0.0,0.0,0.08193,-0.06002,0.13083,0.00305,0.92495
148.04,SYN.ETH-13DEC19,1575716343482,open,0.14,1.0,0.116,0.189,0.150929,70.8,0.167,0.0,ETH-13DEC19-170-P,147.93,0.0,0.002,50.0,0.0,0.0,0.0,0.02451,-0.14766,-0.02582,0.00981,-0.93255
151.98,SYN.ETH-26JUN20,1575716343481,open,0.07,720.0,0.038,0.106,0.069242,81.33,0.081,0.0,ETH-26JUN20-100-P,147.93,77.29,0.062,250.0,0.077,250.0,85.58,0.275,-0.05539,-0.19269,0.00265,-0.15999
148.04,SYN.ETH-13DEC19,1575716343483,open,0.26,0.0,0.234,0.282,0.25784,113.61,None,0.0,ETH-13DEC19-110-C,147.93,0.0,0.01,50.0,0.0,0.0,0.0,0.00771,-0.07457,0.01729,0.00192,0.98351
151.98,SYN.ETH-26JUN20,1575716343481,open,0.69,0.0,0.612,0.783,0.695066,88.57,None,0.0,ETH-26JUN20-240-P,147.93,0.0,0.579,1.0,1.501,1.0,500.0,0.42198,-0.09257,-1.12409,0.00373,-0.64217
148.04,SYN.ETH-13DEC19,1575716343483,open,0.0,1048.0,0.001,0.013,0.00244,69.99,0.002,0.0,ETH-13DEC19-170-C,147.93,58.86,0.001,102.0,0.004,296.0,78.47,0.02384,-0.142,0.00149,0.00966,0.0651
151.98,SYN.ETH-26JUN20,1575716343481,open,0.62,1.0,0.603,0.648,0.624443,95.67,0.69,0.0,ETH-26JUN20-60-C,147.93,0.0,0.605,1.0,0.962,1.0,500.0,0.1133,-0.02685,0.27514,0.00093,0.95175
148.04,SYN.ETH-13DEC19,1575716343481,open,0.21,1.0,0.181,0.258,0.217505,84.58,0.232,0.0,ETH-13DEC19-180-P,147.93,0.0,0.01,50.0,0.0,0.0,0.0,0.0157,-0.11298,-0.0281,0.00526,-0.96148
151.98,SYN.ETH-26JUN20,1575716343483,open,2.43,0.0,2.333,2.583,2.450173,101.55,None,0.0,ETH-26JUN20-520-P,147.93,0.0,0.01,50.0,0.0,0.0,0.0,0.20618,-0.05186,-2.81158,0.00159,-0.89454
148.04,SYN.ETH-13DEC19,1575716343483,open,0.01,422.0,0.001,0.03,0.010047,60.15,0.009,0.0,ETH-13DEC19-140-P,147.93,51.7,0.007,190.0,0.009,165.0,57.33,0.05572,-0.28524,-0.0055,0.02626,-0.22076
149.19,SYN.ETH-31JAN20,1575716343483,open,0.01,161.0,0.002,0.027,0.011985,80.49,0.01,0.0,ETH-31JAN20-100-P,147.93,76.73,0.01,360.0,0.014,361.0,84.03,0.08207,-0.06018,-0.01956,0.00305,-0.07522
151.98,SYN.ETH-26JUN20,1575716343484,open,0.04,862.0,0.016,0.084,0.043162,95.1,0.038,0.0,ETH-26JUN20-400-C,147.93,92.1,0.038,139.0,0.048,140.0,97.76,0.26949,-0.06347,0.09412,0.00222,0.15513
151.98,SYN.ETH-26JUN20,1575716343481,open,0.18,1132.0,0.133,0.244,0.187022,79.89,0.191,0.0,ETH-26JUN20-140-P,147.93,74.33,0.172,210.0,0.203,210.0,85.82,0.41016,-0.08116,-0.43601,0.00402,-0.33167
148.04,SYN.ETH-13DEC19,1575716343484,open,0.28,1.0,0.247,0.328,0.285063,103.13,0.286,0.0,ETH-13DEC19-190-P,147.93,0.0,0.01,50.0,0.0,0.0,0.0,0.01374,-0.12058,-0.02984,0.00378,-0.96725
151.98,SYN.ETH-26JUN20,1575716343482,open,0.02,288.0,0.006,0.054,0.022944,104.78,0.025,0.0,ETH-26JUN20-600-C,147.93,101.19,0.019,140.0,0.027,140.0,108.13,0.17583,-0.04563,0.05213,0.00131,0.08496
151.98,SYN.ETH-26JUN20,1575716343482,open,0.04,667.0,0.013,0.076,0.037498,97.65,0.039,0.0,ETH-26JUN20-440-C,147.93,94.79,0.033,140.0,0.042,140.0,100.36,0.24607,-0.05951,0.0824,0.00197,0.13553
148.04,SYN.ETH-13DEC19,1575716343482,open,0.0,91.0,0.001,0.011,0.00098,115.2,0.001,0.0,ETH-13DEC19-110-P,147.93,0.0,0.0,0.0,0.002,288.0,129.75,0.00818,-0.08015,-0.00044,0.00201,-0.01765
151.98,SYN.ETH-26JUN20,1575716343481,open,1.92,0.0,1.827,2.052,1.932718,97.77,None,0.0,ETH-26JUN20-440-P,147.93,0.0,0.01,50.0,0.0,0.0,0.0,0.24667,-0.05973,-2.35092,0.00197,-0.86399
149.19,SYN.ETH-31JAN20,1575716343481,open,0.08,2.0,0.048,0.118,0.082204,71.88,0.086,0.0,ETH-31JAN20-160-C,147.93,66.54,0.074,340.0,0.085,436.0,73.7,0.22935,-0.15022,0.08375,0.00953,0.45559
151.98,SYN.ETH-26JUN20,1575716343481,open,0.33,144.0,0.282,0.377,0.330933,80.3,0.308,0.0,ETH-26JUN20-120-C,147.93,73.44,0.315,210.0,0.361,210.0,93.15,0.35436,-0.07048,0.35752,0.00345,0.75624
151.98,SYN.ETH-26JUN20,1575716343481,open,0.92,0.0,0.843,1.027,0.931213,91.12,None,0.0,ETH-26JUN20-280-P,147.93,0.0,0.842,1.0,1.759,1.0,500.0,0.38488,-0.08686,-1.38231,0.00331,-0.71321
148.04,SYN.ETH-13DEC19,1575716343481,open,0.0,31.0,0.001,0.011,0.000492,101.49,0.001,0.0,ETH-13DEC19-200-C,147.93,0.0,0.0,0.0,0.001,7.0,111.73,0.00567,-0.04899,0.00026,0.00158,0.01154
151.98,SYN.ETH-26JUN20,1575716343482,open,0.11,554.0,0.066,0.17,0.115855,88.53,0.12,0.0,ETH-26JUN20-240-C,147.93,86.05,0.109,181.0,0.123,180.0,91.09,0.42191,-0.09251,0.20327,0.00373,0.35767
151.98,SYN.ETH-26JUN20,1575716343481,open,0.03,330.0,0.01,0.068,0.032099,99.31,0.04,0.0,ETH-26JUN20-480-C,147.93,95.68,0.027,140.0,0.037,140.0,102.54,0.22274,-0.05479,0.07177,0.00176,0.11748
149.19,SYN.ETH-31JAN20,1575716343482,open,0.05,41.0,0.021,0.077,0.046198,72.41,0.05,0.0,ETH-31JAN20-180-C,147.93,69.26,0.042,340.0,0.05,1.0,75.21,0.20073,-0.13243,0.05663,0.00828,0.29867
151.98,SYN.ETH-26JUN20,1575716343483,open,0.19,632.0,0.132,0.246,0.189212,85.39,0.184,0.0,ETH-26JUN20-180-C,147.93,83.63,0.184,40.0,0.397,1.0,158.27,0.45034,-0.09525,0.27839,0.00413,0.52039
149.19,SYN.ETH-31JAN20,1575716343484,open,0.36,0.0,0.318,0.423,0.368727,75.68,None,0.0,ETH-31JAN20-200-P,147.93,0.0,0.34,1.0,0.0,0.0,0.0,0.16054,-0.1107,-0.2628,0.00634,-0.8029
148.04,SYN.ETH-13DEC19,1575716343481,open,0.0,56.0,0.001,0.011,0.001457,101.49,0.001,0.0,ETH-13DEC19-190-C,147.93,0.0,0.0,0.0,0.003,201.0,115.44,0.01295,-0.11184,0.00069,0.00362,0.03048
148.04,SYN.ETH-13DEC19,1575716343481,open,0.2,0.0,0.165,0.218,0.19127,95.86,None,0.0,ETH-13DEC19-120-C,147.93,0.0,0.002,50.0,0.0,0.0,0.0,0.01517,-0.12377,0.01839,0.00449,0.96305
151.98,SYN.ETH-26JUN20,1575716343481,open,2.69,0.0,2.587,2.851,2.710321,103.36,None,0.0,ETH-26JUN20-560-P,147.93,0.0,0.01,50.0,0.0,0.0,0.0,0.19061,-0.0488,-3.0393,0.00144,-0.90529
151.98,SYN.ETH-26JUN20,1575716343484,open,0.2,126.0,0.147,0.249,0.198491,74.47,0.22,0.0,ETH-26JUN20-160-C,147.93,69.86,0.185,1.0,0.241,210.0,89.15,0.44335,-0.08178,0.31485,0.00466,0.57305
151.98,SYN.ETH-26JUN20,1575716343482,open,1.66,0.0,1.575,1.788,1.67518,95.19,None,0.0,ETH-26JUN20-400-P,147.93,0.0,0.01,50.0,0.0,0.0,0.0,0.26998,-0.06365,-2.118,0.00222,-0.84444
151.98,SYN.ETH-26JUN20,1575716343482,open,0.25,761.0,0.192,0.313,0.251298,74.5,0.275,0.0,ETH-26JUN20-160-P,147.93,57.71,0.202,35.0,0.28,210.0,84.39,0.44334,-0.0818,-0.5701,0.00466,-0.4269
151.98,SYN.ETH-26JUN20,1575716343482,open,0.01,195.0,0.008,0.037,0.019246,95.7,0.015,0.0,ETH-26JUN20-60-P,147.93,60.64,0.002,5.0,0.131,1.0,200.44,0.11336,-0.02687,-0.05676,0.00093,-0.04828
151.98,SYN.ETH-26JUN20,1575716343483,open,0.02,600.0,0.005,0.048,0.019219,104.78,0.018,0.0,ETH-26JUN20-640-C,147.93,101.49,0.016,140.0,0.022,141.0,107.38,0.1564,-0.04059,0.04504,0.00117,0.0728
151.98,SYN.ETH-26JUN20,1575716343484,open,0.03,111.0,0.007,0.058,0.025496,103.16,0.029,0.0,ETH-26JUN20-560-C,147.93,99.37,0.021,140.0,0.03,140.0,106.62,0.18963,-0.04845,0.05762,0.00144,0.09405
151.98,SYN.ETH-26JUN20,1575716343482,open,0.27,90.0,0.213,0.317,0.265816,79.87,0.271,0.0,ETH-26JUN20-140-C,147.93,81.42,0.27,211.0,0.293,210.0,89.99,0.41017,-0.08114,0.33834,0.00402,0.66832
151.98,SYN.ETH-26JUN20,1575716343482,open,0.46,249.0,0.398,0.553,0.4738,86.02,0.601,0.0,ETH-26JUN20-200-P,147.93,70.66,0.429,210.0,0.493,210.0,92.52,0.44824,-0.0955,-0.85515,0.00408,-0.5435
7525.19,SYN.BTC-13DEC19,1575716343508,open,0.04,95.0,0.025,0.075,0.04570824,55.1,0.041,0.0,BTC-13DEC19-7750-P,7520.66,49.27,0.043,12.0,0.047,12.0,57.84,3.53537,-16.57627,-0.84314,0.0007,-0.6503
7536.02,BTC-27DEC19,1575716343512,open,0.03,1307.3,0.0135,0.054,0.03027922,58.15,0.0315,0.0,BTC-27DEC19-8000-C,7520.66,56.67,0.029,31.0,0.032,18.4,60.12,6.54541,-9.57414,1.33156,0.00036,0.35476
7530.6,SYN.BTC-20DEC19,1575716343514,open,0.06,34.1,0.0415,0.0915,0.0617113,54.94,0.0565,0.0,BTC-20DEC19-7250-C,7520.66,48.75,0.0575,12.0,0.0615,12.0,54.63,5.16708,-11.02341,1.59629,0.00047,0.66261
7525.19,SYN.BTC-13DEC19,1575716343516,open,0.03,198.6,0.01,0.0535,0.02617801,55.07,0.025,0.0,BTC-13DEC19-7500-P,7520.66,49.76,0.0235,39.5,0.026,12.0,54.71,3.79592,-17.78706,-0.59738,0.00076,-0.46695
7536.01,BTC-27DEC19,1575716343772,open,0.1,222.4,0.0705,0.1205,0.09435238,56.99,0.092,0.0,BTC-27DEC19-7000-C,7520.66,55.22,0.093,0.1,0.097,0.1,60.41,5.78426,-8.2929,2.61995,0.00033,0.73279
7663.11,BTC-27MAR20,1575716343976,open,0.05,616.3,0.028,0.0815,0.05017009,67.6,0.0475,0.0,BTC-27MAR20-6000-P,7520.66,66.18,0.048,16.0,0.053,24.0,69.42,11.81085,-3.60032,-5.81469,0.0001,-0.19962
7536.12,BTC-27DEC19,1575716344412,open,5.88,0.8,5.7645,6.0405,5.90020316,239.84,3.59,0.0,BTC-27DEC19-52000-P,7520.62,0.0,0.001,1.0,0.0,0.0,0.0,0.04593,-0.27712,-28.31336,0.0,-0.99924
7663.2,BTC-27MAR20,1575716344412,open,2.13,0.0,2.072,2.216,2.13811979,99.18,None,0.0,BTC-27MAR20-24000-P,7520.62,0.0,0.001,1.0,0.0,0.0,0.0,3.24392,-1.45081,-72.24172,2e-05,-0.96526
7536.08,BTC-27DEC19,1575716344415,open,5.35,0.0,5.2445,5.499,5.36932533,0.0,None,0.0,BTC-27DEC19-48000-P,7520.62,0.0,0.0005,1.0,0.0,0.0,0.0,0.0,0.0,-26.1379,0.0,-1.0
7790.28,SYN.BTC-26JUN20,1575716344413,open,1.84,0.0,1.7795,1.937,1.84979589,88.28,None,0.0,BTC-26JUN20-22000-P,7520.62,0.0,0.11,1.0,3.0,0.1,500.0,10.54354,-2.30547,-118.25931,4e-05,-0.89488
7663.2,BTC-27MAR20,1575716344471,open,0.13,764.9,0.092,0.168,0.12639176,65.93,0.131,0.0,BTC-27MAR20-8000-C,7520.62,64.62,0.1235,21.0,0.13,2.0,67.58,16.81593,-4.99988,9.28479,0.00014,0.52525
148.14,SYN.ETH-20DEC19,1575716344488,open,0.2,0.0,0.166,0.219,0.193016,71.62,None,0.0,ETH-20DEC19-120-C,147.94,0.0,0.177,1.0,0.202,1.0,102.61,0.02923,-0.08131,0.0395,0.00527,0.94882
148.14,SYN.ETH-20DEC19,1575716344488,open,0.26,0.0,0.235,0.284,0.259515,88.12,None,0.0,ETH-20DEC19-110-C,147.94,0.0,0.01,50.0,0.0,0.0,0.0,0.01891,-0.0647,0.03713,0.00277,0.97005
148.14,SYN.ETH-20DEC19,1575716344488,open,0.15,0.0,0.119,0.195,0.15589,64.68,None,0.0,ETH-20DEC19-170-P,147.94,0.0,0.145,1.0,0.169,1.0,90.49,0.06249,-0.15695,-0.05299,0.01248,-0.85814
148.14,SYN.ETH-20DEC19,1575716344488,open,0.21,0.0,0.182,0.262,0.220002,71.92,None,0.0,ETH-20DEC19-180-P,147.94,0.0,0.01,50.0,0.0,0.0,0.0,0.04316,-0.12054,-0.05933,0.00775,-0.91535
148.14,SYN.ETH-20DEC19,1575716344488,open,0.02,174.0,0.004,0.04,0.017878,61.1,0.017,0.0,ETH-20DEC19-160-C,147.94,56.37,0.015,100.0,0.02,15.0,64.48,0.09196,-0.21818,0.01316,0.01944,0.26976
148.14,SYN.ETH-20DEC19,1575716344488,open,0.01,65.0,0.001,0.018,0.005048,72.2,0.006,0.0,ETH-20DEC19-180-C,147.94,68.42,0.004,10.0,0.006,200.0,75.3,0.04351,-0.12199,0.00421,0.00778,0.08556
148.14,SYN.ETH-20DEC19,1575716344488,open,0.01,60.0,0.001,0.024,0.008434,64.87,0.01,0.0,ETH-20DEC19-170-C,147.94,61.35,0.007,5.0,0.01,53.0,68.44,0.06271,-0.15797,0.00701,0.01249,0.14262
148.14,SYN.ETH-20DEC19,1575716344488,open,0.01,227.0,0.001,0.025,0.009002,66.72,0.01,0.0,ETH-20DEC19-130-P,147.94,61.57,0.007,10.0,0.011,210.0,71.46,0.06027,-0.15616,-0.0075,0.01167,-0.13454
148.14,SYN.ETH-20DEC19,1575716344488,open,0.0,6.0,0.001,0.012,0.002986,71.34,0.01,0.0,ETH-20DEC19-120-P,147.94,58.09,0.001,200.0,0.005,7.0,80.3,0.02896,-0.08022,-0.0028,0.00524,-0.05057
148.14,SYN.ETH-20DEC19,1575716344488,open,0.04,8.0,0.015,0.067,0.039696,60.63,0.049,0.0,ETH-20DEC19-150-C,147.94,53.01,0.034,120.0,0.044,120.0,66.38,0.11085,-0.26098,0.02296,0.02362,0.4791
148.14,SYN.ETH-20DEC19,1575716344488,open,0.14,0.0,0.101,0.161,0.131536,66.87,None,0.0,ETH-20DEC19-130-C,147.94,50.89,0.126,40.0,0.135,40.0,74.88,0.06041,-0.15687,0.03833,0.01167,0.865
148.14,SYN.ETH-20DEC19,1575716344488,open,0.0,26.0,0.001,0.011,0.001987,87.73,0.002,0.0,ETH-20DEC19-110-P,147.94,78.23,0.001,20.0,0.003,10.0,94.84,0.01863,-0.06348,-0.00164,0.00274,-0.02943
7585.0,SYN.BTC-31JAN20,1575716344531,open,0.22,6.0,0.1915,0.2685,0.22647417,64.58,0.2485,0.0,BTC-31JAN20-9000-P,7520.62,0.0,0.001,1.0,0.2365,2.0,71.98,10.04189,-5.90869,-10.69689,0.00018,-0.71155
7790.28,SYN.BTC-26JUN20,1575716344566,open,0.09,256.2,0.0505,0.137,0.08648395,75.54,0.087,0.0,BTC-26JUN20-12000-C,7520.62,74.59,0.084,0.1,0.089,20.0,76.49,20.51737,-3.83876,9.74838,8e-05,0.31273
7790.28,SYN.BTC-26JUN20,1575716344811,open,0.22,179.6,0.1745,0.2785,0.22117311,69.77,0.213,0.0,BTC-26JUN20-8000-P,7520.62,68.33,0.217,7.0,0.226,8.0,71.43,22.61746,-3.90817,-27.51954,0.0001,-0.41753
7790.28,SYN.BTC-26JUN20,1575716345149,open,0.22,179.6,0.1745,0.2785,0.22116596,69.77,0.213,0.0,BTC-26JUN20-8000-P,7520.62,68.33,0.217,13.0,0.226,8.0,71.43,22.61746,-3.90817,-27.51954,0.0001,-0.41753
7525.23,SYN.BTC-13DEC19,1575716345295,open,0.03,198.6,0.01,0.0535,0.02614267,55.01,0.025,0.0,BTC-13DEC19-7500-P,7520.62,49.76,0.0235,39.5,0.0265,12.0,55.71,3.79592,-17.76771,-0.5973,0.00076,-0.46692
7663.33,BTC-27MAR20,1575716345419,open,1.36,0.0,1.307,1.4265,1.36072999,88.61,1.23,0.0,BTC-27MAR20-18000-P,7520.93,0.0,0.0,0.0,0.0,0.0,0.0,5.43555,-2.17206,-53.41261,3e-05,-0.93374
7536.17,BTC-27DEC19,1575716345419,open,0.54,4.3,0.526,0.546,0.53574415,119.62,0.5625,0.0,BTC-27DEC19-3500-C,7520.93,0.0,0.53,15.0,0.5415,15.0,196.09,0.10866,-0.32698,1.89721,0.0,0.99806
7663.33,BTC-27MAR20,1575716345419,open,0.01,1345.9,0.0005,0.021,0.00824191,77.06,0.009,0.0,BTC-27MAR20-4000-P,7520.93,75.48,0.0075,10.0,0.009,15.0,78.6,3.68751,-1.28137,-1.1381,3e-05,-0.04065
7536.17,BTC-27DEC19,1575716345419,open,4.82,0.0,4.724,4.9575,4.83850948,120.0,3.46,0.0,BTC-27DEC19-44000-P,7520.93,0.0,0.001,1.0,0.0,0.0,0.0,0.0,0.0,-23.95974,0.0,-1.0
7536.17,BTC-27DEC19,1575716345419,open,0.0,1545.7,0.0005,0.015,0.00396699,73.11,0.004,0.0,BTC-27DEC19-10000-C,7520.93,71.32,0.0035,0.1,0.0045,29.5,75.01,2.03674,-3.74588,0.22127,9e-05,0.05789
7536.17,BTC-27DEC19,1575716345419,open,0.0,839.6,0.0005,0.0105,0.0001109,120.0,0.0005,0.0,BTC-27DEC19-18000-C,7520.93,0.0,0.0,0.0,0.0005,18.6,137.57,0.08543,-0.25791,0.00567,0.0,0.00149
7536.17,BTC-27DEC19,1575716345419,open,0.0,1158.3,0.0005,0.012,0.00204702,81.77,0.002,0.0,BTC-27DEC19-11000-C,7520.93,77.94,0.0015,31.2,0.0025,29.6,84.48,1.18378,-2.43513,0.11313,5e-05,0.02961
7536.17,BTC-27DEC19,1575716345419,open,1.38,9.4,1.342,1.439,1.38859206,120.0,1.1125,0.0,BTC-27DEC19-18000-P,7520.93,0.0,0.0,0.0,0.0,0.0,0.0,0.08544,-0.25792,-9.79604,0.0,-0.99851
7536.17,BTC-27DEC19,1575716345420,open,0.99,211.0,0.9515,1.0345,0.99092029,112.92,0.959,0.0,BTC-27DEC19-15000-P,7520.93,0.0,0.0,0.0,0.0,0.0,0.0,0.32349,-0.91889,-8.14331,1e-05,-0.99344
7536.17,BTC-27DEC19,1575716345420,open,0.0,349.0,0.0005,0.0105,0.0,120.0,0.0005,0.0,BTC-27DEC19-48000-C,7520.93,0.0,0.0,0.0,0.0015,37.7,289.38,0.0,0.0,0.0,0.0,0.0
7663.33,BTC-27MAR20,1575716345420,open,0.0,144.6,0.0005,0.0145,0.00303579,114.42,0.0035,0.0,BTC-27MAR20-36000-C,7520.93,109.09,0.002,38.0,0.004,35.0,118.32,1.71423,-0.8845,0.30787,1e-05,0.01626
7663.33,BTC-27MAR20,1575716345420,open,4.21,1.0,4.118,4.337,4.22196396,116.86,4.54,0.0,BTC-27MAR20-40000-P,7520.93,0.0,0.001,1.0,0.0,0.0,0.0,1.36042,-0.71694,-121.27174,1e-05,-0.98757
7536.17,BTC-27DEC19,1575716345420,open,0.0,389.7,0.0005,0.0105,0.00044511,120.0,0.0005,0.0,BTC-27DEC19-16000-C,7520.93,0.0,0.0,0.0,0.001,20.0,131.13,0.27261,-0.82292,0.02036,1e-05,0.00541
7536.17,BTC-27DEC19,1575716345420,open,0.0,1003.5,0.0005,0.0105,0.00074433,107.42,0.0005,0.0,BTC-27DEC19-14000-C,7520.93,102.71,0.0005,71.9,0.001,25.0,111.28,0.44819,-1.21112,0.03593,1e-05,0.0095
7536.17,BTC-27DEC19,1575716345420,open,0.0,106.3,0.0005,0.0105,3e-08,120.0,0.0005,0.0,BTC-27DEC19-2000-P,7520.93,0.0,0.0,0.0,0.0005,44.1,225.78,5e-05,-0.00014,0.0,0.0,0.0
7536.17,BTC-27DEC19,1575716345420,open,0.0,1541.5,0.0005,0.0105,0.0,120.0,0.0005,0.0,BTC-27DEC19-52000-C,7520.93,0.0,0.0,0.0,0.0005,36.9,270.95,0.0,0.0,0.0,0.0,0.0
7536.17,BTC-27DEC19,1575716345420,open,0.0,793.0,0.0005,0.0105,0.00074757,98.24,0.001,0.0,BTC-27DEC19-4500-P,7520.93,93.28,0.0005,33.3,0.001,20.5,102.25,0.42914,-1.06052,-0.04017,1e-05,-0.00904
7536.17,BTC-27DEC19,1575716345420,open,0.21,137.2,0.1895,0.229,0.20811538,66.26,0.1955,0.0,BTC-27DEC19-6000-C,7520.93,0.0,0.203,11.1,0.216,11.0,87.73,2.10493,-3.50837,3.00196,0.0001,0.93963
7536.17,BTC-27DEC19,1575716345420,open,0.05,707.4,0.0285,0.0775,0.05020365,56.64,0.053,0.0,BTC-27DEC19-7500-P,7520.93,55.89,0.0495,2.0,0.0515,12.5,58.04,6.97902,-9.94497,-2.0904,0.0004,-0.45918
7663.33,BTC-27MAR20,1575716345420,open,0.01,423.0,0.002,0.0335,0.0118574,88.58,0.0115,0.0,BTC-27MAR20-18000-C,7520.93,86.6,0.0105,30.0,0.0135,30.0,90.81,5.42926,-2.16871,1.26408,3e-05,0.06616
7663.33,BTC-27MAR20,1575716345420,open,0.01,69.3,0.0005,0.0295,0.00848736,114.42,0.006,0.0,BTC-27MAR20-28000-C,7520.93,102.84,0.004,10.0,0.013,1.0,122.53,3.71194,-1.91528,0.7564,2e-05,0.04098
7663.33,BTC-27MAR20,1575716345420,open,0.01,158.5,0.0005,0.0225,0.00623275,99.09,0.0075,0.0,BTC-27MAR20-24000-C,7520.93,97.28,0.0055,7.0,0.007,0.5,100.84,3.23202,-1.44423,0.66007,2e-05,0.03459
7536.48,BTC-27DEC19,1575716345420,open,0.0,530.9,0.0005,0.0105,1e-08,120.0,0.0005,0.0,BTC-27DEC19-32000-C,7520.93,0.0,0.0,0.0,0.0005,0.4,212.12,2e-05,-7e-05,0.0,0.0,0.0
7663.33,BTC-27MAR20,1575716345420,open,1.61,5.2,1.5615,1.689,1.61943757,93.0,1.108,0.0,BTC-27MAR20-20000-P,7520.93,0.0,0.001,1.0,0.0,0.0,0.0,4.57138,-1.91716,-59.74069,3e-05,-0.94687
7536.48,BTC-27DEC19,1575716345421,open,0.0,706.9,0.0005,0.0105,0.00076222,96.67,0.0015,0.0,BTC-27DEC19-13000-C,7520.93,92.06,0.0005,62.5,0.001,1.0,99.97,0.49365,-1.20052,0.04042,2e-05,0.01061
7536.48,BTC-27DEC19,1575716345420,open,0.72,98.8,0.6915,0.764,0.72579693,98.01,0.7,0.0,BTC-27DEC19-13000-P,7520.93,0.0,0.0,0.0,0.0,0.0,0.0,0.53436,-1.31757,-7.03481,2e-05,-0.98838
7536.48,BTC-27DEC19,1575716345421,open,0.01,149.3,0.0005,0.0185,0.00576947,68.15,0.0065,0.0,BTC-27DEC19-9500-C,7520.93,65.95,0.005,48.5,0.0065,29.5,70.12,2.72113,-4.66534,0.32252,0.00013,0.08436
7663.33,BTC-27MAR20,1575716345421,open,0.01,132.6,0.0005,0.0245,0.00648516,114.42,0.004,0.0,BTC-27MAR20-30000-C,7520.93,105.34,0.0035,10.0,0.005,1.0,110.36,3.0504,-1.57394,0.59958,1e-05,0.03224
