underlying_price,underlying_index,timestamp,state,settlement_price,open_interest,min_price,max_price,mark_price,mark_iv,last_price,interest_rate,instrument_name,index_price,bid_iv,best_bid_price,best_bid_amount,best_ask_price,best_ask_amount,ask_iv,vega,theta,rho,gamma,delta
10802.61,BTC-27DEC19,1567594740057,open,0.09,576.2,0.0545,0.1255,0.08983914,78.99,0.09,0.0,BTC-27DEC19-9000-P,10570.08,77.43,0.087,4.4,0.092,13.0,80.17,19.68416,-6.82682,-11.88873,7e-05,-0.26291
181.47,ETH-27DEC19,1567594740121,open,0.47,0.0,0.44,0.488,0.464653,82.78,None,0.0,ETH-27DEC19-100-C,178.05,0.0,0.0,0.0,0.478,3.0,99.38,0.12737,-0.04629,0.26672,0.0015,0.93575
183.51,SYN.ETH-27MAR20,1567594740125,open,1.04,0.0,0.949,1.128,1.038428,90.27,None,0.0,ETH-27MAR20-360-P,178.05,0.0,0.0,0.0,1.062,3.0,99.67,0.44167,-0.0973,-1.83677,0.00259,-0.74479
179.87,SYN.ETH-25OCT19,1567594740125,open,0.25,3.0,0.219,0.284,0.253645,82.84,0.271,0.0,ETH-25OCT19-140-C,178.05,0.0,0.0,0.0,0.259,3.0,88.45,0.16819,-0.13693,0.14518,0.0045,0.83271
181.47,ETH-27DEC19,1567594740214,open,0.09,3112.0,0.051,0.13,0.091784,84.71,0.09,0.0,ETH-27DEC19-240-C,178.05,82.9,0.088,332.0,0.094,200.0,85.77,0.37979,-0.14127,0.15276,0.00436,0.3616
179.16,ETH-27SEP19,1567594740214,open,0.02,1937.0,0.006,0.041,0.020795,84.82,0.022,0.0,ETH-27SEP19-220-C,178.05,83.66,0.02,128.0,0.022,3.0,86.56,0.12353,-0.22903,0.01952,0.00724,0.19467
179.16,ETH-27SEP19,1567594740218,open,0.67,853.0,0.626,0.73,0.676235,95.91,0.641,0.0,ETH-27SEP19-300-P,178.05,0.0,0.049,15.0,0.681,3.0,119.1,0.02294,-0.04809,-0.18582,0.00119,-0.97866
179.16,ETH-27SEP19,1567594740220,open,0.04,8235.0,0.015,0.063,0.037134,84.25,0.035,0.0,ETH-27SEP19-160-P,178.05,82.85,0.036,128.0,0.039,606.0,86.54,0.14564,-0.26819,-0.03342,0.00859,-0.26053
179.16,ETH-27SEP19,1567594740224,open,2.12,24.0,2.035,2.222,2.125716,125.0,1.356,0.0,ETH-27SEP19-560-P,178.05,0.0,0.0,0.0,0.0,0.0,0.0,0.00041,-0.00113,-0.35094,2e-05,-0.99975
181.47,ETH-27DEC19,1567594740228,open,2.96,0.0,2.853,3.097,2.970116,100.63,None,0.0,ETH-27DEC19-720-P,178.05,0.0,0.003,5.0,0.0,0.0,0.0,0.03833,-0.01693,-2.23926,0.00037,-0.98503
179.16,ETH-27SEP19,1567594740242,open,0.35,2551.0,0.305,0.397,0.349721,86.35,0.323,0.0,ETH-27SEP19-240-P,178.05,0.0,0.053,5.0,0.353,3.0,93.02,0.0825,-0.1557,-0.13958,0.00475,-0.89332
179.16,ETH-27SEP19,1567594740244,open,0.16,2693.0,0.115,0.2,0.15806,83.44,0.14,0.0,ETH-27SEP19-200-P,178.05,74.47,0.15,440.0,0.162,203.0,87.72,0.16367,-0.29848,-0.09226,0.00975,-0.66361
179.16,ETH-27SEP19,1567594740249,open,0.25,1574.0,0.204,0.294,0.248747,84.82,0.227,0.0,ETH-27SEP19-220-P,178.05,50.42,0.231,240.0,0.252,3.0,89.43,0.12353,-0.22903,-0.11836,0.00724,-0.80533
178.14,SYN.ETH-6SEP19,1567594740249,open,0.0,358.0,0.001,0.021,0.00479,85.59,0.006,0.0,ETH-6SEP19-190-C,178.05,80.79,0.004,8.0,0.006,900.0,92.42,0.03029,-0.69102,0.00137,0.0217,0.15392
179.16,ETH-27SEP19,1567594740257,open,1.9,12.0,1.818,1.992,1.902478,125.0,1.193,0.0,ETH-27SEP19-520-P,178.05,0.0,0.0,0.0,0.0,0.0,0.0,0.00091,-0.0025,-0.32584,4e-05,-0.99942
181.47,ETH-27DEC19,1567594740257,open,0.03,943.0,0.008,0.05,0.026339,88.98,0.026,0.0,ETH-27DEC19-360-C,178.05,86.05,0.023,260.0,0.029,500.0,91.19,0.21359,-0.08345,0.05828,0.00234,0.12927
181.47,ETH-27DEC19,1567594740257,open,2.31,0.0,2.211,2.418,2.310362,95.32,0.953,0.0,ETH-27DEC19-600-P,178.05,0.0,0.0,0.0,0.0,0.0,0.0,0.05698,-0.02385,-1.8607,0.00058,-0.97613
181.47,ETH-27DEC19,1567594740259,open,1.65,21.0,1.571,1.746,1.654633,92.66,0.629,0.0,ETH-27DEC19-480-P,178.05,0.0,0.001,7.0,0.0,0.0,0.0,0.10878,-0.04426,-1.4732,0.00114,-0.94744
181.47,ETH-27DEC19,1567594740261,open,1.43,0.0,1.358,1.524,1.437632,91.35,None,0.0,ETH-27DEC19-440-P,178.05,0.0,0.001,8.0,0.0,0.0,0.0,0.13513,-0.0542,-1.34083,0.00144,-0.93064
179.16,ETH-27SEP19,1567594740261,open,0.33,110.0,0.31,0.354,0.332302,85.67,0.329,0.0,ETH-27SEP19-120-C,178.05,0.0,0.319,1.0,0.332,3.0,83.44,0.0254,-0.04757,0.07227,0.00147,0.97592
181.47,ETH-27DEC19,1567594740263,open,0.3,2.0,0.258,0.336,0.300434,82.78,0.275,0.0,ETH-27DEC19-140-C,178.05,0.0,0.0,0.0,0.314,3.0,91.01,0.29544,-0.10738,0.27486,0.00347,0.78591
181.47,ETH-27DEC19,1567594740263,open,1.87,37.0,1.784,1.969,1.872373,93.25,0.707,0.0,ETH-27DEC19-520-P,178.05,0.0,0.002,25.0,0.0,0.0,0.0,0.08582,-0.03514,-1.60408,0.0009,-0.96086
181.47,ETH-27DEC19,1567594740267,open,0.38,2.0,0.342,0.407,0.376256,82.78,0.346,0.0,ETH-27DEC19-120-C,178.05,0.0,0.101,1.0,0.39,3.0,93.9,0.21459,-0.07799,0.27946,0.00252,0.86986
181.47,ETH-27DEC19,1567594740279,open,0.41,814.0,0.349,0.477,0.414316,84.71,0.366,0.0,ETH-27DEC19-240-P,178.05,68.72,0.382,240.0,0.422,3.0,88.36,0.37979,-0.14127,-0.59601,0.00436,-0.6384
179.16,ETH-27SEP19,1567594740283,open,2.34,27.0,2.252,2.452,2.348969,125.0,1.044,0.0,ETH-27SEP19-600-P,178.05,0.0,0.0,0.0,0.0,0.0,0.0,0.00019,-0.00051,-0.37603,1e-05,-0.99989
179.16,ETH-27SEP19,1567594740283,open,0.44,17.0,0.425,0.461,0.443064,109.57,0.455,0.0,ETH-27SEP19-100-C,178.05,0.0,0.432,1.0,0.443,3.0,108.72,0.01382,-0.03311,0.06121,0.00063,0.98818
181.47,ETH-27DEC19,1567594740283,open,0.12,2443.0,0.076,0.16,0.119071,82.78,0.125,0.0,ETH-27DEC19-160-P,178.05,80.19,0.114,32.0,0.124,500.0,85.29,0.35623,-0.12947,-0.2414,0.00419,-0.3073
181.47,ETH-27DEC19,1567594740283,open,2.52,0.0,2.425,2.644,2.529825,95.95,None,0.0,ETH-27DEC19-640-P,178.05,0.0,0.0,0.0,0.0,0.0,0.0,0.04612,-0.01943,-1.98794,0.00047,-0.98141
181.47,ETH-27DEC19,1567594740289,open,2.09,0.0,1.997,2.193,2.090963,93.87,0.845,0.0,ETH-27DEC19-560-P,178.05,0.0,0.0,0.0,0.0,0.0,0.0,0.06815,-0.02809,-1.73325,0.00071,-0.97043
181.47,ETH-27DEC19,1567594740289,open,2.74,0.0,2.639,2.87,2.749704,97.29,None,0.0,ETH-27DEC19-680-P,178.05,0.0,0.002,10.0,0.0,0.0,0.0,0.0393,-0.01679,-2.11422,0.00039,-0.98458
179.16,ETH-27SEP19,1567594740289,open,3.01,0.0,2.902,3.143,3.018755,125.0,None,0.0,ETH-27SEP19-720-P,178.05,0.0,0.0,0.0,0.0,0.0,0.0,2e-05,-5e-05,-0.45125,0.0,-0.99999
179.16,ETH-27SEP19,1567594740296,open,2.57,0.0,2.469,2.682,2.572229,125.0,None,0.0,ETH-27SEP19-640-P,178.05,0.0,0.0,0.0,0.0,0.0,0.0,8e-05,-0.00023,-0.4011,0.0,-0.99995
179.16,ETH-27SEP19,1567594740308,open,1.45,0.0,1.385,1.532,1.456195,125.0,None,0.0,ETH-27SEP19-440-P,178.05,0.0,0.0,0.0,0.0,0.0,0.0,0.00449,-0.01227,-0.27542,0.00018,-0.99668
181.47,ETH-27DEC19,1567594740315,open,0.15,1240.0,0.099,0.188,0.146889,83.51,0.155,0.0,ETH-27DEC19-200-C,178.05,81.31,0.142,324.0,0.15,200.0,84.91,0.40425,-0.14823,0.20552,0.00471,0.50989
181.47,ETH-27DEC19,1567594740315,open,0.6,432.0,0.533,0.67,0.60165,86.07,0.66,0.0,ETH-27DEC19-280-P,178.05,56.47,0.558,240.0,0.61,3.0,90.65,0.32486,-0.12277,-0.76295,0.00367,-0.74593
179.16,ETH-27SEP19,1567594740315,open,0.56,730.0,0.518,0.618,0.565923,93.09,0.533,0.0,ETH-27SEP19-280-P,178.05,0.0,0.002,20.0,0.57,3.0,108.77,0.03545,-0.07213,-0.17179,0.00189,-0.96402
179.16,ETH-27SEP19,1567594740315,open,3.24,0.0,3.119,3.373,3.242019,125.0,None,0.0,ETH-27SEP19-760-P,178.05,0.0,0.0,0.0,0.0,0.0,0.0,1e-05,-2e-05,-0.47632,0.0,-1.0
179.16,ETH-27SEP19,1567594740317,open,1.68,0.0,1.602,1.762,1.679283,125.0,None,0.0,ETH-27SEP19-480-P,178.05,0.0,0.0,0.0,0.0,0.0,0.0,0.00203,-0.00555,-0.30069,8e-05,-0.99862
181.47,ETH-27DEC19,1567594740317,open,0.01,2473.0,0.001,0.015,0.005053,93.87,0.004,0.0,ETH-27DEC19-560-C,178.05,87.43,0.003,250.0,0.007,340.0,98.51,0.06815,-0.02809,0.01388,0.00071,0.02957
179.16,ETH-27SEP19,1567594740317,open,0.46,1241.0,0.411,0.506,0.456796,90.14,0.426,0.0,ETH-27SEP19-260-P,178.05,0.0,0.007,15.0,0.46,3.0,99.34,0.05488,-0.10811,-0.15661,0.00303,-0.93791
179.16,ETH-27SEP19,1567594740320,open,0.9,294.0,0.843,0.959,0.898754,106.83,1.024,0.0,ETH-27SEP19-340-P,178.05,0.0,0.871,5.0,0.934,5.0,206.89,0.01386,-0.03237,-0.21187,0.00065,-0.98814
181.47,ETH-27DEC19,1567594740323,open,0.06,1048.0,0.027,0.092,0.058695,86.07,0.062,0.0,ETH-27DEC19-280-C,178.05,84.56,0.056,32.0,0.062,203.0,87.9,0.32486,-0.12277,0.11061,0.00367,0.25407
179.16,ETH-27SEP19,1567594740325,open,0.23,214.0,0.201,0.258,0.230307,85.67,0.227,0.0,ETH-27SEP19-140-C,178.05,0.0,0.208,18.0,0.23,3.0,84.99,0.08119,-0.15203,0.07471,0.00471,0.89565
179.16,ETH-27SEP19,1567594740325,open,2.79,0.0,2.685,2.912,2.795491,125.0,None,0.0,ETH-27SEP19-680-P,178.05,0.0,0.0,0.0,0.0,0.0,0.0,4e-05,-0.00011,-0.42618,0.0,-0.99998
181.47,ETH-27DEC19,1567594740325,open,3.18,0.0,3.067,3.324,3.190038,101.19,None,0.0,ETH-27DEC19-760-P,178.05,0.0,0.0,0.0,0.0,0.0,0.0,0.03208,-0.01425,-2.36536,0.00031,-0.98782
183.51,SYN.ETH-27MAR20,1567594740328,open,1.24,0.0,1.148,1.335,1.24015,90.71,None,0.0,ETH-27MAR20-400-P,178.05,0.0,0.001,10.0,1.269,3.0,103.15,0.39614,-0.0877,-2.0912,0.00231,-0.79008
181.47,ETH-27DEC19,1567594740331,open,0.07,213.0,0.04,0.105,0.071911,82.78,0.065,0.0,ETH-27DEC19-140-P,178.05,79.75,0.067,292.0,0.075,332.0,84.67,0.29544,-0.10738,-0.16192,0.00347,-0.21409
181.47,ETH-27DEC19,1567594740464,open,0.18,102.0,0.126,0.226,0.178062,82.78,0.18,0.0,ETH-27DEC19-180-P,178.05,80.9,0.174,32.0,0.183,200.0,85.06,0.39205,-0.14249,-0.32828,0.00461,-0.40177
179.87,SYN.ETH-25OCT19,1567594740478,open,0.12,104.0,0.08,0.163,0.122304,82.16,0.126,0.0,ETH-25OCT19-180-P,178.05,79.92,0.119,96.0,0.126,268.0,84.68,0.26487,-0.21388,-0.14097,0.00715,-0.43997
183.51,SYN.ETH-27MAR20,1567594740483,open,1.44,0.0,1.351,1.545,1.446127,91.26,None,0.0,ETH-27MAR20-440-P,178.05,0.0,0.002,10.0,1.481,3.0,107.41,0.35352,-0.07873,-2.34004,0.00205,-0.82568
178.14,SYN.ETH-6SEP19,1567594740598,open,0.12,15.0,0.091,0.16,0.124032,95.07,0.105,0.0,ETH-6SEP19-200-P,178.05,0.0,0.0,0.0,0.129,200.0,138.31,0.01275,-0.32324,-0.00985,0.00823,-0.95197
181.47,ETH-27DEC19,1567594740606,open,0.33,242.0,0.265,0.387,0.327928,83.97,0.371,0.0,ETH-27DEC19-220-P,178.05,82.18,0.324,24.0,0.336,3.0,87.64,0.39816,-0.1468,-0.50829,0.00462,-0.56985
10602.27,SYN.BTC-13SEP19,1567594740610,open,0.2,0.1,0.1825,0.219,0.20015793,81.37,0.1275,0.0,BTC-13SEP19-8500-C,10570.08,0.0,0.198,10.0,0.2055,5.0,110.27,1.29325,-5.92819,1.97052,6e-05,0.96447
10576.88,SYN.BTC-6SEP19,1567594740610,open,0.0,511.2,0.0005,0.0105,0.00013581,120.0,0.0005,0.0,BTC-6SEP19-8500-P,10570.08,0.0,0.0,0.0,0.0005,12.0,141.34,0.10728,-1.43644,-0.00273,2e-05,-0.00488
183.51,SYN.ETH-27MAR20,1567594740641,open,1.65,0.0,1.557,1.759,1.654995,91.8,None,0.0,ETH-27MAR20-480-P,178.05,0.0,0.003,10.0,0.0,0.0,0.0,0.31469,-0.07051,-2.58443,0.00181,-0.85408
10699.07,SYN.BTC-25OCT19,1567594740644,open,0.43,0.0,0.3855,0.469,0.42614663,81.63,None,0.0,BTC-25OCT19-15000-P,10570.08,0.0,0.0,0.0,0.0,0.0,0.0,10.08753,-8.093,-18.74087,8e-05,-0.83054
10923.89,SYN.BTC-27MAR20,1567594740656,open,0.04,75.2,0.017,0.06,0.03654867,80.43,0.0365,0.0,BTC-27MAR20-6000-P,10570.08,78.83,0.0345,5.0,0.037,13.0,80.78,14.10489,-2.76878,-8.2225,3e-05,-0.09755
10699.07,SYN.BTC-25OCT19,1567594740680,open,0.0,209.4,0.0005,0.0125,0.00267926,82.52,0.0025,0.0,BTC-25OCT19-6000-P,10570.08,78.61,0.002,10.0,0.0035,13.0,86.52,2.02414,-1.64157,-0.35469,2e-05,-0.0211
181.47,ETH-27DEC19,1567594740689,open,0.07,2.0,0.037,0.109,0.073117,85.37,0.064,0.0,ETH-27DEC19-260-C,178.05,83.76,0.07,332.0,0.076,200.0,86.84,0.35402,-0.13269,0.13016,0.00404,0.30302
179.87,SYN.ETH-25OCT19,1567594740689,open,0.05,2.0,0.024,0.082,0.052918,83.01,0.056,0.0,ETH-25OCT19-220-C,178.05,80.78,0.05,128.0,0.056,625.0,85.34,0.23703,-0.19337,0.06454,0.00633,0.31035
178.14,SYN.ETH-6SEP19,1567594740689,open,0.0,95.0,0.001,0.011,0.000493,107.57,0.001,0.0,ETH-6SEP19-210-C,178.05,0.0,0.0,0.0,0.001,300.0,120.03,0.00568,-0.08783,0.00016,0.00324,0.01808
10923.89,SYN.BTC-27MAR20,1567594740705,open,0.1,25.9,0.051,0.141,0.09465295,83.72,0.1,0.0,BTC-27MAR20-18000-C,10570.08,82.72,0.092,0.4,0.0955,0.2,84.04,29.06083,-5.93764,13.4914,5e-05,0.31468
178.48,SYN.ETH-13SEP19,1567594740715,open,0.12,0.0,0.084,0.147,0.117204,83.16,None,0.0,ETH-13SEP19-160-C,178.05,72.42,0.113,40.0,0.12,40.0,89.77,0.07354,-0.34454,0.03041,0.01142,0.81798
181.47,ETH-27DEC19,1567594740772,open,0.5,0.0,0.439,0.571,0.50586,85.37,None,0.0,ETH-27DEC19-260-P,178.05,64.23,0.468,240.0,0.514,3.0,89.49,0.35402,-0.13269,-0.68101,0.00404,-0.69698
179.87,SYN.ETH-25OCT19,1567594740774,open,0.28,0.0,0.224,0.326,0.276018,83.01,None,0.0,ETH-25OCT19-220-P,178.05,0.0,0.0,0.0,0.282,3.0,87.5,0.23703,-0.19337,-0.24211,0.00633,-0.68965
183.51,SYN.ETH-27MAR20,1567594740809,open,1.86,0.0,1.764,1.974,1.865474,92.03,None,0.0,ETH-27MAR20-520-P,178.05,0.0,0.005,10.0,0.0,0.0,0.0,0.27795,-0.06243,-2.82605,0.0016,-0.87818
179.87,SYN.ETH-25OCT19,1567594740852,open,0.04,34.0,0.013,0.06,0.034801,83.98,0.037,0.0,ETH-25OCT19-240-C,178.05,81.43,0.032,128.0,0.038,666.0,86.81,0.20023,-0.16525,0.04711,0.00529,0.2227
178.48,SYN.ETH-13SEP19,1567594740861,open,0.08,52.0,0.044,0.108,0.077517,82.77,0.08,0.0,ETH-13SEP19-170-C,178.05,74.71,0.073,200.0,0.078,200.0,83.63,0.10071,-0.4696,0.02574,0.01571,0.67065
10699.07,SYN.BTC-25OCT19,1567594740880,open,0.6,0.0,0.5615,0.6425,0.59985656,82.06,None,0.0,BTC-25OCT19-17000-P,10570.08,0.0,0.0,0.0,0.0,0.0,0.0,6.33549,-5.10956,-22.55822,5e-05,-0.9128
183.51,SYN.ETH-27MAR20,1567594740894,open,0.03,324.0,0.008,0.053,0.027006,93.02,0.03,0.0,ETH-27MAR20-560-C,178.05,89.96,0.023,40.0,0.031,340.0,95.85,0.25037,-0.05684,0.08056,0.00142,0.10522
179.87,SYN.ETH-25OCT19,1567594740922,open,0.37,0.0,0.316,0.422,0.369093,83.98,None,0.0,ETH-25OCT19-240-P,178.05,0.0,0.0,0.0,0.375,3.0,89.16,0.20023,-0.16525,-0.28742,0.00529,-0.7773
178.14,SYN.ETH-6SEP19,1567594740924,open,0.0,381.0,0.001,0.011,0.000309,124.98,0.001,0.0,ETH-6SEP19-220-C,178.05,0.0,0.0,0.0,0.001,243.0,147.33,0.00353,-0.05505,9e-05,0.00173,0.01042
10576.88,SYN.BTC-6SEP19,1567594740926,open,0.0,300.4,0.0005,0.0185,0.00454769,78.27,0.0045,0.0,BTC-6SEP19-10000-P,10570.08,71.77,0.0035,51.5,0.0055,15.3,83.73,1.78393,-37.21991,-0.08512,0.0004,-0.15206
10802.62,BTC-27DEC19,1567594740924,open,0.38,50.4,0.356,0.41,0.38309602,79.93,0.375,0.0,BTC-27DEC19-7000-C,10570.08,76.56,0.3795,15.5,0.3845,14.5,81.2,11.7862,-4.13625,16.88089,4e-05,0.88397
10576.88,SYN.BTC-6SEP19,1567594740946,open,0.28,0.0,0.2515,0.3035,0.27643457,120.14,None,0.0,BTC-6SEP19-13500-P,10570.08,0.0,0.269,1.0,0.282,1.0,229.37,0.06166,-1.97471,-0.69235,1e-05,-0.99737
179.87,SYN.ETH-25OCT19,1567594740948,open,0.57,0.0,0.518,0.63,0.572379,86.62,None,0.0,ETH-25OCT19-280-P,178.05,0.0,0.0,0.0,0.578,3.0,93.89,0.12933,-0.1101,-0.3657,0.00331,-0.88625
10602.27,SYN.BTC-13SEP19,1567594740962,open,0.0,213.4,0.0005,0.0115,0.00195636,84.58,0.002,0.0,BTC-13SEP19-13500-C,10570.08,80.81,0.0015,30.0,0.0025,13.1,88.44,1.38685,-6.60787,0.09472,6e-05,0.0387
10699.07,SYN.BTC-25OCT19,1567594740980,open,0.36,0.0,0.3355,0.374,0.3542816,80.33,None,0.0,BTC-25OCT19-7000-C,10570.08,0.0,0.3455,10.0,0.0,0.0,0.0,4.68614,-3.69952,8.75206,4e-05,0.94116
10602.26,SYN.BTC-13SEP19,1567594740985,open,0.23,0.0,0.203,0.2595,0.22956937,82.45,None,0.0,BTC-13SEP19-13000-P,10570.08,0.0,0.0,0.0,0.0,0.0,0.0,2.07275,-9.6268,-3.00485,9e-05,-0.93594
179.87,SYN.ETH-25OCT19,1567594741001,open,0.02,350.0,0.007,0.044,0.022879,84.89,0.023,0.0,ETH-25OCT19-260-C,178.05,82.76,0.021,128.0,0.025,492.0,87.2,0.16183,-0.13501,0.03379,0.00423,0.15767
181.47,ETH-27DEC19,1567594741013,open,0.03,702.0,0.01,0.055,0.030036,86.89,0.033,0.0,ETH-27DEC19-340-C,178.05,86.07,0.029,32.0,0.031,3.0,87.63,0.23276,-0.0888,0.06601,0.00261,0.14662
10923.81,SYN.BTC-27MAR20,1567594741063,open,0.02,2.1,0.0055,0.0465,0.0210237,89.45,0.0165,0.0,BTC-27MAR20-34000-C,10570.08,88.58,0.02,1.0,0.022,25.0,90.26,12.96406,-2.83009,4.04828,2e-05,0.08705
10602.26,SYN.BTC-13SEP19,1567594741065,open,0.18,0.0,0.1575,0.2155,0.18527983,81.34,None,0.0,BTC-13SEP19-12500-P,10570.08,0.0,0.0,0.0,0.0,0.0,0.0,3.07749,-14.10156,-2.7762,0.00014,-0.89154
179.87,SYN.ETH-25OCT19,1567594741069,open,0.47,0.0,0.415,0.523,0.468361,84.89,None,0.0,ETH-25OCT19-260-P,178.05,0.0,0.0,0.0,0.474,3.0,90.89,0.16183,-0.13501,-0.32861,0.00423,-0.84233
10802.61,BTC-27DEC19,1567594741104,open,0.13,407.8,0.091,0.175,0.1334767,78.98,0.1325,0.0,BTC-27DEC19-10000-P,10570.08,77.54,0.1305,0.4,0.135,11.0,79.72,22.26014,-7.71979,-16.16667,8e-05,-0.34621
10576.88,SYN.BTC-6SEP19,1567594741107,open,0.15,50.1,0.132,0.1675,0.1493865,100.97,0.153,0.0,BTC-6SEP19-9000-C,10570.08,0.0,0.1475,0.6,0.151,0.6,137.25,0.23181,-6.23939,0.45597,4e-05,0.98829
10652.98,BTC-27SEP19,1567594741113,open,0.0,428.2,0.0005,0.0105,8.394e-05,120.0,0.0005,0.0,BTC-27SEP19-28000-C,10570.08,0.0,0.0,0.0,0.0005,12.0,140.21,0.09659,-0.25335,0.00667,0.0,0.00108
10652.98,BTC-27SEP19,1567594741113,open,0.49,221.9,0.4735,0.496,0.48425236,110.17,0.446,0.0,BTC-27SEP19-5500-C,10570.08,0.0,0.476,10.0,0.4915,10.0,169.96,0.42818,-1.03106,3.40587,1e-05,0.99438
10802.54,BTC-27DEC19,1567594741113,open,0.02,242.5,0.008,0.0395,0.02173257,79.99,0.0225,0.0,BTC-27DEC19-6500-P,10570.08,78.58,0.0205,24.0,0.023,28.0,81.41,9.54239,-3.35139,-3.65979,3e-05,-0.08686
10802.54,BTC-27DEC19,1567594741113,open,0.01,442.6,0.0005,0.017,0.00571745,88.53,0.0065,0.0,BTC-27DEC19-30000-C,10570.08,85.45,0.0045,33.0,0.0065,24.0,90.29,4.60768,-1.79101,0.97007,1e-05,0.0345
10652.98,BTC-27SEP19,1567594741116,open,0.0,291.4,0.0005,0.0105,0.00034768,116.51,0.0005,0.0,BTC-27SEP19-24000-C,10570.08,0.0,0.0,0.0,0.001,51.0,130.28,0.32728,-0.83345,0.02546,0.0,0.00416
10652.98,BTC-27SEP19,1567594741116,open,0.0,761.0,0.0005,0.0105,1.569e-05,120.0,0.0005,0.0,BTC-27SEP19-32000-C,10570.08,0.0,0.0,0.0,0.0005,12.0,156.62,0.02239,-0.05873,0.00139,0.0,0.00022
10652.98,BTC-27SEP19,1567594741116,open,0.0,1118.7,0.0005,0.0105,5.824e-05,120.0,0.0005,0.0,BTC-27SEP19-4250-P,10570.08,0.0,0.0,0.0,0.0005,42.0,148.29,0.06176,-0.16199,-0.00483,0.0,-0.00067
10652.98,BTC-27SEP19,1567594741126,open,0.65,0.0,0.638,0.6575,0.64799951,121.53,None,0.0,BTC-27SEP19-3750-C,10570.08,0.0,0.0045,10.0,0.664,10.0,300.61,0.0173,-0.04596,2.34902,0.0,0.99983
10652.98,BTC-27SEP19,1567594741131,open,0.0,1660.1,0.0005,0.0105,0.0,120.0,0.0005,0.0,BTC-27SEP19-1500-P,10570.08,0.0,0.0,0.0,0.0005,133.1,309.61,0.0,0.0,0.0,0.0,0.0
178.14,SYN.ETH-6SEP19,1567594741141,open,0.0,271.0,0.001,0.011,6.5e-05,125.0,0.001,0.0,ETH-6SEP19-230-C,178.05,0.0,0.0,0.0,0.001,250.0,172.61,0.00099,-0.01159,2e-05,0.00049,0.0025
10652.98,BTC-27SEP19,1567594741146,open,0.0,422.0,0.0005,0.0105,4.32e-06,120.0,0.0005,0.0,BTC-27SEP19-3500-P,10570.08,0.0,0.0,0.0,0.0005,43.0,177.8,0.0063,-0.01652,-0.00041,0.0,-6e-05
10652.98,BTC-27SEP19,1567594741151,open,0.56,13.5,0.5445,0.564,0.55433692,120.16,0.382,0.0,BTC-27SEP19-4750-C,10570.08,0.0,0.0045,10.0,0.5885,5.0,299.66,0.19108,-0.50187,2.96021,0.0,0.99771
10652.98,BTC-27SEP19,1567594741151,open,0.0,484.6,0.0005,0.0105,2.692e-05,120.0,0.0005,0.0,BTC-27SEP19-4000-P,10570.08,0.0,0.0,0.0,0.0005,44.0,157.49,0.03167,-0.08306,-0.00234,0.0,-0.00032
10652.98,BTC-27SEP19,1567594741153,open,0.63,227.5,0.615,0.6345,0.62454759,120.8,0.606,0.0,BTC-27SEP19-4000-C,10570.08,0.0,0.111,2.0,0.644,5.0,298.79,0.03397,-0.08969,2.5044,0.0,0.99965
10602.26,SYN.BTC-13SEP19,1567594741170,open,0.03,287.2,0.011,0.057,0.03316606,78.45,0.032,0.0,BTC-13SEP19-11000-C,10570.08,76.52,0.032,15.6,0.0355,5.7,82.31,6.40871,-28.32428,0.95921,0.0003,0.40522
10802.54,BTC-27DEC19,1567594741176,open,0.31,110.3,0.2595,0.3655,0.31317854,80.24,0.316,0.0,BTC-27DEC19-13000-P,10570.08,77.19,0.3065,19.8,0.318,15.0,82.44,23.64539,-8.33104,-29.93269,8e-05,-0.57496
10652.98,BTC-27SEP19,1567594741176,open,0.01,1313.5,0.0005,0.0175,0.00668622,82.36,0.0075,0.0,BTC-27SEP19-8000-P,10570.08,80.21,0.006,16.0,0.0075,30.0,84.77,3.49502,-6.29156,-0.49752,6e-05,-0.06783
10652.98,BTC-27SEP19,1567594741176,open,0.05,712.8,0.025,0.077,0.05003983,79.52,0.0525,0.0,BTC-27SEP19-10000-P,10570.08,78.38,0.049,4.4,0.052,0.4,81.65,9.75235,-16.94949,-2.59232,0.00017,-0.33823
10802.54,BTC-27DEC19,1567594741176,open,0.01,179.3,0.0005,0.014,0.00442545,89.47,0.005,0.0,BTC-27DEC19-32000-C,10570.08,86.63,0.0035,39.0,0.005,24.0,91.04,3.78805,-1.48813,0.76867,1e-05,0.02723
183.51,SYN.ETH-27MAR20,1567594741176,open,2.29,0.0,2.182,2.41,2.291657,93.02,None,0.0,ETH-27MAR20-600-P,178.05,0.0,0.02,10.0,0.0,0.0,0.0,0.2201,-0.04997,-3.29957,0.00125,-0.91171
10652.98,BTC-27SEP19,1567594741188,open,1.25,0.2,1.209,1.3005,1.25322573,116.09,1.6,0.0,BTC-27SEP19-24000-P,10570.08,0.0,0.0,0.0,0.0,0.0,0.0,0.31825,-0.80756,-15.01687,0.0,-0.99597
10652.98,BTC-27SEP19,1567594741190,open,0.24,38.1,0.206,0.276,0.2403113,82.09,0.26,0.0,BTC-27SEP19-13000-P,10570.08,74.75,0.2355,12.7,0.2455,5.0,89.37,7.31179,-13.11904,-6.99103,0.00013,-0.80679
10652.98,BTC-27SEP19,1567594741190,open,0.01,467.5,0.0005,0.025,0.01034499,82.75,0.0105,0.0,BTC-27SEP19-14000-C,10570.08,80.94,0.0095,24.0,0.0115,64.0,85.11,5.08362,-9.19418,0.67947,9e-05,0.11211
10802.54,BTC-27DEC19,1567594741190,open,0.04,236.9,0.0195,0.067,0.04168724,79.12,0.042,0.0,BTC-27DEC19-7500-P,10570.08,78.58,0.041,2.0,0.043,25.0,80.13,13.92006,-4.83573,-6.38078,5e-05,-0.14764
10652.98,BTC-27SEP19,1567594741192,open,0.0,1138.1,0.0005,0.0115,0.001916,87.86,0.002,0.0,BTC-27SEP19-7000-P,10570.08,84.42,0.0015,15.1,0.0025,24.0,92.0,1.38578,-2.66133,-0.15794,2e-05,-0.02174
10652.98,BTC-27SEP19,1567594741192,open,0.81,28.2,0.8025,0.822,0.81226034,166.79,0.755,0.0,BTC-27SEP19-2000-C,10570.08,0.0,0.8065,13.9,0.818,13.9,376.88,0.00148,-0.00538,1.25337,0.0,0.99999
10802.54,BTC-27DEC19,1567594741195,open,0.01,368.4,0.0005,0.016,0.00614605,82.84,0.0055,0.0,BTC-27DEC19-5000-P,10570.08,81.04,0.0055,24.0,0.007,31.0,85.07,3.98821,-1.45069,-1.18351,1e-05,-0.02897
10802.54,BTC-27DEC19,1567594741203,open,2.33,1.3,2.268,2.4095,2.33534695,91.39,2.2,0.0,BTC-27DEC19-36000-P,10570.08,0.0,0.0,0.0,0.0,0.0,0.0,2.63733,-1.05824,-111.81236,1e-05,-0.98227
10923.81,SYN.BTC-27MAR20,1567594741203,open,0.74,0.0,0.6735,0.8125,0.74241285,83.71,0.8095,0.0,BTC-27MAR20-18000-P,10570.08,0.0,0.0005,6.0,0.0,0.0,0.0,29.05938,-5.93694,-87.54416,5e-05,-0.68535
10802.54,BTC-27DEC19,1567594741207,open,0.54,65.4,0.53,0.5585,0.54329498,82.85,0.608,0.0,BTC-27DEC19-5000-C,10570.08,0.0,0.5315,12.0,0.553,12.0,102.88,3.98929,-1.45123,14.41548,1e-05,0.97102
10802.54,BTC-27DEC19,1567594741211,open,0.0,210.9,0.0005,0.0105,0.00074269,108.72,0.0005,0.0,BTC-27DEC19-2500-P,10570.08,103.79,0.0005,1.1,0.001,43.2,112.85,0.6062,-0.28939,-0.13722,0.0,-0.00333
178.14,SYN.ETH-6SEP19,1567594741213,open,0.0,18.0,0.001,0.011,4e-06,125.0,0.004,0.0,ETH-6SEP19-130-P,178.05,0.0,0.0,0.0,0.001,300.0,215.32,9e-05,-0.00075,0.0,4e-05,-0.00019
10652.98,BTC-27SEP19,1567594741216,open,0.7,0.5,0.685,0.7045,0.6949245,126.08,0.694,0.0,BTC-27SEP19-3250-C,10570.08,0.0,0.0045,10.0,0.76,0.5,500.0,0.00492,-0.01354,2.03656,0.0,0.99996
10652.98,BTC-27SEP19,1567594741234,open,0.0,657.8,0.0005,0.0105,0.00025133,114.48,0.0005,0.0,BTC-27SEP19-5000-P,10570.08,0.0,0.0,0.0,0.0005,57.0,123.63,0.22165,-0.55463,-0.01968,0.0,-0.0027
10802.54,BTC-27DEC19,1567594741234,open,0.04,463.8,0.0155,0.0705,0.04001516,82.85,0.0425,0.0,BTC-27DEC19-18000-C,10570.08,81.85,0.0385,23.1,0.041,18.0,83.5,16.45944,-5.98764,5.10957,5e-05,0.19162
10802.54,BTC-27DEC19,1567594741239,open,0.0,423.1,0.0005,0.012,0.00220818,87.2,0.0025,0.0,BTC-27DEC19-4000-P,10570.08,82.35,0.0015,34.0,0.003,39.9,91.56,1.77584,-0.67991,-0.45209,1e-05,-0.01121
10802.54,BTC-27DEC19,1567594741247,open,0.26,170.1,0.2165,0.2935,0.25670749,78.99,0.255,0.0,BTC-27DEC19-9000-C,10570.08,77.5,0.254,3.9,0.26,19.0,80.8,19.6843,-6.82709,16.18982,7e-05,0.73708
10652.98,BTC-27SEP19,1567594741247,open,0.32,54.0,0.292,0.36,0.32452262,82.73,0.466,0.0,BTC-27SEP19-14000-P,10570.08,0.0,0.313,6.1,0.3375,5.0,105.25,5.0817,-9.18871,-8.09511,9e-05,-0.88794
10652.98,BTC-27SEP19,1567594741247,open,0.0,780.9,0.0005,0.0105,0.00076962,101.97,0.001,0.0,BTC-27SEP19-20000-C,10570.08,97.14,0.0005,11.5,0.001,46.0,105.21,0.68869,-1.5349,0.05925,1e-05,0.00964
10652.98,BTC-27SEP19,1567594741247,open,0.0,523.6,0.0005,0.0125,0.002859,85.37,0.0025,0.0,BTC-27SEP19-16000-C,10570.08,80.57,0.002,39.0,0.0035,23.0,88.4,2.11959,-3.9551,0.22276,3e-05,0.03622
10802.54,BTC-27DEC19,1567594741247,open,0.0,474.1,0.0005,0.0125,0.00282206,91.49,0.003,0.0,BTC-27DEC19-36000-C,10570.08,87.73,0.002,34.5,0.0035,24.0,94.05,2.65334,-1.06584,0.50682,1e-05,0.01786
10802.54,BTC-27DEC19,1567594741247,open,0.0,248.0,0.0005,0.011,0.00129285,90.82,0.002,0.0,BTC-27DEC19-3500-P,10570.08,87.77,0.001,10.0,0.0015,5.7,92.72,1.12485,-0.44857,-0.26795,0.0,-0.00666
10802.54,BTC-27DEC19,1567594741257,open,0.5,73.3,0.484,0.5185,0.50047895,81.31,0.4875,0.0,BTC-27DEC19-5500-C,10570.08,0.0,0.486,11.0,0.5125,11.0,100.32,5.54686,-1.98036,15.37508,2e-05,0.95668
10802.54,BTC-27DEC19,1567594741257,open,0.0,399.5,0.0005,0.012,0.00204592,94.2,0.002,0.0,BTC-27DEC19-40000-C,10570.08,90.96,0.0015,7.0,0.0025,34.0,96.45,2.02547,-0.83774,0.37059,1e-05,0.01304
10802.54,BTC-27DEC19,1567594741257,open,0.38,291.5,0.3305,0.439,0.38496849,80.74,0.4235,0.0,BTC-27DEC19-14000-P,10570.08,72.02,0.367,7.1,0.394,6.0,85.02,22.6461,-8.02837,-34.42993,8e-05,-0.63661
10652.98,BTC-27SEP19,1567594741264,open,0.0,1173.0,0.0005,0.0105,0.00072044,100.42,0.0005,0.0,BTC-27SEP19-6000-P,10570.08,95.89,0.0005,21.0,0.001,16.8,104.97,0.58424,-1.28241,-0.05819,1e-05,-0.00799
10923.81,SYN.BTC-27MAR20,1567594741264,open,1.77,0.0,1.7025,1.854,1.77393491,87.34,None,0.0,BTC-27MAR20-30000-P,10570.08,0.0,0.0,0.0,0.0,0.0,0.0,15.57658,-3.32039,-163.22605,3e-05,-0.88812
10802.54,BTC-27DEC19,1567594741268,open,0.46,206.7,0.4065,0.5165,0.46133375,81.46,0.4445,0.0,BTC-27DEC19-15000-P,10570.08,75.08,0.449,6.5,0.4715,6.5,86.54,21.30646,-7.62034,-38.7811,7e-05,-0.68935
10652.98,BTC-27SEP19,1567594741270,open,0.86,42.8,0.8495,0.869,0.85919512,190.93,0.815,0.0,BTC-27SEP19-1500-C,10570.08,0.0,0.854,14.5,0.8615,14.5,378.84,0.00086,-0.0036,0.94004,0.0,0.99999
10802.54,BTC-27DEC19,1567594741270,open,0.32,220.4,0.2805,0.347,0.31472157,78.99,0.28,0.0,BTC-27DEC19-8000-C,10570.08,77.15,0.312,4.0,0.318,14.6,81.19,16.03623,-5.56195,16.90415,6e-05,0.81629
10652.98,BTC-27SEP19,1567594741280,open,0.44,713.5,0.4255,0.45,0.43750093,100.48,0.416,0.0,BTC-27SEP19-6000-C,10570.08,0.0,0.428,10.0,0.439,10.0,118.47,0.58599,-1.287,3.702,1e-05,0.99198
10802.54,BTC-27DEC19,1567594741280,open,0.59,6.5,0.576,0.599,0.58689415,83.54,0.575,0.0,BTC-27DEC19-4500-C,10570.08,0.0,0.5775,12.0,0.595,12.0,106.41,2.59868,-0.95321,13.33534,1e-05,0.98257
10923.81,SYN.BTC-27MAR20,1567594741283,open,1.24,0.0,1.177,1.3215,1.24624135,85.86,None,0.0,BTC-27MAR20-24000-P,10570.08,0.0,0.0,0.0,0.0,0.0,0.0,21.73905,-4.55541,-126.47547,4e-05,-0.81645
10802.54,BTC-27DEC19,1567594741303,open,0.7,12.4,0.653,0.763,0.7062776,82.84,0.559,0.0,BTC-27DEC19-18000-P,10570.08,70.69,0.6895,1.1,0.722,1.1,92.55,16.45758,-5.98638,-51.04909,5e-05,-0.80841
10802.54,BTC-27DEC19,1567594741312,open,0.0,542.5,0.0005,0.013,0.00346013,83.53,0.003,0.0,BTC-27DEC19-4500-P,10570.08,81.53,0.003,34.0,0.004,31.0,85.68,2.59747,-0.95264,-0.70372,1e-05,-0.01742
10652.98,BTC-27SEP19,1567594741312,open,1.06,0.2,1.025,1.1095,1.06565507,109.75,1.391,0.0,BTC-27SEP19-22000-P,10570.08,0.0,0.0045,10.0,0.0,0.0,0.0,0.46494,-1.11527,-13.75026,1e-05,-0.99383
10652.98,BTC-27SEP19,1567594741312,open,0.0,350.4,0.0005,0.0105,0.00021861,120.0,0.0005,0.0,BTC-27SEP19-4750-P,10570.08,0.0,0.0,0.0,0.0005,34.3,131.42,0.18921,-0.49628,-0.01658,0.0,-0.00226
10652.98,BTC-27SEP19,1567594741314,open,0.41,32.5,0.382,0.4485,0.41347454,84.01,0.471,0.0,BTC-27SEP19-15000-P,10570.08,0.0,0.4015,5.1,0.427,4.0,114.07,3.34159,-6.13607,-9.00975,6e-05,-0.93599
10802.54,BTC-27DEC19,1567594741314,open,0.72,0.0,0.7135,0.733,0.72309453,96.55,None,0.0,BTC-27DEC19-3000-C,10570.08,0.0,0.0065,0.1,0.9535,0.5,500.0,0.72757,-0.30842,9.19495,0.0,0.99592
10652.98,BTC-27SEP19,1567594741317,open,0.0,605.0,0.0005,0.0105,0.00053643,110.08,0.0005,0.0,BTC-27SEP19-5500-P,10570.08,0.0,0.0,0.0,0.001,51.0,119.3,0.4263,-1.02574,-0.04095,1e-05,-0.0056
10802.54,BTC-27DEC19,1567594741317,open,0.01,163.4,0.0005,0.0205,0.00745794,87.46,0.008,0.0,BTC-27DEC19-28000-C,10570.08,84.47,0.006,57.0,0.0085,24.0,89.38,5.62256,-2.15909,1.23349,2e-05,0.04406
10652.98,BTC-27SEP19,1567594741317,open,0.72,225.7,0.7085,0.728,0.71839093,131.15,0.693,0.0,BTC-27SEP19-3000-C,10570.08,0.0,0.0045,20.0,0.7935,5.0,500.0,0.00324,-0.0093,1.87999,0.0,0.99997
10802.54,BTC-27DEC19,1567594741317,open,1.96,0.3,1.905,2.035,1.96667254,89.42,1.875,0.0,BTC-27DEC19-32000-P,10570.08,0.0,0.0,0.0,0.0,0.0,0.0,3.77724,-1.48297,-99.07005,1e-05,-0.97286
10802.54,BTC-27DEC19,1567594741317,open,0.0,231.8,0.0005,0.0105,0.00011008,120.0,0.0005,0.0,BTC-27DEC19-1500-P,10570.08,0.0,0.0,0.0,0.0005,1.0,139.77,0.11075,-0.05835,-0.02116,0.0,-0.00052
10802.54,BTC-27DEC19,1567594741325,open,0.0,126.2,0.0005,0.0105,0.00049292,119.16,0.0005,0.0,BTC-27DEC19-2000-P,10570.08,0.0,0.0,0.0,0.001,36.0,129.77,0.39519,-0.20677,-0.08647,0.0,-0.00207
10802.54,BTC-27DEC19,1567594741325,open,2.7,0.0,2.6305,2.7855,2.70485136,94.05,2.58,0.0,BTC-27DEC19-40000-P,10570.08,0.0,0.0,0.0,0.0,0.0,0.0,2.00618,-0.82847,-124.4286,1e-05,-0.9871
10652.98,BTC-27SEP19,1567594741325,open,0.0,406.8,0.0005,0.0105,2e-08,120.0,0.0005,0.0,BTC-27SEP19-2500-P,10570.08,0.0,0.0,0.0,0.0005,42.0,229.4,4e-05,-0.00012,0.0,0.0,0.0
10652.98,BTC-27SEP19,1567594741325,open,0.0,684.0,0.0005,0.0105,3.608e-05,120.0,0.0005,0.0,BTC-27SEP19-30000-C,10570.08,0.0,0.0,0.0,0.0005,12.0,148.73,0.04652,-0.12202,0.00303,0.0,0.00049
10652.98,BTC-27SEP19,1567594741325,open,0.0,633.8,0.0005,0.011,0.00120159,92.38,0.001,0.0,BTC-27SEP19-18000-C,10570.08,83.01,0.0005,40.3,0.0015,75.9,95.19,1.04926,-2.11863,0.09668,2e-05,0.01568
10576.88,SYN.BTC-6SEP19,1567594741330,open,0.0,65.8,0.0005,0.0105,1e-08,120.0,0.0005,0.0,BTC-6SEP19-7000-P,10570.08,0.0,0.0,0.0,0.0005,17.0,248.3,2e-05,-0.00011,0.0,0.0,0.0
10602.26,SYN.BTC-13SEP19,1567594741337,open,0.34,0.0,0.3265,0.3545,0.34010884,109.62,None,0.0,BTC-13SEP19-7000-C,10570.08,0.0,0.0,0.0,0.0,0.0,0.0,0.27969,-1.72716,1.68592,1e-05,0.99403
178.14,SYN.ETH-6SEP19,1567594741339,open,0.0,250.0,0.001,0.011,1.2e-05,125.0,0.001,0.0,ETH-6SEP19-240-C,178.05,0.0,0.0,0.0,0.001,253.0,196.22,0.00023,-0.00213,0.0,0.00011,0.00052
10652.98,BTC-27SEP19,1567594741346,open,0.0,146.6,0.0005,0.0105,0.00019735,120.0,0.0005,0.0,BTC-27SEP19-26000-C,10570.08,0.0,0.0,0.0,0.0005,9.2,130.95,0.19965,-0.52365,0.01472,0.0,0.0024
10652.98,BTC-27SEP19,1567594741346,open,0.02,1310.6,0.0065,0.04,0.02099816,80.81,0.0215,0.0,BTC-27SEP19-9000-P,10570.08,80.81,0.021,0.1,0.022,35.3,82.35,6.87437,-12.14182,-1.30851,0.00012,-0.17499
10652.98,BTC-27SEP19,1567594741346,open,0.0,125.2,0.0005,0.0105,1.137e-05,120.0,0.0005,0.0,BTC-27SEP19-3750-P,10570.08,0.0,0.0,0.0,0.0005,42.0,167.3,0.01487,-0.03901,-0.00104,0.0,-0.00014
10652.98,BTC-27SEP19,1567594741346,open,0.0,392.7,0.0005,0.0105,0.00011666,120.0,0.0005,0.0,BTC-27SEP19-4500-P,10570.08,0.0,0.0,0.0,0.0005,40.6,139.62,0.11169,-0.29296,-0.00925,0.0,-0.00127
10802.48,BTC-27DEC19,1567594741361,open,0.68,4.0,0.6675,0.687,0.67729738,90.86,0.666,0.0,BTC-27DEC19-3500-C,10570.08,0.0,0.0205,0.1,0.9725,1.0,500.0,1.12728,-0.44974,10.65095,0.0,0.99333
10652.98,BTC-27SEP19,1567594741367,open,0.6,9.2,0.5915,0.611,0.60111108,120.38,0.574,0.0,BTC-27SEP19-4250-C,10570.08,0.0,0.01,0.1,0.6255,5.0,300.99,0.06362,-0.16739,2.65861,0.0,0.99931
10652.98,BTC-27SEP19,1567594741382,open,0.01,737.8,0.0005,0.016,0.00542576,84.04,0.006,0.0,BTC-27SEP19-15000-C,10570.08,80.94,0.0045,44.0,0.006,22.0,85.82,3.34424,-6.14279,0.3916,6e-05,0.06408
10652.98,BTC-27SEP19,1567594741382,open,0.0,492.7,0.0005,0.0105,0.0,120.0,0.0005,0.0,BTC-27SEP19-2000-P,10570.08,0.0,0.0,0.0,0.0005,86.0,264.11,0.0,0.0,0.0,0.0,0.0
10652.98,BTC-27SEP19,1567594741382,open,0.0,662.8,0.0005,0.0105,0.00051879,110.05,0.0005,0.0,BTC-27SEP19-22000-C,10570.08,0.0,0.0,0.0,0.001,51.0,118.44,0.47405,-1.14032,0.03866,1e-05,0.00631
10802.48,BTC-27DEC19,1567594741382,open,1.05,4.9,1.0035,1.114,1.05572759,84.62,1.0385,0.0,BTC-27DEC19-22000-P,10570.08,0.0,0.006,2.0,1.8095,0.3,500.0,10.76631,-4.0001,-65.83528,3e-05,-0.8977
10802.48,BTC-27DEC19,1567594741388,open,0.82,0.0,0.8055,0.825,0.81535265,119.23,None,0.0,BTC-27DEC19-2000-C,10570.08,0.0,0.0145,0.2,0.9635,0.5,500.0,0.39656,-0.2076,6.15294,0.0,0.99792
10802.48,BTC-27DEC19,1567594741388,open,0.86,0.1,0.8515,0.871,0.86125474,120.16,0.868,0.0,BTC-27DEC19-1500-C,10570.08,0.0,0.853,1.0,0.8695,1.0,215.89,0.11204,-0.05911,4.65839,0.0,0.99948
10802.48,BTC-27DEC19,1567594741390,open,0.01,283.2,0.0005,0.0255,0.01001221,86.52,0.012,0.0,BTC-27DEC19-26000-C,10570.08,84.05,0.0085,56.0,0.011,24.0,88.01,6.95338,-2.64137,1.60111,2e-05,0.05752
10802.48,BTC-27DEC19,1567594741390,open,0.06,585.5,0.029,0.0845,0.05528288,78.99,0.055,0.0,BTC-27DEC19-8000-P,10570.08,77.78,0.0535,0.4,0.057,24.0,80.14,16.03594,-5.56154,-8.05456,6e-05,-0.18371
10802.48,BTC-27DEC19,1567594741392,open,0.03,300.0,0.0135,0.053,0.03108702,79.92,0.0315,0.0,BTC-27DEC19-7000-P,10570.08,79.38,0.0305,0.4,0.032,27.0,80.76,11.78584,-4.13589,-4.95802,4e-05,-0.11602
10802.48,BTC-27DEC19,1567594741392,open,0.0,384.1,0.0005,0.0105,0.00080493,96.51,0.003,0.0,BTC-27DEC19-3000-P,10570.08,91.2,0.0005,10.0,0.001,5.7,99.2,0.72629,-0.30778,-0.16435,0.0,-0.00407
10652.98,BTC-27SEP19,1567594741396,open,0.77,55.9,0.7555,0.775,0.76532522,145.39,0.689,0.0,BTC-27SEP19-2500-C,10570.08,0.0,0.0045,10.0,0.8195,5.0,500.0,0.00182,-0.0058,1.56672,0.0,0.99998
10652.98,BTC-27SEP19,1567594741396,open,0.53,789.2,0.521,0.541,0.53090174,114.61,0.5015,0.0,BTC-27SEP19-5000-C,10570.08,0.0,0.051,1.0,0.571,5.0,299.78,0.22336,-0.55952,3.1138,0.0,0.99728
10923.81,SYN.BTC-27MAR20,1567594741396,open,0.02,19.4,0.0045,0.0405,0.0175186,89.45,0.0135,0.0,BTC-27MAR20-36000-C,10570.08,86.43,0.0145,31.0,0.019,25.0,90.82,11.50313,-2.51117,3.48193,2e-05,0.07431
10802.48,BTC-27DEC19,1567594741399,open,1.23,0.0,1.1825,1.295,1.23537891,85.52,None,0.0,BTC-27DEC19-24000-P,10570.08,0.0,0.006,1.0,1.986,0.2,500.0,8.62899,-3.24,-72.77594,3e-05,-0.92399
178.48,SYN.ETH-13SEP19,1567594741402,open,0.13,0.0,0.095,0.173,0.134042,81.21,None,0.0,ETH-13SEP19-200-P,178.05,74.0,0.131,200.0,0.141,200.0,96.1,0.07831,-0.35825,-0.04047,0.01245,-0.79832
10802.48,BTC-27DEC19,1567594741417,open,0.77,0.0,0.7595,0.779,0.76931735,108.78,None,0.0,BTC-27DEC19-2500-C,10570.08,0.0,0.0205,0.1,0.958,0.5,500.0,0.6079,-0.29034,7.66204,0.0,0.99666
10652.98,BTC-27SEP19,1567594741420,open,0.58,289.7,0.568,0.5875,0.57770242,120.26,0.588,0.0,BTC-27SEP19-4500-C,10570.08,0.0,0.01,0.1,0.6065,5.0,299.47,0.11371,-0.29889,2.81085,0.0,0.99871
10652.98,BTC-27SEP19,1567594741420,open,0.0,586.8,0.0005,0.0105,4.2e-07,120.0,0.0005,0.0,BTC-27SEP19-3000-P,10570.08,0.0,0.0,0.0,0.0005,44.0,201.35,0.00076,-0.002,-4e-05,0.0,-1e-05
10652.98,BTC-27SEP19,1567594741423,open,0.0,49.2,0.0005,0.0105,1.45e-06,120.0,0.0015,0.0,BTC-27SEP19-3250-P,10570.08,0.0,0.0,0.0,0.0005,52.0,189.11,0.00236,-0.00619,-0.00015,0.0,-2e-05
10652.98,BTC-27SEP19,1567594741423,open,0.67,261.1,0.6615,0.681,0.67145961,122.68,0.714,0.0,BTC-27SEP19-3500-C,10570.08,0.0,0.161,1.0,0.684,10.0,300.31,0.00847,-0.02272,2.19299,0.0,0.99992
10802.48,BTC-27DEC19,1567594741426,open,0.42,63.0,0.3965,0.444,0.42002669,80.0,0.4965,0.0,BTC-27DEC19-6500-C,10570.08,45.69,0.4,11.0,0.436,11.0,96.27,9.5437,-3.35219,16.61864,3e-05,0.91313
10802.48,BTC-27DEC19,1567594741435,open,0.01,219.0,0.0005,0.021,0.00961475,81.3,0.008,0.0,BTC-27DEC19-5500-P,10570.08,80.09,0.009,24.0,0.0105,30.0,82.99,5.5458,-1.97979,-1.7838,2e-05,-0.04331
10576.88,SYN.BTC-6SEP19,1567594741454,open,0.0,204.8,0.0005,0.0105,5.3e-07,120.0,0.0005,0.0,BTC-6SEP19-7500-P,10570.08,0.0,0.0,0.0,0.0005,20.9,210.79,0.00087,-0.00556,-1e-05,0.0,-3e-05
10923.92,SYN.BTC-27MAR20,1567594741456,open,0.06,25.8,0.027,0.101,0.0608346,85.35,0.066,0.0,BTC-27MAR20-22000-C,10570.08,84.05,0.058,5.3,0.0635,24.0,86.54,24.17716,-5.03583,9.70535,4e-05,0.21912
178.48,SYN.ETH-13SEP19,1567594741477,open,0.01,351.0,0.001,0.02,0.006611,81.73,0.009,0.0,ETH-13SEP19-210-C,178.05,75.99,0.005,700.0,0.008,200.0,86.19,0.05325,-0.24514,0.0046,0.00841,0.11269
10602.27,SYN.BTC-13SEP19,1567594741469,open,0.01,261.4,0.0005,0.0195,0.00628783,81.35,0.007,0.0,BTC-13SEP19-12500-C,10570.08,78.55,0.0055,10.0,0.0075,35.1,85.36,3.07792,-14.10461,0.26347,0.00014,0.10848
10602.27,SYN.BTC-13SEP19,1567594741481,open,0.01,261.4,0.0005,0.0195,0.00628783,81.35,0.007,0.0,BTC-13SEP19-12500-C,10570.08,78.55,0.0055,10.0,0.0075,45.1,85.36,3.07792,-14.10461,0.26347,0.00014,0.10848
10602.26,SYN.BTC-13SEP19,1567594741482,open,0.16,5.5,0.135,0.178,0.15621722,80.06,0.0945,0.0,BTC-13SEP19-9000-C,10570.08,69.66,0.154,0.5,0.1595,0.5,92.16,2.56335,-11.56031,1.95732,0.00012,0.91541
10802.48,BTC-27DEC19,1567594741480,open,0.01,384.5,0.003,0.032,0.0136956,85.55,0.014,0.0,BTC-27DEC19-24000-C,10570.08,83.35,0.012,59.6,0.015,22.0,87.14,8.63891,-3.24509,2.10413,3e-05,0.07613
178.14,SYN.ETH-6SEP19,1567594741522,open,0.0,30.0,0.001,0.011,2e-06,125.0,0.001,0.0,ETH-6SEP19-250-C,178.05,0.0,0.0,0.0,0.001,253.0,218.41,5e-05,-0.00035,0.0,2e-05,9e-05
10923.81,SYN.BTC-27MAR20,1567594741534,open,2.13,0.0,2.058,2.218,2.13345917,89.42,None,0.0,BTC-27MAR20-34000-P,10570.08,0.0,0.0,0.0,0.0,0.0,0.0,12.95338,-2.82692,-186.79877,2e-05,-0.91305
10923.81,SYN.BTC-27MAR20,1567594741609,open,0.1,142.2,0.0595,0.135,0.09704623,80.43,0.095,0.0,BTC-27MAR20-8000-P,10570.08,77.83,0.0915,21.9,0.098,0.4,80.88,23.3616,-4.5858,-18.61906,4e-05,-0.20661
178.14,SYN.ETH-6SEP19,1567594741618,open,0.4,0.0,0.363,0.447,0.403385,124.95,None,0.0,ETH-6SEP19-250-P,178.05,0.0,0.0,0.0,0.0,0.0,0.0,5e-05,-0.00157,-0.01285,2e-05,-0.99991
10652.98,BTC-27SEP19,1567594741620,open,0.03,111.5,0.0095,0.05,0.02773349,82.1,0.029,0.0,BTC-27SEP19-12500-C,10570.07,80.54,0.0265,0.5,0.028,0.2,82.43,8.47101,-15.20084,1.48254,0.00015,0.24979
10652.98,BTC-27SEP19,1567594741620,open,0.88,0.0,0.841,0.919,0.87816624,101.78,0.691,0.0,BTC-27SEP19-20000-P,10570.07,0.0,0.862,1.1,0.8945,1.1,168.87,0.68084,-1.51455,-12.47613,1e-05,-0.99048
10802.48,BTC-27DEC19,1567594741620,open,0.11,278.5,0.068,0.1505,0.10976677,80.25,0.119,0.0,BTC-27DEC19-13000-C,10570.07,79.21,0.1075,28.4,0.112,0.4,81.27,23.64538,-8.33154,10.62577,8e-05,0.42505
10652.98,BTC-27SEP19,1567594741620,open,0.03,10.8,0.0135,0.0565,0.03333106,80.05,0.0355,0.0,BTC-27SEP19-9500-P,10570.07,78.37,0.032,4.5,0.035,25.3,82.13,8.49025,-14.85496,-1.89739,0.00015,-0.25086
10652.98,BTC-27SEP19,1567594741621,open,0.2,0.0,0.1655,0.237,0.20110658,82.09,None,0.0,BTC-27SEP19-12500-P,10570.07,75.5,0.196,6.0,0.2055,6.0,87.51,8.47044,-15.19806,-6.35177,0.00015,-0.75025
10652.98,BTC-27SEP19,1567594741621,open,0.01,171.6,0.002,0.0265,0.01197163,80.81,0.0125,0.0,BTC-27SEP19-8500-P,10570.07,78.73,0.011,24.0,0.013,50.0,82.93,5.07239,-8.95912,-0.82615,9e-05,-0.11177
10802.48,BTC-27DEC19,1567594741621,open,0.09,497.4,0.0505,0.128,0.08898659,80.75,0.09,0.0,BTC-27DEC19-14000-C,10570.07,80.04,0.0875,15.0,0.091,5.0,81.71,22.64629,-8.02897,9.24855,8e-05,0.3634
10652.98,BTC-27SEP19,1567594741621,open,0.26,870.1,0.236,0.276,0.25572694,82.37,0.2655,0.0,BTC-27SEP19-8000-C,10570.07,76.73,0.254,4.5,0.257,3.7,86.09,3.49609,-6.29448,4.51612,6e-05,0.93214
10802.48,BTC-27DEC19,1567594741621,open,3.8,0.8,3.7195,3.9155,3.81447317,98.85,3.59,0.0,BTC-27DEC19-52000-P,10570.07,0.0,0.001,1.0,0.0,0.0,0.0,0.88559,-0.38438,-162.08825,0.0,-0.99492
10652.98,BTC-27SEP19,1567594741621,open,0.05,38.5,0.024,0.0765,0.04959812,80.48,0.0495,0.0,BTC-27SEP19-11500-C,10570.07,78.81,0.048,0.4,0.0515,10.6,82.46,10.23341,-18.00136,2.27356,0.00018,0.39013
10652.98,BTC-27SEP19,1567594741621,open,1.62,0.0,1.577,1.6825,1.6284392,117.92,None,0.0,BTC-27SEP19-28000-P,10570.07,0.0,0.0,0.0,0.0,0.0,0.0,0.08035,-0.2071,-17.54301,0.0,-0.99911
10802.48,BTC-27DEC19,1567594741621,open,3.44,0.0,3.3565,3.5385,3.44449456,97.79,None,0.0,BTC-27DEC19-48000-P,10570.07,0.0,0.0,0.0,0.0,0.0,0.0,1.17591,-0.50492,-149.55448,0.0,-0.993
10652.98,BTC-27SEP19,1567594741621,open,0.02,574.3,0.0055,0.04,0.02000236,82.1,0.019,0.0,BTC-27SEP19-13000-C,10570.07,79.88,0.0185,41.4,0.0195,1.0,81.36,7.31262,-13.12212,1.15667,0.00013,0.19325
10802.48,BTC-27DEC19,1567594741621,open,0.07,445.0,0.0375,0.11,0.07278065,81.46,0.0785,0.0,BTC-27DEC19-15000-C,10570.07,80.56,0.071,16.0,0.0745,0.4,82.33,21.30687,-7.62099,8.01737,7e-05,0.31067
10802.48,BTC-27DEC19,1567594741621,open,3.07,0.0,2.9935,3.162,3.07461432,96.21,3.46,0.0,BTC-27DEC19-44000-P,10570.07,0.0,0.0,0.0,0.0,0.0,0.0,1.54048,-0.65074,-137.0037,0.0,-0.99048
10652.98,BTC-27SEP19,1567594741622,open,0.5,34.4,0.473,0.54,0.50477629,85.32,0.396,0.0,BTC-27SEP19-16000-P,10570.07,0.0,0.4925,1.1,0.5195,1.1,125.48,2.11514,-3.9445,-9.8055,3e-05,-0.96387
10652.98,BTC-27SEP19,1567594741622,open,1.81,0.0,1.761,1.8735,1.816131,114.43,None,0.0,BTC-27SEP19-30000-P,10570.07,0.0,0.0,0.0,0.0,0.0,0.0,0.02574,-0.06438,-18.80033,0.0,-0.99974
10802.48,BTC-27DEC19,1567594741622,open,0.03,732.2,0.009,0.054,0.02786521,84.09,0.031,0.0,BTC-27DEC19-20000-C,10570.07,82.58,0.026,31.0,0.0295,20.0,85.39,13.48537,-4.97925,3.80796,4e-05,0.14085
10802.48,BTC-27DEC19,1567594741622,open,1.6,0.1,1.543,1.6625,1.59942174,87.39,1.49,0.0,BTC-27DEC19-28000-P,10570.07,0.0,0.001,1.0,0.0,0.0,0.0,5.60696,-2.15152,-86.12718,2e-05,-0.95609
10652.98,BTC-27SEP19,1567594741622,open,0.69,1.0,0.657,0.728,0.69085856,92.27,0.575,0.0,BTC-27SEP19-18000-P,10570.07,0.0,0.6765,1.1,0.706,1.1,146.88,1.04269,-2.10278,-11.18518,2e-05,-0.98443
10802.48,BTC-27DEC19,1567594741622,open,0.35,91.7,0.3165,0.377,0.34741122,79.13,0.3515,0.0,BTC-27DEC19-7500-C,10570.07,77.24,0.345,3.8,0.35,11.0,81.12,13.92085,-4.83638,17.01761,5e-05,0.85235
10576.88,SYN.BTC-6SEP19,1567594741620,open,0.24,14.0,0.2285,0.2585,0.2436447,119.76,0.23,0.0,BTC-6SEP19-8000-C,10570.07,0.0,0.2395,6.0,0.249,6.0,267.35,0.01327,-0.42349,0.41084,0.0,0.99951
10802.48,BTC-27DEC19,1567594741622,open,0.06,236.9,0.028,0.0945,0.05927187,81.87,0.063,0.0,BTC-27DEC19-16000-C,10570.07,80.89,0.0575,36.3,0.0615,24.0,83.08,19.73373,-7.09343,6.90721,7e-05,0.26422
10923.81,SYN.BTC-27MAR20,1567594741620,open,1.42,0.0,1.3505,1.497,1.42021642,86.3,None,0.0,BTC-27MAR20-26000-P,10570.07,0.0,0.0,0.0,0.0,0.0,0.0,19.44925,-4.09636,-138.93206,3e-05,-0.84563
10652.97,BTC-27SEP19,1567594741623,open,0.04,1326.5,0.015,0.062,0.03732471,81.41,0.037,0.0,BTC-27SEP19-12000-C,10570.07,79.91,0.036,0.5,0.039,42.6,83.28,9.47114,-16.85245,1.85247,0.00016,0.31478
10802.47,BTC-27DEC19,1567594741623,open,1.41,0.0,1.3625,1.478,1.41683574,86.46,None,0.0,BTC-27DEC19-26000-P,10570.07,0.0,0.0045,10.0,2.1625,0.2,500.0,6.93983,-2.63464,-79.5195,2e-05,-0.94262
10652.97,BTC-27SEP19,1567594741623,open,1.44,0.0,1.393,1.4915,1.44081295,118.99,None,0.0,BTC-27SEP19-26000-P,10570.07,0.0,0.0,0.0,0.0,0.0,0.0,0.18515,-0.48152,-16.28145,0.0,-0.99779
10602.26,SYN.BTC-13SEP19,1567594741620,open,0.0,59.7,0.0005,0.0105,0.00034433,109.58,0.0005,0.0,BTC-13SEP19-7000-P,10570.07,0.0,0.0,0.0,0.0005,11.5,114.74,0.27908,-1.72274,-0.01623,1e-05,-0.00595
10602.26,SYN.BTC-13SEP19,1567594741620,open,0.02,277.7,0.004,0.0405,0.01982388,79.44,0.0195,0.0,BTC-13SEP19-11500-C,10570.07,76.89,0.0185,15.5,0.0215,27.8,82.63,5.52851,-24.74236,0.66099,0.00025,0.27621
10802.47,BTC-27DEC19,1567594741624,open,0.46,122.9,0.44,0.4805,0.4596069,80.92,0.469,0.0,BTC-27DEC19-6000-C,10570.07,70.15,0.453,11.0,0.4735,11.0,98.21,7.5021,-2.66541,16.07643,3e-05,0.93662
10699.03,SYN.BTC-25OCT19,1567594741620,open,0.02,7.5,0.008,0.041,0.02230306,79.78,0.026,0.0,BTC-25OCT19-8000-P,10570.07,78.12,0.021,0.4,0.0235,20.0,81.28,8.46407,-6.63669,-2.27595,7e-05,-0.13031
10652.97,BTC-27SEP19,1567594741624,open,0.18,479.1,0.1495,0.202,0.1761695,80.82,0.1705,0.0,BTC-27SEP19-9000-C,10570.07,78.2,0.1745,4.4,0.178,10.1,83.62,6.87493,-12.1442,4.33188,0.00012,0.82499
10602.26,SYN.BTC-13SEP19,1567594741621,open,0.27,0.0,0.2485,0.305,0.27526768,84.56,None,0.0,BTC-13SEP19-13500-P,10570.07,0.0,0.0,0.0,0.0,0.0,0.0,1.38597,-6.60252,-3.18814,6e-05,-0.96133
10923.81,SYN.BTC-27MAR20,1567594741620,open,0.64,0.0,0.629,0.6545,0.64099105,80.86,None,0.0,BTC-27MAR20-4000-C,10570.07,0.0,0.2,1.0,0.0,0.0,0.0,4.77022,-0.9413,20.48497,1e-05,0.97508
10802.47,BTC-27DEC19,1567594741624,open,0.19,247.4,0.1375,0.2315,0.18546366,78.98,0.18,0.0,BTC-27DEC19-11000-P,10570.07,77.63,0.1825,4.0,0.189,17.0,80.59,23.68675,-8.21422,-20.70122,8e-05,-0.42877
10802.47,BTC-27DEC19,1567594741624,open,0.02,269.0,0.0055,0.041,0.0191846,84.64,0.019,0.0,BTC-27DEC19-22000-C,10570.07,83.44,0.018,7.0,0.02,3.0,85.45,10.77372,-4.00411,2.80451,3e-05,0.1024
10602.26,SYN.BTC-13SEP19,1567594741620,open,0.0,204.5,0.0005,0.0105,0.00089691,88.3,0.001,0.0,BTC-13SEP19-8000-P,10570.07,81.18,0.0005,35.1,0.0015,54.8,95.94,0.70577,-3.51059,-0.04678,3e-05,-0.01725
10652.97,BTC-27SEP19,1567594741625,open,0.07,847.4,0.0365,0.0935,0.06543977,79.63,0.064,0.0,BTC-27SEP19-11000-C,10570.07,78.18,0.064,0.4,0.066,1.0,80.19,10.61964,-18.48322,2.73863,0.00019,0.47563
10923.81,SYN.BTC-27MAR20,1567594741620,open,1.07,0.0,1.0055,1.1485,1.07476859,85.34,None,0.0,BTC-27MAR20-22000-P,10570.07,0.0,0.0,0.0,0.0,0.0,0.0,24.17455,-5.03489,-113.78276,4e-05,-0.78092
10652.97,BTC-27SEP19,1567594741625,open,0.16,101.2,0.128,0.199,0.16376348,81.4,0.2225,0.0,BTC-27SEP19-12000-P,10570.07,77.7,0.1605,0.5,0.168,18.5,86.12,9.47081,-16.85007,-5.66843,0.00016,-0.68524
10699.03,SYN.BTC-25OCT19,1567594741620,open,0.05,9.3,0.024,0.0795,0.0504429,79.84,0.0575,0.0,BTC-25OCT19-13000-C,10570.07,78.74,0.049,8.0,0.053,10.1,81.78,14.03137,-11.00975,3.82546,0.00011,0.30696
10923.81,SYN.BTC-27MAR20,1567594741620,open,0.03,2.3,0.011,0.0645,0.03323418,86.89,0.0375,0.0,BTC-27MAR20-28000-C,10570.07,85.47,0.031,6.0,0.0355,19.0,88.29,17.43015,-3.6962,6.0113,3e-05,0.13127
10652.97,BTC-27SEP19,1567594741625,open,0.35,722.7,0.33,0.3605,0.34482719,87.9,0.3435,0.0,BTC-27SEP19-7000-C,10570.07,73.84,0.3435,5.4,0.346,3.7,95.65,1.38795,-2.66666,4.22887,2e-05,0.97822
10802.47,BTC-27DEC19,1567594741625,open,1.78,0.2,1.724,1.8485,1.78282152,88.44,2.03,0.0,BTC-27DEC19-30000-P,10570.07,0.0,0.0,0.0,0.0,0.0,0.0,4.58782,-1.78148,-92.63118,1e-05,-0.96568
10652.97,BTC-27SEP19,1567594741625,open,0.1,309.4,0.065,0.1305,0.09800887,79.62,0.096,0.0,BTC-27SEP19-11000-P,10570.07,77.61,0.096,0.5,0.1,0.5,81.62,10.61963,-18.48162,-4.15542,0.00019,-0.52438
10576.88,SYN.BTC-6SEP19,1567594741620,open,0.0,366.8,0.0005,0.0105,1.167e-05,120.0,0.0005,0.0,BTC-6SEP19-8000-P,10570.07,0.0,0.0,0.0,0.0005,12.0,175.26,0.01354,-0.12339,-0.00028,0.0,-0.0005
10923.81,SYN.BTC-27MAR20,1567594741620,open,0.05,18.5,0.0195,0.0865,0.04922771,85.87,0.0485,0.0,BTC-27MAR20-24000-C,10570.07,84.49,0.0465,4.9,0.052,25.0,87.25,21.74294,-4.55681,8.2392,4e-05,0.1836
10923.81,SYN.BTC-27MAR20,1567594741621,open,2.67,1.0,2.5935,2.766,2.67484898,90.39,2.7125,0.0,BTC-27MAR20-40000-P,10570.07,0.0,0.0,0.0,0.0,0.0,0.0,9.40142,-2.07397,-221.81335,2e-05,-0.94271
10576.88,SYN.BTC-6SEP19,1567594741620,open,0.0,302.2,0.0005,0.0115,0.00175783,78.37,0.0015,0.0,BTC-6SEP19-11500-C,10570.07,69.52,0.001,68.3,0.003,51.7,89.36,1.03979,-18.59231,0.03815,0.00023,0.07195
10923.81,SYN.BTC-27MAR20,1567594741620,open,0.21,50.6,0.1525,0.2565,0.206703,81.98,0.2055,0.0,BTC-27MAR20-12000-C,10570.07,80.22,0.2015,0.4,0.209,23.0,82.75,32.26467,-6.45491,21.73807,6e-05,0.56123
10602.26,SYN.BTC-13SEP19,1567594741621,open,0.14,0.6,0.1135,0.174,0.14314393,80.28,0.1425,0.0,BTC-13SEP19-12000-P,10570.07,73.45,0.1405,0.6,0.145,0.6,84.74,4.29323,-19.41479,-2.49076,0.0002,-0.82296
10802.47,BTC-27DEC19,1567594741626,open,0.25,69.8,0.195,0.2965,0.24670703,79.84,0.25,0.0,BTC-27DEC19-12000-P,10570.07,77.5,0.2415,30.4,0.2505,8.0,81.54,24.06948,-8.43734,-25.33782,8e-05,-0.5051
10802.47,BTC-27DEC19,1567594741627,open,0.88,5.7,0.8265,0.937,0.87926793,84.07,0.661,0.0,BTC-27DEC19-20000-P,10570.07,67.13,0.862,1.1,0.8965,1.1,96.47,13.47986,-4.976,-58.59168,4e-05,-0.85923
10576.88,SYN.BTC-6SEP19,1567594741620,open,0.29,0.0,0.2765,0.3045,0.29090694,121.81,0.2645,0.0,BTC-6SEP19-7500-C,10570.07,0.0,0.285,5.0,0.3,6.1,359.07,0.0011,-0.03562,0.3854,0.0,0.99997
10923.81,SYN.BTC-27MAR20,1567594741620,open,0.13,112.2,0.0735,0.172,0.12298387,83.72,0.128,0.0,BTC-27MAR20-16000-C,10570.07,82.15,0.1185,0.4,0.126,10.0,84.77,31.26124,-6.38728,16.00794,6e-05,0.38406
10576.88,SYN.BTC-6SEP19,1567594741621,open,0.34,0.5,0.325,0.351,0.33817933,134.97,0.285,0.0,BTC-6SEP19-7000-C,10570.07,0.0,0.3325,5.0,0.347,6.1,412.36,0.00027,-0.00987,0.35972,0.0,0.99999
10602.26,SYN.BTC-13SEP19,1567594741620,open,0.0,190.7,0.0005,0.0115,0.00187249,81.37,0.0025,0.0,BTC-13SEP19-8500-P,10570.07,78.12,0.0015,10.5,0.0025,8.6,86.1,1.29311,-5.92726,-0.09641,6e-05,-0.03552
10923.81,SYN.BTC-27MAR20,1567594741621,open,0.01,126.9,0.003,0.033,0.01316019,90.44,0.015,0.0,BTC-27MAR20-40000-C,10570.07,89.05,0.012,1.0,0.014,1.0,91.39,9.41744,-2.0785,2.71328,2e-05,0.05741
10602.26,SYN.BTC-13SEP19,1567594741621,open,0.29,10.0,0.2785,0.3085,0.29307348,96.71,0.2995,0.0,BTC-13SEP19-7500-C,10570.07,0.0,0.2825,6.0,0.3025,6.0,169.69,0.39705,-2.16322,1.79968,2e-05,0.99112
10923.81,SYN.BTC-27MAR20,1567594741620,open,0.02,10.7,0.0065,0.05,0.02336334,87.93,0.0245,0.0,BTC-27MAR20-32000-C,10570.07,86.03,0.021,21.0,0.0255,25.0,89.56,13.98685,-3.00152,4.48086,2e-05,0.09644
10699.03,SYN.BTC-25OCT19,1567594741620,open,0.01,101.0,0.0005,0.0195,0.00854213,80.32,0.009,0.0,BTC-25OCT19-7000-P,10570.07,76.63,0.007,49.8,0.01,58.8,83.53,4.68565,-3.69891,-1.00478,4e-05,-0.05883
10923.81,SYN.BTC-27MAR20,1567594741620,open,0.49,0.1,0.46,0.5145,0.48729412,80.44,0.4775,0.0,BTC-27MAR20-6000-C,10570.07,0.0,0.4,0.2,0.0,0.0,0.0,14.10542,-2.76897,25.45513,3e-05,0.90244
10576.88,SYN.BTC-6SEP19,1567594741620,open,0.0,323.2,0.0005,0.0105,0.0008092,93.22,0.001,0.0,BTC-6SEP19-12000-C,10570.07,86.26,0.0005,23.6,0.001,16.9,96.72,0.54075,-8.55881,0.01682,0.0001,0.03175
10576.88,SYN.BTC-6SEP19,1567594741620,open,0.2,51.6,0.18,0.2135,0.19649641,120.02,0.198,0.0,BTC-6SEP19-8500-C,10570.07,0.0,0.192,5.0,0.202,5.0,223.09,0.10739,-3.4356,0.43408,2e-05,0.99512
10923.81,SYN.BTC-27MAR20,1567594741620,open,0.19,100.3,0.1355,0.2365,0.18687543,80.43,0.185,0.0,BTC-27MAR20-10000-P,10570.07,79.0,0.183,4.9,0.19,0.4,81.59,29.53345,-5.79727,-31.51486,5e-05,-0.3271
10652.97,BTC-27SEP19,1567594741628,open,2.0,0.0,1.945,2.065,2.00385309,0.0,None,0.0,BTC-27SEP19-32000-P,10570.07,0.0,0.0,0.0,0.0,0.0,0.0,0.0,0.0,-20.0554,0.0,-1.0
10699.03,SYN.BTC-25OCT19,1567594741620,open,0.08,32.0,0.041,0.1045,0.07283123,79.03,0.072,0.0,BTC-25OCT19-12000-C,10570.07,78.11,0.0715,14.4,0.073,0.2,79.15,15.47784,-12.02186,4.94804,0.00012,0.40463
10699.03,SYN.BTC-25OCT19,1567594741620,open,0.51,0.0,0.4725,0.5545,0.51171868,81.82,None,0.0,BTC-25OCT19-16000-P,10570.07,0.0,0.0,0.0,0.0,0.0,0.0,8.08744,-6.50336,-20.72359,6e-05,-0.87792
10576.88,SYN.BTC-6SEP19,1567594741621,open,0.23,0.1,0.205,0.2565,0.22934333,119.24,0.228,0.0,BTC-6SEP19-13000-P,10570.07,0.0,0.222,4.0,0.235,4.0,204.91,0.18217,-5.79013,-0.66336,3e-05,-0.99112
10602.26,SYN.BTC-13SEP19,1567594741621,open,0.0,49.9,0.0005,0.0105,0.00046866,96.68,0.0005,0.0,BTC-13SEP19-7500-P,10570.07,0.0,0.0,0.0,0.001,38.7,107.48,0.39639,-2.15892,-0.02405,1e-05,-0.00886
10576.88,SYN.BTC-6SEP19,1567594741620,open,0.0,178.8,0.0005,0.0105,0.00050492,109.34,0.0005,0.0,BTC-6SEP19-12500-C,10570.07,0.0,0.0,0.0,0.001,35.0,121.54,0.33901,-5.3405,0.00962,5e-05,0.01821
10576.88,SYN.BTC-6SEP19,1567594741620,open,0.0,319.3,0.0005,0.0105,0.00029934,100.99,0.0005,0.0,BTC-6SEP19-9000-P,10570.07,0.0,0.0,0.0,0.0005,16.3,108.63,0.23198,-3.16607,-0.00653,4e-05,-0.01172
10576.88,SYN.BTC-6SEP19,1567594741620,open,0.01,252.6,0.0005,0.025,0.00792083,77.1,0.008,0.0,BTC-6SEP19-11000-C,10570.07,72.98,0.007,13.7,0.008,14.0,77.45,2.39713,-49.26844,0.13028,0.00054,0.24761
10602.26,SYN.BTC-13SEP19,1567594741621,open,0.04,126.7,0.0185,0.07,0.04366762,78.12,0.0465,0.0,BTC-13SEP19-10500-P,10570.07,76.23,0.0425,0.4,0.0445,5.3,79.48,6.53098,-28.7431,-1.25765,0.00031,-0.44414
10699.03,SYN.BTC-25OCT19,1567594741620,open,0.28,0.0,0.249,0.3,0.27457672,79.79,None,0.0,BTC-25OCT19-8000-C,10570.07,0.0,0.252,10.0,0.0,0.0,0.0,8.46473,-6.63776,8.87459,7e-05,0.86967
10699.03,SYN.BTC-25OCT19,1567594741621,open,0.34,0.0,0.302,0.3865,0.34370253,80.99,None,0.0,BTC-25OCT19-14000-P,10570.07,0.0,0.0,0.0,0.0,0.0,0.0,12.1349,-9.65843,-16.60552,9e-05,-0.7698
10923.81,SYN.BTC-27MAR20,1567594741620,open,0.01,55.9,0.0005,0.017,0.00715993,80.85,0.007,0.0,BTC-27MAR20-4000-P,10570.07,79.3,0.0065,10.0,0.008,6.0,82.71,4.76888,-0.94093,-1.96643,1e-05,-0.02491
10923.81,SYN.BTC-27MAR20,1567594741620,open,0.27,43.2,0.2205,0.3175,0.27145324,80.44,0.275,0.0,BTC-27MAR20-10000-C,10570.07,79.16,0.268,0.4,0.2745,6.0,81.56,29.53336,-5.7975,24.61504,5e-05,0.6729
10576.88,SYN.BTC-6SEP19,1567594741620,open,0.13,15.5,0.1125,0.161,0.13535966,93.23,0.1155,0.0,BTC-6SEP19-12000-P,10570.07,0.0,0.1325,0.8,0.136,0.8,103.65,0.54093,-13.4431,-0.59984,0.0001,-0.96823
10923.81,SYN.BTC-27MAR20,1567594741620,open,0.59,0.4,0.519,0.6555,0.58766272,83.72,0.5625,0.0,BTC-27MAR20-16000-P,10570.07,68.31,0.545,2.0,0.6395,2.0,101.45,31.26083,-6.38688,-73.80091,6e-05,-0.61596
10923.81,SYN.BTC-27MAR20,1567594741621,open,0.91,0.0,0.837,0.978,0.90613745,84.51,None,0.0,BTC-27MAR20-20000-P,10570.07,0.0,0.0005,2.0,0.0,0.0,0.0,26.62564,-5.49114,-100.84157,5e-05,-0.73849
10699.03,SYN.BTC-25OCT19,1567594741620,open,0.15,32.6,0.113,0.1815,0.1486214,78.71,0.1515,0.0,BTC-25OCT19-10000-C,10570.07,77.55,0.147,14.4,0.152,16.0,81.15,14.84306,-11.48254,7.43018,0.00012,0.64686
10576.88,SYN.BTC-6SEP19,1567594741620,open,0.0,90.7,0.0005,0.0105,0.00024701,119.21,0.0005,0.0,BTC-6SEP19-13000-C,10570.07,0.0,0.0,0.0,0.0005,5.0,130.53,0.18191,-2.61256,0.00469,3e-05,0.00887
10699.03,SYN.BTC-25OCT19,1567594741621,open,0.11,3.1,0.0695,0.138,0.10491965,78.71,0.107,0.0,BTC-25OCT19-11000-C,10570.07,77.76,0.1035,14.4,0.108,16.0,80.79,15.91343,-12.31052,6.20419,0.00013,0.52095
10699.03,SYN.BTC-25OCT19,1567594741621,open,0.21,0.0,0.173,0.235,0.20499334,78.83,None,0.0,BTC-25OCT19-9000-C,10570.07,70.32,0.1955,5.0,0.2295,5.0,99.68,12.16594,-9.42569,8.40714,0.0001,0.76874
10699.03,SYN.BTC-25OCT19,1567594741621,open,0.03,156.8,0.008,0.046,0.02415929,81.64,0.0225,0.0,BTC-25OCT19-15000-C,10570.07,79.85,0.0225,4.8,0.0255,20.0,83.04,10.088,-8.09381,2.16709,8e-05,0.16948
10602.26,SYN.BTC-13SEP19,1567594741621,open,0.01,151.2,0.0005,0.0165,0.00509142,80.05,0.006,0.0,BTC-13SEP19-9000-P,10570.07,77.54,0.0045,30.6,0.006,16.9,83.67,2.56303,-11.55807,-0.23117,0.00012,-0.08457
10576.88,SYN.BTC-6SEP19,1567594741620,open,0.1,268.1,0.0835,0.123,0.10287978,87.65,0.0985,0.0,BTC-6SEP19-9500-C,10570.07,66.29,0.102,20.5,0.1045,0.8,107.2,0.6653,-15.5449,0.46538,0.00013,0.9591
10602.26,SYN.BTC-13SEP19,1567594741620,open,0.05,243.1,0.0265,0.079,0.05331386,78.13,0.0515,0.0,BTC-13SEP19-10500-C,10570.07,76.81,0.0525,0.5,0.055,4.8,80.86,6.53098,-28.74376,1.29563,0.00031,0.55586
10923.81,SYN.BTC-27MAR20,1567594741620,open,0.04,36.5,0.0145,0.0745,0.04011871,86.31,0.045,0.0,BTC-27MAR20-26000-C,10570.07,85.11,0.038,4.9,0.042,9.0,87.36,19.45446,-4.09811,7.00914,3e-05,0.15443
10576.88,SYN.BTC-6SEP19,1567594741622,open,0.09,10.1,0.066,0.114,0.0890353,78.37,0.083,0.0,BTC-6SEP19-11500-P,10570.07,0.0,0.0865,0.8,0.09,0.8,87.13,1.03991,-21.72491,-0.55281,0.00023,-0.92804
10576.88,SYN.BTC-6SEP19,1567594741620,open,0.0,349.1,0.0005,0.011,0.00106556,87.66,0.0015,0.0,BTC-6SEP19-9500-P,10570.07,86.6,0.001,2.1,0.0015,0.1,93.91,0.66542,-11.27028,-0.02282,0.00013,-0.04091
10699.03,SYN.BTC-25OCT19,1567594741620,open,0.13,5.3,0.0945,0.1705,0.13304453,78.71,0.1335,0.0,BTC-25OCT19-11000-P,10570.07,75.99,0.129,22.8,0.1355,5.2,80.36,15.91344,-12.30989,-9.12819,0.00013,-0.47906
10699.03,SYN.BTC-25OCT19,1567594741620,open,0.02,290.9,0.0045,0.0345,0.01626601,81.84,0.0165,0.0,BTC-25OCT19-16000-C,10570.07,79.44,0.0145,16.5,0.0175,45.0,83.44,8.0898,-6.50637,1.57869,6e-05,0.12213
10602.26,SYN.BTC-13SEP19,1567594741621,open,0.1,0.5,0.074,0.135,0.10449647,79.44,0.1005,0.0,BTC-13SEP19-11500-P,10570.07,73.6,0.1015,0.6,0.1055,6.4,81.36,5.52841,-24.74088,-2.13548,0.00025,-0.7238
10923.81,SYN.BTC-27MAR20,1567594741620,open,0.37,17.0,0.3225,0.4035,0.36470847,80.44,0.3625,0.0,BTC-27MAR20-8000-C,10570.07,77.52,0.3585,0.4,0.384,5.0,89.38,23.36178,-4.58603,26.28458,4e-05,0.79338
10923.81,SYN.BTC-27MAR20,1567594741621,open,2.31,0.0,2.236,2.3995,2.3130385,89.42,None,0.0,BTC-27MAR20-36000-P,10570.07,0.0,0.0,0.0,0.0,0.0,0.0,11.49061,-2.50754,-198.59169,2e-05,-0.9258
10576.88,SYN.BTC-6SEP19,1567594741620,open,0.06,470.2,0.036,0.0815,0.05908946,78.27,0.059,0.0,BTC-6SEP19-10000-C,10570.07,71.5,0.058,0.8,0.0605,2.8,86.25,1.78395,-37.22046,0.42877,0.0004,0.84794
178.48,SYN.ETH-13SEP19,1567594741629,open,0.0,10.0,0.001,0.013,0.003435,84.18,0.004,0.0,ETH-13SEP19-220-C,178.05,75.66,0.002,700.0,0.005,400.0,91.47,0.03457,-0.16391,0.0026,0.0053,0.06329
10602.26,SYN.BTC-13SEP19,1567594741620,open,0.08,59.4,0.053,0.107,0.08096952,78.21,0.0785,0.0,BTC-13SEP19-10000-C,10570.07,78.27,0.081,0.5,0.083,3.8,81.97,5.69942,-25.11196,1.6103,0.00027,0.70557
10923.81,SYN.BTC-27MAR20,1567594741620,open,0.31,26.3,0.244,0.3635,0.30521269,81.97,0.301,0.0,BTC-27MAR20-12000-P,10570.07,80.38,0.3005,3.6,0.309,0.4,83.26,32.26475,-6.45471,-45.6182,6e-05,-0.43878
178.14,SYN.ETH-6SEP19,1567594741856,open,0.21,0.0,0.19,0.238,0.214193,125.0,None,0.0,ETH-6SEP19-140-C,178.05,0.0,0.0,0.0,0.0,0.0,0.0,0.00121,-0.04048,0.00716,0.0006,0.99687
183.51,SYN.ETH-27MAR20,1567594741886,open,0.58,1.0,0.561,0.605,0.583431,86.28,0.569,0.0,ETH-27MAR20-80-C,178.05,0.0,0.07,20.0,0.0,0.0,0.0,0.15067,-0.03173,0.37349,0.00092,0.94603
10923.81,SYN.BTC-27MAR20,1567594741922,open,0.06,25.8,0.027,0.101,0.0608346,85.35,0.066,0.0,BTC-27MAR20-22000-C,10570.07,84.06,0.058,4.9,0.0635,24.0,86.54,24.17669,-5.03575,9.7051,4e-05,0.21912
178.14,SYN.ETH-6SEP19,1567594741950,open,0.0,23.0,0.001,0.011,8.7e-05,125.0,0.001,0.0,ETH-6SEP19-140-P,178.05,0.0,0.0,0.0,0.001,253.0,170.72,0.00121,-0.01555,-3e-05,0.0006,-0.00313
183.51,SYN.ETH-27MAR20,1567594741966,open,0.02,422.0,0.008,0.034,0.019382,86.28,0.018,0.0,ETH-27MAR20-80-P,178.05,76.35,0.012,300.0,0.019,40.0,85.82,0.15067,-0.03173,-0.07555,0.00092,-0.05397
183.52,SYN.ETH-27MAR20,1567594742050,open,0.43,37.0,0.382,0.46,0.424064,86.27,0.431,0.0,ETH-27MAR20-120-C,178.05,0.0,0.06,2.0,0.445,3.0,97.4,0.3392,-0.07142,0.42491,0.00208,0.83656
10699.03,SYN.BTC-25OCT19,1567594742117,open,0.11,3.1,0.0695,0.138,0.10491789,78.71,0.107,0.0,BTC-25OCT19-11000-C,10570.07,78.1,0.104,14.4,0.108,16.0,80.79,15.91343,-12.31052,6.20419,0.00013,0.52095
10923.81,SYN.BTC-27MAR20,1567594742130,open,0.44,16.7,0.3755,0.507,0.44250591,83.72,0.4575,0.0,BTC-27MAR20-14000-P,10570.07,81.37,0.4355,3.6,0.4555,6.6,88.08,32.54044,-6.64831,-59.79307,6e-05,-0.53267
10576.88,SYN.BTC-6SEP19,1567594742151,open,0.05,62.1,0.0225,0.0735,0.04792498,77.1,0.051,0.0,BTC-6SEP19-11000-P,10570.07,70.67,0.0465,0.4,0.0485,0.8,79.62,2.39712,-49.26804,-0.435,0.00054,-0.75239
178.14,SYN.ETH-6SEP19,1567594742245,open,0.16,40.0,0.132,0.184,0.158403,112.31,0.117,0.0,ETH-6SEP19-150-C,178.05,0.0,0.0,0.0,0.0,0.0,0.0,0.00478,-0.143,0.00757,0.00261,0.98522
183.52,SYN.ETH-27MAR20,1567594742279,open,0.18,137.0,0.124,0.228,0.17831,86.29,0.182,0.0,ETH-27MAR20-160-P,178.05,82.7,0.169,32.0,0.182,300.0,87.72,0.47528,-0.10009,-0.48878,0.00291,-0.2962
183.52,SYN.ETH-27MAR20,1567594742367,open,0.22,495.0,0.164,0.271,0.222187,86.28,0.235,0.0,ETH-27MAR20-200-C,178.05,83.49,0.214,24.0,0.226,300.0,87.58,0.53869,-0.11343,0.36384,0.0033,0.5754
178.14,SYN.ETH-6SEP19,1567594742473,open,0.0,462.0,0.001,0.011,0.000433,112.31,0.001,0.0,ETH-6SEP19-150-P,178.05,0.0,0.0,0.0,0.001,250.0,128.11,0.00478,-0.07707,-0.00014,0.00261,-0.01478
10802.47,BTC-27DEC19,1567594742512,open,0.38,50.4,0.356,0.41,0.38308915,79.93,0.375,0.0,BTC-27DEC19-7000-C,10570.07,77.05,0.38,3.5,0.3845,14.5,81.21,11.78694,-4.13669,16.88034,4e-05,0.88396
183.52,SYN.ETH-27MAR20,1567594742535,open,0.17,281.0,0.109,0.214,0.164563,87.01,0.178,0.0,ETH-27MAR20-240-C,178.05,85.14,0.159,24.0,0.17,300.0,88.84,0.5465,-0.11605,0.31036,0.00332,0.46586
183.52,SYN.ETH-27MAR20,1567594742621,open,0.47,130.0,0.396,0.544,0.472414,87.04,0.417,0.0,ETH-27MAR20-240-P,178.05,84.88,0.466,24.0,0.488,27.0,92.26,0.54651,-0.11608,-1.03675,0.00332,-0.53406
178.14,SYN.ETH-6SEP19,1567594742700,open,0.0,467.0,0.001,0.013,0.001889,98.74,0.001,0.0,ETH-6SEP19-160-P,178.05,86.61,0.001,3.0,0.003,900.0,110.22,0.01526,-0.33649,-0.00057,0.00948,-0.06025
183.52,SYN.ETH-27MAR20,1567594742707,open,0.13,244.0,0.074,0.172,0.125111,88.14,0.115,0.0,ETH-27MAR20-280-C,178.05,86.34,0.12,32.0,0.13,300.0,89.85,0.52285,-0.11247,0.26095,0.00314,0.37844
178.48,SYN.ETH-13SEP19,1567594742769,open,0.33,0.0,0.307,0.349,0.328374,115.62,None,0.0,ETH-13SEP19-120-C,178.05,0.0,0.0,0.0,0.0,0.0,0.0,0.00803,-0.05229,0.02867,0.0009,0.98905
10699.03,SYN.BTC-25OCT19,1567594742771,open,0.08,52.4,0.0505,0.116,0.0832838,78.71,0.0855,0.0,BTC-25OCT19-10000-P,10570.07,77.07,0.081,0.5,0.085,10.4,79.95,14.84305,-11.48211,-6.50829,0.00012,-0.35314
183.52,SYN.ETH-27MAR20,1567594742790,open,0.65,81.0,0.568,0.729,0.650937,88.17,0.582,0.0,ETH-27MAR20-280-P,178.05,85.37,0.643,24.0,0.667,24.0,93.76,0.5229,-0.11252,-1.31066,0.00314,-0.62144
179.87,SYN.ETH-25OCT19,1567594742841,open,0.45,6.0,0.428,0.466,0.44703,85.15,0.46,0.0,ETH-25OCT19-100-C,178.05,0.0,0.0,0.0,0.451,3.0,100.41,0.03584,-0.02999,0.13301,0.00093,0.97756
181.48,ETH-27DEC19,1567594742878,open,0.12,793.0,0.071,0.156,0.115607,83.96,0.126,0.0,ETH-27DEC19-220-C,178.06,82.32,0.112,300.0,0.118,200.0,85.05,0.39819,-0.1468,0.17811,0.00462,0.43018
178.14,SYN.ETH-6SEP19,1567594742878,open,0.01,394.0,0.001,0.027,0.00731,83.74,0.006,0.0,ETH-6SEP19-170-P,178.05,82.23,0.007,6.0,0.009,597.0,91.73,0.03672,-0.81974,-0.00198,0.02689,-0.2092
181.48,ETH-27DEC19,1567594742878,open,0.05,19.0,0.019,0.078,0.046993,86.49,0.052,0.0,ETH-27DEC19-300-C,178.06,85.25,0.045,32.0,0.049,3.0,87.72,0.29391,-0.11161,0.09352,0.00331,0.21217
181.48,ETH-27DEC19,1567594742879,open,0.0,3347.0,0.001,0.014,0.00403,95.32,0.003,0.0,ETH-27DEC19-600-C,178.06,87.26,0.002,350.0,0.006,540.0,100.79,0.05698,-0.02385,0.01123,0.00058,0.02387
181.48,ETH-27DEC19,1567594742879,open,0.02,2899.0,0.005,0.03,0.015708,82.78,0.014,0.0,ETH-27DEC19-100-P,178.06,78.76,0.013,500.0,0.018,40.0,85.95,0.12737,-0.0463,-0.04527,0.0015,-0.06425
179.16,ETH-27SEP19,1567594742879,open,0.01,3675.0,0.001,0.024,0.010136,86.35,0.013,0.0,ETH-27SEP19-240-C,178.06,83.81,0.009,160.0,0.011,10.0,88.19,0.0825,-0.1557,0.01084,0.00475,0.10668
181.48,ETH-27DEC19,1567594742878,open,0.25,2718.0,0.191,0.303,0.248999,83.53,0.243,0.0,ETH-27DEC19-200-P,178.06,81.73,0.245,24.0,0.254,200.0,85.77,0.40427,-0.14827,-0.41843,0.00471,-0.49003
179.16,ETH-27SEP19,1567594742878,open,0.0,1897.0,0.001,0.011,0.000916,120.86,0.004,0.0,ETH-27SEP19-380-C,178.06,0.0,0.0,0.0,0.001,200.0,122.1,0.01175,-0.03103,0.001,0.00048,0.0098
179.16,ETH-27SEP19,1567594742879,open,0.0,5974.0,0.001,0.011,0.001224,109.56,0.001,0.0,ETH-27SEP19-100-P,178.06,0.0,0.0,0.0,0.001,200.0,106.46,0.01382,-0.0331,-0.00146,0.00063,-0.01182
181.48,ETH-27DEC19,1567594742879,open,0.02,2043.0,0.005,0.038,0.018468,90.4,0.019,0.0,ETH-27DEC19-400-C,178.06,87.68,0.016,270.0,0.021,540.0,93.0,0.17085,-0.06781,0.04313,0.00184,0.09464
181.48,ETH-27DEC19,1567594742878,open,0.04,7314.0,0.017,0.061,0.037522,82.79,0.037,0.0,ETH-27DEC19-120-P,178.06,79.76,0.034,260.0,0.04,40.0,84.86,0.21459,-0.078,-0.09492,0.00252,-0.13013
178.14,SYN.ETH-6SEP19,1567594742878,open,0.03,542.0,0.004,0.059,0.02881,80.78,0.03,0.0,ETH-6SEP19-180-P,178.06,67.27,0.025,120.0,0.031,200.0,88.52,0.05037,-1.08475,-0.00539,0.03824,-0.55974
179.16,ETH-27SEP19,1567594742879,open,0.0,11004.0,0.001,0.012,0.002095,85.67,0.003,0.0,ETH-27SEP19-120-P,178.06,76.16,0.001,260.0,0.003,210.0,91.39,0.0254,-0.04757,-0.00294,0.00147,-0.02408
181.48,ETH-27DEC19,1567594742879,open,0.0,2921.0,0.001,0.013,0.003071,95.94,0.002,0.0,ETH-27DEC19-640-C,178.06,91.09,0.002,50.0,0.004,300.0,99.27,0.04612,-0.01943,0.00879,0.00047,0.01859
181.48,ETH-27DEC19,1567594742879,open,0.0,2613.0,0.001,0.012,0.002518,100.63,0.002,0.0,ETH-27DEC19-720-C,178.06,90.94,0.001,50.0,0.004,540.0,106.55,0.03833,-0.01693,0.00705,0.00037,0.01497
179.16,ETH-27SEP19,1567594742879,open,1.23,79.0,1.168,1.303,1.233292,123.02,0.351,0.0,ETH-27SEP19-400-P,178.06,0.0,0.0,0.0,0.0,0.0,0.0,0.00881,-0.0237,-0.24997,0.00036,-0.99293
179.17,ETH-27SEP19,1567594742878,open,0.08,1584.0,0.047,0.112,0.080666,83.02,0.083,0.0,ETH-27SEP19-180-C,178.06,80.35,0.078,96.0,0.082,200.0,84.36,0.17835,-0.32364,0.05074,0.01068,0.53255
179.17,ETH-27SEP19,1567594742880,open,1.01,233.0,0.951,1.074,1.010122,112.6,0.634,0.0,ETH-27SEP19-360-P,178.06,0.0,0.5,44.0,0.0,0.0,0.0,0.01174,-0.02888,-0.22462,0.00052,-0.99021
179.17,ETH-27SEP19,1567594742880,open,0.0,2698.0,0.001,0.011,1e-06,125.0,0.001,0.0,ETH-27SEP19-720-C,178.06,0.0,0.0,0.0,0.001,422.0,204.47,2e-05,-5e-05,0.0,0.0,1e-05
179.17,ETH-27SEP19,1567594742880,open,0.0,2337.0,0.001,0.011,0.001009,106.83,0.002,0.0,ETH-27SEP19-340-C,178.06,0.0,0.0,0.0,0.002,860.0,116.78,0.01387,-0.03238,0.00122,0.00065,0.01186
181.48,ETH-27DEC19,1567594742880,open,0.24,129.0,0.19,0.277,0.237383,82.76,0.23,0.0,ETH-27DEC19-160-C,178.06,79.51,0.231,300.0,0.242,300.0,85.12,0.35623,-0.12945,0.25782,0.00419,0.69274
179.17,ETH-27SEP19,1567594742880,open,0.15,746.0,0.108,0.176,0.144078,84.21,0.142,0.0,ETH-27SEP19-160-C,178.06,79.15,0.14,32.0,0.146,3.0,86.57,0.1456,-0.268,0.06687,0.00859,0.73962
179.17,ETH-27SEP19,1567594742880,open,0.0,2951.0,0.001,0.011,0.000745,110.8,0.006,0.0,ETH-27SEP19-360-C,178.06,0.0,0.0,0.0,0.001,200.0,114.66,0.01062,-0.02572,0.0009,0.00048,0.00873
179.17,ETH-27SEP19,1567594742879,open,0.0,2060.0,0.001,0.011,0.000327,125.01,0.003,0.0,ETH-27SEP19-80-P,178.06,0.0,0.0,0.0,0.001,210.0,143.13,0.00427,-0.01168,-0.00039,0.00017,-0.00314
181.48,ETH-27DEC19,1567594742880,open,1.22,16.0,1.147,1.304,1.222689,90.53,1.195,0.0,ETH-27DEC19-400-P,178.06,0.0,0.001,8.0,0.0,0.0,0.0,0.17143,-0.06814,-1.20465,0.00184,-0.90493
181.48,ETH-27DEC19,1567594742880,open,0.01,820.0,0.003,0.029,0.012989,91.35,0.013,0.0,ETH-27DEC19-440-C,178.06,88.55,0.011,220.0,0.016,540.0,95.16,0.13514,-0.05421,0.03192,0.00144,0.06936
179.17,ETH-27SEP19,1567594742880,open,0.01,1949.0,0.001,0.016,0.005579,90.13,0.005,0.0,ETH-27SEP19-260-C,178.06,84.49,0.004,160.0,0.007,860.0,94.48,0.05488,-0.10811,0.00635,0.00303,0.06209
179.17,ETH-27SEP19,1567594742880,open,0.0,6399.0,0.001,0.011,4.5e-05,124.99,0.001,0.0,ETH-27SEP19-520-C,178.06,0.0,0.0,0.0,0.001,440.0,163.62,0.00091,-0.0025,6e-05,4e-05,0.00058
179.17,ETH-27SEP19,1567594742880,open,0.0,3419.0,0.001,0.011,3e-06,124.99,0.001,0.0,ETH-27SEP19-640-C,178.06,0.0,0.0,0.0,0.001,437.0,189.91,8e-05,-0.00023,0.0,0.0,5e-05
181.48,ETH-27DEC19,1567594742880,open,0.01,1847.0,0.001,0.023,0.009567,92.66,0.009,0.0,ETH-27DEC19-480-C,178.06,87.97,0.007,410.0,0.012,540.0,96.45,0.10879,-0.04426,0.02434,0.00114,0.05256
179.17,ETH-27SEP19,1567594742880,open,0.0,5728.0,0.001,0.011,0.00065,123.02,0.001,0.0,ETH-27SEP19-400-C,178.06,0.0,0.0,0.0,0.001,309.0,129.06,0.00881,-0.0237,0.00072,0.00036,0.00707
181.48,ETH-27DEC19,1567594742880,open,0.01,2893.0,0.001,0.018,0.006886,93.25,0.006,0.0,ETH-27DEC19-520-C,178.06,88.85,0.005,200.0,0.009,340.0,97.35,0.08583,-0.03514,0.01826,0.0009,0.03914
179.17,ETH-27SEP19,1567594742880,open,0.0,3828.0,0.001,0.011,1.8e-05,124.99,0.001,0.0,ETH-27SEP19-560-C,178.06,0.0,0.0,0.0,0.001,299.0,173.1,0.00041,-0.00113,3e-05,2e-05,0.00025
181.49,ETH-27DEC19,1567594742880,open,0.8,101.0,0.731,0.873,0.800859,86.8,0.513,0.0,ETH-27DEC19-320-P,178.06,0.0,0.006,5.0,0.0,0.0,0.0,0.2631,-0.10028,-0.91953,0.00295,-0.82311
179.17,ETH-27SEP19,1567594742880,open,0.67,0.0,0.655,0.675,0.665114,0.0,0.01,0.0,ETH-27SEP19-60-C,178.06,0.0,0.003,10.0,0.0,0.0,0.0,0.0,0.0,0.0376,0.0,1.0
179.17,ETH-27SEP19,1567594742881,open,0.0,3439.0,0.001,0.011,1e-06,125.0,0.001,0.0,ETH-27SEP19-680-C,178.06,0.0,0.0,0.0,0.001,205.0,197.44,4e-05,-0.00011,0.0,0.0,2e-05
179.17,ETH-27SEP19,1567594742880,open,0.09,6368.0,0.049,0.121,0.085354,83.08,0.081,0.0,ETH-27SEP19-180-P,178.06,81.72,0.084,96.0,0.087,200.0,84.73,0.17835,-0.32386,-0.06207,0.01067,-0.46741
179.17,ETH-27SEP19,1567594742880,open,0.0,3796.0,0.001,0.011,0.001754,95.9,0.002,0.0,ETH-27SEP19-300-C,178.06,88.89,0.001,160.0,0.003,860.0,104.0,0.02294,-0.04809,0.0022,0.00119,0.02134
179.17,ETH-27SEP19,1567594742881,open,0.0,2907.0,0.001,0.011,0.00029,124.99,0.001,0.0,ETH-27SEP19-440-C,178.06,0.0,0.0,0.0,0.001,394.0,141.81,0.00449,-0.01227,0.00034,0.00018,0.00332
179.17,ETH-27SEP19,1567594742881,open,0.79,607.0,0.735,0.844,0.787097,99.15,0.761,0.0,ETH-27SEP19-320-P,178.06,0.0,0.0,0.0,1.39,1.0,500.0,0.01548,-0.03355,-0.19916,0.00078,-0.98653
179.17,ETH-27SEP19,1567594742881,open,0.55,0.0,0.54,0.567,0.553798,123.93,None,0.0,ETH-27SEP19-80-C,178.06,0.0,0.004,5.0,0.0,0.0,0.0,0.00403,-0.01093,0.04977,0.00016,0.99706
181.49,ETH-27DEC19,1567594742881,open,1.01,257.0,0.938,1.087,1.010138,89.15,0.947,0.0,ETH-27DEC19-360-P,178.06,0.0,0.008,4.0,1.59,1.0,380.89,0.21445,-0.08394,-1.06459,0.00234,-0.87
179.17,ETH-27SEP19,1567594742881,open,0.0,7916.0,0.001,0.011,0.0,125.0,0.001,0.0,ETH-27SEP19-760-C,178.06,0.0,0.0,0.0,0.001,201.0,211.08,1e-05,-2e-05,0.0,0.0,0.0
178.48,SYN.ETH-13SEP19,1567594742878,open,0.0,0.0,0.001,0.011,0.000716,115.62,None,0.0,ETH-13SEP19-120-P,178.06,0.0,0.0,0.0,0.001,200.0,121.24,0.00803,-0.05229,-0.00051,0.0009,-0.01095
181.49,ETH-27DEC19,1567594742881,open,0.04,1076.0,0.014,0.066,0.037482,86.67,0.042,0.0,ETH-27DEC19-320-C,178.06,85.64,0.036,32.0,0.039,3.0,87.71,0.26257,-0.09992,0.07862,0.00295,0.17633
181.49,ETH-27DEC19,1567594742881,open,0.0,2872.0,0.001,0.012,0.002528,97.28,0.002,0.0,ETH-27DEC19-680-C,178.06,87.78,0.001,350.0,0.004,500.0,103.04,0.03931,-0.01679,0.0073,0.00039,0.01542
179.17,ETH-27SEP19,1567594742882,open,0.0,2203.0,0.001,0.011,0.000984,97.96,0.002,0.0,ETH-27SEP19-320-C,178.06,0.0,0.0,0.0,0.001,22.0,98.15,0.01448,-0.03101,0.00129,0.00073,0.01247
179.17,ETH-27SEP19,1567594742882,open,0.0,1940.0,0.001,0.013,0.003074,93.08,0.002,0.0,ETH-27SEP19-280-C,178.06,86.93,0.002,160.0,0.004,700.0,97.4,0.03545,-0.07213,0.0037,0.00189,0.03598
179.17,ETH-27SEP19,1567594742882,open,0.0,839.0,0.001,0.011,1.1e-05,125.01,0.001,0.0,ETH-27SEP19-60-P,178.06,0.0,0.0,0.0,0.001,200.0,190.37,0.00023,-0.00062,-2e-05,1e-05,-0.00013
179.17,ETH-27SEP19,1567594742882,open,0.04,2035.0,0.017,0.068,0.041739,83.42,0.044,0.0,ETH-27SEP19-200-C,178.06,81.51,0.04,128.0,0.043,200.0,84.8,0.16368,-0.29845,0.03309,0.00975,0.33643
179.17,ETH-27SEP19,1567594742882,open,1.12,259.0,1.06,1.189,1.121925,122.58,0.94,0.0,ETH-27SEP19-380-P,178.06,0.0,0.009,8.0,0.0,0.0,0.0,0.0128,-0.03431,-0.23706,0.00052,-0.98918
178.14,SYN.ETH-6SEP19,1567594742878,open,0.07,730.0,0.037,0.106,0.07136,85.59,0.068,0.0,ETH-6SEP19-190-P,178.06,69.93,0.069,40.0,0.075,40.0,104.9,0.03029,-0.69103,-0.0084,0.0217,-0.84608
183.52,SYN.ETH-27MAR20,1567594742878,open,0.04,73.0,0.014,0.071,0.039294,91.8,0.035,0.0,ETH-27MAR20-480-C,178.06,89.23,0.035,40.0,0.043,300.0,93.92,0.31472,-0.07051,0.10984,0.00181,0.14592
178.14,SYN.ETH-6SEP19,1567594742878,open,0.18,0.0,0.145,0.217,0.179334,107.57,None,0.0,ETH-6SEP19-210-P,178.06,0.0,0.0,0.0,0.0,0.0,0.0,0.00568,-0.16274,-0.01063,0.00324,-0.98192
179.87,SYN.ETH-25OCT19,1567594742879,open,0.08,246.0,0.045,0.113,0.080318,82.16,0.08,0.0,ETH-25OCT19-200-C,178.06,79.89,0.077,96.0,0.08,1.0,81.94,0.263,-0.21236,0.0861,0.0071,0.42372
179.17,ETH-27SEP19,1567594742883,open,0.0,5439.0,0.001,0.011,0.000113,124.99,0.001,0.0,ETH-27SEP19-480-C,178.06,0.0,0.0,0.0,0.001,200.0,153.25,0.00203,-0.00555,0.00014,8e-05,0.00138
178.48,SYN.ETH-13SEP19,1567594742878,open,0.0,3.0,0.001,0.011,0.001545,84.47,0.003,0.0,ETH-13SEP19-230-C,178.06,0.0,0.0,0.0,0.003,400.0,95.11,0.01971,-0.09378,0.0013,0.00301,0.03148
178.48,SYN.ETH-13SEP19,1567594742878,open,0.0,202.0,0.001,0.011,0.001506,84.64,0.006,0.0,ETH-13SEP19-140-P,178.06,0.0,0.0,0.0,0.002,2.0,89.12,0.01806,-0.08612,-0.0013,0.00275,-0.02834
179.87,SYN.ETH-25OCT19,1567594742878,open,0.02,373.0,0.004,0.033,0.015705,86.61,0.014,0.0,ETH-25OCT19-280-C,178.06,82.68,0.013,160.0,0.018,700.0,89.71,0.12934,-0.1101,0.02458,0.00331,0.11375
178.14,SYN.ETH-6SEP19,1567594742878,open,0.46,0.0,0.418,0.505,0.459518,124.82,None,0.0,ETH-6SEP19-260-P,178.06,0.0,0.0,0.0,0.0,0.0,0.0,1e-05,-0.00027,-0.01336,0.0,-0.99999
178.48,SYN.ETH-13SEP19,1567594742878,open,0.29,0.0,0.252,0.332,0.2902,84.47,None,0.0,ETH-13SEP19-230-P,178.06,0.0,0.0,0.0,0.0,0.0,0.0,0.01971,-0.09378,-0.05463,0.00301,-0.96852
179.17,ETH-27SEP19,1567594742884,open,0.0,6011.0,0.001,0.011,7e-06,124.99,0.002,0.0,ETH-27SEP19-600-C,178.06,0.0,0.0,0.0,0.001,499.0,181.83,0.00019,-0.00051,1e-05,1e-05,0.00011
179.87,SYN.ETH-25OCT19,1567594742878,open,0.18,240.0,0.139,0.213,0.178614,82.16,0.193,0.0,ETH-25OCT19-160-C,178.06,78.57,0.174,96.0,0.186,3.0,87.86,0.23218,-0.18747,0.13165,0.00627,0.7037
178.48,SYN.ETH-13SEP19,1567594742879,open,0.22,0.0,0.192,0.241,0.217107,84.64,None,0.0,ETH-13SEP19-140-C,178.06,0.0,0.0,0.0,0.0,0.0,0.0,0.01806,-0.08612,0.03275,0.00275,0.97166
183.52,SYN.ETH-27MAR20,1567594742878,open,0.1,208.0,0.051,0.14,0.09584,88.78,0.106,0.0,ETH-27MAR20-320-C,178.06,86.93,0.091,32.0,0.1,303.0,90.35,0.48324,-0.1047,0.21788,0.00288,0.30736
179.87,SYN.ETH-25OCT19,1567594742878,open,0.07,56.0,0.037,0.1,0.068141,82.17,0.069,0.0,ETH-25OCT19-160-P,178.06,80.51,0.066,128.0,0.07,2.0,83.61,0.23218,-0.1875,-0.09137,0.00627,-0.29631
183.52,SYN.ETH-27MAR20,1567594742878,open,0.08,34.0,0.037,0.118,0.076652,90.27,0.067,0.0,ETH-27MAR20-360-C,178.06,87.89,0.071,32.0,0.082,301.0,92.47,0.4417,-0.09731,0.18394,0.00259,0.25522
183.52,SYN.ETH-27MAR20,1567594742878,open,0.03,36.0,0.01,0.06,0.031797,92.02,0.059,0.0,ETH-27MAR20-520-C,178.06,89.44,0.028,40.0,0.035,300.0,94.09,0.27797,-0.06243,0.09273,0.0016,0.12182
183.52,SYN.ETH-27MAR20,1567594742878,open,0.06,284.0,0.026,0.098,0.060399,90.71,0.055,0.0,ETH-27MAR20-400-C,178.06,88.64,0.056,32.0,0.064,300.0,92.36,0.39617,-0.0877,0.15403,0.00231,0.20993
178.14,SYN.ETH-6SEP19,1567594742878,open,0.0,692.0,0.001,0.011,0.001325,95.07,0.001,0.0,ETH-6SEP19-200-C,178.06,0.0,0.0,0.0,0.002,200.0,103.44,0.01275,-0.2361,0.00043,0.00823,0.04803
178.48,SYN.ETH-13SEP19,1567594742879,open,0.27,0.0,0.25,0.294,0.272103,89.48,None,0.0,ETH-13SEP19-130-C,178.06,0.0,0.0,0.0,0.0,0.0,0.0,0.00716,-0.03611,0.03117,0.00103,0.99039
178.14,SYN.ETH-6SEP19,1567594742878,open,0.0,5.0,0.001,0.011,0.0,125.0,0.002,0.0,ETH-6SEP19-260-C,178.06,0.0,0.0,0.0,0.001,200.0,239.37,1e-05,-5e-05,0.0,0.0,1e-05
179.87,SYN.ETH-25OCT19,1567594742879,open,0.35,6.0,0.318,0.369,0.344272,83.25,0.36,0.0,ETH-25OCT19-120-C,178.06,0.0,0.0,0.0,0.349,3.0,91.74,0.09259,-0.07576,0.14623,0.00247,0.92754
183.52,SYN.ETH-27MAR20,1567594742878,open,0.05,20.0,0.019,0.083,0.0484,91.25,0.043,0.0,ETH-27MAR20-440-C,178.06,88.92,0.044,32.0,0.052,300.0,93.09,0.35354,-0.07874,0.12971,0.00205,0.17432
179.87,SYN.ETH-25OCT19,1567594742879,open,0.0,1700.0,0.001,0.012,0.002985,85.19,0.005,0.0,ETH-25OCT19-100-P,178.06,71.83,0.001,230.0,0.005,760.0,93.81,0.03591,-0.03006,-0.00639,0.00093,-0.02249
178.48,SYN.ETH-13SEP19,1567594742878,open,0.01,57.0,0.002,0.033,0.01366,83.16,0.012,0.0,ETH-13SEP19-160-P,178.06,79.06,0.012,200.0,0.016,815.0,88.72,0.07354,-0.34454,-0.00849,0.01142,-0.18202
178.48,SYN.ETH-13SEP19,1567594742880,open,0.0,600.0,0.001,0.011,0.000473,89.48,0.002,0.0,ETH-13SEP19-130-P,178.06,0.0,0.0,0.0,0.001,3.0,99.51,0.00716,-0.03611,-0.00044,0.00103,-0.00961
179.87,SYN.ETH-25OCT19,1567594742878,open,0.19,210.0,0.144,0.238,0.192228,82.17,0.207,0.0,ETH-25OCT19-200-P,178.06,79.96,0.189,96.0,0.199,3.0,86.79,0.263,-0.2124,-0.19267,0.0071,-0.57625
178.48,SYN.ETH-13SEP19,1567594742878,open,0.01,414.0,0.001,0.017,0.005055,83.59,0.004,0.0,ETH-13SEP19-150-P,178.06,73.72,0.003,900.0,0.006,1.0,87.47,0.04174,-0.19656,-0.00373,0.00645,-0.08093
179.87,SYN.ETH-25OCT19,1567594742878,open,0.03,11.0,0.013,0.054,0.031981,82.84,0.045,0.0,ETH-25OCT19-140-P,178.06,80.71,0.03,128.0,0.034,457.0,84.98,0.16819,-0.13693,-0.04996,0.0045,-0.16729
179.87,SYN.ETH-25OCT19,1567594742879,open,0.01,2304.0,0.002,0.024,0.011418,83.27,0.014,0.0,ETH-25OCT19-120-P,178.06,78.33,0.009,660.0,0.014,860.0,88.06,0.09264,-0.07581,-0.02104,0.00247,-0.07251
178.48,SYN.ETH-13SEP19,1567594742879,open,0.17,0.0,0.136,0.192,0.164628,83.59,None,0.0,ETH-13SEP19-150-C,178.06,0.0,0.0,0.0,0.0,0.0,0.0,0.04174,-0.19656,0.03274,0.00645,0.91907
178.14,SYN.ETH-6SEP19,1567594742879,open,0.27,0.0,0.248,0.291,0.270245,125.01,None,0.0,ETH-6SEP19-130-C,178.06,0.0,0.0,0.0,0.0,0.0,0.0,9e-05,-0.003,0.00668,4e-05,0.99981
179.16,ETH-27SEP19,1567594742897,open,0.9,294.0,0.843,0.959,0.898754,106.83,1.024,0.0,ETH-27SEP19-340-P,178.06,0.0,0.871,5.0,0.932,5.0,203.62,0.01386,-0.03237,-0.21187,0.00065,-0.98814
10652.91,BTC-27SEP19,1567594743103,open,0.09,6.7,0.0555,0.1145,0.08593657,79.35,0.095,0.0,BTC-27SEP19-10500-C,10570.07,76.87,0.0835,16.5,0.0885,21.5,81.96,10.48304,-18.18165,3.22066,0.00019,0.56832
10602.22,SYN.BTC-13SEP19,1567594743183,open,0.02,152.4,0.0065,0.046,0.02416379,78.21,0.0245,0.0,BTC-13SEP19-10000-P,10570.07,76.97,0.0235,0.4,0.0255,25.5,80.69,5.69943,-25.11083,-0.8214,0.00027,-0.29444
181.49,ETH-27DEC19,1567594743324,open,0.0,3856.0,0.001,0.012,0.002018,101.19,0.003,0.0,ETH-27DEC19-760-C,178.06,93.9,0.001,100.0,0.003,500.0,105.99,0.03209,-0.01426,0.00576,0.00031,0.01219
10802.48,BTC-27DEC19,1567594743401,open,0.04,463.8,0.0155,0.0705,0.04001305,82.85,0.0425,0.0,BTC-27DEC19-18000-C,10570.07,81.85,0.0385,23.1,0.0415,18.0,83.82,16.45932,-5.98764,5.10952,5e-05,0.19162
10802.48,BTC-27DEC19,1567594743406,open,0.0,323.2,0.0005,0.011,0.00112789,98.31,0.0015,0.0,BTC-27DEC19-48000-C,10570.07,90.98,0.0005,41.6,0.0015,10.0,101.26,1.22247,-0.5277,0.20854,0.0,0.00732
10602.23,SYN.BTC-13SEP19,1567594743532,open,0.01,174.9,0.0015,0.028,0.01131045,80.28,0.011,0.0,BTC-13SEP19-12000-C,10570.07,78.25,0.0105,13.0,0.0125,24.0,83.17,4.29333,-19.41611,0.4273,0.0002,0.17705
181.49,ETH-27DEC19,1567594743934,open,0.7,0.0,0.631,0.77,0.700077,86.54,None,0.0,ETH-27DEC19-300-P,178.06,0.0,0.0,0.0,0.0,0.0,0.0,0.29414,-0.11177,-0.84234,0.00331,-0.78756
178.49,SYN.ETH-13SEP19,1567594743936,open,0.03,130.0,0.008,0.057,0.030002,82.81,0.028,0.0,ETH-13SEP19-170-P,178.06,81.03,0.029,2.0,0.032,570.0,86.34,0.10071,-0.46977,-0.01559,0.0157,-0.32924
10698.93,SYN.BTC-25OCT19,1567594743951,open,0.08,52.4,0.0505,0.116,0.08328384,78.71,0.0855,0.0,BTC-25OCT19-10000-P,10570.07,76.34,0.08,25.1,0.085,10.4,79.95,14.84308,-11.48191,-6.50843,0.00012,-0.35315
10698.93,SYN.BTC-25OCT19,1567594743955,open,0.08,52.4,0.0505,0.116,0.08328384,78.71,0.0855,0.0,BTC-25OCT19-10000-P,10570.07,76.34,0.08,35.1,0.085,10.4,79.95,14.84308,-11.48191,-6.50843,0.00012,-0.35315
10802.48,BTC-27DEC19,1567594743959,open,0.0,1451.1,0.0005,0.0105,0.00082169,99.54,0.0015,0.0,BTC-27DEC19-52000-C,10570.07,95.1,0.0005,47.2,0.0015,10.1,105.71,0.93584,-0.40901,0.15464,0.0,0.00541
183.53,SYN.ETH-27MAR20,1567594743975,open,2.07,0.0,1.973,2.192,2.078494,93.14,None,0.0,ETH-27MAR20-560-P,178.06,0.0,0.01,10.0,0.0,0.0,0.0,0.25124,-0.05711,-3.0624,0.00143,-0.89429
178.49,SYN.ETH-13SEP19,1567594744013,open,0.05,101.0,0.018,0.074,0.046223,80.63,0.051,0.0,ETH-13SEP19-180-C,178.06,73.84,0.042,649.0,0.048,200.0,83.48,0.11104,-0.50435,0.01962,0.01778,0.49836
178.15,SYN.ETH-6SEP19,1567594744042,open,0.23,0.0,0.2,0.275,0.235286,128.21,None,0.0,ETH-6SEP19-220-P,178.06,0.0,0.0,0.0,0.0,0.0,0.0,0.00406,-0.1386,-0.0112,0.00194,-0.98777
183.53,SYN.ETH-27MAR20,1567594744072,open,0.02,1233.0,0.006,0.046,0.022034,93.02,0.025,0.0,ETH-27MAR20-600-C,178.06,89.47,0.018,240.0,0.025,300.0,95.41,0.22015,-0.04998,0.06827,0.00125,0.08831
181.49,ETH-27DEC19,1567594744082,open,0.9,0.0,0.833,0.978,0.903527,86.96,None,0.0,ETH-27DEC19-340-P,178.06,0.0,0.0,0.0,0.0,0.0,0.0,0.23317,-0.08903,-0.99461,0.00261,-0.85302
178.49,SYN.ETH-13SEP19,1567594744091,open,0.05,410.0,0.024,0.087,0.054735,80.72,0.05,0.0,ETH-13SEP19-180-P,178.06,76.32,0.052,200.0,0.058,466.0,85.97,0.11104,-0.50492,-0.02415,0.01776,-0.50158
10652.89,BTC-27SEP19,1567594744149,open,0.22,0.0,0.191,0.237,0.21407383,80.82,None,0.0,BTC-27SEP19-8500-C,10570.07,77.43,0.2125,4.6,0.2155,4.3,83.75,5.0737,-8.96298,4.50074,9e-05,0.88819
181.49,ETH-27DEC19,1567594744158,open,0.02,0.0,0.006,0.044,0.021922,89.63,None,0.0,ETH-27DEC19-380-C,178.06,86.76,0.019,260.0,0.025,540.0,92.47,0.19082,-0.0751,0.04997,0.00207,0.11016
178.49,SYN.ETH-13SEP19,1567594744170,open,0.03,489.0,0.006,0.05,0.025759,80.64,0.028,0.0,ETH-13SEP19-190-C,178.06,73.93,0.022,766.0,0.027,200.0,82.82,0.10106,-0.45907,0.0133,0.01618,0.33212
178.15,SYN.ETH-6SEP19,1567594744237,open,0.29,0.0,0.254,0.331,0.291177,134.58,None,0.0,ETH-6SEP19-230-P,178.06,0.0,0.0,0.0,0.0,0.0,0.0,0.00174,-0.06231,-0.01178,0.00079,-0.99533
178.49,SYN.ETH-13SEP19,1567594744241,open,0.09,0.0,0.053,0.127,0.0903,80.74,None,0.0,ETH-13SEP19-190-P,178.06,73.05,0.086,120.0,0.096,320.0,90.68,0.10109,-0.45981,-0.0329,0.01616,-0.66761
181.49,ETH-27DEC19,1567594744247,open,1.11,0.0,1.042,1.195,1.115816,89.74,None,0.0,ETH-27DEC19-380-P,178.06,0.0,0.0,0.0,0.0,0.0,0.0,0.19131,-0.07539,-1.13543,0.00207,-0.88944
10802.35,BTC-27DEC19,1567594744249,open,0.04,463.8,0.0155,0.0705,0.04001304,82.85,0.0425,0.0,BTC-27DEC19-18000-C,10570.07,81.85,0.0385,23.1,0.041,0.4,83.5,16.4587,-5.9874,5.10926,5e-05,0.19161
10802.35,BTC-27DEC19,1567594744257,open,0.63,26.7,0.622,0.6425,0.63192304,87.23,0.626,0.0,BTC-27DEC19-4000-C,10570.07,0.0,0.45,1.0,0.6575,0.2,150.03,1.7782,-0.68102,12.0267,1e-05,0.98878
178.49,SYN.ETH-13SEP19,1567594744320,open,0.01,360.0,0.002,0.032,0.013472,81.18,0.01,0.0,ETH-13SEP19-200-C,178.06,75.37,0.011,826.0,0.015,160.0,84.61,0.07833,-0.3582,0.00817,0.01245,0.20172
10802.35,BTC-27DEC19,1567594744325,open,0.17,618.3,0.1225,0.208,0.16718701,78.99,0.169,0.0,BTC-27DEC19-11000-C,10570.07,77.76,0.1645,22.5,0.1695,20.0,80.04,23.68651,-8.21477,13.61696,8e-05,0.57123
10802.35,BTC-27DEC19,1567594744349,open,0.21,468.7,0.164,0.2475,0.20776919,78.99,0.215,0.0,BTC-27DEC19-10000-C,10570.07,77.4,0.2045,3.8,0.211,26.8,80.56,22.26006,-7.72011,15.03126,8e-05,0.65377
10652.97,BTC-27SEP19,1567594744353,open,0.13,0.0,0.094,0.1635,0.12910717,80.47,None,0.0,BTC-27SEP19-11500-P,10570.07,77.76,0.1265,0.5,0.131,5.5,82.45,10.23326,-17.99954,-4.93393,0.00018,-0.60989
10802.29,BTC-27DEC19,1567594744367,open,0.54,23.1,0.486,0.596,0.54041078,81.85,0.5235,0.0,BTC-27DEC19-16000-P,10570.07,74.25,0.527,5.5,0.5505,5.5,87.26,19.73065,-7.09114,-43.01248,7e-05,-0.73585
178.15,SYN.ETH-6SEP19,1567594744433,open,0.35,0.0,0.309,0.389,0.347259,147.48,None,0.0,ETH-6SEP19-240-P,178.06,0.0,0.0,0.0,0.0,0.0,0.0,0.00111,-0.0437,-0.01231,0.00046,-0.99716
10576.86,SYN.BTC-6SEP19,1567594744435,open,0.03,358.9,0.0045,0.0475,0.02551261,76.11,0.026,0.0,BTC-6SEP19-10500-C,10570.07,72.53,0.0245,5.8,0.027,4.1,81.38,2.98591,-60.58254,0.29265,0.00068,0.56394
178.49,SYN.ETH-13SEP19,1567594744548,open,0.18,0.0,0.145,0.223,0.183209,81.93,None,0.0,ETH-13SEP19-210-P,178.06,0.0,0.0,0.0,0.0,0.0,0.0,0.05349,-0.24686,-0.04643,0.00843,-0.8866
10923.74,SYN.BTC-27MAR20,1567594744586,open,0.06,25.8,0.0265,0.101,0.0608319,85.35,0.066,0.0,BTC-27MAR20-22000-C,10570.07,84.29,0.0585,0.4,0.0635,24.0,86.54,24.17625,-5.03564,9.70487,4e-05,0.21911
10602.21,SYN.BTC-13SEP19,1567594744609,open,0.07,21.4,0.041,0.1,0.07068055,78.45,0.0685,0.0,BTC-13SEP19-11000-P,10570.07,74.0,0.068,4.7,0.071,0.4,78.98,6.40859,-28.32183,-1.71571,0.0003,-0.5948
10698.89,SYN.BTC-25OCT19,1567594744640,open,0.2,0.0,0.1525,0.235,0.19442582,79.02,None,0.0,BTC-25OCT19-12000-P,10570.07,0.0,0.1215,10.0,0.99,0.4,500.0,15.47726,-12.02007,-11.77862,0.00012,-0.59541
10923.62,SYN.BTC-27MAR20,1567594744658,open,0.16,75.8,0.107,0.2115,0.16090167,83.72,0.148,0.0,BTC-27MAR20-14000-C,10570.07,81.23,0.1535,6.0,0.1615,10.0,83.92,32.5399,-6.6486,18.78882,6e-05,0.46733
10923.62,SYN.BTC-27MAR20,1567594744694,open,0.08,49.2,0.0365,0.1185,0.07529112,84.51,0.076,0.0,BTC-27MAR20-20000-C,10570.07,82.95,0.0715,28.9,0.079,24.0,86.02,26.6268,-5.49192,11.41977,5e-05,0.26154
178.49,SYN.ETH-13SEP19,1567594744694,open,0.23,0.0,0.198,0.277,0.236062,84.51,None,0.0,ETH-13SEP19-220-P,178.06,0.0,0.0,0.0,0.0,0.0,0.0,0.03494,-0.16635,-0.05086,0.00534,-0.93583
10923.74,SYN.BTC-27MAR20,1567594744801,open,0.27,43.2,0.2205,0.3175,0.27144606,80.44,0.275,0.0,BTC-27MAR20-10000-C,10570.07,79.16,0.268,0.4,0.2745,13.0,81.56,29.53333,-5.79745,24.61487,5e-05,0.6729
10602.22,SYN.BTC-13SEP19,1567594745043,open,0.02,152.4,0.0065,0.046,0.02416509,78.21,0.0245,0.0,BTC-13SEP19-10000-P,10570.07,76.04,0.023,0.6,0.0255,25.5,80.69,5.69943,-25.11083,-0.8214,0.00027,-0.29444
10652.86,BTC-27SEP19,1567594745112,open,0.14,0.0,0.112,0.169,0.14156158,80.06,None,0.0,BTC-27SEP19-9500-C,10570.07,78.09,0.14,4.7,0.144,10.2,83.1,8.49075,-14.85737,4.05629,0.00015,0.74911
183.53,SYN.ETH-27MAR20,1567594745123,open,0.08,1179.0,0.044,0.112,0.077976,86.29,0.068,0.0,ETH-27MAR20-120-P,178.06,80.83,0.068,332.0,0.078,332.0,86.3,0.33921,-0.07144,-0.24869,0.00208,-0.16343
10602.21,SYN.BTC-13SEP19,1567594745202,open,0.07,21.4,0.041,0.1,0.07068378,78.45,0.0685,0.0,BTC-13SEP19-11000-P,10570.07,74.0,0.068,4.7,0.0715,4.8,79.8,6.40859,-28.32183,-1.71571,0.0003,-0.5948
183.53,SYN.ETH-27MAR20,1567594745203,open,0.31,222.0,0.252,0.352,0.306431,86.28,0.277,0.0,ETH-27MAR20-160-C,178.06,81.48,0.294,24.0,0.313,24.0,88.81,0.47529,-0.10008,0.40937,0.00291,0.70383
10602.2,SYN.BTC-13SEP19,1567594745222,open,0.12,35.0,0.091,0.14,0.11591923,79.17,0.1175,0.0,BTC-13SEP19-9500-C,10570.07,79.38,0.116,0.5,0.1175,4.0,83.09,4.19701,-18.71898,1.83882,0.00019,0.82916
10576.86,SYN.BTC-6SEP19,1567594745245,open,0.02,266.9,0.0015,0.04,0.01824444,76.11,0.019,0.0,BTC-6SEP19-10500-P,10570.07,71.7,0.017,3.7,0.019,6.8,78.79,2.9859,-60.57904,-0.24693,0.00068,-0.43606
10698.86,SYN.BTC-25OCT19,1567594745288,open,0.27,0.0,0.223,0.3075,0.2655106,79.83,None,0.0,BTC-25OCT19-13000-P,10570.07,0.0,0.215,10.0,0.3715,3.4,153.71,14.03017,-11.00765,-14.2952,0.00011,-0.69308
10576.86,SYN.BTC-6SEP19,1567594745436,open,0.05,62.1,0.0225,0.0735,0.04792583,77.1,0.051,0.0,BTC-6SEP19-11000-P,10570.07,68.33,0.046,0.8,0.0485,0.8,79.61,2.39699,-49.26179,-0.43501,0.00054,-0.75242
10602.22,SYN.BTC-13SEP19,1567594745453,open,0.02,152.4,0.0065,0.046,0.02416509,78.21,0.0245,0.0,BTC-13SEP19-10000-P,10570.07,76.04,0.023,0.6,0.0255,25.6,80.69,5.69943,-25.11083,-0.8214,0.00027,-0.29444
183.53,SYN.ETH-27MAR20,1567594745459,open,0.31,257.0,0.244,0.374,0.312023,86.3,0.32,0.0,ETH-27MAR20-200-P,178.06,83.91,0.305,24.0,0.324,24.0,90.39,0.5387,-0.11346,-0.75875,0.0033,-0.42452
10602.2,SYN.BTC-13SEP19,1567594745557,open,0.01,43.0,0.002,0.0285,0.01195673,79.17,0.0135,0.0,BTC-13SEP19-9500-P,10570.07,76.72,0.011,24.6,0.012,15.0,79.28,4.19673,-18.71616,-0.47124,0.00019,-0.17083
10652.89,BTC-27SEP19,1567594745589,open,0.16,101.2,0.128,0.199,0.16377563,81.4,0.2225,0.0,BTC-27SEP19-12000-P,10570.07,77.12,0.16,7.0,0.168,18.5,86.11,9.47054,-16.84945,-5.66853,0.00016,-0.68526
10698.86,SYN.BTC-25OCT19,1567594745603,open,0.04,122.4,0.014,0.061,0.03517885,80.99,0.0385,0.0,BTC-25OCT19-14000-C,10570.07,79.06,0.033,13.4,0.037,26.0,82.59,12.13523,-9.65971,2.90856,9e-05,0.23022
10802.35,BTC-27DEC19,1567594745658,open,0.07,445.0,0.0375,0.11,0.07277467,81.46,0.0785,0.0,BTC-27DEC19-15000-C,10570.07,80.56,0.071,16.0,0.075,16.0,82.58,21.30632,-7.62079,8.01705,7e-05,0.31066
10923.62,SYN.BTC-27MAR20,1567594745749,open,0.37,17.0,0.3225,0.4035,0.36469605,80.44,0.3625,0.0,BTC-27MAR20-8000-C,10570.07,77.29,0.358,5.0,0.384,5.0,89.39,23.36199,-4.58615,26.28383,4e-05,0.79338
178.15,SYN.ETH-6SEP19,1567594745795,open,0.05,1110.0,0.021,0.082,0.05301,83.54,0.056,0.0,ETH-6SEP19-170-C,178.06,61.91,0.049,40.0,0.055,240.0,92.92,0.03664,-0.81604,0.00676,0.02689,0.79158
10652.89,BTC-27SEP19,1567594745818,open,0.07,847.4,0.0365,0.0935,0.06543374,79.63,0.064,0.0,BTC-27SEP19-11000-C,10570.07,77.69,0.0635,12.0,0.066,1.0,80.19,10.61954,-18.48309,2.73854,0.00019,0.47561
10652.89,BTC-27SEP19,1567594745820,open,0.07,847.4,0.0365,0.0935,0.06543374,79.63,0.064,0.0,BTC-27SEP19-11000-C,10570.07,77.69,0.0635,23.2,0.066,1.0,80.19,10.61954,-18.48309,2.73854,0.00019,0.47561
10602.2,SYN.BTC-13SEP19,1567594745849,open,0.25,7.4,0.2305,0.2635,0.2463392,88.33,0.2485,0.0,BTC-13SEP19-8000-C,10570.07,0.0,0.245,2.6,0.2575,5.0,153.05,0.70697,-3.51794,1.89848,3e-05,0.98272
183.53,SYN.ETH-27MAR20,1567594745961,open,0.84,1.0,0.754,0.924,0.839556,88.82,0.827,0.0,ETH-27MAR20-320-P,178.06,0.0,0.0,0.0,0.861,3.0,96.77,0.48341,-0.10478,-1.57819,0.00288,-0.69245
178.15,SYN.ETH-6SEP19,1567594745973,open,0.02,1338.0,0.001,0.043,0.018374,80.7,0.021,0.0,ETH-6SEP19-180-C,178.06,68.74,0.015,2.0,0.02,682.0,86.44,0.05038,-1.08379,0.00387,0.03828,0.44056
10698.89,SYN.BTC-25OCT19,1567594746100,open,0.2,0.0,0.153,0.235,0.19443544,79.02,None,0.0,BTC-25OCT19-12000-P,10570.07,0.0,0.1215,10.0,0.0,0.0,0.0,15.47726,-12.02007,-11.77862,0.00012,-0.59541
181.49,ETH-27DEC19,1567594746121,open,0.47,0.0,0.44,0.488,0.464705,82.78,None,0.0,ETH-27DEC19-100-C,178.06,0.0,0.0,0.0,0.478,3.0,99.33,0.12734,-0.04628,0.26674,0.0015,0.93578
179.88,SYN.ETH-25OCT19,1567594746125,open,0.25,3.0,0.219,0.284,0.253687,82.86,0.271,0.0,ETH-25OCT19-140-C,178.06,0.0,0.0,0.0,0.259,3.0,88.43,0.16821,-0.13698,0.14517,0.0045,0.83269
183.53,SYN.ETH-27MAR20,1567594746125,open,1.04,0.0,0.949,1.128,1.038231,90.27,None,0.0,ETH-27MAR20-360-P,178.06,0.0,0.0,0.0,1.062,3.0,99.75,0.44176,-0.09732,-1.83672,0.00259,-0.74474
181.49,ETH-27DEC19,1567594746214,open,0.09,3112.0,0.051,0.13,0.091812,84.71,0.09,0.0,ETH-27DEC19-240-C,178.06,82.89,0.088,332.0,0.094,200.0,85.76,0.37986,-0.14129,0.15281,0.00436,0.36168
179.16,ETH-27SEP19,1567594746214,open,0.02,1937.0,0.006,0.041,0.020805,84.84,0.022,0.0,ETH-27SEP19-220-C,178.06,83.66,0.02,128.0,0.022,3.0,86.56,0.12355,-0.22911,0.01953,0.00724,0.19472
179.16,ETH-27SEP19,1567594746219,open,0.67,853.0,0.626,0.73,0.676143,95.18,0.641,0.0,ETH-27SEP19-300-P,178.06,0.0,0.049,15.0,0.681,3.0,119.1,0.02214,-0.04606,-0.18591,0.00116,-0.97954
179.16,ETH-27SEP19,1567594746221,open,0.04,8235.0,0.015,0.063,0.037118,84.23,0.035,0.0,ETH-27SEP19-160-P,178.06,82.85,0.036,128.0,0.039,606.0,86.54,0.14563,-0.26811,-0.03342,0.00859,-0.2605
10652.89,BTC-27SEP19,1567594746220,open,0.13,0.0,0.094,0.1635,0.12911281,80.47,None,0.0,BTC-27SEP19-11500-P,10570.07,77.75,0.1265,0.5,0.1305,0.5,81.92,10.23307,-17.99907,-4.93403,0.00018,-0.60991
179.16,ETH-27SEP19,1567594746223,open,2.12,24.0,2.035,2.222,2.125541,0.0,1.356,0.0,ETH-27SEP19-560-P,178.06,0.0,0.0,0.0,0.0,0.0,0.0,0.0,0.0,-0.35097,0.0,-1.0
181.49,ETH-27DEC19,1567594746228,open,2.96,0.0,2.852,3.097,2.969681,100.63,None,0.0,ETH-27DEC19-720-P,178.06,0.0,0.003,5.0,0.0,0.0,0.0,0.03835,-0.01694,-2.23926,0.00037,-0.98502
179.16,ETH-27SEP19,1567594746242,open,0.35,2551.0,0.305,0.397,0.349651,86.2,0.323,0.0,ETH-27SEP19-240-P,178.06,0.0,0.053,5.0,0.353,3.0,93.02,0.08223,-0.15493,-0.13962,0.00474,-0.89379
179.16,ETH-27SEP19,1567594746244,open,0.16,2693.0,0.115,0.2,0.158014,83.39,0.14,0.0,ETH-27SEP19-200-P,178.06,74.47,0.15,440.0,0.162,203.0,87.72,0.16364,-0.29825,-0.09227,0.00975,-0.66375
179.16,ETH-27SEP19,1567594746249,open,0.25,1574.0,0.204,0.294,0.248689,84.74,0.227,0.0,ETH-27SEP19-220-P,178.06,50.42,0.231,240.0,0.252,3.0,89.43,0.12342,-0.22859,-0.11838,0.00724,-0.80563
178.15,SYN.ETH-6SEP19,1567594746249,open,0.0,358.0,0.001,0.021,0.004798,85.59,0.006,0.0,ETH-6SEP19-190-C,178.06,80.74,0.004,8.0,0.006,900.0,92.37,0.03032,-0.69175,0.00137,0.02172,0.15413
181.49,ETH-27DEC19,1567594746257,open,0.03,943.0,0.008,0.05,0.02635,88.98,0.026,0.0,ETH-27DEC19-360-C,178.06,86.04,0.023,260.0,0.029,500.0,91.18,0.21367,-0.08347,0.0583,0.00234,0.12932
181.49,ETH-27DEC19,1567594746257,open,2.31,0.0,2.211,2.418,2.31,95.32,0.953,0.0,ETH-27DEC19-600-P,178.06,0.0,0.0,0.0,0.0,0.0,0.0,0.057,-0.02386,-1.86069,0.00058,-0.97612
179.16,ETH-27SEP19,1567594746257,open,1.9,12.0,1.818,1.992,1.902316,0.0,1.193,0.0,ETH-27SEP19-520-P,178.06,0.0,0.0,0.0,0.0,0.0,0.0,0.0,0.0,-0.3259,0.0,-1.0
181.49,ETH-27DEC19,1567594746259,open,1.65,21.0,1.571,1.746,1.654346,92.66,0.629,0.0,ETH-27DEC19-480-P,178.06,0.0,0.001,7.0,0.0,0.0,0.0,0.10883,-0.04428,-1.47319,0.00114,-0.94741
10923.51,SYN.BTC-27MAR20,1567594746259,open,1.59,0.0,1.526,1.6745,1.59647342,86.87,None,0.0,BTC-27MAR20-28000-P,10570.07,0.0,0.0,0.0,0.0,0.0,0.0,17.41948,-3.69294,-151.15813,3e-05,-0.86884
179.16,ETH-27SEP19,1567594746261,open,0.33,110.0,0.31,0.354,0.332338,85.92,0.329,0.0,ETH-27SEP19-120-C,178.06,0.0,0.319,1.0,0.332,3.0,83.44,0.02566,-0.0482,0.07223,0.00148,0.97562
181.49,ETH-27DEC19,1567594746261,open,1.43,0.0,1.358,1.524,1.437372,91.35,None,0.0,ETH-27DEC19-440-P,178.06,0.0,0.001,8.0,0.0,0.0,0.0,0.13519,-0.05423,-1.34082,0.00144,-0.93061
181.49,ETH-27DEC19,1567594746263,open,0.3,2.0,0.258,0.336,0.300488,82.78,0.275,0.0,ETH-27DEC19-140-C,178.06,0.0,0.0,0.0,0.314,3.0,90.98,0.29541,-0.10737,0.2749,0.00347,0.78598
181.49,ETH-27DEC19,1567594746263,open,1.87,37.0,1.784,1.969,1.872061,93.25,0.707,0.0,ETH-27DEC19-520-P,178.06,0.0,0.002,25.0,0.0,0.0,0.0,0.08586,-0.03516,-1.60407,0.0009,-0.96084
181.49,ETH-27DEC19,1567594746267,open,0.38,2.0,0.342,0.407,0.376311,82.78,0.346,0.0,ETH-27DEC19-120-C,178.06,0.0,0.101,1.0,0.39,3.0,93.86,0.21456,-0.07798,0.27949,0.00252,0.86991
10652.89,BTC-27SEP19,1567594746268,open,0.16,101.2,0.128,0.199,0.16377568,81.4,0.2225,0.0,BTC-27SEP19-12000-P,10570.07,77.12,0.16,7.0,0.1675,0.5,85.56,9.47054,-16.84945,-5.66853,0.00016,-0.68526
181.49,ETH-27DEC19,1567594746279,open,0.41,814.0,0.349,0.476,0.414199,84.71,0.366,0.0,ETH-27DEC19-240-P,178.06,68.78,0.382,240.0,0.422,3.0,88.42,0.37986,-0.14129,-0.59596,0.00436,-0.63832
179.16,ETH-27SEP19,1567594746283,open,2.34,27.0,2.252,2.452,2.348782,0.0,1.044,0.0,ETH-27SEP19-600-P,178.06,0.0,0.0,0.0,0.0,0.0,0.0,0.0,0.0,-0.37604,0.0,-1.0
181.49,ETH-27DEC19,1567594746283,open,0.12,2443.0,0.076,0.16,0.119025,82.78,0.125,0.0,ETH-27DEC19-160-P,178.06,80.22,0.114,32.0,0.124,500.0,85.31,0.35623,-0.12947,-0.24135,0.00419,-0.30722
179.16,ETH-27SEP19,1567594746283,open,0.44,17.0,0.425,0.461,0.443094,109.95,0.455,0.0,ETH-27SEP19-100-C,178.06,0.0,0.432,1.0,0.443,3.0,108.72,0.01404,-0.03375,0.06118,0.00063,0.98797
181.49,ETH-27DEC19,1567594746283,open,2.52,0.0,2.425,2.643,2.529438,95.95,None,0.0,ETH-27DEC19-640-P,178.06,0.0,0.0,0.0,0.0,0.0,0.0,0.04614,-0.01944,-1.98793,0.00047,-0.9814
181.49,ETH-27DEC19,1567594746289,open,2.74,0.0,2.638,2.87,2.749292,97.29,None,0.0,ETH-27DEC19-680-P,178.06,0.0,0.002,10.0,0.0,0.0,0.0,0.03932,-0.0168,-2.11422,0.00039,-0.98457
179.16,ETH-27SEP19,1567594746289,open,3.01,0.0,2.902,3.142,3.01853,0.0,None,0.0,ETH-27SEP19-720-P,178.06,0.0,0.0,0.0,0.0,0.0,0.0,0.0,0.0,-0.45125,0.0,-1.0
181.49,ETH-27DEC19,1567594746289,open,2.09,0.0,1.997,2.193,2.090625,93.87,0.845,0.0,ETH-27DEC19-560-P,178.06,0.0,0.0,0.0,0.0,0.0,0.0,0.06819,-0.0281,-1.73324,0.00071,-0.97041
179.16,ETH-27SEP19,1567594746296,open,2.57,0.0,2.468,2.682,2.57203,0.0,None,0.0,ETH-27SEP19-640-P,178.06,0.0,0.0,0.0,0.0,0.0,0.0,0.0,0.0,-0.40111,0.0,-1.0
179.16,ETH-27SEP19,1567594746308,open,1.45,0.0,1.385,1.532,1.456059,118.13,None,0.0,ETH-27SEP19-440-P,178.06,0.0,0.0,0.0,0.0,0.0,0.0,0.00275,-0.00709,-0.27556,0.00012,-0.99808
179.16,ETH-27SEP19,1567594746315,open,0.56,730.0,0.518,0.618,0.565837,92.66,0.533,0.0,ETH-27SEP19-280-P,178.06,0.0,0.002,20.0,0.57,3.0,108.77,0.03484,-0.07057,-0.17186,0.00187,-0.96477
181.49,ETH-27DEC19,1567594746315,open,0.6,432.0,0.533,0.669,0.601502,86.07,0.66,0.0,ETH-27DEC19-280-P,178.06,56.62,0.558,240.0,0.61,3.0,90.73,0.32495,-0.1228,-0.76291,0.00367,-0.74585
181.49,ETH-27DEC19,1567594746315,open,0.15,1240.0,0.099,0.188,0.146929,83.51,0.155,0.0,ETH-27DEC19-200-C,178.06,81.3,0.142,324.0,0.15,200.0,84.89,0.40429,-0.14824,0.20557,0.00471,0.50998
179.16,ETH-27SEP19,1567594746315,open,3.24,0.0,3.118,3.372,3.241782,0.0,None,0.0,ETH-27SEP19-760-P,178.06,0.0,0.0,0.0,0.0,0.0,0.0,0.0,0.0,-0.47632,0.0,-1.0
179.16,ETH-27SEP19,1567594746317,open,0.46,1241.0,0.411,0.506,0.456718,89.88,0.426,0.0,ETH-27SEP19-260-P,178.06,0.0,0.007,15.0,0.46,3.0,99.34,0.05445,-0.10698,-0.15667,0.00301,-0.93853
181.49,ETH-27DEC19,1567594746317,open,0.01,2473.0,0.001,0.015,0.005056,93.87,0.004,0.0,ETH-27DEC19-560-C,178.06,87.43,0.003,250.0,0.007,340.0,98.51,0.06819,-0.0281,0.01389,0.00071,0.02959
179.16,ETH-27SEP19,1567594746317,open,0.01,9048.0,0.002,0.026,0.011724,85.66,0.011,0.0,ETH-27SEP19-140-P,178.06,81.73,0.01,160.0,0.013,696.0,88.42,0.08117,-0.15197,-0.01303,0.00471,-0.10431
179.16,ETH-27SEP19,1567594746317,open,1.68,0.0,1.601,1.762,1.679133,0.0,None,0.0,ETH-27SEP19-480-P,178.06,0.0,0.0,0.0,0.0,0.0,0.0,0.0,0.0,-0.30083,0.0,-1.0
181.49,ETH-27DEC19,1567594746323,open,0.06,1048.0,0.027,0.092,0.058717,86.07,0.062,0.0,ETH-27DEC19-280-C,178.06,84.54,0.056,32.0,0.062,203.0,87.89,0.32495,-0.1228,0.11066,0.00367,0.25415
10652.86,BTC-27SEP19,1567594746324,open,0.2,0.0,0.1655,0.237,0.20112288,82.09,None,0.0,BTC-27SEP19-12500-P,10570.07,75.48,0.196,6.0,0.205,0.5,86.89,8.46991,-15.19678,-6.35191,0.00015,-0.75027
181.49,ETH-27DEC19,1567594746325,open,3.18,0.0,3.066,3.323,3.189577,101.19,None,0.0,ETH-27DEC19-760-P,178.06,0.0,0.0,0.0,0.0,0.0,0.0,0.03209,-0.01426,-2.36535,0.00031,-0.98781
179.16,ETH-27SEP19,1567594746325,open,0.23,214.0,0.201,0.258,0.230344,85.75,0.227,0.0,ETH-27SEP19-140-C,178.06,0.0,0.208,18.0,0.23,3.0,84.99,0.08129,-0.15236,0.07468,0.00471,0.89548
179.16,ETH-27SEP19,1567594746325,open,2.79,0.0,2.685,2.912,2.79528,0.0,None,0.0,ETH-27SEP19-680-P,178.06,0.0,0.0,0.0,0.0,0.0,0.0,0.0,0.0,-0.42618,0.0,-1.0
183.53,SYN.ETH-27MAR20,1567594746328,open,1.24,0.0,1.148,1.335,1.239926,90.71,None,0.0,ETH-27MAR20-400-P,178.06,0.0,0.001,10.0,1.269,3.0,103.24,0.39624,-0.08772,-2.09115,0.00231,-0.79003
181.49,ETH-27DEC19,1567594746331,open,0.07,213.0,0.04,0.105,0.07188,82.78,0.065,0.0,ETH-27DEC19-140-P,178.06,79.76,0.067,292.0,0.075,332.0,84.69,0.29541,-0.10737,-0.16188,0.00347,-0.21402
10698.82,SYN.BTC-25OCT19,1567594746368,open,0.44,0.0,0.4285,0.4565,0.4418759,82.55,None,0.0,BTC-25OCT19-6000-C,10570.07,0.0,0.0,0.0,0.0,0.0,0.0,2.02687,-1.64435,8.00785,2e-05,0.97886
181.49,ETH-27DEC19,1567594746397,open,0.19,495.0,0.138,0.227,0.186209,82.78,0.196,0.0,ETH-27DEC19-180-C,178.06,80.37,0.181,300.0,0.191,500.0,85.0,0.39207,-0.1425,0.23335,0.00461,0.59832
10698.82,SYN.BTC-25OCT19,1567594746399,open,0.01,499.5,0.001,0.026,0.01093654,82.07,0.011,0.0,BTC-25OCT19-17000-C,10570.07,79.56,0.0095,17.3,0.012,24.0,83.82,6.33606,-5.11051,1.13744,5e-05,0.08721
179.88,SYN.ETH-25OCT19,1567594746410,open,0.12,463.0,0.082,0.157,0.121616,82.18,0.125,0.0,ETH-25OCT19-180-C,178.06,79.72,0.118,5.0,0.124,531.0,83.8,0.26487,-0.21391,0.10993,0.00715,0.56008
10576.86,SYN.BTC-6SEP19,1567594746414,open,0.0,122.0,0.0005,0.0105,6.531e-05,120.0,0.0005,0.0,BTC-6SEP19-13500-C,10570.07,0.0,0.0,0.0,0.0005,15.0,150.57,0.06109,-0.69074,0.00138,1e-05,0.00261
181.49,ETH-27DEC19,1567594746464,open,0.18,102.0,0.126,0.226,0.177999,82.78,0.18,0.0,ETH-27DEC19-180-P,178.06,80.93,0.174,32.0,0.183,200.0,85.09,0.39207,-0.1425,-0.32823,0.00461,-0.40168
179.88,SYN.ETH-25OCT19,1567594746478,open,0.12,104.0,0.08,0.163,0.122262,82.15,0.126,0.0,ETH-25OCT19-180-P,178.06,79.94,0.119,96.0,0.126,268.0,84.69,0.26487,-0.21385,-0.14096,0.00715,-0.43994
10576.86,SYN.BTC-6SEP19,1567594746478,open,0.18,0.5,0.159,0.209,0.18232959,109.32,0.204,0.0,BTC-6SEP19-12500-P,10570.07,0.0,0.1755,4.0,0.1865,4.0,165.8,0.33867,-9.86891,-0.63275,5e-05,-0.98181
183.53,SYN.ETH-27MAR20,1567594746483,open,1.44,0.0,1.351,1.545,1.445876,91.26,None,0.0,ETH-27MAR20-440-P,178.06,0.0,0.002,10.0,1.481,3.0,107.52,0.35361,-0.07875,-2.34,0.00205,-0.82565
10802.35,BTC-27DEC19,1567594746544,open,0.09,497.4,0.0505,0.128,0.0889801,80.75,0.09,0.0,BTC-27DEC19-14000-C,10570.07,80.04,0.0875,15.0,0.0905,0.4,81.47,22.64581,-8.02879,9.24821,8e-05,0.36339
10923.51,SYN.BTC-27MAR20,1567594746565,open,1.95,0.0,1.88,2.0345,1.95278053,87.9,None,0.0,BTC-27MAR20-32000-P,10570.07,0.0,0.0,0.0,0.0,0.0,0.0,13.97204,-2.9972,-175.14185,2e-05,-0.90369
10602.19,SYN.BTC-13SEP19,1567594746571,open,0.0,318.3,0.0005,0.013,0.00341719,82.46,0.0025,0.0,BTC-13SEP19-13000-C,10570.07,77.37,0.0025,30.0,0.004,15.0,85.31,2.07316,-9.62984,0.15639,9e-05,0.06408
10652.84,BTC-27SEP19,1567594746598,open,0.07,28.2,0.0415,0.1015,0.07157978,79.34,0.074,0.0,BTC-27SEP19-10500-P,10570.07,77.74,0.07,0.5,0.0735,0.5,81.3,10.48303,-18.18018,-3.36007,0.00019,-0.43169
178.15,SYN.ETH-6SEP19,1567594746598,open,0.12,15.0,0.09,0.16,0.123971,94.99,0.105,0.0,ETH-6SEP19-200-P,178.06,0.0,0.0,0.0,0.129,200.0,138.64,0.01274,-0.32268,-0.00985,0.00822,-0.95203
181.49,ETH-27DEC19,1567594746606,open,0.33,242.0,0.265,0.386,0.327828,83.97,0.371,0.0,ETH-27DEC19-220-P,178.06,82.22,0.324,24.0,0.336,3.0,87.69,0.39822,-0.14682,-0.50824,0.00461,-0.56975
