underlying_price,underlying_index,timestamp,state,settlement_price,open_interest,min_price,max_price,mark_price,mark_iv,last_price,interest_rate,instrument_name,index_price,bid_iv,best_bid_price,best_bid_amount,best_ask_price,best_ask_amount,ask_iv,vega,theta,rho,gamma,delta
143.4,ETH-28JUN19,1554116340009,open,0.22,26.0,0.207966,0.295411,0.214827,64.59,0.191,0.0,ETH-28JUN19-120-C,141.37,57.29,0.204,138.0,0.221,138.0,68.65,0.21652,-0.07958,0.18974,0.00677,0.76441
4115.19,index_price,1554116340041,open,0.03,1683.8,0.03300604,0.05876008,0.03313123,45.12,0.0315,0,BTC-26APR19-4250-C,4115.19,42.53,0.0305,7.9,0.0325,8.2,44.5,4.18821,-3.79858,1.07095,0.0008,0.41499
141.37,index_price,1554116340108,open,0.0,0.0,9.2e-05,0.011987,0.000775,76.74,,0.2,ETH-12APR19-190-C,141.37,0.0,0.0,0.0,0.001,200.0,79.58,0.01028,-0.03751,0.00068,0.00225,0.01698
4087.72,BTC-28JUN19,1554116340172,open,2.66,2.3,2.66952727,2.66956289,2.66972414,85.0,2.685,0.0,BTC-28JUN19-15000-P,4115.19,0.0,0.1,1.0,0.0,0.0,0.0,0.11645,-0.05632,-36.09737,0.0,-0.99818
4087.72,BTC-28JUN19,1554116340193,open,0.04,694.4,0.03614579,0.07531866,0.04154274,53.62,0.0395,0.0,BTC-28JUN19-3500-P,4115.19,51.93,0.039,13.9,0.043,21.7,54.58,6.16777,-1.88173,-2.72441,0.00029,-0.23529
4077.73,BTC-27SEP19,1554116340210,open,0.26,3.0,0.22418883,0.44067002,0.25775051,56.51,0.2675,0.0,BTC-27DEC19-3500-C,4115.19,55.57,0.255,1.0,0.2635,10.0,58.46,11.97579,-1.25378,13.67649,0.00017,0.71136
141.37,index_price,1554116340212,open,0.33,0.0,0.336097,0.347992,0.33678,76.73,,0.2,ETH-12APR19-190-P,141.37,0.0,0.001,10.0,0.433,1.0,286.38,0.01027,0.066,-0.05559,0.00225,-0.98303
4115.19,index_price,1554116340218,open,0.28,4.2,0.27668418,0.28449814,0.27815297,52.72,0.3545,0,BTC-26APR19-5250-P,4115.19,43.56,0.2765,2.0,0.2865,2.0,73.96,1.00936,-1.06966,-3.45989,0.00017,-0.95549
141.37,index_price,1554116340218,open,0.26,0.0,0.270554,0.272774,0.270603,79.94,,0.2,ETH-5APR19-180-P,141.37,0.0,0.001,10.0,0.348,1.0,393.54,0.00096,0.0884,-0.01904,0.00056,-0.99792
4115.19,index_price,1554116340237,open,0.03,775.2,0.03352892,0.05864979,0.03320662,44.68,0.0345,0,BTC-26APR19-4000-P,4115.19,45.97,0.0345,39.0,0.036,9.0,47.48,4.09516,-3.67741,-1.16288,0.00079,-0.38143
4115.19,index_price,1554116340239,open,0.51,0.0,0.51399571,0.51399685,0.51396021,0.0,,0,BTC-26APR19-2000-C,4115.19,0.0,0.51,10.3,0.5145,10.3,113.6,0.0,0.0,1.36305,0.0,1.0
4115.19,index_price,1554116340239,open,0.22,2.2,0.21763017,0.22975576,0.21881365,48.67,0.229,0,BTC-26APR19-5000-P,4115.19,42.66,0.217,2.0,0.2275,2.0,66.41,1.45664,-1.42508,-3.21946,0.00026,-0.9291
4115.19,index_price,1554116340244,open,0.27,0.0,0.27110309,0.27363908,0.27191494,58.56,0.2505,0,BTC-26APR19-3000-C,4115.19,0.0,0.2655,7.4,0.2725,7.4,63.31,0.43055,-0.50681,1.99705,6e-05,0.98398
4077.73,BTC-27SEP19,1554116340261,open,0.63,42.8,0.63243404,0.63553339,0.63400336,68.18,0.6235,0.0,BTC-27SEP19-1500-C,4115.19,0.0,0.6285,20.0,0.6385,20.0,84.13,0.74764,-0.14249,7.11811,1e-05,0.9902
4087.72,BTC-28JUN19,1554116340269,open,1.93,10.0,1.93562231,1.93592905,1.93638799,81.9,1.243,0.0,BTC-28JUN19-12000-P,4115.19,0.0,1.925,1.1,1.944,1.1,111.44,0.37046,-0.17263,-28.83334,1e-05,-0.99341
4087.72,BTC-28JUN19,1554116340301,open,0.48,35.5,0.47528103,0.50165249,0.48073013,56.79,0.4835,0.0,BTC-28JUN19-6000-P,4115.19,48.84,0.4745,2.0,0.4875,2.0,63.51,3.71824,-1.20136,-13.5111,0.00016,-0.89215
4077.73,BTC-27SEP19,1554116340321,open,0.4,12.1,0.40180058,0.45482001,0.40638567,55.95,0.442,0.0,BTC-27SEP19-5500-P,4115.19,51.69,0.3965,2.0,0.418,2.0,60.73,9.69116,-1.51559,-22.40982,0.00021,-0.71502
4087.72,BTC-28JUN19,1554116340321,open,2.17,0.8,2.18025707,2.18040425,2.18086311,85.0,2.196,0.0,BTC-28JUN19-13000-P,4115.19,0.0,0.1,1.0,0.0,0.0,0.0,0.29783,-0.14404,-31.25346,1e-05,-0.99485
141.37,index_price,1554116340351,open,0.23,0.0,0.226717,0.238861,0.227315,72.25,,0.2,ETH-12APR19-110-C,141.37,0.0,0.217,102.0,0.231,102.0,99.58,0.01025,-0.09259,0.03184,0.00238,0.98307
4087.72,BTC-28JUN19,1554116340358,open,0.4,31.0,0.39001345,0.40039766,0.39414634,63.09,0.374,0.0,BTC-28JUN19-2500-C,4115.19,52.19,0.3905,17.3,0.398,20.3,70.91,1.75166,-0.62885,5.56226,7e-05,0.95934
4077.73,BTC-27SEP19,1554116340358,open,0.08,803.8,0.0771052,0.13411299,0.07900576,54.72,0.08,0.0,BTC-27SEP19-5000-C,4115.19,53.58,0.076,3.1,0.0805,3.0,55.29,10.74609,-1.64374,5.74843,0.00024,0.36666
143.98,ETH-27SEP19,1554116340358,open,0.84,0.0,0.825868,0.971862,0.850452,74.83,,0.0,ETH-27SEP19-260-P,141.37,0.0,0.013,1.0,5.0,10.0,500.0,0.27629,-0.05779,-1.16939,0.00363,-0.80684
143.4,ETH-28JUN19,1554116340574,open,0.68,0.0,0.67976,0.743533,0.684549,67.44,,0.0,ETH-28JUN19-240-P,141.37,0.0,0.001,10.0,0.0,0.0,0.0,0.10669,-0.04094,-0.55323,0.0032,-0.91788
4115.19,index_price,1554116340585,open,0.0,138.8,0.00011951,0.01496247,0.00050742,54.03,0.0005,0,BTC-12APR19-3375-P,4115.19,0.0,0.0,0.0,0.001,65.0,60.03,0.26736,-0.66407,-0.01888,0.0001,-0.01489
143.98,ETH-27SEP19,1554116340721,open,0.59,0.0,0.585077,0.62755,0.587235,68.21,,0.0,ETH-27SEP19-60-C,141.37,0.0,0.579,191.0,0.592,191.0,79.64,0.04701,-0.00896,0.27774,0.00068,0.98086
4115.19,index_price,1554116340781,open,0.15,6.1,0.14997572,0.17083434,0.15013136,46.96,0.152,0,BTC-12APR19-3500-C,4115.19,0.0,0.145,3.0,0.1515,10.7,57.7,0.35527,-0.76708,1.01661,0.00015,0.97922
143.4,ETH-28JUN19,1554116340890,open,0.81,0.0,0.816263,0.868663,0.820718,69.8,,0.0,ETH-28JUN19-260-P,141.37,0.0,0.02,1.0,0.0,0.0,0.0,0.08233,-0.03269,-0.60834,0.00238,-0.94136
141.37,index_price,1554116341050,open,0.03,5.0,0.03366,0.081068,0.031245,56.42,0.032,0.2,ETH-12APR19-140-P,141.37,56.05,0.031,200.0,0.035,374.0,61.99,0.09523,-0.21229,-0.01888,0.02835,-0.41688
4115.19,index_price,1554116341104,open,0.1,6.0,0.09854339,0.13773369,0.09796204,43.39,0.115,0,BTC-12APR19-4500-P,4115.19,38.9,0.0965,8.3,0.104,2.0,57.68,1.4529,-2.89858,-1.19443,0.00066,-0.87615
4115.19,index_price,1554116341181,open,0.15,0.0,0.15427381,0.16124055,0.15463923,64.19,,0,BTC-5APR19-4750-P,4115.19,0.0,0.1525,2.0,0.1585,2.0,100.68,0.17287,-1.43148,-0.49739,0.00015,-0.98366
4115.19,index_price,1554116341211,open,0.0,985.3,0.00010952,0.00264552,0.00100996,59.38,0.001,0,BTC-26APR19-3000-P,4115.19,53.71,0.0005,100.5,0.0015,60.2,63.26,0.45657,-0.54498,-0.05096,7e-05,-0.01716
4115.19,index_price,1554116341213,open,0.0,985.3,0.00010952,0.00264552,0.00100996,59.38,0.001,0,BTC-26APR19-3000-P,4115.19,53.71,0.0005,121.3,0.0015,60.2,63.26,0.45657,-0.54498,-0.05096,7e-05,-0.01716
4115.19,index_price,1554116341223,open,0.02,1299.3,0.01579546,0.03835922,0.01590535,45.13,0.0155,0,BTC-26APR19-4500-C,4115.19,44.02,0.015,1.0,0.0165,3.4,45.86,3.35519,-3.04385,0.63423,0.00064,0.24204
4115.19,index_price,1554116341224,open,0.02,1299.3,0.01579546,0.03835922,0.01590535,45.13,0.0155,0,BTC-26APR19-4500-C,4115.19,44.02,0.015,1.0,0.0165,19.4,45.86,3.35519,-3.04385,0.63423,0.00064,0.24204
4087.72,BTC-28JUN19,1554116341233,open,0.04,955.4,0.03127886,0.0740496,0.03586665,52.94,0.037,0.0,BTC-28JUN19-5000-C,4115.19,51.43,0.0335,7.1,0.0375,14.3,53.96,6.49598,-1.95661,2.19828,0.00031,0.25924
143.98,ETH-27SEP19,1554116341247,open,0.36,0.0,0.342244,0.462013,0.354272,67.41,,0.0,ETH-27SEP19-100-C,141.37,58.55,0.34,150.0,0.361,150.0,71.35,0.24184,-0.04557,0.34511,0.00353,0.84337
4077.73,BTC-27SEP19,1554116341255,open,0.02,1095.1,0.00778805,0.03385915,0.0169736,63.24,0.017,0.0,BTC-27SEP19-8000-C,4115.19,62.85,0.0165,9.5,0.017,6.1,63.27,4.88731,-0.864,1.59276,9e-05,0.09668
4077.73,BTC-27SEP19,1554116341267,open,0.02,732.3,0.01347542,0.03811146,0.01924947,59.74,0.023,0.0,BTC-27SEP19-2500-P,4115.19,59.51,0.019,5.0,0.02,5.1,60.43,4.40058,-0.7348,-2.0622,9e-05,-0.08394
4115.19,index_price,1554116341275,open,0.0,2607.1,0.00086375,0.00750514,0.00241701,53.92,0.0025,0,BTC-26APR19-3250-P,4115.19,51.99,0.002,35.7,0.0025,7.3,54.29,0.93174,-1.0099,-0.11985,0.00015,-0.04032
4077.73,BTC-27SEP19,1554116341285,open,0.03,1257.6,0.01680033,0.05301458,0.02560028,60.13,0.026,0.0,BTC-27SEP19-7000-C,4115.19,59.75,0.025,10.0,0.026,6.9,60.39,6.40249,-1.07614,2.31785,0.00013,0.14159
4115.19,index_price,1554116341292,open,0.0,216.6,0.00239263,0.03607883,0.00236554,44.88,0.0025,0,BTC-12APR19-4625-C,4115.19,43.26,0.002,12.9,0.003,24.6,47.43,0.96383,-1.98889,0.08411,0.00043,0.07096
4077.73,BTC-27SEP19,1554116341294,open,0.01,863.9,0.00172118,0.01435002,0.00972491,69.77,0.009,0.0,BTC-27SEP19-10000-C,4115.19,68.82,0.009,10.7,0.0105,6.9,70.73,3.20457,-0.62494,0.91751,6e-05,0.05564
4115.19,index_price,1554116341302,open,0.01,282.7,0.00755753,0.03391986,0.00653417,41.91,0.006,0,BTC-5APR19-4000-P,4115.19,41.81,0.0065,5.9,0.008,4.0,46.31,1.34346,-7.26402,-0.11148,0.00178,-0.24858
4077.73,BTC-27SEP19,1554116341322,open,0.03,132.7,0.01468217,0.15568906,0.03369447,58.38,0.0355,0.0,BTC-27DEC19-2500-P,4115.19,56.7,0.031,10.5,0.036,6.0,59.79,6.60097,-0.71401,-4.33788,9e-05,-0.11018
141.37,index_price,1554116341359,open,0.23,0.0,0.2219,0.223298,0.221924,80.01,,0,ETH-5APR19-110-C,141.37,0.0,0.216,101.0,0.23,101.0,189.68,0.0005,-0.00515,0.01166,0.00029,0.99898
4115.19,index_price,1554116341360,open,0.03,1683.8,0.03300604,0.05876008,0.03313123,45.12,0.0315,0,BTC-26APR19-4250-C,4115.19,42.53,0.0305,6.9,0.0325,8.2,44.5,4.18821,-3.79858,1.07095,0.0008,0.41499
4087.72,BTC-28JUN19,1554116341364,open,0.02,1148.9,0.01033594,0.03489792,0.01667729,57.6,0.0155,0.0,BTC-28JUN19-3000-P,4115.19,55.14,0.0145,6.3,0.018,42.9,59.03,3.72756,-1.22156,-1.22919,0.00016,-0.10822
4115.19,index_price,1554116341363,open,0.03,1683.8,0.03300604,0.05876008,0.03313123,45.12,0.0315,0,BTC-26APR19-4250-C,4115.19,43.03,0.031,1.0,0.0325,8.2,44.5,4.18821,-3.79858,1.07095,0.0008,0.41499
4115.19,index_price,1554116341368,open,0.06,570.8,0.06152034,0.08664121,0.06107992,44.56,0.0605,0,BTC-26APR19-4000-C,4115.19,40.45,0.057,11.7,0.06,5.5,43.47,4.09455,-3.66709,1.56408,0.0008,0.61876
4087.72,BTC-28JUN19,1554116341366,open,0.02,1148.9,0.01033594,0.03489792,0.01667729,57.6,0.0155,0.0,BTC-28JUN19-3000-P,4115.19,55.72,0.015,24.9,0.018,42.9,59.03,3.72756,-1.22156,-1.22919,0.00016,-0.10822
4077.73,BTC-27SEP19,1554116341376,open,0.04,704.4,0.036238,0.08396082,0.0417898,56.74,0.0415,0.0,BTC-27SEP19-6000-C,4115.19,55.38,0.039,5.3,0.043,7.2,57.33,8.44281,-1.33913,3.55268,0.00018,0.21957
4115.19,index_price,1554116341380,open,0.06,570.8,0.06152034,0.08664121,0.06107992,44.56,0.0605,0,BTC-26APR19-4000-C,4115.19,41.96,0.0585,1.0,0.06,5.5,43.47,4.09455,-3.66709,1.56408,0.0008,0.61876
4077.73,BTC-27SEP19,1554116341377,open,0.04,704.4,0.036238,0.08396082,0.0417898,56.74,0.0415,0.0,BTC-27SEP19-6000-C,4115.19,55.38,0.039,12.5,0.043,7.2,57.33,8.44281,-1.33913,3.55268,0.00018,0.21957
4077.73,BTC-27SEP19,1554116341388,open,0.01,637.0,0.00300472,0.01446364,0.00709959,63.57,0.0075,0.0,BTC-27SEP19-2000-P,4115.19,63.38,0.007,5.0,0.008,4.0,65.22,2.16057,-0.38392,-0.8239,4e-05,-0.03413
4115.19,index_price,1554116341389,open,0.0,50.7,0.00156684,0.02940412,0.00152431,44.75,0.002,0,BTC-12APR19-3625-P,4115.19,41.25,0.001,59.8,0.002,10.0,47.38,0.69036,-1.42025,-0.05879,0.00031,-0.04642
4077.73,BTC-27SEP19,1554116341389,open,0.01,637.0,0.00300472,0.01446364,0.00709959,63.57,0.0075,0.0,BTC-27SEP19-2000-P,4115.19,63.38,0.007,5.0,0.008,23.5,65.22,2.16057,-0.38392,-0.8239,4e-05,-0.03413
4115.19,index_price,1554116341399,open,0.01,970.6,0.00677096,0.02417004,0.00726347,45.92,0.007,0,BTC-26APR19-4750-C,4115.19,44.48,0.0065,3.0,0.008,38.6,47.24,2.24583,-2.07269,0.33804,0.00042,0.12779
4115.19,index_price,1554116341417,open,0.0,1074.1,0.00029898,0.00504386,0.00147653,55.89,0.001,0,BTC-26APR19-5500-C,4115.19,52.67,0.001,88.0,0.002,17.0,58.75,0.68518,-0.76978,0.0737,0.00011,0.02775
4077.71,BTC-27SEP19,1554116341428,open,0.34,0.0,0.3066375,0.55952256,0.34058074,55.24,,0.0,BTC-27DEC19-5000-P,4115.19,51.04,0.3265,4.5,0.353,7.0,58.91,13.73336,-1.40555,-27.63599,0.0002,-0.57604
4115.19,index_price,1554116341418,open,0.0,1074.1,0.00029898,0.00504386,0.00147653,55.89,0.001,0,BTC-26APR19-5500-C,4115.19,52.67,0.001,88.0,0.002,50.5,58.75,0.68518,-0.76978,0.0737,0.00011,0.02775
143.4,ETH-28JUN19,1554116341433,open,0.19,39.0,0.19008,0.297191,0.197415,63.83,0.203,0.0,ETH-28JUN19-160-P,141.37,55.75,0.182,101.0,0.209,101.0,69.84,0.27552,-0.10006,-0.26722,0.00872,-0.57658
4087.72,BTC-28JUN19,1554116341447,open,0.01,870.2,0.00160133,0.01198553,0.00573422,63.09,0.005,0.0,BTC-28JUN19-2500-P,4115.19,60.03,0.0045,9.3,0.0065,33.8,64.82,1.75166,-0.62885,-0.45662,7e-05,-0.04066
4087.72,BTC-28JUN19,1554116341448,open,0.01,870.2,0.00160133,0.01198553,0.00573422,63.09,0.005,0.0,BTC-28JUN19-2500-P,4115.19,60.03,0.0045,44.3,0.0065,33.8,64.82,1.75166,-0.62885,-0.45662,7e-05,-0.04066
4087.72,BTC-28JUN19,1554116341457,open,0.0,945.3,0.00032024,0.00681744,0.00334267,66.69,0.004,0.0,BTC-28JUN19-8000-C,4115.19,65.61,0.003,7.3,0.0045,15.3,69.88,1.34553,-0.51057,0.25735,5e-05,0.02949
4087.72,BTC-28JUN19,1554116341459,open,0.0,945.3,0.00032024,0.00681744,0.00334267,66.69,0.004,0.0,BTC-28JUN19-8000-C,4115.19,65.61,0.003,7.3,0.004,21.8,68.58,1.34553,-0.51057,0.25735,5e-05,0.02949
4087.72,BTC-28JUN19,1554116341469,open,0.19,156.0,0.17992276,0.21909563,0.18531971,53.62,0.1815,0.0,BTC-28JUN19-3500-C,4115.19,51.74,0.1825,5.2,0.187,6.3,54.73,6.16777,-1.88173,5.70202,0.00029,0.76471
4115.19,index_price,1554116341475,open,0.13,6.0,0.12627756,0.15996376,0.12638704,45.46,0.1445,0,BTC-12APR19-4625-P,4115.19,38.48,0.125,2.0,0.1325,2.0,63.72,0.99172,-2.07265,-1.29084,0.00043,-0.92635
4077.73,BTC-27SEP19,1554116341487,open,0.01,645.5,0.00082638,0.00952414,0.00777524,72.5,0.0055,0.0,BTC-27SEP19-11000-C,4115.19,72.08,0.0075,10.0,0.008,6.9,72.84,2.67806,-0.54272,0.73246,5e-05,0.04443
143.98,ETH-27SEP19,1554116341489,open,0.27,173.0,0.249636,0.399638,0.266824,67.51,0.265,0.0,ETH-27SEP19-120-C,141.37,66.72,0.265,2.0,0.275,158.0,71.06,0.33143,-0.06255,0.3289,0.00483,0.73296
4077.73,BTC-27SEP19,1554116341495,open,0.01,681.8,0.00040322,0.00640021,0.00628536,74.79,0.0065,0.0,BTC-27SEP19-12000-C,4115.19,74.27,0.006,10.0,0.0065,6.9,75.18,2.25507,-0.47146,0.59294,4e-05,0.03596
4087.72,BTC-28JUN19,1554116341503,open,0.0,1353.0,7.2e-07,0.00021515,0.0002515,76.2,0.0005,0.0,BTC-28JUN19-1500-P,4115.19,0.0,0.0,0.0,0.0005,13.1,82.14,0.13085,-0.05673,-0.02279,0.0,-0.00206
4115.19,index_price,1554116341517,open,0.0,9.2,0.0,0.00091279,8.433e-05,85.05,0.001,0,BTC-5APR19-3250-P,4115.19,0.0,0.0,0.0,0.0005,62.8,105.16,0.03995,-0.34705,-0.00139,3e-05,-0.0031
4115.19,index_price,1554116341574,open,0.09,6.0,0.09293112,0.12802376,0.0923897,43.27,0.083,0,BTC-12APR19-3750-C,4115.19,0.0,0.0875,3.0,0.0945,11.3,49.57,1.24648,-2.47936,0.9903,0.00057,0.90002
4115.19,index_price,1554116341552,open,0.0,216.6,0.00239263,0.03607883,0.00236554,44.88,0.0025,0,BTC-12APR19-4625-C,4115.19,43.26,0.002,12.9,0.0035,20.0,49.26,0.96383,-1.98889,0.08411,0.00043,0.07096
4115.19,index_price,1554116341578,open,0.0,216.6,0.00239263,0.03607883,0.00236554,44.88,0.0025,0,BTC-12APR19-4625-C,4115.19,43.26,0.002,12.9,0.003,24.6,47.43,0.96383,-1.98889,0.08411,0.00043,0.07096
143.98,ETH-27SEP19,1554116341719,open,0.2,343.0,0.178226,0.34758,0.196056,66.65,0.189,0.0,ETH-27SEP19-140-C,141.37,65.13,0.192,178.0,0.203,178.0,69.25,0.38517,-0.07176,0.29588,0.00569,0.61538
4115.19,index_price,1554116341741,open,0.18,0.0,0.17986784,0.18195895,0.18001908,77.42,,0,BTC-5APR19-3375-C,4115.19,0.0,0.176,3.0,0.182,14.0,115.45,0.06973,-0.69647,0.35578,5e-05,0.99422
4077.7,BTC-27SEP19,1554116341765,open,0.44,17.0,0.40479593,0.65472896,0.43776083,55.78,0.467,0.0,BTC-27DEC19-5500-P,4115.19,48.12,0.414,2.5,0.4625,2.5,63.39,12.99376,-1.34279,-32.78158,0.00019,-0.64953
4115.19,index_price,1554116341765,open,0.02,196.1,0.01973583,0.04850564,0.0183469,41.62,0.018,0,BTC-5APR19-4125-P,4115.19,40.78,0.018,11.1,0.02,4.0,45.64,1.69074,-9.07812,-0.23244,0.00226,-0.51359
4087.71,BTC-28JUN19,1554116341861,open,0.02,10.0,0.01056558,0.0423411,0.01996785,53.85,0.0215,0.0,BTC-28JUN19-5500-C,4115.19,53.03,0.019,5.8,0.0215,50.0,55.11,4.89643,-1.50018,1.38617,0.00023,0.16082
141.37,index_price,1554116341896,open,0.09,7.0,0.082819,0.101171,0.083074,61.58,0.071,0,ETH-5APR19-130-C,141.37,0.0,0.079,87.0,0.089,287.0,88.9,0.02327,-0.18486,0.01244,0.01781,0.91198
4115.19,index_price,1554116341960,open,0.0,24.0,9e-08,0.00209119,0.00025098,82.29,0.0005,0,BTC-5APR19-3375-P,4115.19,0.0,0.0,0.0,0.0005,71.7,90.31,0.09944,-1.03285,-0.00388,7e-05,-0.00864
143.98,ETH-27SEP19,1554116341985,open,0.97,0.0,0.95864,1.093552,0.979925,75.17,,0.0,ETH-27SEP19-280-P,141.37,0.0,0.002,1.0,2.5,1.0,500.0,0.24369,-0.0512,-1.28524,0.00319,-0.84155
143.4,ETH-28JUN19,1554116341997,open,0.0,10.0,1e-06,0.004799,3.9e-05,72.76,0.002,0.0,ETH-28JUN19-500-C,141.37,0.0,0.0,0.0,0.002,200.0,102.93,0.00114,-0.00047,0.00014,3e-05,0.00045
4077.7,BTC-27SEP19,1554116342028,open,0.0,36.2,0.00035524,0.05086188,0.00452527,64.24,0.005,0.0,BTC-27DEC19-1500-P,4115.19,61.41,0.0035,10.0,0.0055,10.0,66.61,1.58608,-0.18878,-0.69307,2e-05,-0.01846
143.4,ETH-28JUN19,1554116342115,open,2.47,0.0,2.486752,2.491549,2.486789,72.76,,0.0,ETH-28JUN19-500-P,141.37,0.0,0.001,20.0,0.0,0.0,0.0,0.00114,-0.00047,-1.20363,3e-05,-0.99955
4087.72,BTC-28JUN19,1554116342137,open,0.04,955.4,0.03127886,0.0740496,0.03586665,52.94,0.037,0.0,BTC-28JUN19-5000-C,4115.19,51.43,0.0335,19.4,0.0375,14.3,53.96,6.49598,-1.95661,2.19828,0.00031,0.25924
4087.71,BTC-28JUN19,1554116342148,open,0.23,0.0,0.22010594,0.25075892,0.23025051,54.16,,0.0,BTC-28JUN19-3250-C,4115.19,50.5,0.226,8.1,0.2355,5.0,58.44,4.87317,-1.50163,6.0042,0.00022,0.84035
4115.19,index_price,1554116342176,open,0.15,12.0,0.14949507,0.15380036,0.14964138,64.48,0.1375,0,BTC-5APR19-3500-C,4115.19,0.0,0.1455,3.0,0.1515,3.0,96.66,0.08001,-0.66556,0.36863,7e-05,0.99325
4077.73,BTC-27SEP19,1554116342186,open,0.01,863.9,0.00172118,0.01435002,0.00972491,69.77,0.009,0.0,BTC-27SEP19-10000-C,4115.19,68.82,0.009,10.7,0.0105,18.9,70.73,3.20457,-0.62494,0.91751,6e-05,0.05564
4077.7,BTC-27SEP19,1554116342197,open,0.53,0.0,0.51296405,0.60695053,0.52412312,61.2,,0.0,BTC-27DEC19-2000-C,4115.19,0.0,0.5085,10.0,0.5285,10.0,65.64,3.78549,-0.42923,12.75092,5e-05,0.94704
4087.72,BTC-28JUN19,1554116342203,open,0.02,1148.9,0.01033594,0.03489792,0.01667729,57.6,0.0155,0.0,BTC-28JUN19-3000-P,4115.19,55.14,0.0145,6.3,0.018,42.9,59.03,3.72756,-1.22156,-1.22919,0.00016,-0.10822
4115.19,index_price,1554116342205,open,0.04,8.8,0.03954669,0.06616477,0.03850789,41.77,0.055,0,BTC-5APR19-4250-P,4115.19,43.32,0.039,0.5,0.041,0.5,49.34,1.29856,-6.9982,-0.35175,0.00173,-0.76648
4077.7,BTC-27SEP19,1554116342215,open,0.27,0.0,0.25934752,0.30418054,0.26278525,55.67,,0.0,BTC-27SEP19-3250-C,4115.19,55.53,0.2625,0.9,0.268,0.9,58.18,8.42085,-1.31043,10.36421,0.00019,0.78142
4087.72,BTC-28JUN19,1554116342216,open,0.02,1148.9,0.01033594,0.03489792,0.01667729,57.6,0.0155,0.0,BTC-28JUN19-3000-P,4115.19,55.72,0.015,25.2,0.018,42.9,59.03,3.72756,-1.22156,-1.22919,0.00016,-0.10822
4077.73,BTC-27SEP19,1554116342225,open,0.04,704.4,0.036238,0.08396082,0.0417898,56.74,0.0415,0.0,BTC-27SEP19-6000-C,4115.19,55.38,0.039,5.3,0.043,7.2,57.33,8.44281,-1.33913,3.55268,0.00018,0.21957
4077.73,BTC-27SEP19,1554116342226,open,0.04,704.4,0.036238,0.08396082,0.0417898,56.74,0.0415,0.0,BTC-27SEP19-6000-C,4115.19,55.63,0.0395,7.2,0.043,7.2,57.33,8.44281,-1.33913,3.55268,0.00018,0.21957
4077.73,BTC-27SEP19,1554116342235,open,0.01,637.0,0.00300472,0.01446364,0.00709959,63.57,0.0075,0.0,BTC-27SEP19-2000-P,4115.19,63.38,0.007,5.0,0.008,4.0,65.22,2.16057,-0.38392,-0.8239,4e-05,-0.03413
4077.7,BTC-27SEP19,1554116342244,open,0.05,2.4,0.01848647,0.24067562,0.0463253,58.38,0.0465,0.0,BTC-27DEC19-7000-C,4115.19,57.0,0.043,10.5,0.05,20.0,59.87,9.9502,-1.0763,4.77138,0.00014,0.20458
4077.73,BTC-27SEP19,1554116342236,open,0.01,637.0,0.00300472,0.01446364,0.00709959,63.57,0.0075,0.0,BTC-27SEP19-2000-P,4115.19,63.38,0.007,5.0,0.008,24.0,65.22,2.16057,-0.38392,-0.8239,4e-05,-0.03413
4115.19,index_price,1554116342262,open,0.01,970.6,0.00677096,0.02417004,0.00726347,45.92,0.007,0,BTC-26APR19-4750-C,4115.19,44.48,0.0065,29.6,0.008,38.6,47.24,2.24583,-2.07269,0.33804,0.00042,0.12779
143.98,ETH-27SEP19,1554116342276,open,1.1,0.0,1.093321,1.217456,1.111721,75.59,,0.0,ETH-27SEP19-300-P,141.37,0.0,0.002,1.0,2.5,1.0,500.0,0.2141,-0.04524,-1.39776,0.00279,-0.86922
4115.19,index_price,1554116342278,open,0.0,1074.1,0.00029898,0.00504386,0.00147653,55.89,0.001,0,BTC-26APR19-5500-C,4115.19,52.67,0.001,88.0,0.002,17.0,58.75,0.68518,-0.76978,0.0737,0.00011,0.02775
4115.19,index_price,1554116342279,open,0.0,1074.1,0.00029898,0.00504386,0.00147653,55.89,0.001,0,BTC-26APR19-5500-C,4115.19,52.67,0.001,88.0,0.002,57.0,58.75,0.68518,-0.76978,0.0737,0.00011,0.02775
4087.7,BTC-28JUN19,1554116342288,open,0.02,3.0,0.01517247,0.04582571,0.02531475,54.15,0.0245,0.0,BTC-28JUN19-3250-P,4115.19,53.04,0.024,6.1,0.027,20.0,55.55,4.87307,-1.50154,-1.82028,0.00022,-0.15965
4087.72,BTC-28JUN19,1554116342300,open,0.01,870.2,0.00160133,0.01198553,0.00573422,63.09,0.005,0.0,BTC-28JUN19-2500-P,4115.19,60.03,0.0045,9.3,0.0065,33.8,64.82,1.75166,-0.62885,-0.45662,7e-05,-0.04066
4087.72,BTC-28JUN19,1554116342311,open,0.01,870.2,0.00160133,0.01198553,0.00573422,63.09,0.005,0.0,BTC-28JUN19-2500-P,4115.19,61.32,0.005,24.2,0.0065,33.8,64.82,1.75166,-0.62885,-0.45662,7e-05,-0.04066
143.98,ETH-27SEP19,1554116342331,open,0.36,0.0,0.337567,0.517171,0.358793,67.9,,0.0,ETH-27SEP19-180-P,141.37,59.41,0.336,68.0,0.381,68.0,76.0,0.39142,-0.07429,-0.67072,0.00567,-0.59177
4087.72,BTC-28JUN19,1554116342341,open,0.0,945.3,0.00032024,0.00681744,0.00334267,66.69,0.004,0.0,BTC-28JUN19-8000-C,4115.19,65.61,0.003,7.3,0.0045,15.3,69.88,1.34553,-0.51057,0.25735,5e-05,0.02949
4077.7,BTC-27SEP19,1554116342346,open,0.06,0.0,0.05636544,0.10119847,0.05984813,55.69,,0.0,BTC-27SEP19-3250-P,4115.19,55.04,0.0585,3.5,0.062,7.0,56.73,8.42184,-1.3111,-5.56487,0.00019,-0.21862
4087.72,BTC-28JUN19,1554116342343,open,0.0,945.3,0.00032024,0.00681744,0.00334267,66.69,0.004,0.0,BTC-28JUN19-8000-C,4115.19,65.61,0.003,7.3,0.004,31.4,68.58,1.34553,-0.51057,0.25735,5e-05,0.02949
4077.7,BTC-27SEP19,1554116342364,open,0.02,14.4,0.00343662,0.0974231,0.01462335,61.23,0.015,0.0,BTC-27DEC19-2000-P,4115.19,58.86,0.0125,17.5,0.0165,8.0,63.2,3.78874,-0.42981,-2.03935,5e-05,-0.05302
4077.73,BTC-27SEP19,1554116342378,open,0.01,681.8,0.00040322,0.00640021,0.00628536,74.79,0.0065,0.0,BTC-27SEP19-12000-C,4115.19,74.27,0.006,20.1,0.0065,6.9,75.18,2.25507,-0.47146,0.59294,4e-05,0.03596
4115.19,index_price,1554116342393,open,0.0,318.5,2.58e-06,0.00430787,0.00025224,68.85,0.0005,0,BTC-5APR19-3500-P,4115.19,0.0,0.0,0.0,0.0005,52.9,75.77,0.11532,-1.02433,-0.00458,9e-05,-0.01023
4077.7,BTC-27SEP19,1554116342397,open,0.65,0.0,0.62082363,0.85404882,0.65180467,57.86,,0.0,BTC-27DEC19-6500-P,4115.19,47.2,0.6255,2.5,0.6785,2.5,67.18,11.03627,-1.18297,-42.39801,0.00016,-0.75443
4077.7,BTC-27SEP19,1554116342399,open,0.76,0.0,0.73514046,0.95732962,0.76307613,58.42,,0.0,BTC-27DEC19-7000-P,4115.19,46.09,0.737,2.5,0.792,2.5,69.3,9.95761,-1.07783,-46.9808,0.00014,-0.79516
143.4,ETH-28JUN19,1554116342419,open,0.45,0.0,0.44406,0.474173,0.446683,69.75,,0.0,ETH-28JUN19-80-C,141.37,0.0,0.44,146.0,0.451,146.0,80.31,0.04827,-0.01915,0.18057,0.0014,0.9697
4087.7,BTC-28JUN19,1554116342422,open,0.15,0.0,0.131899,0.17608234,0.14481881,52.41,,0.0,BTC-28JUN19-3750-C,4115.19,51.37,0.143,6.0,0.1475,5.0,53.93,7.18537,-2.14271,5.25347,0.00034,0.67863
4115.19,index_price,1554116342440,open,0.0,985.3,0.00010952,0.00264552,0.00100996,59.38,0.001,0,BTC-26APR19-3000-P,4115.19,53.71,0.0005,100.5,0.0015,60.2,63.26,0.45657,-0.54498,-0.05096,7e-05,-0.01716
4115.19,index_price,1554116342441,open,0.0,985.3,0.00010952,0.00264552,0.00100996,59.38,0.001,0,BTC-26APR19-3000-P,4115.19,53.71,0.0005,130.5,0.0015,60.2,63.26,0.45657,-0.54498,-0.05096,7e-05,-0.01716
4115.19,index_price,1554116342447,open,0.02,1299.3,0.01579546,0.03835922,0.01590535,45.13,0.0155,0,BTC-26APR19-4500-C,4115.19,44.02,0.015,1.0,0.0165,3.4,45.86,3.35519,-3.04385,0.63423,0.00064,0.24204
4115.19,index_price,1554116342460,open,0.02,1299.3,0.01579546,0.03835922,0.01590535,45.13,0.0155,0,BTC-26APR19-4500-C,4115.19,44.02,0.015,1.0,0.016,16.0,45.25,3.35519,-3.04385,0.63423,0.00064,0.24204
4077.7,BTC-27SEP19,1554116342473,open,0.19,0.0,0.18755076,0.24140532,0.19029764,55.07,,0.0,BTC-27SEP19-3750-C,4115.19,54.37,0.1885,1.2,0.1945,3.0,56.71,10.46983,-1.61166,9.36881,0.00023,0.65912
4087.72,BTC-28JUN19,1554116342475,open,0.04,955.4,0.03127886,0.0740496,0.03586665,52.94,0.037,0.0,BTC-28JUN19-5000-C,4115.19,51.43,0.0335,7.1,0.0375,14.3,53.96,6.49598,-1.95661,2.19828,0.00031,0.25924
4115.19,index_price,1554116342495,open,0.0,1215.8,0.00208423,0.02352571,0.00176105,43.11,0.002,0,BTC-5APR19-4375-C,4115.19,41.45,0.0015,20.5,0.0025,32.9,47.25,0.67454,-3.7512,0.03748,0.00087,0.08754
4077.7,BTC-27SEP19,1554116342532,open,0.42,0.0,0.4015921,0.54260067,0.42056917,58.36,,0.0,BTC-27DEC19-2500-C,4115.19,46.97,0.404,10.0,0.4265,10.0,61.93,6.59883,-0.71351,14.1493,9e-05,0.88987
4115.19,index_price,1554116342553,open,0.02,18.8,0.01856845,0.06475474,0.01723273,42.89,0.015,0,BTC-12APR19-4000-P,4115.19,41.72,0.0165,9.3,0.0195,10.2,46.46,2.59409,-5.11489,-0.43442,0.0012,-0.33706
4077.7,BTC-27SEP19,1554116342553,open,0.03,8.6,0.00882382,0.20767158,0.03281689,60.55,0.0315,0.0,BTC-27DEC19-8000-C,4115.19,59.88,0.0315,1.0,0.0345,0.4,61.37,8.19465,-0.91921,3.54915,0.00011,0.15053
4115.19,index_price,1554116342587,open,0.03,1683.8,0.03300604,0.05876008,0.03313123,45.12,0.0315,0,BTC-26APR19-4250-C,4115.19,42.53,0.0305,6.9,0.0325,8.2,44.5,4.18821,-3.79858,1.07095,0.0008,0.41499
143.98,ETH-27SEP19,1554116342589,open,0.47,0.0,0.449668,0.624745,0.484001,73.75,,0.0,ETH-27SEP19-200-P,141.37,0.0,0.005,10.0,3.0,10.0,500.0,0.37432,-0.07716,-0.79835,0.005,-0.64744
4115.19,index_price,1554116342589,open,0.03,1683.8,0.03300604,0.05876008,0.03313123,45.12,0.0315,0,BTC-26APR19-4250-C,4115.19,42.53,0.0305,7.9,0.0325,8.2,44.5,4.18821,-3.79858,1.07095,0.0008,0.41499
4115.19,index_price,1554116342598,open,0.06,570.8,0.06152034,0.08664121,0.06107992,44.56,0.0605,0,BTC-26APR19-4000-C,4115.19,40.45,0.057,11.7,0.06,5.5,43.47,4.09455,-3.66709,1.56408,0.0008,0.61876
4115.19,index_price,1554116342600,open,0.06,570.8,0.06152034,0.08664121,0.06107992,44.56,0.0605,0,BTC-26APR19-4000-C,4115.19,41.46,0.058,1.0,0.06,5.5,43.47,4.09455,-3.66709,1.56408,0.0008,0.61876
4077.7,BTC-27SEP19,1554116342604,open,0.11,0.0,0.10718683,0.16104139,0.10998558,55.09,,0.0,BTC-27SEP19-3750-P,4115.19,54.32,0.108,2.1,0.113,3.0,56.26,10.46987,-1.61225,-9.00993,0.00023,-0.34088
4087.7,BTC-28JUN19,1554116342705,open,0.09,0.0,0.07118556,0.12009164,0.08474268,51.93,,0.0,BTC-28JUN19-4250-C,4115.19,51.3,0.0835,3.0,0.0875,11.5,53.34,7.99902,-2.36366,3.98702,0.00038,0.48987
143.4,ETH-28JUN19,1554116342705,open,0.38,0.0,0.377991,0.422542,0.382081,68.03,,0.0,ETH-28JUN19-90-C,141.37,47.74,0.374,138.0,0.388,138.0,77.16,0.08282,-0.03206,0.19293,0.00246,0.94091
4077.69,BTC-27SEP19,1554116342705,open,0.99,0.0,0.97071878,1.16956608,0.99481784,60.6,,0.0,BTC-27DEC19-8000-P,4115.19,40.14,0.9665,2.3,1.0255,2.3,73.8,8.20606,-0.92129,-55.59538,0.00011,-0.84915
4115.19,index_price,1554116342732,open,0.06,5.3,0.06521862,0.0866601,0.06502463,43.88,0.0775,0,BTC-5APR19-4375-P,4115.19,46.54,0.0655,0.5,0.0675,0.5,55.83,0.69735,-3.94772,-0.42538,0.00088,-0.90846
4077.69,BTC-27SEP19,1554116342745,open,0.14,0.0,0.13286254,0.19096699,0.13487082,54.72,,0.0,BTC-27SEP19-4250-C,4115.19,53.87,0.1325,1.7,0.138,3.0,55.85,11.34853,-1.73587,7.96147,0.00025,0.53327
4077.73,BTC-27SEP19,1554116342752,open,0.01,863.9,0.00172118,0.01435002,0.00972491,69.77,0.009,0.0,BTC-27SEP19-10000-C,4115.19,68.82,0.009,10.7,0.0105,6.9,70.73,3.20457,-0.62494,0.91751,6e-05,0.05564
4087.72,BTC-28JUN19,1554116342798,open,0.02,1148.9,0.01033594,0.03489792,0.01667729,57.6,0.0155,0.0,BTC-28JUN19-3000-P,4115.19,55.14,0.0145,6.3,0.018,42.9,59.03,3.72756,-1.22156,-1.22919,0.00016,-0.10822
143.4,ETH-28JUN19,1554116342865,open,0.01,1744.0,0.005606,0.050157,0.009697,68.03,0.011,0.0,ETH-28JUN19-90-P,141.37,64.96,0.008,421.0,0.012,155.0,71.82,0.08282,-0.03206,-0.02375,0.00246,-0.05909
4115.19,index_price,1554116342865,open,0.0,301.0,4.109e-05,0.00808191,0.00025401,55.64,0.0005,0,BTC-5APR19-3625-P,4115.19,0.0,0.0,0.0,0.0005,25.0,61.44,0.13742,-0.98645,-0.00558,0.00014,-0.01252
4077.69,BTC-27SEP19,1554116342867,open,0.02,48.8,0.00424767,0.18069653,0.02364164,62.14,0.0235,0.0,BTC-27DEC19-9000-C,4115.19,60.16,0.0205,10.5,0.027,7.4,64.12,6.69095,-0.77033,2.67263,9e-05,0.11229
143.4,ETH-28JUN19,1554116342870,open,0.03,863.0,0.025693,0.100403,0.032258,65.61,0.031,0.0,ETH-28JUN19-110-P,141.37,64.57,0.031,207.0,0.033,1.0,66.23,0.17288,-0.06454,-0.06721,0.00532,-0.16242
4077.69,BTC-27SEP19,1554116342904,open,0.18,0.0,0.1751193,0.23322376,0.17718382,54.74,,0.0,BTC-27SEP19-4250-P,4115.19,51.8,0.169,5.0,0.1855,3.0,57.73,11.34842,-1.73649,-12.86677,0.00025,-0.46668
4077.69,BTC-27SEP19,1554116342905,open,0.33,0.0,0.30422521,0.48776047,0.33028761,56.64,,0.0,BTC-27DEC19-3000-C,4115.19,48.83,0.3125,10.5,0.3375,10.0,59.7,9.55013,-1.00222,14.42866,0.00014,0.80885
4115.19,index_price,1554116342958,open,0.03,4.8,0.03222442,0.08035558,0.03075337,42.86,0.0285,0,BTC-12APR19-4125-P,4115.19,41.77,0.03,9.1,0.033,9.4,46.13,2.83385,-5.58445,-0.64844,0.00131,-0.49808
143.99,ETH-27SEP19,1554116342963,open,0.05,772.0,0.028983,0.185922,0.054627,73.36,0.047,0.0,ETH-27SEP19-240-C,141.37,67.67,0.043,284.0,0.052,284.0,72.11,0.30625,-0.06279,0.12391,0.00411,0.23023
4087.7,BTC-28JUN19,1554116342983,open,0.05,0.0,0.03504996,0.0800869,0.04707742,52.01,,0.0,BTC-28JUN19-4750-C,4115.19,50.83,0.045,5.5,0.0495,5.9,53.38,7.19562,-2.12944,2.71023,0.00034,0.32247
143.4,ETH-28JUN19,1554116342989,open,0.04,767.0,0.030485,0.12616,0.036559,64.18,0.045,0.0,ETH-28JUN19-190-C,141.37,63.8,0.036,125.0,0.041,364.0,67.1,0.21409,-0.07818,0.06707,0.00674,0.23084
4087.72,BTC-28JUN19,1554116342818,open,0.02,1148.9,0.01033594,0.03489792,0.01667729,57.6,0.0155,0.0,BTC-28JUN19-3000-P,4115.19,55.72,0.015,24.9,0.018,42.9,59.03,3.72756,-1.22156,-1.22919,0.00016,-0.10822
4077.69,BTC-27SEP19,1554116342996,open,1.23,0.0,1.21137965,1.38782851,1.23089271,62.21,,0.0,BTC-27DEC19-9000-P,4115.19,0.0,1.2005,1.5,1.264,1.5,78.34,6.70753,-0.77314,-63.8639,9e-05,-0.88732
4115.19,index_price,1554116343006,open,0.21,0.0,0.21026601,0.22033177,0.21065302,61.09,,0,BTC-12APR19-3250-C,4115.19,0.0,0.2055,3.0,0.2115,12.0,72.35,0.20541,-0.57691,0.95442,7e-05,0.98902
4077.73,BTC-27SEP19,1554116343029,open,0.04,704.4,0.036238,0.08396082,0.0417898,56.74,0.0415,0.0,BTC-27SEP19-6000-C,4115.19,55.38,0.039,5.3,0.043,7.2,57.33,8.44281,-1.33913,3.55268,0.00018,0.21957
4077.73,BTC-27SEP19,1554116343030,open,0.04,704.4,0.036238,0.08396082,0.0417898,56.74,0.0415,0.0,BTC-27SEP19-6000-C,4115.19,55.38,0.039,12.5,0.043,7.2,57.33,8.44281,-1.33913,3.55268,0.00018,0.21957
4077.73,BTC-27SEP19,1554116343039,open,0.01,637.0,0.00300472,0.01446364,0.00709959,63.57,0.0075,0.0,BTC-27SEP19-2000-P,4115.19,63.38,0.007,5.0,0.008,4.0,65.22,2.16057,-0.38392,-0.8239,4e-05,-0.03413
4077.69,BTC-27SEP19,1554116343043,open,0.07,98.3,0.03993587,0.22347113,0.06603796,56.66,0.066,0.0,BTC-27DEC19-3000-P,4115.19,55.14,0.0625,10.0,0.068,2.0,57.5,9.5511,-1.00262,-7.75505,0.00014,-0.19118
4077.73,BTC-27SEP19,1554116343041,open,0.01,637.0,0.00300472,0.01446364,0.00709959,63.57,0.0075,0.0,BTC-27SEP19-2000-P,4115.19,63.38,0.007,5.0,0.008,23.5,65.22,2.16057,-0.38392,-0.8239,4e-05,-0.03413
4115.19,index_price,1554116343048,open,0.01,970.6,0.00677096,0.02417004,0.00726347,45.92,0.007,0,BTC-26APR19-4750-C,4115.19,44.48,0.0065,3.0,0.008,38.6,47.24,2.24583,-2.07269,0.33804,0.00042,0.12779
4115.19,index_price,1554116343057,open,0.0,1074.1,0.00029898,0.00504386,0.00147653,55.89,0.001,0,BTC-26APR19-5500-C,4115.19,52.67,0.001,88.0,0.002,17.0,58.75,0.68518,-0.76978,0.0737,0.00011,0.02775
4115.19,index_price,1554116343057,open,0.0,660.3,0.00049843,0.01611579,0.00071415,47.87,0.001,0,BTC-5APR19-4500-C,4115.19,45.02,0.0005,11.1,0.001,10.0,50.98,0.34243,-2.11487,0.01583,0.0004,0.03693
4115.19,index_price,1554116343059,open,0.0,1074.1,0.00029898,0.00504386,0.00147653,55.89,0.001,0,BTC-26APR19-5500-C,4115.19,52.67,0.001,88.0,0.002,50.5,58.75,0.68518,-0.76978,0.0737,0.00011,0.02775
4087.72,BTC-28JUN19,1554116343064,open,0.01,870.2,0.00160133,0.01198553,0.00573422,63.09,0.005,0.0,BTC-28JUN19-2500-P,4115.19,60.03,0.0045,9.3,0.0065,33.8,64.82,1.75166,-0.62885,-0.45662,7e-05,-0.04066
4087.72,BTC-28JUN19,1554116343067,open,0.01,870.2,0.00160133,0.01198553,0.00573422,63.09,0.005,0.0,BTC-28JUN19-2500-P,4115.19,60.03,0.0045,44.3,0.0065,33.8,64.82,1.75166,-0.62885,-0.45662,7e-05,-0.04066
4115.19,index_price,1554116343070,open,0.09,12.1,0.08911365,0.10270846,0.08899381,42.44,0.088,0,BTC-5APR19-3750-C,4115.19,0.0,0.0855,3.0,0.0915,3.0,67.25,0.16883,-0.92433,0.39113,0.00022,0.9841
4087.72,BTC-28JUN19,1554116343071,open,0.0,945.3,0.00032024,0.00681744,0.00334267,66.69,0.004,0.0,BTC-28JUN19-8000-C,4115.19,65.61,0.003,7.3,0.0045,15.3,69.88,1.34553,-0.51057,0.25735,5e-05,0.02949
4087.72,BTC-28JUN19,1554116343073,open,0.0,945.3,0.00032024,0.00681744,0.00334267,66.69,0.004,0.0,BTC-28JUN19-8000-C,4115.19,65.61,0.003,7.3,0.004,21.8,68.58,1.34553,-0.51057,0.25735,5e-05,0.02949
141.37,index_price,1554116343112,open,0.0,0.0,1e-06,0.00222,5e-05,80.01,,0.2,ETH-5APR19-180-C,141.37,0.0,0.0,0.0,0.001,200.0,113.79,0.00096,-0.007,3e-05,0.00057,0.0021
143.99,ETH-27SEP19,1554116343114,open,0.71,1.0,0.695765,0.852705,0.724076,74.6,0.783,0.0,ETH-27SEP19-240-P,141.37,0.0,0.005,10.0,3.0,10.0,500.0,0.31095,-0.06484,-1.04961,0.0041,-0.76336
4077.73,BTC-27SEP19,1554116343124,open,0.01,681.8,0.00040322,0.00640021,0.00628536,74.79,0.0065,0.0,BTC-27SEP19-12000-C,4115.19,74.27,0.006,10.0,0.0065,6.9,75.18,2.25507,-0.47146,0.59294,4e-05,0.03596
143.4,ETH-28JUN19,1554116343133,open,0.36,0.0,0.35545,0.451125,0.361524,64.18,0.888,0.0,ETH-28JUN19-190-P,141.37,0.0,0.007,3.0,5.0,10.0,500.0,0.21409,-0.07818,-0.39036,0.00674,-0.76916
4087.7,BTC-28JUN19,1554116343133,open,0.21,0.0,0.19707261,0.24210955,0.20909372,52.01,,0.0,BTC-28JUN19-4750-P,4115.19,49.09,0.204,3.0,0.214,5.0,54.77,7.19545,-2.12924,-8.72576,0.00034,-0.67755
141.37,index_price,1554116343140,open,0.3,0.0,0.296847,0.301517,0.297038,80.01,,0.2,ETH-12APR19-100-C,141.37,0.0,0.288,114.0,0.301,114.0,126.82,0.00316,-0.06572,0.02943,0.00066,0.99559
4115.19,index_price,1554116343152,open,0.0,985.3,0.00010952,0.00264552,0.00100996,59.38,0.001,0,BTC-26APR19-3000-P,4115.19,53.71,0.0005,100.5,0.0015,60.2,63.26,0.45657,-0.54498,-0.05096,7e-05,-0.01716
4077.69,BTC-27SEP19,1554116343155,open,0.0,2112.5,0.00028579,0.0033853,0.00187854,68.31,0.0015,0.0,BTC-27SEP19-1500-P,4115.19,66.11,0.0015,8.6,0.0025,20.0,71.37,0.7537,-0.14391,-0.23524,1e-05,-0.00989
4087.68,BTC-28JUN19,1554116343155,open,0.0,730.6,0.0,1.36e-06,1.495e-05,85.0,0.001,0.0,BTC-28JUN19-20000-C,4115.19,0.0,0.0,0.0,0.0005,6.9,109.21,0.01234,-0.00597,0.00143,0.0,0.00016
4087.68,BTC-28JUN19,1554116343155,open,0.11,445.6,0.10768217,0.15539402,0.11120602,51.84,0.113,0.0,BTC-28JUN19-4000-C,4115.19,50.69,0.109,6.1,0.114,5.0,53.3,7.82305,-2.30755,4.65402,0.00038,0.58411
4115.19,index_price,1554116343155,open,0.0,552.2,0.00261944,0.01474503,0.00365528,48.25,0.004,0,BTC-26APR19-5000-C,4115.19,46.26,0.003,48.5,0.004,20.2,49.22,1.42698,-1.38397,0.18334,0.00026,0.06903
4115.19,index_price,1554116343155,open,0.11,25.1,0.10930511,0.13186887,0.10954788,45.3,0.107,0,BTC-26APR19-4500-P,4115.19,47.06,0.111,0.1,0.116,3.0,52.88,3.36208,-3.06111,-2.43043,0.00064,-0.75704
4115.19,index_price,1554116343155,open,0.16,6.5,0.16103115,0.17843024,0.16166393,46.17,0.203,0,BTC-26APR19-4750-P,4115.19,42.99,0.16,4.0,0.1695,2.0,58.42,2.26365,-2.10077,-2.8955,0.00042,-0.87074
4115.19,index_price,1554116343155,open,0.0,1788.6,7.36e-06,0.00071578,0.00050449,66.82,0.001,0,BTC-26APR19-2750-P,4115.19,0.0,0.0,0.0,0.001,71.9,73.4,0.24181,-0.32477,-0.02454,3e-05,-0.00824
4115.19,index_price,1554116343157,open,0.39,0.0,0.39249485,0.3926322,0.39268971,72.56,,0,BTC-26APR19-2500-C,4115.19,0.0,0.3875,8.7,0.394,11.7,94.2,0.10444,-0.15232,1.69427,1e-05,0.99679
143.4,ETH-28JUN19,1554116343159,open,0.05,187.0,0.044786,0.132231,0.051647,64.59,0.06,0.0,ETH-28JUN19-120-P,141.37,64.17,0.051,89.0,0.053,19.0,65.49,0.21652,-0.07958,-0.09917,0.00677,-0.23559
4115.19,index_price,1554116343153,open,0.0,985.3,0.00010952,0.00264552,0.00100996,59.38,0.001,0,BTC-26APR19-3000-P,4115.19,53.71,0.0005,121.3,0.0015,60.2,63.26,0.45657,-0.54498,-0.05096,7e-05,-0.01716
4115.19,index_price,1554116343162,open,0.02,1299.3,0.01579546,0.03835922,0.01590535,45.13,0.0155,0,BTC-26APR19-4500-C,4115.19,44.02,0.015,1.0,0.0165,3.4,45.86,3.35519,-3.04385,0.63423,0.00064,0.24204
4087.68,BTC-28JUN19,1554116343168,open,0.0,346.1,4.9e-07,0.00030721,0.00076618,81.9,0.001,0.0,BTC-28JUN19-12000-C,4115.19,78.48,0.0005,32.0,0.001,6.9,84.23,0.37045,-0.17263,0.05729,1e-05,0.00659
4115.19,index_price,1554116343163,open,0.02,1299.3,0.01579546,0.03835922,0.01590535,45.13,0.0155,0,BTC-26APR19-4500-C,4115.19,44.02,0.015,1.0,0.0165,19.4,45.86,3.35519,-3.04385,0.63423,0.00064,0.24204
4077.69,BTC-27SEP19,1554116343172,open,0.26,0.0,0.25757595,0.3157541,0.25961318,54.75,,0.0,BTC-27SEP19-4750-P,4115.19,51.58,0.251,3.0,0.269,3.0,58.17,11.14772,-1.70591,-16.8151,0.00025,-0.58183
4087.68,BTC-28JUN19,1554116343174,open,0.0,305.4,2e-08,7.182e-05,0.00034297,85.0,0.0005,0.0,BTC-28JUN19-14000-C,4115.19,0.0,0.0,0.0,0.001,25.1,94.21,0.18584,-0.08988,0.02657,1e-05,0.00304
4077.69,BTC-27SEP19,1554116343174,open,0.06,265.8,0.05300877,0.10602768,0.05751002,55.91,0.056,0.0,BTC-27SEP19-5500-C,4115.19,54.42,0.054,4.5,0.058,5.0,56.12,9.6876,-1.51408,4.54145,0.00021,0.28477
4087.68,BTC-28JUN19,1554116343193,open,0.0,130.3,1e-07,0.00014727,0.00060614,85.0,0.0005,0.0,BTC-28JUN19-13000-C,4115.19,83.44,0.0005,54.2,0.001,6.9,89.45,0.29783,-0.14404,0.04473,1e-05,0.00515
4077.69,BTC-27SEP19,1554116343193,open,0.52,28.2,0.51253117,0.52399052,0.51659935,63.52,0.5015,0.0,BTC-27SEP19-2000-C,4115.19,48.24,0.511,20.0,0.5225,20.0,72.97,2.1563,-0.38286,8.97967,4e-05,0.96595
4077.69,BTC-27SEP19,1554116343195,open,0.16,248.4,0.15820582,0.21476661,0.15921798,54.37,0.1625,0.0,BTC-27SEP19-4000-C,4115.19,54.11,0.1585,1.4,0.162,3.0,55.4,11.06258,-1.68135,8.7118,0.00025,0.59517
4077.69,BTC-27SEP19,1554116343195,open,1.46,2.0,1.45408992,1.4667183,1.46222609,69.94,1.8325,0.0,BTC-27SEP19-10000-P,4115.19,0.0,1.443,1.3,1.4745,1.3,82.01,3.23005,-0.63143,-48.08095,6e-05,-0.9438
4115.19,index_price,1554116343195,open,0.0,7.2,2.299e-05,0.01008875,0.00050596,62.88,0.001,0,BTC-12APR19-3250-P,4115.19,0.0,0.0,0.0,0.001,70.9,69.66,0.23638,-0.68333,-0.01645,7e-05,-0.01291
4115.19,index_price,1554116343195,open,0.33,10.2,0.33175146,0.33245988,0.33216739,65.36,0.006,0,BTC-26APR19-2750-C,4115.19,0.0,0.3265,8.0,0.3325,8.0,70.53,0.21426,-0.28145,1.85285,3e-05,0.99281
4087.68,BTC-28JUN19,1554116343197,open,1.2,6.6,1.20180079,1.20481526,1.20412179,72.37,1.2875,0.0,BTC-28JUN19-9000-P,4115.19,0.0,1.1945,1.5,1.2105,1.5,88.72,0.98867,-0.40712,-21.49041,3e-05,-0.97957
4077.69,BTC-27SEP19,1554116343197,open,0.14,87.4,0.13915337,0.19571415,0.14021845,54.39,0.1415,0.0,BTC-27SEP19-4000-P,4115.19,54.13,0.1395,1.6,0.1425,5.3,55.23,11.06245,-1.68194,-10.89168,0.00025,-0.40481
4115.19,index_price,1554116343215,open,0.0,72.5,0.00043546,0.02353965,0.00097868,50.88,0.0015,0,BTC-12APR19-4875-C,4115.19,45.89,0.0005,15.1,0.0015,25.0,54.79,0.47934,-1.12128,0.03522,0.00019,0.0297
4077.69,BTC-27SEP19,1554116343218,open,0.08,281.4,0.07952523,0.12945916,0.08261786,55.32,0.085,0.0,BTC-27SEP19-3500-P,4115.19,54.63,0.081,7.7,0.0845,3.0,56.12,9.57958,-1.48127,-7.21097,0.00021,-0.27823
4087.68,BTC-28JUN19,1554116343221,open,0.0,683.5,8.809e-05,0.00251302,0.0014741,69.05,0.0025,0.0,BTC-28JUN19-2000-P,4115.19,65.37,0.001,27.9,0.002,10.0,72.31,0.59563,-0.234,-0.12593,2e-05,-0.01132
4077.69,BTC-27SEP19,1554116343229,open,0.74,10.2,0.73345765,0.76967113,0.74235111,60.19,0.8,0.0,BTC-27SEP19-7000-P,4115.19,50.74,0.7295,2.0,0.7545,2.0,67.29,6.41245,-1.07888,-31.98241,0.00013,-0.85809
4087.68,BTC-28JUN19,1554116343235,open,0.0,364.5,0.0,3.562e-05,0.00019688,85.0,0.0005,0.0,BTC-28JUN19-15000-C,4115.19,0.0,0.0,0.0,0.001,32.6,98.61,0.11644,-0.05632,0.01593,0.0,0.00182
4087.68,BTC-28JUN19,1554116343239,open,0.0,662.0,6.288e-05,0.00307735,0.00240543,72.46,0.0025,0.0,BTC-28JUN19-9000-C,4115.19,70.69,0.002,10.0,0.0025,6.9,72.84,0.99464,-0.41008,0.17879,3e-05,0.02057
4087.68,BTC-28JUN19,1554116343242,open,0.96,24.8,0.95742056,0.96391737,0.96042388,66.63,1.058,0.0,BTC-28JUN19-8000-P,4115.19,0.0,0.952,1.7,0.967,1.7,80.41,1.34058,-0.50826,-19.00417,5e-05,-0.97064
143.99,ETH-27SEP19,1554116343242,open,0.04,646.0,0.020068,0.166073,0.041882,73.37,0.039,0.0,ETH-27SEP19-260-C,141.37,68.4,0.033,295.0,0.042,295.0,73.43,0.26971,-0.05531,0.1015,0.00362,0.18572
4077.69,BTC-27SEP19,1554116343244,open,0.3,17.0,0.30328682,0.36029433,0.30525635,54.75,0.302,0.0,BTC-27SEP19-5000-P,4115.19,52.17,0.2985,4.6,0.314,7.6,58.04,10.74716,-1.64469,-18.75406,0.00024,-0.63322
4115.19,index_price,1554116343248,open,0.11,232.2,0.10242273,0.1227173,0.10368728,46.72,0.093,0,BTC-26APR19-3750-C,4115.19,41.58,0.1,1.0,0.1015,2.0,43.72,3.05498,-2.86898,1.93804,0.00057,0.79471
141.37,index_price,1554116343248,open,0.0,100.0,8e-06,0.004678,0.000198,80.0,0.001,0.2,ETH-12APR19-100-P,141.37,0.0,0.0,0.0,0.001,250.0,98.57,0.00315,-0.01124,-0.00019,0.00066,-0.00441
4077.69,BTC-27SEP19,1554116343269,open,0.51,2.2,0.50765769,0.55537985,0.51329051,56.78,0.8415,0.0,BTC-27SEP19-6000-P,4115.19,51.85,0.5035,2.0,0.526,2.0,62.66,8.44785,-1.34086,-25.84853,0.00018,-0.7802
4115.19,index_price,1554116343269,open,0.0,234.2,2.2e-07,0.00013756,0.00026889,75.14,0.0005,0,BTC-26APR19-2500-P,4115.19,0.0,0.0,0.0,0.0005,20.9,80.84,0.13184,-0.19913,-0.01242,2e-05,-0.00416
4115.19,index_price,1554116343269,open,0.07,11.0,0.06576516,0.0915192,0.06601585,45.25,0.074,0,BTC-26APR19-4250-P,4115.19,45.23,0.066,0.3,0.07,3.0,49.15,4.18902,-3.8097,-1.82489,0.0008,-0.58466
143.4,ETH-28JUN19,1554116343277,open,0.03,1228.0,0.022315,0.111913,0.028065,64.55,0.03,0.0,ETH-28JUN19-200-C,141.37,64.5,0.028,136.0,0.032,284.0,67.48,0.18858,-0.06927,0.0546,0.0059,0.18622
4087.68,BTC-28JUN19,1554116343282,open,0.01,1443.7,0.00159238,0.01520406,0.00620839,62.2,0.0065,0.0,BTC-28JUN19-7000-C,4115.19,61.81,0.006,5.0,0.0065,0.7,62.74,2.18988,-0.77508,0.46754,9e-05,0.05372
4087.68,BTC-28JUN19,1554116343288,open,2.42,1.4,2.42492565,2.42499745,2.42523508,84.23,2.41,0.0,BTC-28JUN19-14000-P,4115.19,0.0,0.1,1.0,0.0,0.0,0.0,0.17168,-0.08228,-33.68137,1e-05,-0.99721
4115.19,index_price,1554116343288,open,0.09,10.2,0.09400809,0.10962545,0.09435668,49.39,0.1125,0,BTC-5APR19-4500-P,4115.19,0.0,0.0925,2.0,0.0985,2.0,75.19,0.37819,-2.40978,-0.45996,0.00043,-0.95827
4077.69,BTC-27SEP19,1554116343290,open,0.31,246.8,0.30205405,0.34075675,0.30854235,57.76,0.3115,0.0,BTC-27SEP19-3000-C,4115.19,53.37,0.301,18.5,0.313,18.5,60.26,7.17482,-1.15834,10.45626,0.00015,0.83179
4115.19,index_price,1554116343292,open,0.16,28.4,0.15365356,0.1668106,0.15557445,49.73,0.143,0,BTC-26APR19-3500-C,4115.19,0.0,0.1485,6.7,0.156,7.2,50.68,1.81193,-1.81105,2.10261,0.00032,0.90527
4115.19,index_price,1554116343292,open,0.02,1310.5,0.01368077,0.03397534,0.01505606,46.87,0.0145,0,BTC-26APR19-3750-P,4115.19,45.44,0.014,18.4,0.015,1.0,46.8,3.06058,-2.8834,-0.61977,0.00057,-0.20593
143.4,ETH-28JUN19,1554116343309,open,0.17,323.0,0.164368,0.261608,0.172393,64.59,0.17,0.0,ETH-28JUN19-130-C,141.37,63.79,0.171,85.0,0.175,146.0,66.07,0.25158,-0.09246,0.17529,0.00787,0.68011
4115.19,index_price,1554116343309,open,0.0,1386.8,0.00037169,0.0139665,0.00036259,44.83,0.0005,0,BTC-5APR19-3750-P,4115.19,0.0,0.0,0.0,0.001,20.0,53.54,0.21336,-1.23388,-0.0093,0.00026,-0.02093
4087.68,BTC-28JUN19,1554116343321,open,0.71,19.5,0.7140552,0.72766687,0.71865445,62.17,0.7515,0.0,BTC-28JUN19-7000-P,4115.19,0.0,0.711,2.0,0.725,1.9,71.77,2.18648,-0.77348,-16.3862,9e-05,-0.94639
4115.19,index_price,1554116343321,open,0.0,259.9,0.0,1.688e-05,0.00016194,85.02,0.0005,0,BTC-26APR19-2250-P,4115.19,0.0,0.0,0.0,0.0005,49.8,96.3,0.07787,-0.13308,-0.00696,1e-05,-0.00232
4087.68,BTC-28JUN19,1554116343330,open,0.09,281.3,0.08623235,0.1339442,0.08974663,51.84,0.0895,0.0,BTC-28JUN19-4000-P,4115.19,50.66,0.0875,11.9,0.0915,7.6,52.75,7.82306,-2.30733,-4.97611,0.00038,-0.41589
4077.69,BTC-27SEP19,1554116343333,open,0.22,12.8,0.21472323,0.27331912,0.21679506,54.74,0.242,0.0,BTC-27SEP19-4500-P,4115.19,52.84,0.2115,1.1,0.218,1.1,55.18,11.36373,-1.73889,-14.84616,0.00025,-0.52612
4115.19,index_price,1554116343333,open,0.05,6.1,0.05053933,0.09779186,0.04935779,43.15,0.05,0,BTC-12APR19-4250-P,4115.19,39.42,0.047,13.7,0.0535,3.0,49.58,2.62069,-5.19908,-0.86215,0.0012,-0.65376
4115.19,index_price,1554116343351,open,0.01,1715.6,0.00416107,0.01731811,0.00618531,49.96,0.007,0,BTC-26APR19-3500-P,4115.19,48.38,0.0055,35.6,0.0065,9.0,50.66,1.8251,-1.8328,-0.28564,0.00032,-0.09566
4087.68,BTC-28JUN19,1554116343354,open,0.0,336.6,2.44e-06,0.00065184,0.00099302,78.43,0.001,0.0,BTC-28JUN19-11000-C,4115.19,73.03,0.0005,167.1,0.0015,7.9,82.2,0.47113,-0.21023,0.07541,1e-05,0.00866
4077.69,BTC-27SEP19,1554116343358,open,0.41,57.5,0.40038401,0.42502076,0.40612418,59.71,0.389,0.0,BTC-27SEP19-2500-C,4115.19,53.58,0.4,19.1,0.4135,19.1,66.12,4.39759,-0.73392,10.19174,9e-05,0.91613
4115.19,index_price,1554116343358,open,0.0,911.3,0.00092291,0.00873688,0.00223668,52.08,0.002,0,BTC-26APR19-5250-C,4115.19,51.04,0.002,9.4,0.003,56.9,55.04,0.97083,-1.01625,0.11268,0.00016,0.04241
4087.68,BTC-28JUN19,1554116343360,open,0.01,2862.3,0.00746947,0.03384001,0.01291922,56.79,0.013,0.0,BTC-28JUN19-6000-C,4115.19,56.32,0.0125,1.5,0.0135,97.0,57.42,3.71817,-1.20136,0.9342,0.00016,0.10785
4087.68,BTC-28JUN19,1554116343362,open,0.63,30.0,0.6330444,0.63325885,0.63329877,76.31,0.6155,0.0,BTC-28JUN19-1500-C,4115.19,0.0,0.6295,20.0,0.6355,20.0,101.78,0.13223,-0.05741,3.58827,0.0,0.99791
4087.68,BTC-28JUN19,1554116343364,open,0.06,351.8,0.05984098,0.10805122,0.06350164,51.93,0.0585,0.0,BTC-28JUN19-4500-C,4115.19,50.35,0.0605,12.8,0.065,6.0,52.72,7.75594,-2.29186,3.32542,0.00037,0.40141
4077.69,BTC-27SEP19,1554116343364,open,0.04,598.2,0.03776471,0.07646741,0.04429271,57.78,0.043,0.0,BTC-27SEP19-3000-P,4115.19,56.47,0.042,9.8,0.0455,9.8,58.46,7.17632,-1.15903,-4.24774,0.00015,-0.16827
4087.68,BTC-28JUN19,1554116343364,open,0.0,885.3,1.233e-05,0.00140586,0.00173841,76.97,0.002,0.0,BTC-28JUN19-10000-C,4115.19,75.59,0.0015,20.0,0.002,7.9,78.34,0.74324,-0.32548,0.12683,2e-05,0.01463
4077.69,BTC-27SEP19,1554116343366,open,1.95,6.1,1.94324582,1.94924255,1.94928678,75.08,1.9095,0.0,BTC-27SEP19-12000-P,4115.19,0.0,1.927,1.1,1.9625,1.1,91.14,2.29103,-0.4808,-58.20466,4e-05,-0.96334
4087.68,BTC-28JUN19,1554116343366,open,3.88,0.4,3.8927509,3.89275226,3.89271798,0.0,5.076,0.0,BTC-28JUN19-20000-P,4115.19,0.0,0.005,0.2,0.0,0.0,0.0,0.0,0.0,-48.15107,0.0,-1.0
4077.69,BTC-27SEP19,1554116343368,open,0.11,309.4,0.11115724,0.16975313,0.11316953,54.72,0.1145,0.0,BTC-27SEP19-4500-C,4115.19,53.4,0.1095,2.1,0.1135,1.5,54.84,11.3636,-1.7382,7.20681,0.00025,0.47381
4077.69,BTC-27SEP19,1554116343374,open,0.23,335.0,0.22119613,0.27113006,0.22424244,55.3,0.2165,0.0,BTC-27SEP19-3500-C,4115.19,54.77,0.223,1.0,0.228,3.5,56.9,9.57918,-1.48068,9.9429,0.00021,0.7218
4087.68,BTC-28JUN19,1554116343374,open,0.28,48.7,0.27642422,0.30098712,0.28277183,57.6,0.2765,0.0,BTC-28JUN19-3000-C,4115.19,52.03,0.278,15.3,0.2855,5.0,60.51,3.72818,-1.2219,5.99315,0.00016,0.89175
4115.19,index_price,1554116343374,open,0.21,23.7,0.21110677,0.21774816,0.21256407,53.5,0.1875,0,BTC-26APR19-3250-C,4115.19,0.0,0.206,6.8,0.2135,9.8,57.33,0.91094,-0.97951,2.09847,0.00015,0.96079
4115.19,index_price,1554116343374,open,0.34,1.0,0.33681079,0.34155566,0.33815074,56.84,0.4535,0,BTC-26APR19-5500-P,4115.19,0.0,0.3365,2.0,0.347,2.0,83.07,0.73118,-0.83533,-3.66882,0.00011,-0.96999
4115.19,index_price,1554116343374,open,0.0,295.4,0.0,1.14e-06,2.356e-05,85.01,0.0005,0,BTC-26APR19-2000-P,4115.19,0.0,0.0,0.0,0.0005,52.6,113.48,0.01505,-0.02572,-0.00115,0.0,-0.00039
4077.69,BTC-27SEP19,1554116343382,open,0.12,51.1,0.08251305,0.29899612,0.11612593,56.53,0.114,0.0,BTC-27DEC19-3500-P,4115.19,54.44,0.11,10.5,0.1185,6.0,57.33,11.97596,-1.25418,-12.20397,0.00017,-0.28865
4115.19,index_price,1554116343393,open,0.03,1683.8,0.03300604,0.05876008,0.03313123,45.12,0.0315,0,BTC-26APR19-4250-C,4115.19,42.53,0.0305,6.9,0.0325,8.2,44.5,4.18821,-3.79858,1.07095,0.0008,0.41499
4115.19,index_price,1554116343394,open,0.03,1683.8,0.03300604,0.05876008,0.03313123,45.12,0.0315,0,BTC-26APR19-4250-C,4115.19,43.03,0.031,1.0,0.0325,8.2,44.5,4.18821,-3.79858,1.07095,0.0008,0.41499
4115.19,index_price,1554116343397,open,0.06,570.8,0.06152034,0.08664121,0.06107992,44.56,0.0605,0,BTC-26APR19-4000-C,4115.19,40.45,0.057,11.7,0.06,5.5,43.47,4.09455,-3.66709,1.56408,0.0008,0.61876
4115.19,index_price,1554116343398,open,0.06,570.8,0.06152034,0.08664121,0.06107992,44.56,0.0605,0,BTC-26APR19-4000-C,4115.19,41.96,0.0585,1.0,0.06,5.5,43.47,4.09455,-3.66709,1.56408,0.0008,0.61876
143.4,ETH-28JUN19,1554116343405,open,0.01,208.0,0.00612,0.069893,0.010909,67.44,0.01,0.0,ETH-28JUN19-240-C,141.37,67.56,0.011,157.0,0.014,300.0,71.33,0.10669,-0.04094,0.02459,0.0032,0.08212
4115.19,index_price,1554116343405,open,0.18,0.0,0.18507092,0.20817511,0.18575809,52.07,,0,BTC-12APR19-4875-P,4115.19,0.0,0.184,2.0,0.1915,2.0,76.78,0.52116,-1.24749,-1.41366,0.0002,-0.96714
143.4,ETH-28JUN19,1554116343415,open,0.42,0.0,0.417015,0.506613,0.422765,64.55,,0.0,ETH-28JUN19-200-P,141.37,0.0,0.005,10.0,0.0,0.0,0.0,0.18858,-0.06927,-0.42691,0.0059,-0.81378
141.37,index_price,1554116343444,open,0.0,150.0,0.000194,0.012338,0.000791,72.25,0.001,0.2,ETH-12APR19-110-P,141.37,0.0,0.0,0.0,0.001,200.0,74.91,0.01025,-0.03266,-0.00075,0.00238,-0.01692
143.4,ETH-28JUN19,1554116343466,open,0.08,313.0,0.070923,0.168163,0.078948,64.59,0.074,0.0,ETH-28JUN19-130-P,141.37,63.48,0.077,120.0,0.082,196.0,66.33,0.25158,-0.09246,-0.13769,0.00787,-0.31989
4115.19,index_price,1554116343498,open,0.0,137.1,9.295e-05,0.01074578,0.0002377,50.51,0.001,0,BTC-5APR19-4625-C,4115.19,0.0,0.0,0.0,0.0005,10.0,56.23,0.14459,-0.94216,0.0057,0.00016,0.01328
4115.19,index_price,1554116343512,open,0.01,15.2,0.00982596,0.05382656,0.00878434,42.97,0.0065,0,BTC-12APR19-4375-C,4115.19,40.37,0.0075,12.3,0.0095,0.5,44.37,2.07696,-4.10282,0.25316,0.00096,0.21525
4115.19,index_price,1554116343517,open,0.06,55.0,0.06042831,0.08082667,0.06002054,42.51,0.057,0,BTC-5APR19-3875-C,4115.19,0.0,0.058,0.5,0.061,0.5,48.14,0.63956,-3.50753,0.37511,0.00084,0.91846
141.37,index_price,1554116343544,open,0.16,0.0,0.158216,0.182827,0.158775,63.17,,0.2,ETH-12APR19-120-C,141.37,0.0,0.147,96.0,0.164,96.0,83.64,0.02654,-0.13811,0.03318,0.00706,0.94654
4077.69,BTC-27SEP19,1554116343552,open,0.2,35.1,0.16166081,0.39992734,0.19258772,54.32,0.182,0.0,BTC-27DEC19-4000-C,4115.19,51.12,0.182,10.5,0.2015,13.0,57.02,13.47006,-1.35568,12.53186,0.0002,0.60824
143.4,ETH-28JUN19,1554116343620,open,0.14,496.0,0.127875,0.231574,0.135175,63.83,0.146,0.0,ETH-28JUN19-140-C,141.37,63.21,0.134,111.0,0.139,162.0,65.84,0.27317,-0.09921,0.15779,0.00864,0.5922
141.37,index_price,1554116343650,open,0.0,3.0,0.002009,0.02662,0.002568,63.17,0.006,0.2,ETH-12APR19-120-P,141.37,59.94,0.002,100.0,0.003,330.0,65.38,0.02654,-0.07274,-0.00236,0.00706,-0.05346
143.4,ETH-28JUN19,1554116343733,open,0.01,574.0,0.003152,0.055552,0.007607,69.8,0.008,0.0,ETH-28JUN19-260-C,141.37,70.47,0.008,243.0,0.01,300.0,73.65,0.08233,-0.03269,0.01762,0.00238,0.05864
141.37,index_price,1554116343748,open,0.1,10.0,0.096441,0.135167,0.095427,57.72,0.1,0.2,ETH-12APR19-130-C,141.37,43.66,0.09,105.0,0.097,200.0,61.23,0.06193,-0.22118,0.03091,0.01802,0.82924
4077.67,BTC-27SEP19,1554116343752,open,0.18,65.0,0.14261103,0.38087821,0.1735882,54.34,0.175,0.0,BTC-27DEC19-4000-P,4115.19,53.1,0.1695,9.7,0.1795,4.0,56.13,13.46983,-1.35604,-17.04457,0.0002,-0.39174
143.4,ETH-28JUN19,1554116343771,open,0.11,505.0,0.104165,0.207864,0.111465,63.83,0.113,0.0,ETH-28JUN19-140-P,141.37,63.59,0.111,89.0,0.115,149.0,65.69,0.27317,-0.09921,-0.17927,0.00864,-0.4078
4077.67,BTC-27SEP19,1554116343800,open,1.71,0.0,1.69864349,1.83732903,1.71220504,65.93,,0.0,BTC-27DEC19-11000-P,4115.19,0.0,1.6765,1.2,1.7485,1.2,87.24,4.76795,-0.58236,-79.62655,6e-05,-0.92883
141.37,index_price,1554116343850,open,0.01,44.0,0.01055,0.049277,0.009536,57.72,0.01,0.2,ETH-12APR19-130-P,141.37,54.12,0.008,476.0,0.011,241.0,60.99,0.06193,-0.15036,-0.00759,0.01802,-0.17076
143.99,ETH-27SEP19,1554116343860,open,0.0,120.0,0.0018,0.044266,0.004597,70.09,0.01,0.0,ETH-27SEP19-60-P,141.37,65.03,0.003,300.0,0.008,300.0,78.19,0.05128,-0.01005,-0.0182,0.00072,-0.0212
4115.19,index_price,1554116343911,open,0.0,230.5,0.00503374,0.04422404,0.0043195,43.02,0.004,0,BTC-12APR19-4500-C,4115.19,42.08,0.004,6.8,0.005,10.0,44.91,1.43473,-2.83736,0.14387,0.00066,0.12165
143.4,ETH-28JUN19,1554116343913,open,0.11,475.0,0.098092,0.204962,0.105589,63.83,0.103,0.0,ETH-28JUN19-150-C,141.37,63.02,0.104,116.0,0.109,186.0,65.57,0.28068,-0.10194,0.13795,0.00888,0.50516
4077.67,BTC-27SEP19,1554116343923,open,0.15,6.0,0.11470487,0.36444165,0.14750395,54.57,0.15,0.0,BTC-27DEC19-4500-C,4115.19,53.84,0.145,3.0,0.153,3.0,56.17,13.98385,-1.41368,10.92296,0.00021,0.50979
141.37,index_price,1554116343952,open,0.05,411.0,0.049235,0.096643,0.04682,56.42,0.041,0.2,ETH-12APR19-140-C,141.37,50.74,0.043,241.0,0.046,200.0,55.2,0.09523,-0.28855,0.02259,0.02835,0.58312
4115.19,index_price,1554116343955,open,0.0,175.8,1.361e-05,0.00698035,0.00023877,60.32,0.0005,0,BTC-5APR19-4750-C,4115.19,0.0,0.0,0.0,0.0005,25.0,66.81,0.12664,-0.9826,0.00488,0.00012,0.0114
143.99,ETH-27SEP19,1554116343976,open,0.46,0.0,0.455728,0.537105,0.462833,68.26,,0.0,ETH-27SEP19-80-C,141.37,60.35,0.456,161.0,0.469,161.0,74.38,0.13674,-0.02609,0.32899,0.00197,0.92906
4115.19,index_price,1554116344006,open,0.0,23.1,0.00048323,0.02134185,0.00074222,48.11,0.0005,0,BTC-12APR19-3500-P,4115.19,0.0,0.0,0.0,0.0015,60.9,54.46,0.39009,-0.86273,-0.02937,0.00016,-0.02321
4115.19,index_price,1554116344009,open,0.04,223.5,0.03554895,0.06191127,0.03440747,41.55,0.038,0,BTC-5APR19-4000-C,4115.19,35.46,0.0325,0.5,0.0355,1.7,44.85,1.33838,-7.17401,0.31408,0.00179,0.75318
143.4,ETH-28JUN19,1554116344066,open,0.15,504.0,0.144117,0.250988,0.151614,63.83,0.148,0.0,ETH-28JUN19-150-P,141.37,61.47,0.147,125.0,0.154,99.0,65.05,0.28068,-0.10194,-0.22319,0.00888,-0.49484
141.37,index_price,1554116344130,open,0.3,0.0,0.292636,0.292809,0.292637,80.01,,0,ETH-5APR19-100-C,141.37,0.0,0.288,114.0,0.3,114.0,238.25,1e-05,-7e-05,0.01062,0.0,0.99999
143.99,ETH-27SEP19,1554116344133,open,0.02,300.0,0.011322,0.092699,0.019316,69.19,0.026,0.0,ETH-27SEP19-80-P,141.37,66.73,0.017,300.0,0.024,300.0,73.81,0.13941,-0.02696,-0.06497,0.00198,-0.07275
141.37,index_price,1554116344138,open,0.02,478.0,0.02055,0.066975,0.019169,57.76,0.012,0.2,ETH-12APR19-150-C,141.37,55.84,0.018,10.0,0.019,200.0,57.48,0.08656,-0.25269,0.01242,0.02517,0.31394
4115.19,index_price,1554116344194,open,0.12,6.0,0.12068406,0.14852134,0.12053449,44.1,0.11,0,BTC-12APR19-3625-C,4115.19,0.0,0.116,3.0,0.1225,10.6,53.56,0.66325,-1.34463,1.02423,0.0003,0.95583
143.4,ETH-28JUN19,1554116344214,open,0.08,565.0,0.07432,0.181431,0.081655,63.83,0.084,0.0,ETH-28JUN19-160-C,141.37,62.97,0.08,95.0,0.085,210.0,65.57,0.27552,-0.10006,0.11799,0.00872,0.42342
141.37,index_price,1554116344242,open,0.0,0.0,0.0,0.000173,0.0,80.01,,0,ETH-5APR19-100-P,141.37,0.0,0.0,0.0,0.001,300.0,162.67,1e-05,-3e-05,0.0,0.0,-1e-05
141.37,index_price,1554116344242,open,0.07,1.0,0.075291,0.121716,0.07391,57.76,0.065,0.2,ETH-12APR19-150-P,141.37,51.25,0.07,302.0,0.079,102.0,65.92,0.08656,-0.17098,-0.03201,0.02517,-0.68606
4115.19,index_price,1554116344255,open,0.21,0.0,0.21024303,0.21115582,0.21023139,0.0,0.17,0,BTC-5APR19-3250-C,4115.19,0.0,0.2065,3.0,0.212,3.0,128.56,0.0,0.0,0.3451,0.0,1.0
4077.67,BTC-27SEP19,1554116344263,open,0.12,2.0,0.08045625,0.33334129,0.11433015,55.22,0.1185,0.0,BTC-27DEC19-5000-C,4115.19,54.08,0.1105,3.0,0.119,3.0,56.61,13.73251,-1.40494,9.3322,0.0002,0.42386
141.37,index_price,1554116344330,open,0.01,1192.0,0.006987,0.045115,0.006151,57.76,0.007,0.2,ETH-12APR19-160-C,141.37,54.45,0.005,50.0,0.007,200.0,60.04,0.05129,-0.1457,0.00517,0.01491,0.1288
143.99,ETH-27SEP19,1554116344364,open,0.05,1531.0,0.036772,0.156529,0.049876,68.05,0.05,0.0,ETH-27SEP19-100-P,141.37,66.33,0.047,265.0,0.054,14.0,70.47,0.24305,-0.04623,-0.14655,0.00352,-0.15781
141.37,index_price,1554116344423,open,0.13,0.0,0.132044,0.170172,0.131208,57.76,,0.2,ETH-12APR19-160-P,141.37,0.0,0.118,60.0,0.139,60.0,75.88,0.05129,-0.05854,-0.04222,0.01491,-0.8712
141.37,index_price,1554116344469,open,0.0,100.0,0.0,0.001398,2.4e-05,80.01,0.001,0,ETH-5APR19-110-P,141.37,0.0,0.0,0.0,0.001,300.0,122.98,0.0005,-0.00337,-2e-05,0.00029,-0.00102
141.37,index_price,1554116344513,open,0.0,0.0,0.001955,0.029629,0.00175,58.76,,0.2,ETH-12APR19-170-C,141.37,53.29,0.001,200.0,0.003,300.0,65.41,0.02261,-0.06434,0.00177,0.00646,0.04375
4115.19,index_price,1554116344539,open,0.02,762.8,0.01735198,0.04612179,0.01584125,41.32,0.0155,0,BTC-5APR19-4125-C,4115.19,38.06,0.0145,17.1,0.0165,24.8,42.93,1.69071,-9.01328,0.20553,0.00228,0.48619
143.4,ETH-28JUN19,1554116344567,open,0.06,706.0,0.055706,0.160652,0.062603,63.83,0.06,0.0,ETH-28JUN19-170-C,141.37,62.95,0.061,117.0,0.066,233.0,65.69,0.26048,-0.0946,0.09904,0.00824,0.34949
4077.67,BTC-27SEP19,1554116344567,open,0.02,44.2,0.00207066,0.15837618,0.02070839,65.81,0.0215,0.0,BTC-27DEC19-10000-C,4115.19,65.32,0.02,2.0,0.0215,8.4,66.34,5.99109,-0.73049,2.28253,7e-05,0.09642
141.37,index_price,1554116344574,open,0.16,5.0,0.151234,0.157752,0.151758,78.6,0.128,0,ETH-5APR19-120-C,141.37,0.0,0.149,89.0,0.16,89.0,141.81,0.00691,-0.07004,0.01244,0.00414,0.98049
4077.67,BTC-27SEP19,1554116344599,open,0.09,10.0,0.05599471,0.30592731,0.08888518,55.76,0.087,0.0,BTC-27DEC19-5500-C,4115.19,54.06,0.0835,10.5,0.093,6.0,57.04,12.99178,-1.34202,7.88265,0.00019,0.35034
143.99,ETH-27SEP19,1554116344602,open,0.1,380.0,0.083061,0.233053,0.101548,68.08,0.094,0.0,ETH-27SEP19-120-P,141.37,65.67,0.096,205.0,0.102,1.0,68.27,0.33167,-0.06312,-0.26035,0.00479,-0.2674
141.37,index_price,1554116344604,open,0.19,0.0,0.197329,0.225003,0.197123,58.76,,0.2,ETH-12APR19-170-P,141.37,0.0,0.001,10.0,0.265,1.0,196.1,0.02261,0.02827,-0.04858,0.00646,-0.95626
4115.19,index_price,1554116344679,open,0.0,155.1,0.00105725,0.02923606,0.00142123,47.48,0.0015,0,BTC-12APR19-4750-C,4115.19,44.57,0.001,15.0,0.002,32.1,50.75,0.65727,-1.43461,0.05181,0.00027,0.04367
141.37,index_price,1554116344699,open,0.0,200.0,0.000458,0.019029,0.00095,66.5,0.001,0.2,ETH-12APR19-180-C,141.37,0.0,0.0,0.0,0.002,600.0,75.18,0.0133,-0.04236,0.00093,0.00336,0.023
143.99,ETH-27SEP19,1554116344716,open,0.02,115.0,0.006783,0.120718,0.019329,73.38,0.022,0.0,ETH-27SEP19-320-C,141.37,71.38,0.017,300.0,0.024,300.0,77.05,0.17328,-0.03554,0.05496,0.00232,0.09721
143.4,ETH-28JUN19,1554116344716,open,0.25,21.0,0.241201,0.346147,0.248098,63.83,0.333,0.0,ETH-28JUN19-170-P,141.37,54.76,0.232,78.0,0.261,78.0,70.84,0.26048,-0.0946,-0.31024,0.00824,-0.65051
4077.66,BTC-27SEP19,1554116344744,open,1.47,0.3,1.45445753,1.61076259,1.47320957,65.89,1.4475,0.0,BTC-27DEC19-10000-P,4115.19,0.0,1.438,1.4,1.5055,1.4,82.89,6.00826,-0.73345,-71.64811,7e-05,-0.90321
4115.19,index_price,1554116344760,open,0.0,333.7,0.00418917,0.03928181,0.00375848,43.63,0.0045,0,BTC-12APR19-3750-P,4115.19,41.04,0.003,35.3,0.0045,10.0,45.95,1.26257,-2.53244,-0.12938,0.00057,-0.10176
143.99,ETH-27SEP19,1554116344788,open,1.24,0.0,1.229159,1.343094,1.245261,76.21,,0.0,ETH-27SEP19-320-P,141.37,0.0,0.002,1.0,2.5,1.0,500.0,0.18873,-0.0402,-1.50722,0.00244,-0.89066
141.37,index_price,1554116344790,open,0.0,1414.0,7.1e-05,0.006588,0.000595,78.6,0.001,0,ETH-5APR19-120-P,141.37,0.0,0.0,0.0,0.001,200.0,85.59,0.00691,-0.07004,-0.0003,0.00414,-0.01951
141.37,index_price,1554116344792,open,0.26,0.0,0.266148,0.284719,0.266639,66.49,,0.2,ETH-12APR19-180-P,141.37,0.0,0.001,10.0,0.0,0.0,0.0,0.01329,0.0557,-0.05239,0.00336,-0.97701
143.99,ETH-27SEP19,1554116344854,open,0.03,545.0,0.01393,0.148853,0.032234,73.37,0.032,0.0,ETH-27SEP19-280-C,141.37,69.37,0.026,310.0,0.034,300.0,74.44,0.23466,-0.04813,0.08286,0.00315,0.14965
143.99,ETH-27SEP19,1554116344854,open,0.17,671.0,0.150546,0.319893,0.169901,67.22,0.183,0.0,ETH-27SEP19-140-P,141.37,65.76,0.166,142.0,0.177,142.0,69.88,0.38501,-0.07234,-0.39086,0.00564,-0.384
143.99,ETH-27SEP19,1554116344857,open,0.02,350.0,0.004762,0.109182,0.015741,74.04,0.017,0.0,ETH-27SEP19-340-C,141.37,73.33,0.015,300.0,0.021,300.0,78.67,0.15125,-0.0313,0.04604,0.00201,0.08099
4077.66,BTC-27SEP19,1554116344857,open,0.64,0.0,0.63249724,0.68300502,0.63665009,64.2,,0.0,BTC-27DEC19-1500-C,4115.19,0.0,0.627,10.0,0.639,13.0,69.54,1.58259,-0.18823,10.39967,2e-05,0.98159
4115.19,index_price,1554116344874,open,0.15,0.0,0.15531744,0.18349626,0.15582168,48.33,,0,BTC-12APR19-4750-P,4115.19,0.0,0.154,2.0,0.162,2.0,70.74,0.69351,-1.54096,-1.36,0.00028,-0.95331
143.4,ETH-28JUN19,1554116344887,open,0.05,623.0,0.041371,0.142322,0.047645,63.83,0.056,0.0,ETH-28JUN19-180-C,141.37,63.44,0.047,105.0,0.052,348.0,66.42,0.23872,-0.0867,0.08181,0.00755,0.28461
4077.66,BTC-27SEP19,1554116344921,open,0.07,13.0,0.0387796,0.28163604,0.07093285,56.74,0.072,0.0,BTC-27DEC19-6000-C,4115.19,55.39,0.067,5.5,0.0745,16.0,57.94,12.03927,-1.2655,6.66279,0.00017,0.29192
4115.19,index_price,1554116344946,open,0.07,18.0,0.0678423,0.1094227,0.06706085,43.4,0.0595,0,BTC-12APR19-3875-C,4115.19,30.24,0.0615,16.4,0.069,16.4,47.31,1.99115,-3.9732,0.89821,0.00091,0.79959
143.99,ETH-27SEP19,1554116344958,open,1.37,0.0,1.366037,1.470457,1.380794,77.43,,0.0,ETH-27SEP19-340-P,141.37,0.0,0.002,1.0,2.6,1.0,500.0,0.1696,-0.03671,-1.61338,0.00216,-0.90558
143.99,ETH-27SEP19,1554116344978,open,0.15,118.0,0.125414,0.303911,0.144073,66.68,0.166,0.0,ETH-27SEP19-160-C,141.37,65.22,0.14,202.0,0.15,202.0,68.81,0.40212,-0.07495,0.25329,0.00594,0.50301
4115.19,index_price,1554116344991,open,0.01,1104.7,0.00678757,0.03340565,0.00562327,41.37,0.0055,0,BTC-5APR19-4250-C,4115.19,40.98,0.0055,7.3,0.006,2.0,42.57,1.29153,-6.89387,0.09859,0.00174,0.23125
141.37,index_price,1554116345004,open,0.0,766.0,0.002392,0.020744,0.002646,61.58,0.002,0,ETH-5APR19-130-P,141.37,57.4,0.002,21.0,0.003,300.0,63.67,0.02327,-0.18486,-0.00136,0.01781,-0.08802
4087.67,BTC-28JUN19,1554116345022,open,0.36,0.0,0.35607441,0.38784891,0.36546118,53.83,,0.0,BTC-28JUN19-5500-P,4115.19,49.46,0.3605,2.0,0.373,2.0,59.75,4.89477,-1.49932,-11.85602,0.00023,-0.83926
143.4,ETH-28JUN19,1554116345043,open,0.3,1.0,0.296601,0.397552,0.302876,63.83,0.312,0.0,ETH-28JUN19-180-P,141.37,53.17,0.286,60.0,0.31,60.0,68.04,0.23872,-0.0867,-0.35155,0.00755,-0.71539
4077.66,BTC-27SEP19,1554116345075,open,0.54,0.0,0.51021175,0.75306818,0.54243356,56.76,,0.0,BTC-27DEC19-6000-P,4115.19,47.85,0.5175,2.5,0.5685,2.5,65.27,12.04206,-1.26631,-37.69802,0.00017,-0.70793
143.4,ETH-28JUN19,1554116345080,open,0.02,221.0,0.016245,0.099354,0.021643,65.0,0.023,0.0,ETH-28JUN19-210-C,141.37,65.31,0.022,128.0,0.026,295.0,68.67,0.16403,-0.06067,0.0443,0.0051,0.14996
143.99,ETH-27SEP19,1554116345105,open,0.25,115.0,0.236602,0.415099,0.257039,67.32,0.262,0.0,ETH-27SEP19-160-P,141.37,60.14,0.237,105.0,0.277,105.0,74.47,0.40211,-0.07567,-0.53085,0.00588,-0.49524
141.37,index_price,1554116345113,open,0.03,333.0,0.029691,0.058129,0.027962,55.71,0.035,0,ETH-5APR19-140-C,141.37,53.33,0.027,132.0,0.029,93.0,58.29,0.05698,-0.40958,0.00827,0.0482,0.57861
143.99,ETH-27SEP19,1554116345118,open,0.02,168.0,0.009701,0.133848,0.024909,73.38,0.026,0.0,ETH-27SEP19-300-C,141.37,70.48,0.021,300.0,0.028,300.0,75.52,0.20232,-0.0415,0.06751,0.00271,0.12058
4115.19,index_price,1554116345167,open,0.01,19.1,0.00947561,0.05105601,0.00880859,43.64,0.0095,0,BTC-12APR19-3875-P,4115.19,41.95,0.008,6.7,0.01,19.0,46.05,1.99807,-4.00868,-0.25796,0.00091,-0.20157
143.99,ETH-27SEP19,1554116345220,open,0.11,320.0,0.087413,0.267019,0.106706,67.18,0.106,0.0,ETH-27SEP19-180-C,141.37,65.45,0.102,228.0,0.112,228.0,69.13,0.39077,-0.07339,0.21076,0.00572,0.40539
141.37,index_price,1554116345226,open,0.02,395.0,0.02,0.048438,0.018271,55.71,0.017,0,ETH-5APR19-140-P,141.37,50.07,0.016,122.0,0.019,393.0,57.52,0.05698,-0.40958,-0.0066,0.0482,-0.42139
4077.66,BTC-27SEP19,1554116345231,open,0.06,0.2,0.02678651,0.26001036,0.0576789,57.82,0.061,0.0,BTC-27DEC19-6500-C,4115.19,56.83,0.055,10.5,0.0605,16.0,58.86,11.03094,-1.18173,5.65818,0.00016,0.24535
143.4,ETH-28JUN19,1554116345233,open,0.48,0.0,0.48068,0.563789,0.486078,65.0,,0.0,ETH-28JUN19-210-P,141.37,0.0,0.005,10.0,0.0,0.0,0.0,0.16403,-0.06067,-0.46128,0.0051,-0.85004
141.37,index_price,1554116345339,open,0.01,2001.0,0.005738,0.029797,0.00511,57.61,0.008,0,ETH-5APR19-150-C,141.37,53.1,0.004,471.0,0.006,141.0,60.97,0.03636,-0.2702,0.00242,0.02974,0.16639
4115.19,index_price,1554116345362,open,0.05,42.5,0.04655987,0.09274616,0.04510603,42.7,0.0395,0,BTC-12APR19-4000-C,4115.19,36.09,0.041,1.9,0.046,1.9,44.12,2.59243,-5.08927,0.75826,0.0012,0.6635
143.4,ETH-28JUN19,1554116345387,open,0.02,211.0,0.011773,0.088281,0.0169,65.62,0.019,0.0,ETH-28JUN19-220-C,141.37,65.72,0.017,150.0,0.021,300.0,69.56,0.14185,-0.05296,0.03606,0.00437,0.12133
143.4,ETH-28JUN19,1554116345399,open,0.32,0.0,0.31567,0.375622,0.322242,67.89,,0.0,ETH-28JUN19-100-C,141.37,54.86,0.312,134.0,0.326,134.0,71.94,0.12872,-0.04972,0.19744,0.00383,0.89412
141.37,index_price,1554116345446,open,0.06,35.0,0.066784,0.090843,0.066156,57.61,0.075,0,ETH-5APR19-150-P,141.37,0.0,0.058,282.0,0.067,82.0,60.8,0.03636,-0.2702,-0.01351,0.02974,-0.83361
143.99,ETH-27SEP19,1554116345453,open,0.08,462.0,0.060602,0.235683,0.092794,72.92,0.075,0.0,ETH-27SEP19-200-C,141.37,65.92,0.075,251.0,0.085,251.0,69.89,0.37292,-0.07601,0.1807,0.00503,0.34886
143.4,ETH-28JUN19,1554116345540,open,0.55,0.0,0.545943,0.622451,0.55107,65.62,,0.0,ETH-28JUN19-220-P,141.37,0.0,0.001,10.0,0.0,0.0,0.0,0.14185,-0.05296,-0.49361,0.00437,-0.87867
143.4,ETH-28JUN19,1554116345553,open,0.02,1636.0,0.01302,0.072972,0.019592,67.89,0.02,0.0,ETH-28JUN19-100-P,141.37,66.08,0.018,400.0,0.021,84.0,69.43,0.12872,-0.04972,-0.04332,0.00383,-0.10588
141.37,index_price,1554116345557,open,0.0,2190.0,0.000555,0.013672,0.001388,70.39,0.001,0,ETH-5APR19-160-C,141.37,66.23,0.001,11.0,0.002,600.0,75.8,0.0144,-0.13077,0.00069,0.00964,0.04742
4087.66,BTC-28JUN19,1554116345560,open,0.06,0.0,0.0492888,0.09347285,0.06220063,52.41,,0.0,BTC-28JUN19-3750-P,4115.19,51.44,0.0605,5.7,0.065,5.0,54.0,7.18537,-2.14252,-3.77484,0.00034,-0.32137
143.4,ETH-28JUN19,1554116345562,open,0.0,1556.0,0.001941,0.032053,0.004563,69.75,0.005,0.0,ETH-28JUN19-80-P,141.37,64.54,0.003,422.0,0.006,127.0,73.69,0.04827,-0.01915,-0.01203,0.0014,-0.0303
4115.19,index_price,1554116345628,open,0.12,10.2,0.11915832,0.12719914,0.11926419,51.83,0.1175,0,BTC-5APR19-3625-C,4115.19,0.0,0.1155,3.0,0.121,3.0,78.34,0.09459,-0.63243,0.38128,0.0001,0.99184
141.37,index_price,1554116345665,open,0.13,0.0,0.132337,0.145454,0.133169,70.39,,0,ETH-5APR19-160-P,141.37,0.0,0.001,10.0,0.18,1.0,230.62,0.0144,-0.13077,-0.0163,0.00964,-0.95258
143.4,ETH-28JUN19,1554116345698,open,0.27,10.0,0.258608,0.333318,0.265173,65.61,0.265,0.0,ETH-28JUN19-110-C,141.37,56.74,0.255,134.0,0.275,134.0,73.49,0.17288,-0.06454,0.19762,0.00532,0.83758
143.99,ETH-27SEP19,1554116345727,open,0.06,486.0,0.041914,0.208915,0.071498,73.34,0.055,0.0,ETH-27SEP19-220-C,141.37,66.61,0.056,269.0,0.066,269.0,71.01,0.34206,-0.07013,0.15047,0.00459,0.28473
4115.19,index_price,1554116345769,open,0.03,38.1,0.02984057,0.07797173,0.02824771,42.69,0.0255,0,BTC-12APR19-4125-C,4115.19,40.15,0.0265,6.8,0.029,11.4,43.78,2.83385,-5.56141,0.58067,0.00132,0.50181
141.37,index_price,1554116345772,open,0.0,0.0,2.8e-05,0.00566,0.000396,79.98,,0,ETH-5APR19-170-C,141.37,0.0,0.0,0.0,0.001,300.0,91.71,0.00521,-0.05376,0.0002,0.00307,0.01403
4087.66,BTC-28JUN19,1554116345837,open,0.12,0.0,0.11089628,0.15980235,0.12444207,51.93,,0.0,BTC-28JUN19-4250-P,4115.19,49.15,0.119,3.0,0.1285,5.0,54.0,7.99893,-2.36337,-6.24524,0.00038,-0.51016
143.99,ETH-27SEP19,1554116345845,open,0.59,0.0,0.569798,0.736798,0.601826,74.37,,0.0,ETH-27SEP19-220-P,141.37,0.0,0.005,10.0,3.0,10.0,500.0,0.34495,-0.07171,-0.92581,0.00456,-0.71017
141.37,index_price,1554116345877,open,0.2,0.0,0.202546,0.208179,0.202915,79.98,,0,ETH-5APR19-170-P,141.37,0.0,0.001,10.0,0.264,1.0,311.59,0.00521,-0.05376,-0.01785,0.00307,-0.98597
143.4,ETH-28JUN19,1554116346009,open,0.22,26.0,0.207966,0.295411,0.214827,64.59,0.191,0.0,ETH-28JUN19-120-C,141.37,57.29,0.204,138.0,0.221,138.0,68.65,0.21652,-0.07958,0.18974,0.00677,0.76441
143.99,ETH-27SEP19,1554116346080,open,0.02,350.0,0.004762,0.109182,0.015762,74.04,0.017,0.0,ETH-27SEP19-340-C,141.37,73.33,0.015,300.0,0.018,50.0,76.12,0.15125,-0.0313,0.04604,0.00201,0.08099
141.37,index_price,1554116346087,open,0.0,0.0,2.8e-05,0.00566,0.000396,79.98,,0,ETH-5APR19-170-C,141.37,0.0,0.0,0.0,0.001,400.0,91.71,0.00521,-0.05376,0.0002,0.00307,0.01403
143.4,ETH-28JUN19,1554116346092,open,0.0,1556.0,0.001941,0.032053,0.004565,69.75,0.005,0.0,ETH-28JUN19-80-P,141.37,64.54,0.003,422.0,0.006,177.0,73.69,0.04827,-0.01915,-0.01203,0.0014,-0.0303
143.4,ETH-28JUN19,1554116346098,open,0.0,1556.0,0.001941,0.032053,0.004565,69.75,0.005,0.0,ETH-28JUN19-80-P,141.37,64.54,0.003,472.0,0.006,177.0,73.69,0.04827,-0.01915,-0.01203,0.0014,-0.0303
143.4,ETH-28JUN19,1554116346103,open,0.04,767.0,0.030485,0.12616,0.036561,64.18,0.045,0.0,ETH-28JUN19-190-C,141.37,63.8,0.036,125.0,0.039,50.0,65.8,0.21409,-0.07818,0.06707,0.00674,0.23084
141.37,index_price,1554116346108,open,0.0,0.0,9.2e-05,0.011987,0.00077,76.67,,0.2,ETH-12APR19-190-C,141.37,0.0,0.0,0.0,0.001,200.0,79.58,0.01023,-0.0373,0.00068,0.00224,0.01689
143.99,ETH-27SEP19,1554116346112,open,0.03,545.0,0.01393,0.148853,0.032265,73.37,0.032,0.0,ETH-27SEP19-280-C,141.37,69.37,0.026,310.0,0.031,50.0,72.61,0.23466,-0.04813,0.08286,0.00315,0.14965
4115.19,index_price,1554116346125,open,0.0,318.5,2.58e-06,0.00430787,0.00025224,68.85,0.0005,0,BTC-5APR19-3500-P,4115.19,0.0,0.0,0.0,0.0005,26.9,75.77,0.11532,-1.02433,-0.00458,9e-05,-0.01023
4115.19,index_price,1554116346126,open,0.03,38.1,0.02984057,0.07797173,0.02824771,42.69,0.0255,0,BTC-12APR19-4125-C,4115.19,40.15,0.0265,6.8,0.029,7.0,43.78,2.83385,-5.56141,0.58067,0.00132,0.50181
4115.19,index_price,1554116346140,open,0.02,175.7,0.01778021,0.06503274,0.01647318,42.95,0.018,0,BTC-12APR19-4250-C,4115.19,39.83,0.0145,9.0,0.017,16.7,43.78,2.61845,-5.1709,0.40337,0.00121,0.34544
143.4,ETH-28JUN19,1554116346146,open,0.02,211.0,0.011773,0.088281,0.016902,65.62,0.019,0.0,ETH-28JUN19-220-C,141.37,65.72,0.017,150.0,0.018,75.0,66.71,0.14185,-0.05296,0.03606,0.00437,0.12133
4115.19,index_price,1554116346161,open,0.0,318.5,2.58e-06,0.00430787,0.00025224,68.85,0.0005,0,BTC-5APR19-3500-P,4115.19,0.0,0.0,0.0,0.0005,52.9,75.77,0.11532,-1.02433,-0.00458,9e-05,-0.01023
4087.65,BTC-28JUN19,1554116346172,open,2.66,2.3,2.66959011,2.66962573,2.66972414,82.45,2.685,0.0,BTC-28JUN19-15000-P,4115.19,0.0,0.1,1.0,0.0,0.0,0.0,0.0859,-0.0403,-36.10182,0.0,-0.9987
4077.65,BTC-27SEP19,1554116346172,open,0.0,2112.5,0.00028581,0.00338548,0.00187854,68.31,0.0015,0.0,BTC-27SEP19-1500-P,4115.19,66.11,0.0015,8.6,0.0035,11.3,75.43,0.7537,-0.14391,-0.23524,1e-05,-0.00989
4077.65,BTC-27SEP19,1554116346175,open,0.0,2112.5,0.00028581,0.00338548,0.00187854,68.31,0.0015,0.0,BTC-27SEP19-1500-P,4115.19,66.11,0.0015,8.6,0.003,20.0,73.5,0.7537,-0.14391,-0.23524,1e-05,-0.00989
143.99,ETH-27SEP19,1554116346182,open,0.08,462.0,0.060602,0.235683,0.092857,72.92,0.075,0.0,ETH-27SEP19-200-C,141.37,65.92,0.075,251.0,0.082,50.0,68.71,0.37292,-0.07601,0.1807,0.00503,0.34886
4115.19,index_price,1554116346175,open,0.03,38.1,0.02984057,0.07797173,0.02824771,42.69,0.0255,0,BTC-12APR19-4125-C,4115.19,40.15,0.0265,6.8,0.029,11.4,43.78,2.83385,-5.56141,0.58067,0.00132,0.50181
4077.65,BTC-27SEP19,1554116346193,open,0.98,2.5,0.96970146,0.99577114,0.97897455,63.32,1.278,0.0,BTC-27SEP19-8000-P,4115.19,43.78,0.964,1.7,0.991,1.7,72.03,4.8998,-0.86721,-37.60785,9e-05,-0.90298
4087.65,BTC-28JUN19,1554116346195,open,0.04,694.4,0.03615026,0.07532462,0.04154274,53.62,0.0395,0.0,BTC-28JUN19-3500-P,4115.19,51.92,0.039,13.9,0.043,21.7,54.58,6.16784,-1.88164,-2.72448,0.00029,-0.2353
4077.65,BTC-27SEP19,1554116346185,open,0.0,2112.5,0.00028581,0.00338548,0.00187854,68.31,0.0015,0.0,BTC-27SEP19-1500-P,4115.19,66.11,0.0015,8.6,0.0025,20.0,71.37,0.7537,-0.14391,-0.23524,1e-05,-0.00989
4077.69,BTC-27SEP19,1554116346207,open,0.01,354.8,0.00363841,0.02189935,0.01212379,66.23,0.01,0.0,BTC-27SEP19-9000-C,4115.19,65.56,0.0115,10.0,0.012,6.1,66.1,3.83388,-0.70981,1.15709,7e-05,0.07003
4077.65,BTC-27SEP19,1554116346210,open,0.26,3.0,0.22417906,0.44066402,0.25775051,56.51,0.2675,0.0,BTC-27DEC19-3500-C,4115.19,55.57,0.255,1.0,0.2635,10.0,58.47,11.97586,-1.25386,13.67576,0.00017,0.71135
141.37,index_price,1554116346212,open,0.33,0.0,0.336097,0.347992,0.336776,76.67,,0.2,ETH-12APR19-190-P,141.37,0.0,0.001,10.0,0.433,1.0,286.38,0.01023,0.06619,-0.0556,0.00224,-0.98311
4087.65,BTC-28JUN19,1554116346215,open,1.44,43.3,1.44640573,1.44779918,1.44808992,76.73,1.509,0.0,BTC-28JUN19-10000-P,4115.19,0.0,1.4375,1.3,1.455,1.3,97.23,0.73077,-0.31906,-23.95109,2e-05,-0.98566
4077.66,BTC-27SEP19,1554116346216,open,0.02,14.4,0.00343686,0.09742517,0.01462335,61.23,0.015,0.0,BTC-27DEC19-2000-P,4115.19,58.86,0.0125,17.5,0.0165,0.5,63.2,3.78874,-0.4298,-2.03935,5e-05,-0.05302
143.4,ETH-28JUN19,1554116346214,open,0.08,565.0,0.07432,0.181431,0.081661,63.83,0.084,0.0,ETH-28JUN19-160-C,141.37,62.97,0.08,95.0,0.083,38.0,64.53,0.27552,-0.10006,0.11799,0.00872,0.42342
4115.19,index_price,1554116346218,open,0.28,4.2,0.27668418,0.28449814,0.27815297,52.72,0.3545,0,BTC-26APR19-5250-P,4115.19,43.56,0.2765,2.0,0.2865,2.0,73.96,1.00936,-1.06966,-3.45989,0.00017,-0.95549
141.37,index_price,1554116346218,open,0.26,0.0,0.270554,0.272774,0.270603,80.0,,0.2,ETH-5APR19-180-P,141.37,0.0,0.001,10.0,0.348,1.0,393.54,0.00096,0.08832,-0.01904,0.00057,-0.9979
4087.65,BTC-28JUN19,1554116346220,open,0.16,27.7,0.16071556,0.20892561,0.16435982,51.93,0.164,0.0,BTC-28JUN19-4500-P,4115.19,49.09,0.159,18.0,0.168,7.2,53.84,7.75567,-2.2914,-7.50884,0.00037,-0.59864
4077.69,BTC-27SEP19,1554116346217,open,0.01,354.8,0.00363841,0.02189935,0.01212379,66.23,0.01,0.0,BTC-27SEP19-9000-C,4115.19,65.56,0.0115,20.2,0.012,6.1,66.1,3.83388,-0.70981,1.15709,7e-05,0.07003
4077.66,BTC-27SEP19,1554116346225,open,0.02,14.4,0.00343686,0.09742517,0.01462335,61.23,0.015,0.0,BTC-27DEC19-2000-P,4115.19,58.86,0.0125,17.5,0.0165,8.0,63.2,3.78874,-0.4298,-2.03935,5e-05,-0.05302
143.99,ETH-27SEP19,1554116346227,open,0.17,671.0,0.150546,0.319893,0.169833,67.22,0.183,0.0,ETH-27SEP19-140-P,141.37,65.76,0.166,142.0,0.172,37.0,68.0,0.38501,-0.07234,-0.39086,0.00564,-0.384
4115.19,index_price,1554116346237,open,0.03,775.2,0.03352892,0.05864979,0.03320662,44.68,0.0345,0,BTC-26APR19-4000-P,4115.19,45.97,0.0345,39.0,0.036,9.0,47.48,4.09516,-3.67741,-1.16288,0.00079,-0.38143
4115.19,index_price,1554116346239,open,0.22,2.2,0.21763017,0.22975576,0.21881365,48.67,0.229,0,BTC-26APR19-5000-P,4115.19,42.66,0.217,2.0,0.2275,2.0,66.41,1.45664,-1.42508,-3.21946,0.00026,-0.9291
4115.19,index_price,1554116346239,open,0.51,0.0,0.51399571,0.51399685,0.51396021,0.0,,0,BTC-26APR19-2000-C,4115.19,0.0,0.51,10.3,0.5145,10.3,113.6,0.0,0.0,1.36305,0.0,1.0
4115.19,index_price,1554116346244,open,0.27,0.0,0.27110309,0.27363908,0.27191494,58.56,0.2505,0,BTC-26APR19-3000-C,4115.19,0.0,0.2655,7.4,0.2725,7.4,63.31,0.43055,-0.50681,1.99705,6e-05,0.98398
4077.69,BTC-27SEP19,1554116346256,open,0.22,12.8,0.21472323,0.27331912,0.21679506,54.74,0.242,0.0,BTC-27SEP19-4500-P,4115.19,51.76,0.2085,3.0,0.218,1.1,55.18,11.36373,-1.73889,-14.84616,0.00025,-0.52612
4077.69,BTC-27SEP19,1554116346258,open,0.22,12.8,0.21472323,0.27331912,0.21679506,54.74,0.242,0.0,BTC-27SEP19-4500-P,4115.19,51.94,0.209,11.7,0.218,1.1,55.18,11.36373,-1.73889,-14.84616,0.00025,-0.52612
4077.65,BTC-27SEP19,1554116346261,open,0.63,42.8,0.63242687,0.63552654,0.63400336,68.22,0.6235,0.0,BTC-27SEP19-1500-C,4115.19,0.0,0.6285,20.0,0.6385,20.0,84.14,0.7495,-0.14293,7.1174,1e-05,0.99017
4087.65,BTC-28JUN19,1554116346269,open,1.93,10.0,1.93567258,1.93597928,1.93638799,81.33,1.243,0.0,BTC-28JUN19-12000-P,4115.19,0.0,1.925,1.1,1.944,1.1,111.33,0.35234,-0.16305,-28.83642,1e-05,-0.99377
4087.65,BTC-28JUN19,1554116346269,open,1.69,5.7,1.69103519,1.69168455,1.69197969,78.02,1.142,0.0,BTC-28JUN19-11000-P,4115.19,0.0,1.681,1.2,1.6995,1.2,104.71,0.45519,-0.20207,-26.4105,1e-05,-0.99168
141.37,index_price,1554116346266,open,0.01,2001.0,0.005738,0.029797,0.005107,57.61,0.008,0,ETH-5APR19-150-C,141.37,53.1,0.004,471.0,0.006,289.0,60.97,0.03636,-0.2702,0.00242,0.02974,0.16639
143.99,ETH-27SEP19,1554116346274,open,0.02,115.0,0.006783,0.120718,0.019351,73.38,0.022,0.0,ETH-27SEP19-320-C,141.37,71.38,0.017,300.0,0.021,114.0,74.74,0.17328,-0.03554,0.05496,0.00232,0.09721
4077.69,BTC-27SEP19,1554116346276,open,0.22,12.8,0.21472323,0.27331912,0.21679506,54.74,0.242,0.0,BTC-27SEP19-4500-P,4115.19,52.84,0.2115,1.1,0.218,1.1,55.18,11.36373,-1.73889,-14.84616,0.00025,-0.52612
4115.19,index_price,1554116346286,open,0.02,762.8,0.01735198,0.04612179,0.01584125,41.32,0.0155,0,BTC-5APR19-4125-C,4115.19,38.06,0.0145,12.3,0.0165,24.8,42.93,1.69071,-9.01328,0.20553,0.00228,0.48619
4115.19,index_price,1554116346289,open,0.02,762.8,0.01735198,0.04612179,0.01584125,41.32,0.0155,0,BTC-5APR19-4125-C,4115.19,38.06,0.0145,17.1,0.0165,24.8,42.93,1.69071,-9.01328,0.20553,0.00228,0.48619
4087.65,BTC-28JUN19,1554116346301,open,0.48,35.5,0.47530502,0.50167487,0.48073013,56.76,0.4835,0.0,BTC-28JUN19-6000-P,4115.19,48.8,0.4745,2.0,0.4875,2.0,63.49,3.71471,-1.19967,-13.51224,0.00016,-0.89229
143.99,ETH-27SEP19,1554116346301,open,0.04,646.0,0.020068,0.166073,0.041889,73.37,0.039,0.0,ETH-27SEP19-260-C,141.37,68.4,0.033,295.0,0.038,77.0,71.25,0.26973,-0.05532,0.1015,0.00362,0.18573
4115.19,index_price,1554116346307,open,0.45,0.0,0.45324517,0.45326206,0.45334067,80.78,0.429,0,BTC-26APR19-2250-C,4115.19,0.0,0.448,12.4,0.4545,9.4,108.8,0.05234,-0.08499,1.52897,1e-05,0.9985
4077.65,BTC-27SEP19,1554116346313,open,1.7,3.1,1.69845846,1.70715552,1.70552654,72.68,1.9215,0.0,BTC-27SEP19-11000-P,4115.19,0.0,1.6845,1.2,1.718,1.2,86.49,2.70306,-0.54916,-53.16735,5e-05,-0.95506
141.37,index_price,1554116346311,open,0.01,1192.0,0.006987,0.045115,0.00615,57.76,0.007,0.2,ETH-12APR19-160-C,141.37,54.45,0.005,50.0,0.007,376.0,60.04,0.05129,-0.1457,0.00517,0.01491,0.1288
4087.65,BTC-28JUN19,1554116346315,open,0.04,955.4,0.03127524,0.07404474,0.03586665,52.94,0.037,0.0,BTC-28JUN19-5000-C,4115.19,51.44,0.0335,19.4,0.0375,14.3,53.96,6.49576,-1.95663,2.19816,0.00031,0.25923
4087.65,BTC-28JUN19,1554116346321,open,2.17,0.8,2.18031153,2.18045869,2.18086311,84.23,2.196,0.0,BTC-28JUN19-13000-P,4115.19,0.0,0.1,1.0,0.0,0.0,0.0,0.27751,-0.13299,-31.25679,1e-05,-0.99524
4077.65,BTC-27SEP19,1554116346321,open,0.4,12.1,0.40182272,0.45484111,0.40638567,55.94,0.442,0.0,BTC-27SEP19-5500-P,4115.19,51.68,0.3965,2.0,0.418,2.0,60.72,9.68982,-1.51513,-22.4108,0.00021,-0.71509
143.4,ETH-28JUN19,1554116346318,open,0.01,208.0,0.00612,0.069893,0.010914,67.44,0.01,0.0,ETH-28JUN19-240-C,141.37,67.56,0.011,157.0,0.012,75.0,68.87,0.10669,-0.04094,0.02459,0.0032,0.08212
4087.65,BTC-28JUN19,1554116346330,open,0.51,20.1,0.51080942,0.51323448,0.5122038,69.1,0.466,0.0,BTC-28JUN19-2000-C,4115.19,0.0,0.5085,20.0,0.5155,20.0,84.03,0.59782,-0.23505,4.68862,2e-05,0.98863
143.4,ETH-28JUN19,1554116346329,open,0.08,313.0,0.070923,0.168163,0.078977,64.59,0.074,0.0,ETH-28JUN19-130-P,141.37,63.48,0.077,120.0,0.08,54.0,65.19,0.25158,-0.09246,-0.13769,0.00787,-0.31989
4077.65,BTC-27SEP19,1554116346333,open,1.22,0.0,1.2107918,1.22905215,1.21937485,66.34,,0.0,BTC-27SEP19-9000-P,4115.19,0.0,1.2025,1.5,1.2315,1.5,76.85,3.85095,-0.71409,-42.94308,7e-05,-0.92957
143.99,ETH-27SEP19,1554116346339,open,0.11,320.0,0.087413,0.267019,0.10674,67.18,0.106,0.0,ETH-27SEP19-180-C,141.37,65.45,0.102,228.0,0.109,34.0,68.03,0.39077,-0.07339,0.21076,0.00572,0.40539
143.4,ETH-28JUN19,1554116346348,open,0.01,1744.0,0.005606,0.050157,0.009698,68.03,0.011,0.0,ETH-28JUN19-90-P,141.37,64.96,0.008,421.0,0.011,109.0,70.22,0.08282,-0.03206,-0.02375,0.00246,-0.05909
141.37,index_price,1554116346351,open,0.23,0.0,0.226717,0.238861,0.227309,72.17,,0.2,ETH-12APR19-110-C,141.37,0.0,0.217,102.0,0.231,102.0,99.58,0.0102,-0.09239,0.03184,0.00237,0.98317
143.99,ETH-27SEP19,1554116346358,open,0.84,0.0,0.825749,0.971754,0.850585,74.96,,0.0,ETH-27SEP19-260-P,141.37,0.0,0.013,1.0,5.0,10.0,500.0,0.27692,-0.05802,-1.16908,0.00364,-0.80615
4087.65,BTC-28JUN19,1554116346358,open,0.4,31.0,0.39000329,0.40038849,0.39414634,63.12,0.374,0.0,BTC-28JUN19-2500-C,4115.19,52.23,0.3905,17.3,0.398,20.3,70.93,1.75337,-0.62968,5.56168,7e-05,0.95929
4077.65,BTC-27SEP19,1554116346358,open,0.08,803.8,0.07709959,0.1341068,0.07900576,54.72,0.08,0.0,BTC-27SEP19-5000-C,4115.19,53.58,0.076,3.1,0.0805,3.0,55.29,10.7458,-1.64376,5.74814,0.00024,0.36665
143.4,ETH-28JUN19,1554116346352,open,0.01,1744.0,0.005606,0.050157,0.009698,68.03,0.011,0.0,ETH-28JUN19-90-P,141.37,64.96,0.008,586.0,0.011,109.0,70.22,0.08282,-0.03206,-0.02375,0.00246,-0.05909
4087.65,BTC-28JUN19,1554116346364,open,0.26,63.4,0.25447195,0.29724144,0.25904241,52.93,0.329,0.0,BTC-28JUN19-5000-P,4115.19,49.36,0.2535,2.0,0.265,3.0,56.61,6.49481,-1.95586,-9.84012,0.00031,-0.74084
4077.65,BTC-27SEP19,1554116346364,open,0.01,863.9,0.00172093,0.01434885,0.00972491,69.77,0.009,0.0,BTC-27SEP19-10000-C,4115.19,68.82,0.009,10.7,0.0105,18.9,70.73,3.20447,-0.62493,0.91748,6e-05,0.05564
4087.65,BTC-28JUN19,1554116346386,open,0.02,1148.9,0.01033754,0.03490113,0.01667729,57.59,0.0155,0.0,BTC-28JUN19-3000-P,4115.19,55.14,0.0145,6.3,0.018,42.9,59.02,3.7276,-1.22152,-1.22921,0.00016,-0.10823
4115.19,index_price,1554116346390,open,0.18,0.0,0.17998727,0.19483023,0.18027552,52.38,,0,BTC-12APR19-3375-C,4115.19,0.0,0.1755,3.0,0.1815,11.3,65.45,0.23147,-0.5574,0.98968,9e-05,0.9874
143.4,ETH-28JUN19,1554116346387,open,0.05,623.0,0.041371,0.142322,0.047655,63.83,0.056,0.0,ETH-28JUN19-180-C,141.37,63.44,0.047,105.0,0.051,57.0,65.83,0.23872,-0.0867,0.08181,0.00755,0.28461
4087.65,BTC-28JUN19,1554116346388,open,0.02,1148.9,0.01033754,0.03490113,0.01667729,57.59,0.0155,0.0,BTC-28JUN19-3000-P,4115.19,55.72,0.015,25.2,0.018,42.9,59.02,3.7276,-1.22152,-1.22921,0.00016,-0.10823
4077.65,BTC-27SEP19,1554116346398,open,0.04,704.4,0.03623474,0.08395623,0.0417898,56.75,0.0415,0.0,BTC-27SEP19-6000-C,4115.19,55.38,0.039,5.3,0.043,7.2,57.33,8.44256,-1.33913,3.55253,0.00018,0.21956
4077.65,BTC-27SEP19,1554116346399,open,0.04,704.4,0.03623474,0.08395623,0.0417898,56.75,0.0415,0.0,BTC-27SEP19-6000-C,4115.19,55.63,0.0395,7.2,0.043,7.2,57.33,8.44256,-1.33913,3.55253,0.00018,0.21956
4077.65,BTC-27SEP19,1554116346405,open,0.01,637.0,0.00300516,0.01446495,0.00709959,63.57,0.0075,0.0,BTC-27SEP19-2000-P,4115.19,63.38,0.007,5.0,0.008,4.0,65.22,2.16057,-0.38391,-0.8239,4e-05,-0.03413
4077.65,BTC-27SEP19,1554116346407,open,0.01,637.0,0.00300516,0.01446495,0.00709959,63.57,0.0075,0.0,BTC-27SEP19-2000-P,4115.19,63.38,0.007,5.0,0.008,24.0,65.22,2.16057,-0.38391,-0.8239,4e-05,-0.03413
143.99,ETH-27SEP19,1554116346410,open,0.1,380.0,0.083061,0.233053,0.101553,68.08,0.094,0.0,ETH-27SEP19-120-P,141.37,65.67,0.096,205.0,0.102,59.0,68.27,0.33167,-0.06312,-0.26035,0.00479,-0.2674
4115.19,index_price,1554116346415,open,0.01,970.6,0.00677096,0.02417004,0.00726347,45.92,0.007,0,BTC-26APR19-4750-C,4115.19,44.48,0.0065,29.6,0.008,38.6,47.24,2.24583,-2.07269,0.33804,0.00042,0.12779
4115.19,index_price,1554116346429,open,0.0,1074.1,0.00029898,0.00504386,0.00147653,55.89,0.001,0,BTC-26APR19-5500-C,4115.19,52.67,0.001,88.0,0.002,17.0,58.75,0.68518,-0.76978,0.0737,0.00011,0.02775
143.4,ETH-28JUN19,1554116346432,open,0.02,1636.0,0.01302,0.072972,0.019599,67.89,0.02,0.0,ETH-28JUN19-100-P,141.37,66.08,0.018,400.0,0.021,192.0,69.43,0.12872,-0.04972,-0.04332,0.00383,-0.10588
141.37,index_price,1554116346456,open,0.0,100.0,8e-06,0.004678,0.000198,80.0,0.001,0.2,ETH-12APR19-100-P,141.37,0.0,0.0,0.0,0.001,500.0,98.57,0.00315,-0.01124,-0.00019,0.00066,-0.00441
4115.19,index_price,1554116346449,open,0.0,1074.1,0.00029898,0.00504386,0.00147653,55.89,0.001,0,BTC-26APR19-5500-C,4115.19,52.67,0.001,88.0,0.002,57.0,58.75,0.68518,-0.76978,0.0737,0.00011,0.02775
4087.65,BTC-28JUN19,1554116346461,open,0.01,870.2,0.00160164,0.01198684,0.00573422,63.09,0.005,0.0,BTC-28JUN19-2500-P,4115.19,60.02,0.0045,9.3,0.0065,33.8,64.82,1.75167,-0.62883,-0.45663,7e-05,-0.04067
143.4,ETH-28JUN19,1554116346460,open,0.11,475.0,0.098092,0.204962,0.105592,63.83,0.103,0.0,ETH-28JUN19-150-C,141.37,63.02,0.104,116.0,0.107,25.0,64.55,0.28068,-0.10194,0.13795,0.00888,0.50516
4087.65,BTC-28JUN19,1554116346467,open,0.01,870.2,0.00160164,0.01198684,0.00573422,63.09,0.005,0.0,BTC-28JUN19-2500-P,4115.19,61.32,0.005,24.2,0.0065,33.8,64.82,1.75167,-0.62883,-0.45663,7e-05,-0.04067
4087.65,BTC-28JUN19,1554116346474,open,0.0,945.3,0.00032017,0.00681669,0.00334267,66.69,0.004,0.0,BTC-28JUN19-8000-C,4115.19,65.61,0.003,7.3,0.0045,15.3,69.88,1.34549,-0.51057,0.25734,5e-05,0.02949
4087.65,BTC-28JUN19,1554116346486,open,0.0,945.3,0.00032017,0.00681669,0.00334267,66.69,0.004,0.0,BTC-28JUN19-8000-C,4115.19,65.61,0.003,7.3,0.004,31.4,68.58,1.34549,-0.51057,0.25734,5e-05,0.02949
143.99,ETH-27SEP19,1554116346489,open,0.02,168.0,0.009701,0.133848,0.024935,73.38,0.026,0.0,ETH-27SEP19-300-C,141.37,70.48,0.021,300.0,0.025,101.0,73.44,0.20232,-0.0415,0.06751,0.00271,0.12058
141.37,index_price,1554116346494,open,0.0,200.0,0.000458,0.019029,0.00095,66.5,0.001,0.2,ETH-12APR19-180-C,141.37,0.0,0.0,0.0,0.002,850.0,75.18,0.0133,-0.04236,0.00093,0.00336,0.023
143.99,ETH-27SEP19,1554116346501,open,0.05,772.0,0.028983,0.185922,0.054683,73.36,0.047,0.0,ETH-27SEP19-240-C,141.37,67.67,0.043,284.0,0.048,68.0,70.17,0.30625,-0.06279,0.12391,0.00411,0.23023
4077.65,BTC-27SEP19,1554116346504,open,0.01,681.8,0.00040315,0.00639962,0.00628536,74.79,0.0065,0.0,BTC-27SEP19-12000-C,4115.19,74.27,0.006,20.1,0.0065,6.9,75.18,2.25501,-0.47145,0.59292,4e-05,0.03596
143.4,ETH-28JUN19,1554116346511,open,0.01,574.0,0.003152,0.055552,0.007618,69.8,0.008,0.0,ETH-28JUN19-260-C,141.37,70.47,0.008,243.0,0.009,176.0,72.11,0.08233,-0.03269,0.01762,0.00238,0.05864
4115.19,index_price,1554116346522,open,0.0,985.3,0.00010952,0.00264552,0.00100996,59.38,0.001,0,BTC-26APR19-3000-P,4115.19,53.71,0.0005,100.5,0.0015,60.2,63.26,0.45657,-0.54498,-0.05096,7e-05,-0.01716
141.37,index_price,1554116346526,open,0.0,2190.0,0.000555,0.013672,0.001389,70.39,0.001,0,ETH-5APR19-160-C,141.37,66.23,0.001,11.0,0.002,850.0,75.8,0.0144,-0.13077,0.00069,0.00964,0.04742
141.37,index_price,1554116346531,open,0.0,766.0,0.002392,0.020744,0.002643,61.58,0.002,0,ETH-5APR19-130-P,141.37,57.4,0.002,21.0,0.003,525.0,63.67,0.02327,-0.18486,-0.00136,0.01781,-0.08802
4115.19,index_price,1554116346534,open,0.0,985.3,0.00010952,0.00264552,0.00100996,59.38,0.001,0,BTC-26APR19-3000-P,4115.19,53.71,0.0005,130.5,0.0015,60.2,63.26,0.45657,-0.54498,-0.05096,7e-05,-0.01716
4115.19,index_price,1554116346536,open,0.02,1299.3,0.01579546,0.03835922,0.01590535,45.13,0.0155,0,BTC-26APR19-4500-C,4115.19,44.02,0.015,1.0,0.0165,3.4,45.86,3.35519,-3.04385,0.63423,0.00064,0.24204
4115.19,index_price,1554116346537,open,0.02,1299.3,0.01579546,0.03835922,0.01590535,45.13,0.0155,0,BTC-26APR19-4500-C,4115.19,44.02,0.015,1.0,0.016,16.0,45.25,3.35519,-3.04385,0.63423,0.00064,0.24204
141.37,index_price,1554116346545,open,0.0,0.0,0.0,0.000173,0.0,80.01,,0,ETH-5APR19-100-P,141.37,0.0,0.0,0.0,0.001,550.0,162.67,1e-05,-3e-05,0.0,0.0,-1e-05
4115.19,index_price,1554116346562,open,0.0,155.1,0.00105725,0.02923606,0.00142123,47.48,0.0015,0,BTC-12APR19-4750-C,4115.19,44.57,0.001,15.0,0.0025,31.9,53.18,0.65727,-1.43461,0.05181,0.00027,0.04367
4115.19,index_price,1554116346563,open,0.0,1215.8,0.00208423,0.02352571,0.00176105,43.11,0.002,0,BTC-5APR19-4375-C,4115.19,41.45,0.0015,20.5,0.003,25.0,49.75,0.67454,-3.7512,0.03748,0.00087,0.08754
143.4,ETH-28JUN19,1554116346574,open,0.68,0.0,0.67976,0.743533,0.684671,67.6,,0.0,ETH-28JUN19-240-P,141.37,0.0,0.001,10.0,0.0,0.0,0.0,0.10731,-0.04127,-0.55305,0.00321,-0.91725
4115.19,index_price,1554116346564,open,0.0,155.1,0.00105725,0.02923606,0.00142123,47.48,0.0015,0,BTC-12APR19-4750-C,4115.19,44.57,0.001,15.0,0.002,32.1,50.75,0.65727,-1.43461,0.05181,0.00027,0.04367
143.4,ETH-28JUN19,1554116346576,open,0.02,221.0,0.016245,0.099354,0.021648,65.0,0.023,0.0,ETH-28JUN19-210-C,141.37,65.31,0.022,128.0,0.023,85.0,66.17,0.16403,-0.06067,0.0443,0.0051,0.14996
4115.19,index_price,1554116346585,open,0.0,138.8,0.00011951,0.01496247,0.00050742,54.03,0.0005,0,BTC-12APR19-3375-P,4115.19,0.0,0.0,0.0,0.001,65.0,60.03,0.26736,-0.66407,-0.01888,0.0001,-0.01489
4115.19,index_price,1554116346579,open,0.0,1215.8,0.00208423,0.02352571,0.00176105,43.11,0.002,0,BTC-5APR19-4375-C,4115.19,41.45,0.0015,20.5,0.0025,32.9,47.25,0.67454,-3.7512,0.03748,0.00087,0.08754
143.99,ETH-27SEP19,1554116346586,open,0.05,1531.0,0.036772,0.156529,0.049878,68.05,0.05,0.0,ETH-27SEP19-100-P,141.37,66.33,0.047,265.0,0.053,80.0,69.88,0.24305,-0.04623,-0.14655,0.00352,-0.15781
143.99,ETH-27SEP19,1554116346608,open,0.0,120.0,0.0018,0.044266,0.004596,70.09,0.01,0.0,ETH-27SEP19-60-P,141.37,65.03,0.003,300.0,0.006,199.0,73.73,0.05128,-0.01005,-0.0182,0.00072,-0.0212
4077.65,BTC-27SEP19,1554116346622,open,0.04,704.4,0.03623474,0.08395623,0.0417898,56.75,0.0415,0.0,BTC-27SEP19-6000-C,4115.19,55.63,0.0395,7.2,0.044,15.7,57.8,8.44256,-1.33913,3.55253,0.00018,0.21956
143.99,ETH-27SEP19,1554116346614,open,0.0,120.0,0.0018,0.044266,0.004596,70.09,0.01,0.0,ETH-27SEP19-60-P,141.37,65.03,0.003,500.0,0.006,199.0,73.73,0.05128,-0.01005,-0.0182,0.00072,-0.0212
143.4,ETH-28JUN19,1554116346646,open,0.06,706.0,0.055706,0.160652,0.062612,63.83,0.06,0.0,ETH-28JUN19-170-C,141.37,62.95,0.061,117.0,0.065,53.0,65.15,0.26048,-0.0946,0.09904,0.00824,0.34949
4077.65,BTC-27SEP19,1554116346624,open,0.04,704.4,0.03623474,0.08395623,0.0417898,56.75,0.0415,0.0,BTC-27SEP19-6000-C,4115.19,55.63,0.0395,7.2,0.043,7.2,57.33,8.44256,-1.33913,3.55253,0.00018,0.21956
4115.19,index_price,1554116346658,open,0.01,19.1,0.00947561,0.05105601,0.00880859,43.64,0.0095,0,BTC-12APR19-3875-P,4115.19,41.95,0.008,6.7,0.01,0.5,46.05,1.99807,-4.00868,-0.25796,0.00091,-0.20157
143.4,ETH-28JUN19,1554116346660,open,0.03,1228.0,0.022315,0.111913,0.02807,64.56,0.03,0.0,ETH-28JUN19-200-C,141.37,64.5,0.028,136.0,0.03,74.0,66.01,0.18859,-0.06927,0.0546,0.0059,0.18623
4115.19,index_price,1554116346667,open,0.01,19.1,0.00947561,0.05105601,0.00880859,43.64,0.0095,0,BTC-12APR19-3875-P,4115.19,41.95,0.008,6.7,0.01,19.0,46.05,1.99807,-4.00868,-0.25796,0.00091,-0.20157
4115.19,index_price,1554116346678,open,0.03,1683.8,0.03300604,0.05876008,0.03313123,45.12,0.0315,0,BTC-26APR19-4250-C,4115.19,42.53,0.0305,6.9,0.0325,8.2,44.5,4.18821,-3.79858,1.07095,0.0008,0.41499
4115.19,index_price,1554116346680,open,0.03,1683.8,0.03300604,0.05876008,0.03313123,45.12,0.0315,0,BTC-26APR19-4250-C,4115.19,42.53,0.0305,7.9,0.0325,8.2,44.5,4.18821,-3.79858,1.07095,0.0008,0.41499
143.99,ETH-27SEP19,1554116346678,open,0.06,486.0,0.041914,0.208915,0.071563,73.34,0.055,0.0,ETH-27SEP19-220-C,141.37,66.61,0.056,269.0,0.062,60.0,69.27,0.34206,-0.07013,0.15047,0.00459,0.28473
4115.19,index_price,1554116346685,open,0.06,570.8,0.06152034,0.08664121,0.06107992,44.56,0.0605,0,BTC-26APR19-4000-C,4115.19,40.45,0.057,11.7,0.06,5.5,43.47,4.09455,-3.66709,1.56408,0.0008,0.61876
4115.19,index_price,1554116346686,open,0.06,570.8,0.06152034,0.08664121,0.06107992,44.56,0.0605,0,BTC-26APR19-4000-C,4115.19,41.46,0.058,1.0,0.06,5.5,43.47,4.09455,-3.66709,1.56408,0.0008,0.61876
4087.65,BTC-28JUN19,1554116346690,open,0.04,955.4,0.03127524,0.07404474,0.03586665,52.94,0.037,0.0,BTC-28JUN19-5000-C,4115.19,51.44,0.0335,7.1,0.0375,14.3,53.96,6.49576,-1.95663,2.19816,0.00031,0.25923
143.99,ETH-27SEP19,1554116346690,open,0.15,118.0,0.125414,0.303911,0.144132,66.68,0.166,0.0,ETH-27SEP19-160-C,141.37,65.22,0.14,202.0,0.146,20.0,67.37,0.40212,-0.07495,0.25329,0.00594,0.50301
143.4,ETH-28JUN19,1554116346711,open,0.14,496.0,0.127875,0.231574,0.135173,63.83,0.146,0.0,ETH-28JUN19-140-C,141.37,63.21,0.134,111.0,0.139,178.0,65.84,0.27317,-0.09921,0.15779,0.00864,0.5922
143.99,ETH-27SEP19,1554116346721,open,0.59,0.0,0.585105,0.62757,0.587233,68.12,,0.0,ETH-27SEP19-60-C,141.37,0.0,0.579,191.0,0.592,191.0,79.59,0.0468,-0.00891,0.27784,0.00068,0.98096
4115.19,index_price,1554116346724,open,0.12,6.0,0.12397788,0.1346307,0.12425919,53.83,0.1425,0,BTC-5APR19-4625-P,4115.19,0.0,0.1225,2.0,0.1285,2.0,88.67,0.1953,-1.35612,-0.48302,0.0002,-0.98114
4115.19,index_price,1554116346730,open,0.07,7.0,0.07296035,0.11696095,0.07204791,43.22,0.073,0,BTC-12APR19-4375-P,4115.19,40.09,0.0705,9.5,0.0775,3.0,53.31,2.0853,-4.14378,-1.04876,0.00096,-0.78326
141.37,index_price,1554116346727,open,0.0,100.0,0.0,0.001398,2.4e-05,80.01,0.001,0,ETH-5APR19-110-P,141.37,0.0,0.0,0.0,0.001,550.0,122.98,0.0005,-0.00337,-2e-05,0.00029,-0.00102
143.99,ETH-27SEP19,1554116346732,open,0.02,300.0,0.011322,0.092699,0.019311,69.19,0.026,0.0,ETH-27SEP19-80-P,141.37,66.73,0.017,300.0,0.021,85.0,70.9,0.13941,-0.02696,-0.06497,0.00198,-0.07275
143.99,ETH-27SEP19,1554116346735,open,0.02,300.0,0.011322,0.092699,0.019311,69.19,0.026,0.0,ETH-27SEP19-80-P,141.37,66.73,0.017,405.0,0.021,85.0,70.9,0.13941,-0.02696,-0.06497,0.00198,-0.07275
143.4,ETH-28JUN19,1554116346747,open,0.11,505.0,0.104165,0.207864,0.111531,63.83,0.113,0.0,ETH-28JUN19-140-P,141.37,63.59,0.111,89.0,0.113,41.0,64.64,0.27317,-0.09921,-0.17927,0.00864,-0.4078
143.99,ETH-27SEP19,1554116346767,open,0.02,350.0,0.004762,0.109182,0.015762,74.04,0.017,0.0,ETH-27SEP19-340-C,141.37,73.33,0.015,300.0,0.021,300.0,78.67,0.15125,-0.0313,0.04604,0.00201,0.08099
4077.65,BTC-27SEP19,1554116346770,open,0.01,863.9,0.00172093,0.01434885,0.00972491,69.77,0.009,0.0,BTC-27SEP19-10000-C,4115.19,68.82,0.009,10.7,0.0105,6.9,70.73,3.20447,-0.62493,0.91748,6e-05,0.05564
4115.19,index_price,1554116346772,open,0.0,413.4,0.00206162,0.02245998,0.00176828,43.24,0.002,0,BTC-5APR19-3875-P,4115.19,41.5,0.0015,31.6,0.0025,10.0,47.44,0.65991,-3.68082,-0.03792,0.00085,-0.08501
143.99,ETH-27SEP19,1554116346768,open,0.02,350.0,0.004762,0.109182,0.015762,74.04,0.017,0.0,ETH-27SEP19-340-C,141.37,73.33,0.015,300.0,0.018,133.0,76.12,0.15125,-0.0313,0.04604,0.00201,0.08099
4115.19,index_price,1554116346781,open,0.15,6.1,0.14997572,0.17083434,0.15013136,46.96,0.152,0,BTC-12APR19-3500-C,4115.19,0.0,0.145,3.0,0.1515,10.7,57.7,0.35527,-0.76708,1.01661,0.00015,0.97922
141.37,index_price,1554116346788,open,0.0,0.0,2.8e-05,0.00566,0.000396,79.98,,0,ETH-5APR19-170-C,141.37,0.0,0.0,0.0,0.001,300.0,91.71,0.00521,-0.05376,0.0002,0.00307,0.01403
4087.65,BTC-28JUN19,1554116346796,open,0.02,1148.9,0.01033754,0.03490113,0.01667729,57.59,0.0155,0.0,BTC-28JUN19-3000-P,4115.19,55.14,0.0145,6.3,0.018,42.9,59.02,3.7276,-1.22152,-1.22921,0.00016,-0.10823
4087.65,BTC-28JUN19,1554116346797,open,0.02,1148.9,0.01033754,0.03490113,0.01667729,57.59,0.0155,0.0,BTC-28JUN19-3000-P,4115.19,55.72,0.015,24.9,0.018,42.9,59.02,3.7276,-1.22152,-1.22921,0.00016,-0.10823
4077.65,BTC-27SEP19,1554116346810,open,0.04,704.4,0.03623474,0.08395623,0.0417898,56.75,0.0415,0.0,BTC-27SEP19-6000-C,4115.19,55.38,0.039,5.3,0.043,7.2,57.33,8.44256,-1.33913,3.55253,0.00018,0.21956
141.37,index_price,1554116346800,open,0.0,0.0,2.8e-05,0.00566,0.000396,79.98,,0,ETH-5APR19-170-C,141.37,0.0,0.0,0.0,0.001,550.0,91.71,0.00521,-0.05376,0.0002,0.00307,0.01403
143.4,ETH-28JUN19,1554116346816,open,0.0,1556.0,0.001941,0.032053,0.004565,69.75,0.005,0.0,ETH-28JUN19-80-P,141.37,64.54,0.003,472.0,0.006,127.0,73.69,0.04827,-0.01915,-0.01203,0.0014,-0.0303
4077.65,BTC-27SEP19,1554116346811,open,0.04,704.4,0.03623474,0.08395623,0.0417898,56.75,0.0415,0.0,BTC-27SEP19-6000-C,4115.19,55.38,0.039,12.5,0.043,7.2,57.33,8.44256,-1.33913,3.55253,0.00018,0.21956
4077.65,BTC-27SEP19,1554116346820,open,0.01,637.0,0.00300516,0.01446495,0.00709959,63.57,0.0075,0.0,BTC-27SEP19-2000-P,4115.19,63.38,0.007,5.0,0.008,4.0,65.22,2.16057,-0.38391,-0.8239,4e-05,-0.03413
143.4,ETH-28JUN19,1554116346818,open,0.0,1556.0,0.001941,0.032053,0.004565,69.75,0.005,0.0,ETH-28JUN19-80-P,141.37,64.54,0.003,472.0,0.006,377.0,73.69,0.04827,-0.01915,-0.01203,0.0014,-0.0303
143.4,ETH-28JUN19,1554116346824,open,0.0,1556.0,0.001941,0.032053,0.004565,69.75,0.005,0.0,ETH-28JUN19-80-P,141.37,64.54,0.003,422.0,0.006,377.0,73.69,0.04827,-0.01915,-0.01203,0.0014,-0.0303
4077.65,BTC-27SEP19,1554116346822,open,0.01,637.0,0.00300516,0.01446495,0.00709959,63.57,0.0075,0.0,BTC-27SEP19-2000-P,4115.19,63.38,0.007,5.0,0.008,23.5,65.22,2.16057,-0.38391,-0.8239,4e-05,-0.03413
143.4,ETH-28JUN19,1554116346826,open,0.0,1556.0,0.001941,0.032053,0.004565,69.75,0.005,0.0,ETH-28JUN19-80-P,141.37,64.54,0.003,672.0,0.006,377.0,73.69,0.04827,-0.01915,-0.01203,0.0014,-0.0303
143.4,ETH-28JUN19,1554116346832,open,0.04,767.0,0.030485,0.12616,0.036561,64.18,0.045,0.0,ETH-28JUN19-190-C,141.37,63.8,0.036,125.0,0.041,364.0,67.1,0.21409,-0.07818,0.06707,0.00674,0.23084
143.4,ETH-28JUN19,1554116346864,open,0.04,767.0,0.030485,0.12616,0.036561,64.18,0.045,0.0,ETH-28JUN19-190-C,141.37,63.8,0.036,125.0,0.039,65.0,65.8,0.21409,-0.07818,0.06707,0.00674,0.23084
4087.65,BTC-28JUN19,1554116346878,open,0.04,955.4,0.03127524,0.07404474,0.03586665,52.94,0.037,0.0,BTC-28JUN19-5000-C,4115.19,51.44,0.0335,19.4,0.0375,14.3,53.96,6.49576,-1.95663,2.19816,0.00031,0.25923
143.99,ETH-27SEP19,1554116346889,open,0.03,545.0,0.01393,0.148853,0.032265,73.37,0.032,0.0,ETH-27SEP19-280-C,141.37,69.37,0.026,310.0,0.034,300.0,74.44,0.23466,-0.04813,0.08286,0.00315,0.14965
143.4,ETH-28JUN19,1554116346890,open,0.81,0.0,0.816263,0.868663,0.820855,70.03,,0.0,ETH-28JUN19-260-P,141.37,0.0,0.02,1.0,0.0,0.0,0.0,0.08316,-0.03314,-0.60813,0.0024,-0.9406
143.99,ETH-27SEP19,1554116346890,open,0.03,545.0,0.01393,0.148853,0.032265,73.37,0.032,0.0,ETH-27SEP19-280-C,141.37,69.37,0.026,310.0,0.03,91.0,71.98,0.23466,-0.04813,0.08286,0.00315,0.14965
143.99,ETH-27SEP19,1554116346951,open,0.08,462.0,0.060602,0.235683,0.092857,72.92,0.075,0.0,ETH-27SEP19-200-C,141.37,65.92,0.075,251.0,0.085,251.0,69.89,0.37292,-0.07601,0.1807,0.00503,0.34886
143.99,ETH-27SEP19,1554116346953,open,0.08,462.0,0.060602,0.235683,0.092857,72.92,0.075,0.0,ETH-27SEP19-200-C,141.37,65.92,0.075,251.0,0.082,51.0,68.71,0.37292,-0.07601,0.1807,0.00503,0.34886
143.99,ETH-27SEP19,1554116346978,open,0.17,671.0,0.150546,0.319893,0.169833,67.22,0.183,0.0,ETH-27SEP19-140-P,141.37,65.76,0.166,142.0,0.177,142.0,69.88,0.38501,-0.07234,-0.39086,0.00564,-0.384
143.99,ETH-27SEP19,1554116346979,open,0.17,671.0,0.150546,0.319893,0.169833,67.22,0.183,0.0,ETH-27SEP19-140-P,141.37,65.76,0.166,142.0,0.171,37.0,67.63,0.38501,-0.07234,-0.39086,0.00564,-0.384
4077.65,BTC-27SEP19,1554116346985,open,0.01,863.9,0.00172093,0.01434885,0.00972491,69.77,0.009,0.0,BTC-27SEP19-10000-C,4115.19,68.82,0.009,10.7,0.0105,18.9,70.73,3.20447,-0.62493,0.91748,6e-05,0.05564
143.99,ETH-27SEP19,1554116346988,open,0.02,115.0,0.006783,0.120718,0.019351,73.38,0.022,0.0,ETH-27SEP19-320-C,141.37,71.38,0.017,300.0,0.024,300.0,77.05,0.17328,-0.03554,0.05496,0.00232,0.09721
143.99,ETH-27SEP19,1554116346989,open,0.02,115.0,0.006783,0.120718,0.019351,73.38,0.022,0.0,ETH-27SEP19-320-C,141.37,71.38,0.017,300.0,0.021,118.0,74.74,0.17328,-0.03554,0.05496,0.00232,0.09721
4087.65,BTC-28JUN19,1554116346998,open,0.02,1148.9,0.01033754,0.03490113,0.01667729,57.59,0.0155,0.0,BTC-28JUN19-3000-P,4115.19,55.14,0.0145,6.3,0.018,42.9,59.02,3.7276,-1.22152,-1.22921,0.00016,-0.10823
143.99,ETH-27SEP19,1554116346999,open,0.04,646.0,0.020068,0.166073,0.041889,73.37,0.039,0.0,ETH-27SEP19-260-C,141.37,68.4,0.033,295.0,0.042,295.0,73.43,0.26973,-0.05532,0.1015,0.00362,0.18573
