underlying_price,underlying_index,timestamp,state,settlement_price,open_interest,min_price,max_price,mark_price,mark_iv,last_price,interest_rate,instrument_name,index_price,bid_iv,best_bid_price,best_bid_amount,best_ask_price,best_ask_amount,ask_iv,vega,theta,rho,gamma,delta
168.78,ETH-28JUN19,1555066739991,open,0.01,61.0,0.000358,0.025497,0.009776,93.83,0.008,0.0,ETH-28JUN19-360-C,165.6,90.46,0.008,300.0,0.011,178.0,95.97,0.09386,-0.05728,0.01833,0.00167,0.06133
5078.52,BTC-27SEP19,1555066739994,open,0.17,31.3,0.13523513,0.36234989,0.18400083,64.56,0.1785,0.0,BTC-27DEC19-5500-C,5080.31,60.67,0.171,5.0,0.1795,5.0,63.21,16.92939,-2.11104,13.17684,0.00014,0.54983
168.77,ETH-28JUN19,1555066740000,open,0.07,1728.0,0.048959,0.14623,0.071867,73.57,0.064,0.0,ETH-28JUN19-200-C,165.6,70.17,0.066,249.0,0.074,300.0,74.81,0.29223,-0.13983,0.10569,0.00662,0.36917
168.77,ETH-28JUN19,1555066740006,open,0.03,1013.0,0.008476,0.074609,0.02612,79.66,0.023,0.0,ETH-28JUN19-260-C,165.6,77.73,0.024,120.0,0.028,289.0,81.33,0.18755,-0.09717,0.04717,0.00392,0.15882
5080.31,index_price,1555066740013,open,0.02,78.0,0.01131453,0.04351356,0.01483006,57.67,0.0165,0,BTC-19APR19-4875-P,5080.31,51.52,0.012,26.5,0.0155,4.2,59.1,2.37702,-9.96871,-0.28932,0.00085,-0.28748
168.77,ETH-28JUN19,1555066740016,open,0.18,489.0,0.16829,0.256932,0.192111,75.01,0.17,0.0,ETH-28JUN19-150-C,165.6,69.33,0.183,119.0,0.191,90.0,74.34,0.27067,-0.13206,0.17933,0.00601,0.69659
168.77,ETH-28JUN19,1555066740025,open,0.14,3706.0,0.113587,0.212554,0.134043,71.28,0.138,0.0,ETH-28JUN19-170-P,165.6,70.14,0.132,105.0,0.138,90.0,73.45,0.30592,-0.14183,-0.20541,0.00715,-0.44379
168.78,ETH-28JUN19,1555066740032,open,0.06,489.0,0.037135,0.130623,0.058754,73.82,0.094,0.0,ETH-28JUN19-210-C,165.6,70.9,0.054,254.0,0.061,103.0,75.2,0.27597,-0.1325,0.09187,0.00623,0.31718
168.77,ETH-28JUN19,1555066740047,open,0.18,4307.0,0.149481,0.249889,0.170749,71.64,0.143,0.0,ETH-28JUN19-180-P,165.6,70.14,0.168,114.0,0.175,90.0,73.96,0.30884,-0.14391,-0.2429,0.00719,-0.51258
5080.31,index_price,1555066740051,open,0.32,0.0,0.30405527,0.30749009,0.30513254,94.13,None,0,BTC-19APR19-6625-P,5080.31,0.0,0.001,0.3,0.385,0.1,316.15,0.38384,-2.62743,-1.22674,8e-05,-0.97672
168.78,ETH-28JUN19,1555066740049,open,0.03,831.0,0.015545,0.093228,0.037476,78.86,0.032,0.0,ETH-28JUN19-240-C,165.6,74.66,0.032,120.0,0.037,121.0,78.5,0.22587,-0.11585,0.06284,0.00477,0.21425
168.77,ETH-28JUN19,1555066740058,open,0.11,1952.0,0.082662,0.177753,0.102197,71.26,0.103,0.0,ETH-28JUN19-160-P,165.6,69.99,0.1,102.0,0.106,120.0,73.45,0.29294,-0.13577,-0.16854,0.00685,-0.37195
168.78,ETH-28JUN19,1555066740072,open,0.08,2936.0,0.057054,0.145688,0.080947,75.08,0.069,0.0,ETH-28JUN19-150-P,165.6,70.11,0.073,107.0,0.08,120.0,74.49,0.27069,-0.13218,-0.13663,0.00601,-0.3034
168.78,ETH-28JUN19,1555066740075,open,0.22,1746.0,0.189773,0.289489,0.213834,73.52,0.205,0.0,ETH-28JUN19-190-P,165.6,69.71,0.207,120.0,0.216,90.0,74.72,0.30392,-0.14532,-0.27947,0.00689,-0.57233
5080.31,index_price,1555066740108,open,0.29,0.0,0.27945263,0.28398249,0.28061792,89.62,None,0,BTC-19APR19-6500-P,5080.31,0.0,0.001,0.3,0.356,0.1,297.42,0.42204,-2.75036,-1.20061,0.0001,-0.97393
168.76,ETH-28JUN19,1555066740117,open,0.41,0.0,0.409766,0.441091,0.416686,79.12,None,0.0,ETH-28JUN19-100-C,165.6,67.86,0.412,30.0,0.421,30.0,87.11,0.08281,-0.04261,0.18874,0.00174,0.94768
168.76,ETH-28JUN19,1555066740122,open,0.81,0.0,0.7801,0.825809,0.793112,84.4,None,0.0,ETH-28JUN19-300-P,165.6,0.0,0.002,15.0,0.0,0.0,0.0,0.13417,-0.07365,-0.60242,0.00265,-0.90176
168.76,ETH-28JUN19,1555066740137,open,0.26,325.0,0.251769,0.32048,0.269021,75.51,0.325,0.0,ETH-28JUN19-130-C,165.6,69.48,0.262,30.0,0.27,30.0,76.33,0.2012,-0.09881,0.19685,0.00444,0.82285
165.6,index_price,1555066740141,open,0.0,0.030913,0.071874,0.037631,69.14,None,0,ETH-26APR19-160-P,165.6,69.64,0.038,30.0,0.042,200.0,75.04,0.12228,-0.30465,-0.02588,0.01696,-0.3735
168.76,ETH-28JUN19,1555066740151,open,0.52,0.0,0.526146,0.538548,0.52907,86.43,None,0.0,ETH-28JUN19-80-C,165.6,0.0,0.001,10.0,0.0,0.0,0.0,0.0355,-0.01996,0.16072,0.00068,0.98125
171.65,ETH-27SEP19,1555066740202,open,0.37,77.0,0.335918,0.414456,0.360698,75.3,0.368,0.0,ETH-27SEP19-120-C,165.6,72.53,0.356,30.0,0.368,30.0,79.52,0.29398,-0.06593,0.37093,0.00288,0.83054
168.76,ETH-28JUN19,1555066740202,open,1.16,0.0,1.133564,1.158692,1.142983,93.85,None,0.0,ETH-28JUN19-360-P,165.6,0.0,0.002,2.0,0.0,0.0,0.0,0.09386,-0.05729,-0.7399,0.00167,-0.93867
168.76,ETH-28JUN19,1555066740202,open,0.22,395.0,0.207379,0.287101,0.228187,75.17,0.215,0.0,ETH-28JUN19-140-C,165.6,68.61,0.219,30.0,0.228,30.0,75.04,0.23945,-0.11707,0.18988,0.00531,0.7624
171.65,ETH-27SEP19,1555066740202,open,0.54,0.0,0.53715,0.567758,0.548157,81.77,None,0.0,ETH-27SEP19-80-C,165.6,0.0,0.0,0.0,0.0,0.0,0.0,0.11828,-0.02881,0.31798,0.00107,0.95093
168.76,ETH-28JUN19,1555066740202,open,0.47,0.0,0.467466,0.488207,0.471692,80.96,None,0.0,ETH-28JUN19-90-C,165.6,0.0,0.001,10.0,0.0,0.0,0.0,0.05299,-0.0279,0.17705,0.00109,0.9698
165.6,index_price,1555066740253,open,0.0,8.8e-05,0.006427,0.001945,90.01,None,0,ETH-26APR19-120-P,165.6,0.0,0.0,0.0,0.002,250.0,90.46,0.02028,-0.06577,-0.00184,0.00216,-0.02724
171.65,ETH-27SEP19,1555066740279,open,0.3,155.0,0.256213,0.354545,0.286721,74.18,0.36,0.0,ETH-27SEP19-140-C,165.6,71.09,0.28,30.0,0.294,30.0,77.51,0.37434,-0.08271,0.36125,0.00372,0.7443
165.6,index_price,1555066740486,open,0.0,0.000729,0.014137,0.005352,87.69,None,0,ETH-26APR19-130-P,165.6,71.08,0.002,250.0,0.005,250.0,86.27,0.04175,-0.13192,-0.00453,0.00457,-0.06666
165.6,index_price,1555066740511,open,0.0,0.002891,0.027399,0.010234,82.0,None,0,ETH-26APR19-200-C,165.6,76.46,0.008,250.0,0.012,250.0,86.02,0.07029,-0.20768,0.00789,0.00822,0.13552
5075.67,BTC-28JUN19,1555066740868,open,0.36,0.1,0.36059434,0.36928691,0.3682746,68.12,0.395,0.0,BTC-28JUN19-3250-C,5080.19,0.0,0.0005,0.4,0.0,0.0,0.0,2.65736,-1.17732,6.14628,7e-05,0.94322
5078.66,BTC-27SEP19,1555066740868,open,0.01,343.2,0.00255631,0.01666817,0.00930458,69.31,0.0115,0.0,BTC-27SEP19-2500-P,5080.19,66.09,0.0075,20.7,0.011,10.0,72.05,3.00869,-0.62107,-1.16746,4e-05,-0.04068
5080.19,index_price,1555066740868,open,0.0,3.0,3.8e-06,0.00396128,0.00064277,82.76,0.0015,0,BTC-19APR19-4000-P,5080.19,79.84,0.0005,38.3,0.001,19.2,88.57,0.26905,-1.61915,-0.01529,7e-05,-0.01533
165.6,index_price,1555066740867,open,0.0,0.007391,0.039526,0.013317,72.59,None,0,ETH-26APR19-190-C,165.6,73.89,0.014,200.0,0.018,201.0,81.18,0.08588,-0.22463,0.01074,0.01135,0.18395
5078.66,BTC-27SEP19,1555066740869,open,0.7,42.8,0.70466875,0.70586584,0.70678552,86.67,0.6235,0.0,BTC-27SEP19-1500-C,5080.19,0.0,0.0015,0.3,0.0,0.0,0.0,0.83083,-0.21446,6.64063,1e-05,0.99108
5080.19,index_price,1555066740868,open,0.0,1361.0,2.124e-05,0.00187036,0.00166277,83.27,0.0015,0,BTC-26APR19-3750-P,5080.19,76.65,0.001,5.0,0.0015,10.1,81.83,0.5891,-1.76769,-0.05251,7e-05,-0.02553
5080.19,index_price,1555066740869,open,0.18,44.3,0.16069582,0.20786897,0.17419571,60.55,0.1515,0,BTC-31MAY19-5750-P,5080.19,0.0,0.0005,0.3,0.28,12.0,134.84,6.70782,-4.15529,-5.76301,0.00032,-0.67297
5078.66,BTC-27SEP19,1555066740869,open,0.61,0.0,0.60741733,0.66273177,0.61530651,70.68,None,0.0,BTC-27DEC19-2000-C,5080.19,0.0,0.0,0.0,0.0,0.0,0.0,3.00766,-0.41058,12.73234,2e-05,0.96878
5078.66,BTC-27SEP19,1555066740871,open,0.02,740.3,0.00637781,0.03765194,0.02400599,71.08,0.0225,0.0,BTC-27SEP19-10000-C,5080.19,69.97,0.0225,10.0,0.0245,10.0,71.44,6.97522,-1.47671,2.29172,8e-05,0.12212
5078.66,BTC-27SEP19,1555066740869,open,0.34,10.0,0.28641298,0.51767104,0.3350876,64.58,0.288,0.0,BTC-27DEC19-6000-P,5080.19,0.0,0.0005,0.3,0.339,5.0,65.75,17.05293,-2.12714,-30.57672,0.00014,-0.51379
5078.66,BTC-27SEP19,1555066740868,open,0.52,0.0,0.51328003,0.60183371,0.52532014,65.35,None,0.0,BTC-27DEC19-2500-C,5080.19,0.0,0.0,0.0,0.0,0.0,0.0,5.03011,-0.63489,14.97196,4e-05,0.94097
5078.54,BTC-27SEP19,1555066740870,open,0.02,153.8,0.00553668,0.09409446,0.01760505,65.38,0.0185,0.0,BTC-27DEC19-2500-P,5080.19,62.66,0.015,0.1,0.019,10.5,66.76,5.03368,-0.63561,-2.76223,4e-05,-0.05908
5080.19,index_price,1555066740868,open,0.01,123.7,0.00190307,0.01485632,0.00686255,67.11,0.008,0,BTC-26APR19-6000-C,5080.19,61.8,0.005,24.6,0.008,14.5,70.04,1.90881,-4.61605,0.20661,0.00029,0.11384
165.6,index_price,1555066740867,open,0.0,0.103993,0.14296,0.109952,69.18,None,0,ETH-26APR19-180-P,165.6,66.23,0.108,150.0,0.114,150.0,75.14,0.11068,-0.2759,-0.05156,0.01535,-0.7091
5080.19,index_price,1555066740871,open,0.05,16.8,0.05171122,0.08391348,0.0552451,57.71,0.05,0,BTC-19APR19-4875-C,5080.19,52.85,0.053,4.5,0.0565,3.6,60.37,2.37778,-9.97844,0.6288,0.00085,0.71231
5078.54,BTC-27SEP19,1555066740868,open,0.04,89.8,0.01612169,0.13928625,0.03614705,64.57,0.0335,0.0,BTC-27DEC19-3000-P,5080.19,61.19,0.031,10.0,0.0355,10.5,64.15,7.91048,-0.98656,-5.17415,7e-05,-0.1075
5078.54,BTC-27SEP19,1555066740871,open,0.06,72.5,0.03566108,0.19096929,0.06485085,64.57,0.058,0.0,BTC-27DEC19-3500-P,5080.19,60.11,0.0555,10.0,0.06,10.0,62.27,10.79946,-1.34687,-8.43839,9e-05,-0.16942
5080.19,index_price,1555066740868,open,0.16,1624.0,0.16459513,0.17428413,0.16813127,67.0,0.1555,0,BTC-26APR19-4250-C,5080.19,0.0,0.111,1.0,0.205,5.0,145.62,1.41902,-3.42596,1.45942,0.00022,0.92381
5078.54,BTC-27SEP19,1555066740869,open,0.25,9.9,0.22055476,0.42397859,0.26388133,64.56,0.283,0.0,BTC-27DEC19-4500-C,5080.19,49.98,0.2205,8.0,0.31,1.0,80.15,15.10049,-1.88305,15.32891,0.00013,0.68945
5078.54,BTC-27SEP19,1555066740870,open,0.07,19.5,0.03724406,0.25470996,0.07569925,64.7,0.0845,0.0,BTC-27DEC19-8000-C,5080.19,63.75,0.073,10.0,0.076,10.0,64.8,14.57381,-1.82116,7.61855,0.00012,0.28721
5078.54,BTC-27SEP19,1555066740874,open,0.0,1664.5,2.225e-05,0.0012195,0.00215414,86.76,0.002,0.0,BTC-27SEP19-1500-P,5080.19,77.93,0.001,15.0,0.0025,5.6,88.76,0.83456,-0.21565,-0.25979,1e-05,-0.00897
5078.54,BTC-27SEP19,1555066740874,open,0.28,239.2,0.26224949,0.31496225,0.27801055,62.05,0.3,0.0,BTC-27SEP19-4000-C,5080.19,0.0,0.162,0.1,0.2925,2.5,69.2,10.15454,-1.87669,11.76346,0.00014,0.78163
5075.67,BTC-28JUN19,1555066740874,open,0.0,780.5,0.0,5.17e-06,0.00098006,110.0,0.001,0.0,BTC-28JUN19-20000-C,5080.19,103.1,0.0005,10.0,0.0015,22.0,115.02,0.44653,-0.31946,0.06298,1e-05,0.00687
5080.19,index_price,1555066740871,open,0.01,80.3,0.00815821,0.03979274,0.0119714,59.02,0.012,0,BTC-19APR19-5375-C,5080.19,55.64,0.0105,10.0,0.013,4.2,61.33,2.24327,-9.62748,0.23347,0.00078,0.25594
5078.54,BTC-27SEP19,1555066740869,open,0.04,13.6,0.0079516,0.17664306,0.03672402,69.64,0.046,0.0,BTC-27DEC19-11000-C,5080.19,68.76,0.035,1.0,0.036,10.0,69.28,10.09523,-1.35788,4.18071,8e-05,0.15279
5080.19,index_price,1555066740871,open,0.01,0.6,0.00214752,0.02319674,0.01017603,68.03,0.0135,0,BTC-31MAY19-7250-C,5080.19,66.92,0.0095,20.0,0.0115,10.0,70.09,3.16809,-2.2047,0.58432,0.00013,0.09607
5080.19,index_price,1555066740868,open,0.08,64.1,0.0661895,0.09782404,0.06997771,58.96,0.031,0,BTC-19APR19-5375-P,5080.19,51.99,0.067,4.0,0.0705,4.7,60.14,2.24223,-9.61378,-0.77924,0.00078,-0.74429
5078.54,BTC-27SEP19,1555066740869,open,0.71,0.0,0.70476273,0.73252888,0.70905602,78.58,None,0.0,BTC-27DEC19-1500-C,5080.19,0.0,0.0,0.0,0.0,0.0,0.0,1.60695,-0.24389,9.9443,1e-05,0.98514
5080.19,index_price,1555066740873,open,0.4,5.9,0.40947091,0.40949639,0.40983542,109.58,0.4005,0,BTC-26APR19-3000-C,5080.19,0.0,0.0005,0.2,0.0,0.0,0.0,0.1446,-0.571,1.13,1e-05,0.99495
5080.19,index_price,1555066740868,open,0.17,4.0,0.15690655,0.17282395,0.15917457,68.83,0.103,0,BTC-19APR19-5875-P,5080.19,0.0,0.001,0.3,0.2695,0.3,308.73,0.91462,-4.57778,-1.04432,0.00027,-0.93209
5078.54,BTC-27SEP19,1555066740875,open,0.02,685.9,0.00176478,0.0195485,0.01439676,75.12,0.0155,0.0,BTC-27SEP19-12000-C,5080.19,72.52,0.012,15.0,0.016,10.0,76.73,4.92048,-1.1009,1.43684,6e-05,0.07591
5080.19,index_price,1555066740868,open,0.0,0.2,2.085e-05,0.00619664,0.00080697,76.04,0.0015,0,BTC-19APR19-4125-P,5080.19,70.77,0.0005,11.0,0.001,7.5,78.72,0.34171,-1.88956,-0.02019,9e-05,-0.02029
5078.54,BTC-27SEP19,1555066740869,open,0.0,42.1,0.00012321,0.02788936,0.00442697,78.61,0.006,0.0,BTC-27DEC19-1500-P,5080.19,66.28,0.0015,10.0,0.0075,10.0,86.89,1.60917,-0.24433,-0.69566,1e-05,-0.01489
5080.19,index_price,1555066740872,open,0.5,0.0,0.50789242,0.50789265,0.50792266,114.13,None,0,BTC-26APR19-2500-C,5080.19,0.0,0.0005,0.2,0.0,0.0,0.0,0.01719,-0.07069,0.94939,0.0,0.99951
5078.54,BTC-27SEP19,1555066740870,open,0.06,54.6,0.02214215,0.2241224,0.05639246,65.82,0.0675,0.0,BTC-27DEC19-9000-C,5080.19,64.67,0.0535,10.5,0.0575,10.0,66.26,12.83037,-1.6311,6.07666,0.00011,0.2251
5080.19,index_price,1555066740871,open,0.0,131.0,0.00045374,0.01637114,0.00274908,68.98,0.004,0,BTC-19APR19-5875-C,5080.19,60.96,0.0015,5.9,0.0035,3.7,72.87,0.91937,-4.61169,0.0628,0.00027,0.06837
5080.19,index_price,1555066740869,open,0.0,233.8,0.0,2.3e-07,1.861e-05,110.0,0.0005,0,BTC-26APR19-2500-P,5080.19,0.0,0.0,0.0,0.001,30.2,163.29,0.01166,-0.04622,-0.00066,0.0,-0.00032
5080.19,index_price,1555066740871,open,0.0,459.9,0.00065066,0.00926897,0.00455438,71.11,0.004,0,BTC-26APR19-6250-C,5080.19,64.99,0.003,26.8,0.0055,10.0,74.31,1.43096,-3.66674,0.13997,0.00021,0.07703
5080.19,index_price,1555066740872,open,0.22,0.0,0.20063158,0.24394378,0.21458066,62.31,None,0,BTC-31MAY19-6000-P,5080.19,0.0,0.0005,0.3,0.0,0.0,0.0,6.13521,-3.91064,-6.43253,0.00028,-0.73101
5080.19,index_price,1555066740871,open,0.15,72.0,0.13687009,0.1550361,0.14282021,63.54,0.09,0,BTC-26APR19-5750-P,5080.19,0.0,0.1,0.1,0.255,12.0,220.89,2.54564,-5.82832,-1.87071,0.00041,-0.82583
5080.19,index_price,1555066740871,open,0.0,76.7,5.771e-05,0.00336081,0.00259041,80.97,0.0025,0,BTC-26APR19-6750-C,5080.19,73.78,0.0015,8.4,0.0035,14.7,85.67,0.89831,-2.62096,0.07727,0.00011,0.0426
5080.19,index_price,1555066740871,open,0.21,0.0,0.21263167,0.21658915,0.21328925,83.1,None,0,BTC-19APR19-4000-C,5080.19,0.0,0.001,0.3,0.0,0.0,0.0,0.27407,-1.6563,0.73788,7e-05,0.98434
5080.19,index_price,1555066740927,open,0.0,347.6,0.00020234,0.00564377,0.00353933,76.87,0.003,0,BTC-26APR19-6500-C,5080.19,71.85,0.0025,4.8,0.0045,14.5,80.83,1.15332,-3.19474,0.10572,0.00015,0.05828
165.6,index_price,1555066740985,open,0.15,247.0,0.155167,0.165257,0.156557,74.82,0.207,0,ETH-19APR19-140-C,165.6,0.0,0.154,50.0,0.16,141.0,94.17,0.02186,-0.11893,0.02488,0.00566,0.95418
165.6,index_price,1555066740990,open,0.01,655.0,0.00698,0.031086,0.013152,76.21,0.012,0,ETH-19APR19-180-C,165.6,70.87,0.011,101.0,0.015,70.0,80.56,0.06871,-0.3808,0.00671,0.01745,0.22819
165.6,index_price,1555066741004,open,0.09,613.0,0.098584,0.118411,0.101931,71.88,0.085,0,ETH-19APR19-150-C,165.6,68.7,0.101,67.0,0.105,77.0,80.96,0.05213,-0.27246,0.02345,0.01404,0.85366
165.6,index_price,1555066741009,open,0.0,651.0,0.000339,0.009795,0.004108,92.01,0.005,0,ETH-19APR19-200-C,165.6,79.23,0.002,390.0,0.005,76.0,96.31,0.03255,-0.21781,0.00225,0.00685,0.07616
165.6,index_price,1555066741011,open,0.21,94.0,0.21501,0.218763,0.215397,79.97,0.2,0,ETH-19APR19-130-C,165.6,0.0,0.212,50.0,0.219,79.0,116.56,0.00705,-0.04102,0.0241,0.00171,0.98809
165.6,index_price,1555066741015,open,0.02,120.0,0.021667,0.051329,0.02779,71.57,0.028,0,ETH-19APR19-170-C,165.6,70.05,0.027,89.0,0.032,258.0,79.38,0.08855,-0.46086,0.01204,0.02395,0.41378
165.6,index_price,1555066741020,open,0.01,386.0,0.001738,0.017873,0.006627,82.6,0.008,0,ETH-19APR19-190-C,165.6,72.2,0.004,360.0,0.008,122.0,87.28,0.0465,-0.27931,0.00366,0.0109,0.1239
165.6,index_price,1555066741025,open,0.0,231.0,1e-06,0.001264,0.000929,110.01,0.001,0,ETH-19APR19-230-C,165.6,0.0,0.0,0.0,0.002,230.0,123.56,0.00999,-0.07995,0.00053,0.00176,0.01786
165.6,index_price,1555066741026,open,0.03,694.0,0.018155,0.046391,0.02402,71.69,0.019,0,ETH-19APR19-160-P,165.6,63.72,0.02,262.0,0.024,92.0,71.69,0.08374,-0.43657,-0.01151,0.02261,-0.34501
165.6,index_price,1555066741032,open,0.05,386.0,0.051972,0.080207,0.057836,71.8,0.057,0,ETH-19APR19-160-C,165.6,70.08,0.057,85.0,0.062,255.0,79.92,0.08376,-0.43735,0.01862,0.02258,0.65481
165.6,index_price,1555066741038,open,0.06,502.0,0.048237,0.077899,0.05436,71.46,0.05,0,ETH-19APR19-170-P,165.6,63.34,0.05,212.0,0.054,74.0,70.85,0.08854,-0.46006,-0.01999,0.02399,-0.58642
165.6,index_price,1555066741049,open,0.27,0.0,0.275363,0.276382,0.276057,109.62,None,0,ETH-19APR19-120-C,165.6,0.0,0.272,50.0,0.279,92.0,144.05,0.00778,-0.06205,0.02217,0.00137,0.98665
5078.66,BTC-27SEP19,1555066741089,open,0.11,694.8,0.08367577,0.15313529,0.10545555,62.26,0.0995,0.0,BTC-27SEP19-6000-C,5080.19,60.58,0.101,5.0,0.1095,5.0,63.78,13.51068,-2.5053,7.51365,0.00018,0.42712
165.6,index_price,1555066741096,open,0.0,325.0,7e-06,0.002593,0.001746,107.41,0.006,0,ETH-19APR19-220-C,165.6,98.46,0.001,139.0,0.003,272.0,118.13,0.01629,-0.12722,0.00094,0.00294,0.03194
165.6,index_price,1555066741164,open,0.15,247.0,0.155167,0.165257,0.156557,74.82,0.207,0,ETH-19APR19-140-C,165.6,0.0,0.154,50.0,0.16,151.0,94.17,0.02186,-0.11893,0.02488,0.00566,0.95418
165.6,index_price,1555066741171,open,0.01,655.0,0.00698,0.031086,0.013152,76.21,0.012,0,ETH-19APR19-180-C,165.6,70.87,0.011,101.0,0.015,72.0,80.56,0.06871,-0.3808,0.00671,0.01745,0.22819
165.6,index_price,1555066741187,open,0.11,363.0,0.093937,0.118043,0.100109,76.06,0.093,0,ETH-19APR19-180-P,165.6,63.04,0.095,50.0,0.098,70.0,70.98,0.06862,-0.37951,-0.02721,0.01747,-0.77235
165.6,index_price,1555066741203,open,0.09,613.0,0.098584,0.118411,0.101931,71.88,0.085,0,ETH-19APR19-150-C,165.6,68.7,0.101,68.0,0.105,77.0,80.96,0.05213,-0.27246,0.02345,0.01404,0.85366
165.6,index_price,1555066741205,open,0.09,613.0,0.098584,0.118411,0.101931,71.88,0.085,0,ETH-19APR19-150-C,165.6,68.7,0.101,68.0,0.105,83.0,80.96,0.05213,-0.27246,0.02345,0.01404,0.85366
165.6,index_price,1555066741211,open,0.0,651.0,0.000339,0.009795,0.004108,92.01,0.005,0,ETH-19APR19-200-C,165.6,79.23,0.002,390.0,0.005,77.0,96.31,0.03255,-0.21781,0.00225,0.00685,0.07616
165.6,index_price,1555066741213,open,0.21,94.0,0.21501,0.218763,0.215397,79.97,0.2,0,ETH-19APR19-130-C,165.6,0.0,0.212,50.0,0.219,86.0,116.56,0.00705,-0.04102,0.0241,0.00171,0.98809
165.6,index_price,1555066741218,open,0.02,120.0,0.021667,0.051329,0.02779,71.57,0.028,0,ETH-19APR19-170-C,165.6,70.05,0.027,89.0,0.032,261.0,79.38,0.08855,-0.46086,0.01204,0.02395,0.41378
165.6,index_price,1555066741222,open,0.01,386.0,0.001738,0.017873,0.006627,82.6,0.008,0,ETH-19APR19-190-C,165.6,72.2,0.004,360.0,0.008,124.0,87.28,0.0465,-0.27931,0.00366,0.0109,0.1239
165.6,index_price,1555066741226,open,0.4,120.0,0.38889,0.390153,0.389817,108.58,0.386,0,ETH-19APR19-230-P,165.6,0.0,0.385,50.0,0.394,89.0,146.77,0.00938,-0.0741,-0.04284,0.00167,-0.98341
165.6,index_price,1555066741230,open,0.03,694.0,0.018155,0.046391,0.02402,71.69,0.019,0,ETH-19APR19-160-P,165.6,63.72,0.02,265.0,0.024,92.0,71.69,0.08374,-0.43657,-0.01151,0.02261,-0.34501
165.6,index_price,1555066741234,open,0.03,694.0,0.018155,0.046391,0.02402,71.69,0.019,0,ETH-19APR19-160-P,165.6,63.72,0.02,265.0,0.024,91.0,71.69,0.08374,-0.43657,-0.01151,0.02261,-0.34501
165.6,index_price,1555066741238,open,0.05,386.0,0.051972,0.080207,0.057836,71.8,0.057,0,ETH-19APR19-160-C,165.6,70.08,0.057,85.0,0.062,259.0,79.92,0.08376,-0.43735,0.01862,0.02258,0.65481
165.6,index_price,1555066741242,open,0.06,502.0,0.048237,0.077899,0.05436,71.46,0.05,0,ETH-19APR19-170-P,165.6,63.34,0.05,216.0,0.054,74.0,70.85,0.08854,-0.46006,-0.01999,0.02399,-0.58642
165.6,index_price,1555066741246,open,0.06,502.0,0.048237,0.077899,0.05436,71.46,0.05,0,ETH-19APR19-170-P,165.6,63.34,0.05,216.0,0.054,73.0,70.85,0.08854,-0.46006,-0.01999,0.02399,-0.58642
165.6,index_price,1555066741262,open,0.27,0.0,0.275363,0.276382,0.276057,109.62,None,0,ETH-19APR19-120-C,165.6,0.0,0.272,50.0,0.279,102.0,144.05,0.00778,-0.06205,0.02217,0.00137,0.98665
5078.66,BTC-27SEP19,1555066741272,open,0.0,409.3,0.00039516,0.00580083,0.00429912,75.65,0.0065,0.0,BTC-27SEP19-2000-P,5080.19,72.96,0.0035,15.0,0.006,16.2,80.53,1.60282,-0.36113,-0.54629,2e-05,-0.01909
5080.19,index_price,1555066741293,open,0.15,60.2,0.1242339,0.17414844,0.1389947,60.56,0.1355,0,BTC-31MAY19-5500-P,5080.19,56.66,0.1335,9.6,0.147,4.0,66.18,7.19263,-4.45583,-5.01178,0.00034,-0.59774
5080.19,index_price,1555066741452,open,0.01,0.0,0.00316267,0.02312229,0.00948924,64.55,None,0,BTC-31MAY19-3750-P,5080.19,60.71,0.0075,48.0,0.0105,7.3,66.37,2.7706,-1.82969,-0.61056,0.00012,-0.08026
5075.67,BTC-28JUN19,1555066741453,open,0.11,211.8,0.08340143,0.12829573,0.10200921,60.34,0.105,0.0,BTC-28JUN19-5000-P,5080.19,58.94,0.0995,5.7,0.105,5.0,62.01,9.12196,-3.57991,-5.61886,0.00028,-0.4236
5078.66,BTC-27SEP19,1555066741466,open,0.14,88.1,0.10662637,0.31004641,0.1499906,64.58,0.1405,0.0,BTC-27DEC19-4500-P,5080.19,58.36,0.1315,15.0,0.14,5.0,61.22,15.10045,-1.88342,-16.58799,0.00013,-0.31053
5078.54,BTC-27SEP19,1555066741468,open,0.14,257.4,0.1133518,0.18353751,0.13444587,61.8,0.1325,0.0,BTC-27SEP19-5500-C,5080.19,60.15,0.13,5.0,0.138,5.0,63.11,13.73774,-2.52859,8.71864,0.00019,0.50771
5078.66,BTC-27SEP19,1555066741471,open,0.11,694.8,0.08367577,0.15313529,0.10545555,62.26,0.0995,0.0,BTC-27SEP19-6000-C,5080.19,60.58,0.101,5.0,0.109,5.0,63.59,13.51068,-2.5053,7.51365,0.00018,0.42712
5078.54,BTC-27SEP19,1555066741473,open,0.1,31.4,0.06269423,0.29149433,0.10727259,64.57,0.102,0.0,BTC-27DEC19-7000-C,5080.19,62.28,0.1,10.0,0.104,10.0,63.54,16.22006,-2.02269,9.64848,0.00014,0.37514
5080.19,index_price,1555066741474,open,0.02,0.9,0.00726814,0.03480955,0.01562851,62.76,0.0155,0,BTC-31MAY19-4000-P,5080.19,59.84,0.0135,28.0,0.0165,4.4,63.91,3.80299,-2.44159,-0.94909,0.00018,-0.12389
5080.19,index_price,1555066741475,open,0.02,874.5,0.01187742,0.03517322,0.01923199,61.89,0.0155,0,BTC-26APR19-5500-C,5080.19,58.42,0.017,9.9,0.0195,1.0,62.3,3.30531,-7.37146,0.49403,0.00054,0.27504
5080.19,index_price,1555066741822,open,0.1,30.9,0.0870072,0.11491524,0.08989685,58.94,0.103,0,BTC-19APR19-5500-P,5080.19,51.65,0.0875,4.0,0.095,4.0,72.21,1.78655,-7.65768,-0.87712,0.00062,-0.82665
5075.67,BTC-28JUN19,1555066741825,open,0.14,96.9,0.11573879,0.15819822,0.1426439,60.9,0.1385,0.0,BTC-28JUN19-4750-C,5080.19,59.64,0.1405,5.0,0.1455,7.2,62.57,8.65538,-3.42823,5.39085,0.00026,0.64692
5080.19,index_price,1555066741844,open,0.07,74.8,0.05846433,0.08517153,0.06544872,59.28,0.079,0,BTC-26APR19-5250-P,5080.19,56.04,0.063,12.0,0.0665,4.8,60.67,3.85135,-8.22694,-1.26519,0.00066,-0.58966
5078.63,BTC-27SEP19,1555066741867,open,0.35,261.1,0.33511828,0.37536707,0.34833279,63.32,0.38,0.0,BTC-27SEP19-3500-C,5079.64,0.0,0.161,1.0,0.359,3.0,70.16,7.65497,-1.4436,11.95866,0.0001,0.8603
5075.57,BTC-28JUN19,1555066741868,open,0.01,78.2,0.00090415,0.00959785,0.00858591,68.12,0.0085,0.0,BTC-28JUN19-3250-P,5079.64,63.86,0.0065,42.0,0.0105,25.2,71.6,2.65765,-1.17746,-0.69891,7e-05,-0.05679
5078.63,BTC-27SEP19,1555066741869,open,0.25,0.0,0.23027225,0.28815683,0.24620504,61.28,None,0.0,BTC-27SEP19-4250-C,5079.64,0.0,0.0005,0.3,0.2615,2.5,68.16,11.22178,-2.04824,11.48138,0.00015,0.73774
5075.02,BTC-28JUN19,1555066741870,open,0.0,590.5,7.9e-07,0.00022227,0.00252388,102.07,0.001,0.0,BTC-28JUN19-2000-P,5079.64,89.25,0.001,10.3,0.003,6.8,104.98,0.78679,-0.52231,-0.1674,1e-05,-0.01314
5075.02,BTC-28JUN19,1555066741870,open,0.2,2.5,0.18294648,0.21575311,0.20349306,61.19,0.166,0.0,BTC-28JUN19-4250-C,5079.64,0.0,0.1,1.0,0.209,2.5,65.19,6.89636,-2.74458,6.16219,0.00021,0.78
5078.08,BTC-27SEP19,1555066741870,open,0.43,227.1,0.4186176,0.44515417,0.42858098,65.42,0.456,0.0,BTC-27SEP19-3000-C,5079.64,0.0,0.135,0.1,0.0,0.0,0.0,5.0981,-0.99338,11.48797,7e-05,0.92045
5078.08,BTC-27SEP19,1555066741868,open,0.04,23.2,0.00294823,0.14198888,0.0300245,75.4,0.035,0.0,BTC-27DEC19-13000-C,5079.64,70.34,0.022,20.0,0.037,10.0,79.28,8.67686,-1.26359,3.32842,6e-05,0.12244
5079.64,index_price,1555066741868,open,0.18,0.2,0.18795555,0.19414066,0.18884863,77.54,0.206,0,BTC-19APR19-4125-C,5079.64,0.0,0.0005,10.3,0.0,0.0,0.0,0.36942,-2.08297,0.75488,0.0001,0.97775
5078.08,BTC-27SEP19,1555066741873,open,0.2,11.0,0.17520287,0.24074285,0.19356769,61.26,0.221,0.0,BTC-27SEP19-4750-C,5079.64,60.05,0.1905,4.6,0.2025,13.5,64.79,12.83726,-2.34222,10.51424,0.00018,0.64375
5079.64,index_price,1555066741868,open,0.0,3055.5,4e-08,0.00014259,0.00068358,102.08,0.0015,0,BTC-26APR19-3250-P,5079.64,98.01,0.0005,10.1,0.001,9.0,107.63,0.25372,-0.93326,-0.01977,3e-05,-0.00956
5079.64,index_price,1555066741868,open,0.12,8.0,0.10954558,0.13329079,0.11237137,61.9,0.0845,0,BTC-19APR19-5625-P,5079.64,0.0,0.0005,10.3,0.2295,0.3,297.78,1.4228,-6.40478,-0.94626,0.00047,-0.87654
5079.64,index_price,1555066741868,open,0.03,958.2,0.0249993,0.05170207,0.03204721,59.37,0.027,0,BTC-26APR19-5250-C,5079.64,55.33,0.029,11.3,0.034,19.3,61.94,3.85055,-8.23716,0.73017,0.00066,0.41017
5078.08,BTC-27SEP19,1555066741868,open,0.37,5.8,0.34643983,0.50176703,0.37566616,64.59,0.385,0.0,BTC-27DEC19-3500-C,5079.64,0.0,0.255,1.0,0.0,0.0,0.0,10.80116,-1.34738,16.38184,9e-05,0.83051
5079.64,index_price,1555066741869,open,0.21,486.7,0.212744,0.21744584,0.21504553,73.45,0.2145,0,BTC-26APR19-4000-C,5079.64,0.0,0.2,1.0,0.2205,1.6,96.11,0.86923,-2.30045,1.43679,0.00012,0.95909
5079.64,index_price,1555066741868,open,0.03,71.6,0.02325964,0.05881864,0.02738472,57.56,0.023,0,BTC-19APR19-5125-C,5079.64,54.11,0.0255,6.0,0.0285,3.9,59.6,2.77394,-11.61111,0.42438,0.00099,0.47089
5078.08,BTC-27SEP19,1555066741870,open,0.31,34.5,0.27804289,0.46051013,0.31532569,64.58,0.3375,0.0,BTC-27DEC19-4000-C,5079.64,0.0,0.0,0.0,0.0,0.0,0.0,13.25326,-1.65303,16.06486,0.00011,0.76137
5079.64,index_price,1555066741870,open,0.55,0.0,0.55705522,0.55705523,0.55711608,137.81,0.429,0,BTC-26APR19-2250-C,5079.64,0.0,0.0005,1.2,0.0,0.0,0.0,0.02641,-0.13114,0.85374,0.0,0.99922
5078.08,BTC-27SEP19,1555066741870,open,0.2,33.8,0.17327182,0.39140957,0.22044908,64.58,0.2245,0.0,BTC-27DEC19-5000-C,5079.64,49.92,0.173,8.0,0.301,13.0,90.07,16.30837,-2.03413,14.32088,0.00014,0.61807
5079.64,index_price,1555066741868,open,0.12,5.1,0.10764759,0.15477427,0.12141422,60.36,0.13,0,BTC-31MAY19-4750-C,5079.64,58.18,0.1185,4.9,0.1255,5.2,63.41,6.80595,-4.20279,3.66776,0.00033,0.66064
5078.08,BTC-27SEP19,1555066741869,open,0.01,34.4,0.00122301,0.05655166,0.00913313,70.71,0.013,0.0,BTC-27DEC19-2000-P,5079.64,68.73,0.008,13.0,0.01,10.0,72.14,3.01133,-0.41126,-1.45507,2e-05,-0.03127
5079.64,index_price,1555066741870,open,0.2,0.0,0.18308409,0.19602468,0.18789274,66.72,None,0,BTC-26APR19-6000-P,5079.64,0.0,0.001,0.3,0.0,0.0,0.0,1.8889,-4.54162,-2.07722,0.00029,-0.8878
168.75,ETH-28JUN19,1555066741878,open,0.58,0.0,0.549209,0.615324,0.566769,79.6,None,0.0,ETH-28JUN19-260-P,165.58,0.0,0.002,15.0,0.0,0.0,0.0,0.18727,-0.09695,-0.50053,0.00392,-0.84151
171.66,ETH-27SEP19,1555066741878,open,1.05,0.0,0.991496,1.067258,1.018443,80.52,None,0.0,ETH-27SEP19-340-P,165.58,0.0,0.002,1.0,1.036,1.0,90.19,0.28776,-0.06901,-1.46418,0.00264,-0.83607
168.75,ETH-28JUN19,1555066741878,open,2.0,0.0,1.962967,1.969377,1.967531,109.4,None,0.0,ETH-28JUN19-500-P,165.58,0.0,0.002,2.0,0.0,0.0,0.0,0.04964,-0.03532,-1.04479,0.00076,-0.97208
171.66,ETH-27SEP19,1555066741878,open,0.65,0.0,0.650837,0.662916,0.655717,87.63,None,0.0,ETH-27SEP19-60-C,165.58,0.0,0.0,0.0,0.0,0.0,0.0,0.05497,-0.01435,0.25649,0.00046,0.98058
168.75,ETH-28JUN19,1555066741878,open,0.31,26.0,0.300852,0.357181,0.314065,75.84,0.191,0.0,ETH-28JUN19-120-C,165.58,69.09,0.308,30.0,0.318,30.0,79.92,0.15883,-0.07834,0.1996,0.00349,0.87567
171.66,ETH-27SEP19,1555066741878,open,1.85,0.0,1.797457,1.834074,1.814788,89.86,None,0.0,ETH-27SEP19-480-P,165.58,0.0,0.0,0.0,0.0,0.0,0.0,0.17857,-0.04779,-2.1565,0.00147,-0.91661
171.66,ETH-27SEP19,1555066741879,open,0.21,230.0,0.190535,0.30985,0.226046,73.22,0.211,0.0,ETH-27SEP19-180-P,165.58,71.34,0.221,113.0,0.232,90.0,75.45,0.45905,-0.10011,-0.5253,0.00463,-0.43929
168.75,ETH-28JUN19,1555066741878,open,1.4,0.0,1.37047,1.387298,1.377814,98.68,None,0.0,ETH-28JUN19-400-P,165.58,0.0,0.002,2.0,0.0,0.0,0.0,0.07543,-0.04841,-0.82858,0.00127,-0.95345
168.75,ETH-28JUN19,1555066741879,open,0.69,0.0,0.663814,0.719094,0.679821,82.84,None,0.0,ETH-28JUN19-280-P,165.58,0.0,0.002,15.0,0.0,0.0,0.0,0.16098,-0.08673,-0.55199,0.00324,-0.87325
165.58,index_price,1555066741878,open,0.0,0.215612,0.229034,0.220331,88.04,None,0,ETH-26APR19-130-C,165.58,77.61,0.218,50.0,0.224,50.0,100.75,0.04212,-0.13363,0.04483,0.00459,0.93256
168.75,ETH-28JUN19,1555066741879,open,0.93,0.0,0.897581,0.935115,0.909808,88.43,None,0.0,ETH-28JUN19-320-P,165.58,0.0,0.002,15.0,0.0,0.0,0.0,0.12024,-0.06916,-0.64866,0.00227,-0.91526
171.66,ETH-27SEP19,1555066741879,open,1.39,0.0,1.334376,1.390091,1.356337,84.41,None,0.0,ETH-27SEP19-400-P,165.58,0.0,0.0,0.0,0.0,0.0,0.0,0.22834,-0.0574,-1.76824,0.002,-0.88329
171.66,ETH-27SEP19,1555066741879,open,0.45,0.0,0.430583,0.485138,0.448441,77.51,None,0.0,ETH-27SEP19-100-C,165.58,72.73,0.443,30.0,0.456,30.0,83.7,0.20189,-0.0466,0.35779,0.00192,0.90162
171.66,ETH-27SEP19,1555066741879,open,1.27,1.0,1.219411,1.281246,1.242943,83.12,1.285,0.0,ETH-27SEP19-380-P,165.58,0.0,0.001,200.0,0.0,0.0,0.0,0.24586,-0.06086,-1.66846,0.00218,-0.87032
168.75,ETH-28JUN19,1555066741879,open,0.36,10.0,0.353861,0.397374,0.363308,76.53,0.265,0.0,ETH-28JUN19-110-C,165.58,69.88,0.359,30.0,0.368,30.0,82.93,0.11693,-0.05821,0.19727,0.00255,0.91834
171.66,ETH-27SEP19,1555066741880,open,1.62,0.0,1.565463,1.610618,1.5848,87.08,None,0.0,ETH-27SEP19-440-P,165.58,0.0,0.0,0.0,0.0,0.0,0.0,0.19989,-0.05184,-1.96413,0.00169,-0.90295
165.58,index_price,1555066741878,open,0.0,0.00365,0.027019,0.00799,73.94,None,0,ETH-26APR19-140-P,165.58,68.13,0.006,300.0,0.01,250.0,79.24,0.06,-0.15986,-0.00731,0.00778,-0.10822
165.58,index_price,1555066741878,open,0.0,0.012349,0.046106,0.020055,73.93,None,0,ETH-26APR19-150-P,165.58,72.11,0.019,30.0,0.021,200.0,75.54,0.09666,-0.25749,-0.01538,0.01254,-0.22433
165.58,index_price,1555066741878,open,2.0,0.017008,0.055962,0.022997,69.23,0.025,0,ETH-26APR19-180-C,165.58,70.72,0.024,200.0,0.03,200.0,79.45,0.11065,-0.27601,0.01685,0.01534,0.29076
165.58,index_price,1555066741879,open,0.0,0.21076,0.235249,0.217956,81.67,None,0,ETH-26APR19-200-P,165.58,56.45,0.21,50.0,0.218,50.0,81.77,0.06983,-0.2055,-0.06821,0.0082,-0.86574
171.66,ETH-27SEP19,1555066741893,open,1.16,0.0,1.10504,1.173566,1.130038,81.69,None,0.0,ETH-27SEP19-360-P,165.58,0.0,0.0,0.0,1.144,1.0,90.04,0.26487,-0.06444,-1.56753,0.00239,-0.85538
165.58,index_price,1555066741898,open,0.0,0.106442,0.1402,0.114258,74.11,None,0,ETH-26APR19-150-C,165.58,73.67,0.114,50.0,0.116,1.0,77.07,0.09677,-0.25845,0.0416,0.01253,0.77521
5075.57,BTC-28JUN19,1555066742200,open,0.03,241.6,0.01571781,0.04389449,0.02827889,62.01,0.026,0.0,BTC-28JUN19-4000-P,5079.64,60.43,0.0265,20.1,0.03,0.1,63.52,5.75434,-2.32097,-2.0531,0.00017,-0.16378
5079.64,index_price,1555066742662,open,0.03,34.8,0.01955315,0.06285428,0.03354385,62.35,0.034,0,BTC-31MAY19-6000-C,5079.64,59.37,0.03,10.0,0.0345,11.0,63.14,6.135,-3.91325,1.60174,0.00028,0.26903
5078.08,BTC-27SEP19,1555066742704,open,0.05,80.7,0.01321738,0.19840475,0.04402602,67.39,0.042,0.0,BTC-27DEC19-10000-C,5079.64,66.01,0.041,10.5,0.0445,10.0,67.6,11.27361,-1.46729,4.94534,9e-05,0.18133
5079.64,index_price,1555066742705,open,0.02,428.1,0.01373044,0.03660289,0.01996293,60.1,0.014,0,BTC-26APR19-4750-P,5079.64,57.0,0.018,16.0,0.022,17.2,63.27,3.2376,-7.01186,-0.54829,0.00055,-0.26397
5079.64,index_price,1555066742707,open,0.08,18.2,0.0647494,0.11493835,0.07887091,59.83,0.0825,0,BTC-31MAY19-5000-P,5079.64,57.48,0.0755,5.4,0.083,5.4,62.71,7.29421,-4.46451,-3.44723,0.00035,-0.42793
5075.09,BTC-28JUN19,1555066742715,open,0.01,925.7,0.00065946,0.00720577,0.00717084,74.92,0.008,0.0,BTC-28JUN19-3000-P,5079.64,74.52,0.007,20.0,0.0075,15.3,75.67,2.1869,-1.06562,-0.55204,5e-05,-0.04447
5078.21,BTC-27SEP19,1555066742820,open,0.44,0.0,0.42536808,0.54854586,0.44543134,64.59,None,0.0,BTC-27DEC19-3000-C,5079.64,0.0,0.0,0.0,0.0,0.0,0.0,7.91347,-0.98726,16.09969,7e-05,0.89243
165.58,index_price,1555066742850,open,0.01,655.0,0.006961,0.03105,0.013152,76.24,0.012,0,ETH-19APR19-180-C,165.58,70.93,0.011,102.0,0.015,72.0,80.62,0.06866,-0.38068,0.0067,0.01744,0.22794
5075.09,BTC-28JUN19,1555066742867,open,0.41,43.8,0.40953694,0.41608325,0.41611587,75.08,0.433,0.0,BTC-28JUN19-3000-C,5078.52,0.0,0.0005,0.3,0.0,0.0,0.0,2.19743,-1.07299,5.76295,5e-05,0.95526
5075.09,BTC-28JUN19,1555066742867,open,0.01,848.1,0.00014299,0.00438711,0.00571084,78.35,0.0055,0.0,BTC-28JUN19-10000-C,5078.52,72.38,0.0035,32.0,0.0075,30.0,82.21,2.16669,-1.10414,0.4089,5e-05,0.04396
5075.09,BTC-28JUN19,1555066742867,open,0.51,24.4,0.50744297,0.50913519,0.51093898,84.3,0.5115,0.0,BTC-28JUN19-2500-C,5078.52,0.0,0.0005,1.0,0.0,0.0,0.0,1.19933,-0.6576,4.9977,3e-05,0.97849
5078.21,BTC-27SEP19,1555066742867,open,0.51,57.5,0.5102586,0.52437527,0.51704616,69.37,0.389,0.0,BTC-27SEP19-2500-C,5078.52,0.0,0.001,0.4,0.0,0.0,0.0,3.01536,-0.623,10.32733,4e-05,0.95921
5075.09,BTC-28JUN19,1555066742868,open,0.0,333.9,3.256e-05,0.00213622,0.00424963,82.79,0.003,0.0,BTC-28JUN19-11000-C,5078.52,76.62,0.0025,32.0,0.0055,20.0,86.24,1.69091,-0.91048,0.30139,4e-05,0.03245
5075.09,BTC-28JUN19,1555066742868,open,0.03,1408.7,0.00980625,0.03776399,0.02447925,64.62,0.0235,0.0,BTC-28JUN19-7000-C,5078.52,63.36,0.023,10.0,0.025,65.4,65.06,5.99625,-2.52032,1.60518,0.00017,0.17465
5075.09,BTC-28JUN19,1555066742868,open,0.61,20.1,0.60591911,0.60614056,0.60848692,102.36,0.578,0.0,BTC-28JUN19-2000-C,5078.52,0.0,0.0005,1.0,0.0,0.0,0.0,0.79542,-0.52953,4.0427,1e-05,0.9867
5073.97,BTC-28JUN19,1555066742868,open,1.78,1.3,1.75918106,1.75943897,1.76007492,84.66,2.415,0.0,BTC-28JUN19-14000-P,5078.52,0.0,0.0,0.0,0.0,0.0,0.0,0.49936,-0.27496,-29.41273,1e-05,-0.9922
5078.52,index_price,1555066742868,open,0.31,33.6,0.31082411,0.31141028,0.31210999,95.23,0.3345,0,BTC-26APR19-3500-C,5078.52,0.0,0.0005,0.2,0.0,0.0,0.0,0.43756,-1.50146,1.29338,5e-05,0.98204
5078.52,index_price,1555066742867,open,0.15,7.4,0.1332368,0.15284587,0.13618692,66.88,0.15,0,BTC-19APR19-5750-P,5078.52,0.0,0.001,0.3,0.2495,0.2,303.25,1.18374,-5.75718,-0.99548,0.00036,-0.90438
5073.97,BTC-28JUN19,1555066742869,open,0.7,33.3,0.7043735,0.70438268,0.70516819,111.78,0.7165,0.0,BTC-28JUN19-1500-C,5078.52,0.0,0.0005,1.0,0.0,0.0,0.0,0.29082,-0.21143,3.10544,0.0,0.99576
5078.21,BTC-27SEP19,1555066742868,open,0.66,0.0,0.61259222,0.83005083,0.65092996,64.66,None,0.0,BTC-27DEC19-8000-P,5078.52,0.0,0.0,0.0,0.0,0.0,0.0,14.56634,-1.81911,-49.12702,0.00012,-0.71306
5078.52,index_price,1555066742867,open,0.0,134.9,0.00018538,0.01279744,0.00222372,73.36,0.0025,0,BTC-19APR19-6000-C,5078.52,68.03,0.0015,1.5,0.003,4.2,78.09,0.76608,-4.08675,0.04969,0.00021,0.05417
5078.21,BTC-27SEP19,1555066742867,open,1.03,0.3,0.98241692,1.1676086,1.01304934,67.31,1.4475,0.0,BTC-27DEC19-10000-P,5078.52,0.0,0.1,0.3,0.0,0.0,0.0,11.25706,-1.46347,-65.98893,9e-05,-0.81911
5078.21,BTC-27SEP19,1555066742868,open,1.22,0.0,1.17406632,1.34274629,1.20270429,69.58,None,0.0,BTC-27DEC19-11000-P,5078.52,0.0,0.0,0.0,0.0,0.0,0.0,10.07777,-1.35426,-73.84575,8e-05,-0.84759
5078.52,index_price,1555066742868,open,0.0,18.8,7.232e-05,0.00996522,0.00154233,75.09,0.002,0,BTC-19APR19-6125-C,5078.52,69.75,0.001,6.0,0.0025,15.4,82.27,0.5842,-3.18996,0.03551,0.00016,0.03866
5078.21,BTC-27SEP19,1555066742868,open,0.03,2.7,0.0018214,0.12811474,0.02659859,77.25,0.0215,0.0,BTC-27DEC19-14000-C,5078.52,71.98,0.019,20.1,0.0335,10.0,81.39,7.9727,-1.18952,2.95661,6e-05,0.10869
5073.97,BTC-28JUN19,1555066742869,open,1.19,5.7,1.16796012,1.17006018,1.1714512,80.5,1.142,0.0,BTC-28JUN19-11000-P,5078.52,0.0,0.0005,0.4,0.0,0.0,0.0,1.49958,-0.7851,-22.90562,3e-05,-0.97192
5078.21,BTC-27SEP19,1555066742867,open,0.49,0.0,0.44111789,0.66991441,0.48560451,64.54,None,0.0,BTC-27DEC19-7000-P,5078.52,0.0,0.0,0.0,0.0,0.0,0.0,16.21646,-2.02136,-40.00243,0.00014,-0.62505
5078.52,index_price,1555066742868,open,0.0,6.7,3.08e-06,0.00451029,0.00116775,89.71,0.003,0,BTC-19APR19-6500-C,5078.52,79.4,0.0005,8.3,0.0015,6.6,93.41,0.42138,-2.74906,0.02378,0.0001,0.02603
5078.52,index_price,1555066742867,open,0.11,137.0,0.0948012,0.11806382,0.10186254,61.46,0.1035,0,BTC-26APR19-5500-P,5078.52,56.16,0.0985,4.0,0.106,4.0,67.72,3.28884,-7.28389,-1.60127,0.00055,-0.72754
5078.52,index_price,1555066742867,open,0.02,12.1,0.00542965,0.03479117,0.01539904,64.96,0.015,0,BTC-31MAY19-6750-C,5078.52,62.57,0.0135,20.0,0.017,12.0,66.88,4.14643,-2.75551,0.85076,0.00018,0.1405
5073.97,BTC-28JUN19,1555066742870,open,1.39,10.0,1.36501935,1.36605718,1.36734733,82.81,1.243,0.0,BTC-28JUN19-12000-P,5078.52,0.0,0.0005,0.4,0.0,0.0,0.0,1.07913,-0.58121,-25.09617,2e-05,-0.98101
5078.52,index_price,1555066742867,open,0.27,0.0,0.26477279,0.28476822,0.27132985,64.95,None,0,BTC-31MAY19-3750-C,5078.52,0.0,0.0005,0.2,0.0,0.0,0.0,2.8025,-1.86198,4.40087,0.00012,0.91847
5078.52,index_price,1555066742867,open,0.36,25.7,0.36004981,0.360193,0.36094399,105.88,0.351,0,BTC-26APR19-3250-C,5078.52,0.0,0.152,1.0,0.0,0.0,0.0,0.3035,-1.15793,1.21111,3e-05,0.98826
5078.52,index_price,1555066742867,open,0.27,0.0,0.2436434,0.28241303,0.25570499,62.5,None,0,BTC-31MAY19-6250-P,5078.52,0.0,0.0005,0.3,0.0,0.0,0.0,5.41298,-3.46101,-7.08514,0.00025,-0.78616
5073.97,BTC-28JUN19,1555066742871,open,0.6,24.8,0.57921314,0.5952236,0.58929165,68.16,0.525,0.0,BTC-28JUN19-8000-P,5078.52,0.0,0.0005,0.4,0.0,0.0,0.0,3.99476,-1.77093,-15.94832,0.00011,-0.90306
5073.97,BTC-28JUN19,1555066742871,open,0.8,6.6,0.7743728,0.78278343,0.78183852,73.38,0.704,0.0,BTC-28JUN19-9000-P,5078.52,0.0,0.0005,0.4,0.0,0.0,0.0,2.86683,-1.36822,-18.37317,7e-05,-0.93742
5078.21,BTC-27SEP19,1555066742867,open,0.27,17.2,0.21827114,0.4453902,0.26701013,64.55,0.2505,0.0,BTC-27DEC19-5500-P,5078.52,0.0,0.0,0.0,0.2685,5.0,65.0,16.9287,-2.11069,-25.8332,0.00014,-0.45024
5073.97,BTC-28JUN19,1555066742871,open,1.98,2.0,1.9562651,1.95639556,1.95707283,88.53,2.658,0.0,BTC-28JUN19-15000-P,5078.52,0.0,0.0,0.0,0.0,0.0,0.0,0.44543,-0.25647,-31.52813,1e-05,-0.99315
5073.97,BTC-28JUN19,1555066742872,open,0.28,30.0,0.26655612,0.28643166,0.28061417,63.93,0.298,0.0,BTC-28JUN19-3750-C,5078.52,0.0,0.0005,0.3,0.0,0.0,0.0,4.64541,-1.93149,6.41043,0.00013,0.88047
5078.52,index_price,1555066742869,open,0.01,49.6,0.00432913,0.0321789,0.00728167,59.16,0.0075,0,BTC-19APR19-5500-C,5078.52,55.39,0.006,13.8,0.0075,4.0,59.78,1.78542,-7.68091,0.15879,0.00062,0.17327
5078.52,index_price,1555066742870,open,0.26,225.9,0.26161741,0.26347602,0.2635018,85.21,0.282,0,BTC-26APR19-3750-C,5078.52,0.0,0.0005,0.2,0.0,0.0,0.0,0.63926,-1.96273,1.36754,8e-05,0.97184
5073.97,BTC-28JUN19,1555066742872,open,0.99,43.0,0.97098587,0.97522347,0.97589408,76.77,0.89,0.0,BTC-28JUN19-10000-P,5078.52,0.0,0.0005,0.5,0.0,0.0,0.0,2.01043,-1.00379,-20.68735,5e-05,-0.95991
5073.97,BTC-28JUN19,1555066742872,open,0.04,68.0,0.0204206,0.05324851,0.04082653,61.07,0.0355,0.0,BTC-28JUN19-4250-P,5078.52,59.35,0.0385,19.6,0.0425,10.0,62.3,6.89396,-2.73849,-2.78685,0.00021,-0.21995
5078.52,index_price,1555066742869,open,0.0,2172.6,1.27e-06,0.00058744,0.0010606,92.44,0.0015,0,BTC-26APR19-3500-P,5078.52,83.21,0.0005,14.3,0.0015,10.5,97.58,0.38692,-1.28877,-0.03208,4e-05,-0.01556
5078.21,BTC-27SEP19,1555066742871,open,1.62,0.0,1.56290586,1.70195098,1.58981553,75.3,None,0.0,BTC-27DEC19-13000-P,5078.52,0.0,0.0,0.0,0.0,0.0,0.0,8.65372,-1.25857,-88.88472,6e-05,-0.87803
5078.21,BTC-27SEP19,1555066742873,open,0.31,0.0,0.29719576,0.34397471,0.31187825,62.65,None,0.0,BTC-27SEP19-3750-C,5078.52,0.0,0.0005,0.3,0.0,0.0,0.0,8.94848,-1.66978,11.93305,0.00012,0.82279
5078.52,index_price,1555066742871,open,0.45,10.2,0.45850366,0.45850679,0.45877867,122.12,0.006,0,BTC-26APR19-2750-C,5078.52,0.0,0.0005,0.2,0.0,0.0,0.0,0.10452,-0.45997,1.03811,1e-05,0.99648
5078.52,index_price,1555066742868,open,0.15,4.7,0.14012823,0.18212572,0.15296442,61.22,0.147,0,BTC-31MAY19-4500-C,5078.52,58.27,0.1495,5.5,0.1565,5.3,64.2,5.9948,-3.75452,4.01085,0.00028,0.74276
5073.97,BTC-28JUN19,1555066742873,open,0.32,147.1,0.31442537,0.33045688,0.32434064,67.2,0.3395,0.0,BTC-28JUN19-3500-C,5078.52,0.0,0.037,0.1,0.374,0.2,117.4,3.69286,-1.61408,6.2889,0.0001,0.91282
5078.52,index_price,1555066742867,open,0.0,295.4,0.0,0.0,1.9e-07,109.96,0.0005,0,BTC-26APR19-2000-P,5078.52,0.0,0.0,0.0,0.0005,86.3,192.93,0.00019,-0.00077,-1e-05,0.0,0.0
5078.52,index_price,1555066742868,open,0.01,27.4,0.00260216,0.02566807,0.00500771,59.96,0.006,0,BTC-19APR19-4625-P,5078.52,54.06,0.0035,30.0,0.005,4.5,59.94,1.38978,-6.06023,-0.11906,0.00048,-0.11945
5078.52,index_price,1555066742872,open,0.01,384.0,0.00473038,0.02114635,0.0097123,62.56,0.012,0,BTC-26APR19-4500-P,5078.52,59.79,0.0085,16.0,0.0105,4.7,64.3,2.27043,-5.11861,-0.3012,0.00037,-0.1463
5078.52,index_price,1555066742871,open,0.0,18.2,9.324e-05,0.00934526,0.00128869,72.07,0.0005,0,BTC-19APR19-4250-P,5078.52,61.77,0.0005,10.6,0.001,5.1,68.93,0.50229,-2.6324,-0.03199,0.00014,-0.03216
5078.52,index_price,1555066742872,open,0.0,53.6,2.665e-05,0.00770373,0.00173784,83.29,0.0015,0,BTC-19APR19-6250-C,5078.52,75.9,0.001,10.0,0.002,4.4,85.44,0.59242,-3.58817,0.03596,0.00015,0.03933
5077.09,BTC-27SEP19,1555066742872,open,1.41,0.0,1.3683717,1.52152797,1.392036,70.14,None,0.0,BTC-27DEC19-12000-P,5078.52,0.0,0.0,0.0,0.0,0.0,0.0,8.69469,-1.1778,-81.71218,7e-05,-0.87717
5078.52,index_price,1555066742871,open,0.18,0.0,0.17776909,0.21298993,0.18840162,61.73,None,0,BTC-31MAY19-4250-C,5078.52,0.0,0.0005,0.2,0.0,0.0,0.0,4.93895,-3.11917,4.26996,0.00023,0.8163
5078.52,index_price,1555066742873,open,0.31,0.0,0.31199396,0.3252864,0.31699779,68.25,None,0,BTC-31MAY19-3500-C,5078.52,0.0,0.0005,0.2,0.0,0.0,0.0,2.01111,-1.40421,4.28349,9e-05,0.94688
5078.52,index_price,1555066742871,open,0.07,15.7,0.07048921,0.09858177,0.07358935,58.77,0.065,0,BTC-19APR19-4750-C,5078.52,52.99,0.0715,4.9,0.075,3.9,62.45,1.90552,-8.14351,0.7023,0.00067,0.8077
5078.52,index_price,1555066742874,open,0.0,0.0,9.7e-07,0.00341787,0.00107769,94.23,None,0,BTC-19APR19-6625-C,5078.52,84.6,0.0005,1.0,0.0015,22.9,99.25,0.38327,-2.62622,0.02121,8e-05,0.02325
5077.09,BTC-27SEP19,1555066742873,open,0.41,0.0,0.36140662,0.59291935,0.40820431,64.48,None,0.0,BTC-27DEC19-6500-P,5078.52,0.0,0.002,0.3,0.4145,5.0,66.39,16.7733,-2.08902,-35.32396,0.00014,-0.57277
5078.52,index_price,1555066742872,open,0.0,74.0,1.502e-05,0.0019514,0.00209493,86.01,0.004,0,BTC-26APR19-7000-C,5078.52,76.72,0.001,29.7,0.0025,3.2,88.64,0.74067,-2.29545,0.06091,9e-05,0.03364
5077.09,BTC-27SEP19,1555066742886,open,1.62,0.0,1.56346647,1.70247303,1.58981553,74.98,None,0.0,BTC-27DEC19-13000-P,5078.52,0.0,0.0,0.0,0.0,0.0,0.0,8.57078,-1.24119,-88.92348,6e-05,-0.87965
5078.52,index_price,1555066742887,open,0.13,0.0,0.13886453,0.15204761,0.14049215,67.58,None,0,BTC-19APR19-4375-C,5078.52,0.0,0.0005,10.4,0.0,0.0,0.0,0.70811,-3.47994,0.77533,0.00022,0.95094
5078.52,index_price,1555066742905,open,0.19,0.0,0.18163194,0.19424401,0.1832819,70.65,None,0,BTC-19APR19-6000-P,5078.52,0.0,0.001,0.3,0.2405,0.1,219.25,0.68819,-3.53547,-1.08671,0.0002,-0.95266
5078.52,index_price,1555066742908,open,0.0,37.5,9.3e-06,0.0059142,0.00111812,83.28,0.0035,0,BTC-19APR19-6375-C,5078.52,74.05,0.0005,9.2,0.001,10.0,81.84,0.4302,-2.60545,0.02446,0.00011,0.02668
5078.52,index_price,1555066742914,open,0.34,0.0,0.32912768,0.33170178,0.32952771,87.18,None,0,BTC-19APR19-6750-P,5078.52,0.0,0.001,0.3,0.416,0.1,337.76,0.18934,-1.2003,-1.26214,4e-05,-0.98978
165.58,index_price,1555066742859,open,0.11,363.0,0.094049,0.118138,0.100109,75.93,0.093,0,ETH-19APR19-180-P,165.58,62.73,0.095,50.0,0.098,73.0,70.71,0.06848,-0.3781,-0.02724,0.01746,-0.77313
5078.52,index_price,1555066742919,open,0.32,0.0,0.30451489,0.30793178,0.30516277,87.59,None,0,BTC-19APR19-6625-P,5078.52,0.0,0.001,0.3,0.3865,0.1,318.38,0.27499,-1.75152,-1.23356,6e-05,-0.98427
165.58,index_price,1555066742921,open,0.0,272.0,5.3e-05,0.005131,0.002213,96.96,0.007,0,ETH-19APR19-210-C,165.58,84.9,0.001,391.0,0.003,100.0,102.71,0.02068,-0.14578,0.00127,0.00413,0.04277
5078.52,index_price,1555066742926,open,0.02,874.5,0.01180851,0.03507114,0.01922587,62.01,0.0155,0,BTC-26APR19-5500-C,5078.52,57.75,0.0165,9.9,0.0195,1.0,62.43,3.30158,-7.37739,0.49302,0.00054,0.2746
5078.52,index_price,1555066742926,open,0.27,0.0,0.25529628,0.26120118,0.25599245,77.69,None,0,BTC-19APR19-6375-P,5078.52,0.0,0.001,0.3,0.3275,0.1,278.65,0.32027,-1.80933,-1.18358,8e-05,-0.9812
165.58,index_price,1555066742926,open,0.09,613.0,0.098488,0.118334,0.101931,72.02,0.085,0,ETH-19APR19-150-C,165.58,69.01,0.101,71.0,0.105,83.0,81.2,0.05229,-0.27387,0.02342,0.01406,0.85294
5077.09,BTC-27SEP19,1555066742929,open,0.25,9.9,0.22042053,0.42389006,0.26389263,64.61,0.283,0.0,BTC-27DEC19-4500-C,5078.52,49.86,0.22,8.0,0.31,1.0,80.19,15.09984,-1.88427,15.31789,0.00013,0.68928
5078.52,index_price,1555066742935,open,0.22,0.0,0.20613235,0.21602526,0.2072059,71.33,None,0,BTC-19APR19-6125-P,5078.52,0.0,0.001,0.3,0.269,0.1,238.47,0.48874,-2.53528,-1.12513,0.00014,-0.96889
5078.52,index_price,1555066742947,open,0.01,39.4,0.00117112,0.01446357,0.0059484,67.68,0.0075,0,BTC-31MAY19-3500-P,5078.52,62.14,0.004,22.0,0.0065,4.7,69.06,1.97344,-1.36626,-0.39317,8e-05,-0.05187
5078.52,index_price,1555066742947,open,0.29,0.0,0.27990353,0.28441073,0.28064745,83.91,None,0,BTC-19APR19-6500-P,5078.52,0.0,0.001,0.3,0.357,0.1,298.69,0.31614,-1.92901,-1.20744,8e-05,-0.98148
5078.52,index_price,1555066742953,open,0.0,3.0,2.9e-07,0.0025744,0.00083725,96.1,0.0015,0,BTC-19APR19-6750-C,5078.52,89.65,0.0005,1.0,0.001,9.2,98.59,0.31225,-2.18211,0.01666,7e-05,0.01825
5073.97,BTC-28JUN19,1555066742956,open,2.97,0.4,2.94168669,2.94169184,2.94134662,0.0,5.076,0.0,BTC-28JUN19-20000-P,5078.52,0.0,0.0,0.0,0.0,0.0,0.0,0.0,0.0,-42.12367,0.0,-1.0
5078.52,index_price,1555066742954,open,0.24,0.0,0.23070016,0.23837723,0.23200679,79.55,None,0,BTC-19APR19-6250-P,5078.52,0.0,0.001,0.3,0.2985,0.1,259.25,0.5055,-2.92412,-1.14762,0.00013,-0.9676
5078.52,index_price,1555066742964,open,0.11,6.8,0.11492783,0.13282779,0.11667824,61.8,0.1145,0,BTC-19APR19-4500-C,5078.52,45.43,0.1145,5.1,0.1175,3.8,65.94,0.9463,-4.25279,0.77711,0.00032,0.92898
165.58,index_price,1555066742957,open,0.21,94.0,0.214916,0.218675,0.215397,81.03,0.2,0,ETH-19APR19-130-C,165.58,0.0,0.212,50.0,0.219,82.0,117.13,0.00753,-0.04437,0.02407,0.0018,0.98715
165.58,index_price,1555066742984,open,0.02,120.0,0.021622,0.051279,0.027789,71.61,0.028,0,ETH-19APR19-170-C,165.58,70.14,0.027,91.0,0.032,261.0,79.46,0.08852,-0.46098,0.01203,0.02393,0.41337
5078.52,index_price,1555066742987,open,0.34,0.0,0.32912768,0.33170178,0.32952771,87.18,None,0,BTC-19APR19-6750-P,5078.52,0.0,0.001,0.3,0.4165,0.1,338.74,0.18934,-1.2003,-1.26214,4e-05,-0.98978
5078.52,index_price,1555066742992,open,0.04,43.9,0.02876619,0.07591371,0.04236819,60.64,0.0445,0,BTC-31MAY19-5750-C,5078.52,59.22,0.0405,10.0,0.0445,3.9,62.25,6.70401,-4.15883,1.9345,0.00032,0.32684
165.58,index_price,1555066742988,open,0.03,694.0,0.018196,0.046443,0.02402,71.65,0.019,0,ETH-19APR19-160-P,165.58,63.64,0.02,264.0,0.024,91.0,71.61,0.08377,-0.43642,-0.01152,0.02264,-0.34539
165.58,index_price,1555066742995,open,0.03,694.0,0.018196,0.046443,0.02402,71.65,0.019,0,ETH-19APR19-160-P,165.58,63.64,0.02,264.0,0.024,93.0,71.61,0.08377,-0.43642,-0.01152,0.02264,-0.34539
5077.09,BTC-27SEP19,1555066742998,open,0.25,9.9,0.22042053,0.42389006,0.26389263,64.61,0.283,0.0,BTC-27DEC19-4500-C,5078.52,49.86,0.22,8.0,0.3095,1.0,80.02,15.09984,-1.88427,15.31789,0.00013,0.68928
5078.52,index_price,1555066743001,open,0.32,0.0,0.30451489,0.30793178,0.30516277,87.59,None,0,BTC-19APR19-6625-P,5078.52,0.0,0.001,0.3,0.387,0.1,319.37,0.27499,-1.75152,-1.23356,6e-05,-0.98427
165.58,index_price,1555066743000,open,0.05,386.0,0.051896,0.080142,0.057836,71.88,0.057,0,ETH-19APR19-160-C,165.58,70.22,0.057,87.0,0.062,259.0,80.05,0.0838,-0.438,0.0186,0.02257,0.65425
165.58,index_price,1555066743005,open,0.06,502.0,0.048317,0.077973,0.054359,71.38,0.05,0,ETH-19APR19-170-P,165.58,63.19,0.05,216.0,0.054,75.0,70.71,0.0885,-0.45938,-0.02001,0.024,-0.58703
5073.97,BTC-28JUN19,1555066743007,open,0.24,367.6,0.22742474,0.25563215,0.24020559,62.19,0.235,0.0,BTC-28JUN19-4000-C,5078.52,0.0,0.065,2.5,0.2435,2.5,65.05,5.7699,-2.33391,6.36132,0.00017,0.83546
5078.52,index_price,1555066743009,open,0.27,0.0,0.25529628,0.26120118,0.25599245,77.69,None,0,BTC-19APR19-6375-P,5078.52,0.0,0.001,0.3,0.328,0.1,279.64,0.32027,-1.80933,-1.18358,8e-05,-0.9812
165.58,index_price,1555066743009,open,0.27,0.0,0.275276,0.276297,0.276057,110.51,None,0,ETH-19APR19-120-C,165.58,0.0,0.272,50.0,0.279,97.0,144.71,0.00809,-0.065,0.02215,0.00142,0.98604
5077.09,BTC-27SEP19,1555066743014,open,0.84,0.0,0.79478166,0.99671955,0.8285608,65.64,None,0.0,BTC-27DEC19-9000-P,5078.52,0.0,0.0,0.0,0.0,0.0,0.0,12.78702,-1.62116,-57.78356,0.00011,-0.77613
5078.52,index_price,1555066743015,open,0.22,0.0,0.20613235,0.21602526,0.2072059,71.33,None,0,BTC-19APR19-6125-P,5078.52,0.0,0.001,0.3,0.2695,0.1,239.46,0.48874,-2.53528,-1.12513,0.00014,-0.96889
165.58,index_price,1555066743014,open,0.01,297.0,0.004395,0.024241,0.007728,71.67,0.004,0,ETH-19APR19-150-P,165.58,62.32,0.005,250.0,0.007,86.0,69.32,0.05204,-0.27123,-0.0048,0.01406,-0.146
165.58,index_price,1555066743018,open,0.0,325.0,7e-06,0.002588,0.001746,107.43,0.006,0,ETH-19APR19-220-C,165.58,98.49,0.001,140.0,0.003,272.0,118.17,0.01627,-0.12712,0.00094,0.00293,0.03191
5078.52,index_price,1555066743018,open,0.29,0.0,0.27990353,0.28441073,0.28064745,83.91,None,0,BTC-19APR19-6500-P,5078.52,0.0,0.001,0.3,0.3575,0.1,299.68,0.31614,-1.92901,-1.20744,8e-05,-0.98148
5078.21,BTC-27SEP19,1555066743022,open,0.23,15.2,0.19638637,0.26657253,0.21743048,61.78,0.2155,0.0,BTC-27SEP19-5500-P,5078.52,57.0,0.2045,0.2,0.2275,3.0,65.5,13.73692,-2.52763,-16.57909,0.00019,-0.4924
5073.97,BTC-28JUN19,1555066743036,open,1.58,0.8,1.56209801,1.56261321,1.56331048,82.19,2.171,0.0,BTC-28JUN19-13000-P,5078.52,0.0,0.07,1.0,0.0,0.0,0.0,0.65127,-0.34816,-27.28042,1e-05,-0.98943
5077.09,BTC-27SEP19,1555066743049,open,0.3,2.2,0.26535956,0.33481183,0.28697655,62.17,0.8415,0.0,BTC-27SEP19-6000-P,5078.52,58.44,0.277,0.2,0.2975,3.0,66.15,13.50239,-2.49999,-20.09161,0.00018,-0.57353
5077.09,BTC-27SEP19,1555066743055,open,0.17,779.6,0.15190136,0.21987033,0.17080007,61.18,0.1695,0.0,BTC-27SEP19-5000-C,5078.52,60.11,0.168,10.1,0.1765,5.0,63.35,13.33241,-2.42945,9.94089,0.00018,0.59651
5078.52,index_price,1555066743063,open,0.04,39.5,0.03231528,0.06787169,0.03625502,57.11,0.04,0,BTC-19APR19-5125-P,5078.52,51.26,0.033,4.4,0.0365,3.5,57.67,2.77249,-11.51457,-0.54233,0.001,-0.5307
5078.52,index_price,1555066743085,open,0.09,0.2,0.09190377,0.11496968,0.09452336,61.05,0.0855,0,BTC-19APR19-4625-C,5078.52,50.46,0.092,4.9,0.0955,4.9,64.13,1.42163,-6.3109,0.74815,0.00048,0.87664
5078.21,BTC-27SEP19,1555066743088,open,0.03,16.5,0.0156382,0.04904284,0.02724658,64.2,0.0225,0.0,BTC-27SEP19-3250-P,5078.52,63.6,0.0265,5.5,0.0285,10.0,65.2,6.34745,-1.21372,-3.13502,8e-05,-0.10698
5078.52,index_price,1555066743087,open,0.06,63.2,0.04791217,0.08225497,0.05166033,57.31,0.059,0,BTC-19APR19-5250-P,5078.52,51.18,0.0485,3.7,0.052,4.4,58.13,2.58424,-10.77033,-0.6703,0.00093,-0.64908
5078.52,index_price,1555066743108,open,0.0,259.9,0.0,1e-08,2.45e-06,109.97,0.0005,0,BTC-26APR19-2250-P,5078.52,0.0,0.0,0.0,0.001,15.0,185.41,0.00194,-0.00768,-0.0001,0.0,-5e-05
5078.52,index_price,1555066743127,open,0.11,137.0,0.0948012,0.11806382,0.101952,61.46,0.1035,0,BTC-26APR19-5500-P,5078.52,56.96,0.099,4.0,0.106,4.0,67.72,3.28884,-7.28389,-1.60127,0.00055,-0.72754
165.58,index_price,1555066743148,open,0.17,819.0,0.149213,0.165331,0.153969,82.13,0.162,0,ETH-19APR19-190-P,165.58,58.48,0.149,50.0,0.156,191.0,89.02,0.04604,-0.27499,-0.03218,0.01086,-0.87781
165.58,index_price,1555066743202,open,0.22,199.0,0.208213,0.217656,0.211837,91.28,0.222,0,ETH-19APR19-200-P,165.58,0.0,0.206,50.0,0.214,71.0,101.29,0.03193,-0.21193,-0.03548,0.00677,-0.92574
165.58,index_price,1555066743202,open,0.34,50.0,0.32867,0.331251,0.330249,105.75,0.341,0,ETH-19APR19-220-P,165.58,0.0,0.326,50.0,0.333,46.0,127.02,0.01533,-0.11791,-0.04057,0.00281,-0.9703
5073.97,BTC-28JUN19,1555066743274,open,0.25,35.5,0.2162228,0.2574849,0.23454219,61.45,0.204,0.0,BTC-28JUN19-6000-P,5078.52,57.21,0.2275,0.2,0.2405,2.0,65.09,8.3823,-3.35017,-9.71744,0.00025,-0.67488
171.64,ETH-27SEP19,1555066743303,open,0.59,0.0,0.554388,0.661676,0.593267,77.9,None,0.0,ETH-27SEP19-260-P,165.58,69.91,0.575,1.0,0.623,1.0,90.04,0.40524,-0.09402,-1.02028,0.00384,-0.69916
171.64,ETH-27SEP19,1555066743314,open,0.7,0.0,0.659916,0.75947,0.694478,77.89,None,0.0,ETH-27SEP19-280-P,165.58,0.0,0.002,1.0,0.723,2.0,90.33,0.37291,-0.08651,-1.13726,0.00353,-0.74613
168.72,ETH-28JUN19,1555066743347,open,0.0,1583.0,0.000193,0.012608,0.003116,86.4,0.003,0.0,ETH-28JUN19-80-P,165.58,80.37,0.002,300.0,0.004,119.0,90.3,0.0355,-0.01995,-0.00777,0.00069,-0.01876
165.58,index_price,1555066743441,open,0.15,247.0,0.155068,0.165171,0.156556,75.17,0.207,0,ETH-19APR19-140-C,165.58,0.0,0.152,50.0,0.16,151.0,94.59,0.02218,-0.12125,0.02485,0.00571,0.95333
165.58,index_price,1555066743443,open,0.28,0.0,0.268322,0.2734,0.270329,95.7,None,0,ETH-19APR19-210-P,165.58,0.0,0.266,50.0,0.274,56.0,117.95,0.01983,-0.13799,-0.03836,0.00401,-0.95939
165.58,index_price,1555066743455,open,0.01,655.0,0.006961,0.03105,0.013152,76.24,0.012,0,ETH-19APR19-180-C,165.58,70.93,0.011,101.0,0.015,72.0,80.62,0.06866,-0.38068,0.0067,0.01744,0.22794
165.58,index_price,1555066743459,open,0.11,363.0,0.094049,0.118138,0.100109,75.93,0.093,0,ETH-19APR19-180-P,165.58,62.73,0.095,50.0,0.098,70.0,70.71,0.06848,-0.3781,-0.02724,0.01746,-0.77313
165.58,index_price,1555066743465,open,0.0,272.0,5.3e-05,0.005131,0.002213,96.95,0.007,0,ETH-19APR19-210-C,165.58,84.9,0.001,390.0,0.003,100.0,102.71,0.02068,-0.14578,0.00127,0.00413,0.04277
165.58,index_price,1555066743467,open,0.09,613.0,0.098488,0.118334,0.101931,72.02,0.085,0,ETH-19APR19-150-C,165.58,69.01,0.101,68.0,0.105,83.0,81.2,0.05229,-0.27387,0.02342,0.01406,0.85294
165.58,index_price,1555066743471,open,0.11,363.0,0.094049,0.118138,0.100109,75.93,0.093,0,ETH-19APR19-180-P,165.58,65.48,0.096,50.0,0.098,70.0,70.71,0.06848,-0.3781,-0.02724,0.01746,-0.77313
165.58,index_price,1555066743473,open,0.21,94.0,0.214916,0.218675,0.215397,81.03,0.2,0,ETH-19APR19-130-C,165.58,0.0,0.212,50.0,0.219,86.0,117.13,0.00753,-0.04437,0.02407,0.0018,0.98715
5078.52,index_price,1555066743476,open,0.07,74.8,0.05868551,0.08537921,0.06553475,59.02,0.079,0,BTC-26APR19-5250-P,5078.52,55.75,0.063,14.0,0.0665,4.8,60.38,3.84622,-8.17928,-1.2681,0.00066,-0.59137
165.58,index_price,1555066743479,open,0.17,819.0,0.149213,0.165331,0.153969,82.13,0.162,0,ETH-19APR19-190-P,165.58,64.87,0.15,50.0,0.156,191.0,89.02,0.04604,-0.27499,-0.03218,0.01086,-0.87781
165.58,index_price,1555066743490,open,0.02,120.0,0.021622,0.051279,0.027789,71.61,0.028,0,ETH-19APR19-170-C,165.58,70.14,0.027,89.0,0.032,261.0,79.46,0.08852,-0.46097,0.01203,0.02393,0.41337
5078.52,index_price,1555066743500,open,0.0,134.9,0.00018538,0.01279744,0.0022181,73.36,0.0025,0,BTC-19APR19-6000-C,5078.52,68.03,0.0015,1.5,0.003,14.2,78.09,0.76608,-4.08675,0.04969,0.00021,0.05417
5078.52,index_price,1555066743502,open,0.02,84.9,0.01414643,0.04848923,0.01812252,57.98,0.0145,0,BTC-19APR19-5250-C,5078.52,54.71,0.0165,2.0,0.018,0.1,57.67,2.58946,-10.91775,0.32023,0.00092,0.35289
165.58,index_price,1555066743498,open,0.03,694.0,0.018196,0.046443,0.02402,71.64,0.019,0,ETH-19APR19-160-P,165.58,63.64,0.02,265.0,0.024,93.0,71.61,0.08377,-0.43642,-0.01152,0.02264,-0.34539
5077.09,BTC-27SEP19,1555066743504,open,0.12,23.7,0.08747625,0.14967351,0.10471106,61.23,0.107,0.0,BTC-27SEP19-4500-P,5078.52,60.1,0.102,6.8,0.1065,5.0,61.98,12.13326,-2.21289,-9.66473,0.00017,-0.30917
5078.21,BTC-27SEP19,1555066743505,open,0.14,257.4,0.11332757,0.18351373,0.13442472,61.81,0.1325,0.0,BTC-27SEP19-5500-C,5078.52,59.98,0.1295,11.4,0.138,5.0,63.12,13.73687,-2.52894,8.71716,0.00019,0.50768
5078.52,index_price,1555066743508,open,0.11,27.1,0.0922186,0.14326855,0.10712079,60.18,0.1145,0,BTC-31MAY19-5250-P,5078.52,57.06,0.1025,5.4,0.11,5.3,62.2,7.40778,-4.56085,-4.23854,0.00036,-0.51622
165.58,index_price,1555066743505,open,0.21,94.0,0.214916,0.218675,0.215397,81.03,0.2,0,ETH-19APR19-130-C,165.58,0.0,0.212,50.0,0.219,136.0,117.13,0.00753,-0.04437,0.02407,0.0018,0.98715
5078.52,index_price,1555066743511,open,0.04,22.1,0.02621316,0.06821064,0.03878993,61.0,0.039,0,BTC-31MAY19-4500-P,5078.52,58.62,0.036,10.0,0.04,2.0,62.03,5.98876,-3.73727,-2.00977,0.00028,-0.25675
5077.09,BTC-27SEP19,1555066743514,open,0.15,40.1,0.10489962,0.33616524,0.15358475,64.6,0.153,0.0,BTC-27DEC19-6000-C,5078.52,60.84,0.141,5.0,0.1495,5.0,63.37,17.04739,-2.12688,11.97012,0.00014,0.48603
5078.52,index_price,1555066743517,open,0.03,109.4,0.01462708,0.04984791,0.025007,61.45,0.0255,0,BTC-31MAY19-4250-P,5078.52,59.38,0.023,14.8,0.027,15.0,63.51,4.92507,-3.09613,-1.41355,0.00023,-0.18288
165.58,index_price,1555066743513,open,0.03,694.0,0.018196,0.046443,0.02402,71.64,0.019,0,ETH-19APR19-160-P,165.58,63.64,0.02,265.0,0.024,91.0,71.61,0.08377,-0.43642,-0.01152,0.02264,-0.34539
5078.52,index_price,1555066743522,open,0.04,43.9,0.02876619,0.07591371,0.04233731,60.64,0.0445,0,BTC-31MAY19-5750-C,5078.52,59.22,0.0405,10.0,0.0445,13.9,62.25,6.70401,-4.15883,1.9345,0.00032,0.32684
165.58,index_price,1555066743519,open,0.05,386.0,0.051896,0.080142,0.057836,71.88,0.057,0,ETH-19APR19-160-C,165.58,70.22,0.057,85.0,0.062,259.0,80.05,0.0838,-0.438,0.0186,0.02257,0.65425
5078.52,index_price,1555066743524,open,0.06,71.7,0.04149067,0.09139057,0.05633787,60.65,0.055,0,BTC-31MAY19-5500-C,5078.52,57.55,0.052,5.4,0.0575,2.0,61.44,7.1889,-4.46032,2.35014,0.00034,0.40196
165.58,index_price,1555066743519,open,0.22,199.0,0.208213,0.217656,0.211837,91.28,0.222,0,ETH-19APR19-200-P,165.58,0.0,0.207,50.0,0.214,71.0,101.29,0.03193,-0.21193,-0.03548,0.00677,-0.92574
165.58,index_price,1555066743524,open,0.06,502.0,0.048317,0.077973,0.054359,71.38,0.05,0,ETH-19APR19-170-P,165.58,63.19,0.05,216.0,0.054,73.0,70.71,0.0885,-0.45938,-0.02001,0.02401,-0.58703
165.58,index_price,1555066743530,open,0.27,0.0,0.275276,0.276297,0.276057,110.51,None,0,ETH-19APR19-120-C,165.58,0.0,0.272,50.0,0.279,102.0,144.71,0.00809,-0.065,0.02215,0.00142,0.98604
165.58,index_price,1555066743534,open,0.4,120.0,0.389057,0.390318,0.389817,107.06,0.386,0,ETH-19APR19-230-P,165.58,0.0,0.385,50.0,0.394,39.0,145.82,0.00874,-0.06804,-0.04287,0.00158,-0.98473
165.58,index_price,1555066743536,open,0.01,297.0,0.004395,0.024241,0.007728,71.67,0.004,0,ETH-19APR19-150-P,165.58,62.32,0.005,250.0,0.007,85.0,69.32,0.05204,-0.27123,-0.0048,0.01406,-0.146
165.58,index_price,1555066743540,open,0.4,120.0,0.389057,0.390318,0.389817,107.06,0.386,0,ETH-19APR19-230-P,165.58,0.0,0.386,50.0,0.394,39.0,145.82,0.00874,-0.06804,-0.04287,0.00158,-0.98473
165.58,index_price,1555066743594,open,0.27,0.0,0.275276,0.276297,0.276057,110.51,None,0,ETH-19APR19-120-C,165.58,0.0,0.272,50.0,0.279,152.0,144.71,0.00809,-0.065,0.02215,0.00142,0.98604
171.64,ETH-27SEP19,1555066743600,open,0.1,48.0,0.075594,0.19469,0.109906,73.38,0.107,0.0,ETH-27SEP19-220-C,165.58,71.89,0.106,128.0,0.117,120.0,76.08,0.4501,-0.09837,0.23004,0.00453,0.4013
171.64,ETH-27SEP19,1555066743605,open,0.1,48.0,0.075594,0.19469,0.109906,73.38,0.107,0.0,ETH-27SEP19-220-C,165.58,71.89,0.106,128.0,0.116,120.0,75.7,0.4501,-0.09837,0.23004,0.00453,0.4013
171.64,ETH-27SEP19,1555066743609,open,0.07,317.0,0.035025,0.113571,0.059768,75.28,0.053,0.0,ETH-27SEP19-120-P,165.58,73.65,0.057,120.0,0.064,120.0,77.73,0.29395,-0.0659,-0.18095,0.00288,-0.16945
171.64,ETH-27SEP19,1555066743618,open,0.37,77.0,0.335887,0.414433,0.360671,75.3,0.368,0.0,ETH-27SEP19-120-C,165.58,71.96,0.355,30.0,0.368,30.0,79.53,0.29399,-0.06593,0.37091,0.00288,0.83051
171.64,ETH-27SEP19,1555066743622,open,0.37,77.0,0.335887,0.414433,0.360671,75.3,0.368,0.0,ETH-27SEP19-120-C,165.58,71.96,0.355,30.0,0.367,30.0,78.96,0.29399,-0.06593,0.37091,0.00288,0.83051
171.64,ETH-27SEP19,1555066743626,open,0.39,356.0,0.357347,0.476442,0.391584,73.35,0.385,0.0,ETH-27SEP19-220-P,165.58,70.83,0.385,90.0,0.4,90.0,76.55,0.45007,-0.09833,-0.78185,0.00453,-0.59881
171.64,ETH-27SEP19,1555066743635,open,0.45,0.0,0.430524,0.485093,0.448441,77.55,None,0.0,ETH-27SEP19-100-C,165.58,71.86,0.442,30.0,0.456,30.0,83.74,0.20204,-0.04667,0.35766,0.00192,0.9015
171.64,ETH-27SEP19,1555066743639,open,0.45,0.0,0.430524,0.485093,0.448441,77.55,None,0.0,ETH-27SEP19-100-C,165.58,71.86,0.442,30.0,0.455,30.0,82.95,0.20204,-0.04667,0.35766,0.00192,0.9015
171.64,ETH-27SEP19,1555066743652,open,0.21,50.0,0.191943,0.30392,0.225817,73.47,0.228,0.0,ETH-27SEP19-160-C,165.58,71.55,0.221,113.0,0.232,90.0,75.94,0.43036,-0.09417,0.33625,0.00432,0.65176
171.64,ETH-27SEP19,1555066743654,open,0.3,155.0,0.256183,0.354523,0.286747,74.21,0.36,0.0,ETH-27SEP19-140-C,165.58,71.11,0.28,30.0,0.293,30.0,77.07,0.37436,-0.08274,0.36117,0.00372,0.74425
171.64,ETH-27SEP19,1555066743663,open,0.12,634.0,0.071844,0.170183,0.102361,74.18,0.079,0.0,ETH-27SEP19-140-P,165.58,72.18,0.098,249.0,0.108,120.0,76.77,0.37435,-0.08271,-0.28269,0.00372,-0.25574
171.64,ETH-27SEP19,1555066743672,open,0.08,345.0,0.054768,0.168846,0.086925,73.6,0.094,0.0,ETH-27SEP19-240-C,165.58,72.82,0.085,134.0,0.094,120.0,76.43,0.4248,-0.09311,0.197,0.00426,0.33647
165.58,index_price,1555066743700,open,0.15,247.0,0.155068,0.165171,0.156556,75.17,0.207,0,ETH-19APR19-140-C,165.58,0.0,0.152,50.0,0.16,152.0,94.59,0.02218,-0.12125,0.02485,0.00571,0.95333
168.73,ETH-28JUN19,1555066743696,open,0.12,589.0,0.106196,0.205173,0.126697,71.29,0.118,0.0,ETH-28JUN19-170-C,165.58,69.8,0.124,101.0,0.13,90.0,73.11,0.30588,-0.14182,0.15254,0.00716,0.55593
168.73,ETH-28JUN19,1555066743702,open,0.41,0.0,0.409665,0.44101,0.416687,79.31,None,0.0,ETH-28JUN19-100-C,165.58,65.04,0.411,30.0,0.421,30.0,87.27,0.08327,-0.04296,0.18857,0.00175,0.9473
165.58,index_price,1555066743702,open,0.01,655.0,0.006961,0.03105,0.013152,76.24,0.012,0,ETH-19APR19-180-C,165.58,70.93,0.011,104.0,0.015,72.0,80.62,0.06866,-0.38068,0.0067,0.01744,0.22794
165.58,index_price,1555066743718,open,0.11,363.0,0.094049,0.118138,0.100109,75.93,0.093,0,ETH-19APR19-180-P,165.58,65.48,0.096,50.0,0.098,79.0,70.71,0.06848,-0.3781,-0.02724,0.01746,-0.77313
168.73,ETH-28JUN19,1555066743718,open,0.26,1709.0,0.234221,0.331477,0.25698,73.5,0.264,0.0,ETH-28JUN19-200-P,165.58,70.02,0.251,51.0,0.26,51.0,75.24,0.29203,-0.13959,-0.31569,0.00663,-0.63134
165.58,index_price,1555066743722,open,0.0,272.0,5.3e-05,0.005131,0.002213,96.95,0.007,0,ETH-19APR19-210-C,165.58,84.9,0.001,392.0,0.003,100.0,102.71,0.02068,-0.14578,0.00127,0.00413,0.04277
168.73,ETH-28JUN19,1555066743723,open,0.06,2589.0,0.037003,0.11675,0.057764,75.13,0.054,0.0,ETH-28JUN19-140-P,165.58,69.6,0.05,234.0,0.058,234.0,75.3,0.23946,-0.11702,-0.105,0.00532,-0.23769
165.58,index_price,1555066743725,open,0.09,613.0,0.098488,0.118334,0.101931,72.02,0.085,0,ETH-19APR19-150-C,165.58,69.01,0.101,80.0,0.105,83.0,81.2,0.05229,-0.27387,0.02342,0.01406,0.85294
168.73,ETH-28JUN19,1555066743728,open,0.31,26.0,0.30078,0.357127,0.314065,75.91,0.191,0.0,ETH-28JUN19-120-C,165.58,69.17,0.308,30.0,0.317,30.0,78.96,0.15901,-0.0785,0.1995,0.00349,0.87544
168.73,ETH-28JUN19,1555066743732,open,0.22,395.0,0.207275,0.287022,0.228184,75.24,0.215,0.0,ETH-28JUN19-140-C,165.58,67.96,0.218,30.0,0.228,30.0,75.11,0.23955,-0.11722,0.18976,0.00531,0.76215
171.64,ETH-27SEP19,1555066743739,open,0.81,0.0,0.768504,0.859977,0.798859,77.91,0.81,0.0,ETH-27SEP19-300-P,165.58,0.0,0.003,10.0,0.804,1.0,80.47,0.33921,-0.07872,-1.25112,0.00321,-0.78599
168.73,ETH-28JUN19,1555066743736,open,0.36,10.0,0.35379,0.397319,0.363308,76.63,0.265,0.0,ETH-28JUN19-110-C,165.58,68.29,0.358,30.0,0.368,30.0,83.02,0.11718,-0.0584,0.19716,0.00255,0.91809
165.58,index_price,1555066743740,open,0.09,613.0,0.098488,0.118334,0.101931,72.02,0.085,0,ETH-19APR19-150-C,165.58,69.01,0.101,80.0,0.105,84.0,81.2,0.05229,-0.27387,0.02342,0.01406,0.85294
165.58,index_price,1555066743747,open,0.0,651.0,0.000338,0.00978,0.004108,92.03,0.005,0,ETH-19APR19-200-C,165.58,79.27,0.002,392.0,0.005,77.0,96.35,0.03252,-0.21763,0.00224,0.00684,0.07607
168.73,ETH-28JUN19,1555066743747,open,0.18,489.0,0.168161,0.25683,0.192107,75.1,0.17,0.0,ETH-28JUN19-150-C,165.58,69.41,0.183,119.0,0.19,90.0,73.79,0.27073,-0.13224,0.17917,0.00601,0.69628
165.58,index_price,1555066743748,open,0.21,94.0,0.214916,0.218675,0.215397,81.03,0.2,0,ETH-19APR19-130-C,165.58,0.0,0.212,50.0,0.219,122.0,117.13,0.00753,-0.04437,0.02407,0.0018,0.98715
171.64,ETH-27SEP19,1555066743754,open,1.16,0.0,1.10528,1.17379,1.130038,81.54,None,0.0,ETH-27SEP19-360-P,165.58,0.0,0.0,0.0,1.145,1.0,90.47,0.26395,-0.0641,-1.56792,0.00239,-0.8561
165.58,index_price,1555066743754,open,0.02,120.0,0.021622,0.051279,0.027789,71.61,0.028,0,ETH-19APR19-170-C,165.58,70.14,0.027,95.0,0.032,261.0,79.46,0.08852,-0.46097,0.01203,0.02393,0.41337
168.73,ETH-28JUN19,1555066743762,open,0.31,1275.0,0.281663,0.375123,0.303124,73.74,0.313,0.0,ETH-28JUN19-210-P,165.58,69.95,0.297,90.0,0.309,90.0,77.31,0.27566,-0.13221,-0.3506,0.00623,-0.68344
165.58,index_price,1555066743759,open,0.01,386.0,0.001732,0.017849,0.006626,82.62,0.008,0,ETH-19APR19-190-C,165.58,72.24,0.004,363.0,0.008,124.0,87.33,0.04646,-0.27912,0.00365,0.01089,0.12375
165.58,index_price,1555066743764,open,0.03,694.0,0.018196,0.046443,0.02402,71.64,0.019,0,ETH-19APR19-160-P,165.58,63.64,0.02,264.0,0.024,91.0,71.61,0.08377,-0.43642,-0.01152,0.02264,-0.34539
165.58,index_price,1555066743769,open,0.03,694.0,0.018196,0.046443,0.02402,71.64,0.019,0,ETH-19APR19-160-P,165.58,63.64,0.02,264.0,0.024,97.0,71.61,0.08377,-0.43642,-0.01152,0.02264,-0.34539
168.73,ETH-28JUN19,1555066743773,open,0.31,1275.0,0.281663,0.375123,0.303124,73.74,0.313,0.0,ETH-28JUN19-210-P,165.58,70.58,0.298,90.0,0.309,90.0,77.31,0.27566,-0.13221,-0.3506,0.00623,-0.68344
165.58,index_price,1555066743774,open,0.05,386.0,0.051896,0.080142,0.057836,71.88,0.057,0,ETH-19APR19-160-C,165.58,70.22,0.057,93.0,0.062,259.0,80.05,0.0838,-0.438,0.0186,0.02257,0.65425
168.73,ETH-28JUN19,1555066743778,open,0.14,3706.0,0.113722,0.212699,0.134044,71.19,0.138,0.0,ETH-28JUN19-170-P,165.58,70.06,0.132,105.0,0.139,90.0,73.92,0.30589,-0.14163,-0.20548,0.00717,-0.44417
165.58,index_price,1555066743778,open,0.05,386.0,0.051896,0.080142,0.057836,71.88,0.057,0,ETH-19APR19-160-C,165.58,70.22,0.057,93.0,0.062,260.0,80.05,0.0838,-0.438,0.0186,0.02257,0.65425
171.64,ETH-27SEP19,1555066743786,open,0.13,114.0,0.103911,0.225177,0.139444,73.23,0.136,0.0,ETH-27SEP19-200-C,165.58,71.58,0.135,130.0,0.146,90.0,75.65,0.46356,-0.1011,0.26587,0.00467,0.47623
165.58,index_price,1555066743783,open,0.06,502.0,0.048317,0.077973,0.054359,71.38,0.05,0,ETH-19APR19-170-P,165.58,63.19,0.05,216.0,0.054,81.0,70.71,0.0885,-0.45938,-0.02001,0.02401,-0.58703
168.72,ETH-28JUN19,1555066743787,open,0.18,4307.0,0.149685,0.250095,0.17075,71.53,0.143,0.0,ETH-28JUN19-180-P,165.58,70.03,0.168,114.0,0.176,90.0,74.4,0.30874,-0.14364,-0.24303,0.0072,-0.51316
165.58,index_price,1555066743791,open,0.27,0.0,0.275276,0.276297,0.276057,110.51,None,0,ETH-19APR19-120-C,165.58,0.0,0.272,50.0,0.279,132.0,144.71,0.00809,-0.065,0.02215,0.00142,0.98604
165.58,index_price,1555066743793,open,0.01,297.0,0.004395,0.024241,0.007728,71.67,0.004,0,ETH-19APR19-150-P,165.58,62.32,0.005,250.0,0.007,89.0,69.32,0.05204,-0.27123,-0.0048,0.01406,-0.146
168.72,ETH-28JUN19,1555066743796,open,0.11,1952.0,0.082797,0.177912,0.102198,71.18,0.103,0.0,ETH-28JUN19-160-P,165.58,69.91,0.1,102.0,0.107,180.0,73.95,0.29294,-0.13562,-0.16861,0.00686,-0.37229
168.72,ETH-28JUN19,1555066743801,open,0.08,544.0,0.063933,0.163638,0.087973,73.51,0.09,0.0,ETH-28JUN19-190-C,165.58,69.62,0.081,224.0,0.088,90.0,73.52,0.30375,-0.14522,0.12056,0.00689,0.42723
165.58,index_price,1555066743820,open,0.0,325.0,7e-06,0.002588,0.001746,107.43,0.006,0,ETH-19APR19-220-C,165.58,98.49,0.001,141.0,0.003,272.0,118.17,0.01627,-0.12712,0.00094,0.00293,0.03191
165.58,index_price,1555066743822,open,0.0,20.0,0.00058,0.010684,0.001967,74.4,0.003,0,ETH-19APR19-140-P,165.58,65.55,0.001,1.0,0.002,147.0,74.65,0.02158,-0.11674,-0.00147,0.00562,-0.04509
168.72,ETH-28JUN19,1555066743819,open,0.22,1746.0,0.190059,0.289765,0.213832,73.36,0.205,0.0,ETH-28JUN19-190-P,165.58,69.55,0.207,120.0,0.217,210.0,75.12,0.30369,-0.1449,-0.27967,0.0069,-0.57318
168.72,ETH-28JUN19,1555066743828,open,0.36,815.0,0.331824,0.420525,0.358024,78.07,0.352,0.0,ETH-28JUN19-220-P,165.58,70.87,0.347,30.0,0.359,30.0,78.73,0.26384,-0.13397,-0.3805,0.00564,-0.7128
168.72,ETH-28JUN19,1555066743833,open,0.05,603.0,0.027888,0.116589,0.054321,78.27,0.049,0.0,ETH-28JUN19-220-C,165.58,72.17,0.045,139.0,0.051,232.0,76.12,0.26418,-0.13448,0.08303,0.00563,0.28799
5075.09,BTC-28JUN19,1555066743840,open,0.17,209.7,0.15432941,0.19325815,0.17103233,60.94,0.172,0.0,BTC-28JUN19-4500-C,5078.52,58.66,0.1675,5.1,0.1755,10.1,63.79,7.8992,-3.13082,5.82098,0.00024,0.71562
165.58,index_price,1555066743838,open,0.0,0.012349,0.046106,0.020085,73.93,None,0,ETH-26APR19-150-P,165.58,72.11,0.019,30.0,0.022,200.0,77.22,0.09666,-0.25749,-0.01538,0.01254,-0.22433
165.58,index_price,1555066743847,open,0.0,0.030961,0.07193,0.03771,69.11,None,0,ETH-26APR19-160-P,165.58,69.57,0.038,30.0,0.043,200.0,76.32,0.1223,-0.30457,-0.0259,0.01698,-0.37381
165.58,index_price,1555066743859,open,0.0,0.154857,0.186975,0.160781,72.36,None,0,ETH-26APR19-190-P,165.58,67.01,0.158,50.0,0.164,50.0,78.58,0.08555,-0.22307,-0.06155,0.01134,-0.81715
165.58,index_price,1555066743861,open,0.15,247.0,0.155068,0.165171,0.15646,75.17,0.207,0,ETH-19APR19-140-C,165.58,0.0,0.152,50.0,0.16,153.0,94.59,0.02218,-0.12125,0.02485,0.00571,0.95333
5077.28,BTC-27SEP19,1555066743868,open,0.02,611.4,0.00940183,0.0359512,0.01931399,65.37,0.022,0.0,BTC-27SEP19-3000-P,5078.66,65.05,0.019,5.4,0.0205,10.0,66.53,5.09383,-0.99168,-2.30702,7e-05,-0.07948
5077.28,BTC-27SEP19,1555066743867,open,1.4,6.1,1.36523165,1.38300012,1.37724116,74.48,1.9095,0.0,BTC-27SEP19-12000-P,5078.66,0.0,0.002,0.3,0.0,0.0,0.0,4.79936,-1.06467,-53.79732,5e-05,-0.9265
5074.1,BTC-28JUN19,1555066743868,open,0.42,19.5,0.38934384,0.41728286,0.4036316,64.31,0.7515,0.0,BTC-28JUN19-7000-P,5078.66,0.0,0.0005,0.4,0.0,0.0,0.0,5.95727,-2.49165,-13.15259,0.00017,-0.82708
5077.28,BTC-27SEP19,1555066743869,open,0.08,98.9,0.04993993,0.10267484,0.06567714,62.04,0.065,0.0,BTC-27SEP19-4000-P,5078.66,60.69,0.063,5.8,0.066,10.0,62.2,10.15595,-1.87646,-6.63656,0.00014,-0.21852
5077.28,BTC-27SEP19,1555066743869,open,0.82,0.0,0.78480689,0.8254596,0.80423493,68.35,None,0.0,BTC-27SEP19-9000-P,5078.66,0.0,0.002,0.3,0.0,0.0,0.0,8.30545,-1.69078,-38.44563,0.0001,-0.84211
5074.1,BTC-28JUN19,1555066743869,open,0.0,370.9,9e-08,0.00013058,0.00179772,96.76,0.0025,0.0,BTC-28JUN19-15000-C,5078.66,84.37,0.0005,21.6,0.003,20.0,103.14,0.7923,-0.49861,0.12236,2e-05,0.01325
5074.1,BTC-28JUN19,1555066743869,open,0.0,301.4,3.8e-07,0.00025835,0.0018168,91.79,0.0025,0.0,BTC-28JUN19-14000-C,5078.66,85.69,0.001,12.0,0.0025,20.0,95.52,0.82833,-0.49449,0.12964,2e-05,0.01395
5077.28,BTC-27SEP19,1555066743869,open,0.61,28.2,0.60648443,0.61189706,0.61049186,75.96,0.608,0.0,BTC-27SEP19-2000-C,5078.66,0.0,0.001,0.3,0.0,0.0,0.0,1.62519,-0.36766,8.64262,2e-05,0.98059
5077.42,BTC-27SEP19,1555066743870,open,0.63,2.5,0.5990079,0.6504644,0.62144441,66.57,1.278,0.0,BTC-27SEP19-8000-P,5078.66,0.0,0.004,0.3,0.0,0.0,0.0,10.12419,-2.00739,-32.79007,0.00013,-0.78268
5077.42,BTC-27SEP19,1555066743870,open,1.01,2.0,0.97587191,1.00712526,0.9932476,70.91,1.8325,0.0,BTC-27SEP19-10000-P,5078.66,0.0,0.002,0.3,0.0,0.0,0.0,6.93658,-1.46493,-43.71752,8e-05,-0.8788
5077.42,BTC-27SEP19,1555066743870,open,0.39,0.0,0.3755643,0.40898293,0.38725545,64.26,None,0.0,BTC-27SEP19-3250-C,5078.66,0.0,0.0005,0.3,0.0,0.0,0.0,6.35543,-1.21642,11.8061,8e-05,0.89281
5078.66,index_price,1555066743869,open,0.0,14.5,0.0003356,0.01351447,0.00168516,65.51,0.003,0,BTC-19APR19-4375-P,5078.66,53.0,0.0005,33.2,0.0015,4.6,64.02,0.65145,-3.10344,-0.04392,0.0002,-0.04422
5074.24,BTC-28JUN19,1555066743871,open,0.0,363.3,7.35e-06,0.00104564,0.00312473,86.16,0.003,0.0,BTC-28JUN19-12000-C,5078.66,78.27,0.0015,32.0,0.0045,20.0,90.86,1.31085,-0.73459,0.22209,3e-05,0.02391
5078.66,index_price,1555066743867,open,0.01,1.7,0.00343181,0.02841738,0.01251999,66.61,0.011,0,BTC-31MAY19-7000-C,5078.66,64.43,0.011,20.0,0.0135,12.0,67.96,3.6331,-2.47585,0.70482,0.00016,0.11616
5078.66,index_price,1555066743870,open,0.02,60.0,0.0084656,0.0424964,0.01959273,63.76,0.0175,0,BTC-31MAY19-6500-C,5078.66,61.48,0.0175,19.7,0.021,12.0,65.24,4.7618,-3.10572,1.04563,0.00022,0.17335
5078.66,index_price,1555066743869,open,0.04,64.6,0.03560351,0.07046406,0.0397555,57.82,0.033,0,BTC-19APR19-5000-C,5078.66,53.58,0.0375,4.3,0.041,3.6,60.16,2.7042,-11.37034,0.5297,0.00096,0.59343
5078.66,index_price,1555066743869,open,0.16,0.0,0.16325821,0.17250695,0.16461867,73.69,None,0,BTC-19APR19-4250-C,5078.66,0.0,0.001,0.3,0.0,0.0,0.0,0.53866,-2.88638,0.76572,0.00015,0.965
5078.66,index_price,1555066743869,open,0.39,0.0,0.37833137,0.38026855,0.38014183,84.07,None,0,BTC-26APR19-7000-P,5078.66,0.0,0.0005,0.3,0.0,0.0,0.0,0.68059,-2.06187,-2.60599,8e-05,-0.96963
5077.42,BTC-27SEP19,1555066743869,open,0.03,44.2,0.00481491,0.15798275,0.02914326,70.52,0.038,0.0,BTC-27DEC19-12000-C,5078.66,68.96,0.0265,10.0,0.03,10.0,71.01,8.79264,-1.19758,3.44482,7e-05,0.1248
5077.42,BTC-27SEP19,1555066743870,open,1.81,0.0,1.75912538,1.88539244,1.78353663,77.02,None,0.0,BTC-27DEC19-14000-P,5078.66,0.0,0.0,0.0,0.0,0.0,0.0,7.91459,-1.17738,-96.36412,6e-05,-0.89239
165.58,index_price,1555066743866,open,0.01,655.0,0.006961,0.03105,0.013126,76.24,0.012,0,ETH-19APR19-180-C,165.58,70.93,0.011,105.0,0.015,72.0,80.62,0.06866,-0.38068,0.0067,0.01744,0.22794
5078.66,index_price,1555066743871,open,0.0,925.4,0.00020262,0.00491647,0.00240423,72.81,0.0035,0,BTC-26APR19-4000-P,5078.66,62.28,0.001,50.0,0.0025,7.1,73.38,0.85029,-2.23097,-0.08153,0.00012,-0.03983
5078.66,index_price,1555066743869,open,0.01,140.0,0.00499085,0.02311946,0.01097735,63.64,0.009,0,BTC-26APR19-5750-C,5078.66,58.48,0.0085,27.7,0.012,10.0,65.66,2.54335,-5.8329,0.31476,0.00041,0.17401
5078.66,index_price,1555066743868,open,0.45,0.0,0.42968046,0.450697,0.43743148,67.6,None,0,BTC-31MAY19-7250-P,5078.66,0.0,0.0005,0.3,0.0,0.0,0.0,3.12228,-2.15937,-9.13463,0.00013,-0.90577
165.58,index_price,1555066743863,open,1.0,0.061805,0.104424,0.068871,69.08,0.084,0,ETH-26APR19-170-P,165.58,66.76,0.067,150.0,0.074,150.0,75.82,0.12774,-0.31799,-0.03901,0.01774,-0.55102
5078.66,index_price,1555066743871,open,0.6,0.0,0.60619533,0.60619534,0.60627151,159.77,None,0,BTC-26APR19-2000-C,5078.66,0.0,0.0005,0.2,0.0,0.0,0.0,0.02791,-0.16067,0.75857,0.0,0.99918
5077.42,BTC-27SEP19,1555066743870,open,0.1,87.3,0.06577913,0.24827148,0.103,64.55,0.0885,0.0,BTC-27DEC19-4000-P,5078.66,58.77,0.088,15.0,0.0965,5.0,62.05,13.25314,-1.65234,-12.30448,0.00011,-0.23868
5078.66,index_price,1555066743872,open,0.22,0.1,0.21968546,0.24726429,0.22818918,62.93,0.239,0,BTC-31MAY19-4000-C,5078.66,0.0,0.0005,0.2,0.0,0.0,0.0,3.8186,-2.45826,4.40097,0.00018,0.87533
5077.42,BTC-27SEP19,1555066743867,open,0.12,21.8,0.08116338,0.31267727,0.12828154,64.58,0.1305,0.0,BTC-27DEC19-6500-C,5078.66,61.15,0.117,5.0,0.1255,5.0,63.74,16.77809,-2.09274,10.78274,0.00014,0.42771
5078.66,index_price,1555066743869,open,0.0,40.5,0.00101819,0.02063228,0.00432891,68.39,0.0045,0,BTC-19APR19-5750-C,5078.66,64.81,0.0035,9.8,0.0045,0.5,69.09,1.23241,-6.12913,0.09251,0.00037,0.10102
165.57,index_price,1555066743876,open,1.0,0.15809,0.181469,0.162491,74.1,0.164,0,ETH-26APR19-140-C,165.57,72.73,0.162,50.0,0.168,50.0,87.73,0.0602,-0.16074,0.04587,0.0078,0.89127
5077.42,BTC-27SEP19,1555066743886,open,0.28,239.2,0.2621313,0.31486375,0.27797785,62.09,0.3,0.0,BTC-27SEP19-4000-C,5078.66,0.0,0.162,0.1,0.292,2.5,69.0,10.15821,-1.87855,11.75648,0.00014,0.78141
165.57,index_price,1555066743881,open,0.11,363.0,0.094105,0.118186,0.100214,76.05,0.093,0,ETH-19APR19-180-P,165.57,65.33,0.096,50.0,0.098,82.0,70.57,0.06852,-0.37895,-0.02723,0.01745,-0.77287
165.57,index_price,1555066743894,open,0.0,0.27532,0.28167,0.277225,90.36,None,0,ETH-26APR19-120-C,165.57,0.0,0.275,50.0,0.281,50.0,112.07,0.02058,-0.06701,0.04375,0.00219,0.97226
165.57,index_price,1555066743901,open,3.0,0.035087,0.077705,0.042176,69.21,0.034,0,ETH-26APR19-170-C,165.57,68.98,0.042,150.0,0.049,1.0,78.04,0.12773,-0.31857,0.02561,0.01771,0.449
165.57,index_price,1555066743907,open,0.0,0.210829,0.23531,0.218086,81.82,None,0,ETH-26APR19-200-P,165.57,56.08,0.21,50.0,0.219,50.0,83.95,0.06998,-0.20634,-0.06819,0.00821,-0.8653
165.57,index_price,1555066743913,open,0.0,0.210829,0.23531,0.218086,81.82,None,0,ETH-26APR19-200-P,165.57,64.6,0.212,50.0,0.219,50.0,83.95,0.06998,-0.20634,-0.06819,0.00821,-0.8653
165.57,index_price,1555066743929,open,0.0,0.1064,0.140165,0.114178,74.05,None,0,ETH-26APR19-150-C,165.57,72.02,0.113,50.0,0.116,1.0,77.13,0.09676,-0.25816,0.04161,0.01254,0.77525
165.57,index_price,1555066743936,open,0.0,0.215566,0.228994,0.220244,87.87,None,0,ETH-26APR19-130-C,165.57,64.58,0.216,50.0,0.224,50.0,100.87,0.04198,-0.13291,0.04485,0.00458,0.93285
165.57,index_price,1555066743942,open,0.0,0.215566,0.228994,0.220244,87.87,None,0,ETH-26APR19-130-C,165.57,64.58,0.216,50.0,0.223,50.0,97.69,0.04198,-0.13291,0.04485,0.00458,0.93285
165.57,index_price,1555066743949,open,0.0,0.104147,0.143095,0.110055,69.11,None,0,ETH-26APR19-180-P,165.57,66.0,0.108,150.0,0.116,150.0,77.82,0.11054,-0.27527,-0.0516,0.01535,-0.7098
165.57,index_price,1555066744167,open,0.01,655.0,0.006952,0.031033,0.013126,76.21,0.012,0,ETH-19APR19-180-C,165.57,70.96,0.011,106.0,0.015,72.0,80.66,0.06861,-0.38024,0.00669,0.01743,0.22766
165.57,index_price,1555066744173,open,0.11,363.0,0.094105,0.118186,0.100214,76.05,0.093,0,ETH-19APR19-180-P,165.57,65.33,0.096,50.0,0.098,85.0,70.57,0.06852,-0.37895,-0.02723,0.01745,-0.77287
165.57,index_price,1555066744177,open,0.09,613.0,0.09844,0.118295,0.10184,71.88,0.085,0,ETH-19APR19-150-C,165.57,69.16,0.101,83.0,0.105,84.0,81.33,0.05222,-0.27293,0.02344,0.01407,0.85324
165.57,index_price,1555066744182,open,0.0,651.0,0.000337,0.009773,0.004099,92.01,0.005,0,ETH-19APR19-200-C,165.57,79.29,0.002,393.0,0.005,77.0,96.38,0.03248,-0.2173,0.00224,0.00684,0.07595
165.57,index_price,1555066744196,open,0.21,94.0,0.214868,0.218631,0.215304,79.97,0.2,0,ETH-19APR19-130-C,165.57,0.0,0.212,50.0,0.219,119.0,117.41,0.00708,-0.04116,0.0241,0.00171,0.98804
165.57,index_price,1555066744206,open,0.02,120.0,0.0216,0.051254,0.027742,71.57,0.028,0,ETH-19APR19-170-C,165.57,70.18,0.027,97.0,0.032,261.0,79.51,0.0885,-0.46058,0.01202,0.02394,0.41306
165.57,index_price,1555066744217,open,0.03,694.0,0.018217,0.046469,0.024064,71.69,0.019,0,ETH-19APR19-160-P,165.57,63.6,0.02,264.0,0.024,98.0,71.56,0.08379,-0.4368,-0.01153,0.02263,-0.34569
165.57,index_price,1555066744228,open,0.05,386.0,0.051858,0.08011,0.057764,71.8,0.057,0,ETH-19APR19-160-C,165.57,70.29,0.057,96.0,0.062,260.0,80.12,0.0838,-0.43759,0.0186,0.0226,0.65414
165.57,index_price,1555066744233,open,0.06,502.0,0.048356,0.07801,0.054436,71.45,0.05,0,ETH-19APR19-170-P,165.57,63.11,0.05,216.0,0.054,83.0,70.64,0.08849,-0.45978,-0.02001,0.02398,-0.58714
165.57,index_price,1555066744294,open,0.27,0.0,0.275232,0.276254,0.275971,109.61,None,0,ETH-19APR19-120-C,165.57,0.0,0.272,50.0,0.279,128.0,145.04,0.0078,-0.06218,0.02216,0.00138,0.98662
165.57,index_price,1555066744296,open,0.01,297.0,0.004402,0.024256,0.007746,71.7,0.004,0,ETH-19APR19-150-P,165.57,62.3,0.005,250.0,0.007,90.0,69.29,0.05209,-0.27161,-0.0048,0.01407,-0.14623
165.57,index_price,1555066744302,open,0.0,20.0,0.000581,0.010692,0.001972,74.42,0.003,0,ETH-19APR19-140-P,165.57,65.53,0.001,1.0,0.002,148.0,74.63,0.02161,-0.11697,-0.00147,0.00562,-0.04519
5078.66,index_price,1555066744444,open,0.0,134.9,0.0001856,0.01280162,0.00220669,73.31,0.0025,0,BTC-19APR19-6000-C,5078.66,68.02,0.0015,1.5,0.003,4.2,78.08,0.7651,-4.07892,0.04961,0.00021,0.05408
5078.66,index_price,1555066744445,open,0.02,84.9,0.01415504,0.04850024,0.01804841,57.89,0.0145,0,BTC-19APR19-5250-C,5078.66,54.69,0.0165,8.0,0.018,0.1,57.65,2.58918,-10.89962,0.32014,0.00092,0.35276
5077.42,BTC-27SEP19,1555066744449,open,0.14,257.4,0.11326958,0.18345681,0.13443401,61.82,0.1325,0.0,BTC-27SEP19-5500-C,5078.66,60.18,0.13,5.0,0.138,5.0,63.14,13.73481,-2.52893,8.71367,0.00019,0.50756
5078.66,index_price,1555066744454,open,0.04,43.9,0.02877307,0.07592275,0.04227452,60.61,0.0445,0,BTC-31MAY19-5750-C,5078.66,59.21,0.0405,10.0,0.0445,3.9,62.24,6.7036,-4.15656,1.93428,0.00032,0.32676
165.57,index_price,1555066744457,open,0.01,655.0,0.006952,0.031033,0.013126,76.21,0.012,0,ETH-19APR19-180-C,165.57,70.96,0.011,107.0,0.015,72.0,80.66,0.06861,-0.38024,0.00669,0.01743,0.22766
165.57,index_price,1555066744461,open,0.11,363.0,0.094105,0.118186,0.100214,76.05,0.093,0,ETH-19APR19-180-P,165.57,65.33,0.096,50.0,0.098,88.0,70.57,0.06852,-0.37895,-0.02723,0.01745,-0.77287
5077.28,BTC-27SEP19,1555066744469,open,0.12,23.7,0.0874616,0.14965628,0.10474554,61.24,0.107,0.0,BTC-27SEP19-4500-P,5078.66,60.11,0.102,6.8,0.106,5.0,61.78,12.13322,-2.21311,-9.66443,0.00017,-0.30915
165.57,index_price,1555066744469,open,0.0,272.0,5.3e-05,0.005126,0.002208,96.93,0.007,0,ETH-19APR19-210-C,165.57,84.91,0.001,393.0,0.003,100.0,102.73,0.02065,-0.14553,0.00126,0.00412,0.0427
165.57,index_price,1555066744472,open,0.09,613.0,0.09844,0.118295,0.10184,71.88,0.085,0,ETH-19APR19-150-C,165.57,69.16,0.101,86.0,0.105,84.0,81.33,0.05222,-0.27293,0.02344,0.01407,0.85324
5077.42,BTC-27SEP19,1555066744475,open,0.15,40.1,0.1049205,0.33618454,0.15351967,64.58,0.153,0.0,BTC-27DEC19-6000-C,5078.66,60.98,0.1415,5.0,0.1495,5.0,63.36,17.04849,-2.12651,11.97172,0.00014,0.48603
5078.66,index_price,1555066744494,open,0.04,22.1,0.02620621,0.06820068,0.03885501,61.01,0.039,0,BTC-31MAY19-4500-P,5078.66,58.63,0.036,10.0,0.04,12.0,62.03,5.98863,-3.73761,-2.00966,0.00028,-0.25672
5078.66,index_price,1555066744498,open,0.06,71.7,0.04149959,0.09140073,0.05626158,60.62,0.055,0,BTC-31MAY19-5500-C,5078.66,57.54,0.052,11.4,0.0575,2.0,61.44,7.18886,-4.45786,2.35011,0.00034,0.40191
165.57,index_price,1555066744500,open,0.21,94.0,0.214868,0.218631,0.215304,79.97,0.2,0,ETH-19APR19-130-C,165.57,0.0,0.212,50.0,0.219,116.0,117.41,0.00708,-0.04116,0.0241,0.00171,0.98804
165.57,index_price,1555066744507,open,0.02,120.0,0.0216,0.051254,0.027742,71.57,0.028,0,ETH-19APR19-170-C,165.57,70.18,0.027,98.0,0.032,261.0,79.51,0.0885,-0.46058,0.01202,0.02394,0.41306
165.57,index_price,1555066744511,open,0.01,386.0,0.001729,0.017837,0.006612,82.6,0.008,0,ETH-19APR19-190-C,165.57,72.27,0.004,364.0,0.008,124.0,87.35,0.0464,-0.27872,0.00365,0.01088,0.12356
165.57,index_price,1555066744513,open,0.03,694.0,0.018217,0.046469,0.024064,71.69,0.019,0,ETH-19APR19-160-P,165.57,63.6,0.02,264.0,0.024,99.0,71.56,0.08379,-0.4368,-0.01153,0.02263,-0.34569
165.57,index_price,1555066744517,open,0.05,386.0,0.051858,0.08011,0.057764,71.8,0.057,0,ETH-19APR19-160-C,165.57,70.29,0.057,98.0,0.062,260.0,80.12,0.0838,-0.43759,0.0186,0.0226,0.65414
165.57,index_price,1555066744521,open,0.06,502.0,0.048356,0.07801,0.054436,71.45,0.05,0,ETH-19APR19-170-P,165.57,63.11,0.05,216.0,0.054,85.0,70.64,0.08849,-0.45978,-0.02001,0.02398,-0.58714
165.57,index_price,1555066744524,open,0.27,0.0,0.275232,0.276254,0.275971,109.61,None,0,ETH-19APR19-120-C,165.57,0.0,0.272,50.0,0.279,123.0,145.04,0.0078,-0.06218,0.02216,0.00138,0.98662
165.57,index_price,1555066744528,open,0.01,297.0,0.004402,0.024256,0.007746,71.7,0.004,0,ETH-19APR19-150-P,165.57,62.3,0.005,250.0,0.007,91.0,69.29,0.05209,-0.27161,-0.0048,0.01407,-0.14623
165.57,index_price,1555066744612,open,0.15,247.0,0.155018,0.165128,0.15646,74.81,0.207,0,ETH-19APR19-140-C,165.57,0.0,0.152,50.0,0.16,154.0,94.8,0.02192,-0.11923,0.02488,0.00567,0.95402
165.57,index_price,1555066744615,open,0.01,655.0,0.006952,0.031033,0.013126,76.21,0.012,0,ETH-19APR19-180-C,165.57,70.96,0.011,109.0,0.015,72.0,80.66,0.06861,-0.38024,0.00669,0.01743,0.22766
165.57,index_price,1555066744618,open,0.11,363.0,0.094105,0.118186,0.100214,76.05,0.093,0,ETH-19APR19-180-P,165.57,65.33,0.096,50.0,0.098,91.0,70.57,0.06852,-0.37895,-0.02723,0.01745,-0.77287
165.57,index_price,1555066744623,open,0.09,613.0,0.09844,0.118295,0.10184,71.88,0.085,0,ETH-19APR19-150-C,165.57,69.16,0.101,89.0,0.105,84.0,81.33,0.05222,-0.27293,0.02344,0.01407,0.85324
165.57,index_price,1555066744636,open,0.09,613.0,0.09844,0.118295,0.10184,71.88,0.085,0,ETH-19APR19-150-C,165.57,69.16,0.101,89.0,0.105,85.0,81.33,0.05222,-0.27293,0.02344,0.01407,0.85324
165.57,index_price,1555066744640,open,0.0,651.0,0.000337,0.009773,0.004099,92.01,0.005,0,ETH-19APR19-200-C,165.57,79.29,0.002,394.0,0.005,77.0,96.38,0.03248,-0.2173,0.00224,0.00684,0.07595
165.57,index_price,1555066744647,open,0.21,94.0,0.214868,0.218631,0.215304,79.97,0.2,0,ETH-19APR19-130-C,165.57,0.0,0.212,50.0,0.219,112.0,117.41,0.00708,-0.04116,0.0241,0.00171,0.98804
165.57,index_price,1555066744658,open,0.02,120.0,0.0216,0.051254,0.027742,71.57,0.028,0,ETH-19APR19-170-C,165.57,70.18,0.027,100.0,0.032,261.0,79.51,0.0885,-0.46058,0.01202,0.02394,0.41306
165.57,index_price,1555066744662,open,0.02,120.0,0.0216,0.051254,0.027742,71.57,0.028,0,ETH-19APR19-170-C,165.57,70.18,0.027,100.0,0.032,262.0,79.51,0.0885,-0.46058,0.01202,0.02394,0.41306
165.57,index_price,1555066744666,open,0.01,386.0,0.001729,0.017837,0.006612,82.6,0.008,0,ETH-19APR19-190-C,165.57,72.27,0.004,365.0,0.008,124.0,87.35,0.0464,-0.27872,0.00365,0.01088,0.12356
165.57,index_price,1555066744677,open,0.03,694.0,0.018217,0.046469,0.024064,71.69,0.019,0,ETH-19APR19-160-P,165.57,63.6,0.02,264.0,0.024,101.0,71.56,0.08379,-0.4368,-0.01153,0.02263,-0.34569
165.57,index_price,1555066744681,open,0.05,386.0,0.051858,0.08011,0.057764,71.8,0.057,0,ETH-19APR19-160-C,165.57,70.29,0.057,100.0,0.062,260.0,80.12,0.0838,-0.43759,0.0186,0.0226,0.65414
165.57,index_price,1555066744684,open,0.06,502.0,0.048356,0.07801,0.054436,71.45,0.05,0,ETH-19APR19-170-P,165.57,63.11,0.05,215.0,0.054,85.0,70.64,0.08849,-0.45978,-0.02001,0.02398,-0.58714
165.57,index_price,1555066744687,open,0.06,502.0,0.048356,0.07801,0.054436,71.45,0.05,0,ETH-19APR19-170-P,165.57,63.11,0.05,215.0,0.054,87.0,70.64,0.08849,-0.45978,-0.02001,0.02398,-0.58714
165.57,index_price,1555066744690,open,0.27,0.0,0.275232,0.276254,0.275971,109.61,None,0,ETH-19APR19-120-C,165.57,0.0,0.272,50.0,0.279,118.0,145.04,0.0078,-0.06218,0.02216,0.00138,0.98662
165.57,index_price,1555066744704,open,0.01,297.0,0.004402,0.024256,0.007746,71.7,0.004,0,ETH-19APR19-150-P,165.57,62.3,0.005,250.0,0.007,92.0,69.29,0.05209,-0.27161,-0.0048,0.01407,-0.14623
165.57,index_price,1555066744708,open,0.0,325.0,7e-06,0.002586,0.001743,107.42,0.006,0,ETH-19APR19-220-C,165.57,98.51,0.001,142.0,0.003,272.0,118.19,0.01625,-0.12692,0.00094,0.00293,0.03185
165.57,index_price,1555066744710,open,0.0,20.0,0.000581,0.010692,0.001972,74.42,0.003,0,ETH-19APR19-140-P,165.57,65.53,0.001,1.0,0.002,149.0,74.63,0.02161,-0.11697,-0.00147,0.00562,-0.04519
165.57,index_price,1555066744787,open,0.15,247.0,0.155018,0.165128,0.15646,74.81,0.207,0,ETH-19APR19-140-C,165.57,0.0,0.152,50.0,0.16,155.0,94.8,0.02192,-0.11923,0.02488,0.00567,0.95402
171.64,ETH-27SEP19,1555066744794,open,0.15,513.0,0.124127,0.236104,0.157918,73.43,0.149,0.0,ETH-27SEP19-160-P,165.57,71.87,0.154,127.0,0.164,120.0,75.86,0.43037,-0.09413,-0.39959,0.00433,-0.34826
165.57,index_price,1555066744800,open,0.01,655.0,0.006952,0.031033,0.013126,76.21,0.012,0,ETH-19APR19-180-C,165.57,70.96,0.011,111.0,0.015,72.0,80.66,0.06861,-0.38024,0.00669,0.01743,0.22766
165.57,index_price,1555066744805,open,0.11,363.0,0.094105,0.118186,0.100214,76.05,0.093,0,ETH-19APR19-180-P,165.57,65.33,0.096,50.0,0.098,97.0,70.57,0.06852,-0.37895,-0.02723,0.01745,-0.77287
165.57,index_price,1555066744828,open,0.0,272.0,5.3e-05,0.005126,0.002208,96.93,0.007,0,ETH-19APR19-210-C,165.57,84.91,0.001,394.0,0.003,100.0,102.73,0.02065,-0.14553,0.00126,0.00412,0.0427
171.64,ETH-27SEP19,1555066744830,open,0.13,114.0,0.103911,0.225177,0.139425,73.23,0.136,0.0,ETH-27SEP19-200-C,165.57,71.58,0.135,131.0,0.146,90.0,75.65,0.46356,-0.10111,0.26587,0.00467,0.47625
165.57,index_price,1555066744839,open,0.09,613.0,0.09844,0.118295,0.10184,71.88,0.085,0,ETH-19APR19-150-C,165.57,69.16,0.101,96.0,0.105,85.0,81.33,0.05222,-0.27293,0.02344,0.01407,0.85324
165.57,index_price,1555066744844,open,0.0,651.0,0.000337,0.009773,0.004098,92.01,0.005,0,ETH-19APR19-200-C,165.57,79.29,0.002,395.0,0.005,77.0,96.38,0.03248,-0.2173,0.00224,0.00684,0.07595
165.57,index_price,1555066744851,open,0.21,94.0,0.214868,0.218631,0.215304,79.97,0.2,0,ETH-19APR19-130-C,165.57,0.0,0.212,50.0,0.219,106.0,117.41,0.00708,-0.04116,0.0241,0.00171,0.98804
171.64,ETH-27SEP19,1555066744854,open,0.15,273.0,0.141905,0.261225,0.17738,73.23,0.173,0.0,ETH-27SEP19-180-C,165.57,71.57,0.173,130.0,0.184,90.0,75.69,0.45901,-0.10011,0.30251,0.00463,0.56062
165.57,index_price,1555066744858,open,0.02,120.0,0.0216,0.051254,0.027742,71.57,0.028,0,ETH-19APR19-170-C,165.57,70.18,0.027,102.0,0.032,262.0,79.51,0.0885,-0.46058,0.01202,0.02394,0.41306
165.57,index_price,1555066744861,open,0.01,386.0,0.001729,0.017837,0.006612,82.6,0.008,0,ETH-19APR19-190-C,165.57,72.27,0.004,367.0,0.008,124.0,87.35,0.0464,-0.27872,0.00365,0.01088,0.12356
5074.35,BTC-28JUN19,1555066744868,open,2.97,0.4,2.94139151,2.94139666,2.94266484,113.04,5.076,0.0,BTC-28JUN19-20000-P,5078.54,0.0,0.0,0.0,0.0,0.0,0.0,0.54121,-0.39789,-42.04589,1e-05,-0.99145
5074.35,BTC-28JUN19,1555066744868,open,1.58,0.8,1.56190615,1.5624217,1.5641638,88.64,2.171,0.0,BTC-28JUN19-13000-P,5078.54,0.0,0.07,1.0,0.0,0.0,0.0,1.0047,-0.57923,-27.21787,2e-05,-0.98254
5077.58,BTC-27SEP19,1555066744868,open,1.2,3.1,1.16972424,1.19338485,1.18384549,72.41,1.9215,0.0,BTC-27SEP19-11000-P,5078.54,0.0,0.002,0.3,0.0,0.0,0.0,5.68315,-1.2257,-48.85226,7e-05,-0.90802
5074.35,BTC-28JUN19,1555066744868,open,1.39,10.0,1.36484225,1.36588073,1.36813241,86.82,1.243,0.0,BTC-28JUN19-12000-P,5078.54,0.0,0.0005,0.4,0.0,0.0,0.0,1.35816,-0.76689,-25.04293,3e-05,-0.97506
5074.23,BTC-28JUN19,1555066744868,open,1.98,2.0,1.95611363,1.95624415,1.95805912,97.68,2.658,0.0,BTC-28JUN19-15000-P,5078.54,0.0,0.0,0.0,0.0,0.0,0.0,0.83749,-0.53205,-31.46258,2e-05,-0.98587
5074.23,BTC-28JUN19,1555066744869,open,0.0,123.6,1.67e-06,0.00051711,0.00206746,87.64,0.0025,0.0,BTC-28JUN19-13000-C,5078.54,80.4,0.001,12.0,0.003,21.4,92.03,0.94538,-0.5389,0.15174,2e-05,0.01627
5074.23,BTC-28JUN19,1555066744869,open,1.78,1.3,1.75903969,1.75929772,1.76099495,92.61,2.415,0.0,BTC-28JUN19-14000-P,5078.54,0.0,0.0,0.0,0.0,0.0,0.0,0.87198,-0.52524,-29.34925,2e-05,-0.9852
5077.58,BTC-27SEP19,1555066744869,open,0.1,7.6,0.06717803,0.12507929,0.08316106,61.3,0.0885,0.0,BTC-27SEP19-4250-P,5078.54,60.32,0.081,6.1,0.086,5.0,62.59,11.22353,-2.04923,-8.07117,0.00015,-0.26245
5074.23,BTC-28JUN19,1555066744870,open,1.19,5.7,1.16784906,1.16994996,1.17216773,83.1,1.142,0.0,BTC-28JUN19-11000-P,5078.54,0.0,0.0005,0.4,0.0,0.0,0.0,1.71586,-0.92745,-22.86148,4e-05,-0.96697
5074.23,BTC-28JUN19,1555066744870,open,0.99,43.0,0.97088499,0.9751241,0.97654126,78.57,0.89,0.0,BTC-28JUN19-10000-P,5078.54,0.0,0.0005,0.5,0.0,0.0,0.0,2.18608,-1.11716,-20.64862,5e-05,-0.95554
5074.23,BTC-28JUN19,1555066744871,open,0.8,6.6,0.77428232,0.78269555,0.78241352,74.53,0.704,0.0,BTC-28JUN19-9000-P,5078.54,0.0,0.0005,0.4,0.0,0.0,0.0,2.99604,-1.45224,-18.34126,7e-05,-0.93377
5078.54,index_price,1555066744869,open,0.29,0.0,0.28009568,0.28551502,0.28342049,76.89,None,0,BTC-26APR19-6500-P,5078.54,0.0,0.0005,0.2,0.0,0.0,0.0,1.14966,-3.18523,-2.36571,0.00015,-0.94193
5077.46,BTC-27SEP19,1555066744871,open,1.41,0.0,1.36820155,1.5213708,1.39268302,70.61,None,0.0,BTC-27DEC19-12000-P,5078.54,0.0,0.0,0.0,0.0,0.0,0.0,8.81489,-1.20211,-81.65426,7e-05,-0.87475
5077.46,BTC-27SEP19,1555066744868,open,1.22,0.0,1.17437977,1.34303362,1.20328907,69.72,None,0.0,BTC-27DEC19-11000-P,5078.54,0.0,0.0,0.0,0.0,0.0,0.0,10.10761,-1.36104,-73.83015,8e-05,-0.84688
5078.54,index_price,1555066744868,open,0.36,0.0,0.33455206,0.36391406,0.34448524,64.92,None,0,BTC-31MAY19-6750-P,5078.54,0.0,0.0005,0.3,0.0,0.0,0.0,4.14247,-2.75099,-8.189,0.00018,-0.8597
171.64,ETH-27SEP19,1555066744865,open,0.04,102.0,0.004185,0.059887,0.026009,84.32,0.035,0.0,ETH-27SEP19-400-C,165.57,81.97,0.023,443.0,0.029,150.0,86.5,0.22775,-0.05719,0.07127,0.00199,0.1163
5077.46,BTC-27SEP19,1555066744870,open,1.62,0.0,1.56328124,1.70230054,1.59051993,75.5,None,0.0,BTC-27DEC19-13000-P,5078.54,0.0,0.0,0.0,0.0,0.0,0.0,8.69796,-1.26835,-88.86399,6e-05,-0.87711
5078.54,index_price,1555066744869,open,0.25,0.0,0.23131341,0.23990123,0.23520206,71.12,None,0,BTC-26APR19-6250-P,5078.54,0.0,0.001,0.3,0.0,0.0,0.0,1.42612,-3.65482,-2.2366,0.0002,-0.92328
5078.54,index_price,1555066744870,open,0.31,0.0,0.28835874,0.32238662,0.29945919,63.73,None,0,BTC-31MAY19-6500-P,5078.54,0.0,0.0005,0.3,0.0,0.0,0.0,4.759,-3.10259,-7.65914,0.00022,-0.82681
165.57,index_price,1555066744885,open,0.03,694.0,0.018217,0.046469,0.024064,71.69,0.019,0,ETH-19APR19-160-P,165.57,63.6,0.02,264.0,0.024,103.0,71.56,0.08379,-0.4368,-0.01153,0.02263,-0.34569
165.57,index_price,1555066744899,open,0.05,386.0,0.051858,0.08011,0.057764,71.8,0.057,0,ETH-19APR19-160-C,165.57,70.29,0.057,104.0,0.062,260.0,80.12,0.0838,-0.43759,0.0186,0.0226,0.65414
165.57,index_price,1555066744901,open,0.06,502.0,0.048356,0.07801,0.054436,71.45,0.05,0,ETH-19APR19-170-P,165.57,63.11,0.05,215.0,0.054,91.0,70.64,0.08849,-0.45978,-0.02001,0.02398,-0.58714
171.64,ETH-27SEP19,1555066744906,open,0.04,119.0,0.007866,0.076377,0.032741,81.62,0.04,0.0,ETH-27SEP19-360-C,165.57,79.8,0.03,281.0,0.036,150.0,83.69,0.26441,-0.06428,0.08803,0.00239,0.14427
165.57,index_price,1555066744928,open,0.27,0.0,0.275232,0.276254,0.275971,109.61,None,0,ETH-19APR19-120-C,165.57,0.0,0.272,50.0,0.279,50.0,145.04,0.0078,-0.06218,0.02216,0.00138,0.98662
165.57,index_price,1555066744932,open,0.01,297.0,0.004402,0.024256,0.007746,71.7,0.004,0,ETH-19APR19-150-P,165.57,62.3,0.005,250.0,0.007,94.0,69.29,0.05209,-0.27161,-0.0048,0.01407,-0.14623
165.57,index_price,1555066744936,open,0.0,325.0,7e-06,0.002586,0.001743,107.42,0.006,0,ETH-19APR19-220-C,165.57,98.51,0.001,143.0,0.003,272.0,118.19,0.01625,-0.12692,0.00094,0.00293,0.03185
165.57,index_price,1555066744938,open,0.0,20.0,0.000581,0.010692,0.001972,74.42,0.003,0,ETH-19APR19-140-P,165.57,65.53,0.001,1.0,0.002,151.0,74.63,0.02161,-0.11697,-0.00147,0.00562,-0.04519
165.57,index_price,1555066744979,open,0.01,655.0,0.006952,0.031033,0.013126,76.21,0.012,0,ETH-19APR19-180-C,165.57,70.96,0.011,112.0,0.015,72.0,80.66,0.06861,-0.38024,0.00669,0.01743,0.22766
165.57,index_price,1555066744983,open,0.11,363.0,0.094105,0.118186,0.100214,76.05,0.093,0,ETH-19APR19-180-P,165.57,65.33,0.096,50.0,0.098,99.0,70.57,0.06852,-0.37895,-0.02723,0.01745,-0.77287
165.57,index_price,1555066744986,open,0.0,272.0,5.3e-05,0.005126,0.002208,96.93,0.007,0,ETH-19APR19-210-C,165.57,84.91,0.001,395.0,0.003,100.0,102.73,0.02065,-0.14553,0.00126,0.00412,0.0427
165.57,index_price,1555066744988,open,0.09,613.0,0.09844,0.118295,0.10184,71.88,0.085,0,ETH-19APR19-150-C,165.57,69.16,0.101,99.0,0.105,85.0,81.33,0.05222,-0.27293,0.02344,0.01407,0.85324
171.64,ETH-27SEP19,1555066744992,open,0.06,223.0,0.014945,0.098396,0.043604,79.21,0.049,0.0,ETH-27SEP19-320-C,165.57,77.19,0.04,381.0,0.047,120.0,81.04,0.31224,-0.07366,0.11277,0.00291,0.18647
165.57,index_price,1555066744999,open,0.21,94.0,0.214868,0.218631,0.215304,79.97,0.2,0,ETH-19APR19-130-C,165.57,0.0,0.212,50.0,0.219,102.0,117.41,0.00708,-0.04116,0.0241,0.00171,0.98804
171.64,ETH-27SEP19,1555066745010,open,0.15,273.0,0.141905,0.261225,0.17738,73.23,0.173,0.0,ETH-27SEP19-180-C,165.57,71.57,0.173,131.0,0.184,90.0,75.69,0.45901,-0.10011,0.30251,0.00463,0.56062
165.57,index_price,1555066745012,open,0.02,120.0,0.0216,0.051254,0.027742,71.57,0.028,0,ETH-19APR19-170-C,165.57,70.18,0.027,104.0,0.032,262.0,79.51,0.0885,-0.46058,0.01202,0.02394,0.41306
171.64,ETH-27SEP19,1555066745017,open,0.01,820.0,0.003216,0.033829,0.014249,81.79,0.01,0.0,ETH-27SEP19-80-P,165.57,78.41,0.012,150.0,0.016,150.0,84.28,0.11835,-0.02883,-0.05001,0.00107,-0.04911
171.64,ETH-27SEP19,1555066745032,open,0.04,856.0,0.013139,0.067708,0.03103,77.52,0.029,0.0,ETH-27SEP19-100-P,165.57,74.91,0.028,258.0,0.035,412.0,80.83,0.20195,-0.04662,-0.10219,0.00192,-0.09844
171.64,ETH-27SEP19,1555066745038,open,0.03,5.0,0.002255,0.047398,0.02144,86.96,0.025,0.0,ETH-27SEP19-440-C,165.57,84.79,0.019,262.0,0.024,150.0,89.1,0.19915,-0.05158,0.05931,0.00169,0.09658
165.57,index_price,1555066745042,open,0.0,71.0,3.5e-05,0.003797,0.000423,78.82,0.003,0,ETH-19APR19-130-P,165.57,0.0,0.0,0.0,0.001,225.0,89.46,0.00659,-0.03778,-0.00036,0.00162,-0.01102
165.57,index_price,1555066745044,open,0.0,231.0,1e-06,0.00126,0.000927,110.01,0.001,0,ETH-19APR19-230-C,165.57,0.0,0.0,0.0,0.002,231.0,123.62,0.00997,-0.07973,0.00053,0.00175,0.0178
165.57,index_price,1555066745046,open,0.03,694.0,0.018217,0.046469,0.024064,71.69,0.019,0,ETH-19APR19-160-P,165.57,63.6,0.02,264.0,0.024,108.0,71.56,0.08379,-0.4368,-0.01153,0.02263,-0.34569
165.57,index_price,1555066745060,open,0.05,386.0,0.051858,0.08011,0.057764,71.8,0.057,0,ETH-19APR19-160-C,165.57,70.29,0.057,113.0,0.062,260.0,80.12,0.0838,-0.43759,0.0186,0.0226,0.65414
165.57,index_price,1555066745064,open,0.06,502.0,0.048356,0.07801,0.054436,71.45,0.05,0,ETH-19APR19-170-P,165.57,63.11,0.05,215.0,0.054,99.0,70.64,0.08849,-0.45978,-0.02001,0.02398,-0.58714
165.57,index_price,1555066745080,open,0.01,297.0,0.004402,0.024256,0.007746,71.7,0.004,0,ETH-19APR19-150-P,165.57,62.3,0.005,250.0,0.007,97.0,69.29,0.05209,-0.27161,-0.0048,0.01407,-0.14623
165.57,index_price,1555066745084,open,0.0,325.0,7e-06,0.002586,0.001743,107.42,0.006,0,ETH-19APR19-220-C,165.57,98.51,0.001,144.0,0.003,272.0,118.19,0.01625,-0.12692,0.00094,0.00293,0.03185
171.64,ETH-27SEP19,1555066745086,open,0.04,130.0,0.02066,0.112133,0.051107,77.97,0.056,0.0,ETH-27SEP19-300-C,165.57,75.85,0.047,266.0,0.054,120.0,79.41,0.33947,-0.07883,0.12881,0.00321,0.21429
165.57,index_price,1555066745089,open,0.0,20.0,0.000581,0.010692,0.001972,74.42,0.003,0,ETH-19APR19-140-P,165.57,65.53,0.001,1.0,0.002,153.0,74.63,0.02161,-0.11697,-0.00147,0.00562,-0.04519
165.57,index_price,1555066745154,open,0.15,247.0,0.155018,0.165128,0.15646,74.81,0.207,0,ETH-19APR19-140-C,165.57,0.0,0.152,50.0,0.16,157.0,94.8,0.02192,-0.11923,0.02488,0.00567,0.95402
171.64,ETH-27SEP19,1555066745156,open,0.06,530.0,0.03959,0.146877,0.078544,77.94,0.078,0.0,ETH-27SEP19-260-C,165.57,73.82,0.069,139.0,0.078,120.0,77.7,0.40536,-0.0941,0.17563,0.00384,0.30105
5077.58,BTC-27SEP19,1555066745167,open,0.06,10.3,0.03566872,0.08245933,0.05032316,62.61,0.061,0.0,BTC-27SEP19-3750-P,5078.54,61.31,0.048,5.8,0.051,10.0,63.02,8.94701,-1.66839,-5.31246,0.00012,-0.1772
165.57,index_price,1555066745176,open,0.01,655.0,0.006952,0.031033,0.013126,76.21,0.012,0,ETH-19APR19-180-C,165.57,70.96,0.011,104.0,0.015,72.0,80.66,0.06861,-0.38024,0.00669,0.01743,0.22766
165.57,index_price,1555066745184,open,0.11,363.0,0.094105,0.118186,0.100214,76.05,0.093,0,ETH-19APR19-180-P,165.57,65.33,0.096,50.0,0.098,79.0,70.57,0.06852,-0.37895,-0.02723,0.01745,-0.77287
165.57,index_price,1555066745188,open,0.0,272.0,5.3e-05,0.005126,0.002208,96.93,0.007,0,ETH-19APR19-210-C,165.57,84.91,0.001,392.0,0.003,100.0,102.73,0.02065,-0.14553,0.00126,0.00412,0.0427
171.64,ETH-27SEP19,1555066745193,open,0.03,12.0,0.001231,0.037837,0.018396,89.71,0.021,0.0,ETH-27SEP19-480-C,165.57,87.3,0.016,300.0,0.021,255.0,92.13,0.1777,-0.04748,0.05089,0.00146,0.08286
171.64,ETH-27SEP19,1555066745207,open,0.13,114.0,0.103911,0.225177,0.139425,73.23,0.136,0.0,ETH-27SEP19-200-C,165.57,71.58,0.135,134.0,0.146,90.0,75.65,0.46356,-0.10111,0.26587,0.00467,0.47625
165.57,index_price,1555066745240,open,0.09,613.0,0.09844,0.118295,0.10184,71.88,0.085,0,ETH-19APR19-150-C,165.57,69.16,0.101,77.0,0.105,85.0,81.33,0.05222,-0.27293,0.02344,0.01407,0.85324
165.57,index_price,1555066745244,open,0.09,613.0,0.09844,0.118295,0.10184,71.88,0.085,0,ETH-19APR19-150-C,165.57,69.16,0.101,77.0,0.105,84.0,81.33,0.05222,-0.27293,0.02344,0.01407,0.85324
