underlying_price,underlying_index,timestamp,state,settlement_price,open_interest,min_price,max_price,mark_price,mark_iv,last_price,interest_rate,instrument_name,index_price,bid_iv,best_bid_price,best_bid_amount,best_ask_price,best_ask_amount,ask_iv,vega,theta,rho,gamma,delta
6648.16,SYN.BTC-20DEC19,1576666740115,open,0.36,2.1,0.3275,0.3815,0.35375834,106.49,0.337,0.0,BTC-20DEC19-9000-P,6649.68,0.0,0.3475,2.0,0.362,2.0,293.95,0.00084,-0.02396,-0.46249,0.0,-0.99996
6648.16,SYN.BTC-20DEC19,1576666740116,open,0.36,2.1,0.3275,0.3815,0.35375834,106.49,0.337,0.0,BTC-20DEC19-9000-P,6649.68,0.0,0.348,2.0,0.362,2.0,293.95,0.00084,-0.02396,-0.46249,0.0,-0.99996
6648.16,SYN.BTC-20DEC19,1576666740140,open,0.01,130.9,0.001,0.033,0.01233507,66.01,0.0125,0.0,BTC-20DEC19-6750-C,6649.68,59.27,0.0105,16.1,0.013,16.2,68.44,1.81893,-32.0069,0.12664,0.00121,0.38301
6648.16,SYN.BTC-20DEC19,1576666740141,open,0.01,130.9,0.001,0.033,0.01233507,66.01,0.0125,0.0,BTC-20DEC19-6750-C,6649.68,59.27,0.0105,17.3,0.013,16.2,68.44,1.81893,-32.0069,0.12664,0.00121,0.38301
6648.16,SYN.BTC-20DEC19,1576666740212,open,0.01,130.9,0.001,0.033,0.01233507,66.01,0.0125,0.0,BTC-20DEC19-6750-C,6649.68,59.27,0.0105,16.1,0.013,15.0,68.44,1.81893,-32.0069,0.12664,0.00121,0.38301
123.19,ETH-27DEC19,1576666740905,open,0.0,16676.0,0.001,0.011,0.0,120.0,0.002,0.0,ETH-27DEC19-640-C,123.39,0.0,0.0,0.0,0.002,300.0,405.81,0.0,0.0,0.0,0.0,0.0
123.62,ETH-27MAR20,1576666740905,open,0.03,7248.0,0.01,0.063,0.031175,97.16,0.033,0.0,ETH-27MAR20-240-C,123.39,93.57,0.027,430.0,0.035,300.0,100.27,0.14847,-0.07222,0.03904,0.00365,0.14659
123.19,ETH-27DEC19,1576666740905,open,1.64,100.0,1.522,1.677,1.597613,120.0,0.883,0.0,ETH-27DEC19-320-P,123.39,0.0,0.011,5.0,0.0,0.0,0.0,0.0,0.0,-0.07781,0.0,-1.0
123.36,SYN.ETH-31JAN20,1576666740905,open,0.02,397.0,0.005,0.038,0.017059,85.49,0.017,0.0,ETH-31JAN20-180-C,123.39,82.6,0.015,820.0,0.019,480.0,88.07,0.09044,-0.0881,0.01674,0.00578,0.12992
123.19,ETH-27DEC19,1576666740907,open,1.8,0.0,1.68,1.844,1.759964,120.0,None,0.0,ETH-27DEC19-340-P,123.39,0.0,0.003,9.0,0.0,0.0,0.0,0.0,0.0,-0.08268,0.0,-1.0
123.19,ETH-27DEC19,1576666740907,open,0.4,1.0,0.34,0.432,0.383118,115.73,0.283,0.0,ETH-27DEC19-170-P,123.39,0.0,0.004,15.0,0.0,0.0,0.0,0.01824,-0.11892,-0.04008,0.00427,-0.9549
123.19,ETH-27DEC19,1576666740907,open,0.0,7053.0,0.001,0.011,1.2e-05,120.0,0.001,0.0,ETH-27DEC19-240-C,123.39,0.0,0.0,0.0,0.001,35.0,177.21,0.00019,-0.00126,1e-05,4e-05,0.00026
123.19,ETH-27DEC19,1576666740907,open,4.93,0.0,4.674,5.024,4.84463,125.0,None,0.0,ETH-27DEC19-720-P,123.39,0.0,0.004,50.0,0.0,0.0,0.0,0.0,0.0,-0.17508,0.0,-1.0
123.62,ETH-27MAR20,1576666740958,open,0.0,5151.0,0.001,0.012,0.002526,120.0,0.004,0.0,ETH-27MAR20-600-C,123.39,122.41,0.003,728.0,0.007,520.0,136.37,0.0228,-0.0137,0.00382,0.00045,0.01381
123.36,SYN.ETH-31JAN20,1576666740958,open,0.34,1.0,0.277,0.38,0.326674,80.19,0.148,0.0,ETH-31JAN20-160-P,123.39,68.83,0.316,340.0,0.359,362.0,108.86,0.12425,-0.11355,-0.16516,0.00847,-0.78712
123.19,ETH-27DEC19,1576666740960,open,0.0,397.0,0.001,0.011,0.00081,120.0,0.002,0.0,ETH-27DEC19-190-C,123.39,123.35,0.001,202.0,0.003,500.0,145.32,0.00649,-0.04388,0.00037,0.00147,0.01314
123.62,ETH-27MAR20,1576666740962,open,0.4,3922.0,0.32,0.449,0.38276,85.77,0.398,0.0,ETH-27MAR20-160-P,123.39,69.56,0.352,324.0,0.41,24.0,99.4,0.2426,-0.10417,-0.34497,0.00676,-0.63706
123.62,ETH-27MAR20,1576666740962,open,0.02,1264.0,0.004,0.039,0.015697,106.57,0.014,0.0,ETH-27MAR20-320-C,123.39,102.81,0.013,560.0,0.018,260.0,109.51,0.09315,-0.0497,0.02065,0.00209,0.07674
124.05,SYN.ETH-26JUN20,1576666740962,open,0.02,133.0,0.004,0.043,0.016534,108.61,0.022,0.0,ETH-26JUN20-560-C,123.39,105.65,0.014,140.0,0.019,440.0,111.24,0.11165,-0.03176,0.03044,0.00128,0.06346
123.19,ETH-27DEC19,1576666740964,open,0.0,4535.0,0.001,0.011,0.0,120.0,0.002,0.0,ETH-27DEC19-760-C,123.39,0.0,0.0,0.0,0.002,399.0,439.77,0.0,0.0,0.0,0.0,0.0
123.19,ETH-27DEC19,1576666740964,open,0.0,5213.0,0.001,0.011,0.001782,120.0,0.002,0.0,ETH-27DEC19-180-C,123.39,110.31,0.001,853.0,0.003,200.0,130.68,0.01183,-0.07998,0.00074,0.00267,0.02662
123.19,ETH-27DEC19,1576666740964,open,2.13,0.0,1.995,2.179,2.084666,120.0,None,0.0,ETH-27DEC19-380-P,123.39,0.0,0.02,50.0,0.0,0.0,0.0,0.0,0.0,-0.0924,0.0,-1.0
123.36,SYN.ETH-31JAN20,1576666740964,open,0.0,627.0,0.001,0.016,0.004599,107.77,0.004,0.0,ETH-31JAN20-260-C,123.39,105.45,0.004,200.0,0.005,50.0,109.22,0.03325,-0.04083,0.00455,0.00169,0.03526
124.05,SYN.ETH-26JUN20,1576666740964,open,0.12,1969.0,0.073,0.176,0.122539,85.69,0.133,0.0,ETH-26JUN20-180-C,123.39,82.22,0.113,491.0,0.131,281.0,88.73,0.34305,-0.077,0.17061,0.00497,0.38554
124.05,SYN.ETH-26JUN20,1576666740964,open,0.18,360.0,0.133,0.24,0.186709,81.26,0.18,0.0,ETH-26JUN20-140-C,123.39,79.28,0.181,268.0,0.193,478.0,83.45,0.3565,-0.07588,0.22598,0.00545,0.53505
123.19,ETH-27DEC19,1576666740966,open,0.0,7679.0,0.001,0.011,6.7e-05,120.0,0.001,0.0,ETH-27DEC19-220-C,123.39,0.0,0.0,0.0,0.001,200.0,157.56,0.00084,-0.00566,4e-05,0.00019,0.00133
123.19,ETH-27DEC19,1576666740966,open,0.0,2179.0,0.001,0.011,0.0,120.0,0.001,0.0,ETH-27DEC19-300-C,123.39,0.0,0.0,0.0,0.001,1.0,225.87,0.0,-1e-05,0.0,0.0,0.0
123.62,ETH-27MAR20,1576666740966,open,1.97,7.0,1.831,2.03,1.924303,110.69,1.702,0.0,ETH-27MAR20-360-P,123.39,0.0,0.01,30.0,0.0,0.0,0.0,0.07682,-0.04257,-0.96896,0.00166,-0.94021
123.62,ETH-27MAR20,1576666740966,open,0.26,1.0,0.225,0.309,0.268145,82.61,0.337,0.0,ETH-27MAR20-100-C,123.39,61.48,0.235,44.0,0.295,44.0,98.88,0.20096,-0.08311,0.16643,0.00582,0.76014
124.05,SYN.ETH-26JUN20,1576666740966,open,0.09,1165.0,0.052,0.148,0.096914,85.73,0.104,0.0,ETH-26JUN20-200-C,123.39,82.65,0.089,286.0,0.104,466.0,88.44,0.32188,-0.07229,0.14641,0.00467,0.3226
124.05,SYN.ETH-26JUN20,1576666740966,open,0.01,625.0,0.003,0.037,0.013109,111.28,0.017,0.0,ETH-26JUN20-640-C,123.39,108.34,0.011,340.0,0.015,440.0,113.68,0.09379,-0.02734,0.02449,0.00105,0.05086
123.62,ETH-27MAR20,1576666740968,open,0.04,1037.0,0.014,0.059,0.032938,87.33,0.031,0.0,ETH-27MAR20-80-P,123.39,84.46,0.03,320.0,0.036,298.0,90.24,0.12843,-0.05615,-0.05132,0.00352,-0.11879
124.05,SYN.ETH-26JUN20,1576666740968,open,0.07,535.0,0.033,0.118,0.070798,89.91,0.073,0.0,ETH-26JUN20-240-C,123.39,87.78,0.066,35.0,0.075,473.0,91.74,0.28208,-0.06644,0.11309,0.0039,0.24512
123.36,SYN.ETH-31JAN20,1576666740968,open,0.01,553.0,0.002,0.029,0.011195,91.63,0.013,0.0,ETH-31JAN20-200-C,123.39,89.39,0.01,200.0,0.012,200.0,93.08,0.06747,-0.07045,0.01118,0.00403,0.08657
123.19,ETH-27DEC19,1576666740970,open,3.29,36.0,3.098,3.35,3.221122,119.14,2.65,0.0,ETH-27DEC19-520-P,123.39,0.0,0.003,50.0,0.0,0.0,0.0,0.0,0.0,-0.12645,0.0,-1.0
123.62,ETH-27MAR20,1576666740970,open,0.12,86.0,0.079,0.169,0.123495,82.59,0.115,0.0,ETH-27MAR20-140-C,123.39,78.51,0.115,270.0,0.131,270.0,86.2,0.25731,-0.10639,0.11765,0.00745,0.47131
123.19,ETH-27DEC19,1576666740970,open,0.0,6667.0,0.001,0.011,0.0,120.0,0.001,0.0,ETH-27DEC19-480-C,123.39,0.0,0.0,0.0,0.001,14.0,322.18,0.0,0.0,0.0,0.0,0.0
123.62,ETH-27MAR20,1576666740970,open,1.32,162.0,1.207,1.376,1.286143,101.83,1.308,0.0,ETH-27MAR20-280-P,123.39,0.0,1.264,1.0,0.0,0.0,0.0,0.11539,-0.05882,-0.73871,0.00271,-0.89769
123.19,ETH-27DEC19,1576666740970,open,2.96,21.0,2.783,3.016,2.89642,120.0,2.37,0.0,ETH-27DEC19-480-P,123.39,0.0,0.002,50.0,0.0,0.0,0.0,0.0,0.0,-0.11672,0.0,-1.0
123.19,ETH-27DEC19,1576666740970,open,2.3,15.0,2.152,2.346,2.247017,120.0,1.248,0.0,ETH-27DEC19-400-P,123.39,0.0,0.002,50.0,0.0,0.0,0.0,0.0,0.0,-0.09727,0.0,-1.0
123.62,ETH-27MAR20,1576666740976,open,0.06,1899.0,0.029,0.101,0.061472,86.63,0.065,0.0,ETH-27MAR20-180-C,123.39,82.86,0.055,289.0,0.067,589.0,89.77,0.21515,-0.09331,0.07169,0.00594,0.27339
123.62,ETH-27MAR20,1576666740978,open,0.0,800.0,0.001,0.011,0.001885,120.0,0.003,0.0,ETH-27MAR20-640-C,123.39,126.39,0.003,220.0,0.006,397.0,137.74,0.01808,-0.01086,0.00294,0.00036,0.01056
123.19,ETH-27DEC19,1576666740978,open,0.48,4507.0,0.419,0.513,0.462939,120.0,0.432,0.0,ETH-27DEC19-180-P,123.39,0.0,0.001,9.0,1.2,5.0,500.0,0.01183,-0.07998,-0.04303,0.00267,-0.97338
123.19,ETH-27DEC19,1576666740978,open,0.06,206.0,0.032,0.096,0.064052,81.55,0.064,0.0,ETH-27DEC19-120-C,123.39,74.79,0.06,364.0,0.068,120.0,88.13,0.0739,-0.3395,0.01625,0.02455,0.60638
123.19,ETH-27DEC19,1576666740978,open,0.0,1347.0,0.001,0.011,0.0,120.0,0.002,0.0,ETH-27DEC19-380-C,123.39,0.0,0.0,0.0,0.001,3.0,275.21,0.0,0.0,0.0,0.0,0.0
123.19,ETH-27DEC19,1576666740978,open,2.63,0.0,2.468,2.681,2.571718,120.0,None,0.0,ETH-27DEC19-440-P,123.39,0.0,0.002,50.0,0.0,0.0,0.0,0.0,0.0,-0.10699,0.0,-1.0
123.62,ETH-27MAR20,1576666740980,open,0.01,1440.0,0.002,0.032,0.01102,116.72,0.014,0.0,ETH-27MAR20-400-C,123.39,110.83,0.008,580.0,0.014,393.0,121.63,0.06968,-0.04072,0.01414,0.00143,0.05283
123.19,ETH-27DEC19,1576666740980,open,3.94,0.0,3.728,4.02,3.870525,128.91,0.953,0.0,ETH-27DEC19-600-P,123.39,0.0,0.02,50.0,0.0,0.0,0.0,0.0,0.0,-0.1459,0.0,-1.0
124.05,SYN.ETH-26JUN20,1576666740980,open,0.03,247.0,0.01,0.046,0.025025,85.94,0.017,0.0,ETH-26JUN20-60-P,123.39,82.73,0.022,200.0,0.028,300.0,88.95,0.11979,-0.02697,-0.06132,0.00173,-0.0695
123.19,ETH-27DEC19,1576666740982,open,0.0,980.0,0.001,0.011,0.0,119.99,0.001,0.0,ETH-27DEC19-340-C,123.39,0.0,0.0,0.0,0.001,8.0,252.25,0.0,0.0,0.0,0.0,0.0
123.19,ETH-27DEC19,1576666740982,open,0.0,1632.0,0.001,0.015,0.003133,115.71,0.003,0.0,ETH-27DEC19-170-C,123.39,107.03,0.002,200.0,0.004,200.0,121.16,0.01823,-0.11882,0.00126,0.00427,0.04506
123.62,ETH-27MAR20,1576666740982,open,0.18,98.0,0.135,0.227,0.182084,81.86,0.2,0.0,ETH-27MAR20-120-C,123.39,76.34,0.171,257.0,0.191,257.0,86.31,0.24782,-0.10155,0.14529,0.00724,0.61161
123.62,ETH-27MAR20,1576666740982,open,0.69,747.0,0.597,0.74,0.665704,90.55,0.57,0.0,ETH-27MAR20-200-P,123.39,0.0,0.001,9.0,0.0,0.0,0.0,0.19047,-0.08634,-0.4897,0.00503,-0.78199
123.36,SYN.ETH-31JAN20,1576666740982,open,0.01,212.0,0.001,0.019,0.006027,103.16,0.007,0.0,ETH-31JAN20-240-C,123.39,99.93,0.005,200.0,0.007,370.0,105.93,0.04147,-0.04875,0.00597,0.0022,0.04629
123.19,ETH-27DEC19,1576666740984,open,0.18,1.0,0.166,0.224,0.194859,103.08,0.276,0.0,ETH-27DEC19-100-C,123.39,0.0,0.175,33.0,0.0,0.0,0.0,0.02966,-0.17222,0.0216,0.0078,0.91588
123.19,ETH-27DEC19,1576666740984,open,0.0,2232.0,0.001,0.011,0.0,120.0,0.001,0.0,ETH-27DEC19-320-C,123.39,0.0,0.0,0.0,0.002,300.0,259.95,0.0,0.0,0.0,0.0,0.0
124.05,SYN.ETH-26JUN20,1576666740985,open,0.01,308.0,0.003,0.04,0.014624,109.95,0.018,0.0,ETH-26JUN20-600-C,123.39,106.56,0.012,340.0,0.017,440.0,112.71,0.10192,-0.02935,0.02716,0.00115,0.05649
123.19,ETH-27DEC19,1576666740986,open,0.0,11489.0,0.001,0.011,0.0,120.0,0.002,0.0,ETH-27DEC19-440-C,123.39,0.0,0.0,0.0,0.001,199.0,304.87,0.0,0.0,0.0,0.0,0.0
123.62,ETH-27MAR20,1576666740986,open,0.04,1215.0,0.013,0.07,0.036323,92.63,0.037,0.0,ETH-27MAR20-220-C,123.39,89.3,0.032,599.0,0.04,299.0,95.34,0.16471,-0.07638,0.04581,0.00425,0.17174
123.62,ETH-27MAR20,1576666740986,open,0.08,282.0,0.043,0.116,0.077076,82.61,0.072,0.0,ETH-27MAR20-100-P,123.39,79.47,0.072,320.0,0.083,596.0,86.24,0.20096,-0.08311,-0.10721,0.00582,-0.23986
123.19,ETH-27DEC19,1576666740986,open,0.0,4550.0,0.001,0.011,2e-06,120.0,0.001,0.0,ETH-27DEC19-260-C,123.39,0.0,0.0,0.0,0.001,19.0,194.93,4e-05,-0.00025,0.0,1e-05,5e-05
124.05,SYN.ETH-26JUN20,1576666740986,open,1.65,0.0,1.523,1.73,1.620298,95.05,1.06,0.0,ETH-26JUN20-320-P,123.39,0.0,1.578,1.0,0.0,0.0,0.0,0.20947,-0.05215,-1.60231,0.00274,-0.84967
124.05,SYN.ETH-26JUN20,1576666740986,open,0.05,547.0,0.021,0.096,0.052684,92.64,0.056,0.0,ETH-26JUN20-280-C,123.39,89.67,0.047,528.0,0.058,478.0,95.3,0.24291,-0.05895,0.08865,0.00326,0.18934
123.19,ETH-27DEC19,1576666740988,open,0.0,1759.0,0.001,0.011,0.0,120.0,0.001,0.0,ETH-27DEC19-360-C,123.39,0.0,0.0,0.0,0.002,300.0,285.92,0.0,0.0,0.0,0.0,0.0
123.19,ETH-27DEC19,1576666740988,open,0.01,4049.0,0.001,0.022,0.006327,92.64,0.007,0.0,ETH-27DEC19-150-C,123.39,87.46,0.005,400.0,0.007,800.0,95.07,0.03332,-0.17388,0.00276,0.00975,0.0984
123.62,ETH-27MAR20,1576666740988,open,0.01,588.0,0.003,0.033,0.012149,110.68,0.015,0.0,ETH-27MAR20-360-C,123.39,107.02,0.01,560.0,0.014,260.0,113.54,0.0768,-0.04256,0.01611,0.00166,0.05977
123.19,ETH-27DEC19,1576666740988,open,0.98,2350.0,0.892,1.008,0.948222,120.0,0.96,0.0,ETH-27DEC19-240-P,123.39,0.0,0.001,15.0,0.0,0.0,0.0,0.00019,-0.00126,-0.05835,4e-05,-0.99974
123.36,SYN.ETH-31JAN20,1576666740988,open,0.04,1074.0,0.013,0.059,0.032826,80.68,0.033,0.0,ETH-31JAN20-100-P,123.39,78.7,0.031,360.0,0.035,417.0,83.0,0.1148,-0.10554,-0.03255,0.00778,-0.18667
123.19,ETH-27DEC19,1576666740990,open,0.0,21058.0,0.001,0.011,0.0,120.0,0.007,0.0,ETH-27DEC19-600-C,123.39,0.0,0.0,0.0,0.001,600.0,365.63,0.0,0.0,0.0,0.0,0.0
124.05,SYN.ETH-26JUN20,1576666740990,open,0.03,751.0,0.011,0.07,0.033656,98.07,0.029,0.0,ETH-26JUN20-360-C,123.39,95.55,0.03,480.0,0.037,180.0,100.26,0.18522,-0.04758,0.05961,0.00235,0.12554
123.62,ETH-27MAR20,1576666740992,open,0.08,1162.0,0.049,0.132,0.088449,85.76,0.081,0.0,ETH-27MAR20-160-C,123.39,81.42,0.08,581.0,0.096,281.0,89.59,0.24259,-0.10415,0.09284,0.00676,0.3629
123.62,ETH-27MAR20,1576666740992,open,0.05,2374.0,0.02,0.085,0.047843,90.55,0.045,0.0,ETH-27MAR20-200-C,123.39,88.02,0.044,301.0,0.051,595.0,92.57,0.19047,-0.08634,0.05756,0.00503,0.21801
123.62,ETH-27MAR20,1576666740992,open,0.01,1168.0,0.001,0.025,0.008102,117.86,0.009,0.0,ETH-27MAR20-440-C,123.39,112.74,0.006,760.0,0.01,260.0,121.79,0.05569,-0.03286,0.01078,0.00113,0.03997
123.19,ETH-27DEC19,1576666740994,open,0.0,6174.0,0.001,0.011,0.0,119.99,0.001,0.0,ETH-27DEC19-720-C,123.39,0.0,0.0,0.0,0.002,300.0,429.17,0.0,0.0,0.0,0.0,0.0
123.36,SYN.ETH-31JAN20,1576666740994,open,0.01,478.0,0.001,0.022,0.007672,96.85,0.007,0.0,ETH-31JAN20-220-C,123.39,95.18,0.007,200.0,0.008,50.0,97.64,0.05093,-0.05621,0.00775,0.00287,0.05997
123.19,ETH-27DEC19,1576666740996,open,0.0,11106.0,0.001,0.011,0.0,120.0,0.002,0.0,ETH-27DEC19-560-C,123.39,0.0,0.0,0.0,0.002,300.0,378.88,0.0,0.0,0.0,0.0,0.0
123.19,ETH-27DEC19,1576666740996,open,0.0,5504.0,0.001,0.016,0.003701,101.52,0.004,0.0,ETH-27DEC19-160-C,123.39,97.41,0.003,200.0,0.004,200.0,103.14,0.02226,-0.12731,0.00162,0.00594,0.05793
123.19,ETH-27DEC19,1576666740996,open,1.14,944.0,1.05,1.176,1.110734,162.97,1.12,0.0,ETH-27DEC19-260-P,123.39,0.0,0.001,9.0,0.0,0.0,0.0,0.00147,-0.01349,-0.06316,0.00024,-0.99754
124.05,SYN.ETH-26JUN20,1576666740996,open,0.06,1006.0,0.032,0.093,0.059542,80.54,0.05,0.0,ETH-26JUN20-80-P,123.39,79.62,0.058,2.0,0.062,250.0,82.0,0.20744,-0.04377,-0.13474,0.0032,-0.14816
124.05,SYN.ETH-26JUN20,1576666740996,open,0.23,161.0,0.182,0.284,0.234122,77.62,0.246,0.0,ETH-26JUN20-120-C,123.39,69.53,0.212,51.0,0.248,210.0,82.73,0.3378,-0.06869,0.25876,0.00541,0.633
123.19,ETH-27DEC19,1576666740998,open,0.0,10814.0,0.001,0.011,0.0,120.0,0.001,0.0,ETH-27DEC19-400-C,123.39,0.0,0.0,0.0,0.001,1.0,285.67,0.0,0.0,0.0,0.0,0.0
124.05,SYN.ETH-26JUN20,1576666740998,open,0.54,1.0,0.515,0.569,0.541427,86.02,0.69,0.0,ETH-26JUN20-60-C,123.39,0.0,0.516,1.0,0.0,0.0,0.0,0.11993,-0.02702,0.25233,0.00173,0.93039
123.62,ETH-27MAR20,1576666741000,open,0.0,885.0,0.001,0.014,0.003419,119.99,0.004,0.0,ETH-27MAR20-560-C,123.39,118.12,0.003,720.0,0.007,220.0,131.78,0.02887,-0.01734,0.00499,0.00058,0.01818
123.62,ETH-27MAR20,1576666741000,open,0.01,1637.0,0.001,0.022,0.006484,119.99,0.013,0.0,ETH-27MAR20-480-C,123.39,115.74,0.005,720.0,0.009,220.0,125.95,0.04683,-0.02813,0.00875,0.00093,0.03235
123.19,ETH-27DEC19,1576666741000,open,1.31,310.0,1.207,1.342,1.272912,120.0,0.49,0.0,ETH-27DEC19-280-P,123.39,0.0,0.003,9.0,0.0,0.0,0.0,1e-05,-5e-05,-0.06809,0.0,-0.99999
123.19,ETH-27DEC19,1576666741002,open,0.0,12762.0,0.001,0.011,0.0,120.0,0.001,0.0,ETH-27DEC19-680-C,123.39,0.0,0.0,0.0,0.002,300.0,417.88,0.0,0.0,0.0,0.0,0.0
123.36,SYN.ETH-31JAN20,1576666741002,open,0.11,22.0,0.079,0.153,0.116638,75.32,0.182,0.0,ETH-31JAN20-120-C,123.39,71.87,0.112,253.0,0.121,96.0,78.56,0.16593,-0.14242,0.07069,0.01204,0.59335
123.19,ETH-27DEC19,1576666741006,open,0.0,2113.0,0.001,0.011,0.0,120.0,0.001,0.0,ETH-27DEC19-280-C,123.39,0.0,0.0,0.0,0.001,52.0,211.07,1e-05,-4e-05,0.0,0.0,1e-05
123.62,ETH-27MAR20,1576666741006,open,0.16,1395.0,0.105,0.204,0.152845,81.88,0.172,0.0,ETH-27MAR20-120-P,123.39,77.97,0.145,555.0,0.163,235.0,86.95,0.24781,-0.10158,-0.18308,0.00724,-0.38838
123.19,ETH-27DEC19,1576666741006,open,0.0,13247.0,0.001,0.011,0.0,119.99,0.001,0.0,ETH-27DEC19-520-C,123.39,0.0,0.0,0.0,0.002,300.0,363.73,0.0,0.0,0.0,0.0,0.0
123.62,ETH-27MAR20,1576666741008,open,0.02,2302.0,0.006,0.048,0.021131,101.82,0.018,0.0,ETH-27MAR20-280-C,123.39,98.33,0.018,254.0,0.024,560.0,104.8,0.11537,-0.05881,0.02745,0.00271,0.10228
123.62,ETH-27MAR20,1576666741006,open,0.53,1550.0,0.452,0.588,0.517648,86.69,0.47,0.0,ETH-27MAR20-180-P,123.39,65.23,0.484,30.0,0.551,300.0,104.84,0.21524,-0.09341,-0.42081,0.00594,-0.72637
6648.16,SYN.BTC-20DEC19,1576666741139,open,0.36,2.1,0.3275,0.3815,0.35376037,106.49,0.337,0.0,BTC-20DEC19-9000-P,6649.68,0.0,0.3475,2.0,0.362,2.0,293.95,0.00084,-0.02396,-0.46249,0.0,-0.99996
6648.16,SYN.BTC-20DEC19,1576666741145,open,0.36,2.1,0.3275,0.3815,0.35376037,106.49,0.337,0.0,BTC-20DEC19-9000-P,6649.68,0.0,0.348,2.0,0.362,2.0,293.95,0.00084,-0.02396,-0.46249,0.0,-0.99996
6648.16,SYN.BTC-20DEC19,1576666741166,open,0.01,130.9,0.001,0.033,0.01233411,66.01,0.0125,0.0,BTC-20DEC19-6750-C,6649.68,59.27,0.0105,16.1,0.013,16.2,68.44,1.81893,-32.0069,0.12664,0.00121,0.38301
6648.16,SYN.BTC-20DEC19,1576666741167,open,0.01,130.9,0.001,0.033,0.01233411,66.01,0.0125,0.0,BTC-20DEC19-6750-C,6649.68,59.27,0.0105,17.3,0.013,16.2,68.44,1.81893,-32.0069,0.12664,0.00121,0.38301
6648.16,SYN.BTC-20DEC19,1576666741228,open,0.01,130.9,0.001,0.033,0.01233411,66.01,0.0125,0.0,BTC-20DEC19-6750-C,6649.68,59.27,0.0105,16.1,0.013,15.0,68.44,1.81893,-32.0069,0.12664,0.00121,0.38301
123.35,SYN.ETH-20DEC19,1576666741692,open,0.08,830.0,0.028,0.1,0.062795,95.13,0.075,0.0,ETH-20DEC19-130-P,123.39,76.45,0.059,40.0,0.066,40.0,109.27,0.0269,-0.68228,-0.00527,0.03617,-0.76917
123.35,SYN.ETH-20DEC19,1576666741692,open,0.1,2.0,0.081,0.142,0.11119,115.55,0.21,0.0,ETH-20DEC19-110-C,123.39,0.0,0.108,40.0,0.116,40.0,152.15,0.0128,-0.39416,0.00514,0.01416,0.92279
123.35,SYN.ETH-20DEC19,1576666741692,open,0.0,654.0,0.001,0.019,0.003065,116.39,0.005,0.0,ETH-20DEC19-110-P,123.39,105.21,0.002,400.0,0.004,353.0,124.72,0.01297,-0.37811,-0.00052,0.01426,-0.07862
123.35,SYN.ETH-20DEC19,1576666741694,open,0.48,0.0,0.417,0.505,0.459433,191.0,None,0.0,ETH-20DEC19-180-P,123.39,0.0,0.01,50.0,0.49,1.0,492.55,0.00094,-0.04796,-0.00923,0.00063,-0.99645
123.35,SYN.ETH-20DEC19,1576666741694,open,0.15,531.0,0.103,0.177,0.137279,114.01,0.145,0.0,ETH-20DEC19-140-P,123.39,0.0,0.133,40.0,0.141,40.0,145.14,0.01131,-0.34363,-0.00679,0.01268,-0.93429
123.2,ETH-27DEC19,1576666741765,open,0.02,679.0,0.003,0.038,0.015183,88.75,0.02,0.0,ETH-27DEC19-110-P,123.39,85.9,0.014,360.0,0.017,160.0,93.02,0.05167,-0.25833,-0.00606,0.01577,-0.18726
6648.16,SYN.BTC-20DEC19,1576666742112,open,0.36,2.1,0.3275,0.3815,0.35376037,106.49,0.337,0.0,BTC-20DEC19-9000-P,6649.68,0.0,0.3475,2.0,0.362,2.0,293.95,0.00084,-0.02396,-0.46249,0.0,-0.99996
6648.16,SYN.BTC-20DEC19,1576666742116,open,0.36,2.1,0.3275,0.3815,0.35376037,106.49,0.337,0.0,BTC-20DEC19-9000-P,6649.68,0.0,0.348,2.0,0.362,2.0,293.95,0.00084,-0.02396,-0.46249,0.0,-0.99996
6648.16,SYN.BTC-20DEC19,1576666742153,open,0.01,130.9,0.001,0.033,0.0123337,66.01,0.0125,0.0,BTC-20DEC19-6750-C,6649.68,59.27,0.0105,16.1,0.013,16.2,68.44,1.81893,-32.0069,0.12664,0.00121,0.38301
6648.16,SYN.BTC-20DEC19,1576666742157,open,0.01,130.9,0.001,0.033,0.0123337,66.01,0.0125,0.0,BTC-20DEC19-6750-C,6649.68,59.27,0.0105,17.3,0.013,16.2,68.44,1.81893,-32.0069,0.12664,0.00121,0.38301
6648.16,SYN.BTC-20DEC19,1576666742217,open,0.01,130.9,0.001,0.033,0.0123337,66.01,0.0125,0.0,BTC-20DEC19-6750-C,6649.68,59.27,0.0105,16.1,0.013,15.0,68.44,1.81893,-32.0069,0.12664,0.00121,0.38301
123.62,ETH-27MAR20,1576666742749,open,0.38,20.0,0.353,0.419,0.385793,87.33,0.613,0.0,ETH-27MAR20-80-C,123.39,56.11,0.36,44.0,0.403,44.0,102.86,0.12843,-0.05615,0.16758,0.00352,0.88121
123.35,SYN.ETH-20DEC19,1576666743017,open,0.0,1142.0,0.001,0.011,0.0,120.0,0.001,0.0,ETH-20DEC19-190-C,123.39,0.0,0.0,0.0,0.001,56.0,267.65,0.0,0.0,0.0,0.0,0.0
123.35,SYN.ETH-20DEC19,1576666743017,open,0.56,0.0,0.496,0.588,0.540361,186.02,None,0.0,ETH-20DEC19-190-P,123.39,0.0,0.01,50.0,0.565,1.0,500.0,0.00023,-0.0114,-0.00976,0.00016,-0.99925
6648.15,SYN.BTC-20DEC19,1576666743154,open,0.36,2.1,0.3275,0.3815,0.35376198,109.26,0.337,0.0,BTC-20DEC19-9000-P,6649.68,0.0,0.3475,2.0,0.362,2.0,293.93,0.00125,-0.03644,-0.46248,0.0,-0.99994
6648.15,SYN.BTC-20DEC19,1576666743161,open,0.36,2.1,0.3275,0.3815,0.35376198,109.26,0.337,0.0,BTC-20DEC19-9000-P,6649.68,0.0,0.348,2.0,0.362,2.0,293.93,0.00125,-0.03644,-0.46248,0.0,-0.99994
6648.15,SYN.BTC-20DEC19,1576666743181,open,0.01,130.9,0.001,0.033,0.01233285,66.01,0.0125,0.0,BTC-20DEC19-6750-C,6649.68,59.27,0.0105,16.1,0.013,16.2,68.44,1.8189,-32.00477,0.12663,0.00121,0.38299
6648.15,SYN.BTC-20DEC19,1576666743186,open,0.01,130.9,0.001,0.033,0.01233285,66.01,0.0125,0.0,BTC-20DEC19-6750-C,6649.68,59.27,0.0105,17.3,0.013,16.2,68.44,1.8189,-32.00477,0.12663,0.00121,0.38299
6648.15,SYN.BTC-20DEC19,1576666743252,open,0.01,130.9,0.001,0.033,0.01233285,66.01,0.0125,0.0,BTC-20DEC19-6750-C,6649.68,59.27,0.0105,16.1,0.013,15.0,68.44,1.8189,-32.00477,0.12663,0.00121,0.38299
123.19,ETH-27DEC19,1576666743422,open,0.24,2497.0,0.184,0.268,0.223966,92.67,0.251,0.0,ETH-27DEC19-150-P,123.39,0.0,0.21,360.0,0.25,22.0,157.57,0.03334,-0.17403,-0.03372,0.00975,-0.90153
6642.46,BTC-27DEC19,1576666743833,open,0.02,235.8,0.0045,0.039,0.0175274,66.93,0.018,0.0,BTC-27DEC19-6250-P,6649.69,64.9,0.0165,43.5,0.018,5.0,67.86,3.37636,-12.73074,-0.4523,0.00047,-0.26249
6642.46,BTC-27DEC19,1576666743833,open,0.05,384.8,0.025,0.0755,0.0478393,62.55,0.052,0.0,BTC-27DEC19-6750-P,6649.69,61.2,0.047,0.1,0.0485,5.0,63.62,4.10467,-14.46435,-0.95939,0.00061,-0.54612
6642.46,BTC-27DEC19,1576666743833,open,0.25,0.0,0.2185,0.2765,0.24479318,82.89,0.1745,0.0,BTC-27DEC19-8250-P,6649.69,0.0,0.2365,2.0,0.251,2.0,108.74,1.12689,-5.26213,-1.92427,0.00013,-0.94653
6642.46,BTC-27DEC19,1576666743833,open,0.01,139.1,0.0015,0.03,0.0112812,64.83,0.011,0.0,BTC-27DEC19-7250-C,6649.69,63.06,0.0105,16.0,0.012,23.1,66.42,2.96411,-10.82502,0.31692,0.00043,0.20748
6642.46,BTC-27DEC19,1576666743833,open,0.33,0.0,0.292,0.3505,0.31882085,90.32,0.211,0.0,BTC-27DEC19-8750-P,6649.69,0.0,0.3115,2.0,0.326,2.0,127.93,0.69773,-3.55013,-2.08235,7e-05,-0.97036
6642.46,BTC-27DEC19,1576666743833,open,0.11,20.8,0.0765,0.133,0.10274431,64.83,0.1105,0.0,BTC-27DEC19-7250-P,6649.69,61.99,0.1015,0.1,0.1035,0.1,66.51,2.96411,-10.82502,-1.44606,0.00043,-0.79252
6642.46,BTC-27DEC19,1576666743833,open,0.03,70.3,0.013,0.056,0.03164952,62.55,0.0305,0.0,BTC-27DEC19-6750-C,6649.69,60.69,0.0305,0.3,0.032,6.0,63.12,4.10467,-14.46435,0.682,0.00061,0.45388
6683.87,BTC-27MAR20,1576666743834,open,1.71,0.0,1.6425,1.7705,1.70071977,96.68,1.23,0.0,BTC-27MAR20-18000-P,6649.69,0.0,0.0015,10.0,0.0,0.0,0.0,3.25504,-1.57549,-48.58917,3e-05,-0.95599
6642.46,BTC-27DEC19,1576666743834,open,0.66,248.6,0.624,0.692,0.65618066,115.0,0.6675,0.0,BTC-27DEC19-11000-P,6649.69,0.0,0.6495,2.0,0.6635,2.0,193.22,0.10139,-0.65683,-2.66991,1e-05,-0.99677
6683.88,BTC-27MAR20,1576666743834,open,4.11,0.0,3.9875,4.198,4.08798093,112.68,None,0.0,BTC-27MAR20-34000-P,6649.69,0.0,0.0015,10.0,0.0,0.0,0.0,0.66833,-0.377,-92.93003,0.0,-0.99315
6683.88,BTC-27MAR20,1576666743834,open,4.41,0.0,4.2805,4.5015,4.38685297,111.78,None,0.0,BTC-27MAR20-36000-P,6649.69,0.0,0.0015,10.0,0.0,0.0,0.0,0.4908,-0.27465,-98.43298,0.0,-0.99516
6683.88,BTC-27MAR20,1576666743834,open,5.01,1.0,4.867,5.1105,4.98484482,108.53,4.54,0.0,BTC-27MAR20-40000-P,6649.69,0.0,0.0015,10.0,0.0,0.0,0.0,0.22842,-0.1241,-109.42044,0.0,-0.99793
6642.46,BTC-27DEC19,1576666743834,open,0.0,506.6,0.0005,0.0185,0.00483301,88.04,0.0045,0.0,BTC-27DEC19-5500-P,6649.69,86.49,0.0045,8.8,0.0055,27.1,90.98,1.45805,-7.23109,-0.12806,0.00015,-0.07445
6683.88,BTC-27MAR20,1576666743836,open,2.01,5.2,1.935,2.073,1.99842224,100.95,2.035,0.0,BTC-27MAR20-20000-P,6649.69,0.0,0.0015,10.0,0.0,0.0,0.0,2.70382,-1.36649,-54.19809,2e-05,-0.96497
6642.47,BTC-27DEC19,1576666743836,open,6.87,0.8,6.675,6.988,6.82842501,332.87,3.59,0.0,BTC-27DEC19-52000-P,6649.69,0.0,0.001,1.0,0.0,0.0,0.0,0.00432,-0.08108,-12.64467,0.0,-0.99989
6642.47,BTC-27DEC19,1576666743836,open,5.05,0.0,4.904,5.1445,5.02186539,290.4,2.58,0.0,BTC-27DEC19-40000-P,6649.69,0.0,0.001,1.0,0.0,0.0,0.0,0.00382,-0.06243,-9.72665,0.0,-0.99991
6683.88,BTC-27MAR20,1576666743836,open,3.51,0.0,3.4005,3.5905,3.49051063,112.79,None,0.0,BTC-27MAR20-30000-P,6649.69,0.0,0.0015,10.0,0.0,0.0,0.0,1.1098,-0.62664,-81.90442,1e-05,-0.98777
6683.88,BTC-27MAR20,1576666743837,open,2.61,0.0,2.521,2.6795,2.59482876,107.55,None,0.0,BTC-27MAR20-24000-P,6649.69,0.0,0.0015,10.0,0.0,0.0,0.0,1.9225,-1.03516,-65.32147,1e-05,-0.97675
6683.88,BTC-27MAR20,1576666743837,open,2.91,0.0,2.8145,2.9835,2.89348177,110.68,None,0.0,BTC-27MAR20-26000-P,6649.69,0.0,0.0015,10.0,0.0,0.0,0.0,1.68257,-0.93231,-70.84565,1e-05,-0.98014
6725.28,SYN.BTC-26JUN20,1576666743834,open,3.78,0.0,3.6675,3.8875,3.76868959,103.63,None,0.0,BTC-26JUN20-32000-P,6649.69,0.0,0.002,1.0,0.0,0.0,0.0,4.52135,-1.22736,-166.16817,2e-05,-0.95607
6658.39,SYN.BTC-31JAN20,1576666743834,open,0.01,149.0,0.0005,0.0215,0.00709571,79.6,0.008,0.0,BTC-31JAN20-10500-C,6649.69,77.0,0.006,50.0,0.008,24.7,81.59,2.93474,-2.66228,0.46521,7e-05,0.06522
6683.88,BTC-27MAR20,1576666743837,open,3.21,0.0,3.1075,3.288,3.19219085,113.23,None,0.0,BTC-27MAR20-28000-P,6649.69,0.0,0.0015,10.0,0.0,0.0,0.0,1.46675,-0.83142,-76.36285,1e-05,-0.9831
6648.15,SYN.BTC-20DEC19,1576666743833,open,0.1,199.8,0.0695,0.1185,0.0920844,78.34,0.103,0.0,BTC-20DEC19-7250-P,6649.69,0.0,0.0905,5.8,0.0995,4.0,128.59,0.60339,-12.60065,-0.35094,0.00034,-0.93512
6642.47,BTC-27DEC19,1576666743837,open,0.08,1086.8,0.0475,0.1025,0.07296936,63.43,0.0735,0.0,BTC-27DEC19-7000-P,6649.69,61.67,0.072,0.3,0.0735,5.0,64.38,3.68158,-13.15417,-1.22367,0.00054,-0.68461
6658.39,SYN.BTC-31JAN20,1576666743836,open,0.05,265.2,0.0245,0.0735,0.04514485,65.35,0.048,0.0,BTC-31JAN20-6000-P,6649.69,64.37,0.044,21.8,0.046,0.2,66.08,7.81615,-5.82074,-2.62949,0.00022,-0.28338
6648.15,SYN.BTC-20DEC19,1576666743833,open,0.25,0.1,0.217,0.2685,0.24107254,115.0,0.1615,0.0,BTC-20DEC19-8250-P,6649.69,0.0,0.238,0.1,0.249,2.0,229.07,0.06864,-2.10419,-0.4223,3e-05,-0.99502
6642.47,BTC-27DEC19,1576666743839,open,0.03,972.4,0.0115,0.0545,0.02942547,63.76,0.028,0.0,BTC-27DEC19-6500-P,6649.69,62.21,0.0285,0.3,0.03,5.0,64.71,3.98678,-14.31891,-0.68463,0.00058,-0.39443
6725.28,SYN.BTC-26JUN20,1576666743836,open,3.48,0.0,3.3765,3.5855,3.47230554,101.83,None,0.0,BTC-26JUN20-30000-P,6649.69,0.0,0.002,1.0,0.0,0.0,0.0,4.87147,-1.29939,-155.59413,2e-05,-0.9518
6648.15,SYN.BTC-20DEC19,1576666743833,open,0.03,719.1,0.0075,0.0525,0.02765185,66.0,0.0285,0.0,BTC-20DEC19-6750-P,6649.69,59.93,0.026,13.2,0.029,1.2,70.91,1.81889,-32.00235,-0.22025,0.00121,-0.61702
6648.15,SYN.BTC-20DEC19,1576666743833,open,0.03,43.5,0.011,0.0565,0.03271263,69.27,0.031,0.0,BTC-20DEC19-6500-C,6649.69,60.46,0.0305,13.2,0.034,13.2,74.28,1.69546,-31.3064,0.22248,0.00108,0.68392
6648.15,SYN.BTC-20DEC19,1576666743833,open,0.13,0.0,0.1175,0.1585,0.13630431,114.98,None,0.0,BTC-20DEC19-5750-C,6649.69,0.0,0.129,7.0,0.143,7.0,180.52,0.37485,-11.48918,0.28285,0.00014,0.96423
6648.15,SYN.BTC-20DEC19,1576666743833,open,0.29,0.0,0.2535,0.306,0.27858847,115.0,0.154,0.0,BTC-20DEC19-8500-P,6649.69,0.0,0.272,2.0,0.2865,2.0,250.44,0.02528,-0.77498,-0.43626,1e-05,-0.99836
6648.15,SYN.BTC-20DEC19,1576666743834,open,0.32,0.2,0.2905,0.3435,0.31616542,115.0,0.207,0.0,BTC-20DEC19-8750-P,6649.69,0.0,0.3095,2.0,0.3245,2.0,274.69,0.00846,-0.2592,-0.44949,0.0,-0.9995
6648.15,SYN.BTC-20DEC19,1576666743833,open,0.06,5.8,0.042,0.089,0.06446727,83.68,0.0575,0.0,BTC-20DEC19-6250-C,6649.69,66.39,0.062,1.2,0.066,1.2,92.6,1.0846,-24.1929,0.27019,0.00057,0.85532
6648.15,SYN.BTC-20DEC19,1576666743833,open,0.21,5.6,0.18,0.231,0.20359729,109.0,0.1995,0.0,BTC-20DEC19-8000-P,6649.69,0.0,0.2015,0.1,0.211,4.0,202.72,0.12597,-3.66017,-0.40781,5e-05,-0.99009
6648.15,SYN.BTC-20DEC19,1576666743833,open,0.0,421.5,0.0005,0.02,0.00418331,70.67,0.004,0.0,BTC-20DEC19-7000-C,6649.69,66.63,0.0035,1.5,0.0045,33.0,72.46,1.1616,-21.88143,0.05338,0.00072,0.16043
6725.28,SYN.BTC-26JUN20,1576666743837,open,2.59,0.0,2.504,2.683,2.58493505,95.84,None,0.0,BTC-26JUN20-24000-P,6649.69,0.0,0.002,1.0,0.0,0.0,0.0,6.40253,-1.60735,-123.68123,3e-05,-0.93177
6658.39,SYN.BTC-31JAN20,1576666743836,open,0.1,24.8,0.073,0.1335,0.09922339,63.65,0.103,0.0,BTC-31JAN20-6500-C,6649.69,62.0,0.097,24.0,0.102,33.6,65.71,8.9906,-6.5213,3.90286,0.00027,0.58684
6648.15,SYN.BTC-20DEC19,1576666743833,open,0.0,483.7,0.0005,0.0115,0.00109425,94.72,0.001,0.0,BTC-20DEC19-7500-C,6649.69,93.18,0.001,8.0,0.0015,51.2,100.61,0.41727,-7.27476,0.01356,0.00019,0.04079
6658.39,SYN.BTC-31JAN20,1576666743836,open,0.07,128.9,0.043,0.1,0.06689528,63.75,0.069,0.0,BTC-31JAN20-7000-C,6649.69,62.01,0.0645,26.0,0.068,0.2,64.55,9.14809,-6.64595,3.09742,0.00027,0.45389
6648.15,SYN.BTC-20DEC19,1576666743833,open,0.1,7.3,0.0795,0.123,0.09969097,98.61,0.0965,0.0,BTC-20DEC19-6000-C,6649.69,0.0,0.092,7.0,0.106,7.0,145.47,0.62986,-16.55684,0.28415,0.00028,0.93142
6648.15,SYN.BTC-20DEC19,1576666743833,open,0.13,74.9,0.1065,0.157,0.12922693,94.72,0.1395,0.0,BTC-20DEC19-7500-P,6649.69,0.0,0.127,0.1,0.136,4.0,152.21,0.41727,-10.53615,-0.37185,0.00019,-0.95921
6658.39,SYN.BTC-31JAN20,1576666743837,open,0.26,0.0,0.242,0.2895,0.26393501,74.28,None,0.0,BTC-31JAN20-5000-C,6649.69,43.44,0.2505,8.0,0.284,8.0,100.9,4.26421,-3.60971,5.03248,0.00011,0.89269
6648.15,SYN.BTC-20DEC19,1576666743833,open,0.17,12.0,0.143,0.195,0.1665045,108.47,0.163,0.0,BTC-20DEC19-7750-P,6649.69,0.0,0.164,0.1,0.1735,4.0,178.49,0.2934,-8.48375,-0.38944,0.00012,-0.9734
6658.39,SYN.BTC-31JAN20,1576666743839,open,0.12,115.7,0.0885,0.157,0.1181791,63.73,0.1185,0.0,BTC-31JAN20-7000-P,6649.69,63.24,0.1175,2.0,0.1195,5.0,64.7,9.148,-6.64423,-5.31719,0.00027,-0.54615
123.2,ETH-27DEC19,1576666743905,open,0.17,4806.0,0.11,0.192,0.149762,86.96,0.17,0.0,ETH-27DEC19-140-P,123.39,77.62,0.146,40.0,0.154,40.0,96.52,0.05227,-0.25608,-0.02873,0.01629,-0.80917
124.04,SYN.ETH-26JUN20,1576666743905,open,0.02,667.0,0.007,0.055,0.023566,102.33,0.029,0.0,ETH-26JUN20-440-C,123.39,99.15,0.02,640.0,0.027,140.0,105.15,0.14561,-0.03903,0.04306,0.00177,0.08995
123.2,ETH-27DEC19,1576666743961,open,0.1,642.0,0.048,0.123,0.084608,82.13,0.091,0.0,ETH-27DEC19-130-P,123.39,75.91,0.081,120.0,0.089,120.0,89.6,0.07195,-0.3329,-0.02167,0.02374,-0.63887
123.62,ETH-27MAR20,1576666743961,open,2.94,0.0,2.771,3.021,2.889353,120.0,None,0.0,ETH-27MAR20-480-P,123.39,0.0,0.004,50.0,0.0,0.0,0.0,0.04684,-0.02814,-1.30468,0.00093,-0.96765
123.2,ETH-27DEC19,1576666743963,open,0.01,4146.0,0.001,0.022,0.006613,103.1,0.006,0.0,ETH-27DEC19-100-P,123.39,95.98,0.005,1060.0,0.008,200.0,108.63,0.02966,-0.17225,-0.00272,0.00779,-0.08409
124.04,SYN.ETH-26JUN20,1576666743963,open,4.24,0.0,4.013,4.35,4.172313,110.72,None,0.0,ETH-26JUN20-640-P,123.39,0.0,0.011,1.0,0.0,0.0,0.0,0.09188,-0.02665,-3.32293,0.00103,-0.95043
124.04,SYN.ETH-26JUN20,1576666743963,open,3.59,0.0,3.388,3.691,3.530835,108.2,None,0.0,ETH-26JUN20-560-P,123.39,0.0,0.01,50.0,0.0,0.0,0.0,0.11013,-0.03121,-2.89853,0.00127,-0.93764
123.2,ETH-27DEC19,1576666743965,open,0.81,2830.0,0.734,0.842,0.785926,132.92,0.65,0.0,ETH-27DEC19-220-P,123.39,0.0,0.001,9.0,0.0,0.0,0.0,0.00204,-0.01525,-0.0534,0.00042,-0.99647
123.2,ETH-27DEC19,1576666743965,open,0.57,0.0,0.498,0.594,0.543143,122.24,0.438,0.0,ETH-27DEC19-190-P,123.39,0.0,0.17,30.0,0.705,1.0,490.55,0.00716,-0.04932,-0.04579,0.00159,-0.98527
123.36,SYN.ETH-31JAN20,1576666743965,open,0.21,413.0,0.146,0.241,0.19254,76.5,0.138,0.0,ETH-31JAN20-140-P,123.39,72.23,0.187,436.0,0.198,96.0,80.67,0.16081,-0.14019,-0.12267,0.01149,-0.63473
123.36,SYN.ETH-31JAN20,1576666743965,open,0.98,0.0,0.891,1.02,0.951629,103.46,None,0.0,ETH-31JAN20-240-P,123.39,0.0,0.01,50.0,0.0,0.0,0.0,0.04188,-0.04938,-0.28246,0.00221,-0.95314
123.2,ETH-27DEC19,1576666743967,open,0.01,1042.0,0.002,0.035,0.013306,86.75,0.011,0.0,ETH-27DEC19-140-C,123.39,81.13,0.011,160.0,0.015,160.0,90.67,0.05216,-0.25487,0.0053,0.01629,0.19014
123.62,ETH-27MAR20,1576666743967,open,2.62,0.0,2.458,2.691,2.567396,117.86,None,0.0,ETH-27MAR20-440-P,123.39,0.0,0.003,50.0,0.0,0.0,0.0,0.05569,-0.03286,-1.1932,0.00113,-0.96003
124.04,SYN.ETH-26JUN20,1576666743967,open,0.03,1116.0,0.008,0.062,0.028221,100.56,0.024,0.0,ETH-26JUN20-400-C,123.39,97.24,0.024,440.0,0.032,440.0,103.31,0.16454,-0.04334,0.05063,0.00203,0.10628
123.36,SYN.ETH-31JAN20,1576666743967,open,0.66,0.0,0.578,0.693,0.632534,91.79,None,0.0,ETH-31JAN20-200-P,123.39,0.0,0.621,1.0,1.128,1.0,490.84,0.06774,-0.07086,-0.22918,0.00403,-0.91296
124.04,SYN.ETH-26JUN20,1576666743969,open,3.27,0.0,3.076,3.361,3.209899,105.97,None,0.0,ETH-26JUN20-520-P,123.39,0.0,0.01,50.0,0.0,0.0,0.0,0.11845,-0.03288,-2.68637,0.00139,-0.9315
124.04,SYN.ETH-26JUN20,1576666743969,open,0.08,720.0,0.041,0.13,0.081617,87.66,0.092,0.0,ETH-26JUN20-220-C,123.39,85.32,0.076,470.0,0.087,470.0,89.85,0.30121,-0.06916,0.12777,0.00427,0.27859
124.04,SYN.ETH-26JUN20,1576666743969,open,2.94,0.0,2.764,3.033,2.890072,104.29,None,0.0,ETH-26JUN20-480-P,123.39,0.0,0.01,50.0,0.0,0.0,0.0,0.13109,-0.03581,-2.47261,0.00156,-0.92179
123.62,ETH-27MAR20,1576666743976,open,0.84,30.0,0.746,0.894,0.815981,92.64,0.306,0.0,ETH-27MAR20-220-P,123.39,0.0,0.001,9.0,0.0,0.0,0.0,0.16473,-0.07639,-0.55618,0.00425,-0.82823
123.62,ETH-27MAR20,1576666743976,open,0.0,2330.0,0.001,0.017,0.004682,120.0,0.007,0.0,ETH-27MAR20-520-C,123.39,117.58,0.004,720.0,0.007,215.0,126.78,0.03671,-0.02205,0.00658,0.00073,0.02415
123.62,ETH-27MAR20,1576666743978,open,0.27,642.0,0.199,0.315,0.255997,82.59,0.239,0.0,ETH-27MAR20-140-P,123.39,76.82,0.244,200.0,0.272,320.0,90.27,0.25731,-0.10639,-0.26543,0.00745,-0.52869
123.36,SYN.ETH-31JAN20,1576666743978,open,0.03,839.0,0.01,0.056,0.029496,80.07,0.026,0.0,ETH-31JAN20-160-C,123.39,77.56,0.027,494.0,0.031,128.0,81.56,0.12411,-0.11325,0.02713,0.00847,0.21246
123.2,ETH-27DEC19,1576666743980,open,0.03,126.0,0.008,0.057,0.029328,81.98,0.032,0.0,ETH-27DEC19-130-C,123.39,76.25,0.026,438.0,0.033,538.0,88.24,0.07193,-0.3322,0.00993,0.02377,0.3608
124.04,SYN.ETH-26JUN20,1576666743980,open,0.02,330.0,0.005,0.05,0.020665,104.58,0.025,0.0,ETH-26JUN20-480-C,123.39,100.95,0.017,340.0,0.024,140.0,107.58,0.13223,-0.03622,0.03791,0.00157,0.07911
123.2,ETH-27DEC19,1576666743982,open,3.61,0.0,3.414,3.686,3.545824,321.41,0.845,0.0,ETH-27DEC19-560-P,123.39,0.0,0.02,50.0,0.0,0.0,0.0,0.00165,-0.0299,-0.1361,0.00014,-0.9972
123.2,ETH-27DEC19,1576666743986,open,0.65,3531.0,0.577,0.676,0.623868,124.23,0.651,0.0,ETH-27DEC19-200-P,123.39,0.0,0.025,5.0,0.773,1.0,490.64,0.00426,-0.02981,-0.04841,0.00093,-0.9919
124.04,SYN.ETH-26JUN20,1576666743986,open,0.04,311.0,0.015,0.08,0.041091,95.29,0.042,0.0,ETH-26JUN20-320-C,123.39,92.82,0.037,480.0,0.045,180.0,97.55,0.21037,-0.05251,0.0715,0.00274,0.15132
124.04,SYN.ETH-26JUN20,1576666743986,open,0.21,1252.0,0.146,0.259,0.201409,77.58,0.225,0.0,ETH-26JUN20-120-P,123.39,76.33,0.198,226.0,0.212,210.0,81.48,0.33781,-0.06865,-0.36877,0.00541,-0.3671
123.36,SYN.ETH-31JAN20,1576666743986,open,0.05,352.0,0.029,0.09,0.057607,76.46,0.056,0.0,ETH-31JAN20-140-C,123.39,73.68,0.054,277.0,0.061,468.0,79.05,0.16079,-0.14009,0.0456,0.0115,0.36514
123.2,ETH-27DEC19,1576666743988,open,4.6,1.0,4.359,4.69,4.519929,362.13,2.792,0.0,ETH-27DEC19-680-P,123.39,0.0,0.02,50.0,0.0,0.0,0.0,0.00178,-0.03635,-0.16528,0.00013,-0.99695
123.2,ETH-27DEC19,1576666743988,open,0.32,13324.0,0.262,0.348,0.302511,102.09,0.302,0.0,ETH-27DEC19-160-P,123.39,0.0,0.274,19.0,0.329,19.0,180.33,0.02262,-0.13012,-0.03725,0.006,-0.94087
123.62,ETH-27MAR20,1576666743990,open,3.27,0.0,3.085,3.351,3.211121,120.0,None,0.0,ETH-27MAR20-520-P,123.39,0.0,0.006,50.0,0.0,0.0,0.0,0.03671,-0.02205,-1.4163,0.00073,-0.97585
123.62,ETH-27MAR20,1576666743990,open,1.0,118.0,0.899,1.055,0.972608,97.16,0.978,0.0,ETH-27MAR20-240-P,123.39,0.0,0.004,9.0,0.0,0.0,0.0,0.14847,-0.07222,-0.61768,0.00365,-0.85341
123.62,ETH-27MAR20,1576666743990,open,3.6,0.0,3.399,3.682,3.533432,120.0,None,0.0,ETH-27MAR20-560-P,123.39,0.0,0.02,50.0,0.0,0.0,0.0,0.02887,-0.01735,-1.52735,0.00058,-0.98182
123.2,ETH-27DEC19,1576666743990,open,1.97,257.0,1.837,2.012,1.922315,229.8,0.995,0.0,ETH-27DEC19-360-P,123.39,0.0,0.02,50.0,0.0,0.0,0.0,0.00147,-0.01897,-0.08747,0.00017,-0.99755
124.04,SYN.ETH-26JUN20,1576666743990,open,1.97,1.0,1.832,2.054,1.935697,97.91,1.827,0.0,ETH-26JUN20-360-P,123.39,0.0,0.015,2.0,0.0,0.0,0.0,0.18453,-0.04733,-1.82327,0.00234,-0.87512
124.04,SYN.ETH-26JUN20,1576666743990,open,2.29,0.0,2.142,2.379,2.252727,100.36,None,0.0,ETH-26JUN20-400-P,123.39,0.0,0.01,50.0,0.0,0.0,0.0,0.16375,-0.04305,-2.04144,0.00203,-0.89443
123.36,SYN.ETH-31JAN20,1576666743990,open,0.82,1.0,0.734,0.855,0.791141,97.07,0.739,0.0,ETH-31JAN20-220-P,123.39,0.0,0.01,50.0,1.271,1.0,491.43,0.05128,-0.05673,-0.25664,0.00289,-0.9395
123.62,ETH-27MAR20,1576666743992,open,1.64,10.0,1.518,1.702,1.604274,106.57,1.59,0.0,ETH-27MAR20-320-P,123.39,0.0,1.588,1.0,0.0,0.0,0.0,0.09315,-0.0497,-0.85497,0.00209,-0.92326
123.2,ETH-27DEC19,1576666743992,open,0.0,12837.0,0.001,0.011,0.000359,119.98,0.001,0.0,ETH-27DEC19-200-C,123.39,0.0,0.0,0.0,0.002,225.0,149.18,0.0034,-0.02299,0.00018,0.00077,0.00628
123.2,ETH-27DEC19,1576666743992,open,4.27,0.0,4.044,4.355,4.195227,349.38,None,0.0,ETH-27DEC19-640-P,123.39,0.0,0.02,50.0,0.0,0.0,0.0,0.00174,-0.03421,-0.15555,0.00013,-0.99704
123.2,ETH-27DEC19,1576666743992,open,1.47,1.0,1.365,1.51,1.435263,192.25,0.494,0.0,ETH-27DEC19-300-P,123.39,0.0,0.021,3.0,0.0,0.0,0.0,0.00144,-0.01563,-0.07288,0.0002,-0.99759
124.04,SYN.ETH-26JUN20,1576666743992,open,0.32,1311.0,0.249,0.383,0.315233,81.22,0.213,0.0,ETH-26JUN20-140-P,123.39,75.93,0.3,200.0,0.333,210.0,87.41,0.35648,-0.07584,-0.50617,0.00545,-0.4651
123.62,ETH-27MAR20,1576666743995,open,3.92,0.0,3.713,4.013,3.85611,120.0,None,0.0,ETH-27MAR20-600-P,123.39,0.0,0.03,50.0,0.0,0.0,0.0,0.0228,-0.0137,-1.63798,0.00045,-0.98619
123.36,SYN.ETH-31JAN20,1576666743995,open,1.14,0.0,1.048,1.185,1.112334,108.17,None,0.0,ETH-31JAN20-260-P,123.39,0.0,0.01,50.0,0.0,0.0,0.0,0.03373,-0.04158,-0.30792,0.0017,-0.96411
124.04,SYN.ETH-26JUN20,1576666743995,open,0.31,1.0,0.266,0.36,0.313909,79.05,0.38,0.0,ETH-26JUN20-100-C,123.39,66.92,0.286,49.0,0.359,49.0,98.46,0.2873,-0.0595,0.28043,0.00452,0.74623
123.2,ETH-27DEC19,1576666743996,open,5.26,1.0,4.99,5.359,5.169332,385.61,3.236,0.0,ETH-27DEC19-760-P,123.39,0.0,0.02,50.0,0.0,0.0,0.0,0.00187,-0.04062,-0.18473,0.00013,-0.99679
123.62,ETH-27MAR20,1576666743996,open,4.25,0.0,4.027,4.346,4.179041,120.0,None,0.0,ETH-27MAR20-640-P,123.39,0.0,0.01,50.0,0.0,0.0,0.0,0.01808,-0.01086,-1.74831,0.00036,-0.98943
124.04,SYN.ETH-26JUN20,1576666743996,open,0.41,0.0,0.376,0.452,0.414675,80.58,None,0.0,ETH-26JUN20-80-C,123.39,66.28,0.392,48.0,0.443,48.0,96.87,0.20751,-0.0438,0.28352,0.0032,0.85175
123.62,ETH-27MAR20,1576666743998,open,2.29,5.0,2.145,2.363,2.246746,116.72,2.004,0.0,ETH-27MAR20-400-P,123.39,0.0,0.046,50.0,0.0,0.0,0.0,0.0697,-0.04073,-1.08038,0.00143,-0.94715
124.04,SYN.ETH-26JUN20,1576666743998,open,3.91,0.0,3.701,4.021,3.851376,109.46,None,0.0,ETH-26JUN20-600-P,123.39,0.0,0.01,50.0,0.0,0.0,0.0,0.10021,-0.02873,-3.11104,0.00114,-0.9447
124.04,SYN.ETH-26JUN20,1576666744002,open,2.62,0.0,2.452,2.705,2.570523,102.09,None,0.0,ETH-26JUN20-440-P,123.39,0.0,0.01,50.0,0.0,0.0,0.0,0.14464,-0.03868,-2.25824,0.00176,-0.91085
123.2,ETH-27DEC19,1576666744006,open,0.05,6967.0,0.013,0.07,0.038158,81.61,0.04,0.0,ETH-27DEC19-120-P,123.39,76.34,0.035,414.0,0.042,160.0,88.01,0.07389,-0.33972,-0.01293,0.02453,-0.39342
124.04,SYN.ETH-26JUN20,1576666744006,open,0.12,523.0,0.077,0.167,0.120036,79.03,0.13,0.0,ETH-26JUN20-100-P,123.39,76.85,0.115,200.0,0.126,250.0,81.6,0.2873,-0.05947,-0.24247,0.00452,-0.25376
123.36,SYN.ETH-31JAN20,1576666744008,open,0.1,1046.0,0.054,0.129,0.089485,75.37,0.095,0.0,ETH-31JAN20-120-P,123.39,72.78,0.086,607.0,0.094,96.0,78.73,0.16593,-0.14252,-0.07356,0.01203,-0.40657
124.04,SYN.ETH-26JUN20,1576666744008,open,0.02,110.0,0.004,0.046,0.018041,106.32,0.024,0.0,ETH-26JUN20-520-C,123.39,103.0,0.015,340.0,0.021,140.0,109.25,0.11977,-0.03336,0.03337,0.0014,0.06949
123.36,SYN.ETH-31JAN20,1576666744008,open,0.21,0.0,0.187,0.256,0.222139,80.62,None,0.0,ETH-31JAN20-100-C,123.39,44.68,0.195,39.0,0.252,39.0,110.47,0.11474,-0.10542,0.08769,0.00778,0.81349
6648.15,SYN.BTC-20DEC19,1576666744142,open,0.36,2.1,0.3275,0.3815,0.35376198,115.01,0.337,0.0,BTC-20DEC19-9000-P,6649.69,0.0,0.3475,2.0,0.362,2.0,293.93,0.00259,-0.07946,-0.46245,0.0,-0.99986
6648.15,SYN.BTC-20DEC19,1576666744145,open,0.36,2.1,0.3275,0.3815,0.35376198,115.01,0.337,0.0,BTC-20DEC19-9000-P,6649.69,0.0,0.348,2.0,0.362,2.0,293.93,0.00259,-0.07946,-0.46245,0.0,-0.99986
6648.15,SYN.BTC-20DEC19,1576666744170,open,0.01,130.9,0.001,0.033,0.01233244,66.0,0.0125,0.0,BTC-20DEC19-6750-C,6649.69,59.27,0.0105,16.1,0.013,16.2,68.44,1.81889,-32.00232,0.12663,0.00121,0.38298
6648.15,SYN.BTC-20DEC19,1576666744171,open,0.01,130.9,0.001,0.033,0.01233244,66.0,0.0125,0.0,BTC-20DEC19-6750-C,6649.69,59.27,0.0105,17.3,0.013,16.2,68.44,1.81889,-32.00232,0.12663,0.00121,0.38298
6648.15,SYN.BTC-20DEC19,1576666744234,open,0.01,130.9,0.001,0.033,0.01233244,66.0,0.0125,0.0,BTC-20DEC19-6750-C,6649.69,59.27,0.0105,16.1,0.013,15.0,68.44,1.81889,-32.00232,0.12663,0.00121,0.38298
123.35,SYN.ETH-20DEC19,1576666744693,open,0.0,1093.0,0.001,0.016,0.002171,112.83,0.002,0.0,ETH-20DEC19-140-C,123.39,96.95,0.001,204.0,0.003,200.0,121.34,0.01103,-0.26778,0.00039,0.0125,0.06364
123.35,SYN.ETH-20DEC19,1576666744693,open,0.02,1900.0,0.001,0.042,0.014747,92.58,0.022,0.0,ETH-20DEC19-120-P,123.39,85.78,0.013,200.0,0.018,343.0,105.02,0.03191,-0.78741,-0.00217,0.04408,-0.32706
123.35,SYN.ETH-20DEC19,1576666744693,open,0.01,1413.0,0.001,0.031,0.008782,94.74,0.013,0.0,ETH-20DEC19-130-C,123.39,86.31,0.007,200.0,0.01,160.0,100.25,0.02684,-0.6779,0.0014,0.03624,0.22989
123.35,SYN.ETH-20DEC19,1576666744693,open,0.32,54.0,0.26,0.339,0.29718,125.39,0.116,0.0,ETH-20DEC19-160-P,123.39,0.0,0.276,19.0,0.319,19.0,348.97,0.00061,-0.02036,-0.00821,0.00062,-0.99781
123.35,SYN.ETH-20DEC19,1576666744693,open,0.03,313.0,0.011,0.073,0.041888,92.51,0.049,0.0,ETH-20DEC19-120-C,123.39,77.22,0.038,120.0,0.045,199.0,104.43,0.0319,-0.78677,0.004,0.04411,0.67304
123.35,SYN.ETH-20DEC19,1576666744693,open,0.0,1937.0,0.001,0.011,0.000374,119.99,0.001,0.0,ETH-20DEC19-150-C,123.39,0.0,0.0,0.0,0.002,225.0,156.05,0.00293,-0.04617,8e-05,0.00312,0.01284
123.35,SYN.ETH-20DEC19,1576666744694,open,0.23,55.0,0.181,0.256,0.216449,120.85,0.216,0.0,ETH-20DEC19-150-P,123.39,0.0,0.195,20.0,0.238,20.0,293.32,0.00304,-0.09786,-0.00763,0.00321,-0.9866
123.35,SYN.ETH-20DEC19,1576666744694,open,0.0,75.0,0.001,0.011,0.0,119.99,0.001,0.0,ETH-20DEC19-180-C,123.39,0.0,0.0,0.0,0.001,30.0,239.27,0.0,-1e-05,0.0,0.0,1e-05
123.35,SYN.ETH-20DEC19,1576666744694,open,0.0,529.0,0.001,0.011,3.4e-05,119.99,0.001,0.0,ETH-20DEC19-160-C,123.39,0.0,0.0,0.0,0.001,17.0,175.21,0.00041,-0.00423,1e-05,0.00044,0.00143
123.35,SYN.ETH-20DEC19,1576666744694,open,0.4,0.0,0.338,0.423,0.37822,141.77,0.282,0.0,ETH-20DEC19-170-P,123.39,0.0,0.01,50.0,0.0,0.0,0.0,0.00028,-0.01073,-0.00873,0.00026,-0.99905
123.35,SYN.ETH-20DEC19,1576666744694,open,0.0,245.0,0.001,0.011,2e-06,119.99,0.001,0.0,ETH-20DEC19-170-C,123.39,0.0,0.0,0.0,0.001,62.0,208.62,4e-05,-0.00029,0.0,4e-05,0.00011
123.21,ETH-27DEC19,1576666744765,open,0.11,81.0,0.089,0.155,0.122294,88.54,0.129,0.0,ETH-27DEC19-110-C,123.39,77.8,0.118,40.0,0.126,40.0,97.14,0.05156,-0.25719,0.02071,0.01578,0.81338
6648.15,SYN.BTC-20DEC19,1576666745123,open,0.36,2.1,0.3275,0.3815,0.35376197,115.01,0.337,0.0,BTC-20DEC19-9000-P,6649.69,0.0,0.3475,2.0,0.362,2.0,293.93,0.00259,-0.07946,-0.46245,0.0,-0.99986
6648.15,SYN.BTC-20DEC19,1576666745125,open,0.36,2.1,0.3275,0.3815,0.35376197,115.01,0.337,0.0,BTC-20DEC19-9000-P,6649.69,0.0,0.348,2.0,0.362,2.0,293.93,0.00259,-0.07946,-0.46245,0.0,-0.99986
6648.15,SYN.BTC-20DEC19,1576666745149,open,0.01,130.9,0.001,0.033,0.01233203,66.0,0.0125,0.0,BTC-20DEC19-6750-C,6649.69,59.27,0.0105,16.1,0.013,16.2,68.44,1.81889,-32.00232,0.12663,0.00121,0.38298
6648.15,SYN.BTC-20DEC19,1576666745161,open,0.01,130.9,0.001,0.033,0.01233203,66.0,0.0125,0.0,BTC-20DEC19-6750-C,6649.69,59.27,0.0105,17.3,0.013,16.2,68.44,1.81889,-32.00232,0.12663,0.00121,0.38298
6648.15,SYN.BTC-20DEC19,1576666745212,open,0.01,130.9,0.001,0.033,0.01233203,66.0,0.0125,0.0,BTC-20DEC19-6750-C,6649.69,59.27,0.0105,16.1,0.013,15.0,68.44,1.81889,-32.00232,0.12663,0.00121,0.38298
6642.48,BTC-27DEC19,1576666745306,open,0.01,115.7,0.0005,0.0225,0.00688965,79.27,0.008,0.0,BTC-27DEC19-5750-P,6649.69,77.92,0.0065,20.1,0.0075,25.0,81.32,1.94175,-8.67119,-0.18805,0.00023,-0.10953
6642.48,BTC-27DEC19,1576666745306,open,0.07,21.3,0.0525,0.103,0.07661078,66.93,0.077,0.0,BTC-27DEC19-6250-C,6649.69,57.61,0.072,8.0,0.084,10.0,81.04,3.37623,-12.72948,1.06754,0.00047,0.73753
6642.48,BTC-27DEC19,1576666745306,open,0.14,0.2,0.1195,0.166,0.14124668,79.26,0.1905,0.0,BTC-27DEC19-5750-C,6649.69,38.19,0.1345,9.0,0.148,9.0,99.36,1.94148,-8.66905,1.21022,0.00023,0.89049
6642.48,BTC-27DEC19,1576666745309,open,0.0,168.6,0.0005,0.014,0.00278343,82.89,0.0025,0.0,BTC-27DEC19-8250-C,6649.69,81.17,0.0025,0.1,0.003,25.0,84.14,1.1269,-5.2621,0.08188,0.00013,0.05347
6642.48,BTC-27DEC19,1576666745309,open,0.0,60.9,0.0005,0.0115,0.00153777,90.32,0.002,0.0,BTC-27DEC19-8750-C,6649.69,84.5,0.001,67.0,0.002,5.0,94.37,0.69774,-3.5501,0.04539,7e-05,0.02964
6642.48,BTC-27DEC19,1576666745309,open,0.18,10.2,0.1455,0.2025,0.17162313,72.69,0.13,0.0,BTC-27DEC19-7750-P,6649.69,0.0,0.1635,7.0,0.1775,5.0,90.97,1.76647,-7.23361,-1.73714,0.00023,-0.90384
6648.17,SYN.BTC-20DEC19,1576666745436,open,0.0,168.5,0.0005,0.0155,0.00219714,98.61,0.002,0.0,BTC-20DEC19-6000-P,6649.69,90.54,0.0015,20.1,0.003,20.4,106.45,0.62986,-14.60697,-0.02418,0.00028,-0.06858
6648.17,SYN.BTC-20DEC19,1576666745436,open,0.0,157.4,0.0005,0.012,0.00120603,114.98,0.001,0.0,BTC-20DEC19-5750-P,6649.69,99.12,0.0005,40.5,0.002,36.0,127.09,0.37485,-8.0179,-0.01263,0.00014,-0.03577
6648.17,SYN.BTC-20DEC19,1576666745438,open,0.06,546.0,0.034,0.0835,0.05710703,70.67,0.0595,0.0,BTC-20DEC19-7000-P,6649.69,63.99,0.056,3.9,0.0585,5.2,78.25,1.1618,-21.88781,-0.30633,0.00072,-0.83953
6648.17,SYN.BTC-20DEC19,1576666745438,open,0.0,404.6,0.0005,0.013,0.00155599,78.34,0.0015,0.0,BTC-20DEC19-7250-C,6649.69,71.49,0.001,21.7,0.0015,0.8,77.71,0.60337,-10.3445,0.02163,0.00034,0.06487
6648.17,SYN.BTC-20DEC19,1576666745438,open,0.01,406.3,0.0005,0.031,0.01042766,69.27,0.0105,0.0,BTC-20DEC19-6500-P,6649.69,65.61,0.0095,1.2,0.0115,17.2,73.45,1.69545,-31.30727,-0.11155,0.00108,-0.31607
6648.17,SYN.BTC-20DEC19,1576666745440,open,0.01,271.5,0.0005,0.0215,0.00457793,83.68,0.0055,0.0,BTC-20DEC19-6250-P,6649.69,83.2,0.0045,1.0,0.005,20.0,86.23,1.0846,-24.19352,-0.05099,0.00057,-0.14468
6648.17,SYN.BTC-20DEC19,1576666745440,open,0.0,141.5,0.0005,0.0105,3.81e-05,115.0,0.0005,0.0,BTC-20DEC19-8500-C,6649.69,0.0,0.0,0.0,0.0005,8.0,151.47,0.02528,-0.2533,0.00055,1e-05,0.00164
6648.17,SYN.BTC-20DEC19,1576666745442,open,0.0,410.9,0.0005,0.0105,0.00076739,108.47,0.0005,0.0,BTC-20DEC19-7750-C,6649.69,101.58,0.0005,2.4,0.001,24.0,113.32,0.2934,-5.10174,0.00883,0.00012,0.0266
6648.17,SYN.BTC-20DEC19,1576666745442,open,0.0,138.8,0.0005,0.0105,2.77e-06,115.0,0.0005,0.0,BTC-20DEC19-9000-C,6649.69,0.0,0.0,0.0,0.0005,0.1,181.06,0.00259,-0.01839,5e-05,0.0,0.00014
6648.17,SYN.BTC-20DEC19,1576666745442,open,0.0,97.2,0.0005,0.0105,1.063e-05,115.0,0.0005,0.0,BTC-20DEC19-8750-C,6649.69,0.0,0.0,0.0,0.0015,34.0,195.19,0.00845,-0.07069,0.00017,0.0,0.0005
6648.17,SYN.BTC-20DEC19,1576666745442,open,0.0,313.8,0.0005,0.0105,0.00025576,109.0,0.0005,0.0,BTC-20DEC19-8000-C,6649.69,0.0,0.0,0.0,0.0005,0.2,119.08,0.12597,-1.70035,0.0033,5e-05,0.00991
6648.17,SYN.BTC-20DEC19,1576666745442,open,0.0,193.6,0.0005,0.0105,0.0001266,115.0,0.0005,0.0,BTC-20DEC19-8250-C,6649.69,0.0,0.0,0.0,0.0005,20.0,135.66,0.06864,-0.84165,0.00166,3e-05,0.00498
6648.17,SYN.BTC-20DEC19,1576665529066,open,0.0,97.2,0.0005,0.0105,1.063e-05,115.0,0.0005,0.0,BTC-20DEC19-8750-C,6649.69,0.0,0.0,0.0,0.0015,34.0,195.19,0.00845,-0.07069,0.00017,0.0,0.0005
6725.28,SYN.BTC-26JUN20,1576666151249,open,0.03,247.0,0.01,0.0625,0.0272208,88.61,0.027,0.0,BTC-26JUN20-18000-C,6649.69,87.34,0.0255,20.0,0.029,5.0,89.88,9.26383,-2.15033,2.98142,4e-05,0.112
6725.28,SYN.BTC-26JUN20,1576666719228,open,0.04,557.2,0.02,0.0865,0.04453643,82.72,0.045,0.0,BTC-26JUN20-14000-C,6649.69,81.34,0.042,20.8,0.047,33.9,84.01,12.62996,-2.73665,4.66039,6e-05,0.17706
6725.28,SYN.BTC-26JUN20,1576666660673,open,0.09,323.8,0.0555,0.1435,0.09229885,76.77,0.0905,0.0,BTC-26JUN20-10000-C,6649.69,75.88,0.09,8.3,0.094,13.4,77.41,17.63551,-3.54664,8.39657,0.0001,0.33107
6725.28,SYN.BTC-26JUN20,1576666579711,open,0.06,288.4,0.032,0.109,0.06221217,79.84,0.0595,0.0,BTC-26JUN20-12000-C,6649.69,78.61,0.0595,5.0,0.0645,14.3,80.85,15.03396,-3.14414,6.1655,8e-05,0.23754
6648.17,SYN.BTC-20DEC19,1576666659848,open,0.0,157.4,0.0005,0.012,0.00120597,114.98,0.001,0.0,BTC-20DEC19-5750-P,6649.69,99.12,0.0005,40.5,0.002,36.0,127.09,0.37485,-8.0179,-0.01263,0.00014,-0.03577
6725.28,SYN.BTC-26JUN20,1576666650492,open,0.03,114.2,0.0135,0.0725,0.03413472,85.8,0.034,0.0,BTC-26JUN20-16000-C,6649.69,84.43,0.032,20.0,0.036,19.0,86.94,10.74977,-2.41593,3.67279,5e-05,0.13858
6725.28,SYN.BTC-26JUN20,1576666722826,open,0.02,893.8,0.0075,0.0555,0.02260589,91.37,0.0215,0.0,BTC-26JUN20-20000-C,6649.69,90.44,0.0215,20.0,0.0235,6.0,92.1,8.12944,-1.9458,2.49598,4e-05,0.09358
6725.28,SYN.BTC-26JUN20,1576666641378,open,0.03,471.2,0.017,0.0605,0.03381582,72.71,0.0325,0.0,BTC-26JUN20-4000-P,6649.69,71.33,0.032,10.1,0.035,14.9,73.61,8.87059,-1.68942,-4.8973,5e-05,-0.10545
6725.28,SYN.BTC-26JUN20,1576665529515,open,0.02,34.8,0.006,0.05,0.01919765,93.87,0.0215,0.0,BTC-26JUN20-22000-C,6649.69,92.73,0.018,20.0,0.0205,5.0,95.06,7.21557,-1.77425,2.13063,3e-05,0.07979
6725.28,SYN.BTC-26JUN20,1576666722849,open,0.08,291.8,0.048,0.116,0.07663856,71.24,0.0735,0.0,BTC-26JUN20-5000-P,6649.69,69.47,0.073,2.1,0.078,21.2,71.92,13.7144,-2.55935,-9.81352,8e-05,-0.20243
6725.28,SYN.BTC-26JUN20,1576665543963,open,0.02,12.5,0.005,0.046,0.01668683,96.24,0.0235,0.0,BTC-26JUN20-24000-C,6649.69,94.97,0.0155,20.0,0.018,21.0,97.56,6.48907,-1.63585,1.8548,3e-05,0.06943
6725.28,SYN.BTC-26JUN20,1576666719241,open,0.19,115.0,0.145,0.239,0.18765964,71.27,0.196,0.0,BTC-26JUN20-7000-C,6649.69,70.67,0.186,6.0,0.1925,11.3,72.96,19.09029,-3.56404,13.49563,0.00011,0.57143
6725.28,SYN.BTC-26JUN20,1576665543964,open,0.01,69.7,0.004,0.0425,0.01476561,98.46,0.0155,0.0,BTC-26JUN20-26000-C,6649.69,96.98,0.0135,20.0,0.016,21.5,99.83,5.89952,-1.52164,1.64024,3e-05,0.06141
6725.28,SYN.BTC-26JUN20,1576666734794,open,0.14,223.6,0.101,0.195,0.14272535,72.21,0.1515,0.0,BTC-26JUN20-8000-C,6649.69,71.95,0.142,16.0,0.1485,12.2,74.2,19.35289,-3.66074,11.56467,0.00011,0.47159
6683.73,BTC-27MAR20,1576666579080,open,0.04,527.4,0.0175,0.073,0.03879405,75.88,0.04,0.0,BTC-27MAR20-10000-C,6649.69,74.32,0.0365,29.0,0.0405,22.0,77.0,9.99273,-3.79575,3.0771,0.00011,0.20706
6725.28,SYN.BTC-26JUN20,1576666647784,open,0.12,189.7,0.075,0.1675,0.1149597,75.05,0.1145,0.0,BTC-26JUN20-9000-C,6649.69,73.44,0.1105,16.0,0.1175,12.8,75.95,18.73061,-3.68255,9.85991,0.00011,0.39534
6642.48,BTC-27DEC19,1576665529036,open,0.0,60.9,0.0005,0.0115,0.00153784,90.32,0.002,0.0,BTC-27DEC19-8750-C,6649.69,84.5,0.001,67.0,0.002,5.0,94.37,0.69774,-3.5501,0.04539,7e-05,0.02964
6683.73,BTC-27MAR20,1576666606356,open,0.01,251.8,0.0005,0.0205,0.00522731,105.21,0.0065,0.0,BTC-27MAR20-22000-C,6649.69,103.02,0.0045,34.0,0.006,5.0,107.31,2.33952,-1.23219,0.4421,2e-05,0.0294
6683.73,BTC-27MAR20,1576666719564,open,0.01,1542.3,0.0005,0.0305,0.01031917,92.46,0.0115,0.0,BTC-27MAR20-16000-C,6649.69,91.09,0.0095,20.0,0.011,12.0,93.54,4.11228,-1.90354,0.8909,4e-05,0.05904
6642.47,BTC-27DEC19,1576665529031,open,0.0,543.3,0.0005,0.012,0.0020478,86.67,0.002,0.0,BTC-27DEC19-8500-C,6649.69,82.16,0.0015,40.0,0.0025,25.0,89.87,0.88286,-4.31043,0.06044,9e-05,0.03946
6683.73,BTC-27MAR20,1576665529048,open,0.01,435.5,0.0005,0.026,0.00780347,96.96,0.008,0.0,BTC-27MAR20-18000-C,6649.69,95.27,0.007,33.0,0.0085,12.3,98.34,3.29052,-1.5973,0.673,3e-05,0.0446
6725.28,SYN.BTC-26JUN20,1576666713423,open,0.01,18.9,0.0035,0.0395,0.01306344,100.32,0.0145,0.0,BTC-26JUN20-28000-C,6649.69,98.95,0.012,20.0,0.014,21.0,101.46,5.36562,-1.41003,1.45463,2e-05,0.05443
6683.73,BTC-27MAR20,1576666707644,open,0.04,243.5,0.0205,0.068,0.03955825,71.04,0.0395,0.0,BTC-27MAR20-5000-P,6649.69,69.85,0.038,13.0,0.0415,32.1,72.53,8.74036,-3.10844,-3.77401,0.0001,-0.16681
6683.73,BTC-27MAR20,1576665529032,open,0.0,72.6,0.0005,0.0115,0.00183558,115.0,0.002,0.0,BTC-27MAR20-32000-C,6649.69,116.08,0.002,3.0,0.003,31.0,121.57,0.98487,-0.56703,0.1613,1e-05,0.01066
6683.73,BTC-27MAR20,1576665529035,open,0.0,73.2,0.0005,0.015,0.00321314,114.15,0.0025,0.0,BTC-27MAR20-28000-C,6649.69,110.77,0.0025,19.0,0.004,20.0,117.32,1.53617,-0.87787,0.26754,1e-05,0.01784
6683.73,BTC-27MAR20,1576666648886,open,0.08,772.9,0.05,0.1215,0.08105777,70.7,0.082,0.0,BTC-27MAR20-8000-C,6649.69,69.91,0.0795,12.6,0.0825,5.0,71.41,13.32962,-4.71788,5.49701,0.00015,0.38165
6683.73,BTC-27MAR20,1576665529072,open,0.01,507.5,0.0005,0.0225,0.00629386,101.32,0.0065,0.0,BTC-27MAR20-20000-C,6649.69,99.29,0.0055,33.1,0.007,5.0,102.97,2.74496,-1.39228,0.53752,2e-05,0.03569
6683.73,BTC-27MAR20,1576665529027,open,0.0,686.4,0.0005,0.0105,0.00059216,115.0,0.0015,0.0,BTC-27MAR20-40000-C,6649.69,125.53,0.0015,45.0,0.002,26.0,129.33,0.39137,-0.22533,0.05784,0.0,0.00375
6683.73,BTC-27MAR20,1576665528743,open,0.0,159.1,0.0005,0.018,0.00427585,108.16,0.004,0.0,BTC-27MAR20-24000-C,6649.69,105.36,0.0035,34.0,0.005,12.0,110.48,1.97795,-1.07105,0.3616,1e-05,0.02405
6658.39,SYN.BTC-31JAN20,1576666723076,open,0.01,163.0,0.0015,0.029,0.01112774,73.34,0.0105,0.0,BTC-31JAN20-9500-C,6649.69,71.46,0.01,57.0,0.012,18.0,74.73,4.10858,-3.43392,0.72684,0.00011,0.10194
6683.73,BTC-27MAR20,1576665529028,open,0.0,115.7,0.0005,0.0165,0.0037165,111.43,0.0075,0.0,BTC-27MAR20-26000-C,6649.69,108.48,0.003,19.0,0.0045,27.0,114.24,1.74473,-0.97331,0.31106,1e-05,0.02073
6658.39,SYN.BTC-31JAN20,1576666720078,open,0.01,149.0,0.0005,0.0215,0.0070944,79.6,0.008,0.0,BTC-31JAN20-10500-C,6649.69,77.0,0.006,50.0,0.008,24.7,81.59,2.93474,-2.66228,0.46521,7e-05,0.06522
6683.73,BTC-27MAR20,1576666729393,open,0.09,591.0,0.0595,0.13,0.09029276,68.77,0.0905,0.0,BTC-27MAR20-6000-P,6649.69,67.55,0.088,13.5,0.093,23.0,70.24,12.43112,-4.27952,-7.4239,0.00015,-0.31566
6683.73,BTC-27MAR20,1576666651541,open,0.12,561.4,0.089,0.1655,0.12359064,68.75,0.122,0.0,BTC-27MAR20-7000-C,6649.69,67.5,0.121,11.3,0.127,13.0,70.38,13.92969,-4.79455,7.2575,0.00017,0.52045
6658.39,SYN.BTC-31JAN20,1576666724728,open,0.07,128.9,0.043,0.1,0.06688704,63.75,0.069,0.0,BTC-31JAN20-7000-C,6649.69,62.01,0.0645,26.0,0.068,0.2,64.55,9.14809,-6.64595,3.09742,0.00027,0.45389
124.04,SYN.ETH-26JUN20,1576666636861,open,0.09,1165.0,0.052,0.147,0.096859,85.72,0.104,0.0,ETH-26JUN20-200-C,123.39,82.66,0.089,286.0,0.104,466.0,88.45,0.32182,-0.07227,0.14637,0.00467,0.32252
124.04,SYN.ETH-26JUN20,1576666654446,open,0.18,360.0,0.132,0.24,0.186629,81.25,0.18,0.0,ETH-26JUN20-140-C,123.39,79.28,0.181,268.0,0.193,478.0,83.46,0.35647,-0.07587,0.22594,0.00545,0.53498
6658.39,SYN.BTC-31JAN20,1576665528739,open,0.01,34.2,0.0005,0.0185,0.00530728,86.6,0.006,0.0,BTC-31JAN20-11500-C,6649.69,84.13,0.0045,35.0,0.006,36.0,88.54,2.28382,-2.2538,0.3374,5e-05,0.04746
6658.39,SYN.BTC-31JAN20,1576665529033,open,0.0,196.0,0.0005,0.016,0.00429998,88.55,0.0035,0.0,BTC-31JAN20-12000-C,6649.69,85.62,0.0035,56.0,0.005,21.0,90.84,1.93952,-1.95715,0.27591,4e-05,0.03877
6683.73,BTC-27MAR20,1576665529026,open,0.0,147.6,0.0005,0.011,0.0010254,115.0,0.002,0.0,BTC-27MAR20-36000-C,6649.69,119.45,0.0015,10.0,0.0025,20.0,126.17,0.61556,-0.3544,0.09538,0.0,0.00624
6658.39,SYN.BTC-31JAN20,1576666724737,open,0.1,24.8,0.073,0.1335,0.09921337,63.65,0.103,0.0,BTC-31JAN20-6500-C,6649.69,62.0,0.097,24.0,0.102,33.6,65.71,8.9906,-6.5213,3.90286,0.00027,0.58684
6658.39,SYN.BTC-31JAN20,1576666652341,open,0.03,126.3,0.013,0.055,0.02968657,65.79,0.03,0.0,BTC-31JAN20-8000-C,6649.69,64.23,0.028,37.0,0.031,12.9,66.99,7.25531,-5.43965,1.72236,0.00021,0.24488
124.04,SYN.ETH-26JUN20,1576666287497,open,0.04,311.0,0.015,0.08,0.041082,95.29,0.042,0.0,ETH-26JUN20-320-C,123.39,92.82,0.037,480.0,0.045,180.0,97.55,0.21037,-0.05251,0.0715,0.00274,0.15132
124.04,SYN.ETH-26JUN20,1576666732846,open,0.05,547.0,0.021,0.096,0.05265,92.63,0.056,0.0,ETH-26JUN20-280-C,123.39,89.67,0.047,528.0,0.058,478.0,95.3,0.24285,-0.05893,0.08862,0.00326,0.18928
6658.39,SYN.BTC-31JAN20,1576666648453,open,0.01,362.2,0.0045,0.0345,0.01474041,70.39,0.0145,0.0,BTC-31JAN20-9000-C,6649.69,68.69,0.0135,57.9,0.0155,16.0,71.4,4.95903,-3.97809,0.94587,0.00013,0.13292
124.04,SYN.ETH-26JUN20,1576666732810,open,0.21,1252.0,0.146,0.259,0.201454,77.58,0.225,0.0,ETH-26JUN20-120-P,123.39,76.33,0.198,226.0,0.212,210.0,81.48,0.33781,-0.06865,-0.36877,0.00541,-0.3671
124.04,SYN.ETH-26JUN20,1576666375423,open,0.08,720.0,0.041,0.13,0.081601,87.66,0.092,0.0,ETH-26JUN20-220-C,123.39,85.32,0.076,470.0,0.087,470.0,89.85,0.30121,-0.06916,0.12777,0.00427,0.27859
6658.39,SYN.BTC-31JAN20,1576666723721,open,0.04,149.1,0.024,0.074,0.04425506,64.33,0.0425,0.0,BTC-31JAN20-7500-C,6649.69,62.93,0.0425,28.0,0.0455,2.0,65.3,8.42444,-6.17549,2.33861,0.00025,0.33645
123.62,ETH-27MAR20,1576666286708,open,0.18,98.0,0.135,0.227,0.182085,81.86,0.2,0.0,ETH-27MAR20-120-C,123.39,76.34,0.171,257.0,0.191,257.0,86.31,0.24782,-0.10155,0.14529,0.00724,0.61161
123.62,ETH-27MAR20,1576666316603,open,0.0,2330.0,0.001,0.017,0.004682,120.0,0.007,0.0,ETH-27MAR20-520-C,123.39,117.58,0.004,720.0,0.007,215.0,126.78,0.03671,-0.02205,0.00658,0.00073,0.02415
124.04,SYN.ETH-26JUN20,1576666495531,open,0.02,667.0,0.007,0.055,0.023561,102.33,0.029,0.0,ETH-26JUN20-440-C,123.39,99.15,0.02,640.0,0.027,140.0,105.15,0.14561,-0.03903,0.04306,0.00177,0.08995
124.04,SYN.ETH-26JUN20,1576664194344,open,0.02,133.0,0.004,0.043,0.016522,108.61,0.022,0.0,ETH-26JUN20-560-C,123.39,105.66,0.014,140.0,0.019,440.0,111.24,0.1116,-0.03175,0.03043,0.00128,0.06344
124.04,SYN.ETH-26JUN20,1576666732864,open,0.07,535.0,0.033,0.118,0.070755,89.91,0.073,0.0,ETH-26JUN20-240-C,123.39,87.78,0.066,35.0,0.075,473.0,91.75,0.28202,-0.06642,0.11305,0.0039,0.24506
124.04,SYN.ETH-26JUN20,1576666375425,open,0.03,1116.0,0.008,0.062,0.028215,100.56,0.024,0.0,ETH-26JUN20-400-C,123.39,97.24,0.024,440.0,0.032,440.0,103.31,0.16454,-0.04334,0.05063,0.00203,0.10628
124.04,SYN.ETH-26JUN20,1576664176003,open,0.01,625.0,0.003,0.037,0.0131,111.28,0.017,0.0,ETH-26JUN20-640-C,123.39,108.34,0.011,340.0,0.015,440.0,113.68,0.09375,-0.02733,0.02448,0.00105,0.05084
123.62,ETH-27MAR20,1576666693363,open,0.05,2374.0,0.02,0.085,0.047842,90.55,0.045,0.0,ETH-27MAR20-200-C,123.39,88.02,0.044,301.0,0.051,595.0,92.57,0.19047,-0.08634,0.05756,0.00503,0.21801
123.62,ETH-27MAR20,1576665781051,open,0.01,1168.0,0.001,0.025,0.008101,117.86,0.009,0.0,ETH-27MAR20-440-C,123.39,112.74,0.006,760.0,0.01,260.0,121.79,0.05569,-0.03286,0.01078,0.00113,0.03997
123.62,ETH-27MAR20,1576666154070,open,0.02,2302.0,0.006,0.048,0.021137,101.83,0.018,0.0,ETH-27MAR20-280-C,123.39,98.33,0.018,254.0,0.024,560.0,104.8,0.11539,-0.05882,0.02746,0.00271,0.10231
123.2,ETH-27DEC19,1576664175929,open,0.0,13247.0,0.001,0.011,0.0,119.99,0.001,0.0,ETH-27DEC19-520-C,123.39,0.0,0.0,0.0,0.002,300.0,363.71,0.0,0.0,0.0,0.0,0.0
124.04,SYN.ETH-26JUN20,1576666636859,open,0.12,1969.0,0.073,0.176,0.122474,85.68,0.133,0.0,ETH-26JUN20-180-C,123.39,82.23,0.113,491.0,0.131,281.0,88.74,0.343,-0.07698,0.17057,0.00498,0.38546
123.2,ETH-27DEC19,1576664176083,open,0.0,16676.0,0.001,0.011,0.0,119.99,0.002,0.0,ETH-27DEC19-640-C,123.39,0.0,0.0,0.0,0.002,300.0,405.79,0.0,0.0,0.0,0.0,0.0
123.62,ETH-27MAR20,1576664176113,open,0.01,588.0,0.003,0.033,0.012153,110.69,0.015,0.0,ETH-27MAR20-360-C,123.39,107.02,0.01,560.0,0.014,260.0,113.54,0.07682,-0.04257,0.01611,0.00166,0.05979
123.62,ETH-27MAR20,1576664176096,open,0.0,885.0,0.001,0.014,0.00342,120.0,0.004,0.0,ETH-27MAR20-560-C,123.39,118.12,0.003,720.0,0.007,220.0,131.78,0.02887,-0.01735,0.00499,0.00058,0.01818
123.62,ETH-27MAR20,1576666138063,open,0.03,7248.0,0.01,0.063,0.031175,97.16,0.033,0.0,ETH-27MAR20-240-C,123.39,93.57,0.027,430.0,0.035,300.0,100.27,0.14847,-0.07222,0.03904,0.00365,0.14659
123.2,ETH-27DEC19,1576666729726,open,0.03,126.0,0.008,0.057,0.029355,81.98,0.032,0.0,ETH-27DEC19-130-C,123.39,76.25,0.026,438.0,0.033,538.0,88.24,0.07193,-0.3322,0.00993,0.02377,0.3608
123.2,ETH-27DEC19,1576665551179,open,0.0,397.0,0.001,0.011,0.000811,119.98,0.002,0.0,ETH-27DEC19-190-C,123.39,123.33,0.001,202.0,0.003,500.0,145.3,0.00649,-0.04389,0.00037,0.00147,0.01314
123.2,ETH-27DEC19,1576664176022,open,0.0,2232.0,0.001,0.011,0.0,119.99,0.001,0.0,ETH-27DEC19-320-C,123.39,0.0,0.0,0.0,0.002,300.0,259.93,0.0,0.0,0.0,0.0,0.0
123.2,ETH-27DEC19,1576664176032,open,0.0,4535.0,0.001,0.011,0.0,119.99,0.002,0.0,ETH-27DEC19-760-C,123.39,0.0,0.0,0.0,0.002,399.0,439.76,0.0,0.0,0.0,0.0,0.0
123.62,ETH-27MAR20,1576666698573,open,0.08,282.0,0.043,0.116,0.077077,82.61,0.072,0.0,ETH-27MAR20-100-P,123.39,79.47,0.072,320.0,0.083,596.0,86.24,0.20096,-0.08311,-0.10721,0.00582,-0.23986
123.62,ETH-27MAR20,1576666605945,open,0.16,1395.0,0.105,0.204,0.152801,81.86,0.172,0.0,ETH-27MAR20-120-P,123.39,77.97,0.145,555.0,0.163,235.0,86.95,0.24782,-0.10155,-0.18307,0.00724,-0.38839
123.2,ETH-27DEC19,1576666625669,open,0.06,206.0,0.032,0.097,0.064097,81.48,0.064,0.0,ETH-27DEC19-120-C,123.39,74.71,0.06,364.0,0.068,120.0,88.05,0.07389,-0.33915,0.01626,0.02457,0.60667
123.36,SYN.ETH-31JAN20,1576666694631,open,0.11,22.0,0.079,0.153,0.11671,75.34,0.182,0.0,ETH-31JAN20-120-C,123.39,71.85,0.112,253.0,0.121,96.0,78.54,0.16593,-0.14245,0.0707,0.01204,0.59343
123.62,ETH-27MAR20,1576666598587,open,0.12,86.0,0.079,0.169,0.123493,82.59,0.115,0.0,ETH-27MAR20-140-C,123.39,78.51,0.115,270.0,0.131,270.0,86.2,0.25731,-0.10639,0.11765,0.00745,0.47131
123.62,ETH-27MAR20,1576664176026,open,0.01,1637.0,0.001,0.022,0.006486,120.0,0.013,0.0,ETH-27MAR20-480-C,123.39,115.74,0.005,720.0,0.009,220.0,125.95,0.04684,-0.02814,0.00875,0.00093,0.03235
123.62,ETH-27MAR20,1576665699689,open,0.02,1264.0,0.004,0.039,0.015696,106.57,0.014,0.0,ETH-27MAR20-320-C,123.39,102.81,0.013,560.0,0.018,260.0,109.51,0.09315,-0.0497,0.02065,0.00209,0.07674
124.04,SYN.ETH-26JUN20,1576666732814,open,0.03,247.0,0.01,0.046,0.025047,85.95,0.017,0.0,ETH-26JUN20-60-P,123.39,82.72,0.022,200.0,0.028,300.0,88.95,0.11982,-0.02698,-0.06135,0.00173,-0.06953
123.2,ETH-27DEC19,1576666723217,open,0.05,6967.0,0.013,0.07,0.038123,81.61,0.04,0.0,ETH-27DEC19-120-P,123.39,76.34,0.035,414.0,0.042,160.0,88.01,0.07389,-0.33972,-0.01293,0.02453,-0.39342
123.2,ETH-27DEC19,1576666298571,open,0.01,4146.0,0.001,0.022,0.006606,103.1,0.006,0.0,ETH-27DEC19-100-P,123.39,95.98,0.005,1060.0,0.008,200.0,108.63,0.02966,-0.17225,-0.00272,0.00779,-0.08409
124.04,SYN.ETH-26JUN20,1576664176005,open,0.01,308.0,0.003,0.04,0.014614,109.94,0.018,0.0,ETH-26JUN20-600-C,123.39,106.56,0.012,340.0,0.017,440.0,112.71,0.10188,-0.02934,0.02715,0.00115,0.05647
123.2,ETH-27DEC19,1576664176019,open,0.0,1759.0,0.001,0.011,0.0,119.99,0.001,0.0,ETH-27DEC19-360-C,123.39,0.0,0.0,0.0,0.002,300.0,285.9,0.0,0.0,0.0,0.0,0.0
123.2,ETH-27DEC19,1576664176074,open,0.0,6174.0,0.001,0.011,0.0,119.99,0.001,0.0,ETH-27DEC19-720-C,123.39,0.0,0.0,0.0,0.002,300.0,429.15,0.0,0.0,0.0,0.0,0.0
123.62,ETH-27MAR20,1576666204945,open,0.04,1215.0,0.013,0.07,0.036333,92.64,0.037,0.0,ETH-27MAR20-220-C,123.39,89.3,0.032,599.0,0.04,299.0,95.34,0.16473,-0.07639,0.04581,0.00425,0.17177
123.2,ETH-27DEC19,1576664175931,open,0.0,11106.0,0.001,0.011,0.0,119.99,0.002,0.0,ETH-27DEC19-560-C,123.39,0.0,0.0,0.0,0.002,300.0,378.87,0.0,0.0,0.0,0.0,0.0
123.2,ETH-27DEC19,1576664175932,open,0.0,12762.0,0.001,0.011,0.0,119.99,0.001,0.0,ETH-27DEC19-680-C,123.39,0.0,0.0,0.0,0.002,300.0,417.86,0.0,0.0,0.0,0.0,0.0
124.04,SYN.ETH-26JUN20,1576666589161,open,0.03,751.0,0.011,0.07,0.033634,98.06,0.029,0.0,ETH-26JUN20-360-C,123.39,95.56,0.03,480.0,0.037,180.0,100.26,0.18516,-0.04756,0.05958,0.00235,0.1255
123.62,ETH-27MAR20,1576666563619,open,0.08,1162.0,0.049,0.132,0.08847,85.77,0.081,0.0,ETH-27MAR20-160-C,123.39,81.42,0.08,581.0,0.096,281.0,89.59,0.2426,-0.10417,0.09284,0.00676,0.36294
123.62,ETH-27MAR20,1576666077543,open,0.06,1899.0,0.029,0.101,0.061471,86.63,0.065,0.0,ETH-27MAR20-180-C,123.39,82.86,0.055,289.0,0.067,589.0,89.77,0.21515,-0.09331,0.07168,0.00594,0.27339
123.62,ETH-27MAR20,1576666205582,open,0.04,1037.0,0.014,0.059,0.032938,87.33,0.031,0.0,ETH-27MAR20-80-P,123.39,84.46,0.03,320.0,0.036,298.0,90.24,0.12843,-0.05615,-0.05132,0.00352,-0.11879
123.36,SYN.ETH-31JAN20,1576666724444,open,0.05,352.0,0.029,0.09,0.057623,76.46,0.056,0.0,ETH-31JAN20-140-C,123.39,73.68,0.054,277.0,0.061,468.0,79.05,0.16079,-0.14009,0.0456,0.0115,0.36514
123.36,SYN.ETH-31JAN20,1576666206637,open,0.02,397.0,0.005,0.038,0.017075,85.49,0.017,0.0,ETH-31JAN20-180-C,123.39,82.59,0.015,820.0,0.019,480.0,88.07,0.09047,-0.08814,0.01674,0.00578,0.12998
123.36,SYN.ETH-31JAN20,1576666589151,open,0.04,1074.0,0.013,0.059,0.032794,80.67,0.033,0.0,ETH-31JAN20-100-P,123.39,78.71,0.031,360.0,0.035,417.0,83.01,0.11478,-0.10551,-0.03253,0.00778,-0.18659
123.36,SYN.ETH-31JAN20,1576666723215,open,0.03,839.0,0.01,0.056,0.029505,80.07,0.026,0.0,ETH-31JAN20-160-C,123.39,77.56,0.027,494.0,0.031,128.0,81.56,0.12411,-0.11325,0.02713,0.00847,0.21246
123.62,ETH-27MAR20,1576664176043,open,0.0,5151.0,0.001,0.012,0.002526,120.0,0.004,0.0,ETH-27MAR20-600-C,123.39,122.41,0.003,728.0,0.007,520.0,136.37,0.0228,-0.0137,0.00382,0.00045,0.01381
123.36,SYN.ETH-31JAN20,1576666582711,open,0.1,1046.0,0.054,0.129,0.089461,75.37,0.095,0.0,ETH-31JAN20-120-P,123.39,72.78,0.086,607.0,0.094,96.0,78.73,0.16593,-0.14252,-0.07356,0.01203,-0.40657
123.62,ETH-27MAR20,1576664177340,open,0.01,1440.0,0.002,0.032,0.011023,116.72,0.014,0.0,ETH-27MAR20-400-C,123.39,110.83,0.008,580.0,0.014,393.0,121.63,0.0697,-0.04073,0.01415,0.00143,0.05285
123.62,ETH-27MAR20,1576664176068,open,0.0,800.0,0.001,0.011,0.001885,120.0,0.003,0.0,ETH-27MAR20-640-C,123.39,126.39,0.003,220.0,0.006,397.0,137.74,0.01808,-0.01086,0.00294,0.00036,0.01057
6683.59,BTC-27MAR20,1576666745847,open,0.08,772.9,0.05,0.1215,0.08105777,70.69,0.082,0.0,BTC-27MAR20-8000-C,6649.99,69.91,0.0795,12.6,0.0825,5.0,71.41,13.32882,-4.71708,5.49639,0.00015,0.3816
6642.48,BTC-27DEC19,1576666745847,open,0.0,562.6,0.0005,0.0105,0.0,115.0,0.0005,0.0,BTC-27DEC19-40000-C,6649.99,0.0,0.0,0.0,0.0005,10.6,381.25,0.0,0.0,0.0,0.0,0.0
6683.59,BTC-27MAR20,1576666745847,open,0.17,259.0,0.1315,0.2185,0.17091002,68.73,0.1735,0.0,BTC-27MAR20-7000-P,6649.99,67.1,0.1675,2.1,0.174,2.0,70.22,13.92951,-4.79309,-11.89706,0.00017,-0.47961
6683.59,BTC-27MAR20,1576666745847,open,0.02,1439.1,0.008,0.051,0.02263351,82.2,0.0215,0.0,BTC-27MAR20-12000-C,6649.99,81.61,0.022,0.7,0.023,5.0,82.54,7.23218,-2.97612,1.88815,7e-05,0.12588
6642.48,BTC-27DEC19,1576666745847,open,0.29,3.0,0.255,0.3135,0.28169227,86.68,0.1865,0.0,BTC-27DEC19-8500-P,6649.99,0.0,0.2745,2.0,0.288,2.0,116.89,0.88336,-4.31355,-2.00647,9e-05,-0.96051
6683.59,BTC-27MAR20,1576666745847,open,0.54,148.2,0.4895,0.591,0.53496461,75.85,0.5155,0.0,BTC-27MAR20-10000-P,6649.99,62.08,0.5165,8.0,0.5625,8.0,92.69,9.98857,-3.79282,-24.28789,0.00011,-0.79308
6683.59,BTC-27MAR20,1576666745847,open,0.04,527.4,0.0175,0.073,0.03879405,75.87,0.04,0.0,BTC-27MAR20-10000-C,6649.99,74.32,0.0365,29.0,0.0405,22.0,77.0,9.99131,-3.79491,3.07649,0.00011,0.20701
6642.48,BTC-27DEC19,1576666745848,open,0.7,0.0,0.689,0.7085,0.69890718,0.0,None,0.0,BTC-27DEC19-2000-C,6649.99,0.0,0.6925,16.0,0.7045,14.0,436.51,0.0,0.0,0.48634,0.0,1.0
6642.48,BTC-27DEC19,1576666745848,open,0.0,590.4,0.0005,0.0105,0.0,115.0,0.001,0.0,BTC-27DEC19-2500-P,6649.99,0.0,0.0,0.0,0.0005,155.1,252.27,0.0,0.0,0.0,0.0,0.0
6683.59,BTC-27MAR20,1576666745847,open,0.02,1357.2,0.005,0.0325,0.01487272,77.15,0.0155,0.0,BTC-27MAR20-4000-P,6649.99,75.9,0.014,5.0,0.016,5.0,78.73,4.70806,-1.81845,-1.55709,5e-05,-0.07027
6642.48,BTC-27DEC19,1576666745848,open,0.36,827.6,0.3285,0.39,0.35656934,98.94,0.35,0.0,BTC-27DEC19-9000-P,6649.99,0.0,0.3495,2.0,0.363,2.0,134.79,0.69063,-3.84928,-2.14391,7e-05,-0.97073
6683.59,BTC-27MAR20,1576666745848,open,0.41,7.4,0.397,0.4405,0.4164045,77.17,0.4255,0.0,BTC-27MAR20-4000-C,6649.99,52.34,0.404,8.0,0.8335,0.1,470.97,4.70977,-1.81953,9.38735,5e-05,0.9297
6642.48,BTC-27DEC19,1576666745848,open,0.0,839.6,0.0005,0.0105,0.0,115.0,0.0005,0.0,BTC-27DEC19-18000-C,6649.99,0.0,0.0,0.0,0.0005,16.0,231.17,0.0,0.0,0.0,0.0,0.0
6642.48,BTC-27DEC19,1576666745848,open,0.0,1541.5,0.0005,0.0105,0.0,115.0,0.0005,0.0,BTC-27DEC19-52000-C,6649.99,0.0,0.0,0.0,0.0005,41.9,427.63,0.0,0.0,0.0,0.0,0.0
6683.59,BTC-27MAR20,1576666745848,open,0.0,686.4,0.0005,0.0105,0.00059216,115.0,0.0015,0.0,BTC-27MAR20-40000-C,6649.99,125.53,0.0015,45.0,0.002,26.0,129.33,0.39124,-0.22525,0.05782,0.0,0.00375
6642.48,BTC-27DEC19,1576666745848,open,0.0,756.8,0.0005,0.0105,0.0,115.0,0.0005,0.0,BTC-27DEC19-24000-C,6649.99,0.0,0.0,0.0,0.0005,26.0,287.03,0.0,0.0,0.0,0.0,0.0
6642.48,BTC-27DEC19,1576666745847,open,0.0,1308.7,0.0005,0.0115,0.00195193,101.22,0.002,0.0,BTC-27DEC19-5000-P,6649.99,96.64,0.0015,25.0,0.0025,45.0,105.99,0.70775,-4.03546,-0.05186,7e-05,-0.03015
6642.48,BTC-27DEC19,1576666745847,open,0.0,1171.7,0.0005,0.0105,0.00016769,115.0,0.0005,0.0,BTC-27DEC19-11000-C,6649.99,0.0,0.0,0.0,0.0005,10.0,128.86,0.10139,-0.65684,0.00495,1e-05,0.00323
6642.48,BTC-27DEC19,1576666745847,open,0.77,12.1,0.7645,0.784,0.77418039,0.0,0.8415,0.0,BTC-27DEC19-1500-C,6649.99,0.0,0.7675,17.0,0.78,15.0,500.0,0.0,0.0,0.36475,0.0,1.0
6642.48,BTC-27DEC19,1576666745848,open,5.66,0.0,5.4945,5.759,5.62404196,305.79,3.46,0.0,BTC-27DEC19-44000-P,6649.99,0.0,0.001,1.0,0.0,0.0,0.0,0.00399,-0.06866,-10.69933,0.0,-0.9999
6642.48,BTC-27DEC19,1576666745848,open,0.0,832.1,0.0005,0.0105,1.2e-07,115.0,0.0005,0.0,BTC-27DEC19-3000-P,6649.99,0.0,0.0,0.0,0.0005,56.1,207.85,0.00015,-0.00077,-1e-05,0.0,0.0
6683.59,BTC-27MAR20,1576666745848,open,0.0,157.7,0.0005,0.012,0.00233394,114.15,0.0025,0.0,BTC-27MAR20-30000-C,6649.99,112.18,0.002,20.0,0.0025,7.0,115.05,1.1968,-0.68391,0.20129,1e-05,0.01334
6642.48,BTC-27DEC19,1576666745848,open,0.0,255.7,0.0005,0.0105,0.0,115.0,0.001,0.0,BTC-27DEC19-1500-P,6649.99,0.0,0.0,0.0,0.0005,43.0,377.84,0.0,0.0,0.0,0.0,0.0
6642.48,BTC-27DEC19,1576666745848,open,4.45,1.3,4.3135,4.53,4.41967069,273.43,3.212,0.0,BTC-27DEC19-36000-P,6649.99,0.0,0.0005,1.0,0.0,0.0,0.0,0.00365,-0.05617,-8.75398,0.0,-0.99991
6642.48,BTC-27DEC19,1576666745848,open,0.0,657.0,0.0005,0.0105,0.0,115.0,0.0005,0.0,BTC-27DEC19-28000-C,6649.99,0.0,0.0,0.0,0.0005,5.0,316.07,0.0,0.0,0.0,0.0,0.0
6642.48,BTC-27DEC19,1576666745848,open,0.0,811.2,0.0005,0.0105,0.00072536,113.85,0.0005,0.0,BTC-27DEC19-4500-P,6649.99,108.33,0.0005,28.2,0.001,21.0,119.2,0.30566,-1.96038,-0.01933,3e-05,-0.01124
6642.48,BTC-27DEC19,1576666745848,open,0.0,543.3,0.0005,0.012,0.0020478,86.67,0.002,0.0,BTC-27DEC19-8500-C,6649.99,82.16,0.0015,40.0,0.0025,25.0,89.87,0.88287,-4.31043,0.06044,9e-05,0.03946
6683.59,BTC-27MAR20,1576666745848,open,0.01,450.1,0.004,0.038,0.01432288,87.2,0.016,0.0,BTC-27MAR20-14000-C,6649.99,86.14,0.0135,0.1,0.015,5.2,88.05,5.28692,-2.30799,1.23452,5e-05,0.08183
6683.59,BTC-27MAR20,1576666745848,open,2.31,5.6,2.2285,2.376,2.29680253,105.0,1.545,0.0,BTC-27MAR20-22000-P,6649.99,0.0,0.0015,10.0,0.0,0.0,0.0,2.31869,-1.21888,-59.76141,2e-05,-0.97091
6642.48,BTC-27DEC19,1576666745848,open,0.0,111.1,0.0005,0.0105,0.00033847,113.51,0.0005,0.0,BTC-27DEC19-10500-C,6649.99,0.0,0.0,0.0,0.0005,1.0,118.59,0.18227,-1.16549,0.00953,1e-05,0.00624
6642.48,BTC-27DEC19,1576666745848,open,0.0,449.3,0.0005,0.0105,0.0,115.0,0.0005,0.0,BTC-27DEC19-44000-C,6649.99,0.0,0.0,0.0,0.0005,6.0,398.24,0.0,0.0,0.0,0.0,0.0
6642.48,BTC-27DEC19,1576666745848,open,0.0,530.9,0.0005,0.0105,0.0,115.0,0.0005,0.0,BTC-27DEC19-32000-C,6649.99,0.0,0.0,0.0,0.0005,5.4,340.78,0.0,0.0,0.0,0.0,0.0
6642.48,BTC-27DEC19,1576666745848,open,2.03,3.6,1.952,2.072,2.01092816,179.52,1.729,0.0,BTC-27DEC19-20000-P,6649.99,0.0,0.0,0.0,0.0,0.0,0.0,0.00305,-0.03089,-4.86328,0.0,-0.99993
6642.78,BTC-27DEC19,1576666745848,open,0.1,136.7,0.0845,0.134,0.10806296,73.82,0.1,0.0,BTC-27DEC19-6000-C,6649.99,55.13,0.1015,10.0,0.1145,10.0,88.9,2.65253,-11.03034,1.16102,0.00033,0.82682
6683.89,BTC-27MAR20,1576666745848,open,0.04,243.5,0.0205,0.068,0.03955825,71.06,0.0395,0.0,BTC-27MAR20-5000-P,6649.99,69.86,0.038,13.0,0.0415,32.1,72.53,8.74111,-3.10937,-3.77467,0.0001,-0.16683
6642.78,BTC-27DEC19,1576666745849,open,2.33,4.9,2.2475,2.3795,2.31202098,244.16,2.217,0.0,BTC-27DEC19-22000-P,6649.99,0.0,0.0,0.0,0.0,0.0,0.0,0.0525,-0.72214,-5.34746,0.0,-0.99844
6642.78,BTC-27DEC19,1576666745849,open,0.0,491.2,0.0005,0.0105,5.66e-06,115.01,0.0005,0.0,BTC-27DEC19-3500-P,6649.99,0.0,0.0,0.0,0.0005,23.0,170.27,0.00505,-0.03272,-0.00021,0.0,-0.00012
6642.78,BTC-27DEC19,1576666745849,open,6.26,0.0,6.085,6.3735,6.22622759,400.51,None,0.0,BTC-27DEC19-48000-P,6649.99,0.0,0.0005,1.0,0.0,0.0,0.0,0.07033,-1.58683,-11.66921,0.0,-0.99784
6683.89,BTC-27MAR20,1576666745848,open,0.05,328.8,0.0295,0.093,0.05549237,73.47,0.056,0.0,BTC-27MAR20-9000-C,6649.99,72.62,0.054,1.0,0.0565,5.0,74.04,11.77526,-4.33102,4.11128,0.00013,0.28028
6642.78,BTC-27DEC19,1576666745849,open,0.0,349.0,0.0005,0.0105,0.0,115.0,0.0005,0.0,BTC-27DEC19-48000-C,6649.99,0.0,0.0,0.0,0.0005,5.0,413.6,0.0,0.0,0.0,0.0,0.0
6683.89,BTC-27MAR20,1576666745848,open,0.09,591.0,0.0595,0.13,0.09029276,68.79,0.0905,0.0,BTC-27MAR20-6000-P,6649.99,67.55,0.088,13.5,0.093,23.0,70.24,12.43124,-4.28088,-7.42442,0.00015,-0.31565
6683.89,BTC-27MAR20,1576666745849,open,1.12,59.0,1.059,1.1705,1.10896165,87.26,0.877,0.0,BTC-27MAR20-14000-P,6649.99,0.0,0.4,0.5,1.255,0.5,181.42,5.29717,-2.31405,-37.07107,5e-05,-0.91797
6683.89,BTC-27MAR20,1576666745848,open,0.0,115.7,0.0005,0.0165,0.0037165,111.43,0.0075,0.0,BTC-27MAR20-26000-C,6649.99,108.48,0.003,19.0,0.0045,27.0,114.24,1.74441,-0.97308,0.31099,1e-05,0.02072
6683.89,BTC-27MAR20,1576666745849,open,0.0,159.1,0.0005,0.018,0.00427585,108.16,0.004,0.0,BTC-27MAR20-24000-C,6649.99,105.36,0.0035,34.0,0.005,12.0,110.48,1.97757,-1.07077,0.36152,1e-05,0.02404
6642.78,BTC-27DEC19,1576666745849,open,0.0,1219.4,0.0005,0.0115,0.00165371,98.93,0.002,0.0,BTC-27DEC19-9000-C,6649.99,97.4,0.0015,20.0,0.002,28.0,102.06,0.69072,-3.84931,0.04462,7e-05,0.02928
6642.78,BTC-27DEC19,1576666745848,open,0.47,4.3,0.4625,0.4835,0.47309323,0.0,0.5625,0.0,BTC-27DEC19-3500-C,6649.99,0.0,0.4675,10.0,0.479,10.0,250.36,0.0,0.0,0.85109,0.0,1.0
6642.78,BTC-27DEC19,1576666745849,open,0.21,895.9,0.1815,0.239,0.20795827,77.92,0.1925,0.0,BTC-27DEC19-8000-P,6649.99,0.0,0.2,7.0,0.21,0.9,86.5,1.40426,-6.16404,-1.83675,0.00017,-0.92912
6683.89,BTC-27MAR20,1576666745849,open,0.0,104.3,0.0005,0.011,0.00136587,115.0,0.002,0.0,BTC-27MAR20-34000-C,6649.99,116.11,0.0015,10.0,0.0025,5.0,122.72,0.77679,-0.4472,0.1236,1e-05,0.00812
6642.78,BTC-27DEC19,1576666745848,open,0.0,766.5,0.0005,0.0105,5.38e-06,114.99,0.0005,0.0,BTC-27DEC19-13000-C,6649.99,0.0,0.0,0.0,0.0005,5.0,164.73,0.0052,-0.03368,0.0002,0.0,0.00013
6642.78,BTC-27DEC19,1576666745849,open,0.0,1036.3,0.0005,0.0105,1.5e-07,114.99,0.0005,0.0,BTC-27DEC19-15000-C,6649.99,0.0,0.0,0.0,0.0005,5.0,194.43,0.0002,-0.00101,1e-05,0.0,0.0
6642.78,BTC-27DEC19,1576666745849,open,0.0,961.6,0.0005,0.0105,0.0,115.0,0.001,0.0,BTC-27DEC19-30000-C,6649.99,0.0,0.0,0.0,0.0005,5.9,328.88,0.0,0.0,0.0,0.0,0.0
6683.89,BTC-27MAR20,1576666745849,open,0.01,507.5,0.0005,0.0225,0.00629386,101.31,0.0065,0.0,BTC-27MAR20-20000-C,6649.99,99.29,0.0055,33.1,0.007,5.0,102.97,2.74445,-1.39193,0.53741,2e-05,0.03568
6683.89,BTC-27MAR20,1576666745849,open,0.01,251.8,0.0005,0.0205,0.00522731,105.2,0.0065,0.0,BTC-27MAR20-22000-C,6649.99,103.02,0.0045,34.0,0.006,5.0,107.31,2.3391,-1.23189,0.44201,2e-05,0.0294
6642.78,BTC-27DEC19,1576666745849,open,0.55,11.0,0.5385,0.558,0.54836157,0.0,0.5835,0.0,BTC-27DEC19-3000-C,6649.99,0.0,0.5415,13.0,0.554,11.0,299.74,0.0,0.0,0.72951,0.0,1.0
6642.78,BTC-27DEC19,1576666745849,open,0.0,1025.2,0.0005,0.0105,9.1e-07,114.99,0.0005,0.0,BTC-27DEC19-14000-C,6649.99,0.0,0.0,0.0,0.0005,5.0,180.22,0.00105,-0.00605,4e-05,0.0,2e-05
6642.78,BTC-27DEC19,1576666745849,open,0.0,259.4,0.0005,0.011,0.00101737,105.31,0.001,0.0,BTC-27DEC19-9500-C,6649.99,95.98,0.0005,91.0,0.0015,25.0,111.43,0.45909,-2.72361,0.02747,4e-05,0.01802
6683.89,BTC-27MAR20,1576666745849,open,0.41,100.8,0.357,0.457,0.40204587,73.49,0.385,0.0,BTC-27MAR20-9000-P,6649.99,67.05,0.391,8.0,0.6975,2.1,219.42,11.77691,-4.33271,-20.51472,0.00013,-0.71963
6642.78,BTC-27DEC19,1576666745849,open,0.01,946.8,0.0005,0.022,0.00679378,67.2,0.0075,0.0,BTC-27DEC19-7500-C,6649.99,64.79,0.006,35.0,0.0075,27.2,69.25,2.24202,-8.48699,0.2061,0.00031,0.13438
6642.78,BTC-27DEC19,1576666745849,open,0.25,66.8,0.2325,0.269,0.24921989,100.9,0.2985,0.0,BTC-27DEC19-5000-C,6649.99,0.0,0.242,10.0,0.256,10.0,140.58,0.70022,-3.97999,1.16467,6e-05,0.97024
6683.89,BTC-27MAR20,1576666745849,open,0.82,54.9,0.7705,0.8765,0.81803817,82.24,0.77,0.0,BTC-27MAR20-12000-P,6649.99,0.0,0.55,0.1,0.88,1.0,124.26,7.239,-2.98021,-30.94543,7e-05,-0.87396
6642.78,BTC-27DEC19,1576666745849,open,1.42,18.0,1.362,1.4575,1.40874256,181.31,1.261,0.0,BTC-27DEC19-16000-P,6649.99,0.0,1.4015,2.0,1.416,2.0,294.03,0.05053,-0.51612,-3.88847,0.0,-0.9985
6642.78,BTC-27DEC19,1576666745849,open,0.0,690.8,0.0005,0.0105,0.0,115.0,0.0005,0.0,BTC-27DEC19-36000-C,6649.99,0.0,0.0,0.0,0.0005,5.0,362.26,0.0,0.0,0.0,0.0,0.0
6683.89,BTC-27MAR20,1576666745849,open,0.01,435.5,0.0005,0.026,0.00780347,96.96,0.008,0.0,BTC-27MAR20-18000-C,6649.99,95.27,0.007,33.0,0.0085,12.3,98.34,3.28993,-1.59689,0.67286,3e-05,0.04459
6642.78,BTC-27DEC19,1576666745849,open,0.59,0.0,0.55,0.616,0.58107575,116.0,None,0.0,BTC-27DEC19-10500-P,6649.99,0.0,0.574,2.0,0.588,2.0,178.88,0.2102,-1.37356,-2.54211,2e-05,-0.99267
6683.89,BTC-27MAR20,1576666745849,open,1.41,1.2,1.3505,1.4695,1.40419205,92.55,1.4,0.0,BTC-27MAR20-16000-P,6649.99,0.0,1.3,0.1,1.5,0.1,167.0,4.12483,-1.91111,-42.88701,4e-05,-0.94074
6642.78,BTC-27DEC19,1576666745849,open,0.0,986.6,0.0005,0.0105,3.081e-05,114.99,0.0005,0.0,BTC-27DEC19-12000-C,6649.99,0.0,0.0,0.0,0.0005,8.9,147.72,0.02405,-0.15579,0.00103,0.0,0.00067
6642.78,BTC-27DEC19,1576666745849,open,0.82,73.0,0.7715,0.844,0.8065877,127.88,0.674,0.0,BTC-27DEC19-12000-P,6649.99,0.0,0.8005,2.0,0.814,2.0,218.15,0.06804,-0.49012,-2.91486,0.0,-0.99792
6683.89,BTC-27MAR20,1576666745849,open,0.0,73.2,0.0005,0.015,0.00321314,114.14,0.0025,0.0,BTC-27MAR20-28000-C,6649.99,110.77,0.0025,19.0,0.004,20.0,117.31,1.53589,-0.87766,0.26748,1e-05,0.01784
6683.89,BTC-27MAR20,1576666745849,open,0.0,147.6,0.0005,0.011,0.0010254,115.0,0.002,0.0,BTC-27MAR20-36000-C,6649.99,119.45,0.0015,10.0,0.0025,20.0,126.17,0.61542,-0.3543,0.09535,0.0,0.00624
6642.78,BTC-27DEC19,1576666745849,open,0.62,0.0,0.614,0.6335,0.62363455,0.0,None,0.0,BTC-27DEC19-2500-C,6649.99,0.0,0.617,14.0,0.629,12.0,357.71,0.0,0.0,0.60792,0.0,1.0
6642.78,BTC-27DEC19,1576666745850,open,0.51,504.0,0.476,0.541,0.50622345,114.66,0.507,0.0,BTC-27DEC19-10000-P,6649.99,0.0,0.499,2.0,0.513,2.0,165.63,0.36873,-2.38168,-2.41049,3e-05,-0.98604
6642.78,BTC-27DEC19,1576666745849,open,1.27,211.0,1.214,1.304,1.25819627,168.6,0.959,0.0,BTC-27DEC19-15000-P,6649.99,0.0,1.2515,2.0,1.2655,2.0,277.62,0.05072,-0.48173,-3.64528,0.0,-0.99849
6683.89,BTC-27MAR20,1576666745849,open,3.81,0.0,3.6945,3.8935,3.78958134,115.76,None,0.0,BTC-27MAR20-32000-P,6649.99,0.0,0.0015,10.0,0.0,0.0,0.0,1.02875,-0.59618,-87.39303,1e-05,-0.9888
6642.78,BTC-27DEC19,1576666745850,open,0.0,1038.8,0.0005,0.0105,0.0,115.0,0.0015,0.0,BTC-27DEC19-20000-C,6649.99,0.0,0.0,0.0,0.0005,19.4,251.89,0.0,0.0,0.0,0.0,0.0
6642.78,BTC-27DEC19,1576666745850,open,0.01,1682.2,0.0015,0.03,0.01134141,73.92,0.0115,0.0,BTC-27DEC19-6000-P,6649.99,73.07,0.011,10.0,0.0115,5.0,74.32,2.65548,-11.05838,-0.29855,0.00033,-0.17348
6642.78,BTC-27DEC19,1576666745850,open,0.0,106.3,0.0005,0.0105,0.0,115.0,0.0005,0.0,BTC-27DEC19-2000-P,6649.99,0.0,0.0,0.0,0.0005,15.2,306.84,0.0,0.0,0.0,0.0,0.0
6642.78,BTC-27DEC19,1576666745850,open,1.72,9.4,1.657,1.765,1.70983535,204.52,1.559,0.0,BTC-27DEC19-18000-P,6649.99,0.0,0.0,0.0,0.0,0.0,0.0,0.0508,-0.58525,-4.37482,0.0,-0.99849
6724.7,SYN.BTC-26JUN20,1576666745849,open,0.14,223.6,0.101,0.195,0.14272535,72.21,0.1515,0.0,BTC-26JUN20-8000-C,6649.99,71.96,0.142,16.0,0.1485,12.2,74.21,19.35097,-3.66026,11.56233,0.00011,0.47151
6642.78,BTC-27DEC19,1576666745850,open,0.0,833.8,0.0005,0.0105,9.597e-05,115.01,0.0005,0.0,BTC-27DEC19-4000-P,6649.99,0.0,0.0,0.0,0.0005,13.3,137.52,0.05853,-0.37918,-0.003,0.0,-0.00176
6724.7,SYN.BTC-26JUN20,1576666745847,open,0.06,288.4,0.032,0.109,0.06221217,79.84,0.0595,0.0,BTC-26JUN20-12000-C,6649.99,78.61,0.0595,5.0,0.0645,14.3,80.85,15.03076,-3.1434,6.16371,8e-05,0.23748
6724.7,SYN.BTC-26JUN20,1576666745848,open,0.25,21.1,0.21,0.299,0.25086616,71.27,0.271,0.0,BTC-26JUN20-6000-C,6649.99,57.13,0.2145,8.0,0.2885,8.0,85.95,17.29823,-3.22948,15.2322,0.0001,0.68401
6642.78,BTC-27DEC19,1576666745850,open,0.0,526.9,0.0005,0.0105,0.0,115.0,0.0005,0.0,BTC-27DEC19-22000-C,6649.99,0.0,0.0,0.0,0.0005,6.0,270.37,0.0,0.0,0.0,0.0,0.0
6642.78,BTC-27DEC19,1576666745850,open,0.0,394.4,0.0005,0.0105,2e-08,114.99,0.0005,0.0,BTC-27DEC19-16000-C,6649.99,0.0,0.0,0.0,0.0005,5.0,207.57,4e-05,-0.00017,0.0,0.0,0.0
6642.78,BTC-27DEC19,1576666745850,open,0.97,98.8,0.919,0.997,0.95710869,141.01,0.7985,0.0,BTC-27DEC19-13000-P,6649.99,0.0,0.9505,2.0,0.9645,2.0,240.01,0.05431,-0.43141,-3.15874,0.0,-0.99838
6683.89,BTC-27MAR20,1576666745850,open,0.01,1542.3,0.0005,0.0305,0.01031917,92.46,0.0115,0.0,BTC-27MAR20-16000-C,6649.99,91.09,0.0095,20.0,0.011,12.0,93.54,4.1116,-1.90307,0.89073,4e-05,0.05902
6642.78,BTC-27DEC19,1576666745851,open,0.02,309.7,0.0055,0.041,0.01914292,63.4,0.018,0.0,BTC-27DEC19-7000-C,6649.99,61.33,0.018,14.1,0.0195,6.9,64.04,3.68214,-13.1504,0.47867,0.00054,0.31547
6642.78,BTC-27DEC19,1576666745851,open,2.63,0.0,2.5425,2.6865,2.61310836,260.71,None,0.0,BTC-27DEC19-24000-P,6649.99,0.0,0.0,0.0,0.0,0.0,0.0,0.05228,-0.7678,-5.83382,0.0,-0.99844
6642.78,BTC-27DEC19,1576666745851,open,0.0,680.5,0.0005,0.0105,0.0,115.0,0.0005,0.0,BTC-27DEC19-26000-C,6649.99,0.0,0.0,0.0,0.0005,5.0,302.17,0.0,0.0,0.0,0.0,0.0
6683.89,BTC-27MAR20,1576666745850,open,0.29,2.1,0.2635,0.3245,0.29147298,71.04,0.3115,0.0,BTC-27MAR20-5000-C,6649.99,52.44,0.2695,8.0,0.3185,8.0,90.49,8.74014,-3.10843,9.90779,0.0001,0.8332
6642.78,BTC-27DEC19,1576666745850,open,0.0,1480.2,0.0005,0.016,0.00358872,77.66,0.0035,0.0,BTC-27DEC19-8000-C,6649.99,74.72,0.003,1.0,0.004,20.1,79.57,1.39334,-6.09583,0.10754,0.00017,0.07016
6642.78,BTC-27DEC19,1576666745850,open,1.12,268.3,1.0665,1.1505,1.10764745,154.68,0.9355,0.0,BTC-27DEC19-14000-P,6649.99,0.0,1.1015,2.0,1.115,2.0,259.7,0.05016,-0.43709,-3.40213,0.0,-0.99851
6683.89,BTC-27MAR20,1576666745851,open,0.12,561.4,0.089,0.1655,0.12359064,68.74,0.122,0.0,BTC-27MAR20-7000-C,6649.99,67.49,0.121,11.3,0.127,13.0,70.37,13.93004,-4.79341,7.25808,0.00017,0.52044
6642.78,BTC-27DEC19,1576666745851,open,0.39,30.7,0.386,0.4105,0.39791033,111.39,0.4745,0.0,BTC-27DEC19-4000-C,6649.99,0.0,0.3915,11.0,0.405,11.0,213.87,0.04494,-0.28201,0.97044,0.0,0.99868
6648.17,SYN.BTC-20DEC19,1576666745847,open,0.4,0.0,0.3645,0.42,0.3913643,125.79,None,0.0,BTC-20DEC19-9250-P,6649.99,0.0,0.3845,2.0,0.399,2.0,307.71,0.00274,-0.09172,-0.4753,0.0,-0.99985
6642.78,BTC-27DEC19,1576666745851,open,2.93,0.0,2.8375,2.994,2.91420661,277.28,None,0.0,BTC-27DEC19-26000-P,6649.99,0.0,0.0,0.0,0.0,0.0,0.0,0.0549,-0.85758,-6.32005,0.0,-0.99836
6642.78,BTC-27DEC19,1576666745851,open,3.84,0.3,3.7235,3.9155,3.81748506,318.68,2.744,0.0,BTC-27DEC19-32000-P,6649.99,0.0,0.0,0.0,0.0,0.0,0.0,0.05898,-1.05875,-7.77892,0.0,-0.99822
6724.7,SYN.BTC-26JUN20,1576666745849,open,0.01,87.8,0.002,0.0375,0.01199821,102.48,0.0115,0.0,BTC-26JUN20-30000-C,6649.99,101.1,0.011,1.0,0.013,21.0,103.79,4.99441,-1.34069,1.32715,2e-05,0.04974
6642.78,BTC-27DEC19,1576666745851,open,3.54,0.2,3.428,3.6085,3.51639225,305.78,2.51,0.0,BTC-27DEC19-30000-P,6649.99,0.0,0.0,0.0,0.0,0.0,0.0,0.05759,-0.99193,-7.29264,0.0,-0.99827
6642.78,BTC-27DEC19,1576666745851,open,0.0,1570.3,0.0005,0.0105,0.00076162,113.4,0.0005,0.0,BTC-27DEC19-10000-C,6649.99,107.65,0.0005,25.1,0.001,42.0,117.53,0.3478,-2.22176,0.01984,3e-05,0.01305
6683.89,BTC-27MAR20,1576666745851,open,0.0,72.6,0.0005,0.0115,0.00183558,115.0,0.002,0.0,BTC-27MAR20-32000-C,6649.99,116.08,0.002,3.0,0.003,31.0,121.56,0.98465,-0.56687,0.16126,1e-05,0.01065
6724.7,SYN.BTC-26JUN20,1576666745848,open,0.04,557.2,0.02,0.0865,0.04453643,82.72,0.045,0.0,BTC-26JUN20-14000-C,6649.99,81.35,0.042,20.8,0.047,33.9,84.01,12.62686,-2.73593,4.65892,6e-05,0.17702
6642.78,BTC-27DEC19,1576666745851,open,3.24,0.2,3.133,3.301,3.21529943,292.02,2.2765,0.0,BTC-27DEC19-28000-P,6649.99,0.0,0.0,0.0,0.0,0.0,0.0,0.05622,-0.92488,-6.80635,0.0,-0.99831
6724.7,SYN.BTC-26JUN20,1576666745850,open,0.02,34.8,0.006,0.05,0.01919765,93.87,0.0215,0.0,BTC-26JUN20-22000-C,6649.99,92.73,0.018,20.0,0.0205,5.0,95.06,7.2134,-1.7737,2.12988,3e-05,0.07976
6642.78,BTC-27DEC19,1576666745851,open,0.44,0.0,0.4025,0.465,0.43120612,106.23,None,0.0,BTC-27DEC19-9500-P,6649.99,0.0,0.4245,2.0,0.438,2.0,151.09,0.47815,-2.86139,-2.28132,4e-05,-0.98109
6658.29,SYN.BTC-31JAN20,1576666745847,open,0.02,338.2,0.008,0.0435,0.02091911,68.32,0.021,0.0,BTC-31JAN20-8500-C,6649.99,67.3,0.02,16.0,0.0215,14.8,68.95,6.07316,-4.72825,1.27919,0.00017,0.18074
6658.29,SYN.BTC-31JAN20,1576666745847,open,0.0,196.0,0.0005,0.016,0.00429998,88.55,0.0035,0.0,BTC-31JAN20-12000-C,6649.99,85.63,0.0035,56.0,0.005,21.0,90.84,1.93926,-1.95686,0.27586,4e-05,0.03877
6642.78,BTC-27DEC19,1576666745852,open,0.17,69.4,0.1565,0.2005,0.17682896,87.88,0.2335,0.0,BTC-27DEC19-5500-C,6649.99,0.0,0.17,9.0,0.1835,9.0,112.54,1.45259,-7.19141,1.21002,0.00015,0.92592
6658.29,SYN.BTC-31JAN20,1576666745849,open,0.02,318.8,0.005,0.033,0.01485445,74.26,0.014,0.0,BTC-31JAN20-5000-P,6649.99,72.91,0.014,21.9,0.0155,16.1,75.26,4.26282,-3.60739,-0.9774,0.00011,-0.10726
6658.29,SYN.BTC-31JAN20,1576666745849,open,0.3,15.2,0.2635,0.3375,0.29750458,68.3,0.2965,0.0,BTC-31JAN20-8500-P,6649.99,0.0,0.002,3.0,0.0,0.0,0.0,6.07129,-4.7254,-8.939,0.00017,-0.81935
6658.29,SYN.BTC-31JAN20,1576666745848,open,0.2,2.0,0.1745,0.2285,0.19982098,68.76,0.257,0.0,BTC-31JAN20-5500-C,6649.99,42.34,0.18,8.0,0.2255,8.0,94.79,6.02687,-4.72239,4.97532,0.00016,0.82144
6724.7,SYN.BTC-26JUN20,1576666745849,open,0.44,0.5,0.414,0.47,0.43904505,72.75,0.589,0.0,BTC-26JUN20-4000-C,6649.99,57.81,0.4215,8.0,0.464,8.0,90.1,8.87615,-1.69143,16.01503,5e-05,0.89445
6724.7,SYN.BTC-26JUN20,1576666745850,open,3.19,0.0,3.086,3.284,3.17645887,99.87,None,0.0,BTC-26JUN20-28000-P,6649.99,0.0,0.002,1.0,0.0,0.0,0.0,5.27336,-1.3795,-144.99916,2e-05,-0.94675
6724.7,SYN.BTC-26JUN20,1576666745847,open,0.33,0.0,0.2985,0.374,0.33317509,71.28,None,0.0,BTC-26JUN20-5000-C,6649.99,56.97,0.305,8.0,0.3665,8.0,87.25,13.71688,-2.56105,16.32819,8e-05,0.79748
6642.78,BTC-27DEC19,1576666745852,open,0.32,21.6,0.309,0.34,0.32326753,113.19,0.5285,0.0,BTC-27DEC19-4500-C,6649.99,0.0,0.3165,10.0,0.33,10.0,173.47,0.29699,-1.8937,1.07558,2e-05,0.98913
6658.29,SYN.BTC-31JAN20,1576666745849,open,0.81,0.0,0.768,0.852,0.80653829,88.46,None,0.0,BTC-31JAN20-12000-P,6649.99,0.0,0.0015,10.0,0.0,0.0,0.0,1.93214,-1.94773,-14.15021,4e-05,-0.96141
6724.7,SYN.BTC-26JUN20,1576666745848,open,3.78,0.0,3.6685,3.8875,3.76919521,103.77,None,0.0,BTC-26JUN20-32000-P,6649.99,0.0,0.002,1.0,0.0,0.0,0.0,4.54671,-1.23597,-166.1607,2e-05,-0.95576
6658.29,SYN.BTC-31JAN20,1576666745848,open,0.74,0.0,0.695,0.777,0.73245233,86.52,None,0.0,BTC-31JAN20-11500-P,6649.99,0.0,0.0015,10.0,0.0,0.0,0.0,2.27726,-2.24542,-13.48761,5e-05,-0.95271
6683.89,BTC-27MAR20,1576666745853,open,0.19,21.7,0.1585,0.232,0.19259043,68.78,0.186,0.0,BTC-27MAR20-6000-C,6649.99,65.5,0.1865,16.0,0.196,18.0,70.61,12.43112,-4.28011,8.99402,0.00015,0.68436
6724.7,SYN.BTC-26JUN20,1576666745848,open,0.03,471.2,0.017,0.0605,0.03381582,72.71,0.0325,0.0,BTC-26JUN20-4000-P,6649.99,71.32,0.032,10.1,0.035,14.9,73.6,8.87186,-1.6897,-4.89857,5e-05,-0.10548
6724.7,SYN.BTC-26JUN20,1576666745848,open,1.71,2.9,1.6355,1.788,1.70368929,88.44,1.55,0.0,BTC-26JUN20-18000-P,6649.99,0.0,1.45,0.1,2.1,0.1,242.78,9.22154,-2.13643,-91.16552,4e-05,-0.8887
6724.7,SYN.BTC-26JUN20,1576666745848,open,0.56,17.8,0.551,0.5865,0.56632464,77.85,0.623,0.0,BTC-26JUN20-3000-C,6649.99,60.39,0.5575,9.0,0.0,0.0,0.0,4.45649,-0.90886,13.73327,2e-05,0.95684
6724.7,SYN.BTC-26JUN20,1576666745851,open,0.01,69.7,0.004,0.0425,0.01476561,98.46,0.0155,0.0,BTC-26JUN20-26000-C,6649.99,96.98,0.0135,20.0,0.016,21.5,99.84,5.89767,-1.52115,1.63965,3e-05,0.06139
6724.7,SYN.BTC-26JUN20,1576666745849,open,0.03,247.0,0.01,0.0625,0.0272208,88.61,0.027,0.0,BTC-26JUN20-18000-C,6649.99,87.34,0.0255,20.0,0.029,5.0,89.88,9.26122,-2.1497,2.9804,4e-05,0.11197
6658.29,SYN.BTC-31JAN20,1576666745850,open,0.03,579.4,0.0115,0.049,0.02584687,68.75,0.027,0.0,BTC-31JAN20-5500-P,6649.99,68.36,0.0255,14.8,0.0265,0.2,69.46,6.02615,-4.72093,-1.63572,0.00016,-0.17852
6724.7,SYN.BTC-26JUN20,1576666745848,open,0.03,114.2,0.0135,0.0725,0.03413472,85.79,0.034,0.0,BTC-26JUN20-16000-C,6649.99,84.44,0.032,20.0,0.036,19.0,86.95,10.74688,-2.41524,3.67156,5e-05,0.13854
6658.29,SYN.BTC-31JAN20,1576666745848,open,0.18,137.0,0.1385,0.2105,0.17065401,64.31,0.1705,0.0,BTC-31JAN20-7500-P,6649.99,61.4,0.167,14.0,0.172,5.0,65.37,8.42357,-6.17347,-6.67741,0.00025,-0.66363
6724.7,SYN.BTC-26JUN20,1576666745849,open,0.02,12.5,0.005,0.046,0.01668683,96.24,0.0235,0.0,BTC-26JUN20-24000-C,6649.99,94.98,0.0155,20.0,0.018,21.0,97.57,6.4871,-1.63533,1.85414,3e-05,0.06941
6658.29,SYN.BTC-31JAN20,1576666745849,open,0.59,0.0,0.5485,0.6265,0.58405292,79.55,None,0.0,BTC-31JAN20-10500-P,6649.99,0.0,0.0015,10.0,0.0,0.0,0.0,2.92924,-2.65555,-12.15763,7e-05,-0.93494
6658.29,SYN.BTC-31JAN20,1576666745850,open,0.01,233.7,0.0005,0.02,0.00608313,83.17,0.006,0.0,BTC-31JAN20-11000-C,6649.99,81.62,0.0055,5.1,0.0065,16.0,84.23,2.57403,-2.43976,0.39282,6e-05,0.05516
6658.29,SYN.BTC-31JAN20,1576666745849,open,0.24,29.9,0.1975,0.271,0.23117878,65.77,0.231,0.0,BTC-31JAN20-8000-P,6649.99,0.0,0.1995,5.0,0.2675,5.0,95.95,7.25368,-5.437,-7.89484,0.00021,-0.75521
6724.7,SYN.BTC-26JUN20,1576666745848,open,0.85,8.2,0.7865,0.921,0.84652449,79.77,0.75,0.0,BTC-26JUN20-12000-P,6649.99,0.0,0.09,1.5,1.3495,2.0,267.64,15.01878,-3.13819,-56.59664,8e-05,-0.76286
6658.29,SYN.BTC-31JAN20,1576666745851,open,0.14,7.0,0.1165,0.1755,0.14403235,65.36,0.141,0.0,BTC-31JAN20-6000-C,6649.99,45.3,0.1215,8.0,0.174,8.0,90.22,7.81663,-5.82222,4.58248,0.00022,0.71657
6658.29,SYN.BTC-31JAN20,1576666745851,open,0.03,126.3,0.013,0.055,0.02968657,65.79,0.03,0.0,BTC-31JAN20-8000-C,6649.99,64.23,0.028,37.0,0.031,12.9,66.99,7.25479,-5.43914,1.72216,0.00021,0.24486
6648.17,SYN.BTC-20DEC19,1576666745847,open,0.0,67.0,0.0005,0.0105,6.7e-07,115.0,0.0005,0.0,BTC-20DEC19-9250-C,6649.99,0.0,0.0,0.0,0.0005,0.5,194.97,0.00073,-0.00449,1e-05,0.0,4e-05
6724.7,SYN.BTC-26JUN20,1576666745849,open,0.01,141.4,0.0025,0.0275,0.01240272,77.8,0.012,0.0,BTC-26JUN20-3000-P,6649.99,76.41,0.0115,8.0,0.0135,1.0,79.42,4.44992,-0.90684,-1.95102,2e-05,-0.04308
6724.7,SYN.BTC-26JUN20,1576666745849,open,0.01,37.2,0.0015,0.0355,0.01102901,104.37,0.01,0.0,BTC-26JUN20-32000-C,6649.99,102.84,0.01,7.0,0.012,22.0,105.74,4.65687,-1.27323,1.2149,2e-05,0.04558
6724.7,SYN.BTC-26JUN20,1576666745849,open,0.12,189.7,0.075,0.1675,0.1149597,75.05,0.1145,0.0,BTC-26JUN20-9000-C,6649.99,73.45,0.1105,16.0,0.1175,12.8,75.96,18.72807,-3.68193,9.85764,0.00011,0.39527
6724.7,SYN.BTC-26JUN20,1576666745848,open,0.01,18.9,0.0035,0.0395,0.01306344,100.32,0.0145,0.0,BTC-26JUN20-28000-C,6649.99,98.95,0.012,20.0,0.014,21.0,101.47,5.36391,-1.40956,1.4541,2e-05,0.05441
6658.29,SYN.BTC-31JAN20,1576666745849,open,0.01,163.0,0.0015,0.029,0.01112774,73.34,0.0105,0.0,BTC-31JAN20-9500-C,6649.99,71.47,0.01,57.0,0.012,18.0,74.73,4.1081,-3.43346,0.72673,0.00011,0.10193
6658.29,SYN.BTC-31JAN20,1576666745852,open,0.01,34.2,0.0005,0.0185,0.00530728,86.6,0.006,0.0,BTC-31JAN20-11500-C,6649.99,84.13,0.0045,35.0,0.006,36.0,88.54,2.28353,-2.25348,0.33734,5e-05,0.04746
6724.7,SYN.BTC-26JUN20,1576666745849,open,1.13,13.4,1.0645,1.2035,1.12623414,82.62,1.1,0.0,BTC-26JUN20-14000-P,6649.99,0.0,0.5,1.0,1.25,0.1,133.53,12.60618,-2.72829,-68.56348,6e-05,-0.82344
6658.29,SYN.BTC-31JAN20,1576666745852,open,0.44,4.8,0.4035,0.479,0.43789974,73.31,0.3445,0.0,BTC-31JAN20-9500-P,6649.99,0.0,0.0015,10.0,0.0,0.0,0.0,4.1045,-3.4289,-10.69379,0.00011,-0.8982
6724.7,SYN.BTC-26JUN20,1576666745847,open,0.58,123.6,0.5215,0.65,0.57922579,76.72,0.535,0.0,BTC-26JUN20-10000-P,6649.99,62.16,0.543,6.0,0.6035,6.0,85.78,17.62772,-3.54273,-43.90382,0.0001,-0.66923
6724.7,SYN.BTC-26JUN20,1576666745850,open,2.89,0.0,2.795,2.9835,2.88077565,98.08,None,0.0,BTC-26JUN20-26000-P,6649.99,0.0,0.002,1.0,0.0,0.0,0.0,5.81793,-1.49475,-134.35214,3e-05,-0.93967
6658.29,SYN.BTC-31JAN20,1576666745851,open,0.08,225.2,0.0505,0.111,0.07542579,63.64,0.0755,0.0,BTC-31JAN20-6500-P,6649.99,62.21,0.0735,17.6,0.077,0.2,64.8,8.9906,-6.52,-3.91069,0.00027,-0.41318
6724.7,SYN.BTC-26JUN20,1576666745852,open,0.08,291.8,0.048,0.116,0.07663856,71.24,0.0735,0.0,BTC-26JUN20-5000-P,6649.99,69.45,0.073,2.1,0.078,21.2,71.91,13.71528,-2.55962,-9.81552,8e-05,-0.20248
6658.29,SYN.BTC-31JAN20,1576666745849,open,0.01,440.4,0.0005,0.025,0.00880286,76.57,0.0085,0.0,BTC-31JAN20-10000-C,6649.99,74.99,0.008,19.0,0.0095,16.0,77.89,3.45977,-3.01893,0.57672,8e-05,0.08086
6658.29,SYN.BTC-31JAN20,1576666745852,open,0.52,0.0,0.476,0.552,0.51066812,76.53,None,0.0,BTC-31JAN20-10000-P,6649.99,0.0,0.0015,10.0,0.0,0.0,0.0,3.45541,-3.01349,-11.44492,8e-05,-0.91928
6658.29,SYN.BTC-31JAN20,1576666745848,open,0.37,10.4,0.3325,0.407,0.36641914,70.37,0.272,0.0,BTC-31JAN20-9000-P,6649.99,0.0,0.0555,0.1,0.0,0.0,0.0,4.95572,-3.97388,-9.87364,0.00013,-0.86721
6724.7,SYN.BTC-26JUN20,1576666745850,open,0.19,115.0,0.145,0.239,0.18765964,71.27,0.196,0.0,BTC-26JUN20-7000-C,6649.99,70.68,0.186,6.0,0.1925,11.3,72.97,19.08926,-3.56371,13.49342,0.00011,0.57136
6724.7,SYN.BTC-26JUN20,1576666745851,open,0.46,107.7,0.397,0.521,0.45319395,75.01,0.39,0.0,BTC-26JUN20-9000-P,6649.99,60.35,0.4135,6.0,0.47,8.0,81.0,18.72585,-3.67946,-37.20959,0.00011,-0.6049
6658.29,SYN.BTC-31JAN20,1576666745848,open,0.01,362.2,0.0045,0.0345,0.01474041,70.39,0.0145,0.0,BTC-31JAN20-9000-C,6649.99,68.7,0.0135,57.9,0.0155,16.0,71.4,4.95849,-3.97758,0.94573,0.00013,0.1329
6724.7,SYN.BTC-26JUN20,1576666745851,open,1.42,5.0,1.3485,1.494,1.41321782,85.67,1.22,0.0,BTC-26JUN20-16000-P,6649.99,0.0,0.56,1.0,2.0,0.1,314.0,10.71696,-2.40491,-80.01264,5e-05,-0.86203
6724.7,SYN.BTC-26JUN20,1576666745853,open,0.09,323.8,0.0555,0.1435,0.09229885,76.77,0.0905,0.0,BTC-26JUN20-10000-C,6649.99,75.89,0.09,8.3,0.094,13.4,77.42,17.63259,-3.54596,8.39444,0.0001,0.331
6724.7,SYN.BTC-26JUN20,1576666745851,open,0.02,893.8,0.0075,0.0555,0.02260589,91.37,0.0215,0.0,BTC-26JUN20-20000-C,6649.99,90.44,0.0215,20.0,0.0235,6.0,92.1,8.12704,-1.9452,2.4951,4e-05,0.09356
6658.29,SYN.BTC-31JAN20,1576666745854,open,0.67,0.0,0.6215,0.7015,0.65813492,83.11,None,0.0,BTC-31JAN20-11000-P,6649.99,0.0,0.0015,10.0,0.0,0.0,0.0,2.56832,-2.43256,-12.83104,6e-05,-0.94499
6724.7,SYN.BTC-26JUN20,1576666745853,open,2.0,0.1,1.9245,2.085,1.99645977,91.16,1.765,0.0,BTC-26JUN20-20000-P,6649.99,0.0,0.1,1.0,2.05,0.1,122.76,8.07756,-1.92885,-102.11238,4e-05,-0.90721
6658.29,SYN.BTC-31JAN20,1576666745850,open,0.04,149.1,0.024,0.074,0.04425506,64.32,0.0425,0.0,BTC-31JAN20-7500-C,6649.99,62.93,0.0425,28.0,0.0455,2.0,65.31,8.42403,-6.17502,2.33839,0.00025,0.33642
6724.7,SYN.BTC-26JUN20,1576666745848,open,2.3,0.0,2.2145,2.3835,2.29043692,93.6,None,0.0,BTC-26JUN20-22000-P,6649.99,0.0,0.11,1.0,3.0,0.1,389.72,7.15385,-1.75411,-112.93911,3e-05,-0.92111
6648.17,SYN.BTC-20DEC19,1576666746114,open,0.36,2.1,0.3275,0.3815,0.35375951,115.0,0.337,0.0,BTC-20DEC19-9000-P,6649.99,0.0,0.3475,2.0,0.362,2.0,293.95,0.00259,-0.07943,-0.46245,0.0,-0.99986
6648.17,SYN.BTC-20DEC19,1576666746118,open,0.36,2.1,0.3275,0.3815,0.35375951,115.0,0.337,0.0,BTC-20DEC19-9000-P,6649.99,0.0,0.348,2.0,0.362,2.0,293.95,0.00259,-0.07943,-0.46245,0.0,-0.99986
6648.17,SYN.BTC-20DEC19,1576666746142,open,0.01,130.9,0.001,0.033,0.0123323,66.0,0.0125,0.0,BTC-20DEC19-6750-C,6649.99,59.26,0.0105,16.1,0.013,16.2,68.44,1.8189,-32.00115,0.12663,0.00121,0.38299
6648.17,SYN.BTC-20DEC19,1576666746146,open,0.01,130.9,0.001,0.033,0.0123323,66.0,0.0125,0.0,BTC-20DEC19-6750-C,6649.99,59.26,0.0105,17.3,0.013,16.2,68.44,1.8189,-32.00115,0.12663,0.00121,0.38299
6648.17,SYN.BTC-20DEC19,1576666746208,open,0.01,130.9,0.001,0.033,0.0123323,66.0,0.0125,0.0,BTC-20DEC19-6750-C,6649.99,59.26,0.0105,16.1,0.013,15.0,68.44,1.8189,-32.00115,0.12663,0.00121,0.38299
123.61,ETH-27MAR20,1576666746905,open,0.03,7248.0,0.01,0.063,0.031175,97.17,0.033,0.0,ETH-27MAR20-240-C,123.39,93.58,0.027,430.0,0.035,300.0,100.27,0.14845,-0.07221,0.03903,0.00365,0.14658
123.21,ETH-27DEC19,1576666746905,open,0.0,16676.0,0.001,0.011,0.0,119.99,0.002,0.0,ETH-27DEC19-640-C,123.39,0.0,0.0,0.0,0.002,300.0,405.78,0.0,0.0,0.0,0.0,0.0
123.21,ETH-27DEC19,1576666746905,open,1.64,100.0,1.522,1.677,1.597403,205.52,0.883,0.0,ETH-27DEC19-320-P,123.39,0.0,0.011,5.0,0.0,0.0,0.0,0.00145,-0.01674,-0.07775,0.00019,-0.99758
123.37,SYN.ETH-31JAN20,1576666746905,open,0.02,397.0,0.005,0.038,0.017075,85.49,0.017,0.0,ETH-31JAN20-180-C,123.39,82.58,0.015,820.0,0.019,480.0,88.06,0.09049,-0.08816,0.01675,0.00579,0.13002
123.21,ETH-27DEC19,1576666746907,open,1.8,0.0,1.68,1.844,1.75974,218.0,None,0.0,ETH-27DEC19-340-P,123.39,0.0,0.003,9.0,0.0,0.0,0.0,0.00145,-0.01786,-0.08261,0.00018,-0.99757
123.21,ETH-27DEC19,1576666746907,open,0.4,1.0,0.34,0.432,0.383009,116.45,0.283,0.0,ETH-27DEC19-170-P,123.39,0.0,0.004,15.0,0.0,0.0,0.0,0.01863,-0.12224,-0.04005,0.00433,-0.9537
123.21,ETH-27DEC19,1576666746907,open,0.0,7053.0,0.001,0.011,1.2e-05,119.99,0.001,0.0,ETH-27DEC19-240-C,123.39,0.0,0.0,0.0,0.001,35.0,177.18,0.00019,-0.00126,1e-05,4e-05,0.00026
123.21,ETH-27DEC19,1576666746907,open,4.93,0.0,4.674,5.024,4.844156,374.16,None,0.0,ETH-27DEC19-720-P,123.39,0.0,0.004,50.0,0.0,0.0,0.0,0.00183,-0.03849,-0.175,0.00013,-0.99687
6724.7,SYN.BTC-26JUN20,1576666746922,open,3.48,0.0,3.3775,3.586,3.47316051,102.47,None,0.0,BTC-26JUN20-30000-P,6649.99,0.0,0.002,1.0,0.0,0.0,0.0,4.99356,-1.3404,-155.55724,2e-05,-0.95027
123.61,ETH-27MAR20,1576666746958,open,0.0,5151.0,0.001,0.012,0.002526,120.0,0.004,0.0,ETH-27MAR20-600-C,123.39,122.42,0.003,728.0,0.007,520.0,136.37,0.0228,-0.0137,0.00382,0.00045,0.01381
123.37,SYN.ETH-31JAN20,1576666746958,open,0.34,1.0,0.277,0.379,0.326505,80.14,0.148,0.0,ETH-31JAN20-160-P,123.39,68.96,0.316,340.0,0.359,362.0,108.95,0.12422,-0.11344,-0.16516,0.00847,-0.78724
123.61,ETH-27MAR20,1576666746961,open,0.02,1264.0,0.004,0.039,0.015696,106.58,0.014,0.0,ETH-27MAR20-320-C,123.39,102.81,0.013,560.0,0.018,260.0,109.52,0.09314,-0.04969,0.02065,0.00209,0.07674
123.21,ETH-27DEC19,1576666746961,open,0.0,397.0,0.001,0.011,0.000811,119.98,0.002,0.0,ETH-27DEC19-190-C,123.39,123.31,0.001,202.0,0.003,500.0,145.28,0.0065,-0.04393,0.00037,0.00147,0.01316
123.21,ETH-27DEC19,1576666746963,open,2.13,0.0,1.995,2.179,2.084416,240.94,None,0.0,ETH-27DEC19-380-P,123.39,0.0,0.02,50.0,0.0,0.0,0.0,0.00148,-0.02008,-0.09234,0.00017,-0.99752
