underlying_price,underlying_index,timestamp,state,settlement_price,open_interest,min_price,max_price,mark_price,mark_iv,last_price,interest_rate,instrument_name,index_price,bid_iv,best_bid_price,best_bid_amount,best_ask_price,best_ask_amount,ask_iv,vega,theta,rho,gamma,delta
171.67,ETH-27DEC19,1567162740228,open,3.25,0.0,3.073,3.332,3.197398,105.06,None,0.0,ETH-27DEC19-720-P,169.43,0.0,0.003,5.0,0.0,0.0,0.0,0.04387,-0.01938,-2.33659,0.00044,-0.98176
169.87,ETH-27SEP19,1567162740244,open,0.23,2866.0,0.168,0.259,0.214118,85.18,0.228,0.0,ETH-27SEP19-200-P,169.43,77.38,0.207,200.0,0.22,200.0,91.38,0.15866,-0.24241,-0.12088,0.00845,-0.71767
169.87,ETH-27SEP19,1567162740322,open,0.14,6536.0,0.088,0.169,0.129175,85.16,0.14,0.0,ETH-27SEP19-180-P,169.43,80.42,0.124,206.0,0.131,200.0,86.83,0.18574,-0.28372,-0.08825,0.0099,-0.5511
173.47,SYN.ETH-27MAR20,1567162740482,open,1.61,0.0,1.483,1.683,1.580031,91.19,None,0.0,ETH-27MAR20-440-P,169.43,0.0,0.002,10.0,1.61,1.0,105.73,0.31819,-0.06913,-2.41529,0.00202,-0.84142
169.54,SYN.ETH-6SEP19,1567162740506,open,0.0,478.0,0.001,0.015,0.003745,81.5,0.004,0.0,ETH-6SEP19-200-C,169.43,77.55,0.003,2.0,0.004,200.0,82.75,0.03381,-0.20037,0.00236,0.00766,0.07761
173.47,SYN.ETH-27MAR20,1567162740558,open,0.03,28.0,0.012,0.066,0.035905,92.11,0.04,0.0,ETH-27MAR20-480-C,169.43,89.65,0.032,299.0,0.041,40.0,95.12,0.28403,-0.06232,0.09777,0.00178,0.13392
169.54,SYN.ETH-6SEP19,1567162740598,open,0.2,10.0,0.147,0.222,0.183435,81.58,0.14,0.0,ETH-6SEP19-200-P,169.43,0.0,0.0,0.0,0.191,200.0,109.92,0.03389,-0.20103,-0.03531,0.00767,-0.92215
171.67,ETH-27DEC19,1567162740606,open,0.0,0.332,0.465,0.400883,91.44,None,0.0,ETH-27DEC19-220-P,169.43,83.8,0.384,24.0,0.4,24.0,91.04,0.38196,-0.14691,-0.55115,0.00435,-0.58489
173.47,SYN.ETH-27MAR20,1567162740641,open,1.83,0.0,1.702,1.911,1.803114,92.2,None,0.0,ETH-27MAR20-480-P,169.43,0.0,0.003,10.0,0.0,0.0,0.0,0.28463,-0.06252,-2.66199,0.00178,-0.86567
169.65,SYN.ETH-13SEP19,1567162740644,open,0.0,0.005,0.043,0.021314,86.18,None,0.0,ETH-13SEP19-150-P,169.43,81.97,0.019,360.0,0.025,261.0,92.68,0.09455,-0.29362,-0.01473,0.01003,-0.20709
169.87,ETH-27SEP19,1567162740667,open,1.03,294.0,0.944,1.066,1.002528,104.75,1.024,0.0,ETH-27SEP19-340-P,169.43,0.0,0.972,5.0,1.04,5.0,200.54,0.01482,-0.02785,-0.25823,0.00064,-0.98785
171.67,ETH-27DEC19,1567162740689,open,0.0,0.038,0.115,0.076215,91.41,None,0.0,ETH-27DEC19-260-C,169.43,86.14,0.066,259.0,0.073,200.0,89.77,0.33875,-0.13024,0.12308,0.00386,0.29636
169.54,SYN.ETH-6SEP19,1567162740689,open,0.0,185.0,0.001,0.012,0.002157,88.8,0.003,0.0,ETH-6SEP19-210-C,169.43,77.85,0.001,3.0,0.002,200.0,87.56,0.02206,-0.14246,0.00137,0.00459,0.04502
170.42,SYN.ETH-25OCT19,1567162740689,open,0.0,0.022,0.08,0.050391,87.07,None,0.0,ETH-25OCT19-220-C,169.43,82.93,0.045,582.0,0.054,254.0,89.78,0.22494,-0.17526,0.06023,0.00581,0.28124
171.67,ETH-27DEC19,1567162740772,open,0.0,0.519,0.661,0.590837,91.45,None,0.0,ETH-27DEC19-260-P,169.43,0.0,0.0,0.0,0.0,0.0,0.0,0.33884,-0.13034,-0.72365,0.00386,-0.70346
170.42,SYN.ETH-25OCT19,1567162740774,open,0.0,0.286,0.395,0.341366,87.13,None,0.0,ETH-25OCT19-220-P,169.43,0.0,0.0,0.0,0.0,0.0,0.0,0.22502,-0.17544,-0.27652,0.00581,-0.71856
169.54,SYN.ETH-6SEP19,1567162740787,open,0.26,0.0,0.203,0.281,0.240832,88.93,None,0.0,ETH-6SEP19-210-P,169.43,0.0,0.0,0.0,0.0,0.0,0.0,0.02217,-0.14337,-0.03818,0.0046,-0.95472
9581.83,SYN.BTC-6SEP19,1567162740809,open,0.0,256.9,0.0005,0.012,0.00246112,80.34,0.002,0.0,BTC-6SEP19-11500-C,9573.67,77.14,0.002,30.1,0.0025,0.1,80.59,1.4593,-8.52571,0.09452,0.00011,0.05483
9581.83,SYN.BTC-6SEP19,1567162740833,open,0.26,0.0,0.255,0.287,0.27022297,107.89,0.312,0.0,BTC-6SEP19-7000-C,9573.67,0.0,0.2655,1.1,0.2795,1.1,179.41,0.47254,-3.70754,1.29176,3e-05,0.98589
171.67,ETH-27DEC19,1567162740846,open,0.0,0.02,0.082,0.049439,91.62,None,0.0,ETH-27DEC19-300-C,169.43,86.96,0.042,313.0,0.05,232.0,91.96,0.2824,-0.10882,0.08981,0.00321,0.21007
9724.66,BTC-27DEC19,1567162740846,open,0.71,23.1,0.6375,0.7525,0.6935107,84.91,0.715,0.0,BTC-27DEC19-16000-P,9573.67,73.26,0.6755,1.1,0.707,1.1,92.64,16.26668,-5.80967,-46.7907,6e-05,-0.78384
9606.7,BTC-27SEP19,1567162740855,open,0.28,99.7,0.2365,0.3105,0.27287248,84.56,0.296,0.0,BTC-27SEP19-12000-P,9573.67,79.46,0.269,2.0,0.2775,7.5,90.36,7.47385,-11.33631,-7.85774,0.00013,-0.79815
173.47,SYN.ETH-27MAR20,1567162740894,open,0.02,324.0,0.007,0.048,0.023851,92.68,0.03,0.0,ETH-27MAR20-560-C,169.43,89.5,0.02,300.0,0.029,40.0,96.51,0.22067,-0.04872,0.07001,0.00138,0.09404
9581.82,SYN.BTC-6SEP19,1567162740899,open,0.37,0.0,0.3305,0.388,0.35749195,100.0,None,0.0,BTC-6SEP19-13000-P,9573.67,0.0,0.343,1.1,0.365,1.1,154.44,0.51548,-3.74865,-2.42201,3e-05,-0.98439
9581.82,SYN.BTC-6SEP19,1567162740908,open,0.32,0.0,0.2795,0.336,0.30581373,96.24,None,0.0,BTC-6SEP19-12500-P,9573.67,0.0,0.2915,1.1,0.313,1.1,140.55,0.7888,-5.52046,-2.31038,5e-05,-0.97421
9606.69,BTC-27SEP19,1567162740908,open,0.38,45.1,0.3315,0.404,0.36655279,86.12,0.2775,0.0,BTC-27SEP19-13000-P,9573.67,72.79,0.36,5.6,0.3715,5.6,94.23,5.45447,-8.42526,-9.11162,9e-05,-0.87535
170.42,SYN.ETH-25OCT19,1567162740922,open,0.0,0.386,0.498,0.441908,87.61,None,0.0,ETH-25OCT19-240-P,169.43,0.0,0.0,0.0,0.0,0.0,0.0,0.18891,-0.14809,-0.32296,0.00485,-0.79599
9581.83,SYN.BTC-6SEP19,1567162740924,open,0.21,0.0,0.2015,0.2375,0.21879334,97.09,0.2645,0.0,BTC-6SEP19-7500-C,9573.67,0.0,0.214,1.1,0.2285,1.1,153.47,0.85494,-6.03639,1.3588,5e-05,0.9716
169.54,SYN.ETH-6SEP19,1567162740924,open,0.0,373.0,0.001,0.011,0.001275,95.12,0.001,0.0,ETH-6SEP19-220-C,169.43,0.0,0.0,0.0,0.002,400.0,102.49,0.0144,-0.09962,0.00081,0.0028,0.02677
9581.83,SYN.BTC-6SEP19,1567162740926,open,0.08,188.4,0.0395,0.0965,0.0679661,76.26,0.0685,0.0,BTC-6SEP19-10000-P,9573.67,72.41,0.066,4.8,0.0695,4.2,79.23,4.92469,-27.30894,-1.27608,0.00037,-0.63901
171.67,ETH-27DEC19,1567162740934,open,0.0,0.724,0.872,0.797079,91.68,None,0.0,ETH-27DEC19-300-P,169.43,0.0,0.0,0.0,0.0,0.0,0.0,0.28261,-0.10898,-0.88716,0.00321,-0.78968
9581.83,SYN.BTC-6SEP19,1567162740946,open,0.42,0.0,0.3815,0.4405,0.40953385,107.95,None,0.0,BTC-6SEP19-13500-P,9573.67,0.0,0.3945,1.1,0.417,1.1,167.33,0.42702,-3.35202,-2.52153,2e-05,-0.98745
170.42,SYN.ETH-25OCT19,1567162740948,open,0.0,0.602,0.719,0.658555,89.42,None,0.0,ETH-25OCT19-280-P,169.43,0.0,0.0,0.0,0.0,0.0,0.0,0.12267,-0.09816,-0.40486,0.00309,-0.89329
9643.04,SYN.BTC-25OCT19,1567162740980,open,0.0,0.272,0.325,0.29868047,84.39,None,0.0,BTC-25OCT19-7000-C,9573.67,0.0,0.0,0.0,0.0,0.0,0.0,7.90228,-5.9677,8.46119,7e-05,0.87186
9643.04,SYN.BTC-25OCT19,1567162740982,open,0.0,0.174,0.2615,0.2183349,82.23,None,0.0,BTC-25OCT19-11000-P,9573.67,0.0,0.0,0.0,0.0,0.0,0.0,14.59477,-10.73951,-12.05164,0.00012,-0.59806
9581.83,SYN.BTC-6SEP19,1567162740985,open,0.21,0.0,0.2015,0.2375,0.21879334,97.09,0.2645,0.0,BTC-6SEP19-7500-C,9573.67,0.0,0.2135,1.1,0.2285,1.1,153.47,0.85494,-6.03639,1.3588,5e-05,0.9716
169.65,SYN.ETH-13SEP19,1567162741013,open,10.0,0.014,0.066,0.039645,82.07,0.034,0.0,ETH-13SEP19-180-C,169.43,77.16,0.036,200.0,0.041,212.0,83.88,0.12652,-0.37415,0.02233,0.01409,0.38586
9581.82,SYN.BTC-6SEP19,1567162741017,open,0.27,20.0,0.228,0.283,0.25390934,86.8,0.247,0.0,BTC-6SEP19-12000-P,9573.67,0.0,0.2405,1.1,0.261,1.1,125.48,0.98442,-6.21389,-2.20246,7e-05,-0.96633
169.54,SYN.ETH-6SEP19,1567162741041,open,0.32,0.0,0.26,0.341,0.298934,95.34,None,0.0,ETH-6SEP19-220-P,169.43,0.0,0.0,0.0,0.0,0.0,0.0,0.01454,-0.10078,-0.04062,0.00282,-0.97293
9842.7,SYN.BTC-27MAR20,1567162741063,open,0.02,2.0,0.0045,0.042,0.01818408,91.5,0.0205,0.0,BTC-27MAR20-34000-C,9573.67,89.39,0.016,13.0,0.0205,19.0,93.58,10.56188,-2.30232,3.21382,2e-05,0.07497
9590.13,SYN.BTC-13SEP19,1567162741065,open,0.0,0.2785,0.339,0.30720413,82.4,None,0.0,BTC-13SEP19-12500-P,9573.67,0.0,0.0,0.0,0.0,0.0,0.0,2.17799,-6.4667,-4.55316,8e-05,-0.94169
170.42,SYN.ETH-25OCT19,1567162741069,open,0.0,0.492,0.607,0.548369,88.46,None,0.0,ETH-25OCT19-260-P,169.43,0.0,0.0,0.0,0.0,0.0,0.0,0.1537,-0.12166,-0.36549,0.00391,-0.85255
173.47,SYN.ETH-27MAR20,1567162741072,open,0.02,980.0,0.005,0.042,0.019538,92.8,0.024,0.0,ETH-27MAR20-600-C,169.43,89.46,0.016,410.0,0.024,40.0,96.57,0.19379,-0.04285,0.05936,0.00121,0.07905
171.67,ETH-27DEC19,1567162741081,open,0.0,0.938,1.093,1.013635,92.26,None,0.0,ETH-27DEC19-340-P,169.43,0.0,0.0,0.0,0.0,0.0,0.0,0.22887,-0.08882,-1.04173,0.00258,-0.84956
9581.83,SYN.BTC-6SEP19,1567162741107,open,0.07,44.9,0.052,0.104,0.07896089,78.73,0.076,0.0,BTC-6SEP19-9000-C,9573.67,73.17,0.0765,10.3,0.08,6.0,81.04,4.29192,-24.57196,1.18753,0.00032,0.73688
9724.72,BTC-27DEC19,1567162741113,open,0.01,306.0,0.0005,0.019,0.00637826,95.05,0.0075,0.0,BTC-27DEC19-30000-C,9573.67,91.71,0.005,28.0,0.007,6.0,96.4,4.33701,-1.7338,0.92187,1e-05,0.03548
9724.72,BTC-27DEC19,1567162741113,open,0.11,297.6,0.067,0.1515,0.10979671,82.04,0.109,0.0,BTC-27DEC19-12000-C,9573.67,80.56,0.1065,11.0,0.1115,3.9,82.81,21.63496,-7.46558,9.66362,9e-05,0.41491
9724.72,BTC-27DEC19,1567162741113,open,0.35,68.8,0.288,0.398,0.34377301,82.04,0.2975,0.0,BTC-27DEC19-12000-P,9573.67,78.09,0.335,5.0,0.3485,5.9,84.17,21.63509,-7.46594,-29.41869,9e-05,-0.58508
9724.72,BTC-27DEC19,1567162741113,open,0.33,49.4,0.2995,0.3655,0.33363037,80.51,0.384,0.0,BTC-27DEC19-7000-C,9573.67,78.0,0.33,12.0,0.3355,4.0,81.79,14.16354,-4.79649,15.64922,6e-05,0.82773
9606.74,BTC-27SEP19,1567162741113,open,0.42,221.9,0.4165,0.444,0.42945258,102.55,0.446,0.0,BTC-27SEP19-5500-C,9573.67,0.0,0.42,7.0,0.4405,7.0,150.76,1.14412,-2.10444,4.05804,2e-05,0.98256
9724.72,BTC-27DEC19,1567162741113,open,0.04,225.3,0.0185,0.064,0.0394333,81.08,0.0425,0.0,BTC-27DEC19-6500-P,9573.67,79.92,0.038,6.0,0.041,14.0,82.34,12.06338,-4.1139,-5.53179,5e-05,-0.13522
9606.74,BTC-27SEP19,1567162741113,open,0.0,428.2,0.0005,0.0105,9.415e-05,120.0,0.0005,0.0,BTC-27SEP19-28000-C,9573.67,0.0,0.0,0.0,0.0005,12.0,138.55,0.09812,-0.21118,0.00743,0.0,0.00111
9606.74,BTC-27SEP19,1567162741113,open,0.02,976.8,0.0075,0.045,0.02374408,84.58,0.024,0.0,BTC-27SEP19-12000-C,9573.67,82.97,0.0225,45.0,0.0245,33.5,85.55,7.47547,-11.34129,1.30729,0.00013,0.20193
9606.74,BTC-27SEP19,1567162741115,open,0.0,1118.7,0.0005,0.0105,0.00049051,119.86,0.0005,0.0,BTC-27SEP19-4250-P,9573.67,0.0,0.0,0.0,0.001,46.0,131.03,0.33534,-0.72092,-0.03512,0.0,-0.0043
9606.74,BTC-27SEP19,1567162741115,open,0.0,761.0,0.0005,0.0105,2.082e-05,120.0,0.0005,0.0,BTC-27SEP19-32000-C,9573.67,0.0,0.0,0.0,0.0005,12.0,153.19,0.02639,-0.0568,0.00181,0.0,0.00027
9606.74,BTC-27SEP19,1567162741117,open,0.0,287.3,0.0005,0.0105,0.00043081,119.51,0.001,0.0,BTC-27SEP19-24000-C,9573.67,0.0,0.0,0.0,0.001,43.0,130.52,0.35392,-0.75866,0.03033,0.0,0.00456
9724.72,BTC-27DEC19,1567162741121,open,1.71,0.0,1.6235,1.751,1.68356007,92.09,None,0.0,BTC-27DEC19-26000-P,9573.67,0.0,0.005,10.0,2.432,0.2,500.0,6.0719,-2.35176,-83.28834,2e-05,-0.94614
9606.79,BTC-27SEP19,1567162741126,open,2.36,0.0,2.266,2.399,2.33102939,127.53,None,0.0,BTC-27SEP19-32000-P,9573.67,0.0,0.0,0.0,0.0,0.0,0.0,0.05602,-0.12813,-24.43493,0.0,-0.9994
9606.79,BTC-27SEP19,1567162741126,open,0.61,0.0,0.6,0.6195,0.60978516,119.7,None,0.0,BTC-27SEP19-3750-C,9573.67,0.0,0.005,10.0,0.641,10.0,300.01,0.11444,-0.24569,2.85335,0.0,0.99869
9606.79,BTC-27SEP19,1567162741131,open,0.0,1660.1,0.0005,0.0105,0.0,120.0,0.0005,0.0,BTC-27SEP19-1500-P,9573.67,0.0,0.0,0.0,0.0005,109.1,265.57,0.0,0.0,0.0,0.0,0.0
9842.7,SYN.BTC-27MAR20,1567162741133,open,0.32,17.0,0.277,0.368,0.32480425,81.26,0.312,0.0,BTC-27MAR20-8000-C,9573.67,65.81,0.287,7.0,0.3535,7.0,92.94,24.19138,-4.68328,23.51946,5e-05,0.74037
9724.72,BTC-27DEC19,1567162741136,open,2.12,0.2,2.026,2.1645,2.09131902,95.09,2.03,0.0,BTC-27DEC19-30000-P,9573.67,0.0,0.0,0.0,0.0,0.0,0.0,4.34526,-1.73787,-96.78218,1e-05,-0.96443
9724.72,BTC-27DEC19,1567162741138,open,3.98,0.0,3.8395,4.043,3.93749122,105.64,None,0.0,BTC-27DEC19-48000-P,9573.67,0.0,0.0,0.0,0.0,0.0,0.0,1.40992,-0.62645,-156.08106,0.0,-0.99053
169.54,SYN.ETH-6SEP19,1567162741141,open,0.0,267.0,0.001,0.011,0.000932,103.42,0.001,0.0,ETH-6SEP19-230-C,169.43,0.0,0.0,0.0,0.001,200.0,104.47,0.01072,-0.08063,0.00057,0.00191,0.01886
9606.79,BTC-27SEP19,1567162741146,open,0.0,422.0,0.0005,0.0105,6.449e-05,120.0,0.0005,0.0,BTC-27SEP19-3500-P,9573.67,0.0,0.0,0.0,0.0005,31.0,146.82,0.0612,-0.13173,-0.00533,0.0,-0.00066
9606.79,BTC-27SEP19,1567162741151,open,0.5,13.5,0.496,0.5185,0.50653755,114.18,0.382,0.0,BTC-27SEP19-4750-C,9573.67,0.0,0.005,10.0,0.5665,5.0,300.0,0.60921,-1.24771,3.55864,1e-05,0.99157
9606.79,BTC-27SEP19,1567162741151,open,0.0,454.6,0.0005,0.0105,0.00027065,120.0,0.001,0.0,BTC-27SEP19-4000-P,9573.67,0.0,0.0,0.0,0.001,78.0,140.04,0.20557,-0.44248,-0.02028,0.0,-0.00249
9606.79,BTC-27SEP19,1567162741153,open,0.58,227.5,0.574,0.5935,0.58389458,119.82,0.606,0.0,BTC-27SEP19-4000-C,9573.67,0.0,0.111,2.0,0.6215,5.0,300.19,0.20339,-0.43712,3.03483,0.0,0.99754
171.67,ETH-27DEC19,1567162741158,open,0.0,0.007,0.045,0.022461,92.77,None,0.0,ETH-27DEC19-380-C,169.43,89.37,0.019,300.0,0.025,40.0,95.1,0.18204,-0.07103,0.04793,0.00204,0.1082
9606.7,BTC-27SEP19,1567162741168,open,0.28,99.7,0.2365,0.3105,0.27287248,84.56,0.296,0.0,BTC-27SEP19-12000-P,9573.67,79.46,0.269,2.0,0.277,0.4,89.75,7.47385,-11.33631,-7.85774,0.00013,-0.79815
169.65,SYN.ETH-13SEP19,1567162741169,open,110.0,0.006,0.046,0.023939,82.25,0.016,0.0,ETH-13SEP19-190-C,169.43,77.58,0.021,200.0,0.026,259.0,85.44,0.10846,-0.32144,0.01558,0.01205,0.26556
9590.13,SYN.BTC-13SEP19,1567162741171,open,10.5,0.0035,0.035,0.01646651,78.35,0.018,0.0,BTC-13SEP19-11000-C,9573.67,77.51,0.016,4.9,0.017,1.0,79.31,5.32328,-15.02918,0.68985,0.00019,0.20569
9724.72,BTC-27DEC19,1567162741176,open,0.06,435.0,0.027,0.095,0.05893408,84.34,0.0595,0.0,BTC-27DEC19-15000-C,9573.67,82.72,0.056,21.9,0.0605,13.0,85.19,17.8101,-6.31783,6.20043,7e-05,0.2547
9724.72,BTC-27DEC19,1567162741176,open,0.01,148.8,0.0005,0.0165,0.00518633,96.3,0.0055,0.0,BTC-27DEC19-32000-C,9573.67,92.91,0.004,29.0,0.006,6.0,98.34,3.69423,-1.49635,0.76111,1e-05,0.02922
9724.72,BTC-27DEC19,1567162741176,open,0.05,224.0,0.02,0.0815,0.04820897,84.91,0.048,0.0,BTC-27DEC19-16000-C,9573.67,83.58,0.046,22.8,0.05,26.9,85.97,16.26595,-5.80905,5.31886,6e-05,0.21614
9724.72,BTC-27DEC19,1567162741176,open,0.44,110.3,0.369,0.4815,0.42555079,82.83,0.3545,0.0,BTC-27DEC19-13000-P,9573.67,79.01,0.4175,4.0,0.4315,4.8,85.63,20.6164,-7.18295,-33.97524,8e-05,-0.64717
9606.79,BTC-27SEP19,1567162741176,open,0.03,1150.2,0.0095,0.0465,0.02598184,84.13,0.025,0.0,BTC-27SEP19-8000-P,9573.67,83.47,0.0255,19.3,0.026,4.9,84.16,7.04228,-10.62734,-1.53432,0.00012,-0.18314
9606.79,BTC-27SEP19,1567162741176,open,0.04,804.5,0.0185,0.068,0.04189908,83.0,0.0405,0.0,BTC-27SEP19-11000-C,9573.67,81.57,0.0405,25.0,0.043,17.9,84.11,9.45819,-14.08058,2.01933,0.00016,0.31713
9606.79,BTC-27SEP19,1567162741188,open,1.52,0.2,1.4495,1.5515,1.49868983,120.2,1.6,0.0,BTC-27SEP19-24000-P,9573.67,0.0,0.0,0.0,0.0,0.0,0.0,0.3698,-0.79726,-18.2974,0.0,-0.99521
9724.72,BTC-27DEC19,1567162741190,open,0.07,235.8,0.0395,0.103,0.07058264,80.27,0.072,0.0,BTC-27DEC19-7500-P,9573.67,79.01,0.0685,4.9,0.0725,16.4,81.43,16.12742,-5.44515,-8.98126,7e-05,-0.21299
9724.72,BTC-27DEC19,1567162741190,open,0.41,122.9,0.3855,0.4375,0.41136777,82.04,0.469,0.0,BTC-27DEC19-6000-C,9573.67,69.91,0.4,13.0,0.432,9.0,100.45,9.94111,-3.43054,15.38581,4e-05,0.89715
9606.79,BTC-27SEP19,1567162741190,open,0.28,727.1,0.26,0.3025,0.28107982,88.9,0.2655,0.0,BTC-27SEP19-7000-C,9573.67,82.12,0.2785,12.1,0.2815,4.5,89.92,3.91188,-6.23751,4.69455,6e-05,0.92094
9606.79,BTC-27SEP19,1567162741190,open,0.01,435.1,0.0005,0.0205,0.00771886,88.16,0.005,0.0,BTC-27SEP19-14000-C,9573.67,84.98,0.0065,24.0,0.008,6.6,88.86,3.84336,-6.07762,0.51009,6e-05,0.07724
9606.79,BTC-27SEP19,1567162741190,open,2.15,0.0,2.062,2.1865,2.12286775,124.85,None,0.0,BTC-27SEP19-30000-P,9573.67,0.0,0.0,0.0,0.0,0.0,0.0,0.07952,-0.17808,-22.90563,0.0,-0.99912
9606.79,BTC-27SEP19,1567162741192,open,0.01,696.8,0.0005,0.0225,0.00973804,88.91,0.01,0.0,BTC-27SEP19-7000-P,9573.67,87.07,0.009,24.0,0.0105,24.4,90.75,3.91311,-6.24067,-0.65176,6e-05,-0.0791
9606.79,BTC-27SEP19,1567162741192,open,0.79,28.2,0.782,0.8015,0.791812,0.0,0.755,0.0,BTC-27SEP19-2000-C,9573.67,0.0,0.01,1.0,0.849,5.0,500.0,0.0,0.0,1.52744,0.0,1.0
9724.72,BTC-27DEC19,1567162741195,open,0.01,260.4,0.0035,0.0265,0.01312533,84.71,0.0135,0.0,BTC-27DEC19-5000-P,9573.67,82.85,0.012,23.0,0.0145,23.0,86.9,5.98269,-2.1317,-2.08988,2e-05,-0.05286
9724.72,BTC-27DEC19,1567162741203,open,2.74,1.3,2.63,2.7885,2.70545347,98.57,2.2,0.0,BTC-27DEC19-36000-P,9573.67,0.0,0.0,0.0,0.0,0.0,0.0,2.73336,-1.13325,-116.71329,1e-05,-0.97959
9842.7,SYN.BTC-27MAR20,1567162741203,open,0.93,0.0,0.8395,0.9845,0.91077417,86.1,0.8095,0.0,BTC-27MAR20-18000-P,9573.67,0.0,0.0005,6.0,1.0355,1.0,130.1,24.8985,-5.10723,-92.58474,5e-05,-0.72512
9724.72,BTC-27DEC19,1567162741207,open,0.5,65.4,0.481,0.5185,0.49896854,84.71,0.608,0.0,BTC-27DEC19-5000-C,9573.67,0.0,0.4855,9.0,0.514,9.0,105.11,5.98202,-2.13133,14.1948,2e-05,0.94715
9606.79,BTC-27SEP19,1567162741211,open,0.07,652.4,0.0425,0.1015,0.07254173,81.56,0.0715,0.0,BTC-27SEP19-10000-C,9573.67,79.25,0.07,14.4,0.0735,5.7,82.43,10.56889,-15.46166,2.94528,0.00018,0.47398
9724.72,BTC-27DEC19,1567162741211,open,0.0,209.9,0.0005,0.011,0.00126519,105.97,0.002,0.0,BTC-27DEC19-2500-P,9573.67,94.47,0.0005,31.2,0.002,37.6,113.05,0.86062,-0.38359,-0.21138,0.0,-0.00541
169.54,SYN.ETH-6SEP19,1567162741213,open,0.0,18.0,0.001,0.011,0.00166,105.52,0.004,0.0,ETH-6SEP19-130-P,169.43,0.0,0.0,0.0,0.003,500.0,118.06,0.0151,-0.11585,-0.00096,0.00264,-0.02833
9606.79,BTC-27SEP19,1567162741216,open,0.66,0.5,0.652,0.6715,0.6617218,118.9,0.694,0.0,BTC-27SEP19-3250-C,9573.67,0.0,0.005,10.0,0.7855,5.0,500.0,0.02639,-0.05628,2.47994,0.0,0.99973
9606.79,BTC-27SEP19,1567162741222,open,1.94,0.0,1.858,1.9745,1.91472665,122.41,None,0.0,BTC-27SEP19-28000-P,9573.67,0.0,0.0,0.0,0.0,0.0,0.0,0.12011,-0.26372,-21.37486,0.0,-0.99862
9606.79,BTC-27SEP19,1567162741234,open,0.0,652.7,0.0005,0.011,0.00119087,109.51,0.0015,0.0,BTC-27SEP19-5000-P,9573.67,97.77,0.0005,72.6,0.002,54.2,118.35,0.73627,-1.44617,-0.08553,1e-05,-0.01047
9724.72,BTC-27DEC19,1567162741234,open,0.03,453.3,0.0115,0.062,0.03326729,86.35,0.0315,0.0,BTC-27DEC19-18000-C,9573.67,85.43,0.032,0.1,0.0345,15.0,87.24,13.38936,-4.8632,3.94878,5e-05,0.15794
169.54,SYN.ETH-6SEP19,1567162741237,open,0.37,0.0,0.318,0.401,0.357575,103.73,None,0.0,ETH-6SEP19-230-P,169.43,0.0,0.0,0.0,0.0,0.0,0.0,0.01087,-0.08199,-0.04274,0.00194,-0.98083
9606.79,BTC-27SEP19,1567162741239,open,0.12,465.1,0.09,0.152,0.12220753,81.69,0.118,0.0,BTC-27SEP19-9000-C,9573.67,79.02,0.1195,14.4,0.123,15.2,82.47,9.76972,-14.31508,3.91723,0.00017,0.65612
9724.72,BTC-27DEC19,1567162741239,open,0.01,357.8,0.0005,0.015,0.00545742,89.98,0.0065,0.0,BTC-27DEC19-4000-P,9573.67,86.78,0.0045,21.4,0.0065,16.0,93.11,3.0761,-1.16414,-0.91621,1e-05,-0.02347
9724.72,BTC-27DEC19,1567162741247,open,0.0,163.4,0.0005,0.013,0.00341061,93.98,0.0025,0.0,BTC-27DEC19-3500-P,9573.67,89.33,0.0025,29.0,0.0045,40.5,98.64,2.0859,-0.82451,-0.57894,1e-05,-0.01487
171.67,ETH-27DEC19,1567162741247,open,0.0,1.158,1.32,1.236139,92.89,None,0.0,ETH-27DEC19-380-P,169.43,0.0,0.0,0.0,0.0,0.0,0.0,0.18256,-0.07133,-1.18951,0.00205,-0.89138
9606.79,BTC-27SEP19,1567162741247,open,0.48,68.8,0.431,0.5025,0.46503656,88.2,0.3615,0.0,BTC-27SEP19-14000-P,9573.67,0.0,0.453,1.1,0.4775,1.1,112.17,3.84726,-6.08638,-10.18131,6e-05,-0.92265
9606.79,BTC-27SEP19,1567162741247,open,0.0,417.7,0.0005,0.013,0.00300931,93.48,0.0025,0.0,BTC-27SEP19-16000-C,9573.67,87.8,0.002,61.0,0.003,5.4,93.43,1.92934,-3.23499,0.21626,3e-05,0.03249
9606.79,BTC-27SEP19,1567162741247,open,0.0,718.9,0.0005,0.0105,0.00079888,105.52,0.0005,0.0,BTC-27SEP19-20000-C,9573.67,0.0,0.0,0.0,0.001,9.1,108.3,0.64054,-1.21233,0.05961,1e-05,0.00892
9724.72,BTC-27DEC19,1567162741247,open,0.21,169.6,0.1695,0.2545,0.2139699,80.2,0.2145,0.0,BTC-27DEC19-9000-C,9573.67,78.31,0.21,9.0,0.216,9.0,81.16,20.45411,-6.8996,13.95904,8e-05,0.65471
9724.72,BTC-27DEC19,1567162741247,open,0.0,425.2,0.0005,0.0135,0.00352456,98.49,0.0035,0.0,BTC-27DEC19-36000-C,9573.67,94.39,0.0025,29.0,0.004,19.0,100.12,2.72132,-1.12732,0.53133,1e-05,0.0203
9724.72,BTC-27DEC19,1567162741255,open,1.1,5.7,1.025,1.1405,1.07957609,87.2,0.661,0.0,BTC-27DEC19-20000-P,9573.67,66.41,1.0625,1.1,1.0965,1.1,100.52,10.77586,-3.95238,-62.22062,4e-05,-0.88495
9724.72,BTC-27DEC19,1567162741257,open,0.03,257.4,0.0115,0.049,0.02835592,82.05,0.03,0.0,BTC-27DEC19-6000-P,9573.67,80.71,0.027,0.1,0.0295,15.0,83.16,9.94157,-3.43085,-4.15573,4e-05,-0.10285
9724.72,BTC-27DEC19,1567162741257,open,0.45,73.3,0.432,0.4765,0.45391135,83.0,0.4875,0.0,BTC-27DEC19-5500-C,9573.67,56.07,0.438,9.0,0.472,9.0,102.61,7.84997,-2.74037,14.92279,3e-05,0.92508
9724.72,BTC-27DEC19,1567162741257,open,1.91,0.1,1.8245,1.9575,1.8871333,93.55,1.49,0.0,BTC-27DEC19-28000-P,9573.67,0.0,0.001,1.0,0.0,0.0,0.0,5.09724,-2.00566,-90.07108,2e-05,-0.95673
9724.72,BTC-27DEC19,1567162741257,open,0.0,365.3,0.0005,0.0125,0.00273885,101.57,0.0025,0.0,BTC-27DEC19-40000-C,9573.67,97.93,0.002,0.1,0.003,19.0,102.69,2.19553,-0.93798,0.41312,1e-05,0.01578
9724.72,BTC-27DEC19,1567162741257,open,0.52,291.5,0.455,0.569,0.51177529,83.61,0.558,0.0,BTC-27DEC19-14000-P,9573.67,73.81,0.493,4.0,0.5225,4.0,88.94,19.28981,-6.78401,-38.3865,7e-05,-0.70022
9724.72,BTC-27DEC19,1567162741257,open,0.59,27.2,0.582,0.608,0.59413199,89.97,0.63,0.0,BTC-27DEC19-4000-C,9573.67,0.0,0.45,1.0,0.629,0.2,150.26,3.07529,-1.16373,12.11157,1e-05,0.97654
9606.79,BTC-27SEP19,1567162741264,open,0.68,34.4,0.6335,0.7075,0.66851533,93.57,0.396,0.0,BTC-27SEP19-16000-P,9573.67,0.0,0.6555,1.1,0.682,1.1,130.83,1.93625,-3.24956,-12.00231,3e-05,-0.96737
9606.79,BTC-27SEP19,1567162741264,open,0.0,1048.1,0.0005,0.0135,0.00360069,98.31,0.0035,0.0,BTC-27SEP19-6000-P,9573.67,91.99,0.0025,54.0,0.0045,47.1,102.69,1.84898,-3.26049,-0.2528,3e-05,-0.03085
9842.7,SYN.BTC-27MAR20,1567162741264,open,2.1,0.0,1.9965,2.1585,2.07280901,90.26,None,0.0,BTC-27MAR20-30000-P,9573.67,0.0,0.0,0.0,0.0,0.0,0.0,13.02131,-2.79991,-168.29384,3e-05,-0.90081
9606.79,BTC-27SEP19,1567162741270,open,0.84,42.8,0.834,0.8535,0.84385881,0.0,0.815,0.0,BTC-27SEP19-1500-C,9573.67,0.0,0.0,0.0,0.0,0.0,0.0,0.0,0.0,1.14558,0.0,1.0
9724.72,BTC-27DEC19,1567162741270,open,0.27,220.4,0.2275,0.305,0.26810392,80.2,0.303,0.0,BTC-27DEC19-8000-C,9573.67,77.69,0.2635,9.0,0.27,3.9,81.23,17.86123,-6.02494,15.06934,7e-05,0.7439
9724.72,BTC-27DEC19,1567162741277,open,0.02,702.5,0.0065,0.0475,0.02294892,87.19,0.0225,0.0,BTC-27DEC19-20000-C,9573.67,86.33,0.022,6.0,0.024,2.9,88.13,10.77297,-3.95081,2.91578,4e-05,0.11501
9724.72,BTC-27DEC19,1567162741280,open,0.54,6.5,0.531,0.5625,0.54578021,86.85,0.575,0.0,BTC-27DEC19-4500-C,9573.67,0.0,0.535,9.0,0.5585,9.0,109.05,4.36141,-1.59321,13.25451,2e-05,0.96427
9842.7,SYN.BTC-27MAR20,1567162741283,open,1.5,0.0,1.409,1.5605,1.48118945,88.3,None,0.0,BTC-27MAR20-24000-P,9573.67,0.0,0.0,0.0,0.0,0.0,0.0,18.12565,-3.81308,-131.39541,4e-05,-0.84046
9724.72,BTC-27DEC19,1567162741303,open,0.9,12.4,0.829,0.9445,0.88423175,86.36,0.559,0.0,BTC-27DEC19-18000-P,9573.67,71.34,0.8665,1.1,0.899,1.1,96.29,13.39129,-4.86436,-54.67411,5e-05,-0.84202
9606.79,BTC-27SEP19,1567162741312,open,0.0,331.4,0.0005,0.0105,0.00098464,114.26,0.0005,0.0,BTC-27SEP19-4750-P,9573.67,104.83,0.0005,16.0,0.0015,57.2,121.26,0.61135,-1.25297,-0.06931,1e-05,-0.00846
9606.79,BTC-27SEP19,1567162741312,open,1.31,0.2,1.2455,1.339,1.29058352,112.15,1.391,0.0,BTC-27SEP19-22000-P,9573.67,0.0,0.005,10.0,0.0,0.0,0.0,0.44421,-0.89355,-16.76249,1e-05,-0.99411
9724.72,BTC-27DEC19,1567162741314,open,0.69,0.0,0.684,0.7035,0.69368761,99.78,None,0.0,BTC-27DEC19-3000-C,9573.67,0.0,0.0065,0.1,0.954,0.5,500.0,1.39971,-0.58746,9.40423,0.0,0.99061
9724.72,BTC-27DEC19,1567162741317,open,0.0,304.3,0.0005,0.0115,0.00158601,105.42,0.0015,0.0,BTC-27DEC19-48000-C,9573.67,100.61,0.001,1.1,0.002,10.0,108.08,1.39045,-0.61656,0.24485,0.0,0.00932
9606.79,BTC-27SEP19,1567162741317,open,0.0,586.4,0.0005,0.0115,0.00197025,102.57,0.0025,0.0,BTC-27SEP19-5500-P,9573.67,98.29,0.0015,39.0,0.0025,5.0,106.69,1.14518,-2.10693,-0.14257,2e-05,-0.01746
9724.72,BTC-27DEC19,1567162741317,open,0.01,147.5,0.0005,0.022,0.00785526,93.52,0.0085,0.0,BTC-27DEC19-28000-C,9573.67,90.77,0.0065,28.0,0.0085,18.0,94.72,5.09012,-2.00214,1.11943,2e-05,0.0432
9724.72,BTC-27DEC19,1567162741317,open,2.33,0.3,2.227,2.372,2.29578981,96.35,1.875,0.0,BTC-27DEC19-32000-P,9573.67,0.0,0.0,0.0,0.0,0.0,0.0,3.70369,-1.50102,-103.45647,1e-05,-0.97069
9724.72,BTC-27DEC19,1567162741317,open,0.0,176.8,0.0005,0.0105,0.0002463,120.0,0.001,0.0,BTC-27DEC19-1500-P,9573.67,0.0,0.0,0.0,0.001,25.0,140.77,0.19775,-0.09981,-0.04149,0.0,-0.00106
9606.79,BTC-27SEP19,1567162741317,open,0.68,225.7,0.678,0.6975,0.68772825,117.4,0.693,0.0,BTC-27SEP19-3000-C,9573.67,0.0,0.005,20.0,0.7975,5.0,500.0,0.00938,-0.01975,2.29045,0.0,0.99991
169.65,SYN.ETH-13SEP19,1567162741320,open,100.0,0.003,0.032,0.014046,82.81,0.01,0.0,ETH-13SEP19-200-C,169.43,78.61,0.012,200.0,0.016,448.0,86.62,0.08494,-0.25347,0.01031,0.00938,0.17396
9724.72,BTC-27DEC19,1567162741325,open,0.07,475.4,0.0365,0.1105,0.07213627,83.61,0.068,0.0,BTC-27DEC19-14000-C,9573.67,82.28,0.0695,13.0,0.074,13.0,84.55,19.28927,-6.78346,7.20935,7e-05,0.29976
9606.79,BTC-27SEP19,1567162741325,open,0.01,444.3,0.003,0.03,0.01332916,86.1,0.0125,0.0,BTC-27SEP19-13000-C,9573.67,83.71,0.012,28.2,0.0145,58.5,88.13,5.45344,-8.42235,0.8165,9e-05,0.12462
9606.79,BTC-27SEP19,1567162741325,open,0.0,684.0,0.0005,0.0105,4.397e-05,120.0,0.0005,0.0,BTC-27SEP19-30000-C,9573.67,0.0,0.0,0.0,0.0005,12.0,146.15,0.0508,-0.10934,0.00365,0.0,0.00054
9606.79,BTC-27SEP19,1567162741325,open,0.0,406.8,0.0005,0.0105,9.2e-07,120.0,0.0005,0.0,BTC-27SEP19-2500-P,9573.67,0.0,0.0,0.0,0.0005,42.0,193.38,0.00141,-0.00303,-9e-05,0.0,-1e-05
9724.72,BTC-27DEC19,1567162741325,open,0.0,107.3,0.0005,0.0105,0.00097603,118.81,0.0015,0.0,BTC-27DEC19-2000-P,9573.67,109.61,0.0005,0.5,0.0015,41.5,125.82,0.62422,-0.31193,-0.15047,0.0,-0.00377
9724.72,BTC-27DEC19,1567162741325,open,3.15,0.0,3.033,3.2065,3.11599319,101.68,2.58,0.0,BTC-27DEC19-40000-P,9573.67,0.0,0.0,0.0,0.0,0.0,0.0,2.20976,-0.94509,-129.85864,1e-05,-0.9841
9606.79,BTC-27SEP19,1567162741325,open,0.0,577.2,0.0005,0.0115,0.00157765,100.75,0.001,0.0,BTC-27SEP19-18000-C,9573.67,87.76,0.0005,55.0,0.0015,7.1,100.08,1.12916,-2.04057,0.11444,2e-05,0.01718
9606.79,BTC-27SEP19,1567162741325,open,0.19,871.3,0.1655,0.22,0.19322883,84.12,0.176,0.0,BTC-27SEP19-8000-C,9573.67,78.93,0.1895,6.0,0.1935,6.3,84.49,7.04167,-10.62493,4.57567,0.00012,0.81688
9643.04,SYN.BTC-25OCT19,1567162741327,open,0.0,0.0255,0.084,0.05376091,83.02,None,0.0,BTC-25OCT19-12000-C,9573.67,80.62,0.0505,19.3,0.0565,10.0,85.01,13.2107,-9.81372,3.70489,0.00011,0.30474
9581.83,SYN.BTC-6SEP19,1567162741330,open,0.0,42.8,0.0005,0.0105,0.00077277,107.9,0.0005,0.0,BTC-6SEP19-7000-P,9573.67,101.56,0.0005,2.0,0.001,0.2,112.13,0.47261,-3.70822,-0.02687,3e-05,-0.01411
9590.13,SYN.BTC-13SEP19,1567162741337,open,0.0,0.2555,0.2905,0.27248327,91.72,None,0.0,BTC-13SEP19-7000-C,9573.67,0.0,0.26,1.0,0.285,1.0,141.82,1.34774,-4.45427,2.53508,4e-05,0.96784
169.54,SYN.ETH-6SEP19,1567162741339,open,0.0,250.0,0.001,0.011,0.001533,124.04,0.001,0.0,ETH-6SEP19-240-C,169.43,0.0,0.0,0.0,0.001,200.0,116.51,0.0137,-0.12353,0.00076,0.00204,0.02521
9606.79,BTC-27SEP19,1567162741346,open,0.0,373.7,0.0005,0.0105,0.00082101,119.39,0.001,0.0,BTC-27SEP19-4500-P,9573.67,112.27,0.0005,16.0,0.0015,57.0,129.71,0.50937,-1.09077,-0.05648,1e-05,-0.00688
9606.79,BTC-27SEP19,1567162741346,open,0.0,125.2,0.0005,0.0105,0.00013772,120.0,0.0005,0.0,BTC-27SEP19-3750-P,9573.67,0.0,0.0,0.0,0.001,57.0,149.63,0.11679,-0.25139,-0.01083,0.0,-0.00134
9606.79,BTC-27SEP19,1567162741346,open,0.06,1015.1,0.032,0.0875,0.05905424,81.7,0.059,0.0,BTC-27SEP19-9000-P,9573.67,80.66,0.058,19.3,0.0595,0.2,82.14,9.7698,-14.31681,-2.95635,0.00017,-0.34389
9606.79,BTC-27SEP19,1567162741346,open,0.0,146.6,0.0005,0.0105,0.00020436,120.0,0.0005,0.0,BTC-27SEP19-26000-C,9573.67,0.0,0.0,0.0,0.0005,11.2,130.3,0.18961,-0.40813,0.01523,0.0,0.00228
9724.72,BTC-27DEC19,1567162741349,open,0.0,1353.1,0.0005,0.0115,0.00152304,109.27,0.0015,0.0,BTC-27DEC19-52000-C,9573.67,104.78,0.001,10.1,0.002,20.6,112.46,1.31383,-0.60384,0.22836,0.0,0.00873
9606.79,BTC-27SEP19,1567162741355,open,0.01,444.3,0.003,0.03,0.01332916,86.1,0.0125,0.0,BTC-27SEP19-13000-C,9573.67,83.71,0.012,28.2,0.014,0.4,87.27,5.45344,-8.42235,0.8165,9e-05,0.12462
9724.72,BTC-27DEC19,1567162741361,open,0.64,4.0,0.634,0.655,0.64350085,93.97,0.666,0.0,BTC-27DEC19-3500-C,9573.67,0.0,0.0205,0.1,0.974,1.0,500.0,2.08508,-0.82409,10.82038,1e-05,0.98514
9606.79,BTC-27SEP19,1567162741367,open,0.55,9.2,0.5485,0.568,0.55809047,119.72,0.574,0.0,BTC-27SEP19-4250-C,9573.67,0.0,0.005,10.1,0.6025,5.0,300.01,0.3331,-0.71533,3.21094,0.0,0.99574
9643.04,SYN.BTC-25OCT19,1567162741376,open,0.0,0.009,0.0445,0.02459575,84.4,None,0.0,BTC-25OCT19-7000-P,9573.67,83.05,0.0235,24.0,0.025,10.0,84.89,7.90262,-5.96824,-2.25486,7e-05,-0.12815
9606.79,BTC-27SEP19,1567162741382,open,0.0,657.5,0.0005,0.0105,0.00051512,111.68,0.0005,0.0,BTC-27SEP19-22000-C,9573.67,0.0,0.0,0.0,0.001,27.0,120.02,0.43103,-0.8634,0.03801,1e-05,0.0057
9606.79,BTC-27SEP19,1567162741382,open,0.01,579.6,0.0005,0.0145,0.00462676,90.44,0.0035,0.0,BTC-27SEP19-15000-C,9573.67,86.06,0.0035,54.0,0.005,7.4,91.74,2.67983,-4.34707,0.32314,4e-05,0.04867
9606.79,BTC-27SEP19,1567162741382,open,0.0,492.7,0.0005,0.0105,3e-08,120.0,0.0005,0.0,BTC-27SEP19-2000-P,9573.67,0.0,0.0,0.0,0.0005,62.0,224.64,7e-05,-0.00014,0.0,0.0,0.0
9724.72,BTC-27DEC19,1567162741382,open,1.3,4.9,1.2235,1.342,1.27925499,88.93,1.0385,0.0,BTC-27DEC19-22000-P,9573.67,0.0,0.006,2.0,2.0375,0.3,500.0,8.84352,-3.30793,-69.40987,3e-05,-0.91226
9724.72,BTC-27DEC19,1567162741382,open,0.15,575.2,0.096,0.182,0.13945213,80.2,0.1465,0.0,BTC-27DEC19-9000-P,9573.67,78.56,0.136,4.9,0.1415,13.0,81.18,20.45409,-6.89983,-15.35294,8e-05,-0.34529
9606.79,BTC-27SEP19,1567162741382,open,1.73,0.0,1.6535,1.7625,1.70665164,121.36,None,0.0,BTC-27SEP19-26000-P,9573.67,0.0,0.0,0.0,0.0,0.0,0.0,0.20954,-0.4561,-19.83968,0.0,-0.99745
9724.72,BTC-27DEC19,1567162741388,open,0.79,0.0,0.7855,0.805,0.79531331,118.79,None,0.0,BTC-27DEC19-2000-C,9573.67,0.0,0.015,3.0,0.964,0.5,500.0,0.62367,-0.3116,6.36343,0.0,0.99623
9724.72,BTC-27DEC19,1567162741388,open,0.84,0.1,0.836,0.8555,0.84599926,119.95,0.84,0.0,BTC-27DEC19-1500-C,9573.67,0.0,0.021,0.1,0.9695,0.5,500.0,0.19718,-0.09949,4.84395,0.0,0.99894
9724.72,BTC-27DEC19,1567162741390,open,0.3,91.7,0.262,0.334,0.29934745,80.27,0.3515,0.0,BTC-27DEC19-7500-C,9573.67,77.64,0.295,13.2,0.3015,11.6,81.57,16.12727,-5.4449,15.44552,7e-05,0.78702
9724.72,BTC-27DEC19,1567162741390,open,0.01,234.1,0.0005,0.026,0.00994474,92.06,0.011,0.0,BTC-27DEC19-26000-C,9573.67,89.63,0.0085,24.0,0.011,24.0,93.7,6.06591,-2.34877,1.38864,2e-05,0.05379
9724.72,BTC-27DEC19,1567162741392,open,0.0,384.1,0.0005,0.012,0.00218168,99.8,0.003,0.0,BTC-27DEC19-3000-P,9573.67,94.49,0.0015,10.0,0.003,42.0,104.92,1.40048,-0.58786,-0.36662,0.0,-0.00939
9606.79,BTC-27SEP19,1567162741396,open,0.48,789.2,0.4695,0.4935,0.48072077,109.44,0.5015,0.0,BTC-27SEP19-5000-C,9573.67,0.0,0.051,1.0,0.549,5.0,299.24,0.73428,-1.44142,3.73334,1e-05,0.98957
9606.79,BTC-27SEP19,1567162741396,open,0.74,55.9,0.73,0.7495,0.73976587,0.0,0.689,0.0,BTC-27SEP19-2500-C,9573.67,0.0,0.005,10.0,0.822,5.0,500.0,0.0,0.0,1.90929,0.0,1.0
9842.7,SYN.BTC-27MAR20,1567162741396,open,0.02,4.1,0.004,0.0385,0.01617518,92.54,0.018,0.0,BTC-27MAR20-36000-C,9573.67,90.24,0.014,13.1,0.018,19.0,94.33,9.70701,-2.13998,2.88596,2e-05,0.06717
9606.79,BTC-27SEP19,1567162741398,open,1.1,0.0,1.0415,1.1275,1.08267924,105.81,0.691,0.0,BTC-27SEP19-20000-P,9573.67,0.0,1.067,1.1,1.0985,1.1,169.37,0.65168,-1.23682,-15.21358,1e-05,-0.9909
9724.72,BTC-27DEC19,1567162741400,open,3.57,0.0,3.4365,3.6235,3.5263825,102.27,3.46,0.0,BTC-27DEC19-44000-P,9573.67,0.0,0.0,0.0,0.0,0.0,0.0,1.5915,-0.68457,-143.01571,1e-05,-0.98912
169.65,SYN.ETH-13SEP19,1567162741402,open,0.0,0.152,0.235,0.192985,82.88,None,0.0,ETH-13SEP19-200-P,169.43,74.45,0.189,200.0,0.201,200.0,97.66,0.08502,-0.2539,-0.0657,0.00938,-0.8258
9581.83,SYN.BTC-6SEP19,1567162741405,open,0.22,1.0,0.177,0.231,0.20265007,80.34,0.142,0.0,BTC-6SEP19-11500-P,9573.67,0.0,0.19,1.1,0.21,1.5,112.44,1.4594,-8.52647,-2.07179,0.00011,-0.94517
9724.72,BTC-27DEC19,1567162741407,open,4.4,0.8,4.2425,4.4625,4.34875369,109.51,3.59,0.0,BTC-27DEC19-52000-P,9573.67,0.0,0.001,1.0,0.0,0.0,0.0,1.3347,-0.61479,-169.12482,0.0,-0.99111
9724.72,BTC-27DEC19,1567162741417,open,0.74,0.0,0.7345,0.754,0.7441868,105.95,None,0.0,BTC-27DEC19-2500-C,9573.67,0.0,0.0205,0.1,0.9585,0.5,500.0,0.8599,-0.3832,7.931,0.0,0.9946
9606.79,BTC-27SEP19,1567162741419,open,0.53,289.7,0.5225,0.5435,0.53239744,119.3,0.588,0.0,BTC-27SEP19-4500-C,9573.67,0.0,0.002,1.1,0.584,5.0,299.58,0.5073,-1.08551,3.38051,1e-05,0.99315
9606.79,BTC-27SEP19,1567162741421,open,0.0,586.8,0.0005,0.0105,1.031e-05,120.0,0.0005,0.0,BTC-27SEP19-3000-P,9573.67,0.0,0.0,0.0,0.0005,44.0,168.09,0.01235,-0.02658,-0.00095,0.0,-0.00012
9724.72,BTC-27DEC19,1567162741423,open,0.0,314.2,0.0005,0.0115,0.00180272,102.09,0.002,0.0,BTC-27DEC19-44000-C,9573.67,96.03,0.001,98.0,0.0025,11.0,105.91,1.57393,-0.67587,0.28302,1e-05,0.01074
9606.79,BTC-27SEP19,1567162741423,open,0.0,49.2,0.0005,0.0105,2.736e-05,120.0,0.0015,0.0,BTC-27SEP19-3250-P,9573.67,0.0,0.0,0.0,0.001,67.0,170.94,0.02913,-0.0627,-0.00238,0.0,-0.0003
9606.79,BTC-27SEP19,1567162741423,open,0.63,261.1,0.626,0.6455,0.63573543,119.45,0.714,0.0,BTC-27SEP19-3500-C,9573.67,0.0,0.161,1.0,0.661,10.0,299.28,0.05866,-0.12568,2.66792,0.0,0.99937
9724.72,BTC-27DEC19,1567162741426,open,0.37,63.0,0.341,0.4,0.37102947,81.08,0.4965,0.0,BTC-27DEC19-6500-C,9573.67,67.17,0.355,9.0,0.395,8.0,99.21,12.06303,-4.11361,15.63817,5e-05,0.86478
169.54,SYN.ETH-6SEP19,1567162741433,open,0.43,0.0,0.375,0.464,0.417161,124.29,None,0.0,ETH-6SEP19-240-P,169.43,0.0,0.0,0.0,0.0,0.0,0.0,0.01381,-0.12484,-0.04445,0.00205,-0.97453
9724.72,BTC-27DEC19,1567162741435,open,0.02,127.2,0.007,0.0365,0.01948382,83.0,0.016,0.0,BTC-27DEC19-5500-P,9573.67,81.13,0.018,22.0,0.021,22.0,84.85,7.85055,-2.74071,-2.99033,3e-05,-0.07493
9581.83,SYN.BTC-6SEP19,1567162741435,open,0.01,244.7,0.0015,0.0285,0.01152113,76.26,0.0095,0.0,BTC-6SEP19-10500-C,9573.67,73.6,0.0105,24.0,0.0115,0.2,76.2,3.74239,-20.75263,0.3502,0.00028,0.20554
9581.83,SYN.BTC-6SEP19,1567162741454,open,0.0,182.5,0.0005,0.0115,0.00152527,97.1,0.0025,0.0,BTC-6SEP19-7500-P,9573.67,90.45,0.001,44.0,0.002,4.7,102.0,0.855,-6.03697,-0.05402,5e-05,-0.0284
169.65,SYN.ETH-13SEP19,1567162741476,open,90.0,0.001,0.022,0.007945,83.23,0.007,0.0,ETH-13SEP19-210-C,169.43,80.55,0.007,170.0,0.009,230.0,86.05,0.06165,-0.18489,0.00649,0.00677,0.10865
9590.13,SYN.BTC-13SEP19,1567162741482,open,2.2,0.0655,0.1215,0.09450991,77.94,0.092,0.0,BTC-13SEP19-9000-C,9573.67,75.01,0.0925,6.4,0.096,0.4,80.1,6.60298,-18.54371,2.16853,0.00024,0.68932
169.54,SYN.ETH-6SEP19,1567162741523,open,0.0,30.0,0.001,0.011,0.000838,124.86,0.001,0.0,ETH-6SEP19-250-C,169.43,0.0,0.0,0.0,0.001,200.0,127.86,0.00861,-0.07819,0.00044,0.00127,0.0146
9581.82,SYN.BTC-6SEP19,1567162741529,open,0.16,44.2,0.1265,0.1815,0.15303507,76.69,0.162,0.0,BTC-6SEP19-11000-P,9573.67,0.0,0.1415,4.1,0.1605,4.1,101.1,2.37608,-13.25165,-1.89331,0.00018,-0.89592
9842.7,SYN.BTC-27MAR20,1567162741534,open,2.5,0.0,2.392,2.563,2.47254185,91.52,None,0.0,BTC-27MAR20-34000-P,9573.67,0.0,0.0,0.0,0.0,0.0,0.0,10.56883,-2.30433,-192.28436,2e-05,-0.92497
169.65,SYN.ETH-13SEP19,1567162741548,open,0.0,0.205,0.289,0.245832,83.33,None,0.0,ETH-13SEP19-210-P,169.43,0.0,0.0,0.0,0.0,0.0,0.0,0.06178,-0.1855,-0.07332,0.00678,-0.89104
9590.13,SYN.BTC-13SEP19,1567162741609,open,0.0,0.132,0.196,0.16348075,78.35,None,0.0,BTC-13SEP19-11000-P,9573.67,0.0,0.14,1.0,0.1715,1.0,91.96,5.32346,-15.03029,-3.49183,0.00019,-0.7943
9842.7,SYN.BTC-27MAR20,1567162741609,open,0.14,120.7,0.0925,0.182,0.13759431,81.26,0.1405,0.0,BTC-27MAR20-8000-P,9573.67,79.8,0.134,0.2,0.1405,17.0,82.45,24.19139,-4.6834,-22.48098,5e-05,-0.25963
169.54,SYN.ETH-6SEP19,1567162741618,open,0.49,0.0,0.432,0.523,0.475429,124.86,None,0.0,ETH-6SEP19-250-P,169.43,0.0,0.0,0.0,0.0,0.0,0.0,0.00861,-0.0782,-0.04665,0.00127,-0.98539
169.65,SYN.ETH-13SEP19,1567162741621,open,0.0,0.001,0.015,0.004703,84.96,None,0.0,ETH-13SEP19-220-C,169.43,77.55,0.003,200.0,0.005,30.0,86.09,0.04373,-0.13388,0.00412,0.0047,0.06861
9643.04,SYN.BTC-25OCT19,1567162741640,open,0.0,0.2535,0.343,0.29818711,83.02,None,0.0,BTC-25OCT19-12000-P,9573.67,0.0,0.0,0.0,0.0,0.0,0.0,13.21098,-9.8144,-14.66507,0.00011,-0.69525
9581.83,SYN.BTC-6SEP19,1567162741645,open,0.02,276.0,0.0035,0.0385,0.0182392,78.73,0.0195,0.0,BTC-6SEP19-9000-P,9573.67,75.95,0.017,24.0,0.0185,0.3,79.31,4.29193,-24.57219,-0.50784,0.00032,-0.26312
9724.72,BTC-27DEC19,1567162741647,open,0.52,291.5,0.455,0.569,0.51177529,83.61,0.558,0.0,BTC-27DEC19-14000-P,9573.67,73.81,0.493,5.1,0.5225,4.0,88.94,19.28981,-6.78401,-38.3865,7e-05,-0.70022
9842.7,SYN.BTC-27MAR20,1567162741658,open,0.13,6.3,0.0825,0.184,0.13381132,83.75,0.139,0.0,BTC-27MAR20-14000-C,9573.67,81.77,0.128,19.0,0.139,19.0,85.51,28.9489,-5.77573,15.41692,6e-05,0.40622
9606.79,BTC-27SEP19,1567162741681,open,0.48,68.8,0.431,0.503,0.46503656,88.2,0.3615,0.0,BTC-27SEP19-14000-P,9573.67,0.0,0.4535,1.1,0.4775,1.1,112.17,3.84726,-6.08638,-10.18131,6e-05,-0.92265
9724.72,BTC-27DEC19,1567162741689,open,0.9,12.4,0.829,0.9445,0.88423175,86.36,0.559,0.0,BTC-27DEC19-18000-P,9573.67,71.85,0.867,1.1,0.899,1.1,96.29,13.39129,-4.86436,-54.67411,5e-05,-0.84202
9842.7,SYN.BTC-27MAR20,1567162741694,open,0.06,25.1,0.029,0.1065,0.06456425,86.6,0.068,0.0,BTC-27MAR20-20000-C,9573.67,84.8,0.0605,21.0,0.068,11.0,88.1,22.45419,-4.63279,9.15032,5e-05,0.22624
169.65,SYN.ETH-13SEP19,1567162741694,open,0.0,0.261,0.345,0.301498,84.96,None,0.0,ETH-13SEP19-220-P,169.43,0.0,0.0,0.0,0.0,0.0,0.0,0.04373,-0.13388,-0.07951,0.0047,-0.93139
9724.72,BTC-27DEC19,1567162741703,open,1.1,5.7,1.025,1.1405,1.07957609,87.2,0.661,0.0,BTC-27DEC19-20000-P,9573.67,67.34,1.063,1.1,1.0965,1.1,100.52,10.77586,-3.95238,-62.22062,4e-05,-0.88495
9606.79,BTC-27SEP19,1567162741726,open,0.68,34.4,0.6335,0.7075,0.66851533,93.57,0.396,0.0,BTC-27SEP19-16000-P,9573.67,0.0,0.656,1.1,0.682,1.1,130.83,1.93625,-3.24956,-12.00231,3e-05,-0.96737
9643.04,SYN.BTC-25OCT19,1567162741739,open,0.0,0.188,0.2525,0.22130478,82.45,None,0.0,BTC-25OCT19-8000-C,9573.67,0.0,0.0,0.0,0.0,0.0,0.0,11.44384,-8.44333,8.10648,0.0001,0.77045
9606.79,BTC-27SEP19,1567162741744,open,1.1,0.0,1.0415,1.1275,1.08267924,105.81,0.691,0.0,BTC-27SEP19-20000-P,9573.67,0.0,1.0675,1.1,1.0985,1.1,169.37,0.65168,-1.23682,-15.21358,1e-05,-0.9909
9842.7,SYN.BTC-27MAR20,1567162741750,open,0.03,1.6,0.012,0.068,0.03510624,88.82,0.0375,0.0,BTC-27MAR20-26000-C,9573.67,86.89,0.032,22.0,0.038,12.0,90.55,16.16312,-3.4203,5.62488,3e-05,0.13449
9724.77,BTC-27DEC19,1567162741807,open,1.5,0.0,1.423,1.546,1.48080244,90.57,None,0.0,BTC-27DEC19-24000-P,9572.88,0.0,0.006,1.0,2.2345,0.2,500.0,7.30401,-2.78248,-76.41248,3e-05,-0.93179
9606.79,BTC-27SEP19,1567162741807,open,0.58,31.7,0.532,0.604,0.5660227,90.44,0.449,0.0,BTC-27SEP19-15000-P,9572.88,0.0,0.554,1.1,0.579,1.1,121.06,2.67993,-4.34728,-11.13261,4e-05,-0.95133
9643.09,SYN.BTC-25OCT19,1567162741806,open,0.0,0.342,0.431,0.38573822,84.19,None,0.0,BTC-25OCT19-13000-P,9572.88,0.0,0.0,0.0,0.0,0.0,0.0,11.42915,-8.61072,-17.0755,0.0001,-0.77098
9643.09,SYN.BTC-25OCT19,1567162741806,open,0.0,0.6315,0.7195,0.67328706,88.48,None,0.0,BTC-25OCT19-16000-P,9572.88,0.0,0.0,0.0,0.0,0.0,0.0,6.55317,-5.18831,-23.24571,5e-05,-0.90141
9723.98,BTC-27DEC19,1567162741810,open,0.62,206.6,0.545,0.6595,0.60139596,84.28,0.454,0.0,BTC-27DEC19-15000-P,9572.88,73.67,0.583,1.1,0.6135,1.1,90.72,17.79806,-6.30941,-42.65861,7e-05,-0.74559
9643.09,SYN.BTC-25OCT19,1567162741806,open,26.0,0.0055,0.0395,0.0190904,86.84,0.018,0.0,BTC-25OCT19-15000-C,9572.88,84.87,0.0175,24.0,0.0215,40.4,89.69,7.9455,-6.17445,1.62477,6e-05,0.12915
9842.75,SYN.BTC-27MAR20,1567162741806,open,1.11,0.0,1.0255,1.172,1.09653932,86.61,None,0.0,BTC-27MAR20-20000-P,9572.88,0.0,0.0005,2.0,1.349,1.0,175.11,22.45705,-4.63389,-105.84852,5e-05,-0.77371
9842.75,SYN.BTC-27MAR20,1567162741806,open,0.57,17.7,0.487,0.624,0.55619384,83.75,0.575,0.0,BTC-27MAR20-14000-P,9572.88,66.15,0.506,3.0,0.5985,3.0,97.95,28.94946,-5.77618,-65.08286,6e-05,-0.59376
9842.75,SYN.BTC-27MAR20,1567162741806,open,0.01,22.5,0.003,0.025,0.01266768,82.08,0.0135,0.0,BTC-27MAR20-4000-P,9572.88,80.22,0.0115,17.9,0.0135,6.0,83.35,6.35014,-1.24169,-2.94552,1e-05,-0.03938
9643.09,SYN.BTC-25OCT19,1567162741806,open,0.0,0.015,0.065,0.03760983,84.18,None,0.0,BTC-25OCT19-13000-C,9572.88,81.96,0.035,24.8,0.04,10.0,86.18,11.42797,-8.6087,2.825,0.0001,0.22898
9842.75,SYN.BTC-27MAR20,1567162741806,open,0.01,75.6,0.0025,0.033,0.01285039,94.21,0.0125,0.0,BTC-27MAR20-40000-C,9572.88,93.17,0.012,0.8,0.014,19.0,95.56,8.2067,-1.842,2.34006,2e-05,0.0542
9842.75,SYN.BTC-27MAR20,1567162741806,open,1.7,0.0,1.6035,1.758,1.67667392,88.84,None,0.0,BTC-27MAR20-26000-P,9572.88,0.0,0.0,0.0,1.825,1.0,150.08,16.16965,-3.42237,-143.87283,3e-05,-0.86543
9842.75,SYN.BTC-27MAR20,1567162741806,open,0.23,31.1,0.1815,0.2835,0.23520666,80.98,0.2215,0.0,BTC-27MAR20-10000-C,9572.88,77.65,0.2255,7.0,0.244,10.6,84.01,28.62112,-5.52191,21.25335,6e-05,0.61073
9842.75,SYN.BTC-27MAR20,1567162741806,open,2.71,0.0,2.5905,2.7675,2.67373042,92.58,None,0.0,BTC-27MAR20-36000-P,9572.88,0.0,0.0,0.0,0.0,0.0,0.0,9.72135,-2.14409,-204.10978,2e-05,-0.9327
9590.16,SYN.BTC-13SEP19,1567162741807,open,2.0,0.012,0.057,0.03297604,77.94,0.032,0.0,BTC-13SEP19-9000-P,9572.88,75.79,0.0315,30.1,0.034,10.0,79.42,6.60299,-18.54452,-1.25288,0.00024,-0.31068
9581.84,SYN.BTC-6SEP19,1567162741806,open,0.0,113.2,0.0005,0.0135,0.00349143,89.3,0.0035,0.0,BTC-6SEP19-8000-P,9572.88,82.93,0.0025,43.0,0.0035,0.2,89.35,1.6191,-10.51401,-0.11927,0.0001,-0.06259
9842.75,SYN.BTC-27MAR20,1567162741807,open,0.1,10.5,0.058,0.1525,0.10438335,85.17,0.1085,0.0,BTC-27MAR20-16000-C,9572.88,83.57,0.1,0.1,0.1085,19.0,86.65,27.15314,-5.50931,12.9847,6e-05,0.33381
9643.09,SYN.BTC-25OCT19,1567162741807,open,0.0,0.1215,0.193,0.15880648,81.62,None,0.0,BTC-25OCT19-9000-C,9572.88,78.66,0.1545,14.4,0.1615,6.1,83.47,14.02575,-10.24429,7.19882,0.00012,0.64646
9581.84,SYN.BTC-6SEP19,1567162741806,open,0.16,1.0,0.1485,0.1895,0.16857738,89.29,0.17,0.0,BTC-6SEP19-8000-C,9572.88,0.0,0.163,1.1,0.1785,1.1,130.5,1.6188,-10.5112,1.38776,0.0001,0.93743
9590.16,SYN.BTC-13SEP19,1567162741807,open,0.0,0.179,0.241,0.20883235,78.59,None,0.0,BTC-13SEP19-11500-P,9572.88,0.0,0.187,1.0,0.218,1.0,97.57,4.03542,-11.4287,-3.91923,0.00015,-0.86618
9643.09,SYN.BTC-25OCT19,1567162741806,open,1.1,0.0035,0.032,0.01405212,88.45,0.0165,0.0,BTC-25OCT19-16000-C,9572.88,86.1,0.0125,34.0,0.0155,6.1,90.53,6.54948,-5.18401,1.24686,5e-05,0.09852
9581.84,SYN.BTC-6SEP19,1567162741807,open,0.0,56.7,0.0005,0.0105,0.00075661,100.48,0.001,0.0,BTC-6SEP19-13000-C,9572.88,95.15,0.0005,4.0,0.001,9.9,104.49,0.52766,-3.85545,0.02759,3e-05,0.01604
9590.16,SYN.BTC-13SEP19,1567162741806,open,0.0,0.0005,0.015,0.00493569,87.07,None,0.0,BTC-13SEP19-7500-P,9572.88,82.97,0.004,44.6,0.006,0.1,91.29,2.30392,-7.22888,-0.2464,8e-05,-0.06265
9590.16,SYN.BTC-13SEP19,1567162741807,open,0.0,0.2035,0.2435,0.22288053,87.06,None,0.0,BTC-13SEP19-7500-C,9572.88,0.0,0.208,1.0,0.238,1.0,130.89,2.30317,-7.22542,2.60488,8e-05,0.93738
9643.09,SYN.BTC-25OCT19,1567162741807,open,0.0,0.0085,0.05,0.02625688,85.12,None,0.0,BTC-25OCT19-14000-C,9572.88,83.84,0.025,19.3,0.0265,10.0,85.37,9.55945,-7.28162,2.12681,8e-05,0.17033
9643.09,SYN.BTC-25OCT19,1567162741807,open,0.0,0.0255,0.0785,0.0509222,82.46,None,0.0,BTC-25OCT19-8000-P,9572.88,80.83,0.049,19.3,0.0525,5.0,83.78,11.44395,-8.44386,-4.14035,0.0001,-0.22955
9842.75,SYN.BTC-27MAR20,1567162741807,open,3.11,1.0,2.9875,3.1765,3.07680071,94.27,2.7125,0.0,BTC-27MAR20-40000-P,9572.88,0.0,0.0,0.0,0.0,0.0,0.0,8.22436,-1.84703,-227.65493,2e-05,-0.94566
9842.75,SYN.BTC-27MAR20,1567162741806,open,0.6,0.0,0.5905,0.6235,0.60627265,82.07,None,0.0,BTC-27MAR20-4000-C,9572.88,0.0,0.2,1.0,0.0,0.0,0.0,6.34906,-1.24137,20.05528,1e-05,0.96063
9581.84,SYN.BTC-6SEP19,1567162741806,open,0.01,208.4,0.0005,0.0235,0.0083965,84.04,0.0075,0.0,BTC-6SEP19-8500-P,9572.88,81.0,0.0075,74.7,0.0085,0.1,84.39,2.8767,-17.58136,-0.26149,0.0002,-0.13648
9581.84,SYN.BTC-6SEP19,1567162741806,open,0.0,253.5,0.0005,0.0115,0.00153825,87.03,0.0015,0.0,BTC-6SEP19-12000-C,9572.88,81.14,0.001,30.1,0.002,0.1,91.14,0.99366,-6.28866,0.0587,7e-05,0.03406
9590.16,SYN.BTC-13SEP19,1567162741807,open,9.5,0.0005,0.0245,0.0096811,78.58,0.0095,0.0,BTC-13SEP19-11500-C,9572.88,78.15,0.0095,5.7,0.011,34.0,81.64,4.03457,-11.42458,0.45244,0.00015,0.13378
169.54,SYN.ETH-6SEP19,1567162741856,open,0.17,0.0,0.15,0.205,0.17774,93.71,None,0.0,ETH-6SEP19-140-C,169.43,0.0,0.0,0.0,0.0,0.0,0.0,0.02781,-0.18949,0.02434,0.00548,0.93976
173.47,SYN.ETH-27MAR20,1567162741886,open,0.56,1.0,0.541,0.593,0.567842,90.41,0.569,0.0,ETH-27MAR20-80-C,169.43,0.0,0.07,20.0,0.0,0.0,0.0,0.17768,-0.03827,0.36069,0.00114,0.92945
169.54,SYN.ETH-6SEP19,1567162741950,open,0.01,13.0,0.001,0.014,0.003511,93.71,0.006,0.0,ETH-6SEP19-140-P,169.43,83.14,0.002,200.0,0.005,200.0,102.0,0.02781,-0.18949,-0.00204,0.00548,-0.06024
173.47,SYN.ETH-27MAR20,1567162742050,open,0.4,0.0,0.359,0.443,0.404623,87.11,None,0.0,ETH-27MAR20-120-C,169.43,0.0,0.05,2.0,0.42,1.0,94.6,0.35374,-0.07341,0.40711,0.00235,0.81277
169.54,SYN.ETH-6SEP19,1567162742245,open,0.12,40.0,0.092,0.154,0.124352,87.67,0.117,0.0,ETH-6SEP19-150-C,169.43,71.78,0.12,40.0,0.126,40.0,92.89,0.05193,-0.33108,0.02348,0.01094,0.85944
173.47,SYN.ETH-27MAR20,1567162742279,open,0.22,32.0,0.152,0.264,0.210381,86.62,0.212,0.0,ETH-27MAR20-160-P,169.43,83.92,0.203,286.0,0.219,147.0,89.78,0.47392,-0.0978,-0.53484,0.00316,-0.32582
9723.98,BTC-27DEC19,1567162742300,open,0.35,68.8,0.288,0.398,0.34376706,82.01,0.2975,0.0,BTC-27DEC19-12000-P,9572.88,78.05,0.335,10.9,0.3485,5.9,84.13,21.63136,-7.46151,-29.42182,9e-05,-0.58525
9723.98,BTC-27DEC19,1567162742301,open,0.33,49.4,0.2995,0.3655,0.33363343,80.54,0.384,0.0,BTC-27DEC19-7000-C,9572.88,78.03,0.33,8.0,0.3355,4.0,81.82,14.16693,-4.7993,15.64524,6e-05,0.82765
9723.98,BTC-27DEC19,1567162742309,open,0.33,49.4,0.2995,0.3655,0.33363343,80.54,0.384,0.0,BTC-27DEC19-7000-C,9572.88,78.03,0.33,8.0,0.336,4.6,82.16,14.16693,-4.7993,15.64524,6e-05,0.82765
9723.98,BTC-27DEC19,1567162742319,open,0.05,224.0,0.02,0.0815,0.04820994,84.92,0.048,0.0,BTC-27DEC19-16000-C,9572.88,83.58,0.046,22.7,0.05,26.9,85.98,16.26428,-5.80902,5.31811,6e-05,0.21613
173.47,SYN.ETH-27MAR20,1567162742367,open,0.21,493.0,0.152,0.261,0.210829,87.94,0.216,0.0,ETH-27MAR20-200-C,169.43,85.01,0.202,210.0,0.217,210.0,90.0,0.521,-0.10916,0.33608,0.00342,0.54777
9724.77,BTC-27DEC19,1567162742387,open,0.3,91.7,0.262,0.334,0.29935043,80.27,0.3515,0.0,BTC-27DEC19-7500-C,9572.88,77.63,0.295,13.0,0.3015,11.6,81.56,16.12722,-5.4449,15.44559,7e-05,0.78702
9724.77,BTC-27DEC19,1567162742395,open,0.15,575.2,0.096,0.182,0.13944894,80.2,0.1465,0.0,BTC-27DEC19-9000-P,9572.88,78.56,0.136,4.9,0.1415,9.0,81.18,20.45411,-6.8998,-15.35278,8e-05,-0.34529
169.54,SYN.ETH-6SEP19,1567162742473,open,0.01,459.0,0.001,0.026,0.009107,87.67,0.008,0.0,ETH-6SEP19-150-P,169.43,80.47,0.007,200.0,0.011,493.0,93.65,0.05193,-0.33108,-0.00478,0.01094,-0.14056
173.47,SYN.ETH-27MAR20,1567162742535,open,0.15,264.0,0.099,0.205,0.155187,88.34,0.152,0.0,ETH-27MAR20-240-C,169.43,86.27,0.149,230.0,0.162,1.0,90.62,0.51893,-0.10922,0.28461,0.00339,0.44052
169.54,SYN.ETH-6SEP19,1567162742598,open,0.07,0.0,0.044,0.107,0.077503,82.26,None,0.0,ETH-6SEP19-160-C,169.43,70.17,0.072,40.0,0.079,40.0,85.45,0.07894,-0.47218,0.02037,0.01772,0.71545
173.47,SYN.ETH-27MAR20,1567162742621,open,0.55,130.0,0.459,0.614,0.538712,88.34,0.417,0.0,ETH-27MAR20-240-P,169.43,83.74,0.525,144.0,0.549,1.0,91.78,0.51893,-0.10922,-1.0954,0.00339,-0.55948
169.54,SYN.ETH-6SEP19,1567162742700,open,0.03,457.0,0.004,0.045,0.021242,82.26,0.019,0.0,ETH-6SEP19-160-P,169.43,75.21,0.018,160.0,0.024,393.0,88.13,0.07894,-0.47218,-0.00977,0.01772,-0.28455
173.47,SYN.ETH-27MAR20,1567162742707,open,0.11,238.0,0.066,0.164,0.116532,88.93,0.112,0.0,ETH-27MAR20-280-C,169.43,86.96,0.111,247.0,0.12,1.0,90.15,0.48953,-0.10371,0.23749,0.00318,0.35462
9723.98,BTC-27DEC19,1567162742755,open,0.33,49.4,0.2995,0.3655,0.33363343,80.54,0.384,0.0,BTC-27DEC19-7000-C,9572.88,78.03,0.33,8.0,0.3355,3.8,81.82,14.16693,-4.7993,15.64524,6e-05,0.82765
169.65,SYN.ETH-13SEP19,1567162742770,open,0.0,0.272,0.318,0.294919,98.35,None,0.0,ETH-13SEP19-120-C,169.43,0.0,0.0,0.0,0.0,0.0,0.0,0.02164,-0.0767,0.04363,0.00201,0.97138
173.47,SYN.ETH-27MAR20,1567162742790,open,0.75,81.0,0.646,0.812,0.730644,88.93,0.582,0.0,ETH-27MAR20-280-P,169.43,0.0,0.0,0.0,0.744,1.0,93.61,0.48953,-0.10371,-1.37252,0.00318,-0.64538
169.54,SYN.ETH-6SEP19,1567162742794,open,0.04,503.0,0.015,0.07,0.042504,80.02,0.039,0.0,ETH-6SEP19-170-C,169.43,69.96,0.037,120.0,0.042,16.0,79.1,0.09279,-0.53993,0.015,0.02142,0.51203
9723.98,BTC-27DEC19,1567162742785,open,0.28,246.6,0.214,0.3185,0.26736665,81.1,0.274,0.0,BTC-27DEC19-11000-P,9572.88,79.4,0.2635,3.6,0.272,13.4,83.13,22.12524,-7.5469,-24.74453,9e-05,-0.51396
170.42,SYN.ETH-25OCT19,1567162742841,open,0.0,0.399,0.443,0.421228,91.13,None,0.0,ETH-25OCT19-100-C,169.43,0.0,0.0,0.0,0.0,0.0,0.0,0.06558,-0.05348,0.1387,0.00162,0.95288
169.54,SYN.ETH-6SEP19,1567162742878,open,0.05,349.0,0.016,0.076,0.045226,80.02,0.05,0.0,ETH-6SEP19-170-P,169.43,72.3,0.041,120.0,0.043,1.0,75.95,0.09279,-0.53993,-0.01703,0.02142,-0.48797
173.47,SYN.ETH-27MAR20,1567162742881,open,0.09,76.0,0.046,0.135,0.090359,90.02,0.085,0.0,ETH-27MAR20-320-C,169.43,87.94,0.085,262.0,0.099,262.0,93.32,0.4497,-0.09645,0.19836,0.00289,0.28922
169.65,SYN.ETH-13SEP19,1567162742891,open,0.0,0.001,0.012,0.002262,98.35,None,0.0,ETH-13SEP19-120-P,169.43,85.98,0.001,200.0,0.005,500.0,115.15,0.02164,-0.0767,-0.00199,0.00201,-0.02862
170.42,SYN.ETH-25OCT19,1567162742914,open,0.0,0.001,0.018,0.008001,91.13,None,0.0,ETH-25OCT19-100-P,169.43,91.13,0.008,200.0,0.01,160.0,96.04,0.06558,-0.05348,-0.01438,0.00162,-0.04712
173.47,SYN.ETH-27MAR20,1567162742961,open,0.95,1.0,0.846,1.023,0.935059,90.02,0.827,0.0,ETH-27MAR20-320-P,169.43,0.0,0.0,0.0,0.95,1.0,95.67,0.4497,-0.09645,-1.64165,0.00289,-0.71078
169.65,SYN.ETH-13SEP19,1567162742976,open,0.0,0.212,0.265,0.238991,94.25,None,0.0,ETH-13SEP19-130-C,169.43,0.0,0.0,0.0,0.0,0.0,0.0,0.04028,-0.13681,0.0451,0.00391,0.93828
170.42,SYN.ETH-25OCT19,1567162742986,open,0.0,0.288,0.348,0.319032,88.2,None,0.0,ETH-25OCT19-120-C,169.43,0.0,0.0,0.0,0.0,0.0,0.0,0.13119,-0.10355,0.14708,0.00335,0.88279
173.47,SYN.ETH-27MAR20,1567162743048,open,0.07,26.0,0.032,0.11,0.070042,90.47,0.076,0.0,ETH-27MAR20-360-C,169.43,87.84,0.064,274.0,0.079,306.0,94.24,0.40461,-0.08721,0.16494,0.00258,0.2354
169.65,SYN.ETH-13SEP19,1567162743050,open,0.0,0.001,0.016,0.005279,94.25,None,0.0,ETH-13SEP19-130-P,169.43,88.49,0.004,200.0,0.008,500.0,104.57,0.04028,-0.13681,-0.00432,0.00391,-0.06172
170.42,SYN.ETH-25OCT19,1567162743058,open,0.0,0.008,0.042,0.023158,88.2,None,0.0,ETH-25OCT19-120-P,169.43,85.35,0.021,489.0,0.026,160.0,91.82,0.13119,-0.10355,-0.03662,0.00335,-0.11721
171.67,ETH-27DEC19,1567162743121,open,0.0,0.417,0.476,0.447815,91.44,None,0.0,ETH-27DEC19-100-C,169.43,0.0,0.0,0.0,0.0,0.0,0.0,0.16866,-0.06487,0.25427,0.00192,0.90259
170.42,SYN.ETH-25OCT19,1567162743125,open,0.0,0.193,0.266,0.232245,87.16,None,0.0,ETH-25OCT19-140-C,169.43,0.0,0.0,0.0,0.0,0.0,0.0,0.20123,-0.15695,0.14095,0.00519,0.77251
173.47,SYN.ETH-27MAR20,1567162743125,open,1.17,0.0,1.054,1.238,1.145329,90.47,None,0.0,ETH-27MAR20-360-P,169.43,0.0,0.0,0.0,1.165,1.0,98.57,0.40461,-0.08721,-1.90507,0.00258,-0.7646
169.65,SYN.ETH-13SEP19,1567162743133,open,0.0,0.154,0.213,0.185118,88.23,None,0.0,ETH-13SEP19-140-C,169.43,0.0,0.0,0.0,0.0,0.0,0.0,0.06403,-0.20358,0.04517,0.00663,0.88543
169.54,SYN.ETH-6SEP19,1567162743135,open,0.09,204.0,0.046,0.118,0.082619,80.19,0.105,0.0,ETH-6SEP19-180-P,169.43,68.33,0.077,40.0,0.085,40.0,85.05,0.08237,-0.48035,-0.0246,0.01897,-0.68757
9589.42,SYN.BTC-13SEP19,1567162743183,open,0.0,0.054,0.1155,0.0849619,77.09,None,0.0,BTC-13SEP19-10000-P,9572.88,75.17,0.0835,5.1,0.0875,1.0,80.42,7.30581,-20.2959,-2.42675,0.00027,-0.58073
171.67,ETH-27DEC19,1567162743193,open,0.0,0.013,0.051,0.030328,91.44,None,0.0,ETH-27DEC19-100-P,169.43,87.99,0.027,200.0,0.029,40.0,90.08,0.16866,-0.06487,-0.07142,0.00192,-0.09741
170.42,SYN.ETH-25OCT19,1567162743193,open,0.0,0.026,0.083,0.053726,87.16,None,0.0,ETH-25OCT19-140-P,169.43,83.13,0.049,238.0,0.058,576.0,90.76,0.20123,-0.15695,-0.07337,0.00519,-0.22749
169.54,SYN.ETH-6SEP19,1567162743206,open,0.0,5.0,0.001,0.011,0.000435,125.0,0.002,0.0,ETH-6SEP19-260-C,169.43,0.0,0.0,0.0,0.001,200.0,138.6,0.00513,-0.04662,0.00024,0.00076,0.00805
173.47,SYN.ETH-27MAR20,1567162743208,open,0.05,211.0,0.023,0.091,0.054697,90.74,0.062,0.0,ETH-27MAR20-400-C,169.43,88.43,0.05,284.0,0.062,32.0,94.18,0.35936,-0.07768,0.13705,0.00229,0.19209
171.67,ETH-27DEC19,1567162743212,open,0.0,3790.0,0.001,0.012,0.002782,105.99,0.002,0.0,ETH-27DEC19-760-C,169.43,94.87,0.001,996.0,0.004,540.0,110.8,0.03816,-0.01701,0.00711,0.00038,0.0155
171.67,ETH-27DEC19,1567162743214,open,0.09,3060.0,0.052,0.136,0.095281,91.41,0.085,0.0,ETH-27DEC19-240-C,169.43,85.54,0.083,245.0,0.09,200.0,88.91,0.36342,-0.13974,0.14322,0.00414,0.35145
169.87,ETH-27SEP19,1567162743214,open,0.02,1455.0,0.005,0.037,0.018601,85.54,0.016,0.0,ETH-27SEP19-220-C,169.43,83.17,0.017,310.0,0.019,128.0,86.12,0.11636,-0.17854,0.01894,0.00617,0.16462
169.87,ETH-27SEP19,1567162743218,open,0.01,1785.0,0.001,0.015,0.005409,89.9,0.012,0.0,ETH-27SEP19-260-C,169.43,84.99,0.004,310.0,0.006,160.0,91.74,0.05298,-0.08543,0.00657,0.00267,0.05601
169.87,ETH-27SEP19,1567162743218,open,0.0,6011.0,0.001,0.011,2e-05,125.0,0.002,0.0,ETH-27SEP19-600-C,169.43,0.0,0.0,0.0,0.001,499.0,170.77,0.00044,-0.00098,3e-05,2e-05,0.00025
169.87,ETH-27SEP19,1567162743218,open,0.79,850.0,0.715,0.827,0.768692,99.95,0.8,0.0,ETH-27SEP19-300-P,169.43,0.0,0.049,15.0,1.82,5.0,500.0,0.02959,-0.05304,-0.22591,0.00134,-0.97264
169.87,ETH-27SEP19,1567162743220,open,0.07,8187.0,0.034,0.097,0.064773,85.12,0.072,0.0,ETH-27SEP19-160-P,169.43,82.43,0.062,128.0,0.068,386.0,88.26,0.17476,-0.26682,-0.05445,0.00932,-0.35492
169.87,ETH-27SEP19,1567162743220,open,0.0,839.0,0.001,0.011,7.4e-05,125.0,0.001,0.0,ETH-27SEP19-60-P,169.43,0.0,0.0,0.0,0.001,200.0,164.51,0.00117,-0.00263,-0.0001,4e-05,-0.00072
171.67,ETH-27DEC19,1567162743222,open,0.92,101.0,0.83,0.981,0.90418,91.8,0.513,0.0,ETH-27DEC19-320-P,169.43,0.0,0.006,5.0,0.0,0.0,0.0,0.25441,-0.09823,-0.96565,0.00289,-0.82296
169.87,ETH-27SEP19,1567162743224,open,0.01,9308.0,0.001,0.02,0.008396,92.06,0.008,0.0,ETH-27SEP19-120-P,169.43,88.03,0.007,460.0,0.01,210.0,96.31,0.06141,-0.1014,-0.00987,0.00303,-0.06768
169.87,ETH-27SEP19,1567162743224,open,2.34,24.0,2.201,2.398,2.296682,125.0,1.356,0.0,ETH-27SEP19-560-P,169.43,0.0,0.0,0.0,0.0,0.0,0.0,0.00086,-0.00193,-0.42762,3e-05,-0.99948
169.87,ETH-27SEP19,1567162743224,open,1.39,79.0,1.287,1.43,1.355487,119.43,0.351,0.0,ETH-27SEP19-400-P,169.43,0.0,0.0,0.0,0.0,0.0,0.0,0.00978,-0.02095,-0.3046,0.00037,-0.99245
171.67,ETH-27DEC19,1567162743224,open,0.0,2360.0,0.001,0.014,0.004154,101.04,0.003,0.0,ETH-27DEC19-640-C,169.43,92.34,0.002,610.0,0.006,240.0,106.25,0.05357,-0.02277,0.01059,0.00055,0.02309
169.87,ETH-27SEP19,1567162743228,open,0.03,1695.0,0.014,0.062,0.036693,85.12,0.036,0.0,ETH-27SEP19-200-C,169.43,80.02,0.032,578.0,0.038,378.0,86.52,0.15861,-0.24217,0.03184,0.00845,0.28214
169.87,ETH-27SEP19,1567162743242,open,0.07,942.0,0.037,0.1,0.069501,85.12,0.063,0.0,ETH-27SEP19-180-C,169.43,81.0,0.065,305.0,0.071,395.0,86.49,0.18574,-0.28359,0.04921,0.0099,0.44883
169.87,ETH-27SEP19,1567162743242,open,0.44,2548.0,0.376,0.472,0.422651,87.45,0.435,0.0,ETH-27SEP19-240-P,169.43,0.0,0.053,5.0,0.88,5.0,500.0,0.07949,-0.1247,-0.17221,0.00412,-0.90476
169.87,ETH-27SEP19,1567162743244,open,0.0,5439.0,0.001,0.011,0.000214,125.0,0.001,0.0,ETH-27SEP19-480-C,169.43,0.0,0.0,0.0,0.001,200.0,145.1,0.00337,-0.00756,0.00027,0.00012,0.0023
171.67,ETH-27DEC19,1567162743247,open,0.01,1446.0,0.001,0.024,0.009537,94.52,0.008,0.0,ETH-27DEC19-480-C,169.43,91.8,0.008,200.0,0.012,40.0,98.36,0.10243,-0.04072,0.02311,0.00113,0.05086
169.87,ETH-27SEP19,1567162743249,open,0.33,1767.0,0.267,0.361,0.313709,85.54,0.331,0.0,ETH-27SEP19-220-P,169.43,54.12,0.298,110.0,0.339,10.0,116.98,0.11636,-0.17854,-0.14907,0.00617,-0.83538
169.87,ETH-27SEP19,1567162743249,open,0.0,2200.0,0.001,0.013,0.003165,92.71,0.006,0.0,ETH-27SEP19-280-C,169.43,86.34,0.002,310.0,0.004,160.0,96.41,0.03559,-0.05918,0.00403,0.00174,0.0342
169.54,SYN.ETH-6SEP19,1567162743249,open,0.01,92.0,0.001,0.026,0.009331,80.98,0.01,0.0,ETH-6SEP19-190-C,169.43,66.87,0.005,489.0,0.009,200.0,80.0,0.05801,-0.3416,0.00501,0.01323,0.1661
169.87,ETH-27SEP19,1567162743251,open,0.91,607.0,0.83,0.946,0.885361,101.38,0.761,0.0,ETH-27SEP19-320-P,169.43,0.0,0.0,0.0,1.39,1.0,500.0,0.01978,-0.03597,-0.24239,0.00089,-0.98301
169.87,ETH-27SEP19,1567162743251,open,0.0,2225.0,0.001,0.011,0.001568,101.38,0.001,0.0,ETH-27SEP19-320-C,169.43,0.0,0.0,0.0,0.002,160.0,104.79,0.01978,-0.03597,0.002,0.00089,0.01699
169.87,ETH-27SEP19,1567162743251,open,0.0,3828.0,0.001,0.011,4.4e-05,125.0,0.001,0.0,ETH-27SEP19-560-C,169.43,0.0,0.0,0.0,0.001,299.0,162.93,0.00086,-0.00193,6e-05,3e-05,0.00052
169.87,ETH-27SEP19,1567162743255,open,0.0,2907.0,0.001,0.011,0.000484,124.97,0.001,0.0,ETH-27SEP19-440-C,169.43,0.0,0.0,0.0,0.001,394.0,134.83,0.00666,-0.01494,0.00057,0.00024,0.0049
171.67,ETH-27DEC19,1567162743257,open,0.03,874.0,0.009,0.052,0.027085,92.42,0.029,0.0,ETH-27DEC19-360-C,169.43,88.85,0.023,303.0,0.029,40.0,94.01,0.20401,-0.0793,0.05591,0.0023,0.12708
169.87,ETH-27SEP19,1567162743257,open,2.1,12.0,1.972,2.156,2.06126,125.0,1.193,0.0,ETH-27SEP19-520-P,169.43,0.0,0.0,0.0,0.0,0.0,0.0,0.0017,-0.00382,-0.397,6e-05,-0.99892
171.67,ETH-27DEC19,1567162743257,open,2.54,0.0,2.395,2.615,2.500076,99.58,0.953,0.0,ETH-27DEC19-600-P,169.43,0.0,0.0,0.0,0.0,0.0,0.0,0.06213,-0.02602,-1.9415,0.00065,-0.97243
171.67,ETH-27DEC19,1567162743259,open,1.38,16.0,1.269,1.435,1.348739,93.07,1.195,0.0,ETH-27DEC19-400-P,169.43,0.0,0.001,8.0,0.0,0.0,0.0,0.16205,-0.06344,-1.26161,0.00181,-0.90774
171.67,ETH-27DEC19,1567162743259,open,1.84,21.0,1.717,1.902,1.8056,94.52,0.629,0.0,ETH-27DEC19-480-P,169.43,0.0,0.001,7.0,0.0,0.0,0.0,0.10243,-0.04072,-1.54019,0.00113,-0.94914
169.87,ETH-27SEP19,1567162743261,open,0.0,7916.0,0.001,0.011,1e-06,125.0,0.001,0.0,ETH-27SEP19-760-C,169.43,0.0,0.0,0.0,0.001,200.0,197.07,3e-05,-7e-05,0.0,0.0,2e-05
169.87,ETH-27SEP19,1567162743261,open,1.27,259.0,1.172,1.309,1.238129,118.77,0.94,0.0,ETH-27SEP19-380-P,169.43,0.0,0.009,8.0,0.0,0.0,0.0,0.01364,-0.02905,-0.28893,0.00052,-0.98896
169.87,ETH-27SEP19,1567162743261,open,0.52,0.0,0.515,0.544,0.529547,111.4,None,0.0,ETH-27SEP19-80-C,169.43,0.0,0.003,10.0,0.0,0.0,0.0,0.00638,-0.01274,0.06043,0.00026,0.99534
169.87,ETH-27SEP19,1567162743261,open,0.29,52.0,0.276,0.327,0.301974,92.06,0.302,0.0,ETH-27SEP19-120-C,169.43,0.0,0.293,136.0,0.308,136.0,106.71,0.06141,-0.1014,0.08178,0.00303,0.93232
171.67,ETH-27DEC19,1567162743261,open,1.61,0.0,1.493,1.667,1.576261,93.78,None,0.0,ETH-27DEC19-440-P,169.43,0.0,0.001,8.0,0.0,0.0,0.0,0.12861,-0.05073,-1.40239,0.00143,-0.93202
169.87,ETH-27SEP19,1567162743261,open,1.15,233.0,1.058,1.188,1.120496,113.25,0.634,0.0,ETH-27SEP19-360-P,169.43,0.0,0.5,44.0,0.0,0.0,0.0,0.01513,-0.03073,-0.27348,0.00061,-0.98756
170.42,SYN.ETH-25OCT19,1567162743261,open,0.0,0.121,0.2,0.163441,86.74,None,0.0,ETH-25OCT19-160-C,169.43,80.98,0.155,96.0,0.169,96.0,90.54,0.24971,-0.19383,0.12406,0.00647,0.63895
171.67,ETH-27DEC19,1567162743263,open,0.0,0.245,0.333,0.292767,91.42,None,0.0,ETH-27DEC19-140-C,169.43,0.0,0.0,0.0,0.0,0.0,0.0,0.31606,-0.12152,0.25157,0.0036,0.74272
171.67,ETH-27DEC19,1567162743263,open,2.07,37.0,1.943,2.139,2.036408,95.9,0.707,0.0,ETH-27DEC19-520-P,169.43,0.0,0.002,25.0,0.0,0.0,0.0,0.08432,-0.03401,-1.67535,0.00092,-0.96006
169.87,ETH-27SEP19,1567162743265,open,0.0,3439.0,0.001,0.011,5e-06,125.0,0.001,0.0,ETH-27SEP19-680-C,169.43,0.0,0.0,0.0,0.001,200.0,184.8,0.00012,-0.00026,1e-05,0.0,6e-05
171.67,ETH-27DEC19,1567162743267,open,0.35,0.0,0.323,0.399,0.363551,91.42,None,0.0,ETH-27DEC19-120-C,169.43,0.0,0.101,1.0,2.47,1.0,500.0,0.24956,-0.09596,0.25981,0.00284,0.82824
169.87,ETH-27SEP19,1567162743279,open,0.0,5674.0,0.001,0.011,0.0018,96.61,0.002,0.0,ETH-27SEP19-100-P,169.43,88.47,0.001,200.0,0.003,160.0,105.3,0.01987,-0.03444,-0.00245,0.00093,-0.01708
171.67,ETH-27DEC19,1567162743279,open,0.06,6319.0,0.033,0.094,0.062567,91.42,0.056,0.0,ETH-27DEC19-120-P,169.43,86.85,0.056,646.0,0.058,32.0,88.25,0.24956,-0.09596,-0.13101,0.00284,-0.17176
171.67,ETH-27DEC19,1567162743279,open,0.5,814.0,0.423,0.561,0.493312,91.41,0.366,0.0,ETH-27DEC19-240-P,169.43,69.78,0.45,120.0,0.0,0.0,0.0,0.36342,-0.13974,-0.63842,0.00414,-0.64855
169.65,SYN.ETH-13SEP19,1567162743281,open,0.0,0.001,0.025,0.010352,88.23,None,0.0,ETH-13SEP19-140-P,169.43,84.55,0.009,200.0,0.014,513.0,97.35,0.06403,-0.20358,-0.00806,0.00663,-0.11457
171.67,ETH-27DEC19,1567162743283,open,0.16,2436.0,0.115,0.215,0.166572,91.42,0.16,0.0,ETH-27DEC19-160-P,169.43,83.09,0.149,186.0,0.159,200.0,87.82,0.3614,-0.13896,-0.28665,0.00412,-0.34613
171.67,ETH-27DEC19,1567162743283,open,2.78,0.0,2.621,2.854,2.732237,101.04,None,0.0,ETH-27DEC19-640-P,169.43,0.0,0.0,0.0,0.0,0.0,0.0,0.05357,-0.02277,-2.07381,0.00055,-0.97691
169.87,ETH-27SEP19,1567162743283,open,2.58,27.0,2.43,2.641,2.532133,125.0,1.044,0.0,ETH-27SEP19-600-P,169.43,0.0,0.0,0.0,0.0,0.0,0.0,0.00044,-0.00098,-0.4582,2e-05,-0.99975
169.87,ETH-27SEP19,1567162743283,open,0.41,2.0,0.394,0.432,0.413114,96.61,0.414,0.0,ETH-27SEP19-100-C,169.43,0.0,0.003,10.0,0.0,0.0,0.0,0.01987,-0.03444,0.07392,0.00093,0.98292
171.67,ETH-27DEC19,1567162743285,open,0.04,1034.0,0.015,0.07,0.040138,91.8,0.038,0.0,ETH-27DEC19-320-C,169.43,87.52,0.034,322.0,0.041,32.0,92.38,0.25441,-0.09823,0.07654,0.00289,0.17704
171.67,ETH-27DEC19,1567162743285,open,0.01,780.0,0.003,0.03,0.013204,93.78,0.012,0.0,ETH-27DEC19-440-C,169.43,90.69,0.011,230.0,0.016,40.0,97.31,0.12861,-0.05073,0.03063,0.00143,0.06798
171.67,ETH-27DEC19,1567162743287,open,0.31,2816.0,0.25,0.375,0.314528,91.41,0.302,0.0,ETH-27DEC19-200-P,169.43,83.26,0.296,24.0,0.307,200.0,88.11,0.39065,-0.1502,-0.46253,0.00445,-0.51274
169.87,ETH-27SEP19,1567162743287,open,0.0,3419.0,0.001,0.011,1e-05,125.0,0.001,0.0,ETH-27SEP19-640-C,169.43,0.0,0.0,0.0,0.001,437.0,178.04,0.00023,-0.0005,1e-05,1e-05,0.00012
171.67,ETH-27DEC19,1567162743289,open,3.01,0.0,2.846,3.092,2.964282,101.27,None,0.0,ETH-27DEC19-680-P,169.43,0.0,0.002,10.0,0.0,0.0,0.0,0.04375,-0.01863,-2.20629,0.00045,-0.98182
171.67,ETH-27DEC19,1567162743289,open,0.0,3247.0,0.001,0.015,0.004998,99.58,0.004,0.0,ETH-27DEC19-600-C,169.43,93.09,0.003,600.0,0.007,240.0,104.51,0.06213,-0.02602,0.01262,0.00065,0.02757
169.87,ETH-27SEP19,1567162743289,open,0.0,2060.0,0.001,0.011,0.000495,111.4,0.003,0.0,ETH-27SEP19-80-P,169.43,0.0,0.0,0.0,0.001,10.0,121.74,0.00638,-0.01274,-0.00067,0.00026,-0.00466
171.67,ETH-27DEC19,1567162743289,open,2.31,0.0,2.169,2.376,2.267799,97.12,0.845,0.0,ETH-27DEC19-560-P,169.43,0.0,0.0,0.0,0.0,0.0,0.0,0.06981,-0.02852,-1.80931,0.00075,-0.96828
169.87,ETH-27SEP19,1567162743289,open,3.29,0.0,3.115,3.369,3.238538,125.0,None,0.0,ETH-27SEP19-720-P,169.43,0.0,0.0,0.0,0.0,0.0,0.0,6e-05,-0.00014,-0.54987,0.0,-0.99997
169.87,ETH-27SEP19,1567162743291,open,0.12,495.0,0.086,0.155,0.122877,85.12,0.129,0.0,ETH-27SEP19-160-C,169.43,81.35,0.119,243.0,0.127,245.0,89.13,0.17476,-0.26682,0.06775,0.00932,0.64508
171.67,ETH-27DEC19,1567162743291,open,0.02,2011.0,0.005,0.039,0.018687,93.07,0.022,0.0,ETH-27DEC19-400-C,169.43,90.11,0.016,330.0,0.021,40.0,95.45,0.16205,-0.06344,0.04114,0.00181,0.09226
169.87,ETH-27SEP19,1567162743296,open,2.82,0.0,2.658,2.883,2.767596,125.0,None,0.0,ETH-27SEP19-640-P,169.43,0.0,0.0,0.0,0.0,0.0,0.0,0.00023,-0.0005,-0.48876,1e-05,-0.99988
171.67,ETH-27DEC19,1567162743296,open,0.0,2472.0,0.001,0.013,0.003194,101.27,0.005,0.0,ETH-27DEC19-680-C,169.43,88.92,0.001,300.0,0.005,240.0,107.3,0.04375,-0.01863,0.00838,0.00045,0.01818
169.87,ETH-27SEP19,1567162743298,open,0.0,5739.0,0.001,0.011,0.000745,119.43,0.001,0.0,ETH-27SEP19-400-C,169.43,0.0,0.0,0.0,0.001,320.0,123.4,0.00978,-0.02095,0.00088,0.00037,0.00755
171.67,ETH-27DEC19,1567162743298,open,1.15,257.0,1.048,1.206,1.124132,92.42,0.947,0.0,ETH-27DEC19-360-P,169.43,0.0,0.008,4.0,1.59,1.0,317.61,0.20401,-0.0793,-1.11656,0.0023,-0.87292
169.87,ETH-27SEP19,1567162743298,open,0.0,2951.0,0.001,0.011,0.001228,113.25,0.006,0.0,ETH-27SEP19-360-C,169.43,0.0,0.0,0.0,0.002,500.0,120.51,0.01513,-0.03073,0.00145,0.00061,0.01244
169.87,ETH-27SEP19,1567162743300,open,0.64,0.0,0.636,0.657,0.646863,125.0,0.01,0.0,ETH-27SEP19-60-C,169.43,0.0,0.003,10.0,0.0,0.0,0.0,0.00117,-0.00263,0.04572,4e-05,0.99928
169.87,ETH-27SEP19,1567162743308,open,1.62,0.0,1.515,1.671,1.5907,124.97,None,0.0,ETH-27SEP19-440-P,169.43,0.0,0.0,0.0,0.0,0.0,0.0,0.00666,-0.01494,-0.33546,0.00024,-0.9951
169.87,ETH-27SEP19,1567162743315,open,0.01,2949.0,0.001,0.023,0.009806,87.45,0.016,0.0,ETH-27SEP19-240-C,169.43,85.7,0.009,110.0,0.01,160.0,87.87,0.07949,-0.1247,0.01108,0.00412,0.09524
169.87,ETH-27SEP19,1567162743315,open,0.0,1897.0,0.001,0.011,0.001124,118.77,0.004,0.0,ETH-27SEP19-380-C,169.43,0.0,0.0,0.0,0.001,200.0,117.16,0.01364,-0.02905,0.00129,0.00052,0.01104
171.67,ETH-27DEC19,1567162743315,open,0.13,811.0,0.099,0.194,0.149502,91.41,0.126,0.0,ETH-27DEC19-200-C,169.43,84.16,0.133,235.0,0.14,200.0,87.24,0.39065,-0.1502,0.18884,0.00445,0.48726
169.87,ETH-27SEP19,1567162743315,open,0.67,727.0,0.601,0.706,0.651485,92.71,0.534,0.0,ETH-27SEP19-280-P,169.43,0.0,0.002,20.0,0.9,5.0,373.82,0.03559,-0.05918,-0.20982,0.00174,-0.9658
171.67,ETH-27DEC19,1567162743315,open,0.71,432.0,0.619,0.765,0.692195,91.44,0.66,0.0,ETH-27DEC19-280-P,169.43,54.75,0.641,120.0,0.0,0.0,0.0,0.3109,-0.11958,-0.8067,0.00354,-0.75064
169.87,ETH-27SEP19,1567162743315,open,0.0,2698.0,0.001,0.011,2e-06,125.0,0.001,0.0,ETH-27SEP19-720-C,169.43,0.0,0.0,0.0,0.001,421.0,191.13,6e-05,-0.00014,0.0,0.0,3e-05
169.87,ETH-27SEP19,1567162743315,open,3.53,0.0,3.344,3.612,3.474011,125.0,None,0.0,ETH-27SEP19-760-P,169.43,0.0,0.0,0.0,0.0,0.0,0.0,3e-05,-7e-05,-0.58042,0.0,-0.99998
169.87,ETH-27SEP19,1567162743315,open,0.0,1938.0,0.001,0.011,0.000997,103.36,0.003,0.0,ETH-27SEP19-340-C,169.43,0.0,0.0,0.0,0.002,361.0,112.94,0.01371,-0.02542,0.00131,0.0006,0.01111
169.87,ETH-27SEP19,1567162743317,open,0.03,8495.0,0.009,0.047,0.026046,87.17,0.029,0.0,ETH-27SEP19-140-P,169.43,85.71,0.025,128.0,0.029,395.0,91.21,0.12229,-0.1912,-0.02646,0.00637,-0.17794
171.67,ETH-27DEC19,1567162743317,open,0.01,2408.0,0.001,0.016,0.005727,97.12,0.005,0.0,ETH-27DEC19-560-C,169.43,92.37,0.004,565.0,0.008,40.0,102.12,0.06981,-0.02852,0.01453,0.00075,0.03172
169.87,ETH-27SEP19,1567162743317,open,0.56,1238.0,0.488,0.588,0.535991,89.9,0.421,0.0,ETH-27SEP19-260-P,169.43,0.0,0.007,15.0,0.0,0.0,0.0,0.05298,-0.08543,-0.192,0.00267,-0.94399
171.67,ETH-27DEC19,1567162743317,open,0.01,2593.0,0.001,0.019,0.007341,95.9,0.006,0.0,ETH-27DEC19-520-C,169.43,92.99,0.006,200.0,0.01,40.0,100.8,0.08432,-0.03401,0.01823,0.00092,0.03994
169.87,ETH-27SEP19,1567162743317,open,1.86,0.0,1.744,1.913,1.825904,125.0,None,0.0,ETH-27SEP19-480-P,169.43,0.0,0.0,0.0,0.0,0.0,0.0,0.00337,-0.00756,-0.36631,0.00012,-0.9977
169.87,ETH-27SEP19,1567162743320,open,0.0,3756.0,0.001,0.012,0.002636,99.95,0.002,0.0,ETH-27SEP19-300-C,169.43,87.47,0.001,70.0,0.003,160.0,101.95,0.02959,-0.05304,0.00321,0.00134,0.02736
171.67,ETH-27DEC19,1567162743320,open,0.22,129.0,0.183,0.278,0.234552,91.42,0.229,0.0,ETH-27DEC19-160-C,169.43,84.99,0.221,2.0,0.23,24.0,89.25,0.3614,-0.13896,0.23444,0.00412,0.65387
171.67,ETH-27DEC19,1567162743324,open,0.05,574.0,0.028,0.097,0.061158,91.44,0.064,0.0,ETH-27DEC19-280-C,169.43,86.26,0.052,305.0,0.06,200.0,90.8,0.3109,-0.11958,0.10522,0.00354,0.24936
171.67,ETH-27DEC19,1567162743324,open,0.0,2573.0,0.001,0.013,0.003062,104.08,0.003,0.0,ETH-27DEC19-720-C,169.43,91.99,0.001,250.0,0.005,540.0,110.78,0.0416,-0.01821,0.00787,0.00042,0.01714
169.87,ETH-27SEP19,1567162743324,open,0.19,193.0,0.168,0.232,0.201887,87.17,0.194,0.0,ETH-27SEP19-140-C,169.43,74.12,0.193,137.0,0.208,137.0,95.43,0.12229,-0.1912,0.08046,0.00637,0.82206
171.67,ETH-27DEC19,1567162743326,open,3.48,0.0,3.299,3.572,3.42988,105.99,None,0.0,ETH-27DEC19-760-P,169.43,0.0,0.0,0.0,0.0,0.0,0.0,0.03816,-0.01701,-2.46811,0.00038,-0.9845
169.87,ETH-27SEP19,1567162743326,open,3.06,0.0,2.887,3.126,3.003066,125.0,None,0.0,ETH-27SEP19-680-P,169.43,0.0,0.0,0.0,0.0,0.0,0.0,0.00012,-0.00026,-0.51932,0.0,-0.99994
169.65,SYN.ETH-13SEP19,1567162743322,open,0.0,0.005,0.043,0.021308,86.18,None,0.0,ETH-13SEP19-150-P,169.43,81.97,0.019,200.0,0.025,261.0,92.68,0.09455,-0.29362,-0.01473,0.01003,-0.20709
173.47,SYN.ETH-27MAR20,1567162743328,open,1.38,0.0,1.267,1.458,1.360571,90.74,None,0.0,ETH-27MAR20-400-P,169.43,0.0,0.001,10.0,1.385,1.0,101.7,0.35936,-0.07768,-2.16296,0.00229,-0.80791
171.67,ETH-27DEC19,1567162743331,open,0.0,0.067,0.149,0.108285,91.42,None,0.0,ETH-27DEC19-140-P,169.43,83.07,0.093,32.0,0.103,443.0,88.54,0.31606,-0.12152,-0.20439,0.0036,-0.25728
170.42,SYN.ETH-25OCT19,1567162743331,open,0.0,0.063,0.141,0.102277,86.74,None,0.0,ETH-25OCT19-160-P,169.43,81.78,0.095,297.0,0.104,200.0,87.92,0.24971,-0.19383,-0.12088,0.00647,-0.36105
171.67,ETH-27DEC19,1567162743330,open,0.0,0.011,0.06,0.032981,92.18,None,0.0,ETH-27DEC19-340-C,169.43,88.31,0.028,337.0,0.035,240.0,93.68,0.22852,-0.0886,0.06548,0.00258,0.15009
9581.07,SYN.BTC-6SEP19,1567162743345,open,0.02,287.6,0.006,0.046,0.02432373,76.31,0.025,0.0,BTC-6SEP19-10000-C,9572.88,71.76,0.022,43.2,0.0255,14.1,78.59,4.92353,-27.32091,0.60733,0.00037,0.36082
171.67,ETH-27DEC19,1567162743354,open,0.22,129.0,0.183,0.278,0.234552,91.42,0.229,0.0,ETH-27DEC19-160-C,169.43,84.99,0.221,3.0,0.23,24.0,89.25,0.3614,-0.13896,0.23444,0.00412,0.65387
169.54,SYN.ETH-6SEP19,1567162743357,open,0.14,636.0,0.093,0.168,0.13002,80.98,0.125,0.0,ETH-6SEP19-190-P,169.43,0.0,0.018,1.0,0.138,200.0,101.89,0.05801,-0.3416,-0.03078,0.01323,-0.8339
169.54,SYN.ETH-6SEP19,1567162743362,open,0.55,0.0,0.489,0.583,0.534009,125.0,None,0.0,ETH-6SEP19-260-P,169.43,0.0,0.0,0.0,0.0,0.0,0.0,0.00513,-0.04662,-0.04873,0.00076,-0.99195
169.87,ETH-27SEP19,1567162743368,open,0.0,6399.0,0.001,0.011,9.6e-05,125.0,0.001,0.0,ETH-27SEP19-520-C,169.43,0.0,0.0,0.0,0.001,440.0,154.41,0.0017,-0.00382,0.00013,6e-05,0.00108
169.65,SYN.ETH-13SEP19,1567162743390,open,0.0,0.015,0.067,0.039341,84.54,None,0.0,ETH-13SEP19-160-P,169.43,79.78,0.036,200.0,0.043,407.0,89.68,0.11991,-0.36527,-0.02387,0.01296,-0.33081
171.68,ETH-27DEC19,1567162743397,open,218.0,0.129,0.224,0.180002,88.13,0.18,0.0,ETH-27DEC19-180-C,169.43,83.24,0.169,216.0,0.178,200.0,87.23,0.38606,-0.1431,0.21388,0.00456,0.56252
170.42,SYN.ETH-25OCT19,1567162743410,open,0.0,0.071,0.147,0.11122,86.1,None,0.0,ETH-25OCT19-180-C,169.43,82.12,0.105,189.0,0.115,389.0,88.53,0.26601,-0.20496,0.10207,0.00695,0.50246
173.47,SYN.ETH-27MAR20,1567162743410,open,0.04,10.0,0.016,0.076,0.043431,91.11,0.041,0.0,ETH-27MAR20-440-C,169.43,88.64,0.039,292.0,0.05,32.0,94.59,0.31774,-0.06897,0.11452,0.00202,0.15824
9581.07,SYN.BTC-6SEP19,1567162743414,open,0.0,95.5,0.0005,0.0105,0.00061633,107.96,0.0005,0.0,BTC-6SEP19-13500-C,9572.88,0.0,0.0,0.0,0.001,27.0,115.21,0.42674,-3.35018,0.02152,2e-05,0.01254
169.65,SYN.ETH-13SEP19,1567162743411,open,0.0,0.032,0.098,0.064671,81.83,None,0.0,ETH-13SEP19-170-P,169.43,78.37,0.062,200.0,0.069,344.0,87.39,0.13167,-0.38823,-0.0347,0.01471,-0.47336
170.42,SYN.ETH-25OCT19,1567162743417,open,0.0,0.026,0.083,0.053726,87.16,None,0.0,ETH-25OCT19-140-P,169.43,83.13,0.049,238.0,0.057,128.0,89.92,0.20123,-0.15695,-0.07337,0.00519,-0.22749
169.54,SYN.ETH-6SEP19,1567162743433,open,0.23,0.0,0.21,0.259,0.234872,105.52,None,0.0,ETH-6SEP19-130-C,169.43,0.0,0.0,0.0,0.0,0.0,0.0,0.01509,-0.11582,0.02353,0.00264,0.97168
171.67,ETH-27DEC19,1567162743433,open,0.0,0.332,0.465,0.400822,91.44,None,0.0,ETH-27DEC19-220-P,169.43,83.34,0.383,24.0,0.4,24.0,91.04,0.38196,-0.14691,-0.55115,0.00435,-0.58489
173.47,SYN.ETH-27MAR20,1567162743440,open,0.29,222.0,0.231,0.335,0.288032,86.62,0.304,0.0,ETH-27MAR20-160-C,169.43,83.32,0.279,24.0,0.303,1.0,92.11,0.47392,-0.0978,0.38516,0.00316,0.67418
171.67,ETH-27DEC19,1567162743446,open,0.0,0.038,0.115,0.076224,91.41,None,0.0,ETH-27DEC19-260-C,169.43,86.14,0.066,291.0,0.073,200.0,89.77,0.33875,-0.13024,0.12308,0.00386,0.29636
171.67,ETH-27DEC19,1567162743452,open,0.0,0.17,0.282,0.228526,88.16,None,0.0,ETH-27DEC19-180-P,169.43,83.02,0.217,24.0,0.227,200.0,87.46,0.38604,-0.14314,-0.37239,0.00456,-0.43748
173.47,SYN.ETH-27MAR20,1567162743457,open,0.1,13.0,0.058,0.134,0.096385,87.11,0.1,0.0,ETH-27MAR20-120-P,169.43,83.97,0.09,379.0,0.1,1.0,88.88,0.35374,-0.07341,-0.28289,0.00235,-0.18723
170.42,SYN.ETH-25OCT19,1567162743478,open,0.0,0.119,0.213,0.167411,86.1,None,0.0,ETH-25OCT19-180-P,169.43,81.36,0.16,96.0,0.169,200.0,87.12,0.26601,-0.20496,-0.17348,0.00695,-0.49754
169.54,SYN.ETH-6SEP19,1567162743485,open,0.02,427.0,0.004,0.044,0.020914,80.19,0.016,0.0,ETH-6SEP19-180-C,169.43,67.69,0.015,395.0,0.02,1.0,78.31,0.08237,-0.48035,0.00931,0.01897,0.31243
169.54,SYN.ETH-6SEP19,1567162743503,open,0.05,349.0,0.016,0.076,0.045226,80.02,0.05,0.0,ETH-6SEP19-170-P,169.43,70.47,0.04,120.0,0.043,1.0,75.95,0.09279,-0.53993,-0.01703,0.02142,-0.48797
169.54,SYN.ETH-6SEP19,1567162743510,open,0.05,349.0,0.016,0.076,0.045226,80.02,0.05,0.0,ETH-6SEP19-170-P,169.43,70.47,0.04,266.0,0.043,1.0,75.95,0.09279,-0.53993,-0.01703,0.02142,-0.48797
9723.98,BTC-27DEC19,1567162743514,open,0.05,224.0,0.02,0.0815,0.04819711,84.92,0.048,0.0,BTC-27DEC19-16000-C,9572.88,83.58,0.046,22.8,0.05,26.9,85.98,16.26428,-5.80902,5.31811,6e-05,0.21613
171.68,ETH-27DEC19,1567162743531,open,0.0,0.072,0.162,0.119294,91.41,None,0.0,ETH-27DEC19-220-C,169.43,84.94,0.105,229.0,0.111,200.0,87.67,0.38197,-0.14685,0.16537,0.00435,0.41505
9723.98,BTC-27DEC19,1567162743533,open,0.28,246.6,0.214,0.319,0.26742602,81.1,0.274,0.0,BTC-27DEC19-11000-P,9572.88,79.4,0.2635,3.6,0.2715,6.8,82.91,22.12524,-7.5469,-24.74453,9e-05,-0.51396
170.42,SYN.ETH-25OCT19,1567162743547,open,0.0,0.04,0.109,0.075517,86.78,None,0.0,ETH-25OCT19-200-C,169.43,82.39,0.069,224.0,0.078,424.0,88.44,0.25419,-0.1974,0.07983,0.00659,0.3815
9606.79,BTC-27SEP19,1567162743587,open,0.89,1.0,0.8375,0.917,0.87525237,100.75,0.575,0.0,BTC-27SEP19-18000-P,9572.88,0.0,0.861,1.1,0.89,2.1,151.05,1.12918,-2.04062,-13.63248,2e-05,-0.98282
9606.79,BTC-27SEP19,1567162743606,open,0.58,31.7,0.532,0.604,0.5660226,90.44,0.449,0.0,BTC-27SEP19-15000-P,9572.88,0.0,0.554,1.1,0.5795,1.1,121.94,2.67993,-4.34728,-11.13261,4e-05,-0.95133
9589.42,SYN.BTC-13SEP19,1567162743610,open,0.0,0.1055,0.158,0.1323679,80.54,None,0.0,BTC-13SEP19-8500-C,9572.88,77.05,0.1305,5.3,0.1345,6.5,84.41,5.21292,-15.12804,2.43881,0.00019,0.80136
170.43,SYN.ETH-25OCT19,1567162743610,open,0.0,0.196,0.3,0.249062,86.82,None,0.0,ETH-25OCT19-200-P,169.43,77.96,0.236,200.0,0.252,200.0,88.78,0.25424,-0.19751,-0.22631,0.00659,-0.61834
9606.79,BTC-27SEP19,1567162743621,open,0.48,68.8,0.431,0.5025,0.46502185,88.16,0.3615,0.0,BTC-27SEP19-14000-P,9572.88,0.0,0.4535,1.1,0.478,1.1,112.96,3.84349,-6.07791,-10.18194,6e-05,-0.92275
9642.4,SYN.BTC-25OCT19,1567162743644,open,0.0,0.5325,0.6205,0.57460932,86.72,None,0.0,BTC-25OCT19-15000-P,9572.88,0.0,0.0,0.0,0.0,0.0,0.0,7.92402,-6.14891,-21.34356,6e-05,-0.87134
9842.04,SYN.BTC-27MAR20,1567162743656,open,0.06,74.3,0.0295,0.085,0.05591332,81.25,0.0565,0.0,BTC-27MAR20-6000-P,9572.88,77.27,0.0495,20.0,0.057,20.0,81.92,16.05658,-3.10816,-10.70333,4e-05,-0.13322
9581.84,SYN.BTC-6SEP19,1567162743662,open,0.22,1.0,0.177,0.231,0.2026482,80.35,0.142,0.0,BTC-6SEP19-11500-P,9572.88,0.0,0.19,1.1,0.21,0.4,112.44,1.45979,-8.52959,-2.07176,0.00011,-0.94515
9642.4,SYN.BTC-25OCT19,1567162743680,open,0.1,0.001,0.023,0.01061173,88.56,0.013,0.0,BTC-25OCT19-6000-P,9572.88,86.16,0.0095,24.0,0.0125,16.0,92.39,4.58127,-3.63063,-1.06432,4e-05,-0.06149
9581.07,SYN.BTC-6SEP19,1567162743682,open,0.16,44.2,0.1265,0.1815,0.15303359,76.44,0.162,0.0,BTC-6SEP19-11000-P,9572.88,0.0,0.1415,4.1,0.1605,3.0,100.88,2.36,-13.11796,-1.89492,0.00018,-0.89688
9589.42,SYN.BTC-13SEP19,1567162743685,open,0.0,0.0005,0.0135,0.00377921,82.41,None,0.0,BTC-13SEP19-12500-C,9572.88,78.75,0.003,4.5,0.005,34.0,87.38,2.177,-6.46458,0.19868,8e-05,0.05828
9606.79,BTC-27SEP19,1567162743683,open,0.28,727.1,0.26,0.3025,0.28108582,88.91,0.2655,0.0,BTC-27SEP19-7000-C,9572.88,82.12,0.2785,11.9,0.2815,4.5,89.92,3.91294,-6.24025,4.6943,6e-05,0.92091
9842.04,SYN.BTC-27MAR20,1567162743705,open,0.08,4.9,0.041,0.1275,0.08199854,86.1,0.0855,0.0,BTC-27MAR20-18000-C,9572.88,84.51,0.078,0.1,0.0855,10.0,87.48,24.89563,-5.10673,10.91386,5e-05,0.27485
169.65,SYN.ETH-13SEP19,1567162743715,open,0.0,0.061,0.127,0.096217,84.5,None,0.0,ETH-13SEP19-160-C,169.43,74.2,0.089,120.0,0.102,120.0,92.64,0.11989,-0.36506,0.03696,0.01297,0.6693
173.48,SYN.ETH-27MAR20,1567162743725,open,0.03,36.0,0.009,0.056,0.028847,92.2,0.059,0.0,ETH-27MAR20-520-C,169.43,89.42,0.025,300.0,0.034,40.0,95.64,0.24914,-0.05472,0.08205,0.00156,0.1111
173.48,SYN.ETH-27MAR20,1567162743809,open,2.06,0.0,1.922,2.139,2.026484,92.32,None,0.0,ETH-27MAR20-520-P,169.43,0.0,0.005,10.0,0.0,0.0,0.0,0.2499,-0.05496,-2.90766,0.00156,-0.88842
170.43,SYN.ETH-25OCT19,1567162743843,open,0.0,0.004,0.033,0.015502,89.29,None,0.0,ETH-25OCT19-280-C,169.43,85.65,0.013,660.0,0.019,300.0,93.92,0.12234,-0.09775,0.02369,0.00308,0.1063
169.65,SYN.ETH-13SEP19,1567162743841,open,0.0,0.152,0.235,0.192955,82.88,None,0.0,ETH-13SEP19-200-P,169.43,76.67,0.19,200.0,0.201,200.0,97.66,0.08502,-0.2539,-0.0657,0.00938,-0.8258
170.43,SYN.ETH-25OCT19,1567162743852,open,0.0,0.012,0.059,0.033582,87.53,None,0.0,ETH-25OCT19-240-C,169.43,84.24,0.03,606.0,0.037,278.0,90.57,0.18879,-0.14788,0.0444,0.00485,0.20377
169.65,SYN.ETH-13SEP19,1567162743848,open,0.0,0.152,0.235,0.192955,82.88,None,0.0,ETH-13SEP19-200-P,169.43,76.67,0.19,200.0,0.202,200.0,99.38,0.08502,-0.2539,-0.0657,0.00938,-0.8258
169.65,SYN.ETH-13SEP19,1567162743861,open,0.0,0.031,0.092,0.062603,81.79,None,0.0,ETH-13SEP19-170-C,169.43,77.15,0.059,200.0,0.066,361.0,86.17,0.13167,-0.38806,0.02993,0.01471,0.52669
170.42,SYN.ETH-25OCT19,1567162743857,open,0.0,0.026,0.083,0.053726,87.16,None,0.0,ETH-25OCT19-140-P,169.43,83.13,0.049,438.0,0.057,128.0,89.92,0.20123,-0.15695,-0.07337,0.00519,-0.22749
170.42,SYN.ETH-25OCT19,1567162743874,open,0.0,0.063,0.141,0.102276,86.74,None,0.0,ETH-25OCT19-160-P,169.43,81.78,0.095,297.0,0.105,200.0,88.6,0.24971,-0.19383,-0.12088,0.00647,-0.36105
169.65,SYN.ETH-13SEP19,1567162743881,open,0.0,0.015,0.067,0.039341,84.54,None,0.0,ETH-13SEP19-160-P,169.43,81.22,0.037,200.0,0.043,407.0,89.7,0.1199,-0.36525,-0.02387,0.01296,-0.33075
169.65,SYN.ETH-13SEP19,1567162743888,open,0.0,0.103,0.184,0.143905,82.3,None,0.0,ETH-13SEP19-190-P,169.43,76.03,0.14,200.0,0.151,200.0,93.04,0.10849,-0.32174,-0.05664,0.01205,-0.73428
169.65,SYN.ETH-13SEP19,1567162743897,open,0.0,0.103,0.184,0.143905,82.3,None,0.0,ETH-13SEP19-190-P,169.43,76.03,0.14,200.0,0.152,200.0,94.52,0.10849,-0.32174,-0.05664,0.01205,-0.73428
169.65,SYN.ETH-13SEP19,1567162743919,open,0.0,0.032,0.098,0.064672,81.83,None,0.0,ETH-13SEP19-170-P,169.43,79.65,0.063,200.0,0.069,344.0,87.39,0.13167,-0.38823,-0.0347,0.01471,-0.47336
169.65,SYN.ETH-13SEP19,1567162743923,open,0.0,0.005,0.043,0.021308,86.18,None,0.0,ETH-13SEP19-150-P,169.43,83.82,0.02,200.0,0.025,261.0,92.69,0.09454,-0.29359,-0.01473,0.01003,-0.20704
169.54,SYN.ETH-6SEP19,1567162743933,open,0.2,10.0,0.147,0.222,0.183419,81.58,0.14,0.0,ETH-6SEP19-200-P,169.43,0.0,0.0,0.0,0.192,200.0,112.98,0.03389,-0.20107,-0.03531,0.00767,-0.92214
170.43,SYN.ETH-25OCT19,1567162743937,open,0.0,0.196,0.3,0.249062,86.82,None,0.0,ETH-25OCT19-200-P,169.43,77.96,0.236,200.0,0.253,200.0,89.45,0.25424,-0.19751,-0.22631,0.00659,-0.61834
173.48,SYN.ETH-27MAR20,1567162743975,open,2.29,0.0,2.143,2.37,2.25208,92.82,None,0.0,ETH-27MAR20-560-P,169.43,0.0,0.01,10.0,0.0,0.0,0.0,0.22163,-0.04901,-3.14964,0.00138,-0.90541
170.43,SYN.ETH-25OCT19,1567162744002,open,0.0,0.007,0.044,0.022679,88.36,None,0.0,ETH-25OCT19-260-C,169.43,85.3,0.02,360.0,0.027,455.0,92.98,0.15349,-0.12135,0.03247,0.00391,0.14713
169.65,SYN.ETH-13SEP19,1567162744091,open,0.0,0.062,0.138,0.100668,82.11,None,0.0,ETH-13SEP19-180-P,169.43,75.81,0.096,200.0,0.107,200.0,90.55,0.12654,-0.37439,-0.04609,0.01408,-0.61398
173.48,SYN.ETH-27MAR20,1567162744177,open,2.52,0.0,2.365,2.602,2.478353,92.98,None,0.0,ETH-27MAR20-600-P,169.43,0.0,0.02,10.0,0.0,0.0,0.0,0.19493,-0.04318,-3.39024,0.00121,-0.92034
169.65,SYN.ETH-13SEP19,1567162744188,open,0.0,0.001,0.025,0.010352,88.23,None,0.0,ETH-13SEP19-140-P,169.43,84.55,0.009,400.0,0.014,513.0,97.35,0.06403,-0.20358,-0.00806,0.00663,-0.11457
171.68,ETH-27DEC19,1567162744195,open,0.0,0.011,0.06,0.032981,92.18,None,0.0,ETH-27DEC19-340-C,169.43,88.3,0.028,337.0,0.034,40.0,92.94,0.22856,-0.08861,0.06549,0.00258,0.15011
170.42,SYN.ETH-25OCT19,1567162744218,open,0.0,0.026,0.083,0.053726,87.16,None,0.0,ETH-25OCT19-140-P,169.43,83.13,0.049,438.0,0.058,576.0,90.76,0.20123,-0.15695,-0.07337,0.00519,-0.22749
171.68,ETH-27DEC19,1567162744226,open,0.0,0.038,0.115,0.076223,91.41,None,0.0,ETH-27DEC19-260-C,169.43,86.14,0.066,259.0,0.073,200.0,89.77,0.33878,-0.13025,0.1231,0.00386,0.29639
169.87,ETH-27SEP19,1567162744254,open,1.03,294.0,0.944,1.066,1.002528,103.36,1.024,0.0,ETH-27SEP19-340-P,169.43,0.0,0.972,5.0,1.041,5.0,201.99,0.01371,-0.02542,-0.25835,0.0006,-0.98889
169.87,ETH-27SEP19,1567162744268,open,1.03,294.0,0.944,1.066,1.002528,103.36,1.024,0.0,ETH-27SEP19-340-P,169.43,0.0,0.972,5.0,1.039,5.0,199.07,0.01371,-0.02542,-0.25835,0.0006,-0.98889
170.42,SYN.ETH-25OCT19,1567162744400,open,0.0,0.026,0.083,0.053726,87.16,None,0.0,ETH-25OCT19-140-P,169.43,83.13,0.049,566.0,0.058,576.0,90.76,0.20123,-0.15695,-0.07337,0.00519,-0.22749
171.67,ETH-27DEC19,1567162744406,open,0.31,2816.0,0.25,0.375,0.314526,91.41,0.302,0.0,ETH-27DEC19-200-P,169.43,83.7,0.297,24.0,0.307,200.0,88.11,0.39065,-0.1502,-0.46253,0.00445,-0.51274
171.68,ETH-27DEC19,1567162744411,open,0.0,0.332,0.465,0.40082,91.44,None,0.0,ETH-27DEC19-220-P,169.43,83.82,0.384,24.0,0.4,24.0,91.07,0.38199,-0.14692,-0.55113,0.00435,-0.58485
173.47,SYN.ETH-27MAR20,1567162744423,open,0.29,222.0,0.231,0.335,0.288033,86.62,0.304,0.0,ETH-27MAR20-160-C,169.43,82.95,0.278,24.0,0.303,1.0,92.11,0.47392,-0.0978,0.38516,0.00316,0.67418
171.68,ETH-27DEC19,1567162744440,open,0.0,0.17,0.282,0.228483,88.15,None,0.0,ETH-27DEC19-180-P,169.43,83.48,0.218,24.0,0.227,200.0,87.47,0.38605,-0.14314,-0.37237,0.00456,-0.43744
169.54,SYN.ETH-6SEP19,1567162744450,open,0.04,503.0,0.015,0.07,0.042504,80.02,0.039,0.0,ETH-6SEP19-170-C,169.43,68.14,0.036,120.0,0.042,16.0,79.1,0.09279,-0.53993,0.015,0.02142,0.51203
169.54,SYN.ETH-6SEP19,1567162744459,open,0.04,503.0,0.015,0.07,0.042504,80.02,0.039,0.0,ETH-6SEP19-170-C,169.43,68.14,0.036,278.0,0.042,16.0,79.1,0.09279,-0.53993,0.015,0.02142,0.51203
169.54,SYN.ETH-6SEP19,1567162744462,open,0.09,204.0,0.046,0.118,0.082619,80.19,0.105,0.0,ETH-6SEP19-180-P,169.43,70.49,0.078,40.0,0.085,40.0,85.05,0.08237,-0.48035,-0.0246,0.01897,-0.68757
173.47,SYN.ETH-27MAR20,1567162744479,open,0.37,153.0,0.292,0.43,0.363765,87.94,0.292,0.0,ETH-27MAR20-200-P,169.43,84.03,0.352,24.0,0.372,1.0,90.69,0.521,-0.10916,-0.81392,0.00342,-0.45223
169.87,ETH-27SEP19,1567162744492,open,0.07,942.0,0.037,0.1,0.069501,85.12,0.063,0.0,ETH-27SEP19-180-C,169.43,81.0,0.065,305.0,0.071,491.0,86.49,0.18574,-0.28359,0.04921,0.0099,0.44883
169.54,SYN.ETH-6SEP19,1567162744498,open,0.02,427.0,0.004,0.044,0.020914,80.19,0.016,0.0,ETH-6SEP19-180-C,169.43,67.69,0.015,395.0,0.02,161.0,78.31,0.08237,-0.48035,0.00931,0.01897,0.31243
169.54,SYN.ETH-6SEP19,1567162744509,open,0.05,349.0,0.016,0.076,0.045226,80.02,0.05,0.0,ETH-6SEP19-170-P,169.43,72.3,0.041,120.0,0.043,1.0,75.95,0.09279,-0.53993,-0.01703,0.02142,-0.48797
9581.84,SYN.BTC-6SEP19,1567162744629,open,0.12,137.2,0.079,0.1365,0.1073441,76.26,0.124,0.0,BTC-6SEP19-10500-P,9572.88,71.41,0.1055,6.0,0.1105,0.4,84.05,3.74256,-20.75447,-1.62771,0.00028,-0.79444
9606.27,BTC-27SEP19,1567162744729,open,0.37,713.5,0.3635,0.3955,0.37899346,98.22,0.416,0.0,BTC-27SEP19-6000-C,9572.88,0.0,0.3685,6.0,0.385,0.1,121.48,1.8446,-3.24983,4.33027,3e-05,0.96923
9724.17,BTC-27DEC19,1567162744809,open,0.71,23.1,0.638,0.7525,0.69358492,84.85,0.715,0.0,BTC-27DEC19-16000-P,9572.88,73.56,0.676,1.1,0.707,1.1,92.6,16.25322,-5.80081,-46.79675,6e-05,-0.78413
9606.27,BTC-27SEP19,1567162744829,open,0.89,1.0,0.8375,0.917,0.87535275,99.87,0.575,0.0,BTC-27SEP19-18000-P,9572.88,0.0,0.8615,1.1,0.89,2.1,150.84,1.07933,-1.93354,-13.63821,2e-05,-0.98371
173.48,SYN.ETH-27MAR20,1567162744965,open,0.03,141.0,0.013,0.048,0.029017,90.42,0.018,0.0,ETH-27MAR20-80-P,169.43,88.42,0.027,41.0,0.032,40.0,93.28,0.17768,-0.03827,-0.09931,0.00114,-0.07054
169.65,SYN.ETH-13SEP19,1567162745056,open,0.0,0.001,0.025,0.010352,88.23,None,0.0,ETH-13SEP19-140-P,169.43,84.55,0.009,200.0,0.014,513.0,97.35,0.06403,-0.20358,-0.00806,0.00663,-0.11457
171.68,ETH-27DEC19,1567162745063,open,0.0,0.011,0.06,0.032987,92.18,None,0.0,ETH-27DEC19-340-C,169.43,88.3,0.028,337.0,0.035,240.0,93.67,0.22856,-0.08861,0.06549,0.00258,0.15011
173.48,SYN.ETH-27MAR20,1567162745072,open,0.03,141.0,0.013,0.048,0.029017,90.42,0.018,0.0,ETH-27MAR20-80-P,169.43,88.42,0.027,41.0,0.031,40.0,92.33,0.17768,-0.03827,-0.09931,0.00114,-0.07054
170.42,SYN.ETH-25OCT19,1567162745078,open,0.0,0.026,0.083,0.053726,87.16,None,0.0,ETH-25OCT19-140-P,169.43,83.13,0.049,438.0,0.058,576.0,90.76,0.20123,-0.15695,-0.07337,0.00519,-0.22749
169.54,SYN.ETH-6SEP19,1567162745096,open,0.02,427.0,0.004,0.044,0.020914,80.19,0.016,0.0,ETH-6SEP19-180-C,169.43,67.69,0.015,395.0,0.02,1.0,78.31,0.08237,-0.48035,0.00931,0.01897,0.31243
169.87,ETH-27SEP19,1567162745130,open,0.07,942.0,0.037,0.1,0.069501,85.12,0.063,0.0,ETH-27SEP19-180-C,169.43,81.0,0.065,110.0,0.071,491.0,86.49,0.18574,-0.28359,0.04921,0.0099,0.44883
169.87,ETH-27SEP19,1567162745132,open,0.12,495.0,0.086,0.155,0.122877,85.12,0.129,0.0,ETH-27SEP19-160-C,169.43,81.35,0.119,96.0,0.127,245.0,89.13,0.17476,-0.26682,0.06775,0.00932,0.64508
9606.27,BTC-27SEP19,1567162745132,open,0.5,13.5,0.496,0.5185,0.50651636,114.67,0.382,0.0,BTC-27SEP19-4750-C,9572.88,0.0,0.005,10.0,0.566,5.0,299.03,0.6224,-1.28017,3.55687,1e-05,0.99136
169.65,SYN.ETH-13SEP19,1567162745144,open,0.0,0.061,0.127,0.096234,84.5,None,0.0,ETH-13SEP19-160-C,169.43,74.2,0.089,120.0,0.103,120.0,94.04,0.11989,-0.36506,0.03696,0.01297,0.6693
170.42,SYN.ETH-25OCT19,1567162745161,open,0.0,0.119,0.213,0.167408,86.1,None,0.0,ETH-25OCT19-180-P,169.43,80.72,0.159,96.0,0.169,200.0,87.12,0.26601,-0.20496,-0.17348,0.00695,-0.49754
171.67,ETH-27DEC19,1567162745166,open,0.31,2816.0,0.25,0.375,0.314524,91.41,0.302,0.0,ETH-27DEC19-200-P,169.43,82.82,0.295,24.0,0.307,200.0,88.11,0.39065,-0.1502,-0.46253,0.00445,-0.51274
9581.12,SYN.BTC-6SEP19,1567162745175,open,0.04,197.2,0.0205,0.0705,0.04579648,76.01,0.047,0.0,BTC-6SEP19-9500-C,9572.88,71.78,0.0435,45.2,0.0475,13.0,79.15,5.19947,-28.74104,0.91572,0.0004,0.55316
171.68,ETH-27DEC19,1567162745173,open,0.0,0.332,0.465,0.400761,91.44,None,0.0,ETH-27DEC19-220-P,169.43,83.37,0.383,24.0,0.4,24.0,91.07,0.38199,-0.14692,-0.55113,0.00435,-0.58485
171.67,ETH-27DEC19,1567162745185,open,0.0,0.067,0.149,0.108282,91.42,None,0.0,ETH-27DEC19-140-P,169.43,82.53,0.092,32.0,0.103,443.0,88.54,0.31606,-0.12152,-0.20439,0.0036,-0.25728
171.67,ETH-27DEC19,1567162745194,open,0.0,0.067,0.149,0.108282,91.42,None,0.0,ETH-27DEC19-140-P,169.43,82.53,0.092,243.0,0.103,443.0,88.54,0.31606,-0.12152,-0.20439,0.0036,-0.25728
171.67,ETH-27DEC19,1567162745192,open,0.03,874.0,0.009,0.052,0.027084,92.42,0.029,0.0,ETH-27DEC19-360-C,169.43,88.85,0.023,343.0,0.029,40.0,94.01,0.20401,-0.0793,0.05591,0.0023,0.12708
171.67,ETH-27DEC19,1567162745201,open,0.16,2436.0,0.115,0.215,0.166569,91.42,0.16,0.0,ETH-27DEC19-160-P,169.43,83.09,0.149,154.0,0.159,200.0,87.82,0.3614,-0.13896,-0.28665,0.00412,-0.34613
169.54,SYN.ETH-6SEP19,1567162745207,open,0.07,0.0,0.044,0.107,0.077503,82.26,None,0.0,ETH-6SEP19-160-C,169.43,70.17,0.072,40.0,0.08,40.0,87.58,0.07894,-0.47218,0.02037,0.01772,0.71545
171.68,ETH-27DEC19,1567162745214,open,0.0,0.17,0.282,0.22848,88.15,None,0.0,ETH-27DEC19-180-P,169.43,83.03,0.217,24.0,0.227,200.0,87.47,0.38605,-0.14314,-0.37237,0.00456,-0.43744
9589.5,SYN.BTC-13SEP19,1567162745222,open,0.0,0.0365,0.091,0.06449973,77.21,None,0.0,BTC-13SEP19-9500-C,9572.88,74.61,0.0625,5.7,0.0665,12.0,79.8,7.38887,-20.55632,1.78705,0.00027,0.55471
169.54,SYN.ETH-6SEP19,1567162745224,open,0.09,204.0,0.046,0.118,0.082619,80.19,0.105,0.0,ETH-6SEP19-180-P,169.43,66.14,0.076,40.0,0.085,40.0,85.05,0.08237,-0.48035,-0.0246,0.01897,-0.68757
9724.17,BTC-27DEC19,1567162745232,open,0.28,246.6,0.214,0.319,0.26741059,81.13,0.274,0.0,BTC-27DEC19-11000-P,9572.88,79.62,0.264,3.6,0.2715,6.8,82.92,22.12586,-7.55017,-24.74382,9e-05,-0.51387
9842.15,SYN.BTC-27MAR20,1567162745234,open,0.41,24.7,0.331,0.4595,0.39675031,83.0,0.41,0.0,BTC-27MAR20-12000-P,9572.88,80.79,0.39,3.6,0.411,4.0,87.73,29.77383,-5.88739,-50.75241,6e-05,-0.50011
173.47,SYN.ETH-27MAR20,1567162745232,open,0.55,130.0,0.459,0.614,0.538712,88.34,0.417,0.0,ETH-27MAR20-240-P,169.43,83.74,0.525,120.0,0.549,1.0,91.78,0.51893,-0.10922,-1.0954,0.00339,-0.55948
9590.16,SYN.BTC-13SEP19,1567162745236,open,0.7,0.028,0.083,0.05509882,77.16,0.056,0.0,BTC-13SEP19-9500-P,9572.88,75.09,0.0535,5.6,0.058,7.0,80.93,7.38892,-20.54542,-1.82367,0.00027,-0.44512
173.47,SYN.ETH-27MAR20,1567162745243,open,0.37,153.0,0.292,0.43,0.363765,87.94,0.292,0.0,ETH-27MAR20-200-P,169.43,83.7,0.351,24.0,0.372,1.0,90.69,0.521,-0.10916,-0.81392,0.00342,-0.45223
169.54,SYN.ETH-6SEP19,1567162745256,open,0.12,40.0,0.092,0.154,0.124352,87.63,0.117,0.0,ETH-6SEP19-150-C,169.43,71.73,0.12,40.0,0.127,40.0,95.9,0.05191,-0.33077,0.02348,0.01094,0.85955
169.87,ETH-27SEP19,1567162745261,open,0.07,942.0,0.037,0.1,0.069501,85.12,0.063,0.0,ETH-27SEP19-180-C,169.43,81.0,0.065,110.0,0.071,395.0,86.49,0.18574,-0.28359,0.04921,0.0099,0.44883
169.87,ETH-27SEP19,1567162745266,open,0.12,495.0,0.086,0.155,0.122877,85.12,0.129,0.0,ETH-27SEP19-160-C,169.43,81.35,0.119,96.0,0.127,149.0,89.13,0.17476,-0.26682,0.06775,0.00932,0.64508
173.47,SYN.ETH-27MAR20,1567162745271,open,0.22,32.0,0.152,0.264,0.210384,86.62,0.212,0.0,ETH-27MAR20-160-P,169.43,83.92,0.203,286.0,0.219,1.0,89.78,0.47392,-0.0978,-0.53484,0.00316,-0.32582
171.67,ETH-27DEC19,1567162745273,open,0.02,2011.0,0.005,0.039,0.018687,93.07,0.022,0.0,ETH-27DEC19-400-C,169.43,90.11,0.016,30.0,0.021,40.0,95.45,0.16205,-0.06344,0.04114,0.00181,0.09226
171.68,ETH-27DEC19,1567162745274,open,0.0,0.038,0.115,0.076234,91.41,None,0.0,ETH-27DEC19-260-C,169.43,85.61,0.065,291.0,0.073,200.0,89.77,0.33878,-0.13025,0.1231,0.00386,0.29639
169.87,ETH-27SEP19,1567162745276,open,0.14,6536.0,0.088,0.169,0.129135,85.12,0.14,0.0,ETH-27SEP19-180-P,169.43,80.42,0.124,110.0,0.131,200.0,86.83,0.18574,-0.28359,-0.08826,0.0099,-0.55117
169.54,SYN.ETH-6SEP19,1567162745283,open,0.05,349.0,0.016,0.076,0.045226,80.02,0.05,0.0,ETH-6SEP19-170-P,169.43,70.47,0.04,266.0,0.043,1.0,75.95,0.09279,-0.53993,-0.01703,0.02142,-0.48797
173.47,SYN.ETH-27MAR20,1567162745337,open,0.37,153.0,0.292,0.43,0.363765,87.94,0.292,0.0,ETH-27MAR20-200-P,169.43,83.7,0.351,144.0,0.372,1.0,90.69,0.521,-0.10916,-0.81392,0.00342,-0.45223
171.67,ETH-27DEC19,1567162745342,open,0.09,3060.0,0.052,0.136,0.095277,91.41,0.085,0.0,ETH-27DEC19-240-C,169.43,85.54,0.083,245.0,0.089,200.0,88.43,0.36342,-0.13974,0.14322,0.00414,0.35145
169.87,ETH-27SEP19,1567162745349,open,0.23,2866.0,0.168,0.259,0.214064,85.12,0.228,0.0,ETH-27SEP19-200-P,169.43,77.38,0.207,200.0,0.221,200.0,92.42,0.15861,-0.24217,-0.1209,0.00845,-0.71786
171.67,ETH-27DEC19,1567162745385,open,0.31,2816.0,0.25,0.375,0.314524,91.41,0.302,0.0,ETH-27DEC19-200-P,169.43,82.82,0.295,24.0,0.308,200.0,88.55,0.39065,-0.1502,-0.46253,0.00445,-0.51274
171.67,ETH-27DEC19,1567162745391,open,0.13,811.0,0.099,0.194,0.149498,91.41,0.126,0.0,ETH-27DEC19-200-C,169.43,84.16,0.133,235.0,0.139,200.0,86.8,0.39065,-0.1502,0.18884,0.00445,0.48726
169.65,SYN.ETH-13SEP19,1567162745410,open,0.0,0.061,0.127,0.096234,84.5,None,0.0,ETH-13SEP19-160-C,169.43,75.64,0.09,120.0,0.103,120.0,94.04,0.11989,-0.36506,0.03696,0.01297,0.6693
169.65,SYN.ETH-13SEP19,1567162745426,open,0.0,0.062,0.138,0.100647,82.11,None,0.0,ETH-13SEP19-180-P,169.43,75.81,0.096,200.0,0.107,320.0,90.55,0.12654,-0.37439,-0.04609,0.01408,-0.61398
170.42,SYN.ETH-25OCT19,1567162745434,open,0.0,0.026,0.083,0.053726,87.16,None,0.0,ETH-25OCT19-140-P,169.43,83.13,0.049,438.0,0.057,128.0,89.92,0.20123,-0.15695,-0.07337,0.00519,-0.22749
170.42,SYN.ETH-25OCT19,1567162745439,open,0.0,0.121,0.2,0.163439,86.74,None,0.0,ETH-25OCT19-160-C,169.43,81.66,0.156,96.0,0.169,96.0,90.54,0.24971,-0.19383,0.12406,0.00647,0.63895
170.42,SYN.ETH-25OCT19,1567162745452,open,0.0,0.04,0.109,0.075516,86.78,None,0.0,ETH-25OCT19-200-C,169.43,82.39,0.069,352.0,0.078,424.0,88.44,0.25419,-0.1974,0.07983,0.00659,0.3815
171.68,ETH-27DEC19,1567162745466,open,218.0,0.129,0.224,0.180017,88.13,0.18,0.0,ETH-27DEC19-180-C,169.43,83.68,0.17,24.0,0.178,200.0,87.23,0.38606,-0.1431,0.21388,0.00456,0.56252
171.67,ETH-27DEC19,1567162745472,open,0.09,3060.0,0.052,0.136,0.095277,91.41,0.085,0.0,ETH-27DEC19-240-C,169.43,85.54,0.083,277.0,0.089,200.0,88.43,0.36342,-0.13974,0.14322,0.00414,0.35145
171.68,ETH-27DEC19,1567162745477,open,0.0,0.332,0.465,0.400761,91.44,None,0.0,ETH-27DEC19-220-P,169.43,83.37,0.383,24.0,0.399,24.0,90.62,0.38199,-0.14692,-0.55113,0.00435,-0.58485
171.67,ETH-27DEC19,1567162745481,open,0.0,0.067,0.149,0.108282,91.42,None,0.0,ETH-27DEC19-140-P,169.43,82.53,0.092,243.0,0.102,32.0,88.0,0.31606,-0.12152,-0.20439,0.0036,-0.25728
173.48,SYN.ETH-27MAR20,1567162745487,open,0.29,222.0,0.231,0.335,0.288034,86.61,0.304,0.0,ETH-27MAR20-160-C,169.43,83.31,0.279,24.0,0.303,1.0,92.11,0.47394,-0.09779,0.38521,0.00316,0.6742
171.68,ETH-27DEC19,1567162745493,open,0.0,0.072,0.162,0.119307,91.41,None,0.0,ETH-27DEC19-220-C,169.43,84.94,0.105,261.0,0.111,200.0,87.67,0.38197,-0.14685,0.16537,0.00435,0.41505
171.67,ETH-27DEC19,1567162745501,open,0.05,574.0,0.028,0.097,0.061155,91.44,0.064,0.0,ETH-27DEC19-280-C,169.43,86.84,0.053,32.0,0.06,200.0,90.8,0.3109,-0.11958,0.10522,0.00354,0.24936
169.54,SYN.ETH-6SEP19,1567162745503,open,0.07,0.0,0.044,0.107,0.077503,82.26,None,0.0,ETH-6SEP19-160-C,169.43,72.41,0.073,40.0,0.08,40.0,87.58,0.07894,-0.47218,0.02037,0.01772,0.71545
171.68,ETH-27DEC19,1567162745509,open,0.0,0.038,0.115,0.076234,91.41,None,0.0,ETH-27DEC19-260-C,169.43,86.14,0.066,32.0,0.073,200.0,89.77,0.33878,-0.13025,0.1231,0.00386,0.29639
9606.27,BTC-27SEP19,1567162745514,open,0.37,713.5,0.3635,0.3955,0.37901001,98.22,0.416,0.0,BTC-27SEP19-6000-C,9572.88,0.0,0.3685,6.0,0.3845,6.0,119.91,1.8446,-3.24983,4.33027,3e-05,0.96923
169.54,SYN.ETH-6SEP19,1567162745525,open,0.04,503.0,0.015,0.07,0.042504,80.02,0.039,0.0,ETH-6SEP19-170-C,169.43,69.96,0.037,120.0,0.042,16.0,79.1,0.09279,-0.53993,0.015,0.02142,0.51203
169.54,SYN.ETH-6SEP19,1567162745528,open,0.09,204.0,0.046,0.118,0.082619,80.19,0.105,0.0,ETH-6SEP19-180-P,169.43,66.14,0.076,40.0,0.084,40.0,83.02,0.08237,-0.48035,-0.0246,0.01897,-0.68757
169.54,SYN.ETH-6SEP19,1567162745550,open,0.12,40.0,0.092,0.154,0.124352,87.63,0.117,0.0,ETH-6SEP19-150-C,169.43,75.78,0.121,40.0,0.127,40.0,95.9,0.05191,-0.33077,0.02348,0.01094,0.85955
171.68,ETH-27DEC19,1567162745555,open,0.0,0.02,0.082,0.049452,91.62,None,0.0,ETH-27DEC19-300-C,169.43,87.6,0.043,32.0,0.05,232.0,91.95,0.28244,-0.10884,0.08982,0.00321,0.21009
169.87,ETH-27SEP19,1567162745563,open,0.07,942.0,0.037,0.1,0.069501,85.12,0.063,0.0,ETH-27SEP19-180-C,169.43,81.0,0.065,206.0,0.071,395.0,86.49,0.18574,-0.28359,0.04921,0.0099,0.44883
169.87,ETH-27SEP19,1567162745570,open,0.12,495.0,0.086,0.155,0.122877,85.12,0.129,0.0,ETH-27SEP19-160-C,169.43,82.32,0.12,96.0,0.127,149.0,89.13,0.17476,-0.26682,0.06775,0.00932,0.64508
169.54,SYN.ETH-6SEP19,1567162745598,open,0.03,457.0,0.004,0.045,0.021241,82.26,0.019,0.0,ETH-6SEP19-160-P,169.43,75.21,0.018,160.0,0.023,160.0,86.01,0.07894,-0.47218,-0.00977,0.01772,-0.28455
9642.57,SYN.BTC-25OCT19,1567162745685,open,0.0,0.0575,0.127,0.09212129,81.61,None,0.0,BTC-25OCT19-9000-P,9572.88,79.46,0.089,19.3,0.094,6.0,82.9,14.02583,-10.24263,-6.57933,0.00012,-0.3536
9581.12,SYN.BTC-6SEP19,1567162745718,open,0.0,170.1,0.0005,0.017,0.00502864,76.81,0.0045,0.0,BTC-6SEP19-11000-C,9572.88,76.69,0.005,30.0,0.0055,0.2,78.67,2.37981,-13.29203,0.17919,0.00018,0.10431
9842.31,SYN.BTC-27MAR20,1567162745778,open,0.03,1.3,0.009,0.0595,0.02933943,89.52,0.032,0.0,BTC-27MAR20-28000-C,9572.88,87.54,0.0265,22.0,0.032,12.0,91.29,14.47867,-3.08781,4.8429,3e-05,0.11491
171.68,ETH-27DEC19,1567162745786,open,0.0,0.038,0.115,0.076232,91.41,None,0.0,ETH-27DEC19-260-C,169.43,86.14,0.066,291.0,0.073,200.0,89.77,0.33878,-0.13025,0.1231,0.00386,0.29639
9581.14,SYN.BTC-6SEP19,1567162745794,open,0.04,189.7,0.014,0.0625,0.03725532,75.88,0.0355,0.0,BTC-6SEP19-9500-P,9572.88,72.64,0.0355,23.3,0.039,4.2,79.09,5.19943,-28.68931,-0.87366,0.0004,-0.44681
171.68,ETH-27DEC19,1567162745812,open,0.0,0.519,0.661,0.590678,91.41,None,0.0,ETH-27DEC19-260-P,169.42,0.0,0.0,0.0,0.0,0.0,0.0,0.33879,-0.13026,-0.72368,0.00386,-0.70359
169.54,SYN.ETH-6SEP19,1567162745812,open,0.0,478.0,0.001,0.015,0.003746,81.5,0.004,0.0,ETH-6SEP19-200-C,169.42,77.55,0.003,2.0,0.004,200.0,82.75,0.03381,-0.20039,0.00236,0.00766,0.07762
171.67,ETH-27DEC19,1567162745815,open,3.25,0.0,3.073,3.332,3.197155,104.08,None,0.0,ETH-27DEC19-720-P,169.42,0.0,0.003,5.0,0.0,0.0,0.0,0.0416,-0.01821,-2.33707,0.00042,-0.98286
170.43,SYN.ETH-25OCT19,1567162745812,open,0.0,0.022,0.08,0.050417,87.09,None,0.0,ETH-25OCT19-220-C,169.42,82.93,0.045,582.0,0.054,254.0,89.78,0.22497,-0.17532,0.06024,0.00581,0.28132
170.43,SYN.ETH-25OCT19,1567162745812,open,0.0,0.286,0.395,0.34124,87.05,None,0.0,ETH-25OCT19-220-P,169.42,0.0,0.0,0.0,0.0,0.0,0.0,0.22492,-0.1752,-0.27657,0.00581,-0.71883
173.49,SYN.ETH-27MAR20,1567162745812,open,0.03,28.0,0.012,0.066,0.035917,92.11,0.04,0.0,ETH-27MAR20-480-C,169.42,89.65,0.032,299.0,0.041,40.0,95.11,0.28412,-0.06234,0.0978,0.00178,0.13396
169.54,SYN.ETH-6SEP19,1567162745812,open,0.26,0.0,0.203,0.281,0.240797,88.66,None,0.0,ETH-6SEP19-210-P,169.42,0.0,0.0,0.0,0.0,0.0,0.0,0.02196,-0.14159,-0.0382,0.00457,-0.95524
173.49,SYN.ETH-27MAR20,1567162745812,open,1.61,0.0,1.483,1.682,1.579893,91.27,None,0.0,ETH-27MAR20-440-P,169.42,0.0,0.002,10.0,1.61,1.0,105.85,0.31873,-0.0693,-2.41505,0.00202,-0.84103
173.49,SYN.ETH-27MAR20,1567162745812,open,1.83,0.0,1.702,1.911,1.802807,92.2,None,0.0,ETH-27MAR20-480-P,169.42,0.0,0.003,10.0,0.0,0.0,0.0,0.28472,-0.06254,-2.66195,0.00178,-0.86563
169.54,SYN.ETH-6SEP19,1567162745812,open,0.0,185.0,0.001,0.012,0.002158,88.8,0.003,0.0,ETH-6SEP19-210-C,169.42,77.85,0.001,3.0,0.002,200.0,87.56,0.02207,-0.1425,0.00137,0.00459,0.04503
9589.54,SYN.BTC-13SEP19,1567162745835,open,2.7,0.018,0.067,0.04219743,77.16,0.04,0.0,BTC-13SEP19-10000-C,9572.38,74.27,0.04,6.3,0.042,2.0,76.9,7.30645,-20.31395,1.37516,0.00027,0.41942
9581.14,SYN.BTC-6SEP19,1567162745835,open,0.26,0.0,0.2545,0.287,0.27016853,107.84,0.312,0.0,BTC-6SEP19-7000-C,9572.38,0.0,0.2655,1.1,0.2795,1.1,179.63,0.47189,-3.7005,1.2918,3e-05,0.98591
9642.65,SYN.BTC-25OCT19,1567162745835,open,0.0,0.044,0.111,0.07758952,82.22,None,0.0,BTC-25OCT19-11000-C,9572.38,79.51,0.0735,29.3,0.08,16.1,83.81,14.5935,-10.73743,4.78674,0.00012,0.40186
9642.65,SYN.BTC-25OCT19,1567162745835,open,0.0,0.369,0.4085,0.38836541,88.54,None,0.0,BTC-25OCT19-6000-C,9572.38,0.0,0.0,0.0,0.0,0.0,0.0,4.57907,-3.62811,8.12145,4e-05,0.93855
