underlying_price,underlying_index,timestamp,state,settlement_price,open_interest,min_price,max_price,mark_price,mark_iv,last_price,interest_rate,instrument_name,index_price,bid_iv,best_bid_price,best_bid_amount,best_ask_price,best_ask_amount,ask_iv,vega,theta,rho,gamma,delta
186.12,ETH-27SEP19,1566039540164,open,0.0,5619.0,0.001,0.011,0.00198,128.49,0.003,0.0,ETH-27SEP19-520-C,185.4,118.73,0.001,640.0,0.003,40.0,135.49,0.02336,-0.03672,0.00268,0.00047,0.01484
186.12,ETH-27SEP19,1566039540455,open,0.0,2912.0,0.001,0.011,0.001995,111.19,0.002,0.0,ETH-27SEP19-440-C,185.4,102.3,0.001,442.0,0.003,200.0,117.45,0.02592,-0.03526,0.00307,0.0006,0.01675
10453.72,BTC-27SEP19,1566039540528,open,0.0,287.3,0.0005,0.0115,0.00172894,106.13,0.003,0.0,BTC-27SEP19-24000-C,10383.17,99.36,0.001,21.0,0.0025,24.0,111.38,1.34699,-1.74871,0.15879,1e-05,0.01529
10674.63,BTC-27DEC19,1566039540528,open,0.3,103.7,0.24,0.358,0.30037203,92.8,0.3,0.0,BTC-27DEC19-12000-P,10383.17,89.51,0.2925,8.6,0.3055,5.0,94.94,25.53658,-8.98472,-29.80662,7e-05,-0.47247
10453.72,BTC-27SEP19,1566039540543,open,2.06,0.0,2.0015,2.125,2.06195105,125.19,None,0.0,BTC-27SEP19-32000-P,10383.17,0.0,0.0,0.0,0.0,0.0,0.0,0.67547,-1.03439,-35.76496,0.0,-0.99307
10453.72,BTC-27SEP19,1566039540551,open,0.0,1070.7,0.0005,0.011,0.0013082,122.98,0.0005,0.0,BTC-27SEP19-4250-P,10383.17,108.79,0.0005,8.0,0.002,8.0,130.82,0.79715,-1.19916,-0.1132,1e-05,-0.00836
10453.72,BTC-27SEP19,1566039540624,open,0.05,286.3,0.0245,0.085,0.05369712,96.86,0.0515,0.0,BTC-27SEP19-13000-C,10383.05,94.55,0.051,10.0,0.057,19.3,99.66,12.2514,-14.51561,2.94042,0.0001,0.30487
10674.51,BTC-27DEC19,1566039540625,open,0.34,204.5,0.2985,0.3795,0.34076982,92.26,0.4065,0.0,BTC-27DEC19-8000-C,10383.05,80.76,0.321,12.0,0.383,12.0,116.05,18.62669,-6.51568,17.22453,5e-05,0.78738
10674.51,BTC-27DEC19,1566039540626,open,0.51,73.3,0.4845,0.53,0.50671039,92.26,0.4875,0.0,BTC-27DEC19-5500-C,10383.05,0.0,0.4705,12.0,0.561,12.0,145.01,8.65072,-3.02612,16.31061,2e-05,0.92962
10674.51,BTC-27DEC19,1566039540627,open,1.83,0.2,1.761,1.907,1.82931824,102.09,2.03,0.0,BTC-27DEC19-30000-P,10383.05,0.0,0.005,1.0,0.0,0.0,0.0,9.91694,-3.83849,-105.87055,2e-05,-0.91576
10674.51,BTC-27DEC19,1566039540628,open,0.47,122.9,0.443,0.496,0.46928527,92.26,0.469,0.0,BTC-27DEC19-6000-C,10383.05,74.66,0.4535,12.0,0.5145,12.0,131.1,10.76641,-3.76619,16.8402,3e-05,0.90593
10453.6,BTC-27SEP19,1566039540628,open,1.87,0.0,1.814,1.9305,1.87111153,124.75,None,0.0,BTC-27SEP19-30000-P,10383.05,0.0,0.0,0.0,0.0,0.0,0.0,0.95389,-1.45565,-33.49135,1e-05,-0.98973
10674.51,BTC-27DEC19,1566039540628,open,0.01,532.8,0.0005,0.02,0.00933976,93.05,0.009,0.0,BTC-27DEC19-4500-P,10383.05,88.77,0.0075,15.0,0.011,10.0,96.55,4.84943,-1.71078,-1.67421,1e-05,-0.03407
10674.51,BTC-27DEC19,1566039540629,open,0.15,268.1,0.099,0.199,0.15024936,93.2,0.134,0.0,BTC-27DEC19-13000-C,10383.05,91.63,0.1465,3.6,0.158,15.6,96.44,25.53158,-9.02211,12.38677,7e-05,0.47142
10674.51,BTC-27DEC19,1566039540629,open,0.76,12.4,0.693,0.826,0.75843254,95.77,0.559,0.0,BTC-27DEC19-18000-P,10383.05,57.06,0.6985,5.0,0.8145,5.0,122.01,21.12388,-7.67047,-57.49394,5e-05,-0.73231
10405.38,SYN.BTC-30AUG19,1566039540628,open,0.1,372.8,0.062,0.128,0.09630722,102.57,0.094,0.0,BTC-30AUG19-10000-C,10383.05,98.64,0.0935,4.0,0.0945,1.0,100.04,7.44772,-29.66371,1.91823,0.00019,0.6189
10405.38,SYN.BTC-30AUG19,1566039540629,open,0.0,451.1,0.0005,0.0115,0.00178993,110.55,0.002,0.0,BTC-30AUG19-16000-C,10383.05,101.81,0.001,0.1,0.0025,3.0,116.44,1.12341,-4.82279,0.0834,3e-05,0.02451
10405.38,SYN.BTC-30AUG19,1566039540629,open,0.03,547.7,0.007,0.0515,0.02657292,101.0,0.0205,0.0,BTC-30AUG19-12000-C,10383.05,96.68,0.024,24.0,0.029,34.0,104.97,6.28382,-24.64472,0.84083,0.00016,0.25564
10453.6,BTC-27SEP19,1566039540643,open,0.03,583.2,0.0125,0.0545,0.03142595,95.74,0.029,0.0,BTC-27SEP19-8000-P,10383.05,93.98,0.03,15.0,0.0325,19.3,97.06,8.50611,-9.9618,-2.23911,7e-05,-0.15984
10674.51,BTC-27DEC19,1566039540687,open,0.05,246.9,0.0165,0.081,0.04483842,98.85,0.0435,0.0,BTC-27DEC19-22000-C,10383.05,97.02,0.042,4.9,0.0475,12.0,100.52,16.76388,-6.28275,5.16536,4e-05,0.17877
187.58,ETH-27DEC19,1566039540730,open,2.85,0.0,2.728,2.976,2.846402,107.06,None,0.0,ETH-27DEC19-720-P,185.4,0.0,0.003,5.0,0.0,0.0,0.0,0.09417,-0.03822,-2.58075,0.00069,-0.96151
186.11,ETH-27SEP19,1566039540738,open,2.23,27.0,2.129,2.324,2.224563,127.0,1.044,0.0,ETH-27SEP19-600-P,185.35,0.0,0.0,0.0,0.0,0.0,0.0,0.00983,-0.01526,-0.67092,0.0002,-0.99449
186.06,ETH-27SEP19,1566039540739,open,2.88,0.0,2.756,2.988,2.868688,0.0,None,0.0,ETH-27SEP19-720-P,185.35,0.0,0.0,0.0,0.0,0.0,0.0,0.0,0.0,-0.80632,0.0,-1.0
187.53,ETH-27DEC19,1566039540740,open,2.85,0.0,2.729,2.975,2.846402,104.94,None,0.0,ETH-27DEC19-720-P,185.35,0.0,0.003,5.0,0.0,0.0,0.0,0.08625,-0.03432,-2.5827,0.00065,-0.96541
186.06,ETH-27SEP19,1566039540740,open,2.45,0.0,2.338,2.545,2.439169,0.0,None,0.0,ETH-27SEP19-640-P,185.35,0.0,0.0,0.0,0.0,0.0,0.0,0.0,0.0,-0.71672,0.0,-1.0
186.06,ETH-27SEP19,1566039540740,open,3.09,0.0,2.964,3.208,3.083528,0.0,None,0.0,ETH-27SEP19-760-P,185.35,0.0,0.0,0.0,0.0,0.0,0.0,0.0,0.0,-0.85111,0.0,-1.0
186.06,ETH-27SEP19,1566039540741,open,0.18,3054.0,0.123,0.217,0.171225,94.55,0.183,0.0,ETH-27SEP19-200-P,185.35,90.62,0.166,120.0,0.179,120.0,100.38,0.24779,-0.28657,-0.14569,0.00676,-0.52796
185.63,SYN.ETH-30AUG19,1566039540739,open,0.06,863.0,0.023,0.085,0.052956,90.94,0.063,0.0,ETH-30AUG19-180-P,185.35,84.09,0.048,150.0,0.058,150.0,97.91,0.13427,-0.47418,-0.02935,0.01215,-0.39527
10393.3,SYN.BTC-23AUG19,1566039540768,open,0.4,0.0,0.368,0.4275,0.39585367,116.35,None,0.0,BTC-23AUG19-14500-P,10383.05,0.0,0.0,0.0,0.0,0.0,0.0,0.48672,-4.81889,-2.31103,2e-05,-0.98544
10453.6,BTC-27SEP19,1566039540772,open,0.01,667.5,0.0005,0.0155,0.00489764,101.14,0.0045,0.0,BTC-27SEP19-20000-C,10383.05,97.85,0.004,15.0,0.006,1.0,104.71,3.03059,-3.7493,0.414,2e-05,0.04026
10674.51,BTC-27DEC19,1566039540783,open,1.65,0.1,1.579,1.722,1.64620982,101.42,1.49,0.0,BTC-27DEC19-28000-P,10383.05,0.0,0.0045,1.0,0.0,0.0,0.0,11.32405,-4.35423,-98.17071,3e-05,-0.89923
186.06,ETH-27SEP19,1566039540784,open,0.0,5128.0,0.001,0.011,0.001941,119.96,0.002,0.0,ETH-27SEP19-480-C,185.35,110.95,0.001,440.0,0.003,200.0,126.96,0.0241,-0.03537,0.0028,0.00052,0.01539
10405.38,SYN.BTC-30AUG19,1566039540804,open,0.02,1151.6,0.0065,0.0465,0.02380735,103.52,0.0275,0.0,BTC-30AUG19-9000-P,10383.05,100.05,0.022,24.0,0.025,2.0,105.78,5.46282,-21.9609,-0.8196,0.00014,-0.19948
10453.6,BTC-27SEP19,1566039540814,open,0.0,330.4,0.0005,0.0115,0.00155503,111.62,0.0015,0.0,BTC-27SEP19-4750-P,10383.05,96.17,0.0005,21.0,0.0025,24.0,120.09,0.99444,-1.35779,-0.14426,1e-05,-0.01077
10674.51,BTC-27DEC19,1566039540885,open,0.06,603.9,0.0235,0.096,0.05655923,97.46,0.057,0.0,BTC-27DEC19-20000-C,10383.05,96.0,0.054,4.9,0.0595,12.5,99.1,18.89896,-6.98311,6.22655,5e-05,0.21801
10674.51,BTC-27DEC19,1566039540885,open,0.01,333.6,0.0005,0.0155,0.00589138,94.91,0.008,0.0,BTC-27DEC19-4000-P,10383.05,88.37,0.004,15.0,0.0075,6.0,99.6,3.42455,-1.23236,-1.09272,1e-05,-0.02244
10405.27,SYN.BTC-30AUG19,1566039540932,open,0.22,0.0,0.1845,0.2565,0.2196871,100.97,None,0.0,BTC-30AUG19-12500-P,10383.05,0.0,0.181,4.0,0.26,4.0,166.47,5.32886,-20.8933,-3.77403,0.00014,-0.80851
10405.27,SYN.BTC-30AUG19,1566039540971,open,0.24,23.0,0.2175,0.263,0.23961894,109.13,0.2,0.0,BTC-30AUG19-8000-C,10383.05,0.0,0.0,0.0,0.0,0.0,0.0,2.98779,-12.66137,2.48628,7e-05,0.91698
10453.6,BTC-27SEP19,1566039541022,open,0.59,9.2,0.585,0.6045,0.59475,122.98,0.574,0.0,BTC-27SEP19-4250-C,10383.05,0.0,0.5375,10.0,0.6525,10.0,298.27,0.79728,-1.19937,4.64628,1e-05,0.99164
10674.51,BTC-27DEC19,1566039541033,open,0.6,24.3,0.5305,0.663,0.59676374,95.77,0.7285,0.0,BTC-27DEC19-16000-P,10383.05,68.1,0.541,5.0,0.6465,5.0,117.58,23.48322,-8.52719,-48.50887,6e-05,-0.66101
10393.19,SYN.BTC-23AUG19,1566039541049,open,0.54,0.0,0.5095,0.5725,0.53964736,123.89,None,0.0,BTC-23AUG19-16000-P,10383.05,0.0,0.0,0.0,0.0,0.0,0.0,0.15046,-1.58618,-2.56953,1e-05,-0.99616
10674.51,BTC-27DEC19,1566039541051,open,0.86,0.1,0.85,0.8695,0.85985412,125.06,0.84,0.0,BTC-27DEC19-1500-C,10383.05,0.0,0.7905,12.0,0.8995,12.0,310.4,0.29611,-0.1404,5.35063,0.0,0.99859
10453.6,BTC-27SEP19,1566039541075,open,0.76,55.9,0.751,0.7705,0.76086676,126.4,0.689,0.0,BTC-27SEP19-2500-C,10383.05,0.0,0.696,10.0,0.8265,10.0,478.63,0.02189,-0.03384,2.79758,0.0,0.99984
10453.6,BTC-27SEP19,1566039541130,open,0.22,91.6,0.178,0.2675,0.22339393,96.05,0.2205,0.0,BTC-27SEP19-12000-P,10383.05,77.11,0.1995,9.0,0.2635,4.0,126.64,13.46185,-15.81567,-9.70781,0.00011,-0.60585
10674.51,BTC-27DEC19,1566039541130,open,0.04,340.6,0.012,0.068,0.03546075,99.7,0.0365,0.0,BTC-27DEC19-24000-C,10383.05,97.88,0.033,6.0,0.0385,18.0,101.86,14.71343,-5.56161,4.27548,4e-05,0.14632
10453.6,BTC-27SEP19,1566039541130,open,0.0,49.2,0.0005,0.0105,0.00017842,125.0,0.0015,0.0,BTC-27SEP19-3250-P,10383.05,0.0,0.0,0.0,0.0015,8.0,160.12,0.15407,-0.23558,-0.01778,0.0,-0.00134
10674.51,BTC-27DEC19,1566039541130,open,0.01,217.0,0.0005,0.02,0.00641086,107.79,0.004,0.0,BTC-27DEC19-44000-C,10383.05,104.18,0.005,0.1,0.008,18.0,111.27,4.52082,-1.8475,0.95957,1e-05,0.03129
10453.6,BTC-27SEP19,1566039541134,open,0.57,289.7,0.561,0.5805,0.57083002,115.68,0.588,0.0,BTC-27SEP19-4500-C,10383.05,0.0,0.5145,10.0,0.628,10.0,281.3,0.83971,-1.18817,4.92034,1e-05,0.99113
10674.51,BTC-27DEC19,1566039541134,open,0.77,0.0,0.759,0.7785,0.76853966,120.13,None,0.0,BTC-27DEC19-2500-C,10383.05,0.0,0.702,12.0,0.833,12.0,273.32,1.53881,-0.70088,8.58498,0.0,0.99114
10405.27,SYN.BTC-30AUG19,1566039541135,open,0.64,0.0,0.602,0.6715,0.63480777,114.03,None,0.0,BTC-30AUG19-17000-P,10383.05,0.0,0.0,0.0,0.0,0.0,0.0,0.7163,-3.17178,-5.94764,2e-05,-0.98556
10393.19,SYN.BTC-23AUG19,1566039541148,open,0.16,5.6,0.1335,0.193,0.16176116,94.21,0.118,0.0,BTC-23AUG19-12000-P,10383.05,0.0,0.126,4.0,0.1995,4.0,192.46,2.738,-21.95146,-1.73198,0.00017,-0.87345
10674.51,BTC-27DEC19,1566039541159,open,0.02,103.1,0.0085,0.04,0.02195188,92.26,0.023,0.0,BTC-27DEC19-5500-P,10383.05,87.85,0.0185,21.0,0.023,10.0,93.54,8.64999,-3.02568,-3.5606,2e-05,-0.07037
10393.19,SYN.BTC-23AUG19,1566039541375,open,0.0,69.9,0.0005,0.0105,0.00066613,124.93,0.0005,0.0,BTC-23AUG19-15000-C,10383.05,0.0,0.0,0.0,0.0015,15.0,139.82,0.43243,-4.59729,0.02012,2e-05,0.01269
10393.19,SYN.BTC-23AUG19,1566039541403,open,0.01,146.3,0.0005,0.0205,0.00641678,95.24,0.0075,0.0,BTC-23AUG19-9000-P,10383.05,91.15,0.0055,30.5,0.0075,0.6,99.77,2.40398,-19.48297,-0.18704,0.00015,-0.10537
10393.19,SYN.BTC-23AUG19,1566039541573,open,0.0,252.2,0.0005,0.0145,0.00347521,94.26,0.0045,0.0,BTC-23AUG19-12500-C,10383.05,87.96,0.0025,10.5,0.004,0.6,97.26,1.75036,-14.0402,0.10957,0.00011,0.06897
10674.46,BTC-27DEC19,1566039541627,open,3.51,0.0,3.4095,3.6025,3.50140642,108.25,None,0.0,BTC-27DEC19-48000-P,10382.97,0.0,0.0,0.0,0.0,0.0,0.0,3.56808,-1.46439,-172.69778,1e-05,-0.97644
10393.19,SYN.BTC-23AUG19,1566039541625,open,0.03,432.9,0.008,0.0555,0.02997207,93.62,0.0305,0.0,BTC-23AUG19-10000-P,10382.97,88.35,0.0275,0.4,0.0315,0.4,96.86,4.88665,-38.9304,-0.6365,0.0003,-0.35046
10674.46,BTC-27DEC19,1566039541629,open,0.18,188.5,0.1235,0.2245,0.17620512,92.8,0.1695,0.0,BTC-27DEC19-12000-C,10382.97,90.83,0.1715,8.6,0.183,12.0,95.64,25.53623,-8.98457,13.54934,7e-05,0.52752
10405.27,SYN.BTC-30AUG19,1566039541626,open,0.42,0.0,0.412,0.437,0.42389653,123.83,None,0.0,BTC-30AUG19-6000-C,10382.97,0.0,0.0,0.0,0.0,0.0,0.0,0.35697,-1.71658,2.09074,1e-05,0.99349
186.06,ETH-27SEP19,1566039541643,open,0.63,852.0,0.571,0.686,0.626927,99.23,0.694,0.0,ETH-27SEP19-300-P,185.35,0.0,0.591,26.0,0.692,25.0,170.55,0.11053,-0.13416,-0.31773,0.00287,-0.89842
185.45,SYN.ETH-23AUG19,1566039542039,open,0.46,0.0,0.413,0.504,0.456271,118.66,None,0.0,ETH-23AUG19-270-P,185.35,0.0,0.0,0.0,0.0,0.0,0.0,0.00503,-0.05075,-0.04324,0.00076,-0.99223
10405.27,SYN.BTC-30AUG19,1566039542316,open,0.05,522.0,0.023,0.082,0.05243749,100.99,0.051,0.0,BTC-30AUG19-11000-C,10382.97,96.3,0.049,18.0,0.0555,10.0,105.15,7.64492,-29.9815,1.35445,0.0002,0.42145
185.45,SYN.ETH-23AUG19,1566039542317,open,0.0,223.0,0.001,0.012,0.002573,102.95,0.003,0.0,ETH-23AUG19-150-P,185.35,97.9,0.002,1.0,0.003,50.0,106.32,0.02252,-0.19728,-0.00144,0.00395,-0.04554
10674.46,BTC-27DEC19,1566039542319,open,0.18,421.0,0.1295,0.231,0.18136537,92.26,0.18,0.0,BTC-27DEC19-10000-P,10382.97,88.72,0.1735,5.0,0.183,5.0,93.0,23.67644,-8.2818,-20.35556,6e-05,-0.34643
186.07,ETH-27SEP19,1566039542739,open,0.53,895.0,0.47,0.582,0.524947,97.74,0.535,0.0,ETH-27SEP19-280-P,185.36,0.0,0.47,25.0,0.577,25.0,151.16,0.13776,-0.1647,-0.28885,0.00364,-0.86124
187.54,ETH-27DEC19,1566039542739,open,0.21,706.0,0.148,0.252,0.204772,96.84,0.212,0.0,ETH-27DEC19-200-C,185.36,92.28,0.194,30.0,0.214,30.0,100.76,0.44245,-0.16245,0.24858,0.0036,0.57163
186.07,ETH-27SEP19,1566039542739,open,0.02,3742.0,0.003,0.032,0.014544,100.04,0.015,0.0,ETH-27SEP19-300-C,185.36,99.13,0.014,150.0,0.015,200.0,100.79,0.1124,-0.13754,0.01863,0.0029,0.10394
186.07,ETH-27SEP19,1566039542739,open,2.88,0.0,2.759,2.99,2.869935,137.72,None,0.0,ETH-27SEP19-720-P,185.36,0.0,0.0,0.0,0.0,0.0,0.0,0.00639,-0.01077,-0.80569,0.00012,-0.99659
186.07,ETH-27SEP19,1566039542739,open,2.45,0.0,2.341,2.547,2.440277,133.83,None,0.0,ETH-27SEP19-640-P,185.36,0.0,0.0,0.0,0.0,0.0,0.0,0.01001,-0.01638,-0.7157,0.00019,-0.99437
186.07,ETH-27SEP19,1566039542739,open,0.84,296.0,0.776,0.896,0.833826,100.54,0.848,0.0,ETH-27SEP19-340-P,185.36,0.0,0.776,25.0,0.908,25.0,193.81,0.0665,-0.08177,-0.37124,0.00171,-0.94776
186.07,ETH-27SEP19,1566039542739,open,0.2,392.0,0.159,0.234,0.199571,94.28,0.329,0.0,ETH-27SEP19-160-C,185.36,0.0,0.001,1.0,0.0,0.0,0.0,0.2029,-0.23399,0.11213,0.00555,0.73768
187.54,ETH-27DEC19,1566039542739,open,2.43,0.0,2.317,2.541,2.423914,105.44,None,0.0,ETH-27DEC19-640-P,185.36,0.0,0.0,0.0,0.0,0.0,0.0,0.12111,-0.04842,-2.28434,0.0009,-0.94736
187.54,ETH-27DEC19,1566039542739,open,0.15,1886.0,0.097,0.193,0.146395,96.86,0.155,0.0,ETH-27DEC19-160-P,185.36,91.78,0.136,40.0,0.152,40.0,99.6,0.38361,-0.14088,-0.29327,0.00312,-0.28641
186.07,ETH-27SEP19,1566039542739,open,0.36,47.0,0.34,0.389,0.364794,95.03,0.689,0.0,ETH-27SEP19-120-C,185.36,0.0,0.0,0.0,0.0,0.0,0.0,0.07609,-0.08845,0.11945,0.00207,0.93801
186.08,ETH-27SEP19,1566039542740,open,2.23,27.0,2.132,2.325,2.225601,134.84,1.044,0.0,ETH-27SEP19-600-P,185.36,0.0,0.0,0.0,0.0,0.0,0.0,0.01502,-0.02477,-0.67032,0.00029,-0.99108
187.54,ETH-27DEC19,1566039542740,open,0.05,1444.0,0.017,0.08,0.046134,102.58,0.046,0.0,ETH-27DEC19-400-C,185.36,100.56,0.043,40.0,0.05,40.0,105.01,0.2945,-0.11454,0.08986,0.00226,0.17875
185.58,SYN.ETH-30AUG19,1566039542738,open,0.01,0.0,0.001,0.023,0.008437,88.15,None,0.0,ETH-30AUG19-230-C,185.36,77.41,0.005,250.0,0.009,250.0,89.69,0.06659,-0.22792,0.00681,0.00622,0.11246
186.08,ETH-27SEP19,1566039542740,open,0.0,7916.0,0.001,0.011,0.00014,129.99,0.001,0.0,ETH-27SEP19-760-C,185.36,0.0,0.0,0.0,0.002,100.0,166.32,0.00262,-0.00417,0.00024,5e-05,0.00128
186.08,ETH-27SEP19,1566039542740,open,0.03,1730.0,0.01,0.053,0.029318,96.36,0.032,0.0,ETH-27SEP19-260-C,185.36,93.78,0.027,20.0,0.032,160.0,99.26,0.16925,-0.19949,0.03359,0.00453,0.19049
186.08,ETH-27SEP19,1566039542741,open,0.34,2594.0,0.279,0.386,0.33324,95.39,0.31,0.0,ETH-27SEP19-240-P,185.36,0.0,0.285,25.0,0.386,25.0,139.45,0.20274,-0.23656,-0.22326,0.00548,-0.73811
187.55,ETH-27DEC19,1566039542741,open,2.22,0.0,2.111,2.325,2.213386,105.42,0.953,0.0,ETH-27DEC19-600-P,185.36,0.0,0.0,0.0,0.0,0.0,0.0,0.142,-0.05676,-2.13379,0.00106,-0.93555
187.55,ETH-27DEC19,1566039542741,open,2.64,0.0,2.524,2.758,2.635833,107.37,None,0.0,ETH-27DEC19-680-P,185.36,0.0,0.0,0.0,0.0,0.0,0.0,0.11097,-0.04518,-2.43177,0.00081,-0.95284
186.08,ETH-27SEP19,1566039542741,open,0.73,607.0,0.673,0.79,0.729517,100.43,0.761,0.0,ETH-27SEP19-320-P,185.36,0.0,0.674,25.0,0.799,25.0,181.92,0.08744,-0.10742,-0.34494,0.00225,-0.92579
186.08,ETH-27SEP19,1566039542741,open,0.0,839.0,0.001,0.011,0.000353,130.01,0.001,0.0,ETH-27SEP19-60-P,185.36,0.0,0.0,0.0,0.002,300.0,162.0,0.00467,-0.00743,-0.00058,9e-05,-0.00241
186.08,ETH-27SEP19,1566039542741,open,3.09,0.0,2.968,3.212,3.084844,146.5,None,0.0,ETH-27SEP19-760-P,185.36,0.0,0.0,0.0,0.0,0.0,0.0,0.00792,-0.01419,-0.85033,0.00014,-0.99567
185.58,SYN.ETH-30AUG19,1566039542738,open,0.06,0.0,0.025,0.085,0.055568,88.22,None,0.0,ETH-30AUG19-190-C,185.36,79.43,0.049,150.0,0.058,150.0,91.47,0.13881,-0.47552,0.02755,0.01295,0.47635
187.55,ETH-27DEC19,1566039542741,open,0.79,101.0,0.705,0.867,0.785963,100.72,0.513,0.0,ETH-27DEC19-320-P,185.36,79.03,0.746,125.0,0.845,15.0,127.88,0.38016,-0.14518,-1.01978,0.00297,-0.71897
185.58,SYN.ETH-30AUG19,1566039542739,open,0.08,769.0,0.048,0.115,0.08314,90.96,0.082,0.0,ETH-30AUG19-180-C,185.36,88.0,0.081,20.0,0.084,150.0,92.15,0.13429,-0.47434,0.03411,0.01215,0.60412
187.55,ETH-27DEC19,1566039542742,open,0.15,1825.0,0.094,0.196,0.147822,98.67,0.15,0.0,ETH-27DEC19-240-C,185.36,95.8,0.141,120.0,0.155,30.0,101.68,0.44656,-0.16706,0.20649,0.00356,0.45255
185.45,SYN.ETH-23AUG19,1566039542738,open,0.14,177.0,0.102,0.18,0.140816,89.79,0.15,0.0,ETH-23AUG19-210-P,185.36,0.0,0.0,0.0,0.0,0.0,0.0,0.05499,-0.42019,-0.02956,0.01106,-0.84947
185.58,SYN.ETH-30AUG19,1566039542741,open,0.12,1157.0,0.074,0.153,0.114004,87.78,0.115,0.0,ETH-30AUG19-200-P,185.36,83.46,0.111,150.0,0.121,150.0,97.68,0.12977,-0.44235,-0.04968,0.01217,-0.6449
185.58,SYN.ETH-30AUG19,1566039542741,open,0.51,0.0,0.465,0.559,0.509867,98.79,None,0.0,ETH-30AUG19-280-P,185.36,0.0,0.0,0.0,0.0,0.0,0.0,0.01457,-0.05589,-0.09774,0.00121,-0.98317
185.58,SYN.ETH-30AUG19,1566039542740,open,0.04,482.0,0.012,0.063,0.036574,88.19,0.032,0.0,ETH-30AUG19-200-C,185.36,78.69,0.03,200.0,0.038,200.0,90.22,0.1299,-0.44485,0.02091,0.01212,0.35604
185.45,SYN.ETH-23AUG19,1566039542739,open,0.0,21.0,0.001,0.011,0.00068,104.02,0.001,0.0,ETH-23AUG19-140-P,185.36,0.0,0.0,0.0,0.001,50.0,110.2,0.00841,-0.07446,-0.00044,0.00146,-0.01403
185.58,SYN.ETH-30AUG19,1566039542738,open,0.08,0.0,0.043,0.115,0.079127,87.85,None,0.0,ETH-30AUG19-190-P,185.36,83.67,0.076,150.0,0.086,150.0,97.03,0.1388,-0.47351,-0.03948,0.01301,-0.52403
185.45,SYN.ETH-23AUG19,1566039542739,open,0.02,413.0,0.003,0.041,0.018413,90.82,0.018,0.0,ETH-23AUG19-200-C,185.36,85.04,0.016,1.0,0.02,200.0,94.54,0.07852,-0.60683,0.00766,0.01561,0.27503
185.58,SYN.ETH-30AUG19,1566039542739,open,0.02,3212.0,0.004,0.038,0.017787,92.92,0.016,0.0,ETH-30AUG19-160-P,185.36,87.01,0.015,200.0,0.021,200.0,99.41,0.08964,-0.32345,-0.01258,0.00794,-0.17437
185.58,SYN.ETH-30AUG19,1566039542741,open,0.0,4133.0,0.001,0.011,8.1e-05,130.04,0.002,0.0,ETH-30AUG19-400-C,185.36,0.0,0.0,0.0,0.001,50.0,165.67,0.00144,-0.00729,8e-05,9e-05,0.00125
185.45,SYN.ETH-23AUG19,1566039542739,open,0.1,402.0,0.065,0.13,0.099408,95.56,0.094,0.0,ETH-23AUG19-170-C,185.36,80.39,0.094,100.0,0.099,50.0,94.47,0.06934,-0.5639,0.02037,0.01311,0.78178
187.55,ETH-27DEC19,1566039542745,open,2.85,0.0,2.73,2.975,2.847418,107.85,None,0.0,ETH-27DEC19-720-P,185.36,0.0,0.003,5.0,0.0,0.0,0.0,0.09712,-0.03971,-2.58001,0.00071,-0.96002
185.58,SYN.ETH-30AUG19,1566039542738,open,0.03,20.0,0.006,0.046,0.023197,88.17,0.024,0.0,ETH-30AUG19-210-C,185.36,79.26,0.018,200.0,0.024,200.0,89.5,0.11156,-0.38196,0.01507,0.01041,0.25341
185.45,SYN.ETH-23AUG19,1566039542740,open,0.06,180.0,0.026,0.094,0.059539,90.32,0.062,0.0,ETH-23AUG19-190-P,185.36,85.24,0.057,150.0,0.067,150.0,105.2,0.09276,-0.71298,-0.01853,0.01855,-0.56121
185.45,SYN.ETH-23AUG19,1566039542738,open,0.1,200.0,0.058,0.134,0.09656,90.14,0.102,0.0,ETH-23AUG19-200-P,185.36,86.4,0.095,50.0,0.104,50.0,107.17,0.07826,-0.60028,-0.02458,0.01568,-0.72678
186.07,ETH-27SEP19,1566039543260,open,0.0,5619.0,0.001,0.011,0.001981,128.52,0.003,0.0,ETH-27SEP19-520-C,185.36,118.75,0.001,500.0,0.003,40.0,135.51,0.02335,-0.03672,0.00268,0.00047,0.01483
186.08,ETH-27SEP19,1566039543291,open,0.0,2912.0,0.001,0.011,0.001992,111.2,0.002,0.0,ETH-27SEP19-440-C,185.36,102.32,0.001,302.0,0.003,200.0,117.47,0.02589,-0.03522,0.00307,0.0006,0.01673
186.08,ETH-27SEP19,1566039543514,open,0.0,5128.0,0.001,0.011,0.001938,119.92,0.002,0.0,ETH-27SEP19-480-C,185.36,110.94,0.001,300.0,0.003,200.0,126.95,0.02407,-0.0353,0.0028,0.00052,0.01536
10453.7,BTC-27SEP19,1566039543625,open,0.03,552.5,0.0085,0.0515,0.02690082,98.27,0.028,0.0,BTC-27SEP19-15000-C,10382.96,96.04,0.025,10.0,0.029,19.3,100.67,9.02645,-10.85072,1.73691,8e-05,0.17527
10674.53,BTC-27DEC19,1566039543625,open,0.43,63.0,0.403,0.464,0.43395437,92.26,0.4965,0.0,BTC-27DEC19-6500-C,10382.96,0.0,0.383,12.0,0.483,12.0,129.11,12.8834,-4.50656,17.17814,3e-05,0.87936
10674.53,BTC-27DEC19,1566039543625,open,0.03,160.2,0.0085,0.058,0.02849503,100.59,0.0245,0.0,BTC-27DEC19-26000-C,10382.96,98.48,0.026,6.0,0.0315,18.0,103.02,12.91001,-4.92369,3.56746,3e-05,0.12099
10453.7,BTC-27SEP19,1566039543625,open,0.0,586.8,0.0005,0.0105,8.883e-05,125.0,0.0005,0.0,BTC-27SEP19-3000-P,10382.96,0.0,0.0,0.0,0.001,8.0,161.5,0.08518,-0.13024,-0.00927,0.0,-0.0007
10674.53,BTC-27DEC19,1566039543625,open,0.13,426.7,0.0805,0.179,0.1306981,94.55,0.1275,0.0,BTC-27DEC19-14000-C,10382.96,92.55,0.126,4.0,0.136,12.0,96.8,25.1248,-9.00652,11.29116,6e-05,0.42346
10674.53,BTC-27DEC19,1566039543625,open,0.37,91.7,0.331,0.406,0.36971406,92.26,0.449,0.0,BTC-27DEC19-7500-C,10382.96,57.2,0.32,12.0,0.3945,12.0,107.61,16.86131,-5.89801,17.34998,4e-05,0.81958
10674.53,BTC-27DEC19,1566039543625,open,0.0,384.0,0.0005,0.012,0.00230674,102.75,0.0015,0.0,BTC-27DEC19-3000-P,10382.96,91.36,0.001,10.1,0.0035,16.0,109.85,1.56591,-0.61003,-0.43768,0.0,-0.00904
10674.53,BTC-27DEC19,1566039543625,open,0.81,0.0,0.804,0.8235,0.81399888,124.73,None,0.0,BTC-27DEC19-2000-C,10382.96,0.0,0.746,12.0,0.881,12.0,322.97,0.85229,-0.40306,6.99825,0.0,0.99545
10453.7,BTC-27SEP19,1566039543625,open,0.0,684.0,0.0005,0.011,0.00130599,124.96,0.0005,0.0,BTC-27SEP19-30000-C,10382.96,0.0,0.0,0.0,0.005,10.0,148.47,0.96408,-1.47365,0.10636,1e-05,0.01039
10674.53,BTC-27DEC19,1566039543625,open,1.11,4.9,1.0405,1.177,1.10581283,98.84,1.0385,0.0,BTC-27DEC19-22000-P,10382.96,0.0,1.026,5.0,1.1685,5.0,132.37,16.76298,-6.28214,-74.32172,4e-05,-0.82125
10674.53,BTC-27DEC19,1566039543625,open,0.0,100.7,0.0005,0.011,0.00136059,124.73,0.0005,0.0,BTC-27DEC19-2000-P,10382.96,0.0,0.0,0.0,0.025,10.0,222.37,0.85221,-0.40302,-0.22779,0.0,-0.00455
10674.53,BTC-27DEC19,1566039543625,open,0.09,420.3,0.0535,0.128,0.09021614,92.26,0.0875,0.0,BTC-27DEC19-8000-P,10382.96,88.11,0.083,9.9,0.0895,10.0,91.85,18.62663,-6.51558,-11.67959,5e-05,-0.21262
10674.53,BTC-27DEC19,1566039543626,open,0.03,271.6,0.0135,0.0535,0.03136872,92.26,0.03,0.0,BTC-27DEC19-6000-P,10382.96,88.34,0.0275,5.0,0.032,10.0,92.88,10.76603,-3.76593,-4.8377,3e-05,-0.09407
10453.7,BTC-27SEP19,1566039543626,open,0.0,492.7,0.0005,0.0105,1.57e-06,125.0,0.0005,0.0,BTC-27SEP19-2000-P,10382.96,0.0,0.0,0.0,0.001,50.0,212.42,0.00241,-0.00368,-0.0002,0.0,-2e-05
10674.53,BTC-27DEC19,1566039543625,open,0.29,168.0,0.2415,0.332,0.28892311,92.26,0.2575,0.0,BTC-27DEC19-9000-C,10382.96,87.35,0.279,17.0,0.3285,12.0,111.85,21.57186,-7.54574,16.65322,6e-05,0.72072
10674.53,BTC-27DEC19,1566039543626,open,2.76,0.0,2.6755,2.845,2.75537075,105.78,2.58,0.0,BTC-27DEC19-40000-P,10382.96,0.0,0.0005,3.0,0.0,0.0,0.0,5.44184,-2.18247,-143.32219,1e-05,-0.96078
10453.7,BTC-27SEP19,1566039543626,open,0.27,871.9,0.2365,0.2945,0.2661489,95.75,0.235,0.0,BTC-27SEP19-8000-C,10382.96,80.5,0.2545,5.0,0.29,5.4,122.97,8.50624,-9.96247,6.71988,7e-05,0.84016
10674.53,BTC-27DEC19,1566039543626,open,0.0,175.8,0.0005,0.0105,0.00037424,125.0,0.0005,0.0,BTC-27DEC19-1500-P,10382.96,0.0,0.0,0.0,0.002,4.1,154.58,0.29523,-0.13992,-0.06868,0.0,-0.00141
10453.7,BTC-27SEP19,1566039543626,open,0.0,401.3,0.0005,0.013,0.00314527,103.82,0.0025,0.0,BTC-27SEP19-5500-P,10382.96,96.28,0.002,58.0,0.004,24.0,108.42,1.80657,-2.2943,-0.28948,1e-05,-0.02158
10674.52,BTC-27DEC19,1566039543627,open,0.0,160.4,0.0005,0.013,0.00335923,96.54,0.002,0.0,BTC-27DEC19-3500-P,10382.96,85.29,0.0015,16.0,0.005,6.0,103.52,2.21748,-0.81162,-0.64979,1e-05,-0.01349
10674.52,BTC-27DEC19,1566039543627,open,0.0,1024.3,0.0005,0.0145,0.00396818,110.39,0.0045,0.0,BTC-27DEC19-52000-C,10382.96,106.73,0.003,1.0,0.005,12.0,113.66,3.10176,-1.2982,0.61687,1e-05,0.01996
10453.7,BTC-27SEP19,1566039543627,open,0.01,449.2,0.0005,0.0245,0.00950222,99.9,0.01,0.0,BTC-27SEP19-18000-C,10382.96,96.49,0.008,10.0,0.011,24.0,103.03,4.81958,-5.88977,0.73619,4e-05,0.07239
10453.7,BTC-27SEP19,1566039543627,open,0.92,0.0,0.877,0.9645,0.91810226,101.16,0.691,0.0,BTC-27SEP19-20000-P,10382.96,0.0,0.0045,10.0,1.375,0.2,499.83,3.03307,-3.75315,-21.98324,2e-05,-0.9597
10674.52,BTC-27DEC19,1566039543627,open,0.55,65.4,0.528,0.5655,0.54613442,92.26,0.608,0.0,BTC-27DEC19-5000-C,10382.96,0.0,0.492,12.0,0.6,12.0,153.36,6.61649,-2.31432,15.5764,2e-05,0.95001
10674.52,BTC-27DEC19,1566039543628,open,0.72,0.0,0.7115,0.731,0.72126216,102.74,None,0.0,BTC-27DEC19-3000-C,10382.96,0.0,0.658,12.0,0.785,12.0,236.83,1.56527,-0.60972,10.40164,0.0,0.99096
10453.7,BTC-27SEP19,1566039543628,open,0.34,748.2,0.322,0.3665,0.34387887,96.54,0.3625,0.0,BTC-27SEP19-7000-C,10382.96,0.0,0.299,5.0,0.369,5.0,136.71,5.21702,-6.16106,6.74073,4e-05,0.91967
10674.52,BTC-27DEC19,1566039543628,open,0.37,110.3,0.305,0.4285,0.36810406,93.2,0.365,0.0,BTC-27DEC19-13000-P,10382.96,90.02,0.3605,5.0,0.3655,0.1,92.11,25.53162,-9.02216,-34.58262,7e-05,-0.52858
10453.7,BTC-27SEP19,1566039543628,open,0.38,71.4,0.3325,0.423,0.37715993,97.48,0.2925,0.0,BTC-27SEP19-14000-P,10382.96,47.07,0.3415,9.0,0.424,4.0,138.43,10.67347,-12.72681,-13.40651,9e-05,-0.76802
10453.7,BTC-27SEP19,1566039543628,open,0.71,225.7,0.7035,0.723,0.713108,124.86,0.693,0.0,BTC-27SEP19-3000-C,10382.96,0.0,0.6505,10.0,0.7765,10.0,411.77,0.08436,-0.12885,3.35047,0.0,0.9993
10674.52,BTC-27DEC19,1566039543628,open,0.44,294.3,0.3775,0.5055,0.44223766,94.55,0.42,0.0,BTC-27DEC19-14000-P,10382.96,72.43,0.3915,5.0,0.4875,5.0,113.58,25.12486,-9.00676,-39.29125,6e-05,-0.57653
10453.7,BTC-27SEP19,1566039543628,open,0.06,436.0,0.0325,0.0925,0.06143134,95.72,0.059,0.0,BTC-27SEP19-9000-P,10382.96,93.49,0.059,27.5,0.0625,19.3,96.69,11.46127,-13.4191,-3.82301,0.0001,-0.26513
10453.7,BTC-27SEP19,1566039543628,open,0.01,494.1,0.0035,0.0285,0.01350593,96.56,0.013,0.0,BTC-27SEP19-7000-P,10382.96,92.4,0.0115,32.0,0.015,24.0,99.49,5.21828,-6.16352,-1.09884,4e-05,-0.08036
10405.23,SYN.BTC-30AUG19,1566039543627,open,0.0,328.4,0.0005,0.0125,0.00296786,105.22,0.0025,0.0,BTC-30AUG19-15000-C,10382.96,94.21,0.0015,40.0,0.004,0.1,111.06,1.68076,-6.86784,0.13557,4e-05,0.0399
10453.69,BTC-27SEP19,1566039543629,open,0.01,584.6,0.0005,0.015,0.00509336,100.11,0.0045,0.0,BTC-27SEP19-6000-P,10382.96,93.14,0.0035,8.0,0.0065,24.0,105.31,2.64058,-3.23346,-0.45786,2e-05,-0.03402
10674.52,BTC-27DEC19,1566039543630,open,0.02,249.3,0.005,0.029,0.01454219,92.26,0.0165,0.0,BTC-27DEC19-5000-P,10382.96,87.98,0.012,21.0,0.0165,17.0,95.33,6.61704,-2.31462,-2.48906,2e-05,-0.05
10674.52,BTC-27DEC19,1566039543630,open,2.39,1.3,2.309,2.466,2.3826948,102.89,2.2,0.0,BTC-27DEC19-36000-P,10382.96,0.0,0.0005,1.0,0.0,0.0,0.0,6.49142,-2.5322,-128.57925,2e-05,-0.95119
10393.13,SYN.BTC-23AUG19,1566039543625,open,0.28,0.0,0.264,0.295,0.27887919,113.97,None,0.0,BTC-23AUG19-7500-C,10382.96,0.0,0.0,0.0,0.0,0.0,0.0,0.34969,-3.39137,1.18985,2e-05,0.99006
10405.23,SYN.BTC-30AUG19,1566039543626,open,0.73,0.0,0.6965,0.7685,0.73062548,119.95,None,0.0,BTC-30AUG19-18000-P,10382.96,0.0,0.0,0.0,0.0,0.0,0.0,0.52853,-2.46191,-6.315,1e-05,-0.98983
10405.23,SYN.BTC-30AUG19,1566039543626,open,0.06,903.7,0.027,0.089,0.05733862,102.54,0.055,0.0,BTC-30AUG19-10000-P,10382.96,97.87,0.054,10.0,0.058,0.1,103.47,7.44772,-29.65715,-1.60936,0.00019,-0.38112
10405.23,SYN.BTC-30AUG19,1566039543625,open,0.08,3.8,0.046,0.1145,0.08053642,100.98,0.078,0.0,BTC-30AUG19-10500-P,10382.96,96.26,0.077,18.0,0.0845,22.0,106.28,7.7879,-30.53988,-2.06204,0.0002,-0.48125
10405.23,SYN.BTC-30AUG19,1566039543628,open,0.33,0.0,0.314,0.3475,0.32970665,116.23,None,0.0,BTC-30AUG19-7000-C,10382.96,0.0,0.0,0.0,0.0,0.0,0.0,1.22262,-5.51851,2.36079,3e-05,0.97288
10405.23,SYN.BTC-30AUG19,1566039543625,open,0.16,29.1,0.129,0.1875,0.15886899,103.54,0.133,0.0,BTC-30AUG19-9000-C,10382.96,0.0,0.13,5.0,0.1935,5.0,163.24,5.46352,-21.96698,2.35503,0.00014,0.80047
10405.23,SYN.BTC-30AUG19,1566039543625,open,0.0,1153.6,0.0005,0.012,0.00244249,116.21,0.0035,0.0,BTC-30AUG19-7000-P,10382.96,100.53,0.001,38.0,0.0035,30.0,124.29,1.22182,-5.51378,-0.10843,3e-05,-0.0271
10405.23,SYN.BTC-30AUG19,1566039543629,open,0.0,772.5,0.0005,0.0105,0.00073333,120.09,0.001,0.0,BTC-30AUG19-18000-C,10382.96,114.89,0.0005,1.0,0.001,1.6,124.75,0.53212,-2.48148,0.03492,1e-05,0.01025
10405.23,SYN.BTC-30AUG19,1566039543629,open,0.0,357.6,0.0005,0.011,0.00103696,114.26,0.001,0.0,BTC-30AUG19-17000-C,10382.96,0.0,0.0,0.0,0.002,30.0,125.19,0.72403,-3.2126,0.04986,2e-05,0.01462
10405.23,SYN.BTC-30AUG19,1566039543630,open,0.54,0.0,0.508,0.5755,0.53947099,110.49,0.403,0.0,BTC-30AUG19-16000-P,10382.96,0.0,0.0,0.0,0.0,0.0,0.0,1.12052,-4.80764,-5.56099,3e-05,-0.97556
187.56,ETH-27DEC19,1566039543746,open,0.03,1231.0,0.009,0.056,0.028507,104.36,0.027,0.0,ETH-27DEC19-480-C,185.36,102.2,0.026,100.0,0.031,50.0,106.41,0.22302,-0.08824,0.06073,0.00168,0.11812
185.59,SYN.ETH-30AUG19,1566039543746,open,0.73,0.0,0.675,0.78,0.72532,125.04,None,0.0,ETH-30AUG19-320-P,185.36,0.0,0.0,0.0,0.0,0.0,0.0,0.0123,-0.05972,-0.11205,0.00081,-0.98618
187.56,ETH-27DEC19,1566039543752,open,0.02,2261.0,0.003,0.032,0.013901,104.96,0.012,0.0,ETH-27DEC19-600-C,185.36,99.22,0.01,50.0,0.018,50.0,110.05,0.14003,-0.05573,0.03348,0.00105,0.0633
185.59,SYN.ETH-30AUG19,1566039543752,open,0.25,0.0,0.224,0.275,0.249705,96.59,None,0.0,ETH-30AUG19-140-C,185.36,0.0,0.0,0.0,0.0,0.0,0.0,0.03597,-0.13494,0.04584,0.00307,0.94996
187.56,ETH-27DEC19,1566039543757,open,1.39,0.0,1.294,1.477,1.382519,103.92,None,0.0,ETH-27DEC19-440-P,185.36,0.0,1.244,110.0,0.0,0.0,0.0,0.25844,-0.10183,-1.51543,0.00196,-0.85375
186.08,ETH-27SEP19,1566039543780,open,0.14,788.0,0.098,0.176,0.140244,94.23,0.14,0.0,ETH-27SEP19-180-C,185.36,89.39,0.134,110.0,0.145,120.0,97.91,0.23998,-0.2766,0.09658,0.00657,0.60373
186.08,ETH-27SEP19,1566039543782,open,0.02,2120.0,0.006,0.04,0.020068,97.64,0.02,0.0,ETH-27SEP19-280-C,185.36,93.34,0.017,110.0,0.022,200.0,100.2,0.13757,-0.16431,0.02467,0.00363,0.13848
185.59,SYN.ETH-30AUG19,1566039543784,open,0.3,382.0,0.257,0.342,0.298113,88.33,0.303,0.0,ETH-30AUG19-240-P,185.36,0.0,0.0,0.0,0.0,0.0,0.0,0.04742,-0.16264,-0.08032,0.00442,-0.9288
185.59,SYN.ETH-30AUG19,1566039543784,open,0.01,1039.0,0.001,0.016,0.004848,88.05,0.006,0.0,ETH-30AUG19-240-C,185.36,74.1,0.002,250.0,0.006,250.0,92.35,0.04706,-0.16093,0.0043,0.0044,0.07051
186.08,ETH-27SEP19,1566039543794,open,0.0,3439.0,0.001,0.011,0.000335,130.0,0.001,0.0,ETH-27SEP19-680-C,185.36,0.0,0.0,0.0,0.021,50.0,219.84,0.00549,-0.00873,0.00053,0.00011,0.00288
186.08,ETH-27SEP19,1566039543798,open,0.25,1944.0,0.195,0.297,0.247329,94.92,0.26,0.0,ETH-27SEP19-220-P,185.36,79.02,0.228,110.0,0.295,25.0,131.88,0.23213,-0.26953,-0.18568,0.00631,-0.64369
187.56,ETH-27DEC19,1566039543804,open,0.98,242.0,0.896,1.065,0.979863,101.85,0.889,0.0,ETH-27DEC19-360-P,185.36,70.62,0.935,125.0,1.058,15.0,139.77,0.33722,-0.13022,-1.18991,0.00261,-0.77605
186.08,ETH-27SEP19,1566039543804,open,0.0,5419.0,0.001,0.012,0.002489,104.1,0.004,0.0,ETH-27SEP19-400-C,185.36,92.71,0.001,315.0,0.004,200.0,111.53,0.03213,-0.04092,0.00397,0.0008,0.02156
187.56,ETH-27DEC19,1566039543804,open,0.43,781.0,0.354,0.496,0.427565,98.73,0.499,0.0,ETH-27DEC19-240-P,185.36,93.44,0.415,150.0,0.438,30.0,103.1,0.44661,-0.16718,-0.66059,0.00356,-0.54725
186.08,ETH-27SEP19,1566039543808,open,0.03,7947.0,0.01,0.048,0.02721,94.31,0.03,0.0,ETH-27SEP19-140-P,185.36,90.02,0.024,340.0,0.03,200.0,97.92,0.14175,-0.16353,-0.03583,0.00388,-0.14473
186.08,ETH-27SEP19,1566039543814,open,0.0,4762.0,0.001,0.012,0.002265,95.33,0.002,0.0,ETH-27SEP19-100-P,185.36,0.0,0.0,0.0,0.004,300.0,105.28,0.02703,-0.03152,-0.00414,0.00073,-0.01759
187.56,ETH-27DEC19,1566039543817,open,0.02,1842.0,0.004,0.038,0.017382,104.62,0.017,0.0,ETH-27DEC19-560-C,185.36,100.49,0.014,110.0,0.021,50.0,108.57,0.16296,-0.06464,0.04046,0.00123,0.07709
185.59,SYN.ETH-30AUG19,1566039543820,open,0.84,0.0,0.78,0.89,0.832823,131.96,None,0.0,ETH-30AUG19-340-P,185.36,0.0,0.0,0.0,0.0,0.0,0.0,0.00945,-0.04844,-0.11932,0.00059,-0.9898
186.08,ETH-27SEP19,1566039543822,open,1.59,0.0,1.505,1.664,1.581474,119.93,None,0.0,ETH-27SEP19-480-P,185.36,0.0,0.0,0.0,0.0,0.0,0.0,0.02408,-0.03533,-0.53474,0.00052,-0.98463
186.08,ETH-27SEP19,1566039543834,open,0.0,3419.0,0.001,0.011,0.000527,130.0,0.001,0.0,ETH-27SEP19-640-C,185.36,0.0,0.0,0.0,0.002,437.0,149.56,0.00799,-0.0127,0.0008,0.00016,0.00437
187.56,ETH-27DEC19,1566039543834,open,0.6,432.0,0.522,0.676,0.600349,99.66,0.382,0.0,ETH-27DEC19-280-P,185.36,90.87,0.581,120.0,0.652,15.0,122.03,0.42011,-0.15875,-0.84329,0.00332,-0.64406
185.59,SYN.ETH-30AUG19,1566039543834,open,0.0,970.0,0.001,0.014,0.004109,96.8,0.001,0.0,ETH-30AUG19-140-P,185.36,83.86,0.002,250.0,0.006,250.0,105.57,0.03616,-0.13594,-0.00357,0.00307,-0.05037
185.46,SYN.ETH-23AUG19,1566039543834,open,0.0,258.0,0.001,0.015,0.003827,90.82,0.005,0.0,ETH-23AUG19-220-C,185.36,86.03,0.003,1.0,0.005,250.0,96.79,0.03404,-0.26308,0.00219,0.00677,0.07717
187.56,ETH-27DEC19,1566039543840,open,0.08,1018.0,0.039,0.121,0.07958,100.63,0.086,0.0,ETH-27DEC19-320-C,185.36,97.85,0.074,140.0,0.085,40.0,103.28,0.37997,-0.14497,0.1363,0.00297,0.28071
186.08,ETH-27SEP19,1566039543840,open,0.0,2698.0,0.001,0.011,0.000216,130.0,0.001,0.0,ETH-27SEP19-720-C,185.36,0.0,0.0,0.0,0.001,221.0,149.49,0.00378,-0.00602,0.00035,8e-05,0.00191
187.56,ETH-27DEC19,1566039543842,open,0.11,497.0,0.059,0.153,0.107334,99.59,0.114,0.0,ETH-27DEC19-280-C,185.36,96.75,0.101,120.0,0.114,40.0,102.55,0.42001,-0.15859,0.1683,0.00332,0.35568
186.08,ETH-27SEP19,1566039543844,open,0.46,0.0,0.447,0.483,0.464862,95.33,None,0.0,ETH-27SEP19-100-C,185.36,0.0,0.003,10.0,0.0,0.0,0.0,0.02703,-0.03152,0.10785,0.00073,0.98241
187.56,ETH-27DEC19,1566039543846,open,0.01,1641.0,0.001,0.025,0.009748,106.71,0.007,0.0,ETH-27DEC19-680-C,185.36,101.45,0.007,110.0,0.013,50.0,111.85,0.10834,-0.04384,0.02442,0.0008,0.04578
185.59,SYN.ETH-30AUG19,1566039543846,open,0.0,1181.0,0.001,0.011,0.001459,103.35,0.002,0.0,ETH-30AUG19-280-C,185.36,0.0,0.0,0.0,0.003,60.0,115.74,0.01802,-0.0723,0.00132,0.00143,0.0216
186.08,ETH-27SEP19,1566039543849,open,0.28,191.0,0.241,0.305,0.274837,94.3,0.5,0.0,ETH-27SEP19-140-C,185.36,0.0,0.0,0.0,0.0,0.0,0.0,0.14174,-0.1635,0.12096,0.00388,0.85529
187.56,ETH-27DEC19,1566039543857,open,0.29,6.0,0.241,0.337,0.293221,96.83,0.303,0.0,ETH-27DEC19-160-C,185.36,85.47,0.27,10.0,0.334,30.0,116.82,0.38362,-0.14083,0.28491,0.00312,0.71365
187.56,ETH-27DEC19,1566039543859,open,0.01,1699.0,0.001,0.022,0.008034,107.05,0.009,0.0,ETH-27DEC19-720-C,185.36,100.06,0.005,131.0,0.011,50.0,112.38,0.09411,-0.0382,0.02062,0.00069,0.03847
186.08,ETH-27SEP19,1566039543859,open,0.05,2212.0,0.018,0.072,0.043644,95.55,0.042,0.0,ETH-27SEP19-240-C,185.36,92.17,0.04,150.0,0.047,160.0,98.6,0.20294,-0.23719,0.04559,0.00548,0.26241
186.08,ETH-27SEP19,1566039543863,open,2.66,0.0,2.548,2.768,2.654874,135.53,None,0.0,ETH-27SEP19-680-P,185.36,0.0,0.0,0.0,0.0,0.0,0.0,0.00781,-0.01295,-0.76074,0.00015,-0.99574
185.59,SYN.ETH-30AUG19,1566039543867,open,0.02,997.0,0.002,0.033,0.014171,88.05,0.012,0.0,ETH-30AUG19-220-C,185.36,78.79,0.01,200.0,0.015,200.0,89.76,0.0889,-0.30397,0.01034,0.00831,0.17209
185.46,SYN.ETH-23AUG19,1566039544001,open,0.19,6.0,0.153,0.23,0.190108,91.17,0.094,0.0,ETH-23AUG19-220-P,185.36,0.0,0.14,1.0,0.0,0.0,0.0,0.03433,-0.2663,-0.0332,0.0068,-0.92198
185.46,SYN.ETH-23AUG19,1566039544313,open,0.0,97.0,0.001,0.011,0.001317,102.53,0.002,0.0,ETH-23AUG19-240-C,185.36,0.0,0.0,0.0,0.002,250.0,109.92,0.01496,-0.13051,0.00079,0.00263,0.02764
185.46,SYN.ETH-23AUG19,1566039544419,open,0.3,0.0,0.257,0.338,0.295442,103.38,None,0.0,ETH-23AUG19-240-P,185.36,0.0,0.0,0.0,0.0,0.0,0.0,0.01545,-0.1359,-0.03782,0.0027,-0.97127
185.46,SYN.ETH-23AUG19,1566039544518,open,0.0,127.0,0.001,0.011,0.000751,106.63,0.002,0.0,ETH-23AUG19-250-C,185.36,0.0,0.0,0.0,0.001,10.0,111.03,0.00952,-0.08638,0.00046,0.00161,0.0162
185.46,SYN.ETH-23AUG19,1566039544627,open,0.35,0.0,0.309,0.392,0.348798,108.01,None,0.0,ETH-23AUG19-250-P,185.36,0.0,0.0,0.0,0.0,0.0,0.0,0.01012,-0.09304,-0.03975,0.00169,-0.98259
10393.13,SYN.BTC-23AUG19,1566039544670,open,0.23,0.0,0.215,0.25,0.23153015,107.67,None,0.0,BTC-23AUG19-8000-C,10382.96,0.0,0.0,0.0,0.0,0.0,0.0,0.73503,-6.73469,1.24617,4e-05,0.97637
10405.24,SYN.BTC-30AUG19,1566039544673,open,0.04,27.3,0.013,0.0655,0.03769117,100.99,0.033,0.0,BTC-30AUG19-11500-C,10382.96,96.28,0.0345,24.0,0.0405,34.0,105.08,7.1001,-27.84348,1.08267,0.00018,0.33265
10393.13,SYN.BTC-23AUG19,1566039544675,open,0.0,185.0,0.0005,0.0105,0.00050553,113.84,0.0005,0.0,BTC-23AUG19-7500-P,10382.96,0.0,0.0,0.0,0.001,6.5,125.42,0.3477,-3.36822,-0.01737,2e-05,-0.00988
10393.13,SYN.BTC-23AUG19,1566039544705,open,0.3,0.0,0.2735,0.3295,0.29987512,98.52,None,0.0,BTC-23AUG19-13500-P,10382.96,0.0,0.0,0.0,0.0,0.0,0.0,0.67043,-5.62082,-2.13933,4e-05,-0.97881
185.46,SYN.ETH-23AUG19,1566039544728,open,0.0,125.0,0.001,0.011,0.000467,111.38,0.002,0.0,ETH-23AUG19-260-C,185.36,0.0,0.0,0.0,0.001,47.0,123.08,0.00637,-0.06033,0.00029,0.00103,0.01017
187.56,ETH-27DEC19,1566039544739,open,3.07,0.0,2.936,3.195,3.059543,109.22,None,0.0,ETH-27DEC19-760-P,185.39,0.0,0.0,0.0,0.0,0.0,0.0,0.08852,-0.03666,-2.72681,0.00064,-0.96431
186.11,ETH-27SEP19,1566039544739,open,0.0,1897.0,0.001,0.013,0.003483,103.33,0.004,0.0,ETH-27SEP19-380-C,185.39,95.46,0.002,313.0,0.005,200.0,109.36,0.04153,-0.05249,0.00538,0.00104,0.02928
187.56,ETH-27DEC19,1566039544739,open,0.06,4457.0,0.03,0.088,0.057843,96.85,0.05,0.0,ETH-27DEC19-120-P,185.39,89.51,0.048,50.0,0.058,50.0,96.96,0.25692,-0.09434,-0.13744,0.00209,-0.14497
186.11,ETH-27SEP19,1566039544740,open,0.06,7857.0,0.03,0.091,0.059474,94.35,0.064,0.0,ETH-27SEP19-160-P,185.39,90.23,0.055,300.0,0.064,160.0,98.48,0.20289,-0.23416,-0.06704,0.00554,-0.26218
185.46,SYN.ETH-23AUG19,1566039544738,open,0.0,0.0,0.001,0.011,0.000769,129.82,None,0.0,ETH-23AUG19-270-C,185.39,0.0,0.0,0.0,0.002,50.0,149.0,0.00839,-0.09268,0.00039,0.00117,0.01398
185.46,SYN.ETH-23AUG19,1566039544738,open,0.41,0.0,0.362,0.447,0.402436,113.47,None,0.0,ETH-23AUG19-260-P,185.39,0.0,0.0,0.0,0.0,0.0,0.0,0.00706,-0.0682,-0.04153,0.00112,-0.98854
186.11,ETH-27SEP19,1566039544740,open,0.57,0.0,0.557,0.585,0.571083,110.76,None,0.0,ETH-27SEP19-80-C,185.39,0.0,0.003,10.0,0.0,0.0,0.0,0.01196,-0.0162,0.08796,0.00028,0.99312
187.56,ETH-27DEC19,1566039544740,open,0.06,407.0,0.026,0.098,0.06029,101.74,0.058,0.0,ETH-27DEC19-360-C,185.39,99.89,0.057,30.0,0.064,40.0,103.79,0.33686,-0.12995,0.11062,0.0026,0.22353
186.11,ETH-27SEP19,1566039544740,open,0.07,1411.0,0.032,0.097,0.065042,94.88,0.069,0.0,ETH-27SEP19-220-C,185.39,91.63,0.061,110.0,0.069,160.0,98.04,0.23219,-0.26949,0.06073,0.00631,0.3564
186.11,ETH-27SEP19,1566039544740,open,1.16,79.0,1.088,1.222,1.152102,106.01,0.351,0.0,ETH-27SEP19-400-P,185.39,0.0,1.084,25.0,1.225,25.0,216.1,0.03503,-0.04542,-0.44357,0.00085,-0.97612
186.11,ETH-27SEP19,1566039544740,open,0.01,9105.0,0.001,0.022,0.00974,95.13,0.011,0.0,ETH-27SEP19-120-P,185.39,90.68,0.008,141.0,0.012,225.0,100.39,0.07618,-0.08865,-0.01497,0.00206,-0.06207
186.11,ETH-27SEP19,1566039544740,open,0.1,1571.0,0.058,0.132,0.096569,94.67,0.1,0.0,ETH-27SEP19-200-C,185.39,90.49,0.091,110.0,0.1,120.0,97.25,0.24788,-0.28705,0.07837,0.00675,0.47258
187.56,ETH-27DEC19,1566039544740,open,0.42,0.0,0.379,0.452,0.418047,96.85,None,0.0,ETH-27DEC19-120-C,185.39,0.0,0.1,10.0,0.99,5.0,500.0,0.25692,-0.09434,0.29613,0.00209,0.85503
186.11,ETH-27SEP19,1566039544740,open,0.68,0.0,0.668,0.687,0.677911,127.82,0.01,0.0,ETH-27SEP19-60-C,185.39,0.0,0.003,10.0,0.0,0.0,0.0,0.00416,-0.0065,0.06669,8e-05,0.99788
185.59,SYN.ETH-30AUG19,1566039544738,open,0.01,1.0,0.001,0.023,0.008963,94.57,0.009,0.0,ETH-30AUG19-150-P,185.39,88.26,0.007,250.0,0.011,250.0,100.54,0.06072,-0.22301,-0.00707,0.00528,-0.09899
186.11,ETH-27SEP19,1566039544741,open,2.02,24.0,1.922,2.105,2.010798,134.71,1.356,0.0,ETH-27SEP19-560-P,185.39,0.0,0.0,0.0,0.0,0.0,0.0,0.02122,-0.03497,-0.62475,0.00041,-0.98673
187.59,ETH-27DEC19,1566039544741,open,0.01,1679.0,0.002,0.027,0.011133,105.15,0.01,0.0,ETH-27DEC19-640-C,185.39,97.75,0.007,50.0,0.015,50.0,110.66,0.12001,-0.04785,0.02771,0.0009,0.05202
186.11,ETH-27SEP19,1566039544741,open,0.94,233.0,0.88,1.004,0.939145,102.15,0.634,0.0,ETH-27SEP19-360-P,185.39,0.0,0.87,25.0,1.006,25.0,195.08,0.05289,-0.06609,-0.39597,0.00133,-0.96072
187.59,ETH-27DEC19,1566039544741,open,0.04,654.0,0.012,0.067,0.036365,103.74,0.032,0.0,ETH-27DEC19-440-C,185.39,101.99,0.034,60.0,0.039,50.0,105.63,0.25774,-0.10137,0.07405,0.00195,0.14562
187.59,ETH-27DEC19,1566039544741,open,1.18,16.0,1.093,1.269,1.178806,102.79,1.195,0.0,ETH-27DEC19-400-P,185.39,0.0,1.131,125.0,1.253,15.0,141.74,0.29554,-0.11518,-1.35495,0.00226,-0.82032
185.46,SYN.ETH-23AUG19,1566039544738,open,0.06,740.0,0.029,0.093,0.062649,93.18,0.064,0.0,ETH-23AUG19-180-C,185.39,85.59,0.059,20.0,0.064,150.0,95.98,0.08941,-0.70902,0.01671,0.01733,0.62249
185.46,SYN.ETH-23AUG19,1566039544738,open,0.04,443.0,0.009,0.063,0.03519,90.61,0.032,0.0,ETH-23AUG19-190-C,185.39,78.2,0.029,150.0,0.036,1.0,92.23,0.09279,-0.71546,0.01207,0.01849,0.43931
185.59,SYN.ETH-30AUG19,1566039544738,open,0.03,20.0,0.01,0.058,0.032058,91.68,0.031,0.0,ETH-30AUG19-170-P,185.39,85.15,0.028,200.0,0.036,200.0,97.91,0.11646,-0.41462,-0.02015,0.01046,-0.27574
187.59,ETH-27DEC19,1566039544742,open,1.8,37.0,1.699,1.898,1.794497,104.8,0.707,0.0,ETH-27DEC19-520-P,185.39,0.0,0.002,25.0,0.0,0.0,0.0,0.19235,-0.07643,-1.82882,0.00144,-0.9038
185.59,SYN.ETH-30AUG19,1566039544738,open,0.25,0.0,0.206,0.291,0.247727,88.07,None,0.0,ETH-30AUG19-230-P,185.39,0.0,0.0,0.0,0.0,0.0,0.0,0.06652,-0.22748,-0.07433,0.00622,-0.88771
185.46,SYN.ETH-23AUG19,1566039544738,open,0.14,0.0,0.113,0.173,0.144123,98.82,None,0.0,ETH-23AUG19-160-C,185.39,83.79,0.141,100.0,0.0,0.0,0.0,0.04349,-0.36568,0.02235,0.00795,0.89262
185.46,SYN.ETH-23AUG19,1566039544738,open,0.19,0.0,0.167,0.22,0.193758,102.71,None,0.0,ETH-23AUG19-150-C,185.39,0.0,0.0,0.0,0.0,0.0,0.0,0.02237,-0.19554,0.02272,0.00393,0.95483
185.59,SYN.ETH-30AUG19,1566039544740,open,0.0,873.0,0.001,0.011,0.000965,111.14,0.003,0.0,ETH-30AUG19-300-C,185.39,0.0,0.0,0.0,0.002,50.0,122.97,0.01246,-0.05379,0.00086,0.00092,0.01403
185.46,SYN.ETH-23AUG19,1566039544738,open,0.24,0.0,0.222,0.269,0.245778,103.21,None,0.0,ETH-23AUG19-140-C,185.39,0.0,0.0,0.0,0.0,0.0,0.0,0.00811,-0.07124,0.02212,0.00142,0.98655
185.46,SYN.ETH-23AUG19,1566039544738,open,0.01,473.0,0.001,0.022,0.006873,99.02,0.007,0.0,ETH-23AUG19-160-P,185.39,90.53,0.005,55.0,0.009,300.0,107.58,0.04361,-0.36743,-0.00342,0.00795,-0.10779
185.59,SYN.ETH-30AUG19,1566039544738,open,0.0,6.0,0.001,0.011,0.001545,97.92,0.001,0.0,ETH-30AUG19-130-P,185.39,0.0,0.0,0.0,0.003,50.0,110.16,0.0178,-0.06769,-0.0015,0.0015,-0.0213
185.59,SYN.ETH-30AUG19,1566039544738,open,0.2,0.0,0.171,0.229,0.200672,94.44,None,0.0,ETH-30AUG19-150-C,185.39,0.0,0.0,0.0,0.0,0.0,0.0,0.0606,-0.22224,0.04587,0.00528,0.90128
185.46,SYN.ETH-23AUG19,1566039544739,open,0.02,148.0,0.002,0.038,0.015895,95.1,0.014,0.0,ETH-23AUG19-170-P,185.39,87.15,0.013,200.0,0.018,201.0,100.66,0.06915,-0.55962,-0.00696,0.01313,-0.21715
185.46,SYN.ETH-23AUG19,1566039544739,open,0.57,0.0,0.519,0.612,0.563945,134.61,None,0.0,ETH-23AUG19-290-P,185.39,0.0,0.0,0.0,0.0,0.0,0.0,0.00381,-0.0436,-0.04652,0.00051,-0.99433
185.46,SYN.ETH-23AUG19,1566039544739,open,0.0,23.0,0.001,0.011,0.000408,129.99,0.002,0.0,ETH-23AUG19-280-C,185.39,0.0,0.0,0.0,0.002,60.0,160.63,0.00508,-0.05618,0.00022,0.00071,0.00786
185.59,SYN.ETH-30AUG19,1566039544738,open,0.16,0.0,0.113,0.196,0.154693,88.07,None,0.0,ETH-30AUG19-210-P,185.39,0.0,0.0,0.0,0.0,0.0,0.0,0.11151,-0.38137,-0.05902,0.01042,-0.7468
185.46,SYN.ETH-23AUG19,1566039544738,open,0.25,0.0,0.205,0.284,0.242506,98.21,None,0.0,ETH-23AUG19-230-P,185.39,0.0,0.0,0.0,0.0,0.0,0.0,0.02347,-0.19617,-0.03566,0.00432,-0.95204
185.59,SYN.ETH-30AUG19,1566039544739,open,0.62,0.0,0.57,0.669,0.61746,111.14,None,0.0,ETH-30AUG19-300-P,185.39,0.0,0.0,0.0,0.0,0.0,0.0,0.01246,-0.05379,-0.10497,0.00092,-0.98597
185.46,SYN.ETH-23AUG19,1566039544738,open,0.51,0.0,0.467,0.557,0.51022,132.77,None,0.0,ETH-23AUG19-280-P,185.39,0.0,0.0,0.0,0.0,0.0,0.0,0.00578,-0.0653,-0.04482,0.00079,-0.99089
185.46,SYN.ETH-23AUG19,1566039544738,open,0.01,559.0,0.001,0.026,0.008731,90.68,0.009,0.0,ETH-23AUG19-210-C,185.39,88.21,0.008,2.0,0.01,251.0,94.81,0.05567,-0.42956,0.00432,0.01109,0.1533
185.59,SYN.ETH-30AUG19,1566039544741,open,0.0,2280.0,0.001,0.011,0.000967,123.6,0.003,0.0,ETH-30AUG19-320-C,185.39,0.0,0.0,0.0,0.002,50.0,136.32,0.01155,-0.05544,0.00078,0.00077,0.01285
185.59,SYN.ETH-30AUG19,1566039544741,open,0.41,0.0,0.361,0.449,0.402945,92.09,0.218,0.0,ETH-30AUG19-260-P,185.39,0.0,0.0,0.0,0.0,0.0,0.0,0.02453,-0.08773,-0.0898,0.00219,-0.96875
185.59,SYN.ETH-30AUG19,1566039544740,open,0.2,597.0,0.158,0.242,0.199608,88.07,0.198,0.0,ETH-30AUG19-220-P,185.39,0.0,0.178,15.0,0.244,15.0,160.9,0.08892,-0.30409,-0.06726,0.00831,-0.82785
185.59,SYN.ETH-30AUG19,1566039544738,open,0.3,0.0,0.279,0.323,0.301027,97.52,None,0.0,ETH-30AUG19-130-C,185.39,0.0,0.0,0.0,0.0,0.0,0.0,0.01753,-0.0664,0.04439,0.00148,0.97908
185.46,SYN.ETH-23AUG19,1566039544739,open,0.0,3.0,0.001,0.011,0.000211,129.99,0.002,0.0,ETH-23AUG19-290-C,185.39,0.0,0.0,0.0,0.001,10.0,155.62,0.00297,-0.03286,0.00012,0.00041,0.00429
185.59,SYN.ETH-30AUG19,1566039544741,open,0.15,0.0,0.122,0.186,0.155698,93.02,None,0.0,ETH-30AUG19-160-C,185.39,0.0,0.0,0.0,0.0,0.0,0.0,0.0897,-0.32401,0.04385,0.00794,0.82548
185.59,SYN.ETH-30AUG19,1566039544738,open,0.12,400.0,0.08,0.148,0.115996,91.6,0.12,0.0,ETH-30AUG19-170-C,185.39,85.17,0.112,100.0,0.117,50.0,93.2,0.11644,-0.41418,0.03983,0.01046,0.72438
10405.26,SYN.BTC-30AUG19,1566039544832,open,0.31,0.0,0.274,0.342,0.30608686,101.84,None,0.0,BTC-30AUG19-13500-P,10382.96,0.0,0.0,0.0,0.0,0.0,0.0,3.49966,-13.83958,-4.41669,9e-05,-0.89719
10393.13,SYN.BTC-23AUG19,1566039544877,open,0.45,0.0,0.415,0.4765,0.44392722,124.95,None,0.0,BTC-23AUG19-15000-P,10382.96,0.0,0.0,0.0,0.0,0.0,0.0,0.4327,-4.60067,-2.39453,2e-05,-0.9873
10393.13,SYN.BTC-23AUG19,1566039544912,open,0.02,277.6,0.0055,0.049,0.02502083,93.67,0.028,0.0,BTC-23AUG19-11000-C,10382.96,93.62,0.025,0.2,0.026,0.4,95.78,4.8204,-38.42313,0.52354,0.0003,0.33794
10393.13,SYN.BTC-23AUG19,1566039545011,open,0.21,35.2,0.1795,0.2365,0.20619226,94.26,0.162,0.0,BTC-23AUG19-12500-P,10382.96,0.0,0.1665,4.0,0.245,4.0,210.53,1.75031,-14.04012,-1.90266,0.00011,-0.93104
10393.13,SYN.BTC-23AUG19,1566039545022,open,0.1,31.4,0.0735,0.127,0.1006562,93.64,0.098,0.0,BTC-23AUG19-9500-C,10382.96,86.13,0.098,0.1,0.1025,0.1,98.64,3.77179,-30.05395,1.15779,0.00023,0.79267
10405.26,SYN.BTC-30AUG19,1566039545059,open,0.12,9.1,0.092,0.156,0.12526709,103.13,0.1235,0.0,BTC-30AUG19-9500-C,10382.96,96.39,0.121,6.0,0.129,11.0,108.95,6.63977,-26.59151,2.16302,0.00017,0.71456
10405.26,SYN.BTC-30AUG19,1566039545065,open,0.28,0.0,0.2655,0.304,0.28373675,111.73,None,0.0,BTC-30AUG19-7500-C,10382.96,0.0,0.0,0.0,0.0,0.0,0.0,1.94892,-8.45566,2.45311,5e-05,0.95206
10393.13,SYN.BTC-23AUG19,1566039545223,open,0.0,205.9,0.0005,0.0105,0.00073847,106.18,0.001,0.0,BTC-23AUG19-14000-C,10382.96,100.86,0.0005,0.5,0.001,0.5,110.82,0.52831,-4.77362,0.02556,3e-05,0.01602
10393.13,SYN.BTC-23AUG19,1566039545276,open,0.0,75.2,0.0005,0.011,0.0012695,107.67,0.0015,0.0,BTC-23AUG19-8000-P,10382.96,103.58,0.001,2.0,0.0015,0.6,110.77,0.73499,-6.73426,-0.04165,4e-05,-0.02363
10393.13,SYN.BTC-23AUG19,1566039545351,open,0.0,12.2,0.0005,0.0105,0.00036359,125.0,0.001,0.0,BTC-23AUG19-15500-C,10382.96,0.0,0.0,0.0,0.0015,15.0,150.04,0.26747,-2.84507,0.01165,1e-05,0.00733
10393.13,SYN.BTC-23AUG19,1566039545357,open,0.08,160.5,0.0515,0.115,0.08341245,93.67,0.0825,0.0,BTC-23AUG19-11000-P,10382.96,87.34,0.0805,0.4,0.086,0.4,99.21,4.82041,-38.42376,-1.24722,0.0003,-0.66206
10393.13,SYN.BTC-23AUG19,1566039545437,open,0.0,117.1,0.0005,0.0115,0.0019829,98.0,0.002,0.0,BTC-23AUG19-13000-C,10382.96,98.16,0.002,49.0,0.0025,0.5,102.32,1.16234,-9.69355,0.0655,7e-05,0.04113
10393.13,SYN.BTC-23AUG19,1566039545479,open,0.02,365.6,0.002,0.0345,0.01472169,93.64,0.015,0.0,BTC-23AUG19-9500-P,10382.96,90.23,0.0135,24.4,0.016,0.4,97.12,3.77182,-30.05467,-0.37151,0.00023,-0.20733
10405.26,SYN.BTC-30AUG19,1566039545535,open,0.14,0.0,0.1055,0.18,0.1429046,100.99,None,0.0,BTC-30AUG19-11500-P,10382.96,78.28,0.128,4.0,0.1545,4.0,117.66,7.1002,-27.84476,-2.97402,0.00018,-0.66734
10674.58,BTC-27DEC19,1566039545624,open,3.13,0.0,3.0425,3.224,3.12837591,107.84,3.46,0.0,BTC-27DEC19-44000-P,10383.03,0.0,0.0,0.0,0.0,0.0,0.0,4.53151,-1.85279,-158.01131,1e-05,-0.96862
10674.58,BTC-27DEC19,1566039545624,open,0.21,592.5,0.1545,0.2545,0.20683373,92.26,0.1955,0.0,BTC-27DEC19-11000-C,10383.03,90.19,0.202,5.0,0.214,15.6,95.33,24.96816,-8.73363,14.71145,7e-05,0.58828
10674.58,BTC-27DEC19,1566039545624,open,2.02,0.3,1.9435,2.093,2.01337488,102.78,1.875,0.0,BTC-27DEC19-32000-P,10383.03,0.0,0.0,0.0,0.0,0.0,0.0,8.71256,-3.39521,-113.47912,2e-05,-0.92897
10674.58,BTC-27DEC19,1566039545624,open,0.02,142.8,0.006,0.05,0.0231599,101.44,0.0195,0.0,BTC-27DEC19-28000-C,10383.03,98.85,0.0205,6.0,0.0255,18.0,103.59,11.32956,-4.35719,2.99596,3e-05,0.10084
10453.79,BTC-27SEP19,1566039545624,open,0.67,261.1,0.656,0.6755,0.66552081,124.87,0.714,0.0,BTC-27SEP19-3500-C,10383.03,0.0,0.605,10.0,0.702,10.0,298.24,0.25635,-0.39155,3.88828,0.0,0.99765
10674.58,BTC-27DEC19,1566039545624,open,0.24,503.3,0.1935,0.2905,0.24455181,92.26,0.2445,0.0,BTC-27DEC19-10000-C,10383.03,89.31,0.238,5.0,0.25,12.0,94.72,23.67652,-8.28182,15.77506,6e-05,0.65358
10674.58,BTC-27DEC19,1566039545624,open,0.52,206.6,0.4525,0.583,0.51808452,95.17,0.454,0.0,BTC-27DEC19-15000-P,10383.03,70.5,0.4645,5.0,0.5655,5.0,115.46,24.4069,-8.80695,-43.93946,6e-05,-0.6212
10674.58,BTC-27DEC19,1566039545624,open,3.88,0.8,3.7765,3.9835,3.87538171,110.48,3.59,0.0,BTC-27DEC19-52000-P,10383.03,0.0,0.001,1.0,0.0,0.0,0.0,3.11661,-1.30553,-187.25754,1e-05,-0.97992
10674.58,BTC-27DEC19,1566039545624,open,1.29,0.0,1.2185,1.3565,1.28380458,99.7,None,0.0,BTC-27DEC19-24000-P,10383.03,0.0,0.006,1.0,2.054,0.2,500.0,14.71576,-5.56294,-82.43646,4e-05,-0.85365
10453.79,BTC-27SEP19,1566039545624,open,0.0,143.5,0.0005,0.011,0.00122812,109.89,0.0015,0.0,BTC-27SEP19-26000-C,10383.03,107.34,0.001,1.0,0.0015,0.9,112.52,1.00529,-1.35131,0.11326,1e-05,0.0109
10453.79,BTC-27SEP19,1566039545624,open,0.0,422.0,0.0005,0.0105,0.00033081,125.0,0.0005,0.0,BTC-27SEP19-3500-P,10383.03,0.0,0.0,0.0,0.001,30.0,142.44,0.25817,-0.39475,-0.03156,0.0,-0.00236
10674.58,BTC-27DEC19,1566039545624,open,0.68,4.0,0.6655,0.686,0.67547548,96.53,0.666,0.0,BTC-27DEC19-3500-C,10383.03,0.0,0.615,12.0,0.738,12.0,209.39,2.21669,-0.81126,11.99612,1e-05,0.98652
10453.79,BTC-27SEP19,1566039545624,open,0.04,258.6,0.0145,0.066,0.03791681,97.47,0.0345,0.0,BTC-27SEP19-14000-C,10383.03,95.08,0.0355,10.0,0.041,19.3,100.46,10.67327,-12.7258,2.27177,9e-05,0.23197
10453.79,BTC-27SEP19,1566039545624,open,0.62,227.5,0.6085,0.628,0.61821238,123.36,0.7065,0.0,BTC-27SEP19-4000-C,10383.03,0.0,0.56,10.0,0.6685,10.0,298.35,0.5637,-0.85064,4.40348,0.0,0.99435
10453.79,BTC-27SEP19,1566039545624,open,0.02,452.0,0.005,0.04,0.01896805,98.82,0.02,0.0,BTC-27SEP19-16000-C,10383.03,96.72,0.0175,10.0,0.021,24.0,101.61,7.44002,-8.99367,1.31161,6e-05,0.131
10453.79,BTC-27SEP19,1566039545624,open,0.0,1070.7,0.0005,0.011,0.00130835,122.98,0.0005,0.0,BTC-27SEP19-4250-P,10383.03,108.79,0.0005,8.0,0.002,8.0,130.83,0.79721,-1.19928,-0.11321,1e-05,-0.00836
10674.65,BTC-27DEC19,1566039545625,open,0.06,255.3,0.029,0.087,0.0565312,92.26,0.056,0.0,BTC-27DEC19-7000-P,10383.03,87.89,0.0505,11.0,0.056,10.0,91.88,14.9334,-5.22372,-7.94986,4e-05,-0.1496
10453.79,BTC-27SEP19,1566039545625,open,1.49,0.0,1.4385,1.5425,1.48838816,110.14,None,0.0,BTC-27SEP19-26000-P,10383.03,0.0,0.0,0.0,0.0,0.0,0.0,1.01906,-1.37288,-29.00194,1e-05,-0.98893
10674.65,BTC-27DEC19,1566039545625,open,0.13,505.1,0.087,0.1765,0.13205135,92.26,0.1255,0.0,BTC-27DEC19-9000-P,10383.03,88.28,0.124,9.9,0.127,10.0,89.76,21.57185,-7.54591,-15.86398,6e-05,-0.27928
10674.65,BTC-27DEC19,1566039545625,open,0.0,208.8,0.0005,0.0125,0.00274042,120.12,0.0015,0.0,BTC-27DEC19-2500-P,10383.03,95.68,0.0005,12.2,0.0215,10.0,184.35,1.53811,-0.70049,-0.44735,0.0,-0.00886
10453.79,BTC-27SEP19,1566039545625,open,0.81,28.2,0.799,0.8185,0.80868157,0.0,0.755,0.0,BTC-27SEP19-2000-C,10383.03,0.0,0.7415,10.0,0.8765,10.0,500.0,0.0,0.0,2.23976,0.0,1.0
10453.79,BTC-27SEP19,1566039545625,open,0.52,789.2,0.5125,0.5365,0.5237606,109.53,0.5015,0.0,BTC-27SEP19-5000-C,10383.03,0.0,0.47,10.0,0.5785,10.0,249.66,1.25363,-1.67961,5.41065,1e-05,0.98593
10453.79,BTC-27SEP19,1566039545625,open,0.0,373.7,0.0005,0.011,0.00129876,115.62,0.001,0.0,BTC-27SEP19-4500-P,10383.03,102.3,0.0005,16.3,0.002,24.0,123.17,0.8376,-1.18457,-0.11877,1e-05,-0.00885
10674.65,BTC-27DEC19,1566039545625,open,0.01,394.8,0.0005,0.0275,0.01015912,102.85,0.0105,0.0,BTC-27DEC19-36000-C,10383.03,100.87,0.009,10.0,0.0115,0.2,104.98,6.48421,-2.52862,1.48803,2e-05,0.04874
10405.26,SYN.BTC-30AUG19,1566039545624,open,0.0,701.2,0.0005,0.0105,0.00052154,123.66,0.001,0.0,BTC-30AUG19-6000-P,10383.03,0.0,0.0,0.0,0.001,15.0,134.74,0.35429,-1.70136,-0.02559,1e-05,-0.00645
10405.26,SYN.BTC-30AUG19,1566039545624,open,0.2,0.0,0.1715,0.2235,0.1976387,106.09,None,0.0,BTC-30AUG19-8500-C,10383.03,0.0,0.0,0.0,0.0,0.0,0.0,4.18897,-17.25713,2.45876,0.0001,0.8675
10674.65,BTC-27DEC19,1566039545626,open,0.07,377.4,0.034,0.1145,0.07218537,95.78,0.069,0.0,BTC-27DEC19-18000-C,10383.03,94.92,0.0705,4.9,0.074,2.0,96.69,21.12531,-7.67141,7.54137,5e-05,0.26772
10453.79,BTC-27SEP19,1566039545626,open,0.0,761.0,0.0005,0.0105,0.00082516,124.96,0.0005,0.0,BTC-27SEP19-32000-C,10383.03,0.0,0.0,0.0,0.002,12.0,137.93,0.6668,-1.01924,0.07026,0.0,0.00683
10674.65,BTC-27DEC19,1566039545625,open,0.4,51.5,0.366,0.434,0.40076401,92.25,0.377,0.0,BTC-27DEC19-7000-C,10383.03,46.2,0.3505,12.0,0.4475,12.0,123.74,14.93294,-5.22323,17.34195,4e-05,0.85041
10453.79,BTC-27SEP19,1566039545625,open,0.55,34.4,0.5075,0.5955,0.54952807,98.84,0.396,0.0,BTC-27SEP19-16000-P,10383.03,0.0,0.005,1.0,1.0395,0.2,499.84,7.44254,-8.99859,-16.60592,6e-05,-0.86893
10453.79,BTC-27SEP19,1566039545625,open,0.0,491.3,0.0005,0.0125,0.00269954,102.92,0.004,0.0,BTC-27SEP19-22000-C,10383.03,95.13,0.0015,45.0,0.004,24.0,109.07,1.93411,-2.435,0.24234,2e-05,0.0234
10674.65,BTC-27DEC19,1566039545625,open,0.24,219.5,0.1805,0.2915,0.23732503,92.26,0.2335,0.0,BTC-27DEC19-11000-P,10383.03,89.13,0.23,9.9,0.2415,5.0,94.05,24.96817,-8.73404,-25.03189,7e-05,-0.41171
10453.79,BTC-27SEP19,1566039545625,open,0.55,13.5,0.537,0.5585,0.54717067,111.59,0.382,0.0,BTC-27SEP19-4750-C,10383.03,0.0,0.4925,10.0,0.603,10.0,264.51,0.99291,-1.35526,5.17545,1e-05,0.98925
10674.65,BTC-27DEC19,1566039545626,open,0.04,205.9,0.02,0.069,0.04288009,92.26,0.0515,0.0,BTC-27DEC19-6500-P,10383.03,88.15,0.038,6.0,0.043,10.0,92.36,12.88336,-4.5066,-6.30653,3e-05,-0.12064
10453.79,BTC-27SEP19,1566039545626,open,0.73,1.0,0.6905,0.777,0.73138132,99.94,0.575,0.0,BTC-27SEP19-18000-P,10383.03,0.0,0.0045,0.3,1.206,0.3,499.88,4.8239,-5.89698,-19.42088,4e-05,-0.92753
10393.13,SYN.BTC-23AUG19,1566039545624,open,0.04,253.5,0.016,0.0695,0.04264077,93.63,0.044,0.0,BTC-23AUG19-10500-C,10383.03,94.34,0.043,5.3,0.044,0.4,96.31,5.25878,-41.89767,0.74736,0.00032,0.48934
10405.26,SYN.BTC-30AUG19,1566039545625,open,0.45,0.0,0.414,0.4795,0.44455022,105.24,None,0.0,BTC-30AUG19-15000-P,10383.03,0.0,0.0,0.0,0.0,0.0,0.0,1.68183,-6.87345,-5.15571,4e-05,-0.96007
10453.79,BTC-27SEP19,1566039545625,open,1.11,0.2,1.064,1.1555,1.10721957,103.03,1.391,0.0,BTC-27SEP19-22000-P,10383.03,0.0,0.0045,10.0,0.0,0.0,0.0,1.94357,-2.4495,-24.39371,2e-05,-0.97646
10393.13,SYN.BTC-23AUG19,1566039545624,open,0.01,271.4,0.0015,0.0335,0.0136954,93.67,0.0175,0.0,BTC-23AUG19-11500-C,10383.03,89.0,0.012,24.4,0.0145,0.4,95.83,3.84406,-30.64084,0.33537,0.00024,0.21415
10393.13,SYN.BTC-23AUG19,1566039545625,open,0.0,100.7,0.0005,0.0105,0.00093997,98.52,0.0035,0.0,BTC-23AUG19-13500-C,10383.03,90.25,0.0005,11.5,0.0015,0.5,105.95,0.67052,-5.62171,0.03388,4e-05,0.02119
10453.79,BTC-27SEP19,1566039545626,open,0.0,125.2,0.0005,0.0105,0.00052304,123.65,0.0005,0.0,BTC-27SEP19-3750-P,10383.03,0.0,0.0,0.0,0.001,2.0,133.95,0.38017,-0.57503,-0.04865,0.0,-0.00363
10674.65,BTC-27DEC19,1566039545627,open,0.3,103.7,0.24,0.358,0.30037759,92.8,0.3,0.0,BTC-27DEC19-12000-P,10383.03,89.51,0.2925,8.6,0.3055,5.0,94.94,25.5366,-8.98501,-29.8066,7e-05,-0.47246
10674.65,BTC-27DEC19,1566039545627,open,0.59,6.5,0.573,0.604,0.58777534,93.04,0.575,0.0,BTC-27DEC19-4500-C,10383.03,0.0,0.5315,12.0,0.6465,12.0,170.0,4.84813,-1.71015,14.58505,1e-05,0.96594
10453.79,BTC-27SEP19,1566039545626,open,0.0,406.8,0.0005,0.0105,1.608e-05,125.0,0.0005,0.0,BTC-27SEP19-2500-P,10383.03,0.0,0.0,0.0,0.001,20.0,184.24,0.01926,-0.02944,-0.00185,0.0,-0.00014
10453.79,BTC-27SEP19,1566039545626,open,0.07,621.7,0.0415,0.1095,0.0754766,96.05,0.0705,0.0,BTC-27SEP19-12000-C,10383.03,93.35,0.072,10.0,0.0795,19.3,99.17,13.46242,-15.81721,3.7311,0.00011,0.39418
10453.79,BTC-27SEP19,1566039545626,open,0.16,275.0,0.1145,0.199,0.15736868,95.0,0.157,0.0,BTC-27SEP19-11000-P,10383.03,91.73,0.153,5.0,0.162,18.4,98.47,13.95628,-16.21826,-7.70162,0.00012,-0.5005
10393.13,SYN.BTC-23AUG19,1566039545624,open,0.49,0.0,0.4625,0.5245,0.49173359,125.03,None,0.0,BTC-23AUG19-15500-P,10383.03,0.0,0.0,0.0,0.0,0.0,0.0,0.26791,-2.85045,-2.48349,1e-05,-0.99266
10393.13,SYN.BTC-23AUG19,1566039545624,open,0.12,27.9,0.0895,0.152,0.12019573,93.67,0.1125,0.0,BTC-23AUG19-11500-P,10383.03,0.0,0.085,4.0,0.157,4.0,177.49,3.84411,-30.64178,-1.51587,0.00024,-0.78585
10453.79,BTC-27SEP19,1566039545627,open,0.3,43.0,0.2515,0.343,0.29727132,96.86,0.2965,0.0,BTC-27SEP19-13000-P,10383.03,70.25,0.2685,9.0,0.34,4.0,131.39,12.25182,-14.51666,-11.61789,0.0001,-0.69512
10674.65,BTC-27DEC19,1566039545627,open,0.63,27.7,0.6195,0.6445,0.63116709,94.9,0.6705,0.0,BTC-27DEC19-4000-C,10383.03,0.0,0.573,12.0,0.6605,12.0,148.58,3.42302,-1.23163,13.36005,1e-05,0.97757
10453.79,BTC-27SEP19,1566039545627,open,2.06,0.0,2.0015,2.1245,2.06194521,125.41,None,0.0,BTC-27SEP19-32000-P,10383.03,0.0,0.0,0.0,0.0,0.0,0.0,0.68413,-1.04952,-35.76395,0.0,-0.99297
10453.79,BTC-27SEP19,1566039545627,open,0.0,419.5,0.0005,0.0105,0.00085238,123.43,0.001,0.0,BTC-27SEP19-4000-P,10383.03,0.0,0.0,0.0,0.001,21.0,126.01,0.56537,-0.85361,-0.07631,0.0,-0.00567
10674.65,BTC-27DEC19,1566039545627,open,0.02,296.9,0.0045,0.0435,0.01890812,102.11,0.02,0.0,BTC-27DEC19-30000-C,10383.03,99.43,0.0165,10.0,0.0215,18.0,104.8,9.92381,-3.84206,2.5225,2e-05,0.08431
10674.65,BTC-27DEC19,1566039545627,open,0.01,346.2,0.0005,0.0235,0.00810884,105.73,0.009,0.0,BTC-27DEC19-40000-C,10383.03,102.34,0.0065,4.0,0.01,18.0,109.2,5.43158,-2.17736,1.19654,1e-05,0.03913
10453.79,BTC-27SEP19,1566039545627,open,0.64,0.0,0.632,0.6515,0.64179838,123.57,None,0.0,BTC-27SEP19-3750-C,10383.03,0.0,0.5825,10.0,0.684,10.0,295.96,0.37857,-0.57222,4.15114,0.0,0.99638
10674.65,BTC-27DEC19,1566039545627,open,0.0,282.7,0.0005,0.016,0.00471295,108.31,0.0045,0.0,BTC-27DEC19-48000-C,10383.03,104.32,0.0035,1.0,0.006,12.0,111.84,3.57905,-1.46974,0.7303,1e-05,0.02365
10453.79,BTC-27SEP19,1566039545627,open,0.05,286.3,0.0245,0.085,0.0536913,96.85,0.0515,0.0,BTC-27SEP19-13000-C,10383.03,94.55,0.051,10.0,0.057,19.3,99.66,12.25127,-14.51449,2.94036,0.0001,0.30485
10674.65,BTC-27DEC19,1566039545627,open,0.02,159.2,0.0035,0.0375,0.01558201,102.76,0.0135,0.0,BTC-27DEC19-32000-C,10383.03,100.1,0.0135,10.0,0.018,18.0,105.6,8.70728,-3.39246,2.13641,2e-05,0.07098
10405.26,SYN.BTC-30AUG19,1566039545624,open,0.01,0.0,0.0005,0.0245,0.00866257,101.83,None,0.0,BTC-30AUG19-13500-C,10383.03,98.25,0.0075,30.0,0.0095,0.1,104.26,3.49909,-13.83615,0.34548,9e-05,0.10279
10674.65,BTC-27DEC19,1566039545628,open,0.07,209.7,0.04,0.1065,0.07232077,92.26,0.08,0.0,BTC-27DEC19-7500-P,10383.03,88.23,0.066,4.9,0.072,14.9,92.06,16.86128,-5.8981,-9.74771,4e-05,-0.18042
10393.13,SYN.BTC-23AUG19,1566039545624,open,0.14,33.0,0.118,0.164,0.14046199,95.24,0.153,0.0,BTC-23AUG19-9000-C,10383.03,0.0,0.112,5.0,0.179,5.0,207.84,2.40424,-19.48586,1.26174,0.00015,0.89461
10405.26,SYN.BTC-30AUG19,1566039545627,open,0.18,56.3,0.1435,0.217,0.17983023,100.99,0.182,0.0,BTC-30AUG19-12000-P,10383.03,86.54,0.1715,7.9,0.1995,4.0,131.52,6.28329,-24.6413,-3.39239,0.00016,-0.74439
10405.26,SYN.BTC-30AUG19,1566039545624,open,0.01,13.8,0.003,0.033,0.0145354,106.09,0.0155,0.0,BTC-30AUG19-8500-P,10383.03,102.2,0.013,30.0,0.016,8.0,109.67,4.18916,-17.25862,-0.53973,0.0001,-0.13251
10674.65,BTC-27DEC19,1566039545628,open,0.93,5.7,0.865,1.0,0.93017833,97.47,0.661,0.0,BTC-27DEC19-20000-P,10383.03,0.0,0.8605,5.0,0.989,5.0,126.91,18.90177,-6.98492,-66.03287,5e-05,-0.78194
10453.86,BTC-27SEP19,1566039545628,open,1.87,0.0,1.814,1.93,1.87110606,125.46,None,0.0,BTC-27SEP19-30000-P,10383.03,0.0,0.0,0.0,0.0,0.0,0.0,0.98861,-1.51718,-33.48709,1e-05,-0.98931
10405.26,SYN.BTC-30AUG19,1566039545624,open,0.04,16.9,0.014,0.066,0.03826943,103.13,0.0395,0.0,BTC-30AUG19-9500-P,10383.03,98.77,0.0355,24.0,0.0405,8.0,106.62,6.63982,-26.59257,-1.18822,0.00017,-0.28545
10674.65,BTC-27DEC19,1566039545628,open,0.34,204.5,0.2985,0.3795,0.34076605,92.26,0.4065,0.0,BTC-27DEC19-8000-C,10383.03,80.76,0.321,12.0,0.383,12.0,116.05,18.62637,-6.51517,17.22533,5e-05,0.78739
10453.86,BTC-27SEP19,1566039545628,open,0.86,42.8,0.847,0.8665,0.85651005,0.0,0.815,0.0,BTC-27SEP19-1500-C,10383.03,0.0,0.787,10.0,0.926,10.0,500.0,0.0,0.0,1.67982,0.0,1.0
10453.86,BTC-27SEP19,1566039545628,open,0.0,428.2,0.0005,0.0115,0.00191134,123.61,0.0005,0.0,BTC-27SEP19-28000-C,10383.03,106.64,0.0005,10.1,0.006,53.6,144.74,1.31086,-1.98203,0.15108,1e-05,0.01482
10453.86,BTC-27SEP19,1566039545628,open,0.43,713.5,0.416,0.448,0.43113289,100.07,0.362,0.0,BTC-27SEP19-6000-C,10383.03,0.0,0.39,5.0,0.443,5.0,133.2,2.63779,-3.22887,6.26206,2e-05,0.96603
10453.86,BTC-27SEP19,1566039545628,open,0.46,29.7,0.4185,0.508,0.46180132,98.3,0.335,0.0,BTC-27SEP19-15000-P,10383.03,0.0,0.4105,4.0,0.5075,4.0,142.35,9.02968,-10.85735,-15.06047,8e-05,-0.82464
10674.65,BTC-27DEC19,1566039545629,open,0.47,122.9,0.443,0.496,0.46928175,92.25,0.469,0.0,BTC-27DEC19-6000-C,10383.03,74.66,0.4535,12.0,0.5145,12.0,131.09,10.76514,-3.76537,16.8412,3e-05,0.90595
10393.13,SYN.BTC-23AUG19,1566039545624,open,0.35,0.0,0.321,0.378,0.34778235,106.2,None,0.0,BTC-23AUG19-14000-P,10383.03,0.0,0.0,0.0,0.0,0.0,0.0,0.52867,-4.77752,-2.22811,3e-05,-0.98397
10453.86,BTC-27SEP19,1566039545629,open,0.48,221.9,0.464,0.4915,0.47701511,103.77,0.4675,0.0,BTC-27SEP19-5500-C,10383.03,93.2,0.4755,10.0,0.53,5.0,223.19,1.80359,-2.28946,5.87047,1e-05,0.97846
10674.65,BTC-27DEC19,1566039545629,open,0.76,12.4,0.693,0.826,0.75844386,95.79,0.559,0.0,BTC-27DEC19-18000-P,10383.03,57.08,0.6985,5.0,0.8145,5.0,122.02,21.127,-7.67286,-57.49237,5e-05,-0.73224
10453.86,BTC-27SEP19,1566039545629,open,0.69,0.0,0.6795,0.699,0.68928342,124.65,None,0.0,BTC-27SEP19-3250-C,10383.03,0.0,0.628,10.0,0.7515,10.0,383.99,0.15078,-0.22992,3.62226,0.0,0.99869
10405.26,SYN.BTC-30AUG19,1566039545624,open,0.01,412.5,0.002,0.031,0.01250918,100.99,0.0125,0.0,BTC-30AUG19-13000-C,10383.03,97.29,0.011,30.0,0.0125,2.1,100.96,4.35609,-17.08268,0.46905,0.00011,0.1403
10393.13,SYN.BTC-23AUG19,1566039545624,open,0.01,229.6,0.0005,0.0225,0.00717025,94.26,0.0075,0.0,BTC-23AUG19-12000-C,10383.03,95.5,0.0075,14.7,0.008,2.5,97.34,2.73971,-21.97567,0.19993,0.00017,0.12667
10674.65,BTC-27DEC19,1566039545629,open,1.47,0.0,1.398,1.5385,1.46420171,100.61,None,0.0,BTC-27DEC19-26000-P,10383.03,0.0,0.0045,10.0,2.2345,0.2,500.0,12.91674,-4.92741,-90.36911,3e-05,-0.87892
10393.13,SYN.BTC-23AUG19,1566039545624,open,0.18,8.8,0.166,0.2055,0.18483582,99.41,0.1455,0.0,BTC-23AUG19-8500-C,10383.03,0.0,0.1455,5.0,0.2245,5.0,241.54,1.33235,-11.27095,1.28229,8e-05,0.95127
10674.65,BTC-27DEC19,1566039545629,open,0.1,211.7,0.053,0.144,0.0978804,95.78,0.092,0.0,BTC-27DEC19-16000-C,10383.03,93.55,0.093,4.9,0.103,16.9,98.09,23.48427,-8.52803,9.30029,6e-05,0.33902
10405.26,SYN.BTC-30AUG19,1566039545627,open,0.11,108.7,0.0725,0.1455,0.10959624,100.99,0.112,0.0,BTC-30AUG19-11000-P,10383.03,96.08,0.106,0.1,0.1135,4.0,106.29,7.64487,-29.98037,-2.52592,0.0002,-0.57856
10405.26,SYN.BTC-30AUG19,1566039545624,open,0.01,205.0,0.0005,0.0195,0.00626426,103.75,0.006,0.0,BTC-30AUG19-14000-C,10383.03,96.68,0.0045,40.6,0.0075,30.0,108.09,2.82272,-11.37219,0.25968,7e-05,0.07701
10453.86,BTC-27SEP19,1566039545630,open,0.0,1660.1,0.0005,0.0105,5e-08,125.0,0.0005,0.0,BTC-27SEP19-1500-P,10383.03,0.0,0.0,0.0,0.0005,20.0,229.36,0.00011,-0.00017,-1e-05,0.0,0.0
10453.86,BTC-27SEP19,1566039545630,open,1.3,0.2,1.251,1.3485,1.29756902,106.42,1.6,0.0,BTC-27SEP19-24000-P,10383.03,0.0,0.0,0.0,0.0,0.0,0.0,1.36699,-1.77946,-26.71572,1e-05,-0.98444
10393.13,SYN.BTC-23AUG19,1566039545624,open,0.05,177.8,0.0235,0.0825,0.05292381,93.63,0.048,0.0,BTC-23AUG19-10500-P,10383.03,87.85,0.05,0.4,0.053,0.1,93.78,5.25878,-41.89828,-0.94291,0.00032,-0.51066
10674.65,BTC-27DEC19,1566039545630,open,0.11,430.2,0.0655,0.1605,0.11286911,95.17,0.1095,0.0,BTC-27DEC19-15000-C,10383.03,93.03,0.108,4.9,0.1185,16.9,97.62,24.40685,-8.80654,10.256,6e-05,0.37879
10453.86,BTC-27SEP19,1566039545630,open,1.68,0.0,1.626,1.736,1.68039137,123.95,None,0.0,BTC-27SEP19-28000-P,10383.03,0.0,0.0,0.0,0.0,0.0,0.0,1.33151,-2.01887,-31.20295,1e-05,-0.98491
10453.86,BTC-27SEP19,1566039545630,open,0.1,366.6,0.0655,0.14,0.10273457,94.76,0.101,0.0,BTC-27SEP19-10000-P,10383.03,91.05,0.098,24.3,0.106,27.4,97.32,13.34815,-15.47232,-5.68245,0.00012,-0.38265
10405.26,SYN.BTC-30AUG19,1566039545628,open,0.26,17.1,0.2285,0.298,0.26188069,100.99,0.2385,0.0,BTC-30AUG19-13000-P,10383.03,0.0,0.0,0.0,0.0,0.0,0.0,4.35649,-17.0854,-4.11675,0.00011,-0.85968
10453.86,BTC-27SEP19,1566039545631,open,0.0,287.3,0.0005,0.0115,0.00172899,106.13,0.003,0.0,BTC-27SEP19-24000-C,10383.03,99.36,0.001,21.0,0.0025,24.0,111.38,1.34706,-1.74877,0.1588,1e-05,0.01529
10453.86,BTC-27SEP19,1566039545630,open,0.2,366.1,0.1645,0.2335,0.20049002,95.71,0.17,0.0,BTC-27SEP19-9000-C,10383.03,86.5,0.1905,10.0,0.2295,5.0,121.66,11.46088,-13.41733,6.25634,0.0001,0.7349
10674.65,BTC-27DEC19,1566039545630,open,1.83,0.2,1.761,1.907,1.82933894,102.15,2.03,0.0,BTC-27DEC19-30000-P,10383.03,0.0,0.005,1.0,0.0,0.0,0.0,9.9336,-3.84724,-105.86552,2e-05,-0.91558
10405.26,SYN.BTC-30AUG19,1566039545629,open,0.35,13.0,0.3205,0.3875,0.35174133,103.76,0.2895,0.0,BTC-30AUG19-14000-P,10383.03,0.0,0.0,0.0,0.0,0.0,0.0,2.82345,-11.37637,-4.67886,7e-05,-0.92296
10393.13,SYN.BTC-23AUG19,1566039545624,open,0.0,79.0,0.0005,0.0125,0.00268388,99.41,0.002,0.0,BTC-23AUG19-8500-P,10383.03,93.65,0.002,1.1,0.003,0.1,101.81,1.33247,-11.27236,-0.08603,8e-05,-0.04874
10393.13,SYN.BTC-23AUG19,1566039545624,open,0.26,0.0,0.2265,0.2825,0.25280935,98.01,None,0.0,BTC-23AUG19-13000-P,10383.03,0.0,0.0,0.0,0.0,0.0,0.0,1.16258,-9.69615,-2.0272,7e-05,-0.95886
10405.26,SYN.BTC-30AUG19,1566039545624,open,0.07,16.7,0.039,0.1025,0.07143101,100.98,0.07,0.0,BTC-30AUG19-10500-C,10383.03,96.4,0.068,18.0,0.075,10.1,105.75,7.78791,-30.54049,1.64194,0.0002,0.51876
10393.13,SYN.BTC-23AUG19,1566039545624,open,0.07,231.9,0.038,0.0955,0.06780377,93.63,0.068,0.0,BTC-23AUG19-10000-C,10383.03,86.57,0.0645,0.4,0.0685,10.0,95.11,4.88674,-38.93407,0.97324,0.0003,0.64951
10405.26,SYN.BTC-30AUG19,1566039545624,open,0.01,56.1,0.0005,0.015,0.00452807,111.74,0.0035,0.0,BTC-30AUG19-7500-P,10383.03,102.68,0.003,30.0,0.0055,38.0,116.66,1.9493,-8.45802,-0.19263,5e-05,-0.04795
10405.26,SYN.BTC-30AUG19,1566039545625,open,0.01,1373.9,0.0005,0.0225,0.00845345,109.1,0.0075,0.0,BTC-30AUG19-8000-P,10383.03,103.83,0.007,10.0,0.01,38.0,114.29,2.98679,-12.65448,-0.33563,7e-05,-0.08299
10393.13,SYN.BTC-23AUG19,1566039545625,open,0.0,113.4,0.0005,0.0105,0.00076084,117.11,0.0015,0.0,BTC-23AUG19-14500-C,10383.03,0.0,0.0,0.0,0.0015,5.0,129.11,0.50296,-5.01243,0.02403,2e-05,0.01513
10405.26,SYN.BTC-30AUG19,1566039545624,open,0.02,50.3,0.0035,0.04,0.01838292,100.99,0.017,0.0,BTC-30AUG19-12500-C,10383.03,97.24,0.0165,24.0,0.02,2.0,104.1,5.32978,-20.90096,0.63561,0.00014,0.19155
10393.13,SYN.BTC-23AUG19,1566039545624,open,0.0,93.0,0.0005,0.0105,0.0001946,125.0,0.0005,0.0,BTC-23AUG19-16000-C,10383.03,0.0,0.0,0.0,0.001,5.0,151.06,0.16083,-1.71072,0.00659,1e-05,0.00413
186.11,ETH-27SEP19,1566039545658,open,0.63,852.0,0.571,0.686,0.626518,100.45,0.694,0.0,ETH-27SEP19-300-P,185.39,0.0,0.591,26.0,0.691,25.0,170.01,0.11344,-0.13939,-0.31712,0.00291,-0.89476
10453.79,BTC-27SEP19,1566039545666,open,0.03,583.2,0.0125,0.0545,0.03143046,95.75,0.029,0.0,BTC-27SEP19-8000-P,10383.03,93.98,0.03,15.0,0.0325,19.3,97.06,8.50637,-9.96313,-2.23924,7e-05,-0.15984
187.59,ETH-27DEC19,1566039545739,open,0.02,1212.0,0.006,0.046,0.022051,104.37,0.019,0.0,ETH-27DEC19-520-C,185.41,101.24,0.019,109.0,0.026,50.0,108.09,0.19034,-0.07532,0.04933,0.00143,0.09484
186.11,ETH-27SEP19,1566039545739,open,0.01,1938.0,0.001,0.017,0.006464,100.25,0.007,0.0,ETH-27SEP19-340-C,185.41,95.8,0.005,110.0,0.008,200.0,104.32,0.06597,-0.08089,0.00943,0.0017,0.0517
186.11,ETH-27SEP19,1566039545739,open,0.0,2952.0,0.001,0.014,0.004494,101.03,0.005,0.0,ETH-27SEP19-360-C,185.41,94.86,0.003,160.0,0.007,200.0,109.01,0.05075,-0.06273,0.00685,0.0013,0.03735
187.59,ETH-27DEC19,1566039545739,open,1.59,21.0,1.496,1.686,1.587698,104.69,0.629,0.0,ETH-27DEC19-480-P,185.41,0.0,0.001,12.0,0.0,0.0,0.0,0.22468,-0.08918,-1.67298,0.00169,-0.88067
186.11,ETH-27SEP19,1566039545739,open,0.0,2060.0,0.001,0.011,0.001004,111.79,0.003,0.0,ETH-27SEP19-80-P,185.41,0.0,0.0,0.0,0.002,10.0,123.36,0.01254,-0.01715,-0.00172,0.00029,-0.00726
186.11,ETH-27SEP19,1566039545739,open,1.8,12.0,1.713,1.883,1.79603,128.52,1.193,0.0,ETH-27SEP19-520-P,185.41,0.0,0.0,0.0,0.0,0.0,0.0,0.02339,-0.03677,-0.57966,0.00047,-0.98514
187.61,ETH-27DEC19,1566039545739,open,2.01,0.0,1.905,2.111,2.0031,105.52,0.845,0.0,ETH-27DEC19-560-P,185.41,0.0,0.0,0.0,0.0,0.0,0.0,0.16717,-0.06688,-1.9816,0.00125,-0.9203
186.11,ETH-27SEP19,1566039545739,open,0.43,1239.0,0.372,0.482,0.426385,96.38,0.4,0.0,ETH-27SEP19-260-P,185.41,0.0,0.375,25.0,0.476,25.0,142.4,0.16939,-0.1997,-0.25755,0.00453,-0.80931
187.61,ETH-27DEC19,1566039545739,open,2.64,0.0,2.523,2.759,2.635259,108.33,None,0.0,ETH-27DEC19-680-P,185.41,0.0,0.0,0.0,0.0,0.0,0.0,0.11493,-0.0472,-2.43074,0.00083,-0.95074
187.61,ETH-27DEC19,1566039545739,open,2.43,0.0,2.316,2.541,2.423374,106.53,None,0.0,ETH-27DEC19-640-P,185.41,0.0,0.0,0.0,0.0,0.0,0.0,0.12586,-0.05084,-2.28307,0.00093,-0.94477
186.11,ETH-27SEP19,1566039545739,open,1.37,0.0,1.296,1.443,1.366188,111.21,None,0.0,ETH-27SEP19-440-P,185.41,0.0,0.0,0.0,0.0,0.0,0.0,0.02593,-0.03528,-0.48967,0.0006,-0.98324
187.61,ETH-27DEC19,1566039545740,open,0.27,2226.0,0.206,0.33,0.271156,96.93,0.28,0.0,ETH-27DEC19-200-P,185.41,92.63,0.261,30.0,0.282,30.0,101.53,0.44253,-0.16263,-0.4739,0.00359,-0.42797
187.61,ETH-27DEC19,1566039545740,open,3.07,0.0,2.936,3.195,3.059543,111.39,None,0.0,ETH-27DEC19-760-P,185.41,0.0,0.0,0.0,0.0,0.0,0.0,0.09653,-0.04077,-2.72483,0.00068,-0.96033
186.13,ETH-27SEP19,1566039545741,open,1.05,259.0,0.983,1.113,1.04529,104.3,0.94,0.0,ETH-27SEP19-380-P,185.41,0.0,0.973,25.0,1.115,25.0,205.61,0.04322,-0.05514,-0.41993,0.00107,-0.96928
185.62,SYN.ETH-30AUG19,1566039545739,open,1.16,0.0,1.093,1.222,1.155406,151.06,None,0.0,ETH-30AUG19-400-P,185.41,0.0,0.0,0.0,0.0,0.0,0.0,0.00519,-0.03046,-0.14079,0.00028,-0.99483
185.62,SYN.ETH-30AUG19,1566039545739,open,0.0,325.0,0.001,0.011,0.001984,92.06,0.001,0.0,ETH-30AUG19-260-C,185.41,82.97,0.001,35.0,0.003,250.0,98.8,0.02454,-0.08773,0.00192,0.00219,0.03126
185.62,SYN.ETH-30AUG19,1566039545740,open,0.0,4065.0,0.001,0.011,0.000698,129.91,0.001,0.0,ETH-30AUG19-340-C,185.41,0.0,0.0,0.0,0.002,50.0,148.58,0.00861,-0.04345,0.00055,0.00055,0.00917
185.62,SYN.ETH-30AUG19,1566039545739,open,0.0,3916.0,0.001,0.011,0.000343,129.97,0.001,0.0,ETH-30AUG19-360-C,185.41,0.0,0.0,0.0,0.001,50.0,146.3,0.00484,-0.02443,0.00029,0.00031,0.00478
185.62,SYN.ETH-30AUG19,1566039545741,open,0.95,0.0,0.884,1.001,0.940136,139.29,None,0.0,ETH-30AUG19-360-P,185.41,0.0,0.0,0.0,0.0,0.0,0.0,0.00778,-0.0421,-0.1265,0.00046,-0.99183
185.49,SYN.ETH-23AUG19,1566039545739,open,0.03,413.0,0.009,0.062,0.033221,93.38,0.033,0.0,ETH-23AUG19-180-P,185.41,84.6,0.029,200.0,0.038,200.0,103.27,0.0894,-0.71045,-0.01225,0.01728,-0.37715
185.49,SYN.ETH-23AUG19,1566039545739,open,0.0,1020.0,0.001,0.012,0.00237,98.15,0.002,0.0,ETH-23AUG19-230-C,185.41,95.08,0.002,449.0,0.003,260.0,102.79,0.02349,-0.19617,0.00136,0.00432,0.04798
185.62,SYN.ETH-30AUG19,1566039545739,open,0.06,863.0,0.023,0.085,0.052924,90.87,0.063,0.0,ETH-30AUG19-180-P,185.41,84.05,0.048,150.0,0.058,150.0,97.88,0.13427,-0.47378,-0.02935,0.01216,-0.39536
186.13,ETH-27SEP19,1566039545749,open,0.63,852.0,0.571,0.686,0.626518,100.32,0.694,0.0,ETH-27SEP19-300-P,185.41,0.0,0.591,25.0,0.691,25.0,170.14,0.1132,-0.1389,-0.31717,0.00291,-0.89508
186.11,ETH-27SEP19,1566039545949,open,0.0,5619.0,0.001,0.011,0.001984,128.52,0.003,0.0,ETH-27SEP19-520-C,185.41,118.73,0.001,640.0,0.003,40.0,135.49,0.02339,-0.03677,0.00268,0.00047,0.01486
186.13,ETH-27SEP19,1566039546125,open,0.0,2912.0,0.001,0.011,0.001994,111.2,0.002,0.0,ETH-27SEP19-440-C,185.41,102.29,0.001,442.0,0.003,200.0,117.45,0.02594,-0.03528,0.00308,0.0006,0.01676
186.11,ETH-27SEP19,1566039546197,open,0.02,3742.0,0.004,0.032,0.014568,100.05,0.015,0.0,ETH-27SEP19-300-C,185.41,99.1,0.014,150.0,0.016,200.0,102.36,0.11253,-0.13771,0.01866,0.0029,0.10408
186.11,ETH-27SEP19,1566039546213,open,0.0,5128.0,0.001,0.011,0.00194,119.93,0.002,0.0,ETH-27SEP19-480-C,185.41,110.92,0.001,440.0,0.003,200.0,126.93,0.02411,-0.03536,0.0028,0.00052,0.01539
185.49,SYN.ETH-23AUG19,1566039546365,open,0.1,402.0,0.065,0.13,0.099371,94.77,0.094,0.0,ETH-23AUG19-170-C,185.41,79.92,0.094,100.0,0.1,50.0,96.75,0.06897,-0.55617,0.02044,0.01314,0.78393
185.62,SYN.ETH-30AUG19,1566039546371,open,0.02,3212.0,0.004,0.038,0.017797,93.09,0.016,0.0,ETH-30AUG19-160-P,185.41,87.09,0.015,200.0,0.02,200.0,97.51,0.08968,-0.32417,-0.01259,0.00793,-0.17442
185.49,SYN.ETH-23AUG19,1566039546382,open,0.1,200.0,0.058,0.134,0.096604,90.97,0.102,0.0,ETH-23AUG19-200-P,185.41,84.41,0.094,50.0,0.104,50.0,107.55,0.07868,-0.60907,-0.02451,0.01561,-0.72396
187.59,ETH-27DEC19,1566039546388,open,0.15,1886.0,0.097,0.193,0.146256,96.88,0.155,0.0,ETH-27DEC19-160-P,185.41,91.83,0.136,40.0,0.151,40.0,99.17,0.38362,-0.14091,-0.29319,0.00311,-0.28626
186.13,ETH-27SEP19,1566039546406,open,0.1,1571.0,0.058,0.132,0.09667,94.69,0.1,0.0,ETH-27SEP19-200-C,185.41,90.46,0.091,110.0,0.101,120.0,97.97,0.24791,-0.28714,0.0784,0.00675,0.47274
185.62,SYN.ETH-30AUG19,1566039546412,open,0.12,400.0,0.08,0.148,0.116127,91.5,0.12,0.0,ETH-30AUG19-170-C,185.41,85.01,0.112,100.0,0.118,50.0,94.63,0.11636,-0.41342,0.03987,0.01046,0.72486
185.62,SYN.ETH-30AUG19,1566039546423,open,0.08,769.0,0.048,0.115,0.083112,90.65,0.082,0.0,ETH-30AUG19-180-C,185.41,87.85,0.081,20.0,0.085,150.0,93.38,0.13426,-0.47263,0.03416,0.01219,0.60473
185.62,SYN.ETH-30AUG19,1566039546428,open,0.12,1157.0,0.074,0.153,0.114045,88.24,0.115,0.0,ETH-30AUG19-200-P,185.41,82.25,0.11,150.0,0.121,150.0,97.9,0.13,-0.44548,-0.0496,0.01212,-0.64336
10405.34,SYN.BTC-30AUG19,1566039546531,open,0.0,451.1,0.0005,0.0115,0.00178902,110.54,0.002,0.0,BTC-30AUG19-16000-C,10383.03,101.81,0.001,0.1,0.0025,3.0,116.44,1.12303,-4.82083,0.08336,3e-05,0.0245
10674.67,BTC-27DEC19,1566039546625,open,0.02,103.1,0.0085,0.04,0.02195212,92.26,0.023,0.0,BTC-27DEC19-5500-P,10383.28,87.85,0.0185,21.0,0.023,10.0,93.54,8.65003,-3.02576,-3.56062,2e-05,-0.07037
10453.9,BTC-27SEP19,1566039546625,open,0.0,49.2,0.0005,0.0105,0.00017841,125.0,0.0015,0.0,BTC-27SEP19-3250-P,10383.28,0.0,0.0,0.0,0.0015,8.0,160.12,0.15407,-0.23558,-0.01778,0.0,-0.00134
10674.67,BTC-27DEC19,1566039546625,open,0.01,217.0,0.0005,0.02,0.00641087,107.78,0.004,0.0,BTC-27DEC19-44000-C,10383.28,104.18,0.005,0.1,0.008,18.0,111.27,4.52091,-1.84752,0.95959,1e-05,0.03129
10453.9,BTC-27SEP19,1566039546625,open,0.22,91.6,0.178,0.2675,0.22338876,96.06,0.2205,0.0,BTC-27SEP19-12000-P,10383.28,77.13,0.1995,9.0,0.2635,4.0,126.66,13.46288,-15.81927,-9.70723,0.00011,-0.60578
10674.67,BTC-27DEC19,1566039546625,open,0.04,340.6,0.012,0.068,0.03546063,99.7,0.0365,0.0,BTC-27DEC19-24000-C,10383.28,97.88,0.033,6.0,0.0385,18.0,101.86,14.7137,-5.56164,4.27558,4e-05,0.14632
10674.67,BTC-27DEC19,1566039546625,open,0.15,268.1,0.099,0.199,0.15024618,93.2,0.134,0.0,BTC-27DEC19-13000-C,10383.28,91.63,0.1465,3.6,0.158,15.6,96.44,25.53197,-9.02192,12.38714,7e-05,0.47142
10674.67,BTC-27DEC19,1566039546625,open,0.77,0.0,0.759,0.7785,0.76853922,120.1,None,0.0,BTC-27DEC19-2500-C,10383.28,0.0,0.702,12.0,0.833,12.0,273.31,1.53744,-0.7001,8.58548,0.0,0.99115
10674.67,BTC-27DEC19,1566039546625,open,0.6,24.3,0.5305,0.663,0.5967698,95.78,0.7285,0.0,BTC-27DEC19-16000-P,10383.28,68.11,0.541,5.0,0.6465,5.0,117.59,23.48496,-8.52883,-48.50781,6e-05,-0.66095
10453.9,BTC-27SEP19,1566039546625,open,0.57,289.7,0.561,0.5805,0.57083276,115.56,0.588,0.0,BTC-27SEP19-4500-C,10383.28,0.0,0.5145,10.0,0.628,10.0,281.28,0.83562,-1.18119,4.92103,1e-05,0.99118
10674.67,BTC-27DEC19,1566039546625,open,0.06,603.9,0.0235,0.096,0.05655874,97.45,0.057,0.0,BTC-27DEC19-20000-C,10383.28,96.0,0.054,4.9,0.0595,12.5,99.1,18.89928,-6.9831,6.22669,5e-05,0.21801
10674.67,BTC-27DEC19,1566039546625,open,0.86,0.1,0.85,0.8695,0.85985438,124.99,0.84,0.0,BTC-27DEC19-1500-C,10383.28,0.0,0.7905,12.0,0.8995,12.0,310.4,0.29506,-0.13983,5.35092,0.0,0.99859
10674.67,BTC-27DEC19,1566039546625,open,1.65,0.1,1.579,1.722,1.64621432,101.46,1.49,0.0,BTC-27DEC19-28000-P,10383.28,0.0,0.0045,1.0,0.0,0.0,0.0,11.3354,-4.36033,-98.16709,3e-05,-0.89909
10674.67,BTC-27DEC19,1566039546625,open,0.01,532.8,0.0005,0.02,0.00933969,93.05,0.009,0.0,BTC-27DEC19-4500-P,10383.28,88.77,0.0075,15.0,0.011,10.0,96.55,4.84941,-1.7108,-1.67421,1e-05,-0.03407
10674.67,BTC-27DEC19,1566039546625,open,0.01,333.6,0.0005,0.0155,0.005891,94.91,0.008,0.0,BTC-27DEC19-4000-P,10383.28,88.37,0.004,15.0,0.0075,6.0,99.6,3.42443,-1.23232,-1.09267,1e-05,-0.02244
10453.9,BTC-27SEP19,1566039546626,open,0.76,55.9,0.751,0.7705,0.76086836,123.54,0.689,0.0,BTC-27SEP19-2500-C,10383.28,0.0,0.696,10.0,0.8265,10.0,478.62,0.01676,-0.02533,2.79811,0.0,0.99988
10674.92,BTC-27DEC19,1566039546626,open,0.05,246.9,0.0165,0.081,0.0448354,98.84,0.0435,0.0,BTC-27DEC19-22000-C,10383.28,97.01,0.042,4.9,0.0475,12.0,100.52,16.7643,-6.28258,5.16553,4e-05,0.17877
10453.9,BTC-27SEP19,1566039546626,open,0.01,667.5,0.0005,0.0155,0.00489727,101.13,0.0045,0.0,BTC-27SEP19-20000-C,10383.28,97.85,0.004,15.0,0.006,1.0,104.71,3.03061,-3.74915,0.414,2e-05,0.04026
10453.9,BTC-27SEP19,1566039546627,open,0.59,9.2,0.585,0.6045,0.59475713,122.93,0.574,0.0,BTC-27SEP19-4250-C,10383.28,0.0,0.5375,10.0,0.6525,10.0,298.26,0.79545,-1.19608,4.64659,1e-05,0.99166
10393.21,SYN.BTC-23AUG19,1566039546625,open,0.0,252.2,0.0005,0.0145,0.00347465,94.26,0.0045,0.0,BTC-23AUG19-12500-C,10383.28,87.96,0.0025,10.5,0.004,0.6,97.26,1.75022,-14.03849,0.10956,0.00011,0.06896
10453.9,BTC-27SEP19,1566039546627,open,0.1,517.4,0.0675,0.1405,0.10511508,95.0,0.107,0.0,BTC-27SEP19-11000-C,10383.28,92.66,0.102,10.0,0.108,5.0,97.16,13.95643,-16.21743,4.61724,0.00012,0.49951
10674.92,BTC-27DEC19,1566039546628,open,0.51,73.3,0.4845,0.53,0.50670936,92.24,0.4875,0.0,BTC-27DEC19-5500-C,10383.28,0.0,0.4705,12.0,0.561,12.0,145.0,8.64746,-3.02429,16.31274,2e-05,0.92966
10454.15,BTC-27SEP19,1566039546628,open,0.0,330.4,0.0005,0.0115,0.00155504,111.63,0.0015,0.0,BTC-27SEP19-4750-P,10383.28,96.17,0.0005,21.0,0.0025,24.0,120.1,0.99445,-1.35789,-0.14426,1e-05,-0.01077
10393.21,SYN.BTC-23AUG19,1566039546625,open,0.01,146.3,0.0005,0.0205,0.00641872,95.25,0.0075,0.0,BTC-23AUG19-9000-P,10383.28,91.15,0.0055,30.5,0.0075,0.6,99.77,2.40427,-19.48721,-0.18707,0.00015,-0.10539
10405.34,SYN.BTC-30AUG19,1566039546628,open,0.03,547.7,0.007,0.0515,0.02656473,100.98,0.0205,0.0,BTC-30AUG19-12000-C,10383.28,96.68,0.024,24.0,0.029,34.0,104.97,6.2833,-24.6397,0.84071,0.00016,0.25561
10393.21,SYN.BTC-23AUG19,1566039546625,open,0.4,0.0,0.368,0.4275,0.39591265,117.32,None,0.0,BTC-23AUG19-14500-P,10383.28,0.0,0.0,0.0,0.0,0.0,0.0,0.50757,-5.0675,-2.30989,2e-05,-0.98471
10393.21,SYN.BTC-23AUG19,1566039546625,open,0.54,0.0,0.5095,0.5725,0.53967246,125.72,None,0.0,BTC-23AUG19-16000-P,10383.28,0.0,0.0,0.0,0.0,0.0,0.0,0.1678,-1.79518,-2.56874,1e-05,-0.99567
10393.21,SYN.BTC-23AUG19,1566039546625,open,0.0,69.9,0.0005,0.0105,0.00066593,124.93,0.0005,0.0,BTC-23AUG19-15000-C,10383.28,0.0,0.0,0.0,0.0015,15.0,139.82,0.43235,-4.59621,0.02012,2e-05,0.01269
10405.34,SYN.BTC-30AUG19,1566039546627,open,0.64,0.0,0.602,0.6715,0.63482669,114.45,None,0.0,BTC-30AUG19-17000-P,10383.28,0.0,0.0,0.0,0.0,0.0,0.0,0.73041,-3.24628,-5.94653,2e-05,-0.98523
10405.34,SYN.BTC-30AUG19,1566039546626,open,0.1,372.8,0.062,0.128,0.09628543,102.54,0.094,0.0,BTC-30AUG19-10000-C,10383.28,98.64,0.0935,4.0,0.0945,1.0,100.04,7.44767,-29.65544,1.91832,0.00019,0.61891
10674.92,BTC-27DEC19,1566039546630,open,3.51,0.0,3.4095,3.6025,3.50134774,108.65,None,0.0,BTC-27DEC19-48000-P,10383.28,0.0,0.0,0.0,0.0,0.0,0.0,3.6376,-1.49841,-172.6819,1e-05,-0.97589
10405.34,SYN.BTC-30AUG19,1566039546628,open,0.02,1151.6,0.0065,0.0465,0.02381517,103.54,0.0275,0.0,BTC-30AUG19-9000-P,10383.28,100.05,0.022,24.0,0.025,2.0,105.78,5.46327,-21.96556,-0.81973,0.00014,-0.19951
10393.21,SYN.BTC-23AUG19,1566039546625,open,0.03,432.9,0.008,0.0555,0.02997763,93.63,0.0305,0.0,BTC-23AUG19-10000-P,10383.28,88.35,0.0275,0.4,0.0315,0.4,96.87,4.8867,-38.93634,-0.63652,0.0003,-0.35047
10393.21,SYN.BTC-23AUG19,1566039546625,open,0.16,5.6,0.1335,0.193,0.16177887,94.29,0.118,0.0,BTC-23AUG19-12000-P,10383.28,0.0,0.126,4.0,0.1995,4.0,192.47,2.74119,-21.99449,-1.73166,0.00017,-0.87323
10405.34,SYN.BTC-30AUG19,1566039546627,open,0.24,23.0,0.2175,0.263,0.23961107,109.08,0.2,0.0,BTC-30AUG19-8000-C,10383.28,0.0,0.0,0.0,0.0,0.0,0.0,2.98576,-12.64779,2.4866,7e-05,0.91705
10405.34,SYN.BTC-30AUG19,1566039546625,open,0.22,0.0,0.1845,0.2565,0.21969941,101.0,None,0.0,BTC-30AUG19-12500-P,10383.28,0.0,0.181,4.0,0.26,4.0,166.48,5.33087,-20.90889,-3.77368,0.00014,-0.80839
10405.34,SYN.BTC-30AUG19,1566039546629,open,0.42,0.0,0.412,0.437,0.42388983,123.53,None,0.0,BTC-30AUG19-6000-C,10383.28,0.0,0.0,0.0,0.0,0.0,0.0,0.35203,-1.68864,2.09115,1e-05,0.9936
186.13,ETH-27SEP19,1566039546729,open,0.18,3054.0,0.123,0.217,0.171263,94.77,0.183,0.0,ETH-27SEP19-200-P,185.41,90.82,0.166,120.0,0.179,120.0,100.58,0.24792,-0.28741,-0.14557,0.00674,-0.52712
187.61,ETH-27DEC19,1566039546731,open,2.85,0.0,2.728,2.975,2.846199,107.85,None,0.0,ETH-27DEC19-720-P,185.41,0.0,0.003,5.0,0.0,0.0,0.0,0.09723,-0.03976,-2.57998,0.00071,-0.95998
186.13,ETH-27SEP19,1566039546820,open,2.88,0.0,2.756,2.988,2.868896,142.86,None,0.0,ETH-27SEP19-720-P,185.41,0.0,0.0,0.0,0.0,0.0,0.0,0.00867,-0.01515,-0.80545,0.00016,-0.99521
187.61,ETH-27DEC19,1566039546822,open,2.22,0.0,2.109,2.325,2.212379,105.42,0.953,0.0,ETH-27DEC19-600-P,185.41,0.0,0.0,0.0,0.0,0.0,0.0,0.14216,-0.05682,-2.13375,0.00106,-0.93548
186.13,ETH-27SEP19,1566039546837,open,2.45,0.0,2.339,2.546,2.439354,136.96,None,0.0,ETH-27SEP19-640-P,185.41,0.0,0.0,0.0,0.0,0.0,0.0,0.0119,-0.01993,-0.71549,0.00022,-0.99316
186.13,ETH-27SEP19,1566039546861,open,3.09,0.0,2.965,3.209,3.083747,146.47,None,0.0,ETH-27SEP19-760-P,185.41,0.0,0.0,0.0,0.0,0.0,0.0,0.00792,-0.0142,-0.85033,0.00014,-0.99567
187.61,ETH-27DEC19,1566039546865,open,3.07,0.0,2.934,3.195,3.058471,109.22,None,0.0,ETH-27DEC19-760-P,185.41,0.0,0.0,0.0,0.0,0.0,0.0,0.08861,-0.03669,-2.72678,0.00064,-0.96428
10674.95,BTC-27DEC19,1566039547632,open,0.18,188.5,0.1235,0.225,0.17621834,92.8,0.1695,0.0,BTC-27DEC19-12000-C,10383.31,90.82,0.1715,8.6,0.183,12.0,95.63,25.53727,-8.98482,13.55062,7e-05,0.52755
10674.95,BTC-27DEC19,1566039547795,open,0.02,142.8,0.006,0.05,0.0231609,101.43,0.0195,0.0,BTC-27DEC19-28000-C,10383.31,98.85,0.0205,6.0,0.0255,12.0,103.58,11.33034,-4.35742,2.99621,3e-05,0.10085
10405.6,SYN.BTC-30AUG19,1566039547839,open,0.01,1373.9,0.0005,0.0225,0.0084503,109.11,0.0075,0.0,BTC-30AUG19-8000-P,10383.31,103.84,0.007,10.0,0.0095,30.0,112.67,2.98656,-12.65437,-0.33559,7e-05,-0.08297
10405.6,SYN.BTC-30AUG19,1566039547903,open,0.11,108.7,0.0725,0.1455,0.10957239,101.01,0.112,0.0,BTC-30AUG19-11000-P,10383.31,96.11,0.106,0.1,0.1135,22.0,106.32,7.64552,-29.98961,-2.5256,0.0002,-0.57846
185.51,SYN.ETH-23AUG19,1566039548039,open,0.46,0.0,0.413,0.504,0.456349,133.05,None,0.0,ETH-23AUG19-270-P,185.41,0.0,0.0,0.0,0.0,0.0,0.0,0.00954,-0.10797,-0.04301,0.00129,-0.98377
185.51,SYN.ETH-23AUG19,1566039548317,open,0.0,223.0,0.001,0.012,0.002576,103.1,0.003,0.0,ETH-23AUG19-150-P,185.41,98.02,0.002,1.0,0.003,50.0,106.45,0.02252,-0.19756,-0.00144,0.00394,-0.04552
10393.47,SYN.BTC-23AUG19,1566039548424,open,0.02,365.6,0.002,0.0345,0.01471448,93.65,0.015,0.0,BTC-23AUG19-9500-P,10383.31,90.25,0.0135,24.4,0.0155,0.4,95.79,3.77145,-30.05647,-0.37144,0.00023,-0.20729
187.61,ETH-27DEC19,1566039548427,open,0.15,1886.0,0.097,0.193,0.14621,96.87,0.155,0.0,ETH-27DEC19-160-P,185.41,91.37,0.135,40.0,0.151,40.0,99.19,0.38362,-0.14089,-0.29313,0.00311,-0.2862
185.64,SYN.ETH-30AUG19,1566039548443,open,0.04,482.0,0.012,0.063,0.036591,88.02,0.032,0.0,ETH-30AUG19-200-C,185.41,78.54,0.03,200.0,0.039,200.0,91.5,0.12998,-0.44428,0.02094,0.01215,0.35638
10393.47,SYN.BTC-23AUG19,1566039548584,open,0.05,177.8,0.0235,0.0825,0.0529049,93.65,0.048,0.0,BTC-23AUG19-10500-P,10383.31,88.87,0.0505,0.1,0.053,0.1,93.81,5.25899,-41.9116,-0.94273,0.00032,-0.51054
10674.96,BTC-27DEC19,1566039548625,open,0.43,63.0,0.403,0.464,0.43396993,92.26,0.4965,0.0,BTC-27DEC19-6500-C,10383.17,0.0,0.383,12.0,0.483,12.0,129.1,12.88262,-4.50619,17.1789,3e-05,0.87938
10454.22,BTC-27SEP19,1566039548625,open,0.0,586.8,0.0005,0.0105,8.879e-05,125.0,0.0005,0.0,BTC-27SEP19-3000-P,10383.17,0.0,0.0,0.0,0.001,8.0,161.51,0.08515,-0.1302,-0.00927,0.0,-0.0007
10674.82,BTC-27DEC19,1566039548625,open,0.0,384.0,0.0005,0.012,0.00230625,102.75,0.0015,0.0,BTC-27DEC19-3000-P,10383.17,91.36,0.001,10.1,0.0035,16.0,109.85,1.56572,-0.60995,-0.43762,0.0,-0.00904
10674.82,BTC-27DEC19,1566039548625,open,1.11,4.9,1.0405,1.177,1.10574411,98.83,1.0385,0.0,BTC-27DEC19-22000-P,10383.17,0.0,1.026,5.0,1.1685,5.0,132.4,16.76167,-6.28099,-74.32223,4e-05,-0.82128
10674.82,BTC-27DEC19,1566039548625,open,0.09,420.3,0.0535,0.128,0.09020268,92.26,0.0875,0.0,BTC-27DEC19-8000-P,10383.17,88.11,0.083,9.9,0.0895,10.0,91.85,18.62629,-6.51524,-11.67874,5e-05,-0.2126
10454.22,BTC-27SEP19,1566039548625,open,0.03,552.5,0.0085,0.0515,0.02690819,98.27,0.028,0.0,BTC-27SEP19-15000-C,10383.17,96.03,0.025,10.0,0.029,19.3,100.66,9.02817,-10.85278,1.73736,8e-05,0.17531
10674.82,BTC-27DEC19,1566039548626,open,0.37,91.7,0.331,0.406,0.36973095,92.26,0.449,0.0,BTC-27DEC19-7500-C,10383.17,57.19,0.32,12.0,0.3945,12.0,107.6,16.86119,-5.89816,17.35018,4e-05,0.81958
10674.82,BTC-27DEC19,1566039548626,open,0.0,175.8,0.0005,0.0105,0.00037416,125.0,0.0005,0.0,BTC-27DEC19-1500-P,10383.17,0.0,0.0,0.0,0.002,4.1,154.58,0.29518,-0.1399,-0.06867,0.0,-0.00141
10674.82,BTC-27DEC19,1566039548626,open,0.0,100.7,0.0005,0.011,0.00136041,124.73,0.0005,0.0,BTC-27DEC19-2000-P,10383.17,0.0,0.0,0.0,0.025,10.0,222.38,0.85215,-0.40299,-0.22777,0.0,-0.00455
10674.82,BTC-27DEC19,1566039548627,open,0.03,271.6,0.0135,0.0535,0.03136272,92.26,0.03,0.0,BTC-27DEC19-6000-P,10383.17,88.34,0.0275,5.0,0.032,10.0,92.89,10.76533,-3.76558,-4.83714,3e-05,-0.09405
10454.22,BTC-27SEP19,1566039548627,open,0.0,684.0,0.0005,0.011,0.00130644,124.96,0.0005,0.0,BTC-27SEP19-30000-C,10383.17,0.0,0.0,0.0,0.005,10.0,148.47,0.96439,-1.47413,0.10639,1e-05,0.01039
10674.82,BTC-27DEC19,1566039548626,open,2.76,0.0,2.6755,2.8445,2.7552108,105.66,2.58,0.0,BTC-27DEC19-40000-P,10383.17,0.0,0.0005,3.0,0.0,0.0,0.0,5.41727,-2.17024,-143.32836,1e-05,-0.96099
10674.82,BTC-27DEC19,1566039548627,open,0.03,160.2,0.0085,0.058,0.02849894,100.59,0.0245,0.0,BTC-27DEC19-26000-C,10383.17,98.48,0.026,6.0,0.0315,18.0,103.01,12.91136,-4.92426,3.56792,3e-05,0.12101
10674.82,BTC-27DEC19,1566039548627,open,0.0,1024.3,0.0005,0.0145,0.00396896,110.39,0.0045,0.0,BTC-27DEC19-52000-C,10383.17,106.73,0.003,1.0,0.005,12.0,113.66,3.1023,-1.29844,0.61699,1e-05,0.01997
10405.64,SYN.BTC-30AUG19,1566039548625,open,0.16,29.1,0.129,0.1875,0.15888895,103.53,0.133,0.0,BTC-30AUG19-9000-C,10383.17,0.0,0.13,5.0,0.1935,5.0,163.21,5.46252,-21.96081,2.35532,0.00014,0.80055
10674.82,BTC-27DEC19,1566039548627,open,0.29,168.0,0.2415,0.332,0.28893921,92.26,0.2575,0.0,BTC-27DEC19-9000-C,10383.17,87.34,0.279,17.0,0.3285,12.0,111.85,21.57184,-7.54591,16.65368,6e-05,0.72073
10674.82,BTC-27DEC19,1566039548627,open,0.81,0.0,0.8045,0.824,0.81400537,124.75,None,0.0,BTC-27DEC19-2000-C,10383.17,0.0,0.746,12.0,0.881,12.0,322.97,0.85288,-0.4034,6.99806,0.0,0.99545
10674.82,BTC-27DEC19,1566039548627,open,0.13,426.7,0.081,0.179,0.13070976,94.55,0.1275,0.0,BTC-27DEC19-14000-C,10383.17,92.54,0.126,4.0,0.136,12.0,96.79,25.12578,-9.00702,11.29193,6e-05,0.42349
10674.82,BTC-27DEC19,1566039548627,open,0.0,160.4,0.0005,0.013,0.00335831,96.53,0.002,0.0,BTC-27DEC19-3500-P,10383.17,85.3,0.0015,16.0,0.005,6.0,103.52,2.21712,-0.81147,-0.64966,1e-05,-0.01349
10454.08,BTC-27SEP19,1566039548628,open,0.27,871.9,0.2365,0.2945,0.26617666,95.76,0.235,0.0,BTC-27SEP19-8000-C,10383.17,80.46,0.2545,5.0,0.29,5.4,122.95,8.50609,-9.96318,6.71995,7e-05,0.84017
10454.08,BTC-27SEP19,1566039548628,open,0.34,748.2,0.3225,0.3665,0.34391101,96.57,0.3625,0.0,BTC-27SEP19-7000-C,10383.17,0.0,0.299,5.0,0.369,5.0,136.69,5.21822,-6.16391,6.74035,4e-05,0.91965
10454.08,BTC-27SEP19,1566039548628,open,0.01,494.1,0.0035,0.0285,0.01350028,96.56,0.013,0.0,BTC-27SEP19-7000-P,10383.17,92.41,0.0115,32.0,0.015,24.0,99.49,5.21728,-6.16206,-1.09853,4e-05,-0.08033
10454.08,BTC-27SEP19,1566039548629,open,0.0,401.3,0.0005,0.013,0.00314386,103.82,0.0025,0.0,BTC-27SEP19-5500-P,10383.17,96.28,0.002,58.0,0.004,24.0,108.43,1.80607,-2.29361,-0.28938,1e-05,-0.02157
10405.64,SYN.BTC-30AUG19,1566039548625,open,0.08,3.8,0.046,0.1145,0.08051896,100.99,0.078,0.0,BTC-30AUG19-10500-P,10383.17,96.29,0.077,18.0,0.0845,22.0,106.31,7.78813,-30.54264,-2.06174,0.0002,-0.48116
10405.64,SYN.BTC-30AUG19,1566039548628,open,0.33,0.0,0.314,0.3475,0.32972682,116.19,None,0.0,BTC-30AUG19-7000-C,10383.17,0.0,0.0,0.0,0.0,0.0,0.0,1.22074,-5.50794,2.361,3e-05,0.97293
10405.64,SYN.BTC-30AUG19,1566039548627,open,0.0,328.4,0.0005,0.0125,0.00296872,105.22,0.0025,0.0,BTC-30AUG19-15000-C,10383.17,94.2,0.0015,40.0,0.004,0.1,111.05,1.68121,-6.86946,0.13561,4e-05,0.03991
10405.64,SYN.BTC-30AUG19,1566039548625,open,0.0,1153.6,0.0005,0.012,0.00244127,116.21,0.0035,0.0,BTC-30AUG19-7000-P,10383.17,100.54,0.001,38.0,0.0035,30.0,124.3,1.22143,-5.512,-0.10839,3e-05,-0.02709
10393.5,SYN.BTC-23AUG19,1566039548625,open,0.28,0.0,0.264,0.295,0.27889806,113.77,None,0.0,BTC-23AUG19-7500-C,10383.17,0.0,0.0,0.0,0.0,0.0,0.0,0.34646,-3.35423,1.19003,2e-05,0.99016
10405.64,SYN.BTC-30AUG19,1566039548629,open,0.06,903.7,0.027,0.089,0.05732284,102.55,0.055,0.0,BTC-30AUG19-10000-P,10383.17,97.9,0.054,10.0,0.058,0.1,103.49,7.44756,-29.65709,-1.60909,0.00019,-0.38104
10405.64,SYN.BTC-30AUG19,1566039548627,open,0.73,0.0,0.696,0.769,0.73057082,120.21,None,0.0,BTC-30AUG19-18000-P,10383.17,0.0,0.0,0.0,0.0,0.0,0.0,0.53541,-2.49923,-6.31449,1e-05,-0.98968
186.13,ETH-27SEP19,1566039548654,open,0.0,5619.0,0.001,0.011,0.001985,128.51,0.003,0.0,ETH-27SEP19-520-C,185.41,118.72,0.001,500.0,0.003,40.0,135.48,0.02339,-0.03678,0.00268,0.00047,0.01486
186.13,ETH-27SEP19,1566039548801,open,0.0,2912.0,0.001,0.011,0.001996,111.21,0.002,0.0,ETH-27SEP19-440-C,185.41,102.29,0.001,302.0,0.003,200.0,117.45,0.02595,-0.0353,0.00308,0.0006,0.01677
185.64,SYN.ETH-30AUG19,1566039548888,open,0.06,0.0,0.025,0.085,0.055545,88.01,None,0.0,ETH-30AUG19-190-C,185.41,79.25,0.049,150.0,0.058,150.0,91.29,0.13886,-0.47457,0.02759,0.01298,0.47691
186.13,ETH-27SEP19,1566039548964,open,0.0,5128.0,0.001,0.011,0.001942,119.92,0.002,0.0,ETH-27SEP19-480-C,185.41,110.91,0.001,300.0,0.003,200.0,126.92,0.02411,-0.03537,0.0028,0.00052,0.01539
185.64,SYN.ETH-30AUG19,1566039549100,open,0.08,0.0,0.043,0.115,0.079159,88.15,None,0.0,ETH-30AUG19-190-P,185.41,83.93,0.076,150.0,0.086,150.0,97.29,0.13887,-0.47537,-0.03943,0.01296,-0.52294
185.51,SYN.ETH-23AUG19,1566039549256,open,0.06,180.0,0.026,0.094,0.059572,90.79,0.062,0.0,ETH-23AUG19-190-P,185.41,85.64,0.057,150.0,0.067,150.0,105.59,0.09285,-0.71736,-0.01849,0.01846,-0.55956
185.64,SYN.ETH-30AUG19,1566039549269,open,0.03,20.0,0.006,0.046,0.023209,88.07,0.024,0.0,ETH-30AUG19-210-C,185.41,79.14,0.018,200.0,0.024,200.0,89.38,0.11166,-0.38188,0.0151,0.01043,0.25372
185.51,SYN.ETH-23AUG19,1566039549379,open,0.0,21.0,0.001,0.011,0.00068,104.1,0.001,0.0,ETH-23AUG19-140-P,185.41,0.0,0.0,0.0,0.001,50.0,110.31,0.0084,-0.07442,-0.00044,0.00146,-0.014
186.13,ETH-27SEP19,1566039549515,open,0.0,3828.0,0.001,0.011,0.001342,129.98,0.001,0.0,ETH-27SEP19-560-C,185.41,0.0,0.0,0.0,0.003,99.0,143.29,0.01705,-0.02712,0.00187,0.00034,0.01031
10454.2,BTC-27SEP19,1566039549625,open,0.06,436.0,0.032,0.0925,0.06141273,95.71,0.059,0.0,BTC-27SEP19-9000-P,10383.3,93.51,0.059,27.5,0.0625,19.3,96.7,11.46068,-13.41803,-3.82237,0.0001,-0.26508
10454.2,BTC-27SEP19,1566039549625,open,0.0,492.7,0.0005,0.0105,1.57e-06,125.0,0.0005,0.0,BTC-27SEP19-2000-P,10383.3,0.0,0.0,0.0,0.001,50.0,212.42,0.00241,-0.00368,-0.0002,0.0,-2e-05
10454.2,BTC-27SEP19,1566039549625,open,0.92,0.0,0.8765,0.9645,0.91800184,101.12,0.691,0.0,BTC-27SEP19-20000-P,10383.3,0.0,0.0045,10.0,1.375,0.2,499.9,3.02996,-3.74795,-21.98374,2e-05,-0.95975
10674.96,BTC-27DEC19,1566039549625,open,0.18,421.0,0.1295,0.231,0.1813399,92.26,0.18,0.0,BTC-27DEC19-10000-P,10383.3,88.73,0.1735,5.0,0.183,5.0,93.01,23.67675,-8.28198,-20.35441,6e-05,-0.3464
10674.96,BTC-27DEC19,1566039549626,open,0.37,110.3,0.305,0.4285,0.36807125,93.2,0.365,0.0,BTC-27DEC19-13000-P,10383.3,90.04,0.3605,5.0,0.3655,0.1,92.13,25.53282,-9.02275,-34.58147,7e-05,-0.52854
10454.2,BTC-27SEP19,1566039549626,open,0.01,584.6,0.0005,0.015,0.00509081,100.1,0.0045,0.0,BTC-27SEP19-6000-P,10383.3,93.14,0.0035,8.0,0.0065,24.0,105.32,2.63983,-3.23245,-0.45769,2e-05,-0.034
10454.2,BTC-27SEP19,1566039549625,open,0.71,225.7,0.7035,0.723,0.71312333,125.07,0.693,0.0,BTC-27SEP19-3000-C,10383.3,0.0,0.6505,10.0,0.7765,10.0,411.75,0.08555,-0.13088,3.35033,0.0,0.99929
10674.96,BTC-27DEC19,1566039549626,open,0.55,65.4,0.528,0.566,0.54614786,92.25,0.608,0.0,BTC-27DEC19-5000-C,10383.3,0.0,0.492,12.0,0.6,12.0,153.35,6.61529,-2.31377,15.57707,2e-05,0.95002
10674.96,BTC-27DEC19,1566039549627,open,0.72,0.0,0.7115,0.731,0.72127116,102.72,None,0.0,BTC-27DEC19-3000-C,10383.3,0.0,0.658,12.0,0.785,12.0,236.82,1.56418,-0.60921,10.40201,0.0,0.99097
10674.96,BTC-27DEC19,1566039549626,open,0.44,294.3,0.377,0.5055,0.4422038,94.55,0.42,0.0,BTC-27DEC19-14000-P,10383.3,72.45,0.3915,5.0,0.4875,5.0,113.6,25.12638,-9.00764,-39.29005,6e-05,-0.57649
10454.2,BTC-27SEP19,1566039549626,open,0.01,449.2,0.0005,0.0245,0.00950606,99.91,0.01,0.0,BTC-27SEP19-18000-C,10383.3,96.49,0.008,10.0,0.011,24.0,103.02,4.82104,-5.89166,0.73646,4e-05,0.07241
10454.2,BTC-27SEP19,1566039549628,open,0.38,71.4,0.3325,0.423,0.37709914,97.47,0.2925,0.0,BTC-27SEP19-14000-P,10383.3,47.29,0.3415,9.0,0.424,4.0,138.47,10.67462,-12.72742,-13.40615,9e-05,-0.76799
10674.96,BTC-27DEC19,1566039549628,open,0.02,249.3,0.005,0.029,0.01453983,92.26,0.0165,0.0,BTC-27DEC19-5000-P,10383.3,87.98,0.012,21.0,0.0165,17.0,95.33,6.61656,-2.31447,-2.4888,2e-05,-0.04999
10405.51,SYN.BTC-30AUG19,1566039549626,open,0.54,0.0,0.508,0.5755,0.5394175,110.36,0.403,0.0,BTC-30AUG19-16000-P,10383.3,0.0,0.0,0.0,0.0,0.0,0.0,1.11541,-4.78035,-5.56143,3e-05,-0.9757
10674.96,BTC-27DEC19,1566039549629,open,2.39,1.3,2.3085,2.466,2.38258251,102.93,2.2,0.0,BTC-27DEC19-36000-P,10383.3,0.0,0.0005,1.0,0.0,0.0,0.0,6.50221,-2.53743,-128.5764,2e-05,-0.95109
10405.51,SYN.BTC-30AUG19,1566039549625,open,0.05,522.0,0.023,0.082,0.05245105,100.99,0.051,0.0,BTC-30AUG19-11000-C,10383.3,96.29,0.049,18.0,0.0555,10.0,105.14,7.64528,-29.9836,1.35463,0.0002,0.4215
10405.51,SYN.BTC-30AUG19,1566039549628,open,0.0,357.6,0.0005,0.011,0.00103737,114.26,0.001,0.0,BTC-30AUG19-17000-C,10383.3,0.0,0.0,0.0,0.002,30.0,125.19,0.72427,-3.21369,0.04988,2e-05,0.01463
10405.51,SYN.BTC-30AUG19,1566039549626,open,0.0,772.5,0.0005,0.0105,0.00073369,120.09,0.001,0.0,BTC-30AUG19-18000-C,10383.3,114.89,0.0005,1.0,0.001,1.6,124.75,0.53234,-2.48253,0.03494,1e-05,0.01025
186.12,ETH-27SEP19,1566039549690,open,0.0,839.0,0.001,0.011,0.000352,129.99,0.001,0.0,ETH-27SEP19-60-P,185.41,0.0,0.0,0.0,0.002,300.0,162.03,0.00466,-0.00742,-0.00057,9e-05,-0.0024
186.12,ETH-27SEP19,1566039549692,open,0.03,1730.0,0.01,0.053,0.029379,96.39,0.032,0.0,ETH-27SEP19-260-C,185.41,93.74,0.027,20.0,0.032,160.0,99.23,0.16944,-0.19978,0.03364,0.00453,0.19077
187.61,ETH-27DEC19,1566039549692,open,0.01,1912.0,0.001,0.02,0.007514,109.22,0.008,0.0,ETH-27DEC19-760-C,185.41,103.18,0.005,2.0,0.01,50.0,114.01,0.08861,-0.03669,0.01912,0.00064,0.03572
185.51,SYN.ETH-23AUG19,1566039549696,open,0.14,177.0,0.102,0.18,0.140764,90.68,0.15,0.0,ETH-23AUG19-210-P,185.41,0.0,0.0,0.0,0.0,0.0,0.0,0.05581,-0.43072,-0.02947,0.01111,-0.84614
185.64,SYN.ETH-30AUG19,1566039549703,open,0.0,4133.0,0.001,0.011,8.1e-05,130.0,0.002,0.0,ETH-30AUG19-400-C,185.41,0.0,0.0,0.0,0.001,50.0,165.61,0.00145,-0.0073,8e-05,9e-05,0.00126
186.12,ETH-27SEP19,1566039549709,open,0.73,607.0,0.673,0.79,0.728895,99.86,0.761,0.0,ETH-27SEP19-320-P,185.41,0.0,0.674,25.0,0.799,25.0,182.21,0.08626,-0.10536,-0.34517,0.00223,-0.92712
186.12,ETH-27SEP19,1566039549712,open,0.34,2594.0,0.279,0.386,0.333124,95.5,0.31,0.0,ETH-27SEP19-240-P,185.41,0.0,0.285,25.0,0.386,25.0,139.62,0.20301,-0.23714,-0.22316,0.00548,-0.73755
186.12,ETH-27SEP19,1566039549741,open,0.0,7916.0,0.001,0.011,0.000141,130.0,0.001,0.0,ETH-27SEP19-760-C,185.41,0.0,0.0,0.0,0.002,100.0,166.3,0.00263,-0.00418,0.00024,5e-05,0.00128
186.12,ETH-27SEP19,1566039549741,open,1.16,79.0,1.087,1.221,1.15153,103.43,0.351,0.0,ETH-27SEP19-400-P,185.41,0.0,1.084,25.0,1.225,25.0,216.2,0.03119,-0.03946,-0.44411,0.00078,-0.97919
187.61,ETH-27DEC19,1566039549741,open,1.18,16.0,1.092,1.268,1.178273,102.59,1.195,0.0,ETH-27DEC19-400-P,185.41,0.0,1.131,125.0,1.253,15.0,141.83,0.2948,-0.11466,-1.35524,0.00226,-0.82107
185.64,SYN.ETH-30AUG19,1566039549741,open,0.41,0.0,0.36,0.449,0.402576,92.09,0.218,0.0,ETH-30AUG19-260-P,185.41,0.0,0.0,0.0,0.0,0.0,0.0,0.02461,-0.08801,-0.08979,0.0022,-0.96864
186.12,ETH-27SEP19,1566039549744,open,0.94,233.0,0.879,1.004,0.938635,100.68,0.634,0.0,ETH-27SEP19-360-P,185.41,0.0,0.87,25.0,1.006,25.0,195.17,0.0501,-0.0617,-0.39641,0.00128,-0.96324
187.61,ETH-27DEC19,1566039549746,open,0.03,1231.0,0.009,0.056,0.028541,104.36,0.027,0.0,ETH-27DEC19-480-C,185.41,102.18,0.026,100.0,0.031,50.0,106.39,0.22323,-0.08833,0.0608,0.00168,0.11823
185.64,SYN.ETH-30AUG19,1566039549746,open,0.73,0.0,0.674,0.781,0.724766,123.6,None,0.0,ETH-30AUG19-320-P,185.41,0.0,0.0,0.0,0.0,0.0,0.0,0.01158,-0.0556,-0.1121,0.00077,-0.98711
187.61,ETH-27DEC19,1566039549751,open,0.02,2261.0,0.003,0.032,0.013919,104.97,0.012,0.0,ETH-27DEC19-600-C,185.41,99.21,0.01,50.0,0.018,50.0,110.03,0.14019,-0.05579,0.03352,0.00105,0.06337
187.61,ETH-27DEC19,1566039549751,open,0.79,101.0,0.704,0.866,0.785321,100.64,0.513,0.0,ETH-27DEC19-320-P,185.41,79.33,0.746,125.0,0.845,15.0,128.09,0.3802,-0.14507,-1.01976,0.00297,-0.7191
185.64,SYN.ETH-30AUG19,1566039549751,open,0.25,0.0,0.224,0.275,0.249931,96.79,None,0.0,ETH-30AUG19-140-C,185.41,0.0,0.0,0.0,0.0,0.0,0.0,0.03607,-0.13557,0.04583,0.00307,0.94981
