underlying_price,underlying_index,timestamp,state,settlement_price,open_interest,min_price,max_price,mark_price,mark_iv,last_price,interest_rate,instrument_name,index_price,bid_iv,best_bid_price,best_bid_amount,best_ask_price,best_ask_amount,ask_iv,vega,theta,rho,gamma,delta
5110.21,BTC-28JUN19,1555325939994,open,0.22,35.5,0.20802884,0.24867809,0.22100497,58.36,0.204,0.0,BTC-28JUN19-6000-P,5138.92,47.96,0.205,2.5,0.2255,0.3,61.15,8.17335,-3.22833,-9.36487,0.00026,-0.68442
5108.36,BTC-27SEP19,1555325939994,open,0.18,31.3,0.13645585,0.36198899,0.17459985,61.45,0.1785,0.0,BTC-27DEC19-5500-C,5138.92,58.87,0.166,5.1,0.174,5.0,61.27,16.95322,-2.03585,13.27392,0.00015,0.54526
5108.36,BTC-27SEP19,1555325940007,open,0.02,616.4,0.00868935,0.03420272,0.01782244,65.03,0.016,0.0,BTC-27SEP19-3000-P,5138.92,63.08,0.016,6.0,0.02,10.0,67.25,4.88212,-0.96277,-2.15222,6e-05,-0.07545
5108.36,BTC-27SEP19,1555325940014,open,0.25,17.2,0.21312233,0.43865547,0.25126634,61.45,0.2505,0.0,BTC-27DEC19-5500-P,5138.92,59.27,0.244,5.0,0.258,13.4,63.48,16.95322,-2.03585,-25.28269,0.00015,-0.45474
5108.36,BTC-27SEP19,1555325940014,open,0.81,0.0,0.78406099,0.98507679,0.8149773,64.51,None,0.0,BTC-27DEC19-9000-P,5138.92,0.0,0.001,0.5,0.0,0.0,0.0,12.60356,-1.58888,-57.18341,0.00011,-0.78183
5108.36,BTC-27SEP19,1555325940014,open,0.02,3.1,0.00180619,0.12711852,0.0232426,75.17,0.021,0.0,BTC-27DEC19-14000-C,5138.92,72.1,0.019,0.1,0.0265,14.8,77.32,7.45162,-1.09451,2.71316,5e-05,0.09901
5138.92,index_price,1555325940031,open,0.01,20.3,0.00555141,0.03002167,0.01131744,60.55,0.011,0,BTC-31MAY19-4000-P,5138.92,59.23,0.0105,9.0,0.0125,7.0,62.4,3.22633,-2.12919,-0.72703,0.00016,-0.10124
5108.36,BTC-27SEP19,1555325940031,open,1.18,0.0,1.16128246,1.32900605,1.18484735,66.98,None,0.0,BTC-27DEC19-11000-P,5138.92,0.0,0.0,0.0,0.0,0.0,0.0,9.44923,-1.23684,-73.28278,8e-05,-0.86152
5110.21,BTC-28JUN19,1555325940036,open,0.71,33.3,0.70646999,0.70647616,0.70654301,89.82,0.7165,0.0,BTC-28JUN19-1500-C,5138.92,0.0,0.693,3.0,0.719,3.0,182.71,0.04891,-0.02973,3.02895,0.0,0.99939
5108.36,BTC-27SEP19,1555325940036,open,0.28,2.4,0.25876785,0.32768425,0.27958698,61.95,0.284,0.0,BTC-27SEP19-6000-P,5138.92,58.12,0.2695,0.2,0.2955,3.2,67.96,13.48126,-2.5329,-19.62063,0.00018,-0.5707
5110.21,BTC-28JUN19,1555325940043,open,0.05,2347.8,0.0339088,0.07455805,0.04687803,58.35,0.0475,0.0,BTC-28JUN19-6000-C,5138.92,58.43,0.047,10.0,0.048,0.3,59.05,8.17314,-3.22801,2.77895,0.00026,0.31556
5108.36,BTC-27SEP19,1555325940043,open,0.04,81.0,0.01325357,0.19749829,0.03947329,65.31,0.042,0.0,BTC-27DEC19-10000-C,5138.92,64.13,0.037,10.0,0.0415,10.0,66.26,10.81539,-1.38029,4.66732,9e-05,0.1698
5108.36,BTC-27SEP19,1555325940043,open,0.63,0.0,0.60354669,0.81999958,0.63518012,62.31,None,0.0,BTC-27DEC19-8000-P,5138.92,0.0,0.001,0.5,0.0,0.0,0.0,14.26193,-1.73661,-48.72291,0.00013,-0.72537
165.97,index_price,1555325940048,open,0.11,638.0,0.097475,0.108515,0.099585,75.5,0.092,0,ETH-19APR19-150-C,165.97,71.86,0.099,159.0,0.104,50.0,97.21,0.02783,-0.27106,0.01428,0.0126,0.90976
5138.92,index_price,1555325940051,open,0.28,0.0,0.28918139,0.28995152,0.28927953,90.0,None,0,BTC-19APR19-6625-P,5138.92,0.0,0.001,0.3,0.368,0.1,407.45,0.05631,-0.65377,-0.70158,2e-05,-0.99645
5138.92,index_price,1555325940061,open,0.0,295.4,0.0,0.0,0.0,90.0,0.0005,0,BTC-26APR19-2000-P,5138.92,0.0,0.0,0.0,0.0005,30.0,220.52,0.0,0.0,0.0,0.0,0.0
5108.36,BTC-27SEP19,1555325940061,open,0.99,0.3,0.970829,1.15507371,0.99704871,65.31,1.4475,0.0,BTC-27DEC19-10000-P,5138.92,0.0,0.1,0.3,0.0,0.0,0.0,10.81539,-1.38029,-65.43561,9e-05,-0.8302
5108.36,BTC-27SEP19,1555325940065,open,0.31,34.5,0.28032632,0.46058151,0.31007204,61.87,0.3375,0.0,BTC-27DEC19-4000-C,5138.92,58.11,0.3005,5.0,0.3155,5.0,63.99,13.06102,-1.57914,16.38659,0.00012,0.76766
5108.36,BTC-27SEP19,1555325940066,open,0.03,15.1,0.0079495,0.17567308,0.03151438,66.98,0.0335,0.0,BTC-27DEC19-11000-C,5138.92,65.6,0.029,25.0,0.0335,10.0,68.04,9.44923,-1.23684,3.83045,8e-05,0.13848
5138.92,index_price,1555325940066,open,0.0,20.8,4.74e-06,0.00395119,0.0006707,82.69,0.001,0,BTC-19APR19-6125-C,5138.92,79.2,0.0005,1.0,0.001,32.9,88.06,0.27598,-2.94398,0.01154,0.00012,0.02182
5138.92,index_price,1555325940098,open,0.07,34.9,0.07259875,0.09184381,0.07310035,52.69,0.092,0,BTC-19APR19-5500-P,5138.92,42.92,0.0715,4.0,0.0775,4.0,71.08,0.99937,-6.79308,-0.52523,0.00068,-0.88944
5138.92,index_price,1555325940098,open,0.09,8.0,0.09545069,0.11048082,0.09654971,59.28,0.0845,0,BTC-19APR19-5625-P,5138.92,0.0,0.091,10.0,0.1005,4.0,79.81,0.73948,-5.65549,-0.55815,0.00044,-0.92632
5138.92,index_price,1555325940108,open,0.26,0.0,0.26485724,0.26604058,0.26504493,89.98,None,0,BTC-19APR19-6500-P,5138.92,0.0,0.001,0.3,0.339,0.1,381.66,0.09568,-1.11069,-0.68679,4e-05,-0.99357
5138.92,index_price,1555325940108,open,0.0,259.9,0.0,0.0,0.0,90.0,0.0005,0,BTC-26APR19-2250-P,5138.92,0.0,0.0,0.0,0.0005,45.0,194.6,0.0,0.0,0.0,0.0,0.0
5138.92,index_price,1555325940315,open,0.05,82.6,0.05150998,0.07472906,0.05138324,49.56,0.0475,0,BTC-19APR19-5375-P,5138.92,48.2,0.051,8.4,0.0535,9.2,56.62,1.46702,-9.37922,-0.46646,0.00106,-0.80345
5138.92,index_price,1555325940317,open,0.05,82.6,0.05150998,0.07472906,0.05138324,49.56,0.0475,0,BTC-19APR19-5375-P,5138.92,48.2,0.051,8.5,0.0535,9.2,56.62,1.46702,-9.37922,-0.46646,0.00106,-0.80345
170.98,ETH-27SEP19,1555325940513,open,0.03,121.0,0.007312,0.073721,0.030423,81.09,0.03,0.0,ETH-27SEP19-360-C,165.97,80.11,0.029,1.0,0.034,274.0,83.45,0.25209,-0.06199,0.08235,0.00235,0.13705
170.98,ETH-27SEP19,1555325940552,open,0.03,121.0,0.007312,0.073721,0.030423,81.09,0.03,0.0,ETH-27SEP19-360-C,165.97,80.11,0.029,1.0,0.034,334.0,83.45,0.25209,-0.06199,0.08235,0.00235,0.13705
5138.92,index_price,1555325940611,open,0.01,107.4,0.00557036,0.02878945,0.00544371,49.56,0.006,0,BTC-19APR19-5375-C,5138.92,46.16,0.0045,24.1,0.007,24.6,54.81,1.46702,-9.37922,0.10428,0.00106,0.19655
5108.37,BTC-27SEP19,1555325940623,open,0.07,20.0,0.03748665,0.25393977,0.06911994,62.31,0.071,0.0,BTC-27DEC19-8000-C,5138.92,61.73,0.0675,20.0,0.072,10.0,63.34,14.26201,-1.73663,7.35949,0.00013,0.27463
5110.21,BTC-28JUN19,1555325940625,open,0.02,250.9,0.0139006,0.04047916,0.024108,60.55,0.0225,0.0,BTC-28JUN19-4000-P,5138.92,59.49,0.023,0.5,0.025,10.1,61.4,5.36647,-2.1994,-1.80345,0.00017,-0.15026
5110.21,BTC-28JUN19,1555325940627,open,0.08,201.9,0.05100064,0.09524317,0.07447494,58.35,0.076,0.0,BTC-28JUN19-5500-C,5138.92,56.96,0.072,5.1,0.0765,12.3,59.49,9.07089,-3.58256,3.78977,0.00029,0.44088
5110.21,BTC-28JUN19,1555325940631,open,0.14,112.0,0.11802641,0.15916132,0.14048758,58.74,0.142,0.0,BTC-28JUN19-4750-C,5138.92,57.53,0.1385,5.0,0.1425,5.9,59.96,8.43675,-3.35403,5.3592,0.00027,0.65863
5110.21,BTC-28JUN19,1555325940636,open,0.05,2347.8,0.0339088,0.07455805,0.04687801,58.35,0.0475,0.0,BTC-28JUN19-6000-C,5138.92,58.74,0.0475,10.0,0.048,0.3,59.05,8.17314,-3.22801,2.77895,0.00026,0.31556
5138.92,index_price,1555325940647,open,0.09,39.1,0.08271321,0.1321704,0.09174314,56.39,0.0895,0,BTC-31MAY19-5250-P,5138.92,55.51,0.0905,5.0,0.0945,0.2,58.34,7.26802,-4.46673,-3.84015,0.00039,-0.5028
5108.37,BTC-27SEP19,1555325940765,open,0.06,98.9,0.04750924,0.09911246,0.06205404,61.62,0.065,0.0,BTC-27SEP19-4000-P,5138.92,60.57,0.06,10.0,0.064,2.5,62.62,9.96481,-1.86216,-6.33632,0.00014,-0.21254
5108.37,BTC-27SEP19,1555325940765,open,0.35,261.1,0.33770431,0.37681308,0.3501244,63.07,0.38,0.0,BTC-27SEP19-3500-C,5138.92,46.07,0.3285,3.0,0.3545,2.0,66.02,7.44726,-1.42447,11.8852,0.0001,0.86519
5108.36,BTC-27SEP19,1555325940854,open,0.04,81.0,0.01325357,0.19749829,0.03947323,65.31,0.042,0.0,BTC-27DEC19-10000-C,5138.92,64.13,0.037,10.5,0.0415,10.0,66.26,10.81539,-1.38029,4.66732,9e-05,0.1698
5108.37,BTC-27SEP19,1555325940859,open,0.02,153.8,0.00517993,0.09176108,0.01772969,66.34,0.0185,0.0,BTC-27DEC19-2500-P,5138.92,64.54,0.016,0.1,0.0195,10.5,68.11,5.02065,-0.65086,-2.74366,4e-05,-0.05889
5108.37,BTC-27SEP19,1555325940863,open,0.03,89.9,0.0152847,0.13621143,0.03335174,63.65,0.039,0.0,BTC-27DEC19-3000-P,5138.92,62.41,0.0315,10.0,0.035,1.6,64.74,7.66423,-0.95329,-4.87935,7e-05,-0.1029
5108.36,BTC-27SEP19,1555325940893,open,0.2,15.5,0.19090239,0.2604271,0.20698782,60.0,0.1945,0.0,BTC-27SEP19-5500-P,5138.92,58.14,0.202,3.5,0.211,5.5,61.5,13.69461,-2.49179,-16.1441,0.00019,-0.49264
5108.37,BTC-27SEP19,1555325940901,open,0.14,38.4,0.13210965,0.19925374,0.14733303,59.85,0.1415,0.0,BTC-27SEP19-5000-P,5138.92,58.96,0.145,5.5,0.151,5.5,61.27,13.26069,-2.40699,-12.62009,0.00019,-0.39958
5108.36,BTC-27SEP19,1555325940906,open,0.1,25.2,0.08395764,0.14515694,0.09806636,60.03,0.0985,0.0,BTC-27SEP19-4500-P,5138.92,59.15,0.096,5.5,0.102,5.5,61.71,11.9896,-2.18275,-9.25293,0.00017,-0.30292
5138.92,index_price,1555325941315,open,0.05,82.6,0.05150998,0.07472906,0.05138332,49.56,0.0475,0,BTC-19APR19-5375-P,5138.92,48.2,0.051,8.4,0.0535,9.2,56.62,1.46702,-9.37922,-0.46646,0.00106,-0.80345
168.56,ETH-28JUN19,1555325941319,open,0.44,1682.0,0.43812,0.51292,0.453155,74.15,0.434,0.0,ETH-28JUN19-240-P,165.97,63.07,0.441,31.0,0.453,1.0,74.03,0.20317,-0.10197,-0.43227,0.00476,-0.8139
5138.92,index_price,1555325941342,open,0.05,82.6,0.05150998,0.07472906,0.05138332,49.56,0.0475,0,BTC-19APR19-5375-P,5138.92,48.2,0.051,8.5,0.0535,9.2,56.62,1.46702,-9.37922,-0.46646,0.00106,-0.80345
5110.21,BTC-28JUN19,1555325941620,open,0.02,250.9,0.0139006,0.04047916,0.02410695,60.55,0.0225,0.0,BTC-28JUN19-4000-P,5138.92,59.01,0.0225,10.0,0.025,10.1,61.4,5.36647,-2.1994,-1.80345,0.00017,-0.15026
165.97,index_price,1555325941733,open,0.25,0.0,0.26529,0.266463,0.265808,105.73,None,0,ETH-19APR19-210-P,165.97,0.0,0.262,50.0,0.27,50.0,149.16,0.00744,-0.10147,-0.022,0.00241,-0.98237
165.97,index_price,1555325941735,open,0.11,638.0,0.097475,0.108515,0.099683,75.5,0.092,0,ETH-19APR19-150-C,165.97,71.86,0.099,159.0,0.103,50.0,92.84,0.02783,-0.27106,0.01428,0.0126,0.90976
165.97,index_price,1555325941742,open,0.31,50.0,0.325541,0.325936,0.325732,113.33,0.341,0,ETH-19APR19-220-P,165.97,0.0,0.322,50.0,0.33,50.0,169.07,0.00426,-0.06235,-0.0232,0.00129,-0.99073
5138.92,index_price,1555325941775,open,0.09,886.4,0.08383105,0.10199579,0.08625235,55.33,0.089,0,BTC-26APR19-4750-C,5138.92,46.87,0.0825,8.4,0.086,7.6,54.79,2.42015,-6.15617,1.10565,0.00056,0.80833
168.55,ETH-28JUN19,1555325941929,open,0.66,0.0,0.665247,0.717621,0.677679,80.01,None,0.0,ETH-28JUN19-280-P,165.99,0.0,0.002,15.0,0.0,0.0,0.0,0.14198,-0.07688,-0.53503,0.00309,-0.89065
170.98,ETH-27SEP19,1555325941930,open,1.8,0.0,1.808451,1.843408,1.823721,88.72,None,0.0,ETH-27SEP19-480-P,165.99,0.0,0.001,9.0,0.0,0.0,0.0,0.16423,-0.04419,-2.12222,0.0014,-0.92406
170.98,ETH-27SEP19,1555325941930,open,0.66,0.0,0.649429,0.661233,0.653541,85.53,None,0.0,ETH-27SEP19-60-C,165.99,0.0,0.001,10.0,0.0,0.0,0.0,0.04959,-0.01286,0.25409,0.00044,0.98253
168.55,ETH-28JUN19,1555325941930,open,0.34,1135.0,0.331441,0.417526,0.346532,71.21,0.369,0.0,ETH-28JUN19-220-P,165.99,67.99,0.342,30.0,0.35,1.0,73.6,0.24147,-0.11637,-0.37374,0.0059,-0.74902
168.57,ETH-28JUN19,1555325941931,open,0.31,25.0,0.299364,0.353951,0.308539,71.85,0.315,0.0,ETH-28JUN19-120-C,165.99,66.33,0.304,30.0,0.313,30.0,76.86,0.14497,-0.07049,0.19751,0.00351,0.88744
165.99,index_price,1555325941929,open,0.22,94.0,0.216821,0.217571,0.216997,95.06,0.2,0,ETH-19APR19-130-C,165.99,0.0,0.214,50.0,0.221,50.0,157.81,0.00268,-0.03292,0.0137,0.00097,0.99452
168.57,ETH-28JUN19,1555325941930,open,0.78,0.0,0.781772,0.824726,0.793283,83.79,None,0.0,ETH-28JUN19-300-P,165.99,0.0,0.002,15.0,0.0,0.0,0.0,0.12316,-0.06984,-0.58113,0.00256,-0.91
165.99,index_price,1555325941929,open,0.28,0.0,0.277086,0.280668,0.278048,91.51,None,0,ETH-26APR19-120-C,165.99,0.0,0.276,50.0,0.282,50.0,122.97,0.01176,-0.04946,0.03489,0.00156,0.98353
171.0,ETH-27SEP19,1555325941931,open,1.34,0.0,1.343028,1.396752,1.362747,83.42,None,0.0,ETH-27SEP19-400-P,165.99,0.0,0.001,9.0,0.0,0.0,0.0,0.21378,-0.05408,-1.74136,0.00194,-0.89165
165.99,index_price,1555325941929,open,0.25,0.0,0.258166,0.271269,0.261682,84.53,None,0.2,ETH-26APR19-210-P,165.99,93.67,0.264,50.0,0.271,50.0,114.31,0.03722,-0.03597,-0.05908,0.00536,-0.93294
168.57,ETH-28JUN19,1555325941932,open,0.37,10.0,0.352711,0.394561,0.359801,73.61,0.265,0.0,ETH-28JUN19-110-C,165.99,67.0,0.356,30.0,0.364,30.0,79.92,0.10504,-0.05233,0.19356,0.00248,0.92711
165.99,index_price,1555325941931,open,0.37,120.0,0.385626,0.38575,0.385818,120.25,0.386,0,ETH-19APR19-230-P,165.99,0.0,0.382,50.0,0.389,50.0,179.29,0.00251,-0.03894,-0.02434,0.00071,-0.99492
171.0,ETH-27SEP19,1555325941932,open,0.36,77.0,0.333111,0.411205,0.35247,72.17,0.368,0.0,ETH-27SEP19-120-C,165.99,68.86,0.347,30.0,0.358,30.0,75.44,0.28568,-0.06252,0.37245,0.003,0.83465
165.99,index_price,1555325941929,open,0.28,1.0,0.277065,0.277159,0.276997,0.0,0.268,0,ETH-19APR19-120-C,165.99,0.0,0.274,50.0,0.281,50.0,196.19,0.0,0.0,0.01274,0.0,1.0
165.99,index_price,1555325941930,open,0.2,199.0,0.204916,0.20811,0.206597,101.42,0.222,0,ETH-19APR19-200-P,165.99,0.0,0.202,50.0,0.21,50.0,127.75,0.01525,-0.19951,-0.02053,0.00514,-0.95829
165.99,index_price,1555325941931,open,0.0,236.0,0.0,0.000124,2.5e-05,99.97,0.001,0,ETH-19APR19-230-C,165.99,0.0,0.0,0.0,0.003,250.0,175.47,0.00053,-0.00422,2e-05,0.00018,0.00092
165.99,index_price,1555325941931,open,0.02,510.0,0.014717,0.036705,0.018273,69.12,0.019,0,ETH-19APR19-170-C,165.99,65.88,0.017,10.0,0.022,1.0,78.54,0.06524,-0.58182,0.00642,0.03226,0.38227
165.99,index_price,1555325941936,open,0.02,102.0,0.013362,0.046943,0.018518,69.38,0.023,0,ETH-26APR19-180-C,165.99,68.47,0.018,200.0,0.021,2.0,73.68,0.09451,-0.30146,0.01237,0.01659,0.26871
168.55,ETH-28JUN19,1555325941961,open,0.44,1682.0,0.438198,0.51299,0.452929,73.9,0.434,0.0,ETH-28JUN19-240-P,165.99,62.99,0.441,31.0,0.454,1.0,74.79,0.20237,-0.10122,-0.43257,0.00476,-0.81506
5138.92,index_price,1555325942207,open,0.01,198.3,0.00955949,0.03433209,0.00864089,47.37,0.006,0,BTC-19APR19-5000-P,5138.92,44.03,0.0075,10.1,0.0095,11.0,49.83,1.77947,-10.8751,-0.15696,0.00134,-0.279
5138.92,index_price,1555325942209,open,0.12,21.7,0.11352085,0.16221457,0.12358604,57.37,0.135,0,BTC-31MAY19-5500-P,5138.92,55.12,0.1205,15.4,0.1275,5.5,60.2,7.07491,-4.42367,-4.62067,0.00037,-0.5918
5138.92,index_price,1555325942210,open,0.04,51.9,0.02985766,0.07607251,0.0396859,57.85,0.036,0,BTC-31MAY19-5750-C,5138.92,56.14,0.0375,10.0,0.0395,5.0,57.7,6.58218,-4.15011,1.86256,0.00034,0.32805
5138.92,index_price,1555325942223,open,0.0,40.5,0.00078303,0.01185621,0.00383883,65.3,0.0025,0,BTC-31MAY19-3500-P,5138.92,60.17,0.0025,67.0,0.005,5.0,68.98,1.50463,-1.07087,-0.27001,7e-05,-0.03797
5110.21,BTC-28JUN19,1555325942225,open,1.92,2.0,1.93530018,1.93540932,1.93612482,90.0,2.658,0.0,BTC-28JUN19-15000-P,5138.92,0.0,0.0,0.0,0.0,0.0,0.0,0.4483,-0.27307,-30.29595,1e-05,-0.99299
5138.92,index_price,1555325942225,open,0.0,445.2,0.0021665,0.01364411,0.00462713,60.16,0.004,0,BTC-26APR19-4500-P,5138.92,55.95,0.0035,28.9,0.0055,20.0,63.12,1.46068,-4.04015,-0.1475,0.00031,-0.0917
5108.35,BTC-27SEP19,1555325942227,open,0.0,1666.5,1.84e-05,0.00110118,0.00155255,83.84,0.0025,0.0,BTC-27SEP19-1500-P,5138.92,72.62,0.0005,19.9,0.003,45.4,92.63,0.67032,-0.17042,-0.1977,1e-05,-0.00702
5138.92,index_price,1555325942227,open,0.05,473.2,0.04916885,0.07220945,0.05034215,51.82,0.053,0,BTC-26APR19-5000-C,5138.92,45.85,0.0465,9.8,0.051,9.7,52.83,3.3273,-7.92615,0.89868,0.00082,0.63725
5138.92,index_price,1555325942227,open,0.26,0.0,0.26495277,0.26867252,0.26638292,71.57,None,0,BTC-26APR19-6500-P,5138.92,0.0,0.0005,10.3,0.34,0.2,229.41,0.65092,-2.14163,-1.88877,0.00012,-0.96713
5138.92,index_price,1555325942230,open,0.0,1796.1,0.0,2.3e-07,7.3e-07,90.0,0.0005,0,BTC-26APR19-2750-P,5138.92,0.0,0.0,0.0,0.001,33.3,164.47,0.00078,-0.00325,-3e-05,0.0,-2e-05
5138.92,index_price,1555325942230,open,0.02,60.0,0.00857196,0.04193789,0.01588017,59.62,0.0175,0,BTC-31MAY19-6500-C,5138.92,57.97,0.0145,15.0,0.0175,12.8,61.48,4.38199,-2.8473,0.91285,0.00022,0.15721
5108.37,BTC-27SEP19,1555325942234,open,0.19,68.5,0.1536468,0.3699823,0.19043974,61.45,0.1965,0.0,BTC-27DEC19-5000-P,5138.92,60.22,0.1865,5.0,0.194,5.0,62.57,16.31754,-1.95951,-20.51736,0.00015,-0.38249
5108.37,BTC-27SEP19,1555325942238,open,0.03,303.4,0.02285437,0.06196314,0.03527546,63.07,0.039,0.0,BTC-27SEP19-3500-P,5138.92,61.5,0.033,16.0,0.037,10.0,64.25,7.44733,-1.4245,-3.92486,0.0001,-0.13481
5110.21,BTC-28JUN19,1555325942239,open,0.0,780.5,0.0,3.87e-06,7.658e-05,90.0,0.0005,0.0,BTC-28JUN19-20000-C,5138.92,0.0,0.0,0.0,0.001,8.0,111.98,0.06079,-0.03703,0.00716,0.0,0.00077
5138.92,index_price,1555325942250,open,0.52,0.0,0.51351646,0.51351647,0.5135165,90.0,None,0,BTC-26APR19-2500-C,5138.92,0.0,0.5015,3.0,0.525,3.0,290.07,5e-05,-0.00022,0.74491,0.0,1.0
5108.35,BTC-27SEP19,1555325942252,open,1.37,0.0,1.35390189,1.50612815,1.37644359,69.54,None,0.0,BTC-27DEC19-12000-P,5138.92,0.0,0.0,0.0,0.0,0.0,0.0,8.54829,-1.16155,-80.811,7e-05,-0.88015
5138.92,index_price,1555325942264,open,0.19,0.0,0.19188942,0.19583587,0.19255542,82.69,None,0,BTC-19APR19-6125-P,5138.92,0.0,0.001,0.3,0.2525,0.1,302.73,0.27599,-2.94412,-0.63883,0.00012,-0.97818
5138.92,index_price,1555325942264,open,0.1,42.2,0.0840153,0.13214805,0.09280881,56.4,0.091,0,BTC-31MAY19-5000-C,5138.92,53.63,0.089,6.1,0.091,5.0,55.08,7.06686,-4.34393,3.23513,0.00038,0.59369
5110.21,BTC-28JUN19,1555325942271,open,0.29,30.0,0.27091642,0.28921904,0.28219694,62.04,0.298,0.0,BTC-28JUN19-3750-C,5138.92,35.32,0.2675,3.0,0.2965,3.0,77.43,4.20788,-1.76694,6.32837,0.00013,0.89405
5108.35,BTC-27SEP19,1555325942273,open,0.02,695.5,0.00171781,0.0191687,0.01430909,75.33,0.015,0.0,BTC-27SEP19-12000-C,5138.92,73.93,0.013,20.0,0.0155,10.0,76.55,4.9017,-1.11983,1.41995,6e-05,0.07584
5138.92,index_price,1555325942273,open,0.1,0.2,0.10037287,0.11150985,0.10125153,61.93,0.0855,0,BTC-19APR19-4625-C,5138.92,0.0,0.1,9.5,0.1025,9.5,72.19,0.51266,-4.09619,0.46521,0.0003,0.9538
168.57,ETH-28JUN19,1555325942307,open,0.15,1066.0,0.131988,0.225341,0.146966,68.8,0.153,0.0,ETH-28JUN19-160-C,165.99,66.47,0.143,92.0,0.151,246.0,71.17,0.28714,-0.1337,0.1637,0.00726,0.62678
5138.92,index_price,1555325942308,open,0.0,53.6,9.7e-07,0.00268203,0.00044488,85.47,0.001,0,BTC-19APR19-6250-C,5138.92,0.0,0.0,0.0,0.001,31.9,96.32,0.19695,-2.17168,0.00777,8e-05,0.01469
168.57,ETH-28JUN19,1555325942319,open,0.15,1066.0,0.131988,0.225341,0.146966,68.8,0.153,0.0,ETH-28JUN19-160-C,165.99,66.47,0.143,92.0,0.151,247.0,71.17,0.28714,-0.1337,0.1637,0.00726,0.62678
5138.92,index_price,1555325942326,open,0.05,82.6,0.05150998,0.07472906,0.05138341,49.56,0.0475,0,BTC-19APR19-5375-P,5138.92,48.2,0.051,8.4,0.0535,9.2,56.62,1.46702,-9.37922,-0.46646,0.00106,-0.80345
5138.92,index_price,1555325942327,open,0.0,37.6,7.594e-05,0.00729945,0.00079591,68.94,0.0005,0,BTC-19APR19-4500-P,5138.92,63.89,0.0005,40.6,0.001,10.1,71.78,0.34453,-3.06417,-0.01595,0.00018,-0.02843
5138.92,index_price,1555325942332,open,0.05,82.6,0.05150998,0.07472906,0.05138341,49.56,0.0475,0,BTC-19APR19-5375-P,5138.92,48.2,0.051,8.5,0.0535,9.2,56.62,1.46702,-9.37922,-0.46646,0.00106,-0.80345
5110.21,BTC-28JUN19,1555325942333,open,0.0,128.1,1.29e-06,0.0004515,0.00145124,85.08,0.002,0.0,BTC-28JUN19-13000-C,5138.92,75.76,0.0005,56.2,0.0025,7.9,91.06,0.73278,-0.42193,0.11204,2e-05,0.01228
5138.92,index_price,1555325942333,open,0.12,72.0,0.12305001,0.13868969,0.12536837,56.71,0.09,0,BTC-26APR19-5750-P,5138.92,25.8,0.119,7.7,0.138,2.0,83.72,1.93519,-5.04584,-1.51502,0.00043,-0.86406
168.55,ETH-28JUN19,1555325942332,open,0.03,1411.0,0.021098,0.088085,0.031912,70.29,0.031,0.0,ETH-28JUN19-130-P,165.99,67.63,0.029,397.0,0.034,236.0,72.15,0.18727,-0.08909,-0.06673,0.00463,-0.1637
170.98,ETH-27SEP19,1555325942332,open,0.17,273.0,0.138944,0.257417,0.168089,70.93,0.173,0.0,ETH-27SEP19-180-C,165.99,69.02,0.163,170.0,0.173,90.0,72.78,0.45456,-0.09777,0.29645,0.00485,0.55192
5110.21,BTC-28JUN19,1555325942342,open,0.21,2.5,0.18646389,0.21761504,0.20312461,59.04,0.166,0.0,BTC-28JUN19-4250-C,5138.92,46.41,0.188,3.0,0.2065,0.2,61.66,6.51673,-2.60404,6.13016,0.00021,0.79581
5110.21,BTC-28JUN19,1555325942342,open,0.76,6.6,0.76174616,0.7697392,0.76731413,70.39,0.704,0.0,BTC-28JUN19-9000-P,5138.92,0.0,0.0005,0.4,0.0,0.0,0.0,2.43339,-1.15924,-17.7451,7e-05,-0.94835
5110.21,BTC-28JUN19,1555325942342,open,0.33,147.1,0.31863188,0.33327914,0.32620394,65.06,0.3395,0.0,BTC-28JUN19-3500-C,5138.92,0.0,0.3115,3.0,0.34,3.0,83.11,3.25464,-1.43305,6.19328,9e-05,0.92499
5138.92,index_price,1555325942342,open,0.21,0.0,0.21659127,0.22304525,0.21876001,67.97,None,0,BTC-26APR19-6250-P,5138.92,0.0,0.001,0.3,0.285,0.1,202.49,0.96865,-3.02672,-1.78392,0.00018,-0.94627
168.55,ETH-28JUN19,1555325942338,open,0.01,255.0,0.001083,0.036059,0.011102,86.7,0.015,0.0,ETH-28JUN19-320-C,165.99,84.89,0.01,160.0,0.012,110.0,88.09,0.10594,-0.06216,0.02136,0.00213,0.07372
5138.92,index_price,1555325942344,open,0.33,0.0,0.31970608,0.33077926,0.32276187,65.3,None,0,BTC-31MAY19-3500-C,5138.92,0.0,0.3075,3.0,0.334,3.0,90.96,1.50462,-1.07086,4.12903,7e-05,0.96203
5138.92,index_price,1555325942348,open,0.18,0.0,0.17297927,0.17546354,0.17360669,90.0,None,0,BTC-19APR19-4250-C,5138.92,0.0,0.1615,3.0,0.1845,3.0,171.31,0.23573,-2.73697,0.44105,9e-05,0.98188
168.55,ETH-28JUN19,1555325942345,open,0.07,1734.0,0.046693,0.141659,0.062488,69.71,0.068,0.0,ETH-28JUN19-200-C,165.99,67.6,0.059,351.0,0.066,217.0,71.81,0.2805,-0.13233,0.09765,0.007,0.34873
5110.21,BTC-28JUN19,1555325942357,open,0.02,250.9,0.0139006,0.04047916,0.02410695,60.55,0.0225,0.0,BTC-28JUN19-4000-P,5138.92,59.01,0.0225,10.5,0.025,10.1,61.4,5.36647,-2.1994,-1.80345,0.00017,-0.15026
168.55,ETH-28JUN19,1555325942354,open,0.02,1597.0,0.007635,0.070798,0.021463,76.98,0.024,0.0,ETH-28JUN19-260-C,165.99,75.5,0.02,210.0,0.024,84.0,79.44,0.16911,-0.0881,0.04058,0.00382,0.14041
168.57,ETH-28JUN19,1555325942362,open,0.22,339.0,0.20517,0.28317,0.217481,69.33,0.224,0.0,ETH-28JUN19-140-C,165.99,66.75,0.214,30.0,0.221,91.0,71.92,0.22815,-0.10706,0.1898,0.00572,0.77377
168.57,ETH-28JUN19,1555325942370,open,0.18,387.0,0.165798,0.252732,0.179417,68.82,0.189,0.0,ETH-28JUN19-150-C,165.99,66.62,0.176,83.0,0.184,201.0,71.75,0.26266,-0.12234,0.17849,0.00664,0.70256
168.55,ETH-28JUN19,1555325942385,open,0.12,3897.0,0.112179,0.209329,0.12786,68.8,0.134,0.0,ETH-28JUN19-170-P,165.99,66.63,0.124,83.0,0.131,90.0,70.56,0.30008,-0.13972,-0.19694,0.00759,-0.44944
168.57,ETH-28JUN19,1555325942392,open,0.05,490.0,0.035134,0.126141,0.05073,70.43,0.048,0.0,ETH-28JUN19-210-C,165.99,68.67,0.048,368.0,0.054,86.0,72.52,0.26219,-0.12499,0.08378,0.00647,0.2963
5110.21,BTC-28JUN19,1555325942397,open,0.03,70.0,0.01813225,0.04928341,0.03479297,59.04,0.033,0.0,BTC-28JUN19-4250-P,5138.92,57.63,0.033,9.6,0.0365,10.0,60.37,6.51673,-2.60404,-2.4718,0.00021,-0.20419
168.55,ETH-28JUN19,1555325942398,open,0.16,4309.0,0.148227,0.246684,0.164158,68.91,0.183,0.0,ETH-28JUN19-180-P,165.99,66.59,0.16,89.0,0.168,192.0,71.05,0.30202,-0.14085,-0.23433,0.00762,-0.52273
5138.92,index_price,1555325942404,open,0.03,89.0,0.03334589,0.05934084,0.03270368,48.31,0.029,0,BTC-19APR19-5250-P,5138.92,46.45,0.032,0.1,0.0345,8.8,53.01,1.94646,-12.13114,-0.37643,0.00144,-0.65715
168.55,ETH-28JUN19,1555325942405,open,0.09,2169.0,0.081203,0.174565,0.096183,68.8,0.103,0.0,ETH-28JUN19-160-P,165.99,65.76,0.091,233.0,0.099,154.0,70.45,0.28714,-0.1337,-0.16018,0.00726,-0.37337
5138.92,index_price,1555325942424,open,0.02,59.3,0.01326811,0.05135078,0.0210958,58.48,0.0215,0,BTC-31MAY19-6250-C,5138.92,57.37,0.02,10.0,0.0225,12.8,59.88,5.10569,-3.25434,1.15771,0.00026,0.20034
5138.92,index_price,1555325942424,open,0.0,92.6,4.25e-06,0.00108574,0.00080885,81.51,0.001,0,BTC-26APR19-7000-C,5138.92,83.99,0.001,15.0,0.0015,32.3,89.27,0.36916,-1.38342,0.0244,6e-05,0.01674
168.55,ETH-28JUN19,1555325942421,open,0.08,544.0,0.061543,0.159137,0.077316,69.11,0.09,0.0,ETH-28JUN19-190-C,165.99,67.21,0.074,302.0,0.081,94.0,71.22,0.29463,-0.13781,0.11319,0.00741,0.40912
168.55,ETH-28JUN19,1555325942438,open,0.2,1747.0,0.188804,0.286399,0.204511,69.07,0.226,0.0,ETH-28JUN19-190-P,165.99,65.91,0.199,194.0,0.207,85.0,70.5,0.29461,-0.13773,-0.27138,0.00742,-0.591
168.55,ETH-28JUN19,1555325942442,open,0.01,776.0,0.002093,0.045032,0.013501,83.66,0.013,0.0,ETH-28JUN19-300-C,165.99,81.53,0.012,160.0,0.015,100.0,85.66,0.12264,-0.06944,0.02593,0.00255,0.08951
5138.92,index_price,1555325942466,open,0.61,0.0,0.61081317,0.61081317,0.61081317,90.0,None,0,BTC-26APR19-2000-C,5138.92,0.0,0.599,3.0,0.622,3.0,365.13,0.0,0.0,0.59593,0.0,1.0
5138.92,index_price,1555325942472,open,0.08,26.4,0.07704419,0.09295513,0.0784208,59.28,0.068,0,BTC-19APR19-4750-C,5138.92,44.98,0.0765,7.2,0.079,11.8,62.5,0.88526,-6.76992,0.4518,0.00053,0.9064
5138.92,index_price,1555325942472,open,0.0,30.1,1.29e-06,0.00248556,0.00062872,90.0,0.0005,0,BTC-19APR19-4250-P,5138.92,86.99,0.0005,38.0,0.001,17.9,96.94,0.23573,-2.73697,-0.01023,9e-05,-0.01812
5138.92,index_price,1555325942486,open,0.01,5.9,0.00208159,0.02241647,0.0078205,64.48,0.01,0,BTC-31MAY19-7250-C,5138.92,60.86,0.006,66.3,0.0095,18.0,67.45,2.76142,-1.94063,0.47962,0.00013,0.08208
165.99,index_price,1555325942493,open,0.11,638.0,0.097578,0.108601,0.099731,75.79,0.092,0,ETH-19APR19-150-C,165.99,71.21,0.099,146.0,0.103,50.0,92.43,0.02795,-0.27331,0.01427,0.01261,0.90923
5138.92,index_price,1555325942498,open,0.05,166.5,0.04666294,0.07054732,0.04788828,51.82,0.048,0,BTC-26APR19-5250-P,5138.92,51.24,0.0475,12.0,0.0495,10.5,54.2,3.47264,-8.27235,-0.95693,0.00085,-0.57706
5110.21,BTC-28JUN19,1555325942518,open,0.01,1059.5,0.00242607,0.01791322,0.01085825,66.4,0.0105,0.0,BTC-28JUN19-8000-C,5138.92,64.45,0.0095,10.1,0.012,16.0,67.95,3.6825,-1.65499,0.80155,0.0001,0.08836
165.99,index_price,1555325942526,open,0.17,1.0,0.158564,0.176285,0.16104,72.01,0.164,0,ETH-26APR19-140-C,165.99,71.85,0.161,178.0,0.166,50.0,88.77,0.04099,-0.1357,0.03773,0.00693,0.92395
5138.92,index_price,1555325942536,open,0.0,82.6,2.125e-05,0.00206427,0.00103203,76.03,0.0015,0,BTC-26APR19-6750-C,5138.92,75.67,0.001,10.0,0.0015,15.0,80.57,0.46724,-1.63315,0.03225,8e-05,0.02209
165.99,index_price,1555325942536,open,0.06,401.0,0.046415,0.066649,0.049844,69.89,0.06,0,ETH-19APR19-160-C,165.99,58.77,0.046,142.0,0.054,50.0,81.42,0.05878,-0.52998,0.01159,0.02874,0.70758
5138.92,index_price,1555325942543,open,0.0,109.4,0.00136292,0.01727386,0.00273953,59.28,0.0025,0,BTC-19APR19-4750-P,5138.92,54.68,0.002,1.2,0.0035,37.6,63.46,0.88526,-6.76992,-0.05257,0.00053,-0.0936
5138.92,index_price,1555325942546,open,0.27,225.9,0.27027703,0.27098357,0.27126998,89.37,0.282,0,BTC-26APR19-3750-C,5138.92,0.0,0.2585,3.0,0.282,3.0,149.31,0.37431,-1.53788,1.08978,5e-05,0.98298
5138.92,index_price,1555325942557,open,0.32,0.0,0.31894169,0.34763936,0.3259593,61.34,None,0,BTC-31MAY19-6750-P,5138.92,0.0,0.0005,0.3,0.0,0.0,0.0,3.77248,-2.52214,-7.7501,0.00019,-0.87394
5138.92,index_price,1555325942567,open,0.0,1.0,0.0,0.00077013,9.814e-05,90.0,0.0005,0,BTC-19APR19-6625-C,5138.92,0.0,0.0,0.0,0.0005,25.0,108.39,0.05631,-0.50434,0.00188,2e-05,0.00355
5138.92,index_price,1555325942573,open,0.47,10.2,0.4648681,0.46486834,0.46486883,90.0,0.006,0,BTC-26APR19-2750-C,5138.92,0.0,0.453,3.0,0.476,3.0,255.22,0.00078,-0.00325,0.81937,0.0,0.99998
5138.92,index_price,1555325942600,open,0.03,958.4,0.0250475,0.04893189,0.0262728,51.82,0.028,0,BTC-26APR19-5250-C,5138.92,48.45,0.024,26.0,0.027,9.9,52.89,3.47264,-8.27234,0.60738,0.00085,0.42294
5138.92,index_price,1555325942600,open,0.16,0.0,0.16758127,0.17329343,0.16830015,75.65,None,0,BTC-19APR19-6000-P,5138.92,0.0,0.001,0.3,0.2235,0.1,274.9,0.31667,-3.09062,-0.62348,0.00015,-0.97431
5138.92,index_price,1555325942607,open,0.06,71.4,0.04325706,0.09195078,0.05332216,57.37,0.055,0,BTC-31MAY19-5500-C,5138.92,54.22,0.049,6.0,0.0555,55.5,58.95,7.07488,-4.42348,2.29208,0.00037,0.40819
5110.21,BTC-28JUN19,1555325942617,open,0.17,208.2,0.15693973,0.19442339,0.16969336,58.74,0.1745,0.0,BTC-28JUN19-4500-C,5138.92,55.22,0.1645,10.1,0.172,5.0,60.29,7.59922,-3.02116,5.79702,0.00024,0.73017
5138.92,index_price,1555325942637,open,0.23,0.0,0.22947697,0.26755963,0.2373047,58.48,None,0,BTC-31MAY19-6250-P,5138.92,0.0,0.0005,0.3,0.0,0.0,0.0,5.1057,-3.25434,-6.69772,0.00026,-0.79966
5108.35,BTC-27SEP19,1555325942649,open,0.53,0.0,0.51578524,0.60236707,0.5283368,66.34,None,0.0,BTC-27DEC19-2500-C,5138.92,0.0,0.505,3.0,0.546,3.0,81.82,5.02089,-0.65091,14.78187,4e-05,0.94111
5138.92,index_price,1555325942649,open,0.21,0.0,0.21620982,0.21889088,0.21665375,85.47,None,0,BTC-19APR19-6250-P,5138.92,0.0,0.001,0.3,0.281,0.1,328.67,0.19695,-2.17174,-0.65587,8e-05,-0.98531
5108.35,BTC-27SEP19,1555325942658,open,0.15,45.4,0.10592152,0.33578104,0.14396267,61.47,0.143,0.0,BTC-27DEC19-6000-C,5138.92,61.03,0.1425,0.1,0.144,5.0,61.48,17.03709,-2.04637,11.96078,0.00015,0.47796
170.98,ETH-27SEP19,1555325942659,open,0.0,120.0,0.000347,0.012151,0.00446,85.53,0.01,0.0,ETH-27SEP19-60-P,165.99,79.9,0.003,394.0,0.006,262.0,90.4,0.04959,-0.01286,-0.01694,0.00044,-0.01747
170.98,ETH-27SEP19,1555325942661,open,0.11,48.0,0.073238,0.190954,0.102441,71.59,0.101,0.0,ETH-27SEP19-220-C,165.99,69.86,0.098,412.0,0.107,110.0,73.35,0.44041,-0.09561,0.2209,0.00466,0.38846
171.0,ETH-27SEP19,1555325942666,open,0.08,530.0,0.037937,0.143416,0.07391,76.99,0.076,0.0,ETH-27SEP19-260-C,165.99,72.16,0.063,60.0,0.07,94.0,75.28,0.39391,-0.09197,0.16753,0.00387,0.2908
5110.21,BTC-28JUN19,1555325942671,open,0.15,45.2,0.12727735,0.17151988,0.15075376,58.36,0.1645,0.0,BTC-28JUN19-5500-P,5138.92,56.24,0.147,5.0,0.1535,5.0,59.9,9.0709,-3.58264,-7.34217,0.00029,-0.55911
5110.21,BTC-28JUN19,1555325942671,open,0.0,590.5,4.6e-07,0.00016958,0.00086806,90.0,0.003,0.0,BTC-28JUN19-2000-P,5138.92,91.67,0.001,20.0,0.0015,6.9,96.92,0.38392,-0.23386,-0.06979,1e-05,-0.00588
5138.92,index_price,1555325942671,open,0.0,6.7,3e-08,0.00118337,0.00018773,89.98,0.003,0,BTC-19APR19-6500-C,5138.92,0.0,0.0,0.0,0.0005,25.0,101.43,0.09569,-0.96471,0.0034,4e-05,0.00643
5138.92,index_price,1555325942674,open,0.02,121.4,0.01167112,0.04371964,0.01832524,58.48,0.017,0,BTC-31MAY19-4250-P,5138.92,56.89,0.017,10.0,0.02,7.0,60.45,4.32153,-2.75452,-1.11262,0.00022,-0.15393
170.98,ETH-27SEP19,1555325942673,open,0.15,912.0,0.124615,0.235966,0.151987,70.94,0.152,0.0,ETH-27SEP19-160-P,165.99,68.54,0.146,104.0,0.156,223.0,72.54,0.4269,-0.09184,-0.38992,0.00456,-0.35286
171.0,ETH-27SEP19,1555325942677,open,0.05,755.0,0.034866,0.112959,0.054307,72.22,0.054,0.0,ETH-27SEP19-120-P,165.99,70.23,0.051,357.0,0.057,120.0,73.82,0.28577,-0.06259,-0.16973,0.003,-0.16543
5138.92,index_price,1555325942693,open,0.01,11.1,0.00228018,0.01950536,0.00647966,62.26,0.006,0,BTC-31MAY19-3750-P,5138.92,58.63,0.005,75.0,0.008,7.0,65.59,2.22811,-1.51206,-0.44265,0.00011,-0.06205
170.98,ETH-27SEP19,1555325942691,open,0.02,57.0,0.001105,0.036062,0.016375,88.72,0.018,0.0,ETH-27SEP19-480-C,165.99,87.26,0.015,60.0,0.017,87.0,89.37,0.16423,-0.04419,0.04601,0.0014,0.07594
5108.35,BTC-27SEP19,1555325942695,open,0.21,33.8,0.17485933,0.39119529,0.21165377,61.45,0.1965,0.0,BTC-27DEC19-5000-C,5138.92,59.06,0.204,5.0,0.218,5.0,63.44,16.31751,-1.95952,14.53399,0.00015,0.61751
5110.21,BTC-28JUN19,1555325942699,open,0.14,112.0,0.11802641,0.15916132,0.14049045,58.74,0.142,0.0,BTC-28JUN19-4750-C,5138.92,57.53,0.1385,10.0,0.1425,5.9,59.96,8.43675,-3.35403,5.3592,0.00027,0.65863
5108.35,BTC-27SEP19,1555325942713,open,0.46,0.0,0.43350028,0.66115732,0.46843372,61.55,None,0.0,BTC-27DEC19-7000-P,5138.92,0.0,0.001,0.5,0.0,0.0,0.0,16.02909,-1.92796,-39.62894,0.00014,-0.63818
5110.22,BTC-28JUN19,1555325942715,open,0.09,196.3,0.07821489,0.12201858,0.0928812,58.36,0.093,0.0,BTC-28JUN19-5000-P,5138.92,57.28,0.091,5.0,0.095,7.2,59.56,8.96354,-3.54027,-5.25457,0.00029,-0.41515
170.98,ETH-27SEP19,1555325942714,open,0.13,214.0,0.101221,0.221376,0.131177,71.28,0.132,0.0,ETH-27SEP19-200-C,165.99,69.72,0.127,60.0,0.136,187.0,73.08,0.45669,-0.09872,0.25787,0.00485,0.46506
170.98,ETH-27SEP19,1555325942718,open,0.04,229.0,0.01406,0.095398,0.038849,77.52,0.042,0.0,ETH-27SEP19-320-C,165.99,76.44,0.037,11.0,0.043,221.0,79.89,0.29405,-0.06913,0.1036,0.00287,0.17298
168.57,ETH-28JUN19,1555325942728,open,0.22,339.0,0.20517,0.28317,0.217481,69.33,0.224,0.0,ETH-28JUN19-140-C,165.99,66.75,0.214,30.0,0.221,92.0,71.92,0.22815,-0.10706,0.1898,0.00572,0.77377
168.57,ETH-28JUN19,1555325942733,open,0.18,387.0,0.165798,0.252732,0.179417,68.82,0.189,0.0,ETH-28JUN19-150-C,165.99,66.62,0.176,83.0,0.184,203.0,71.75,0.26266,-0.12234,0.17849,0.00664,0.70256
170.98,ETH-27SEP19,1555325942738,open,0.17,273.0,0.138944,0.257417,0.168089,70.93,0.173,0.0,ETH-27SEP19-180-C,165.99,69.02,0.163,171.0,0.173,90.0,72.78,0.45456,-0.09777,0.29645,0.00485,0.55192
170.98,ETH-27SEP19,1555325942752,open,0.06,313.0,0.027226,0.124812,0.059041,77.0,0.064,0.0,ETH-27SEP19-280-C,165.99,73.1,0.051,458.0,0.059,234.0,76.98,0.36025,-0.08412,0.14265,0.00354,0.24374
5108.35,BTC-27SEP19,1555325942757,open,0.06,72.5,0.03413632,0.18715197,0.05876082,62.67,0.063,0.0,BTC-27DEC19-3500-P,5138.92,61.57,0.0565,10.0,0.061,10.0,63.75,10.52575,-1.28903,-7.93489,9e-05,-0.16282
170.98,ETH-27SEP19,1555325942757,open,0.01,820.0,0.003133,0.033335,0.011931,78.67,0.01,0.0,ETH-27SEP19-80-P,165.99,75.48,0.01,406.0,0.014,150.0,81.82,0.10792,-0.02575,-0.04357,0.00104,-0.04449
168.55,ETH-28JUN19,1555325942763,open,0.12,3897.0,0.112179,0.209329,0.12786,68.8,0.134,0.0,ETH-28JUN19-170-P,165.99,66.63,0.124,84.0,0.131,90.0,70.56,0.30008,-0.13972,-0.19694,0.00759,-0.44944
5138.92,index_price,1555325942765,open,0.12,7.4,0.11919338,0.13041593,0.1202512,64.73,0.15,0,BTC-19APR19-5750-P,5138.92,0.0,0.1145,8.0,0.13,1.0,113.49,0.54046,-4.51304,-0.58436,0.0003,-0.95065
5138.92,index_price,1555325942765,open,0.16,9.7,0.14607613,0.18511325,0.15417724,57.83,0.14,0,BTC-31MAY19-4500-C,5138.92,52.89,0.149,5.2,0.1515,5.0,55.3,5.48618,-3.45818,3.99942,0.00029,0.77338
5138.92,index_price,1555325942773,open,0.19,0.0,0.1876849,0.230196,0.19682874,58.34,None,0,BTC-31MAY19-6000-P,5138.92,46.35,0.184,2.0,0.2115,4.0,70.52,5.90068,-3.75163,-6.05578,0.0003,-0.74075
170.98,ETH-27SEP19,1555325942782,open,0.02,5.0,0.002046,0.045359,0.019257,86.04,0.025,0.0,ETH-27SEP19-440-C,165.99,83.89,0.017,210.0,0.021,106.0,87.61,0.18544,-0.04839,0.05405,0.00163,0.08924
5108.35,BTC-27SEP19,1555325942787,open,0.62,0.0,0.60960589,0.66341101,0.61758619,71.48,None,0.0,BTC-27DEC19-2000-C,5138.92,0.0,0.5935,3.0,0.6315,3.0,90.02,2.99121,-0.41778,12.5841,2e-05,0.96899
5138.92,index_price,1555325942787,open,0.37,25.7,0.3675714,0.36760004,0.36762766,90.0,0.351,0,BTC-26APR19-3250-C,5138.92,0.0,0.3555,3.0,0.379,3.0,198.9,0.03624,-0.14996,0.96641,1e-05,0.99876
170.98,ETH-27SEP19,1555325942787,open,0.02,112.0,0.003844,0.057554,0.023293,83.21,0.026,0.0,ETH-27SEP19-400-C,165.99,81.32,0.021,210.0,0.026,96.0,85.33,0.21249,-0.05362,0.06501,0.00193,0.10747
5110.22,BTC-28JUN19,1555325942792,open,0.37,0.1,0.36472933,0.37242606,0.37089703,66.81,0.395,0.0,BTC-28JUN19-3250-C,5138.92,0.0,0.3565,3.0,0.3845,3.0,89.17,2.32786,-1.05264,6.00148,7e-05,0.95114
170.98,ETH-27SEP19,1555325942793,open,0.22,58.0,0.188833,0.300184,0.216205,70.94,0.21,0.0,ETH-27SEP19-160-C,165.99,68.85,0.211,103.0,0.222,263.0,73.26,0.4269,-0.09184,0.33283,0.00456,0.64714
170.98,ETH-27SEP19,1555325942809,open,0.03,365.0,0.010127,0.083751,0.03374,79.06,0.037,0.0,ETH-27SEP19-340-C,165.99,77.29,0.031,210.0,0.038,326.0,81.68,0.27026,-0.06479,0.09131,0.00259,0.15196
168.55,ETH-28JUN19,1555325942814,open,0.16,4309.0,0.148227,0.246684,0.164158,68.91,0.183,0.0,ETH-28JUN19-180-P,165.99,66.59,0.16,90.0,0.168,192.0,71.05,0.30202,-0.14085,-0.23433,0.00762,-0.52273
5108.35,BTC-27SEP19,1555325942819,open,0.45,0.0,0.42801125,0.54893878,0.44607994,63.65,None,0.0,BTC-27DEC19-3000-C,5138.92,45.12,0.423,3.0,0.466,3.0,75.98,7.66437,-0.95333,16.15136,7e-05,0.8971
5108.35,BTC-27SEP19,1555325942821,open,0.32,10.0,0.28046908,0.51032859,0.31850563,61.47,0.288,0.0,BTC-27DEC19-6000-P,5138.92,59.66,0.3125,5.0,0.328,12.3,64.31,17.03707,-2.04633,-30.101,0.00015,-0.52205
168.55,ETH-28JUN19,1555325942819,open,0.16,4309.0,0.148227,0.246684,0.164158,68.91,0.183,0.0,ETH-28JUN19-180-P,165.99,66.59,0.16,90.0,0.168,191.0,71.05,0.30202,-0.14085,-0.23433,0.00762,-0.52273
165.99,index_price,1555325942828,open,0.06,401.0,0.046415,0.066649,0.049844,69.89,0.06,0,ETH-19APR19-160-C,165.99,58.77,0.046,149.0,0.054,50.0,81.42,0.05878,-0.52998,0.01159,0.02874,0.70758
5138.92,index_price,1555325942834,open,0.13,969.5,0.12649612,0.13797373,0.12895672,60.16,0.1195,0,BTC-26APR19-4500-C,5138.92,52.42,0.127,7.1,0.13,7.4,63.67,1.46067,-4.04013,1.19334,0.00031,0.9083
168.55,ETH-28JUN19,1555325942835,open,0.08,544.0,0.061543,0.159137,0.077316,69.11,0.09,0.0,ETH-28JUN19-190-C,165.99,67.21,0.074,302.0,0.081,95.0,71.22,0.29463,-0.13781,0.11319,0.00741,0.40912
5108.35,BTC-27SEP19,1555325942838,open,0.6,2.5,0.58945829,0.64055079,0.60845599,64.88,1.278,0.0,BTC-27SEP19-8000-P,5138.92,0.0,0.004,0.3,0.0,0.0,0.0,9.8616,-1.94043,-32.2972,0.00013,-0.7912
5110.22,BTC-28JUN19,1555325942838,open,0.95,43.0,0.95698923,0.96093721,0.96079312,74.57,0.89,0.0,BTC-28JUN19-10000-P,5138.92,0.0,0.0005,0.5,0.0,0.0,0.0,1.70861,-0.86238,-19.93531,4e-05,-0.96662
5108.35,BTC-27SEP19,1555325942838,open,0.61,28.2,0.60882939,0.61385758,0.6127341,76.61,0.608,0.0,BTC-27SEP19-2000-C,5138.92,0.0,0.592,3.0,0.625,3.0,102.52,1.57891,-0.36682,8.50185,2e-05,0.98118
5138.92,index_price,1555325942842,open,0.15,38.9,0.14876981,0.19498465,0.15859811,57.85,0.1695,0,BTC-31MAY19-5750-P,5138.92,56.21,0.1565,5.5,0.164,5.5,62.03,6.58218,-4.15013,-5.36443,0.00034,-0.67195
168.55,ETH-28JUN19,1555325942844,open,0.2,1747.0,0.188804,0.286399,0.204511,69.07,0.226,0.0,ETH-28JUN19-190-P,165.99,65.91,0.199,196.0,0.207,85.0,70.5,0.29461,-0.13773,-0.27138,0.00742,-0.591
5110.21,BTC-28JUN19,1555325942855,open,0.05,90.3,0.03752976,0.07501342,0.0502834,58.74,0.049,0.0,BTC-28JUN19-4500-P,5138.92,56.86,0.0475,0.1,0.052,5.0,59.89,7.59922,-3.02116,-3.31094,0.00024,-0.26983
5110.21,BTC-28JUN19,1555325942856,open,0.05,90.3,0.03752976,0.07501342,0.0502834,58.74,0.049,0.0,BTC-28JUN19-4500-P,5138.92,56.86,0.0475,0.1,0.0515,0.1,59.56,7.59922,-3.02116,-3.31094,0.00024,-0.26983
5138.92,index_price,1555325942857,open,0.0,5.2,1e-07,0.00131758,0.00024726,90.0,0.0005,0,BTC-19APR19-4125-P,5138.92,0.0,0.0,0.0,0.001,31.1,109.77,0.11406,-1.27067,-0.00441,5e-05,-0.00784
170.98,ETH-27SEP19,1555325942855,open,0.28,155.0,0.253103,0.350957,0.276983,71.19,0.36,0.0,ETH-27SEP19-140-C,165.99,69.34,0.273,93.0,0.283,125.0,73.96,0.36944,-0.07975,0.36102,0.00393,0.74442
5108.35,BTC-27SEP19,1555325942859,open,0.05,10.3,0.03375421,0.07938511,0.04739528,62.29,0.061,0.0,BTC-27SEP19-3750-P,5138.92,60.88,0.045,10.0,0.0495,16.2,63.51,8.74144,-1.65117,-5.05412,0.00012,-0.17163
5138.92,index_price,1555325942859,open,0.0,464.0,0.00038242,0.0068364,0.00255107,67.97,0.0025,0,BTC-26APR19-6250-C,5138.92,61.54,0.0015,39.0,0.003,12.5,70.24,0.96864,-3.02665,0.07836,0.00018,0.05372
5108.35,BTC-27SEP19,1555325942861,open,1.35,6.1,1.35081292,1.36826381,1.36339498,75.32,1.9095,0.0,BTC-27SEP19-12000-P,5138.92,0.0,0.002,0.3,0.0,0.0,0.0,4.89997,-1.11929,-52.78636,6e-05,-0.92419
170.98,ETH-27SEP19,1555325942860,open,0.21,330.0,0.191698,0.310172,0.220843,70.93,0.226,0.0,ETH-27SEP19-180-P,165.99,68.73,0.215,104.0,0.224,90.0,72.12,0.45456,-0.09777,-0.51664,0.00485,-0.44808
171.0,ETH-27SEP19,1555325942864,open,0.03,121.0,0.007317,0.07374,0.030449,81.1,0.03,0.0,ETH-27SEP19-360-C,165.99,80.1,0.029,1.0,0.034,335.0,83.44,0.25222,-0.06203,0.08241,0.00235,0.13713
5110.22,BTC-28JUN19,1555325942879,open,1.53,0.8,1.54392308,1.5443733,1.54537802,85.11,2.171,0.0,BTC-28JUN19-13000-P,5139.59,0.0,0.07,1.0,0.0,0.0,0.0,0.73455,-0.42313,-26.19955,2e-05,-0.98768
5110.22,BTC-28JUN19,1555325942879,open,0.02,66.7,0.00474134,0.02304378,0.01602196,62.04,0.016,0.0,BTC-28JUN19-3750-P,5139.59,60.16,0.0145,22.0,0.0175,15.0,63.81,4.20787,-1.76695,-1.2616,0.00013,-0.10595
5110.22,BTC-28JUN19,1555325942879,open,1.73,1.3,1.73960836,1.73982889,1.74081449,88.73,2.415,0.0,BTC-28JUN19-14000-P,5139.59,0.0,0.0,0.0,0.0,0.0,0.0,0.61462,-0.36911,-28.24457,1e-05,-0.98996
5110.22,BTC-28JUN19,1555325942879,open,0.61,20.1,0.60862788,0.608797,0.60949471,89.99,0.578,0.0,BTC-28JUN19-2000-C,5139.59,0.0,0.5955,3.0,0.622,3.0,145.34,0.38369,-0.23369,3.97824,1e-05,0.99412
5108.35,BTC-27SEP19,1555325942879,open,0.43,227.1,0.42141569,0.44692921,0.43054996,65.03,0.456,0.0,BTC-27SEP19-3000-C,5139.59,0.0,0.4105,3.0,0.4355,1.5,69.95,4.88227,-0.96282,11.39911,6e-05,0.92455
5108.35,BTC-27SEP19,1555325942879,open,0.01,336.1,0.00231203,0.01569555,0.00869847,69.38,0.0085,0.0,BTC-27SEP19-2500-P,5139.59,66.2,0.007,25.0,0.0105,26.7,72.42,2.88158,-0.60625,-1.09428,4e-05,-0.03872
5108.35,BTC-27SEP19,1555325942880,open,0.71,42.8,0.70638152,0.7074643,0.7079163,83.84,0.6235,0.0,BTC-27SEP19-1500-C,5139.59,0.0,0.6875,3.0,0.719,3.0,122.51,0.6705,-0.17048,6.57795,1e-05,0.99298
5110.22,BTC-28JUN19,1555325942880,open,0.52,24.4,0.51081567,0.51221658,0.5133275,81.97,0.5115,0.0,BTC-28JUN19-2500-C,5139.59,0.0,0.4985,3.0,0.5255,3.0,117.58,0.9631,-0.53432,4.85915,2e-05,0.98313
5110.22,BTC-28JUN19,1555325942880,open,0.0,388.0,6e-08,0.00010921,0.0008247,90.0,0.001,0.0,BTC-28JUN19-15000-C,5139.59,85.59,0.0005,9.6,0.0015,7.9,96.11,0.4483,-0.27307,0.06392,1e-05,0.00701
5110.22,BTC-28JUN19,1555325942880,open,2.9,0.4,2.91372583,2.9137297,2.91381007,90.62,5.076,0.0,BTC-28JUN19-20000-P,5139.59,0.0,0.0,0.0,0.0,0.0,0.0,0.06565,-0.04027,-40.47206,0.0,-0.99916
5110.22,BTC-28JUN19,1555325942880,open,0.02,1378.0,0.00963448,0.03701992,0.02116097,62.1,0.022,0.0,BTC-28JUN19-7000-C,5139.59,61.04,0.02,10.0,0.022,20.0,62.86,5.6377,-2.36962,1.45596,0.00017,0.16193
5138.92,index_price,1555325942879,open,0.2,0.2,0.19730226,0.19861974,0.19754942,90.0,0.206,0,BTC-19APR19-4125-C,5138.92,0.0,0.1855,3.0,0.2085,3.0,188.58,0.11406,-1.32433,0.43359,5e-05,0.99216
5139.59,index_price,1555325942879,open,0.41,0.0,0.41270384,0.43305287,0.41862275,64.8,None,0,BTC-31MAY19-7250-P,5139.59,0.0,0.0005,0.3,0.0,0.0,0.0,2.795,-1.97404,-8.62531,0.00013,-0.91661
5108.35,BTC-27SEP19,1555325942880,open,0.0,409.3,0.00034524,0.00537343,0.00424847,76.6,0.0065,0.0,BTC-27SEP19-2000-P,5139.59,72.14,0.003,8.1,0.005,4.7,78.92,1.57859,-0.36672,-0.53229,2e-05,-0.01882
5110.22,BTC-28JUN19,1555325942881,open,1.15,5.7,1.15257675,1.15449276,1.15527161,78.53,1.142,0.0,BTC-28JUN19-11000-P,5139.59,0.0,0.0005,0.4,0.0,0.0,0.0,1.25754,-0.66834,-22.05309,3e-05,-0.9769
5139.59,index_price,1555325942879,open,0.13,0.4,0.12451911,0.13172677,0.12512552,67.21,0.132,0,BTC-19APR19-4500-C,5139.59,0.0,0.1235,7.7,0.126,7.2,78.18,0.31349,-2.7182,0.4636,0.00017,0.97462
5110.22,BTC-28JUN19,1555325942881,open,1.34,10.0,1.34824146,1.34916825,1.35046727,83.4,1.243,0.0,BTC-28JUN19-12000-P,5139.59,0.0,0.0005,0.4,0.0,0.0,0.0,1.038,-0.58593,-24.12045,2e-05,-0.98158
5139.59,index_price,1555325942879,open,0.08,145.2,0.08113227,0.10192565,0.08438904,56.03,0.0975,0,BTC-26APR19-5500-P,5139.59,53.5,0.083,4.0,0.0885,4.0,63.21,2.86075,-7.36844,-1.267,0.00065,-0.74295
5139.59,index_price,1555325942880,open,0.0,65.4,0.00028324,0.01152669,0.00133905,64.67,0.0025,0,BTC-19APR19-5750-C,5139.59,61.18,0.001,12.3,0.002,22.9,70.27,0.54086,-4.51227,0.02622,0.0003,0.04939
5139.59,index_price,1555325942879,open,0.18,1623.9,0.17346683,0.17920959,0.17535597,67.41,0.111,0,BTC-26APR19-4250-C,5139.59,0.0,0.162,3.0,0.1855,3.6,104.83,0.84661,-2.62386,1.19338,0.00016,0.95462
5110.22,BTC-28JUN19,1555325942883,open,0.39,19.5,0.37943852,0.40682396,0.39096769,62.1,0.7515,0.0,BTC-28JUN19-7000-P,5139.59,0.0,0.0005,0.4,0.0,0.0,0.0,5.63798,-2.36983,-12.71189,0.00017,-0.83806
5139.59,index_price,1555325942880,open,0.31,0.0,0.3133557,0.31540318,0.31453765,77.79,None,0,BTC-26APR19-6750-P,5139.59,0.0,0.0005,0.2,0.398,0.1,260.15,0.51565,-1.84411,-1.97507,8e-05,-0.97516
5139.59,index_price,1555325942880,open,0.0,195.4,0.00135252,0.0118622,0.00415923,63.27,0.0045,0,BTC-26APR19-6000-C,5139.59,58.66,0.003,25.0,0.0045,11.2,64.49,1.39844,-4.06744,0.12606,0.00028,0.08648
5139.59,index_price,1555325942880,open,0.0,147.1,2.095e-05,0.00574602,0.00073965,75.6,0.0015,0,BTC-19APR19-6000-C,5139.59,71.22,0.0005,11.7,0.001,15.0,79.43,0.31687,-3.09043,0.01363,0.00015,0.02571
5139.59,index_price,1555325942879,open,0.37,0.0,0.36537202,0.38969586,0.37197597,63.2,None,0,BTC-31MAY19-7000-P,5139.59,0.0,0.0005,0.3,0.0,0.0,0.0,3.25842,-2.24444,-8.19982,0.00016,-0.89739
5109.02,BTC-27SEP19,1555325942879,open,0.14,88.1,0.10331336,0.30470771,0.13733343,61.58,0.1405,0.0,BTC-27DEC19-4500-P,5139.59,60.44,0.134,2.0,0.142,21.0,63.16,15.03009,-1.80852,-15.91907,0.00013,-0.30714
5139.59,index_price,1555325942880,open,0.56,0.0,0.56222189,0.56222189,0.56216481,0.0,0.429,0,BTC-26APR19-2250-C,5139.59,0.0,0.55,3.0,0.5735,3.0,325.14,0.0,0.0,0.67042,0.0,1.0
5139.59,index_price,1555325942880,open,0.04,87.0,0.03668044,0.06143711,0.03567382,47.11,0.0355,0,BTC-19APR19-5000-C,5139.59,40.65,0.0335,0.1,0.0355,6.8,46.61,1.77377,-10.78034,0.37505,0.00134,0.7229
5139.59,index_price,1555325942881,open,0.0,100.4,0.00234747,0.02161682,0.00283669,52.62,0.003,0,BTC-19APR19-5500-C,5139.59,47.99,0.002,38.0,0.004,9.8,58.16,1.00031,-6.79029,0.05886,0.00068,0.11069
5110.22,BTC-28JUN19,1555325942883,open,0.01,537.2,0.00056611,0.00855924,0.00613388,70.39,0.0055,0.0,BTC-28JUN19-9000-C,5139.59,67.86,0.005,13.7,0.006,5.0,70.1,2.43336,-1.15921,0.47082,7e-05,0.05165
5139.59,index_price,1555325942881,open,0.0,43.3,0.00036488,0.01148057,0.00124609,62.0,0.0005,0,BTC-19APR19-4625-P,5139.59,59.38,0.001,13.9,0.0015,0.2,64.42,0.51236,-4.09793,-0.02587,0.00029,-0.04616
5139.59,index_price,1555325942879,open,0.07,36.9,0.06115335,0.11060988,0.07012708,56.35,0.072,0,BTC-31MAY19-5250-C,5139.59,54.13,0.067,6.0,0.0695,5.0,55.9,7.26899,-4.46401,2.76008,0.00039,0.4974
5139.59,index_price,1555325942879,open,0.03,35.2,0.02171747,0.06073958,0.02984762,57.87,0.028,0,BTC-31MAY19-4500-P,5139.59,56.6,0.0285,10.0,0.031,7.0,58.94,5.48549,-3.45961,-1.65604,0.00029,-0.22651
5139.59,index_price,1555325942879,open,0.02,103.0,0.02197372,0.04861374,0.0208291,47.21,0.024,0,BTC-19APR19-5125-C,5139.59,42.74,0.019,0.1,0.022,10.7,50.06,2.10562,-12.8233,0.2795,0.00159,0.53298
5109.02,BTC-27SEP19,1555325942880,open,0.38,5.8,0.34905152,0.50203966,0.37360986,62.64,0.385,0.0,BTC-27DEC19-3500-C,5139.59,49.97,0.349,3.0,0.3935,3.0,72.03,10.52237,-1.28803,16.6073,9e-05,0.8373
5139.59,index_price,1555325942880,open,0.0,127.6,0.00397826,0.02478876,0.00447967,52.08,0.005,0,BTC-19APR19-4875-P,5139.59,47.93,0.0035,1.0,0.005,10.3,54.15,1.26643,-8.50828,-0.08749,0.00087,-0.15583
5139.59,index_price,1555325942880,open,0.0,4.0,0.0,0.00064709,8.621e-05,90.04,0.0005,0,BTC-19APR19-4000-P,5139.59,0.0,0.0,0.0,0.001,31.9,122.89,0.04841,-0.44307,-0.00168,2e-05,-0.003
5139.59,index_price,1555325942882,open,0.0,60.8,0.00086809,0.01592221,0.00196177,59.22,0.003,0,BTC-19APR19-5625-C,5139.59,55.79,0.0015,8.9,0.0025,7.1,62.73,0.7401,-5.65403,0.03917,0.00045,0.07375
5139.59,index_price,1555325942879,open,0.01,8.4,0.00339567,0.02771952,0.00982205,62.92,0.011,0,BTC-31MAY19-7000-C,5139.59,60.74,0.0085,5.0,0.0115,23.0,65.49,3.23096,-2.21562,0.59174,0.00015,0.10143
5139.59,index_price,1555325942882,open,0.0,233.8,0.0,1e-08,4e-08,90.02,0.0005,0,BTC-26APR19-2500-P,5139.59,0.0,0.0,0.0,0.0005,15.0,171.44,5e-05,-0.00019,0.0,0.0,0.0
5139.59,index_price,1555325942881,open,0.0,945.4,4.058e-05,0.00231384,0.00153013,78.77,0.001,0,BTC-26APR19-4000-P,5139.59,73.36,0.001,37.2,0.002,38.9,82.68,0.56932,-2.06167,-0.04516,9e-05,-0.02796
5139.59,index_price,1555325942881,open,0.12,5.1,0.11243743,0.15701555,0.12029781,56.34,0.13,0,BTC-31MAY19-4750-C,5139.59,52.89,0.116,5.7,0.119,5.0,55.3,6.43246,-3.94981,3.67715,0.00034,0.68953
5108.97,BTC-27SEP19,1555325942881,open,0.71,0.0,0.70650841,0.73333114,0.7098982,76.28,None,0.0,BTC-27DEC19-1500-C,5139.59,0.0,0.686,3.0,0.7215,3.0,102.65,1.39384,-0.20775,9.9388,1e-05,0.9874
5139.59,index_price,1555325942881,open,0.32,33.6,0.31901189,0.31917848,0.31920225,86.23,0.3345,0,BTC-26APR19-3500-C,5139.59,0.0,0.3065,3.0,0.33,3.0,171.08,0.10411,-0.41274,1.03652,2e-05,0.99604
5108.97,BTC-27SEP19,1555325942881,open,0.26,9.9,0.22251358,0.42390952,0.25642449,61.54,0.234,0.0,BTC-27DEC19-4500-C,5139.59,58.51,0.2475,5.0,0.262,5.0,63.44,15.03014,-1.80744,15.63084,0.00013,0.69285
5139.59,index_price,1555325942881,open,0.0,2173.6,6e-08,0.00016665,0.00027921,90.03,0.001,0,BTC-26APR19-3500-P,5139.59,96.69,0.0005,24.2,0.001,18.9,106.41,0.13704,-0.56721,-0.00867,2e-05,-0.00539
5139.59,index_price,1555325942882,open,0.01,142.1,0.00415091,0.01980684,0.00645623,56.67,0.0095,0,BTC-26APR19-5750-C,5139.59,54.05,0.0055,38.0,0.0075,10.8,59.36,1.93626,-5.04465,0.19843,0.00043,0.13603
5110.22,BTC-28JUN19,1555325942885,open,0.01,441.1,0.00353516,0.01818228,0.0111072,65.06,0.01,0.0,BTC-28JUN19-3500-P,5139.59,63.28,0.01,8.5,0.0115,10.6,65.67,3.25462,-1.43305,-0.89068,9e-05,-0.07501
5109.02,BTC-27SEP19,1555325942934,open,0.43,10.2,0.41493048,0.47670304,0.4380271,64.29,0.8,0.0,BTC-27SEP19-7000-P,5139.59,58.62,0.425,0.2,0.457,0.3,72.16,12.01158,-2.34194,-26.1694,0.00016,-0.69592
170.98,ETH-27SEP19,1555325942932,open,0.09,684.0,0.071912,0.169767,0.095793,71.19,0.096,0.0,ETH-27SEP19-140-P,165.99,68.96,0.091,103.0,0.1,224.0,73.13,0.36944,-0.07975,-0.27138,0.00393,-0.25558
170.98,ETH-27SEP19,1555325942947,open,0.08,352.0,0.052761,0.165217,0.080942,72.19,0.089,0.0,ETH-27SEP19-240-C,165.99,70.97,0.078,430.0,0.086,108.0,74.27,0.41313,-0.09045,0.18781,0.00433,0.32411
5110.89,BTC-28JUN19,1555325942955,open,2.9,0.4,2.91321277,2.91321665,2.91381007,106.47,5.076,0.0,BTC-28JUN19-20000-P,5139.59,0.0,0.0,0.0,0.0,0.0,0.0,0.30507,-0.21983,-40.43905,1e-05,-0.99546
168.55,ETH-28JUN19,1555325942952,open,0.02,512.0,0.004019,0.056392,0.01655,80.13,0.02,0.0,ETH-28JUN19-280-C,165.99,78.25,0.015,150.0,0.019,147.0,82.94,0.14238,-0.07722,0.0318,0.00309,0.10978
170.98,ETH-27SEP19,1555325942967,open,0.05,131.0,0.019554,0.108963,0.047277,77.0,0.046,0.0,ETH-27SEP19-300-C,165.99,74.72,0.043,180.0,0.05,229.0,78.42,0.3255,-0.07601,0.121,0.0032,0.20394
168.55,ETH-28JUN19,1555325942979,open,0.04,603.0,0.02619,0.112275,0.041359,71.26,0.05,0.0,ETH-28JUN19-220-C,165.99,70.31,0.04,383.0,0.045,102.0,73.77,0.24159,-0.11652,0.07159,0.0059,0.25122
170.98,ETH-27SEP19,1555325942995,open,0.0,120.0,0.000347,0.012151,0.00446,85.53,0.01,0.0,ETH-27SEP19-60-P,165.99,79.9,0.003,394.0,0.006,263.0,90.4,0.04959,-0.01286,-0.01694,0.00044,-0.01747
5110.22,BTC-28JUN19,1555325943003,open,0.05,90.3,0.0375292,0.0750127,0.0502834,58.74,0.049,0.0,BTC-28JUN19-4500-P,5139.59,56.52,0.047,20.1,0.0515,0.1,59.56,7.59921,-3.02118,-3.31093,0.00024,-0.26983
168.57,ETH-28JUN19,1555325943000,open,0.15,1066.0,0.131988,0.225341,0.146966,68.8,0.153,0.0,ETH-28JUN19-160-C,165.99,66.47,0.143,92.0,0.151,248.0,71.17,0.28714,-0.1337,0.1637,0.00726,0.62678
5110.22,BTC-28JUN19,1555325943004,open,0.05,90.3,0.0375292,0.0750127,0.0502834,58.74,0.049,0.0,BTC-28JUN19-4500-P,5139.59,56.52,0.047,20.2,0.0515,0.1,59.56,7.59921,-3.02118,-3.31093,0.00024,-0.26983
168.57,ETH-28JUN19,1555325943005,open,0.1,1968.0,0.08034,0.178796,0.096289,68.92,0.097,0.0,ETH-28JUN19-180-C,165.99,67.08,0.093,91.0,0.1,90.0,70.99,0.30206,-0.14089,0.13004,0.00762,0.47744
168.55,ETH-28JUN19,1555325943024,open,0.03,1411.0,0.021098,0.088085,0.031912,70.29,0.031,0.0,ETH-28JUN19-130-P,165.99,67.63,0.029,397.0,0.034,237.0,72.15,0.18727,-0.08909,-0.06673,0.00463,-0.1637
165.99,index_price,1555325943033,open,0.11,638.0,0.097578,0.108601,0.099731,75.79,0.092,0,ETH-19APR19-150-C,165.99,71.21,0.099,148.0,0.103,50.0,92.43,0.02795,-0.27331,0.01427,0.01261,0.90923
168.57,ETH-28JUN19,1555325943042,open,0.05,2650.0,0.035686,0.113685,0.048045,69.37,0.058,0.0,ETH-28JUN19-140-P,165.99,67.11,0.045,368.0,0.05,79.0,70.81,0.22819,-0.10714,-0.0936,0.00572,-0.2263
168.57,ETH-28JUN19,1555325943047,open,0.01,1225.0,0.005259,0.047109,0.012388,73.67,0.012,0.0,ETH-28JUN19-110-P,165.99,69.66,0.01,586.0,0.014,238.0,76.19,0.10518,-0.05244,-0.02914,0.00248,-0.07302
165.99,index_price,1555325943080,open,0.17,1.0,0.158564,0.176285,0.16104,72.01,0.164,0,ETH-26APR19-140-C,165.99,75.72,0.162,87.0,0.166,50.0,88.77,0.04099,-0.1357,0.03773,0.00693,0.92395
165.99,index_price,1555325943119,open,0.06,401.0,0.046415,0.066649,0.049844,69.89,0.06,0,ETH-19APR19-160-C,165.99,58.77,0.046,142.0,0.054,50.0,81.42,0.05878,-0.52998,0.01159,0.02874,0.70758
165.99,index_price,1555325943139,open,0.1,0.0,0.097765,0.131346,0.103051,69.61,None,0,ETH-26APR19-180-P,165.99,56.59,0.096,134.0,0.106,50.0,74.7,0.09465,-0.30291,-0.04123,0.01656,-0.73048
165.99,index_price,1555325943144,open,0.11,638.0,0.097578,0.108601,0.099731,75.79,0.092,0,ETH-19APR19-150-C,165.99,71.21,0.099,200.0,0.103,50.0,92.43,0.02795,-0.27331,0.01427,0.01261,0.90923
5110.22,BTC-28JUN19,1555325943160,open,0.01,441.1,0.00353516,0.01818228,0.0111072,65.06,0.01,0.0,BTC-28JUN19-3500-P,5139.59,63.28,0.01,8.5,0.0115,10.1,65.67,3.25462,-1.43305,-0.89068,9e-05,-0.07501
5110.22,BTC-28JUN19,1555325943161,open,0.02,250.9,0.01390035,0.04047872,0.02410692,60.55,0.0225,0.0,BTC-28JUN19-4000-P,5139.59,59.01,0.0225,10.0,0.025,10.1,61.4,5.36639,-2.19934,-1.8034,0.00017,-0.15025
165.99,index_price,1555325943169,open,0.17,1.0,0.158564,0.176285,0.16104,72.01,0.164,0,ETH-26APR19-140-C,165.99,75.72,0.162,131.0,0.166,50.0,88.77,0.04099,-0.1357,0.03773,0.00693,0.92395
165.99,index_price,1555325943192,open,0.06,401.0,0.046415,0.066649,0.049844,69.89,0.06,0,ETH-19APR19-160-C,165.99,58.77,0.046,177.0,0.054,50.0,81.42,0.05878,-0.52998,0.01159,0.02874,0.70758
171.0,ETH-27SEP19,1555325943195,open,1.12,0.0,1.11258,1.179003,1.135958,81.26,None,0.0,ETH-27SEP19-360-P,165.99,0.0,0.01,4.0,1.152,1.0,91.1,0.25315,-0.06239,-1.54338,0.00236,-0.86213
165.99,index_price,1555325943197,open,0.12,2.0,0.104876,0.13297,0.109124,69.8,0.107,0,ETH-26APR19-150-C,165.99,67.32,0.108,148.0,0.125,1.0,100.82,0.07617,-0.24443,0.03497,0.01329,0.8162
168.57,ETH-28JUN19,1555325943202,open,1.12,0.0,1.135899,1.158947,1.144144,93.47,None,0.0,ETH-28JUN19-360-P,165.99,0.0,0.002,2.0,0.0,0.0,0.0,0.08492,-0.05372,-0.71263,0.00158,-0.94454
168.57,ETH-28JUN19,1555325943216,open,0.29,1363.0,0.280907,0.371914,0.296577,70.48,0.324,0.0,ETH-28JUN19-210-P,165.99,67.51,0.292,90.0,0.301,1.0,73.3,0.26227,-0.12511,-0.34121,0.00647,-0.70351
5110.89,BTC-28JUN19,1555325943298,open,0.22,35.5,0.20790457,0.24856245,0.2209996,58.43,0.204,0.0,BTC-28JUN19-6000-P,5139.59,48.04,0.205,2.0,0.2255,0.3,61.22,8.18001,-3.23494,-9.36084,0.00026,-0.68392
5110.22,BTC-28JUN19,1555325943300,open,0.05,90.3,0.0375292,0.0750127,0.0502834,58.74,0.049,0.0,BTC-28JUN19-4500-P,5139.59,56.52,0.047,19.7,0.0515,0.1,59.56,7.59921,-3.02118,-3.31093,0.00024,-0.26983
5110.22,BTC-28JUN19,1555325943313,open,0.15,45.2,0.12727592,0.1715185,0.15075376,58.36,0.1645,0.0,BTC-28JUN19-5500-P,5139.59,56.24,0.147,5.0,0.1535,10.8,59.9,9.07093,-3.5827,-7.34214,0.00029,-0.55911
168.57,ETH-28JUN19,1555325943329,open,0.55,0.0,0.550029,0.613209,0.563941,77.05,None,0.0,ETH-28JUN19-260-P,165.99,0.0,0.002,15.0,0.0,0.0,0.0,0.16945,-0.08837,-0.48555,0.00382,-0.8592
171.0,ETH-27SEP19,1555325943329,open,1.0,0.0,0.998438,1.072076,1.022277,79.19,None,0.0,ETH-27SEP19-340-P,165.99,0.0,0.003,6.0,1.043,1.0,90.98,0.27111,-0.06511,-1.44415,0.00259,-0.84734
5108.35,BTC-27SEP19,1555325943330,open,0.07,902.4,0.04477829,0.10654197,0.06772698,64.23,0.063,0.0,BTC-27SEP19-7000-C,5139.59,61.99,0.0625,5.0,0.0655,10.0,63.28,12.0026,-2.33797,5.44421,0.00016,0.30366
5139.59,index_price,1555325943337,open,0.06,34.1,0.05692232,0.1050487,0.06577567,56.44,0.0655,0,BTC-31MAY19-5000-P,5139.59,55.15,0.064,11.6,0.0695,7.0,59.15,7.06673,-4.34729,-3.04805,0.00038,-0.40607
5110.89,BTC-28JUN19,1555325943336,open,0.14,112.0,0.11810094,0.15922684,0.14049045,58.7,0.142,0.0,BTC-28JUN19-4750-C,5139.59,57.49,0.1385,10.0,0.143,6.0,60.22,8.43579,-3.35136,5.36217,0.00027,0.65885
168.57,ETH-28JUN19,1555325943347,open,0.0,1500.0,0.00016,0.011662,0.002593,85.37,0.005,0.0,ETH-28JUN19-80-P,165.99,74.08,0.001,2146.0,0.004,568.0,92.01,0.03113,-0.01799,-0.00651,0.00063,-0.01648
5139.59,index_price,1555325943354,open,0.05,82.6,0.05139886,0.07463782,0.05138349,49.95,0.0475,0,BTC-19APR19-5375-P,5139.59,48.6,0.051,8.4,0.0535,9.2,56.96,1.4792,-9.53134,-0.46506,0.00106,-0.80079
5139.59,index_price,1555325943366,open,0.05,82.6,0.05139886,0.07463782,0.05138349,49.95,0.0475,0,BTC-19APR19-5375-P,5139.59,48.6,0.051,8.5,0.0535,9.2,56.96,1.4792,-9.53134,-0.46506,0.00106,-0.80079
171.0,ETH-27SEP19,1555325943367,open,0.38,356.0,0.359818,0.47754,0.389141,71.63,0.385,0.0,ETH-27SEP19-220-P,165.99,68.07,0.38,150.0,0.394,90.0,73.52,0.44055,-0.0957,-0.77274,0.00466,-0.61126
5110.22,BTC-28JUN19,1555325943428,open,0.0,919.7,0.00051369,0.00625346,0.00508237,71.83,0.005,0.0,BTC-28JUN19-3000-P,5139.59,68.52,0.004,19.9,0.006,12.0,74.34,1.78334,-0.86699,-0.41628,5e-05,-0.03517
5110.22,BTC-28JUN19,1555325943471,open,0.01,1059.5,0.00242612,0.01791343,0.01085822,66.4,0.0105,0.0,BTC-28JUN19-8000-C,5139.59,64.45,0.0095,15.7,0.012,16.0,67.95,3.6825,-1.65498,0.80155,0.0001,0.08835
5110.89,BTC-28JUN19,1555325943479,open,0.01,537.2,0.0005671,0.00856673,0.00613388,70.37,0.0055,0.0,BTC-28JUN19-9000-C,5139.59,67.85,0.005,13.8,0.006,5.0,70.09,2.43394,-1.15928,0.47095,7e-05,0.05166
168.57,ETH-28JUN19,1555325943512,open,0.05,2650.0,0.035686,0.113685,0.048045,69.37,0.058,0.0,ETH-28JUN19-140-P,165.99,67.11,0.045,120.0,0.05,79.0,70.81,0.22819,-0.10714,-0.0936,0.00572,-0.2263
5110.89,BTC-28JUN19,1555325943516,open,0.02,66.7,0.00473396,0.0230241,0.01602196,62.06,0.016,0.0,BTC-28JUN19-3750-P,5139.59,60.18,0.0145,22.0,0.0175,20.1,63.83,4.20755,-1.76736,-1.26145,0.00013,-0.10592
165.99,index_price,1555325943525,open,0.04,648.0,0.038875,0.060863,0.042555,69.44,0.032,0,ETH-19APR19-170-P,165.99,57.73,0.038,150.0,0.046,150.0,78.15,0.06528,-0.58476,-0.01163,0.03213,-0.61709
171.0,ETH-27SEP19,1555325943545,open,0.05,755.0,0.034866,0.112959,0.054307,72.22,0.054,0.0,ETH-27SEP19-120-P,165.99,70.23,0.051,91.0,0.057,120.0,73.82,0.28577,-0.06259,-0.16973,0.003,-0.16543
5110.89,BTC-28JUN19,1555325943621,open,0.14,112.0,0.11810094,0.15922684,0.14049038,58.7,0.142,0.0,BTC-28JUN19-4750-C,5139.59,57.49,0.1385,10.0,0.143,6.1,60.22,8.43579,-3.35136,5.36217,0.00027,0.65885
5139.59,index_price,1555325943723,open,0.09,39.1,0.0826356,0.13209214,0.0917422,56.44,0.0895,0,BTC-31MAY19-5250-P,5139.59,55.21,0.09,11.8,0.0945,0.2,58.39,7.26901,-4.47148,-3.83845,0.00039,-0.50246
5139.59,index_price,1555325943762,open,0.09,39.1,0.0826356,0.13209214,0.0917422,56.44,0.0895,0,BTC-31MAY19-5250-P,5139.59,55.21,0.09,16.8,0.0945,0.2,58.39,7.26901,-4.47148,-3.83845,0.00039,-0.50246
5111.11,BTC-28JUN19,1555325943883,open,1.92,2.0,1.93478331,1.93489266,1.93612482,94.88,2.658,0.0,BTC-28JUN19-15000-P,5139.63,0.0,0.0,0.0,0.0,0.0,0.0,0.63814,-0.40978,-30.26539,1e-05,-0.98953
5109.01,BTC-27SEP19,1555325943904,open,0.39,0.0,0.37845861,0.4107455,0.3892682,63.92,None,0.0,BTC-27SEP19-3250-C,5139.63,41.06,0.3685,3.0,0.3935,0.2,67.35,6.13286,-1.18876,11.73048,8e-05,0.89756
5111.11,BTC-28JUN19,1555325943915,open,0.21,2.5,0.18657972,0.21771253,0.20312458,58.96,0.166,0.0,BTC-28JUN19-4250-C,5139.63,46.31,0.188,3.0,0.207,0.2,61.97,6.5101,-2.59778,6.13547,0.00021,0.79622
5108.97,BTC-27SEP19,1555325943921,open,0.35,261.1,0.3377691,0.37686684,0.35012532,63.03,0.38,0.0,BTC-27SEP19-3500-C,5139.63,46.0,0.3285,3.0,0.3545,0.5,65.99,7.44223,-1.42259,11.89017,0.0001,0.86534
5111.11,BTC-28JUN19,1555325943952,open,0.0,1412.3,0.0,6.16e-06,7.474e-05,90.01,0.001,0.0,BTC-28JUN19-1500-P,5139.63,108.53,0.0005,29.5,0.001,8.0,118.07,0.0498,-0.03034,-0.00718,0.0,-0.00062
5111.07,BTC-28JUN19,1555325943958,open,0.03,70.0,0.018103,0.04923663,0.03479295,59.07,0.033,0.0,BTC-28JUN19-4250-P,5139.63,57.66,0.033,9.6,0.0365,15.0,60.4,6.51603,-2.60515,-2.47124,0.00021,-0.2041
5109.01,BTC-27SEP19,1555325943971,open,0.28,2.4,0.25865819,0.32757741,0.27958691,62.0,0.284,0.0,BTC-27SEP19-6000-P,5139.63,58.16,0.2695,0.2,0.295,0.2,67.81,13.48465,-2.53521,-19.6168,0.00018,-0.57043
5139.63,index_price,1555325944227,open,0.02,906.1,0.0110097,0.03180385,0.0141252,55.77,0.016,0,BTC-26APR19-5500-C,5139.63,50.93,0.0115,28.0,0.0135,9.5,54.64,2.85454,-7.31905,0.37038,0.00065,0.25598
5139.63,index_price,1555325944313,open,0.05,82.6,0.05139223,0.07463237,0.05138358,49.97,0.0475,0,BTC-19APR19-5375-P,5139.63,48.62,0.051,8.4,0.0535,9.2,56.98,1.47993,-9.54046,-0.46498,0.00106,-0.80063
5139.63,index_price,1555325944325,open,0.05,82.6,0.05139223,0.07463237,0.05138358,49.97,0.0475,0,BTC-19APR19-5375-P,5139.63,48.62,0.051,8.5,0.0535,9.2,56.98,1.47993,-9.54046,-0.46498,0.00106,-0.80063
168.57,ETH-28JUN19,1555325944439,open,0.15,1066.0,0.131988,0.225341,0.146994,68.8,0.153,0.0,ETH-28JUN19-160-C,165.99,66.47,0.143,91.0,0.151,248.0,71.17,0.28714,-0.1337,0.1637,0.00726,0.62678
168.57,ETH-28JUN19,1555325944442,open,0.05,2650.0,0.035686,0.113685,0.048029,69.37,0.058,0.0,ETH-28JUN19-140-P,165.99,67.11,0.045,368.0,0.05,79.0,70.81,0.22819,-0.10714,-0.0936,0.00572,-0.2263
168.57,ETH-28JUN19,1555325944443,open,0.15,1066.0,0.131988,0.225341,0.146994,68.8,0.153,0.0,ETH-28JUN19-160-C,165.99,66.47,0.143,91.0,0.151,239.0,71.17,0.28714,-0.1337,0.1637,0.00726,0.62678
171.0,ETH-27SEP19,1555325944444,open,0.05,755.0,0.034866,0.112959,0.054281,72.22,0.054,0.0,ETH-27SEP19-120-P,165.99,70.23,0.051,357.0,0.057,120.0,73.82,0.28577,-0.06259,-0.16973,0.003,-0.16543
171.0,ETH-27SEP19,1555325944449,open,0.11,48.0,0.073268,0.19099,0.10244,71.58,0.101,0.0,ETH-27SEP19-220-C,165.99,69.85,0.098,412.0,0.107,108.0,73.34,0.44047,-0.09561,0.22096,0.00466,0.3885
171.0,ETH-27SEP19,1555325944460,open,0.08,530.0,0.037937,0.143416,0.073935,76.99,0.076,0.0,ETH-27SEP19-260-C,165.99,72.16,0.063,60.0,0.07,92.0,75.28,0.39391,-0.09197,0.16753,0.00387,0.2908
168.57,ETH-28JUN19,1555325944476,open,0.1,1968.0,0.08034,0.178796,0.096311,68.92,0.097,0.0,ETH-28JUN19-180-C,165.99,67.08,0.093,90.0,0.1,90.0,70.99,0.30206,-0.14089,0.13004,0.00762,0.47744
168.57,ETH-28JUN19,1555325944498,open,0.12,683.0,0.103628,0.200773,0.119343,68.8,0.128,0.0,ETH-28JUN19-170-C,165.99,66.94,0.116,88.0,0.123,90.0,70.87,0.3001,-0.13974,0.14719,0.00758,0.55072
171.0,ETH-27SEP19,1555325944520,open,0.15,912.0,0.124558,0.2359,0.151987,70.96,0.152,0.0,ETH-27SEP19-160-P,165.99,68.56,0.146,102.0,0.156,223.0,72.57,0.42691,-0.09187,-0.38988,0.00455,-0.35276
171.0,ETH-27SEP19,1555325944531,open,0.05,755.0,0.034866,0.112959,0.054281,72.22,0.054,0.0,ETH-27SEP19-120-P,165.99,70.23,0.051,356.0,0.057,120.0,73.82,0.28577,-0.06259,-0.16973,0.003,-0.16543
171.0,ETH-27SEP19,1555325944536,open,0.02,57.0,0.001106,0.036073,0.016375,88.72,0.018,0.0,ETH-27SEP19-480-C,165.99,87.25,0.015,60.0,0.017,86.0,89.36,0.16425,-0.04419,0.04602,0.0014,0.07595
171.0,ETH-27SEP19,1555325944548,open,0.13,214.0,0.101259,0.221415,0.131176,71.27,0.132,0.0,ETH-27SEP19-200-C,165.99,69.7,0.127,60.0,0.136,185.0,73.07,0.45674,-0.09871,0.25794,0.00485,0.46511
168.57,ETH-28JUN19,1555325944561,open,0.01,255.0,0.001084,0.036074,0.011099,86.68,0.015,0.0,ETH-28JUN19-320-C,165.99,84.88,0.01,160.0,0.012,108.0,88.08,0.10596,-0.06216,0.02137,0.00213,0.07373
168.57,ETH-28JUN19,1555325944573,open,0.05,2650.0,0.035686,0.113685,0.048029,69.37,0.058,0.0,ETH-28JUN19-140-P,165.99,67.11,0.045,368.0,0.05,80.0,70.81,0.22819,-0.10714,-0.0936,0.00572,-0.2263
165.99,index_price,1555325944578,open,0.0,1.0,0.001989,0.01971,0.004556,72.42,0.008,0,ETH-26APR19-140-P,165.99,65.51,0.003,118.0,0.006,250.0,77.8,0.04143,-0.13792,-0.00404,0.00697,-0.07711
171.0,ETH-27SEP19,1555325944582,open,0.04,229.0,0.014068,0.095421,0.03885,77.51,0.042,0.0,ETH-27SEP19-320-C,165.99,76.43,0.037,11.0,0.043,220.0,79.88,0.2941,-0.06913,0.10362,0.00287,0.173
168.57,ETH-28JUN19,1555325944591,open,0.01,69.0,0.000287,0.023336,0.008403,93.22,0.009,0.0,ETH-28JUN19-360-C,165.99,92.39,0.008,4.0,0.009,159.0,94.39,0.08418,-0.05311,0.01585,0.00157,0.05485
168.57,ETH-28JUN19,1555325944596,open,0.07,1734.0,0.046724,0.141698,0.06247,69.69,0.068,0.0,ETH-28JUN19-200-C,165.99,67.58,0.059,351.0,0.066,212.0,71.79,0.28055,-0.13232,0.09768,0.007,0.34879
168.57,ETH-28JUN19,1555325944601,open,0.02,1597.0,0.007643,0.070823,0.021456,76.96,0.024,0.0,ETH-28JUN19-260-C,165.99,75.48,0.02,210.0,0.025,337.0,80.37,0.16915,-0.08811,0.04059,0.00382,0.14043
168.57,ETH-28JUN19,1555325944614,open,0.01,1225.0,0.005259,0.047109,0.012382,73.67,0.012,0.0,ETH-28JUN19-110-P,165.99,69.66,0.01,510.0,0.014,238.0,76.19,0.10518,-0.05244,-0.02914,0.00248,-0.07302
168.57,ETH-28JUN19,1555325944627,open,0.22,339.0,0.20517,0.28317,0.217513,69.33,0.224,0.0,ETH-28JUN19-140-C,165.99,66.75,0.214,30.0,0.221,82.0,71.92,0.22815,-0.10706,0.1898,0.00572,0.77377
168.57,ETH-28JUN19,1555325944636,open,0.18,387.0,0.165798,0.252732,0.179449,68.82,0.189,0.0,ETH-28JUN19-150-C,165.99,66.62,0.176,82.0,0.184,203.0,71.75,0.26266,-0.12234,0.17849,0.00664,0.70256
168.57,ETH-28JUN19,1555325944640,open,0.18,387.0,0.165798,0.252732,0.179449,68.82,0.189,0.0,ETH-28JUN19-150-C,165.99,66.62,0.176,82.0,0.184,194.0,71.75,0.26266,-0.12234,0.17849,0.00664,0.70256
165.99,index_price,1555325944652,open,0.03,74.0,0.025036,0.060916,0.031421,70.06,0.029,0,ETH-26APR19-160-P,165.99,64.65,0.028,200.0,0.033,200.0,72.43,0.10696,-0.34451,-0.01925,0.0186,-0.35778
171.0,ETH-27SEP19,1555325944657,open,0.17,273.0,0.138989,0.257459,0.168088,70.91,0.173,0.0,ETH-27SEP19-180-C,165.99,69.0,0.163,170.0,0.173,90.0,72.76,0.4546,-0.09776,0.29653,0.00485,0.55198
171.0,ETH-27SEP19,1555325944685,open,0.06,313.0,0.027241,0.12484,0.059041,76.99,0.064,0.0,ETH-27SEP19-280-C,165.99,73.09,0.051,458.0,0.059,233.0,76.97,0.36031,-0.08413,0.14268,0.00354,0.24376
168.57,ETH-28JUN19,1555325944689,open,0.12,3897.0,0.112111,0.209256,0.127895,68.83,0.134,0.0,ETH-28JUN19-170-P,165.99,66.11,0.123,109.0,0.131,90.0,70.6,0.3001,-0.13981,-0.1969,0.00758,-0.44925
168.57,ETH-28JUN19,1555325944698,open,0.12,3897.0,0.112111,0.209256,0.127895,68.83,0.134,0.0,ETH-28JUN19-170-P,165.99,66.11,0.123,109.0,0.131,173.0,70.6,0.3001,-0.13981,-0.1969,0.00758,-0.44925
165.99,index_price,1555325944709,open,0.17,1.0,0.158564,0.176285,0.161131,72.01,0.164,0,ETH-26APR19-140-C,165.99,75.72,0.162,137.0,0.166,50.0,88.77,0.04099,-0.1357,0.03773,0.00693,0.92395
168.57,ETH-28JUN19,1555325944734,open,0.05,490.0,0.035134,0.126141,0.050744,70.43,0.048,0.0,ETH-28JUN19-210-C,165.99,68.67,0.048,368.0,0.055,236.0,73.16,0.26219,-0.12499,0.08378,0.00647,0.2963
171.0,ETH-27SEP19,1555325944743,open,0.02,112.0,0.003846,0.05757,0.023293,83.2,0.026,0.0,ETH-27SEP19-400-C,165.99,81.31,0.021,210.0,0.026,95.0,85.32,0.21253,-0.05362,0.06503,0.00193,0.10748
165.99,index_price,1555325944748,open,0.01,1704.0,0.010329,0.030563,0.013837,70.22,0.012,0,ETH-19APR19-160-P,165.99,59.03,0.01,200.0,0.016,249.0,76.16,0.05885,-0.53311,-0.00541,0.02864,-0.29318
171.0,ETH-27SEP19,1555325944753,open,0.22,58.0,0.188886,0.300228,0.216205,70.92,0.21,0.0,ETH-27SEP19-160-C,165.99,68.83,0.211,103.0,0.222,259.0,73.24,0.42692,-0.09181,0.33293,0.00456,0.64722
171.0,ETH-27SEP19,1555325944756,open,0.03,365.0,0.010134,0.083772,0.03374,79.05,0.037,0.0,ETH-27SEP19-340-C,165.99,77.28,0.031,210.0,0.038,325.0,81.67,0.27031,-0.0648,0.09133,0.00259,0.15198
168.57,ETH-28JUN19,1555325944762,open,0.16,4309.0,0.148145,0.246602,0.164199,68.95,0.183,0.0,ETH-28JUN19-180-P,165.99,66.07,0.159,114.0,0.168,191.0,71.1,0.30207,-0.14097,-0.23427,0.00762,-0.52248
168.57,ETH-28JUN19,1555325944766,open,0.16,4309.0,0.148145,0.246602,0.164199,68.95,0.183,0.0,ETH-28JUN19-180-P,165.99,66.07,0.159,114.0,0.168,192.0,71.1,0.30207,-0.14097,-0.23427,0.00762,-0.52248
168.57,ETH-28JUN19,1555325944770,open,0.03,840.0,0.014301,0.089109,0.029095,73.96,0.034,0.0,ETH-28JUN19-240-C,165.99,73.03,0.028,120.0,0.032,221.0,76.33,0.20263,-0.10143,0.05329,0.00476,0.18528
168.57,ETH-28JUN19,1555325944775,open,0.03,840.0,0.014301,0.089109,0.029095,73.96,0.034,0.0,ETH-28JUN19-240-C,165.99,73.03,0.028,120.0,0.032,218.0,76.33,0.20263,-0.10143,0.05329,0.00476,0.18528
168.57,ETH-28JUN19,1555325944790,open,0.09,2169.0,0.081149,0.174502,0.096211,68.83,0.103,0.0,ETH-28JUN19-160-P,165.99,65.79,0.091,228.0,0.099,154.0,70.49,0.28714,-0.13377,-0.16015,0.00725,-0.37322
165.99,index_price,1555325944800,open,0.06,401.0,0.046415,0.066649,0.049923,69.89,0.06,0,ETH-19APR19-160-C,165.99,58.77,0.046,183.0,0.054,50.0,81.42,0.05878,-0.52998,0.01159,0.02874,0.70758
168.57,ETH-28JUN19,1555325944804,open,0.08,544.0,0.06158,0.159179,0.077296,69.09,0.09,0.0,ETH-28JUN19-190-C,165.99,67.19,0.074,302.0,0.081,89.0,71.19,0.29468,-0.13779,0.11323,0.00742,0.4092
168.57,ETH-28JUN19,1555325944812,open,0.0,1774.0,0.000666,0.02019,0.004664,81.36,0.007,0.0,ETH-28JUN19-90-P,165.99,75.04,0.003,377.0,0.006,250.0,85.56,0.05,-0.02753,-0.01144,0.00107,-0.02888
168.57,ETH-28JUN19,1555325944819,open,0.2,1747.0,0.188708,0.286307,0.204558,69.13,0.226,0.0,ETH-28JUN19-190-P,165.99,65.97,0.199,187.0,0.207,85.0,70.55,0.2947,-0.13788,-0.27131,0.00741,-0.59069
168.57,ETH-28JUN19,1555325944824,open,0.2,1747.0,0.188708,0.286307,0.204463,69.13,0.226,0.0,ETH-28JUN19-190-P,165.99,65.97,0.199,187.0,0.207,86.0,70.55,0.2947,-0.13788,-0.27131,0.00741,-0.59069
171.0,ETH-27SEP19,1555325944838,open,0.28,155.0,0.253162,0.351003,0.277038,71.16,0.36,0.0,ETH-27SEP19-140-C,165.99,69.31,0.273,92.0,0.283,125.0,73.94,0.36941,-0.07972,0.36114,0.00393,0.74452
171.0,ETH-27SEP19,1555325944849,open,0.21,330.0,0.191621,0.31009,0.220764,70.96,0.226,0.0,ETH-27SEP19-180-P,165.99,68.76,0.215,101.0,0.224,90.0,72.15,0.45459,-0.09782,-0.51658,0.00485,-0.44793
171.0,ETH-27SEP19,1555325944861,open,0.03,124.0,0.005297,0.065076,0.026046,81.8,0.03,0.0,ETH-27SEP19-380-C,165.99,80.25,0.024,210.0,0.03,335.0,84.66,0.22922,-0.05686,0.07219,0.00212,0.11949
165.99,index_price,1555325944865,open,0.12,2.0,0.104876,0.13297,0.109209,69.8,0.107,0,ETH-26APR19-150-C,165.99,67.32,0.108,153.0,0.125,1.0,100.82,0.07617,-0.24443,0.03497,0.01329,0.8162
168.57,ETH-28JUN19,1555325944878,open,0.01,776.0,0.002096,0.045049,0.013506,83.64,0.013,0.0,ETH-28JUN19-300-C,165.99,81.52,0.012,160.0,0.015,97.0,85.65,0.12267,-0.06944,0.02594,0.00255,0.08952
171.0,ETH-27SEP19,1555325944883,open,0.09,684.0,0.071876,0.169716,0.095752,71.2,0.096,0.0,ETH-27SEP19-140-P,165.99,68.98,0.091,101.0,0.1,224.0,73.15,0.36943,-0.07977,-0.27136,0.00393,-0.25551
171.0,ETH-27SEP19,1555325944887,open,0.08,352.0,0.052785,0.165251,0.080971,72.18,0.089,0.0,ETH-27SEP19-240-C,165.99,70.96,0.078,430.0,0.086,106.0,74.26,0.41319,-0.09045,0.18785,0.00433,0.32414
168.57,ETH-28JUN19,1555325944892,open,0.01,82.0,7.6e-05,0.015281,0.006607,98.77,0.008,0.0,ETH-28JUN19-400-C,165.99,97.24,0.006,210.0,0.007,158.0,99.72,0.06864,-0.04588,0.01224,0.00121,0.04249
168.57,ETH-28JUN19,1555325944904,open,0.01,82.0,7.6e-05,0.015281,0.006607,98.77,0.008,0.0,ETH-28JUN19-400-C,165.99,97.24,0.006,210.0,0.007,157.0,99.72,0.06864,-0.04588,0.01224,0.00121,0.04249
168.57,ETH-28JUN19,1555325944915,open,0.02,512.0,0.004023,0.056414,0.016556,80.12,0.02,0.0,ETH-28JUN19-280-C,165.99,78.24,0.015,150.0,0.019,144.0,82.92,0.14241,-0.07722,0.03181,0.00309,0.10979
168.57,ETH-28JUN19,1555325944926,open,0.0,1500.0,0.00016,0.011662,0.002591,85.37,0.005,0.0,ETH-28JUN19-80-P,165.99,74.08,0.001,2145.0,0.004,568.0,92.01,0.03113,-0.01799,-0.00651,0.00063,-0.01648
171.0,ETH-27SEP19,1555325944933,open,0.05,131.0,0.019565,0.108989,0.047296,76.99,0.046,0.0,ETH-27SEP19-300-C,165.99,74.71,0.043,180.0,0.05,228.0,78.41,0.32555,-0.07601,0.12102,0.0032,0.20396
168.57,ETH-28JUN19,1555325944958,open,0.04,603.0,0.026211,0.112309,0.041371,71.24,0.05,0.0,ETH-28JUN19-220-C,165.99,70.29,0.04,383.0,0.045,98.0,73.75,0.24164,-0.11651,0.07162,0.0059,0.25126
5111.07,BTC-28JUN19,1555325944961,open,0.05,90.3,0.03748158,0.07495157,0.05028268,58.78,0.049,0.0,BTC-28JUN19-4500-P,5139.63,56.56,0.047,19.7,0.0515,5.1,59.59,7.59853,-3.02275,-3.31006,0.00024,-0.26969
165.99,index_price,1555325944969,open,0.1,0.0,0.097765,0.131346,0.102951,69.43,None,0,ETH-26APR19-180-P,165.99,56.59,0.096,116.0,0.106,50.0,74.7,0.09455,-0.3018,-0.04125,0.01659,-0.7311
5109.01,BTC-27SEP19,1555325944985,open,0.07,317.6,0.06419688,0.12102064,0.07714137,60.05,0.079,0.0,BTC-27SEP19-4250-P,5139.63,59.29,0.0755,21.0,0.0815,10.0,62.07,11.03288,-2.00924,-7.67211,0.00016,-0.2553
5139.63,index_price,1555325945010,open,0.05,82.6,0.05139223,0.07463237,0.05127226,49.97,0.0475,0,BTC-19APR19-5375-P,5139.63,48.62,0.051,8.4,0.0535,9.2,56.98,1.47993,-9.54046,-0.46498,0.00106,-0.80063
5108.97,BTC-27SEP19,1555325945027,open,0.02,616.4,0.00868239,0.03418621,0.01781156,65.04,0.016,0.0,BTC-27SEP19-3000-P,5139.63,63.09,0.016,6.0,0.02,10.0,67.27,4.88206,-0.96294,-2.15218,6e-05,-0.07543
5108.97,BTC-27SEP19,1555325945029,open,0.02,16.5,0.01459039,0.04687798,0.02547941,63.98,0.02,0.0,BTC-27SEP19-3250-P,5139.63,61.88,0.023,35.0,0.0275,16.0,65.64,6.13962,-1.19129,-2.95566,8e-05,-0.10259
168.57,ETH-28JUN19,1555325945033,open,0.15,1066.0,0.131988,0.225341,0.146994,68.8,0.153,0.0,ETH-28JUN19-160-C,165.99,66.47,0.143,91.0,0.151,240.0,71.17,0.28714,-0.1337,0.1637,0.00726,0.62678
5108.97,BTC-27SEP19,1555325945048,open,0.35,261.1,0.3377691,0.37686684,0.35012323,63.03,0.38,0.0,BTC-27SEP19-3500-C,5139.63,46.0,0.3285,3.0,0.355,1.5,66.32,7.44223,-1.42259,11.89017,0.0001,0.86534
168.57,ETH-28JUN19,1555325945043,open,0.12,683.0,0.103628,0.200773,0.119343,68.8,0.128,0.0,ETH-28JUN19-170-C,165.99,66.94,0.116,89.0,0.123,90.0,70.87,0.3001,-0.13974,0.14719,0.00758,0.55072
168.57,ETH-28JUN19,1555325945060,open,0.01,69.0,0.000287,0.023336,0.008409,93.22,0.009,0.0,ETH-28JUN19-360-C,165.99,92.39,0.008,4.0,0.009,160.0,94.39,0.08418,-0.05311,0.01585,0.00157,0.05485
168.57,ETH-28JUN19,1555325945064,open,0.07,1734.0,0.046724,0.141698,0.062504,69.69,0.068,0.0,ETH-28JUN19-200-C,165.99,67.58,0.059,351.0,0.066,213.0,71.79,0.28055,-0.13232,0.09768,0.007,0.34879
168.57,ETH-28JUN19,1555325945070,open,0.01,1225.0,0.005259,0.047109,0.012382,73.67,0.012,0.0,ETH-28JUN19-110-P,165.99,69.66,0.01,583.0,0.014,238.0,76.19,0.10518,-0.05244,-0.02914,0.00248,-0.07302
171.0,ETH-27SEP19,1555325945147,open,0.0,120.0,0.000347,0.012146,0.004457,85.54,0.01,0.0,ETH-27SEP19-60-P,165.99,79.91,0.003,393.0,0.006,263.0,90.41,0.04959,-0.01286,-0.01694,0.00044,-0.01747
168.57,ETH-28JUN19,1555325945150,open,0.15,1066.0,0.131988,0.225341,0.146994,68.8,0.153,0.0,ETH-28JUN19-160-C,165.99,66.47,0.143,91.0,0.151,242.0,71.17,0.28714,-0.1337,0.1637,0.00726,0.62678
171.0,ETH-27SEP19,1555325945170,open,0.11,48.0,0.073268,0.19099,0.102473,71.58,0.101,0.0,ETH-27SEP19-220-C,165.99,69.85,0.098,412.0,0.107,105.0,73.34,0.44047,-0.09561,0.22096,0.00466,0.3885
171.0,ETH-27SEP19,1555325945177,open,0.08,530.0,0.037937,0.143416,0.073935,76.99,0.076,0.0,ETH-27SEP19-260-C,165.99,72.16,0.063,60.0,0.071,236.0,75.72,0.39391,-0.09197,0.16753,0.00387,0.2908
168.57,ETH-28JUN19,1555325945192,open,0.1,1968.0,0.08034,0.178796,0.096311,68.92,0.097,0.0,ETH-28JUN19-180-C,165.99,67.08,0.093,91.0,0.1,90.0,70.99,0.30206,-0.14089,0.13004,0.00762,0.47744
171.0,ETH-27SEP19,1555325945216,open,0.15,912.0,0.124558,0.2359,0.151927,70.96,0.152,0.0,ETH-27SEP19-160-P,165.99,68.56,0.146,99.0,0.156,223.0,72.57,0.42691,-0.09187,-0.38988,0.00455,-0.35276
5139.63,index_price,1555325945223,open,0.24,0.1,0.22727531,0.25172887,0.23303083,60.54,0.239,0,BTC-31MAY19-4000-C,5139.63,0.0,0.217,3.0,0.244,3.0,75.78,3.22356,-2.12708,4.30137,0.00016,0.89889
5108.96,BTC-27SEP19,1555325945225,open,0.31,0.0,0.29972762,0.34534726,0.31337139,62.29,None,0.0,BTC-27SEP19-3750-C,5139.63,48.21,0.291,3.0,0.317,0.2,64.39,8.7404,-1.65108,11.88648,0.00012,0.82843
171.0,ETH-27SEP19,1555325945222,open,0.15,912.0,0.124558,0.2359,0.151927,70.96,0.152,0.0,ETH-27SEP19-160-P,165.99,68.56,0.146,99.0,0.156,224.0,72.57,0.42691,-0.09187,-0.38988,0.00455,-0.35276
5108.96,BTC-27SEP19,1555325945227,open,0.39,0.0,0.35422205,0.58448877,0.39097146,61.47,None,0.0,BTC-27DEC19-6500-P,5139.63,51.84,0.36,2.0,0.417,2.0,69.37,16.69097,-2.00477,-34.89715,0.00015,-0.58339
5111.28,BTC-28JUN19,1555325945241,open,0.0,375.3,5.98e-06,0.00093445,0.00222722,83.36,0.0025,0.0,BTC-28JUN19-12000-C,5139.63,79.28,0.0015,10.0,0.003,1.0,86.8,1.03692,-0.58505,0.16725,2e-05,0.01839
171.0,ETH-27SEP19,1555325945243,open,0.05,755.0,0.034866,0.112959,0.054281,72.22,0.054,0.0,ETH-27SEP19-120-P,165.99,70.23,0.051,354.0,0.057,120.0,73.82,0.28577,-0.06259,-0.16973,0.003,-0.16543
5108.96,BTC-27SEP19,1555325945246,open,0.1,32.7,0.06322231,0.29088576,0.0981646,61.55,0.1065,0.0,BTC-27DEC19-7000-C,5139.63,61.5,0.098,0.1,0.099,10.0,61.82,16.03244,-1.92842,9.44634,0.00014,0.36192
171.0,ETH-27SEP19,1555325945248,open,0.13,214.0,0.101259,0.221415,0.131215,71.27,0.132,0.0,ETH-27SEP19-200-C,165.99,69.7,0.127,60.0,0.136,182.0,73.07,0.45674,-0.09871,0.25794,0.00485,0.46511
5111.28,BTC-28JUN19,1555325945252,open,0.0,310.4,2.8e-07,0.00022127,0.00120109,88.67,0.0015,0.0,BTC-28JUN19-14000-C,5139.63,80.86,0.0005,12.0,0.002,7.9,94.18,0.61289,-0.36782,0.09103,1e-05,0.01
5108.96,BTC-27SEP19,1555325945252,open,0.03,44.5,0.00481022,0.15705776,0.02736845,69.54,0.028,0.0,BTC-27DEC19-12000-C,5139.63,69.32,0.027,0.2,0.0275,10.0,69.62,8.55274,-1.16225,3.31463,7e-05,0.11992
171.0,ETH-27SEP19,1555325945257,open,0.04,229.0,0.014068,0.095421,0.038866,77.51,0.042,0.0,ETH-27SEP19-320-C,165.99,76.43,0.037,11.0,0.043,218.0,79.88,0.2941,-0.06913,0.10362,0.00287,0.173
168.57,ETH-28JUN19,1555325945272,open,0.07,1734.0,0.046724,0.141698,0.062504,69.69,0.068,0.0,ETH-28JUN19-200-C,165.99,67.58,0.059,351.0,0.066,214.0,71.79,0.28055,-0.13232,0.09768,0.007,0.34879
168.57,ETH-28JUN19,1555325945280,open,0.02,1597.0,0.007643,0.070823,0.021471,76.96,0.024,0.0,ETH-28JUN19-260-C,165.99,75.48,0.02,210.0,0.024,82.0,79.43,0.16915,-0.08811,0.04059,0.00382,0.14043
168.57,ETH-28JUN19,1555325945282,open,0.01,1225.0,0.005259,0.047109,0.012382,73.67,0.012,0.0,ETH-28JUN19-110-P,165.99,69.66,0.01,584.0,0.014,238.0,76.19,0.10518,-0.05244,-0.02914,0.00248,-0.07302
168.57,ETH-28JUN19,1555325945295,open,0.22,339.0,0.20517,0.28317,0.217513,69.33,0.224,0.0,ETH-28JUN19-140-C,165.99,66.75,0.214,30.0,0.221,85.0,71.92,0.22815,-0.10706,0.1898,0.00572,0.77377
168.57,ETH-28JUN19,1555325945300,open,0.18,387.0,0.165798,0.252732,0.179449,68.82,0.189,0.0,ETH-28JUN19-150-C,165.99,66.62,0.176,82.0,0.184,196.0,71.75,0.26266,-0.12234,0.17849,0.00664,0.70256
171.0,ETH-27SEP19,1555325945304,open,0.17,273.0,0.138989,0.257459,0.168132,70.91,0.173,0.0,ETH-27SEP19-180-C,165.99,69.0,0.163,169.0,0.173,90.0,72.76,0.4546,-0.09776,0.29653,0.00485,0.55198
5139.63,index_price,1555325945317,open,0.05,82.6,0.05139223,0.07463237,0.05127226,49.97,0.0475,0,BTC-19APR19-5375-P,5139.63,48.62,0.051,8.3,0.0535,9.2,56.98,1.47993,-9.54046,-0.46498,0.00106,-0.80063
171.0,ETH-27SEP19,1555325945317,open,0.06,313.0,0.027241,0.12484,0.059063,76.99,0.064,0.0,ETH-27SEP19-280-C,165.99,73.09,0.051,458.0,0.059,231.0,76.97,0.36031,-0.08413,0.14268,0.00354,0.24376
168.57,ETH-28JUN19,1555325945325,open,0.44,1682.0,0.438042,0.51285,0.452855,74.03,0.434,0.0,ETH-28JUN19-240-P,165.99,63.15,0.441,31.0,0.453,1.0,74.09,0.20284,-0.10163,-0.43239,0.00476,-0.8144
171.0,ETH-27SEP19,1555325945322,open,0.01,820.0,0.003131,0.033322,0.011925,78.68,0.01,0.0,ETH-27SEP19-80-P,165.99,75.49,0.01,405.0,0.014,150.0,81.83,0.10792,-0.02575,-0.04357,0.00104,-0.04448
5139.63,index_price,1555325945325,open,0.05,82.6,0.05139223,0.07463237,0.05127226,49.97,0.0475,0,BTC-19APR19-5375-P,5139.63,48.62,0.051,8.4,0.0535,9.2,56.98,1.47993,-9.54046,-0.46498,0.00106,-0.80063
168.57,ETH-28JUN19,1555325945326,open,0.34,1135.0,0.331306,0.417405,0.346467,71.3,0.369,0.0,ETH-28JUN19-220-P,165.99,68.09,0.342,30.0,0.349,1.0,73.0,0.24176,-0.11666,-0.37361,0.0059,-0.7485
168.57,ETH-28JUN19,1555325945327,open,0.12,3897.0,0.112111,0.209256,0.127826,68.83,0.134,0.0,ETH-28JUN19-170-P,165.99,66.11,0.123,110.0,0.131,173.0,70.6,0.3001,-0.13981,-0.1969,0.00758,-0.44925
5108.96,BTC-27SEP19,1555325945342,open,0.19,11.5,0.17682775,0.24145944,0.19146803,59.87,0.175,0.0,BTC-27SEP19-4750-C,5139.63,57.68,0.186,3.0,0.1945,3.0,61.09,12.73348,-2.31203,10.55562,0.00018,0.64886
5108.96,BTC-27SEP19,1555325945348,open,0.28,239.2,0.2645429,0.31613571,0.27909005,61.63,0.3,0.0,BTC-27SEP19-4000-C,5139.63,49.59,0.2565,3.0,0.2825,1.5,63.37,9.96389,-1.86208,11.73386,0.00014,0.78754
168.57,ETH-28JUN19,1555325945353,open,0.12,3897.0,0.112111,0.209256,0.127826,68.83,0.134,0.0,ETH-28JUN19-170-P,165.99,66.11,0.123,110.0,0.131,90.0,70.6,0.3001,-0.13981,-0.1969,0.00758,-0.44925
5108.96,BTC-27SEP19,1555325945371,open,0.97,2.0,0.96364288,0.99454613,0.97869364,69.29,1.8325,0.0,BTC-27SEP19-10000-P,5139.63,0.0,0.002,0.3,0.0,0.0,0.0,6.59463,-1.38581,-43.04935,8e-05,-0.8867
171.0,ETH-27SEP19,1555325945368,open,0.02,5.0,0.002048,0.045373,0.019265,86.03,0.025,0.0,ETH-27SEP19-440-C,165.99,83.88,0.017,210.0,0.021,105.0,87.6,0.18547,-0.04839,0.05406,0.00163,0.08925
168.57,ETH-28JUN19,1555325945387,open,0.05,490.0,0.035134,0.126141,0.050744,70.43,0.048,0.0,ETH-28JUN19-210-C,165.99,68.67,0.048,368.0,0.055,237.0,73.16,0.26219,-0.12499,0.08378,0.00647,0.2963
5108.96,BTC-27SEP19,1555325945390,open,0.02,636.4,0.003279,0.02660052,0.01704757,72.28,0.018,0.0,BTC-27SEP19-11000-C,5139.63,70.84,0.0155,20.0,0.0185,10.0,73.58,5.61366,-1.23051,1.70249,7e-05,0.09082
171.0,ETH-27SEP19,1555325945391,open,0.22,58.0,0.188886,0.300228,0.216255,70.92,0.21,0.0,ETH-27SEP19-160-C,165.99,68.83,0.211,102.0,0.222,259.0,73.24,0.42692,-0.09181,0.33293,0.00456,0.64722
5139.63,index_price,1555325945395,open,0.23,0.0,0.22173387,0.22238083,0.22181361,89.34,None,0,BTC-19APR19-4000-C,5139.63,0.0,0.21,3.0,0.233,3.0,208.13,0.04569,-0.52658,0.42316,2e-05,0.99719
5139.63,index_price,1555325945395,open,0.31,0.0,0.31332411,0.31382058,0.31338458,91.52,None,0,BTC-19APR19-6750-P,5139.63,0.0,0.001,0.3,0.397,0.1,433.2,0.03712,-0.4382,-0.71555,1e-05,-0.99777
5139.63,index_price,1555325945397,open,0.06,36.3,0.05546523,0.07627432,0.05593942,51.97,0.0585,0,BTC-19APR19-4875-C,5139.63,37.7,0.053,8.7,0.0555,6.4,50.15,1.26365,-8.4716,0.43046,0.00087,0.84469
171.0,ETH-27SEP19,1555325945397,open,0.22,58.0,0.188886,0.300228,0.216255,70.92,0.21,0.0,ETH-27SEP19-160-C,165.99,68.83,0.211,102.0,0.222,255.0,73.24,0.42692,-0.09181,0.33293,0.00456,0.64722
5139.63,index_price,1555325945399,open,0.0,143.1,8.179e-05,0.0082062,0.00090372,69.28,0.0015,0,BTC-19APR19-5875-C,5139.63,62.98,0.0005,91.2,0.0015,21.9,75.98,0.39053,-3.49028,0.01755,0.0002,0.03306
171.0,ETH-27SEP19,1555325945400,open,0.03,365.0,0.010134,0.083772,0.033754,79.05,0.037,0.0,ETH-27SEP19-340-C,165.99,77.28,0.031,210.0,0.038,324.0,81.67,0.27031,-0.0648,0.09133,0.00259,0.15198
5139.63,index_price,1555325945414,open,0.28,0.0,0.27326819,0.30665114,0.28059102,59.63,None,0,BTC-31MAY19-6500-P,5139.63,0.0,0.0005,5.3,0.0,0.0,0.0,4.38641,-2.85066,-7.25551,0.00022,-0.84258
5139.63,index_price,1555325945414,open,0.0,36.0,1.154e-05,0.00437723,0.00078224,80.92,0.0005,0,BTC-19APR19-4375-P,5139.63,75.42,0.0005,35.0,0.001,17.9,84.36,0.30144,-3.14676,-0.01365,0.00013,-0.02422
168.57,ETH-28JUN19,1555325945416,open,0.16,4309.0,0.148145,0.246602,0.164117,68.95,0.183,0.0,ETH-28JUN19-180-P,165.99,66.63,0.16,85.0,0.168,192.0,71.1,0.30207,-0.14097,-0.23427,0.00762,-0.52248
168.57,ETH-28JUN19,1555325945427,open,0.03,840.0,0.014301,0.089109,0.029114,73.96,0.034,0.0,ETH-28JUN19-240-C,165.99,73.03,0.028,120.0,0.032,219.0,76.33,0.20263,-0.10143,0.05329,0.00476,0.18528
168.57,ETH-28JUN19,1555325945438,open,0.09,2169.0,0.081149,0.174502,0.096155,68.83,0.103,0.0,ETH-28JUN19-160-P,165.99,65.79,0.091,229.0,0.099,154.0,70.49,0.28714,-0.13377,-0.16015,0.00725,-0.37322
168.57,ETH-28JUN19,1555325945443,open,0.08,544.0,0.06158,0.159179,0.077335,69.09,0.09,0.0,ETH-28JUN19-190-C,165.99,67.19,0.074,302.0,0.081,91.0,71.19,0.29468,-0.13779,0.11323,0.00742,0.4092
168.57,ETH-28JUN19,1555325945456,open,0.2,1747.0,0.188708,0.286307,0.204463,69.13,0.226,0.0,ETH-28JUN19-190-P,165.99,65.97,0.199,189.0,0.207,86.0,70.55,0.2947,-0.13788,-0.27131,0.00741,-0.59069
168.57,ETH-28JUN19,1555325945460,open,0.2,1747.0,0.188708,0.286307,0.204463,69.13,0.226,0.0,ETH-28JUN19-190-P,165.99,65.97,0.199,189.0,0.207,85.0,70.55,0.2947,-0.13788,-0.27131,0.00741,-0.59069
171.0,ETH-27SEP19,1555325945466,open,0.28,155.0,0.253162,0.351003,0.277038,71.16,0.36,0.0,ETH-27SEP19-140-C,165.99,69.31,0.273,91.0,0.283,125.0,73.94,0.36941,-0.07972,0.36114,0.00393,0.74452
5139.63,index_price,1555325945481,open,0.06,36.3,0.05546523,0.07627432,0.05593942,51.97,0.0585,0,BTC-19APR19-4875-C,5139.63,40.65,0.0535,0.1,0.0555,6.4,50.15,1.26365,-8.4716,0.43046,0.00087,0.84469
171.0,ETH-27SEP19,1555325945471,open,0.21,330.0,0.191621,0.31009,0.220764,70.96,0.226,0.0,ETH-27SEP19-180-P,165.99,68.76,0.215,97.0,0.224,90.0,72.15,0.45459,-0.09782,-0.51658,0.00485,-0.44793
171.0,ETH-27SEP19,1555325945493,open,0.03,121.0,0.007317,0.07374,0.030462,81.1,0.03,0.0,ETH-27SEP19-360-C,165.99,80.1,0.029,1.0,0.034,333.0,83.44,0.25222,-0.06203,0.08241,0.00235,0.13713
5139.63,index_price,1555325945496,open,0.03,89.0,0.03325135,0.05925694,0.0326139,48.32,0.029,0,BTC-19APR19-5250-P,5139.63,45.37,0.0315,9.8,0.0345,8.8,53.26,1.94902,-12.15067,-0.37585,0.00144,-0.65608
5139.63,index_price,1555325945496,open,0.17,0.0,0.16875203,0.17926259,0.17157803,63.33,None,0,BTC-26APR19-6000-P,5139.63,0.0,0.001,0.3,0.2285,0.1,172.13,1.40167,-4.08131,-1.66134,0.00028,-0.91326
5139.63,index_price,1555325945498,open,0.05,82.6,0.05139223,0.07463237,0.05127226,49.97,0.0475,0,BTC-19APR19-5375-P,5139.63,48.62,0.051,8.3,0.0535,9.2,56.98,1.47993,-9.54046,-0.46498,0.00106,-0.80063
171.0,ETH-27SEP19,1555325945501,open,0.03,124.0,0.005297,0.065076,0.026046,81.8,0.03,0.0,ETH-27SEP19-380-C,165.99,80.25,0.024,210.0,0.03,334.0,84.66,0.22922,-0.05686,0.07219,0.00212,0.11949
5139.63,index_price,1555325945509,open,0.05,82.6,0.05139223,0.07463237,0.05127226,49.97,0.0475,0,BTC-19APR19-5375-P,5139.63,48.62,0.051,8.4,0.0535,9.2,56.98,1.47993,-9.54046,-0.46498,0.00106,-0.80063
168.57,ETH-28JUN19,1555325945505,open,0.01,776.0,0.002096,0.045049,0.013506,83.64,0.013,0.0,ETH-28JUN19-300-C,165.99,81.52,0.012,160.0,0.015,98.0,85.65,0.12267,-0.06944,0.02594,0.00255,0.08952
171.0,ETH-27SEP19,1555325945510,open,0.38,356.0,0.359818,0.47754,0.389023,71.63,0.385,0.0,ETH-27SEP19-220-P,165.99,68.07,0.38,90.0,0.394,90.0,73.52,0.44055,-0.0957,-0.77274,0.00466,-0.61126
171.0,ETH-27SEP19,1555325945510,open,0.09,684.0,0.071876,0.169716,0.095752,71.2,0.096,0.0,ETH-27SEP19-140-P,165.99,68.98,0.091,99.0,0.1,224.0,73.15,0.36943,-0.07977,-0.27136,0.00393,-0.25551
171.0,ETH-27SEP19,1555325945514,open,0.09,684.0,0.071876,0.169716,0.095752,71.2,0.096,0.0,ETH-27SEP19-140-P,165.99,68.98,0.091,99.0,0.1,225.0,73.15,0.36943,-0.07977,-0.27136,0.00393,-0.25551
5111.28,BTC-28JUN19,1555325945518,open,0.57,24.8,0.56759753,0.58310093,0.57634864,66.83,0.525,0.0,BTC-28JUN19-8000-P,5139.63,0.0,0.0005,0.4,0.0,0.0,0.0,3.73911,-1.69118,-15.3749,0.00011,-0.90984
5139.63,index_price,1555325945518,open,0.42,5.9,0.4163004,0.41630369,0.41630379,85.17,0.4005,0,BTC-26APR19-3000-C,5139.63,0.0,0.404,3.0,0.4275,3.0,225.66,0.0033,-0.01293,0.89374,0.0,0.99991
171.0,ETH-27SEP19,1555325945519,open,0.08,352.0,0.052785,0.165251,0.080971,72.18,0.089,0.0,ETH-27SEP19-240-C,165.99,70.96,0.078,430.0,0.086,104.0,74.26,0.41319,-0.09045,0.18785,0.00433,0.32414
168.57,ETH-28JUN19,1555325945524,open,0.02,512.0,0.004023,0.056414,0.016556,80.12,0.02,0.0,ETH-28JUN19-280-C,165.99,78.24,0.015,150.0,0.019,145.0,82.92,0.14241,-0.07722,0.03181,0.00309,0.10979
171.0,ETH-27SEP19,1555325945533,open,0.05,131.0,0.019565,0.108989,0.047296,76.99,0.046,0.0,ETH-27SEP19-300-C,165.99,74.71,0.043,180.0,0.05,227.0,78.41,0.32555,-0.07601,0.12102,0.0032,0.20396
168.57,ETH-28JUN19,1555325945542,open,0.04,603.0,0.026211,0.112309,0.041371,71.24,0.05,0.0,ETH-28JUN19-220-C,165.99,70.29,0.04,383.0,0.045,99.0,73.75,0.24164,-0.11651,0.07162,0.0059,0.25126
5139.63,index_price,1555325945552,open,0.05,473.2,0.04925062,0.07228275,0.05041857,51.81,0.053,0,BTC-26APR19-5000-C,5139.63,45.71,0.0465,10.0,0.051,9.7,52.71,3.32591,-7.92172,0.8996,0.00082,0.63784
5139.63,index_price,1555325945554,open,0.05,473.2,0.04925062,0.07228275,0.05041857,51.81,0.053,0,BTC-26APR19-5000-C,5139.63,45.71,0.0465,10.0,0.051,9.6,52.71,3.32591,-7.92172,0.8996,0.00082,0.63784
5139.63,index_price,1555325945564,open,0.02,906.1,0.0110097,0.03180385,0.0141567,55.77,0.016,0,BTC-26APR19-5500-C,5139.63,50.93,0.0115,28.0,0.0135,9.4,54.64,2.85454,-7.31905,0.37038,0.00065,0.25598
5139.63,index_price,1555325945570,open,0.03,89.0,0.03325135,0.05925694,0.0326139,48.32,0.029,0,BTC-19APR19-5250-P,5139.63,45.37,0.0315,9.9,0.0345,8.8,53.26,1.94902,-12.15067,-0.37585,0.00144,-0.65608
5108.96,BTC-27SEP19,1555325945586,open,0.09,87.3,0.06332395,0.24355631,0.09306468,61.87,0.0885,0.0,BTC-27DEC19-4000-P,5139.63,60.48,0.0895,5.0,0.0975,22.5,63.6,13.06039,-1.57907,-11.65214,0.00012,-0.23227
5139.63,index_price,1555325945584,open,0.02,51.2,0.01913119,0.045771,0.0180533,47.38,0.016,0,BTC-19APR19-5125-P,5139.63,44.8,0.017,0.1,0.02,11.2,52.12,2.10563,-12.87011,-0.26472,0.00158,-0.46701
5139.63,index_price,1555325945596,open,0.06,34.1,0.05691873,0.10504474,0.06570974,56.4,0.0655,0,BTC-31MAY19-5000-P,5139.63,55.15,0.064,11.5,0.0695,7.0,59.15,7.06668,-4.34399,-3.0475,0.00038,-0.40605
5139.63,index_price,1555325945620,open,0.06,36.3,0.05546523,0.07627432,0.0559455,51.97,0.0585,0,BTC-19APR19-4875-C,5139.63,40.65,0.0535,0.1,0.056,11.7,52.21,1.26365,-8.4716,0.43046,0.00087,0.84469
5139.63,index_price,1555325945634,open,0.01,198.3,0.00951837,0.03427409,0.00860127,47.38,0.006,0,BTC-19APR19-5000-P,5139.63,44.15,0.0075,10.1,0.0095,11.1,49.95,1.7768,-10.85957,-0.15645,0.00134,-0.27806
5139.63,index_price,1555325945650,open,0.24,0.0,0.24036184,0.24216092,0.24059381,85.47,None,0,BTC-19APR19-6375-P,5139.63,0.0,0.001,0.3,0.31,0.1,355.76,0.11814,-1.30272,-0.67259,5e-05,-0.99184
5139.63,index_price,1555325945651,open,0.05,166.5,0.04657626,0.07046455,0.04780182,51.82,0.048,0,BTC-26APR19-5250-P,5139.63,51.37,0.0475,12.0,0.0495,10.7,54.32,3.47418,-8.27715,-0.95599,0.00085,-0.57644
5108.96,BTC-27SEP19,1555325945662,open,0.06,60.1,0.02225534,0.22328854,0.05317853,64.51,0.053,0.0,BTC-27DEC19-9000-C,5139.63,64.24,0.0525,0.1,0.0535,10.0,64.64,12.60715,-1.58933,5.91151,0.00011,0.21823
5139.63,index_price,1555325945662,open,0.02,165.2,0.0220833,0.04511542,0.02325578,51.81,0.0225,0,BTC-26APR19-5000-P,5139.63,50.65,0.0225,18.0,0.0245,9.1,53.73,3.32595,-7.9229,-0.59025,0.00082,-0.36217
5139.63,index_price,1555325945663,open,0.13,969.5,0.12660894,0.13807018,0.12906429,59.78,0.1195,0,BTC-26APR19-4500-C,5139.63,51.9,0.127,7.4,0.13,7.4,63.33,1.4431,-3.96621,1.1958,0.00031,0.9098
5139.63,index_price,1555325945671,open,0.23,485.7,0.22177443,0.22404739,0.2232599,78.73,0.21,0,BTC-26APR19-4000-C,5139.63,0.0,0.21,3.0,0.226,1.6,96.59,0.56841,-2.05745,1.14679,9e-05,0.9721
5139.63,index_price,1555325945670,open,0.03,89.0,0.03325135,0.05925694,0.03260858,48.32,0.029,0,BTC-19APR19-5250-P,5139.63,45.37,0.0315,9.5,0.0345,8.8,53.26,1.94902,-12.15067,-0.37585,0.00144,-0.65608
5111.28,BTC-28JUN19,1555325945678,open,0.0,333.9,2.764e-05,0.00194682,0.00272164,78.51,0.003,0.0,BTC-28JUN19-11000-C,5139.63,72.52,0.0015,52.0,0.004,9.0,83.06,1.25775,-0.66829,0.21085,3e-05,0.0231
5139.63,index_price,1555325945676,open,0.03,89.0,0.03325135,0.05925694,0.03260858,48.32,0.029,0,BTC-19APR19-5250-P,5139.63,45.37,0.0315,9.5,0.0345,9.2,53.26,1.94902,-12.15067,-0.37585,0.00144,-0.65608
165.99,index_price,1555325945680,open,0.01,126.0,0.008545,0.036638,0.012878,69.98,0.01,0,ETH-26APR19-150-P,165.99,63.5,0.01,200.0,0.014,200.0,72.4,0.07632,-0.24554,-0.00975,0.01328,-0.18435
5139.63,index_price,1555325945682,open,0.09,39.1,0.08263097,0.13208747,0.09165941,56.39,0.0895,0,BTC-31MAY19-5250-P,5139.63,55.21,0.09,16.7,0.0945,0.2,58.39,7.26906,-4.46739,-3.83836,0.00039,-0.50252
5139.63,index_price,1555325945693,open,0.14,4.0,0.14316018,0.15128459,0.14398239,69.28,0.103,0,BTC-19APR19-5875-P,5139.63,0.0,0.001,0.3,0.2495,0.1,385.33,0.3906,-3.49111,-0.60627,0.0002,-0.96693
5111.28,BTC-28JUN19,1555325945698,open,0.24,367.4,0.23129084,0.25784904,0.24146708,60.43,0.231,0.0,BTC-28JUN19-4000-C,5139.63,44.05,0.2265,3.0,0.2435,1.5,62.45,5.35478,-2.19021,6.29939,0.00017,0.85028
5139.63,index_price,1555325945702,open,0.01,235.2,0.01177705,0.03778263,0.01113427,48.19,0.0145,0,BTC-19APR19-5250-C,5139.63,43.96,0.0095,7.6,0.012,7.7,50.58,1.94802,-12.11047,0.18139,0.00144,0.34345
5139.63,index_price,1555325945712,open,0.01,235.2,0.01177705,0.03778263,0.01113427,48.19,0.0145,0,BTC-19APR19-5250-C,5139.63,43.96,0.0095,7.6,0.012,7.6,50.58,1.94802,-12.11047,0.18139,0.00144,0.34345
5111.44,BTC-28JUN19,1555325945713,open,0.42,43.8,0.41359325,0.4193236,0.41811429,71.72,0.433,0.0,BTC-28JUN19-3000-C,5139.63,0.0,0.403,3.0,0.431,3.0,97.39,1.77375,-0.86096,5.65859,5e-05,0.96508
5108.96,BTC-27SEP19,1555325945726,open,1.75,0.0,1.74209135,1.86742352,1.76350833,75.15,None,0.0,BTC-27DEC19-14000-P,5139.63,0.0,0.0,0.0,0.0,0.0,0.0,7.44977,-1.09397,-95.43175,5e-05,-0.90104
5139.63,index_price,1555325945724,open,0.12,21.7,0.11342013,0.16211899,0.12348688,57.37,0.135,0,BTC-31MAY19-5500-P,5139.63,55.19,0.1205,15.3,0.1275,5.5,60.27,7.07702,-4.42512,-4.61895,0.00037,-0.59153
5139.63,index_price,1555325945734,open,0.12,21.7,0.11342013,0.16211899,0.12348688,57.37,0.135,0,BTC-31MAY19-5500-P,5139.63,55.19,0.1205,15.3,0.1275,5.6,60.27,7.07702,-4.42512,-4.61895,0.00037,-0.59153
5139.63,index_price,1555325945738,open,0.01,14.5,0.00544555,0.03416022,0.01246976,61.34,0.0145,0,BTC-31MAY19-6750-C,5139.63,60.0,0.0115,6.0,0.014,18.0,63.37,3.77579,-2.52436,0.73462,0.00019,0.12619
5139.63,index_price,1555325945738,open,0.28,0.0,0.27265108,0.28986217,0.27684572,62.26,None,0,BTC-31MAY19-3750-C,5139.63,0.0,0.2615,3.0,0.288,3.0,82.26,2.22628,-1.51081,4.2711,0.00011,0.93802
5139.63,index_price,1555325945740,open,0.0,109.4,0.00135444,0.01723907,0.00272627,59.28,0.0025,0,BTC-19APR19-4750-P,5139.63,54.75,0.002,1.2,0.0035,37.7,63.54,0.88285,-6.75201,-0.05237,0.00053,-0.09324
5139.63,index_price,1555325945743,open,0.06,71.4,0.04330418,0.09200305,0.05337094,57.37,0.055,0,BTC-31MAY19-5500-C,5139.63,54.18,0.049,6.0,0.0555,55.4,58.91,7.07697,-4.42477,2.29379,0.00037,0.40846
5139.63,index_price,1555325945749,open,0.08,26.4,0.07716339,0.09304803,0.07853523,59.24,0.068,0,BTC-19APR19-4750-C,5139.63,43.61,0.0765,7.8,0.079,11.8,61.89,0.88181,-6.73929,0.45209,0.00053,0.90691
5139.63,index_price,1555325945756,open,0.08,26.4,0.07716339,0.09304803,0.07853523,59.24,0.068,0,BTC-19APR19-4750-C,5139.63,43.61,0.0765,7.8,0.079,11.2,61.89,0.88181,-6.73929,0.45209,0.00053,0.90691
5139.63,index_price,1555325945772,open,0.02,165.2,0.0220833,0.04511542,0.02325578,51.81,0.0225,0,BTC-26APR19-5000-P,5139.63,50.65,0.0225,18.0,0.0245,9.2,53.73,3.32595,-7.9229,-0.59025,0.00082,-0.36217
5139.63,index_price,1555325945776,open,0.0,127.6,0.00397709,0.02478618,0.00445735,52.08,0.005,0,BTC-19APR19-4875-P,5139.63,47.94,0.0035,1.0,0.005,10.4,54.15,1.26637,-8.50863,-0.08748,0.00087,-0.15581
5139.63,index_price,1555325945777,open,0.01,107.4,0.0055971,0.02883725,0.00547057,49.47,0.006,0,BTC-19APR19-5375-C,5139.63,46.07,0.0045,24.2,0.007,24.6,54.71,1.46852,-9.37152,0.10445,0.00106,0.19684
5139.63,index_price,1555325945779,open,0.01,107.4,0.0055971,0.02883725,0.00547057,49.47,0.006,0,BTC-19APR19-5375-C,5139.63,46.07,0.0045,24.2,0.007,24.5,54.71,1.46852,-9.37152,0.10445,0.00106,0.19684
5139.63,index_price,1555325945781,open,0.0,100.4,0.00234822,0.02161902,0.00285173,52.61,0.003,0,BTC-19APR19-5500-C,5139.63,47.98,0.002,38.0,0.004,9.7,58.16,1.00037,-6.79017,0.05886,0.00068,0.1107
5108.96,BTC-27SEP19,1555325945792,open,0.0,42.0,0.00010967,0.02693253,0.00353258,76.4,0.002,0.0,BTC-27DEC19-1500-P,5139.63,66.98,0.0015,20.0,0.0055,12.5,82.65,1.40176,-0.20926,-0.58079,1e-05,-0.01268
5139.63,index_price,1555325945794,open,0.05,82.6,0.05139223,0.07463237,0.05126569,49.97,0.0475,0,BTC-19APR19-5375-P,5139.63,48.62,0.051,7.9,0.0535,9.2,56.98,1.47993,-9.54046,-0.46498,0.00106,-0.80063
5139.63,index_price,1555325945805,open,0.0,1362.0,2.33e-06,0.00070697,0.00099282,89.37,0.0015,0,BTC-26APR19-3750-P,5139.63,81.04,0.0005,25.0,0.0015,19.2,95.46,0.37365,-1.53519,-0.02752,5e-05,-0.01698
5139.63,index_price,1555325945803,open,0.05,82.6,0.05139223,0.07463237,0.05126569,49.97,0.0475,0,BTC-19APR19-5375-P,5139.63,48.62,0.051,7.9,0.0535,9.7,56.98,1.47993,-9.54046,-0.46498,0.00106,-0.80063
5108.97,BTC-27SEP19,1555325945818,open,0.35,261.1,0.3377691,0.37686684,0.35018567,63.03,0.38,0.0,BTC-27SEP19-3500-C,5139.63,46.0,0.3285,3.0,0.355,2.0,66.32,7.44223,-1.42259,11.89017,0.0001,0.86534
5108.96,BTC-27SEP19,1555325945820,open,1.16,3.1,1.15635908,1.1796806,1.1701227,72.28,1.9215,0.0,BTC-27SEP19-11000-P,5139.63,0.0,0.002,0.3,0.0,0.0,0.0,5.61282,-1.23025,-47.98639,7e-05,-0.9092
5139.63,index_price,1555325945820,open,0.0,357.1,9.606e-05,0.00382353,0.00153075,71.57,0.002,0,BTC-26APR19-6500-C,5139.63,74.97,0.002,42.5,0.0025,30.9,78.11,0.65253,-2.1471,0.04814,0.00012,0.03296
5139.63,index_price,1555325945817,open,0.04,87.0,0.03668569,0.06144142,0.03576859,47.09,0.0355,0,BTC-19APR19-5000-C,5139.63,40.63,0.0335,0.1,0.036,11.2,48.04,1.77342,-10.77471,0.37511,0.00134,0.72302
5139.63,index_price,1555325945824,open,0.0,43.3,0.00036472,0.01147915,0.00123955,62.0,0.0005,0,BTC-19APR19-4625-P,5139.63,59.38,0.001,13.8,0.0015,0.2,64.42,0.51234,-4.09803,-0.02587,0.00029,-0.04616
5139.63,index_price,1555325945826,open,0.09,886.4,0.08393418,0.10208243,0.08635178,55.12,0.089,0,BTC-26APR19-4750-C,5139.63,46.61,0.0825,8.7,0.086,7.6,54.58,2.41107,-6.10946,1.10766,0.00056,0.80954
5108.96,BTC-27SEP19,1555325945838,open,0.25,0.0,0.23232806,0.28915263,0.24523077,60.03,None,0.0,BTC-27SEP19-4250-C,5139.63,50.03,0.224,3.0,0.25,0.2,62.24,11.03235,-2.0085,11.52714,0.00016,0.74472
5139.63,index_price,1555325945838,open,0.09,886.4,0.08393418,0.10208243,0.08635178,55.12,0.089,0,BTC-26APR19-4750-C,5139.63,46.61,0.0825,8.7,0.086,7.4,54.58,2.41107,-6.10946,1.10766,0.00056,0.80954
5108.96,BTC-27SEP19,1555325945859,open,0.01,34.4,0.00112076,0.05491128,0.0090958,71.47,0.013,0.0,BTC-27DEC19-2000-P,5139.63,69.54,0.008,13.0,0.01,10.0,72.98,2.99021,-0.41763,-1.43582,2e-05,-0.03099
5108.96,BTC-27SEP19,1555325945861,open,0.02,739.3,0.00629735,0.0372006,0.02135264,69.3,0.023,0.0,BTC-27SEP19-10000-C,5139.63,68.23,0.02,22.0,0.0225,10.0,70.18,6.59531,-1.38602,2.12235,8e-05,0.11332
5139.63,index_price,1555325945864,open,0.02,103.0,0.0219777,0.04861751,0.02089981,47.2,0.024,0,BTC-19APR19-5125-C,5139.63,42.73,0.019,0.1,0.022,10.5,50.05,2.1056,-12.8206,0.27954,0.00159,0.53305
5139.63,index_price,1555325945866,open,0.12,5.1,0.11244203,0.15701946,0.12037575,56.34,0.13,0,BTC-31MAY19-4750-C,5139.63,52.89,0.116,5.8,0.119,5.0,55.3,6.43233,-3.94946,3.67731,0.00034,0.68956
5111.44,BTC-28JUN19,1555325945879,open,0.71,33.3,0.70654062,0.70654678,0.70659401,87.53,0.7165,0.0,BTC-28JUN19-1500-C,5139.68,0.0,0.693,3.0,0.719,3.0,182.51,0.03828,-0.02268,3.03062,0.0,0.99953
5111.44,BTC-28JUN19,1555325945879,open,1.53,0.8,1.5433159,1.54376713,1.54495184,86.3,2.171,0.0,BTC-28JUN19-13000-P,5139.68,0.0,0.07,1.0,0.0,0.0,0.0,0.79771,-0.46593,-26.18867,2e-05,-0.98645
5111.44,BTC-28JUN19,1555325945880,open,1.15,5.7,1.15206309,1.15398275,1.15489618,79.06,1.142,0.0,BTC-28JUN19-11000-P,5139.68,0.0,0.0005,0.4,0.0,0.0,0.0,1.29973,-0.69546,-22.04498,3e-05,-0.97598
5111.44,BTC-28JUN19,1555325945880,open,2.9,0.4,2.9127917,2.91279558,2.91315165,101.68,5.076,0.0,BTC-28JUN19-20000-P,5139.68,0.0,0.0,0.0,0.0,0.0,0.0,0.20712,-0.14254,-40.45306,0.0,-0.99705
5139.68,index_price,1555325945879,open,0.0,42.5,1.8e-07,0.00179962,0.00023215,85.47,0.0005,0,BTC-19APR19-6375-C,5139.68,0.0,0.0,0.0,0.0005,17.0,94.2,0.11815,-1.1932,0.00433,5e-05,0.00816
5108.96,BTC-27SEP19,1555325945881,open,0.52,57.5,0.51297349,0.52635073,0.51936089,69.38,0.389,0.0,BTC-27SEP19-2500-C,5139.68,0.0,0.499,3.0,0.534,3.0,89.36,2.88138,-0.60628,10.19868,4e-05,0.96129
5108.96,BTC-27SEP19,1555325945880,open,0.78,0.0,0.77375484,0.8140585,0.79081527,66.97,None,0.0,BTC-27SEP19-9000-P,5139.68,0.0,0.002,0.3,0.0,0.0,0.0,8.03436,-1.63164,-37.84816,0.0001,-0.8492
5111.44,BTC-28JUN19,1555325945880,open,1.73,1.3,1.73895447,1.73917553,1.74035504,90.25,2.415,0.0,BTC-28JUN19-14000-P,5139.68,0.0,0.0,0.0,0.0,0.0,0.0,0.68397,-0.41776,-28.23303,1e-05,-0.98866
