underlying_price,underlying_index,timestamp,state,settlement_price,open_interest,min_price,max_price,mark_price,mark_iv,last_price,interest_rate,instrument_name,index_price,bid_iv,best_bid_price,best_bid_amount,best_ask_price,best_ask_amount,ask_iv,vega,theta,rho,gamma,delta
171.5,SYN.ETH-6SEP19,1567421940135,open,0.07,204.0,0.03,0.098,0.06416,80.13,0.083,0.0,ETH-6SEP19-180-P,171.48,68.03,0.06,300.0,0.067,40.0,88.02,0.06078,-0.6283,-0.01404,0.02429,-0.70702
172.11,SYN.ETH-25OCT19,1567421940194,open,0.05,11.0,0.02,0.071,0.044365,83.61,0.045,0.0,ETH-25OCT19-140-P,171.48,79.58,0.04,615.0,0.048,128.0,86.9,0.18855,-0.14907,-0.06331,0.00526,-0.20955
171.6,ETH-27SEP19,1567421940214,open,0.02,1466.0,0.004,0.032,0.015096,82.7,0.014,0.0,ETH-27SEP19-220-C,171.48,79.13,0.013,732.0,0.017,161.0,85.77,0.10375,-0.17245,0.0156,0.00625,0.14849
171.6,ETH-27SEP19,1567421940220,open,0.05,8198.0,0.024,0.081,0.051617,80.64,0.058,0.0,ETH-27SEP19-160-P,171.48,76.81,0.048,324.0,0.054,128.0,83.16,0.16239,-0.26322,-0.04472,0.01003,-0.33079
173.25,ETH-27DEC19,1567421940228,open,3.16,0.0,3.036,3.291,3.158342,102.36,None,0.0,ETH-27DEC19-720-P,171.48,0.0,0.003,5.0,0.0,0.0,0.0,0.03606,-0.01593,-2.27913,0.00037,-0.98543
171.6,ETH-27SEP19,1567421940241,open,0.06,943.0,0.033,0.092,0.06315,80.2,0.062,0.0,ETH-27SEP19-180-C,171.48,77.15,0.06,290.0,0.067,290.0,83.93,0.17736,-0.28592,0.04534,0.01102,0.45083
172.11,SYN.ETH-25OCT19,1567421940261,open,0.16,0.0,0.118,0.195,0.159349,82.93,None,0.0,ETH-25OCT19-160-C,171.48,79.12,0.154,96.0,0.167,96.0,88.36,0.2423,-0.19,0.12266,0.00681,0.65134
173.25,ETH-27DEC19,1567421940283,open,2.7,0.0,2.587,2.816,2.697055,97.51,None,0.0,ETH-27DEC19-640-P,171.48,0.0,0.0,0.0,0.0,0.0,0.0,0.0426,-0.01792,-2.02369,0.00046,-0.9823
173.25,ETH-27DEC19,1567421940287,open,0.28,2717.0,0.222,0.337,0.281576,81.26,0.265,0.0,ETH-27DEC19-200-P,171.48,77.87,0.274,118.0,0.287,24.0,83.68,0.38804,-0.13606,-0.44844,0.00501,-0.53375
173.25,ETH-27DEC19,1567421940325,open,3.4,0.0,3.26,3.531,3.38972,107.77,None,0.0,ETH-27DEC19-760-P,171.48,0.0,0.0,0.0,0.0,0.0,0.0,0.04017,-0.01868,-2.40531,0.00039,-0.98347
173.25,ETH-27DEC19,1567421940341,open,0.0,3856.0,0.001,0.012,0.002995,107.77,0.003,0.0,ETH-27DEC19-760-C,171.48,102.85,0.002,90.0,0.004,340.0,111.67,0.04017,-0.01868,0.00744,0.00039,0.01653
171.5,SYN.ETH-6SEP19,1567421940357,open,0.11,601.0,0.078,0.151,0.113666,86.3,0.099,0.0,ETH-6SEP19-190-P,171.48,83.24,0.113,100.0,0.116,40.0,96.09,0.03818,-0.42509,-0.01784,0.01417,-0.86597
172.11,SYN.ETH-25OCT19,1567421940478,open,0.15,0.0,0.105,0.194,0.150765,81.8,None,0.0,ETH-25OCT19-180-P,171.48,78.0,0.145,240.0,0.158,96.0,86.56,0.26131,-0.20212,-0.16109,0.00745,-0.49535
174.9,SYN.ETH-27MAR20,1567421940809,open,2.0,0.0,1.897,2.11,1.999549,90.66,None,0.0,ETH-27MAR20-520-P,171.48,0.0,0.005,10.0,0.0,0.0,0.0,0.23892,-0.05235,-2.86968,0.00152,-0.89531
171.53,SYN.ETH-13SEP19,1567421940861,open,0.06,17.0,0.028,0.089,0.059441,80.08,0.058,0.0,ETH-13SEP19-170-C,171.48,70.65,0.053,155.0,0.065,273.0,88.23,0.11707,-0.43101,0.02524,0.01667,0.55331
174.9,SYN.ETH-27MAR20,1567421940974,open,2.23,0.0,2.117,2.34,2.223742,91.32,None,0.0,ETH-27MAR20-560-P,171.48,0.0,0.01,10.0,0.0,0.0,0.0,0.2115,-0.04668,-3.10779,0.00134,-0.91131
10099.89,SYN.BTC-27MAR20,1567421941063,open,0.02,2.1,0.004,0.04,0.01718095,89.83,0.0165,0.0,BTC-27MAR20-34000-C,9798.84,88.17,0.0155,2.0,0.019,14.0,91.53,10.49956,-2.27962,3.17262,2e-05,0.0726
9817.66,SYN.BTC-13SEP19,1567421941065,open,0.28,0.0,0.249,0.307,0.27621104,82.69,None,0.0,BTC-13SEP19-12500-P,9798.84,0.0,0.0,0.0,0.0,0.0,0.0,1.81748,-6.90916,-3.57969,8e-05,-0.94748
9805.55,SYN.BTC-6SEP19,1567421941107,open,0.09,50.9,0.065,0.111,0.08825606,80.05,0.091,0.0,BTC-6SEP19-9000-C,9798.84,71.92,0.0865,6.0,0.0905,0.9,89.3,2.24863,-23.22243,0.80356,0.00028,0.86003
9817.66,SYN.BTC-13SEP19,1567421941107,open,0.01,42.5,0.0005,0.0235,0.00931168,78.59,0.0095,0.0,BTC-13SEP19-8500-P,9798.84,77.73,0.009,15.0,0.01,1.2,80.46,3.56966,-12.89721,-0.40518,0.00016,-0.1292
9970.89,BTC-27DEC19,1567421941113,open,0.34,49.4,0.311,0.373,0.3428821,79.25,0.33,0.0,BTC-27DEC19-7000-C,9798.84,74.01,0.336,11.0,0.3525,11.1,86.25,13.3829,-4.57628,15.89653,5e-05,0.84507
9970.89,BTC-27DEC19,1567421941113,open,0.11,306.7,0.07,0.153,0.11208993,80.61,0.114,0.0,BTC-27DEC19-12000-C,9798.84,79.89,0.1105,14.0,0.1145,22.7,81.7,22.04968,-7.6699,10.00931,9e-05,0.4283
9841.89,BTC-27SEP19,1567421941113,open,0.44,221.9,0.43,0.4565,0.44263128,107.71,0.446,0.0,BTC-27SEP19-5500-C,9798.84,0.0,0.4335,10.0,0.4535,10.0,163.03,0.89142,-1.92984,3.64767,1e-05,0.98645
9970.89,BTC-27DEC19,1567421941113,open,0.01,327.0,0.0005,0.02,0.0068214,95.59,0.0045,0.0,BTC-27DEC19-30000-C,9798.84,93.74,0.006,1.2,0.008,42.0,98.0,4.62995,-1.90962,0.98272,2e-05,0.03787
9841.89,BTC-27SEP19,1567421941113,open,0.02,1134.2,0.0065,0.0425,0.02216454,81.49,0.021,0.0,BTC-27SEP19-12000-C,9798.84,79.9,0.021,31.2,0.0235,19.3,83.28,7.29001,-11.94059,1.22317,0.00014,0.20452
9970.89,BTC-27DEC19,1567421941113,open,0.32,68.8,0.2615,0.368,0.31559454,80.61,0.2975,0.0,BTC-27DEC19-12000-P,9798.84,75.12,0.3035,7.0,0.3205,15.0,82.83,22.0497,-7.66996,-28.08679,9e-05,-0.5717
9970.89,BTC-27DEC19,1567421941113,open,0.03,221.3,0.014,0.0545,0.03210654,79.34,0.039,0.0,BTC-27DEC19-6500-P,9798.84,77.44,0.03,33.8,0.0335,18.0,80.58,11.16409,-3.82216,-4.77932,4e-05,-0.11888
9841.89,BTC-27SEP19,1567421941113,open,0.0,428.2,0.0005,0.0105,5.765e-05,120.0,0.0005,0.0,BTC-27SEP19-28000-C,9798.84,0.0,0.0,0.0,0.001,35.0,154.44,0.0651,-0.15702,0.00454,0.0,0.00073
9841.89,BTC-27SEP19,1567421941116,open,0.0,761.0,0.0005,0.0105,1.109e-05,120.0,0.0005,0.0,BTC-27SEP19-32000-C,9798.84,0.0,0.0,0.0,0.0015,15.0,178.52,0.01532,-0.03696,0.00096,0.0,0.00015
9841.89,BTC-27SEP19,1567421941116,open,0.0,287.3,0.0005,0.0105,0.00031598,120.0,0.001,0.0,BTC-27SEP19-24000-C,9798.84,0.0,0.0,0.0,0.001,15.0,135.09,0.27592,-0.66551,0.02193,0.0,0.00359
9841.89,BTC-27SEP19,1567421941116,open,0.0,1118.7,0.0005,0.0105,0.00023018,120.0,0.0005,0.0,BTC-27SEP19-4250-P,9798.84,0.0,0.0,0.0,0.0005,30.0,130.68,0.18317,-0.4418,-0.01681,0.0,-0.00228
9970.89,BTC-27DEC19,1567421941121,open,1.62,0.0,1.559,1.684,1.61770391,91.73,None,0.0,BTC-27DEC19-26000-P,9798.84,0.0,0.005,10.0,2.3605,0.2,500.0,6.27138,-2.48222,-81.11304,2e-05,-0.94476
9841.89,BTC-27SEP19,1567421941126,open,2.26,0.0,2.188,2.318,2.25143562,127.01,None,0.0,BTC-27SEP19-32000-P,9798.84,0.0,0.0,0.0,0.0,0.0,0.0,0.03273,-0.08356,-21.80667,0.0,-0.99965
9841.89,BTC-27SEP19,1567421941126,open,0.62,0.0,0.6095,0.629,0.61902864,119.65,None,0.0,BTC-27SEP19-3750-C,9798.84,0.0,0.0055,5.0,0.6435,10.0,301.51,0.05293,-0.12729,2.55143,0.0,0.99941
9841.89,BTC-27SEP19,1567421941131,open,0.0,1660.1,0.0005,0.0105,0.0,120.0,0.0005,0.0,BTC-27SEP19-1500-P,9798.84,0.0,0.0,0.0,0.0005,97.1,284.8,0.0,0.0,0.0,0.0,0.0
10099.89,SYN.BTC-27MAR20,1567421941133,open,0.33,17.0,0.286,0.3735,0.33208309,80.38,0.312,0.0,BTC-27MAR20-8000-C,9798.84,77.18,0.3245,10.0,0.3335,17.0,80.98,23.94571,-4.65213,24.16335,5e-05,0.75419
9970.89,BTC-27DEC19,1567421941136,open,2.02,0.2,1.9515,2.0875,2.01558291,95.59,2.03,0.0,BTC-27DEC19-30000-P,9798.84,0.0,0.0,0.0,0.0,0.0,0.0,4.63124,-1.91028,-94.25726,2e-05,-0.96212
9970.89,BTC-27DEC19,1567421941138,open,3.83,0.0,3.72,3.918,3.81544235,104.26,None,0.0,BTC-27DEC19-48000-P,9798.84,0.0,0.0,0.0,0.0,0.0,0.0,1.31532,-0.59175,-152.15673,0.0,-0.99138
9841.89,BTC-27SEP19,1567421941146,open,0.0,422.0,0.0005,0.0105,2.35e-05,120.0,0.0005,0.0,BTC-27SEP19-3500-P,9798.84,0.0,0.0,0.0,0.0005,31.0,158.95,0.02605,-0.06283,-0.00199,0.0,-0.00027
9841.89,BTC-27SEP19,1567421941146,open,0.83,1.0,0.7935,0.8705,0.83014888,99.94,0.575,0.0,BTC-27SEP19-18000-P,9798.84,0.0,0.814,1.1,0.847,1.1,159.26,0.9452,-1.89879,-12.17845,1e-05,-0.9855
9841.89,BTC-27SEP19,1567421941150,open,0.52,13.5,0.508,0.5295,0.51807253,119.39,0.382,0.0,BTC-27SEP19-4750-C,9798.84,0.0,0.005,10.0,0.567,5.0,300.77,0.45816,-1.09948,3.19006,1e-05,0.99367
9841.89,BTC-27SEP19,1567421941152,open,0.0,484.6,0.0005,0.0105,0.00011704,120.0,0.0005,0.0,BTC-27SEP19-4000-P,9798.84,0.0,0.0,0.0,0.0005,42.0,139.5,0.10382,-0.25041,-0.00897,0.0,-0.00122
9841.89,BTC-27SEP19,1567421941152,open,0.59,227.5,0.584,0.6035,0.59368897,119.8,0.606,0.0,BTC-27SEP19-4000-C,9798.84,0.0,0.111,2.0,0.623,5.0,299.78,0.10242,-0.24663,2.71727,0.0,0.9988
9817.66,SYN.BTC-13SEP19,1567421941171,open,0.02,273.3,0.0025,0.033,0.01485446,76.12,0.0155,0.0,BTC-13SEP19-11000-C,9798.84,73.37,0.0135,37.0,0.016,0.1,78.38,4.91028,-17.18286,0.57648,0.00022,0.21192
9841.89,BTC-27SEP19,1567421941176,open,0.04,801.8,0.018,0.067,0.04158936,80.23,0.043,0.0,BTC-27SEP19-11000-C,9798.84,78.55,0.04,26.7,0.044,45.0,82.75,9.35934,-15.09305,1.96739,0.00018,0.3349
9970.89,BTC-27DEC19,1567421941176,open,0.4,110.3,0.338,0.4475,0.39319141,81.02,0.3545,0.0,BTC-27DEC19-13000-P,9798.84,72.74,0.376,6.0,0.399,14.0,83.75,21.05964,-7.36212,-32.63908,8e-05,-0.63792
9970.89,BTC-27DEC19,1567421941176,open,0.01,169.4,0.0005,0.0165,0.00524215,96.08,0.003,0.0,BTC-27DEC19-32000-C,9798.84,92.53,0.004,36.0,0.0065,42.0,99.15,3.8049,-1.57747,0.77839,1e-05,0.02983
9970.89,BTC-27DEC19,1567421941176,open,0.06,435.3,0.028,0.0955,0.05973228,83.13,0.055,0.0,BTC-27DEC19-15000-C,9798.84,82.73,0.059,3.0,0.061,26.4,83.82,18.28925,-6.56049,6.39769,7e-05,0.26184
9841.89,BTC-27SEP19,1567421941176,open,0.09,499.9,0.059,0.124,0.09169978,79.61,0.094,0.0,BTC-27SEP19-10000-P,9798.84,77.97,0.09,0.1,0.094,15.0,81.81,10.24634,-16.39474,-3.896,0.00019,-0.48914
9970.89,BTC-27DEC19,1567421941176,open,0.05,217.0,0.0205,0.081,0.04805982,83.35,0.05,0.0,BTC-27DEC19-16000-C,9798.84,82.41,0.0465,18.0,0.05,9.6,84.51,16.63489,-5.98287,5.44285,6e-05,0.22001
9841.89,BTC-27SEP19,1567421941176,open,0.02,1183.9,0.0055,0.0365,0.01859824,84.65,0.0185,0.0,BTC-27SEP19-8000-P,9798.84,83.65,0.018,10.0,0.0195,30.0,86.14,5.91824,-10.07009,-1.11275,0.00011,-0.1473
174.9,SYN.ETH-27MAR20,1567421941176,open,2.45,0.0,2.337,2.57,2.448569,91.65,None,0.0,ETH-27MAR20-600-P,171.48,0.0,0.02,10.0,0.0,0.0,0.0,0.18586,-0.04117,-3.34451,0.00117,-0.92528
9841.89,BTC-27SEP19,1567421941188,open,1.44,0.2,1.391,1.49,1.43888438,120.43,1.6,0.0,BTC-27SEP19-24000-P,9798.84,0.0,0.0,0.0,0.0,0.0,0.0,0.28408,-0.68767,-16.33398,0.0,-0.9963
9841.89,BTC-27SEP19,1567421941190,open,0.29,722.3,0.2765,0.316,0.29564764,91.38,0.284,0.0,BTC-27SEP19-7000-C,9798.84,0.0,0.2875,9.0,0.2975,0.1,96.93,3.09472,-5.68403,4.31626,5e-05,0.93915
9970.89,BTC-27DEC19,1567421941190,open,0.42,122.9,0.397,0.4445,0.42051948,79.89,0.469,0.0,BTC-27DEC19-6000-C,9798.84,70.2,0.4125,11.0,0.441,11.0,100.02,8.96862,-3.09163,15.55882,4e-05,0.91204
9970.89,BTC-27DEC19,1567421941190,open,0.02,265.0,0.0045,0.0385,0.01724584,88.39,0.015,0.0,BTC-27DEC19-22000-C,9798.84,87.0,0.016,6.0,0.019,43.0,90.26,9.13225,-3.48302,2.30681,3e-05,0.09012
9841.89,BTC-27SEP19,1567421941190,open,0.34,38.1,0.2995,0.369,0.33266578,83.21,0.382,0.0,BTC-27SEP19-13000-P,9798.84,39.15,0.321,5.0,0.346,5.0,104.68,5.15441,-8.62071,-8.13069,9e-05,-0.87951
9841.89,BTC-27SEP19,1567421941190,open,2.05,0.0,1.9885,2.1105,2.0482356,123.93,None,0.0,BTC-27SEP19-30000-P,9798.84,0.0,0.0,0.0,0.0,0.0,0.0,0.04678,-0.11652,-20.44261,0.0,-0.99949
9841.89,BTC-27SEP19,1567421941190,open,0.01,432.5,0.0005,0.018,0.00647599,85.51,0.007,0.0,BTC-27SEP19-14000-C,9798.84,84.14,0.006,15.0,0.0075,42.0,88.28,3.49432,-6.00575,0.43399,6e-05,0.07118
9841.89,BTC-27SEP19,1567421941192,open,0.8,28.2,0.787,0.8065,0.79678597,0.0,0.755,0.0,BTC-27SEP19-2000-C,9798.84,0.0,0.01,1.0,0.844,5.0,500.0,0.0,0.0,1.36305,0.0,1.0
9970.89,BTC-27DEC19,1567421941194,open,0.01,312.5,0.0005,0.02,0.0092842,81.5,0.011,0.0,BTC-27DEC19-5000-P,9798.84,78.84,0.008,30.0,0.01,6.0,82.9,4.99529,-1.75669,-1.60989,2e-05,-0.04157
9970.89,BTC-27DEC19,1567421941203,open,2.62,1.3,2.5405,2.695,2.61401266,98.16,2.2,0.0,BTC-27DEC19-36000-P,9798.84,0.0,0.0,0.0,0.0,0.0,0.0,2.77017,-1.17328,-113.75238,1e-05,-0.97957
10099.89,SYN.BTC-27MAR20,1567421941203,open,0.87,0.0,0.7935,0.934,0.86260391,84.09,0.8095,0.0,BTC-27MAR20-18000-P,9798.84,0.0,0.0005,6.0,0.0,0.0,0.0,25.39539,-5.16154,-90.85124,5e-05,-0.72447
9970.89,BTC-27DEC19,1567421941207,open,0.51,65.4,0.492,0.5255,0.50782193,81.49,0.608,0.0,BTC-27DEC19-5000-C,9798.84,0.0,0.4955,11.0,0.523,11.0,105.04,4.99462,-1.75635,14.26379,2e-05,0.95843
9970.89,BTC-27DEC19,1567421941211,open,0.0,209.9,0.0005,0.0105,0.00099904,105.9,0.002,0.0,BTC-27DEC19-2500-P,9798.84,97.39,0.0005,6.8,0.0015,30.0,111.82,0.73025,-0.33368,-0.17208,0.0,-0.00444
9841.89,BTC-27SEP19,1567421941211,open,0.07,672.7,0.0455,0.1045,0.07563197,79.6,0.0765,0.0,BTC-27SEP19-10000-C,9798.84,78.03,0.074,25.2,0.0765,0.2,80.44,10.24634,-16.39419,2.91926,0.00019,0.51086
9841.89,BTC-27SEP19,1567421941216,open,0.67,0.5,0.66,0.6795,0.66978619,118.4,0.694,0.0,BTC-27SEP19-3250-C,9798.84,0.0,0.005,10.0,0.7775,5.0,500.0,0.00943,-0.02244,2.21429,0.0,0.99991
9841.89,BTC-27SEP19,1567421941222,open,1.85,0.0,1.7895,1.9035,1.84505411,121.99,None,0.0,BTC-27SEP19-28000-P,9798.84,0.0,0.0,0.0,0.0,0.0,0.0,0.07795,-0.19113,-19.07722,0.0,-0.99911
9970.89,BTC-27DEC19,1567421941234,open,0.03,461.1,0.0115,0.0615,0.03286713,84.87,0.0325,0.0,BTC-27DEC19-18000-C,9798.84,83.49,0.031,23.9,0.035,33.8,86.41,13.64547,-4.99702,4.01081,5e-05,0.15957
9841.89,BTC-27SEP19,1567421941234,open,0.0,654.7,0.0005,0.0105,0.00074547,112.47,0.001,0.0,BTC-27SEP19-5000-P,9798.84,107.02,0.0005,30.0,0.001,25.0,116.94,0.50569,-1.1432,-0.05248,1e-05,-0.00708
9841.89,BTC-27SEP19,1567421941239,open,0.13,475.3,0.0995,0.1595,0.1307596,81.35,0.13,0.0,BTC-27SEP19-9000-C,9798.84,78.85,0.1285,24.4,0.134,24.5,84.91,8.91999,-14.58551,3.82482,0.00017,0.70099
9970.89,BTC-27DEC19,1567421941239,open,0.0,412.9,0.0005,0.013,0.0034014,85.8,0.003,0.0,BTC-27DEC19-4000-P,9798.84,81.55,0.0025,30.0,0.004,6.0,88.25,2.31365,-0.85655,-0.63124,1e-05,-0.01654
171.53,SYN.ETH-13SEP19,1567421941241,open,0.13,0.0,0.088,0.166,0.127078,80.11,None,0.0,ETH-13SEP19-190-P,171.48,62.3,0.118,40.0,0.131,40.0,87.09,0.09436,-0.34754,-0.04476,0.01343,-0.74865
9970.89,BTC-27DEC19,1567421941247,open,0.22,169.6,0.178,0.2605,0.22107746,79.25,0.211,0.0,BTC-27DEC19-9000-C,9798.84,77.24,0.217,3.6,0.2255,19.0,81.43,20.22991,-6.91767,14.35641,8e-05,0.67461
9970.89,BTC-27DEC19,1567421941247,open,0.0,228.0,0.0005,0.012,0.00224084,90.97,0.001,0.0,BTC-27DEC19-3500-P,9798.84,89.41,0.002,20.0,0.0025,6.0,92.54,1.59613,-0.62655,-0.41155,1e-05,-0.01076
9841.89,BTC-27SEP19,1567421941247,open,0.0,389.9,0.0005,0.012,0.00231392,91.32,0.0025,0.0,BTC-27SEP19-16000-C,9798.84,89.33,0.002,15.0,0.003,42.0,95.14,1.62512,-2.98284,0.16879,3e-05,0.02748
9970.89,BTC-27DEC19,1567421941247,open,0.0,450.2,0.0005,0.013,0.00349878,98.14,0.002,0.0,BTC-27DEC19-36000-C,9798.84,94.12,0.0025,36.0,0.0045,36.0,101.45,2.76818,-1.17228,0.53554,1e-05,0.02042
9841.89,BTC-27SEP19,1567421941247,open,0.0,719.2,0.0005,0.0105,0.00074545,107.72,0.001,0.0,BTC-27SEP19-20000-C,9798.84,103.12,0.0005,3.0,0.001,24.0,111.46,0.60235,-1.30422,0.05293,1e-05,0.00864
9841.89,BTC-27SEP19,1567421941247,open,0.43,54.0,0.3965,0.465,0.42897422,85.53,0.466,0.0,BTC-27SEP19-14000-P,9798.84,0.0,0.416,1.1,0.4435,1.1,114.96,3.49638,-6.01072,-9.10706,6e-05,-0.92877
9970.89,BTC-27DEC19,1567421941255,open,1.03,5.7,0.9755,1.0895,1.02942102,86.77,0.661,0.0,BTC-27DEC19-20000-P,9798.84,61.83,1.01,1.1,1.0475,1.1,100.8,11.18093,-4.18612,-60.46895,4e-05,-0.88087
9970.89,BTC-27DEC19,1567421941257,open,0.46,73.3,0.4435,0.484,0.46315077,80.59,0.4875,0.0,BTC-27DEC19-5500-C,9798.84,0.0,0.4475,11.0,0.481,11.0,102.25,6.87599,-2.39097,15.02743,3e-05,0.93789
9970.89,BTC-27DEC19,1567421941257,open,0.48,291.5,0.421,0.532,0.47631967,81.8,0.558,0.0,BTC-27DEC19-14000-P,9798.84,72.77,0.459,5.0,0.489,5.0,88.1,19.72053,-6.96078,-37.03102,8e-05,-0.69354
9970.89,BTC-27DEC19,1567421941257,open,0.02,263.1,0.0085,0.0405,0.0222742,79.89,0.022,0.0,BTC-27DEC19-6000-P,9798.84,77.89,0.0205,36.0,0.0235,26.0,81.24,8.96909,-3.09193,-3.48953,4e-05,-0.08796
9970.89,BTC-27DEC19,1567421941257,open,0.6,27.2,0.5915,0.6145,0.60223312,85.8,0.63,0.0,BTC-27DEC19-4000-C,9798.84,0.0,0.45,1.0,0.63,0.5,143.18,2.31346,-0.85646,12.06753,1e-05,0.98346
9970.89,BTC-27DEC19,1567421941257,open,1.82,0.1,1.755,1.885,1.8162215,93.37,1.49,0.0,BTC-27DEC19-28000-P,9798.84,0.0,0.001,1.0,0.0,0.0,0.0,5.28684,-2.12999,-87.73393,2e-05,-0.9554
9970.89,BTC-27DEC19,1567421941257,open,0.0,372.7,0.0005,0.0125,0.00271364,101.3,0.0025,0.0,BTC-27DEC19-40000-C,9798.84,97.76,0.002,26.5,0.0035,30.0,104.51,2.22896,-0.9743,0.41537,1e-05,0.01584
9841.89,BTC-27SEP19,1567421941264,open,0.0,1213.5,0.0005,0.012,0.00220172,99.53,0.003,0.0,BTC-27SEP19-6000-P,9798.84,93.56,0.0015,39.0,0.003,44.0,105.05,1.29394,-2.58866,-0.15529,2e-05,-0.02095
9841.89,BTC-27SEP19,1567421941264,open,0.63,34.4,0.5945,0.6655,0.62801968,91.33,0.396,0.0,BTC-27SEP19-16000-P,9798.84,0.0,0.6135,1.1,0.6435,1.1,136.42,1.6259,-2.98462,-10.73553,3e-05,-0.97251
10099.89,SYN.BTC-27MAR20,1567421941264,open,2.0,0.0,1.92,2.0775,1.99423159,88.71,None,0.0,BTC-27MAR20-30000-P,9798.84,0.0,0.0,0.0,0.0,0.0,0.0,13.09514,-2.80766,-165.82422,3e-05,-0.90254
9970.89,BTC-27DEC19,1567421941268,open,0.57,206.6,0.509,0.621,0.56411826,83.13,0.454,0.0,BTC-27DEC19-15000-P,9798.84,72.13,0.545,1.1,0.577,1.1,89.97,18.28981,-6.56098,-41.22217,7e-05,-0.73814
9841.89,BTC-27SEP19,1567421941270,open,0.85,42.8,0.838,0.8575,0.84758948,0.0,0.815,0.0,BTC-27SEP19-1500-C,9798.84,0.0,0.0,0.0,0.0,0.0,0.0,0.0,0.0,1.02229,0.0,1.0
9970.89,BTC-27DEC19,1567421941270,open,0.28,220.4,0.238,0.312,0.27661124,79.25,0.275,0.0,BTC-27DEC19-8000-C,9798.84,73.97,0.2675,11.0,0.287,13.2,85.18,17.33903,-5.92911,15.40108,7e-05,0.76315
9970.89,BTC-27DEC19,1567421941277,open,0.02,717.6,0.007,0.048,0.02357962,86.77,0.023,0.0,BTC-27DEC19-20000-C,9798.84,86.25,0.023,5.0,0.024,20.0,87.14,11.18039,-4.18581,3.0244,4e-05,0.11912
9841.89,BTC-27SEP19,1567421941280,open,0.39,713.5,0.3785,0.408,0.39255962,99.51,0.416,0.0,BTC-27SEP19-6000-C,9798.84,0.0,0.382,9.0,0.3965,9.0,120.99,1.29283,-2.58584,3.93402,2e-05,0.97907
9970.89,BTC-27DEC19,1567421941280,open,0.55,6.5,0.5415,0.569,0.55441772,83.34,0.575,0.0,BTC-27DEC19-4500-C,9798.84,0.0,0.544,12.0,0.5665,12.0,108.12,3.48716,-1.25407,13.25423,1e-05,0.97314
10099.89,SYN.BTC-27MAR20,1567421941282,open,1.42,0.0,1.3475,1.4945,1.41761873,86.48,None,0.0,BTC-27MAR20-24000-P,9798.84,0.0,0.0,0.0,0.0,0.0,0.0,18.32699,-3.83055,-129.36699,4e-05,-0.84229
9970.89,BTC-27DEC19,1567421941303,open,0.84,12.4,0.7845,0.8965,0.83813128,84.87,0.559,0.0,BTC-27DEC19-18000-P,9798.84,68.78,0.8195,1.1,0.855,1.1,96.18,13.64703,-4.99798,-53.13277,5e-05,-0.8404
9841.89,BTC-27SEP19,1567421941312,open,0.0,350.4,0.0005,0.0105,0.00070393,119.4,0.0005,0.0,BTC-27SEP19-4750-P,9798.84,114.5,0.0005,20.0,0.001,26.9,125.02,0.45839,-1.10015,-0.04721,1e-05,-0.00633
9841.89,BTC-27SEP19,1567421941312,open,1.24,0.2,1.192,1.2835,1.23585017,115.07,1.391,0.0,BTC-27SEP19-22000-P,9798.84,0.0,0.005,10.0,0.0,0.0,0.0,0.42027,-0.97204,-14.95844,1e-05,-0.99426
9970.89,BTC-27DEC19,1567421941312,open,0.01,589.7,0.0005,0.0155,0.00573208,83.35,0.006,0.0,BTC-27DEC19-4500-P,9798.84,81.17,0.005,31.0,0.0065,6.0,85.47,3.48736,-1.25417,-1.03189,1e-05,-0.02687
9970.89,BTC-27DEC19,1567421941314,open,0.7,0.0,0.691,0.7105,0.70064032,97.78,None,0.0,BTC-27DEC19-3000-C,9798.84,0.0,0.0065,0.1,0.9525,0.5,500.0,1.09963,-0.46396,9.25334,0.0,0.99296
9841.89,BTC-27SEP19,1567421941314,open,0.53,31.7,0.495,0.5645,0.52793075,88.58,0.449,0.0,BTC-27SEP19-15000-P,9798.84,0.0,0.514,1.1,0.543,1.1,125.71,2.38935,-4.25426,-9.95383,4e-05,-0.95605
9841.89,BTC-27SEP19,1567421941317,open,0.16,299.5,0.1235,0.1945,0.15926546,80.23,0.155,0.0,BTC-27SEP19-11000-P,9798.84,70.85,0.1505,11.3,0.1625,7.0,83.62,9.35949,-15.0942,-5.52933,0.00018,-0.66508
9970.89,BTC-27DEC19,1567421941317,open,2.22,0.3,2.1475,2.289,2.21458776,96.09,1.875,0.0,BTC-27DEC19-32000-P,9798.84,0.0,0.0,0.0,0.0,0.0,0.0,3.80642,-1.57823,-100.81091,1e-05,-0.97015
9970.89,BTC-27DEC19,1567421941317,open,0.0,176.8,0.0005,0.0105,0.00018912,120.0,0.001,0.0,BTC-27DEC19-1500-P,9798.84,0.0,0.0,0.0,0.001,12.4,144.51,0.1622,-0.08399,-0.03276,0.0,-0.00085
9841.89,BTC-27SEP19,1567421941317,open,0.0,643.1,0.0005,0.011,0.00146988,107.74,0.0015,0.0,BTC-27SEP19-5500-P,9798.84,101.9,0.001,65.0,0.002,30.0,113.02,0.89253,-1.9328,-0.10088,1e-05,-0.01357
9970.89,BTC-27DEC19,1567421941317,open,0.01,154.2,0.0005,0.0225,0.00803288,93.34,0.007,0.0,BTC-27DEC19-28000-C,9798.84,91.31,0.007,6.0,0.0095,42.0,95.97,5.28117,-2.1271,1.15558,2e-05,0.04454
9841.89,BTC-27SEP19,1567421941317,open,0.69,225.7,0.6855,0.705,0.69518196,115.19,0.693,0.0,BTC-27SEP19-3000-C,9798.84,0.0,0.005,20.0,0.7895,5.0,500.0,0.00228,-0.00529,2.04443,0.0,0.99998
9970.89,BTC-27DEC19,1567421941317,open,0.09,278.6,0.0505,0.129,0.08939064,81.01,0.09,0.0,BTC-27DEC19-13000-C,9798.84,79.64,0.0865,19.9,0.0925,24.0,82.48,21.05945,-7.36182,8.63159,8e-05,0.36207
9970.89,BTC-27DEC19,1567421941317,open,0.0,347.2,0.0005,0.011,0.00142388,104.23,0.003,0.0,BTC-27DEC19-48000-C,9798.84,94.28,0.0005,28.6,0.002,10.0,108.08,1.31202,-0.59006,0.22712,0.0,0.0086
9841.89,BTC-27SEP19,1567421941325,open,0.2,871.3,0.18,0.231,0.20574215,84.65,0.203,0.0,BTC-27SEP19-8000-C,9798.84,76.38,0.201,16.0,0.212,16.0,94.59,5.91783,-10.06858,4.33959,0.00011,0.85272
9970.89,BTC-27DEC19,1567421941325,open,0.14,621.9,0.095,0.1805,0.13910027,79.48,0.1405,0.0,BTC-27DEC19-11000-C,9798.84,78.32,0.1365,16.6,0.142,8.6,80.77,22.41244,-7.68656,11.48189,9e-05,0.50183
9970.89,BTC-27DEC19,1567421941325,open,0.0,118.1,0.0005,0.0105,0.00049944,112.74,0.0005,0.0,BTC-27DEC19-2000-P,9798.84,0.0,0.0,0.0,0.001,10.0,122.59,0.3898,-0.18962,-0.08573,0.0,-0.00221
9970.89,BTC-27DEC19,1567421941325,open,3.02,0.0,2.9335,3.1025,3.01441171,101.39,2.58,0.0,BTC-27DEC19-40000-P,9798.84,0.0,0.0,0.0,0.0,0.0,0.0,2.24048,-0.9802,-126.5693,1e-05,-0.98407
9841.89,BTC-27SEP19,1567421941325,open,0.01,513.1,0.002,0.0275,0.01177463,83.2,0.013,0.0,BTC-27SEP19-13000-C,9798.84,81.69,0.011,15.0,0.013,44.0,85.49,5.15313,-8.61725,0.72891,9e-05,0.12045
9841.89,BTC-27SEP19,1567421941325,open,0.0,684.0,0.0005,0.0105,2.51e-05,120.0,0.0005,0.0,BTC-27SEP19-30000-C,9798.84,0.0,0.0,0.0,0.001,19.0,162.94,0.03154,-0.07607,0.00208,0.0,0.00034
9841.89,BTC-27SEP19,1567421941325,open,0.0,406.8,0.0005,0.0105,2e-07,120.0,0.0005,0.0,BTC-27SEP19-2500-P,9798.84,0.0,0.0,0.0,0.0005,30.0,208.28,0.00036,-0.00086,-2e-05,0.0,0.0
9970.89,BTC-27DEC19,1567421941325,open,0.07,497.4,0.037,0.1095,0.0722254,81.8,0.075,0.0,BTC-27DEC19-14000-C,9798.84,80.41,0.0695,20.9,0.0755,30.1,83.45,19.72012,-6.96033,7.41421,8e-05,0.30645
9841.89,BTC-27SEP19,1567421941325,open,0.0,578.8,0.0005,0.011,0.00122259,99.85,0.0015,0.0,BTC-27SEP19-18000-C,9798.84,97.35,0.001,76.4,0.0015,24.0,102.55,0.94031,-1.88714,0.08849,1e-05,0.01442
9881.58,SYN.BTC-25OCT19,1567421941327,open,0.05,11.8,0.025,0.082,0.05250086,79.74,0.0525,0.0,BTC-25OCT19-12000-C,9798.84,78.62,0.051,17.0,0.054,5.0,80.85,13.31852,-10.04256,3.72462,0.00012,0.31269
9805.55,SYN.BTC-6SEP19,1567421941330,open,0.0,65.8,0.0005,0.0105,0.00010166,120.0,0.0005,0.0,BTC-6SEP19-7000-P,9798.84,0.0,0.0,0.0,0.0005,7.0,144.08,0.08283,-0.99687,-0.00287,1e-05,-0.00266
9817.66,SYN.BTC-13SEP19,1567421941337,open,0.29,0.0,0.2725,0.304,0.28782622,92.51,None,0.0,BTC-13SEP19-7000-C,9798.84,0.0,0.0,0.0,0.0,0.0,0.0,0.60363,-2.56733,2.04247,2e-05,0.98603
9841.89,BTC-27SEP19,1567421941346,open,0.0,393.7,0.0005,0.0105,0.00040476,119.4,0.001,0.0,BTC-27SEP19-4500-P,9798.84,0.0,0.0,0.0,0.0005,20.0,122.37,0.29303,-0.70328,-0.02843,0.0,-0.00383
9841.89,BTC-27SEP19,1567421941346,open,0.05,1237.4,0.0215,0.0715,0.04522268,81.36,0.0445,0.0,BTC-27SEP19-9000-P,9798.84,80.01,0.044,10.0,0.046,1.3,82.21,8.92008,-14.58657,-2.30899,0.00017,-0.29902
9841.89,BTC-27SEP19,1567421941346,open,0.0,146.6,0.0005,0.0105,0.00013415,120.0,0.0005,0.0,BTC-27SEP19-26000-C,9798.84,0.0,0.0,0.0,0.001,35.0,145.21,0.13435,-0.32405,0.00995,0.0,0.00162
9841.89,BTC-27SEP19,1567421941346,open,0.0,125.2,0.0005,0.0105,5.496e-05,120.0,0.0005,0.0,BTC-27SEP19-3750-P,9798.84,0.0,0.0,0.0,0.0005,30.0,148.9,0.05444,-0.1313,-0.00442,0.0,-0.0006
9970.89,BTC-27DEC19,1567421941349,open,0.0,1420.0,0.0005,0.011,0.00124776,107.12,0.0025,0.0,BTC-27DEC19-52000-C,9798.84,98.33,0.0005,33.2,0.002,10.0,112.52,1.15745,-0.53501,0.19652,0.0,0.00746
9970.89,BTC-27DEC19,1567421941349,open,0.18,492.6,0.1305,0.2165,0.17546972,79.25,0.176,0.0,BTC-27DEC19-10000-C,9798.84,77.9,0.1725,12.0,0.179,28.0,80.86,21.89241,-7.48627,12.98847,9e-05,0.58579
9970.89,BTC-27DEC19,1567421941361,open,0.65,4.0,0.6415,0.6615,0.65121731,90.96,0.666,0.0,BTC-27DEC19-3500-C,9798.84,0.0,0.0205,0.1,0.972,1.0,500.0,1.59537,-0.62618,10.70006,1e-05,0.98925
9970.89,BTC-27DEC19,1567421941361,open,0.24,246.6,0.191,0.292,0.24231579,79.48,0.274,0.0,BTC-27DEC19-11000-P,9798.84,77.34,0.2375,8.0,0.2465,11.6,81.34,22.41244,-7.68673,-23.43955,9e-05,-0.49817
9970.89,BTC-27DEC19,1567421941367,open,0.66,23.1,0.598,0.71,0.65273912,83.36,0.715,0.0,BTC-27DEC19-16000-P,9798.84,71.53,0.6345,1.1,0.6675,1.1,91.82,16.63581,-5.98355,-45.35155,6e-05,-0.77997
9841.89,BTC-27SEP19,1567421941367,open,0.57,9.2,0.5585,0.578,0.56840036,119.88,0.574,0.0,BTC-27SEP19-4250-C,9798.84,0.0,0.01,0.1,0.604,5.0,300.94,0.18188,-0.43826,2.87981,0.0,0.99774
9881.58,SYN.BTC-25OCT19,1567421941376,open,0.02,80.6,0.0055,0.0335,0.01717163,81.2,0.019,0.0,BTC-25OCT19-7000-P,9798.84,78.68,0.0155,19.0,0.0185,3.0,83.13,6.6979,-5.14282,-1.70634,6e-05,-0.10203
9841.89,BTC-27SEP19,1567421941382,open,1.65,0.0,1.59,1.6965,1.64191658,120.95,None,0.0,BTC-27SEP19-26000-P,9798.84,0.0,0.0,0.0,0.0,0.0,0.0,0.14478,-0.35197,-17.70888,0.0,-0.99824
9841.89,BTC-27SEP19,1567421941382,open,0.0,581.5,0.0005,0.0135,0.0038255,88.55,0.0035,0.0,BTC-27SEP19-15000-C,9798.84,87.17,0.0035,15.0,0.0045,24.0,91.2,2.38651,-4.24767,0.26868,4e-05,0.04388
9970.89,BTC-27DEC19,1567421941382,open,1.23,4.9,1.169,1.2855,1.22367958,88.4,1.0385,0.0,BTC-27DEC19-22000-P,9798.84,0.0,0.006,2.0,1.9765,0.3,500.0,9.13525,-3.48463,-67.53515,3e-05,-0.90984
9841.89,BTC-27SEP19,1567421941382,open,0.0,492.7,0.0005,0.0105,0.0,120.0,0.0005,0.0,BTC-27SEP19-2000-P,9798.84,0.0,0.0,0.0,0.0005,50.0,241.41,1e-05,-3e-05,0.0,0.0,0.0
9841.89,BTC-27SEP19,1567421941382,open,0.0,657.5,0.0005,0.0105,0.00049581,114.8,0.0005,0.0,BTC-27SEP19-22000-C,9798.84,0.0,0.0,0.0,0.001,15.0,123.92,0.4133,-0.9537,0.03448,1e-05,0.00564
9970.89,BTC-27DEC19,1567421941388,open,0.8,0.0,0.79,0.8095,0.79991454,112.71,None,0.0,BTC-27DEC19-2000-C,9798.84,0.0,0.015,3.0,0.963,0.5,500.0,0.38924,-0.18931,6.26376,0.0,0.99779
9970.89,BTC-27DEC19,1567421941388,open,0.85,0.1,0.84,0.8595,0.84975044,119.95,0.84,0.0,BTC-27DEC19-1500-C,9798.84,0.0,0.021,0.1,0.969,0.5,500.0,0.16172,-0.08371,4.72936,0.0,0.99916
9970.89,BTC-27DEC19,1567421941390,open,0.01,256.8,0.0005,0.026,0.01010018,91.71,0.01,0.0,BTC-27DEC19-26000-C,9798.84,89.9,0.009,6.0,0.0115,33.0,93.85,6.2666,-2.47977,1.42727,2e-05,0.05519
9970.89,BTC-27DEC19,1567421941390,open,0.31,91.7,0.273,0.3415,0.3083787,79.25,0.3515,0.0,BTC-27DEC19-7500-C,9798.84,73.77,0.3,13.2,0.3195,11.0,86.31,15.47082,-5.29026,15.73239,6e-05,0.80538
9970.89,BTC-27DEC19,1567421941390,open,0.08,580.7,0.046,0.113,0.0789509,79.25,0.081,0.0,BTC-27DEC19-8000-P,9798.84,77.26,0.0755,4.9,0.0795,14.0,79.57,17.33913,-5.92932,-9.99654,7e-05,-0.23685
9970.89,BTC-27DEC19,1567421941392,open,0.0,384.1,0.0005,0.0115,0.00151768,97.8,0.003,0.0,BTC-27DEC19-3000-P,9798.84,84.97,0.0005,40.0,0.0025,30.0,105.3,1.10035,-0.46433,-0.2709,0.0,-0.00704
9970.89,BTC-27DEC19,1567421941392,open,0.05,300.7,0.022,0.071,0.04492929,79.25,0.0445,0.0,BTC-27DEC19-7000-P,9798.84,77.43,0.0425,4.9,0.046,17.0,80.05,13.38316,-4.57652,-6.32646,5e-05,-0.15493
9970.89,BTC-27DEC19,1567421941392,open,0.18,396.2,0.131,0.224,0.1783926,79.25,0.206,0.0,BTC-27DEC19-10000-P,9798.84,77.71,0.175,0.2,0.1815,12.6,80.67,21.89239,-7.4864,-18.75834,9e-05,-0.41421
9841.89,BTC-27SEP19,1567421941396,open,0.75,55.9,0.736,0.7555,0.74598266,0.0,0.689,0.0,BTC-27SEP19-2500-C,9798.84,0.0,0.005,10.0,0.8155,5.0,500.0,0.0,0.0,1.70381,0.0,1.0
9841.89,BTC-27SEP19,1567421941396,open,0.49,789.2,0.482,0.5045,0.49271039,112.42,0.5015,0.0,BTC-27SEP19-5000-C,9798.84,0.0,0.051,1.0,0.5495,5.0,300.95,0.50449,-1.13999,3.35529,1e-05,0.99294
10099.89,SYN.BTC-27MAR20,1567421941396,open,0.01,19.4,0.0035,0.0355,0.01452945,90.14,0.0135,0.0,BTC-27MAR20-36000-C,9798.84,88.43,0.013,10.0,0.0165,14.0,92.19,9.35812,-2.03872,2.74938,2e-05,0.06256
9841.89,BTC-27SEP19,1567421941398,open,1.04,0.0,0.9925,1.0765,1.03288578,107.89,0.691,0.0,BTC-27SEP19-20000-P,9798.84,0.0,1.015,1.1,1.051,1.1,180.04,0.60832,-1.31918,-13.577,1e-05,-0.99127
9970.89,BTC-27DEC19,1567421941398,open,3.43,0.0,3.327,3.51,3.41478079,102.81,3.46,0.0,BTC-27DEC19-44000-P,9798.84,0.0,0.0,0.0,0.0,0.0,0.0,1.6921,-0.75063,-139.38275,1e-05,-0.98849
9970.89,BTC-27DEC19,1567421941400,open,1.43,0.0,1.3635,1.4835,1.41993398,89.93,None,0.0,BTC-27DEC19-24000-P,9798.84,0.0,0.006,1.0,2.168,0.2,500.0,7.49493,-2.90843,-74.40404,3e-05,-0.93058
9805.55,SYN.BTC-6SEP19,1567421941405,open,0.18,3.5,0.15,0.201,0.17403806,84.35,0.1745,0.0,BTC-6SEP19-11500-P,9798.84,0.0,0.1605,4.1,0.1825,5.9,136.19,0.81159,-8.83177,-1.18419,9e-05,-0.96331
9970.89,BTC-27DEC19,1567421941407,open,0.01,384.5,0.003,0.031,0.01291511,89.92,0.012,0.0,BTC-27DEC19-24000-C,9798.84,87.97,0.0115,11.0,0.0145,43.1,91.96,7.491,-2.90638,1.78709,3e-05,0.06937
9970.89,BTC-27DEC19,1567421941407,open,4.23,0.8,4.1135,4.327,4.21645528,107.35,3.59,0.0,BTC-27DEC19-52000-P,9798.84,0.0,0.001,1.0,0.0,0.0,0.0,1.17538,-0.54444,-164.88333,0.0,-0.99241
9970.89,BTC-27DEC19,1567421941417,open,0.75,0.0,0.7405,0.76,0.75026793,105.88,None,0.0,BTC-27DEC19-2500-C,9798.84,0.0,0.0205,0.1,0.9575,0.5,500.0,0.72964,-0.33335,7.76479,0.0,0.99557
9841.89,BTC-27SEP19,1567421941417,open,0.24,99.7,0.2065,0.2775,0.24144876,81.5,0.296,0.0,BTC-27SEP19-12000-P,9798.84,64.19,0.23,6.0,0.2545,7.1,97.89,7.29065,-11.94286,-6.95498,0.00014,-0.79545
9841.89,BTC-27SEP19,1567421941420,open,0.54,289.7,0.5335,0.5535,0.54317319,119.33,0.588,0.0,BTC-27SEP19-4500-C,9798.84,0.0,0.002,1.1,0.585,5.0,300.34,0.29183,-0.69994,3.03857,0.0,0.99618
9841.89,BTC-27SEP19,1567421941420,open,0.0,586.8,0.0005,0.0105,3.01e-06,120.0,0.0005,0.0,BTC-27SEP19-3000-P,9798.84,0.0,0.0,0.0,0.0005,32.0,181.47,0.00421,-0.01016,-0.00028,0.0,-4e-05
9841.89,BTC-27SEP19,1567421941423,open,0.0,49.2,0.0005,0.0105,8.99e-06,120.0,0.0015,0.0,BTC-27SEP19-3250-P,9798.84,0.0,0.0,0.0,0.0005,40.0,169.76,0.01118,-0.02697,-0.0008,0.0,-0.00011
9841.89,BTC-27SEP19,1567421941423,open,0.64,261.1,0.6345,0.654,0.64439894,119.3,0.714,0.0,BTC-27SEP19-3500-C,9798.84,0.0,0.161,1.0,0.6635,10.0,299.19,0.02442,-0.05857,2.38348,0.0,0.99975
9970.89,BTC-27DEC19,1567421941423,open,0.0,321.6,0.0005,0.0115,0.00191287,102.68,0.002,0.0,BTC-27DEC19-44000-C,9798.84,95.92,0.001,37.0,0.0025,10.0,105.84,1.67815,-0.74349,0.30027,1e-05,0.0114
9970.89,BTC-27DEC19,1567421941426,open,0.38,63.0,0.3525,0.4075,0.3802061,79.34,0.4965,0.0,BTC-27DEC19-6500-C,9798.84,56.28,0.3585,11.0,0.4025,11.0,97.71,11.1638,-3.82194,15.8563,4e-05,0.88113
9970.89,BTC-27DEC19,1567421941435,open,0.02,160.7,0.005,0.029,0.01475919,80.59,0.017,0.0,BTC-27DEC19-5500-P,9798.84,77.97,0.013,36.0,0.016,26.0,82.36,6.87655,-2.39128,-2.43359,3e-05,-0.06212
9805.55,SYN.BTC-6SEP19,1567421941435,open,0.01,321.1,0.0005,0.024,0.00828486,75.14,0.0075,0.0,BTC-6SEP19-10500-C,9798.84,70.56,0.007,35.0,0.009,5.2,77.59,2.82058,-27.34103,0.19861,0.00037,0.19904
9805.55,SYN.BTC-6SEP19,1567421941454,open,0.0,204.8,0.0005,0.0105,0.00023683,106.91,0.0005,0.0,BTC-6SEP19-7500-P,9798.84,0.0,0.0,0.0,0.0005,5.0,117.6,0.18241,-2.32221,-0.00693,2e-05,-0.00642
9817.66,SYN.BTC-13SEP19,1567421941482,open,0.1,5.5,0.0755,0.1275,0.10240206,76.07,0.0945,0.0,BTC-13SEP19-9000-C,9798.84,72.43,0.1005,6.0,0.108,7.0,86.39,5.1874,-18.1417,1.94316,0.00024,0.76666
10099.89,SYN.BTC-27MAR20,1567421941534,open,2.39,0.0,2.3055,2.4715,2.38357093,89.85,None,0.0,BTC-27MAR20-34000-P,9798.84,0.0,0.0,0.0,0.0,0.0,0.0,10.50538,-2.28129,-189.53145,2e-05,-0.92734
9817.66,SYN.BTC-13SEP19,1567421941609,open,0.14,0.0,0.105,0.166,0.13528924,76.13,None,0.0,BTC-13SEP19-11000-P,9798.84,0.0,0.0,0.0,0.0,0.0,0.0,4.91076,-17.18683,-2.70103,0.00022,-0.78804
10099.89,SYN.BTC-27MAR20,1567421941609,open,0.13,131.8,0.0815,0.1665,0.12417478,80.38,0.122,0.0,BTC-27MAR20-8000-P,9798.84,77.57,0.1175,10.0,0.1255,18.0,80.94,23.94573,-4.65223,-21.17952,5e-05,-0.24581
171.5,SYN.ETH-6SEP19,1567421941618,open,0.46,0.0,0.416,0.503,0.457814,125.0,None,0.0,ETH-6SEP19-250-P,171.48,0.0,0.0,0.0,0.0,0.0,0.0,0.00118,-0.01895,-0.02651,0.0003,-0.99789
171.53,SYN.ETH-13SEP19,1567421941621,open,0.0,0.0,0.001,0.012,0.002462,81.55,None,0.0,ETH-13SEP19-220-C,171.48,0.0,0.0,0.0,0.005,203.0,94.11,0.02797,-0.10484,0.00216,0.00391,0.0448
9881.58,SYN.BTC-25OCT19,1567421941640,open,0.27,0.0,0.224,0.3095,0.26688742,79.74,None,0.0,BTC-25OCT19-12000-P,9798.84,0.0,0.0,0.0,0.0,0.0,0.0,13.31882,-10.04336,-13.65903,0.00012,-0.68729
9805.55,SYN.BTC-6SEP19,1567421941644,open,0.01,285.8,0.0005,0.0205,0.00610779,80.07,0.006,0.0,BTC-6SEP19-9000-P,9798.84,77.37,0.0055,30.3,0.007,0.5,83.86,2.24915,-23.23278,-0.15214,0.00028,-0.14002
9817.66,SYN.BTC-13SEP19,1567421941648,open,0.0,51.4,0.0005,0.0105,0.00083019,92.56,0.0005,0.0,BTC-13SEP19-7000-P,9798.84,86.29,0.0005,19.0,0.001,0.1,95.15,0.60516,-2.57529,-0.04341,2e-05,-0.01401
10099.89,SYN.BTC-27MAR20,1567421941658,open,0.13,56.4,0.084,0.184,0.13470502,82.23,0.137,0.0,BTC-27MAR20-14000-C,9798.84,80.96,0.131,10.0,0.1395,19.0,83.86,29.62236,-5.88702,15.97277,6e-05,0.41373
171.53,SYN.ETH-13SEP19,1567421941694,open,0.29,0.0,0.246,0.327,0.285018,81.55,None,0.0,ETH-13SEP19-220-P,171.48,0.0,0.0,0.0,0.0,0.0,0.0,0.02797,-0.10484,-0.06339,0.00391,-0.9552
10099.89,SYN.BTC-27MAR20,1567421941694,open,0.06,35.7,0.029,0.105,0.06397543,85.12,0.06,0.0,BTC-27MAR20-20000-C,9798.84,83.8,0.061,10.0,0.068,27.0,86.87,22.97092,-4.72574,9.38474,5e-05,0.22792
9881.58,SYN.BTC-25OCT19,1567421941739,open,0.23,0.0,0.1985,0.2585,0.22927516,79.58,None,0.0,BTC-25OCT19-8000-C,9798.84,0.0,0.03,1.0,0.0,0.0,0.0,10.46566,-7.87583,8.19864,9e-05,0.80201
10099.89,SYN.BTC-27MAR20,1567421941750,open,0.03,1.6,0.0115,0.066,0.03396583,87.19,0.0375,0.0,BTC-27MAR20-26000-C,9798.84,85.64,0.0315,10.0,0.037,29.0,89.03,16.33999,-3.44326,5.66875,3e-05,0.13299
171.6,ETH-27SEP19,1567421941760,open,0.99,294.0,0.924,1.045,0.982334,107.87,1.024,0.0,ETH-27SEP19-340-P,171.48,0.0,0.949,5.0,1.015,5.0,202.68,0.01306,-0.02832,-0.23054,0.0006,-0.98891
9817.66,SYN.BTC-13SEP19,1567421941881,open,0.02,20.2,0.0045,0.039,0.01912145,76.08,0.0175,0.0,BTC-13SEP19-9000-P,9798.84,72.98,0.0175,45.9,0.02,0.2,77.73,5.18763,-18.14437,-0.73858,0.00024,-0.23336
9805.55,SYN.BTC-6SEP19,1567421941932,open,0.0,306.0,0.0005,0.0105,0.00073189,94.2,0.001,0.0,BTC-6SEP19-12000-C,9798.84,89.19,0.0005,3.2,0.001,30.0,98.83,0.51133,-6.21379,0.02118,5e-05,0.02107
9805.55,SYN.BTC-6SEP19,1567421941944,open,0.18,6.0,0.1675,0.2035,0.18492905,99.03,0.1705,0.0,BTC-6SEP19-8000-C,9798.84,0.0,0.1785,5.1,0.1955,4.0,179.19,0.49772,-6.35861,0.82739,5e-05,0.97959
9881.58,SYN.BTC-25OCT19,1567421941944,open,0.04,4.5,0.014,0.061,0.03535807,80.51,0.0365,0.0,BTC-25OCT19-13000-C,9798.84,79.32,0.034,18.0,0.037,0.1,81.92,11.39437,-8.67415,2.77294,0.0001,0.22907
10099.89,SYN.BTC-27MAR20,1567421941950,open,0.01,109.4,0.0015,0.029,0.0111137,91.43,0.0095,0.0,BTC-27MAR20-40000-C,9798.84,89.21,0.0095,10.0,0.013,20.0,93.78,7.70622,-1.70286,2.16402,1e-05,0.04892
171.5,SYN.ETH-6SEP19,1567421941950,open,0.0,23.0,0.001,0.011,0.000973,102.08,0.001,0.0,ETH-6SEP19-140-P,171.48,0.0,0.0,0.0,0.002,3.0,116.19,0.00989,-0.1303,-0.00045,0.0031,-0.02375
9817.66,SYN.BTC-13SEP19,1567421941950,open,0.01,265.0,0.0005,0.023,0.00848704,77.71,0.008,0.0,BTC-13SEP19-11500-C,9798.84,74.98,0.0075,15.1,0.0095,0.5,80.38,3.64305,-13.01511,0.36441,0.00016,0.13306
9817.66,SYN.BTC-13SEP19,1567421941961,open,0.24,0.0,0.221,0.256,0.23780581,85.57,None,0.0,BTC-13SEP19-7500-C,9798.84,0.0,0.0,0.0,0.0,0.0,0.0,1.11856,-4.40046,2.14505,5e-05,0.97108
174.9,SYN.ETH-27MAR20,1567421941965,open,0.02,422.0,0.009,0.039,0.022648,85.27,0.018,0.0,ETH-27MAR20-80-P,171.48,78.76,0.017,300.0,0.026,40.0,88.82,0.16062,-0.0331,-0.08376,0.00109,-0.06185
174.9,SYN.ETH-27MAR20,1567421942050,open,0.4,2.0,0.359,0.441,0.403037,85.27,0.388,0.0,ETH-27MAR20-120-C,171.48,0.0,0.06,2.0,0.0,0.0,0.0,0.3479,-0.0717,0.41137,0.00235,0.81801
10099.89,SYN.BTC-27MAR20,1567421942052,open,2.59,0.0,2.4985,2.6695,2.57894235,90.16,None,0.0,BTC-27MAR20-36000-P,9798.84,0.0,0.0,0.0,0.0,0.0,0.0,9.36484,-2.04062,-201.29011,2e-05,-0.93738
9881.58,SYN.BTC-25OCT19,1567421942079,open,0.04,2.0,0.0175,0.0635,0.0388662,79.59,0.04,0.0,BTC-25OCT19-8000-P,9798.84,76.86,0.036,36.3,0.041,36.3,81.59,10.46589,-7.87639,-3.39072,9e-05,-0.198
9805.55,SYN.BTC-6SEP19,1567421942093,open,0.0,80.7,0.0005,0.0105,0.00048407,118.01,0.0005,0.0,BTC-6SEP19-13000-C,9798.84,0.0,0.0,0.0,0.001,26.3,130.35,0.3148,-4.74659,0.01195,3e-05,0.01197
10099.89,SYN.BTC-27MAR20,1567421942112,open,0.24,33.1,0.1885,0.2895,0.24159154,80.38,0.245,0.0,BTC-27MAR20-10000-C,9798.84,78.43,0.236,10.0,0.2455,18.0,81.75,28.82949,-5.60096,21.95596,6e-05,0.62514
174.9,SYN.ETH-27MAR20,1567421942123,open,0.09,261.0,0.053,0.125,0.089143,85.27,0.09,0.0,ETH-27MAR20-120-P,171.48,81.15,0.081,244.0,0.094,32.0,87.7,0.3479,-0.0717,-0.26877,0.00235,-0.18199
10099.89,SYN.BTC-27MAR20,1567421942148,open,0.61,0.0,0.6,0.6305,0.61447243,81.18,None,0.0,BTC-27MAR20-4000-C,9798.84,0.0,0.2,1.0,0.0,0.0,0.0,5.77788,-1.13363,20.10616,1e-05,0.96571
9805.55,SYN.BTC-6SEP19,1567421942174,open,0.05,303.2,0.0235,0.073,0.04907855,76.73,0.0455,0.0,BTC-6SEP19-9500-C,9798.84,71.13,0.047,38.5,0.05,1.1,79.2,3.65923,-36.22326,0.64649,0.00047,0.67
10099.89,SYN.BTC-27MAR20,1567421942184,open,0.52,17.7,0.4535,0.587,0.52086559,82.23,0.575,0.0,BTC-27MAR20-14000-P,9798.84,66.02,0.4745,3.0,0.5645,3.0,96.93,29.62252,-5.88721,-63.37667,6e-05,-0.58626
10099.89,SYN.BTC-27MAR20,1567421942190,open,1.05,0.0,0.9745,1.118,1.04420482,85.12,None,0.0,BTC-27MAR20-20000-P,9798.84,0.0,0.0005,2.0,1.2995,1.0,175.08,22.97212,-4.72623,-103.97116,5e-05,-0.77206
174.9,SYN.ETH-27MAR20,1567421942203,open,0.28,222.0,0.23,0.332,0.285878,85.27,0.273,0.0,ETH-27MAR20-160-C,171.48,81.62,0.276,185.0,0.295,185.0,88.65,0.47263,-0.0974,0.38785,0.0032,0.67713
9817.66,SYN.BTC-13SEP19,1567421942221,open,0.07,25.1,0.041,0.095,0.06881877,75.36,0.0675,0.0,BTC-13SEP19-9500-C,9798.84,72.58,0.067,18.0,0.074,8.0,83.25,6.42772,-22.26979,1.62617,0.0003,0.62471
171.5,SYN.ETH-6SEP19,1567421942245,open,0.13,40.0,0.099,0.157,0.128947,94.96,0.117,0.0,ETH-6SEP19-150-C,171.48,0.0,0.001,1.0,0.0,0.0,0.0,0.02581,-0.31612,0.01444,0.0087,0.92187
9805.55,SYN.BTC-6SEP19,1567421942245,open,0.08,140.6,0.0525,0.106,0.07911183,75.15,0.08,0.0,BTC-6SEP19-10500-P,9798.84,63.55,0.076,4.0,0.081,6.0,81.52,2.82104,-27.35126,-0.91627,0.00037,-0.80091
9881.58,SYN.BTC-25OCT19,1567421942252,open,0.01,121.6,0.002,0.028,0.0119688,84.57,0.0085,0.0,BTC-25OCT19-16000-C,9798.84,82.98,0.011,10.0,0.013,0.2,86.19,6.14469,-4.91397,1.12757,5e-05,0.09074
10099.89,SYN.BTC-27MAR20,1567421942272,open,1.62,0.0,1.5375,1.687,1.60826403,87.2,None,0.0,BTC-27MAR20-26000-P,9798.84,0.0,0.0,0.0,0.0,0.0,0.0,16.34291,-3.44419,-141.69351,3e-05,-0.86697
174.9,SYN.ETH-27MAR20,1567421942278,open,0.2,37.0,0.144,0.253,0.200687,85.27,0.194,0.0,ETH-27MAR20-160-P,171.48,82.06,0.192,148.0,0.21,148.0,88.72,0.47263,-0.0974,-0.51901,0.0032,-0.32287
9881.58,SYN.BTC-25OCT19,1567421942288,open,0.35,0.0,0.309,0.394,0.35094351,80.51,None,0.0,BTC-25OCT19-13000-P,9798.84,0.0,0.0,0.0,0.0,0.0,0.0,11.395,-8.67526,-16.05927,0.0001,-0.77091
9817.66,SYN.BTC-13SEP19,1567421942302,open,0.18,0.0,0.151,0.2105,0.17985071,77.72,None,0.0,BTC-13SEP19-11500-P,9798.84,0.0,0.0,0.0,0.0,0.0,0.0,3.64398,-13.02081,-3.06205,0.00016,-0.86689
174.9,SYN.ETH-27MAR20,1567421942366,open,0.21,495.0,0.148,0.255,0.205813,85.96,0.202,0.0,ETH-27MAR20-200-C,171.48,82.68,0.196,209.0,0.218,209.0,90.06,0.52176,-0.1084,0.33755,0.0035,0.54632
9881.59,SYN.BTC-25OCT19,1567421942379,open,0.16,0.0,0.1285,0.1965,0.16383864,78.73,None,0.0,BTC-25OCT19-9000-C,9798.84,77.02,0.1615,14.4,0.172,19.4,84.7,13.48757,-10.04139,7.35798,0.00012,0.67784
9817.67,SYN.BTC-13SEP19,1567421942391,open,0.0,48.2,0.0005,0.0115,0.00173856,85.6,0.002,0.0,BTC-13SEP19-7500-P,9798.84,78.03,0.001,28.0,0.002,0.1,87.8,1.11984,-4.40705,-0.08981,5e-05,-0.02896
9805.55,SYN.BTC-6SEP19,1567421942426,open,0.0,340.6,0.0005,0.0105,0.0007972,99.1,0.001,0.0,BTC-6SEP19-8000-P,9798.84,92.37,0.0005,35.1,0.001,0.3,102.8,0.49908,-6.38028,-0.02215,5e-05,-0.02048
9805.55,SYN.BTC-6SEP19,1567421942459,open,0.23,20.0,0.2,0.252,0.22453415,94.3,0.247,0.0,BTC-6SEP19-12000-P,9798.84,0.0,0.21,1.1,0.2335,1.1,160.03,0.51375,-6.25001,-1.25291,5e-05,-0.97881
174.9,SYN.ETH-27MAR20,1567421942459,open,0.35,157.0,0.279,0.414,0.349323,85.96,0.352,0.0,ETH-27MAR20-200-P,171.48,81.51,0.336,264.0,0.363,24.0,90.56,0.52176,-0.1084,-0.79601,0.0035,-0.45368
171.5,SYN.ETH-6SEP19,1567421942473,open,0.0,461.0,0.001,0.016,0.003589,94.96,0.002,0.0,ETH-6SEP19-150-P,171.48,82.9,0.002,202.0,0.005,500.0,103.62,0.02581,-0.31612,-0.00149,0.0087,-0.07813
10099.9,SYN.BTC-27MAR20,1567421942516,open,2.98,1.0,2.8855,3.0675,2.97157252,91.46,2.7125,0.0,BTC-27MAR20-40000-P,9798.84,0.0,0.0,0.0,0.0,0.0,0.0,7.71632,-1.70567,-224.54582,1e-05,-0.951
174.9,SYN.ETH-27MAR20,1567421942535,open,0.15,274.0,0.095,0.198,0.149306,86.21,0.149,0.0,ETH-27MAR20-240-C,171.48,83.4,0.141,231.0,0.15,1.0,86.44,0.51837,-0.10801,0.28346,0.00347,0.43525
9817.67,SYN.BTC-13SEP19,1567421942557,open,0.04,8.0,0.014,0.061,0.03646704,75.37,0.036,0.0,BTC-13SEP19-9500-P,9798.84,71.59,0.034,10.0,0.037,0.1,76.18,6.42775,-22.27196,-1.20452,0.0003,-0.37529
10099.9,SYN.BTC-27MAR20,1567421942579,open,0.23,87.0,0.1755,0.285,0.23170615,80.38,0.23,0.0,BTC-27MAR20-10000-P,9798.84,79.09,0.228,0.5,0.2365,8.6,82.07,28.82945,-5.60108,-34.72244,6e-05,-0.37486
171.5,SYN.ETH-6SEP19,1567421942598,open,0.08,0.0,0.044,0.107,0.077235,84.6,None,0.0,ETH-6SEP19-160-C,171.48,72.83,0.074,40.0,0.08,40.0,93.88,0.04956,-0.5409,0.01315,0.01876,0.79945
9881.59,SYN.BTC-25OCT19,1567421942603,open,0.02,55.3,0.008,0.047,0.02474641,82.27,0.0265,0.0,BTC-25OCT19-14000-C,9798.84,80.43,0.023,19.0,0.0265,10.0,84.07,9.50076,-7.3913,2.07265,8e-05,0.16954
174.9,SYN.ETH-27MAR20,1567421942621,open,0.52,130.0,0.443,0.595,0.521519,86.21,0.417,0.0,ETH-27MAR20-240-P,171.48,81.97,0.509,240.0,0.538,24.0,91.75,0.51837,-0.10801,-1.07682,0.00347,-0.56475
9881.59,SYN.BTC-25OCT19,1567421942637,open,0.63,0.0,0.5915,0.6755,0.63115088,84.59,None,0.0,BTC-25OCT19-16000-P,9798.84,0.0,0.0,0.0,0.0,0.0,0.0,6.14725,-4.91692,-22.05023,5e-05,-0.90921
9817.67,SYN.BTC-13SEP19,1567421942655,open,0.01,40.7,0.0005,0.0175,0.00548598,81.94,0.006,0.0,BTC-13SEP19-12000-C,9798.84,78.21,0.0045,17.5,0.0065,30.0,85.44,2.72364,-10.25981,0.24359,0.00012,0.08875
10099.9,SYN.BTC-27MAR20,1567421942677,open,0.05,9.4,0.0205,0.0885,0.05073807,85.63,0.0595,0.0,BTC-27MAR20-22000-C,9798.84,84.26,0.048,10.0,0.055,32.9,87.7,20.4992,-4.24245,7.85702,4e-05,0.18799
10099.9,SYN.BTC-27MAR20,1567421942677,open,0.01,35.5,0.001,0.0215,0.0105183,81.18,0.0115,0.0,BTC-27MAR20-4000-P,9798.84,79.36,0.0095,20.0,0.0115,14.0,82.86,5.77842,-1.13378,-2.56548,1e-05,-0.0343
9881.59,SYN.BTC-25OCT19,1567421942685,open,0.08,13.1,0.0435,0.1065,0.07462856,78.74,0.0815,0.0,BTC-25OCT19-9000-P,9798.84,76.44,0.0715,10.0,0.0775,16.0,80.84,13.48763,-10.04195,-5.67999,0.00012,-0.32216
171.5,SYN.ETH-6SEP19,1567421942700,open,0.01,464.0,0.001,0.03,0.010187,84.6,0.01,0.0,ETH-6SEP19-160-P,171.48,76.79,0.008,160.0,0.012,160.0,90.75,0.04956,-0.5409,-0.00384,0.01876,-0.20055
10099.9,SYN.BTC-27MAR20,1567421942705,open,0.1,105.4,0.0575,0.1505,0.10320959,83.18,0.0995,0.0,BTC-27MAR20-16000-C,9798.84,82.01,0.1,10.0,0.108,20.0,84.91,27.75511,-5.57975,13.3642,6e-05,0.33667
174.9,SYN.ETH-27MAR20,1567421942707,open,0.11,238.0,0.064,0.16,0.113307,87.72,0.108,0.0,ETH-27MAR20-280-C,171.48,84.36,0.104,249.0,0.123,281.0,91.16,0.48827,-0.10352,0.23571,0.00321,0.35109
9805.55,SYN.BTC-6SEP19,1567421942718,open,0.0,169.7,0.0005,0.0125,0.00266072,76.32,0.0025,0.0,BTC-6SEP19-11000-C,9798.84,71.58,0.002,50.3,0.0035,30.1,81.55,1.46584,-14.4317,0.07788,0.00019,0.07746
171.53,SYN.ETH-13SEP19,1567421942775,open,0.3,0.0,0.279,0.323,0.301598,102.3,None,0.0,ETH-13SEP19-120-C,171.48,0.0,0.0,0.0,0.0,0.0,0.0,0.01271,-0.05978,0.03481,0.00142,0.98264
10099.9,SYN.BTC-27MAR20,1567421942778,open,0.03,1.4,0.0085,0.0575,0.02808103,87.78,0.0325,0.0,BTC-27MAR20-28000-C,9798.84,87.02,0.027,0.1,0.029,1.0,88.42,14.54433,-3.08575,4.84168,3e-05,0.11266
9805.55,SYN.BTC-6SEP19,1567421942787,open,0.33,0.0,0.3,0.356,0.32626985,118.19,None,0.0,BTC-6SEP19-13000-P,9798.84,0.0,0.3105,1.1,0.3355,1.1,202.3,0.3174,-4.83956,-1.36832,3e-05,-0.98792
174.9,SYN.ETH-27MAR20,1567421942790,open,0.72,81.0,0.631,0.795,0.714222,87.72,0.582,0.0,ETH-27MAR20-280-P,171.48,0.0,0.0,0.0,0.0,0.0,0.0,0.48827,-0.10352,-1.35128,0.00321,-0.64891
9805.55,SYN.BTC-6SEP19,1567421942794,open,0.02,364.0,0.0025,0.039,0.01792209,76.74,0.017,0.0,BTC-6SEP19-9500-P,9798.84,74.27,0.017,16.0,0.0195,18.0,80.95,3.65931,-36.22946,-0.36228,0.00047,-0.33002
172.11,SYN.ETH-25OCT19,1567421942841,open,0.42,0.0,0.403,0.445,0.424371,87.39,None,0.0,ETH-25OCT19-100-C,171.48,0.0,0.0,0.0,0.0,0.0,0.0,0.05185,-0.04285,0.13453,0.00138,0.96396
9817.67,SYN.BTC-13SEP19,1567421942849,open,0.19,0.0,0.1695,0.2105,0.18954499,82.84,None,0.0,BTC-13SEP19-8000-C,9798.84,0.0,0.1,1.0,0.0,0.0,0.0,2.18392,-8.31717,2.17667,9e-05,0.93363
9817.67,SYN.BTC-13SEP19,1567421942873,open,0.04,33.3,0.019,0.0685,0.0435781,75.36,0.0455,0.0,BTC-13SEP19-10000-C,9798.84,71.61,0.041,18.0,0.0445,9.0,76.7,6.74113,-23.35586,1.24609,0.00031,0.46954
174.9,SYN.ETH-27MAR20,1567421942882,open,0.09,192.0,0.043,0.129,0.08586,88.28,0.079,0.0,ETH-27MAR20-320-C,171.48,84.75,0.077,265.0,0.095,297.0,91.83,0.44485,-0.09492,0.19453,0.00291,0.2821
171.53,SYN.ETH-13SEP19,1567421942891,open,0.0,0.0,0.001,0.011,0.001175,102.3,None,0.0,ETH-13SEP19-120-P,171.48,0.0,0.0,0.0,0.002,3.0,111.65,0.01271,-0.05978,-0.00095,0.00142,-0.01736
9881.59,SYN.BTC-25OCT19,1567421942910,open,0.44,0.0,0.4005,0.4855,0.44153072,82.28,None,0.0,BTC-25OCT19-14000-P,9798.84,0.0,0.0,0.0,0.0,0.0,0.0,9.50201,-7.39308,-18.20807,8e-05,-0.83043
174.9,SYN.ETH-27MAR20,1567421942960,open,0.92,1.0,0.829,1.002,0.915477,88.28,0.827,0.0,ETH-27MAR20-320-P,171.48,0.0,0.0,0.0,0.0,0.0,0.0,0.44485,-0.09492,-1.61917,0.00291,-0.7179
171.5,SYN.ETH-6SEP19,1567421942973,open,0.01,841.0,0.001,0.036,0.014589,80.13,0.013,0.0,ETH-6SEP19-180-C,171.48,69.74,0.011,403.0,0.013,4.0,75.6,0.06078,-0.6283,0.00507,0.02429,0.29298
9805.55,SYN.BTC-6SEP19,1567421942973,open,0.0,169.4,0.0005,0.0105,0.00024267,95.34,0.0005,0.0,BTC-6SEP19-12500-C,9798.84,0.0,0.0,0.0,0.0005,1.0,104.29,0.21451,-2.37952,0.00778,2e-05,0.00771
171.53,SYN.ETH-13SEP19,1567421942976,open,0.24,0.0,0.219,0.268,0.24411,89.85,None,0.0,ETH-13SEP19-130-C,171.48,0.0,0.0,0.0,0.0,0.0,0.0,0.02075,-0.0857,0.03705,0.00263,0.96892
172.11,SYN.ETH-25OCT19,1567421942986,open,0.32,0.0,0.291,0.348,0.320577,84.95,None,0.0,ETH-25OCT19-120-C,171.48,0.0,0.0,0.0,0.0,0.0,0.0,0.11563,-0.09288,0.14427,0.00317,0.89921
9881.59,SYN.BTC-25OCT19,1567421943019,open,0.11,18.3,0.0775,0.147,0.11357038,78.5,0.1125,0.0,BTC-25OCT19-10000-C,9798.84,77.13,0.1115,24.4,0.1165,0.2,80.44,14.91467,-11.07145,6.15596,0.00013,0.54361
174.9,SYN.ETH-27MAR20,1567421943048,open,0.07,28.0,0.03,0.105,0.065751,88.67,0.059,0.0,ETH-27MAR20-360-C,171.48,85.18,0.058,277.0,0.073,32.0,91.81,0.39723,-0.08513,0.16019,0.00258,0.22735
171.53,SYN.ETH-13SEP19,1567421943051,open,0.0,600.0,0.001,0.011,0.001984,89.85,0.002,0.0,ETH-13SEP19-130-P,171.48,0.0,0.0,0.0,0.004,3.0,103.31,0.02075,-0.0857,-0.00169,0.00263,-0.03108
9817.67,SYN.BTC-13SEP19,1567421943055,open,0.23,0.0,0.1995,0.259,0.22777849,81.96,None,0.0,BTC-13SEP19-12000-P,9798.84,0.0,0.0,0.0,0.0,0.0,0.0,2.7251,-10.26805,-3.33182,0.00012,-0.91118
172.11,SYN.ETH-25OCT19,1567421943058,open,0.02,453.0,0.006,0.034,0.017815,84.95,0.016,0.0,ETH-25OCT19-120-P,171.48,80.62,0.015,297.0,0.02,160.0,88.13,0.11563,-0.09288,-0.02957,0.00317,-0.10079
10099.9,SYN.BTC-27MAR20,1567421943080,open,0.18,20.6,0.1265,0.2305,0.18031245,81.74,0.184,0.0,BTC-27MAR20-12000-C,9798.84,79.81,0.1745,10.0,0.1815,3.3,82.14,30.32286,-5.99072,18.93026,6e-05,0.511
10099.9,SYN.BTC-27MAR20,1567421943093,open,0.02,3.5,0.005,0.0445,0.01994132,89.07,0.0195,0.0,BTC-27MAR20-32000-C,9798.84,87.34,0.018,10.0,0.022,14.0,90.81,11.63484,-2.50478,3.61654,2e-05,0.08312
9805.55,SYN.BTC-6SEP19,1567421943096,open,0.13,52.7,0.116,0.1555,0.13512353,87.12,0.1195,0.0,BTC-6SEP19-8500-C,9798.84,0.0,0.1285,5.1,0.146,4.0,146.2,1.05641,-11.87288,0.84754,0.00012,0.94914
173.25,ETH-27DEC19,1567421943121,open,0.44,0.0,0.416,0.468,0.44252,81.95,None,0.0,ETH-27DEC19-100-C,171.48,0.0,0.0,0.0,0.0,0.0,0.0,0.14187,-0.05016,0.26392,0.00182,0.92236
174.9,SYN.ETH-27MAR20,1567421943125,open,1.13,0.0,1.035,1.215,1.12407,88.67,None,0.0,ETH-27MAR20-360-P,171.48,0.0,0.0,0.0,0.0,0.0,0.0,0.39723,-0.08513,-1.88022,0.00258,-0.77265
172.11,SYN.ETH-25OCT19,1567421943125,open,0.23,0.0,0.193,0.263,0.230921,83.61,None,0.0,ETH-25OCT19-140-C,171.48,0.0,0.0,0.0,0.0,0.0,0.0,0.18855,-0.14907,0.1395,0.00526,0.79045
171.53,SYN.ETH-13SEP19,1567421943132,open,0.19,0.0,0.161,0.217,0.189789,88.8,None,0.0,ETH-13SEP19-140-C,171.48,0.0,0.0,0.0,0.0,0.0,0.0,0.04422,-0.1805,0.0373,0.00568,0.91953
171.53,SYN.ETH-13SEP19,1567421943171,open,0.0,0.0,0.001,0.011,0.001862,88.58,None,0.0,ETH-13SEP19-230-C,171.48,0.0,0.0,0.0,0.004,200.0,101.81,0.02166,-0.08823,0.00158,0.00279,0.03275
10099.9,SYN.BTC-27MAR20,1567421943179,open,0.45,0.1,0.4235,0.4855,0.45489323,80.38,0.4775,0.0,BTC-27MAR20-6000-C,9798.84,0.0,0.283,1.0,0.0,0.0,0.0,15.42286,-2.99629,24.19826,3e-05,0.87761
9817.67,SYN.BTC-13SEP19,1567421943183,open,0.06,9.2,0.034,0.0905,0.0621552,75.37,0.0645,0.0,BTC-13SEP19-10000-P,9798.84,72.23,0.06,0.1,0.065,7.0,79.51,6.74114,-23.35819,-1.73355,0.00031,-0.53045
173.25,ETH-27DEC19,1567421943193,open,0.02,1199.0,0.007,0.036,0.01972,81.95,0.018,0.0,ETH-27DEC19-100-P,171.48,78.52,0.017,300.0,0.022,40.0,84.67,0.14187,-0.05016,-0.05355,0.00182,-0.07764
171.5,SYN.ETH-6SEP19,1567421943206,open,0.0,5.0,0.001,0.011,2.6e-05,125.0,0.002,0.0,ETH-6SEP19-260-C,171.48,0.0,0.0,0.0,0.002,300.0,199.41,0.00047,-0.00449,1e-05,0.00012,0.00077
174.9,SYN.ETH-27MAR20,1567421943208,open,0.05,278.0,0.021,0.086,0.051209,89.13,0.044,0.0,ETH-27MAR20-400-C,171.48,85.96,0.045,288.0,0.057,32.0,91.95,0.35121,-0.07566,0.1324,0.00227,0.18477
173.25,ETH-27DEC19,1567421943214,open,0.08,3062.0,0.04,0.113,0.076858,82.51,0.083,0.0,ETH-27DEC19-240-C,171.48,80.08,0.072,249.0,0.082,32.0,85.04,0.34894,-0.12423,0.13355,0.00444,0.31968
171.6,ETH-27SEP19,1567421943217,open,0.0,1752.0,0.001,0.014,0.004949,91.84,0.006,0.0,ETH-27SEP19-260-C,171.48,88.28,0.004,832.0,0.006,160.0,95.34,0.04864,-0.08979,0.00566,0.00264,0.05334
10099.9,SYN.BTC-27MAR20,1567421943217,open,0.69,0.3,0.6185,0.7565,0.6873931,83.18,0.6725,0.0,BTC-27MAR20-16000-P,9798.84,64.77,0.64,2.0,0.74,2.0,101.62,27.75561,-5.58008,-77.32068,6e-05,-0.66332
171.6,ETH-27SEP19,1567421943219,open,0.0,6011.0,0.001,0.011,9e-06,125.0,0.002,0.0,ETH-27SEP19-600-C,171.48,0.0,0.0,0.0,0.001,299.0,179.56,0.00021,-0.00053,1e-05,1e-05,0.00012
171.6,ETH-27SEP19,1567421943219,open,0.0,839.0,0.001,0.011,3.3e-05,125.0,0.001,0.0,ETH-27SEP19-60-P,171.48,0.0,0.0,0.0,0.002,600.0,193.66,0.00058,-0.00147,-5e-05,2e-05,-0.00036
171.6,ETH-27SEP19,1567421943219,open,0.75,850.0,0.698,0.807,0.750167,99.48,0.8,0.0,ETH-27SEP19-300-P,171.48,0.0,0.049,15.0,1.82,5.0,500.0,0.02319,-0.04636,-0.20215,0.00116,-0.97836
9805.55,SYN.BTC-6SEP19,1567421943221,open,0.13,43.5,0.1005,0.151,0.12447945,76.35,0.125,0.0,BTC-6SEP19-11000-P,9798.84,0.0,0.1215,10.0,0.133,6.0,115.48,1.46719,-14.45124,-1.09005,0.00019,-0.92245
173.25,ETH-27DEC19,1567421943223,open,0.0,2921.0,0.001,0.012,0.002971,97.51,0.002,0.0,ETH-27DEC19-640-C,171.48,86.24,0.001,160.0,0.004,250.0,101.27,0.0426,-0.01792,0.0081,0.00046,0.0177
171.6,ETH-27SEP19,1567421943223,open,2.27,24.0,2.169,2.364,2.263424,125.0,1.356,0.0,ETH-27SEP19-560-P,171.48,0.0,0.0,0.0,0.0,0.0,0.0,0.00045,-0.00112,-0.38163,2e-05,-0.99973
173.25,ETH-27DEC19,1567421943223,open,0.88,101.0,0.808,0.95,0.877387,85.08,0.513,0.0,ETH-27DEC19-320-P,171.48,0.0,0.006,5.0,0.0,0.0,0.0,0.2267,-0.08323,-0.95057,0.0028,-0.85089
171.6,ETH-27SEP19,1567421943225,open,1.34,79.0,1.264,1.405,1.331609,122.45,0.351,0.0,ETH-27SEP19-400-P,171.48,0.0,0.0,0.0,0.0,0.0,0.0,0.0081,-0.01993,-0.27193,0.00033,-0.99357
171.6,ETH-27SEP19,1567421943225,open,0.0,10234.0,0.001,0.014,0.004513,86.4,0.005,0.0,ETH-27SEP19-120-P,171.48,79.57,0.003,470.0,0.006,210.0,92.0,0.04224,-0.07336,-0.00576,0.00244,-0.04471
171.6,ETH-27SEP19,1567421943228,open,0.03,1694.0,0.011,0.056,0.032065,82.0,0.031,0.0,ETH-27SEP19-200-C,171.48,81.93,0.032,2.0,0.034,128.0,84.22,0.14853,-0.24481,0.028,0.00903,0.27148
171.6,ETH-27SEP19,1567421943243,open,0.2,2789.0,0.153,0.241,0.197566,82.0,0.2,0.0,ETH-27SEP19-200-P,171.48,63.96,0.183,240.0,0.231,13.0,117.82,0.14853,-0.24481,-0.10831,0.00903,-0.72852
171.6,ETH-27SEP19,1567421943243,open,0.0,5439.0,0.001,0.011,0.000119,125.0,0.001,0.0,ETH-27SEP19-480-C,171.48,0.0,0.0,0.0,0.005,300.0,186.68,0.00205,-0.00516,0.00015,8e-05,0.0014
171.6,ETH-27SEP19,1567421943243,open,0.41,2548.0,0.361,0.456,0.407433,88.38,0.404,0.0,ETH-27SEP19-240-P,171.48,0.0,0.053,5.0,0.88,5.0,500.0,0.07296,-0.12961,-0.15403,0.00411,-0.90965
173.25,ETH-27DEC19,1567421943247,open,0.01,1646.0,0.001,0.021,0.008495,93.26,0.008,0.0,ETH-27DEC19-480-C,171.48,88.25,0.006,95.0,0.011,40.0,97.46,0.09552,-0.03844,0.02108,0.00107,0.04682
171.6,ETH-27SEP19,1567421943249,open,0.3,1771.0,0.252,0.343,0.297147,82.7,0.297,0.0,ETH-27SEP19-220-P,171.48,0.0,0.279,240.0,0.322,10.0,116.56,0.10375,-0.17245,-0.13433,0.00625,-0.85151
171.6,ETH-27SEP19,1567421943249,open,0.0,2200.0,0.001,0.012,0.002471,92.81,0.004,0.0,ETH-27SEP19-280-C,171.48,81.64,0.001,380.0,0.004,160.0,100.43,0.02941,-0.05487,0.00307,0.00158,0.02874
171.5,SYN.ETH-6SEP19,1567421943249,open,0.01,134.0,0.001,0.021,0.005786,86.3,0.006,0.0,ETH-6SEP19-190-C,171.48,82.67,0.005,100.0,0.007,500.0,91.55,0.03818,-0.4251,0.00234,0.01417,0.13403
171.6,ETH-27SEP19,1567421943251,open,0.0,2190.0,0.001,0.011,0.000986,99.81,0.002,0.0,ETH-27SEP19-320-C,171.48,0.0,0.0,0.0,0.002,8.0,109.48,0.01387,-0.02782,0.00127,0.00069,0.01187
171.6,ETH-27SEP19,1567421943251,open,0.0,3828.0,0.001,0.011,2.1e-05,125.0,0.001,0.0,ETH-27SEP19-560-C,171.48,0.0,0.0,0.0,0.001,99.0,171.25,0.00045,-0.00112,3e-05,2e-05,0.00027
171.6,ETH-27SEP19,1567421943251,open,0.87,607.0,0.811,0.925,0.865788,99.81,0.761,0.0,ETH-27SEP19-320-P,171.48,0.0,0.0,0.0,1.39,1.0,500.0,0.01387,-0.02782,-0.21681,0.00069,-0.98813
10099.9,SYN.BTC-27MAR20,1567421943251,open,1.23,0.0,1.1595,1.304,1.2289904,85.64,None,0.0,BTC-27MAR20-22000-P,9798.84,0.0,0.0,0.0,0.0,0.0,0.0,20.50127,-4.24319,-116.83416,4e-05,-0.81198
171.6,ETH-27SEP19,1567421943255,open,0.0,2907.0,0.001,0.011,0.000294,125.0,0.001,0.0,ETH-27SEP19-440-C,171.48,0.0,0.0,0.0,0.001,194.0,141.45,0.00439,-0.01104,0.00034,0.00018,0.00324
173.25,ETH-27DEC19,1567421943257,open,2.47,0.0,2.364,2.58,2.467271,97.51,0.953,0.0,ETH-27DEC19-600-P,171.48,0.0,0.0,0.0,0.0,0.0,0.0,0.05417,-0.02279,-1.89412,0.00058,-0.9765
173.25,ETH-27DEC19,1567421943257,open,0.02,877.0,0.006,0.043,0.021511,87.84,0.023,0.0,ETH-27DEC19-360-C,171.48,85.38,0.019,300.0,0.024,40.0,90.13,0.1827,-0.06924,0.04828,0.00218,0.10929
171.6,ETH-27SEP19,1567421943257,open,2.04,12.0,1.943,2.124,2.030352,125.0,1.193,0.0,ETH-27SEP19-520-P,171.48,0.0,0.0,0.0,0.0,0.0,0.0,0.00096,-0.0024,-0.35433,4e-05,-0.99939
173.25,ETH-27DEC19,1567421943259,open,1.78,21.0,1.692,1.874,1.779057,93.26,0.629,0.0,ETH-27DEC19-480-P,171.48,0.0,0.001,7.0,0.0,0.0,0.0,0.09552,-0.03844,-1.50277,0.00107,-0.95318
173.25,ETH-27DEC19,1567421943259,open,1.33,16.0,1.247,1.407,1.323752,89.32,1.195,0.0,ETH-27DEC19-400-P,171.48,0.0,0.001,8.0,0.0,0.0,0.0,0.1439,-0.05546,-1.23458,0.00169,-0.92089
10099.9,SYN.BTC-27MAR20,1567421943259,open,1.81,0.0,1.728,1.881,1.80040218,87.79,None,0.0,BTC-27MAR20-28000-P,9798.84,0.0,0.0,0.0,0.0,0.0,0.0,14.54864,-3.08707,-153.85575,3e-05,-0.88729
173.25,ETH-27DEC19,1567421943261,open,1.55,0.0,1.469,1.639,1.550588,91.04,None,0.0,ETH-27DEC19-440-P,171.48,0.0,0.001,8.0,0.0,0.0,0.0,0.11527,-0.04528,-1.37022,0.00133,-0.94067
171.6,ETH-27SEP19,1567421943261,open,1.1,233.0,1.037,1.166,1.098884,115.4,0.634,0.0,ETH-27SEP19-360-P,171.48,0.0,0.5,44.0,0.0,0.0,0.0,0.01244,-0.02885,-0.24424,0.00054,-0.98952
171.6,ETH-27SEP19,1567421943261,open,0.53,0.0,0.52,0.549,0.534299,119.53,None,0.0,ETH-27SEP19-80-C,171.48,0.0,0.003,10.0,0.0,0.0,0.0,0.00606,-0.01456,0.05392,0.00025,0.99536
171.6,ETH-27SEP19,1567421943261,open,0.0,7916.0,0.001,0.011,0.0,125.0,0.001,0.0,ETH-27SEP19-760-C,171.48,0.0,0.0,0.0,0.002,400.0,223.15,1e-05,-3e-05,0.0,0.0,1e-05
171.6,ETH-27SEP19,1567421943261,open,0.3,89.0,0.281,0.328,0.305213,86.4,0.302,0.0,ETH-27SEP19-120-C,171.48,0.0,0.0,0.0,0.0,0.0,0.0,0.04224,-0.07336,0.07603,0.00244,0.95529
171.6,ETH-27SEP19,1567421943261,open,1.22,259.0,1.151,1.285,1.215434,122.45,0.94,0.0,ETH-27SEP19-380-P,171.48,0.0,0.009,8.0,0.0,0.0,0.0,0.01192,-0.02933,-0.25793,0.00048,-0.99002
173.25,ETH-27DEC19,1567421943263,open,0.28,2.0,0.232,0.313,0.275946,80.84,0.275,0.0,ETH-27DEC19-140-C,171.48,0.0,0.0,0.0,0.0,0.0,0.0,0.30575,-0.10665,0.2644,0.00397,0.75666
173.25,ETH-27DEC19,1567421943263,open,2.01,37.0,1.916,2.108,2.007936,94.71,0.707,0.0,ETH-27DEC19-520-P,171.48,0.0,0.002,25.0,0.0,0.0,0.0,0.07806,-0.0319,-1.63433,0.00086,-0.96351
171.6,ETH-27SEP19,1567421943265,open,0.0,3439.0,0.001,0.011,2e-06,125.0,0.001,0.0,ETH-27SEP19-680-C,171.48,0.0,0.0,0.0,0.002,300.0,209.47,5e-05,-0.00012,0.0,0.0,2e-05
173.25,ETH-27DEC19,1567421943267,open,0.35,2.0,0.316,0.384,0.352303,81.27,0.346,0.0,ETH-27DEC19-120-C,171.48,0.0,0.101,1.0,2.47,1.0,500.0,0.22889,-0.08026,0.27304,0.00296,0.84873
171.6,ETH-27SEP19,1567421943279,open,0.0,5974.0,0.001,0.011,0.000998,95.23,0.001,0.0,ETH-27SEP19-100-P,171.48,0.0,0.0,0.0,0.002,160.0,105.78,0.0128,-0.0245,-0.00138,0.00067,-0.01083
173.25,ETH-27DEC19,1567421943279,open,0.46,814.0,0.397,0.525,0.46214,82.51,0.366,0.0,ETH-27DEC19-240-P,171.48,66.73,0.432,240.0,0.0,0.0,0.0,0.34894,-0.12423,-0.62837,0.00444,-0.68032
173.25,ETH-27DEC19,1567421943279,open,0.05,6936.0,0.021,0.071,0.044943,81.27,0.048,0.0,ETH-27DEC19-120-P,171.48,79.79,0.043,269.0,0.047,40.0,82.81,0.22889,-0.08026,-0.10792,0.00296,-0.15127
171.53,SYN.ETH-13SEP19,1567421943281,open,0.01,202.0,0.001,0.018,0.005961,88.8,0.006,0.0,ETH-13SEP19-140-P,171.48,75.45,0.003,500.0,0.009,500.0,99.51,0.04422,-0.1805,-0.00442,0.00568,-0.08047
173.25,ETH-27DEC19,1567421943283,open,0.14,2423.0,0.092,0.181,0.13761,80.84,0.148,0.0,ETH-27DEC19-160-P,171.48,77.65,0.131,160.0,0.141,32.0,82.47,0.35914,-0.12527,-0.26472,0.00466,-0.34369
171.6,ETH-27SEP19,1567421943283,open,0.42,2.0,0.4,0.436,0.418247,95.23,0.414,0.0,ETH-27SEP19-100-C,171.48,0.0,0.003,10.0,0.0,0.0,0.0,0.0128,-0.0245,0.06677,0.00067,0.98917
171.6,ETH-27SEP19,1567421943283,open,2.5,27.0,2.395,2.604,2.496512,125.0,1.044,0.0,ETH-27SEP19-600-P,171.48,0.0,0.0,0.0,0.0,0.0,0.0,0.00021,-0.00053,-0.4089,1e-05,-0.99988
173.25,ETH-27DEC19,1567421943285,open,0.03,1034.0,0.01,0.056,0.030345,85.08,0.03,0.0,ETH-27DEC19-320-C,171.48,84.04,0.029,296.0,0.032,1.0,86.33,0.2267,-0.08323,0.06532,0.0028,0.14911
173.25,ETH-27DEC19,1567421943285,open,0.01,810.0,0.001,0.026,0.010905,91.04,0.011,0.0,ETH-27DEC19-440-C,171.48,86.28,0.008,560.0,0.014,40.0,95.36,0.11527,-0.04528,0.02664,0.00133,0.05933
171.6,ETH-27SEP19,1567421943287,open,0.0,3419.0,0.001,0.011,4e-06,125.0,0.001,0.0,ETH-27SEP19-640-C,171.48,0.0,0.0,0.0,0.001,237.0,187.26,0.0001,-0.00025,1e-05,0.0,5e-05
173.25,ETH-27DEC19,1567421943289,open,0.0,3347.0,0.001,0.014,0.004068,97.51,0.003,0.0,ETH-27DEC19-600-C,171.48,89.23,0.002,420.0,0.006,40.0,102.91,0.05417,-0.02279,0.01069,0.00058,0.0235
171.6,ETH-27SEP19,1567421943289,open,3.2,0.0,3.074,3.325,3.195805,125.0,None,0.0,ETH-27SEP19-720-P,171.48,0.0,0.0,0.0,0.0,0.0,0.0,2e-05,-6e-05,-0.4907,0.0,-0.99999
173.25,ETH-27DEC19,1567421943289,open,2.93,0.0,2.812,3.054,2.927959,101.22,None,0.0,ETH-27DEC19-680-P,171.48,0.0,0.002,10.0,0.0,0.0,0.0,0.04184,-0.01827,-2.1509,0.00043,-0.98267
171.6,ETH-27SEP19,1567421943289,open,0.0,2060.0,0.001,0.011,0.0005,119.53,0.003,0.0,ETH-27SEP19-80-P,171.48,0.0,0.0,0.0,0.001,10.0,130.47,0.00606,-0.01456,-0.0006,0.00025,-0.00464
173.25,ETH-27DEC19,1567421943289,open,2.24,0.0,2.14,2.343,2.236968,94.91,0.845,0.0,ETH-27DEC19-560-P,171.48,0.0,0.0,0.0,0.0,0.0,0.0,0.06088,-0.02493,-1.76551,0.00067,-0.97298
171.6,ETH-27SEP19,1567421943291,open,0.12,498.0,0.083,0.151,0.119216,80.64,0.117,0.0,ETH-27SEP19-160-C,171.48,77.24,0.116,96.0,0.124,96.0,85.68,0.16239,-0.26322,0.06432,0.01003,0.66921
173.25,ETH-27DEC19,1567421943291,open,0.01,2041.0,0.004,0.033,0.01495,89.32,0.015,0.0,ETH-27DEC19-400-C,171.48,85.55,0.012,560.0,0.018,40.0,92.8,0.1439,-0.05546,0.03529,0.00169,0.07911
171.6,ETH-27SEP19,1567421943296,open,2.74,0.0,2.621,2.844,2.729608,125.0,None,0.0,ETH-27SEP19-640-P,171.48,0.0,0.0,0.0,0.0,0.0,0.0,0.0001,-0.00025,-0.43617,0.0,-0.99995
173.25,ETH-27DEC19,1567421943298,open,0.0,2672.0,0.001,0.012,0.002996,101.22,0.002,0.0,ETH-27DEC19-680-C,171.48,89.57,0.001,150.0,0.005,340.0,108.12,0.04184,-0.01827,0.00788,0.00043,0.01733
171.6,ETH-27SEP19,1567421943298,open,0.0,2951.0,0.001,0.011,0.000982,115.4,0.006,0.0,ETH-27SEP19-360-C,171.48,0.0,0.0,0.0,0.002,460.0,126.16,0.01244,-0.02885,0.00111,0.00054,0.01048
173.25,ETH-27DEC19,1567421943298,open,1.1,257.0,1.026,1.178,1.099433,87.84,0.947,0.0,ETH-27DEC19-360-P,171.48,0.0,0.008,4.0,1.59,1.0,330.52,0.1827,-0.06924,-1.09461,0.00218,-0.89071
171.6,ETH-27SEP19,1567421943298,open,0.0,5728.0,0.001,0.011,0.000607,122.45,0.001,0.0,ETH-27SEP19-400-C,171.48,0.0,0.0,0.0,0.001,109.0,129.33,0.0081,-0.01993,0.00068,0.00033,0.00643
171.6,ETH-27SEP19,1567421943300,open,0.65,0.0,0.64,0.66,0.650382,125.0,0.01,0.0,ETH-27SEP19-60-C,171.48,0.0,0.003,10.0,0.0,0.0,0.0,0.00058,-0.00147,0.04085,2e-05,0.99964
171.6,ETH-27SEP19,1567421943308,open,1.57,0.0,1.49,1.644,1.564397,125.0,None,0.0,ETH-27SEP19-440-P,171.48,0.0,0.0,0.0,0.0,0.0,0.0,0.00439,-0.01104,-0.29953,0.00018,-0.99676
171.6,ETH-27SEP19,1567421943315,open,3.44,0.0,3.3,3.565,3.428905,125.0,None,0.0,ETH-27SEP19-760-P,171.48,0.0,0.0,0.0,0.0,0.0,0.0,1e-05,-3e-05,-0.51796,0.0,-0.99999
173.25,ETH-27DEC19,1567421943315,open,0.13,1013.0,0.082,0.168,0.127175,81.26,0.129,0.0,ETH-27DEC19-200-C,171.48,78.95,0.122,211.0,0.133,24.0,83.86,0.38804,-0.13606,0.1865,0.00501,0.46625
171.6,ETH-27SEP19,1567421943315,open,0.0,2698.0,0.001,0.011,1e-06,125.0,0.001,0.0,ETH-27SEP19-720-C,171.48,0.0,0.0,0.0,0.001,221.0,201.14,2e-05,-6e-05,0.0,0.0,1e-05
171.6,ETH-27SEP19,1567421943315,open,0.64,727.0,0.585,0.687,0.634172,92.81,0.634,0.0,ETH-27SEP19-280-P,171.48,0.0,0.002,20.0,0.9,5.0,409.16,0.02941,-0.05487,-0.18776,0.00158,-0.97126
171.6,ETH-27SEP19,1567421943315,open,0.01,3670.0,0.001,0.022,0.008832,88.38,0.008,0.0,ETH-27SEP19-240-C,171.48,86.38,0.008,358.0,0.01,160.0,91.04,0.07296,-0.12961,0.00953,0.00411,0.09035
171.6,ETH-27SEP19,1567421943315,open,0.0,1938.0,0.001,0.011,0.000982,107.87,0.003,0.0,ETH-27SEP19-340-C,171.48,0.0,0.0,0.0,0.002,162.0,118.13,0.01306,-0.02832,0.00118,0.0006,0.01109
173.25,ETH-27DEC19,1567421943315,open,0.67,432.0,0.597,0.733,0.664535,84.27,0.66,0.0,ETH-27DEC19-280-P,171.48,52.0,0.624,240.0,0.0,0.0,0.0,0.28873,-0.10499,-0.79474,0.0036,-0.78041
171.6,ETH-27SEP19,1567421943315,open,0.0,1897.0,0.001,0.011,0.000982,122.45,0.004,0.0,ETH-27SEP19-380-C,171.48,0.0,0.0,0.0,0.002,460.0,133.66,0.01192,-0.02933,0.00105,0.00048,0.00998
171.6,ETH-27SEP19,1567421943317,open,0.02,8531.0,0.005,0.036,0.018087,82.79,0.016,0.0,ETH-27SEP19-140-P,171.48,79.24,0.016,440.0,0.02,165.0,85.92,0.10301,-0.17141,-0.0193,0.0062,-0.14692
171.6,ETH-27SEP19,1567421943317,open,1.8,0.0,1.716,1.884,1.797322,125.0,None,0.0,ETH-27SEP19-480-P,171.48,0.0,0.0,0.0,0.0,0.0,0.0,0.00205,-0.00516,-0.32698,8e-05,-0.9986
171.6,ETH-27SEP19,1567421943317,open,0.52,1241.0,0.473,0.571,0.520101,91.84,0.519,0.0,ETH-27SEP19-260-P,171.48,0.0,0.007,15.0,0.0,0.0,0.0,0.04864,-0.08979,-0.17154,0.00264,-0.94666
173.25,ETH-27DEC19,1567421943317,open,0.01,2883.0,0.001,0.018,0.006493,94.71,0.005,0.0,ETH-27DEC19-520-C,171.48,88.29,0.004,340.0,0.009,40.0,99.71,0.07806,-0.0319,0.0165,0.00086,0.03649
173.25,ETH-27DEC19,1567421943317,open,0.0,2473.0,0.001,0.014,0.004645,94.91,0.004,0.0,ETH-27DEC19-560-C,171.48,85.16,0.002,400.0,0.007,40.0,100.74,0.06088,-0.02493,0.01231,0.00067,0.02702
173.25,ETH-27DEC19,1567421943320,open,0.21,130.0,0.167,0.254,0.214089,80.84,0.213,0.0,ETH-27DEC19-160-C,171.48,76.46,0.205,24.0,0.219,24.0,83.21,0.35914,-0.12527,0.24323,0.00466,0.65631
171.6,ETH-27SEP19,1567421943320,open,0.0,3756.0,0.001,0.011,0.001915,99.48,0.002,0.0,ETH-27SEP19-300-C,171.48,91.2,0.001,160.0,0.003,160.0,106.38,0.02319,-0.04636,0.00231,0.00116,0.02164
173.25,ETH-27DEC19,1567421943323,open,0.05,1033.0,0.02,0.079,0.048373,84.27,0.047,0.0,ETH-27DEC19-280-C,171.48,82.22,0.045,277.0,0.052,32.0,86.42,0.28873,-0.10499,0.09417,0.0036,0.21959
171.6,ETH-27SEP19,1567421943324,open,0.2,193.0,0.17,0.231,0.202236,82.79,0.194,0.0,ETH-27SEP19-140-C,171.48,0.0,0.0,0.0,0.0,0.0,0.0,0.10301,-0.17141,0.07612,0.0062,0.85308
171.6,ETH-27SEP19,1567421943324,open,0.11,6360.0,0.073,0.15,0.112101,80.2,0.11,0.0,ETH-27SEP19-180-P,171.48,74.29,0.106,336.0,0.114,96.0,82.04,0.17736,-0.28592,-0.07734,0.01102,-0.54917
173.25,ETH-27DEC19,1567421943326,open,0.0,2573.0,0.001,0.012,0.002498,102.36,0.003,0.0,ETH-27DEC19-720-C,171.48,92.68,0.001,50.0,0.004,300.0,108.43,0.03606,-0.01593,0.00664,0.00037,0.01457
171.6,ETH-27SEP19,1567421943326,open,0.0,6399.0,0.001,0.011,4.9e-05,125.0,0.001,0.0,ETH-27SEP19-520-C,171.48,0.0,0.0,0.0,0.001,240.0,162.22,0.00096,-0.0024,7e-05,4e-05,0.00061
171.6,ETH-27SEP19,1567421943326,open,2.97,0.0,2.848,3.085,2.962706,125.0,None,0.0,ETH-27SEP19-680-P,171.48,0.0,0.0,0.0,0.0,0.0,0.0,5e-05,-0.00012,-0.46343,0.0,-0.99998
174.9,SYN.ETH-27MAR20,1567421943328,open,1.34,0.0,1.246,1.434,1.338231,89.13,None,0.0,ETH-27MAR20-400-P,171.48,0.0,0.001,10.0,0.0,0.0,0.0,0.35121,-0.07566,-2.13473,0.00227,-0.81523
171.53,SYN.ETH-13SEP19,1567421943328,open,0.34,0.0,0.303,0.386,0.342716,88.58,None,0.0,ETH-13SEP19-230-P,171.48,0.0,0.0,0.0,0.0,0.0,0.0,0.02166,-0.08823,-0.06695,0.00279,-0.96725
173.25,ETH-27DEC19,1567421943331,open,0.08,2.0,0.049,0.119,0.084026,80.84,0.093,0.0,ETH-27DEC19-140-P,171.48,78.55,0.08,220.0,0.086,32.0,81.95,0.30575,-0.10665,-0.18006,0.00397,-0.24334
172.11,SYN.ETH-25OCT19,1567421943331,open,0.09,2.0,0.053,0.125,0.089,82.93,0.088,0.0,ETH-25OCT19-160-P,171.48,79.37,0.084,416.0,0.094,304.0,86.48,0.2423,-0.19,-0.10912,0.00681,-0.34866
171.5,SYN.ETH-6SEP19,1567421943363,open,0.52,0.0,0.472,0.563,0.516073,125.0,None,0.0,ETH-6SEP19-260-P,171.48,0.0,0.0,0.0,0.0,0.0,0.0,0.00047,-0.00757,-0.02759,0.00012,-0.99923
9881.6,SYN.BTC-25OCT19,1567421943368,open,0.4,0.0,0.3825,0.4175,0.39958374,85.36,None,0.0,BTC-25OCT19-6000-C,9798.84,0.0,0.05,1.0,0.0,0.0,0.0,3.54904,-2.8648,7.95435,3e-05,0.95525
9881.6,SYN.BTC-25OCT19,1567421943372,open,0.13,2.2,0.0875,0.163,0.12555627,78.5,0.131,0.0,BTC-25OCT19-10000-P,9798.84,75.82,0.1215,12.9,0.129,12.0,80.79,14.91467,-11.07181,-8.33053,0.00013,-0.45639
171.53,SYN.ETH-13SEP19,1567421943395,open,0.14,0.0,0.105,0.166,0.137381,81.26,None,0.0,ETH-13SEP19-150-C,171.48,0.0,0.0,0.0,0.0,0.0,0.0,0.06975,-0.26059,0.0363,0.00979,0.84765
173.25,ETH-27DEC19,1567421943397,open,0.16,595.0,0.117,0.206,0.164813,80.84,0.16,0.0,ETH-27DEC19-180-C,171.48,79.12,0.161,189.0,0.171,24.0,83.62,0.38543,-0.13444,0.21581,0.005,0.55718
172.11,SYN.ETH-25OCT19,1567421943410,open,0.11,2.0,0.066,0.139,0.104908,81.8,0.1,0.0,ETH-25OCT19-180-C,171.48,79.88,0.102,193.0,0.106,20.0,82.52,0.26131,-0.20212,0.09966,0.00745,0.50465
174.9,SYN.ETH-27MAR20,1567421943410,open,0.04,10.0,0.015,0.072,0.040318,89.52,0.041,0.0,ETH-27MAR20-440-C,171.48,86.4,0.035,296.0,0.046,40.0,92.64,0.30843,-0.06673,0.10977,0.00199,0.15105
9805.55,SYN.BTC-6SEP19,1567421943414,open,0.0,95.5,0.0005,0.0105,0.00022162,119.99,0.0005,0.0,BTC-6SEP19-13500-C,9798.84,0.0,0.0,0.0,0.0005,1.0,131.93,0.16664,-2.17315,0.00581,1e-05,0.0058
171.5,SYN.ETH-6SEP19,1567421943433,open,0.24,0.0,0.219,0.266,0.242458,120.44,None,0.0,ETH-6SEP19-130-C,171.48,0.0,0.0,0.0,0.0,0.0,0.0,0.00507,-0.07881,0.0136,0.00135,0.98911
173.25,ETH-27DEC19,1567421943464,open,0.21,2.0,0.15,0.254,0.203774,80.84,0.217,0.0,ETH-27DEC19-180-P,171.48,77.8,0.197,135.0,0.209,24.0,83.19,0.38543,-0.13444,-0.35564,0.005,-0.44282
9805.55,SYN.BTC-6SEP19,1567421943478,open,0.28,0.0,0.25,0.3025,0.27503131,95.36,None,0.0,BTC-6SEP19-12500-P,9798.84,0.0,0.26,1.1,0.2845,1.1,181.94,0.21478,-2.64228,-1.3195,2e-05,-0.99227
174.9,SYN.ETH-27MAR20,1567421943482,open,1.56,0.0,1.461,1.657,1.556041,89.52,None,0.0,ETH-27MAR20-440-P,171.48,0.0,0.002,10.0,0.0,0.0,0.0,0.30843,-0.06673,-2.38408,0.00199,-0.84895
9817.67,SYN.BTC-13SEP19,1567421943498,open,0.03,65.1,0.0075,0.048,0.02590429,75.36,0.024,0.0,BTC-13SEP19-10500-C,9798.84,71.47,0.0235,35.1,0.0265,0.5,76.32,6.10583,-21.15551,0.87739,0.00028,0.32583
171.5,SYN.ETH-6SEP19,1567421943506,open,0.0,857.0,0.001,0.011,0.00198,89.57,0.002,0.0,ETH-6SEP19-200-C,171.48,79.0,0.001,206.0,0.003,100.0,97.76,0.019,-0.21952,0.00092,0.00679,0.05267
173.25,ETH-27DEC19,1567421943531,open,0.1,204.0,0.057,0.137,0.098382,81.76,0.095,0.0,ETH-27DEC19-220-C,171.48,79.25,0.093,231.0,0.104,32.0,84.36,0.37359,-0.1318,0.15851,0.0048,0.38658
172.11,SYN.ETH-25OCT19,1567421943547,open,0.07,2.0,0.036,0.102,0.069546,83.01,0.066,0.0,ETH-25OCT19-200-C,171.48,79.84,0.065,467.0,0.075,227.0,86.77,0.24849,-0.19504,0.07627,0.00698,0.37545
174.9,SYN.ETH-27MAR20,1567421943558,open,0.03,73.0,0.011,0.061,0.032464,90.11,0.035,0.0,ETH-27MAR20-480-C,171.48,86.43,0.027,300.0,0.038,40.0,93.54,0.27149,-0.05913,0.09202,0.00174,0.12529
10099.91,SYN.BTC-27MAR20,1567421943565,open,2.2,0.0,2.1125,2.2735,2.18829298,89.08,None,0.0,BTC-27MAR20-32000-P,9798.84,0.0,0.0,0.0,0.0,0.0,0.0,11.63698,-2.5054,-177.75315,2e-05,-0.91686
171.5,SYN.ETH-6SEP19,1567421943598,open,0.17,11.0,0.133,0.206,0.168169,89.57,0.195,0.0,ETH-6SEP19-200-P,171.48,0.0,0.0,0.0,0.0,0.0,0.0,0.019,-0.21952,-0.02031,0.00679,-0.94733
173.25,ETH-27DEC19,1567421943606,open,0.37,242.0,0.305,0.428,0.368223,81.76,0.371,0.0,ETH-27DEC19-220-P,171.48,77.92,0.36,341.0,0.387,101.0,90.38,0.37359,-0.1318,-0.53992,0.0048,-0.61342
9817.67,SYN.BTC-13SEP19,1567421943610,open,0.14,0.1,0.12,0.1665,0.14352459,78.58,0.1275,0.0,BTC-13SEP19-8500-C,9798.84,71.23,0.141,6.0,0.15,6.0,94.75,3.56948,-12.89607,2.12755,0.00016,0.87081
172.11,SYN.ETH-25OCT19,1567421943610,open,0.23,1.0,0.181,0.28,0.231609,83.01,0.232,0.0,ETH-25OCT19-200-P,171.48,71.31,0.215,240.0,0.264,1.0,104.99,0.24849,-0.19504,-0.21346,0.00698,-0.62455
9805.55,SYN.BTC-6SEP19,1567421943610,open,0.0,507.6,0.0005,0.0115,0.00198324,87.15,0.002,0.0,BTC-6SEP19-8500-P,9798.84,82.33,0.0015,15.1,0.0025,3.0,91.65,1.05744,-11.88891,-0.05509,0.00012,-0.05093
174.9,SYN.ETH-27MAR20,1567421943641,open,1.78,0.0,1.678,1.883,1.776889,90.11,None,0.0,ETH-27MAR20-480-P,171.48,0.0,0.003,10.0,0.0,0.0,0.0,0.27149,-0.05913,-2.62854,0.00174,-0.87471
171.53,SYN.ETH-13SEP19,1567421943644,open,0.01,12.0,0.002,0.029,0.011851,81.26,0.013,0.0,ETH-13SEP19-150-P,171.48,73.93,0.009,437.0,0.013,2.0,84.04,0.06975,-0.26059,-0.00839,0.00979,-0.15235
9881.6,SYN.BTC-25OCT19,1567421943644,open,0.54,0.0,0.4945,0.5785,0.53474434,82.98,None,0.0,BTC-25OCT19-15000-P,9798.84,0.0,0.0,0.0,0.0,0.0,0.0,7.62385,-5.98192,-20.21941,6e-05,-0.87772
10099.91,SYN.BTC-27MAR20,1567421943656,open,0.05,62.2,0.025,0.076,0.04896115,80.38,0.046,0.0,BTC-27MAR20-6000-P,9798.84,77.43,0.0445,10.0,0.05,11.0,81.06,15.42308,-2.99641,-9.809,3e-05,-0.12239
9881.6,SYN.BTC-25OCT19,1567421943675,open,0.08,3.8,0.045,0.11,0.07771009,79.11,0.0795,0.0,BTC-25OCT19-11000-C,9798.84,77.62,0.0755,30.4,0.08,3.2,80.64,14.69071,-10.98921,4.87931,0.00013,0.41856
9881.6,SYN.BTC-25OCT19,1567421943680,open,0.01,68.2,0.0005,0.0165,0.00677395,85.37,0.0065,0.0,BTC-25OCT19-6000-P,9798.84,83.14,0.006,10.0,0.0075,24.0,87.34,3.54937,-2.86518,-0.73764,3e-05,-0.04476
9817.67,SYN.BTC-13SEP19,1567421943685,open,0.0,74.5,0.0005,0.0125,0.0029899,82.66,0.002,0.0,BTC-13SEP19-12500-C,9798.84,76.69,0.002,58.0,0.004,1.0,87.68,1.81561,-6.89955,0.14468,8e-05,0.05245
173.25,ETH-27DEC19,1567421943689,open,0.06,2.0,0.028,0.094,0.060708,83.39,0.064,0.0,ETH-27DEC19-260-C,171.48,81.36,0.057,264.0,0.065,32.0,85.7,0.31953,-0.11498,0.11218,0.00402,0.26467
172.11,SYN.ETH-25OCT19,1567421943689,open,0.04,2.0,0.019,0.073,0.045188,83.65,0.047,0.0,ETH-25OCT19-220-C,171.48,80.29,0.041,608.0,0.05,260.0,87.43,0.21672,-0.17143,0.05613,0.00604,0.27031
171.5,SYN.ETH-6SEP19,1567421943689,open,0.0,195.0,0.001,0.011,0.000966,98.52,0.001,0.0,ETH-6SEP19-210-C,171.48,0.0,0.0,0.0,0.002,150.0,111.61,0.01065,-0.13539,0.00045,0.00346,0.02594
10099.91,SYN.BTC-27MAR20,1567421943705,open,0.08,5.9,0.04,0.1245,0.08039872,84.09,0.083,0.0,BTC-27MAR20-18000-C,9798.84,82.73,0.077,10.0,0.0845,21.0,85.71,25.39479,-5.16122,11.16928,5e-05,0.27551
171.53,SYN.ETH-13SEP19,1567421943715,open,0.09,0.0,0.06,0.125,0.094154,81.26,None,0.0,ETH-13SEP19-160-C,171.48,70.58,0.088,40.0,0.101,40.0,92.76,0.10062,-0.37592,0.0317,0.01412,0.71441
174.9,SYN.ETH-27MAR20,1567421943725,open,0.03,36.0,0.008,0.052,0.026421,90.66,0.059,0.0,ETH-27MAR20-520-C,171.48,87.26,0.022,300.0,0.031,40.0,93.87,0.23893,-0.05235,0.07759,0.00152,0.10469
173.25,ETH-27DEC19,1567421943772,open,0.56,0.0,0.495,0.628,0.561429,83.39,None,0.0,ETH-27DEC19-260-P,171.48,61.71,0.526,240.0,0.0,0.0,0.0,0.31953,-0.11498,-0.71324,0.00402,-0.73533
172.11,SYN.ETH-25OCT19,1567421943774,open,0.32,0.0,0.27,0.375,0.323457,83.65,None,0.0,ETH-25OCT19-220-P,171.48,0.0,0.0,0.0,0.0,0.0,0.0,0.21672,-0.17143,-0.26257,0.00604,-0.72969
10099.91,SYN.BTC-27MAR20,1567421943785,open,0.04,17.4,0.015,0.076,0.04134438,86.47,0.0395,0.0,BTC-27MAR20-24000-C,9798.84,84.88,0.0385,10.0,0.045,26.9,88.45,18.32492,-3.82984,6.65993,4e-05,0.15769
10099.91,SYN.BTC-27MAR20,1567421943787,open,0.02,19.1,0.007,0.051,0.02388797,88.7,0.023,0.0,BTC-27MAR20-30000-C,9798.84,87.21,0.022,2.0,0.026,29.0,90.29,13.09103,-2.80642,4.20902,3e-05,0.09741
171.5,SYN.ETH-6SEP19,1567421943787,open,0.23,0.0,0.189,0.265,0.225465,98.52,None,0.0,ETH-6SEP19-210-P,171.48,0.0,0.0,0.0,0.0,0.0,0.0,0.01065,-0.13539,-0.02184,0.00346,-0.97406
171.53,SYN.ETH-13SEP19,1567421943789,open,0.03,3.0,0.007,0.052,0.026922,81.26,0.028,0.0,ETH-13SEP19-160-P,171.48,72.75,0.022,222.0,0.031,382.0,88.15,0.10062,-0.37592,-0.01597,0.01412,-0.28559
9805.55,SYN.BTC-6SEP19,1567421943809,open,0.0,264.5,0.0005,0.011,0.00122773,84.29,0.0015,0.0,BTC-6SEP19-11500-C,9798.84,81.36,0.001,9.7,0.0015,3.9,87.4,0.80971,-8.80525,0.03682,9e-05,0.03659
9817.67,SYN.BTC-13SEP19,1567421943824,open,0.1,3.2,0.065,0.1255,0.09540541,75.37,0.1,0.0,BTC-13SEP19-10500-P,9798.84,70.65,0.0925,0.1,0.0985,18.0,80.3,6.10586,-21.15606,-2.25123,0.00028,-0.67416
9805.55,SYN.BTC-6SEP19,1567421943833,open,0.28,0.5,0.272,0.301,0.28622003,119.97,0.285,0.0,BTC-6SEP19-7000-C,9798.84,0.0,0.2805,5.0,0.2955,5.0,247.95,0.08269,-1.27988,0.74042,1e-05,0.99735
172.11,SYN.ETH-25OCT19,1567421943843,open,0.01,362.0,0.003,0.029,0.013363,87.36,0.01,0.0,ETH-25OCT19-280-C,171.48,83.57,0.011,380.0,0.016,300.0,91.21,0.11264,-0.09305,0.02091,0.003,0.09725
173.25,ETH-27DEC19,1567421943846,open,0.04,1.0,0.015,0.067,0.038794,85.08,0.043,0.0,ETH-27DEC19-300-C,171.48,83.18,0.036,287.0,0.042,32.0,87.19,0.25841,-0.09486,0.07907,0.00319,0.18255
172.11,SYN.ETH-25OCT19,1567421943852,open,0.03,2.0,0.01,0.053,0.029736,84.82,0.032,0.0,ETH-25OCT19-240-C,171.48,82.14,0.027,128.0,0.033,285.0,87.89,0.1792,-0.14373,0.04059,0.00492,0.19252
10099.91,SYN.BTC-27MAR20,1567421943877,open,0.37,35.4,0.3045,0.4295,0.36844583,81.74,0.369,0.0,BTC-27MAR20-12000-P,9798.84,80.6,0.365,1.0,0.3765,15.9,84.43,30.32288,-5.99081,-49.08364,6e-05,-0.48899
174.9,SYN.ETH-27MAR20,1567421943894,open,0.02,324.0,0.006,0.045,0.021913,91.32,0.03,0.0,ETH-27MAR20-560-C,171.48,87.91,0.018,300.0,0.026,40.0,94.55,0.2115,-0.04668,0.06619,0.00134,0.08869
172.11,SYN.ETH-25OCT19,1567421943922,open,0.43,0.0,0.37,0.479,0.424212,84.82,None,0.0,ETH-25OCT19-240-P,171.48,0.0,0.0,0.0,0.0,0.0,0.0,0.1792,-0.14373,-0.30709,0.00492,-0.80748
171.5,SYN.ETH-6SEP19,1567421943924,open,0.0,371.0,0.001,0.011,0.00048,106.02,0.002,0.0,ETH-6SEP19-220-C,171.48,0.0,0.0,0.0,0.001,53.0,117.56,0.00593,-0.08111,0.00023,0.00179,0.01304
9805.55,SYN.BTC-6SEP19,1567421943924,open,0.23,0.0,0.22,0.2515,0.23536364,106.9,0.2645,0.0,BTC-6SEP19-7500-C,9798.84,0.0,0.2295,5.0,0.245,5.0,210.66,0.18227,-2.5136,0.78945,2e-05,0.99359
9805.55,SYN.BTC-6SEP19,1567421943926,open,0.04,255.4,0.017,0.068,0.04210061,75.14,0.0405,0.0,BTC-6SEP19-10000-P,9798.84,71.15,0.0405,25.7,0.044,19.0,79.86,3.93897,-38.18385,-0.65301,0.00051,-0.58507
173.25,ETH-27DEC19,1567421943934,open,0.77,0.0,0.701,0.841,0.770396,85.08,None,0.0,ETH-27DEC19-300-P,171.48,0.0,0.0,0.0,0.0,0.0,0.0,0.25841,-0.09486,-0.87334,0.00319,-0.81745
171.53,SYN.ETH-13SEP19,1567421943936,open,0.05,0.0,0.021,0.082,0.050507,80.08,None,0.0,ETH-13SEP19-170-P,171.48,72.01,0.045,152.0,0.055,270.0,86.67,0.11707,-0.43101,-0.02541,0.01667,-0.44669
9805.55,SYN.BTC-6SEP19,1567421943946,open,0.38,0.0,0.35,0.407,0.37699332,120.01,None,0.0,BTC-6SEP19-13500-P,9798.84,0.0,0.361,1.1,0.387,1.1,224.1,0.16687,-2.58363,-1.42766,1e-05,-0.99419
172.11,SYN.ETH-25OCT19,1567421943948,open,0.64,0.0,0.585,0.699,0.640252,87.36,None,0.0,ETH-25OCT19-280-P,171.48,0.0,0.0,0.0,0.0,0.0,0.0,0.11264,-0.09305,-0.38471,0.003,-0.90275
9881.6,SYN.BTC-25OCT19,1567421943980,open,0.31,0.0,0.2855,0.3325,0.30878236,81.2,None,0.0,BTC-25OCT19-7000-C,9798.84,0.0,0.045,1.0,0.0,0.0,0.0,6.69758,-5.14239,8.43433,6e-05,0.89798
9881.6,SYN.BTC-25OCT19,1567421943982,open,0.19,0.0,0.149,0.2315,0.19089214,79.11,None,0.0,BTC-25OCT19-11000-P,9798.84,73.78,0.183,3.0,0.1955,3.0,82.2,14.69074,-10.98944,-11.05581,0.00013,-0.58143
172.11,SYN.ETH-25OCT19,1567421944001,open,0.02,100.0,0.006,0.039,0.019766,86.04,0.022,0.0,ETH-25OCT19-260-C,171.48,82.61,0.017,380.0,0.023,460.0,89.8,0.14332,-0.11661,0.02911,0.00388,0.13652
173.25,ETH-27DEC19,1567421944013,open,0.03,455.0,0.008,0.049,0.025913,86.91,0.023,0.0,ETH-27DEC19-340-C,171.48,84.38,0.023,300.0,0.029,40.0,89.45,0.2052,-0.07695,0.0566,0.00248,0.12882
171.53,SYN.ETH-13SEP19,1567421944013,open,0.04,16.0,0.011,0.061,0.035193,80.11,0.032,0.0,ETH-13SEP19-180-C,171.48,70.69,0.029,211.0,0.035,20.0,79.82,0.11361,-0.41843,0.01814,0.01617,0.39001
171.5,SYN.ETH-6SEP19,1567421944042,open,0.28,0.0,0.246,0.324,0.283289,106.02,None,0.0,ETH-6SEP19-220-P,171.48,0.0,0.0,0.0,0.0,0.0,0.0,0.00593,-0.08111,-0.02313,0.00179,-0.98696
172.11,SYN.ETH-25OCT19,1567421944069,open,0.53,0.0,0.476,0.587,0.530448,86.04,None,0.0,ETH-25OCT19-260-P,171.48,0.0,0.0,0.0,0.0,0.0,0.0,0.14332,-0.11661,-0.34754,0.00388,-0.86348
174.9,SYN.ETH-27MAR20,1567421944072,open,0.02,980.0,0.005,0.039,0.018037,91.65,0.024,0.0,ETH-27MAR20-600-C,171.48,87.58,0.014,300.0,0.022,40.0,95.17,0.18586,-0.04117,0.05619,0.00117,0.07472
173.25,ETH-27DEC19,1567421944082,open,0.99,0.0,0.917,1.064,0.988395,86.91,None,0.0,ETH-27DEC19-340-P,171.48,0.0,0.0,0.0,0.0,0.0,0.0,0.2052,-0.07695,-1.02279,0.00248,-0.87118
171.53,SYN.ETH-13SEP19,1567421944091,open,0.09,0.0,0.048,0.12,0.084557,80.11,None,0.0,ETH-13SEP19-180-P,171.48,65.49,0.075,120.0,0.089,120.0,86.79,0.11361,-0.41843,-0.0355,0.01617,-0.60999
171.5,SYN.ETH-6SEP19,1567421944141,open,0.0,271.0,0.001,0.011,0.000479,121.96,0.001,0.0,ETH-6SEP19-230-C,171.48,0.0,0.0,0.0,0.001,50.0,134.76,0.00533,-0.08222,0.0002,0.0014,0.01153
173.25,ETH-27DEC19,1567421944158,open,0.02,0.0,0.005,0.038,0.018179,88.92,None,0.0,ETH-27DEC19-380-C,171.48,86.53,0.016,300.0,0.021,40.0,91.8,0.16356,-0.06275,0.04164,0.00193,0.09388
171.53,SYN.ETH-13SEP19,1567421944169,open,0.02,371.0,0.004,0.041,0.019416,80.11,0.016,0.0,ETH-13SEP19-190-C,171.48,69.87,0.014,259.0,0.021,2.0,82.97,0.09436,-0.34754,0.01185,0.01343,0.25135
9970.91,BTC-27DEC19,1567421944190,open,0.06,235.8,0.0325,0.091,0.06057087,79.25,0.0675,0.0,BTC-27DEC19-7500-P,9798.84,77.59,0.058,4.9,0.0615,15.0,79.85,15.47093,-5.29043,-8.07783,6e-05,-0.19462
9841.91,BTC-27SEP19,1567421944192,open,0.01,1014.4,0.0005,0.0175,0.00689409,91.38,0.007,0.0,BTC-27SEP19-7000-P,9798.84,91.72,0.007,8.0,0.0075,24.0,93.27,3.09492,-5.68462,-0.45446,5e-05,-0.06086
171.5,SYN.ETH-6SEP19,1567421944213,open,0.0,18.0,0.001,0.011,0.000481,120.44,0.004,0.0,ETH-6SEP19-130-P,171.48,0.0,0.0,0.0,0.001,100.0,133.97,0.00507,-0.07881,-0.00021,0.00135,-0.01089
171.5,SYN.ETH-6SEP19,1567421944237,open,0.34,0.0,0.303,0.385,0.341597,121.96,None,0.0,ETH-6SEP19-230-P,171.48,0.0,0.0,0.0,0.0,0.0,0.0,0.00533,-0.08387,-0.02422,0.0014,-0.98847
173.25,ETH-27DEC19,1567421944247,open,1.21,0.0,1.137,1.292,1.211541,88.92,None,0.0,ETH-27DEC19-380-P,171.48,0.0,0.0,0.0,0.0,0.0,0.0,0.16356,-0.06275,-1.16474,0.00193,-0.90612
171.53,SYN.ETH-13SEP19,1567421944320,open,0.01,317.0,0.001,0.026,0.010024,80.12,0.004,0.0,ETH-13SEP19-200-C,171.48,69.05,0.006,293.0,0.012,200.0,84.88,0.0687,-0.25303,0.0071,0.00978,0.1489
171.5,SYN.ETH-6SEP19,1567421944339,open,0.0,250.0,0.001,0.011,0.000216,125.0,0.001,0.0,ETH-6SEP19-240-C,171.48,0.0,0.0,0.0,0.001,3.0,150.89,0.00277,-0.0371,0.0001,0.00071,0.00547
9970.91,BTC-27DEC19,1567421944382,open,0.13,575.1,0.0825,0.1645,0.12370743,79.25,0.1235,0.0,BTC-27DEC19-9000-P,9798.84,77.18,0.1195,4.9,0.1255,18.9,80.13,20.22991,-6.91782,-14.21573,8e-05,-0.32538
171.53,SYN.ETH-13SEP19,1567421944402,open,0.18,0.0,0.137,0.216,0.175984,80.12,None,0.0,ETH-13SEP19-200-P,171.48,0.0,0.0,0.0,0.0,0.0,0.0,0.0687,-0.25303,-0.05249,0.00978,-0.8511
171.5,SYN.ETH-6SEP19,1567421944433,open,0.4,0.0,0.359,0.444,0.399644,125.0,None,0.0,ETH-6SEP19-240-P,171.48,0.0,0.0,0.0,0.0,0.0,0.0,0.00277,-0.04463,-0.02539,0.00071,-0.99453
171.53,SYN.ETH-13SEP19,1567421944476,open,0.01,150.0,0.001,0.016,0.004954,80.45,0.005,0.0,ETH-13SEP19-210-C,171.48,72.07,0.003,300.0,0.007,200.0,87.58,0.0451,-0.16681,0.00397,0.0064,0.08262
171.5,SYN.ETH-6SEP19,1567421944523,open,0.0,30.0,0.001,0.011,7.7e-05,125.0,0.001,0.0,ETH-6SEP19-250-C,171.48,0.0,0.0,0.0,0.001,3.0,166.07,0.00118,-0.01318,4e-05,0.0003,0.00211
171.53,SYN.ETH-13SEP19,1567421944548,open,0.23,0.0,0.19,0.27,0.229212,80.45,None,0.0,ETH-13SEP19-210-P,171.48,0.0,0.0,0.0,0.0,0.0,0.0,0.0451,-0.16681,-0.0586,0.0064,-0.91738
171.5,SYN.ETH-6SEP19,1567421944856,open,0.18,0.0,0.159,0.21,0.18464,102.08,None,0.0,ETH-6SEP19-140-C,171.48,0.0,0.0,0.0,0.0,0.0,0.0,0.00989,-0.1303,0.01442,0.0031,0.97625
174.9,SYN.ETH-27MAR20,1567421944886,open,0.56,1.0,0.541,0.588,0.565244,85.27,0.569,0.0,ETH-27MAR20-80-C,171.48,0.0,0.07,20.0,0.0,0.0,0.0,0.16062,-0.0331,0.36966,0.00109,0.93815
171.5,SYN.ETH-6SEP19,1567421945794,open,0.04,1219.0,0.01,0.065,0.037327,80.09,0.04,0.0,ETH-6SEP19-170-C,171.48,69.44,0.033,120.0,0.04,274.0,86.66,0.06974,-0.72058,0.00949,0.02788,0.55868
173.25,ETH-27DEC19,1567421945815,open,0.0,3856.0,0.001,0.012,0.002995,107.77,0.003,0.0,ETH-27DEC19-760-C,171.48,102.85,0.002,90.0,0.004,340.0,111.67,0.04017,-0.01868,0.00744,0.00039,0.01653
171.5,SYN.ETH-6SEP19,1567421945878,open,0.03,350.0,0.006,0.057,0.028588,80.09,0.027,0.0,ETH-6SEP19-170-P,171.48,73.73,0.026,1.0,0.031,120.0,86.02,0.06974,-0.72058,-0.00856,0.02788,-0.44132
172.11,SYN.ETH-25OCT19,1567421945914,open,0.01,600.0,0.001,0.015,0.005403,87.39,0.005,0.0,ETH-25OCT19-100-P,171.48,78.1,0.003,300.0,0.008,160.0,95.13,0.05185,-0.04285,-0.01033,0.00138,-0.03604
171.5,SYN.ETH-6SEP19,1567421946135,open,0.07,204.0,0.03,0.098,0.06416,80.13,0.083,0.0,ETH-6SEP19-180-P,171.48,68.03,0.06,300.0,0.067,40.0,88.02,0.06078,-0.6283,-0.01404,0.02429,-0.70702
172.11,SYN.ETH-25OCT19,1567421946193,open,0.05,11.0,0.02,0.071,0.044364,83.61,0.045,0.0,ETH-25OCT19-140-P,171.48,79.58,0.04,615.0,0.048,128.0,86.9,0.18855,-0.14907,-0.06331,0.00526,-0.20955
171.6,ETH-27SEP19,1567421946214,open,0.02,1466.0,0.004,0.032,0.015096,82.7,0.014,0.0,ETH-27SEP19-220-C,171.48,79.13,0.013,732.0,0.017,161.0,85.77,0.10375,-0.17245,0.0156,0.00625,0.14849
171.6,ETH-27SEP19,1567421946219,open,0.05,8198.0,0.024,0.081,0.051616,80.64,0.058,0.0,ETH-27SEP19-160-P,171.48,76.81,0.048,324.0,0.054,128.0,83.16,0.16239,-0.26322,-0.04472,0.01003,-0.33079
9817.67,SYN.BTC-13SEP19,1567421946221,open,0.0,34.5,0.0005,0.0145,0.0044064,82.85,0.0045,0.0,BTC-13SEP19-8000-P,9798.84,80.99,0.004,47.0,0.005,30.1,85.44,2.18483,-8.32236,-0.20716,9e-05,-0.06641
173.25,ETH-27DEC19,1567421946228,open,3.16,0.0,3.036,3.291,3.158342,102.36,None,0.0,ETH-27DEC19-720-P,171.48,0.0,0.003,5.0,0.0,0.0,0.0,0.03606,-0.01593,-2.27913,0.00037,-0.98543
171.6,ETH-27SEP19,1567421946242,open,0.06,943.0,0.033,0.092,0.06315,80.2,0.062,0.0,ETH-27SEP19-180-C,171.48,77.15,0.06,290.0,0.067,290.0,83.93,0.17736,-0.28592,0.04534,0.01102,0.45083
9881.61,SYN.BTC-25OCT19,1567421946259,open,0.02,46.0,0.0045,0.0355,0.0167692,82.97,0.019,0.0,BTC-25OCT19-15000-C,9798.84,81.96,0.016,10.0,0.0185,24.0,85.17,7.62331,-5.98124,1.51019,6e-05,0.12227
172.11,SYN.ETH-25OCT19,1567421946261,open,0.16,0.0,0.118,0.195,0.159349,82.93,None,0.0,ETH-25OCT19-160-C,171.48,79.12,0.154,96.0,0.167,96.0,88.36,0.2423,-0.19,0.12266,0.00681,0.65134
173.25,ETH-27DEC19,1567421946283,open,2.7,0.0,2.587,2.816,2.697055,97.51,None,0.0,ETH-27DEC19-640-P,171.48,0.0,0.0,0.0,0.0,0.0,0.0,0.0426,-0.01792,-2.02369,0.00046,-0.9823
173.25,ETH-27DEC19,1567421946287,open,0.28,2717.0,0.222,0.337,0.281577,81.26,0.265,0.0,ETH-27DEC19-200-P,171.48,77.87,0.274,118.0,0.287,24.0,83.68,0.38804,-0.13606,-0.44844,0.00501,-0.53374
173.25,ETH-27DEC19,1567421946325,open,3.4,0.0,3.26,3.531,3.38972,107.77,None,0.0,ETH-27DEC19-760-P,171.48,0.0,0.0,0.0,0.0,0.0,0.0,0.04017,-0.01868,-2.40531,0.00039,-0.98347
171.5,SYN.ETH-6SEP19,1567421946357,open,0.11,601.0,0.078,0.151,0.113666,86.3,0.099,0.0,ETH-6SEP19-190-P,171.48,83.24,0.113,100.0,0.116,40.0,96.09,0.03818,-0.42511,-0.01784,0.01417,-0.86596
172.11,SYN.ETH-25OCT19,1567421946478,open,0.15,0.0,0.105,0.194,0.150765,81.8,None,0.0,ETH-25OCT19-180-P,171.48,78.0,0.145,240.0,0.158,96.0,86.56,0.26131,-0.20212,-0.16109,0.00745,-0.49535
174.9,SYN.ETH-27MAR20,1567421946809,open,2.0,0.0,1.897,2.11,1.999549,90.66,None,0.0,ETH-27MAR20-520-P,171.48,0.0,0.005,10.0,0.0,0.0,0.0,0.23893,-0.05235,-2.86968,0.00152,-0.8953
171.53,SYN.ETH-13SEP19,1567421946861,open,0.06,17.0,0.028,0.089,0.059441,80.08,0.058,0.0,ETH-13SEP19-170-C,171.48,70.65,0.053,155.0,0.065,273.0,88.23,0.11707,-0.43101,0.02524,0.01667,0.55331
174.9,SYN.ETH-27MAR20,1567421946975,open,2.23,0.0,2.117,2.34,2.223743,91.32,None,0.0,ETH-27MAR20-560-P,171.48,0.0,0.01,10.0,0.0,0.0,0.0,0.2115,-0.04668,-3.10779,0.00134,-0.91131
10099.92,SYN.BTC-27MAR20,1567421947063,open,0.02,2.1,0.004,0.04,0.01718145,89.83,0.0165,0.0,BTC-27MAR20-34000-C,9798.84,88.17,0.0155,2.0,0.019,14.0,91.53,10.49976,-2.27967,3.17269,2e-05,0.0726
9817.67,SYN.BTC-13SEP19,1567421947065,open,0.28,0.0,0.249,0.307,0.27620444,82.66,None,0.0,BTC-13SEP19-12500-P,9798.84,0.0,0.0,0.0,0.0,0.0,0.0,1.81582,-6.90061,-3.57985,8e-05,-0.94754
9805.55,SYN.BTC-6SEP19,1567421947107,open,0.09,50.9,0.065,0.111,0.08825981,80.07,0.091,0.0,BTC-6SEP19-9000-C,9798.84,71.92,0.0865,6.0,0.0905,0.9,89.3,2.24906,-23.23121,0.80352,0.00028,0.85999
9817.67,SYN.BTC-13SEP19,1567421947107,open,0.01,42.5,0.0005,0.0235,0.00931124,78.59,0.0095,0.0,BTC-13SEP19-8500-P,9798.84,77.73,0.009,15.0,0.01,1.2,80.46,3.56959,-12.89685,-0.40517,0.00016,-0.12919
9970.93,BTC-27DEC19,1567421947113,open,0.34,49.4,0.311,0.373,0.34288577,79.25,0.33,0.0,BTC-27DEC19-7000-C,9798.84,74.01,0.336,11.0,0.3525,11.1,86.25,13.38295,-4.57636,15.89648,5e-05,0.84507
9841.93,BTC-27SEP19,1567421947113,open,0.44,221.9,0.43,0.4565,0.44263519,107.73,0.446,0.0,BTC-27SEP19-5500-C,9798.84,0.0,0.4335,10.0,0.4535,10.0,163.02,0.89206,-1.93156,3.64758,1e-05,0.98644
9970.93,BTC-27DEC19,1567421947113,open,0.03,221.3,0.014,0.0545,0.03210549,79.34,0.039,0.0,BTC-27DEC19-6500-P,9798.84,77.44,0.03,33.8,0.0335,18.0,80.58,11.16398,-3.82211,-4.77923,4e-05,-0.11888
9841.93,BTC-27SEP19,1567421947113,open,0.0,428.2,0.0005,0.0105,5.765e-05,120.0,0.0005,0.0,BTC-27SEP19-28000-C,9798.84,0.0,0.0,0.0,0.001,35.0,154.44,0.06511,-0.15704,0.00454,0.0,0.00073
9970.93,BTC-27DEC19,1567421947113,open,0.01,327.0,0.0005,0.02,0.00682178,95.59,0.0045,0.0,BTC-27DEC19-30000-C,9798.84,93.74,0.006,1.2,0.008,42.0,98.0,4.63015,-1.90971,0.98277,2e-05,0.03787
9970.93,BTC-27DEC19,1567421947113,open,0.32,68.8,0.2615,0.368,0.31559255,80.62,0.2975,0.0,BTC-27DEC19-12000-P,9798.84,75.12,0.3035,7.0,0.3205,15.0,82.83,22.04985,-7.67008,-28.08666,9e-05,-0.5717
9841.93,BTC-27SEP19,1567421947113,open,0.02,1134.2,0.0065,0.0425,0.02216597,81.49,0.021,0.0,BTC-27SEP19-12000-C,9798.84,79.9,0.021,31.2,0.0235,19.3,83.28,7.29023,-11.94107,1.22322,0.00014,0.20453
9970.93,BTC-27DEC19,1567421947113,open,0.11,306.7,0.07,0.153,0.11209157,80.61,0.114,0.0,BTC-27DEC19-12000-C,9798.84,79.89,0.1105,14.0,0.1145,22.7,81.7,22.04981,-7.66996,10.00943,9e-05,0.4283
9841.93,BTC-27SEP19,1567421947116,open,0.0,287.3,0.0005,0.0105,0.000316,120.0,0.001,0.0,BTC-27SEP19-24000-C,9798.84,0.0,0.0,0.0,0.001,15.0,135.09,0.27594,-0.66556,0.02193,0.0,0.00359
9841.93,BTC-27SEP19,1567421947116,open,0.0,761.0,0.0005,0.0105,1.109e-05,120.0,0.0005,0.0,BTC-27SEP19-32000-C,9798.84,0.0,0.0,0.0,0.0015,15.0,178.52,0.01532,-0.03696,0.00096,0.0,0.00015
9841.93,BTC-27SEP19,1567421947116,open,0.0,1118.7,0.0005,0.0105,0.00023016,120.0,0.0005,0.0,BTC-27SEP19-4250-P,9798.84,0.0,0.0,0.0,0.0005,30.0,130.68,0.18316,-0.44177,-0.01681,0.0,-0.00228
9970.93,BTC-27DEC19,1567421947121,open,1.62,0.0,1.559,1.684,1.61768617,91.72,None,0.0,BTC-27DEC19-26000-P,9798.84,0.0,0.005,10.0,2.3605,0.2,500.0,6.26875,-2.48086,-81.11374,2e-05,-0.94479
9841.93,BTC-27SEP19,1567421947126,open,2.26,0.0,2.188,2.318,2.25141249,123.46,None,0.0,BTC-27SEP19-32000-P,9798.84,0.0,0.0,0.0,0.0,0.0,0.0,0.02265,-0.0562,-21.80737,0.0,-0.99976
9841.93,BTC-27SEP19,1567421947126,open,0.62,0.0,0.6095,0.629,0.61903135,119.86,None,0.0,BTC-27SEP19-3750-C,9798.84,0.0,0.0055,5.0,0.6435,10.0,301.5,0.05383,-0.12969,2.55135,0.0,0.9994
9841.93,BTC-27SEP19,1567421947131,open,0.0,1660.1,0.0005,0.0105,0.0,120.0,0.0005,0.0,BTC-27SEP19-1500-P,9798.84,0.0,0.0,0.0,0.0005,97.1,284.8,0.0,0.0,0.0,0.0,0.0
10099.92,SYN.BTC-27MAR20,1567421947133,open,0.33,17.0,0.286,0.3735,0.33208561,80.38,0.312,0.0,BTC-27MAR20-8000-C,9798.84,77.18,0.3245,10.0,0.3335,17.0,80.98,23.94571,-4.65216,24.16336,5e-05,0.75419
9970.93,BTC-27DEC19,1567421947136,open,2.02,0.2,1.9515,2.0875,2.01557424,95.6,2.03,0.0,BTC-27DEC19-30000-P,9798.84,0.0,0.0,0.0,0.0,0.0,0.0,4.63274,-1.91104,-94.2569,2e-05,-0.96211
9970.93,BTC-27DEC19,1567421947138,open,3.83,0.0,3.72,3.918,3.81542758,104.3,None,0.0,BTC-27DEC19-48000-P,9798.84,0.0,0.0,0.0,0.0,0.0,0.0,1.3184,-0.59333,-152.15615,0.0,-0.99135
9841.93,BTC-27SEP19,1567421947146,open,0.0,422.0,0.0005,0.0105,2.35e-05,120.0,0.0005,0.0,BTC-27SEP19-3500-P,9798.84,0.0,0.0,0.0,0.0005,31.0,158.95,0.02605,-0.06283,-0.00199,0.0,-0.00027
9841.93,BTC-27SEP19,1567421947146,open,0.83,1.0,0.7935,0.8705,0.83013602,99.89,0.575,0.0,BTC-27SEP19-18000-P,9798.84,0.0,0.814,1.1,0.847,1.1,159.28,0.94235,-1.89197,-12.17876,1e-05,-0.98555
9841.93,BTC-27SEP19,1567421947151,open,0.52,13.5,0.508,0.5295,0.51807402,119.38,0.382,0.0,BTC-27SEP19-4750-C,9798.84,0.0,0.005,10.0,0.567,5.0,300.77,0.45795,-1.09889,3.19009,1e-05,0.99367
9841.93,BTC-27SEP19,1567421947151,open,0.0,484.6,0.0005,0.0105,0.00011703,120.0,0.0005,0.0,BTC-27SEP19-4000-P,9798.84,0.0,0.0,0.0,0.0005,42.0,139.5,0.10381,-0.25039,-0.00897,0.0,-0.00122
9841.93,BTC-27SEP19,1567421947153,open,0.59,227.5,0.584,0.6035,0.59369185,119.92,0.606,0.0,BTC-27SEP19-4000-C,9798.84,0.0,0.111,2.0,0.623,5.0,299.78,0.10325,-0.24888,2.71719,0.0,0.99879
9817.67,SYN.BTC-13SEP19,1567421947171,open,0.02,273.3,0.0025,0.033,0.01485535,76.12,0.0155,0.0,BTC-13SEP19-11000-C,9798.84,73.37,0.0135,37.0,0.016,0.1,78.38,4.91038,-17.18351,0.5765,0.00022,0.21193
9970.93,BTC-27DEC19,1567421947176,open,0.05,217.0,0.0205,0.081,0.04806134,83.35,0.05,0.0,BTC-27DEC19-16000-C,9798.84,82.41,0.0465,18.0,0.05,9.6,84.51,16.63515,-5.983,5.44298,6e-05,0.22001
9841.93,BTC-27SEP19,1567421947176,open,0.02,1183.9,0.0055,0.0365,0.01859732,84.65,0.0185,0.0,BTC-27SEP19-8000-P,9798.84,83.65,0.018,10.0,0.0195,30.0,86.14,5.91813,-10.06985,-1.11271,0.00011,-0.14729
9970.93,BTC-27DEC19,1567421947176,open,0.06,435.3,0.028,0.0955,0.05973333,83.13,0.055,0.0,BTC-27DEC19-15000-C,9798.84,82.73,0.059,3.0,0.061,26.4,83.82,18.28944,-6.56057,6.39779,7e-05,0.26185
9841.93,BTC-27SEP19,1567421947176,open,0.04,801.8,0.018,0.067,0.04159093,80.23,0.043,0.0,BTC-27SEP19-11000-C,9798.84,78.55,0.04,26.7,0.044,45.0,82.75,9.35947,-15.09334,1.96744,0.00018,0.33491
9970.93,BTC-27DEC19,1567421947176,open,0.4,110.3,0.338,0.4475,0.39318435,81.02,0.3545,0.0,BTC-27DEC19-13000-P,9798.84,72.74,0.376,6.0,0.399,14.0,83.76,21.05969,-7.36201,-32.63904,8e-05,-0.63792
9841.93,BTC-27SEP19,1567421947176,open,0.09,499.9,0.059,0.124,0.09169787,79.61,0.094,0.0,BTC-27SEP19-10000-P,9798.84,77.97,0.09,0.1,0.094,15.0,81.82,10.24638,-16.39488,-3.89595,0.00019,-0.48913
9970.93,BTC-27DEC19,1567421947176,open,0.01,169.4,0.0005,0.0165,0.00524223,96.08,0.003,0.0,BTC-27DEC19-32000-C,9798.84,92.53,0.004,36.0,0.0065,42.0,99.15,3.80496,-1.57749,0.7784,1e-05,0.02983
174.9,SYN.ETH-27MAR20,1567421947176,open,2.45,0.0,2.337,2.57,2.448569,91.65,None,0.0,ETH-27MAR20-600-P,171.48,0.0,0.02,10.0,0.0,0.0,0.0,0.18586,-0.04117,-3.34451,0.00117,-0.92528
9841.93,BTC-27SEP19,1567421947188,open,1.44,0.2,1.391,1.49,1.43886706,120.18,1.6,0.0,BTC-27SEP19-24000-P,9798.84,0.0,0.0,0.0,0.0,0.0,0.0,0.27921,-0.67444,-16.33441,0.0,-0.99637
9970.93,BTC-27DEC19,1567421947190,open,0.42,122.9,0.397,0.4445,0.42052247,79.89,0.469,0.0,BTC-27DEC19-6000-C,9798.84,70.19,0.4125,11.0,0.441,11.0,100.02,8.96871,-3.09171,15.55877,4e-05,0.91204
9841.93,BTC-27SEP19,1567421947190,open,0.34,38.1,0.2995,0.3685,0.33265753,83.2,0.382,0.0,BTC-27SEP19-13000-P,9798.84,39.33,0.321,5.0,0.346,5.0,104.69,5.1539,-8.6192,-8.13078,9e-05,-0.87953
9841.93,BTC-27SEP19,1567421947190,open,0.29,722.3,0.2765,0.316,0.29565018,91.38,0.284,0.0,BTC-27SEP19-7000-C,9798.84,0.0,0.2875,9.0,0.2975,0.1,96.93,3.09464,-5.68387,4.31628,5e-05,0.93915
9970.93,BTC-27DEC19,1567421947190,open,0.02,265.0,0.0045,0.0385,0.01724648,88.39,0.015,0.0,BTC-27DEC19-22000-C,9798.84,87.0,0.016,6.0,0.019,43.0,90.26,9.13248,-3.48312,2.30688,3e-05,0.09012
9841.93,BTC-27SEP19,1567421947190,open,2.05,0.0,1.9885,2.1105,2.04821392,121.76,None,0.0,BTC-27SEP19-30000-P,9798.84,0.0,0.0,0.0,0.0,0.0,0.0,0.03781,-0.09255,-20.44325,0.0,-0.99959
9841.93,BTC-27SEP19,1567421947190,open,0.01,432.5,0.0005,0.018,0.0064769,85.51,0.007,0.0,BTC-27SEP19-14000-C,9798.84,84.14,0.006,15.0,0.0075,42.0,88.28,3.49461,-6.00637,0.43403,6e-05,0.07119
9841.93,BTC-27SEP19,1567421947192,open,0.8,28.2,0.787,0.8065,0.79678742,0.0,0.755,0.0,BTC-27SEP19-2000-C,9798.84,0.0,0.01,1.0,0.844,5.0,500.0,0.0,0.0,1.36305,0.0,1.0
9970.93,BTC-27DEC19,1567421947195,open,0.01,312.5,0.0005,0.02,0.00928336,81.5,0.011,0.0,BTC-27DEC19-5000-P,9798.84,78.84,0.008,30.0,0.01,6.0,82.9,4.99507,-1.75659,-1.60979,2e-05,-0.04157
9970.93,BTC-27DEC19,1567421947203,open,2.62,1.3,2.5405,2.695,2.61400185,98.17,2.2,0.0,BTC-27DEC19-36000-P,9798.84,0.0,0.0,0.0,0.0,0.0,0.0,2.77217,-1.17428,-113.75195,1e-05,-0.97955
10099.92,SYN.BTC-27MAR20,1567421947203,open,0.87,0.0,0.7935,0.934,0.8625935,84.09,0.8095,0.0,BTC-27MAR20-18000-P,9798.84,0.0,0.0005,6.0,0.0,0.0,0.0,25.39503,-5.16133,-90.85146,5e-05,-0.72448
9970.93,BTC-27DEC19,1567421947207,open,0.51,65.4,0.492,0.5255,0.50782462,81.5,0.608,0.0,BTC-27DEC19-5000-C,9798.84,0.0,0.4955,11.0,0.523,11.0,105.03,4.99479,-1.75645,14.26371,2e-05,0.95843
9970.93,BTC-27DEC19,1567421947211,open,0.0,209.9,0.0005,0.0105,0.00099902,105.9,0.002,0.0,BTC-27DEC19-2500-P,9798.84,97.39,0.0005,6.8,0.0015,30.0,111.82,0.73025,-0.33368,-0.17208,0.0,-0.00444
9841.93,BTC-27SEP19,1567421947211,open,0.07,672.7,0.0455,0.1045,0.07563493,79.6,0.0765,0.0,BTC-27SEP19-10000-C,9798.84,78.03,0.074,25.2,0.0765,0.2,80.43,10.24638,-16.39448,2.91931,0.00019,0.51086
9841.93,BTC-27SEP19,1567421947216,open,0.67,0.5,0.66,0.6795,0.66978853,119.39,0.694,0.0,BTC-27SEP19-3250-C,9798.84,0.0,0.005,10.0,0.7775,5.0,500.0,0.01049,-0.02517,2.21421,0.0,0.9999
9841.93,BTC-27SEP19,1567421947222,open,1.85,0.0,1.7895,1.9035,1.84503388,120.84,None,0.0,BTC-27SEP19-28000-P,9798.84,0.0,0.0,0.0,0.0,0.0,0.0,0.07032,-0.1708,-19.0778,0.0,-0.9992
9970.93,BTC-27DEC19,1567421947234,open,0.03,461.1,0.0115,0.0615,0.03286824,84.87,0.0325,0.0,BTC-27DEC19-18000-C,9798.84,83.49,0.031,23.9,0.035,33.8,86.41,13.64574,-4.99714,4.01091,5e-05,0.15958
9841.93,BTC-27SEP19,1567421947234,open,0.0,654.7,0.0005,0.0105,0.00074543,112.47,0.001,0.0,BTC-27SEP19-5000-P,9798.84,107.02,0.0005,30.0,0.001,25.0,116.94,0.50566,-1.14315,-0.05248,1e-05,-0.00708
9841.93,BTC-27SEP19,1567421947239,open,0.13,475.3,0.0995,0.1595,0.13076328,81.35,0.13,0.0,BTC-27SEP19-9000-C,9798.84,78.85,0.1285,24.4,0.134,24.5,84.91,8.91997,-14.58575,3.82484,0.00017,0.70099
9970.93,BTC-27DEC19,1567421947239,open,0.0,412.9,0.0005,0.013,0.003401,85.8,0.003,0.0,BTC-27DEC19-4000-P,9798.84,81.55,0.0025,30.0,0.004,6.0,88.25,2.31349,-0.85648,-0.63119,1e-05,-0.01654
171.53,SYN.ETH-13SEP19,1567421947241,open,0.13,0.0,0.088,0.166,0.127078,80.11,None,0.0,ETH-13SEP19-190-P,171.48,62.3,0.118,40.0,0.131,40.0,87.09,0.09436,-0.34754,-0.04476,0.01343,-0.74865
9970.93,BTC-27DEC19,1567421947247,open,0.22,169.6,0.178,0.2605,0.22108086,79.25,0.211,0.0,BTC-27DEC19-9000-C,9798.84,77.24,0.217,3.6,0.2255,19.0,81.43,20.22991,-6.91775,14.35646,8e-05,0.67462
9970.93,BTC-27DEC19,1567421947247,open,0.0,228.0,0.0005,0.012,0.00224082,90.97,0.001,0.0,BTC-27DEC19-3500-P,9798.84,89.41,0.002,20.0,0.0025,6.0,92.54,1.59612,-0.62655,-0.41155,1e-05,-0.01076
9841.93,BTC-27SEP19,1567421947247,open,0.0,719.2,0.0005,0.0105,0.00074551,107.72,0.001,0.0,BTC-27SEP19-20000-C,9798.84,103.12,0.0005,3.0,0.001,24.0,111.46,0.60239,-1.30431,0.05293,1e-05,0.00864
9970.93,BTC-27DEC19,1567421947247,open,0.0,450.2,0.0005,0.013,0.0034989,98.14,0.002,0.0,BTC-27DEC19-36000-C,9798.84,94.12,0.0025,36.0,0.0045,36.0,101.45,2.76826,-1.17231,0.53556,1e-05,0.02042
9841.93,BTC-27SEP19,1567421947247,open,0.43,54.0,0.3965,0.465,0.42896501,85.52,0.466,0.0,BTC-27SEP19-14000-P,9798.84,0.0,0.416,1.1,0.4435,1.1,114.97,3.49543,-6.00837,-9.1072,6e-05,-0.92879
9841.93,BTC-27SEP19,1567421947247,open,0.0,389.9,0.0005,0.012,0.0023144,91.32,0.0025,0.0,BTC-27SEP19-16000-C,9798.84,89.33,0.002,15.0,0.003,42.0,95.14,1.62535,-2.98334,0.16882,3e-05,0.02748
9970.93,BTC-27DEC19,1567421947255,open,1.03,5.7,0.9755,1.0895,1.02941514,86.77,0.661,0.0,BTC-27DEC19-20000-P,9798.84,61.85,1.01,1.1,1.0475,1.1,100.81,11.18149,-4.18641,-60.46876,4e-05,-0.88086
9970.93,BTC-27DEC19,1567421947257,open,0.46,73.3,0.4435,0.484,0.46315367,80.59,0.4875,0.0,BTC-27DEC19-5500-C,9798.84,0.0,0.4475,11.0,0.481,11.0,102.24,6.87614,-2.39106,15.02735,3e-05,0.93788
9970.93,BTC-27DEC19,1567421947257,open,0.6,27.2,0.5915,0.6145,0.60223401,85.79,0.63,0.0,BTC-27DEC19-4000-C,9798.84,0.0,0.45,1.0,0.63,0.5,143.17,2.31317,-0.85632,12.06763,1e-05,0.98346
9970.93,BTC-27DEC19,1567421947257,open,0.02,263.1,0.0085,0.0405,0.02227297,79.89,0.022,0.0,BTC-27DEC19-6000-P,9798.84,77.89,0.0205,36.0,0.0235,26.0,81.24,8.96889,-3.09182,-3.48941,4e-05,-0.08796
9970.93,BTC-27DEC19,1567421947257,open,0.0,372.7,0.0005,0.0125,0.00271374,101.3,0.0025,0.0,BTC-27DEC19-40000-C,9798.84,97.76,0.002,26.5,0.0035,30.0,104.51,2.22903,-0.97433,0.41539,1e-05,0.01584
9970.93,BTC-27DEC19,1567421947257,open,0.48,291.5,0.421,0.532,0.47631191,81.8,0.558,0.0,BTC-27DEC19-14000-P,9798.84,72.77,0.459,5.0,0.489,5.0,88.1,19.72051,-6.96064,-37.03103,8e-05,-0.69354
9970.93,BTC-27DEC19,1567421947257,open,1.82,0.1,1.755,1.885,1.8162024,93.35,1.49,0.0,BTC-27DEC19-28000-P,9798.84,0.0,0.001,1.0,0.0,0.0,0.0,5.2837,-2.12838,-87.73473,2e-05,-0.95543
9841.93,BTC-27SEP19,1567421947264,open,0.0,1213.5,0.0005,0.012,0.00220163,99.53,0.003,0.0,BTC-27SEP19-6000-P,9798.84,93.56,0.0015,39.0,0.003,44.0,105.05,1.29391,-2.5886,-0.15529,2e-05,-0.02095
