underlying_price,underlying_index,timestamp,state,settlement_price,open_interest,min_price,max_price,mark_price,mark_iv,last_price,interest_rate,instrument_name,index_price,bid_iv,best_bid_price,best_bid_amount,best_ask_price,best_ask_amount,ask_iv,vega,theta,rho,gamma,delta
188.0,SYN.ETH-27MAR20,1568026739986,open,0.21,505.0,0.16,0.263,0.216045,82.24,0.21,0.0,ETH-27MAR20-200-C,181.7,79.81,0.209,201.0,0.223,441.0,84.65,0.54373,-0.11186,0.37497,0.00342,0.58028
10273.67,SYN.BTC-13SEP19,1568026740183,open,0.02,317.3,0.0025,0.0375,0.01684294,69.5,0.017,0.0,BTC-13SEP19-10000-P,10252.91,63.25,0.0145,30.2,0.0175,9.6,71.23,3.87846,-34.77343,-0.38914,0.0005,-0.33987
10391.42,SYN.BTC-25OCT19,1568026740372,open,0.09,92.7,0.0535,0.1185,0.08426128,73.71,0.0865,0.0,BTC-25OCT19-10000-P,10252.91,72.05,0.082,6.1,0.086,8.0,74.99,14.14157,-11.36143,-6.20284,0.00014,-0.39066
10348.68,BTC-27SEP19,1568026740599,open,0.08,98.3,0.0445,0.104,0.0707228,71.08,0.077,0.0,BTC-27SEP19-10500-P,10252.91,69.12,0.069,22.0,0.0725,6.4,73.09,9.13565,-18.16203,-2.92013,0.00025,-0.50544
183.29,ETH-27SEP19,1568026740666,open,0.07,6422.0,0.028,0.089,0.057858,76.04,0.075,0.0,ETH-27SEP19-180-P,181.7,72.74,0.055,120.0,0.062,120.0,80.81,0.15887,-0.33789,-0.04325,0.0127,-0.42396
10487.82,BTC-27DEC19,1568026740683,open,0.02,321.6,0.005,0.029,0.01456542,78.66,0.013,0.0,BTC-27DEC19-6000-P,10252.91,77.84,0.014,10.0,0.015,15.3,79.29,7.25581,-2.62103,-2.4865,3e-05,-0.06492
10602.68,SYN.BTC-27MAR20,1568026740845,open,0.13,148.2,0.085,0.1805,0.13348494,78.45,0.152,0.0,BTC-27MAR20-14000-C,10252.91,77.93,0.132,10.0,0.135,0.7,78.96,30.74951,-6.03412,16.93736,6e-05,0.42522
10487.82,BTC-27DEC19,1568026740866,open,0.1,573.8,0.0565,0.127,0.09155269,75.8,0.089,0.0,BTC-27DEC19-9000-P,10252.91,74.42,0.089,19.3,0.0935,13.0,76.86,19.3523,-6.73644,-11.68953,8e-05,-0.28212
10602.68,SYN.BTC-27MAR20,1568026740883,open,0.1,162.1,0.06,0.134,0.09658627,76.91,0.1,0.0,BTC-27MAR20-8000-P,10252.91,75.04,0.0925,10.0,0.0995,26.0,78.26,23.10103,-4.44478,-18.25593,5e-05,-0.21786
10311.13,SYN.BTC-20SEP19,1568026740885,open,0.01,19.8,0.002,0.0295,0.01294465,70.44,0.0125,0.0,BTC-20SEP19-11500-C,10252.91,69.52,0.0125,24.0,0.0145,5.0,73.6,5.00395,-16.20567,0.57902,0.00022,0.20141
185.98,ETH-27DEC19,1568026740899,open,0.17,496.0,0.138,0.224,0.184029,78.72,0.18,0.0,ETH-27DEC19-180-C,181.7,76.32,0.179,24.0,0.188,240.0,80.62,0.38843,-0.14043,0.23879,0.00478,0.61447
188.02,SYN.ETH-27MAR20,1568026740975,open,2.08,0.0,1.902,2.114,2.003423,91.23,None,0.0,ETH-27MAR20-560-P,181.7,0.0,0.01,10.0,0.0,0.0,0.0,0.24497,-0.05591,-2.98887,0.00139,-0.89955
10391.42,SYN.BTC-25OCT19,1568026740980,open,0.33,0.0,0.3155,0.3535,0.33416719,78.1,None,0.0,BTC-25OCT19-7000-C,10252.91,0.0,0.326,10.0,0.0,0.0,0.0,4.31734,-3.67509,7.92874,4e-05,0.94124
184.12,SYN.ETH-25OCT19,1568026741001,open,0.02,352.0,0.006,0.04,0.020715,83.15,0.022,0.0,ETH-25OCT19-260-C,181.7,79.82,0.018,220.0,0.023,673.0,85.82,0.15427,-0.13981,0.03063,0.00435,0.15309
185.98,ETH-27DEC19,1568026741013,open,0.03,898.0,0.01,0.055,0.029754,86.34,0.026,0.0,ETH-27DEC19-340-C,181.7,84.12,0.027,1.0,0.031,420.0,87.32,0.23508,-0.09322,0.06579,0.00264,0.14835
184.12,SYN.ETH-25OCT19,1568026741069,open,0.46,3.0,0.382,0.486,0.432956,83.27,0.534,0.0,ETH-25OCT19-260-P,181.7,0.0,0.0,0.0,0.0,0.0,0.0,0.15457,-0.14029,-0.29607,0.00436,-0.84646
188.02,SYN.ETH-27MAR20,1568026741072,open,0.02,2489.0,0.006,0.046,0.022537,93.24,0.024,0.0,ETH-27MAR20-600-C,181.7,91.07,0.02,101.0,0.024,200.0,94.43,0.22715,-0.05298,0.07013,0.00126,0.09065
185.98,ETH-27DEC19,1568026741081,open,0.9,0.0,0.789,0.93,0.858006,86.42,None,0.0,ETH-27DEC19-340-P,181.7,0.0,0.0,0.0,0.0,0.0,0.0,0.23542,-0.09343,-0.94827,0.00264,-0.85134
10487.82,BTC-27DEC19,1568026741096,open,0.11,297.8,0.074,0.1545,0.1151037,76.88,0.114,0.0,BTC-27DEC19-12000-C,10252.91,75.2,0.1115,14.4,0.1165,13.0,77.51,22.71147,-8.01812,10.65976,9e-05,0.45586
10487.59,BTC-27DEC19,1568026741113,open,0.27,85.9,0.209,0.308,0.2592881,76.86,0.2655,0.0,BTC-27DEC19-12000-P,10252.91,75.8,0.257,14.4,0.2635,22.5,78.8,22.71057,-8.0162,-25.13591,9e-05,-0.5442
183.29,ETH-27SEP19,1568026741159,open,0.0,1988.0,0.001,0.012,0.00225,95.98,0.003,0.0,ETH-27SEP19-280-C,181.7,85.3,0.001,1420.0,0.003,400.0,100.59,0.02719,-0.07301,0.00244,0.00172,0.02947
10487.82,BTC-27DEC19,1568026741163,open,0.01,281.3,0.0005,0.022,0.00809737,87.42,0.0075,0.0,BTC-27DEC19-26000-C,10252.91,86.3,0.0075,1.0,0.0085,54.0,88.15,5.73607,-2.30297,1.25417,2e-05,0.04819
10348.68,BTC-27SEP19,1568026741176,open,0.05,769.5,0.022,0.072,0.04638171,71.25,0.05,0.0,BTC-27SEP19-10000-P,10252.91,69.02,0.0445,38.0,0.0485,13.4,73.75,8.74434,-17.42605,-2.17891,0.00023,-0.38353
188.02,SYN.ETH-27MAR20,1568026741176,open,2.29,0.0,2.107,2.33,2.214083,93.52,None,0.0,ETH-27MAR20-600-P,181.7,0.0,0.02,10.0,0.0,0.0,0.0,0.22901,-0.05358,-3.21482,0.00126,-0.90835
10348.68,BTC-27SEP19,1568026741211,open,0.07,712.9,0.052,0.1065,0.08006836,71.24,0.081,0.0,BTC-27SEP19-10000-C,10252.91,68.2,0.0775,5.6,0.082,34.6,73.52,8.7443,-17.42408,2.71861,0.00023,0.61647
185.98,ETH-27DEC19,1568026741247,open,1.11,0.0,0.992,1.139,1.062777,87.22,None,0.0,ETH-27DEC19-380-P,181.7,0.0,0.0,0.0,0.0,0.0,0.0,0.18277,-0.07321,-1.08693,0.00203,-0.89651
10602.45,SYN.BTC-27MAR20,1568026741264,open,1.88,0.0,1.782,1.932,1.85265553,86.82,None,0.0,BTC-27MAR20-30000-P,10252.91,0.0,0.0005,10.0,0.0,0.0,0.0,13.48621,-2.92904,-159.98031,3e-05,-0.9028
10348.7,BTC-27SEP19,1568026741311,open,1.15,0.2,1.0845,1.171,1.12613755,120.48,1.391,0.0,BTC-27SEP19-22000-P,10252.91,0.0,0.0045,10.0,0.0,0.0,0.0,0.24172,-0.8146,-10.75792,0.0,-0.99648
10487.59,BTC-27DEC19,1568026741317,open,2.09,0.3,1.992,2.124,2.05481509,90.82,1.875,0.0,BTC-27DEC19-32000-P,10252.91,0.0,0.0005,10.0,0.0,0.0,0.0,3.08687,-1.2875,-94.85481,1e-05,-0.9773
10487.59,BTC-27DEC19,1568026741325,open,0.07,497.5,0.038,0.1085,0.07228186,78.12,0.077,0.0,BTC-27DEC19-14000-C,10252.91,76.69,0.0695,35.3,0.0745,25.0,79.25,20.52131,-7.36187,7.79373,8e-05,0.32141
10487.59,BTC-27DEC19,1568026741325,open,2.85,0.0,2.7395,2.8975,2.81569368,95.83,2.58,0.0,BTC-27DEC19-40000-P,10252.91,0.0,0.0005,10.0,0.0,0.0,0.0,1.63722,-0.72051,-119.02885,1e-05,-0.98916
10311.18,SYN.BTC-20SEP19,1568026741325,open,0.1,8.2,0.061,0.119,0.09015762,70.03,0.092,0.0,BTC-20SEP19-11000-P,10252.91,66.5,0.088,0.6,0.0925,0.6,73.81,6.34465,-20.42703,-2.37367,0.00029,-0.68243
10348.7,BTC-27SEP19,1568026741382,open,1.54,0.0,1.4635,1.564,1.51243504,123.6,None,0.0,BTC-27SEP19-26000-P,10252.91,0.0,0.0,0.0,0.0,0.0,0.0,0.04938,-0.17073,-12.73046,0.0,-0.99938
10273.66,SYN.BTC-13SEP19,1568026741392,open,0.09,93.4,0.052,0.104,0.07766147,70.35,0.0855,0.0,BTC-13SEP19-11000-P,10252.91,57.58,0.0745,0.6,0.0785,0.6,73.36,2.80148,-25.42569,-0.97659,0.00036,-0.81755
10487.59,BTC-27DEC19,1568026741398,open,3.24,0.0,3.1135,3.286,3.1968308,99.51,3.46,0.0,BTC-27DEC19-44000-P,10252.91,0.0,0.0005,10.0,0.0,0.0,0.0,1.38809,-0.63432,-131.01049,0.0,-0.99103
10487.59,BTC-27DEC19,1568026741400,open,1.32,0.0,1.2465,1.358,1.2990033,85.52,None,0.0,BTC-27DEC19-24000-P,10252.91,0.0,0.006,1.0,2.035,0.2,499.66,6.99207,-2.74598,-69.98399,2e-05,-0.93809
10487.59,BTC-27DEC19,1568026741403,open,0.14,420.7,0.095,0.178,0.13710921,75.38,0.135,0.0,BTC-27DEC19-10000-P,10252.91,74.61,0.1355,19.3,0.139,10.0,76.3,21.70008,-7.5124,-15.98671,9e-05,-0.37392
10487.59,BTC-27DEC19,1568026741410,open,0.1,573.8,0.0565,0.127,0.0915526,75.8,0.089,0.0,BTC-27DEC19-9000-P,10252.91,74.69,0.0895,19.3,0.0935,13.0,76.86,19.35258,-6.73696,-11.69047,8e-05,-0.28214
10311.13,SYN.BTC-20SEP19,1568026741426,open,0.06,11.7,0.0375,0.089,0.06362476,69.35,0.054,0.0,BTC-20SEP19-10000-C,10252.91,66.1,0.0615,0.6,0.065,7.6,71.45,6.75524,-21.53631,1.72146,0.00031,0.62393
10602.68,SYN.BTC-27MAR20,1568026741436,open,0.1,162.1,0.06,0.134,0.09658614,76.91,0.1,0.0,BTC-27MAR20-8000-P,10252.91,75.04,0.0925,14.9,0.0995,26.0,78.26,23.10103,-4.44478,-18.25593,5e-05,-0.21786
182.04,SYN.ETH-13SEP19,1568026741475,open,0.0,453.0,0.001,0.012,0.002389,87.94,0.001,0.0,ETH-13SEP19-210-C,181.7,74.4,0.001,343.0,0.003,400.0,92.46,0.02317,-0.26291,0.00117,0.00749,0.06286
10602.45,SYN.BTC-27MAR20,1568026741534,open,2.26,0.0,2.149,2.3075,2.22364432,88.41,None,0.0,BTC-27MAR20-34000-P,10252.91,0.0,0.0005,10.0,0.0,0.0,0.0,10.87665,-2.40555,-182.92619,2e-05,-0.92702
182.04,SYN.ETH-13SEP19,1568026741548,open,0.18,200.0,0.121,0.194,0.156015,88.43,0.265,0.0,ETH-13SEP19-210-P,181.7,0.0,0.153,100.0,0.175,11.0,168.35,0.0235,-0.26807,-0.02111,0.00755,-0.93601
10348.7,BTC-27SEP19,1568026741621,open,0.01,241.6,0.0005,0.0215,0.00877783,75.27,0.01,0.0,BTC-27SEP19-8500-P,10252.91,73.28,0.008,30.0,0.01,76.5,78.27,4.10653,-8.64609,-0.56649,0.0001,-0.10299
182.04,SYN.ETH-13SEP19,1568026741621,open,0.0,215.0,0.001,0.011,0.00072,89.05,0.001,0.0,ETH-13SEP19-220-C,181.7,0.0,0.0,0.0,0.001,3.0,93.73,0.00977,-0.11224,0.00041,0.00312,0.0218
10348.7,BTC-27SEP19,1568026741630,open,0.15,18.0,0.1065,0.1715,0.13693505,72.2,0.1,0.0,BTC-27SEP19-11500-P,10252.91,66.14,0.1325,7.0,0.142,15.0,78.87,7.72067,-15.5919,-4.33881,0.0002,-0.71915
10391.42,SYN.BTC-25OCT19,1568026741640,open,0.22,14.4,0.1685,0.247,0.20815586,75.49,0.171,0.0,BTC-25OCT19-12000-P,10252.91,0.0,0.1545,10.0,0.0,0.0,0.0,13.54551,-11.14491,-11.29791,0.00013,-0.65688
182.04,SYN.ETH-13SEP19,1568026741694,open,0.24,0.0,0.174,0.248,0.209281,90.25,None,0.0,ETH-13SEP19-220-P,181.7,0.0,0.0,0.0,0.0,0.0,0.0,0.01034,-0.12035,-0.02293,0.00325,-0.97669
10602.45,SYN.BTC-27MAR20,1568026741750,open,0.03,36.5,0.0105,0.062,0.03190852,84.36,0.036,0.0,BTC-27MAR20-26000-C,10252.91,82.8,0.0295,16.0,0.034,19.0,85.68,16.629,-3.50937,5.71585,3e-05,0.13036
10311.18,SYN.BTC-20SEP19,1568026741761,open,0.0,30.6,0.0005,0.0115,0.0017556,81.56,0.0015,0.0,BTC-20SEP19-8000-P,10252.91,74.14,0.001,40.0,0.0025,36.3,87.18,1.22898,-4.60843,-0.09921,5e-05,-0.03054
10311.18,SYN.BTC-20SEP19,1568026741767,open,0.0,27.8,0.0005,0.012,0.00227997,75.97,0.002,0.0,BTC-20SEP19-13000-C,10252.91,70.56,0.0015,58.1,0.003,45.6,80.07,1.67015,-5.83359,0.12953,7e-05,0.04444
185.98,ETH-27DEC19,1568026741781,open,0.13,2076.0,0.097,0.182,0.14215,79.05,0.144,0.0,ETH-27DEC19-200-C,181.7,76.69,0.137,222.0,0.144,76.0,79.91,0.40477,-0.14694,0.20905,0.00496,0.51896
188.0,SYN.ETH-27MAR20,1568026741782,open,0.17,209.0,0.105,0.201,0.154287,82.23,0.145,0.0,ETH-27MAR20-160-P,181.7,78.54,0.145,32.0,0.158,412.0,83.72,0.47199,-0.09709,-0.45179,0.00297,-0.28459
10273.67,SYN.BTC-13SEP19,1568026741881,open,0.0,414.7,0.0005,0.0115,0.00154321,77.79,0.002,0.0,BTC-13SEP19-9000-P,10252.91,77.35,0.0015,1.3,0.002,30.4,82.11,1.01058,-10.14225,-0.05121,0.00012,-0.0454
182.67,SYN.ETH-20SEP19,1568026741907,open,0.27,0.0,0.267,0.311,0.289126,92.55,None,0.0,ETH-20SEP19-130-C,181.7,0.0,0.0,0.0,0.0,0.0,0.0,0.01097,-0.04666,0.03795,0.00119,0.98641
10391.42,SYN.BTC-25OCT19,1568026741944,open,0.03,68.8,0.014,0.059,0.03446947,76.34,0.038,0.0,BTC-25OCT19-13000-C,10252.91,74.1,0.032,48.0,0.036,12.0,77.71,11.56619,-9.62379,2.74197,0.00011,0.24441
10273.67,SYN.BTC-13SEP19,1568026741950,open,0.0,408.7,0.0005,0.012,0.00236279,73.19,0.002,0.0,BTC-13SEP19-11500-C,10252.91,66.4,0.0015,46.3,0.0025,1.0,74.14,1.46007,-13.78558,0.0765,0.00018,0.07249
10602.45,SYN.BTC-27MAR20,1568026741950,open,0.01,369.0,0.001,0.028,0.01066074,89.95,0.01,0.0,BTC-27MAR20-40000-C,10252.91,87.6,0.009,61.1,0.0125,24.0,92.31,7.86721,-1.7703,2.18347,1e-05,0.04827
10273.67,SYN.BTC-13SEP19,1568026741961,open,0.26,10.0,0.2555,0.2855,0.27015918,119.75,0.2995,0.0,BTC-13SEP19-7500-C,10252.91,0.0,0.2585,6.0,0.281,6.0,245.55,0.13941,-2.15375,0.79127,1e-05,0.9955
182.67,SYN.ETH-20SEP19,1568026741982,open,0.0,5.0,0.001,0.011,0.000841,93.19,0.003,0.0,ETH-20SEP19-130-P,181.7,0.0,0.0,0.0,0.002,204.0,107.04,0.01131,-0.04845,-0.00081,0.00122,-0.01408
10602.45,SYN.BTC-27MAR20,1568026742052,open,2.44,0.0,2.333,2.496,2.40966124,88.79,None,0.0,BTC-27MAR20-36000-P,10252.91,0.0,0.0005,10.0,0.0,0.0,0.0,9.68191,-2.15054,-194.31873,2e-05,-0.93723
182.67,SYN.ETH-20SEP19,1568026742065,open,0.22,0.0,0.211,0.259,0.235215,83.81,None,0.0,ETH-20SEP19-140-C,181.7,0.0,0.0,0.0,0.0,0.0,0.0,0.02026,-0.07806,0.0401,0.00243,0.972
10602.45,SYN.BTC-27MAR20,1568026742112,open,0.24,70.3,0.1975,0.292,0.24722769,76.92,0.2435,0.0,BTC-27MAR20-10000-C,10252.91,74.47,0.2405,15.0,0.2485,0.3,77.39,29.03772,-5.58773,23.42924,6e-05,0.65077
188.02,SYN.ETH-27MAR20,1568026742123,open,0.07,1179.0,0.034,0.093,0.063433,82.25,0.07,0.0,ETH-27MAR20-120-P,181.7,76.66,0.054,300.0,0.062,240.0,81.41,0.3225,-0.06636,-0.2184,0.00203,-0.14869
182.67,SYN.ETH-20SEP19,1568026742137,open,0.0,5.0,0.001,0.011,0.001678,84.19,0.007,0.0,ETH-20SEP19-140-P,181.7,0.0,0.0,0.0,0.004,700.0,99.9,0.02056,-0.0796,-0.00164,0.00246,-0.02851
10602.45,SYN.BTC-27MAR20,1568026742143,open,0.63,0.0,0.6175,0.6435,0.62983702,79.52,None,0.0,BTC-27MAR20-4000-C,10252.91,55.88,0.6235,0.1,0.0,0.0,0.0,4.66812,-0.92855,20.00873,1e-05,0.97446
10348.7,BTC-27SEP19,1568026742162,open,0.01,234.9,0.0015,0.027,0.01122501,74.29,0.014,0.0,BTC-27SEP19-12500-C,10252.91,72.82,0.0105,30.0,0.012,0.1,75.82,5.17339,-10.75057,0.66832,0.00013,0.14309
10602.45,SYN.BTC-27MAR20,1568026742184,open,0.47,51.6,0.39,0.516,0.45390537,78.43,0.4435,0.0,BTC-27MAR20-14000-P,10252.91,63.89,0.4125,3.0,0.4695,3.0,83.79,30.74791,-6.03285,-59.72882,6e-05,-0.57485
10311.18,SYN.BTC-20SEP19,1568026742188,open,0.17,0.0,0.1595,0.1995,0.17927817,75.6,None,0.0,BTC-20SEP19-8500-C,10252.91,0.0,0.0,0.0,0.0,0.0,0.0,2.15105,-7.47613,2.33378,9e-05,0.93888
10602.45,SYN.BTC-27MAR20,1568026742191,open,0.97,0.0,0.883,1.0195,0.94943195,82.6,None,0.0,BTC-27MAR20-20000-P,10252.91,0.0,0.0015,1.0,0.0,0.0,0.0,23.93264,-4.94524,-99.71987,5e-05,-0.76811
188.02,SYN.ETH-27MAR20,1568026742203,open,0.29,222.0,0.251,0.346,0.303209,82.22,0.313,0.0,ETH-27MAR20-160-C,181.7,69.79,0.272,20.0,0.32,15.0,88.92,0.47199,-0.09708,0.42445,0.00297,0.71546
182.67,SYN.ETH-20SEP19,1568026742203,open,0.16,0.0,0.155,0.209,0.182613,77.53,None,0.0,ETH-20SEP19-150-C,181.7,0.0,0.0,0.0,0.0,0.0,0.0,0.03847,-0.13712,0.04112,0.00499,0.93813
10311.18,SYN.BTC-20SEP19,1568026742220,open,0.28,0.0,0.2365,0.2925,0.26305081,75.99,None,0.0,BTC-20SEP19-13000-P,10252.91,0.0,0.0,0.0,0.0,0.0,0.0,1.67144,-5.83954,-3.74388,7e-05,-0.95552
183.29,ETH-27SEP19,1568026742242,open,0.0,1988.0,0.001,0.012,0.00225,95.98,0.003,0.0,ETH-27SEP19-280-C,181.7,85.3,0.001,1200.0,0.003,400.0,100.59,0.02719,-0.07301,0.00244,0.00172,0.02947
10391.42,SYN.BTC-25OCT19,1568026742288,open,0.3,0.0,0.246,0.3255,0.28549988,76.34,None,0.0,BTC-25OCT19-13000-P,10252.91,0.0,0.251,10.0,1.2705,3.2,500.0,11.56607,-9.62353,-13.59737,0.00011,-0.75559
10273.68,SYN.BTC-13SEP19,1568026742303,open,0.13,23.0,0.098,0.148,0.12172951,73.2,0.1355,0.0,BTC-13SEP19-11500-P,10252.91,0.0,0.119,0.6,0.1225,0.6,78.24,1.46049,-13.79129,-1.14458,0.00018,-0.92748
182.67,SYN.ETH-20SEP19,1568026742336,open,0.12,0.0,0.103,0.163,0.134516,77.03,None,0.0,ETH-20SEP19-160-C,181.7,0.0,0.0,0.0,0.0,0.0,0.0,0.07151,-0.25324,0.03927,0.00934,0.85608
10391.42,SYN.BTC-25OCT19,1568026742379,open,0.17,0.0,0.148,0.2085,0.17850683,74.03,None,0.0,BTC-25OCT19-9000-C,10252.91,42.96,0.147,7.0,0.189,7.0,83.22,11.67132,-9.41657,7.48271,0.00012,0.75143
10273.68,SYN.BTC-13SEP19,1568026742391,open,0.0,58.2,0.0005,0.0105,0.00018145,119.83,0.0005,0.0,BTC-13SEP19-7500-P,10252.91,0.0,0.0,0.0,0.0005,8.4,135.54,0.14001,-1.8642,-0.00513,1e-05,-0.00452
182.67,SYN.ETH-20SEP19,1568026742439,open,0.01,17.0,0.001,0.026,0.010473,77.16,0.015,0.0,ETH-20SEP19-160-P,181.7,67.67,0.007,285.0,0.013,200.0,83.37,0.07162,-0.25404,-0.00842,0.00934,-0.14425
10311.19,SYN.BTC-20SEP19,1568026742479,open,0.14,1.0,0.0995,0.158,0.1282425,70.45,0.125,0.0,BTC-20SEP19-11500-P,10252.91,65.7,0.126,0.6,0.131,0.6,75.97,5.0047,-16.2103,-2.84743,0.00022,-0.79855
182.67,SYN.ETH-20SEP19,1568026742526,open,0.08,2.0,0.059,0.122,0.092676,76.24,0.05,0.0,ETH-20SEP19-170-C,181.7,64.23,0.086,240.0,0.094,200.0,78.55,0.10432,-0.36566,0.03467,0.01376,0.72969
188.02,SYN.ETH-27MAR20,1568026742534,open,0.15,280.0,0.105,0.206,0.15858,83.55,0.153,0.0,ETH-27MAR20-240-C,181.7,81.31,0.152,264.0,0.164,240.0,85.39,0.55303,-0.11559,0.31638,0.00342,0.46587
10273.68,SYN.BTC-13SEP19,1568026742557,open,0.01,423.3,0.0005,0.0185,0.00529615,71.8,0.006,0.0,BTC-13SEP19-9500-P,10252.91,70.47,0.005,0.5,0.006,32.1,74.85,2.31838,-21.47396,-0.15491,0.00029,-0.13671
182.67,SYN.ETH-20SEP19,1568026742596,open,0.03,11.0,0.006,0.047,0.02338,76.33,0.031,0.0,ETH-20SEP19-170-P,181.7,70.34,0.02,200.0,0.027,383.0,82.6,0.10435,-0.36621,-0.016,0.01375,-0.2705
10311.19,SYN.BTC-20SEP19,1568026742600,open,0.0,1.8,0.0005,0.0115,0.00158941,80.55,0.002,0.0,BTC-20SEP19-13500-C,10252.91,74.92,0.001,30.0,0.002,38.0,83.73,1.23933,-4.58942,0.08989,5e-05,0.03085
10391.42,SYN.BTC-25OCT19,1568026742603,open,0.02,166.5,0.007,0.0425,0.02218966,77.26,0.02,0.0,BTC-25OCT19-14000-C,10252.91,75.35,0.0205,16.3,0.0235,20.0,78.7,9.34775,-7.87115,1.93989,9e-05,0.17072
188.02,SYN.ETH-27MAR20,1568026742625,open,0.46,130.0,0.362,0.503,0.435199,83.6,0.417,0.0,ETH-27MAR20-240-P,181.7,81.15,0.428,240.0,0.448,240.0,87.95,0.55305,-0.11566,-0.99785,0.00342,-0.53398
10391.42,SYN.BTC-25OCT19,1568026742637,open,0.57,0.0,0.5125,0.59,0.54936352,79.8,None,0.0,BTC-25OCT19-16000-P,10252.91,0.0,0.0,0.0,0.0,0.0,0.0,5.63904,-4.90451,-19.14962,5e-05,-0.91684
10273.68,SYN.BTC-13SEP19,1568026742655,open,0.0,523.1,0.0005,0.011,0.00109547,80.91,0.0005,0.0,BTC-13SEP19-12000-C,10252.91,71.43,0.0005,41.1,0.0015,8.2,85.6,0.80429,-8.39539,0.03621,9e-05,0.03429
10348.72,BTC-27SEP19,1568026742666,open,0.23,0.0,0.1885,0.252,0.21911112,74.31,None,0.0,BTC-27SEP19-12500-P,10252.91,0.0,0.197,5.0,0.2505,5.0,122.54,5.17475,-10.75544,-5.45325,0.00013,-0.85685
10602.41,SYN.BTC-27MAR20,1568026742677,open,0.05,64.4,0.02,0.0855,0.04910643,82.93,0.056,0.0,BTC-27MAR20-22000-C,10252.91,81.36,0.046,26.9,0.051,6.0,83.87,21.20338,-4.3989,8.10666,4e-05,0.18873
10602.41,SYN.BTC-27MAR20,1568026742677,open,0.01,77.9,0.0005,0.017,0.00710032,79.5,0.008,0.0,BTC-27MAR20-4000-P,10252.91,76.88,0.006,34.0,0.008,6.0,81.48,4.66529,-0.92778,-1.89392,1e-05,-0.02552
10311.19,SYN.BTC-20SEP19,1568026742705,open,0.0,16.5,0.0005,0.0135,0.00362966,75.61,0.004,0.0,BTC-20SEP19-8500-P,10252.91,72.45,0.003,30.0,0.0045,14.0,79.56,2.15203,-7.48116,-0.19903,9e-05,-0.06115
10602.41,SYN.BTC-27MAR20,1568026742705,open,0.1,172.6,0.057,0.146,0.10085748,79.5,0.111,0.0,BTC-27MAR20-16000-C,10252.91,79.0,0.0995,10.0,0.103,5.8,80.29,28.83172,-5.73381,14.03616,6e-05,0.34261
182.04,SYN.ETH-13SEP19,1568026742769,open,0.32,0.0,0.321,0.36,0.340802,0.0,None,0.0,ETH-13SEP19-120-C,181.7,0.0,0.0,0.0,0.0,0.0,0.0,0.0,0.0,0.01274,0.0,1.0
184.12,SYN.ETH-25OCT19,1568026742841,open,0.45,6.0,0.441,0.477,0.459129,88.58,0.46,0.0,ETH-25OCT19-100-C,181.7,0.0,0.0,0.0,0.0,0.0,0.0,0.02866,-0.02767,0.12104,0.00076,0.98217
10273.68,SYN.BTC-13SEP19,1568026742849,open,0.21,7.4,0.2055,0.238,0.22152224,99.13,0.2485,0.0,BTC-13SEP19-8000-C,10252.91,0.0,0.209,5.0,0.234,5.0,215.41,0.18559,-2.37344,0.84246,2e-05,0.99379
182.04,SYN.ETH-13SEP19,1568026742891,open,0.0,0.0,0.001,0.011,1.7e-05,125.02,None,0.0,ETH-13SEP19-120-P,181.7,0.0,0.0,0.0,0.001,250.0,191.54,0.00032,-0.00309,-1e-05,7e-05,-0.00048
10311.19,SYN.BTC-20SEP19,1568026742898,open,0.01,50.0,0.0005,0.02,0.00705129,71.57,0.007,0.0,BTC-20SEP19-12000-C,10252.91,69.96,0.0065,30.0,0.007,0.1,71.42,3.59803,-11.83834,0.35256,0.00016,0.1218
10391.42,SYN.BTC-25OCT19,1568026742910,open,0.38,0.0,0.3315,0.4095,0.3694536,77.26,None,0.0,BTC-25OCT19-14000-P,10252.91,0.0,0.0,0.0,0.0,0.0,0.0,9.34759,-7.8709,-15.65631,9e-05,-0.82929
184.12,SYN.ETH-25OCT19,1568026742914,open,0.0,1700.0,0.001,0.012,0.002298,88.83,0.005,0.0,ETH-25OCT19-100-P,181.7,78.35,0.001,100.0,0.004,660.0,97.89,0.02896,-0.02804,-0.00471,0.00077,-0.01805
182.67,SYN.ETH-20SEP19,1568026742921,open,0.03,8.0,0.012,0.061,0.035612,75.93,0.02,0.0,ETH-20SEP19-190-C,181.7,69.02,0.031,205.0,0.041,325.0,83.94,0.12237,-0.4272,0.02023,0.01621,0.40721
188.02,SYN.ETH-27MAR20,1568026742961,open,0.83,1.0,0.711,0.875,0.793408,86.21,0.827,0.0,ETH-27MAR20-320-P,181.7,0.0,0.0,0.0,0.818,3.0,95.45,0.48621,-0.10485,-1.5341,0.00291,-0.6966
182.04,SYN.ETH-13SEP19,1568026742976,open,0.27,0.0,0.264,0.307,0.286003,121.19,None,0.0,ETH-13SEP19-130-C,181.7,0.0,0.0,0.0,0.0,0.0,0.0,0.00167,-0.02603,0.01375,0.00039,0.9971
184.12,SYN.ETH-25OCT19,1568026742987,open,0.34,6.0,0.331,0.379,0.355739,82.6,0.36,0.0,ETH-25OCT19-120-C,181.7,0.0,0.0,0.0,0.0,0.0,0.0,0.07145,-0.06432,0.13662,0.00203,0.94611
182.67,SYN.ETH-20SEP19,1568026742989,open,0.1,0.0,0.041,0.11,0.075811,76.02,None,0.0,ETH-20SEP19-190-P,181.7,62.75,0.067,120.0,0.081,120.0,83.73,0.12239,-0.42772,-0.03638,0.01619,-0.59263
10311.19,SYN.BTC-20SEP19,1568026743025,open,0.04,20.4,0.017,0.0635,0.03939512,69.11,0.036,0.0,BTC-20SEP19-10500-C,10252.91,66.34,0.0375,18.6,0.039,0.2,68.53,7.0704,-22.46365,1.30197,0.00032,0.46316
10311.19,SYN.BTC-20SEP19,1568026743025,open,0.33,0.0,0.284,0.341,0.31085135,80.59,None,0.0,BTC-20SEP19-13500-P,10252.91,0.0,0.0,0.0,0.0,0.0,0.0,1.24155,-4.59984,-3.93244,5e-05,-0.96909
10391.42,SYN.BTC-25OCT19,1568026743025,open,0.12,40.9,0.0895,0.155,0.12193158,73.72,0.1145,0.0,BTC-25OCT19-10000-C,10252.91,71.56,0.119,22.4,0.125,8.0,75.97,14.14157,-11.36171,6.36582,0.00014,0.60934
182.04,SYN.ETH-13SEP19,1568026743050,open,0.0,600.0,0.001,0.011,0.000152,125.02,0.002,0.0,ETH-13SEP19-130-P,181.7,0.0,0.0,0.0,0.001,253.0,158.76,0.00207,-0.02772,-7e-05,0.00047,-0.0037
10273.68,SYN.BTC-13SEP19,1568026743055,open,0.18,2.1,0.1455,0.1955,0.16913037,80.93,0.147,0.0,BTC-13SEP19-12000-P,10252.91,0.0,0.151,3.0,0.1895,3.0,176.69,0.80493,-8.40407,-1.23796,9e-05,-0.96568
184.12,SYN.ETH-25OCT19,1568026743058,open,0.01,2304.0,0.001,0.017,0.007542,82.72,0.009,0.0,ETH-25OCT19-120-P,181.7,72.14,0.004,660.0,0.009,240.0,86.3,0.07167,-0.06461,-0.01426,0.00203,-0.0541
182.67,SYN.ETH-20SEP19,1568026743061,open,0.02,26.0,0.004,0.042,0.020242,76.62,0.022,0.0,ETH-20SEP19-200-C,181.7,68.96,0.016,257.0,0.022,200.0,79.69,0.10384,-0.36579,0.01348,0.01363,0.26787
10348.72,BTC-27SEP19,1568026743138,open,0.03,68.9,0.0115,0.053,0.02815915,71.61,0.033,0.0,BTC-27SEP19-9500-P,10252.91,69.33,0.0265,38.0,0.03,25.9,74.13,7.54276,-15.10884,-1.50049,0.0002,-0.2679
185.98,ETH-27DEC19,1568026743142,open,0.46,0.0,0.452,0.496,0.474467,81.91,None,0.0,ETH-27DEC19-100-C,181.7,0.0,0.0,0.0,0.0,0.0,0.0,0.11075,-0.04166,0.2618,0.00131,0.94638
182.04,SYN.ETH-13SEP19,1568026743142,open,0.21,0.0,0.208,0.254,0.231323,110.76,None,0.0,ETH-13SEP19-140-C,181.7,0.0,0.0,0.0,0.0,0.0,0.0,0.00464,-0.06633,0.01468,0.00119,0.99081
188.02,SYN.ETH-27MAR20,1568026743142,open,1.03,0.0,0.899,1.071,0.98485,86.8,None,0.0,ETH-27MAR20-360-P,181.7,0.0,0.0,0.0,1.016,3.0,99.44,0.43743,-0.09498,-1.79129,0.0026,-0.75496
182.67,SYN.ETH-20SEP19,1568026743143,open,0.0,0.0,0.001,0.012,0.0023,86.7,None,0.0,ETH-20SEP19-240-C,181.7,75.73,0.001,1000.0,0.003,3.0,91.03,0.02725,-0.10861,0.00206,0.00316,0.04014
10602.41,SYN.BTC-27MAR20,1568026743141,open,0.18,81.9,0.1305,0.23,0.18233365,78.26,0.1775,0.0,BTC-27MAR20-12000-C,10252.91,76.45,0.177,10.0,0.1835,7.0,78.66,31.21058,-6.11032,20.19668,6e-05,0.5302
10602.41,SYN.BTC-27MAR20,1568026743142,open,0.02,23.2,0.005,0.0435,0.01934506,87.37,0.019,0.0,BTC-27MAR20-32000-C,10252.91,85.7,0.0175,10.0,0.021,24.0,88.8,11.9914,-2.62092,3.6952,2e-05,0.08299
184.12,SYN.ETH-25OCT19,1568026743142,open,0.25,3.0,0.23,0.29,0.261238,79.71,0.271,0.0,ETH-25OCT19-140-C,181.7,0.0,0.0,0.0,0.0,0.0,0.0,0.14054,-0.12209,0.1401,0.00414,0.86664
182.67,SYN.ETH-20SEP19,1568026743149,open,0.33,0.0,0.323,0.364,0.343694,107.9,None,0.0,ETH-20SEP19-120-C,181.7,0.0,0.0,0.0,0.0,0.0,0.0,0.00797,-0.03954,0.03521,0.00074,0.99059
10311.19,SYN.BTC-20SEP19,1568026743169,open,0.13,0.0,0.1125,0.1575,0.13498313,71.36,None,0.0,BTC-20SEP19-9000-C,10252.91,0.0,0.0,0.0,0.0,0.0,0.0,3.59906,-11.80674,2.28327,0.00016,0.87815
182.04,SYN.ETH-13SEP19,1568026743171,open,0.0,203.0,0.001,0.011,0.000613,103.86,0.001,0.0,ETH-13SEP19-230-C,181.7,0.0,0.0,0.0,0.001,450.0,111.56,0.00772,-0.10346,0.00031,0.00211,0.01653
10602.41,SYN.BTC-27MAR20,1568026743180,open,0.46,0.5,0.442,0.4955,0.46886528,76.93,0.47,0.0,BTC-27MAR20-6000-C,10252.91,68.01,0.458,8.0,0.489,7.0,91.42,13.71397,-2.63925,25.06327,3e-05,0.90055
185.98,ETH-27DEC19,1568026743193,open,0.01,2900.0,0.003,0.024,0.012159,81.91,0.016,0.0,ETH-27DEC19-100-P,181.7,76.22,0.009,40.0,0.015,340.0,86.45,0.11075,-0.04166,-0.03649,0.00131,-0.05362
184.12,SYN.ETH-25OCT19,1568026743193,open,0.03,19.0,0.008,0.04,0.021621,79.71,0.021,0.0,ETH-25OCT19-140-P,181.7,76.2,0.019,400.0,0.025,522.0,84.03,0.14054,-0.12209,-0.03586,0.00414,-0.13336
182.67,SYN.ETH-20SEP19,1568026743208,open,0.35,0.0,0.276,0.359,0.316166,86.71,None,0.0,ETH-20SEP19-240-P,181.7,0.0,0.0,0.0,0.0,0.0,0.0,0.02726,-0.10868,-0.06945,0.00316,-0.95984
185.98,ETH-27DEC19,1568026743212,open,0.0,3956.0,0.001,0.012,0.002185,102.97,0.002,0.0,ETH-27DEC19-760-C,181.7,94.67,0.001,100.0,0.003,500.0,106.91,0.03434,-0.01624,0.00608,0.00032,0.01315
182.67,SYN.ETH-20SEP19,1568026743212,open,0.01,14.0,0.001,0.027,0.010724,76.85,0.018,0.0,ETH-20SEP19-210-C,181.7,70.08,0.008,292.0,0.012,150.0,79.8,0.07745,-0.27364,0.00825,0.01014,0.16235
183.29,ETH-27SEP19,1568026743214,open,0.01,2506.0,0.003,0.033,0.015059,79.78,0.01,0.0,ETH-27SEP19-220-C,181.7,76.03,0.013,160.0,0.017,400.0,83.14,0.10347,-0.23087,0.0141,0.00788,0.17213
185.98,ETH-27DEC19,1568026743214,open,0.08,2933.0,0.048,0.123,0.086017,80.55,0.085,0.0,ETH-27DEC19-240-C,181.7,78.09,0.081,509.0,0.09,240.0,82.5,0.37985,-0.14052,0.15175,0.00457,0.35957
183.29,ETH-27SEP19,1568026743217,open,0.0,2439.0,0.001,0.013,0.003589,89.17,0.004,0.0,ETH-27SEP19-260-C,181.7,80.6,0.002,200.0,0.005,500.0,95.04,0.03993,-0.09959,0.00391,0.00272,0.04717
10602.41,SYN.BTC-27MAR20,1568026743217,open,0.62,0.1,0.5445,0.675,0.60992522,79.49,0.62,0.0,BTC-27MAR20-16000-P,10252.91,63.22,0.568,3.0,0.6675,3.0,99.87,28.83048,-5.73295,-73.5815,6e-05,-0.65743
183.29,ETH-27SEP19,1568026743219,open,0.0,6011.0,0.001,0.011,1e-06,125.0,0.002,0.0,ETH-27SEP19-600-C,181.7,0.0,0.0,0.0,0.001,499.0,202.45,3e-05,-0.0001,0.0,0.0,2e-05
183.29,ETH-27SEP19,1568026743219,open,0.0,839.0,0.001,0.011,1e-06,125.0,0.001,0.0,ETH-27SEP19-60-P,181.7,0.0,0.0,0.0,0.001,200.0,219.6,3e-05,-9e-05,0.0,0.0,-1e-05
183.29,ETH-27SEP19,1568026743219,open,0.68,853.0,0.59,0.692,0.638615,105.48,0.641,0.0,ETH-27SEP19-300-P,181.7,0.0,0.049,15.0,1.82,5.0,500.0,0.02216,-0.06537,-0.14502,0.00128,-0.97693
10273.68,SYN.BTC-13SEP19,1568026743221,open,0.0,252.2,0.0005,0.0105,0.00021217,99.18,0.0005,0.0,BTC-13SEP19-8000-P,10252.91,0.0,0.0,0.0,0.0005,33.8,110.66,0.1862,-2.1798,-0.00703,2e-05,-0.00623
183.29,ETH-27SEP19,1568026743223,open,0.0,10994.0,0.001,0.011,0.000874,88.75,0.002,0.0,ETH-27SEP19-120-P,181.7,0.0,0.0,0.0,0.002,400.0,100.87,0.01273,-0.03161,-0.00116,0.00087,-0.01207
185.98,ETH-27DEC19,1568026743223,open,0.0,6521.0,0.001,0.014,0.004349,101.09,0.004,0.0,ETH-27DEC19-640-C,181.7,96.3,0.003,2800.0,0.005,300.0,103.05,0.05909,-0.02743,0.01138,0.00057,0.02486
183.29,ETH-27SEP19,1568026743228,open,0.03,2345.0,0.012,0.059,0.034415,76.91,0.024,0.0,ETH-27SEP19-200-C,181.7,72.64,0.031,390.0,0.036,240.0,78.87,0.14769,-0.31771,0.02694,0.01167,0.3345
183.29,ETH-27SEP19,1568026743242,open,0.35,2550.0,0.274,0.361,0.316379,84.06,0.34,0.0,ETH-27SEP19-240-P,181.7,0.0,0.053,5.0,0.88,5.0,500.0,0.06453,-0.15173,-0.11031,0.00467,-0.91245
185.98,ETH-27DEC19,1568026743247,open,0.01,1857.0,0.001,0.022,0.008968,91.93,0.009,0.0,ETH-27DEC19-480-C,181.7,88.22,0.007,516.0,0.01,200.0,93.68,0.10606,-0.04478,0.0232,0.00112,0.05078
183.29,ETH-27SEP19,1568026743249,open,0.24,1574.0,0.173,0.258,0.215343,79.78,0.227,0.0,ETH-27SEP19-220-P,181.7,0.0,0.2,240.0,0.231,240.0,104.23,0.10347,-0.23087,-0.09364,0.00788,-0.82787
183.29,ETH-27SEP19,1568026743251,open,0.0,3828.0,0.001,0.011,3e-06,125.0,0.001,0.0,ETH-27SEP19-560-C,181.7,0.0,0.0,0.0,0.001,299.0,192.55,8e-05,-0.00028,0.0,0.0,5e-05
183.29,ETH-27SEP19,1568026743251,open,0.0,3216.0,0.001,0.011,0.001037,107.86,0.002,0.0,ETH-27SEP19-320-C,181.7,0.0,0.0,0.0,0.001,72.0,107.37,0.01392,-0.04198,0.00111,0.00078,0.01337
183.29,ETH-27SEP19,1568026743251,open,0.79,607.0,0.696,0.803,0.746904,107.86,0.761,0.0,ETH-27SEP19-320-P,181.7,0.0,0.725,1.0,1.39,1.0,500.0,0.01392,-0.04198,-0.15561,0.00078,-0.98663
10602.37,SYN.BTC-27MAR20,1568026743251,open,1.14,0.0,1.058,1.1955,1.12408918,82.92,None,0.0,BTC-27MAR20-22000-P,10252.91,0.0,0.0005,10.0,0.0,0.0,0.0,21.19906,-4.39735,-112.36849,4e-05,-0.81133
183.29,ETH-27SEP19,1568026743255,open,0.0,2907.0,0.001,0.011,8.9e-05,125.0,0.001,0.0,ETH-27SEP19-440-C,181.7,0.0,0.0,0.0,0.001,394.0,157.0,0.00166,-0.00579,0.0001,8e-05,0.00123
185.98,ETH-27DEC19,1568026743257,open,0.02,956.0,0.007,0.047,0.024025,86.76,0.024,0.0,ETH-27DEC19-360-C,181.7,83.96,0.021,420.0,0.026,720.0,88.5,0.20753,-0.08269,0.05527,0.00232,0.12366
185.98,ETH-27DEC19,1568026743259,open,1.44,0.0,1.301,1.462,1.378108,90.52,None,0.0,ETH-27DEC19-440-P,181.7,0.0,0.001,8.0,0.0,0.0,0.0,0.13261,-0.05513,-1.28183,0.00142,-0.9325
10391.42,SYN.BTC-25OCT19,1568026743259,open,0.01,257.3,0.0035,0.031,0.01432175,78.22,0.012,0.0,BTC-25OCT19-15000-C,10252.91,75.54,0.0125,54.6,0.0155,13.0,79.87,7.282,-6.20774,1.35394,7e-05,0.11799
184.12,SYN.ETH-25OCT19,1568026743259,open,0.17,242.0,0.145,0.216,0.182436,79.14,0.154,0.0,ETH-25OCT19-160-C,181.7,68.14,0.17,240.0,0.196,240.0,90.75,0.21209,-0.18294,0.12883,0.00629,0.73914
10602.37,SYN.BTC-27MAR20,1568026743259,open,1.69,0.0,1.599,1.7455,1.66821253,85.83,None,0.0,BTC-27MAR20-28000-P,10252.91,0.0,0.0005,10.0,0.0,0.0,0.0,15.02878,-3.22696,-148.35994,3e-05,-0.88711
183.29,ETH-27SEP19,1568026743263,open,0.0,3439.0,0.001,0.011,0.0,125.0,0.001,0.0,ETH-27SEP19-680-C,181.7,0.0,0.0,0.0,0.001,205.0,220.17,0.0,-1e-05,0.0,0.0,0.0
183.29,ETH-27SEP19,1568026743263,open,0.55,0.0,0.551,0.576,0.563603,125.0,None,0.0,ETH-27SEP19-80-C,181.7,0.0,0.004,5.0,0.0,0.0,0.0,0.00119,-0.00415,0.0391,6e-05,0.99914
183.29,ETH-27SEP19,1568026743263,open,1.01,233.0,0.907,1.027,0.964845,121.86,0.634,0.0,ETH-27SEP19-360-P,181.7,0.0,0.5,44.0,0.0,0.0,0.0,0.0098,-0.0334,-0.17557,0.00049,-0.99106
185.98,ETH-27DEC19,1568026743263,open,0.29,2.0,0.265,0.338,0.304454,79.39,0.275,0.0,ETH-27DEC19-140-C,181.7,0.0,0.0,0.0,0.0,0.0,0.0,0.27712,-0.10104,0.27953,0.00338,0.80833
183.29,ETH-27SEP19,1568026743263,open,1.12,259.0,1.013,1.138,1.073732,124.97,0.94,0.0,ETH-27SEP19-380-P,181.7,0.0,0.009,8.0,0.0,0.0,0.0,0.00714,-0.02497,-0.18559,0.00035,-0.99376
183.29,ETH-27SEP19,1568026743263,open,0.0,7916.0,0.001,0.011,0.0,125.0,0.001,0.0,ETH-27SEP19-760-C,181.7,0.0,0.0,0.0,0.001,201.0,235.65,0.0,0.0,0.0,0.0,0.0
185.98,ETH-27DEC19,1568026743268,open,0.37,2.0,0.352,0.412,0.383593,80.17,0.346,0.0,ETH-27DEC19-120-C,181.7,0.0,0.101,1.0,0.0,0.0,0.0,0.19262,-0.07092,0.28021,0.00233,0.88869
182.67,SYN.ETH-20SEP19,1568026743268,open,0.0,0.0,0.001,0.011,0.000626,107.9,None,0.0,ETH-20SEP19-120-P,181.7,0.0,0.0,0.0,0.001,200.0,115.17,0.00797,-0.03953,-0.00055,0.00074,-0.00941
10348.68,BTC-27SEP19,1568026743275,open,0.05,769.5,0.022,0.072,0.0463789,71.25,0.05,0.0,BTC-27SEP19-10000-P,10252.91,69.02,0.0445,38.0,0.0485,7.4,73.75,8.74434,-17.42605,-2.17891,0.00023,-0.38353
183.29,ETH-27SEP19,1568026743278,open,0.0,5974.0,0.001,0.011,0.000845,121.86,0.001,0.0,ETH-27SEP19-100-P,181.7,0.0,0.0,0.0,0.001,200.0,124.68,0.00949,-0.03236,-0.00085,0.00047,-0.00862
185.98,ETH-27DEC19,1568026743278,open,0.03,7508.0,0.012,0.049,0.028824,80.17,0.027,0.0,ETH-27DEC19-120-P,181.7,77.4,0.026,500.0,0.032,588.0,83.18,0.19262,-0.07092,-0.07774,0.00233,-0.11131
185.98,ETH-27DEC19,1568026743278,open,0.4,694.0,0.315,0.436,0.376478,80.55,0.44,0.0,ETH-27DEC19-240-P,181.7,68.25,0.352,240.0,0.403,240.0,93.3,0.37985,-0.14052,-0.56414,0.00457,-0.64043
182.67,SYN.ETH-20SEP19,1568026743278,open,0.19,0.0,0.122,0.2,0.160355,76.85,None,0.0,ETH-20SEP19-210-P,181.7,0.0,0.0,0.0,0.265,1.0,245.96,0.07745,-0.27364,-0.05432,0.01014,-0.83765
182.04,SYN.ETH-13SEP19,1568026743281,open,0.0,204.0,0.001,0.011,0.000365,110.76,0.002,0.0,ETH-13SEP19-140-P,181.7,0.0,0.0,0.0,0.001,250.0,127.91,0.00464,-0.06633,-0.00018,0.00119,-0.00919
185.98,ETH-27DEC19,1568026743283,open,2.53,0.0,2.342,2.558,2.445579,101.09,None,0.0,ETH-27DEC19-640-P,181.7,0.0,0.0,0.0,0.0,0.0,0.0,0.05909,-0.02743,-1.89767,0.00057,-0.97514
183.29,ETH-27SEP19,1568026743283,open,0.44,20.0,0.438,0.472,0.455262,121.86,0.441,0.0,ETH-27SEP19-100-C,181.7,0.0,0.445,21.0,0.464,1.0,187.07,0.00949,-0.03236,0.04812,0.00047,0.99138
185.98,ETH-27DEC19,1568026743285,open,0.03,1021.0,0.013,0.062,0.034891,84.39,0.037,0.0,ETH-27DEC19-320-C,181.7,81.53,0.031,252.0,0.037,220.0,85.89,0.25879,-0.10029,0.07596,0.00297,0.17182
185.98,ETH-27DEC19,1568026743285,open,0.01,820.0,0.003,0.028,0.012262,90.52,0.011,0.0,ETH-27DEC19-440-C,181.7,87.16,0.01,620.0,0.014,420.0,92.87,0.13261,-0.05513,0.03064,0.00142,0.0675
183.29,ETH-27SEP19,1568026743287,open,0.0,3419.0,0.001,0.011,0.0,125.0,0.001,0.0,ETH-27SEP19-640-C,181.7,0.0,0.0,0.0,0.001,437.0,211.63,1e-05,-4e-05,0.0,0.0,1e-05
185.98,ETH-27DEC19,1568026743289,open,0.0,8374.0,0.001,0.014,0.004531,97.45,0.003,0.0,ETH-27DEC19-600-C,181.7,92.24,0.003,1200.0,0.006,500.0,101.43,0.06237,-0.02791,0.0122,0.00062,0.02652
183.29,ETH-27SEP19,1568026743289,open,3.02,0.0,2.814,3.049,2.928201,125.0,None,0.0,ETH-27SEP19-720-P,181.7,0.0,0.0,0.0,0.0,0.0,0.0,0.0,-1e-05,-0.35262,0.0,-1.0
183.29,ETH-27SEP19,1568026743289,open,0.0,2060.0,0.001,0.011,7e-05,125.0,0.003,0.0,ETH-27SEP19-80-P,181.7,0.0,0.0,0.0,0.001,210.0,166.13,0.00119,-0.00415,-8e-05,6e-05,-0.00086
183.29,ETH-27SEP19,1568026743291,open,0.13,693.0,0.114,0.176,0.146832,77.97,0.138,0.0,ETH-27SEP19-160-C,181.7,51.18,0.133,240.0,0.156,240.0,92.47,0.11047,-0.24092,0.05943,0.00861,0.80889
185.98,ETH-27DEC19,1568026743291,open,0.02,2205.0,0.004,0.034,0.016173,87.87,0.017,0.0,ETH-27DEC19-400-C,181.7,85.27,0.014,520.0,0.017,624.0,88.81,0.16162,-0.06522,0.03961,0.00178,0.08757
10273.67,SYN.BTC-13SEP19,1568026743284,open,0.05,246.4,0.017,0.0665,0.04120087,69.45,0.041,0.0,BTC-13SEP19-10500-P,10252.91,63.88,0.039,6.3,0.0415,0.6,70.2,4.07369,-36.50137,-0.70594,0.00052,-0.60591
183.29,ETH-27SEP19,1568026743298,open,0.0,5725.0,0.001,0.011,0.000287,125.0,0.001,0.0,ETH-27SEP19-400-C,181.7,0.0,0.0,0.0,0.001,306.0,142.51,0.00443,-0.01548,0.0003,0.00022,0.00365
185.98,ETH-27DEC19,1568026743298,open,0.0,2872.0,0.001,0.013,0.003251,101.09,0.002,0.0,ETH-27DEC19-680-C,181.7,88.38,0.001,690.0,0.004,500.0,103.83,0.04735,-0.02198,0.00881,0.00045,0.01913
183.29,ETH-27SEP19,1568026743298,open,0.0,2951.0,0.001,0.011,0.000745,121.86,0.006,0.0,ETH-27SEP19-360-C,181.7,0.0,0.0,0.0,0.001,200.0,126.15,0.0098,-0.0334,0.00074,0.00049,0.00894
183.29,ETH-27SEP19,1568026743301,open,0.66,0.0,0.663,0.682,0.672651,125.0,0.01,0.0,ETH-27SEP19-60-C,181.7,0.0,0.003,10.0,0.0,0.0,0.0,3e-05,-9e-05,0.02938,0.0,0.99999
183.29,ETH-27SEP19,1568026743308,open,1.46,0.0,1.331,1.475,1.400657,125.0,None,0.0,ETH-27SEP19-440-P,181.7,0.0,0.0,0.0,0.0,0.0,0.0,0.00166,-0.00579,-0.21539,8e-05,-0.99877
183.29,ETH-27SEP19,1568026743315,open,0.0,2698.0,0.001,0.011,0.0,125.0,0.001,0.0,ETH-27SEP19-720-C,181.7,0.0,0.0,0.0,0.001,422.0,228.15,0.0,-1e-05,0.0,0.0,0.0
183.29,ETH-27SEP19,1568026743315,open,0.57,730.0,0.484,0.58,0.529884,95.98,0.533,0.0,ETH-27SEP19-280-P,181.7,0.0,0.002,20.0,0.9,5.0,500.0,0.02719,-0.073,-0.13469,0.00172,-0.97053
183.29,ETH-27SEP19,1568026743315,open,0.01,3875.0,0.001,0.019,0.006979,84.06,0.009,0.0,ETH-27SEP19-240-C,181.7,77.97,0.005,421.0,0.008,620.0,86.87,0.06453,-0.15173,0.00723,0.00467,0.08755
183.29,ETH-27SEP19,1568026743315,open,3.25,0.0,3.026,3.274,3.146435,125.0,None,0.0,ETH-27SEP19-760-P,181.7,0.0,0.0,0.0,0.0,0.0,0.0,0.0,0.0,-0.37221,0.0,-1.0
185.98,ETH-27DEC19,1568026743315,open,0.59,432.0,0.494,0.624,0.559015,82.28,0.66,0.0,ETH-27DEC19-280-P,181.7,59.37,0.525,240.0,0.596,240.0,102.2,0.32029,-0.12102,-0.72818,0.00377,-0.7536
183.29,ETH-27SEP19,1568026743315,open,0.0,2337.0,0.001,0.011,0.000925,116.0,0.001,0.0,ETH-27SEP19-340-C,181.7,0.0,0.0,0.0,0.001,200.0,117.1,0.01207,-0.03916,0.00094,0.00063,0.01135
183.29,ETH-27SEP19,1568026743315,open,0.0,1897.0,0.001,0.011,0.000515,124.97,0.001,0.0,ETH-27SEP19-380-C,181.7,0.0,0.0,0.0,0.001,272.0,134.59,0.00714,-0.02497,0.00051,0.00035,0.00624
183.29,ETH-27SEP19,1568026743317,open,1.68,0.0,1.543,1.699,1.618829,125.0,None,0.0,ETH-27SEP19-480-P,181.7,0.0,0.0,0.0,0.0,0.0,0.0,0.00061,-0.00213,-0.23504,3e-05,-0.99958
185.98,ETH-27DEC19,1568026743317,open,0.01,3093.0,0.001,0.018,0.006885,93.65,0.006,0.0,ETH-27DEC19-520-C,181.7,89.2,0.005,725.0,0.008,200.0,95.92,0.08695,-0.03739,0.01819,0.0009,0.03967
183.29,ETH-27SEP19,1568026743317,open,0.46,1241.0,0.378,0.469,0.422106,89.17,0.426,0.0,ETH-27SEP19-260-P,181.7,0.0,0.007,15.0,0.0,0.0,0.0,0.03993,-0.09959,-0.12342,0.00272,-0.95283
185.98,ETH-27DEC19,1568026743317,open,0.01,4283.0,0.001,0.016,0.005756,96.17,0.004,0.0,ETH-27DEC19-560-C,181.7,91.3,0.004,700.0,0.007,700.0,99.06,0.0751,-0.03317,0.01521,0.00076,0.03317
183.29,ETH-27SEP19,1568026743317,open,0.01,11166.0,0.001,0.014,0.004114,79.21,0.008,0.0,ETH-27SEP19-140-P,181.7,74.1,0.003,300.0,0.005,200.0,82.78,0.04324,-0.09582,-0.00505,0.00332,-0.05213
183.29,ETH-27SEP19,1568026743320,open,0.0,3826.0,0.001,0.011,0.001864,105.48,0.002,0.0,ETH-27SEP19-300-C,181.7,96.82,0.001,1000.0,0.002,200.0,106.57,0.02216,-0.06537,0.0019,0.00128,0.02307
185.98,ETH-27DEC19,1568026743320,open,0.23,172.0,0.193,0.276,0.237959,78.92,0.235,0.0,ETH-27DEC19-160-C,181.7,59.83,0.203,22.0,0.268,22.0,95.0,0.34552,-0.12522,0.26399,0.00424,0.71383
185.98,ETH-27DEC19,1568026743323,open,0.05,1058.0,0.024,0.085,0.053477,82.28,0.059,0.0,ETH-27DEC19-280-C,181.7,79.64,0.049,272.0,0.057,440.0,84.3,0.32029,-0.12102,0.10703,0.00377,0.2464
185.98,ETH-27DEC19,1568026743325,open,0.0,2613.0,0.001,0.012,0.002527,101.47,0.002,0.0,ETH-27DEC19-720-C,181.7,91.62,0.001,750.0,0.004,500.0,107.44,0.03887,-0.01811,0.00702,0.00037,0.01518
183.29,ETH-27SEP19,1568026743325,open,0.22,214.0,0.214,0.265,0.240297,79.21,0.227,0.0,ETH-27SEP19-140-C,181.7,0.0,0.223,17.0,0.258,17.0,126.64,0.04324,-0.09582,0.06352,0.00332,0.94787
183.29,ETH-27SEP19,1568026743325,open,2.8,0.0,2.602,2.824,2.709968,125.0,None,0.0,ETH-27SEP19-680-P,181.7,0.0,0.0,0.0,0.0,0.0,0.0,0.0,-1e-05,-0.33303,0.0,-1.0
188.02,SYN.ETH-27MAR20,1568026743328,open,1.23,0.0,1.095,1.274,1.183185,87.92,None,0.0,ETH-27MAR20-400-P,181.7,0.0,0.001,10.0,1.22,3.0,103.99,0.39166,-0.08614,-2.03997,0.0023,-0.79816
182.04,SYN.ETH-13SEP19,1568026743328,open,0.3,0.0,0.227,0.305,0.264039,103.86,None,0.0,ETH-13SEP19-230-P,181.7,0.0,0.0,0.0,0.0,0.0,0.0,0.00772,-0.10345,-0.02411,0.00211,-0.98347
184.12,SYN.ETH-25OCT19,1568026743331,open,0.06,113.0,0.026,0.081,0.051445,79.14,0.055,0.0,ETH-25OCT19-160-P,181.7,76.14,0.048,368.0,0.056,460.0,83.08,0.21209,-0.18294,-0.07227,0.00629,-0.26086
10273.68,SYN.BTC-13SEP19,1568026743333,open,0.04,218.1,0.0195,0.0665,0.04348007,69.49,0.039,0.0,BTC-13SEP19-10000-C,10252.91,65.56,0.042,0.2,0.0445,4.8,72.19,3.87839,-34.77047,0.67271,0.0005,0.66014
10311.16,SYN.BTC-20SEP19,1568026743352,open,0.02,22.0,0.0065,0.044,0.02335051,70.02,0.021,0.0,BTC-20SEP19-11000-C,10252.91,67.82,0.022,24.0,0.0245,7.4,71.89,6.34443,-20.42424,0.90387,0.00029,0.31754
10311.2,SYN.BTC-20SEP19,1568026743356,open,0.18,0.0,0.143,0.2005,0.17083836,71.58,None,0.0,BTC-20SEP19-12000-P,10252.91,0.0,0.0,0.0,0.0,0.0,0.0,3.59894,-11.84324,-3.22289,0.00016,-0.87815
10391.42,SYN.BTC-25OCT19,1568026743361,open,0.09,92.7,0.0535,0.1185,0.0842634,73.71,0.0865,0.0,BTC-25OCT19-10000-P,10252.91,72.05,0.082,6.4,0.086,8.0,74.99,14.14157,-11.36143,-6.20284,0.00014,-0.39066
10391.42,SYN.BTC-25OCT19,1568026743367,open,0.42,0.0,0.4115,0.4395,0.42510624,82.08,None,0.0,BTC-25OCT19-6000-C,10252.91,0.0,0.0005,10.0,0.0,0.0,0.0,1.86161,-1.66545,7.23376,2e-05,0.97897
10311.19,SYN.BTC-20SEP19,1568026743376,open,0.04,27.0,0.0125,0.0575,0.03344786,69.35,0.041,0.0,BTC-20SEP19-10000-P,10252.91,67.14,0.032,5.3,0.035,11.6,71.72,6.75521,-21.53807,-1.25817,0.00031,-0.37606
10391.42,SYN.BTC-25OCT19,1568026743386,open,0.15,18.5,0.103,0.1775,0.13966388,74.32,0.1455,0.0,BTC-25OCT19-11000-P,10252.91,72.08,0.1365,6.7,0.143,6.0,76.69,14.64497,-11.86333,-8.79284,0.00015,-0.53357
10311.16,SYN.BTC-20SEP19,1568026743392,open,0.01,31.5,0.0005,0.021,0.00782432,71.36,0.009,0.0,BTC-20SEP19-9000-P,10252.91,70.43,0.0075,30.0,0.0085,1.0,73.27,3.59967,-11.81019,-0.3985,0.00016,-0.12188
182.04,SYN.ETH-13SEP19,1568026743395,open,0.16,300.0,0.151,0.202,0.176735,93.19,0.108,0.0,ETH-13SEP19-150-C,181.7,0.0,0.0,0.0,0.0,0.0,0.0,0.00889,-0.10687,0.01554,0.00271,0.9805
10273.68,SYN.BTC-13SEP19,1568026743393,open,0.02,317.3,0.0025,0.0375,0.01684127,69.5,0.017,0.0,BTC-13SEP19-10000-P,10252.91,63.25,0.0145,30.8,0.0175,9.6,71.24,3.87842,-34.7723,-0.38913,0.0005,-0.33986
10311.16,SYN.BTC-20SEP19,1568026743399,open,0.0,108.8,0.0005,0.0145,0.00425082,74.82,0.0035,0.0,BTC-20SEP19-12500-C,10252.91,69.34,0.003,52.2,0.0045,0.1,75.8,2.56875,-8.83541,0.2233,0.00011,0.07693
10391.42,SYN.BTC-25OCT19,1568026743399,open,0.01,737.4,0.0005,0.0175,0.00641342,80.94,0.0065,0.0,BTC-25OCT19-17000-C,10252.91,77.25,0.005,50.0,0.007,16.0,82.33,4.27205,-3.76854,0.67347,4e-05,0.05798
10391.42,SYN.BTC-25OCT19,1568026743405,open,0.02,14.4,0.007,0.0375,0.01987907,74.92,0.0205,0.0,BTC-25OCT19-8000-P,10252.91,73.75,0.019,7.0,0.0215,49.5,77.03,7.87156,-6.42751,-1.98223,8e-05,-0.13189
10273.67,SYN.BTC-13SEP19,1568026743407,open,0.01,698.9,0.0005,0.0215,0.0069622,70.34,0.006,0.0,BTC-13SEP19-11000-C,10252.91,66.73,0.006,36.0,0.0075,13.1,72.29,2.80128,-25.42137,0.19141,0.00036,0.18242
183.29,ETH-27SEP19,1568026743409,open,0.0,1988.0,0.001,0.012,0.00225,95.98,0.003,0.0,ETH-27SEP19-280-C,181.7,85.3,0.001,1420.0,0.003,400.0,100.59,0.02719,-0.073,0.00244,0.00172,0.02947
184.12,SYN.ETH-25OCT19,1568026743410,open,0.11,474.0,0.084,0.157,0.121634,78.98,0.102,0.0,ETH-25OCT19-180-C,181.7,76.35,0.118,240.0,0.125,165.0,81.42,0.25414,-0.21876,0.10778,0.00755,0.58737
188.02,SYN.ETH-27MAR20,1568026743410,open,0.04,20.0,0.017,0.077,0.044613,88.77,0.043,0.0,ETH-27MAR20-440-C,181.7,86.78,0.041,220.0,0.048,220.0,90.57,0.34814,-0.07731,0.12606,0.00203,0.16705
10273.68,SYN.BTC-13SEP19,1568026743414,open,0.04,218.1,0.0195,0.0665,0.04348007,69.49,0.039,0.0,BTC-13SEP19-10000-C,10252.91,65.56,0.042,0.2,0.0445,5.4,72.19,3.87839,-34.77047,0.67271,0.0005,0.66014
10311.2,SYN.BTC-20SEP19,1568026743416,open,0.27,0.0,0.258,0.29,0.27360959,89.87,None,0.0,BTC-20SEP19-7500-C,10252.91,0.0,0.0,0.0,0.0,0.0,0.0,0.73544,-3.03865,2.18072,3e-05,0.9834
182.67,SYN.ETH-20SEP19,1568026743416,open,0.0,10.0,0.001,0.018,0.005946,79.05,0.003,0.0,ETH-20SEP19-220-C,181.7,67.52,0.003,500.0,0.009,505.0,88.34,0.05441,-0.19775,0.005,0.00692,0.09773
10311.16,SYN.BTC-20SEP19,1568026743418,open,0.07,8.9,0.031,0.0855,0.05770914,69.11,0.058,0.0,BTC-20SEP19-10500-P,10252.91,66.62,0.056,6.4,0.06,15.4,72.45,7.07039,-22.46559,-1.82667,0.00032,-0.53684
10391.42,SYN.BTC-25OCT19,1568026743425,open,0.08,54.8,0.05,0.1125,0.08109826,74.33,0.088,0.0,BTC-25OCT19-11000-C,10252.91,72.48,0.0785,10.0,0.0835,9.0,76.03,14.64499,-11.86393,5.03273,0.00015,0.46644
10391.42,SYN.BTC-25OCT19,1568026743440,open,0.03,68.8,0.014,0.059,0.03446876,76.34,0.038,0.0,BTC-25OCT19-13000-C,10252.91,74.1,0.032,47.9,0.036,12.0,77.71,11.56619,-9.62379,2.74197,0.00011,0.24441
10391.42,SYN.BTC-25OCT19,1568026743443,open,0.05,39.5,0.0225,0.0715,0.04460534,74.03,0.046,0.0,BTC-25OCT19-9000-P,10252.91,72.59,0.043,7.0,0.0465,20.0,75.71,11.67129,-9.41648,-3.82908,0.00012,-0.24857
10348.68,BTC-27SEP19,1568026743462,open,0.07,712.9,0.052,0.1065,0.08007209,71.24,0.081,0.0,BTC-27SEP19-10000-C,10252.91,67.6,0.077,7.6,0.082,34.6,73.52,8.7443,-17.42408,2.71861,0.00023,0.61647
10348.7,BTC-27SEP19,1568026743474,open,0.19,106.2,0.145,0.209,0.17668627,73.33,0.15,0.0,BTC-27SEP19-12000-P,10252.91,67.2,0.173,9.0,0.182,8.0,81.48,6.46836,-13.26796,-4.93509,0.00017,-0.79704
188.02,SYN.ETH-27MAR20,1568026743482,open,1.44,0.0,1.294,1.481,1.384829,88.77,None,0.0,ETH-27MAR20-440-P,181.7,0.0,0.002,10.0,1.429,3.0,109.36,0.34813,-0.07731,-2.28341,0.00203,-0.83295
10311.2,SYN.BTC-20SEP19,1568026743512,open,0.0,102.8,0.0005,0.011,0.00106821,84.06,0.0015,0.0,BTC-20SEP19-14000-C,10252.91,75.81,0.0005,38.9,0.0015,38.3,88.5,0.89512,-3.45915,0.06098,3e-05,0.02092
185.98,ETH-27DEC19,1568026743531,open,0.1,1291.0,0.068,0.149,0.1103,79.76,0.1,0.0,ETH-27DEC19-220-C,181.7,77.29,0.105,482.0,0.114,440.0,81.48,0.39956,-0.14636,0.17922,0.00486,0.43337
184.12,SYN.ETH-25OCT19,1568026743547,open,0.07,247.0,0.045,0.111,0.078711,79.48,0.074,0.0,ETH-25OCT19-200-C,181.7,76.82,0.075,240.0,0.082,406.0,81.83,0.25739,-0.22297,0.08344,0.0076,0.4393
188.02,SYN.ETH-27MAR20,1568026743558,open,0.03,173.0,0.013,0.067,0.036823,89.94,0.035,0.0,ETH-27MAR20-480-C,181.7,87.57,0.033,200.0,0.04,500.0,91.82,0.31132,-0.07004,0.10736,0.00179,0.14109
10602.37,SYN.BTC-27MAR20,1568026743565,open,2.07,0.0,1.965,2.119,2.03750306,87.34,None,0.0,BTC-27MAR20-32000-P,10252.91,0.0,0.0005,10.0,0.0,0.0,0.0,11.97935,-2.61737,-171.54267,2e-05,-0.91712
10273.68,SYN.BTC-13SEP19,1568026743571,open,0.0,490.1,0.0005,0.0105,0.0005026,101.65,0.0005,0.0,BTC-13SEP19-13000-C,10252.91,0.0,0.0,0.0,0.001,48.3,112.17,0.37995,-4.98242,0.01483,3e-05,0.01409
10348.68,BTC-27SEP19,1568026743582,open,0.08,98.3,0.0445,0.104,0.07071885,71.08,0.077,0.0,BTC-27SEP19-10500-P,10252.91,69.12,0.069,22.0,0.0725,0.6,73.09,9.13565,-18.16203,-2.92013,0.00025,-0.50544
182.67,SYN.ETH-20SEP19,1568026743591,open,0.24,0.0,0.172,0.251,0.210321,79.05,None,0.0,ETH-20SEP19-220-P,181.7,0.0,0.0,0.0,0.0,0.0,0.0,0.05441,-0.19775,-0.06056,0.00692,-0.90227
10273.68,SYN.BTC-13SEP19,1568026743611,open,0.16,16.5,0.156,0.191,0.17308781,85.37,0.188,0.0,BTC-13SEP19-8500-C,10252.91,0.0,0.1725,10.0,0.1825,5.0,162.85,0.3769,-4.15092,0.88684,4e-05,0.98604
188.02,SYN.ETH-27MAR20,1568026743641,open,1.65,0.0,1.495,1.691,1.589785,89.94,None,0.0,ETH-27MAR20-480-P,181.7,0.0,0.003,10.0,0.0,0.0,0.0,0.31132,-0.07004,-2.52115,0.00179,-0.85891
10391.42,SYN.BTC-25OCT19,1568026743644,open,0.47,0.0,0.4205,0.498,0.45782033,78.22,None,0.0,BTC-25OCT19-15000-P,10252.91,0.0,0.0,0.0,0.0,0.0,0.0,7.28214,-6.20793,-17.49905,7e-05,-0.88201
182.04,SYN.ETH-13SEP19,1568026743644,open,0.0,431.0,0.001,0.011,0.000708,93.19,0.006,0.0,ETH-13SEP19-150-P,181.7,0.0,0.0,0.0,0.002,403.0,111.78,0.00889,-0.10687,-0.00039,0.00271,-0.0195
10311.19,SYN.BTC-20SEP19,1568026743656,open,0.04,27.0,0.0125,0.0575,0.03344786,69.35,0.041,0.0,BTC-20SEP19-10000-P,10252.91,67.14,0.032,5.9,0.035,11.6,71.72,6.75521,-21.53807,-1.25817,0.00031,-0.37606
10602.37,SYN.BTC-27MAR20,1568026743656,open,0.04,79.3,0.016,0.0575,0.03476663,76.93,0.035,0.0,BTC-27MAR20-6000-P,10252.91,75.15,0.0325,29.0,0.0365,6.0,78.26,13.713,-2.63885,-7.792,3e-05,-0.09944
10391.42,SYN.BTC-25OCT19,1568026743680,open,0.0,254.1,0.0005,0.0125,0.00250567,82.08,0.0015,0.0,BTC-25OCT19-6000-P,10252.91,79.07,0.002,10.0,0.003,41.0,84.7,1.86173,-1.66558,-0.30747,2e-05,-0.02104
10273.68,SYN.BTC-13SEP19,1568026743685,open,0.0,412.1,0.0005,0.0105,0.00063703,90.06,0.0005,0.0,BTC-13SEP19-12500-C,10252.91,0.0,0.0,0.0,0.001,8.0,96.48,0.49853,-5.79196,0.02042,5e-05,0.01936
185.98,ETH-27DEC19,1568026743689,open,0.06,2.0,0.034,0.102,0.067498,81.37,0.064,0.0,ETH-27DEC19-260-C,181.7,78.98,0.063,32.0,0.071,440.0,83.22,0.35182,-0.13148,0.12759,0.00419,0.29749
184.12,SYN.ETH-25OCT19,1568026743689,open,0.04,25.0,0.023,0.078,0.050205,80.4,0.05,0.0,ETH-25OCT19-220-C,181.7,77.04,0.046,348.0,0.054,663.0,83.4,0.23184,-0.20316,0.06125,0.00677,0.31487
182.04,SYN.ETH-13SEP19,1568026743715,open,0.1,11.0,0.095,0.15,0.122925,78.97,0.112,0.0,ETH-13SEP19-160-C,181.7,0.0,0.0,0.0,0.0,0.0,0.0,0.01992,-0.20294,0.01595,0.00717,0.94813
188.02,SYN.ETH-27MAR20,1568026743724,open,0.03,36.0,0.01,0.057,0.030037,90.52,0.026,0.0,ETH-27MAR20-520-C,181.7,88.39,0.027,200.0,0.033,500.0,92.5,0.27546,-0.06238,0.09083,0.00157,0.11826
10487.59,BTC-27DEC19,1568026743728,open,0.02,292.0,0.008,0.039,0.02143777,77.75,0.022,0.0,BTC-27DEC19-6500-P,10252.91,76.69,0.0205,0.4,0.023,61.9,79.48,9.32413,-3.3291,-3.49527,4e-05,-0.09029
182.67,SYN.ETH-20SEP19,1568026743730,open,0.29,0.0,0.224,0.305,0.262958,83.85,None,0.0,ETH-20SEP19-230-P,181.7,0.0,0.0,0.0,0.0,0.0,0.0,0.03965,-0.15283,-0.06524,0.00476,-0.9357
10311.2,SYN.BTC-20SEP19,1568026743758,open,0.0,0.4,0.0005,0.0105,0.00081475,88.62,0.001,0.0,BTC-20SEP19-14500-C,10252.91,83.2,0.0005,20.0,0.001,38.0,91.16,0.70059,-2.85423,0.0457,2e-05,0.01569
10602.37,SYN.BTC-27MAR20,1568026743785,open,0.04,54.4,0.0145,0.073,0.0397198,83.88,0.044,0.0,BTC-27MAR20-24000-C,10252.91,82.03,0.0365,32.9,0.0425,22.0,85.41,18.87231,-3.95979,6.8225,4e-05,0.15723
10602.37,SYN.BTC-27MAR20,1568026743787,open,0.02,24.4,0.0065,0.0495,0.02318174,86.87,0.022,0.0,BTC-27MAR20-30000-C,10252.91,85.52,0.0215,10.0,0.0245,23.0,87.89,13.5047,-2.93469,4.30814,3e-05,0.09738
182.04,SYN.ETH-13SEP19,1568026743861,open,0.06,423.0,0.043,0.103,0.074494,77.34,0.072,0.0,ETH-13SEP19-170-C,181.7,71.74,0.073,40.0,0.077,200.0,86.13,0.04997,-0.49858,0.01433,0.01836,0.81562
10391.42,SYN.BTC-25OCT19,1568026743880,open,0.66,0.0,0.6055,0.683,0.64237847,80.94,None,0.0,BTC-25OCT19-17000-P,10252.91,0.0,0.0,0.0,0.0,0.0,0.0,4.27232,-3.76885,-20.69324,4e-05,-0.94202
10311.2,SYN.BTC-20SEP19,1568026743888,open,0.37,0.0,0.3315,0.389,0.35881975,84.11,None,0.0,BTC-20SEP19-14000-P,10252.91,0.0,0.0,0.0,0.0,0.0,0.0,0.89773,-3.47151,-4.11031,3e-05,-0.97901
10311.2,SYN.BTC-20SEP19,1568026743910,open,0.0,0.0,0.0005,0.0105,0.00097649,89.91,None,0.0,BTC-20SEP19-7500-P,10252.91,81.75,0.0005,30.0,0.0015,8.0,96.27,0.73668,-3.04499,-0.05412,3e-05,-0.01664
10311.2,SYN.BTC-20SEP19,1568026743959,open,0.09,7.4,0.07,0.1205,0.09608888,70.46,0.107,0.0,BTC-20SEP19-9500-C,10252.91,65.45,0.0935,6.0,0.0985,6.0,74.98,5.42181,-17.56268,2.06647,0.00024,0.76869
10273.68,SYN.BTC-13SEP19,1568026743964,open,0.0,321.3,0.0005,0.0105,0.00042532,112.95,0.001,0.0,BTC-13SEP19-13500-C,10252.91,0.0,0.0,0.0,0.0005,25.0,115.3,0.30803,-4.36962,0.0116,2e-05,0.01106
10273.68,SYN.BTC-13SEP19,1568026743985,open,0.28,0.0,0.241,0.294,0.26587322,101.69,None,0.0,BTC-13SEP19-13000-P,10252.91,0.0,0.0,0.0,0.0,0.0,0.0,0.38076,-4.99512,-1.36552,3e-05,-0.98587
182.04,SYN.ETH-13SEP19,1568026744013,open,0.03,1034.0,0.01,0.064,0.036688,75.23,0.032,0.0,ETH-13SEP19-180-C,181.7,68.58,0.034,120.0,0.039,200.0,80.95,0.07357,-0.71409,0.01037,0.02779,0.57318
10602.37,SYN.BTC-27MAR20,1568026744063,open,0.02,3.3,0.004,0.0395,0.01690802,88.48,0.021,0.0,BTC-27MAR20-34000-C,10252.91,87.08,0.0155,2.0,0.0185,24.0,89.99,10.902,-2.41301,3.26829,2e-05,0.0732
10273.68,SYN.BTC-13SEP19,1568026744065,open,0.23,0.0,0.193,0.2445,0.21733955,90.09,None,0.0,BTC-13SEP19-12500-P,10252.91,0.0,0.0,0.0,0.0,0.0,0.0,0.4993,-5.80299,-1.30684,5e-05,-0.98061
182.04,SYN.ETH-13SEP19,1568026744091,open,0.04,476.0,0.004,0.053,0.025456,75.23,0.044,0.0,ETH-13SEP19-180-P,181.7,66.67,0.022,296.0,0.028,320.0,81.52,0.07357,-0.71409,-0.00874,0.02779,-0.42682
10273.68,SYN.BTC-13SEP19,1568026744107,open,0.0,255.9,0.0005,0.0105,0.00044552,85.4,0.001,0.0,BTC-13SEP19-8500-P,10252.91,0.0,0.0,0.0,0.001,38.5,96.77,0.37748,-4.15867,-0.01574,4e-05,-0.01399
10348.74,BTC-27SEP19,1568026744113,open,0.46,221.9,0.458,0.48,0.46881146,110.72,0.446,0.0,BTC-27SEP19-5500-C,10252.91,0.0,0.4595,10.0,0.477,10.0,188.47,0.23721,-0.73465,2.67474,0.0,0.99656
10348.74,BTC-27SEP19,1568026744113,open,0.02,1339.4,0.004,0.0355,0.01711998,73.32,0.0165,0.0,BTC-27SEP19-12000-C,10252.91,71.51,0.016,24.0,0.0175,1.4,73.93,6.4677,-13.26461,0.9417,0.00017,0.20292
10348.74,BTC-27SEP19,1568026744113,open,0.0,438.2,0.0005,0.0105,9.19e-06,120.0,0.0005,0.0,BTC-27SEP19-28000-C,10252.91,0.0,0.0,0.0,0.0005,8.0,162.68,0.01326,-0.04451,0.00071,0.0,0.00015
10487.51,BTC-27DEC19,1568026744113,open,0.0,462.6,0.0005,0.015,0.00473715,90.04,0.005,0.0,BTC-27DEC19-30000-C,10252.91,87.91,0.004,50.0,0.0055,44.0,92.04,3.82139,-1.58023,0.76831,1e-05,0.0293
10348.74,BTC-27SEP19,1568026744116,open,0.0,300.4,0.0005,0.0105,8.38e-05,120.0,0.0005,0.0,BTC-27SEP19-24000-C,10252.91,0.0,0.0,0.0,0.0005,8.0,140.84,0.09138,-0.3067,0.00567,0.0,0.0012
10348.74,BTC-27SEP19,1568026744116,open,0.0,1118.7,0.0005,0.0105,1.768e-05,120.0,0.0005,0.0,BTC-27SEP19-4250-P,10252.91,0.0,0.0,0.0,0.0005,48.0,162.78,0.02114,-0.07095,-0.00134,0.0,-0.00025
10348.74,BTC-27SEP19,1568026744116,open,0.0,761.0,0.0005,0.0105,1.06e-06,120.0,0.0005,0.0,BTC-27SEP19-32000-C,10252.91,0.0,0.0,0.0,0.0005,8.0,181.15,0.0019,-0.00637,9e-05,0.0,2e-05
10487.51,BTC-27DEC19,1568026744121,open,1.51,0.0,1.4325,1.5485,1.48721697,87.39,None,0.0,BTC-27DEC19-26000-P,10252.91,0.0,0.0045,10.0,2.217,0.2,499.74,5.72653,-2.29815,-76.30355,2e-05,-0.95191
10348.74,BTC-27SEP19,1568026744126,open,0.63,0.0,0.628,0.6475,0.6376374,108.31,None,0.0,BTC-27SEP19-3750-C,10252.91,0.0,0.0045,10.0,0.648,10.0,298.93,0.0007,-0.00211,1.83651,0.0,0.99999
10348.74,BTC-27SEP19,1568026744126,open,2.13,0.0,2.032,2.155,2.09218286,140.65,None,0.0,BTC-27SEP19-32000-P,10252.91,0.0,0.0,0.0,0.0,0.0,0.0,0.0221,-0.08695,-15.67062,0.0,-0.99974
10348.74,BTC-27SEP19,1568026744131,open,0.0,1660.1,0.0005,0.0105,0.0,120.0,0.0005,0.0,BTC-27SEP19-1500-P,10252.91,0.0,0.0,0.0,0.0005,105.1,345.01,0.0,0.0,0.0,0.0,0.0
10602.37,SYN.BTC-27MAR20,1568026744133,open,0.34,17.0,0.3005,0.38,0.34205193,76.92,0.3625,0.0,BTC-27MAR20-8000-C,10252.91,60.18,0.3065,7.0,0.3705,7.0,89.84,23.1017,-4.4454,25.55007,5e-05,0.78212
10487.51,BTC-27DEC19,1568026744136,open,1.89,0.2,1.8055,1.9315,1.86526087,89.99,2.03,0.0,BTC-27DEC19-30000-P,10252.91,0.0,0.001,1.0,0.0,0.0,0.0,3.80993,-1.57444,-88.72119,1e-05,-0.97081
10487.51,BTC-27DEC19,1568026744138,open,3.62,0.0,3.4875,3.674,3.57781412,100.37,None,0.0,BTC-27DEC19-48000-P,10252.91,0.0,0.0005,10.0,0.0,0.0,0.0,1.00279,-0.46224,-143.01445,0.0,-0.9938
10348.74,BTC-27SEP19,1568026744146,open,0.0,422.0,0.0005,0.0105,7.6e-07,120.0,0.0005,0.0,BTC-27SEP19-3500-P,10252.91,0.0,0.0,0.0,0.0005,39.0,196.15,0.00127,-0.00425,-7e-05,0.0,-1e-05
10348.74,BTC-27SEP19,1568026744148,open,0.18,4.0,0.1655,0.2095,0.18741673,75.26,0.2155,0.0,BTC-27SEP19-8500-C,10252.91,49.04,0.18,9.1,0.1895,8.0,80.29,4.10555,-8.64267,3.59655,0.0001,0.89704
10348.74,BTC-27SEP19,1568026744148,open,0.76,1.0,0.7055,0.778,0.74013864,103.8,0.575,0.0,BTC-27SEP19-18000-P,10252.91,0.0,0.0045,0.3,0.0,0.0,0.0,0.65672,-1.90675,-8.76433,1e-05,-0.98912
10348.74,BTC-27SEP19,1568026744151,open,0.54,13.5,0.5315,0.551,0.54109075,119.67,0.382,0.0,BTC-27SEP19-4750-C,10252.91,0.0,0.0045,10.0,0.5665,5.0,299.26,0.08134,-0.27224,2.32049,0.0,0.99894
10348.74,BTC-27SEP19,1568026744151,open,0.0,484.6,0.0005,0.0105,6.96e-06,120.0,0.0005,0.0,BTC-27SEP19-4000-P,10252.91,0.0,0.0,0.0,0.0005,42.1,173.19,0.0093,-0.03121,-0.00056,0.0,-0.0001
10348.74,BTC-27SEP19,1568026744153,open,0.61,227.5,0.6035,0.623,0.61348424,117.09,0.606,0.0,BTC-27SEP19-4000-C,10252.91,0.0,0.111,2.0,0.627,5.0,299.77,0.00674,-0.02206,1.95859,0.0,0.99993
185.98,ETH-27DEC19,1568026744158,open,0.02,10.0,0.006,0.04,0.019441,87.11,0.016,0.0,ETH-27DEC19-380-C,181.7,84.53,0.017,370.0,0.021,200.0,88.67,0.18228,-0.07292,0.04641,0.00203,0.10311
10487.35,BTC-27DEC19,1568026744176,open,0.05,265.1,0.02,0.078,0.04654346,79.62,0.05,0.0,BTC-27DEC19-16000-C,10252.91,78.36,0.0445,20.3,0.048,27.5,80.5,17.19678,-6.28792,5.596,7e-05,0.22543
10487.35,BTC-27DEC19,1568026744176,open,0.0,219.3,0.0005,0.0135,0.00365633,91.05,0.003,0.0,BTC-27DEC19-32000-C,10252.91,88.7,0.003,24.0,0.0045,34.0,93.69,3.12501,-1.30666,0.6062,1e-05,0.02303
10348.74,BTC-27SEP19,1568026744176,open,0.01,1227.3,0.0005,0.0145,0.00471225,78.73,0.006,0.0,BTC-27SEP19-8000-P,10252.91,75.87,0.004,30.2,0.0055,26.9,81.65,2.6867,-5.91656,-0.3221,7e-05,-0.05884
10487.35,BTC-27DEC19,1568026744176,open,0.06,446.4,0.0275,0.0915,0.05771951,78.81,0.053,0.0,BTC-27DEC19-15000-C,10252.91,77.57,0.0555,19.3,0.0595,26.3,79.79,18.89881,-6.84001,6.60536,7e-05,0.26887
10487.35,BTC-27DEC19,1568026744176,open,0.34,110.2,0.2785,0.381,0.33037883,77.36,0.288,0.0,BTC-27DEC19-13000-P,10252.91,74.77,0.325,14.0,0.3525,14.0,87.84,21.86376,-7.76715,-29.63069,9e-05,-0.61681
10348.74,BTC-27SEP19,1568026744188,open,1.35,0.2,1.274,1.367,1.31922015,121.43,1.6,0.0,BTC-27SEP19-24000-P,10252.91,0.0,0.0,0.0,0.0,0.0,0.0,0.10278,-0.34911,-11.74744,0.0,-0.99863
10348.74,BTC-27SEP19,1568026744190,open,0.32,727.9,0.31,0.341,0.32498802,88.73,0.321,0.0,BTC-27SEP19-7000-C,10252.91,0.0,0.3185,9.0,0.3315,9.0,124.49,1.03019,-2.55666,3.32817,2e-05,0.98166
10348.74,BTC-27SEP19,1568026744190,open,1.93,0.0,1.8425,1.958,1.89892354,133.77,None,0.0,BTC-27SEP19-30000-P,10252.91,0.0,0.0,0.0,0.0,0.0,0.0,0.02401,-0.08983,-14.69102,0.0,-0.99972
10348.74,BTC-27SEP19,1568026744190,open,0.28,37.0,0.234,0.2965,0.26391967,76.35,0.2795,0.0,BTC-27SEP19-13000-P,10252.91,0.0,0.2435,5.0,0.294,5.0,128.3,4.10288,-8.76226,-5.8845,0.0001,-0.89713
10487.35,BTC-27DEC19,1568026744190,open,0.44,122.9,0.4225,0.4635,0.44246237,78.68,0.4345,0.0,BTC-27DEC19-6000-C,10252.91,69.95,0.437,22.5,0.444,11.0,80.85,7.25988,-2.62322,15.40882,3e-05,0.93503
10487.35,BTC-27DEC19,1568026744190,open,0.01,270.5,0.0035,0.0325,0.01421476,83.51,0.015,0.0,BTC-27DEC19-22000-C,10252.91,81.99,0.013,24.0,0.0155,21.0,85.04,8.61969,-3.30567,2.09866,3e-05,0.0813
10348.74,BTC-27SEP19,1568026744190,open,0.0,549.2,0.0005,0.013,0.00343285,78.89,0.003,0.0,BTC-27SEP19-14000-C,10252.91,74.44,0.0025,67.0,0.004,10.0,81.26,2.36679,-5.22263,0.23666,6e-05,0.05013
10348.74,BTC-27SEP19,1568026744192,open,0.0,1213.0,0.0005,0.011,0.00140279,88.76,0.0015,0.0,BTC-27SEP19-7000-P,10252.91,84.29,0.001,32.0,0.002,24.9,94.11,1.032,-2.56228,-0.10026,2e-05,-0.01838
10348.74,BTC-27SEP19,1568026744192,open,0.8,28.2,0.797,0.8165,0.80673864,0.0,0.755,0.0,BTC-27SEP19-2000-C,10252.91,0.0,0.01,1.0,0.0,0.0,0.0,0.0,0.0,0.97949,0.0,1.0
10487.35,BTC-27DEC19,1568026744195,open,0.01,598.1,0.0005,0.016,0.0060057,81.46,0.007,0.0,BTC-27DEC19-5000-P,10252.91,78.59,0.005,51.2,0.0065,6.2,82.78,3.84967,-1.44022,-1.11255,1e-05,-0.02956
10487.35,BTC-27DEC19,1568026744203,open,2.47,1.3,2.366,2.51,2.43491225,92.59,2.2,0.0,BTC-27DEC19-36000-P,10252.91,0.0,0.0005,10.0,0.0,0.0,0.0,2.09424,-0.89045,-107.00277,1e-05,-0.9856
10602.37,SYN.BTC-27MAR20,1568026744203,open,0.79,0.0,0.71,0.8435,0.77560784,80.66,0.8095,0.0,BTC-27MAR20-18000-P,10252.91,0.0,0.0005,6.0,0.0,0.0,0.0,26.32565,-5.3117,-86.94115,5e-05,-0.72185
10487.35,BTC-27DEC19,1568026744207,open,0.53,65.4,0.5155,0.5445,0.52925175,81.49,0.5485,0.0,BTC-27DEC19-5000-C,10252.91,0.0,0.5165,12.0,0.54,11.0,103.27,3.8535,-1.44218,13.80048,1e-05,0.97041
10487.35,BTC-27DEC19,1568026744211,open,0.0,212.0,0.0005,0.0105,0.00048975,103.8,0.0005,0.0,BTC-27DEC19-2500-P,10252.91,0.0,0.0,0.0,0.001,16.9,113.13,0.43746,-0.20853,-0.09215,0.0,-0.00246
10348.74,BTC-27SEP19,1568026744216,open,0.68,0.5,0.676,0.6955,0.68595049,0.0,0.694,0.0,BTC-27SEP19-3250-C,10252.91,0.0,0.0045,10.0,0.755,5.0,500.0,0.0,0.0,1.59167,0.0,1.0
10348.74,BTC-27SEP19,1568026744222,open,1.74,0.0,1.653,1.761,1.70566827,127.77,None,0.0,BTC-27SEP19-28000-P,10252.91,0.0,0.0,0.0,0.0,0.0,0.0,0.03032,-0.10837,-13.71114,0.0,-0.99964
10487.35,BTC-27DEC19,1568026744234,open,0.03,488.1,0.0105,0.0575,0.03069393,81.05,0.0295,0.0,BTC-27DEC19-18000-C,10252.91,79.76,0.029,19.3,0.0315,26.0,81.66,13.87428,-5.16449,4.01105,5e-05,0.15891
10348.76,BTC-27SEP19,1568026744234,open,0.0,657.8,0.0005,0.0105,0.00017075,120.0,0.0005,0.0,BTC-27SEP19-5000-P,10252.91,0.0,0.0,0.0,0.0005,64.1,134.88,0.14781,-0.49614,-0.0112,0.0,-0.00204
10487.35,BTC-27DEC19,1568026744239,open,0.0,479.0,0.0005,0.012,0.00245567,88.16,0.002,0.0,BTC-27DEC19-4000-P,10252.91,85.41,0.002,7.0,0.003,10.0,91.06,1.84842,-0.74836,-0.46664,1e-05,-0.01246
10348.76,BTC-27SEP19,1568026744239,open,0.14,449.4,0.121,0.1705,0.14613565,72.46,0.1435,0.0,BTC-27SEP19-9000-C,10252.91,57.49,0.1385,14.0,0.1485,1.0,76.58,5.81261,-11.78008,3.46201,0.00015,0.82921
10487.35,BTC-27DEC19,1568026744247,open,0.23,170.1,0.194,0.2695,0.23340363,75.81,0.257,0.0,BTC-27DEC19-9000-C,10252.91,70.7,0.224,19.0,0.2375,19.0,78.03,19.353,-6.73803,15.15417,8e-05,0.71783
10348.76,BTC-27SEP19,1568026744247,open,0.0,795.7,0.0005,0.0105,0.00035031,110.04,0.0005,0.0,BTC-27SEP19-20000-C,10252.91,0.0,0.0,0.0,0.001,33.0,123.6,0.32449,-0.99878,0.02299,1e-05,0.00489
10487.35,BTC-27DEC19,1568026744247,open,0.0,248.0,0.0005,0.011,0.00116625,89.32,0.001,0.0,BTC-27DEC19-3500-P,10252.91,80.41,0.0005,41.3,0.0015,54.4,92.47,1.02035,-0.41853,-0.23432,0.0,-0.00632
10348.76,BTC-27SEP19,1568026744247,open,0.37,54.0,0.327,0.3885,0.35625981,78.92,0.466,0.0,BTC-27SEP19-14000-P,10252.91,0.0,0.338,4.0,0.385,4.0,141.51,2.36989,-5.23173,-6.6194,6e-05,-0.94979
10348.76,BTC-27SEP19,1568026744247,open,0.0,562.3,0.0005,0.0105,0.00093772,86.58,0.001,0.0,BTC-27SEP19-16000-C,10252.91,80.08,0.0005,25.0,0.0015,53.0,92.37,0.85222,-2.06394,0.06973,2e-05,0.0147
10487.35,BTC-27DEC19,1568026744255,open,0.95,5.7,0.8775,0.983,0.9274957,82.11,0.661,0.0,BTC-27DEC19-20000-P,10252.91,0.0,0.01,1.0,1.466,1.0,357.82,10.91972,-4.11781,-56.78924,4e-05,-0.88786
10487.35,BTC-27DEC19,1568026744257,open,0.48,73.3,0.4685,0.5025,0.48481448,79.33,0.475,0.0,BTC-27DEC19-5500-C,10252.91,66.54,0.4795,18.6,0.488,18.6,85.15,5.3293,-1.94151,14.74073,2e-05,0.95603
10487.35,BTC-27DEC19,1568026744257,open,1.7,0.1,1.619,1.74,1.67606762,88.88,1.49,0.0,BTC-27DEC19-28000-P,10252.91,0.0,0.001,1.0,0.0,0.0,0.0,4.68399,-1.91185,-82.54115,2e-05,-0.96249
10487.35,BTC-27DEC19,1568026744257,open,0.62,26.7,0.6115,0.632,0.6210525,88.21,0.626,0.0,BTC-27DEC19-4000-C,10252.91,0.0,0.45,1.0,0.647,0.2,150.41,1.85252,-0.75044,11.46367,1e-05,0.98751
10487.35,BTC-27DEC19,1568026744257,open,0.42,291.4,0.355,0.4595,0.40718724,78.1,0.375,0.0,BTC-27DEC19-14000-P,10252.91,56.69,0.3685,5.0,0.454,5.0,100.98,20.51864,-7.35945,-33.96845,8e-05,-0.67867
10487.35,BTC-27DEC19,1568026744257,open,0.0,434.6,0.0005,0.0115,0.00174548,96.36,0.003,0.0,BTC-27DEC19-40000-C,10252.91,90.78,0.001,30.5,0.0025,34.0,100.44,1.69579,-0.75039,0.29835,1e-05,0.01128
10348.76,BTC-27SEP19,1568026744264,open,0.0,1176.0,0.0005,0.0105,0.00031741,98.05,0.0005,0.0,BTC-27SEP19-6000-P,10252.91,0.0,0.0,0.0,0.0005,28.0,103.47,0.29482,-0.80859,-0.02385,1e-05,-0.00439
10348.76,BTC-27SEP19,1568026744264,open,0.57,34.4,0.516,0.581,0.54702563,86.69,0.396,0.0,BTC-27SEP19-16000-P,10252.91,0.0,0.0045,10.0,0.0,0.0,0.0,0.85774,-2.07991,-7.76567,2e-05,-0.98519
10487.35,BTC-27DEC19,1568026744268,open,0.5,203.2,0.436,0.541,0.48798131,78.79,0.5185,0.0,BTC-27DEC19-15000-P,10252.91,69.84,0.4725,5.0,0.4995,5.0,85.04,18.896,-6.83742,-38.13955,7e-05,-0.73121
10348.76,BTC-27SEP19,1568026744270,open,0.85,42.8,0.8455,0.865,0.85505426,0.0,0.815,0.0,BTC-27SEP19-1500-C,10252.91,0.0,0.0,0.0,0.0,0.0,0.0,0.0,0.0,0.73462,0.0,1.0
10487.35,BTC-27DEC19,1568026744270,open,0.29,225.4,0.2585,0.3245,0.29265122,76.01,0.316,0.0,BTC-27DEC19-8000-C,10252.91,70.86,0.285,12.2,0.3025,10.0,82.46,15.79087,-5.51228,16.02832,6e-05,0.80502
10487.35,BTC-27DEC19,1568026744277,open,0.02,757.5,0.006,0.0425,0.02047988,82.16,0.0205,0.0,BTC-27DEC19-20000-C,10252.91,80.71,0.019,24.0,0.0215,20.0,83.12,10.93099,-4.12416,2.87237,4e-05,0.1123
10487.35,BTC-27DEC19,1568026744280,open,0.57,6.6,0.5635,0.5875,0.57460807,83.76,0.584,0.0,BTC-27DEC19-4500-C,10252.91,0.0,0.564,12.0,0.583,12.0,106.68,2.63585,-1.01385,12.71807,1e-05,0.98116
10348.76,BTC-27SEP19,1568026744280,open,0.41,713.5,0.4085,0.433,0.42053444,97.94,0.454,0.0,BTC-27SEP19-6000-C,10252.91,0.0,0.41,10.0,0.4285,10.0,165.44,0.29258,-0.80148,2.91482,1e-05,0.99565
10602.21,SYN.BTC-27MAR20,1568026744283,open,1.33,0.0,1.2365,1.3765,1.30334682,83.85,None,0.0,BTC-27MAR20-24000-P,10252.91,0.0,0.0005,10.0,0.0,0.0,0.0,18.86111,-3.9561,-124.60771,4e-05,-0.84291
10487.35,BTC-27DEC19,1568026744303,open,0.76,12.4,0.6965,0.802,0.74700816,81.03,0.559,0.0,BTC-27DEC19-18000-P,10252.91,0.0,0.0045,5.0,1.4935,0.2,499.91,13.86696,-5.15988,-49.68385,5e-05,-0.84121
10487.35,BTC-27DEC19,1568026744311,open,0.0,592.2,0.0005,0.0135,0.00368663,83.72,0.003,0.0,BTC-27DEC19-4500-P,10252.91,80.81,0.003,3.9,0.004,18.3,84.94,2.6317,-1.01178,-0.70356,1e-05,-0.0188
10348.76,BTC-27SEP19,1568026744313,open,0.0,350.4,0.0005,0.0105,8.649e-05,120.0,0.0005,0.0,BTC-27SEP19-4750-P,10252.91,0.0,0.0,0.0,0.0005,34.9,143.69,0.08331,-0.27964,-0.00595,0.0,-0.00109
10348.76,BTC-27SEP19,1568026744313,open,0.47,31.6,0.4215,0.484,0.45110894,82.19,0.42,0.0,BTC-27SEP19-15000-P,10252.91,0.0,0.433,4.0,0.4795,4.0,156.66,1.36511,-3.13812,-7.22487,3e-05,-0.97441
10487.35,BTC-27DEC19,1568026744313,open,0.71,0.0,0.705,0.7245,0.71492172,98.95,None,0.0,BTC-27DEC19-3000-C,10252.91,0.0,0.0065,0.1,0.9485,0.5,500.0,0.80666,-0.36657,8.76616,0.0,0.99515
10348.76,BTC-27SEP19,1568026744317,open,0.0,605.0,0.0005,0.0105,0.00028019,110.86,0.0005,0.0,BTC-27SEP19-5500-P,10252.91,0.0,0.0,0.0,0.0005,28.0,118.49,0.23911,-0.74142,-0.01903,0.0,-0.00347
10487.35,BTC-27DEC19,1568026744317,open,0.0,323.2,0.0005,0.0105,0.00097617,100.73,0.0015,0.0,BTC-27DEC19-48000-C,10252.91,94.61,0.0005,54.0,0.0015,11.0,105.25,1.03043,-0.47669,0.16951,0.0,0.00639
10487.35,BTC-27DEC19,1568026744317,open,0.01,161.6,0.0005,0.018,0.00624548,89.02,0.0065,0.0,BTC-27DEC19-28000-C,10252.91,87.29,0.0055,14.8,0.007,34.3,90.63,4.71301,-1.92665,0.98693,2e-05,0.03779
10487.35,BTC-27DEC19,1568026744317,open,0.0,231.8,0.0005,0.0105,0.00010146,120.0,0.0005,0.0,BTC-27DEC19-1500-P,10252.91,0.0,0.0,0.0,0.001,19.9,153.11,0.10031,-0.05528,-0.01857,0.0,-0.00049
10348.76,BTC-27SEP19,1568026744317,open,0.71,225.7,0.7005,0.72,0.71010856,0.0,0.693,0.0,BTC-27SEP19-3000-C,10252.91,0.0,0.0045,20.0,0.769,5.0,500.0,0.0,0.0,1.46924,0.0,1.0
10348.76,BTC-27SEP19,1568026744325,open,0.0,406.8,0.0005,0.0105,0.0,120.0,0.0005,0.0,BTC-27SEP19-2500-P,10252.91,0.0,0.0,0.0,0.0005,38.0,254.45,0.0,-1e-05,0.0,0.0,0.0
10348.76,BTC-27SEP19,1568026744325,open,0.0,684.0,0.0005,0.0105,3.1e-06,120.0,0.0005,0.0,BTC-27SEP19-30000-C,10252.91,0.0,0.0,0.0,0.0005,32.0,172.27,0.00501,-0.01682,0.00025,0.0,5e-05
10487.35,BTC-27DEC19,1568026744325,open,0.0,126.2,0.0005,0.0105,0.00048768,119.6,0.0005,0.0,BTC-27DEC19-2000-P,10252.91,0.0,0.0,0.0,0.001,18.0,130.4,0.37892,-0.20812,-0.08082,0.0,-0.0021
10348.76,BTC-27SEP19,1568026744325,open,0.0,676.7,0.0005,0.0105,0.00078638,103.64,0.0005,0.0,BTC-27SEP19-18000-C,10252.91,98.34,0.0005,93.6,0.001,26.0,106.76,0.65089,-1.88691,0.05057,1e-05,0.01076
10348.76,BTC-27SEP19,1568026744325,open,0.22,866.6,0.2125,0.2515,0.23166818,78.71,0.2255,0.0,BTC-27SEP19-8000-C,10252.91,0.0,0.213,8.0,0.247,8.0,119.04,2.68538,-5.91236,3.59607,7e-05,0.9412
10391.39,SYN.BTC-25OCT19,1568026744327,open,0.05,38.7,0.0265,0.0815,0.05335851,75.49,0.052,0.0,BTC-25OCT19-12000-C,10252.91,73.29,0.0505,20.0,0.055,10.0,76.75,13.54548,-11.14514,3.7845,0.00013,0.34312
10311.21,SYN.BTC-20SEP19,1568026744335,open,0.23,0.0,0.1895,0.246,0.21652749,74.83,None,0.0,BTC-20SEP19-12500-P,10252.91,0.0,0.0,0.0,0.0,0.0,0.0,2.57004,-8.84164,-3.50111,0.00011,-0.92302
10273.69,SYN.BTC-13SEP19,1568026744337,open,0.31,0.0,0.305,0.3325,0.31867383,119.69,None,0.0,BTC-13SEP19-7000-C,10252.91,0.0,0.308,6.0,0.3285,6.0,278.2,0.02754,-0.42525,0.74243,0.0,0.99924
10348.76,BTC-27SEP19,1568026744346,open,0.0,125.2,0.0005,0.0105,2.45e-06,120.0,0.0005,0.0,BTC-27SEP19-3750-P,10252.91,0.0,0.0,0.0,0.0005,38.0,184.28,0.00366,-0.01229,-0.00021,0.0,-4e-05
10348.76,BTC-27SEP19,1568026744346,open,0.0,146.6,0.0005,0.0105,2.762e-05,120.0,0.0005,0.0,BTC-27SEP19-26000-C,10252.91,0.0,0.0,0.0,0.0005,8.0,152.25,0.03498,-0.11742,0.00201,0.0,0.00042
10348.76,BTC-27SEP19,1568026744346,open,0.02,1211.8,0.004,0.0325,0.01581011,72.46,0.019,0.0,BTC-27SEP19-9000-P,10252.91,71.01,0.015,41.0,0.0165,1.0,73.68,5.81315,-11.78263,-0.94585,0.00015,-0.17081
10348.76,BTC-27SEP19,1568026744346,open,0.0,392.7,0.0005,0.0105,4.075e-05,120.0,0.0005,0.0,BTC-27SEP19-4500-P,10252.91,0.0,0.0,0.0,0.0005,39.1,152.97,0.04372,-0.14675,-0.00294,0.0,-0.00054
10487.35,BTC-27DEC19,1568026744349,open,0.0,1502.1,0.0005,0.0105,0.00076695,102.73,0.0015,0.0,BTC-27DEC19-52000-C,10252.91,98.81,0.0005,160.3,0.001,10.0,105.37,0.8341,-0.39351,0.13367,0.0,0.00504
10487.35,BTC-27DEC19,1568026744361,open,0.66,4.0,0.6575,0.677,0.66743848,89.4,0.666,0.0,BTC-27DEC19-3500-C,10252.91,0.0,0.0205,0.1,0.969,1.0,500.0,1.02483,-0.42074,10.20459,0.0,0.99364
10311.21,SYN.BTC-20SEP19,1568026744361,open,0.22,0.0,0.2085,0.244,0.22589836,81.54,None,0.0,BTC-20SEP19-8000-C,10252.91,0.0,0.0,0.0,0.0,0.0,0.0,1.2278,-4.60267,2.28462,5e-05,0.9695
10348.76,BTC-27SEP19,1568026744367,open,0.58,9.1,0.5795,0.599,0.58933807,118.77,0.6095,0.0,BTC-27SEP19-4250-C,10252.91,0.0,0.005,0.1,0.6065,5.0,300.39,0.0188,-0.06246,2.08023,0.0,0.99978
10487.35,BTC-27DEC19,1568026744367,open,0.59,23.1,0.5205,0.626,0.57215603,79.6,0.5235,0.0,BTC-27DEC19-16000-P,10252.91,51.25,0.5355,4.0,0.6185,4.0,104.99,17.19265,-6.28472,-42.13223,7e-05,-0.77467
10391.39,SYN.BTC-25OCT19,1568026744376,open,0.01,135.3,0.0005,0.0185,0.00779715,78.1,0.009,0.0,BTC-25OCT19-7000-P,10252.91,77.37,0.0075,10.0,0.0085,39.0,79.75,4.31661,-3.67414,-0.86914,4e-05,-0.05875
10487.35,BTC-27DEC19,1568026744382,open,1.13,4.9,1.061,1.169,1.11193216,83.45,1.0385,0.0,BTC-27DEC19-22000-P,10252.91,0.0,0.006,2.0,1.854,0.3,499.88,8.60409,-3.29738,-63.52964,3e-05,-0.91889
10348.76,BTC-27SEP19,1568026744382,open,0.0,492.7,0.0005,0.0105,0.0,120.0,0.0005,0.0,BTC-27SEP19-2000-P,10252.91,0.0,0.0,0.0,0.0005,59.0,293.65,0.0,0.0,0.0,0.0,0.0
10348.76,BTC-27SEP19,1568026744382,open,0.0,671.3,0.0005,0.0105,0.00025436,119.94,0.0005,0.0,BTC-27SEP19-22000-C,10252.91,0.0,0.0,0.0,0.0005,8.0,128.25,0.23323,-0.78247,0.01584,0.0,0.00338
10348.76,BTC-27SEP19,1568026744382,open,0.0,785.3,0.0005,0.0115,0.00165152,82.12,0.002,0.0,BTC-27SEP19-15000-C,10252.91,76.35,0.001,112.9,0.002,8.0,84.61,1.3607,-3.12556,0.12085,3e-05,0.0255
10487.35,BTC-27DEC19,1568026744388,open,0.86,0.1,0.8475,0.867,0.85707528,120.34,0.868,0.0,BTC-27DEC19-1500-C,10252.91,0.0,0.849,19.0,0.865,19.0,215.47,0.10279,-0.05681,4.45526,0.0,0.99949
10487.35,BTC-27DEC19,1568026744388,open,0.81,0.0,0.8,0.8195,0.80978609,119.72,None,0.0,BTC-27DEC19-2000-C,10252.91,0.0,0.0145,0.2,0.96,0.5,500.0,0.38134,-0.20966,5.88437,0.0,0.99789
10487.35,BTC-27DEC19,1568026744390,open,0.32,91.7,0.2955,0.356,0.32658107,76.48,0.3515,0.0,BTC-27DEC19-7500-C,10252.91,50.56,0.2975,10.0,0.3485,10.0,92.43,13.70057,-4.81223,16.18949,5e-05,0.8441
10487.35,BTC-27DEC19,1568026744390,open,0.06,588.1,0.029,0.084,0.05545754,76.0,0.051,0.0,BTC-27DEC19-8000-P,10252.91,75.03,0.054,19.3,0.058,56.0,77.68,15.78995,-5.51112,-7.83372,6e-05,-0.19496
10487.35,BTC-27DEC19,1568026744392,open,0.03,267.2,0.013,0.0515,0.03014343,76.79,0.029,0.0,BTC-27DEC19-7000-P,10252.91,75.74,0.029,24.0,0.0305,33.3,77.11,11.47612,-4.04694,-4.70539,5e-05,-0.12027
10487.35,BTC-27DEC19,1568026744392,open,0.0,384.1,0.0005,0.0105,0.00097409,98.87,0.003,0.0,BTC-27DEC19-3000-P,10252.91,91.2,0.0005,24.6,0.0015,17.8,104.76,0.80298,-0.36458,-0.18155,0.0,-0.00483
10348.76,BTC-27SEP19,1568026744396,open,0.76,55.9,0.7485,0.768,0.75842376,0.0,0.689,0.0,BTC-27SEP19-2500-C,10252.91,0.0,0.0045,10.0,0.8,5.0,500.0,0.0,0.0,1.22436,0.0,1.0
10348.76,BTC-27SEP19,1568026744396,open,0.96,0.0,0.895,0.974,0.9329602,110.4,0.691,0.0,BTC-27SEP19-20000-P,10252.91,0.0,0.0045,10.0,1.174,0.2,500.0,0.33215,-1.02565,-9.77131,1e-05,-0.99498
10348.76,BTC-27SEP19,1568026744396,open,0.51,789.2,0.507,0.527,0.51701828,119.8,0.5015,0.0,BTC-27SEP19-5000-C,10252.91,0.0,0.051,1.0,0.5475,5.0,299.5,0.146,-0.48925,2.43768,0.0,0.99799
10602.21,SYN.BTC-27MAR20,1568026744396,open,0.01,20.9,0.0035,0.035,0.01429332,88.87,0.0175,0.0,BTC-27MAR20-36000-C,10252.91,86.84,0.0125,6.0,0.016,24.0,90.68,9.71094,-2.15896,2.82875,2e-05,0.06302
182.04,SYN.ETH-13SEP19,1568026744402,open,0.13,128.0,0.069,0.14,0.103639,77.95,0.177,0.0,ETH-13SEP19-200-P,181.7,0.0,0.098,639.0,0.105,40.0,83.92,0.03948,-0.39705,-0.01884,0.01439,-0.87095
10487.35,BTC-27DEC19,1568026744407,open,4.01,0.8,3.8615,4.0625,3.95900807,101.22,3.59,0.0,BTC-27DEC19-52000-P,10252.91,0.0,0.001,1.0,0.0,0.0,0.0,0.7386,-0.34332,-154.99345,0.0,-0.9956
10487.35,BTC-27DEC19,1568026744407,open,0.01,393.5,0.001,0.0265,0.01063327,85.59,0.0105,0.0,BTC-27DEC19-24000-C,10252.91,83.84,0.0095,0.1,0.0115,53.0,86.86,7.01034,-2.75557,1.61048,2e-05,0.06211
10487.35,BTC-27DEC19,1568026744417,open,0.76,0.0,0.7525,0.772,0.76211277,103.93,None,0.0,BTC-27DEC19-2500-C,10252.91,0.0,0.0205,0.1,0.954,0.5,500.0,0.44094,-0.21045,7.36424,0.0,0.99752
10348.76,BTC-27SEP19,1568026744420,open,0.0,586.8,0.0005,0.0105,4e-08,120.0,0.0005,0.0,BTC-27SEP19-3000-P,10252.91,0.0,0.0,0.0,0.0005,40.0,222.76,9e-05,-0.00031,0.0,0.0,0.0
10348.76,BTC-27SEP19,1568026744420,open,0.56,289.7,0.5555,0.575,0.56520353,119.39,0.588,0.0,BTC-27SEP19-4500-C,10252.91,0.0,0.002,1.1,0.5865,5.0,300.79,0.04157,-0.13882,2.20107,0.0,0.99949
10487.35,BTC-27DEC19,1568026744423,open,0.0,427.1,0.0005,0.011,0.00148784,100.19,0.002,0.0,BTC-27DEC19-44000-C,10252.91,96.14,0.001,2.0,0.002,34.0,103.49,1.45403,-0.66899,0.24933,0.0,0.00946
10348.76,BTC-27SEP19,1568026744423,open,0.66,261.1,0.652,0.6715,0.66179403,0.0,0.714,0.0,BTC-27SEP19-3500-C,10252.91,0.0,0.161,1.0,0.67,10.0,301.83,0.0,0.0,1.71411,0.0,1.0
10348.76,BTC-27SEP19,1568026744423,open,0.0,49.2,0.0005,0.0105,2e-07,120.0,0.0015,0.0,BTC-27SEP19-3250-P,10252.91,0.0,0.0,0.0,0.0005,48.0,208.92,0.00038,-0.00126,-2e-05,0.0,0.0
10487.35,BTC-27DEC19,1568026744426,open,0.4,63.0,0.378,0.4255,0.40165772,77.76,0.4965,0.0,BTC-27DEC19-6500-C,10252.91,0.0,0.38,10.0,0.419,10.0,95.19,9.32697,-3.33081,15.89186,4e-05,0.90967
10487.35,BTC-27DEC19,1568026744436,open,0.01,299.5,0.0005,0.02,0.00924383,79.31,0.009,0.0,BTC-27DEC19-5500-P,10252.91,77.81,0.0085,24.0,0.009,11.4,78.82,5.32586,-1.93968,-1.66372,2e-05,-0.04394
10311.21,SYN.BTC-20SEP19,1568026744475,open,0.42,0.0,0.379,0.438,0.40705575,88.69,None,0.0,BTC-20SEP19-14500-P,10252.91,0.0,0.0,0.0,0.0,0.0,0.0,0.70345,-2.86826,-4.27456,3e-05,-0.98424
10273.69,SYN.BTC-13SEP19,1568026744482,open,0.12,5.7,0.1065,0.1455,0.12551787,77.78,0.1645,0.0,BTC-13SEP19-9000-C,10252.91,44.5,0.124,0.6,0.1285,0.6,99.94,1.01022,-10.13736,0.90447,0.00012,0.95462
183.29,ETH-27SEP19,1568026744504,open,0.0,1988.0,0.001,0.012,0.00225,95.98,0.003,0.0,ETH-27SEP19-280-C,181.7,85.3,0.001,1200.0,0.003,400.0,100.59,0.02719,-0.073,0.00244,0.00172,0.02947
10487.51,BTC-27DEC19,1568026744539,open,0.02,292.0,0.008,0.039,0.02143871,77.75,0.022,0.0,BTC-27DEC19-6500-P,10252.91,76.68,0.0205,0.4,0.023,69.9,79.48,9.32459,-3.32935,-3.49554,4e-05,-0.0903
10273.69,SYN.BTC-13SEP19,1568026744648,open,0.0,59.7,0.0005,0.0105,2.696e-05,120.0,0.0005,0.0,BTC-13SEP19-7000-P,10252.91,0.0,0.0,0.0,0.0005,8.0,161.77,0.02825,-0.27696,-0.00088,0.0,-0.00078
10602.21,SYN.BTC-27MAR20,1568026744695,open,0.06,107.7,0.0285,0.103,0.06311263,82.62,0.061,0.0,BTC-27MAR20-20000-C,10252.91,81.23,0.06,10.0,0.0645,6.0,83.23,23.93659,-4.94713,9.80323,5e-05,0.23196
10273.69,SYN.BTC-13SEP19,1568026744727,open,0.33,0.0,0.2885,0.3435,0.31446347,113.0,None,0.0,BTC-13SEP19-13500-P,10252.91,0.0,0.0,0.0,0.0,0.0,0.0,0.30884,-4.50239,-1.42184,2e-05,-0.98891
10391.39,SYN.BTC-25OCT19,1568026744739,open,0.24,0.0,0.225,0.2745,0.25001338,74.92,None,0.0,BTC-25OCT19-8000-C,10252.91,0.0,0.23,10.0,0.0,0.0,0.0,7.87198,-6.42815,8.07254,8e-05,0.8681
188.02,SYN.ETH-27MAR20,1568026744965,open,0.02,422.0,0.004,0.026,0.013959,82.24,0.012,0.0,ETH-27MAR20-80-P,181.7,74.25,0.009,540.0,0.012,240.0,79.28,0.12899,-0.02654,-0.05945,0.00081,-0.04378
188.02,SYN.ETH-27MAR20,1568026745049,open,0.41,37.0,0.386,0.459,0.425171,82.24,0.431,0.0,ETH-27MAR20-120-C,181.7,0.0,0.096,1.0,0.442,3.0,91.83,0.32248,-0.06634,0.43877,0.00203,0.85133
10348.76,BTC-27SEP19,1568026745112,open,0.1,0.7,0.084,0.139,0.11016836,71.61,0.099,0.0,BTC-27SEP19-9500-C,10252.91,67.22,0.107,0.6,0.112,6.6,74.11,7.54245,-15.10672,3.15224,0.0002,0.73213
10273.69,SYN.BTC-13SEP19,1568026745222,open,0.07,41.1,0.058,0.1025,0.08060295,71.79,0.082,0.0,BTC-13SEP19-9500-C,10252.91,64.21,0.079,0.6,0.0825,0.6,79.74,2.31824,-21.47171,0.85385,0.00029,0.86331
182.67,SYN.ETH-20SEP19,1568026745263,open,0.01,101.0,0.001,0.013,0.003819,77.72,0.009,0.0,ETH-20SEP19-150-P,181.7,0.0,0.0,0.0,0.006,350.0,86.9,0.03868,-0.13822,-0.0036,0.00501,-0.0623
10602.09,SYN.BTC-27MAR20,1568026745272,open,1.51,0.0,1.417,1.559,1.48417831,84.32,None,0.0,BTC-27MAR20-26000-P,10252.91,0.0,0.0005,10.0,0.0,0.0,0.0,16.60905,-3.50319,-136.6698,3e-05,-0.86986
188.02,SYN.ETH-27MAR20,1568026745458,open,0.3,984.0,0.216,0.339,0.279803,82.24,0.28,0.0,ETH-27MAR20-200-P,181.7,79.89,0.273,24.0,0.291,240.0,86.12,0.54377,-0.11186,-0.72016,0.00342,-0.41966
10602.09,SYN.BTC-27MAR20,1568026745516,open,2.82,1.0,2.7015,2.875,2.7833868,89.8,2.7125,0.0,BTC-27MAR20-40000-P,10252.91,0.0,0.0005,10.0,0.0,0.0,0.0,7.81383,-1.75526,-216.87535,1e-05,-0.95214
10602.09,SYN.BTC-27MAR20,1568026745579,open,0.2,127.8,0.1395,0.2395,0.19039835,76.91,0.1975,0.0,BTC-27MAR20-10000-P,10252.91,76.04,0.188,4.9,0.197,22.7,79.33,29.03766,-5.58703,-31.3315,6e-05,-0.34926
183.29,ETH-27SEP19,1568026745600,open,0.0,1988.0,0.001,0.012,0.00225,95.98,0.003,0.0,ETH-27SEP19-280-C,181.7,85.3,0.001,1420.0,0.003,400.0,100.59,0.02719,-0.073,0.00244,0.00172,0.02947
188.02,SYN.ETH-27MAR20,1568026745707,open,0.11,245.0,0.07,0.164,0.118578,84.72,0.128,0.0,ETH-27MAR20-280-C,181.7,82.72,0.113,252.0,0.124,462.0,86.65,0.52705,-0.1117,0.26278,0.00321,0.3738
183.29,ETH-27SEP19,1568026745757,open,0.33,116.0,0.326,0.366,0.346174,88.75,0.327,0.0,ETH-27SEP19-120-C,181.7,0.0,0.334,18.0,0.359,18.0,153.01,0.01273,-0.03161,0.05761,0.00087,0.98793
188.02,SYN.ETH-27MAR20,1568026745790,open,0.64,81.0,0.529,0.683,0.607806,84.72,0.582,0.0,ETH-27MAR20-280-P,181.7,0.0,0.0,0.0,0.629,3.0,92.19,0.52705,-0.1117,-1.27051,0.00321,-0.6262
182.67,SYN.ETH-20SEP19,1568026745853,open,0.06,7.0,0.017,0.073,0.043936,74.52,0.052,0.0,ETH-20SEP19-180-P,181.7,70.18,0.041,200.0,0.049,152.0,81.99,0.1238,-0.42411,-0.02575,0.01671,-0.4291
188.02,SYN.ETH-27MAR20,1568026746048,open,0.07,49.0,0.033,0.109,0.070128,86.8,0.078,0.0,ETH-27MAR20-360-C,181.7,84.57,0.065,252.0,0.075,492.0,88.87,0.43743,-0.09498,0.18009,0.0026,0.24504
182.67,SYN.ETH-20SEP19,1568026746137,open,0.14,1.0,0.077,0.153,0.115141,76.64,0.14,0.0,ETH-20SEP19-200-P,181.7,61.49,0.107,40.0,0.12,40.0,85.0,0.10386,-0.36595,-0.04611,0.01363,-0.73206
188.02,SYN.ETH-27MAR20,1568026746208,open,0.05,254.0,0.024,0.092,0.055717,87.92,0.047,0.0,ETH-27MAR20-400-C,181.7,86.11,0.052,220.0,0.06,503.0,89.95,0.39166,-0.08614,0.15045,0.0023,0.20184
185.98,ETH-27DEC19,1568026746223,open,0.8,101.0,0.688,0.825,0.755505,84.39,0.513,0.0,ETH-27DEC19-320-P,181.7,0.0,0.006,5.0,0.0,0.0,0.0,0.25879,-0.10029,-0.87857,0.00297,-0.82818
183.29,ETH-27SEP19,1568026746223,open,2.13,24.0,1.967,2.149,2.055271,125.0,1.356,0.0,ETH-27SEP19-560-P,181.7,0.0,0.0,0.0,0.0,0.0,0.0,8e-05,-0.00028,-0.27425,0.0,-0.99995
183.29,ETH-27SEP19,1568026746225,open,1.24,79.0,1.119,1.25,1.182621,125.0,0.351,0.0,ETH-27SEP19-400-P,181.7,0.0,0.0,0.0,0.0,0.0,0.0,0.00443,-0.01548,-0.1956,0.00022,-0.99635
185.98,ETH-27DEC19,1568026746228,open,2.97,0.0,2.759,2.998,2.873911,101.47,None,0.0,ETH-27DEC19-720-P,181.7,0.0,0.003,5.0,0.0,0.0,0.0,0.03887,-0.01811,-2.14066,0.00037,-0.98482
183.29,ETH-27SEP19,1568026746244,open,0.15,2697.0,0.086,0.164,0.125582,76.91,0.122,0.0,ETH-27SEP19-200-P,181.7,72.43,0.122,120.0,0.129,240.0,81.12,0.14769,-0.31771,-0.07101,0.01167,-0.6655
185.98,ETH-27DEC19,1568026746257,open,2.31,0.0,2.133,2.337,2.230684,97.45,0.953,0.0,ETH-27DEC19-600-P,181.7,0.0,0.0,0.0,0.0,0.0,0.0,0.06237,-0.02791,-1.77754,0.00062,-0.97348
183.29,ETH-27SEP19,1568026746257,open,1.91,12.0,1.755,1.924,1.837043,125.0,1.193,0.0,ETH-27SEP19-520-P,181.7,0.0,0.0,0.0,0.0,0.0,0.0,0.00022,-0.00078,-0.25466,1e-05,-0.99986
185.98,ETH-27DEC19,1568026746259,open,1.65,21.0,1.509,1.679,1.58989,91.93,0.629,0.0,ETH-27DEC19-480-P,181.7,0.0,0.001,7.0,0.0,0.0,0.0,0.10606,-0.04477,-1.4086,0.00112,-0.94922
185.98,ETH-27DEC19,1568026746259,open,1.22,16.0,1.094,1.245,1.166941,87.87,1.195,0.0,ETH-27DEC19-400-P,181.7,0.0,0.001,8.0,0.0,0.0,0.0,0.16161,-0.06521,-1.15355,0.00178,-0.91243
185.98,ETH-27DEC19,1568026746263,open,1.87,37.0,1.717,1.897,1.802884,93.65,0.707,0.0,ETH-27DEC19-520-P,181.7,0.0,0.002,25.0,0.0,0.0,0.0,0.08694,-0.03739,-1.53292,0.0009,-0.96033
183.29,ETH-27SEP19,1568026746283,open,2.35,27.0,2.179,2.374,2.273502,125.0,1.044,0.0,ETH-27SEP19-600-P,181.7,0.0,0.0,0.0,0.0,0.0,0.0,3e-05,-0.0001,-0.29385,0.0,-0.99998
185.98,ETH-27DEC19,1568026746283,open,0.11,2443.0,0.06,0.136,0.098267,78.92,0.105,0.0,ETH-27DEC19-160-P,181.7,76.62,0.094,32.0,0.104,653.0,82.0,0.34552,-0.12522,-0.21327,0.00424,-0.28617
185.98,ETH-27DEC19,1568026746287,open,0.24,2369.0,0.163,0.268,0.217535,79.06,0.265,0.0,ETH-27DEC19-200-P,181.7,76.98,0.213,24.0,0.225,240.0,82.49,0.40477,-0.14696,-0.38753,0.00496,-0.48102
185.98,ETH-27DEC19,1568026746289,open,2.75,0.0,2.551,2.778,2.659558,101.09,None,0.0,ETH-27DEC19-680-P,181.7,0.0,0.002,10.0,0.0,0.0,0.0,0.04735,-0.02198,-2.01956,0.00045,-0.98087
185.98,ETH-27DEC19,1568026746289,open,2.09,0.0,1.925,2.117,2.016832,96.17,0.845,0.0,ETH-27DEC19-560-P,181.7,0.0,0.0,0.0,0.0,0.0,0.0,0.0751,-0.03317,-1.65521,0.00076,-0.96683
183.29,ETH-27SEP19,1568026746296,open,2.58,0.0,2.391,2.599,2.491735,125.0,None,0.0,ETH-27SEP19-640-P,181.7,0.0,0.0,0.0,0.0,0.0,0.0,1e-05,-4e-05,-0.31344,0.0,-0.99999
185.98,ETH-27DEC19,1568026746298,open,1.01,257.0,0.89,1.034,0.959717,86.76,0.947,0.0,ETH-27DEC19-360-P,181.7,0.0,0.008,4.0,1.59,1.0,417.31,0.20752,-0.08269,-1.01857,0.00232,-0.87634
183.29,ETH-27SEP19,1568026746320,open,0.9,294.0,0.802,0.915,0.855909,116.0,1.024,0.0,ETH-27SEP19-340-P,181.7,0.0,0.832,6.0,0.886,6.0,218.91,0.01207,-0.03915,-0.16558,0.00063,-0.98866
185.98,ETH-27DEC19,1568026746325,open,3.19,0.0,2.968,3.219,3.088645,102.97,None,0.0,ETH-27DEC19-760-P,181.7,0.0,0.0,0.0,0.0,0.0,0.0,0.03434,-0.01624,-2.26092,0.00032,-0.98685
185.98,ETH-27DEC19,1568026746331,open,0.06,444.0,0.03,0.086,0.057224,79.39,0.08,0.0,ETH-27DEC19-140-P,181.7,77.22,0.054,292.0,0.061,506.0,81.91,0.27712,-0.10104,-0.13807,0.00338,-0.19167
185.98,ETH-27DEC19,1568026746464,open,0.17,132.0,0.104,0.197,0.151899,78.73,0.179,0.0,ETH-27DEC19-180-P,181.7,76.87,0.148,32.0,0.157,240.0,81.18,0.38842,-0.14044,-0.29814,0.00478,-0.38552
184.12,SYN.ETH-25OCT19,1568026746478,open,0.11,115.0,0.062,0.138,0.099271,78.98,0.1,0.0,ETH-25OCT19-180-P,181.7,75.89,0.095,96.0,0.105,386.0,83.13,0.25414,-0.21876,-0.11846,0.00755,-0.41263
184.12,SYN.ETH-25OCT19,1568026746610,open,0.18,211.0,0.12,0.209,0.164973,79.48,0.203,0.0,ETH-25OCT19-200-P,181.7,75.2,0.159,336.0,0.171,240.0,83.79,0.25739,-0.22296,-0.16793,0.0076,-0.5607
10487.35,BTC-27DEC19,1568026746643,open,0.0,219.3,0.0005,0.0135,0.00365596,91.05,0.003,0.0,BTC-27DEC19-32000-C,10252.91,88.7,0.003,24.0,0.0045,37.4,93.69,3.12501,-1.30666,0.6062,1e-05,0.02303
10487.35,BTC-27DEC19,1568026746646,open,0.0,248.0,0.0005,0.011,0.00116632,89.32,0.001,0.0,BTC-27DEC19-3500-P,10252.91,80.41,0.0005,41.4,0.0015,54.4,92.47,1.02035,-0.41853,-0.23432,0.0,-0.00632
10487.35,BTC-27DEC19,1568026746651,open,0.14,617.3,0.1025,0.1845,0.14532242,76.11,0.155,0.0,BTC-27DEC19-11000-C,10252.91,74.35,0.1415,22.5,0.1475,24.7,77.11,22.75176,-7.95273,12.25448,9e-05,0.53707
10487.35,BTC-27DEC19,1568026746656,open,0.18,478.7,0.1415,0.222,0.18360206,75.39,0.186,0.0,BTC-27DEC19-10000-C,10252.91,73.65,0.18,22.4,0.1865,16.7,76.79,21.69989,-7.51335,13.84107,9e-05,0.62606
10487.35,BTC-27DEC19,1568026746661,open,0.2,240.6,0.147,0.2395,0.19420512,76.1,0.19,0.0,BTC-27DEC19-11000-P,10252.91,75.09,0.192,14.4,0.1965,4.7,77.17,22.75186,-7.95161,-20.55721,9e-05,-0.46295
182.67,SYN.ETH-20SEP19,1568026746667,open,0.0,4.0,0.001,0.014,0.003839,83.85,0.003,0.0,ETH-20SEP19-230-C,181.7,73.84,0.002,196.0,0.006,500.0,92.66,0.03965,-0.15283,0.00329,0.00476,0.0643
10487.35,BTC-27DEC19,1568026746666,open,0.1,573.8,0.0565,0.127,0.09156926,75.8,0.089,0.0,BTC-27DEC19-9000-P,10252.91,74.69,0.0895,19.3,0.0935,13.0,76.85,19.35275,-6.737,-11.69104,8e-05,-0.28216
183.29,ETH-27SEP19,1568026746721,open,0.0,1988.0,0.001,0.012,0.00225,95.98,0.003,0.0,ETH-27SEP19-280-C,181.7,85.3,0.001,1200.0,0.003,400.0,100.59,0.02719,-0.073,0.00244,0.00172,0.02947
185.99,ETH-27DEC19,1568026746772,open,0.49,0.0,0.402,0.528,0.465497,81.41,None,0.0,ETH-27DEC19-260-P,181.7,65.35,0.437,240.0,0.497,240.0,97.38,0.35194,-0.13157,-0.6479,0.00419,-0.70233
10487.35,BTC-27DEC19,1568026746772,open,0.01,270.5,0.0035,0.0325,0.01421325,83.51,0.015,0.0,BTC-27DEC19-22000-C,10252.91,81.99,0.013,24.0,0.0155,28.0,85.04,8.61969,-3.30567,2.09866,3e-05,0.0813
184.12,SYN.ETH-25OCT19,1568026746774,open,0.27,0.0,0.196,0.293,0.245093,80.4,None,0.0,ETH-25OCT19-220-P,181.7,0.0,0.0,0.0,0.0,0.0,0.0,0.23184,-0.20316,-0.21527,0.00677,-0.68514
182.04,SYN.ETH-13SEP19,1568026746788,open,0.0,590.0,0.001,0.011,0.00183,78.96,0.003,0.0,ETH-13SEP19-160-P,181.7,70.12,0.001,15.0,0.002,15.0,80.48,0.01992,-0.20291,-0.00104,0.00717,-0.05186
188.02,SYN.ETH-27MAR20,1568026746809,open,1.86,0.0,1.698,1.901,1.795746,90.52,None,0.0,ETH-27MAR20-520-P,181.7,0.0,0.005,10.0,0.0,0.0,0.0,0.27546,-0.06238,-2.75671,0.00157,-0.88174
184.12,SYN.ETH-25OCT19,1568026746843,open,0.01,2043.0,0.003,0.028,0.012935,83.69,0.012,0.0,ETH-25OCT19-280-C,181.7,78.78,0.01,660.0,0.015,520.0,86.82,0.11705,-0.10676,0.02084,0.00328,0.103
185.99,ETH-27DEC19,1568026746846,open,0.04,79.0,0.018,0.073,0.043855,83.89,0.041,0.0,ETH-27DEC19-300-C,181.7,81.39,0.04,50.0,0.046,420.0,85.25,0.29088,-0.11206,0.09091,0.00336,0.20772
184.12,SYN.ETH-25OCT19,1568026746852,open,0.03,45.0,0.012,0.055,0.031641,81.27,0.028,0.0,ETH-25OCT19-240-C,181.7,78.71,0.029,220.0,0.035,492.0,84.43,0.19272,-0.1707,0.04333,0.00557,0.2189
10601.98,SYN.BTC-27MAR20,1568026746877,open,0.32,31.7,0.254,0.3715,0.31414914,78.25,0.319,0.0,BTC-27MAR20-12000-P,10252.91,77.69,0.3125,3.6,0.319,4.9,79.9,31.20964,-6.10922,-45.51725,6e-05,-0.46986
188.02,SYN.ETH-27MAR20,1568026746894,open,0.02,324.0,0.007,0.049,0.024655,90.99,0.03,0.0,ETH-27MAR20-560-C,181.7,88.88,0.022,200.0,0.028,500.0,93.49,0.24336,-0.0554,0.0771,0.00138,0.09954
184.12,SYN.ETH-25OCT19,1568026746922,open,0.36,0.0,0.285,0.386,0.335155,81.27,None,0.0,ETH-25OCT19-240-P,181.7,0.0,0.0,0.0,0.0,0.0,0.0,0.19272,-0.1707,-0.25832,0.00557,-0.7811
185.99,ETH-27DEC19,1568026746934,open,0.69,0.0,0.591,0.724,0.656932,83.95,None,0.0,ETH-27DEC19-300-P,181.7,0.0,0.0,0.0,0.0,0.0,0.0,0.29108,-0.11222,-0.80387,0.00336,-0.79204
182.04,SYN.ETH-13SEP19,1568026746936,open,0.01,1286.0,0.001,0.026,0.00833,77.34,0.007,0.0,ETH-13SEP19-170-P,181.7,68.44,0.006,160.0,0.01,426.0,83.27,0.04997,-0.49857,-0.00373,0.01836,-0.18438
184.12,SYN.ETH-25OCT19,1568026746948,open,0.57,3.0,0.482,0.588,0.533702,83.69,0.645,0.0,ETH-25OCT19-280-P,181.7,0.0,0.0,0.0,0.0,0.0,0.0,0.11705,-0.10676,-0.33108,0.00328,-0.897
188.02,SYN.ETH-27MAR20,1568026746974,open,2.08,0.0,1.901,2.113,2.003111,90.99,None,0.0,ETH-27MAR20-560-P,181.7,0.0,0.01,10.0,0.0,0.0,0.0,0.24336,-0.0554,-2.98948,0.00138,-0.90046
10391.32,SYN.BTC-25OCT19,1568026746980,open,0.33,0.0,0.3155,0.3535,0.33416488,78.11,None,0.0,BTC-25OCT19-7000-C,10252.91,0.0,0.326,10.0,0.0,0.0,0.0,4.3185,-3.67649,7.92842,4e-05,0.94122
10487.51,BTC-27DEC19,1568026746992,open,0.27,85.9,0.209,0.308,0.25931172,76.87,0.2655,0.0,BTC-27DEC19-12000-P,10252.91,75.8,0.257,14.4,0.2635,22.5,78.8,22.71044,-8.01671,-25.13604,9e-05,-0.5442
184.12,SYN.ETH-25OCT19,1568026747001,open,0.02,352.0,0.006,0.04,0.020724,83.16,0.022,0.0,ETH-25OCT19-260-C,181.7,79.82,0.018,220.0,0.023,673.0,85.82,0.1543,-0.13986,0.03064,0.00435,0.15313
185.99,ETH-27DEC19,1568026747013,open,0.03,898.0,0.01,0.055,0.029759,86.34,0.026,0.0,ETH-27DEC19-340-C,181.7,84.11,0.027,1.0,0.031,420.0,87.32,0.23512,-0.09323,0.0658,0.00264,0.14837
184.12,SYN.ETH-25OCT19,1568026747069,open,0.46,3.0,0.382,0.486,0.432864,83.16,0.534,0.0,ETH-25OCT19-260-P,181.7,0.0,0.0,0.0,0.0,0.0,0.0,0.1543,-0.13986,-0.29614,0.00435,-0.84687
188.02,SYN.ETH-27MAR20,1568026747072,open,0.02,2489.0,0.006,0.046,0.022544,93.25,0.024,0.0,ETH-27MAR20-600-C,181.7,91.07,0.02,101.0,0.024,200.0,94.43,0.22718,-0.05299,0.07014,0.00126,0.09067
185.99,ETH-27DEC19,1568026747081,open,0.9,0.0,0.789,0.93,0.857913,86.42,None,0.0,ETH-27DEC19-340-P,181.7,0.0,0.0,0.0,0.0,0.0,0.0,0.23545,-0.09345,-0.94826,0.00264,-0.85132
10487.12,BTC-27DEC19,1568026747113,open,0.36,51.5,0.3355,0.3895,0.36268373,76.81,0.3655,0.0,BTC-27DEC19-7000-C,10252.91,71.44,0.357,10.0,0.368,10.1,81.54,11.4793,-4.04914,16.17258,5e-05,0.87968
188.03,SYN.ETH-27MAR20,1568026747176,open,2.29,0.0,2.107,2.33,2.213747,93.39,None,0.0,ETH-27MAR20-600-P,181.7,0.0,0.02,10.0,0.0,0.0,0.0,0.22813,-0.05329,-3.21514,0.00126,-0.90883
182.04,SYN.ETH-13SEP19,1568026747241,open,0.08,100.0,0.026,0.092,0.058638,76.63,0.089,0.0,ETH-13SEP19-190-P,181.7,60.46,0.053,120.0,0.06,120.0,80.36,0.06597,-0.6522,-0.01451,0.02446,-0.69223
185.99,ETH-27DEC19,1568026747247,open,1.11,0.0,0.992,1.139,1.062671,87.21,None,0.0,ETH-27DEC19-380-P,181.7,0.0,0.0,0.0,0.0,0.0,0.0,0.18281,-0.07322,-1.08692,0.00203,-0.89649
10487.05,BTC-27DEC19,1568026747247,open,0.0,502.5,0.0005,0.012,0.00228346,92.97,0.002,0.0,BTC-27DEC19-36000-C,10252.91,88.56,0.0015,46.0,0.003,34.0,96.15,2.14597,-0.91628,0.39199,1e-05,0.01481
10601.91,SYN.BTC-27MAR20,1568026747264,open,1.88,0.0,1.782,1.932,1.85277873,86.81,None,0.0,BTC-27MAR20-30000-P,10252.91,0.0,0.0005,10.0,0.0,0.0,0.0,13.47838,-2.92685,-159.98329,3e-05,-0.90287
10348.71,BTC-27SEP19,1568026747312,open,1.15,0.2,1.0845,1.171,1.12611293,119.48,1.391,0.0,BTC-27SEP19-22000-P,10252.91,0.0,0.0045,10.0,0.0,0.0,0.0,0.22606,-0.75549,-10.75909,0.0,-0.99674
10487.05,BTC-27DEC19,1568026747317,open,2.09,0.3,1.9925,2.124,2.05495112,90.75,1.875,0.0,BTC-27DEC19-32000-P,10252.91,0.0,0.0005,10.0,0.0,0.0,0.0,3.07446,-1.28136,-94.85753,1e-05,-0.97741
182.04,SYN.ETH-13SEP19,1568026747320,open,0.0,2328.0,0.001,0.019,0.005008,77.95,0.003,0.0,ETH-13SEP19-200-C,181.7,67.7,0.003,496.0,0.006,200.0,82.36,0.03948,-0.39702,0.0024,0.01439,0.12904
10487.05,BTC-27DEC19,1568026747325,open,0.07,497.5,0.038,0.1085,0.07227024,78.12,0.077,0.0,BTC-27DEC19-14000-C,10252.91,76.7,0.0695,35.3,0.0745,25.0,79.25,20.51917,-7.36116,7.79242,8e-05,0.32137
10487.05,BTC-27DEC19,1568026747325,open,2.85,0.0,2.74,2.898,2.81586418,95.67,2.58,0.0,BTC-27DEC19-40000-P,10252.91,0.0,0.0005,10.0,0.0,0.0,0.0,1.61871,-0.71115,-119.03243,1e-05,-0.9893
10348.71,BTC-27SEP19,1568026747325,open,0.01,578.9,0.0005,0.0205,0.0077213,76.34,0.008,0.0,BTC-27SEP19-13000-C,10252.91,73.13,0.0065,45.0,0.0085,13.0,78.26,4.10117,-8.75673,0.48193,0.0001,0.10281
10311.21,SYN.BTC-20SEP19,1568026747325,open,0.1,8.2,0.061,0.119,0.09015153,70.02,0.092,0.0,BTC-20SEP19-11000-P,10252.91,66.5,0.088,0.6,0.0925,0.6,73.81,6.34458,-20.42501,-2.37369,0.00029,-0.68244
10348.71,BTC-27SEP19,1568026747382,open,1.54,0.0,1.4635,1.564,1.51240591,115.51,None,0.0,BTC-27SEP19-26000-P,10252.91,0.0,0.0,0.0,0.0,0.0,0.0,0.02172,-0.07018,-12.73216,0.0,-0.99975
10487.05,BTC-27DEC19,1568026747390,open,0.01,281.3,0.0005,0.022,0.00809539,87.42,0.0075,0.0,BTC-27DEC19-26000-C,10252.91,86.31,0.0075,1.0,0.0085,54.0,88.15,5.7338,-2.30201,1.25359,2e-05,0.04817
10487.05,BTC-27DEC19,1568026747399,open,3.24,0.0,3.1135,3.2865,3.19701848,99.29,3.46,0.0,BTC-27DEC19-44000-P,10252.91,0.0,0.0005,10.0,0.0,0.0,0.0,1.36734,-0.6235,-131.01438,0.0,-0.99118
10487.05,BTC-27DEC19,1568026747399,open,1.32,0.0,1.2465,1.358,1.29910333,85.49,None,0.0,BTC-27DEC19-24000-P,10252.91,0.0,0.006,1.0,2.035,0.2,499.57,6.98478,-2.74238,-69.98598,2e-05,-0.93817
182.04,SYN.ETH-13SEP19,1568026747475,open,0.0,453.0,0.001,0.012,0.002391,87.96,0.001,0.0,ETH-13SEP19-210-C,181.7,74.4,0.001,343.0,0.003,400.0,92.46,0.02319,-0.26313,0.00117,0.00749,0.06291
10601.91,SYN.BTC-27MAR20,1568026747534,open,2.26,0.0,2.149,2.308,2.22378567,88.39,None,0.0,BTC-27MAR20-34000-P,10252.91,0.0,0.0005,10.0,0.0,0.0,0.0,10.86716,-2.40289,-182.92952,2e-05,-0.9271
182.04,SYN.ETH-13SEP19,1568026747548,open,0.18,200.0,0.121,0.194,0.155954,87.96,0.265,0.0,ETH-13SEP19-210-P,181.7,0.0,0.153,100.0,0.175,11.0,168.35,0.02319,-0.26312,-0.02113,0.00749,-0.93709
10273.68,SYN.BTC-13SEP19,1568026747609,open,0.09,93.4,0.052,0.104,0.07765869,70.34,0.0855,0.0,BTC-13SEP19-11000-P,10252.91,57.59,0.0745,0.6,0.0785,0.6,73.37,2.80128,-25.42093,-0.97661,0.00036,-0.81758
10601.91,SYN.BTC-27MAR20,1568026747609,open,0.1,162.1,0.06,0.134,0.09659941,76.92,0.1,0.0,BTC-27MAR20-8000-P,10252.91,75.03,0.0925,14.9,0.0995,26.0,78.25,23.10175,-4.44502,-18.25846,5e-05,-0.2179
10348.71,BTC-27SEP19,1568026747621,open,0.01,241.6,0.0005,0.0215,0.0087769,75.27,0.01,0.0,BTC-27SEP19-8500-P,10252.91,73.28,0.008,30.0,0.01,76.5,78.27,4.10635,-8.64547,-0.56645,0.0001,-0.10299
182.04,SYN.ETH-13SEP19,1568026747621,open,0.0,215.0,0.001,0.011,0.000721,89.07,0.001,0.0,ETH-13SEP19-220-C,181.7,0.0,0.0,0.0,0.001,3.0,93.73,0.00978,-0.11237,0.00041,0.00312,0.02182
10348.71,BTC-27SEP19,1568026747630,open,0.15,18.0,0.1065,0.1715,0.13692399,72.19,0.1,0.0,BTC-27SEP19-11500-P,10252.91,66.14,0.1325,7.0,0.142,15.0,78.87,7.72008,-15.58774,-4.33899,0.0002,-0.71919
10391.29,SYN.BTC-25OCT19,1568026747640,open,0.22,14.4,0.1685,0.247,0.20815939,75.49,0.171,0.0,BTC-25OCT19-12000-P,10252.91,0.0,0.1545,10.0,0.0,0.0,0.0,13.5448,-11.14349,-11.29828,0.00013,-0.65691
182.04,SYN.ETH-13SEP19,1568026747694,open,0.24,0.0,0.174,0.248,0.209215,89.07,None,0.0,ETH-13SEP19-220-P,181.7,0.0,0.0,0.0,0.0,0.0,0.0,0.00978,-0.11237,-0.02295,0.00312,-0.97818
10601.91,SYN.BTC-27MAR20,1568026747750,open,0.03,36.5,0.0105,0.062,0.03190385,84.36,0.036,0.0,BTC-27MAR20-26000-C,10252.91,82.8,0.0295,16.0,0.034,19.0,85.68,16.6267,-3.50889,5.71488,3e-05,0.13034
10311.21,SYN.BTC-20SEP19,1568026747761,open,0.0,30.6,0.0005,0.0115,0.00175535,81.56,0.0015,0.0,BTC-20SEP19-8000-P,10252.91,74.14,0.001,40.0,0.0025,36.3,87.18,1.22887,-4.60795,-0.0992,5e-05,-0.03053
10311.21,SYN.BTC-20SEP19,1568026747767,open,0.0,27.8,0.0005,0.012,0.00228024,75.98,0.002,0.0,BTC-20SEP19-13000-C,10252.91,70.56,0.0015,58.1,0.003,45.6,80.07,1.67028,-5.83413,0.12954,7e-05,0.04444
183.29,ETH-27SEP19,1568026747824,open,0.0,1988.0,0.001,0.012,0.00225,95.98,0.003,0.0,ETH-27SEP19-280-C,181.7,85.3,0.001,1420.0,0.003,400.0,100.59,0.02719,-0.073,0.00244,0.00172,0.02947
10273.68,SYN.BTC-13SEP19,1568026747881,open,0.0,414.7,0.0005,0.0115,0.00154342,77.8,0.002,0.0,BTC-13SEP19-9000-P,10252.91,77.35,0.0015,1.3,0.002,30.4,82.11,1.01065,-10.14328,-0.05121,0.00012,-0.0454
188.03,SYN.ETH-27MAR20,1568026747886,open,0.58,2.0,0.568,0.608,0.588465,82.21,0.597,0.0,ETH-27MAR20-80-C,181.7,0.0,0.574,16.0,0.601,16.0,97.92,0.12889,-0.02651,0.3787,0.00081,0.95626
182.67,SYN.ETH-20SEP19,1568026747907,open,0.27,0.0,0.267,0.311,0.289164,93.18,None,0.0,ETH-20SEP19-130-C,181.7,0.0,0.0,0.0,0.0,0.0,0.0,0.01131,-0.04843,0.03792,0.00122,0.98592
10273.68,SYN.BTC-13SEP19,1568026747950,open,0.0,408.7,0.0005,0.012,0.00236235,73.18,0.002,0.0,BTC-13SEP19-11500-C,10252.91,66.4,0.0015,46.3,0.0025,1.0,74.14,1.45993,-13.78366,0.07649,0.00018,0.07248
10601.91,SYN.BTC-27MAR20,1568026747950,open,0.01,369.0,0.001,0.028,0.0106592,89.95,0.01,0.0,BTC-27MAR20-40000-C,10252.91,87.6,0.009,61.1,0.0125,24.0,92.31,7.86599,-1.77004,2.18308,1e-05,0.04826
10273.68,SYN.BTC-13SEP19,1568026747962,open,0.26,10.0,0.2555,0.2855,0.27016116,119.84,0.2995,0.0,BTC-13SEP19-7500-C,10252.91,0.0,0.2585,6.0,0.281,6.0,245.54,0.14009,-2.16591,0.79124,1e-05,0.99547
182.67,SYN.ETH-20SEP19,1568026747982,open,0.0,5.0,0.001,0.011,0.00084,93.18,0.003,0.0,ETH-20SEP19-130-P,181.7,0.0,0.0,0.0,0.002,204.0,107.04,0.01131,-0.04843,-0.00081,0.00122,-0.01408
10487.05,BTC-27DEC19,1568026748042,open,0.0,592.2,0.0005,0.0135,0.00368699,83.72,0.003,0.0,BTC-27DEC19-4500-P,10252.91,80.81,0.003,4.0,0.004,18.3,84.93,2.63185,-1.01183,-0.70361,1e-05,-0.01881
10601.91,SYN.BTC-27MAR20,1568026748052,open,2.44,0.0,2.333,2.496,2.40981116,88.77,None,0.0,BTC-27MAR20-36000-P,10252.91,0.0,0.0005,10.0,0.0,0.0,0.0,9.67127,-2.14758,-194.32233,2e-05,-0.93731
10391.29,SYN.BTC-25OCT19,1568026748054,open,0.03,68.8,0.014,0.059,0.03446759,76.34,0.038,0.0,BTC-25OCT19-13000-C,10252.91,74.1,0.032,48.0,0.036,12.0,77.71,11.56574,-9.6235,2.7418,0.00011,0.2444
182.67,SYN.ETH-20SEP19,1568026748065,open,0.22,0.0,0.211,0.259,0.235256,84.18,None,0.0,ETH-20SEP19-140-C,181.7,0.0,0.0,0.0,0.0,0.0,0.0,0.02056,-0.07955,0.04007,0.00246,0.97151
10601.91,SYN.BTC-27MAR20,1568026748112,open,0.24,70.3,0.1975,0.292,0.24720858,76.92,0.2435,0.0,BTC-27MAR20-10000-C,10252.91,74.48,0.2405,15.0,0.2485,0.3,77.4,29.03723,-5.58768,23.42723,6e-05,0.65073
188.03,SYN.ETH-27MAR20,1568026748123,open,0.07,1179.0,0.034,0.093,0.063412,82.24,0.07,0.0,ETH-27MAR20-120-P,181.7,76.66,0.054,300.0,0.062,240.0,81.42,0.32248,-0.06635,-0.21836,0.00203,-0.14866
182.67,SYN.ETH-20SEP19,1568026748137,open,0.0,5.0,0.001,0.011,0.001677,84.18,0.007,0.0,ETH-20SEP19-140-P,181.7,0.0,0.0,0.0,0.004,700.0,99.9,0.02056,-0.07955,-0.00164,0.00246,-0.02849
10601.91,SYN.BTC-27MAR20,1568026748142,open,0.63,0.0,0.6175,0.6435,0.62982141,79.52,None,0.0,BTC-27MAR20-4000-C,10252.91,56.05,0.6235,0.1,0.0,0.0,0.0,4.66943,-0.92887,20.00802,1e-05,0.97445
10311.21,SYN.BTC-20SEP19,1568026748162,open,0.06,11.7,0.0375,0.089,0.063629,69.35,0.054,0.0,BTC-20SEP19-10000-C,10252.91,66.09,0.0615,0.6,0.065,7.6,71.44,6.75518,-21.53746,1.7215,0.00031,0.62395
10487.05,BTC-27DEC19,1568026748164,open,1.32,0.0,1.2465,1.358,1.29910333,85.49,None,0.0,BTC-27DEC19-24000-P,10252.91,0.0,0.006,1.0,2.036,0.2,500.0,6.98478,-2.74238,-69.98598,2e-05,-0.93817
10601.91,SYN.BTC-27MAR20,1568026748184,open,0.47,51.6,0.39,0.516,0.45395153,78.43,0.4435,0.0,BTC-27MAR20-14000-P,10252.91,63.87,0.4125,3.0,0.4695,3.0,83.77,30.74568,-6.03224,-59.73097,6e-05,-0.57489
10311.21,SYN.BTC-20SEP19,1568026748188,open,0.17,0.0,0.1595,0.1995,0.17928418,75.62,None,0.0,BTC-20SEP19-8500-C,10252.91,0.0,0.0,0.0,0.0,0.0,0.0,2.15211,-7.4816,2.33365,9e-05,0.93885
10601.91,SYN.BTC-27MAR20,1568026748190,open,0.97,0.0,0.883,1.02,0.9495075,82.6,None,0.0,BTC-27MAR20-20000-P,10252.91,0.0,0.0015,1.0,0.0,0.0,0.0,23.9283,-4.944,-99.72227,5e-05,-0.76817
188.03,SYN.ETH-27MAR20,1568026748203,open,0.29,222.0,0.251,0.346,0.303256,82.23,0.313,0.0,ETH-27MAR20-160-C,181.7,69.78,0.272,20.0,0.32,15.0,88.91,0.47199,-0.09709,0.42446,0.00296,0.7155
182.67,SYN.ETH-20SEP19,1568026748203,open,0.16,0.0,0.155,0.209,0.182654,77.72,None,0.0,ETH-20SEP19-150-C,181.7,0.0,0.0,0.0,0.0,0.0,0.0,0.03868,-0.13822,0.0411,0.00501,0.9377
10311.21,SYN.BTC-20SEP19,1568026748220,open,0.28,0.0,0.2365,0.2925,0.26304358,75.97,None,0.0,BTC-20SEP19-13000-P,10252.91,0.0,0.0,0.0,0.0,0.0,0.0,1.66996,-5.83266,-3.74402,7e-05,-0.95557
188.03,SYN.ETH-27MAR20,1568026748278,open,0.17,209.0,0.105,0.201,0.154244,82.25,0.145,0.0,ETH-27MAR20-160-P,181.7,78.57,0.145,32.0,0.158,412.0,83.74,0.47199,-0.09711,-0.45175,0.00296,-0.2845
10391.25,SYN.BTC-25OCT19,1568026748288,open,0.3,0.0,0.246,0.3255,0.28550558,76.33,None,0.0,BTC-25OCT19-13000-P,10252.91,0.0,0.251,10.0,1.2705,3.2,500.0,11.56439,-9.62088,-13.59798,0.00011,-0.75565
10273.68,SYN.BTC-13SEP19,1568026748303,open,0.13,23.0,0.098,0.148,0.12172625,73.17,0.1355,0.0,BTC-13SEP19-11500-P,10252.91,0.0,0.119,0.6,0.1225,0.6,78.24,1.45953,-13.7782,-1.14465,0.00018,-0.92755
182.67,SYN.ETH-20SEP19,1568026748336,open,0.12,0.0,0.103,0.163,0.134555,77.13,None,0.0,ETH-20SEP19-160-C,181.7,0.0,0.0,0.0,0.0,0.0,0.0,0.0716,-0.25389,0.03926,0.00934,0.85581
188.03,SYN.ETH-27MAR20,1568026748368,open,0.21,505.0,0.16,0.263,0.21607,82.23,0.21,0.0,ETH-27MAR20-200-C,181.7,79.79,0.209,201.0,0.223,441.0,84.63,0.54379,-0.11186,0.37509,0.00342,0.58036
10391.25,SYN.BTC-25OCT19,1568026748379,open,0.17,0.0,0.148,0.2085,0.1785035,74.03,None,0.0,BTC-25OCT19-9000-C,10252.91,42.97,0.147,7.0,0.189,7.0,83.23,11.67186,-9.41768,7.48225,0.00012,0.7514
10273.68,SYN.BTC-13SEP19,1568026748390,open,0.0,58.2,0.0005,0.0105,0.00018145,119.83,0.0005,0.0,BTC-13SEP19-7500-P,10252.91,0.0,0.0,0.0,0.0005,8.4,135.54,0.14,-1.86412,-0.00513,1e-05,-0.00452
182.67,SYN.ETH-20SEP19,1568026748439,open,0.01,17.0,0.001,0.026,0.010464,77.13,0.015,0.0,ETH-20SEP19-160-P,181.7,67.67,0.007,285.0,0.013,200.0,83.37,0.0716,-0.25389,-0.00842,0.00934,-0.14419
10311.2,SYN.BTC-20SEP19,1568026748480,open,0.14,1.0,0.0995,0.158,0.12823687,70.44,0.125,0.0,BTC-20SEP19-11500-P,10252.91,65.7,0.126,0.6,0.131,0.6,75.97,5.00412,-16.20602,-2.84754,0.00022,-0.79859
182.67,SYN.ETH-20SEP19,1568026748526,open,0.08,2.0,0.059,0.123,0.092711,76.31,0.05,0.0,ETH-20SEP19-170-C,181.7,64.23,0.086,240.0,0.094,200.0,78.55,0.10434,-0.36604,0.03466,0.01375,0.72956
