underlying_price,underlying_index,timestamp,state,settlement_price,open_interest,min_price,max_price,mark_price,mark_iv,last_price,interest_rate,instrument_name,index_price,bid_iv,best_bid_price,best_bid_amount,best_ask_price,best_ask_amount,ask_iv,vega,theta,rho,gamma,delta
7364.16,BTC-27DEC19,1575975540897,open,0.63,73.0,0.598,0.6685,0.6307551,101.76,0.64,0.0,BTC-27DEC19-12000-P,7334.79,0.0,0.6235,2.0,0.6375,2.0,138.53,0.66468,-2.00401,-5.49481,3e-05,-0.98309
7410.7,SYN.BTC-31JAN20,1575975540897,open,0.01,248.3,0.0005,0.023,0.00924027,76.33,0.009,0.0,BTC-31JAN20-5000-P,7334.79,74.76,0.0085,21.0,0.01,20.2,77.88,3.55735,-2.61711,-0.78567,6e-05,-0.06535
7339.8,SYN.BTC-13DEC19,1575975540897,open,0.06,98.2,0.037,0.086,0.05996998,58.61,0.062,0.0,BTC-13DEC19-7750-P,7334.79,27.47,0.056,5.0,0.062,1.0,67.57,1.54608,-15.75664,-0.52387,0.00062,-0.84596
7339.8,SYN.BTC-13DEC19,1575975540897,open,0.0,193.3,0.0005,0.0105,0.0002452,83.73,0.0005,0.0,BTC-13DEC19-8750-C,7334.79,0.0,0.0,0.0,0.0005,0.3,92.04,0.17313,-1.7997,0.00562,5e-05,0.00997
7485.16,BTC-27MAR20,1575975540903,open,3.01,0.0,2.93,3.1045,3.01167016,109.17,None,0.0,BTC-27MAR20-30000-P,7334.79,0.0,0.0015,10.0,0.0,0.0,0.0,2.01668,-1.02045,-88.29292,1e-05,-0.97944
147.7,ETH-27DEC19,1575975540905,open,0.0,16677.0,0.001,0.011,0.0,120.0,0.001,0.0,ETH-27DEC19-640-C,147.14,0.0,0.0,0.0,0.001,250.0,248.77,0.0,0.0,0.0,0.0,0.0
149.75,ETH-27MAR20,1575975540905,open,0.05,5494.0,0.018,0.08,0.045018,84.34,0.049,0.0,ETH-27MAR20-240-C,147.14,82.41,0.042,593.0,0.048,250.0,86.22,0.23596,-0.09224,0.07392,0.00422,0.21203
147.7,ETH-27DEC19,1575975540905,open,0.04,4530.0,0.013,0.064,0.035755,69.67,0.037,0.0,ETH-27DEC19-140-P,147.14,66.14,0.033,560.0,0.038,720.0,72.54,0.1154,-0.23821,-0.02517,0.01642,-0.33276
147.7,ETH-27DEC19,1575975540905,open,1.16,100.0,1.104,1.234,1.1667,120.0,0.883,0.0,ETH-27DEC19-320-P,147.14,0.0,0.011,5.0,0.0,0.0,0.0,0.00208,-0.00739,-0.14782,0.00017,-0.99793
147.24,SYN.ETH-13DEC19,1575975540905,open,0.0,1250.0,0.001,0.012,0.001465,93.01,0.001,0.0,ETH-13DEC19-170-C,147.14,86.82,0.001,1.0,0.002,550.0,98.87,0.01229,-0.19872,0.0005,0.00774,0.04455
148.49,SYN.ETH-31JAN20,1575975540905,open,0.04,125.0,0.02,0.075,0.044405,74.0,0.041,0.0,ETH-31JAN20-180-C,147.14,72.13,0.042,462.0,0.047,640.0,76.0,0.19194,-0.1369,0.05205,0.00828,0.29104
151.06,SYN.ETH-26JUN20,1575975540905,open,0.03,667.0,0.011,0.07,0.033524,96.21,0.038,0.0,ETH-26JUN20-440-C,147.14,94.52,0.031,440.0,0.036,390.0,97.81,0.22954,-0.05552,0.0753,0.00192,0.12501
147.7,ETH-27DEC19,1575975540907,open,0.0,6970.0,0.001,0.011,0.001468,103.63,0.001,0.0,ETH-27DEC19-240-C,147.14,98.41,0.001,450.0,0.002,1.0,108.36,0.01496,-0.04593,0.00122,0.00143,0.01936
147.7,ETH-27DEC19,1575975540907,open,1.3,0.0,1.236,1.373,1.302028,120.0,None,0.0,ETH-27DEC19-340-P,147.14,0.0,0.003,9.0,0.0,0.0,0.0,0.00103,-0.00366,-0.15714,9e-05,-0.99904
147.7,ETH-27DEC19,1575975540907,open,0.17,0.0,0.129,0.211,0.168818,74.33,None,0.0,ETH-27DEC19-170-P,147.14,0.0,0.15,1.0,0.182,365.0,93.86,0.09202,-0.20266,-0.06535,0.01227,-0.78809
147.7,ETH-27DEC19,1575975540907,open,3.87,0.0,3.734,4.025,3.874746,120.0,None,0.0,ETH-27DEC19-720-P,147.14,0.0,0.004,50.0,0.0,0.0,0.0,0.0,0.0,-0.33289,0.0,-1.0
147.24,SYN.ETH-13DEC19,1575975540907,open,0.0,56.0,0.001,0.011,0.000335,120.0,0.002,0.0,ETH-13DEC19-190-C,147.14,0.0,0.0,0.0,0.001,451.0,139.17,0.00337,-0.04929,0.00011,0.00164,0.00962
7364.16,BTC-27DEC19,1575975540912,open,0.0,961.6,0.0005,0.0105,0.0,120.0,0.001,0.0,BTC-27DEC19-30000-C,7334.79,0.0,0.0,0.0,0.0005,5.9,224.59,0.0,-2e-05,0.0,0.0,0.0
7485.16,BTC-27MAR20,1575975540914,open,0.0,69.3,0.0005,0.018,0.0042454,106.59,0.006,0.0,BTC-27MAR20-28000-C,7334.79,103.95,0.0035,10.0,0.005,20.0,108.96,2.25495,-1.11405,0.42516,1e-05,0.02346
7364.16,BTC-27DEC19,1575975540914,open,3.07,0.2,2.994,3.1565,3.07376779,0.0,2.51,0.0,BTC-27DEC19-30000-P,7334.79,0.0,0.0,0.0,0.0,0.0,0.0,0.0,0.0,-13.87043,0.0,-1.0
7339.8,SYN.BTC-13DEC19,1575975540914,open,0.0,184.9,0.0005,0.0105,0.00023089,95.92,0.0005,0.0,BTC-13DEC19-6000-P,7334.79,0.0,0.0,0.0,0.0005,21.1,106.34,0.1425,-1.69466,-0.00475,4e-05,-0.00798
7339.8,SYN.BTC-13DEC19,1575975540914,open,0.05,89.5,0.03,0.0745,0.0515134,59.57,0.048,0.0,BTC-13DEC19-7000-C,7334.79,52.68,0.05,12.0,0.052,5.0,61.64,1.69769,-17.5836,0.44554,0.00067,0.82197
7410.7,SYN.BTC-31JAN20,1575975540914,open,0.02,329.5,0.006,0.039,0.01770043,68.0,0.0175,0.0,BTC-31JAN20-10000-C,7334.79,67.19,0.017,5.0,0.0185,16.0,68.9,6.48456,-4.24988,1.38276,0.00012,0.14899
7339.8,SYN.BTC-13DEC19,1575975540914,open,0.26,0.0,0.236,0.2895,0.26058379,110.17,None,0.0,BTC-13DEC19-9250-P,7334.79,0.0,0.0,0.0,0.0,0.0,0.0,0.17761,-3.40208,-0.72303,4e-05,-0.98974
7606.15,SYN.BTC-26JUN20,1575975540914,open,1.65,0.1,1.59,1.741,1.6572468,86.14,1.765,0.0,BTC-26JUN20-20000-P,7334.79,0.0,0.1,1.0,2.05,0.1,235.58,10.86895,-2.35383,-105.3767,4e-05,-0.88543
7485.16,BTC-27MAR20,1575975540918,open,0.01,501.9,0.0005,0.0265,0.00826682,93.61,0.009,0.0,BTC-27MAR20-20000-C,7334.79,92.13,0.0075,22.0,0.009,15.0,94.96,3.98072,-1.72721,0.85248,3e-05,0.0468
7485.16,BTC-27MAR20,1575975540918,open,2.47,0.0,2.4065,2.561,2.4782839,103.38,None,0.0,BTC-27MAR20-26000-P,7334.79,0.0,0.0015,10.0,0.0,0.0,0.0,2.49933,-1.19761,-76.36106,1e-05,-0.97347
7485.16,BTC-27MAR20,1575975540918,open,2.74,0.0,2.6685,2.833,2.74496541,106.54,None,0.0,BTC-27MAR20-28000-P,7334.79,0.0,0.0015,10.0,0.0,0.0,0.0,2.24958,-1.11087,-82.32993,1e-05,-0.9766
7364.16,BTC-27DEC19,1575975540918,open,5.51,0.0,5.3905,5.651,5.51802846,0.0,None,0.0,BTC-27DEC19-48000-P,7334.79,0.0,0.0005,1.0,0.0,0.0,0.0,0.0,0.0,-22.19269,0.0,-1.0
7606.15,SYN.BTC-26JUN20,1575975540918,open,0.02,31.6,0.008,0.056,0.02320301,88.38,0.025,0.0,BTC-26JUN20-22000-C,7334.79,87.01,0.0215,20.0,0.0245,5.0,89.4,9.59946,-2.13307,3.03764,3e-05,0.0965
7364.16,BTC-27DEC19,1575975540920,open,0.0,530.9,0.0005,0.0105,0.0,120.0,0.0005,0.0,BTC-27DEC19-32000-C,7334.79,0.0,0.0,0.0,0.0005,5.4,233.32,0.0,0.0,0.0,0.0,0.0
7485.16,BTC-27MAR20,1575975540920,open,0.0,115.7,0.0005,0.019,0.00475818,103.42,0.0075,0.0,BTC-27MAR20-26000-C,7334.79,101.03,0.004,43.0,0.0055,12.1,105.54,2.50419,-1.20042,0.48296,1e-05,0.02659
7485.16,BTC-27MAR20,1575975540922,open,0.89,58.9,0.8425,0.949,0.89010985,80.1,1.1385,0.0,BTC-27MAR20-14000-P,7334.79,0.0,0.4,0.5,1.135,0.5,210.77,7.71172,-2.86307,-39.35358,6e-05,-0.88879
7364.16,BTC-27DEC19,1575975540922,open,3.88,1.3,3.793,3.988,3.88852134,0.0,3.212,0.0,BTC-27DEC19-36000-P,7334.79,0.0,0.0005,1.0,0.0,0.0,0.0,0.0,0.0,-16.64452,0.0,-1.0
7606.15,SYN.BTC-26JUN20,1575975540922,open,1.14,5.0,1.085,1.224,1.14685575,81.1,1.22,0.0,BTC-26JUN20-16000-P,7334.79,0.0,0.56,1.0,2.0,0.1,486.61,14.35953,-2.92772,-81.80911,6e-05,-0.82715
7606.15,SYN.BTC-26JUN20,1575975540922,open,2.95,0.0,2.8715,3.0625,2.9582564,96.72,None,0.0,BTC-26JUN20-30000-P,7334.79,0.0,0.002,1.0,0.0,0.0,0.0,6.58036,-1.60007,-161.60738,2e-05,-0.94123
7485.16,BTC-27MAR20,1575975540934,open,0.01,159.0,0.0005,0.0215,0.0057604,100.88,0.006,0.0,BTC-27MAR20-24000-C,7334.79,98.85,0.005,1.0,0.0065,12.1,102.7,2.93127,-1.37062,0.58359,2e-05,0.03214
7606.15,SYN.BTC-26JUN20,1575975540934,open,0.01,82.7,0.004,0.041,0.0140952,96.73,0.0135,0.0,BTC-26JUN20-30000-C,7334.79,95.44,0.013,1.0,0.015,5.0,97.76,6.58472,-1.60142,1.8535,2e-05,0.05882
7410.7,SYN.BTC-31JAN20,1575975540934,open,0.01,99.5,0.001,0.028,0.01073317,72.12,0.0135,0.0,BTC-31JAN20-11000-C,7334.79,70.94,0.01,5.0,0.0115,19.6,73.31,4.68401,-3.25599,0.87663,8e-05,0.09396
7606.15,SYN.BTC-26JUN20,1575975540934,open,0.02,59.5,0.0055,0.0475,0.01764769,92.91,0.021,0.0,BTC-26JUN20-26000-C,7334.79,91.77,0.0165,5.0,0.019,5.0,94.19,7.83546,-1.83023,2.31956,3e-05,0.07362
7410.7,SYN.BTC-31JAN20,1575975540952,open,0.04,56.3,0.023,0.071,0.04085326,63.4,0.044,0.0,BTC-31JAN20-6500-P,7334.79,62.27,0.0395,12.8,0.042,15.0,64.35,8.91597,-5.44794,-3.08471,0.00018,-0.25202
7364.16,BTC-27DEC19,1575975540956,open,0.0,390.4,0.0005,0.0105,0.00014064,120.0,0.0005,0.0,BTC-27DEC19-16000-C,7334.79,0.0,0.0,0.0,0.0005,29.3,135.26,0.10036,-0.35684,0.00633,0.0,0.002
7364.16,BTC-27DEC19,1575975540956,open,0.76,98.8,0.731,0.8055,0.76605938,108.52,0.7,0.0,BTC-27DEC19-13000-P,7334.79,0.0,0.76,2.0,0.773,2.0,154.16,0.4293,-1.38027,-5.97836,2e-05,-0.9898
7364.16,BTC-27DEC19,1575975540958,open,0.0,1035.9,0.0005,0.0105,0.00032109,120.0,0.0005,0.0,BTC-27DEC19-15000-C,7334.79,0.0,0.0,0.0,0.001,26.1,135.69,0.19983,-0.71047,0.01352,1e-05,0.00429
147.7,ETH-27DEC19,1575975540960,open,0.01,202.0,0.001,0.02,0.006464,80.83,0.01,0.0,ETH-27DEC19-190-C,147.14,76.23,0.005,1140.0,0.008,590.0,85.12,0.0501,-0.11998,0.00547,0.00615,0.08657
149.75,ETH-27MAR20,1575975540962,open,2.21,0.0,2.114,2.325,2.213337,105.98,None,0.0,ETH-27MAR20-480-P,147.14,0.0,0.004,50.0,0.0,0.0,0.0,0.07226,-0.0355,-1.40382,0.00103,-0.95851
149.75,ETH-27MAR20,1575975540962,open,0.21,3927.0,0.156,0.265,0.209665,77.86,0.225,0.0,ETH-27MAR20-160-P,147.14,73.4,0.2,300.0,0.217,300.0,81.25,0.32429,-0.11703,-0.30434,0.00628,-0.47797
151.06,SYN.ETH-26JUN20,1575975540962,open,3.25,0.0,3.119,3.406,3.253806,103.62,None,0.0,ETH-26JUN20-640-P,147.14,0.0,0.01,50.0,0.0,0.0,0.0,0.14331,-0.03734,-3.44667,0.00111,-0.93385
151.06,SYN.ETH-26JUN20,1575975540962,open,0.02,111.0,0.006,0.052,0.021986,101.32,0.029,0.0,ETH-26JUN20-560-C,147.14,99.53,0.02,140.0,0.024,140.0,103.05,0.17214,-0.04385,0.05113,0.00137,0.08411
151.06,SYN.ETH-26JUN20,1575975540962,open,0.21,126.0,0.152,0.258,0.20537,78.2,0.22,0.0,ETH-26JUN20-160-C,147.14,78.76,0.207,265.0,0.221,460.0,83.62,0.43696,-0.08591,0.30418,0.00449,0.57494
151.06,SYN.ETH-26JUN20,1575975540962,open,2.73,0.0,2.607,2.868,2.729202,101.32,None,0.0,ETH-26JUN20-560-P,147.14,0.0,0.01,50.0,0.0,0.0,0.0,0.17214,-0.04385,-3.00012,0.00137,-0.91589
147.7,ETH-27DEC19,1575975540964,open,0.29,0.0,0.252,0.338,0.292855,80.83,None,0.0,ETH-27DEC19-190-P,147.14,52.94,0.287,345.0,0.309,345.0,115.28,0.0501,-0.11998,-0.08238,0.00615,-0.91343
147.7,ETH-27DEC19,1575975540964,open,0.49,2830.0,0.447,0.543,0.492465,98.35,0.65,0.0,ETH-27DEC19-220-P,147.14,0.0,0.001,9.0,0.0,0.0,0.0,0.02606,-0.07593,-0.09935,0.00263,-0.96234
147.7,ETH-27DEC19,1575975540964,open,0.01,5144.0,0.001,0.028,0.010286,76.87,0.012,0.0,ETH-27DEC19-180-C,147.14,74.0,0.009,591.0,0.012,890.0,80.47,0.06813,-0.15517,0.00836,0.00879,0.13266
147.7,ETH-27DEC19,1575975540964,open,0.0,3908.0,0.001,0.012,0.002981,103.83,0.002,0.0,ETH-27DEC19-100-P,147.14,96.65,0.002,262.0,0.004,801.0,109.97,0.02253,-0.06931,-0.00236,0.00215,-0.03155
147.7,ETH-27DEC19,1575975540964,open,1.57,0.0,1.499,1.652,1.572795,120.0,None,0.0,ETH-27DEC19-380-P,147.14,0.0,0.02,50.0,0.0,0.0,0.0,0.00025,-0.00088,-0.17568,2e-05,-0.99979
147.7,ETH-27DEC19,1575975540965,open,0.0,4535.0,0.001,0.011,0.0,120.0,0.002,0.0,ETH-27DEC19-760-C,147.14,0.0,0.0,0.0,0.001,250.0,272.79,0.0,0.0,0.0,0.0,0.0
148.49,SYN.ETH-31JAN20,1575975540964,open,0.01,25.0,0.001,0.024,0.008926,89.56,0.015,0.0,ETH-31JAN20-260-C,147.14,87.64,0.008,160.0,0.01,370.0,91.66,0.07357,-0.0635,0.01248,0.00262,0.06808
147.24,SYN.ETH-13DEC19,1575975540964,open,0.16,1.0,0.122,0.195,0.156078,93.01,0.167,0.0,ETH-13DEC19-170-P,147.14,0.0,0.002,55.0,0.157,1.0,102.57,0.01229,-0.19872,-0.01289,0.00774,-0.95545
147.24,SYN.ETH-13DEC19,1575975540964,open,0.01,652.0,0.001,0.023,0.005424,62.83,0.006,0.0,ETH-13DEC19-140-P,147.14,60.96,0.005,127.0,0.006,2.0,65.3,0.03379,-0.36908,-0.0021,0.03149,-0.1758
151.06,SYN.ETH-26JUN20,1575975540964,open,0.26,90.0,0.206,0.309,0.258778,78.77,0.271,0.0,ETH-26JUN20-140-C,147.14,81.08,0.265,3.0,0.279,210.0,86.3,0.40703,-0.0806,0.33293,0.00416,0.66328
148.49,SYN.ETH-31JAN20,1575975540965,open,0.63,0.0,0.574,0.689,0.628701,85.87,None,0.0,ETH-31JAN20-240-P,147.14,0.0,0.01,50.0,0.0,0.0,0.0,0.09329,-0.07721,-0.32405,0.00347,-0.9068
147.7,ETH-27DEC19,1575975540966,open,0.0,7796.0,0.001,0.013,0.002959,98.35,0.002,0.0,ETH-27DEC19-220-C,147.14,92.25,0.002,550.0,0.004,600.0,103.72,0.02606,-0.07593,0.00237,0.00263,0.03766
149.75,ETH-27MAR20,1575975540966,open,0.37,1.0,0.332,0.397,0.364782,79.27,0.337,0.0,ETH-27MAR20-100-C,147.14,0.0,0.332,31.0,0.0,0.0,0.0,0.16718,-0.06142,0.22601,0.00318,0.87543
147.7,ETH-27DEC19,1575975540966,open,0.07,2426.0,0.036,0.104,0.067526,68.79,0.069,0.0,ETH-27DEC19-150-P,147.14,64.68,0.064,520.0,0.07,516.0,71.68,0.12664,-0.25812,-0.03959,0.01825,-0.51217
149.75,ETH-27MAR20,1575975540966,open,1.42,6.0,1.34,1.51,1.419536,96.51,1.188,0.0,ETH-27MAR20-360-P,147.14,0.0,0.01,30.0,0.0,0.0,0.0,0.1203,-0.05381,-1.03573,0.00188,-0.92064
147.7,ETH-27DEC19,1575975540966,open,0.0,2179.0,0.001,0.011,0.000332,120.0,0.001,0.0,ETH-27DEC19-300-C,147.14,0.0,0.0,0.0,0.002,452.0,147.67,0.00412,-0.01466,0.00028,0.00034,0.00443
147.24,SYN.ETH-13DEC19,1575975540966,open,0.25,0.0,0.23,0.276,0.252983,120.0,None,0.0,ETH-13DEC19-110-C,147.14,0.0,0.02,47.0,0.353,25.0,500.0,0.00106,-0.02217,0.00863,0.00052,0.99737
151.06,SYN.ETH-26JUN20,1575975540966,open,0.04,864.0,0.014,0.079,0.03999,94.36,0.045,0.0,ETH-26JUN20-400-C,147.14,92.57,0.037,440.0,0.043,390.0,96.11,0.25638,-0.06082,0.088,0.00219,0.14691
151.06,SYN.ETH-26JUN20,1575975540966,open,0.02,600.0,0.004,0.043,0.016987,103.62,0.018,0.0,ETH-26JUN20-640-C,147.14,101.45,0.015,390.0,0.019,141.0,105.68,0.14331,-0.03734,0.04046,0.00111,0.06615
151.06,SYN.ETH-26JUN20,1575975540966,open,0.15,964.0,0.095,0.202,0.147346,83.68,0.144,0.0,ETH-26JUN20-200-C,147.14,82.54,0.144,10.0,0.15,250.0,84.59,0.44015,-0.0926,0.24265,0.00423,0.44216
147.7,ETH-27DEC19,1575975540968,open,0.09,102.0,0.055,0.12,0.087887,69.67,0.09,0.0,ETH-27DEC19-140-C,147.14,64.67,0.084,160.0,0.091,160.0,73.64,0.1154,-0.23821,0.03956,0.01642,0.66724
149.75,ETH-27MAR20,1575975540968,open,1.94,0.0,1.856,2.052,1.947717,102.71,None,0.0,ETH-27MAR20-440-P,147.14,0.0,0.003,50.0,0.0,0.0,0.0,0.08312,-0.03957,-1.28277,0.00122,-0.95063
149.75,ETH-27MAR20,1575975540968,open,0.01,835.0,0.003,0.027,0.012167,83.02,0.011,0.0,ETH-27MAR20-80-P,147.14,80.99,0.011,570.0,0.013,2.0,84.41,0.08818,-0.03393,-0.02892,0.0016,-0.05318
147.24,SYN.ETH-13DEC19,1575975540968,open,0.03,265.0,0.007,0.064,0.032518,61.16,0.032,0.0,ETH-13DEC19-150-P,147.14,56.64,0.031,3.0,0.033,250.0,62.59,0.04961,-0.52754,-0.00761,0.04749,-0.62381
151.06,SYN.ETH-26JUN20,1575975540968,open,2.2,0.0,2.096,2.331,2.206142,97.89,None,0.0,ETH-26JUN20-480-P,147.14,0.0,0.01,50.0,0.0,0.0,0.0,0.20652,-0.05083,-2.55018,0.0017,-0.89229
147.24,SYN.ETH-13DEC19,1575975540968,open,0.0,114.0,0.001,0.011,0.000469,106.74,0.001,0.0,ETH-13DEC19-120-P,147.14,0.0,0.0,0.0,0.001,207.0,119.86,0.00457,-0.06907,-0.00016,0.00251,-0.01368
149.75,ETH-27MAR20,1575975540970,open,0.2,36.0,0.151,0.241,0.196734,77.86,0.207,0.0,ETH-27MAR20-140-C,147.14,49.35,0.139,2.0,0.787,1.0,450.89,0.30322,-0.10943,0.19821,0.00588,0.64457
147.7,ETH-27DEC19,1575975540970,open,2.52,37.0,2.419,2.629,2.52065,120.0,0.707,0.0,ETH-27DEC19-520-P,147.14,0.0,0.003,50.0,0.0,0.0,0.0,0.0,-1e-05,-0.24042,0.0,-1.0
147.7,ETH-27DEC19,1575975540970,open,2.25,21.0,2.156,2.35,2.249831,120.0,0.629,0.0,ETH-27DEC19-480-P,147.14,0.0,0.002,50.0,0.0,0.0,0.0,1e-05,-2e-05,-0.22193,0.0,-1.0
147.7,ETH-27DEC19,1575975540970,open,0.0,6667.0,0.001,0.011,0.0,120.0,0.001,0.0,ETH-27DEC19-480-C,147.14,0.0,0.0,0.0,0.001,264.0,207.3,1e-05,-2e-05,0.0,0.0,0.0
147.7,ETH-27DEC19,1575975540970,open,1.71,15.0,1.63,1.792,1.708198,120.0,1.248,0.0,ETH-27DEC19-400-P,147.14,0.0,0.002,50.0,0.0,0.0,0.0,0.00012,-0.00043,-0.18493,1e-05,-0.99991
149.75,ETH-27MAR20,1575975540970,open,0.9,173.0,0.829,0.977,0.898848,88.3,1.157,0.0,ETH-27MAR20-280-P,147.14,0.0,0.002,50.0,0.931,1.0,110.41,0.18446,-0.07549,-0.77679,0.00315,-0.85627
151.06,SYN.ETH-26JUN20,1575975540970,open,2.46,0.0,2.352,2.6,2.46786,100.11,None,0.0,ETH-26JUN20-520-P,147.14,0.0,0.01,50.0,0.0,0.0,0.0,0.19022,-0.04787,-2.77506,0.00153,-0.90379
149.75,ETH-27MAR20,1575975540976,open,0.53,30.0,0.462,0.596,0.527136,82.47,0.306,0.0,ETH-27MAR20-220-P,147.14,67.82,0.503,300.0,0.559,300.0,99.42,0.26568,-0.10155,-0.55944,0.00486,-0.7369
149.75,ETH-27MAR20,1575975540976,open,0.1,1510.0,0.06,0.144,0.101182,78.23,0.104,0.0,ETH-27MAR20-180-C,147.14,76.73,0.098,274.0,0.104,250.0,79.56,0.31702,-0.11496,0.13799,0.00611,0.41296
149.75,ETH-27MAR20,1575975540976,open,0.01,2330.0,0.001,0.02,0.006044,106.95,0.01,0.0,ETH-27MAR20-520-C,147.14,104.11,0.005,570.0,0.007,220.0,109.27,0.05863,-0.02906,0.01155,0.00083,0.03213
147.24,SYN.ETH-13DEC19,1575975540976,open,0.12,4.0,0.09,0.146,0.118487,84.58,0.14,0.0,ETH-13DEC19-130-C,147.14,0.0,0.117,1.0,0.122,65.0,113.57,0.01238,-0.18206,0.0097,0.00857,0.95504
151.06,SYN.ETH-26JUN20,1575975540976,open,0.58,0.0,0.503,0.663,0.581244,85.1,None,0.0,ETH-26JUN20-220-P,147.14,0.0,0.456,51.0,0.625,1.0,100.3,0.4272,-0.0914,-0.98206,0.00404,-0.61195
147.7,ETH-27DEC19,1575975540978,open,0.23,4509.0,0.188,0.273,0.228972,76.87,0.216,0.0,ETH-27DEC19-180-P,147.14,61.5,0.223,345.0,0.242,345.0,100.66,0.06813,-0.15517,-0.07487,0.00879,-0.86734
149.75,ETH-27MAR20,1575975540978,open,0.01,386.0,0.001,0.017,0.004517,115.92,0.004,0.0,ETH-27MAR20-640-C,147.14,110.13,0.003,470.0,0.006,550.0,120.41,0.04486,-0.0241,0.00832,0.00058,0.02331
147.7,ETH-27DEC19,1575975540978,open,0.0,1347.0,0.001,0.011,1.2e-05,120.0,0.002,0.0,ETH-27DEC19-380-C,147.14,0.0,0.0,0.0,0.001,252.0,172.26,0.00025,-0.00088,1e-05,2e-05,0.00021
149.75,ETH-27MAR20,1575975540978,open,0.13,707.0,0.087,0.179,0.131625,77.86,0.148,0.0,ETH-27MAR20-140-P,147.14,73.11,0.122,254.0,0.132,320.0,78.05,0.30322,-0.10943,-0.21556,0.00588,-0.35543
147.7,ETH-27DEC19,1575975540978,open,1.98,0.0,1.893,2.071,1.979013,120.0,None,0.0,ETH-27DEC19-440-P,147.14,0.0,0.002,50.0,0.0,0.0,0.0,3e-05,-0.0001,-0.20343,0.0,-0.99998
151.06,SYN.ETH-26JUN20,1575975540978,open,0.69,0.0,0.613,0.78,0.694124,85.87,None,0.0,ETH-26JUN20-240-P,147.14,0.0,0.588,1.0,1.508,1.0,500.0,0.40838,-0.08816,-1.11484,0.00383,-0.66039
148.49,SYN.ETH-31JAN20,1575975540978,open,0.08,4.0,0.044,0.113,0.077612,72.03,0.079,0.0,ETH-31JAN20-160-C,147.14,70.28,0.075,363.0,0.079,290.0,72.96,0.22117,-0.15355,0.07746,0.0098,0.44465
149.75,ETH-27MAR20,1575975540980,open,0.01,1399.0,0.003,0.033,0.012228,100.18,0.013,0.0,ETH-27MAR20-400-C,147.14,98.29,0.011,260.0,0.013,250.0,101.31,0.10049,-0.04666,0.02238,0.00151,0.0628
147.7,ETH-27DEC19,1575975540980,open,3.06,0.0,2.945,3.188,3.062288,120.0,0.953,0.0,ETH-27DEC19-600-P,147.14,0.0,0.02,50.0,0.0,0.0,0.0,0.0,0.0,-0.27741,0.0,-1.0
147.24,SYN.ETH-13DEC19,1575975540980,open,0.22,1.0,0.187,0.263,0.223013,102.56,0.232,0.0,ETH-13DEC19-180-P,147.14,0.0,0.01,55.0,0.323,1.0,492.22,0.00504,-0.08987,-0.01401,0.00288,-0.98468
147.24,SYN.ETH-13DEC19,1575975540980,open,0.09,48.0,0.056,0.126,0.089955,73.45,0.08,0.0,ETH-13DEC19-160-P,147.14,0.0,0.085,65.0,0.092,40.0,84.66,0.02409,-0.30769,-0.0114,0.0192,-0.89299
147.24,SYN.ETH-13DEC19,1575975540980,open,0.01,1462.0,0.001,0.037,0.013741,61.16,0.015,0.0,ETH-13DEC19-150-C,147.14,61.93,0.014,50.0,0.015,301.0,64.89,0.04961,-0.52754,0.0042,0.04749,0.37619
148.49,SYN.ETH-31JAN20,1575975540980,open,0.26,0.0,0.208,0.308,0.25662,74.0,None,0.0,ETH-31JAN20-180-P,147.14,63.88,0.244,365.0,0.275,365.0,87.72,0.19194,-0.1369,-0.20377,0.00828,-0.70896
151.06,SYN.ETH-26JUN20,1575975540980,open,0.01,196.0,0.004,0.028,0.013756,87.95,0.011,0.0,ETH-26JUN20-60-P,147.14,85.11,0.012,250.0,0.016,301.0,91.33,0.09673,-0.02139,-0.04451,0.00088,-0.04033
149.75,ETH-27MAR20,1575975540982,open,0.41,747.0,0.35,0.479,0.41305,81.2,0.57,0.0,ETH-27MAR20-200-P,147.14,69.11,0.39,300.0,0.436,300.0,92.56,0.29549,-0.11121,-0.47852,0.00549,-0.66814
147.7,ETH-27DEC19,1575975540982,open,0.02,436.0,0.004,0.04,0.017836,74.33,0.018,0.0,ETH-27DEC19-170-C,147.14,72.98,0.017,40.0,0.019,843.0,76.19,0.09202,-0.20266,0.01325,0.01227,0.21191
149.75,ETH-27MAR20,1575975540982,open,0.27,40.0,0.229,0.31,0.270107,77.86,0.459,0.0,ETH-27MAR20-120-C,147.14,41.49,0.216,1.0,0.0,0.0,0.0,0.24793,-0.08948,0.22071,0.0048,0.76879
147.7,ETH-27DEC19,1575975540982,open,0.0,980.0,0.001,0.011,6.4e-05,120.0,0.001,0.0,ETH-27DEC19-340-C,147.14,0.0,0.0,0.0,0.001,7.0,155.06,0.00103,-0.00366,6e-05,9e-05,0.00096
147.7,ETH-27DEC19,1575975540982,open,2.79,0.0,2.682,2.908,2.791469,120.0,0.845,0.0,ETH-27DEC19-560-P,147.14,0.0,0.02,50.0,0.0,0.0,0.0,0.0,0.0,-0.25891,0.0,-1.0
148.49,SYN.ETH-31JAN20,1575975540982,open,0.01,250.0,0.003,0.031,0.012414,85.87,0.013,0.0,ETH-31JAN20-240-C,147.14,83.55,0.011,160.0,0.014,1080.0,88.32,0.09329,-0.07721,0.01705,0.00347,0.0932
147.7,ETH-27DEC19,1575975540984,open,0.0,2232.0,0.001,0.011,0.000146,120.0,0.002,0.0,ETH-27DEC19-320-C,147.14,0.0,0.0,0.0,0.002,550.0,158.61,0.00208,-0.00739,0.00013,0.00017,0.00207
151.06,SYN.ETH-26JUN20,1575975540984,open,0.02,288.0,0.005,0.048,0.019464,102.73,0.025,0.0,ETH-26JUN20-600-C,147.14,100.27,0.017,390.0,0.022,390.0,105.07,0.15776,-0.04075,0.04567,0.00124,0.07495
147.7,ETH-27DEC19,1575975540986,open,0.0,4049.0,0.001,0.011,0.001493,117.86,0.001,0.0,ETH-27DEC19-260-C,147.14,111.87,0.001,250.0,0.002,500.0,122.76,0.01383,-0.04831,0.0011,0.00116,0.01766
147.7,ETH-27DEC19,1575975540986,open,0.36,3551.0,0.316,0.405,0.358585,85.79,0.332,0.0,ETH-27DEC19-200-P,147.14,0.0,0.027,11.0,0.668,1.0,490.76,0.03806,-0.09674,-0.08865,0.0044,-0.93954
149.75,ETH-27MAR20,1575975540986,open,0.03,100.0,0.014,0.058,0.032562,79.27,0.038,0.0,ETH-27MAR20-100-P,147.14,76.95,0.03,320.0,0.035,617.0,81.43,0.16718,-0.06142,-0.06954,0.00318,-0.12457
147.7,ETH-27DEC19,1575975540986,open,0.0,11489.0,0.001,0.011,1e-06,120.0,0.002,0.0,ETH-27DEC19-440-C,147.14,0.0,0.0,0.0,0.001,449.0,194.4,3e-05,-0.0001,0.0,0.0,2e-05
147.24,SYN.ETH-13DEC19,1575975540986,open,0.0,859.0,0.001,0.018,0.00326,73.45,0.004,0.0,ETH-13DEC19-160-C,147.14,64.9,0.002,305.0,0.004,450.0,77.78,0.02409,-0.30769,0.0012,0.0192,0.10701
148.49,SYN.ETH-31JAN20,1575975540986,open,0.14,9.0,0.098,0.173,0.135937,72.03,0.141,0.0,ETH-31JAN20-140-C,147.14,69.95,0.133,96.0,0.141,136.0,75.61,0.20987,-0.1457,0.10591,0.0093,0.63779
151.06,SYN.ETH-26JUN20,1575975540986,open,0.08,441.0,0.038,0.127,0.078538,88.08,0.086,0.0,ETH-26JUN20-280-C,147.14,86.61,0.075,471.0,0.082,250.0,89.5,0.36611,-0.08107,0.15452,0.00334,0.26628
151.06,SYN.ETH-26JUN20,1575975540986,open,0.12,522.0,0.076,0.166,0.118709,79.17,0.113,0.0,ETH-26JUN20-120-P,147.14,76.72,0.113,480.0,0.124,460.0,81.45,0.35156,-0.06998,-0.30046,0.00357,-0.24634
151.06,SYN.ETH-26JUN20,1575975540986,open,0.06,273.0,0.027,0.107,0.061564,90.6,0.068,0.0,ETH-26JUN20-320-C,147.14,89.4,0.059,5.0,0.064,430.0,91.72,0.32607,-0.07427,0.12654,0.00289,0.21531
147.7,ETH-27DEC19,1575975540988,open,0.11,13397.0,0.076,0.154,0.113697,71.25,0.115,0.0,ETH-27DEC19-160-P,147.14,65.13,0.109,485.0,0.116,460.0,74.2,0.11473,-0.2422,-0.05366,0.01596,-0.67202
147.7,ETH-27DEC19,1575975540988,open,0.0,1759.0,0.001,0.011,2.8e-05,120.0,0.001,0.0,ETH-27DEC19-360-C,147.14,0.0,0.0,0.0,0.001,250.0,163.94,0.00051,-0.0018,3e-05,4e-05,0.00044
149.75,ETH-27MAR20,1575975540988,open,0.02,581.0,0.004,0.038,0.015529,96.51,0.017,0.0,ETH-27MAR20-360-C,147.14,94.56,0.014,260.0,0.017,250.0,98.3,0.1203,-0.05381,0.02825,0.00188,0.07936
147.7,ETH-27DEC19,1575975540988,open,0.05,2453.0,0.025,0.083,0.051954,68.79,0.054,0.0,ETH-27DEC19-150-C,147.14,66.51,0.05,50.0,0.055,668.0,72.34,0.12664,-0.25812,0.02977,0.01825,0.48783
147.7,ETH-27DEC19,1575975540988,open,0.62,2355.0,0.578,0.68,0.626383,103.63,0.606,0.0,ETH-27DEC19-240-P,147.14,0.0,0.001,15.0,0.0,0.0,0.0,0.01496,-0.04593,-0.10974,0.00143,-0.98064
147.7,ETH-27DEC19,1575975540988,open,3.6,1.0,3.471,3.746,3.603927,120.0,2.792,0.0,ETH-27DEC19-680-P,147.14,0.0,0.02,50.0,0.0,0.0,0.0,0.0,0.0,-0.3144,0.0,-1.0
148.49,SYN.ETH-31JAN20,1575975540988,open,0.01,166.0,0.003,0.027,0.01202,82.07,0.01,0.0,ETH-31JAN20-100-P,147.14,78.17,0.01,1070.0,0.014,823.0,85.62,0.08006,-0.06333,-0.01858,0.00311,-0.07601
149.75,ETH-27MAR20,1575975540990,open,2.48,0.0,2.373,2.596,2.478498,106.95,None,0.0,ETH-27MAR20-520-P,147.14,0.0,0.006,50.0,0.0,0.0,0.0,0.05863,-0.02906,-1.52531,0.00083,-0.96787
147.7,ETH-27DEC19,1575975540990,open,1.43,257.0,1.367,1.512,1.437401,120.0,0.995,0.0,ETH-27DEC19-360-P,147.14,0.0,0.021,5.0,0.0,0.0,0.0,0.00051,-0.0018,-0.16642,4e-05,-0.99956
149.75,ETH-27MAR20,1575975540990,open,2.74,0.0,2.632,2.871,2.745057,110.35,None,0.0,ETH-27MAR20-560-P,147.14,0.0,0.02,50.0,0.0,0.0,0.0,0.05357,-0.0274,-1.64476,0.00073,-0.97119
149.75,ETH-27MAR20,1575975540990,open,0.65,119.0,0.581,0.72,0.647689,84.34,0.835,0.0,ETH-27MAR20-240-P,147.14,63.74,0.62,300.0,0.682,300.0,104.14,0.23596,-0.09224,-0.6354,0.00422,-0.78797
147.7,ETH-27DEC19,1575975540990,open,0.0,21058.0,0.001,0.011,0.0,120.0,0.007,0.0,ETH-27DEC19-600-C,147.14,0.0,0.0,0.0,0.001,850.0,239.61,0.0,0.0,0.0,0.0,0.0
151.06,SYN.ETH-26JUN20,1575975540990,open,1.69,0.0,1.589,1.8,1.688002,94.36,None,0.0,ETH-26JUN20-400-P,147.14,0.0,0.01,50.0,0.0,0.0,0.0,0.25638,-0.06082,-2.09146,0.00219,-0.85309
151.06,SYN.ETH-26JUN20,1575975540990,open,0.93,0.0,0.847,1.025,0.932147,88.08,None,0.0,ETH-26JUN20-280-P,147.14,0.0,0.01,50.0,0.0,0.0,0.0,0.36611,-0.08107,-1.3711,0.00334,-0.73372
151.06,SYN.ETH-26JUN20,1575975540990,open,0.05,682.0,0.019,0.09,0.048116,92.07,0.052,0.0,ETH-26JUN20-360-C,147.14,90.4,0.045,479.0,0.051,251.0,93.57,0.2865,-0.06632,0.1037,0.0025,0.17411
147.24,SYN.ETH-13DEC19,1575975540990,open,0.0,507.0,0.001,0.011,0.000481,102.56,0.001,0.0,ETH-13DEC19-180-C,147.14,0.0,0.0,0.0,0.001,254.0,114.25,0.00504,-0.07089,0.00017,0.00288,0.01532
151.06,SYN.ETH-26JUN20,1575975540990,open,1.43,0.0,1.337,1.536,1.431327,92.07,None,0.0,ETH-26JUN20-360-P,147.14,0.0,0.015,2.0,1.447,1.0,99.86,0.2865,-0.06632,-1.85781,0.0025,-0.82589
151.06,SYN.ETH-26JUN20,1575975540990,open,0.37,357.0,0.301,0.445,0.371878,83.68,0.405,0.0,ETH-26JUN20-180-P,147.14,72.51,0.339,210.0,0.411,1.0,97.01,0.44469,-0.09356,-0.70937,0.00427,-0.49
149.75,ETH-27MAR20,1575975540992,open,0.08,2189.0,0.041,0.119,0.077491,81.2,0.082,0.0,ETH-27MAR20-200-C,147.14,80.44,0.076,5.0,0.079,550.0,81.96,0.29549,-0.11121,0.11258,0.00549,0.33186
147.7,ETH-27DEC19,1575975540992,open,3.33,0.0,3.208,3.467,3.333108,120.0,None,0.0,ETH-27DEC19-640-P,147.14,0.0,0.02,50.0,0.0,0.0,0.0,0.0,0.0,-0.2959,0.0,-1.0
149.75,ETH-27MAR20,1575975540992,open,0.01,1165.0,0.001,0.027,0.009486,102.71,0.01,0.0,ETH-27MAR20-440-C,147.14,99.89,0.008,510.0,0.011,510.0,105.32,0.08312,-0.03957,0.01765,0.00122,0.04937
147.7,ETH-27DEC19,1575975540992,open,0.0,13786.0,0.001,0.016,0.004489,85.79,0.004,0.0,ETH-27DEC19-200-C,147.14,79.37,0.003,1120.0,0.006,1500.0,91.2,0.03806,-0.09674,0.00382,0.0044,0.06046
147.7,ETH-27DEC19,1575975540992,open,1.03,1.0,0.973,1.095,1.031477,120.0,0.494,0.0,ETH-27DEC19-300-P,147.14,0.0,0.021,6.0,0.0,0.0,0.0,0.00412,-0.01466,-0.13842,0.00034,-0.99557
147.24,SYN.ETH-13DEC19,1575975540992,open,0.0,31.0,0.001,0.011,7.3e-05,120.0,0.001,0.0,ETH-13DEC19-200-C,147.14,0.0,0.0,0.0,0.001,251.0,162.11,0.00097,-0.01076,3e-05,0.00047,0.00238
151.06,SYN.ETH-26JUN20,1575975540992,open,0.47,249.0,0.397,0.549,0.471352,83.68,0.601,0.0,ETH-26JUN20-200-P,147.14,18.11,0.325,1.0,0.487,210.0,89.04,0.44015,-0.0926,-0.84708,0.00423,-0.55784
149.75,ETH-27MAR20,1575975540994,open,3.01,0.0,2.891,3.145,3.011715,113.49,None,0.0,ETH-27MAR20-600-P,147.14,0.0,0.03,50.0,0.0,0.0,0.0,0.04936,-0.02596,-1.76397,0.00066,-0.97388
147.7,ETH-27DEC19,1575975540994,open,0.0,6174.0,0.001,0.011,0.0,120.0,0.001,0.0,ETH-27DEC19-720-C,147.14,0.0,0.0,0.0,0.001,250.0,265.29,0.0,0.0,0.0,0.0,0.0
147.24,SYN.ETH-13DEC19,1575975540994,open,0.06,26.0,0.024,0.083,0.054566,62.83,0.055,0.0,ETH-13DEC19-140-C,147.14,50.5,0.052,65.0,0.058,65.0,76.72,0.03379,-0.36908,0.00893,0.03149,0.8242
147.24,SYN.ETH-13DEC19,1575975540994,open,0.0,692.0,0.001,0.011,0.001427,84.58,0.002,0.0,ETH-13DEC19-130-P,147.14,79.0,0.001,256.0,0.002,354.0,90.78,0.01238,-0.18206,-0.00054,0.00857,-0.04496
148.49,SYN.ETH-31JAN20,1575975540994,open,0.76,0.0,0.703,0.823,0.759904,89.56,None,0.0,ETH-31JAN20-260-P,147.14,0.0,0.01,50.0,0.0,0.0,0.0,0.07357,-0.0635,-0.35704,0.00262,-0.93192
148.49,SYN.ETH-31JAN20,1575975540994,open,0.02,440.0,0.005,0.039,0.017471,81.29,0.02,0.0,ETH-31JAN20-220-C,147.14,79.4,0.016,530.0,0.019,210.0,83.18,0.118,-0.09245,0.02361,0.00463,0.12933
151.06,SYN.ETH-26JUN20,1575975540994,open,0.41,1.0,0.366,0.445,0.406057,80.5,0.38,0.0,ETH-26JUN20-100-C,147.14,29.56,0.34,1.0,0.948,1.0,500.0,0.27216,-0.05509,0.35652,0.00272,0.83922
147.24,SYN.ETH-13DEC19,1575975540994,open,0.19,0.0,0.16,0.211,0.185448,106.74,None,0.0,ETH-13DEC19-120-C,147.14,0.0,0.002,75.0,0.286,25.0,500.0,0.00457,-0.08486,0.00929,0.00251,0.98632
147.24,SYN.ETH-13DEC19,1575975540994,open,0.36,1.0,0.319,0.401,0.358442,120.0,0.341,0.0,ETH-13DEC19-200-P,147.14,0.0,0.001,130.0,0.43,1.0,492.14,0.00097,-0.02027,-0.01573,0.00047,-0.99762
147.7,ETH-27DEC19,1575975540996,open,0.0,11107.0,0.001,0.011,0.0,120.0,0.001,0.0,ETH-27DEC19-560-C,147.14,0.0,0.0,0.0,0.001,250.0,229.73,0.0,0.0,0.0,0.0,0.0
147.7,ETH-27DEC19,1575975540996,open,0.03,5228.0,0.01,0.057,0.03042,71.25,0.032,0.0,ETH-27DEC19-160-C,147.14,69.42,0.029,65.0,0.032,1079.0,73.28,0.11473,-0.2422,0.02032,0.01596,0.32798
149.75,ETH-27MAR20,1575975540996,open,3.27,0.0,3.151,3.419,3.278306,115.92,None,0.0,ETH-27MAR20-640-P,147.14,0.0,0.01,50.0,0.0,0.0,0.0,0.04486,-0.0241,-1.8832,0.00058,-0.97669
147.7,ETH-27DEC19,1575975540996,open,0.76,946.0,0.71,0.82,0.761818,117.86,0.715,0.0,ETH-27DEC19-260-P,147.14,0.0,0.001,9.0,0.0,0.0,0.0,0.01383,-0.04831,-0.11911,0.00116,-0.98234
147.7,ETH-27DEC19,1575975540996,open,4.14,1.0,3.997,4.305,4.145565,120.0,3.236,0.0,ETH-27DEC19-760-P,147.14,0.0,0.02,50.0,0.0,0.0,0.0,0.0,0.0,-0.35138,0.0,-1.0
151.06,SYN.ETH-26JUN20,1575975540996,open,0.03,5.0,0.015,0.058,0.03346,82.93,0.029,0.0,ETH-26JUN20-80-P,147.14,80.84,0.031,250.0,0.036,550.0,85.03,0.18017,-0.03757,-0.10112,0.00175,-0.0894
151.06,SYN.ETH-26JUN20,1575975540996,open,0.5,0.0,0.474,0.534,0.503858,82.93,None,0.0,ETH-26JUN20-80-C,147.14,0.0,0.47,1.0,0.0,0.0,0.0,0.18017,-0.03757,0.33477,0.00175,0.9106
151.06,SYN.ETH-26JUN20,1575975540996,open,0.32,143.0,0.276,0.37,0.324305,79.17,0.323,0.0,ETH-26JUN20-120-C,147.14,73.87,0.312,210.0,0.35,210.0,90.18,0.35156,-0.06998,0.35338,0.00357,0.75366
147.7,ETH-27DEC19,1575975540998,open,0.0,10814.0,0.001,0.011,6e-06,120.0,0.001,0.0,ETH-27DEC19-400-C,147.14,0.0,0.0,0.0,0.001,251.0,180.07,0.00012,-0.00043,1e-05,1e-05,9e-05
149.75,ETH-27MAR20,1575975540998,open,1.68,4.0,1.597,1.781,1.683346,100.18,2.048,0.0,ETH-27MAR20-400-P,147.14,0.0,0.055,10.0,0.0,0.0,0.0,0.10049,-0.04666,-1.15982,0.00151,-0.9372
151.06,SYN.ETH-26JUN20,1575975540998,open,0.61,1.0,0.597,0.638,0.616554,87.95,0.69,0.0,ETH-26JUN20-60-C,147.14,0.0,0.602,1.0,0.0,0.0,0.0,0.09673,-0.02139,0.2824,0.00088,0.95967
151.06,SYN.ETH-26JUN20,1575975540998,open,2.99,0.0,2.863,3.137,2.991482,102.73,None,0.0,ETH-26JUN20-600-P,147.14,0.0,0.01,50.0,0.0,0.0,0.0,0.15776,-0.04075,-3.22352,0.00124,-0.92505
149.75,ETH-27MAR20,1575975541000,open,0.01,885.0,0.001,0.019,0.005491,110.35,0.009,0.0,ETH-27MAR20-560-C,147.14,105.74,0.004,470.0,0.007,470.0,114.24,0.05357,-0.0274,0.01032,0.00073,0.02881
149.75,ETH-27MAR20,1575975541000,open,0.01,1637.0,0.001,0.024,0.007995,105.98,0.013,0.0,ETH-27MAR20-480-C,147.14,103.83,0.007,220.0,0.009,250.0,107.98,0.07226,-0.0355,0.01482,0.00103,0.04149
147.7,ETH-27DEC19,1575975541000,open,0.89,310.0,0.841,0.957,0.896489,120.0,0.49,0.0,ETH-27DEC19-280-P,147.14,0.0,0.003,9.0,0.0,0.0,0.0,0.00801,-0.02849,-0.12887,0.00066,-0.99061
147.24,SYN.ETH-13DEC19,1575975541000,open,0.0,91.0,0.001,0.011,8.6e-05,120.0,0.001,0.0,ETH-13DEC19-110-P,147.14,0.0,0.0,0.0,0.001,253.0,162.56,0.00106,-0.0127,-3e-05,0.00052,-0.00263
7364.16,BTC-27DEC19,1575975541002,open,0.19,135.2,0.171,0.2135,0.19106508,71.31,0.188,0.0,BTC-27DEC19-6000-C,7334.79,54.74,0.187,14.0,0.1985,16.0,90.67,2.3289,-4.9207,2.48572,0.00013,0.92113
147.7,ETH-27DEC19,1575975541002,open,0.0,12762.0,0.001,0.011,0.0,120.0,0.001,0.0,ETH-27DEC19-680-C,147.14,0.0,0.0,0.0,0.001,250.0,257.3,0.0,0.0,0.0,0.0,0.0
151.06,SYN.ETH-26JUN20,1575975541002,open,1.94,0.0,1.842,2.064,1.946337,96.21,None,0.0,ETH-26JUN20-440-P,147.14,0.0,0.01,50.0,0.0,0.0,0.0,0.22954,-0.05552,-2.32211,0.00192,-0.87499
7364.16,BTC-27DEC19,1575975541004,open,0.0,839.6,0.0005,0.0105,2.703e-05,120.0,0.0005,0.0,BTC-27DEC19-18000-C,7334.79,0.0,0.0,0.0,0.0005,18.6,152.68,0.02431,-0.08642,0.00136,0.0,0.00043
7410.7,SYN.BTC-31JAN20,1575975541004,open,0.09,83.0,0.064,0.126,0.08772126,62.02,0.089,0.0,BTC-31JAN20-7500-C,7334.79,60.87,0.086,1.0,0.089,21.0,62.87,11.12163,-6.64806,4.61807,0.00023,0.52618
147.7,ETH-27DEC19,1575975541006,open,0.0,13247.0,0.001,0.011,0.0,120.0,0.001,0.0,ETH-27DEC19-520-C,147.14,0.0,0.0,0.0,0.001,250.0,219.01,0.0,-1e-05,0.0,0.0,0.0
147.7,ETH-27DEC19,1575975541006,open,0.0,2113.0,0.001,0.011,0.000755,120.0,0.001,0.0,ETH-27DEC19-280-C,147.14,0.0,0.0,0.0,0.002,502.0,135.78,0.00801,-0.02849,0.00059,0.00066,0.00939
149.75,ETH-27MAR20,1575975541006,open,0.3,1560.0,0.244,0.364,0.303185,78.23,0.36,0.0,ETH-27MAR20-180-P,147.14,73.88,0.294,300.0,0.324,300.0,87.99,0.31702,-0.11496,-0.394,0.00611,-0.58704
151.06,SYN.ETH-26JUN20,1575975541006,open,0.26,761.0,0.203,0.328,0.264575,78.2,0.275,0.0,ETH-26JUN20-160-P,147.14,19.74,0.094,1.0,0.285,210.0,85.28,0.43696,-0.08591,-0.56761,0.00449,-0.42506
149.75,ETH-27MAR20,1575975541008,open,0.03,2264.0,0.01,0.059,0.029065,88.3,0.032,0.0,ETH-27MAR20-280-C,147.14,86.6,0.027,260.0,0.031,250.0,89.85,0.18446,-0.07549,0.05075,0.00315,0.14373
148.49,SYN.ETH-31JAN20,1575975541008,open,0.03,133.0,0.014,0.059,0.032916,74.96,0.031,0.0,ETH-31JAN20-120-P,147.14,73.05,0.031,178.0,0.035,788.0,77.01,0.14961,-0.1081,-0.04607,0.00637,-0.18537
7485.15,BTC-27MAR20,1575975541023,open,1.94,5.6,1.8835,2.02,1.94591647,97.31,1.545,0.0,BTC-27MAR20-22000-P,7334.79,0.0,0.0015,10.0,0.0,0.0,0.0,3.36916,-1.51963,-64.32812,2e-05,-0.96192
7364.16,BTC-27DEC19,1575975541023,open,2.53,0.0,2.4615,2.6025,2.5305988,0.0,None,0.0,BTC-27DEC19-26000-P,7334.79,0.0,0.0,0.0,0.0,0.0,0.0,0.0,0.0,-12.02104,0.0,-1.0
7410.7,SYN.BTC-31JAN20,1575975541027,open,0.02,169.5,0.011,0.047,0.02471955,66.16,0.026,0.0,BTC-31JAN20-6000-P,7334.79,65.39,0.024,12.8,0.0255,15.0,66.99,6.95424,-4.4349,-2.00562,0.00013,-0.1657
7606.15,SYN.BTC-26JUN20,1575975541027,open,0.89,11.5,0.837,0.971,0.89673381,77.83,0.99,0.0,BTC-26JUN20-14000-P,7334.79,0.0,0.5,1.0,2.0,1.0,500.0,16.59219,-3.24676,-69.51974,7e-05,-0.78073
7410.7,SYN.BTC-31JAN20,1575975541029,open,0.01,33.5,0.0005,0.0245,0.00870461,74.37,0.012,0.0,BTC-31JAN20-11500-C,7334.79,73.05,0.008,5.0,0.0095,20.8,75.81,4.02653,-2.88645,0.71713,7e-05,0.07679
7485.15,BTC-27MAR20,1575975541228,open,0.0,144.6,0.0005,0.013,0.00250341,114.81,0.0035,0.0,BTC-27MAR20-36000-C,7334.79,111.96,0.002,8.0,0.003,20.1,117.24,1.42986,-0.76087,0.24882,1e-05,0.01375
7364.16,BTC-27DEC19,1575975541236,open,0.16,3.0,0.138,0.1985,0.1651987,63.29,0.18,0.0,BTC-27DEC19-8500-P,7334.79,49.68,0.159,2.0,0.173,0.1,76.69,3.88488,-7.28433,-3.41553,0.00024,-0.83795
7410.7,SYN.BTC-31JAN20,1575975541236,open,0.01,522.0,0.005,0.0325,0.01492023,70.45,0.015,0.0,BTC-31JAN20-5500-P,7334.79,69.08,0.014,31.0,0.016,36.0,72.01,5.06767,-3.44095,-1.25932,9e-05,-0.10464
7364.16,BTC-27DEC19,1575975541238,open,0.43,0.0,0.3985,0.462,0.42772697,83.27,None,0.0,BTC-27DEC19-10500-P,7334.79,0.0,0.421,2.0,0.435,2.0,112.76,1.05537,-2.60379,-4.7615,5e-05,-0.97074
7364.16,BTC-27DEC19,1575975541238,open,1.71,3.6,1.663,1.771,1.71585047,0.0,1.729,0.0,BTC-27DEC19-20000-P,7334.79,0.0,0.0,0.0,0.0,0.0,0.0,0.0,0.0,-9.24696,0.0,-1.0
7364.16,BTC-27DEC19,1575975541238,open,0.0,1023.6,0.0005,0.0105,0.0007293,119.97,0.0005,0.0,BTC-27DEC19-14000-C,7334.79,115.02,0.0005,36.0,0.001,30.0,124.54,0.38874,-1.38178,0.02851,1e-05,0.0091
7364.16,BTC-27DEC19,1575975541238,open,0.0,526.9,0.0005,0.0105,1.06e-06,120.0,0.0005,0.0,BTC-27DEC19-22000-C,7334.79,0.0,0.0,0.0,0.0005,7.0,181.57,0.00134,-0.00477,6e-05,0.0,2e-05
7339.8,SYN.BTC-13DEC19,1575975541238,open,0.16,0.0,0.1355,0.185,0.15862056,80.2,None,0.0,BTC-13DEC19-8500-P,7334.79,0.0,0.0,0.0,0.175,0.1,181.1,0.33379,-4.65443,-0.65764,0.0001,-0.97862
7364.16,BTC-27DEC19,1575975541240,open,0.0,690.8,0.0005,0.0105,0.0,120.0,0.0005,0.0,BTC-27DEC19-36000-C,7334.79,0.0,0.0,0.0,0.0005,5.0,249.09,0.0,0.0,0.0,0.0,0.0
7364.16,BTC-27DEC19,1575975541240,open,0.0,349.0,0.0005,0.0105,0.0,120.0,0.0005,0.0,BTC-27DEC19-48000-C,7334.79,0.0,0.0,0.0,0.0005,5.0,286.73,0.0,0.0,0.0,0.0,0.0
7364.16,BTC-27DEC19,1575975541240,open,0.0,590.4,0.0005,0.0105,4.6e-07,120.0,0.001,0.0,BTC-27DEC19-2500-P,7334.79,0.0,0.0,0.0,0.0005,155.0,201.21,0.00057,-0.00203,-3e-05,0.0,-1e-05
7364.16,BTC-27DEC19,1575975541240,open,0.0,1434.2,0.0005,0.012,0.00248345,77.28,0.0025,0.0,BTC-27DEC19-10000-C,7334.79,77.37,0.0025,0.5,0.003,24.3,79.95,1.34676,-3.08367,0.12556,7e-05,0.03936
7364.16,BTC-27DEC19,1575975541242,open,0.0,727.6,0.0005,0.0105,0.00076,108.64,0.001,0.0,BTC-27DEC19-13000-C,7334.79,103.53,0.0005,112.8,0.001,20.5,112.34,0.43218,-1.39112,0.0324,2e-05,0.01028
7606.15,SYN.BTC-26JUN20,1575975541242,open,2.43,0.0,2.3575,2.5315,2.43592073,92.89,None,0.0,BTC-26JUN20-26000-P,7334.79,0.0,0.002,1.0,0.0,0.0,0.0,7.83204,-1.82918,-139.3465,3e-05,-0.92642
7364.16,BTC-27DEC19,1575975541245,open,2.8,0.2,2.728,2.8795,2.80218328,0.0,2.2765,0.0,BTC-27DEC19-28000-P,7334.79,0.0,0.0,0.0,0.0,0.0,0.0,0.0,0.0,-12.94574,0.0,-1.0
7364.16,BTC-27DEC19,1575975541245,open,0.49,248.6,0.465,0.5305,0.49521533,88.77,0.4425,0.0,BTC-27DEC19-11000-P,7334.79,0.0,0.488,2.0,0.502,2.0,120.6,0.84341,-2.21833,-5.01469,4e-05,-0.97761
7606.15,SYN.BTC-26JUN20,1575975541245,open,3.21,0.0,3.1285,3.3285,3.22006003,98.65,None,0.0,BTC-26JUN20-32000-P,7334.79,0.0,0.002,1.0,0.0,0.0,0.0,6.13868,-1.52254,-172.66283,2e-05,-0.94619
7485.15,BTC-27MAR20,1575975541246,open,0.0,132.6,0.0005,0.0165,0.00375584,109.23,0.004,0.0,BTC-27MAR20-30000-C,7334.79,106.21,0.003,15.0,0.0045,20.1,111.82,2.02259,-1.02399,0.37325,1e-05,0.02063
7339.8,SYN.BTC-13DEC19,1575975541246,open,0.01,390.4,0.0025,0.037,0.01326382,53.28,0.015,0.0,BTC-13DEC19-7250-P,7334.79,51.03,0.0125,16.1,0.014,0.2,55.44,2.49639,-23.12589,-0.23217,0.0011,-0.38823
7364.16,BTC-27DEC19,1575975541248,open,1.17,18.0,1.1305,1.2185,1.17281679,119.33,1.261,0.0,BTC-27DEC19-16000-P,7334.79,0.0,1.166,2.0,1.1805,2.0,195.83,0.09542,-0.33738,-7.39157,0.0,-0.99811
7485.15,BTC-27MAR20,1575975541248,open,3.8,0.0,3.716,3.919,3.81200698,114.71,None,0.0,BTC-27MAR20-36000-P,7334.79,0.0,0.0015,10.0,0.0,0.0,0.0,1.42201,-0.75603,-106.15064,1e-05,-0.98634
7364.16,BTC-27DEC19,1575975541260,open,1.03,211.0,0.997,1.081,1.03720499,119.69,0.959,0.0,BTC-27DEC19-15000-P,7334.79,0.0,1.0305,2.0,1.0445,2.0,182.42,0.19595,-0.69489,-6.92198,1e-05,-0.9958
7485.15,BTC-27MAR20,1575975541433,open,2.21,0.0,2.145,2.2905,2.21209608,100.85,None,0.0,BTC-27MAR20-24000-P,7334.79,0.0,0.0015,10.0,0.0,0.0,0.0,2.92702,-1.36818,-70.34934,2e-05,-0.96792
7364.15,BTC-27DEC19,1575975541433,open,0.0,680.5,0.0005,0.0105,5e-08,120.0,0.0005,0.0,BTC-27DEC19-26000-C,7334.79,0.0,0.0,0.0,0.0005,5.0,204.97,8e-05,-0.00027,0.0,0.0,0.0
7364.15,BTC-27DEC19,1575975541433,open,1.98,4.9,1.929,2.048,1.98743482,0.0,2.217,0.0,BTC-27DEC19-22000-P,7334.79,0.0,0.0,0.0,0.0,0.0,0.0,0.0,0.0,-10.17165,0.0,-1.0
7485.15,BTC-27MAR20,1575975541433,open,3.54,0.0,3.454,3.647,3.54506371,112.59,None,0.0,BTC-27MAR20-34000-P,7334.79,0.0,0.0015,10.0,0.0,0.0,0.0,1.55282,-0.81032,-100.2127,1e-05,-0.98487
7364.15,BTC-27DEC19,1575975541433,open,0.0,657.0,0.0005,0.0105,1e-08,120.0,0.0005,0.0,BTC-27DEC19-28000-C,7334.79,0.0,0.0,0.0,0.0005,5.0,215.17,2e-05,-7e-05,0.0,0.0,0.0
7364.15,BTC-27DEC19,1575975541433,open,0.0,1038.8,0.0005,0.0105,5.28e-06,120.0,0.0015,0.0,BTC-27DEC19-20000-C,7334.79,0.0,0.0,0.0,0.0005,11.6,167.97,0.00573,-0.02037,0.00029,0.0,9e-05
7364.15,BTC-27DEC19,1575975541433,open,4.97,0.0,4.858,5.0965,4.97486753,0.0,3.46,0.0,BTC-27DEC19-44000-P,7334.79,0.0,0.001,1.0,0.0,0.0,0.0,0.0,0.0,-20.3433,0.0,-1.0
7364.15,BTC-27DEC19,1575975541434,open,0.0,756.8,0.0005,0.0105,2.2e-07,120.0,0.0005,0.0,BTC-27DEC19-24000-C,7334.79,0.0,0.0,0.0,0.0005,5.0,193.83,0.00032,-0.00113,1e-05,0.0,0.0
7606.14,SYN.BTC-26JUN20,1575975541433,open,1.91,0.0,1.845,2.003,1.91559154,88.37,None,0.0,BTC-26JUN20-22000-P,7334.79,0.0,0.11,1.0,3.0,0.1,500.0,9.59692,-2.13229,-116.8336,3e-05,-0.90354
7339.79,SYN.BTC-13DEC19,1575975541434,open,0.0,188.4,0.0005,0.0105,0.00024509,95.23,0.0005,0.0,BTC-13DEC19-9000-C,7334.79,0.0,0.0,0.0,0.0005,2.2,104.39,0.15667,-1.79892,0.005,4e-05,0.00889
7606.14,SYN.BTC-26JUN20,1575975541433,open,0.65,7.9,0.5985,0.7275,0.6565689,75.21,0.655,0.0,BTC-26JUN20-12000-P,7334.79,0.0,0.5775,0.1,0.6895,2.0,87.65,19.32081,-3.65333,-56.49738,8e-05,-0.70668
7410.69,SYN.BTC-31JAN20,1575975541433,open,0.12,48.3,0.096,0.1585,0.12114241,62.22,0.134,0.0,BTC-31JAN20-7000-C,7334.79,60.34,0.1185,13.6,0.123,14.0,63.54,10.445,-6.26392,5.47228,0.00022,0.64071
7606.14,SYN.BTC-26JUN20,1575975541433,open,0.31,20.2,0.27,0.3505,0.30698027,70.31,0.306,0.0,BTC-26JUN20-6000-C,7334.79,55.52,0.274,9.0,0.342,9.0,85.51,17.32727,-3.06279,18.90596,8e-05,0.76317
7606.14,SYN.BTC-26JUN20,1575975541433,open,0.01,33.2,0.003,0.039,0.01295472,98.67,0.0125,0.0,BTC-26JUN20-32000-C,7334.79,98.1,0.0125,0.2,0.0135,25.0,99.34,6.14347,-1.52404,1.69545,2e-05,0.05387
7339.79,SYN.BTC-13DEC19,1575975541433,open,0.19,0.0,0.169,0.2185,0.19237579,83.69,None,0.0,BTC-13DEC19-8750-P,7334.79,0.0,0.0,0.0,0.2105,0.1,208.11,0.17271,-2.51324,-0.68377,5e-05,-0.99006
7339.79,SYN.BTC-13DEC19,1575975541434,open,0.0,153.3,0.0005,0.0105,0.00030803,120.0,0.0005,0.0,BTC-13DEC19-9500-C,7334.79,0.0,0.0,0.0,0.001,21.0,140.53,0.15717,-2.26089,0.00498,3e-05,0.00892
7339.79,SYN.BTC-13DEC19,1575975541433,open,0.0,250.9,0.0005,0.011,0.00116073,79.64,0.0015,0.0,BTC-13DEC19-6500-P,7334.79,77.43,0.001,20.0,0.0015,2.5,83.78,0.55783,-7.72383,-0.02362,0.00017,-0.03969
7339.79,SYN.BTC-13DEC19,1575975541433,open,0.22,0.0,0.2025,0.2535,0.22643655,95.19,None,0.0,BTC-13DEC19-9000-P,7334.79,0.0,0.0,0.0,1.2265,3.0,500.0,0.15628,-2.58651,-0.70409,4e-05,-0.99113
7485.15,BTC-27MAR20,1575975541437,open,1.41,0.0,1.361,1.4805,1.41504478,89.25,1.23,0.0,BTC-27MAR20-18000-P,7334.79,0.0,0.518,1.0,2.4185,1.0,500.0,4.765,-1.97119,-52.12784,3e-05,-0.9413
7364.15,BTC-27DEC19,1575975541437,open,1.44,9.4,1.3965,1.4945,1.44429102,116.39,1.1125,0.0,BTC-27DEC19-18000-P,7334.79,0.0,0.0,0.0,0.0,0.0,0.0,0.01666,-0.05746,-8.32135,0.0,-0.99972
7485.15,BTC-27MAR20,1575975541437,open,4.34,1.0,4.2395,4.4635,4.34614834,119.45,4.54,0.0,BTC-27MAR20-40000-P,7334.79,0.0,0.0015,10.0,0.0,0.0,0.0,1.27361,-0.70511,-118.00326,1e-05,-0.98797
7485.15,BTC-27MAR20,1575975541437,open,3.27,0.0,3.192,3.3755,3.27836917,111.18,None,0.0,BTC-27MAR20-32000-P,7334.79,0.0,0.0015,10.0,0.0,0.0,0.0,1.78414,-0.91936,-94.25384,1e-05,-0.9822
7339.79,SYN.BTC-13DEC19,1575975541437,open,0.12,7.7,0.1025,0.1515,0.12502527,73.61,0.118,0.0,BTC-13DEC19-8250-P,7334.79,0.0,0.0,0.0,0.1375,0.1,145.04,0.55568,-7.11197,-0.62773,0.00018,-0.9605
7606.14,SYN.BTC-26JUN20,1575975541437,open,0.02,12.5,0.0065,0.051,0.02003275,90.7,0.0235,0.0,BTC-26JUN20-24000-C,7334.79,89.32,0.0185,5.0,0.0215,10.0,91.97,8.62385,-1.96647,2.632,3e-05,0.08354
7339.79,SYN.BTC-13DEC19,1575975541437,open,0.01,562.9,0.0005,0.032,0.01044401,54.31,0.0115,0.0,BTC-13DEC19-7500-C,7334.79,51.38,0.0095,17.1,0.0115,37.1,57.55,2.37585,-22.43536,0.18818,0.00103,0.33586
7606.14,SYN.BTC-26JUN20,1575975541437,open,1.4,2.7,1.3365,1.4815,1.40103791,83.95,1.33,0.0,BTC-26JUN20-18000-P,7334.79,0.0,1.3,0.1,1.45,0.1,108.19,12.49624,-2.63736,-93.7048,5e-05,-0.86
7606.14,SYN.BTC-26JUN20,1575975541438,open,0.43,123.6,0.3775,0.5,0.43305776,72.94,0.415,0.0,BTC-26JUN20-10000-P,7334.79,70.46,0.426,6.0,0.4365,8.0,74.14,21.76759,-3.99161,-42.58382,9e-05,-0.59447
7606.14,SYN.BTC-26JUN20,1575975541437,open,0.24,178.7,0.189,0.295,0.23673267,70.25,0.2345,0.0,BTC-26JUN20-8000-P,7334.79,69.31,0.234,5.0,0.2395,8.0,71.2,22.10682,-3.90439,-27.86728,0.0001,-0.43569
7485.15,BTC-27MAR20,1575975541448,open,1.68,5.2,1.622,1.75,1.68021319,93.59,1.108,0.0,BTC-27MAR20-20000-P,7334.79,0.0,0.7835,1.0,2.684,1.0,500.0,3.97756,-1.72547,-58.25828,3e-05,-0.95324
7606.14,SYN.BTC-26JUN20,1575975541448,open,0.06,527.0,0.028,0.101,0.056125,77.84,0.054,0.0,BTC-26JUN20-14000-C,7334.79,76.62,0.0535,33.4,0.0585,5.0,78.92,16.59289,-3.24704,6.76173,7e-05,0.21928
7410.69,SYN.BTC-31JAN20,1575975541448,open,0.14,16.9,0.1125,0.1855,0.14200036,62.27,0.1345,0.0,BTC-31JAN20-8000-P,7334.79,61.25,0.1405,5.0,0.145,10.0,64.3,10.90579,-6.54525,-7.63197,0.00022,-0.58261
7606.14,SYN.BTC-26JUN20,1575975541450,open,2.69,0.0,2.614,2.796,2.69669762,94.65,None,0.0,BTC-26JUN20-28000-P,7334.79,0.0,0.002,1.0,0.0,0.0,0.0,7.09798,-1.68905,-150.51928,2e-05,-0.93524
7485.15,BTC-27MAR20,1575975541479,open,0.12,757.3,0.0835,0.1595,0.11784682,67.14,0.118,0.0,BTC-27MAR20-8000-C,7334.79,66.06,0.1155,19.5,0.1205,21.0,68.36,16.23401,-5.05171,8.45627,0.00015,0.5001
7339.79,SYN.BTC-13DEC19,1575975541479,open,0.03,458.1,0.013,0.059,0.03227023,54.31,0.032,0.0,BTC-13DEC19-7500-P,7334.79,50.35,0.031,10.9,0.0335,5.0,58.08,2.37583,-22.43427,-0.40272,0.00103,-0.66415
7364.15,BTC-27DEC19,1575975541481,open,0.13,142.5,0.107,0.1545,0.12955078,62.88,0.1285,0.0,BTC-27DEC19-6500-C,7334.79,61.82,0.129,0.1,0.132,0.1,67.41,3.86661,-7.20329,2.41593,0.00025,0.83912
7364.15,BTC-27DEC19,1575975541481,open,0.0,562.6,0.0005,0.0105,0.0,120.0,0.0005,0.0,BTC-27DEC19-40000-C,7334.79,0.0,0.0,0.0,0.0005,10.6,263.01,0.0,0.0,0.0,0.0,0.0
7364.15,BTC-27DEC19,1575975541481,open,3.34,0.3,3.2605,3.434,3.34535821,0.0,2.744,0.0,BTC-27DEC19-32000-P,7334.79,0.0,0.0,0.0,0.0,0.0,0.0,0.0,0.0,-14.79513,0.0,-1.0
7410.69,SYN.BTC-31JAN20,1575975541481,open,0.05,57.2,0.025,0.077,0.04478883,63.34,0.0445,0.0,BTC-31JAN20-8500-C,7334.79,62.01,0.043,20.0,0.0465,25.0,64.59,10.04971,-6.13488,2.9467,0.0002,0.32456
7410.69,SYN.BTC-31JAN20,1575975541502,open,0.19,7.2,0.1595,0.235,0.19177518,63.33,0.195,0.0,BTC-31JAN20-8500-P,7334.79,43.28,0.1665,8.0,0.1965,2.0,66.79,10.04954,-6.13445,-9.13403,0.0002,-0.67545
7485.15,BTC-27MAR20,1575975541506,open,1.15,1.1,1.101,1.2135,1.15148644,85.07,1.08,0.0,BTC-27MAR20-16000-P,7334.79,0.0,0.2545,1.0,2.155,1.0,500.0,5.99549,-2.36388,-45.84704,4e-05,-0.92094
7364.15,BTC-27DEC19,1575975541513,open,0.0,457.0,0.0005,0.0125,0.00271687,79.91,0.003,0.0,BTC-27DEC19-5500-P,7334.79,78.64,0.0025,45.5,0.003,0.6,81.49,1.28516,-3.04277,-0.13579,6e-05,-0.03716
7339.79,SYN.BTC-13DEC19,1575975541515,open,0.15,0.3,0.1315,0.169,0.14917844,92.11,0.149,0.0,BTC-13DEC19-6250-C,7334.79,0.0,0.133,1.0,0.1565,8.0,157.61,0.34694,-5.55617,0.47907,9e-05,0.97762
7364.15,BTC-27DEC19,1575975541525,open,2.26,0.0,2.1955,2.3255,2.25901887,0.0,None,0.0,BTC-27DEC19-24000-P,7334.79,0.0,0.0,0.0,0.0,0.0,0.0,0.0,0.0,-11.09635,0.0,-1.0
7364.15,BTC-27DEC19,1575975541525,open,0.23,860.3,0.2005,0.261,0.22845957,68.09,0.222,0.0,BTC-27DEC19-9000-P,7334.79,0.0,0.2215,2.0,0.2365,2.0,85.9,2.72403,-5.49509,-3.85134,0.00016,-0.90269
7410.69,SYN.BTC-31JAN20,1575975541525,open,0.01,94.1,0.0005,0.022,0.00717859,76.58,0.0075,0.0,BTC-31JAN20-12000-C,7334.79,75.1,0.0065,20.0,0.008,16.0,78.28,3.48353,-2.57123,0.5944,6e-05,0.06361
7485.15,BTC-27MAR20,1575975541547,open,0.39,144.3,0.3485,0.4485,0.39390641,71.04,0.376,0.0,BTC-27MAR20-10000-P,7334.79,68.1,0.3885,8.6,0.4045,8.8,76.64,13.9022,-4.57772,-24.4475,0.00012,-0.7112
7364.15,BTC-27DEC19,1575975541555,open,0.01,1194.4,0.0005,0.02,0.00632757,68.1,0.006,0.0,BTC-27DEC19-9000-C,7334.79,67.2,0.006,30.0,0.007,42.5,69.87,2.72504,-5.49821,0.30994,0.00016,0.09736
7364.15,BTC-27DEC19,1575975541555,open,0.11,935.5,0.08,0.1385,0.10745541,59.95,0.108,0.0,BTC-27DEC19-8000-P,7334.79,57.93,0.106,9.2,0.1075,0.1,60.01,5.34516,-9.49379,-2.81181,0.00036,-0.71838
7339.79,SYN.BTC-13DEC19,1575975541571,open,0.12,41.1,0.0965,0.1365,0.115578,79.64,0.1455,0.0,BTC-13DEC19-6500-C,7334.79,0.0,0.111,10.2,0.1215,8.0,124.21,0.558,-7.72698,0.48848,0.00017,0.9603
147.47,SYN.ETH-20DEC19,1575975541692,open,0.03,170.0,0.01,0.059,0.032482,61.2,0.034,0.0,ETH-20DEC19-150-C,147.14,58.93,0.031,160.0,0.034,250.0,63.53,0.09609,-0.29776,0.01677,0.02668,0.45272
147.47,SYN.ETH-20DEC19,1575975541692,open,0.26,0.0,0.232,0.28,0.25555,93.86,None,0.0,ETH-20DEC19-110-C,147.14,0.0,0.254,1.0,0.351,1.0,354.2,0.01374,-0.06529,0.02874,0.00249,0.97591
147.47,SYN.ETH-20DEC19,1575975541692,open,0.01,227.0,0.001,0.023,0.007461,69.93,0.007,0.0,ETH-20DEC19-130-P,147.14,65.42,0.006,500.0,0.009,800.0,74.33,0.04975,-0.17615,-0.00526,0.01209,-0.12434
147.47,SYN.ETH-20DEC19,1575975541694,open,0.05,4.0,0.021,0.082,0.049654,61.2,0.058,0.0,ETH-20DEC19-150-P,147.14,58.66,0.048,145.0,0.051,250.0,63.27,0.09609,-0.29776,-0.02382,0.02668,-0.54728
147.47,SYN.ETH-20DEC19,1575975541694,open,0.02,189.0,0.004,0.045,0.020271,63.64,0.023,0.0,ETH-20DEC19-140-P,147.14,61.37,0.019,1.0,0.022,569.0,66.68,0.08324,-0.2682,-0.01244,0.02223,-0.29157
7351.97,SYN.BTC-20DEC19,1575975542436,open,0.15,0.0,0.1335,0.1745,0.1530182,66.86,0.165,0.0,BTC-20DEC19-6250-C,7334.79,0.0,0.1495,7.1,0.161,7.0,95.0,1.49304,-5.05386,1.55987,0.00015,0.93719
7351.97,SYN.BTC-20DEC19,1575975542436,open,0.19,0.1,0.168,0.2065,0.18606706,74.08,0.1885,0.0,BTC-20DEC19-6000-C,7334.79,0.0,0.1835,0.1,0.194,10.0,108.14,1.08307,-4.06232,1.53564,0.0001,0.95805
7351.97,SYN.BTC-20DEC19,1575975542436,open,0.22,0.0,0.2025,0.2375,0.21911606,78.18,None,0.0,BTC-20DEC19-5750-C,7334.79,0.0,0.2035,1.0,0.235,7.0,146.76,0.68555,-2.71352,1.50538,6e-05,0.97589
7351.97,SYN.BTC-20DEC19,1575975542436,open,0.12,0.0,0.1,0.1435,0.12106032,61.62,0.1365,0.0,BTC-20DEC19-6500-C,7334.79,30.76,0.116,10.0,0.128,10.0,81.26,2.16502,-6.7539,1.54396,0.00024,0.89723
7351.97,SYN.BTC-20DEC19,1575975542436,open,0.0,37.4,0.0005,0.012,0.00217273,74.07,0.002,0.0,BTC-20DEC19-6000-P,7334.79,72.87,0.002,20.0,0.0025,20.9,76.21,1.08254,-4.05958,-0.08771,0.0001,-0.04192
7351.97,SYN.BTC-20DEC19,1575975542436,open,0.0,67.6,0.0005,0.011,0.00121733,78.16,0.0015,0.0,BTC-20DEC19-5750-P,7334.79,75.68,0.001,25.1,0.0015,1.5,81.0,0.68491,-2.71029,-0.05032,6e-05,-0.02408
7351.97,SYN.BTC-20DEC19,1575975542438,open,0.01,289.7,0.0055,0.0405,0.0156008,53.68,0.0155,0.0,BTC-20DEC19-7000-P,7334.79,51.66,0.0145,29.0,0.0165,2.8,55.31,4.0303,-10.95295,-0.57673,0.00051,-0.27433
7351.97,SYN.BTC-20DEC19,1575975542438,open,0.0,99.2,0.0005,0.018,0.0051748,61.61,0.0055,0.0,BTC-20DEC19-6500-P,7334.79,59.25,0.0045,25.7,0.006,40.5,64.32,2.16465,-6.75196,-0.21468,0.00024,-0.10275
7351.97,SYN.BTC-20DEC19,1575975542438,open,0.04,40.6,0.0245,0.072,0.04167201,52.64,0.0375,0.0,BTC-20DEC19-7250-C,7334.79,49.26,0.0395,19.9,0.043,11.1,54.7,4.72456,-12.59123,1.07295,0.00061,0.58106
7351.97,SYN.BTC-20DEC19,1575975542440,open,0.0,98.1,0.0005,0.0135,0.00312828,66.85,0.003,0.0,BTC-20DEC19-6250-P,7334.79,66.21,0.003,20.0,0.0035,3.0,68.63,1.49255,-5.05146,-0.13111,0.00015,-0.06279
7351.97,SYN.BTC-20DEC19,1575975542440,open,0.1,4.1,0.0735,0.1285,0.09691288,54.7,0.1,0.0,BTC-20DEC19-8000-P,7334.79,50.18,0.095,0.8,0.1005,0.8,62.42,3.23574,-8.96156,-1.81256,0.0004,-0.81429
7351.97,SYN.BTC-20DEC19,1575975542440,open,0.03,64.6,0.0135,0.058,0.02779969,52.64,0.027,0.0,BTC-20DEC19-7250-P,7334.79,52.95,0.028,0.1,0.029,19.0,54.5,4.72455,-12.59034,-0.88865,0.00061,-0.41894
7351.97,SYN.BTC-20DEC19,1575975542440,open,0.01,749.1,0.0005,0.027,0.00875742,56.81,0.008,0.0,BTC-20DEC19-6750-P,7334.79,54.96,0.008,24.4,0.0095,18.5,58.59,3.04078,-8.7468,-0.35224,0.00037,-0.16832
7351.97,SYN.BTC-20DEC19,1575975542440,open,0.09,0.7,0.0695,0.116,0.09063854,56.82,0.087,0.0,BTC-20DEC19-6750-C,7334.79,0.0,0.068,13.0,0.0985,13.0,74.05,3.04102,-8.7483,1.47404,0.00037,0.83166
7351.97,SYN.BTC-20DEC19,1575975542440,open,0.07,9.7,0.048,0.102,0.06901898,52.83,0.073,0.0,BTC-20DEC19-7750-P,7334.79,51.9,0.0685,5.0,0.0715,2.0,57.2,4.11687,-11.01246,-1.55631,0.00053,-0.71336
7351.97,SYN.BTC-20DEC19,1575975542440,open,0.0,26.9,0.0005,0.015,0.00369154,61.49,0.0035,0.0,BTC-20DEC19-8500-C,7334.79,58.61,0.003,32.1,0.004,20.2,62.69,1.85175,-5.76524,0.15815,0.00021,0.0832
7351.97,SYN.BTC-20DEC19,1575975542440,open,0.01,178.0,0.0005,0.029,0.00877198,54.71,0.0085,0.0,BTC-20DEC19-8000-C,7334.79,52.93,0.008,73.0,0.009,0.3,55.22,3.23604,-8.96337,0.35203,0.0004,0.18574
7351.97,SYN.BTC-20DEC19,1575975542440,open,0.16,0.0,0.135,0.1885,0.15984125,61.48,0.154,0.0,BTC-20DEC19-8500-P,7334.79,0.0,0.0,0.0,0.1735,0.1,97.95,1.85107,-5.7621,-2.14174,0.00021,-0.91684
7351.97,SYN.BTC-20DEC19,1575975542440,open,0.13,0.1,0.103,0.1575,0.12763307,57.73,0.1225,0.0,BTC-20DEC19-8250-P,7334.79,0.0,0.122,0.1,1.128,0.1,500.0,2.44462,-7.14583,-2.0008,0.00029,-0.8782
7351.97,SYN.BTC-20DEC19,1575975542442,open,0.02,110.6,0.005,0.04,0.01488249,52.84,0.017,0.0,BTC-20DEC19-7750-C,7334.79,51.25,0.014,50.0,0.016,3.0,54.82,4.117,-11.01375,0.54062,0.00053,0.28666
7351.97,SYN.BTC-20DEC19,1575975542442,open,0.22,0.1,0.2005,0.255,0.22591419,68.17,0.218,0.0,BTC-20DEC19-9000-P,7334.79,0.0,0.2105,0.1,0.0,0.0,0.0,1.04775,-3.61633,-2.35849,0.00011,-0.95973
7351.97,SYN.BTC-20DEC19,1575975542442,open,0.0,62.9,0.0005,0.012,0.00236838,64.12,0.0025,0.0,BTC-20DEC19-8750-C,7334.79,62.01,0.002,25.1,0.0025,0.6,64.83,1.3459,-4.36906,0.10476,0.00014,0.05503
7351.97,SYN.BTC-20DEC19,1575975542442,open,0.0,91.3,0.0005,0.0115,0.00175568,68.19,0.002,0.0,BTC-20DEC19-9000-C,7334.79,61.99,0.001,51.0,0.0025,20.5,72.88,1.04878,-3.62096,0.0767,0.00011,0.04031
7351.97,SYN.BTC-20DEC19,1575975542442,open,0.19,0.1,0.1675,0.221,0.19252248,64.1,0.183,0.0,BTC-20DEC19-8750-P,7334.79,0.0,0.1795,0.1,0.215,0.1,125.21,1.34501,-4.36511,-2.26279,0.00014,-0.94501
147.47,SYN.ETH-20DEC19,1575975543019,open,0.0,540.0,0.001,0.011,0.001985,83.52,0.002,0.0,ETH-20DEC19-190-C,147.14,74.71,0.001,1121.0,0.003,526.0,90.12,0.01999,-0.08454,0.00143,0.00407,0.03787
147.47,SYN.ETH-20DEC19,1575975543019,open,0.29,0.0,0.252,0.333,0.290402,83.52,None,0.0,ETH-20DEC19-190-P,147.14,0.0,0.01,50.0,0.526,1.0,500.0,0.01999,-0.08454,-0.04998,0.00407,-0.96213
7351.97,SYN.BTC-20DEC19,1575975543500,open,0.26,0.0,0.234,0.289,0.25962758,73.18,None,0.0,BTC-20DEC19-9250-P,7334.79,0.0,0.0,0.0,0.0,0.0,0.0,0.87538,-3.24347,-2.44134,8e-05,-0.96767
7351.97,SYN.BTC-20DEC19,1575975543500,open,0.0,40.3,0.0005,0.011,0.00146367,73.21,0.0015,0.0,BTC-20DEC19-9250-C,7334.79,68.86,0.001,25.0,0.002,35.2,77.29,0.87648,-3.24867,0.0615,8e-05,0.03238
7364.13,BTC-27DEC19,1575975543899,open,0.01,966.0,0.0025,0.0295,0.01220216,62.87,0.0135,0.0,BTC-27DEC19-6500-P,7334.79,61.52,0.0115,16.4,0.013,65.2,64.37,3.86633,-7.20197,-0.58926,0.00025,-0.16086
7364.13,BTC-27DEC19,1575975543899,open,0.08,231.9,0.0535,0.1035,0.07722273,58.08,0.073,0.0,BTC-27DEC19-7000-C,7334.79,56.48,0.076,0.4,0.0795,19.4,61.03,5.66044,-9.74012,2.05333,0.00039,0.68029
7364.13,BTC-27DEC19,1575975543899,open,0.0,967.4,0.0005,0.011,0.00124792,101.83,0.001,0.0,BTC-27DEC19-12000-C,7334.79,98.89,0.001,28.7,0.0015,65.6,104.45,0.66703,-2.01257,0.05358,3e-05,0.01698
7410.67,SYN.BTC-31JAN20,1575975543899,open,0.06,62.2,0.041,0.099,0.0624827,62.27,0.074,0.0,BTC-31JAN20-8000-C,7334.79,60.92,0.0605,27.9,0.064,21.0,63.3,10.90578,-6.54554,3.73803,0.00022,0.41739
7606.12,SYN.BTC-26JUN20,1575975543899,open,0.19,166.5,0.142,0.2365,0.18495387,70.25,0.2005,0.0,BTC-26JUN20-8000-C,7334.79,69.23,0.182,11.4,0.1875,8.0,71.13,22.10676,-3.90446,15.72178,0.0001,0.56431
7410.67,SYN.BTC-31JAN20,1575975543903,open,0.49,0.0,0.46,0.5375,0.49507214,72.11,None,0.0,BTC-31JAN20-11000-P,7334.79,0.0,0.4615,4.0,0.5295,4.0,109.76,4.68261,-3.25459,-14.75748,8e-05,-0.90607
7410.67,SYN.BTC-31JAN20,1575975543914,open,0.34,0.0,0.316,0.357,0.3345409,76.33,None,0.0,BTC-31JAN20-5000-C,7334.79,47.32,0.326,9.0,0.353,9.0,105.86,3.55791,-2.61771,6.32042,6e-05,0.93463
7606.12,SYN.BTC-26JUN20,1575975543914,open,0.15,93.2,0.104,0.1985,0.14611062,71.29,0.1595,0.0,BTC-26JUN20-9000-C,7334.79,70.23,0.143,23.1,0.149,8.0,72.27,22.3625,-4.00803,13.72989,0.0001,0.47741
7485.13,BTC-27MAR20,1575975543918,open,0.18,54.2,0.1395,0.215,0.17423638,66.84,0.1895,0.0,BTC-27MAR20-7000-C,7334.79,64.99,0.1705,18.0,0.1765,24.7,67.95,15.18175,-4.70308,10.36685,0.00014,0.64285
7410.67,SYN.BTC-31JAN20,1575975543918,open,0.22,0.0,0.19,0.2435,0.21508074,66.17,None,0.0,BTC-31JAN20-6000-C,7334.79,0.0,0.19,16.0,0.2265,14.0,77.72,6.95458,-4.43535,6.52171,0.00013,0.83428
7410.67,SYN.BTC-31JAN20,1575975543922,open,0.56,0.0,0.525,0.603,0.56051363,74.36,None,0.0,BTC-31JAN20-11500-P,7334.79,0.0,0.527,3.0,0.5945,3.0,114.53,4.02491,-2.88484,-15.62762,7e-05,-0.92325
7339.79,SYN.BTC-13DEC19,1575975543935,open,0.0,149.9,0.0005,0.0105,0.00033169,110.2,0.0005,0.0,BTC-13DEC19-9250-C,7334.79,0.0,0.0,0.0,0.0005,21.0,116.19,0.17791,-2.43451,0.00575,4e-05,0.01028
7485.13,BTC-27MAR20,1575975543949,open,0.26,21.4,0.2235,0.2905,0.25444483,68.35,0.2745,0.0,BTC-27MAR20-6000-C,7334.79,64.28,0.248,17.0,0.257,24.0,69.94,11.96693,-3.79113,11.6838,0.00011,0.78259
7364.13,BTC-27DEC19,1575975543952,open,0.06,750.2,0.036,0.088,0.05951788,57.5,0.057,0.0,BTC-27DEC19-7500-P,7334.79,56.31,0.0585,0.1,0.06,0.4,58.07,6.29374,-10.72283,-2.02176,0.00044,-0.53428
7410.67,SYN.BTC-31JAN20,1575975543952,open,0.3,4.8,0.271,0.347,0.30573902,66.36,0.3445,0.0,BTC-31JAN20-9500-P,7334.79,0.0,0.27,5.0,0.3425,5.0,96.9,7.64884,-4.89207,-11.7223,0.00015,-0.80723
149.75,ETH-27MAR20,1575975543959,open,0.01,5196.0,0.001,0.018,0.005037,113.49,0.008,0.0,ETH-27MAR20-600-C,147.14,110.09,0.004,470.0,0.006,250.0,116.24,0.04936,-0.02596,0.00933,0.00066,0.02612
148.49,SYN.ETH-31JAN20,1575975543959,open,0.15,1.0,0.111,0.201,0.155137,72.03,0.148,0.0,ETH-31JAN20-160-P,147.14,68.58,0.15,461.0,0.158,365.0,73.95,0.22117,-0.15355,-0.14994,0.0098,-0.55535
147.7,ETH-27DEC19,1575975543961,open,0.02,141.0,0.004,0.039,0.017637,73.65,0.018,0.0,ETH-27DEC19-130-P,147.14,72.55,0.017,80.0,0.019,753.0,75.98,0.08563,-0.18685,-0.01404,0.01153,-0.18802
151.06,SYN.ETH-26JUN20,1575975543963,open,0.18,898.0,0.125,0.236,0.180273,83.68,0.182,0.0,ETH-26JUN20-180-C,147.14,81.21,0.173,481.0,0.181,250.0,83.93,0.44469,-0.09356,0.27138,0.00427,0.51
149.75,ETH-27MAR20,1575975543965,open,0.48,20.0,0.455,0.502,0.477944,83.02,0.613,0.0,ETH-27MAR20-80-C,147.14,0.0,0.465,1.0,0.0,0.0,0.0,0.08818,-0.03393,0.20752,0.0016,0.94682
148.49,SYN.ETH-31JAN20,1575975543965,open,0.08,11.0,0.046,0.116,0.078771,72.03,0.076,0.0,ETH-31JAN20-140-P,147.14,69.36,0.075,788.0,0.08,250.0,72.9,0.20987,-0.1457,-0.09307,0.0093,-0.36221
148.49,SYN.ETH-31JAN20,1575975543967,open,0.03,130.0,0.009,0.052,0.026977,77.44,0.033,0.0,ETH-31JAN20-200-C,147.14,75.48,0.025,498.0,0.029,498.0,79.38,0.1524,-0.11375,0.03462,0.00628,0.19101
148.49,SYN.ETH-31JAN20,1575975543967,open,0.37,0.0,0.323,0.428,0.373883,77.44,None,0.0,ETH-31JAN20-200-P,147.14,0.0,0.346,1.0,0.937,1.0,490.19,0.1524,-0.11375,-0.24963,0.00628,-0.80899
151.06,SYN.ETH-26JUN20,1575975543969,open,0.13,718.0,0.075,0.179,0.124837,85.1,0.127,0.0,ETH-26JUN20-220-C,147.14,84.45,0.123,7.0,0.126,250.0,85.51,0.4272,-0.0914,0.21664,0.00404,0.38805
147.7,ETH-27DEC19,1575975543977,open,0.2,22.0,0.167,0.225,0.195872,79.41,0.165,0.0,ETH-27DEC19-120-C,147.14,0.0,0.187,76.0,0.294,25.0,241.96,0.05431,-0.12778,0.04832,0.00678,0.90349
147.7,ETH-27DEC19,1575975543979,open,0.14,3.0,0.105,0.169,0.137475,73.65,0.14,0.0,ETH-27DEC19-130-C,147.14,67.48,0.134,40.0,0.14,65.0,77.93,0.08563,-0.18685,0.04606,0.01153,0.81198
151.06,SYN.ETH-26JUN20,1575975543981,open,0.03,330.0,0.009,0.062,0.028527,97.89,0.04,0.0,ETH-26JUN20-480-C,147.14,95.99,0.026,440.0,0.031,140.0,99.66,0.20652,-0.05083,0.06517,0.0017,0.10771
147.7,ETH-27DEC19,1575975543983,open,0.33,0.0,0.303,0.35,0.325933,103.84,None,0.0,ETH-27DEC19-100-C,147.14,0.0,0.322,1.0,0.423,25.0,324.21,0.02253,-0.06931,0.04388,0.00215,0.96845
149.75,ETH-27MAR20,1575975543987,open,0.06,852.0,0.027,0.096,0.058021,82.47,0.065,0.0,ETH-27MAR20-220-C,147.14,80.75,0.055,589.0,0.061,550.0,84.14,0.26568,-0.10155,0.09076,0.00486,0.2631
151.06,SYN.ETH-26JUN20,1575975543987,open,1.18,0.0,1.09,1.279,1.179974,90.6,1.06,0.0,ETH-26JUN20-320-P,147.14,0.0,0.015,2.0,1.201,1.0,99.84,0.32607,-0.07427,-1.61703,0.00289,-0.78469
147.24,SYN.ETH-13DEC19,1575975543990,open,0.29,1.0,0.253,0.333,0.290785,120.0,0.286,0.0,ETH-13DEC19-190-P,147.14,0.0,0.01,55.0,0.375,1.0,491.23,0.00337,-0.07027,-0.01486,0.00164,-0.99038
148.49,SYN.ETH-31JAN20,1575975543990,open,0.5,0.0,0.447,0.557,0.499068,81.29,None,0.0,ETH-31JAN20-220-P,147.14,0.0,0.481,1.0,1.054,1.0,490.4,0.118,-0.09245,-0.28907,0.00463,-0.87067
149.75,ETH-27MAR20,1575975543992,open,1.16,7.0,1.083,1.242,1.157445,92.47,1.28,0.0,ETH-27MAR20-320-P,147.14,0.0,0.011,5.0,1.172,2.0,105.39,0.147,-0.063,-0.90883,0.0024,-0.89601
149.75,ETH-27MAR20,1575975543992,open,0.14,860.0,0.096,0.186,0.141219,77.86,0.15,0.0,ETH-27MAR20-160-C,147.14,74.53,0.134,565.0,0.143,550.0,78.69,0.32429,-0.11703,0.16854,0.00628,0.52203
151.06,SYN.ETH-26JUN20,1575975543992,open,0.19,1132.0,0.132,0.242,0.185582,78.77,0.191,0.0,ETH-26JUN20-140-P,147.14,77.07,0.181,459.0,0.19,210.0,80.41,0.40703,-0.0806,-0.42988,0.00416,-0.33672
7364.13,BTC-27DEC19,1575975544002,open,0.0,63.4,0.0005,0.0115,0.0019082,83.31,0.0015,0.0,BTC-27DEC19-10500-C,7334.79,80.25,0.0015,25.5,0.0025,20.7,87.09,1.05736,-2.60997,0.09336,5e-05,0.02933
148.49,SYN.ETH-31JAN20,1575975544002,open,0.23,0.0,0.19,0.258,0.224772,74.96,None,0.0,ETH-31JAN20-120-C,147.14,22.43,0.192,1.0,0.325,40.0,161.65,0.14961,-0.1081,0.12448,0.00637,0.81462
7364.13,BTC-27DEC19,1575975544004,open,0.0,1469.0,0.0005,0.0115,0.00171118,93.55,0.0015,0.0,BTC-27DEC19-5000-P,7334.79,91.56,0.0015,25.5,0.002,5.4,96.05,0.81247,-2.25206,-0.07875,3e-05,-0.02142
147.7,ETH-27DEC19,1575975544006,open,0.01,6680.0,0.001,0.023,0.00833,79.41,0.007,0.0,ETH-27DEC19-120-P,147.14,75.66,0.007,250.0,0.009,4.0,81.21,0.05431,-0.12778,-0.00716,0.00678,-0.09651
149.75,ETH-27MAR20,1575975544006,open,0.07,1195.0,0.04,0.109,0.071444,77.86,0.078,0.0,ETH-27MAR20-120-P,147.14,74.56,0.066,320.0,0.073,279.0,78.8,0.24793,-0.08948,-0.13395,0.0048,-0.23121
151.06,SYN.ETH-26JUN20,1575975544006,open,0.07,720.0,0.038,0.104,0.06806,80.5,0.081,0.0,ETH-26JUN20-100-P,147.14,78.24,0.064,250.0,0.072,538.0,82.68,0.27216,-0.05509,-0.18835,0.00272,-0.16078
148.49,SYN.ETH-31JAN20,1575975544008,open,0.34,0.0,0.312,0.366,0.338567,82.07,None,0.0,ETH-31JAN20-100-C,147.14,0.0,0.326,1.0,0.438,40.0,197.88,0.08006,-0.06333,0.12355,0.00311,0.92399
151.06,SYN.ETH-26JUN20,1575975544008,open,0.03,92.0,0.007,0.058,0.025445,100.11,0.029,0.0,ETH-26JUN20-520-C,147.14,98.11,0.023,140.0,0.028,390.0,102.08,0.19022,-0.04787,0.05824,0.00153,0.09621
7485.12,BTC-27MAR20,1575975544027,open,0.01,422.8,0.0005,0.0305,0.01029277,89.27,0.0095,0.0,BTC-27MAR20-18000-C,7334.79,87.99,0.0095,22.0,0.011,25.0,90.36,4.76752,-1.97257,1.0718,3e-05,0.05874
7339.79,SYN.BTC-13DEC19,1575975544027,open,0.0,568.4,0.0005,0.019,0.00408317,58.62,0.0045,0.0,BTC-13DEC19-7750-C,7334.79,55.77,0.0035,26.0,0.005,51.5,62.81,1.54618,-15.75876,0.08673,0.00062,0.15406
7606.12,SYN.BTC-26JUN20,1575975544027,open,0.1,265.1,0.0635,0.139,0.09581411,70.31,0.0935,0.0,BTC-26JUN20-6000-P,7334.79,68.63,0.092,24.0,0.0985,14.5,71.48,17.32723,-3.06272,-13.78581,8e-05,-0.23683
7339.79,SYN.BTC-13DEC19,1575975544027,open,0.0,747.0,0.0005,0.0115,0.00151117,62.57,0.001,0.0,BTC-13DEC19-8000-C,7334.79,57.45,0.001,75.7,0.002,0.2,66.66,0.81482,-8.86429,0.03606,0.00031,0.06386
7364.13,BTC-27DEC19,1575975544029,open,0.02,1347.7,0.0075,0.0425,0.02111495,59.95,0.02,0.0,BTC-27DEC19-8000-C,7334.79,58.41,0.02,0.5,0.0215,0.4,60.48,5.34529,-9.49495,0.88701,0.00036,0.28163
7364.13,BTC-27DEC19,1575975544230,open,0.0,148.5,0.0005,0.015,0.0039081,72.95,0.004,0.0,BTC-27DEC19-9500-C,7334.79,71.34,0.0035,2.5,0.0045,43.5,75.14,1.91488,-4.139,0.19495,0.0001,0.06117
7364.13,BTC-27DEC19,1575975544230,open,0.0,793.0,0.0005,0.0105,0.00073721,102.11,0.001,0.0,BTC-27DEC19-4500-P,7334.79,97.11,0.0005,50.8,0.001,14.7,106.5,0.39638,-1.19916,-0.0342,2e-05,-0.00931
7606.12,SYN.BTC-26JUN20,1575975544230,open,0.24,67.5,0.1975,0.2875,0.23878255,70.27,0.2545,0.0,BTC-26JUN20-7000-C,7334.79,68.68,0.2345,6.0,0.2425,11.0,71.65,20.51225,-3.62391,17.56248,9e-05,0.66256
7410.67,SYN.BTC-31JAN20,1575975544230,open,0.01,97.7,0.0035,0.0325,0.01339804,69.71,0.016,0.0,BTC-31JAN20-10500-C,7334.79,68.48,0.0125,48.0,0.014,2.0,70.52,5.46156,-3.66984,1.08232,0.0001,0.11616
7410.67,SYN.BTC-31JAN20,1575975544230,open,0.02,131.4,0.0095,0.048,0.02380964,66.36,0.0255,0.0,BTC-31JAN20-9500-C,7334.79,65.08,0.0225,25.9,0.025,31.4,67.51,7.6494,-4.8928,1.77978,0.00015,0.19279
7364.13,BTC-27DEC19,1575975544234,open,0.32,66.8,0.3075,0.34,0.32274711,93.58,0.4645,0.0,BTC-27DEC19-5000-C,7334.79,0.0,0.321,0.1,0.33,11.0,131.11,0.81327,-2.25489,2.23289,3e-05,0.97856
7606.12,SYN.BTC-26JUN20,1575975544234,open,0.01,119.1,0.0005,0.021,0.00871232,79.74,0.009,0.0,BTC-26JUN20-3000-P,7334.79,77.26,0.0075,41.0,0.01,5.0,82.19,3.86301,-0.77447,-1.62119,2e-05,-0.03041
7410.67,SYN.BTC-31JAN20,1575975544234,open,0.43,0.0,0.3955,0.472,0.43026736,69.71,None,0.0,BTC-31JAN20-10500-P,7334.79,0.0,0.3965,4.0,0.4655,4.0,105.13,5.46049,-3.66871,-13.8411,0.0001,-0.88387
7364.13,BTC-27DEC19,1575975544236,open,0.0,1165.6,0.0005,0.0115,0.00150039,88.83,0.002,0.0,BTC-27DEC19-11000-C,7334.79,83.88,0.001,52.5,0.002,55.6,92.78,0.8456,-2.22541,0.07135,4e-05,0.02246
7364.13,BTC-27DEC19,1575975544236,open,0.0,106.3,0.0005,0.0105,1e-08,120.0,0.0005,0.0,BTC-27DEC19-2000-P,7334.79,0.0,0.0,0.0,0.0005,41.1,240.9,1e-05,-3e-05,0.0,0.0,0.0
7606.12,SYN.BTC-26JUN20,1575975544236,open,0.03,246.4,0.014,0.073,0.03453722,83.95,0.034,0.0,BTC-26JUN20-18000-C,7334.79,82.06,0.0315,5.0,0.0355,21.0,84.53,12.49761,-2.63782,4.37148,5e-05,0.14002
7606.12,SYN.BTC-26JUN20,1575975544236,open,0.05,260.9,0.028,0.082,0.04994398,70.96,0.046,0.0,BTC-26JUN20-5000-P,7334.79,69.49,0.0475,18.0,0.0525,22.2,72.48,12.73286,-2.27152,-8.0347,6e-05,-0.14393
7364.13,BTC-27DEC19,1575975544238,open,0.46,30.7,0.446,0.4705,0.45739878,120.06,0.4745,0.0,BTC-27DEC19-4000-C,7334.79,0.0,0.4515,16.0,0.465,13.0,186.78,0.28223,-1.00392,1.8259,1e-05,0.99367
7339.79,SYN.BTC-13DEC19,1575975544238,open,0.0,620.2,0.0005,0.021,0.00521801,59.57,0.0055,0.0,BTC-13DEC19-7000-P,7334.79,58.62,0.005,2.0,0.006,50.9,62.88,1.69767,-17.58282,-0.10596,0.00067,-0.17802
7606.12,SYN.BTC-26JUN20,1575975544240,open,0.08,278.2,0.045,0.1275,0.07890156,75.21,0.0765,0.0,BTC-26JUN20-12000-C,7334.79,74.06,0.076,31.7,0.081,7.0,76.04,19.32108,-3.6535,8.88659,8e-05,0.29333
7410.67,SYN.BTC-31JAN20,1575975544240,open,0.37,0.0,0.3325,0.4085,0.36709929,67.99,None,0.0,BTC-31JAN20-10000-P,7334.79,0.0,0.3325,4.0,0.403,4.0,100.82,6.48363,-4.24889,-12.83003,0.00012,-0.85105
7339.79,SYN.BTC-13DEC19,1575975544240,open,0.18,0.3,0.166,0.2005,0.18276955,95.95,0.187,0.0,BTC-13DEC19-6000-C,7334.79,0.0,0.169,6.0,0.1915,6.0,192.17,0.14276,-2.38172,0.46796,4e-05,0.992
7410.67,SYN.BTC-31JAN20,1575975544240,open,0.25,10.1,0.2125,0.288,0.24698051,64.83,0.2485,0.0,BTC-31JAN20-9000-P,7334.79,41.74,0.2235,6.0,0.285,6.0,93.67,8.88786,-5.5534,-10.49511,0.00018,-0.74948
7364.13,BTC-27DEC19,1575975544242,open,0.0,1541.5,0.0005,0.0105,0.0,120.0,0.0005,0.0,BTC-27DEC19-52000-C,7334.79,0.0,0.0,0.0,0.0005,66.9,297.01,0.0,0.0,0.0,0.0,0.0
7485.12,BTC-27MAR20,1575975544244,open,0.01,1367.0,0.0005,0.0225,0.00926173,77.73,0.009,0.0,BTC-27MAR20-4000-P,7334.79,75.19,0.008,43.0,0.0105,19.0,80.05,3.86506,-1.39246,-1.20294,3e-05,-0.04512
7410.67,SYN.BTC-31JAN20,1575975544244,open,0.27,0.0,0.251,0.298,0.27275114,70.45,None,0.0,BTC-31JAN20-5500-C,7334.79,44.48,0.26,16.0,0.295,9.0,97.75,5.06815,-3.4415,6.55739,9e-05,0.89534
7364.13,BTC-27DEC19,1575975544246,open,0.53,4.3,0.515,0.535,0.52482662,120.21,0.5625,0.0,BTC-27DEC19-3500-C,7334.79,0.0,0.52,16.0,0.5315,11.0,212.87,0.06869,-0.24466,1.61338,0.0,0.99868
7364.13,BTC-27DEC19,1575975544246,open,0.0,820.7,0.0005,0.0105,0.00057004,120.0,0.0005,0.0,BTC-27DEC19-4000-P,7334.79,118.08,0.0005,24.9,0.001,45.8,129.17,0.28147,-1.00075,-0.02342,1e-05,-0.00631
7606.12,SYN.BTC-26JUN20,1575975544246,open,0.39,0.0,0.3635,0.428,0.39258119,70.96,None,0.0,BTC-26JUN20-5000-C,7334.79,54.62,0.3675,9.0,0.4215,9.0,87.36,12.73302,-2.2716,19.20832,6e-05,0.85607
7364.12,BTC-27DEC19,1575975544433,open,0.01,396.5,0.001,0.0295,0.01096343,63.29,0.011,0.0,BTC-27DEC19-8500-C,7334.79,61.44,0.01,37.1,0.0115,0.4,64.3,3.88528,-7.28606,0.51451,0.00024,0.16208
7485.12,BTC-27MAR20,1575975544433,open,0.48,7.4,0.459,0.495,0.4748703,77.73,0.499,0.0,BTC-27MAR20-4000-C,7334.79,54.86,0.467,10.0,0.4905,10.0,101.18,3.8655,-1.39269,10.61886,3e-05,0.95488
7364.12,BTC-27DEC19,1575975544433,open,0.8,12.1,0.7865,0.806,0.7963105,180.99,0.8415,0.0,BTC-27DEC19-1500-C,7334.79,0.0,0.79,19.0,0.804,19.0,442.16,0.00066,-0.00352,0.69349,0.0,0.99999
7485.12,BTC-27MAR20,1575975544433,open,0.08,277.9,0.051,0.123,0.08236055,69.3,0.0835,0.0,BTC-27MAR20-9000-C,7334.79,68.4,0.0805,1.2,0.084,15.2,70.09,15.51587,-4.98398,6.62388,0.00014,0.38178
7485.12,BTC-27MAR20,1575975544433,open,0.03,1267.3,0.0135,0.064,0.03201377,75.63,0.0315,0.0,BTC-27MAR20-12000-C,7334.79,74.17,0.03,61.6,0.033,17.0,76.34,10.41336,-3.65037,3.11906,8e-05,0.17301
7364.12,BTC-27DEC19,1575975544433,open,0.73,0.0,0.7185,0.738,0.72841401,150.94,None,0.0,BTC-27DEC19-2000-C,7334.79,0.0,0.721,18.0,0.7355,18.0,358.33,0.00102,-0.00457,0.92464,0.0,0.99999
7410.66,SYN.BTC-31JAN20,1575975544433,open,0.1,107.3,0.0735,0.1415,0.09976978,62.02,0.099,0.0,BTC-31JAN20-7500-P,7334.79,60.84,0.098,6.0,0.102,30.3,63.5,11.12159,-6.64774,-6.0414,0.00023,-0.47383
7410.66,SYN.BTC-31JAN20,1575975544433,open,0.16,0.0,0.138,0.197,0.16374397,63.4,None,0.0,BTC-31JAN20-6500-C,7334.79,41.68,0.1395,9.0,0.1805,9.0,76.98,8.91617,-5.4483,6.15325,0.00018,0.74796
7339.79,SYN.BTC-13DEC19,1575975544433,open,0.0,128.1,0.0005,0.0105,0.00070034,92.09,0.001,0.0,BTC-13DEC19-6250-P,7334.79,87.4,0.0005,5.0,0.001,34.0,97.75,0.34678,-5.14038,-0.01334,9e-05,-0.02237
7606.11,SYN.BTC-26JUN20,1575975544433,open,0.04,131.6,0.019,0.085,0.04330265,81.1,0.0415,0.0,BTC-26JUN20-16000-C,7334.79,80.14,0.0415,3.0,0.0455,34.9,82.25,14.36049,-2.92808,5.36974,6e-05,0.17287
7606.11,SYN.BTC-26JUN20,1575975544433,open,0.61,17.8,0.6015,0.6315,0.61429419,79.75,0.623,0.0,BTC-26JUN20-3000-C,7334.79,60.78,0.6075,10.0,0.6265,1.0,98.73,3.86338,-0.77457,14.72454,2e-05,0.96959
7364.12,BTC-27DEC19,1575975544437,open,0.03,998.5,0.0115,0.051,0.02777282,58.07,0.03,0.0,BTC-27DEC19-7000-P,7334.79,56.41,0.0265,32.0,0.0285,0.4,59.02,5.66038,-9.73916,-1.18307,0.00039,-0.3197
7485.12,BTC-27MAR20,1575975544437,open,0.02,440.1,0.007,0.046,0.01974908,80.11,0.019,0.0,BTC-27MAR20-14000-C,7334.79,78.37,0.018,37.6,0.021,18.0,81.3,7.71292,-2.86376,2.02379,6e-05,0.11123
7364.12,BTC-27DEC19,1575975544437,open,0.04,694.8,0.021,0.066,0.04107111,57.51,0.04,0.0,BTC-27DEC19-7500-C,7334.79,56.25,0.04,0.1,0.042,0.1,58.59,6.29373,-10.7237,1.44584,0.00044,0.46572
7606.11,SYN.BTC-26JUN20,1575975544437,open,0.5,0.5,0.476,0.5225,0.49648167,73.64,0.589,0.0,BTC-26JUN20-4000-C,7334.79,56.42,0.482,9.0,0.516,9.0,90.51,7.78269,-1.44097,17.84321,3e-05,0.92703
7410.66,SYN.BTC-31JAN20,1575975544441,open,0.06,60.0,0.0435,0.103,0.06572115,62.22,0.066,0.0,BTC-31JAN20-7000-P,7334.79,61.0,0.064,5.0,0.0675,34.0,63.48,10.445,-6.26365,-4.47649,0.00022,-0.3593
7606.11,SYN.BTC-26JUN20,1575975544448,open,0.02,18.9,0.0045,0.0435,0.01547528,94.66,0.016,0.0,BTC-26JUN20-28000-C,7334.79,93.04,0.014,23.0,0.0165,5.0,95.74,7.10175,-1.69022,2.04415,2e-05,0.0648
7485.12,BTC-27MAR20,1575975544479,open,0.36,2.0,0.3325,0.3845,0.35602656,71.21,0.355,0.0,BTC-27MAR20-5000-C,7334.79,39.34,0.334,9.0,0.379,9.0,91.45,7.56491,-2.49687,11.851,6e-05,0.89173
7364.12,BTC-27DEC19,1575975544481,open,0.01,1582.4,0.0005,0.0185,0.00581929,71.3,0.0065,0.0,BTC-27DEC19-6000-P,7334.79,70.28,0.0055,0.5,0.0065,47.1,73.4,2.32843,-4.91903,-0.28829,0.00013,-0.07885
7606.11,SYN.BTC-26JUN20,1575975544481,open,0.16,267.7,0.1175,0.211,0.15909095,70.27,0.157,0.0,BTC-26JUN20-7000-P,7334.79,68.75,0.155,11.0,0.162,12.3,71.35,20.51226,-3.62384,-20.57797,9e-05,-0.33745
7339.79,SYN.BTC-13DEC19,1575975544494,open,0.08,6.0,0.062,0.1045,0.08265462,68.92,0.088,0.0,BTC-13DEC19-6750-C,7334.79,0.0,0.0765,6.0,0.086,6.0,89.15,0.9755,-11.68914,0.48377,0.00033,0.91924
7339.79,SYN.BTC-13DEC19,1575975544494,open,0.09,67.2,0.069,0.117,0.09145989,62.56,0.0925,0.0,BTC-13DEC19-8000-P,7334.79,37.31,0.09,0.1,0.097,5.1,95.07,0.8146,-8.86089,-0.59424,0.00031,-0.93616
7485.12,BTC-27MAR20,1575975544513,open,0.02,239.5,0.0105,0.0465,0.02401584,71.21,0.022,0.0,BTC-27MAR20-5000-P,7334.79,69.69,0.0225,9.0,0.0255,32.0,72.66,7.56462,-2.49669,-2.92631,6e-05,-0.10826
7364.12,BTC-27DEC19,1575975544513,open,0.39,21.6,0.377,0.4045,0.38966874,102.15,0.5285,0.0,BTC-27DEC19-4500-C,7334.79,0.0,0.3885,0.1,0.397,12.0,155.54,0.39728,-1.20245,2.04627,2e-05,0.99067
7606.11,SYN.BTC-26JUN20,1575975544513,open,0.12,277.9,0.078,0.1705,0.1183336,72.94,0.1145,0.0,BTC-26JUN20-10000-C,7334.79,71.6,0.1145,24.5,0.12,6.0,73.52,21.76755,-3.99169,11.90263,9e-05,0.40554
7364.12,BTC-27DEC19,1575975544515,open,0.66,0.0,0.651,0.6705,0.66051797,129.1,None,0.0,BTC-27DEC19-2500-C,7334.79,0.0,0.653,14.0,0.6675,16.0,299.61,0.00187,-0.00717,1.15577,0.0,0.99997
7339.79,SYN.BTC-13DEC19,1575975544515,open,0.0,788.4,0.0005,0.014,0.00229886,68.91,0.0035,0.0,BTC-13DEC19-6750-P,7334.79,66.59,0.002,20.0,0.003,43.0,73.86,0.97537,-11.68676,-0.04802,0.00033,-0.08075
7410.66,SYN.BTC-31JAN20,1575975544528,open,0.62,0.0,0.59,0.67,0.62645983,76.57,None,0.0,BTC-31JAN20-12000-P,7334.79,0.0,0.593,3.0,0.6605,3.0,119.65,3.4817,-2.56942,-16.461,6e-05,-0.93643
7364.12,BTC-27DEC19,1575975544536,open,0.29,0.0,0.266,0.3265,0.29394152,72.93,None,0.0,BTC-27DEC19-9500-P,7334.79,0.0,0.287,2.0,0.301,2.0,93.15,1.91346,-4.13479,-4.19753,0.0001,-0.93889
7485.12,BTC-27MAR20,1575975544552,open,0.06,476.5,0.0315,0.096,0.0579319,71.05,0.059,0.0,BTC-27MAR20-10000-C,7334.79,69.73,0.0555,11.1,0.0595,16.5,71.89,13.90235,-4.57795,5.10757,0.00012,0.28881
7485.12,BTC-27MAR20,1575975544552,open,0.0,97.3,0.0005,0.0135,0.00275472,112.68,0.003,0.0,BTC-27MAR20-34000-C,7334.79,108.63,0.002,41.0,0.0035,30.1,115.96,1.56006,-0.81474,0.27566,1e-05,0.01522
7364.12,BTC-27DEC19,1575975544552,open,0.0,832.1,0.0005,0.0105,1.034e-05,120.0,0.0005,0.0,BTC-27DEC19-3000-P,7334.79,0.0,0.0,0.0,0.0005,51.0,168.96,0.00937,-0.03331,-0.00056,0.0,-0.00015
7410.66,SYN.BTC-31JAN20,1575975544552,open,0.03,169.3,0.015,0.0595,0.0325208,64.83,0.0315,0.0,BTC-31JAN20-9000-C,7334.79,63.56,0.031,21.0,0.034,41.3,66.06,8.88816,-5.55394,2.29628,0.00018,0.25054
7364.12,BTC-27DEC19,1575975544555,open,0.0,449.3,0.0005,0.0105,0.0,120.0,0.0005,0.0,BTC-27DEC19-44000-C,7334.79,0.0,0.0,0.0,0.0005,6.0,275.47,0.0,0.0,0.0,0.0,0.0
7364.12,BTC-27DEC19,1575975544555,open,4.43,0.0,4.3255,4.5425,4.43171989,0.0,2.58,0.0,BTC-27DEC19-40000-P,7334.79,0.0,0.001,1.0,0.0,0.0,0.0,0.0,0.0,-18.49391,0.0,-1.0
7364.12,BTC-27DEC19,1575975544555,open,0.0,255.7,0.0005,0.0105,0.0,120.0,0.001,0.0,BTC-27DEC19-1500-P,7334.79,0.0,0.0,0.0,0.0005,67.9,292.67,0.0,0.0,0.0,0.0,0.0
7364.12,BTC-27DEC19,1575975544555,open,6.05,0.8,5.923,6.205,6.06123585,0.0,3.59,0.0,BTC-27DEC19-52000-P,7334.79,0.0,0.001,1.0,0.0,0.0,0.0,0.0,0.0,-24.04209,0.0,-1.0
7364.12,BTC-27DEC19,1575975544558,open,0.9,268.3,0.864,0.9445,0.90183122,119.82,0.78,0.0,BTC-27DEC19-14000-P,7334.79,0.0,0.895,2.0,0.909,2.0,169.96,0.38577,-1.36956,-6.4446,1e-05,-0.99098
7339.79,SYN.BTC-13DEC19,1575975544558,open,0.03,239.2,0.0085,0.0505,0.02549842,53.28,0.0245,0.0,BTC-13DEC19-7250-C,7334.79,50.34,0.0245,16.7,0.027,8.2,57.69,2.49641,-23.1273,0.33902,0.0011,0.61176
7606.11,SYN.BTC-26JUN20,1575975544558,open,0.03,909.0,0.01,0.063,0.0278052,86.15,0.0275,0.0,BTC-26JUN20-20000-C,7334.79,84.86,0.026,5.0,0.029,16.0,86.97,10.87075,-2.35441,3.59701,4e-05,0.1146
7339.79,SYN.BTC-13DEC19,1575975544558,open,0.0,316.9,0.0005,0.011,0.00101639,73.62,0.001,0.0,BTC-13DEC19-8250-C,7334.79,65.33,0.0005,96.0,0.0015,20.0,79.3,0.55592,-7.116,0.02226,0.00018,0.03952
7485.12,BTC-27MAR20,1575975544571,open,0.0,64.3,0.0005,0.015,0.00325481,111.25,0.0035,0.0,BTC-27MAR20-32000-C,7334.79,107.8,0.0025,10.0,0.004,31.0,114.14,1.79066,-0.92332,0.32342,1e-05,0.01787
7364.12,BTC-27DEC19,1575975544571,open,0.0,488.2,0.0005,0.0105,0.00010147,120.0,0.0005,0.0,BTC-27DEC19-3500-P,7334.79,0.0,0.0,0.0,0.0005,35.0,141.72,0.06771,-0.24075,-0.00477,0.0,-0.0013
7485.12,BTC-27MAR20,1575975544571,open,0.01,256.6,0.0005,0.0235,0.00677524,97.34,0.008,0.0,BTC-27MAR20-22000-C,7334.79,95.55,0.006,22.0,0.0075,5.0,98.9,3.37279,-1.52167,0.69371,2e-05,0.03813
7606.11,SYN.BTC-26JUN20,1575975544571,open,0.02,357.2,0.01,0.0435,0.02237259,73.64,0.0245,0.0,BTC-26JUN20-4000-P,7334.79,72.28,0.021,8.0,0.024,25.0,75.21,7.78241,-1.44088,-3.95116,3e-05,-0.07297
7339.79,SYN.BTC-13DEC19,1575975544573,open,0.29,0.0,0.269,0.3245,0.29462215,119.96,None,0.0,BTC-13DEC19-9500-P,7334.79,0.0,0.0,0.0,0.0,0.0,0.0,0.15684,-3.27112,-0.7435,3e-05,-0.9911
7485.12,BTC-27MAR20,1575975544575,open,0.63,54.9,0.589,0.692,0.63518806,75.63,0.77,0.0,BTC-27MAR20-12000-P,7334.79,0.0,0.6025,0.1,0.88,1.0,198.28,10.41254,-3.64986,-32.34725,8e-05,-0.82702
7364.12,BTC-27DEC19,1575975544575,open,0.26,69.4,0.239,0.2755,0.25585558,79.93,0.29,0.0,BTC-27DEC19-5500-C,7334.79,0.0,0.253,0.1,0.2635,10.0,109.19,1.28602,-3.04548,2.40701,6e-05,0.96281
7339.79,SYN.BTC-13DEC19,1575975544575,open,0.0,281.7,0.0005,0.0105,0.00055104,80.21,0.0005,0.0,BTC-13DEC19-8500-C,7334.79,0.0,0.0,0.0,0.001,20.0,88.29,0.33408,-4.0445,0.01206,0.0001,0.0214
7364.12,BTC-27DEC19,1575975544577,open,0.59,11.0,0.583,0.6025,0.59263135,121.23,0.5835,0.0,BTC-27DEC19-3000-C,7334.79,0.0,0.586,13.0,0.5995,15.0,252.42,0.01058,-0.03801,1.38641,0.0,0.99983
7364.12,BTC-27DEC19,1575975544577,open,0.36,518.3,0.332,0.3935,0.36041351,77.25,0.347,0.0,BTC-27DEC19-10000-P,7334.79,0.0,0.3535,2.0,0.3675,2.0,102.35,1.34498,-3.07846,-4.49812,7e-05,-0.9607
7485.12,BTC-27MAR20,1575975544577,open,0.01,1546.5,0.004,0.037,0.01392867,85.08,0.014,0.0,BTC-27MAR20-16000-C,7334.79,83.24,0.0125,39.5,0.0145,19.0,85.78,5.99731,-2.36488,1.44146,4e-05,0.07909
7606.11,SYN.BTC-26JUN20,1575975544577,open,2.17,0.0,2.101,2.2665,2.17537803,90.69,None,0.0,BTC-26JUN20-24000-P,7334.79,0.0,0.002,1.0,0.0,0.0,0.0,8.62077,-1.96553,-128.13669,3e-05,-0.9165
7485.12,BTC-27MAR20,1575975544584,open,0.28,101.0,0.241,0.3375,0.28474127,69.3,0.281,0.0,BTC-27MAR20-9000-P,7334.79,66.76,0.2795,8.6,0.2885,10.0,71.11,15.51576,-4.98378,-19.97569,0.00014,-0.61823
147.47,SYN.ETH-20DEC19,1575975544692,open,0.0,16.0,0.001,0.013,0.003023,80.24,0.003,0.0,ETH-20DEC19-120-P,147.14,73.73,0.002,500.0,0.004,227.0,85.44,0.02573,-0.10454,-0.00219,0.00545,-0.0518
147.47,SYN.ETH-20DEC19,1575975544692,open,0.1,0.0,0.063,0.136,0.098573,63.65,None,0.0,ETH-20DEC19-160-P,147.14,58.41,0.096,65.0,0.103,40.0,72.13,0.07431,-0.23948,-0.03451,0.01984,-0.76629
147.47,SYN.ETH-20DEC19,1575975544692,open,0.07,60.0,0.04,0.101,0.070911,63.64,0.072,0.0,ETH-20DEC19-140-C,147.14,60.23,0.069,40.0,0.075,65.0,70.79,0.08324,-0.2682,0.02544,0.02223,0.70842
147.47,SYN.ETH-20DEC19,1575975544692,open,0.0,26.0,0.001,0.011,0.001476,93.86,0.001,0.0,ETH-20DEC19-110-P,147.14,88.13,0.001,261.0,0.002,30.0,98.98,0.01374,-0.06529,-0.00102,0.00249,-0.02409
147.47,SYN.ETH-20DEC19,1575975544692,open,0.19,0.0,0.162,0.216,0.189285,80.24,None,0.0,ETH-20DEC19-120-C,147.14,0.0,0.186,1.0,0.201,1.0,123.33,0.02573,-0.10454,0.03028,0.00545,0.9482
147.47,SYN.ETH-20DEC19,1575975544692,open,0.13,40.0,0.095,0.155,0.125913,69.93,0.14,0.0,ETH-20DEC19-130-C,147.14,60.46,0.123,65.0,0.13,65.0,81.08,0.04975,-0.17615,0.02991,0.01209,0.87565
147.47,SYN.ETH-20DEC19,1575975544694,open,0.0,69.0,0.001,0.013,0.003007,74.79,0.004,0.0,ETH-20DEC19-180-C,147.14,69.04,0.002,500.0,0.004,200.0,79.51,0.02871,-0.10873,0.00225,0.00652,0.05952
147.47,SYN.ETH-20DEC19,1575975544694,open,0.16,0.0,0.122,0.199,0.159253,70.04,None,0.0,ETH-20DEC19-170-P,147.14,36.79,0.153,1.0,0.171,1.0,98.59,0.04843,-0.17172,-0.04148,0.01175,-0.88034
147.47,SYN.ETH-20DEC19,1575975544694,open,0.01,125.0,0.001,0.022,0.006458,70.04,0.007,0.0,ETH-20DEC19-170-C,147.14,65.35,0.005,500.0,0.008,750.0,74.52,0.04843,-0.17172,0.00452,0.01175,0.11966
147.47,SYN.ETH-20DEC19,1575975544694,open,0.22,0.0,0.186,0.265,0.223613,74.79,None,0.0,ETH-20DEC19-180-P,147.14,0.0,0.01,55.0,0.469,1.0,491.76,0.02871,-0.10873,-0.04645,0.00652,-0.94048
147.47,SYN.ETH-20DEC19,1575975544694,open,0.02,252.0,0.002,0.034,0.01359,63.65,0.013,0.0,ETH-20DEC19-160-C,147.14,62.47,0.013,247.0,0.014,1.0,64.46,0.07431,-0.23948,0.00878,0.01984,0.23371
7351.96,SYN.BTC-20DEC19,1575975544709,open,0.04,38.1,0.0275,0.0785,0.0458651,52.64,0.0485,0.0,BTC-20DEC19-7500-P,7334.77,50.52,0.0445,5.0,0.0475,12.0,55.17,4.74088,-12.63396,-1.23335,0.00062,-0.57416
7351.96,SYN.BTC-20DEC19,1575975544709,open,0.01,79.9,0.0005,0.0205,0.00548736,57.74,0.005,0.0,BTC-20DEC19-8250-C,7334.77,56.25,0.005,5.3,0.0055,0.4,57.78,2.44503,-7.14794,0.23143,0.00029,0.12183
7351.96,SYN.BTC-20DEC19,1575975544710,open,0.06,14.3,0.0435,0.0925,0.06347588,53.68,0.064,0.0,BTC-20DEC19-7000-C,7334.77,50.97,0.062,4.0,0.065,5.3,56.44,4.03041,-10.95388,1.31721,0.00051,0.72566
7351.96,SYN.BTC-20DEC19,1575975544709,open,0.03,72.4,0.0125,0.0545,0.02573057,52.64,0.025,0.0,BTC-20DEC19-7500-C,7334.77,50.73,0.0245,1.0,0.025,0.9,51.5,4.7409,-12.63459,0.79591,0.00062,0.42585
147.69,ETH-27DEC19,1575975544779,open,0.17,0.0,0.129,0.211,0.168818,74.23,None,0.0,ETH-27DEC19-170-P,147.13,0.0,0.151,1.0,0.182,365.0,93.77,0.09188,-0.20207,-0.06538,0.01227,-0.78861
147.24,SYN.ETH-13DEC19,1575975546596,open,0.01,1462.0,0.001,0.037,0.013742,61.16,0.015,0.0,ETH-13DEC19-150-C,147.13,61.93,0.014,50.0,0.015,302.0,64.89,0.04961,-0.52755,0.0042,0.04749,0.37619
7364.09,BTC-27DEC19,1575975546898,open,0.63,73.0,0.598,0.6685,0.63077044,101.76,0.64,0.0,BTC-27DEC19-12000-P,7334.77,0.0,0.6235,2.0,0.6375,2.0,138.48,0.66461,-2.00381,-5.49482,3e-05,-0.98309
7339.77,SYN.BTC-13DEC19,1575975546898,open,0.0,193.3,0.0005,0.0105,0.00024519,83.73,0.0005,0.0,BTC-13DEC19-8750-C,7334.77,0.0,0.0,0.0,0.0005,0.3,92.04,0.17312,-1.79963,0.00562,5e-05,0.00997
7410.63,SYN.BTC-31JAN20,1575975546898,open,0.01,248.3,0.0005,0.023,0.00924099,76.33,0.009,0.0,BTC-31JAN20-5000-P,7334.77,74.76,0.0085,21.0,0.01,20.2,77.88,3.5575,-2.61722,-0.78571,6e-05,-0.06536
7339.77,SYN.BTC-13DEC19,1575975546898,open,0.06,98.2,0.037,0.086,0.05997175,58.6,0.062,0.0,BTC-13DEC19-7750-P,7334.77,27.33,0.056,5.0,0.062,1.0,67.56,1.54568,-15.75,-0.52391,0.00062,-0.84602
7485.09,BTC-27MAR20,1575975546903,open,3.01,0.0,2.9305,3.1045,3.01171814,109.21,None,0.0,BTC-27MAR20-30000-P,7334.77,0.0,0.0015,10.0,0.0,0.0,0.0,2.02053,-1.02276,-88.29213,1e-05,-0.9794
149.74,ETH-27MAR20,1575975546905,open,0.05,5494.0,0.018,0.08,0.045006,84.34,0.049,0.0,ETH-27MAR20-240-C,147.13,82.41,0.042,593.0,0.048,250.0,86.22,0.23591,-0.09223,0.0739,0.00422,0.21199
147.69,ETH-27DEC19,1575975546905,open,0.04,4530.0,0.013,0.064,0.035779,69.67,0.037,0.0,ETH-27DEC19-140-P,147.13,66.1,0.033,560.0,0.038,720.0,72.51,0.11541,-0.23824,-0.02518,0.01643,-0.33293
147.69,ETH-27DEC19,1575975546905,open,1.16,100.0,1.104,1.234,1.166846,120.0,0.883,0.0,ETH-27DEC19-320-P,147.13,0.0,0.011,5.0,0.0,0.0,0.0,0.00208,-0.00738,-0.14782,0.00017,-0.99793
147.69,ETH-27DEC19,1575975546905,open,0.0,16677.0,0.001,0.011,0.0,120.0,0.001,0.0,ETH-27DEC19-640-C,147.13,0.0,0.0,0.0,0.001,250.0,248.78,0.0,0.0,0.0,0.0,0.0
147.23,SYN.ETH-13DEC19,1575975546905,open,0.0,1250.0,0.001,0.012,0.001465,93.05,0.001,0.0,ETH-13DEC19-170-C,147.13,86.85,0.001,1.0,0.002,550.0,98.9,0.01228,-0.19874,0.0005,0.00773,0.04454
148.48,SYN.ETH-31JAN20,1575975546905,open,0.04,125.0,0.02,0.075,0.044405,74.01,0.041,0.0,ETH-31JAN20-180-C,147.13,72.14,0.042,462.0,0.047,640.0,76.01,0.19192,-0.13691,0.05204,0.00828,0.29101
151.05,SYN.ETH-26JUN20,1575975546905,open,0.03,667.0,0.011,0.07,0.033524,96.22,0.038,0.0,ETH-26JUN20-440-C,147.13,94.52,0.031,440.0,0.036,390.0,97.82,0.22952,-0.05552,0.07529,0.00192,0.12501
147.69,ETH-27DEC19,1575975546908,open,3.87,0.0,3.734,4.026,3.875076,120.0,None,0.0,ETH-27DEC19-720-P,147.13,0.0,0.004,50.0,0.0,0.0,0.0,0.0,0.0,-0.33289,0.0,-1.0
147.69,ETH-27DEC19,1575975546908,open,1.3,0.0,1.236,1.373,1.302183,120.0,None,0.0,ETH-27DEC19-340-P,147.13,0.0,0.003,9.0,0.0,0.0,0.0,0.00103,-0.00366,-0.15714,9e-05,-0.99904
147.69,ETH-27DEC19,1575975546908,open,0.0,6970.0,0.001,0.011,0.001467,103.63,0.001,0.0,ETH-27DEC19-240-C,147.13,98.42,0.001,450.0,0.002,1.0,108.38,0.01495,-0.0459,0.00122,0.00143,0.01935
147.23,SYN.ETH-13DEC19,1575975546908,open,0.0,56.0,0.001,0.011,0.000335,120.03,0.002,0.0,ETH-13DEC19-190-C,147.13,0.0,0.0,0.0,0.001,451.0,139.2,0.00337,-0.04929,0.00011,0.00164,0.00962
7364.09,BTC-27DEC19,1575975546912,open,0.0,961.6,0.0005,0.0105,0.0,120.0,0.001,0.0,BTC-27DEC19-30000-C,7334.77,0.0,0.0,0.0,0.0005,5.9,224.59,0.0,-2e-05,0.0,0.0,0.0
7485.09,BTC-27MAR20,1575975546914,open,0.0,69.3,0.0005,0.018,0.00424523,106.59,0.006,0.0,BTC-27MAR20-28000-C,7334.77,103.95,0.0035,10.0,0.005,20.0,108.96,2.25486,-1.114,0.42514,1e-05,0.02346
7364.09,BTC-27DEC19,1575975546914,open,3.07,0.2,2.994,3.1565,3.07380651,0.0,2.51,0.0,BTC-27DEC19-30000-P,7334.77,0.0,0.0,0.0,0.0,0.0,0.0,0.0,0.0,-13.87043,0.0,-1.0
7339.77,SYN.BTC-13DEC19,1575975546914,open,0.0,184.9,0.0005,0.0105,0.00023093,95.92,0.0005,0.0,BTC-13DEC19-6000-P,7334.77,0.0,0.0,0.0,0.0005,21.1,106.34,0.14252,-1.69498,-0.00475,4e-05,-0.00798
7339.77,SYN.BTC-13DEC19,1575975546914,open,0.05,89.5,0.03,0.0745,0.0515126,59.58,0.048,0.0,BTC-13DEC19-7000-C,7334.77,52.69,0.05,12.0,0.052,5.0,61.66,1.69804,-17.59028,0.4455,0.00067,0.82192
7339.77,SYN.BTC-13DEC19,1575975546914,open,0.26,0.0,0.236,0.2895,0.26058573,110.03,None,0.0,BTC-13DEC19-9250-P,7334.77,0.0,0.0,0.0,0.0,0.0,0.0,0.17638,-3.37449,-0.72307,4e-05,-0.98982
7410.63,SYN.BTC-31JAN20,1575975546914,open,0.02,329.5,0.006,0.039,0.01769928,68.0,0.0175,0.0,BTC-31JAN20-10000-C,7334.77,67.19,0.017,5.0,0.0185,16.0,68.9,6.48424,-4.24969,1.38267,0.00012,0.14898
7606.09,SYN.BTC-26JUN20,1575975546914,open,1.65,0.1,1.59,1.741,1.65726969,86.14,1.765,0.0,BTC-26JUN20-20000-P,7334.77,0.0,0.1,1.0,2.05,0.1,235.58,10.86927,-2.35395,-105.37657,4e-05,-0.88542
7485.09,BTC-27MAR20,1575975546918,open,2.74,0.0,2.6685,2.833,2.74500022,106.54,None,0.0,BTC-27MAR20-28000-P,7334.77,0.0,0.0015,10.0,0.0,0.0,0.0,2.24949,-1.11083,-82.32995,1e-05,-0.9766
7364.09,BTC-27DEC19,1575975546918,open,5.51,0.0,5.3905,5.651,5.51810812,0.0,None,0.0,BTC-27DEC19-48000-P,7334.77,0.0,0.0005,1.0,0.0,0.0,0.0,0.0,0.0,-22.19269,0.0,-1.0
7485.09,BTC-27MAR20,1575975546918,open,2.47,0.0,2.4065,2.561,2.47832539,103.41,None,0.0,BTC-27MAR20-26000-P,7334.77,0.0,0.0015,10.0,0.0,0.0,0.0,2.50245,-1.19942,-76.36038,1e-05,-0.97343
7485.09,BTC-27MAR20,1575975546918,open,0.01,501.9,0.0005,0.0265,0.00826643,93.61,0.009,0.0,BTC-27MAR20-20000-C,7334.77,92.13,0.0075,22.0,0.009,15.0,94.96,3.98055,-1.72714,0.85243,3e-05,0.0468
7606.09,SYN.BTC-26JUN20,1575975546918,open,0.02,31.6,0.008,0.056,0.023202,88.38,0.025,0.0,BTC-26JUN20-22000-C,7334.77,87.01,0.0215,20.0,0.0245,5.0,89.4,9.59915,-2.133,3.03752,3e-05,0.0965
7485.09,BTC-27MAR20,1575975546920,open,0.0,115.7,0.0005,0.019,0.00475796,103.42,0.0075,0.0,BTC-27MAR20-26000-C,7334.77,101.03,0.004,43.0,0.0055,12.1,105.54,2.50409,-1.20037,0.48294,1e-05,0.02659
7364.09,BTC-27DEC19,1575975546920,open,0.0,530.9,0.0005,0.0105,0.0,120.0,0.0005,0.0,BTC-27DEC19-32000-C,7334.77,0.0,0.0,0.0,0.0005,5.4,233.32,0.0,0.0,0.0,0.0,0.0
7485.09,BTC-27MAR20,1575975546922,open,0.89,58.9,0.8425,0.949,0.89012607,80.1,1.1385,0.0,BTC-27MAR20-14000-P,7334.77,0.0,0.4,0.5,1.135,0.5,210.77,7.71137,-2.86292,-39.3537,6e-05,-0.8888
7364.09,BTC-27DEC19,1575975546922,open,3.88,1.3,3.793,3.988,3.88856781,0.0,3.212,0.0,BTC-27DEC19-36000-P,7334.77,0.0,0.0005,1.0,0.0,0.0,0.0,0.0,0.0,-16.64452,0.0,-1.0
7606.09,SYN.BTC-26JUN20,1575975546922,open,2.95,0.0,2.8715,3.0625,2.95829212,96.72,None,0.0,BTC-26JUN20-30000-P,7334.77,0.0,0.002,1.0,0.0,0.0,0.0,6.58159,-1.60046,-161.60698,2e-05,-0.94122
7606.09,SYN.BTC-26JUN20,1575975546922,open,1.14,5.0,1.085,1.2245,1.14687425,81.1,1.22,0.0,BTC-26JUN20-16000-P,7334.77,0.0,0.56,1.0,2.0,0.1,486.59,14.35964,-2.9278,-81.80906,6e-05,-0.82714
7485.09,BTC-27MAR20,1575975546934,open,0.01,159.0,0.0005,0.0215,0.00576014,100.88,0.006,0.0,BTC-27MAR20-24000-C,7334.77,98.85,0.005,1.0,0.0065,12.1,102.7,2.93115,-1.37056,0.58356,2e-05,0.03214
7410.63,SYN.BTC-31JAN20,1575975546934,open,0.01,99.5,0.001,0.028,0.01073242,72.12,0.0135,0.0,BTC-31JAN20-11000-C,7334.77,70.94,0.01,5.0,0.0115,19.6,73.31,4.68375,-3.25582,0.87657,8e-05,0.09396
7606.09,SYN.BTC-26JUN20,1575975546934,open,0.01,82.7,0.004,0.041,0.01409463,96.73,0.0135,0.0,BTC-26JUN20-30000-C,7334.77,95.44,0.013,1.0,0.015,5.0,97.76,6.58449,-1.60137,1.85343,2e-05,0.05882
7606.09,SYN.BTC-26JUN20,1575975546934,open,0.02,59.5,0.0055,0.0475,0.01764735,92.91,0.021,0.0,BTC-26JUN20-26000-C,7334.77,91.77,0.0165,5.0,0.019,5.0,94.19,7.83529,-1.83019,2.3195,3e-05,0.07362
7410.63,SYN.BTC-31JAN20,1575975546951,open,0.04,56.3,0.023,0.071,0.04085585,63.4,0.044,0.0,BTC-31JAN20-6500-P,7334.77,62.27,0.0395,12.8,0.042,15.0,64.34,8.91612,-5.448,-3.08484,0.00018,-0.25204
7364.09,BTC-27DEC19,1575975546956,open,0.0,390.4,0.0005,0.0105,0.00014061,120.0,0.0005,0.0,BTC-27DEC19-16000-C,7334.77,0.0,0.0,0.0,0.0005,29.3,135.26,0.10035,-0.35679,0.00633,0.0,0.002
7364.09,BTC-27DEC19,1575975546956,open,0.76,98.8,0.731,0.806,0.76608082,108.6,0.7,0.0,BTC-27DEC19-13000-P,7334.77,0.0,0.76,2.0,0.773,2.0,154.1,0.43116,-1.3873,-5.97821,2e-05,-0.98975
7364.09,BTC-27DEC19,1575975546958,open,0.0,1035.9,0.0005,0.0105,0.00032104,120.0,0.0005,0.0,BTC-27DEC19-15000-C,7334.77,0.0,0.0,0.0,0.001,26.1,135.7,0.1998,-0.71037,0.01352,1e-05,0.00429
149.74,ETH-27MAR20,1575975546961,open,2.21,0.0,2.115,2.325,2.213549,105.98,None,0.0,ETH-27MAR20-480-P,147.13,0.0,0.004,50.0,0.0,0.0,0.0,0.07224,-0.03549,-1.40382,0.00103,-0.95852
147.69,ETH-27DEC19,1575975546961,open,0.01,202.0,0.001,0.02,0.006459,80.83,0.01,0.0,ETH-27DEC19-190-C,147.13,76.25,0.005,1140.0,0.008,590.0,85.14,0.05007,-0.11991,0.00547,0.00614,0.08651
151.05,SYN.ETH-26JUN20,1575975546961,open,0.21,126.0,0.152,0.258,0.20537,78.21,0.22,0.0,ETH-26JUN20-160-C,147.13,78.77,0.207,265.0,0.221,460.0,83.62,0.43694,-0.08591,0.30413,0.00449,0.57491
149.74,ETH-27MAR20,1575975546964,open,0.21,3927.0,0.156,0.265,0.209714,77.87,0.225,0.0,ETH-27MAR20-160-P,147.13,73.38,0.2,300.0,0.217,300.0,81.23,0.32427,-0.11703,-0.30437,0.00628,-0.47803
147.69,ETH-27DEC19,1575975546964,open,1.57,0.0,1.499,1.652,1.572969,120.0,None,0.0,ETH-27DEC19-380-P,147.13,0.0,0.02,50.0,0.0,0.0,0.0,0.00025,-0.00088,-0.17568,2e-05,-0.9998
147.69,ETH-27DEC19,1575975546964,open,0.01,5144.0,0.001,0.028,0.010278,76.87,0.012,0.0,ETH-27DEC19-180-C,147.13,74.02,0.009,591.0,0.012,890.0,80.49,0.06809,-0.15509,0.00835,0.00878,0.13257
147.69,ETH-27DEC19,1575975546964,open,0.0,4535.0,0.001,0.011,0.0,120.0,0.002,0.0,ETH-27DEC19-760-C,147.13,0.0,0.0,0.0,0.001,250.0,272.8,0.0,0.0,0.0,0.0,0.0
147.69,ETH-27DEC19,1575975546964,open,0.29,0.0,0.252,0.338,0.292937,80.83,None,0.0,ETH-27DEC19-190-P,147.13,51.87,0.287,345.0,0.309,345.0,115.15,0.05007,-0.11991,-0.08238,0.00614,-0.91349
147.69,ETH-27DEC19,1575975546964,open,0.49,2830.0,0.447,0.543,0.492564,98.35,0.65,0.0,ETH-27DEC19-220-P,147.13,0.0,0.001,9.0,0.0,0.0,0.0,0.02604,-0.07588,-0.09935,0.00263,-0.96236
147.69,ETH-27DEC19,1575975546964,open,0.0,3908.0,0.001,0.012,0.002983,103.84,0.002,0.0,ETH-27DEC19-100-P,147.13,96.64,0.002,262.0,0.004,801.0,109.95,0.02254,-0.06935,-0.00236,0.00215,-0.03157
151.05,SYN.ETH-26JUN20,1575975546964,open,0.02,111.0,0.006,0.052,0.021986,101.33,0.029,0.0,ETH-26JUN20-560-C,147.13,99.54,0.02,140.0,0.024,140.0,103.05,0.17212,-0.04385,0.05112,0.00137,0.0841
151.05,SYN.ETH-26JUN20,1575975546964,open,3.25,0.0,3.119,3.406,3.253806,103.33,None,0.0,ETH-26JUN20-640-P,147.13,0.0,0.01,50.0,0.0,0.0,0.0,0.14188,-0.03686,-3.44714,0.0011,-0.9347
148.48,SYN.ETH-31JAN20,1575975546964,open,0.01,25.0,0.001,0.024,0.008926,89.57,0.015,0.0,ETH-31JAN20-260-C,147.13,87.64,0.008,160.0,0.01,370.0,91.67,0.07356,-0.0635,0.01248,0.00262,0.06807
147.23,SYN.ETH-13DEC19,1575975546964,open,0.16,1.0,0.122,0.195,0.156078,92.09,0.167,0.0,ETH-13DEC19-170-P,147.13,0.0,0.002,55.0,0.157,1.0,101.89,0.0119,-0.19058,-0.01291,0.00757,-0.95717
151.05,SYN.ETH-26JUN20,1575975546964,open,0.26,90.0,0.206,0.309,0.258778,78.78,0.271,0.0,ETH-26JUN20-140-C,147.13,81.09,0.265,3.0,0.279,210.0,86.31,0.40702,-0.08061,0.33288,0.00416,0.66325
151.05,SYN.ETH-26JUN20,1575975546964,open,2.73,0.0,2.607,2.868,2.729202,101.11,None,0.0,ETH-26JUN20-560-P,147.13,0.0,0.01,50.0,0.0,0.0,0.0,0.17104,-0.04348,-3.0005,0.00136,-0.9166
147.23,SYN.ETH-13DEC19,1575975546964,open,0.01,652.0,0.001,0.023,0.005424,62.77,0.006,0.0,ETH-13DEC19-140-P,147.13,60.9,0.005,127.0,0.006,2.0,65.24,0.0338,-0.3689,-0.0021,0.03153,-0.17593
148.48,SYN.ETH-31JAN20,1575975546964,open,0.63,0.0,0.574,0.689,0.628701,85.7,None,0.0,ETH-31JAN20-240-P,147.13,0.0,0.01,50.0,0.0,0.0,0.0,0.09287,-0.07671,-0.32415,0.00346,-0.90736
147.69,ETH-27DEC19,1575975546967,open,0.07,2426.0,0.037,0.104,0.067566,68.79,0.069,0.0,ETH-27DEC19-150-P,147.13,64.63,0.064,520.0,0.07,516.0,71.63,0.12663,-0.2581,-0.0396,0.01825,-0.51235
149.74,ETH-27MAR20,1575975546967,open,1.42,6.0,1.34,1.51,1.419692,96.51,1.188,0.0,ETH-27MAR20-360-P,147.13,0.0,0.01,30.0,0.0,0.0,0.0,0.12027,-0.0538,-1.03574,0.00188,-0.92066
147.69,ETH-27DEC19,1575975546967,open,0.0,7796.0,0.001,0.013,0.002957,98.35,0.002,0.0,ETH-27DEC19-220-C,147.13,92.26,0.002,550.0,0.004,600.0,103.73,0.02604,-0.07588,0.00237,0.00263,0.03764
147.69,ETH-27DEC19,1575975546967,open,0.0,2179.0,0.001,0.011,0.000332,120.0,0.001,0.0,ETH-27DEC19-300-C,147.13,0.0,0.0,0.0,0.002,452.0,147.68,0.00412,-0.01465,0.00028,0.00034,0.00443
149.74,ETH-27MAR20,1575975546967,open,0.37,1.0,0.332,0.397,0.364748,79.27,0.337,0.0,ETH-27MAR20-100-C,147.13,0.0,0.332,31.0,0.0,0.0,0.0,0.1672,-0.06143,0.22599,0.00318,0.8754
147.69,ETH-27DEC19,1575975546967,open,0.09,102.0,0.055,0.12,0.087848,69.67,0.09,0.0,ETH-27DEC19-140-C,147.13,64.73,0.084,160.0,0.091,160.0,73.69,0.11541,-0.23824,0.03955,0.01643,0.66707
149.74,ETH-27MAR20,1575975546967,open,1.94,0.0,1.856,2.052,1.94791,102.71,None,0.0,ETH-27MAR20-440-P,147.13,0.0,0.003,50.0,0.0,0.0,0.0,0.08309,-0.03956,-1.28277,0.00122,-0.95064
151.05,SYN.ETH-26JUN20,1575975546967,open,0.02,600.0,0.004,0.043,0.016987,103.63,0.018,0.0,ETH-26JUN20-640-C,147.13,101.46,0.015,390.0,0.019,141.0,105.68,0.1433,-0.03733,0.04046,0.00111,0.06615
151.05,SYN.ETH-26JUN20,1575975546967,open,0.04,864.0,0.014,0.079,0.03999,94.37,0.045,0.0,ETH-26JUN20-400-C,147.13,92.57,0.037,440.0,0.043,390.0,96.11,0.25636,-0.06082,0.08799,0.00219,0.1469
147.23,SYN.ETH-13DEC19,1575975546967,open,0.03,265.0,0.007,0.064,0.032518,61.03,0.032,0.0,ETH-13DEC19-150-P,147.13,56.5,0.031,3.0,0.033,250.0,62.46,0.04957,-0.52603,-0.00762,0.04756,-0.62459
151.05,SYN.ETH-26JUN20,1575975546967,open,0.15,964.0,0.095,0.202,0.147346,83.69,0.144,0.0,ETH-26JUN20-200-C,147.13,82.54,0.144,10.0,0.15,250.0,84.6,0.44011,-0.0926,0.24262,0.00423,0.44214
149.74,ETH-27MAR20,1575975546968,open,0.01,835.0,0.003,0.027,0.012172,83.02,0.011,0.0,ETH-27MAR20-80-P,147.13,80.98,0.011,570.0,0.013,2.0,84.4,0.08819,-0.03393,-0.02893,0.0016,-0.05319
147.23,SYN.ETH-13DEC19,1575975546967,open,0.25,0.0,0.23,0.276,0.252983,125.85,None,0.0,ETH-13DEC19-110-C,147.13,0.0,0.02,47.0,0.353,25.0,500.0,0.00149,-0.03271,0.00862,0.0007,0.99615
147.23,SYN.ETH-13DEC19,1575975546968,open,0.0,114.0,0.001,0.011,0.000469,106.71,0.001,0.0,ETH-13DEC19-120-P,147.13,0.0,0.0,0.0,0.001,207.0,119.83,0.00457,-0.06907,-0.00016,0.00251,-0.01369
151.05,SYN.ETH-26JUN20,1575975546968,open,2.2,0.0,2.096,2.331,2.206142,97.74,None,0.0,ETH-26JUN20-480-P,147.13,0.0,0.01,50.0,0.0,0.0,0.0,0.20571,-0.05055,-2.55048,0.00169,-0.89287
147.69,ETH-27DEC19,1575975546970,open,0.0,6667.0,0.001,0.011,0.0,120.0,0.001,0.0,ETH-27DEC19-480-C,147.13,0.0,0.0,0.0,0.001,264.0,207.31,1e-05,-2e-05,0.0,0.0,0.0
149.74,ETH-27MAR20,1575975546970,open,0.9,173.0,0.829,0.977,0.898965,88.3,1.157,0.0,ETH-27MAR20-280-P,147.13,0.0,0.002,50.0,0.931,1.0,110.34,0.18442,-0.07548,-0.7768,0.00315,-0.8563
147.69,ETH-27DEC19,1575975546970,open,1.71,15.0,1.63,1.792,1.708381,120.0,1.248,0.0,ETH-27DEC19-400-P,147.13,0.0,0.002,50.0,0.0,0.0,0.0,0.00012,-0.00043,-0.18493,1e-05,-0.99991
147.69,ETH-27DEC19,1575975546970,open,2.25,21.0,2.156,2.35,2.250051,120.0,0.629,0.0,ETH-27DEC19-480-P,147.13,0.0,0.002,50.0,0.0,0.0,0.0,1e-05,-2e-05,-0.22193,0.0,-1.0
149.74,ETH-27MAR20,1575975546970,open,0.2,36.0,0.151,0.241,0.196706,77.87,0.207,0.0,ETH-27MAR20-140-C,147.13,49.36,0.139,2.0,0.787,1.0,450.9,0.30321,-0.10943,0.19818,0.00588,0.64451
147.69,ETH-27DEC19,1575975546970,open,2.52,37.0,2.419,2.63,2.520888,120.0,0.707,0.0,ETH-27DEC19-520-P,147.13,0.0,0.003,50.0,0.0,0.0,0.0,0.0,-1e-05,-0.24042,0.0,-1.0
151.05,SYN.ETH-26JUN20,1575975546970,open,2.46,0.0,2.351,2.6,2.46786,99.93,None,0.0,ETH-26JUN20-520-P,147.13,0.0,0.01,50.0,0.0,0.0,0.0,0.18928,-0.04755,-2.7754,0.00152,-0.90443
149.74,ETH-27MAR20,1575975546976,open,0.01,2330.0,0.001,0.02,0.006042,106.95,0.01,0.0,ETH-27MAR20-520-C,147.13,104.12,0.005,570.0,0.007,220.0,109.28,0.05861,-0.02905,0.01154,0.00083,0.03212
149.74,ETH-27MAR20,1575975546976,open,0.53,30.0,0.463,0.597,0.527221,82.47,0.306,0.0,ETH-27MAR20-220-P,147.13,67.76,0.503,300.0,0.559,300.0,99.38,0.26564,-0.10154,-0.55947,0.00486,-0.73695
149.74,ETH-27MAR20,1575975546976,open,0.1,1510.0,0.06,0.144,0.101161,78.23,0.104,0.0,ETH-27MAR20-180-C,147.13,76.74,0.098,274.0,0.104,250.0,79.57,0.31699,-0.11494,0.13796,0.00611,0.4129
147.23,SYN.ETH-13DEC19,1575975546976,open,0.12,4.0,0.09,0.146,0.118487,85.25,0.14,0.0,ETH-13DEC19-130-C,147.13,0.0,0.117,1.0,0.122,65.0,113.91,0.01267,-0.18776,0.00969,0.0087,0.95373
151.05,SYN.ETH-26JUN20,1575975546976,open,0.58,0.0,0.503,0.663,0.581243,85.08,None,0.0,ETH-26JUN20-220-P,147.13,0.0,0.456,51.0,0.625,1.0,100.27,0.42712,-0.09136,-0.98213,0.00404,-0.61211
149.74,ETH-27MAR20,1575975546978,open,0.01,386.0,0.001,0.017,0.004515,115.92,0.004,0.0,ETH-27MAR20-640-C,147.13,110.14,0.003,470.0,0.006,550.0,120.41,0.04485,-0.0241,0.00831,0.00058,0.0233
147.69,ETH-27DEC19,1575975546978,open,0.23,4509.0,0.188,0.273,0.229047,76.87,0.216,0.0,ETH-27DEC19-180-P,147.13,61.24,0.223,345.0,0.242,345.0,100.55,0.06809,-0.15509,-0.07487,0.00878,-0.86743
147.69,ETH-27DEC19,1575975546978,open,0.0,1347.0,0.001,0.011,1.2e-05,120.0,0.002,0.0,ETH-27DEC19-380-C,147.13,0.0,0.0,0.0,0.001,252.0,172.27,0.00025,-0.00088,1e-05,2e-05,0.0002
147.69,ETH-27DEC19,1575975546978,open,1.98,0.0,1.893,2.071,1.979214,120.0,None,0.0,ETH-27DEC19-440-P,147.13,0.0,0.002,50.0,0.0,0.0,0.0,3e-05,-0.0001,-0.20343,0.0,-0.99998
148.48,SYN.ETH-31JAN20,1575975546978,open,0.08,4.0,0.044,0.113,0.077612,72.05,0.079,0.0,ETH-31JAN20-160-C,147.13,70.29,0.075,363.0,0.079,290.0,72.98,0.22115,-0.15357,0.07744,0.0098,0.44459
151.05,SYN.ETH-26JUN20,1575975546978,open,0.69,0.0,0.613,0.78,0.694124,85.84,None,0.0,ETH-26JUN20-240-P,147.13,0.0,0.588,1.0,1.508,1.0,500.0,0.40826,-0.0881,-1.11492,0.00383,-0.66058
147.69,ETH-27DEC19,1575975546980,open,3.06,0.0,2.945,3.188,3.062563,120.0,0.953,0.0,ETH-27DEC19-600-P,147.13,0.0,0.02,50.0,0.0,0.0,0.0,0.0,0.0,-0.27741,0.0,-1.0
149.74,ETH-27MAR20,1575975546980,open,0.01,1399.0,0.003,0.033,0.012224,100.18,0.013,0.0,ETH-27MAR20-400-C,147.13,98.3,0.011,260.0,0.013,250.0,101.31,0.10047,-0.04665,0.02237,0.00151,0.06278
148.48,SYN.ETH-31JAN20,1575975546980,open,0.26,0.0,0.208,0.308,0.25662,73.95,None,0.0,ETH-31JAN20-180-P,147.13,63.82,0.244,365.0,0.275,365.0,87.68,0.19184,-0.13674,-0.20382,0.00828,-0.70923
147.23,SYN.ETH-13DEC19,1575975546980,open,0.22,1.0,0.187,0.263,0.223013,100.0,0.232,0.0,ETH-13DEC19-180-P,147.13,0.0,0.01,55.0,0.323,1.0,492.04,0.00444,-0.07713,-0.01403,0.0026,-0.98679
147.23,SYN.ETH-13DEC19,1575975546980,open,0.09,48.0,0.056,0.126,0.089955,73.04,0.08,0.0,ETH-13DEC19-160-P,147.13,0.0,0.085,65.0,0.092,40.0,84.34,0.02384,-0.30273,-0.01142,0.01911,-0.89454
151.05,SYN.ETH-26JUN20,1575975546980,open,0.01,196.0,0.004,0.028,0.013756,87.94,0.011,0.0,ETH-26JUN20-60-P,147.13,85.11,0.012,250.0,0.016,301.0,91.32,0.09673,-0.02139,-0.04451,0.00088,-0.04033
147.69,ETH-27DEC19,1575975546982,open,0.02,436.0,0.004,0.04,0.017823,74.34,0.018,0.0,ETH-27DEC19-170-C,147.13,73.0,0.017,40.0,0.019,843.0,76.21,0.09198,-0.20258,0.01324,0.01227,0.21178
147.69,ETH-27DEC19,1575975546982,open,0.0,980.0,0.001,0.011,6.4e-05,120.0,0.001,0.0,ETH-27DEC19-340-C,147.13,0.0,0.0,0.0,0.001,7.0,155.07,0.00103,-0.00366,6e-05,9e-05,0.00096
149.74,ETH-27MAR20,1575975546982,open,0.41,747.0,0.35,0.479,0.41305,81.16,0.57,0.0,ETH-27MAR20-200-P,147.13,69.07,0.39,300.0,0.436,300.0,92.53,0.2954,-0.11112,-0.47858,0.00549,-0.66834
