underlying_price,underlying_index,timestamp,state,settlement_price,open_interest,min_price,max_price,mark_price,mark_iv,last_price,interest_rate,instrument_name,index_price,bid_iv,best_bid_price,best_bid_amount,best_ask_price,best_ask_amount,ask_iv,vega,theta,rho,gamma,delta
127.01,ETH-27DEC19,1576839540019,open,0.29,0.0,0.27,0.315,0.29231,120.0,None,0.0,ETH-27DEC19-90-C,126.94,0.0,0.0,0.0,0.0,0.0,0.0,0.00655,-0.05715,0.01658,0.0018,0.98514
7142.61,BTC-27DEC19,1576839540899,open,0.01,1061.9,0.0005,0.0225,0.00684863,66.64,0.0065,0.0,BTC-27DEC19-6500-P,7141.55,65.49,0.0065,0.1,0.0075,25.2,68.73,2.19097,-10.61735,-0.19873,0.00034,-0.14085
7142.61,BTC-27DEC19,1576839540899,open,0.04,388.4,0.0205,0.066,0.0418082,56.84,0.0405,0.0,BTC-27DEC19-7000-C,7141.55,54.33,0.0405,10.0,0.0425,15.0,58.16,3.74157,-15.46435,0.77388,0.00069,0.61697
127.01,ETH-27DEC19,1576839540905,open,0.0,16676.0,0.001,0.011,0.0,120.0,0.002,0.0,ETH-27DEC19-640-C,126.94,0.0,0.0,0.0,0.001,300.0,422.82,0.0,0.0,0.0,0.0,0.0
127.39,SYN.ETH-31JAN20,1576839540905,open,0.02,500.0,0.004,0.037,0.016371,81.44,0.015,0.0,ETH-31JAN20-180-C,126.94,79.51,0.015,320.0,0.018,245.0,83.64,0.09243,-0.08988,0.01696,0.0061,0.13238
127.01,ETH-27DEC19,1576839540907,open,4.66,0.0,4.504,4.844,4.668845,125.0,None,0.0,ETH-27DEC19-720-P,126.94,0.0,0.004,50.0,0.0,0.0,0.0,0.0,0.0,-0.13563,0.0,-1.0
127.01,ETH-27DEC19,1576839540907,open,1.67,0.0,1.599,1.759,1.676955,120.0,None,0.0,ETH-27DEC19-340-P,126.94,0.0,0.003,9.0,0.0,0.0,0.0,0.0,0.0,-0.06405,0.0,-1.0
127.01,ETH-27DEC19,1576839540907,open,0.0,7053.0,0.001,0.011,3e-06,120.0,0.001,0.0,ETH-27DEC19-240-C,126.94,0.0,0.0,0.0,0.001,335.0,193.56,5e-05,-0.00037,0.0,1e-05,8e-05
7213.11,BTC-27MAR20,1576839540914,open,0.0,73.2,0.0005,0.015,0.00325639,110.56,0.0025,0.0,BTC-27MAR20-28000-C,7141.55,107.06,0.0025,30.0,0.004,44.0,113.49,1.70327,-0.96201,0.29751,1e-05,0.01864
7264.39,SYN.BTC-26JUN20,1576839540918,open,0.02,33.8,0.0065,0.0515,0.0203067,90.94,0.021,0.0,BTC-26JUN20-22000-C,7141.55,89.76,0.019,29.0,0.0225,0.1,92.83,8.19321,-1.97247,2.46425,3e-05,0.08586
7213.11,BTC-27MAR20,1576839540918,open,0.01,507.5,0.0005,0.023,0.00661543,97.54,0.0075,0.0,BTC-27MAR20-20000-C,7141.55,94.82,0.0055,42.1,0.0075,10.0,99.5,3.13015,-1.55969,0.61964,2e-05,0.03865
7213.11,BTC-27MAR20,1576839540920,open,0.0,115.2,0.0005,0.0165,0.0037553,107.66,0.004,0.0,BTC-27MAR20-26000-C,7141.55,104.62,0.003,30.0,0.0045,11.0,110.27,1.9325,-1.06282,0.34572,1e-05,0.02163
7213.11,BTC-27MAR20,1576839540936,open,0.0,159.1,0.0005,0.0185,0.00450651,104.83,0.004,0.0,BTC-27MAR20-24000-C,7141.55,101.34,0.0035,37.0,0.0055,44.0,107.8,2.25598,-1.20814,0.41574,2e-05,0.026
7142.54,BTC-27DEC19,1576839540952,open,0.06,727.3,0.0385,0.0895,0.06231195,55.42,0.062,0.0,BTC-27DEC19-7500-P,7141.55,53.63,0.0615,10.0,0.064,1.5,59.07,3.25874,-13.13248,-1.06212,0.00061,-0.72709
7169.73,SYN.BTC-31JAN20,1576839540952,open,0.04,495.3,0.0245,0.073,0.04290995,63.22,0.0465,0.0,BTC-31JAN20-6500-P,7141.55,62.42,0.042,16.0,0.044,12.0,64.16,8.25879,-6.23376,-2.70567,0.00022,-0.28602
127.01,ETH-27DEC19,1576839540959,open,0.0,1104.0,0.001,0.011,0.000476,120.0,0.001,0.0,ETH-27DEC19-190-C,126.94,0.0,0.0,0.0,0.001,325.0,131.81,0.00426,-0.0372,0.00021,0.00117,0.00906
127.39,SYN.ETH-31JAN20,1576839540959,open,0.29,1.0,0.238,0.337,0.286183,76.62,0.148,0.0,ETH-31JAN20-160-P,126.94,53.46,0.266,340.0,0.302,340.0,91.2,0.1301,-0.11902,-0.15479,0.00912,-0.77288
127.01,ETH-27DEC19,1576839540961,open,0.05,563.0,0.021,0.086,0.050582,67.98,0.049,0.0,ETH-27DEC19-130-P,126.94,63.16,0.048,300.0,0.053,300.0,72.48,0.06813,-0.3368,-0.01509,0.03298,-0.58033
128.01,ETH-27MAR20,1576839540961,open,0.02,1264.0,0.004,0.037,0.014644,103.37,0.015,0.0,ETH-27MAR20-320-C,126.94,101.04,0.013,460.0,0.016,300.0,105.19,0.09323,-0.04923,0.0205,0.00205,0.07437
128.01,ETH-27MAR20,1576839540961,open,2.75,0.0,2.642,2.883,2.755955,118.17,None,0.0,ETH-27MAR20-480-P,126.94,0.0,0.004,50.0,0.0,0.0,0.0,0.04743,-0.02863,-1.27833,0.00091,-0.96812
127.01,ETH-27DEC19,1576839540963,open,1.99,0.0,1.905,2.084,1.99189,120.0,None,0.0,ETH-27DEC19-380-P,126.94,0.0,0.02,50.0,0.0,0.0,0.0,0.0,0.0,-0.07158,0.0,-1.0
127.01,ETH-27DEC19,1576839540963,open,0.0,5217.0,0.001,0.011,0.001206,120.0,0.002,0.0,ETH-27DEC19-180-C,126.94,116.83,0.001,653.0,0.002,300.0,129.68,0.00877,-0.07657,0.00047,0.00241,0.02094
127.01,ETH-27DEC19,1576839540963,open,0.0,4036.0,0.001,0.015,0.003352,110.89,0.004,0.0,ETH-27DEC19-100-P,126.94,99.95,0.002,500.0,0.004,300.0,115.27,0.01791,-0.14443,-0.00127,0.00532,-0.04977
127.01,ETH-27DEC19,1576839540963,open,0.0,4535.0,0.001,0.011,0.0,120.0,0.002,0.0,ETH-27DEC19-760-C,126.94,0.0,0.0,0.0,0.001,300.0,459.76,0.0,0.0,0.0,0.0,0.0
129.0,SYN.ETH-26JUN20,1576839540965,open,0.2,385.0,0.148,0.256,0.202777,82.46,0.222,0.0,ETH-26JUN20-140-C,126.94,82.19,0.202,2.0,0.211,476.0,85.37,0.36557,-0.0798,0.24048,0.00515,0.56303
129.0,SYN.ETH-26JUN20,1576839540965,open,0.11,1320.0,0.06,0.16,0.107523,86.75,0.11,0.0,ETH-26JUN20-200-C,126.94,85.42,0.104,463.0,0.114,283.0,89.17,0.34301,-0.07877,0.16054,0.00459,0.34802
127.01,ETH-27DEC19,1576839540965,open,0.0,7679.0,0.001,0.011,2.4e-05,120.0,0.001,0.0,ETH-27DEC19-220-C,126.94,0.0,0.0,0.0,0.001,525.0,171.05,0.00035,-0.00305,1e-05,0.0001,0.00057
127.39,SYN.ETH-31JAN20,1576839540965,open,0.0,638.0,0.001,0.014,0.003749,103.19,0.005,0.0,ETH-31JAN20-260-C,126.94,99.8,0.003,300.0,0.005,39.0,108.0,0.03017,-0.03717,0.00398,0.00157,0.031
127.39,SYN.ETH-31JAN20,1576839540965,open,0.16,413.0,0.118,0.207,0.161172,73.81,0.138,0.0,ETH-31JAN20-140-P,126.94,69.07,0.155,96.0,0.164,396.0,75.96,0.16675,-0.14695,-0.1112,0.01213,-0.59964
128.01,ETH-27MAR20,1576839540967,open,2.44,0.0,2.339,2.563,2.444696,115.1,None,0.0,ETH-27MAR20-440-P,126.94,0.0,0.003,50.0,0.0,0.0,0.0,0.05488,-0.03227,-1.16936,0.00109,-0.96192
127.01,ETH-27DEC19,1576839540967,open,0.01,1968.0,0.001,0.028,0.009202,72.9,0.01,0.0,ETH-27DEC19-140-C,126.94,69.46,0.008,170.0,0.01,15.0,75.11,0.04542,-0.24078,0.00404,0.0205,0.17797
127.01,ETH-27DEC19,1576839540967,open,0.0,2179.0,0.001,0.011,0.0,120.0,0.001,0.0,ETH-27DEC19-300-C,126.94,0.0,0.0,0.0,0.001,300.0,249.21,0.0,0.0,0.0,0.0,0.0
128.01,ETH-27MAR20,1576839540967,open,1.82,7.0,1.734,1.926,1.823728,107.95,1.702,0.0,ETH-27MAR20-360-P,126.94,0.0,0.01,30.0,0.0,0.0,0.0,0.07708,-0.04251,-0.94931,0.00163,-0.94182
128.01,ETH-27MAR20,1576839540969,open,0.13,175.0,0.084,0.172,0.127501,79.33,0.139,0.0,ETH-27MAR20-140-C,126.94,77.64,0.124,266.0,0.136,603.0,83.44,0.26443,-0.10716,0.12615,0.00759,0.49499
127.01,ETH-27DEC19,1576839540969,open,3.09,36.0,2.975,3.22,3.094166,125.0,2.65,0.0,ETH-27DEC19-520-P,126.94,0.0,0.003,50.0,0.0,0.0,0.0,0.0,0.0,-0.09796,0.0,-1.0
129.0,SYN.ETH-26JUN20,1576839540969,open,0.08,538.0,0.036,0.124,0.075856,89.53,0.086,0.0,ETH-26JUN20-240-C,126.94,87.43,0.071,471.0,0.082,471.0,92.13,0.30128,-0.07141,0.12323,0.00391,0.26047
127.01,ETH-27DEC19,1576839540969,open,2.14,15.0,2.058,2.246,2.149358,120.0,1.248,0.0,ETH-27DEC19-400-P,126.94,0.0,0.002,50.0,0.0,0.0,0.0,0.0,0.0,-0.07535,0.0,-1.0
127.01,ETH-27DEC19,1576839540971,open,2.77,21.0,2.67,2.896,2.77923,0.0,2.37,0.0,ETH-27DEC19-480-P,126.94,0.0,0.002,50.0,0.0,0.0,0.0,0.0,0.0,-0.09042,0.0,-1.0
127.01,ETH-27DEC19,1576839540971,open,0.0,6665.0,0.001,0.011,0.0,120.0,0.001,0.0,ETH-27DEC19-480-C,126.94,0.0,0.0,0.0,0.001,312.0,359.18,0.0,0.0,0.0,0.0,0.0
128.01,ETH-27MAR20,1576839540976,open,0.01,2330.0,0.001,0.018,0.004998,119.94,0.007,0.0,ETH-27MAR20-520-C,126.94,116.49,0.004,300.0,0.007,820.0,125.68,0.03979,-0.02438,0.00714,0.00076,0.02581
127.01,ETH-27DEC19,1576839540978,open,0.08,474.0,0.041,0.104,0.072972,74.0,0.069,0.0,ETH-27DEC19-120-C,126.94,60.4,0.067,40.0,0.075,76.0,78.43,0.05775,-0.31077,0.0157,0.02568,0.72899
127.01,ETH-27DEC19,1576839540978,open,0.0,1346.0,0.001,0.011,0.0,120.0,0.001,0.0,ETH-27DEC19-380-C,126.94,0.0,0.0,0.0,0.001,302.0,305.57,0.0,0.0,0.0,0.0,0.0
127.01,ETH-27DEC19,1576839540978,open,2.46,0.0,2.364,2.571,2.464294,119.51,None,0.0,ETH-27DEC19-440-P,126.94,0.0,0.002,50.0,0.0,0.0,0.0,0.0,0.0,-0.08289,0.0,-1.0
128.01,ETH-27MAR20,1576839540978,open,0.22,642.0,0.167,0.277,0.221165,79.33,0.239,0.0,ETH-27MAR20-140-P,126.94,76.83,0.216,300.0,0.228,320.0,82.64,0.26443,-0.10716,-0.24927,0.00759,-0.50501
127.01,ETH-27DEC19,1576839540980,open,0.03,445.0,0.007,0.055,0.02704,67.98,0.029,0.0,ETH-27DEC19-130-C,126.94,64.17,0.025,562.0,0.029,99.0,71.63,0.06813,-0.3368,0.00939,0.03298,0.41967
127.01,ETH-27DEC19,1576839540980,open,3.72,0.0,3.587,3.87,3.724037,125.0,0.953,0.0,ETH-27DEC19-600-P,126.94,0.0,0.02,50.0,0.0,0.0,0.0,0.0,0.0,-0.11303,0.0,-1.0
128.01,ETH-27MAR20,1576839540980,open,0.01,1440.0,0.001,0.029,0.009855,113.15,0.01,0.0,ETH-27MAR20-400-C,126.94,111.49,0.009,3.0,0.01,300.0,113.42,0.06761,-0.03908,0.01354,0.00136,0.04931
129.0,SYN.ETH-26JUN20,1576839540980,open,0.02,330.0,0.005,0.05,0.020718,103.01,0.025,0.0,ETH-26JUN20-480-C,126.94,100.38,0.018,140.0,0.024,140.0,105.95,0.13843,-0.03775,0.03982,0.00156,0.08036
127.01,ETH-27DEC19,1576839540982,open,3.4,0.0,3.281,3.545,3.409102,125.0,0.845,0.0,ETH-27DEC19-560-P,126.94,0.0,0.02,50.0,0.0,0.0,0.0,0.0,0.0,-0.10549,0.0,-1.0
127.01,ETH-27DEC19,1576839540982,open,0.0,980.0,0.001,0.011,0.0,120.0,0.001,0.0,ETH-27DEC19-340-C,126.94,0.0,0.0,0.0,0.001,308.0,279.35,0.0,0.0,0.0,0.0,0.0
127.01,ETH-27DEC19,1576839540982,open,0.0,1631.0,0.001,0.011,0.001444,106.38,0.001,0.0,ETH-27DEC19-170-C,126.94,0.0,0.0,0.0,0.002,300.0,112.2,0.01093,-0.08456,0.00062,0.00338,0.0272
127.01,ETH-27DEC19,1576839540984,open,0.0,2232.0,0.001,0.011,0.0,120.0,0.001,0.0,ETH-27DEC19-320-C,126.94,0.0,0.0,0.0,0.001,300.0,264.84,0.0,0.0,0.0,0.0,0.0
129.0,SYN.ETH-26JUN20,1576839540986,open,0.05,311.0,0.016,0.084,0.043768,94.76,0.042,0.0,ETH-26JUN20-320-C,126.94,92.57,0.04,480.0,0.049,480.0,97.67,0.22635,-0.05678,0.078,0.00277,0.16062
127.01,ETH-27DEC19,1576839540986,open,0.0,4550.0,0.001,0.011,0.0,120.0,0.001,0.0,ETH-27DEC19-260-C,126.94,0.0,0.0,0.0,0.001,318.0,213.84,1e-05,-4e-05,0.0,0.0,1e-05
127.01,ETH-27DEC19,1576839540986,open,0.0,11488.0,0.001,0.011,0.0,120.0,0.001,0.0,ETH-27DEC19-440-C,126.94,0.0,0.0,0.0,0.001,498.0,339.43,0.0,0.0,0.0,0.0,0.0
127.01,ETH-27DEC19,1576839540988,open,0.0,1759.0,0.001,0.011,0.0,120.0,0.001,0.0,ETH-27DEC19-360-C,126.94,0.0,0.0,0.0,0.001,300.0,292.89,0.0,0.0,0.0,0.0,0.0
128.01,ETH-27MAR20,1576839540988,open,0.01,588.0,0.002,0.032,0.011448,107.95,0.015,0.0,ETH-27MAR20-360-C,126.94,105.45,0.01,69.0,0.013,560.0,110.43,0.07708,-0.04251,0.01604,0.00163,0.05818
127.01,ETH-27DEC19,1576839540988,open,4.34,1.0,4.198,4.519,4.353909,125.0,2.792,0.0,ETH-27DEC19-680-P,126.94,0.0,0.02,50.0,0.0,0.0,0.0,0.0,0.0,-0.1281,0.0,-1.0
127.01,ETH-27DEC19,1576839540990,open,0.0,21055.0,0.001,0.011,0.0,120.0,0.001,0.0,ETH-27DEC19-600-C,126.94,0.0,0.0,0.0,0.001,897.0,408.75,0.0,0.0,0.0,0.0,0.0
128.01,ETH-27MAR20,1576839540990,open,3.06,0.0,2.945,3.203,3.067181,119.94,None,0.0,ETH-27MAR20-520-P,126.94,0.0,0.006,50.0,0.0,0.0,0.0,0.03979,-0.02438,-1.38725,0.00076,-0.97419
127.01,ETH-27DEC19,1576839540990,open,1.83,257.0,1.752,1.922,1.834422,120.0,0.995,0.0,ETH-27DEC19-360-P,126.94,0.0,0.02,50.0,0.0,0.0,0.0,0.0,0.0,-0.06782,0.0,-1.0
128.01,ETH-27MAR20,1576839540990,open,3.37,0.0,3.248,3.522,3.378321,120.0,None,0.0,ETH-27MAR20-560-P,126.94,0.0,0.02,50.0,0.0,0.0,0.0,0.0314,-0.01925,-1.49622,0.0006,-0.98051
128.01,ETH-27MAR20,1576839540992,open,0.09,1300.0,0.052,0.135,0.092178,83.51,0.098,0.0,ETH-27MAR20-160-C,126.94,82.41,0.09,1.0,0.095,328.0,84.94,0.25285,-0.10787,0.09957,0.00689,0.38225
128.01,ETH-27MAR20,1576839540992,open,0.01,1168.0,0.001,0.024,0.007464,115.1,0.009,0.0,ETH-27MAR20-440-C,126.94,111.45,0.006,560.0,0.009,860.0,118.48,0.05488,-0.03227,0.01051,0.00109,0.03808
127.01,ETH-27DEC19,1576839540992,open,0.0,12837.0,0.001,0.011,0.000181,120.0,0.001,0.0,ETH-27DEC19-200-C,126.94,0.0,0.0,0.0,0.001,465.0,145.76,0.00195,-0.01698,9e-05,0.00053,0.00374
127.01,ETH-27DEC19,1576839540992,open,4.03,0.0,3.893,4.194,4.038973,125.0,None,0.0,ETH-27DEC19-640-P,126.94,0.0,0.02,50.0,0.0,0.0,0.0,0.0,0.0,-0.12056,0.0,-1.0
127.01,ETH-27DEC19,1576839540994,open,0.0,6174.0,0.001,0.011,0.0,120.0,0.001,0.0,ETH-27DEC19-720-C,126.94,0.0,0.0,0.0,0.001,300.0,448.22,0.0,0.0,0.0,0.0,0.0
127.01,ETH-27DEC19,1576839540996,open,0.0,11105.0,0.001,0.011,0.0,120.0,0.002,0.0,ETH-27DEC19-560-C,126.94,0.0,0.0,0.0,0.001,300.0,393.58,0.0,0.0,0.0,0.0,0.0
127.01,ETH-27DEC19,1576839540996,open,0.0,6272.0,0.001,0.014,0.002639,97.95,0.002,0.0,ETH-27DEC19-160-C,126.94,93.03,0.002,51.0,0.003,300.0,100.43,0.01782,-0.12692,0.00112,0.00599,0.04944
129.0,SYN.ETH-26JUN20,1576839540996,open,0.26,171.0,0.208,0.312,0.26114,82.29,0.276,0.0,ETH-26JUN20-120-C,126.94,67.11,0.221,50.0,0.278,210.0,88.72,0.33921,-0.07389,0.26764,0.00479,0.66208
128.01,ETH-27MAR20,1576839540996,open,3.99,0.0,3.855,4.162,4.001627,120.0,None,0.0,ETH-27MAR20-640-P,126.94,0.0,0.01,50.0,0.0,0.0,0.0,0.01969,-0.01207,-1.71298,0.00037,-0.98867
127.01,ETH-27DEC19,1576839540996,open,4.97,1.0,4.81,5.168,4.983781,125.0,3.236,0.0,ETH-27DEC19-760-P,126.94,0.0,0.02,50.0,0.0,0.0,0.0,0.0,0.0,-0.14317,0.0,-1.0
129.0,SYN.ETH-26JUN20,1576839540996,open,0.44,0.0,0.397,0.47,0.434041,82.46,None,0.0,ETH-26JUN20-80-C,126.94,66.7,0.411,49.0,0.462,49.0,99.54,0.20171,-0.04403,0.28753,0.00284,0.86478
127.01,ETH-27DEC19,1576839540998,open,0.0,10814.0,0.001,0.011,0.0,120.0,0.001,0.0,ETH-27DEC19-400-C,126.94,0.0,0.0,0.0,0.001,301.0,317.51,0.0,0.0,0.0,0.0,0.0
128.01,ETH-27MAR20,1576839541000,open,0.01,1637.0,0.001,0.021,0.006248,118.17,0.013,0.0,ETH-27MAR20-480-C,126.94,114.55,0.005,520.0,0.008,820.0,122.53,0.04743,-0.02863,0.0088,0.00091,0.03188
127.01,ETH-27DEC19,1576839541002,open,0.0,12762.0,0.001,0.011,0.0,120.0,0.001,0.0,ETH-27DEC19-680-C,126.94,0.0,0.0,0.0,0.001,300.0,435.94,0.0,0.0,0.0,0.0,0.0
7142.54,BTC-27DEC19,1576839541002,open,0.16,138.2,0.1435,0.1845,0.16274035,82.52,0.188,0.0,BTC-27DEC19-6000-C,7141.55,0.0,0.1595,2.1,0.1645,2.0,92.59,1.0948,-6.56937,1.05214,0.00014,0.94473
127.39,SYN.ETH-31JAN20,1576839541002,open,0.13,202.0,0.091,0.164,0.128007,73.54,0.125,0.0,ETH-31JAN20-120-C,126.94,68.78,0.122,96.0,0.132,116.0,76.7,0.16108,-0.14144,0.07517,0.01176,0.6423
127.01,ETH-27DEC19,1576839541006,open,0.0,13244.0,0.001,0.011,0.0,120.0,0.002,0.0,ETH-27DEC19-520-C,126.94,0.0,0.0,0.0,0.001,300.0,377.13,0.0,0.0,0.0,0.0,0.0
127.01,ETH-27DEC19,1576839541006,open,0.0,2113.0,0.001,0.011,0.0,120.0,0.001,0.0,ETH-27DEC19-280-C,126.94,0.0,0.0,0.0,0.001,301.0,232.29,0.0,0.0,0.0,0.0,0.0
128.01,ETH-27MAR20,1576839541008,open,0.02,2402.0,0.005,0.046,0.019943,98.49,0.019,0.0,ETH-27MAR20-280-C,126.94,96.3,0.018,260.0,0.022,600.0,100.69,0.11663,-0.05868,0.0276,0.00269,0.10035
7213.11,BTC-27MAR20,1576839541027,open,0.01,434.0,0.0005,0.027,0.00852898,93.53,0.0085,0.0,BTC-27MAR20-18000-C,7141.55,91.53,0.0075,15.1,0.009,18.0,94.4,3.84598,-1.83769,0.80014,3e-05,0.0499
7169.73,SYN.BTC-31JAN20,1576839541027,open,0.03,327.2,0.0115,0.049,0.02610733,67.63,0.0255,0.0,BTC-31JAN20-6000-P,7141.55,66.96,0.0255,22.5,0.0265,10.0,68.07,6.50829,-5.25584,-1.74632,0.00016,-0.18619
7142.54,BTC-27DEC19,1576839541029,open,0.0,1437.0,0.0005,0.016,0.00374465,61.67,0.004,0.0,BTC-27DEC19-8000-C,7141.55,60.61,0.0035,0.1,0.004,25.8,62.73,1.68602,-7.56062,0.12585,0.00028,0.09728
127.39,SYN.ETH-31JAN20,1576839541222,open,0.07,1356.0,0.039,0.106,0.069962,73.54,0.069,0.0,ETH-31JAN20-120-P,126.94,71.2,0.067,360.0,0.073,128.0,75.94,0.16108,-0.14144,-0.06251,0.01176,-0.3577
7142.54,BTC-27DEC19,1576839541228,open,0.0,367.2,0.0005,0.0105,0.00050308,89.91,0.0005,0.0,BTC-27DEC19-9500-C,7141.55,0.0,0.0,0.0,0.001,37.2,98.79,0.31132,-2.03539,0.01578,4e-05,0.01223
7213.11,BTC-27MAR20,1576839541228,open,0.0,147.6,0.0005,0.011,0.00136026,115.0,0.002,0.0,BTC-27MAR20-36000-C,7141.55,116.17,0.0015,15.0,0.0025,44.0,122.79,0.83281,-0.48926,0.13146,1e-05,0.00816
7213.11,BTC-27MAR20,1576839541238,open,0.06,597.6,0.0365,0.096,0.06167214,68.54,0.064,0.0,BTC-27MAR20-6000-P,7141.55,66.89,0.059,23.8,0.0645,33.8,70.28,11.69378,-4.09465,-5.89557,0.00012,-0.24313
7213.11,BTC-27MAR20,1576839541244,open,0.01,1355.7,0.001,0.0255,0.01068456,80.19,0.011,0.0,BTC-27MAR20-4000-P,7141.55,78.92,0.01,7.0,0.011,10.0,80.76,3.96289,-1.62333,-1.20876,4e-05,-0.05181
7213.11,BTC-27MAR20,1576839541246,open,0.0,157.7,0.0005,0.0135,0.00275634,112.73,0.0025,0.0,BTC-27MAR20-30000-C,7141.55,108.61,0.002,25.0,0.0035,25.0,116.06,1.47821,-0.85128,0.25208,1e-05,0.01579
127.39,SYN.ETH-31JAN20,1576839541380,open,0.16,413.0,0.118,0.207,0.161172,73.81,0.138,0.0,ETH-31JAN20-140-P,126.94,69.84,0.156,340.0,0.164,396.0,75.96,0.16675,-0.14695,-0.1112,0.01213,-0.59964
7142.54,BTC-27DEC19,1576839541433,open,0.0,604.7,0.0005,0.0115,0.00152141,70.58,0.002,0.0,BTC-27DEC19-8500-C,7141.55,65.64,0.001,38.1,0.002,25.1,74.29,0.84901,-4.35739,0.0521,0.00013,0.04025
7213.04,BTC-27MAR20,1576839541433,open,2.33,0.0,2.263,2.411,2.33182223,104.86,None,0.0,BTC-27MAR20-24000-P,7141.55,0.0,0.0015,10.0,0.0,0.0,0.0,2.25878,-1.20995,-63.94029,2e-05,-0.97396
7142.54,BTC-27DEC19,1576839541433,open,0.0,657.0,0.0005,0.0105,0.0,115.0,0.0005,0.0,BTC-27DEC19-28000-C,7141.55,0.0,0.0,0.0,0.0005,10.0,343.65,0.0,0.0,0.0,0.0,0.0
7142.54,BTC-27DEC19,1576839541433,open,2.08,4.9,2.0195,2.1425,2.08003758,0.0,2.217,0.0,BTC-27DEC19-22000-P,7141.55,0.0,0.0,0.0,0.0,0.0,0.0,0.0,0.0,-4.14425,0.0,-1.0
7142.54,BTC-27DEC19,1576839541433,open,0.0,680.5,0.0005,0.0105,0.0,115.0,0.0005,0.0,BTC-27DEC19-26000-C,7141.55,0.0,0.0,0.0,0.0005,33.0,327.72,0.0,0.0,0.0,0.0,0.0
7264.39,SYN.BTC-26JUN20,1576839541433,open,0.29,21.1,0.2465,0.33,0.28492736,71.62,0.271,0.0,BTC-26JUN20-6000-C,7141.55,57.48,0.252,7.0,0.321,7.0,86.86,17.10806,-3.24346,16.92804,9e-05,0.73525
7213.04,BTC-27MAR20,1576839541433,open,0.21,268.2,0.1675,0.2565,0.20789124,67.86,0.22,0.0,BTC-27MAR20-8000-P,7141.55,64.74,0.2015,14.0,0.2125,2.0,70.1,14.79599,-5.12895,-14.60811,0.00016,-0.54736
7213.04,BTC-27MAR20,1576839541433,open,3.71,0.0,3.6215,3.8195,3.71550099,115.09,None,0.0,BTC-27MAR20-34000-P,7141.55,0.0,0.0015,10.0,0.0,0.0,0.0,1.04938,-0.61697,-91.00153,1e-05,-0.98938
7213.04,BTC-27MAR20,1576839541433,open,0.46,7.4,0.439,0.4775,0.45614809,80.21,0.4255,0.0,BTC-27MAR20-4000-C,7141.55,37.68,0.4455,8.1,0.0,0.0,0.0,3.9655,-1.62492,9.51622,4e-05,0.94815
7213.04,BTC-27MAR20,1576839541433,open,0.07,292.2,0.0385,0.105,0.06647499,69.97,0.0685,0.0,BTC-27MAR20-9000-C,7141.55,68.92,0.0645,13.1,0.067,0.5,70.25,13.587,-4.85654,5.16874,0.00014,0.3337
7264.39,SYN.BTC-26JUN20,1576839541433,open,2.04,0.0,1.977,2.1375,2.04877849,90.94,None,0.0,BTC-26JUN20-22000-P,7141.55,0.0,0.11,1.0,3.0,0.1,500.0,8.19321,-1.97247,-111.37863,3e-05,-0.91414
7142.54,BTC-27DEC19,1576839541433,open,0.79,12.1,0.78,0.7995,0.78999744,313.49,0.8415,0.0,BTC-27DEC19-1500-C,7141.55,0.0,0.7825,16.0,0.797,16.0,500.0,0.00244,-0.05552,0.28247,0.0,0.99994
7142.54,BTC-27DEC19,1576839541434,open,0.72,0.0,0.71,0.7295,0.71999658,261.37,None,0.0,BTC-27DEC19-2000-C,7141.55,0.0,0.713,14.0,0.727,14.0,500.0,0.00376,-0.07139,0.37661,0.0,0.9999
7142.54,BTC-27DEC19,1576839541434,open,0.0,1038.8,0.0005,0.0105,0.0,115.0,0.0015,0.0,BTC-27DEC19-20000-C,7141.55,0.0,0.0,0.0,0.0005,24.4,270.02,0.0,0.0,0.0,0.0,0.0
7264.39,SYN.BTC-26JUN20,1576839541433,open,0.01,36.2,0.001,0.0345,0.0107615,100.65,0.011,0.0,BTC-26JUN20-32000-C,7141.55,99.52,0.01,7.0,0.012,1.0,102.37,5.0324,-1.3408,1.32074,2e-05,0.0459
7142.54,BTC-27DEC19,1576839541433,open,0.0,756.8,0.0005,0.0105,0.0,115.0,0.0005,0.0,BTC-27DEC19-24000-C,7141.55,0.0,0.0,0.0,0.0005,31.0,310.34,0.0,0.0,0.0,0.0,0.0
7264.39,SYN.BTC-26JUN20,1576839541434,open,0.6,17.8,0.583,0.615,0.59683668,80.26,0.623,0.0,BTC-26JUN20-3000-C,7141.55,59.76,0.589,8.0,0.0,0.0,0.0,3.97614,-0.84484,13.86403,2e-05,0.96565
7264.39,SYN.BTC-26JUN20,1576839541434,open,0.04,124.3,0.016,0.0775,0.03788337,83.35,0.0375,0.0,BTC-26JUN20-16000-C,7141.55,82.24,0.036,15.0,0.0415,27.0,85.43,12.42877,-2.7425,4.386,5e-05,0.15456
7264.39,SYN.BTC-26JUN20,1576839541434,open,0.72,8.2,0.664,0.7945,0.72252162,77.67,0.8905,0.0,BTC-26JUN20-12000-P,7141.55,0.0,0.09,1.5,1.3495,0.1,327.81,17.21254,-3.539,-54.67847,8e-05,-0.73205
7142.54,BTC-27DEC19,1576839541434,open,5.16,0.0,5.039,5.285,5.16007515,0.0,3.46,0.0,BTC-27DEC19-44000-P,7141.55,0.0,0.001,1.0,0.0,0.0,0.0,0.0,0.0,-8.28851,0.0,-1.0
7169.66,SYN.BTC-31JAN20,1576839541433,open,0.14,31.7,0.111,0.1695,0.13630958,63.21,0.139,0.0,BTC-31JAN20-6500-C,7141.55,59.45,0.132,18.0,0.138,10.0,64.68,8.25881,-6.23336,4.75162,0.00022,0.71397
7169.66,SYN.BTC-31JAN20,1576839541433,open,0.1,139.0,0.071,0.131,0.09386683,61.14,0.095,0.0,BTC-31JAN20-7000-C,7141.55,59.72,0.092,14.9,0.0955,20.0,62.38,9.45825,-6.90461,4.05423,0.00026,0.58675
7142.54,BTC-27DEC19,1576839541437,open,0.02,1291.2,0.0065,0.0445,0.02182012,56.79,0.022,0.0,BTC-27DEC19-7000-P,7141.55,54.26,0.0205,29.7,0.023,20.1,59.04,3.74146,-15.4504,-0.54468,0.00069,-0.383
7264.39,SYN.BTC-26JUN20,1576839541437,open,1.5,2.9,1.4425,1.588,1.5072147,85.75,1.45,0.0,BTC-26JUN20-18000-P,7141.55,0.0,1.35,0.1,2.1,0.1,319.2,10.60667,-2.4078,-89.64315,5e-05,-0.87749
7264.39,SYN.BTC-26JUN20,1576839541437,open,0.27,155.8,0.2185,0.3285,0.26826567,71.76,0.2625,0.0,BTC-26JUN20-8000-P,7141.55,67.13,0.255,11.0,0.271,2.0,72.72,20.79447,-3.95044,-27.81191,0.00011,-0.47159
7142.54,BTC-27DEC19,1576839541437,open,1.52,9.4,1.471,1.571,1.52003074,0.0,1.559,0.0,BTC-27DEC19-18000-P,7141.55,0.0,0.0,0.0,0.0,0.0,0.0,0.0,0.0,-3.39075,0.0,-1.0
7213.04,BTC-27MAR20,1576839541437,open,3.44,0.0,3.35,3.5385,3.43880093,114.9,None,0.0,BTC-27MAR20-32000-P,7141.55,0.0,0.0015,10.0,0.0,0.0,0.0,1.3063,-0.76676,-85.59056,1e-05,-0.98632
7213.04,BTC-27MAR20,1576839541437,open,0.02,455.1,0.005,0.04,0.0159004,83.31,0.016,0.0,BTC-27MAR20-14000-C,7141.55,82.25,0.015,2.0,0.017,42.0,84.56,6.2228,-2.64834,1.4944,5e-05,0.09316
7264.39,SYN.BTC-26JUN20,1576839541437,open,0.48,123.6,0.426,0.5505,0.48240326,74.93,0.62,0.0,BTC-26JUN20-10000-P,7141.55,59.72,0.4425,6.0,0.5555,2.0,100.94,19.78504,-3.92458,-41.69637,0.0001,-0.62681
7264.39,SYN.BTC-26JUN20,1576839541437,open,0.48,0.5,0.4535,0.503,0.47537957,74.55,0.589,0.0,BTC-26JUN20-4000-C,7141.55,57.56,0.4595,7.0,0.4975,7.0,92.43,8.0362,-1.58599,16.57556,4e-05,0.91633
7213.04,BTC-27MAR20,1576839541437,open,4.54,1.0,4.437,4.6645,4.5463201,115.21,4.54,0.0,BTC-27MAR20-40000-P,7141.55,0.0,0.0015,10.0,0.0,0.0,0.0,0.54391,-0.3201,-107.17919,0.0,-0.99496
7213.04,BTC-27MAR20,1576839541437,open,1.5,0.0,1.449,1.57,1.50401615,93.55,1.23,0.0,BTC-27MAR20-18000-P,7141.55,0.0,0.0015,10.0,1.7,0.1,224.34,3.84775,-1.8388,-47.46689,3e-05,-0.95007
7264.39,SYN.BTC-26JUN20,1576839541437,open,0.02,11.5,0.0055,0.047,0.01761284,93.39,0.018,0.0,BTC-26JUN20-24000-C,7141.55,91.76,0.016,34.0,0.02,31.0,95.67,7.36151,-1.82005,2.13942,3e-05,0.07453
7264.39,SYN.BTC-26JUN20,1576839541447,open,0.05,557.2,0.024,0.0945,0.05092135,80.83,0.054,0.0,BTC-26JUN20-14000-C,7141.55,79.87,0.049,16.4,0.0545,26.6,82.58,14.67964,-3.14118,5.64666,7e-05,0.20113
7213.04,BTC-27MAR20,1576839541447,open,1.78,5.2,1.7205,1.8495,1.779378,97.55,2.035,0.0,BTC-27MAR20-20000-P,7141.55,0.0,0.0015,10.0,0.0,0.0,0.0,3.13205,-1.56089,-53.01045,2e-05,-0.96132
7264.39,SYN.BTC-26JUN20,1576839541449,open,2.86,0.0,2.783,2.969,2.8676425,96.99,None,0.0,BTC-26JUN20-28000-P,7141.55,0.0,0.002,1.0,0.0,0.0,0.0,5.9376,-1.52457,-143.26428,2e-05,-0.9435
7264.39,SYN.BTC-26JUN20,1576839541449,open,0.01,18.4,0.0035,0.039,0.01322389,96.99,0.014,0.0,BTC-26JUN20-28000-C,7141.55,94.79,0.0115,34.0,0.0155,29.0,99.65,5.9376,-1.52457,1.62667,2e-05,0.0565
7213.04,BTC-27MAR20,1576839541479,open,0.1,761.2,0.0665,0.1395,0.09878576,67.85,0.102,0.0,BTC-27MAR20-8000-C,7141.55,67.23,0.0975,11.9,0.102,10.2,69.42,14.79598,-5.12883,6.84407,0.00016,0.45263
7213.04,BTC-27MAR20,1576839541479,open,0.33,2.1,0.309,0.3625,0.33325406,72.02,0.3115,0.0,BTC-27MAR20-5000-C,7141.55,41.43,0.31,8.1,0.3555,8.0,91.35,7.52347,-2.76784,10.55232,7e-05,0.87882
7142.54,BTC-27DEC19,1576839541481,open,0.0,562.6,0.0005,0.0105,0.0,115.0,0.0005,0.0,BTC-27DEC19-40000-C,7141.55,0.0,0.0,0.0,0.0005,16.9,418.33,0.0,0.0,0.0,0.0,0.0
7264.39,SYN.BTC-26JUN20,1576839541481,open,0.18,305.4,0.137,0.2345,0.18039935,71.07,0.1795,0.0,BTC-26JUN20-7000-P,7141.55,68.72,0.174,9.5,0.1825,8.0,71.84,19.75464,-3.71667,-20.74271,0.0001,-0.3714
7142.54,BTC-27DEC19,1576839541481,open,0.0,1712.6,0.0005,0.0135,0.00275059,82.34,0.003,0.0,BTC-27DEC19-6000-P,7141.55,80.65,0.0025,20.7,0.003,0.1,83.94,1.08924,-6.52201,-0.07759,0.00014,-0.05492
7169.66,SYN.BTC-31JAN20,1576839541481,open,0.03,621.9,0.0135,0.0555,0.0270668,62.16,0.027,0.0,BTC-31JAN20-8500-C,7141.55,60.67,0.0255,28.0,0.0285,16.0,63.51,7.56664,-5.61635,1.75976,0.00021,0.241
7169.66,SYN.BTC-31JAN20,1576839541502,open,0.21,15.2,0.1825,0.2545,0.21262119,62.17,0.2965,0.0,BTC-31JAN20-8500-P,7141.55,0.0,0.0685,0.1,0.0,0.0,0.0,7.56681,-5.61668,-7.99205,0.00021,-0.75899
7213.04,BTC-27MAR20,1576839541506,open,1.23,1.2,1.1785,1.2915,1.22942019,88.62,1.4,0.0,BTC-27MAR20-16000-P,7141.55,0.0,0.0015,10.0,1.5,0.1,249.19,4.78956,-2.16829,-41.84574,4e-05,-0.93405
7213.04,BTC-27MAR20,1576839541513,open,0.03,245.0,0.012,0.05,0.02642683,72.0,0.0265,0.0,BTC-27MAR20-5000-P,7141.55,70.62,0.025,9.0,0.028,15.0,73.49,7.52196,-2.76669,-2.85432,7e-05,-0.12114
7142.54,BTC-27DEC19,1576839541513,open,0.37,11.6,0.3575,0.383,0.37005392,118.03,0.3855,0.0,BTC-27DEC19-4500-C,7141.55,0.0,0.3625,11.0,0.377,11.0,223.86,0.05302,-0.45505,0.84532,0.0,0.99832
7142.54,BTC-27DEC19,1576839541513,open,0.0,483.8,0.0005,0.011,0.00143483,101.49,0.0015,0.0,BTC-27DEC19-5500-P,7141.55,95.63,0.001,25.1,0.0015,25.0,102.27,0.58911,-4.34777,-0.0367,6e-05,-0.02584
7142.54,BTC-27DEC19,1576839541515,open,0.65,0.0,0.64,0.6595,0.64998397,0.0,None,0.0,BTC-27DEC19-2500-C,7141.55,0.0,0.643,13.0,0.657,13.0,457.56,0.0,0.0,0.47094,0.0,1.0
7264.39,SYN.BTC-26JUN20,1576839541513,open,0.11,354.8,0.067,0.1575,0.10582519,74.93,0.1045,0.0,BTC-26JUN20-10000-C,7141.55,74.44,0.1045,13.0,0.111,2.0,76.82,19.78504,-3.92458,10.05039,0.0001,0.37319
7142.54,BTC-27DEC19,1576839541525,open,2.36,0.0,2.294,2.428,2.36004099,0.0,None,0.0,BTC-27DEC19-24000-P,7141.55,0.0,0.0,0.0,0.0,0.0,0.0,0.0,0.0,-4.521,0.0,-1.0
7142.54,BTC-27DEC19,1576839541525,open,0.26,813.0,0.2355,0.2905,0.26100955,82.37,0.251,0.0,BTC-27DEC19-9000-P,7141.55,0.0,0.257,2.0,0.2645,2.0,109.09,0.54181,-3.24521,-1.66519,7e-05,-0.97661
7169.66,SYN.BTC-31JAN20,1576839541525,open,0.0,193.2,0.0005,0.014,0.00375976,79.72,0.0035,0.0,BTC-31JAN20-12000-C,7141.55,76.82,0.003,49.0,0.0045,53.0,82.21,2.01368,-1.91663,0.2829,4e-05,0.03815
7169.66,SYN.BTC-31JAN20,1576839541528,open,0.68,0.0,0.642,0.719,0.67748361,79.73,None,0.0,BTC-31JAN20-12000-P,7141.55,0.0,0.0015,10.0,0.0,0.0,0.0,2.01473,-1.91791,-13.48427,4e-05,-0.96182
7142.54,BTC-27DEC19,1576839541536,open,0.33,0.0,0.304,0.361,0.33051931,88.89,None,0.0,BTC-27DEC19-9500-P,7141.55,0.0,0.3225,2.0,0.339,2.0,149.94,0.29284,-1.89303,-1.77485,3e-05,-0.9886
7213.04,BTC-27MAR20,1576839541547,open,0.43,144.3,0.3885,0.487,0.43295243,72.62,0.4245,0.0,BTC-27MAR20-10000-P,7141.55,51.93,0.4035,8.0,0.473,2.0,95.09,11.81956,-4.3849,-22.91875,0.00012,-0.75197
7213.04,BTC-27MAR20,1576839541552,open,0.05,606.0,0.023,0.082,0.04657058,72.62,0.0475,0.0,BTC-27MAR20-10000-C,7141.55,71.66,0.045,1.0,0.048,13.0,73.49,11.81929,-4.38465,3.89638,0.00012,0.24802
7142.54,BTC-27DEC19,1576839541552,open,0.0,832.1,0.0005,0.0105,0.0,115.0,0.0005,0.0,BTC-27DEC19-3000-P,7141.55,0.0,0.0,0.0,0.0005,61.0,256.24,0.0,0.0,0.0,0.0,0.0
7213.04,BTC-27MAR20,1576839541552,open,0.0,109.3,0.0005,0.0115,0.0018027,115.0,0.003,0.0,BTC-27MAR20-34000-C,7141.55,112.77,0.0015,15.0,0.003,44.0,121.82,1.0439,-0.61327,0.16937,1e-05,0.01056
7142.54,BTC-27DEC19,1576839541555,open,0.0,449.3,0.0005,0.0105,0.0,115.0,0.0005,0.0,BTC-27DEC19-44000-C,7141.55,0.0,0.0,0.0,0.0005,11.0,437.78,0.0,0.0,0.0,0.0,0.0
7142.54,BTC-27DEC19,1576839541555,open,0.12,887.5,0.0995,0.1515,0.12375831,61.51,0.121,0.0,BTC-27DEC19-8000-P,7141.55,49.72,0.1215,3.5,0.1265,1.5,71.75,1.6785,-7.50822,-1.3819,0.00028,-0.90331
7142.54,BTC-27DEC19,1576839541555,open,6.28,0.8,6.137,6.428,6.28008882,0.0,3.59,0.0,BTC-27DEC19-52000-P,7141.55,0.0,0.001,1.0,0.0,0.0,0.0,0.0,0.0,-9.79551,0.0,-1.0
7142.54,BTC-27DEC19,1576839541555,open,0.0,1230.7,0.0005,0.0105,0.00099417,82.89,0.0005,0.0,BTC-27DEC19-9000-C,7141.55,75.1,0.0005,51.7,0.0015,88.4,88.57,0.55637,-3.35377,0.03114,7e-05,0.02414
7142.54,BTC-27DEC19,1576839541555,open,0.0,255.7,0.0005,0.0105,0.0,115.0,0.001,0.0,BTC-27DEC19-1500-P,7141.55,0.0,0.0,0.0,0.0005,47.9,449.84,0.0,0.0,0.0,0.0,0.0
7142.54,BTC-27DEC19,1576839541557,open,0.96,268.3,0.922,1.0,0.96002439,0.0,0.9355,0.0,BTC-27DEC19-14000-P,7141.55,0.0,0.9525,2.0,0.9685,2.0,279.12,0.0,0.0,-2.63725,0.0,-1.0
7264.39,SYN.BTC-26JUN20,1576839541559,open,0.03,897.7,0.0085,0.0575,0.02422545,88.54,0.025,0.0,BTC-26JUN20-20000-C,7141.55,87.17,0.0225,33.0,0.027,28.0,90.65,9.2885,-2.17717,2.91468,4e-05,0.10176
7213.04,BTC-27MAR20,1576839541571,open,0.0,76.6,0.0005,0.0125,0.00237939,114.83,0.003,0.0,BTC-27MAR20-32000-C,7141.55,112.6,0.002,10.0,0.003,10.0,118.0,1.30167,-0.76361,0.21741,1e-05,0.01362
7213.04,BTC-27MAR20,1576839541571,open,0.01,251.8,0.0005,0.0205,0.00550658,101.68,0.004,0.0,BTC-27MAR20-22000-C,7141.55,98.78,0.0045,27.0,0.0065,44.0,104.23,2.66894,-1.38637,0.50909,2e-05,0.03183
7264.39,SYN.BTC-26JUN20,1576839541571,open,0.03,486.1,0.012,0.049,0.0260108,74.55,0.026,0.0,BTC-26JUN20-4000-P,7141.55,71.77,0.023,21.0,0.0275,28.0,75.88,8.0362,-1.58599,-4.12315,4e-05,-0.08367
7142.54,BTC-27DEC19,1576839541571,open,0.0,491.2,0.0005,0.0105,7e-08,114.99,0.0005,0.0,BTC-27DEC19-3500-P,7141.55,0.0,0.0,0.0,0.0005,10.1,213.57,0.0001,-0.0005,0.0,0.0,0.0
7213.04,BTC-27MAR20,1576839541571,open,0.0,686.4,0.0005,0.0105,0.0007927,115.0,0.002,0.0,BTC-27MAR20-40000-C,7141.55,117.55,0.001,22.0,0.002,26.0,126.11,0.53603,-0.31491,0.08056,0.0,0.00496
7142.54,BTC-27DEC19,1576839541574,open,0.23,77.4,0.2145,0.251,0.23142452,101.78,0.254,0.0,BTC-27DEC19-5500-C,7141.55,0.0,0.2295,0.1,0.2375,9.1,144.15,0.595,-4.40364,0.99891,6e-05,0.97385
7213.04,BTC-27MAR20,1576839541576,open,0.01,1544.9,0.0015,0.032,0.01120924,88.61,0.013,0.0,BTC-27MAR20-16000-C,7141.55,86.73,0.01,15.9,0.0115,18.0,89.04,4.78807,-2.16739,1.05828,4e-05,0.06592
7142.54,BTC-27DEC19,1576839541576,open,0.58,11.0,0.57,0.5895,0.57999488,185.23,0.5835,0.0,BTC-27DEC19-3000-C,7141.55,0.0,0.5735,11.0,0.5855,11.0,366.96,0.00745,-0.10039,0.56484,0.0,0.9998
7213.04,BTC-27MAR20,1576839541576,open,0.69,54.9,0.643,0.744,0.68845081,77.45,0.77,0.0,BTC-27MAR20-12000-P,7141.55,0.0,0.55,0.1,0.88,1.0,183.56,8.41907,-3.33116,-29.89923,8e-05,-0.85737
7264.39,SYN.BTC-26JUN20,1576839541576,open,2.31,0.0,2.2455,2.414,2.32140022,93.39,None,0.0,BTC-26JUN20-24000-P,7141.55,0.0,0.002,1.0,0.0,0.0,0.0,7.36151,-1.82005,-122.05281,3e-05,-0.92547
7142.54,BTC-27DEC19,1576839541578,open,0.4,499.1,0.373,0.4325,0.40051409,102.2,0.4845,0.0,BTC-27DEC19-10000-P,7141.55,0.0,0.3925,2.0,0.409,2.0,168.96,0.25973,-1.93032,-1.871,3e-05,-0.99007
7213.04,BTC-27MAR20,1576839541584,open,0.12,257.9,0.087,0.1645,0.12161837,67.1,0.125,0.0,BTC-27MAR20-7000-P,7141.55,66.29,0.12,9.9,0.125,2.0,68.79,14.40584,-4.93797,-10.03934,0.00015,-0.39743
7213.04,BTC-27MAR20,1576839541584,open,0.31,92.7,0.271,0.3665,0.31421865,69.97,0.3165,0.0,BTC-27MAR20-9000-P,7141.55,66.37,0.3075,8.0,0.3305,2.0,78.46,13.58712,-4.85672,-18.96491,0.00014,-0.66629
127.09,SYN.ETH-3JAN20,1576839541624,open,0.07,0.0,0.035,0.102,0.066864,69.51,None,0.0,ETH-3JAN20-130-P,126.94,64.51,0.063,639.0,0.069,300.0,72.26,0.09837,-0.24636,-0.0293,0.02305,-0.53962
127.09,SYN.ETH-3JAN20,1576839541624,open,0.09,0.0,0.054,0.119,0.08712,72.53,None,0.0,ETH-3JAN20-120-C,126.94,65.09,0.082,120.0,0.09,120.0,76.66,0.08825,-0.23063,0.02879,0.01982,0.68313
127.09,SYN.ETH-3JAN20,1576839541624,open,0.15,0.0,0.116,0.179,0.148407,80.17,None,0.0,ETH-3JAN20-110-C,126.94,70.24,0.144,40.0,0.152,40.0,87.54,0.05985,-0.1729,0.0335,0.01216,0.84179
127.01,ETH-27DEC19,1576839541765,open,0.01,1167.0,0.001,0.022,0.006402,87.92,0.009,0.0,ETH-27DEC19-110-P,126.94,82.02,0.005,302.0,0.007,70.0,90.27,0.03176,-0.20308,-0.00267,0.01189,-0.1053
127.01,ETH-27DEC19,1576839541765,open,0.14,201.0,0.11,0.17,0.140329,87.92,0.105,0.0,ETH-27DEC19-110-C,126.94,66.39,0.136,40.0,0.144,40.0,101.27,0.03176,-0.20308,0.01805,0.01189,0.8947
7142.54,BTC-27DEC19,1576839541900,open,0.0,419.2,0.0005,0.0175,0.00430949,74.54,0.0045,0.0,BTC-27DEC19-6250-P,7141.58,73.1,0.004,11.3,0.0045,0.1,75.41,1.55976,-8.45496,-0.12362,0.00022,-0.08757
7142.54,BTC-27DEC19,1576839541900,open,0.03,333.6,0.009,0.0495,0.02340027,54.99,0.024,0.0,BTC-27DEC19-7250-C,7141.58,54.25,0.023,0.2,0.024,15.1,56.1,3.86108,-15.44122,0.55568,0.00073,0.4364
7142.54,BTC-27DEC19,1576839541900,open,0.13,30.0,0.1085,0.152,0.12928779,74.62,0.1315,0.0,BTC-27DEC19-6250-C,7141.58,35.19,0.125,7.1,0.1355,9.0,97.74,1.56255,-8.47901,1.05342,0.00022,0.91222
7142.54,BTC-27DEC19,1576839541900,open,0.23,0.0,0.2015,0.2555,0.22628274,77.05,0.211,0.0,BTC-27DEC19-8750-P,7141.58,0.0,0.223,2.0,0.231,2.0,105.96,0.68494,-3.83767,-1.60826,9e-05,-0.96902
7142.54,BTC-27DEC19,1576839541900,open,0.2,0.3,0.179,0.217,0.1967164,89.88,0.2265,0.0,BTC-27DEC19-5750-C,7141.58,0.0,0.1945,0.1,0.2025,7.0,124.97,0.74679,-4.88093,1.03452,9e-05,0.9656
7142.54,BTC-27DEC19,1576839541901,open,0.0,80.7,0.0005,0.011,0.00125236,77.3,0.0015,0.0,BTC-27DEC19-8750-C,7141.58,74.51,0.001,10.3,0.0015,26.1,79.71,0.6931,-3.89591,0.04059,9e-05,0.03142
7142.54,BTC-27DEC19,1576839541901,open,0.01,444.5,0.0005,0.023,0.00626941,57.08,0.006,0.0,BTC-27DEC19-7750-C,7141.58,56.26,0.006,10.0,0.007,25.6,59.24,2.36545,-9.81802,0.20412,0.00043,0.15798
7142.54,BTC-27DEC19,1576839541901,open,0.04,78.6,0.0195,0.0675,0.03842545,54.96,0.039,0.0,BTC-27DEC19-7250-P,7141.58,53.24,0.0375,10.0,0.04,1.3,57.87,3.86098,-15.43048,-0.81009,0.00073,-0.56366
7142.54,BTC-27DEC19,1576839541901,open,0.16,0.0,0.133,0.1855,0.15728423,65.54,0.1745,0.0,BTC-27DEC19-8250-P,7141.58,0.0,0.155,1.6,0.1615,1.5,84.71,1.16306,-5.54349,-1.47679,0.00018,-0.94031
7142.54,BTC-27DEC19,1576839541901,open,0.09,14.5,0.0675,0.12,0.09129632,57.01,0.096,0.0,BTC-27DEC19-7750-P,7141.58,49.48,0.089,1.6,0.0945,1.5,66.0,2.36256,-9.79498,-1.25615,0.00043,-0.84231
7142.54,BTC-27DEC19,1576839541901,open,0.0,367.6,0.0005,0.012,0.00225558,65.68,0.002,0.0,BTC-27DEC19-8250-C,7141.58,64.07,0.002,14.9,0.0025,5.0,67.13,1.16937,-5.58536,0.07783,0.00019,0.0601
7142.54,BTC-27DEC19,1576839541901,open,0.0,136.7,0.0005,0.0115,0.00173636,89.73,0.002,0.0,BTC-27DEC19-5750-P,7141.58,87.36,0.0015,20.5,0.002,14.5,92.16,0.74291,-4.8474,-0.04833,9e-05,-0.03418
7147.96,SYN.BTC-3JAN20,1576839541901,open,0.02,46.7,0.004,0.034,0.0147142,62.97,0.015,0.0,BTC-3JAN20-6500-P,7141.58,61.66,0.014,20.0,0.0155,15.7,64.39,3.92228,-8.89979,-0.58822,0.00032,-0.20175
7147.96,SYN.BTC-3JAN20,1576839541900,open,0.03,56.6,0.0105,0.0505,0.02505734,57.14,0.024,0.0,BTC-3JAN20-7500-C,7141.58,54.98,0.0235,11.0,0.025,0.9,57.06,5.18082,-10.66666,0.89253,0.00047,0.35352
7147.96,SYN.BTC-3JAN20,1576839541900,open,0.05,2.5,0.031,0.083,0.05221774,57.11,0.053,0.0,BTC-3JAN20-7250-P,7141.58,55.54,0.051,15.0,0.0535,10.0,58.77,5.54574,-11.41328,-1.57812,0.0005,-0.52854
7147.96,SYN.BTC-3JAN20,1576839541900,open,0.01,45.2,0.0005,0.016,0.00442065,77.03,0.0045,0.0,BTC-3JAN20-5750-P,7141.58,75.26,0.004,52.0,0.0045,0.1,77.35,1.74039,-4.83075,-0.18521,0.00012,-0.06374
7147.96,SYN.BTC-3JAN20,1576839541900,open,0.02,24.6,0.0085,0.0455,0.02306366,60.35,0.023,0.0,BTC-3JAN20-6750-P,7141.58,58.76,0.022,20.0,0.024,10.0,61.74,4.79086,-10.41821,-0.85788,0.00041,-0.29264
7147.96,SYN.BTC-3JAN20,1576839541900,open,0.01,13.1,0.0005,0.026,0.00965006,67.02,0.009,0.0,BTC-3JAN20-6250-P,7141.58,65.49,0.009,25.0,0.01,0.1,67.84,3.06086,-7.39257,-0.39927,0.00024,-0.13728
7147.96,SYN.BTC-3JAN20,1576839541900,open,0.1,0.0,0.075,0.1325,0.10043883,57.73,None,0.0,BTC-3JAN20-7750-P,7141.58,0.0,0.073,5.0,0.108,5.0,69.32,4.46541,-9.28886,-2.30025,0.0004,-0.74607
7147.96,SYN.BTC-3JAN20,1576839541901,open,0.14,0.2,0.113,0.16,0.13529222,67.06,0.135,0.0,BTC-3JAN20-6250-C,7141.58,40.65,0.127,6.0,0.1415,6.1,80.34,3.06278,-7.40162,1.97632,0.00024,0.86259
7147.96,SYN.BTC-3JAN20,1576839541900,open,0.2,0.0,0.181,0.222,0.20001143,77.09,None,0.0,BTC-3JAN20-5750-C,7141.58,0.0,0.1955,6.1,0.0,0.0,0.0,1.74344,-4.8433,2.00025,0.00012,0.93612
7147.96,SYN.BTC-3JAN20,1576839541901,open,0.08,0.4,0.0505,0.1065,0.07428675,57.11,0.0825,0.0,BTC-3JAN20-7500-P,7141.58,55.33,0.073,15.0,0.076,10.0,59.46,5.18035,-10.66039,-1.95883,0.00047,-0.64657
7147.96,SYN.BTC-3JAN20,1576839541901,open,0.13,0.0,0.1035,0.1605,0.12973246,58.98,None,0.0,BTC-3JAN20-8000-P,7141.58,0.0,0.1035,5.0,0.1375,5.1,72.91,3.63567,-7.7272,-2.58528,0.00032,-0.82167
7147.96,SYN.BTC-3JAN20,1576839541901,open,0.23,0.0,0.2015,0.259,0.22806067,67.57,None,0.0,BTC-3JAN20-8750-P,7141.58,0.0,0.0,0.0,0.0,0.0,0.0,1.88962,-4.60074,-3.14442,0.00014,-0.92911
7147.96,SYN.BTC-3JAN20,1576839541900,open,0.17,0.0,0.1465,0.1905,0.16710837,71.92,None,0.0,BTC-3JAN20-6000-C,7141.58,0.0,0.1605,6.1,0.1865,6.0,115.86,2.33083,-6.04036,2.00877,0.00017,0.90635
7147.96,SYN.BTC-3JAN20,1576839541901,open,0.02,78.6,0.0055,0.038,0.01623511,57.76,0.015,0.0,BTC-3JAN20-7750-C,7141.58,55.77,0.015,13.0,0.017,0.1,58.98,4.46675,-9.29715,0.6463,0.0004,0.25408
7147.96,SYN.BTC-3JAN20,1576839541900,open,0.0,22.4,0.0005,0.0135,0.00335,84.11,0.003,0.0,BTC-3JAN20-5500-P,7141.58,82.21,0.003,10.0,0.004,37.5,87.38,1.35556,-4.10845,-0.13537,8e-05,-0.04647
7147.96,SYN.BTC-3JAN20,1576839541900,open,0.16,0.0,0.135,0.1915,0.16119658,60.86,None,0.0,BTC-3JAN20-8250-P,7141.58,0.0,0.0,0.0,0.0,0.0,0.0,2.87325,-6.30106,-2.81497,0.00024,-0.87473
7147.96,SYN.BTC-3JAN20,1576839541901,open,0.01,1.4,0.0005,0.02,0.0064919,71.87,0.007,0.0,BTC-3JAN20-6000-P,7141.58,70.33,0.006,26.0,0.007,0.1,73.4,2.32829,-6.02954,-0.27174,0.00017,-0.09351
7147.96,SYN.BTC-3JAN20,1576839541901,open,0.04,45.3,0.017,0.0625,0.03516096,58.17,0.0365,0.0,BTC-3JAN20-7000-P,7141.58,56.63,0.034,15.0,0.0365,10.5,59.94,5.40065,-11.31989,-1.19531,0.00048,-0.40472
7147.96,SYN.BTC-3JAN20,1576839541901,open,0.08,0.8,0.055,0.105,0.07875718,60.38,0.0745,0.0,BTC-3JAN20-6750-C,7141.58,56.23,0.076,14.0,0.08,10.0,62.22,4.79137,-10.42409,1.70794,0.00041,0.70729
7147.96,SYN.BTC-3JAN20,1576839541900,open,0.01,20.4,0.0005,0.017,0.00485056,63.18,0.0045,0.0,BTC-3JAN20-8500-C,7141.58,60.35,0.004,66.1,0.0055,25.0,65.18,2.25107,-5.12476,0.22962,0.00018,0.08935
7147.96,SYN.BTC-3JAN20,1576839541900,open,0.0,25.5,0.0005,0.0155,0.00395968,67.66,0.004,0.0,BTC-3JAN20-8750-C,7141.58,65.87,0.0035,0.1,0.0045,25.0,69.63,1.89557,-4.62142,0.18267,0.00014,0.07119
7147.96,SYN.BTC-3JAN20,1576839541900,open,0.04,25.9,0.02,0.0655,0.03796264,57.14,0.036,0.0,BTC-3JAN20-7250-C,7141.58,53.96,0.0355,40.8,0.0395,25.1,59.12,5.54578,-11.41847,1.17804,0.0005,0.47149
7147.96,SYN.BTC-3JAN20,1576839541900,open,0.19,0.0,0.1675,0.2245,0.19397723,63.1,None,0.0,BTC-3JAN20-8500-P,7141.58,0.0,0.0,0.0,0.0,0.0,0.0,2.24586,-5.10691,-3.0024,0.00018,-0.91093
7147.96,SYN.BTC-3JAN20,1576839541900,open,0.11,0.3,0.082,0.131,0.10538204,63.0,0.106,0.0,BTC-3JAN20-6500-C,7141.58,59.51,0.1035,10.0,0.107,10.0,65.91,3.92348,-8.90711,1.88247,0.00032,0.79814
7147.96,SYN.BTC-3JAN20,1576839541900,open,0.01,1.0,0.0005,0.0215,0.00704422,60.92,0.0075,0.0,BTC-3JAN20-8250-C,7141.58,58.23,0.006,50.0,0.008,25.0,63.23,2.87712,-6.31535,0.32191,0.00024,0.12551
7142.5,BTC-27DEC19,1576839542907,open,0.01,519.3,0.0025,0.0315,0.01220758,61.2,0.0115,0.0,BTC-27DEC19-6750-P,7141.64,61.89,0.0125,0.1,0.013,20.0,63.06,3.02906,-13.48146,-0.33577,0.00052,-0.23735
7264.39,SYN.BTC-26JUN20,1576839542907,open,2.59,0.0,2.514,2.691,2.59425292,95.25,None,0.0,BTC-26JUN20-26000-P,7141.64,0.0,0.002,1.0,0.0,0.0,0.0,6.58336,-1.66003,-132.68783,3e-05,-0.93554
7142.56,BTC-27DEC19,1576839542908,open,0.0,1169.0,0.0005,0.0105,0.00018406,115.0,0.0005,0.0,BTC-27DEC19-11000-C,7141.64,0.0,0.0,0.0,0.001,54.0,139.74,0.11464,-0.95867,0.00506,1e-05,0.00394
7264.39,SYN.BTC-26JUN20,1576839542908,open,0.06,286.3,0.0345,0.0935,0.0585752,72.27,0.0625,0.0,BTC-26JUN20-5000-P,7141.64,69.67,0.054,13.9,0.06,23.9,73.07,12.91668,-2.47113,-8.36378,7e-05,-0.16392
7142.56,BTC-27DEC19,1576839542908,open,1.8,3.6,1.7455,1.857,1.80012433,197.7,1.729,0.0,BTC-27DEC19-20000-P,7141.64,0.0,0.0,0.0,0.0,0.0,0.0,0.00484,-0.06961,-3.76734,0.0,-0.99987
7142.56,BTC-27DEC19,1576839542908,open,0.44,36.8,0.429,0.451,0.43997855,110.84,0.456,0.0,BTC-27DEC19-4000-C,7141.64,0.0,0.433,9.0,0.446,9.1,262.18,0.00205,-0.0165,0.75343,0.0,0.99995
7264.39,SYN.BTC-26JUN20,1576839542908,open,0.22,127.1,0.1745,0.2665,0.21679463,71.07,0.227,0.0,BTC-26JUN20-7000-C,7141.64,69.68,0.213,13.0,0.223,2.0,73.35,19.75464,-3.71667,15.48003,0.0001,0.6286
7213.0,BTC-27MAR20,1576839542908,open,0.15,564.6,0.1165,0.1915,0.15115419,67.1,0.151,0.0,BTC-27MAR20-7000-C,7141.64,64.52,0.146,8.0,0.1545,2.0,68.78,14.40581,-4.93806,8.73118,0.00015,0.60257
7142.56,BTC-27DEC19,1576839542908,open,0.0,1296.8,0.0005,0.0105,0.00054268,115.0,0.001,0.0,BTC-27DEC19-5000-P,7141.64,113.77,0.0005,80.1,0.001,86.7,125.35,0.25402,-2.12429,-0.01376,2e-05,-0.00968
7142.56,BTC-27DEC19,1576839542908,open,0.19,3.0,0.167,0.2195,0.19157299,70.59,0.1865,0.0,BTC-27DEC19-8500-P,7141.64,0.0,0.184,7.0,0.199,7.0,105.96,0.84969,-4.36195,-1.54903,0.00013,-0.95971
7142.56,BTC-27DEC19,1576839542908,open,0.0,349.0,0.0005,0.0105,0.0,115.0,0.0005,0.0,BTC-27DEC19-48000-C,7141.64,0.0,0.0,0.0,0.0005,10.0,455.37,0.0,0.0,0.0,0.0,0.0
7142.56,BTC-27DEC19,1576839542908,open,0.0,590.4,0.0005,0.0105,0.0,115.0,0.001,0.0,BTC-27DEC19-2500-P,7141.64,0.0,0.0,0.0,0.0005,160.0,306.74,0.0,0.0,0.0,0.0,0.0
7213.0,BTC-27MAR20,1576839542908,open,3.99,0.0,3.8935,4.1,3.99230036,114.58,None,0.0,BTC-27MAR20-36000-P,7141.64,0.0,0.0015,10.0,0.0,0.0,0.0,0.81082,-0.47458,-96.40727,1e-05,-0.99209
7264.39,SYN.BTC-26JUN20,1576839542909,open,0.03,248.0,0.011,0.0655,0.02937419,85.75,0.0295,0.0,BTC-26JUN20-18000-C,7141.64,84.8,0.028,20.0,0.032,0.1,87.51,10.60667,-2.4078,3.50102,5e-05,0.12251
7264.39,SYN.BTC-26JUN20,1576839542909,open,3.4,0.0,3.322,3.5265,3.41581135,100.65,None,0.0,BTC-26JUN20-32000-P,7141.64,0.0,0.002,1.0,0.0,0.0,0.0,5.0324,-1.3408,-164.26891,2e-05,-0.9541
7142.56,BTC-27DEC19,1576839542909,open,2.64,0.0,2.569,2.714,2.64014633,0.0,None,0.0,BTC-27DEC19-26000-P,7141.64,0.0,0.0,0.0,0.0,0.0,0.0,0.0,0.0,-4.89775,0.0,-1.0
7142.56,BTC-27DEC19,1576839542909,open,0.54,248.6,0.51,0.5735,0.54024598,114.87,0.6675,0.0,BTC-27DEC19-11000-P,7141.64,0.0,0.5325,2.0,0.5485,2.0,200.31,0.11364,-0.94923,-2.06712,1e-05,-0.9961
7213.0,BTC-27MAR20,1576839542909,open,2.05,5.6,1.9915,2.1305,2.05552569,101.6,1.545,0.0,BTC-27MAR20-22000-P,7141.64,0.0,0.0015,10.0,0.0,0.0,0.0,2.65969,-1.38049,-58.48649,2e-05,-0.96831
7264.39,SYN.BTC-26JUN20,1576839542909,open,0.01,143.4,0.0005,0.023,0.00981008,80.26,0.0105,0.0,BTC-26JUN20-3000-P,7141.64,76.78,0.008,37.0,0.011,15.0,82.38,3.97613,-0.84484,-1.66,2e-05,-0.03435
7142.56,BTC-27DEC19,1576839542909,open,0.47,0.0,0.4415,0.504,0.47051749,114.94,None,0.0,BTC-27DEC19-10500-P,7141.64,0.0,0.4625,2.0,0.4785,2.0,184.13,0.23944,-2.00129,-1.96638,2e-05,-0.99095
7142.56,BTC-27DEC19,1576839542909,open,0.0,526.9,0.0005,0.0105,0.0,115.0,0.0005,0.0,BTC-27DEC19-22000-C,7141.64,0.0,0.0,0.0,0.0005,11.0,291.23,0.0,0.0,0.0,0.0,0.0
7142.56,BTC-27DEC19,1576839542909,open,1.24,18.0,1.1965,1.2855,1.24009006,0.0,1.261,0.0,BTC-27DEC19-16000-P,7141.64,0.0,1.2325,2.0,1.2485,2.0,320.03,0.0,0.0,-3.014,0.0,-1.0
7142.56,BTC-27DEC19,1576839542909,open,0.0,767.5,0.0005,0.0105,3.7e-06,115.0,0.0005,0.0,BTC-27DEC19-13000-C,7141.64,0.0,0.0,0.0,0.0005,10.0,169.66,0.00393,-0.02646,0.00013,0.0,0.0001
7142.56,BTC-27DEC19,1576839542909,open,4.04,1.3,3.9415,4.143,4.04020262,0.0,3.212,0.0,BTC-27DEC19-36000-P,7141.64,0.0,0.0005,1.0,0.0,0.0,0.0,0.0,0.0,-6.78151,0.0,-1.0
7142.56,BTC-27DEC19,1576839542909,open,5.72,0.0,5.5885,5.857,5.72027015,0.0,None,0.0,BTC-27DEC19-48000-P,7141.64,0.0,0.0005,1.0,0.0,0.0,0.0,0.0,0.0,-9.04201,0.0,-1.0
7142.56,BTC-27DEC19,1576839542909,open,0.82,98.8,0.7845,0.8575,0.82007687,107.83,0.7985,0.0,BTC-27DEC19-13000-P,7141.64,0.0,0.8125,2.0,0.8285,2.0,255.69,0.00146,-0.01147,-2.44883,0.0,-0.99996
7142.56,BTC-27DEC19,1576839542909,open,0.0,839.6,0.0005,0.0105,0.0,115.0,0.0005,0.0,BTC-27DEC19-18000-C,7141.64,0.0,0.0,0.0,0.0005,21.0,246.19,0.0,0.0,0.0,0.0,0.0
7142.56,BTC-27DEC19,1576839542910,open,0.68,73.0,0.6475,0.715,0.6800948,114.24,0.674,0.0,BTC-27DEC19-12000-P,7141.64,0.0,0.6725,2.0,0.6885,2.0,229.64,0.02117,-0.17586,-2.25971,0.0,-0.99938
7142.56,BTC-27DEC19,1576839542910,open,0.0,775.8,0.0005,0.0105,6.164e-05,115.0,0.0005,0.0,BTC-27DEC19-4500-P,7141.64,0.0,0.0,0.0,0.0005,21.3,143.56,0.04268,-0.35689,-0.00186,0.0,-0.00132
7264.39,SYN.BTC-26JUN20,1576839542910,open,1.24,5.0,1.178,1.3185,1.24040837,83.35,1.22,0.0,BTC-26JUN20-16000-P,7141.64,0.0,0.56,1.0,2.0,0.1,410.64,12.42877,-2.7425,-78.40882,5e-05,-0.84544
7264.39,SYN.BTC-26JUN20,1576839542910,open,0.07,373.0,0.0385,0.1185,0.07062802,77.67,0.071,0.0,BTC-26JUN20-12000-C,7141.64,77.19,0.0695,13.9,0.0745,1.0,79.29,17.21255,-3.539,7.41765,8e-05,0.26795
7142.56,BTC-27DEC19,1576839542910,open,0.0,110.2,0.0005,0.0105,0.00045839,115.0,0.0005,0.0,BTC-27DEC19-10500-C,7141.64,0.0,0.0,0.0,0.001,31.1,127.01,0.2402,-2.00872,0.0116,2e-05,0.00908
7142.56,BTC-27DEC19,1576839542910,open,0.0,1566.1,0.0005,0.0105,0.00049672,103.39,0.0005,0.0,BTC-27DEC19-10000-C,7141.64,0.0,0.0,0.0,0.001,68.1,113.41,0.27742,-2.08583,0.01374,3e-05,0.01071
7142.56,BTC-27DEC19,1576839542910,open,0.0,106.3,0.0005,0.0105,0.0,115.0,0.0005,0.0,BTC-27DEC19-2000-P,7141.64,0.0,0.0,0.0,0.0005,20.1,368.86,0.0,0.0,0.0,0.0,0.0
7142.56,BTC-27DEC19,1576839542910,open,0.0,1541.5,0.0005,0.0105,0.0,115.0,0.0005,0.0,BTC-27DEC19-52000-C,7141.64,0.0,0.0,0.0,0.0005,46.9,471.42,0.0,0.0,0.0,0.0,0.0
7142.56,BTC-27DEC19,1576839542910,open,0.0,1034.3,0.0005,0.0105,6e-08,115.0,0.0005,0.0,BTC-27DEC19-15000-C,7141.64,0.0,0.0,0.0,0.0005,72.0,203.92,9e-05,-0.00042,0.0,0.0,0.0
7142.56,BTC-27DEC19,1576839542910,open,0.3,75.1,0.286,0.317,0.30051454,115.03,0.3205,0.0,BTC-27DEC19-5000-C,7141.64,0.0,0.2995,0.1,0.3065,8.0,178.02,0.25433,-2.12739,0.9281,2e-05,0.9903
7142.56,BTC-27DEC19,1576839542910,open,0.0,690.8,0.0005,0.0105,0.0,115.0,0.0005,0.0,BTC-27DEC19-36000-C,7141.64,0.0,0.0,0.0,0.0005,10.0,396.59,0.0,0.0,0.0,0.0,0.0
7142.56,BTC-27DEC19,1576839542910,open,0.51,4.3,0.5,0.5195,0.50998037,128.82,0.5625,0.0,BTC-27DEC19-3500-C,7141.64,0.0,0.5035,10.0,0.516,10.0,313.75,0.0008,-0.00746,0.65929,0.0,0.99998
7264.39,SYN.BTC-26JUN20,1576839542910,open,0.02,69.2,0.004,0.0425,0.01514993,95.25,0.0155,0.0,BTC-26JUN20-26000-C,7141.64,93.37,0.0135,34.0,0.0175,31.0,97.74,6.58336,-1.66003,1.85376,3e-05,0.06446
7142.56,BTC-27DEC19,1576839542910,open,3.2,0.2,3.118,3.2855,3.20016885,0.0,2.51,0.0,BTC-27DEC19-30000-P,7141.64,0.0,0.0,0.0,0.0,0.0,0.0,0.0,0.0,-5.65126,0.0,-1.0
7264.39,SYN.BTC-26JUN20,1576839542910,open,0.37,107.3,0.3175,0.4365,0.37128854,73.52,0.4405,0.0,BTC-26JUN20-9000-P,7141.64,61.5,0.3375,6.0,0.394,2.0,81.48,20.642,-4.01719,-34.85563,0.0001,-0.55595
7169.62,SYN.BTC-31JAN20,1576839542909,open,0.4,0.0,0.3715,0.443,0.40428875,68.92,None,0.0,BTC-31JAN20-10000-P,7141.64,0.0,0.0015,10.0,0.0,0.0,0.0,4.11548,-3.38682,-10.76679,0.0001,-0.90466
7264.39,SYN.BTC-26JUN20,1576839542911,open,0.11,335.7,0.0755,0.1565,0.11087401,71.62,0.106,0.0,BTC-26JUN20-6000-P,7141.64,68.69,0.104,11.9,0.1125,21.9,72.31,17.10806,-3.24346,-14.12,9e-05,-0.26475
7264.39,SYN.BTC-26JUN20,1576839542911,open,0.37,0.0,0.339,0.408,0.37028616,72.27,None,0.0,BTC-26JUN20-5000-C,7141.64,57.16,0.345,7.0,0.4005,7.0,88.6,12.91668,-2.47113,17.50961,7e-05,0.83608
7142.56,BTC-27DEC19,1576839542911,open,0.0,961.6,0.0005,0.0105,0.0,115.0,0.001,0.0,BTC-27DEC19-30000-C,7141.64,0.0,0.0,0.0,0.0005,10.9,358.34,0.0,0.0,0.0,0.0,0.0
7142.56,BTC-27DEC19,1576839542911,open,1.1,211.0,1.059,1.143,1.10008448,0.0,0.959,0.0,BTC-27DEC19-15000-P,7141.64,0.0,1.0925,2.0,1.1085,2.0,300.48,0.0,0.0,-2.82563,0.0,-1.0
7213.06,BTC-27MAR20,1576839542911,open,2.61,0.0,2.535,2.6925,2.60832264,107.64,None,0.0,BTC-27MAR20-26000-P,7141.64,0.0,0.0015,10.0,0.0,0.0,0.0,1.93056,-1.06156,-69.37434,1e-05,-0.9784
7142.56,BTC-27DEC19,1576839542911,open,4.6,0.0,4.491,4.7145,4.60022513,0.0,2.58,0.0,BTC-27DEC19-40000-P,7141.64,0.0,0.001,1.0,0.0,0.0,0.0,0.0,0.0,-7.53501,0.0,-1.0
7142.56,BTC-27DEC19,1576839542911,open,0.0,1025.2,0.0005,0.0105,4.7e-07,115.0,0.0005,0.0,BTC-27DEC19-14000-C,7141.64,0.0,0.0,0.0,0.0005,10.0,187.54,0.00062,-0.00338,2e-05,0.0,1e-05
7142.56,BTC-27DEC19,1576839542911,open,0.0,833.8,0.0005,0.0105,3.41e-06,115.0,0.0005,0.0,BTC-27DEC19-4000-P,7141.64,0.0,0.0,0.0,0.0005,23.2,176.49,0.00343,-0.02436,-0.00012,0.0,-9e-05
7264.39,SYN.BTC-26JUN20,1576839542911,open,0.13,190.0,0.091,0.185,0.13236828,73.52,0.137,0.0,BTC-26JUN20-9000-C,7141.64,73.21,0.1315,12.4,0.1375,2.0,75.32,20.642,-4.01719,11.71646,0.0001,0.44405
7213.06,BTC-27MAR20,1576839542911,open,0.23,23.9,0.198,0.2665,0.22984678,68.54,0.186,0.0,BTC-27MAR20-6000-C,7141.64,64.91,0.224,16.0,0.232,1.0,69.87,11.69378,-4.09454,10.19358,0.00012,0.75686
7142.56,BTC-27DEC19,1576839542911,open,0.0,530.9,0.0005,0.0105,0.0,115.0,0.0005,0.0,BTC-27DEC19-32000-C,7141.64,0.0,0.0,0.0,0.0005,10.4,371.98,0.0,0.0,0.0,0.0,0.0
7264.39,SYN.BTC-26JUN20,1576839542911,open,3.13,0.0,3.0525,3.2485,3.14195903,99.35,None,0.0,BTC-26JUN20-30000-P,7141.64,0.0,0.002,1.0,0.0,0.0,0.0,5.54753,-1.45895,-153.75081,2e-05,-0.94815
7264.39,SYN.BTC-26JUN20,1576839542911,open,1.77,0.1,1.709,1.862,1.77738163,88.54,1.85,0.0,BTC-26JUN20-20000-P,7141.64,0.0,0.0,0.0,2.05,0.1,201.25,9.28852,-2.17717,-100.57884,4e-05,-0.89824
7213.06,BTC-27MAR20,1576839542911,open,3.16,0.0,3.078,3.256,3.1618727,112.7,None,0.0,BTC-27MAR20-30000-P,7141.64,0.0,0.0015,10.0,0.0,0.0,0.0,1.47589,-0.84973,-80.19413,1e-05,-0.98424
7142.56,BTC-27DEC19,1576839542911,open,0.0,394.4,0.0005,0.0105,1e-08,115.0,0.0005,0.0,BTC-27DEC19-16000-C,7141.64,0.0,0.0,0.0,0.0005,10.0,219.05,1e-05,-5e-05,0.0,0.0,0.0
7169.62,SYN.BTC-31JAN20,1576839542909,open,0.01,460.2,0.0005,0.0255,0.00952157,68.94,0.0095,0.0,BTC-31JAN20-10000-C,7141.64,68.02,0.009,1.0,0.01,20.0,69.76,4.11711,-3.38882,0.70636,0.0001,0.0954
7213.06,BTC-27MAR20,1576839542912,open,2.88,0.0,2.8065,2.974,2.88509824,110.54,None,0.0,BTC-27MAR20-28000-P,7141.64,0.0,0.0015,10.0,0.0,0.0,0.0,1.70117,-0.96061,-74.78563,1e-05,-0.98139
7213.06,BTC-27MAR20,1576839542912,open,0.96,59.0,0.9095,1.0155,0.95681956,83.3,0.877,0.0,BTC-27MAR20-14000-P,7141.64,0.0,0.4,0.5,1.255,0.5,249.67,6.22189,-2.64778,-36.04723,5e-05,-0.90686
7142.56,BTC-27DEC19,1576839542912,open,2.92,0.2,2.8435,3.0,2.92015759,0.0,2.2765,0.0,BTC-27DEC19-28000-P,7141.64,0.0,0.0,0.0,0.0,0.0,0.0,0.0,0.0,-5.27451,0.0,-1.0
7264.39,SYN.BTC-26JUN20,1576839542912,open,0.01,87.8,0.0025,0.0375,0.0122248,99.35,0.0125,0.0,BTC-26JUN20-30000-C,7141.64,98.38,0.0115,0.4,0.0135,30.0,100.96,5.54753,-1.45895,1.48948,2e-05,0.05185
7264.39,SYN.BTC-26JUN20,1576839542912,open,0.17,232.9,0.1245,0.219,0.16700314,71.76,0.174,0.0,BTC-26JUN20-8000-C,7141.64,71.41,0.166,11.7,0.1735,2.0,74.03,20.79447,-3.95043,13.5855,0.00011,0.52841
7264.39,SYN.BTC-26JUN20,1576839542912,open,0.97,13.4,0.9175,1.0535,0.97813061,80.83,1.1,0.0,BTC-26JUN20-14000-P,7141.64,0.0,0.5,3.0,1.25,0.1,182.2,14.67964,-3.14118,-66.79881,7e-05,-0.79887
7142.56,BTC-27DEC19,1576839542913,open,0.0,986.6,0.0005,0.0105,2.726e-05,115.0,0.0005,0.0,BTC-27DEC19-12000-C,7141.64,0.0,0.0,0.0,0.0005,33.0,150.0,0.02276,-0.19037,0.00086,0.0,0.00067
7169.62,SYN.BTC-31JAN20,1576839542911,open,0.02,727.1,0.005,0.0325,0.01459781,71.44,0.014,0.0,BTC-31JAN20-5500-P,7141.64,69.71,0.0135,50.0,0.015,2.5,72.06,4.62194,-3.94226,-1.0403,0.00011,-0.11187
7169.62,SYN.BTC-31JAN20,1576839542910,open,0.01,150.1,0.0005,0.0205,0.00679369,70.67,0.0085,0.0,BTC-31JAN20-10500-C,7141.64,68.87,0.006,62.0,0.0075,20.0,72.18,3.26812,-2.75757,0.52163,8e-05,0.07021
7147.92,SYN.BTC-3JAN20,1576839542907,open,0.01,92.8,0.001,0.0285,0.01055096,59.02,0.0105,0.0,BTC-3JAN20-8000-C,7141.64,56.92,0.0095,44.0,0.011,0.1,59.9,3.63773,-7.73658,0.45636,0.00032,0.17849
7169.62,SYN.BTC-31JAN20,1576839542910,open,0.19,10.5,0.164,0.218,0.18924649,67.64,0.1275,0.0,BTC-31JAN20-6000-C,7141.64,40.76,0.169,7.0,0.214,7.0,92.81,6.50863,-5.25619,5.13718,0.00016,0.81379
7169.62,SYN.BTC-31JAN20,1576839542909,open,0.02,451.9,0.007,0.0405,0.01822796,63.86,0.0185,0.0,BTC-31JAN20-9000-C,7141.64,62.42,0.017,14.0,0.0195,16.0,65.31,6.21033,-4.73515,1.27163,0.00016,0.17282
7169.62,SYN.BTC-31JAN20,1576839542911,open,0.61,0.0,0.574,0.649,0.60849541,76.86,None,0.0,BTC-31JAN20-11500-P,7141.64,0.0,0.0015,10.0,0.0,0.0,0.0,2.3438,-2.15101,-12.85221,5e-05,-0.95398
7169.62,SYN.BTC-31JAN20,1576839542912,open,0.31,0.0,0.2925,0.3335,0.31139055,78.18,None,0.0,BTC-31JAN20-5000-C,7141.64,0.0,0.3025,7.1,0.0,0.0,0.0,3.17663,-2.96548,5.10757,7e-05,0.93233
7169.62,SYN.BTC-31JAN20,1576839542909,open,0.01,182.3,0.003,0.0305,0.01254726,65.75,0.0145,0.0,BTC-31JAN20-9500-C,7141.64,64.22,0.0115,51.0,0.0135,20.0,67.1,4.98738,-3.91539,0.92155,0.00013,0.12458
7169.62,SYN.BTC-31JAN20,1576839542912,open,0.47,0.0,0.4385,0.51,0.47129923,70.65,None,0.0,BTC-31JAN20-10500-P,7141.64,0.0,0.0015,10.0,0.0,0.0,0.0,3.26603,-2.7551,-11.52522,8e-05,-0.92985
7169.62,SYN.BTC-31JAN20,1576839542912,open,0.54,0.0,0.506,0.5795,0.53975986,73.92,None,0.0,BTC-31JAN20-11000-P,7141.64,0.0,0.0015,10.0,0.0,0.0,0.0,2.76128,-2.4371,-12.20023,6e-05,-0.94345
7169.62,SYN.BTC-31JAN20,1576839542911,open,0.27,10.4,0.242,0.313,0.27351842,63.85,0.272,0.0,BTC-31JAN20-9000-P,7141.64,0.0,0.0665,0.1,0.0,0.0,0.0,6.20947,-4.7339,-9.05414,0.00016,-0.82721
7169.62,SYN.BTC-31JAN20,1576839542911,open,0.34,4.8,0.3055,0.3755,0.33757608,65.74,0.3445,0.0,BTC-31JAN20-9500-P,7141.64,0.0,0.0015,10.0,0.0,0.0,0.0,4.9861,-3.91376,-9.97792,0.00013,-0.87546
7169.62,SYN.BTC-31JAN20,1576839542911,open,0.04,213.4,0.0245,0.075,0.04121853,61.14,0.042,0.0,BTC-31JAN20-8000-C,7141.64,59.34,0.039,42.0,0.0425,2.0,62.18,8.84916,-6.46019,2.41807,0.00025,0.33519
7169.62,SYN.BTC-31JAN20,1576839542911,open,0.01,233.8,0.0005,0.018,0.00551597,73.94,0.006,0.0,BTC-31JAN20-11000-C,7141.64,72.57,0.005,22.0,0.006,20.0,75.17,2.7637,-2.43997,0.42028,6e-05,0.05661
7169.62,SYN.BTC-31JAN20,1576839542911,open,0.07,234.0,0.043,0.1,0.06331248,61.14,0.061,0.0,BTC-31JAN20-7500-C,7141.64,59.05,0.0605,15.0,0.063,0.5,60.91,9.6254,-7.0269,3.21875,0.00027,0.45462
7169.62,SYN.BTC-31JAN20,1576839542912,open,0.01,354.7,0.0005,0.0225,0.00877414,78.18,0.0085,0.0,BTC-31JAN20-5000-P,7141.64,76.39,0.008,39.9,0.0095,20.0,79.78,3.17598,-2.96454,-0.62864,7e-05,-0.06765
7169.62,SYN.BTC-31JAN20,1576839542913,open,0.0,34.7,0.0005,0.016,0.00451316,76.89,0.0055,0.0,BTC-31JAN20-11500-C,7141.64,75.27,0.004,18.0,0.005,20.0,78.33,2.34653,-2.15428,0.34198,5e-05,0.04609
127.01,ETH-27DEC19,1576839543017,open,0.0,200.0,0.001,0.011,0.000916,120.0,0.003,0.0,ETH-27DEC19-90-P,126.94,121.59,0.001,300.0,0.002,650.0,136.09,0.00655,-0.05715,-0.00038,0.0018,-0.01486
7147.92,SYN.BTC-3JAN20,1576839543795,open,0.06,1.3,0.0345,0.0835,0.05586668,58.18,0.056,0.0,BTC-3JAN20-7000-C,7141.64,55.04,0.0535,16.9,0.057,10.0,59.68,5.40073,-11.32306,1.46566,0.00048,0.59525
7169.62,SYN.BTC-31JAN20,1576839543806,open,0.04,495.3,0.0245,0.073,0.0429113,63.21,0.0465,0.0,BTC-31JAN20-6500-P,7141.64,61.99,0.0415,16.0,0.044,12.0,64.16,8.25887,-6.23334,-2.70575,0.00022,-0.28604
7169.62,SYN.BTC-31JAN20,1576839543808,open,0.04,495.3,0.0245,0.073,0.0429113,63.21,0.0465,0.0,BTC-31JAN20-6500-P,7141.64,61.99,0.0415,31.0,0.044,12.0,64.16,8.25887,-6.23334,-2.70575,0.00022,-0.28604
128.01,ETH-27MAR20,1576839543905,open,0.03,7522.0,0.01,0.06,0.029404,93.25,0.028,0.0,ETH-27MAR20-240-C,126.94,91.17,0.027,300.0,0.032,300.0,95.42,0.15076,-0.07182,0.03952,0.00368,0.14454
127.01,ETH-27DEC19,1576839543905,open,1.52,100.0,1.447,1.597,1.519487,120.0,0.883,0.0,ETH-27DEC19-320-P,126.94,0.0,0.011,5.0,0.0,0.0,0.0,0.0,0.0,-0.06028,0.0,-1.0
127.01,ETH-27DEC19,1576839543907,open,0.34,1.0,0.3,0.385,0.339921,106.38,0.283,0.0,ETH-27DEC19-170-P,126.94,0.0,0.001,10.0,1.442,10.0,500.0,0.01093,-0.08454,-0.03141,0.00338,-0.97281
128.01,ETH-27MAR20,1576839543958,open,0.0,5151.0,0.001,0.012,0.002705,120.0,0.004,0.0,ETH-27MAR20-600-C,126.94,121.47,0.003,528.0,0.004,2.0,125.79,0.02482,-0.01521,0.00415,0.00047,0.0148
129.0,SYN.ETH-26JUN20,1576839543961,open,0.16,174.0,0.108,0.217,0.162212,84.09,0.173,0.0,ETH-26JUN20-160-C,126.94,82.27,0.157,483.0,0.169,483.0,86.46,0.36967,-0.08229,0.21122,0.00511,0.47863
129.0,SYN.ETH-26JUN20,1576839543963,open,0.02,133.0,0.004,0.042,0.016312,106.88,0.022,0.0,ETH-26JUN20-560-C,126.94,104.18,0.014,140.0,0.019,140.0,109.74,0.11571,-0.03274,0.03158,0.00126,0.06362
129.0,SYN.ETH-26JUN20,1576839543963,open,3.35,0.0,3.22,3.513,3.357398,106.88,None,0.0,ETH-26JUN20-560-P,126.94,0.0,0.01,50.0,0.0,0.0,0.0,0.11571,-0.03274,-2.86624,0.00126,-0.93638
129.0,SYN.ETH-26JUN20,1576839543963,open,0.13,1977.0,0.083,0.189,0.134559,86.66,0.127,0.0,ETH-26JUN20-180-C,126.94,83.95,0.127,489.0,0.145,279.0,90.38,0.36114,-0.08285,0.18512,0.00484,0.41188
128.01,ETH-27MAR20,1576839543963,open,0.34,3922.0,0.281,0.406,0.342081,83.51,0.32,0.0,ETH-27MAR20-160-P,126.94,67.88,0.312,326.0,0.375,26.0,99.9,0.25285,-0.10787,-0.32948,0.00689,-0.61775
129.0,SYN.ETH-26JUN20,1576839543963,open,3.97,0.0,3.82,4.146,3.97411,109.58,None,0.0,ETH-26JUN20-640-P,126.94,0.0,0.011,1.0,0.0,0.0,0.0,0.09683,-0.02809,-3.28651,0.00103,-0.94926
127.01,ETH-27DEC19,1576839543965,open,0.73,2830.0,0.682,0.786,0.732171,120.0,0.65,0.0,ETH-27DEC19-220-P,126.94,0.0,0.001,9.0,0.0,0.0,0.0,0.00035,-0.00305,-0.04143,0.0001,-0.99943
127.01,ETH-27DEC19,1576839543965,open,0.49,0.0,0.453,0.545,0.496421,120.0,0.438,0.0,ETH-27DEC19-190-P,126.94,0.0,0.17,30.0,0.0,0.0,0.0,0.00426,-0.0372,-0.03559,0.00117,-0.99094
127.01,ETH-27DEC19,1576839543965,open,0.18,1240.0,0.148,0.225,0.184537,80.81,0.186,0.0,ETH-27DEC19-150-P,126.94,0.0,0.16,22.0,0.212,22.0,160.46,0.0245,-0.14395,-0.02656,0.00998,-0.92571
127.39,SYN.ETH-31JAN20,1576839543965,open,0.89,0.0,0.831,0.955,0.889363,99.87,None,0.0,ETH-31JAN20-240-P,126.94,0.0,0.01,50.0,0.0,0.0,0.0,0.04037,-0.04813,-0.26967,0.00217,-0.95573
129.0,SYN.ETH-26JUN20,1576839543967,open,0.03,1119.0,0.009,0.063,0.028883,99.25,0.036,0.0,ETH-26JUN20-400-C,126.94,97.06,0.026,140.0,0.032,2.0,101.5,0.17416,-0.04576,0.05396,0.00204,0.10971
129.0,SYN.ETH-26JUN20,1576839543967,open,0.02,625.0,0.003,0.036,0.01287,109.58,0.013,0.0,ETH-26JUN20-640-C,126.94,106.97,0.011,140.0,0.015,140.0,112.29,0.09683,-0.02809,0.02528,0.00103,0.05074
128.01,ETH-27MAR20,1576839543967,open,0.28,1.0,0.24,0.319,0.280486,80.16,0.337,0.0,ETH-27MAR20-100-C,126.94,76.46,0.275,1.0,0.311,44.0,99.95,0.19165,-0.07848,0.1745,0.00544,0.78886
127.39,SYN.ETH-31JAN20,1576839543967,open,0.01,753.0,0.001,0.028,0.010914,88.7,0.015,0.0,ETH-31JAN20-200-C,126.94,86.98,0.01,30.0,0.012,460.0,90.66,0.06912,-0.0732,0.01132,0.00418,0.08836
127.39,SYN.ETH-31JAN20,1576839543967,open,0.58,0.0,0.529,0.639,0.580839,88.7,None,0.0,ETH-31JAN20-200-P,126.94,0.0,0.01,50.0,0.0,0.0,0.0,0.06912,-0.0732,-0.21814,0.00418,-0.91164
129.0,SYN.ETH-26JUN20,1576839543969,open,0.09,803.0,0.046,0.14,0.089443,88.06,0.1,0.0,ETH-26JUN20-220-C,126.94,86.27,0.085,467.0,0.096,467.0,90.66,0.32238,-0.07515,0.14018,0.00425,0.29945
129.0,SYN.ETH-26JUN20,1576839543969,open,2.74,0.0,2.619,2.88,2.741648,103.01,None,0.0,ETH-26JUN20-480-P,126.94,0.0,0.01,50.0,0.0,0.0,0.0,0.13843,-0.03775,-2.44403,0.00156,-0.91964
129.0,SYN.ETH-26JUN20,1576839543969,open,3.04,0.0,2.92,3.197,3.049655,105.4,None,0.0,ETH-26JUN20-520-P,126.94,0.0,0.01,50.0,0.0,0.0,0.0,0.1276,-0.0356,-2.65508,0.00141,-0.9278
128.01,ETH-27MAR20,1576839543970,open,0.02,1037.0,0.01,0.047,0.024694,84.62,0.031,0.0,ETH-27MAR20-80-P,126.94,82.71,0.023,300.0,0.027,100.0,87.15,0.11481,-0.04963,-0.04219,0.00309,-0.09821
128.01,ETH-27MAR20,1576839543971,open,1.2,161.0,1.131,1.293,1.207272,98.49,1.397,0.0,ETH-27MAR20-280-P,126.94,0.0,0.002,50.0,0.0,0.0,0.0,0.11663,-0.05868,-0.72323,0.00269,-0.89965
129.0,SYN.ETH-26JUN20,1576839543976,open,0.79,0.0,0.712,0.884,0.794869,88.06,None,0.0,ETH-26JUN20-220-P,126.94,0.0,0.705,50.0,0.0,0.0,0.0,0.32238,-0.07515,-0.99824,0.00425,-0.70055
128.01,ETH-27MAR20,1576839543976,open,0.75,30.0,0.687,0.831,0.755453,90.34,0.306,0.0,ETH-27MAR20-220-P,126.94,0.0,0.001,9.0,0.0,0.0,0.0,0.17262,-0.07967,-0.54153,0.00435,-0.82216
128.01,ETH-27MAR20,1576839543976,open,0.06,1889.0,0.03,0.101,0.062081,83.51,0.083,0.0,ETH-27MAR20-180-C,126.94,81.74,0.059,286.0,0.064,40.0,84.6,0.22455,-0.0958,0.07607,0.00612,0.28368
127.01,ETH-27DEC19,1576839543978,open,0.42,4507.0,0.376,0.466,0.418417,120.0,0.432,0.0,ETH-27DEC19-180-P,126.94,0.0,0.001,9.0,1.2,5.0,500.0,0.00877,-0.07657,-0.03344,0.00241,-0.97906
129.0,SYN.ETH-26JUN20,1576839543978,open,0.94,4.0,0.851,1.029,0.93632,89.53,0.934,0.0,ETH-26JUN20-240-P,126.94,0.0,0.01,50.0,0.0,0.0,0.0,0.30128,-0.07141,-1.11869,0.00391,-0.73953
128.01,ETH-27MAR20,1576839543978,open,0.0,1222.0,0.001,0.012,0.002017,120.0,0.003,0.0,ETH-27MAR20-640-C,126.94,125.51,0.003,300.0,0.004,300.0,129.92,0.01969,-0.01207,0.0032,0.00037,0.01133
129.0,SYN.ETH-26JUN20,1576839543980,open,0.02,247.0,0.009,0.042,0.02213,87.05,0.017,0.0,ETH-26JUN20-60-P,126.94,80.92,0.017,300.0,0.026,300.0,91.29,0.11388,-0.02624,-0.05638,0.00152,-0.06233
127.39,SYN.ETH-31JAN20,1576839543980,open,0.43,25.0,0.38,0.484,0.429304,81.44,0.35,0.0,ETH-31JAN20-180-P,126.94,0.0,0.012,5.0,0.0,0.0,0.0,0.09243,-0.08988,-0.18956,0.0061,-0.86762
128.01,ETH-27MAR20,1576839543982,open,0.61,747.0,0.543,0.678,0.607689,85.89,0.57,0.0,ETH-27MAR20-200-P,126.94,0.0,0.001,9.0,0.0,0.0,0.0,0.19495,-0.08554,-0.47722,0.00517,-0.78257
128.01,ETH-27MAR20,1576839543982,open,0.19,118.0,0.141,0.228,0.185082,76.35,0.19,0.0,ETH-27MAR20-120-C,126.94,61.33,0.156,47.0,0.207,47.0,87.69,0.24776,-0.09663,0.1565,0.00739,0.64099
127.39,SYN.ETH-31JAN20,1576839543982,open,0.01,824.0,0.001,0.018,0.005453,99.87,0.006,0.0,ETH-31JAN20-240-C,126.94,94.85,0.004,620.0,0.007,1080.0,104.39,0.04037,-0.04813,0.00567,0.00217,0.04427
127.01,ETH-27DEC19,1576839543984,open,0.22,1.0,0.189,0.244,0.216012,110.88,0.276,0.0,ETH-27DEC19-100-C,126.94,0.0,0.001,9.0,0.23,32.0,173.33,0.01791,-0.14441,0.01757,0.00532,0.95024
129.0,SYN.ETH-26JUN20,1576839543984,open,0.02,308.0,0.003,0.039,0.014278,108.09,0.017,0.0,ETH-26JUN20-600-C,126.94,105.14,0.012,140.0,0.017,140.0,111.27,0.10492,-0.03002,0.02795,0.00113,0.05614
129.0,SYN.ETH-26JUN20,1576839543986,open,0.06,547.0,0.024,0.1,0.056243,92.14,0.066,0.0,ETH-26JUN20-280-C,126.94,90.01,0.052,476.0,0.062,296.0,94.94,0.26064,-0.06358,0.09669,0.00328,0.20108
129.0,SYN.ETH-26JUN20,1576839543986,open,1.52,0.0,1.429,1.632,1.524389,94.76,1.06,0.0,ETH-26JUN20-320-P,126.94,0.0,0.015,2.0,0.0,0.0,0.0,0.22635,-0.05678,-1.5779,0.00277,-0.83938
129.0,SYN.ETH-26JUN20,1576839543986,open,0.19,1252.0,0.137,0.249,0.191353,82.28,0.197,0.0,ETH-26JUN20-120-P,126.94,76.08,0.175,249.0,0.195,459.0,83.67,0.33922,-0.07389,-0.35331,0.00479,-0.33793
127.01,ETH-27DEC19,1576839543986,open,0.57,3511.0,0.529,0.625,0.57486,120.0,0.726,0.0,ETH-27DEC19-200-P,126.94,0.0,0.025,5.0,0.0,0.0,0.0,0.00195,-0.01698,-0.03759,0.00053,-0.99626
128.01,ETH-27MAR20,1576839543986,open,0.04,1225.0,0.014,0.07,0.036837,90.34,0.035,0.0,ETH-27MAR20-220-C,126.94,88.21,0.034,1.0,0.04,598.0,92.65,0.17262,-0.07967,0.0484,0.00435,0.17784
127.01,ETH-27DEC19,1576839543988,open,0.89,2287.0,0.835,0.948,0.889618,120.0,1.068,0.0,ETH-27DEC19-240-P,126.94,0.0,0.001,15.0,0.0,0.0,0.0,5e-05,-0.00048,-0.04521,1e-05,-0.99992
127.01,ETH-27DEC19,1576839543988,open,0.26,13324.0,0.224,0.306,0.262383,97.95,0.302,0.0,ETH-27DEC19-160-P,126.94,0.0,0.237,20.0,0.289,20.0,188.11,0.01782,-0.12692,-0.02902,0.00599,-0.95056
127.01,ETH-27DEC19,1576839543988,open,0.01,4822.0,0.001,0.016,0.003528,80.81,0.004,0.0,ETH-27DEC19-150-C,126.94,77.96,0.003,220.0,0.004,100.0,83.18,0.0245,-0.14395,0.00169,0.00998,0.07429
127.39,SYN.ETH-31JAN20,1576839543988,open,0.03,1204.0,0.009,0.048,0.024912,80.81,0.026,0.0,ETH-31JAN20-100-P,126.94,77.12,0.022,488.0,0.026,100.0,82.16,0.10218,-0.09859,-0.02608,0.00679,-0.15354
129.0,SYN.ETH-26JUN20,1576839543990,open,1.22,0.0,1.137,1.327,1.226785,92.14,None,0.0,ETH-26JUN20-280-P,126.94,0.0,0.011,3.0,0.0,0.0,0.0,0.26064,-0.06358,-1.35222,0.00328,-0.79892
129.0,SYN.ETH-26JUN20,1576839543990,open,2.13,0.0,2.022,2.252,2.129658,99.25,None,0.0,ETH-26JUN20-400-P,126.94,0.0,0.01,50.0,0.0,0.0,0.0,0.17416,-0.04576,-2.01591,0.00204,-0.89029
129.0,SYN.ETH-26JUN20,1576839543990,open,0.53,372.0,0.453,0.61,0.529908,86.66,0.53,0.0,ETH-26JUN20-180-P,126.94,69.08,0.482,210.0,0.574,200.0,102.21,0.36114,-0.08285,-0.74632,0.00484,-0.58812
128.01,ETH-27MAR20,1576839543990,open,0.9,118.0,0.834,0.983,0.904257,93.25,0.978,0.0,ETH-27MAR20-240-P,126.94,0.0,0.004,9.0,0.0,0.0,0.0,0.15076,-0.07182,-0.60404,0.00368,-0.85546
129.0,SYN.ETH-26JUN20,1576839543990,open,0.04,753.0,0.012,0.072,0.034934,97.0,0.033,0.0,ETH-26JUN20-360-C,126.94,94.35,0.031,480.0,0.04,480.0,100.2,0.19728,-0.05066,0.06408,0.00236,0.13093
129.0,SYN.ETH-26JUN20,1576839543990,open,1.82,1.0,1.724,1.94,1.825631,97.0,1.827,0.0,ETH-26JUN20-360-P,126.94,0.0,0.015,2.0,0.0,0.0,0.0,0.19728,-0.05066,-1.7988,0.00236,-0.86907
127.39,SYN.ETH-31JAN20,1576839543990,open,0.73,1.0,0.679,0.796,0.734349,94.35,0.739,0.0,ETH-31JAN20-220-P,126.94,0.0,0.01,50.0,0.0,0.0,0.0,0.0518,-0.05836,-0.24463,0.00295,-0.9394
128.01,ETH-27MAR20,1576839543992,open,1.51,10.0,1.432,1.608,1.514448,103.37,1.59,0.0,ETH-27MAR20-320-P,126.94,0.0,0.011,5.0,0.0,0.0,0.0,0.09323,-0.04923,-0.83759,0.00205,-0.92563
127.01,ETH-27DEC19,1576839543992,open,1.36,1.0,1.294,1.435,1.362019,120.0,0.494,0.0,ETH-27DEC19-300-P,126.94,0.0,0.02,50.0,0.0,0.0,0.0,0.0,0.0,-0.05651,0.0,-1.0
129.0,SYN.ETH-26JUN20,1576839543992,open,0.66,245.0,0.578,0.742,0.65791,86.75,0.71,0.0,ETH-26JUN20-200-P,126.94,0.0,0.001,10.0,0.695,1.0,100.35,0.34301,-0.07877,-0.87439,0.00459,-0.65198
129.0,SYN.ETH-26JUN20,1576839543992,open,0.29,1311.0,0.224,0.354,0.288045,82.46,0.279,0.0,ETH-26JUN20-140-P,126.94,73.65,0.263,210.0,0.301,210.0,87.04,0.36557,-0.0798,-0.48397,0.00515,-0.43697
128.01,ETH-27MAR20,1576839543994,open,3.68,0.0,3.551,3.842,3.689838,120.0,None,0.0,ETH-27MAR20-600-P,126.94,0.0,0.03,50.0,0.0,0.0,0.0,0.02482,-0.01521,-1.60476,0.00047,-0.9852
127.39,SYN.ETH-31JAN20,1576839543994,open,0.01,528.0,0.001,0.022,0.007432,94.35,0.01,0.0,ETH-31JAN20-220-C,126.94,90.62,0.006,620.0,0.009,1080.0,98.0,0.0518,-0.05836,0.00777,0.00295,0.0606
127.39,SYN.ETH-31JAN20,1576839543994,open,1.04,0.0,0.983,1.114,1.044652,103.19,None,0.0,ETH-31JAN20-260-P,126.94,0.0,0.01,50.0,0.0,0.0,0.0,0.03017,-0.03717,-0.29431,0.00157,-0.969
129.0,SYN.ETH-26JUN20,1576839543996,open,0.05,1006.0,0.028,0.086,0.054194,82.46,0.05,0.0,ETH-26JUN20-80-P,126.94,75.78,0.044,293.0,0.059,543.0,85.51,0.20171,-0.04403,-0.12644,0.00284,-0.13522
127.01,ETH-27DEC19,1576839543996,open,1.04,944.0,0.988,1.11,1.047083,120.0,1.042,0.0,ETH-27DEC19-260-P,126.94,0.0,0.001,9.0,0.0,0.0,0.0,1e-05,-7e-05,-0.04898,0.0,-0.99999
129.0,SYN.ETH-26JUN20,1576839543998,open,0.56,1.0,0.532,0.583,0.557014,87.05,0.69,0.0,ETH-26JUN20-60-C,126.94,0.0,0.01,50.0,0.0,0.0,0.0,0.11388,-0.02624,0.2541,0.00152,0.93767
128.01,ETH-27MAR20,1576839543998,open,2.13,5.0,2.037,2.246,2.13461,113.15,2.004,0.0,ETH-27MAR20-400-P,126.94,0.0,0.046,50.0,0.0,0.0,0.0,0.06761,-0.03908,-1.05907,0.00136,-0.95069
129.0,SYN.ETH-26JUN20,1576839543998,open,3.66,0.0,3.52,3.829,3.665441,108.09,None,0.0,ETH-26JUN20-600-P,126.94,0.0,0.01,50.0,0.0,0.0,0.0,0.10492,-0.03002,-3.07686,0.00113,-0.94386
127.01,ETH-27DEC19,1576839544000,open,1.2,310.0,1.141,1.272,1.204551,120.0,0.49,0.0,ETH-27DEC19-280-P,126.94,0.0,0.003,9.0,0.0,0.0,0.0,0.0,-1e-05,-0.05275,0.0,-1.0
128.01,ETH-27MAR20,1576839544000,open,0.0,885.0,0.001,0.014,0.003663,120.0,0.004,0.0,ETH-27MAR20-560-C,126.94,117.11,0.003,520.0,0.006,600.0,127.98,0.0314,-0.01925,0.00543,0.0006,0.01949
129.0,SYN.ETH-26JUN20,1576839544002,open,2.43,0.0,2.32,2.566,2.435497,101.53,None,0.0,ETH-26JUN20-440-P,126.94,0.0,0.01,50.0,0.0,0.0,0.0,0.156,-0.04193,-2.23036,0.00178,-0.9057
129.0,SYN.ETH-26JUN20,1576839544006,open,0.4,839.0,0.331,0.476,0.402522,84.09,0.394,0.0,ETH-26JUN20-160-P,126.94,75.16,0.377,210.0,0.417,237.0,89.14,0.36967,-0.08229,-0.61673,0.00511,-0.52137
129.0,SYN.ETH-26JUN20,1576839544006,open,0.11,528.0,0.071,0.159,0.11273,82.46,0.1,0.0,ETH-26JUN20-100-P,126.94,78.49,0.104,274.0,0.115,524.0,83.49,0.28447,-0.0621,-0.23143,0.00401,-0.23396
127.01,ETH-27DEC19,1576839544006,open,0.02,6847.0,0.003,0.042,0.017779,74.0,0.019,0.0,ETH-27DEC19-120-P,126.94,72.28,0.017,10.0,0.018,6.0,74.49,0.05775,-0.31076,-0.00691,0.02568,-0.27101
128.01,ETH-27MAR20,1576839544006,open,0.13,1362.0,0.08,0.168,0.122509,76.35,0.139,0.0,ETH-27MAR20-120-P,126.94,76.6,0.123,555.0,0.13,10.0,80.22,0.24776,-0.09663,-0.16529,0.00739,-0.35901
128.01,ETH-27MAR20,1576839544006,open,0.47,1550.0,0.405,0.535,0.468221,83.51,0.47,0.0,ETH-27MAR20-180-P,126.94,65.48,0.439,40.0,0.506,300.0,103.89,0.22455,-0.0958,-0.40661,0.00612,-0.71632
129.0,SYN.ETH-26JUN20,1576839544008,open,0.02,110.0,0.005,0.047,0.018647,105.4,0.024,0.0,ETH-26JUN20-520-C,126.94,102.6,0.016,140.0,0.022,140.0,108.63,0.1276,-0.0356,0.03575,0.00141,0.0722
127.39,SYN.ETH-31JAN20,1576839544008,open,0.24,0.0,0.207,0.272,0.23995,80.81,None,0.0,ETH-31JAN20-100-C,126.94,59.51,0.225,39.0,0.263,38.0,106.99,0.10218,-0.09859,0.08865,0.00679,0.84646
127.01,ETH-27DEC19,1576839544251,open,0.26,13324.0,0.224,0.306,0.262383,97.95,0.302,0.0,ETH-27DEC19-160-P,126.94,0.0,0.239,20.0,0.289,20.0,188.11,0.01782,-0.12692,-0.02902,0.00599,-0.95056
127.01,ETH-27DEC19,1576839544369,open,0.26,13324.0,0.224,0.306,0.262383,97.95,0.302,0.0,ETH-27DEC19-160-P,126.94,0.0,0.238,20.0,0.289,20.0,188.11,0.01782,-0.12692,-0.02902,0.00599,-0.95056
7142.42,BTC-27DEC19,1576839544437,open,0.01,1117.2,0.002,0.031,0.01229138,55.48,0.0115,0.0,BTC-27DEC19-7500-C,7141.64,53.74,0.0115,27.5,0.013,20.1,57.03,3.25986,-13.15281,0.35092,0.00061,0.27311
7169.54,SYN.BTC-31JAN20,1576839544441,open,0.07,135.9,0.0485,0.1085,0.07020739,61.14,0.071,0.0,BTC-31JAN20-7000-P,7141.64,60.22,0.069,12.0,0.0715,10.0,62.12,9.45826,-6.90423,-3.97695,0.00026,-0.41328
7142.42,BTC-27DEC19,1576839544481,open,3.48,0.3,3.3925,3.5715,3.48018638,0.0,2.744,0.0,BTC-27DEC19-32000-P,7141.64,0.0,0.0,0.0,0.0,0.0,0.0,0.0,0.0,-6.02801,0.0,-1.0
127.09,SYN.ETH-3JAN20,1576839544624,open,0.05,50.0,0.018,0.073,0.043939,69.5,0.045,0.0,ETH-3JAN20-130-C,126.94,64.41,0.04,680.0,0.046,300.0,72.16,0.09837,-0.24635,0.02012,0.02305,0.46038
127.09,SYN.ETH-3JAN20,1576839544624,open,0.12,0.0,0.085,0.163,0.122609,71.37,None,0.0,ETH-3JAN20-140-P,126.94,63.96,0.118,40.0,0.126,40.0,76.59,0.08127,-0.20901,-0.0414,0.01855,-0.73429
127.09,SYN.ETH-3JAN20,1576839544624,open,0.01,5.0,0.001,0.022,0.007217,93.86,0.008,0.0,ETH-3JAN20-100-P,126.94,93.11,0.007,5.0,0.008,295.0,96.49,0.03703,-0.12526,-0.00424,0.00643,-0.08056
127.09,SYN.ETH-3JAN20,1576839544624,open,0.01,309.0,0.001,0.027,0.009681,73.86,0.011,0.0,ETH-3JAN20-150-C,126.94,69.85,0.008,799.0,0.011,79.0,76.82,0.05523,-0.14701,0.00631,0.01218,0.1403
127.09,SYN.ETH-3JAN20,1576839544624,open,0.01,20.0,0.003,0.034,0.013955,80.17,0.014,0.0,ETH-3JAN20-110-P,126.94,75.92,0.012,160.0,0.015,460.0,82.37,0.05985,-0.17289,-0.00832,0.01216,-0.1582
127.09,SYN.ETH-3JAN20,1576839544624,open,0.02,121.0,0.005,0.045,0.021001,71.37,0.02,0.0,ETH-3JAN20-140-C,126.94,66.6,0.018,744.0,0.023,460.0,74.46,0.08127,-0.20901,0.01182,0.01855,0.26571
127.09,SYN.ETH-3JAN20,1576839544624,open,0.03,0.0,0.01,0.059,0.031356,72.53,None,0.0,ETH-3JAN20-120-P,126.94,70.57,0.03,7.0,0.033,300.0,74.89,0.08825,-0.23063,-0.01682,0.01982,-0.31687
127.09,SYN.ETH-3JAN20,1576839544624,open,0.22,0.0,0.192,0.249,0.220354,93.86,None,0.0,ETH-3JAN20-100-C,126.94,0.0,0.0,0.0,0.0,0.0,0.0,0.03703,-0.12526,0.03377,0.00643,0.91944
127.09,SYN.ETH-3JAN20,1576839544624,open,0.26,0.0,0.224,0.309,0.264638,80.87,None,0.0,ETH-3JAN20-160-P,126.94,0.0,0.0,0.0,0.0,0.0,0.0,0.03806,-0.11091,-0.05706,0.00766,-0.91647
127.09,SYN.ETH-3JAN20,1576839544624,open,0.19,0.0,0.151,0.232,0.189975,73.86,None,0.0,ETH-3JAN20-150-P,126.94,0.0,0.0,0.0,0.0,0.0,0.0,0.05523,-0.14701,-0.05071,0.01218,-0.8597
127.09,SYN.ETH-3JAN20,1576839544624,open,0.01,100.0,0.001,0.019,0.005657,80.87,0.006,0.0,ETH-3JAN20-160-C,126.94,78.61,0.005,300.0,0.007,200.0,85.12,0.03806,-0.11091,0.00376,0.00766,0.08353
129.0,SYN.ETH-26JUN20,1576839544648,open,0.26,171.0,0.207,0.312,0.261114,82.28,0.276,0.0,ETH-26JUN20-120-C,126.94,67.87,0.223,50.0,0.278,210.0,88.72,0.33922,-0.07389,0.26765,0.00479,0.66207
7147.79,SYN.BTC-3JAN20,1576839545427,open,0.23,0.0,0.216,0.2545,0.2338973,84.19,None,0.0,BTC-3JAN20-5500-C,7141.64,0.0,0.2305,0.1,0.0,0.0,0.0,1.35896,-4.12248,1.95505,8e-05,0.95338
7212.87,BTC-27MAR20,1576839545930,open,0.01,507.5,0.0005,0.023,0.00661391,97.54,0.0075,0.0,BTC-27MAR20-20000-C,7141.83,94.82,0.0055,42.1,0.0075,10.0,99.5,3.12955,-1.55937,0.6195,2e-05,0.03864
7212.87,BTC-27MAR20,1576839545930,open,0.0,115.2,0.0005,0.0165,0.00375461,107.66,0.004,0.0,BTC-27MAR20-26000-C,7141.83,104.62,0.003,30.0,0.0045,11.0,110.27,1.93217,-1.06264,0.34566,1e-05,0.02163
7212.87,BTC-27MAR20,1576839545930,open,0.0,73.2,0.0005,0.015,0.0032558,110.56,0.0025,0.0,BTC-27MAR20-28000-C,7141.83,107.06,0.0025,30.0,0.004,44.0,113.49,1.70298,-0.96185,0.29745,1e-05,0.01863
7264.39,SYN.BTC-26JUN20,1576839545931,open,0.02,33.8,0.0065,0.0515,0.02030682,90.94,0.021,0.0,BTC-26JUN20-22000-C,7141.83,89.76,0.019,29.0,0.0225,0.1,92.83,8.19323,-1.97248,2.46426,3e-05,0.08586
7142.5,BTC-27DEC19,1576839545931,open,0.01,1061.9,0.0005,0.0225,0.00685483,66.65,0.0065,0.0,BTC-27DEC19-6500-P,7141.83,65.48,0.0065,0.1,0.0075,25.2,68.72,2.19178,-10.62332,-0.19884,0.00034,-0.14093
7142.5,BTC-27DEC19,1576839545931,open,0.04,388.4,0.0205,0.066,0.04178543,56.81,0.0405,0.0,BTC-27DEC19-7000-C,7141.83,54.35,0.0405,10.0,0.0425,15.0,58.17,3.74162,-15.45731,0.77385,0.00069,0.61694
7169.49,SYN.BTC-31JAN20,1576839545952,open,0.16,27.9,0.129,0.2,0.15704592,61.14,0.138,0.0,BTC-31JAN20-8000-P,7141.83,31.21,0.1245,6.0,0.163,2.0,65.91,8.84844,-6.45901,-6.76055,0.00025,-0.66487
7169.49,SYN.BTC-31JAN20,1576839545963,open,0.25,2.0,0.2255,0.273,0.24747081,71.45,0.257,0.0,BTC-31JAN20-5500-C,7141.83,40.06,0.234,7.0,0.269,7.0,99.63,4.62357,-3.94457,5.26917,0.00011,0.88807
127.01,ETH-27DEC19,1576839546019,open,0.29,0.0,0.27,0.315,0.29231,120.0,None,0.0,ETH-27DEC19-90-C,126.94,0.0,0.0,0.0,0.0,0.0,0.0,0.00655,-0.05715,0.01658,0.0018,0.98514
127.01,ETH-27DEC19,1576839546905,open,0.11,4828.0,0.075,0.15,0.111476,72.9,0.112,0.0,ETH-27DEC19-140-P,126.94,62.39,0.108,40.0,0.116,40.0,84.74,0.04541,-0.24076,-0.02233,0.0205,-0.82204
129.0,SYN.ETH-26JUN20,1576839546905,open,0.03,667.0,0.007,0.056,0.024644,101.53,0.029,0.0,ETH-26JUN20-440-C,126.94,99.28,0.022,140.0,0.028,140.0,104.21,0.156,-0.04193,0.0465,0.00178,0.0943
127.01,ETH-27DEC19,1576839546905,open,0.0,16676.0,0.001,0.011,0.0,120.0,0.002,0.0,ETH-27DEC19-640-C,126.94,0.0,0.0,0.0,0.001,300.0,422.82,0.0,0.0,0.0,0.0,0.0
127.39,SYN.ETH-31JAN20,1576839546905,open,0.02,500.0,0.004,0.037,0.016372,81.44,0.015,0.0,ETH-31JAN20-180-C,126.94,79.51,0.015,320.0,0.018,245.0,83.64,0.09243,-0.08988,0.01696,0.0061,0.13238
127.01,ETH-27DEC19,1576839546907,open,1.67,0.0,1.599,1.759,1.676955,120.0,None,0.0,ETH-27DEC19-340-P,126.94,0.0,0.003,9.0,0.0,0.0,0.0,0.0,0.0,-0.06405,0.0,-1.0
127.01,ETH-27DEC19,1576839546907,open,0.0,7053.0,0.001,0.011,3e-06,120.0,0.001,0.0,ETH-27DEC19-240-C,126.94,0.0,0.0,0.0,0.001,335.0,193.56,5e-05,-0.00037,0.0,1e-05,8e-05
127.01,ETH-27DEC19,1576839546907,open,4.66,0.0,4.504,4.844,4.668845,125.0,None,0.0,ETH-27DEC19-720-P,126.94,0.0,0.004,50.0,0.0,0.0,0.0,0.0,0.0,-0.13563,0.0,-1.0
7212.99,BTC-27MAR20,1576839546934,open,0.0,159.1,0.0005,0.0185,0.0045059,104.83,0.004,0.0,BTC-27MAR20-24000-C,7141.83,101.34,0.0035,37.0,0.0055,44.0,107.8,2.25573,-1.20799,0.41569,2e-05,0.026
7142.43,BTC-27DEC19,1576839546935,open,0.0,419.2,0.0005,0.0175,0.00431408,74.56,0.0045,0.0,BTC-27DEC19-6250-P,7141.96,73.09,0.004,11.3,0.0045,0.1,75.4,1.56057,-8.46101,-0.1237,0.00022,-0.08763
7142.43,BTC-27DEC19,1576839546935,open,0.01,444.5,0.0005,0.023,0.0062622,57.06,0.006,0.0,BTC-27DEC19-7750-C,7141.96,56.26,0.006,10.0,0.007,25.6,59.25,2.36428,-9.81065,0.20398,0.00043,0.15787
7264.39,SYN.BTC-26JUN20,1576839546935,open,0.01,18.4,0.0035,0.039,0.01322392,96.99,0.014,0.0,BTC-26JUN20-28000-C,7141.96,94.79,0.0115,34.0,0.0155,29.0,99.65,5.9376,-1.52457,1.62667,2e-05,0.0565
7142.43,BTC-27DEC19,1576839546935,open,0.03,333.6,0.009,0.049,0.02338005,54.97,0.024,0.0,BTC-27DEC19-7250-C,7141.96,54.27,0.023,0.2,0.024,15.1,56.12,3.86082,-15.43299,0.55553,0.00073,0.43628
7142.43,BTC-27DEC19,1576839546935,open,0.04,78.6,0.0195,0.0675,0.03844178,54.97,0.039,0.0,BTC-27DEC19-7250-P,7141.96,53.23,0.0375,10.0,0.04,1.3,57.85,3.86083,-15.43354,-0.81018,0.00073,-0.56372
7142.43,BTC-27DEC19,1576839546935,open,0.0,136.7,0.0005,0.0115,0.00173826,89.74,0.002,0.0,BTC-27DEC19-5750-P,7141.96,87.35,0.0015,20.5,0.002,14.5,92.15,0.7434,-4.85128,-0.04837,9e-05,-0.03421
7142.43,BTC-27DEC19,1576839546935,open,0.0,367.6,0.0005,0.012,0.00225258,65.67,0.002,0.0,BTC-27DEC19-8250-C,7141.96,64.08,0.002,14.9,0.0025,5.0,67.14,1.16845,-5.57989,0.07776,0.00019,0.06005
7142.43,BTC-27DEC19,1576839546935,open,0.33,0.0,0.3045,0.3605,0.3306042,90.4,None,0.0,BTC-27DEC19-9500-P,7141.96,0.0,0.3225,2.0,0.339,2.0,149.86,0.32038,-2.10612,-1.77326,4e-05,-0.98736
7142.43,BTC-27DEC19,1576839546935,open,0.09,14.5,0.0675,0.1205,0.09132049,57.04,0.096,0.0,BTC-27DEC19-7750-P,7141.96,49.43,0.089,1.6,0.0945,1.5,65.96,2.36339,-9.80352,-1.25604,0.00043,-0.84223
7212.99,BTC-27MAR20,1576839546935,open,0.03,1458.7,0.0095,0.0535,0.02479002,77.45,0.026,0.0,BTC-27MAR20-12000-C,7141.96,75.89,0.023,8.0,0.0265,31.0,78.89,8.41792,-3.33047,2.27867,8e-05,0.1426
7212.99,BTC-27MAR20,1576839546935,open,1.5,0.0,1.449,1.57,1.5040664,93.61,1.23,0.0,BTC-27MAR20-18000-P,7141.96,0.0,0.0015,10.0,1.7,0.1,224.33,3.85661,-1.84426,-47.46474,3e-05,-0.94993
7142.43,BTC-27DEC19,1576839546935,open,0.2,0.3,0.179,0.217,0.19669705,89.81,0.2265,0.0,BTC-27DEC19-5750-C,7141.96,0.0,0.1945,0.1,0.2025,7.0,125.02,0.74511,-4.86603,1.03465,9e-05,0.96569
7264.39,SYN.BTC-26JUN20,1576839546935,open,0.27,155.8,0.2185,0.3285,0.26826531,71.76,0.2625,0.0,BTC-26JUN20-8000-P,7141.96,67.13,0.255,11.0,0.271,2.0,72.72,20.79447,-3.95043,-27.81191,0.00011,-0.47159
7264.39,SYN.BTC-26JUN20,1576839546935,open,0.03,486.1,0.012,0.049,0.02601051,74.55,0.026,0.0,BTC-26JUN20-4000-P,7141.96,71.77,0.023,21.0,0.0275,28.0,75.88,8.03617,-1.58598,-4.12312,4e-05,-0.08367
7142.43,BTC-27DEC19,1576839546935,open,0.4,499.1,0.373,0.4325,0.40056663,103.04,0.4845,0.0,BTC-27DEC19-10000-P,7141.96,0.0,0.3925,2.0,0.409,2.0,168.87,0.27201,-2.03818,-1.87031,3e-05,-0.98953
7142.43,BTC-27DEC19,1576839546935,open,0.72,0.0,0.71,0.7295,0.719986,242.9,None,0.0,BTC-27DEC19-2000-C,7141.96,0.0,0.713,14.0,0.727,14.0,500.0,0.00139,-0.02461,0.3767,0.0,0.99997
7142.43,BTC-27DEC19,1576839546935,open,0.65,0.0,0.64,0.6595,0.64997319,0.0,None,0.0,BTC-27DEC19-2500-C,7141.96,0.0,0.643,13.0,0.657,13.0,457.62,0.0,0.0,0.47094,0.0,1.0
7142.43,BTC-27DEC19,1576839546935,open,0.0,80.7,0.0005,0.011,0.0012516,77.29,0.0015,0.0,BTC-27DEC19-8750-C,7141.96,74.52,0.001,10.3,0.0015,26.1,79.71,0.6928,-3.89407,0.04057,9e-05,0.03141
7264.39,SYN.BTC-26JUN20,1576839546935,open,2.04,0.0,1.977,2.1375,2.04877861,90.94,None,0.0,BTC-26JUN20-22000-P,7141.96,0.0,0.11,1.0,3.0,0.1,500.0,8.19324,-1.97248,-111.37862,3e-05,-0.91414
7142.43,BTC-27DEC19,1576839546935,open,0.13,30.0,0.1085,0.1525,0.12926789,74.58,0.1315,0.0,BTC-27DEC19-6250-C,7141.96,36.26,0.125,7.1,0.1355,9.0,97.78,1.56157,-8.46961,1.05353,0.00022,0.9123
7212.99,BTC-27MAR20,1576839546935,open,0.01,1544.9,0.0015,0.032,0.01120681,88.61,0.013,0.0,BTC-27MAR20-16000-C,7141.96,86.73,0.01,15.9,0.0115,18.0,89.05,4.78744,-2.16703,1.05812,4e-05,0.06591
7212.99,BTC-27MAR20,1576839546935,open,3.44,0.0,3.35,3.538,3.43889304,115.24,None,0.0,BTC-27MAR20-32000-P,7141.96,0.0,0.0015,10.0,0.0,0.0,0.0,1.32999,-0.78295,-85.58618,1e-05,-0.98604
7142.43,BTC-27DEC19,1576839546935,open,0.23,0.0,0.2015,0.255,0.22631285,77.17,0.211,0.0,BTC-27DEC19-8750-P,7141.96,0.0,0.223,2.0,0.231,2.0,105.88,0.68873,-3.86498,-1.608,9e-05,-0.96882
7212.99,BTC-27MAR20,1576839546935,open,0.05,606.0,0.023,0.082,0.0465662,72.62,0.0475,0.0,BTC-27MAR20-10000-C,7141.96,71.66,0.045,1.0,0.048,13.0,73.49,11.81884,-4.38438,3.89616,0.00012,0.248
7142.43,BTC-27DEC19,1576839546935,open,0.0,832.1,0.0005,0.0105,0.0,115.0,0.0005,0.0,BTC-27DEC19-3000-P,7141.96,0.0,0.0,0.0,0.0005,61.0,256.24,0.0,0.0,0.0,0.0,0.0
7142.56,BTC-27DEC19,1576839546936,open,0.1,304.5,0.0745,0.1205,0.0968092,66.63,0.096,0.0,BTC-27DEC19-6500-C,7141.96,63.93,0.096,10.0,0.098,10.0,70.4,2.19084,-10.61537,1.02573,0.00034,0.85916
7212.99,BTC-27MAR20,1576839546936,open,0.07,292.2,0.0385,0.105,0.06646742,69.97,0.0685,0.0,BTC-27MAR20-9000-C,7141.96,68.92,0.0645,13.1,0.067,0.5,70.25,13.58659,-4.85619,5.16847,0.00014,0.33368
7142.43,BTC-27DEC19,1576839546935,open,0.07,207.2,0.044,0.092,0.06716153,61.22,0.066,0.0,BTC-27DEC19-6750-C,7141.96,58.45,0.066,10.0,0.0685,10.0,64.34,3.0297,-13.48849,0.93562,0.00051,0.76255
7212.99,BTC-27MAR20,1576839546935,open,3.71,0.0,3.6215,3.819,3.7154749,114.68,None,0.0,BTC-27MAR20-34000-P,7141.96,0.0,0.0015,10.0,0.0,0.0,0.0,1.02463,-0.60028,-91.00594,1e-05,-0.98966
7264.39,SYN.BTC-26JUN20,1576839546936,open,0.6,17.8,0.583,0.615,0.59683655,80.26,0.623,0.0,BTC-26JUN20-3000-C,7141.96,59.76,0.589,8.0,0.0,0.0,0.0,3.97611,-0.84483,13.86405,2e-05,0.96565
7142.43,BTC-27DEC19,1576839546936,open,0.0,449.3,0.0005,0.0105,0.0,115.0,0.0005,0.0,BTC-27DEC19-44000-C,7141.96,0.0,0.0,0.0,0.0005,11.0,437.78,0.0,0.0,0.0,0.0,0.0
7212.99,BTC-27MAR20,1576839546936,open,0.03,245.0,0.012,0.05,0.02643011,72.0,0.0265,0.0,BTC-27MAR20-5000-P,7141.96,70.62,0.025,9.0,0.028,15.0,73.49,7.52228,-2.76689,-2.85453,7e-05,-0.12115
7212.99,BTC-27MAR20,1576839546936,open,0.0,76.6,0.0005,0.0125,0.00237886,114.83,0.003,0.0,BTC-27MAR20-32000-C,7141.96,112.6,0.002,10.0,0.003,10.0,118.0,1.30145,-0.76346,0.21737,1e-05,0.01362
7264.39,SYN.BTC-26JUN20,1576839546936,open,0.01,36.2,0.001,0.0345,0.01076156,100.65,0.011,0.0,BTC-26JUN20-32000-C,7141.96,99.52,0.01,7.0,0.012,1.0,102.37,5.03241,-1.3408,1.32074,2e-05,0.0459
7142.56,BTC-27DEC19,1576839546936,open,0.16,0.0,0.133,0.185,0.15731187,65.73,0.1745,0.0,BTC-27DEC19-8250-P,7141.96,0.0,0.155,1.6,0.1615,1.5,84.72,1.17167,-5.60054,-1.47607,0.00019,-0.93974
7142.56,BTC-27DEC19,1576839546936,open,0.12,887.5,0.0995,0.1515,0.12379714,61.69,0.121,0.0,BTC-27DEC19-8000-P,7141.96,49.74,0.1215,3.5,0.1265,1.5,71.76,1.68726,-7.56915,-1.38103,0.00028,-0.90262
7142.56,BTC-27DEC19,1576839546936,open,0.0,680.5,0.0005,0.0105,0.0,115.0,0.0005,0.0,BTC-27DEC19-26000-C,7141.96,0.0,0.0,0.0,0.0005,33.0,327.72,0.0,0.0,0.0,0.0,0.0
7212.99,BTC-27MAR20,1576839546936,open,0.06,597.6,0.0365,0.096,0.06167071,68.54,0.064,0.0,BTC-27MAR20-6000-P,7141.96,66.89,0.059,23.8,0.0645,33.8,70.28,11.6938,-4.09442,-5.89561,0.00012,-0.24314
7212.99,BTC-27MAR20,1576839546936,open,1.23,1.2,1.1785,1.2915,1.2294639,88.66,1.4,0.0,BTC-27MAR20-16000-P,7141.96,0.0,0.0015,10.0,1.5,0.1,249.18,4.79633,-2.17242,-41.84395,4e-05,-0.93393
7264.39,SYN.BTC-26JUN20,1576839546936,open,0.18,305.4,0.137,0.2345,0.180399,71.07,0.1795,0.0,BTC-26JUN20-7000-P,7141.96,68.72,0.174,9.5,0.1825,8.0,71.84,19.75464,-3.71667,-20.7427,0.0001,-0.3714
7264.39,SYN.BTC-26JUN20,1576839546936,open,0.05,557.2,0.024,0.0945,0.05092111,80.83,0.054,0.0,BTC-26JUN20-14000-C,7141.96,79.87,0.049,16.4,0.0545,26.6,82.58,14.67961,-3.14117,5.64664,7e-05,0.20113
7142.56,BTC-27DEC19,1576839546936,open,0.58,11.0,0.57,0.5895,0.579979,0.0,0.5835,0.0,BTC-27DEC19-3000-C,7141.96,0.0,0.5735,11.0,0.5855,11.0,366.95,0.0,0.0,0.56513,0.0,1.0
7142.56,BTC-27DEC19,1576839546936,open,6.28,0.8,6.138,6.4285,6.28036402,403.95,3.59,0.0,BTC-27DEC19-52000-P,7141.96,0.0,0.001,1.0,0.0,0.0,0.0,0.0167,-0.49049,-9.79495,0.0,-0.99952
7142.56,BTC-27DEC19,1576839546936,open,0.0,1712.6,0.0005,0.0135,0.00275277,82.35,0.003,0.0,BTC-27DEC19-6000-P,7141.96,80.66,0.0025,20.7,0.003,0.1,83.94,1.08968,-6.52587,-0.07763,0.00014,-0.05495
7142.56,BTC-27DEC19,1576839546936,open,5.16,0.0,5.0395,5.2855,5.16030802,369.93,3.46,0.0,BTC-27DEC19-44000-P,7141.96,0.0,0.001,1.0,0.0,0.0,0.0,0.01544,-0.41535,-8.28799,0.0,-0.99956
7142.56,BTC-27DEC19,1576839546936,open,0.0,255.7,0.0005,0.0105,0.0,115.0,0.001,0.0,BTC-27DEC19-1500-P,7141.96,0.0,0.0,0.0,0.0005,47.9,449.84,0.0,0.0,0.0,0.0,0.0
7212.99,BTC-27MAR20,1576839546936,open,0.21,268.2,0.1675,0.2565,0.20788715,67.85,0.22,0.0,BTC-27MAR20-8000-P,7141.96,64.73,0.2015,14.0,0.2125,2.0,70.1,14.7958,-5.12854,-14.60832,0.00016,-0.54738
7142.56,BTC-27DEC19,1576839546936,open,2.08,4.9,2.02,2.1425,2.08015401,230.62,2.217,0.0,BTC-27DEC19-22000-P,7141.96,0.0,0.0,0.0,0.0,0.0,0.0,0.01225,-0.20549,-4.14383,0.0,-0.99966
7264.39,SYN.BTC-26JUN20,1576839546936,open,1.5,2.9,1.4425,1.588,1.50721485,85.75,1.45,0.0,BTC-26JUN20-18000-P,7141.96,0.0,1.35,0.1,2.1,0.1,319.2,10.6067,-2.40781,-89.64314,5e-05,-0.87749
7142.56,BTC-27DEC19,1576839546936,open,0.0,604.7,0.0005,0.0115,0.0015199,70.56,0.002,0.0,BTC-27DEC19-8500-C,7141.96,65.64,0.001,38.1,0.002,25.1,74.29,0.84852,-4.35407,0.05207,0.00013,0.04022
7264.39,SYN.BTC-26JUN20,1576839546936,open,0.48,123.6,0.426,0.5505,0.48240408,74.93,0.62,0.0,BTC-26JUN20-10000-P,7141.96,59.72,0.4425,6.0,0.5555,2.0,100.94,19.78506,-3.9246,-41.69635,0.0001,-0.62681
7142.56,BTC-27DEC19,1576839546936,open,0.0,483.8,0.0005,0.011,0.00143514,101.49,0.0015,0.0,BTC-27DEC19-5500-P,7141.96,95.63,0.001,25.1,0.0015,25.0,102.27,0.58919,-4.34851,-0.03671,6e-05,-0.02585
7212.99,BTC-27MAR20,1576839546936,open,0.01,1355.7,0.001,0.0255,0.0106836,80.18,0.011,0.0,BTC-27MAR20-4000-P,7141.96,78.92,0.01,7.0,0.011,10.0,80.75,3.96273,-1.62319,-1.20869,4e-05,-0.05181
7212.99,BTC-27MAR20,1576839546936,open,0.69,54.9,0.643,0.744,0.68844212,77.44,0.77,0.0,BTC-27MAR20-12000-P,7141.96,0.0,0.55,0.1,0.88,1.0,183.55,8.41602,-3.32924,-29.90031,8e-05,-0.85745
7142.56,BTC-27DEC19,1576839546936,open,0.26,813.0,0.2355,0.2905,0.26105632,83.02,0.251,0.0,BTC-27DEC19-9000-P,7141.96,0.0,0.257,2.0,0.2645,2.0,109.11,0.55982,-3.37964,-1.66401,7e-05,-0.97568
7142.56,BTC-27DEC19,1576839546936,open,0.02,1291.2,0.0065,0.0445,0.02183519,56.82,0.022,0.0,BTC-27DEC19-7000-P,7141.96,54.26,0.0205,29.7,0.023,20.1,59.04,3.74157,-15.45925,-0.54474,0.00069,-0.38303
7212.99,BTC-27MAR20,1576839546936,open,0.31,92.7,0.271,0.3665,0.31423703,69.98,0.3165,0.0,BTC-27MAR20-9000-P,7141.96,66.37,0.3075,8.0,0.3305,2.0,78.46,13.58732,-4.85721,-18.96478,0.00014,-0.66627
7212.99,BTC-27MAR20,1576839546936,open,0.33,2.1,0.309,0.3625,0.33323914,72.01,0.3115,0.0,BTC-27MAR20-5000-C,7141.96,41.44,0.31,8.1,0.3555,8.0,91.35,7.52254,-2.76709,10.55292,7e-05,0.87884
7212.99,BTC-27MAR20,1576839546936,open,0.1,761.2,0.0665,0.1395,0.0987785,67.85,0.102,0.0,BTC-27MAR20-8000-C,7141.96,67.23,0.0975,11.9,0.102,10.2,69.42,14.79581,-5.1286,6.84389,0.00016,0.45262
7142.56,BTC-27DEC19,1576839546936,open,1.52,9.4,1.471,1.5715,1.52012601,190.64,1.559,0.0,BTC-27DEC19-18000-P,7141.96,0.0,0.0,0.0,0.0,0.0,0.0,0.01201,-0.16649,-3.39033,0.0,-0.99967
7142.56,BTC-27DEC19,1576839546936,open,2.36,0.0,2.2945,2.4285,2.36016801,247.99,None,0.0,BTC-27DEC19-24000-P,7141.96,0.0,0.0,0.0,0.0,0.0,0.0,0.01247,-0.22485,-4.52057,0.0,-0.99965
7264.39,SYN.BTC-26JUN20,1576839546936,open,0.29,21.1,0.2465,0.33,0.28492634,71.62,0.271,0.0,BTC-26JUN20-6000-C,7141.96,57.48,0.252,7.0,0.321,7.0,86.86,17.10806,-3.24344,16.92809,9e-05,0.73525
7212.99,BTC-27MAR20,1576839546936,open,0.0,109.3,0.0005,0.0115,0.00180252,115.0,0.003,0.0,BTC-27MAR20-34000-C,7141.96,112.77,0.0015,15.0,0.003,44.0,121.82,1.04381,-0.61321,0.16936,1e-05,0.01056
7264.39,SYN.BTC-26JUN20,1576839546937,open,2.31,0.0,2.2455,2.414,2.32140033,93.39,None,0.0,BTC-26JUN20-24000-P,7141.96,0.0,0.002,1.0,0.0,0.0,0.0,7.36154,-1.82006,-122.05281,3e-05,-0.92547
7142.56,BTC-27DEC19,1576839546937,open,0.0,756.8,0.0005,0.0105,0.0,115.0,0.0005,0.0,BTC-27DEC19-24000-C,7141.96,0.0,0.0,0.0,0.0005,31.0,310.34,0.0,0.0,0.0,0.0,0.0
7169.61,SYN.BTC-31JAN20,1576839546936,open,0.03,327.2,0.0115,0.049,0.02611159,67.64,0.0255,0.0,BTC-31JAN20-6000-P,7141.96,66.96,0.0255,22.5,0.0265,10.0,68.06,6.50865,-5.2562,-1.7465,0.00016,-0.18621
7212.99,BTC-27MAR20,1576839546937,open,0.46,7.4,0.439,0.4775,0.45613393,80.19,0.4255,0.0,BTC-27MAR20-4000-C,7141.96,37.91,0.4455,8.1,0.0,0.0,0.0,3.96368,-1.62378,9.517,4e-05,0.94818
7264.39,SYN.BTC-26JUN20,1576839546937,open,0.48,0.5,0.4535,0.503,0.47537928,74.55,0.589,0.0,BTC-26JUN20-4000-C,7141.96,57.56,0.4595,7.0,0.4975,7.0,92.43,8.03617,-1.58598,16.57558,4e-05,0.91633
7212.99,BTC-27MAR20,1576839546937,open,0.0,147.6,0.0005,0.011,0.0013603,115.0,0.002,0.0,BTC-27MAR20-36000-C,7141.96,116.17,0.0015,15.0,0.0025,44.0,122.79,0.83281,-0.48926,0.13146,1e-05,0.00816
7142.56,BTC-27DEC19,1576839546937,open,0.79,12.1,0.78,0.7995,0.7899895,0.0,0.8415,0.0,BTC-27DEC19-1500-C,7141.96,0.0,0.7825,16.0,0.797,16.0,500.0,0.0,0.0,0.28256,0.0,1.0
7142.56,BTC-27DEC19,1576839546937,open,0.23,77.4,0.2145,0.251,0.23139591,101.4,0.254,0.0,BTC-27DEC19-5500-C,7141.96,0.0,0.2295,0.1,0.2375,9.1,144.14,0.58741,-4.33163,0.99949,6e-05,0.97424
7147.92,SYN.BTC-3JAN20,1576839546935,open,0.08,0.8,0.055,0.105,0.07872972,60.34,0.0745,0.0,BTC-3JAN20-6750-C,7141.96,56.23,0.076,14.0,0.08,10.0,62.23,4.79081,-10.41672,1.7082,0.00041,0.70736
7264.39,SYN.BTC-26JUN20,1576839546937,open,0.72,8.2,0.664,0.7945,0.72252208,77.67,0.8905,0.0,BTC-26JUN20-12000-P,7141.96,0.0,0.09,1.5,1.3495,0.1,327.81,17.21257,-3.53901,-54.67845,8e-05,-0.73205
7212.99,BTC-27MAR20,1576839546937,open,1.78,5.2,1.72,1.8495,1.77936248,97.48,2.035,0.0,BTC-27MAR20-20000-P,7141.96,0.0,0.0015,10.0,0.0,0.0,0.0,3.1217,-1.55446,-53.01281,2e-05,-0.96148
7212.99,BTC-27MAR20,1576839546937,open,4.54,1.0,4.437,4.664,4.54628937,114.26,4.54,0.0,BTC-27MAR20-40000-P,7141.96,0.0,0.0015,10.0,0.0,0.0,0.0,0.50814,-0.29659,-107.18501,0.0,-0.99533
7169.61,SYN.BTC-31JAN20,1576839546936,open,0.21,15.2,0.1825,0.2545,0.21264217,62.18,0.2965,0.0,BTC-31JAN20-8500-P,7141.96,0.0,0.0685,0.1,0.0,0.0,0.0,7.56773,-5.61864,-7.99171,0.00021,-0.75893
7264.39,SYN.BTC-26JUN20,1576839546937,open,2.86,0.0,2.783,2.969,2.86764253,96.99,None,0.0,BTC-26JUN20-28000-P,7141.96,0.0,0.002,1.0,0.0,0.0,0.0,5.9376,-1.52457,-143.26428,2e-05,-0.9435
7147.92,SYN.BTC-3JAN20,1576839546935,open,0.0,22.4,0.0005,0.0135,0.00335257,84.12,0.003,0.0,BTC-3JAN20-5500-P,7141.96,82.21,0.003,10.0,0.004,37.5,87.37,1.35612,-4.11075,-0.13545,8e-05,-0.04649
7142.56,BTC-27DEC19,1576839546937,open,0.0,562.6,0.0005,0.0105,0.0,115.0,0.0005,0.0,BTC-27DEC19-40000-C,7141.96,0.0,0.0,0.0,0.0005,16.9,418.33,0.0,0.0,0.0,0.0,0.0
7142.56,BTC-27DEC19,1576839546937,open,0.37,11.6,0.3575,0.383,0.37003015,114.09,0.3855,0.0,BTC-27DEC19-4500-C,7141.96,0.0,0.3625,11.0,0.377,11.0,223.85,0.03984,-0.33049,0.84596,0.0,0.99877
7212.99,BTC-27MAR20,1576839546937,open,0.12,257.9,0.087,0.1645,0.12161544,67.1,0.125,0.0,BTC-27MAR20-7000-P,7141.96,66.29,0.12,9.9,0.125,2.0,68.79,14.40583,-4.93772,-10.03939,0.00015,-0.39744
7142.56,BTC-27DEC19,1576839546937,open,0.0,1437.0,0.0005,0.016,0.00374114,61.65,0.004,0.0,BTC-27DEC19-8000-C,7141.96,60.61,0.0035,0.1,0.004,25.8,62.73,1.68531,-7.55549,0.12578,0.00028,0.09722
7142.56,BTC-27DEC19,1576839546937,open,0.96,268.3,0.922,1.0,0.96009848,140.83,0.9355,0.0,BTC-27DEC19-14000-P,7141.96,0.0,0.9525,2.0,0.9685,2.0,279.15,0.0127,-0.13009,-2.6368,0.0,-0.99964
7147.92,SYN.BTC-3JAN20,1576839546935,open,0.05,2.5,0.031,0.083,0.05224172,57.14,0.053,0.0,BTC-3JAN20-7250-P,7141.96,55.54,0.051,15.0,0.0535,10.0,58.76,5.54573,-11.41857,-1.57814,0.0005,-0.52853
7264.39,SYN.BTC-26JUN20,1576839546937,open,0.11,354.8,0.067,0.1575,0.105826,74.93,0.1045,0.0,BTC-26JUN20-10000-C,7141.96,74.44,0.1045,13.0,0.111,2.0,76.82,19.78506,-3.9246,10.05041,0.0001,0.37319
7212.99,BTC-27MAR20,1576839546938,open,0.01,434.0,0.0005,0.027,0.00852827,93.53,0.0085,0.0,BTC-27MAR20-18000-C,7141.96,91.53,0.0075,15.1,0.009,18.0,94.4,3.84569,-1.83755,0.80007,3e-05,0.04989
7264.39,SYN.BTC-26JUN20,1576839546938,open,0.02,11.5,0.0055,0.047,0.01761295,93.39,0.018,0.0,BTC-26JUN20-24000-C,7141.96,91.76,0.016,34.0,0.02,31.0,95.67,7.36154,-1.82006,2.13943,3e-05,0.07453
7147.92,SYN.BTC-3JAN20,1576839546935,open,0.1,0.0,0.075,0.1325,0.10047491,57.78,None,0.0,BTC-3JAN20-7750-P,7141.96,0.0,0.073,5.0,0.108,5.0,69.31,4.46721,-9.30069,-2.29979,0.0004,-0.74587
7264.39,SYN.BTC-26JUN20,1576839546938,open,0.04,124.3,0.016,0.0775,0.03788379,83.35,0.0375,0.0,BTC-26JUN20-16000-C,7141.96,82.24,0.036,15.0,0.0415,27.0,85.43,12.42883,-2.74252,4.38603,5e-05,0.15456
7147.92,SYN.BTC-3JAN20,1576839546935,open,0.01,20.4,0.0005,0.017,0.00484663,63.17,0.0045,0.0,BTC-3JAN20-8500-C,7141.96,60.35,0.004,66.1,0.0055,25.0,65.18,2.25014,-5.12177,0.22949,0.00018,0.0893
7147.92,SYN.BTC-3JAN20,1576839546935,open,0.16,0.0,0.135,0.1915,0.16124139,60.96,None,0.0,BTC-3JAN20-8250-P,7141.96,0.0,0.0,0.0,0.0,0.0,0.0,2.87972,-6.32527,-2.81397,0.00024,-0.87433
7147.92,SYN.BTC-3JAN20,1576839546935,open,0.2,0.0,0.1805,0.222,0.19997902,76.98,None,0.0,BTC-3JAN20-5750-C,7141.96,0.0,0.1955,6.1,0.0,0.0,0.0,1.73805,-4.82107,2.00102,0.00012,0.93637
7212.99,BTC-27MAR20,1576839546938,open,0.43,144.3,0.3885,0.487,0.43297688,72.63,0.4245,0.0,BTC-27MAR20-10000-P,7141.96,51.92,0.4035,8.0,0.473,2.0,95.09,11.8205,-4.38584,-22.91829,0.00012,-0.75193
7142.56,BTC-27DEC19,1576839546938,open,0.0,1038.8,0.0005,0.0105,0.0,115.0,0.0015,0.0,BTC-27DEC19-20000-C,7141.96,0.0,0.0,0.0,0.0005,24.4,270.01,0.0,0.0,0.0,0.0,0.0
7212.99,BTC-27MAR20,1576839546938,open,0.01,251.8,0.0005,0.0205,0.00550602,101.68,0.004,0.0,BTC-27MAR20-22000-C,7141.96,98.78,0.0045,27.0,0.0065,44.0,104.23,2.66873,-1.38625,0.50905,2e-05,0.03182
7142.56,BTC-27DEC19,1576839546938,open,0.16,138.2,0.1435,0.1845,0.16271077,82.31,0.188,0.0,BTC-27DEC19-6000-C,7141.96,0.0,0.1595,2.1,0.1645,2.0,92.57,1.08823,-6.51349,1.05275,0.00014,0.94515
7142.56,BTC-27DEC19,1576839546939,open,0.06,727.3,0.0385,0.0895,0.06234164,55.49,0.062,0.0,BTC-27DEC19-7500-P,7141.96,53.63,0.0615,10.0,0.064,1.5,59.07,3.26051,-13.15619,-1.06176,0.00061,-0.72679
7212.99,BTC-27MAR20,1576839546938,open,2.33,0.0,2.2635,2.4115,2.33189096,105.0,None,0.0,BTC-27MAR20-24000-P,7141.96,0.0,0.0015,10.0,0.0,0.0,0.0,2.27389,-1.21974,-63.93714,2e-05,-0.97375
7147.92,SYN.BTC-3JAN20,1576839546935,open,0.17,0.0,0.1465,0.1905,0.16707632,71.83,None,0.0,BTC-3JAN20-6000-C,7141.96,0.0,0.1605,6.1,0.1865,6.0,115.87,2.32664,-6.02233,2.00947,0.00017,0.90658
7213.12,BTC-27MAR20,1576839546939,open,0.02,455.1,0.005,0.04,0.01589855,83.31,0.016,0.0,BTC-27MAR20-14000-C,7141.96,82.25,0.015,2.0,0.017,42.0,84.56,6.22253,-2.64813,1.49433,5e-05,0.09316
7264.39,SYN.BTC-26JUN20,1576839546939,open,0.03,897.7,0.0085,0.0575,0.02422559,88.54,0.025,0.0,BTC-26JUN20-20000-C,7141.96,87.17,0.0225,33.0,0.027,28.0,90.65,9.28853,-2.17718,2.91469,4e-05,0.10176
7213.12,BTC-27MAR20,1576839546939,open,0.0,686.4,0.0005,0.0105,0.00079273,115.0,0.002,0.0,BTC-27MAR20-40000-C,7141.96,117.55,0.001,22.0,0.002,26.0,126.11,0.53605,-0.31492,0.08056,0.0,0.00496
7142.56,BTC-27DEC19,1576839546939,open,0.0,657.0,0.0005,0.0105,0.0,115.0,0.0005,0.0,BTC-27DEC19-28000-C,7141.96,0.0,0.0,0.0,0.0005,10.0,343.65,0.0,0.0,0.0,0.0,0.0
7169.61,SYN.BTC-31JAN20,1576839546936,open,0.1,139.0,0.071,0.131,0.0938559,61.13,0.095,0.0,BTC-31JAN20-7000-C,7141.96,59.73,0.092,14.9,0.0955,20.0,62.38,9.45825,-6.90393,4.0542,0.00026,0.58674
7213.12,BTC-27MAR20,1576839546939,open,0.0,157.7,0.0005,0.0135,0.00275596,112.73,0.0025,0.0,BTC-27MAR20-30000-C,7141.96,108.61,0.002,25.0,0.0035,25.0,116.06,1.47807,-0.85118,0.25206,1e-05,0.01579
7147.92,SYN.BTC-3JAN20,1576839546935,open,0.01,1.0,0.0005,0.0215,0.00703897,60.9,0.0075,0.0,BTC-3JAN20-8250-C,7141.96,58.23,0.006,50.0,0.008,25.0,63.23,2.87616,-6.31207,0.32177,0.00024,0.12545
7142.56,BTC-27DEC19,1576839546939,open,0.0,367.2,0.0005,0.0105,0.00050263,89.89,0.0005,0.0,BTC-27DEC19-9500-C,7141.96,0.0,0.0,0.0,0.001,37.2,98.79,0.31113,-2.0339,0.01577,4e-05,0.01222
7142.56,BTC-27DEC19,1576839546939,open,0.0,491.2,0.0005,0.0105,7e-08,115.0,0.0005,0.0,BTC-27DEC19-3500-P,7141.96,0.0,0.0,0.0,0.0005,10.1,213.57,0.0001,-0.0005,0.0,0.0,0.0
7147.92,SYN.BTC-3JAN20,1576839546935,open,0.02,24.6,0.0085,0.0455,0.02307715,60.37,0.023,0.0,BTC-3JAN20-6750-P,7141.96,58.75,0.022,20.0,0.024,10.0,61.74,4.79128,-10.42214,-0.85807,0.00041,-0.2927
7142.56,BTC-27DEC19,1576839546939,open,0.0,1230.7,0.0005,0.0105,0.00099332,82.88,0.0005,0.0,BTC-27DEC19-9000-C,7141.96,75.1,0.0005,51.7,0.0015,88.4,88.57,0.55607,-3.3515,0.03112,7e-05,0.02413
7147.92,SYN.BTC-3JAN20,1576839546935,open,0.19,0.0,0.168,0.2245,0.19402487,63.24,None,0.0,BTC-3JAN20-8500-P,7141.96,0.0,0.0,0.0,0.0,0.0,0.0,2.25494,-5.13823,-3.00119,0.00018,-0.91044
7147.92,SYN.BTC-3JAN20,1576839546935,open,0.02,78.6,0.0055,0.038,0.01622416,57.75,0.015,0.0,BTC-3JAN20-7750-C,7141.96,55.77,0.015,13.0,0.017,0.1,58.98,4.46597,-9.29304,0.6461,0.0004,0.254
7147.92,SYN.BTC-3JAN20,1576839546935,open,0.23,0.0,0.2015,0.259,0.22811096,67.73,None,0.0,BTC-3JAN20-8750-P,7141.96,0.0,0.0,0.0,0.0,0.0,0.0,1.90032,-4.63808,-3.14311,0.00014,-0.92858
7169.61,SYN.BTC-31JAN20,1576839546936,open,0.14,31.7,0.111,0.1695,0.13629683,63.2,0.139,0.0,BTC-31JAN20-6500-C,7141.96,59.45,0.132,18.0,0.138,10.0,64.68,8.25868,-6.23247,4.75174,0.00022,0.71398
7147.92,SYN.BTC-3JAN20,1576839546935,open,0.14,0.2,0.113,0.16,0.13526024,67.0,0.135,0.0,BTC-3JAN20-6250-C,7141.96,40.68,0.127,6.0,0.1415,6.1,80.34,3.05979,-7.38722,1.97693,0.00024,0.86279
7147.92,SYN.BTC-3JAN20,1576839546935,open,0.11,0.3,0.082,0.131,0.10535207,62.95,0.106,0.0,BTC-3JAN20-6500-C,7141.96,59.52,0.1035,10.0,0.107,10.0,65.92,3.92185,-8.89671,1.88291,0.00032,0.79828
7147.92,SYN.BTC-3JAN20,1576839546935,open,0.01,45.2,0.0005,0.016,0.00442312,77.04,0.0045,0.0,BTC-3JAN20-5750-P,7141.96,75.26,0.004,52.0,0.0045,0.1,77.35,1.74088,-4.83267,-0.18528,0.00012,-0.06376
7147.92,SYN.BTC-3JAN20,1576839546935,open,0.01,1.4,0.0005,0.02,0.00649625,71.88,0.007,0.0,BTC-3JAN20-6000-P,7141.96,70.33,0.006,26.0,0.007,0.1,73.4,2.32899,-6.03232,-0.27186,0.00017,-0.09355
7147.92,SYN.BTC-3JAN20,1576839546935,open,0.04,45.3,0.017,0.0625,0.03518025,58.19,0.0365,0.0,BTC-3JAN20-7000-P,7141.96,56.63,0.034,15.0,0.0365,10.5,59.94,5.40075,-11.32441,-1.19546,0.00048,-0.40476
7147.92,SYN.BTC-3JAN20,1576839546935,open,0.01,13.1,0.0005,0.026,0.009656,67.04,0.009,0.0,BTC-3JAN20-6250-P,7141.96,65.49,0.009,25.0,0.01,0.1,67.84,3.06156,-7.39558,-0.39941,0.00024,-0.13733
7147.92,SYN.BTC-3JAN20,1576839546935,open,0.02,46.7,0.004,0.034,0.01472367,62.98,0.015,0.0,BTC-3JAN20-6500-P,7141.96,61.66,0.014,20.0,0.0155,15.7,64.39,3.92296,-8.90347,-0.58841,0.00032,-0.20182
7147.92,SYN.BTC-3JAN20,1576839546935,open,0.04,25.9,0.02,0.0655,0.03794263,57.12,0.036,0.0,BTC-3JAN20-7250-C,7141.96,53.97,0.0355,40.8,0.0395,25.1,59.12,5.5457,-11.41378,1.17796,0.0005,0.47144
7147.92,SYN.BTC-3JAN20,1576839546935,open,0.13,0.0,0.1035,0.1605,0.12977288,59.05,None,0.0,BTC-3JAN20-8000-P,7141.96,0.0,0.1035,5.0,0.1375,5.1,72.9,3.63952,-7.74441,-2.58455,0.00032,-0.82137
7169.61,SYN.BTC-31JAN20,1576839546936,open,0.03,621.9,0.0135,0.0555,0.02706196,62.16,0.027,0.0,BTC-31JAN20-8500-C,7141.96,60.67,0.0255,28.0,0.0285,16.0,63.51,7.56618,-5.61571,1.75959,0.00021,0.24098
7147.92,SYN.BTC-3JAN20,1576839546935,open,0.0,25.5,0.0005,0.0155,0.00395689,67.65,0.004,0.0,BTC-3JAN20-8750-C,7141.96,65.87,0.0035,0.1,0.0045,25.0,69.63,1.89484,-4.61902,0.18259,0.00014,0.07115
7169.61,SYN.BTC-31JAN20,1576839546937,open,0.0,193.2,0.0005,0.014,0.00375899,79.71,0.0035,0.0,BTC-31JAN20-12000-C,7141.96,76.82,0.003,49.0,0.0045,53.0,82.21,2.0134,-1.91632,0.28286,4e-05,0.03815
7169.61,SYN.BTC-31JAN20,1576839546939,open,0.68,0.0,0.642,0.719,0.67751929,79.82,None,0.0,BTC-31JAN20-12000-P,7141.96,0.0,0.0015,10.0,0.0,0.0,0.0,2.02298,-1.92796,-13.48291,4e-05,-0.96163
127.39,SYN.ETH-31JAN20,1576839546958,open,0.29,1.0,0.238,0.337,0.28618,76.61,0.148,0.0,ETH-31JAN20-160-P,126.94,53.46,0.266,340.0,0.302,340.0,91.2,0.1301,-0.11901,-0.15479,0.00912,-0.77289
128.01,ETH-27MAR20,1576839546961,open,2.75,0.0,2.642,2.883,2.755956,118.17,None,0.0,ETH-27MAR20-480-P,126.94,0.0,0.004,50.0,0.0,0.0,0.0,0.04743,-0.02863,-1.27833,0.00091,-0.96812
