underlying_price,underlying_index,timestamp,state,settlement_price,open_interest,min_price,max_price,mark_price,mark_iv,last_price,interest_rate,instrument_name,index_price,bid_iv,best_bid_price,best_bid_amount,best_ask_price,best_ask_amount,ask_iv,vega,theta,rho,gamma,delta
5711.31,BTC-27SEP19,1557053939991,open,0.03,705.6,0.00926924,0.04382271,0.03227356,72.97,0.029,0.0,BTC-27SEP19-10000-C,5735.01,71.14,0.0295,10.0,0.0345,9.6,74.39,8.80591,-2.2176,2.9279,9e-05,0.16143
5724.15,BTC-28JUN19,1557053939991,open,0.0,515.7,0.0,5.39e-06,0.00050964,110.0,0.001,0.0,BTC-28JUN19-2000-P,5735.01,109.76,0.0005,31.0,0.001,14.0,119.5,0.22946,-0.23424,-0.03364,0.0,-0.00347
5735.01,index_price,1557053939991,open,0.01,114.7,0.00235296,0.02328851,0.00868808,66.7,0.0105,0,BTC-31MAY19-7250-C,5735.01,63.14,0.007,16.0,0.01,16.1,69.25,2.85499,-3.67963,0.40837,0.00018,0.10913
5711.31,BTC-27SEP19,1557053939994,open,0.44,0.0,0.43610334,0.45557759,0.44484356,67.86,None,0.0,BTC-27SEP19-3250-C,5735.01,0.0,0.003,0.2,0.0,0.0,0.0,4.43683,-1.03918,11.16342,5e-05,0.93729
5724.15,BTC-28JUN19,1557053939994,open,0.42,24.6,0.40131527,0.41810516,0.41060015,66.02,0.609,0.0,BTC-28JUN19-8000-P,5735.01,60.87,0.407,2.0,0.418,2.0,74.88,4.30636,-2.63838,-10.93457,0.00013,-0.88357
5735.01,index_price,1557053939994,open,0.0,85.3,2.057e-05,0.00294471,0.00245634,87.1,0.0025,0,BTC-31MAY19-3750-P,5735.01,84.06,0.002,16.0,0.003,6.9,90.31,0.91371,-1.53776,-0.11453,4e-05,-0.02571
5711.31,BTC-27SEP19,1557053939996,open,0.09,79.8,0.0738383,0.13061414,0.08946537,61.23,0.092,0.0,BTC-27SEP19-5000-P,5735.01,60.32,0.0875,9.6,0.0925,2.5,62.62,12.42274,-2.62501,-8.72453,0.00016,-0.2954
5735.01,index_price,1557053940002,open,0.13,0.0,0.13051394,0.15761295,0.13453429,64.55,None,0,BTC-17MAY19-5000-C,5735.01,49.93,0.1305,3.0,0.1375,3.0,72.73,1.92214,-5.22365,1.41304,0.00028,0.89181
5735.01,index_price,1557053940006,open,0.08,590.2,0.07501526,0.1153189,0.08468234,59.71,0.086,0,BTC-31MAY19-5500-C,5735.01,56.53,0.0815,9.6,0.084,5.0,59.03,5.74441,-6.628,2.23366,0.00041,0.63408
5735.01,index_price,1557053940006,open,0.2,0.0,0.18468125,0.21524524,0.19184316,61.44,0.2015,0,BTC-31MAY19-6750-P,5735.01,58.74,0.19,2.0,0.1985,2.0,70.37,4.01037,-4.76088,-4.11279,0.00028,-0.81974
5711.31,BTC-27SEP19,1557053940006,open,0.06,136.5,0.03422948,0.13964307,0.06103086,63.93,0.066,0.0,BTC-27DEC19-4000-P,5735.01,63.42,0.06,9.6,0.063,1.0,64.89,11.66453,-1.58064,-8.56601,9e-05,-0.17106
5711.31,BTC-27SEP19,1557053940015,open,0.01,160.2,0.00191313,0.03991102,0.01463441,74.38,0.0135,0.0,BTC-27DEC19-2500-P,5735.01,72.23,0.013,2.1,0.017,17.0,77.31,4.46173,-0.70349,-2.25332,3e-05,-0.04642
5735.01,index_price,1557053940022,open,0.0,128.6,1.5e-07,0.00157685,0.00066703,100.06,0.0015,0,BTC-10MAY19-4500-P,5735.01,96.01,0.0005,7.3,0.001,11.0,106.49,0.25939,-2.66152,-0.01245,6e-05,-0.01558
5711.31,BTC-27SEP19,1557053940024,open,0.07,87.7,0.03209354,0.17241214,0.06850527,65.15,0.075,0.0,BTC-27DEC19-9000-C,5735.01,64.58,0.067,19.6,0.0755,19.6,67.73,15.23914,-2.10447,7.51384,0.00011,0.27209
5711.31,BTC-27SEP19,1557053940024,open,0.09,79.4,0.05277178,0.20487083,0.09213958,64.0,0.089,0.0,BTC-27DEC19-8000-C,5735.01,63.28,0.09,5.0,0.0965,10.0,65.47,16.92377,-2.29614,9.34851,0.00013,0.34543
5711.31,BTC-27SEP19,1557053940028,open,0.04,324.4,0.01779231,0.06205432,0.04194043,69.54,0.039,0.0,BTC-27SEP19-9000-C,5735.01,67.88,0.039,10.6,0.0435,15.0,70.4,10.26432,-2.46331,3.7278,0.00011,0.20638
5711.31,BTC-27SEP19,1557053940035,open,0.74,42.8,0.73736491,0.73767414,0.73883419,96.5,0.6235,0.0,BTC-27SEP19-1500-C,5735.01,0.0,0.1,0.1,0.8,1.0,232.63,0.62591,-0.20846,5.78089,1e-05,0.99384
5711.31,BTC-27SEP19,1557053940035,open,0.04,80.1,0.01676985,0.10012623,0.03947088,66.22,0.039,0.0,BTC-27DEC19-3500-P,5735.01,65.28,0.038,17.0,0.042,2.0,67.8,9.06476,-1.27235,-5.80439,6e-05,-0.11779
5735.01,index_price,1557053940035,open,0.0,219.6,0.00011521,0.00578771,0.00386409,82.53,0.004,0,BTC-31MAY19-4000-P,5735.01,80.9,0.0035,16.9,0.0045,6.9,85.18,1.31842,-2.10243,-0.17873,7e-05,-0.0401
5711.31,BTC-27SEP19,1557053940049,open,1.5,0.0,1.45404808,1.53073033,1.48028827,75.9,None,0.0,BTC-27DEC19-14000-P,5735.01,0.0,0.0005,0.2,0.0,0.0,0.0,9.29791,-1.49588,-87.0366,6e-05,-0.87789
5724.15,BTC-28JUN19,1557053940051,open,0.16,834.2,0.15191549,0.18207258,0.16368477,60.15,0.1535,0.0,BTC-28JUN19-5000-C,5735.01,54.48,0.157,3.0,0.1655,3.0,61.66,6.86302,-3.83117,5.02394,0.00024,0.7583
5724.15,BTC-28JUN19,1557053940051,open,0.01,571.9,0.00074532,0.00893118,0.00670232,70.67,0.005,0.0,BTC-28JUN19-9000-C,5735.01,66.79,0.005,16.0,0.008,0.1,73.27,2.71765,-1.78238,0.4747,8e-05,0.06289
5724.15,BTC-28JUN19,1557053940051,open,0.03,161.6,0.01123532,0.04639711,0.02677233,62.02,0.03,0.0,BTC-28JUN19-4750-P,5735.01,60.26,0.025,17.8,0.029,5.0,64.18,5.84074,-3.36168,-1.77667,0.00019,-0.18351
5711.31,BTC-27SEP19,1557053940051,open,0.06,939.5,0.03384359,0.08827827,0.05897926,66.78,0.054,0.0,BTC-27SEP19-8000-C,5735.01,65.36,0.056,16.0,0.0615,15.0,67.97,12.05735,-2.77893,4.95125,0.00014,0.27739
5711.31,BTC-27SEP19,1557053940051,open,0.06,62.4,0.04274813,0.09082724,0.0576703,62.41,0.056,0.0,BTC-27SEP19-4500-P,5735.01,61.21,0.0555,9.6,0.06,8.0,63.69,10.40005,-2.2401,-6.09135,0.00013,-0.21103
5711.31,BTC-27SEP19,1557053940051,open,0.0,121.5,2.33e-05,0.00775663,0.00441168,89.84,0.0045,0.0,BTC-27DEC19-1500-P,5735.01,81.76,0.0025,12.0,0.0065,12.0,96.54,1.58476,-0.30179,-0.65996,1e-05,-0.01347
5735.01,index_price,1557053940056,open,0.01,447.1,0.0015912,0.01720494,0.00814279,71.63,0.008,0,BTC-31MAY19-4500-P,5735.01,70.06,0.0075,9.9,0.0095,11.5,74.77,2.39334,-3.31265,-0.38204,0.00014,-0.08582
5711.31,BTC-27SEP19,1557053940058,open,0.57,57.5,0.56282732,0.56916996,0.56835087,77.98,0.389,0.0,BTC-27SEP19-2500-C,5735.01,0.0,0.001,0.4,0.5875,1.0,110.15,2.24134,-0.60324,9.1736,2e-05,0.97302
5711.31,BTC-27SEP19,1557053940058,open,0.48,227.1,0.4774749,0.4917954,0.48493494,70.21,0.456,0.0,BTC-27SEP19-3000-C,5735.01,0.0,0.0155,0.1,0.523,2.0,111.96,3.51971,-0.85285,10.6153,4e-05,0.9532
5724.15,BTC-28JUN19,1557053940068,open,0.0,405.2,2e-08,4.986e-05,0.00051994,91.48,0.001,0.0,BTC-28JUN19-15000-C,5735.01,0.0,0.0,0.0,0.001,98.4,97.98,0.32662,-0.27729,0.03914,1e-05,0.00515
5711.31,BTC-27SEP19,1557053940068,open,0.01,317.3,0.00055526,0.00689791,0.00606502,77.95,0.0085,0.0,BTC-27SEP19-2500-P,5735.01,75.09,0.005,10.0,0.0075,23.0,81.4,2.23854,-0.60222,-0.74816,2e-05,-0.02694
5735.01,index_price,1557053940068,open,0.11,141.0,0.10388955,0.13972864,0.11326935,61.08,0.109,0,BTC-31MAY19-5250-C,5735.01,57.3,0.11,3.2,0.115,3.0,63.05,5.01209,-5.91566,2.52327,0.00035,0.7339
5711.31,BTC-27SEP19,1557053940068,open,0.03,20.7,0.00277158,0.07945383,0.02908902,75.94,0.028,0.0,BTC-27DEC19-14000-C,5735.01,74.0,0.026,12.0,0.0315,12.0,77.4,9.3099,-1.49874,3.4417,6e-05,0.12234
5724.15,BTC-28JUN19,1557053940070,open,0.56,24.4,0.56325415,0.56336535,0.56446099,98.1,0.5115,0.0,BTC-28JUN19-2500-C,5735.01,0.0,0.56,3.0,0.5675,3.0,119.74,0.50881,-0.46325,3.60804,1e-05,0.99149
5711.31,BTC-27SEP19,1557053940070,open,0.03,41.6,0.00447204,0.09181756,0.033099,73.98,0.031,0.0,BTC-27DEC19-13000-C,5735.01,72.2,0.03,12.0,0.0355,12.0,75.31,10.15947,-1.59315,3.90132,7e-05,0.1388
5724.15,BTC-28JUN19,1557053940083,open,0.0,323.7,2.295e-05,0.00159713,0.00208184,77.75,0.002,0.0,BTC-28JUN19-11000-C,5735.01,70.68,0.001,16.0,0.003,0.1,81.96,1.10082,-0.79428,0.15816,3e-05,0.0208
5735.01,index_price,1557053940086,open,0.01,104.7,0.00433097,0.02995107,0.01122526,64.03,0.011,0,BTC-31MAY19-7000-C,5735.01,61.9,0.01,16.0,0.012,0.1,65.32,3.38546,-4.18863,0.5203,0.00023,0.1392
5724.15,BTC-28JUN19,1557053940092,open,0.94,5.7,0.92170564,0.92327982,0.92373432,77.59,1.142,0.0,BTC-28JUN19-11000-P,5735.01,0.0,0.9185,1.5,0.9315,1.5,100.44,1.09019,-0.78502,-16.0801,3e-05,-0.97944
5724.15,BTC-28JUN19,1557053940092,open,0.0,90.1,1.823e-05,0.00294817,0.00364992,83.14,0.004,0.0,BTC-28JUN19-3250-P,5735.01,80.25,0.003,10.5,0.0045,6.9,86.51,1.35786,-1.04775,-0.25639,3e-05,-0.0267
5711.25,BTC-27SEP19,1557053940094,open,0.02,99.8,0.00664266,0.06668326,0.02465666,69.73,0.0235,0.0,BTC-27DEC19-3000-P,5735.01,67.83,0.0225,12.0,0.0275,17.0,72.14,6.59993,-0.97558,-3.73466,4e-05,-0.07653
161.51,index_price,1557053940098,open,0.08,53.0,0.065909,0.110066,0.082782,70.95,0.074,0,ETH-17MAY19-170-P,161.51,63.86,0.078,90.0,0.087,90.0,77.12,0.10983,-0.32811,-0.03754,0.01824,-0.63168
5724.15,BTC-28JUN19,1557053940102,open,0.0,899.3,1.383e-05,0.00089584,0.00239596,86.81,0.0035,0.0,BTC-28JUN19-3000-P,5735.01,80.67,0.0015,26.0,0.0035,21.1,92.66,0.95933,-0.77289,-0.16973,2e-05,-0.01769
5711.25,BTC-27SEP19,1557053940113,open,0.21,818.6,0.198377,0.2551536,0.21403105,61.24,0.202,0.0,BTC-27SEP19-5000-C,5735.01,53.82,0.198,3.0,0.2175,3.0,62.83,12.423,-2.6256,11.1204,0.00016,0.70458
5735.01,index_price,1557053940113,open,0.0,87.2,2.59e-06,0.00134089,0.00171716,93.52,0.0015,0,BTC-31MAY19-3500-P,5735.01,86.21,0.001,16.0,0.0025,6.9,99.54,0.66086,-1.19426,-0.07825,3e-05,-0.01753
5735.01,index_price,1557053940113,open,0.18,65.8,0.17604006,0.19849052,0.18432815,67.85,0.1775,0,BTC-31MAY19-4750-C,5735.01,53.84,0.1775,3.0,0.185,3.0,69.04,3.2044,-4.20096,2.79382,0.0002,0.8715
5711.25,BTC-27SEP19,1557053940113,open,0.65,0.0,0.60792919,0.74824654,0.64429303,65.13,None,0.0,BTC-27DEC19-9000-P,5735.01,0.0,0.001,0.5,0.0,0.0,0.0,15.23595,-2.10346,-50.64956,0.00011,-0.72802
5711.25,BTC-27SEP19,1557053940113,open,0.74,0.0,0.73738377,0.74511739,0.74178019,89.86,None,0.0,BTC-27DEC19-1500-C,5735.01,0.0,0.1,0.2,0.0,0.0,0.0,1.58644,-0.3022,9.03265,1e-05,0.98651
5711.25,BTC-27SEP19,1557053940113,open,0.66,0.0,0.65014498,0.67006859,0.65923917,83.06,None,0.0,BTC-27DEC19-2000-C,5735.01,0.0,0.0005,0.2,0.0,0.0,0.0,2.98194,-0.52501,11.52989,2e-05,0.97163
5724.15,BTC-28JUN19,1557053940126,open,1.11,10.0,1.09638488,1.09704934,1.09764973,80.8,1.243,0.0,BTC-28JUN19-12000-P,5735.01,0.0,0.0005,0.4,0.0,0.0,0.0,0.73122,-0.54833,-17.61429,2e-05,-0.9871
5724.15,BTC-28JUN19,1557053940126,open,0.19,97.0,0.18141779,0.21657958,0.19696785,62.03,0.1965,0.0,BTC-28JUN19-4750-C,5735.01,56.51,0.1915,8.0,0.2045,5.0,69.19,5.84146,-3.36278,5.23413,0.00019,0.81646
5735.01,index_price,1557053940126,open,0.01,247.1,0.00048304,0.01037237,0.00540305,76.3,0.005,0,BTC-31MAY19-4250-P,5735.01,73.22,0.0045,16.0,0.006,6.9,78.2,1.75763,-2.59135,-0.25547,0.0001,-0.05743
5735.01,index_price,1557053940126,open,0.28,0.0,0.26651815,0.2874537,0.27285327,66.7,None,0,BTC-31MAY19-7250-P,5735.01,60.44,0.27,2.0,0.279,2.0,77.61,2.85499,-3.67963,-4.73132,0.00018,-0.89087
5711.25,BTC-27SEP19,1557053940126,open,0.98,0.0,0.93789863,1.05045178,0.97211439,70.11,None,0.0,BTC-27DEC19-11000-P,5735.01,0.0,0.0005,0.2,0.0,0.0,0.0,12.42371,-1.84644,-65.80662,8e-05,-0.81087
5724.15,BTC-28JUN19,1557053940128,open,0.0,680.1,2.2e-07,0.00011142,0.00120019,98.02,0.002,0.0,BTC-28JUN19-2500-P,5735.01,95.62,0.001,25.0,0.0015,13.0,101.16,0.50689,-0.46113,-0.08171,1e-05,-0.00847
5711.25,BTC-27SEP19,1557053940128,open,0.5,0.0,0.45351373,0.60561195,0.49283893,63.99,None,0.0,BTC-27DEC19-8000-P,5735.01,0.0,0.001,0.5,0.0,0.0,0.0,16.92209,-2.2954,-42.35175,0.00013,-0.65465
5711.25,BTC-27SEP19,1557053940130,open,0.57,0.0,0.56418073,0.60217969,0.57691564,74.4,None,0.0,BTC-27DEC19-2500-C,5735.01,0.0,0.0015,1.4,0.0,0.0,0.0,4.46365,-0.70395,13.90112,3e-05,0.95356
5711.25,BTC-27SEP19,1557053940132,open,0.01,84.0,0.00033102,0.02025463,0.00941478,83.04,0.01,0.0,BTC-27DEC19-2000-P,5735.01,81.24,0.0085,0.1,0.0105,12.0,85.06,2.98025,-0.52459,-1.39371,2e-05,-0.02835
5711.25,BTC-27SEP19,1557053940135,open,0.06,387.8,0.01949896,0.14603045,0.05618597,68.02,0.058,0.0,BTC-27DEC19-10000-C,5735.01,66.48,0.0525,19.7,0.058,1.0,68.77,13.8163,-1.99224,6.28046,0.0001,0.22635
5724.15,BTC-28JUN19,1557053940147,open,2.52,0.4,2.49396854,2.49396933,2.49417219,105.28,5.076,0.0,BTC-28JUN19-20000-P,5735.01,0.0,0.0005,0.2,0.0,0.0,0.0,0.13449,-0.13141,-29.50641,0.0,-0.99808
5724.15,BTC-28JUN19,1557053940147,open,0.04,326.6,0.02540762,0.05556471,0.03716317,60.14,0.0325,0.0,BTC-28JUN19-5000-P,5735.01,58.75,0.0355,12.8,0.041,17.8,63.31,6.86259,-3.8302,-2.35594,0.00024,-0.24168
5724.15,BTC-28JUN19,1557053940147,open,0.01,425.8,0.00193261,0.01225616,0.00924129,69.53,0.0085,0.0,BTC-28JUN19-4000-P,5735.01,67.05,0.008,26.0,0.011,11.0,72.8,2.9553,-1.90703,-0.67017,9e-05,-0.07008
5711.25,BTC-27SEP19,1557053940147,open,0.36,0.0,0.31192215,0.4707765,0.35258767,63.01,None,0.0,BTC-27DEC19-7000-P,5735.01,0.0,0.001,0.5,0.0,0.0,0.0,18.11561,-2.41968,-33.64475,0.00014,-0.55899
5711.25,BTC-27SEP19,1557053940147,open,0.82,0.3,0.77042914,0.89696063,0.80706404,68.0,1.4475,0.0,BTC-27DEC19-10000-P,5735.01,0.0,0.1,0.3,0.0,0.0,0.0,13.81204,-1.991,-58.34565,0.0001,-0.77377
5711.25,BTC-27SEP19,1557053940147,open,0.3,10.2,0.27229194,0.39667403,0.30514291,63.6,0.2335,0.0,BTC-27DEC19-4500-C,5735.01,55.14,0.2845,5.0,0.3215,5.0,70.17,14.11529,-1.90299,16.96525,0.00011,0.76481
5724.15,BTC-28JUN19,1557053940156,open,0.74,33.8,0.73795236,0.73795241,0.73800056,110.78,0.7145,0.0,BTC-28JUN19-1500-C,5735.01,0.0,0.7345,3.0,0.741,3.0,176.83,0.03109,-0.03197,2.21036,0.0,0.99961
5735.01,index_price,1557053940156,open,0.01,400.7,0.00151562,0.01925403,0.00476271,67.35,0.004,0,BTC-10MAY19-5250-P,5735.01,63.94,0.004,20.0,0.0055,0.3,70.45,1.32734,-9.16745,-0.09572,0.00045,-0.12018
5711.25,BTC-27SEP19,1557053940163,open,0.63,0.0,0.59362838,0.63788942,0.61772867,69.51,None,0.0,BTC-27SEP19-9000-P,5735.01,0.0,0.002,0.3,0.0,0.0,0.0,10.26001,-2.46135,-31.99714,0.00011,-0.79376
5724.15,BTC-28JUN19,1557053940169,open,1.46,1.3,1.44577807,1.44589566,1.44651844,89.06,2.415,0.0,BTC-28JUN19-14000-P,5735.01,0.0,0.0005,0.2,0.0,0.0,0.0,0.44411,-0.36708,-20.60932,1e-05,-0.99271
5724.15,BTC-28JUN19,1557053940169,open,0.65,20.1,0.65060315,0.65060854,0.65111828,110.13,0.578,0.0,BTC-28JUN19-2000-C,5735.01,0.0,0.647,3.0,0.6545,3.0,146.66,0.23121,-0.23633,2.91816,0.0,0.9965
5735.01,index_price,1557053940169,open,0.07,123.3,0.05445766,0.09680766,0.06472237,59.68,0.07,0,BTC-31MAY19-5750-P,5735.01,57.58,0.0625,9.6,0.069,15.0,63.71,6.07969,-7.01093,-2.19383,0.00044,-0.47488
5711.25,BTC-27SEP19,1557053940171,open,0.0,421.8,5.624e-05,0.00197746,0.00341473,87.26,0.005,0.0,BTC-27SEP19-2000-P,5735.01,82.93,0.0025,25.0,0.0045,12.0,91.56,1.32337,-0.39854,-0.40608,1e-05,-0.0145
5711.25,BTC-27SEP19,1557053940171,open,0.3,0.1,0.28678934,0.32957369,0.30053655,62.91,0.225,0.0,BTC-27SEP19-4250-C,5735.01,48.83,0.2795,3.0,0.3145,3.0,71.33,9.1956,-1.99659,11.94251,0.00011,0.82736
5711.25,BTC-27SEP19,1557053940173,open,0.07,62.5,0.0570382,0.10981929,0.07135599,61.23,0.094,0.0,BTC-27SEP19-4750-P,5735.01,60.55,0.07,12.6,0.075,5.0,63.04,11.46385,-2.42243,-7.31266,0.00014,-0.25123
5724.15,BTC-28JUN19,1557053940173,open,0.43,0.1,0.43224834,0.43517829,0.43588896,83.18,0.395,0.0,BTC-28JUN19-3250-C,5735.01,0.0,0.4305,3.0,0.4385,3.0,92.54,1.35978,-1.0497,4.5403,3e-05,0.97326
5711.25,BTC-27SEP19,1557053940173,open,0.96,3.1,0.93083764,0.95714628,0.95157936,76.0,1.9215,0.0,BTC-27SEP19-11000-P,5735.01,0.0,0.002,0.3,0.0,0.0,0.0,7.58407,-1.98913,-41.30899,8e-05,-0.87068
5711.25,BTC-27SEP19,1557053940177,open,0.36,37.5,0.33385922,0.43927456,0.36068248,63.94,0.3355,0.0,BTC-27DEC19-4000-C,5735.01,52.57,0.3385,5.0,0.3805,5.0,73.39,11.66542,-1.58102,17.28173,9e-05,0.82892
5735.01,index_price,1557053940179,open,0.04,495.1,0.03428503,0.07619073,0.04473963,60.12,0.041,0,BTC-31MAY19-6000-C,5735.01,56.52,0.041,9.6,0.0445,0.1,59.89,5.96858,-6.93392,1.5253,0.00043,0.4199
5711.25,BTC-27SEP19,1557053940181,open,0.19,28.4,0.16520383,0.23022767,0.18597685,62.28,0.184,0.0,BTC-27SEP19-6000-P,5735.01,60.49,0.1815,7.2,0.1915,7.2,64.48,14.31906,-3.07754,-14.91376,0.00018,-0.47191
5724.15,BTC-28JUN19,1557053940183,open,0.07,80.7,0.0497481,0.10116704,0.07054173,59.2,0.0765,0.0,BTC-28JUN19-5500-P,5735.01,57.47,0.068,17.8,0.075,24.2,62.23,8.41375,-4.62226,-3.85867,0.00029,-0.38615
5724.15,BTC-28JUN19,1557053940183,open,0.12,36.5,0.10478942,0.14296278,0.11918378,59.46,0.118,0.0,BTC-28JUN19-6000-P,5735.01,57.7,0.1165,9.6,0.122,1.5,61.3,8.73657,-4.82104,-5.54058,0.0003,-0.53658
5735.01,index_price,1557053940183,open,0.22,20.2,0.21693694,0.23255069,0.22348854,71.63,0.217,0,BTC-31MAY19-4500-C,5735.01,50.35,0.217,3.0,0.2245,3.0,73.99,2.39334,-3.31265,2.80812,0.00014,0.91418
5735.01,index_price,1557053940183,open,0.24,0.0,0.22490426,0.25052436,0.23179854,64.03,None,0,BTC-31MAY19-7000-P,5735.01,59.95,0.2295,2.0,0.238,2.0,73.63,3.38546,-4.18863,-4.44216,0.00023,-0.8608
5711.25,BTC-27SEP19,1557053940183,open,0.5,0.0,0.4813636,0.5414042,0.49939324,69.75,None,0.0,BTC-27DEC19-3000-C,5735.01,0.0,0.16,0.3,0.0,0.0,0.0,6.60152,-0.97601,15.65092,4e-05,0.92344
5724.15,BTC-28JUN19,1557053940186,open,0.01,71.7,0.00032976,0.0095342,0.00655506,73.18,0.005,0.0,BTC-28JUN19-3750-P,5735.01,70.39,0.0055,26.0,0.008,16.9,76.64,2.26772,-1.54003,-0.47774,6e-05,-0.04999
5724.15,BTC-28JUN19,1557053940188,open,0.07,2419.9,0.05659886,0.09477222,0.0710097,59.47,0.0795,0.0,BTC-28JUN19-6000-C,5735.01,57.5,0.068,19.6,0.0725,0.1,60.45,8.73661,-4.82194,3.31575,0.0003,0.46345
5724.15,BTC-28JUN19,1557053940194,open,1.29,0.8,1.27108015,1.27135934,1.27234084,87.96,2.171,0.0,BTC-28JUN19-13000-P,5735.01,0.0,0.07,1.0,0.0,0.0,0.0,0.68526,-0.55942,-19.09815,2e-05,-0.98803
5724.15,BTC-28JUN19,1557053940216,open,0.0,899.9,0.00013501,0.00379985,0.00319874,72.94,0.003,0.0,BTC-28JUN19-10000-C,5735.01,70.22,0.0025,22.9,0.004,0.1,75.64,1.5829,-1.07153,0.24427,4e-05,0.03211
5724.15,BTC-28JUN19,1557053940216,open,0.47,43.8,0.47591855,0.47680056,0.47830892,86.86,0.433,0.0,BTC-28JUN19-3000-C,5735.01,0.0,0.4735,3.0,0.4815,3.0,101.3,0.96135,-0.77496,4.25797,2e-05,0.98226
5711.25,BTC-27SEP19,1557053940216,open,0.4,261.1,0.39603241,0.42118198,0.40656007,66.56,0.38,0.0,BTC-27SEP19-3500-C,5735.01,0.0,0.161,1.0,0.4675,1.5,114.28,5.55952,-1.27715,11.54399,6e-05,0.9158
5724.15,BTC-28JUN19,1557053940216,open,0.23,249.8,0.22239984,0.24253718,0.23281685,64.16,0.235,0.0,BTC-28JUN19-4500-C,5735.01,56.78,0.227,8.0,0.2355,3.0,67.29,4.7941,-2.85456,5.33466,0.00015,0.8642
5711.25,BTC-27SEP19,1557053940216,open,0.01,18.3,0.00515008,0.02462508,0.01387289,67.84,0.021,0.0,BTC-27SEP19-3250-P,5735.01,65.35,0.012,12.0,0.016,11.0,70.5,4.43442,-1.03827,-1.7351,5e-05,-0.06267
5735.01,index_price,1557053940216,open,0.01,208.0,0.00769987,0.03826385,0.01486178,61.44,0.014,0,BTC-31MAY19-6750-C,5735.01,60.19,0.014,12.8,0.015,0.1,61.63,4.01037,-4.76088,0.67244,0.00028,0.18026
5735.01,index_price,1557053940216,open,0.35,0.0,0.34614202,0.34906616,0.34857779,87.1,None,0,BTC-31MAY19-3750-C,5735.01,0.0,0.3435,3.0,0.3505,3.0,97.19,0.91371,-1.53776,2.54394,4e-05,0.97429
5711.25,BTC-27SEP19,1557053940216,open,0.18,60.1,0.13851694,0.28832404,0.17662903,62.47,0.1835,0.0,BTC-27DEC19-5500-P,5735.01,60.95,0.172,5.0,0.182,14.6,64.24,17.36757,-2.29978,-20.25471,0.00013,-0.37216
5711.25,BTC-27SEP19,1557053940216,open,0.15,52.1,0.10983742,0.26886432,0.15031258,62.65,0.1455,0.0,BTC-27DEC19-6500-C,5735.01,61.31,0.146,11.0,0.1535,10.0,63.64,18.31601,-2.43245,12.83214,0.00014,0.49799
5735.01,index_price,1557053940219,open,0.13,1.9,0.11151029,0.15086453,0.12121898,60.43,0.1135,0,BTC-31MAY19-6250-P,5735.01,57.04,0.118,3.0,0.126,3.0,65.37,5.49527,-6.41696,-3.2375,0.00039,-0.67508
161.51,index_price,1557053940241,open,0.0,216.0,0.0,0.002704,0.002565,108.88,0.003,0,ETH-10MAY19-200-C,161.51,112.31,0.003,38.0,0.004,180.0,119.3,0.01954,-0.2182,0.00104,0.00515,0.05095
161.51,index_price,1557053940264,open,0.26,0.0,0.257014,0.262038,0.258457,86.27,None,0,ETH-17MAY19-120-C,161.51,0.0,0.001,18.0,0.341,2.0,300.39,0.01615,-0.05866,0.03773,0.00221,0.97653
161.51,index_price,1557053940279,open,0.0,220.0,1.5e-05,0.00977,0.004333,90.95,0.005,0,ETH-17MAY19-210-C,161.51,78.47,0.002,150.0,0.006,150.0,97.66,0.0367,-0.14053,0.00316,0.00475,0.06446
5735.01,index_price,1557053940291,open,0.19,0.0,0.17835339,0.20464091,0.18214097,66.31,None,0,BTC-17MAY19-6750-P,5735.01,53.77,0.179,2.0,0.1865,2.0,78.53,1.76677,-4.9325,-2.02602,0.00025,-0.90364
161.51,index_price,1557053940302,open,0.01,488.0,0.001752,0.021271,0.010035,77.88,0.008,0,ETH-10MAY19-150-P,161.51,71.26,0.008,120.0,0.013,120.0,86.92,0.05117,-0.40865,-0.00438,0.01885,-0.19315
161.51,index_price,1557053940345,open,0.02,85.0,0.003615,0.03842,0.017482,75.68,0.017,0,ETH-17MAY19-180-C,161.51,69.19,0.014,120.0,0.02,120.0,80.15,0.08931,-0.28457,0.01138,0.01391,0.23399
5735.01,index_price,1557053940354,open,0.02,29.5,0.01821326,0.06340014,0.02489538,60.09,0.018,0,BTC-17MAY19-6000-C,5735.01,56.51,0.0225,16.0,0.025,0.1,60.24,3.86442,-9.77666,0.62243,0.0006,0.35847
5711.25,BTC-27SEP19,1557053940392,open,1.84,0.0,1.80257733,1.86176452,1.82497196,79.65,None,0.0,BTC-27DEC19-16000-P,5735.01,0.0,0.0,0.0,0.0,0.0,0.0,7.98296,-1.34779,-100.62011,5e-05,-0.90126
5735.01,index_price,1557053940394,open,0.0,44.2,0.00033024,0.01313048,0.00193652,67.72,0.0015,0,BTC-10MAY19-6500-C,5735.01,64.3,0.0015,20.0,0.002,0.1,68.18,0.78239,-5.43342,0.04395,0.00026,0.0593
5735.01,index_price,1557053940417,open,0.01,45.4,0.00235201,0.02945102,0.00637235,64.55,0.0075,0,BTC-17MAY19-5000-P,5735.01,61.87,0.0055,25.0,0.0075,0.5,67.8,1.92214,-5.22365,-0.21377,0.00028,-0.10819
161.51,index_price,1557053940491,open,0.24,0.0,0.238314,0.241017,0.240879,108.88,None,0,ETH-10MAY19-200-P,161.51,0.0,0.001,15.0,0.261,3.0,194.22,0.01954,-0.2182,-0.02567,0.00515,-0.94905
5735.01,index_price,1557053940500,open,0.26,0.0,0.25893765,0.25941488,0.25927564,110.0,None,0,BTC-10MAY19-4250-C,5735.01,0.0,0.256,3.0,0.2625,3.0,160.46,0.14122,-1.59306,0.56152,3e-05,0.99225
5735.01,index_price,1557053940522,open,0.17,6.7,0.1717616,0.17601159,0.17308783,90.28,0.118,0,BTC-10MAY19-4750-C,5735.01,0.0,0.169,3.0,0.1755,3.0,111.56,0.47051,-4.35613,0.6093,0.00012,0.96843
161.51,index_price,1557053940539,open,0.31,0.0,0.300244,0.309999,0.304562,90.95,None,0,ETH-17MAY19-210-P,161.51,0.0,0.001,15.0,0.388,2.0,249.56,0.0367,-0.14053,-0.06517,0.00475,-0.93554
161.51,index_price,1557053940629,open,0.04,266.0,0.02566,0.05526,0.038383,73.02,0.039,0,ETH-10MAY19-160-C,161.51,65.59,0.035,90.0,0.041,2.0,78.76,0.0736,-0.55111,0.01128,0.02893,0.561
5735.01,index_price,1557053940656,open,0.0,21.4,0.00047283,0.02048966,0.00320248,69.1,0.0035,0,BTC-17MAY19-7000-C,5735.01,62.95,0.002,20.0,0.004,0.1,72.5,1.26698,-3.68608,0.11003,0.00017,0.06217
5735.01,index_price,1557053940692,open,0.05,670.5,0.04873798,0.07493572,0.05266611,60.79,0.053,0,BTC-10MAY19-5500-C,5735.01,56.32,0.051,4.0,0.0545,3.0,65.58,2.16751,-13.51328,0.52338,0.00081,0.73585
5724.15,BTC-28JUN19,1557053940750,open,0.03,1701.5,0.0161077,0.04539095,0.02894925,61.86,0.0305,0.0,BTC-28JUN19-7000-C,5735.01,60.18,0.027,12.8,0.0295,10.1,62.32,6.73193,-3.86473,1.72704,0.00023,0.23336
5735.01,index_price,1557053940758,open,0.08,5.2,0.06441893,0.10960581,0.07110095,60.09,0.069,0,BTC-17MAY19-6000-P,5735.01,57.7,0.0695,0.2,0.0735,12.0,63.63,3.86442,-9.77662,-1.32974,0.0006,-0.64153
5735.01,index_price,1557053940795,open,0.14,3.0,0.13371972,0.14651996,0.13532595,67.72,0.151,0,BTC-10MAY19-6500-P,5735.01,0.0,0.132,2.0,0.139,2.0,87.64,0.78238,-5.4333,-0.82433,0.00026,-0.9407
5735.01,index_price,1557053940809,open,0.09,4.0,0.09203635,0.12843829,0.09747786,61.67,0.079,0,BTC-17MAY19-5250-C,5735.01,58.67,0.096,0.1,0.1,7.0,66.58,2.87563,-7.46594,1.31524,0.00044,0.80234
163.95,ETH-27SEP19,1557053940818,open,0.86,1.0,0.841599,0.894205,0.864006,77.87,1.018,0.0,ETH-27SEP19-300-P,161.51,0.0,0.0,0.0,0.885,2.0,90.17,0.25337,-0.06809,-1.10758,0.00305,-0.838
162.78,ETH-28JUN19,1557053940823,open,0.11,1378.0,0.099768,0.182014,0.106615,64.55,0.099,0.0,ETH-28JUN19-160-C,161.51,60.82,0.101,60.0,0.111,72.0,67.47,0.24487,-0.14669,0.11295,0.0097,0.5767
162.78,ETH-28JUN19,1557053940853,open,0.04,2674.0,0.025873,0.10086,0.036069,68.57,0.04,0.0,ETH-28JUN19-200-C,161.51,66.07,0.033,156.0,0.04,60.0,71.7,0.202,-0.12855,0.05329,0.00753,0.25787
163.95,ETH-27SEP19,1557053940855,open,1.34,1.0,1.32037,1.349831,1.340347,87.47,1.285,0.0,ETH-27SEP19-380-P,161.51,0.0,0.0,0.0,0.0,0.0,0.0,0.18869,-0.05696,-1.45421,0.00202,-0.89433
163.95,ETH-27SEP19,1557053940857,open,1.22,0.0,1.199558,1.233773,1.219366,84.38,None,0.0,ETH-27SEP19-360-P,161.51,0.0,0.0,0.0,1.228,1.0,91.02,0.19727,-0.05745,-1.3711,0.00219,-0.88759
162.78,ETH-28JUN19,1557053940949,open,0.32,1514.0,0.307799,0.376879,0.319493,71.3,0.37,0.0,ETH-28JUN19-210-P,161.51,0.0,0.046,13.0,0.318,1.0,69.96,0.18221,-0.12058,-0.26563,0.00653,-0.78606
5724.12,BTC-28JUN19,1557053940959,open,0.02,17.2,0.00500294,0.03644064,0.01944894,64.2,0.0165,0.0,BTC-28JUN19-7500-C,5735.01,62.12,0.0175,12.8,0.0205,10.1,65.29,5.46928,-3.2587,1.2338,0.00018,0.16548
162.78,ETH-28JUN19,1557053940964,open,0.14,556.0,0.132873,0.21005,0.139159,64.56,0.15,0.0,ETH-28JUN19-150-C,161.51,59.36,0.132,132.0,0.143,72.0,67.33,0.2251,-0.13487,0.12874,0.00891,0.67496
163.95,ETH-27SEP19,1557053940968,open,0.63,1.0,0.611178,0.678815,0.634349,73.69,0.573,0.0,ETH-27SEP19-260-P,161.51,0.0,0.361,12.0,0.668,1.0,90.13,0.30843,-0.07844,-0.91825,0.00392,-0.77672
5735.01,index_price,1557053940997,open,0.0,187.7,0.0,0.00047723,0.00033799,110.0,0.0005,0,BTC-10MAY19-4250-P,5735.01,115.72,0.0005,12.6,0.001,10.3,127.86,0.14122,-1.59306,-0.00619,3e-05,-0.00775
5735.01,index_price,1557053941004,open,0.06,17.4,0.05354194,0.08040831,0.05689703,59.21,0.0585,0,BTC-10MAY19-6000-P,5735.01,52.72,0.0545,4.0,0.059,4.0,64.66,2.17401,-13.20034,-0.60612,0.00084,-0.73429
162.78,ETH-28JUN19,1557053941046,open,0.37,1139.0,0.363489,0.42617,0.374493,72.57,0.4,0.0,ETH-28JUN19-220-P,161.51,0.0,0.056,16.0,0.377,1.0,75.07,0.16026,-0.10794,-0.28859,0.00565,-0.82663
163.95,ETH-27SEP19,1557053941049,open,0.75,0.0,0.725106,0.78508,0.748016,75.71,None,0.0,ETH-27SEP19-280-P,161.51,0.0,0.0,0.0,0.775,2.0,90.12,0.27889,-0.07287,-1.01488,0.00345,-0.81155
162.78,ETH-28JUN19,1557053941054,open,0.09,3075.0,0.082689,0.164936,0.089476,64.51,0.09,0.0,ETH-28JUN19-160-P,161.51,61.54,0.085,132.0,0.095,132.0,68.18,0.24487,-0.1466,-0.12321,0.00971,-0.42331
5735.01,index_price,1557053941062,open,0.0,171.1,7.76e-06,0.00425775,0.00133404,90.28,0.0025,0,BTC-10MAY19-4750-P,5735.01,85.86,0.001,50.0,0.002,16.9,97.47,0.47052,-4.35624,-0.02521,0.00012,-0.03157
161.51,index_price,1557053941103,open,0.19,150.0,0.177142,0.201349,0.185964,78.48,0.148,0,ETH-17MAY19-190-P,161.51,64.31,0.181,30.0,0.189,30.0,85.61,0.06509,-0.21508,-0.05492,0.00977,-0.85922
5735.01,index_price,1557053941184,open,0.01,4.2,0.00855898,0.04869689,0.01400606,60.56,0.0115,0,BTC-17MAY19-6250-C,5735.01,57.78,0.0125,16.0,0.0145,0.1,61.45,3.15556,-8.04554,0.40657,0.00049,0.23189
5735.01,index_price,1557053941206,open,0.01,40.8,0.00746631,0.04386825,0.01290783,61.67,0.0125,0,BTC-17MAY19-5250-P,5735.01,59.84,0.012,16.0,0.014,0.5,63.82,2.87563,-7.46594,-0.39291,0.00044,-0.19766
5735.01,index_price,1557053941230,open,0.02,283.7,0.02179787,0.05175846,0.02593654,58.98,0.023,0,BTC-10MAY19-5750-C,5735.01,53.69,0.0235,12.0,0.028,6.4,63.45,2.64431,-15.9928,0.36189,0.00102,0.49832
5724.12,BTC-28JUN19,1557053941257,open,0.34,0.0,0.31524801,0.34668571,0.3296734,64.18,None,0.0,BTC-28JUN19-7500-P,5735.01,59.61,0.3255,2.0,0.3365,2.0,70.93,5.4671,-3.25632,-9.83723,0.00018,-0.83462
161.51,index_price,1557053941305,open,0.14,0.0,0.13437,0.158607,0.14132,71.62,None,0,ETH-17MAY19-140-C,161.51,64.8,0.139,30.0,0.146,30.0,83.45,0.05855,-0.17656,0.03877,0.00963,0.87919
5735.01,index_price,1557053941305,open,0.01,157.5,0.00775985,0.03395759,0.01168797,60.79,0.0105,0,BTC-10MAY19-5500-P,5735.01,58.96,0.011,0.1,0.0135,16.0,65.53,2.16751,-13.51328,-0.21131,0.00081,-0.26415
5735.01,index_price,1557053941367,open,0.23,0.0,0.22104611,0.24106295,0.22377571,69.1,None,0,BTC-17MAY19-7000-P,5735.01,0.0,0.2205,2.0,0.228,2.0,84.2,1.26697,-3.68604,-2.1675,0.00017,-0.93783
163.95,ETH-27SEP19,1557053941425,open,1.1,0.0,1.079297,1.118949,1.100369,82.47,None,0.0,ETH-27SEP19-340-P,161.51,0.0,0.0,0.0,1.112,1.0,90.64,0.21418,-0.06096,-1.28462,0.00243,-0.87369
5711.25,BTC-27SEP19,1557053941457,open,0.06,387.8,0.01949896,0.14603045,0.05618065,68.02,0.058,0.0,BTC-27DEC19-10000-C,5735.01,66.48,0.0525,19.8,0.058,1.0,68.77,13.8163,-1.99224,6.28046,0.0001,0.22635
5735.01,index_price,1557053941500,open,0.0,193.5,0.0018162,0.02164043,0.00509199,65.68,0.0035,0,BTC-10MAY19-6250-C,5735.01,58.92,0.0035,20.0,0.006,20.1,69.15,1.4522,-9.78125,0.10089,0.0005,0.13679
5711.25,BTC-27SEP19,1557053941574,open,0.02,99.8,0.00664266,0.06668326,0.02465976,69.73,0.0235,0.0,BTC-27DEC19-3000-P,5735.01,67.83,0.0225,12.0,0.0275,17.1,72.14,6.59993,-0.97558,-3.73466,4e-05,-0.07653
5735.01,index_price,1557053941580,open,0.13,87.6,0.12832091,0.1378753,0.1301528,75.25,0.1075,0,BTC-10MAY19-5000-C,5735.01,0.0,0.126,3.0,0.133,3.0,93.18,0.71139,-5.48959,0.62611,0.00022,0.94743
5711.31,BTC-27SEP19,1557053941579,open,0.01,160.2,0.00191313,0.03991102,0.01463643,74.38,0.0135,0.0,BTC-27DEC19-2500-P,5735.01,72.23,0.013,2.1,0.017,17.1,77.31,4.46173,-0.70349,-2.25332,3e-05,-0.04642
5735.01,index_price,1557053941626,open,0.11,0.0,0.09835656,0.13849447,0.10380364,60.56,None,0,BTC-17MAY19-6250-P,5735.01,55.31,0.101,3.0,0.108,3.0,67.93,3.15556,-8.04554,-1.62694,0.00049,-0.76811
5735.01,index_price,1557053941628,open,0.06,36.2,0.05944174,0.10303711,0.06582448,59.92,0.0515,0,BTC-17MAY19-5500-C,5735.01,56.34,0.0635,12.0,0.068,3.0,63.24,3.74425,-9.446,1.12821,0.00058,0.67045
161.51,index_price,1557053941665,open,0.25,0.0,0.238432,0.254107,0.244404,84.22,None,0,ETH-17MAY19-200-P,161.51,0.0,0.001,18.0,0.316,2.0,214.58,0.04792,-0.16993,-0.06058,0.0067,-0.90842
161.51,index_price,1557053941699,open,0.2,140.0,0.195096,0.197143,0.19651,102.72,0.183,0,ETH-10MAY19-130-C,161.51,0.0,0.001,25.0,0.281,1.0,402.85,0.01254,-0.13211,0.0167,0.0035,0.97045
5735.01,index_price,1557053941729,open,0.03,122.8,0.02441164,0.05437223,0.02855046,58.98,0.0285,0,BTC-10MAY19-5750-P,5735.01,57.78,0.028,5.0,0.0305,12.0,63.2,2.64431,-15.99288,-0.4062,0.00102,-0.50168
161.51,index_price,1557053941748,open,0.0,478.0,1.4e-05,0.006571,0.003596,94.67,0.005,0,ETH-10MAY19-190-C,161.51,83.57,0.002,150.0,0.005,150.0,102.44,0.02678,-0.26002,0.00157,0.00812,0.07634
161.51,index_price,1557053941812,open,0.09,20.0,0.078963,0.117053,0.093202,71.62,0.111,0,ETH-17MAY19-150-C,161.51,66.1,0.09,30.0,0.097,30.0,78.0,0.09489,-0.28612,0.03388,0.01561,0.7379
5735.01,index_price,1557053941984,open,0.17,0.0,0.17229999,0.1903598,0.17487862,68.59,None,0,BTC-17MAY19-4750-C,5735.01,0.0,0.1715,3.0,0.178,3.0,81.25,1.17508,-3.39332,1.43425,0.00016,0.94352
161.51,index_price,1557053942026,open,0.0,107.0,0.0,0.002047,0.001414,102.72,0.001,0,ETH-10MAY19-130-P,161.51,0.0,0.0,0.0,0.003,49.0,118.88,0.01254,-0.13211,-0.00067,0.0035,-0.02955
161.51,index_price,1557053942083,open,0.02,102.0,0.007698,0.045788,0.021937,71.62,0.023,0,ETH-17MAY19-150-P,161.51,64.8,0.018,120.0,0.024,120.0,75.1,0.09489,-0.28612,-0.01493,0.01561,-0.2621
5735.01,index_price,1557053942089,open,0.0,877.8,0.00015897,0.00971336,0.00199093,75.25,0.002,0,BTC-10MAY19-5000-P,5735.01,75.32,0.002,49.9,0.0025,0.1,79.11,0.7114,-5.48973,-0.0418,0.00022,-0.05257
161.51,index_price,1557053942099,open,0.18,0.0,0.176412,0.182968,0.179994,94.67,None,0,ETH-10MAY19-190-P,161.51,67.98,0.177,30.0,0.183,30.0,110.14,0.02678,-0.26002,-0.02381,0.00812,-0.92366
5735.01,index_price,1557053942109,open,0.03,76.8,0.01846361,0.06205898,0.0248464,59.92,0.027,0,BTC-17MAY19-5500-P,5735.01,57.08,0.023,16.0,0.0275,22.9,63.97,3.74425,-9.44602,-0.66128,0.00058,-0.32955
161.51,index_price,1557053942280,open,0.12,30.0,0.114853,0.129156,0.121665,85.45,0.093,0,ETH-10MAY19-180-P,161.51,69.74,0.118,30.0,0.125,30.0,97.09,0.04299,-0.37673,-0.02102,0.01444,-0.85272
161.51,index_price,1557053942337,open,0.05,40.0,0.037112,0.08342,0.055165,70.35,0.062,0,ETH-17MAY19-160-C,161.51,65.91,0.052,90.0,0.06,90.0,77.13,0.11513,-0.341,0.02625,0.01928,0.55467
161.51,index_price,1557053942353,open,0.14,390.0,0.133224,0.140911,0.136977,90.24,0.133,0,ETH-10MAY19-140-C,161.51,65.72,0.134,30.0,0.14,30.0,105.9,0.02708,-0.25057,0.01695,0.00861,0.92256
5735.01,index_price,1557053942456,open,0.15,0.0,0.13699902,0.1703122,0.14214493,64.17,None,0,BTC-17MAY19-6500-P,5735.01,54.73,0.1385,2.0,0.146,2.0,72.62,2.44331,-6.60117,-1.8458,0.00036,-0.84706
162.78,ETH-28JUN19,1557053942467,open,0.13,5297.0,0.117621,0.20174,0.125755,65.29,0.103,0.0,ETH-28JUN19-170-P,161.51,62.21,0.121,72.0,0.132,132.0,69.39,0.24921,-0.15101,-0.1549,0.00976,-0.51898
5711.16,BTC-27SEP19,1557053942555,open,0.43,0.0,0.38076097,0.45714116,0.42096228,63.45,None,0.0,BTC-27DEC19-7500-P,5735.01,0.0,0.0005,0.5,0.0,0.0,0.0,17.61616,-2.36949,-38.04752,0.00013,-0.60993
5735.01,index_price,1557053942589,open,0.0,105.1,0.00054615,0.01860596,0.00312478,68.59,0.005,0,BTC-17MAY19-4750-P,5735.01,65.36,0.0025,20.0,0.0035,0.5,70.37,1.17508,-3.39332,-0.11121,0.00016,-0.05648
161.51,index_price,1557053942589,open,0.05,274.0,0.027763,0.07407,0.045816,70.35,0.047,0,ETH-17MAY19-160-P,161.51,63.59,0.041,90.0,0.049,90.0,74.82,0.11513,-0.341,-0.02581,0.01928,-0.44533
5724.08,BTC-28JUN19,1557053942875,open,0.19,6.0,0.16028642,0.20908411,0.18108018,60.63,0.285,0.0,BTC-28JUN19-6500-P,5735.01,57.33,0.1765,3.0,0.1865,3.0,64.48,8.00122,-4.50228,-7.15806,0.00027,-0.66613
5724.08,BTC-28JUN19,1557053942885,open,0.0,1413.3,0.0,5e-08,4.408e-05,110.0,0.0005,0.0,BTC-28JUN19-1500-P,5735.01,0.0,0.0,0.0,0.0005,61.1,138.4,0.02898,-0.02958,-0.00343,0.0,-0.00036
5724.08,BTC-28JUN19,1557053942899,open,0.35,30.0,0.34520272,0.35440797,0.35143701,73.2,0.298,0.0,BTC-28JUN19-3750-C,5735.01,52.97,0.346,3.0,0.3545,3.0,80.19,2.26932,-1.54156,5.05698,6e-05,0.94997
5724.08,BTC-28JUN19,1557053942919,open,0.01,167.1,0.00257252,0.0232351,0.01348605,66.96,0.014,0.0,BTC-28JUN19-4250-P,5735.01,64.69,0.012,1.0,0.0155,26.0,69.88,3.83703,-2.38442,-0.95213,0.00012,-0.0992
5735.01,index_price,1557053942919,open,0.05,60.1,0.03733694,0.08402762,0.04408153,59.38,0.047,0,BTC-17MAY19-5750-P,5735.01,55.79,0.0415,12.0,0.0465,12.0,62.74,4.12518,-10.31237,-0.99351,0.00065,-0.48836
5735.01,index_price,1557053942922,open,0.39,0.0,0.38971594,0.39105424,0.39143054,93.52,None,0,BTC-31MAY19-3500-C,5735.01,0.0,0.3865,3.0,0.3935,3.0,107.35,0.66086,-1.19427,2.40298,3e-05,0.98247
5724.08,BTC-28JUN19,1557053942925,open,1.64,2.0,1.62050846,1.6205583,1.62099626,90.9,2.658,0.0,BTC-28JUN19-15000-P,5735.01,0.0,0.0005,0.2,0.0,0.0,0.0,0.31143,-0.26272,-22.10355,1e-05,-0.99512
5711.16,BTC-27SEP19,1557053942929,open,0.02,349.1,0.00885896,0.03400982,0.01936928,66.54,0.0165,0.0,BTC-27SEP19-3500-P,5735.01,64.05,0.017,12.0,0.0215,6.0,68.69,5.55768,-1.27638,-2.34699,6e-05,-0.08416
5711.16,BTC-27SEP19,1557053942934,open,0.47,2.5,0.43460529,0.48903792,0.45970163,66.76,1.278,0.0,BTC-27SEP19-8000-P,5735.01,59.8,0.4455,1.5,0.4735,1.5,73.13,12.05464,-2.77755,-26.80402,0.00014,-0.72272
5724.08,BTC-28JUN19,1557053942941,open,0.76,43.0,0.74714061,0.75080508,0.7501826,72.86,0.89,0.0,BTC-28JUN19-10000-P,5735.01,0.0,0.746,1.7,0.7585,1.7,92.35,1.57611,-1.0658,-14.51742,4e-05,-0.96806
5735.01,index_price,1557053942972,open,0.09,17.6,0.0804907,0.12239641,0.09094481,60.12,0.107,0,BTC-31MAY19-6000-P,5735.01,57.77,0.0885,9.6,0.095,12.6,64.01,5.96858,-6.93386,-2.72824,0.00043,-0.5801
5735.01,index_price,1557053942978,open,0.03,357.0,0.02171272,0.06106695,0.03142113,60.43,0.0345,0,BTC-31MAY19-6250-C,5735.01,57.36,0.0285,12.8,0.0315,0.1,60.51,5.49526,-6.41692,1.19327,0.00039,0.32492
5735.01,index_price,1557053942982,open,0.05,347.9,0.03403713,0.07434077,0.04370394,59.71,0.043,0,BTC-31MAY19-5500-P,5735.01,58.51,0.0425,12.8,0.0475,7.6,63.49,5.74441,-6.62797,-1.66541,0.00041,-0.36592
5724.08,BTC-28JUN19,1557053942994,open,0.01,1292.4,0.00372729,0.02051611,0.01303285,66.04,0.0155,0.0,BTC-28JUN19-8000-C,5735.01,63.95,0.0115,16.0,0.014,10.1,67.31,4.30925,-2.64129,0.87457,0.00013,0.11654
5711.16,BTC-27SEP19,1557053943035,open,0.23,32.8,0.18980643,0.34602931,0.22955559,62.48,0.2435,0.0,BTC-27DEC19-6000-P,5735.01,60.89,0.2245,7.2,0.235,5.0,64.2,18.10306,-2.39768,-24.68332,0.00014,-0.43923
5711.12,BTC-27SEP19,1557053943113,open,0.21,50.9,0.17549531,0.32530452,0.21363312,62.48,0.21,0.0,BTC-27DEC19-5500-C,5735.01,60.63,0.208,5.8,0.217,5.0,63.58,17.3673,-2.30004,15.28696,0.00013,0.62783
5711.12,BTC-27SEP19,1557053943126,open,0.14,30.0,0.11489586,0.17733662,0.13233569,61.23,0.1525,0.0,BTC-27SEP19-5500-P,5735.01,60.26,0.13,12.6,0.135,2.5,62.33,13.76116,-2.90786,-11.74334,0.00017,-0.38571
5724.08,BTC-28JUN19,1557053943130,open,0.26,19.5,0.23900975,0.2682919,0.25183784,61.85,0.7515,0.0,BTC-28JUN19-7000-P,5735.01,58.52,0.248,2.0,0.257,1.5,66.14,6.73053,-3.86307,-8.60584,0.00023,-0.76672
5711.12,BTC-27SEP19,1557053943130,open,0.42,5.8,0.40393348,0.48729524,0.42665236,66.23,0.37,0.0,BTC-27DEC19-3500-C,5735.01,0.0,0.387,1.0,0.68,3.0,201.77,9.06618,-1.27274,16.81208,6e-05,0.88217
5711.12,BTC-27SEP19,1557053943163,open,0.27,290.2,0.25481942,0.30290154,0.26976307,62.42,0.27,0.0,BTC-27SEP19-4500-C,5735.01,51.16,0.25,3.0,0.2725,3.0,63.92,10.40102,-2.24071,11.76854,0.00013,0.78892
5711.12,BTC-27SEP19,1557053943173,open,0.01,605.2,0.00274918,0.0170716,0.01019436,70.18,0.012,0.0,BTC-27SEP19-3000-P,5735.01,67.31,0.0085,12.0,0.012,11.0,73.0,3.51734,-0.85196,-1.29109,4e-05,-0.04676
5711.12,BTC-27SEP19,1557053943178,open,1.14,6.1,1.10366772,1.12340638,1.12180763,78.63,1.9095,0.0,BTC-27SEP19-12000-P,5735.01,0.0,0.012,0.1,0.0,0.0,0.0,6.56339,-1.78121,-45.70768,6e-05,-0.89454
5711.12,BTC-27SEP19,1557053943178,open,0.1,117.0,0.06021675,0.18460233,0.09304798,63.59,0.115,0.0,BTC-27DEC19-4500-P,5735.01,62.36,0.09,5.0,0.0965,5.0,64.99,14.11513,-1.90272,-12.11473,0.00011,-0.2352
5735.01,index_price,1557053943508,open,0.01,442.2,0.00733627,0.03420263,0.01069105,59.21,0.01,0,BTC-10MAY19-6000-C,5735.01,56.03,0.0095,16.0,0.01,0.5,57.37,2.174,-13.20009,0.19536,0.00084,0.2657
161.51,index_price,1557053943526,open,0.0,0.0,2e-06,0.005026,0.001445,86.27,None,0,ETH-17MAY19-120-P,161.51,0.0,0.0,0.0,0.003,150.0,98.58,0.01615,-0.05866,-0.00131,0.00221,-0.02347
161.51,index_price,1557053943589,open,0.13,1.0,0.118097,0.152902,0.131964,75.68,0.102,0,ETH-17MAY19-180-P,161.51,66.3,0.127,30.0,0.134,30.0,79.31,0.08931,-0.28457,-0.04719,0.01391,-0.76601
5711.12,BTC-27SEP19,1557053943680,open,0.01,605.2,0.00274918,0.0170716,0.01019567,70.18,0.012,0.0,BTC-27SEP19-3000-P,5735.04,67.31,0.0085,12.0,0.012,6.0,73.0,3.51734,-0.85196,-1.29109,4e-05,-0.04676
161.51,index_price,1557053943782,open,0.2,0.0,0.19518,0.207421,0.198401,77.77,None,0,ETH-17MAY19-130-C,161.51,0.0,0.001,18.0,0.269,2.0,236.67,0.03143,-0.10293,0.03934,0.00476,0.94708
162.78,ETH-28JUN19,1557053943818,open,0.0,2751.0,0.0,0.001343,0.000891,110.0,0.002,0.0,ETH-28JUN19-500-C,161.51,111.35,0.001,50.0,0.002,36.0,120.44,0.01259,-0.01285,0.00153,0.00029,0.00726
163.95,ETH-27SEP19,1557053943818,open,0.07,877.0,0.054147,0.135887,0.073119,68.66,0.078,0.0,ETH-27SEP19-220-C,161.51,66.83,0.069,232.0,0.079,60.0,71.25,0.37011,-0.0877,0.16164,0.00505,0.32151
163.95,ETH-27SEP19,1557053943821,open,0.0,174.0,0.000273,0.00673,0.002971,81.93,0.003,0.0,ETH-27SEP19-60-P,161.51,69.84,0.001,1946.0,0.005,90.0,89.72,0.0362,-0.01024,-0.01085,0.00041,-0.01371
162.78,ETH-28JUN19,1557053943821,open,0.85,0.0,0.843364,0.865381,0.849955,89.53,None,0.0,ETH-28JUN19-300-P,161.51,0.0,0.0,0.0,0.0,0.0,0.0,0.06877,-0.05714,-0.43147,0.00196,-0.9458
162.78,ETH-28JUN19,1557053943823,open,0.26,1944.0,0.254526,0.329512,0.264708,68.56,0.26,0.0,ETH-28JUN19-200-P,161.51,0.0,0.064,20.0,0.0,0.0,0.0,0.20198,-0.12851,-0.24192,0.00753,-0.74217
162.78,ETH-28JUN19,1557053943823,open,0.08,2438.0,0.073267,0.157386,0.081401,65.32,0.091,0.0,ETH-28JUN19-170-C,161.51,61.79,0.076,132.0,0.086,132.0,68.32,0.24921,-0.15107,0.09603,0.00976,0.48107
162.78,ETH-28JUN19,1557053943831,open,0.39,0.0,0.386793,0.408932,0.389133,72.3,None,0.0,ETH-28JUN19-100-C,161.51,0.0,0.0,0.0,0.0,0.0,0.0,0.04158,-0.0279,0.13976,0.00147,0.97082
163.95,ETH-27SEP19,1557053943831,open,0.03,271.0,0.008035,0.053827,0.029627,80.01,0.031,0.0,ETH-27SEP19-320-C,161.51,78.11,0.027,90.0,0.032,60.0,81.67,0.23132,-0.06388,0.07265,0.00271,0.14127
163.95,ETH-27SEP19,1557053943831,open,0.98,1.0,0.959849,1.005642,0.981441,80.01,0.93,0.0,ETH-27SEP19-320-P,161.51,0.0,0.0,0.0,0.997,1.0,90.04,0.23132,-0.06388,-1.19749,0.00271,-0.85873
163.95,ETH-27SEP19,1557053943831,open,0.15,5042.0,0.136363,0.220563,0.147121,64.43,0.136,0.0,ETH-27SEP19-160-P,161.51,62.32,0.142,72.0,0.154,132.0,67.26,0.39806,-0.08851,-0.35361,0.00579,-0.39626
163.95,ETH-27SEP19,1557053943833,open,0.05,658.0,0.025328,0.092966,0.0485,73.69,0.048,0.0,ETH-27SEP19-260-C,161.51,71.8,0.045,72.0,0.052,132.0,75.53,0.30843,-0.07844,0.11374,0.00392,0.22328
162.78,ETH-28JUN19,1557053943833,open,0.01,2144.0,0.002261,0.040805,0.011701,81.64,0.012,0.0,ETH-28JUN19-260-C,161.51,77.05,0.009,180.0,0.014,120.0,85.14,0.10219,-0.07743,0.01899,0.0032,0.09076
162.78,ETH-28JUN19,1557053943833,open,0.51,0.0,0.508585,0.51548,0.510524,91.72,None,0.0,ETH-28JUN19-80-C,161.51,0.0,0.0,0.0,0.0,0.0,0.0,0.02257,-0.01921,0.1142,0.00063,0.98582
162.78,ETH-28JUN19,1557053943835,open,0.06,3424.0,0.052719,0.135859,0.062223,66.47,0.07,0.0,ETH-28JUN19-180-C,161.51,62.93,0.057,156.0,0.066,60.0,69.02,0.24082,-0.14856,0.07998,0.00926,0.3951
162.78,ETH-28JUN19,1557053943838,open,0.04,6039.0,0.032875,0.101835,0.038124,64.54,0.038,0.0,ETH-28JUN19-140-P,161.51,61.85,0.035,60.0,0.041,96.0,66.97,0.19086,-0.11432,-0.06492,0.00756,-0.23209
162.78,ETH-28JUN19,1557053943838,open,0.0,478.0,2.5e-05,0.00929,0.003507,98.06,0.005,0.0,ETH-28JUN19-360-C,161.51,90.7,0.002,130.0,0.005,58.0,103.51,0.03962,-0.03606,0.00577,0.00103,0.02753
163.95,ETH-27SEP19,1557053943840,open,0.31,147.0,0.30483,0.363778,0.311627,64.43,0.283,0.0,ETH-27SEP19-120-C,161.51,0.0,0.0,0.0,0.0,0.0,0.0,0.25698,-0.05714,0.34021,0.00374,0.83442
163.95,ETH-27SEP19,1557053943842,open,1.46,0.0,1.441555,1.466895,1.460637,89.61,None,0.0,ETH-27SEP19-400-P,161.51,0.0,0.0,0.0,0.0,0.0,0.0,0.17756,-0.05491,-1.538,0.00186,-0.90279
162.78,ETH-28JUN19,1557053943848,open,0.01,3391.0,0.003447,0.036799,0.00793,71.89,0.008,0.0,ETH-28JUN19-110-P,161.51,69.79,0.007,1.0,0.009,230.0,74.17,0.07423,-0.04953,-0.01626,0.00264,-0.05973
162.78,ETH-28JUN19,1557053943848,open,0.18,534.0,0.172818,0.241778,0.178068,64.54,0.152,0.0,ETH-28JUN19-140-C,161.51,59.28,0.172,24.0,0.181,24.0,67.02,0.19086,-0.11432,0.14172,0.00756,0.76791
161.51,index_price,1557053943850,open,0.01,12.0,0.000744,0.024951,0.009566,78.48,0.015,0,ETH-17MAY19-190-C,161.51,74.46,0.008,150.0,0.011,30.0,81.94,0.06509,-0.21508,0.0069,0.00977,0.14078
163.95,ETH-27SEP19,1557053943853,open,0.32,1713.0,0.298462,0.384853,0.317046,67.72,0.353,0.0,ETH-27SEP19-200-P,161.51,51.64,0.279,60.0,0.359,60.0,84.69,0.39914,-0.09329,-0.59656,0.00552,-0.59968
162.78,ETH-28JUN19,1557053943857,open,0.01,428.0,0.000156,0.016657,0.005512,92.78,0.006,0.0,ETH-28JUN19-320-C,161.51,88.04,0.004,180.0,0.007,100.0,96.73,0.05704,-0.04912,0.00898,0.00157,0.04291
162.78,ETH-28JUN19,1557053943860,open,0.33,10.0,0.327688,0.36104,0.332171,71.89,0.265,0.0,ETH-28JUN19-110-C,161.51,0.0,0.0,0.0,0.0,0.0,0.0,0.07423,-0.04953,0.14611,0.00264,0.94027
162.78,ETH-28JUN19,1557053943863,open,1.22,0.0,1.211599,1.220864,1.215081,98.06,None,0.0,ETH-28JUN19-360-P,161.51,0.0,0.0,0.0,0.0,0.0,0.0,0.03962,-0.03606,-0.5256,0.00103,-0.97247
162.78,ETH-28JUN19,1557053943866,open,0.22,401.0,0.219281,0.277433,0.223533,64.86,0.14,0.0,ETH-28JUN19-130-C,161.51,0.0,0.14,49.0,0.428,50.0,239.25,0.14724,-0.08862,0.14999,0.0058,0.8478
163.95,ETH-27SEP19,1557053943898,open,0.04,5391.0,0.036761,0.095709,0.043558,64.43,0.041,0.0,ETH-27SEP19-120-P,161.51,62.13,0.04,132.0,0.045,5.0,65.34,0.25698,-0.05714,-0.13609,0.00374,-0.16558
163.95,ETH-27SEP19,1557053943907,open,0.52,0.0,0.514939,0.534859,0.518566,69.83,None,0.0,ETH-27SEP19-80-C,161.51,0.0,0.0,0.0,0.0,0.0,0.0,0.07431,-0.01791,0.29241,0.001,0.96791
163.95,ETH-27SEP19,1557053943915,open,0.01,546.0,0.000421,0.014314,0.015948,96.93,0.015,0.0,ETH-27SEP19-480-C,161.51,94.61,0.014,60.0,0.018,60.0,99.2,0.14323,-0.04791,0.03713,0.00139,0.073
162.78,ETH-28JUN19,1557053943919,open,0.28,25.0,0.271354,0.317173,0.275168,66.43,0.315,0.0,ETH-28JUN19-120-C,161.51,0.0,0.262,50.0,0.0,0.0,0.0,0.10408,-0.06416,0.1518,0.00401,0.90697
163.95,ETH-27SEP19,1557053943919,open,0.52,132.0,0.500957,0.576093,0.51752,68.66,0.519,0.0,ETH-27SEP19-240-P,161.51,0.0,0.301,9.0,0.565,1.0,90.29,0.33041,-0.0783,-0.82279,0.00451,-0.74686
162.78,ETH-28JUN19,1557053943935,open,0.02,6082.0,0.017904,0.076057,0.022157,64.86,0.022,0.0,ETH-28JUN19-130-P,161.51,62.43,0.02,96.0,0.025,96.0,67.94,0.14724,-0.08862,-0.04189,0.0058,-0.1522
162.78,ETH-28JUN19,1557053943940,open,0.45,0.0,0.44738,0.460568,0.448594,74.55,None,0.0,ETH-28JUN19-90-C,161.51,0.0,0.0,0.0,0.0,0.0,0.0,0.02159,-0.01494,0.12925,0.00074,0.98652
163.95,ETH-27SEP19,1557053943940,open,0.13,329.0,0.113015,0.200731,0.127231,65.66,0.127,0.0,ETH-27SEP19-180-C,161.51,62.78,0.12,114.0,0.133,114.0,67.96,0.412,-0.09336,0.23766,0.00588,0.49245
163.95,ETH-27SEP19,1557053943940,open,0.41,745.0,0.39602,0.47776,0.414992,68.66,0.38,0.0,ETH-27SEP19-220-P,161.51,46.07,0.369,60.0,0.463,60.0,88.99,0.37011,-0.08771,-0.71158,0.00505,-0.67849
163.95,ETH-27SEP19,1557053943942,open,0.01,1700.0,0.002892,0.022813,0.006519,69.83,0.008,0.0,ETH-27SEP19-80-P,161.51,63.52,0.004,90.0,0.009,90.0,74.84,0.07431,-0.01791,-0.02512,0.001,-0.03209
163.95,ETH-27SEP19,1557053943942,open,0.09,942.0,0.078578,0.164968,0.097162,67.72,0.095,0.0,ETH-27SEP19-200-C,161.51,66.01,0.093,20.0,0.101,60.0,69.29,0.39914,-0.09329,0.19728,0.00552,0.40032
163.95,ETH-27SEP19,1557053943957,open,0.02,2466.0,0.013055,0.052246,0.018397,66.03,0.019,0.0,ETH-27SEP19-100-P,161.51,63.43,0.016,60.0,0.021,60.0,68.71,0.15543,-0.03542,-0.06487,0.00221,-0.0813
162.78,ETH-28JUN19,1557053943965,open,0.01,1389.0,0.000385,0.022403,0.006977,89.53,0.008,0.0,ETH-28JUN19-300-C,161.51,84.39,0.005,180.0,0.009,180.0,93.98,0.06877,-0.05714,0.01135,0.00196,0.0542
163.95,ETH-27SEP19,1557053943968,open,0.02,1137.0,0.00259,0.032051,0.022567,87.47,0.022,0.0,ETH-27SEP19-380-C,161.51,85.17,0.02,90.0,0.025,90.0,89.53,0.18869,-0.05696,0.05408,0.00202,0.10567
161.51,index_price,1557053943971,open,0.03,466.0,0.016311,0.045911,0.029034,73.02,0.024,0,ETH-10MAY19-160-P,161.51,66.36,0.026,90.0,0.033,2.0,81.72,0.0736,-0.55112,-0.0101,0.02893,-0.439
163.95,ETH-27SEP19,1557053943973,open,0.05,357.0,0.037096,0.112232,0.053659,68.66,0.062,0.0,ETH-27SEP19-240-C,161.51,68.83,0.054,132.0,0.063,60.0,73.19,0.33041,-0.0783,0.12982,0.00451,0.25314
162.78,ETH-28JUN19,1557053943973,open,0.0,1785.0,0.000274,0.013461,0.001488,74.55,0.004,0.0,ETH-28JUN19-90-P,161.51,0.0,0.0,0.0,0.003,100.0,83.54,0.02159,-0.01494,-0.0036,0.00074,-0.01348
163.95,ETH-27SEP19,1557053943975,open,0.64,0.0,0.634307,0.640765,0.637005,81.93,0.01,0.0,ETH-27SEP19-60-C,161.51,0.0,0.0,0.0,0.0,0.0,0.0,0.0362,-0.01024,0.2273,0.00041,0.98629
162.78,ETH-28JUN19,1557053944004,open,0.02,1661.0,0.011971,0.074653,0.023049,72.65,0.029,0.0,ETH-28JUN19-220-C,161.51,70.53,0.021,96.0,0.025,60.0,74.6,0.16045,-0.10818,0.0362,0.00565,0.17369
163.95,ETH-27SEP19,1557053944008,open,0.02,312.0,0.000861,0.019598,0.017457,92.81,0.015,0.0,ETH-27SEP19-440-C,161.51,90.12,0.015,150.0,0.02,60.0,95.4,0.15554,-0.04982,0.04159,0.00157,0.08137
162.78,ETH-28JUN19,1557053944010,open,0.0,2831.0,0.001119,0.023258,0.00346,72.3,0.004,0.0,ETH-28JUN19-100-P,161.51,65.65,0.002,60.0,0.005,100.0,77.71,0.04158,-0.0279,-0.00784,0.00147,-0.02918
162.78,ETH-28JUN19,1557053944028,open,0.01,4522.0,0.008545,0.054364,0.012359,66.43,0.014,0.0,ETH-28JUN19-120-P,161.51,62.58,0.01,321.0,0.015,180.0,70.4,0.10408,-0.06416,-0.02532,0.00401,-0.09303
162.78,ETH-28JUN19,1557053944030,open,0.49,1725.0,0.479675,0.529571,0.490232,77.05,0.475,0.0,ETH-28JUN19-240-P,161.51,0.0,0.063,8.0,0.0,0.0,0.0,0.1268,-0.09067,-0.32867,0.00421,-0.87768
163.95,ETH-27SEP19,1557053944037,open,0.03,502.0,0.005494,0.045146,0.026566,82.47,0.029,0.0,ETH-27SEP19-340-C,161.51,80.46,0.024,90.0,0.029,60.0,84.3,0.21418,-0.06096,0.06491,0.00243,0.12631
162.78,ETH-28JUN19,1557053944037,open,2.07,0.0,2.07163,2.072973,2.072521,110.0,None,0.0,ETH-28JUN19-500-P,161.51,0.0,0.0,0.0,0.0,0.0,0.0,0.01259,-0.01285,-0.73649,0.00029,-0.99274
161.51,index_price,1557053944039,open,0.0,2.0,8.4e-05,0.012325,0.003305,77.78,0.002,0,ETH-17MAY19-130-P,161.51,70.17,0.002,150.0,0.005,150.0,85.57,0.03143,-0.10293,-0.00295,0.00476,-0.05292
163.95,ETH-27SEP19,1557053944042,open,1.7,0.0,1.684606,1.703343,1.701202,92.81,None,0.0,ETH-27SEP19-440-P,161.51,0.0,0.0,0.0,0.0,0.0,0.0,0.15554,-0.04982,-1.70486,0.00157,-0.91863
163.95,ETH-27SEP19,1557053944042,open,0.41,0.0,0.403113,0.442304,0.408455,66.03,None,0.0,ETH-27SEP19-100-C,161.51,0.0,0.0,0.0,0.0,0.0,0.0,0.15543,-0.03542,0.33204,0.00221,0.9187
163.95,ETH-27SEP19,1557053944042,open,0.04,358.0,0.017268,0.077242,0.040178,75.71,0.041,0.0,ETH-27SEP19-280-C,161.51,73.81,0.037,72.0,0.043,60.0,77.35,0.27889,-0.07287,0.09649,0.00345,0.18845
161.51,index_price,1557053944042,open,0.26,0.0,0.257012,0.257372,0.257372,110.0,None,0,ETH-10MAY19-120-C,161.51,0.0,0.257,10.0,0.34,1.0,465.78,0.00418,-0.04713,0.01585,0.00109,0.99181
162.78,ETH-28JUN19,1557053944049,open,0.01,1635.0,0.000942,0.030206,0.008516,84.98,0.01,0.0,ETH-28JUN19-280-C,161.51,81.78,0.007,180.0,0.01,60.0,87.83,0.08124,-0.06407,0.01407,0.00244,0.06706
162.78,ETH-28JUN19,1557053944049,open,0.02,1456.0,0.005293,0.055188,0.015849,77.05,0.017,0.0,ETH-28JUN19-240-C,161.51,74.61,0.014,120.0,0.018,60.0,79.74,0.1268,-0.09067,0.02558,0.00421,0.12232
163.95,ETH-27SEP19,1557053944049,open,1.94,0.0,1.928143,1.942036,1.943669,96.93,None,0.0,ETH-27SEP19-480-P,161.51,0.0,0.0,0.0,0.0,0.0,0.0,0.14323,-0.04791,-1.86809,0.00139,-0.927
163.95,ETH-27SEP19,1557053944052,open,0.02,534.0,0.001787,0.027126,0.020869,89.61,0.022,0.0,ETH-27SEP19-400-C,161.51,86.86,0.018,60.0,0.024,90.0,92.4,0.17756,-0.05491,0.04968,0.00186,0.09721
162.78,ETH-28JUN19,1557053944054,open,0.03,774.0,0.017714,0.086794,0.029476,71.36,0.033,0.0,ETH-28JUN19-210-C,161.51,69.12,0.027,96.0,0.032,156.0,73.59,0.18234,-0.12077,0.04439,0.00653,0.21421
163.95,ETH-27SEP19,1557053944058,open,0.23,201.0,0.223783,0.298419,0.233079,64.43,0.243,0.0,ETH-27SEP19-140-C,161.51,60.1,0.224,18.0,0.237,18.0,66.28,0.34583,-0.0769,0.31887,0.00503,0.72308
162.78,ETH-28JUN19,1557053944064,open,0.05,643.0,0.03724,0.117118,0.047924,67.93,0.046,0.0,ETH-28JUN19-190-C,161.51,66.53,0.046,5.0,0.051,60.0,70.15,0.22424,-0.14137,0.06586,0.00844,0.32205
163.95,ETH-27SEP19,1557053944068,open,0.02,338.0,0.003767,0.037981,0.023575,84.38,0.024,0.0,ETH-27SEP19-360-C,161.51,82.18,0.021,150.0,0.026,60.0,86.35,0.19727,-0.05745,0.05781,0.00219,0.11241
162.78,ETH-28JUN19,1557053944068,open,0.06,5478.0,0.054362,0.13154,0.060615,64.54,0.061,0.0,ETH-28JUN19-150-P,161.51,63.37,0.059,20.0,0.065,156.0,67.7,0.22509,-0.13482,-0.09265,0.00892,-0.32501
163.95,ETH-27SEP19,1557053944068,open,0.23,4501.0,0.210911,0.298627,0.225127,65.66,0.233,0.0,ETH-27SEP19-180-P,161.51,63.62,0.22,54.0,0.233,114.0,68.79,0.412,-0.09336,-0.47679,0.00588,-0.50755
162.78,ETH-28JUN19,1557053944068,open,0.73,0.0,0.721055,0.750319,0.728629,84.98,None,0.0,ETH-28JUN19-280-P,161.51,0.0,0.0,0.0,0.0,0.0,0.0,0.08124,-0.06407,-0.39923,0.00244,-0.93294
162.78,ETH-28JUN19,1557053944068,open,0.0,1501.0,4.6e-05,0.006941,0.001985,91.72,0.004,0.0,ETH-28JUN19-80-P,161.51,83.01,0.001,1999.0,0.003,100.0,98.12,0.02257,-0.01921,-0.00388,0.00063,-0.01418
162.78,ETH-28JUN19,1557053944070,open,0.61,0.0,0.599509,0.638053,0.608949,81.64,None,0.0,ETH-28JUN19-260-P,161.51,0.0,0.0,0.0,0.0,0.0,0.0,0.10219,-0.07743,-0.36478,0.0032,-0.90924
163.95,ETH-27SEP19,1557053944072,open,0.09,5139.0,0.077701,0.152338,0.086998,64.43,0.086,0.0,ETH-27SEP19-140-P,161.51,61.57,0.081,132.0,0.091,132.0,66.32,0.34583,-0.0769,-0.23682,0.00503,-0.27692
163.95,ETH-27SEP19,1557053944072,open,0.17,288.0,0.160456,0.244656,0.171214,64.43,0.177,0.0,ETH-27SEP19-160-C,161.51,61.46,0.164,114.0,0.177,114.0,66.81,0.39806,-0.08851,0.28146,0.00579,0.60374
162.78,ETH-28JUN19,1557053944075,open,0.97,0.0,0.965999,0.9825,0.971356,92.78,None,0.0,ETH-28JUN19-320-P,161.51,0.0,0.0,0.0,0.0,0.0,0.0,0.05704,-0.04912,-0.46335,0.00157,-0.95709
162.78,ETH-28JUN19,1557053944075,open,0.0,512.0,4e-06,0.005251,0.003004,106.01,0.007,0.0,ETH-28JUN19-400-C,161.51,100.45,0.002,130.0,0.004,100.0,110.4,0.03351,-0.03297,0.0047,0.00081,0.02254
162.78,ETH-28JUN19,1557053944089,open,0.17,4551.0,0.158506,0.241645,0.16801,66.47,0.187,0.0,ETH-28JUN19-180-P,161.51,63.75,0.164,72.0,0.175,132.0,71.18,0.24082,-0.14856,-0.18571,0.00926,-0.6049
163.95,ETH-27SEP19,1557053944089,open,0.03,517.0,0.011773,0.064379,0.034179,77.87,0.036,0.0,ETH-27SEP19-300-C,161.51,75.77,0.031,132.0,0.037,60.0,79.67,0.25336,-0.06809,0.08318,0.00305,0.162
162.78,ETH-28JUN19,1557053944089,open,1.46,0.0,1.457308,1.462555,1.460308,106.01,None,0.0,ETH-28JUN19-400-P,161.51,0.0,0.0,0.0,0.0,0.0,0.0,0.03351,-0.03297,-0.58572,0.00081,-0.97746
161.51,index_price,1557053944099,open,0.32,1.0,0.318928,0.318965,0.318965,110.0,0.404,0,ETH-10MAY19-110-C,161.51,0.0,0.002,1.0,0.426,1.0,500.0,0.00064,-0.00721,0.01467,0.00017,0.99898
161.51,index_price,1557053944301,open,0.02,688.0,0.004573,0.029895,0.015521,75.78,0.017,0,ETH-10MAY19-170-C,161.51,74.46,0.015,1.0,0.017,192.0,79.46,0.06433,-0.49986,0.00601,0.02436,0.29419
161.51,index_price,1557053944367,open,0.0,3.0,0.0,0.00036,0.00036,110.0,0.001,0,ETH-10MAY19-120-P,161.51,0.0,0.0,0.0,0.002,250.0,142.47,0.00418,-0.04713,-0.00018,0.00109,-0.00819
161.51,index_price,1557053944415,open,0.01,0.0,0.000119,0.015793,0.006091,84.22,None,0,ETH-17MAY19-200-C,161.51,76.44,0.004,150.0,0.008,150.0,90.24,0.04792,-0.16993,0.00449,0.0067,0.09158
161.51,index_price,1557053944419,open,0.0,0.0,0.0,3.7e-05,3.7e-05,110.0,None,0,ETH-10MAY19-110-P,161.51,0.0,0.0,0.0,0.001,100.0,158.89,0.00064,-0.006,-2e-05,0.00017,-0.00102
161.51,index_price,1557053944560,open,0.01,7.0,0.001189,0.025426,0.008139,71.62,0.01,0,ETH-17MAY19-140-P,161.51,68.39,0.007,150.0,0.008,31.0,71.23,0.05855,-0.17656,-0.00678,0.00963,-0.12081
161.51,index_price,1557053944626,open,0.07,111.0,0.057139,0.082461,0.068088,75.78,0.062,0,ETH-10MAY19-170-P,161.51,67.87,0.065,30.0,0.073,30.0,87.82,0.06433,-0.49986,-0.0167,0.02436,-0.70581
5735.01,index_price,1557053944647,open,0.01,17.1,0.00360954,0.03692272,0.00875592,64.17,0.01,0,BTC-17MAY19-6500-C,5735.01,61.14,0.0075,31.0,0.009,0.1,64.74,2.44336,-6.60142,0.26905,0.00036,0.15295
5735.01,index_price,1557053944647,open,0.04,35.5,0.03472317,0.08141385,0.04147013,59.38,0.047,0,BTC-17MAY19-5750-C,5735.01,55.94,0.039,12.0,0.0435,3.0,62.2,4.12518,-10.31293,0.87731,0.00065,0.51164
5735.01,index_price,1557053944647,open,0.1,5.0,0.09161378,0.11143801,0.09488427,65.66,0.113,0,BTC-10MAY19-6250-P,5735.01,41.24,0.0905,2.0,0.098,2.0,76.86,1.45161,-9.77414,-0.73404,0.0005,-0.86329
5735.01,index_price,1557053944647,open,0.21,1.1,0.2153459,0.21692259,0.21601688,100.15,0.153,0,BTC-10MAY19-4500-C,5735.01,0.0,0.2125,3.0,0.219,3.0,135.71,0.26042,-2.67454,0.5886,6e-05,0.98434
5735.01,index_price,1557053944647,open,0.09,163.6,0.08608566,0.10382407,0.08933686,67.37,0.088,0,BTC-10MAY19-5250-C,5735.01,63.61,0.0885,4.0,0.09,0.4,70.16,1.32779,-9.17298,0.60553,0.00045,0.87976
5711.08,BTC-27SEP19,1557053944647,open,0.03,24.4,0.00173014,0.06905555,0.02600069,77.86,0.0265,0.0,BTC-27DEC19-15000-C,5735.01,75.8,0.023,12.0,0.0285,12.0,79.48,8.5977,-1.41899,3.07716,5e-05,0.10938
5711.08,BTC-27SEP19,1557053944647,open,0.11,22.2,0.06753915,0.14391868,0.10777035,63.46,0.114,0.0,BTC-27DEC19-7500-C,5735.01,62.56,0.105,11.0,0.112,10.0,64.83,17.61638,-2.36989,10.42031,0.00013,0.39011
162.78,ETH-28JUN19,1557053944797,open,0.06,3424.0,0.052719,0.135859,0.062223,66.47,0.07,0.0,ETH-28JUN19-180-C,161.51,62.93,0.057,156.0,0.066,156.0,69.02,0.24082,-0.14856,0.07998,0.00926,0.3951
161.51,index_price,1557053944950,open,0.01,328.0,0.000371,0.014674,0.007183,85.44,0.005,0,ETH-10MAY19-180-C,161.51,76.67,0.005,240.0,0.009,150.0,91.98,0.04299,-0.37672,0.00302,0.01444,0.14728
161.51,index_price,1557053945668,open,0.0,108.0,4.4e-05,0.007731,0.003796,90.24,0.005,0,ETH-10MAY19-140-P,161.51,77.86,0.002,150.0,0.006,150.0,102.02,0.02708,-0.25058,-0.00175,0.00861,-0.07744
5724.02,BTC-28JUN19,1557053945729,open,0.04,496.5,0.02473031,0.07352705,0.04553683,60.64,0.0475,0.0,BTC-28JUN19-6500-C,5735.01,58.82,0.043,12.8,0.047,10.1,61.69,8.00134,-4.50306,2.43631,0.00027,0.33389
161.51,index_price,1557053945843,open,0.03,71.0,0.013342,0.0575,0.030216,70.96,0.03,0,ETH-17MAY19-170-C,161.51,67.68,0.028,120.0,0.035,120.0,77.94,0.10983,-0.32812,0.01777,0.01824,0.36833
5724.02,BTC-28JUN19,1557053945848,open,0.0,780.7,0.0,7.9e-07,0.00025851,107.41,0.0005,0.0,BTC-28JUN19-20000-C,5735.01,0.0,0.0,0.0,0.0005,1.5,113.91,0.16203,-0.16151,0.01776,0.0,0.00236
5711.04,BTC-27SEP19,1557053945848,open,1.67,0.0,1.6282219,1.69554639,1.65247298,77.85,None,0.0,BTC-27DEC19-15000-P,5735.01,0.0,0.0005,10.0,0.0,0.0,0.0,8.59433,-1.41821,-93.85951,5e-05,-0.89068
5711.04,BTC-27SEP19,1557053945850,open,1.15,0.1,1.10845735,1.20779745,1.13971509,72.02,0.001,0.0,BTC-27DEC19-12000-P,5735.01,0.0,0.002,1.0,0.0,0.0,0.0,11.18592,-1.70763,-73.05235,7e-05,-0.83966
5711.04,BTC-27SEP19,1557053945857,open,0.24,13.5,0.22532664,0.27811078,0.23965838,61.23,0.225,0.0,BTC-27SEP19-4750-C,5735.01,53.83,0.225,3.5,0.2445,3.0,63.64,11.46439,-2.4228,11.53983,0.00014,0.74873
5735.01,index_price,1557053945857,open,0.14,124.8,0.13792213,0.16747779,0.14758036,64.69,0.1315,0,BTC-31MAY19-5000-C,5735.01,54.25,0.1405,3.0,0.1485,3.0,65.96,4.12739,-5.15944,2.69812,0.00027,0.81121
5735.01,index_price,1557053945857,open,0.3,9.0,0.30264476,0.30831726,0.30639387,82.53,0.249,0,BTC-31MAY19-4000-C,5735.01,0.0,0.3005,3.0,0.308,3.0,88.87,1.31846,-2.10252,2.65696,7e-05,0.9599
5711.04,BTC-27SEP19,1557053945857,open,0.04,63.6,0.00726388,0.10660397,0.03853633,72.02,0.0395,0.0,BTC-27DEC19-12000-C,5735.01,70.45,0.0355,9.6,0.041,9.6,73.27,11.18774,-1.70808,4.49676,7e-05,0.16038
5711.04,BTC-27SEP19,1557053945857,open,0.12,42.4,0.08626022,0.24511383,0.126954,63.02,0.115,0.0,BTC-27DEC19-7000-C,5735.01,62.09,0.124,11.0,0.1315,10.0,64.45,18.115,-2.41995,11.59094,0.00014,0.44101
5711.04,BTC-27SEP19,1557053945861,open,0.0,1670.3,1.67e-06,0.00031101,0.00146325,96.43,0.0015,0.0,BTC-27SEP19-1500-P,5735.01,91.64,0.001,40.0,0.002,5.0,100.85,0.62373,-0.20758,-0.17218,0.0,-0.00613
5711.04,BTC-27SEP19,1557053945861,open,0.17,233.8,0.15185591,0.21429731,0.16931071,61.23,0.164,0.0,BTC-27SEP19-5500-C,5735.01,60.07,0.1665,10.2,0.1715,5.0,62.14,13.76108,-2.90814,10.08668,0.00017,0.61428
5711.04,BTC-27SEP19,1557053945861,open,0.37,0.0,0.35758209,0.38868081,0.36940342,65.11,None,0.0,BTC-27SEP19-3750-C,5735.01,0.0,0.032,0.1,0.0,0.0,0.0,6.73233,-1.51285,11.81807,8e-05,0.89075
5711.04,BTC-27SEP19,1557053945861,open,0.29,0.1,0.24797131,0.40699879,0.2884295,62.65,0.311,0.0,BTC-27DEC19-6500-P,5735.01,0.0,0.006,0.3,0.0,0.0,0.0,18.31533,-2.43216,-29.17421,0.00014,-0.50206
5735.01,index_price,1557053945866,open,0.01,189.0,0.00428622,0.02673668,0.0125746,67.85,0.011,0,BTC-31MAY19-4750-P,5735.01,65.89,0.0115,16.0,0.014,6.9,70.35,3.20442,-4.20103,-0.57358,0.0002,-0.1285
5724.02,BTC-28JUN19,1557053945870,open,0.0,341.0,3.75e-06,0.00066806,0.00130109,81.05,0.002,0.0,BTC-28JUN19-12000-C,5735.01,72.7,0.0005,7.0,0.002,11.6,85.66,0.74416,-0.55979,0.10022,2e-05,0.01316
5735.01,index_price,1557053945870,open,0.0,26.7,0.00137201,0.02765953,0.00515932,66.31,0.0065,0,BTC-17MAY19-6750-C,5735.01,62.32,0.004,20.0,0.006,0.1,68.94,1.76673,-4.93232,0.17016,0.00025,0.09635
5711.04,BTC-27SEP19,1557053945883,open,0.05,1003.0,0.03094131,0.07372912,0.04467238,62.9,0.0475,0.0,BTC-27SEP19-4250-P,5735.01,61.54,0.0425,9.6,0.0465,5.0,64.03,9.19524,-1.99617,-4.92617,0.00011,-0.17264
5711.04,BTC-27SEP19,1557053945883,open,0.02,764.7,0.0025034,0.02224109,0.02068872,78.67,0.0175,0.0,BTC-27SEP19-12000-C,5735.01,76.72,0.0185,22.0,0.0225,0.1,80.22,6.57041,-1.78403,1.92522,6e-05,0.10562
5735.01,index_price,1557053945883,open,0.02,243.6,0.01318881,0.04852997,0.02140493,60.49,0.0205,0,BTC-31MAY19-6500-C,5735.01,58.79,0.02,12.8,0.022,0.1,61.2,4.77848,-5.58559,0.90069,0.00034,0.24294
5724.02,BTC-28JUN19,1557053945899,open,0.31,322.3,0.30312364,0.31344874,0.31044168,69.55,0.3045,0.0,BTC-28JUN19-4000-C,5735.01,56.77,0.305,3.0,0.3135,3.0,75.09,2.9568,-1.90843,5.23354,9e-05,0.92987
5724.02,BTC-28JUN19,1557053945899,open,0.0,137.0,6e-07,0.00027972,0.00129656,88.26,0.001,0.0,BTC-28JUN19-13000-C,5735.01,79.4,0.0005,44.2,0.002,0.1,93.18,0.69862,-0.57223,0.09244,2e-05,0.01224
5724.02,BTC-28JUN19,1557053945899,open,0.01,418.9,0.00024805,0.00401779,0.00479688,77.68,0.0055,0.0,BTC-28JUN19-3500-P,5735.01,74.94,0.004,26.0,0.006,16.9,81.39,1.74423,-1.25748,-0.34581,5e-05,-0.03613
5724.02,BTC-28JUN19,1557053945899,open,0.59,6.6,0.57306661,0.58125119,0.57901343,70.65,0.704,0.0,BTC-28JUN19-9000-P,5735.01,58.03,0.5745,1.9,0.5865,1.9,83.36,2.71519,-1.78028,-12.81024,8e-05,-0.93719
5735.01,index_price,1557053945899,open,0.02,216.9,0.00976019,0.03931585,0.01941843,64.69,0.02,0,BTC-31MAY19-5000-P,5735.01,62.7,0.018,12.8,0.021,6.9,66.87,4.12739,-5.15944,-0.84649,0.00027,-0.18879
5724.02,BTC-28JUN19,1557053945901,open,0.0,312.5,1e-07,0.00011766,0.00077865,89.55,0.0005,0.0,BTC-28JUN19-14000-C,5735.01,85.51,0.0005,11.9,0.001,159.8,92.05,0.46065,-0.38282,0.05761,1e-05,0.0076
5735.01,index_price,1557053945901,open,0.26,9.8,0.25942069,0.26931002,0.26434044,76.3,0.212,0,BTC-31MAY19-4250-C,5735.01,0.0,0.2585,3.0,0.266,3.0,81.36,1.75759,-2.59126,2.75746,0.0001,0.94257
5711.04,BTC-27SEP19,1557053945908,open,0.02,0.0,0.00108874,0.06027148,0.02356246,79.71,None,0.0,BTC-27DEC19-16000-C,5735.01,77.82,0.021,12.0,0.026,12.0,81.4,7.99659,-1.35108,2.78314,5e-05,0.09897
5711.04,BTC-27SEP19,1557053945914,open,0.02,662.2,0.00481317,0.03111881,0.02560725,76.04,0.0185,0.0,BTC-27SEP19-11000-C,5735.01,74.03,0.023,10.0,0.0275,12.0,77.44,7.59062,-1.99193,2.35474,8e-05,0.12949
5711.04,BTC-27SEP19,1557053945918,open,0.33,239.7,0.32108573,0.35814332,0.33378223,63.76,0.4165,0.0,BTC-27SEP19-4000-C,5735.01,0.0,0.2995,1.0,0.37,0.5,87.33,7.94737,-1.74876,11.96391,0.0001,0.86157
5724.02,BTC-28JUN19,1557053945918,open,0.39,143.4,0.38878967,0.3925594,0.39334192,77.69,0.36,0.0,BTC-28JUN19-3500-C,5735.01,0.0,0.388,3.0,0.3965,3.0,86.68,1.74491,-1.25815,4.82018,5e-05,0.96385
5724.02,BTC-28JUN19,1557053945918,open,0.27,10.5,0.26008774,0.28075153,0.27101026,66.97,0.2685,0.0,BTC-28JUN19-4250-C,5735.01,56.92,0.265,3.0,0.274,3.0,71.26,3.83811,-2.38553,5.32067,0.00012,0.90076
5711.04,BTC-27SEP19,1557053945918,open,0.04,150.9,0.02148355,0.05854114,0.03417424,63.75,0.0335,0.0,BTC-27SEP19-4000-P,5735.01,62.18,0.032,12.0,0.036,11.5,65.06,7.94698,-1.74856,-3.91252,0.0001,-0.13842
5735.01,index_price,1557053945918,open,0.16,2.0,0.14657829,0.18191945,0.15479441,60.49,0.22,0,BTC-31MAY19-6500-P,5735.01,58.31,0.153,2.0,0.161,2.0,67.71,4.77848,-5.58559,-3.70731,0.00034,-0.75706
5724.02,BTC-28JUN19,1557053945925,open,0.11,194.8,0.08889459,0.14031499,0.10970139,59.2,0.109,0.0,BTC-28JUN19-5500-C,5735.01,56.68,0.106,14.6,0.1115,5.0,60.43,8.41383,-4.62296,4.25913,0.00029,0.6138
5724.02,BTC-28JUN19,1557053945929,open,0.02,182.7,0.00854497,0.02868447,0.01895263,64.15,0.018,0.0,BTC-28JUN19-4500-P,5735.01,61.77,0.017,21.0,0.021,16.0,66.55,4.79358,-2.85369,-1.30731,0.00015,-0.13578
5711.04,BTC-27SEP19,1557053945929,open,0.79,2.0,0.76026093,0.79481012,0.78323763,72.95,1.8325,0.0,BTC-27SEP19-10000-P,5735.01,0.0,0.008,0.2,0.0,0.0,0.0,8.80187,-2.2161,-36.76583,9e-05,-0.83867
5711.04,BTC-27SEP19,1557053945942,open,1.32,0.0,1.28076365,1.3681022,1.30936913,73.97,None,0.0,BTC-27DEC19-13000-P,5735.01,0.0,0.0005,0.2,0.0,0.0,0.0,10.1556,-1.59233,-80.11105,7e-05,-0.86127
5735.01,index_price,1557053945949,open,0.03,736.5,0.01931952,0.05515861,0.02869955,61.08,0.0315,0,BTC-31MAY19-5250-P,5735.01,60.28,0.028,0.2,0.0315,6.9,64.26,5.0121,-5.91569,-1.19858,0.00035,-0.26611
5711.04,BTC-27SEP19,1557053945949,open,0.18,92.0,0.13922353,0.29544755,0.17899269,62.49,0.1675,0.0,BTC-27DEC19-6000-C,5735.01,61.07,0.1745,6.0,0.181,7.8,63.12,18.1027,-2.39787,14.08994,0.00014,0.56076
5735.01,index_price,1557053945960,open,0.06,203.3,0.05184389,0.09419389,0.06210846,59.68,0.0715,0,BTC-31MAY19-5750-C,5735.01,56.27,0.0585,9.6,0.0635,3.0,60.99,6.07969,-7.01092,1.88248,0.00044,0.52512
5711.04,BTC-27SEP19,1557053945965,open,0.65,28.2,0.64985735,0.65177898,0.65321947,87.27,0.608,0.0,BTC-27SEP19-2000-C,5735.01,0.0,0.001,0.3,0.667,1.0,122.19,1.32421,-0.39886,7.53199,1e-05,0.98549
5711.04,BTC-27SEP19,1557053945972,open,0.25,52.1,0.21959094,0.35886524,0.25526167,62.74,0.2115,0.0,BTC-27DEC19-5000-C,5735.01,56.23,0.237,5.0,0.269,5.0,67.63,16.03418,-2.13249,16.30332,0.00012,0.69701
5711.04,BTC-27SEP19,1557053945978,open,0.08,985.1,0.06322402,0.12592797,0.08681154,64.03,0.08,0.0,BTC-27SEP19-7000-C,5735.01,62.86,0.084,10.0,0.087,0.7,64.11,13.71093,-3.02982,6.66921,0.00017,0.38102
161.51,index_price,1557053945986,open,0.08,513.0,0.073017,0.092536,0.0813,77.88,0.079,0,ETH-10MAY19-150-C,161.51,70.36,0.079,10.0,0.085,30.0,89.07,0.05117,-0.40867,0.01565,0.01885,0.80685
5724.02,BTC-28JUN19,1557053945991,open,0.0,515.7,0.0,5.39e-06,0.00050978,110.0,0.001,0.0,BTC-28JUN19-2000-P,5735.01,109.75,0.0005,31.0,0.001,14.0,119.49,0.2295,-0.23429,-0.03365,0.0,-0.00347
5735.01,index_price,1557053945991,open,0.01,114.7,0.00235296,0.02328851,0.00868776,66.7,0.0105,0,BTC-31MAY19-7250-C,5735.01,63.14,0.007,16.0,0.01,16.1,69.25,2.85494,-3.67953,0.40836,0.00018,0.10913
5724.02,BTC-28JUN19,1557053945994,open,0.42,24.6,0.40134596,0.41813386,0.41063585,66.02,0.609,0.0,BTC-28JUN19-8000-P,5735.01,60.83,0.407,2.0,0.418,2.0,74.85,4.30674,-2.63895,-10.93447,0.00013,-0.88355
5711.04,BTC-27SEP19,1557053945994,open,0.32,10.2,0.28892022,0.35162416,0.3124976,64.02,0.8,0.0,BTC-27SEP19-7000-P,5735.01,59.83,0.3025,1.5,0.3225,1.5,68.16,13.71073,-3.02957,-21.11534,0.00017,-0.619
5711.04,BTC-27SEP19,1557053945994,open,0.44,0.0,0.43607828,0.45555588,0.444811,67.85,None,0.0,BTC-27SEP19-3250-C,5735.01,0.0,0.003,0.2,0.0,0.0,0.0,4.43605,-1.03882,11.16386,5e-05,0.9373
5735.01,index_price,1557053945994,open,0.0,85.3,2.057e-05,0.00294471,0.00245641,87.1,0.0025,0,BTC-31MAY19-3750-P,5735.01,84.06,0.002,16.0,0.003,6.9,90.31,0.91372,-1.53779,-0.11453,4e-05,-0.02571
5711.04,BTC-27SEP19,1557053945996,open,0.09,79.8,0.07385537,0.13063464,0.08949276,61.23,0.092,0.0,BTC-27SEP19-5000-P,5735.01,60.31,0.0875,9.6,0.0925,2.5,62.61,12.42304,-2.62526,-8.72578,0.00016,-0.29544
5735.01,index_price,1557053946002,open,0.13,0.0,0.13051394,0.15761295,0.1345345,64.55,None,0,BTC-17MAY19-5000-C,5735.01,49.93,0.1305,3.0,0.1375,3.0,72.73,1.92217,-5.22377,1.41303,0.00028,0.89181
5735.01,index_price,1557053946006,open,0.08,590.2,0.07501526,0.1153189,0.08468181,59.71,0.086,0,BTC-31MAY19-5500-C,5735.01,56.53,0.0815,9.6,0.084,5.0,59.03,5.74441,-6.62793,2.23367,0.00041,0.63408
5735.01,index_price,1557053946006,open,0.2,0.0,0.18468125,0.21524524,0.19184255,61.44,0.2015,0,BTC-31MAY19-6750-P,5735.01,58.74,0.19,2.0,0.1985,2.0,70.37,4.01031,-4.76075,-4.11281,0.00028,-0.81975
5711.04,BTC-27SEP19,1557053946006,open,0.06,136.5,0.03423765,0.13965909,0.06104829,63.93,0.066,0.0,BTC-27DEC19-4000-P,5735.01,63.42,0.06,9.6,0.063,1.0,64.88,11.66524,-1.58081,-8.56732,9e-05,-0.17109
5735.01,index_price,1557053946022,open,0.0,128.6,1.5e-07,0.00157685,0.00066716,100.06,0.0015,0,BTC-10MAY19-4500-P,5735.01,96.01,0.0005,7.3,0.001,11.0,106.49,0.25942,-2.66195,-0.01245,6e-05,-0.01559
5711.04,BTC-27SEP19,1557053946024,open,0.09,79.4,0.0527619,0.20485721,0.092121,64.0,0.089,0.0,BTC-27DEC19-8000-C,5735.01,63.29,0.09,5.0,0.0965,10.0,65.47,16.92214,-2.29584,9.34707,0.00013,0.34538
5711.04,BTC-27SEP19,1557053946024,open,0.07,87.7,0.03208673,0.17239972,0.0684904,65.15,0.075,0.0,BTC-27DEC19-9000-C,5735.01,64.59,0.067,19.6,0.0755,19.6,67.74,15.23727,-2.10415,7.51251,0.00011,0.27204
5711.04,BTC-27SEP19,1557053946028,open,0.04,324.4,0.01778739,0.06204507,0.04192835,69.53,0.039,0.0,BTC-27SEP19-9000-C,5735.01,67.88,0.039,10.6,0.0435,15.0,70.4,10.26257,-2.4628,3.72692,0.00011,0.20634
5711.04,BTC-27SEP19,1557053946035,open,0.74,42.8,0.73735249,0.73766182,0.73881728,96.46,0.6235,0.0,BTC-27SEP19-1500-C,5735.01,0.0,0.1,0.1,0.8,1.0,232.64,0.62464,-0.20794,5.78131,1e-05,0.99386
5735.01,index_price,1557053946035,open,0.0,219.6,0.00011521,0.00578771,0.00386432,82.53,0.004,0,BTC-31MAY19-4000-P,5735.01,80.9,0.0035,16.9,0.0045,6.9,85.18,1.31846,-2.10252,-0.17873,7e-05,-0.0401
5711.04,BTC-27SEP19,1557053946035,open,0.04,80.1,0.01677432,0.10013834,0.03948303,66.22,0.039,0.0,BTC-27DEC19-3500-P,5735.01,65.28,0.038,17.0,0.042,2.0,67.79,9.0656,-1.27252,-5.80542,6e-05,-0.11782
5711.04,BTC-27SEP19,1557053946049,open,1.5,0.0,1.4541631,1.53083873,1.48045699,75.93,None,0.0,BTC-27DEC19-14000-P,5735.01,0.0,0.0005,0.2,0.0,0.0,0.0,9.30551,-1.4978,-87.03315,6e-05,-0.87774
5724.02,BTC-28JUN19,1557053946051,open,0.01,571.9,0.00074506,0.00892964,0.00670012,70.67,0.005,0.0,BTC-28JUN19-9000-C,5735.01,66.79,0.005,16.0,0.008,0.1,73.27,2.71703,-1.78192,0.47457,8e-05,0.06287
5724.02,BTC-28JUN19,1557053946051,open,0.03,161.6,0.01123835,0.04640324,0.02677858,62.02,0.03,0.0,BTC-28JUN19-4750-P,5735.01,60.26,0.025,17.8,0.029,5.0,64.17,5.84119,-3.36202,-1.77694,0.00019,-0.18354
5711.04,BTC-27SEP19,1557053946051,open,0.06,939.5,0.03383546,0.08826645,0.05896436,66.78,0.054,0.0,BTC-27SEP19-8000-C,5735.01,65.37,0.056,16.0,0.0615,15.0,67.97,12.05575,-2.77847,4.95025,0.00014,0.27734
5724.02,BTC-28JUN19,1557053946051,open,0.16,834.2,0.15190104,0.18206013,0.16366994,60.15,0.1535,0.0,BTC-28JUN19-5000-C,5735.01,54.49,0.157,3.0,0.1655,3.0,61.67,6.8633,-3.83126,5.02371,0.00024,0.75827
5711.04,BTC-27SEP19,1557053946051,open,0.06,62.4,0.04275923,0.09084261,0.0576897,62.41,0.056,0.0,BTC-27SEP19-4500-P,5735.01,61.21,0.0555,9.6,0.06,8.0,63.68,10.40076,-2.24039,-6.09245,0.00013,-0.21108
5711.04,BTC-27SEP19,1557053946051,open,0.0,121.5,2.331e-05,0.00775792,0.00441311,89.84,0.0045,0.0,BTC-27DEC19-1500-P,5735.01,81.76,0.0025,12.0,0.0065,12.0,96.53,1.58504,-0.30185,-0.66011,1e-05,-0.01347
5735.01,index_price,1557053946056,open,0.01,447.1,0.0015912,0.01720494,0.00814338,71.63,0.008,0,BTC-31MAY19-4500-P,5735.01,70.06,0.0075,9.9,0.0095,11.5,74.77,2.39342,-3.31282,-0.38205,0.00014,-0.08583
5711.04,BTC-27SEP19,1557053946059,open,0.48,227.1,0.47745112,0.49177436,0.48490387,70.19,0.456,0.0,BTC-27SEP19-3000-C,5735.01,0.0,0.0155,0.1,0.523,2.0,111.98,3.51867,-0.85242,10.61583,4e-05,0.95322
5711.04,BTC-27SEP19,1557053946059,open,0.57,57.5,0.56280687,0.56915098,0.56832424,77.97,0.389,0.0,BTC-27SEP19-2500-C,5735.01,0.0,0.001,0.4,0.5875,1.0,110.17,2.24013,-0.60277,9.17413,2e-05,0.97304
5711.04,BTC-27SEP19,1557053946068,open,0.01,317.3,0.00055551,0.00689962,0.00606752,77.95,0.0085,0.0,BTC-27SEP19-2500-P,5735.01,75.08,0.005,10.0,0.0075,23.0,81.4,2.23905,-0.60237,-0.74838,2e-05,-0.02695
5724.02,BTC-28JUN19,1557053946068,open,0.0,405.2,2e-08,4.984e-05,0.00051978,91.47,0.001,0.0,BTC-28JUN19-15000-C,5735.01,0.0,0.0,0.0,0.001,98.4,97.98,0.32654,-0.27721,0.03913,1e-05,0.00515
5735.01,index_price,1557053946068,open,0.11,141.0,0.10388955,0.13972864,0.11326958,61.08,0.109,0,BTC-31MAY19-5250-C,5735.01,57.3,0.11,3.2,0.115,3.0,63.05,5.0121,-5.91569,2.52326,0.00035,0.73389
5711.04,BTC-27SEP19,1557053946068,open,0.03,20.7,0.00277071,0.07944634,0.02908176,75.94,0.028,0.0,BTC-27DEC19-14000-C,5735.01,74.0,0.026,12.0,0.0315,12.0,77.4,9.30818,-1.49843,3.44093,6e-05,0.12231
5724.02,BTC-28JUN19,1557053946072,open,0.56,24.4,0.56324423,0.56335546,0.56444913,98.08,0.5115,0.0,BTC-28JUN19-2500-C,5735.01,0.0,0.56,3.0,0.5675,3.0,119.79,0.50827,-0.46264,3.60814,1e-05,0.9915
5724.02,BTC-28JUN19,1557053946084,open,0.0,323.7,2.294e-05,0.00159678,0.00208118,77.75,0.002,0.0,BTC-28JUN19-11000-C,5735.01,70.68,0.001,16.0,0.003,0.1,81.96,1.10054,-0.79406,0.15811,3e-05,0.02079
5735.01,index_price,1557053946086,open,0.01,104.7,0.00433097,0.02995107,0.01122488,64.03,0.011,0,BTC-31MAY19-7000-C,5735.01,61.9,0.01,16.0,0.012,0.1,65.32,3.38542,-4.18853,0.52029,0.00023,0.1392
5724.02,BTC-28JUN19,1557053946092,open,0.94,5.7,0.92174928,0.92332312,0.92378737,77.64,1.142,0.0,BTC-28JUN19-11000-P,5735.01,0.0,0.9185,1.5,0.9315,1.5,100.35,1.09346,-0.78789,-16.07956,3e-05,-0.97936
5724.02,BTC-28JUN19,1557053946092,open,0.0,90.1,1.824e-05,0.00294876,0.00365093,83.14,0.004,0.0,BTC-28JUN19-3250-P,5735.01,80.24,0.003,10.5,0.0045,6.9,86.51,1.35809,-1.04794,-0.25645,3e-05,-0.0267
161.51,index_price,1557053946097,open,0.08,53.0,0.065909,0.110066,0.082782,70.96,0.074,0,ETH-17MAY19-170-P,161.51,63.86,0.078,90.0,0.087,90.0,77.12,0.10983,-0.32812,-0.03754,0.01824,-0.63167
5724.02,BTC-28JUN19,1557053946102,open,0.0,899.3,1.384e-05,0.00089606,0.00239669,86.81,0.0035,0.0,BTC-28JUN19-3000-P,5735.01,80.67,0.0015,26.0,0.0035,21.1,92.65,0.95951,-0.77305,-0.16977,2e-05,-0.0177
5711.0,BTC-27SEP19,1557053946113,open,0.21,818.6,0.19835449,0.25513426,0.21400418,61.24,0.202,0.0,BTC-27SEP19-5000-C,5735.01,53.83,0.198,3.0,0.2175,3.0,62.84,12.42317,-2.62553,11.11968,0.00016,0.70455
5735.01,index_price,1557053946113,open,0.18,65.8,0.17604006,0.19849052,0.18432844,67.85,0.1775,0,BTC-31MAY19-4750-C,5735.01,53.84,0.1775,3.0,0.185,3.0,69.04,3.20442,-4.20103,2.79381,0.0002,0.8715
5735.01,index_price,1557053946113,open,0.0,87.2,2.59e-06,0.00134089,0.00171721,93.52,0.0015,0,BTC-31MAY19-3500-P,5735.01,86.21,0.001,16.0,0.0025,6.9,99.54,0.66087,-1.19429,-0.07825,3e-05,-0.01753
5711.0,BTC-27SEP19,1557053946113,open,0.74,0.0,0.73737229,0.74510708,0.74176577,89.85,None,0.0,BTC-27DEC19-1500-C,5735.01,0.0,0.1,0.2,0.0,0.0,0.0,1.58581,-0.30204,9.03299,1e-05,0.98652
5711.0,BTC-27SEP19,1557053946113,open,0.65,0.0,0.60799187,0.74830403,0.64437447,65.14,None,0.0,BTC-27DEC19-9000-P,5735.01,0.0,0.001,0.5,0.0,0.0,0.0,15.23579,-2.1037,-50.64967,0.00011,-0.728
5711.0,BTC-27SEP19,1557053946113,open,0.66,0.0,0.65012978,0.67005607,0.6592207,83.05,None,0.0,BTC-27DEC19-2000-C,5735.01,0.0,0.0005,0.2,0.0,0.0,0.0,2.98141,-0.52486,11.53024,2e-05,0.97164
5724.02,BTC-28JUN19,1557053946126,open,1.11,10.0,1.09643249,1.0970968,1.09770791,80.89,1.243,0.0,BTC-28JUN19-12000-P,5735.01,0.0,0.0005,0.4,0.0,0.0,0.0,0.73542,-0.55206,-17.61366,2e-05,-0.98702
5735.01,index_price,1557053946126,open,0.28,0.0,0.26651815,0.2874537,0.27285295,66.7,None,0,BTC-31MAY19-7250-P,5735.01,60.44,0.27,2.0,0.279,2.0,77.61,2.85494,-3.67953,-4.73133,0.00018,-0.89087
5735.01,index_price,1557053946126,open,0.01,247.1,0.00048304,0.01037237,0.00540279,76.3,0.005,0,BTC-31MAY19-4250-P,5735.01,73.22,0.0045,16.0,0.006,6.9,78.2,1.75759,-2.59126,-0.25547,0.0001,-0.05743
5711.0,BTC-27SEP19,1557053946126,open,0.98,0.0,0.93798012,1.05052667,0.97222071,70.13,None,0.0,BTC-27DEC19-11000-P,5735.01,0.0,0.0005,0.2,0.0,0.0,0.0,12.42524,-1.84701,-65.80577,8e-05,-0.81082
5724.02,BTC-28JUN19,1557053946128,open,0.0,680.1,2.2e-07,0.00011145,0.00120059,98.03,0.002,0.0,BTC-28JUN19-2500-P,5735.01,95.62,0.001,25.0,0.0015,13.0,101.16,0.507,-0.46124,-0.08173,1e-05,-0.00847
5711.0,BTC-27SEP19,1557053946128,open,0.5,0.0,0.4535659,0.60566065,0.49290684,64.0,None,0.0,BTC-27DEC19-8000-P,5735.01,0.0,0.001,0.5,0.0,0.0,0.0,16.92135,-2.29551,-42.35241,0.00013,-0.65465
5711.0,BTC-27SEP19,1557053946130,open,0.57,0.0,0.56416218,0.60216562,0.57689382,74.39,None,0.0,BTC-27DEC19-2500-C,5735.01,0.0,0.0015,1.4,0.0,0.0,0.0,4.46325,-0.70382,13.90142,3e-05,0.95356
5711.0,BTC-27SEP19,1557053946132,open,0.01,84.0,0.00033114,0.02025744,0.00941717,83.04,0.01,0.0,BTC-27DEC19-2000-P,5735.01,81.24,0.0085,0.1,0.0105,12.0,85.06,2.98061,-0.52466,-1.39394,2e-05,-0.02835
5724.02,BTC-28JUN19,1557053946147,open,0.01,425.8,0.00193322,0.01225832,0.00924393,69.53,0.0085,0.0,BTC-28JUN19-4000-P,5735.01,67.04,0.008,26.0,0.011,11.0,72.8,2.95573,-1.90735,-0.67031,9e-05,-0.07009
5724.02,BTC-28JUN19,1557053946147,open,0.04,326.6,0.02541301,0.0555721,0.03717276,60.14,0.0325,0.0,BTC-28JUN19-5000-P,5735.01,58.74,0.0355,12.8,0.041,17.8,63.31,6.86301,-3.83061,-2.35628,0.00024,-0.24171
5724.02,BTC-28JUN19,1557053946147,open,2.52,0.4,2.49404789,2.49404868,2.49426978,106.03,5.076,0.0,BTC-28JUN19-20000-P,5735.01,0.0,0.0005,0.2,0.0,0.0,0.0,0.14383,-0.14154,-29.50532,0.0,-0.99793
5711.0,BTC-27SEP19,1557053946147,open,0.36,0.0,0.31196294,0.47081641,0.35263682,63.01,None,0.0,BTC-27DEC19-7000-P,5735.01,0.0,0.001,0.5,0.0,0.0,0.0,18.11467,-2.41967,-33.64591,0.00014,-0.55902
5711.0,BTC-27SEP19,1557053946147,open,0.82,0.3,0.77050154,0.89702686,0.80715659,68.01,1.4475,0.0,BTC-27DEC19-10000-P,5735.01,0.0,0.1,0.3,0.0,0.0,0.0,13.81252,-1.99135,-58.34536,0.0001,-0.77374
5711.0,BTC-27SEP19,1557053946147,open,0.3,10.2,0.27226944,0.39665823,0.30511588,63.6,0.2335,0.0,BTC-27DEC19-4500-C,5735.01,55.15,0.2845,5.0,0.3215,5.0,70.18,14.11545,-1.90293,16.96464,0.00011,0.76478
5724.02,BTC-28JUN19,1557053946156,open,0.74,33.8,0.73794641,0.73794646,0.73799324,110.53,0.7145,0.0,BTC-28JUN19-1500-C,5735.01,0.0,0.7345,3.0,0.741,3.0,176.89,0.0304,-0.03118,2.21045,0.0,0.99962
5735.01,index_price,1557053946156,open,0.01,400.7,0.00151562,0.01925403,0.00476269,67.35,0.004,0,BTC-10MAY19-5250-P,5735.01,63.94,0.004,20.0,0.0055,0.3,70.45,1.32734,-9.16742,-0.09572,0.00045,-0.12018
5711.0,BTC-27SEP19,1557053946163,open,0.63,0.0,0.59369281,0.63794984,0.61780414,69.52,None,0.0,BTC-27SEP19-9000-P,5735.01,0.0,0.002,0.3,0.0,0.0,0.0,10.25988,-2.46158,-31.9972,0.00011,-0.79375
5724.02,BTC-28JUN19,1557053946169,open,0.65,20.1,0.65059521,0.65060061,0.65110682,110.05,0.578,0.0,BTC-28JUN19-2000-C,5735.01,0.0,0.647,3.0,0.6545,3.0,146.71,0.23009,-0.23498,2.91835,0.0,0.99652
5724.02,BTC-28JUN19,1557053946169,open,1.46,1.3,1.44583362,1.44595118,1.44659935,89.39,2.415,0.0,BTC-28JUN19-14000-P,5735.01,0.0,0.0005,0.2,0.0,0.0,0.0,0.45512,-0.37755,-20.6078,1e-05,-0.99251
5735.01,index_price,1557053946169,open,0.07,123.3,0.05445766,0.09680766,0.06472223,59.68,0.07,0,BTC-31MAY19-5750-P,5735.01,57.58,0.0625,9.6,0.069,15.0,63.71,6.07969,-7.01092,-2.19383,0.00044,-0.47488
5711.0,BTC-27SEP19,1557053946171,open,0.0,421.8,5.627e-05,0.00197798,0.00341584,87.26,0.005,0.0,BTC-27SEP19-2000-P,5735.01,82.93,0.0025,25.0,0.0045,12.0,91.56,1.32362,-0.39862,-0.40617,1e-05,-0.0145
5711.0,BTC-27SEP19,1557053946171,open,0.3,0.1,0.28676467,0.32955314,0.30050767,62.91,0.225,0.0,BTC-27SEP19-4250-C,5735.01,48.85,0.2795,3.0,0.3145,3.0,71.34,9.19588,-1.99653,11.94218,0.00011,0.82734
5724.02,BTC-28JUN19,1557053946173,open,0.43,0.1,0.43223546,0.43516598,0.4358741,83.17,0.395,0.0,BTC-28JUN19-3250-C,5735.01,0.0,0.4305,3.0,0.4385,3.0,92.58,1.35936,-1.04924,4.5404,3e-05,0.97327
5711.0,BTC-27SEP19,1557053946173,open,0.96,3.1,0.93092044,0.95722551,0.95167766,76.01,1.9215,0.0,BTC-27SEP19-11000-P,5735.01,0.0,0.002,0.3,0.0,0.0,0.0,7.58548,-1.98986,-41.30844,8e-05,-0.87064
5711.0,BTC-27SEP19,1557053946173,open,0.07,62.5,0.05705113,0.10983585,0.07137328,61.23,0.094,0.0,BTC-27SEP19-4750-P,5735.01,60.54,0.07,12.6,0.075,5.0,63.03,11.46428,-2.42258,-7.3136,0.00014,-0.25127
5711.0,BTC-27SEP19,1557053946177,open,0.36,37.5,0.33383613,0.43925873,0.36065536,63.93,0.3355,0.0,BTC-27DEC19-4000-C,5735.01,52.58,0.3385,5.0,0.3805,5.0,73.4,11.66561,-1.58096,17.28139,9e-05,0.8289
5735.01,index_price,1557053946179,open,0.04,495.1,0.03428503,0.07619073,0.04473864,60.12,0.041,0,BTC-31MAY19-6000-C,5735.01,56.52,0.041,9.6,0.0445,0.1,59.89,5.96858,-6.9338,1.5253,0.00043,0.4199
5724.02,BTC-28JUN19,1557053946183,open,0.07,80.7,0.04975776,0.10117816,0.07055449,59.2,0.0765,0.0,BTC-28JUN19-5500-P,5735.01,57.46,0.068,17.8,0.075,24.2,62.22,8.41381,-4.62241,-3.85902,0.00029,-0.38619
5724.02,BTC-28JUN19,1557053946183,open,0.12,36.5,0.1048045,0.14297756,0.11920153,59.46,0.118,0.0,BTC-28JUN19-6000-P,5735.01,57.69,0.1165,9.6,0.122,1.5,61.29,8.7363,-4.82104,-5.5409,0.0003,-0.53661
5711.0,BTC-27SEP19,1557053946183,open,0.19,28.4,0.16523251,0.23025696,0.18601544,62.28,0.184,0.0,BTC-27SEP19-6000-P,5735.01,60.48,0.1815,7.2,0.1915,7.2,64.47,14.31852,-3.07762,-14.9148,0.00018,-0.47195
5735.01,index_price,1557053946183,open,0.22,20.2,0.21693694,0.23255069,0.22348912,71.63,0.217,0,BTC-31MAY19-4500-C,5735.01,50.35,0.217,3.0,0.2245,3.0,73.99,2.39342,-3.31282,2.8081,0.00014,0.91417
5735.01,index_price,1557053946183,open,0.24,0.0,0.22490426,0.25052436,0.23179817,64.03,None,0,BTC-31MAY19-7000-P,5735.01,59.95,0.2295,2.0,0.238,2.0,73.63,3.38542,-4.18853,-4.44217,0.00023,-0.8608
5711.0,BTC-27SEP19,1557053946183,open,0.5,0.0,0.48134246,0.54138914,0.49936856,69.74,None,0.0,BTC-27DEC19-3000-C,5735.01,0.0,0.16,0.3,0.0,0.0,0.0,6.60135,-0.97591,15.65107,4e-05,0.92344
5724.02,BTC-28JUN19,1557053946187,open,0.01,71.7,0.0003299,0.00953585,0.00655696,73.18,0.005,0.0,BTC-28JUN19-3750-P,5735.01,70.39,0.0055,26.0,0.008,16.9,76.64,2.26807,-1.54031,-0.47784,6e-05,-0.05
5724.02,BTC-28JUN19,1557053946190,open,0.07,2419.9,0.05659014,0.09476319,0.07099815,59.47,0.0795,0.0,BTC-28JUN19-6000-C,5735.01,57.5,0.068,19.6,0.0725,0.1,60.45,8.73633,-4.82164,3.31541,0.0003,0.4634
5724.02,BTC-28JUN19,1557053946194,open,1.29,0.8,1.27113173,1.27141085,1.27240394,88.06,2.171,0.0,BTC-28JUN19-13000-P,5735.01,0.0,0.07,1.0,0.0,0.0,0.0,0.68962,-0.5636,-19.0975,2e-05,-0.98794
5724.02,BTC-28JUN19,1557053946216,open,0.47,43.8,0.47590666,0.47678887,0.478295,86.84,0.433,0.0,BTC-28JUN19-3000-C,5735.01,0.0,0.4735,3.0,0.4815,3.0,101.34,0.96086,-0.77443,4.25808,2e-05,0.98227
5724.02,BTC-28JUN19,1557053946216,open,0.23,249.8,0.2223842,0.2425237,0.23279929,64.15,0.235,0.0,BTC-28JUN19-4500-C,5735.01,56.8,0.227,8.0,0.2355,3.0,67.31,4.7942,-2.85445,5.33462,0.00015,0.8642
5724.02,BTC-28JUN19,1557053946216,open,0.0,899.9,0.00013496,0.00379911,0.00319802,72.94,0.003,0.0,BTC-28JUN19-10000-C,5735.01,70.22,0.0025,22.9,0.004,0.1,75.64,1.5826,-1.07133,0.24421,4e-05,0.0321
5711.0,BTC-27SEP19,1557053946216,open,0.4,261.1,0.39600832,0.42116148,0.40653222,66.56,0.38,0.0,BTC-27SEP19-3500-C,5735.01,0.0,0.161,1.0,0.4675,1.5,114.3,5.55944,-1.27703,11.54404,6e-05,0.9158
5711.0,BTC-27SEP19,1557053946216,open,0.01,18.3,0.00515179,0.02462989,0.01387725,67.84,0.021,0.0,BTC-27SEP19-3250-P,5735.01,65.35,0.012,12.0,0.016,11.0,70.49,4.43507,-1.03844,-1.73547,5e-05,-0.06268
5735.01,index_price,1557053946216,open,0.35,0.0,0.34614202,0.34906616,0.34857786,87.1,None,0,BTC-31MAY19-3750-C,5735.01,0.0,0.3435,3.0,0.3505,3.0,97.19,0.91372,-1.53779,2.54393,4e-05,0.97429
5735.01,index_price,1557053946216,open,0.01,208.0,0.00769987,0.03826385,0.01486117,61.44,0.014,0,BTC-31MAY19-6750-C,5735.01,60.19,0.014,12.8,0.015,0.1,61.63,4.01031,-4.76075,0.67242,0.00028,0.18025
5711.0,BTC-27SEP19,1557053946216,open,0.18,60.1,0.13853982,0.28835097,0.1766604,62.47,0.1835,0.0,BTC-27DEC19-5500-P,5735.01,60.94,0.172,5.0,0.182,14.6,64.23,17.36726,-2.29982,-20.25611,0.00013,-0.37219
5711.0,BTC-27SEP19,1557053946216,open,0.15,52.1,0.10982244,0.26885004,0.150291,62.65,0.1455,0.0,BTC-27DEC19-6500-C,5735.01,61.31,0.146,11.0,0.1535,10.0,63.65,18.3152,-2.43227,12.83085,0.00014,0.49795
5735.01,index_price,1557053946219,open,0.13,1.9,0.11151029,0.15086453,0.12121844,60.43,0.1135,0,BTC-31MAY19-6250-P,5735.01,57.04,0.118,3.0,0.126,3.0,65.37,5.49526,-6.41689,-3.2375,0.00039,-0.67508
161.51,index_price,1557053946241,open,0.0,216.0,0.0,0.002704,0.002566,108.88,0.003,0,ETH-10MAY19-200-C,161.51,112.31,0.003,38.0,0.004,180.0,119.3,0.01954,-0.21821,0.00104,0.00515,0.05095
161.51,index_price,1557053946265,open,0.26,0.0,0.257014,0.262038,0.258457,86.27,None,0,ETH-17MAY19-120-C,161.51,0.0,0.001,18.0,0.341,2.0,300.39,0.01615,-0.05866,0.03773,0.00221,0.97653
161.51,index_price,1557053946278,open,0.0,220.0,1.5e-05,0.00977,0.004332,90.94,0.005,0,ETH-17MAY19-210-C,161.51,78.47,0.002,150.0,0.006,150.0,97.66,0.0367,-0.14051,0.00316,0.00475,0.06445
5735.01,index_price,1557053946291,open,0.19,0.0,0.17835339,0.20464091,0.1821407,66.31,None,0,BTC-17MAY19-6750-P,5735.01,53.77,0.179,2.0,0.1865,2.0,78.53,1.76673,-4.93232,-2.02603,0.00025,-0.90365
161.51,index_price,1557053946302,open,0.01,488.0,0.001752,0.021271,0.010035,77.88,0.008,0,ETH-10MAY19-150-P,161.51,71.26,0.008,120.0,0.013,120.0,86.92,0.05117,-0.40867,-0.00438,0.01885,-0.19315
161.51,index_price,1557053946345,open,0.02,85.0,0.003615,0.03842,0.017481,75.68,0.017,0,ETH-17MAY19-180-C,161.51,69.19,0.014,120.0,0.02,120.0,80.15,0.08931,-0.28456,0.01138,0.01391,0.23398
5735.01,index_price,1557053946353,open,0.02,29.5,0.01821326,0.06340014,0.02489476,60.09,0.018,0,BTC-17MAY19-6000-C,5735.01,56.51,0.0225,16.0,0.025,0.1,60.24,3.86441,-9.77648,0.62243,0.0006,0.35847
5711.0,BTC-27SEP19,1557053946392,open,1.84,0.0,1.80269961,1.8618815,1.82513414,79.68,None,0.0,BTC-27DEC19-16000-P,5735.01,0.0,0.0,0.0,0.0,0.0,0.0,7.98954,-1.34942,-100.61737,5e-05,-0.90115
5735.01,index_price,1557053946394,open,0.0,44.2,0.00033024,0.01313048,0.0019362,67.72,0.0015,0,BTC-10MAY19-6500-C,5735.01,64.3,0.0015,20.0,0.002,0.1,68.18,0.78232,-5.43274,0.04394,0.00026,0.0593
5735.01,index_price,1557053946416,open,0.01,45.4,0.00235201,0.02945102,0.00637256,64.55,0.0075,0,BTC-17MAY19-5000-P,5735.01,61.87,0.0055,25.0,0.0075,0.5,67.8,1.92217,-5.22377,-0.21378,0.00028,-0.10819
161.51,index_price,1557053946490,open,0.24,0.0,0.238314,0.241017,0.240879,108.88,None,0,ETH-10MAY19-200-P,161.51,0.0,0.001,15.0,0.261,3.0,194.22,0.01954,-0.21821,-0.02567,0.00515,-0.94905
5735.01,index_price,1557053946500,open,0.26,0.0,0.25893765,0.25941488,0.25927564,110.0,None,0,BTC-10MAY19-4250-C,5735.01,0.0,0.256,3.0,0.2625,3.0,160.46,0.14122,-1.59306,0.56152,3e-05,0.99225
5735.01,index_price,1557053946521,open,0.17,6.7,0.1717616,0.17601159,0.1730881,90.29,0.118,0,BTC-10MAY19-4750-C,5735.01,0.0,0.169,3.0,0.1755,3.0,111.56,0.47056,-4.3568,0.60929,0.00012,0.96842
161.51,index_price,1557053946539,open,0.31,0.0,0.300244,0.309999,0.304561,90.94,None,0,ETH-17MAY19-210-P,161.51,0.0,0.001,15.0,0.388,2.0,249.56,0.0367,-0.14051,-0.06517,0.00475,-0.93555
161.51,index_price,1557053946629,open,0.04,266.0,0.02566,0.05526,0.038383,73.02,0.039,0,ETH-10MAY19-160-C,161.51,65.59,0.035,90.0,0.041,2.0,78.76,0.0736,-0.55112,0.01128,0.02893,0.561
5735.01,index_price,1557053946656,open,0.0,21.4,0.00047283,0.02048966,0.00320214,69.1,0.0035,0,BTC-17MAY19-7000-C,5735.01,62.95,0.002,20.0,0.004,0.1,72.5,1.26691,-3.68579,0.11002,0.00017,0.06216
5735.01,index_price,1557053946692,open,0.05,670.5,0.04873798,0.07493572,0.05266664,60.8,0.053,0,BTC-10MAY19-5500-C,5735.01,56.32,0.051,4.0,0.0545,3.0,65.58,2.16753,-13.51371,0.52338,0.00081,0.73585
5735.01,index_price,1557053946758,open,0.08,5.2,0.06441893,0.10960581,0.07110033,60.09,0.069,0,BTC-17MAY19-6000-P,5735.01,57.7,0.0695,0.2,0.0735,12.0,63.63,3.86441,-9.77645,-1.32974,0.0006,-0.64153
5735.01,index_price,1557053946795,open,0.14,3.0,0.13371972,0.14651996,0.13532563,67.72,0.151,0,BTC-10MAY19-6500-P,5735.01,0.0,0.132,2.0,0.139,2.0,87.64,0.78231,-5.43263,-0.82433,0.00026,-0.9407
5735.01,index_price,1557053946809,open,0.09,4.0,0.09203635,0.12843829,0.09747802,61.67,0.079,0,BTC-17MAY19-5250-C,5735.01,58.67,0.096,0.1,0.1,7.0,66.58,2.87564,-7.46599,1.31524,0.00044,0.80234
163.95,ETH-27SEP19,1557053946818,open,0.86,1.0,0.841599,0.894205,0.864005,77.87,1.018,0.0,ETH-27SEP19-300-P,161.51,0.0,0.0,0.0,0.885,2.0,90.17,0.25336,-0.06809,-1.10758,0.00305,-0.838
162.78,ETH-28JUN19,1557053946823,open,0.11,1378.0,0.099768,0.182014,0.106586,64.53,0.099,0.0,ETH-28JUN19-160-C,161.51,60.82,0.101,60.0,0.111,72.0,67.47,0.24487,-0.14665,0.11295,0.0097,0.57669
162.78,ETH-28JUN19,1557053946853,open,0.04,2674.0,0.025873,0.10086,0.036055,68.56,0.04,0.0,ETH-28JUN19-200-C,161.51,66.07,0.033,156.0,0.04,60.0,71.7,0.20198,-0.12851,0.05329,0.00753,0.25783
163.95,ETH-27SEP19,1557053946855,open,1.34,1.0,1.32037,1.349831,1.340347,87.47,1.285,0.0,ETH-27SEP19-380-P,161.51,0.0,0.0,0.0,0.0,0.0,0.0,0.18869,-0.05696,-1.45421,0.00202,-0.89433
163.95,ETH-27SEP19,1557053946857,open,1.22,0.0,1.199558,1.233773,1.219366,84.38,None,0.0,ETH-27SEP19-360-P,161.51,0.0,0.0,0.0,1.228,1.0,91.02,0.19727,-0.05745,-1.3711,0.00219,-0.88759
162.78,ETH-28JUN19,1557053946949,open,0.32,1514.0,0.307799,0.376879,0.319561,71.36,0.37,0.0,ETH-28JUN19-210-P,161.51,0.0,0.046,13.0,0.318,1.0,69.96,0.18234,-0.12077,-0.26558,0.00653,-0.78579
5724.0,BTC-28JUN19,1557053946959,open,0.02,17.2,0.00500158,0.0364365,0.01944487,64.2,0.0165,0.0,BTC-28JUN19-7500-C,5735.01,62.12,0.0175,12.8,0.0205,10.1,65.29,5.46861,-3.25825,1.23359,0.00018,0.16545
162.78,ETH-28JUN19,1557053946963,open,0.14,556.0,0.132873,0.21005,0.139126,64.54,0.15,0.0,ETH-28JUN19-150-C,161.51,59.36,0.132,132.0,0.143,72.0,67.33,0.22509,-0.13482,0.12875,0.00892,0.67499
163.95,ETH-27SEP19,1557053946968,open,0.63,1.0,0.611178,0.678815,0.634349,73.69,0.573,0.0,ETH-27SEP19-260-P,161.51,0.0,0.361,12.0,0.668,1.0,90.13,0.30843,-0.07844,-0.91825,0.00392,-0.77672
5735.01,index_price,1557053946997,open,0.0,187.7,0.0,0.00047723,0.00033799,110.0,0.0005,0,BTC-10MAY19-4250-P,5735.01,115.72,0.0005,12.6,0.001,10.3,127.86,0.14122,-1.59306,-0.00619,3e-05,-0.00775
5735.01,index_price,1557053947004,open,0.06,17.4,0.05354194,0.08040831,0.05689611,59.21,0.0585,0,BTC-10MAY19-6000-P,5735.01,52.72,0.0545,4.0,0.059,4.0,64.66,2.17397,-13.19958,-0.60613,0.00084,-0.7343
162.78,ETH-28JUN19,1557053947047,open,0.37,1139.0,0.363489,0.42617,0.374567,72.65,0.4,0.0,ETH-28JUN19-220-P,161.51,0.0,0.056,16.0,0.377,1.0,75.07,0.16044,-0.10818,-0.28853,0.00565,-0.82631
163.95,ETH-27SEP19,1557053947049,open,0.75,0.0,0.725106,0.78508,0.748016,75.71,None,0.0,ETH-27SEP19-280-P,161.51,0.0,0.0,0.0,0.775,2.0,90.12,0.27889,-0.07287,-1.01489,0.00345,-0.81155
162.78,ETH-28JUN19,1557053947049,open,0.22,2407.0,0.204459,0.284338,0.215143,67.93,0.261,0.0,ETH-28JUN19-190-P,161.51,64.9,0.211,72.0,0.218,1.0,69.99,0.22424,-0.14137,-0.21459,0.00844,-0.67795
162.78,ETH-28JUN19,1557053947054,open,0.09,3075.0,0.082689,0.164936,0.089507,64.53,0.09,0.0,ETH-28JUN19-160-P,161.51,61.54,0.085,132.0,0.095,132.0,68.18,0.24487,-0.14665,-0.12321,0.0097,-0.42331
5735.01,index_price,1557053947062,open,0.0,171.1,7.76e-06,0.00425775,0.0013343,90.29,0.0025,0,BTC-10MAY19-4750-P,5735.01,85.86,0.001,50.0,0.002,16.9,97.47,0.47057,-4.35691,-0.02521,0.00012,-0.03158
161.51,index_price,1557053947103,open,0.19,150.0,0.177142,0.201349,0.185964,78.48,0.148,0,ETH-17MAY19-190-P,161.51,64.31,0.181,30.0,0.189,30.0,85.61,0.06509,-0.21507,-0.05492,0.00977,-0.85922
5735.01,index_price,1557053947183,open,0.01,4.2,0.00855898,0.04869689,0.01400522,60.56,0.0115,0,BTC-17MAY19-6250-C,5735.01,57.78,0.0125,16.0,0.0145,0.1,61.45,3.15551,-8.04521,0.40656,0.00049,0.23189
5735.01,index_price,1557053947206,open,0.01,40.8,0.00746631,0.04386825,0.01290798,61.67,0.0125,0,BTC-17MAY19-5250-P,5735.01,59.84,0.012,16.0,0.014,0.5,63.82,2.87564,-7.46599,-0.39291,0.00044,-0.19766
5735.01,index_price,1557053947230,open,0.02,283.7,0.02179787,0.05175846,0.0259374,58.98,0.023,0,BTC-10MAY19-5750-C,5735.01,53.69,0.0235,12.0,0.028,6.4,63.45,2.64431,-15.9933,0.36189,0.00102,0.49832
5724.0,BTC-28JUN19,1557053947257,open,0.34,0.0,0.31527412,0.34670904,0.3296991,64.18,None,0.0,BTC-28JUN19-7500-P,5735.01,59.58,0.3255,2.0,0.3365,2.0,70.91,5.46667,-3.25612,-9.83737,0.00018,-0.83464
5735.01,index_price,1557053947305,open,0.01,157.5,0.00775985,0.03395759,0.01168851,60.8,0.0105,0,BTC-10MAY19-5500-P,5735.01,58.96,0.011,0.1,0.0135,16.0,65.53,2.16753,-13.51371,-0.21132,0.00081,-0.26415
161.51,index_price,1557053947305,open,0.14,0.0,0.13437,0.158607,0.141319,71.62,None,0,ETH-17MAY19-140-C,161.51,64.8,0.139,30.0,0.146,30.0,83.45,0.05855,-0.17656,0.03877,0.00963,0.87919
5735.01,index_price,1557053947367,open,0.23,0.0,0.22104611,0.24106295,0.22377537,69.1,None,0,BTC-17MAY19-7000-P,5735.01,0.0,0.2205,2.0,0.228,2.0,84.2,1.2669,-3.68574,-2.16751,0.00017,-0.93784
5735.01,index_price,1557053947500,open,0.0,193.5,0.0018162,0.02164043,0.00509142,65.68,0.0035,0,BTC-10MAY19-6250-C,5735.01,58.92,0.0035,20.0,0.006,20.1,69.15,1.45214,-9.78048,0.10089,0.0005,0.13678
5735.01,index_price,1557053947580,open,0.13,87.6,0.12832091,0.1378753,0.13015322,75.25,0.1075,0,BTC-10MAY19-5000-C,5735.01,0.0,0.126,3.0,0.133,3.0,93.18,0.71146,-5.49044,0.6261,0.00022,0.94743
5735.01,index_price,1557053947626,open,0.11,0.0,0.09835656,0.13849447,0.10380279,60.56,None,0,BTC-17MAY19-6250-P,5735.01,55.31,0.101,3.0,0.108,3.0,67.93,3.15551,-8.04521,-1.62695,0.00049,-0.76811
5735.01,index_price,1557053947628,open,0.06,36.2,0.05944174,0.10303711,0.06582476,59.92,0.0515,0,BTC-17MAY19-5500-C,5735.01,56.34,0.0635,12.0,0.068,3.0,63.24,3.74425,-9.44607,1.12821,0.00058,0.67045
161.51,index_price,1557053947665,open,0.25,0.0,0.238432,0.254107,0.244404,84.22,None,0,ETH-17MAY19-200-P,161.51,0.0,0.001,18.0,0.316,2.0,214.58,0.04792,-0.16993,-0.06058,0.0067,-0.90842
161.51,index_price,1557053947699,open,0.2,140.0,0.195096,0.197143,0.196511,102.72,0.183,0,ETH-10MAY19-130-C,161.51,0.0,0.001,25.0,0.281,1.0,402.85,0.01254,-0.13212,0.0167,0.0035,0.97045
5735.01,index_price,1557053947729,open,0.03,122.8,0.02441164,0.05437223,0.02855131,58.98,0.0285,0,BTC-10MAY19-5750-P,5735.01,57.78,0.028,5.0,0.0305,12.0,63.2,2.64431,-15.99338,-0.4062,0.00102,-0.50168
161.51,index_price,1557053947748,open,0.0,478.0,1.4e-05,0.006571,0.003596,94.67,0.005,0,ETH-10MAY19-190-C,161.51,83.57,0.002,150.0,0.005,150.0,102.44,0.02678,-0.26001,0.00157,0.00812,0.07634
161.51,index_price,1557053947812,open,0.09,20.0,0.078963,0.117053,0.093201,71.62,0.111,0,ETH-17MAY19-150-C,161.51,66.1,0.09,30.0,0.097,30.0,78.0,0.09489,-0.28612,0.03388,0.01561,0.7379
5735.01,index_price,1557053947984,open,0.17,0.0,0.17229999,0.1903598,0.17487841,68.59,None,0,BTC-17MAY19-4750-C,5735.01,0.0,0.1715,3.0,0.178,3.0,81.25,1.17504,-3.39316,1.43426,0.00016,0.94353
161.51,index_price,1557053948026,open,0.0,107.0,0.0,0.002047,0.001414,102.72,0.001,0,ETH-10MAY19-130-P,161.51,0.0,0.0,0.0,0.003,49.0,118.88,0.01254,-0.13212,-0.00067,0.0035,-0.02955
161.51,index_price,1557053948083,open,0.02,102.0,0.007698,0.045788,0.021936,71.62,0.023,0,ETH-17MAY19-150-P,161.51,64.8,0.018,120.0,0.024,120.0,75.1,0.09489,-0.28612,-0.01493,0.01561,-0.2621
5735.01,index_price,1557053948089,open,0.0,877.8,0.00015897,0.00971336,0.00199135,75.25,0.002,0,BTC-10MAY19-5000-P,5735.01,75.32,0.002,49.9,0.0025,0.1,79.11,0.71148,-5.49059,-0.0418,0.00022,-0.05257
161.51,index_price,1557053948099,open,0.18,0.0,0.176412,0.182968,0.179994,94.67,None,0,ETH-10MAY19-190-P,161.51,67.98,0.177,30.0,0.183,30.0,110.14,0.02678,-0.26001,-0.02381,0.00812,-0.92366
5735.01,index_price,1557053948109,open,0.03,76.8,0.01846361,0.06205898,0.02484667,59.92,0.027,0,BTC-17MAY19-5500-P,5735.01,57.08,0.023,16.0,0.0275,22.9,63.97,3.74425,-9.44609,-0.66128,0.00058,-0.32955
161.51,index_price,1557053948281,open,0.12,30.0,0.114853,0.129156,0.121665,85.44,0.093,0,ETH-10MAY19-180-P,161.51,69.74,0.118,30.0,0.125,30.0,97.09,0.04299,-0.37671,-0.02102,0.01444,-0.85273
161.51,index_price,1557053948338,open,0.05,40.0,0.037112,0.08342,0.055165,70.35,0.062,0,ETH-17MAY19-160-C,161.51,65.91,0.052,90.0,0.06,90.0,77.13,0.11513,-0.341,0.02625,0.01928,0.55467
161.51,index_price,1557053948353,open,0.14,390.0,0.133224,0.140911,0.136977,90.24,0.133,0,ETH-10MAY19-140-C,161.51,65.72,0.134,30.0,0.14,30.0,105.9,0.02708,-0.25058,0.01695,0.00861,0.92255
5735.01,index_price,1557053948456,open,0.15,0.0,0.13699902,0.1703122,0.14214408,64.17,None,0,BTC-17MAY19-6500-P,5735.01,54.73,0.1385,2.0,0.146,2.0,72.62,2.44322,-6.60073,-1.84582,0.00036,-0.84707
5710.94,BTC-27SEP19,1557053948555,open,0.43,0.0,0.38080196,0.45718034,0.42101049,63.46,None,0.0,BTC-27DEC19-7500-P,5735.01,0.0,0.0005,0.5,0.0,0.0,0.0,17.61528,-2.36948,-38.04842,0.00013,-0.60994
161.51,index_price,1557053948588,open,0.05,274.0,0.027763,0.07407,0.045816,70.35,0.047,0,ETH-17MAY19-160-P,161.51,63.59,0.041,90.0,0.049,90.0,74.82,0.11513,-0.341,-0.02581,0.01928,-0.44533
5735.01,index_price,1557053948588,open,0.0,105.1,0.00054615,0.01860596,0.00312457,68.59,0.005,0,BTC-17MAY19-4750-P,5735.01,65.36,0.0025,20.0,0.0035,0.5,70.37,1.17504,-3.39316,-0.11121,0.00016,-0.05647
5723.97,BTC-28JUN19,1557053948874,open,0.19,6.0,0.16030375,0.20909971,0.18109932,60.63,0.285,0.0,BTC-28JUN19-6500-P,5735.01,57.32,0.1765,3.0,0.1865,3.0,64.47,8.00086,-4.50223,-7.15827,0.00027,-0.66615
5723.97,BTC-28JUN19,1557053948885,open,0.0,1413.3,0.0,5e-08,4.409e-05,110.0,0.0005,0.0,BTC-28JUN19-1500-P,5735.01,0.0,0.0,0.0,0.0005,61.1,138.4,0.02898,-0.02959,-0.00343,0.0,-0.00036
5723.97,BTC-28JUN19,1557053948899,open,0.35,30.0,0.34519025,0.35439678,0.35142374,73.19,0.298,0.0,BTC-28JUN19-3750-C,5735.01,53.06,0.346,3.0,0.3545,3.0,80.22,2.26922,-1.5414,5.05701,6e-05,0.94997
5723.97,BTC-28JUN19,1557053948918,open,0.01,167.1,0.00257325,0.02323806,0.01348905,66.96,0.014,0.0,BTC-28JUN19-4250-P,5735.01,64.69,0.012,1.0,0.0155,26.0,69.88,3.83741,-2.3847,-0.95227,0.00012,-0.09922
5735.01,index_price,1557053948918,open,0.05,60.1,0.03733694,0.08402762,0.04408103,59.37,0.047,0,BTC-17MAY19-5750-P,5735.01,55.79,0.0415,12.0,0.0465,12.0,62.74,4.12518,-10.31224,-0.99351,0.00065,-0.48836
5735.01,index_price,1557053948922,open,0.39,0.0,0.38971594,0.39105424,0.39143059,93.52,None,0,BTC-31MAY19-3500-C,5735.01,0.0,0.3865,3.0,0.3935,3.0,107.35,0.66088,-1.1943,2.40298,3e-05,0.98247
5723.97,BTC-28JUN19,1557053948925,open,1.64,2.0,1.62055882,1.62060865,1.62105563,91.07,2.658,0.0,BTC-28JUN19-15000-P,5735.01,0.0,0.0005,0.2,0.0,0.0,0.0,0.31571,-0.26682,-22.10299,1e-05,-0.99504
5710.94,BTC-27SEP19,1557053948929,open,0.02,349.1,0.00886137,0.03401539,0.01937397,66.55,0.0165,0.0,BTC-27SEP19-3500-P,5735.01,64.04,0.017,12.0,0.0215,6.0,68.68,5.55825,-1.27652,-2.34736,6e-05,-0.08418
5710.94,BTC-27SEP19,1557053948934,open,0.47,2.5,0.43465262,0.48908224,0.45975714,66.77,1.278,0.0,BTC-27SEP19-8000-P,5735.01,59.77,0.4455,1.5,0.4735,1.5,73.11,12.05403,-2.77761,-26.8044,0.00014,-0.72273
5723.97,BTC-28JUN19,1557053948940,open,0.76,43.0,0.74717414,0.75083803,0.75022171,72.89,0.89,0.0,BTC-28JUN19-10000-P,5735.01,0.0,0.746,1.7,0.7585,1.7,92.29,1.57777,-1.06725,-14.51712,4e-05,-0.96802
5735.01,index_price,1557053948972,open,0.09,17.6,0.0804907,0.12239641,0.09094382,60.12,0.107,0,BTC-31MAY19-6000-P,5735.01,57.77,0.0885,9.6,0.095,12.6,64.01,5.96857,-6.93374,-2.72825,0.00043,-0.5801
5735.01,index_price,1557053948978,open,0.03,357.0,0.02171272,0.06106695,0.03142059,60.43,0.0345,0,BTC-31MAY19-6250-C,5735.01,57.36,0.0285,12.8,0.0315,0.1,60.51,5.49525,-6.41685,1.19326,0.00039,0.32492
162.78,ETH-28JUN19,1557053948981,open,0.32,1514.0,0.307799,0.376879,0.319561,71.36,0.37,0.0,ETH-28JUN19-210-P,161.51,0.0,0.046,13.0,0.319,1.0,70.86,0.18234,-0.12077,-0.26558,0.00653,-0.78579
162.78,ETH-28JUN19,1557053948982,open,0.22,2407.0,0.204459,0.284338,0.215143,67.93,0.261,0.0,ETH-28JUN19-190-P,161.51,64.9,0.211,72.0,0.219,1.0,70.71,0.22424,-0.14137,-0.21459,0.00844,-0.67795
5735.01,index_price,1557053948983,open,0.05,347.9,0.03403713,0.07434077,0.04370341,59.71,0.043,0,BTC-31MAY19-5500-P,5735.01,58.51,0.0425,12.8,0.0475,7.6,63.49,5.74441,-6.62791,-1.66541,0.00041,-0.36592
5723.97,BTC-28JUN19,1557053948994,open,0.01,1292.4,0.0037264,0.02051353,0.01303003,66.04,0.0155,0.0,BTC-28JUN19-8000-C,5735.01,63.95,0.0115,16.0,0.014,10.1,67.31,4.30866,-2.64088,0.87441,0.00013,0.11653
5710.94,BTC-27SEP19,1557053949015,open,0.01,160.2,0.00191403,0.03991855,0.01464012,74.38,0.0135,0.0,BTC-27DEC19-2500-P,5735.01,72.23,0.013,2.1,0.017,17.1,77.3,4.46249,-0.70363,-2.25389,3e-05,-0.04643
5710.94,BTC-27SEP19,1557053949035,open,0.23,32.8,0.1898318,0.34605677,0.22958631,62.48,0.2435,0.0,BTC-27DEC19-6000-P,5735.01,60.88,0.2245,7.2,0.235,5.0,64.19,18.10255,-2.39767,-24.68449,0.00014,-0.43926
5710.94,BTC-27SEP19,1557053949094,open,0.02,99.8,0.00664496,0.06669309,0.02466423,69.73,0.0235,0.0,BTC-27DEC19-3000-P,5735.01,67.83,0.0225,12.0,0.0275,17.1,72.14,6.6007,-0.97572,-3.73537,4e-05,-0.07655
5710.91,BTC-27SEP19,1557053949113,open,0.03,20.8,0.01420719,0.04530796,0.02602386,65.11,0.0245,0.0,BTC-27SEP19-3750-P,5735.01,63.37,0.024,12.0,0.0285,18.0,67.17,6.73215,-1.5127,-3.06627,8e-05,-0.10925
5710.91,BTC-27SEP19,1557053949113,open,0.13,759.0,0.11462218,0.17964685,0.13542027,62.29,0.122,0.0,BTC-27SEP19-6000-C,5735.01,60.72,0.1315,1.0,0.137,10.0,62.92,14.31831,-3.07787,8.89996,0.00018,0.52805
5710.91,BTC-27SEP19,1557053949113,open,0.21,50.9,0.17547912,0.32529173,0.21361368,62.48,0.21,0.0,BTC-27DEC19-5500-C,5735.01,60.63,0.208,5.8,0.217,5.0,63.59,17.36709,-2.29997,15.28604,0.00013,0.6278
5710.91,BTC-27SEP19,1557053949126,open,0.14,30.0,0.1149144,0.17735682,0.13235809,61.23,0.1525,0.0,BTC-27SEP19-5500-P,5735.01,60.25,0.13,12.6,0.135,2.5,62.33,13.76103,-2.9079,-11.74422,0.00017,-0.38575
