underlying_price,underlying_index,timestamp,state,settlement_price,open_interest,min_price,max_price,mark_price,mark_iv,last_price,interest_rate,instrument_name,index_price,bid_iv,best_bid_price,best_bid_amount,best_ask_price,best_ask_amount,ask_iv,vega,theta,rho,gamma,delta
8693.0,BTC-27SEP19,1559559540394,open,0.02,10.0,0.0005,0.0605,0.02086021,97.99,0.0285,0.0,BTC-27DEC19-32000-C,8532.97,96.3,0.019,6.0,0.023,10.0,99.83,9.82915,-2.32775,2.96738,2e-05,0.08109
8532.97,index_price,1559559540460,open,0.01,35.1,0.0005,0.045,0.00487904,80.86,0.007,0,BTC-7JUN19-7750-P,8532.97,76.31,0.004,30.0,0.006,0.6,86.22,1.71421,-17.88277,-0.10926,0.00027,-0.11571
8532.97,index_price,1559559540500,open,0.01,195.9,0.0005,0.046,0.00618504,87.93,0.007,0,BTC-14JUN19-7000-P,8532.97,85.28,0.0055,41.7,0.0075,30.0,92.67,2.26585,-9.15992,-0.22856,0.00012,-0.08371
8532.97,index_price,1559559540506,open,0.15,0.0,0.1125,0.192,0.15204663,93.87,None,0,BTC-7JUN19-7250-C,8532.97,0.0,0.0755,0.1,0.1725,0.3,196.36,0.78174,-9.46734,0.73063,0.00011,0.95843
8532.97,index_price,1559559540599,open,0.08,23.9,0.026,0.111,0.06831763,81.04,0.0695,0,BTC-7JUN19-9000-P,8532.97,64.79,0.063,4.8,0.0665,0.8,75.69,2.93645,-30.70208,-0.71836,0.00047,-0.72452
8532.97,index_price,1559559540777,open,0.0,325.9,0.0005,0.0425,0.00253026,84.8,0.004,0,BTC-7JUN19-7500-P,8532.97,80.46,0.002,30.0,0.003,2.0,88.28,1.10445,-12.0832,-0.06048,0.00017,-0.06422
8693.0,BTC-27SEP19,1559559540903,open,1.33,0.0,1.224,1.4085,1.31615274,89.64,None,0.0,BTC-27SEP19-20000-P,8532.97,0.0,0.0055,10.0,2.0665,0.2,500.0,7.36295,-2.84797,-61.67946,3e-05,-0.91882
8532.97,index_price,1559559540951,open,0.05,9.2,0.0105,0.09,0.05039774,76.8,0.06,0,BTC-7JUN19-8250-C,8532.97,75.73,0.05,18.6,0.0535,0.6,85.14,3.14737,-31.18581,0.5698,0.00053,0.67928
8532.97,index_price,1559559540969,open,0.1,15.1,0.049,0.136,0.09232803,86.46,0.088,0,BTC-14JUN19-9000-P,8532.97,71.42,0.0825,18.0,0.089,18.0,81.42,5.64644,-22.44538,-1.78869,0.0003,-0.61118
8532.97,index_price,1559559541050,open,0.0,10.9,0.0005,0.0415,0.00169219,93.87,0.002,0,BTC-7JUN19-7250-P,8532.97,91.71,0.0015,1.1,0.002,10.6,97.08,0.78174,-9.46741,-0.0392,0.00011,-0.04157
8610.21,BTC-28JUN19,1559559541177,open,0.02,163.9,0.0005,0.0655,0.02564096,86.12,0.024,0.0,BTC-28JUN19-10500-C,8532.97,83.98,0.024,19.3,0.0275,18.4,88.5,6.66589,-11.53857,1.14402,0.00015,0.2206
263.55,index_price,1559559541222,open,0.0,2132.0,0.001,0.04,0.000869,110.39,0.002,0,ETH-7JUN19-210-P,263.55,0.0,0.0,0.0,0.002,450.0,127.56,0.01315,-0.1873,-0.00058,0.00162,-0.02001
8532.97,index_price,1559559541291,open,0.24,41.9,0.1825,0.2805,0.23137905,98.66,0.209,0,BTC-7JUN19-10500-P,8532.97,0.0,0.0,0.0,0.2595,0.3,234.74,0.48473,-6.16982,-1.09457,6e-05,-0.97668
8532.97,index_price,1559559541358,open,0.01,13.8,0.0005,0.0535,0.01343372,82.95,0.0125,0,BTC-14JUN19-7500-P,8532.97,79.56,0.012,24.0,0.015,24.0,86.54,3.66127,-13.96323,-0.45455,0.0002,-0.16535
8693.0,BTC-27SEP19,1559559541365,open,1.78,0.0,1.659,1.8805,1.76971418,93.69,None,0.0,BTC-27SEP19-24000-P,8532.96,0.0,0.0,0.0,0.0,0.0,0.0,4.92891,-1.99269,-75.09905,2e-05,-0.95152
8693.0,BTC-27SEP19,1559559541366,open,0.55,233.5,0.5105,0.59,0.55042711,92.93,0.58,0.0,BTC-27SEP19-4000-C,8532.96,0.0,0.1655,1.1,0.59,0.1,147.2,4.26822,-1.71147,11.28788,2e-05,0.95945
8610.21,BTC-28JUN19,1559559541366,open,0.0,685.1,0.0005,0.04,1.058e-05,135.01,0.001,0.0,BTC-28JUN19-2500-P,8532.96,0.0,0.0,0.0,0.005,20.0,262.67,0.01009,-0.02739,-0.00073,0.0,-0.00011
8610.21,BTC-28JUN19,1559559541366,open,0.0,396.3,0.0005,0.04,0.00037554,135.01,0.0005,0.0,BTC-28JUN19-3500-P,8532.96,0.0,0.0,0.0,0.0015,1.0,160.75,0.21576,-0.58549,-0.02077,0.0,-0.00316
8693.0,BTC-27SEP19,1559559541366,open,0.13,864.0,0.091,0.1705,0.13066079,82.28,0.13,0.0,BTC-27SEP19-10000-C,8532.96,81.32,0.1285,1.0,0.1345,15.1,83.99,19.49195,-6.92027,9.41911,0.0001,0.47196
8610.21,BTC-28JUN19,1559559541366,open,0.3,26.3,0.244,0.3475,0.29569729,86.76,0.285,0.0,BTC-28JUN19-11000-P,8532.96,0.0,0.002,1.0,0.701,1.0,500.0,5.61177,-9.78613,-6.62641,0.00013,-0.83353
8610.21,BTC-28JUN19,1559559541366,open,0.0,386.5,0.0005,0.0445,0.00481392,90.76,0.0045,0.0,BTC-28JUN19-13000-C,8532.96,83.38,0.003,44.5,0.0055,24.0,93.11,2.41251,-4.40091,0.28023,5e-05,0.05257
8610.21,BTC-28JUN19,1559559541366,open,0.0,710.3,0.0005,0.041,0.00134782,94.29,0.002,0.0,BTC-28JUN19-15000-C,8532.96,83.57,0.0005,68.3,0.002,24.0,99.59,0.92409,-1.75144,0.08895,2e-05,0.01651
8693.0,BTC-27SEP19,1559559541366,open,0.0,335.8,0.0005,0.043,0.0031005,112.87,0.004,0.0,BTC-27SEP19-2500-P,8532.96,115.17,0.0035,1.0,0.004,9.0,117.82,1.46073,-0.71145,-0.39956,1e-05,-0.01138
8693.0,BTC-27SEP19,1559559541366,open,0.01,360.3,0.0005,0.0505,0.01056746,92.93,0.008,0.0,BTC-27SEP19-4000-P,8532.96,89.61,0.009,21.0,0.0125,16.0,96.7,4.26822,-1.71147,-1.41083,2e-05,-0.04055
8532.96,index_price,1559559541365,open,0.02,70.4,0.0005,0.0575,0.01723578,76.8,0.0115,0,BTC-7JUN19-8250-P,8532.96,69.31,0.0145,24.6,0.018,0.6,78.87,3.14738,-31.18547,-0.30621,0.00053,-0.32072
8610.21,BTC-28JUN19,1559559541366,open,0.0,251.0,0.0005,0.041,0.00103924,113.07,0.001,0.0,BTC-28JUN19-4500-P,8532.96,102.89,0.0005,1.0,0.0015,24.0,119.18,0.57254,-1.30125,-0.06181,1e-05,-0.00949
8610.21,BTC-28JUN19,1559559541366,open,0.01,1356.2,0.0005,0.046,0.0058454,92.18,0.0055,0.0,BTC-28JUN19-6000-P,8532.96,87.05,0.0045,34.0,0.007,24.0,96.12,2.40964,-4.4648,-0.34231,5e-05,-0.05249
8693.0,BTC-27SEP19,1559559541367,open,0.77,0.0,0.6945,0.8355,0.76502988,85.21,None,0.0,BTC-27SEP19-15000-P,8532.96,0.0,0.0065,0.1,1.5195,0.3,500.0,13.07743,-4.80833,-43.6028,6e-05,-0.81493
8693.0,BTC-27SEP19,1559559541367,open,0.14,163.4,0.093,0.1835,0.13813757,81.91,0.14,0.0,BTC-27SEP19-8000-P,8532.96,79.91,0.134,5.0,0.142,4.9,83.78,17.95936,-6.34735,-13.21257,9e-05,-0.34062
8610.21,BTC-28JUN19,1559559541366,open,0.07,539.2,0.03,0.1095,0.06986024,85.35,0.0645,0.0,BTC-28JUN19-9000-C,8532.96,82.6,0.067,14.6,0.072,18.2,87.42,8.93327,-15.32588,2.32,0.00021,0.46522
8610.21,BTC-28JUN19,1559559541368,open,0.45,97.0,0.4095,0.489,0.44935015,104.24,0.1965,0.0,BTC-28JUN19-4750-C,8532.96,0.0,0.122,1.1,0.6335,2.0,500.0,0.60538,-1.26837,3.17187,1e-05,0.98988
8693.0,BTC-27SEP19,1559559541367,open,0.2,85.7,0.156,0.2515,0.20367752,81.81,0.2025,0.0,BTC-27SEP19-9000-P,8532.96,79.26,0.198,3.6,0.208,3.6,83.76,19.30632,-6.81552,-17.71789,0.0001,-0.43833
8693.0,BTC-27SEP19,1559559541368,open,0.52,0.2,0.4845,0.564,0.52404753,90.96,0.26,0.0,BTC-27SEP19-4250-C,8532.96,0.0,0.0115,0.1,0.7325,5.0,299.36,4.98847,-1.958,11.77678,2e-05,0.95078
8693.0,BTC-27SEP19,1559559541367,open,0.37,3.2,0.312,0.4205,0.3662943,82.46,0.481,0.0,BTC-27SEP19-11000-P,8532.96,79.07,0.359,3.6,0.371,3.0,84.63,18.81864,-6.69568,-26.89033,0.0001,-0.60808
8610.21,BTC-28JUN19,1559559541367,open,0.12,700.8,0.086,0.1655,0.12583123,85.6,0.1245,0.0,BTC-28JUN19-8000-C,8532.96,83.13,0.1235,0.2,0.129,0.2,88.95,8.13764,-14.00186,3.19482,0.00019,0.67027
8693.0,BTC-27SEP19,1559559541367,open,1.1,1.0,1.0085,1.175,1.09169905,87.12,1.5815,0.0,BTC-27SEP19-18000-P,8532.96,0.0,0.0065,0.1,1.8465,0.3,499.81,9.08856,-3.41665,-54.74541,4e-05,-0.89201
8532.96,index_price,1559559541365,open,0.03,70.1,0.0005,0.07,0.02907071,82.12,0.0325,0,BTC-14JUN19-8000-P,8532.96,76.12,0.0255,24.0,0.03,24.0,83.67,5.11741,-19.32129,-0.8354,0.00029,-0.2995
8610.21,BTC-28JUN19,1559559541367,open,0.42,691.1,0.381,0.4605,0.42085835,102.33,0.427,0.0,BTC-28JUN19-5000-C,8532.96,0.0,0.2355,2.0,0.5,10.0,296.86,0.85505,-1.75876,3.30997,2e-05,0.98492
8693.0,BTC-27SEP19,1559559541368,open,0.28,5.7,0.23,0.332,0.28108708,82.31,0.334,0.0,BTC-27SEP19-10000-P,8532.96,79.15,0.274,3.6,0.2855,3.6,84.28,19.49225,-6.92321,-22.32734,0.0001,-0.52795
8693.0,BTC-27SEP19,1559559541367,open,0.09,90.2,0.0505,0.13,0.09014403,85.35,0.0995,0.0,BTC-27DEC19-15000-C,8532.96,83.94,0.0865,4.9,0.0935,10.0,86.62,22.71448,-4.68542,10.28197,6e-05,0.29883
8693.0,BTC-27SEP19,1559559541368,open,0.1,545.5,0.061,0.1405,0.10088928,82.45,0.096,0.0,BTC-27SEP19-11000-C,8532.96,81.11,0.098,4.9,0.103,10.0,83.42,18.81824,-6.69482,8.03081,0.0001,0.39189
8610.2,BTC-28JUN19,1559559541368,open,0.25,509.1,0.2165,0.296,0.25637358,89.57,0.232,0.0,BTC-28JUN19-6500-C,8532.96,0.0,0.245,0.1,0.2855,1.0,140.79,3.75617,-6.76254,3.81473,8e-05,0.90645
8610.2,BTC-28JUN19,1559559541368,open,0.0,312.4,0.0005,0.041,0.00105539,104.72,0.0025,0.0,BTC-28JUN19-4750-P,8532.96,0.0,0.0,0.0,0.002,24.0,115.25,0.61888,-1.30272,-0.0671,1e-05,-0.01038
8693.0,BTC-27SEP19,1559559541368,open,0.03,77.0,0.0005,0.0715,0.03166651,85.76,0.029,0.0,BTC-27SEP19-16000-C,8532.96,84.11,0.0295,4.9,0.034,4.9,87.48,11.60395,-4.29413,3.36639,6e-05,0.15365
8610.2,BTC-28JUN19,1559559541368,open,0.41,10.0,0.347,0.4585,0.40283765,88.43,1.243,0.0,BTC-28JUN19-12000-P,8532.96,0.0,0.0005,1.0,0.795,1.0,500.0,3.73957,-6.64656,-7.68631,8e-05,-0.90701
8693.0,BTC-27SEP19,1559559541368,open,0.63,0.0,0.5925,0.672,0.63220911,102.07,None,0.0,BTC-27SEP19-3250-C,8532.96,0.0,0.0075,0.1,0.946,5.0,500.0,2.65361,-1.16875,9.51968,1e-05,0.97716
8610.2,BTC-28JUN19,1559559541368,open,0.0,1396.0,0.0005,0.04,1e-08,135.0,0.001,0.0,BTC-28JUN19-1500-P,8532.96,0.0,0.0,0.0,0.0005,80.1,264.53,2e-05,-5e-05,0.0,0.0,0.0
8610.2,BTC-28JUN19,1559559541368,open,0.06,607.0,0.013,0.097,0.05499352,85.64,0.0605,0.0,BTC-28JUN19-8000-P,8532.96,83.0,0.0525,0.2,0.0575,24.3,88.29,8.13796,-14.00801,-2.25777,0.00019,-0.32976
8693.0,BTC-27SEP19,1559559541368,open,0.36,718.9,0.318,0.3975,0.35769492,84.02,0.355,0.0,BTC-27SEP19-6000-C,8532.96,0.0,0.0105,0.1,0.45,8.6,146.19,11.61629,-4.21147,13.47887,6e-05,0.8461
8610.2,BTC-28JUN19,1559559541368,open,0.56,30.0,0.5255,0.605,0.56515117,134.36,0.298,0.0,BTC-28JUN19-3750-C,8532.96,0.0,0.0015,4.0,0.7315,3.0,500.0,0.35169,-0.94979,2.51967,1e-05,0.99454
8693.0,BTC-27SEP19,1559559541366,open,0.43,13.1,0.3675,0.481,0.42409256,81.27,0.413,0.0,BTC-27DEC19-11000-P,8532.96,76.72,0.4105,3.6,0.424,3.6,81.24,26.02796,-5.11243,-47.07749,7e-05,-0.5314
8692.99,BTC-27SEP19,1559559541369,open,0.66,226.1,0.62,0.6995,0.65967865,104.86,0.585,0.0,BTC-27SEP19-3000-C,8532.96,0.0,0.0065,0.1,0.9485,5.0,500.0,2.17198,-0.98276,8.89424,1e-05,0.98196
8692.99,BTC-27SEP19,1559559541369,open,0.02,293.5,0.0005,0.0645,0.02382278,87.21,0.023,0.0,BTC-27SEP19-5000-P,8532.96,85.1,0.022,21.0,0.026,16.0,89.65,7.63115,-2.87151,-3.0071,4e-05,-0.08514
8692.99,BTC-27SEP19,1559559541369,open,0.4,231.1,0.362,0.4415,0.40153293,85.31,0.3795,0.0,BTC-27SEP19-5500-C,8532.96,0.0,0.004,0.6,0.459,3.0,130.53,9.59458,-3.53176,13.30128,5e-05,0.88351
8610.2,BTC-28JUN19,1559559541369,open,0.51,10.5,0.468,0.5475,0.50766324,125.5,0.428,0.0,BTC-28JUN19-4250-C,8532.96,0.0,0.034,2.0,0.659,3.0,500.0,0.60969,-1.53795,2.8292,1e-05,0.9898
8532.96,index_price,1559559541365,open,0.01,167.4,0.0005,0.0525,0.0127993,88.56,0.0105,0,BTC-14JUN19-10000-C,8532.96,86.7,0.012,17.0,0.014,24.0,91.28,3.70165,-15.07112,0.39506,0.00019,0.16818
8610.2,BTC-28JUN19,1559559541369,open,0.01,552.9,0.0005,0.049,0.00906153,88.24,0.0095,0.0,BTC-28JUN19-12000-C,8532.96,84.46,0.0075,24.5,0.0105,24.0,91.45,3.72346,-6.60407,0.4893,8e-05,0.09244
8692.99,BTC-27SEP19,1559559541369,open,0.58,0.0,0.5375,0.617,0.57707084,94.82,None,0.0,BTC-27SEP19-3750-C,8532.96,0.0,0.0055,10.2,0.7525,10.0,299.16,3.59042,-1.46908,10.76579,2e-05,0.96717
8692.99,BTC-27SEP19,1559559541368,open,0.04,33.2,0.002,0.0815,0.04183255,90.74,0.049,0.0,BTC-27DEC19-22000-C,8532.96,89.42,0.0395,4.9,0.044,10.0,91.94,15.55789,-3.41219,5.54848,4e-05,0.15445
8610.2,BTC-28JUN19,1559559541369,open,0.01,660.9,0.0005,0.0515,0.01133863,89.68,0.0115,0.0,BTC-28JUN19-6500-P,8532.96,86.53,0.01,24.0,0.0125,24.0,92.28,3.76255,-6.78209,-0.61673,8e-05,-0.09376
8692.99,BTC-27SEP19,1559559541369,open,0.09,79.1,0.0435,0.13,0.08682173,83.08,0.087,0.0,BTC-27SEP19-7000-P,8532.96,80.9,0.083,10.0,0.089,4.9,84.31,15.3285,-5.49484,-9.10131,8e-05,-0.24297
8610.2,BTC-28JUN19,1559559541369,open,0.0,479.9,0.0005,0.0425,0.00251876,92.55,0.0025,0.0,BTC-28JUN19-14000-C,8532.96,81.15,0.001,64.0,0.0035,24.0,97.61,1.49986,-2.79011,0.15717,3e-05,0.0293
8610.2,BTC-28JUN19,1559559541370,open,0.2,43.0,0.1495,0.245,0.19730321,85.38,0.177,0.0,BTC-28JUN19-10000-P,8532.96,0.0,0.055,0.1,0.609,1.0,500.0,7.66628,-13.15579,-5.33724,0.00018,-0.71224
8610.2,BTC-28JUN19,1559559541370,open,0.04,433.0,0.0005,0.076,0.03493753,86.7,0.036,0.0,BTC-28JUN19-7500-P,8532.96,83.64,0.0325,0.2,0.0365,19.3,88.64,6.90444,-12.03175,-1.58292,0.00016,-0.23481
8692.99,BTC-27SEP19,1559559541370,open,0.56,0.0,0.4955,0.6195,0.55754561,83.75,None,0.0,BTC-27SEP19-13000-P,8532.96,0.0,0.0065,0.1,1.303,0.3,500.0,16.15437,-5.83774,-35.5702,8e-05,-0.73135
8692.99,BTC-27SEP19,1559559541367,open,0.16,339.4,0.119,0.1985,0.15870662,81.27,0.1605,0.0,BTC-27DEC19-11000-C,8532.96,81.87,0.1605,10.1,0.1695,23.6,84.87,26.02793,-5.11243,15.26858,7e-05,0.4686
8692.99,BTC-27SEP19,1559559541371,open,0.05,112.8,0.0095,0.089,0.0491384,84.37,0.0565,0.0,BTC-27SEP19-14000-C,8532.96,83.09,0.047,4.9,0.051,10.0,85.47,14.58562,-5.30991,4.77616,7e-05,0.2222
8692.99,BTC-27SEP19,1559559541371,open,0.08,578.5,0.039,0.1185,0.07899729,83.14,0.092,0.0,BTC-27SEP19-12000-C,8532.96,81.66,0.076,4.9,0.0815,10.0,84.37,17.62692,-6.32368,6.78693,9e-05,0.32492
8692.99,BTC-27SEP19,1559559541367,open,0.27,122.4,0.232,0.3115,0.27175684,80.93,0.2805,0.0,BTC-27DEC19-8000-C,8532.96,81.02,0.272,5.2,0.2815,8.6,84.52,23.68954,-4.63394,19.64097,7e-05,0.67039
8692.99,BTC-27SEP19,1559559541368,open,1.14,0.0,1.048,1.2185,1.13317383,87.67,None,0.0,BTC-27DEC19-18000-P,8532.96,0.0,0.0055,5.0,1.9855,0.2,499.7,19.36862,-4.10387,-94.27181,5e-05,-0.78018
8692.99,BTC-27SEP19,1559559541366,open,0.61,4.0,0.575,0.6545,0.61497772,90.6,0.59,0.0,BTC-27DEC19-3500-C,8532.96,0.0,0.0065,1.1,0.995,1.0,500.0,6.42168,-1.40611,16.65547,2e-05,0.95302
8692.99,BTC-27SEP19,1559559541372,open,0.01,382.8,0.0005,0.047,0.00689186,97.49,0.005,0.0,BTC-27SEP19-3500-P,8532.96,93.25,0.0055,15.0,0.0085,6.0,101.85,3.02978,-1.27458,-0.92854,1e-05,-0.02675
8532.96,index_price,1559559541365,open,0.0,549.6,0.0005,0.0415,0.00163559,88.49,0.001,0,BTC-7JUN19-10000-C,8532.96,72.72,0.0005,38.6,0.0015,10.3,87.07,0.83498,-9.53189,0.03938,0.00012,0.0451
8692.99,BTC-27SEP19,1559559541368,open,0.08,185.3,0.0405,0.1265,0.08360396,81.68,0.085,0.0,BTC-27DEC19-6000-P,8532.96,80.62,0.0815,10.0,0.086,4.9,82.88,17.25081,-3.40544,-13.05219,5e-05,-0.18131
8692.99,BTC-27SEP19,1559559541366,open,0.03,201.9,0.0005,0.07,0.03031846,93.75,0.03,0.0,BTC-27DEC19-26000-C,8532.96,92.14,0.028,6.0,0.0325,10.0,95.22,12.71959,-2.8822,4.18266,3e-05,0.11521
8692.99,BTC-27SEP19,1559559541366,open,0.04,91.2,0.0005,0.077,0.0357657,85.53,0.0425,0.0,BTC-27DEC19-4500-P,8532.96,84.07,0.034,10.0,0.038,6.0,87.35,10.57409,-2.18585,-6.16647,3e-05,-0.08939
8692.99,BTC-27SEP19,1559559541368,open,0.02,87.4,0.0005,0.058,0.01760052,90.6,0.0195,0.0,BTC-27DEC19-3500-P,8532.96,88.38,0.016,10.0,0.0195,6.0,93.11,6.42161,-1.40609,-3.18187,2e-05,-0.04698
8692.99,BTC-27SEP19,1559559541366,open,0.0,102.2,0.0005,0.0425,0.00246525,113.91,0.0025,0.0,BTC-27DEC19-1500-P,8532.96,114.16,0.0025,1.0,0.003,2.0,117.51,1.2128,-0.3339,-0.44728,0.0,-0.00661
8692.99,BTC-27SEP19,1559559541366,open,0.39,122.6,0.3535,0.433,0.39339345,81.68,0.41,0.0,BTC-27DEC19-6000-C,8532.96,0.0,0.0045,0.1,0.45,0.1,109.41,17.25083,-3.40546,20.95472,5e-05,0.81869
8692.99,BTC-27SEP19,1559559541366,open,0.02,22.0,0.0005,0.057,0.01719762,100.66,0.019,0.0,BTC-27DEC19-36000-C,8532.96,98.32,0.015,6.0,0.019,10.0,102.44,8.52331,-2.07352,2.46791,2e-05,0.06729
8610.2,BTC-28JUN19,1559559541372,open,0.12,104.3,0.071,0.1595,0.11519647,85.42,0.1205,0.0,BTC-28JUN19-9000-P,8532.96,81.37,0.111,19.4,0.118,5.0,88.12,8.93343,-15.33738,-3.81359,0.00021,-0.53469
8692.99,BTC-27SEP19,1559559541368,open,0.27,1.4,0.2115,0.312,0.26163979,80.93,0.256,0.0,BTC-27DEC19-9000-P,8532.96,77.29,0.251,2.0,0.262,4.9,81.06,25.32008,-4.95286,-32.70693,7e-05,-0.40219
8532.96,index_price,1559559541366,open,0.24,0.0,0.201,0.2805,0.24094805,93.79,None,0,BTC-14JUN19-6500-C,8532.96,0.0,0.0,0.0,0.2715,3.0,192.07,1.24462,-5.36669,1.83063,6e-05,0.96095
8692.99,BTC-27SEP19,1559559541373,open,0.01,1038.2,0.0005,0.053,0.01297462,91.01,0.015,0.0,BTC-27SEP19-4250-P,8532.96,88.37,0.0115,15.0,0.015,16.0,94.42,4.99351,-1.96102,-1.71809,2e-05,-0.04928
8692.99,BTC-27SEP19,1559559541367,open,0.0,85.9,0.0005,0.0445,0.00453555,105.61,0.0055,0.0,BTC-27DEC19-2000-P,8532.96,98.46,0.003,10.0,0.0065,17.9,112.93,2.0978,-0.53546,-0.83267,0.0,-0.01236
8692.99,BTC-27SEP19,1559559541366,open,0.02,42.7,0.0005,0.063,0.02333605,96.61,0.025,0.0,BTC-27DEC19-30000-C,8532.96,95.07,0.0215,6.0,0.0255,10.0,98.33,10.64635,-2.48583,3.29504,3e-05,0.09021
8532.96,index_price,1559559541366,open,0.09,2.0,0.052,0.1315,0.09153079,82.13,0.117,0,BTC-14JUN19-8000-C,8532.96,83.74,0.0925,6.0,0.099,6.0,94.42,5.11743,-19.32181,1.5483,0.00029,0.7005
8532.96,index_price,1559559541365,open,0.02,24.3,0.0005,0.0615,0.02181019,86.59,0.0225,0,BTC-14JUN19-9500-C,8532.96,83.32,0.02,24.0,0.0235,24.0,89.58,4.77712,-19.01702,0.60546,0.00025,0.25994
8692.99,BTC-27SEP19,1559559541370,open,0.11,66.3,0.062,0.15,0.1057715,81.06,0.102,0.0,BTC-27DEC19-6500-P,8532.96,80.26,0.104,10.0,0.108,4.9,82.06,19.23808,-3.76889,-15.91539,6e-05,-0.21725
8692.99,BTC-27SEP19,1559559541370,open,0.01,178.6,0.0005,0.0475,0.00753872,99.3,0.0095,0.0,BTC-27DEC19-2500-P,8532.96,94.93,0.006,10.0,0.0095,16.0,104.22,3.25379,-0.7809,-1.38812,1e-05,-0.02063
8692.99,BTC-27SEP19,1559559541369,open,0.93,0.0,0.8435,0.9965,0.9199477,86.16,None,0.0,BTC-27DEC19-16000-P,8532.96,0.0,0.0055,5.0,1.76,0.2,499.74,21.5951,-4.4972,-81.34749,6e-05,-0.7311
8692.99,BTC-27SEP19,1559559541371,open,0.33,53.7,0.2865,0.366,0.3264742,80.93,0.33,0.0,BTC-27DEC19-7000-C,8532.96,0.0,0.1945,2.0,0.385,0.1,105.18,20.9969,-4.10723,20.64167,6e-05,0.74542
8692.99,BTC-27SEP19,1559559541368,open,0.05,80.3,0.007,0.0905,0.04887491,83.95,0.047,0.0,BTC-27DEC19-5000-P,8532.96,82.68,0.047,10.0,0.051,6.0,85.38,12.84441,-2.60615,-8.16317,4e-05,-0.11681
8692.99,BTC-27SEP19,1559559541369,open,0.83,0.0,0.79,0.8695,0.82991262,113.91,None,0.0,BTC-27DEC19-1500-C,8532.96,0.0,0.1,0.1,0.991,0.5,500.0,1.21286,-0.33392,8.05443,0.0,0.99339
8692.99,BTC-27SEP19,1559559541370,open,0.06,124.7,0.023,0.1025,0.06254229,87.67,0.063,0.0,BTC-27DEC19-18000-C,8532.96,86.52,0.06,4.9,0.065,10.0,88.76,19.36888,-4.10398,7.74922,5e-05,0.21982
8692.99,BTC-27SEP19,1559559541369,open,0.77,0.0,0.7345,0.814,0.77446537,105.61,None,0.0,BTC-27DEC19-2000-C,8532.96,0.0,0.017,3.0,0.989,0.5,500.0,2.09787,-0.53549,10.50295,0.0,0.98764
8692.99,BTC-27SEP19,1559559541367,open,0.19,438.8,0.1495,0.229,0.18916693,81.08,0.194,0.0,BTC-27DEC19-10000-C,8532.96,81.35,0.19,20.1,0.1995,23.6,84.53,26.03411,-5.10149,16.80171,7e-05,0.53018
8692.99,BTC-27SEP19,1559559541370,open,0.52,6.6,0.4785,0.558,0.51808208,85.51,0.498,0.0,BTC-27DEC19-4500-C,8532.96,0.0,0.26,1.4,0.983,1.0,500.0,10.57168,-2.18482,19.34134,3e-05,0.91064
8693.0,BTC-27SEP19,1559559541382,open,0.47,6.1,0.4015,0.5175,0.45941832,83.14,1.781,0.0,BTC-27SEP19-12000-P,8532.96,0.0,0.0105,0.1,1.1945,0.3,500.0,17.62695,-6.32368,-31.30917,9e-05,-0.67508
263.55,index_price,1559559541458,open,0.06,404.0,0.028,0.107,0.067174,89.28,0.073,0,ETH-7JUN19-250-C,263.55,79.74,0.064,60.0,0.072,60.0,103.19,0.08941,-1.02986,0.01861,0.01358,0.73228
266.86,ETH-28JUN19,1559559541720,open,0.0,153.0,0.001,0.042,0.002504,107.72,0.004,0.0,ETH-28JUN19-480-C,263.55,0.0,0.0,0.0,0.004,390.0,115.89,0.04175,-0.0904,0.00423,0.0008,0.02576
266.86,ETH-28JUN19,1559559541784,open,0.0,153.0,0.001,0.042,0.002504,107.72,0.004,0.0,ETH-28JUN19-480-C,263.55,95.09,0.001,100.0,0.004,390.0,115.89,0.04175,-0.0904,0.00423,0.0008,0.02576
272.47,ETH-27SEP19,1559559541877,open,0.05,1479.0,0.018,0.097,0.057113,98.21,0.054,0.0,ETH-27SEP19-480-C,263.55,95.76,0.053,144.0,0.062,148.0,101.05,0.46348,-0.19642,0.14751,0.002,0.22765
266.86,ETH-28JUN19,1559559541877,open,0.4,923.0,0.363,0.442,0.402905,104.48,0.357,0.0,ETH-28JUN19-160-C,263.55,0.0,0.1,3.0,0.0,0.0,0.0,0.03673,-0.07714,0.10457,0.00072,0.97788
266.86,ETH-28JUN19,1559559541890,open,0.33,3366.0,0.291,0.37,0.330537,95.83,0.364,0.0,ETH-28JUN19-180-C,263.55,0.0,0.001,20.0,0.0,0.0,0.0,0.06563,-0.12642,0.11363,0.00141,0.95534
266.86,ETH-28JUN19,1559559541910,open,0.0,10453.0,0.001,0.04,0.000957,111.21,0.001,0.0,ETH-28JUN19-140-P,263.55,0.0,0.0,0.0,0.002,100.0,123.91,0.01687,-0.03771,-0.0018,0.00031,-0.00896
266.86,ETH-28JUN19,1559559541918,open,0.02,1469.0,0.001,0.057,0.017639,98.03,0.022,0.0,ETH-28JUN19-360-C,263.55,95.27,0.016,148.0,0.02,240.0,101.84,0.16152,-0.31827,0.02384,0.00339,0.14874
266.86,ETH-28JUN19,1559559541918,open,0.0,9802.0,0.001,0.041,0.001424,129.83,0.001,0.0,ETH-28JUN19-130-P,263.55,0.0,0.0,0.0,0.003,390.0,146.0,0.02013,-0.05253,-0.00225,0.00032,-0.01097
272.47,ETH-27SEP19,1559559541929,open,0.13,757.0,0.101,0.18,0.140182,89.64,0.14,0.0,ETH-27SEP19-320-C,263.55,88.22,0.137,122.0,0.148,36.0,93.13,0.61114,-0.23639,0.28855,0.00289,0.47377
272.47,ETH-27SEP19,1559559541984,open,0.49,28.0,0.432,0.55,0.491039,92.82,0.419,0.0,ETH-27SEP19-380-P,263.55,0.0,0.001,50.0,0.0,0.0,0.0,0.57098,-0.22869,-0.98354,0.00261,-0.64599
272.47,ETH-27SEP19,1559559542016,open,0.56,47.0,0.529,0.608,0.568338,93.46,0.564,0.0,ETH-27SEP19-120-C,263.55,0.0,0.007,10.0,0.653,2.0,200.27,0.11678,-0.0471,0.34369,0.00053,0.96566
266.86,ETH-28JUN19,1559559542028,open,0.59,10.0,0.549,0.628,0.588761,149.05,0.265,0.0,ETH-28JUN19-110-C,263.55,0.0,0.0,0.0,0.0,0.0,0.0,0.01309,-0.03921,0.07357,0.00018,0.99328
272.47,ETH-27SEP19,1559559542049,open,0.38,743.0,0.346,0.425,0.385129,88.91,0.331,0.0,ETH-27SEP19-180-C,263.55,0.0,0.23,1.0,0.5,1.0,169.4,0.34255,-0.13142,0.41032,0.00163,0.85949
266.86,ETH-28JUN19,1559559542052,open,0.0,4694.0,0.001,0.04,0.000961,149.05,0.001,0.0,ETH-28JUN19-110-P,263.55,0.0,0.0,0.0,0.002,150.0,165.33,0.01308,-0.0392,-0.0014,0.00018,-0.00671
272.47,ETH-27SEP19,1559559542064,open,0.18,1023.0,0.147,0.226,0.186962,88.9,0.184,0.0,ETH-27SEP19-280-C,263.55,86.65,0.182,114.0,0.194,36.0,92.09,0.60081,-0.23046,0.33799,0.00287,0.5777
272.47,ETH-27SEP19,1559559542066,open,0.1,2006.0,0.055,0.141,0.098026,88.87,0.089,0.0,ETH-27SEP19-220-P,263.55,85.49,0.092,121.0,0.102,48.0,91.09,0.48685,-0.18669,-0.30021,0.00232,-0.24903
266.86,ETH-28JUN19,1559559542080,open,0.0,6850.0,0.001,0.043,0.003341,98.9,0.005,0.0,ETH-28JUN19-170-P,263.55,81.08,0.001,560.0,0.006,390.0,111.36,0.04787,-0.09515,-0.00613,0.001,-0.03035
272.47,ETH-27SEP19,1559559542080,open,0.0,1743.0,0.001,0.042,0.001939,103.28,0.005,0.0,ETH-27SEP19-80-P,263.55,0.0,0.0,0.0,0.004,150.0,115.96,0.03463,-0.01543,-0.00883,0.00014,-0.00827
266.86,ETH-28JUN19,1559559542090,open,0.52,0.0,0.448,0.567,0.507307,100.27,None,0.0,ETH-28JUN19-400-P,263.55,0.0,0.0,0.0,0.0,0.0,0.0,0.10208,-0.20574,-0.25986,0.0021,-0.92151
266.86,ETH-28JUN19,1559559542090,open,0.44,481.0,0.4,0.479,0.439816,111.18,0.46,0.0,ETH-28JUN19-150-C,263.55,0.0,0.021,1.0,0.5,200.0,275.13,0.02876,-0.06427,0.09887,0.00053,0.98341
272.47,ETH-27SEP19,1559559542090,open,0.06,507.0,0.03,0.109,0.069366,96.06,0.07,0.0,ETH-27SEP19-440-C,263.55,93.69,0.065,140.0,0.075,48.0,99.05,0.50697,-0.21013,0.17296,0.00224,0.26932
272.47,ETH-27SEP19,1559559542160,open,0.44,401.0,0.401,0.48,0.44096,89.34,0.38,0.0,ETH-27SEP19-160-C,263.55,0.0,0.26,1.0,0.599,10.0,216.4,0.25992,-0.10019,0.40121,0.00123,0.90478
266.86,ETH-28JUN19,1559559542187,open,0.29,586.0,0.256,0.335,0.295763,93.79,0.334,0.0,ETH-28JUN19-190-C,263.55,0.0,0.288,1.0,0.55,23.0,468.27,0.0889,-0.16759,0.11616,0.00195,0.93446
272.47,ETH-27SEP19,1559559542196,open,0.5,191.0,0.463,0.542,0.502539,90.93,0.5,0.0,ETH-27SEP19-140-C,263.55,0.0,0.01,50.0,0.0,0.0,0.0,0.18257,-0.07164,0.37852,0.00085,0.94013
266.86,ETH-28JUN19,1559559542241,open,0.03,5823.0,0.001,0.066,0.025816,91.85,0.027,0.0,ETH-28JUN19-220-P,263.55,87.64,0.023,330.0,0.028,192.0,95.03,0.18116,-0.33444,-0.03696,0.00406,-0.17743
266.86,ETH-28JUN19,1559559542246,open,0.01,3109.0,0.001,0.048,0.008396,100.28,0.007,0.0,ETH-28JUN19-400-C,263.55,96.45,0.007,150.0,0.01,240.0,104.28,0.1021,-0.20579,0.01275,0.0021,0.0785
266.86,ETH-28JUN19,1559559542248,open,0.07,2332.0,0.037,0.116,0.076386,93.08,0.077,0.0,ETH-28JUN19-280-C,263.55,89.82,0.073,116.0,0.081,260.0,97.52,0.27712,-0.51846,0.07151,0.00613,0.46959
266.86,ETH-28JUN19,1559559542250,open,0.01,3975.0,0.001,0.048,0.007747,93.79,0.004,0.0,ETH-28JUN19-190-P,263.55,88.22,0.006,390.0,0.01,240.0,100.15,0.0889,-0.16759,-0.01333,0.00195,-0.06554
266.86,ETH-28JUN19,1559559542274,open,0.0,2026.0,0.001,0.04,0.000185,150.0,0.001,0.0,ETH-28JUN19-90-P,263.55,0.0,0.0,0.0,0.002,150.0,199.89,0.00336,-0.01013,-0.0003,5e-05,-0.00148
266.86,ETH-28JUN19,1559559542274,open,0.0,1541.0,0.001,0.04,6.1e-05,150.0,0.001,0.0,ETH-28JUN19-80-P,263.55,0.0,0.0,0.0,0.001,14.0,200.09,0.00131,-0.00396,-0.00011,2e-05,-0.00053
266.86,ETH-28JUN19,1559559542320,open,0.0,4769.0,0.001,0.04,0.000693,129.83,0.001,0.0,ETH-28JUN19-120-P,263.55,0.0,0.0,0.0,0.001,100.0,136.14,0.0114,-0.02974,-0.00117,0.00018,-0.00574
266.86,ETH-28JUN19,1559559542320,open,0.0,7102.0,0.001,0.045,0.005046,95.83,0.009,0.0,ETH-28JUN19-180-P,263.55,86.33,0.003,410.0,0.007,240.0,103.1,0.06562,-0.12639,-0.00904,0.00141,-0.04465
8692.99,BTC-27SEP19,1559559542366,open,0.0,616.2,0.0005,0.0445,0.00480516,104.94,0.005,0.0,BTC-27SEP19-3000-P,8532.98,103.7,0.0045,1.0,0.006,6.0,109.41,2.17743,-0.98601,-0.63183,1e-05,-0.01809
8692.99,BTC-27SEP19,1559559542366,open,0.02,200.4,0.0005,0.055,0.01530442,89.47,0.016,0.0,BTC-27SEP19-20000-C,8532.98,87.88,0.014,10.0,0.0165,6.0,90.86,7.32504,-2.82782,1.80285,3e-05,0.08063
8610.19,BTC-28JUN19,1559559542366,open,1.34,0.4,1.2305,1.416,1.32333985,119.85,5.076,0.0,BTC-28JUN19-20000-P,8532.98,0.0,0.0,0.0,1.6,2.0,499.91,0.35872,-0.86413,-13.60073,1e-05,-0.99441
8610.19,BTC-28JUN19,1559559542366,open,0.82,33.8,0.786,0.8655,0.82578823,158.04,0.7145,0.0,BTC-28JUN19-1500-C,8532.98,0.0,0.002,0.4,0.8615,2.0,500.0,0.00047,-0.00148,1.02226,0.0,1.0
8610.19,BTC-28JUN19,1559559542366,open,0.16,23.1,0.108,0.2,0.15388778,85.38,0.175,0.0,BTC-28JUN19-9500-P,8532.98,39.95,0.1135,0.1,0.0,0.0,0.0,8.49275,-14.57455,-4.59531,0.0002,-0.62922
8610.19,BTC-28JUN19,1559559542366,open,0.0,517.5,0.0005,0.041,0.00120386,134.39,0.005,0.0,BTC-28JUN19-4000-P,8532.98,0.0,0.0,0.0,0.0025,20.6,150.02,0.55288,-1.49346,-0.0606,1e-05,-0.00912
8692.99,BTC-27SEP19,1559559542366,open,0.45,793.5,0.409,0.4885,0.44864025,87.2,0.4755,0.0,BTC-27SEP19-5000-C,8532.98,0.0,0.1105,2.0,0.519,0.1,150.04,7.63037,-2.87098,12.86678,4e-05,0.91487
8610.21,BTC-28JUN19,1559559542367,open,0.71,24.4,0.67,0.7495,0.70965727,134.71,0.5115,0.0,BTC-28JUN19-2500-C,8532.98,0.0,0.0025,0.5,0.796,1.0,500.0,0.00982,-0.02659,1.7031,0.0,0.99989
8693.01,BTC-27SEP19,1559559542368,open,0.0,420.5,0.0005,0.0425,0.00278737,130.02,0.0035,0.0,BTC-27SEP19-2000-P,8532.98,112.31,0.001,15.0,0.005,15.0,143.61,1.17267,-0.65791,-0.32105,0.0,-0.00885
8693.01,BTC-27SEP19,1559559542366,open,0.04,36.5,0.0005,0.075,0.03534041,92.29,0.041,0.0,BTC-27DEC19-24000-C,8532.98,90.81,0.033,6.0,0.0375,10.0,93.61,14.03386,-3.13023,4.79108,4e-05,0.13258
8610.21,BTC-28JUN19,1559559542371,open,0.16,184.2,0.124,0.2035,0.16386091,86.68,0.1605,0.0,BTC-28JUN19-7500-C,8532.98,83.71,0.1615,0.2,0.167,5.2,90.56,6.9038,-12.02762,3.52886,0.00016,0.76523
8693.01,BTC-27SEP19,1559559542366,open,2.04,0.0,1.9005,2.142,2.02123401,93.76,None,0.0,BTC-27DEC19-26000-P,8532.98,0.0,0.0055,10.0,2.891,0.2,500.0,12.72107,-2.88268,-143.18026,3e-05,-0.88477
8532.98,index_price,1559559542366,open,0.06,4.6,0.0185,0.098,0.05835063,82.12,0.063,0,BTC-14JUN19-8500-C,8532.98,82.34,0.0585,22.0,0.064,18.0,90.37,5.84789,-22.07905,1.22235,0.00033,0.53911
8693.01,BTC-27SEP19,1559559542366,open,0.2,68.0,0.1445,0.2395,0.19203807,80.93,0.187,0.0,BTC-27DEC19-8000-P,8532.98,78.72,0.186,14.8,0.1925,4.9,81.1,23.68955,-4.63395,-25.70161,7e-05,-0.32961
8532.98,index_price,1559559542366,open,0.18,0.0,0.146,0.2255,0.18583692,87.93,None,0,BTC-14JUN19-7000-C,8532.98,0.0,0.0,0.0,0.217,3.0,165.83,2.26557,-9.1582,1.85723,0.00012,0.9163
266.86,ETH-28JUN19,1559559542795,open,0.81,0.0,0.73,0.873,0.8012,107.72,None,0.0,ETH-28JUN19-480-P,263.55,0.0,0.0,0.0,0.0,0.0,0.0,0.04175,-0.0904,-0.3229,0.0008,-0.97424
263.55,index_price,1559559542891,open,0.24,252.0,0.203,0.282,0.24201,130.87,0.178,0,ETH-7JUN19-200-C,263.55,0.0,0.001,30.0,0.321,3.0,491.15,0.01161,-0.19603,0.02073,0.0012,0.98272
8610.19,BTC-28JUN19,1559559543366,open,0.05,25.2,0.011,0.0905,0.05054575,85.38,0.0455,0.0,BTC-28JUN19-9500-C,8533.0,82.79,0.048,19.3,0.053,25.2,87.86,8.49278,-14.57493,1.8792,0.0002,0.37079
8610.19,BTC-28JUN19,1559559543367,open,0.0,1350.5,0.0005,0.0405,0.00051613,119.98,0.0005,0.0,BTC-28JUN19-20000-C,8533.0,0.0,0.0,0.0,0.001,19.0,128.87,0.36152,-0.8718,0.03004,1e-05,0.00564
8610.19,BTC-28JUN19,1559559543366,open,0.0,259.1,0.0005,0.041,0.00129371,125.92,0.0015,0.0,BTC-28JUN19-4250-P,8533.0,0.0,0.0,0.0,0.006,20.0,163.36,0.6191,-1.56689,-0.06853,1e-05,-0.01038
8610.19,BTC-28JUN19,1559559543367,open,0.02,507.8,0.0005,0.058,0.01807316,86.65,0.022,0.0,BTC-28JUN19-11000-C,8533.0,84.19,0.0165,29.3,0.02,19.3,89.56,5.60357,-9.7596,0.86858,0.00013,0.16609
8610.19,BTC-28JUN19,1559559543368,open,0.75,2.8,0.674,0.813,0.7434665,94.27,0.6485,0.0,BTC-28JUN19-15000-P,8533.0,0.0,0.0,0.0,1.0875,1.0,500.0,0.92263,-1.74812,-10.13409,2e-05,-0.98352
8693.01,BTC-27SEP19,1559559543368,open,0.14,100.4,0.1005,0.18,0.14006293,83.65,0.1365,0.0,BTC-27DEC19-12000-C,8533.0,82.1,0.1355,20.0,0.1445,3.6,85.16,25.60715,-5.17738,13.88693,7e-05,0.42191
8693.03,BTC-27SEP19,1559559543370,open,0.67,0.0,0.5935,0.726,0.65963921,84.38,None,0.0,BTC-27SEP19-14000-P,8533.0,0.0,0.0065,0.1,1.4105,0.3,499.9,14.5872,-5.31101,-39.66859,7e-05,-0.77776
8610.21,BTC-28JUN19,1559559543371,open,0.53,322.4,0.497,0.5765,0.53663913,134.39,0.48,0.0,BTC-28JUN19-4000-C,8533.0,0.0,0.05,1.0,0.674,3.0,500.0,0.55288,-1.49347,2.66551,1e-05,0.99088
8693.03,BTC-27SEP19,1559559543367,open,0.12,153.6,0.0805,0.16,0.12018113,84.21,0.1235,0.0,BTC-27DEC19-13000-C,8533.0,82.56,0.1155,24.9,0.1245,4.9,85.72,24.82322,-5.05212,12.57074,7e-05,0.37532
8693.03,BTC-27SEP19,1559559543366,open,0.1,157.4,0.0635,0.143,0.10343328,84.65,0.107,0.0,BTC-27DEC19-14000-C,8533.0,83.21,0.0995,14.9,0.107,10.0,85.95,23.81283,-4.87206,11.35687,7e-05,0.33393
8693.03,BTC-27SEP19,1559559543366,open,0.72,0.0,0.6455,0.782,0.71392262,84.65,None,0.0,BTC-27DEC19-14000-P,8533.0,0.0,0.0075,3.0,1.5355,0.2,500.0,23.81301,-4.87218,-67.99258,7e-05,-0.66606
8693.03,BTC-27SEP19,1559559543366,open,0.23,145.1,0.1865,0.266,0.22632433,80.93,0.234,0.0,BTC-27DEC19-9000-C,8533.0,80.82,0.226,15.0,0.2365,3.6,84.43,25.32015,-4.95287,18.30366,7e-05,0.59782
8693.03,BTC-27SEP19,1559559543368,open,0.53,5.1,0.46,0.581,0.52048237,83.66,0.515,0.0,BTC-27DEC19-12000-P,8533.0,76.47,0.4995,3.6,0.514,3.6,81.45,25.60727,-5.17746,-54.12689,7e-05,-0.57808
272.47,ETH-27SEP19,1559559543498,open,0.96,0.0,0.879,1.034,0.956263,100.28,None,0.0,ETH-27SEP19-520-P,263.55,0.0,0.0,0.0,0.0,0.0,0.0,0.42263,-0.18287,-1.52392,0.00179,-0.80548
263.55,index_price,1559559543542,open,0.31,0.0,0.246,0.349,0.297239,104.03,None,0,ETH-14JUN19-340-P,263.55,0.0,0.0,0.0,0.0,0.0,0.0,0.07509,-0.35912,-0.09465,0.00349,-0.90801
263.55,index_price,1559559543562,open,0.0,417.0,0.001,0.041,0.001046,131.87,0.005,0,ETH-7JUN19-350-C,263.55,0.0,0.0,0.0,0.002,200.0,146.19,0.01409,-0.23971,0.00058,0.00145,0.0217
263.55,index_price,1559559543599,open,0.17,0.0,0.117,0.209,0.163328,101.69,None,0,ETH-14JUN19-300-P,263.55,77.69,0.151,60.0,0.164,60.0,102.89,0.14691,-0.68683,-0.07111,0.00698,-0.74222
266.86,ETH-28JUN19,1559559543696,open,0.0,153.0,0.001,0.042,0.002504,107.72,0.004,0.0,ETH-28JUN19-480-C,263.55,0.0,0.0,0.0,0.004,390.0,115.89,0.04175,-0.0904,0.00423,0.0008,0.02576
266.86,ETH-28JUN19,1559559543728,open,0.0,153.0,0.001,0.042,0.002504,107.72,0.004,0.0,ETH-28JUN19-480-C,263.55,95.09,0.001,100.0,0.004,390.0,115.89,0.04175,-0.0904,0.00423,0.0008,0.02576
263.55,index_price,1559559543737,open,0.38,0.0,0.316,0.424,0.370108,107.5,None,0,ETH-14JUN19-360-P,263.55,0.0,0.0,0.0,0.0,0.0,0.0,0.05145,-0.25425,-0.10318,0.00231,-0.94384
263.55,index_price,1559559543765,open,0.06,110.0,0.011,0.095,0.052932,94.95,0.046,0,ETH-7JUN19-270-P,263.55,75.12,0.045,180.0,0.054,180.0,97.6,0.10624,-1.30137,-0.01767,0.01517,-0.57855
263.55,index_price,1559559543775,open,0.2,200.0,0.165,0.244,0.204056,110.39,0.142,0,ETH-7JUN19-210-C,263.55,0.0,0.202,60.0,0.209,60.0,161.11,0.01315,-0.18732,0.02171,0.00162,0.97999
263.55,index_price,1559559543828,open,0.0,124.0,0.001,0.042,0.002557,98.48,0.01,0,ETH-7JUN19-310-C,263.55,0.0,0.0,0.0,0.004,50.0,108.77,0.03265,-0.41475,0.00163,0.00449,0.0607
263.55,index_price,1559559543857,open,0.02,11.0,0.001,0.058,0.01849,102.24,0.024,0,ETH-14JUN19-310-C,263.55,94.84,0.015,240.0,0.023,383.0,111.18,0.12844,-0.6037,0.01448,0.00607,0.20282
263.55,index_price,1559559543888,open,0.07,0.0,0.033,0.112,0.072199,95.49,None,0,ETH-14JUN19-260-C,263.55,90.78,0.069,281.0,0.082,101.0,109.92,0.17905,-0.78606,0.03873,0.00906,0.56541
272.47,ETH-27SEP19,1559559543997,open,0.21,954.0,0.177,0.256,0.216915,88.89,0.216,0.0,ETH-27SEP19-260-C,263.55,85.15,0.209,116.0,0.223,36.0,91.76,0.57728,-0.22143,0.36125,0.00276,0.63456
263.55,index_price,1559559544143,open,0.01,52.0,0.001,0.045,0.005649,95.49,0.01,0,ETH-14JUN19-210-P,263.55,82.59,0.003,450.0,0.008,200.0,104.61,0.06248,-0.27431,-0.00611,0.00316,-0.0721
263.55,index_price,1559559544169,open,0.06,28.0,0.017,0.101,0.058729,95.49,0.05,0,ETH-14JUN19-260-P,263.55,82.64,0.05,180.0,0.062,100.0,100.31,0.17905,-0.78606,-0.03874,0.00906,-0.43459
263.55,index_price,1559559544177,open,0.02,408.0,0.001,0.056,0.016486,94.95,0.016,0,ETH-7JUN19-280-C,263.55,87.73,0.014,134.0,0.018,1.0,99.25,0.0921,-1.12826,0.0075,0.01315,0.28438
263.55,index_price,1559559544244,open,0.19,249.0,0.132,0.225,0.178805,98.48,0.228,0,ETH-7JUN19-310-P,263.55,0.0,0.172,60.0,0.179,60.0,100.02,0.03265,-0.41475,-0.03129,0.00449,-0.9393
8693.03,BTC-27SEP19,1559559544253,open,0.1,157.4,0.0635,0.143,0.10343376,84.65,0.107,0.0,BTC-27DEC19-14000-C,8533.0,83.4,0.1,4.9,0.107,10.0,85.95,23.81283,-4.87206,11.35687,7e-05,0.33393
272.47,ETH-27SEP19,1559559544284,open,0.04,303.0,0.001,0.08,0.04056,102.24,0.04,0.0,ETH-27SEP19-560-C,263.55,99.67,0.037,48.0,0.044,10.0,104.63,0.38537,-0.17,0.11013,0.0016,0.16788
8693.03,BTC-27SEP19,1559559544398,open,0.47,13.5,0.4335,0.513,0.47329628,88.44,0.382,0.0,BTC-27SEP19-4750-C,8533.0,0.0,0.0115,0.1,0.7135,5.0,299.1,6.71128,-2.56122,12.5522,3e-05,0.92813
8533.0,index_price,1559559544409,open,0.23,20.7,0.199,0.2785,0.23890613,123.77,0.255,0,BTC-7JUN19-6500-C,8533.0,0.0,0.0005,3.0,0.256,3.0,255.01,0.31365,-5.00835,0.67692,3e-05,0.98601
263.55,index_price,1559559544436,open,0.17,0.0,0.136,0.215,0.175643,95.49,None,0,ETH-14JUN19-220-C,263.55,96.53,0.176,60.0,0.186,60.0,121.9,0.09067,-0.39805,0.05536,0.00459,0.88063
263.55,index_price,1559559544444,open,0.05,11.0,0.016,0.095,0.055413,96.14,0.06,0,ETH-14JUN19-270-C,263.55,91.18,0.052,292.0,0.065,112.0,110.08,0.18113,-0.80064,0.03295,0.0091,0.475
8610.2,BTC-28JUN19,1559559544484,open,0.25,0.0,0.1955,0.2945,0.2451381,86.14,None,0.0,BTC-28JUN19-10500-P,8533.0,0.0,0.002,2.0,0.0,0.0,0.0,6.66689,-11.54263,-6.01174,0.00015,-0.77935
8693.03,BTC-27SEP19,1559559544488,open,2.26,0.0,2.118,2.377,2.24740807,95.21,None,0.0,BTC-27DEC19-28000-P,8533.0,0.0,0.0,0.0,0.0,0.0,0.0,11.60499,-2.67046,-155.00428,3e-05,-0.89857
263.55,index_price,1559559544493,open,0.01,1.0,0.001,0.053,0.013438,102.53,0.023,0,ETH-14JUN19-320-C,263.55,93.76,0.01,240.0,0.017,148.0,110.75,0.10919,-0.51468,0.01125,0.00515,0.1567
8693.03,BTC-27SEP19,1559559544574,open,0.47,57.4,0.434,0.5135,0.47370103,83.95,0.4555,0.0,BTC-27DEC19-5000-C,8533.0,0.0,0.0065,0.2,0.94,0.5,465.37,12.84438,-2.60615,20.17601,4e-05,0.88319
8693.03,BTC-27SEP19,1559559544576,open,0.0,1640.1,0.0005,0.041,0.00105932,135.0,0.001,0.0,BTC-27SEP19-1500-P,8533.0,134.0,0.001,18.3,0.002,18.3,147.45,0.52398,-0.30523,-0.12775,0.0,-0.00357
8610.2,BTC-28JUN19,1559559544576,open,0.59,143.2,0.554,0.6335,0.59388116,135.02,0.56,0.0,BTC-28JUN19-3500-C,8533.0,0.0,0.15,0.1,0.5945,0.4,151.91,0.21586,-0.58582,2.36456,0.0,0.99683
8693.03,BTC-27SEP19,1559559544578,open,1.36,0.0,1.2575,1.445,1.35131753,89.23,None,0.0,BTC-27DEC19-20000-P,8533.0,0.0,0.0055,5.0,2.212,0.2,500.0,17.34542,-3.74088,-106.83934,5e-05,-0.8171
263.55,index_price,1559559544597,open,0.09,32.0,0.036,0.122,0.078903,94.95,0.058,0,ETH-7JUN19-280-P,263.55,74.13,0.072,60.0,0.081,60.0,100.89,0.0921,-1.12826,-0.02223,0.01315,-0.71562
8533.0,index_price,1559559544604,open,0.13,20.8,0.073,0.162,0.11766278,82.1,0.1565,0,BTC-7JUN19-9500-P,8533.0,0.0,0.0005,1.0,0.149,0.4,184.33,1.65328,-17.51162,-0.91301,0.00026,-0.89001
8693.03,BTC-27SEP19,1559559544623,open,0.1,157.4,0.0635,0.143,0.10343377,84.65,0.107,0.0,BTC-27DEC19-14000-C,8533.0,83.21,0.0995,14.9,0.107,10.0,85.95,23.81283,-4.87206,11.35687,7e-05,0.33393
263.55,index_price,1559559544665,open,0.16,18.0,0.127,0.206,0.166228,92.65,0.136,0,ETH-7JUN19-220-C,263.55,0.0,0.165,60.0,0.171,60.0,134.75,0.01652,-0.19744,0.0226,0.00242,0.97378
8693.03,BTC-27SEP19,1559559544690,open,0.03,134.8,0.0005,0.066,0.02545788,87.69,0.024,0.0,BTC-27DEC19-4000-P,8533.0,85.64,0.0235,10.0,0.0275,6.0,89.78,8.40233,-1.78087,-4.50888,2e-05,-0.06605
263.55,index_price,1559559544700,open,0.0,275.0,0.001,0.041,0.001613,103.71,0.003,0,ETH-7JUN19-320-C,263.55,0.0,0.0,0.0,0.003,400.0,116.89,0.02292,-0.30662,0.00105,0.003,0.03898
8533.0,index_price,1559559544706,open,0.01,290.9,0.0005,0.0495,0.00917205,77.52,0.0125,0,BTC-7JUN19-8000-P,8533.0,73.36,0.008,24.0,0.0105,0.6,82.06,2.44973,-24.49951,-0.18807,0.00041,-0.19839
8693.03,BTC-27SEP19,1559559544744,open,0.62,0.5,0.5515,0.68,0.61563257,84.21,0.584,0.0,BTC-27DEC19-13000-P,8533.0,0.0,0.0075,3.0,1.4225,0.3,499.83,24.82324,-5.05213,-61.11101,7e-05,-0.62468
8610.2,BTC-28JUN19,1559559544762,open,0.0,520.6,0.0005,0.04,6.3e-07,135.0,0.001,0.0,BTC-28JUN19-2000-P,8533.0,0.0,0.0,0.0,0.001,14.8,240.85,0.0008,-0.00217,-5e-05,0.0,-1e-05
8610.2,BTC-28JUN19,1559559544762,open,0.36,148.2,0.3245,0.404,0.36414358,95.97,0.36,0.0,BTC-28JUN19-5500-C,8533.0,0.0,0.361,0.1,0.5985,5.0,499.89,1.43526,-2.76847,3.56817,3e-05,0.97221
263.55,index_price,1559559544772,open,0.24,0.0,0.179,0.276,0.227629,102.53,None,0,ETH-14JUN19-320-P,263.55,63.21,0.216,60.0,0.227,60.0,101.0,0.10919,-0.51468,-0.0841,0.00515,-0.8433
8693.03,BTC-27SEP19,1559559544781,open,0.83,42.8,0.789,0.8685,0.82850689,134.99,0.815,0.0,BTC-27SEP19-1500-C,8533.0,0.0,0.0,0.0,0.0,0.0,0.0,0.52385,-0.30514,4.6343,0.0,0.99643
263.55,index_price,1559559544781,open,0.01,330.0,0.001,0.05,0.010399,95.49,0.013,0,ETH-14JUN19-220-P,263.55,84.86,0.007,300.0,0.014,149.0,105.39,0.09067,-0.39805,-0.01019,0.00459,-0.11937
8693.03,BTC-27SEP19,1559559544813,open,0.16,45.4,0.1145,0.207,0.16062422,80.93,0.1775,0.0,BTC-27DEC19-7500-P,8533.0,79.34,0.1565,5.0,0.162,4.9,81.47,22.48198,-4.39771,-22.31163,6e-05,-0.29221
8533.0,index_price,1559559544823,open,0.02,31.2,0.0005,0.0615,0.02187038,79.39,0.02,0,BTC-7JUN19-8750-C,8533.0,74.66,0.02,4.3,0.023,0.8,82.23,3.38585,-34.67759,0.33816,0.00055,0.39509
8693.03,BTC-27SEP19,1559559544830,open,0.88,0.0,0.7975,0.947,0.87223399,85.77,None,0.0,BTC-27SEP19-16000-P,8533.0,0.0,0.0065,0.1,1.6285,0.2,500.0,11.60594,-4.29532,-47.42769,6e-05,-0.84631
263.55,index_price,1559559544835,open,0.08,2.0,0.037,0.123,0.079886,96.14,0.076,0,ETH-14JUN19-270-P,263.55,83.2,0.071,180.0,0.085,180.0,103.58,0.18113,-0.80064,-0.0475,0.0091,-0.525
272.47,ETH-27SEP19,1559559544877,open,0.26,84.0,0.212,0.312,0.262185,88.98,0.244,0.0,ETH-27SEP19-300-P,263.55,85.78,0.255,36.0,0.271,36.0,92.91,0.61141,-0.23474,-0.63906,0.00292,-0.47661
266.87,ETH-28JUN19,1559559544877,open,0.18,141.0,0.131,0.224,0.177643,94.36,0.265,0.0,ETH-28JUN19-300-P,263.55,90.63,0.174,144.0,0.185,144.0,101.82,0.26126,-0.49553,-0.14826,0.0057,-0.63753
272.47,ETH-27SEP19,1559559544877,open,0.03,5371.0,0.001,0.069,0.028163,89.32,0.032,0.0,ETH-27SEP19-160-P,263.55,85.93,0.025,209.0,0.032,60.0,93.25,0.25986,-0.10015,-0.1067,0.00123,-0.09519
272.47,ETH-27SEP19,1559559544877,open,0.0,174.0,0.001,0.041,0.001453,121.49,0.002,0.0,ETH-27SEP19-60-P,263.55,0.0,0.0,0.0,0.003,150.0,135.39,0.02354,-0.01234,-0.00588,8e-05,-0.00534
266.87,ETH-28JUN19,1559559544877,open,0.01,5113.0,0.001,0.052,0.011698,92.26,0.01,0.0,ETH-28JUN19-200-P,263.55,88.25,0.01,150.0,0.014,240.0,97.33,0.11661,-0.21623,-0.01918,0.0026,-0.09375
272.47,ETH-27SEP19,1559559544880,open,0.01,7297.0,0.001,0.049,0.008724,93.39,0.01,0.0,ETH-27SEP19-120-P,263.55,86.4,0.006,150.0,0.012,210.0,100.44,0.11658,-0.04698,-0.03719,0.00053,-0.03427
272.47,ETH-27SEP19,1559559544880,open,0.56,0.0,0.493,0.616,0.554515,94.16,None,0.0,ETH-27SEP19-400-P,263.55,0.0,0.001,50.0,0.0,0.0,0.0,0.55137,-0.22402,-1.06498,0.00248,-0.67668
266.87,ETH-28JUN19,1559559544890,open,0.62,0.0,0.586,0.665,0.625735,149.48,None,0.0,ETH-28JUN19-100-C,263.55,0.0,0.0,0.0,0.0,0.0,0.0,0.00706,-0.0212,0.06746,0.0001,0.99664
8610.2,BTC-28JUN19,1559559544890,open,0.0,616.3,0.0005,0.043,0.0029201,95.96,0.004,0.0,BTC-28JUN19-5500-P,8533.0,89.82,0.002,34.1,0.004,24.0,101.86,1.43505,-2.76794,-0.18019,3e-05,-0.02779
272.47,ETH-27SEP19,1559559544897,open,0.33,1738.0,0.296,0.375,0.335135,88.89,0.307,0.0,ETH-27SEP19-200-C,263.55,39.36,0.273,1.0,0.583,4.0,244.04,0.42028,-0.1612,0.40838,0.00201,0.80725
266.87,ETH-28JUN19,1559559544897,open,0.03,1842.0,0.001,0.077,0.037268,95.8,0.036,0.0,ETH-28JUN19-320-C,263.55,93.17,0.035,136.0,0.041,328.0,100.04,0.23202,-0.44676,0.04305,0.00499,0.27394
266.87,ETH-28JUN19,1559559544897,open,0.36,1130.0,0.327,0.406,0.366303,98.77,0.32,0.0,ETH-28JUN19-170-C,263.55,0.0,0.1,5.0,0.45,1.0,271.7,0.04767,-0.09464,0.10976,0.00099,0.9698
272.47,ETH-27SEP19,1559559544910,open,0.07,2857.0,0.027,0.111,0.069161,88.89,0.055,0.0,ETH-27SEP19-200-P,263.55,86.17,0.065,132.0,0.073,148.0,91.36,0.42028,-0.1612,-0.22655,0.00201,-0.19275
266.87,ETH-28JUN19,1559559544910,open,0.51,386.0,0.475,0.554,0.514277,129.6,0.321,0.0,ETH-28JUN19-130-C,263.55,0.0,0.14,49.0,0.527,2.0,201.54,0.01996,-0.052,0.08637,0.00032,0.98913
8693.03,BTC-27SEP19,1559559544910,open,3.18,0.0,2.9925,3.3245,3.15844636,100.66,None,0.0,BTC-27DEC19-36000-P,8533.0,0.0,0.0,0.0,0.0,0.0,0.0,8.52336,-2.07352,-201.57386,2e-05,-0.93271
272.47,ETH-27SEP19,1559559544918,open,0.32,4.0,0.263,0.367,0.3146,89.63,0.297,0.0,ETH-27SEP19-320-P,263.55,86.69,0.308,36.0,0.323,36.0,93.38,0.61113,-0.23636,-0.72735,0.00289,-0.52626
266.87,ETH-28JUN19,1559559544918,open,0.7,0.0,0.661,0.74,0.700279,147.54,None,0.0,ETH-28JUN19-80-C,263.55,0.0,0.002,5.0,0.0,0.0,0.0,0.00112,-0.00333,0.05443,2e-05,0.99955
272.47,ETH-27SEP19,1559559544918,open,0.13,1582.0,0.087,0.177,0.132167,88.89,0.126,0.0,ETH-27SEP19-240-P,263.55,85.27,0.125,156.0,0.137,48.0,91.33,0.53947,-0.20691,-0.38006,0.00258,-0.30721
266.87,ETH-28JUN19,1559559544918,open,0.55,50.0,0.512,0.591,0.551019,129.44,0.547,0.0,ETH-28JUN19-120-C,263.55,0.0,0.0,0.0,0.0,0.0,0.0,0.0112,-0.02915,0.08064,0.00018,0.99437
266.87,ETH-28JUN19,1559559544929,open,0.26,2145.0,0.223,0.302,0.262241,92.19,0.28,0.0,ETH-28JUN19-200-C,263.55,0.0,0.12,1.0,0.289,80.0,140.07,0.11649,-0.21587,0.11716,0.0026,0.90638
8693.03,BTC-27SEP19,1559559544935,open,0.77,28.2,0.733,0.8125,0.77271762,130.02,0.755,0.0,BTC-27SEP19-2000-C,8533.0,0.0,0.0075,0.1,0.9595,5.0,500.0,1.17257,-0.65785,6.02833,0.0,0.99115
8693.03,BTC-27SEP19,1559559544935,open,0.05,283.0,0.0065,0.0895,0.0479373,84.05,0.044,0.0,BTC-27SEP19-6000-P,8533.0,82.21,0.0455,14.9,0.0505,4.9,85.95,11.61811,-4.21335,-5.57107,6e-05,-0.15393
8693.03,BTC-27SEP19,1559559544937,open,0.08,117.9,0.0395,0.119,0.07938711,86.16,0.0775,0.0,BTC-27DEC19-16000-C,8533.0,84.79,0.076,4.9,0.083,20.0,87.61,21.59545,-4.49732,9.33795,6e-05,0.26891
8693.03,BTC-27SEP19,1559559544944,open,0.05,145.4,0.011,0.0905,0.05062375,89.23,0.0525,0.0,BTC-27DEC19-20000-C,8533.0,87.9,0.048,4.9,0.053,10.0,90.41,17.34542,-3.74088,6.5172,5e-05,0.1829
272.47,ETH-27SEP19,1559559544966,open,0.43,81.0,0.373,0.487,0.430001,91.79,0.428,0.0,ETH-27SEP19-360-P,263.55,88.07,0.422,36.0,0.438,36.0,95.48,0.58891,-0.23326,-0.89984,0.00272,-0.61027
8610.19,BTC-28JUN19,1559559544984,open,0.2,926.7,0.1675,0.247,0.2073619,87.48,0.222,0.0,BTC-28JUN19-7000-C,8533.0,75.67,0.2005,5.0,0.2115,5.0,93.99,5.3262,-9.36541,3.74939,0.00012,0.84631
8693.03,BTC-27SEP19,1559559544984,open,0.56,27.1,0.5255,0.605,0.56531913,87.69,0.542,0.0,BTC-27DEC19-4000-C,8533.0,0.0,0.0195,0.1,0.7105,0.2,199.81,8.40233,-1.78087,18.16243,2e-05,0.93395
8693.03,BTC-27SEP19,1559559544984,open,0.82,0.0,0.7435,0.888,0.81567859,85.35,None,0.0,BTC-27DEC19-15000-P,8533.0,0.0,0.0055,10.0,1.648,0.2,500.0,22.71548,-4.68591,-74.7348,6e-05,-0.70115
263.55,index_price,1559559544989,open,0.27,50.0,0.24,0.319,0.279871,149.69,0.223,0,ETH-7JUN19-190-C,263.55,0.0,0.0,0.0,0.367,2.0,500.0,0.00967,-0.18664,0.01976,0.00088,0.98604
8533.0,index_price,1559559544996,open,0.0,128.8,0.0005,0.0405,0.00065466,123.77,0.0005,0,BTC-7JUN19-6500-P,8533.0,119.19,0.0005,20.6,0.001,41.5,131.91,0.31366,-5.00851,-0.01327,3e-05,-0.01399
266.87,ETH-28JUN19,1559559544998,open,0.0,7382.0,0.001,0.042,0.002062,110.62,0.002,0.0,ETH-28JUN19-500-C,263.55,100.62,0.001,250.0,0.003,240.0,116.84,0.03543,-0.07878,0.00348,0.00066,0.0212
263.55,index_price,1559559545014,open,0.02,883.0,0.001,0.056,0.015761,89.28,0.019,0,ETH-7JUN19-250-P,263.55,77.93,0.012,124.0,0.018,364.0,95.81,0.08941,-1.02987,-0.00793,0.01358,-0.26772
266.87,ETH-28JUN19,1559559545016,open,0.37,0.0,0.312,0.421,0.366661,98.11,None,0.0,ETH-28JUN19-360-P,263.55,36.85,0.349,1.0,0.0,0.0,0.0,0.16172,-0.31891,-0.22147,0.0034,-0.85099
266.87,ETH-28JUN19,1559559545016,open,0.0,796.0,0.001,0.044,0.004119,102.62,0.003,0.0,ETH-28JUN19-440-C,263.55,91.43,0.002,150.0,0.006,240.0,109.84,0.06197,-0.12783,0.00682,0.00124,0.0416
8693.03,BTC-27SEP19,1559559545020,open,0.43,54.9,0.3925,0.472,0.43201696,82.64,0.416,0.0,BTC-27DEC19-5500-C,8533.0,0.0,0.0065,1.0,0.9815,5.0,500.0,15.09455,-3.01501,20.71326,4e-05,0.85242
263.55,index_price,1559559545023,open,0.01,504.0,0.001,0.049,0.009762,98.06,0.021,0,ETH-7JUN19-290-C,263.55,87.48,0.007,147.0,0.012,385.0,105.93,0.07253,-0.91755,0.00491,0.01003,0.18515
266.87,ETH-28JUN19,1559559545028,open,0.47,335.0,0.437,0.516,0.476338,110.91,0.481,0.0,ETH-28JUN19-140-C,263.55,0.0,0.021,1.0,0.6,1.0,417.35,0.01664,-0.0371,0.09364,0.00031,0.99118
8693.03,BTC-27SEP19,1559559545034,open,0.66,0.0,0.6265,0.706,0.6663423,93.8,None,0.0,BTC-27DEC19-3000-C,8533.0,0.0,0.0065,0.4,0.987,0.5,500.0,4.63201,-1.05006,14.88935,1e-05,0.96854
272.47,ETH-27SEP19,1559559545053,open,1.1,0.0,1.012,1.179,1.095832,102.24,None,0.0,ETH-27SEP19-560-P,263.55,0.0,0.0,0.0,0.0,0.0,0.0,0.38537,-0.17,-1.66769,0.0016,-0.83212
266.87,ETH-28JUN19,1559559545064,open,0.02,4310.0,0.001,0.058,0.017664,91.86,0.016,0.0,ETH-28JUN19-210-P,263.55,88.82,0.016,145.0,0.02,245.0,95.97,0.14856,-0.2743,-0.02713,0.00333,-0.13151
266.87,ETH-28JUN19,1559559545072,open,0.66,0.0,0.623,0.702,0.662929,148.98,None,0.0,ETH-28JUN19-90-C,263.55,0.0,0.002,5.0,0.0,0.0,0.0,0.00319,-0.00955,0.06105,4e-05,0.9986
263.55,index_price,1559559545072,open,0.01,26.0,0.001,0.05,0.010092,104.03,0.013,0,ETH-14JUN19-330-C,263.55,94.5,0.007,300.0,0.014,450.0,114.41,0.09236,-0.44173,0.00883,0.00429,0.12255
272.47,ETH-27SEP19,1559559545090,open,0.71,0.0,0.669,0.748,0.70833,103.28,None,0.0,ETH-27SEP19-80-C,263.55,0.0,0.003,10.0,0.0,0.0,0.0,0.03464,-0.01544,0.24514,0.00014,0.99173
272.47,ETH-27SEP19,1559559545090,open,0.12,593.0,0.084,0.163,0.123571,90.89,0.123,0.0,ETH-27SEP19-340-C,263.55,88.37,0.118,126.0,0.13,36.0,93.79,0.60302,-0.23651,0.2651,0.00281,0.43004
272.47,ETH-27SEP19,1559559545090,open,0.08,1866.0,0.047,0.126,0.086464,94.16,0.085,0.0,ETH-27SEP19-400-C,263.55,91.94,0.082,135.0,0.092,48.0,96.88,0.55137,-0.22402,0.20489,0.00248,0.32332
263.55,index_price,1559559545108,open,0.14,0.0,0.105,0.184,0.14494,95.49,None,0,ETH-14JUN19-230-C,263.55,95.62,0.145,60.0,0.155,60.0,116.26,0.12013,-0.52739,0.05287,0.00608,0.81818
263.55,index_price,1559559545108,open,0.0,1364.0,0.001,0.041,0.000984,92.65,0.004,0,ETH-7JUN19-220-P,263.55,0.0,0.0,0.0,0.002,54.0,105.58,0.01652,-0.19744,-0.00076,0.00242,-0.02622
263.55,index_price,1559559545120,open,0.04,166.0,0.005,0.084,0.044136,100.17,0.053,0,ETH-14JUN19-280-C,263.55,92.41,0.039,180.0,0.051,121.0,110.44,0.17529,-0.80724,0.02763,0.00846,0.396
266.87,ETH-28JUN19,1559559545131,open,0.0,5036.0,0.001,0.042,0.00247,104.49,0.009,0.0,ETH-28JUN19-160-P,263.55,90.75,0.001,100.0,0.004,390.0,114.06,0.03673,-0.07714,-0.00447,0.00072,-0.02212
8693.03,BTC-27SEP19,1559559545147,open,0.02,170.8,0.0005,0.0605,0.01971232,88.44,0.02,0.0,BTC-27SEP19-4750-P,8533.0,86.19,0.018,25.0,0.0215,6.0,90.72,6.71145,-2.56133,-2.52762,3e-05,-0.07188
8610.19,BTC-28JUN19,1559559545147,open,0.77,20.1,0.728,0.8075,0.76771772,135.0,0.578,0.0,BTC-28JUN19-2000-C,8533.0,0.0,0.004,0.2,0.827,1.0,500.0,0.0008,-0.00217,1.363,0.0,0.99999
8610.19,BTC-28JUN19,1559559545147,open,0.64,1.3,0.5635,0.6935,0.62850045,92.56,2.415,0.0,BTC-28JUN19-14000-P,8533.0,0.0,0.0,0.0,0.9885,1.0,500.0,1.50034,-2.79124,-9.38413,3e-05,-0.97069
8533.0,index_price,1559559545158,open,0.03,299.0,0.0005,0.073,0.03347445,76.8,0.0335,0,BTC-7JUN19-8500-C,8533.0,76.86,0.0335,0.6,0.035,0.1,80.53,3.49412,-34.61998,0.45466,0.00059,0.53527
263.55,index_price,1559559545170,open,0.22,142.0,0.168,0.264,0.215803,103.71,0.169,0,ETH-7JUN19-320-P,263.55,0.0,0.208,60.0,0.216,60.0,105.89,0.02292,-0.30662,-0.03293,0.003,-0.96102
8693.03,BTC-27SEP19,1559559545191,open,0.06,149.6,0.0225,0.102,0.06200465,83.7,0.061,0.0,BTC-27SEP19-13000-C,8533.0,82.07,0.059,4.9,0.064,10.0,84.77,16.14868,-5.83253,5.69765,8e-05,0.26846
8693.03,BTC-27SEP19,1559559545191,open,0.02,231.0,0.0005,0.061,0.02106753,87.12,0.0185,0.0,BTC-27SEP19-18000-C,8533.0,85.09,0.019,6.0,0.023,6.0,88.93,9.08862,-3.41667,2.39879,4e-05,0.10799
266.87,ETH-28JUN19,1559559545200,open,0.24,51.0,0.187,0.285,0.236398,95.85,0.211,0.0,ETH-28JUN19-320-P,263.55,91.9,0.233,48.0,0.243,48.0,103.3,0.23209,-0.44713,-0.17502,0.00499,-0.72591
266.87,ETH-28JUN19,1559559545200,open,0.0,3083.0,0.001,0.04,0.000463,150.0,0.001,0.0,ETH-28JUN19-100-P,263.55,0.0,0.0,0.0,0.002,150.0,181.72,0.00721,-0.02175,-0.00071,0.0001,-0.00344
272.47,ETH-27SEP19,1559559545209,open,0.09,1167.0,0.057,0.136,0.096474,92.86,0.124,0.0,ETH-27SEP19-380-C,263.55,90.72,0.092,132.0,0.103,48.0,95.96,0.57106,-0.22883,0.22289,0.00261,0.35415
8693.03,BTC-27SEP19,1559559545215,open,0.22,1006.6,0.178,0.2575,0.21782588,81.89,0.2225,0.0,BTC-27SEP19-8000-C,8533.0,80.04,0.214,5.0,0.219,1.0,82.46,17.95944,-6.34616,12.18572,9e-05,0.65938
272.47,ETH-27SEP19,1559559545239,open,0.0,3549.0,0.001,0.044,0.004311,97.39,0.006,0.0,ETH-27SEP19-100-P,263.55,85.86,0.002,150.0,0.007,210.0,106.79,0.06738,-0.02832,-0.01914,0.00029,-0.01782
272.47,ETH-27SEP19,1559559545239,open,0.04,4775.0,0.004,0.087,0.045719,88.89,0.065,0.0,ETH-27SEP19-180-P,263.55,85.89,0.042,142.0,0.049,60.0,91.47,0.34249,-0.13136,-0.16106,0.00163,-0.14047
266.87,ETH-28JUN19,1559559545239,open,0.89,0.0,0.801,0.95,0.875703,111.14,None,0.0,ETH-28JUN19-500-P,263.55,0.0,0.0,0.0,0.0,0.0,0.0,0.03622,-0.08092,-0.33719,0.00067,-0.97824
266.87,ETH-28JUN19,1559559545239,open,0.05,2351.0,0.014,0.093,0.053458,94.32,0.05,0.0,ETH-28JUN19-300-C,263.55,91.8,0.051,127.0,0.058,319.0,98.94,0.26123,-0.49526,0.05619,0.00571,0.36237
266.87,ETH-28JUN19,1559559545239,open,0.0,7787.0,0.001,0.041,0.001908,111.19,0.003,0.0,ETH-28JUN19-150-P,263.55,100.99,0.001,111.0,0.003,100.0,119.94,0.02876,-0.06427,-0.00336,0.00053,-0.01659
8693.03,BTC-27SEP19,1559559545246,open,0.01,42.8,0.0005,0.0485,0.00847797,94.89,0.0115,0.0,BTC-27SEP19-3750-P,8533.0,91.13,0.007,15.0,0.01,6.0,98.41,3.59594,-1.47228,-1.14163,2e-05,-0.03289
272.47,ETH-27SEP19,1559559545248,open,0.78,0.0,0.742,0.821,0.781245,121.49,0.01,0.0,ETH-27SEP19-60-C,263.55,0.0,0.003,10.0,0.0,0.0,0.0,0.02354,-0.01234,0.1846,8e-05,0.99466
272.47,ETH-27SEP19,1559559545248,open,0.63,0.0,0.598,0.677,0.637298,97.39,None,0.0,ETH-27SEP19-100-C,263.55,0.0,0.003,10.0,0.0,0.0,0.0,0.06738,-0.02832,0.29832,0.00029,0.98218
266.87,ETH-28JUN19,1559559545248,open,0.13,374.0,0.081,0.17,0.125626,93.1,0.136,0.0,ETH-28JUN19-280-P,263.55,89.61,0.122,144.0,0.132,144.0,99.24,0.27714,-0.51863,-0.1193,0.00613,-0.53032
272.47,ETH-27SEP19,1559559545248,open,0.37,31.0,0.317,0.426,0.371415,90.89,0.368,0.0,ETH-27SEP19-340-P,263.55,87.08,0.363,36.0,0.379,36.0,94.31,0.60302,-0.23651,-0.81429,0.00281,-0.56996
272.47,ETH-27SEP19,1559559545250,open,0.69,0.0,0.617,0.751,0.684209,96.05,None,0.0,ETH-27SEP19-440-P,263.55,0.0,0.0,0.0,0.0,0.0,0.0,0.50694,-0.2101,-1.22391,0.00224,-0.73071
266.87,ETH-28JUN19,1559559545274,open,0.66,0.0,0.587,0.719,0.652924,102.89,None,0.0,ETH-28JUN19-440-P,263.55,0.0,0.0,0.0,0.0,0.0,0.0,0.06253,-0.12931,-0.29298,0.00125,-0.95794
8533.0,index_price,1559559545280,open,0.05,1.8,0.0055,0.089,0.04730106,79.39,0.054,0,BTC-7JUN19-8750-P,8533.0,68.47,0.043,0.8,0.046,0.8,76.1,3.38585,-34.67759,-0.59094,0.00055,-0.60491
266.87,ETH-28JUN19,1559559545290,open,0.08,2360.0,0.039,0.125,0.081902,91.87,0.077,0.0,ETH-28JUN19-260-P,263.55,89.01,0.079,99.0,0.087,243.0,96.89,0.27077,-0.49997,-0.08939,0.00607,-0.40957
266.87,ETH-28JUN19,1559559545290,open,0.05,6012.0,0.008,0.09,0.048977,91.86,0.051,0.0,ETH-28JUN19-240-P,263.55,87.37,0.045,312.0,0.053,312.0,96.37,0.23728,-0.43812,-0.06109,0.00532,-0.28691
266.87,ETH-28JUN19,1559559545321,open,0.14,1465.0,0.11,0.189,0.149629,91.82,0.14,0.0,ETH-28JUN19-240-C,263.55,85.45,0.144,170.0,0.152,48.0,94.48,0.23726,-0.43791,0.10249,0.00532,0.71313
272.47,ETH-27SEP19,1559559545321,open,0.15,1612.0,0.122,0.201,0.161146,88.98,0.159,0.0,ETH-27SEP19-300-C,263.55,87.13,0.157,118.0,0.169,36.0,92.48,0.61141,-0.23474,0.31335,0.00292,0.52339
272.47,ETH-27SEP19,1559559545321,open,0.24,2038.0,0.212,0.291,0.251336,88.89,0.236,0.0,ETH-27SEP19-240-C,263.55,84.67,0.243,116.0,0.256,2.0,91.24,0.53947,-0.20691,0.38186,0.00258,0.69279
272.47,ETH-27SEP19,1559559545321,open,0.82,0.0,0.747,0.891,0.818763,98.2,None,0.0,ETH-27SEP19-480-P,263.55,0.0,0.0,0.0,0.0,0.0,0.0,0.46345,-0.19639,-1.37634,0.002,-0.77238
272.47,ETH-27SEP19,1559559545321,open,0.01,7561.0,0.001,0.056,0.016325,90.88,0.017,0.0,ETH-27SEP19-140-P,263.55,87.29,0.014,150.0,0.02,60.0,96.13,0.18242,-0.07154,-0.06586,0.00085,-0.05981
266.87,ETH-28JUN19,1559559545321,open,0.22,661.0,0.191,0.27,0.230734,91.8,0.21,0.0,ETH-28JUN19-210-C,263.55,82.83,0.226,48.0,0.233,48.0,95.79,0.14848,-0.27399,0.11601,0.00333,0.8686
272.47,ETH-27SEP19,1559559545321,open,0.21,658.0,0.166,0.263,0.214571,88.89,0.214,0.0,ETH-27SEP19-280-P,263.55,86.36,0.209,168.0,0.222,36.0,92.26,0.60081,-0.23044,-0.55091,0.00287,-0.42231
8610.19,BTC-28JUN19,1559559545345,open,0.02,1028.9,0.0005,0.061,0.02035061,87.48,0.022,0.0,BTC-28JUN19-7000-P,8533.0,84.44,0.0185,19.3,0.022,19.3,90.11,5.32608,-9.36494,-1.02125,0.00012,-0.15368
8610.19,BTC-28JUN19,1559559545345,open,0.0,137.0,0.0005,0.0405,0.00070755,135.0,0.001,0.0,BTC-28JUN19-3750-P,8533.0,0.0,0.0,0.0,0.0055,20.0,185.55,0.36108,-0.97978,-0.03718,1e-05,-0.00563
8693.03,BTC-27SEP19,1559559545345,open,0.04,124.4,0.0005,0.079,0.03940026,85.14,0.0465,0.0,BTC-27SEP19-15000-C,8533.0,83.53,0.037,4.9,0.042,19.6,86.85,13.06448,-4.79967,4.01205,6e-05,0.18478
8610.19,BTC-28JUN19,1559559545345,open,0.62,0.1,0.583,0.6625,0.6227234,135.0,0.395,0.0,BTC-28JUN19-3250-C,8533.0,0.0,0.0015,1.4,0.7555,2.0,500.0,0.11881,-0.32238,2.20428,0.0,0.99836
8693.03,BTC-27SEP19,1559559545345,open,0.3,80.7,0.258,0.3375,0.29786405,80.93,0.3235,0.0,BTC-27DEC19-7500-C,8533.0,75.58,0.284,5.0,0.323,5.0,90.68,22.48198,-4.39771,20.19708,6e-05,0.70779
8693.03,BTC-27SEP19,1559559545347,open,1.59,0.0,1.47,1.675,1.572596,90.74,None,0.0,BTC-27DEC19-22000-P,8533.0,0.0,0.0075,2.0,2.438,0.3,500.0,15.55802,-3.41221,-119.14367,4e-05,-0.84555
266.87,ETH-28JUN19,1559559545349,open,0.2,1593.0,0.162,0.241,0.201414,91.81,0.218,0.0,ETH-28JUN19-220-C,263.55,83.58,0.196,208.0,0.204,48.0,95.58,0.1811,-0.3342,0.11299,0.00406,0.82268
263.55,index_price,1559559545394,open,0.27,0.0,0.212,0.312,0.262227,104.03,None,0,ETH-14JUN19-330-P,263.55,0.0,0.0,0.0,0.0,0.0,0.0,0.09236,-0.44174,-0.0895,0.00429,-0.87745
8610.19,BTC-28JUN19,1559559545412,open,0.52,0.8,0.4545,0.575,0.51465508,90.77,2.171,0.0,BTC-28JUN19-13000-P,8533.0,0.0,0.07,1.0,0.8905,1.0,500.0,2.41314,-4.40247,-8.57952,5e-05,-0.94741
8693.03,BTC-27SEP19,1559559545421,open,0.71,55.9,0.676,0.7555,0.71551283,112.87,0.689,0.0,BTC-27SEP19-2500-C,8533.0,0.0,0.0065,0.1,0.954,5.0,500.0,1.46046,-0.71129,7.53722,1e-05,0.98862
8610.19,BTC-28JUN19,1559559545421,open,0.31,1826.5,0.269,0.3485,0.30899305,92.17,0.309,0.0,BTC-28JUN19-6000-C,8533.0,0.0,0.0705,4.0,0.385,4.0,229.33,2.40888,-4.46275,3.74699,5e-05,0.94753
263.55,index_price,1559559545421,open,0.0,4.0,0.001,0.04,0.000796,149.69,0.003,0,ETH-7JUN19-190-P,263.55,0.0,0.0,0.0,0.002,203.0,173.48,0.00967,-0.18664,-0.00041,0.00088,-0.01396
8693.03,BTC-27SEP19,1559559545421,open,0.34,1.1,0.286,0.393,0.33951461,81.08,0.357,0.0,BTC-27DEC19-10000-P,8533.0,76.9,0.327,3.6,0.3395,3.6,81.07,26.03421,-5.1015,-39.87642,7e-05,-0.46982
8693.03,BTC-27SEP19,1559559545421,open,0.13,44.6,0.0865,0.1765,0.13171828,80.93,0.1325,0.0,BTC-27DEC19-7000-P,8533.0,79.39,0.128,20.0,0.1335,4.9,81.67,20.99689,-4.10721,-19.03296,6e-05,-0.25458
8533.0,index_price,1559559545425,open,0.17,57.1,0.141,0.2205,0.18093499,104.79,0.193,0,BTC-7JUN19-7000-C,8533.0,0.0,0.0005,3.0,0.2,3.0,215.16,0.59021,-7.97864,0.71538,7e-05,0.97049
263.55,index_price,1559559545437,open,0.04,692.0,0.004,0.083,0.043573,89.28,0.052,0,ETH-7JUN19-260-C,263.55,82.9,0.041,100.0,0.049,180.0,102.72,0.10634,-1.22478,0.01492,0.01615,0.57668
263.55,index_price,1559559545439,open,0.02,240.0,0.001,0.058,0.01764,95.49,0.015,0,ETH-14JUN19-230-P,263.55,84.88,0.013,240.0,0.02,140.0,100.58,0.12013,-0.52739,-0.01566,0.00608,-0.18182
266.86,ETH-28JUN19,1559559545452,open,0.0,153.0,0.001,0.042,0.002504,107.72,0.004,0.0,ETH-28JUN19-480-C,263.55,0.0,0.0,0.0,0.004,390.0,115.89,0.04175,-0.0904,0.00423,0.0008,0.02576
272.47,ETH-27SEP19,1559559545460,open,1.25,0.0,1.149,1.327,1.237606,104.62,None,0.0,ETH-27SEP19-600-P,263.54,0.0,0.0,0.0,0.0,0.0,0.0,0.35498,-0.16025,-1.8074,0.00144,-0.85186
272.47,ETH-27SEP19,1559559545460,open,0.04,124.0,0.008,0.087,0.04786,100.32,0.045,0.0,ETH-27SEP19-520-C,263.54,97.79,0.044,195.0,0.052,48.0,102.95,0.42285,-0.18304,0.127,0.00179,0.19468
272.47,ETH-27SEP19,1559559545461,open,0.03,1184.0,0.001,0.075,0.035529,104.62,0.038,0.0,ETH-27SEP19-600-C,263.54,101.85,0.032,130.0,0.039,150.0,107.23,0.35498,-0.16025,0.09741,0.00144,0.14814
263.54,index_price,1559559545460,open,0.0,31.0,0.001,0.044,0.004143,107.51,0.009,0,ETH-14JUN19-360-C,263.54,84.63,0.001,300.0,0.007,100.0,120.09,0.05144,-0.25424,0.00408,0.00231,0.05615
263.54,index_price,1559559545460,open,0.01,0.0,0.001,0.047,0.007161,104.04,None,0,ETH-14JUN19-340-C,263.54,91.33,0.004,450.0,0.008,50.0,106.91,0.07508,-0.35913,0.00666,0.00349,0.09199
263.54,index_price,1559559545460,open,0.0,12.0,0.001,0.042,0.002791,95.48,0.007,0,ETH-14JUN19-200-P,263.54,0.0,0.0,0.0,0.005,200.0,108.17,0.03882,-0.1704,-0.00332,0.00196,-0.03952
263.54,index_price,1559559545460,open,0.12,258.0,0.066,0.154,0.110122,97.94,0.122,0,ETH-7JUN19-290-P,263.54,66.14,0.103,60.0,0.11,60.0,97.49,0.07242,-0.91494,-0.0259,0.01003,-0.8153
263.54,index_price,1559559545460,open,0.14,0.0,0.089,0.178,0.133598,100.62,None,0,ETH-14JUN19-290-P,263.54,81.19,0.122,180.0,0.135,180.0,102.88,0.16296,-0.75385,-0.06378,0.00783,-0.67868
263.54,index_price,1559559545460,open,0.34,0.0,0.281,0.387,0.333689,106.56,None,0,ETH-14JUN19-350-P,263.54,0.0,0.0,0.0,0.0,0.0,0.0,0.06338,-0.31049,-0.09896,0.00287,-0.92655
263.54,index_price,1559559545460,open,0.11,80.0,0.078,0.157,0.117253,95.54,0.14,0,ETH-14JUN19-240-C,263.54,93.28,0.116,60.0,0.127,60.0,112.61,0.14694,-0.64539,0.04907,0.00743,0.7421
263.54,index_price,1559559545460,open,0.03,186.0,0.001,0.068,0.028458,94.99,0.022,0,ETH-7JUN19-270-C,263.54,86.38,0.025,118.0,0.032,180.0,103.75,0.10623,-1.30176,0.01099,0.01516,0.42134
263.54,index_price,1559559545460,open,0.2,0.0,0.147,0.242,0.194738,102.16,None,0,ETH-14JUN19-310-P,263.54,76.95,0.184,60.0,0.194,60.0,100.64,0.12833,-0.60274,-0.07791,0.00607,-0.79745
263.54,index_price,1559559545460,open,0.04,0.0,0.001,0.083,0.041536,95.47,None,0,ETH-14JUN19-250-P,263.54,83.52,0.034,240.0,0.045,115.0,100.91,0.16737,-0.7346,-0.03025,0.00847,-0.34368
263.54,index_price,1559559545460,open,0.28,0.0,0.241,0.32,0.28092,102.37,None,0,ETH-14JUN19-190-C,263.54,0.0,0.0,0.0,0.0,0.0,0.0,0.02765,-0.13012,0.05441,0.00131,0.9738
263.54,index_price,1559559545460,open,0.03,14.0,0.001,0.073,0.033237,100.69,0.038,0,ETH-14JUN19-290-C,263.54,92.1,0.028,370.0,0.039,130.0,109.89,0.16299,-0.7545,0.02263,0.00782,0.32147
263.54,index_price,1559559545460,open,0.26,301.0,0.204,0.303,0.253209,108.47,0.2,0,ETH-7JUN19-330-P,263.54,0.0,0.0,0.0,0.356,2.0,450.44,0.01599,-0.22382,-0.03436,0.002,-0.97477
263.54,index_price,1559559545460,open,0.34,0.0,0.276,0.382,0.329067,130.92,None,0,ETH-7JUN19-350-P,263.54,0.0,0.0,0.0,0.457,1.0,500.0,0.01365,-0.23048,-0.03661,0.00141,-0.97911
263.54,index_price,1559559545460,open,0.0,731.0,0.001,0.045,0.005113,98.18,0.014,0,ETH-7JUN19-300-C,263.54,85.89,0.003,150.0,0.007,350.0,107.29,0.05083,-0.64381,0.00292,0.00702,0.1093
263.54,index_price,1559559545460,open,0.2,3.0,0.169,0.248,0.208837,95.61,0.203,0,ETH-14JUN19-210-C,263.54,96.29,0.209,60.0,0.219,60.0,128.9,0.06264,-0.27535,0.05645,0.00317,0.92766
263.54,index_price,1559559545460,open,0.03,478.0,0.001,0.071,0.030103,89.24,0.019,0,ETH-7JUN19-260-P,263.54,76.57,0.025,101.0,0.033,281.0,96.41,0.10634,-1.22424,-0.01269,0.01616,-0.42346
263.54,index_price,1559559545460,open,0.0,0.0,0.001,0.041,0.001846,102.11,None,0,ETH-14JUN19-190-P,263.54,0.0,0.0,0.0,0.004,200.0,118.34,0.02741,-0.12865,-0.00218,0.0013,-0.02592
263.54,index_price,1559559545460,open,0.11,1.0,0.063,0.15,0.106553,100.13,0.104,0,ETH-14JUN19-280-P,263.54,82.54,0.095,180.0,0.108,180.0,102.3,0.17526,-0.8068,-0.05581,0.00846,-0.60415
263.54,index_price,1559559545460,open,0.09,0.0,0.053,0.132,0.09295,95.53,None,0,ETH-14JUN19-250-C,263.54,92.45,0.091,180.0,0.103,180.0,111.25,0.16738,-0.73508,0.04424,0.00847,0.65627
263.54,index_price,1559559545460,open,0.02,25.0,0.001,0.065,0.025024,101.71,0.019,0,ETH-14JUN19-300-C,263.54,92.45,0.02,377.0,0.03,137.0,110.45,0.1469,-0.68687,0.01828,0.00698,0.25775
263.54,index_price,1559559545460,open,0.09,110.0,0.057,0.136,0.096427,89.4,0.124,0,ETH-7JUN19-240-C,263.54,78.25,0.094,60.0,0.101,60.0,107.32,0.06166,-0.71121,0.02125,0.00935,0.85581
263.54,index_price,1559559545460,open,0.3,106.0,0.24,0.342,0.291132,119.87,0.189,0,ETH-7JUN19-340-P,263.54,0.0,0.0,0.0,0.404,2.0,497.64,0.01464,-0.22647,-0.03549,0.00166,-0.97728
263.54,index_price,1559559545460,open,0.12,202.0,0.091,0.17,0.130384,92.87,0.156,0,ETH-7JUN19-230-C,263.54,81.48,0.129,60.0,0.135,60.0,119.18,0.03676,-0.44042,0.02236,0.00537,0.92926
263.54,index_price,1559559545460,open,0.24,0.0,0.204,0.283,0.243921,95.68,None,0,ETH-14JUN19-200-C,263.54,0.0,0.001,1.0,0.0,0.0,0.0,0.03904,-0.17172,0.05625,0.00197,0.9602
263.54,index_price,1559559545460,open,0.0,549.0,0.001,0.041,0.001075,109.24,0.004,0,ETH-7JUN19-330-C,263.54,0.0,0.0,0.0,0.002,50.0,121.32,0.01646,-0.23192,0.0007,0.00204,0.0261
263.54,index_price,1559559545460,open,0.0,391.0,0.001,0.04,0.000879,130.86,0.002,0,ETH-7JUN19-200-P,263.54,0.0,0.0,0.0,0.002,200.0,150.11,0.01161,-0.19603,-0.00051,0.0012,-0.01728
263.54,index_price,1559559545460,open,0.01,980.0,0.001,0.047,0.00707,89.26,0.008,0,ETH-7JUN19-240-P,263.54,79.84,0.005,2143.0,0.009,300.0,97.18,0.06156,-0.70883,-0.00422,0.00935,-0.14382
263.54,index_price,1559559545460,open,0.01,0.0,0.001,0.045,0.005667,106.77,None,0,ETH-14JUN19-350-C,263.54,87.28,0.002,300.0,0.009,350.0,118.96,0.06367,-0.31254,0.00536,0.00288,0.0739
263.54,index_price,1559559545460,open,0.0,1416.0,0.001,0.043,0.003084,92.63,0.004,0,ETH-7JUN19-230-P,263.54,83.98,0.002,900.0,0.005,350.0,104.87,0.03657,-0.43702,-0.00205,0.00535,-0.07027
263.54,index_price,1559559545461,open,0.0,306.0,0.001,0.041,0.001054,120.74,0.003,0,ETH-7JUN19-340-C,263.54,0.0,0.0,0.0,0.002,352.0,134.06,0.0151,-0.23515,0.00063,0.0017,0.02355
263.54,index_price,1559559545460,open,0.03,26.0,0.001,0.069,0.027896,95.47,0.023,0,ETH-14JUN19-240-P,263.54,84.68,0.022,240.0,0.031,129.0,100.99,0.14691,-0.64484,-0.02243,0.00744,-0.2578
263.54,index_price,1559559545460,open,0.15,122.0,0.098,0.189,0.143417,97.95,0.117,0,ETH-7JUN19-300-P,263.54,0.0,0.136,60.0,0.144,60.0,100.91,0.05064,-0.63993,-0.02895,0.00701,-0.89127
266.87,ETH-28JUN19,1559559545490,open,0.0,153.0,0.001,0.042,0.002504,107.71,0.004,0.0,ETH-28JUN19-480-C,263.54,95.09,0.001,100.0,0.004,390.0,115.89,0.04176,-0.0904,0.00423,0.0008,0.02576
8693.03,BTC-27SEP19,1559559545510,open,0.72,0.0,0.68,0.7595,0.71995214,99.3,None,0.0,BTC-27DEC19-2500-C,8533.0,0.0,0.017,3.0,0.988,0.5,500.0,3.25382,-0.78092,12.78143,1e-05,0.97937
8533.0,index_price,1559559545517,open,0.18,9.3,0.127,0.22,0.17355598,88.48,0.234,0,BTC-7JUN19-10000-P,8533.0,0.0,0.011,1.0,0.2035,3.3,210.15,0.83488,-9.53013,-1.02246,0.00012,-0.9549
8610.19,BTC-28JUN19,1559559545525,open,0.0,876.3,0.0005,0.0415,0.00159957,102.69,0.002,0.0,BTC-28JUN19-5000-P,8533.0,87.47,0.0005,54.0,0.0025,24.0,110.41,0.86723,-1.78994,-0.09933,2e-05,-0.01533
8693.03,BTC-27SEP19,1559559545533,open,1.81,0.0,1.6845,1.908,1.79617331,92.29,None,0.0,BTC-27DEC19-24000-P,8533.0,0.0,0.0075,1.0,2.6645,0.2,500.0,14.03396,-3.13026,-131.23673,4e-05,-0.86742
8693.03,BTC-27SEP19,1559559545533,open,0.01,158.7,0.0005,0.0515,0.01144637,93.8,0.014,0.0,BTC-27DEC19-3000-P,8533.0,91.98,0.0105,10.0,0.013,0.8,96.62,4.63201,-1.05006,-2.11413,1e-05,-0.03146
8693.03,BTC-27SEP19,1559559545544,open,0.5,289.7,0.4585,0.538,0.49835607,89.57,0.51,0.0,BTC-27SEP19-4500-C,8533.0,0.0,0.022,0.1,0.7225,5.0,298.92,5.81445,-2.24728,12.19562,3e-05,0.94027
8610.19,BTC-28JUN19,1559559545544,open,0.0,849.9,0.0005,0.04,8.08e-05,135.0,0.001,0.0,BTC-28JUN19-3000-P,8533.0,0.0,0.0,0.0,0.001,1.0,176.3,0.05937,-0.1611,-0.00498,0.0,-0.00077
8610.19,BTC-28JUN19,1559559545579,open,0.0,94.5,0.0005,0.04,0.00018313,135.0,0.002,0.0,BTC-28JUN19-3250-P,8533.0,0.0,0.0,0.0,0.005,20.0,210.41,0.11881,-0.32238,-0.01068,0.0,-0.00164
8533.0,index_price,1559559545589,open,0.03,345.4,0.0005,0.0705,0.02960682,76.8,0.0305,0,BTC-7JUN19-8500-P,8533.0,69.21,0.0265,0.8,0.029,0.1,75.32,3.49412,-34.61966,-0.4479,0.00059,-0.46473
8610.19,BTC-28JUN19,1559559545592,open,0.03,1273.7,0.0005,0.0755,0.03589387,85.38,0.0355,0.0,BTC-28JUN19-10000-C,8533.0,83.24,0.034,19.3,0.036,1.0,85.5,7.66643,-13.15678,1.47807,0.00018,0.28778
8693.03,BTC-27SEP19,1559559545592,open,0.01,28.3,0.0005,0.046,0.0060966,102.15,0.007,0.0,BTC-27SEP19-3250-P,8533.0,103.44,0.0065,1.0,0.007,6.0,104.99,2.65928,-1.17213,-0.80027,1e-05,-0.0229
8610.19,BTC-28JUN19,1559559545592,open,0.48,218.3,0.4385,0.518,0.478402,113.06,0.463,0.0,BTC-28JUN19-4500-C,8533.0,0.0,0.4645,5.0,0.5245,5.0,269.37,0.57229,-1.30055,3.00509,1e-05,0.99051
8693.03,BTC-27SEP19,1559559545592,open,0.36,63.1,0.3185,0.398,0.35804523,81.06,0.311,0.0,BTC-27DEC19-6500-C,8533.0,39.83,0.275,0.1,0.98,4.0,500.0,19.23806,-3.7689,20.92556,6e-05,0.78275
8693.03,BTC-27SEP19,1559559545603,open,0.6,261.1,0.5645,0.644,0.60426743,97.49,0.62,0.0,BTC-27SEP19-3500-C,8533.0,0.0,0.161,1.0,0.634,0.1,150.33,3.02906,-1.27417,10.18312,1e-05,0.97325
8610.19,BTC-28JUN19,1559559545603,open,0.65,43.6,0.612,0.6915,0.65165643,135.0,0.6755,0.0,BTC-28JUN19-3000-C,8533.0,0.0,0.004,0.5,0.7685,2.0,500.0,0.05937,-0.1611,2.0396,0.0,0.99923
8693.03,BTC-27SEP19,1559559545606,open,2.49,0.0,2.3355,2.613,2.47437717,96.61,None,0.0,BTC-27DEC19-30000-P,8533.0,0.0,0.0,0.0,0.0,0.0,0.0,10.64652,-2.48588,-166.73971,3e-05,-0.90979
8693.03,BTC-27SEP19,1559559545620,open,0.07,63.3,0.0225,0.107,0.06470776,82.64,0.0795,0.0,BTC-27DEC19-5500-P,8533.0,81.37,0.0625,20.0,0.067,6.0,83.96,15.09455,-3.01501,-10.45979,4e-05,-0.14758
8533.0,index_price,1559559545658,open,0.0,15.6,0.0005,0.0425,0.0026995,93.79,0.0025,0,BTC-14JUN19-6500-P,8533.0,88.58,0.002,30.0,0.004,40.0,101.76,1.24445,-5.36578,-0.10612,6e-05,-0.03904
8533.0,index_price,1559559545747,open,0.01,53.1,0.0005,0.0475,0.00791321,81.76,0.007,0,BTC-7JUN19-9250-C,8533.0,76.36,0.0065,24.0,0.009,24.8,85.7,2.30697,-24.33422,0.15589,0.00036,0.17997
8533.0,index_price,1559559545793,open,0.19,0.0,0.1375,0.232,0.18472091,88.56,None,0,BTC-14JUN19-10000-P,8533.0,0.0,0.0005,5.0,0.2265,3.0,163.63,3.70179,-15.0717,-2.58456,0.00019,-0.83181
8533.0,index_price,1559559545893,open,0.0,235.9,0.0005,0.041,0.00127959,104.79,0.002,0,BTC-7JUN19-7000-P,8533.0,100.44,0.001,11.0,0.002,32.9,113.87,0.59023,-7.97891,-0.0279,7e-05,-0.02951
8533.0,index_price,1559559545931,open,0.09,3.0,0.057,0.1365,0.09664021,80.86,0.1065,0,BTC-7JUN19-7750-C,8533.0,80.16,0.0965,0.4,0.1005,0.4,97.94,1.71415,-17.88242,0.71366,0.00027,0.88429
8610.17,BTC-28JUN19,1559559545933,open,0.09,45.2,0.055,0.1345,0.09471242,85.38,0.0955,0.0,BTC-28JUN19-8500-C,8533.0,82.74,0.092,0.2,0.0975,11.2,88.09,8.83985,-15.17002,2.77252,0.0002,0.56719
8533.0,index_price,1559559546059,open,0.01,352.6,0.0005,0.0535,0.01358532,81.04,0.0135,0,BTC-7JUN19-9000-C,8533.0,74.88,0.0115,24.8,0.0145,0.8,83.68,2.9365,-30.70169,0.2373,0.00047,0.27549
8533.0,index_price,1559559546114,open,0.06,12.0,0.0125,0.0965,0.05448572,82.13,0.06,0,BTC-14JUN19-8500-P,8533.0,74.12,0.049,18.0,0.0545,18.0,82.15,5.84789,-22.07958,-1.31033,0.00033,-0.46088
8533.0,index_price,1559559546232,open,0.1,17.1,0.0485,0.1355,0.09193993,81.76,0.099,0,BTC-7JUN19-9250-P,8533.0,60.4,0.087,0.4,0.0905,0.4,76.26,2.30697,-24.33422,-0.82631,0.00036,-0.82003
8533.0,index_price,1559559546253,open,0.01,228.3,0.0005,0.0475,0.00776269,91.58,0.0065,0,BTC-14JUN19-10500-C,8533.0,87.5,0.0065,30.0,0.0085,10.0,93.83,2.74726,-11.56704,0.2568,0.00014,0.10876
8693.02,BTC-27SEP19,1559559546342,open,0.01,279.1,0.0005,0.05,0.010445,90.09,0.0155,0.0,BTC-27SEP19-22000-C,8533.0,86.91,0.0085,21.0,0.012,6.0,92.39,5.64896,-2.19593,1.30074,3e-05,0.05758
8533.0,index_price,1559559546356,open,0.12,39.6,0.084,0.1635,0.1235894,84.8,0.147,0,BTC-7JUN19-7500-C,8533.0,79.94,0.123,1.0,0.1505,3.3,194.59,1.10438,-12.08234,0.7359,0.00017,0.93579
8693.02,BTC-27SEP19,1559559546394,open,0.02,10.0,0.0005,0.0605,0.02086065,97.99,0.0285,0.0,BTC-27DEC19-32000-C,8533.0,96.3,0.019,6.0,0.023,10.0,99.83,9.82929,-2.32779,2.96742,2e-05,0.08109
8533.0,index_price,1559559546460,open,0.01,35.1,0.0005,0.045,0.00487881,80.86,0.007,0,BTC-7JUN19-7750-P,8533.0,76.31,0.004,30.0,0.006,0.6,86.22,1.71415,-17.88242,-0.10926,0.00027,-0.11571
8533.0,index_price,1559559546496,open,0.29,8.4,0.2575,0.337,0.29705168,134.47,0.25,0,BTC-7JUN19-6000-C,8533.0,0.0,0.0505,2.0,0.314,3.0,304.63,0.11609,-2.01398,0.63282,1e-05,0.99548
8533.0,index_price,1559559546500,open,0.01,195.9,0.0005,0.046,0.00618524,87.93,0.007,0,BTC-14JUN19-7000-P,8533.0,85.29,0.0055,41.7,0.0075,30.0,92.67,2.26587,-9.1602,-0.22856,0.00012,-0.08371
8533.0,index_price,1559559546506,open,0.15,0.0,0.1125,0.192,0.15204956,93.87,None,0,BTC-7JUN19-7250-C,8533.0,0.0,0.0755,0.1,0.1725,0.3,196.35,0.78172,-9.46717,0.73063,0.00011,0.95843
8533.0,index_price,1559559546560,open,0.04,58.9,0.0005,0.0775,0.03759603,86.46,0.0385,0,BTC-14JUN19-9000-C,8533.0,81.77,0.0345,28.0,0.0395,24.0,89.34,5.64649,-22.44524,0.89301,0.0003,0.38882
8533.0,index_price,1559559546599,open,0.08,23.9,0.026,0.111,0.06831386,81.04,0.0695,0,BTC-7JUN19-9000-P,8533.0,64.8,0.063,4.8,0.0665,0.8,75.7,2.93649,-30.70147,-0.71835,0.00047,-0.72451
8533.0,index_price,1559559546631,open,0.0,643.3,0.0005,0.0405,0.00055551,109.9,0.0005,0,BTC-7JUN19-11000-C,8533.0,0.0,0.0,0.0,0.001,40.0,119.47,0.32168,-4.56055,0.01255,4e-05,0.01441
8533.0,index_price,1559559546721,open,0.25,0.0,0.189,0.2875,0.23827943,91.58,None,0,BTC-14JUN19-10500-P,8533.0,0.0,0.0005,5.0,0.28,3.0,176.39,2.74725,-11.56695,-2.87183,0.00014,-0.89124
8533.0,index_price,1559559546779,open,0.0,325.9,0.0005,0.0425,0.00252998,84.8,0.004,0,BTC-7JUN19-7500-P,8533.0,80.46,0.002,30.0,0.003,2.0,88.28,1.10438,-12.08231,-0.06047,0.00017,-0.06421
8533.0,index_price,1559559546873,open,0.0,311.8,0.0005,0.0405,0.0008578,98.66,0.0015,0,BTC-7JUN19-10500-C,8533.0,91.24,0.0005,2.5,0.001,11.0,101.04,0.4847,-6.16919,0.02035,6e-05,0.02332
8693.02,BTC-27SEP19,1559559546903,open,1.33,0.0,1.2235,1.4085,1.31599835,89.46,None,0.0,BTC-27SEP19-20000-P,8533.0,0.0,0.0055,10.0,2.0665,0.2,500.0,7.32442,-2.82748,-61.69087,3e-05,-0.91938
266.86,ETH-28JUN19,1559559546906,open,0.0,153.0,0.001,0.042,0.002504,107.72,0.004,0.0,ETH-28JUN19-480-C,263.54,0.0,0.0,0.0,0.004,390.0,115.89,0.04175,-0.0904,0.00423,0.0008,0.02576
266.86,ETH-28JUN19,1559559546924,open,0.0,153.0,0.001,0.042,0.002504,107.72,0.004,0.0,ETH-28JUN19-480-C,263.54,95.09,0.001,100.0,0.004,390.0,115.89,0.04175,-0.0904,0.00423,0.0008,0.02576
8533.0,index_price,1559559546930,open,0.13,0.0,0.0945,0.174,0.13449262,82.95,None,0,BTC-14JUN19-7500-C,8533.0,36.5,0.1215,0.1,0.169,3.0,150.01,3.66121,-13.96302,1.78019,0.0002,0.83466
8693.02,BTC-27SEP19,1559559546930,open,0.03,16.5,0.0005,0.066,0.02643684,95.21,0.0295,0.0,BTC-27DEC19-28000-C,8533.0,93.73,0.0245,6.0,0.0285,10.0,96.72,11.60499,-2.67046,3.69488,3e-05,0.10143
8533.0,index_price,1559559546950,open,0.0,119.4,0.0005,0.04,0.00020414,134.47,0.0005,0,BTC-7JUN19-6000-P,8533.0,0.0,0.0,0.0,0.0005,10.0,149.84,0.11609,-1.74196,-0.00428,1e-05,-0.00452
8533.0,index_price,1559559546950,open,0.05,9.2,0.0105,0.09,0.05039831,76.8,0.06,0,BTC-7JUN19-8250-C,8533.0,75.72,0.05,18.6,0.0535,0.6,85.14,3.14728,-31.18313,0.56983,0.00053,0.6793
8533.0,index_price,1559559546969,open,0.1,15.1,0.049,0.136,0.09232457,86.46,0.088,0,BTC-14JUN19-9000-P,8533.0,71.42,0.0825,18.0,0.089,18.0,81.42,5.64649,-22.44517,-1.78867,0.0003,-0.61118
8693.03,BTC-27SEP19,1559559547026,open,0.19,438.8,0.1495,0.229,0.18916754,81.08,0.194,0.0,BTC-27DEC19-10000-C,8533.0,81.35,0.19,20.1,0.1995,13.6,84.53,26.03422,-5.10148,16.80186,7e-05,0.53018
8693.02,BTC-27SEP19,1559559547043,open,1.55,0.0,1.44,1.6425,1.54120821,90.08,None,0.0,BTC-27SEP19-22000-P,8533.0,0.0,0.0055,10.0,0.0,0.0,0.0,5.64806,-2.19547,-68.54239,3e-05,-0.94243
8693.02,BTC-27SEP19,1559559547043,open,0.01,121.4,0.0005,0.0485,0.00869346,93.38,0.01,0.0,BTC-27SEP19-24000-C,8533.0,92.11,0.008,1.0,0.009,6.0,93.92,4.86843,-1.96157,1.07763,2e-05,0.04774
8533.0,index_price,1559559547050,open,0.0,10.9,0.0005,0.0415,0.00169214,93.88,0.002,0,BTC-7JUN19-7250-P,8533.0,91.71,0.0015,1.1,0.002,10.6,97.08,0.78172,-9.46724,-0.0392,0.00011,-0.04157
8610.2,BTC-28JUN19,1559559547089,open,0.07,539.2,0.03,0.1095,0.06988436,85.38,0.0645,0.0,BTC-28JUN19-9000-C,8533.0,82.6,0.067,14.6,0.072,18.2,87.42,8.93332,-15.33016,2.32005,0.00021,0.46525
8533.0,index_price,1559559547150,open,0.0,379.2,0.0005,0.044,0.00433785,82.1,0.0045,0,BTC-7JUN19-9500-C,8533.0,74.63,0.003,40.0,0.005,10.0,85.41,1.65325,-17.51108,0.09573,0.00026,0.10999
8610.16,BTC-28JUN19,1559559547177,open,0.02,163.9,0.0005,0.0655,0.02565312,86.14,0.024,0.0,BTC-28JUN19-10500-C,8533.0,83.98,0.024,19.3,0.0275,18.4,88.5,6.66674,-11.54233,1.14424,0.00015,0.22065
263.54,index_price,1559559547222,open,0.0,2132.0,0.001,0.04,0.00087,110.39,0.002,0,ETH-7JUN19-210-P,263.54,0.0,0.0,0.0,0.002,450.0,127.54,0.01316,-0.18746,-0.00058,0.00162,-0.02002
8533.0,index_price,1559559547263,open,0.3,402.5,0.2385,0.341,0.28966836,109.9,0.32,0,BTC-7JUN19-11000-P,8533.0,0.0,0.0,0.0,0.3115,4.0,241.0,0.32168,-4.56055,-1.15547,4e-05,-0.98559
8533.0,index_price,1559559547268,open,0.07,111.2,0.032,0.1115,0.07163547,77.52,0.0925,0,BTC-7JUN19-8000-C,8533.0,78.78,0.072,6.6,0.0755,0.6,90.37,2.44973,-24.49957,0.6614,0.00041,0.80161
8533.0,index_price,1559559547291,open,0.24,41.9,0.1825,0.2805,0.23137461,98.66,0.209,0,BTC-7JUN19-10500-P,8533.0,0.0,0.0,0.0,0.2595,0.3,234.75,0.4847,-6.16919,-1.09458,6e-05,-0.97668
8533.0,index_price,1559559547358,open,0.01,13.8,0.0005,0.0535,0.01343321,82.95,0.0125,0,BTC-14JUN19-7500-P,8533.0,79.56,0.012,24.0,0.015,24.0,86.55,3.66121,-13.96302,-0.45454,0.0002,-0.16534
8610.16,BTC-28JUN19,1559559547369,open,0.25,509.1,0.2165,0.296,0.25641344,89.67,0.232,0.0,BTC-28JUN19-6500-C,8533.0,0.0,0.245,0.1,0.2855,1.0,140.79,3.76214,-6.78072,3.81329,8e-05,0.90625
8693.02,BTC-27SEP19,1559559547369,open,0.01,1038.2,0.0005,0.053,0.01297486,91.01,0.015,0.0,BTC-27SEP19-4250-P,8533.0,88.37,0.0115,15.0,0.015,16.0,94.42,4.99355,-1.96106,-1.71811,2e-05,-0.04928
8693.02,BTC-27SEP19,1559559547369,open,0.58,0.0,0.5375,0.617,0.5770978,94.89,None,0.0,BTC-27SEP19-3750-C,8533.0,0.0,0.0055,10.2,0.7525,10.0,299.16,3.59603,-1.47234,10.76337,2e-05,0.96711
8693.02,BTC-27SEP19,1559559547369,open,0.4,231.1,0.362,0.4415,0.40156618,85.34,0.3795,0.0,BTC-27SEP19-5500-C,8533.0,0.0,0.004,0.6,0.459,3.0,130.52,9.59726,-3.53393,13.29915,5e-05,0.88346
8693.02,BTC-27SEP19,1559559547371,open,0.11,66.3,0.062,0.15,0.10577077,81.06,0.102,0.0,BTC-27DEC19-6500-P,8533.0,80.26,0.104,10.0,0.108,4.9,82.06,19.23806,-3.7689,-15.91533,6e-05,-0.21725
8533.0,index_price,1559559547383,open,0.02,70.4,0.0005,0.0575,0.01723295,76.8,0.0115,0,BTC-7JUN19-8250-P,8533.0,69.32,0.0145,24.6,0.018,0.6,78.88,3.14728,-31.18313,-0.30619,0.00053,-0.3207
8610.16,BTC-28JUN19,1559559547398,open,0.01,552.9,0.0005,0.049,0.00906104,88.24,0.0095,0.0,BTC-28JUN19-12000-C,8533.0,84.46,0.0075,24.5,0.0105,24.0,91.45,3.72332,-6.60381,0.48928,8e-05,0.09244
8610.16,BTC-28JUN19,1559559547398,open,0.0,1396.0,0.0005,0.04,1e-08,135.0,0.001,0.0,BTC-28JUN19-1500-P,8533.0,0.0,0.0,0.0,0.0005,80.1,264.53,2e-05,-5e-05,0.0,0.0,0.0
8610.16,BTC-28JUN19,1559559547398,open,0.0,479.9,0.0005,0.0425,0.00251995,92.56,0.0025,0.0,BTC-28JUN19-14000-C,8533.0,81.15,0.001,64.0,0.0035,24.0,97.62,1.50029,-2.79113,0.15722,3e-05,0.02931
8533.0,index_price,1559559547428,open,0.02,24.3,0.0005,0.0615,0.02181092,86.59,0.0225,0,BTC-14JUN19-9500-C,8533.0,83.32,0.02,24.0,0.0235,24.0,89.58,4.77722,-19.01727,0.60548,0.00025,0.25995
8693.02,BTC-27SEP19,1559559547446,open,0.02,22.0,0.0005,0.057,0.01719746,100.66,0.019,0.0,BTC-27DEC19-36000-C,8533.0,98.32,0.015,6.0,0.019,10.0,102.44,8.52331,-2.07351,2.46791,2e-05,0.06729
8610.16,BTC-28JUN19,1559559547452,open,0.12,104.3,0.071,0.1595,0.11515625,85.37,0.1205,0.0,BTC-28JUN19-9000-P,8533.0,81.37,0.111,19.4,0.118,5.0,88.11,8.93325,-15.3296,-3.81374,0.00021,-0.53476
263.54,index_price,1559559547458,open,0.06,404.0,0.028,0.107,0.067149,89.28,0.073,0,ETH-7JUN19-250-C,263.54,79.82,0.064,60.0,0.072,60.0,103.26,0.08943,-1.03011,0.01861,0.01358,0.73214
272.46,ETH-27SEP19,1559559547459,open,0.49,28.0,0.432,0.55,0.491124,92.84,0.419,0.0,ETH-27SEP19-380-P,263.53,0.0,0.001,50.0,0.0,0.0,0.0,0.57099,-0.22875,-0.98353,0.00261,-0.64594
272.46,ETH-27SEP19,1559559547459,open,0.06,507.0,0.03,0.109,0.069353,96.05,0.07,0.0,ETH-27SEP19-440-C,263.53,93.69,0.065,140.0,0.075,48.0,99.06,0.50692,-0.2101,0.17293,0.00224,0.26928
272.46,ETH-27SEP19,1559559547459,open,0.1,2006.0,0.055,0.141,0.098054,88.88,0.089,0.0,ETH-27SEP19-220-P,263.53,85.48,0.092,121.0,0.102,48.0,91.08,0.48686,-0.18672,-0.30024,0.00232,-0.24906
266.86,ETH-28JUN19,1559559547459,open,0.07,2332.0,0.037,0.116,0.076402,93.1,0.077,0.0,ETH-28JUN19-280-C,263.53,89.82,0.073,116.0,0.081,260.0,97.52,0.27712,-0.51855,0.07151,0.00613,0.46961
266.86,ETH-28JUN19,1559559547459,open,0.29,586.0,0.256,0.335,0.295787,93.86,0.334,0.0,ETH-28JUN19-190-C,263.53,0.0,0.288,1.0,0.55,23.0,468.27,0.08904,-0.16797,0.11613,0.00195,0.93433
266.86,ETH-28JUN19,1559559547459,open,0.0,6850.0,0.001,0.043,0.00334,98.89,0.005,0.0,ETH-28JUN19-170-P,263.53,81.08,0.001,560.0,0.006,390.0,111.36,0.04786,-0.09513,-0.00613,0.001,-0.03035
272.46,ETH-27SEP19,1559559547459,open,0.0,1743.0,0.001,0.042,0.00194,103.28,0.005,0.0,ETH-27SEP19-80-P,263.53,0.0,0.0,0.0,0.004,150.0,115.96,0.03464,-0.01544,-0.00883,0.00014,-0.00827
266.85,ETH-28JUN19,1559559547460,open,0.01,3109.0,0.001,0.048,0.008396,100.28,0.007,0.0,ETH-28JUN19-400-C,263.53,96.46,0.007,150.0,0.01,240.0,104.29,0.10209,-0.20579,0.01275,0.0021,0.0785
266.85,ETH-28JUN19,1559559547459,open,0.0,2026.0,0.001,0.04,0.000185,149.99,0.001,0.0,ETH-28JUN19-90-P,263.53,0.0,0.0,0.0,0.002,150.0,199.88,0.00336,-0.01013,-0.0003,5e-05,-0.00148
272.46,ETH-27SEP19,1559559547460,open,0.56,47.0,0.529,0.608,0.568309,93.43,0.564,0.0,ETH-27SEP19-120-C,263.53,0.0,0.007,10.0,0.653,2.0,200.28,0.1167,-0.04704,0.34372,0.00053,0.96569
266.85,ETH-28JUN19,1559559547460,open,0.03,5823.0,0.001,0.066,0.025809,91.83,0.027,0.0,ETH-28JUN19-220-P,263.53,87.62,0.023,330.0,0.028,192.0,95.02,0.18115,-0.33435,-0.03696,0.00406,-0.17743
266.85,ETH-28JUN19,1559559547460,open,0.59,10.0,0.549,0.628,0.588761,149.36,0.265,0.0,ETH-28JUN19-110-C,263.53,0.0,0.0,0.0,0.0,0.0,0.0,0.01323,-0.03972,0.07355,0.00018,0.9932
266.85,ETH-28JUN19,1559559547460,open,0.0,9802.0,0.001,0.041,0.001424,129.83,0.001,0.0,ETH-28JUN19-130-P,263.53,0.0,0.0,0.0,0.003,390.0,145.99,0.02013,-0.05253,-0.00225,0.00032,-0.01097
266.85,ETH-28JUN19,1559559547460,open,0.44,481.0,0.4,0.479,0.439836,111.56,0.46,0.0,ETH-28JUN19-150-C,263.53,0.0,0.021,1.0,0.5,200.0,275.15,0.02915,-0.06536,0.09881,0.00054,0.98315
266.85,ETH-28JUN19,1559559547460,open,0.01,3975.0,0.001,0.048,0.007747,93.78,0.004,0.0,ETH-28JUN19-190-P,263.53,88.21,0.006,390.0,0.01,240.0,100.14,0.08891,-0.16759,-0.01333,0.00195,-0.06555
266.85,ETH-28JUN19,1559559547460,open,0.0,4769.0,0.001,0.04,0.000693,129.83,0.001,0.0,ETH-28JUN19-120-P,263.53,0.0,0.0,0.0,0.001,100.0,136.14,0.0114,-0.02974,-0.00117,0.00018,-0.00574
266.85,ETH-28JUN19,1559559547460,open,0.0,7102.0,0.001,0.045,0.005046,95.82,0.009,0.0,ETH-28JUN19-180-P,263.53,86.32,0.003,410.0,0.007,240.0,103.09,0.06562,-0.12638,-0.00904,0.00141,-0.04465
272.45,ETH-27SEP19,1559559547461,open,0.44,401.0,0.401,0.48,0.440943,89.35,0.38,0.0,ETH-27SEP19-160-C,263.53,0.0,0.26,1.0,0.599,10.0,216.41,0.26,-0.10025,0.40115,0.00123,0.90473
272.45,ETH-27SEP19,1559559547461,open,0.5,191.0,0.463,0.542,0.502508,90.93,0.5,0.0,ETH-27SEP19-140-C,263.53,0.0,0.01,50.0,0.0,0.0,0.0,0.18261,-0.07165,0.3785,0.00085,0.94011
266.85,ETH-28JUN19,1559559547461,open,0.0,10453.0,0.001,0.04,0.000957,111.21,0.001,0.0,ETH-28JUN19-140-P,263.53,0.0,0.0,0.0,0.002,100.0,123.9,0.01688,-0.03773,-0.0018,0.00031,-0.00897
272.45,ETH-27SEP19,1559559547461,open,0.05,1479.0,0.018,0.097,0.057095,98.21,0.054,0.0,ETH-27SEP19-480-C,263.53,95.77,0.053,144.0,0.062,148.0,101.05,0.46339,-0.19637,0.14747,0.002,0.2276
266.85,ETH-28JUN19,1559559547461,open,0.0,1541.0,0.001,0.04,6.1e-05,149.99,0.001,0.0,ETH-28JUN19-80-P,263.53,0.0,0.0,0.0,0.001,14.0,200.09,0.00131,-0.00396,-0.00011,2e-05,-0.00053
266.85,ETH-28JUN19,1559559547462,open,0.0,4694.0,0.001,0.041,0.000962,149.05,0.001,0.0,ETH-28JUN19-110-P,263.53,0.0,0.0,0.0,0.002,150.0,165.32,0.01309,-0.03921,-0.0014,0.00018,-0.00672
266.85,ETH-28JUN19,1559559547462,open,0.02,1469.0,0.001,0.057,0.01764,98.04,0.022,0.0,ETH-28JUN19-360-C,263.53,95.28,0.016,148.0,0.02,240.0,101.84,0.16151,-0.31828,0.02384,0.00339,0.14874
266.85,ETH-28JUN19,1559559547462,open,0.52,0.0,0.447,0.567,0.507254,99.99,None,0.0,ETH-28JUN19-400-P,263.53,0.0,0.0,0.0,0.0,0.0,0.0,0.10138,-0.20376,-0.25997,0.00209,-0.92222
266.85,ETH-28JUN19,1559559547462,open,0.33,3366.0,0.291,0.37,0.330537,95.93,0.364,0.0,ETH-28JUN19-180-C,263.53,0.0,0.001,20.0,0.0,0.0,0.0,0.06581,-0.12688,0.1136,0.00141,0.95519
272.45,ETH-27SEP19,1559559547463,open,0.38,743.0,0.346,0.425,0.385079,88.9,0.331,0.0,ETH-27SEP19-180-C,263.53,0.0,0.23,1.0,0.5,1.0,169.42,0.34255,-0.1314,0.41032,0.00164,0.85947
266.85,ETH-28JUN19,1559559547463,open,0.4,923.0,0.363,0.442,0.402905,104.64,0.357,0.0,ETH-28JUN19-160-C,263.53,0.0,0.1,3.0,0.0,0.0,0.0,0.03693,-0.07768,0.10454,0.00073,0.97774
8610.16,BTC-28JUN19,1559559547465,open,0.0,396.3,0.0005,0.04,0.00037532,135.0,0.0005,0.0,BTC-28JUN19-3500-P,8533.0,0.0,0.0,0.0,0.0015,1.0,160.75,0.21567,-0.58521,-0.02076,0.0,-0.00316
8693.02,BTC-27SEP19,1559559547465,open,0.08,578.5,0.039,0.1185,0.07899773,83.14,0.092,0.0,BTC-27SEP19-12000-C,8533.0,81.66,0.076,4.9,0.0815,10.0,84.37,17.62702,-6.32371,6.78699,9e-05,0.32493
8610.16,BTC-28JUN19,1559559547493,open,0.51,10.5,0.468,0.5475,0.50769351,125.95,0.428,0.0,BTC-28JUN19-4250-C,8533.0,0.0,0.034,2.0,0.659,3.0,500.0,0.61995,-1.56949,2.82785,1e-05,0.9896
8693.02,BTC-27SEP19,1559559547516,open,0.05,112.8,0.0095,0.089,0.0491501,84.38,0.0565,0.0,BTC-27SEP19-14000-C,8533.0,83.08,0.047,4.9,0.051,10.0,85.47,14.58684,-5.31076,4.77672,7e-05,0.22224
8693.02,BTC-27SEP19,1559559547538,open,0.01,360.3,0.0005,0.0505,0.01056758,92.93,0.008,0.0,BTC-27SEP19-4000-P,8533.0,89.61,0.009,21.0,0.0125,16.0,96.7,4.26825,-1.71149,-1.41084,2e-05,-0.04055
8693.02,BTC-27SEP19,1559559547553,open,0.01,382.8,0.0005,0.047,0.00688972,97.49,0.005,0.0,BTC-27SEP19-3500-P,8533.0,93.25,0.0055,15.0,0.0085,6.0,101.85,3.02927,-1.27429,-0.92834,1e-05,-0.02675
8610.16,BTC-28JUN19,1559559547571,open,0.12,700.8,0.086,0.1655,0.12586475,85.64,0.1245,0.0,BTC-28JUN19-8000-C,8533.0,83.14,0.1235,0.2,0.129,0.2,88.95,8.13804,-14.0089,3.19434,0.00019,0.67023
8693.02,BTC-27SEP19,1559559547573,open,0.02,87.4,0.0005,0.058,0.01760059,90.6,0.0195,0.0,BTC-27DEC19-3500-P,8533.0,88.38,0.016,10.0,0.0195,6.0,93.11,6.42163,-1.4061,-3.18188,2e-05,-0.04698
8693.02,BTC-27SEP19,1559559547576,open,0.55,233.5,0.5105,0.59,0.55042888,92.93,0.58,0.0,BTC-27SEP19-4000-C,8533.0,0.0,0.1655,1.1,0.59,0.1,147.2,4.26836,-1.71155,11.28782,2e-05,0.95944
8610.16,BTC-28JUN19,1559559547576,open,0.0,386.5,0.0005,0.0445,0.00481572,90.76,0.0045,0.0,BTC-28JUN19-13000-C,8533.0,83.39,0.003,44.5,0.0055,24.0,93.11,2.413,-4.40216,0.28029,5e-05,0.05258
8610.16,BTC-28JUN19,1559559547576,open,0.56,30.0,0.5255,0.605,0.56517759,135.05,0.298,0.0,BTC-28JUN19-3750-C,8533.0,0.0,0.0015,4.0,0.7315,3.0,500.0,0.36179,-0.98206,2.51846,1e-05,0.99436
8693.02,BTC-27SEP19,1559559547581,open,1.78,0.0,1.659,1.88,1.76952593,93.37,None,0.0,BTC-27SEP19-24000-P,8533.0,0.0,0.0,0.0,0.0,0.0,0.0,4.86732,-1.96101,-75.11489,2e-05,-0.95227
8610.16,BTC-28JUN19,1559559547604,open,0.16,184.2,0.124,0.2035,0.1638602,86.68,0.1605,0.0,BTC-28JUN19-7500-C,8533.0,83.72,0.1615,0.2,0.167,5.2,90.56,6.90399,-12.02843,3.52876,0.00016,0.76521
8610.16,BTC-28JUN19,1559559547609,open,0.2,43.0,0.1495,0.245,0.19730735,85.38,0.177,0.0,BTC-28JUN19-10000-P,8533.0,0.0,0.055,0.1,0.609,1.0,500.0,7.66615,-13.15556,-5.33728,0.00018,-0.71224
8693.02,BTC-27SEP19,1559559547609,open,0.56,0.0,0.4955,0.6195,0.55745566,83.7,None,0.0,BTC-27SEP19-13000-P,8533.0,0.0,0.0065,0.1,1.303,0.3,500.0,16.14854,-5.83242,-35.57322,8e-05,-0.73154
8693.02,BTC-27SEP19,1559559547628,open,0.27,122.4,0.232,0.3115,0.27175785,80.93,0.2805,0.0,BTC-27DEC19-8000-C,8533.0,81.02,0.272,5.2,0.2815,8.6,84.52,23.68957,-4.63393,19.64108,7e-05,0.6704
8693.02,BTC-27SEP19,1559559547671,open,0.14,163.4,0.093,0.1835,0.13810432,81.89,0.14,0.0,BTC-27SEP19-8000-P,8533.0,79.91,0.134,5.0,0.142,4.9,83.78,17.95943,-6.34617,-13.21173,9e-05,-0.34062
8693.02,BTC-27SEP19,1559559547690,open,0.13,864.0,0.091,0.1705,0.13068389,82.29,0.13,0.0,BTC-27SEP19-10000-C,8533.0,81.32,0.1285,1.0,0.1345,15.1,83.99,19.49209,-6.92116,9.41926,0.0001,0.47199
8693.02,BTC-27SEP19,1559559547698,open,0.05,80.3,0.007,0.0905,0.04887458,83.95,0.047,0.0,BTC-27DEC19-5000-P,8533.0,82.68,0.047,10.0,0.051,6.0,85.38,12.84438,-2.60615,-8.16314,4e-05,-0.11681
8610.16,BTC-28JUN19,1559559547725,open,0.01,660.9,0.0005,0.0515,0.011332,89.66,0.0115,0.0,BTC-28JUN19-6500-P,8533.0,86.53,0.01,24.0,0.0125,24.0,92.28,3.76166,-6.77925,-0.61651,8e-05,-0.09373
8693.02,BTC-27SEP19,1559559547725,open,1.1,1.0,1.0085,1.175,1.09169207,87.12,1.5815,0.0,BTC-27SEP19-18000-P,8533.0,0.0,0.0065,0.1,1.8465,0.3,499.82,9.08813,-3.4164,-54.74555,4e-05,-0.89202
8693.02,BTC-27SEP19,1559559547725,open,0.33,53.7,0.2865,0.366,0.32647532,80.93,0.33,0.0,BTC-27DEC19-7000-C,8533.0,0.0,0.1945,2.0,0.385,0.1,105.18,20.9969,-4.10722,20.64177,6e-05,0.74542
8693.02,BTC-27SEP19,1559559547742,open,0.28,820.8,0.242,0.3215,0.28155459,83.06,0.2705,0.0,BTC-27SEP19-7000-C,8533.0,54.49,0.2335,3.0,0.3285,3.0,109.26,15.32811,-5.49386,13.12241,8e-05,0.75705
8610.16,BTC-28JUN19,1559559547762,open,0.06,607.0,0.013,0.097,0.05499532,85.64,0.0605,0.0,BTC-28JUN19-8000-P,8533.0,82.99,0.0525,0.2,0.0575,24.3,88.28,8.138,-14.00807,-2.25782,0.00019,-0.32977
8693.02,BTC-27SEP19,1559559547762,open,0.02,293.5,0.0005,0.0645,0.02381561,87.2,0.023,0.0,BTC-27SEP19-5000-P,8533.0,85.1,0.022,21.0,0.026,16.0,89.65,7.63028,-2.87093,-3.00655,4e-05,-0.08513
8693.02,BTC-27SEP19,1559559547762,open,0.09,79.1,0.0435,0.13,0.08679741,83.06,0.087,0.0,BTC-27SEP19-7000-P,8533.0,80.9,0.083,10.0,0.089,4.9,84.31,15.32809,-5.49382,-9.10029,8e-05,-0.24295
8693.02,BTC-27SEP19,1559559547762,open,0.06,124.7,0.023,0.1025,0.06254275,87.67,0.063,0.0,BTC-27DEC19-18000-C,8533.0,86.52,0.06,4.9,0.065,10.0,88.76,19.36902,-4.10401,7.7493,5e-05,0.21982
8693.02,BTC-27SEP19,1559559547762,open,0.39,122.6,0.3535,0.433,0.3933952,81.68,0.41,0.0,BTC-27DEC19-6000-C,8533.0,0.0,0.0045,0.1,0.45,0.1,109.41,17.25081,-3.40546,20.95477,5e-05,0.8187
8693.02,BTC-27SEP19,1559559547762,open,0.01,178.6,0.0005,0.0475,0.00753903,99.3,0.0095,0.0,BTC-27DEC19-2500-P,8533.0,94.93,0.006,10.0,0.0095,16.0,104.22,3.25386,-0.78093,-1.38816,1e-05,-0.02064
8533.0,index_price,1559559547790,open,0.09,2.0,0.052,0.1315,0.09153321,82.13,0.117,0,BTC-14JUN19-8000-C,8533.0,83.73,0.0925,6.0,0.099,6.0,94.41,5.11735,-19.32134,1.54834,0.00029,0.70051
8693.02,BTC-27SEP19,1559559547793,open,0.03,201.9,0.0005,0.07,0.03031862,93.75,0.03,0.0,BTC-27DEC19-26000-C,8533.0,92.14,0.028,6.0,0.0325,10.0,95.22,12.71969,-2.88222,4.1827,3e-05,0.11521
8693.02,BTC-27SEP19,1559559547811,open,0.63,0.0,0.5925,0.672,0.63223415,102.15,None,0.0,BTC-27SEP19-3250-C,8533.0,0.0,0.0075,0.1,0.946,5.0,500.0,2.65946,-1.17223,9.51736,1e-05,0.9771
8610.16,BTC-28JUN19,1559559547830,open,0.0,710.3,0.0005,0.041,0.00134856,94.3,0.002,0.0,BTC-28JUN19-15000-C,8533.0,83.57,0.0005,68.3,0.002,24.0,99.59,0.92442,-1.7522,0.08899,2e-05,0.01651
8693.02,BTC-27SEP19,1559559547830,open,0.04,33.2,0.002,0.0815,0.04183278,90.74,0.049,0.0,BTC-27DEC19-22000-C,8533.0,89.42,0.0395,4.9,0.044,10.0,91.94,15.55799,-3.41221,5.54852,4e-05,0.15445
8693.02,BTC-27SEP19,1559559547830,open,0.08,185.3,0.0405,0.1265,0.08360333,81.68,0.085,0.0,BTC-27DEC19-6000-P,8533.0,80.62,0.0815,10.0,0.086,4.9,82.88,17.25078,-3.40544,-13.05213,5e-05,-0.1813
8533.0,index_price,1559559547872,open,0.14,0.0,0.09,0.1805,0.13513565,86.59,None,0,BTC-14JUN19-9500-P,8533.0,0.0,0.0005,3.0,0.1775,3.0,154.27,4.77722,-19.01725,-2.22518,0.00025,-0.74005
8610.16,BTC-28JUN19,1559559547890,open,0.01,1356.2,0.0005,0.046,0.00584163,92.17,0.0055,0.0,BTC-28JUN19-6000-P,8533.0,87.05,0.0045,34.0,0.007,24.0,96.12,2.40886,-4.46265,-0.34217,5e-05,-0.05247
8693.02,BTC-27SEP19,1559559547899,open,0.1,545.5,0.061,0.1405,0.10090857,82.46,0.096,0.0,BTC-27SEP19-11000-C,8533.0,81.11,0.098,4.9,0.103,10.0,83.42,18.8187,-6.69568,8.03116,0.0001,0.39192
8610.16,BTC-28JUN19,1559559547902,open,0.04,433.0,0.0005,0.076,0.03492042,86.67,0.036,0.0,BTC-28JUN19-7500-P,8533.0,83.64,0.0325,0.2,0.0365,19.3,88.64,6.90385,-12.02755,-1.58261,0.00016,-0.23478
8610.62,BTC-28JUN19,1559559547931,open,0.0,312.4,0.0005,0.041,0.00105459,104.72,0.0025,0.0,BTC-28JUN19-4750-P,8533.0,0.0,0.0,0.0,0.002,24.0,115.26,0.61856,-1.30201,-0.06706,1e-05,-0.01037
8610.62,BTC-28JUN19,1559559547935,open,0.3,26.3,0.244,0.347,0.29562941,86.74,0.285,0.0,BTC-28JUN19-11000-P,8533.0,0.0,0.002,1.0,0.701,1.0,500.0,5.61156,-9.78333,-6.62646,0.00013,-0.83355
8693.02,BTC-27SEP19,1559559547944,open,0.36,718.9,0.318,0.3975,0.35772875,84.05,0.355,0.0,BTC-27SEP19-6000-C,8533.0,0.0,0.0105,0.1,0.45,8.6,146.19,11.61814,-4.21337,13.47696,6e-05,0.84607
8693.02,BTC-27SEP19,1559559547944,open,0.09,90.2,0.0505,0.13,0.09015812,85.35,0.0995,0.0,BTC-27DEC19-15000-C,8533.0,83.94,0.0865,4.9,0.0935,10.0,86.62,22.71544,-4.6859,10.28258,6e-05,0.29885
8693.02,BTC-27SEP19,1559559547953,open,0.03,77.0,0.0005,0.0715,0.03167508,85.77,0.029,0.0,BTC-27SEP19-16000-C,8533.0,84.11,0.0295,4.9,0.034,4.9,87.48,11.60532,-4.29495,3.3669,6e-05,0.15368
8610.62,BTC-28JUN19,1559559547984,open,0.41,10.0,0.347,0.4585,0.4027584,88.39,1.243,0.0,BTC-28JUN19-12000-P,8533.0,0.0,0.0005,1.0,0.795,1.0,500.0,3.73772,-6.64062,-7.68662,8e-05,-0.90708
8610.62,BTC-28JUN19,1559559547984,open,0.0,251.0,0.0005,0.041,0.00103852,113.07,0.001,0.0,BTC-28JUN19-4500-P,8533.0,102.9,0.0005,1.0,0.0015,24.0,119.19,0.57227,-1.30061,-0.06178,1e-05,-0.00949
8693.02,BTC-27SEP19,1559559548020,open,0.52,6.6,0.4785,0.558,0.51810963,85.53,0.498,0.0,BTC-27DEC19-4500-C,8533.0,0.0,0.26,1.4,0.983,1.0,500.0,10.57415,-2.18588,19.33869,3e-05,0.91061
8610.62,BTC-28JUN19,1559559548034,open,0.42,691.1,0.381,0.4605,0.4208922,102.4,0.427,0.0,BTC-28JUN19-5000-C,8533.0,0.0,0.2355,2.0,0.5,10.0,296.83,0.85719,-1.76436,3.30968,2e-05,0.98488
8610.62,BTC-28JUN19,1559559548034,open,0.45,97.0,0.4095,0.489,0.44938267,104.33,0.1965,0.0,BTC-28JUN19-4750-C,8533.0,0.0,0.122,1.1,0.6335,2.0,500.0,0.60782,-1.27467,3.17156,1e-05,0.98983
8693.02,BTC-27SEP19,1559559548034,open,1.14,0.0,1.048,1.218,1.13316715,87.67,None,0.0,BTC-27DEC19-18000-P,8533.0,0.0,0.0055,5.0,1.9855,0.2,499.71,19.36876,-4.1039,-94.27173,5e-05,-0.78018
8693.02,BTC-27SEP19,1559559548036,open,0.02,42.7,0.0005,0.063,0.0233366,96.61,0.025,0.0,BTC-27DEC19-30000-C,8533.0,95.07,0.0215,6.0,0.0255,10.0,98.33,10.64653,-2.48588,3.29511,3e-05,0.09021
8533.0,index_price,1559559548062,open,0.0,549.6,0.0005,0.0415,0.0016348,88.48,0.001,0,BTC-7JUN19-10000-C,8533.0,72.72,0.0005,38.6,0.0015,10.3,87.07,0.83476,-9.52832,0.03937,0.00012,0.04509
8693.02,BTC-27SEP19,1559559548066,open,0.77,0.0,0.6945,0.8355,0.76492101,85.14,None,0.0,BTC-27SEP19-15000-P,8533.0,0.0,0.0065,0.1,1.5195,0.3,500.0,13.06425,-4.79954,-43.60819,6e-05,-0.81523
8693.02,BTC-27SEP19,1559559548068,open,0.04,91.2,0.0005,0.077,0.03576573,85.53,0.0425,0.0,BTC-27DEC19-4500-P,8533.0,84.07,0.034,10.0,0.038,6.0,87.35,10.57409,-2.18586,-6.16648,3e-05,-0.08939
8693.02,BTC-27SEP19,1559559548095,open,0.37,3.2,0.312,0.4205,0.36629014,82.46,0.481,0.0,BTC-27SEP19-11000-P,8533.0,79.07,0.359,3.6,0.371,3.0,84.63,18.81867,-6.69562,-26.8903,0.0001,-0.60808
8533.0,index_price,1559559548108,open,0.24,0.0,0.201,0.2805,0.24095115,93.79,None,0,BTC-14JUN19-6500-C,8533.0,0.0,0.0,0.0,0.2715,3.0,192.06,1.24449,-5.36603,1.83064,6e-05,0.96096
8693.02,BTC-27SEP19,1559559548132,open,0.0,102.2,0.0005,0.0425,0.00246575,113.92,0.0025,0.0,BTC-27DEC19-1500-P,8533.0,114.16,0.0025,1.0,0.003,2.0,117.51,1.21296,-0.33395,-0.44735,0.0,-0.00661
8693.02,BTC-27SEP19,1559559548147,open,0.04,282.0,0.0005,0.0755,0.03425696,85.34,0.035,0.0,BTC-27SEP19-5500-P,8533.0,83.27,0.032,20.5,0.0365,6.0,87.35,9.5972,-3.53388,-4.16152,5e-05,-0.11654
8693.02,BTC-27SEP19,1559559548147,open,0.02,120.5,0.0005,0.0565,0.01601339,89.57,0.014,0.0,BTC-27SEP19-4500-P,8533.0,87.26,0.0145,15.0,0.018,16.0,92.47,5.81465,-2.2474,-2.09053,3e-05,-0.05974
8693.02,BTC-27SEP19,1559559548191,open,0.66,226.1,0.62,0.6995,0.65970174,104.95,0.585,0.0,BTC-27SEP19-3000-C,8533.0,0.0,0.0065,0.1,0.9485,5.0,500.0,2.17771,-0.98618,8.8921,1e-05,0.98191
8693.02,BTC-27SEP19,1559559548191,open,0.16,339.4,0.119,0.1985,0.15870715,81.27,0.1605,0.0,BTC-27DEC19-11000-C,8533.0,81.87,0.1605,10.1,0.1695,23.6,84.87,26.02802,-5.11244,15.26869,7e-05,0.4686
8693.02,BTC-27SEP19,1559559548215,open,0.2,85.7,0.1555,0.2515,0.20363329,81.79,0.2025,0.0,BTC-27SEP19-9000-P,8533.0,79.26,0.198,3.6,0.208,3.6,83.76,19.30656,-6.814,-17.71744,0.0001,-0.43836
8693.02,BTC-27SEP19,1559559548215,open,0.0,335.8,0.0005,0.043,0.00310069,112.88,0.004,0.0,BTC-27SEP19-2500-P,8533.0,115.17,0.0035,1.0,0.004,9.0,117.82,1.46079,-0.71149,-0.39958,1e-05,-0.01138
8610.62,BTC-28JUN19,1559559548215,open,0.0,685.1,0.0005,0.04,1.057e-05,135.01,0.001,0.0,BTC-28JUN19-2500-P,8533.0,0.0,0.0,0.0,0.005,20.0,262.68,0.01009,-0.02737,-0.00073,0.0,-0.00011
8693.02,BTC-27SEP19,1559559548215,open,0.0,85.9,0.0005,0.0445,0.0045359,105.61,0.0055,0.0,BTC-27DEC19-2000-P,8533.0,98.46,0.003,10.0,0.0065,17.9,112.93,2.0979,-0.5355,-0.83272,0.0,-0.01237
8693.02,BTC-27SEP19,1559559548215,open,0.61,4.0,0.575,0.6545,0.61497918,90.6,0.59,0.0,BTC-27DEC19-3500-C,8533.0,0.0,0.0065,1.1,0.995,1.0,500.0,6.4217,-1.40612,16.65546,2e-05,0.95302
8693.02,BTC-27SEP19,1559559548217,open,0.77,0.0,0.7345,0.814,0.77446652,105.61,None,0.0,BTC-27DEC19-2000-C,8533.0,0.0,0.017,3.0,0.989,0.5,500.0,2.09797,-0.53552,10.5029,0.0,0.98763
8533.0,index_price,1559559548227,open,0.03,70.1,0.0005,0.07,0.02906983,82.13,0.0325,0,BTC-14JUN19-8000-P,8533.0,76.13,0.0255,24.0,0.03,24.0,83.67,5.11735,-19.32134,-0.83538,0.00029,-0.29949
8693.02,BTC-27SEP19,1559559548246,open,0.52,0.2,0.4845,0.564,0.52407751,91.01,0.26,0.0,BTC-27SEP19-4250-C,8533.0,0.0,0.0115,0.1,0.7325,5.0,299.36,4.99367,-1.96113,11.77421,2e-05,0.95072
8533.0,index_price,1559559548290,open,0.01,167.4,0.0005,0.0525,0.01280024,88.56,0.0105,0,BTC-14JUN19-10000-C,8533.0,86.69,0.012,17.0,0.014,24.0,91.28,3.7018,-15.07179,0.39509,0.00019,0.16819
8693.02,BTC-27SEP19,1559559548316,open,0.43,13.1,0.3675,0.481,0.42408872,81.27,0.413,0.0,BTC-27DEC19-11000-P,8533.0,76.72,0.4105,3.6,0.424,3.6,81.24,26.02802,-5.11241,-47.07742,7e-05,-0.5314
8693.02,BTC-27SEP19,1559559548347,open,0.93,0.0,0.8435,0.9965,0.91994223,86.16,None,0.0,BTC-27DEC19-16000-P,8533.0,0.0,0.0055,5.0,1.76,0.2,499.74,21.59526,-4.49724,-81.3474,6e-05,-0.73109
8693.02,BTC-27SEP19,1559559548347,open,0.27,1.4,0.2115,0.312,0.2616371,80.93,0.256,0.0,BTC-27DEC19-9000-P,8533.0,77.29,0.251,2.0,0.262,4.9,81.06,25.32014,-4.95287,-32.70682,7e-05,-0.40218
8693.02,BTC-27SEP19,1559559548347,open,0.83,0.0,0.79,0.8695,0.82991372,113.92,None,0.0,BTC-27DEC19-1500-C,8533.0,0.0,0.1,0.1,0.991,0.5,500.0,1.21302,-0.33398,8.05436,0.0,0.99339
8610.62,BTC-28JUN19,1559559548365,open,0.08,266.7,0.039,0.125,0.08191591,85.4,0.086,0.0,BTC-28JUN19-8500-P,8533.06,82.56,0.079,0.2,0.0845,5.0,87.92,8.83993,-15.17463,-3.02003,0.0002,-0.43271
8533.06,index_price,1559559548365,open,0.06,4.6,0.0185,0.098,0.05835315,82.12,0.063,0,BTC-14JUN19-8500-C,8533.06,82.34,0.0585,22.0,0.064,18.0,90.36,5.8479,-22.07834,1.22242,0.00033,0.53914
8610.62,BTC-28JUN19,1559559548366,open,0.0,517.5,0.0005,0.041,0.00120395,134.4,0.005,0.0,BTC-28JUN19-4000-P,8533.06,0.0,0.0,0.0,0.0025,20.6,150.03,0.5529,-1.49363,-0.0606,1e-05,-0.00912
8610.62,BTC-28JUN19,1559559548366,open,0.16,23.1,0.108,0.2,0.15389134,85.42,0.175,0.0,BTC-28JUN19-9500-P,8533.06,40.02,0.1135,0.1,0.0,0.0,0.0,8.49458,-14.58508,-4.59444,0.0002,-0.62903
8533.06,index_price,1559559548365,open,0.18,0.0,0.146,0.2255,0.18584087,87.92,None,0,BTC-14JUN19-7000-C,8533.06,0.0,0.0,0.0,0.217,3.0,165.82,2.26492,-9.15444,1.85732,0.00012,0.91634
8693.02,BTC-27SEP19,1559559548366,open,0.47,6.1,0.4015,0.5175,0.45941392,83.14,1.781,0.0,BTC-27SEP19-12000-P,8533.06,0.0,0.0105,0.1,1.1945,0.3,500.0,17.62695,-6.32362,-31.30917,9e-05,-0.67508
8610.62,BTC-28JUN19,1559559548366,open,0.05,25.2,0.011,0.0905,0.05054495,85.36,0.0455,0.0,BTC-28JUN19-9500-C,8533.06,82.78,0.048,19.3,0.053,25.2,87.85,8.49352,-14.57329,1.87955,0.0002,0.37083
8610.62,BTC-28JUN19,1559559548367,open,0.02,507.8,0.0005,0.058,0.0180734,86.64,0.022,0.0,BTC-28JUN19-11000-C,8533.06,84.18,0.0165,29.3,0.02,19.3,89.54,5.60422,-9.7595,0.86872,0.00013,0.16611
8693.02,BTC-27SEP19,1559559548367,open,0.45,793.5,0.409,0.4885,0.44864217,87.2,0.4755,0.0,BTC-27SEP19-5000-C,8533.06,0.0,0.1105,2.0,0.519,0.1,150.04,7.63036,-2.87098,12.86679,4e-05,0.91487
8693.02,BTC-27SEP19,1559559548367,open,0.0,420.5,0.0005,0.0425,0.00278767,130.02,0.0035,0.0,BTC-27SEP19-2000-P,8533.06,112.31,0.001,15.0,0.005,15.0,143.61,1.17275,-0.65797,-0.32108,0.0,-0.00885
8610.62,BTC-28JUN19,1559559548367,open,0.0,259.1,0.0005,0.041,0.00129422,125.93,0.0015,0.0,BTC-28JUN19-4250-P,8533.06,0.0,0.0,0.0,0.006,20.0,163.37,0.61925,-1.56747,-0.06855,1e-05,-0.01039
8610.62,BTC-28JUN19,1559559548367,open,0.71,24.4,0.67,0.7495,0.70965693,0.0,0.5115,0.0,BTC-28JUN19-2500-C,8533.06,0.0,0.0025,0.5,0.796,1.0,500.0,0.0,0.0,1.70381,0.0,1.0
8610.62,BTC-28JUN19,1559559548367,open,1.34,0.4,1.2305,1.416,1.32334521,122.53,5.076,0.0,BTC-28JUN19-20000-P,8533.06,0.0,0.0,0.0,1.6,2.0,500.0,0.41968,-1.03361,-13.59509,1e-05,-0.99333
8610.68,BTC-28JUN19,1559559548368,open,0.82,33.8,0.786,0.8655,0.82578783,0.0,0.7145,0.0,BTC-28JUN19-1500-C,8533.06,0.0,0.002,0.4,0.8615,2.0,500.0,0.0,0.0,1.02229,0.0,1.0
