underlying_price,underlying_index,timestamp,state,settlement_price,open_interest,min_price,max_price,mark_price,mark_iv,last_price,interest_rate,instrument_name,index_price,bid_iv,best_bid_price,best_bid_amount,best_ask_price,best_ask_amount,ask_iv,vega,theta,rho,gamma,delta
127.3,ETH-27DEC19,1576925940018,open,0.29,0.0,0.272,0.316,0.293508,120.0,None,0.0,ETH-27DEC19-90-C,127.15,0.0,0.0,0.0,0.0,0.0,0.0,0.00404,-0.04125,0.01429,0.00129,0.9907
7142.12,BTC-27DEC19,1576925940243,open,0.51,4.3,0.5,0.5195,0.50994944,147.3,0.5625,0.0,BTC-27DEC19-3500-C,7140.27,0.0,0.5035,9.0,0.515,9.0,327.8,0.00173,-0.02171,0.56337,0.0,0.99995
7142.12,BTC-27DEC19,1576925940247,open,0.51,4.3,0.5,0.5195,0.50994944,147.3,0.5625,0.0,BTC-27DEC19-3500-C,7140.27,0.0,0.5035,11.0,0.515,9.0,327.8,0.00173,-0.02171,0.56337,0.0,0.99995
7312.07,BTC-26JUN20,1576925940899,open,0.17,232.9,0.1275,0.222,0.1701859,72.24,0.174,0.0,BTC-26JUN20-8000-C,7140.27,70.6,0.1655,13.5,0.175,20.5,73.93,20.85194,-4.00878,13.69767,0.0001,0.53412
127.3,ETH-27DEC19,1576925940905,open,1.52,100.0,1.441,1.591,1.513747,120.0,0.883,0.0,ETH-27DEC19-320-P,127.15,0.0,0.011,5.0,0.0,0.0,0.0,0.0,0.0,-0.05151,0.0,-1.0
127.3,ETH-27DEC19,1576925940905,open,0.11,4828.0,0.071,0.143,0.105896,67.84,0.112,0.0,ETH-27DEC19-140-P,127.15,60.78,0.104,40.0,0.111,40.0,83.61,0.03667,-0.21169,-0.01971,0.02072,-0.85583
127.49,SYN.ETH-31JAN20,1576925940905,open,0.01,1188.0,0.004,0.033,0.014144,79.1,0.013,0.0,ETH-31JAN20-180-C,127.15,75.8,0.012,630.0,0.016,160.0,81.78,0.08579,-0.083,0.01524,0.00596,0.12088
127.3,ETH-27DEC19,1576925940907,open,1.68,0.0,1.594,1.753,1.670856,120.0,None,0.0,ETH-27DEC19-340-P,127.15,0.0,0.003,9.0,0.0,0.0,0.0,0.0,0.0,-0.05473,0.0,-1.0
7169.66,SYN.BTC-31JAN20,1576925940914,open,0.31,0.0,0.292,0.332,0.31028482,76.52,None,0.0,BTC-31JAN20-5000-C,7140.27,0.0,0.3025,6.1,0.0,0.0,0.0,2.94428,-2.75584,5.03743,7e-05,0.93768
7142.1,BTC-27DEC19,1576925940922,open,4.05,1.3,3.942,4.143,4.04052018,0.0,3.212,0.0,BTC-27DEC19-36000-P,7140.27,0.0,0.0005,1.0,0.0,0.0,0.0,0.0,0.0,-5.79521,0.0,-1.0
127.49,SYN.ETH-31JAN20,1576925940958,open,0.28,1.0,0.235,0.331,0.281712,73.86,0.148,0.0,ETH-31JAN20-160-P,127.15,60.71,0.27,340.0,0.305,363.0,95.63,0.12406,-0.11209,-0.15255,0.00923,-0.78678
127.3,ETH-27DEC19,1576925940961,open,0.05,601.0,0.018,0.081,0.044833,64.83,0.047,0.0,ETH-27DEC19-130-P,127.15,59.09,0.042,120.0,0.05,120.0,75.23,0.06298,-0.34745,-0.0129,0.03723,-0.58473
127.8,ETH-27MAR20,1576925940961,open,2.77,0.0,2.648,2.889,2.762022,118.64,None,0.0,ETH-27MAR20-480-P,127.15,0.0,0.004,50.0,0.0,0.0,0.0,0.04661,-0.02854,-1.26539,0.00091,-0.96853
127.8,ETH-27MAR20,1576925940963,open,0.34,3922.0,0.278,0.4,0.337795,80.94,0.32,0.0,ETH-27MAR20-160-P,127.15,69.51,0.316,63.0,0.375,25.0,99.64,0.24871,-0.1039,-0.32808,0.00709,-0.62944
128.45,ETH-26JUN20,1576925940963,open,3.37,0.0,3.238,3.533,3.376726,108.21,None,0.0,ETH-26JUN20-560-P,127.15,0.0,0.01,50.0,0.0,0.0,0.0,0.11785,-0.03394,-2.8503,0.00128,-0.93428
128.45,ETH-26JUN20,1576925940963,open,0.15,2382.0,0.079,0.184,0.130208,85.75,0.136,0.0,ETH-26JUN20-180-C,127.15,83.15,0.123,329.0,0.136,119.0,87.83,0.35714,-0.08151,0.18158,0.0049,0.40484
128.45,ETH-26JUN20,1576925940963,open,3.99,0.0,3.841,4.17,3.996029,110.98,None,0.0,ETH-26JUN20-640-P,127.15,0.0,0.011,1.0,0.0,0.0,0.0,0.09916,-0.02929,-3.26835,0.00105,-0.94726
127.3,ETH-27DEC19,1576925940963,open,1.99,0.0,1.899,2.077,1.985075,120.0,None,0.0,ETH-27DEC19-380-P,127.15,0.0,0.02,50.0,0.0,0.0,0.0,0.0,0.0,-0.06117,0.0,-1.0
128.45,ETH-26JUN20,1576925940965,open,0.2,390.0,0.145,0.254,0.200068,82.27,0.202,0.0,ETH-26JUN20-140-C,127.15,79.77,0.193,310.0,0.205,200.0,84.01,0.36358,-0.0796,0.23752,0.0052,0.55931
128.45,ETH-26JUN20,1576925940965,open,0.12,1320.0,0.059,0.158,0.106097,86.83,0.11,0.0,ETH-26JUN20-200-C,127.15,84.51,0.1,306.0,0.111,126.0,88.68,0.33948,-0.07845,0.15785,0.0046,0.34484
127.49,SYN.ETH-31JAN20,1576925940965,open,0.16,448.0,0.114,0.202,0.157108,72.01,0.155,0.0,ETH-31JAN20-140-P,127.15,68.03,0.152,96.0,0.161,96.0,75.02,0.16421,-0.14464,-0.1089,0.01253,-0.60561
128.45,ETH-26JUN20,1576925940968,open,2.76,0.0,2.635,2.897,2.75798,103.9,None,0.0,ETH-26JUN20-480-P,127.15,0.0,0.01,50.0,0.0,0.0,0.0,0.1388,-0.03838,-2.43084,0.00157,-0.91861
127.3,ETH-27DEC19,1576925940968,open,0.01,2157.0,0.001,0.022,0.006131,67.84,0.006,0.0,ETH-27DEC19-140-C,127.15,63.76,0.005,350.0,0.007,30.0,70.78,0.03667,-0.21169,0.00283,0.02072,0.14417
127.8,ETH-27MAR20,1576925940968,open,2.45,0.0,2.345,2.572,2.451609,118.64,None,0.0,ETH-27MAR20-440-P,127.15,0.0,0.003,50.0,0.0,0.0,0.0,0.06013,-0.03682,-1.1562,0.00117,-0.95703
127.8,ETH-27MAR20,1576925940969,open,0.02,1037.0,0.009,0.046,0.024344,84.44,0.031,0.0,ETH-27MAR20-80-P,127.15,81.76,0.022,320.0,0.027,250.0,87.37,0.11366,-0.04954,-0.04142,0.00311,-0.09778
127.3,ETH-27DEC19,1576925940969,open,2.15,15.0,2.051,2.239,2.142184,119.63,1.248,0.0,ETH-27DEC19-400-P,127.15,0.0,0.002,50.0,0.0,0.0,0.0,0.0,0.0,-0.06439,0.0,-1.0
127.8,ETH-27MAR20,1576925940969,open,0.12,176.0,0.079,0.165,0.121707,77.21,0.13,0.0,ETH-27MAR20-140-C,127.15,75.89,0.119,133.0,0.13,153.0,81.25,0.26254,-0.10463,0.12421,0.00784,0.48791
128.45,ETH-26JUN20,1576925940969,open,3.06,0.0,2.936,3.215,3.067325,106.32,None,0.0,ETH-26JUN20-520-P,127.15,0.0,0.01,50.0,0.0,0.0,0.0,0.12818,-0.03627,-2.64073,0.00142,-0.92671
127.3,ETH-27DEC19,1576925940969,open,3.09,36.0,2.966,3.211,3.084839,125.0,2.65,0.0,ETH-27DEC19-520-P,127.15,0.0,0.003,50.0,0.0,0.0,0.0,0.0,0.0,-0.08371,0.0,-1.0
127.8,ETH-27MAR20,1576925940971,open,1.22,161.0,1.135,1.298,1.211234,99.55,1.397,0.0,ETH-27MAR20-280-P,127.15,0.0,0.002,50.0,0.0,0.0,0.0,0.11683,-0.06003,-0.71561,0.00271,-0.89847
127.3,ETH-27DEC19,1576925940971,open,2.78,21.0,2.661,2.887,2.770621,62.5,2.37,0.0,ETH-27DEC19-480-P,127.15,0.0,0.002,50.0,0.0,0.0,0.0,0.0,0.0,-0.07727,0.0,-1.0
127.8,ETH-27MAR20,1576925940976,open,0.76,30.0,0.69,0.833,0.757601,90.47,0.306,0.0,ETH-27MAR20-220-P,127.15,0.0,0.001,9.0,0.0,0.0,0.0,0.17009,-0.07942,-0.53661,0.00434,-0.8244
127.8,ETH-27MAR20,1576925940976,open,0.06,1919.0,0.028,0.098,0.059714,82.79,0.06,0.0,ETH-27MAR20-180-C,127.15,80.03,0.055,194.0,0.064,484.0,85.25,0.22073,-0.09432,0.07393,0.00615,0.27767
128.45,ETH-26JUN20,1576925940976,open,0.81,0.0,0.718,0.89,0.801122,88.23,None,0.0,ETH-26JUN20-220-P,127.15,0.0,0.712,50.0,0.0,0.0,0.0,0.31887,-0.07487,-0.9946,0.00426,-0.70318
127.3,ETH-27DEC19,1576925940978,open,0.07,377.0,0.038,0.1,0.069914,68.74,0.076,0.0,ETH-27DEC19-120-C,127.15,58.3,0.066,500.0,0.073,40.0,76.47,0.0497,-0.29073,0.01423,0.02771,0.76445
127.3,ETH-27DEC19,1576925940978,open,2.46,0.0,2.356,2.563,2.456402,62.5,None,0.0,ETH-27DEC19-440-P,127.15,0.0,0.002,50.0,0.0,0.0,0.0,0.0,0.0,-0.07083,0.0,-1.0
127.49,SYN.ETH-31JAN20,1576925940978,open,0.03,1271.0,0.009,0.051,0.026734,73.86,0.025,0.0,ETH-31JAN20-160-C,127.15,72.06,0.025,624.0,0.028,41.0,75.15,0.12406,-0.11209,0.02663,0.00923,0.21322
127.3,ETH-27DEC19,1576925940980,open,0.02,589.0,0.006,0.053,0.023623,64.83,0.02,0.0,ETH-27DEC19-130-C,127.15,59.52,0.021,1132.0,0.024,98.0,65.6,0.06298,-0.34745,0.00803,0.03723,0.41527
127.8,ETH-27MAR20,1576925940982,open,0.61,747.0,0.545,0.682,0.610637,86.77,0.57,0.0,ETH-27MAR20-200-P,127.15,0.0,0.001,9.0,0.0,0.0,0.0,0.19401,-0.08688,-0.47232,0.00516,-0.78183
128.45,ETH-26JUN20,1576925940986,open,0.17,1552.0,0.131,0.24,0.184197,78.92,0.185,0.0,ETH-26JUN20-120-P,127.15,79.23,0.185,74.0,0.198,510.0,84.16,0.33893,-0.07119,-0.34881,0.00506,-0.34337
127.49,SYN.ETH-31JAN20,1576925940986,open,0.06,358.0,0.03,0.091,0.059002,72.01,0.056,0.0,ETH-31JAN20-140-C,127.15,68.89,0.055,448.0,0.063,491.0,75.1,0.16421,-0.14464,0.04789,0.01253,0.39439
127.3,ETH-27DEC19,1576925940988,open,0.89,2287.0,0.831,0.943,0.885311,120.0,1.068,0.0,ETH-27DEC19-240-P,127.15,0.0,0.001,15.0,0.0,0.0,0.0,2e-05,-0.00015,-0.03863,0.0,-0.99998
127.8,ETH-27MAR20,1576925940990,open,3.08,0.0,2.952,3.209,3.073651,120.0,None,0.0,ETH-27MAR20-520-P,127.15,0.0,0.006,50.0,0.0,0.0,0.0,0.03841,-0.02379,-1.37331,0.00074,-0.97505
128.45,ETH-26JUN20,1576925940990,open,2.14,0.0,2.034,2.264,2.141697,98.84,None,0.0,ETH-26JUN20-400-P,127.15,0.0,0.01,50.0,0.0,0.0,0.0,0.16889,-0.04442,-2.00701,0.00201,-0.89386
128.45,ETH-26JUN20,1576925940990,open,1.84,1.0,1.736,1.953,1.837801,97.67,1.827,0.0,ETH-26JUN20-360-P,127.15,0.0,0.015,2.0,0.0,0.0,0.0,0.19627,-0.05101,-1.78947,0.00237,-0.86873
128.45,ETH-26JUN20,1576925940990,open,0.55,372.0,0.455,0.612,0.531531,85.75,0.53,0.0,ETH-26JUN20-180-P,127.15,75.33,0.503,210.0,0.578,200.0,102.22,0.35714,-0.08151,-0.74493,0.0049,-0.59516
127.8,ETH-27MAR20,1576925940990,open,0.91,118.0,0.836,0.986,0.906951,93.56,0.978,0.0,ETH-27MAR20-240-P,127.15,0.0,0.004,9.0,0.0,0.0,0.0,0.14876,-0.07184,-0.59828,0.00367,-0.85687
127.8,ETH-27MAR20,1576925940990,open,3.39,0.0,3.255,3.529,3.385336,120.0,None,0.0,ETH-27MAR20-560-P,127.15,0.0,0.02,50.0,0.0,0.0,0.0,0.03015,-0.01867,-1.48114,0.00058,-0.98127
127.8,ETH-27MAR20,1576925940992,open,1.52,10.0,1.436,1.612,1.518515,103.98,1.59,0.0,ETH-27MAR20-320-P,127.15,0.0,0.011,5.0,0.0,0.0,0.0,0.09239,-0.04958,-0.82912,0.00205,-0.92585
128.45,ETH-26JUN20,1576925940992,open,0.68,245.0,0.583,0.748,0.663123,86.83,0.71,0.0,ETH-26JUN20-200-P,127.15,0.0,0.001,10.0,0.699,1.0,100.06,0.33948,-0.07845,-0.87161,0.0046,-0.65516
127.3,ETH-27DEC19,1576925940992,open,1.36,1.0,1.288,1.429,1.356638,120.0,0.494,0.0,ETH-27DEC19-300-P,127.15,0.0,0.02,50.0,0.0,0.0,0.0,0.0,0.0,-0.04829,0.0,-1.0
127.8,ETH-27MAR20,1576925940994,open,3.7,0.0,3.559,3.849,3.697404,120.0,None,0.0,ETH-27MAR20-600-P,127.15,0.0,0.03,50.0,0.0,0.0,0.0,0.02375,-0.01471,-1.58854,0.00046,-0.98582
127.49,SYN.ETH-31JAN20,1576925940994,open,1.04,0.0,0.981,1.11,1.041874,98.51,None,0.0,ETH-31JAN20-260-P,127.15,0.0,0.01,50.0,0.0,0.0,0.0,0.02318,-0.02793,-0.28826,0.00129,-0.97708
127.8,ETH-27MAR20,1576925940996,open,4.01,0.0,3.863,4.17,4.009734,120.0,None,0.0,ETH-27MAR20-640-P,127.15,0.0,0.01,50.0,0.0,0.0,0.0,0.01879,-0.01164,-1.69562,0.00036,-0.98918
127.3,ETH-27DEC19,1576925940996,open,1.05,944.0,0.983,1.105,1.04242,120.0,1.042,0.0,ETH-27DEC19-260-P,127.15,0.0,0.001,9.0,0.0,0.0,0.0,0.0,-2e-05,-0.04185,0.0,-1.0
127.8,ETH-27MAR20,1576925940998,open,2.15,5.0,2.042,2.256,2.142452,118.64,2.004,0.0,ETH-27MAR20-400-P,127.15,0.0,0.046,50.0,0.0,0.0,0.0,0.07764,-0.04754,-1.04582,0.00151,-0.94077
128.45,ETH-26JUN20,1576925940998,open,3.68,0.0,3.539,3.85,3.685681,109.0,None,0.0,ETH-26JUN20-600-P,127.15,0.0,0.01,50.0,0.0,0.0,0.0,0.10551,-0.03061,-3.0603,0.00114,-0.94295
127.3,ETH-27DEC19,1576925941000,open,1.2,310.0,1.136,1.267,1.199529,120.0,0.49,0.0,ETH-27DEC19-280-P,127.15,0.0,0.003,9.0,0.0,0.0,0.0,0.0,0.0,-0.04507,0.0,-1.0
128.45,ETH-26JUN20,1576925941002,open,2.45,0.0,2.335,2.581,2.450088,102.04,None,0.0,ETH-26JUN20-440-P,127.15,0.0,0.01,50.0,0.0,0.0,0.0,0.15469,-0.04201,-2.21886,0.00179,-0.90588
127.49,SYN.ETH-31JAN20,1576925941002,open,0.13,242.0,0.089,0.16,0.125253,71.91,0.121,0.0,ETH-31JAN20-120-C,127.15,67.69,0.12,96.0,0.13,127.0,75.71,0.15883,-0.13971,0.07422,0.01213,0.64505
128.45,ETH-26JUN20,1576925941006,open,0.11,533.0,0.071,0.159,0.112625,81.96,0.109,0.0,ETH-26JUN20-100-P,127.15,79.41,0.107,109.0,0.119,359.0,84.84,0.28375,-0.06189,-0.23038,0.00408,-0.23583
127.8,ETH-27MAR20,1576925941006,open,0.13,1372.0,0.081,0.17,0.124211,77.21,0.123,0.0,ETH-27MAR20-120-P,127.15,75.55,0.121,13.0,0.13,10.0,80.22,0.24643,-0.09821,-0.1644,0.00736,-0.36047
127.3,ETH-27DEC19,1576925941006,open,0.01,7859.0,0.002,0.035,0.01257,68.74,0.015,0.0,ETH-27DEC19-120-P,127.15,64.67,0.011,143.0,0.015,165.0,74.85,0.0497,-0.29073,-0.00508,0.02771,-0.23555
127.8,ETH-27MAR20,1576925941006,open,0.47,1550.0,0.406,0.535,0.468165,82.79,0.47,0.0,ETH-27MAR20-180-P,127.15,68.51,0.445,36.0,0.509,300.0,105.01,0.22073,-0.09432,-0.40381,0.00615,-0.72233
127.49,SYN.ETH-31JAN20,1576925941008,open,0.07,1356.0,0.036,0.101,0.066487,71.91,0.069,0.0,ETH-31JAN20-120-P,127.15,69.11,0.063,582.0,0.07,128.0,74.73,0.15883,-0.13971,-0.06017,0.01213,-0.35495
7142.1,BTC-27DEC19,1576925941228,open,0.0,367.3,0.0005,0.0105,0.00050627,97.35,0.0005,0.0,BTC-27DEC19-9500-C,7140.27,0.0,0.0,0.0,0.001,27.2,106.89,0.28898,-2.39403,0.01355,4e-05,0.01229
7213.73,BTC-27MAR20,1576925941228,open,0.0,147.6,0.0005,0.011,0.00129419,115.0,0.002,0.0,BTC-27MAR20-36000-C,7140.27,116.76,0.0015,15.0,0.0025,20.0,123.42,0.79873,-0.47408,0.125,1e-05,0.00782
7142.1,BTC-27DEC19,1576925941228,open,0.0,775.8,0.0005,0.0105,2.428e-05,115.0,0.0005,0.0,BTC-27DEC19-4500-P,7140.27,0.0,0.0,0.0,0.0005,20.2,155.28,0.01906,-0.1734,-0.00072,0.0,-0.0006
7312.07,BTC-26JUN20,1576925941228,open,0.22,127.1,0.1795,0.272,0.22213676,72.24,0.227,0.0,BTC-26JUN20-7000-C,7140.27,68.3,0.2115,12.0,0.2345,12.0,76.83,19.73098,-3.79327,15.51309,0.0001,0.63431
7169.65,SYN.BTC-31JAN20,1576925941228,open,0.01,149.1,0.0005,0.02,0.00656436,71.01,0.0075,0.0,BTC-31JAN20-10500-C,7140.27,68.49,0.0055,35.0,0.0075,28.0,73.05,3.17019,-2.75374,0.49775,8e-05,0.06856
7312.07,BTC-26JUN20,1576925941234,open,0.01,143.4,0.0005,0.024,0.01019047,81.7,0.0105,0.0,BTC-26JUN20-3000-P,7140.27,77.5,0.008,20.0,0.0125,19.5,85.66,4.04554,-0.87963,-1.69766,2e-05,-0.03492
7169.65,SYN.BTC-31JAN20,1576925941234,open,0.47,0.0,0.4385,0.5095,0.47106456,71.0,None,0.0,BTC-31JAN20-10500-P,7140.27,0.0,0.0015,10.0,0.0,0.0,0.0,3.16853,-2.75174,-11.26134,8e-05,-0.93149
7142.1,BTC-27DEC19,1576925941236,open,0.0,1169.0,0.0005,0.0105,7.947e-05,115.0,0.0005,0.0,BTC-27DEC19-11000-C,7140.27,0.0,0.0,0.0,0.0005,21.0,138.62,0.056,-0.54807,0.00214,1e-05,0.00194
7142.1,BTC-27DEC19,1576925941236,open,0.0,106.3,0.0005,0.0105,0.0,115.0,0.0005,0.0,BTC-27DEC19-2000-P,7140.27,0.0,0.0,0.0,0.0005,10.1,399.0,0.0,0.0,0.0,0.0,0.0
7312.07,BTC-26JUN20,1576925941236,open,0.06,286.3,0.033,0.091,0.0567511,72.24,0.0625,0.0,BTC-26JUN20-5000-P,7140.27,70.37,0.0535,16.5,0.0595,24.5,73.81,12.78913,-2.45883,-8.17595,6e-05,-0.16048
7169.65,SYN.BTC-31JAN20,1576925941236,open,0.01,727.2,0.0035,0.03,0.0133763,70.36,0.0145,0.0,BTC-31JAN20-5500-P,7140.27,68.91,0.0125,41.5,0.0145,0.9,72.15,4.41669,-3.801,-0.96491,0.00011,-0.1068
7142.1,BTC-27DEC19,1576925941238,open,1.8,3.6,1.7455,1.857,1.80028899,0.0,1.729,0.0,BTC-27DEC19-20000-P,7140.27,0.0,0.0005,1.0,0.0,0.0,0.0,0.0,0.0,-3.21956,0.0,-1.0
7142.1,BTC-27DEC19,1576925941238,open,0.0,526.9,0.0005,0.0105,0.0,115.0,0.0005,0.0,BTC-27DEC19-22000-C,7140.27,0.0,0.0,0.0,0.0005,1.0,315.06,0.0,0.0,0.0,0.0,0.0
7142.1,BTC-27DEC19,1576925941238,open,0.0,1025.2,0.0005,0.0105,8e-08,115.0,0.0005,0.0,BTC-27DEC19-14000-C,7140.27,0.0,0.0,0.0,0.0025,31.0,247.55,0.00012,-0.00058,0.0,0.0,0.0
7312.07,BTC-26JUN20,1576925941240,open,0.08,372.6,0.0395,0.121,0.0726247,78.17,0.0755,0.0,BTC-26JUN20-12000-C,7140.27,76.64,0.069,7.5,0.0755,21.5,79.37,17.45017,-3.63013,7.55197,8e-05,0.27328
7142.1,BTC-27DEC19,1576925941240,open,0.0,590.4,0.0005,0.0105,0.0,115.0,0.001,0.0,BTC-27DEC19-2500-P,7140.27,0.0,0.0,0.0,0.0005,150.0,331.8,0.0,0.0,0.0,0.0,0.0
7142.1,BTC-27DEC19,1576925941240,open,0.0,1566.2,0.0005,0.0105,0.00025263,103.38,0.0005,0.0,BTC-27DEC19-10000-C,7140.27,0.0,0.0,0.0,0.0005,2.8,111.95,0.15868,-1.396,0.00684,2e-05,0.0062
7142.1,BTC-27DEC19,1576925941240,open,0.0,349.0,0.0005,0.0105,0.0,115.0,0.0005,0.0,BTC-27DEC19-48000-C,7140.27,0.0,0.0,0.0,0.001,21.0,500.0,0.0,0.0,0.0,0.0,0.0
7142.1,BTC-27DEC19,1576925941240,open,0.0,690.8,0.0005,0.0105,0.0,115.0,0.0005,0.0,BTC-27DEC19-36000-C,7140.27,0.0,0.0,0.0,0.002,21.0,491.32,0.0,0.0,0.0,0.0,0.0
7169.65,SYN.BTC-31JAN20,1576925941240,open,0.27,10.4,0.2415,0.312,0.27169461,62.46,0.272,0.0,BTC-31JAN20-9000-P,7140.27,0.0,0.0665,0.1,0.0,0.0,0.0,5.90272,-4.50981,-8.904,0.00016,-0.83726
7169.65,SYN.BTC-31JAN20,1576925941240,open,0.4,0.0,0.371,0.4415,0.40329393,67.97,None,0.0,BTC-31JAN20-10000-P,7140.27,0.0,0.0015,10.0,0.0,0.0,0.0,3.85302,-3.20355,-10.5554,0.0001,-0.91134
7142.1,BTC-27DEC19,1576925941242,open,0.0,767.5,0.0005,0.0105,8.8e-07,115.0,0.0005,0.0,BTC-27DEC19-13000-C,7140.27,0.0,0.0,0.0,0.0005,0.9,183.55,0.00107,-0.00626,3e-05,0.0,3e-05
7142.1,BTC-27DEC19,1576925941242,open,0.0,1541.5,0.0005,0.0105,0.0,115.0,0.0005,0.0,BTC-27DEC19-52000-C,7140.27,0.0,0.0,0.0,0.0005,36.9,500.0,0.0,0.0,0.0,0.0,0.0
7312.07,BTC-26JUN20,1576925941242,open,2.57,0.0,2.491,2.6675,2.57106824,95.32,None,0.0,BTC-26JUN20-26000-P,7140.27,0.0,0.002,1.0,0.0,0.0,0.0,6.66153,-1.68984,-131.95413,3e-05,-0.93488
7142.1,BTC-27DEC19,1576925941244,open,2.92,0.2,2.844,3.0,2.92040459,0.0,2.2765,0.0,BTC-27DEC19-28000-P,7140.27,0.0,0.0005,1.0,0.0,0.0,0.0,0.0,0.0,-4.50738,0.0,-1.0
7213.73,BTC-27MAR20,1576925941244,open,0.01,1357.7,0.001,0.026,0.01091928,81.04,0.01,0.0,BTC-27MAR20-4000-P,7140.27,78.38,0.0095,5.0,0.0125,19.0,83.81,3.98366,-1.66616,-1.21393,4e-05,-0.05248
7312.07,BTC-26JUN20,1576925941246,open,0.37,0.0,0.342,0.41,0.37295114,72.24,None,0.0,BTC-26JUN20-5000-C,7140.27,53.97,0.3435,6.0,0.3995,6.0,86.85,12.78918,-2.45886,17.56038,6e-05,0.83952
7213.73,BTC-27MAR20,1576925941246,open,0.0,157.7,0.0005,0.015,0.0031173,115.0,0.0025,0.0,BTC-27MAR20-30000-C,7140.27,109.17,0.002,15.0,0.005,20.0,122.14,1.60277,-0.95132,0.27456,1e-05,0.01746
7142.1,BTC-27DEC19,1576925941246,open,0.0,833.8,0.0005,0.0105,8.8e-07,115.0,0.0005,0.0,BTC-27DEC19-4000-P,7140.27,0.0,0.0,0.0,0.0005,13.2,190.9,0.00101,-0.00626,-3e-05,0.0,-3e-05
7312.07,BTC-26JUN20,1576925941246,open,3.39,0.0,3.294,3.4985,3.38760672,101.32,None,0.0,BTC-26JUN20-32000-P,7140.27,0.0,0.002,1.0,0.0,0.0,0.0,5.21271,-1.40558,-163.34135,2e-05,-0.95228
7213.73,BTC-27MAR20,1576925941248,open,4.0,0.0,3.893,4.099,3.99174302,114.68,None,0.0,BTC-27MAR20-36000-P,7140.27,0.0,0.0015,10.0,0.0,0.0,0.0,0.78288,-0.4634,-95.42634,0.0,-0.99235
7142.1,BTC-27DEC19,1576925941248,open,1.24,18.0,1.1965,1.2855,1.24023119,0.0,1.261,0.0,BTC-27DEC19-16000-P,7140.27,0.0,0.0,0.0,0.0,0.0,0.0,0.0,0.0,-2.57565,0.0,-1.0
7142.1,BTC-27DEC19,1576925941259,open,1.1,211.0,1.0595,1.143,1.10021675,0.0,0.959,0.0,BTC-27DEC19-15000-P,7140.27,0.0,0.0,0.0,0.0,0.0,0.0,0.0,0.0,-2.41467,0.0,-1.0
7142.1,BTC-27DEC19,1576925941272,open,0.51,4.3,0.5,0.5195,0.50994944,143.96,0.5625,0.0,BTC-27DEC19-3500-C,7140.27,0.0,0.5035,9.0,0.515,9.0,327.81,0.00123,-0.01509,0.56338,0.0,0.99997
7142.1,BTC-27DEC19,1576925941281,open,0.51,4.3,0.5,0.5195,0.50994944,143.96,0.5625,0.0,BTC-27DEC19-3500-C,7140.27,0.0,0.5035,11.0,0.515,9.0,327.81,0.00123,-0.01509,0.56338,0.0,0.99997
7142.1,BTC-27DEC19,1576925941433,open,0.0,633.8,0.0005,0.011,0.00102214,71.28,0.001,0.0,BTC-27DEC19-8500-C,7140.27,63.87,0.0005,57.9,0.0015,2.0,76.17,0.61824,-3.75014,0.03343,0.00011,0.0301
7312.06,BTC-26JUN20,1576925941433,open,0.29,21.1,0.2505,0.334,0.28888195,72.24,0.271,0.0,BTC-26JUN20-6000-C,7140.27,60.6,0.262,6.0,0.32,6.0,85.52,17.04489,-3.27689,16.94678,9e-05,0.73915
7213.73,BTC-27MAR20,1576925941433,open,2.34,0.0,2.263,2.4115,2.33174219,106.14,None,0.0,BTC-27MAR20-24000-P,7140.27,0.0,0.0015,10.0,0.0,0.0,0.0,2.32538,-1.27391,-63.27077,2e-05,-0.97288
7213.73,BTC-27MAR20,1576925941433,open,3.72,0.0,3.6215,3.818,3.71492148,114.76,None,0.0,BTC-27MAR20-34000-P,7140.27,0.0,0.0015,10.0,0.0,0.0,0.0,0.98991,-0.58635,-90.08134,1e-05,-0.99001
7213.73,BTC-27MAR20,1576925941433,open,0.07,293.2,0.0375,0.103,0.06512273,69.59,0.067,0.0,BTC-27MAR20-9000-C,7140.27,67.64,0.0615,22.0,0.068,14.0,71.13,13.47132,-4.83874,5.08603,0.00014,0.33076
7142.1,BTC-27DEC19,1576925941433,open,2.08,4.9,2.02,2.143,2.08031789,0.0,2.217,0.0,BTC-27DEC19-22000-P,7140.27,0.0,0.0005,1.0,0.0,0.0,0.0,0.0,0.0,-3.54151,0.0,-1.0
7213.73,BTC-27MAR20,1576925941433,open,0.02,1453.7,0.009,0.0525,0.02439187,77.49,0.024,0.0,BTC-27MAR20-12000-C,7140.27,76.27,0.023,8.0,0.0255,17.0,78.44,8.31785,-3.32675,2.23546,8e-05,0.14115
7312.06,BTC-26JUN20,1576925941433,open,0.6,17.8,0.586,0.6185,0.59991049,81.7,0.623,0.0,BTC-26JUN20-3000-C,7140.27,53.06,0.5905,7.3,0.0,0.0,0.0,4.04577,-0.8797,13.74405,2e-05,0.96508
7312.06,BTC-26JUN20,1576925941433,open,0.72,8.2,0.655,0.786,0.7137446,78.17,0.8905,0.0,BTC-26JUN20-12000-P,7140.27,0.0,0.09,1.5,1.3495,1.9,334.26,17.44984,-3.62998,-54.21559,8e-05,-0.72673
7213.73,BTC-27MAR20,1576925941433,open,0.21,268.2,0.166,0.255,0.2064888,67.55,0.22,0.0,BTC-27MAR20-8000-P,7140.27,64.12,0.1995,13.0,0.2105,1.0,69.52,14.71405,-5.13022,-14.46561,0.00016,-0.54905
7312.06,BTC-26JUN20,1576925941433,open,0.01,36.2,0.0015,0.036,0.01128698,101.33,0.012,0.0,BTC-26JUN20-32000-C,7140.27,99.45,0.01,7.0,0.0125,13.0,102.98,5.21442,-1.40616,1.3721,2e-05,0.04774
7142.1,BTC-27DEC19,1576925941433,open,0.0,680.5,0.0005,0.0105,0.0,115.0,0.0005,0.0,BTC-27DEC19-26000-C,7140.27,0.0,0.0,0.0,0.0005,21.0,354.53,0.0,0.0,0.0,0.0,0.0
7142.1,BTC-27DEC19,1576925941434,open,0.0,1038.8,0.0005,0.0105,0.0,115.0,0.0015,0.0,BTC-27DEC19-20000-C,7140.27,0.0,0.0,0.0,0.0005,14.4,292.11,0.0,0.0,0.0,0.0,0.0
7213.73,BTC-27MAR20,1576925941434,open,0.46,7.4,0.4395,0.478,0.45642497,81.04,0.4255,0.0,BTC-27MAR20-4000-C,7140.27,0.0,0.4455,7.1,0.0,0.0,0.0,3.98433,-1.66658,9.4023,4e-05,0.94751
7142.1,BTC-27DEC19,1576925941434,open,0.0,657.0,0.0005,0.0105,0.0,115.0,0.0005,0.0,BTC-27DEC19-28000-C,7140.27,0.0,0.0,0.0,0.0025,31.0,439.52,0.0,0.0,0.0,0.0,0.0
7312.06,BTC-26JUN20,1576925941434,open,2.03,0.0,1.9575,2.1175,2.02929045,91.03,None,0.0,BTC-26JUN20-22000-P,7140.27,0.0,0.11,1.0,3.0,0.1,500.0,8.29907,-2.01049,-110.74356,3e-05,-0.9131
7142.1,BTC-27DEC19,1576925941434,open,0.0,756.8,0.0005,0.0105,0.0,115.0,0.0005,0.0,BTC-27DEC19-24000-C,7140.27,0.0,0.0,0.0,0.0005,21.0,335.73,0.0,0.0,0.0,0.0,0.0
7169.65,SYN.BTC-31JAN20,1576925941433,open,0.13,31.7,0.11,0.168,0.13441744,62.31,0.1405,0.0,BTC-31JAN20-6500-C,7140.27,56.13,0.1275,15.0,0.1405,15.0,67.64,8.11575,-6.18608,4.67909,0.00023,0.71718
7213.73,BTC-27MAR20,1576925941437,open,0.02,456.3,0.005,0.0405,0.0160922,83.95,0.0165,0.0,BTC-27MAR20-14000-C,7140.27,82.66,0.015,1.0,0.017,18.0,84.99,6.22998,-2.69944,1.49062,5e-05,0.09395
7312.06,BTC-26JUN20,1576925941437,open,0.27,155.8,0.2145,0.3245,0.26426564,72.24,0.2625,0.0,BTC-26JUN20-8000-P,7140.27,66.89,0.249,10.0,0.2715,6.0,74.78,20.85193,-4.00872,-27.48059,0.0001,-0.46588
7312.06,BTC-26JUN20,1576925941437,open,1.49,2.9,1.427,1.5725,1.49166672,85.98,1.45,0.0,BTC-26JUN20-18000-P,7140.27,0.0,1.35,0.1,2.1,0.1,327.19,10.778,-2.4661,-89.08788,5e-05,-0.87535
7213.73,BTC-27MAR20,1576925941437,open,1.51,0.0,1.449,1.5705,1.50406893,94.57,1.23,0.0,BTC-27MAR20-18000-P,7140.27,0.0,1.4645,1.0,1.5505,1.0,141.56,3.90628,-1.90656,-46.96296,3e-05,-0.9488
7312.06,BTC-26JUN20,1576925941437,open,0.48,0.5,0.4565,0.5055,0.47806438,74.57,0.589,0.0,BTC-26JUN20-4000-C,7140.27,49.04,0.4575,6.0,0.497,6.0,90.34,7.90922,-1.5696,16.57676,4e-05,0.9185
7142.1,BTC-27DEC19,1576925941437,open,1.52,9.4,1.471,1.5715,1.52026009,0.0,1.559,0.0,BTC-27DEC19-18000-P,7140.27,0.0,0.0,0.0,0.0,0.0,0.0,0.0,0.0,-2.8976,0.0,-1.0
7312.06,BTC-26JUN20,1576925941437,open,0.49,123.6,0.4195,0.5445,0.47601501,75.43,0.62,0.0,BTC-26JUN20-10000-P,7140.27,64.56,0.447,6.0,0.5485,11.0,101.23,19.95987,-4.00703,-41.28506,0.0001,-0.62091
7312.06,BTC-26JUN20,1576925941437,open,0.02,11.5,0.005,0.047,0.01756537,93.23,0.018,0.0,BTC-26JUN20-24000-C,7140.27,91.11,0.0155,17.0,0.0195,17.0,95.08,7.39403,-1.83453,2.14576,3e-05,0.07458
7213.73,BTC-27MAR20,1576925941437,open,4.55,1.0,4.4365,4.6625,4.54569341,114.45,4.54,0.0,BTC-27MAR20-40000-P,7140.27,0.0,0.0015,10.0,0.0,0.0,0.0,0.49142,-0.29028,-106.09217,0.0,-0.99548
7213.73,BTC-27MAR20,1576925941437,open,3.44,0.0,3.3495,3.537,3.43825943,114.82,None,0.0,BTC-27MAR20-32000-P,7140.27,0.0,0.0015,10.0,0.0,0.0,0.0,1.25415,-0.74326,-84.72442,1e-05,-0.98688
7213.73,BTC-27MAR20,1576925941447,open,1.78,5.2,1.72,1.8495,1.77926052,98.39,2.035,0.0,BTC-27MAR20-20000-P,7140.27,0.0,1.7375,1.0,1.8305,1.0,153.44,3.15982,-1.6046,-52.45889,2e-05,-0.96066
7312.06,BTC-26JUN20,1576925941447,open,0.06,558.3,0.024,0.0945,0.05091902,80.56,0.0535,0.0,BTC-26JUN20-14000-C,7140.27,79.1,0.048,12.5,0.053,3.0,81.58,14.77021,-3.16659,5.68237,7e-05,0.2019
7169.65,SYN.BTC-31JAN20,1576925941447,open,0.16,27.9,0.1285,0.199,0.15590277,60.95,0.138,0.0,BTC-31JAN20-8000-P,7140.27,34.52,0.127,5.0,0.182,5.0,81.71,8.70683,-6.49191,-6.61769,0.00025,-0.6683
7312.06,BTC-26JUN20,1576925941449,open,2.85,0.0,2.7585,2.9435,2.84258068,96.99,None,0.0,BTC-26JUN20-28000-P,7140.27,0.0,0.002,1.0,0.0,0.0,0.0,5.99043,-1.54619,-142.48419,2e-05,-0.94315
7312.06,BTC-26JUN20,1576925941449,open,0.01,18.4,0.0035,0.0395,0.01330091,97.0,0.014,0.0,BTC-26JUN20-28000-C,7140.27,95.36,0.012,17.0,0.0145,2.0,98.42,5.99327,-1.54713,1.64052,2e-05,0.05689
7213.73,BTC-27MAR20,1576925941479,open,0.1,760.0,0.0655,0.138,0.09750017,67.56,0.0965,0.0,BTC-27MAR20-8000-C,7140.27,66.33,0.095,5.0,0.1,1.0,68.78,14.7141,-5.13052,6.76747,0.00016,0.45096
7213.73,BTC-27MAR20,1576925941479,open,0.33,2.1,0.308,0.3615,0.33235061,71.46,0.3115,0.0,BTC-27MAR20-5000-C,7140.27,41.48,0.31,6.1,0.3545,6.0,90.97,7.3929,-2.72667,10.50349,7e-05,0.88095
7142.1,BTC-27DEC19,1576925941481,open,0.0,1724.8,0.0005,0.0135,0.00252839,87.43,0.0025,0.0,BTC-27DEC19-6000-P,7140.27,83.27,0.002,1.0,0.003,0.1,90.77,0.96355,-7.16915,-0.06264,0.00013,-0.05195
7142.1,BTC-27DEC19,1576925941481,open,0.0,562.6,0.0005,0.0105,0.0,115.0,0.0005,0.0,BTC-27DEC19-40000-C,7140.27,0.0,0.0,0.0,0.0005,6.9,452.54,0.0,0.0,0.0,0.0,0.0
7312.06,BTC-26JUN20,1576925941481,open,0.18,310.4,0.1355,0.2335,0.1794567,72.24,0.173,0.0,BTC-26JUN20-7000-P,7140.27,70.59,0.175,7.1,0.1815,7.0,72.99,19.73098,-3.79323,-20.51785,0.0001,-0.36569
7169.65,SYN.BTC-31JAN20,1576925941481,open,0.03,663.0,0.013,0.0545,0.0256748,61.58,0.0275,0.0,BTC-31JAN20-8500-C,7140.27,59.93,0.024,7.5,0.0275,43.5,63.34,7.37042,-5.55149,1.67948,0.00021,0.23485
7169.65,SYN.BTC-31JAN20,1576925941502,open,0.21,15.2,0.182,0.2535,0.21122257,61.57,0.2965,0.0,BTC-31JAN20-8500-P,7140.27,0.0,0.0685,0.1,0.0,0.0,0.0,7.37001,-5.55073,-7.83967,0.00021,-0.76518
7213.73,BTC-27MAR20,1576925941506,open,1.23,1.2,1.1785,1.2925,1.2297893,89.93,1.4,0.0,BTC-27MAR20-16000-P,7140.27,0.0,1.1915,1.0,1.2725,1.0,129.6,4.90307,-2.27589,-41.38188,4e-05,-0.93158
7213.73,BTC-27MAR20,1576925941513,open,0.03,245.0,0.0115,0.0485,0.0254685,71.46,0.0265,0.0,BTC-27MAR20-5000-P,7140.27,70.01,0.024,22.0,0.027,17.0,72.94,7.39244,-2.72632,-2.76686,7e-05,-0.11904
7142.1,BTC-27DEC19,1576925941513,open,0.0,493.8,0.0005,0.0105,0.00072257,98.41,0.001,0.0,BTC-27DEC19-5500-P,7140.27,93.38,0.0005,83.0,0.001,33.0,103.43,0.35466,-2.97005,-0.01875,4e-05,-0.01559
7312.06,BTC-26JUN20,1576925941513,open,0.12,364.9,0.069,0.1605,0.1084151,75.44,0.112,0.0,BTC-26JUN20-10000-C,7140.27,73.81,0.104,13.5,0.1115,15.5,76.56,19.95996,-4.00712,10.18781,0.0001,0.3791
7142.1,BTC-27DEC19,1576925941525,open,2.36,0.0,2.2945,2.4285,2.36034679,0.0,None,0.0,BTC-27DEC19-24000-P,7140.27,0.0,0.0005,1.0,0.0,0.0,0.0,0.0,0.0,-3.86347,0.0,-1.0
7169.65,SYN.BTC-31JAN20,1576925941525,open,0.0,193.2,0.0005,0.014,0.00378412,80.77,0.0035,0.0,BTC-31JAN20-12000-C,7140.27,77.76,0.003,1.0,0.0045,54.0,83.21,1.99731,-1.97338,0.27743,4e-05,0.03834
7169.65,SYN.BTC-31JAN20,1576925941528,open,0.68,0.0,0.642,0.719,0.67749863,80.75,None,0.0,BTC-31JAN20-12000-P,7140.27,0.0,0.0015,10.0,0.0,0.0,0.0,1.99495,-1.9704,-13.16154,4e-05,-0.96172
7213.73,BTC-27MAR20,1576925941547,open,0.43,144.3,0.387,0.484,0.43098902,71.85,0.4245,0.0,BTC-27MAR20-10000-P,7140.27,55.63,0.4075,11.0,0.4635,11.0,90.54,11.6274,-4.31209,-22.74844,0.00012,-0.75716
7213.73,BTC-27MAR20,1576925941552,open,0.0,109.3,0.0005,0.0115,0.0017198,115.0,0.003,0.0,BTC-27MAR20-34000-C,7140.27,113.34,0.0015,15.0,0.0035,25.0,124.73,1.00381,-0.59581,0.16149,1e-05,0.01015
7142.1,BTC-27DEC19,1576925941552,open,0.0,832.1,0.0005,0.0105,0.0,115.0,0.0005,0.0,BTC-27DEC19-3000-P,7140.27,0.0,0.0,0.0,0.0005,51.0,277.17,0.0,0.0,0.0,0.0,0.0
7213.73,BTC-27MAR20,1576925941552,open,0.05,606.8,0.022,0.0795,0.04475323,71.86,0.0465,0.0,BTC-27MAR20-10000-C,7140.27,70.14,0.042,24.5,0.047,16.0,73.24,11.62812,-4.31271,3.7932,0.00012,0.24287
7169.65,SYN.BTC-31JAN20,1576925941552,open,0.02,475.0,0.0065,0.0395,0.01640873,62.47,0.016,0.0,BTC-31JAN20-9000-C,7140.27,61.35,0.0155,36.5,0.017,8.1,63.18,5.90346,-4.51087,1.17515,0.00016,0.16277
7142.1,BTC-27DEC19,1576925941555,open,0.0,255.7,0.0005,0.0105,0.0,115.0,0.001,0.0,BTC-27DEC19-1500-P,7140.27,0.0,0.0,0.0,0.0005,37.9,486.6,0.0,0.0,0.0,0.0,0.0
7142.1,BTC-27DEC19,1576925941555,open,0.0,1282.0,0.0005,0.0105,0.00057885,82.89,0.0005,0.0,BTC-27DEC19-9000-C,7140.27,0.0,0.0,0.0,0.001,33.1,89.77,0.36158,-2.55054,0.01766,5e-05,0.01594
7142.1,BTC-27DEC19,1576925941555,open,0.0,449.3,0.0005,0.0105,0.0,115.0,0.0005,0.0,BTC-27DEC19-44000-C,7140.27,0.0,0.0,0.0,0.0005,1.0,473.59,0.0,0.0,0.0,0.0,0.0
7142.1,BTC-27DEC19,1576925941555,open,6.29,0.8,6.1385,6.429,6.28075137,0.0,3.59,0.0,BTC-27DEC19-52000-P,7140.27,0.0,0.001,1.0,0.0,0.0,0.0,0.0,0.0,-8.37085,0.0,-1.0
7142.1,BTC-27DEC19,1576925941558,open,0.96,268.3,0.922,1.0,0.96020237,0.0,0.9355,0.0,BTC-27DEC19-14000-P,7140.27,0.0,0.0,0.0,0.0,0.0,0.0,0.0,0.0,-2.25369,0.0,-1.0
7312.06,BTC-26JUN20,1576925941558,open,0.02,897.7,0.0085,0.0585,0.02457748,88.65,0.025,0.0,BTC-26JUN20-20000-C,7140.27,87.0,0.0225,12.5,0.0265,19.6,90.12,9.41522,-2.22141,2.95627,4e-05,0.10312
7213.73,BTC-27MAR20,1576925941571,open,0.0,686.4,0.0005,0.0105,0.00075026,115.0,0.002,0.0,BTC-27MAR20-40000-C,7140.27,118.15,0.001,12.0,0.0015,3.0,122.99,0.51151,-0.3036,0.07621,0.0,0.00473
7312.06,BTC-26JUN20,1576925941571,open,0.03,485.1,0.0115,0.048,0.02510435,74.57,0.027,0.0,BTC-26JUN20-4000-P,7140.27,72.11,0.0225,26.5,0.0275,26.5,76.74,7.90904,-1.56954,-4.01221,4e-05,-0.0815
7213.73,BTC-27MAR20,1576925941571,open,0.0,76.6,0.0005,0.012,0.00230491,115.0,0.003,0.0,BTC-27MAR20-32000-C,7140.27,109.69,0.0015,15.0,0.0035,25.0,120.84,1.2662,-0.75155,0.2099,1e-05,0.01327
7213.73,BTC-27MAR20,1576925941571,open,0.01,251.8,0.0005,0.0215,0.0057779,102.92,0.004,0.0,BTC-27MAR20-22000-C,7140.27,99.28,0.0045,12.0,0.007,17.0,105.95,2.73928,-1.45516,0.52212,2e-05,0.03305
7142.1,BTC-27DEC19,1576925941571,open,0.0,491.2,0.0005,0.0105,1e-08,115.0,0.0005,0.0,BTC-27DEC19-3500-P,7140.27,0.0,0.0,0.0,0.0005,0.1,231.01,2e-05,-7e-05,0.0,0.0,0.0
7213.73,BTC-27MAR20,1576925941575,open,0.69,54.9,0.643,0.7435,0.68787481,77.48,0.77,0.0,BTC-27MAR20-12000-P,7140.27,0.0,0.651,2.0,0.73,2.0,106.8,8.31614,-3.32563,-29.61468,8e-05,-0.85889
7213.73,BTC-27MAR20,1576925941577,open,0.01,1544.9,0.002,0.0335,0.01181204,89.96,0.013,0.0,BTC-27MAR20-16000-C,7140.27,87.17,0.01,0.9,0.0135,26.0,92.35,4.90664,-2.27812,1.08512,4e-05,0.06849
7312.06,BTC-26JUN20,1576925941577,open,2.3,0.0,2.224,2.392,2.29980517,93.22,None,0.0,BTC-26JUN20-24000-P,7140.27,0.0,0.002,1.0,0.0,0.0,0.0,7.39189,-1.83382,-121.38967,3e-05,-0.92545
7213.73,BTC-27MAR20,1576925941584,open,0.12,278.2,0.086,0.1635,0.12045049,66.88,0.1195,0.0,BTC-27MAR20-7000-P,7140.27,65.4,0.1175,14.0,0.1235,1.0,68.42,14.33509,-4.94835,-9.91865,0.00016,-0.3976
7213.73,BTC-27MAR20,1576925941584,open,0.32,92.7,0.2695,0.3645,0.31273494,69.59,0.3165,0.0,BTC-27MAR20-9000-P,7140.27,60.1,0.2955,12.0,0.3385,12.0,83.01,13.47101,-4.8383,-18.80133,0.00014,-0.66925
127.34,SYN.ETH-3JAN20,1576925941624,open,0.01,25.0,0.002,0.03,0.011612,78.63,0.015,0.0,ETH-3JAN20-110-P,127.15,74.74,0.01,200.0,0.013,349.0,81.84,0.05412,-0.16525,-0.00697,0.01203,-0.14346
127.34,SYN.ETH-3JAN20,1576925941624,open,0.15,1.0,0.116,0.178,0.147772,78.63,0.15,0.0,ETH-3JAN20-110-C,127.15,66.36,0.143,40.0,0.151,40.0,85.92,0.05412,-0.16525,0.03184,0.01203,0.85654
127.34,SYN.ETH-3JAN20,1576925941624,open,0.12,76.0,0.08,0.157,0.117682,68.78,0.107,0.0,ETH-3JAN20-140-P,127.15,64.22,0.115,40.0,0.123,40.0,77.4,0.07627,-0.20373,-0.0389,0.01939,-0.74831
127.34,SYN.ETH-3JAN20,1576925941624,open,0.06,3.0,0.031,0.097,0.062606,68.04,0.065,0.0,ETH-3JAN20-130-P,127.15,63.21,0.059,120.0,0.067,186.0,73.93,0.09496,-0.25091,-0.02702,0.0244,-0.53902
127.34,SYN.ETH-3JAN20,1576925941624,open,0.02,180.0,0.004,0.041,0.01825,68.78,0.017,0.0,ETH-3JAN20-140-C,127.15,64.97,0.016,160.0,0.02,20.0,71.67,0.07627,-0.20373,0.01049,0.01939,0.25169
127.3,ETH-27DEC19,1576925941765,open,0.0,1382.0,0.001,0.018,0.004349,86.53,0.004,0.0,ETH-27DEC19-110-P,127.15,84.7,0.004,30.0,0.005,202.0,89.78,0.02468,-0.18176,-0.00179,0.01093,-0.08298
127.3,ETH-27DEC19,1576925941765,open,0.14,121.0,0.111,0.169,0.140249,86.53,0.147,0.0,ETH-27DEC19-110-C,127.15,0.0,0.135,40.0,0.143,40.0,99.19,0.02468,-0.18176,0.01592,0.01093,0.91702
127.3,ETH-27DEC19,1576925941837,open,0.26,13324.0,0.221,0.299,0.257896,89.24,0.302,0.0,ETH-27DEC19-160-P,127.15,0.0,0.235,20.0,0.283,20.0,193.92,0.00939,-0.07132,-0.02527,0.00403,-0.97515
127.3,ETH-27DEC19,1576925941882,open,0.26,13324.0,0.221,0.299,0.257896,89.24,0.302,0.0,ETH-27DEC19-160-P,127.15,0.0,0.235,20.0,0.284,20.0,196.64,0.00939,-0.07132,-0.02527,0.00403,-0.97515
7142.1,BTC-27DEC19,1576925942285,open,0.51,4.3,0.5,0.5195,0.50994806,143.96,0.5625,0.0,BTC-27DEC19-3500-C,7140.27,0.0,0.5035,9.0,0.515,9.0,327.81,0.00123,-0.01509,0.56338,0.0,0.99997
7142.1,BTC-27DEC19,1576925942293,open,0.51,4.3,0.5,0.5195,0.50994806,143.96,0.5625,0.0,BTC-27DEC19-3500-C,7140.27,0.0,0.5035,11.0,0.515,9.0,327.81,0.00123,-0.01509,0.56338,0.0,0.99997
7142.09,BTC-27DEC19,1576925942306,open,0.0,221.8,0.0005,0.011,0.00144978,93.9,0.0015,0.0,BTC-27DEC19-5750-P,7140.27,88.12,0.001,56.0,0.002,3.0,99.67,0.61826,-4.94031,-0.03627,8e-05,-0.0301
7142.09,BTC-27DEC19,1576925942306,open,0.0,422.1,0.0005,0.0155,0.00340807,75.9,0.0035,0.0,BTC-27DEC19-6250-P,7140.27,73.58,0.003,1.8,0.004,0.3,79.05,1.29374,-8.35646,-0.09112,0.00021,-0.07585
7142.09,BTC-27DEC19,1576925942309,open,0.0,460.5,0.0005,0.0205,0.00444972,55.45,0.0045,0.0,BTC-27DEC19-7750-C,7140.27,53.74,0.004,61.6,0.0045,11.0,55.64,1.91814,-9.05156,0.14448,0.00042,0.13012
7142.09,BTC-27DEC19,1576925942309,open,0.0,80.5,0.0005,0.011,0.00101769,80.85,0.001,0.0,BTC-27DEC19-8750-C,7140.27,72.77,0.0005,24.5,0.0015,28.3,86.25,0.5635,-3.877,0.02978,8e-05,0.02692
7142.09,BTC-27DEC19,1576925942309,open,0.0,365.3,0.0005,0.0115,0.00154867,65.92,0.002,0.0,BTC-27DEC19-8250-C,7140.27,60.89,0.001,44.6,0.002,0.2,69.33,0.87811,-4.92599,0.0514,0.00016,0.04625
7147.6,SYN.BTC-3JAN20,1576925942428,open,0.16,0.0,0.1455,0.188,0.16569513,70.05,None,0.0,BTC-3JAN20-6000-C,7140.27,0.0,0.1605,6.1,0.1725,6.2,89.78,2.02139,-5.49895,1.89845,0.00016,0.91864
7147.6,SYN.BTC-3JAN20,1576925942428,open,0.01,3.6,0.0005,0.0175,0.00513521,70.04,0.0055,0.0,BTC-3JAN20-6000-P,7140.27,69.56,0.005,16.0,0.0055,3.3,71.31,2.02093,-5.49701,-0.21803,0.00016,-0.08134
7147.6,SYN.BTC-3JAN20,1576925942428,open,0.03,60.0,0.016,0.0605,0.03076297,54.3,0.03,0.0,BTC-3JAN20-7000-P,7140.27,52.56,0.0295,33.0,0.032,0.3,56.01,5.1835,-10.93021,-1.08393,0.00053,-0.39913
7147.6,SYN.BTC-3JAN20,1576925942428,open,0.1,0.3,0.0795,0.127,0.1023804,59.63,0.106,0.0,BTC-3JAN20-6500-C,7140.27,0.0,0.077,6.0,0.1255,6.0,99.78,3.5592,-8.24184,1.80183,0.00033,0.817
7147.6,SYN.BTC-3JAN20,1576925942428,open,0.0,32.7,0.0005,0.012,0.00244484,81.92,0.002,0.0,BTC-3JAN20-5500-P,7140.27,78.86,0.002,18.0,0.003,26.2,85.33,1.09863,-3.49497,-0.10083,7e-05,-0.03754
7147.6,SYN.BTC-3JAN20,1576925942428,open,0.2,0.0,0.1805,0.2205,0.19920585,76.61,None,0.0,BTC-3JAN20-5750-C,7140.27,0.0,0.1955,6.1,0.0,0.0,0.0,1.52724,-4.54344,1.87643,0.00011,0.94341
7147.6,SYN.BTC-3JAN20,1576925942428,open,0.23,0.0,0.2155,0.253,0.2329581,81.94,None,0.0,BTC-3JAN20-5500-C,7140.27,0.0,0.2305,0.1,0.0,0.0,0.0,1.09921,-3.49748,1.83928,7e-05,0.96243
7147.6,SYN.BTC-3JAN20,1576925942428,open,0.0,60.2,0.0005,0.0145,0.00366926,76.6,0.0045,0.0,BTC-3JAN20-5750-P,7140.27,73.3,0.003,17.0,0.0045,25.0,80.29,1.52673,-4.54123,-0.15186,0.00011,-0.05656
7147.6,SYN.BTC-3JAN20,1576925942431,open,0.02,68.2,0.0095,0.0485,0.02165789,54.43,0.022,0.0,BTC-3JAN20-7500-C,7140.27,52.0,0.02,31.0,0.023,7.5,56.38,4.90416,-10.36538,0.79601,0.0005,0.33736
7147.6,SYN.BTC-3JAN20,1576925942431,open,0.01,59.1,0.002,0.0295,0.01177382,59.63,0.0115,0.0,BTC-3JAN20-6500-P,7140.27,59.07,0.0115,12.0,0.012,0.1,60.08,3.55897,-8.24053,-0.49104,0.00033,-0.18298
7147.6,SYN.BTC-3JAN20,1576925942431,open,0.07,0.8,0.0535,0.103,0.07445714,55.98,0.0745,0.0,BTC-3JAN20-6750-C,7140.27,49.54,0.0705,7.0,0.0775,7.0,60.77,4.48151,-9.74137,1.6396,0.00044,0.72474
7147.6,SYN.BTC-3JAN20,1576925942433,open,0.05,4.2,0.033,0.0815,0.0514162,54.3,0.0515,0.0,BTC-3JAN20-7000-C,7140.27,52.35,0.05,15.0,0.0545,29.8,58.55,5.18352,-10.93106,1.38536,0.00053,0.60086
7147.6,SYN.BTC-3JAN20,1576925942433,open,0.13,0.3,0.1115,0.1565,0.13294802,63.76,0.1415,0.0,BTC-3JAN20-6250-C,7140.27,39.14,0.1265,6.1,0.154,6.0,107.27,2.66812,-6.60615,1.88636,0.00023,0.8811
7147.6,SYN.BTC-3JAN20,1576925942433,open,0.16,0.0,0.134,0.1895,0.15954894,58.53,None,0.0,BTC-3JAN20-8250-P,7140.27,0.0,0.0,0.0,0.0,0.0,0.0,2.45218,-5.57311,-2.65725,0.00023,-0.89434
7147.6,SYN.BTC-3JAN20,1576925942433,open,0.19,0.0,0.1675,0.2225,0.19304642,62.06,None,0.0,BTC-3JAN20-8500-P,7140.27,0.0,0.0,0.0,0.0,0.0,0.0,1.93114,-4.65428,-2.81498,0.00017,-0.9234
7147.6,SYN.BTC-3JAN20,1576925942433,open,0.01,13.5,0.0005,0.0215,0.00736477,63.75,0.008,0.0,BTC-3JAN20-6250-P,7140.27,62.77,0.007,40.0,0.008,0.1,65.43,2.66775,-6.6045,-0.31831,0.00023,-0.11888
7147.6,SYN.BTC-3JAN20,1576925942433,open,0.07,0.5,0.0495,0.1045,0.07095799,54.42,0.067,0.0,BTC-3JAN20-7500-P,7140.27,51.55,0.069,15.0,0.074,17.1,58.82,4.90406,-10.3643,-1.84971,0.0005,-0.66265
7147.6,SYN.BTC-3JAN20,1576925942433,open,0.1,0.0,0.074,0.131,0.09762044,55.06,None,0.0,BTC-3JAN20-7750-P,7140.27,0.0,0.072,5.0,0.1085,5.1,72.67,4.10078,-8.76848,-2.18135,0.00041,-0.76752
7147.6,SYN.BTC-3JAN20,1576925942433,open,0.02,31.6,0.0075,0.0435,0.01882723,55.97,0.0215,0.0,BTC-3JAN20-6750-P,7140.27,54.65,0.018,31.0,0.019,1.0,56.25,4.4814,-9.74035,-0.74148,0.00044,-0.27525
7147.6,SYN.BTC-3JAN20,1576925942433,open,0.0,35.7,0.0005,0.0125,0.00279911,65.29,0.0025,0.0,BTC-3JAN20-8750-C,7140.27,61.17,0.002,42.0,0.0035,43.1,68.39,1.51726,-3.84683,0.13443,0.00013,0.05612
7147.6,SYN.BTC-3JAN20,1576925942433,open,0.01,78.8,0.0035,0.036,0.01334367,55.07,0.0155,0.0,BTC-3JAN20-7750-C,7140.27,53.59,0.0125,20.0,0.0145,7.6,57.06,4.10104,-8.76993,0.55259,0.00041,0.2325
7147.6,SYN.BTC-3JAN20,1576925942435,open,0.01,21.3,0.0005,0.019,0.00531883,58.54,0.005,0.0,BTC-3JAN20-8250-C,7140.27,56.06,0.0045,48.5,0.006,0.1,60.47,2.4529,-5.57572,0.25311,0.00023,0.1057
7147.6,SYN.BTC-3JAN20,1576925942435,open,0.0,31.0,0.0005,0.015,0.00383964,62.08,0.0035,0.0,BTC-3JAN20-8500-C,7140.27,58.77,0.003,25.0,0.0045,0.1,64.42,1.93204,-4.65746,0.18358,0.00017,0.07665
7147.6,SYN.BTC-3JAN20,1576925942435,open,0.23,0.0,0.201,0.257,0.22698256,65.27,None,0.0,BTC-3JAN20-8750-P,7140.27,0.0,0.0,0.0,0.0,0.0,0.0,1.51616,-3.84302,-2.95233,0.00013,-0.94393
7147.6,SYN.BTC-3JAN20,1576925942435,open,0.13,0.0,0.103,0.1595,0.12767182,56.76,None,0.0,BTC-3JAN20-8000-P,7140.27,0.0,0.104,5.0,0.1375,5.1,75.61,3.23685,-7.13448,-2.44541,0.00032,-0.8422
127.3,ETH-27DEC19,1576925942904,open,0.26,13324.0,0.221,0.299,0.257896,89.24,0.302,0.0,ETH-27DEC19-160-P,127.15,0.0,0.237,20.0,0.284,20.0,196.64,0.00939,-0.07132,-0.02527,0.00403,-0.97515
127.3,ETH-27DEC19,1576925942926,open,0.18,1240.0,0.145,0.218,0.179865,73.05,0.186,0.0,ETH-27DEC19-150-P,127.15,0.0,0.159,22.0,0.207,22.0,166.65,0.01458,-0.09062,-0.02331,0.00765,-0.95765
7142.1,BTC-27DEC19,1576925943242,open,0.51,4.3,0.5,0.5195,0.50994806,143.96,0.5625,0.0,BTC-27DEC19-3500-C,7140.27,0.0,0.5035,9.0,0.515,9.0,327.81,0.00123,-0.01509,0.56338,0.0,0.99997
7142.1,BTC-27DEC19,1576925943245,open,0.51,4.3,0.5,0.5195,0.50994806,143.96,0.5625,0.0,BTC-27DEC19-3500-C,7140.27,0.0,0.5035,11.0,0.515,9.0,327.81,0.00123,-0.01509,0.56338,0.0,0.99997
7142.1,BTC-27DEC19,1576925943258,open,0.09,304.4,0.0735,0.119,0.0953845,67.04,0.097,0.0,BTC-27DEC19-6500-C,7140.27,61.43,0.094,1.0,0.096,1.0,69.34,1.86609,-10.64618,0.89626,0.00034,0.87493
7142.1,BTC-27DEC19,1576925943352,open,0.0,1446.7,0.0005,0.0125,0.00244161,60.16,0.0025,0.0,BTC-27DEC19-8000-C,7140.28,57.54,0.002,0.3,0.0025,8.8,60.48,1.26708,-6.4864,0.08205,0.00026,0.0738
7213.7,BTC-27MAR20,1576925943352,open,0.01,434.0,0.0005,0.028,0.00884423,94.6,0.0085,0.0,BTC-27MAR20-18000-C,7140.28,91.99,0.0075,0.1,0.01,21.0,96.65,3.91075,-1.90938,0.81245,3e-05,0.05128
7213.7,BTC-27MAR20,1576925943352,open,0.06,595.6,0.035,0.093,0.05956249,67.6,0.0575,0.0,BTC-27MAR20-6000-P,7140.28,66.31,0.0575,22.0,0.062,1.0,69.12,11.57928,-4.04006,-5.75452,0.00012,-0.241
7142.1,BTC-27DEC19,1576925943352,open,0.82,98.8,0.785,0.857,0.82019382,115.0,0.825,0.0,BTC-27DEC19-13000-P,7140.28,0.0,0.0,0.0,0.0,0.0,0.0,0.00107,-0.01044,-2.09268,0.0,-0.99997
7213.7,BTC-27MAR20,1576925943352,open,0.96,59.0,0.909,1.0155,0.95682995,83.94,0.877,0.0,BTC-27MAR20-14000-P,7140.28,0.0,0.9195,1.0,0.998,1.0,117.88,6.22719,-2.69773,-35.668,5e-05,-0.90611
7213.7,BTC-27MAR20,1576925943353,open,0.0,73.2,0.0005,0.0165,0.00376842,113.2,0.0025,0.0,BTC-27MAR20-28000-C,7140.28,107.61,0.0025,20.0,0.005,20.0,117.49,1.87336,-1.09447,0.32941,1e-05,0.02097
7312.06,BTC-26JUN20,1576925943352,open,0.01,87.8,0.003,0.038,0.01254087,99.68,0.0135,0.0,BTC-26JUN20-30000-C,7140.28,98.3,0.0115,0.4,0.0135,41.0,100.89,5.66755,-1.50349,1.52296,2e-05,0.05301
7213.7,BTC-27MAR20,1576925943352,open,0.23,23.9,0.1965,0.264,0.22781672,67.6,0.186,0.0,BTC-27MAR20-6000-C,7140.28,64.27,0.2225,14.0,0.231,2.0,69.58,11.57941,-4.04029,10.17007,0.00012,0.759
7142.1,BTC-27DEC19,1576925943352,open,3.21,0.2,3.1185,3.286,3.20044525,125.0,2.51,0.0,BTC-27DEC19-30000-P,7140.28,0.0,0.0005,1.0,0.0,0.0,0.0,0.0,0.0,-4.82934,0.0,-1.0
7312.06,BTC-26JUN20,1576925943352,open,0.38,107.3,0.313,0.432,0.3668156,74.26,0.4405,0.0,BTC-26JUN20-9000-P,7140.28,65.29,0.3415,6.0,0.3945,8.0,83.97,20.76961,-4.10463,-34.47376,0.0001,-0.54913
7142.1,BTC-27DEC19,1576925943353,open,0.0,1034.3,0.0005,0.0105,1e-08,115.0,0.0005,0.0,BTC-27DEC19-15000-C,7140.28,0.0,0.0,0.0,0.0005,62.0,220.61,1e-05,-5e-05,0.0,0.0,0.0
7312.06,BTC-26JUN20,1576925943353,open,0.97,13.4,0.9055,1.0405,0.96556085,80.56,1.1,0.0,BTC-26JUN20-14000-P,7140.28,0.0,0.5,3.0,1.25,0.1,186.59,14.76986,-3.16645,-66.37972,7e-05,-0.79811
7142.1,BTC-27DEC19,1576925943353,open,0.0,839.6,0.0005,0.0105,0.0,115.0,0.0005,0.0,BTC-27DEC19-18000-C,7140.28,0.0,0.0,0.0,0.0005,11.0,266.33,0.0,0.0,0.0,0.0,0.0
7213.71,BTC-27MAR20,1576925943354,open,0.0,115.2,0.0005,0.0165,0.00376825,108.25,0.004,0.0,BTC-27MAR20-26000-C,7140.28,105.15,0.003,12.0,0.0045,16.0,110.83,1.92732,-1.07686,0.34313,1e-05,0.02169
7312.06,BTC-26JUN20,1576925943353,open,0.15,190.0,0.094,0.189,0.13597399,74.26,0.137,0.0,BTC-26JUN20-9000-C,7140.28,72.51,0.131,8.5,0.1375,2.0,74.8,20.76962,-4.10466,11.85177,0.0001,0.45087
7213.71,BTC-27MAR20,1576925943354,open,2.06,5.6,1.9915,2.131,2.05550917,102.88,1.545,0.0,BTC-27MAR20-22000-P,7140.28,0.0,0.0015,10.0,0.0,0.0,0.0,2.73407,-1.45176,-57.86984,2e-05,-0.96703
7312.06,BTC-26JUN20,1576925943354,open,0.02,33.8,0.0065,0.052,0.02057047,91.03,0.021,0.0,BTC-26JUN20-22000-C,7140.28,89.16,0.0185,24.5,0.0225,12.1,92.69,8.30084,-2.01108,2.49721,3e-05,0.08692
7142.1,BTC-27DEC19,1576925943354,open,0.0,530.9,0.0005,0.0105,0.0,115.0,0.0005,0.0,BTC-27DEC19-32000-C,7140.28,0.0,0.0,0.0,0.0005,0.4,402.4,0.0,0.0,0.0,0.0,0.0
7142.1,BTC-27DEC19,1576925943354,open,0.0,1298.2,0.0005,0.0105,0.00029019,115.0,0.0005,0.0,BTC-27DEC19-5000-P,7140.28,0.0,0.0,0.0,0.001,28.2,135.57,0.15231,-1.49048,-0.00714,2e-05,-0.00592
7169.63,SYN.BTC-31JAN20,1576925943353,open,0.02,355.2,0.01,0.045,0.02331007,65.29,0.0255,0.0,BTC-31JAN20-6000-P,7140.28,64.93,0.023,5.1,0.024,3.0,66.08,6.24384,-4.98656,-1.61353,0.00017,-0.17765
7142.1,BTC-27DEC19,1576925943354,open,0.0,110.2,0.0005,0.0105,0.00022649,115.0,0.0005,0.0,BTC-27DEC19-10500-C,7140.28,0.0,0.0,0.0,0.0005,0.1,125.72,0.13362,-1.30762,0.00562,1e-05,0.00511
7213.71,BTC-27MAR20,1576925943354,open,0.01,507.5,0.0005,0.0235,0.00678876,98.43,0.0075,0.0,BTC-27MAR20-20000-C,7140.28,95.3,0.0055,9.1,0.008,15.0,101.05,3.16536,-1.60813,0.62495,2e-05,0.03943
7213.71,BTC-27MAR20,1576925943354,open,3.17,0.0,3.078,3.2565,3.1618419,114.9,None,0.0,BTC-27MAR20-30000-P,7140.28,0.0,0.0015,10.0,0.0,0.0,0.0,1.59449,-0.94555,-79.35088,1e-05,-0.98265
7142.1,BTC-27DEC19,1576925943354,open,0.0,986.6,0.0005,0.0105,8.81e-06,115.0,0.0005,0.0,BTC-27DEC19-12000-C,7140.28,0.0,0.0,0.0,0.0005,21.0,162.28,0.00838,-0.0629,0.00027,0.0,0.00025
7312.06,BTC-26JUN20,1576925943354,open,1.76,0.1,1.6915,1.844,1.75978086,88.65,1.85,0.0,BTC-26JUN20-20000-P,7140.28,0.0,0.0,0.0,2.05,0.1,207.58,9.41445,-2.22115,-99.98961,4e-05,-0.89689
7312.06,BTC-26JUN20,1576925943354,open,3.12,0.0,3.026,3.2215,3.11534623,99.67,None,0.0,BTC-26JUN20-30000-P,7140.28,0.0,0.002,1.0,0.0,0.0,0.0,5.666,-1.50297,-152.89589,2e-05,-0.94701
7312.06,BTC-26JUN20,1576925943354,open,1.23,5.0,1.1645,1.3045,1.22668243,83.5,1.22,0.0,BTC-26JUN20-16000-P,7140.28,0.0,0.56,1.0,2.0,0.1,422.03,12.59636,-2.79906,-77.90442,5e-05,-0.8432
7142.1,BTC-27DEC19,1576925943354,open,2.64,0.0,2.5695,2.7145,2.64038588,132.81,None,0.0,BTC-27DEC19-26000-P,7140.28,0.0,0.0005,1.0,0.0,0.0,0.0,0.0,0.0,-4.18543,0.0,-1.0
7142.1,BTC-27DEC19,1576925943355,open,5.73,0.0,5.589,5.8575,5.7207124,125.0,None,0.0,BTC-27DEC19-48000-P,7140.28,0.0,0.0005,1.0,0.0,0.0,0.0,0.0,0.0,-7.72694,0.0,-1.0
7169.63,SYN.BTC-31JAN20,1576925943353,open,0.34,4.8,0.305,0.3745,0.33689458,65.54,0.3445,0.0,BTC-31JAN20-9500-P,7140.28,0.0,0.0015,10.0,0.0,0.0,0.0,4.80769,-3.85425,-9.7683,0.00013,-0.87971
7213.71,BTC-27MAR20,1576925943355,open,2.89,0.0,2.8065,2.9755,2.88524477,113.11,None,0.0,BTC-27MAR20-28000-P,7140.28,0.0,0.0015,10.0,0.0,0.0,0.0,1.86605,-1.0894,-73.98763,1e-05,-0.97912
7213.71,BTC-27MAR20,1576925943356,open,0.0,159.1,0.0005,0.019,0.00477618,106.21,0.004,0.0,BTC-27MAR20-24000-C,7140.28,101.85,0.0035,12.0,0.006,22.0,109.72,2.33278,-1.27882,0.42986,2e-05,0.02723
7142.1,BTC-27DEC19,1576925943356,open,0.0,394.4,0.0005,0.0105,0.0,115.0,0.0005,0.0,BTC-27DEC19-16000-C,7140.28,0.0,0.0,0.0,0.0025,31.0,286.72,0.0,0.0,0.0,0.0,0.0
7312.06,BTC-26JUN20,1576925943356,open,0.02,69.2,0.0045,0.043,0.01530832,95.32,0.0155,0.0,BTC-26JUN20-26000-C,7140.28,93.26,0.0135,17.0,0.017,12.0,97.12,6.66272,-1.69023,1.87552,3e-05,0.06514
7213.71,BTC-27MAR20,1576925943356,open,0.15,564.6,0.116,0.1905,0.15008324,66.88,0.151,0.0,BTC-27MAR20-7000-C,7140.28,65.33,0.147,0.1,0.1525,2.0,68.1,14.33507,-4.94856,8.66011,0.00016,0.6024
7169.63,SYN.BTC-31JAN20,1576925943354,open,0.01,461.7,0.0005,0.0235,0.0085316,67.98,0.01,0.0,BTC-31JAN20-10000-C,7140.28,66.0,0.0075,42.5,0.0095,62.0,69.74,3.85432,-3.20516,0.64369,0.0001,0.0887
7142.1,BTC-27DEC19,1576925943357,open,0.0,961.6,0.0005,0.0105,0.0,115.0,0.001,0.0,BTC-27DEC19-30000-C,7140.28,0.0,0.0,0.0,0.0005,0.9,387.66,0.0,0.0,0.0,0.0,0.0
7312.06,BTC-26JUN20,1576925943357,open,0.11,336.7,0.0745,0.155,0.10944207,72.24,0.102,0.0,BTC-26JUN20-6000-P,7140.28,70.33,0.105,7.5,0.113,17.5,73.76,17.04487,-3.27684,-13.9368,9e-05,-0.26085
7213.71,BTC-27MAR20,1576925943357,open,2.61,0.0,2.5345,2.692,2.60799629,108.18,None,0.0,BTC-27MAR20-26000-P,7140.28,0.0,0.0015,10.0,0.0,0.0,0.0,1.92038,-1.07223,-68.6656,1e-05,-0.9784
7169.63,SYN.BTC-31JAN20,1576925943354,open,0.19,10.5,0.162,0.214,0.18645075,65.29,0.1275,0.0,BTC-31JAN20-6000-C,7140.28,40.29,0.1685,6.0,0.211,6.0,91.0,6.24411,-4.98709,5.10564,0.00017,0.82234
7169.63,SYN.BTC-31JAN20,1576925943354,open,0.04,522.4,0.024,0.072,0.04101386,62.31,0.0385,0.0,BTC-31JAN20-6500-P,7140.28,61.41,0.04,2.0,0.0425,2.0,63.62,8.11569,-6.18571,-2.60009,0.00023,-0.28282
7169.63,SYN.BTC-31JAN20,1576925943354,open,0.01,354.7,0.0005,0.0205,0.00766497,76.51,0.0075,0.0,BTC-31JAN20-5000-P,7140.28,74.86,0.007,47.4,0.0085,6.0,78.5,2.94381,-2.75515,-0.56185,7e-05,-0.06231
7169.63,SYN.BTC-31JAN20,1576925943354,open,0.01,182.7,0.002,0.029,0.01186712,65.55,0.012,0.0,BTC-31JAN20-9500-C,7140.28,63.45,0.0105,41.5,0.013,41.5,67.2,4.80869,-3.85555,0.87082,0.00013,0.12032
7169.63,SYN.BTC-31JAN20,1576925943355,open,0.06,234.5,0.042,0.0985,0.06208585,60.96,0.063,0.0,BTC-31JAN20-7500-C,7140.28,57.87,0.058,19.5,0.062,1.0,60.89,9.50445,-7.08715,3.13634,0.00027,0.45271
7169.63,SYN.BTC-31JAN20,1576925943355,open,0.04,213.7,0.024,0.0735,0.04009273,60.96,0.037,0.0,BTC-31JAN20-8000-C,7140.28,58.81,0.0375,17.5,0.041,8.0,61.7,8.70694,-6.49245,2.34142,0.00025,0.33171
7169.63,SYN.BTC-31JAN20,1576925943354,open,0.0,34.7,0.0005,0.0145,0.00404089,76.32,0.0055,0.0,BTC-31JAN20-11500-C,7140.28,72.57,0.003,36.0,0.005,36.0,79.28,2.17166,-2.02727,0.30878,5e-05,0.0425
7169.63,SYN.BTC-31JAN20,1576925943354,open,0.25,2.0,0.2245,0.271,0.24625445,70.36,0.257,0.0,BTC-31JAN20-5500-C,7140.28,40.46,0.234,6.0,0.2665,6.0,97.85,4.41702,-3.80148,5.19433,0.00011,0.89319
7169.63,SYN.BTC-31JAN20,1576925943352,open,0.01,233.8,0.0005,0.0175,0.00526018,74.16,0.006,0.0,BTC-31JAN20-11000-C,7140.28,72.02,0.0045,5.0,0.006,20.0,76.08,2.65833,-2.41145,0.39713,6e-05,0.05472
7169.63,SYN.BTC-31JAN20,1576925943354,open,0.61,0.0,0.574,0.648,0.60802125,76.29,None,0.0,BTC-31JAN20-11500-P,7140.28,0.0,0.0015,10.0,0.0,0.0,0.0,2.1694,-2.02454,-12.57024,5e-05,-0.95756
7169.63,SYN.BTC-31JAN20,1576925943356,open,0.54,0.0,0.506,0.579,0.53950227,74.14,None,0.0,BTC-31JAN20-11000-P,7140.28,0.0,0.0015,10.0,0.0,0.0,0.0,2.6564,-2.40911,-11.92192,6e-05,-0.94533
127.3,ETH-27DEC19,1576925943377,open,0.26,13324.0,0.221,0.299,0.257896,89.24,0.302,0.0,ETH-27DEC19-160-P,127.15,0.0,0.236,20.0,0.284,20.0,196.64,0.00939,-0.07132,-0.02527,0.00403,-0.97515
127.3,ETH-27DEC19,1576925943382,open,0.18,1240.0,0.145,0.218,0.179865,73.05,0.186,0.0,ETH-27DEC19-150-P,127.15,0.0,0.158,22.0,0.207,22.0,166.65,0.01458,-0.09062,-0.02331,0.00765,-0.95765
127.8,ETH-27MAR20,1576925943905,open,0.04,7522.0,0.01,0.059,0.029016,93.56,0.028,0.0,ETH-27MAR20-240-C,127.15,90.0,0.025,300.0,0.032,150.0,96.07,0.14876,-0.07183,0.03871,0.00367,0.14313
127.3,ETH-27DEC19,1576925943905,open,0.0,16676.0,0.001,0.011,0.0,120.0,0.002,0.0,ETH-27DEC19-640-C,127.15,0.0,0.0,0.0,0.004,249.0,500.0,0.0,0.0,0.0,0.0,0.0
128.45,ETH-26JUN20,1576925943905,open,0.03,667.0,0.007,0.056,0.024631,102.04,0.029,0.0,ETH-26JUN20-440-C,127.15,98.89,0.021,140.0,0.028,290.0,104.74,0.15469,-0.04201,0.04594,0.00179,0.09412
127.3,ETH-27DEC19,1576925943907,open,0.34,1.0,0.297,0.379,0.335938,98.59,0.283,0.0,ETH-27DEC19-170-P,127.15,0.0,0.001,10.0,1.442,10.0,500.0,0.00513,-0.04303,-0.02713,0.00199,-0.98777
127.3,ETH-27DEC19,1576925943907,open,0.0,7053.0,0.001,0.011,1e-06,120.0,0.001,0.0,ETH-27DEC19-240-C,127.15,0.0,0.0,0.0,0.001,35.0,208.75,2e-05,-9e-05,0.0,0.0,2e-05
127.3,ETH-27DEC19,1576925943907,open,4.66,0.0,4.492,4.83,4.655931,125.0,None,0.0,ETH-27DEC19-720-P,127.15,0.0,0.004,50.0,0.0,0.0,0.0,0.0,0.0,-0.1159,0.0,-1.0
127.8,ETH-27MAR20,1576925943958,open,0.0,5151.0,0.001,0.012,0.002568,120.0,0.004,0.0,ETH-27MAR20-600-C,127.15,122.2,0.003,228.0,0.004,3.0,126.54,0.02375,-0.01471,0.00394,0.00046,0.01418
127.3,ETH-27DEC19,1576925943961,open,0.0,1104.0,0.001,0.011,0.000247,120.0,0.001,0.0,ETH-27DEC19-190-C,127.15,0.0,0.0,0.0,0.001,25.0,141.91,0.00247,-0.02521,0.0001,0.00079,0.00532
128.45,ETH-26JUN20,1576925943961,open,0.16,174.0,0.106,0.214,0.159426,83.81,0.173,0.0,ETH-26JUN20-160-C,127.15,81.56,0.153,320.0,0.165,320.0,85.76,0.36688,-0.08183,0.20814,0.00515,0.47423
127.8,ETH-27MAR20,1576925943963,open,0.01,1264.0,0.004,0.037,0.014603,103.98,0.015,0.0,ETH-27MAR20-320-C,127.15,101.69,0.013,200.0,0.016,260.0,105.86,0.09239,-0.04958,0.0202,0.00205,0.07415
127.3,ETH-27DEC19,1576925943963,open,0.0,4466.0,0.001,0.011,0.001447,102.77,0.001,0.0,ETH-27DEC19-100-P,127.15,0.0,0.0,0.0,0.003,500.0,118.08,0.01027,-0.08985,-0.0006,0.00383,-0.02766
128.45,ETH-26JUN20,1576925943963,open,0.02,133.0,0.004,0.044,0.017053,108.21,0.022,0.0,ETH-26JUN20-560-C,127.15,104.68,0.014,140.0,0.02,140.0,111.27,0.11785,-0.03394,0.03218,0.00128,0.06572
127.3,ETH-27DEC19,1576925943963,open,0.0,5267.0,0.001,0.011,0.000507,114.95,0.001,0.0,ETH-27DEC19-180-C,127.15,0.0,0.0,0.0,0.001,25.0,125.69,0.00455,-0.04452,0.00021,0.00152,0.01066
127.3,ETH-27DEC19,1576925943963,open,0.0,4535.0,0.001,0.011,0.0,120.0,0.002,0.0,ETH-27DEC19-760-C,127.15,0.0,0.0,0.0,0.002,99.0,500.0,0.0,0.0,0.0,0.0,0.0
127.8,ETH-27MAR20,1576925943965,open,0.4,20.0,0.369,0.428,0.398366,84.44,0.613,0.0,ETH-27MAR20-80-C,127.15,47.22,0.376,44.0,0.419,44.0,105.23,0.11366,-0.04954,0.17091,0.00311,0.90222
127.3,ETH-27DEC19,1576925943965,open,0.0,7679.0,0.001,0.011,8e-06,120.0,0.001,0.0,ETH-27DEC19-220-C,127.15,0.0,0.0,0.0,0.001,225.0,184.39,0.00013,-0.00102,0.0,4e-05,0.00022
127.3,ETH-27DEC19,1576925943965,open,0.5,0.0,0.45,0.541,0.492784,120.0,0.438,0.0,ETH-27DEC19-190-P,127.15,0.0,0.17,30.0,0.0,0.0,0.0,0.00247,-0.02521,-0.03048,0.00079,-0.99468
127.3,ETH-27DEC19,1576925943965,open,0.73,2830.0,0.678,0.782,0.728209,120.0,0.65,0.0,ETH-27DEC19-220-P,127.15,0.0,0.001,9.0,0.0,0.0,0.0,0.00013,-0.00136,-0.03541,4e-05,-0.99978
127.49,SYN.ETH-31JAN20,1576925943965,open,0.0,638.0,0.001,0.012,0.002536,98.51,0.005,0.0,ETH-31JAN20-260-C,127.15,87.31,0.001,482.0,0.004,260.0,105.4,0.02318,-0.02793,0.00291,0.00129,0.02292
127.49,SYN.ETH-31JAN20,1576925943965,open,0.89,0.0,0.829,0.95,0.886042,94.21,None,0.0,ETH-31JAN20-240-P,127.15,0.0,0.01,50.0,0.0,0.0,0.0,0.03082,-0.03551,-0.26468,0.0018,-0.96775
128.45,ETH-26JUN20,1576925943967,open,0.01,625.0,0.003,0.038,0.013546,110.98,0.013,0.0,ETH-26JUN20-640-C,127.15,107.46,0.011,140.0,0.016,140.0,114.0,0.09916,-0.02929,0.02591,0.00105,0.05274
128.45,ETH-26JUN20,1576925943967,open,0.03,1119.0,0.008,0.061,0.027645,98.84,0.036,0.0,ETH-26JUN20-400-C,127.15,96.77,0.025,140.0,0.03,3.0,100.59,0.16889,-0.04442,0.0519,0.00201,0.10614
127.8,ETH-27MAR20,1576925943967,open,1.83,7.0,1.738,1.931,1.82845,108.8,1.702,0.0,ETH-27MAR20-360-P,127.15,0.0,0.01,30.0,0.0,0.0,0.0,0.07691,-0.04319,-0.93955,0.00163,-0.94148
127.8,ETH-27MAR20,1576925943967,open,0.28,1.0,0.238,0.317,0.278171,79.58,0.337,0.0,ETH-27MAR20-100-C,127.15,77.44,0.275,1.0,0.307,43.0,98.39,0.19023,-0.07813,0.17331,0.00551,0.78911
127.3,ETH-27DEC19,1576925943967,open,0.0,2179.0,0.001,0.011,0.0,120.0,0.001,0.0,ETH-27DEC19-300-C,127.15,0.0,0.0,0.0,0.003,249.0,308.87,0.0,0.0,0.0,0.0,0.0
127.49,SYN.ETH-31JAN20,1576925943967,open,0.58,0.0,0.526,0.633,0.576852,84.09,None,0.0,ETH-31JAN20-200-P,127.15,0.0,0.01,50.0,0.0,0.0,0.0,0.05868,-0.06035,-0.21483,0.00383,-0.92778
127.49,SYN.ETH-31JAN20,1576925943967,open,0.01,783.0,0.001,0.023,0.00813,84.09,0.01,0.0,ETH-31JAN20-200-C,127.15,79.08,0.006,630.0,0.01,480.0,87.93,0.05868,-0.06035,0.00915,0.00383,0.07222
128.45,ETH-26JUN20,1576925943969,open,0.1,803.0,0.046,0.138,0.088393,88.23,0.1,0.0,ETH-26JUN20-220-C,127.15,86.04,0.083,180.0,0.093,132.0,90.07,0.31887,-0.07487,0.13781,0.00426,0.29682
128.45,ETH-26JUN20,1576925943969,open,0.08,538.0,0.035,0.121,0.073892,89.26,0.071,0.0,ETH-26JUN20-240-C,127.15,86.68,0.068,318.0,0.079,138.0,91.45,0.29649,-0.07043,0.12037,0.00391,0.25594
127.3,ETH-27DEC19,1576925943971,open,0.0,6665.0,0.001,0.011,0.0,120.0,0.001,0.0,ETH-27DEC19-480-C,127.15,0.0,0.0,0.0,0.001,12.0,387.98,0.0,0.0,0.0,0.0,0.0
127.8,ETH-27MAR20,1576925943976,open,0.0,2330.0,0.001,0.018,0.004794,120.0,0.007,0.0,ETH-27MAR20-520-C,127.15,113.06,0.003,220.0,0.007,220.0,126.44,0.03841,-0.02379,0.00684,0.00074,0.02495
127.3,ETH-27DEC19,1576925943978,open,0.42,4507.0,0.373,0.46,0.41449,114.95,0.432,0.0,ETH-27DEC19-180-P,127.15,0.0,0.001,9.0,1.2,5.0,500.0,0.00455,-0.04452,-0.02877,0.00152,-0.98934
127.8,ETH-27MAR20,1576925943978,open,0.22,642.0,0.164,0.272,0.217168,77.21,0.239,0.0,ETH-27MAR20-140-P,127.15,56.59,0.175,33.0,0.231,320.0,83.94,0.26254,-0.10463,-0.24736,0.00784,-0.51209
127.3,ETH-27DEC19,1576925943978,open,0.0,1346.0,0.001,0.011,0.0,120.0,0.001,0.0,ETH-27DEC19-380-C,127.15,0.0,0.0,0.0,0.001,2.0,329.98,0.0,0.0,0.0,0.0,0.0
127.8,ETH-27MAR20,1576925943978,open,0.0,1222.0,0.001,0.011,0.001909,120.0,0.003,0.0,ETH-27MAR20-640-C,127.15,120.61,0.002,240.0,0.006,248.0,137.66,0.01879,-0.01164,0.00302,0.00036,0.01082
128.45,ETH-26JUN20,1576925943978,open,0.95,4.0,0.857,1.035,0.942323,89.26,0.934,0.0,ETH-26JUN20-240-P,127.15,0.0,0.01,50.0,0.0,0.0,0.0,0.29649,-0.07043,-1.11498,0.00391,-0.74406
128.45,ETH-26JUN20,1576925943980,open,0.02,330.0,0.006,0.051,0.021117,103.9,0.025,0.0,ETH-26JUN20-480-C,127.15,100.88,0.018,140.0,0.024,140.0,106.47,0.1388,-0.03838,0.03985,0.00157,0.08139
127.3,ETH-27DEC19,1576925943980,open,3.72,0.0,3.576,3.859,3.713276,125.0,0.953,0.0,ETH-27DEC19-600-P,127.15,0.0,0.02,50.0,0.0,0.0,0.0,0.0,0.0,-0.09659,0.0,-1.0
127.8,ETH-27MAR20,1576925943980,open,0.01,1440.0,0.003,0.035,0.012562,118.64,0.01,0.0,ETH-27MAR20-400-C,127.15,112.18,0.009,3.0,0.016,150.0,123.9,0.07764,-0.04754,0.01583,0.00151,0.05923
128.45,ETH-26JUN20,1576925943980,open,0.02,247.0,0.009,0.042,0.022335,87.1,0.017,0.0,ETH-26JUN20-60-P,127.15,80.75,0.017,150.0,0.028,235.0,93.2,0.11396,-0.02642,-0.05638,0.00154,-0.06294
127.49,SYN.ETH-31JAN20,1576925943980,open,0.43,25.0,0.377,0.479,0.425994,79.1,0.35,0.0,ETH-31JAN20-180-P,127.15,0.0,0.012,5.0,0.0,0.0,0.0,0.08579,-0.083,-0.18634,0.00596,-0.87912
127.3,ETH-27DEC19,1576925943982,open,0.0,1632.0,0.001,0.011,0.00051,98.59,0.002,0.0,ETH-27DEC19-170-C,127.15,0.0,0.0,0.0,0.001,25.0,108.13,0.00513,-0.04303,0.00024,0.00199,0.01223
127.8,ETH-27MAR20,1576925943982,open,0.19,118.0,0.141,0.228,0.185244,77.21,0.19,0.0,ETH-27MAR20-120-C,127.15,59.98,0.152,47.0,0.216,47.0,93.2,0.24643,-0.09821,0.15409,0.00736,0.63953
127.3,ETH-27DEC19,1576925943982,open,0.0,980.0,0.001,0.011,0.0,120.0,0.001,0.0,ETH-27DEC19-340-C,127.15,0.0,0.0,0.0,0.001,8.0,301.6,0.0,0.0,0.0,0.0,0.0
127.3,ETH-27DEC19,1576925943982,open,3.41,0.0,3.271,3.535,3.399057,125.0,0.845,0.0,ETH-27DEC19-560-P,127.15,0.0,0.02,50.0,0.0,0.0,0.0,0.0,0.0,-0.09015,0.0,-1.0
127.49,SYN.ETH-31JAN20,1576925943982,open,0.0,824.0,0.001,0.013,0.003575,94.21,0.006,0.0,ETH-31JAN20-240-C,127.15,86.46,0.002,630.0,0.005,160.0,99.5,0.03082,-0.03551,0.00409,0.0018,0.03225
127.3,ETH-27DEC19,1576925943984,open,0.22,1.0,0.191,0.242,0.215901,102.77,0.276,0.0,ETH-27DEC19-100-C,127.15,0.0,0.001,9.0,0.0,0.0,0.0,0.01027,-0.08985,0.0155,0.00383,0.97234
127.3,ETH-27DEC19,1576925943984,open,0.0,2232.0,0.001,0.011,0.0,120.0,0.001,0.0,ETH-27DEC19-320-C,127.15,0.0,0.0,0.0,0.003,249.0,327.46,0.0,0.0,0.0,0.0,0.0
128.45,ETH-26JUN20,1576925943984,open,1.53,0.0,1.439,1.642,1.534396,94.95,1.06,0.0,ETH-26JUN20-320-P,127.15,0.0,0.015,2.0,0.0,0.0,0.0,0.22313,-0.05638,-1.57066,0.00277,-0.84119
128.45,ETH-26JUN20,1576925943984,open,0.02,308.0,0.003,0.039,0.014602,109.0,0.017,0.0,ETH-26JUN20-600-C,127.15,105.64,0.012,140.0,0.017,140.0,111.78,0.10551,-0.03061,0.02806,0.00114,0.05705
128.45,ETH-26JUN20,1576925943986,open,0.04,311.0,0.016,0.083,0.043155,94.95,0.04,0.0,ETH-26JUN20-320-C,127.15,92.5,0.039,180.0,0.047,150.0,97.12,0.22313,-0.05638,0.07646,0.00277,0.15881
127.3,ETH-27DEC19,1576925943986,open,0.0,4550.0,0.001,0.011,0.0,120.0,0.001,0.0,ETH-27DEC19-260-C,127.15,0.0,0.0,0.0,0.001,18.0,230.7,0.0,-1e-05,0.0,0.0,0.0
127.8,ETH-27MAR20,1576925943986,open,0.04,1225.0,0.013,0.069,0.036161,90.47,0.035,0.0,ETH-27MAR20-220-C,127.15,88.83,0.034,1.0,0.038,449.0,91.84,0.17009,-0.07942,0.0473,0.00434,0.1756
128.45,ETH-26JUN20,1576925943986,open,0.06,547.0,0.023,0.1,0.055818,92.48,0.066,0.0,ETH-26JUN20-280-C,127.15,90.04,0.051,180.0,0.06,145.0,94.54,0.25778,-0.06345,0.09514,0.00328,0.19971
127.8,ETH-27MAR20,1576925943986,open,0.06,367.0,0.032,0.095,0.060644,79.58,0.099,0.0,ETH-27MAR20-100-P,127.15,77.12,0.057,320.0,0.065,462.0,82.49,0.19023,-0.07813,-0.0921,0.00551,-0.21089
127.3,ETH-27DEC19,1576925943986,open,0.0,11488.0,0.001,0.011,0.0,120.0,0.001,0.0,ETH-27DEC19-440-C,127.15,0.0,0.0,0.0,0.001,198.0,366.62,0.0,0.0,0.0,0.0,0.0
127.3,ETH-27DEC19,1576925943986,open,0.57,3511.0,0.526,0.62,0.571174,120.0,0.726,0.0,ETH-27DEC19-200-P,127.15,0.0,0.025,5.0,0.0,0.0,0.0,0.00099,-0.01007,-0.03216,0.00032,-0.99808
127.3,ETH-27DEC19,1576925943988,open,4.35,1.0,4.187,4.506,4.341712,125.0,2.792,0.0,ETH-27DEC19-680-P,127.15,0.0,0.02,50.0,0.0,0.0,0.0,0.0,0.0,-0.10946,0.0,-1.0
127.3,ETH-27DEC19,1576925943988,open,0.0,1759.0,0.001,0.011,0.0,120.0,0.001,0.0,ETH-27DEC19-360-C,127.15,0.0,0.0,0.0,0.003,249.0,360.74,0.0,0.0,0.0,0.0,0.0
127.8,ETH-27MAR20,1576925943988,open,0.01,588.0,0.002,0.032,0.011549,108.8,0.015,0.0,ETH-27MAR20-360-C,127.15,106.12,0.01,69.0,0.013,260.0,111.13,0.07691,-0.04319,0.01593,0.00163,0.05852
127.3,ETH-27DEC19,1576925943988,open,0.0,5211.0,0.001,0.011,0.001546,73.05,0.002,0.0,ETH-27DEC19-150-C,127.15,67.67,0.001,801.0,0.002,51.0,76.73,0.01458,-0.09062,0.00084,0.00765,0.04235
127.49,SYN.ETH-31JAN20,1576925943988,open,0.02,1204.0,0.008,0.045,0.022755,79.21,0.023,0.0,ETH-31JAN20-100-P,127.15,76.9,0.021,160.0,0.025,260.0,82.08,0.0982,-0.09514,-0.02425,0.00681,-0.14712
127.3,ETH-27DEC19,1576925943990,open,1.83,257.0,1.746,1.915,1.827965,120.0,0.995,0.0,ETH-27DEC19-360-P,127.15,0.0,0.02,50.0,0.0,0.0,0.0,0.0,0.0,-0.05795,0.0,-1.0
128.45,ETH-26JUN20,1576925943990,open,1.24,0.0,1.145,1.336,1.235654,92.48,None,0.0,ETH-26JUN20-280-P,127.15,0.0,0.011,3.0,0.0,0.0,0.0,0.25778,-0.06345,-1.3461,0.00328,-0.80029
127.3,ETH-27DEC19,1576925943990,open,0.0,21055.0,0.001,0.011,0.0,120.0,0.001,0.0,ETH-27DEC19-600-C,127.15,0.0,0.0,0.0,0.001,597.0,441.62,0.0,0.0,0.0,0.0,0.0
128.45,ETH-26JUN20,1576925943990,open,0.04,753.0,0.012,0.072,0.035154,97.67,0.033,0.0,ETH-26JUN20-360-C,127.15,94.87,0.031,180.0,0.039,330.0,100.12,0.19627,-0.05101,0.06355,0.00237,0.13127
127.8,ETH-27MAR20,1576925943992,open,0.05,2384.0,0.019,0.081,0.045692,86.77,0.053,0.0,ETH-27MAR20-200-C,127.15,84.98,0.043,2.0,0.048,487.0,88.27,0.19401,-0.08688,0.0585,0.00516,0.21817
127.8,ETH-27MAR20,1576925943992,open,0.01,1168.0,0.001,0.027,0.008729,118.64,0.009,0.0,ETH-27MAR20-440-C,127.15,109.27,0.005,261.0,0.008,260.0,117.04,0.06013,-0.03682,0.01161,0.00117,0.04297
127.8,ETH-27MAR20,1576925943992,open,0.08,1300.0,0.048,0.128,0.085839,80.94,0.093,0.0,ETH-27MAR20-160-C,127.15,77.93,0.08,439.0,0.091,169.0,83.58,0.24871,-0.1039,0.09658,0.00709,0.37056
127.49,SYN.ETH-31JAN20,1576925943990,open,0.73,1.0,0.677,0.791,0.730728,89.07,0.739,0.0,ETH-31JAN20-220-P,127.15,0.0,0.01,50.0,0.0,0.0,0.0,0.04142,-0.04513,-0.24049,0.00255,-0.95364
127.3,ETH-27DEC19,1576925943992,open,0.0,12837.0,0.001,0.011,8.2e-05,120.0,0.001,0.0,ETH-27DEC19-200-C,127.15,0.0,0.0,0.0,0.001,299.0,157.01,0.00099,-0.01007,4e-05,0.00032,0.00192
127.3,ETH-27DEC19,1576925943992,open,4.04,0.0,3.882,4.182,4.027494,125.0,None,0.0,ETH-27DEC19-640-P,127.15,0.0,0.02,50.0,0.0,0.0,0.0,0.0,0.0,-0.10303,0.0,-1.0
128.45,ETH-26JUN20,1576925943992,open,0.29,1311.0,0.226,0.356,0.289989,82.27,0.279,0.0,ETH-26JUN20-140-P,127.15,76.63,0.274,210.0,0.31,243.0,89.36,0.36358,-0.0796,-0.4831,0.0052,-0.44068
128.45,ETH-26JUN20,1576925943994,open,0.33,1.0,0.286,0.38,0.334112,81.96,0.38,0.0,ETH-26JUN20-100-C,127.15,65.84,0.299,48.0,0.365,48.0,95.87,0.28375,-0.06189,0.28434,0.00408,0.76417
127.3,ETH-27DEC19,1576925943994,open,0.0,6174.0,0.001,0.011,0.0,120.0,0.001,0.0,ETH-27DEC19-720-C,127.15,0.0,0.0,0.0,0.003,99.0,500.0,0.0,0.0,0.0,0.0,0.0
127.49,SYN.ETH-31JAN20,1576925943994,open,0.01,1178.0,0.001,0.016,0.005133,89.07,0.006,0.0,ETH-31JAN20-220-C,127.15,81.43,0.003,630.0,0.007,480.0,94.3,0.04142,-0.04513,0.00589,0.00255,0.04636
128.45,ETH-26JUN20,1576925943996,open,0.05,1006.0,0.028,0.087,0.054801,82.55,0.055,0.0,ETH-26JUN20-80-P,127.15,78.81,0.049,139.0,0.061,250.0,86.45,0.20173,-0.04432,-0.12656,0.00288,-0.13662
127.3,ETH-27DEC19,1576925943996,open,0.0,6346.0,0.001,0.011,0.001022,89.24,0.001,0.0,ETH-27DEC19-160-C,127.15,0.0,0.0,0.0,0.002,203.0,99.84,0.00939,-0.07131,0.00049,0.00403,0.02485
127.3,ETH-27DEC19,1576925943996,open,0.0,11105.0,0.001,0.011,0.0,120.0,0.002,0.0,ETH-27DEC19-560-C,127.15,0.0,0.0,0.0,0.004,249.0,496.67,0.0,0.0,0.0,0.0,0.0
128.45,ETH-26JUN20,1576925943996,open,0.43,0.0,0.395,0.469,0.431991,82.55,None,0.0,ETH-26JUN20-80-C,127.15,64.65,0.406,48.0,0.457,48.0,97.83,0.20173,-0.04432,0.28522,0.00288,0.86338
128.45,ETH-26JUN20,1576925943996,open,0.24,171.0,0.198,0.3,0.249981,78.92,0.276,0.0,ETH-26JUN20-120-C,127.15,66.48,0.217,50.0,0.268,210.0,85.77,0.33893,-0.07119,0.26886,0.00506,0.65663
127.3,ETH-27DEC19,1576925943996,open,4.98,1.0,4.797,5.154,4.970149,125.0,3.236,0.0,ETH-27DEC19-760-P,127.15,0.0,0.02,50.0,0.0,0.0,0.0,0.0,0.0,-0.12234,0.0,-1.0
127.3,ETH-27DEC19,1576925943998,open,0.0,10814.0,0.001,0.011,0.0,120.0,0.001,0.0,ETH-27DEC19-400-C,127.15,0.0,0.0,0.0,0.001,1.0,342.89,0.0,0.0,0.0,0.0,0.0
128.45,ETH-26JUN20,1576925943998,open,0.55,1.0,0.53,0.581,0.555227,87.1,0.69,0.0,ETH-26JUN20-60-C,127.15,0.0,0.01,50.0,0.0,0.0,0.0,0.11396,-0.02642,0.25246,0.00154,0.93706
127.8,ETH-27MAR20,1576925944000,open,0.01,1637.0,0.001,0.021,0.006154,118.64,0.013,0.0,ETH-27MAR20-480-C,127.15,111.87,0.004,220.0,0.008,220.0,123.27,0.04661,-0.02854,0.00859,0.00091,0.03147
127.8,ETH-27MAR20,1576925944000,open,0.0,885.0,0.001,0.014,0.003489,120.0,0.004,0.0,ETH-27MAR20-560-C,127.15,112.41,0.002,220.0,0.006,97.0,128.75,0.03015,-0.01867,0.00517,0.00058,0.01873
127.3,ETH-27DEC19,1576925944002,open,0.0,12762.0,0.001,0.011,0.0,120.0,0.001,0.0,ETH-27DEC19-680-C,127.15,0.0,0.0,0.0,0.004,249.0,500.0,0.0,0.0,0.0,0.0,0.0
128.45,ETH-26JUN20,1576925944006,open,0.41,839.0,0.334,0.479,0.405047,83.81,0.394,0.0,ETH-26JUN20-160-P,127.15,77.83,0.388,210.0,0.426,236.0,91.14,0.36688,-0.08183,-0.61542,0.00515,-0.52577
127.3,ETH-27DEC19,1576925944006,open,0.0,2113.0,0.001,0.011,0.0,120.0,0.001,0.0,ETH-27DEC19-280-C,127.15,0.0,0.0,0.0,0.001,1.0,250.67,0.0,0.0,0.0,0.0,0.0
127.3,ETH-27DEC19,1576925944006,open,0.0,13244.0,0.001,0.011,0.0,120.0,0.002,0.0,ETH-27DEC19-520-C,127.15,0.0,0.0,0.0,0.004,249.0,476.92,0.0,0.0,0.0,0.0,0.0
127.8,ETH-27MAR20,1576925944008,open,0.02,2402.0,0.006,0.047,0.020311,99.55,0.019,0.0,ETH-27MAR20-280-C,127.15,95.76,0.017,260.0,0.023,150.0,102.4,0.11683,-0.06003,0.02755,0.00271,0.10153
128.45,ETH-26JUN20,1576925944008,open,0.02,110.0,0.005,0.047,0.019058,106.32,0.024,0.0,ETH-26JUN20-520-C,127.15,103.1,0.016,140.0,0.022,140.0,109.15,0.12818,-0.03627,0.03586,0.00142,0.07329
127.49,SYN.ETH-31JAN20,1576925944008,open,0.24,0.0,0.206,0.27,0.238394,79.21,None,0.0,ETH-31JAN20-100-C,127.15,61.07,0.226,38.0,0.259,38.0,103.49,0.0982,-0.09514,0.08773,0.00681,0.85288
7142.1,BTC-27DEC19,1576925944225,open,0.19,3.0,0.167,0.2185,0.19114819,71.28,0.1865,0.0,BTC-27DEC19-8500-P,7140.28,0.0,0.1855,4.0,0.197,4.0,106.51,0.6182,-3.74985,-1.33489,0.00011,-0.9699
7142.1,BTC-27DEC19,1576925944227,open,0.09,14.4,0.0665,0.1185,0.0895658,55.46,0.087,0.0,BTC-27DEC19-7750-P,7140.28,0.0,0.0845,5.0,0.096,7.0,75.43,1.91834,-9.05303,-1.10308,0.00042,-0.86986
7142.09,BTC-27DEC19,1576925944265,open,0.51,4.3,0.5,0.5195,0.50994806,138.74,0.5625,0.0,BTC-27DEC19-3500-C,7140.28,0.0,0.5035,9.0,0.515,9.0,327.82,0.00069,-0.0081,0.5634,0.0,0.99998
7142.09,BTC-27DEC19,1576925944274,open,0.51,4.3,0.5,0.5195,0.50994806,138.74,0.5625,0.0,BTC-27DEC19-3500-C,7140.28,0.0,0.5035,11.0,0.515,9.0,327.82,0.00069,-0.0081,0.5634,0.0,0.99998
128.45,ETH-26JUN20,1576925944409,open,0.43,0.0,0.395,0.469,0.431991,82.55,None,0.0,ETH-26JUN20-80-C,127.15,63.88,0.405,48.0,0.457,48.0,97.83,0.20173,-0.04432,0.28522,0.00288,0.86338
128.45,ETH-26JUN20,1576925944420,open,0.33,1.0,0.286,0.38,0.334112,81.96,0.38,0.0,ETH-26JUN20-100-C,127.15,65.37,0.298,48.0,0.365,48.0,95.87,0.28375,-0.06189,0.28434,0.00408,0.76417
7142.09,BTC-27DEC19,1576925944433,open,5.17,0.0,5.04,5.286,5.16065303,0.0,3.46,0.0,BTC-27DEC19-44000-P,7140.28,0.0,0.001,1.0,0.0,0.0,0.0,0.0,0.0,-7.08303,0.0,-1.0
7169.63,SYN.BTC-31JAN20,1576925944433,open,0.11,172.4,0.083,0.15,0.10816307,60.96,0.105,0.0,BTC-31JAN20-7500-P,7140.28,57.81,0.104,18.0,0.1095,2.0,61.97,9.50444,-7.087,-5.26279,0.00027,-0.5473
7169.63,SYN.BTC-31JAN20,1576925944433,open,0.09,139.2,0.0705,0.13,0.09266026,60.96,0.0925,0.0,BTC-31JAN20-7000-C,7140.28,58.53,0.0895,7.4,0.0945,16.0,62.37,9.34422,-6.96753,3.96768,0.00027,0.58682
7169.63,SYN.BTC-31JAN20,1576925944441,open,0.07,145.1,0.048,0.1075,0.06900043,60.96,0.0715,0.0,BTC-31JAN20-7000-P,7140.28,60.96,0.069,2.0,0.071,8.0,62.49,9.34422,-6.96753,-3.87149,0.00027,-0.41318
7142.09,BTC-27DEC19,1576925944481,open,3.49,0.3,3.393,3.5715,3.48047493,0.0,2.744,0.0,BTC-27DEC19-32000-P,7140.28,0.0,0.0005,1.0,0.0,0.0,0.0,0.0,0.0,-5.15129,0.0,-1.0
7142.09,BTC-27DEC19,1576925944555,open,4.61,0.0,4.491,4.7145,4.60059366,0.0,2.58,0.0,BTC-27DEC19-40000-P,7140.28,0.0,0.001,1.0,0.0,0.0,0.0,0.0,0.0,-6.43912,0.0,-1.0
7142.09,BTC-27DEC19,1576925944555,open,0.12,890.0,0.099,0.1495,0.12256024,60.15,0.1235,0.0,BTC-27DEC19-8000-P,7140.28,53.28,0.1215,0.1,0.129,7.0,85.91,1.26663,-6.48312,-1.20581,0.00026,-0.92623
7142.09,BTC-27DEC19,1576925944575,open,0.23,77.4,0.2145,0.249,0.23064103,98.43,0.254,0.0,BTC-27DEC19-5500-C,7140.28,0.0,0.2295,0.1,0.2355,7.1,144.61,0.35503,-2.97386,0.8666,4e-05,0.98439
127.34,SYN.ETH-3JAN20,1576925944624,open,0.19,0.0,0.147,0.227,0.185619,71.02,None,0.0,ETH-3JAN20-150-P,127.15,0.0,0.0,0.0,0.0,0.0,0.0,0.04862,-0.13407,-0.04774,0.01197,-0.87723
127.34,SYN.ETH-3JAN20,1576925944624,open,0.03,15.0,0.008,0.054,0.027033,69.78,0.028,0.0,ETH-3JAN20-120-P,127.15,66.66,0.025,160.0,0.03,114.0,74.28,0.08341,-0.22602,-0.01478,0.0209,-0.30207
127.34,SYN.ETH-3JAN20,1576925944624,open,0.26,0.0,0.221,0.304,0.260567,77.5,None,0.0,ETH-3JAN20-160-P,127.15,0.0,0.0,0.0,0.0,0.0,0.0,0.03117,-0.0938,-0.0536,0.00703,-0.93266
127.34,SYN.ETH-3JAN20,1576925944624,open,0.01,309.0,0.001,0.023,0.007656,71.02,0.011,0.0,ETH-3JAN20-150-C,127.15,66.45,0.006,350.0,0.009,20.0,74.42,0.04862,-0.13407,0.00517,0.01197,0.12277
127.34,SYN.ETH-3JAN20,1576925944624,open,0.08,0.0,0.052,0.116,0.084662,69.78,None,0.0,ETH-3JAN20-120-C,127.15,64.14,0.081,120.0,0.086,38.0,71.81,0.08341,-0.22602,0.02755,0.0209,0.69793
127.34,SYN.ETH-3JAN20,1576925944624,open,0.0,100.0,0.001,0.016,0.004073,77.5,0.006,0.0,ETH-3JAN20-160-C,127.15,72.75,0.003,10.0,0.005,225.0,81.08,0.03117,-0.0938,0.00284,0.00703,0.06734
127.34,SYN.ETH-3JAN20,1576925944624,open,0.01,27.0,0.001,0.018,0.005378,91.03,0.004,0.0,ETH-3JAN20-100-P,127.15,84.96,0.004,200.0,0.007,375.0,97.27,0.03102,-0.10966,-0.00325,0.00596,-0.06693
127.34,SYN.ETH-3JAN20,1576925944624,open,0.22,0.0,0.192,0.248,0.22007,91.03,None,0.0,ETH-3JAN20-100-C,127.15,0.0,0.0,0.0,0.0,0.0,0.0,0.03102,-0.10966,0.03203,0.00596,0.93307
127.34,SYN.ETH-3JAN20,1576925944624,open,0.04,106.0,0.016,0.07,0.041705,68.05,0.04,0.0,ETH-3JAN20-130-C,127.15,63.07,0.038,120.0,0.045,225.0,72.46,0.09496,-0.25091,0.01883,0.0244,0.46098
128.45,ETH-26JUN20,1576925944925,open,0.24,171.0,0.198,0.3,0.249981,78.92,0.276,0.0,ETH-26JUN20-120-C,127.15,66.1,0.216,50.0,0.268,210.0,85.77,0.33893,-0.07119,0.26886,0.00506,0.65663
127.8,ETH-27MAR20,1576925944927,open,0.4,20.0,0.369,0.428,0.398366,84.44,0.613,0.0,ETH-27MAR20-80-C,127.15,42.37,0.375,44.0,0.419,44.0,105.23,0.11366,-0.04954,0.17091,0.00311,0.90222
127.8,ETH-27MAR20,1576925944983,open,0.22,642.0,0.164,0.272,0.217168,77.21,0.239,0.0,ETH-27MAR20-140-P,127.15,57.57,0.177,33.0,0.231,320.0,83.94,0.26254,-0.10463,-0.24736,0.00784,-0.51209
7142.09,BTC-27DEC19,1576925945247,open,0.51,4.3,0.5,0.5195,0.50994738,138.74,0.5625,0.0,BTC-27DEC19-3500-C,7140.28,0.0,0.5035,9.0,0.515,9.0,327.82,0.00069,-0.0081,0.5634,0.0,0.99998
7142.09,BTC-27DEC19,1576925945251,open,0.51,4.3,0.5,0.5195,0.50994738,138.74,0.5625,0.0,BTC-27DEC19-3500-C,7140.28,0.0,0.5035,11.0,0.515,9.0,327.82,0.00069,-0.0081,0.5634,0.0,0.99998
7142.08,BTC-27DEC19,1576925945306,open,0.06,208.0,0.042,0.0885,0.06415002,58.41,0.068,0.0,BTC-27DEC19-6750-C,7140.28,56.62,0.0635,1.0,0.0655,1.0,62.02,2.62726,-13.05799,0.83204,0.00055,0.78785
7142.08,BTC-27DEC19,1576925945306,open,0.2,0.3,0.179,0.2165,0.19636348,93.92,0.2265,0.0,BTC-27DEC19-5750-C,7140.28,0.0,0.1945,0.1,0.201,7.1,127.71,0.61859,-4.9437,0.88933,8e-05,0.96988
7142.08,BTC-27DEC19,1576925945306,open,0.13,30.0,0.108,0.151,0.12831446,75.91,0.1315,0.0,BTC-27DEC19-6250-C,7140.28,41.83,0.125,6.0,0.1335,6.0,98.71,1.29403,-8.35924,0.91497,0.00021,0.92413
7142.08,BTC-27DEC19,1576925945306,open,0.03,162.9,0.0175,0.065,0.03498084,52.46,0.035,0.0,BTC-27DEC19-7250-P,7140.28,50.49,0.034,1.1,0.036,1.1,54.51,3.54903,-15.84375,-0.70262,0.00082,-0.57614
7142.08,BTC-27DEC19,1576925945309,open,0.16,0.0,0.133,0.184,0.15667252,65.91,0.1745,0.0,BTC-27DEC19-8250-P,7140.28,0.0,0.155,0.1,0.1625,4.0,95.23,0.87752,-4.9216,-1.27671,0.00016,-0.95379
7142.08,BTC-27DEC19,1576925945309,open,0.02,345.5,0.007,0.0465,0.01987181,52.46,0.0175,0.0,BTC-27DEC19-7250-C,7140.28,50.71,0.019,0.1,0.0205,16.0,53.73,3.54904,-15.84466,0.46447,0.00082,0.42386
7147.59,SYN.BTC-3JAN20,1576925945431,open,0.05,3.0,0.0295,0.081,0.04852279,54.3,0.046,0.0,BTC-3JAN20-7250-P,7140.28,51.59,0.0465,15.0,0.051,21.5,57.62,5.33467,-11.24913,-1.47193,0.00055,-0.53526
7147.59,SYN.BTC-3JAN20,1576925945433,open,0.01,103.8,0.0005,0.0265,0.00841803,56.77,0.008,0.0,BTC-3JAN20-8000-C,7140.28,54.7,0.0075,34.0,0.0095,7.6,59.1,3.23725,-7.13627,0.37673,0.00032,0.15783
7147.59,SYN.BTC-3JAN20,1576925945433,open,0.03,33.2,0.0185,0.0635,0.03419608,54.3,0.0315,0.0,BTC-3JAN20-7250-C,7140.28,52.03,0.0325,15.0,0.0355,17.5,56.05,5.33468,-11.24953,1.08557,0.00055,0.46474
127.8,ETH-27MAR20,1576925945440,open,0.22,642.0,0.164,0.272,0.217169,77.21,0.239,0.0,ETH-27MAR20-140-P,127.15,57.08,0.176,33.0,0.231,320.0,83.94,0.26254,-0.10463,-0.24736,0.00784,-0.51209
127.3,ETH-27DEC19,1576925946018,open,0.29,0.0,0.272,0.316,0.293508,120.0,None,0.0,ETH-27DEC19-90-C,127.15,0.0,0.0,0.0,0.0,0.0,0.0,0.00404,-0.04125,0.01429,0.00129,0.9907
7142.09,BTC-27DEC19,1576925946283,open,0.51,4.3,0.5,0.5195,0.50994738,138.74,0.5625,0.0,BTC-27DEC19-3500-C,7140.28,0.0,0.5035,9.0,0.515,9.0,327.82,0.00069,-0.0081,0.5634,0.0,0.99998
7142.09,BTC-27DEC19,1576925946293,open,0.51,4.3,0.5,0.5195,0.50994738,138.74,0.5625,0.0,BTC-27DEC19-3500-C,7140.28,0.0,0.5035,11.0,0.515,9.0,327.82,0.00069,-0.0081,0.5634,0.0,0.99998
7142.08,BTC-27DEC19,1576925946372,open,1.24,18.0,1.1965,1.2855,1.2402406,0.0,1.261,0.0,BTC-27DEC19-16000-P,7140.32,0.0,0.0,0.0,0.0,0.0,0.0,0.0,0.0,-2.57565,0.0,-1.0
7312.09,BTC-26JUN20,1576925946373,open,0.08,372.6,0.0395,0.121,0.07262312,78.17,0.0755,0.0,BTC-26JUN20-12000-C,7140.32,76.64,0.069,7.5,0.0755,21.5,79.37,17.45013,-3.63008,7.55194,8e-05,0.27327
7312.09,BTC-26JUN20,1576925946373,open,0.03,248.0,0.0115,0.0665,0.02998665,85.98,0.0295,0.0,BTC-26JUN20-18000-C,7140.32,84.61,0.028,12.5,0.032,11.1,87.32,10.77918,-2.46649,3.56362,5e-05,0.12467
7142.08,BTC-27DEC19,1576925946372,open,0.0,767.5,0.0005,0.0105,8.8e-07,115.0,0.0005,0.0,BTC-27DEC19-13000-C,7140.32,0.0,0.0,0.0,0.0005,0.9,183.55,0.00107,-0.00626,3e-05,0.0,3e-05
7213.67,BTC-27MAR20,1576925946373,open,0.01,1357.7,0.001,0.026,0.01092021,81.04,0.01,0.0,BTC-27MAR20-4000-P,7140.32,78.38,0.0095,5.0,0.0125,19.0,83.81,3.98382,-1.66624,-1.214,4e-05,-0.05249
7312.09,BTC-26JUN20,1576925946373,open,0.06,286.3,0.033,0.091,0.05675099,72.24,0.0625,0.0,BTC-26JUN20-5000-P,7140.32,70.37,0.0535,16.5,0.0595,24.5,73.81,12.78912,-2.45884,-8.17594,6e-05,-0.16048
7213.67,BTC-27MAR20,1576925946373,open,4.0,0.0,3.893,4.0995,3.99179829,114.81,None,0.0,BTC-27MAR20-36000-P,7140.32,0.0,0.0015,10.0,0.0,0.0,0.0,0.78919,-0.46765,-95.42526,0.0,-0.99228
7142.08,BTC-27DEC19,1576925946373,open,0.0,1025.2,0.0005,0.0105,8e-08,115.0,0.0005,0.0,BTC-27DEC19-14000-C,7140.32,0.0,0.0,0.0,0.0025,31.0,247.55,0.00012,-0.00058,0.0,0.0,0.0
7142.08,BTC-27DEC19,1576925946373,open,0.54,248.6,0.51,0.573,0.54024488,114.72,0.6675,0.0,BTC-27DEC19-11000-P,7140.32,0.0,0.537,5.4,0.5465,2.0,204.22,0.05482,-0.5352,-1.76866,1e-05,-0.9981
7142.08,BTC-27DEC19,1576925946373,open,0.3,75.1,0.286,0.316,0.30021501,115.05,0.302,0.0,BTC-27DEC19-5000-C,7140.32,0.0,0.2945,7.0,0.3045,7.0,177.85,0.15267,-1.49465,0.79773,2e-05,0.99406
7142.12,BTC-27DEC19,1576925946373,open,0.0,106.3,0.0005,0.0105,0.0,115.0,0.0005,0.0,BTC-27DEC19-2000-P,7140.32,0.0,0.0,0.0,0.0005,10.1,399.0,0.0,0.0,0.0,0.0,0.0
7142.12,BTC-27DEC19,1576925946373,open,0.0,775.8,0.0005,0.0105,2.428e-05,115.0,0.0005,0.0,BTC-27DEC19-4500-P,7140.32,0.0,0.0,0.0,0.0005,20.2,155.28,0.01907,-0.17342,-0.00072,0.0,-0.0006
7142.12,BTC-27DEC19,1576925946374,open,0.0,1541.5,0.0005,0.0105,0.0,115.0,0.0005,0.0,BTC-27DEC19-52000-C,7140.32,0.0,0.0,0.0,0.0005,36.9,500.0,0.0,0.0,0.0,0.0,0.0
7142.12,BTC-27DEC19,1576925946374,open,0.04,419.3,0.018,0.062,0.03834135,54.38,0.0385,0.0,BTC-27DEC19-7000-C,7140.32,52.62,0.0375,0.1,0.039,1.1,55.75,3.42821,-15.86317,0.67763,0.00077,0.62772
7312.09,BTC-26JUN20,1576925946374,open,0.01,143.4,0.0005,0.024,0.01019076,81.7,0.0105,0.0,BTC-26JUN20-3000-P,7140.32,77.5,0.008,20.0,0.0125,19.5,85.66,4.0456,-0.87965,-1.69769,2e-05,-0.03492
7312.09,BTC-26JUN20,1576925946374,open,2.57,0.0,2.491,2.6675,2.57107767,95.34,None,0.0,BTC-26JUN20-26000-P,7140.32,0.0,0.002,1.0,0.0,0.0,0.0,6.66644,-1.69145,-131.95253,3e-05,-0.93481
7312.09,BTC-26JUN20,1576925946374,open,3.39,0.0,3.294,3.4985,3.38761849,101.35,None,0.0,BTC-26JUN20-32000-P,7140.32,0.0,0.002,1.0,0.0,0.0,0.0,5.21956,-1.40789,-163.3393,2e-05,-0.9522
7142.12,BTC-27DEC19,1576925946374,open,0.0,526.9,0.0005,0.0105,0.0,115.0,0.0005,0.0,BTC-27DEC19-22000-C,7140.32,0.0,0.0,0.0,0.0005,1.0,315.06,0.0,0.0,0.0,0.0,0.0
7142.12,BTC-27DEC19,1576925946374,open,4.05,1.3,3.942,4.143,4.04054135,341.18,3.212,0.0,BTC-27DEC19-36000-P,7140.32,0.0,0.0005,1.0,0.0,0.0,0.0,0.00737,-0.21393,-5.79498,0.0,-0.99978
7142.12,BTC-27DEC19,1576925946374,open,0.01,1060.0,0.0005,0.02,0.00548119,67.04,0.0055,0.0,BTC-27DEC19-6500-P,7140.32,65.16,0.005,6.2,0.006,26.3,68.99,1.86582,-10.64366,-0.15006,0.00034,-0.12504
7142.12,BTC-27DEC19,1576925946374,open,1.1,211.0,1.0595,1.143,1.10022557,159.66,0.959,0.0,BTC-27DEC19-15000-P,7140.32,0.0,0.0,0.0,0.0,0.0,0.0,0.00636,-0.0864,-2.41447,0.0,-0.99982
7213.67,BTC-27MAR20,1576925946374,open,0.0,157.7,0.0005,0.015,0.00311714,115.0,0.0025,0.0,BTC-27MAR20-30000-C,7140.32,109.17,0.002,15.0,0.005,20.0,122.14,1.6027,-0.95127,0.27455,1e-05,0.01746
7142.12,BTC-27DEC19,1576925946375,open,0.0,1566.2,0.0005,0.0105,0.00025259,103.38,0.0005,0.0,BTC-27DEC19-10000-C,7140.32,0.0,0.0,0.0,0.0005,2.8,111.95,0.15867,-1.39585,0.00684,2e-05,0.0062
7213.67,BTC-27MAR20,1576925946374,open,0.0,147.6,0.0005,0.011,0.00129411,115.0,0.002,0.0,BTC-27MAR20-36000-C,7140.32,116.76,0.0015,15.0,0.0025,20.0,123.42,0.79868,-0.47405,0.12499,1e-05,0.00782
7312.09,BTC-26JUN20,1576925946375,open,0.22,127.1,0.1795,0.272,0.22213468,72.24,0.227,0.0,BTC-26JUN20-7000-C,7140.32,68.3,0.2115,12.0,0.2345,12.0,76.83,19.73102,-3.79322,15.51325,0.0001,0.63431
7142.12,BTC-27DEC19,1576925946375,open,0.44,36.8,0.429,0.451,0.43994073,0.0,0.456,0.0,BTC-27DEC19-4000-C,7140.32,0.0,0.434,9.0,0.444,9.1,262.19,0.0,0.0,0.64391,0.0,1.0
7142.12,BTC-27DEC19,1576925946375,open,1.8,3.6,1.7455,1.857,1.80030075,219.12,1.729,0.0,BTC-27DEC19-20000-P,7140.32,0.0,0.0005,1.0,0.0,0.0,0.0,0.00629,-0.11725,-3.21936,0.0,-0.99982
7142.12,BTC-27DEC19,1576925946375,open,0.0,367.3,0.0005,0.0105,0.0005062,97.35,0.0005,0.0,BTC-27DEC19-9500-C,7140.32,0.0,0.0,0.0,0.001,27.2,106.89,0.28896,-2.39377,0.01355,4e-05,0.01229
7142.12,BTC-27DEC19,1576925946375,open,0.0,349.0,0.0005,0.0105,0.0,115.0,0.0005,0.0,BTC-27DEC19-48000-C,7140.32,0.0,0.0,0.0,0.001,21.0,500.0,0.0,0.0,0.0,0.0,0.0
7142.12,BTC-27DEC19,1576925946375,open,2.92,0.2,2.844,3.0,2.92042105,288.82,2.2765,0.0,BTC-27DEC19-28000-P,7140.32,0.0,0.0005,1.0,0.0,0.0,0.0,0.00675,-0.16586,-4.50718,0.0,-0.9998
7142.12,BTC-27DEC19,1576925946376,open,0.16,138.2,0.1435,0.1845,0.16243831,87.41,0.188,0.0,BTC-27DEC19-6000-C,7140.32,0.0,0.1595,0.1,0.1635,0.1,94.57,0.96286,-7.16207,0.90329,0.00013,0.94809
7312.09,BTC-26JUN20,1576925946376,open,0.37,0.0,0.342,0.41,0.37294916,72.24,None,0.0,BTC-26JUN20-5000-C,7140.32,53.97,0.3435,6.0,0.3995,6.0,86.85,12.78899,-2.45876,17.56066,6e-05,0.83952
7142.12,BTC-27DEC19,1576925946376,open,0.0,690.8,0.0005,0.0105,0.0,115.0,0.0005,0.0,BTC-27DEC19-36000-C,7140.32,0.0,0.0,0.0,0.002,21.0,491.32,0.0,0.0,0.0,0.0,0.0
7142.12,BTC-27DEC19,1576925946376,open,0.0,833.8,0.0005,0.0105,8.8e-07,115.0,0.0005,0.0,BTC-27DEC19-4000-P,7140.32,0.0,0.0,0.0,0.0005,13.2,190.9,0.00101,-0.00626,-3e-05,0.0,-3e-05
7142.12,BTC-27DEC19,1576925946376,open,0.0,590.4,0.0005,0.0105,0.0,115.0,0.001,0.0,BTC-27DEC19-2500-P,7140.32,0.0,0.0,0.0,0.0005,150.0,331.8,0.0,0.0,0.0,0.0,0.0
7142.12,BTC-27DEC19,1576925946376,open,0.0,1169.0,0.0005,0.0105,7.946e-05,115.0,0.0005,0.0,BTC-27DEC19-11000-C,7140.32,0.0,0.0,0.0,0.0005,21.0,138.62,0.056,-0.54802,0.00214,1e-05,0.00194
7142.12,BTC-27DEC19,1576925946378,open,0.68,73.0,0.6475,0.7145,0.68018926,119.66,0.674,0.0,BTC-27DEC19-12000-P,7140.32,0.0,0.674,2.0,0.6865,2.0,234.85,0.01358,-0.13825,-1.93128,0.0,-0.99958
7142.12,BTC-27DEC19,1576925946378,open,0.47,0.0,0.4415,0.5025,0.47038437,115.33,None,0.0,BTC-27DEC19-10500-P,7140.32,0.0,0.464,2.0,0.4765,2.0,187.41,0.13628,-1.33742,-1.68453,1e-05,-0.99477
7169.61,SYN.BTC-31JAN20,1576925946375,open,0.01,727.2,0.0035,0.03,0.01337747,70.36,0.0145,0.0,BTC-31JAN20-5500-P,7140.32,68.91,0.0125,41.5,0.0145,0.9,72.15,4.41686,-3.80119,-0.96497,0.00011,-0.10681
7169.61,SYN.BTC-31JAN20,1576925946375,open,0.01,149.1,0.0005,0.02,0.00656376,71.01,0.0075,0.0,BTC-31JAN20-10500-C,7140.32,68.49,0.0055,35.0,0.0075,28.0,73.05,3.17,-2.75356,0.49771,8e-05,0.06855
7169.61,SYN.BTC-31JAN20,1576925946373,open,0.27,10.4,0.2415,0.312,0.27170179,62.46,0.272,0.0,BTC-31JAN20-9000-P,7140.32,0.0,0.0665,0.1,0.0,0.0,0.0,5.90278,-4.51001,-8.90398,0.00016,-0.83726
7169.61,SYN.BTC-31JAN20,1576925946373,open,0.4,0.0,0.371,0.4415,0.40330287,67.98,None,0.0,BTC-31JAN20-10000-P,7140.32,0.0,0.0015,10.0,0.0,0.0,0.0,3.85344,-3.2041,-10.55531,0.0001,-0.91133
7169.61,SYN.BTC-31JAN20,1576925946376,open,0.31,0.0,0.292,0.332,0.31027958,76.52,None,0.0,BTC-31JAN20-5000-C,7140.32,0.0,0.3025,6.1,0.0,0.0,0.0,2.94421,-2.75569,5.03745,7e-05,0.93768
7169.61,SYN.BTC-31JAN20,1576925946378,open,0.47,0.0,0.4385,0.5095,0.47107401,71.0,None,0.0,BTC-31JAN20-10500-P,7140.32,0.0,0.0015,10.0,0.0,0.0,0.0,3.16907,-2.75243,-11.26123,8e-05,-0.93147
127.3,ETH-27DEC19,1576925946905,open,0.11,4828.0,0.071,0.143,0.105895,67.84,0.112,0.0,ETH-27DEC19-140-P,127.15,60.78,0.104,40.0,0.111,40.0,83.61,0.03667,-0.21168,-0.01971,0.02072,-0.85584
127.49,SYN.ETH-31JAN20,1576925946905,open,0.01,1188.0,0.004,0.033,0.014144,79.1,0.013,0.0,ETH-31JAN20-180-C,127.15,75.8,0.012,630.0,0.016,160.0,81.78,0.08579,-0.083,0.01524,0.00596,0.12088
127.3,ETH-27DEC19,1576925946907,open,1.52,100.0,1.441,1.591,1.513747,120.0,0.883,0.0,ETH-27DEC19-320-P,127.15,0.0,0.011,5.0,0.0,0.0,0.0,0.0,0.0,-0.05151,0.0,-1.0
127.3,ETH-27DEC19,1576925946907,open,1.68,0.0,1.594,1.753,1.670856,120.0,None,0.0,ETH-27DEC19-340-P,127.15,0.0,0.003,9.0,0.0,0.0,0.0,0.0,0.0,-0.05473,0.0,-1.0
127.49,SYN.ETH-31JAN20,1576925946959,open,0.28,1.0,0.235,0.331,0.281711,73.86,0.148,0.0,ETH-31JAN20-160-P,127.15,60.71,0.27,340.0,0.305,363.0,95.63,0.12406,-0.11208,-0.15256,0.00923,-0.78678
127.3,ETH-27DEC19,1576925946962,open,0.05,601.0,0.018,0.081,0.044833,64.83,0.047,0.0,ETH-27DEC19-130-P,127.15,59.09,0.042,120.0,0.05,120.0,75.23,0.06298,-0.34745,-0.0129,0.03723,-0.58473
128.45,ETH-26JUN20,1576925946962,open,3.37,0.0,3.238,3.533,3.376726,108.21,None,0.0,ETH-26JUN20-560-P,127.15,0.0,0.01,50.0,0.0,0.0,0.0,0.11785,-0.03394,-2.8503,0.00128,-0.93428
128.45,ETH-26JUN20,1576925946962,open,3.99,0.0,3.841,4.17,3.996029,110.98,None,0.0,ETH-26JUN20-640-P,127.15,0.0,0.011,1.0,0.0,0.0,0.0,0.09916,-0.02929,-3.26835,0.00105,-0.94726
127.8,ETH-27MAR20,1576925946962,open,0.34,3922.0,0.278,0.4,0.337794,80.94,0.32,0.0,ETH-27MAR20-160-P,127.15,69.51,0.316,63.0,0.375,25.0,99.64,0.24871,-0.1039,-0.32808,0.00709,-0.62944
127.8,ETH-27MAR20,1576925946962,open,2.77,0.0,2.648,2.889,2.762022,118.64,None,0.0,ETH-27MAR20-480-P,127.15,0.0,0.004,50.0,0.0,0.0,0.0,0.04661,-0.02854,-1.26539,0.00091,-0.96853
128.45,ETH-26JUN20,1576925946964,open,0.15,2382.0,0.079,0.184,0.130206,85.75,0.136,0.0,ETH-26JUN20-180-C,127.15,83.15,0.123,329.0,0.136,119.0,87.83,0.35714,-0.0815,0.18158,0.0049,0.40484
127.3,ETH-27DEC19,1576925946964,open,1.99,0.0,1.899,2.077,1.985075,120.0,None,0.0,ETH-27DEC19-380-P,127.15,0.0,0.02,50.0,0.0,0.0,0.0,0.0,0.0,-0.06117,0.0,-1.0
128.45,ETH-26JUN20,1576925946964,open,0.2,390.0,0.145,0.254,0.200074,82.27,0.202,0.0,ETH-26JUN20-140-C,127.15,79.77,0.193,310.0,0.205,200.0,84.01,0.36358,-0.0796,0.23752,0.0052,0.55932
128.45,ETH-26JUN20,1576925946966,open,0.12,1320.0,0.059,0.158,0.106095,86.83,0.11,0.0,ETH-26JUN20-200-C,127.15,84.51,0.1,306.0,0.111,126.0,88.68,0.33948,-0.07845,0.15785,0.0046,0.34484
127.49,SYN.ETH-31JAN20,1576925946966,open,0.16,448.0,0.114,0.202,0.157108,72.01,0.155,0.0,ETH-31JAN20-140-P,127.15,68.03,0.152,96.0,0.161,96.0,75.02,0.16421,-0.14464,-0.1089,0.01253,-0.60561
127.3,ETH-27DEC19,1576925946968,open,0.01,2157.0,0.001,0.022,0.006131,67.84,0.006,0.0,ETH-27DEC19-140-C,127.15,63.76,0.005,350.0,0.007,30.0,70.78,0.03667,-0.21168,0.00283,0.02072,0.14416
127.8,ETH-27MAR20,1576925946968,open,2.45,0.0,2.345,2.572,2.451609,118.64,None,0.0,ETH-27MAR20-440-P,127.15,0.0,0.003,50.0,0.0,0.0,0.0,0.06013,-0.03682,-1.1562,0.00117,-0.95703
128.45,ETH-26JUN20,1576925946968,open,2.76,0.0,2.635,2.897,2.757979,103.9,None,0.0,ETH-26JUN20-480-P,127.15,0.0,0.01,50.0,0.0,0.0,0.0,0.1388,-0.03838,-2.43084,0.00157,-0.91861
127.8,ETH-27MAR20,1576925946968,open,0.02,1037.0,0.009,0.046,0.024345,84.44,0.031,0.0,ETH-27MAR20-80-P,127.15,81.76,0.022,320.0,0.027,250.0,87.37,0.11366,-0.04954,-0.04142,0.00311,-0.09778
127.8,ETH-27MAR20,1576925946970,open,0.12,176.0,0.079,0.165,0.121707,77.21,0.13,0.0,ETH-27MAR20-140-C,127.15,75.89,0.119,133.0,0.13,153.0,81.25,0.26254,-0.10463,0.12421,0.00784,0.48791
127.8,ETH-27MAR20,1576925946970,open,1.22,161.0,1.135,1.298,1.211233,99.55,1.397,0.0,ETH-27MAR20-280-P,127.15,0.0,0.002,50.0,0.0,0.0,0.0,0.11683,-0.06003,-0.71561,0.00271,-0.89847
128.45,ETH-26JUN20,1576925946970,open,3.06,0.0,2.936,3.215,3.067325,106.32,None,0.0,ETH-26JUN20-520-P,127.15,0.0,0.01,50.0,0.0,0.0,0.0,0.12818,-0.03627,-2.64073,0.00142,-0.92671
127.3,ETH-27DEC19,1576925946970,open,2.78,21.0,2.661,2.887,2.770621,62.5,2.37,0.0,ETH-27DEC19-480-P,127.15,0.0,0.002,50.0,0.0,0.0,0.0,0.0,0.0,-0.07727,0.0,-1.0
127.3,ETH-27DEC19,1576925946970,open,2.15,15.0,2.051,2.239,2.142184,119.63,1.248,0.0,ETH-27DEC19-400-P,127.15,0.0,0.002,50.0,0.0,0.0,0.0,0.0,0.0,-0.06439,0.0,-1.0
127.3,ETH-27DEC19,1576925946970,open,3.09,36.0,2.966,3.211,3.084839,125.0,2.65,0.0,ETH-27DEC19-520-P,127.15,0.0,0.003,50.0,0.0,0.0,0.0,0.0,0.0,-0.08371,0.0,-1.0
127.8,ETH-27MAR20,1576925946976,open,0.76,30.0,0.69,0.833,0.757601,90.47,0.306,0.0,ETH-27MAR20-220-P,127.15,0.0,0.001,9.0,0.0,0.0,0.0,0.17009,-0.07942,-0.53661,0.00434,-0.8244
127.8,ETH-27MAR20,1576925946976,open,0.06,1919.0,0.028,0.098,0.059713,82.79,0.06,0.0,ETH-27MAR20-180-C,127.15,80.03,0.055,194.0,0.064,484.0,85.25,0.22073,-0.09431,0.07393,0.00615,0.27767
128.45,ETH-26JUN20,1576925946976,open,0.81,0.0,0.718,0.89,0.801121,88.23,None,0.0,ETH-26JUN20-220-P,127.15,0.0,0.712,50.0,0.0,0.0,0.0,0.31887,-0.07487,-0.9946,0.00426,-0.70318
127.3,ETH-27DEC19,1576925946978,open,2.46,0.0,2.356,2.563,2.456402,62.5,None,0.0,ETH-27DEC19-440-P,127.15,0.0,0.002,50.0,0.0,0.0,0.0,0.0,0.0,-0.07083,0.0,-1.0
127.3,ETH-27DEC19,1576925946978,open,0.07,377.0,0.038,0.1,0.069916,68.75,0.076,0.0,ETH-27DEC19-120-C,127.15,58.3,0.066,500.0,0.073,40.0,76.47,0.0497,-0.29075,0.01423,0.02771,0.76444
127.49,SYN.ETH-31JAN20,1576925946978,open,0.03,1271.0,0.009,0.051,0.026733,73.86,0.025,0.0,ETH-31JAN20-160-C,127.15,72.06,0.025,624.0,0.028,41.0,75.15,0.12406,-0.11208,0.02663,0.00923,0.21322
127.3,ETH-27DEC19,1576925946980,open,0.02,589.0,0.006,0.053,0.023623,64.83,0.02,0.0,ETH-27DEC19-130-C,127.15,59.52,0.021,1132.0,0.024,98.0,65.6,0.06298,-0.34745,0.00803,0.03723,0.41527
127.8,ETH-27MAR20,1576925946982,open,0.61,747.0,0.545,0.682,0.610637,86.77,0.57,0.0,ETH-27MAR20-200-P,127.15,0.0,0.001,9.0,0.0,0.0,0.0,0.19401,-0.08688,-0.47232,0.00516,-0.78183
128.45,ETH-26JUN20,1576925946986,open,0.17,1552.0,0.131,0.24,0.184196,78.92,0.185,0.0,ETH-26JUN20-120-P,127.15,79.23,0.185,74.0,0.198,510.0,84.16,0.33893,-0.07119,-0.34881,0.00506,-0.34337
127.49,SYN.ETH-31JAN20,1576925946986,open,0.06,358.0,0.03,0.091,0.059002,72.01,0.056,0.0,ETH-31JAN20-140-C,127.15,68.89,0.055,448.0,0.063,491.0,75.1,0.16421,-0.14464,0.04789,0.01253,0.39439
127.3,ETH-27DEC19,1576925946988,open,0.89,2287.0,0.831,0.943,0.885311,120.0,1.068,0.0,ETH-27DEC19-240-P,127.15,0.0,0.001,15.0,0.0,0.0,0.0,2e-05,-0.00015,-0.03863,0.0,-0.99998
128.45,ETH-26JUN20,1576925946990,open,2.14,0.0,2.034,2.264,2.141697,98.84,None,0.0,ETH-26JUN20-400-P,127.15,0.0,0.01,50.0,0.0,0.0,0.0,0.16888,-0.04442,-2.00701,0.00201,-0.89386
127.8,ETH-27MAR20,1576925946990,open,0.91,118.0,0.836,0.986,0.906949,93.56,0.978,0.0,ETH-27MAR20-240-P,127.15,0.0,0.004,9.0,0.0,0.0,0.0,0.14875,-0.07183,-0.59828,0.00367,-0.85687
128.45,ETH-26JUN20,1576925946990,open,1.84,1.0,1.736,1.953,1.8378,97.67,1.827,0.0,ETH-26JUN20-360-P,127.15,0.0,0.015,2.0,0.0,0.0,0.0,0.19627,-0.05101,-1.78947,0.00237,-0.86873
128.45,ETH-26JUN20,1576925946990,open,0.55,372.0,0.455,0.612,0.531529,85.75,0.53,0.0,ETH-26JUN20-180-P,127.15,75.33,0.503,210.0,0.578,200.0,102.22,0.35714,-0.0815,-0.74493,0.0049,-0.59516
127.8,ETH-27MAR20,1576925946990,open,3.08,0.0,2.952,3.209,3.073651,120.0,None,0.0,ETH-27MAR20-520-P,127.15,0.0,0.006,50.0,0.0,0.0,0.0,0.03841,-0.02379,-1.37331,0.00074,-0.97505
127.8,ETH-27MAR20,1576925946990,open,3.39,0.0,3.255,3.529,3.385336,120.0,None,0.0,ETH-27MAR20-560-P,127.15,0.0,0.02,50.0,0.0,0.0,0.0,0.03015,-0.01867,-1.48114,0.00058,-0.98127
127.8,ETH-27MAR20,1576925946992,open,1.52,10.0,1.436,1.612,1.518515,103.98,1.59,0.0,ETH-27MAR20-320-P,127.15,0.0,0.011,5.0,0.0,0.0,0.0,0.09239,-0.04958,-0.82912,0.00205,-0.92585
128.45,ETH-26JUN20,1576925946992,open,0.68,245.0,0.583,0.748,0.663121,86.83,0.71,0.0,ETH-26JUN20-200-P,127.15,0.0,0.001,10.0,0.699,1.0,100.06,0.33948,-0.07845,-0.87161,0.0046,-0.65516
127.3,ETH-27DEC19,1576925946992,open,1.36,1.0,1.288,1.429,1.356638,120.0,0.494,0.0,ETH-27DEC19-300-P,127.15,0.0,0.02,50.0,0.0,0.0,0.0,0.0,0.0,-0.04829,0.0,-1.0
127.8,ETH-27MAR20,1576925946994,open,3.7,0.0,3.559,3.849,3.697404,120.0,None,0.0,ETH-27MAR20-600-P,127.15,0.0,0.03,50.0,0.0,0.0,0.0,0.02375,-0.01471,-1.58854,0.00046,-0.98582
127.49,SYN.ETH-31JAN20,1576925946994,open,1.04,0.0,0.981,1.11,1.041874,98.51,None,0.0,ETH-31JAN20-260-P,127.15,0.0,0.01,50.0,0.0,0.0,0.0,0.02318,-0.02793,-0.28826,0.00129,-0.97708
127.3,ETH-27DEC19,1576925946996,open,1.05,944.0,0.983,1.105,1.04242,120.0,1.042,0.0,ETH-27DEC19-260-P,127.15,0.0,0.001,9.0,0.0,0.0,0.0,0.0,-2e-05,-0.04185,0.0,-1.0
127.8,ETH-27MAR20,1576925946996,open,4.01,0.0,3.863,4.17,4.009734,120.0,None,0.0,ETH-27MAR20-640-P,127.15,0.0,0.01,50.0,0.0,0.0,0.0,0.01879,-0.01164,-1.69562,0.00036,-0.98918
127.8,ETH-27MAR20,1576925946998,open,2.15,5.0,2.042,2.256,2.142452,118.64,2.004,0.0,ETH-27MAR20-400-P,127.15,0.0,0.046,50.0,0.0,0.0,0.0,0.07764,-0.04754,-1.04582,0.00151,-0.94077
128.45,ETH-26JUN20,1576925946998,open,3.68,0.0,3.539,3.85,3.68568,109.0,None,0.0,ETH-26JUN20-600-P,127.15,0.0,0.01,50.0,0.0,0.0,0.0,0.10551,-0.03061,-3.0603,0.00114,-0.94295
127.3,ETH-27DEC19,1576925947000,open,1.2,310.0,1.136,1.267,1.199529,120.0,0.49,0.0,ETH-27DEC19-280-P,127.15,0.0,0.003,9.0,0.0,0.0,0.0,0.0,0.0,-0.04507,0.0,-1.0
128.45,ETH-26JUN20,1576925947002,open,2.45,0.0,2.335,2.581,2.450088,102.04,None,0.0,ETH-26JUN20-440-P,127.15,0.0,0.01,50.0,0.0,0.0,0.0,0.15469,-0.04201,-2.21886,0.00179,-0.90588
127.49,SYN.ETH-31JAN20,1576925947002,open,0.13,242.0,0.089,0.16,0.125253,71.91,0.121,0.0,ETH-31JAN20-120-C,127.15,67.69,0.12,96.0,0.13,127.0,75.71,0.15883,-0.13971,0.07422,0.01213,0.64505
127.3,ETH-27DEC19,1576925947006,open,0.01,7859.0,0.002,0.035,0.012571,68.75,0.015,0.0,ETH-27DEC19-120-P,127.15,64.67,0.011,143.0,0.015,165.0,74.85,0.0497,-0.29075,-0.00508,0.02771,-0.23556
127.8,ETH-27MAR20,1576925947006,open,0.13,1372.0,0.081,0.17,0.124211,77.21,0.123,0.0,ETH-27MAR20-120-P,127.15,75.55,0.121,13.0,0.13,10.0,80.22,0.24643,-0.09821,-0.1644,0.00736,-0.36047
127.8,ETH-27MAR20,1576925947006,open,0.47,1550.0,0.406,0.535,0.468164,82.79,0.47,0.0,ETH-27MAR20-180-P,127.15,68.51,0.445,36.0,0.509,300.0,105.01,0.22073,-0.09431,-0.40381,0.00615,-0.72233
128.45,ETH-26JUN20,1576925947006,open,0.11,533.0,0.071,0.159,0.112626,81.96,0.109,0.0,ETH-26JUN20-100-P,127.15,79.41,0.107,109.0,0.119,359.0,84.84,0.28375,-0.06189,-0.23039,0.00408,-0.23583
127.49,SYN.ETH-31JAN20,1576925947008,open,0.07,1356.0,0.036,0.101,0.066486,71.91,0.069,0.0,ETH-31JAN20-120-P,127.15,69.11,0.063,582.0,0.07,128.0,74.73,0.15883,-0.13971,-0.06017,0.01213,-0.35495
7142.11,BTC-27DEC19,1576925947263,open,0.51,4.3,0.5,0.5195,0.50994669,0.0,0.5625,0.0,BTC-27DEC19-3500-C,7140.32,0.0,0.5035,9.0,0.515,9.0,327.8,0.0,0.0,0.56342,0.0,1.0
7142.11,BTC-27DEC19,1576925947270,open,0.51,4.3,0.5,0.5195,0.50994669,0.0,0.5625,0.0,BTC-27DEC19-3500-C,7140.32,0.0,0.5035,11.0,0.515,9.0,327.8,0.0,0.0,0.56342,0.0,1.0
7213.7,BTC-27MAR20,1576925947433,open,2.34,0.0,2.263,2.4115,2.33179249,106.26,None,0.0,BTC-27MAR20-24000-P,7140.32,0.0,0.0015,10.0,0.0,0.0,0.0,2.33714,-1.28171,-63.26831,2e-05,-0.97271
7142.11,BTC-27DEC19,1576925947433,open,0.0,680.5,0.0005,0.0105,0.0,115.0,0.0005,0.0,BTC-27DEC19-26000-C,7140.32,0.0,0.0,0.0,0.0005,21.0,354.53,0.0,0.0,0.0,0.0,0.0
7213.7,BTC-27MAR20,1576925947433,open,0.02,1453.7,0.009,0.0525,0.02438962,77.49,0.024,0.0,BTC-27MAR20-12000-C,7140.32,76.27,0.023,8.0,0.0255,17.0,78.44,8.31746,-3.32652,2.23532,8e-05,0.14114
7142.11,BTC-27DEC19,1576925947433,open,0.79,12.1,0.78,0.7995,0.78997833,285.9,0.8415,0.0,BTC-27DEC19-1500-C,7140.32,0.0,0.784,15.0,0.7955,15.0,500.0,0.00016,-0.0038,0.24146,0.0,1.0
7213.7,BTC-27MAR20,1576925947433,open,0.07,293.2,0.0375,0.103,0.06511744,69.59,0.067,0.0,BTC-27MAR20-9000-C,7140.32,67.64,0.0615,22.0,0.068,14.0,71.13,13.47105,-4.83849,5.08585,0.00014,0.33075
7142.11,BTC-27DEC19,1576925947433,open,0.0,633.8,0.0005,0.011,0.00102207,71.28,0.001,0.0,BTC-27DEC19-8500-C,7140.32,63.87,0.0005,57.9,0.0015,2.0,76.17,0.61822,-3.74993,0.03343,0.00011,0.0301
7312.09,BTC-26JUN20,1576925947433,open,0.01,36.2,0.0015,0.0355,0.01128691,101.33,0.012,0.0,BTC-26JUN20-32000-C,7140.32,99.45,0.01,7.0,0.0125,13.0,102.97,5.21443,-1.40616,1.3721,2e-05,0.04774
7312.09,BTC-26JUN20,1576925947433,open,0.72,8.2,0.655,0.786,0.71374139,78.17,0.8905,0.0,BTC-26JUN20-12000-P,7140.32,0.0,0.09,1.5,1.3495,1.9,334.27,17.45017,-3.6301,-54.21539,8e-05,-0.72673
7142.11,BTC-27DEC19,1576925947433,open,0.72,0.0,0.71,0.7295,0.71996953,0.0,None,0.0,BTC-27DEC19-2000-C,7140.32,0.0,0.714,13.0,0.725,13.0,500.0,0.0,0.0,0.32196,0.0,1.0
7312.09,BTC-26JUN20,1576925947433,open,0.6,17.8,0.586,0.6185,0.59991119,81.7,0.623,0.0,BTC-26JUN20-3000-C,7140.32,53.05,0.5905,7.3,0.0,0.0,0.0,4.04557,-0.87964,13.74416,2e-05,0.96508
7213.7,BTC-27MAR20,1576925947433,open,0.46,7.4,0.439,0.478,0.45641775,81.03,0.4255,0.0,BTC-27MAR20-4000-C,7140.32,27.85,0.4455,7.1,0.0,0.0,0.0,3.98348,-1.66603,9.40266,4e-05,0.94752
7312.09,BTC-26JUN20,1576925947433,open,0.29,21.1,0.2505,0.334,0.28888158,72.24,0.271,0.0,BTC-26JUN20-6000-C,7140.32,60.6,0.262,6.0,0.32,6.0,85.52,17.04486,-3.27684,16.94698,9e-05,0.73915
7142.11,BTC-27DEC19,1576925947433,open,0.0,756.8,0.0005,0.0105,0.0,115.0,0.0005,0.0,BTC-27DEC19-24000-C,7140.32,0.0,0.0,0.0,0.0005,21.0,335.73,0.0,0.0,0.0,0.0,0.0
7142.11,BTC-27DEC19,1576925947433,open,2.08,4.9,2.02,2.143,2.08031789,0.0,2.217,0.0,BTC-27DEC19-22000-P,7140.32,0.0,0.0005,1.0,0.0,0.0,0.0,0.0,0.0,-3.54151,0.0,-1.0
7142.11,BTC-27DEC19,1576925947433,open,0.0,1038.8,0.0005,0.0105,0.0,115.0,0.0015,0.0,BTC-27DEC19-20000-C,7140.32,0.0,0.0,0.0,0.0005,14.4,292.1,0.0,0.0,0.0,0.0,0.0
7213.7,BTC-27MAR20,1576925947434,open,3.72,0.0,3.6215,3.818,3.71499322,115.14,None,0.0,BTC-27MAR20-34000-P,7140.32,0.0,0.0015,10.0,0.0,0.0,0.0,1.01204,-0.60142,-90.07743,1e-05,-0.98975
7213.7,BTC-27MAR20,1576925947434,open,0.21,268.2,0.166,0.255,0.20649784,67.56,0.22,0.0,BTC-27MAR20-8000-P,7140.32,64.12,0.1995,13.0,0.2105,1.0,69.52,14.714,-5.13042,-14.46566,0.00016,-0.54904
7312.09,BTC-26JUN20,1576925947434,open,2.03,0.0,1.9575,2.1175,2.02928619,91.03,None,0.0,BTC-26JUN20-22000-P,7140.32,0.0,0.11,1.0,3.0,0.1,500.0,8.3009,-2.01109,-110.74291,3e-05,-0.91308
7142.11,BTC-27DEC19,1576925947434,open,0.0,657.0,0.0005,0.0105,0.0,115.0,0.0005,0.0,BTC-27DEC19-28000-C,7140.32,0.0,0.0,0.0,0.0025,31.0,439.52,0.0,0.0,0.0,0.0,0.0
7169.64,SYN.BTC-31JAN20,1576925947433,open,0.13,31.7,0.11,0.168,0.13441278,62.31,0.1405,0.0,BTC-31JAN20-6500-C,7140.32,56.13,0.1275,15.0,0.1405,15.0,67.64,8.11566,-6.18564,4.67918,0.00023,0.71719
7312.09,BTC-26JUN20,1576925947437,open,1.49,2.9,1.427,1.5725,1.49166353,85.98,1.45,0.0,BTC-26JUN20-18000-P,7140.32,0.0,1.35,0.1,2.1,0.1,327.2,10.77926,-2.46651,-89.08737,5e-05,-0.87533
7142.11,BTC-27DEC19,1576925947437,open,0.02,1354.0,0.0045,0.0405,0.01844719,54.39,0.019,0.0,BTC-27DEC19-7000-P,7140.32,53.45,0.018,0.1,0.019,20.1,55.54,3.42827,-15.86598,-0.44925,0.00077,-0.3723
7213.7,BTC-27MAR20,1576925947437,open,0.02,456.3,0.005,0.0405,0.01609114,83.95,0.0165,0.0,BTC-27MAR20-14000-C,7140.32,82.67,0.015,1.0,0.017,18.0,84.99,6.22973,-2.69931,1.49055,5e-05,0.09394
7213.7,BTC-27MAR20,1576925947437,open,1.51,0.0,1.449,1.5705,1.50410602,94.61,1.23,0.0,BTC-27MAR20-18000-P,7140.32,0.0,1.4645,1.0,1.5505,1.0,141.56,3.91331,-1.91099,-46.96125,3e-05,-0.94868
7312.09,BTC-26JUN20,1576925947437,open,0.02,11.5,0.005,0.047,0.01756523,93.23,0.018,0.0,BTC-26JUN20-24000-C,7140.32,91.11,0.0155,17.0,0.0195,17.0,95.08,7.39404,-1.83453,2.14576,3e-05,0.07458
7312.09,BTC-26JUN20,1576925947437,open,0.49,123.6,0.4195,0.5445,0.4760113,75.43,0.62,0.0,BTC-26JUN20-10000-P,7140.32,64.56,0.447,6.0,0.5485,11.0,101.24,19.96002,-4.00708,-41.28494,0.0001,-0.6209
7312.09,BTC-26JUN20,1576925947437,open,0.27,155.8,0.2145,0.3245,0.26426343,72.24,0.2625,0.0,BTC-26JUN20-8000-P,7140.32,66.89,0.249,10.0,0.2715,6.0,74.78,20.852,-4.00875,-27.48048,0.0001,-0.46587
7213.7,BTC-27MAR20,1576925947437,open,3.44,0.0,3.3495,3.537,3.43832691,115.1,None,0.0,BTC-27MAR20-32000-P,7140.32,0.0,0.0015,10.0,0.0,0.0,0.0,1.27334,-0.75647,-84.72091,1e-05,-0.98665
7213.7,BTC-27MAR20,1576925947437,open,4.55,1.0,4.4365,4.663,4.5457779,115.32,4.54,0.0,BTC-27MAR20-40000-P,7140.32,0.0,0.0015,10.0,0.0,0.0,0.0,0.52339,-0.31152,-106.08701,0.0,-0.99515
7142.11,BTC-27DEC19,1576925947437,open,0.01,1237.3,0.0005,0.0275,0.01013823,54.84,0.0095,0.0,BTC-27DEC19-7500-C,7140.32,53.25,0.0095,0.4,0.0105,21.0,55.73,2.89237,-13.49839,0.27819,0.00064,0.2521
7312.09,BTC-26JUN20,1576925947437,open,0.48,0.5,0.4565,0.5055,0.47806463,74.57,0.589,0.0,BTC-26JUN20-4000-C,7140.32,49.04,0.4575,6.0,0.497,6.0,90.34,7.90898,-1.56952,16.57696,4e-05,0.9185
7142.11,BTC-27DEC19,1576925947437,open,1.52,9.4,1.471,1.5715,1.52026009,0.0,1.559,0.0,BTC-27DEC19-18000-P,7140.32,0.0,0.0,0.0,0.0,0.0,0.0,0.0,0.0,-2.8976,0.0,-1.0
7312.09,BTC-26JUN20,1576925947448,open,0.06,558.3,0.024,0.0945,0.05091783,80.56,0.0535,0.0,BTC-26JUN20-14000-C,7140.32,79.1,0.048,12.5,0.053,3.0,81.58,14.77016,-3.16655,5.68235,7e-05,0.20189
7213.7,BTC-27MAR20,1576925947448,open,1.78,5.2,1.72,1.8495,1.77928697,98.42,2.035,0.0,BTC-27MAR20-20000-P,7140.32,0.0,1.7375,1.0,1.8305,1.0,153.43,3.16415,-1.60736,-52.4579,2e-05,-0.96059
7312.09,BTC-26JUN20,1576925947448,open,0.01,18.4,0.0035,0.0395,0.0133008,97.0,0.014,0.0,BTC-26JUN20-28000-C,7140.32,95.36,0.012,17.0,0.0145,2.0,98.42,5.99327,-1.54712,1.64052,2e-05,0.05689
7169.64,SYN.BTC-31JAN20,1576925947448,open,0.16,27.9,0.1285,0.199,0.15591151,60.96,0.138,0.0,BTC-31JAN20-8000-P,7140.32,34.51,0.127,5.0,0.182,5.0,81.71,8.70708,-6.4928,-6.61756,0.00025,-0.66828
7312.09,BTC-26JUN20,1576925947450,open,2.85,0.0,2.7585,2.9435,2.84257533,97.0,None,0.0,BTC-26JUN20-28000-P,7140.32,0.0,0.002,1.0,0.0,0.0,0.0,5.99327,-1.54712,-142.4833,2e-05,-0.94311
7213.7,BTC-27MAR20,1576925947479,open,0.33,2.1,0.308,0.3615,0.33234234,71.45,0.3115,0.0,BTC-27MAR20-5000-C,7140.32,41.49,0.31,6.1,0.3545,6.0,90.97,7.39239,-2.72625,10.50382,7e-05,0.88096
7213.7,BTC-27MAR20,1576925947479,open,0.1,760.0,0.0655,0.138,0.0974923,67.55,0.0965,0.0,BTC-27MAR20-8000-C,7140.32,66.33,0.095,5.0,0.1,1.0,68.78,14.71397,-5.13024,6.76734,0.00016,0.45095
7142.11,BTC-27DEC19,1576925947481,open,0.0,562.6,0.0005,0.0105,0.0,115.0,0.0005,0.0,BTC-27DEC19-40000-C,7140.32,0.0,0.0,0.0,0.0005,6.9,452.54,0.0,0.0,0.0,0.0,0.0
7142.11,BTC-27DEC19,1576925947481,open,0.0,1724.8,0.0005,0.0135,0.00252829,87.43,0.0025,0.0,BTC-27DEC19-6000-P,7140.32,83.27,0.002,1.0,0.003,0.1,90.77,0.96353,-7.16897,-0.06264,0.00013,-0.05195
7312.09,BTC-26JUN20,1576925947481,open,0.18,310.4,0.1355,0.2335,0.17945481,72.24,0.173,0.0,BTC-26JUN20-7000-P,7140.32,70.59,0.175,7.1,0.1815,7.0,73.0,19.73101,-3.79324,-20.51774,0.0001,-0.36569
