underlying_price,underlying_index,timestamp,state,settlement_price,open_interest,min_price,max_price,mark_price,mark_iv,last_price,interest_rate,instrument_name,index_price,bid_iv,best_bid_price,best_bid_amount,best_ask_price,best_ask_amount,ask_iv,vega,theta,rho,gamma,delta
187.95,ETH-27MAR20,1572865140133,open,0.4,40.0,0.37,0.436,0.404694,82.39,0.459,0.0,ETH-27MAR20-120-C,182.87,58.39,0.377,13.0,0.425,13.0,96.92,0.24972,-0.0715,0.34468,0.00218,0.86993
9343.17,BTC-27DEC19,1572865140277,open,0.0,677.2,0.0005,0.011,0.00128629,100.0,0.0015,0.0,BTC-27DEC19-24000-C,9213.63,97.18,0.001,20.0,0.0025,24.0,108.54,1.03457,-0.9783,0.13226,1e-05,0.01106
9343.17,BTC-27DEC19,1572865140277,open,0.73,0.0,0.7225,0.742,0.73243622,99.05,None,0.0,BTC-27DEC19-2500-C,9213.63,0.0,0.7245,1.0,0.741,1.0,212.76,0.01594,-0.01493,3.61992,0.0,0.99989
9514.19,BTC-27MAR20,1572865140278,open,0.37,52.6,0.3125,0.4225,0.36816544,76.08,0.355,0.0,BTC-27MAR20-12000-P,9213.63,65.13,0.342,4.0,0.4165,4.0,95.65,23.11342,-6.11082,-36.2194,9e-05,-0.59761
9274.49,SYN.BTC-29NOV19,1572865140278,open,0.02,533.4,0.005,0.036,0.01820282,69.27,0.0175,0.0,BTC-29NOV19-11000-C,9213.63,67.59,0.017,12.8,0.0195,42.3,71.04,6.71263,-9.34607,1.12883,0.00017,0.19679
9343.27,BTC-27DEC19,1572865140279,open,0.52,21.6,0.509,0.5335,0.52055023,96.37,0.5285,0.0,BTC-27DEC19-4500-C,9213.63,0.0,0.5105,1.0,0.53,12.0,133.53,1.33188,-1.21372,6.28899,1e-05,0.98519
9514.19,BTC-27MAR20,1572865140282,open,0.0,609.0,0.0005,0.0155,0.00469855,100.0,0.005,0.0,BTC-27MAR20-40000-C,9213.63,100.83,0.005,17.0,0.0065,20.0,104.5,3.39966,-1.18145,0.73216,1e-05,0.02422
9240.18,SYN.BTC-15NOV19,1572865140277,open,0.04,21.5,0.019,0.066,0.0399506,57.23,0.042,0.0,BTC-15NOV19-9250-P,9213.63,52.94,0.037,22.0,0.042,0.2,60.21,6.35841,-16.73014,-1.44418,0.00044,-0.48459
9343.27,BTC-27DEC19,1572865140285,open,0.94,9.4,0.89,0.9785,0.93165116,90.37,1.1125,0.0,BTC-27DEC19-18000-P,9213.63,0.0,0.0,0.0,0.0,0.0,0.0,3.15244,-2.69386,-25.58451,3e-05,-0.95858
9597.11,SYN.BTC-26JUN20,1572865140281,open,1.35,0.0,1.273,1.4255,1.34621658,85.02,None,0.0,BTC-26JUN20-22000-P,9213.63,0.0,0.11,1.0,0.0,0.0,0.0,20.93841,-3.7897,-133.11829,4e-05,-0.8093
9597.11,SYN.BTC-26JUN20,1572865140284,open,0.59,0.0,0.5795,0.612,0.59500446,74.39,None,0.0,BTC-26JUN20-4000-C,9213.63,46.76,0.584,7.0,0.6105,7.0,93.04,6.47,-1.02459,22.61594,1e-05,0.96121
9274.49,SYN.BTC-29NOV19,1572865140277,open,0.25,7.4,0.232,0.2715,0.25135303,76.18,0.25,0.0,BTC-29NOV19-7000-C,9213.63,0.0,0.233,7.0,0.268,7.0,112.32,3.06967,-4.70038,4.32125,7e-05,0.93501
9223.03,SYN.BTC-8NOV19,1572865140278,open,0.31,0.0,0.276,0.3285,0.30128338,99.64,None,0.0,BTC-8NOV19-12000-P,9213.63,0.0,0.0,0.0,0.0,0.0,0.0,0.16158,-2.07701,-1.26851,2e-05,-0.994
9223.03,SYN.BTC-8NOV19,1572865140279,open,0.29,10.8,0.281,0.3095,0.2952534,102.75,0.305,0.0,BTC-8NOV19-6500-C,9213.63,0.0,0.284,6.0,0.3055,6.0,261.44,0.01352,-0.17917,0.6898,0.0,0.99961
9240.18,SYN.BTC-15NOV19,1572865140277,open,0.35,0.0,0.3375,0.365,0.35094141,100.11,None,0.0,BTC-15NOV19-6000-C,9213.63,0.0,0.34,7.0,0.362,7.0,189.27,0.22512,-1.03608,1.77362,1e-05,0.99513
9597.11,SYN.BTC-26JUN20,1572865140283,open,0.51,0.0,0.484,0.5325,0.5081409,74.39,None,0.0,BTC-26JUN20-5000-C,9213.63,56.1,0.4895,7.0,0.527,7.0,88.59,11.67255,-1.84848,25.30473,3e-05,0.91789
9514.19,BTC-27MAR20,1572865140784,open,0.15,43.6,0.108,0.196,0.15278274,73.93,0.15,0.0,BTC-27MAR20-9000-P,9213.63,71.47,0.147,16.8,0.155,12.0,74.87,22.40053,-5.75494,-19.32504,8e-05,-0.3625
9240.18,SYN.BTC-15NOV19,1572865140786,open,0.05,7.2,0.0305,0.078,0.0544864,59.12,0.051,0.0,BTC-15NOV19-9000-C,9213.63,54.55,0.0515,8.0,0.058,8.0,64.45,6.06629,-16.48694,1.5608,0.0004,0.62138
9240.18,SYN.BTC-15NOV19,1572865140797,open,0.05,7.2,0.0305,0.078,0.0544864,59.12,0.051,0.0,BTC-15NOV19-9000-C,9213.63,54.55,0.0515,8.0,0.058,21.4,64.45,6.06629,-16.48694,1.5608,0.0004,0.62138
185.3,ETH-27DEC19,1572865140891,open,0.03,2730.0,0.009,0.045,0.025095,79.63,0.024,0.0,ETH-27DEC19-140-P,182.87,78.34,0.024,250.0,0.027,816.0,81.85,0.15763,-0.1187,-0.04455,0.00398,-0.14086
9343.27,BTC-27DEC19,1572865141119,open,0.09,801.6,0.053,0.116,0.08437543,68.43,0.08,0.0,BTC-27DEC19-9000-P,9213.63,66.8,0.082,39.1,0.0875,21.3,70.56,13.66453,-8.84227,-6.44878,0.00016,-0.39206
9514.24,BTC-27MAR20,1572865141284,open,0.74,1.1,0.675,0.7925,0.73232259,80.48,1.08,0.0,BTC-27MAR20-16000-P,9213.78,0.0,0.0,0.0,0.0,0.0,0.0,17.63438,-4.9323,-56.75953,6e-05,-0.78113
9514.24,BTC-27MAR20,1572865141284,open,0.2,11.1,0.1625,0.247,0.20682728,73.92,0.2035,0.0,BTC-27MAR20-9000-C,9213.78,71.24,0.2005,18.8,0.2075,6.0,74.21,22.4006,-5.75468,16.15156,8e-05,0.6375
9343.32,BTC-27DEC19,1572865141284,open,0.01,675.5,0.0035,0.0315,0.01432846,77.95,0.014,0.0,BTC-27DEC19-14000-C,9213.78,76.79,0.0135,22.4,0.015,16.0,78.87,6.78434,-5.00086,1.32533,7e-05,0.11225
9343.32,BTC-27DEC19,1572865141284,open,0.0,350.0,0.0005,0.0105,1.54e-06,100.0,0.0005,0.0,BTC-27DEC19-48000-C,9213.78,0.0,0.0,0.0,0.001,45.0,153.98,0.00305,-0.00289,0.00025,0.0,2e-05
9343.32,BTC-27DEC19,1572865141284,open,0.31,66.1,0.295,0.337,0.31569724,74.89,0.355,0.0,BTC-27DEC19-6500-C,9213.78,0.0,0.2955,10.0,0.3325,10.0,99.52,5.20958,-3.68936,8.2002,6e-05,0.92154
9343.32,BTC-27DEC19,1572865141284,open,0.08,744.6,0.046,0.1065,0.07678035,69.14,0.077,0.0,BTC-27DEC19-10000-C,9213.78,67.29,0.074,40.7,0.077,4.0,69.28,14.07392,-9.20103,5.04681,0.00016,0.44965
9514.24,BTC-27MAR20,1572865141284,open,0.26,261.2,0.219,0.2975,0.25988401,73.92,0.264,0.0,BTC-27MAR20-8000-C,9213.78,70.86,0.2535,24.2,0.261,6.0,74.46,19.83823,-5.09639,17.54073,8e-05,0.7276
9343.32,BTC-27DEC19,1572865141284,open,0.73,19.0,0.681,0.764,0.72034803,83.97,1.2,0.0,BTC-27DEC19-16000-P,9213.78,0.0,0.42,0.2,0.0,0.0,0.0,4.44684,-3.5311,-22.42104,4e-05,-0.93615
9343.32,BTC-27DEC19,1572865141284,open,0.0,704.9,0.0005,0.012,0.00218829,96.43,0.0025,0.0,BTC-27DEC19-4500-P,9213.78,91.03,0.0015,50.0,0.003,16.0,101.56,1.33492,-1.2172,-0.23058,1e-05,-0.01485
9343.32,BTC-27DEC19,1572865141285,open,0.0,1544.5,0.0005,0.0105,5.8e-07,100.0,0.001,0.0,BTC-27DEC19-52000-C,9213.78,0.0,0.0,0.0,0.001,49.1,160.21,0.00126,-0.00119,0.0001,0.0,1e-05
9343.32,BTC-27DEC19,1572865141285,open,0.05,949.3,0.024,0.0765,0.04942259,71.39,0.0475,0.0,BTC-27DEC19-11000-C,9213.78,69.97,0.0475,1.8,0.0505,12.8,72.18,12.73395,-8.59636,3.67594,0.00014,0.32101
9514.24,BTC-27MAR20,1572865141285,open,0.02,228.5,0.0065,0.048,0.02297888,87.96,0.0225,0.0,BTC-27MAR20-22000-C,9213.78,86.66,0.0215,20.0,0.0245,15.0,89.25,11.0225,-3.36933,3.15694,4e-05,0.10716
9343.47,BTC-27DEC19,1572865141286,open,0.27,64.6,0.245,0.293,0.26915503,72.83,0.265,0.0,BTC-27DEC19-7000-C,9213.78,50.15,0.2555,9.0,0.288,9.0,94.82,7.06977,-4.86921,8.2823,8e-05,0.88105
9514.24,BTC-27MAR20,1572865141286,open,0.0,1259.6,0.0005,0.0145,0.00482578,78.13,0.007,0.0,BTC-27MAR20-4000-P,9213.78,75.5,0.004,31.0,0.006,22.0,81.46,3.14979,-0.85519,-1.01061,1e-05,-0.02212
9343.47,BTC-27DEC19,1572865141286,open,0.0,106.3,0.0005,0.0105,9.9e-07,100.0,0.0005,0.0,BTC-27DEC19-2000-P,9213.78,0.0,0.0,0.0,0.0005,13.1,160.26,0.00177,-0.00167,-0.00016,0.0,-1e-05
9514.24,BTC-27MAR20,1572865141286,open,0.49,1.0,0.4695,0.507,0.4876757,74.98,0.551,0.0,BTC-27MAR20-5000-C,9213.78,49.31,0.476,8.1,0.503,8.0,93.4,6.60464,-1.72103,17.16694,2e-05,0.94542
9240.29,SYN.BTC-15NOV19,1572865141284,open,0.0,6.8,0.0005,0.013,0.00341566,69.23,0.0035,0.0,BTC-15NOV19-7750-P,9213.78,64.6,0.0025,52.0,0.0045,0.1,73.98,1.9696,-6.26905,-0.18238,0.00011,-0.06283
9240.29,SYN.BTC-15NOV19,1572865141284,open,0.03,19.1,0.0105,0.05,0.02866641,59.03,0.0255,0.0,BTC-15NOV19-9500-C,9213.78,54.31,0.0255,36.2,0.031,25.0,62.5,6.20964,-16.85276,1.05686,0.00041,0.41252
9343.47,BTC-27DEC19,1572865141286,open,0.03,918.3,0.012,0.0555,0.03164049,73.21,0.031,0.0,BTC-27DEC19-12000-C,9213.78,71.76,0.03,37.1,0.0325,12.8,73.96,10.63905,-7.36519,2.60387,0.00011,0.22401
9514.24,BTC-27MAR20,1572865141287,open,1.97,0.0,1.8885,2.032,1.9559576,94.01,None,0.0,BTC-27MAR20-28000-P,9213.78,0.0,0.0005,5.0,0.0,0.0,0.0,7.35194,-2.402,-108.5117,2e-05,-0.93744
9240.29,SYN.BTC-15NOV19,1572865141284,open,0.14,0.0,0.1185,0.1605,0.13948463,66.24,None,0.0,BTC-15NOV19-8000-C,9213.78,0.0,0.119,6.0,0.158,6.0,112.12,2.67055,-8.13236,2.111,0.00016,0.90621
9514.24,BTC-27MAR20,1572865141287,open,0.01,47.9,0.003,0.032,0.01298505,93.99,0.014,0.0,BTC-27MAR20-28000-C,9213.78,91.3,0.011,36.0,0.0145,16.0,95.89,7.34684,-2.39982,1.85718,2e-05,0.06251
9240.29,SYN.BTC-15NOV19,1572865141284,open,0.0,15.9,0.0005,0.0115,0.00165616,77.69,0.0015,0.0,BTC-15NOV19-7250-P,9213.78,76.34,0.0015,3.8,0.002,1.1,80.44,1.09557,-3.91328,-0.0881,6e-05,-0.03034
9343.47,BTC-27DEC19,1572865141287,open,0.0,631.3,0.0005,0.0105,0.00037172,100.0,0.0015,0.0,BTC-27DEC19-28000-C,9213.78,110.33,0.001,26.0,0.0015,12.0,115.41,0.37731,-0.35679,0.04284,0.0,0.00354
9343.47,BTC-27DEC19,1572865141288,open,0.0,599.8,0.0005,0.0105,0.00068723,100.0,0.0025,0.0,BTC-27DEC19-26000-C,9213.78,104.05,0.001,48.0,0.002,18.5,112.75,0.62549,-0.59146,0.07507,0.0,0.00623
9514.39,BTC-27MAR20,1572865141289,open,0.16,473.1,0.1185,0.2055,0.16372624,73.92,0.16,0.0,BTC-27MAR20-10000-C,9213.78,72.22,0.1595,26.4,0.167,26.4,75.24,23.64595,-6.07442,14.47381,9e-05,0.54966
9223.13,SYN.BTC-8NOV19,1572865141284,open,0.0,95.0,0.0005,0.0105,0.00036714,100.0,0.0005,0.0,BTC-8NOV19-11750-C,9213.78,104.06,0.0005,200.8,0.001,20.5,114.84,0.27021,-3.38621,0.01019,3e-05,0.01077
9240.29,SYN.BTC-15NOV19,1572865141284,open,0.02,30.8,0.0055,0.0395,0.01999345,59.29,0.02,0.0,BTC-15NOV19-9750-C,9213.78,55.2,0.0175,42.0,0.0215,11.5,61.73,5.68857,-15.50622,0.82034,0.00038,0.31795
9223.13,SYN.BTC-8NOV19,1572865141285,open,0.27,0.5,0.2535,0.283,0.26816656,97.39,0.2365,0.0,BTC-8NOV19-6750-C,9213.78,0.0,0.2565,6.0,0.28,6.0,249.13,0.02566,-0.32234,0.71595,0.0,0.99921
9343.47,BTC-27DEC19,1572865141289,open,0.23,247.2,0.187,0.266,0.2267406,71.41,0.254,0.0,BTC-27DEC19-11000-P,9213.78,44.83,0.194,7.0,0.2665,7.0,99.24,12.73544,-8.59921,-12.25843,0.00014,-0.67892
9597.26,SYN.BTC-26JUN20,1572865141284,open,0.41,2.2,0.3445,0.469,0.40785867,74.73,0.41,0.0,BTC-26JUN20-12000-P,9213.78,59.11,0.3585,3.0,0.4305,3.0,81.81,30.63182,-4.87286,-57.86443,7e-05,-0.5291
9274.62,SYN.BTC-29NOV19,1572865141285,open,0.46,0.3,0.45,0.4735,0.46145925,99.84,0.4955,0.0,BTC-29NOV19-5000-C,9213.78,0.0,0.452,9.0,0.471,9.0,163.24,0.42356,-0.84999,3.3649,1e-05,0.9938
9597.26,SYN.BTC-26JUN20,1572865141285,open,0.26,34.4,0.209,0.305,0.25967063,74.39,0.259,0.0,BTC-26JUN20-9000-C,9213.78,72.81,0.255,14.2,0.2665,3.0,76.71,28.28323,-4.47887,24.578,6e-05,0.65764
9223.13,SYN.BTC-8NOV19,1572865141284,open,0.0,165.7,0.0005,0.0105,0.00010514,100.0,0.0005,0.0,BTC-8NOV19-12250-C,9213.78,0.0,0.0,0.0,0.0005,0.5,119.15,0.09829,-0.96973,0.00326,1e-05,0.00344
9597.26,SYN.BTC-26JUN20,1572865141287,open,0.05,15.3,0.022,0.093,0.05385758,85.02,0.052,0.0,BTC-26JUN20-22000-C,9213.78,82.99,0.0495,27.8,0.058,24.8,86.89,20.93848,-3.78962,8.45066,4e-05,0.19069
9597.26,SYN.BTC-26JUN20,1572865141285,open,0.31,12.2,0.261,0.35,0.30787502,74.39,0.3585,0.0,BTC-26JUN20-8000-C,9213.78,72.19,0.302,10.8,0.3155,9.0,77.25,25.60135,-4.05415,25.87723,6e-05,0.72689
9223.13,SYN.BTC-8NOV19,1572865141284,open,0.0,667.1,0.0005,0.011,0.00140738,81.03,0.002,0.0,BTC-8NOV19-8000-P,9213.78,76.03,0.001,25.5,0.002,10.5,87.01,0.82611,-8.63548,-0.04097,0.00011,-0.04043
9223.13,SYN.BTC-8NOV19,1572865141284,open,0.0,283.8,0.0005,0.0105,2.77e-05,100.0,0.001,0.0,BTC-8NOV19-12750-C,9213.78,0.0,0.0,0.0,0.0005,0.5,133.36,0.03192,-0.25547,0.00095,0.0,0.001
9343.47,BTC-27DEC19,1572865141291,open,0.01,529.0,0.0015,0.0245,0.01138515,74.9,0.0105,0.0,BTC-27DEC19-6500-P,9213.78,73.29,0.0105,45.0,0.0125,16.0,76.86,5.21028,-3.6903,-1.21625,6e-05,-0.07847
9240.29,SYN.BTC-15NOV19,1572865141284,open,0.01,68.1,0.0005,0.0205,0.00750547,64.79,0.007,0.0,BTC-15NOV19-10500-C,9213.78,60.67,0.006,20.1,0.0085,15.0,67.33,3.52533,-10.50095,0.36084,0.00021,0.13856
9223.13,SYN.BTC-8NOV19,1572865141284,open,0.0,522.6,0.0005,0.015,0.00369041,66.17,0.004,0.0,BTC-8NOV19-8500-P,9213.78,62.43,0.003,21.5,0.0045,10.5,70.21,1.77617,-15.16267,-0.11043,0.0003,-0.10906
9240.29,SYN.BTC-15NOV19,1572865141284,open,0.25,0.0,0.221,0.277,0.24740069,75.8,None,0.0,BTC-15NOV19-11500-P,9213.78,0.0,0.0,0.0,0.0,0.0,0.0,1.75037,-6.09947,-3.28559,9e-05,-0.94594
9223.13,SYN.BTC-8NOV19,1572865141286,open,0.0,60.6,0.0005,0.0105,2.7e-07,100.0,0.0005,0.0,BTC-8NOV19-6000-P,9213.78,0.0,0.0,0.0,0.0015,32.0,209.39,0.00051,-0.00251,-1e-05,0.0,-1e-05
9343.47,BTC-27DEC19,1572865141292,open,0.0,945.3,0.0005,0.0105,0.00020361,100.0,0.001,0.0,BTC-27DEC19-30000-C,9213.78,108.32,0.0005,11.4,0.001,11.0,116.11,0.22779,-0.2154,0.02462,0.0,0.00202
9223.13,SYN.BTC-8NOV19,1572865141287,open,0.0,171.6,0.0005,0.0105,0.00081691,85.5,0.001,0.0,BTC-8NOV19-11000-C,9213.78,79.45,0.0005,50.0,0.001,0.5,88.32,0.56015,-6.17847,0.02393,7e-05,0.02525
9223.13,SYN.BTC-8NOV19,1572865141284,open,0.22,0.0,0.196,0.248,0.22058162,94.56,None,0.0,BTC-8NOV19-11250-P,9213.78,0.0,0.0,0.0,0.0,0.0,0.0,0.5235,-6.38634,-1.17255,6e-05,-0.9767
9223.13,SYN.BTC-8NOV19,1572865141290,open,0.0,600.4,0.0005,0.012,0.00211169,67.85,0.0015,0.0,BTC-8NOV19-10250-C,9213.78,63.05,0.0015,20.5,0.0025,0.5,70.54,1.27796,-11.187,0.06662,0.00021,0.07013
9274.62,SYN.BTC-29NOV19,1572865141285,open,0.08,367.8,0.055,0.1085,0.08227452,64.82,0.0795,0.0,BTC-29NOV19-9000-C,9213.78,62.56,0.08,9.6,0.0845,13.0,67.03,9.33286,-12.15902,3.29417,0.00025,0.60343
9274.62,SYN.BTC-29NOV19,1572865141287,open,0.0,446.2,0.0005,0.0105,0.00057236,100.0,0.001,0.0,BTC-29NOV19-5000-P,9213.78,98.36,0.0005,86.3,0.001,16.0,107.58,0.42743,-0.85915,-0.04318,1e-05,-0.00626
9597.26,SYN.BTC-26JUN20,1572865141284,open,0.12,102.2,0.077,0.1755,0.12653032,79.0,0.136,0.0,BTC-26JUN20-14000-C,9213.78,77.36,0.1215,16.1,0.131,8.0,80.45,29.54139,-4.968,16.27966,6e-05,0.39013
9240.29,SYN.BTC-15NOV19,1572865141284,open,0.01,20.2,0.0005,0.016,0.00518789,65.76,0.0045,0.0,BTC-15NOV19-10750-C,9213.78,63.43,0.0045,0.1,0.0055,1.0,66.77,2.81801,-8.52011,0.26358,0.00017,0.10092
9274.62,SYN.BTC-29NOV19,1572865141284,open,0.05,226.2,0.0285,0.0785,0.0526781,64.83,0.052,0.0,BTC-29NOV19-9000-P,9213.78,62.66,0.0505,12.8,0.055,37.5,67.14,9.3329,-12.16157,-2.83969,0.00025,-0.39658
9274.62,SYN.BTC-29NOV19,1572865141284,open,0.41,0.0,0.3755,0.442,0.40721473,80.12,None,0.0,BTC-29NOV19-13000-P,9213.78,0.0,0.387,3.0,0.436,3.0,131.12,3.08983,-4.97578,-8.48057,7e-05,-0.93446
9240.29,SYN.BTC-15NOV19,1572865141284,open,0.0,17.6,0.0005,0.0125,0.00283653,75.72,0.002,0.0,BTC-15NOV19-11500-C,9213.78,70.85,0.002,15.0,0.0035,1.0,79.03,1.74521,-6.07508,0.14048,9e-05,0.05386
9223.13,SYN.BTC-8NOV19,1572865141286,open,0.16,42.1,0.143,0.1795,0.1606502,88.91,0.18,0.0,BTC-8NOV19-7750-C,9213.78,0.0,0.1455,5.0,0.1755,5.0,179.62,0.57156,-6.55558,0.79668,7e-05,0.97413
9223.13,SYN.BTC-8NOV19,1572865141286,open,0.01,822.1,0.0015,0.0325,0.01279766,56.37,0.0135,0.0,BTC-8NOV19-9000-P,9213.78,55.57,0.0125,2.0,0.0135,2.0,58.26,3.42544,-24.91091,-0.33192,0.00067,-0.32612
9240.29,SYN.BTC-15NOV19,1572865141284,open,0.0,9.9,0.0005,0.0125,0.00273077,75.58,0.0035,0.0,BTC-15NOV19-7500-P,9213.78,70.98,0.002,15.0,0.0035,27.0,79.75,1.59184,-5.53111,-0.13963,8e-05,-0.04798
9240.29,SYN.BTC-15NOV19,1572865141284,open,0.21,0.0,0.2,0.235,0.21703962,77.61,None,0.0,BTC-15NOV19-7250-C,9213.78,0.0,0.202,6.0,0.231,6.0,134.37,1.09186,-3.89598,2.07251,6e-05,0.96978
9223.13,SYN.BTC-8NOV19,1572865141286,open,0.36,0.0,0.329,0.3835,0.35535777,102.26,None,0.0,BTC-8NOV19-12500-P,9213.78,0.0,0.0,0.0,0.0,0.0,0.0,0.06865,-0.90564,-1.3251,1e-05,-0.99769
9597.26,SYN.BTC-26JUN20,1572865141284,open,0.96,0.0,0.884,1.0295,0.95547181,82.42,None,0.0,BTC-26JUN20-18000-P,9213.78,0.0,0.09,1.0,1.35,1.0,211.47,25.33243,-4.4445,-104.25136,5e-05,-0.73259
9597.26,SYN.BTC-26JUN20,1572865141284,open,0.1,26.9,0.0535,0.1445,0.09807255,80.29,0.1045,0.0,BTC-26JUN20-16000-C,9213.78,78.51,0.093,16.7,0.1025,9.0,81.83,27.482,-4.6972,13.62113,6e-05,0.31863
9597.26,SYN.BTC-26JUN20,1572865141285,open,1.15,0.0,1.076,1.2245,1.14818685,83.42,None,0.0,BTC-26JUN20-20000-P,9213.78,0.0,0.1,1.0,1.88,0.1,364.1,22.96321,-4.07793,-118.90545,5e-05,-0.77716
9240.29,SYN.BTC-15NOV19,1572865141284,open,0.0,13.1,0.0005,0.013,0.00312684,71.14,0.0025,0.0,BTC-15NOV19-11250-C,9213.78,67.98,0.0025,15.0,0.004,0.1,75.03,1.94081,-6.34804,0.16113,0.00011,0.06165
9274.62,SYN.BTC-29NOV19,1572865141288,open,0.03,238.2,0.0095,0.0465,0.02622235,67.13,0.031,0.0,BTC-29NOV19-10500-C,9213.78,65.7,0.025,12.8,0.0255,5.0,66.29,7.96803,-10.75141,1.52494,0.0002,0.26748
9240.29,SYN.BTC-15NOV19,1572865141284,open,0.15,0.0,0.117,0.172,0.14384665,64.83,None,0.0,BTC-15NOV19-10500-P,9213.78,0.0,0.1215,4.0,0.1695,4.0,115.08,3.5279,-10.51446,-2.76742,0.00021,-0.86129
9274.62,SYN.BTC-29NOV19,1572865141284,open,0.02,755.8,0.006,0.0355,0.01855612,67.86,0.0185,0.0,BTC-29NOV19-8000-P,9213.78,66.29,0.0175,28.8,0.02,26.9,69.96,6.30803,-8.60345,-1.24219,0.00016,-0.17796
9597.26,SYN.BTC-26JUN20,1572865141287,open,0.1,105.2,0.058,0.131,0.09416299,74.39,0.092,0.0,BTC-26JUN20-7000-P,9213.78,70.56,0.0855,15.8,0.0955,23.8,74.98,21.81485,-3.45474,-18.4181,5e-05,-0.20407
9223.13,SYN.BTC-8NOV19,1572865141287,open,0.0,342.7,0.0005,0.0105,0.00093822,89.06,0.0015,0.0,BTC-8NOV19-7750-P,9213.78,80.63,0.0005,44.0,0.0015,10.6,96.83,0.57511,-6.60764,-0.02644,7e-05,-0.02606
9240.29,SYN.BTC-15NOV19,1572865141284,open,0.19,0.0,0.1725,0.2105,0.1910585,75.52,None,0.0,BTC-15NOV19-7500-C,9213.78,0.0,0.174,6.0,0.2055,6.0,124.97,1.58876,-5.51622,2.09545,8e-05,0.95213
9240.29,SYN.BTC-15NOV19,1572865141284,open,0.01,40.1,0.0005,0.021,0.00791675,63.09,0.0105,0.0,BTC-15NOV19-8250-P,9213.78,61.97,0.0075,0.2,0.009,0.2,65.89,3.49224,-10.12862,-0.39807,0.00022,-0.13666
9240.29,SYN.BTC-15NOV19,1572865141284,open,0.0,6.8,0.0005,0.0135,0.00397273,68.38,0.004,0.0,BTC-15NOV19-11000-C,9213.78,64.24,0.003,35.0,0.0045,1.0,70.41,2.32886,-7.32118,0.20414,0.00013,0.07812
9240.29,SYN.BTC-15NOV19,1572865141284,open,0.2,0.0,0.168,0.223,0.1944254,68.44,None,0.0,BTC-15NOV19-11000-P,9213.78,0.0,0.0,0.0,0.0,0.0,0.0,2.33311,-7.34069,-3.07299,0.00013,-0.9217
9240.29,SYN.BTC-15NOV19,1572865141284,open,0.01,90.3,0.0005,0.016,0.00526839,66.27,0.006,0.0,BTC-15NOV19-8000-P,9213.78,61.62,0.004,53.0,0.007,51.0,71.9,2.67288,-8.14392,-0.27304,0.00016,-0.0939
9240.29,SYN.BTC-15NOV19,1572865141284,open,0.17,0.0,0.142,0.197,0.16858481,65.81,None,0.0,BTC-15NOV19-10750-P,9213.78,0.0,0.008,0.1,0.0,0.0,0.0,2.82153,-8.53676,-2.9391,0.00017,-0.89891
9240.29,SYN.BTC-15NOV19,1572865141284,open,0.22,0.0,0.1945,0.2495,0.22063525,71.22,None,0.0,BTC-15NOV19-11250-P,9213.78,0.0,0.0,0.0,0.0,0.0,0.0,1.94574,-6.37044,-3.19045,0.00011,-0.93815
9597.26,SYN.BTC-26JUN20,1572865141284,open,0.69,0.0,0.682,0.702,0.69159291,78.12,None,0.0,BTC-26JUN20-3000-C,9213.78,0.0,0.6855,1.0,0.7025,1.0,102.01,2.92278,-0.48607,18.11753,1e-05,0.98496
9223.13,SYN.BTC-8NOV19,1572865141287,open,0.0,88.9,0.0005,0.0105,3.032e-05,100.0,0.0025,0.0,BTC-8NOV19-6750-P,9213.78,0.0,0.0,0.0,0.001,17.0,148.6,0.03294,-0.27968,-0.00104,0.0,-0.00103
9274.62,SYN.BTC-29NOV19,1572865141291,open,0.21,13.1,0.172,0.237,0.20425124,69.29,0.233,0.0,BTC-29NOV19-11000-P,9213.78,0.0,0.178,5.0,0.233,1.0,103.56,6.71476,-9.35155,-6.36742,0.00017,-0.80311
9240.29,SYN.BTC-15NOV19,1572865141284,open,0.12,0.0,0.0925,0.148,0.11968117,63.01,None,0.0,BTC-15NOV19-10250-P,9213.78,0.0,0.096,5.0,0.1465,5.0,110.86,4.24744,-12.30342,-2.57539,0.00026,-0.81571
9223.13,SYN.BTC-8NOV19,1572865141284,open,0.0,106.6,0.0005,0.0105,5.45e-05,100.0,0.0005,0.0,BTC-8NOV19-12500-C,9213.78,0.0,0.0,0.0,0.001,20.0,138.77,0.05676,-0.50267,0.00178,1e-05,0.00187
9597.26,SYN.BTC-26JUN20,1572865141287,open,0.77,0.0,0.695,0.836,0.76524107,80.3,None,0.0,BTC-26JUN20-16000-P,9213.78,0.0,0.08,1.0,0.88,0.5,117.57,27.48366,-4.69801,-89.33689,6e-05,-0.68133
9240.29,SYN.BTC-15NOV19,1572865141284,open,0.01,28.9,0.0025,0.0305,0.01392493,60.22,0.0125,0.0,BTC-15NOV19-10000-C,9213.78,56.56,0.012,44.0,0.015,10.0,62.2,4.95192,-13.70854,0.62084,0.00032,0.23942
9597.26,SYN.BTC-26JUN20,1572865141287,open,0.08,61.2,0.0395,0.1245,0.07990723,82.41,0.0765,0.0,BTC-26JUN20-18000-C,9213.78,81.11,0.0765,8.0,0.083,23.4,83.57,25.32969,-4.44342,11.57604,5e-05,0.26735
9223.13,SYN.BTC-8NOV19,1572865141285,open,0.0,60.8,0.0005,0.0105,1.6e-06,100.0,0.0005,0.0,BTC-8NOV19-6250-P,9213.78,0.0,0.0,0.0,0.0005,0.4,163.83,0.0025,-0.01471,-6e-05,0.0,-6e-05
9274.62,SYN.BTC-29NOV19,1572865141289,open,0.01,179.6,0.003,0.0285,0.01305742,71.91,0.012,0.0,BTC-29NOV19-11500-C,9213.78,69.24,0.0115,37.0,0.014,48.0,73.46,5.55549,-8.02955,0.84314,0.00013,0.14645
9223.13,SYN.BTC-8NOV19,1572865141286,open,0.0,137.9,0.0005,0.0105,7.62e-06,100.0,0.0005,0.0,BTC-8NOV19-6500-P,9213.78,0.0,0.0,0.0,0.001,1.0,164.19,0.00997,-0.07025,-0.00028,0.0,-0.00028
9223.13,SYN.BTC-8NOV19,1572865141287,open,0.0,170.5,0.0005,0.0105,0.00022611,96.55,0.0005,0.0,BTC-8NOV19-7250-P,9213.78,0.0,0.0,0.0,0.0005,2.2,106.99,0.17988,-2.08543,-0.00685,2e-05,-0.00677
9597.26,SYN.BTC-26JUN20,1572865141285,open,0.36,1.5,0.324,0.4025,0.36477676,74.39,0.419,0.0,BTC-26JUN20-7000-C,9213.78,70.51,0.356,9.0,0.3705,3.0,76.9,21.81457,-3.45447,26.62753,5e-05,0.79594
9343.32,BTC-27DEC19,1572865141342,open,0.09,801.6,0.053,0.116,0.08437543,68.43,0.08,0.0,BTC-27DEC19-9000-P,9213.78,66.8,0.082,39.1,0.0875,34.1,70.56,13.66452,-8.84176,-6.44859,0.00016,-0.39206
9240.29,SYN.BTC-15NOV19,1572865141351,open,0.11,0.0,0.0925,0.137,0.11507725,63.06,None,0.0,BTC-15NOV19-8250-C,9213.78,55.74,0.1125,4.0,0.1195,6.0,73.87,3.49052,-10.11902,2.06044,0.00022,0.86344
9343.32,BTC-27DEC19,1572865141367,open,0.09,801.6,0.053,0.116,0.08437543,68.43,0.08,0.0,BTC-27DEC19-9000-P,9213.78,66.8,0.082,39.1,0.087,11.0,70.22,13.66452,-8.84176,-6.44859,0.00016,-0.39206
9343.32,BTC-27DEC19,1572865141383,open,0.15,520.5,0.1095,0.1835,0.14707691,69.15,0.141,0.0,BTC-27DEC19-10000-P,9213.78,68.76,0.1465,1.5,0.1515,9.0,72.08,14.07401,-9.20225,-9.43959,0.00016,-0.55033
185.3,ETH-27DEC19,1572865141484,open,0.44,946.0,0.376,0.482,0.428577,81.53,0.3,0.0,ETH-27DEC19-260-P,182.87,0.0,0.403,50.0,0.451,10.0,101.88,0.1815,-0.13993,-0.33663,0.00448,-0.82546
183.05,SYN.ETH-8NOV19,1572865141487,open,0.03,616.0,0.009,0.06,0.033889,60.54,0.035,0.0,ETH-8NOV19-180-C,182.87,50.57,0.03,30.0,0.034,1.0,60.82,0.07193,-0.56176,0.01135,0.0334,0.61806
185.3,ETH-27DEC19,1572865141489,open,0.54,311.0,0.476,0.587,0.530206,85.32,0.71,0.0,ETH-27DEC19-280-P,182.87,0.0,0.001,8.0,0.55,10.0,105.93,0.15216,-0.12276,-0.37486,0.00359,-0.86625
185.3,ETH-27DEC19,1572865141556,open,0.17,3393.0,0.117,0.205,0.162109,75.19,0.165,0.0,ETH-27DEC19-200-P,182.87,74.45,0.161,96.0,0.169,181.0,79.75,0.27922,-0.19852,-0.19094,0.00747,-0.54922
184.01,SYN.ETH-29NOV19,1572865141593,open,0.08,3794.0,0.051,0.113,0.083291,69.86,0.087,0.0,ETH-29NOV19-180-C,182.87,66.63,0.08,471.0,0.086,567.0,72.52,0.18738,-0.26311,0.06279,0.01162,0.58398
183.37,SYN.ETH-15NOV19,1572865142106,open,0.0,400.0,0.001,0.011,0.001422,82.81,0.003,0.0,ETH-15NOV19-140-P,182.87,78.18,0.001,500.0,0.002,203.0,87.96,0.01852,-0.07051,-0.00145,0.00223,-0.02504
183.37,SYN.ETH-15NOV19,1572865142106,open,0.16,0.0,0.116,0.191,0.152766,67.55,None,0.0,ETH-15NOV19-210-P,182.87,0.0,0.145,50.0,0.0,0.0,0.0,0.0686,-0.21303,-0.05563,0.01014,-0.86536
183.37,SYN.ETH-15NOV19,1572865142106,open,0.01,53.0,0.002,0.033,0.014291,64.16,0.015,0.0,ETH-15NOV19-200-C,182.87,59.72,0.012,448.0,0.016,160.0,67.35,0.09685,-0.28567,0.01196,0.01507,0.23316
183.37,SYN.ETH-15NOV19,1572865142106,open,0.0,25.0,0.001,0.012,0.002821,73.79,0.003,0.0,ETH-15NOV19-150-P,182.87,68.78,0.002,200.0,0.004,200.0,79.77,0.03287,-0.11149,-0.00291,0.00445,-0.05042
183.37,SYN.ETH-15NOV19,1572865142106,open,0.05,75.0,0.024,0.08,0.052535,62.64,0.058,0.0,ETH-15NOV19-180-C,182.87,58.86,0.05,265.0,0.055,120.0,66.31,0.1231,-0.35452,0.02932,0.01961,0.58924
183.37,SYN.ETH-15NOV19,1572865142106,open,0.02,94.0,0.003,0.035,0.015808,64.46,0.02,0.0,ETH-15NOV19-170-P,182.87,60.97,0.014,160.0,0.018,445.0,68.58,0.09631,-0.28541,-0.01348,0.01491,-0.23085
183.37,SYN.ETH-15NOV19,1572865142109,open,0.0,90.0,0.001,0.012,0.002919,78.26,0.003,0.0,ETH-15NOV19-230-C,182.87,72.86,0.002,4.0,0.004,201.0,83.5,0.03457,-0.12436,0.00278,0.00441,0.05373
183.37,SYN.ETH-15NOV19,1572865142109,open,0.01,204.0,0.001,0.019,0.006549,67.7,0.007,0.0,ETH-15NOV19-160-P,182.87,62.68,0.005,200.0,0.008,200.0,71.99,0.05963,-0.18561,-0.00638,0.00879,-0.11029
183.37,SYN.ETH-15NOV19,1572865142109,open,0.21,0.0,0.166,0.243,0.203908,71.36,None,0.0,ETH-15NOV19-220-P,182.87,0.0,0.0,0.0,0.0,0.0,0.0,0.04628,-0.15184,-0.0615,0.00647,-0.92174
183.37,SYN.ETH-15NOV19,1572865142109,open,0.23,0.0,0.214,0.262,0.237938,82.81,None,0.0,ETH-15NOV19-140-C,182.87,0.0,0.0,0.0,0.0,0.0,0.0,0.01852,-0.07051,0.04027,0.00223,0.97496
183.37,SYN.ETH-15NOV19,1572865142109,open,0.13,0.0,0.104,0.161,0.133996,67.7,None,0.0,ETH-15NOV19-160-C,182.87,0.0,0.127,50.0,0.0,0.0,0.0,0.05963,-0.18561,0.04129,0.00879,0.88971
183.37,SYN.ETH-15NOV19,1572865142109,open,0.18,0.0,0.158,0.21,0.184802,73.79,None,0.0,ETH-15NOV19-150-C,182.87,0.0,0.0,0.0,0.0,0.0,0.0,0.03287,-0.11149,0.04179,0.00445,0.94958
183.37,SYN.ETH-15NOV19,1572865142109,open,0.26,0.0,0.219,0.298,0.257215,78.26,None,0.0,ETH-15NOV19-230-P,182.87,0.0,0.0,0.0,0.0,0.0,0.0,0.03457,-0.12436,-0.06576,0.00441,-0.94627
183.37,SYN.ETH-15NOV19,1572865142109,open,0.0,29.0,0.001,0.014,0.004147,71.36,0.004,0.0,ETH-15NOV19-220-C,182.87,66.44,0.003,201.0,0.005,200.0,74.59,0.04628,-0.15184,0.00405,0.00647,0.07826
187.95,ETH-27MAR20,1572865142163,open,0.33,0.0,0.288,0.367,0.330894,81.29,None,0.0,ETH-27MAR20-140-C,182.87,61.24,0.297,13.0,0.356,13.0,95.2,0.33295,-0.09405,0.3456,0.00294,0.79738
9240.29,SYN.BTC-15NOV19,1572865142191,open,0.08,0.0,0.0485,0.1025,0.07515806,59.31,None,0.0,BTC-15NOV19-9750-P,9213.78,52.42,0.071,6.0,0.0785,6.0,64.66,5.68911,-15.51316,-2.08464,0.00038,-0.68198
9514.43,BTC-27MAR20,1572865142294,open,0.55,58.9,0.486,0.601,0.54308468,78.03,0.6005,0.0,BTC-27MAR20-14000-P,9213.83,0.0,0.3,0.1,0.7,1.0,143.07,20.55923,-5.57514,-46.86786,7e-05,-0.70659
9274.79,SYN.BTC-29NOV19,1572865142291,open,0.15,361.8,0.1305,0.18,0.15598442,67.83,0.1585,0.0,BTC-29NOV19-8000-C,9213.83,64.11,0.1535,7.0,0.175,7.0,93.28,6.30611,-8.59802,4.21069,0.00016,0.82213
9274.79,SYN.BTC-29NOV19,1572865142298,open,0.52,0.0,0.4805,0.549,0.51308383,86.09,None,0.0,BTC-29NOV19-14000-P,9213.83,0.0,0.4935,3.0,0.541,3.0,143.87,2.20146,-3.80929,-9.29408,4e-05,-0.95726
185.3,ETH-27DEC19,1572865142431,open,0.96,257.0,0.889,1.018,0.9504,97.8,0.995,0.0,ETH-27DEC19-360-P,182.87,0.0,0.914,3.0,0.988,3.0,148.42,0.07847,-0.07256,-0.50879,0.00161,-0.94499
9514.52,BTC-27MAR20,1572865143300,open,0.05,973.9,0.022,0.0845,0.05061227,80.47,0.049,0.0,BTC-27MAR20-16000-C,9213.73,79.32,0.0485,18.0,0.0525,14.4,81.48,17.6327,-4.93098,6.30844,6e-05,0.21882
9343.58,BTC-27DEC19,1572865143300,open,0.0,370.7,0.0005,0.0145,0.00462496,82.95,0.0055,0.0,BTC-27DEC19-5500-P,9213.73,80.64,0.004,53.0,0.0055,17.0,85.92,2.62836,-2.06177,-0.51139,3e-05,-0.03316
9514.52,BTC-27MAR20,1572865143300,open,0.94,0.0,0.872,0.992,0.92937335,83.05,1.23,0.0,BTC-27MAR20-18000-P,9213.73,0.0,0.0,0.0,0.0,0.0,0.0,15.00398,-4.33059,-66.05776,5e-05,-0.83196
9343.58,BTC-27DEC19,1572865143300,open,0.0,887.2,0.0005,0.0105,8.559e-05,100.0,0.0005,0.0,BTC-27DEC19-3000-P,9213.73,119.26,0.0005,18.3,0.001,9.3,129.78,0.09177,-0.08678,-0.01129,0.0,-0.00075
9514.52,BTC-27MAR20,1572865143300,open,0.06,63.1,0.0325,0.0895,0.05980754,73.93,0.058,0.0,BTC-27MAR20-7000-P,9213.73,71.34,0.0555,24.4,0.0615,29.4,74.93,15.99026,-4.10799,-9.21294,6e-05,-0.18584
9514.52,BTC-27MAR20,1572865143300,open,1.14,5.2,1.0725,1.1955,1.13080036,85.45,1.108,0.0,BTC-27MAR20-20000-P,9213.73,0.0,0.0,0.0,0.0,0.0,0.0,12.77668,-3.79403,-74.96037,4e-05,-0.86791
9343.58,BTC-27DEC19,1572865143300,open,4.59,0.8,4.4565,4.679,4.56536688,126.23,3.59,0.0,BTC-27DEC19-52000-P,9213.73,0.0,0.001,1.0,0.0,0.0,0.0,0.05498,-0.06563,-75.32459,0.0,-0.99957
9514.52,BTC-27MAR20,1572865143300,open,0.1,697.0,0.065,0.148,0.10688683,76.07,0.102,0.0,BTC-27MAR20-12000-C,9213.73,74.26,0.1025,28.7,0.109,22.7,76.94,23.1143,-6.11056,11.08296,9e-05,0.4024
9514.52,BTC-27MAR20,1572865143300,open,0.01,155.4,0.0035,0.0265,0.01320496,74.99,0.014,0.0,BTC-27MAR20-5000-P,9213.73,73.21,0.012,30.0,0.015,21.0,77.5,6.60491,-1.7212,-2.54221,2e-05,-0.05458
9343.58,BTC-27DEC19,1572865143300,open,0.0,449.3,0.0005,0.0105,4.23e-06,100.0,0.0005,0.0,BTC-27DEC19-44000-C,9213.73,0.0,0.0,0.0,0.001,45.0,147.15,0.00761,-0.0072,0.00065,0.0,5e-05
9343.58,BTC-27DEC19,1572865143300,open,0.0,562.6,0.0005,0.0105,1.208e-05,100.0,0.001,0.0,BTC-27DEC19-40000-C,9213.73,0.0,0.0,0.0,0.001,25.0,139.57,0.0195,-0.01844,0.00175,0.0,0.00014
9343.58,BTC-27DEC19,1572865143300,open,0.22,299.6,0.1975,0.251,0.22485889,70.25,0.221,0.0,BTC-27DEC19-7500-C,9213.73,28.04,0.198,10.0,0.2295,16.0,74.98,8.98615,-5.96943,8.19616,0.0001,0.83039
9343.58,BTC-27DEC19,1572865143300,open,0.36,102.4,0.3475,0.384,0.3651347,78.61,0.4,0.0,BTC-27DEC19-6000-C,9213.73,0.0,0.348,10.0,0.38,10.0,106.26,3.75791,-2.79334,7.89554,4e-05,0.94845
9514.52,BTC-27MAR20,1572865143300,open,0.01,85.8,0.0005,0.0235,0.008181,98.57,0.009,0.0,BTC-27MAR20-34000-C,9213.73,95.25,0.0065,36.0,0.0095,20.0,100.89,5.16885,-1.77069,1.20096,1e-05,0.0402
9343.58,BTC-27DEC19,1572865143300,open,0.0,759.9,0.0005,0.0155,0.00509922,90.27,0.005,0.0,BTC-27DEC19-18000-C,9213.73,88.42,0.0045,22.0,0.0055,16.0,91.44,3.14084,-2.68106,0.48905,3e-05,0.04123
9514.42,BTC-27MAR20,1572865143301,open,0.03,482.2,0.0135,0.0515,0.03057084,73.92,0.032,0.0,BTC-27MAR20-6000-P,9213.73,71.72,0.028,27.7,0.0315,5.1,74.71,11.24727,-2.88943,-5.27962,4e-05,-0.1102
9343.58,BTC-27DEC19,1572865143301,open,2.44,0.3,2.358,2.4955,2.42495377,101.81,1.875,0.0,BTC-27DEC19-32000-P,9213.73,0.0,0.0005,0.1,0.0,0.0,0.0,0.16572,-0.15954,-46.3394,0.0,-0.99857
9343.58,BTC-27DEC19,1572865143301,open,0.0,808.5,0.0005,0.011,0.00110393,100.0,0.0015,0.0,BTC-27DEC19-4000-P,9213.73,98.68,0.001,27.0,0.002,29.5,108.94,0.76018,-0.71885,-0.12018,1e-05,-0.00777
9343.58,BTC-27DEC19,1572865143300,open,0.42,99.0,0.3735,0.454,0.41249409,75.75,0.638,0.0,BTC-27DEC19-13000-P,9213.73,0.0,0.0,0.0,0.0,0.0,0.0,8.59337,-6.1553,-16.9759,9e-05,-0.84168
9343.58,BTC-27DEC19,1572865143300,open,1.15,3.6,1.0995,1.194,1.14397173,95.54,1.729,0.0,BTC-27DEC19-20000-P,9213.73,0.0,0.0005,0.1,0.0,0.0,0.0,2.28519,-2.0646,-28.64083,2e-05,-0.972
9343.58,BTC-27DEC19,1572865143300,open,0.0,604.5,0.0005,0.0105,1.307e-05,100.0,0.0005,0.0,BTC-27DEC19-2500-P,9213.73,0.0,0.0,0.0,0.0005,12.5,137.6,0.01788,-0.01691,-0.00192,0.0,-0.00013
9343.58,BTC-27DEC19,1572865143301,open,3.73,0.0,3.617,3.8055,3.70916032,114.7,3.46,0.0,BTC-27DEC19-44000-P,9213.73,0.0,0.001,1.0,0.0,0.0,0.0,0.05529,-0.05997,-63.73531,0.0,-0.99957
9343.58,BTC-27DEC19,1572865143301,open,0.78,0.0,0.776,0.7955,0.78594959,94.28,None,0.0,BTC-27DEC19-2000-C,9213.73,0.0,0.778,1.0,0.794,1.0,244.37,0.00064,-0.00057,2.89724,0.0,1.0
9343.48,BTC-27DEC19,1572865143301,open,0.41,73.5,0.401,0.4325,0.41598339,82.97,0.266,0.0,BTC-27DEC19-5500-C,9213.73,0.0,0.402,10.0,0.426,10.0,108.33,2.62969,-2.06315,7.45584,3e-05,0.96682
9514.42,BTC-27MAR20,1572865143301,open,0.01,110.3,0.0005,0.021,0.00706311,99.73,0.0085,0.0,BTC-27MAR20-36000-C,9213.73,96.24,0.0055,36.0,0.0085,20.0,102.52,4.61328,-1.59887,1.04689,1e-05,0.03498
9343.48,BTC-27DEC19,1572865143301,open,2.01,0.1,1.938,2.06,1.99709147,99.43,1.49,0.0,BTC-27DEC19-28000-P,9213.73,0.0,0.0,0.0,0.0,0.0,0.0,0.35987,-0.33836,-40.52149,0.0,-0.99664
9514.42,BTC-27MAR20,1572865143301,open,1.55,0.0,1.479,1.611,1.5410635,90.05,None,0.0,BTC-27MAR20-24000-P,9213.73,0.0,0.0005,10.0,0.0,0.0,0.0,9.53029,-2.98239,-92.00382,3e-05,-0.91211
9343.48,BTC-27DEC19,1572865143301,open,0.62,211.2,0.5775,0.6585,0.61583518,80.96,0.9295,0.0,BTC-27DEC19-15000-P,9213.73,0.0,0.0,0.0,0.0,0.0,0.0,5.45805,-4.17833,-20.74144,5e-05,-0.91655
9343.48,BTC-27DEC19,1572865143301,open,0.68,10.0,0.6695,0.689,0.67900848,100.24,0.618,0.0,BTC-27DEC19-3000-C,9213.73,0.0,0.671,1.0,0.6875,14.0,184.99,0.09375,-0.08887,4.33438,0.0,0.99923
9343.48,BTC-27DEC19,1572865143301,open,1.58,0.0,1.5185,1.6255,1.5699173,99.95,None,0.0,BTC-27DEC19-24000-P,9213.73,0.0,0.0,0.0,0.0,0.0,0.0,1.03172,-0.97512,-34.63573,1e-05,-0.98898
9514.42,BTC-27MAR20,1572865143302,open,2.81,0.0,2.711,2.8795,2.79078951,99.72,None,0.0,BTC-27MAR20-36000-P,9213.73,0.0,0.0,0.0,0.0,0.0,0.0,4.6116,-1.59816,-140.85833,1e-05,-0.96504
9343.48,BTC-27DEC19,1572865143302,open,0.02,320.7,0.006,0.035,0.01835424,72.85,0.018,0.0,BTC-27DEC19-7000-P,9213.73,72.38,0.018,0.2,0.0195,55.9,74.35,7.07152,-4.87158,-1.85898,8e-05,-0.11899
9343.48,BTC-27DEC19,1572865143302,open,0.03,370.2,0.011,0.048,0.02755595,70.25,0.0295,0.0,BTC-27DEC19-7500-P,9213.73,69.15,0.0265,30.8,0.0295,32.0,72.26,8.98681,-5.97029,-2.66908,0.0001,-0.16964
9343.48,BTC-27DEC19,1572865143302,open,0.57,30.9,0.563,0.5835,0.57299883,100.01,0.5735,0.0,BTC-27DEC19-4000-C,9213.73,0.0,0.5645,1.0,0.5815,1.0,145.53,0.76061,-0.71932,5.67434,1e-05,0.99222
9514.42,BTC-27MAR20,1572865143301,open,0.1,325.0,0.0635,0.138,0.10072366,73.92,0.098,0.0,BTC-27MAR20-8000-P,9213.73,71.65,0.096,9.0,0.1,1.0,73.58,19.83813,-5.09643,-13.99325,8e-05,-0.27239
9343.48,BTC-27DEC19,1572865143302,open,0.47,66.8,0.455,0.483,0.46827512,90.43,0.4085,0.0,BTC-27DEC19-5000-C,9213.73,0.0,0.457,11.0,0.4735,11.0,109.05,1.96373,-1.67916,6.88085,2e-05,0.97663
9514.42,BTC-27MAR20,1572865143302,open,0.01,55.8,0.0005,0.026,0.00946203,97.18,0.0135,0.0,BTC-27MAR20-32000-C,9213.73,94.65,0.008,21.0,0.011,36.0,99.6,5.78379,-1.9534,1.37804,2e-05,0.04621
9343.48,BTC-27DEC19,1572865143302,open,0.84,12.1,0.8295,0.849,0.83946147,119.88,0.8415,0.0,BTC-27DEC19-1500-C,9213.73,0.0,0.8315,1.0,0.8475,1.0,290.22,0.00179,-0.00203,2.1728,0.0,0.99999
9343.48,BTC-27DEC19,1572865143302,open,0.04,742.4,0.02,0.066,0.0418352,69.38,0.0435,0.0,BTC-27DEC19-8000-P,9213.73,68.23,0.0405,15.0,0.044,36.8,71.22,10.94855,-7.18273,-3.75774,0.00012,-0.23579
9343.48,BTC-27DEC19,1572865143302,open,0.0,255.7,0.0005,0.0105,2e-08,100.0,0.001,0.0,BTC-27DEC19-1500-P,9213.73,0.0,0.0,0.0,0.0005,96.0,189.93,5e-05,-5e-05,0.0,0.0,0.0
9514.42,BTC-27MAR20,1572865143302,open,0.58,1.3,0.5725,0.5975,0.58441115,78.13,0.592,0.0,BTC-27MAR20-4000-C,9213.73,0.0,0.5795,9.1,0.5955,9.0,101.41,3.14974,-0.85519,14.7566,1e-05,0.97788
9514.42,BTC-27MAR20,1572865143302,open,0.04,258.4,0.014,0.068,0.03751015,83.04,0.041,0.0,BTC-27MAR20-18000-C,9213.73,81.43,0.035,19.0,0.0405,33.9,84.91,15.00083,-4.32914,4.89331,5e-05,0.16798
9343.48,BTC-27DEC19,1572865143302,open,0.0,430.0,0.0005,0.012,0.00229351,99.19,0.003,0.0,BTC-27DEC19-22000-C,9213.73,93.98,0.0015,20.0,0.003,24.0,102.88,1.63268,-1.53144,0.22324,1e-05,0.01879
9343.48,BTC-27DEC19,1572865143302,open,0.52,268.3,0.4745,0.5545,0.51269118,77.94,0.7205,0.0,BTC-27DEC19-14000-P,9213.73,0.0,0.0,0.0,0.0,0.0,0.0,6.78272,-4.99879,-18.95617,7e-05,-0.88779
9514.42,BTC-27MAR20,1572865143302,open,0.03,442.0,0.0095,0.0565,0.02873013,85.43,0.027,0.0,BTC-27MAR20-20000-C,9213.73,84.13,0.027,19.0,0.03,15.0,86.37,12.7724,-3.79214,3.874,4e-05,0.13203
9343.48,BTC-27DEC19,1572865143303,open,0.0,695.6,0.0005,0.0105,3.608e-05,100.0,0.0005,0.0,BTC-27DEC19-36000-C,9213.73,0.0,0.0,0.0,0.0015,44.2,136.81,0.05126,-0.04847,0.00491,0.0,0.0004
9343.48,BTC-27DEC19,1572865143302,open,0.01,874.8,0.0005,0.025,0.01044965,80.98,0.011,0.0,BTC-27DEC19-15000-C,9213.73,79.31,0.0095,29.0,0.011,16.0,81.91,5.46129,-4.18187,0.98903,5e-05,0.08352
9514.42,BTC-27MAR20,1572865143303,open,0.02,147.2,0.005,0.0415,0.01857959,90.05,0.018,0.0,BTC-27MAR20-24000-C,9213.73,87.91,0.0165,35.0,0.02,15.0,91.44,9.53111,-2.98274,2.59964,3e-05,0.0879
9240.51,SYN.BTC-15NOV19,1572865143300,open,0.32,0.0,0.31,0.339,0.32409783,97.38,None,0.0,BTC-15NOV19-6250-C,9213.73,0.0,0.3125,7.0,0.3355,7.0,177.1,0.34852,-1.56032,1.83904,1e-05,0.99203
9343.48,BTC-27DEC19,1572865143303,open,0.0,447.1,0.0005,0.0105,0.00011298,100.0,0.0005,0.0,BTC-27DEC19-32000-C,9213.73,0.0,0.0,0.0,0.0015,25.0,126.89,0.13794,-0.13044,0.01427,0.0,0.00117
9514.42,BTC-27MAR20,1572865143303,open,0.4,19.3,0.3735,0.426,0.39995235,73.93,0.406,0.0,BTC-27MAR20-6000-C,9213.73,69.61,0.395,14.1,0.4105,14.0,82.43,11.24766,-2.88964,18.37086,4e-05,0.88979
9514.42,BTC-27MAR20,1572865143303,open,1.34,6.0,1.275,1.4025,1.33525826,87.96,1.5845,0.0,BTC-27MAR20-22000-P,9213.73,0.0,0.0,0.0,0.0,0.0,0.0,11.02273,-3.36934,-83.56258,4e-05,-0.89284
9514.42,BTC-27MAR20,1572865143303,open,0.07,344.4,0.0365,0.1095,0.07161047,78.02,0.0695,0.0,BTC-27MAR20-14000-C,9213.73,76.57,0.0685,17.0,0.074,25.7,79.12,20.55748,-5.57385,8.31628,7e-05,0.29335
9514.42,BTC-27MAR20,1572865143303,open,0.01,113.7,0.0035,0.0365,0.0154236,92.12,0.014,0.0,BTC-27MAR20-26000-C,9213.73,89.84,0.0135,36.0,0.0175,36.0,94.4,8.33995,-2.66979,2.18398,3e-05,0.07366
9343.48,BTC-27DEC19,1572865143303,open,0.62,4.3,0.616,0.6355,0.6257681,100.08,0.5625,0.0,BTC-27DEC19-3500-C,9213.73,0.0,0.6175,1.0,0.634,1.0,161.89,0.30762,-0.29113,5.02723,0.0,0.99718
9343.48,BTC-27DEC19,1572865143303,open,0.01,481.1,0.0005,0.0205,0.00786936,83.92,0.008,0.0,BTC-27DEC19-16000-C,9213.73,82.03,0.007,28.0,0.0085,16.0,85.22,4.43907,-3.52261,0.75575,4e-05,0.0637
9240.51,SYN.BTC-15NOV19,1572865143300,open,0.0,0.0,0.0005,0.0105,0.00012277,100.0,None,0.0,BTC-15NOV19-5750-P,9213.73,0.0,0.0,0.0,0.001,30.0,128.29,0.11455,-0.52662,-0.00666,0.0,-0.00229
9343.48,BTC-27DEC19,1572865143304,open,0.0,877.5,0.0005,0.013,0.00344636,95.47,0.003,0.0,BTC-27DEC19-20000-C,9213.73,93.56,0.003,20.0,0.004,48.0,97.63,2.2774,-2.05599,0.33085,2e-05,0.02789
9343.48,BTC-27DEC19,1572865143304,open,2.23,0.2,2.148,2.2775,2.21097473,98.97,2.03,0.0,BTC-27DEC19-30000-P,9213.73,0.0,0.0,0.0,0.0,0.0,0.0,0.20648,-0.19323,-43.43733,0.0,-0.99818
9223.34,SYN.BTC-8NOV19,1572865143300,open,0.0,531.4,0.0005,0.0145,0.00361871,63.84,0.0035,0.0,BTC-8NOV19-10000-C,9213.73,60.64,0.003,20.0,0.0035,0.2,63.25,1.85426,-15.27171,0.1099,0.00032,0.11583
9514.42,BTC-27MAR20,1572865143304,open,0.01,117.2,0.0015,0.0295,0.01137868,96.16,0.015,0.0,BTC-27MAR20-30000-C,9213.73,94.11,0.01,21.0,0.013,31.0,98.4,6.62381,-2.21363,1.62764,2e-05,0.05478
9343.48,BTC-27DEC19,1572865143304,open,2.87,1.3,2.7775,2.932,2.85296136,90.72,2.2,0.0,BTC-27DEC19-36000-P,9213.73,0.0,0.0005,0.1,0.0,0.0,0.0,0.01333,-0.01144,-52.15019,0.0,-0.99991
9240.51,SYN.BTC-15NOV19,1572865143300,open,0.0,0.1,0.0005,0.0105,0.00027646,100.0,0.0015,0.0,BTC-15NOV19-6000-P,9213.73,0.0,0.0,0.0,0.0015,34.0,125.48,0.22351,-1.02758,-0.01405,1e-05,-0.00483
9343.48,BTC-27DEC19,1572865143305,open,0.0,503.5,0.0005,0.0105,0.00035806,100.0,0.0005,0.0,BTC-27DEC19-3500-P,9213.73,103.83,0.0005,24.0,0.0015,25.0,119.54,0.30588,-0.28925,-0.04276,0.0,-0.0028
9597.54,SYN.BTC-26JUN20,1572865143300,open,0.03,3.4,0.0085,0.059,0.02823503,92.42,0.0285,0.0,BTC-26JUN20-32000-C,9213.73,90.13,0.025,30.0,0.031,12.9,94.27,13.99928,-2.75432,4.74086,3e-05,0.105
9240.51,SYN.BTC-15NOV19,1572865143300,open,0.0,4.8,0.0005,0.0105,0.00070812,93.67,0.001,0.0,BTC-15NOV19-6500-P,9213.73,89.36,0.0005,8.8,0.001,0.3,98.48,0.49885,-2.14825,-0.03504,2e-05,-0.01202
9597.54,SYN.BTC-26JUN20,1572865143300,open,2.38,0.0,2.2785,2.4565,2.36245291,92.44,None,0.0,BTC-26JUN20-32000-P,9213.73,0.0,0.0,0.0,0.0,0.0,0.0,14.00748,-2.75658,-201.17426,3e-05,-0.89492
9274.86,SYN.BTC-29NOV19,1572865143300,open,0.0,678.9,0.0005,0.0135,0.003702,82.51,0.003,0.0,BTC-29NOV19-6500-P,9213.73,79.17,0.003,53.0,0.0045,16.0,85.92,2.05961,-3.41585,-0.27224,4e-05,-0.03937
9274.86,SYN.BTC-29NOV19,1572865143301,open,0.16,5.0,0.126,0.1905,0.15833034,67.14,0.15,0.0,BTC-29NOV19-10500-P,9213.73,0.0,0.13,6.0,0.1915,6.0,102.6,7.96956,-10.75515,-5.63058,0.0002,-0.73244
9223.34,SYN.BTC-8NOV19,1572865143300,open,0.04,63.9,0.019,0.067,0.04238232,58.78,0.0455,0.0,BTC-8NOV19-9500-P,9213.73,50.85,0.0395,1.4,0.043,12.0,60.44,3.41465,-25.89404,-0.70395,0.00064,-0.6764
9274.86,SYN.BTC-29NOV19,1572865143300,open,0.12,60.1,0.0855,0.148,0.11712759,66.02,0.1425,0.0,BTC-29NOV19-10000-P,9213.73,63.32,0.1145,9.6,0.12,7.0,68.94,9.08376,-12.05375,-4.76725,0.00023,-0.63706
9274.86,SYN.BTC-29NOV19,1572865143300,open,0.01,158.3,0.0005,0.018,0.00673289,76.18,0.006,0.0,BTC-29NOV19-12500-C,9213.73,74.24,0.006,35.0,0.007,1.0,76.86,3.61949,-5.54203,0.46682,8e-05,0.08058
9223.34,SYN.BTC-8NOV19,1572865143300,open,0.14,1.2,0.1165,0.166,0.13985079,73.49,0.1195,0.0,BTC-8NOV19-10500-P,9213.73,0.0,0.122,4.0,0.1605,4.0,161.45,0.93381,-8.85303,-1.07024,0.00014,-0.95294
9343.48,BTC-27DEC19,1572865143303,open,0.01,1136.8,0.0005,0.0175,0.00729235,78.62,0.009,0.0,BTC-27DEC19-6000-P,9213.73,76.59,0.0065,48.0,0.0085,59.0,81.51,3.75934,-2.79484,-0.79677,4e-05,-0.05157
9274.86,SYN.BTC-29NOV19,1572865143300,open,0.2,67.8,0.1795,0.224,0.2018609,71.19,0.195,0.0,BTC-29NOV19-7500-C,9213.73,0.0,0.1805,7.0,0.22,7.0,101.83,4.50121,-6.44088,4.36073,0.00011,0.89173
9240.51,SYN.BTC-15NOV19,1572865143300,open,0.24,0.0,0.2275,0.261,0.24364408,82.25,None,0.0,BTC-15NOV19-7000-C,9213.73,0.0,0.2295,6.0,0.257,6.0,144.81,0.81598,-3.08562,2.02374,4e-05,0.97866
9274.86,SYN.BTC-29NOV19,1572865143300,open,0.01,353.2,0.0005,0.0225,0.00927224,73.98,0.011,0.0,BTC-29NOV19-12000-C,9213.73,72.35,0.0085,6.5,0.0095,1.0,74.44,4.4929,-6.68059,0.62399,0.0001,0.10799
9223.34,SYN.BTC-8NOV19,1572865143300,open,0.02,249.9,0.005,0.0435,0.02157544,55.86,0.021,0.0,BTC-8NOV19-9250-C,9213.73,53.24,0.0205,1.0,0.022,2.0,56.89,3.79077,-27.31597,0.4602,0.00075,0.49147
9240.51,SYN.BTC-15NOV19,1572865143300,open,0.38,0.0,0.3655,0.3905,0.37785905,99.69,None,0.0,BTC-15NOV19-5750-C,9213.73,0.0,0.3675,7.0,0.388,7.0,199.04,0.1119,-0.51286,1.70681,0.0,0.99776
9274.86,SYN.BTC-29NOV19,1572865143300,open,0.0,452.6,0.0005,0.012,0.00241453,90.49,0.0025,0.0,BTC-29NOV19-6000-P,9213.73,87.61,0.002,22.1,0.003,17.0,94.09,1.4098,-2.56413,-0.17258,3e-05,-0.02489
9343.48,BTC-27DEC19,1572865143309,open,0.0,1445.7,0.0005,0.013,0.00340363,90.41,0.0035,0.0,BTC-27DEC19-5000-P,9213.73,88.41,0.003,11.3,0.004,16.0,93.11,1.96237,-1.67765,-0.36208,2e-05,-0.02335
9223.34,SYN.BTC-8NOV19,1572865143301,open,0.17,0.6,0.143,0.193,0.16660746,79.88,0.1265,0.0,BTC-8NOV19-10750-P,9213.73,0.0,0.0,0.0,0.0,0.0,0.0,0.72399,-7.46044,-1.10885,0.0001,-0.9656
9597.54,SYN.BTC-26JUN20,1572865143302,open,0.2,120.9,0.1455,0.247,0.19743436,74.39,0.19,0.0,BTC-26JUN20-9000-P,9213.73,70.86,0.187,12.6,0.2,8.0,75.26,28.28338,-4.47914,-33.33595,6e-05,-0.34233
9597.54,SYN.BTC-26JUN20,1572865143303,open,0.04,31.9,0.0145,0.077,0.04115014,88.78,0.039,0.0,BTC-26JUN20-26000-C,9213.73,87.33,0.0385,4.0,0.0435,26.0,90.03,17.82228,-3.36815,6.62337,3e-05,0.14839
9223.34,SYN.BTC-8NOV19,1572865143300,open,0.0,117.7,0.0005,0.0105,0.00080926,94.32,0.001,0.0,BTC-8NOV19-11250-C,9213.73,87.94,0.0005,30.3,0.001,0.5,97.49,0.51817,-6.3051,0.02175,6e-05,0.02301
9274.86,SYN.BTC-29NOV19,1572865143302,open,0.0,235.1,0.0005,0.0135,0.00358871,85.97,0.0045,0.0,BTC-29NOV19-14000-C,9213.73,83.34,0.003,17.1,0.004,16.1,87.65,2.19155,-3.78698,0.24595,4e-05,0.0425
9274.86,SYN.BTC-29NOV19,1572865143300,open,0.3,0.3,0.286,0.3205,0.30287777,82.49,0.31,0.0,BTC-29NOV19-6500-C,9213.73,0.0,0.288,7.0,0.3165,7.0,121.46,2.05813,-3.4125,4.15793,4e-05,0.96067
9223.34,SYN.BTC-8NOV19,1572865143300,open,0.0,1047.8,0.0005,0.012,0.00227104,73.79,0.0035,0.0,BTC-8NOV19-8250-P,9213.73,71.67,0.002,21.0,0.003,15.5,78.91,1.22212,-11.63339,-0.06705,0.00018,-0.06619
9343.48,BTC-27DEC19,1572865143310,open,1.8,0.0,1.7285,1.8425,1.78335566,99.69,None,0.0,BTC-27DEC19-26000-P,9213.73,0.0,0.0,0.0,0.0,0.0,0.0,0.61152,-0.57645,-37.59165,0.0,-0.99392
9597.54,SYN.BTC-26JUN20,1572865143303,open,0.0,69.9,0.0005,0.014,0.00418636,78.14,0.004,0.0,BTC-26JUN20-3000-P,9213.73,73.85,0.003,21.0,0.0055,18.0,82.11,2.92456,-0.48646,-1.18825,1e-05,-0.01505
9240.51,SYN.BTC-15NOV19,1572865143300,open,0.27,0.0,0.255,0.287,0.27053986,89.43,None,0.0,BTC-15NOV19-6750-C,9213.73,0.0,0.257,6.0,0.2835,6.0,156.78,0.68474,-2.8154,1.96065,3e-05,0.98264
9223.34,SYN.BTC-8NOV19,1572865143300,open,0.39,0.0,0.3555,0.411,0.38239839,102.04,None,0.0,BTC-8NOV19-12750-P,9213.73,0.0,0.0,0.0,0.0,0.0,0.0,0.03885,-0.5114,-1.35266,0.0,-0.99876
9597.54,SYN.BTC-26JUN20,1572865143301,open,0.16,127.0,0.1065,0.2055,0.15749291,74.72,0.174,0.0,BTC-26JUN20-12000-C,9213.73,75.51,0.16,15.3,0.17,8.0,78.64,30.63272,-4.87262,19.35605,7e-05,0.4709
9223.34,SYN.BTC-8NOV19,1572865143300,open,0.21,16.9,0.198,0.2305,0.21417202,96.32,0.2615,0.0,BTC-8NOV19-7250-C,9213.73,0.0,0.202,5.0,0.227,5.0,211.3,0.17727,-2.20289,0.76309,2e-05,0.99334
9597.54,SYN.BTC-26JUN20,1572865143301,open,0.06,72.9,0.029,0.106,0.06423174,83.41,0.064,0.0,BTC-26JUN20-20000-C,9213.73,81.4,0.0595,27.5,0.0685,24.5,85.17,22.96064,-4.07682,9.79212,5e-05,0.22278
9240.51,SYN.BTC-15NOV19,1572865143300,open,0.3,0.0,0.2825,0.313,0.29727956,93.59,None,0.0,BTC-15NOV19-6500-C,9213.73,0.0,0.285,7.0,0.3095,7.0,167.03,0.49685,-2.13785,1.90189,2e-05,0.98804
9223.34,SYN.BTC-8NOV19,1572865143304,open,0.19,25.0,0.1705,0.2045,0.18720306,89.44,0.181,0.0,BTC-8NOV19-7500-C,9213.73,0.0,0.1735,5.0,0.201,5.0,194.67,0.27536,-3.17736,0.78525,3e-05,0.98899
9240.51,SYN.BTC-15NOV19,1572865143302,open,0.0,8.1,0.0005,0.011,0.00102335,89.49,0.001,0.0,BTC-15NOV19-6750-P,9213.73,80.77,0.0005,19.0,0.0015,0.1,95.15,0.68663,-2.82506,-0.05078,3e-05,-0.01742
9223.34,SYN.BTC-8NOV19,1572865143302,open,0.0,463.9,0.0005,0.011,0.00142789,73.42,0.0015,0.0,BTC-8NOV19-10500-C,9213.73,68.75,0.001,28.3,0.0015,0.1,74.13,0.93144,-8.82291,0.04454,0.00014,0.04691
9223.34,SYN.BTC-8NOV19,1572865143300,open,0.35,0.0,0.3365,0.362,0.3494729,0.0,None,0.0,BTC-8NOV19-6000-C,9213.73,0.0,0.3395,6.0,0.3595,6.0,306.1,0.0,0.0,0.6371,0.0,1.0
9223.34,SYN.BTC-8NOV19,1572865143300,open,0.33,0.0,0.3025,0.3565,0.32826529,100.68,None,0.0,BTC-8NOV19-12250-P,9213.73,0.0,0.0165,0.1,0.0,0.0,0.0,0.10356,-1.34521,-1.29729,1e-05,-0.99636
9223.34,SYN.BTC-8NOV19,1572865143301,open,0.0,244.5,0.0005,0.0105,0.00010256,100.0,0.0005,0.0,BTC-8NOV19-7000-P,9213.73,0.0,0.0,0.0,0.0015,32.0,142.63,0.09174,-0.94597,-0.00322,1e-05,-0.00318
9223.34,SYN.BTC-8NOV19,1572865143300,open,0.0,318.5,0.0005,0.0105,0.00036227,89.6,0.0005,0.0,BTC-8NOV19-7500-P,9213.73,0.0,0.0,0.0,0.0005,0.6,93.69,0.27774,-3.21033,-0.01124,3e-05,-0.01111
9597.54,SYN.BTC-26JUN20,1572865143300,open,0.03,4.3,0.012,0.069,0.03542931,89.76,0.039,0.0,BTC-26JUN20-28000-C,9213.73,87.69,0.032,14.0,0.0385,26.0,91.53,16.27531,-3.10982,5.83248,3e-05,0.12987
9274.86,SYN.BTC-29NOV19,1572865143302,open,0.01,331.6,0.001,0.0235,0.01050425,71.2,0.011,0.0,BTC-29NOV19-7500-P,9213.73,70.15,0.01,5.0,0.0115,16.0,73.22,4.50215,-6.44328,-0.75095,0.00011,-0.1083
9223.34,SYN.BTC-8NOV19,1572865143302,open,0.0,125.8,0.0005,0.011,0.00107926,79.79,0.001,0.0,BTC-8NOV19-10750-C,9213.73,70.6,0.0005,57.2,0.0015,2.5,84.65,0.72135,-7.42541,0.03248,0.0001,0.03424
9597.54,SYN.BTC-26JUN20,1572865143300,open,0.01,199.4,0.002,0.0235,0.01179542,74.39,0.0085,0.0,BTC-26JUN20-4000-P,9213.73,70.81,0.0095,30.0,0.0135,3.2,76.84,6.46973,-1.02457,-3.12368,1e-05,-0.03878
9274.86,SYN.BTC-29NOV19,1572865143301,open,0.01,1076.7,0.0005,0.016,0.00552231,80.06,0.0055,0.0,BTC-29NOV19-13000-C,9213.73,76.81,0.0045,54.0,0.0055,0.5,79.99,3.08468,-4.96391,0.37849,7e-05,0.0654
9240.51,SYN.BTC-15NOV19,1572865143300,open,0.0,11.1,0.0005,0.011,0.00118252,82.3,0.001,0.0,BTC-15NOV19-7000-P,9213.73,72.43,0.0005,38.0,0.002,0.1,90.1,0.81795,-3.09505,-0.06219,4e-05,-0.0214
9223.34,SYN.BTC-8NOV19,1572865143303,open,0.32,0.0,0.309,0.3355,0.32236891,0.0,None,0.0,BTC-8NOV19-6250-C,9213.73,0.0,0.3115,6.0,0.333,6.0,286.96,0.0,0.0,0.66365,0.0,1.0
9274.86,SYN.BTC-29NOV19,1572865143303,open,0.26,0.0,0.2215,0.2865,0.25298138,71.92,None,0.0,BTC-29NOV19-11500-P,9213.73,0.0,0.2285,4.0,0.2835,4.0,112.08,5.558,-8.03491,-6.99388,0.00013,-0.85346
9597.54,SYN.BTC-26JUN20,1572865143301,open,1.56,0.0,1.472,1.6285,1.54665277,86.59,None,0.0,BTC-26JUN20-24000-P,9213.73,0.0,0.0,0.0,0.0,0.0,0.0,19.14836,-3.52982,-147.05973,4e-05,-0.83451
9597.54,SYN.BTC-26JUN20,1572865143300,open,0.04,9.6,0.0175,0.083,0.04598936,86.58,0.045,0.0,BTC-26JUN20-24000-C,9213.73,84.54,0.042,14.0,0.0495,15.0,88.31,19.14411,-3.52855,7.37704,4e-05,0.16544
9274.86,SYN.BTC-29NOV19,1572865143302,open,0.04,501.1,0.0175,0.062,0.03893646,66.01,0.037,0.0,BTC-29NOV19-10000-C,9213.73,64.03,0.037,12.8,0.0405,24.5,67.6,9.08356,-12.0521,2.04791,0.00023,0.36292
9223.34,SYN.BTC-8NOV19,1572865143302,open,0.12,32.9,0.09,0.139,0.11343112,67.9,0.1065,0.0,BTC-8NOV19-10250-P,9213.73,0.0,0.096,4.0,0.1345,4.0,147.84,1.28063,-11.21826,-1.02158,0.00021,-0.92968
9223.34,SYN.BTC-8NOV19,1572865143300,open,0.01,201.4,0.0005,0.02,0.00627302,59.53,0.0065,0.0,BTC-8NOV19-9750-C,9213.73,56.72,0.0055,16.0,0.007,0.4,62.08,2.5868,-19.86792,0.18084,0.00048,0.19092
9223.34,SYN.BTC-8NOV19,1572865143300,open,0.28,0.0,0.249,0.302,0.27431687,100.24,None,0.0,BTC-8NOV19-11750-P,9213.73,0.0,0.015,25.0,0.0,0.0,0.0,0.27404,-3.54391,-1.2373,3e-05,-0.98906
9223.34,SYN.BTC-8NOV19,1572865143301,open,0.13,69.6,0.115,0.1535,0.13403643,80.97,0.136,0.0,BTC-8NOV19-8000-C,9213.73,0.0,0.118,5.0,0.149,5.0,159.64,0.82406,-8.60799,0.80862,0.00011,0.9597
9274.86,SYN.BTC-29NOV19,1572865143301,open,0.03,366.8,0.0135,0.0535,0.03214954,65.89,0.032,0.0,BTC-29NOV19-8500-P,9213.73,65.72,0.032,1.9,0.034,41.4,68.0,8.10132,-10.72971,-1.95121,0.00021,-0.27653
9597.54,SYN.BTC-26JUN20,1572865143301,open,0.03,172.0,0.013,0.049,0.02912797,74.39,0.023,0.0,BTC-26JUN20-5000-P,9213.73,70.47,0.0245,18.0,0.03,14.0,75.11,11.67212,-1.84845,-6.86959,3e-05,-0.0821
9223.34,SYN.BTC-8NOV19,1572865143301,open,0.25,0.0,0.2225,0.2755,0.2475076,100.15,None,0.0,BTC-8NOV19-11500-P,9213.73,0.0,0.0,0.0,0.0,0.0,0.0,0.43036,-5.56028,-1.20366,5e-05,-0.98152
9597.54,SYN.BTC-26JUN20,1572865143301,open,0.22,131.4,0.167,0.2665,0.21908265,74.39,0.237,0.0,BTC-26JUN20-10000-C,9213.73,73.56,0.2165,14.5,0.2285,10.0,77.42,29.9159,-4.7375,22.95552,7e-05,0.59077
9274.86,SYN.BTC-29NOV19,1572865143301,open,0.0,327.7,0.0005,0.0125,0.00281459,93.35,0.003,0.0,BTC-29NOV19-15000-C,9213.73,91.62,0.0025,2.0,0.003,26.0,94.32,1.74246,-3.26954,0.18513,3e-05,0.0321
9240.51,SYN.BTC-15NOV19,1572865143300,open,0.0,0.1,0.0005,0.0105,0.00047144,97.49,0.002,0.0,BTC-15NOV19-6250-P,9213.73,0.0,0.0,0.0,0.001,0.4,108.07,0.35063,-1.57149,-0.0234,1e-05,-0.00803
9597.54,SYN.BTC-26JUN20,1572865143302,open,1.96,0.0,1.874,2.041,1.95286996,89.77,None,0.0,BTC-26JUN20-28000-P,9213.73,0.0,0.0,0.0,0.0,0.0,0.0,16.28145,-3.11156,-174.34347,3e-05,-0.87006
9223.34,SYN.BTC-8NOV19,1572865143304,open,0.01,465.4,0.0015,0.0305,0.01238065,58.76,0.012,0.0,BTC-8NOV19-9500-C,9213.73,56.37,0.0115,0.8,0.0125,2.0,59.09,3.41443,-25.88546,0.30475,0.00064,0.32355
9597.54,SYN.BTC-26JUN20,1572865143301,open,0.03,71.5,0.01,0.064,0.0316571,91.24,0.0295,0.0,BTC-26JUN20-30000-C,9213.73,88.84,0.028,29.0,0.0345,26.0,93.0,15.1074,-2.93421,5.25692,3e-05,0.11678
9223.34,SYN.BTC-8NOV19,1572865143300,open,0.01,245.3,0.0005,0.0215,0.00698429,61.39,0.007,0.0,BTC-8NOV19-8750-P,9213.73,61.44,0.007,0.8,0.0075,0.4,63.19,2.60938,-20.66428,-0.1965,0.00047,-0.19365
9223.34,SYN.BTC-8NOV19,1572865143308,open,0.0,150.2,0.0005,0.0105,0.00019882,100.0,0.0005,0.0,BTC-8NOV19-12000-C,9213.73,0.0,0.0,0.0,0.001,10.9,123.07,0.16558,-1.83374,0.00584,2e-05,0.00617
9597.54,SYN.BTC-26JUN20,1572865143302,open,0.43,2.3,0.398,0.463,0.43135457,74.39,0.4335,0.0,BTC-26JUN20-6000-C,9213.73,68.12,0.4205,9.0,0.4445,9.0,81.62,17.03904,-2.69827,26.54493,4e-05,0.86116
9274.86,SYN.BTC-29NOV19,1572865143301,open,0.63,0.0,0.586,0.658,0.62010129,93.41,None,0.0,BTC-29NOV19-15000-P,9213.73,0.0,0.5995,3.0,0.6485,3.0,158.15,1.74675,-3.27969,-10.03722,3e-05,-0.9678
9223.34,SYN.BTC-8NOV19,1572865143302,open,0.24,1.3,0.226,0.2565,0.24115396,99.56,0.24,0.0,BTC-8NOV19-7000-C,9213.73,0.0,0.2285,5.0,0.2535,5.0,230.18,0.08888,-1.14168,0.74018,1e-05,0.99693
9223.34,SYN.BTC-8NOV19,1572865143301,open,0.2,0.0,0.1695,0.2205,0.19345107,85.61,None,0.0,BTC-8NOV19-11000-P,9213.73,0.0,0.0,0.0,0.0,0.0,0.0,0.56338,-6.22232,-1.14392,7e-05,-0.97457
9223.34,SYN.BTC-8NOV19,1572865143302,open,0.0,151.7,0.0005,0.0105,0.00066348,100.0,0.001,0.0,BTC-8NOV19-11500-C,9213.73,96.14,0.0005,111.5,0.001,0.5,106.32,0.42738,-5.51352,0.01731,5e-05,0.01833
9274.86,SYN.BTC-29NOV19,1572865143300,open,0.31,0.0,0.272,0.337,0.3031016,73.99,None,0.0,BTC-29NOV19-12000-P,9213.73,0.0,0.28,4.0,0.333,4.0,117.95,4.49488,-6.68521,-7.55396,0.0001,-0.89195
9274.86,SYN.BTC-29NOV19,1572865143301,open,0.36,0.0,0.3235,0.3885,0.3544718,76.2,None,0.0,BTC-29NOV19-12500-P,9213.73,0.0,0.333,4.0,0.3835,4.0,123.75,3.62203,-5.54766,-8.05184,8e-05,-0.91934
9597.54,SYN.BTC-26JUN20,1572865143301,open,0.06,88.6,0.0305,0.0855,0.05652043,74.39,0.052,0.0,BTC-26JUN20-6000-P,9213.73,70.38,0.0495,17.1,0.0565,4.0,74.38,17.03944,-2.69845,-12.06543,4e-05,-0.13884
9597.54,SYN.BTC-26JUN20,1572865143301,open,0.59,0.0,0.5165,0.653,0.5852599,79.0,None,0.0,BTC-26JUN20-14000-P,9213.73,0.0,0.07,1.0,0.645,0.1,98.0,29.54312,-4.9686,-73.80812,6e-05,-0.60983
9597.54,SYN.BTC-26JUN20,1572865143374,open,0.14,145.7,0.0965,0.1855,0.14144513,74.39,0.137,0.0,BTC-26JUN20-8000-P,9213.73,71.41,0.1335,1.0,0.14,4.0,73.85,25.60135,-4.05438,-25.60207,6e-05,-0.2731
185.3,ETH-27DEC19,1572865143886,open,0.04,6217.0,0.015,0.063,0.037247,79.47,0.04,0.0,ETH-27DEC19-240-C,182.87,77.56,0.035,610.0,0.039,128.0,80.94,0.21962,-0.16503,0.05462,0.00556,0.24073
189.59,SYN.ETH-26JUN20,1572865143886,open,0.05,45.0,0.017,0.083,0.046773,96.72,0.045,0.0,ETH-26JUN20-560-C,182.87,95.26,0.044,140.0,0.051,140.0,98.87,0.36502,-0.07515,0.13412,0.00163,0.15671
183.05,SYN.ETH-8NOV19,1572865143886,open,0.02,526.0,0.002,0.041,0.017237,60.54,0.02,0.0,ETH-8NOV19-180-P,182.87,54.82,0.015,169.0,0.02,338.0,67.54,0.07193,-0.56176,-0.00776,0.0334,-0.38194
184.01,SYN.ETH-29NOV19,1572865143886,open,0.01,2061.0,0.002,0.026,0.011023,79.12,0.013,0.0,ETH-29NOV19-240-C,182.87,77.1,0.01,380.0,0.012,5.0,80.97,0.09523,-0.15144,0.01347,0.00522,0.11846
185.3,ETH-27DEC19,1572865143888,open,0.0,4534.0,0.001,0.011,4.1e-05,105.0,0.002,0.0,ETH-27DEC19-760-C,182.87,0.0,0.0,0.0,0.002,300.0,146.59,0.00109,-0.00109,0.0001,2e-05,0.00043
185.3,ETH-27DEC19,1572865143888,open,0.0,15074.0,0.001,0.011,0.000194,105.0,0.003,0.0,ETH-27DEC19-640-C,182.87,122.15,0.001,2260.0,0.003,460.0,138.52,0.00418,-0.00415,0.00045,8e-05,0.00186
187.95,ETH-27MAR20,1572865143892,open,1.6,0.0,1.489,1.675,1.578842,96.82,None,0.0,ETH-27MAR20-480-P,182.87,0.0,0.003,10.0,0.0,0.0,0.0,0.21863,-0.07356,-1.83073,0.00162,-0.89224
185.3,ETH-27DEC19,1572865143892,open,2.91,0.0,2.773,3.006,2.885659,105.0,None,0.0,ETH-27DEC19-720-P,182.87,0.0,0.003,5.0,0.0,0.0,0.0,0.0017,-0.00169,-1.04286,3e-05,-0.9993
187.95,ETH-27MAR20,1572865143892,open,0.12,1227.0,0.076,0.166,0.123212,84.26,0.135,0.0,ETH-27MAR20-240-C,182.87,81.72,0.117,300.0,0.129,277.0,86.61,0.46166,-0.13518,0.22111,0.00393,0.42167
183.05,SYN.ETH-8NOV19,1572865143892,open,0.0,252.0,0.001,0.011,0.001831,81.66,0.003,0.0,ETH-8NOV19-160-P,182.87,72.59,0.001,207.0,0.003,500.0,91.21,0.01957,-0.20615,-0.00101,0.00673,-0.05037
189.59,SYN.ETH-26JUN20,1572865143892,open,0.32,5.0,0.273,0.372,0.327563,83.6,0.275,0.0,ETH-26JUN20-160-C,182.87,82.28,0.324,210.0,0.334,210.0,86.0,0.51031,-0.09082,0.48103,0.00264,0.72185
187.95,ETH-27MAR20,1572865143894,open,0.02,5415.0,0.004,0.037,0.01633,103.33,0.012,0.0,ETH-27MAR20-600-C,182.87,100.48,0.014,220.0,0.018,520.0,105.22,0.16099,-0.05781,0.04085,0.00112,0.07147
184.01,SYN.ETH-29NOV19,1572865143896,open,0.0,448.0,0.001,0.014,0.004387,90.5,0.008,0.0,ETH-29NOV19-280-C,182.87,84.64,0.003,360.0,0.006,487.0,96.09,0.04843,-0.0881,0.00554,0.00232,0.0486
187.95,ETH-27MAR20,1572865143898,open,0.12,4513.0,0.076,0.16,0.118939,80.29,0.129,0.0,ETH-27MAR20-160-P,182.87,77.97,0.114,564.0,0.124,300.0,82.67,0.39985,-0.11157,-0.29841,0.00358,-0.28385
185.3,ETH-27DEC19,1572865143898,open,0.12,1368.0,0.088,0.16,0.126135,74.58,0.124,0.0,ETH-27DEC19-180-C,182.87,72.46,0.123,253.0,0.128,340.0,75.85,0.2731,-0.19261,0.12625,0.00736,0.59645
185.3,ETH-27DEC19,1572865143900,open,0.25,2728.0,0.193,0.29,0.242199,77.09,0.274,0.0,ETH-27DEC19-220-P,182.87,0.0,0.187,50.0,0.268,10.0,95.24,0.25559,-0.18632,-0.24471,0.00667,-0.66942
184.01,SYN.ETH-29NOV19,1572865143900,open,0.75,0.0,0.689,0.798,0.741043,99.59,None,0.0,ETH-29NOV19-320-P,182.87,0.0,0.0,0.0,0.0,0.0,0.0,0.02603,-0.05211,-0.21548,0.00113,-0.97715
184.01,SYN.ETH-29NOV19,1572865143903,open,0.35,0.0,0.329,0.372,0.350777,92.05,None,0.0,ETH-29NOV19-120-C,182.87,0.0,0.347,50.0,0.364,1.0,136.86,0.03157,-0.05841,0.07781,0.00149,0.97123
185.3,ETH-27DEC19,1572865143905,open,0.86,0.0,0.785,0.908,0.84408,94.79,None,0.0,ETH-27DEC19-340-P,182.87,0.0,0.001,5.0,0.0,0.0,0.0,0.09108,-0.08165,-0.47715,0.00193,-0.93344
187.95,ETH-27MAR20,1572865143905,open,0.58,19.0,0.566,0.602,0.584072,88.98,0.542,0.0,ETH-27MAR20-80-C,182.87,0.0,0.574,1.0,0.0,0.0,0.0,0.09178,-0.02838,0.28201,0.00074,0.96472
187.95,ETH-27MAR20,1572865143905,open,0.06,684.0,0.028,0.097,0.06161,87.36,0.073,0.0,ETH-27MAR20-320-C,182.87,84.46,0.056,552.0,0.066,292.0,89.57,0.36949,-0.11217,0.13454,0.00304,0.24321
183.05,SYN.ETH-8NOV19,1572865143905,open,0.0,229.0,0.001,0.011,0.000245,105.0,0.001,0.0,ETH-8NOV19-240-C,182.87,0.0,0.0,0.0,0.001,205.0,126.06,0.00375,-0.04488,0.00013,0.001,0.00715
189.59,SYN.ETH-26JUN20,1572865143905,open,0.07,10.0,0.032,0.112,0.070419,93.01,0.041,0.0,ETH-26JUN20-440-C,182.87,91.16,0.066,140.0,0.075,436.0,94.9,0.45616,-0.09032,0.18863,0.00212,0.22503
185.3,ETH-27DEC19,1572865143909,open,0.75,101.0,0.681,0.8,0.738538,92.0,0.513,0.0,ETH-27DEC19-320-P,182.87,0.0,0.006,5.0,0.0,0.0,0.0,0.10781,-0.09379,-0.4444,0.00236,-0.91699
183.05,SYN.ETH-8NOV19,1572865143909,open,0.0,1255.0,0.001,0.011,1.9e-05,105.0,0.001,0.0,ETH-8NOV19-130-P,182.87,0.0,0.0,0.0,0.001,103.0,161.02,0.00043,-0.00354,-1e-05,0.00011,-0.00065
189.59,SYN.ETH-26JUN20,1572865143909,open,2.44,0.0,2.293,2.543,2.413491,99.15,None,0.0,ETH-26JUN20-640-P,182.87,0.0,0.0,0.0,0.0,0.0,0.0,0.31973,-0.06749,-4.00729,0.00139,-0.87116
189.59,SYN.ETH-26JUN20,1572865143912,open,2.02,0.0,1.889,2.119,2.000515,96.72,None,0.0,ETH-26JUN20-560-P,182.87,0.0,0.0,0.0,0.0,0.0,0.0,0.36502,-0.07515,-3.46946,0.00163,-0.84329
183.05,SYN.ETH-8NOV19,1572865143917,open,0.37,0.0,0.326,0.408,0.365834,105.0,None,0.0,ETH-8NOV19-250-P,182.87,0.0,0.01,15.0,0.0,0.0,0.0,0.00138,-0.01875,-0.0265,0.00037,-0.99765
185.3,ETH-27DEC19,1572865143939,open,0.0,4077.0,0.001,0.014,0.004898,95.65,0.006,0.0,ETH-27DEC19-100-P,182.87,92.01,0.004,360.0,0.006,460.0,99.63,0.04839,-0.04377,-0.00945,0.00102,-0.03031
184.01,SYN.ETH-29NOV19,1572865143939,open,0.04,1842.0,0.017,0.066,0.041258,71.02,0.042,0.0,ETH-29NOV19-200-C,182.87,68.71,0.039,128.0,0.043,220.0,72.8,0.17984,-0.25674,0.04006,0.01097,0.36069
185.3,ETH-27DEC19,1572865143984,open,1.07,0.0,0.993,1.127,1.057317,101.2,None,0.0,ETH-27DEC19-380-P,182.87,0.0,0.001,5.0,0.0,0.0,0.0,0.06955,-0.06656,-0.53957,0.00138,-0.95273
187.95,ETH-27MAR20,1572865144006,open,0.49,0.0,0.463,0.514,0.489424,84.28,None,0.0,ETH-27MAR20-100-C,182.87,50.74,0.47,14.0,0.506,14.0,101.35,0.16285,-0.0477,0.32452,0.00139,0.92745
189.59,SYN.ETH-26JUN20,1572865144009,open,1.61,0.0,1.489,1.7,1.592247,94.18,None,0.0,ETH-26JUN20-480-P,182.87,0.0,0.0,0.0,0.0,0.0,0.0,0.42215,-0.08464,-2.92199,0.00194,-0.80282
189.59,SYN.ETH-26JUN20,1572865144026,open,0.38,50.0,0.332,0.422,0.38094,83.6,0.325,0.0,ETH-26JUN20-140-C,182.87,74.19,0.359,210.0,0.397,210.0,90.42,0.44499,-0.07919,0.49234,0.0023,0.78449
189.59,SYN.ETH-26JUN20,1572865144026,open,0.28,24.0,0.225,0.329,0.282004,83.6,0.285,0.0,ETH-26JUN20-180-C,182.87,82.58,0.279,210.0,0.289,210.0,85.99,0.5572,-0.09917,0.46127,0.00288,0.66009
189.59,SYN.ETH-26JUN20,1572865144031,open,1.81,0.0,1.688,1.909,1.795599,95.45,None,0.0,ETH-26JUN20-520-P,182.87,0.0,0.0,0.0,0.0,0.0,0.0,0.39193,-0.07964,-3.19723,0.00178,-0.82507
185.3,ETH-27DEC19,1572865144042,open,0.05,7022.0,0.026,0.084,0.054935,77.09,0.05,0.0,ETH-27DEC19-220-C,182.87,75.68,0.053,281.0,0.057,2.0,78.58,0.25559,-0.18632,0.07399,0.00667,0.33058
187.95,ETH-27MAR20,1572865144042,open,0.58,158.0,0.504,0.647,0.576576,86.19,0.62,0.0,ETH-27MAR20-280-P,182.87,78.65,0.56,42.0,0.597,1.0,95.09,0.42232,-0.1265,-0.93051,0.00352,-0.6794
183.05,SYN.ETH-8NOV19,1572865144044,open,0.01,1141.0,0.001,0.03,0.010767,60.56,0.008,0.0,ETH-8NOV19-190-C,182.87,52.44,0.008,286.0,0.011,1.0,61.22,0.06411,-0.50084,0.00534,0.02975,0.28565
184.01,SYN.ETH-29NOV19,1572865144044,open,0.15,100.0,0.121,0.183,0.153884,72.29,0.14,0.0,ETH-29NOV19-160-C,182.87,62.52,0.147,320.0,0.16,320.0,80.39,0.1352,-0.19646,0.08081,0.0081,0.79823
187.95,ETH-27MAR20,1572865144046,open,0.01,830.0,0.001,0.02,0.009717,88.98,0.012,0.0,ETH-27MAR20-80-P,182.87,85.29,0.008,320.0,0.011,320.0,91.53,0.09178,-0.02838,-0.03334,0.00074,-0.03528
185.3,ETH-27DEC19,1572865144046,open,1.18,16.0,1.097,1.237,1.164236,103.79,1.195,0.0,ETH-27DEC19-400-P,182.87,0.0,0.001,8.0,0.0,0.0,0.0,0.06081,-0.05968,-0.57021,0.00118,-0.95997
184.01,SYN.ETH-29NOV19,1572865144048,open,0.0,2535.0,0.001,0.011,0.000913,105.0,0.001,0.0,ETH-29NOV19-100-P,182.87,106.32,0.001,450.0,0.002,160.0,117.84,0.01178,-0.02487,-0.00125,0.00049,-0.00909
187.95,ETH-27MAR20,1572865144051,open,0.32,0.0,0.253,0.376,0.316817,82.44,None,0.0,ETH-27MAR20-220-P,182.87,66.05,0.276,8.0,0.333,300.0,88.91,0.47028,-0.13474,-0.61855,0.0041,-0.5181
189.59,SYN.ETH-26JUN20,1572865144051,open,0.38,0.0,0.298,0.437,0.370556,83.6,None,0.0,ETH-26JUN20-220-P,182.87,0.0,0.16,50.0,0.423,1.0,100.23,0.60284,-0.10729,-1.00696,0.00312,-0.45482
189.59,SYN.ETH-26JUN20,1572865144051,open,0.21,151.0,0.151,0.26,0.210158,83.6,0.22,0.0,ETH-26JUN20-220-C,182.87,83.55,0.21,450.0,0.221,450.0,87.02,0.60284,-0.10729,0.40873,0.00312,0.54518
183.05,SYN.ETH-8NOV19,1572865144056,open,0.16,120.0,0.114,0.184,0.147891,67.1,0.104,0.0,ETH-8NOV19-210-P,182.87,0.0,0.147,50.0,0.0,0.0,0.0,0.0112,-0.09691,-0.02182,0.00469,-0.97454
184.01,SYN.ETH-29NOV19,1572865144056,open,0.54,0.0,0.479,0.577,0.526017,90.5,None,0.0,ETH-29NOV19-280-P,182.87,0.0,0.0,0.0,0.0,0.0,0.0,0.04843,-0.0881,-0.18528,0.00232,-0.9514
185.3,ETH-27DEC19,1572865144061,open,1.61,21.0,1.516,1.675,1.592213,105.0,0.629,0.0,ETH-27DEC19-480-P,182.87,0.0,0.001,7.0,0.0,0.0,0.0,0.02603,-0.02585,-0.69193,0.0005,-0.98544
183.05,SYN.ETH-8NOV19,1572865144061,open,0.0,208.0,0.001,0.011,7.3e-05,105.0,0.001,0.0,ETH-8NOV19-250-C,182.87,0.0,0.0,0.0,0.001,106.0,141.7,0.00138,-0.01337,4e-05,0.00037,0.00235
185.3,ETH-27DEC19,1572865144064,open,0.27,19.0,0.237,0.299,0.269563,79.63,0.205,0.0,ETH-27DEC19-140-C,182.87,48.59,0.249,1.0,0.0,0.0,0.0,0.15764,-0.11871,0.15826,0.00398,0.85914
185.3,ETH-27DEC19,1572865144064,open,0.0,5648.0,0.001,0.011,0.001819,105.0,0.004,0.0,ETH-27DEC19-480-C,182.87,112.01,0.003,1160.0,0.005,460.0,120.48,0.02603,-0.02585,0.00342,0.0005,0.01456
189.59,SYN.ETH-26JUN20,1572865144064,open,0.18,236.0,0.127,0.235,0.185293,84.63,0.2,0.0,ETH-26JUN20-240-C,182.87,84.22,0.184,454.0,0.195,454.0,87.66,0.60672,-0.1093,0.38011,0.0031,0.49686
189.59,SYN.ETH-26JUN20,1572865144069,open,0.04,45.0,0.013,0.071,0.037786,99.15,0.042,0.0,ETH-26JUN20-640-C,182.87,97.47,0.035,140.0,0.041,142.0,101.02,0.31973,-0.06749,0.11108,0.00139,0.12884
184.01,SYN.ETH-29NOV19,1572865144087,open,0.32,0.0,0.272,0.361,0.315277,79.12,None,0.0,ETH-29NOV19-240-P,182.87,0.0,0.0,0.0,0.0,0.0,0.0,0.09523,-0.15144,-0.15009,0.00522,-0.88154
187.95,ETH-27MAR20,1572865144090,open,1.39,0.0,1.285,1.462,1.37058,94.19,None,0.0,ETH-27MAR20-440-P,182.87,0.0,0.002,10.0,0.0,0.0,0.0,0.24503,-0.0802,-1.6625,0.00187,-0.87343
187.95,ETH-27MAR20,1572865144092,open,0.97,6.0,0.884,1.043,0.962221,89.73,1.165,0.0,ETH-27MAR20-360-P,182.87,0.0,0.0,0.0,0.0,0.0,0.0,0.32189,-0.10038,-1.31177,0.00258,-0.80838
185.3,ETH-27DEC19,1572865144092,open,1.39,0.0,1.306,1.456,1.377808,105.0,None,0.0,ETH-27DEC19-440-P,182.87,0.0,0.001,8.0,0.0,0.0,0.0,0.04089,-0.0406,-0.63164,0.00078,-0.97524
187.95,ETH-27MAR20,1572865144104,open,0.02,2444.0,0.006,0.043,0.020405,98.21,0.021,0.0,ETH-27MAR20-520-C,182.87,95.76,0.018,50.0,0.022,220.0,99.74,0.19125,-0.06527,0.05138,0.0014,0.08976
189.59,SYN.ETH-26JUN20,1572865144111,open,0.24,163.0,0.184,0.292,0.243198,83.6,0.254,0.0,ETH-26JUN20-200-C,182.87,82.89,0.241,477.0,0.252,477.0,86.45,0.58723,-0.10451,0.43637,0.00304,0.60088
184.01,SYN.ETH-29NOV19,1572865144111,open,0.02,204.0,0.008,0.044,0.023387,72.29,0.022,0.0,ETH-29NOV19-160-P,182.87,70.39,0.022,128.0,0.025,389.0,74.47,0.1352,-0.19646,-0.02824,0.0081,-0.20177
189.59,SYN.ETH-26JUN20,1572865144118,open,0.46,0.0,0.374,0.522,0.451182,84.63,None,0.0,ETH-26JUN20-240-P,182.87,0.0,0.0,0.0,0.0,0.0,0.0,0.60672,-0.1093,-1.16428,0.0031,-0.50314
185.3,ETH-27DEC19,1572865144132,open,0.01,1213.0,0.004,0.031,0.014471,88.39,0.018,0.0,ETH-27DEC19-300-C,182.87,86.18,0.013,480.0,0.016,460.0,90.57,0.12658,-0.1058,0.0238,0.00288,0.10313
185.3,ETH-27DEC19,1572865144155,open,0.01,897.0,0.001,0.018,0.006589,101.2,0.006,0.0,ETH-27DEC19-380-C,182.87,96.62,0.005,480.0,0.008,780.0,104.75,0.06955,-0.06656,0.01092,0.00138,0.04727
185.3,ETH-27DEC19,1572865144157,open,1.83,37.0,1.725,1.896,1.807281,105.0,0.707,0.0,ETH-27DEC19-520-P,182.87,0.0,0.002,25.0,0.0,0.0,0.0,0.01648,-0.01637,-0.75126,0.00032,-0.99139
187.95,ETH-27MAR20,1572865144170,open,0.21,21.0,0.165,0.256,0.214591,79.43,0.232,0.0,ETH-27MAR20-180-C,182.87,75.38,0.205,259.0,0.222,559.0,82.56,0.44492,-0.12281,0.30892,0.00402,0.63157
185.3,ETH-27DEC19,1572865144170,open,0.1,4933.0,0.06,0.134,0.097533,74.58,0.11,0.0,ETH-27DEC19-180-P,182.87,73.54,0.096,96.0,0.101,340.0,76.94,0.2731,-0.19261,-0.13451,0.00736,-0.40355
183.05,SYN.ETH-8NOV19,1572865144172,open,0.0,46.0,0.001,0.011,0.000912,99.39,0.002,0.0,ETH-8NOV19-150-P,182.87,0.0,0.0,0.0,0.002,276.0,114.38,0.01028,-0.13179,-0.00046,0.00291,-0.023
189.59,SYN.ETH-26JUN20,1572865144172,open,0.08,300.0,0.04,0.128,0.083413,91.91,0.088,0.0,ETH-26JUN20-400-C,182.87,90.2,0.079,141.0,0.087,140.0,93.28,0.4931,-0.09648,0.21517,0.00232,0.25978
185.3,ETH-27DEC19,1572865144192,open,0.36,2.0,0.337,0.387,0.362742,84.24,0.346,0.0,ETH-27DEC19-120-C,182.87,0.0,0.352,1.0,0.0,0.0,0.0,0.08924,-0.07108,0.15366,0.00213,0.93517
184.01,SYN.ETH-29NOV19,1572865144213,open,0.24,1.0,0.22,0.273,0.24696,79.13,0.289,0.0,ETH-29NOV19-140-C,182.87,0.0,0.239,50.0,0.265,10.0,115.33,0.06927,-0.11016,0.0848,0.00379,0.92316
185.3,ETH-27DEC19,1572865144220,open,0.46,0.0,0.446,0.485,0.465232,95.65,None,0.0,ETH-27DEC19-100-C,182.87,0.0,0.46,31.0,0.0,0.0,0.0,0.04839,-0.04377,0.13542,0.00102,0.96969
187.95,ETH-27MAR20,1572865144221,open,1.81,0.0,1.693,1.889,1.787098,98.21,None,0.0,ETH-27MAR20-520-P,182.87,0.0,0.005,10.0,0.0,0.0,0.0,0.19125,-0.06527,-1.99835,0.0014,-0.91024
187.95,ETH-27MAR20,1572865144221,open,0.77,7.0,0.689,0.84,0.76419,87.36,0.945,0.0,ETH-27MAR20-320-P,182.87,0.0,0.0,0.0,0.791,1.0,100.26,0.36949,-0.11217,-1.12684,0.00304,-0.75679
185.3,ETH-27DEC19,1572865144221,open,0.0,11035.0,0.001,0.013,0.00328,105.0,0.004,0.0,ETH-27DEC19-440-C,182.87,103.69,0.003,540.0,0.006,460.0,115.01,0.04089,-0.0406,0.00577,0.00078,0.02476
187.95,ETH-27MAR20,1572865144221,open,2.02,0.0,1.899,2.104,1.997162,100.32,None,0.0,ETH-27MAR20-560-P,182.87,0.0,0.01,10.0,0.0,0.0,0.0,0.17213,-0.06001,-2.16268,0.00123,-0.92198
185.3,ETH-27DEC19,1572865144221,open,0.0,17098.0,0.001,0.011,0.000333,105.0,0.004,0.0,ETH-27DEC19-600-C,182.87,116.81,0.001,6160.0,0.003,300.0,132.7,0.00659,-0.00654,0.00073,0.00013,0.00307
189.59,SYN.ETH-26JUN20,1572865144220,open,0.08,342.0,0.044,0.109,0.076267,83.66,0.081,0.0,ETH-26JUN20-120-P,182.87,81.94,0.073,210.0,0.081,497.0,86.13,0.36172,-0.06442,-0.28161,0.00187,-0.15456
189.59,SYN.ETH-26JUN20,1572865144229,open,1.01,0.0,0.905,1.09,0.998278,90.47,None,0.0,ETH-26JUN20-360-P,182.87,0.0,0.0,0.0,1.027,1.0,100.43,0.52982,-0.10204,-2.07032,0.00253,-0.6987
185.3,ETH-27DEC19,1572865144235,open,2.26,0.0,2.144,2.339,2.238326,105.0,0.953,0.0,ETH-27DEC19-600-P,182.87,0.0,0.0,0.0,0.0,0.0,0.0,0.00659,-0.00654,-0.86845,0.00013,-0.99693
184.01,SYN.ETH-29NOV19,1572865144235,open,0.64,0.0,0.584,0.687,0.633373,95.86,None,0.0,ETH-29NOV19-300-P,182.87,0.0,0.0,0.0,0.0,0.0,0.0,0.03605,-0.06946,-0.2006,0.00163,-0.96622
189.59,SYN.ETH-26JUN20,1572865144242,open,0.63,0.0,0.542,0.705,0.625805,87.27,None,0.0,ETH-26JUN20-280-P,182.87,0.0,0.0,0.0,0.0,0.0,0.0,0.59388,-0.11033,-1.4735,0.00294,-0.58198
189.59,SYN.ETH-26JUN20,1572865144255,open,0.1,186.0,0.052,0.146,0.099444,90.47,0.117,0.0,ETH-26JUN20-360-C,182.87,88.87,0.095,180.0,0.104,470.0,92.09,0.52982,-0.10204,0.24626,0.00253,0.3013
189.59,SYN.ETH-26JUN20,1572865144260,open,0.04,93.0,0.015,0.077,0.042096,98.09,0.045,0.0,ETH-26JUN20-600-C,182.87,96.34,0.039,140.0,0.046,143.0,100.21,0.34202,-0.07142,0.12206,0.00151,0.14215
189.59,SYN.ETH-26JUN20,1572865144266,open,0.01,184.0,0.001,0.017,0.007986,87.49,0.015,0.0,ETH-26JUN20-60-P,182.87,73.11,0.003,300.0,0.013,301.0,97.44,0.08373,-0.01559,-0.03815,0.00041,-0.02328
185.3,ETH-27DEC19,1572865144282,open,0.0,12670.0,0.001,0.011,0.000114,105.0,0.004,0.0,ETH-27DEC19-680-C,182.87,127.12,0.001,160.0,0.003,460.0,143.93,0.00266,-0.00264,0.00027,5e-05,0.00113
187.95,ETH-27MAR20,1572865144282,open,0.04,1180.0,0.021,0.068,0.043162,82.39,0.065,0.0,ETH-27MAR20-120-P,182.87,79.98,0.04,320.0,0.046,320.0,84.5,0.24972,-0.0715,-0.12834,0.00218,-0.13007
184.01,SYN.ETH-29NOV19,1572865144282,open,0.02,1741.0,0.006,0.039,0.020088,73.83,0.018,0.0,ETH-29NOV19-220-C,182.87,72.34,0.019,128.0,0.021,8.0,75.05,0.13576,-0.20145,0.02296,0.00797,0.20315
189.59,SYN.ETH-26JUN20,1572865144299,open,2.23,0.0,2.091,2.331,2.206818,98.09,None,0.0,ETH-26JUN20-600-P,182.87,0.0,0.0,0.0,0.0,0.0,0.0,0.34202,-0.07142,-3.73891,0.00151,-0.85785
189.59,SYN.ETH-26JUN20,1572865144299,open,1.41,0.0,1.291,1.494,1.391216,93.01,None,0.0,ETH-26JUN20-440-P,182.87,0.0,0.0,0.0,0.0,0.0,0.0,0.45616,-0.09032,-2.64275,0.00212,-0.77497
187.95,ETH-27MAR20,1572865144301,open,2.44,0.0,2.31,2.538,2.419214,104.62,None,0.0,ETH-27MAR20-640-P,182.87,0.0,0.0,0.0,0.0,0.0,0.0,0.14447,-0.05253,-2.48713,0.00099,-0.93786
187.95,ETH-27MAR20,1572865144303,open,0.08,1.0,0.043,0.109,0.075773,81.29,0.092,0.0,ETH-27MAR20-140-P,182.87,79.15,0.072,320.0,0.079,600.0,83.1,0.33295,-0.09405,-0.20625,0.00294,-0.20262
189.59,SYN.ETH-26JUN20,1572865144303,open,0.02,2.0,0.01,0.039,0.023017,87.41,0.029,0.0,ETH-26JUN20-80-P,182.87,84.03,0.02,250.0,0.026,250.0,90.59,0.17384,-0.03235,-0.09753,0.00086,-0.05693
185.3,ETH-27DEC19,1572865144313,open,0.01,515.0,0.001,0.023,0.009218,94.79,0.013,0.0,ETH-27DEC19-340-C,182.87,92.22,0.008,480.0,0.011,780.0,98.25,0.09108,-0.08165,0.01539,0.00193,0.06656
185.3,ETH-27DEC19,1572865144321,open,0.02,1653.0,0.005,0.038,0.019143,85.32,0.022,0.0,ETH-27DEC19-280-C,182.87,83.91,0.018,320.0,0.021,460.0,87.54,0.15216,-0.12276,0.03077,0.00359,0.13376
189.59,SYN.ETH-26JUN20,1572865144331,open,0.12,120.0,0.076,0.161,0.119375,83.6,0.114,0.0,ETH-26JUN20-140-P,182.87,81.31,0.114,210.0,0.123,484.0,85.15,0.44499,-0.07919,-0.40856,0.0023,-0.21551
185.3,ETH-27DEC19,1572865144339,open,0.0,6174.0,0.001,0.011,6.8e-05,105.0,0.002,0.0,ETH-27DEC19-720-C,182.87,0.0,0.0,0.0,0.002,329.0,142.0,0.0017,-0.00169,0.00017,3e-05,0.0007
183.05,SYN.ETH-8NOV19,1572865144339,open,0.0,404.0,0.001,0.011,0.000203,105.0,0.001,0.0,ETH-8NOV19-140-P,182.87,0.0,0.0,0.0,0.001,105.0,130.22,0.00305,-0.03712,-0.00011,0.00082,-0.00567
184.01,SYN.ETH-29NOV19,1572865144339,open,0.01,2239.0,0.001,0.019,0.007775,79.13,0.009,0.0,ETH-29NOV19-140-P,182.87,77.02,0.007,21.0,0.009,461.0,82.27,0.06927,-0.11016,-0.01061,0.00379,-0.07684
184.01,SYN.ETH-29NOV19,1572865144344,open,0.0,420.0,0.001,0.013,0.003055,95.86,0.004,0.0,ETH-29NOV19-300-C,182.87,89.75,0.002,360.0,0.004,460.0,100.29,0.03605,-0.06946,0.00385,0.00163,0.03378
187.95,ETH-27MAR20,1572865144351,open,0.03,966.0,0.01,0.056,0.029532,94.19,0.039,0.0,ETH-27MAR20-440-C,182.87,92.2,0.027,260.0,0.032,300.0,96.04,0.24503,-0.0802,0.07189,0.00187,0.12657
187.95,ETH-27MAR20,1572865144351,open,0.02,886.0,0.005,0.038,0.017646,100.32,0.028,0.0,ETH-27MAR20-560-C,182.87,97.3,0.015,246.0,0.02,220.0,102.8,0.17213,-0.06001,0.04473,0.00123,0.07802
185.3,ETH-27DEC19,1572865144351,open,0.01,5913.0,0.001,0.022,0.010341,84.24,0.01,0.0,ETH-27DEC19-120-P,182.87,83.52,0.01,360.0,0.011,1.0,85.59,0.08924,-0.07108,-0.02018,0.00213,-0.06483
189.59,SYN.ETH-26JUN20,1572865144353,open,0.17,314.0,0.119,0.22,0.171489,83.6,0.155,0.0,ETH-26JUN20-160-P,182.87,81.19,0.165,210.0,0.175,469.0,84.91,0.51031,-0.09082,-0.54856,0.00264,-0.27815
183.05,SYN.ETH-8NOV19,1572865144353,open,0.1,40.0,0.062,0.131,0.095751,65.57,0.105,0.0,ETH-8NOV19-200-P,182.87,54.11,0.094,40.0,0.101,40.0,88.53,0.0333,-0.28169,-0.01934,0.01427,-0.89919
185.3,ETH-27DEC19,1572865144357,open,2.7,1.0,2.563,2.783,2.669839,105.0,2.792,0.0,ETH-27DEC19-680-P,182.87,0.0,0.002,10.0,0.0,0.0,0.0,0.00266,-0.00264,-0.98481,5e-05,-0.99887
183.05,SYN.ETH-8NOV19,1572865144368,open,0.34,0.0,0.325,0.363,0.344436,105.03,None,0.0,ETH-8NOV19-120-C,182.87,0.0,0.0,0.0,0.0,0.0,0.0,3e-05,-0.00041,0.01274,1e-05,0.99996
184.01,SYN.ETH-29NOV19,1572865144370,open,0.06,382.0,0.032,0.092,0.061481,69.86,0.071,0.0,ETH-29NOV19-180-P,182.87,68.4,0.06,96.0,0.064,342.0,72.33,0.18738,-0.26311,-0.05988,0.01162,-0.41602
183.05,SYN.ETH-8NOV19,1572865144370,open,0.21,0.0,0.167,0.24,0.202387,82.77,None,0.0,ETH-8NOV19-220-P,182.87,0.0,0.01,15.0,0.0,0.0,0.0,0.00807,-0.08617,-0.02303,0.00274,-0.98271
184.01,SYN.ETH-29NOV19,1572865144370,open,0.13,120.0,0.089,0.166,0.128136,71.02,0.131,0.0,ETH-29NOV19-200-P,182.87,68.83,0.126,96.0,0.134,96.0,76.98,0.17984,-0.25674,-0.09624,0.01097,-0.63931
183.05,SYN.ETH-8NOV19,1572865144374,open,0.23,0.0,0.212,0.258,0.235377,105.0,None,0.0,ETH-8NOV19-140-C,182.87,0.0,0.0,0.0,0.0,0.0,0.0,0.00305,-0.04132,0.01475,0.00082,0.99433
185.3,ETH-27DEC19,1572865144386,open,0.64,1.0,0.578,0.693,0.633467,88.39,0.494,0.0,ETH-27DEC19-300-P,182.87,0.0,0.01,5.0,0.0,0.0,0.0,0.12658,-0.1058,-0.4108,0.00288,-0.89687
189.59,SYN.ETH-26JUN20,1572865144390,open,0.44,1.0,0.402,0.479,0.443323,83.66,0.478,0.0,ETH-26JUN20-120-C,182.87,73.27,0.424,210.0,0.459,210.0,91.76,0.36172,-0.06442,0.49058,0.00187,0.84544
185.3,ETH-27DEC19,1572865144396,open,0.0,9372.0,0.001,0.011,0.00058,105.0,0.002,0.0,ETH-27DEC19-560-C,182.87,120.14,0.002,160.0,0.004,560.0,131.35,0.01042,-0.01034,0.00122,0.0002,0.00512
183.05,SYN.ETH-8NOV19,1572865144400,open,0.26,0.0,0.22,0.297,0.257011,99.28,None,0.0,ETH-8NOV19-230-P,182.87,0.0,0.0,0.0,0.0,0.0,0.0,0.00698,-0.08938,-0.02415,0.00198,-0.9854
185.3,ETH-27DEC19,1572865144405,open,0.0,11024.0,0.001,0.011,0.001021,105.0,0.005,0.0,ETH-27DEC19-520-C,182.87,113.51,0.002,2230.0,0.004,300.0,124.32,0.01648,-0.01637,0.00204,0.00032,0.00861
187.95,ETH-27MAR20,1572865144410,open,0.02,1161.0,0.007,0.05,0.024971,96.82,0.037,0.0,ETH-27MAR20-480-C,182.87,95.09,0.023,220.0,0.027,300.0,98.53,0.21863,-0.07356,0.06134,0.00162,0.10776
187.95,ETH-27MAR20,1572865144421,open,0.4,169.0,0.332,0.464,0.400147,84.26,0.4,0.0,ETH-27MAR20-240-P,182.87,72.65,0.372,300.0,0.452,1.0,105.12,0.46166,-0.13518,-0.72492,0.00393,-0.57833
183.05,SYN.ETH-8NOV19,1572865144421,open,0.0,339.0,0.001,0.011,0.000651,67.1,0.002,0.0,ETH-8NOV19-210-C,182.87,0.0,0.0,0.0,0.001,1.0,72.06,0.0112,-0.09691,0.00048,0.00469,0.02546
183.05,SYN.ETH-8NOV19,1572865144421,open,0.0,259.0,0.001,0.011,0.000517,82.77,0.002,0.0,ETH-8NOV19-220-C,182.87,0.0,0.0,0.0,0.001,3.0,91.48,0.00807,-0.08617,0.00033,0.00274,0.01729
183.05,SYN.ETH-8NOV19,1572865144426,open,0.18,0.0,0.156,0.207,0.181455,99.39,None,0.0,ETH-8NOV19-150-C,182.87,0.0,0.0,0.0,0.0,0.0,0.0,0.01028,-0.13179,0.01546,0.00291,0.977
185.3,ETH-27DEC19,1572865144429,open,3.13,1.0,2.982,3.228,3.101498,105.0,3.236,0.0,ETH-27DEC19-760-P,182.87,0.0,0.0,0.0,0.0,0.0,0.0,0.00109,-0.00109,-1.10087,2e-05,-0.99957
189.59,SYN.ETH-26JUN20,1572865144429,open,1.21,0.0,1.097,1.291,1.193228,91.91,None,0.0,ETH-26JUN20-400-P,182.87,0.0,0.0,0.0,0.0,0.0,0.0,0.4931,-0.09648,-2.35881,0.00232,-0.74022
185.3,ETH-27DEC19,1572865144437,open,2.04,0.0,1.935,2.117,2.022706,105.0,0.845,0.0,ETH-27DEC19-560-P,182.87,0.0,0.0,0.0,0.0,0.0,0.0,0.01042,-0.01034,-0.81002,0.0002,-0.99488
189.59,SYN.ETH-26JUN20,1572865144437,open,0.06,0.0,0.025,0.1,0.060469,94.18,None,0.0,ETH-26JUN20-480-C,182.87,93.07,0.058,140.0,0.065,438.0,96.19,0.42215,-0.08464,0.16679,0.00194,0.19718
184.01,SYN.ETH-29NOV19,1572865144451,open,0.0,539.0,0.001,0.012,0.002037,99.59,0.005,0.0,ETH-29NOV19-320-C,182.87,90.47,0.001,360.0,0.003,300.0,105.57,0.02603,-0.05211,0.00261,0.00113,0.02285
183.05,SYN.ETH-8NOV19,1572865144463,open,0.12,246.0,0.1,0.155,0.127744,81.66,0.148,0.0,ETH-8NOV19-160-C,182.87,0.0,0.125,45.0,0.145,1.0,164.04,0.01957,-0.20615,0.01597,0.00673,0.94963
184.01,SYN.ETH-29NOV19,1572865144474,open,0.43,0.0,0.374,0.468,0.419574,84.71,None,0.0,ETH-29NOV19-260-P,182.87,0.0,0.0,0.0,0.0,0.0,0.0,0.06674,-0.11363,-0.16885,0.00341,-0.92682
184.01,SYN.ETH-29NOV19,1572865144474,open,0.45,0.0,0.44,0.474,0.457474,105.0,None,0.0,ETH-29NOV19-100-C,182.87,0.0,0.447,1.0,0.467,12.0,162.71,0.01178,-0.02487,0.0669,0.00049,0.99091
185.3,ETH-27DEC19,1572865144481,open,0.19,1370.0,0.151,0.222,0.188864,76.05,0.183,0.0,ETH-27DEC19-160-C,182.87,70.41,0.182,226.0,0.193,566.0,79.4,0.2275,-0.16361,0.14869,0.00601,0.74276
184.01,SYN.ETH-29NOV19,1572865144481,open,0.01,1266.0,0.001,0.018,0.006632,84.71,0.02,0.0,ETH-29NOV19-260-C,182.87,79.87,0.005,660.0,0.008,460.0,88.3,0.06674,-0.11363,0.00835,0.00341,0.07318
183.05,SYN.ETH-8NOV19,1572865144481,open,0.0,939.0,0.001,0.015,0.003142,65.57,0.004,0.0,ETH-8NOV19-200-C,182.87,58.64,0.002,2.0,0.004,200.0,70.04,0.0333,-0.28169,0.0019,0.01427,0.10081
185.3,ETH-27DEC19,1572865144487,open,0.08,10920.0,0.048,0.115,0.082779,75.19,0.074,0.0,ETH-27DEC19-200-C,182.87,74.01,0.081,268.0,0.085,320.0,76.66,0.27922,-0.19852,0.09879,0.00747,0.45078
189.59,SYN.ETH-26JUN20,1572865144487,open,0.05,35.0,0.021,0.091,0.052839,95.45,0.061,0.0,ETH-26JUN20-520-C,182.87,94.06,0.05,140.0,0.057,140.0,97.43,0.39193,-0.07964,0.14895,0.00178,0.17493
183.05,SYN.ETH-8NOV19,1572865144487,open,0.07,422.0,0.046,0.105,0.07655,68.93,0.078,0.0,ETH-8NOV19-170-C,182.87,41.68,0.072,30.0,0.077,40.0,70.85,0.04215,-0.37478,0.01521,0.01719,0.85919
187.95,ETH-27MAR20,1572865144490,open,0.18,1700.0,0.121,0.22,0.172293,79.43,0.172,0.0,ETH-27MAR20-180-P,182.87,77.19,0.167,235.0,0.179,300.0,82.26,0.44492,-0.12281,-0.4006,0.00402,-0.36843
187.95,ETH-27MAR20,1572865144490,open,1.18,3.0,1.085,1.255,1.167894,93.97,1.39,0.0,ETH-27MAR20-400-P,182.87,0.0,0.001,10.0,0.0,0.0,0.0,0.28978,-0.09464,-1.48588,0.00221,-0.83772
187.95,ETH-27MAR20,1572865144490,open,0.08,1613.0,0.046,0.127,0.086818,86.19,0.092,0.0,ETH-27MAR20-280-C,182.87,82.68,0.079,546.0,0.093,286.0,88.92,0.42232,-0.1265,0.1732,0.00352,0.3206
189.59,SYN.ETH-26JUN20,1572865144490,open,0.82,0.0,0.718,0.893,0.807175,88.52,None,0.0,ETH-26JUN20-320-P,182.87,0.0,0.0,0.0,0.843,1.0,100.29,0.56401,-0.10628,-1.77632,0.00275,-0.64882
189.59,SYN.ETH-26JUN20,1572865144490,open,0.51,0.0,0.484,0.546,0.517106,84.89,None,0.0,ETH-26JUN20-100-C,182.87,49.53,0.479,1.0,0.0,0.0,0.0,0.26749,-0.04834,0.46677,0.00136,0.8997
189.59,SYN.ETH-26JUN20,1572865144490,open,0.05,5.0,0.022,0.069,0.04456,84.89,0.061,0.0,ETH-26JUN20-100-P,182.87,83.06,0.042,250.0,0.049,547.0,88.0,0.26749,-0.04834,-0.17673,0.00136,-0.1003
184.01,SYN.ETH-29NOV19,1572865144490,open,0.22,0.0,0.173,0.258,0.215654,73.83,None,0.0,ETH-29NOV19-220-P,182.87,0.0,0.195,50.0,0.0,0.0,0.0,0.13576,-0.20145,-0.12698,0.00797,-0.79685
189.59,SYN.ETH-26JUN20,1572865144490,open,0.69,0.0,0.677,0.706,0.691514,87.49,None,0.0,ETH-26JUN20-60-C,182.87,0.0,0.683,1.0,0.0,0.0,0.0,0.08373,-0.01559,0.34795,0.00041,0.97672
187.95,ETH-27MAR20,1572865144503,open,0.02,30.0,0.008,0.038,0.02148,84.28,0.052,0.0,ETH-27MAR20-100-P,182.87,81.35,0.019,320.0,0.024,320.0,87.13,0.16285,-0.0477,-0.06966,0.00139,-0.07255
183.05,SYN.ETH-8NOV19,1572865144530,open,0.0,1704.0,0.001,0.011,1e-06,105.0,0.001,0.0,ETH-8NOV19-120-P,182.87,0.0,0.0,0.0,0.001,1.0,193.77,3e-05,-0.00018,0.0,1e-05,-4e-05
187.95,ETH-27MAR20,1572865144556,open,0.14,7.0,0.097,0.19,0.146292,82.44,0.155,0.0,ETH-27MAR20-220-C,182.87,77.13,0.133,271.0,0.15,571.0,83.93,0.47028,-0.13474,0.24864,0.0041,0.4819
187.95,ETH-27MAR20,1572865144556,open,0.04,1051.0,0.015,0.07,0.039668,93.97,0.051,0.0,ETH-27MAR20-400-C,182.87,90.18,0.034,260.0,0.045,300.0,97.34,0.28978,-0.09464,0.09084,0.00221,0.16228
187.95,ETH-27MAR20,1572865144556,open,0.05,578.0,0.019,0.079,0.046818,89.73,0.06,0.0,ETH-27MAR20-360-C,182.87,87.47,0.043,260.0,0.05,297.0,91.57,0.32189,-0.10038,0.10728,0.00258,0.19162
185.3,ETH-27DEC19,1572865144556,open,0.34,2287.0,0.281,0.384,0.332444,79.47,0.408,0.0,ETH-27DEC19-240-P,182.87,31.8,0.296,6.0,0.353,6.0,95.8,0.21962,-0.16503,-0.29305,0.00556,-0.75927
183.05,SYN.ETH-8NOV19,1572865144556,open,0.32,0.0,0.273,0.353,0.311376,105.0,None,0.0,ETH-8NOV19-240-P,182.87,0.0,0.0,0.0,0.0,0.0,0.0,0.00375,-0.05074,-0.02535,0.001,-0.99285
189.59,SYN.ETH-26JUN20,1572865144556,open,0.12,236.0,0.068,0.168,0.119323,88.52,0.123,0.0,ETH-26JUN20-320-C,182.87,87.06,0.115,180.0,0.125,465.0,90.42,0.56401,-0.10628,0.28287,0.00275,0.35118
187.95,ETH-27MAR20,1572865144570,open,2.23,0.0,2.105,2.322,2.208668,103.33,None,0.0,ETH-27MAR20-600-P,182.87,0.0,0.02,10.0,0.0,0.0,0.0,0.16099,-0.05781,-2.32423,0.00112,-0.92853
184.01,SYN.ETH-29NOV19,1572865144570,open,0.0,1027.0,0.001,0.012,0.002904,92.05,0.003,0.0,ETH-29NOV19-120-P,182.87,86.2,0.002,500.0,0.004,161.0,97.86,0.03157,-0.05841,-0.00397,0.00149,-0.02877
187.95,ETH-27MAR20,1572865144572,open,0.25,754.0,0.185,0.299,0.244304,82.44,0.27,0.0,ETH-27MAR20-200-P,182.87,78.3,0.234,476.0,0.254,176.0,86.36,0.46625,-0.13359,-0.51055,0.00406,-0.44482
183.05,SYN.ETH-8NOV19,1572865144572,open,0.29,0.0,0.268,0.31,0.289824,105.0,None,0.0,ETH-8NOV19-130-C,182.87,0.0,0.0,0.0,0.0,0.0,0.0,0.00043,-0.00577,0.01379,0.00011,0.99935
189.59,SYN.ETH-26JUN20,1572865144574,open,0.6,0.0,0.577,0.623,0.601054,87.41,None,0.0,ETH-26JUN20-80-C,182.87,47.32,0.579,1.0,0.0,0.0,0.0,0.17384,-0.03235,0.41726,0.00086,0.94307
185.3,ETH-27DEC19,1572865144581,open,0.01,1518.0,0.002,0.027,0.011609,92.0,0.011,0.0,ETH-27DEC19-320-C,182.87,89.13,0.01,485.0,0.013,460.0,94.32,0.10781,-0.09379,0.01917,0.00236,0.08301
185.3,ETH-27DEC19,1572865144586,open,0.02,3582.0,0.008,0.047,0.025448,81.53,0.025,0.0,ETH-27DEC19-260-C,182.87,80.03,0.024,448.0,0.028,128.0,84.09,0.1815,-0.13993,0.04002,0.00448,0.17454
183.05,SYN.ETH-8NOV19,1572865144586,open,0.0,55.0,0.001,0.011,0.000511,99.28,0.001,0.0,ETH-8NOV19-230-C,182.87,0.0,0.0,0.0,0.001,308.0,109.39,0.00698,-0.08938,0.00027,0.00198,0.0146
187.95,ETH-27MAR20,1572865144593,open,0.01,363.0,0.003,0.033,0.014053,104.62,0.021,0.0,ETH-27MAR20-640-C,182.87,101.82,0.012,247.0,0.016,220.0,107.06,0.14447,-0.05253,0.03563,0.00099,0.06214
185.3,ETH-27DEC19,1572865144593,open,2.48,0.0,2.354,2.561,2.454053,105.0,None,0.0,ETH-27DEC19-640-P,182.87,0.0,0.0,0.0,0.0,0.0,0.0,0.00418,-0.00415,-0.92669,8e-05,-0.99814
189.59,SYN.ETH-26JUN20,1572865144593,open,0.23,124.0,0.171,0.287,0.231421,83.6,0.23,0.0,ETH-26JUN20-180-P,182.87,81.08,0.224,210.0,0.236,438.0,85.16,0.5572,-0.09917,-0.69702,0.00288,-0.33991
183.05,SYN.ETH-8NOV19,1572865144593,open,0.05,453.0,0.019,0.08,0.048746,60.56,0.039,0.0,ETH-8NOV19-190-P,182.87,52.5,0.046,40.0,0.053,40.0,72.36,0.06411,-0.50084,-0.01483,0.02975,-0.71435
187.95,ETH-27MAR20,1572865144595,open,0.26,724.0,0.22,0.308,0.267649,80.29,0.278,0.0,ETH-27MAR20-160-C,182.87,77.63,0.262,554.0,0.271,300.0,81.86,0.39985,-0.11157,0.33228,0.00358,0.71615
185.3,ETH-27DEC19,1572865144595,open,0.01,10138.0,0.001,0.016,0.005574,103.79,0.005,0.0,ETH-27DEC19-400-C,182.87,98.49,0.004,510.0,0.007,460.0,107.84,0.06081,-0.05968,0.00925,0.00118,0.04003
185.3,ETH-27DEC19,1572865144595,open,0.01,1196.0,0.001,0.02,0.007605,97.8,0.007,0.0,ETH-27DEC19-360-C,182.87,93.74,0.006,480.0,0.009,780.0,100.93,0.07847,-0.07256,0.01272,0.00161,0.05501
185.3,ETH-27DEC19,1572865144595,open,0.05,11451.0,0.026,0.081,0.052329,76.05,0.055,0.0,ETH-27DEC19-160-P,182.87,74.15,0.05,128.0,0.054,340.0,77.41,0.2275,-0.16361,-0.0831,0.00601,-0.25724
189.59,SYN.ETH-26JUN20,1572865144595,open,0.3,1.0,0.231,0.359,0.298105,83.6,0.294,0.0,ETH-26JUN20-200-P,182.87,81.31,0.291,210.0,0.304,388.0,85.51,0.58723,-0.10451,-0.85062,0.00304,-0.39912
189.59,SYN.ETH-26JUN20,1572865144595,open,0.15,310.0,0.093,0.199,0.148934,87.27,0.165,0.0,ETH-26JUN20-280-C,182.87,85.69,0.144,460.0,0.155,460.0,89.2,0.59388,-0.11033,0.32828,0.00294,0.41802
183.05,SYN.ETH-8NOV19,1572865144595,open,0.01,667.0,0.001,0.02,0.005267,68.93,0.009,0.0,ETH-8NOV19-170-P,182.87,67.76,0.005,3.0,0.006,497.0,72.04,0.04215,-0.37478,-0.00284,0.01719,-0.14081
9240.51,SYN.BTC-15NOV19,1572865144659,open,0.05,7.2,0.0305,0.0785,0.05450658,59.11,0.051,0.0,BTC-15NOV19-9000-C,9213.73,53.75,0.051,8.0,0.058,21.4,64.42,6.0658,-16.48315,1.56121,0.0004,0.62153
9240.51,SYN.BTC-15NOV19,1572865144661,open,0.05,7.2,0.0305,0.0785,0.05450658,59.11,0.051,0.0,BTC-15NOV19-9000-C,9213.73,53.75,0.051,21.4,0.058,21.4,64.42,6.0658,-16.48315,1.56121,0.0004,0.62153
183.37,SYN.ETH-15NOV19,1572865145107,open,0.08,0.0,0.057,0.117,0.088719,64.46,None,0.0,ETH-15NOV19-170-C,182.87,55.12,0.084,40.0,0.09,40.0,66.88,0.09631,-0.28541,0.03718,0.01491,0.76915
183.37,SYN.ETH-15NOV19,1572865145107,open,0.01,11.0,0.001,0.021,0.00754,67.55,0.011,0.0,ETH-15NOV19-210-C,182.87,63.24,0.006,500.0,0.009,200.0,71.31,0.0686,-0.21303,0.00694,0.01014,0.13464
183.37,SYN.ETH-15NOV19,1572865145107,open,0.11,0.0,0.069,0.141,0.104983,64.16,None,0.0,ETH-15NOV19-200-P,182.87,60.33,0.103,40.0,0.111,40.0,75.06,0.09685,-0.28567,-0.04763,0.01507,-0.76684
183.37,SYN.ETH-15NOV19,1572865145107,open,0.04,123.0,0.011,0.061,0.034158,62.64,0.041,0.0,ETH-15NOV19-180-P,182.87,59.42,0.032,120.0,0.037,257.0,66.87,0.1231,-0.35453,-0.02431,0.01961,-0.41076
183.37,SYN.ETH-15NOV19,1572865145107,open,0.03,145.0,0.008,0.052,0.028314,62.87,0.024,0.0,ETH-15NOV19-190-C,182.87,59.37,0.026,269.0,0.03,160.0,65.41,0.12166,-0.35164,0.01989,0.01931,0.39242
183.37,SYN.ETH-15NOV19,1572865145107,open,0.07,229.0,0.033,0.097,0.064472,62.87,0.073,0.0,ETH-15NOV19-190-P,182.87,59.13,0.062,120.0,0.068,176.0,68.17,0.12166,-0.35164,-0.03672,0.01931,-0.60758
9343.54,BTC-27DEC19,1572865145304,open,3.3,0.0,3.1975,3.368,3.28107224,107.58,2.58,0.0,BTC-27DEC19-40000-P,9213.73,0.0,0.001,1.0,0.0,0.0,0.0,0.05244,-0.05334,-57.94097,0.0,-0.99959
9343.54,BTC-27DEC19,1572865145314,open,0.73,0.0,0.7225,0.742,0.73244767,99.54,None,0.0,BTC-27DEC19-2500-C,9213.68,0.0,0.7245,1.0,0.741,1.0,212.72,0.01691,-0.01592,3.61981,0.0,0.99988
9514.49,BTC-27MAR20,1572865145314,open,2.39,0.0,2.2995,2.455,2.37274294,97.17,None,0.0,BTC-27MAR20-32000-P,9213.68,0.0,0.001,1.0,0.0,0.0,0.0,5.77998,-1.95176,-124.76059,2e-05,-0.95383
9343.54,BTC-27DEC19,1572865145314,open,1.37,4.9,1.309,1.41,1.35687654,99.28,1.0385,0.0,BTC-27DEC19-22000-P,9213.68,0.0,0.0,0.0,0.0,0.0,0.0,1.63994,-1.53957,-31.64592,1e-05,-0.98112
9343.54,BTC-27DEC19,1572865145314,open,0.0,677.2,0.0005,0.011,0.00128671,100.0,0.0015,0.0,BTC-27DEC19-24000-C,9213.68,97.17,0.001,20.0,0.0025,24.0,108.54,1.03487,-0.97859,0.1323,1e-05,0.01106
9514.49,BTC-27MAR20,1572865145315,open,0.37,52.6,0.3125,0.4225,0.36812631,76.07,0.355,0.0,BTC-27MAR20-12000-P,9213.68,65.15,0.342,4.0,0.4165,4.0,95.66,23.11433,-6.11078,-36.21861,9e-05,-0.59759
9514.49,BTC-27MAR20,1572865145315,open,3.23,1.0,3.1225,3.3035,3.20880014,99.96,2.7125,0.0,BTC-27MAR20-40000-P,9213.68,0.0,0.0005,2.0,0.0,0.0,0.0,3.39377,-1.17897,-156.94125,1e-05,-0.97583
9514.49,BTC-27MAR20,1572865145315,open,0.0,609.0,0.0005,0.0155,0.00469925,100.0,0.005,0.0,BTC-27MAR20-40000-C,9213.68,100.82,0.005,17.0,0.0065,20.0,104.5,3.40014,-1.18162,0.73228,1e-05,0.02422
9343.54,BTC-27DEC19,1572865145315,open,0.02,540.8,0.0065,0.0415,0.02115361,75.74,0.024,0.0,BTC-27DEC19-13000-C,9213.68,74.47,0.02,28.0,0.022,12.8,76.65,8.59158,-6.15311,1.85601,9e-05,0.15828
9343.54,BTC-27DEC19,1572865145315,open,0.94,9.4,0.89,0.978,0.93157616,90.31,1.1125,0.0,BTC-27DEC19-18000-P,9213.68,0.0,0.0,0.0,0.0,0.0,0.0,3.14539,-2.68604,-25.5858,3e-05,-0.9587
9343.54,BTC-27DEC19,1572865145316,open,0.52,21.6,0.509,0.5335,0.5205702,96.42,0.5285,0.0,BTC-27DEC19-4500-C,9213.68,0.0,0.5105,1.0,0.53,12.0,133.49,1.33419,-1.2164,6.2885,1e-05,0.98516
9343.49,BTC-27DEC19,1572865145317,open,0.18,497.2,0.155,0.214,0.18562548,69.38,0.1855,0.0,BTC-27DEC19-8000-C,9213.68,61.87,0.177,16.0,0.1885,16.0,71.82,10.94861,-7.18291,7.83141,0.00012,0.76421
9597.51,SYN.BTC-26JUN20,1572865145314,open,1.35,0.0,1.273,1.4255,1.3461326,85.02,None,0.0,BTC-26JUN20-22000-P,9213.68,0.0,0.11,1.0,0.0,0.0,0.0,20.94144,-3.79038,-133.11673,4e-05,-0.80927
9343.49,BTC-27DEC19,1572865145317,open,4.16,0.0,4.0365,4.242,4.13721875,0.0,None,0.0,BTC-27DEC19-48000-P,9213.68,0.0,0.0005,1.0,0.0,0.0,0.0,0.0,0.0,-69.53516,0.0,-1.0
9514.44,BTC-27MAR20,1572865145317,open,2.6,0.0,2.5055,2.667,2.581704,98.59,None,0.0,BTC-27MAR20-34000-P,9213.68,0.0,0.0,0.0,0.0,0.0,0.0,5.17174,-1.77194,-132.81947,1e-05,-0.95977
9343.49,BTC-27DEC19,1572865145318,open,0.32,73.4,0.2765,0.3565,0.31596242,73.21,0.3635,0.0,BTC-27DEC19-12000-P,9213.68,36.34,0.2865,5.0,0.3555,5.0,104.12,10.63962,-7.36601,-14.77972,0.00011,-0.77596
9514.44,BTC-27MAR20,1572865145318,open,1.76,0.0,1.6835,1.821,1.74811775,92.12,None,0.0,BTC-27MAR20-26000-P,9213.68,0.0,0.0,0.0,0.0,0.0,0.0,8.34171,-2.67053,-100.30228,3e-05,-0.92632
9240.42,SYN.BTC-15NOV19,1572865145314,open,0.09,2.1,0.0685,0.115,0.09246881,61.13,0.0935,0.0,BTC-15NOV19-8500-C,9213.68,54.75,0.0895,4.0,0.0965,6.0,69.19,4.4557,-12.52302,1.95007,0.00029,0.80073
9597.51,SYN.BTC-26JUN20,1572865145314,open,0.59,0.0,0.5795,0.612,0.59501912,74.39,None,0.0,BTC-26JUN20-4000-C,9213.68,46.62,0.584,7.0,0.6105,7.0,93.03,6.46927,-1.02446,22.61643,1e-05,0.96122
9240.42,SYN.BTC-15NOV19,1572865145314,open,0.04,21.5,0.019,0.066,0.03993361,57.23,0.042,0.0,BTC-15NOV19-9250-P,9213.68,52.96,0.037,22.0,0.042,0.2,60.23,6.35851,-16.72901,-1.44388,0.00044,-0.48448
9223.24,SYN.BTC-8NOV19,1572865145315,open,0.08,105.8,0.0605,0.1035,0.08211146,66.21,0.092,0.0,BTC-8NOV19-8500-C,9213.68,62.92,0.0815,5.0,0.084,0.1,75.2,1.77724,-15.18035,0.79204,0.0003,0.89085
9223.24,SYN.BTC-8NOV19,1572865145314,open,0.31,0.0,0.276,0.329,0.30124623,99.23,None,0.0,BTC-8NOV19-12000-P,9213.68,0.0,0.0,0.0,0.0,0.0,0.0,0.15738,-2.0148,-1.26868,2e-05,-0.99418
9514.44,BTC-27MAR20,1572865145320,open,2.18,0.0,2.094,2.244,2.16448735,96.17,None,0.0,BTC-27MAR20-30000-P,9213.68,0.0,0.0,0.0,0.0,0.0,0.0,6.62615,-2.21463,-116.62569,2e-05,-0.9452
9223.24,SYN.BTC-8NOV19,1572865145317,open,0.29,10.8,0.281,0.309,0.29526614,99.84,0.305,0.0,BTC-8NOV19-6500-C,9213.68,0.0,0.284,6.0,0.3055,6.0,261.34,0.00978,-0.126,0.68991,0.0,0.99972
9240.42,SYN.BTC-15NOV19,1572865145314,open,0.01,192.6,0.0025,0.028,0.01233133,61.12,0.013,0.0,BTC-15NOV19-8500-P,9213.68,57.24,0.0105,44.0,0.014,8.8,64.52,4.45487,-12.517,-0.58243,0.00029,-0.19921
9597.51,SYN.BTC-26JUN20,1572865145316,open,2.17,0.0,2.076,2.2485,2.15745738,91.23,None,0.0,BTC-26JUN20-30000-P,9213.68,0.0,0.0,0.0,0.0,0.0,0.0,15.1051,-2.93358,-187.79256,3e-05,-0.88325
9240.42,SYN.BTC-15NOV19,1572865145314,open,0.35,0.0,0.3375,0.3645,0.35096171,100.25,None,0.0,BTC-15NOV19-6000-C,9213.68,0.0,0.34,7.0,0.362,7.0,189.2,0.22704,-1.04641,1.77348,1e-05,0.99509
9240.42,SYN.BTC-15NOV19,1572865145314,open,0.1,2.0,0.069,0.1235,0.09612367,60.2,0.099,0.0,BTC-15NOV19-10000-P,9213.68,51.13,0.0915,9.0,0.0995,5.0,66.34,4.95194,-13.7061,-2.3588,0.00032,-0.76059
9240.42,SYN.BTC-15NOV19,1572865145314,open,0.03,29.8,0.01,0.0505,0.02847867,59.11,0.0295,0.0,BTC-15NOV19-9000-P,9213.68,57.61,0.0275,0.1,0.0295,10.0,60.66,6.06591,-16.48329,-1.12056,0.0004,-0.37851
9240.42,SYN.BTC-15NOV19,1572865145314,open,0.06,0.6,0.032,0.083,0.05676123,59.03,0.062,0.0,BTC-15NOV19-9500-P,9213.68,52.66,0.0525,7.0,0.0595,7.0,63.1,6.20989,-16.85262,-1.77366,0.00041,-0.58743
9597.51,SYN.BTC-26JUN20,1572865145314,open,0.26,111.1,0.204,0.3155,0.26102018,74.39,0.245,0.0,BTC-26JUN20-10000-P,9213.68,71.34,0.2515,3.0,0.2665,15.8,76.15,29.91582,-4.73753,-41.39417,7e-05,-0.40923
9240.42,SYN.BTC-15NOV19,1572865145314,open,0.16,0.0,0.145,0.1845,0.16471522,69.26,None,0.0,BTC-15NOV19-7750-C,9213.68,0.0,0.1465,6.0,0.1805,6.0,116.25,1.97118,-6.27692,2.12665,0.00011,0.93711
9274.79,SYN.BTC-29NOV19,1572865145317,open,0.11,813.8,0.088,0.141,0.11569175,65.9,0.13,0.0,BTC-29NOV19-8500-C,9213.68,62.8,0.113,3.2,0.118,8.3,68.53,8.10158,-10.73061,3.8416,0.00021,0.72344
9240.42,SYN.BTC-15NOV19,1572865145314,open,0.07,10.0,0.0475,0.0955,0.07226399,60.14,0.082,0.0,BTC-15NOV19-8750-C,9213.68,54.46,0.069,7.0,0.076,7.0,66.47,5.38684,-14.89405,1.7782,0.00035,0.7181
9240.42,SYN.BTC-15NOV19,1572865145314,open,0.01,11.4,0.0005,0.0255,0.01040174,62.99,0.0085,0.0,BTC-15NOV19-10250-C,9213.68,58.71,0.0085,30.0,0.012,32.0,66.38,4.24667,-12.297,0.47861,0.00027,0.18423
9223.24,SYN.BTC-8NOV19,1572865145319,open,0.11,116.1,0.0875,0.1285,0.1078007,73.85,0.1015,0.0,BTC-8NOV19-8250-C,9213.68,67.15,0.107,4.0,0.1095,0.1,84.94,1.22458,-11.66675,0.80879,0.00018,0.93364
9274.79,SYN.BTC-29NOV19,1572865145314,open,0.02,533.4,0.005,0.036,0.01820951,69.27,0.0175,0.0,BTC-29NOV19-11000-C,9213.68,67.58,0.017,12.8,0.0195,42.3,71.03,6.71397,-9.34812,1.12917,0.00017,0.19685
9274.79,SYN.BTC-29NOV19,1572865145316,open,0.35,22.5,0.3405,0.3715,0.35550418,90.52,0.2095,0.0,BTC-29NOV19-6000-C,9213.68,0.0,0.3425,8.0,0.368,8.0,135.78,1.4115,-2.56809,3.91632,3e-05,0.97508
9240.42,SYN.BTC-15NOV19,1572865145314,open,0.02,35.2,0.005,0.038,0.01918129,60.12,0.02,0.0,BTC-15NOV19-8750-P,9213.68,58.09,0.018,0.1,0.021,26.0,63.22,5.38646,-14.88918,-0.82885,0.00035,-0.28185
9274.79,SYN.BTC-29NOV19,1572865145315,open,0.25,7.4,0.232,0.2715,0.25137859,76.19,0.25,0.0,BTC-29NOV19-7000-C,9213.68,0.0,0.233,7.0,0.268,7.0,112.29,3.06997,-4.70156,4.32119,7e-05,0.935
9223.24,SYN.BTC-8NOV19,1572865145316,open,0.09,47.5,0.064,0.113,0.08782528,63.79,0.0985,0.0,BTC-8NOV19-10000-P,9213.68,49.54,0.0855,0.1,0.089,4.1,69.3,1.85178,-15.2398,-0.95214,0.00032,-0.88438
9597.51,SYN.BTC-26JUN20,1572865145316,open,1.76,0.0,1.673,1.8355,1.75017748,88.77,None,0.0,BTC-26JUN20-26000-P,9213.68,0.0,0.0,0.0,0.0,0.0,0.0,17.8207,-3.3677,-160.68606,3e-05,-0.85162
9223.24,SYN.BTC-8NOV19,1572865145319,open,0.04,115.4,0.016,0.06,0.03700097,56.38,0.037,0.0,BTC-8NOV19-9000-C,9213.68,56.38,0.037,1.0,0.039,1.1,61.72,3.42525,-24.91308,0.62378,0.00067,0.67393
9597.51,SYN.BTC-26JUN20,1572865145317,open,0.51,0.0,0.484,0.5325,0.50815759,74.39,None,0.0,BTC-26JUN20-5000-C,9213.68,56.07,0.4895,7.0,0.527,7.0,88.58,11.67181,-1.84835,25.30547,3e-05,0.9179
9343.54,BTC-27DEC19,1572865145482,open,0.73,0.0,0.7225,0.742,0.73244767,99.54,None,0.0,BTC-27DEC19-2500-C,9213.68,0.0,0.7245,1.0,0.7405,1.0,210.07,0.01691,-0.01592,3.61981,0.0,0.99988
9514.49,BTC-27MAR20,1572865145484,open,0.15,43.6,0.108,0.196,0.15276433,73.92,0.15,0.0,BTC-27MAR20-9000-P,9213.68,71.48,0.147,16.8,0.155,5.0,74.87,22.40074,-5.75472,-19.32385,8e-05,-0.36248
9597.51,SYN.BTC-26JUN20,1572865145487,open,0.08,61.2,0.0395,0.1245,0.07991552,82.41,0.0765,0.0,BTC-26JUN20-18000-C,9213.68,81.1,0.0765,8.0,0.083,9.2,83.57,25.33128,-4.44377,11.57703,5e-05,0.26737
9343.49,BTC-27DEC19,1572865145540,open,0.09,801.6,0.053,0.116,0.0843639,68.43,0.08,0.0,BTC-27DEC19-9000-P,9213.68,66.81,0.082,23.8,0.087,11.0,70.23,13.66451,-8.8415,-6.44818,0.00016,-0.39203
9240.42,SYN.BTC-15NOV19,1572865145541,open,0.05,7.2,0.0305,0.0785,0.05450659,59.12,0.051,0.0,BTC-15NOV19-9000-C,9213.68,53.76,0.051,21.4,0.058,8.0,64.43,6.066,-16.48747,1.56104,0.0004,0.62148
9343.49,BTC-27DEC19,1572865145801,open,0.09,801.6,0.053,0.116,0.08436319,68.43,0.08,0.0,BTC-27DEC19-9000-P,9213.68,66.81,0.082,23.8,0.087,26.3,70.23,13.66451,-8.8415,-6.44818,0.00016,-0.39203
9514.48,BTC-27MAR20,1572865146321,open,0.2,11.1,0.1625,0.247,0.20683792,73.92,0.2035,0.0,BTC-27MAR20-9000-C,9213.82,71.23,0.2005,18.8,0.2075,6.0,74.2,22.40074,-5.7547,16.15233,8e-05,0.63752
9514.48,BTC-27MAR20,1572865146321,open,0.74,1.1,0.675,0.7925,0.7322604,80.47,1.08,0.0,BTC-27MAR20-16000-P,9213.82,0.0,0.0,0.0,0.0,0.0,0.0,17.63269,-4.93103,-56.76036,6e-05,-0.78118
9514.48,BTC-27MAR20,1572865146321,open,0.0,1259.6,0.0005,0.0145,0.00482531,78.13,0.007,0.0,BTC-27MAR20-4000-P,9213.82,75.5,0.004,31.0,0.006,22.0,81.46,3.14962,-0.85515,-1.01055,1e-05,-0.02212
9343.4,BTC-27DEC19,1572865146321,open,0.31,66.1,0.295,0.337,0.31571167,74.91,0.355,0.0,BTC-27DEC19-6500-C,9213.82,0.0,0.2955,10.0,0.3325,10.0,99.52,5.21125,-3.69135,8.19964,6e-05,0.92151
9343.4,BTC-27DEC19,1572865146321,open,0.05,949.3,0.024,0.0765,0.04942839,71.39,0.0475,0.0,BTC-27DEC19-11000-C,9213.82,69.97,0.0475,1.8,0.0505,12.8,72.18,12.7344,-8.59698,3.67617,0.00014,0.32103
9343.4,BTC-27DEC19,1572865146321,open,0.0,599.8,0.0005,0.0105,0.00068736,100.0,0.0025,0.0,BTC-27DEC19-26000-C,9213.82,104.05,0.001,48.0,0.002,18.5,112.75,0.62557,-0.59155,0.07509,0.0,0.00623
9343.4,BTC-27DEC19,1572865146321,open,0.01,675.5,0.0035,0.0315,0.01433065,77.95,0.014,0.0,BTC-27DEC19-14000-C,9213.82,76.79,0.0135,22.4,0.015,16.0,78.87,6.78493,-5.00142,1.32548,7e-05,0.11226
9514.48,BTC-27MAR20,1572865146321,open,0.02,228.5,0.0065,0.048,0.02298112,87.96,0.0225,0.0,BTC-27MAR20-22000-C,9213.82,86.66,0.0215,20.0,0.0245,15.0,89.25,11.02344,-3.36962,3.15727,4e-05,0.10717
9514.48,BTC-27MAR20,1572865146321,open,0.49,1.0,0.4695,0.507,0.48768813,74.98,0.551,0.0,BTC-27MAR20-5000-C,9213.82,49.25,0.476,8.1,0.503,8.0,93.39,6.60444,-1.72101,17.16705,2e-05,0.94543
9343.4,BTC-27DEC19,1572865146321,open,0.08,744.6,0.046,0.1065,0.07678734,69.14,0.077,0.0,BTC-27DEC19-10000-C,9213.82,67.29,0.074,40.7,0.077,4.0,69.28,14.07412,-9.20149,5.04701,0.00016,0.44966
9514.48,BTC-27MAR20,1572865146321,open,0.26,261.2,0.219,0.2975,0.25989571,73.92,0.264,0.0,BTC-27MAR20-8000-C,9213.82,70.85,0.2535,24.2,0.261,6.0,74.45,19.83807,-5.09635,17.54141,8e-05,0.72761
9343.54,BTC-27DEC19,1572865146321,open,0.0,350.0,0.0005,0.0105,1.54e-06,100.0,0.0005,0.0,BTC-27DEC19-48000-C,9213.82,0.0,0.0,0.0,0.001,45.0,153.98,0.00305,-0.00289,0.00025,0.0,2e-05
9343.54,BTC-27DEC19,1572865146322,open,0.0,704.9,0.0005,0.012,0.00218789,96.43,0.0025,0.0,BTC-27DEC19-4500-P,9213.82,91.03,0.0015,50.0,0.003,16.0,101.57,1.33476,-1.21706,-0.23054,1e-05,-0.01484
9343.54,BTC-27DEC19,1572865146321,open,0.0,1544.5,0.0005,0.0105,5.8e-07,100.0,0.001,0.0,BTC-27DEC19-52000-C,9213.82,0.0,0.0,0.0,0.001,49.1,160.21,0.00126,-0.00119,0.0001,0.0,1e-05
9343.54,BTC-27DEC19,1572865146322,open,0.0,631.3,0.0005,0.0105,0.00037179,100.0,0.0015,0.0,BTC-27DEC19-28000-C,9213.82,110.33,0.001,26.0,0.0015,12.0,115.41,0.37737,-0.35685,0.04285,0.0,0.00354
9343.54,BTC-27DEC19,1572865146322,open,0.01,529.0,0.0015,0.024,0.0113832,74.9,0.0105,0.0,BTC-27DEC19-6500-P,9213.82,73.29,0.0105,45.0,0.0125,16.0,76.86,5.20987,-3.6899,-1.21612,6e-05,-0.07846
9343.54,BTC-27DEC19,1572865146322,open,0.27,64.6,0.245,0.293,0.26916999,72.85,0.265,0.0,BTC-27DEC19-7000-C,9213.82,50.14,0.2555,9.0,0.288,9.0,94.82,7.07101,-4.87099,8.28178,8e-05,0.88103
9274.75,SYN.BTC-29NOV19,1572865146321,open,0.41,0.0,0.3755,0.442,0.40717145,80.04,None,0.0,BTC-29NOV19-13000-P,9213.82,0.0,0.387,3.0,0.436,3.0,131.14,3.08281,-4.95992,-8.48163,7e-05,-0.93465
9343.54,BTC-27DEC19,1572865146323,open,0.0,106.3,0.0005,0.0105,9.9e-07,100.0,0.0005,0.0,BTC-27DEC19-2000-P,9213.82,0.0,0.0,0.0,0.0005,13.1,160.26,0.00177,-0.00167,-0.00016,0.0,-1e-05
9240.38,SYN.BTC-15NOV19,1572865146321,open,0.03,19.1,0.0105,0.05,0.02867583,59.04,0.0255,0.0,BTC-15NOV19-9500-C,9213.82,54.3,0.0255,36.2,0.031,25.0,62.49,6.20988,-16.85593,1.05699,0.00041,0.41258
9343.54,BTC-27DEC19,1572865146323,open,0.0,945.3,0.0005,0.0105,0.00020366,100.0,0.001,0.0,BTC-27DEC19-30000-C,9213.82,108.32,0.0005,11.4,0.001,11.0,116.1,0.22783,-0.21544,0.02463,0.0,0.00202
9514.62,BTC-27MAR20,1572865146324,open,0.01,47.9,0.003,0.032,0.01298602,93.99,0.014,0.0,BTC-27MAR20-28000-C,9213.82,91.29,0.011,36.0,0.0145,16.0,95.89,7.34757,-2.40002,1.8574,2e-05,0.06251
9343.54,BTC-27DEC19,1572865146324,open,0.23,247.2,0.187,0.266,0.22671867,71.39,0.254,0.0,BTC-27DEC19-11000-P,9213.82,44.84,0.194,7.0,0.2665,7.0,99.25,12.73502,-8.59759,-12.25865,0.00014,-0.67895
9274.75,SYN.BTC-29NOV19,1572865146322,open,0.0,446.2,0.0005,0.0105,0.00057214,100.0,0.001,0.0,BTC-29NOV19-5000-P,9213.82,98.36,0.0005,86.3,0.001,16.0,107.58,0.42732,-0.8589,-0.04317,1e-05,-0.00626
9514.62,BTC-27MAR20,1572865146324,open,1.97,0.0,1.8885,2.0315,1.95588124,94.06,None,0.0,BTC-27MAR20-28000-P,9213.82,0.0,0.0005,5.0,0.0,0.0,0.0,7.36591,-2.40786,-108.50757,2e-05,-0.93729
