underlying_price,underlying_index,timestamp,state,settlement_price,open_interest,min_price,max_price,mark_price,mark_iv,last_price,interest_rate,instrument_name,index_price,bid_iv,best_bid_price,best_bid_amount,best_ask_price,best_ask_amount,ask_iv,vega,theta,rho,gamma,delta
9133.47,index_price,1560941939988,open,0.0,292.3,0.0005,0.04,6.62e-06,110.0,0.0005,0,BTC-21JUN19-7000-P,9133.47,0.0,0.0,0.0,0.0005,22.0,167.93,0.00771,-0.06045,-0.00015,0.0,-0.00032
9342.17,BTC-27SEP19,1560941940009,open,0.01,405.7,0.0005,0.052,0.01169223,85.22,0.011,0.0,BTC-27SEP19-5000-P,9133.47,82.07,0.01,8.3,0.0135,21.0,88.36,5.20525,-2.22073,-1.62988,3e-05,-0.05207
9342.17,BTC-27SEP19,1560941940014,open,0.18,385.2,0.1425,0.222,0.18246155,80.4,0.1735,0.0,BTC-27SEP19-9000-C,9133.47,78.92,0.1795,5.0,0.1855,3.6,81.93,18.64344,-7.50445,11.12188,0.0001,0.61754
9342.17,BTC-27SEP19,1560941940016,open,0.03,124.5,0.0005,0.072,0.0312018,81.61,0.0415,0.0,BTC-27DEC19-5000-P,9133.47,79.67,0.029,6.0,0.0335,6.0,83.58,10.77213,-2.30274,-5.81466,3e-05,-0.08782
9342.17,BTC-27SEP19,1560941940024,open,0.55,0.0,0.489,0.6125,0.5509044,84.66,None,0.0,BTC-27SEP19-14000-P,9133.47,0.0,0.0055,10.0,1.267,0.3,500.0,15.34457,-6.50343,-33.39671,8e-05,-0.75553
9342.17,BTC-27SEP19,1560941940024,open,0.24,158.8,0.199,0.2785,0.23889611,78.78,0.232,0.0,BTC-27DEC19-9000-C,9133.47,78.45,0.238,12.0,0.2455,0.1,81.21,25.34749,-5.23058,19.4471,7e-05,0.63696
9200.2,BTC-28JUN19,1560941940026,open,0.41,0.0,0.365,0.4445,0.40486214,87.44,0.4,0.0,BTC-26JUL19-5500-C,9133.47,0.0,0.0,0.0,0.0,0.0,0.0,1.61065,-1.90968,5.31522,2e-05,0.9767
9342.17,BTC-27SEP19,1560941940042,open,0.84,42.8,0.7995,0.879,0.83948298,110.13,0.815,0.0,BTC-27SEP19-1500-C,9133.47,0.0,0.0,0.0,0.0,0.0,0.0,0.04852,-0.02675,4.09649,0.0,0.99973
9342.17,BTC-27SEP19,1560941940042,open,0.02,101.2,0.0005,0.06,0.02042017,104.12,0.02,0.0,BTC-27DEC19-36000-C,9133.47,102.75,0.019,6.0,0.022,1.0,105.58,9.9027,-2.70095,2.83849,2e-05,0.07852
9342.17,BTC-27SEP19,1560941940042,open,0.01,96.6,0.0005,0.05,0.00969692,87.46,0.011,0.0,BTC-27DEC19-3500-P,9133.47,85.0,0.0085,10.0,0.011,4.0,89.96,4.70315,-1.07745,-1.98041,1e-05,-0.03084
9342.17,BTC-27SEP19,1560941940042,open,0.29,207.8,0.2475,0.327,0.28739926,78.78,0.3115,0.0,BTC-27DEC19-8000-C,9133.47,72.74,0.2725,5.0,0.3005,6.5,84.08,23.07781,-4.76223,20.70794,6e-05,0.71127
9200.2,BTC-28JUN19,1560941940042,open,0.08,118.6,0.0365,0.116,0.07643069,87.01,0.0725,0.0,BTC-26JUL19-10000-C,9133.47,85.06,0.074,7.0,0.0795,14.4,89.46,11.51202,-13.58127,3.33475,0.00015,0.4352
9200.2,BTC-28JUN19,1560941940049,open,0.15,0.1,0.111,0.2035,0.15726802,94.75,0.1605,0.0,BTC-28JUN19-10500-P,9133.47,0.0,0.005,3.5,0.0,0.0,0.0,4.08752,-21.81727,-2.12829,0.00021,-0.79405
9342.17,BTC-27SEP19,1560941940063,open,0.02,264.6,0.0005,0.058,0.01836156,93.88,0.0185,0.0,BTC-27SEP19-20000-C,9133.47,92.32,0.017,6.0,0.02,15.0,95.68,8.3258,-3.91299,1.98556,4e-05,0.09603
9200.2,BTC-28JUN19,1560941940063,open,0.2,26.0,0.157,0.253,0.20497189,96.17,0.216,0.0,BTC-28JUN19-11000-P,9133.47,0.0,0.002,2.0,0.4395,1.0,500.0,3.06914,-16.62752,-2.40019,0.00016,-0.86788
9200.2,BTC-28JUN19,1560941940063,open,0.0,318.6,0.0005,0.04,1.66e-06,110.0,0.0015,0.0,BTC-28JUN19-4750-P,9133.47,0.0,0.0,0.0,0.0005,12.0,175.23,0.00244,-0.01511,-9e-05,0.0,-4e-05
9342.17,BTC-27SEP19,1560941940063,open,2.01,0.1,1.9055,2.147,2.02628172,96.87,2.02,0.0,BTC-27DEC19-28000-P,9133.47,0.0,0.0,0.0,0.0,0.0,0.0,12.85649,-3.26229,-142.38312,3e-05,-0.88814
9342.17,BTC-27SEP19,1560941940065,open,0.74,0.0,0.678,0.8175,0.74772948,87.76,None,0.0,BTC-27SEP19-16000-P,9133.47,0.0,0.0055,10.0,1.4665,0.2,500.0,12.5044,-5.49392,-40.25565,6e-05,-0.82702
9200.2,BTC-28JUN19,1560941940073,open,0.3,13.4,0.2555,0.3595,0.30748462,99.67,0.3175,0.0,BTC-28JUN19-12000-P,9133.47,0.0,0.0005,2.0,0.521,1.0,500.0,1.51186,-8.48864,-2.81019,7e-05,-0.94863
9342.17,BTC-27SEP19,1560941940073,open,0.39,716.2,0.3445,0.424,0.38441489,82.14,0.4,0.0,BTC-27SEP19-6000-C,9133.47,75.71,0.3785,5.4,0.3895,5.4,87.28,8.9779,-3.69181,13.01374,5e-05,0.8935
9342.17,BTC-27SEP19,1560941940073,open,0.05,297.8,0.0115,0.091,0.05141033,88.26,0.053,0.0,BTC-27DEC19-20000-C,9133.47,87.54,0.05,12.9,0.053,0.9,89.07,18.40477,-4.25533,6.83011,5e-05,0.19122
9133.47,index_price,1560941940091,open,0.16,0.4,0.112,0.1915,0.1518748,106.82,0.154,0,BTC-21JUN19-7750-C,9133.47,0.0,0.0005,1.0,0.2125,0.1,465.15,0.24089,-6.85902,0.39127,5e-05,0.9855
9200.2,BTC-28JUN19,1560941940091,open,0.06,33.0,0.021,0.1005,0.0607574,87.48,0.0655,0.0,BTC-26JUL19-10500-C,9133.47,85.17,0.058,26.3,0.064,19.3,90.18,11.02504,-13.07713,2.85898,0.00015,0.36834
9342.17,BTC-27SEP19,1560941940099,open,0.54,6.6,0.5005,0.58,0.54041585,83.23,0.4515,0.0,BTC-27DEC19-4500-C,9133.47,0.0,0.251,2.0,0.98,1.0,500.0,8.56003,-1.8663,19.28008,2e-05,0.93506
9200.2,BTC-28JUN19,1560941940103,open,0.49,97.1,0.444,0.5235,0.48371134,116.71,0.485,0.0,BTC-28JUN19-4750-C,9133.47,0.0,0.0,0.0,0.543,2.0,500.0,0.00559,-0.03675,1.15483,0.0,0.9999
9200.2,BTC-28JUN19,1560941940103,open,0.01,37.1,0.0005,0.0455,0.0052924,85.14,0.006,0.0,BTC-26JUL19-6000-P,9133.47,80.37,0.004,31.0,0.0065,34.0,89.06,2.68098,-3.09488,-0.45053,4e-05,-0.04318
9342.17,BTC-27SEP19,1560941940105,open,0.59,27.1,0.547,0.6265,0.58687315,85.19,0.542,0.0,BTC-27DEC19-4000-C,9133.47,0.0,0.016,10.0,0.653,0.2,150.27,6.51789,-1.4545,17.9358,2e-05,0.954
9342.17,BTC-27SEP19,1560941940105,open,0.69,0.0,0.6455,0.725,0.6853733,92.01,None,0.0,BTC-27DEC19-3000-C,9133.47,0.0,0.0055,10.0,0.984,0.5,500.0,3.36467,-0.81092,14.36079,1e-05,0.97932
9342.17,BTC-27SEP19,1560941940109,open,0.98,0.0,0.9115,1.07,0.99068831,86.53,None,0.0,BTC-27DEC19-18000-P,9133.47,0.0,0.0055,5.0,1.83,0.2,500.0,20.5697,-4.66265,-85.96293,5e-05,-0.76888
9200.2,BTC-28JUN19,1560941940123,open,0.46,688.2,0.417,0.4965,0.45654242,113.02,0.458,0.0,BTC-28JUN19-5000-C,9133.47,0.0,0.25,1.9,0.5,10.0,417.04,0.01056,-0.06726,1.21539,0.0,0.99981
9342.17,BTC-27SEP19,1560941940136,open,1.36,0.2,1.2745,1.4635,1.36921434,96.99,1.391,0.0,BTC-27SEP19-22000-P,9133.47,0.0,0.0055,10.0,0.0,0.0,0.0,6.96682,-3.3826,-58.62949,3e-05,-0.9243
9342.17,BTC-27SEP19,1560941940139,open,0.02,96.2,0.0005,0.0625,0.02210059,83.23,0.024,0.0,BTC-27DEC19-4500-P,9133.47,80.89,0.02,6.0,0.0245,16.0,85.79,8.55971,-1.86618,-4.25228,2e-05,-0.06494
9342.17,BTC-27SEP19,1560941940149,open,0.02,314.4,0.0005,0.0585,0.0180062,83.49,0.0175,0.0,BTC-27SEP19-5500-P,9133.47,80.74,0.016,6.0,0.02,21.0,86.09,6.99802,-2.92482,-2.40682,4e-05,-0.07615
9342.17,BTC-27SEP19,1560941940149,open,0.01,281.9,0.0005,0.049,0.00907453,85.83,0.009,0.0,BTC-27SEP19-4750-P,9133.47,82.29,0.0075,7.0,0.0105,15.0,88.77,4.3574,-1.87221,-1.29843,2e-05,-0.04172
9200.2,BTC-28JUN19,1560941940149,open,0.78,20.1,0.743,0.8225,0.7826146,243.92,0.578,0.0,BTC-28JUN19-2000-C,9133.47,0.0,0.0,0.0,0.7915,1.0,500.0,0.00084,-0.01151,0.48631,0.0,0.99999
9342.17,BTC-27SEP19,1560941940149,open,0.01,225.5,0.0005,0.047,0.00703216,86.78,0.0085,0.0,BTC-27SEP19-4500-P,9133.47,82.56,0.0055,16.0,0.0085,15.0,90.39,3.6133,-1.56981,-1.02779,2e-05,-0.03317
9133.47,index_price,1560941940151,open,0.09,12.1,0.053,0.1405,0.09677517,84.79,0.1005,0,BTC-21JUN19-10000-P,9133.47,0.0,0.0,0.0,0.1365,0.1,268.68,0.89867,-20.31213,-0.48097,0.00025,-0.92797
9133.47,index_price,1560941940151,open,0.0,90.4,0.0005,0.04,0.0,110.0,0.0005,0,BTC-21JUN19-6000-P,9133.47,0.0,0.0,0.0,0.0005,21.9,252.32,0.0,-1e-05,0.0,0.0,0.0
9200.2,BTC-28JUN19,1560941940151,open,0.02,59.7,0.0005,0.0585,0.01816769,83.58,0.016,0.0,BTC-26JUL19-7000-P,9133.47,80.15,0.016,31.0,0.019,24.0,84.86,5.94173,-6.73363,-1.30927,8e-05,-0.12269
9342.17,BTC-27SEP19,1560941940151,open,0.17,306.3,0.127,0.2065,0.16668606,79.34,0.1675,0.0,BTC-27DEC19-11000-C,9133.47,79.79,0.168,15.0,0.174,5.0,81.87,26.95167,-5.6011,16.32531,7e-05,0.50085
9342.17,BTC-27SEP19,1560941940151,open,0.13,161.3,0.0835,0.163,0.12349236,81.99,0.1225,0.0,BTC-27DEC19-13000-C,9133.47,80.55,0.1195,18.0,0.1275,4.9,83.42,26.05024,-5.59467,13.36725,7e-05,0.39711
9200.2,BTC-28JUN19,1560941940158,open,0.24,0.0,0.1945,0.2935,0.24389755,88.11,0.297,0.0,BTC-26JUL19-11000-P,9133.47,0.0,0.0,0.0,0.0,0.0,0.0,10.3058,-12.31165,-8.68747,0.00014,-0.69075
9133.47,index_price,1560941940181,open,0.1,6.2,0.0575,0.137,0.09747837,78.52,0.109,0,BTC-21JUN19-8250-C,9133.47,0.0,0.0,0.0,0.1055,12.0,146.24,0.48465,-10.14434,0.40802,0.00014,0.96678
9342.17,BTC-27SEP19,1560941940181,open,0.32,93.6,0.2755,0.355,0.31508688,78.78,0.273,0.0,BTC-27DEC19-7500-C,9133.47,77.0,0.311,8.0,0.353,0.1,95.17,21.52771,-4.44236,21.18367,6e-05,0.74869
9200.2,BTC-28JUN19,1560941940181,open,0.22,13.0,0.1755,0.255,0.21508531,83.59,0.222,0.0,BTC-26JUL19-7500-C,9133.47,72.34,0.206,7.0,0.0,0.0,0.0,7.76783,-8.80364,5.58957,0.00011,0.81644
9342.17,BTC-27SEP19,1560941940181,open,0.2,460.3,0.159,0.2385,0.19852574,78.78,0.199,0.0,BTC-27DEC19-10000-C,9133.47,80.0,0.202,2.0,0.2065,3.6,81.58,26.58564,-5.48607,17.93718,7e-05,0.56568
9342.17,BTC-27SEP19,1560941940183,open,0.55,0.2,0.511,0.5905,0.55077541,88.88,0.26,0.0,BTC-27SEP19-4250-C,9133.47,0.0,0.011,0.5,0.7235,5.0,299.4,3.04794,-1.3562,10.79289,1e-05,0.97298
9342.17,BTC-27SEP19,1560941940194,open,0.0,47.1,0.0005,0.0415,0.00175027,95.19,0.003,0.0,BTC-27SEP19-3250-P,9133.47,80.93,0.0005,6.5,0.003,15.0,103.46,1.17674,-0.56074,-0.27236,1e-05,-0.0089
9200.2,BTC-28JUN19,1560941940194,open,0.25,0.3,0.2055,0.3055,0.25553044,98.36,0.2665,0.0,BTC-28JUN19-11500-P,9133.47,0.0,0.0,0.0,0.0,0.0,0.0,2.21501,-12.27392,-2.6207,0.00011,-0.91589
9133.47,index_price,1560941940194,open,0.29,6.2,0.2485,0.328,0.28833193,110.0,0.2885,0,BTC-21JUN19-6500-C,9133.47,0.0,0.0005,1.1,0.3765,0.1,500.0,0.0002,-0.00588,0.33402,0.0,0.99999
9200.2,BTC-28JUN19,1560941940194,open,0.09,31.7,0.0505,0.1375,0.09399804,83.58,0.0885,0.0,BTC-26JUL19-9000-P,9133.47,77.93,0.087,15.0,0.092,19.3,81.97,11.39812,-12.91707,-4.72767,0.00016,-0.41463
9342.17,BTC-27SEP19,1560941940207,open,0.0,339.8,0.0005,0.041,0.0009688,108.44,0.002,0.0,BTC-27SEP19-2500-P,9133.47,0.0,0.0,0.0,0.0015,15.0,114.97,0.65071,-0.35324,-0.14129,0.0,-0.00456
9342.17,BTC-27SEP19,1560941940221,open,0.79,0.0,0.722,0.8645,0.79324135,84.37,None,0.0,BTC-27DEC19-16000-P,9133.47,0.0,0.0055,5.0,1.6215,0.2,500.0,22.82117,-5.04363,-73.82956,6e-05,-0.71797
9342.17,BTC-27SEP19,1560941940225,open,0.0,419.5,0.0005,0.04,0.00029206,110.0,0.001,0.0,BTC-27SEP19-2000-P,9133.47,0.0,0.0,0.0,0.001,22.3,126.77,0.23935,-0.13181,-0.04597,0.0,-0.00151
9200.2,BTC-28JUN19,1560941940225,open,0.51,216.2,0.471,0.5505,0.51088325,122.96,0.508,0.0,BTC-28JUN19-4500-C,9133.47,0.0,0.4,1.0,0.0,0.0,0.0,0.0038,-0.0263,1.09411,0.0,0.99993
9342.17,BTC-27SEP19,1560941940225,open,0.63,261.1,0.5875,0.667,0.62749373,91.64,0.612,0.0,BTC-27SEP19-3500-C,9133.47,0.0,0.161,1.0,0.6485,0.1,150.28,1.42377,-0.65318,9.2393,1e-05,0.98892
9342.17,BTC-27SEP19,1560941940225,open,0.0,75.6,0.0005,0.043,0.00324605,91.63,0.004,0.0,BTC-27SEP19-3750-P,9133.47,84.79,0.002,21.0,0.0045,15.0,97.04,1.95776,-0.89806,-0.4924,1e-05,-0.01602
9342.17,BTC-27SEP19,1560941940225,open,0.0,604.3,0.0005,0.0415,0.00150009,99.74,0.0005,0.0,BTC-27SEP19-3000-P,9133.47,86.76,0.0005,29.9,0.0025,15.0,107.6,0.99824,-0.49845,-0.22711,0.0,-0.00738
9200.2,BTC-28JUN19,1560941940236,open,0.68,43.6,0.634,0.7135,0.6739219,184.1,0.6755,0.0,BTC-28JUN19-3000-C,9133.47,0.0,0.0035,1.0,0.702,2.0,500.0,0.00159,-0.01648,0.72945,0.0,0.99997
9342.17,BTC-27SEP19,1560941940236,open,0.53,289.7,0.4855,0.565,0.52534742,86.79,0.51,0.0,BTC-27SEP19-4500-C,9133.47,0.0,0.022,0.1,0.713,5.0,299.12,3.61386,-1.57015,11.28544,2e-05,0.96682
9133.47,index_price,1560941940236,open,0.14,5.2,0.1045,0.196,0.15017267,95.25,0.1905,0,BTC-21JUN19-10500-P,9133.47,0.0,0.0,0.0,0.2015,0.1,362.79,0.34799,-8.83586,-0.52936,9e-05,-0.97767
9200.2,BTC-28JUN19,1560941940236,open,0.15,25.3,0.1045,0.184,0.14415999,83.58,0.151,0.0,BTC-26JUL19-8500-C,9133.47,84.74,0.1455,14.4,0.152,14.4,90.35,10.63243,-12.05002,4.85687,0.00015,0.66669
9200.2,BTC-28JUN19,1560941940236,open,0.2,9.9,0.154,0.25,0.20203073,87.47,0.182,0.0,BTC-26JUL19-10500-P,9133.47,0.0,0.0,0.0,0.0,0.0,0.0,11.02491,-13.0762,-7.74917,0.00015,-0.63167
9342.17,BTC-27SEP19,1560941940236,open,0.04,80.9,0.0005,0.077,0.03744914,92.83,0.0375,0.0,BTC-27DEC19-24000-C,9133.47,91.61,0.0355,6.0,0.04,10.0,94.37,15.2059,-3.69746,5.1238,4e-05,0.14233
9133.47,index_price,1560941940253,open,0.18,20.6,0.139,0.2185,0.17898804,110.0,0.181,0,BTC-21JUN19-7500-C,9133.47,0.0,0.1785,0.1,0.9895,0.1,500.0,0.10422,-3.05594,0.38273,2e-05,0.99443
9133.47,index_price,1560941940257,open,0.0,181.2,0.0005,0.04,0.00025448,109.36,0.0005,0,BTC-21JUN19-11000-C,9133.47,0.0,0.0,0.0,0.0005,20.0,119.54,0.17193,-2.32426,0.0045,4e-05,0.00983
9200.2,BTC-28JUN19,1560941940284,open,0.35,1684.4,0.3085,0.388,0.34812746,110.16,0.3465,0.0,BTC-28JUN19-6000-C,9133.47,0.0,0.347,6.2,0.349,6.2,132.31,0.20822,-1.2921,1.44714,1e-05,0.99498
9342.17,BTC-27SEP19,1560941940291,open,0.28,3.2,0.2335,0.336,0.28485414,81.14,0.481,0.0,BTC-27SEP19-11000-P,9133.47,78.53,0.2795,3.6,0.289,3.6,83.15,19.20736,-7.802,-21.8155,0.0001,-0.56854
9200.2,BTC-28JUN19,1560941940291,open,0.02,446.7,0.0005,0.0655,0.02475839,91.33,0.0245,0.0,BTC-28JUN19-8500-P,9133.47,87.86,0.023,5.0,0.0255,0.5,92.77,4.70199,-24.19035,-0.64895,0.00025,-0.26531
9200.2,BTC-28JUN19,1560941940295,open,0.0,133.4,0.0005,0.04,0.0,110.0,0.0005,0.0,BTC-28JUN19-3750-P,9133.47,0.0,0.0,0.0,0.0005,12.0,232.84,0.0,-2e-05,0.0,0.0,0.0
9342.17,BTC-27SEP19,1560941940297,open,0.73,55.9,0.6935,0.773,0.73336616,108.45,0.689,0.0,BTC-27SEP19-2500-C,9133.47,0.0,0.0055,10.0,0.9435,5.0,500.0,0.65124,-0.35358,6.69937,0.0,0.99544
9342.17,BTC-27SEP19,1560941940309,open,0.01,308.1,0.0005,0.054,0.01431116,97.0,0.0175,0.0,BTC-27SEP19-22000-C,9133.47,95.19,0.013,6.0,0.016,15.0,99.19,6.96952,-3.38438,1.57029,3e-05,0.07574
9200.2,BTC-28JUN19,1560941940309,open,0.0,990.2,0.0005,0.04,5.92e-06,110.0,0.0005,0.0,BTC-28JUN19-5000-P,9133.47,0.0,0.0,0.0,0.0005,12.0,162.69,0.00758,-0.04694,-0.00032,0.0,-0.00014
9200.2,BTC-28JUN19,1560941940309,open,1.16,0.6,1.087,1.2605,1.17385412,0.0,1.1775,0.0,BTC-28JUN19-20000-P,9133.47,0.0,0.0,0.0,1.2665,2.0,500.0,0.0,0.0,-4.86339,0.0,-1.0
9200.2,BTC-28JUN19,1560941940309,open,0.84,33.8,0.797,0.8765,0.83696095,285.23,0.7145,0.0,BTC-28JUN19-1500-C,9133.47,0.0,0.0,0.0,0.8405,2.0,500.0,0.00055,-0.00887,0.36473,0.0,0.99999
9200.2,BTC-28JUN19,1560941940309,open,0.65,0.1,0.607,0.6865,0.64674873,172.03,0.395,0.0,BTC-28JUN19-3250-C,9133.47,0.0,0.0015,1.0,0.6815,2.0,500.0,0.00182,-0.01766,0.79023,0.0,0.99997
9200.2,BTC-28JUN19,1560941940309,open,0.0,539.6,0.0005,0.04,1e-08,110.0,0.0005,0.0,BTC-28JUN19-4000-P,9133.47,0.0,0.0,0.0,0.0005,15.4,217.12,3e-05,-0.00012,0.0,0.0,0.0
9342.17,BTC-27SEP19,1560941940309,open,1.59,0.0,1.5025,1.7105,1.60643443,92.82,None,0.0,BTC-27DEC19-24000-P,9133.47,0.0,0.007,1.0,2.459,0.2,500.0,15.20385,-3.69669,-120.38436,4e-05,-0.8577
9342.17,BTC-27SEP19,1560941940309,open,0.11,300.6,0.0665,0.146,0.10621468,82.72,0.1095,0.0,BTC-27DEC19-14000-C,9133.47,81.33,0.1025,23.0,0.11,9.9,84.12,25.10128,-5.43893,12.05774,7e-05,0.35302
9200.2,BTC-28JUN19,1560941940309,open,0.02,0.2,0.0005,0.057,0.01709551,94.24,0.0215,0.0,BTC-26JUL19-13500-C,9133.47,91.8,0.0155,24.0,0.019,42.3,97.02,6.15817,-7.86884,1.04154,8e-05,0.12915
9342.17,BTC-27SEP19,1560941940326,open,0.09,73.3,0.051,0.138,0.0945465,78.78,0.0985,0.0,BTC-27DEC19-7000-P,9133.47,76.85,0.0905,4.9,0.0965,4.9,79.7,19.70385,-4.06592,-15.0899,5e-05,-0.21433
9200.2,BTC-28JUN19,1560941940407,open,0.1,130.5,0.061,0.1405,0.10087045,91.34,0.11,0.0,BTC-28JUN19-8500-C,9133.47,87.65,0.099,5.0,0.1035,6.0,96.44,4.70214,-24.19373,1.41794,0.00025,0.73467
9342.17,BTC-27SEP19,1560941940441,open,0.51,0.5,0.4545,0.5755,0.51502606,81.98,0.584,0.0,BTC-27DEC19-13000-P,9133.47,76.19,0.499,3.6,0.512,3.6,80.9,26.05009,-5.59449,-54.616,7e-05,-0.6029
270.03,ETH-28JUN19,1560941941889,open,0.02,534.0,0.001,0.057,0.017269,100.14,0.019,0.0,ETH-28JUN19-310-C,267.46,94.98,0.015,727.0,0.016,30.0,97.28,0.1214,-0.68483,0.01266,0.00684,0.21014
277.17,ETH-27SEP19,1560941941892,open,0.3,863.0,0.258,0.337,0.297305,94.99,0.323,0.0,ETH-27SEP19-220-C,267.46,89.21,0.288,100.0,0.303,100.0,98.5,0.44848,-0.21327,0.35258,0.00225,0.76218
277.17,ETH-27SEP19,1560941941892,open,0.52,0.0,0.468,0.589,0.528827,98.83,None,0.0,ETH-27SEP19-400-P,267.46,65.65,0.473,36.0,0.573,36.0,121.37,0.52246,-0.2585,-0.91228,0.00251,-0.67404
270.03,ETH-28JUN19,1560941941894,open,0.34,3454.0,0.294,0.373,0.33383,110.0,0.289,0.0,ETH-28JUN19-180-C,267.46,0.0,0.317,60.0,0.352,60.0,229.59,0.00835,-0.05173,0.04327,0.00043,0.99286
277.17,ETH-27SEP19,1560941941896,open,0.0,389.0,0.001,0.04,0.000313,110.0,0.002,0.0,ETH-27SEP19-60-P,267.46,0.0,0.0,0.0,0.002,381.0,138.5,0.00752,-0.00414,-0.00145,3e-05,-0.0016
277.17,ETH-27SEP19,1560941941898,open,0.35,1748.0,0.303,0.382,0.342174,94.99,0.35,0.0,ETH-27SEP19-200-C,267.46,68.41,0.308,100.0,0.37,100.0,114.48,0.38399,-0.1826,0.36036,0.00192,0.81731
270.03,ETH-28JUN19,1560941941901,open,0.0,10422.0,0.001,0.041,0.001214,97.87,0.002,0.0,ETH-28JUN19-200-P,267.46,0.0,0.0,0.0,0.002,2643.0,106.54,0.02082,-0.1148,-0.00143,0.0012,-0.0205
267.46,index_price,1560941941901,open,0.19,0.0,0.149,0.244,0.196781,110.0,None,0,ETH-21JUN19-320-P,267.46,0.0,0.178,60.0,0.203,60.0,190.2,0.00629,-0.18454,-0.01627,0.00156,-0.98729
277.17,ETH-27SEP19,1560941941905,open,0.05,2342.0,0.013,0.092,0.052081,100.72,0.053,0.0,ETH-27SEP19-480-C,267.46,98.7,0.049,150.0,0.055,152.0,102.59,0.42707,-0.21533,0.12585,0.00202,0.21802
270.03,ETH-28JUN19,1560941941905,open,0.0,9803.0,0.001,0.04,0.0,109.98,0.001,0.0,ETH-28JUN19-130-P,267.46,0.0,0.0,0.0,0.001,250.0,209.95,1e-05,-7e-05,0.0,0.0,-1e-05
277.17,ETH-27SEP19,1560941941905,open,0.24,85.0,0.199,0.298,0.248466,95.21,0.262,0.0,ETH-27SEP19-300-P,267.46,89.7,0.237,284.0,0.255,36.0,98.36,0.57607,-0.27458,-0.54043,0.00288,-0.4641
270.03,ETH-28JUN19,1560941941905,open,0.26,0.0,0.215,0.316,0.265507,104.11,None,0.0,ETH-28JUN19-340-P,267.46,0.0,0.245,60.0,0.281,60.0,148.78,0.06863,-0.40253,-0.07716,0.00372,-0.90955
277.17,ETH-27SEP19,1560941941907,open,0.02,5682.0,0.001,0.066,0.02511,95.0,0.023,0.0,ETH-27SEP19-160-P,267.46,88.62,0.02,150.0,0.026,60.0,96.06,0.23125,-0.10998,-0.08567,0.00116,-0.08785
270.03,ETH-28JUN19,1560941941907,open,0.37,1118.0,0.331,0.41,0.370585,110.0,0.354,0.0,ETH-28JUN19-170-C,267.46,0.0,0.354,60.0,0.389,60.0,253.98,0.00349,-0.02163,0.04115,0.00018,0.99731
277.17,ETH-27SEP19,1560941941912,open,0.01,8190.0,0.001,0.046,0.006101,95.11,0.005,0.0,ETH-27SEP19-120-P,267.46,87.83,0.004,160.0,0.008,60.0,100.55,0.08957,-0.04265,-0.02489,0.00045,-0.02671
270.03,ETH-28JUN19,1560941941912,open,0.52,386.0,0.479,0.558,0.518572,110.0,0.534,0.0,ETH-28JUN19-130-C,267.46,0.0,0.501,60.0,0.537,60.0,366.92,1e-05,-8e-05,0.03161,0.0,0.99999
277.17,ETH-27SEP19,1560941941925,open,0.06,3166.0,0.022,0.106,0.063779,95.01,0.058,0.0,ETH-27SEP19-200-P,267.46,90.8,0.058,234.0,0.064,148.0,95.17,0.38402,-0.18265,-0.18694,0.00192,-0.18271
270.03,ETH-28JUN19,1560941941933,open,0.56,50.0,0.516,0.595,0.555654,168.68,0.547,0.0,ETH-28JUN19-120-C,267.46,0.0,0.538,60.0,0.575,60.0,406.4,0.00096,-0.00909,0.02913,3e-05,0.99935
267.46,index_price,1560941941945,open,0.01,260.0,0.001,0.054,0.013772,89.78,0.013,0,ETH-21JUN19-260-P,267.46,78.8,0.011,163.0,0.015,452.0,94.55,0.06844,-1.63775,-0.00457,0.02074,-0.31856
270.03,ETH-28JUN19,1560941941949,open,0.62,60.0,0.565,0.694,0.62941,0.0,0.85,0.0,ETH-28JUN19-440-P,267.47,0.0,0.607,60.0,0.647,60.0,228.33,0.0,0.0,-0.10699,0.0,-1.0
277.17,ETH-27SEP19,1560941941949,open,0.17,2751.0,0.127,0.206,0.166059,95.19,0.157,0.0,ETH-27SEP19-300-C,267.47,93.24,0.162,236.0,0.172,116.0,98.05,0.57608,-0.27453,0.28047,0.00288,0.53586
270.03,ETH-28JUN19,1560941941949,open,0.84,120.0,0.778,0.925,0.85145,0.0,1.102,0.0,ETH-28JUN19-500-P,267.47,0.0,0.827,60.0,0.871,60.0,274.82,0.0,0.0,-0.12158,0.0,-1.0
270.03,ETH-28JUN19,1560941941949,open,0.19,81.0,0.15,0.245,0.197186,100.66,0.347,0.0,ETH-28JUN19-320-P,267.47,0.0,0.178,60.0,0.213,60.0,136.64,0.10156,-0.57593,-0.06824,0.00569,-0.84211
277.17,ETH-27SEP19,1560941941949,open,0.11,1444.0,0.071,0.15,0.110759,97.45,0.11,0.0,ETH-27SEP19-360-C,267.47,95.09,0.106,150.0,0.115,277.0,99.55,0.55948,-0.27296,0.218,0.00273,0.3982
277.17,ETH-27SEP19,1560941941949,open,0.77,0.0,0.713,0.855,0.783764,100.65,None,0.0,ETH-27SEP19-480-P,267.47,0.0,0.725,12.0,0.829,12.0,127.11,0.42677,-0.21503,-1.1877,0.00202,-0.78225
277.17,ETH-27SEP19,1560941941949,open,1.18,27.0,1.106,1.28,1.193093,104.9,1.519,0.0,ETH-27SEP19-600-P,267.47,0.0,1.12,12.0,1.247,12.0,142.92,0.30441,-0.15986,-1.56577,0.00138,-0.87141
270.03,ETH-28JUN19,1560941941950,open,0.22,0.0,0.182,0.279,0.230452,100.99,None,0.0,ETH-28JUN19-330-P,267.47,0.0,0.211,60.0,0.247,60.0,143.49,0.08228,-0.46812,-0.07317,0.00459,-0.88391
277.17,ETH-27SEP19,1560941941949,open,0.2,626.0,0.155,0.25,0.202333,94.98,0.181,0.0,ETH-27SEP19-280-P,267.47,90.89,0.194,100.0,0.208,48.0,97.77,0.56358,-0.26797,-0.46428,0.00282,-0.40984
270.03,ETH-28JUN19,1560941941949,open,0.05,2783.0,0.006,0.085,0.045782,98.78,0.042,0.0,ETH-28JUN19-280-C,267.47,92.61,0.042,233.0,0.048,120.0,102.38,0.16589,-0.92311,0.02569,0.00947,0.43708
277.18,ETH-27SEP19,1560941941950,open,0.64,0.0,0.588,0.72,0.654026,99.88,None,0.0,ETH-27SEP19-440-P,267.47,54.06,0.595,12.0,0.7,12.0,124.83,0.47632,-0.23816,-1.05233,0.00227,-0.73345
277.17,ETH-27SEP19,1560941941949,open,0.35,236.0,0.3,0.407,0.353669,96.99,0.35,0.0,ETH-27SEP19-340-P,267.47,89.85,0.339,36.0,0.359,36.0,99.57,0.57203,-0.27774,-0.69238,0.00281,-0.55925
270.03,ETH-28JUN19,1560941941950,open,0.08,2077.0,0.04,0.119,0.079838,97.44,0.077,0.0,ETH-28JUN19-260-C,267.47,90.92,0.076,319.0,0.083,120.0,102.79,0.15934,-0.87465,0.03596,0.00922,0.62744
270.03,ETH-28JUN19,1560941941950,open,0.77,120.0,0.707,0.848,0.777604,110.0,1.018,0.0,ETH-28JUN19-480-P,267.47,0.0,0.754,60.0,0.796,60.0,258.92,0.00081,-0.005,-0.11669,4e-05,-0.99946
270.03,ETH-28JUN19,1560941941950,open,0.29,0.0,0.249,0.352,0.300602,104.82,None,0.0,ETH-28JUN19-350-P,267.47,0.0,0.28,60.0,0.317,60.0,157.6,0.05411,-0.31956,-0.08106,0.00291,-0.93386
277.18,ETH-27SEP19,1560941941950,open,0.46,28.0,0.41,0.527,0.468522,98.3,0.433,0.0,ETH-27SEP19-380-P,267.47,68.38,0.414,36.0,0.511,36.0,119.44,0.54283,-0.26714,-0.8402,0.00263,-0.63925
277.18,ETH-27SEP19,1560941941950,open,0.45,399.0,0.408,0.487,0.447826,94.96,0.45,0.0,ETH-27SEP19-160-C,267.47,0.0,0.402,12.0,0.492,12.0,139.16,0.23111,-0.10987,0.35222,0.00116,0.91222
267.47,index_price,1560941941949,open,0.18,61.0,0.138,0.217,0.177601,107.26,0.115,0,ETH-21JUN19-220-C,267.47,0.0,0.17,60.0,0.193,63.0,277.64,0.00275,-0.07853,0.01124,0.0007,0.99505
277.18,ETH-27SEP19,1560941941950,open,0.4,81.0,0.354,0.466,0.409647,97.5,0.406,0.0,ETH-27SEP19-360-P,267.47,90.18,0.395,36.0,0.415,36.0,100.14,0.55956,-0.27311,-0.76702,0.00273,-0.60165
270.03,ETH-28JUN19,1560941941950,open,0.03,19.0,0.001,0.069,0.028497,97.34,0.025,0.0,ETH-28JUN19-250-P,267.47,90.61,0.025,195.0,0.03,466.0,100.19,0.14168,-0.77687,-0.02024,0.00821,-0.27972
277.18,ETH-27SEP19,1560941941950,open,0.79,0.0,0.744,0.823,0.783831,109.42,0.01,0.0,ETH-27SEP19-60-C,267.47,0.0,0.731,12.0,0.836,12.0,299.56,0.00724,-0.00397,0.16279,3e-05,0.99846
277.18,ETH-27SEP19,1560941941951,open,0.91,12.0,0.842,0.995,0.91868,102.63,1.193,0.0,ETH-27SEP19-520-P,267.47,0.0,0.854,12.0,0.966,12.0,132.14,0.38457,-0.19758,-1.31634,0.00178,-0.81688
270.03,ETH-28JUN19,1560941941951,open,0.3,553.0,0.257,0.336,0.29695,100.7,0.28,0.0,ETH-28JUN19-190-C,267.47,0.0,0.28,60.0,0.315,60.0,206.29,0.01147,-0.06508,0.04549,0.00064,0.98975
270.03,ETH-28JUN19,1560941941950,open,0.0,3084.0,0.001,0.04,0.0,109.99,0.001,0.0,ETH-28JUN19-100-P,267.47,0.0,0.0,0.0,0.001,250.0,279.05,0.0,0.0,0.0,0.0,0.0
277.18,ETH-27SEP19,1560941941951,open,0.71,0.0,0.673,0.752,0.712864,108.49,None,0.0,ETH-27SEP19-80-C,267.47,0.0,0.661,12.0,0.763,12.0,241.75,0.02715,-0.01474,0.2127,0.00012,0.99331
270.03,ETH-28JUN19,1560941941951,open,0.47,60.0,0.423,0.541,0.481935,106.74,0.683,0.0,ETH-28JUN19-400-P,267.47,0.0,0.461,60.0,0.499,60.0,197.1,0.01256,-0.07551,-0.09656,0.00066,-0.98862
267.47,index_price,1560941941950,open,0.0,113.0,0.001,0.04,0.000154,110.02,0.001,0,ETH-21JUN19-220-P,267.47,0.0,0.0,0.0,0.001,353.0,142.74,0.00322,-0.0411,-8e-05,0.0008,-0.00592
277.18,ETH-27SEP19,1560941941951,open,0.04,5035.0,0.001,0.083,0.041782,94.99,0.04,0.0,ETH-27SEP19-180-P,267.47,93.39,0.04,1.0,0.042,160.0,95.19,0.30989,-0.14737,-0.13176,0.00155,-0.13195
277.18,ETH-27SEP19,1560941941951,open,0.16,813.0,0.115,0.207,0.160736,95.02,0.169,0.0,ETH-27SEP19-260-P,267.47,91.56,0.154,200.0,0.165,48.0,97.21,0.53871,-0.25625,-0.38964,0.0027,-0.35299
270.03,ETH-28JUN19,1560941941951,open,0.48,335.0,0.442,0.521,0.481599,140.31,0.481,0.0,ETH-28JUN19-140-C,267.47,0.0,0.464,60.0,0.5,60.0,335.81,0.00133,-0.01049,0.03398,5e-05,0.99907
277.18,ETH-27SEP19,1560941941951,open,0.2,2049.0,0.153,0.232,0.192152,94.99,0.182,0.0,ETH-27SEP19-280-C,267.47,92.94,0.188,100.0,0.198,112.0,97.86,0.56359,-0.268,0.3019,0.00282,0.5902
277.18,ETH-27SEP19,1560941941951,open,0.0,1814.0,0.001,0.041,0.001506,108.7,0.002,0.0,ETH-27SEP19-80-P,267.47,0.0,0.0,0.0,0.003,150.0,120.6,0.0274,-0.01491,-0.00627,0.00012,-0.00676
270.03,ETH-28JUN19,1560941941951,open,0.26,2185.0,0.221,0.3,0.260638,98.91,0.28,0.0,ETH-28JUN19-200-C,267.47,0.0,0.244,60.0,0.269,1.0,150.9,0.02169,-0.12083,0.04714,0.00124,0.97849
267.47,index_price,1560941941950,open,0.12,1.0,0.079,0.168,0.123605,102.59,0.097,0,ETH-21JUN19-300-P,267.47,0.0,0.105,60.0,0.13,60.0,150.32,0.02395,-0.65499,-0.01457,0.00635,-0.93624
270.03,ETH-28JUN19,1560941941951,open,0.16,0.0,0.119,0.211,0.165183,99.9,None,0.0,ETH-28JUN19-310-P,267.47,79.82,0.157,250.0,0.175,250.0,120.36,0.12118,-0.68196,-0.06275,0.00684,-0.79052
270.03,ETH-28JUN19,1560941941952,open,0.59,214.0,0.553,0.632,0.592683,184.59,0.552,0.0,ETH-28JUN19-110-C,267.47,0.0,0.574,60.0,0.612,60.0,443.61,0.00082,-0.00849,0.02671,2e-05,0.99945
270.03,ETH-28JUN19,1560941941952,open,0.0,649.0,0.001,0.04,2.4e-05,110.0,0.001,0.0,ETH-28JUN19-480-C,267.47,0.0,0.0,0.0,0.001,101.0,156.5,0.00081,-0.005,3e-05,4e-05,0.00054
277.18,ETH-27SEP19,1560941941951,open,0.64,0.0,0.603,0.682,0.642211,100.07,None,0.0,ETH-27SEP19-100-C,267.47,0.0,0.592,12.0,0.691,12.0,201.96,0.05038,-0.02524,0.26107,0.00024,0.98643
277.18,ETH-27SEP19,1560941941952,open,0.09,2156.0,0.046,0.125,0.085617,98.8,0.081,0.0,ETH-27SEP19-400-C,267.47,96.33,0.081,150.0,0.09,284.0,101.11,0.52242,-0.25839,0.18223,0.00252,0.32588
270.03,ETH-28JUN19,1560941941951,open,0.01,1385.0,0.001,0.05,0.010421,97.29,0.012,0.0,ETH-28JUN19-230-P,267.47,86.06,0.007,247.0,0.011,567.0,99.04,0.08837,-0.48432,-0.00912,0.00512,-0.12851
277.18,ETH-27SEP19,1560941941952,open,0.58,47.0,0.534,0.613,0.573138,95.01,0.564,0.0,ETH-27SEP19-120-C,267.47,0.0,0.525,12.0,0.604,2.0,151.33,0.08932,-0.04249,0.30356,0.00045,0.97338
270.04,ETH-28JUN19,1560941941949,open,0.01,580.0,0.001,0.049,0.009421,93.22,0.006,0.0,ETH-26JUL19-180-P,267.47,83.77,0.006,491.0,0.009,120.0,92.16,0.10833,-0.13692,-0.0202,0.00158,-0.06462
270.04,ETH-28JUN19,1560941941952,open,0.71,0.0,0.664,0.743,0.703737,0.0,None,0.0,ETH-28JUN19-80-C,267.47,0.0,0.685,60.0,0.723,60.0,500.0,0.0,0.0,0.01945,0.0,1.0
270.04,ETH-28JUN19,1560941941952,open,0.67,0.0,0.627,0.706,0.666741,213.85,None,0.0,ETH-28JUN19-90-C,267.47,0.0,0.648,60.0,0.686,60.0,500.0,0.00042,-0.00506,0.02187,1e-05,0.99973
267.47,index_price,1560941941950,open,0.15,30.0,0.114,0.206,0.159965,108.99,0.203,0,ETH-21JUN19-310-P,267.47,0.0,0.141,60.0,0.166,60.0,168.66,0.01383,-0.40167,-0.0155,0.00345,-0.96782
277.18,ETH-27SEP19,1560941941952,open,0.04,962.0,0.003,0.082,0.042507,102.53,0.042,0.0,ETH-27SEP19-520-C,267.47,101.43,0.041,2.0,0.045,53.0,104.31,0.38409,-0.19715,0.10637,0.00178,0.18275
270.04,ETH-28JUN19,1560941941951,open,0.35,0.0,0.303,0.382,0.342828,93.15,None,0.0,ETH-26JUL19-180-C,267.47,0.0,0.288,48.0,0.413,48.0,199.45,0.1082,-0.13667,0.16169,0.00158,0.93548
277.18,ETH-27SEP19,1560941941953,open,0.0,4116.0,0.001,0.043,0.003013,100.21,0.004,0.0,ETH-27SEP19-100-P,267.47,93.95,0.002,10.0,0.004,60.0,105.15,0.05065,-0.02541,-0.01264,0.00024,-0.01366
267.47,index_price,1560941941951,open,0.0,985.0,0.001,0.04,0.00071,108.33,0.001,0,ETH-21JUN19-230-P,267.47,0.0,0.0,0.0,0.001,250.0,114.82,0.01072,-0.18987,-0.00034,0.00269,-0.02372
267.47,index_price,1560941941949,open,0.33,0.0,0.288,0.367,0.327002,0.0,None,0,ETH-21JUN19-180-C,267.47,0.0,0.318,60.0,0.342,60.0,459.7,0.0,0.0,0.00925,0.0,1.0
270.04,ETH-28JUN19,1560941941953,open,0.33,60.0,0.283,0.389,0.336264,105.8,0.516,0.0,ETH-28JUN19-360-P,267.47,0.0,0.316,60.0,0.352,60.0,163.1,0.04233,-0.2523,-0.08457,0.00226,-0.95158
270.04,ETH-28JUN19,1560941941949,open,0.02,403.0,0.001,0.061,0.020565,93.22,0.015,0.0,ETH-26JUL19-200-P,267.47,85.84,0.016,373.0,0.02,100.0,92.34,0.17442,-0.22046,-0.03909,0.00254,-0.12272
270.04,ETH-28JUN19,1560941941950,open,0.23,20.0,0.184,0.263,0.22379,93.19,0.237,0.0,ETH-26JUL19-220-C,267.47,67.78,0.203,100.0,0.286,48.0,157.07,0.24062,-0.30403,0.15708,0.0035,0.79955
267.47,index_price,1560941941949,open,0.23,60.0,0.185,0.283,0.233933,114.38,0.286,0,ETH-21JUN19-330-P,267.47,0.0,0.215,60.0,0.24,60.0,210.31,0.00319,-0.09719,-0.01688,0.00076,-0.99415
270.04,ETH-28JUN19,1560941941951,open,0.03,542.0,0.001,0.066,0.026479,99.41,0.03,0.0,ETH-26JUL19-380-C,267.47,96.36,0.024,293.0,0.029,342.0,102.4,0.22362,-0.30142,0.04133,0.00305,0.17797
267.47,index_price,1560941941951,open,0.05,68.0,0.016,0.099,0.057688,96.77,0.06,0,ETH-21JUN19-280-P,267.47,44.94,0.048,60.0,0.056,60.0,89.46,0.06291,-1.62271,-0.01088,0.01768,-0.73412
267.47,index_price,1560941941952,open,0.0,1293.0,0.001,0.041,0.001349,92.54,0.001,0,ETH-21JUN19-240-P,267.47,0.0,0.0,0.0,0.002,210.0,100.73,0.01907,-0.36069,-0.00068,0.00561,-0.04779
270.04,ETH-28JUN19,1560941941952,open,0.49,0.0,0.443,0.562,0.5022,101.35,None,0.0,ETH-26JUL19-400-P,267.47,0.0,0.41,48.0,0.544,48.0,147.19,0.19553,-0.26869,-0.3703,0.00262,-0.85511
267.47,index_price,1560941941950,open,0.01,1945.0,0.001,0.044,0.004341,96.76,0.004,0,ETH-21JUN19-290-C,267.47,87.19,0.003,222.0,0.006,1058.0,107.05,0.04034,-1.04044,0.00171,0.01134,0.12897
270.04,ETH-28JUN19,1560941941949,open,0.24,0.0,0.199,0.297,0.24796,98.73,None,0.0,ETH-26JUL19-320-P,267.47,0.0,0.163,144.0,0.29,144.0,133.25,0.31808,-0.42581,-0.24485,0.00437,-0.64952
267.47,index_price,1560941941952,open,0.0,313.0,0.001,0.04,2e-06,110.01,0.002,0,ETH-21JUN19-200-P,267.47,0.0,0.0,0.0,0.001,350.0,200.77,7e-05,-0.0005,0.0,2e-05,-0.0001
270.04,ETH-28JUN19,1560941941952,open,0.1,420.0,0.063,0.142,0.102366,93.2,0.11,0.0,ETH-26JUL19-280-C,267.47,95.28,0.105,120.0,0.111,250.0,100.01,0.34231,-0.43256,0.1113,0.00499,0.51031
267.47,index_price,1560941941950,open,0.22,0.0,0.175,0.254,0.214857,0.0,None,0,ETH-21JUN19-210-C,267.47,0.0,0.207,60.0,0.23,3.0,319.66,0.0,0.0,0.01079,0.0,1.0
270.04,ETH-28JUN19,1560941941953,open,0.06,27.0,0.022,0.106,0.064224,93.22,0.05,0.0,ETH-26JUL19-240-P,267.47,85.65,0.056,122.0,0.061,100.0,90.26,0.29498,-0.37285,-0.09732,0.0043,-0.29248
267.47,index_price,1560941941951,open,0.08,1.0,0.046,0.132,0.088616,97.03,0.069,0,ETH-21JUN19-290-P,267.47,0.0,0.08,60.0,0.086,60.0,76.44,0.04049,-1.04724,-0.01318,0.01135,-0.87033
270.04,ETH-28JUN19,1560941941952,open,0.3,0.0,0.254,0.358,0.306214,98.74,None,0.0,ETH-26JUL19-340-P,267.47,0.0,0.22,48.0,0.348,48.0,135.1,0.28989,-0.3881,-0.27945,0.00399,-0.71808
267.47,index_price,1560941941953,open,0.02,488.0,0.001,0.061,0.021321,89.72,0.021,0,ETH-21JUN19-270-C,267.47,88.59,0.021,169.0,0.024,1.0,99.14,0.076,-1.81751,0.00595,0.02304,0.45453
9342.14,BTC-27SEP19,1560941942825,open,0.43,230.7,0.3895,0.469,0.42927828,83.49,0.42,0.0,BTC-27SEP19-5500-C,9133.47,0.0,0.0045,8.0,0.9115,5.0,500.0,6.99838,-2.92507,12.64275,4e-05,0.92385
9133.47,index_price,1560941942826,open,0.2,0.3,0.1565,0.2525,0.20461602,109.36,0.2055,0,BTC-21JUN19-11000-P,9133.47,0.0,0.0,0.0,0.267,0.1,453.93,0.17193,-5.01216,-0.56078,4e-05,-0.99017
9200.17,BTC-28JUN19,1560941942826,open,0.0,14.0,0.0005,0.0425,0.00267216,87.43,0.004,0.0,BTC-26JUL19-5500-P,9133.47,79.53,0.0015,32.0,0.004,34.0,94.13,1.60956,-1.90798,-0.24119,2e-05,-0.02328
9342.14,BTC-27SEP19,1560941942826,open,0.07,113.3,0.0315,0.1165,0.07400047,78.88,0.07,0.0,BTC-27DEC19-6500-P,9133.47,77.28,0.071,4.9,0.0765,4.9,80.2,17.63357,-3.64341,-12.33535,5e-05,-0.17849
9200.17,BTC-28JUN19,1560941942826,open,0.05,236.5,0.0085,0.088,0.04827657,88.11,0.049,0.0,BTC-26JUL19-11000-C,9133.47,86.07,0.046,19.3,0.051,19.3,90.53,10.30595,-12.31259,2.42582,0.00014,0.30926
9200.17,BTC-28JUN19,1560941942829,open,0.3,504.3,0.2545,0.334,0.29423242,103.21,0.292,0.0,BTC-28JUN19-6500-C,9133.47,66.25,0.2935,5.3,0.2955,6.8,120.75,0.46658,-2.71272,1.55082,2e-05,0.98743
9200.17,BTC-28JUN19,1560941942831,open,0.0,578.3,0.0005,0.04,0.0004834,109.65,0.0015,0.0,BTC-28JUN19-14000-C,9133.47,0.0,0.0,0.0,0.001,30.3,120.13,0.34515,-2.13192,0.01882,2e-05,0.0089
9342.14,BTC-27SEP19,1560941942831,open,0.01,1039.2,0.0005,0.0455,0.00570007,88.87,0.0055,0.0,BTC-27SEP19-4250-P,9133.47,84.95,0.0045,5.0,0.007,15.0,92.64,3.04742,-1.35588,-0.83629,1e-05,-0.02701
9200.17,BTC-28JUN19,1560941942831,open,0.62,4.6,0.5655,0.6955,0.6305398,109.61,0.6335,0.0,BTC-28JUN19-15000-P,9133.47,0.0,0.0,0.0,0.785,1.0,500.0,0.1219,-0.75268,-3.64166,1e-05,-0.99724
9200.17,BTC-28JUN19,1560941942833,open,0.18,35.2,0.1375,0.217,0.17727014,83.58,0.171,0.0,BTC-26JUL19-8000-C,9133.47,83.81,0.1775,12.0,0.186,8.1,92.04,9.38931,-10.64108,5.27738,0.00013,0.74504
9200.17,BTC-28JUN19,1560941942833,open,0.33,2.0,0.2825,0.389,0.33572186,90.51,0.32,0.0,BTC-26JUL19-12000-P,9133.47,0.0,0.0,0.0,0.0,0.0,0.0,8.60852,-10.56469,-10.39101,0.00011,-0.78221
9342.14,BTC-27SEP19,1560941942847,open,0.5,13.5,0.461,0.5405,0.50062751,85.83,0.382,0.0,BTC-27SEP19-4750-C,9133.47,0.0,0.011,0.6,0.703,5.0,299.01,4.35783,-1.87247,11.69892,2e-05,0.95828
9200.17,BTC-28JUN19,1560941942847,open,0.0,1255.2,0.0005,0.04,0.0,110.0,0.0005,0.0,BTC-28JUN19-1500-P,9133.47,0.0,0.0,0.0,0.0005,15.0,459.64,0.0,0.0,0.0,0.0,0.0
9200.17,BTC-28JUN19,1560941942853,open,0.05,85.2,0.005,0.0885,0.04681645,83.58,0.0535,0.0,BTC-26JUL19-8000-P,9133.47,78.82,0.042,5.0,0.046,19.3,82.78,9.38923,-10.64064,-2.80489,0.00013,-0.25495
9342.14,BTC-27SEP19,1560941942882,open,0.09,618.9,0.044,0.1235,0.08385221,82.35,0.0805,0.0,BTC-27SEP19-12000-C,9133.47,80.63,0.0805,22.9,0.087,4.9,83.96,18.23391,-7.51722,6.98885,9e-05,0.35725
9200.17,BTC-28JUN19,1560941942888,open,0.04,201.7,0.0045,0.0875,0.04593825,91.33,0.0465,0.0,BTC-28JUN19-9000-P,9133.47,87.3,0.0435,24.0,0.048,18.2,94.73,5.57959,-28.70573,-1.02166,0.0003,-0.41073
9200.17,BTC-28JUN19,1560941942888,open,0.19,175.5,0.15,0.2295,0.18970801,94.0,0.188,0.0,BTC-28JUN19-7500-C,9133.47,82.06,0.1875,7.3,0.191,6.1,99.76,1.95106,-10.33207,1.65356,0.0001,0.92883
9200.17,BTC-28JUN19,1560941942888,open,0.0,402.3,0.0005,0.04,0.0,110.0,0.0005,0.0,BTC-28JUN19-3500-P,9133.47,0.0,0.0,0.0,0.0005,12.0,249.65,0.0,0.0,0.0,0.0,0.0
9342.14,BTC-27SEP19,1560941942888,open,0.0,386.5,0.0005,0.044,0.00425139,89.86,0.003,0.0,BTC-27SEP19-4000-P,9133.47,84.57,0.003,6.0,0.0055,15.0,94.3,2.43614,-1.09597,-0.63783,1e-05,-0.0207
9200.17,BTC-28JUN19,1560941942888,open,0.54,10.6,0.4985,0.578,0.5380536,127.46,0.535,0.0,BTC-28JUN19-4250-C,9133.47,0.0,0.021,1.0,0.581,3.0,500.0,0.00204,-0.01464,1.03339,0.0,0.99997
9200.17,BTC-28JUN19,1560941942890,open,0.03,54.8,0.0005,0.071,0.03140239,90.51,0.03,0.0,BTC-26JUL19-12000-C,9133.47,89.01,0.03,3.9,0.033,19.3,92.21,8.60888,-10.56566,1.73261,0.00011,0.21781
9342.14,BTC-27SEP19,1560941942890,open,2.86,1.3,2.719,3.0285,2.87391441,104.11,2.889,0.0,BTC-27DEC19-36000-P,9133.47,0.0,0.0,0.0,2.8825,1.0,111.43,9.8992,-2.69969,-185.42363,2e-05,-0.92152
9200.17,BTC-28JUN19,1560941942892,open,0.62,143.0,0.58,0.6595,0.61957349,156.28,0.55,0.0,BTC-28JUN19-3500-C,9133.47,0.0,0.15,0.1,0.662,3.0,500.0,0.00135,-0.01186,0.85104,0.0,0.99998
9200.17,BTC-28JUN19,1560941942903,open,0.59,30.0,0.5525,0.632,0.59240017,145.98,0.298,0.0,BTC-28JUN19-3750-C,9133.47,0.0,0.0015,1.0,0.643,3.0,500.0,0.00153,-0.01259,0.91183,0.0,0.99998
9342.14,BTC-27SEP19,1560941942903,open,0.94,1.0,0.8735,1.0295,0.95144454,90.77,1.5815,0.0,BTC-27SEP19-18000-P,9133.47,0.0,0.0055,0.3,1.6675,0.3,500.0,10.13577,-4.60598,-46.6549,5e-05,-0.87364
9342.14,BTC-27SEP19,1560941942903,open,1.8,0.0,1.7035,1.928,1.81573671,94.81,None,0.0,BTC-27DEC19-26000-P,9133.47,0.0,0.0055,10.0,2.669,0.2,500.0,13.91,-3.45449,-131.45258,3e-05,-0.87496
9200.17,BTC-28JUN19,1560941942911,open,0.0,490.6,0.0005,0.0415,0.00151681,108.52,0.0025,0.0,BTC-28JUN19-13000-C,9133.47,102.1,0.001,6.9,0.002,3.6,113.35,0.84114,-5.14225,0.05275,4e-05,0.02509
9342.14,BTC-27SEP19,1560941942922,open,0.21,53.8,0.1625,0.259,0.21058736,80.76,0.2165,0.0,BTC-27SEP19-10000-P,9133.47,78.08,0.205,5.0,0.2135,3.6,82.15,19.47127,-7.87183,-17.65385,0.0001,-0.48001
9342.14,BTC-27SEP19,1560941942922,open,0.58,231.5,0.5365,0.616,0.57608534,89.87,0.5145,0.0,BTC-27SEP19-4000-C,9133.47,0.0,0.1655,1.1,0.59,0.2,123.7,2.43659,-1.09624,10.3073,1e-05,0.9793
9342.14,BTC-27SEP19,1560941942922,open,0.11,588.1,0.0675,0.147,0.10740125,81.14,0.108,0.0,BTC-27SEP19-11000-C,9133.47,79.24,0.1035,25.8,0.1115,3.6,83.13,19.20733,-7.80221,8.284,0.0001,0.43146
9200.17,BTC-28JUN19,1560941942922,open,0.11,43.9,0.069,0.158,0.11353247,93.13,0.1055,0.0,BTC-28JUN19-10000-P,9133.47,0.0,0.055,0.1,0.362,1.0,500.0,5.04737,-26.47989,-1.80205,0.00026,-0.69196
9342.14,BTC-27SEP19,1560941942922,open,1.57,0.2,1.4775,1.6835,1.58052518,99.95,1.6,0.0,BTC-27SEP19-24000-P,9133.47,0.0,0.0,0.0,0.0,0.0,0.0,5.92681,-2.96563,-64.3968,2e-05,-0.93861
9200.17,BTC-28JUN19,1560941942922,open,0.0,266.4,0.0005,0.04,8e-08,110.0,0.0005,0.0,BTC-28JUN19-4250-P,9133.47,0.0,0.0,0.0,0.0005,15.0,202.35,0.00015,-0.00073,-1e-05,0.0,0.0
9200.17,BTC-28JUN19,1560941942922,open,0.01,0.4,0.0005,0.054,0.0142731,95.73,0.017,0.0,BTC-26JUL19-14000-C,9133.47,93.55,0.013,24.0,0.016,42.5,98.55,5.49156,-7.1283,0.88792,7e-05,0.1098
9342.14,BTC-27SEP19,1560941942922,open,0.02,15.3,0.0005,0.0635,0.0239994,100.71,0.021,0.0,BTC-27DEC19-32000-C,9133.47,99.43,0.0225,6.0,0.026,10.0,102.34,11.18208,-2.94989,3.33902,2e-05,0.09235
9342.14,BTC-27SEP19,1560941942922,open,0.08,199.0,0.041,0.1205,0.08058377,84.37,0.084,0.0,BTC-27DEC19-16000-C,9133.47,83.31,0.078,13.0,0.0835,5.0,85.56,22.82158,-5.0439,9.84223,6e-05,0.28204
9342.14,BTC-27SEP19,1560941942922,open,0.09,291.3,0.0525,0.132,0.09237993,83.62,0.0955,0.0,BTC-27DEC19-15000-C,9133.47,82.1,0.0885,22.9,0.0965,4.9,85.21,24.01037,-5.25913,10.893,6e-05,0.31535
9200.17,BTC-28JUN19,1560941942942,open,0.41,148.3,0.3625,0.442,0.40223756,110.36,0.402,0.0,BTC-28JUN19-5500-C,9133.47,0.0,0.0015,1.0,0.491,5.0,500.0,0.05054,-0.31422,1.33497,0.0,0.99895
9133.47,index_price,1560941942945,open,0.05,15.4,0.007,0.0905,0.04892806,81.06,0.0645,0,BTC-21JUN19-9500-P,9133.47,52.14,0.043,6.0,0.0475,6.0,74.78,2.11726,-45.7477,-0.37101,0.00061,-0.74154
9200.17,BTC-28JUN19,1560941942969,open,0.0,1141.5,0.0005,0.0405,0.0007388,103.16,0.0015,0.0,BTC-28JUN19-6500-P,9133.47,0.0,0.0,0.0,0.0015,30.7,114.92,0.46562,-2.70597,-0.02971,2e-05,-0.01254
9200.17,BTC-28JUN19,1560941942969,open,0.0,278.7,0.0005,0.04,4e-07,110.0,0.0005,0.0,BTC-28JUN19-4500-P,9133.47,0.0,0.0,0.0,0.0005,12.0,188.42,0.00067,-0.00366,-2e-05,0.0,-1e-05
9342.14,BTC-27SEP19,1560941942969,open,0.31,780.8,0.2645,0.344,0.30426523,81.1,0.32,0.0,BTC-27SEP19-7000-C,9133.47,76.21,0.2975,5.0,0.3105,6.8,85.5,13.09131,-5.3151,13.02856,7e-05,0.81393
9133.47,index_price,1560941942971,open,0.0,110.4,0.0005,0.044,0.00401215,81.61,0.006,0,BTC-21JUN19-9750-C,9133.47,78.29,0.0035,6.8,0.005,43.0,87.58,1.44625,-31.46135,0.0631,0.00041,0.13844
9342.14,BTC-27SEP19,1560941942971,open,0.06,201.7,0.024,0.1035,0.06394888,86.54,0.0595,0.0,BTC-27DEC19-18000-C,9133.47,85.19,0.061,12.9,0.0675,10.0,88.14,20.57045,-4.66303,8.16794,5e-05,0.23114
9342.14,BTC-27SEP19,1560941942971,open,0.12,85.3,0.0735,0.1625,0.11789625,78.78,0.11,0.0,BTC-27DEC19-7500-P,9133.47,77.52,0.115,1.1,0.1195,9.9,79.47,21.52769,-4.44228,-18.03727,6e-05,-0.25131
9342.14,BTC-27SEP19,1560941942971,open,0.04,43.3,0.004,0.0835,0.04355675,90.67,0.04,0.0,BTC-27DEC19-22000-C,9133.47,89.79,0.042,4.9,0.046,10.0,92.02,16.69998,-3.96653,5.88113,4e-05,0.16394
9342.14,BTC-27SEP19,1560941942973,open,0.66,0.0,0.614,0.6935,0.6538654,95.19,None,0.0,BTC-27SEP19-3250-C,9133.47,0.0,0.0055,10.0,0.934,5.0,500.0,1.17725,-0.56103,8.62054,1e-05,0.99109
9342.14,BTC-27SEP19,1560941942973,open,0.0,179.7,0.0005,0.044,0.00400146,96.86,0.0075,0.0,BTC-27DEC19-2500-P,9133.47,89.67,0.0025,10.0,0.0055,16.0,102.56,2.23105,-0.56605,-0.82071,1e-05,-0.0128
9342.14,BTC-27SEP19,1560941942987,open,0.05,151.1,0.0115,0.0955,0.05355582,81.1,0.052,0.0,BTC-27SEP19-7000-P,9133.47,79.98,0.052,4.9,0.055,4.9,82.13,13.0912,-5.31494,-6.12555,7e-05,-0.18607
9342.14,BTC-27SEP19,1560941942987,open,0.5,58.5,0.456,0.5355,0.49599479,81.61,0.4475,0.0,BTC-27DEC19-5000-C,9133.47,0.0,0.0055,10.0,0.513,14.0,95.31,10.77241,-2.30285,20.33244,3e-05,0.91218
9200.17,BTC-28JUN19,1560941943015,open,0.15,613.7,0.1025,0.182,0.14206419,91.81,0.139,0.0,BTC-28JUN19-8000-C,9133.47,85.87,0.14,5.9,0.1445,7.5,98.38,3.30513,-17.09357,1.58977,0.00017,0.85267
9342.14,BTC-27SEP19,1560941943024,open,0.04,94.9,0.0005,0.075,0.03507219,87.77,0.0375,0.0,BTC-27SEP19-16000-C,9133.47,86.2,0.033,4.9,0.0375,19.7,89.56,12.50531,-5.49467,3.52582,6e-05,0.173
9342.14,BTC-27SEP19,1560941943024,open,1.18,0.0,1.105,1.2795,1.19224005,88.26,None,0.0,BTC-27DEC19-20000-P,9133.47,0.0,0.0055,5.0,2.0395,0.2,500.0,18.40367,-4.2549,-97.75984,5e-05,-0.8088
9342.14,BTC-27SEP19,1560941943026,open,0.6,0.0,0.541,0.6685,0.60479481,82.72,None,0.0,BTC-27DEC19-14000-P,9133.47,0.0,0.007,4.0,1.4125,0.2,499.98,25.10093,-5.43873,-61.15511,7e-05,-0.64699
9342.14,BTC-27SEP19,1560941943038,open,0.11,588.1,0.0675,0.147,0.10740125,81.14,0.108,0.0,BTC-27SEP19-11000-C,9133.47,79.24,0.1035,25.8,0.111,3.6,82.89,19.20733,-7.80221,8.284,0.0001,0.43146
9342.14,BTC-27SEP19,1560941943041,open,0.51,0.5,0.4545,0.5755,0.51503085,81.98,0.584,0.0,BTC-27DEC19-13000-P,9133.47,76.37,0.4995,3.6,0.512,3.6,80.9,26.05,-5.5945,-54.61608,7e-05,-0.6029
9200.17,BTC-28JUN19,1560941943042,open,0.07,1249.6,0.028,0.1075,0.06769864,91.33,0.07,0.0,BTC-28JUN19-9000-C,9133.47,88.53,0.066,5.0,0.0705,18.0,95.95,5.5796,-28.70741,1.16686,0.0003,0.58927
9342.14,BTC-27SEP19,1560941943049,open,0.03,306.3,0.0005,0.0675,0.02666164,82.14,0.028,0.0,BTC-27SEP19-6000-P,9133.47,79.85,0.0245,6.0,0.0285,6.0,84.03,8.97763,-3.69158,-3.40402,5e-05,-0.1065
9200.17,BTC-28JUN19,1560941943049,open,0.0,884.7,0.0005,0.04,5.065e-05,110.0,0.0005,0.0,BTC-28JUN19-5500-P,9133.47,0.0,0.0,0.0,0.0005,10.1,139.3,0.04908,-0.30416,-0.00239,0.0,-0.00102
9342.14,BTC-27SEP19,1560941943051,open,0.06,209.0,0.014,0.098,0.05594707,78.88,0.0615,0.0,BTC-27DEC19-6000-P,9133.47,78.0,0.0545,6.0,0.057,1.0,79.52,15.34382,-3.1704,-9.78023,4e-05,-0.14424
9200.17,BTC-28JUN19,1560941943063,open,0.0,828.3,0.0005,0.04,0.00014046,110.0,0.0005,0.0,BTC-28JUN19-15000-C,9133.47,0.0,0.0,0.0,0.0005,30.0,125.44,0.12553,-0.77787,0.00607,1e-05,0.00286
9133.47,index_price,1560941943063,open,0.03,39.2,0.0005,0.0705,0.02954278,78.51,0.0235,0,BTC-21JUN19-9250-P,9133.47,67.62,0.0265,6.8,0.029,18.0,76.57,2.56179,-53.6133,-0.28522,0.00076,-0.57813
9133.47,index_price,1560941943063,open,0.13,138.3,0.085,0.1645,0.12466424,93.43,0.1215,0,BTC-21JUN19-8000-C,9133.47,0.0,0.0895,0.3,0.1295,0.5,150.97,0.34516,-8.59619,0.40047,9e-05,0.97788
9200.17,BTC-28JUN19,1560941943063,open,0.03,67.8,0.0005,0.071,0.03028171,83.58,0.0275,0.0,BTC-26JUL19-7500-P,9133.47,80.25,0.0275,5.0,0.03,19.3,83.25,7.76764,-8.80293,-1.98753,0.00011,-0.18355
9200.17,BTC-28JUN19,1560941943067,open,0.28,0.0,0.2375,0.34,0.2886218,89.09,None,0.0,BTC-26JUL19-11500-P,9133.47,0.0,0.0,0.0,0.0,0.0,0.0,9.46699,-11.43598,-9.56996,0.00012,-0.74097
9200.17,BTC-28JUN19,1560941943073,open,0.25,815.2,0.2015,0.281,0.24137393,100.42,0.237,0.0,BTC-28JUN19-7000-C,9133.47,85.41,0.24,4.9,0.2425,7.0,108.88,1.08512,-6.13846,1.62091,5e-05,0.9659
9200.17,BTC-28JUN19,1560941943073,open,0.12,39.8,0.0795,0.169,0.12446629,83.58,0.133,0.0,BTC-26JUL19-9500-P,9133.47,76.51,0.1155,14.4,0.122,14.4,81.64,11.66535,-13.22002,-5.75941,0.00016,-0.49517
9200.17,BTC-28JUN19,1560941943076,open,0.12,21.4,0.076,0.1555,0.11576121,83.58,0.1215,0.0,BTC-26JUL19-9000-C,9133.47,84.99,0.1175,5.0,0.1235,14.4,89.83,11.3981,-12.91759,4.36489,0.00016,0.58536
9342.14,BTC-27SEP19,1560941943076,open,0.69,0.0,0.6305,0.7655,0.69800261,83.62,None,0.0,BTC-27DEC19-15000-P,9133.47,0.0,0.0055,10.0,1.517,0.2,500.0,24.01007,-5.25894,-67.54927,6e-05,-0.68466
9342.14,BTC-27SEP19,1560941943099,open,0.46,56.9,0.4145,0.494,0.45402307,80.39,0.42,0.0,BTC-27DEC19-5500-C,9133.47,0.0,0.0055,10.0,0.476,1.5,95.21,13.0876,-2.75605,21.07051,4e-05,0.88531
9342.14,BTC-27SEP19,1560941943126,open,0.64,0.0,0.5825,0.714,0.64815633,86.2,None,0.0,BTC-27SEP19-15000-P,9133.47,0.0,0.0055,10.0,1.366,0.3,499.93,13.87597,-5.98802,-36.89715,7e-05,-0.79522
9200.17,BTC-28JUN19,1560941943136,open,0.51,2.4,0.4615,0.583,0.52218945,109.51,0.5245,0.0,BTC-28JUN19-14000-P,9133.47,0.0,0.0,0.0,0.694,1.0,500.0,0.34264,-2.11385,-3.38571,2e-05,-0.99118
9342.14,BTC-27SEP19,1560941943136,open,0.0,105.4,0.0005,0.041,0.00109629,110.0,0.0005,0.0,BTC-27DEC19-1500-P,9133.47,108.69,0.001,10.0,0.003,10.0,127.4,0.70954,-0.20445,-0.22442,0.0,-0.0035
9133.47,index_price,1560941943136,open,0.07,0.4,0.029,0.114,0.07151443,81.61,0.0845,0,BTC-21JUN19-9750-P,9133.47,0.0,0.066,6.0,0.07,6.0,71.14,1.44625,-31.46135,-0.43795,0.00041,-0.86156
9342.14,BTC-27SEP19,1560941943149,open,0.03,230.7,0.0005,0.0645,0.02469732,90.78,0.024,0.0,BTC-27SEP19-18000-C,9133.47,89.19,0.023,6.0,0.0265,15.0,92.41,10.13696,-4.6068,2.59925,5e-05,0.12638
9342.14,BTC-27SEP19,1560941943151,open,2.43,0.3,2.3115,2.587,2.44932777,100.7,2.435,0.0,BTC-27DEC19-32000-P,9133.47,0.0,0.0,0.0,0.0,0.0,0.0,11.17928,-2.94888,-164.00504,2e-05,-0.90769
9200.17,BTC-28JUN19,1560941943151,open,0.03,1.1,0.0005,0.065,0.02503526,91.2,0.0245,0.0,BTC-26JUL19-12500-C,9133.47,89.95,0.024,19.3,0.0265,0.5,92.93,7.69371,-9.51359,1.44747,0.0001,0.18076
9342.14,BTC-27SEP19,1560941943181,open,0.68,225.8,0.6405,0.72,0.68037559,99.75,0.67,0.0,BTC-27SEP19-3000-C,9133.47,0.0,0.0055,20.0,0.937,5.0,500.0,0.99871,-0.49874,7.98173,0.0,0.99261
9342.14,BTC-27SEP19,1560941943183,open,1.39,0.0,1.303,1.494,1.39847,90.67,None,0.0,BTC-27DEC19-22000-P,9133.47,0.0,0.007,2.0,2.2495,0.3,500.0,16.69874,-3.96605,-109.16778,4e-05,-0.83608
9342.14,BTC-27SEP19,1560941943185,open,0.79,0.0,0.7485,0.828,0.78841286,104.34,None,0.0,BTC-27DEC19-2000-C,9133.47,0.0,0.016,3.0,0.987,0.5,500.0,1.44141,-0.39397,9.95795,0.0,0.99224
9200.17,BTC-28JUN19,1560941943194,open,0.01,795.4,0.0005,0.049,0.00935166,96.19,0.0115,0.0,BTC-28JUN19-11000-C,9133.47,92.01,0.008,40.0,0.011,37.1,100.97,3.06992,-16.63499,0.27478,0.00016,0.13217
9133.47,index_price,1560941943194,open,0.0,181.3,0.0005,0.0425,0.00259361,78.51,0.003,0,BTC-21JUN19-8500-P,9133.47,68.43,0.0015,12.9,0.003,39.9,81.73,1.11429,-23.31994,-0.04623,0.00033,-0.09589
9342.14,BTC-27SEP19,1560941943196,open,0.36,6.1,0.314,0.423,0.36835035,82.35,1.781,0.0,BTC-27SEP19-12000-P,9133.47,0.0,0.0085,10.0,1.0695,0.3,500.0,18.23377,-7.51696,-25.84709,9e-05,-0.64276
9133.47,index_price,1560941943214,open,0.0,324.2,0.0005,0.04,0.00014363,110.0,0.0005,0,BTC-21JUN19-7500-P,9133.47,0.0,0.0,0.0,0.0005,21.7,129.1,0.10422,-1.31185,-0.00268,2e-05,-0.00557
9342.14,BTC-27SEP19,1560941943230,open,0.38,63.1,0.3385,0.418,0.37823057,78.88,0.393,0.0,BTC-27DEC19-6500-C,9133.47,0.0,0.245,0.2,0.9755,2.0,500.0,17.63366,-3.64348,21.65604,5e-05,0.82151
9200.17,BTC-28JUN19,1560941943234,open,0.0,94.5,0.0005,0.04,0.0,110.0,0.0005,0.0,BTC-28JUN19-3250-P,9133.47,0.0,0.0,0.0,0.0005,12.0,267.73,0.0,0.0,0.0,0.0,0.0
9200.17,BTC-28JUN19,1560941943234,open,0.0,850.0,0.0005,0.04,0.0,110.0,0.0005,0.0,BTC-28JUN19-3000-P,9133.47,0.0,0.0,0.0,0.0005,12.0,287.29,0.0,0.0,0.0,0.0,0.0
9342.14,BTC-27SEP19,1560941943234,open,0.84,0.0,0.801,0.8805,0.84053403,110.01,None,0.0,BTC-27DEC19-1500-C,9133.47,0.0,0.1,5.0,0.989,0.5,500.0,0.70976,-0.20453,7.61971,0.0,0.9965
9133.47,index_price,1560941943236,open,0.0,346.0,0.0005,0.0415,0.00190113,84.79,0.0025,0,BTC-21JUN19-10000-C,9133.47,80.47,0.0015,5.0,0.0025,39.6,90.46,0.89869,-17.36388,0.03292,0.00025,0.07204
9200.17,BTC-28JUN19,1560941943236,open,0.01,39.1,0.0005,0.05,0.01003516,83.79,0.0105,0.0,BTC-26JUL19-6500-P,9133.47,80.26,0.0085,31.0,0.0115,34.0,86.94,4.15105,-4.7163,-0.79295,6e-05,-0.07528
9342.14,BTC-27SEP19,1560941943236,open,0.74,0.0,0.6965,0.776,0.73639768,96.86,None,0.0,BTC-27DEC19-2500-C,9133.47,0.0,0.016,3.0,0.985,0.5,500.0,2.23133,-0.56614,12.25283,1e-05,0.9872
9200.17,BTC-28JUN19,1560941943270,open,0.53,0.0,0.475,0.597,0.53597915,95.72,None,0.0,BTC-26JUL19-14000-P,9133.47,0.0,0.0,0.0,0.0,0.0,0.0,5.49066,-7.12653,-13.25637,7e-05,-0.89022
9342.14,BTC-27SEP19,1560941943275,open,1.15,0.0,1.073,1.2455,1.15919157,93.87,None,0.0,BTC-27SEP19-20000-P,9133.47,0.0,0.0055,10.0,1.8685,0.2,499.93,8.32411,-3.91187,-52.74134,4e-05,-0.90399
9342.14,BTC-27SEP19,1560941943280,open,0.03,17.5,0.0005,0.069,0.02913217,96.88,0.023,0.0,BTC-27DEC19-28000-C,9133.47,95.67,0.0275,6.0,0.0315,10.0,98.56,12.85933,-3.26334,4.04314,3e-05,0.11189
9342.14,BTC-27SEP19,1560941943280,open,0.03,185.2,0.0005,0.0725,0.03265741,94.81,0.026,0.0,BTC-27DEC19-26000-C,9133.47,93.69,0.031,6.0,0.035,10.0,96.36,13.91186,-3.45517,4.5144,3e-05,0.12506
9133.47,index_price,1560941943284,open,0.24,3.2,0.194,0.2735,0.23359473,110.0,0.2355,0,BTC-21JUN19-7000-C,9133.47,0.0,0.0005,10.0,0.311,0.1,500.0,0.00771,-0.22619,0.35957,0.0,0.99968
9133.47,index_price,1560941943284,open,0.0,241.2,0.0005,0.04,1.1e-07,110.0,0.0005,0,BTC-21JUN19-6500-P,9133.47,0.0,0.0,0.0,0.0005,22.0,208.81,0.0002,-0.00103,0.0,0.0,-1e-05
9200.17,BTC-28JUN19,1560941943284,open,0.26,6.8,0.2175,0.297,0.25731543,83.59,0.223,0.0,BTC-26JUL19-7000-C,9133.47,85.4,0.2585,10.0,0.276,5.0,109.17,5.94211,-6.73441,5.76264,8e-05,0.8773
9342.14,BTC-27SEP19,1560941943291,open,0.48,793.4,0.4365,0.516,0.476485,85.22,0.361,0.0,BTC-27SEP19-5000-C,9133.47,0.0,0.11,1.0,0.5315,0.1,150.35,5.20568,-2.22099,12.05153,3e-05,0.94793
9342.14,BTC-27SEP19,1560941943291,open,0.64,4.0,0.5955,0.675,0.63505184,87.46,0.59,0.0,BTC-27DEC19-3500-C,9133.47,0.0,0.0055,10.0,0.77,1.0,229.17,4.7035,-1.07756,16.32253,1e-05,0.96916
9342.14,BTC-27SEP19,1560941943291,open,0.2,31.7,0.1545,0.25,0.20226788,78.77,0.1965,0.0,BTC-27DEC19-9000-P,9133.47,76.28,0.1955,5.0,0.203,9.9,79.04,25.34749,-5.23049,-27.61813,7e-05,-0.36305
9200.17,BTC-28JUN19,1560941943295,open,0.0,685.1,0.0005,0.04,0.0,110.0,0.001,0.0,BTC-28JUN19-2500-P,9133.47,0.0,0.0,0.0,0.0005,20.0,332.04,0.0,0.0,0.0,0.0,0.0
9200.17,BTC-28JUN19,1560941943295,open,0.02,29.0,0.0005,0.06,0.02028113,92.28,0.023,0.0,BTC-26JUL19-13000-C,9133.47,91.22,0.0195,19.3,0.0215,0.5,93.89,6.84883,-8.56906,1.21512,9e-05,0.15101
9200.17,BTC-28JUN19,1560941943309,open,0.41,0.8,0.358,0.471,0.41452957,108.47,0.4175,0.0,BTC-28JUN19-13000-P,9133.47,0.0,0.07,1.0,0.606,1.0,500.0,0.83951,-5.12992,-3.10858,4e-05,-0.97496
9200.17,BTC-28JUN19,1560941943309,open,0.73,24.4,0.6885,0.768,0.72826678,205.58,0.5115,0.0,BTC-28JUN19-2500-C,9133.47,0.0,0.0,0.0,0.7455,1.0,500.0,0.00076,-0.00883,0.6079,0.0,0.99999
9200.17,BTC-28JUN19,1560941943309,open,0.05,452.4,0.0035,0.083,0.04331384,92.08,0.045,0.0,BTC-28JUN19-9500-C,9133.47,89.13,0.0415,8.0,0.0455,24.7,95.63,5.65813,-29.34959,0.88695,0.0003,0.43977
9342.14,BTC-27SEP19,1560941943309,open,0.24,907.7,0.197,0.2765,0.23664827,80.4,0.24,0.0,BTC-27SEP19-8000-C,9133.47,75.2,0.2275,5.0,0.243,8.0,84.0,16.48663,-6.63627,12.32326,9e-05,0.71872
9342.14,BTC-27SEP19,1560941943309,open,0.0,87.9,0.0005,0.0425,0.00249588,104.34,0.001,0.0,BTC-27DEC19-2000-P,9133.47,91.7,0.001,10.0,0.004,16.0,112.71,1.44116,-0.39388,-0.50089,0.0,-0.00776
9200.17,BTC-28JUN19,1560941943309,open,0.36,0.0,0.3135,0.393,0.35313289,85.14,None,0.0,BTC-26JUL19-6000-C,9133.47,0.0,0.0,0.0,0.0,0.0,0.0,2.68162,-3.09589,5.61109,4e-05,0.95681
9342.14,BTC-27SEP19,1560941943311,open,0.04,169.9,0.003,0.0825,0.04253365,86.2,0.0465,0.0,BTC-27SEP19-15000-C,9133.47,84.82,0.0405,4.9,0.045,4.9,87.85,13.87655,-5.98851,4.1479,7e-05,0.20479
9342.14,BTC-27SEP19,1560941943311,open,0.14,118.0,0.098,0.189,0.14372942,78.78,0.1435,0.0,BTC-27DEC19-8000-P,9133.47,76.05,0.137,4.9,0.145,4.9,79.29,23.07781,-4.76215,-21.12776,6e-05,-0.28873
9342.14,BTC-27SEP19,1560941943311,open,0.01,168.7,0.0005,0.0465,0.00649658,92.0,0.0095,0.0,BTC-27DEC19-3000-P,9133.47,87.54,0.005,10.0,0.008,16.0,95.94,3.36432,-0.8108,-1.32744,1e-05,-0.02067
277.18,ETH-27SEP19,1560941943484,open,1.04,24.0,0.972,1.135,1.053751,102.93,1.356,0.0,ETH-27SEP19-560-P,267.47,0.0,0.986,12.0,1.106,12.0,137.7,0.33789,-0.17412,-1.4441,0.00156,-0.85011
277.18,ETH-27SEP19,1560941944891,open,0.23,1415.0,0.183,0.262,0.22268,95.0,0.228,0.0,ETH-27SEP19-260-C,267.47,91.57,0.216,100.0,0.228,100.0,97.74,0.53871,-0.2562,0.32183,0.0027,0.647
267.47,index_price,1560941944891,open,0.0,997.0,0.001,0.04,0.000915,108.16,0.001,0,ETH-21JUN19-310-C,267.47,0.0,0.0,0.0,0.002,650.0,124.94,0.01345,-0.24463,0.00042,0.00338,0.03113
267.47,index_price,1560941944891,open,0.0,4.0,0.001,0.04,0.0,110.0,0.001,0,ETH-21JUN19-180-P,267.47,0.0,0.0,0.0,0.001,350.0,263.19,0.0,0.0,0.0,0.0,0.0
270.04,ETH-28JUN19,1560941944893,open,0.0,8262.0,0.001,0.04,9e-06,109.99,0.001,0.0,ETH-28JUN19-500-C,267.47,0.0,0.0,0.0,0.001,101.0,165.77,0.00036,-0.00223,1e-05,2e-05,0.00023
267.47,index_price,1560941944893,open,0.01,962.0,0.001,0.05,0.010812,96.64,0.01,0,ETH-21JUN19-280-C,267.47,88.78,0.009,1.0,0.013,378.0,105.77,0.06287,-1.61969,0.0035,0.0177,0.26559
267.47,index_price,1560941944893,open,0.0,6.0,0.001,0.04,0.0,110.0,0.001,0,ETH-21JUN19-190-P,267.47,0.0,0.0,0.0,0.001,350.0,231.33,1e-05,-3e-05,0.0,0.0,-1e-05
270.04,ETH-28JUN19,1560941944895,open,0.0,6.0,0.001,0.044,0.00445,104.81,0.005,0.0,ETH-28JUN19-350-C,267.47,96.8,0.003,374.0,0.006,400.0,111.95,0.05412,-0.31956,0.00405,0.00291,0.06615
270.04,ETH-28JUN19,1560941944895,open,0.36,0.0,0.314,0.422,0.368257,98.8,None,0.0,ETH-26JUL19-360-P,267.47,0.0,0.285,48.0,0.407,48.0,135.32,0.25681,-0.34405,-0.31216,0.00353,-0.77594
270.04,ETH-28JUN19,1560941944897,open,0.41,0.0,0.372,0.451,0.411029,93.33,None,0.0,ETH-26JUL19-160-C,267.47,0.0,0.354,48.0,0.483,48.0,230.23,0.05497,-0.06956,0.15307,0.0008,0.97211
270.04,ETH-28JUN19,1560941944901,open,0.41,924.0,0.368,0.447,0.407537,110.0,0.35,0.0,ETH-28JUN19-160-C,267.47,0.0,0.391,60.0,0.426,60.0,279.56,0.00123,-0.00759,0.03885,6e-05,0.99915
270.04,ETH-28JUN19,1560941944905,open,0.63,0.0,0.59,0.669,0.629671,0.0,None,0.0,ETH-28JUN19-100-C,267.47,0.0,0.611,60.0,0.649,60.0,484.59,0.0,0.0,0.02432,0.0,1.0
270.04,ETH-28JUN19,1560941944905,open,0.0,10453.0,0.001,0.04,2e-06,110.01,0.001,0.0,ETH-28JUN19-140-P,267.47,0.0,0.0,0.0,0.001,749.0,190.42,8e-05,-0.00049,0.0,0.0,-5e-05
277.18,ETH-27SEP19,1560941944905,open,0.03,2928.0,0.001,0.068,0.028286,104.83,0.028,0.0,ETH-27SEP19-600-C,267.47,103.65,0.027,10.0,0.03,68.0,106.37,0.30407,-0.15958,0.07592,0.00138,0.12838
270.04,ETH-28JUN19,1560941944905,open,0.13,171.0,0.09,0.18,0.135078,99.36,0.162,0.0,ETH-28JUN19-300-P,267.47,80.95,0.126,250.0,0.144,250.0,115.99,0.14019,-0.78466,-0.05656,0.00796,-0.72628
270.04,ETH-28JUN19,1560941944905,open,0.01,5203.0,0.001,0.052,0.012247,100.95,0.013,0.0,ETH-28JUN19-320-C,267.47,94.77,0.01,750.0,0.014,120.0,105.48,0.10193,-0.57969,0.00962,0.00569,0.15875
270.04,ETH-28JUN19,1560941944907,open,0.0,1215.0,0.001,0.04,0.000142,110.0,0.001,0.0,ETH-28JUN19-440-C,267.47,0.0,0.0,0.0,0.001,101.0,136.34,0.00372,-0.02306,0.00018,0.00019,0.00289
270.04,ETH-28JUN19,1560941944915,open,0.43,0.0,0.377,0.491,0.433683,99.41,None,0.0,ETH-26JUL19-380-P,267.47,0.0,0.346,48.0,0.474,48.0,140.56,0.22364,-0.30146,-0.34258,0.00305,-0.82201
270.04,ETH-28JUN19,1560941944925,open,0.0,270.0,0.001,0.043,0.003534,93.33,0.003,0.0,ETH-26JUL19-160-P,267.47,76.08,0.001,371.0,0.006,150.0,103.68,0.05497,-0.06956,-0.00857,0.0008,-0.02789
270.04,ETH-28JUN19,1560941944928,open,0.08,239.0,0.043,0.122,0.082831,98.29,0.077,0.0,ETH-26JUL19-300-C,267.47,95.21,0.079,268.0,0.085,250.0,100.02,0.33688,-0.44896,0.09426,0.00465,0.42835
270.04,ETH-28JUN19,1560941944949,open,0.2,1521.0,0.151,0.23,0.190895,97.34,0.181,0.0,ETH-28JUN19-220-C,267.48,82.21,0.188,204.0,0.193,218.0,106.01,0.06077,-0.3332,0.04808,0.00352,0.92308
270.04,ETH-28JUN19,1560941944949,open,0.04,2704.0,0.001,0.084,0.042617,97.34,0.044,0.0,ETH-28JUN19-260-P,267.48,91.19,0.039,100.0,0.045,452.0,101.37,0.15933,-0.87363,-0.02725,0.00923,-0.3724
270.04,ETH-28JUN19,1560941944949,open,0.08,506.0,0.04,0.125,0.082636,98.71,0.097,0.0,ETH-28JUN19-280-P,267.48,91.14,0.078,100.0,0.085,318.0,102.55,0.1659,-0.92248,-0.04239,0.00948,-0.56291
270.04,ETH-28JUN19,1560941944949,open,0.01,4850.0,0.001,0.045,0.005589,97.34,0.007,0.0,ETH-28JUN19-220-P,267.48,84.11,0.003,287.0,0.006,300.0,99.13,0.06077,-0.3332,-0.00542,0.00352,-0.07692
270.04,ETH-28JUN19,1560941944949,open,0.0,6059.0,0.001,0.04,0.000782,109.97,0.001,0.0,ETH-28JUN19-400-C,267.48,0.0,0.0,0.0,0.002,576.0,125.76,0.01476,-0.09144,0.00085,0.00076,0.01371
277.18,ETH-27SEP19,1560941944949,open,0.26,2210.0,0.218,0.297,0.257601,95.0,0.23,0.0,ETH-27SEP19-240-C,267.48,90.79,0.25,100.0,0.263,100.0,97.99,0.50042,-0.23799,0.33919,0.00251,0.70482
277.18,ETH-27SEP19,1560941944949,open,0.1,1407.0,0.058,0.137,0.097491,98.26,0.099,0.0,ETH-27SEP19-380-C,267.48,96.47,0.094,150.0,0.101,141.0,100.05,0.54276,-0.26699,0.19956,0.00263,0.36061
277.18,ETH-27SEP19,1560941944949,open,0.01,7505.0,0.001,0.053,0.013402,95.0,0.008,0.0,ETH-27SEP19-140-P,267.48,88.5,0.01,170.0,0.015,60.0,97.78,0.15499,-0.07371,-0.04983,0.00078,-0.0523
270.04,ETH-28JUN19,1560941944949,open,0.0,4769.0,0.001,0.04,0.0,110.0,0.001,0.0,ETH-28JUN19-120-P,267.48,0.0,0.0,0.0,0.001,349.0,231.04,0.0,-1e-05,0.0,0.0,0.0
270.04,ETH-28JUN19,1560941944949,open,0.03,6109.0,0.001,0.064,0.0241,99.3,0.027,0.0,ETH-28JUN19-300-C,267.48,93.24,0.021,711.0,0.026,120.0,102.93,0.14015,-0.78395,0.01638,0.00796,0.27357
270.04,ETH-28JUN19,1560941944949,open,0.0,1541.0,0.001,0.04,0.0,110.0,0.001,0.0,ETH-28JUN19-80-P,267.48,0.0,0.0,0.0,0.001,264.0,338.13,0.0,0.0,0.0,0.0,0.0
270.04,ETH-28JUN19,1560941944949,open,0.11,69.0,0.063,0.142,0.102697,97.34,0.125,0.0,ETH-28JUN19-250-C,267.48,90.22,0.099,231.0,0.105,120.0,101.7,0.14166,-0.77678,0.04056,0.00821,0.72036
270.04,ETH-28JUN19,1560941944949,open,0.01,462.0,0.001,0.046,0.006391,104.11,0.006,0.0,ETH-28JUN19-340-C,267.48,98.31,0.005,203.0,0.008,520.0,110.1,0.06866,-0.40267,0.00552,0.00372,0.09048
270.04,ETH-28JUN19,1560941944949,open,0.06,20.0,0.018,0.102,0.060391,97.29,0.052,0.0,ETH-28JUN19-270-P,267.48,90.22,0.056,401.0,0.063,100.0,101.5,0.1675,-0.91805,-0.03479,0.00971,-0.46938
270.04,ETH-28JUN19,1560941944949,open,0.23,770.0,0.186,0.265,0.22505,97.34,0.237,0.0,ETH-28JUN19-210-C,267.48,0.0,0.208,60.0,0.236,100.0,146.22,0.03745,-0.20534,0.04816,0.00217,0.95842
270.04,ETH-28JUN19,1560941944950,open,0.0,2027.0,0.001,0.04,0.0,110.0,0.001,0.0,ETH-28JUN19-90-P,267.48,0.0,0.0,0.0,0.001,250.0,306.89,0.0,0.0,0.0,0.0,0.0
270.04,ETH-28JUN19,1560941944949,open,0.16,0.0,0.119,0.198,0.158706,97.34,None,0.0,ETH-28JUN19-230-C,267.48,88.61,0.156,185.0,0.161,100.0,104.1,0.08839,-0.48469,0.0468,0.00512,0.87145
270.04,ETH-28JUN19,1560941944949,open,0.0,8702.0,0.001,0.04,0.000422,110.0,0.001,0.0,ETH-28JUN19-180-P,267.48,0.0,0.0,0.0,0.001,447.0,123.57,0.00834,-0.05171,-0.0005,0.00043,-0.00713
270.04,ETH-28JUN19,1560941944949,open,0.06,393.0,0.021,0.1,0.060539,97.29,0.067,0.0,ETH-28JUN19-270-C,267.48,93.2,0.058,5.0,0.064,427.0,102.87,0.1675,-0.91805,0.03087,0.00971,0.53062
270.04,ETH-28JUN19,1560941944950,open,0.45,481.0,0.405,0.484,0.444537,110.0,0.46,0.0,ETH-28JUN19-150-C,267.48,0.0,0.427,60.0,0.463,60.0,306.75,0.00035,-0.00217,0.03646,2e-05,0.99978
277.18,ETH-27SEP19,1560941944950,open,0.09,2645.0,0.048,0.134,0.091046,95.0,0.076,0.0,ETH-27SEP19-220-P,267.48,91.25,0.085,100.0,0.093,148.0,96.21,0.44848,-0.21329,-0.24941,0.00225,-0.2378
277.18,ETH-27SEP19,1560941944950,open,0.03,764.0,0.001,0.073,0.033403,102.82,0.033,0.0,ETH-27SEP19-560-C,267.48,100.81,0.031,5.0,0.036,60.0,104.92,0.33729,-0.17362,0.08804,0.00156,0.14949
270.04,ETH-28JUN19,1560941944950,open,0.0,7937.0,0.001,0.04,0.000498,98.8,0.001,0.0,ETH-28JUN19-190-P,267.48,0.0,0.0,0.0,0.001,3.0,108.94,0.0104,-0.0579,-0.00063,0.00059,-0.00917
270.04,ETH-28JUN19,1560941944950,open,0.0,7787.0,0.001,0.04,1e-05,110.0,0.001,0.0,ETH-28JUN19-150-P,267.48,0.0,0.0,0.0,0.001,769.0,172.19,0.00035,-0.00217,-2e-05,2e-05,-0.00022
270.04,ETH-28JUN19,1560941944950,open,0.0,5711.0,0.001,0.04,4.2e-05,110.0,0.001,0.0,ETH-28JUN19-160-P,267.48,0.0,0.0,0.0,0.001,250.0,155.07,0.00123,-0.00759,-6e-05,6e-05,-0.00085
277.19,ETH-27SEP19,1560941944950,open,0.51,191.0,0.469,0.548,0.508315,94.97,0.5,0.0,ETH-27SEP19-140-C,267.48,0.0,0.461,12.0,0.554,12.0,152.81,0.1549,-0.07364,0.3333,0.00078,0.94774
267.48,index_price,1560941944950,open,0.0,532.0,0.001,0.04,0.000104,109.98,0.002,0,ETH-21JUN19-330-C,267.48,0.0,0.0,0.0,0.001,250.0,146.75,0.00244,-0.02789,6e-05,0.0006,0.00434
270.04,ETH-28JUN19,1560941944951,open,0.1,0.0,0.064,0.151,0.10749,99.1,None,0.0,ETH-28JUN19-290-P,267.48,91.26,0.103,301.0,0.11,300.0,103.43,0.15604,-0.87117,-0.04971,0.00888,-0.64957
270.04,ETH-28JUN19,1560941944950,open,0.01,1200.0,0.001,0.048,0.008493,101.4,0.008,0.0,ETH-28JUN19-330-C,267.48,96.32,0.007,237.0,0.01,220.0,106.13,0.08284,-0.47317,0.00714,0.00461,0.11719
267.48,index_price,1560941944950,open,0.15,302.0,0.101,0.18,0.140799,107.51,0.145,0,ETH-21JUN19-230-C,267.48,0.0,0.138,250.0,0.15,280.0,199.28,0.01041,-0.29827,0.0115,0.00263,0.97711
270.04,ETH-28JUN19,1560941944949,open,0.14,147.0,0.094,0.184,0.139264,93.21,0.135,0.0,ETH-26JUL19-280-P,267.48,81.96,0.125,100.0,0.136,100.0,90.63,0.34231,-0.43262,-0.17159,0.00498,-0.48968
277.19,ETH-27SEP19,1560941944951,open,0.07,1055.0,0.027,0.106,0.06651,99.81,0.052,0.0,ETH-27SEP19-440-C,267.48,97.75,0.063,150.0,0.07,150.0,101.83,0.47615,-0.23793,0.15157,0.00227,0.26634
270.04,ETH-28JUN19,1560941944951,open,0.0,4695.0,0.001,0.04,0.0,110.0,0.001,0.0,ETH-28JUN19-110-P,267.48,0.0,0.0,0.0,0.001,250.0,253.94,0.0,0.0,0.0,0.0,0.0
270.04,ETH-28JUN19,1560941944951,open,0.0,6613.0,0.001,0.043,0.00308,105.49,0.004,0.0,ETH-28JUN19-360-C,267.48,97.66,0.002,252.0,0.004,100.0,110.98,0.04196,-0.24936,0.00294,0.00224,0.04789
270.04,ETH-28JUN19,1560941944951,open,0.0,5396.0,0.001,0.042,0.002712,97.34,0.001,0.0,ETH-28JUN19-210-P,267.48,81.42,0.001,202.0,0.003,303.0,99.35,0.03745,-0.20534,-0.00291,0.00217,-0.04158
270.04,ETH-28JUN19,1560941944952,open,0.0,7876.0,0.001,0.04,0.000145,110.0,0.001,0.0,ETH-28JUN19-170-P,267.48,0.0,0.0,0.0,0.001,350.0,138.91,0.00349,-0.02162,-0.00019,0.00018,-0.00269
277.19,ETH-27SEP19,1560941944952,open,0.12,1666.0,0.079,0.168,0.123464,95.01,0.11,0.0,ETH-27SEP19-240-P,267.48,91.43,0.117,212.0,0.126,48.0,96.41,0.50042,-0.23801,-0.31752,0.00251,-0.29516
270.04,ETH-28JUN19,1560941944949,open,0.1,744.0,0.055,0.141,0.09792,93.21,0.079,0.0,ETH-26JUL19-260-P,267.48,85.9,0.089,105.0,0.095,100.0,90.82,0.32962,-0.41659,-0.13346,0.0048,-0.39127
277.19,ETH-27SEP19,1560941944952,open,0.13,1001.0,0.088,0.167,0.127061,97.01,0.13,0.0,ETH-27SEP19-340-C,267.48,94.56,0.122,120.0,0.131,124.0,98.92,0.57209,-0.27785,0.23803,0.0028,0.44088
270.05,ETH-28JUN19,1560941944952,open,0.13,1011.0,0.09,0.169,0.129123,97.28,0.122,0.0,ETH-28JUN19-240-C,267.48,89.87,0.126,201.0,0.131,120.0,101.57,0.11671,-0.63959,0.04427,0.00677,0.80331
277.19,ETH-27SEP19,1560941944953,open,0.15,1669.0,0.105,0.184,0.144133,95.67,0.137,0.0,ETH-27SEP19-320-C,267.48,94.17,0.141,120.0,0.15,120.0,98.48,0.57807,-0.27687,0.2588,0.00287,0.48534
277.19,ETH-27SEP19,1560941944953,open,0.29,647.0,0.247,0.35,0.298617,95.69,0.287,0.0,ETH-27SEP19-320-P,267.48,90.12,0.287,36.0,0.305,36.0,98.75,0.57807,-0.27693,-0.61682,0.00287,-0.51461
270.05,ETH-28JUN19,1560941944951,open,0.05,1306.0,0.008,0.087,0.047103,98.69,0.052,0.0,ETH-26JUL19-340-C,267.48,95.78,0.044,282.0,0.048,10.0,99.53,0.28985,-0.38788,0.06404,0.00399,0.28183
267.48,index_price,1560941944950,open,0.0,1543.0,0.001,0.041,0.001944,102.12,0.003,0,ETH-21JUN19-300-C,267.48,89.53,0.001,251.0,0.003,553.0,112.71,0.0237,-0.52003,0.00084,0.00631,0.06291
277.19,ETH-27SEP19,1560941944953,open,0.4,743.0,0.353,0.432,0.39239,94.98,0.337,0.0,ETH-27SEP19-180-C,267.48,56.16,0.358,100.0,0.422,100.0,119.69,0.30985,-0.14734,0.3608,0.00155,0.86808
267.48,index_price,1560941944950,open,0.11,135.0,0.065,0.144,0.10405,92.07,0.135,0,ETH-21JUN19-240-C,267.48,103.66,0.105,60.0,0.111,60.0,149.48,0.01879,-0.46126,0.01167,0.00555,0.95308
270.05,ETH-28JUN19,1560941944949,open,0.14,368.0,0.096,0.175,0.1351,93.19,0.161,0.0,ETH-26JUL19-260-C,267.48,90.66,0.132,120.0,0.144,250.0,100.49,0.32962,-0.41653,0.12923,0.0048,0.60878
270.05,ETH-28JUN19,1560941944951,open,0.18,658.0,0.136,0.215,0.175454,93.19,0.19,0.0,ETH-26JUL19-240-C,267.48,89.1,0.171,250.0,0.184,250.0,100.98,0.29496,-0.3727,0.14518,0.0043,0.70759
267.48,index_price,1560941944949,open,0.0,108.0,0.001,0.04,2.1e-05,110.02,0.003,0,ETH-21JUN19-210-P,267.48,0.0,0.0,0.0,0.001,250.0,171.33,0.00061,-0.00561,-1e-05,0.00015,-0.00094
270.05,ETH-28JUN19,1560941944949,open,0.04,488.0,0.001,0.08,0.038506,93.22,0.035,0.0,ETH-26JUL19-220-P,267.48,85.77,0.032,365.0,0.038,192.0,92.65,0.24064,-0.30417,-0.0652,0.0035,-0.20047
270.05,ETH-28JUN19,1560941944951,open,0.28,0.0,0.24,0.319,0.279929,93.17,None,0.0,ETH-26JUL19-200-C,267.48,43.25,0.26,1.0,0.319,100.0,143.87,0.17433,-0.22024,0.163,0.00254,0.87739
267.48,index_price,1560941944953,open,0.0,360.0,0.001,0.04,0.000341,109.98,0.002,0,ETH-21JUN19-320-C,267.48,0.0,0.0,0.0,0.001,243.0,128.79,0.0063,-0.09108,0.00017,0.00156,0.01273
267.48,index_price,1560941944949,open,0.0,861.0,0.001,0.044,0.004711,89.81,0.005,0,ETH-21JUN19-250-P,267.48,70.02,0.002,550.0,0.006,614.0,97.55,0.0426,-1.01994,-0.00198,0.0129,-0.13964
267.48,index_price,1560941944951,open,0.05,134.0,0.002,0.081,0.041688,89.68,0.041,0,ETH-21JUN19-260-C,267.48,90.9,0.042,250.0,0.047,206.0,110.09,0.06839,-1.63493,0.0088,0.02074,0.68201
270.05,ETH-28JUN19,1560941944951,open,0.04,2696.0,0.001,0.075,0.035122,98.8,0.038,0.0,ETH-26JUL19-360-C,267.48,95.47,0.032,288.0,0.038,342.0,101.79,0.25683,-0.34405,0.05155,0.00353,0.22407
267.48,index_price,1560941944953,open,0.03,131.0,0.001,0.072,0.030796,89.85,0.048,0,ETH-21JUN19-270-P,267.48,72.93,0.026,200.0,0.031,344.0,90.57,0.07601,-1.82044,-0.00792,0.02301,-0.54513
267.48,index_price,1560941944951,open,0.26,0.0,0.213,0.292,0.252254,0.0,None,0,ETH-21JUN19-200-C,267.48,0.0,0.244,60.0,0.267,3.0,362.09,0.0,0.0,0.01028,0.0,1.0
270.05,ETH-28JUN19,1560941944951,open,0.19,0.0,0.147,0.241,0.193777,98.31,None,0.0,ETH-26JUL19-300-P,267.48,71.56,0.161,144.0,0.186,144.0,92.06,0.33691,-0.44909,-0.20881,0.00465,-0.57156
267.48,index_price,1560941944950,open,0.29,0.0,0.25,0.329,0.28964,0.0,None,0,ETH-21JUN19-190-C,267.48,0.0,0.281,60.0,0.305,60.0,413.9,0.0,0.0,0.00976,0.0,1.0
267.48,index_price,1560941944949,open,0.08,91.0,0.031,0.11,0.070027,89.59,0.069,0,ETH-21JUN19-250-C,267.48,95.51,0.071,310.0,0.075,155.0,117.03,0.04249,-1.0147,0.01087,0.0129,0.86091
9200.17,BTC-28JUN19,1560941945002,open,0.04,14.3,0.0005,0.0785,0.03864831,89.09,0.045,0.0,BTC-26JUL19-11500-C,9133.47,86.99,0.0365,19.3,0.0415,19.3,91.84,9.46724,-11.4368,2.0485,0.00012,0.25904
9342.14,BTC-27SEP19,1560941945005,open,0.34,13.2,0.2905,0.3975,0.34414374,79.33,0.321,0.0,BTC-27DEC19-11000-P,9133.47,75.65,0.3335,3.6,0.345,3.6,79.63,26.95159,-5.60097,-41.19898,7e-05,-0.49916
9200.17,BTC-28JUN19,1560941945005,open,0.04,14.3,0.0005,0.0785,0.03864831,89.09,0.045,0.0,BTC-26JUL19-11500-C,9133.47,86.99,0.0365,19.3,0.0415,29.3,91.84,9.46724,-11.4368,2.0485,0.00012,0.25904
9342.14,BTC-27SEP19,1560941945076,open,0.11,588.1,0.0675,0.147,0.10740012,81.14,0.108,0.0,BTC-27SEP19-11000-C,9133.47,79.24,0.1035,25.8,0.1115,3.6,83.13,19.20733,-7.80221,8.284,0.0001,0.43146
9342.14,BTC-27SEP19,1560941945081,open,0.03,118.7,0.0005,0.0655,0.02595566,98.57,0.0265,0.0,BTC-27DEC19-30000-C,9133.47,97.81,0.025,6.0,0.0275,14.0,99.76,11.87413,-3.06584,3.62747,3e-05,0.10021
9133.47,index_price,1560941945200,open,0.03,212.4,0.0005,0.07,0.03035008,78.51,0.0325,0,BTC-21JUN19-9000-C,9133.47,79.06,0.0305,6.6,0.0335,18.0,89.95,2.5047,-52.41855,0.27393,0.00074,0.61398
9200.17,BTC-28JUN19,1560941945202,open,0.1,130.5,0.061,0.1405,0.10086536,91.33,0.11,0.0,BTC-28JUN19-8500-C,9133.47,87.66,0.099,11.0,0.1035,6.0,96.44,4.70216,-24.19325,1.41794,0.00025,0.73467
9342.14,BTC-27SEP19,1560941945223,open,0.51,0.5,0.4545,0.5755,0.51503445,81.98,0.584,0.0,BTC-27DEC19-13000-P,9133.47,76.19,0.499,3.6,0.512,3.6,80.9,26.05,-5.5945,-54.61608,7e-05,-0.6029
9342.14,BTC-27SEP19,1560941945225,open,0.51,0.5,0.4545,0.5755,0.51503445,81.98,0.584,0.0,BTC-27DEC19-13000-P,9133.47,76.19,0.499,3.6,0.5115,3.6,80.72,26.05,-5.5945,-54.61608,7e-05,-0.6029
9200.14,BTC-28JUN19,1560941945812,open,0.0,1430.2,0.0005,0.04,1.5e-07,110.0,0.0005,0.0,BTC-28JUN19-20000-C,9133.47,0.0,0.0,0.0,0.0005,19.9,186.63,0.0003,-0.00141,1e-05,0.0,0.0
9342.12,BTC-27SEP19,1560941945812,open,0.0,1646.2,0.0005,0.04,4.456e-05,110.0,0.0005,0.0,BTC-27SEP19-1500-P,9133.47,0.0,0.0,0.0,0.001,27.0,150.26,0.04794,-0.0264,-0.00788,0.0,-0.00026
9342.12,BTC-27SEP19,1560941945812,open,0.42,5.3,0.372,0.486,0.42899398,81.25,0.417,0.0,BTC-27DEC19-12000-P,9133.47,75.99,0.414,3.6,0.426,3.6,80.21,26.71669,-5.68646,-47.95674,7e-05,-0.55263
9133.47,index_price,1560941945814,open,0.0,316.0,0.0005,0.0405,0.00055474,95.25,0.0005,0,BTC-21JUN19-10500-C,9133.47,0.0,0.0,0.0,0.001,18.2,104.85,0.34796,-5.0667,0.01022,9e-05,0.02233
9200.14,BTC-28JUN19,1560941945817,open,0.43,0.0,0.376,0.4905,0.43329826,92.27,None,0.0,BTC-26JUL19-13000-P,9133.47,0.0,0.0,0.0,0.0,0.0,0.0,6.84812,-8.56762,-11.91885,9e-05,-0.84901
9200.14,BTC-28JUN19,1560941945831,open,0.57,322.4,0.5255,0.605,0.56522544,136.34,0.495,0.0,BTC-28JUN19-4000-C,9133.47,0.0,0.0,0.0,0.6245,3.0,500.0,0.00174,-0.01339,0.97261,0.0,0.99997
9342.12,BTC-27SEP19,1560941945831,open,0.01,202.5,0.0005,0.0515,0.01152871,99.96,0.0115,0.0,BTC-27SEP19-24000-C,9133.47,97.45,0.01,6.0,0.013,15.0,102.2,5.9292,-2.9672,1.27549,2e-05,0.06142
9342.12,BTC-27SEP19,1560941945833,open,0.35,58.1,0.3055,0.385,0.34525562,78.78,0.348,0.0,BTC-27DEC19-7000-C,9133.47,70.5,0.328,5.0,0.402,0.1,105.22,19.70393,-4.06599,21.51613,5e-05,0.78567
9342.12,BTC-27SEP19,1560941945845,open,0.15,152.1,0.1045,0.184,0.14449172,81.25,0.1415,0.0,BTC-27DEC19-12000-C,9133.47,80.03,0.141,18.0,0.1485,3.6,82.65,26.71672,-5.68653,14.79694,7e-05,0.44737
9342.12,BTC-27SEP19,1560941945871,open,0.6,0.0,0.562,0.6415,0.60183924,91.63,None,0.0,BTC-27SEP19-3750-C,9133.47,0.0,0.006,6.1,0.745,10.0,299.2,1.95813,-0.89827,9.76869,1e-05,0.98398
9200.14,BTC-28JUN19,1560941945873,open,0.16,25.4,0.117,0.2095,0.16336454,87.0,0.169,0.0,BTC-26JUL19-10000-P,9133.47,75.86,0.1495,14.4,0.1565,14.4,81.51,11.51187,-13.58062,-6.76829,0.00015,-0.56481
9133.47,index_price,1560941945884,open,0.0,365.7,0.0005,0.0405,0.00056348,93.43,0.0005,0,BTC-21JUN19-8000-P,9133.47,0.0,0.0,0.0,0.001,21.1,103.01,0.34514,-5.14656,-0.01064,9e-05,-0.02211
9342.12,BTC-27SEP19,1560941945888,open,0.0,427.9,0.0005,0.042,0.00213752,91.63,0.003,0.0,BTC-27SEP19-3500-P,9133.47,82.27,0.001,41.0,0.003,17.0,96.7,1.42314,-0.65282,-0.33764,1e-05,-0.01107
9342.12,BTC-27SEP19,1560941945888,open,2.22,0.2,2.108,2.3665,2.23721141,98.56,2.2245,0.0,BTC-27DEC19-30000-P,9133.47,0.0,0.0,0.0,0.0,0.0,0.0,11.87239,-3.06523,-153.2573,3e-05,-0.89981
9133.47,index_price,1560941945890,open,0.08,220.5,0.032,0.1115,0.0719506,78.51,0.072,0,BTC-21JUN19-8500-C,9133.47,78.91,0.072,6.0,0.0755,6.0,102.45,1.11429,-23.31994,0.39058,0.00033,0.90411
9200.14,BTC-28JUN19,1560941945922,open,0.0,681.2,0.0005,0.045,0.004908,93.99,0.0035,0.0,BTC-28JUN19-7500-P,9133.47,89.5,0.004,10.0,0.006,35.3,98.9,1.95063,-10.32845,-0.17016,0.0001,-0.07115
9342.12,BTC-27SEP19,1560941945922,open,0.05,200.9,0.0125,0.092,0.05232808,84.66,0.0595,0.0,BTC-27SEP19-14000-C,9133.47,83.24,0.05,14.9,0.0545,0.1,85.98,15.34487,-6.50383,4.91191,8e-05,0.24448
9342.12,BTC-27SEP19,1560941945922,open,0.79,28.2,0.7465,0.826,0.78620836,110.02,0.755,0.0,BTC-27SEP19-2000-C,9133.47,0.0,0.007,1.1,0.9505,5.0,500.0,0.23963,-0.13198,5.42661,0.0,0.99849
9133.47,index_price,1560941945922,open,0.02,85.4,0.0005,0.0565,0.01678422,78.51,0.0145,0,BTC-21JUN19-9250-C,9133.47,77.5,0.0165,6.6,0.019,18.0,86.39,2.56179,-53.6133,0.19013,0.00076,0.42187
9200.14,BTC-28JUN19,1560941945924,open,0.38,0.0,0.3285,0.439,0.38370548,91.19,0.3325,0.0,BTC-26JUL19-12500-P,9133.47,0.0,0.0,0.0,0.0,0.0,0.0,7.69314,-9.51235,-11.18135,0.0001,-0.81926
9342.12,BTC-27SEP19,1560941945943,open,0.09,260.9,0.0495,0.1365,0.09298153,80.4,0.0945,0.0,BTC-27SEP19-8000-P,9133.47,78.14,0.089,11.7,0.095,4.9,81.55,16.48661,-6.63615,-9.56726,9e-05,-0.28128
9342.12,BTC-27SEP19,1560941945945,open,0.45,0.0,0.3995,0.5155,0.45747245,83.51,None,0.0,BTC-27SEP19-13000-P,9133.47,0.0,0.0055,50.0,1.168,0.3,500.0,16.86879,-7.05193,-29.70907,8e-05,-0.70472
9133.47,index_price,1560941945945,open,0.35,3.0,0.3035,0.383,0.34307552,110.0,0.3435,0,BTC-21JUN19-6000-C,9133.47,0.0,0.0005,2.0,0.0,0.0,0.0,0.0,-4e-05,0.30833,0.0,1.0
9200.14,BTC-28JUN19,1560941945969,open,0.07,35.8,0.033,0.1185,0.07590232,92.07,0.074,0.0,BTC-28JUN19-9500-P,9133.47,87.35,0.073,23.0,0.078,18.0,95.48,5.65808,-29.34767,-1.42319,0.0003,-0.56025
9342.12,BTC-27SEP19,1560941945969,open,0.14,961.0,0.1005,0.18,0.14017102,80.76,0.143,0.0,BTC-27SEP19-10000-C,9133.47,80.43,0.1395,2.0,0.1435,3.6,82.35,19.47123,-7.87195,9.70929,0.0001,0.51999
9342.12,BTC-27SEP19,1560941945971,open,0.42,122.6,0.374,0.4535,0.41369642,78.88,0.419,0.0,BTC-27DEC19-6000-C,9133.47,63.49,0.39,0.2,0.45,6.1,99.87,15.34394,-3.17045,21.59643,4e-05,0.85575
9200.14,BTC-28JUN19,1560941945971,open,0.07,63.5,0.0255,0.1105,0.06805142,83.58,0.063,0.0,BTC-26JUL19-8500-P,9133.47,78.77,0.0625,5.0,0.0665,19.3,82.24,10.63244,-12.04952,-3.73064,0.00015,-0.33332
9342.12,BTC-27SEP19,1560941945971,open,0.01,165.7,0.0005,0.0555,0.01503776,85.19,0.0145,0.0,BTC-27DEC19-4000-P,9133.47,82.17,0.013,26.0,0.017,6.0,87.92,6.5176,-1.45439,-2.9819,2e-05,-0.046
9200.14,BTC-28JUN19,1560941945973,open,0.0,520.6,0.0005,0.04,0.0,110.0,0.0005,0.0,BTC-28JUN19-2000-P,9133.47,0.0,0.0,0.0,0.0005,12.0,387.31,0.0,0.0,0.0,0.0,0.0
9200.14,BTC-28JUN19,1560941945973,open,0.31,0.0,0.264,0.3435,0.30352672,83.8,None,0.0,BTC-26JUL19-6500-C,9133.47,0.0,0.2905,5.0,0.0,0.0,0.0,4.15154,-4.71713,5.77383,6e-05,0.92471
9133.47,index_price,1560941945973,open,0.05,52.9,0.0095,0.089,0.04905899,78.51,0.0455,0,BTC-21JUN19-8750-C,9133.47,75.81,0.0485,6.0,0.052,6.0,91.97,1.91149,-40.00384,0.34557,0.00057,0.78531
9200.14,BTC-28JUN19,1560941945973,open,0.48,0.0,0.4255,0.5435,0.48445898,94.23,None,0.0,BTC-26JUL19-13500-P,9133.47,0.0,0.0,0.0,0.0,0.0,0.0,6.15723,-7.86703,-12.59762,8e-05,-0.87088
9133.47,index_price,1560941945987,open,0.0,292.3,0.0005,0.04,6.62e-06,110.0,0.0005,0,BTC-21JUN19-7000-P,9133.47,0.0,0.0,0.0,0.0005,22.0,167.93,0.00771,-0.06045,-0.00015,0.0,-0.00032
9342.12,BTC-27SEP19,1560941946009,open,0.01,405.7,0.0005,0.052,0.01169281,85.22,0.011,0.0,BTC-27SEP19-5000-P,9133.47,82.07,0.01,8.3,0.0135,21.0,88.36,5.20537,-2.22079,-1.62994,3e-05,-0.05207
9342.12,BTC-27SEP19,1560941946015,open,0.18,385.2,0.1425,0.222,0.18245822,80.4,0.1735,0.0,BTC-27SEP19-9000-C,9133.47,78.92,0.1795,5.0,0.1855,3.6,81.93,18.64342,-7.50439,11.12177,0.0001,0.61753
9133.47,index_price,1560941946015,open,0.01,100.4,0.0005,0.047,0.00707385,78.51,0.005,0,BTC-21JUN19-8750-P,9133.47,70.75,0.0055,7.1,0.007,24.0,78.16,1.91149,-40.00384,-0.10409,0.00057,-0.21469
9342.12,BTC-27SEP19,1560941946015,open,0.03,124.5,0.0005,0.072,0.03120277,81.61,0.0415,0.0,BTC-27DEC19-5000-P,9133.47,79.67,0.029,6.0,0.0335,6.0,83.57,10.77225,-2.30277,-5.81477,3e-05,-0.08782
9342.12,BTC-27SEP19,1560941946024,open,0.55,0.0,0.489,0.6125,0.55091406,84.66,None,0.0,BTC-27SEP19-14000-P,9133.47,0.0,0.0055,10.0,1.267,0.3,500.0,15.34459,-6.50356,-33.3967,8e-05,-0.75553
9342.12,BTC-27SEP19,1560941946026,open,0.24,158.8,0.199,0.2785,0.23889286,78.78,0.232,0.0,BTC-27DEC19-9000-C,9133.47,78.45,0.238,12.0,0.2455,0.1,81.21,25.34745,-5.23054,19.44697,7e-05,0.63695
9200.14,BTC-28JUN19,1560941946026,open,0.41,0.0,0.365,0.4445,0.40485729,87.44,0.4,0.0,BTC-26JUL19-5500-C,9133.47,0.0,0.0,0.0,0.0,0.0,0.0,1.61032,-1.90914,5.31528,2e-05,0.97671
9342.12,BTC-27SEP19,1560941946042,open,0.84,42.8,0.7995,0.879,0.83948178,110.07,0.815,0.0,BTC-27SEP19-1500-C,9133.47,0.0,0.0,0.0,0.0,0.0,0.0,0.04823,-0.02657,4.09655,0.0,0.99973
9200.14,BTC-28JUN19,1560941946042,open,0.08,118.6,0.0365,0.116,0.0764281,87.01,0.0725,0.0,BTC-26JUL19-10000-C,9133.47,85.07,0.074,7.0,0.0795,14.4,89.46,11.5119,-13.5811,3.33466,0.00015,0.43519
9342.12,BTC-27SEP19,1560941946042,open,0.29,207.8,0.2475,0.327,0.28739584,78.78,0.3115,0.0,BTC-27DEC19-8000-C,9133.47,72.75,0.2725,5.0,0.3005,6.5,84.08,23.07781,-4.7622,20.70784,6e-05,0.71126
9342.12,BTC-27SEP19,1560941946042,open,0.02,101.2,0.0005,0.06,0.02041987,104.12,0.02,0.0,BTC-27DEC19-36000-C,9133.47,102.76,0.019,6.0,0.022,1.0,105.58,9.90254,-2.7009,2.83844,2e-05,0.07852
9342.12,BTC-27SEP19,1560941946042,open,0.01,96.6,0.0005,0.05,0.00969731,87.46,0.011,0.0,BTC-27DEC19-3500-P,9133.47,85.0,0.0085,10.0,0.011,4.0,89.96,4.70325,-1.07747,-1.98047,1e-05,-0.03084
9200.14,BTC-28JUN19,1560941946049,open,0.15,0.1,0.111,0.2035,0.1572763,94.75,0.1605,0.0,BTC-28JUN19-10500-P,9133.47,0.0,0.005,3.5,0.0,0.0,0.0,4.0875,-21.81828,-2.12829,0.00021,-0.79404
9200.14,BTC-28JUN19,1560941946051,open,0.0,1869.1,0.0005,0.04,0.0002837,110.0,0.0005,0.0,BTC-28JUN19-6000-P,9133.47,0.0,0.0,0.0,0.001,9.5,129.44,0.20641,-1.27904,-0.01176,1e-05,-0.00497
9200.14,BTC-28JUN19,1560941946063,open,0.2,26.0,0.157,0.253,0.20498146,96.18,0.216,0.0,BTC-28JUN19-11000-P,9133.47,0.0,0.002,2.0,0.4395,1.0,500.0,3.06932,-16.62981,-2.40016,0.00016,-0.86786
9200.14,BTC-28JUN19,1560941946063,open,0.0,318.6,0.0005,0.04,1.66e-06,110.0,0.0015,0.0,BTC-28JUN19-4750-P,9133.47,0.0,0.0,0.0,0.0005,12.0,175.23,0.00244,-0.01512,-9e-05,0.0,-4e-05
9342.12,BTC-27SEP19,1560941946063,open,0.02,264.6,0.0005,0.058,0.0183612,93.88,0.0185,0.0,BTC-27SEP19-20000-C,9133.47,92.32,0.017,6.0,0.02,15.0,95.68,8.32566,-3.91293,1.98552,4e-05,0.09603
9342.12,BTC-27SEP19,1560941946063,open,2.01,0.1,1.9055,2.147,2.02630417,96.87,2.02,0.0,BTC-27DEC19-28000-P,9133.47,0.0,0.0,0.0,0.0,0.0,0.0,12.85785,-3.26281,-142.3826,3e-05,-0.88813
9342.12,BTC-27SEP19,1560941946065,open,0.74,0.0,0.678,0.8175,0.74774158,87.77,None,0.0,BTC-27SEP19-16000-P,9133.47,0.0,0.0055,10.0,1.4665,0.2,500.0,12.50471,-5.49423,-40.25553,6e-05,-0.82701
9200.14,BTC-28JUN19,1560941946073,open,0.3,13.4,0.2555,0.3595,0.30749567,99.69,0.3175,0.0,BTC-28JUN19-12000-P,9133.47,0.0,0.0005,2.0,0.521,1.0,500.0,1.51252,-8.49381,-2.81013,7e-05,-0.9486
9342.12,BTC-27SEP19,1560941946073,open,0.39,716.2,0.3445,0.424,0.3844108,82.14,0.4,0.0,BTC-27SEP19-6000-C,9133.47,75.72,0.3785,5.4,0.3895,5.4,87.28,8.97783,-3.69172,13.01378,5e-05,0.8935
9342.12,BTC-27SEP19,1560941946073,open,0.05,297.8,0.0115,0.091,0.05140944,88.26,0.053,0.0,BTC-27DEC19-20000-C,9133.47,87.54,0.05,12.9,0.053,0.9,89.07,18.40452,-4.25527,6.82999,5e-05,0.19121
9133.47,index_price,1560941946091,open,0.16,0.4,0.112,0.1915,0.15187467,106.81,0.154,0,BTC-21JUN19-7750-C,9133.47,0.0,0.0005,1.0,0.2125,0.1,465.15,0.24084,-6.85722,0.39127,5e-05,0.9855
9200.14,BTC-28JUN19,1560941946091,open,0.06,33.0,0.021,0.1005,0.06075513,87.48,0.0655,0.0,BTC-26JUL19-10500-C,9133.47,85.17,0.058,26.3,0.064,19.3,90.18,11.02488,-13.07691,2.85889,0.00015,0.36833
9342.12,BTC-27SEP19,1560941946099,open,0.54,6.6,0.5005,0.58,0.54041314,83.23,0.4515,0.0,BTC-27DEC19-4500-C,9133.47,0.0,0.251,2.0,0.98,1.0,500.0,8.56001,-1.86628,19.2801,2e-05,0.93506
9200.14,BTC-28JUN19,1560941946103,open,0.49,97.1,0.444,0.5235,0.48370685,114.64,0.485,0.0,BTC-28JUN19-4750-C,9133.47,0.0,0.0,0.0,0.543,2.0,500.0,0.00439,-0.02837,1.15488,0.0,0.99992
9200.14,BTC-28JUN19,1560941946103,open,0.01,37.1,0.0005,0.0455,0.00529275,85.14,0.006,0.0,BTC-26JUL19-6000-P,9133.47,80.37,0.004,31.0,0.0065,34.0,89.06,2.68109,-3.095,-0.45055,4e-05,-0.04318
9342.12,BTC-27SEP19,1560941946105,open,0.69,0.0,0.6455,0.725,0.68537111,92.0,None,0.0,BTC-27DEC19-3000-C,9133.47,0.0,0.0055,10.0,0.984,0.5,500.0,3.36453,-0.81087,14.36086,1e-05,0.97932
9342.12,BTC-27SEP19,1560941946105,open,0.59,27.1,0.547,0.6265,0.58687033,85.19,0.542,0.0,BTC-27DEC19-4000-C,9133.47,0.0,0.016,10.0,0.653,0.2,150.27,6.51778,-1.45446,17.93587,2e-05,0.954
9342.12,BTC-27SEP19,1560941946109,open,0.98,0.0,0.9115,1.07,0.990702,86.54,None,0.0,BTC-27DEC19-18000-P,9133.47,0.0,0.0055,5.0,1.83,0.2,500.0,20.56992,-4.6628,-85.96282,5e-05,-0.76887
9200.14,BTC-28JUN19,1560941946124,open,0.46,688.2,0.417,0.4965,0.4565377,111.93,0.458,0.0,BTC-28JUN19-5000-C,9133.47,0.0,0.25,1.9,0.5,10.0,417.05,0.0094,-0.05926,1.21545,0.0,0.99983
9200.14,BTC-28JUN19,1560941946136,open,0.02,334.5,0.0005,0.0555,0.01599304,94.76,0.016,0.0,BTC-28JUN19-10500-C,9133.47,91.35,0.0145,29.0,0.0175,24.5,98.11,4.08779,-21.82173,0.42504,0.00021,0.20598
9342.12,BTC-27SEP19,1560941946136,open,1.36,0.2,1.2745,1.464,1.36923184,96.99,1.391,0.0,BTC-27SEP19-22000-P,9133.47,0.0,0.0055,10.0,0.0,0.0,0.0,6.96808,-3.38345,-58.62915,3e-05,-0.92428
9133.47,index_price,1560941946136,open,0.0,154.3,0.0005,0.0405,0.00074952,78.52,0.0005,0,BTC-21JUN19-8250-P,9133.47,0.0,0.0,0.0,0.001,15.0,82.85,0.48465,-6.84573,-0.01594,0.00014,-0.03322
9342.12,BTC-27SEP19,1560941946139,open,0.02,96.2,0.0005,0.0625,0.02210149,83.23,0.024,0.0,BTC-27DEC19-4500-P,9133.47,80.89,0.02,6.0,0.0245,16.0,85.79,8.55985,-1.86622,-4.25239,2e-05,-0.06494
9200.14,BTC-28JUN19,1560941946149,open,0.78,20.1,0.743,0.8225,0.78261271,237.53,0.578,0.0,BTC-28JUN19-2000-C,9133.47,0.0,0.0,0.0,0.7915,1.0,500.0,0.00054,-0.00723,0.48632,0.0,0.99999
9342.12,BTC-27SEP19,1560941946149,open,0.01,225.5,0.0005,0.047,0.00703241,86.78,0.0085,0.0,BTC-27SEP19-4500-P,9133.47,82.56,0.0055,16.0,0.0085,15.0,90.39,3.61337,-1.56984,-1.02781,2e-05,-0.03317
9342.12,BTC-27SEP19,1560941946149,open,0.02,314.4,0.0005,0.0585,0.01800689,83.49,0.0175,0.0,BTC-27SEP19-5500-P,9133.47,80.74,0.016,6.0,0.02,21.0,86.09,6.99813,-2.92488,-2.40688,4e-05,-0.07615
9342.12,BTC-27SEP19,1560941946149,open,0.07,196.2,0.026,0.1055,0.06592833,83.51,0.0675,0.0,BTC-27SEP19-13000-C,9133.47,81.6,0.0625,18.5,0.069,4.9,85.2,16.86896,-7.05214,5.86319,8e-05,0.29529
9342.12,BTC-27SEP19,1560941946149,open,0.01,281.9,0.0005,0.049,0.00907479,85.83,0.009,0.0,BTC-27SEP19-4750-P,9133.47,82.29,0.0075,7.0,0.0105,15.0,88.77,4.35746,-1.87223,-1.29846,2e-05,-0.04172
9342.12,BTC-27SEP19,1560941946151,open,0.17,306.3,0.127,0.2065,0.16668325,79.34,0.1675,0.0,BTC-27DEC19-11000-C,9133.47,79.79,0.168,15.0,0.174,5.0,81.87,26.95153,-5.60104,16.32513,7e-05,0.50084
9200.14,BTC-28JUN19,1560941946151,open,0.02,59.7,0.0005,0.0585,0.01816891,83.58,0.016,0.0,BTC-26JUL19-7000-P,9133.47,80.15,0.016,31.0,0.019,24.0,84.86,5.94189,-6.73386,-1.30933,8e-05,-0.1227
9133.47,index_price,1560941946151,open,0.09,12.1,0.053,0.1405,0.09677534,84.79,0.1005,0,BTC-21JUN19-10000-P,9133.47,0.0,0.0,0.0,0.1365,0.1,268.68,0.89871,-20.31342,-0.48097,0.00025,-0.92796
9133.47,index_price,1560941946151,open,0.0,90.4,0.0005,0.04,0.0,110.0,0.0005,0,BTC-21JUN19-6000-P,9133.47,0.0,0.0,0.0,0.0005,21.9,252.32,0.0,-1e-05,0.0,0.0,0.0
9342.12,BTC-27SEP19,1560941946151,open,0.13,161.3,0.0835,0.163,0.12349033,81.99,0.1225,0.0,BTC-27DEC19-13000-C,9133.47,80.55,0.1195,18.0,0.1275,4.9,83.42,26.05003,-5.59461,13.36707,7e-05,0.3971
9200.14,BTC-28JUN19,1560941946158,open,0.24,0.0,0.1945,0.2935,0.24390605,88.11,0.297,0.0,BTC-26JUL19-11000-P,9133.47,0.0,0.0,0.0,0.0,0.0,0.0,10.30571,-12.31184,-8.6875,0.00014,-0.69075
9133.47,index_price,1560941946181,open,0.1,6.2,0.0575,0.137,0.09747837,78.52,0.109,0,BTC-21JUN19-8250-C,9133.47,0.0,0.0,0.0,0.1055,12.0,146.24,0.48465,-10.14434,0.40802,0.00014,0.96678
9342.12,BTC-27SEP19,1560941946181,open,0.32,93.6,0.2755,0.355,0.31508341,78.78,0.273,0.0,BTC-27DEC19-7500-C,9133.47,77.0,0.311,8.0,0.353,0.1,95.17,21.52772,-4.44233,21.18359,6e-05,0.74869
9342.12,BTC-27SEP19,1560941946181,open,0.2,460.3,0.159,0.2385,0.19852271,78.78,0.199,0.0,BTC-27DEC19-10000-C,9133.47,80.0,0.202,2.0,0.2065,3.6,81.58,26.58555,-5.48603,17.93702,7e-05,0.56568
9200.14,BTC-28JUN19,1560941946181,open,0.22,13.0,0.1755,0.255,0.21508008,83.58,0.222,0.0,BTC-26JUL19-7500-C,9133.47,72.34,0.206,7.0,0.0,0.0,0.0,7.76787,-8.80352,5.58955,0.00011,0.81644
9342.12,BTC-27SEP19,1560941946183,open,0.55,0.2,0.511,0.5905,0.55077233,88.88,0.26,0.0,BTC-27SEP19-4250-C,9133.47,0.0,0.011,0.5,0.7235,5.0,299.4,3.04775,-1.35608,10.79296,1e-05,0.97298
9200.14,BTC-28JUN19,1560941946194,open,0.25,0.3,0.2055,0.3055,0.25554052,98.38,0.2665,0.0,BTC-28JUN19-11500-P,9133.47,0.0,0.0,0.0,0.0,0.0,0.0,2.21534,-12.27705,-2.62067,0.00011,-0.91587
9342.12,BTC-27SEP19,1560941946194,open,0.0,47.1,0.0005,0.0415,0.00175035,95.19,0.003,0.0,BTC-27SEP19-3250-P,9133.47,80.93,0.0005,6.5,0.003,15.0,103.46,1.17677,-0.56075,-0.27237,1e-05,-0.0089
9200.14,BTC-28JUN19,1560941946194,open,0.0,1458.3,0.0005,0.042,0.00222709,100.4,0.002,0.0,BTC-28JUN19-7000-P,9133.47,98.41,0.002,76.6,0.0025,34.4,102.64,1.08447,-6.13351,-0.08122,5e-05,-0.03408
9133.47,index_price,1560941946194,open,0.29,6.2,0.2485,0.328,0.28833193,110.0,0.2885,0,BTC-21JUN19-6500-C,9133.47,0.0,0.0005,1.1,0.3765,0.1,500.0,0.0002,-0.00588,0.33402,0.0,0.99999
9200.14,BTC-28JUN19,1560941946194,open,0.09,31.7,0.0505,0.1375,0.09400247,83.58,0.0885,0.0,BTC-26JUL19-9000-P,9133.47,77.93,0.087,15.0,0.092,19.3,81.96,11.3981,-12.91719,-4.72776,0.00016,-0.41464
9342.12,BTC-27SEP19,1560941946207,open,0.0,339.8,0.0005,0.041,0.00096849,108.43,0.002,0.0,BTC-27SEP19-2500-P,9133.47,0.0,0.0,0.0,0.0015,15.0,114.97,0.65057,-0.35315,-0.14126,0.0,-0.00456
9200.14,BTC-28JUN19,1560941946217,open,0.09,54.5,0.052,0.1315,0.09187869,83.58,0.095,0.0,BTC-26JUL19-9500-C,9133.47,84.86,0.0935,5.0,0.0995,14.4,89.59,11.66531,-13.22039,3.83832,0.00016,0.50483
9342.12,BTC-27SEP19,1560941946221,open,0.79,0.0,0.722,0.8645,0.79325295,84.37,None,0.0,BTC-27DEC19-16000-P,9133.47,0.0,0.0055,5.0,1.6215,0.2,500.0,22.82121,-5.04373,-73.82954,6e-05,-0.71796
9342.12,BTC-27SEP19,1560941946225,open,0.0,604.3,0.0005,0.0415,0.00150015,99.74,0.0005,0.0,BTC-27SEP19-3000-P,9133.47,86.76,0.0005,29.9,0.0025,15.0,107.6,0.99827,-0.49847,-0.22711,0.0,-0.00738
9200.14,BTC-28JUN19,1560941946225,open,0.01,14.4,0.0005,0.0455,0.00556362,98.39,0.0045,0.0,BTC-28JUN19-11500-C,9133.47,93.74,0.0045,48.3,0.0065,1.0,102.13,2.21615,-12.28362,0.17586,0.00011,0.08417
9342.12,BTC-27SEP19,1560941946225,open,0.0,419.5,0.0005,0.04,0.00029208,110.0,0.001,0.0,BTC-27SEP19-2000-P,9133.47,0.0,0.0,0.0,0.001,22.3,126.77,0.23936,-0.13181,-0.04597,0.0,-0.00151
9200.14,BTC-28JUN19,1560941946225,open,0.51,216.2,0.471,0.5505,0.510879,119.9,0.508,0.0,BTC-28JUN19-4500-C,9133.47,0.0,0.4,1.0,0.0,0.0,0.0,0.00265,-0.01791,1.09416,0.0,0.99996
9342.12,BTC-27SEP19,1560941946225,open,0.63,261.1,0.5875,0.667,0.62749103,91.64,0.612,0.0,BTC-27SEP19-3500-C,9133.47,0.0,0.161,1.0,0.6485,0.1,150.28,1.42347,-0.65301,9.23939,1e-05,0.98893
9342.12,BTC-27SEP19,1560941946225,open,0.0,75.6,0.0005,0.043,0.0032462,91.63,0.004,0.0,BTC-27SEP19-3750-P,9133.47,84.79,0.002,21.0,0.0045,15.0,97.04,1.95782,-0.89809,-0.49241,1e-05,-0.01602
9342.12,BTC-27SEP19,1560941946236,open,0.53,289.7,0.4855,0.565,0.52534406,86.79,0.51,0.0,BTC-27SEP19-4500-C,9133.47,0.0,0.022,0.1,0.713,5.0,299.12,3.61365,-1.57001,11.28552,2e-05,0.96682
9200.14,BTC-28JUN19,1560941946236,open,0.68,43.6,0.634,0.7135,0.67391907,179.05,0.6755,0.0,BTC-28JUN19-3000-C,9133.47,0.0,0.0035,1.0,0.702,2.0,500.0,0.00103,-0.01037,0.72947,0.0,0.99998
9133.47,index_price,1560941946236,open,0.0,195.9,0.0005,0.04,0.00040212,106.81,0.001,0,BTC-21JUN19-7750-P,9133.47,0.0,0.0,0.0,0.0005,18.4,110.26,0.24084,-3.67276,-0.00699,5e-05,-0.0145
9133.47,index_price,1560941946236,open,0.14,5.2,0.1045,0.196,0.15017257,95.25,0.1905,0,BTC-21JUN19-10500-P,9133.47,0.0,0.0,0.0,0.2015,0.1,362.79,0.34796,-8.83469,-0.52936,9e-05,-0.97767
9200.14,BTC-28JUN19,1560941946236,open,0.15,25.3,0.1045,0.184,0.14415545,83.58,0.151,0.0,BTC-26JUL19-8500-C,9133.47,84.75,0.1455,14.4,0.152,14.4,90.35,10.63246,-12.04991,4.8568,0.00015,0.66668
9200.14,BTC-28JUN19,1560941946236,open,0.2,9.9,0.154,0.25,0.20203839,87.48,0.182,0.0,BTC-26JUL19-10500-P,9133.47,0.0,0.0,0.0,0.0,0.0,0.0,11.0248,-13.07634,-7.74922,0.00015,-0.63167
9342.12,BTC-27SEP19,1560941946236,open,0.04,80.9,0.0005,0.077,0.03744886,92.83,0.0375,0.0,BTC-27DEC19-24000-C,9133.47,91.61,0.0355,6.0,0.04,10.0,94.37,15.20575,-3.69743,5.12374,4e-05,0.14233
9200.14,BTC-28JUN19,1560941946253,open,0.03,1489.4,0.0005,0.0665,0.02659899,93.14,0.028,0.0,BTC-28JUN19-10000-C,9133.47,91.13,0.0255,1.0,0.0285,31.0,96.58,5.04742,-26.48218,0.62965,0.00026,0.30805
9133.47,index_price,1560941946253,open,0.18,20.6,0.139,0.2185,0.17898804,110.0,0.181,0,BTC-21JUN19-7500-C,9133.47,0.0,0.1785,0.1,0.9895,0.1,500.0,0.10422,-3.05594,0.38273,2e-05,0.99443
9342.12,BTC-27SEP19,1560941946253,open,0.04,63.9,0.0015,0.084,0.0427521,80.39,0.0415,0.0,BTC-27DEC19-5500-P,9133.47,78.77,0.0405,6.0,0.0455,6.0,82.33,13.0875,-2.75599,-7.69146,4e-05,-0.11468
9133.47,index_price,1560941946257,open,0.0,181.2,0.0005,0.04,0.00025447,109.36,0.0005,0,BTC-21JUN19-11000-C,9133.47,0.0,0.0,0.0,0.0005,20.0,119.54,0.17193,-2.3242,0.00449,4e-05,0.00983
9342.12,BTC-27SEP19,1560941946275,open,0.03,118.7,0.0005,0.0655,0.02595574,98.57,0.0265,0.0,BTC-27DEC19-30000-C,9133.47,97.4,0.0245,6.0,0.0275,14.0,99.76,11.87406,-3.06583,3.62744,3e-05,0.10021
9200.14,BTC-28JUN19,1560941946284,open,0.35,1684.4,0.3085,0.388,0.34812184,110.09,0.3465,0.0,BTC-28JUN19-6000-C,9133.47,0.0,0.347,6.2,0.349,6.2,132.38,0.20751,-1.28698,1.44719,1e-05,0.995
9200.14,BTC-28JUN19,1560941946291,open,0.02,446.7,0.0005,0.0655,0.02476142,91.33,0.0245,0.0,BTC-28JUN19-8500-P,9133.47,87.86,0.023,5.0,0.0255,0.5,92.77,4.70213,-24.19165,-0.649,0.00025,-0.26533
9342.12,BTC-27SEP19,1560941946291,open,0.14,57.9,0.1005,0.1915,0.14583492,80.4,0.1555,0.0,BTC-27SEP19-9000-P,9133.47,78.98,0.143,5.0,0.1485,4.9,81.74,18.64343,-7.5043,-13.50508,0.0001,-0.38247
9342.12,BTC-27SEP19,1560941946291,open,0.28,3.2,0.2335,0.336,0.28486056,81.14,0.481,0.0,BTC-27SEP19-11000-P,9133.47,78.53,0.2795,3.6,0.289,3.6,83.15,19.20724,-7.80204,-21.81561,0.0001,-0.56854
9200.14,BTC-28JUN19,1560941946295,open,0.0,133.4,0.0005,0.04,0.0,110.0,0.0005,0.0,BTC-28JUN19-3750-P,9133.47,0.0,0.0,0.0,0.0005,12.0,232.84,0.0,-2e-05,0.0,0.0,0.0
9342.12,BTC-27SEP19,1560941946297,open,0.73,55.9,0.6935,0.773,0.73336385,108.44,0.689,0.0,BTC-27SEP19-2500-C,9133.47,0.0,0.0055,10.0,0.9435,5.0,500.0,0.65083,-0.35332,6.69948,0.0,0.99544
9342.12,BTC-27SEP19,1560941946309,open,0.01,308.1,0.0005,0.054,0.01431102,97.0,0.0175,0.0,BTC-27SEP19-22000-C,9133.47,95.19,0.013,6.0,0.016,15.0,99.19,6.96943,-3.38434,1.57026,3e-05,0.07574
9200.14,BTC-28JUN19,1560941946309,open,0.0,990.2,0.0005,0.04,5.92e-06,110.0,0.0005,0.0,BTC-28JUN19-5000-P,9133.47,0.0,0.0,0.0,0.0005,12.0,162.69,0.00758,-0.04695,-0.00032,0.0,-0.00014
9200.14,BTC-28JUN19,1560941946309,open,0.0,539.6,0.0005,0.04,1e-08,110.0,0.0005,0.0,BTC-28JUN19-4000-P,9133.47,0.0,0.0,0.0,0.0005,15.4,217.12,3e-05,-0.00012,0.0,0.0,0.0
9200.14,BTC-28JUN19,1560941946309,open,0.84,33.8,0.797,0.8765,0.83695953,277.95,0.7145,0.0,BTC-28JUN19-1500-C,9133.47,0.0,0.0,0.0,0.8405,2.0,500.0,0.00036,-0.00557,0.36474,0.0,0.99999
9200.14,BTC-28JUN19,1560941946309,open,0.65,0.1,0.607,0.6865,0.64674566,167.26,0.395,0.0,BTC-28JUN19-3250-C,9133.47,0.0,0.0015,1.0,0.6815,2.0,500.0,0.00118,-0.01112,0.79026,0.0,0.99998
9200.14,BTC-28JUN19,1560941946309,open,1.16,0.6,1.087,1.2605,1.17387303,0.0,1.1775,0.0,BTC-28JUN19-20000-P,9133.47,0.0,0.0,0.0,1.2665,2.0,500.0,0.0,0.0,-4.86339,0.0,-1.0
9133.47,index_price,1560941946309,open,0.01,362.7,0.0005,0.0485,0.0087978,81.06,0.01,0,BTC-21JUN19-9500-C,9133.47,77.58,0.008,7.2,0.01,24.0,86.17,2.11727,-45.74829,0.11718,0.00061,0.25847
9200.14,BTC-28JUN19,1560941946309,open,0.02,0.2,0.0005,0.057,0.01709479,94.24,0.0215,0.0,BTC-26JUL19-13500-C,9133.47,91.8,0.0155,24.0,0.019,42.3,97.02,6.15798,-7.8686,1.0415,8e-05,0.12915
9342.12,BTC-27SEP19,1560941946309,open,1.59,0.0,1.5025,1.7105,1.60645339,92.82,None,0.0,BTC-27DEC19-24000-P,9133.47,0.0,0.007,1.0,2.459,0.2,500.0,15.20471,-3.69704,-120.384,4e-05,-0.85769
9342.12,BTC-27SEP19,1560941946309,open,0.11,300.6,0.0665,0.146,0.10621289,82.72,0.1095,0.0,BTC-27DEC19-14000-C,9133.47,81.33,0.1025,23.0,0.11,9.9,84.12,25.10104,-5.43886,12.05756,7e-05,0.35302
9342.12,BTC-27SEP19,1560941946311,open,0.27,12.9,0.2185,0.3195,0.26894126,78.78,0.257,0.0,BTC-27DEC19-10000-P,9133.47,75.64,0.26,3.6,0.2705,3.6,79.32,26.58557,-5.48598,-34.35766,7e-05,-0.43433
9342.12,BTC-27SEP19,1560941946326,open,0.09,73.3,0.051,0.138,0.09454861,78.78,0.0985,0.0,BTC-27DEC19-7000-P,9133.47,76.85,0.0905,4.9,0.0965,4.9,79.7,19.7039,-4.06594,-15.09006,5e-05,-0.21433
9200.14,BTC-28JUN19,1560941946456,open,0.04,14.3,0.0005,0.0785,0.03864841,89.09,0.045,0.0,BTC-26JUL19-11500-C,9133.47,86.99,0.0365,19.3,0.041,19.3,91.36,9.46715,-11.4367,2.04847,0.00012,0.25904
9342.12,BTC-27SEP19,1560941946459,open,0.34,13.2,0.2905,0.3975,0.34414366,79.33,0.321,0.0,BTC-27DEC19-11000-P,9133.47,75.82,0.334,3.6,0.345,3.6,79.63,26.95153,-5.60098,-41.19905,7e-05,-0.49916
270.05,ETH-28JUN19,1560941946452,open,0.01,5203.0,0.001,0.052,0.012258,100.94,0.013,0.0,ETH-28JUN19-320-C,267.48,94.76,0.01,749.0,0.014,120.0,105.47,0.10194,-0.57967,0.00962,0.0057,0.15877
9133.47,index_price,1560941946473,open,0.03,212.4,0.0005,0.07,0.03035008,78.51,0.0325,0,BTC-21JUN19-9000-C,9133.47,79.06,0.0305,6.6,0.033,18.0,88.14,2.5047,-52.41855,0.27393,0.00074,0.61398
9200.14,BTC-28JUN19,1560941946482,open,0.1,130.5,0.061,0.1405,0.10086545,91.33,0.11,0.0,BTC-28JUN19-8500-C,9133.47,87.66,0.099,5.0,0.1035,6.0,96.45,4.70222,-24.19369,1.41792,0.00025,0.73466
270.05,ETH-28JUN19,1560941946482,open,0.03,19.0,0.001,0.069,0.028474,97.36,0.025,0.0,ETH-28JUN19-250-P,267.48,90.65,0.025,192.0,0.03,466.0,100.23,0.14166,-0.77691,-0.02023,0.0082,-0.27959
270.05,ETH-28JUN19,1560941946494,open,0.01,1385.0,0.001,0.05,0.010426,97.35,0.012,0.0,ETH-28JUN19-230-P,267.48,86.09,0.007,245.0,0.011,567.0,99.07,0.08839,-0.48474,-0.00913,0.00512,-0.12854
270.05,ETH-28JUN19,1560941946501,open,0.06,393.0,0.021,0.1,0.060556,97.27,0.067,0.0,ETH-28JUN19-270-C,267.48,93.17,0.058,5.0,0.064,421.0,102.85,0.1675,-0.9178,0.03088,0.00971,0.53071
270.05,ETH-28JUN19,1560941946514,open,0.0,5396.0,0.001,0.042,0.002711,97.35,0.001,0.0,ETH-28JUN19-210-P,267.48,81.43,0.001,201.0,0.003,303.0,99.36,0.03745,-0.20536,-0.00291,0.00217,-0.04158
9342.12,BTC-27SEP19,1560941946515,open,0.51,0.5,0.4545,0.5755,0.51503445,81.99,0.584,0.0,BTC-27DEC19-13000-P,9133.47,76.18,0.499,3.6,0.512,3.6,80.9,26.04995,-5.59452,-54.61612,7e-05,-0.6029
270.05,ETH-28JUN19,1560941946516,open,0.1,0.0,0.064,0.151,0.107461,99.15,None,0.0,ETH-28JUN19-290-P,267.48,91.31,0.103,100.0,0.11,300.0,103.48,0.15608,-0.87179,-0.0497,0.00888,-0.64939
270.05,ETH-28JUN19,1560941946524,open,0.04,595.0,0.001,0.073,0.033586,99.08,0.032,0.0,ETH-28JUN19-290-C,267.48,92.85,0.03,483.0,0.036,120.0,103.26,0.15606,-0.87106,0.02081,0.00888,0.35048
270.05,ETH-28JUN19,1560941946531,open,0.13,1011.0,0.09,0.169,0.129148,97.28,0.122,0.0,ETH-28JUN19-240-C,267.48,89.87,0.126,200.0,0.131,120.0,101.57,0.11671,-0.63959,0.04427,0.00677,0.80331
270.05,ETH-28JUN19,1560941946571,open,0.16,0.0,0.119,0.198,0.158732,97.26,None,0.0,ETH-28JUN19-230-C,267.48,88.52,0.156,183.0,0.161,100.0,104.02,0.08829,-0.48372,0.04682,0.00512,0.87167
270.05,ETH-28JUN19,1560941946581,open,0.06,20.0,0.018,0.102,0.060371,97.33,0.052,0.0,ETH-28JUN19-270-P,267.48,90.25,0.056,395.0,0.063,100.0,101.53,0.1675,-0.91836,-0.03478,0.0097,-0.46927
270.05,ETH-28JUN19,1560941946591,open,0.0,6059.0,0.001,0.04,0.000782,109.96,0.001,0.0,ETH-28JUN19-400-C,267.48,0.0,0.0,0.0,0.002,575.0,125.75,0.01476,-0.09144,0.00085,0.00076,0.01371
270.05,ETH-28JUN19,1560941946596,open,0.01,4850.0,0.001,0.045,0.005586,97.35,0.007,0.0,ETH-28JUN19-220-P,267.48,84.13,0.003,120.0,0.006,300.0,99.15,0.06076,-0.33323,-0.00542,0.00352,-0.07691
270.05,ETH-28JUN19,1560941946615,open,0.08,506.0,0.04,0.125,0.082611,98.74,0.097,0.0,ETH-28JUN19-280-P,267.48,91.18,0.078,100.0,0.085,319.0,102.59,0.16592,-0.92293,-0.04238,0.00948,-0.56277
270.05,ETH-28JUN19,1560941946621,open,0.2,1521.0,0.151,0.23,0.190922,97.22,0.181,0.0,ETH-28JUN19-220-C,267.48,82.03,0.188,202.0,0.193,218.0,105.91,0.06061,-0.33193,0.0481,0.00352,0.92334
270.05,ETH-28JUN19,1560941946626,open,0.2,1521.0,0.151,0.23,0.190922,97.22,0.181,0.0,ETH-28JUN19-220-C,267.48,82.03,0.188,202.0,0.193,201.0,105.91,0.06061,-0.33193,0.0481,0.00352,0.92334
277.19,ETH-27SEP19,1560941946632,open,0.0,389.0,0.001,0.04,0.000313,110.0,0.002,0.0,ETH-27SEP19-60-P,267.48,0.0,0.0,0.0,0.002,382.0,138.5,0.00752,-0.00414,-0.00145,3e-05,-0.0016
277.19,ETH-27SEP19,1560941946664,open,0.24,85.0,0.199,0.298,0.248388,95.21,0.262,0.0,ETH-27SEP19-300-P,267.48,89.72,0.237,283.0,0.255,36.0,98.38,0.57611,-0.2746,-0.54039,0.00288,-0.46405
277.19,ETH-27SEP19,1560941946794,open,0.24,85.0,0.199,0.298,0.248388,95.21,0.262,0.0,ETH-27SEP19-300-P,267.48,89.72,0.237,36.0,0.255,36.0,98.38,0.57611,-0.2746,-0.54039,0.00288,-0.46405
277.19,ETH-27SEP19,1560941947025,open,0.16,813.0,0.115,0.207,0.16068,95.01,0.169,0.0,ETH-27SEP19-260-P,267.48,91.56,0.154,200.0,0.165,148.0,97.22,0.53871,-0.25623,-0.38961,0.0027,-0.35297
277.19,ETH-27SEP19,1560941947127,open,0.2,626.0,0.155,0.25,0.202332,95.01,0.181,0.0,ETH-27SEP19-280-P,267.48,90.91,0.194,100.0,0.208,48.0,97.79,0.56359,-0.26807,-0.46426,0.00282,-0.40974
277.19,ETH-27SEP19,1560941947145,open,0.2,626.0,0.155,0.25,0.202332,95.01,0.181,0.0,ETH-27SEP19-280-P,267.48,90.91,0.194,100.0,0.208,148.0,97.79,0.56359,-0.26807,-0.46426,0.00282,-0.40974
277.19,ETH-27SEP19,1560941947262,open,0.12,1666.0,0.079,0.168,0.123448,95.01,0.11,0.0,ETH-27SEP19-240-P,267.48,91.43,0.117,212.0,0.126,148.0,96.41,0.50042,-0.23801,-0.31752,0.00251,-0.29516
277.19,ETH-27SEP19,1560941947430,open,0.11,1444.0,0.071,0.15,0.110789,97.45,0.11,0.0,ETH-27SEP19-360-C,267.48,95.08,0.106,150.0,0.115,277.0,99.54,0.55954,-0.27299,0.21804,0.00273,0.39825
277.19,ETH-27SEP19,1560941947556,open,0.0,389.0,0.001,0.04,0.000313,110.0,0.002,0.0,ETH-27SEP19-60-P,267.48,0.0,0.0,0.0,0.002,383.0,138.5,0.00752,-0.00414,-0.00145,3e-05,-0.0016
267.48,index_price,1560941947559,open,0.01,962.0,0.001,0.05,0.010822,96.6,0.01,0,ETH-21JUN19-280-C,267.48,88.74,0.009,1.0,0.013,379.0,105.73,0.06289,-1.61932,0.0035,0.01771,0.26567
270.04,ETH-28JUN19,1560941947570,open,0.02,534.0,0.001,0.057,0.017274,100.13,0.019,0.0,ETH-28JUN19-310-C,267.48,94.97,0.015,725.0,0.016,30.0,97.27,0.12143,-0.68496,0.01267,0.00684,0.2102
270.05,ETH-28JUN19,1560941947616,open,0.01,5203.0,0.001,0.052,0.012258,100.94,0.013,0.0,ETH-28JUN19-320-C,267.48,94.76,0.01,748.0,0.014,120.0,105.47,0.10194,-0.57967,0.00962,0.0057,0.15877
267.48,index_price,1560941947628,open,0.01,260.0,0.001,0.054,0.013747,89.82,0.013,0,ETH-21JUN19-260-P,267.48,78.89,0.011,162.0,0.015,452.0,94.65,0.06841,-1.63803,-0.00456,0.02071,-0.31822
267.48,index_price,1560941947633,open,0.01,260.0,0.001,0.054,0.013747,89.82,0.013,0,ETH-21JUN19-260-P,267.48,78.89,0.011,162.0,0.015,453.0,94.65,0.06841,-1.63803,-0.00456,0.02071,-0.31822
270.05,ETH-28JUN19,1560941947649,open,0.0,6613.0,0.001,0.043,0.003082,105.48,0.004,0.0,ETH-28JUN19-360-C,267.48,97.65,0.002,251.0,0.004,100.0,110.97,0.04196,-0.24936,0.00294,0.00224,0.0479
267.48,index_price,1560941947652,open,0.01,1945.0,0.001,0.044,0.004351,96.76,0.004,0,ETH-21JUN19-290-C,267.48,87.16,0.003,221.0,0.006,1058.0,107.02,0.04036,-1.04113,0.00171,0.01135,0.12909
267.48,index_price,1560941947653,open,0.01,1945.0,0.001,0.044,0.004351,96.76,0.004,0,ETH-21JUN19-290-C,267.48,87.16,0.003,221.0,0.006,1060.0,107.02,0.04036,-1.04113,0.00171,0.01135,0.12909
267.48,index_price,1560941947665,open,0.0,1293.0,0.001,0.041,0.001345,92.54,0.001,0,ETH-21JUN19-240-P,267.48,0.0,0.0,0.0,0.002,211.0,100.75,0.01906,-0.36017,-0.00067,0.0056,-0.04773
270.05,ETH-28JUN19,1560941947666,open,0.08,2077.0,0.04,0.119,0.079817,97.3,0.077,0.0,ETH-28JUN19-260-C,267.48,90.85,0.076,318.0,0.083,120.0,102.72,0.15932,-0.87326,0.03598,0.00923,0.62772
