underlying_price,underlying_index,timestamp,state,settlement_price,open_interest,min_price,max_price,mark_price,mark_iv,last_price,interest_rate,instrument_name,index_price,bid_iv,best_bid_price,best_bid_amount,best_ask_price,best_ask_amount,ask_iv,vega,theta,rho,gamma,delta
250.78,index_price,1558349940019,open,0.0,555.0,0.001,0.042,0.002422,108.44,0.005,0,ETH-31MAY19-180-P,250.78,0.0,0.0,0.0,0.002,60.0,104.75,0.03032,-0.15118,-0.0025,0.00149,-0.03107
8023.37,BTC-28JUN19,1558349940130,open,0.53,10.0,0.4625,0.5835,0.52298344,108.53,1.243,0.0,BTC-28JUN19-12000-P,7931.08,0.0,0.0,0.0,0.996,1.0,500.0,6.59275,-9.20235,-11.57344,9e-05,-0.83133
8023.37,BTC-28JUN19,1558349940130,open,0.63,43.8,0.5875,0.667,0.62712185,132.63,0.6,0.0,BTC-28JUN19-3000-C,7931.08,0.0,0.002,1.0,0.812,2.0,500.0,0.47155,-0.80438,3.13175,1e-05,0.9936
7931.08,index_price,1558349940129,open,0.14,0.0,0.0925,0.183,0.13797462,104.29,None,0,BTC-31MAY19-8750-P,7931.08,88.63,0.1285,18.0,0.1365,18.0,101.9,4.92267,-23.60179,-1.92298,0.00025,-0.67575
7931.08,index_price,1558349940130,open,0.0,241.1,0.0005,0.04,7.831e-05,135.0,0.0005,0,BTC-31MAY19-4000-P,7931.08,0.0,0.0,0.0,0.0005,13.9,163.46,0.05155,-0.31992,-0.00285,0.0,-0.00113
8023.37,BTC-28JUN19,1558349940131,open,0.08,482.5,0.0445,0.124,0.0841967,99.38,0.08,0.0,BTC-28JUN19-9000-C,7931.08,96.87,0.081,28.5,0.089,15.1,103.13,10.25542,-13.10778,2.90268,0.00015,0.42387
8058.42,BTC-27SEP19,1558349940131,open,0.81,0.0,0.7325,0.8765,0.8046515,96.94,None,0.0,BTC-27SEP19-14000-P,7931.08,0.0,0.0065,0.1,1.56,0.3,499.8,15.36249,-5.73359,-44.50012,7e-05,-0.74729
8023.36,BTC-28JUN19,1558349940132,open,0.01,295.5,0.0005,0.048,0.00776815,107.0,0.007,0.0,BTC-28JUN19-4750-P,7931.08,104.54,0.007,24.0,0.009,13.2,110.71,2.56559,-3.53082,-0.46713,3e-05,-0.04689
8058.42,BTC-27SEP19,1558349940130,open,0.64,0.0,0.6045,0.684,0.64414283,92.66,None,0.0,BTC-27DEC19-3000-C,7931.08,0.0,0.006,10.0,0.9885,0.5,500.0,5.58792,-1.17208,15.31957,2e-05,0.9583
7931.08,index_price,1558349940131,open,0.07,29.1,0.026,0.111,0.0684212,108.61,0.0705,0,BTC-24MAY19-8250-P,7931.08,96.0,0.0635,0.8,0.0665,0.8,103.71,3.12038,-43.72255,-0.5768,0.00043,-0.6165
8058.42,BTC-27SEP19,1558349940132,open,0.48,3.2,0.4195,0.537,0.47819686,92.59,0.481,0.0,BTC-27SEP19-11000-P,7931.08,0.0,0.0065,0.1,1.207,0.3,500.0,18.40174,-6.55941,-31.28997,9e-05,-0.61304
8058.42,BTC-27SEP19,1558349940131,open,0.49,6.6,0.455,0.5345,0.49494733,87.45,0.498,0.0,BTC-27DEC19-4500-C,7931.08,0.0,0.26,1.4,0.6865,0.1,201.75,12.22258,-2.41964,18.98516,4e-05,0.88427
8023.36,BTC-28JUN19,1558349940133,open,0.01,444.0,0.0005,0.051,0.01146744,118.18,0.0115,0.0,BTC-28JUN19-15000-C,7931.08,114.93,0.01,24.0,0.0125,3.5,120.33,3.76051,-5.71577,0.55519,5e-05,0.07644
8023.36,BTC-28JUN19,1558349940133,open,0.0,857.0,0.0005,0.041,0.00102957,132.63,0.001,0.0,BTC-28JUN19-3000-P,7931.08,0.0,0.0,0.0,0.0015,2.2,139.65,0.47155,-0.80438,-0.06351,1e-05,-0.0064
8058.41,BTC-27SEP19,1558349940130,open,0.03,81.7,0.0005,0.0665,0.02580464,90.53,0.0335,0.0,BTC-27DEC19-3500-P,7931.08,87.53,0.023,10.0,0.0295,5.0,94.31,7.68408,-1.57481,-4.29326,2e-05,-0.06224
8058.41,BTC-27SEP19,1558349940133,open,0.52,233.5,0.4825,0.562,0.52244229,93.08,0.5435,0.0,BTC-27SEP19-4000-C,7931.08,0.0,0.165,2.0,0.548,2.0,122.38,5.86688,-2.10243,11.91867,3e-05,0.93811
8058.41,BTC-27SEP19,1558349940133,open,0.7,0.0,0.6255,0.7605,0.69280166,95.72,None,0.0,BTC-27SEP19-13000-P,7931.08,0.0,0.0065,0.1,1.4425,0.3,500.0,16.46573,-6.06746,-40.21122,7e-05,-0.70957
7931.08,index_price,1558349940130,open,0.4,0.0,0.3615,0.441,0.40109411,136.92,0.2,0,BTC-24MAY19-4750-C,7931.08,0.0,0.0055,0.2,0.433,0.1,495.01,0.00342,-0.06042,0.50428,0.0,0.99989
8023.36,BTC-28JUN19,1558349940133,open,0.5,322.4,0.465,0.5445,0.50471673,115.08,0.451,0.0,BTC-28JUN19-4000-C,7931.08,0.0,0.0605,2.1,0.68,0.5,436.59,1.30084,-1.92531,4.05631,2e-05,0.97938
8058.41,BTC-27SEP19,1558349940134,open,0.01,374.8,0.0005,0.051,0.01091815,94.16,0.0155,0.0,BTC-27SEP19-3500-P,7931.08,87.88,0.008,15.0,0.0135,4.1,99.05,4.03544,-1.46291,-1.42376,2e-05,-0.03874
8058.41,BTC-27SEP19,1558349940134,open,1.28,1.0,1.182,1.363,1.27258439,102.38,1.5815,0.0,BTC-27SEP19-18000-P,7931.08,0.0,0.0065,0.1,2.035,0.3,499.67,11.50871,-4.53624,-60.68703,5e-05,-0.84388
8023.36,BTC-28JUN19,1558349940134,open,0.0,394.3,0.0005,0.042,0.0020232,124.69,0.002,0.0,BTC-28JUN19-3500-P,7931.08,112.72,0.001,10.0,0.003,3.4,132.84,0.84602,-1.35679,-0.12392,1e-05,-0.01248
8023.36,BTC-28JUN19,1558349940134,open,0.13,93.0,0.0815,0.171,0.12606624,98.51,0.121,0.0,BTC-28JUN19-8000-P,7931.08,95.34,0.122,14.4,0.131,15.2,102.35,10.29668,-13.04529,-4.77395,0.00015,-0.43258
8023.36,BTC-28JUN19,1558349940135,open,0.41,97.0,0.376,0.4555,0.41574906,107.01,0.1965,0.0,BTC-28JUN19-4750-C,7931.08,0.0,0.121,1.0,0.6885,2.0,500.0,2.56596,-3.53156,4.59195,3e-05,0.9531
8023.36,BTC-28JUN19,1558349940135,open,0.01,226.5,0.0005,0.046,0.00607563,110.22,0.012,0.0,BTC-28JUN19-4500-P,7931.08,105.92,0.005,24.0,0.0075,20.0,115.32,2.11409,-2.99684,-0.36748,3e-05,-0.03693
7931.08,index_price,1558349940132,open,0.24,0.0,0.1845,0.2825,0.23347543,131.3,None,0,BTC-24MAY19-9750-P,7931.08,0.0,0.003,1.0,0.274,0.3,281.18,1.12562,-19.0669,-0.97783,0.00013,-0.92764
8023.36,BTC-28JUN19,1558349940135,open,0.69,24.4,0.649,0.7285,0.68871398,135.02,0.5115,0.0,BTC-28JUN19-2500-C,7931.08,0.0,0.0025,0.5,0.8335,1.0,500.0,0.17161,-0.29801,2.64239,0.0,0.99793
7931.08,index_price,1558349940130,open,0.02,163.2,0.0005,0.0625,0.02180305,99.16,0.0175,0,BTC-31MAY19-7000-P,7931.08,94.44,0.0195,25.0,0.023,24.0,101.57,3.9178,-17.86117,-0.54188,0.00021,-0.2075
8058.41,BTC-27SEP19,1558349940130,open,0.82,0.0,0.7775,0.857,0.81730043,111.3,None,0.0,BTC-27DEC19-1500-C,7931.08,0.0,0.0245,10.0,0.992,0.5,500.0,1.49123,-0.37572,8.48104,0.0,0.99122
8058.41,BTC-27SEP19,1558349940134,open,0.32,57.2,0.2755,0.355,0.31526662,85.85,0.301,0.0,BTC-27DEC19-7000-C,7931.08,82.95,0.3075,5.0,0.3265,5.0,90.06,21.55981,-4.19015,19.10475,6e-05,0.70704
7931.08,index_price,1558349940134,open,0.49,9.0,0.456,0.5355,0.49573402,135.1,0.249,0,BTC-31MAY19-4000-C,7931.08,0.0,0.0165,0.2,0.0,0.0,0.0,0.05187,-0.32215,1.18898,0.0,0.99886
7931.08,index_price,1558349940133,open,0.05,48.0,0.006,0.089,0.04740542,104.01,0.056,0,BTC-24MAY19-8000-P,7931.08,96.93,0.0445,0.8,0.047,0.8,103.02,3.2592,-43.73063,-0.47012,0.00047,-0.51083
8058.41,BTC-27SEP19,1558349940134,open,0.64,1.3,0.569,0.6995,0.6341417,89.43,0.6035,0.0,BTC-27DEC19-12000-P,7931.08,80.69,0.608,3.6,0.641,3.6,91.69,24.38584,-4.93668,-59.63796,7e-05,-0.58884
8058.41,BTC-27SEP19,1558349940131,open,0.05,115.4,0.0115,0.0955,0.05336945,87.45,0.07,0.0,BTC-27DEC19-4500-P,7931.08,85.21,0.05,10.0,0.058,5.0,90.47,12.22258,-2.41964,-8.2461,4e-05,-0.11573
7931.08,index_price,1558349940130,open,0.01,288.8,0.0005,0.047,0.0071073,121.34,0.008,0,BTC-24MAY19-9250-C,7931.08,123.21,0.0075,2.2,0.008,30.0,125.53,1.6487,-25.80909,0.09629,0.0002,0.12145
8058.41,BTC-27SEP19,1558349940137,open,0.82,42.8,0.7755,0.855,0.81506863,124.19,0.815,0.0,BTC-27SEP19-1500-C,7931.08,0.0,0.0,0.0,0.0,0.0,0.0,0.58803,-0.28113,5.1838,0.0,0.99585
7931.08,index_price,1558349940135,open,0.0,190.8,0.0005,0.041,0.00140928,124.56,0.002,0,BTC-24MAY19-6250-P,7931.08,117.61,0.001,95.0,0.002,13.3,132.71,0.51613,-8.29392,-0.02428,6e-05,-0.02743
8058.41,BTC-27SEP19,1558349940130,open,1.55,0.0,1.445,1.6485,1.54664135,97.81,None,0.0,BTC-27DEC19-20000-P,7931.08,0.0,0.006,5.0,2.402,0.2,500.0,17.95224,-3.97494,-114.05496,5e-05,-0.79225
8058.41,BTC-27SEP19,1558349940130,open,0.26,118.0,0.224,0.3035,0.26355188,85.61,0.259,0.0,BTC-27DEC19-8000-C,7931.08,83.38,0.257,5.0,0.271,5.0,88.16,23.57239,-4.56835,18.09128,7e-05,0.63454
7931.08,index_price,1558349940131,open,0.0,100.7,0.0005,0.04,2.798e-05,135.0,0.0005,0,BTC-31MAY19-3750-P,7931.08,0.0,0.0,0.0,0.0005,4.7,177.68,0.02129,-0.13215,-0.00109,0.0,-0.00043
8058.41,BTC-27SEP19,1558349940136,open,0.41,56.9,0.373,0.4525,0.41255702,86.1,0.436,0.0,BTC-27DEC19-5500-C,7931.08,0.0,0.006,10.0,0.484,0.5,120.06,16.60246,-3.2361,19.73768,5e-05,0.81731
7931.08,index_price,1558349940133,open,0.22,15.0,0.168,0.265,0.21648684,109.41,0.1805,0,BTC-31MAY19-9500-P,7931.08,0.0,0.002,1.1,0.0,0.0,0.0,3.76888,-18.9568,-2.41509,0.00018,-0.80548
7931.08,index_price,1558349940130,open,0.01,35.6,0.0005,0.0465,0.00681862,123.69,0.006,0,BTC-31MAY19-11000-C,7931.08,118.1,0.0055,30.0,0.0085,30.0,130.05,1.97783,-11.24692,0.16593,9e-05,0.07703
8058.41,BTC-27SEP19,1558349940138,open,0.6,0.0,0.565,0.6445,0.60491632,95.36,None,0.0,BTC-27SEP19-3250-C,7931.08,0.0,0.0075,0.1,0.627,1.0,133.38,3.2712,-1.20098,10.46816,1e-05,0.96999
7931.08,index_price,1558349940134,open,0.0,390.1,0.0005,0.04,0.00019369,135.0,0.0005,0,BTC-31MAY19-4250-P,7931.08,0.0,0.0,0.0,0.001,14.9,164.14,0.11029,-0.68451,-0.00661,0.0,-0.00261
7931.08,index_price,1558349940132,open,0.22,307.6,0.179,0.2585,0.21896452,104.68,0.1635,0,BTC-31MAY19-6250-C,7931.08,0.0,0.0125,6.0,0.48,1.0,500.0,2.02509,-9.74581,1.65792,0.0001,0.92053
7931.08,index_price,1558349940133,open,0.27,8.1,0.2355,0.315,0.27542205,134.99,0.2925,0,BTC-24MAY19-5750-C,7931.08,0.0,0.0035,0.7,0.309,0.1,362.75,0.19129,-3.3313,0.60294,2e-05,0.99138
7931.08,index_price,1558349940130,open,0.19,0.0,0.1415,0.2365,0.18898843,107.25,None,0,BTC-31MAY19-9250-P,7931.08,0.0,0.0,0.0,0.0,0.0,0.0,4.15842,-20.50358,-2.26594,0.00021,-0.76986
8058.41,BTC-27SEP19,1558349940137,open,0.14,84.5,0.1055,0.185,0.14501604,89.43,0.1475,0.0,BTC-27DEC19-12000-C,7931.08,87.77,0.14,10.0,0.1505,10.0,91.24,24.38588,-4.93672,12.97874,7e-05,0.41117
8058.41,BTC-27SEP19,1558349940133,open,0.07,72.8,0.025,0.1045,0.06476525,97.81,0.068,0.0,BTC-27DEC19-20000-C,7931.08,95.64,0.06,10.0,0.069,0.1,99.69,17.95256,-3.97506,6.97298,5e-05,0.20776
8058.41,BTC-27SEP19,1558349940133,open,0.06,32.3,0.016,0.0955,0.0555267,99.47,0.057,0.0,BTC-27DEC19-22000-C,7931.08,97.48,0.0515,10.0,0.0625,14.9,102.79,16.51443,-3.71865,6.12558,4e-05,0.18114
7931.08,index_price,1558349940133,open,0.01,398.5,0.0005,0.045,0.00519278,125.28,0.005,0,BTC-24MAY19-9500-C,7931.08,124.12,0.005,2.6,0.006,31.0,129.89,1.3397,-21.65187,0.07239,0.00016,0.09115
7931.08,index_price,1558349940136,open,0.02,129.0,0.0005,0.055,0.01473136,99.38,0.013,0,BTC-31MAY19-6750-P,7931.08,96.32,0.0135,24.0,0.017,24.0,104.83,3.22756,-14.74708,-0.39524,0.00017,-0.15252
7931.08,index_price,1558349940132,open,0.15,14.3,0.113,0.1925,0.15282609,111.89,0.1475,0,BTC-24MAY19-6750-C,7931.08,113.1,0.153,6.4,0.157,0.4,136.39,1.12931,-16.30119,0.65225,0.00015,0.92733
7931.08,index_price,1558349940132,open,0.28,301.7,0.2385,0.318,0.27820491,111.47,0.198,0,BTC-31MAY19-5750-C,7931.08,0.0,0.1005,1.0,0.3025,3.0,199.72,1.14527,-5.86914,1.61459,5e-05,0.96143
7931.08,index_price,1558349940131,open,0.0,939.5,0.0005,0.0415,0.00165749,122.51,0.001,0,BTC-31MAY19-5250-P,7931.08,103.07,0.0005,43.8,0.003,42.6,135.85,0.65897,-3.71153,-0.05085,3e-05,-0.01986
7931.08,index_price,1558349940132,open,0.12,37.8,0.0705,0.1595,0.1149817,103.39,0.107,0,BTC-31MAY19-8500-P,7931.08,88.82,0.1055,18.0,0.1135,18.0,101.13,5.22296,-24.82522,-1.73102,0.00027,-0.61751
8058.41,BTC-27SEP19,1558349940132,open,0.74,0.0,0.672,0.8105,0.74124258,90.57,None,0.0,BTC-27DEC19-13000-P,7931.08,0.0,0.008,3.0,1.548,0.3,500.0,23.71072,-4.8615,-66.76862,7e-05,-0.62796
7931.08,index_price,1558349940134,open,0.43,20.2,0.3935,0.473,0.43304361,135.02,0.2355,0,BTC-31MAY19-4500-C,7931.08,0.0,0.0055,0.5,0.0,0.0,0.0,0.21254,-1.31931,1.32702,1e-05,0.99458
7931.08,index_price,1558349940130,open,0.4,0.0,0.3385,0.4495,0.39376543,123.68,None,0,BTC-31MAY19-11000-P,7931.08,0.0,0.0,0.0,0.0,0.0,0.0,1.97757,-11.24478,-3.1117,9e-05,-0.92298
7931.08,index_price,1558349940135,open,0.3,0.0,0.267,0.3465,0.30667972,135.08,None,0,BTC-24MAY19-5500-C,7931.08,0.0,0.0505,2.0,0.3395,0.1,391.95,0.08533,-1.48696,0.58095,1e-05,0.99653
7931.08,index_price,1558349940138,open,0.12,60.0,0.0845,0.164,0.1244585,108.98,0.118,0,BTC-24MAY19-7000-C,7931.08,109.18,0.1245,0.5,0.1285,0.5,126.8,1.64799,-23.1703,0.63512,0.00023,0.87863
7931.08,index_price,1558349940139,open,0.37,80.9,0.331,0.4105,0.3706247,126.13,0.4,0,BTC-31MAY19-5000-C,7931.08,0.0,0.072,2.0,0.3945,10.0,251.06,0.45661,-2.64778,1.45673,2e-05,0.98705
7931.08,index_price,1558349940137,open,0.0,480.7,0.0005,0.045,0.0048217,108.25,0.0035,0,BTC-31MAY19-6000-P,7931.08,100.94,0.0035,30.0,0.0065,32.9,116.2,1.55111,-7.71954,-0.14442,8e-05,-0.05629
259.93,ETH-27SEP19,1558349940141,open,1.08,0.0,0.982,1.146,1.063653,107.88,None,0.0,ETH-27SEP19-520-P,250.76,0.0,0.0,0.0,0.0,0.0,0.0,0.46486,-0.19306,-1.70068,0.00179,-0.77513
8058.41,BTC-27SEP19,1558349940137,open,0.01,178.6,0.0005,0.0505,0.01055758,97.33,0.0125,0.0,BTC-27DEC19-2500-P,7931.08,90.5,0.0075,10.0,0.014,10.0,103.91,3.92557,-0.86491,-1.83883,1e-05,-0.02715
254.61,ETH-28JUN19,1558349940142,open,0.25,2133.0,0.217,0.296,0.256071,103.73,0.243,0.0,ETH-28JUN19-200-C,250.76,93.16,0.247,140.0,0.257,140.0,104.78,0.2246,-0.29965,0.15055,0.00314,0.81122
254.61,ETH-28JUN19,1558349940142,open,0.46,0.0,0.397,0.512,0.454751,113.3,None,0.0,ETH-28JUN19-360-P,250.76,0.0,0.0,0.0,0.0,0.0,0.0,0.24987,-0.36411,-0.3332,0.00319,-0.77394
250.76,index_price,1558349940142,open,0.01,597.0,0.001,0.047,0.007835,120.03,0.009,0,ETH-24MAY19-290-C,250.76,111.27,0.006,224.0,0.009,500.0,125.15,0.05545,-0.85861,0.00333,0.00692,0.13272
250.76,index_price,1558349940141,open,0.01,969.0,0.001,0.052,0.012713,117.97,0.012,0,ETH-24MAY19-280-C,250.76,111.87,0.011,205.0,0.015,402.0,125.72,0.07204,-1.09636,0.00495,0.00915,0.19862
250.76,index_price,1558349940141,open,0.13,2.0,0.085,0.174,0.12923,117.66,0.17,0,ETH-24MAY19-280-P,250.76,78.51,0.12,100.0,0.128,100.0,113.3,0.07188,-1.09111,-0.0248,0.00915,-0.80209
250.76,index_price,1558349940141,open,0.21,50.0,0.153,0.248,0.200777,119.88,0.23,0,ETH-24MAY19-300-P,250.76,0.0,0.191,100.0,0.198,100.0,97.58,0.03926,-0.60713,-0.02978,0.0049,-0.91767
259.91,ETH-27SEP19,1558349940142,open,0.19,1232.0,0.138,0.232,0.184841,98.01,0.159,0.0,ETH-27SEP19-240-P,250.76,94.4,0.177,80.0,0.192,98.0,101.31,0.56423,-0.2129,-0.47992,0.00239,-0.33409
259.91,ETH-27SEP19,1558349940142,open,0.02,7287.0,0.001,0.057,0.016762,98.02,0.023,0.0,ETH-27SEP19-120-P,250.76,91.87,0.013,100.0,0.018,93.0,99.9,0.16811,-0.06344,-0.06475,0.00071,-0.05325
259.91,ETH-27SEP19,1558349940142,open,0.05,0.0,0.015,0.094,0.054726,109.57,None,0.0,ETH-27SEP19-560-C,250.76,106.68,0.05,147.0,0.059,80.0,112.11,0.43187,-0.18218,0.13281,0.00164,0.19833
254.59,ETH-28JUN19,1558349940143,open,0.02,5511.0,0.001,0.056,0.015587,103.72,0.01,0.0,ETH-28JUN19-170-P,250.76,94.16,0.011,150.0,0.015,70.0,102.57,0.13104,-0.1748,-0.02769,0.00183,-0.08654
259.91,ETH-27SEP19,1558349940143,open,0.0,1723.0,0.001,0.043,0.003452,102.92,0.003,0.0,ETH-27SEP19-80-P,250.76,85.74,0.001,196.0,0.006,236.0,113.65,0.0519,-0.02056,-0.01521,0.00021,-0.013
254.59,ETH-28JUN19,1558349940143,open,0.0,9841.0,0.001,0.044,0.003853,103.72,0.005,0.0,ETH-28JUN19-140-P,250.76,83.55,0.001,676.0,0.004,69.0,104.45,0.05089,-0.06789,-0.00821,0.00071,-0.02644
250.76,index_price,1558349940141,open,0.0,328.0,0.001,0.041,0.001164,130.44,0.003,0,ETH-24MAY19-330-C,250.76,0.0,0.0,0.0,0.002,568.0,142.4,0.01464,-0.24635,0.00061,0.00168,0.02409
250.76,index_price,1558349940142,open,0.22,0.0,0.168,0.264,0.216279,111.55,None,0,ETH-31MAY19-300-P,250.76,68.46,0.2,100.0,0.215,100.0,108.89,0.12188,-0.62502,-0.07579,0.00583,-0.79809
254.59,ETH-28JUN19,1558349940143,open,0.26,51.0,0.207,0.306,0.25667,107.29,0.226,0.0,ETH-28JUN19-300-P,250.76,100.29,0.248,240.0,0.261,240.0,110.75,0.31748,-0.43807,-0.2365,0.00429,-0.6155
259.91,ETH-27SEP19,1558349940144,open,0.52,81.0,0.455,0.575,0.514673,101.48,0.541,0.0,ETH-27SEP19-360-P,250.76,97.71,0.506,60.0,0.527,60.0,106.78,0.6016,-0.23502,-1.02449,0.00247,-0.5931
254.59,ETH-28JUN19,1558349940144,open,0.57,10.0,0.529,0.608,0.568954,114.24,0.265,0.0,ETH-28JUN19-110-C,250.76,0.0,0.028,1.0,0.0,0.0,0.0,0.01701,-0.02499,0.11488,0.00022,0.9926
250.76,index_price,1558349940142,open,0.0,594.0,0.001,0.042,0.00248,120.57,0.003,0,ETH-24MAY19-310-C,250.76,102.91,0.001,82.0,0.004,500.0,133.02,0.02665,-0.41458,0.00127,0.00331,0.05001
250.76,index_price,1558349940141,open,0.01,0.0,0.001,0.045,0.005554,112.09,None,0,ETH-31MAY19-340-C,250.76,92.39,0.002,100.0,0.007,56.0,117.96,0.05804,-0.2991,0.00481,0.00276,0.06988
254.59,ETH-28JUN19,1558349940144,open,0.0,4824.0,0.001,0.041,0.000987,113.73,0.003,0.0,ETH-28JUN19-110-P,250.76,0.0,0.0,0.0,0.002,391.0,125.79,0.01662,-0.02432,-0.00222,0.00021,-0.00721
250.76,index_price,1558349940143,open,0.07,3.0,0.035,0.114,0.074212,105.86,0.078,0,ETH-31MAY19-250-C,250.76,104.09,0.073,170.0,0.082,69.0,117.24,0.17168,-0.83552,0.03503,0.00866,0.54299
259.91,ETH-27SEP19,1558349940144,open,0.33,1731.0,0.299,0.378,0.338166,98.05,0.35,0.0,ETH-27SEP19-200-C,250.76,91.85,0.327,20.0,0.343,20.0,100.71,0.47022,-0.17749,0.39981,0.002,0.77048
250.76,index_price,1558349940143,open,0.28,171.0,0.244,0.323,0.283017,152.45,0.249,0,ETH-24MAY19-180-C,250.76,0.0,0.001,21.0,0.37,2.0,500.0,0.00939,-0.18471,0.01871,0.00092,0.9857
250.76,index_price,1558349940141,open,0.24,95.0,0.207,0.286,0.246993,107.09,0.199,0,ETH-31MAY19-190-C,250.76,0.0,0.0,0.0,0.0,0.0,0.0,0.04851,-0.23885,0.05211,0.00242,0.94447
250.76,index_price,1558349940142,open,0.1,80.0,0.054,0.141,0.097398,117.11,0.079,0,ETH-24MAY19-270-P,250.76,85.59,0.087,100.0,0.097,100.0,115.98,0.0885,-1.33713,-0.02149,0.01132,-0.70962
254.59,ETH-28JUN19,1558349940144,open,0.61,0.0,0.569,0.648,0.608228,126.19,None,0.0,ETH-28JUN19-100-C,250.76,0.0,0.003,7.0,0.0,0.0,0.0,0.0155,-0.02515,0.10443,0.00018,0.99334
250.76,index_price,1558349940141,open,0.01,101.0,0.001,0.05,0.010792,112.1,0.013,0,ETH-31MAY19-320-C,250.76,100.22,0.007,54.0,0.013,56.0,118.15,0.08777,-0.45235,0.00833,0.00418,0.12234
250.76,index_price,1558349940141,open,0.17,100.0,0.118,0.21,0.164227,119.61,0.213,0,ETH-24MAY19-290-P,250.76,0.0,0.154,100.0,0.162,100.0,108.77,0.05518,-0.8515,-0.02749,0.00691,-0.86821
259.91,ETH-27SEP19,1558349940146,open,0.66,0.0,0.58,0.71,0.645114,103.17,None,0.0,ETH-27SEP19-400-P,250.76,0.0,0.0,0.0,0.0,0.0,0.0,0.57259,-0.22743,-1.20031,0.00231,-0.65277
250.76,index_price,1558349940143,open,0.0,1095.0,0.001,0.04,0.000128,159.97,0.003,0,ETH-24MAY19-160-P,250.76,0.0,0.0,0.0,0.001,251.0,204.76,0.002,-0.03208,-7e-05,0.00019,-0.00249
250.76,index_price,1558349940141,open,0.37,0.0,0.307,0.415,0.361324,111.62,None,0,ETH-31MAY19-340-P,250.76,0.0,0.0,0.0,0.0,0.0,0.0,0.05744,-0.29477,-0.09656,0.00275,-0.93106
250.76,index_price,1558349940142,open,0.0,1998.0,0.001,0.044,0.00451,120.49,0.005,0,ETH-24MAY19-300-C,250.76,109.96,0.003,204.0,0.006,502.0,129.26,0.03967,-0.61668,0.0021,0.00493,0.08349
250.76,index_price,1558349940142,open,0.33,0.0,0.271,0.376,0.323671,111.73,None,0,ETH-31MAY19-330-P,250.76,0.0,0.0,0.0,0.0,0.0,0.0,0.07156,-0.36756,-0.09201,0.00342,-0.90781
250.76,index_price,1558349940142,open,0.09,59.0,0.055,0.134,0.094733,105.87,0.106,0,ETH-31MAY19-240-C,250.76,103.21,0.093,65.0,0.101,59.0,115.46,0.16346,-0.79559,0.03998,0.00824,0.62981
250.76,index_price,1558349940141,open,0.36,0.0,0.303,0.411,0.357153,144.03,None,0,ETH-24MAY19-340-P,250.76,0.0,0.0,0.0,0.571,1.0,500.0,0.0146,-0.27132,-0.0355,0.00152,-0.97598
250.76,index_price,1558349940141,open,0.02,401.0,0.001,0.055,0.014652,105.77,0.012,0,ETH-31MAY19-210-P,250.76,87.01,0.008,201.0,0.014,61.0,104.09,0.09816,-0.47734,-0.01185,0.00495,-0.14392
250.76,index_price,1558349940144,open,0.03,1035.0,0.001,0.072,0.032282,115.91,0.026,0,ETH-24MAY19-260-C,250.76,110.18,0.03,61.0,0.036,362.0,125.2,0.10008,-1.4966,0.0099,0.01293,0.40391
250.76,index_price,1558349940142,open,0.0,350.0,0.001,0.041,0.001964,129.02,0.005,0,ETH-24MAY19-320-C,250.76,115.51,0.001,5.0,0.003,665.0,139.58,0.02162,-0.35981,0.00097,0.00251,0.03857
250.76,index_price,1558349940144,open,0.13,529.0,0.089,0.168,0.128829,108.13,0.141,0,ETH-24MAY19-220-C,250.76,97.96,0.127,100.0,0.135,100.0,135.86,0.04837,-0.67475,0.02029,0.0067,0.89069
250.76,index_price,1558349940142,open,0.0,4.0,0.001,0.041,0.001703,116.84,0.007,0,ETH-31MAY19-170-P,250.76,0.0,0.0,0.0,0.002,73.0,120.05,0.02208,-0.11862,-0.00172,0.00101,-0.02127
250.76,index_price,1558349940143,open,0.03,2694.0,0.001,0.066,0.025197,107.74,0.019,0,ETH-24MAY19-240-P,250.76,93.59,0.02,123.0,0.024,50.0,104.51,0.09314,-1.29456,-0.00936,0.01295,-0.32616
250.76,index_price,1558349940142,open,0.03,410.0,0.001,0.075,0.035351,110.86,0.037,0,ETH-31MAY19-280-C,250.76,103.69,0.031,127.0,0.038,58.0,115.15,0.15384,-0.78409,0.02092,0.00741,0.31537
250.76,index_price,1558349940142,open,0.13,0.0,0.079,0.168,0.123125,110.55,None,0,ETH-31MAY19-270-P,250.76,84.01,0.106,300.0,0.126,300.0,114.9,0.16548,-0.84107,-0.05514,0.00799,-0.61484
250.76,index_price,1558349940142,open,0.01,140.0,0.001,0.048,0.008421,105.78,0.003,0,ETH-31MAY19-200-P,250.76,87.66,0.004,1.0,0.008,67.0,104.28,0.0713,-0.34675,-0.00748,0.0036,-0.09175
250.76,index_price,1558349940144,open,0.05,574.0,0.007,0.086,0.046484,110.68,0.042,0,ETH-31MAY19-270-C,250.76,103.86,0.042,119.0,0.05,70.0,115.99,0.16551,-0.8422,0.02532,0.00798,0.38538
250.76,index_price,1558349940143,open,0.01,657.0,0.001,0.047,0.007776,112.09,0.013,0,ETH-31MAY19-330-C,250.76,96.76,0.004,100.0,0.01,68.0,119.37,0.07203,-0.3712,0.00637,0.00343,0.09302
250.76,index_price,1558349940143,open,0.28,0.0,0.227,0.329,0.277983,127.82,None,0,ETH-24MAY19-320-P,250.76,0.0,0.0,0.0,0.37,2.0,439.18,0.02094,-0.34536,-0.03304,0.00245,-0.9629
250.76,index_price,1558349940154,open,0.17,2.0,0.138,0.217,0.177265,105.94,0.174,0,ETH-31MAY19-210-C,250.76,94.43,0.173,100.0,0.187,100.0,128.79,0.09831,-0.47883,0.0507,0.00495,0.85576
254.61,ETH-28JUN19,1558349940181,open,0.15,1757.0,0.101,0.192,0.14668,103.73,0.138,0.0,ETH-28JUN19-260-P,250.76,100.12,0.142,162.0,0.151,240.0,107.07,0.32959,-0.43972,-0.16377,0.0046,-0.45724
7931.08,index_price,1558349940186,open,0.0,308.5,0.0005,0.0405,0.00085474,134.53,0.001,0,BTC-31MAY19-4750-P,7931.08,0.0,0.0,0.0,0.002,44.5,152.81,0.36711,-2.27049,-0.02582,1e-05,-0.01007
7931.08,index_price,1558349940320,open,0.09,9.3,0.048,0.135,0.09138824,110.67,0.082,0,BTC-24MAY19-8500-P,7931.08,94.95,0.086,0.8,0.089,0.8,103.83,2.80204,-40.00612,-0.67404,0.00038,-0.709
7931.08,index_price,1558349940322,open,0.09,9.3,0.048,0.135,0.09138824,110.67,0.082,0,BTC-24MAY19-8500-P,7931.08,96.46,0.0865,0.8,0.089,0.8,103.83,2.80204,-40.00612,-0.67404,0.00038,-0.709
8058.42,BTC-27SEP19,1558349940342,open,0.03,22.1,0.0005,0.066,0.02616803,107.95,0.0285,0.0,BTC-27SEP19-22000-C,7931.08,104.01,0.022,15.0,0.03,6.0,111.29,8.91517,-3.70507,2.34396,4e-05,0.10791
8058.41,BTC-27SEP19,1558349940454,open,0.08,158.1,0.04,0.1195,0.07958567,95.72,0.084,0.0,BTC-27SEP19-13000-C,7931.08,93.21,0.0745,23.8,0.0855,14.9,98.59,16.46602,-6.06773,6.04603,7e-05,0.29044
8023.36,BTC-28JUN19,1558349940536,open,0.03,432.8,0.0005,0.067,0.02735255,108.53,0.03,0.0,BTC-28JUN19-12000-C,7931.08,106.24,0.0255,19.3,0.0295,19.4,111.1,6.59274,-9.20234,1.20761,9e-05,0.16867
254.61,ETH-28JUN19,1558349940747,open,0.15,1757.0,0.101,0.192,0.14668,103.73,0.138,0.0,ETH-28JUN19-260-P,250.76,100.12,0.142,163.0,0.151,240.0,107.07,0.32959,-0.43972,-0.16377,0.0046,-0.45724
8023.35,BTC-28JUN19,1558349941129,open,0.44,219.6,0.4055,0.485,0.4452142,110.22,0.471,0.0,BTC-28JUN19-4500-C,7931.09,0.0,0.2,1.0,0.55,0.1,290.41,2.11438,-2.9974,4.42535,3e-05,0.96307
8058.42,BTC-27SEP19,1558349941129,open,0.01,615.6,0.0005,0.047,0.00703669,99.66,0.0135,0.0,BTC-27SEP19-3000-P,7931.09,94.96,0.0055,15.0,0.0085,4.4,103.65,2.81303,-1.07934,-0.91971,1e-05,-0.02504
8058.42,BTC-27SEP19,1558349941129,open,0.01,28.3,0.0005,0.0485,0.00822029,95.36,0.0095,0.0,BTC-27SEP19-3250-P,7931.09,87.94,0.0055,15.0,0.011,4.6,101.7,3.27091,-1.20083,-1.09598,1e-05,-0.03
8023.35,BTC-28JUN19,1558349941129,open,0.01,731.2,0.0005,0.0505,0.01031198,105.14,0.0125,0.0,BTC-28JUN19-5000-P,7931.09,101.69,0.009,24.0,0.0115,3.2,108.1,3.14352,-4.25098,-0.60597,4e-05,-0.0606
8058.42,BTC-27SEP19,1558349941130,open,1.76,0.0,1.646,1.866,1.75623149,107.95,None,0.0,BTC-27SEP19-22000-P,7931.09,0.0,0.006,10.0,0.0,0.0,0.0,8.91513,-3.70505,-75.93729,4e-05,-0.89209
8023.35,BTC-28JUN19,1558349941130,open,1.5,0.4,1.397,1.596,1.49643307,130.18,5.076,0.0,BTC-28JUN19-20000-P,7931.09,0.0,0.0,0.0,1.883,2.0,499.8,1.59896,-2.67714,-21.10832,2e-05,-0.97366
8058.42,BTC-27SEP19,1558349941130,open,0.47,289.7,0.431,0.5105,0.47082621,91.63,0.4705,0.0,BTC-27SEP19-4500-C,7931.09,0.0,0.0205,4.0,0.5,0.1,118.34,7.82151,-2.75908,12.58586,4e-05,0.90976
8023.35,BTC-28JUN19,1558349941130,open,0.0,137.0,0.0005,0.0425,0.00248135,119.0,0.0065,0.0,BTC-28JUN19-3750-P,7931.09,110.13,0.0015,24.0,0.0035,3.7,126.12,1.02979,-1.57613,-0.15515,1e-05,-0.01567
8023.35,BTC-28JUN19,1558349941130,open,0.0,527.2,0.0005,0.043,0.00326028,115.07,0.0025,0.0,BTC-28JUN19-4000-P,7931.09,106.13,0.002,30.0,0.004,10.0,119.36,1.30068,-1.92499,-0.20401,2e-05,-0.02061
8023.35,BTC-28JUN19,1558349941130,open,0.0,94.5,0.0005,0.0415,0.00146139,128.57,0.002,0.0,BTC-28JUN19-3250-P,7931.09,0.0,0.0,0.0,0.002,3.5,134.65,0.63962,-1.05768,-0.08983,1e-05,-0.00905
8058.42,BTC-27SEP19,1558349941130,open,0.06,36.2,0.0175,0.097,0.0573522,98.05,0.0605,0.0,BTC-27SEP19-15000-C,7931.09,95.27,0.0525,14.4,0.0625,4.9,100.92,14.25832,-5.38219,4.68331,6e-05,0.22068
8058.42,BTC-27SEP19,1558349941130,open,0.92,0.0,0.8425,0.9955,0.91875928,98.05,None,0.0,BTC-27SEP19-15000-P,7931.09,0.0,0.0065,0.1,1.6785,0.3,499.88,14.25832,-5.38219,-48.69026,6e-05,-0.77932
8023.35,BTC-28JUN19,1558349941130,open,0.04,225.8,0.003,0.0865,0.04473524,99.0,0.045,0.0,BTC-28JUN19-6500-P,7931.09,96.6,0.0425,19.3,0.048,46.2,102.47,7.50503,-9.55618,-2.16015,0.00011,-0.20805
8058.42,BTC-27SEP19,1558349941130,open,1.04,0.0,0.954,1.1165,1.03534839,99.48,None,0.0,BTC-27SEP19-16000-P,7931.09,0.0,0.0065,0.1,1.7975,0.2,500.0,13.25929,-5.0782,-52.76546,6e-05,-0.80485
8058.42,BTC-27SEP19,1558349941130,open,0.29,15.2,0.2365,0.339,0.28768269,90.28,0.265,0.0,BTC-27SEP19-9000-P,7931.09,85.15,0.2755,3.6,0.297,3.6,94.2,19.13757,-6.65121,-21.85376,9e-05,-0.47447
7931.09,index_price,1558349941129,open,0.01,69.8,0.0005,0.047,0.00700266,104.68,0.0045,0,BTC-31MAY19-6250-P,7931.09,100.61,0.006,30.0,0.0085,2.4,110.29,2.02498,-9.74502,-0.20434,0.0001,-0.07946
7931.09,index_price,1558349941129,open,0.0,571.7,0.0005,0.041,0.00129593,135.0,0.0015,0,BTC-24MAY19-10500-C,7931.09,138.15,0.0015,197.5,0.0025,11.0,150.69,0.48949,-8.52497,0.02059,5e-05,0.02574
7931.09,index_price,1558349941130,open,0.12,20.0,0.0725,0.1615,0.11684534,113.02,0.122,0,BTC-24MAY19-8750-P,7931.09,95.95,0.112,0.5,0.1145,0.5,105.05,2.39497,-34.92165,-0.75857,0.00032,-0.78391
8023.36,BTC-28JUN19,1558349941131,open,0.39,691.4,0.3475,0.427,0.38713244,105.15,0.37,0.0,BTC-28JUN19-5000-C,7931.09,0.0,0.235,0.1,0.5,10.0,269.58,3.14363,-4.25122,4.71944,4e-05,0.9394
8023.36,BTC-28JUN19,1558349941131,open,0.13,791.4,0.089,0.1685,0.12897995,98.51,0.129,0.0,BTC-28JUN19-8000-C,7931.09,95.8,0.1255,10.0,0.1325,11.3,101.25,10.29668,-13.04551,3.74674,0.00015,0.56742
8023.36,BTC-28JUN19,1558349941131,open,0.6,0.1,0.5565,0.636,0.5963942,128.57,0.395,0.0,BTC-28JUN19-3250-C,7931.09,0.0,0.002,0.1,0.803,2.0,500.0,0.63962,-1.05769,3.3717,1e-05,0.99095
8058.42,BTC-27SEP19,1558349941131,open,0.69,56.4,0.6545,0.734,0.6941911,106.76,0.6975,0.0,BTC-27SEP19-2500-C,7931.09,0.0,0.0065,0.1,0.7015,2.0,130.0,1.87568,-0.77094,8.32335,1e-05,0.98447
8023.36,BTC-28JUN19,1558349941131,open,0.28,1872.2,0.241,0.3205,0.28089022,100.13,0.289,0.0,BTC-28JUN19-6000-C,7931.09,94.82,0.277,15.0,0.2835,3.2,103.57,6.00249,-7.72999,4.89547,9e-05,0.85376
8058.42,BTC-27SEP19,1558349941131,open,0.42,793.5,0.383,0.4625,0.42270353,90.64,0.425,0.0,BTC-27SEP19-5000-C,7931.09,0.0,0.1105,2.0,0.465,2.0,122.3,9.86416,-3.44211,12.98514,5e-05,0.87556
8058.42,BTC-27SEP19,1558349941131,open,0.04,120.0,0.0005,0.077,0.03584875,91.17,0.03,0.0,BTC-27SEP19-4750-P,7931.09,88.55,0.033,20.8,0.039,4.6,94.01,8.8477,-3.10557,-4.08977,4e-05,-0.10678
8023.36,BTC-28JUN19,1558349941131,open,0.05,1325.3,0.0165,0.096,0.05600122,101.82,0.055,0.0,BTC-28JUN19-10000-C,7931.09,99.64,0.0535,39.4,0.06,16.3,105.27,9.23445,-12.09322,2.16835,0.00013,0.30974
8058.42,BTC-27SEP19,1558349941131,open,0.5,0.2,0.4565,0.536,0.49620601,92.27,0.26,0.0,BTC-27SEP19-4250-C,7931.09,0.0,0.0105,0.1,0.526,2.0,122.39,6.82302,-2.42367,12.28745,3e-05,0.92473
8058.42,BTC-27SEP19,1558349941129,open,2.28,0.0,2.139,2.4,2.26964551,102.89,None,0.0,BTC-27DEC19-26000-P,7931.09,0.0,0.006,10.0,3.1365,0.2,500.0,14.20812,-3.30914,-152.43062,4e-05,-0.8562
8023.36,BTC-28JUN19,1558349941131,open,0.09,35.6,0.05,0.137,0.09360936,98.51,0.0885,0.0,BTC-28JUN19-7500-P,7931.09,95.13,0.0895,19.3,0.097,17.8,101.3,9.75306,-12.3567,-3.83774,0.00014,-0.35548
8058.42,BTC-27SEP19,1558349941131,open,0.0,421.7,0.0005,0.042,0.0022701,112.99,0.0025,0.0,BTC-27SEP19-2000-P,7931.09,92.65,0.0005,10.0,0.0025,5.1,114.68,1.06477,-0.46318,-0.29724,0.0,-0.0081
8023.36,BTC-28JUN19,1558349941131,open,0.04,365.6,0.0005,0.078,0.03836781,104.93,0.0425,0.0,BTC-28JUN19-11000-C,7931.09,102.5,0.036,19.3,0.0415,18.1,108.08,7.88426,-10.64064,1.60837,0.00011,0.22658
8023.36,BTC-28JUN19,1558349941131,open,0.0,680.4,0.0005,0.04,0.00030375,135.0,0.0005,0.0,BTC-28JUN19-2500-P,7931.09,0.0,0.0,0.0,0.001,6.0,155.16,0.17145,-0.29769,-0.0203,0.0,-0.00207
7931.09,index_price,1558349941130,open,0.37,0.0,0.33,0.4095,0.36958201,134.39,None,0,BTC-24MAY19-5000-C,7931.09,0.0,0.0045,0.2,0.4015,0.1,457.58,0.01004,-0.17414,0.53062,0.0,0.99966
8023.36,BTC-28JUN19,1558349941131,open,0.81,33.8,0.7735,0.853,0.81304923,135.57,0.7145,0.0,BTC-28JUN19-1500-C,7931.09,0.0,0.002,0.4,0.8825,2.0,500.0,0.00335,-0.00584,1.59734,0.0,0.99997
8023.36,BTC-28JUN19,1558349941132,open,0.03,380.4,0.0005,0.0695,0.02870638,100.13,0.031,0.0,BTC-28JUN19-6000-P,7931.09,97.83,0.027,24.0,0.0315,22.3,103.81,6.00247,-7.72995,-1.49505,9e-05,-0.14624
8058.42,BTC-27SEP19,1558349941132,open,0.59,6.1,0.52,0.646,0.58309867,94.0,1.781,0.0,BTC-27SEP19-12000-P,7931.09,0.0,0.0105,0.1,1.3245,0.3,500.0,17.48482,-6.32725,-35.826,8e-05,-0.66634
8058.42,BTC-27SEP19,1558349941130,open,0.76,0.0,0.719,0.7985,0.75878869,105.27,None,0.0,BTC-27DEC19-2000-C,7931.09,0.0,0.0185,3.0,0.991,0.5,500.0,2.6929,-0.64172,10.91519,1e-05,0.98262
7931.09,index_price,1558349941129,open,0.01,10.0,0.0005,0.049,0.00918261,118.61,0.005,0,BTC-31MAY19-10500-C,7931.09,114.65,0.008,30.0,0.011,30.0,124.26,2.44433,-13.32904,0.22026,0.00011,0.10239
7931.09,index_price,1558349941130,open,0.02,71.9,0.0005,0.0605,0.01991836,104.01,0.0195,0,BTC-24MAY19-7500-P,7931.09,98.46,0.018,0.8,0.021,24.8,107.1,2.76354,-37.08109,-0.25479,0.0004,-0.28263
8058.42,BTC-27SEP19,1558349941129,open,0.04,34.9,0.0035,0.083,0.04320645,102.89,0.0445,0.0,BTC-27DEC19-26000-C,7931.09,100.74,0.0395,10.0,0.046,0.1,104.45,14.2081,-3.30913,4.90549,4e-05,0.1438
8058.42,BTC-27SEP19,1558349941133,open,0.05,50.1,0.01,0.0895,0.04984751,99.48,0.052,0.0,BTC-27SEP19-16000-C,7931.09,96.48,0.045,14.7,0.055,4.9,102.56,13.25929,-5.0782,4.16635,6e-05,0.19515
8058.42,BTC-27SEP19,1558349941132,open,0.0,122.6,0.0005,0.0435,0.00344101,111.3,0.0025,0.0,BTC-27DEC19-1500-P,7931.09,85.43,0.0005,7.0,0.0055,10.0,120.93,1.49114,-0.37569,-0.59599,0.0,-0.00878
8023.36,BTC-28JUN19,1558349941133,open,0.41,5.7,0.353,0.4655,0.40936302,104.93,1.142,0.0,BTC-28JUN19-11000-P,7931.09,0.0,0.0,0.0,0.89,1.0,500.0,7.88417,-10.64037,-10.10762,0.00011,-0.77343
7931.09,index_price,1558349941129,open,0.25,0.0,0.195,0.2945,0.24474901,111.52,None,0,BTC-31MAY19-9750-P,7931.09,0.0,0.0,0.0,0.0,0.0,0.0,3.39094,-17.38511,-2.55296,0.00016,-0.83556
8058.42,BTC-27SEP19,1558349941130,open,0.26,14.5,0.2065,0.3065,0.25630314,85.61,0.261,0.0,BTC-27DEC19-8000-P,7931.09,82.61,0.2475,5.0,0.2645,5.0,88.42,23.5724,-4.56836,-30.3198,7e-05,-0.36545
8058.42,BTC-27SEP19,1558349941133,open,0.75,28.2,0.7145,0.794,0.75408249,112.99,0.755,0.0,BTC-27SEP19-2000-C,7931.09,0.0,0.0065,0.1,0.7555,1.0,122.14,1.06477,-0.46318,6.81924,0.0,0.9919
7931.09,index_price,1558349941129,open,0.33,0.0,0.2725,0.378,0.32520138,135.03,None,0,BTC-24MAY19-10500-P,7931.09,0.0,0.004,1.0,0.367,0.1,325.45,0.48988,-8.53363,-1.09432,5e-05,-0.97423
8058.42,BTC-27SEP19,1558349941130,open,0.85,0.0,0.7775,0.925,0.85109007,91.64,None,0.0,BTC-27DEC19-14000-P,7931.09,0.0,0.008,3.0,1.67,0.2,500.0,22.91331,-4.75349,-73.79235,6e-05,-0.66214
8023.36,BTC-28JUN19,1558349941134,open,0.3,42.9,0.2505,0.354,0.30236153,101.82,0.3035,0.0,BTC-28JUN19-10000-P,7931.09,0.0,0.001,1.0,0.5,0.1,256.99,9.23444,-12.09317,-8.48253,0.00013,-0.69026
8058.42,BTC-27SEP19,1558349941130,open,0.35,63.9,0.305,0.3845,0.34472846,85.91,0.3025,0.0,BTC-27DEC19-6500-C,7931.09,75.22,0.318,5.0,0.3635,5.0,93.41,20.17051,-3.92245,19.47045,6e-05,0.744
8023.36,BTC-28JUN19,1558349941134,open,0.47,10.5,0.435,0.5145,0.47453813,111.36,0.2685,0.0,BTC-28JUN19-4250-C,7931.09,0.0,0.0325,3.0,0.7085,3.0,499.89,1.62174,-2.32276,4.26141,2e-05,0.97321
7931.09,index_price,1558349941129,open,0.0,200.0,0.0005,0.043,0.00304016,134.52,0.0025,0,BTC-24MAY19-10000-C,7931.09,134.17,0.003,100.0,0.004,41.0,142.33,0.90242,-15.66136,0.04333,0.0001,0.05449
8058.42,BTC-27SEP19,1558349941134,open,0.38,2.1,0.325,0.4345,0.3797109,91.58,0.3915,0.0,BTC-27SEP19-10000-P,7931.09,85.34,0.365,3.6,0.389,3.6,95.51,19.03471,-6.71135,-26.61657,9e-05,-0.54854
8058.43,BTC-27SEP19,1558349941134,open,0.09,560.8,0.054,0.1335,0.09397271,94.0,0.089,0.0,BTC-27SEP19-12000-C,7931.09,91.46,0.0885,13.4,0.0995,10.0,96.53,17.48483,-6.32723,6.87286,8e-05,0.33366
8058.43,BTC-27SEP19,1558349941134,open,0.07,38.6,0.0275,0.107,0.06734176,96.95,0.069,0.0,BTC-27SEP19-14000-C,7931.09,94.11,0.062,14.1,0.072,10.0,99.37,15.36276,-5.73379,5.31535,7e-05,0.25271
7931.09,index_price,1558349941131,open,0.28,0.0,0.223,0.3245,0.27368401,113.73,None,0,BTC-31MAY19-10000-P,7931.09,0.0,0.0,0.0,0.0,0.0,0.0,3.03982,-15.89422,-2.68027,0.00014,-0.8605
8023.36,BTC-28JUN19,1558349941134,open,0.89,2.0,0.806,0.956,0.88100823,118.18,2.658,0.0,BTC-28JUN19-15000-P,7931.09,0.0,0.0,0.0,1.3215,1.0,500.0,3.76049,-5.71572,-15.42113,5e-05,-0.92357
8023.36,BTC-28JUN19,1558349941134,open,0.0,1396.0,0.0005,0.04,3.09e-06,135.0,0.001,0.0,BTC-28JUN19-1500-P,7931.09,0.0,0.0,0.0,0.001,10.0,220.83,0.00315,-0.00547,-0.00027,0.0,-3e-05
8023.36,BTC-28JUN19,1558349941135,open,0.16,127.2,0.119,0.1985,0.15883945,98.51,0.1595,0.0,BTC-28JUN19-7500-C,7931.09,93.7,0.153,14.4,0.1625,5.0,101.52,9.75306,-12.35676,4.15041,0.00014,0.64452
7931.09,index_price,1558349941129,open,0.01,33.5,0.0005,0.045,0.00520625,128.7,0.006,0,BTC-31MAY19-11500-C,7931.09,122.34,0.004,30.0,0.0065,10.0,134.68,1.61413,-9.5508,0.12764,7e-05,0.05922
8058.43,BTC-27SEP19,1558349941131,open,0.19,416.3,0.1495,0.229,0.1893623,86.56,0.2,0.0,BTC-27DEC19-10000-C,7931.09,85.64,0.1865,10.0,0.199,10.0,89.67,25.00527,-4.89988,15.46169,7e-05,0.50643
8058.43,BTC-27SEP19,1558349941130,open,0.22,123.5,0.1815,0.261,0.221325,85.61,0.222,0.0,BTC-27DEC19-9000-C,7931.09,85.67,0.2215,10.0,0.2335,5.0,89.6,24.66197,-4.7795,16.82446,7e-05,0.56634
8058.43,BTC-27SEP19,1558349941135,open,0.0,1639.1,0.0005,0.041,0.00120924,124.18,0.0015,0.0,BTC-27SEP19-1500-P,7931.09,111.41,0.0005,5.0,0.001,5.2,121.13,0.58792,-0.28107,-0.15353,0.0,-0.00414
8023.36,BTC-28JUN19,1558349941136,open,0.56,143.2,0.526,0.6055,0.56579699,124.69,0.56,0.0,BTC-28JUN19-3500-C,7931.09,0.0,0.1105,2.0,0.7935,3.0,500.0,0.84602,-1.35679,3.60388,1e-05,0.98752
8023.36,BTC-28JUN19,1558349941136,open,0.0,240.1,0.0005,0.044,0.00424139,111.36,0.006,0.0,BTC-28JUN19-4250-P,7931.09,107.49,0.0035,24.0,0.005,2.8,114.94,1.62174,-2.32276,-0.26522,2e-05,-0.02679
7931.09,index_price,1558349941130,open,0.0,697.4,0.0005,0.044,0.00413622,131.31,0.003,0,BTC-24MAY19-9750-C,7931.09,130.34,0.004,2.8,0.005,30.0,137.1,1.12584,-19.07219,0.05747,0.00013,0.07238
8058.43,BTC-27SEP19,1558349941136,open,0.55,0.0,0.509,0.5885,0.54893212,93.23,None,0.0,BTC-27SEP19-3750-C,7931.09,0.0,0.0035,0.2,0.5805,2.0,132.91,4.88662,-1.75387,11.52584,2e-05,0.9509
8058.43,BTC-27SEP19,1558349941132,open,0.08,38.7,0.0405,0.12,0.08034025,97.48,0.082,0.0,BTC-27DEC19-18000-C,7931.09,95.91,0.0765,5.0,0.084,10.0,98.96,19.83773,-4.37759,8.17839,5e-05,0.24805
8058.43,BTC-27SEP19,1558349941131,open,0.22,23.0,0.1705,0.268,0.21926306,85.85,0.2105,0.0,BTC-27DEC19-7500-P,7931.09,83.28,0.212,14.6,0.2265,5.0,88.43,22.68653,-4.40913,-26.75727,7e-05,-0.32944
8058.43,BTC-27SEP19,1558349941136,open,0.45,13.5,0.4065,0.486,0.44640245,91.17,0.382,0.0,BTC-27SEP19-4750-C,7931.09,0.0,0.01,3.0,0.499,3.0,133.19,8.84759,-3.10549,12.81195,4e-05,0.89322
7931.09,index_price,1558349941131,open,0.14,199.0,0.0995,0.179,0.13919988,99.16,0.135,0,BTC-31MAY19-7000-C,7931.09,101.78,0.1405,6.0,0.147,6.0,114.41,3.91777,-17.86087,1.54388,0.00021,0.79251
7931.09,index_price,1558349941130,open,0.03,114.4,0.0005,0.072,0.03109073,99.17,0.0285,0,BTC-31MAY19-7250-P,7931.09,94.6,0.0285,0.3,0.032,24.0,100.75,4.53409,-20.67113,-0.71363,0.00024,-0.27089
7931.09,index_price,1558349941130,open,0.06,84.1,0.0145,0.0985,0.05662251,99.17,0.0555,0,BTC-31MAY19-7750-P,7931.09,90.05,0.0505,24.0,0.057,24.0,99.73,5.33046,-24.3019,-1.10917,0.00029,-0.41273
7931.09,index_price,1558349941129,open,0.27,14.8,0.2135,0.314,0.26390249,134.54,0.3345,0,BTC-24MAY19-10000-P,7931.09,0.0,0.003,1.0,0.3045,0.5,295.35,0.90268,-15.66752,-1.01849,0.0001,-0.94549
7931.09,index_price,1558349941130,open,0.21,3.7,0.1735,0.253,0.21337038,124.55,0.14,0,BTC-24MAY19-6250-C,7931.09,0.0,0.0035,1.8,0.247,0.1,302.03,0.51592,-8.2897,0.63937,6e-05,0.97259
8058.43,BTC-27SEP19,1558349941133,open,0.09,31.6,0.0535,0.133,0.09334769,94.3,0.1055,0.0,BTC-27DEC19-16000-C,7931.09,91.48,0.086,10.0,0.101,10.0,97.16,21.28021,-4.54256,9.34302,6e-05,0.28494
7931.09,index_price,1558349941129,open,0.1,71.1,0.058,0.1375,0.09750243,104.43,0.0985,0,BTC-24MAY19-7250-C,7931.09,111.49,0.0995,0.7,0.102,0.7,119.95,2.19774,-29.60996,0.60237,0.00032,0.81277
8058.43,BTC-27SEP19,1558349941130,open,0.19,29.1,0.137,0.231,0.18392385,85.85,0.1995,0.0,BTC-27DEC19-7000-P,7931.09,83.08,0.1765,10.0,0.189,5.0,87.75,21.55981,-4.19017,-23.25494,6e-05,-0.29296
8058.43,BTC-27SEP19,1558349941130,open,0.13,92.7,0.0885,0.168,0.12802311,90.57,0.135,0.0,BTC-27DEC19-13000-C,7931.09,88.69,0.1225,10.0,0.1335,10.0,92.43,23.71084,-4.86155,11.89954,7e-05,0.37204
8058.43,BTC-27SEP19,1558349941130,open,2.04,0.0,1.907,2.1485,2.02785869,101.72,None,0.0,BTC-27DEC19-24000-P,7931.09,0.0,0.008,1.0,2.8915,0.2,500.0,15.41855,-3.55043,-139.71964,4e-05,-0.83732
7931.09,index_price,1558349941130,open,0.34,0.0,0.2985,0.378,0.33809598,134.8,None,0,BTC-24MAY19-5250-C,7931.09,0.0,0.0035,1.2,0.37,0.1,421.8,0.03213,-0.55879,0.55643,0.0,0.99882
7931.09,index_price,1558349941129,open,0.0,141.8,0.0005,0.042,0.00201369,134.96,0.002,0,BTC-24MAY19-10250-C,7931.09,134.8,0.002,100.0,0.0035,40.0,149.68,0.67504,-11.7534,0.03028,7e-05,0.03797
8058.43,BTC-27SEP19,1558349941131,open,0.07,65.6,0.0295,0.1145,0.07204879,86.42,0.071,0.0,BTC-27DEC19-5000-P,7931.09,84.43,0.0685,10.0,0.077,5.0,89.16,14.46967,-2.83064,-10.71879,4e-05,-0.14776
7931.09,index_price,1558349941133,open,0.0,13.7,0.0005,0.04,2.96e-06,135.0,0.0025,0,BTC-24MAY19-4750-P,7931.09,0.0,0.0,0.0,0.0005,20.0,210.13,0.00283,-0.02349,-8e-05,0.0,-9e-05
7931.09,index_price,1558349941132,open,0.01,156.9,0.0005,0.0525,0.01282168,113.73,0.016,0,BTC-31MAY19-10000-C,7931.09,110.2,0.0115,30.0,0.015,30.0,119.23,3.03966,-15.89285,0.29935,0.00014,0.13949
8058.43,BTC-27SEP19,1558349941131,open,0.97,0.0,0.887,1.044,0.96545667,93.49,None,0.0,BTC-27DEC19-15000-P,7931.09,0.0,0.006,10.0,1.7915,0.2,500.0,22.17177,-4.69232,-80.63924,6e-05,-0.68818
7931.09,index_price,1558349941130,open,0.0,583.1,0.0005,0.041,0.00099277,134.65,0.0015,0,BTC-24MAY19-6000-P,7931.09,121.85,0.0005,2.0,0.0015,0.2,144.04,0.37446,-6.5046,-0.01662,4e-05,-0.01874
7931.09,index_price,1558349941129,open,0.46,0.0,0.397,0.513,0.45519793,128.71,None,0,BTC-31MAY19-11500-P,7931.09,0.0,0.0,0.0,0.0,0.0,0.0,1.61445,-9.55332,-3.29892,7e-05,-0.94077
8058.43,BTC-27SEP19,1558349941130,open,0.7,0.0,0.6605,0.74,0.70032279,97.33,None,0.0,BTC-27DEC19-2500-C,7931.09,0.0,0.0185,3.0,0.9895,0.5,500.0,3.92546,-0.86488,13.28972,1e-05,0.97285
8023.36,BTC-28JUN19,1558349941137,open,0.0,784.3,0.0005,0.0435,0.00371489,130.21,0.0035,0.0,BTC-28JUN19-20000-C,7931.09,129.11,0.0035,24.0,0.004,1.0,131.6,1.60071,-2.6807,0.19368,2e-05,0.02638
8023.36,BTC-28JUN19,1558349941137,open,0.53,30.0,0.4955,0.575,0.53509614,119.0,0.298,0.0,BTC-28JUN19-3750-C,7931.09,0.0,0.013,1.0,0.785,3.0,500.0,1.02979,-1.57614,3.83893,1e-05,0.98433
7931.09,index_price,1558349941132,open,0.05,155.7,0.015,0.0945,0.05464011,104.01,0.05,0,BTC-24MAY19-7750-C,7931.09,108.69,0.0565,2.3,0.058,0.8,112.47,3.14446,-42.19113,0.46439,0.00045,0.60608
7931.09,index_price,1558349941131,open,0.03,48.2,0.0005,0.073,0.03180842,104.01,0.03,0,BTC-24MAY19-7750-P,7931.09,96.91,0.029,0.8,0.032,0.8,104.49,3.14446,-42.19244,-0.35853,0.00045,-0.39393
8058.43,BTC-27SEP19,1558349941130,open,0.34,1.0,0.285,0.3915,0.3381702,85.61,0.3375,0.0,BTC-27DEC19-9000-P,7931.09,80.83,0.3235,3.6,0.3495,3.6,89.32,24.66195,-4.77953,-37.63807,7e-05,-0.43366
7931.09,index_price,1558349941131,open,0.02,118.6,0.0005,0.0585,0.01866907,109.41,0.0175,0,BTC-31MAY19-9500-C,7931.09,106.92,0.0175,24.0,0.021,24.0,114.22,3.76899,-18.95777,0.41559,0.00018,0.19453
7931.09,index_price,1558349941129,open,0.34,0.0,0.28,0.386,0.33308806,118.62,None,0,BTC-31MAY19-10500-P,7931.09,0.0,0.0,0.0,0.0,0.0,0.0,2.44454,-13.33079,-2.90834,0.00011,-0.8976
8058.43,BTC-27SEP19,1558349941130,open,0.02,99.6,0.0005,0.057,0.01642433,92.66,0.0205,0.0,BTC-27DEC19-3000-P,7931.09,88.25,0.0135,10.0,0.02,5.8,97.59,5.58794,-1.17209,-2.83461,2e-05,-0.0417
8058.43,BTC-27SEP19,1558349941130,open,0.11,121.1,0.074,0.1535,0.11377464,91.64,0.097,0.0,BTC-27DEC19-14000-C,7931.09,89.6,0.108,10.0,0.1195,10.0,93.65,22.91325,-4.75344,10.92706,6e-05,0.33785
7931.09,index_price,1558349941132,open,0.01,186.5,0.0005,0.0535,0.0135908,113.02,0.01,0,BTC-24MAY19-8750-C,7931.09,111.05,0.013,2.9,0.0145,24.0,116.0,2.3949,-34.9192,0.17053,0.00032,0.21608
7931.09,index_price,1558349941129,open,0.03,2.6,0.0005,0.0745,0.03472125,104.29,0.0445,0,BTC-31MAY19-8750-C,7931.09,100.69,0.0325,39.2,0.038,3.0,109.53,4.92271,-23.60227,0.68422,0.00025,0.32425
8058.43,BTC-27SEP19,1558349941131,open,0.12,185.0,0.077,0.166,0.12150425,85.92,0.137,0.0,BTC-27DEC19-6000-P,7931.09,83.74,0.1165,10.0,0.1265,5.0,88.09,18.5139,-3.601,-16.60576,5e-05,-0.21902
8058.43,BTC-27SEP19,1558349941131,open,0.05,23.9,0.01,0.0895,0.04960368,101.72,0.05,0.0,BTC-27DEC19-24000-C,7931.09,99.26,0.045,10.0,0.0535,0.1,103.72,15.41753,-3.55006,5.51325,4e-05,0.16266
7931.09,index_price,1558349941129,open,0.02,24.2,0.0005,0.055,0.01540824,111.51,0.015,0,BTC-31MAY19-9750-C,7931.09,108.16,0.014,24.0,0.0175,24.0,116.29,3.39081,-17.38391,0.35217,0.00016,0.16443
7931.09,index_price,1558349941130,open,0.16,269.7,0.124,0.2035,0.16364965,99.38,0.171,0,BTC-31MAY19-6750-C,7931.09,103.85,0.1655,6.0,0.172,6.0,118.49,3.2275,-14.74664,1.61603,0.00017,0.84749
7931.09,index_price,1558349941130,open,0.0,101.4,0.0005,0.04,8.63e-06,135.0,0.0005,0,BTC-31MAY19-3500-P,7931.09,0.0,0.0,0.0,0.0005,17.7,192.87,0.0076,-0.04718,-0.00036,0.0,-0.00014
8058.43,BTC-27SEP19,1558349941130,open,0.29,80.7,0.249,0.3285,0.28855905,85.85,0.297,0.0,BTC-27DEC19-7500-C,7931.09,83.17,0.281,5.0,0.3,5.0,89.93,22.68655,-4.40911,18.6282,7e-05,0.67056
7931.09,index_price,1558349941130,open,0.1,273.9,0.0575,0.137,0.09702425,99.16,0.0905,0,BTC-31MAY19-7500-C,7931.09,98.33,0.0965,18.0,0.103,2.9,108.57,5.01708,-22.87267,1.33008,0.00027,0.65986
7931.09,index_price,1558349941131,open,0.01,149.3,0.0005,0.052,0.01162762,104.44,0.011,0,BTC-24MAY19-7250-P,7931.09,100.31,0.0105,0.8,0.013,24.8,109.31,2.1978,-29.61196,-0.16747,0.00032,-0.18723
7931.09,index_price,1558349941136,open,0.56,0.0,0.519,0.5985,0.55870682,134.4,None,0,BTC-31MAY19-3500-C,7931.09,0.0,0.007,0.2,0.0,0.0,0.0,0.0072,-0.04447,1.04254,0.0,0.99986
8058.43,BTC-27SEP19,1558349941130,open,1.79,0.0,1.6745,1.897,1.78559405,99.47,None,0.0,BTC-27DEC19-22000-P,7931.09,0.0,0.008,2.0,2.6465,0.3,499.94,16.51535,-3.71898,-127.00455,4e-05,-0.81884
8058.43,BTC-27SEP19,1558349941131,open,0.04,134.6,0.0005,0.079,0.03775059,88.59,0.0425,0.0,BTC-27DEC19-4000-P,7931.09,85.91,0.0345,10.0,0.042,5.0,91.99,9.90579,-1.98649,-6.07193,3e-05,-0.08676
8058.43,BTC-27SEP19,1558349941133,open,0.43,1.0,0.3735,0.4875,0.43030149,86.56,0.438,0.0,BTC-27DEC19-10000-P,7931.09,80.83,0.4125,3.6,0.441,3.6,90.01,25.00527,-4.89993,-45.0522,7e-05,-0.49357
8058.43,BTC-27SEP19,1558349941131,open,1.08,0.0,0.996,1.162,1.07885103,94.3,None,0.0,BTC-27DEC19-16000-P,7931.09,0.0,0.006,5.0,1.913,0.2,499.48,21.28053,-4.54272,-87.47901,6e-05,-0.71505
7931.09,index_price,1558349941131,open,0.0,125.3,0.0005,0.04,1.318e-05,135.0,0.0005,0,BTC-24MAY19-5000-P,7931.09,0.0,0.0,0.0,0.0005,5.9,190.98,0.01056,-0.10451,-0.00031,0.0,-0.00035
7931.09,index_price,1558349941130,open,0.02,17.2,0.0005,0.0625,0.02269207,107.25,0.0235,0,BTC-31MAY19-9250-C,7931.09,103.99,0.021,24.0,0.025,3.1,111.59,4.15849,-20.50434,0.49024,0.00021,0.23014
8058.43,BTC-27SEP19,1558349941130,open,0.59,4.0,0.5515,0.631,0.59147602,90.53,0.59,0.0,BTC-27DEC19-3500-C,7931.09,0.0,0.006,10.0,0.68,3.0,162.63,7.68399,-1.57478,16.88668,2e-05,0.93777
8058.43,BTC-27SEP19,1558349941130,open,0.1,47.6,0.0515,0.1385,0.09507334,86.1,0.088,0.0,BTC-27DEC19-5500-P,7931.09,83.63,0.09,10.0,0.1005,5.0,88.73,16.60245,-3.2361,-13.54493,5e-05,-0.18269
7931.09,index_price,1558349941136,open,0.46,9.8,0.4245,0.504,0.4643272,134.95,0.212,0,BTC-31MAY19-4250-C,7931.09,0.0,0.006,0.5,0.0,0.0,0.0,0.11001,-0.68251,1.25975,0.0,0.9974
7931.09,index_price,1558349941135,open,0.04,571.6,0.0035,0.083,0.04324978,103.39,0.045,0,BTC-31MAY19-8500-C,7931.09,99.96,0.041,37.8,0.0465,2.9,108.31,5.22298,-24.82557,0.80169,0.00027,0.38249
7931.09,index_price,1558349941136,open,0.19,291.0,0.151,0.2305,0.19063742,101.76,0.1355,0,BTC-31MAY19-6500-C,7931.09,0.0,0.0015,6.0,0.402,5.0,500.0,2.59292,-12.1309,1.65009,0.00014,0.88889
7931.09,index_price,1558349941130,open,0.24,19.2,0.2045,0.284,0.24447538,134.63,0.24,0,BTC-24MAY19-6000-C,7931.09,85.68,0.2435,0.2,0.2775,0.1,330.11,0.37423,-6.49968,0.62049,4e-05,0.98127
8058.43,BTC-27SEP19,1558349941137,open,0.15,21.1,0.1055,0.197,0.15133919,85.91,0.1475,0.0,BTC-27DEC19-6500-P,7931.09,83.37,0.145,15.0,0.1575,5.0,88.37,20.17051,-3.92248,-19.86362,6e-05,-0.256
7931.09,index_price,1558349941130,open,0.25,503.2,0.2085,0.288,0.24830442,108.25,0.275,0,BTC-31MAY19-6000-C,7931.09,0.0,0.085,3.0,0.2785,3.0,199.42,1.55098,-7.71859,1.64338,8e-05,0.94371
7931.09,index_price,1558349941135,open,0.0,199.9,0.0005,0.04,0.00015313,135.0,0.001,0,BTC-24MAY19-5500-P,7931.09,0.0,0.0,0.0,0.001,16.2,170.82,0.08497,-1.21447,-0.00304,1e-05,-0.00346
7931.09,index_price,1558349941130,open,0.4,42.8,0.362,0.4415,0.40194515,134.51,0.251,0,BTC-31MAY19-4750-C,7931.09,0.0,0.01,1.0,0.0,0.0,0.0,0.3669,-2.26892,1.38953,1e-05,0.98994
8058.43,BTC-27SEP19,1558349941131,open,0.38,122.6,0.337,0.4165,0.3769405,85.92,0.385,0.0,BTC-27DEC19-6000-C,7931.09,50.83,0.3,0.3,0.4,0.1,95.92,18.51389,-3.60097,19.70267,5e-05,0.78098
7931.09,index_price,1558349941131,open,0.0,196.7,0.0005,0.043,0.00319991,111.46,0.0035,0,BTC-31MAY19-5750-P,7931.09,106.28,0.0025,30.0,0.004,2.3,116.67,1.1451,-5.86798,-0.09869,5e-05,-0.03856
7931.09,index_price,1558349941132,open,0.01,197.3,0.0005,0.047,0.00706116,108.98,0.008,0,BTC-24MAY19-7000-P,7931.09,103.71,0.006,2.3,0.008,30.7,113.39,1.6479,-23.16818,-0.10815,0.00023,-0.12136
7931.09,index_price,1558349941133,open,0.31,529.3,0.2695,0.349,0.30906656,118.96,0.232,0,BTC-31MAY19-5500-C,7931.09,0.0,0.145,2.0,0.3275,3.0,199.54,0.92372,-5.05187,1.56262,4e-05,0.9703
7931.09,index_price,1558349941130,open,0.34,116.2,0.3,0.3795,0.33970482,122.5,0.293,0,BTC-31MAY19-5250-C,7931.09,0.0,0.0705,2.0,0.44,4.0,422.07,0.65878,-3.71018,1.51348,3e-05,0.98015
7931.09,index_price,1558349941131,open,0.0,235.0,0.0005,0.0425,0.00254084,118.97,0.0025,0,BTC-31MAY19-5500-P,7931.09,108.62,0.0015,30.0,0.004,43.3,129.9,0.9239,-5.0532,-0.0762,4e-05,-0.0297
7931.09,index_price,1558349941136,open,0.15,28.1,0.099,0.19,0.14449257,116.94,0.123,0,BTC-24MAY19-9000-P,7931.09,69.91,0.136,6.0,0.143,6.0,110.84,1.99933,-30.16275,-0.82796,0.00026,-0.83866
7931.09,index_price,1558349941137,open,0.04,196.8,0.001,0.084,0.042671,99.17,0.0415,0,BTC-31MAY19-7500-P,7931.09,90.95,0.0375,24.0,0.0435,24.0,100.48,5.01709,-22.87316,-0.90465,0.00027,-0.34014
8058.43,BTC-27SEP19,1558349941131,open,0.45,58.4,0.412,0.4915,0.4515795,86.42,0.393,0.0,BTC-27DEC19-5000-C,7931.09,0.0,0.006,10.0,0.477,1.0,100.22,14.46964,-2.83062,19.53823,4e-05,0.85224
8058.43,BTC-27SEP19,1558349941131,open,0.01,89.9,0.0005,0.047,0.0069766,105.27,0.01,0.0,BTC-27DEC19-2000-P,7931.09,96.95,0.0045,0.1,0.009,10.0,110.92,2.69296,-0.64174,-1.18763,1e-05,-0.01738
250.76,index_price,1558349941169,open,0.32,0.0,0.265,0.369,0.317161,130.41,None,0,ETH-24MAY19-330-P,250.76,0.0,0.0,0.0,0.52,1.0,500.0,0.01462,-0.24604,-0.03443,0.00168,-0.97594
250.76,index_price,1558349941190,open,0.29,0.0,0.236,0.338,0.286903,112.07,None,0,ETH-31MAY19-320-P,250.76,0.0,0.0,0.0,0.0,0.0,0.0,0.08774,-0.45208,-0.08702,0.00418,-0.87772
254.61,ETH-28JUN19,1558349941196,open,0.15,1757.0,0.101,0.192,0.14668,103.73,0.138,0.0,ETH-28JUN19-260-P,250.76,100.12,0.142,162.0,0.151,240.0,107.07,0.32959,-0.43972,-0.16377,0.0046,-0.45724
250.76,index_price,1558349941262,open,0.02,185.0,0.001,0.064,0.023707,105.8,0.02,0,ETH-31MAY19-220-P,250.76,89.57,0.016,206.0,0.023,66.0,104.38,0.1246,-0.60609,-0.01743,0.00629,-0.20958
7931.09,index_price,1558349941359,open,0.09,9.3,0.048,0.135,0.09138935,110.68,0.082,0,BTC-24MAY19-8500-P,7931.09,94.96,0.086,0.8,0.089,0.8,103.83,2.80212,-40.00938,-0.67403,0.00038,-0.70898
7931.09,index_price,1558349941361,open,0.09,9.3,0.048,0.135,0.09138935,110.68,0.082,0,BTC-24MAY19-8500-P,7931.09,96.46,0.0865,0.8,0.089,0.8,103.83,2.80212,-40.00938,-0.67403,0.00038,-0.70898
250.76,index_price,1558349941549,open,0.21,111.0,0.171,0.25,0.210853,105.8,0.16,0,ETH-31MAY19-200-C,250.76,90.43,0.207,100.0,0.221,100.0,135.84,0.07133,-0.34698,0.0521,0.0036,0.9082
7931.09,index_price,1558349941577,open,0.18,13.0,0.1265,0.22,0.17340499,121.35,0.174,0,BTC-24MAY19-9250-P,7931.09,0.0,0.0025,1.0,0.2125,0.4,248.01,1.64885,-25.81293,-0.88589,0.0002,-0.87854
254.61,ETH-28JUN19,1558349941616,open,0.15,1757.0,0.101,0.192,0.14668,103.73,0.138,0.0,ETH-28JUN19-260-P,250.76,100.12,0.142,163.0,0.151,240.0,107.07,0.32959,-0.43972,-0.16377,0.0046,-0.45724
8023.36,BTC-28JUN19,1558349941762,open,0.0,520.8,0.0005,0.04,4.742e-05,135.0,0.0005,0.0,BTC-28JUN19-2000-P,7931.09,0.0,0.0,0.0,0.001,7.6,183.6,0.03531,-0.0613,-0.00358,0.0,-0.00037
250.76,index_price,1558349941847,open,0.07,8.0,0.029,0.113,0.071144,105.8,0.068,0,ETH-31MAY19-250-P,250.76,88.08,0.059,101.0,0.075,101.0,111.44,0.17168,-0.83509,-0.03946,0.00866,-0.45702
259.92,ETH-27SEP19,1558349941877,open,0.05,5417.0,0.009,0.093,0.051007,98.03,0.056,0.0,ETH-27SEP19-160-P,250.76,94.03,0.046,100.0,0.051,100.0,98.03,0.32957,-0.12439,-0.16825,0.0014,-0.13091
259.92,ETH-27SEP19,1558349941877,open,0.34,36.0,0.282,0.388,0.335076,99.31,0.327,0.0,ETH-27SEP19-300-P,250.76,95.92,0.327,60.0,0.346,60.0,103.91,0.61763,-0.23615,-0.75236,0.00259,-0.47842
259.92,ETH-27SEP19,1558349941877,open,0.29,842.0,0.258,0.337,0.297423,98.02,0.305,0.0,ETH-27SEP19-220-C,250.76,92.35,0.286,120.0,0.298,2.0,98.31,0.52353,-0.19756,0.38917,0.00222,0.71821
250.76,index_price,1558349941877,open,0.0,577.0,0.001,0.04,0.000778,150.92,0.001,0,ETH-24MAY19-180-P,250.76,0.0,0.0,0.0,0.001,88.0,156.62,0.00897,-0.17473,-0.00038,0.00089,-0.01357
250.76,index_price,1558349941877,open,0.16,650.0,0.126,0.205,0.16509,109.36,0.178,0,ETH-24MAY19-210-C,250.76,97.81,0.164,100.0,0.171,100.0,148.16,0.02728,-0.38495,0.02086,0.00374,0.9485
250.76,index_price,1558349941883,open,0.12,51.0,0.079,0.158,0.11878,105.8,0.14,0,ETH-31MAY19-230-C,250.76,109.57,0.121,2.0,0.124,56.0,114.62,0.14725,-0.71626,0.04446,0.00743,0.71379
254.59,ETH-28JUN19,1558349941889,open,0.31,3366.0,0.276,0.355,0.315467,103.8,0.259,0.0,ETH-28JUN19-180-C,250.76,0.0,0.079,100.0,1.0,1.0,500.0,0.16274,-0.21727,0.15404,0.00227,0.88353
254.59,ETH-28JUN19,1558349941910,open,0.49,386.0,0.452,0.531,0.491634,104.86,0.321,0.0,ETH-28JUN19-130-C,250.76,0.0,0.14,49.0,0.0,0.0,0.0,0.03392,-0.04575,0.13341,0.00047,0.98363
254.59,ETH-28JUN19,1558349941918,open,0.68,0.0,0.647,0.726,0.686611,150.74,None,0.0,ETH-28JUN19-80-C,250.76,0.0,0.003,2.0,0.0,0.0,0.0,0.01131,-0.02193,0.08371,0.00011,0.99533
254.59,ETH-28JUN19,1558349941918,open,0.0,9820.0,0.001,0.042,0.002259,104.86,0.003,0.0,ETH-28JUN19-130-P,250.76,92.9,0.001,200.0,0.003,64.0,109.94,0.03392,-0.04575,-0.00505,0.00047,-0.01637
254.59,ETH-28JUN19,1558349941918,open,0.53,50.0,0.491,0.57,0.530016,107.5,0.547,0.0,ETH-28JUN19-120-C,250.76,0.0,0.003,10.0,0.0,0.0,0.0,0.02251,-0.03112,0.12468,0.0003,0.98981
259.92,ETH-27SEP19,1558349941929,open,0.16,388.0,0.122,0.201,0.161339,100.05,0.137,0.0,ETH-27SEP19-320-C,250.76,96.96,0.154,225.0,0.168,285.0,102.85,0.61777,-0.23794,0.29476,0.00257,0.48004
259.92,ETH-27SEP19,1558349942016,open,0.55,147.0,0.516,0.595,0.555069,98.0,0.45,0.0,ETH-27SEP19-120-C,250.76,0.0,0.037,5.0,0.0,0.0,0.0,0.16805,-0.06341,0.36227,0.00071,0.94677
250.76,index_price,1558349942028,open,0.02,511.0,0.001,0.06,0.020736,117.29,0.022,0,ETH-24MAY19-270-C,250.76,112.34,0.019,58.0,0.024,447.0,126.41,0.08856,-1.34,0.00719,0.01131,0.29074
250.76,index_price,1558349942049,open,0.01,1577.0,0.001,0.046,0.006101,107.82,0.007,0,ETH-24MAY19-220-P,250.76,89.25,0.003,205.0,0.007,551.0,112.37,0.04817,-0.67007,-0.00306,0.00669,-0.1087
259.92,ETH-27SEP19,1558349942053,open,1.23,0.0,1.121,1.297,1.209312,109.62,None,0.0,ETH-27SEP19-560-P,250.76,0.0,0.0,0.0,0.0,0.0,0.0,0.43212,-0.18236,-1.8597,0.00164,-0.80149
250.76,index_price,1558349942072,open,0.0,991.0,0.001,0.04,0.000418,160.0,0.001,0,ETH-24MAY19-170-P,250.76,0.0,0.0,0.0,0.001,108.0,180.09,0.00525,-0.10485,-0.00021,0.00049,-0.00734
250.76,index_price,1558349942072,open,0.24,213.0,0.204,0.283,0.243236,132.7,0.211,0,ETH-24MAY19-190-C,250.76,0.0,0.001,30.0,0.322,2.0,492.08,0.01143,-0.19561,0.01967,0.00129,0.98202
254.59,ETH-28JUN19,1558349942090,open,0.61,0.0,0.535,0.662,0.598199,116.49,None,0.0,ETH-28JUN19-400-P,250.76,0.0,0.0,0.0,0.0,0.0,0.0,0.20138,-0.30171,-0.39024,0.0025,-0.84094
250.76,index_price,1558349942090,open,0.0,1423.0,0.001,0.042,0.002544,109.36,0.003,0,ETH-24MAY19-210-P,250.76,104.04,0.002,19.0,0.003,1.0,113.37,0.02728,-0.38494,-0.00144,0.00374,-0.0515
8023.35,BTC-28JUN19,1558349942130,open,0.76,1.3,0.6895,0.83,0.75981746,115.02,2.415,0.0,BTC-28JUN19-14000-P,7931.1,0.0,0.0,0.0,1.2115,1.0,499.83,4.51405,-6.67759,-14.20469,6e-05,-0.90241
8023.35,BTC-28JUN19,1558349942130,open,0.75,20.1,0.711,0.7905,0.7507753,135.07,0.578,0.0,BTC-28JUN19-2000-C,7931.1,0.0,0.002,0.5,0.8565,1.0,500.0,0.03549,-0.06165,2.12658,0.0,0.99963
8058.43,BTC-27SEP19,1558349942130,open,0.58,261.1,0.537,0.6165,0.57658986,94.16,0.52,0.0,BTC-27SEP19-3500-C,7931.1,0.0,0.161,1.0,0.589,0.5,114.61,4.03535,-1.46286,11.03012,2e-05,0.96127
8058.43,BTC-27SEP19,1558349942131,open,0.63,226.1,0.595,0.6745,0.63475526,99.66,0.585,0.0,BTC-27SEP19-3000-C,7931.1,0.0,0.0065,0.1,0.651,2.0,132.76,2.81292,-1.07928,9.75505,1e-05,0.97496
254.59,ETH-28JUN19,1558349942134,open,0.01,4448.0,0.001,0.05,0.010353,103.72,0.008,0.0,ETH-28JUN19-160-P,250.76,91.31,0.006,150.0,0.01,135.0,102.82,0.10104,-0.13478,-0.01951,0.00141,-0.0616
7931.1,index_price,1558349942130,open,0.05,19.2,0.0135,0.093,0.05318781,101.93,0.0525,0,BTC-31MAY19-8250-C,7931.1,99.45,0.0515,12.3,0.0575,20.8,108.24,5.41133,-25.35738,0.92799,0.00028,0.44588
7931.1,index_price,1558349942130,open,0.18,21.3,0.1425,0.222,0.18232936,113.05,0.121,0,BTC-24MAY19-6500-C,7931.1,0.0,0.0025,3.1,0.217,0.1,275.86,0.68498,-9.98971,0.65605,9e-05,0.96134
8023.36,BTC-28JUN19,1558349942136,open,0.21,13.7,0.158,0.254,0.20592044,99.38,0.1775,0.0,BTC-28JUN19-9000-P,7931.1,96.7,0.2025,14.4,0.214,14.4,105.68,10.2554,-13.1077,-6.68312,0.00015,-0.57614
8058.43,BTC-27SEP19,1558349942131,open,0.16,284.6,0.123,0.2025,0.1628477,87.35,0.1625,0.0,BTC-27DEC19-11000-C,7931.1,86.91,0.1615,10.0,0.1725,10.0,90.47,24.83437,-4.91049,14.14656,7e-05,0.45295
8058.43,BTC-27SEP19,1558349942131,open,1.32,0.0,1.2215,1.4065,1.31402636,97.48,None,0.0,BTC-27DEC19-18000-P,7931.1,0.0,0.006,5.0,2.1575,0.2,500.0,19.83775,-4.3776,-100.7466,5e-05,-0.75195
8058.43,BTC-27SEP19,1558349942130,open,0.53,12.9,0.467,0.5885,0.52787786,87.35,0.605,0.0,BTC-27DEC19-11000-P,7931.1,80.87,0.508,3.6,0.5385,3.6,90.79,24.83437,-4.91049,-52.41872,7e-05,-0.54705
7931.1,index_price,1558349942133,open,0.17,22.0,0.1165,0.209,0.16277183,105.63,0.199,0,BTC-31MAY19-9000-P,7931.1,87.79,0.153,6.0,0.161,6.0,102.53,4.55587,-22.12487,-2.10149,0.00023,-0.72649
7931.1,index_price,1558349942130,open,0.01,267.2,0.0005,0.0495,0.00971675,116.94,0.011,0,BTC-24MAY19-9000-C,7931.1,116.07,0.0095,2.9,0.0105,24.0,120.0,1.99925,-30.16019,0.12768,0.00026,0.16133
7931.1,index_price,1558349942130,open,0.53,0.0,0.4875,0.567,0.5272052,134.78,None,0,BTC-31MAY19-3750-C,7931.1,0.0,0.0065,0.5,0.0,0.0,0.0,0.02093,-0.12969,1.1163,0.0,0.99957
8058.44,BTC-27SEP19,1558349942131,open,0.54,27.1,0.5015,0.581,0.54137582,88.59,0.542,0.0,BTC-27DEC19-4000-C,7931.1,0.0,0.0185,10.0,0.98,0.5,500.0,9.90573,-1.98646,18.1337,3e-05,0.91324
259.92,ETH-27SEP19,1558349942186,open,0.23,1132.0,0.182,0.279,0.230209,98.04,0.23,0.0,ETH-27SEP19-260-P,250.76,94.88,0.223,80.0,0.24,80.0,102.34,0.59275,-0.22372,-0.56916,0.00252,-0.38519
254.59,ETH-28JUN19,1558349942186,open,0.28,736.0,0.245,0.324,0.284814,103.79,0.24,0.0,ETH-28JUN19-190-C,250.76,0.0,0.01,15.0,0.53,23.0,366.26,0.19436,-0.25945,0.15306,0.00271,0.84926
250.76,index_price,1558349942186,open,0.0,95.0,0.001,0.04,1e-06,160.0,0.001,0,ETH-24MAY19-130-P,250.76,0.0,0.0,0.0,0.001,250.0,288.18,3e-05,-0.00023,0.0,0.0,-2e-05
259.92,ETH-27SEP19,1558349942196,open,0.49,191.0,0.453,0.532,0.492457,98.01,0.5,0.0,ETH-27SEP19-140-C,250.76,0.0,0.044,1.0,0.0,0.0,0.0,0.24846,-0.09375,0.38764,0.00105,0.91159
254.59,ETH-28JUN19,1558349942201,open,0.0,3083.0,0.001,0.041,0.000986,125.68,0.001,0.0,ETH-28JUN19-100-P,250.76,0.0,0.0,0.0,0.002,245.0,138.88,0.01518,-0.02453,-0.00203,0.00017,-0.00651
250.76,index_price,1558349942209,open,0.48,0.0,0.442,0.521,0.481577,160.0,None,0,ETH-24MAY19-130-C,250.76,0.0,0.009,4.0,0.0,0.0,0.0,3e-05,-0.00054,0.0138,0.0,0.99998
250.76,index_price,1558349942212,open,0.02,992.0,0.001,0.054,0.014823,112.07,0.017,0,ETH-31MAY19-310-C,250.76,105.04,0.012,144.0,0.017,55.0,117.15,0.10479,-0.53989,0.01076,0.00499,0.15877
250.76,index_price,1558349942235,open,0.0,86.0,0.001,0.04,6e-06,160.0,0.001,0,ETH-24MAY19-140-P,250.76,0.0,0.0,0.0,0.001,250.0,258.54,0.00015,-0.00157,0.0,1e-05,-0.00015
254.59,ETH-28JUN19,1558349942239,open,0.01,7228.0,0.001,0.046,0.006523,103.73,0.008,0.0,ETH-28JUN19-150-P,250.76,89.04,0.003,150.0,0.007,138.0,105.34,0.07398,-0.0987,-0.01306,0.00103,-0.04164
250.76,index_price,1558349942240,open,0.0,981.0,0.001,0.04,0.000933,132.7,0.001,0,ETH-24MAY19-190-P,250.76,0.0,0.0,0.0,0.001,63.0,134.15,0.01143,-0.19561,-0.0005,0.00129,-0.01798
259.92,ETH-27SEP19,1558349942249,open,0.77,0.0,0.731,0.81,0.770589,111.01,0.01,0.0,ETH-27SEP19-60-C,250.76,0.0,0.003,10.0,0.0,0.0,0.0,0.02426,-0.01037,0.20712,9e-05,0.99454
250.76,index_price,1558349942249,open,0.36,0.0,0.323,0.402,0.362068,160.0,0.196,0,ETH-24MAY19-160-C,250.76,0.0,0.001,11.0,0.0,0.0,0.0,0.002,-0.04132,0.01692,0.00019,0.99751
254.59,ETH-28JUN19,1558349942274,open,0.0,1541.0,0.001,0.04,0.000818,150.19,0.001,0.0,ETH-28JUN19-80-P,250.76,0.0,0.0,0.0,0.001,82.0,154.09,0.01109,-0.02141,-0.00146,0.00011,-0.00457
250.76,index_price,1558349942289,open,0.2,550.0,0.164,0.243,0.203863,119.65,0.208,0,ETH-24MAY19-200-C,250.76,103.35,0.203,100.0,0.21,100.0,172.1,0.01708,-0.26361,0.02043,0.00214,0.97103
7931.1,index_price,1558349942320,open,0.09,9.3,0.048,0.135,0.09138843,110.68,0.082,0,BTC-24MAY19-8500-P,7931.1,94.96,0.086,0.8,0.089,0.8,103.83,2.80214,-40.00979,-0.67403,0.00038,-0.70898
259.92,ETH-27SEP19,1558349942320,open,0.93,0.0,0.843,0.996,0.919685,105.76,None,0.0,ETH-27SEP19-480-P,250.76,0.0,0.0,0.0,0.0,0.0,0.0,0.49851,-0.20298,-1.53901,0.00196,-0.74436
259.92,ETH-27SEP19,1558349942320,open,0.03,7481.0,0.001,0.072,0.031105,98.03,0.04,0.0,ETH-27SEP19-140-P,250.76,93.63,0.027,100.0,0.032,97.0,98.97,0.24851,-0.09379,-0.11056,0.00105,-0.08844
250.76,index_price,1558349942320,open,0.32,275.0,0.283,0.362,0.322479,160.0,0.256,0,ETH-24MAY19-170-C,250.76,0.0,0.001,17.0,0.417,1.0,500.0,0.00525,-0.10841,0.01784,0.00049,0.99266
7931.1,index_price,1558349942332,open,0.09,9.3,0.048,0.135,0.09138843,110.68,0.082,0,BTC-24MAY19-8500-P,7931.1,96.46,0.0865,0.8,0.089,0.8,103.83,2.80214,-40.00979,-0.67403,0.00038,-0.70898
254.6,ETH-28JUN19,1558349942349,open,0.2,1728.0,0.165,0.244,0.204601,103.75,0.223,0.0,ETH-28JUN19-220-C,250.76,94.85,0.195,140.0,0.206,60.0,105.04,0.27676,-0.36931,0.14138,0.00386,0.72597
259.92,ETH-27SEP19,1558349942353,open,0.0,174.0,0.001,0.041,0.001438,111.1,0.002,0.0,ETH-27SEP19-60-P,250.76,0.0,0.0,0.0,0.003,286.0,123.99,0.02436,-0.01042,-0.00641,9e-05,-0.00549
250.76,index_price,1558349942371,open,0.06,77.0,0.019,0.098,0.058438,107.73,0.048,0,ETH-31MAY19-260-C,250.76,104.17,0.056,171.0,0.064,59.0,115.84,0.17179,-0.85083,0.02997,0.00851,0.45953
259.92,ETH-27SEP19,1558349942386,open,0.05,5417.0,0.009,0.093,0.051,98.03,0.056,0.0,ETH-27SEP19-160-P,250.76,94.03,0.046,100.0,0.051,98.0,98.03,0.32957,-0.12439,-0.16825,0.0014,-0.13091
259.92,ETH-27SEP19,1558349942398,open,0.02,7287.0,0.001,0.057,0.016764,98.03,0.023,0.0,ETH-27SEP19-120-P,250.76,91.88,0.013,100.0,0.018,92.0,99.91,0.16813,-0.06345,-0.06476,0.00071,-0.05326
250.76,index_price,1558349942466,open,0.02,817.0,0.001,0.059,0.019997,111.72,0.018,0,ETH-31MAY19-300-C,250.76,103.21,0.016,139.0,0.023,67.0,117.75,0.12203,-0.62675,0.01362,0.00583,0.20234
250.76,index_price,1558349942475,open,0.28,100.0,0.245,0.324,0.284607,108.44,0.256,0,ETH-31MAY19-180-C,250.76,0.0,0.001,1.0,0.0,0.0,0.0,0.03035,-0.15128,0.05113,0.00149,0.9689
250.76,index_price,1558349942496,open,0.01,1577.0,0.001,0.046,0.006101,107.82,0.007,0,ETH-24MAY19-220-P,250.76,89.25,0.003,204.0,0.007,551.0,112.37,0.04817,-0.67007,-0.00306,0.00669,-0.1087
259.92,ETH-27SEP19,1558349942522,open,0.0,1723.0,0.001,0.043,0.003453,102.93,0.003,0.0,ETH-27SEP19-80-P,250.76,85.74,0.001,196.0,0.006,235.0,113.66,0.05191,-0.02057,-0.01522,0.00021,-0.013
259.92,ETH-27SEP19,1558349942539,open,0.01,3243.0,0.001,0.047,0.007642,98.29,0.008,0.0,ETH-27SEP19-100-P,250.76,90.43,0.005,250.0,0.01,99.0,104.14,0.09749,-0.03689,-0.0323,0.00041,-0.02728
259.92,ETH-27SEP19,1558349942614,open,0.08,4895.0,0.034,0.119,0.076568,98.03,0.067,0.0,ETH-27SEP19-180-P,250.76,94.44,0.071,80.0,0.076,98.0,97.67,0.40485,-0.1528,-0.236,0.00172,-0.17861
259.92,ETH-27SEP19,1558349942620,open,0.13,1098.0,0.09,0.169,0.129664,101.51,0.14,0.0,ETH-27SEP19-360-C,250.76,99.06,0.124,130.0,0.136,310.0,104.24,0.60167,-0.23513,0.25652,0.00247,0.40703
250.76,index_price,1558349942714,open,0.0,1948.0,0.001,0.041,0.001438,119.65,0.002,0,ETH-24MAY19-200-P,250.76,112.5,0.001,200.0,0.002,91.0,127.11,0.01708,-0.26361,-0.00081,0.00214,-0.02897
259.92,ETH-27SEP19,1558349942716,open,0.03,7481.0,0.001,0.072,0.031105,98.03,0.04,0.0,ETH-27SEP19-140-P,250.76,93.63,0.027,100.0,0.032,96.0,98.97,0.24851,-0.09379,-0.11056,0.00105,-0.08844
250.76,index_price,1558349942800,open,0.01,140.0,0.001,0.048,0.008429,105.8,0.003,0,ETH-31MAY19-200-P,250.76,87.66,0.004,1.0,0.008,68.0,104.28,0.07133,-0.34698,-0.00749,0.0036,-0.0918
250.76,index_price,1558349942804,open,0.26,0.0,0.202,0.301,0.251065,112.07,None,0,ETH-31MAY19-310-P,250.76,0.0,0.234,100.0,0.249,100.0,106.99,0.10479,-0.53989,-0.08161,0.00499,-0.84123
250.76,index_price,1558349942836,open,0.01,0.0,0.001,0.045,0.005549,112.09,None,0,ETH-31MAY19-340-C,250.76,92.39,0.002,100.0,0.007,57.0,117.96,0.05804,-0.2991,0.00481,0.00276,0.06988
7931.1,index_price,1558349942841,open,0.07,133.6,0.0345,0.114,0.0742733,104.0,0.071,0,BTC-24MAY19-7500-C,7931.1,107.51,0.0755,0.7,0.0785,0.7,115.97,2.7635,-37.07938,0.54159,0.0004,0.71738
250.76,index_price,1558349942846,open,0.06,77.0,0.019,0.098,0.058438,107.73,0.048,0,ETH-31MAY19-260-C,250.76,104.17,0.056,170.0,0.064,59.0,115.84,0.17179,-0.85083,0.02997,0.00851,0.45953
8058.44,BTC-27SEP19,1558349942870,open,0.0,1639.1,0.0005,0.041,0.00120902,124.18,0.0015,0.0,BTC-27SEP19-1500-P,7931.1,111.41,0.0005,5.0,0.001,5.1,121.13,0.58788,-0.28105,-0.15351,0.0,-0.00414
7931.1,index_price,1558349942881,open,0.0,566.4,0.0005,0.041,0.00105501,126.12,0.0015,0,BTC-31MAY19-5000-P,7931.1,0.0,0.0,0.0,0.002,4.0,139.31,0.45638,-2.64614,-0.03307,2e-05,-0.01294
250.76,index_price,1558349943083,open,0.1,0.0,0.052,0.139,0.095286,107.73,None,0,ETH-31MAY19-260-P,250.76,85.32,0.08,300.0,0.1,300.0,114.6,0.17179,-0.85083,-0.0475,0.00851,-0.54047
8058.45,BTC-27SEP19,1558349943129,open,1.52,0.0,1.413,1.6135,1.51334327,105.25,None,0.0,BTC-27SEP19-20000-P,7931.08,0.0,0.006,10.0,2.2745,0.2,500.0,10.08141,-4.08476,-68.38586,4e-05,-0.87161
7931.08,index_price,1558349943129,open,0.3,0.0,0.243,0.346,0.29439442,134.93,None,0,BTC-24MAY19-10250-P,7931.08,0.0,0.003,1.0,0.336,0.1,311.53,0.6744,-11.73914,-1.05813,7e-05,-0.96207
7931.08,index_price,1558349943132,open,0.04,449.3,0.0005,0.0785,0.03871751,104.01,0.0405,0,BTC-24MAY19-8000-C,7931.08,105.91,0.0395,3.1,0.0415,0.1,110.78,3.2592,-43.73265,0.37935,0.00047,0.48917
7931.08,index_price,1558349943130,open,0.06,635.5,0.0245,0.104,0.06424606,99.17,0.0695,0,BTC-31MAY19-8000-C,7931.08,98.81,0.064,10.7,0.0705,20.8,108.26,5.4583,-24.88513,1.0628,0.00029,0.51398
7931.08,index_price,1558349943129,open,0.09,0.4,0.05,0.137,0.09339746,101.93,0.17,0,BTC-31MAY19-8250-P,7931.08,89.58,0.085,18.0,0.0925,18.0,100.61,5.4113,-25.35697,-1.53023,0.00028,-0.55413
7931.08,index_price,1558349943129,open,0.08,9.0,0.0395,0.119,0.07945593,99.17,0.083,0,BTC-31MAY19-7750-C,7931.08,98.49,0.079,2.6,0.086,18.0,108.9,5.33047,-24.30232,1.20004,0.00029,0.58726
8058.43,BTC-27SEP19,1558349943133,open,0.11,64.7,0.0645,0.144,0.10404791,93.49,0.1025,0.0,BTC-27DEC19-15000-C,7931.08,90.9,0.097,10.0,0.1115,10.0,96.17,22.17157,-4.6922,10.13146,6e-05,0.31181
7931.08,index_price,1558349943132,open,0.0,103.5,0.0005,0.044,0.00390727,111.88,0.0055,0,BTC-24MAY19-6750-P,7931.08,108.95,0.0035,0.2,0.005,32.8,119.11,1.12918,-16.2985,-0.06448,0.00015,-0.07266
7931.08,index_price,1558349943320,open,0.09,9.3,0.048,0.135,0.09138752,110.67,0.082,0,BTC-24MAY19-8500-P,7931.08,94.95,0.086,0.8,0.089,0.8,103.83,2.80202,-40.00511,-0.67405,0.00038,-0.709
7931.08,index_price,1558349943328,open,0.09,9.3,0.048,0.135,0.09138752,110.67,0.082,0,BTC-24MAY19-8500-P,7931.08,96.46,0.0865,0.8,0.089,0.8,103.83,2.80202,-40.00511,-0.67405,0.00038,-0.709
250.76,index_price,1558349943381,open,0.0,193.0,0.001,0.041,0.001381,145.81,0.003,0,ETH-24MAY19-340-C,250.76,0.0,0.0,0.0,0.002,116.0,154.76,0.01536,-0.28898,0.00064,0.00158,0.02552
7931.08,index_price,1558349943400,open,0.02,212.3,0.0005,0.0595,0.01965724,110.68,0.0195,0,BTC-24MAY19-8500-C,7931.08,108.81,0.019,2.4,0.021,24.8,114.45,2.80209,-40.00888,0.22852,0.00038,0.29101
8058.45,BTC-27SEP19,1558349943446,open,0.34,717.8,0.2985,0.378,0.33813361,89.71,0.339,0.0,BTC-27SEP19-6000-C,7931.08,84.9,0.33,4.7,0.3475,4.9,95.18,13.71561,-4.73719,13.05812,7e-05,0.79353
7931.08,index_price,1558349943457,open,0.0,633.8,0.0005,0.04,0.00043093,134.99,0.001,0,BTC-31MAY19-4500-P,7931.08,0.0,0.0,0.0,0.001,14.7,150.47,0.21229,-1.31749,-0.0138,1e-05,-0.00541
7931.08,index_price,1558349943471,open,0.0,103.5,0.0005,0.044,0.00390727,111.88,0.0055,0,BTC-24MAY19-6750-P,7931.08,108.95,0.0035,0.2,0.005,32.9,119.11,1.12918,-16.2985,-0.06448,0.00015,-0.07266
250.76,index_price,1558349943524,open,0.19,0.0,0.137,0.23,0.183371,111.61,None,0,ETH-31MAY19-290-P,250.76,76.01,0.166,100.0,0.184,100.0,112.74,0.13904,-0.71345,-0.06935,0.00665,-0.74483
250.76,index_price,1558349943711,open,0.05,15.0,0.01,0.093,0.051781,105.8,0.06,0,ETH-31MAY19-240-P,250.76,87.63,0.04,515.0,0.055,115.0,110.74,0.16345,-0.79507,-0.03153,0.00825,-0.37015
259.9,ETH-27SEP19,1558349943734,open,1.37,0.0,1.263,1.45,1.356445,111.14,None,0.0,ETH-27SEP19-600-P,250.76,0.0,0.0,0.0,0.0,0.0,0.0,0.40117,-0.17165,-2.01639,0.0015,-0.82394
250.76,index_price,1558349943736,open,0.32,0.0,0.284,0.363,0.323765,116.86,None,0,ETH-31MAY19-170-C,250.76,0.0,0.001,1.0,0.0,0.0,0.0,0.0221,-0.1187,0.04894,0.00101,0.97871
250.76,index_price,1558349943736,open,0.14,1.0,0.107,0.186,0.146374,105.8,0.113,0,ETH-31MAY19-220-C,250.76,96.79,0.142,100.0,0.157,100.0,126.33,0.1246,-0.60609,0.04812,0.00629,0.79042
250.76,index_price,1558349944013,open,0.24,100.0,0.19,0.288,0.238719,120.54,0.223,0,ETH-24MAY19-310-P,250.76,0.0,0.228,100.0,0.236,100.0,0.0,0.02663,-0.4141,-0.03165,0.00331,-0.95005
7931.08,index_price,1558349944034,open,0.04,449.3,0.0005,0.0785,0.0387164,104.01,0.0405,0,BTC-24MAY19-8000-C,7931.08,105.91,0.0395,2.3,0.0415,0.1,110.78,3.2592,-43.73265,0.37935,0.00047,0.48917
7931.08,index_price,1558349944036,open,0.0,103.5,0.0005,0.044,0.00390756,111.88,0.0055,0,BTC-24MAY19-6750-P,7931.08,108.95,0.0035,0.2,0.005,32.2,119.11,1.12918,-16.2985,-0.06448,0.00015,-0.07266
7931.08,index_price,1558349944037,open,0.04,449.3,0.0005,0.0785,0.0387164,104.01,0.0405,0,BTC-24MAY19-8000-C,7931.08,105.91,0.0395,2.3,0.0415,0.9,110.78,3.2592,-43.73265,0.37935,0.00047,0.48917
7931.08,index_price,1558349944039,open,0.09,9.3,0.048,0.135,0.09138963,110.67,0.082,0,BTC-24MAY19-8500-P,7931.08,94.95,0.086,0.8,0.089,0.8,103.83,2.80202,-40.00511,-0.67405,0.00038,-0.709
7931.08,index_price,1558349944041,open,0.09,9.3,0.048,0.135,0.09138963,110.67,0.082,0,BTC-24MAY19-8500-P,7931.08,94.95,0.086,0.8,0.0895,0.8,105.28,2.80202,-40.00511,-0.67405,0.00038,-0.709
250.76,index_price,1558349944043,open,0.0,108.0,0.001,0.044,0.004634,106.8,0.002,0,ETH-31MAY19-190-P,250.76,0.0,0.0,0.0,0.004,74.0,103.38,0.04822,-0.23676,-0.00446,0.00241,-0.0551
7931.08,index_price,1558349944046,open,0.09,9.3,0.048,0.135,0.09138963,110.67,0.082,0,BTC-24MAY19-8500-P,7931.08,97.95,0.087,0.8,0.0895,0.8,105.28,2.80202,-40.00511,-0.67405,0.00038,-0.709
7931.08,index_price,1558349944047,open,0.12,20.0,0.0725,0.1615,0.11684547,113.01,0.122,0,BTC-24MAY19-8750-P,7931.08,95.94,0.112,0.5,0.115,6.5,106.78,2.39478,-34.91549,-0.75859,0.00032,-0.78394
8023.33,BTC-28JUN19,1558349944129,open,0.64,0.8,0.575,0.7055,0.6403584,112.05,2.171,0.0,BTC-28JUN19-13000-P,7931.07,0.0,0.07,1.0,1.1035,1.0,500.0,5.47377,-7.88827,-12.92572,7e-05,-0.87221
8058.43,BTC-27SEP19,1558349944130,open,0.03,122.6,0.0005,0.07,0.02924789,91.63,0.025,0.0,BTC-27SEP19-4500-P,7931.07,88.75,0.0265,21.0,0.032,4.3,94.42,7.82147,-2.75906,-3.42618,4e-05,-0.09024
8023.32,BTC-28JUN19,1558349944133,open,0.02,382.3,0.0005,0.0545,0.01491012,115.02,0.015,0.0,BTC-28JUN19-14000-C,7931.07,112.45,0.0135,34.0,0.016,3.5,116.92,4.51398,-6.67749,0.70653,6e-05,0.09759
8058.43,BTC-27SEP19,1558349944134,open,0.02,1018.2,0.0005,0.0645,0.02360464,92.27,0.024,0.0,BTC-27SEP19-4250-P,7931.07,89.12,0.021,21.0,0.027,16.7,96.18,6.82302,-2.42367,-2.83506,3e-05,-0.07527
8058.43,BTC-27SEP19,1558349944134,open,0.27,1024.3,0.2295,0.309,0.26906519,89.55,0.266,0.0,BTC-27SEP19-7000-C,7931.07,85.65,0.261,5.0,0.276,5.0,92.91,16.658,-5.74296,12.41912,8e-05,0.70218
8058.43,BTC-27SEP19,1558349944134,open,0.02,159.1,0.0005,0.0595,0.01881741,93.08,0.019,0.0,BTC-27SEP19-4000-P,7931.07,89.81,0.0165,21.0,0.0215,4.5,96.67,5.86679,-2.10238,-2.31422,3e-05,-0.06189
7931.07,index_price,1558349944131,open,0.12,163.5,0.077,0.1565,0.11696611,99.17,0.112,0,BTC-31MAY19-7250-C,7931.07,99.23,0.117,8.7,0.124,2.9,111.29,4.53414,-20.67171,1.44659,0.00024,0.7291
8058.42,BTC-27SEP19,1558349944137,open,0.38,250.5,0.3385,0.418,0.37828262,89.94,0.38,0.0,BTC-27SEP19-5500-C,7931.07,83.17,0.3685,4.8,0.3845,4.7,94.12,11.86134,-4.10694,13.13918,6e-05,0.83651
7931.07,index_price,1558349944130,open,0.03,204.4,0.0005,0.068,0.02821069,108.62,0.0255,0,BTC-24MAY19-8250-C,7931.07,105.53,0.027,3.5,0.0295,0.8,111.89,3.12038,-43.72391,0.29921,0.00043,0.3835
7931.07,index_price,1558349944129,open,0.0,207.8,0.0005,0.0415,0.00188895,113.06,0.0025,0,BTC-24MAY19-6500-P,7931.07,108.26,0.0015,5.7,0.0025,14.2,119.58,0.68522,-9.99422,-0.03416,9e-05,-0.03867
7931.07,index_price,1558349944136,open,0.03,245.2,0.0005,0.0675,0.027997,105.63,0.026,0,BTC-31MAY19-9000-C,7931.07,102.13,0.026,40.4,0.0305,2.6,109.95,4.55577,-22.12414,0.58017,0.00023,0.2735
7931.07,index_price,1558349944134,open,0.07,18.6,0.0305,0.1155,0.07293502,99.17,0.071,0,BTC-31MAY19-8000-P,7931.07,92.0,0.068,6.5,0.0735,18.0,99.99,5.4583,-24.88451,-1.32092,0.00029,-0.48603
7931.07,index_price,1558349944135,open,0.0,170.0,0.0005,0.04,0.00041699,134.95,0.0005,0,BTC-24MAY19-5750-P,7931.07,0.0,0.0,0.0,0.001,12.9,152.5,0.19101,-3.30715,-0.0076,2e-05,-0.00861
7931.07,index_price,1558349944243,open,0.09,9.3,0.048,0.135,0.09138963,110.67,0.082,0,BTC-24MAY19-8500-P,7931.07,96.45,0.0865,0.8,0.0895,0.8,105.27,2.80203,-40.00635,-0.67405,0.00038,-0.709
7931.07,index_price,1558349944250,open,0.09,9.3,0.048,0.135,0.09138963,110.67,0.082,0,BTC-24MAY19-8500-P,7931.07,97.95,0.087,0.8,0.0895,0.8,105.27,2.80203,-40.00635,-0.67405,0.00038,-0.709
7931.07,index_price,1558349944269,open,0.0,308.5,0.0005,0.0405,0.00085478,134.53,0.001,0,BTC-31MAY19-4750-P,7931.07,0.0,0.0,0.0,0.002,44.4,152.81,0.36712,-2.27056,-0.02582,1e-05,-0.01007
7931.07,index_price,1558349944282,open,0.04,571.6,0.0035,0.083,0.0432502,103.39,0.045,0,BTC-31MAY19-8500-C,7931.07,99.96,0.041,37.8,0.0465,3.0,108.31,5.22296,-24.82594,0.80168,0.00027,0.38249
7931.07,index_price,1558349944284,open,0.03,245.2,0.0005,0.0675,0.027997,105.63,0.026,0,BTC-31MAY19-9000-C,7931.07,102.13,0.026,40.4,0.0305,2.7,109.95,4.55577,-22.12414,0.58017,0.00023,0.2735
7931.07,index_price,1558349944287,open,0.0,566.4,0.0005,0.041,0.00105503,126.12,0.0015,0,BTC-31MAY19-5000-P,7931.07,0.0,0.0,0.0,0.002,3.9,139.31,0.45638,-2.64609,-0.03307,2e-05,-0.01294
7931.07,index_price,1558349944329,open,0.02,212.3,0.0005,0.0595,0.01965665,110.68,0.0195,0,BTC-24MAY19-8500-C,7931.07,108.81,0.019,2.3,0.021,24.8,114.45,2.80207,-40.00826,0.22852,0.00038,0.29101
7931.07,index_price,1558349944330,open,0.02,17.2,0.0005,0.0625,0.02269233,107.25,0.0235,0,BTC-31MAY19-9250-C,7931.07,103.99,0.021,24.0,0.0245,2.6,110.66,4.15848,-20.50456,0.49024,0.00021,0.23014
7931.07,index_price,1558349944338,open,0.01,149.3,0.0005,0.052,0.01162772,104.44,0.011,0,BTC-24MAY19-7250-P,7931.07,100.31,0.0105,2.9,0.013,24.8,109.31,2.19782,-29.61181,-0.16747,0.00032,-0.18724
7931.07,index_price,1558349944345,open,0.09,9.3,0.048,0.135,0.09138963,110.67,0.082,0,BTC-24MAY19-8500-P,7931.07,96.45,0.0865,0.8,0.0895,0.8,105.27,2.80203,-40.00635,-0.67405,0.00038,-0.709
7931.07,index_price,1558349944358,open,0.09,9.3,0.048,0.135,0.09138963,110.67,0.082,0,BTC-24MAY19-8500-P,7931.07,97.95,0.087,0.8,0.0895,0.8,105.27,2.80203,-40.00635,-0.67405,0.00038,-0.709
7931.07,index_price,1558349944360,open,0.0,235.0,0.0005,0.0425,0.00254101,118.97,0.0025,0,BTC-31MAY19-5500-P,7931.07,108.62,0.0015,30.0,0.004,43.2,129.9,0.92394,-5.05344,-0.07621,4e-05,-0.02971
7931.07,index_price,1558349944377,open,0.12,163.5,0.077,0.1565,0.11696611,99.17,0.112,0,BTC-31MAY19-7250-C,7931.07,99.23,0.117,6.0,0.124,2.9,111.29,4.53414,-20.67171,1.44659,0.00024,0.7291
7931.07,index_price,1558349944379,open,0.12,163.5,0.077,0.1565,0.11696611,99.17,0.112,0,BTC-31MAY19-7250-C,7931.07,99.23,0.117,6.0,0.124,3.0,111.29,4.53414,-20.67171,1.44659,0.00024,0.7291
7931.07,index_price,1558349944388,open,0.03,204.4,0.0005,0.068,0.02821069,108.62,0.0255,0,BTC-24MAY19-8250-C,7931.07,105.53,0.027,3.4,0.0295,0.8,111.89,3.12038,-43.72391,0.29921,0.00043,0.3835
7931.07,index_price,1558349944410,open,0.05,19.2,0.0135,0.093,0.05318804,101.93,0.0525,0,BTC-31MAY19-8250-C,7931.07,99.45,0.0515,12.3,0.0575,20.9,108.24,5.4113,-25.35786,0.92798,0.00028,0.44587
7931.07,index_price,1558349944422,open,0.0,35.1,0.0005,0.04,4.87e-05,135.0,0.0005,0,BTC-24MAY19-5250-P,7931.07,0.0,0.0,0.0,0.0005,10.0,172.66,0.03257,-0.38623,-0.00105,0.0,-0.0012
7931.07,index_price,1558349944426,open,0.01,186.5,0.0005,0.0535,0.01359094,113.02,0.01,0,BTC-24MAY19-8750-C,7931.07,111.05,0.013,2.8,0.0145,24.0,116.01,2.39489,-34.91965,0.17052,0.00032,0.21608
7931.07,index_price,1558349944434,open,0.01,288.8,0.0005,0.047,0.00710786,121.35,0.008,0,BTC-24MAY19-9250-C,7931.07,120.82,0.007,3.2,0.008,30.0,125.53,1.64874,-25.81057,0.09629,0.0002,0.12145
7931.07,index_price,1558349944441,open,0.0,633.8,0.0005,0.04,0.00043095,134.99,0.001,0,BTC-31MAY19-4500-P,7931.07,0.0,0.0,0.0,0.001,12.0,150.47,0.21229,-1.31752,-0.0138,1e-05,-0.00541
7931.07,index_price,1558349944447,open,0.04,449.3,0.0005,0.0785,0.0387164,104.01,0.0405,0,BTC-24MAY19-8000-C,7931.07,104.7,0.039,3.6,0.0415,0.9,110.78,3.25919,-43.73202,0.37935,0.00047,0.48917
7931.07,index_price,1558349944455,open,0.09,9.3,0.048,0.135,0.09138963,110.67,0.082,0,BTC-24MAY19-8500-P,7931.07,96.45,0.0865,0.8,0.0895,0.8,105.27,2.80203,-40.00635,-0.67405,0.00038,-0.709
7931.07,index_price,1558349944463,open,0.0,103.5,0.0005,0.044,0.00390756,111.88,0.0055,0,BTC-24MAY19-6750-P,7931.07,108.95,0.0035,0.2,0.005,32.1,119.11,1.12923,-16.2993,-0.06448,0.00015,-0.07266
7931.07,index_price,1558349944465,open,0.09,9.3,0.048,0.135,0.09138963,110.67,0.082,0,BTC-24MAY19-8500-P,7931.07,97.95,0.087,0.8,0.0895,0.8,105.27,2.80203,-40.00635,-0.67405,0.00038,-0.709
7931.07,index_price,1558349944464,open,0.05,155.7,0.015,0.0945,0.05464021,104.01,0.05,0,BTC-24MAY19-7750-C,7931.07,107.44,0.056,2.7,0.058,0.8,112.47,3.14448,-42.19288,0.46438,0.00045,0.60606
7931.07,index_price,1558349944484,open,0.0,101.4,0.0005,0.04,8.63e-06,135.0,0.0005,0,BTC-31MAY19-3500-P,7931.07,0.0,0.0,0.0,0.0005,17.6,192.86,0.0076,-0.04718,-0.00036,0.0,-0.00014
7931.07,index_price,1558349944498,open,0.03,2.6,0.0005,0.0745,0.03472169,104.29,0.0445,0,BTC-31MAY19-8750-C,7931.07,100.69,0.0325,39.2,0.038,3.1,109.54,4.92269,-23.6026,0.68421,0.00025,0.32425
7931.07,index_price,1558349944551,open,0.01,398.5,0.0005,0.045,0.00519301,125.28,0.005,0,BTC-24MAY19-9500-C,7931.07,124.12,0.005,2.5,0.006,31.0,129.89,1.33973,-21.65257,0.07239,0.00016,0.09115
7931.07,index_price,1558349944561,open,0.08,9.0,0.0395,0.119,0.07945487,99.17,0.083,0,BTC-31MAY19-7750-C,7931.07,97.75,0.0785,20.9,0.086,18.0,108.9,5.33047,-24.30218,1.20004,0.00029,0.58726
7931.07,index_price,1558349944626,open,0.03,2.6,0.0005,0.0745,0.03472169,104.29,0.0445,0,BTC-31MAY19-8750-C,7931.07,100.69,0.0325,39.2,0.0375,2.6,108.74,4.92269,-23.6026,0.68421,0.00025,0.32425
7931.07,index_price,1558349944632,open,0.0,125.3,0.0005,0.04,1.318e-05,135.0,0.0005,0,BTC-24MAY19-5000-P,7931.07,0.0,0.0,0.0,0.0005,15.9,190.97,0.01056,-0.10451,-0.00031,0.0,-0.00035
7931.07,index_price,1558349944628,open,0.06,635.5,0.0245,0.104,0.06424515,99.17,0.0695,0,BTC-31MAY19-8000-C,7931.07,98.81,0.064,10.7,0.0705,20.9,108.26,5.4583,-24.88497,1.06279,0.00029,0.51397
7931.07,index_price,1558349944646,open,0.0,390.1,0.0005,0.04,0.00019369,135.0,0.0005,0,BTC-31MAY19-4250-P,7931.07,0.0,0.0,0.0,0.001,14.8,164.14,0.11029,-0.68452,-0.00661,0.0,-0.00261
7931.07,index_price,1558349944654,open,0.1,273.9,0.0575,0.137,0.09702488,99.17,0.0905,0,BTC-31MAY19-7500-C,7931.07,98.34,0.0965,18.0,0.103,3.0,108.57,5.01711,-22.87358,1.33006,0.00027,0.65985
254.6,ETH-28JUN19,1558349944877,open,0.38,923.0,0.342,0.421,0.381897,103.68,0.357,0.0,ETH-28JUN19-160-C,250.76,0.0,0.05,1.0,0.0,0.0,0.0,0.10095,-0.13461,0.15093,0.00141,0.93847
250.76,index_price,1558349944877,open,0.07,1007.0,0.027,0.111,0.069101,115.84,0.069,0,ETH-24MAY19-260-P,250.76,90.21,0.059,300.0,0.069,300.0,115.59,0.10008,-1.49559,-0.01771,0.01294,-0.59617
254.6,ETH-28JUN19,1558349944897,open,0.34,1131.0,0.308,0.387,0.347855,103.69,0.303,0.0,ETH-28JUN19-170-C,250.76,0.0,0.05,100.0,0.63,1.0,452.68,0.13098,-0.17467,0.15339,0.00183,0.91352
259.88,ETH-27SEP19,1558349944918,open,0.4,22.0,0.337,0.448,0.3925,99.99,0.412,0.0,ETH-27SEP19-320-P,250.76,96.42,0.384,60.0,0.403,60.0,104.41,0.61765,-0.23777,-0.84398,0.00257,-0.5202
250.76,index_price,1558349944920,open,0.01,1653.0,0.001,0.053,0.013286,107.82,0.014,0,ETH-24MAY19-230-P,250.76,96.09,0.01,64.0,0.014,400.0,110.26,0.07284,-1.01319,-0.00574,0.01012,-0.20232
250.76,index_price,1558349944920,open,0.07,329.0,0.029,0.108,0.068134,107.82,0.072,0,ETH-24MAY19-240-C,250.76,112.82,0.07,45.0,0.075,356.0,126.1,0.09315,-1.2956,0.01613,0.01294,0.67375
250.76,index_price,1558349944931,open,0.4,0.0,0.362,0.441,0.40185,160.0,None,0,ETH-24MAY19-150-C,250.76,0.0,0.002,9.0,0.0,0.0,0.0,0.00062,-0.01275,0.01591,6e-05,0.99931
7931.07,index_price,1558349944944,open,0.21,0.0,0.155,0.251,0.20301371,125.28,None,0,BTC-24MAY19-9500-P,7931.07,0.0,0.0685,0.1,0.2435,0.3,265.9,1.33972,-21.6525,-0.93635,0.00016,-0.90885
259.88,ETH-27SEP19,1558349944984,open,0.59,31.0,0.516,0.642,0.579104,102.27,0.52,0.0,ETH-27SEP19-380-P,250.76,0.0,0.0,0.0,0.0,0.0,0.0,0.588,-0.23152,-1.11315,0.00239,-0.62467
254.6,ETH-28JUN19,1558349944998,open,0.01,6072.0,0.001,0.05,0.010921,123.72,0.009,0.0,ETH-28JUN19-500-C,250.76,119.14,0.009,150.0,0.013,100.0,128.2,0.11258,-0.17914,0.01625,0.00132,0.07083
254.6,ETH-28JUN19,1558349945028,open,0.45,335.0,0.414,0.493,0.453952,103.63,0.481,0.0,ETH-28JUN19-140-C,250.76,0.0,0.02,2.0,0.6,1.0,351.87,0.05074,-0.06763,0.14093,0.00071,0.97365
259.88,ETH-27SEP19,1558349945049,open,0.38,743.0,0.345,0.424,0.384037,98.07,0.338,0.0,ETH-27SEP19-180-C,250.76,0.0,0.222,100.0,0.63,10.0,253.09,0.40494,-0.15289,0.40434,0.00172,0.82129
254.6,ETH-28JUN19,1558349945064,open,0.06,2332.0,0.012,0.096,0.054134,103.74,0.047,0.0,ETH-28JUN19-210-P,250.76,99.55,0.05,10.0,0.053,320.0,102.6,0.25244,-0.33683,-0.07711,0.00352,-0.23023
250.76,index_price,1558349945066,open,0.44,1.0,0.402,0.481,0.441703,160.0,0.373,0,ETH-24MAY19-140-C,250.76,0.0,0.006,6.0,0.0,0.0,0.0,0.00015,-0.00306,0.01486,1e-05,0.99985
254.6,ETH-28JUN19,1558349945072,open,0.65,0.0,0.608,0.687,0.647478,138.71,None,0.0,ETH-28JUN19-90-C,250.76,0.0,0.003,3.0,0.0,0.0,0.0,0.01373,-0.0245,0.09402,0.00014,0.99419
8058.43,BTC-27SEP19,1558349945081,open,0.53,12.9,0.467,0.5885,0.52787766,87.35,0.605,0.0,BTC-27DEC19-11000-P,7931.07,80.71,0.5075,3.6,0.5385,3.6,90.79,24.83437,-4.91049,-52.41872,7e-05,-0.54705
250.76,index_price,1558349945082,open,0.04,2230.0,0.002,0.084,0.042734,107.82,0.04,0,ETH-24MAY19-250-P,250.76,91.38,0.036,103.0,0.045,300.0,113.35,0.10273,-1.42893,-0.01357,0.01427,-0.46698
259.88,ETH-27SEP19,1558349945090,open,0.69,0.0,0.656,0.735,0.695666,103.15,None,0.0,ETH-27SEP19-80-C,250.76,0.0,0.003,10.0,0.0,0.0,0.0,0.05233,-0.02078,0.26928,0.00021,0.98687
254.6,ETH-28JUN19,1558349945090,open,0.41,481.0,0.378,0.457,0.417341,103.66,0.385,0.0,ETH-28JUN19-150-C,250.76,0.0,0.02,2.0,0.49,1.0,230.95,0.07384,-0.09844,0.14673,0.00103,0.95845
250.76,index_price,1558349945092,open,0.0,269.0,0.001,0.04,3.2e-05,160.0,0.001,0,ETH-24MAY19-150-P,250.76,0.0,0.0,0.0,0.001,250.0,230.83,0.00062,-0.00802,-2e-05,6e-05,-0.00069
8058.43,BTC-27SEP19,1558349945129,open,0.01,42.8,0.0005,0.0545,0.01428427,93.23,0.027,0.0,BTC-27SEP19-3750-P,7931.04,87.48,0.011,15.0,0.0175,4.2,98.29,4.88677,-1.75396,-1.81764,2e-05,-0.04911
8058.43,BTC-27SEP19,1558349945129,open,0.0,319.4,0.0005,0.0445,0.00442539,106.76,0.0055,0.0,BTC-27SEP19-2500-P,7931.04,99.92,0.003,3.1,0.0055,4.2,111.09,1.87563,-0.77091,-0.57223,1e-05,-0.01553
8023.28,BTC-28JUN19,1558349945131,open,0.53,10.0,0.4625,0.5835,0.52299208,108.52,1.243,0.0,BTC-28JUN19-12000-P,7931.04,0.0,0.0,0.0,0.996,1.0,500.0,6.59187,-9.20043,-11.57366,9e-05,-0.83137
8023.28,BTC-28JUN19,1558349945132,open,0.01,295.5,0.0005,0.048,0.00776894,107.0,0.007,0.0,BTC-28JUN19-4750-P,7931.04,104.54,0.007,24.0,0.009,13.2,110.71,2.56573,-3.53104,-0.46716,3e-05,-0.0469
8058.43,BTC-27SEP19,1558349945130,open,0.82,0.0,0.7775,0.857,0.81729979,111.3,None,0.0,BTC-27DEC19-1500-C,7931.04,0.0,0.0245,10.0,0.992,0.5,500.0,1.49094,-0.37563,8.48119,0.0,0.99122
8058.43,BTC-27SEP19,1558349945134,open,1.28,1.0,1.182,1.363,1.27258715,102.39,1.5815,0.0,BTC-27SEP19-18000-P,7931.04,0.0,0.0065,0.1,2.035,0.3,499.68,11.50981,-4.53693,-60.68662,5e-05,-0.84386
8023.28,BTC-28JUN19,1558349945135,open,0.0,394.3,0.0005,0.042,0.00202326,124.69,0.002,0.0,BTC-28JUN19-3500-P,7931.04,112.72,0.001,10.0,0.003,3.4,132.84,0.84603,-1.3568,-0.12393,1e-05,-0.01248
8023.28,BTC-28JUN19,1558349945135,open,0.5,322.4,0.465,0.5445,0.5047134,115.08,0.451,0.0,BTC-28JUN19-4000-C,7931.04,0.0,0.0605,2.1,0.68,0.5,436.59,1.30123,-1.92603,4.05623,2e-05,0.97938
7931.04,index_price,1558349945130,open,0.02,163.2,0.0005,0.0625,0.02180445,99.16,0.0175,0,BTC-31MAY19-7000-P,7931.04,94.44,0.0195,25.0,0.023,24.0,101.57,3.91789,-17.86164,-0.5419,0.00021,-0.20751
8058.43,BTC-27SEP19,1558349945135,open,0.52,233.5,0.4825,0.562,0.52244306,93.08,0.5435,0.0,BTC-27SEP19-4000-C,7931.04,0.0,0.165,2.0,0.548,2.0,122.38,5.86682,-2.1024,11.91871,3e-05,0.93811
8058.43,BTC-27SEP19,1558349945135,open,0.01,374.8,0.0005,0.051,0.01091798,94.16,0.0155,0.0,BTC-27SEP19-3500-P,7931.04,87.88,0.008,15.0,0.0135,4.1,99.05,4.03541,-1.4629,-1.42374,2e-05,-0.03873
8058.43,BTC-27SEP19,1558349945133,open,1.55,0.0,1.445,1.6485,1.54663808,97.81,None,0.0,BTC-27DEC19-20000-P,7931.04,0.0,0.006,5.0,2.402,0.2,500.0,17.9526,-3.97506,-114.05478,5e-05,-0.79224
8058.4,BTC-27SEP19,1558349945136,open,0.7,0.0,0.6255,0.7605,0.69280397,95.72,None,0.0,BTC-27SEP19-13000-P,7931.04,0.0,0.0065,0.1,1.4425,0.3,500.0,16.46572,-6.06747,-40.21122,7e-05,-0.70957
7931.04,index_price,1558349945130,open,0.0,241.1,0.0005,0.04,7.832e-05,135.0,0.0005,0,BTC-31MAY19-4000-P,7931.04,0.0,0.0,0.0,0.0005,13.9,163.46,0.05155,-0.31993,-0.00285,0.0,-0.00113
8058.4,BTC-27SEP19,1558349945131,open,0.03,81.7,0.0005,0.0665,0.02580515,90.53,0.0335,0.0,BTC-27DEC19-3500-P,7931.04,87.53,0.023,10.0,0.0295,5.0,94.31,7.68414,-1.57483,-4.29332,2e-05,-0.06224
7931.04,index_price,1558349945132,open,0.0,939.5,0.0005,0.0415,0.00165768,122.51,0.001,0,BTC-31MAY19-5250-P,7931.04,103.07,0.0005,43.8,0.003,42.6,135.85,0.65902,-3.71183,-0.05086,3e-05,-0.01986
8058.4,BTC-27SEP19,1558349945135,open,0.32,57.2,0.2755,0.355,0.31526709,85.85,0.301,0.0,BTC-27DEC19-7000-C,7931.04,82.95,0.3075,5.0,0.3265,5.0,90.06,21.55979,-4.19017,19.10468,6e-05,0.70704
8058.4,BTC-27SEP19,1558349945133,open,0.74,0.0,0.672,0.8105,0.74124255,90.57,None,0.0,BTC-27DEC19-13000-P,7931.04,0.0,0.008,3.0,1.548,0.3,500.0,23.71062,-4.86145,-66.76869,7e-05,-0.62796
8058.4,BTC-27SEP19,1558349945135,open,0.64,1.3,0.569,0.6995,0.63414051,89.43,0.6035,0.0,BTC-27DEC19-12000-P,7931.04,80.68,0.608,3.6,0.641,3.6,91.69,24.38575,-4.93661,-59.63803,7e-05,-0.58884
7931.04,index_price,1558349945132,open,0.24,0.0,0.1845,0.2825,0.23347885,131.28,None,0,BTC-24MAY19-9750-P,7931.04,0.0,0.003,1.0,0.274,0.3,281.16,1.12521,-19.05748,-0.97786,0.00013,-0.92767
7931.04,index_price,1558349945136,open,0.49,9.0,0.456,0.5355,0.49573275,135.29,0.249,0,BTC-31MAY19-4000-C,7931.04,0.0,0.0165,0.2,0.0,0.0,0.0,0.05251,-0.3266,1.18894,0.0,0.99885
7931.04,index_price,1558349945149,open,0.18,13.0,0.1265,0.22,0.17340695,121.33,0.174,0,BTC-24MAY19-9250-P,7931.04,0.0,0.0025,1.0,0.2125,0.3,248.0,1.64828,-25.79925,-0.88594,0.0002,-0.8786
7931.04,index_price,1558349945149,open,0.05,48.0,0.006,0.089,0.04740694,104.0,0.056,0,BTC-24MAY19-8000-P,7931.04,96.93,0.0445,0.8,0.047,0.8,103.01,3.25918,-43.72902,-0.47013,0.00047,-0.51085
259.88,ETH-27SEP19,1558349945161,open,0.43,400.0,0.396,0.475,0.435425,98.08,0.383,0.0,ETH-27SEP19-160-C,250.76,0.0,0.38,1.0,0.599,10.0,212.85,0.32972,-0.1245,0.40091,0.0014,0.86898
254.6,ETH-28JUN19,1558349945200,open,0.33,0.0,0.267,0.372,0.319319,109.23,None,0.0,ETH-28JUN19-320-P,250.76,0.0,0.232,10.0,0.0,0.0,0.0,0.29778,-0.41834,-0.27054,0.00395,-0.67835
250.76,index_price,1558349945200,open,0.03,2694.0,0.001,0.066,0.025225,107.82,0.019,0,ETH-24MAY19-240-P,250.76,93.59,0.02,123.0,0.024,50.0,104.51,0.09315,-1.2956,-0.00936,0.01294,-0.32625
254.6,ETH-28JUN19,1558349945239,open,0.99,0.0,0.896,1.053,0.974863,123.9,None,0.0,ETH-28JUN19-500-P,250.76,0.0,0.0,0.0,0.0,0.0,0.0,0.11302,-0.18009,-0.51622,0.00132,-0.92881
254.6,ETH-28JUN19,1558349945239,open,0.08,2411.0,0.039,0.118,0.078375,107.33,0.078,0.0,ETH-28JUN19-300-C,250.76,104.62,0.075,126.0,0.083,446.0,111.03,0.31753,-0.43833,0.08305,0.00429,0.38465
259.88,ETH-27SEP19,1558349945248,open,0.46,31.0,0.395,0.51,0.452273,100.62,0.476,0.0,ETH-27SEP19-340-P,250.76,97.1,0.444,60.0,0.464,60.0,105.59,0.61174,-0.23698,-0.93483,0.00253,-0.55867
259.88,ETH-27SEP19,1558349945248,open,0.62,0.0,0.583,0.662,0.622907,98.43,None,0.0,ETH-27SEP19-100-C,250.76,0.0,0.003,10.0,0.0,0.0,0.0,0.09788,-0.03709,0.32335,0.00041,0.97258
254.6,ETH-28JUN19,1558349945248,open,0.2,60.0,0.151,0.246,0.198332,105.17,0.204,0.0,ETH-28JUN19-280-P,250.76,99.5,0.191,60.0,0.204,240.0,109.54,0.32964,-0.44588,-0.20076,0.00454,-0.54199
259.88,ETH-27SEP19,1558349945250,open,0.79,0.0,0.71,0.852,0.780955,104.69,None,0.0,ETH-27SEP19-440-P,250.76,0.0,0.0,0.0,0.0,0.0,0.0,0.53715,-0.2165,-1.37155,0.00213,-0.70226
250.76,index_price,1558349945250,open,0.04,440.0,0.006,0.085,0.045765,107.82,0.051,0,ETH-24MAY19-250-C,250.76,110.83,0.047,68.0,0.053,353.0,125.48,0.10273,-1.42893,0.01297,0.01427,0.53302
250.76,index_price,1558349945250,open,0.09,138.0,0.057,0.136,0.096074,107.82,0.094,0,ETH-24MAY19-230-C,250.76,110.98,0.097,47.0,0.102,164.0,127.29,0.07284,-1.01319,0.01868,0.01012,0.79768
254.6,ETH-28JUN19,1558349945273,open,0.0,2026.0,0.001,0.041,0.000987,138.97,0.001,0.0,ETH-28JUN19-90-P,250.76,0.0,0.0,0.0,0.002,273.0,153.4,0.01386,-0.02478,-0.00186,0.00014,-0.00587
254.6,ETH-28JUN19,1558349945290,open,0.11,4700.0,0.06,0.148,0.103869,103.75,0.104,0.0,ETH-28JUN19-240-P,250.76,98.15,0.097,105.0,0.106,425.0,105.48,0.31247,-0.41695,-0.12729,0.00436,-0.36553
8058.4,BTC-27SEP19,1558349945296,open,0.08,158.1,0.04,0.1195,0.07958651,95.72,0.084,0.0,BTC-27SEP19-13000-C,7931.04,93.21,0.0745,13.8,0.0855,14.9,98.59,16.46603,-6.06777,6.04604,7e-05,0.29044
254.6,ETH-28JUN19,1558349945320,open,0.23,541.0,0.19,0.269,0.229278,103.71,0.232,0.0,ETH-28JUN19-210-C,250.76,94.21,0.22,140.0,0.23,60.0,104.44,0.25242,-0.3367,0.14658,0.00353,0.76981
254.6,ETH-28JUN19,1558349945320,open,0.0,4769.0,0.001,0.041,0.001362,107.5,0.004,0.0,ETH-28JUN19-120-P,250.76,0.0,0.0,0.0,0.002,63.0,113.84,0.0225,-0.03111,-0.00313,0.0003,-0.01019
259.88,ETH-27SEP19,1558349945320,open,0.29,2.0,0.231,0.333,0.281802,99.01,0.737,0.0,ETH-27SEP19-280-P,250.76,95.26,0.273,60.0,0.291,60.0,102.94,0.60967,-0.23239,-0.66088,0.00256,-0.43288
259.88,ETH-27SEP19,1558349945337,open,0.03,7481.0,0.001,0.072,0.0311,98.01,0.04,0.0,ETH-27SEP19-140-P,250.76,93.62,0.027,100.0,0.032,95.0,98.95,0.2485,-0.09376,-0.11055,0.00106,-0.08845
7931.04,index_price,1558349945360,open,0.09,9.3,0.048,0.135,0.09139074,110.67,0.082,0,BTC-24MAY19-8500-P,7931.04,96.45,0.0865,0.8,0.0895,0.8,105.26,2.80192,-40.00279,-0.67406,0.00038,-0.70902
7931.04,index_price,1558349945358,open,0.12,163.5,0.077,0.1565,0.11696553,99.17,0.112,0,BTC-31MAY19-7250-C,7931.04,99.23,0.117,8.5,0.124,3.0,111.3,4.53422,-20.67271,1.44656,0.00024,0.72909
7931.04,index_price,1558349945368,open,0.09,9.3,0.048,0.135,0.09139074,110.67,0.082,0,BTC-24MAY19-8500-P,7931.04,97.94,0.087,0.8,0.0895,0.8,105.26,2.80192,-40.00279,-0.67406,0.00038,-0.70902
7931.04,index_price,1558349945378,open,0.12,163.5,0.077,0.1565,0.11696553,99.17,0.112,0,BTC-31MAY19-7250-C,7931.04,99.23,0.117,8.5,0.1235,2.6,110.45,4.53422,-20.67271,1.44656,0.00024,0.72909
7931.04,index_price,1558349945389,open,0.3,0.0,0.267,0.3465,0.30667798,135.24,None,0,BTC-24MAY19-5500-C,7931.04,0.0,0.0505,2.0,0.3395,0.1,391.96,0.08604,-1.50116,0.58092,1e-05,0.99649
250.76,index_price,1558349945401,open,0.16,0.0,0.106,0.198,0.151933,110.82,None,0,ETH-31MAY19-280-P,250.76,79.69,0.134,300.0,0.154,300.0,114.17,0.15383,-0.78373,-0.06251,0.00741,-0.68471
7931.04,index_price,1558349945411,open,0.01,267.2,0.0005,0.0495,0.0097166,116.94,0.011,0,BTC-24MAY19-9000-C,7931.04,116.08,0.0095,2.8,0.0105,24.0,120.0,1.99919,-30.16025,0.12767,0.00026,0.16132
8023.28,BTC-28JUN19,1558349945412,open,0.69,24.4,0.649,0.7285,0.68871244,135.09,0.5115,0.0,BTC-28JUN19-2500-C,7931.04,0.0,0.0025,0.5,0.8335,1.0,500.0,0.17226,-0.29929,2.64231,0.0,0.99792
7931.04,index_price,1558349945435,open,0.0,697.4,0.0005,0.044,0.00413653,131.32,0.003,0,BTC-24MAY19-9750-C,7931.04,130.35,0.004,2.7,0.005,30.0,137.11,1.12587,-19.07331,0.05747,0.00013,0.07238
7931.04,index_price,1558349945460,open,0.08,9.0,0.0395,0.119,0.07945445,99.17,0.083,0,BTC-31MAY19-7750-C,7931.04,97.75,0.0785,20.9,0.086,20.6,108.9,5.33048,-24.30275,1.20001,0.00029,0.58725
7931.04,index_price,1558349945533,open,0.43,20.2,0.3935,0.473,0.43304219,135.07,0.2355,0,BTC-31MAY19-4500-C,7931.04,0.0,0.0055,0.5,0.0,0.0,0.0,0.21304,-1.32293,1.32698,1e-05,0.99457
8023.28,BTC-28JUN19,1558349945546,open,0.0,857.0,0.0005,0.041,0.00102928,132.62,0.001,0.0,BTC-28JUN19-3000-P,7931.04,0.0,0.0,0.0,0.0015,2.2,139.65,0.47146,-0.80419,-0.06349,1e-05,-0.0064
7931.04,index_price,1558349945546,open,0.12,37.8,0.0705,0.1595,0.11498424,103.38,0.107,0,BTC-31MAY19-8500-P,7931.04,88.81,0.1055,18.0,0.1135,18.0,101.13,5.22288,-24.82441,-1.73105,0.00027,-0.61753
8023.28,BTC-28JUN19,1558349945603,open,0.63,43.8,0.5875,0.667,0.62711969,132.66,0.6,0.0,BTC-28JUN19-3000-C,7931.04,0.0,0.002,1.0,0.812,2.0,500.0,0.47218,-0.80566,3.13165,1e-05,0.99359
250.76,index_price,1558349945670,open,0.04,449.0,0.001,0.077,0.035992,105.8,0.035,0,ETH-31MAY19-230-P,250.76,91.97,0.028,69.0,0.036,191.0,105.82,0.14725,-0.71626,-0.02407,0.00743,-0.28621
8023.28,BTC-28JUN19,1558349945708,open,0.03,432.8,0.0005,0.067,0.02735187,108.53,0.03,0.0,BTC-28JUN19-12000-C,7931.04,106.24,0.0255,19.3,0.0295,19.4,111.1,6.59256,-9.20217,1.20756,9e-05,0.16866
259.88,ETH-27SEP19,1558349945831,open,0.03,7481.0,0.001,0.072,0.0311,98.01,0.04,0.0,ETH-27SEP19-140-P,250.76,93.62,0.027,100.0,0.032,96.0,98.95,0.2485,-0.09376,-0.11055,0.00106,-0.08845
8058.43,BTC-27SEP19,1558349945880,open,0.21,65.8,0.1575,0.2535,0.20554773,89.25,0.205,0.0,BTC-27SEP19-8000-P,7931.04,86.83,0.2,8.7,0.2135,5.0,92.73,18.44037,-6.33625,-17.07057,9e-05,-0.38979
8058.43,BTC-27SEP19,1558349945890,open,0.14,53.5,0.0925,0.183,0.13771969,89.55,0.134,0.0,BTC-27SEP19-7000-P,7931.04,86.54,0.1315,11.1,0.144,5.0,92.59,16.658,-5.74293,-12.48852,8e-05,-0.29782
8058.43,BTC-27SEP19,1558349945897,open,0.17,361.9,0.131,0.2105,0.17083939,90.28,0.164,0.0,BTC-27SEP19-9000-C,7931.04,88.45,0.1665,16.8,0.1795,5.0,93.93,19.13759,-6.65123,10.17041,9e-05,0.52553
8058.43,BTC-27SEP19,1558349945904,open,0.34,717.8,0.2985,0.378,0.33813387,89.72,0.339,0.0,BTC-27SEP19-6000-C,7931.04,84.9,0.33,4.7,0.347,4.6,94.89,13.71565,-4.73725,13.05802,7e-05,0.79353
250.76,index_price,1558349945956,open,0.03,9.0,0.001,0.066,0.026887,111.61,0.043,0,ETH-31MAY19-290-C,250.76,104.47,0.023,133.0,0.03,66.0,117.15,0.13904,-0.71345,0.01706,0.00665,0.25517
250.76,index_price,1558349946018,open,0.0,555.0,0.001,0.042,0.002425,108.43,0.005,0,ETH-31MAY19-180-P,250.76,0.0,0.0,0.0,0.002,60.0,104.73,0.03034,-0.15127,-0.0025,0.00149,-0.0311
8023.28,BTC-28JUN19,1558349946129,open,0.44,219.6,0.4055,0.485,0.44520863,110.22,0.471,0.0,BTC-28JUN19-4500-C,7930.64,0.0,0.2,1.0,0.55,0.1,290.42,2.11426,-2.99712,4.42538,3e-05,0.96307
8058.4,BTC-27SEP19,1558349946129,open,0.03,22.1,0.0005,0.066,0.02616765,107.95,0.0285,0.0,BTC-27SEP19-22000-C,7930.64,104.01,0.022,15.0,0.03,6.0,111.29,8.91507,-3.70503,2.34393,4e-05,0.10791
8023.28,BTC-28JUN19,1558349946129,open,0.01,731.2,0.0005,0.0505,0.01031269,105.14,0.0125,0.0,BTC-28JUN19-5000-P,7930.64,101.69,0.009,24.0,0.0115,3.2,108.1,3.14363,-4.25114,-0.606,4e-05,-0.0606
8058.4,BTC-27SEP19,1558349946130,open,0.01,615.6,0.0005,0.047,0.00703671,99.66,0.0135,0.0,BTC-27SEP19-3000-P,7930.64,94.96,0.0055,15.0,0.0085,4.4,103.65,2.81303,-1.07934,-0.91971,1e-05,-0.02504
8058.4,BTC-27SEP19,1558349946130,open,1.04,0.0,0.954,1.1165,1.03534632,99.48,None,0.0,BTC-27SEP19-16000-P,7930.64,0.0,0.0065,0.1,1.7975,0.2,500.0,13.25854,-5.0777,-52.76577,6e-05,-0.80487
8023.28,BTC-28JUN19,1558349946130,open,0.41,97.0,0.376,0.4555,0.41574409,107.01,0.1965,0.0,BTC-28JUN19-4750-C,7930.64,0.0,0.121,1.0,0.6885,2.0,500.0,2.56612,-3.53182,4.59191,3e-05,0.95309
8023.28,BTC-28JUN19,1558349946130,open,1.5,0.4,1.397,1.596,1.49646082,130.21,5.076,0.0,BTC-28JUN19-20000-P,7930.64,0.0,0.0,0.0,1.883,2.0,499.78,1.60063,-2.68058,-21.10809,2e-05,-0.97362
8058.4,BTC-27SEP19,1558349946130,open,0.82,42.8,0.7755,0.855,0.81506825,124.18,0.815,0.0,BTC-27SEP19-1500-C,7930.64,0.0,0.0,0.0,0.0,0.0,0.0,0.58798,-0.2811,5.18381,0.0,0.99585
8023.28,BTC-28JUN19,1558349946130,open,0.02,393.5,0.0005,0.058,0.01756985,102.12,0.02,0.0,BTC-28JUN19-5500-P,7930.64,100.18,0.0165,24.0,0.0195,33.2,105.5,4.48935,-5.8964,-0.97789,6e-05,-0.09686
8058.4,BTC-27SEP19,1558349946130,open,0.29,15.2,0.2365,0.339,0.28768509,90.28,0.265,0.0,BTC-27SEP19-9000-P,7930.64,85.15,0.2755,3.6,0.297,3.6,94.2,19.13753,-6.65121,-21.85382,9e-05,-0.47447
8058.4,BTC-27SEP19,1558349946131,open,0.14,963.0,0.099,0.1785,0.13877175,91.58,0.133,0.0,BTC-27SEP19-10000-C,7930.64,89.99,0.135,12.4,0.147,10.0,95.06,19.03465,-6.71132,8.96576,9e-05,0.45145
8022.88,BTC-28JUN19,1558349946131,open,0.08,482.5,0.0445,0.124,0.08419465,99.39,0.08,0.0,BTC-28JUN19-9000-C,7930.64,96.89,0.081,28.5,0.089,15.1,103.14,10.25458,-13.10862,2.90214,0.00015,0.42382
8022.88,BTC-28JUN19,1558349946130,open,0.13,93.0,0.0815,0.171,0.12607256,98.49,0.121,0.0,BTC-28JUN19-8000-P,7930.64,95.31,0.122,14.4,0.131,15.2,102.33,10.29645,-13.04219,-4.77445,0.00015,-0.43267
8058.4,BTC-27SEP19,1558349946130,open,0.81,0.0,0.7325,0.8765,0.80465286,96.94,None,0.0,BTC-27SEP19-14000-P,7930.64,0.0,0.0065,0.1,1.56,0.3,499.79,15.36224,-5.73342,-44.50024,7e-05,-0.7473
8058.4,BTC-27SEP19,1558349946131,open,0.5,0.2,0.4565,0.536,0.49620549,92.27,0.26,0.0,BTC-27SEP19-4250-C,7930.64,0.0,0.0105,0.1,0.526,2.0,122.39,6.82311,-2.42371,12.28739,3e-05,0.92473
8022.88,BTC-28JUN19,1558349946131,open,0.09,35.6,0.05,0.137,0.09361331,98.49,0.0885,0.0,BTC-28JUN19-7500-P,7930.64,95.1,0.0895,19.3,0.097,17.8,101.27,9.75312,-12.35441,-3.83811,0.00014,-0.35555
7930.64,index_price,1558349946129,open,0.14,0.0,0.0925,0.183,0.13798049,104.22,None,0,BTC-31MAY19-8750-P,7930.64,88.55,0.1285,18.0,0.1365,18.0,101.83,4.92084,-23.57868,-1.92348,0.00025,-0.676
8058.4,BTC-27SEP19,1558349946131,open,0.92,0.0,0.8425,0.9955,0.91875737,98.05,None,0.0,BTC-27SEP19-15000-P,7930.64,0.0,0.0065,0.1,1.6785,0.3,499.87,14.25771,-5.38177,-48.69053,6e-05,-0.77933
8022.88,BTC-28JUN19,1558349946131,open,0.01,444.0,0.0005,0.051,0.01146659,118.18,0.0115,0.0,BTC-28JUN19-15000-C,7930.64,114.94,0.01,24.0,0.0125,3.5,120.34,3.75999,-5.71529,0.55509,5e-05,0.07643
8022.88,BTC-28JUN19,1558349946131,open,0.39,691.4,0.3475,0.427,0.38712823,105.22,0.37,0.0,BTC-28JUN19-5000-C,7930.64,0.0,0.235,0.1,0.5,10.0,269.61,3.1484,-4.26064,4.71815,4e-05,0.93928
8058.4,BTC-27SEP19,1558349946131,open,0.04,229.1,0.0015,0.0845,0.04317245,90.64,0.039,0.0,BTC-27SEP19-5000-P,7930.64,87.6,0.0395,20.5,0.047,10.5,93.73,9.86415,-3.44209,-4.80604,5e-05,-0.12444
8022.88,BTC-28JUN19,1558349946131,open,0.33,144.0,0.2925,0.372,0.33206723,102.18,0.3335,0.0,BTC-28JUN19-5500-C,7930.64,91.49,0.3265,3.1,0.334,3.1,105.56,4.49306,-5.90447,4.87884,6e-05,0.90302
7930.64,index_price,1558349946129,open,0.0,141.8,0.0005,0.042,0.00201352,134.98,0.002,0,BTC-24MAY19-10250-C,7930.64,134.83,0.002,100.0,0.0035,40.0,149.7,0.67488,-11.7526,0.03027,7e-05,0.03796
7930.64,index_price,1558349946130,open,0.4,42.8,0.362,0.4415,0.40194222,135.16,0.251,0,BTC-31MAY19-4750-C,7930.64,0.0,0.01,1.0,0.0,0.0,0.0,0.37574,-2.33484,1.3888,1e-05,0.98966
8022.88,BTC-28JUN19,1558349946132,open,0.03,380.4,0.0005,0.0695,0.02870844,100.12,0.031,0.0,BTC-28JUN19-6000-P,7930.64,97.81,0.027,24.0,0.0315,22.3,103.8,6.00275,-7.72944,-1.49518,9e-05,-0.14627
8058.4,BTC-27SEP19,1558349946132,open,0.08,170.9,0.0395,0.126,0.08269577,89.71,0.0805,0.0,BTC-27SEP19-6000-P,7930.64,87.24,0.0785,13.0,0.0875,10.9,92.53,13.71566,-4.73722,-8.29142,7e-05,-0.20647
8058.4,BTC-27SEP19,1558349946132,open,0.06,36.2,0.0175,0.097,0.057352,98.05,0.0605,0.0,BTC-27SEP19-15000-C,7930.64,95.27,0.0525,14.4,0.0625,4.9,100.92,14.25825,-5.38216,4.68328,6e-05,0.22068
