underlying_price,underlying_index,timestamp,state,settlement_price,open_interest,min_price,max_price,mark_price,mark_iv,last_price,interest_rate,instrument_name,index_price,bid_iv,best_bid_price,best_bid_amount,best_ask_price,best_ask_amount,ask_iv,vega,theta,rho,gamma,delta
10005.93,SYN.BTC-26JUL19,1563879539980,open,0.04,598.4,0.001,0.084,0.04250918,120.98,0.0495,0.0,BTC-26JUL19-10000-P,10000.63,113.88,0.04,0.3,0.057,10.0,161.99,3.53697,-74.39692,-0.40906,0.00037,-0.47639
10005.93,SYN.BTC-26JUL19,1563879539983,open,0.04,598.4,0.001,0.084,0.04250918,120.98,0.0495,0.0,BTC-26JUL19-10000-P,10000.63,113.88,0.04,0.3,0.0485,0.2,137.93,3.53697,-74.39692,-0.40906,0.00037,-0.47639
10123.41,BTC-27SEP19,1563879539968,open,0.01,103.7,0.0005,0.046,0.00620015,110.79,0.006,0.0,BTC-27SEP19-26000-C,10000.63,105.51,0.0045,20.0,0.0075,39.0,114.24,3.59085,-3.01965,0.58972,2e-05,0.03848
10250.85,BTC-27DEC19,1563879539989,open,0.09,244.8,0.048,0.1345,0.09120324,99.85,0.074,0.0,BTC-27DEC19-7000-P,10000.63,94.79,0.0825,10.1,0.091,14.9,99.74,17.72055,-5.6397,-12.01066,4e-05,-0.18141
10123.41,BTC-27SEP19,1563879539998,open,0.07,504.2,0.027,0.112,0.06958454,101.43,0.0615,0.0,BTC-27SEP19-8000-P,10000.63,96.6,0.0635,12.6,0.0785,0.2,108.4,12.83638,-9.88192,-5.34755,7e-05,-0.2231
10071.2,SYN.BTC-30AUG19,1563879539997,open,0.02,154.1,0.0005,0.0605,0.01993629,104.69,0.02,0.0,BTC-30AUG19-7000-P,10000.63,96.82,0.0155,10.0,0.0205,24.0,105.64,5.94581,-8.21736,-1.31769,5e-05,-0.10615
10123.41,BTC-27SEP19,1563879540048,open,0.16,228.9,0.117,0.21,0.16351267,101.43,0.165,0.0,BTC-27SEP19-10000-P,10000.63,99.9,0.161,0.1,0.167,0.2,103.55,16.65461,-12.82126,-10.36255,9e-05,-0.40365
10005.93,SYN.BTC-26JUL19,1563879540055,open,0.07,91.9,0.032,0.1115,0.07157081,120.26,0.0645,0.0,BTC-26JUL19-9500-C,10000.63,0.0,0.038,1.0,0.148,1.6,352.19,3.06337,-64.05317,0.49952,0.00032,0.70521
10005.93,SYN.BTC-26JUL19,1563879540057,open,0.07,91.9,0.032,0.1115,0.07157081,120.26,0.0645,0.0,BTC-26JUL19-9500-C,10000.63,0.0,0.038,1.0,0.079,0.3,144.06,3.06337,-64.05317,0.49952,0.00032,0.70521
10123.41,BTC-27SEP19,1563879540060,open,0.07,504.2,0.027,0.112,0.06958454,101.43,0.0615,0.0,BTC-27SEP19-8000-P,10000.63,96.6,0.0635,12.6,0.071,19.3,102.54,12.83638,-9.88192,-5.34755,7e-05,-0.2231
10005.93,SYN.BTC-26JUL19,1563879540066,open,0.04,598.4,0.001,0.084,0.04250918,120.98,0.0495,0.0,BTC-26JUL19-10000-P,10000.63,113.88,0.04,0.3,0.057,10.0,161.99,3.53697,-74.39692,-0.40906,0.00037,-0.47639
10250.85,BTC-27DEC19,1563879540062,open,0.07,157.7,0.0265,0.106,0.0660329,105.36,0.082,0.0,BTC-27DEC19-22000-C,10000.63,104.31,0.064,4.9,0.0685,10.0,106.61,20.08067,-6.74303,6.93932,4e-05,0.22354
10005.93,SYN.BTC-26JUL19,1563879540071,open,0.04,598.4,0.001,0.084,0.04250918,120.98,0.0495,0.0,BTC-26JUL19-10000-P,10000.63,113.88,0.04,0.3,0.049,0.5,139.34,3.53697,-74.39692,-0.40906,0.00037,-0.47639
215.44,ETH-27DEC19,1563879540077,open,0.03,801.0,0.001,0.066,0.026577,111.82,0.031,0.0,ETH-27DEC19-720-C,212.24,108.61,0.023,50.0,0.029,300.0,113.88,0.2486,-0.0886,0.06836,0.00111,0.1004
213.74,ETH-27SEP19,1563879540077,open,0.0,2155.0,0.001,0.042,0.002998,122.08,0.002,0.0,ETH-27SEP19-720-C,212.24,116.19,0.002,80.0,0.004,300.0,126.75,0.04143,-0.03839,0.00604,0.00041,0.01865
213.74,ETH-27SEP19,1563879540077,open,0.0,2495.0,0.001,0.044,0.004689,119.53,0.006,0.0,ETH-27SEP19-640-C,212.24,112.48,0.003,100.0,0.006,500.0,123.91,0.05892,-0.05346,0.00912,0.0006,0.02834
213.74,ETH-27SEP19,1563879540077,open,0.0,4680.0,0.001,0.042,0.002251,122.08,0.002,0.0,ETH-27SEP19-760-C,212.24,111.58,0.001,605.0,0.003,200.0,126.43,0.03317,-0.03073,0.00468,0.00033,0.01438
215.44,ETH-27DEC19,1563879540077,open,0.05,166.0,0.008,0.087,0.047021,109.4,0.06,0.0,ETH-27DEC19-560-C,212.24,107.52,0.044,40.0,0.05,110.0,111.2,0.35088,-0.12234,0.10943,0.00161,0.1652
215.44,ETH-27DEC19,1563879540077,open,1.83,0.0,1.712,1.937,1.824927,109.76,0.953,0.0,ETH-27DEC19-600-P,212.24,0.0,0.001,100.0,0.0,0.0,0.0,0.32003,-0.11195,-2.48265,0.00146,-0.85626
215.44,ETH-27DEC19,1563879540077,open,0.49,0.0,0.456,0.535,0.495351,103.3,None,0.0,ETH-27DEC19-120-C,212.24,0.0,0.001,1200.0,0.99,5.0,500.0,0.27338,-0.09001,0.36122,0.00133,0.88545
213.73,ETH-27SEP19,1563879540078,open,0.81,259.0,0.74,0.884,0.812334,112.13,0.94,0.0,ETH-27SEP19-380-P,212.24,0.0,0.009,8.0,0.0,0.0,0.0,0.22634,-0.19263,-0.63504,0.00245,-0.83393
215.44,ETH-27DEC19,1563879540077,open,0.79,241.0,0.717,0.859,0.787732,106.29,0.986,0.0,ETH-27DEC19-360-P,212.24,83.62,0.736,110.0,0.86,110.0,134.92,0.52253,-0.17701,-1.33233,0.00246,-0.65115
213.73,ETH-27SEP19,1563879540077,open,0.56,496.0,0.497,0.621,0.558923,110.97,0.556,0.0,ETH-27SEP19-320-P,212.24,0.0,0.0,0.0,0.61,110.0,144.8,0.29883,-0.2517,-0.49815,0.00327,-0.73249
212.32,SYN.ETH-26JUL19,1563879540077,open,0.0,1074.0,0.001,0.04,0.0,144.98,0.001,0.0,ETH-26JUL19-480-C,212.24,0.0,0.0,0.0,0.003,300.0,424.21,0.0,0.0,0.0,0.0,0.0
213.73,ETH-27SEP19,1563879540078,open,0.63,0.0,0.588,0.667,0.627476,109.86,None,0.0,ETH-27SEP19-80-C,212.24,0.0,0.003,10.0,0.0,0.0,0.0,0.0235,-0.0196,0.13997,0.00026,0.99033
212.47,SYN.ETH-2AUG19,1563879540078,open,0.21,0.0,0.172,0.251,0.211648,121.18,None,0.0,ETH-2AUG19-170-C,212.24,0.0,0.0,0.0,0.0,0.0,0.0,0.06637,-0.40719,0.03891,0.00448,0.88848
213.73,ETH-27SEP19,1563879540079,open,0.72,0.0,0.681,0.76,0.720712,135.85,0.01,0.0,ETH-27SEP19-60-C,212.24,0.0,0.003,10.0,0.0,0.0,0.0,0.01633,-0.01684,0.10527,0.00015,0.99361
213.73,ETH-27SEP19,1563879540079,open,0.48,769.0,0.419,0.536,0.477757,109.7,0.391,0.0,ETH-27SEP19-300-P,212.24,87.93,0.447,110.0,0.523,110.0,138.47,0.32054,-0.2669,-0.45027,0.00354,-0.68953
213.73,ETH-27SEP19,1563879540079,open,0.26,779.0,0.217,0.296,0.25694,107.69,0.227,0.0,ETH-27SEP19-180-C,212.24,86.22,0.227,99.0,0.6,1.0,365.88,0.30181,-0.24669,0.18137,0.0034,0.72714
213.11,SYN.ETH-30AUG19,1563879540077,open,0.03,255.0,0.001,0.07,0.030173,114.07,0.052,0.0,ETH-30AUG19-320-C,212.24,111.44,0.028,160.0,0.033,567.0,117.38,0.17893,-0.26943,0.03271,0.00333,0.17809
213.73,ETH-27SEP19,1563879540080,open,0.01,4311.0,0.001,0.046,0.006177,107.68,0.005,0.0,ETH-27SEP19-100-P,212.24,99.1,0.004,1.0,0.006,200.0,107.05,0.06082,-0.04971,-0.01374,0.00069,-0.02944
213.73,ETH-27SEP19,1563879540080,open,0.45,47.0,0.416,0.495,0.45518,107.71,0.689,0.0,ETH-27SEP19-120-C,212.24,0.0,0.001,100.0,0.0,0.0,0.0,0.11934,-0.09756,0.1839,0.00134,0.93191
212.32,SYN.ETH-26JUL19,1563879540077,open,0.0,0.0,0.001,0.04,0.000115,145.04,None,0.0,ETH-26JUL19-150-P,212.24,0.0,0.0,0.0,0.002,300.0,211.99,0.00165,-0.02441,-5e-05,0.00032,-0.00286
212.32,SYN.ETH-26JUL19,1563879540078,open,0.25,0.0,0.207,0.286,0.246805,139.12,None,0.0,ETH-26JUL19-160-C,212.24,0.0,0.0,0.0,0.0,0.0,0.0,0.00472,-0.11421,0.01244,0.00096,0.99068
212.47,SYN.ETH-2AUG19,1563879540077,open,0.17,0.0,0.134,0.213,0.173634,121.24,None,0.0,ETH-2AUG19-180-C,212.24,0.0,0.0,0.0,0.0,0.0,0.0,0.09036,-0.55468,0.0374,0.0061,0.82417
212.32,SYN.ETH-26JUL19,1563879540077,open,0.0,2112.0,0.001,0.04,0.0,144.98,0.001,0.0,ETH-26JUL19-500-C,212.24,0.0,0.0,0.0,0.003,300.0,441.22,0.0,0.0,0.0,0.0,0.0
213.73,ETH-27SEP19,1563879540081,open,0.9,79.0,0.824,0.975,0.89965,112.13,0.351,0.0,ETH-27SEP19-400-P,212.24,0.0,0.01,1.0,0.0,0.0,0.0,0.2027,-0.1725,-0.67854,0.00219,-0.85939
212.32,SYN.ETH-26JUL19,1563879540077,open,0.0,600.0,0.001,0.043,0.003666,124.35,0.008,0.0,ETH-26JUL19-250-C,212.24,109.31,0.002,250.0,0.006,550.0,140.37,0.02723,-0.58875,0.00123,0.00617,0.07705
212.32,SYN.ETH-26JUL19,1563879540077,open,0.0,1934.0,0.001,0.04,0.000568,137.63,0.002,0.0,ETH-26JUL19-280-C,212.24,0.0,0.0,0.0,0.001,3.0,148.96,0.00663,-0.12054,0.00022,0.00136,0.01376
212.32,SYN.ETH-26JUL19,1563879540079,open,0.01,1438.0,0.001,0.047,0.00732,121.55,0.008,0.0,ETH-26JUL19-240-C,212.24,108.89,0.005,546.0,0.009,250.0,129.73,0.04187,-0.8848,0.00221,0.0097,0.13961
213.11,SYN.ETH-30AUG19,1563879540077,open,0.71,0.0,0.638,0.774,0.706213,115.09,None,0.0,ETH-30AUG19-360-P,212.24,0.0,0.0,0.0,0.0,0.0,0.0,0.12873,-0.19558,-0.35308,0.00237,-0.89042
212.32,SYN.ETH-26JUL19,1563879540079,open,0.32,867.0,0.267,0.372,0.319487,141.35,0.42,0.0,ETH-26JUL19-280-P,212.24,0.0,0.022,7.0,0.348,10.0,323.38,0.00757,-0.18603,-0.0218,0.00151,-0.98394
212.32,SYN.ETH-26JUL19,1563879540077,open,0.0,1117.0,0.001,0.04,0.0,144.98,0.001,0.0,ETH-26JUL19-440-C,212.24,0.0,0.0,0.0,0.002,302.0,366.03,0.0,0.0,0.0,0.0,0.0
213.11,SYN.ETH-30AUG19,1563879540077,open,0.62,0.0,0.554,0.682,0.618111,114.73,None,0.0,ETH-30AUG19-340-P,212.24,0.0,0.0,0.0,0.0,0.0,0.0,0.15298,-0.23169,-0.32681,0.00283,-0.85975
212.32,SYN.ETH-26JUL19,1563879540077,open,0.0,841.0,0.001,0.04,0.000764,123.31,0.002,0.0,ETH-26JUL19-170-P,212.24,0.0,0.0,0.0,0.002,250.0,145.44,0.00854,-0.1623,-0.00032,0.00195,-0.01851
212.32,SYN.ETH-26JUL19,1563879540077,open,0.2,0.0,0.16,0.239,0.199992,121.37,None,0.0,ETH-26JUL19-170-C,212.24,0.0,0.0,0.0,0.0,0.0,0.0,0.008,-0.16873,0.0131,0.00185,0.98287
212.32,SYN.ETH-26JUL19,1563879540080,open,0.89,985.0,0.809,0.959,0.88417,248.2,0.205,0.0,ETH-26JUL19-400-P,212.24,0.0,0.0,0.0,0.0,0.0,0.0,0.00164,-0.07097,-0.03147,0.00019,-0.99715
212.32,SYN.ETH-26JUL19,1563879540078,open,0.6,1130.0,0.538,0.665,0.60155,188.82,0.6,0.0,ETH-26JUL19-340-P,212.24,0.0,0.0,0.0,0.0,0.0,0.0,0.00183,-0.06012,-0.02674,0.00027,-0.99679
10018.99,SYN.BTC-2AUG19,1563879540080,open,0.02,6.9,0.0005,0.058,0.01737873,112.36,0.021,0.0,BTC-2AUG19-8500-P,10000.63,108.91,0.016,48.0,0.025,10.0,130.18,4.05938,-23.09209,-0.48909,0.00013,-0.16304
212.32,SYN.ETH-26JUL19,1563879540079,open,0.79,504.0,0.719,0.861,0.789962,229.34,0.168,0.0,ETH-26JUL19-380-P,212.24,0.0,0.0,0.0,0.0,0.0,0.0,0.00168,-0.0669,-0.02989,0.00021,-0.99709
212.32,SYN.ETH-26JUL19,1563879540078,open,0.0,1920.0,0.001,0.04,0.0,144.98,0.001,0.0,ETH-26JUL19-380-C,212.24,0.0,0.0,0.0,0.002,300.0,304.51,0.0,-2e-05,0.0,0.0,0.0
212.32,SYN.ETH-26JUL19,1563879540077,open,0.34,0.0,0.301,0.38,0.340557,0.0,None,0.0,ETH-26JUL19-140-C,212.24,0.0,0.0,0.0,0.0,0.0,0.0,0.0,0.0,0.01103,0.0,1.0
212.47,SYN.ETH-2AUG19,1563879540079,open,0.25,0.0,0.213,0.292,0.25295,121.08,None,0.0,ETH-2AUG19-160-C,212.24,0.0,0.0,0.0,0.0,0.0,0.0,0.04367,-0.26767,0.03928,0.00295,0.93622
212.32,SYN.ETH-26JUL19,1563879540077,open,0.11,0.0,0.073,0.152,0.112068,115.99,None,0.0,ETH-26JUL19-190-C,212.24,0.0,0.0,0.0,0.0,0.0,0.0,0.0397,-0.80065,0.01269,0.00964,0.87078
212.32,SYN.ETH-26JUL19,1563879540077,open,0.01,876.0,0.001,0.047,0.007049,116.44,0.008,0.0,ETH-26JUL19-190-P,212.24,104.82,0.005,524.0,0.009,265.0,126.36,0.03988,-0.80736,-0.00229,0.00964,-0.13006
213.11,SYN.ETH-30AUG19,1563879540077,open,0.01,0.0,0.001,0.049,0.009481,115.76,None,0.0,ETH-30AUG19-400-C,212.24,109.28,0.007,200.0,0.011,200.0,119.26,0.08863,-0.13543,0.01262,0.00162,0.06653
212.47,SYN.ETH-2AUG19,1563879540078,open,0.14,0.0,0.1,0.179,0.1396,121.28,None,0.0,ETH-2AUG19-190-C,212.24,0.0,0.0,0.0,0.0,0.0,0.0,0.11213,-0.68851,0.03483,0.00757,0.74542
212.32,SYN.ETH-26JUL19,1563879540080,open,0.0,1780.0,0.001,0.04,0.0,144.98,0.001,0.0,ETH-26JUL19-400-C,212.24,0.0,0.0,0.0,0.003,300.0,346.08,0.0,0.0,0.0,0.0,0.0
212.32,SYN.ETH-26JUL19,1563879540077,open,0.0,1183.0,0.001,0.04,0.0,144.99,0.001,0.0,ETH-26JUL19-560-C,212.24,0.0,0.0,0.0,0.001,24.0,426.49,0.0,0.0,0.0,0.0,0.0
212.32,SYN.ETH-26JUL19,1563879540079,open,0.0,1872.0,0.001,0.04,5e-06,144.97,0.001,0.0,ETH-26JUL19-340-C,212.24,0.0,0.0,0.0,0.002,550.0,256.05,0.00012,-0.00106,0.0,2e-05,0.00016
212.32,SYN.ETH-26JUL19,1563879540081,open,0.7,1047.0,0.628,0.763,0.695754,209.48,0.2,0.0,ETH-26JUL19-360-P,212.24,0.0,0.005,1.0,0.0,0.0,0.0,0.00173,-0.06295,-0.02832,0.00023,-0.99699
10005.93,SYN.BTC-26JUL19,1563879540094,open,0.07,91.9,0.032,0.1115,0.07157081,120.26,0.0645,0.0,BTC-26JUL19-9500-C,10000.63,0.0,0.038,1.0,0.148,1.6,352.19,3.06337,-64.05317,0.49952,0.00032,0.70521
10123.41,BTC-27SEP19,1563879540090,open,0.01,103.7,0.0005,0.046,0.00620015,110.79,0.006,0.0,BTC-27SEP19-26000-C,10000.63,105.51,0.0045,20.0,0.0075,63.0,114.24,3.59085,-3.01965,0.58972,2e-05,0.03848
10250.82,BTC-27DEC19,1563879540104,open,0.09,244.8,0.048,0.1345,0.09120324,99.85,0.074,0.0,BTC-27DEC19-7000-P,10000.63,94.79,0.0825,10.1,0.091,19.8,99.74,17.72055,-5.63967,-12.01066,4e-05,-0.18141
10071.2,SYN.BTC-30AUG19,1563879540122,open,0.02,154.1,0.0005,0.0605,0.01993629,104.69,0.02,0.0,BTC-30AUG19-7000-P,10000.63,96.82,0.0155,10.0,0.0205,48.0,105.64,5.94581,-8.21736,-1.31769,5e-05,-0.10615
10005.93,SYN.BTC-26JUL19,1563879540136,open,0.07,91.9,0.032,0.1115,0.07157081,120.26,0.0645,0.0,BTC-26JUL19-9500-C,10000.63,0.0,0.038,1.0,0.1475,0.2,350.71,3.06337,-64.05317,0.49952,0.00032,0.70521
10005.93,SYN.BTC-26JUL19,1563879540144,open,0.07,91.9,0.032,0.1115,0.07157081,120.26,0.0645,0.0,BTC-26JUL19-9500-C,10000.63,0.0,0.038,1.0,0.0795,0.1,145.64,3.06337,-64.05317,0.49952,0.00032,0.70521
10005.93,SYN.BTC-26JUL19,1563879540154,open,0.04,598.4,0.001,0.084,0.04250918,120.98,0.0495,0.0,BTC-26JUL19-10000-P,10000.63,113.88,0.04,0.3,0.057,10.0,161.99,3.53697,-74.39692,-0.40906,0.00037,-0.47639
10005.93,SYN.BTC-26JUL19,1563879540157,open,0.04,598.4,0.001,0.084,0.04250918,120.98,0.0495,0.0,BTC-26JUL19-10000-P,10000.63,113.88,0.04,0.3,0.0495,0.2,140.76,3.53697,-74.39692,-0.40906,0.00037,-0.47639
10005.93,SYN.BTC-26JUL19,1563879540170,open,0.07,91.9,0.032,0.1115,0.07157081,120.26,0.0645,0.0,BTC-26JUL19-9500-C,10000.63,0.0,0.038,1.0,0.1475,0.2,350.71,3.06337,-64.05317,0.49952,0.00032,0.70521
10018.99,SYN.BTC-2AUG19,1563879540219,open,0.02,6.9,0.0005,0.058,0.01737873,112.36,0.021,0.0,BTC-2AUG19-8500-P,10000.63,108.91,0.016,24.0,0.025,10.0,130.18,4.05938,-23.09209,-0.48909,0.00013,-0.16304
10123.41,BTC-27SEP19,1563879540221,open,0.01,103.7,0.0005,0.046,0.00620015,110.79,0.006,0.0,BTC-27SEP19-26000-C,10000.63,105.51,0.0045,20.0,0.0075,39.0,114.24,3.59085,-3.01965,0.58972,2e-05,0.03848
10250.82,BTC-27DEC19,1563879540223,open,0.09,244.8,0.048,0.1345,0.09120324,99.85,0.074,0.0,BTC-27DEC19-7000-P,10000.63,94.79,0.0825,10.1,0.091,14.9,99.74,17.72055,-5.63967,-12.01066,4e-05,-0.18141
10005.93,SYN.BTC-26JUL19,1563879540224,open,0.04,598.4,0.001,0.084,0.04250918,120.98,0.0495,0.0,BTC-26JUL19-10000-P,10000.63,113.88,0.04,0.3,0.057,10.0,161.99,3.53697,-74.39692,-0.40906,0.00037,-0.47639
10071.2,SYN.BTC-30AUG19,1563879540224,open,0.02,154.1,0.0005,0.0605,0.01993629,104.69,0.02,0.0,BTC-30AUG19-7000-P,10000.63,96.82,0.0155,10.0,0.0205,24.0,105.64,5.94581,-8.21736,-1.31769,5e-05,-0.10615
10005.93,SYN.BTC-26JUL19,1563879540227,open,0.04,598.4,0.001,0.084,0.04250918,120.98,0.0495,0.0,BTC-26JUL19-10000-P,10000.63,113.88,0.04,0.3,0.05,0.2,142.17,3.53697,-74.39692,-0.40906,0.00037,-0.47639
10018.99,SYN.BTC-2AUG19,1563879540230,open,0.03,24.0,0.0005,0.071,0.0301791,111.87,0.0325,0.0,BTC-2AUG19-9000-P,10000.63,94.76,0.0215,10.0,0.032,0.2,115.34,5.23568,-29.65555,-0.75919,0.00017,-0.24988
10005.93,SYN.BTC-26JUL19,1563879540246,open,0.04,598.4,0.001,0.084,0.04250918,120.98,0.0495,0.0,BTC-26JUL19-10000-P,10000.63,113.88,0.04,0.3,0.057,10.0,161.99,3.53697,-74.39692,-0.40906,0.00037,-0.47639
10005.93,SYN.BTC-26JUL19,1563879540256,open,0.04,598.4,0.001,0.084,0.04250918,120.98,0.0495,0.0,BTC-26JUL19-10000-P,10000.63,113.88,0.04,0.3,0.0505,0.4,143.59,3.53697,-74.39692,-0.40906,0.00037,-0.47639
10005.93,SYN.BTC-26JUL19,1563879540279,open,0.04,598.4,0.001,0.084,0.04250918,120.98,0.0495,0.0,BTC-26JUL19-10000-P,10000.63,113.88,0.04,0.3,0.057,10.0,161.99,3.53697,-74.39692,-0.40906,0.00037,-0.47639
10250.85,BTC-27DEC19,1563879540274,open,0.18,219.9,0.14,0.2195,0.17968509,101.62,0.1875,0.0,BTC-27DEC19-13000-C,10000.63,98.3,0.171,10.0,0.183,10.0,102.89,26.80287,-8.68124,13.69915,6e-05,0.49062
10005.93,SYN.BTC-26JUL19,1563879540292,open,0.04,598.4,0.001,0.084,0.04250918,120.98,0.0495,0.0,BTC-26JUL19-10000-P,10000.63,113.88,0.04,0.3,0.051,0.3,145.0,3.53697,-74.39692,-0.40906,0.00037,-0.47639
10018.99,SYN.BTC-2AUG19,1563879540294,open,0.05,58.8,0.007,0.09,0.04847942,111.9,0.05,0.0,BTC-2AUG19-9500-P,10000.63,94.61,0.038,10.0,0.0575,0.2,126.62,6.11432,-34.63968,-1.08453,0.0002,-0.3516
10071.2,SYN.BTC-30AUG19,1563879540289,open,0.1,91.3,0.0595,0.139,0.09947189,105.31,0.096,0.0,BTC-30AUG19-11000-C,10000.63,101.03,0.094,10.0,0.1105,10.0,113.91,12.88988,-17.91889,3.80928,0.00012,0.46397
10005.93,SYN.BTC-26JUL19,1563879540321,open,0.04,598.4,0.001,0.084,0.04250918,120.98,0.0495,0.0,BTC-26JUL19-10000-P,10000.63,113.88,0.04,0.3,0.057,10.0,161.99,3.53697,-74.39692,-0.40906,0.00037,-0.47639
10005.93,SYN.BTC-26JUL19,1563879540329,open,0.04,598.4,0.001,0.084,0.04250918,120.98,0.0495,0.0,BTC-26JUL19-10000-P,10000.63,113.88,0.04,0.3,0.0515,0.4,146.42,3.53697,-74.39692,-0.40906,0.00037,-0.47639
10005.93,SYN.BTC-26JUL19,1563879540366,open,0.04,598.4,0.001,0.084,0.04240134,120.98,0.0495,0.0,BTC-26JUL19-10000-P,10000.63,113.88,0.04,0.3,0.057,10.0,161.99,3.53697,-74.39692,-0.40906,0.00037,-0.47639
10005.93,SYN.BTC-26JUL19,1563879540399,open,0.04,598.4,0.001,0.084,0.04240134,120.98,0.0495,0.0,BTC-26JUL19-10000-P,10000.63,113.88,0.04,0.3,0.052,0.4,147.83,3.53697,-74.39692,-0.40906,0.00037,-0.47639
10250.82,BTC-27DEC19,1563879540404,open,0.13,240.6,0.089,0.179,0.13408608,99.82,0.1365,0.0,BTC-27DEC19-8000-P,10000.63,95.37,0.125,15.0,0.1355,10.0,100.52,20.89548,-6.64785,-16.48381,5e-05,-0.24008
10005.93,SYN.BTC-26JUL19,1563879540451,open,0.04,598.4,0.001,0.084,0.04240134,120.98,0.0495,0.0,BTC-26JUL19-10000-P,10000.63,113.88,0.04,0.3,0.057,10.0,161.99,3.53697,-74.39692,-0.40906,0.00037,-0.47639
10123.12,BTC-27SEP19,1563879540468,open,0.47,221.9,0.428,0.5075,0.46794791,101.86,0.51,0.0,BTC-27SEP19-5500-C,10000.97,0.0,0.0,0.0,0.8535,5.0,500.0,4.57332,-3.53587,8.77145,2e-05,0.94804
10018.99,SYN.BTC-2AUG19,1563879540468,open,0.21,0.0,0.171,0.2505,0.21072571,113.43,None,0.0,BTC-2AUG19-8000-C,10000.97,0.0,0.01,10.0,0.0,0.0,0.0,2.82625,-16.2307,1.8769,9e-05,0.9031
10123.12,BTC-27SEP19,1563879540470,open,0.63,0.0,0.5915,0.671,0.63102483,107.86,None,0.0,BTC-27SEP19-3750-C,10000.97,0.0,0.0045,11.0,0.7145,10.0,298.31,0.97147,-0.79528,6.59005,0.0,0.99172
10251.16,BTC-27DEC19,1563879540470,open,4.07,1.0,3.877,4.283,4.08019771,112.4,4.454,0.0,BTC-27DEC19-52000-P,10000.97,0.0,0.001,1.0,0.0,0.0,0.0,4.97762,-1.78328,-222.36439,1e-05,-0.96676
10123.12,BTC-27SEP19,1563879540471,open,0.58,9.2,0.543,0.6225,0.58281201,104.13,0.574,0.0,BTC-27SEP19-4250-C,10000.97,0.0,0.005,0.1,0.6885,5.0,299.23,1.58336,-1.25144,7.35696,1e-05,0.98548
10251.16,BTC-27DEC19,1563879540471,open,0.47,122.9,0.4315,0.511,0.47112803,99.82,0.502,0.0,BTC-27DEC19-6000-C,10000.97,69.6,0.435,4.0,0.88,0.2,430.02,13.90861,-4.42509,17.75191,3e-05,0.87404
10018.99,SYN.BTC-2AUG19,1563879540468,open,0.17,0.2,0.129,0.2085,0.16895334,112.27,0.204,0.0,BTC-2AUG19-8500-C,10000.97,0.0,0.0,0.0,0.0,0.0,0.0,4.0568,-23.0589,1.81126,0.00013,0.83712
10123.12,BTC-27SEP19,1563879540472,open,0.51,790.2,0.473,0.5525,0.51287988,102.92,0.498,0.0,BTC-27SEP19-5000-C,10000.97,0.0,0.051,1.0,0.652,5.0,299.22,3.2039,-2.50268,8.28818,2e-05,0.96652
10005.98,SYN.BTC-26JUL19,1563879540471,open,0.11,60.4,0.07,0.1495,0.10957062,122.61,0.1745,0.0,BTC-26JUL19-9000-C,10000.97,0.0,0.045,0.1,0.209,0.1,460.1,2.08893,-44.53427,0.58214,0.00022,0.84802
10018.99,SYN.BTC-2AUG19,1563879540468,open,0.26,0.0,0.216,0.2955,0.25570805,114.03,None,0.0,BTC-2AUG19-7500-C,10000.97,0.0,0.01,10.0,0.0,0.0,0.0,1.71987,-9.9292,1.88007,6e-05,0.94925
10005.98,SYN.BTC-26JUL19,1563879540471,open,0.16,42.9,0.114,0.1935,0.1539664,127.26,0.19,0.0,BTC-26JUL19-8500-C,10000.97,0.0,0.0215,50.0,0.0,0.0,0.0,1.14949,-25.43553,0.61434,0.00011,0.93325
10005.98,SYN.BTC-26JUL19,1563879540468,open,0.25,17.0,0.211,0.2905,0.25073856,135.79,0.246,0.0,BTC-26JUL19-7500-C,10000.97,0.0,0.005,0.1,0.0,0.0,0.0,0.1753,-4.13878,0.58507,2e-05,0.9929
10005.98,SYN.BTC-26JUL19,1563879540470,open,0.35,0.0,0.3105,0.39,0.35039619,141.83,0.3665,0.0,BTC-26JUL19-6500-C,10000.97,0.0,0.075,0.1,0.0,0.0,0.0,0.00804,-0.19828,0.51191,0.0,0.99976
10071.06,SYN.BTC-30AUG19,1563879540471,open,0.26,1.4,0.214,0.3145,0.2642835,106.88,0.28,0.0,BTC-30AUG19-12000-P,10000.97,0.0,0.0,0.0,0.0,0.0,0.0,12.22882,-17.2546,-9.3654,0.00011,-0.63187
10005.98,SYN.BTC-26JUL19,1563879540475,open,0.0,313.8,0.0005,0.04,0.0,145.0,0.001,0.0,BTC-26JUL19-20000-C,10000.97,0.0,0.0,0.0,0.001,0.1,321.37,0.0,-1e-05,0.0,0.0,0.0
10005.98,SYN.BTC-26JUL19,1563879540473,open,0.0,279.1,0.0005,0.04,1.082e-05,145.0,0.0005,0.0,BTC-26JUL19-6500-P,10000.97,0.0,0.0,0.0,0.0015,10.4,243.79,0.01036,-0.10823,-0.00026,0.0,-0.00032
10005.98,SYN.BTC-26JUL19,1563879540472,open,0.45,0.0,0.4105,0.49,0.45032612,0.0,0.4,0.0,BTC-26JUL19-5500-C,10000.97,0.0,0.0005,0.1,0.0,0.0,0.0,0.0,0.0,0.43332,0.0,1.0
10005.98,SYN.BTC-26JUL19,1563879540475,open,0.0,680.6,0.0005,0.04,3.559e-05,145.0,0.0005,0.0,BTC-26JUL19-15000-C,10000.97,0.0,0.0,0.0,0.0005,4.0,187.47,0.03073,-0.35608,0.00078,0.0,0.00103
10005.98,SYN.BTC-26JUL19,1563879540481,open,0.04,598.4,0.001,0.084,0.04240134,120.68,0.0495,0.0,BTC-26JUL19-10000-P,10000.97,113.88,0.04,0.3,0.0525,0.2,149.26,3.537,-74.21402,-0.40901,0.00037,-0.47642
10123.12,BTC-27SEP19,1563879540498,open,0.02,479.9,0.0005,0.0585,0.01895021,107.64,0.018,0.0,BTC-27SEP19-20000-C,10000.97,103.62,0.016,20.0,0.0205,15.1,109.62,7.7528,-6.33375,1.54943,4e-05,0.10376
10005.98,SYN.BTC-26JUL19,1563879540524,open,0.04,598.4,0.001,0.084,0.04240134,120.68,0.0495,0.0,BTC-26JUL19-10000-P,10000.97,113.88,0.04,0.3,0.057,10.0,162.0,3.537,-74.21402,-0.40901,0.00037,-0.47642
10005.98,SYN.BTC-26JUL19,1563879540546,open,0.04,598.4,0.001,0.084,0.04240134,120.68,0.0495,0.0,BTC-26JUL19-10000-P,10000.97,113.88,0.04,0.3,0.053,0.3,150.67,3.537,-74.21402,-0.40901,0.00037,-0.47642
10250.82,BTC-27DEC19,1563879540580,open,0.52,91.4,0.4635,0.585,0.52409636,101.97,0.533,0.0,BTC-27DEC19-14000-P,10000.97,37.74,0.38,0.1,1.2485,0.2,500.0,26.57761,-8.63782,-47.43283,6e-05,-0.55251
10005.98,SYN.BTC-26JUL19,1563879540591,open,0.04,598.4,0.001,0.084,0.04240134,120.68,0.0495,0.0,BTC-26JUL19-10000-P,10000.97,113.88,0.04,0.3,0.057,10.0,162.0,3.537,-74.21402,-0.40901,0.00037,-0.47642
10005.98,SYN.BTC-26JUL19,1563879540600,open,0.04,598.4,0.001,0.084,0.04240134,120.68,0.0495,0.0,BTC-26JUL19-10000-P,10000.97,113.88,0.04,0.3,0.0535,0.2,152.09,3.537,-74.21402,-0.40901,0.00037,-0.47642
213.73,ETH-27SEP19,1563879540607,open,0.17,1000.0,0.13,0.209,0.169256,107.68,0.214,0.0,ETH-27SEP19-220-C,212.24,105.13,0.165,120.0,0.172,302.0,109.32,0.35731,-0.29204,0.15293,0.00402,0.56574
10251.16,BTC-27DEC19,1563879540613,open,0.13,240.6,0.089,0.179,0.13408608,99.84,0.1365,0.0,BTC-27DEC19-8000-P,10000.97,97.34,0.129,4.9,0.1355,10.0,100.53,20.89556,-6.64908,-16.48487,5e-05,-0.24007
10250.82,BTC-27DEC19,1563879540619,open,0.52,91.4,0.4635,0.585,0.52409636,101.97,0.533,0.0,BTC-27DEC19-14000-P,10000.97,97.49,0.5125,5.0,1.2485,0.2,500.0,26.57761,-8.63782,-47.43283,6e-05,-0.55251
10251.16,BTC-27DEC19,1563879540622,open,0.01,755.6,0.0005,0.047,0.00743287,112.06,0.0085,0.0,BTC-27DEC19-52000-C,10000.97,107.61,0.0055,10.0,0.009,16.0,115.13,4.90487,-1.75176,1.11123,1e-05,0.03265
10018.99,SYN.BTC-2AUG19,1563879540630,open,0.01,86.3,0.0005,0.052,0.0121414,113.82,0.01,0.0,BTC-2AUG19-12500-C,10000.97,109.16,0.0105,10.7,0.0135,30.0,117.48,3.63701,-20.95802,0.34188,0.00012,0.13826
10005.98,SYN.BTC-26JUL19,1563879540641,open,0.04,598.4,0.001,0.084,0.04240134,120.68,0.0495,0.0,BTC-26JUL19-10000-P,10000.97,113.88,0.04,0.3,0.057,10.0,162.0,3.537,-74.21402,-0.40901,0.00037,-0.47642
10123.12,BTC-27SEP19,1563879540637,open,0.01,388.0,0.0005,0.0525,0.01282482,108.77,0.016,0.0,BTC-27SEP19-22000-C,10000.97,106.47,0.0115,24.0,0.014,15.0,110.7,6.00697,-4.95913,1.1122,3e-05,0.0737
10005.98,SYN.BTC-26JUL19,1563879540653,open,0.04,598.4,0.001,0.084,0.04240134,120.68,0.0495,0.0,BTC-26JUL19-10000-P,10000.97,113.88,0.04,0.3,0.054,0.2,153.5,3.537,-74.21402,-0.40901,0.00037,-0.47642
215.44,ETH-27DEC19,1563879540684,open,2.38,0.0,2.234,2.503,2.368581,111.83,None,0.0,ETH-27DEC19-720-P,212.24,0.0,0.003,5.0,0.0,0.0,0.0,0.24863,-0.08862,-3.02616,0.00111,-0.89958
10005.98,SYN.BTC-26JUL19,1563879540692,open,0.04,598.4,0.001,0.084,0.04240134,120.68,0.0495,0.0,BTC-26JUL19-10000-P,10000.97,113.88,0.04,0.3,0.057,10.0,162.0,3.537,-74.21402,-0.40901,0.00037,-0.47642
10005.98,SYN.BTC-26JUL19,1563879540700,open,0.04,598.4,0.001,0.084,0.04240134,120.68,0.0495,0.0,BTC-26JUL19-10000-P,10000.97,113.88,0.04,0.3,0.0545,0.3,154.92,3.537,-74.21402,-0.40901,0.00037,-0.47642
10005.98,SYN.BTC-26JUL19,1563879540738,open,0.04,598.4,0.001,0.084,0.04240134,120.68,0.0495,0.0,BTC-26JUL19-10000-P,10000.97,113.88,0.04,0.3,0.057,10.0,162.0,3.537,-74.21402,-0.40901,0.00037,-0.47642
10005.98,SYN.BTC-26JUL19,1563879540753,open,0.04,598.4,0.001,0.084,0.04240134,120.68,0.0495,0.0,BTC-26JUL19-10000-P,10000.97,113.88,0.04,0.3,0.055,0.2,156.33,3.537,-74.21402,-0.40901,0.00037,-0.47642
10251.16,BTC-27DEC19,1563879540807,open,0.45,83.6,0.39,0.5055,0.44785482,101.63,0.4145,0.0,BTC-27DEC19-13000-P,10000.97,0.0,0.006,3.0,1.1545,0.3,500.0,26.80373,-8.68189,-42.17357,6e-05,-0.50935
10005.98,SYN.BTC-26JUL19,1563879540833,open,0.04,598.4,0.001,0.084,0.04240134,120.68,0.0495,0.0,BTC-26JUL19-10000-P,10000.97,113.88,0.04,0.3,0.057,10.0,162.0,3.537,-74.21402,-0.40901,0.00037,-0.47642
10005.98,SYN.BTC-26JUL19,1563879540837,open,0.04,598.4,0.001,0.084,0.04240134,120.68,0.0495,0.0,BTC-26JUL19-10000-P,10000.97,113.88,0.04,0.3,0.0555,0.5,157.75,3.537,-74.21402,-0.40901,0.00037,-0.47642
10005.98,SYN.BTC-26JUL19,1563879540856,open,0.04,598.4,0.001,0.084,0.04240134,120.68,0.0495,0.0,BTC-26JUL19-10000-P,10000.97,113.88,0.04,0.3,0.057,10.0,162.0,3.537,-74.21402,-0.40901,0.00037,-0.47642
10251.16,BTC-27DEC19,1563879540848,open,0.45,83.6,0.39,0.5055,0.44785482,101.63,0.4145,0.0,BTC-27DEC19-13000-P,10000.97,97.28,0.4365,5.0,1.1545,0.3,500.0,26.80373,-8.68189,-42.17357,6e-05,-0.50935
10018.99,SYN.BTC-2AUG19,1563879540858,open,0.05,58.8,0.0065,0.09,0.04839842,111.77,0.05,0.0,BTC-2AUG19-9500-P,10000.97,94.61,0.038,10.0,0.0565,10.0,124.99,6.11377,-34.59563,-1.08407,0.0002,-0.35151
10250.82,BTC-27DEC19,1563879540912,open,0.37,128.7,0.32,0.4295,0.37472047,101.09,0.382,0.0,BTC-27DEC19-12000-P,10000.97,66.51,0.2845,0.1,0.0,0.0,0.0,26.69293,-8.60032,-36.89475,6e-05,-0.4627
10123.12,BTC-27SEP19,1563879540923,open,0.04,183.2,0.0045,0.084,0.04427605,105.44,0.045,0.0,BTC-27SEP19-16000-C,10000.97,101.91,0.04,0.2,0.0515,14.2,111.15,12.47872,-9.98659,3.07248,6e-05,0.21244
10250.82,BTC-27DEC19,1563879540947,open,0.37,128.7,0.32,0.4295,0.37472047,101.09,0.382,0.0,BTC-27DEC19-12000-P,10000.97,96.78,0.3635,5.0,0.0,0.0,0.0,26.69293,-8.60032,-36.89475,6e-05,-0.4627
10018.99,SYN.BTC-2AUG19,1563879540973,open,0.02,6.9,0.0005,0.058,0.01734263,112.27,0.021,0.0,BTC-2AUG19-8500-P,10000.97,108.91,0.016,24.0,0.0245,0.2,129.06,4.05685,-23.05947,-0.48857,0.00013,-0.16289
10250.82,BTC-27DEC19,1563879540990,open,0.3,52.8,0.254,0.358,0.30579877,100.57,0.313,0.0,BTC-27DEC19-11000-P,10000.97,38.05,0.1435,4.0,0.4,1.0,138.28,26.15372,-8.38316,-31.61996,6e-05,-0.4119
10250.82,BTC-27DEC19,1563879541028,open,0.3,52.8,0.254,0.358,0.30579877,100.57,0.313,0.0,BTC-27DEC19-11000-P,10000.97,96.73,0.296,5.0,0.4,1.0,138.28,26.15372,-8.38316,-31.61996,6e-05,-0.4119
10071.06,SYN.BTC-30AUG19,1563879541051,open,0.07,66.6,0.033,0.1125,0.07276682,106.9,0.07,0.0,BTC-30AUG19-12000-C,10000.97,101.71,0.0665,10.0,0.08,10.0,112.82,12.22919,-17.25733,3.08706,0.00011,0.36816
10018.99,SYN.BTC-2AUG19,1563879541058,open,0.0,240.0,0.0005,0.044,0.00428684,114.03,0.0045,0.0,BTC-2AUG19-7500-P,10000.97,105.83,0.003,25.0,0.05,12.0,250.29,1.71999,-9.93017,-0.1492,6e-05,-0.05075
10018.99,SYN.BTC-2AUG19,1563879541061,open,0.0,240.0,0.0005,0.044,0.00428684,114.03,0.0045,0.0,BTC-2AUG19-7500-P,10000.97,105.83,0.003,25.0,0.0085,10.0,134.44,1.71999,-9.93017,-0.1492,6e-05,-0.05075
10123.12,BTC-27SEP19,1563879541301,open,0.01,388.0,0.0005,0.0525,0.01282482,108.77,0.016,0.0,BTC-27SEP19-22000-C,10000.97,106.47,0.0115,24.0,0.0145,15.0,111.5,6.00697,-4.95913,1.1122,3e-05,0.0737
10006.3,SYN.BTC-26JUL19,1563879541379,open,0.0,564.7,0.0005,0.04,9e-08,144.99,0.0005,0.0,BTC-26JUL19-18000-C,10000.97,0.0,0.0,0.0,0.001,0.1,279.71,0.00014,-0.00088,0.0,0.0,0.0
10018.99,SYN.BTC-2AUG19,1563879541463,open,0.0,88.1,0.0005,0.043,0.0034052,114.78,0.003,0.0,BTC-2AUG19-14000-C,10000.97,104.64,0.002,10.2,0.0045,1.1,121.06,1.60944,-9.35288,0.11737,5e-05,0.0467
10018.99,SYN.BTC-2AUG19,1563879541482,open,0.0,88.1,0.0005,0.043,0.0034052,114.78,0.003,0.0,BTC-2AUG19-14000-C,10000.97,104.64,0.002,10.2,0.0045,1.2,121.06,1.60944,-9.35288,0.11737,5e-05,0.0467
10123.12,BTC-27SEP19,1563879541528,open,0.07,504.2,0.027,0.112,0.06959231,101.42,0.0615,0.0,BTC-27SEP19-8000-P,10000.97,96.59,0.0635,12.6,0.0705,0.2,102.14,12.83643,-9.88127,-5.34762,7e-05,-0.22311
215.44,ETH-27DEC19,1563879541537,open,0.38,0.0,0.341,0.42,0.380564,103.29,None,0.0,ETH-27DEC19-160-C,212.24,0.0,0.001,1100.0,0.98,5.0,500.0,0.41635,-0.13707,0.37143,0.00202,0.78169
10123.12,BTC-27SEP19,1563879541568,open,0.16,228.9,0.117,0.21,0.16352921,101.42,0.165,0.0,BTC-27SEP19-10000-P,10000.97,100.19,0.1615,0.1,0.167,0.2,103.54,16.65447,-12.81992,-10.36286,9e-05,-0.40368
10071.06,SYN.BTC-30AUG19,1563879541639,open,0.08,55.3,0.0375,0.1235,0.08047669,104.65,0.0845,0.0,BTC-30AUG19-9000-P,10000.97,99.37,0.0745,10.0,0.0905,0.2,113.47,11.40972,-15.76229,-4.05765,0.0001,-0.3078
10018.99,SYN.BTC-2AUG19,1563879541839,open,0.01,114.9,0.0005,0.048,0.00802181,114.08,0.007,0.0,BTC-2AUG19-13000-C,10000.97,108.45,0.0065,10.0,0.011,0.1,123.8,2.84548,-16.43512,0.24336,9e-05,0.0978
10018.99,SYN.BTC-2AUG19,1563879541841,open,0.01,114.9,0.0005,0.048,0.00802181,114.08,0.007,0.0,BTC-2AUG19-13000-C,10000.97,108.45,0.0065,10.0,0.0105,10.0,122.26,2.84548,-16.43512,0.24336,9e-05,0.0978
10018.99,SYN.BTC-2AUG19,1563879541858,open,0.01,114.9,0.0005,0.048,0.00802181,114.08,0.007,0.0,BTC-2AUG19-13000-C,10000.97,108.45,0.0065,10.0,0.0105,10.1,122.26,2.84548,-16.43512,0.24336,9e-05,0.0978
10005.98,SYN.BTC-26JUL19,1563879541910,open,0.01,477.8,0.0005,0.0455,0.00575805,123.83,0.005,0.0,BTC-26JUL19-11500-C,10000.97,101.04,0.0025,10.0,0.008,0.3,136.09,1.70169,-36.63962,0.08448,0.00017,0.11292
10005.98,SYN.BTC-26JUL19,1563879541912,open,0.01,477.8,0.0005,0.0455,0.00575805,123.83,0.005,0.0,BTC-26JUL19-11500-C,10000.97,101.04,0.0025,10.0,0.008,10.3,136.09,1.70169,-36.63962,0.08448,0.00017,0.11292
10005.98,SYN.BTC-26JUL19,1563879541916,open,0.01,477.8,0.0005,0.0455,0.00575805,123.83,0.005,0.0,BTC-26JUL19-11500-C,10000.97,101.04,0.0025,10.0,0.008,10.0,136.09,1.70169,-36.63962,0.08448,0.00017,0.11292
212.31,SYN.ETH-26JUL19,1563879541928,open,0.0,1146.0,0.001,0.04,0.000169,145.02,0.001,0.0,ETH-26JUL19-300-C,212.24,0.0,0.0,0.0,0.002,656.0,199.15,0.00242,-0.03597,7e-05,0.00047,0.00437
10005.98,SYN.BTC-26JUL19,1563879541936,open,0.01,477.8,0.0005,0.0455,0.00575805,123.83,0.005,0.0,BTC-26JUL19-11500-C,10000.97,101.04,0.0025,10.0,0.0075,0.1,133.5,1.70169,-36.63962,0.08448,0.00017,0.11292
212.31,SYN.ETH-26JUL19,1563879541968,open,0.0,3965.0,0.001,0.04,1e-06,145.01,0.001,0.0,ETH-26JUL19-360-C,212.24,0.0,0.0,0.0,0.002,300.0,281.19,2e-05,-0.00016,0.0,0.0,3e-05
212.31,SYN.ETH-26JUL19,1563879541998,open,0.08,220.0,0.036,0.115,0.0755,116.48,0.085,0.0,ETH-26JUL19-200-C,212.24,104.19,0.072,50.0,0.08,50.0,131.67,0.06168,-1.2491,0.01104,0.01491,0.73539
215.45,ETH-27DEC19,1563879542008,open,0.08,715.0,0.041,0.12,0.080638,108.44,0.088,0.0,ETH-27DEC19-440-C,212.24,105.26,0.074,40.0,0.084,274.0,110.01,0.45649,-0.15777,0.1644,0.00211,0.25818
212.31,SYN.ETH-26JUL19,1563879542041,open,0.41,659.0,0.357,0.469,0.413164,138.05,0.34,0.0,ETH-26JUL19-300-P,212.24,0.0,0.03,1.0,3.4,5.0,500.0,0.00166,-0.03996,-0.02359,0.00034,-0.99711
213.11,SYN.ETH-30AUG19,1563879542043,open,0.16,238.0,0.117,0.209,0.162729,112.45,0.166,0.0,ETH-30AUG19-220-P,212.24,109.5,0.159,120.0,0.169,240.0,117.31,0.27268,-0.4048,-0.13835,0.00515,-0.46285
10018.99,SYN.BTC-2AUG19,1563879542056,open,0.01,69.4,0.0005,0.0495,0.00920989,113.43,0.0115,0.0,BTC-2AUG19-8000-P,10000.97,109.02,0.008,30.0,0.0115,19.9,121.18,2.82633,-16.23145,-0.28765,9e-05,-0.0969
213.74,ETH-27SEP19,1563879542055,open,0.2,2083.0,0.151,0.246,0.198592,107.69,0.17,0.0,ETH-27SEP19-220-P,212.24,105.54,0.195,120.0,0.205,230.0,111.53,0.35732,-0.29206,-0.24411,0.00402,-0.43421
10018.99,SYN.BTC-2AUG19,1563879542076,open,0.01,69.4,0.0005,0.0495,0.00920989,113.43,0.0115,0.0,BTC-2AUG19-8000-P,10000.97,109.02,0.008,30.1,0.0115,19.9,121.18,2.82633,-16.23145,-0.28765,9e-05,-0.0969
213.73,ETH-27SEP19,1563879542068,open,0.14,1936.0,0.098,0.177,0.137348,108.13,0.144,0.0,ETH-27SEP19-240-C,212.24,105.55,0.133,120.0,0.14,318.0,109.69,0.36214,-0.29722,0.1364,0.00406,0.49096
215.44,ETH-27DEC19,1563879542080,open,0.05,1912.0,0.011,0.094,0.052358,103.31,0.044,0.0,ETH-27DEC19-120-P,212.24,99.84,0.048,1.0,0.053,190.0,103.82,0.27339,-0.09002,-0.15455,0.00133,-0.11455
213.74,ETH-27SEP19,1563879542104,open,0.03,1702.0,0.001,0.074,0.034467,112.2,0.033,0.0,ETH-27SEP19-380-C,212.24,109.84,0.032,160.0,0.036,110.0,113.63,0.22656,-0.19293,0.05086,0.00245,0.16631
213.74,ETH-27SEP19,1563879542104,open,0.38,191.0,0.34,0.419,0.379914,107.65,0.5,0.0,ETH-27SEP19-140-C,212.24,0.0,0.01,50.0,0.0,0.0,0.0,0.18616,-0.1521,0.19126,0.0021,0.87572
212.32,SYN.ETH-26JUL19,1563879542097,open,0.06,2572.0,0.021,0.105,0.063401,119.24,0.058,0.0,ETH-26JUL19-220-P,212.24,100.03,0.057,150.0,0.066,150.0,126.67,0.07223,-1.49748,-0.01129,0.01706,-0.61142
213.1,SYN.ETH-30AUG19,1563879542122,open,0.07,962.0,0.027,0.111,0.068795,112.4,0.065,0.0,ETH-30AUG19-180-P,212.24,108.75,0.065,160.0,0.07,211.0,113.55,0.22211,-0.32956,-0.07243,0.00419,-0.25875
212.31,SYN.ETH-26JUL19,1563879542132,open,0.0,903.0,0.001,0.041,0.001838,127.62,0.005,0.0,ETH-26JUL19-260-C,212.24,115.07,0.001,280.0,0.004,550.0,149.19,0.01677,-0.37204,0.00067,0.0037,0.04161
213.11,SYN.ETH-30AUG19,1563879542132,open,0.02,1409.0,0.001,0.056,0.016768,114.83,0.014,0.0,ETH-30AUG19-360-C,212.24,110.04,0.014,200.0,0.019,200.0,118.45,0.12815,-0.19426,0.02037,0.00237,0.10889
213.11,SYN.ETH-30AUG19,1563879542141,open,0.02,1409.0,0.001,0.056,0.016768,114.83,0.014,0.0,ETH-30AUG19-360-C,212.24,110.04,0.014,500.0,0.019,200.0,118.45,0.12815,-0.19426,0.02037,0.00237,0.10889
212.46,SYN.ETH-2AUG19,1563879542141,open,0.01,3.0,0.001,0.048,0.00883,121.82,0.009,0.0,ETH-2AUG19-280-C,212.24,115.16,0.007,250.0,0.01,250.0,125.73,0.06166,-0.38032,0.00528,0.00414,0.10074
10018.99,SYN.BTC-2AUG19,1563879542156,open,0.01,86.3,0.0005,0.052,0.01214145,113.82,0.01,0.0,BTC-2AUG19-12500-C,10000.97,109.16,0.0105,10.7,0.013,0.2,116.15,3.63701,-20.95802,0.34188,0.00012,0.13826
213.74,ETH-27SEP19,1563879542148,open,0.2,2083.0,0.151,0.246,0.198592,107.69,0.17,0.0,ETH-27SEP19-220-P,212.24,105.54,0.195,120.0,0.205,110.0,111.53,0.35732,-0.29206,-0.24411,0.00402,-0.43421
212.47,SYN.ETH-2AUG19,1563879542166,open,0.05,1033.0,0.009,0.088,0.048231,121.75,0.047,0.0,ETH-2AUG19-230-C,212.24,115.03,0.044,200.0,0.052,421.0,127.78,0.13347,-0.82267,0.01929,0.00897,0.38374
212.47,SYN.ETH-2AUG19,1563879542177,open,0.05,1033.0,0.009,0.088,0.048231,121.75,0.047,0.0,ETH-2AUG19-230-C,212.24,115.03,0.044,421.0,0.052,421.0,127.78,0.13347,-0.82267,0.01929,0.00897,0.38374
215.45,ETH-27DEC19,1563879542182,open,0.07,626.0,0.027,0.106,0.066231,108.44,0.083,0.0,ETH-27DEC19-480-C,212.24,106.24,0.062,40.0,0.069,110.0,109.86,0.41851,-0.14465,0.14264,0.00193,0.22027
212.46,SYN.ETH-2AUG19,1563879542189,open,0.37,0.0,0.317,0.425,0.370933,121.53,None,0.0,ETH-2AUG19-290-P,212.24,0.0,0.0,0.0,0.0,0.0,0.0,0.04828,-0.29709,-0.07463,0.00325,-0.92735
212.31,SYN.ETH-26JUL19,1563879542190,open,0.0,1449.0,0.001,0.042,0.002334,117.62,0.004,0.0,ETH-26JUL19-180-P,212.24,113.9,0.002,1.0,0.004,250.0,133.03,0.01981,-0.40511,-0.0009,0.00474,-0.05121
10071.06,SYN.BTC-30AUG19,1563879542198,open,0.07,66.6,0.033,0.1125,0.07276282,106.9,0.07,0.0,BTC-30AUG19-12000-C,10000.97,101.71,0.0665,10.0,0.0795,0.2,112.41,12.22919,-17.25733,3.08706,0.00011,0.36816
215.44,ETH-27DEC19,1563879542197,open,0.12,236.0,0.077,0.156,0.1166,106.23,0.132,0.0,ETH-27DEC19-360-C,212.24,103.91,0.111,40.0,0.121,110.0,108.04,0.52241,-0.17688,0.21486,0.00247,0.34865
212.46,SYN.ETH-2AUG19,1563879542203,open,0.02,542.0,0.001,0.061,0.020869,121.37,0.02,0.0,ETH-2AUG19-180-P,212.24,119.33,0.02,1.0,0.022,200.0,124.02,0.09044,-0.55572,-0.01132,0.0061,-0.17608
213.74,ETH-27SEP19,1563879542210,open,0.33,1374.0,0.275,0.381,0.328032,108.64,0.311,0.0,ETH-27SEP19-260-P,212.24,106.21,0.324,120.0,0.335,110.0,112.82,0.35552,-0.29314,-0.34905,0.00397,-0.57681
215.44,ETH-27DEC19,1563879542223,open,0.04,424.0,0.001,0.075,0.035202,110.89,0.039,0.0,ETH-27DEC19-640-C,212.24,107.74,0.031,50.0,0.038,300.0,112.89,0.29619,-0.10469,0.08627,0.00134,0.12837
212.46,SYN.ETH-2AUG19,1563879542231,open,0.06,187.0,0.025,0.104,0.064425,121.42,0.065,0.0,ETH-2AUG19-220-C,212.24,116.15,0.061,150.0,0.068,150.0,126.85,0.13903,-0.85468,0.02333,0.00938,0.47024
212.47,SYN.ETH-2AUG19,1563879542238,open,0.03,108.0,0.001,0.075,0.03535,121.75,0.032,0.0,ETH-2AUG19-240-C,212.24,115.94,0.032,200.0,0.038,200.0,126.36,0.12254,-0.75537,0.01554,0.00824,0.30567
212.31,SYN.ETH-26JUL19,1563879542248,open,0.03,1060.0,0.001,0.067,0.027188,119.1,0.025,0.0,ETH-26JUL19-220-C,212.24,109.63,0.024,218.0,0.029,200.0,124.37,0.07221,-1.4953,0.00604,0.01707,0.38823
212.47,SYN.ETH-2AUG19,1563879542256,open,0.13,137.0,0.086,0.175,0.13072,121.91,0.122,0.0,ETH-2AUG19-230-P,212.24,114.25,0.126,150.0,0.135,150.0,128.58,0.13349,-0.82393,-0.04293,0.00896,-0.61601
10018.99,SYN.BTC-2AUG19,1563879542278,open,0.05,58.8,0.0065,0.09,0.0483978,111.77,0.05,0.0,BTC-2AUG19-9500-P,10000.97,94.61,0.038,10.0,0.056,0.2,124.18,6.11377,-34.59563,-1.08407,0.0002,-0.35151
212.46,SYN.ETH-2AUG19,1563879542313,open,0.01,489.0,0.001,0.046,0.00605,121.37,0.005,0.0,ETH-2AUG19-160-P,212.24,104.01,0.003,550.0,0.007,251.0,125.81,0.04389,-0.26974,-0.00404,0.00296,-0.06421
10018.99,SYN.BTC-2AUG19,1563879542408,open,0.02,6.9,0.0005,0.058,0.01734317,112.27,0.021,0.0,BTC-2AUG19-8500-P,10000.97,108.91,0.016,24.0,0.0235,10.0,126.8,4.05685,-23.05947,-0.48857,0.00013,-0.16289
10123.12,BTC-27SEP19,1563879542410,open,0.04,183.2,0.0045,0.084,0.04427205,105.44,0.045,0.0,BTC-27SEP19-16000-C,10000.97,102.33,0.0405,14.2,0.0515,14.2,111.15,12.47872,-9.98659,3.07248,6e-05,0.21244
10071.2,SYN.BTC-30AUG19,1563879542419,open,0.08,55.3,0.0375,0.1235,0.08047323,104.66,0.0845,0.0,BTC-30AUG19-9000-P,10000.97,99.37,0.0745,10.0,0.089,10.0,112.16,11.40974,-15.76392,-4.05769,0.0001,-0.30779
215.45,ETH-27DEC19,1563879542463,open,0.23,553.0,0.189,0.268,0.228791,104.14,0.262,0.0,ETH-27DEC19-240-C,212.24,101.5,0.222,30.0,0.233,120.0,105.77,0.55411,-0.18391,0.31847,0.00267,0.57272
10127.68,BTC-27SEP19,1563879542469,open,1.18,0.2,1.099,1.2735,1.18606621,110.34,1.391,0.0,BTC-27SEP19-22000-P,10005.84,0.0,0.0045,10.0,0.0,0.0,0.0,6.25727,-5.24017,-38.53774,3e-05,-0.92229
10006.29,SYN.BTC-26JUL19,1563879542468,open,0.0,375.4,0.0005,0.04,0.0,144.99,0.001,0.0,BTC-26JUL19-21000-C,10005.84,0.0,0.0,0.0,0.0015,10.0,357.57,0.0,0.0,0.0,0.0,0.0
10127.68,BTC-27SEP19,1563879542469,open,0.8,1.0,0.7345,0.8785,0.80627516,106.79,1.5815,0.0,BTC-27SEP19-18000-P,10005.84,0.0,0.005,0.5,1.402,0.3,500.0,9.98594,-8.09381,-30.2931,5e-05,-0.85103
10127.68,BTC-27SEP19,1563879542469,open,1.57,0.0,1.472,1.6775,1.57457556,113.84,None,0.0,BTC-27SEP19-26000-P,10005.84,0.0,0.0,0.0,0.0,0.0,0.0,3.99345,-3.45043,-46.25821,2e-05,-0.95616
10254.83,BTC-27DEC19,1563879542469,open,1.03,5.7,0.951,1.113,1.03198233,105.03,1.085,0.0,BTC-27DEC19-20000-P,10005.84,0.0,0.0045,5.0,1.466,1.0,280.22,22.05008,-7.38114,-77.84871,5e-05,-0.7343
10254.83,BTC-27DEC19,1563879542469,open,4.07,1.0,3.877,4.283,4.08003019,115.56,4.454,0.0,BTC-27DEC19-52000-P,10005.84,0.0,0.001,1.0,0.0,0.0,0.0,5.65878,-2.08429,-222.18902,1e-05,-0.96114
10127.68,BTC-27SEP19,1563879542469,open,1.96,0.0,1.8485,2.085,1.96671054,118.03,None,0.0,BTC-27SEP19-30000-P,10005.84,0.0,0.0,0.0,0.0,0.0,0.0,2.74355,-2.45778,-53.72007,1e-05,-0.97225
10127.68,BTC-27SEP19,1563879542470,open,0.28,904.9,0.2395,0.319,0.27932177,101.25,0.2585,0.0,BTC-27SEP19-8000-C,10005.84,46.46,0.22,2.0,0.3165,5.0,129.85,12.82651,-9.85703,9.10358,7e-05,0.77737
10254.83,BTC-27DEC19,1563879542470,open,0.54,62.4,0.503,0.5825,0.54270811,99.68,0.533,0.0,BTC-27DEC19-5000-C,10005.84,0.0,0.4755,0.5,0.9305,5.0,500.0,9.70349,-3.08272,16.764,2e-05,0.92306
10254.83,BTC-27DEC19,1563879542470,open,3.3,0.0,3.132,3.476,3.30412924,112.93,None,0.0,BTC-27DEC19-44000-P,10005.84,0.0,0.0,0.0,0.0,0.0,0.0,7.49223,-2.69668,-187.27438,1e-05,-0.94487
10127.68,BTC-27SEP19,1563879542470,open,0.0,617.1,0.0005,0.0405,0.00082421,121.11,0.0005,0.0,BTC-27SEP19-3000-P,10005.84,0.0,0.0,0.0,0.003,15.0,145.54,0.55188,-0.5073,-0.09497,0.0,-0.00437
10254.83,BTC-27DEC19,1563879542471,open,0.6,5.6,0.54,0.6675,0.6037536,102.67,0.5485,0.0,BTC-27DEC19-15000-P,10005.84,0.0,0.45,0.2,1.3415,0.2,500.0,26.13,-8.55092,-52.62967,6e-05,-0.59034
10127.68,BTC-27SEP19,1563879542471,open,2.16,0.0,2.037,2.29,2.16353598,120.91,None,0.0,BTC-27SEP19-32000-P,10005.84,0.0,0.0,0.0,0.0,0.0,0.0,2.40381,-2.20607,-57.39184,1e-05,-0.97631
10127.68,BTC-27SEP19,1563879542471,open,0.54,29.6,0.476,0.5985,0.53708383,105.25,0.58,0.0,BTC-27SEP19-15000-P,10005.84,0.0,0.0045,10.0,1.1345,0.3,500.0,13.85243,-11.06653,-23.41105,7e-05,-0.74371
10254.83,BTC-27DEC19,1563879542471,open,2.53,1.3,2.3915,2.6735,2.5325853,110.77,2.2,0.0,BTC-27DEC19-36000-P,10005.84,0.0,0.0005,1.0,0.0,0.0,0.0,10.54959,-3.72466,-151.90977,2e-05,-0.91404
10127.68,BTC-27SEP19,1563879542471,open,1.77,0.0,1.6595,1.881,1.77028559,115.59,None,0.0,BTC-27SEP19-28000-P,10005.84,0.0,0.0,0.0,0.0,0.0,0.0,3.24386,-2.84586,-50.01598,2e-05,-0.96603
10254.83,BTC-27DEC19,1563879542471,open,1.21,3.9,1.124,1.3005,1.21215931,105.73,0.752,0.0,BTC-27DEC19-22000-P,10005.84,0.0,0.006,2.0,2.0005,0.3,500.0,20.17539,-6.79889,-87.57305,4e-05,-0.77476
10254.83,BTC-27DEC19,1563879542472,open,3.69,0.0,3.5045,3.8795,3.69192852,114.5,None,0.0,BTC-27DEC19-48000-P,10005.84,0.0,0.0005,100.0,0.0,0.0,0.0,6.53187,-2.3838,-204.75097,1e-05,-0.9536
10254.83,BTC-27DEC19,1563879542472,open,1.77,2.0,1.659,1.88,1.76961669,107.88,1.563,0.0,BTC-27DEC19-28000-P,10005.84,0.0,0.001,1.0,0.0,0.0,0.0,15.18494,-5.22105,-115.76497,3e-05,-0.85693
10254.83,BTC-27DEC19,1563879542472,open,0.85,12.4,0.782,0.93,0.85623618,104.28,0.559,0.0,BTC-27DEC19-18000-P,10005.84,0.0,0.0045,5.0,1.6235,0.2,500.0,23.88867,-7.93951,-67.92133,5e-05,-0.68481
10254.83,BTC-27DEC19,1563879542472,open,0.0,353.0,0.0005,0.044,0.00398126,99.86,0.0025,0.0,BTC-27DEC19-3000-P,10005.84,95.23,0.003,10.0,0.005,10.0,103.99,2.35981,-0.75108,-0.78079,1e-05,-0.01373
10254.83,BTC-27DEC19,1563879542472,open,1.96,2.1,1.841,2.077,1.95886308,108.54,1.95,0.0,BTC-27DEC19-30000-P,10005.84,0.0,0.001,1.0,0.0,0.0,0.0,13.8007,-4.7742,-124.92426,3e-05,-0.8755
10254.83,BTC-27DEC19,1563879542472,open,0.68,7.1,0.6185,0.753,0.68590704,103.21,0.491,0.0,BTC-27DEC19-16000-P,10005.84,0.0,0.0045,5.0,1.4355,0.2,500.0,25.48911,-8.38464,-57.7863,5e-05,-0.62519
10254.83,BTC-27DEC19,1563879542473,open,1.58,0.0,1.479,1.685,1.58196148,107.31,None,0.0,BTC-27DEC19-26000-P,10005.84,0.0,0.0045,10.0,2.3795,0.2,500.0,16.74414,-5.72681,-106.48986,3e-05,-0.83415
10254.83,BTC-27DEC19,1563879542473,open,1.39,0.0,1.3005,1.4915,1.395987,106.61,None,0.0,BTC-27DEC19-24000-P,10005.84,0.0,0.006,1.0,2.19,0.2,500.0,18.41532,-6.25722,-97.09973,4e-05,-0.80708
10254.83,BTC-27DEC19,1563879542473,open,0.81,0.0,0.7665,0.846,0.80626303,110.88,None,0.0,BTC-27DEC19-2000-C,10005.84,0.0,0.0145,3.0,0.98,0.5,500.0,0.88456,-0.31259,8.34069,0.0,0.9955
10254.83,BTC-27DEC19,1563879542473,open,0.0,169.8,0.0005,0.0405,0.00051296,116.25,0.0005,0.0,BTC-27DEC19-1500-P,10005.84,0.0,0.0,0.0,0.001,1.0,126.06,0.39625,-0.14681,-0.10396,0.0,-0.00185
10006.29,SYN.BTC-26JUL19,1563879542472,open,0.0,126.8,0.0005,0.04,3e-08,145.01,0.001,0.0,BTC-26JUL19-5500-P,10005.84,0.0,0.0,0.0,0.0015,10.0,325.94,5e-05,-0.00031,0.0,0.0,0.0
10127.68,BTC-27SEP19,1563879542474,open,0.99,0.0,0.915,1.074,0.99462287,108.73,None,0.0,BTC-27SEP19-20000-P,10005.84,0.0,0.0045,10.0,1.582,0.2,500.0,7.93585,-6.54923,-34.50139,4e-05,-0.89291
10006.29,SYN.BTC-26JUL19,1563879542472,open,0.0,542.3,0.0005,0.04,8.865e-05,145.01,0.0005,0.0,BTC-26JUL19-7000-P,10005.84,0.0,0.0,0.0,0.001,23.0,194.14,0.06275,-0.88707,-0.00185,1e-05,-0.00225
10071.02,SYN.BTC-30AUG19,1563879542468,open,0.41,0.0,0.3715,0.451,0.41119617,104.72,None,0.0,BTC-30AUG19-6000-C,10005.84,0.0,0.0,0.0,0.0,0.0,0.0,3.03064,-4.18954,5.6915,3e-05,0.95581
10127.68,BTC-27SEP19,1563879542481,open,0.66,261.1,0.6155,0.695,0.65545804,109.77,0.714,0.0,BTC-27SEP19-3500-C,10005.84,0.0,0.161,1.0,0.7295,10.0,299.75,0.73252,-0.61029,6.1879,0.0,0.99399
10127.68,BTC-27SEP19,1563879542484,open,0.63,0.0,0.5915,0.671,0.63101416,105.97,None,0.0,BTC-27SEP19-3750-C,10005.84,0.0,0.0045,11.0,0.7155,10.0,299.77,0.89204,-0.7175,6.60727,0.0,0.99249
10254.83,BTC-27DEC19,1563879542491,open,0.38,93.7,0.3405,0.42,0.38001453,99.76,0.346,0.0,BTC-27DEC19-7500-C,10005.84,0.0,0.211,0.1,0.398,2.5,109.22,19.3922,-6.16566,18.05658,4e-05,0.78969
10254.83,BTC-27DEC19,1563879542502,open,0.11,162.9,0.0675,0.156,0.11163905,99.89,0.093,0.0,BTC-27DEC19-7500-P,10005.84,95.05,0.1025,10.0,0.118,10.0,103.25,19.39547,-6.17526,-14.19235,4e-05,-0.21037
10127.68,BTC-27SEP19,1563879542507,open,0.54,29.6,0.476,0.5985,0.53708383,105.25,0.58,0.0,BTC-27SEP19-15000-P,10005.84,0.0,0.0045,10.0,1.134,0.3,500.0,13.85243,-11.06653,-23.41105,7e-05,-0.74371
10254.83,BTC-27DEC19,1563879542510,open,0.45,83.6,0.3905,0.5055,0.44793938,101.79,0.4145,0.0,BTC-27DEC19-13000-P,10005.84,97.41,0.4365,5.0,1.154,0.3,500.0,26.81432,-8.69928,-42.1635,6e-05,-0.50869
10254.83,BTC-27DEC19,1563879542512,open,0.76,0.0,0.7185,0.798,0.75815535,101.7,None,0.0,BTC-27DEC19-2500-C,10005.84,0.0,0.0145,3.0,0.977,0.5,500.0,1.33227,-0.43183,10.34483,0.0,0.99287
10127.68,BTC-27SEP19,1563879542516,open,0.35,748.2,0.307,0.3865,0.34694373,101.19,0.395,0.0,BTC-27SEP19-7000-C,10005.84,81.87,0.33,10.0,0.4025,5.0,153.32,9.64009,-7.40371,9.35285,5e-05,0.85863
10254.83,BTC-27DEC19,1563879542517,open,1.58,0.0,1.479,1.685,1.58196148,107.31,None,0.0,BTC-27DEC19-26000-P,10005.84,0.0,0.0045,10.0,2.379,0.2,500.0,16.74414,-5.72681,-106.48986,3e-05,-0.83415
10127.68,BTC-27SEP19,1563879542519,open,0.99,0.0,0.915,1.074,0.99462287,108.73,None,0.0,BTC-27SEP19-20000-P,10005.84,0.0,0.0045,10.0,1.581,0.2,500.0,7.93585,-6.54923,-34.50139,4e-05,-0.89291
10254.83,BTC-27DEC19,1563879542524,open,1.21,3.9,1.124,1.3005,1.21215931,105.73,0.752,0.0,BTC-27DEC19-22000-P,10005.84,0.0,0.006,2.0,2.0,0.3,500.0,20.17539,-6.79889,-87.57305,4e-05,-0.77476
10254.83,BTC-27DEC19,1563879542527,open,1.39,0.0,1.3005,1.4915,1.395987,106.61,None,0.0,BTC-27DEC19-24000-P,10005.84,0.0,0.006,1.0,2.1895,0.2,500.0,18.41532,-6.25722,-97.09973,4e-05,-0.80708
10127.68,BTC-27SEP19,1563879542530,open,0.8,1.0,0.7345,0.8785,0.80627516,106.79,1.5815,0.0,BTC-27SEP19-18000-P,10005.84,0.0,0.005,0.5,1.401,0.3,500.0,9.98594,-8.09381,-30.2931,5e-05,-0.85103
215.46,ETH-27DEC19,1563879542579,open,0.05,515.0,0.016,0.095,0.055302,108.76,0.063,0.0,ETH-27DEC19-520-C,212.24,106.88,0.052,40.0,0.058,110.0,110.27,0.3829,-0.13274,0.12443,0.00176,0.18967
10127.05,BTC-27SEP19,1563879542701,open,1.38,0.2,1.2845,1.4745,1.37962311,111.67,1.6,0.0,BTC-27SEP19-24000-P,10005.84,0.0,0.0,0.0,0.0,0.0,0.0,4.91445,-4.16549,-42.45381,2e-05,-0.94312
213.1,SYN.ETH-30AUG19,1563879542701,open,0.36,0.0,0.321,0.4,0.360713,112.43,None,0.0,ETH-30AUG19-140-C,212.24,0.0,0.001,100.0,0.0,0.0,0.0,0.11143,-0.16539,0.12148,0.0021,0.91005
212.46,SYN.ETH-2AUG19,1563879542863,open,0.01,937.0,0.001,0.052,0.011812,121.37,0.009,0.0,ETH-2AUG19-170-P,212.24,111.91,0.009,250.0,0.013,250.0,125.1,0.06651,-0.40869,-0.00711,0.00449,-0.11186
10071.02,SYN.BTC-30AUG19,1563879542898,open,0.04,77.6,0.0005,0.076,0.03641581,106.94,0.042,0.0,BTC-30AUG19-14000-C,10005.84,101.61,0.0315,15.0,0.0355,0.3,105.96,9.51814,-13.43649,1.88225,8e-05,0.21652
213.1,SYN.ETH-30AUG19,1563879542915,open,0.02,116.0,0.001,0.058,0.017661,112.41,0.016,0.0,ETH-30AUG19-140-P,212.24,105.08,0.014,200.0,0.018,200.0,113.06,0.1114,-0.1653,-0.02379,0.0021,-0.08991
213.1,SYN.ETH-30AUG19,1563879542971,open,0.29,0.0,0.242,0.344,0.292962,112.68,None,0.0,ETH-30AUG19-260-P,212.24,95.66,0.273,120.0,1.228,1.0,500.0,0.25607,-0.38089,-0.20698,0.00482,-0.64302
215.46,ETH-27DEC19,1563879543049,open,0.03,178.0,0.001,0.07,0.030806,111.61,0.035,0.0,ETH-27DEC19-680-C,212.24,108.5,0.027,51.0,0.033,300.0,113.31,0.27266,-0.09699,0.07714,0.00122,0.11411
213.74,ETH-27SEP19,1563879543076,open,0.0,2988.0,0.001,0.043,0.003968,121.86,0.004,0.0,ETH-27SEP19-680-C,212.26,117.45,0.003,100.0,0.005,600.0,125.83,0.05136,-0.0475,0.00774,0.00051,0.02404
215.46,ETH-27DEC19,1563879543077,open,0.29,91.0,0.253,0.332,0.29294,103.3,0.305,0.0,ETH-27DEC19-200-C,212.26,100.37,0.286,30.0,0.302,30.0,107.13,0.50959,-0.16777,0.35206,0.00247,0.67312
215.46,ETH-27DEC19,1563879543077,open,0.02,792.0,0.001,0.063,0.023545,112.5,0.023,0.0,ETH-27DEC19-760-C,212.26,109.03,0.02,50.0,0.026,300.0,114.75,0.22953,-0.0823,0.06161,0.00102,0.09008
215.48,ETH-27DEC19,1563879543077,open,0.48,441.0,0.422,0.539,0.480294,104.94,0.454,0.0,ETH-27DEC19-280-P,212.26,101.76,0.472,30.0,0.491,150.0,109.03,0.56319,-0.18837,-0.92145,0.00269,-0.51465
215.48,ETH-27DEC19,1563879543077,open,0.12,592.0,0.079,0.168,0.123233,103.33,0.117,0.0,ETH-27DEC19-160-P,212.26,99.58,0.116,41.0,0.126,180.0,104.76,0.41635,-0.13712,-0.31624,0.00202,-0.21824
213.76,ETH-27SEP19,1563879543077,open,0.02,2576.0,0.001,0.059,0.019288,112.59,0.027,0.0,ETH-27SEP19-440-C,212.26,110.86,0.018,200.0,0.021,110.0,114.81,0.16172,-0.1382,0.03192,0.00174,0.10203
213.76,ETH-27SEP19,1563879543078,open,0.31,392.0,0.274,0.353,0.313767,107.63,0.51,0.0,ETH-27SEP19-160-C,212.26,0.0,0.1,10.0,0.0,0.0,0.0,0.24983,-0.2041,0.18978,0.00281,0.80569
213.76,ETH-27SEP19,1563879543078,open,0.06,1841.0,0.022,0.101,0.061655,110.92,0.076,0.0,ETH-27SEP19-320-C,212.26,108.28,0.058,211.0,0.062,110.0,111.16,0.29882,-0.25157,0.07938,0.00327,0.26742
213.76,ETH-27SEP19,1563879543078,open,0.0,489.0,0.001,0.041,0.001428,135.7,0.002,0.0,ETH-27SEP19-60-P,212.26,0.0,0.0,0.0,0.005,300.0,165.6,0.01623,-0.01672,-0.003,0.00015,-0.00635
213.1,SYN.ETH-30AUG19,1563879543077,open,0.45,0.0,0.391,0.506,0.448458,113.8,None,0.0,ETH-30AUG19-300-P,212.26,0.0,0.0,0.0,0.0,0.0,0.0,0.20678,-0.31065,-0.27016,0.00386,-0.77326
213.76,ETH-27SEP19,1563879543078,open,0.03,4201.0,0.001,0.068,0.028217,112.2,0.029,0.0,ETH-27SEP19-400-C,212.26,109.82,0.026,200.0,0.03,110.0,114.05,0.20302,-0.17289,0.04348,0.00219,0.14091
213.76,ETH-27SEP19,1563879543078,open,0.54,0.0,0.499,0.578,0.538316,107.53,None,0.0,ETH-27SEP19-100-C,212.26,0.0,0.003,10.0,0.0,0.0,0.0,0.06057,-0.04943,0.16682,0.00068,0.97071
213.76,ETH-27SEP19,1563879543078,open,0.06,6856.0,0.02,0.104,0.06234,107.69,0.058,0.0,ETH-27SEP19-160-P,212.26,103.09,0.057,160.0,0.062,140.0,107.4,0.24988,-0.20425,-0.09904,0.00281,-0.19437
213.76,ETH-27SEP19,1563879543078,open,0.26,2369.0,0.21,0.31,0.260224,108.16,0.207,0.0,ETH-27SEP19-240-P,212.26,105.67,0.256,120.0,0.266,110.0,111.57,0.3622,-0.29735,-0.29671,0.00406,-0.50886
213.76,ETH-27SEP19,1563879543079,open,0.0,2060.0,0.001,0.041,0.001797,110.03,0.002,0.0,ETH-27SEP19-80-P,212.26,101.41,0.001,100.0,0.003,301.0,119.19,0.02364,-0.01975,-0.00445,0.00026,-0.00974
212.31,SYN.ETH-26JUL19,1563879543077,open,0.0,398.0,0.001,0.04,0.000775,127.6,0.001,0.0,ETH-26JUL19-270-C,212.26,0.0,0.0,0.0,0.003,550.0,160.25,0.0089,-0.16458,0.00031,0.00196,0.01942
212.46,SYN.ETH-2AUG19,1563879543077,open,0.33,0.0,0.274,0.379,0.3267,121.83,None,0.0,ETH-2AUG19-280-P,212.26,0.0,0.0,0.0,0.0,0.0,0.0,0.06168,-0.38047,-0.07047,0.00415,-0.89922
212.31,SYN.ETH-26JUL19,1563879543078,open,0.29,0.0,0.254,0.333,0.293584,144.81,None,0.0,ETH-26JUL19-150-C,212.26,0.0,0.0,0.0,0.0,0.0,0.0,0.00164,-0.04118,0.01177,0.00032,0.99717
212.31,SYN.ETH-26JUL19,1563879543077,open,0.0,0.0,0.001,0.04,1.7e-05,145.0,None,0.0,ETH-26JUL19-140-P,212.26,0.0,0.0,0.0,0.003,300.0,266.29,0.00033,-0.0036,-1e-05,6e-05,-0.00048
213.1,SYN.ETH-30AUG19,1563879543077,open,0.53,0.0,0.471,0.593,0.531846,114.13,None,0.0,ETH-30AUG19-320-P,212.26,0.0,0.0,0.0,0.0,0.0,0.0,0.17903,-0.26972,-0.29933,0.00333,-0.82174
212.31,SYN.ETH-26JUL19,1563879543077,open,0.01,2333.0,0.001,0.054,0.014227,119.05,0.017,0.0,ETH-26JUL19-230-C,212.26,106.99,0.011,463.0,0.016,200.0,125.38,0.05865,-1.21394,0.00378,0.01387,0.24048
212.46,SYN.ETH-2AUG19,1563879543077,open,0.08,1.0,0.045,0.124,0.084995,121.38,0.086,0.0,ETH-2AUG19-210-C,212.26,115.22,0.081,150.0,0.089,150.0,127.56,0.13769,-0.84616,0.02747,0.00929,0.56288
212.46,SYN.ETH-2AUG19,1563879543077,open,0.11,0.0,0.071,0.15,0.110021,121.38,0.113,0.0,ETH-2AUG19-200-C,212.26,114.72,0.106,150.0,0.114,150.0,127.94,0.12857,-0.79011,0.03141,0.00867,0.65639
213.1,SYN.ETH-30AUG19,1563879543077,open,0.17,146.0,0.133,0.212,0.1721,112.4,0.196,0.0,ETH-30AUG19-200-C,212.26,108.17,0.167,120.0,0.175,120.0,114.81,0.25702,-0.38138,0.10329,0.00485,0.63919
212.31,SYN.ETH-26JUL19,1563879543077,open,0.27,0.0,0.222,0.323,0.27253,127.66,None,0.0,ETH-26JUL19-270-P,212.26,0.0,0.002,40.0,0.0,0.0,0.0,0.00892,-0.19796,-0.02096,0.00197,-0.98053
212.31,SYN.ETH-26JUL19,1563879543077,open,0.0,1076.0,0.001,0.04,0.0,145.0,0.005,0.0,ETH-26JUL19-600-C,212.26,0.0,0.0,0.0,0.005,300.0,500.0,0.0,0.0,0.0,0.0,0.0
212.46,SYN.ETH-2AUG19,1563879543078,open,0.03,255.0,0.001,0.075,0.033901,121.39,0.032,0.0,ETH-2AUG19-190-P,212.26,113.93,0.03,200.0,0.036,424.0,125.35,0.11217,-0.68941,-0.0166,0.00757,-0.25478
213.1,SYN.ETH-30AUG19,1563879543077,open,0.22,201.0,0.175,0.272,0.223904,112.41,0.23,0.0,ETH-30AUG19-240-P,212.26,109.33,0.22,120.0,0.231,120.0,117.98,0.27091,-0.402,-0.17302,0.00511,-0.55852
212.46,SYN.ETH-2AUG19,1563879543077,open,0.24,0.0,0.193,0.291,0.241875,121.82,None,0.0,ETH-2AUG19-260-P,212.26,0.0,0.0,0.0,0.0,0.0,0.0,0.09237,-0.56969,-0.06092,0.00621,-0.81791
213.1,SYN.ETH-30AUG19,1563879543077,open,0.04,400.0,0.001,0.079,0.037928,112.42,0.04,0.0,ETH-30AUG19-160-P,212.26,107.45,0.034,160.0,0.039,421.0,113.75,0.17068,-0.2533,-0.04496,0.00322,-0.16541
212.46,SYN.ETH-2AUG19,1563879543077,open,0.16,0.0,0.119,0.211,0.164903,121.74,0.192,0.0,ETH-2AUG19-240-P,212.26,0.0,0.0,0.0,0.0,0.0,0.0,0.12252,-0.75514,-0.0494,0.00824,-0.69443
213.1,SYN.ETH-30AUG19,1563879543077,open,0.07,111.0,0.033,0.112,0.072916,112.7,0.067,0.0,ETH-30AUG19-260-C,212.26,110.26,0.07,160.0,0.076,237.0,115.25,0.25608,-0.38098,0.06283,0.00482,0.35703
213.1,SYN.ETH-30AUG19,1563879543077,open,0.11,210.0,0.067,0.155,0.110641,112.42,0.11,0.0,ETH-30AUG19-200-P,212.26,108.58,0.106,160.0,0.115,434.0,116.04,0.25702,-0.38145,-0.10425,0.00485,-0.36081
212.46,SYN.ETH-2AUG19,1563879543077,open,0.0,187.0,0.001,0.044,0.00411,121.8,0.003,0.0,ETH-2AUG19-300-C,212.26,107.28,0.002,250.0,0.006,550.0,131.41,0.03742,-0.23077,0.00278,0.00252,0.05242
213.1,SYN.ETH-30AUG19,1563879543078,open,0.29,0.0,0.248,0.327,0.287095,112.39,None,0.0,ETH-30AUG19-160-C,212.26,0.0,0.0,0.0,0.0,0.0,0.0,0.17065,-0.25321,0.12108,0.00322,0.83463
212.46,SYN.ETH-2AUG19,1563879543077,open,0.2,0.0,0.155,0.25,0.202171,121.81,None,0.0,ETH-2AUG19-250-P,212.26,0.0,0.0,0.0,0.0,0.0,0.0,0.10823,-0.66746,-0.05541,0.00727,-0.76169
212.46,SYN.ETH-2AUG19,1563879543077,open,0.42,0.0,0.36,0.472,0.416118,121.86,None,0.0,ETH-2AUG19-300-P,212.26,0.0,0.001,100.0,0.0,0.0,0.0,0.03747,-0.23119,-0.07839,0.00252,-0.94749
213.1,SYN.ETH-30AUG19,1563879543077,open,0.02,1221.0,0.001,0.062,0.022522,114.53,0.032,0.0,ETH-30AUG19-340-C,212.26,110.92,0.02,200.0,0.025,320.0,117.92,0.15255,-0.23065,0.02591,0.00283,0.13968
212.31,SYN.ETH-26JUL19,1563879543079,open,0.18,3.0,0.134,0.228,0.181221,124.42,0.1,0.0,ETH-26JUL19-250-P,212.26,0.0,0.001,22.0,1.15,1.0,500.0,0.02725,-0.58949,-0.01847,0.00617,-0.92287
212.31,SYN.ETH-26JUL19,1563879543077,open,0.0,1186.0,0.001,0.04,0.0,145.0,0.001,0.0,ETH-26JUL19-520-C,212.26,0.0,0.0,0.0,0.005,300.0,492.63,0.0,0.0,0.0,0.0,0.0
212.31,SYN.ETH-26JUL19,1563879543078,open,0.0,2266.0,0.001,0.04,0.000473,142.1,0.001,0.0,ETH-26JUL19-160-P,212.26,0.0,0.0,0.0,0.002,300.0,177.97,0.00527,-0.10039,-0.00018,0.00104,-0.01056
212.46,SYN.ETH-2AUG19,1563879543077,open,0.02,202.0,0.001,0.058,0.018134,121.8,0.021,0.0,ETH-2AUG19-260-C,212.26,116.78,0.016,200.0,0.02,200.0,126.02,0.09235,-0.5695,0.00942,0.00621,0.18204
212.31,SYN.ETH-26JUL19,1563879543077,open,0.05,330.0,0.007,0.086,0.046581,116.25,0.041,0.0,ETH-26JUL19-210-C,212.26,106.01,0.043,309.0,0.051,150.0,128.88,0.07425,-1.50081,0.00863,0.01799,0.56254
212.46,SYN.ETH-2AUG19,1563879543078,open,0.28,0.0,0.233,0.334,0.283535,121.82,None,0.0,ETH-2AUG19-270-P,212.26,0.0,0.0,0.0,0.0,0.0,0.0,0.07649,-0.47179,-0.06593,0.00514,-0.8634
213.1,SYN.ETH-30AUG19,1563879543078,open,0.22,557.0,0.185,0.264,0.224124,112.4,0.233,0.0,ETH-30AUG19-180-C,212.26,84.54,0.196,120.0,0.236,120.0,123.7,0.2221,-0.32955,0.11436,0.00419,0.74128
212.46,SYN.ETH-2AUG19,1563879543077,open,0.01,255.0,0.001,0.052,0.012727,121.8,0.01,0.0,ETH-2AUG19-270-C,212.26,113.84,0.01,250.0,0.015,250.0,127.9,0.07647,-0.47156,0.00712,0.00514,0.13654
212.46,SYN.ETH-2AUG19,1563879543077,open,0.01,262.0,0.001,0.046,0.006053,121.8,0.012,0.0,ETH-2AUG19-290-C,212.26,111.82,0.004,252.0,0.008,250.0,129.71,0.04854,-0.29933,0.00386,0.00326,0.07316
213.1,SYN.ETH-30AUG19,1563879543077,open,0.04,263.0,0.001,0.08,0.040646,113.76,0.051,0.0,ETH-30AUG19-300-C,212.26,111.01,0.038,160.0,0.043,274.0,116.17,0.20672,-0.31045,0.04113,0.00386,0.22662
212.46,SYN.ETH-2AUG19,1563879543077,open,0.0,250.0,0.001,0.042,0.002747,121.39,0.006,0.0,ETH-2AUG19-150-P,212.26,0.0,0.0,0.0,0.004,254.0,130.74,0.02549,-0.15669,-0.00203,0.00172,-0.03264
213.1,SYN.ETH-30AUG19,1563879543077,open,0.37,0.0,0.314,0.423,0.368352,113.2,None,0.0,ETH-30AUG19-280-P,212.26,0.0,0.0,0.0,0.0,0.0,0.0,0.23328,-0.34863,-0.23944,0.00437,-0.71442
212.31,SYN.ETH-26JUL19,1563879543079,open,0.0,1986.0,0.001,0.04,3.1e-05,145.0,0.001,0.0,ETH-26JUL19-320-C,212.26,0.0,0.0,0.0,0.002,561.0,228.86,0.00057,-0.00649,1e-05,0.00011,0.00089
212.31,SYN.ETH-26JUL19,1563879543080,open,0.15,100.0,0.115,0.194,0.1545,117.63,0.143,0.0,ETH-26JUL19-180-C,212.26,0.0,0.0,0.0,0.0,0.0,0.0,0.01981,-0.40523,0.01329,0.00474,0.94878
212.31,SYN.ETH-26JUL19,1563879543077,open,0.1,569.0,0.054,0.141,0.097574,119.06,0.08,0.0,ETH-26JUL19-230-P,212.26,97.59,0.092,50.0,0.1,50.0,127.67,0.05865,-1.21407,-0.01434,0.01387,-0.7595
212.31,SYN.ETH-26JUL19,1563879543077,open,0.04,1559.0,0.001,0.077,0.035699,116.18,0.034,0.0,ETH-26JUL19-210-P,212.26,108.46,0.033,10.0,0.039,150.0,125.62,0.07425,-1.49998,-0.00791,0.018,-0.43745
212.46,SYN.ETH-2AUG19,1563879543077,open,0.3,0.0,0.257,0.336,0.296743,121.35,None,0.0,ETH-2AUG19-150-C,212.26,0.0,0.0,0.0,0.0,0.0,0.0,0.02547,-0.15647,0.03855,0.00172,0.96741
212.46,SYN.ETH-2AUG19,1563879543078,open,0.02,11.0,0.001,0.065,0.025498,121.8,0.023,0.0,ETH-2AUG19-250-C,212.26,116.82,0.023,200.0,0.028,200.0,126.65,0.10822,-0.66732,0.01223,0.00727,0.23827
212.46,SYN.ETH-2AUG19,1563879543078,open,0.1,201.0,0.056,0.143,0.099868,121.35,0.091,0.0,ETH-2AUG19-220-P,212.26,113.91,0.095,150.0,0.104,150.0,127.66,0.13903,-0.8542,-0.0362,0.00938,-0.52981
212.31,SYN.ETH-26JUL19,1563879543078,open,0.23,867.0,0.178,0.275,0.226489,127.63,0.163,0.0,ETH-26JUL19-260-P,212.26,0.0,0.004,50.0,0.0,0.0,0.0,0.01677,-0.37215,-0.01982,0.0037,-0.95838
212.46,SYN.ETH-2AUG19,1563879543079,open,0.05,112.0,0.01,0.093,0.05136,121.39,0.039,0.0,ETH-2AUG19-200-P,212.26,114.17,0.047,200.0,0.054,381.0,125.75,0.12857,-0.79018,-0.02271,0.00867,-0.34361
215.48,ETH-27DEC19,1563879543224,open,0.05,1912.0,0.011,0.094,0.05232,103.33,0.044,0.0,ETH-27DEC19-120-P,212.26,99.86,0.048,1.0,0.052,50.0,103.05,0.27338,-0.09003,-0.15454,0.00133,-0.11452
213.1,SYN.ETH-30AUG19,1563879543237,open,0.07,962.0,0.027,0.111,0.068802,112.42,0.065,0.0,ETH-30AUG19-180-P,212.26,107.79,0.064,160.0,0.07,211.0,113.56,0.22211,-0.32963,-0.07243,0.00419,-0.25874
213.1,SYN.ETH-30AUG19,1563879543244,open,0.02,1409.0,0.001,0.056,0.016766,114.85,0.014,0.0,ETH-30AUG19-360-C,212.26,111.83,0.015,200.0,0.019,200.0,118.45,0.12817,-0.19433,0.02038,0.00237,0.10893
215.48,ETH-27DEC19,1563879543255,open,2.2,0.0,2.06,2.314,2.186856,111.84,None,0.0,ETH-27DEC19-680-P,212.26,0.0,0.001,100.0,0.0,0.0,0.0,0.27406,-0.09769,-2.845,0.00123,-0.88508
212.46,SYN.ETH-2AUG19,1563879543251,open,0.01,3.0,0.001,0.048,0.008826,121.8,0.009,0.0,ETH-2AUG19-280-C,212.26,115.16,0.007,250.0,0.011,552.0,128.91,0.06165,-0.38018,0.00528,0.00414,0.10071
212.31,SYN.ETH-26JUL19,1563879543263,open,0.0,1449.0,0.001,0.042,0.002336,117.65,0.004,0.0,ETH-26JUL19-180-P,212.26,113.9,0.002,1.0,0.003,250.0,124.3,0.01982,-0.40545,-0.0009,0.00474,-0.05125
215.46,ETH-27DEC19,1563879543275,open,0.04,424.0,0.001,0.075,0.035211,110.89,0.039,0.0,ETH-27DEC19-640-C,212.26,108.5,0.032,50.0,0.038,300.0,112.88,0.29622,-0.10469,0.08628,0.00134,0.12838
10127.68,BTC-27SEP19,1563879543388,open,0.04,183.2,0.0045,0.084,0.04434831,105.37,0.045,0.0,BTC-27SEP19-16000-C,10005.84,102.69,0.041,0.2,0.0515,14.2,111.09,12.48675,-9.98688,3.07521,6e-05,0.21251
10071.02,SYN.BTC-30AUG19,1563879543411,open,0.07,66.6,0.033,0.1125,0.07276192,106.89,0.07,0.0,BTC-30AUG19-12000-C,10005.84,101.71,0.0665,10.0,0.0785,10.0,111.6,12.22904,-17.25674,3.08699,0.00011,0.36815
10019.24,SYN.BTC-2AUG19,1563879543413,open,0.05,58.8,0.0065,0.09,0.0483874,111.78,0.05,0.0,BTC-2AUG19-9500-P,10005.84,94.62,0.038,10.0,0.0555,10.0,123.38,6.11367,-34.59947,-1.08399,0.0002,-0.35147
10071.02,SYN.BTC-30AUG19,1563879543453,open,0.08,55.3,0.0375,0.1235,0.08048177,104.65,0.0845,0.0,BTC-30AUG19-9000-P,10005.84,99.37,0.0745,10.0,0.0885,0.2,111.72,11.40976,-15.76259,-4.05772,0.0001,-0.3078
10127.05,BTC-27SEP19,1563879543468,open,0.22,377.8,0.183,0.2625,0.22263471,101.43,0.2695,0.0,BTC-27SEP19-9000-C,10004.16,97.34,0.2165,0.1,0.226,0.1,103.66,15.22751,-11.72268,8.49969,8e-05,0.68767
10253.97,BTC-27DEC19,1563879543468,open,0.0,98.9,0.0005,0.041,0.00136132,111.65,0.001,0.0,BTC-27DEC19-2000-P,10004.16,98.57,0.0005,23.0,0.003,10.0,125.55,0.91527,-0.3257,-0.26597,0.0,-0.00467
10253.97,BTC-27DEC19,1563879543468,open,2.14,0.3,2.0235,2.275,2.14933527,109.09,1.875,0.0,BTC-27DEC19-32000-P,10004.16,0.0,0.001,1.0,0.0,0.0,0.0,12.52867,-4.35608,-134.00673,3e-05,-0.89135
10127.05,BTC-27SEP19,1563879543468,open,0.75,55.9,0.714,0.7935,0.75367251,131.62,0.689,0.0,BTC-27SEP19-2500-C,10004.16,0.0,0.0045,10.0,0.908,5.0,500.0,0.35876,-0.35841,4.45276,0.0,0.99729
10253.97,BTC-27DEC19,1563879543468,open,4.07,1.0,3.876,4.2815,4.07864696,112.06,4.454,0.0,BTC-27DEC19-52000-P,10004.16,0.0,0.001,1.0,0.0,0.0,0.0,4.90986,-1.75357,-222.38164,1e-05,-0.96732
10253.97,BTC-27DEC19,1563879543468,open,0.85,0.1,0.8145,0.894,0.85417119,114.71,0.84,0.0,BTC-27DEC19-1500-C,10004.16,0.0,0.0195,10.0,0.983,0.5,500.0,0.36436,-0.13321,6.35267,0.0,0.99832
10127.05,BTC-27SEP19,1563879543468,open,0.85,42.8,0.812,0.8915,0.85188071,0.0,0.815,0.0,BTC-27SEP19-1500-C,10004.16,0.0,0.0,0.0,0.0,0.0,0.0,0.0,0.0,2.70722,0.0,1.0
10127.05,BTC-27SEP19,1563879543468,open,0.62,34.4,0.56,0.6895,0.62485617,105.91,0.6695,0.0,BTC-27SEP19-16000-P,10004.16,0.0,0.0045,10.0,1.223,0.2,500.0,12.54783,-10.08717,-25.78094,6e-05,-0.78568
10127.05,BTC-27SEP19,1563879543470,open,1.96,0.0,1.847,2.0835,1.9653842,111.69,None,0.0,BTC-27SEP19-30000-P,10004.16,0.0,0.0,0.0,0.0,0.0,0.0,2.09304,-1.77438,-53.83201,1e-05,-0.97989
10011.13,SYN.BTC-26JUL19,1563879543470,open,0.35,32.3,0.296,0.4035,0.34964108,162.02,0.29,0.0,BTC-26JUL19-13500-P,10004.16,0.0,0.0,0.0,0.0,0.0,0.0,0.47298,-13.32422,-1.04687,4e-05,-0.97763
10011.13,SYN.BTC-26JUL19,1563879543469,open,0.0,723.7,0.0005,0.04,0.00029362,136.18,0.0005,0.0,BTC-26JUL19-7500-P,10004.16,0.0,0.0,0.0,0.0005,1.0,145.83,0.17645,-2.93944,-0.00587,2e-05,-0.00715
10127.05,BTC-27SEP19,1563879543470,open,0.8,1.0,0.7335,0.8775,0.80547741,105.87,1.5815,0.0,BTC-27SEP19-18000-P,10004.16,0.0,0.005,0.5,1.401,0.3,500.0,9.84917,-7.91418,-30.33186,5e-05,-0.85405
10253.97,BTC-27DEC19,1563879543471,open,0.62,27.2,0.5835,0.663,0.623189,99.89,0.65,0.0,BTC-27DEC19-4000-C,10004.16,0.0,0.0145,10.0,0.97,1.0,500.0,5.6492,-1.79847,14.89727,1e-05,0.96122
10127.05,BTC-27SEP19,1563879543470,open,0.0,49.2,0.0005,0.041,0.00109231,117.67,0.006,0.0,BTC-27SEP19-3250-P,10004.16,106.89,0.0005,20.0,0.003,15.0,136.48,0.711,-0.63504,-0.12617,0.0,-0.00581
10075.53,SYN.BTC-30AUG19,1563879543468,open,0.51,0.0,0.455,0.5755,0.51510653,107.91,None,0.0,BTC-30AUG19-15000-P,10004.16,0.0,0.0005,3.0,0.0,0.0,0.0,8.08117,-11.51158,-14.10766,7e-05,-0.83423
10011.13,SYN.BTC-26JUL19,1563879543468,open,0.55,0.0,0.4875,0.611,0.54903971,210.79,None,0.0,BTC-26JUL19-15500-P,10004.16,0.0,0.0,0.0,0.0,0.0,0.0,0.28662,-10.50466,-1.21196,2e-05,-0.98755
10253.97,BTC-27DEC19,1563879543471,open,2.91,0.0,2.762,3.075,2.91829271,112.25,2.58,0.0,BTC-27DEC19-40000-P,10004.16,0.0,0.0005,3.0,0.0,0.0,0.0,8.94704,-3.20103,-169.63387,2e-05,-0.93079
10024.01,SYN.BTC-2AUG19,1563879543468,open,0.26,0.0,0.2095,0.31,0.25974445,115.27,None,0.0,BTC-2AUG19-12500-P,10004.16,0.0,0.01,10.0,0.0,0.0,0.0,3.71316,-21.67012,-3.03032,0.00012,-0.85756
10125.37,BTC-27SEP19,1563879543471,open,2.16,0.0,2.036,2.2885,2.1621159,109.35,None,0.0,BTC-27SEP19-32000-P,10004.16,0.0,0.0,0.0,0.0,0.0,0.0,1.38154,-1.14663,-57.55932,1e-05,-0.98761
10253.97,BTC-27DEC19,1563879543472,open,0.35,205.5,0.314,0.3935,0.35379145,99.83,0.359,0.0,BTC-27DEC19-8000-C,10004.16,73.34,0.3005,0.1,0.999,0.1,500.0,20.89509,-6.64872,17.90489,5e-05,0.76006
10011.13,SYN.BTC-26JUL19,1563879543468,open,0.25,55.9,0.201,0.3005,0.25085119,142.37,0.23,0.0,BTC-26JUL19-12500-P,10004.16,0.0,0.0,0.0,0.0,0.0,0.0,0.84451,-20.90483,-0.95098,8e-05,-0.95485
10011.13,SYN.BTC-26JUL19,1563879543471,open,1.0,0.0,0.919,1.0785,0.99874306,319.88,None,0.0,BTC-26JUL19-20000-P,10004.16,0.0,0.0,0.0,0.0,0.0,0.0,0.25439,-14.1483,-1.56792,1e-05,-0.98915
10011.13,SYN.BTC-26JUL19,1563879543468,open,0.0,626.2,0.0005,0.04,7e-07,144.88,0.0005,0.0,BTC-26JUL19-17000-C,10004.16,0.0,0.0,0.0,0.0015,10.1,270.57,0.00096,-0.00706,2e-05,0.0,3e-05
10125.37,BTC-27SEP19,1563879543472,open,1.38,0.2,1.284,1.4735,1.37872008,108.9,1.6,0.0,BTC-27SEP19-24000-P,10004.16,0.0,0.0,0.0,0.0,0.0,0.0,4.51618,-3.73304,-42.53531,2e-05,-0.94887
10125.37,BTC-27SEP19,1563879543472,open,0.68,0.0,0.6405,0.72,0.68017006,118.41,None,0.0,BTC-27SEP19-3250-C,10004.16,0.0,0.0045,10.0,0.892,5.0,500.0,0.73433,-0.65998,5.73456,0.0,0.99397
10125.37,BTC-27SEP19,1563879543472,open,1.57,0.0,1.471,1.6765,1.57359133,109.58,None,0.0,BTC-27SEP19-26000-P,10004.16,0.0,0.0,0.0,0.0,0.0,0.0,3.43872,-2.85997,-46.36417,2e-05,-0.96352
10253.97,BTC-27DEC19,1563879543472,open,3.3,0.0,3.131,3.4745,3.3028223,110.56,None,0.0,BTC-27DEC19-44000-P,10004.16,0.0,0.0,0.0,0.0,0.0,0.0,6.9075,-2.43405,-187.43719,1e-05,-0.95023
10011.13,SYN.BTC-26JUL19,1563879543470,open,0.8,0.0,0.727,0.8705,0.79886884,274.79,None,0.0,BTC-26JUL19-18000-P,10004.16,0.0,0.0,0.0,0.0,0.0,0.0,0.26149,-12.49366,-1.41,1e-05,-0.9888
10125.37,BTC-27SEP19,1563879543473,open,0.8,28.2,0.763,0.8425,0.80282739,145.2,0.755,0.0,BTC-27SEP19-2000-C,10004.16,0.0,0.01,1.0,0.9205,5.0,500.0,0.22932,-0.25272,3.57301,0.0,0.99835
10253.97,BTC-27DEC19,1563879543473,open,1.58,0.0,1.478,1.684,1.58081331,106.48,None,0.0,BTC-27DEC19-26000-P,10004.16,0.0,0.0045,10.0,2.379,0.2,500.0,16.52829,-5.60912,-106.57419,3e-05,-0.83741
10024.01,SYN.BTC-2AUG19,1563879543468,open,0.17,1.0,0.1275,0.221,0.17438121,114.1,0.1445,0.0,BTC-2AUG19-11500-P,10004.16,0.0,0.0005,0.2,0.0,0.0,0.0,5.36651,-31.00219,-2.47527,0.00017,-0.73827
10011.13,SYN.BTC-26JUL19,1563879543468,open,0.0,214.7,0.0005,0.04,8e-07,145.13,0.0005,0.0,BTC-26JUL19-6000-P,10004.16,0.0,0.0,0.0,0.0005,4.7,243.64,0.00102,-0.00799,-2e-05,0.0,-3e-05
10253.97,BTC-27DEC19,1563879543473,open,1.03,5.7,0.9505,1.1125,1.03134962,104.66,1.085,0.0,BTC-27DEC19-20000-P,10004.16,0.0,0.0045,5.0,1.466,1.0,280.15,21.98343,-7.33335,-77.88193,5e-05,-0.73583
10253.97,BTC-27DEC19,1563879543473,open,1.77,2.0,1.658,1.879,1.76851642,106.98,1.563,0.0,BTC-27DEC19-28000-P,10004.16,0.0,0.001,1.0,0.0,0.0,0.0,14.94094,-5.09434,-115.85492,3e-05,-0.8603
10125.37,BTC-27SEP19,1563879543473,open,1.18,0.2,1.098,1.2725,1.18524653,108.17,1.391,0.0,BTC-27SEP19-22000-P,10004.16,0.0,0.0045,10.0,0.0,0.0,0.0,5.92108,-4.86138,-38.61276,3e-05,-0.9277
10253.97,BTC-27DEC19,1563879543473,open,2.53,1.3,2.39,2.672,2.53094665,108.85,2.2,0.0,BTC-27DEC19-36000-P,10004.16,0.0,0.0005,1.0,0.0,0.0,0.0,10.02263,-3.47721,-152.07394,2e-05,-0.9197
10253.97,BTC-27DEC19,1563879543473,open,3.69,0.0,3.5025,3.8775,3.68998204,110.56,None,0.0,BTC-27DEC19-48000-P,10004.16,0.0,0.0005,100.0,0.0,0.0,0.0,5.62791,-1.98319,-204.99178,1e-05,-0.9614
10253.97,BTC-27DEC19,1563879543474,open,1.21,3.9,1.1235,1.3,1.21161444,105.37,0.752,0.0,BTC-27DEC19-22000-P,10004.16,0.0,0.006,2.0,2.0,0.3,500.0,20.09599,-6.74893,-87.60897,4e-05,-0.77628
10253.97,BTC-27DEC19,1563879543473,open,1.39,0.0,1.2995,1.4905,1.39493925,105.92,None,0.0,BTC-27DEC19-24000-P,10004.16,0.0,0.006,1.0,2.1895,0.2,500.0,18.24907,-6.16063,-97.16919,4e-05,-0.80988
10011.13,SYN.BTC-26JUL19,1563879543468,open,0.9,0.0,0.823,0.9745,0.89880591,297.95,None,0.0,BTC-26JUL19-19000-P,10004.16,0.0,0.0,0.0,0.0,0.0,0.0,0.25722,-13.3253,-1.48899,1e-05,-0.98901
10125.37,BTC-27SEP19,1563879543474,open,1.77,0.0,1.6585,1.8795,1.76922134,109.69,None,0.0,BTC-27SEP19-28000-P,10004.16,0.0,0.0,0.0,0.0,0.0,0.0,2.56438,-2.13493,-50.13808,1e-05,-0.9744
10011.13,SYN.BTC-26JUL19,1563879543470,open,1.1,0.0,1.015,1.1825,1.09868021,340.71,None,0.0,BTC-26JUL19-21000-P,10004.16,0.0,0.0,0.0,0.0,0.0,0.0,0.2526,-14.96377,-1.64682,1e-05,-0.98923
10024.01,SYN.BTC-2AUG19,1563879543473,open,0.35,0.0,0.299,0.4065,0.35263368,117.05,None,0.0,BTC-2AUG19-13500-P,10004.16,0.0,0.01,10.0,0.0,0.0,0.0,2.29889,-13.62317,-3.46916,7e-05,-0.92648
10253.97,BTC-27DEC19,1563879543475,open,0.85,12.4,0.7815,0.9295,0.85559044,103.94,0.559,0.0,BTC-27DEC19-18000-P,10004.16,0.0,0.0045,5.0,1.6235,0.2,500.0,23.84226,-7.89878,-67.94743,5e-05,-0.68617
10011.13,SYN.BTC-26JUL19,1563879543472,open,0.45,10.8,0.3915,0.507,0.44917781,184.08,0.166,0.0,BTC-26JUL19-14500-P,10004.16,0.0,0.0,0.0,0.0,0.0,0.0,0.32538,-10.41435,-1.13165,2e-05,-0.98558
10125.37,BTC-27SEP19,1563879543475,open,0.71,225.7,0.665,0.7445,0.70460402,122.25,0.693,0.0,BTC-27SEP19-3000-C,10004.16,0.0,0.0045,20.0,0.897,5.0,500.0,0.58157,-0.53965,5.31345,0.0,0.99536
10253.97,BTC-27DEC19,1563879543475,open,1.96,2.1,1.8395,2.0755,1.95767652,107.47,1.95,0.0,BTC-27DEC19-30000-P,10004.16,0.0,0.001,1.0,0.0,0.0,0.0,13.50378,-4.62544,-125.02835,3e-05,-0.87929
10024.01,SYN.BTC-2AUG19,1563879543474,open,0.35,0.0,0.3125,0.392,0.35235597,120.28,None,0.0,BTC-2AUG19-6500-C,10004.16,0.0,0.01,10.0,0.0,0.0,0.0,0.47964,-2.92082,1.72653,1e-05,0.98894
10011.13,SYN.BTC-26JUL19,1563879543472,open,0.5,10.0,0.4395,0.559,0.49909291,197.25,0.17,0.0,BTC-26JUL19-15000-P,10004.16,0.0,0.0,0.0,0.0,0.0,0.0,0.30028,-10.29825,-1.17203,2e-05,-0.98686
10024.01,SYN.BTC-2AUG19,1563879543468,open,0.3,0.0,0.2535,0.3575,0.30552842,116.07,None,0.0,BTC-2AUG19-13000-P,10004.16,0.0,0.01,10.0,0.0,0.0,0.0,2.95085,-17.34053,-3.26221,9e-05,-0.89728
10125.37,BTC-27SEP19,1563879543476,open,0.99,0.0,0.9145,1.0735,0.99377135,107.07,None,0.0,BTC-27SEP19-20000-P,10004.16,0.0,0.0045,10.0,1.581,0.2,499.74,7.67018,-6.23308,-34.56724,4e-05,-0.89779
10024.01,SYN.BTC-2AUG19,1563879543473,open,0.4,0.0,0.345,0.4565,0.40071836,118.58,None,0.0,BTC-2AUG19-14000-P,10004.16,0.0,0.01,10.0,0.0,0.0,0.0,1.78472,-10.71489,-3.65488,6e-05,-0.94687
10011.13,SYN.BTC-26JUL19,1563879543468,open,0.11,378.5,0.0665,0.155,0.11091216,122.4,0.092,0.0,BTC-26JUL19-11000-P,10004.16,0.0,0.0005,2.7,0.15,1.0,249.15,2.54802,-54.22803,-0.712,0.00026,-0.7918
10075.53,SYN.BTC-30AUG19,1563879543474,open,0.19,11.4,0.147,0.2265,0.18682874,104.46,0.1815,0.0,BTC-30AUG19-9000-C,10004.16,98.41,0.18,5.0,0.0,0.0,0.0,11.40549,-15.72774,5.28977,0.0001,0.69277
10011.13,SYN.BTC-26JUL19,1563879543474,open,0.0,437.4,0.0005,0.04,8.91e-05,144.83,0.0005,0.0,BTC-26JUL19-14500-C,10004.16,0.0,0.0,0.0,0.0005,1.1,173.72,0.06698,-0.89197,0.00184,1e-05,0.00242
10011.13,SYN.BTC-26JUL19,1563879543472,open,0.4,10.8,0.3435,0.455,0.3993359,172.1,0.484,0.0,BTC-26JUL19-14000-P,10004.16,0.0,0.0,0.0,0.0,0.0,0.0,0.37552,-11.237,-1.09026,3e-05,-0.98295
10024.01,SYN.BTC-2AUG19,1563879543476,open,0.13,0.2,0.092,0.1715,0.13184231,111.2,0.15,0.0,BTC-2AUG19-9000-C,10004.16,0.0,0.0,0.0,0.0,0.0,0.0,5.21801,-29.37674,1.6818,0.00017,0.75194
10011.13,SYN.BTC-26JUL19,1563879543473,open,0.15,276.9,0.109,0.201,0.15503836,126.73,0.169,0.0,BTC-26JUL19-11500-P,10004.16,0.0,0.0755,0.1,0.2,0.1,290.45,1.77471,-39.10464,-0.81659,0.00018,-0.88027
10024.01,SYN.BTC-2AUG19,1563879543474,open,0.21,0.0,0.1675,0.264,0.21574843,114.49,None,0.0,BTC-2AUG19-12000-P,10004.16,0.0,0.0,0.0,0.0,0.0,0.0,4.53959,-26.31335,-2.76967,0.00015,-0.80545
10075.53,SYN.BTC-30AUG19,1563879543474,open,0.79,0.0,0.725,0.868,0.79650127,110.1,None,0.0,BTC-30AUG19-18000-P,10004.16,0.0,0.0,0.0,0.0,0.0,0.0,4.46776,-6.49333,-18.02693,4e-05,-0.92769
10075.53,SYN.BTC-30AUG19,1563879543474,open,0.43,0.0,0.3695,0.4835,0.42654136,107.51,None,0.0,BTC-30AUG19-14000-P,10004.16,0.0,0.0,0.0,0.0,0.0,0.0,9.5766,-13.591,-12.62869,8e-05,-0.78134
10011.13,SYN.BTC-26JUL19,1563879543473,open,0.3,28.7,0.248,0.3515,0.29994807,149.51,0.3305,0.0,BTC-26JUL19-13000-P,10004.16,0.0,0.001,0.3,0.0,0.0,0.0,0.58051,-15.0905,-1.00279,5e-05,-0.97143
10011.13,SYN.BTC-26JUL19,1563879543473,open,0.6,5.0,0.5355,0.6625,0.59899969,224.25,0.2255,0.0,BTC-26JUL19-16000-P,10004.16,0.0,0.0,0.0,0.0,0.0,0.0,0.27819,-10.84695,-1.2517,2e-05,-0.98797
10024.01,SYN.BTC-2AUG19,1563879543468,open,0.45,0.0,0.392,0.5075,0.4496837,122.36,None,0.0,BTC-2AUG19-14500-P,10004.16,0.0,0.0005,3.0,0.0,0.0,0.0,1.46391,-9.06894,-3.81923,4e-05,-0.9585
10011.13,SYN.BTC-26JUL19,1563879543474,open,0.7,0.0,0.631,0.7665,0.6989323,250.25,None,0.0,BTC-26JUL19-17000-P,10004.16,0.0,0.0,0.0,0.0,0.0,0.0,0.26789,-11.65614,-1.33093,1e-05,-0.98848
10075.53,SYN.BTC-30AUG19,1563879543476,open,0.7,0.0,0.633,0.7685,0.70080219,109.03,None,0.0,BTC-30AUG19-17000-P,10004.16,0.0,0.0,0.0,0.0,0.0,0.0,5.4629,-7.8629,-16.79472,5e-05,-0.90554
10011.13,SYN.BTC-26JUL19,1563879543474,open,0.2,304.8,0.154,0.2495,0.20170991,129.11,0.2,0.0,BTC-26JUL19-12000-P,10004.16,0.0,0.011,0.5,0.0,0.0,0.0,1.11003,-24.91891,-0.89754,0.00011,-0.93623
10075.53,SYN.BTC-30AUG19,1563879543477,open,0.61,0.0,0.543,0.671,0.6068912,108.51,None,0.0,BTC-30AUG19-16000-P,10004.16,0.0,0.0,0.0,0.0,0.0,0.0,6.69649,-9.592,-15.48933,6e-05,-0.87459
10011.13,SYN.BTC-26JUL19,1563879543476,open,0.0,64.9,0.0005,0.04,1.384e-05,144.85,0.0005,0.0,BTC-26JUL19-15500-C,10004.16,0.0,0.0,0.0,0.0005,4.0,200.22,0.0136,-0.13858,0.00032,0.0,0.00043
10253.97,BTC-27DEC19,1563879543481,open,0.52,91.4,0.4635,0.585,0.52418788,102.13,0.533,0.0,BTC-27DEC19-14000-P,10004.16,97.61,0.5125,5.0,1.2475,0.2,500.0,26.59183,-8.65624,-47.42119,6e-05,-0.55183
10253.97,BTC-27DEC19,1563879543483,open,0.45,83.6,0.39,0.505,0.44748551,101.59,0.4145,0.0,BTC-27DEC19-13000-P,10004.16,97.38,0.4365,5.0,1.1545,0.3,500.0,26.81116,-8.6808,-42.1665,6e-05,-0.5093
10071.02,SYN.BTC-30AUG19,1563879543457,open,0.08,55.3,0.0375,0.1235,0.08048177,104.65,0.0845,0.0,BTC-30AUG19-9000-P,10005.84,99.37,0.0745,10.0,0.0875,10.0,110.84,11.40976,-15.76259,-4.05772,0.0001,-0.3078
10024.01,SYN.BTC-2AUG19,1563879543499,open,0.01,86.3,0.0005,0.052,0.01214427,113.65,0.01,0.0,BTC-2AUG19-12500-C,10004.16,111.86,0.0115,0.7,0.013,0.2,115.97,3.64206,-20.95647,0.34254,0.00012,0.13844
10253.97,BTC-27DEC19,1563879543502,open,0.47,122.9,0.4315,0.511,0.47125575,99.83,0.502,0.0,BTC-27DEC19-6000-C,10004.16,69.97,0.4355,4.0,0.88,0.2,429.99,13.90675,-4.42506,17.75439,3e-05,0.87411
10127.05,BTC-27SEP19,1563879543504,open,0.62,34.4,0.56,0.6895,0.62485617,105.91,0.6695,0.0,BTC-27SEP19-16000-P,10004.16,0.0,0.0045,10.0,1.2225,0.2,500.0,12.54783,-10.08717,-25.78094,6e-05,-0.78568
10024.01,SYN.BTC-2AUG19,1563879543508,open,0.02,6.9,0.0005,0.058,0.01733915,112.48,0.021,0.0,BTC-2AUG19-8500-P,10004.16,109.13,0.016,24.0,0.023,0.2,125.9,4.05415,-23.08808,-0.48801,0.00013,-0.16259
10125.37,BTC-27SEP19,1563879543510,open,0.63,0.0,0.5915,0.671,0.63117696,108.6,None,0.0,BTC-27SEP19-3750-C,10004.16,0.0,0.0045,11.0,0.715,10.0,299.04,1.00164,-0.82559,6.58341,0.0,0.99143
10251.62,BTC-27DEC19,1563879543642,open,2.91,0.0,2.762,3.075,2.91829271,111.23,2.58,0.0,BTC-27DEC19-40000-P,10004.16,0.0,0.0005,3.0,0.0,0.0,0.0,8.67213,-3.07429,-169.71489,2e-05,-0.93352
10251.62,BTC-27DEC19,1563879543652,open,1.77,2.0,1.658,1.879,1.76851642,106.56,1.563,0.0,BTC-27DEC19-28000-P,10004.16,0.0,0.001,1.0,0.0,0.0,0.0,14.82011,-5.03353,-115.89929,3e-05,-0.86191
10251.62,BTC-27DEC19,1563879543656,open,2.14,0.3,2.0235,2.275,2.14933527,108.51,1.875,0.0,BTC-27DEC19-32000-P,10004.16,0.0,0.001,1.0,0.0,0.0,0.0,12.36193,-4.27548,-134.06272,3e-05,-0.89332
215.48,ETH-27DEC19,1563879543795,open,0.23,553.0,0.189,0.268,0.228871,104.12,0.262,0.0,ETH-27DEC19-240-C,212.26,101.48,0.222,30.0,0.238,30.0,107.7,0.55417,-0.1839,0.31856,0.00267,0.57276
215.48,ETH-27DEC19,1563879543797,open,0.23,553.0,0.189,0.268,0.228871,104.12,0.262,0.0,ETH-27DEC19-240-C,212.26,101.48,0.222,30.0,0.237,209.0,107.31,0.55417,-0.1839,0.31856,0.00267,0.57276
215.48,ETH-27DEC19,1563879543820,open,0.08,715.0,0.041,0.12,0.08067,108.43,0.088,0.0,ETH-27DEC19-440-C,212.26,105.74,0.075,40.0,0.084,274.0,110.0,0.45659,-0.15779,0.16445,0.00211,0.25821
213.1,SYN.ETH-30AUG19,1563879543834,open,0.16,238.0,0.117,0.209,0.162741,112.4,0.166,0.0,ETH-30AUG19-220-P,212.26,109.49,0.159,120.0,0.168,120.0,116.52,0.27268,-0.4046,-0.13835,0.00515,-0.46293
215.48,ETH-27DEC19,1563879543834,open,0.23,553.0,0.189,0.268,0.228871,104.12,0.262,0.0,ETH-27DEC19-240-C,212.26,101.48,0.222,30.0,0.234,120.0,106.14,0.55417,-0.1839,0.31856,0.00267,0.57276
213.76,ETH-27SEP19,1563879543856,open,0.2,2083.0,0.151,0.246,0.198503,107.71,0.17,0.0,ETH-27SEP19-220-P,212.26,104.98,0.194,120.0,0.205,110.0,111.56,0.35733,-0.29213,-0.24408,0.00402,-0.43411
213.76,ETH-27SEP19,1563879543873,open,0.14,1936.0,0.098,0.177,0.137397,108.1,0.144,0.0,ETH-27SEP19-240-C,212.26,106.11,0.134,120.0,0.14,318.0,109.66,0.3622,-0.29718,0.13644,0.00406,0.49103
10125.37,BTC-27SEP19,1563879543879,open,0.04,183.2,0.0045,0.084,0.04434831,105.47,0.045,0.0,BTC-27SEP19-16000-C,10004.16,102.72,0.041,14.4,0.0515,14.2,111.12,12.48976,-9.9981,3.07624,6e-05,0.21268
212.31,SYN.ETH-26JUL19,1563879543891,open,0.06,2572.0,0.021,0.105,0.063431,119.05,0.058,0.0,ETH-26JUL19-220-P,212.26,99.94,0.057,150.0,0.065,150.0,123.65,0.07221,-1.49467,-0.01129,0.01708,-0.61182
213.76,ETH-27SEP19,1563879543898,open,0.2,2083.0,0.151,0.246,0.198503,107.71,0.17,0.0,ETH-27SEP19-220-P,212.26,104.98,0.194,120.0,0.205,230.0,111.56,0.35733,-0.29213,-0.24408,0.00402,-0.43411
212.46,SYN.ETH-2AUG19,1563879543905,open,0.05,1033.0,0.009,0.088,0.048218,121.82,0.047,0.0,ETH-2AUG19-230-C,212.26,116.66,0.045,200.0,0.052,421.0,127.8,0.13346,-0.82314,0.01929,0.00897,0.38378
215.48,ETH-27DEC19,1563879543912,open,0.07,626.0,0.027,0.106,0.066259,108.44,0.083,0.0,ETH-27DEC19-480-C,212.26,106.75,0.063,40.0,0.069,110.0,109.85,0.4186,-0.14467,0.14268,0.00193,0.22029
10125.37,BTC-27SEP19,1563879543932,open,0.04,183.2,0.0045,0.084,0.04434831,105.47,0.045,0.0,BTC-27SEP19-16000-C,10004.16,102.72,0.041,14.2,0.0515,14.2,111.12,12.48976,-9.9981,3.07624,6e-05,0.21268
215.47,ETH-27DEC19,1563879543928,open,0.12,236.0,0.077,0.156,0.116643,106.24,0.132,0.0,ETH-27DEC19-360-C,212.26,104.31,0.112,40.0,0.121,110.0,108.03,0.52253,-0.17693,0.21494,0.00246,0.34874
213.76,ETH-27SEP19,1563879543937,open,0.33,1374.0,0.275,0.381,0.327905,108.66,0.311,0.0,ETH-27SEP19-260-P,212.26,105.66,0.323,120.0,0.335,110.0,112.87,0.35557,-0.29326,-0.34902,0.00397,-0.57668
212.46,SYN.ETH-2AUG19,1563879543943,open,0.06,187.0,0.025,0.104,0.064428,121.38,0.065,0.0,ETH-2AUG19-220-C,212.26,116.15,0.061,150.0,0.069,344.0,128.37,0.13903,-0.85445,0.02333,0.00938,0.47022
10251.62,BTC-27DEC19,1563879543994,open,1.96,2.1,1.8395,2.0755,1.95767652,106.97,1.95,0.0,BTC-27DEC19-30000-P,10004.16,0.0,0.001,1.0,0.0,0.0,0.0,13.35812,-4.55441,-125.07917,3e-05,-0.88109
212.46,SYN.ETH-2AUG19,1563879543985,open,0.03,108.0,0.001,0.075,0.035339,121.82,0.032,0.0,ETH-2AUG19-240-C,212.26,115.95,0.032,200.0,0.039,446.0,128.09,0.12255,-0.7558,0.01554,0.00824,0.30573
212.31,SYN.ETH-26JUL19,1563879543997,open,0.03,1060.0,0.001,0.067,0.027188,119.05,0.025,0.0,ETH-26JUL19-220-C,212.26,109.63,0.024,218.0,0.03,200.0,127.29,0.07221,-1.49459,0.00604,0.01708,0.38817
215.47,ETH-27DEC19,1563879544004,open,2.56,0.0,2.409,2.692,2.55057,112.36,None,0.0,ETH-27DEC19-760-P,212.26,0.0,0.001,100.0,0.0,0.0,0.0,0.22875,-0.08192,-3.20509,0.00102,-0.91034
212.46,SYN.ETH-2AUG19,1563879544005,open,0.13,137.0,0.086,0.175,0.13075,121.75,0.122,0.0,ETH-2AUG19-230-P,212.26,114.2,0.126,150.0,0.134,150.0,126.96,0.13345,-0.82261,-0.04294,0.00897,-0.61633
215.47,ETH-27DEC19,1563879544089,open,2.01,0.0,1.886,2.125,2.005333,110.8,None,0.0,ETH-27DEC19-640-P,212.26,0.0,0.001,100.0,0.0,0.0,0.0,0.29574,-0.10444,-2.66458,0.00134,-0.87193
215.47,ETH-27DEC19,1563879544096,open,1.65,0.0,1.541,1.751,1.646123,109.47,0.845,0.0,ETH-27DEC19-560-P,212.4,0.0,0.0,0.0,0.0,0.0,0.0,0.35137,-0.12259,-2.29724,0.00161,-0.83448
215.47,ETH-27DEC19,1563879544097,open,0.34,692.0,0.29,0.396,0.342735,104.16,0.452,0.0,ETH-27DEC19-240-P,212.4,101.16,0.335,30.0,0.35,120.0,106.99,0.55413,-0.18397,-0.71301,0.00267,-0.42718
215.47,ETH-27DEC19,1563879544097,open,0.96,16.0,0.877,1.033,0.955193,108.41,1.195,0.0,ETH-27DEC19-400-P,212.4,76.85,0.892,110.0,1.49,1.0,333.05,0.49353,-0.17053,-1.52984,0.00228,-0.69676
213.76,ETH-27SEP19,1563879544097,open,0.03,7685.0,0.001,0.076,0.034924,107.67,0.033,0.0,ETH-27SEP19-140-P,212.4,100.68,0.029,200.0,0.034,340.0,106.61,0.18617,-0.15215,-0.06142,0.0021,-0.12427
213.76,ETH-27SEP19,1563879544097,open,1.26,0.0,1.17,1.35,1.25969,114.37,None,0.0,ETH-27SEP19-480-P,212.4,0.0,0.0,0.0,0.0,0.0,0.0,0.13182,-0.11443,-0.84188,0.0014,-0.92248
213.76,ETH-27SEP19,1563879544097,open,0.4,971.0,0.345,0.457,0.401009,109.33,0.346,0.0,ETH-27SEP19-280-P,212.4,91.92,0.374,110.0,0.401,3.0,109.33,0.34089,-0.28289,-0.40024,0.00378,-0.63642
213.76,ETH-27SEP19,1563879544097,open,0.73,233.0,0.658,0.795,0.726331,112.2,0.763,0.0,ETH-27SEP19-360-P,212.4,0.0,0.0,0.0,0.99,1.0,278.6,0.25132,-0.21402,-0.59032,0.00272,-0.80379
213.76,ETH-27SEP19,1563879544097,open,2.38,0.0,2.237,2.506,2.371579,123.65,None,0.0,ETH-27SEP19-720-P,212.4,0.0,0.0,0.0,0.0,0.0,0.0,0.04438,-0.04165,-1.29294,0.00044,-0.97978
215.61,ETH-27DEC19,1563879544098,open,0.63,82.0,0.565,0.694,0.629313,105.82,0.64,0.0,ETH-27DEC19-320-P,212.4,102.55,0.621,30.0,0.639,110.0,109.6,0.55015,-0.18555,-1.12803,0.0026,-0.58796
215.61,ETH-27DEC19,1563879544098,open,0.79,241.0,0.716,0.858,0.787465,106.64,0.986,0.0,ETH-27DEC19-360-P,212.4,84.18,0.736,110.0,0.86,110.0,135.35,0.5239,-0.17807,-1.3315,0.00246,-0.64938
215.61,ETH-27DEC19,1563879544098,open,1.48,37.0,1.37,1.567,1.468544,109.54,0.707,0.0,ETH-27DEC19-520-P,212.4,0.0,0.001,500.0,0.0,0.0,0.0,0.38729,-0.13521,-2.1087,0.00177,-0.80699
213.9,ETH-27SEP19,1563879544098,open,2.56,0.0,2.416,2.7,2.557974,134.82,None,0.0,ETH-27SEP19-760-P,212.4,0.0,0.001,100.0,0.0,0.0,0.0,0.05661,-0.05793,-1.36314,0.00051,-0.97302
213.9,ETH-27SEP19,1563879544098,open,2.0,0.0,1.88,2.118,1.998984,126.59,None,0.0,ETH-27SEP19-640-P,212.4,0.0,0.0,0.0,0.0,0.0,0.0,0.07583,-0.07286,-1.14291,0.00073,-0.96155
213.9,ETH-27SEP19,1563879544098,open,0.48,769.0,0.419,0.536,0.477647,110.25,0.391,0.0,ETH-27SEP19-300-P,212.4,88.66,0.447,110.0,0.523,110.0,139.02,0.32182,-0.26928,-0.44971,0.00354,-0.68725
215.61,ETH-27DEC19,1563879544098,open,2.38,0.0,2.234,2.502,2.367974,113.5,None,0.0,ETH-27DEC19-720-P,212.4,0.0,0.003,5.0,0.0,0.0,0.0,0.2587,-0.09359,-3.02287,0.00114,-0.89405
215.61,ETH-27DEC19,1563879544098,open,1.13,0.0,1.038,1.207,1.122623,108.97,None,0.0,ETH-27DEC19-440-P,212.4,63.41,1.051,110.0,0.0,0.0,0.0,0.45911,-0.15945,-1.72544,0.00211,-0.73933
213.9,ETH-27SEP19,1563879544098,open,0.56,496.0,0.497,0.621,0.55868,111.53,0.556,0.0,ETH-27SEP19-320-P,212.4,0.0,0.0,0.0,0.61,110.0,145.42,0.30039,-0.25429,-0.49755,0.00326,-0.73013
215.61,ETH-27DEC19,1563879544098,open,2.01,0.0,1.886,2.125,2.005333,112.14,None,0.0,ETH-27DEC19-640-P,212.4,0.0,0.001,100.0,0.0,0.0,0.0,0.30376,-0.10857,-2.66175,0.00136,-0.867
213.9,ETH-27SEP19,1563879544098,open,2.19,0.0,2.058,2.312,2.185404,130.21,None,0.0,ETH-27SEP19-680-P,212.4,0.0,0.0,0.0,0.0,0.0,0.0,0.06993,-0.06912,-1.21628,0.00065,-0.96517
213.9,ETH-27SEP19,1563879544098,open,0.02,8191.0,0.001,0.057,0.016601,107.77,0.015,0.0,ETH-27SEP19-120-P,212.4,98.93,0.012,1.0,0.015,200.0,104.84,0.11922,-0.09752,-0.03263,0.00134,-0.06793
213.9,ETH-27SEP19,1563879544099,open,0.09,1914.0,0.052,0.131,0.091129,109.22,0.09,0.0,ETH-27SEP19-280-C,212.4,107.26,0.088,160.0,0.093,110.0,110.39,0.34118,-0.28284,0.10526,0.00378,0.3638
213.9,ETH-27SEP19,1563879544099,open,1.63,24.0,1.523,1.732,1.62709,119.7,1.356,0.0,ETH-27SEP19-560-P,212.4,0.0,0.0,0.0,0.0,0.0,0.0,0.09474,-0.08607,-0.99462,0.00096,-0.94932
215.61,ETH-27DEC19,1563879544099,open,1.3,21.0,1.203,1.385,1.294037,109.19,0.629,0.0,ETH-27DEC19-480-P,212.4,0.0,1.213,110.0,2.232,1.0,500.0,0.42241,-0.147,-1.91866,0.00194,-0.77642
215.61,ETH-27DEC19,1563879544099,open,2.2,0.0,2.06,2.314,2.186856,113.27,None,0.0,ETH-27DEC19-680-P,212.4,0.0,0.001,100.0,0.0,0.0,0.0,0.28261,-0.10203,-2.84209,0.00125,-0.88009
213.9,ETH-27SEP19,1563879544099,open,1.08,0.0,0.995,1.16,1.077679,114.28,None,0.0,ETH-27SEP19-440-P,212.4,0.0,0.0,0.0,0.0,0.0,0.0,0.16746,-0.14525,-0.7608,0.00177,-0.89304
212.33,SYN.ETH-26JUL19,1563879544096,open,1.83,0.0,1.714,1.939,1.826116,396.75,None,0.0,ETH-26JUL19-600-P,212.4,0.0,0.001,100.0,0.0,0.0,0.0,0.0016,-0.11071,-0.04723,0.00011,-0.99723
213.9,ETH-27SEP19,1563879544100,open,0.64,345.0,0.576,0.706,0.640667,111.66,0.76,0.0,ETH-27SEP19-340-P,212.4,74.37,0.602,110.0,0.699,110.0,151.93,0.27574,-0.23369,-0.5447,0.00299,-0.77028
213.9,ETH-27SEP19,1563879544100,open,1.45,12.0,1.346,1.54,1.443072,118.64,1.193,0.0,ETH-27SEP19-520-P,212.4,0.0,0.0,0.0,0.0,0.0,0.0,0.11586,-0.10433,-0.91788,0.00118,-0.93454
215.61,ETH-27DEC19,1563879544100,open,2.56,0.0,2.409,2.692,2.55057,114.42,None,0.0,ETH-27DEC19-760-P,212.4,0.0,0.001,100.0,0.0,0.0,0.0,0.24085,-0.08784,-3.20125,0.00105,-0.90395
213.9,ETH-27SEP19,1563879544100,open,0.15,3314.0,0.099,0.19,0.144718,107.88,0.15,0.0,ETH-27SEP19-200-P,212.4,104.89,0.14,160.0,0.147,288.0,109.33,0.33781,-0.27661,-0.19236,0.00379,-0.35355
213.9,ETH-27SEP19,1563879544101,open,1.82,27.0,1.701,1.925,1.812745,122.84,1.044,0.0,ETH-27SEP19-600-P,212.4,0.0,0.0,0.0,0.0,0.0,0.0,0.08324,-0.07761,-1.06921,0.00082,-0.95687
213.9,ETH-27SEP19,1563879544101,open,0.81,259.0,0.74,0.884,0.81218,113.21,0.94,0.0,ETH-27SEP19-380-P,212.4,0.0,0.009,8.0,0.0,0.0,0.0,0.22991,-0.19756,-0.63398,0.00246,-0.83005
212.33,SYN.ETH-26JUL19,1563879544097,open,0.51,518.0,0.448,0.567,0.507293,168.87,0.482,0.0,ETH-26JUL19-320-P,212.4,0.0,0.051,5.0,0.508,1.0,203.47,0.00218,-0.0639,-0.02515,0.00036,-0.99611
213.12,SYN.ETH-30AUG19,1563879544100,open,0.89,0.0,0.812,0.961,0.886517,116.18,None,0.0,ETH-30AUG19-400-P,212.4,0.0,0.0,0.0,0.0,0.0,0.0,0.08956,-0.13736,-0.4023,0.00164,-0.93257
213.9,ETH-27SEP19,1563879544103,open,0.21,1288.0,0.17,0.249,0.209089,107.49,0.214,0.0,ETH-27SEP19-200-C,212.4,104.27,0.204,120.0,0.214,120.0,110.6,0.33785,-0.27564,0.1688,0.00381,0.64634
212.33,SYN.ETH-26JUL19,1563879544096,open,1.64,0.0,1.533,1.743,1.637709,371.47,None,0.0,ETH-26JUL19-560-P,212.4,0.0,0.0,0.0,0.0,0.0,0.0,0.00159,-0.10289,-0.04408,0.00012,-0.99725
212.33,SYN.ETH-26JUL19,1563879544098,open,1.45,0.0,1.352,1.547,1.449301,344.33,None,0.0,ETH-26JUL19-520-P,212.4,0.0,0.0,0.0,0.0,0.0,0.0,0.00159,-0.09501,-0.04093,0.00013,-0.99726
212.33,SYN.ETH-26JUL19,1563879544098,open,1.26,0.0,1.171,1.351,1.260893,315.03,None,0.0,ETH-26JUL19-480-P,212.4,0.0,0.0,0.0,0.0,0.0,0.0,0.00159,-0.08708,-0.03778,0.00014,-0.99726
212.48,SYN.ETH-2AUG19,1563879544097,open,0.07,6.0,0.031,0.116,0.073397,121.46,0.066,0.0,ETH-2AUG19-210-P,212.4,117.76,0.071,2.0,0.077,293.0,127.02,0.13769,-0.84673,-0.02934,0.00928,-0.43692
212.33,SYN.ETH-26JUL19,1563879544098,open,0.14,1348.0,0.093,0.183,0.137772,122.09,0.165,0.0,ETH-26JUL19-240-P,212.4,83.98,0.132,46.0,0.0,0.0,0.0,0.04213,-0.89422,-0.01668,0.00971,-0.85913
212.33,SYN.ETH-26JUL19,1563879544100,open,1.36,0.0,1.261,1.449,1.355097,329.98,None,0.0,ETH-26JUL19-500-P,212.4,0.0,0.0,0.0,0.0,0.0,0.0,0.00159,-0.09105,-0.03935,0.00014,-0.99726
213.12,SYN.ETH-30AUG19,1563879544098,open,0.13,115.0,0.091,0.17,0.130374,112.38,0.159,0.0,ETH-30AUG19-220-C,212.4,108.96,0.126,120.0,0.133,189.0,114.43,0.2727,-0.40456,0.08996,0.00515,0.53716
212.33,SYN.ETH-26JUL19,1563879544099,open,0.02,5313.0,0.001,0.058,0.017509,116.46,0.019,0.0,ETH-26JUL19-200-P,212.4,107.7,0.015,216.0,0.02,200.0,124.95,0.06164,-1.24826,-0.00471,0.0149,-0.26428
215.61,ETH-27DEC19,1563879544112,open,0.23,553.0,0.189,0.268,0.228871,104.07,0.262,0.0,ETH-27DEC19-240-C,212.4,101.4,0.222,239.0,0.234,120.0,106.06,0.55444,-0.1839,0.31891,0.00267,0.57301
213.9,ETH-27SEP19,1563879544116,open,0.04,1696.0,0.003,0.082,0.042199,112.11,0.049,0.0,ETH-27SEP19-360-C,212.4,109.35,0.039,162.0,0.043,110.0,112.79,0.25156,-0.21406,0.05949,0.00272,0.19631
10253.97,BTC-27DEC19,1563879544159,open,0.01,181.4,0.0005,0.0515,0.01178651,110.54,0.024,0.0,BTC-27DEC19-44000-C,10004.16,98.88,0.0055,10.0,0.0175,10.0,118.02,6.90211,-2.43167,1.67174,1e-05,0.04972
212.47,SYN.ETH-26JUL19,1563879544319,open,1.83,0.0,1.713,1.938,1.82585,484.91,None,0.0,ETH-26JUL19-600-P,212.4,0.0,0.001,100.0,0.0,0.0,0.0,0.00674,-0.5681,-0.04707,0.00039,-0.98598
10009.43,SYN.BTC-26JUL19,1563879544379,open,0.3,4.8,0.261,0.3405,0.30086577,158.48,0.455,0.0,BTC-26JUL19-7000-C,10004.16,0.0,0.006,3.0,0.0,0.0,0.0,0.11678,-3.21797,0.5478,1e-05,0.99551
10009.43,SYN.BTC-26JUL19,1563879544379,open,0.2,304.8,0.1535,0.249,0.20115528,121.83,0.2,0.0,BTC-26JUL19-12000-P,10004.16,0.0,0.011,0.5,0.0,0.0,0.0,0.94935,-20.11038,-0.90601,0.0001,-0.94772
213.9,ETH-27SEP19,1563879544381,open,2.19,0.0,2.056,2.31,2.18304,121.87,None,0.0,ETH-27SEP19-680-P,212.4,0.0,0.0,0.0,0.0,0.0,0.0,0.05155,-0.04768,-1.2195,0.00051,-0.97587
212.47,SYN.ETH-26JUL19,1563879544404,open,1.45,0.0,1.352,1.547,1.44907,421.75,None,0.0,ETH-26JUL19-520-P,212.4,0.0,0.0,0.0,0.0,0.0,0.0,0.00663,-0.48652,-0.04077,0.00044,-0.98623
10024.01,SYN.BTC-2AUG19,1563879544425,open,0.05,58.8,0.0065,0.09,0.04819672,112.08,0.05,0.0,BTC-2AUG19-9500-P,10004.16,95.75,0.0385,10.0,0.0555,10.0,123.7,6.11176,-34.68015,-1.0824,0.0002,-0.3507
10253.97,BTC-27DEC19,1563879544428,open,0.04,152.0,0.0055,0.085,0.04541339,106.57,0.047,0.0,BTC-27DEC19-26000-C,10004.16,103.81,0.041,10.0,0.0535,10.0,111.43,16.55323,-5.62271,5.18261,3e-05,0.16296
10024.01,SYN.BTC-2AUG19,1563879544435,open,0.03,24.0,0.0005,0.071,0.02998098,112.02,0.0325,0.0,BTC-2AUG19-9000-P,10004.16,96.03,0.022,10.0,0.032,0.2,115.61,5.23093,-29.66694,-0.7576,0.00017,-0.24922
10251.62,BTC-27DEC19,1563879544437,open,3.69,0.0,3.503,3.8775,3.69037168,109.3,None,0.0,BTC-27DEC19-48000-P,10004.16,0.0,0.0005,100.0,0.0,0.0,0.0,5.34215,-1.86095,-205.06665,1e-05,-0.96377
10009.43,SYN.BTC-26JUL19,1563879544461,open,0.55,0.0,0.4865,0.61,0.54829063,0.0,None,0.0,BTC-26JUL19-15500-P,10004.16,0.0,0.0,0.0,0.0,0.0,0.0,0.0,0.0,-1.22119,0.0,-1.0
10251.62,BTC-27DEC19,1563879544470,open,0.01,250.6,0.0005,0.0535,0.013254,99.81,0.012,0.0,BTC-27DEC19-4000-P,10002.49,94.53,0.0105,0.1,0.014,10.0,101.15,5.64339,-1.79533,-2.29116,1e-05,-0.03875
10251.62,BTC-27DEC19,1563879544470,open,0.71,0.0,0.6715,0.751,0.71134424,99.84,None,0.0,BTC-27DEC19-3000-C,10002.49,0.0,0.0055,0.1,0.975,0.5,500.0,2.35948,-0.75078,12.11324,1e-05,0.98626
10251.62,BTC-27DEC19,1563879544469,open,0.03,284.7,0.0005,0.072,0.03221879,107.67,0.035,0.0,BTC-27DEC19-30000-C,10002.49,104.77,0.0285,10.0,0.0395,10.0,112.9,13.54963,-4.64961,3.92661,3e-05,0.12134
10124.9,BTC-27SEP19,1563879544469,open,0.0,600.3,0.0005,0.043,0.00320034,112.56,0.003,0.0,BTC-27SEP19-30000-C,10002.49,106.06,0.002,20.0,0.004,15.0,116.01,2.17563,-1.85873,0.32633,1e-05,0.02106
10251.62,BTC-27DEC19,1563879544470,open,0.58,6.5,0.542,0.6215,0.58192636,99.95,0.575,0.0,BTC-27DEC19-4500-C,10002.49,0.0,0.0115,0.1,0.968,1.0,500.0,7.64474,-2.43525,15.92806,2e-05,0.94343
10124.9,BTC-27SEP19,1563879544470,open,0.61,227.5,0.567,0.6465,0.60694885,106.2,0.7065,0.0,BTC-27SEP19-4000-C,10002.49,0.0,0.111,2.0,0.7015,5.0,299.11,1.26373,-1.01861,6.97808,1e-05,0.98882
10251.62,BTC-27DEC19,1563879544470,open,3.3,0.0,3.131,3.4745,3.30282221,109.07,None,0.0,BTC-27DEC19-44000-P,10002.49,0.0,0.0,0.0,0.0,0.0,0.0,6.54148,-2.27407,-187.53788,1e-05,-0.95349
10251.62,BTC-27DEC19,1563879544470,open,0.02,264.0,0.0005,0.0555,0.01584698,110.48,0.016,0.0,BTC-27DEC19-40000-C,10002.49,108.81,0.0145,1.1,0.022,10.0,117.22,8.47742,-2.98512,2.14661,2e-05,0.06457
10251.62,BTC-27DEC19,1563879544470,open,0.12,256.3,0.0855,0.165,0.12517524,103.04,0.1265,0.0,BTC-27DEC19-16000-C,10002.49,100.14,0.118,10.0,0.1285,10.0,104.38,25.46425,-8.36295,10.96477,5e-05,0.37403
10124.9,BTC-27SEP19,1563879544470,open,0.43,714.8,0.3855,0.465,0.42519129,101.43,0.434,0.0,BTC-27SEP19-6000-C,10002.49,0.0,0.0,0.0,0.781,0.3,498.93,6.17498,-4.75382,9.10777,3e-05,0.9236
10251.62,BTC-27DEC19,1563879544470,open,0.51,59.5,0.466,0.5455,0.50584177,99.84,0.49,0.0,BTC-27DEC19-5500-C,10002.49,0.0,0.0055,0.1,0.965,5.0,500.0,11.83907,-3.76717,17.34446,3e-05,0.89949
10124.9,BTC-27SEP19,1563879544470,open,0.01,481.2,0.0005,0.047,0.00677119,102.85,0.005,0.0,BTC-27SEP19-5000-P,10002.49,96.78,0.005,15.2,0.0105,15.0,113.32,3.19695,-2.49567,-0.73377,2e-05,-0.03338
10251.62,BTC-27DEC19,1563879544470,open,0.26,457.9,0.226,0.3055,0.26585034,99.85,0.2675,0.0,BTC-27DEC19-10000-C,10002.49,81.28,0.22,0.1,0.3395,0.1,130.49,25.08213,-7.98194,16.5973,6e-05,0.64254
10251.62,BTC-27DEC19,1563879544470,open,0.01,115.8,0.0005,0.048,0.00772477,99.82,0.0085,0.0,BTC-27DEC19-3500-P,10002.49,94.92,0.006,0.1,0.0085,10.0,101.82,3.85534,-1.22652,-1.41764,1e-05,-0.02445
10251.62,BTC-27DEC19,1563879544470,open,0.1,380.9,0.0605,0.14,0.10030151,104.02,0.099,0.0,BTC-27DEC19-18000-C,10002.49,101.07,0.0935,10.0,0.103,10.0,105.18,23.84282,-7.90477,9.41624,5e-05,0.31401
10251.62,BTC-27DEC19,1563879544470,open,0.07,223.6,0.03,0.1155,0.07267535,99.8,0.0525,0.0,BTC-27DEC19-6500-P,10002.49,94.8,0.065,0.1,0.0725,10.0,99.69,15.87999,-5.05129,-9.94483,4e-05,-0.15303
10124.9,BTC-27SEP19,1563879544470,open,0.01,297.4,0.0005,0.0485,0.0088201,109.76,0.008,0.0,BTC-27SEP19-24000-C,10002.49,105.51,0.007,9.0,0.01,15.0,112.24,4.63665,-3.86265,0.8047,2e-05,0.05286
10251.62,BTC-27DEC19,1563879544470,open,0.01,135.7,0.0005,0.049,0.00925792,111.27,0.01,0.0,BTC-27DEC19-48000-C,10002.49,99.31,0.004,10.0,0.012,10.0,115.74,5.78378,-2.05125,1.3516,1e-05,0.03993
10251.62,BTC-27DEC19,1563879544470,open,0.2,222.1,0.1645,0.244,0.20411446,101.09,0.199,0.0,BTC-27DEC19-12000-C,10002.49,97.4,0.1945,5.0,0.31,6.5,142.46,26.69468,-8.60108,14.68285,6e-05,0.53735
10251.62,BTC-27DEC19,1563879544470,open,4.07,1.0,3.876,4.2815,4.07864691,109.5,4.454,0.0,BTC-27DEC19-52000-P,10002.49,0.0,0.001,1.0,0.0,0.0,0.0,4.38511,-1.53046,-222.51403,1e-05,-0.97148
10124.9,BTC-27SEP19,1563879544470,open,0.45,78.3,0.395,0.5105,0.45280668,104.63,0.4045,0.0,BTC-27SEP19-14000-P,10002.49,96.54,0.441,5.0,1.0465,0.3,500.0,15.09182,-11.9849,-20.9536,8e-05,-0.69386
10251.62,BTC-27DEC19,1563879544470,open,0.02,76.1,0.0005,0.0615,0.02078078,99.81,0.0215,0.0,BTC-27DEC19-4500-P,10002.49,94.52,0.017,0.1,0.021,9.9,100.11,7.62952,-2.42712,-3.40205,2e-05,-0.05643
10251.62,BTC-27DEC19,1563879544470,open,2.53,1.3,2.39,2.672,2.53123642,108.34,2.2,0.0,BTC-27DEC19-36000-P,10002.49,0.0,0.0005,1.0,0.0,0.0,0.0,9.87452,-3.40957,-152.11974,2e-05,-0.92124
10251.62,BTC-27DEC19,1563879544470,open,0.0,208.7,0.0005,0.042,0.00203536,102.37,0.002,0.0,BTC-27DEC19-2500-P,10002.49,92.8,0.001,13.0,0.003,10.0,108.72,1.37245,-0.44782,-0.41492,0.0,-0.00738
10124.9,BTC-27SEP19,1563879544470,open,0.0,124.1,0.0005,0.0415,0.00144994,107.73,0.0035,0.0,BTC-27SEP19-3750-P,10002.49,94.03,0.0005,27.0,0.0025,15.0,116.86,0.96537,-0.78934,-0.17666,0.0,-0.00822
10251.62,BTC-27DEC19,1563879544470,open,0.31,172.0,0.267,0.3465,0.30657575,99.87,0.297,0.0,BTC-27DEC19-9000-C,10002.49,70.81,0.24,0.1,0.5975,0.1,240.64,23.34519,-7.43135,17.36303,5e-05,0.70064
10251.62,BTC-27DEC19,1563879544470,open,1.58,0.0,1.478,1.684,1.58101667,106.26,None,0.0,BTC-27DEC19-26000-P,10002.49,0.0,0.0045,10.0,2.379,0.2,499.64,16.46302,-5.57552,-106.59961,3e-05,-0.83834
10124.9,BTC-27SEP19,1563879544470,open,0.0,432.4,0.0005,0.041,0.00120854,111.88,0.002,0.0,BTC-27SEP19-3500-P,10002.49,100.22,0.0005,20.0,0.002,15.0,120.21,0.80744,-0.68569,-0.1447,0.0,-0.00671
10124.9,BTC-27SEP19,1563879544470,open,0.0,267.2,0.0005,0.044,0.0043451,111.42,0.0045,0.0,BTC-27SEP19-28000-C,10002.49,105.87,0.003,15.0,0.0055,15.0,115.34,2.75724,-2.3318,0.43084,1e-05,0.02792
10124.9,BTC-27SEP19,1563879544470,open,0.07,181.9,0.0305,0.11,0.07018035,104.7,0.067,0.0,BTC-27SEP19-14000-C,10002.49,100.51,0.064,13.4,0.0785,13.4,110.21,15.09664,-11.99668,4.31594,8e-05,0.30637
10124.9,BTC-27SEP19,1563879544470,open,0.01,303.7,0.0005,0.045,0.00498115,102.9,0.004,0.0,BTC-27SEP19-4750-P,10002.49,96.46,0.0035,15.0,0.0065,15.0,108.46,2.56399,-2.00256,-0.55874,1e-05,-0.0256
10124.9,BTC-27SEP19,1563879544471,open,0.54,13.5,0.496,0.5755,0.53584071,102.9,0.382,0.0,BTC-27SEP19-4750-C,10002.49,0.0,0.0045,10.0,0.664,5.0,299.49,2.56399,-2.00256,8.01412,1e-05,0.9744
10124.9,BTC-27SEP19,1563879544471,open,2.16,0.0,2.0365,2.289,2.16297962,113.99,None,0.0,BTC-27SEP19-32000-P,10002.49,0.0,0.0,0.0,0.0,0.0,0.0,1.75967,-1.52239,-57.49898,1e-05,-0.98359
10124.9,BTC-27SEP19,1563879544471,open,0.11,714.3,0.0705,0.15,0.11019669,102.85,0.112,0.0,BTC-27SEP19-12000-C,10002.49,100.63,0.1065,12.3,0.1145,12.3,105.42,16.91269,-13.20274,5.88692,9e-05,0.43235
10249.95,BTC-27DEC19,1563879544471,open,0.41,54.4,0.3685,0.448,0.40833176,99.87,0.4345,0.0,BTC-27DEC19-7000-C,10002.49,0.0,0.2155,0.1,0.55,0.1,180.11,17.72198,-5.64129,18.07141,4e-05,0.81854
10249.95,BTC-27DEC19,1563879544471,open,2.91,0.0,2.761,3.074,2.91766932,109.71,2.58,0.0,BTC-27DEC19-40000-P,10002.49,0.0,0.0005,3.0,0.0,0.0,0.0,8.27276,-2.89279,-169.83166,2e-05,-0.93742
10249.95,BTC-27DEC19,1563879544471,open,2.14,0.3,2.023,2.2745,2.14884219,107.69,1.875,0.0,BTC-27DEC19-32000-P,10002.49,0.0,0.001,1.0,0.0,0.0,0.0,12.12621,-4.16195,-134.14154,2e-05,-0.8961
10249.95,BTC-27DEC19,1563879544472,open,1.39,0.0,1.2995,1.4905,1.39512377,105.53,None,0.0,BTC-27DEC19-24000-P,10002.49,0.0,0.006,1.0,2.1895,0.2,499.38,18.14143,-6.10212,-97.21403,4e-05,-0.81158
10124.9,BTC-27SEP19,1563879544472,open,1.96,0.0,1.847,2.084,1.96556731,109.43,None,0.0,BTC-27SEP19-30000-P,10002.49,0.0,0.0,0.0,0.0,0.0,0.0,1.87637,-1.55853,-53.86815,1e-05,-0.98231
10249.95,BTC-27DEC19,1563879544471,open,0.23,441.6,0.193,0.2725,0.23283369,100.63,0.2325,0.0,BTC-27DEC19-11000-C,10002.49,97.17,0.224,5.0,0.297,0.5,126.13,26.15077,-8.38711,15.65321,6e-05,0.58815
10249.95,BTC-27DEC19,1563879544472,open,0.16,296.0,0.1185,0.198,0.15844134,102.01,0.1585,0.0,BTC-27DEC19-14000-C,10002.49,98.75,0.15,10.0,0.162,10.0,103.39,26.57612,-8.64106,12.73744,6e-05,0.44757
10124.9,BTC-27SEP19,1563879544472,open,0.37,31.5,0.3175,0.427,0.37212233,104.03,0.306,0.0,BTC-27SEP19-13000-P,10002.49,88.23,0.3475,5.0,0.959,0.3,500.0,16.17098,-12.76889,-18.39985,8e-05,-0.63479
10009.43,SYN.BTC-26JUL19,1563879544470,open,0.0,320.2,0.0005,0.04,0.0004949,144.5,0.0005,0.0,BTC-26JUL19-13500-C,10002.49,0.0,0.0,0.0,0.0015,1.0,169.03,0.27055,-4.95362,0.0088,2e-05,0.01165
10249.95,BTC-27DEC19,1563879544472,open,0.02,224.2,0.0005,0.06,0.02038718,109.16,0.019,0.0,BTC-27DEC19-36000-C,10002.49,106.65,0.018,4.0,0.026,10.0,114.48,10.0944,-3.51194,2.67502,2e-05,0.08111
10009.43,SYN.BTC-26JUL19,1563879544470,open,0.0,311.1,0.0005,0.0415,0.00165346,134.86,0.0015,0.0,BTC-26JUL19-12500-C,10002.49,124.16,0.001,3.0,0.0025,1.0,145.43,0.70607,-16.55024,0.02726,7e-05,0.03622
10124.9,BTC-27SEP19,1563879544472,open,0.56,289.7,0.5195,0.599,0.55931824,103.97,0.588,0.0,BTC-27SEP19-4500-C,10002.49,0.0,0.002,1.1,0.676,5.0,299.29,2.06974,-1.6333,7.69002,1e-05,0.98015
10249.95,BTC-27DEC19,1563879544472,open,0.04,86.0,0.001,0.084,0.04230961,99.79,0.043,0.0,BTC-27DEC19-5500-P,10002.49,95.1,0.037,3.0,0.042,9.9,99.52,11.83631,-3.76447,-6.29145,3e-05,-0.1005
