underlying_price,underlying_index,timestamp,state,settlement_price,open_interest,min_price,max_price,mark_price,mark_iv,last_price,interest_rate,instrument_name,index_price,bid_iv,best_bid_price,best_bid_amount,best_ask_price,best_ask_amount,ask_iv,vega,theta,rho,gamma,delta
257.09,index_price,1558781939978,open,0.24,50.0,0.165,0.261,0.212931,113.22,0.235,0,ETH-31MAY19-310-P,257.09,0.0,0.198,50.0,0.21,50.0,99.36,0.06101,-0.58779,-0.04568,0.00506,-0.89082
257.09,index_price,1558781939988,open,0.18,0.0,0.118,0.21,0.163618,106.5,None,0,ETH-7JUN19-290-P,257.09,84.94,0.15,1.0,0.158,150.0,97.86,0.16981,-0.70228,-0.07762,0.00684,-0.69223
8219.21,BTC-28JUN19,1558781940130,open,0.01,739.3,0.0005,0.0455,0.00549375,101.63,0.0075,0.0,BTC-28JUN19-5000-P,8103.25,97.57,0.0045,8.0,0.0065,1.0,105.36,2.12227,-3.18353,-0.34088,3e-05,-0.03919
8253.69,BTC-27SEP19,1558781940130,open,0.42,793.5,0.3895,0.469,0.42930759,88.67,0.425,0.0,BTC-27SEP19-5000-C,8103.25,0.0,0.1105,2.0,0.7085,5.0,298.93,9.08711,-3.2264,13.00457,4e-05,0.88984
8253.69,BTC-27SEP19,1558781940130,open,1.48,0.0,1.3475,1.5425,1.44507922,97.03,None,0.0,BTC-27SEP19-20000-P,8103.25,0.0,0.006,10.0,2.2065,0.2,500.0,8.53571,-3.31612,-66.19134,4e-05,-0.89898
8253.69,BTC-27SEP19,1558781940130,open,0.01,374.8,0.0005,0.05,0.00966647,95.77,0.012,0.0,BTC-27SEP19-3500-P,8103.25,90.67,0.0075,5.0,0.012,5.0,100.65,3.73262,-1.43131,-1.26202,2e-05,-0.03503
8253.69,BTC-27SEP19,1558781940130,open,0.46,3.2,0.3805,0.495,0.43761637,87.77,0.481,0.0,BTC-27SEP19-11000-P,8103.25,0.0,0.0075,0.1,1.168,0.3,500.0,18.39669,-6.46512,-29.8362,9e-05,-0.61898
8253.69,BTC-27SEP19,1558781940130,open,0.64,226.1,0.603,0.6825,0.64294937,102.01,0.585,0.0,BTC-27SEP19-3000-C,8103.25,0.0,0.0065,0.1,0.954,5.0,500.0,2.63549,-1.07648,9.43148,1e-05,0.97695
8103.25,index_price,1558781940130,open,0.0,633.8,0.0005,0.04,9.65e-06,135.0,0.0005,0,BTC-31MAY19-4500-P,8103.25,0.0,0.0,0.0,0.001,7.0,211.71,0.00837,-0.07821,-0.00029,0.0,-0.00022
8103.25,index_price,1558781940130,open,0.31,529.3,0.282,0.3615,0.32172884,131.47,0.232,0,BTC-31MAY19-5500-C,8103.25,0.0,0.1605,2.0,0.352,0.1,322.92,0.22667,-2.53602,0.87426,2e-05,0.99195
8253.69,BTC-27SEP19,1558781940131,open,0.89,0.0,0.7905,0.939,0.86481824,91.88,None,0.0,BTC-27SEP19-15000-P,8103.25,0.0,0.0065,0.1,1.627,0.3,500.0,13.50153,-4.96706,-47.02092,6e-05,-0.80035
8253.69,BTC-27SEP19,1558781940131,open,0.26,1044.6,0.229,0.3085,0.26889636,85.96,0.2575,0.0,BTC-27SEP19-7000-C,8103.25,83.48,0.264,5.0,0.2735,5.0,88.29,16.28687,-5.60576,12.70231,8e-05,0.71873
8219.06,BTC-28JUN19,1558781940131,open,0.03,285.3,0.0005,0.0675,0.02647256,90.12,0.027,0.0,BTC-28JUN19-6500-P,8103.25,88.12,0.025,16.0,0.028,3.0,92.16,6.10735,-8.1236,-1.42705,0.00011,-0.1606
8219.06,BTC-28JUN19,1558781940131,open,0.63,43.8,0.596,0.6755,0.63557813,135.38,0.6,0.0,BTC-28JUN19-3000-C,8103.25,0.0,0.002,1.0,0.798,2.0,500.0,0.29834,-0.59613,2.74915,0.0,0.99597
8219.06,BTC-28JUN19,1558781940131,open,0.69,24.4,0.656,0.7355,0.69596363,136.11,0.5115,0.0,BTC-28JUN19-2500-C,8103.25,0.0,0.0025,0.5,0.821,1.0,500.0,0.08766,-0.17609,2.31127,0.0,0.99896
8253.69,BTC-27SEP19,1558781940131,open,0.02,159.1,0.0005,0.056,0.01555888,92.77,0.019,0.0,BTC-27SEP19-4000-P,8103.25,89.47,0.0135,5.0,0.018,15.0,96.45,5.30205,-1.96954,-1.96748,2e-05,-0.05412
8253.69,BTC-27SEP19,1558781940131,open,0.01,28.3,0.0005,0.0475,0.00739856,97.39,0.0095,0.0,BTC-27SEP19-3250-P,8103.25,91.82,0.0055,5.0,0.0095,5.0,102.71,3.04324,-1.18665,-0.9817,1e-05,-0.02737
8219.06,BTC-28JUN19,1558781940132,open,0.28,1832.2,0.246,0.3255,0.28557749,91.97,0.283,0.0,BTC-28JUN19-6000-C,8103.25,0.0,0.2625,2.0,0.294,7.0,106.13,4.49787,-6.10582,4.6621,8e-05,0.89675
8103.25,index_price,1558781940131,open,0.47,9.8,0.436,0.5155,0.4755312,149.82,0.212,0,BTC-31MAY19-4250-C,8103.25,0.0,0.006,0.5,0.505,0.1,468.28,0.00929,-0.11849,0.68383,0.0,0.99976
8253.69,BTC-27SEP19,1558781940132,open,0.07,148.1,0.03,0.1095,0.069814,90.16,0.0725,0.0,BTC-27SEP19-13000-C,8103.25,87.67,0.065,10.0,0.074,14.0,92.29,16.10837,-5.81494,5.79371,8e-05,0.27499
8219.06,BTC-28JUN19,1558781940132,open,0.39,691.2,0.3575,0.437,0.39715953,101.66,0.3585,0.0,BTC-28JUN19-5000-C,8103.25,0.0,0.235,0.1,0.5,10.0,277.76,2.1239,-3.18684,4.29928,3e-05,0.96077
8219.06,BTC-28JUN19,1558781940131,open,0.0,1396.0,0.0005,0.04,6.7e-07,135.0,0.001,0.0,BTC-28JUN19-1500-P,8103.25,0.0,0.0,0.0,0.0005,11.0,220.68,0.00081,-0.00161,-6e-05,0.0,-1e-05
8253.69,BTC-27SEP19,1558781940132,open,0.82,42.8,0.779,0.8585,0.81899997,120.59,0.815,0.0,BTC-27SEP19-1500-C,8103.25,0.0,0.0,0.0,0.0,0.0,0.0,0.41514,-0.20044,5.03199,0.0,0.9972
8219.06,BTC-28JUN19,1558781940132,open,0.42,97.0,0.386,0.4655,0.42576942,102.22,0.1965,0.0,BTC-28JUN19-4750-C,8103.25,0.0,0.122,1.1,0.6705,2.0,500.0,1.59227,-2.40236,4.16934,2e-05,0.97234
8219.06,BTC-28JUN19,1558781940132,open,0.0,315.5,0.0005,0.0435,0.00368806,102.19,0.005,0.0,BTC-28JUN19-4750-P,8103.25,98.42,0.003,20.0,0.0045,1.0,106.15,1.5907,-2.39923,-0.23884,2e-05,-0.02762
8253.69,BTC-27SEP19,1558781940132,open,0.67,0.0,0.5795,0.7105,0.64482893,90.14,None,0.0,BTC-27SEP19-13000-P,8103.25,0.0,0.0065,0.1,1.3965,0.3,500.0,16.10602,-5.81283,-38.68378,8e-05,-0.72509
8103.25,index_price,1558781940131,open,0.0,924.5,0.0005,0.04,0.0002477,134.99,0.001,0,BTC-31MAY19-5250-P,8103.25,0.0,0.0,0.0,0.001,10.0,161.26,0.13263,-1.5236,-0.00606,1e-05,-0.0044
8219.06,BTC-28JUN19,1558781940133,open,0.0,411.4,0.0005,0.0445,0.00466832,103.88,0.004,0.0,BTC-28JUN19-15000-C,8103.25,99.1,0.0035,0.8,0.005,8.0,105.1,2.18781,-3.35442,0.27476,3e-05,0.04069
8219.06,BTC-28JUN19,1558781940133,open,0.02,402.5,0.0005,0.067,0.02710283,94.71,0.026,0.0,BTC-28JUN19-11000-C,8103.25,93.38,0.026,3.0,0.028,16.1,95.78,6.86693,-9.5996,1.26782,0.00012,0.19331
8103.25,index_price,1558781940129,open,0.0,0.252,0.3555,0.30381831,99.6,None,0,BTC-7JUN19-10500-P,8103.25,0.0,0.0,0.0,0.0,0.0,0.0,2.63659,-10.19736,-3.44613,0.00011,-0.90176
8253.69,BTC-27SEP19,1558781940133,open,0.76,28.2,0.7195,0.799,0.75945054,112.88,0.755,0.0,BTC-27SEP19-2000-C,8103.25,0.0,0.0075,0.1,0.9635,5.0,500.0,0.89598,-0.40496,6.60558,0.0,0.99338
8103.25,index_price,1558781940131,open,0.0,318.6,0.0005,0.0415,0.00161923,97.15,0.002,0,BTC-31MAY19-6500-P,8103.25,89.39,0.001,25.0,0.0025,40.0,105.61,0.74055,-6.12207,-0.04403,7e-05,-0.03214
8219.06,BTC-28JUN19,1558781940133,open,0.01,298.7,0.0005,0.05,0.01038184,98.69,0.01,0.0,BTC-28JUN19-13000-C,8103.25,94.5,0.0085,20.0,0.011,0.1,99.98,3.88359,-5.65723,0.56637,6e-05,0.08463
8219.06,BTC-28JUN19,1558781940133,open,0.54,30.0,0.5055,0.585,0.54527036,121.7,0.298,0.0,BTC-28JUN19-3750-C,8103.25,0.0,0.0005,6.0,0.7675,3.0,500.0,0.70637,-1.26887,3.38731,1e-05,0.98933
8253.69,BTC-27SEP19,1558781940131,open,0.37,122.6,0.341,0.4205,0.38069457,84.22,0.385,0.0,BTC-27DEC19-6000-C,8103.25,44.24,0.3,0.3,0.45,0.1,115.39,18.14889,-3.54021,20.1177,5e-05,0.79281
8219.06,BTC-28JUN19,1558781940133,open,0.51,322.4,0.4755,0.555,0.51533803,117.35,0.451,0.0,BTC-28JUN19-4000-C,8103.25,0.0,0.0605,3.0,0.674,0.5,448.92,0.90168,-1.56177,3.58914,1e-05,0.98585
8219.06,BTC-28JUN19,1558781940134,open,0.5,10.0,0.4175,0.5355,0.47652589,96.52,1.243,0.0,BTC-28JUN19-12000-P,8103.25,0.0,0.0005,1.0,0.9285,1.0,500.0,5.21592,-7.4309,-10.29323,9e-05,-0.87285
8253.54,BTC-27SEP19,1558781940134,open,1.25,1.0,1.1235,1.3,1.21166007,96.36,1.5815,0.0,BTC-27SEP19-18000-P,8103.25,0.0,0.0065,0.1,1.9735,0.3,499.95,10.4982,-4.0504,-58.63078,5e-05,-0.86469
8103.25,index_price,1558781940129,open,0.02,15.0,0.0005,0.0585,0.01883194,93.45,0.0185,0,BTC-7JUN19-9500-C,8103.25,88.04,0.016,20.0,0.021,0.3,97.43,4.34424,-15.76527,0.53674,0.0002,0.2066
8253.54,BTC-27SEP19,1558781940134,open,0.36,5.7,0.2875,0.3945,0.34104788,86.11,0.334,0.0,BTC-27SEP19-10000-P,8103.25,83.27,0.3345,3.0,0.3505,3.0,90.18,19.09915,-6.58486,-25.20127,0.0001,-0.55143
8219.06,BTC-28JUN19,1558781940135,open,0.14,216.0,0.112,0.1915,0.15176119,88.18,0.15,0.0,BTC-28JUN19-7500-C,8103.25,83.32,0.1465,17.0,0.1545,5.0,90.7,8.92305,-11.6142,4.04965,0.00016,0.68265
8103.25,index_price,1558781940129,open,0.0,48.7,0.0005,0.043,0.00331013,97.49,0.0035,0,BTC-7JUN19-6000-P,8103.25,84.2,0.0015,25.0,0.0055,11.0,108.85,1.35307,-5.1223,-0.12828,6e-05,-0.04157
8253.54,BTC-27SEP19,1558781940133,open,0.1,70.4,0.0595,0.139,0.09943808,91.03,0.092,0.0,BTC-27DEC19-15000-C,8103.25,87.69,0.0905,4.0,0.1045,4.0,92.89,22.30993,-4.70386,10.15033,6e-05,0.30737
8103.25,index_price,1558781940131,open,0.0,246.1,0.0005,0.04,5e-07,135.0,0.0005,0,BTC-31MAY19-4000-P,8103.25,0.0,0.0,0.0,0.0005,5.0,228.83,0.00059,-0.00402,-2e-05,0.0,-1e-05
8253.54,BTC-27SEP19,1558781940133,open,0.14,21.0,0.0895,0.18,0.13483385,83.99,0.1455,0.0,BTC-27DEC19-6500-P,8103.25,81.16,0.128,5.0,0.1395,9.0,85.92,19.92065,-3.87528,-18.50444,6e-05,-0.24424
8103.25,index_price,1558781940130,open,0.0,110.3,0.0005,0.0435,0.00356351,94.95,0.003,0,BTC-31MAY19-9750-C,8103.25,84.36,0.002,25.0,0.005,26.0,102.65,1.38109,-11.15886,0.08672,0.00014,0.07004
8219.06,BTC-28JUN19,1558781940135,open,0.18,17.7,0.119,0.2115,0.16526045,87.79,0.17,0.0,BTC-28JUN19-9000-P,8103.25,85.89,0.163,12.0,0.1725,3.0,93.86,9.78019,-12.67348,-5.69609,0.00018,-0.58146
8253.54,BTC-27SEP19,1558781940135,open,0.38,231.1,0.3445,0.424,0.38425052,88.06,0.3795,0.0,BTC-27SEP19-5500-C,8103.25,0.0,0.004,0.6,0.5,3.0,164.97,11.14985,-3.93155,13.21123,5e-05,0.85211
8103.25,index_price,1558781940129,open,0.25,0.0,0.223,0.3025,0.26288019,97.57,None,0,BTC-7JUN19-6000-C,8103.25,0.0,0.0,0.0,0.0,0.0,0.0,1.35613,-5.13819,1.9879,6e-05,0.95832
8253.54,BTC-27SEP19,1558781940134,open,0.11,121.3,0.0695,0.149,0.10913263,89.13,0.104,0.0,BTC-27DEC19-14000-C,8103.25,86.74,0.1025,4.0,0.115,10.0,91.21,23.10424,-4.76949,10.98927,6e-05,0.33425
8253.54,BTC-27SEP19,1558781940131,open,0.64,0.0,0.6095,0.689,0.6492453,89.94,None,0.0,BTC-27DEC19-3000-C,8103.25,0.0,0.0065,10.4,0.988,0.5,500.0,4.93023,-1.02699,15.40262,1e-05,0.96478
8103.25,index_price,1558781940129,open,0.0,62.0,0.0005,0.0405,0.0007783,122.53,0.0005,0,BTC-31MAY19-11500-C,8103.25,115.79,0.0005,20.0,0.001,10.1,126.8,0.386,-4.02494,0.01836,3e-05,0.01485
8103.25,index_price,1558781940134,open,0.37,80.9,0.3435,0.423,0.38307081,136.46,0.4,0,BTC-31MAY19-5000-C,8103.25,0.0,0.076,2.0,0.4135,0.1,378.48,0.06574,-0.76341,0.80212,0.0,0.99798
8103.25,index_price,1558781940129,open,0.26,0.0,0.197,0.296,0.2465402,97.11,None,0,BTC-7JUN19-10000-P,8103.25,0.0,0.0,0.0,0.0,0.0,0.0,3.45463,-13.02695,-3.15126,0.00015,-0.85588
8103.25,index_price,1558781940130,open,0.2,3.4,0.165,0.2445,0.204857,90.66,0.1975,0,BTC-7JUN19-6500-C,8103.25,0.0,0.0,0.0,0.0,0.0,0.0,2.34349,-8.25065,2.03332,0.00011,0.91618
8103.25,index_price,1558781940129,open,0.04,90.0,0.0005,0.073,0.03218007,86.74,0.032,0,BTC-7JUN19-7500-P,8103.25,83.33,0.03,1.0,0.033,1.0,88.01,5.20118,-17.51933,-0.91807,0.00026,-0.28899
8103.25,index_price,1558781940130,open,0.01,5.6,0.0005,0.052,0.0124903,97.16,0.0125,0,BTC-7JUN19-10000-C,8103.25,94.8,0.0115,4.5,0.016,25.0,104.99,3.45715,-13.04364,0.3767,0.00015,0.14427
8253.54,BTC-27SEP19,1558781940133,open,0.03,134.6,0.0005,0.072,0.03091629,86.13,0.0425,0.0,BTC-27DEC19-4000-P,8103.25,82.99,0.0275,15.0,0.0345,10.0,89.29,9.1769,-1.8306,-5.27329,3e-05,-0.07711
8103.25,index_price,1558781940132,open,0.02,51.6,0.0005,0.0575,0.01780982,90.16,0.015,0,BTC-31MAY19-8750-C,8103.25,84.57,0.0155,20.0,0.016,0.9,85.79,3.3968,-26.06147,0.32843,0.00036,0.26958
8103.25,index_price,1558781940130,open,0.22,0.0,0.1585,0.255,0.20676217,94.82,None,0,BTC-31MAY19-9750-P,8103.25,0.0,0.0,0.0,0.251,0.2,223.3,1.37661,-11.10729,-1.48317,0.00014,-0.93025
8253.54,BTC-27SEP19,1558781940132,open,0.21,36.0,0.151,0.2465,0.19862385,83.99,0.2095,0.0,BTC-27DEC19-7500-P,8103.25,81.22,0.191,5.0,0.204,5.0,85.95,22.66188,-4.40852,-25.2557,7e-05,-0.31875
8253.54,BTC-27SEP19,1558781940133,open,0.82,0.0,0.7795,0.859,0.81948688,97.88,None,0.0,BTC-27DEC19-1500-C,8103.25,0.0,0.024,10.0,0.992,0.5,500.0,0.77283,-0.1752,8.61039,0.0,0.99588
8103.25,index_price,1558781940130,open,0.11,0.3,0.051,0.138,0.09469914,87.93,0.104,0,BTC-7JUN19-8500-P,8103.25,71.84,0.083,15.0,0.0935,3.0,86.29,5.94313,-20.29308,-1.93418,0.00029,-0.58194
8103.25,index_price,1558781940130,open,0.31,0.0,0.2455,0.3485,0.29693151,100.86,None,0,BTC-31MAY19-10500-P,8103.25,0.0,0.0,0.0,0.3425,0.2,261.88,0.59987,-5.14854,-1.65923,6e-05,-0.97505
8103.25,index_price,1558781940131,open,0.53,0.0,0.4975,0.577,0.53723137,173.43,None,0,BTC-31MAY19-3750-C,8103.25,0.0,0.0065,0.5,0.0,0.0,0.0,0.00603,-0.089,0.60346,0.0,0.99985
8103.25,index_price,1558781940129,open,0.21,0.0,0.144,0.2385,0.19117935,93.41,None,0,BTC-7JUN19-9500-P,8103.25,0.0,0.0,0.0,0.0,0.0,0.0,4.34271,-15.75289,-2.81476,0.0002,-0.79352
8103.25,index_price,1558781940130,open,0.34,116.2,0.3125,0.392,0.3523715,135.72,0.293,0,BTC-31MAY19-5250-C,8103.25,0.0,0.072,2.0,0.3825,0.1,349.12,0.13721,-1.58463,0.83883,1e-05,0.99543
8103.25,index_price,1558781940130,open,0.22,307.6,0.19,0.2695,0.22987913,105.59,0.1635,0,BTC-31MAY19-6250-C,8103.25,0.0,0.018,6.0,0.25,0.1,213.45,0.5492,-4.93489,0.97528,5e-05,0.97754
8253.54,BTC-27SEP19,1558781940133,open,0.45,57.4,0.416,0.4955,0.45574322,84.22,0.4555,0.0,BTC-27DEC19-5000-C,8103.25,0.0,0.0065,0.2,0.958,5.0,500.0,13.86363,-2.70445,19.92028,4e-05,0.86382
8253.54,BTC-27SEP19,1558781940130,open,0.41,56.9,0.377,0.4565,0.41660062,84.22,0.436,0.0,BTC-27DEC19-5500-C,8103.25,0.0,0.0065,1.0,0.983,5.0,500.0,16.11832,-3.14426,20.13477,5e-05,0.82907
8103.25,index_price,1558781940140,open,0.19,15.0,0.131,0.2245,0.17776657,93.69,0.1805,0,BTC-31MAY19-9500-P,8103.25,0.0,0.005,1.0,0.221,0.1,209.9,1.81166,-14.4436,-1.40516,0.00018,-0.89944
257.09,index_price,1558781940339,open,0.05,10.0,0.019,0.098,0.058182,105.41,0.05,0,ETH-7JUN19-270-C,257.09,99.76,0.054,150.0,0.062,150.0,110.56,0.19052,-0.7799,0.03472,0.00775,0.44098
263.72,ETH-27SEP19,1558781940498,open,1.09,0.0,0.956,1.118,1.036766,109.73,None,0.0,ETH-27SEP19-520-P,257.09,0.0,0.0,0.0,0.0,0.0,0.0,0.46905,-0.20608,-1.62964,0.0018,-0.76942
257.09,index_price,1558781940536,open,0.0,888.0,0.001,0.043,0.003217,117.07,0.005,0,ETH-31MAY19-330-C,257.09,0.0,0.0,0.0,0.006,300.0,133.76,0.0358,-0.35666,0.0021,0.00287,0.05407
8103.25,index_price,1558781940713,open,0.06,18.4,0.0315,0.111,0.0710845,86.76,0.0645,0,BTC-7JUN19-8000-C,8103.25,85.96,0.0705,0.2,0.0755,0.2,92.72,5.99428,-20.1958,1.4079,0.0003,0.56363
8103.25,index_price,1558781940725,open,0.06,18.4,0.0315,0.111,0.0710845,86.76,0.0645,0,BTC-7JUN19-8000-C,8103.25,86.63,0.071,0.2,0.0755,0.2,92.72,5.99428,-20.1958,1.4079,0.0003,0.56363
257.09,index_price,1558781941050,open,0.32,0.0,0.236,0.338,0.286815,117.07,None,0,ETH-31MAY19-330-P,257.09,0.0,0.0,0.0,0.367,2.0,338.16,0.0358,-0.35666,-0.05102,0.00287,-0.94593
8253.57,BTC-27SEP19,1558781941398,open,0.45,13.5,0.415,0.4945,0.45488297,90.82,0.382,0.0,BTC-27SEP19-4750-C,8103.25,0.0,0.0115,0.1,0.7175,5.0,299.29,8.2118,-2.98603,12.68685,4e-05,0.90417
8219.18,BTC-28JUN19,1558781941398,open,0.01,469.3,0.0005,0.0465,0.00696651,101.62,0.0085,0.0,BTC-28JUN19-14000-C,8103.25,95.58,0.005,20.0,0.0075,0.1,103.08,2.93285,-4.39886,0.3948,5e-05,0.05872
8103.25,index_price,1558781941418,open,0.5,9.0,0.4665,0.546,0.5063714,135.0,0.249,0,BTC-31MAY19-4000-C,8103.25,0.0,0.0165,0.2,0.0,0.0,0.0,0.00059,-0.00675,0.64389,0.0,0.99999
8253.57,BTC-27SEP19,1558781941465,open,0.08,526.1,0.045,0.1245,0.08487351,88.85,0.0885,0.0,BTC-27SEP19-12000-C,8103.25,86.51,0.08,4.0,0.089,10.0,90.81,17.32358,-6.163,6.71431,8e-05,0.32265
8103.25,index_price,1558781941516,open,0.01,313.8,0.0005,0.052,0.01200952,91.01,0.0145,0,BTC-31MAY19-9000-C,8103.25,85.14,0.01,20.0,0.0135,25.0,95.16,2.85499,-22.11062,0.24172,0.0003,0.19732
8103.25,index_price,1558781941712,open,0.06,18.4,0.0315,0.111,0.07108452,86.75,0.0645,0,BTC-7JUN19-8000-C,8103.25,85.96,0.0705,0.2,0.0755,0.2,92.72,5.99428,-20.19295,1.40793,0.0003,0.56363
8103.25,index_price,1558781941714,open,0.06,18.4,0.0315,0.111,0.07108452,86.75,0.0645,0,BTC-7JUN19-8000-C,8103.25,86.63,0.071,0.2,0.0755,0.2,92.72,5.99428,-20.19295,1.40793,0.0003,0.56363
8253.57,BTC-27SEP19,1558781941725,open,0.31,57.2,0.2775,0.357,0.31728208,83.99,0.301,0.0,BTC-27DEC19-7000-C,8103.25,81.19,0.31,5.0,0.3255,5.0,87.16,21.42698,-4.16841,19.57904,6e-05,0.71837
8253.57,BTC-27SEP19,1558781941762,open,0.12,51.9,0.0725,0.1615,0.11699098,85.95,0.12,0.0,BTC-27SEP19-7000-P,8103.25,83.93,0.113,4.0,0.121,5.0,87.98,16.28684,-5.60519,-11.24619,8e-05,-0.28128
8253.57,BTC-27SEP19,1558781941762,open,0.04,245.2,0.0005,0.076,0.03508617,88.66,0.0355,0.0,BTC-27SEP19-5000-P,8103.25,88.13,0.0345,0.1,0.036,5.0,89.49,9.08622,-3.22565,-4.10096,4e-05,-0.11014
8253.57,BTC-27SEP19,1558781941762,open,0.07,49.8,0.0355,0.115,0.07519876,94.82,0.067,0.0,BTC-27DEC19-18000-C,8103.25,90.46,0.065,4.0,0.0765,4.0,95.36,19.7559,-4.33887,8.07035,5e-05,0.24052
8253.57,BTC-27SEP19,1558781941762,open,0.01,178.6,0.0005,0.048,0.00810393,94.79,0.0105,0.0,BTC-27DEC19-2500-P,8103.25,89.28,0.006,0.8,0.0105,10.8,100.21,3.4074,-0.74809,-1.49859,1e-05,-0.0226
8253.57,BTC-27SEP19,1558781941811,open,0.16,370.9,0.1255,0.205,0.16547647,86.06,0.1625,0.0,BTC-27SEP19-9000-C,8103.25,84.13,0.161,5.0,0.1725,5.0,89.08,19.19844,-6.61521,10.34276,0.0001,0.53175
8253.57,BTC-27SEP19,1558781941830,open,0.11,182.0,0.0635,0.1515,0.10764348,84.22,0.118,0.0,BTC-27DEC19-6000-P,8103.25,83.24,0.1055,0.2,0.111,10.0,85.74,18.14891,-3.54015,-15.36883,5e-05,-0.2072
8253.57,BTC-27SEP19,1558781941830,open,0.05,32.8,0.014,0.0935,0.05391007,98.33,0.049,0.0,BTC-27DEC19-22000-C,8103.25,94.0,0.0455,4.0,0.055,4.0,98.87,16.60986,-3.78283,6.11668,4e-05,0.17921
263.72,ETH-27SEP19,1558781941877,open,0.05,5416.0,0.003,0.086,0.044656,96.83,0.052,0.0,ETH-27SEP19-160-P,257.09,91.08,0.038,50.0,0.045,50.0,97.12,0.31201,-0.12097,-0.15028,0.00135,-0.12191
8219.18,BTC-28JUN19,1558781941891,open,0.01,394.4,0.0005,0.049,0.0086861,94.57,0.0095,0.0,BTC-28JUN19-5500-P,8103.25,92.69,0.008,20.0,0.0095,1.0,96.71,3.05926,-4.27027,-0.53902,5e-05,-0.06197
8253.57,BTC-27SEP19,1558781941900,open,0.1,534.5,0.065,0.1445,0.10490451,87.78,0.101,0.0,BTC-27SEP19-11000-C,8103.25,85.58,0.1,4.0,0.109,10.0,89.62,18.39694,-6.46618,7.79775,9e-05,0.38105
261.58,ETH-28JUN19,1558781941911,open,0.49,386.0,0.465,0.544,0.504897,113.04,0.321,0.0,ETH-28JUN19-130-C,257.09,0.0,0.14,49.0,0.0,0.0,0.0,0.02811,-0.0469,0.11684,0.00039,0.98619
261.58,ETH-28JUN19,1558781941929,open,0.24,2090.0,0.222,0.301,0.261998,98.71,0.233,0.0,ETH-28JUN19-200-C,257.09,88.33,0.255,80.0,0.263,40.0,100.12,0.18454,-0.26887,0.14312,0.00294,0.85152
8219.18,BTC-28JUN19,1558781941935,open,0.38,5.7,0.311,0.42,0.36543212,94.71,1.142,0.0,BTC-28JUN19-11000-P,8103.25,0.0,0.001,1.0,0.827,1.0,500.0,6.8668,-9.59867,-8.94133,0.00012,-0.8067
8253.57,BTC-27SEP19,1558781941935,open,0.07,171.3,0.0265,0.1115,0.06896356,87.08,0.075,0.0,BTC-27SEP19-6000-P,8103.25,85.2,0.066,4.0,0.0725,10.0,89.3,13.06769,-4.55621,-7.29066,6e-05,-0.18923
8253.57,BTC-27SEP19,1558781941937,open,0.09,42.6,0.052,0.1315,0.0917847,93.02,0.082,0.0,BTC-27DEC19-16000-C,8103.25,88.62,0.0805,4.0,0.0935,4.0,93.68,21.55499,-4.64406,9.43919,6e-05,0.28515
8253.57,BTC-27SEP19,1558781941944,open,0.33,719.5,0.3025,0.382,0.34201597,87.09,0.337,0.0,BTC-27SEP19-6000-C,8103.25,0.0,0.0105,0.1,0.3515,10.0,93.01,13.06802,-4.55667,13.23634,6e-05,0.81077
8219.18,BTC-28JUN19,1558781941984,open,0.0,240.4,0.0005,0.0425,0.00246836,103.38,0.0035,0.0,BTC-28JUN19-4500-P,8103.25,99.88,0.002,20.0,0.003,1.0,106.89,1.17198,-1.78828,-0.16543,2e-05,-0.01922
261.58,ETH-28JUN19,1558781942027,open,0.45,335.0,0.428,0.507,0.46759,109.13,0.481,0.0,ETH-28JUN19-140-C,257.09,0.0,0.02,2.0,0.6,1.0,366.04,0.03916,-0.06308,0.12431,0.00057,0.97965
8103.25,index_price,1558781942046,open,0.02,71.5,0.0005,0.056,0.01538802,87.09,0.017,0,BTC-7JUN19-7000-P,8103.25,79.54,0.012,20.0,0.0185,20.0,93.61,3.76907,-12.74688,-0.51392,0.00019,-0.1644
8253.57,BTC-27SEP19,1558781942048,open,0.02,83.4,0.0005,0.0615,0.02068416,88.03,0.0205,0.0,BTC-27DEC19-3500-P,8103.25,84.13,0.0175,10.0,0.024,15.0,91.83,6.97652,-1.42242,-3.65397,2e-05,-0.05417
261.58,ETH-28JUN19,1558781942080,open,0.01,5614.0,0.001,0.048,0.008198,98.72,0.014,0.0,ETH-28JUN19-170-P,257.09,91.89,0.006,200.0,0.009,120.0,100.98,0.09077,-0.13225,-0.01575,0.00145,-0.05667
263.72,ETH-27SEP19,1558781942090,open,0.08,406.0,0.048,0.127,0.087967,105.29,0.08,0.0,ETH-27SEP19-440-C,257.09,103.33,0.084,5.0,0.093,100.0,107.75,0.53666,-0.22625,0.19168,0.00214,0.30041
8253.59,BTC-27SEP19,1558781942130,open,0.47,289.7,0.44,0.5195,0.4796936,91.65,0.5,0.0,BTC-27SEP19-4500-C,8103.31,0.0,0.0215,4.0,0.7265,5.0,299.4,7.23257,-2.65399,12.41005,3e-05,0.91918
8253.59,BTC-27SEP19,1558781942130,open,0.58,261.1,0.546,0.6255,0.58561484,95.78,0.52,0.0,BTC-27SEP19-3500-C,8103.31,0.0,0.161,1.0,0.5955,0.5,113.97,3.73384,-1.43197,10.7118,2e-05,0.96496
8253.59,BTC-27SEP19,1558781942130,open,0.01,42.8,0.0005,0.0525,0.01237242,94.23,0.027,0.0,BTC-27SEP19-3750-P,8103.31,89.64,0.01,5.0,0.015,5.0,98.85,4.48755,-1.69318,-1.58966,2e-05,-0.04392
8219.24,BTC-28JUN19,1558781942130,open,0.0,685.1,0.0005,0.04,0.00012323,135.0,0.001,0.0,BTC-28JUN19-2500-P,8103.31,0.0,0.0,0.0,0.003,1.0,198.78,0.08193,-0.16325,-0.00833,0.0,-0.00097
8219.24,BTC-28JUN19,1558781942131,open,0.04,1234.7,0.0015,0.081,0.04133162,89.46,0.041,0.0,BTC-28JUN19-10000-C,8103.31,87.17,0.039,26.0,0.0435,0.1,91.57,8.42693,-11.12755,1.81957,0.00015,0.27986
8219.24,BTC-28JUN19,1558781942131,open,0.6,0.1,0.566,0.6455,0.605643,134.98,0.395,0.0,BTC-28JUN19-3250-C,8103.31,0.0,0.0005,0.9,0.7875,2.0,500.0,0.48233,-0.9609,2.95557,1e-05,0.99309
8219.24,BTC-28JUN19,1558781942131,open,0.62,0.8,0.5285,0.6555,0.59207006,98.76,2.171,0.0,BTC-28JUN19-13000-P,8103.31,0.0,0.07,1.0,1.032,1.0,500.0,3.89017,-5.67068,-11.49775,6e-05,-0.91518
8253.65,BTC-27SEP19,1558781942132,open,0.03,126.0,0.0005,0.0715,0.03038314,90.81,0.032,0.0,BTC-27SEP19-4750-P,8103.31,89.41,0.029,0.5,0.0325,15.0,92.91,8.21103,-2.98552,-3.56351,4e-05,-0.09581
8253.65,BTC-27SEP19,1558781942132,open,0.03,117.2,0.0005,0.0705,0.03086714,96.43,0.03,0.0,BTC-27SEP19-18000-C,8103.31,93.3,0.027,5.0,0.033,5.0,98.08,10.51244,-4.05881,2.95675,5e-05,0.13558
8253.65,BTC-27SEP19,1558781942132,open,0.19,85.4,0.132,0.226,0.17896671,85.29,0.176,0.0,BTC-27SEP19-8000-P,8103.31,83.51,0.175,4.0,0.186,9.0,88.46,18.34461,-6.26503,-15.7138,9e-05,-0.37751
8219.24,BTC-28JUN19,1558781942132,open,0.81,33.8,0.778,0.8575,0.81750138,106.99,0.7145,0.0,BTC-28JUN19-1500-C,8103.31,0.0,0.002,0.4,0.8755,2.0,500.0,1e-05,-1e-05,1.39215,0.0,1.0
8219.24,BTC-28JUN19,1558781942133,open,0.11,705.9,0.0775,0.157,0.11733754,86.53,0.111,0.0,BTC-28JUN19-8000-C,8103.31,83.7,0.114,17.0,0.116,0.2,85.4,9.71879,-12.41211,3.62582,0.00018,0.59265
8219.24,BTC-28JUN19,1558781942132,open,0.0,520.8,0.0005,0.04,1.496e-05,135.0,0.0005,0.0,BTC-28JUN19-2000-P,8103.31,0.0,0.0,0.0,0.002,0.1,220.06,0.01316,-0.02621,-0.00115,0.0,-0.00014
8253.65,BTC-27SEP19,1558781942130,open,0.16,284.5,0.121,0.2005,0.16084497,85.4,0.172,0.0,BTC-27DEC19-11000-C,8103.31,83.97,0.1565,13.0,0.171,10.0,88.72,25.1728,-4.97893,14.43744,7e-05,0.4566
8253.65,BTC-27SEP19,1558781942130,open,0.18,416.7,0.1475,0.227,0.18740065,84.42,0.195,0.0,BTC-27DEC19-10000-C,8103.31,83.15,0.1835,3.0,0.1985,10.0,88.04,25.31216,-4.94917,15.82396,7e-05,0.51156
8253.65,BTC-27SEP19,1558781942131,open,0.42,1.0,0.3435,0.4545,0.39897996,84.42,0.438,0.0,BTC-27DEC19-10000-P,8103.31,80.19,0.386,3.0,0.4085,3.0,87.52,25.31217,-4.94906,-43.32006,7e-05,-0.48845
8103.31,index_price,1558781942130,open,0.15,0.0,0.095,0.1855,0.14031121,91.03,None,0,BTC-7JUN19-9000-P,8103.31,67.63,0.126,15.0,0.1395,15.0,89.78,5.28067,-18.66687,-2.40599,0.00025,-0.70138
8103.31,index_price,1558781942130,open,0.01,169.3,0.0005,0.045,0.0054173,93.77,0.0065,0,BTC-31MAY19-9500-C,8103.31,87.0,0.004,25.0,0.0065,25.0,98.41,1.81476,-14.48158,0.12441,0.00018,0.10079
8253.65,BTC-27SEP19,1558781942130,open,0.28,80.7,0.25,0.3295,0.28993833,83.99,0.282,0.0,BTC-27DEC19-7500-C,8103.31,81.47,0.283,5.0,0.2985,5.0,87.12,22.66188,-4.40871,19.10231,7e-05,0.68126
8253.65,BTC-27SEP19,1558781942131,open,0.12,97.6,0.083,0.1625,0.12284575,87.82,0.1185,0.0,BTC-27DEC19-13000-C,8103.31,85.79,0.117,4.0,0.127,25.0,89.24,23.94099,-4.86949,12.00695,7e-05,0.36881
8253.65,BTC-27SEP19,1558781942132,open,0.06,78.3,0.022,0.1015,0.06152372,95.9,0.06,0.0,BTC-27DEC19-20000-C,8103.31,92.35,0.054,4.0,0.064,4.0,97.03,17.9246,-3.98141,6.90143,5e-05,0.2029
8253.65,BTC-27SEP19,1558781942131,open,0.59,4.0,0.557,0.6365,0.5966237,88.02,0.59,0.0,BTC-27DEC19-3500-C,8103.31,0.0,0.0065,1.1,0.996,1.0,500.0,6.97574,-1.42217,17.04709,2e-05,0.94584
8219.24,BTC-28JUN19,1558781942141,open,0.23,501.2,0.196,0.2755,0.23562993,90.1,0.2405,0.0,BTC-28JUN19-6500-C,8103.31,52.08,0.2135,2.0,0.681,5.0,500.0,6.10628,-8.12082,4.60607,0.00011,0.83944
8103.31,index_price,1558781942173,open,0.19,15.0,0.131,0.2245,0.17777839,93.81,0.1805,0,BTC-31MAY19-9500-P,8103.31,0.0,0.005,1.0,0.221,0.2,209.91,1.8161,-14.49826,-1.40476,0.00018,-0.89911
8253.65,BTC-27SEP19,1558781942446,open,0.21,36.0,0.151,0.2465,0.19862542,84.0,0.2095,0.0,BTC-27DEC19-7500-P,8103.31,81.22,0.191,5.0,0.204,9.0,85.95,22.66184,-4.4088,-25.25589,7e-05,-0.31874
8253.65,BTC-27SEP19,1558781942537,open,0.2,1029.1,0.17,0.2495,0.20970136,85.3,0.208,0.0,BTC-27SEP19-8000-C,8103.31,83.63,0.206,3.0,0.2115,2.0,86.11,18.34459,-6.26511,11.65616,9e-05,0.62249
8253.65,BTC-27SEP19,1558781942556,open,0.27,21.2,0.206,0.306,0.25590691,86.06,0.2945,0.0,BTC-27SEP19-9000-P,8103.31,83.09,0.249,3.0,0.264,3.0,89.54,19.19859,-6.61527,-20.44829,0.0001,-0.46824
8253.65,BTC-27SEP19,1558781942557,open,0.19,85.4,0.132,0.226,0.1789695,85.29,0.176,0.0,BTC-27SEP19-8000-P,8103.31,83.29,0.1745,9.0,0.186,9.0,88.46,18.34461,-6.26503,-15.7138,9e-05,-0.37751
8103.31,index_price,1558781942560,open,0.1,168.7,0.0745,0.154,0.11401543,87.51,0.116,0,BTC-31MAY19-7250-C,8103.31,94.15,0.116,5.0,0.12,1.0,106.43,2.34447,-17.45926,0.96645,0.00025,0.85489
8103.31,index_price,1558781942562,open,0.03,99.2,0.0005,0.0755,0.03586897,86.84,0.034,0,BTC-31MAY19-8250-C,8103.31,84.13,0.0345,15.0,0.0385,0.4,92.07,4.07789,-30.13511,0.54948,0.00044,0.4571
8103.31,index_price,1558781942758,open,0.06,18.4,0.0315,0.111,0.07108819,86.74,0.0645,0,BTC-7JUN19-8000-C,8103.31,85.95,0.0705,0.2,0.0755,0.2,92.71,5.99428,-20.19181,1.40799,0.0003,0.56364
8103.31,index_price,1558781942806,open,0.06,18.4,0.0315,0.111,0.07108819,86.74,0.0645,0,BTC-7JUN19-8000-C,8103.31,86.63,0.071,0.2,0.0755,0.2,92.71,5.99428,-20.19181,1.40799,0.0003,0.56364
8219.52,BTC-28JUN19,1558781943187,open,0.07,71.2,0.022,0.1065,0.0642474,88.19,0.072,0.0,BTC-28JUN19-7500-P,8103.54,85.65,0.0615,16.0,0.0675,8.0,91.17,8.92273,-11.61469,-2.91064,0.00016,-0.31729
8253.91,BTC-27SEP19,1558781943204,open,1.76,0.0,1.611,1.828,1.71931477,98.37,None,0.0,BTC-27DEC19-22000-P,8103.54,0.0,0.0075,2.0,2.5785,0.3,500.0,16.62133,-3.78692,-123.99491,4e-05,-0.8206
8253.91,BTC-27SEP19,1558781943205,open,0.94,0.0,0.8405,0.993,0.91675695,91.05,None,0.0,BTC-27DEC19-15000-P,8103.54,0.0,0.006,10.0,1.7445,0.2,500.0,22.31386,-4.70546,-78.5632,6e-05,-0.69253
257.09,index_price,1558781943320,open,0.01,20.0,0.001,0.046,0.00661,98.73,0.01,0,ETH-7JUN19-200-P,257.09,87.62,0.004,250.0,0.008,250.0,103.79,0.06763,-0.25932,-0.00731,0.00294,-0.07397
257.09,index_price,1558781943377,open,0.22,0.0,0.147,0.242,0.194588,107.28,None,0,ETH-7JUN19-300-P,257.09,80.59,0.18,50.0,0.189,50.0,97.71,0.15439,-0.64315,-0.0854,0.00617,-0.74709
257.09,index_price,1558781943607,open,0.0,151.0,0.001,0.044,0.004746,114.93,0.006,0,ETH-31MAY19-320-C,257.09,85.79,0.001,250.0,0.008,300.0,130.48,0.04693,-0.45897,0.00297,0.00384,0.07661
8103.54,index_price,1558781943714,open,0.06,18.4,0.0315,0.111,0.07110219,86.73,0.0645,0,BTC-7JUN19-8000-C,8103.54,85.93,0.0705,0.2,0.0755,0.2,92.69,5.99429,-20.18857,1.40822,0.0003,0.56371
8103.54,index_price,1558781943723,open,0.06,18.4,0.0315,0.111,0.07110219,86.73,0.0645,0,BTC-7JUN19-8000-C,8103.54,86.61,0.071,0.2,0.0755,0.2,92.69,5.99429,-20.18857,1.40822,0.0003,0.56371
257.09,index_price,1558781943775,open,0.18,0.0,0.155,0.234,0.194839,98.73,None,0,ETH-7JUN19-210-C,257.09,104.36,0.197,50.0,0.204,50.0,120.82,0.0956,-0.36654,0.0623,0.00415,0.88174
257.09,index_price,1558781943847,open,0.33,0.0,0.245,0.348,0.296838,110.93,None,0,ETH-7JUN19-330-P,257.09,0.0,0.0,0.0,0.0,0.0,0.0,0.10587,-0.45608,-0.10519,0.00409,-0.86305
263.72,ETH-27SEP19,1558781943995,open,0.34,36.0,0.264,0.368,0.316293,98.22,0.345,0.0,ETH-27SEP19-300-P,257.09,95.09,0.309,30.0,0.324,30.0,101.53,0.61417,-0.24153,-0.71388,0.00263,-0.47493
263.72,ETH-27SEP19,1558781944021,open,0.17,1472.0,0.139,0.218,0.178722,98.22,0.164,0.0,ETH-27SEP19-300-C,257.09,95.76,0.173,30.0,0.187,100.0,101.77,0.61417,-0.24153,0.31249,0.00263,0.52507
257.09,index_price,1558781944032,open,0.05,35.0,0.002,0.084,0.043023,98.73,0.05,0,ETH-7JUN19-240-P,257.09,89.72,0.037,200.0,0.043,200.0,98.7,0.173,-0.66331,-0.03305,0.00752,-0.32145
263.72,ETH-27SEP19,1558781944030,open,0.53,81.0,0.435,0.553,0.493884,101.36,0.489,0.0,ETH-27SEP19-360-P,257.09,96.55,0.483,30.0,0.502,30.0,104.92,0.59952,-0.24331,-0.97828,0.00249,-0.59038
261.58,ETH-28JUN19,1558781944037,open,0.22,551.0,0.194,0.273,0.233506,98.71,0.184,0.0,ETH-28JUN19-210-C,257.09,89.36,0.226,80.0,0.235,120.0,100.51,0.21571,-0.31428,0.14014,0.00344,0.81077
257.09,index_price,1558781944043,open,0.0,319.0,0.001,0.04,0.000655,110.29,0.001,0,ETH-31MAY19-190-P,257.09,0.0,0.0,0.0,0.001,60.0,117.4,0.0108,-0.10141,-0.00056,0.00092,-0.01284
257.09,index_price,1558781944042,open,0.13,3.0,0.065,0.152,0.108398,105.41,0.115,0,ETH-7JUN19-270-P,257.09,87.23,0.095,150.0,0.104,150.0,99.47,0.19052,-0.7799,-0.06053,0.00775,-0.55902
257.09,index_price,1558781944060,open,0.21,117.0,0.184,0.263,0.223846,110.29,0.17,0,ETH-31MAY19-200-C,257.09,0.0,0.222,50.0,0.234,50.0,172.21,0.02289,-0.21479,0.03083,0.00195,0.96887
257.09,index_price,1558781944067,open,0.15,0.0,0.124,0.203,0.16342,98.73,None,0,ETH-7JUN19-220-C,257.09,101.96,0.165,50.0,0.173,50.0,117.42,0.12467,-0.478,0.05996,0.00542,0.82456
257.09,index_price,1558781944084,open,0.15,0.0,0.124,0.203,0.16342,98.73,None,0,ETH-7JUN19-220-C,257.09,101.96,0.165,50.0,0.172,50.0,115.55,0.12467,-0.478,0.05996,0.00542,0.82456
257.09,index_price,1558781944092,open,0.01,1182.0,0.001,0.05,0.010083,109.58,0.01,0,ETH-31MAY19-300-C,257.09,94.29,0.006,250.0,0.014,250.0,122.06,0.07572,-0.70603,0.00575,0.00649,0.149
257.09,index_price,1558781944093,open,0.18,0.0,0.118,0.21,0.163618,106.5,None,0,ETH-7JUN19-290-P,257.09,84.94,0.15,151.0,0.158,150.0,97.86,0.16981,-0.70228,-0.07762,0.00684,-0.69223
257.09,index_price,1558781944118,open,0.02,600.0,0.001,0.063,0.023113,107.79,0.019,0,ETH-31MAY19-280-C,257.09,98.13,0.019,4.0,0.028,200.0,118.86,0.11151,-1.02284,0.01101,0.00972,0.28918
257.09,index_price,1558781944120,open,0.1,0.0,0.07,0.149,0.109498,98.73,None,0,ETH-7JUN19-240-C,257.09,100.96,0.111,150.0,0.118,150.0,111.28,0.173,-0.66331,0.05161,0.00752,0.67855
8253.91,BTC-27SEP19,1558781944129,open,1.73,0.0,1.5785,1.7925,1.68554321,102.39,None,0.0,BTC-27SEP19-22000-P,8103.4,0.0,0.006,10.0,2.4395,0.2,500.0,7.87478,-3.22849,-73.27956,3e-05,-0.90946
8219.42,BTC-28JUN19,1558781944130,open,1.47,0.4,1.3375,1.5315,1.43458974,119.38,5.076,0.0,BTC-28JUN19-20000-P,8103.4,0.0,0.0,0.0,1.787,2.0,500.0,0.77145,-1.35932,-18.48205,1e-05,-0.98819
8219.42,BTC-28JUN19,1558781944130,open,0.45,219.6,0.415,0.4945,0.45498994,103.42,0.471,0.0,BTC-28JUN19-4500-C,8103.4,0.0,0.2005,2.0,0.51,1.0,235.93,1.17355,-1.79142,4.01076,2e-05,0.98075
8253.91,BTC-27SEP19,1558781944130,open,0.0,322.5,0.0005,0.0435,0.0037918,108.02,0.003,0.0,BTC-27SEP19-2500-P,8103.4,100.9,0.0025,10.0,0.005,5.0,113.45,1.68906,-0.73054,-0.49343,1e-05,-0.01368
8253.91,BTC-27SEP19,1558781944130,open,0.01,615.6,0.0005,0.0465,0.00641492,101.99,0.0135,0.0,BTC-27SEP19-3000-P,8103.4,97.25,0.005,0.4,0.0075,5.0,105.24,2.63364,-1.07547,-0.8315,1e-05,-0.02303
8253.91,BTC-27SEP19,1558781944130,open,0.5,0.2,0.465,0.5445,0.50455169,91.65,0.26,0.0,BTC-27SEP19-4250-C,8103.4,0.0,0.0115,0.1,0.7355,5.0,299.2,6.19408,-2.2729,12.12715,3e-05,0.934
8219.42,BTC-28JUN19,1558781944130,open,0.0,137.0,0.0005,0.0415,0.00152169,121.65,0.002,0.0,BTC-28JUN19-3750-P,8103.4,114.71,0.001,3.5,0.002,1.0,126.74,0.70479,-1.26548,-0.09282,1e-05,-0.01065
8219.42,BTC-28JUN19,1558781944130,open,0.0,853.0,0.0005,0.0405,0.00056965,135.0,0.0005,0.0,BTC-28JUN19-3000-P,8103.4,0.0,0.0,0.0,0.001,4.1,144.8,0.29338,-0.58459,-0.03448,0.0,-0.00395
8219.42,BTC-28JUN19,1558781944130,open,0.0,554.0,0.0005,0.042,0.00200608,117.31,0.003,0.0,BTC-28JUN19-4000-P,8103.4,112.25,0.0015,12.6,0.0025,11.0,121.51,0.90009,-1.55842,-0.123,1e-05,-0.01412
8253.91,BTC-27SEP19,1558781944130,open,0.02,90.0,0.0005,0.0615,0.02197677,97.08,0.022,0.0,BTC-27SEP19-20000-C,8103.4,95.13,0.02,6.0,0.023,15.0,98.06,8.54724,-3.32239,2.23736,4e-05,0.10121
8253.91,BTC-27SEP19,1558781944130,open,1.01,0.0,0.8995,1.0575,0.97861042,93.07,None,0.0,BTC-27SEP19-16000-P,8103.4,0.0,0.0065,0.1,1.7425,0.2,500.0,12.3387,-4.59794,-50.9978,6e-05,-0.82734
8253.91,BTC-27SEP19,1558781944130,open,0.0,1639.1,0.0005,0.0405,0.00073257,120.5,0.0005,0.0,BTC-27SEP19-1500-P,8103.4,0.0,0.0,0.0,0.0015,10.0,132.27,0.41346,-0.19949,-0.09942,0.0,-0.00279
8219.42,BTC-28JUN19,1558781944130,open,0.0,394.3,0.0005,0.0415,0.00150827,131.27,0.0015,0.0,BTC-28JUN19-3500-P,8103.4,124.01,0.001,1.4,0.002,1.0,136.89,0.65443,-1.268,-0.0861,1e-05,-0.00978
8219.42,BTC-28JUN19,1558781944130,open,0.0,94.5,0.0005,0.041,0.00105805,135.0,0.002,0.0,BTC-28JUN19-3250-P,8103.4,0.0,0.0,0.0,0.356,2.5,500.0,0.48275,-0.96193,-0.06082,1e-05,-0.00692
8219.42,BTC-28JUN19,1558781944131,open,0.0,989.9,0.0005,0.041,0.00128982,118.97,0.0015,0.0,BTC-28JUN19-20000-C,8103.4,115.53,0.001,20.0,0.0015,1.0,121.13,0.75574,-1.32704,0.07816,1e-05,0.01154
8253.91,BTC-27SEP19,1558781944131,open,0.05,255.4,0.009,0.0925,0.05062093,88.06,0.06,0.0,BTC-27SEP19-5500-P,8103.4,86.11,0.048,5.0,0.054,10.0,90.55,11.14926,-3.93129,-5.60501,5e-05,-0.14787
8253.91,BTC-27SEP19,1558781944131,open,0.04,64.6,0.0005,0.08,0.04008118,93.03,0.0375,0.0,BTC-27SEP19-16000-C,8103.4,90.94,0.037,4.0,0.0435,4.5,95.28,12.33196,-4.59364,3.73958,6e-05,0.17251
8253.91,BTC-27SEP19,1558781944131,open,0.13,923.0,0.0895,0.169,0.12946495,86.11,0.1245,0.0,BTC-27SEP19-10000-C,8103.4,85.04,0.127,10.0,0.13,1.0,86.34,19.10026,-6.58537,9.01228,0.0001,0.44861
8253.91,BTC-27SEP19,1558781944131,open,0.03,97.6,0.0005,0.0655,0.02490461,91.64,0.0315,0.0,BTC-27SEP19-4500-P,8103.4,90.02,0.0235,0.5,0.027,15.0,94.0,7.23188,-2.65366,-2.98511,3e-05,-0.08081
8253.91,BTC-27SEP19,1558781944131,open,0.05,55.5,0.017,0.0965,0.05692682,90.81,0.061,0.0,BTC-27SEP19-14000-C,8103.4,88.59,0.053,4.0,0.0605,10.4,92.79,14.76396,-5.36812,4.97051,7e-05,0.23294
8103.4,index_price,1558781944129,open,0.04,152.0,0.006,0.0855,0.04576315,87.96,0.0465,0,BTC-7JUN19-8500-C,8103.4,86.23,0.0445,0.2,0.047,5.0,89.64,5.94351,-20.30036,1.06446,0.00029,0.41814
8219.42,BTC-28JUN19,1558781944131,open,0.75,20.1,0.717,0.7965,0.75669175,136.72,0.578,0.0,BTC-28JUN19-2000-C,8103.4,0.0,0.002,0.5,0.8465,1.0,500.0,0.01523,-0.03074,1.85486,0.0,0.99984
8219.42,BTC-28JUN19,1558781944131,open,0.02,929.8,0.0005,0.056,0.01556181,91.93,0.0155,0.0,BTC-28JUN19-6000-P,8103.4,89.97,0.0145,22.0,0.017,1.0,94.52,4.49485,-6.09918,-0.90557,8e-05,-0.10315
8253.91,BTC-27SEP19,1558781944131,open,0.7,56.4,0.661,0.7405,0.7008966,107.98,0.6975,0.0,BTC-27SEP19-2500-C,8103.4,0.0,0.0065,0.1,0.9585,5.0,500.0,1.68682,-0.72929,8.06053,1e-05,0.98634
8253.91,BTC-27SEP19,1558781944132,open,0.05,71.2,0.0075,0.087,0.04748945,91.9,0.044,0.0,BTC-27SEP19-15000-C,8103.4,90.05,0.0445,4.0,0.0505,0.5,93.72,13.50623,-4.96998,4.29985,6e-05,0.19976
8219.42,BTC-28JUN19,1558781944132,open,0.86,2.0,0.7565,0.9025,0.82959258,103.79,2.658,0.0,BTC-28JUN19-15000-P,8103.4,0.0,0.0,0.0,1.2425,1.0,500.0,2.18172,-3.34223,-13.64766,3e-05,-0.95945
8253.91,BTC-27SEP19,1558781944132,open,0.0,419.7,0.0005,0.0415,0.00176073,112.83,0.0005,0.0,BTC-27SEP19-2000-P,8103.4,0.0,0.0,0.0,0.0035,5.0,125.53,0.89412,-0.40394,-0.23633,0.0,-0.00661
8253.91,BTC-27SEP19,1558781944132,open,0.78,0.0,0.6835,0.823,0.7531399,90.84,None,0.0,BTC-27SEP19-14000-P,8103.4,0.0,0.0065,0.1,1.5115,0.3,500.0,14.76791,-5.37111,-42.92519,7e-05,-0.76694
8253.91,BTC-27SEP19,1558781944132,open,0.52,233.5,0.491,0.5705,0.53092855,92.76,0.5435,0.0,BTC-27SEP19-4000-C,8103.4,0.0,0.1655,1.1,0.745,5.0,299.13,5.30031,-1.96857,11.71849,2e-05,0.94591
8219.42,BTC-28JUN19,1558781944132,open,0.74,1.3,0.642,0.7785,0.71023053,101.56,2.415,0.0,BTC-28JUN19-14000-P,8103.4,0.0,0.0,0.0,1.137,1.0,500.0,2.92845,-4.38976,-12.59933,5e-05,-0.94139
8103.4,index_price,1558781944131,open,0.0,279.5,0.0005,0.0405,0.00068559,124.08,0.0005,0,BTC-31MAY19-5750-P,8103.4,118.89,0.0005,4.0,0.001,11.0,131.07,0.32049,-3.38404,-0.01651,2e-05,-0.01197
8253.77,BTC-27SEP19,1558781944133,open,0.61,0.0,0.574,0.6535,0.6136358,97.38,None,0.0,BTC-27SEP19-3250-C,8103.4,0.0,0.0075,0.1,0.9515,5.0,500.0,3.04252,-1.18627,10.13768,1e-05,0.97264
8219.28,BTC-28JUN19,1558781944132,open,0.28,42.9,0.208,0.308,0.25795663,89.44,0.3035,0.0,BTC-28JUN19-10000-P,8103.4,0.0,0.001,2.0,0.727,1.0,500.0,8.42578,-11.12267,-7.46185,0.00015,-0.72022
8103.4,index_price,1558781944129,open,0.11,7.7,0.054,0.141,0.09758687,90.11,0.0935,0,BTC-31MAY19-8750-P,8103.4,66.68,0.0885,0.4,0.093,0.4,78.81,3.39635,-26.04332,-1.08021,0.00036,-0.7305
8219.28,BTC-28JUN19,1558781944133,open,0.48,10.5,0.4455,0.525,0.48542881,112.34,0.428,0.0,BTC-28JUN19-4250-C,8103.4,0.0,0.034,2.0,0.692,3.0,500.0,1.10532,-1.83279,3.78846,2e-05,0.98206
8219.28,BTC-28JUN19,1558781944133,open,0.33,143.9,0.3,0.3795,0.33954335,94.61,0.322,0.0,BTC-28JUN19-5500-C,8103.4,0.0,0.3135,2.0,0.354,2.0,125.14,3.06186,-4.27589,4.56491,5e-05,0.93796
8219.28,BTC-28JUN19,1558781944133,open,0.0,254.1,0.0005,0.0425,0.00249063,112.23,0.0035,0.0,BTC-28JUN19-4250-P,8103.4,108.32,0.002,11.0,0.003,11.0,115.82,1.10125,-1.82421,-0.15526,2e-05,-0.01786
8219.28,BTC-28JUN19,1558781944133,open,0.07,490.0,0.0305,0.11,0.07027071,87.81,0.07,0.0,BTC-28JUN19-9000-C,8103.4,85.48,0.0675,22.0,0.07,0.3,87.58,9.78081,-12.6763,2.65721,0.00018,0.41861
8103.4,index_price,1558781944130,open,0.25,0.0,0.1875,0.2855,0.23646914,96.81,None,0,BTC-31MAY19-10000-P,8103.4,0.0,0.0,0.0,0.281,0.1,235.8,1.05022,-8.65199,-1.54849,0.0001,-0.9506
8219.28,BTC-28JUN19,1558781944133,open,0.57,143.2,0.536,0.6155,0.57569265,131.42,0.56,0.0,BTC-28JUN19-3500-C,8103.4,0.0,0.1505,3.0,0.777,3.0,500.0,0.65795,-1.27629,3.1617,1e-05,0.99016
8103.4,index_price,1558781944130,open,0.0,100.7,0.0005,0.04,8e-08,135.0,0.0005,0,BTC-31MAY19-3750-P,8103.4,0.0,0.0,0.0,0.0005,5.0,248.17,0.00011,-0.00066,0.0,0.0,0.0
8219.28,BTC-28JUN19,1558781944134,open,0.02,466.9,0.0005,0.0565,0.01656166,96.61,0.017,0.0,BTC-28JUN19-12000-C,8103.4,94.1,0.015,30.0,0.0175,0.1,98.07,5.22408,-7.44905,0.84571,9e-05,0.12743
8103.4,index_price,1558781944130,open,0.01,247.8,0.0005,0.049,0.00870726,87.52,0.0105,0,BTC-31MAY19-7250-P,8103.4,85.04,0.008,0.1,0.01,48.6,91.89,2.34453,-17.46172,-0.20065,0.00025,-0.14511
8103.4,index_price,1558781944129,open,0.14,52.0,0.112,0.1915,0.1515615,87.12,0.1435,0,BTC-7JUN19-7000-C,8103.4,90.17,0.153,5.0,0.164,5.0,111.61,3.76984,-12.75423,1.95522,0.00019,0.83555
8103.4,index_price,1558781944130,open,0.0,487.9,0.0005,0.0405,0.00091367,115.16,0.0015,0,BTC-31MAY19-6000-P,8103.4,105.68,0.0005,1.0,0.0015,10.6,124.65,0.42454,-4.16043,-0.02284,3e-05,-0.01659
8103.4,index_price,1558781944130,open,0.01,51.2,0.0005,0.048,0.00807611,92.29,0.0095,0,BTC-31MAY19-9250-C,8103.4,86.53,0.0065,25.0,0.0095,25.0,97.13,2.30993,-18.14169,0.17463,0.00024,0.14195
8103.4,index_price,1558781944132,open,0.0,71.0,0.0005,0.0405,0.00079021,109.5,0.001,0,BTC-31MAY19-11000-C,8103.4,0.0,0.0,0.0,0.0015,25.0,120.33,0.4242,-3.9528,0.02059,4e-05,0.01658
8103.4,index_price,1558781944129,open,0.01,10.2,0.0005,0.047,0.00698816,90.61,0.009,0,BTC-7JUN19-6500-P,8103.4,85.18,0.0055,0.2,0.009,4.8,97.19,2.34103,-8.23742,-0.25923,0.00011,-0.0837
8253.77,BTC-27SEP19,1558781944134,open,0.02,1018.2,0.0005,0.06,0.01947114,91.66,0.025,0.0,BTC-27SEP19-4250-P,8103.4,88.98,0.0175,5.0,0.022,10.0,94.94,6.19566,-2.27382,-2.41411,3e-05,-0.06602
8103.4,index_price,1558781944129,open,0.06,0.4,0.012,0.096,0.05395424,86.83,0.17,0,BTC-31MAY19-8250-P,8103.4,73.97,0.0475,0.1,0.051,0.4,80.95,4.07796,-30.13029,-0.77854,0.00044,-0.54287
8253.77,BTC-27SEP19,1558781944134,open,0.55,0.0,0.5185,0.598,0.55802977,94.23,None,0.0,BTC-27SEP19-3750-C,8103.4,0.0,0.0055,0.2,0.755,10.0,299.17,4.48672,-1.69275,11.24046,2e-05,0.95609
8253.77,BTC-27SEP19,1558781944130,open,0.83,0.0,0.7335,0.8775,0.80530457,89.12,None,0.0,BTC-27DEC19-14000-P,8103.4,0.0,0.0075,3.0,1.626,0.2,500.0,23.104,-4.76888,-71.81252,6e-05,-0.66578
8253.77,BTC-27SEP19,1558781944130,open,2.0,0.0,1.8355,2.0715,1.95347608,99.37,None,0.0,BTC-27DEC19-24000-P,8103.4,0.0,0.0075,1.0,2.8175,0.2,500.0,15.13497,-3.48343,-136.60355,4e-05,-0.84485
8253.77,BTC-27SEP19,1558781944130,open,0.24,14.0,0.185,0.2835,0.23429219,83.99,0.236,0.0,BTC-27DEC19-8000-P,8103.4,81.27,0.2265,7.0,0.2405,9.0,86.16,23.6363,-4.59806,-28.77687,7e-05,-0.3552
8253.77,BTC-27SEP19,1558781944130,open,0.01,100.6,0.0005,0.053,0.01271861,89.93,0.018,0.0,BTC-27DEC19-3000-P,8103.4,84.15,0.0095,5.0,0.016,15.0,95.12,4.92894,-1.02661,-2.3397,1e-05,-0.03521
8103.4,index_price,1558781944130,open,0.0,566.7,0.0005,0.04,9.573e-05,135.0,0.0015,0,BTC-31MAY19-5000-P,8103.4,0.0,0.0,0.0,0.001,10.0,177.31,0.06037,-0.6935,-0.00252,0.0,-0.00184
8103.4,index_price,1558781944129,open,0.0,0.0005,0.048,0.00806795,99.67,None,0,BTC-7JUN19-10500-C,8103.4,91.06,0.0055,25.0,0.0115,25.0,109.34,2.64075,-10.22114,0.25837,0.00011,0.09845
8253.77,BTC-27SEP19,1558781944130,open,0.05,86.4,0.0035,0.0865,0.0450579,85.36,0.047,0.0,BTC-27DEC19-4500-P,8103.4,84.97,0.0445,1.5,0.047,5.0,86.74,11.56148,-2.28591,-7.33711,3e-05,-0.10524
8103.4,index_price,1558781944130,open,0.02,771.4,0.0005,0.0655,0.0257574,89.08,0.0275,0,BTC-31MAY19-8500-C,8103.4,83.22,0.023,20.4,0.0275,0.4,92.75,3.83558,-29.07535,0.43221,0.00041,0.35709
8253.77,BTC-27SEP19,1558781944132,open,1.52,0.0,1.3855,1.584,1.4846201,95.88,None,0.0,BTC-27DEC19-20000-P,8103.4,0.0,0.006,5.0,2.34,0.2,500.0,17.92058,-3.97974,-111.3886,5e-05,-0.79718
8253.77,BTC-27SEP19,1558781944130,open,0.04,111.5,0.0005,0.078,0.03817154,99.73,0.032,0.0,BTC-27DEC19-26000-C,8103.4,97.13,0.034,5.0,0.039,68.8,100.23,13.63678,-3.14986,4.62614,3e-05,0.13294
8103.4,index_price,1558781944132,open,0.0,134.5,0.0005,0.0425,0.0027915,92.81,0.0035,0,BTC-31MAY19-6750-P,8103.4,86.58,0.002,25.0,0.0035,30.0,97.63,1.12081,-8.85166,-0.07358,0.00011,-0.05361
8253.77,BTC-27SEP19,1558781944131,open,1.29,0.0,1.166,1.346,1.2559883,94.81,None,0.0,BTC-27DEC19-18000-P,8103.4,0.0,0.006,5.0,2.102,0.2,500.0,19.75367,-4.33769,-98.39009,5e-05,-0.75954
8253.77,BTC-27SEP19,1558781944130,open,0.34,63.1,0.3075,0.387,0.34731764,84.0,0.311,0.0,BTC-27DEC19-6500-C,8103.4,73.26,0.3215,5.0,0.366,5.0,91.73,19.92065,-3.87553,19.93915,6e-05,0.75577
8253.77,BTC-27SEP19,1558781944130,open,0.49,6.6,0.46,0.5395,0.49986175,85.37,0.498,0.0,BTC-27DEC19-4500-C,8103.4,0.0,0.26,1.4,0.7865,2.0,271.9,11.56215,-2.28622,19.27684,3e-05,0.89475
8253.77,BTC-27SEP19,1558781944130,open,0.26,125.9,0.2255,0.305,0.26505458,84.0,0.2465,0.0,BTC-27DEC19-8000-C,8103.4,81.71,0.2585,5.0,0.274,5.0,87.13,23.63613,-4.59834,18.53789,7e-05,0.6448
8253.77,BTC-27SEP19,1558781944130,open,2.24,0.0,2.061,2.3155,2.18827891,99.75,None,0.0,BTC-27DEC19-26000-P,8103.4,0.0,0.006,10.0,3.057,0.2,500.0,13.64226,-3.15173,-149.14608,3e-05,-0.86698
8103.4,index_price,1558781944129,open,0.07,28.9,0.016,0.1005,0.05832506,86.74,0.0565,0,BTC-7JUN19-8000-P,8103.4,81.57,0.0545,0.3,0.058,0.2,86.3,5.99429,-20.19029,-1.41399,0.0003,-0.43633
8103.4,index_price,1558781944132,open,0.56,0.0,0.5285,0.608,0.56809001,186.52,None,0,BTC-31MAY19-3500-C,8103.4,0.0,0.007,0.2,0.0,0.0,0.0,0.00495,-0.07859,0.56325,0.0,0.99988
8103.4,index_price,1558781944132,open,0.0,308.5,0.0005,0.04,3.266e-05,135.0,0.0005,0,BTC-31MAY19-4750-P,8103.4,0.0,0.0,0.0,0.001,10.0,194.1,0.02419,-0.26467,-0.00093,0.0,-0.00068
8253.77,BTC-27SEP19,1558781944130,open,0.76,0.0,0.7215,0.801,0.7614213,96.52,None,0.0,BTC-27DEC19-2000-C,8103.4,0.0,0.018,3.0,0.9905,0.5,500.0,1.87911,-0.4201,11.09577,0.0,0.98872
8103.4,index_price,1558781944131,open,0.01,389.3,0.0005,0.045,0.00503548,90.1,0.0065,0,BTC-31MAY19-7000-P,8103.4,82.06,0.0035,25.0,0.0065,55.0,96.78,1.67656,-12.8538,-0.12463,0.00018,-0.09051
8103.4,index_price,1558781944132,open,0.0,391.2,0.0005,0.042,0.00244055,96.98,0.0035,0,BTC-31MAY19-10000-C,8103.4,88.73,0.0015,1.0,0.0035,35.1,104.31,1.05543,-8.70965,0.06166,0.0001,0.04971
8253.77,BTC-27SEP19,1558781944130,open,0.32,0.3,0.26,0.3645,0.31222036,83.99,0.3155,0.0,BTC-27DEC19-9000-P,8103.4,80.11,0.3005,3.0,0.3205,3.0,86.74,24.87508,-4.839,-35.99127,7e-05,-0.42506
8253.77,BTC-27SEP19,1558781944132,open,0.54,27.1,0.5065,0.586,0.54628394,86.12,0.542,0.0,BTC-27DEC19-4000-C,8103.4,0.0,0.0195,0.1,0.98,0.5,500.0,9.17637,-1.83044,18.38487,3e-05,0.9229
8103.4,index_price,1558781944130,open,0.0,390.1,0.0005,0.04,2.41e-06,135.0,0.0005,0,BTC-31MAY19-4250-P,8103.4,0.0,0.0,0.0,0.0005,5.0,210.65,0.00245,-0.01954,-8e-05,0.0,-6e-05
8253.77,BTC-27SEP19,1558781944130,open,0.72,0.0,0.63,0.7655,0.69786742,87.81,None,0.0,BTC-27DEC19-13000-P,8103.4,0.0,0.0075,3.0,1.507,0.3,500.0,23.94088,-4.86908,-64.88037,7e-05,-0.63121
8103.4,index_price,1558781944133,open,0.19,299.0,0.16,0.2395,0.19950021,97.3,0.1875,0,BTC-31MAY19-6500-C,8103.4,0.0,0.0805,3.0,0.2495,0.1,280.5,0.74409,-6.16106,1.00206,7e-05,0.96768
8103.4,index_price,1558781944130,open,0.41,42.8,0.374,0.4535,0.41386908,138.04,0.251,0,BTC-31MAY19-4750-C,8103.4,0.0,0.0035,1.1,0.444,0.1,406.94,0.02989,-0.35114,0.76348,0.0,0.99915
8103.4,index_price,1558781944130,open,0.14,27.1,0.078,0.1675,0.12264173,90.96,0.1235,0,BTC-31MAY19-9000-P,8103.4,56.24,0.113,5.0,0.1195,5.0,81.62,2.85425,-22.09375,-1.20717,0.0003,-0.80277
8253.77,BTC-27SEP19,1558781944130,open,0.0,122.6,0.0005,0.041,0.00122424,97.85,0.0025,0.0,BTC-27DEC19-1500-P,8103.4,87.63,0.0005,8.0,0.002,21.5,104.84,0.77164,-0.17487,-0.26073,0.0,-0.00412
8103.4,index_price,1558781944130,open,0.44,20.2,0.405,0.4845,0.44469678,141.88,0.2355,0,BTC-31MAY19-4500-C,8103.4,0.0,0.0055,0.5,0.475,0.1,439.21,0.01463,-0.1766,0.72386,0.0,0.99961
8103.4,index_price,1558781944130,open,0.03,154.8,0.0005,0.065,0.02424311,85.97,0.0245,0,BTC-31MAY19-7750-P,8103.4,79.9,0.0215,1.6,0.024,1.4,85.44,3.68421,-26.95368,-0.45109,0.00041,-0.32156
8103.4,index_price,1558781944130,open,0.16,284.2,0.13,0.2095,0.16982221,92.91,0.151,0,BTC-31MAY19-6750-C,8103.4,0.0,0.032,5.0,0.2195,0.1,255.34,1.12383,-8.88542,1.01277,0.00011,0.94621
8103.4,index_price,1558781944130,open,0.16,0.0,0.104,0.1955,0.14955255,92.22,None,0,BTC-31MAY19-9250-P,8103.4,0.0,0.1395,5.0,0.1465,5.0,80.48,2.30773,-18.11076,-1.31465,0.00024,-0.85825
8103.4,index_price,1558781944131,open,0.08,250.7,0.0495,0.129,0.08922375,86.02,0.091,0,BTC-31MAY19-7500-C,8103.4,89.36,0.0905,5.4,0.095,0.4,100.74,3.06441,-22.43087,0.89776,0.00034,0.77745
8103.4,index_price,1558781944132,open,0.0,101.4,0.0005,0.04,1e-08,135.0,0.0005,0,BTC-31MAY19-3500-P,8103.4,0.0,0.0,0.0,0.0005,5.0,268.83,2e-05,-8e-05,0.0,0.0,0.0
8103.4,index_price,1558781944130,open,0.09,55.7,0.032,0.1175,0.07468169,89.04,0.0735,0,BTC-31MAY19-8500-P,8103.4,70.26,0.066,0.4,0.0705,0.4,80.12,3.83529,-29.06064,-0.93618,0.00041,-0.64299
8253.77,BTC-27SEP19,1558781944130,open,0.04,24.0,0.006,0.0855,0.04568527,99.36,0.0425,0.0,BTC-27DEC19-24000-C,8103.4,95.58,0.039,5.0,0.048,5.0,100.6,15.13068,-3.48189,5.34025,4e-05,0.15508
8103.4,index_price,1558781944133,open,0.0,299.0,0.0005,0.04,0.00045619,131.02,0.0005,0,BTC-31MAY19-5500-P,8103.4,0.0,0.0,0.0,0.001,10.0,145.88,0.22244,-2.48014,-0.01088,2e-05,-0.00788
8253.77,BTC-27SEP19,1558781944132,open,0.51,12.9,0.434,0.553,0.49355982,85.39,0.564,0.0,BTC-27DEC19-11000-P,8103.4,80.27,0.478,3.0,0.5025,3.0,88.32,25.17312,-4.97873,-50.62068,7e-05,-0.54341
8253.77,BTC-27SEP19,1558781944134,open,0.62,1.4,0.5325,0.66,0.59615655,87.4,0.636,0.0,BTC-27DEC19-12000-P,8103.4,80.26,0.575,3.0,0.6015,3.0,89.18,24.71367,-5.0026,-57.77429,7e-05,-0.58735
257.09,index_price,1558781944128,open,0.01,142.0,0.001,0.055,0.015089,107.79,0.014,0,ETH-31MAY19-290-C,257.09,92.93,0.01,200.0,0.016,1.0,110.28,0.09356,-0.85818,0.008,0.00816,0.20829
263.72,ETH-27SEP19,1558781944143,open,0.05,599.0,0.011,0.09,0.050137,113.58,0.04,0.0,ETH-27SEP19-600-C,257.08,110.87,0.046,40.0,0.054,40.0,116.04,0.40855,-0.1858,0.1196,0.00151,0.1827
261.58,ETH-28JUN19,1558781944143,open,0.0,4769.0,0.001,0.041,0.00108,115.17,0.004,0.0,ETH-28JUN19-120-P,257.08,0.0,0.0,0.0,0.002,200.0,125.94,0.018,-0.0306,-0.00227,0.00025,-0.00828
263.72,ETH-27SEP19,1558781944143,open,0.05,7.0,0.017,0.096,0.056648,111.63,0.053,0.0,ETH-27SEP19-560-C,257.08,109.4,0.053,40.0,0.06,40.0,113.63,0.43718,-0.1954,0.13308,0.00165,0.20414
263.72,ETH-27SEP19,1558781944143,open,0.11,1200.0,0.077,0.156,0.116377,102.35,0.1,0.0,ETH-27SEP19-380-C,257.08,99.93,0.111,140.0,0.122,100.0,104.87,0.58636,-0.2403,0.23602,0.00241,0.37797
263.72,ETH-27SEP19,1558781944143,open,0.28,2.0,0.213,0.313,0.262502,97.06,0.737,0.0,ETH-27SEP19-280-P,257.08,94.24,0.256,30.0,0.271,110.0,100.77,0.60567,-0.23539,-0.62411,0.00262,-0.42922
263.72,ETH-27SEP19,1558781944143,open,0.06,18.0,0.025,0.104,0.064909,109.69,0.051,0.0,ETH-27SEP19-520-C,257.08,106.89,0.06,40.0,0.069,40.0,111.97,0.46888,-0.20593,0.14934,0.0018,0.23043
261.58,ETH-28JUN19,1558781944143,open,0.15,1296.0,0.121,0.2,0.160463,98.71,0.147,0.0,ETH-28JUN19-240-C,257.08,91.94,0.153,200.0,0.163,200.0,101.0,0.289,-0.42106,0.12342,0.00461,0.66883
261.58,ETH-28JUN19,1558781944143,open,0.18,180.0,0.119,0.211,0.164624,100.82,0.187,0.0,ETH-28JUN19-280-P,257.08,98.66,0.162,120.0,0.171,80.0,106.08,0.31718,-0.472,-0.16793,0.00495,-0.5271
261.58,ETH-28JUN19,1558781944143,open,0.09,5367.0,0.035,0.121,0.077964,98.71,0.093,0.0,ETH-28JUN19-240-P,257.08,95.12,0.074,160.0,0.077,60.0,97.84,0.289,-0.42106,-0.09933,0.00461,-0.33117
261.58,ETH-28JUN19,1558781944143,open,0.0,3083.0,0.001,0.04,0.00042,124.66,0.001,0.0,ETH-28JUN19-100-P,257.08,0.0,0.0,0.0,0.0,0.0,0.0,0.00783,-0.0144,-0.00089,0.0001,-0.00325
261.58,ETH-28JUN19,1558781944143,open,0.59,0.0,0.491,0.614,0.552215,114.42,None,0.0,ETH-28JUN19-400-P,257.08,0.0,0.0,0.0,0.0,0.0,0.0,0.18432,-0.3113,-0.34085,0.00254,-0.85178
261.58,ETH-28JUN19,1558781944143,open,0.06,3390.0,0.007,0.09,0.048094,98.71,0.057,0.0,ETH-28JUN19-220-P,257.08,94.29,0.044,160.0,0.048,85.0,98.61,0.24426,-0.35587,-0.06846,0.0039,-0.23391
261.58,ETH-28JUN19,1558781944143,open,0.02,5312.0,0.001,0.053,0.012707,98.71,0.01,0.0,ETH-28JUN19-180-P,257.08,92.53,0.01,200.0,0.012,123.0,97.15,0.12043,-0.17546,-0.02293,0.00192,-0.08176
261.58,ETH-28JUN19,1558781944143,open,0.08,1846.0,0.055,0.134,0.094206,100.82,0.087,0.0,ETH-28JUN19-280-C,257.08,96.53,0.089,200.0,0.098,200.0,103.95,0.31718,-0.472,0.09194,0.00495,0.4729
263.71,ETH-27SEP19,1558781944143,open,0.14,1657.0,0.087,0.176,0.131653,96.81,0.142,0.0,ETH-27SEP19-220-P,257.08,92.88,0.124,40.0,0.134,80.0,98.02,0.51301,-0.19887,-0.36527,0.00223,-0.2732
261.58,ETH-28JUN19,1558781944143,open,0.05,913.0,0.016,0.095,0.055823,104.46,0.055,0.0,ETH-28JUN19-320-C,257.08,100.92,0.052,240.0,0.059,80.0,107.37,0.2841,-0.43804,0.06356,0.00428,0.31765
263.71,ETH-27SEP19,1558781944143,open,0.42,400.0,0.398,0.477,0.437946,96.84,0.383,0.0,ETH-27SEP19-160-C,257.08,0.0,0.38,1.0,0.599,10.0,214.46,0.31204,-0.12099,0.39709,0.00135,0.87807
263.71,ETH-27SEP19,1558781944143,open,0.48,191.0,0.456,0.535,0.495736,96.84,0.5,0.0,ETH-27SEP19-140-C,257.08,0.0,0.044,1.0,0.0,0.0,0.0,0.2306,-0.08941,0.38224,0.001,0.91941
263.71,ETH-27SEP19,1558781944143,open,0.23,1281.0,0.166,0.262,0.214391,96.81,0.254,0.0,ETH-27SEP19-260-P,257.08,93.94,0.208,40.0,0.221,80.0,99.79,0.58683,-0.22747,-0.53535,0.00255,-0.37898
261.58,ETH-28JUN19,1558781944143,open,0.02,1998.0,0.001,0.063,0.023047,114.42,0.022,0.0,ETH-28JUN19-400-C,257.08,111.46,0.021,200.0,0.025,100.0,117.15,0.18432,-0.3113,0.03039,0.00254,0.14822
261.58,ETH-28JUN19,1558781944143,open,0.19,1595.0,0.168,0.247,0.207051,98.71,0.193,0.0,ETH-28JUN19-220-C,257.08,89.96,0.199,120.0,0.205,45.0,96.5,0.24426,-0.35587,0.13572,0.0039,0.76609
261.58,ETH-28JUN19,1558781944143,open,0.0,1541.0,0.001,0.04,0.000371,150.0,0.001,0.0,ETH-28JUN19-80-P,257.08,0.0,0.0,0.0,0.002,24.0,185.81,0.00595,-0.01316,-0.00067,6e-05,-0.00239
263.71,ETH-27SEP19,1558781944143,open,0.77,0.0,0.733,0.812,0.772982,100.33,0.01,0.0,ETH-27SEP19-60-C,257.08,0.0,0.003,10.0,0.0,0.0,0.0,0.01167,-0.00469,0.20263,5e-05,0.99757
261.58,ETH-28JUN19,1558781944143,open,0.01,6418.0,0.001,0.049,0.00919,124.28,0.01,0.0,ETH-28JUN19-500-C,257.08,121.04,0.008,200.0,0.01,5.0,126.35,0.09985,-0.18316,0.01331,0.00127,0.06402
263.71,ETH-27SEP19,1558781944143,open,0.22,848.0,0.189,0.268,0.228497,96.83,0.218,0.0,ETH-27SEP19-260-C,257.08,94.36,0.223,30.0,0.235,80.0,99.75,0.58682,-0.22751,0.35415,0.00255,0.62103
263.71,ETH-27SEP19,1558781944143,open,1.39,0.0,1.233,1.418,1.325277,113.53,None,0.0,ETH-27SEP19-600-P,257.08,0.0,0.0,0.0,0.0,0.0,0.0,0.40825,-0.18558,-1.93326,0.00151,-0.81751
261.58,ETH-28JUN19,1558781944143,open,0.34,1130.0,0.319,0.398,0.358298,98.71,0.32,0.0,ETH-28JUN19-170-C,257.08,0.0,0.1,5.0,0.63,1.0,476.89,0.09076,-0.13222,0.14203,0.00145,0.94334
261.58,ETH-28JUN19,1558781944143,open,0.57,10.0,0.541,0.62,0.580418,124.66,0.265,0.0,ETH-28JUN19-110-C,257.08,0.0,0.028,1.0,0.0,0.0,0.0,0.01501,-0.02763,0.10023,0.00019,0.99326
261.58,ETH-28JUN19,1558781944143,open,0.61,0.0,0.579,0.658,0.618127,124.66,None,0.0,ETH-28JUN19-100-C,257.08,0.0,0.003,7.0,0.0,0.0,0.0,0.00783,-0.0144,0.09192,0.0001,0.99675
257.08,index_price,1558781944143,open,0.15,0.0,0.09,0.18,0.134756,105.82,None,0,ETH-7JUN19-280-P,257.08,86.04,0.121,150.0,0.13,150.0,99.08,0.1824,-0.74956,-0.0693,0.00739,-0.62942
261.58,ETH-28JUN19,1558781944143,open,0.0,9820.0,0.001,0.041,0.001877,113.04,0.004,0.0,ETH-28JUN19-130-P,257.08,103.18,0.001,300.0,0.003,200.0,122.0,0.02811,-0.0469,-0.00381,0.00039,-0.01381
263.71,ETH-27SEP19,1558781944143,open,0.0,174.0,0.001,0.04,0.000496,100.14,0.002,0.0,ETH-27SEP19-60-P,257.08,0.0,0.0,0.0,0.0,0.0,0.0,0.01153,-0.00462,-0.00261,5e-05,-0.0024
263.71,ETH-27SEP19,1558781944143,open,0.8,0.0,0.687,0.826,0.756411,105.27,None,0.0,ETH-27SEP19-440-P,257.08,0.0,0.0,0.0,0.0,0.0,0.0,0.53656,-0.22616,-1.31373,0.00214,-0.69969
263.71,ETH-27SEP19,1558781944143,open,0.07,4895.0,0.026,0.11,0.068255,96.82,0.079,0.0,ETH-27SEP19-180-P,257.08,91.85,0.061,40.0,0.069,40.0,97.32,0.38908,-0.15083,-0.21419,0.00169,-0.16915
261.58,ETH-28JUN19,1558781944143,open,0.04,3140.0,0.001,0.077,0.03632,98.71,0.042,0.0,ETH-28JUN19-210-P,257.08,93.39,0.032,160.0,0.036,120.0,98.32,0.21571,-0.31428,-0.05476,0.00344,-0.18923
263.71,ETH-27SEP19,1558781944143,open,0.19,858.0,0.161,0.24,0.20077,97.07,0.191,0.0,ETH-27SEP19-280-C,257.08,94.99,0.196,30.0,0.209,80.0,100.66,0.60565,-0.2354,0.33382,0.00262,0.57076
261.58,ETH-28JUN19,1558781944143,open,0.53,50.0,0.503,0.582,0.54233,115.17,0.547,0.0,ETH-28JUN19-120-C,257.08,0.0,0.003,10.0,0.0,0.0,0.0,0.018,-0.0306,0.1091,0.00025,0.99172
263.71,ETH-27SEP19,1558781944144,open,0.4,24.0,0.318,0.427,0.3723,98.97,0.408,0.0,ETH-27SEP19-320-P,257.08,95.41,0.364,30.0,0.381,30.0,102.7,0.61474,-0.2436,-0.80312,0.00261,-0.51786
261.58,ETH-28JUN19,1558781944143,open,0.03,2101.0,0.001,0.074,0.034865,109.31,0.032,0.0,ETH-28JUN19-360-C,257.08,107.19,0.033,160.0,0.037,110.0,111.69,0.23223,-0.37468,0.0435,0.00335,0.21403
263.71,ETH-27SEP19,1558781944143,open,0.0,1723.0,0.001,0.042,0.0024,100.14,0.003,0.0,ETH-27SEP19-80-P,257.08,88.46,0.001,100.0,0.004,50.0,108.89,0.04082,-0.01637,-0.01112,0.00017,-0.00992
257.08,index_price,1558781944143,open,0.02,0.0,0.001,0.061,0.021533,108.28,None,0,ETH-7JUN19-310-C,257.08,103.46,0.019,200.0,0.024,200.0,112.81,0.13777,-0.5793,0.01677,0.00546,0.20647
257.08,index_price,1558781944143,open,0.07,67.0,0.013,0.096,0.054677,95.9,0.068,0,ETH-31MAY19-260-P,257.08,78.74,0.046,150.0,0.06,50.0,106.42,0.13006,-1.06139,-0.02348,0.01275,-0.51276
261.58,ETH-28JUN19,1558781944144,open,0.31,0.0,0.228,0.33,0.279159,104.46,None,0.0,ETH-28JUN19-320-P,257.08,52.38,0.232,10.0,0.0,0.0,0.0,0.2841,-0.43804,-0.23343,0.00428,-0.68235
263.71,ETH-27SEP19,1558781944144,open,0.1,1582.0,0.066,0.145,0.105841,103.46,0.103,0.0,ETH-27SEP19-400-C,257.08,100.75,0.1,140.0,0.111,100.0,105.83,0.57122,-0.23663,0.22011,0.00232,0.34981
261.58,ETH-28JUN19,1558781944144,open,0.45,0.0,0.355,0.467,0.411117,109.31,None,0.0,ETH-28JUN19-360-P,257.08,0.0,0.0,0.0,0.0,0.0,0.0,0.23223,-0.37468,-0.29062,0.00335,-0.78597
261.58,ETH-28JUN19,1558781944144,open,0.01,4469.0,0.001,0.045,0.004993,98.71,0.004,0.0,ETH-28JUN19-160-P,257.08,94.45,0.004,225.0,0.005,120.0,98.74,0.06463,-0.09416,-0.01023,0.00103,-0.03713
263.71,ETH-27SEP19,1558781944144,open,0.03,7561.0,0.001,0.067,0.026602,96.82,0.028,0.0,ETH-27SEP19-140-P,257.08,88.86,0.02,50.0,0.026,50.0,96.13,0.23053,-0.08937,-0.09669,0.001,-0.08056
261.58,ETH-28JUN19,1558781944144,open,0.06,2815.0,0.033,0.112,0.072615,102.82,0.071,0.0,ETH-28JUN19-300-C,257.08,98.86,0.068,240.0,0.077,160.0,106.56,0.30562,-0.46381,0.07691,0.00468,0.3894
261.58,ETH-28JUN19,1558781944144,open,0.41,481.0,0.39,0.469,0.429406,98.71,0.385,0.0,ETH-28JUN19-150-C,257.08,0.0,0.02,2.0,0.5,200.0,247.45,0.04306,-0.06273,0.133,0.00069,0.97723
263.71,ETH-27SEP19,1558781944144,open,0.01,3243.0,0.001,0.046,0.006005,96.82,0.006,0.0,ETH-27SEP19-100-P,257.08,89.8,0.004,5.0,0.007,50.0,99.81,0.08404,-0.03258,-0.02617,0.00036,-0.023
263.71,ETH-27SEP19,1558781944144,open,0.37,743.0,0.346,0.425,0.385713,96.83,0.331,0.0,ETH-27SEP19-180-C,257.08,0.0,0.23,1.0,0.5,1.0,169.77,0.38911,-0.15086,0.40159,0.00169,0.83083
257.08,index_price,1558781944143,open,0.25,0.0,0.225,0.304,0.264393,98.89,None,0,ETH-7JUN19-190-C,257.08,0.0,0.0,0.0,0.0,0.0,0.0,0.04383,-0.16831,0.06284,0.0019,0.95735
263.71,ETH-27SEP19,1558781944144,open,0.13,543.0,0.104,0.183,0.14333,100.44,0.13,0.0,ETH-27SEP19-340-C,257.08,97.7,0.137,30.0,0.15,100.0,103.32,0.60946,-0.24511,0.27201,0.00255,0.44482
261.58,ETH-28JUN19,1558781944144,open,0.98,0.0,0.844,0.997,0.920651,124.28,None,0.0,ETH-28JUN19-500-P,257.08,0.0,0.0,0.0,0.0,0.0,0.0,0.09985,-0.18316,-0.45074,0.00127,-0.93598
263.71,ETH-27SEP19,1558781944144,open,0.33,1738.0,0.299,0.378,0.338963,96.83,0.307,0.0,ETH-27SEP19-200-C,257.08,91.64,0.33,10.0,0.344,10.0,99.73,0.45699,-0.17718,0.39771,0.00198,0.77978
261.58,ETH-28JUN19,1558781944144,open,0.69,0.0,0.655,0.734,0.694537,150.0,None,0.0,ETH-28JUN19-80-C,257.08,0.0,0.003,2.0,0.0,0.0,0.0,0.00595,-0.01316,0.07358,6e-05,0.99761
261.58,ETH-28JUN19,1558781944144,open,0.38,923.0,0.354,0.433,0.393325,98.71,0.357,0.0,ETH-28JUN19-160-C,257.08,0.0,0.1,3.0,0.0,0.0,0.0,0.06463,-0.09416,0.13827,0.00103,0.96287
263.71,ETH-27SEP19,1558781944144,open,0.59,31.0,0.496,0.619,0.557299,102.33,0.52,0.0,ETH-27SEP19-380-P,257.08,0.0,0.0,0.0,0.0,0.0,0.0,0.5863,-0.24023,-1.0641,0.00241,-0.62212
261.58,ETH-28JUN19,1558781944144,open,0.27,590.0,0.253,0.332,0.292411,98.71,0.296,0.0,ETH-28JUN19-190-C,257.08,0.0,0.01,15.0,0.53,23.0,383.65,0.15224,-0.2218,0.14448,0.00243,0.88754
261.58,ETH-28JUN19,1558781944144,open,0.65,0.0,0.617,0.696,0.656099,124.66,None,0.0,ETH-28JUN19-90-C,257.08,0.0,0.003,3.0,0.0,0.0,0.0,0.00354,-0.00651,0.08316,4e-05,0.99865
257.08,index_price,1558781944143,open,0.03,1035.0,0.001,0.063,0.022354,99.23,0.034,0,ETH-31MAY19-240-P,257.08,81.16,0.015,200.0,0.026,250.0,107.8,0.1081,-0.91278,-0.01215,0.01024,-0.27126
263.71,ETH-27SEP19,1558781944144,open,0.62,0.0,0.587,0.666,0.626815,96.86,None,0.0,ETH-27SEP19-100-C,257.08,0.0,0.003,10.0,0.0,0.0,0.0,0.08415,-0.03264,0.31591,0.00037,0.97697
263.71,ETH-27SEP19,1558781944144,open,0.15,373.0,0.119,0.198,0.158892,98.99,0.139,0.0,ETH-27SEP19-320-C,257.08,96.89,0.154,30.0,0.167,100.0,102.46,0.61475,-0.24365,0.29169,0.00261,0.48219
257.08,index_price,1558781944143,open,0.06,42.0,0.029,0.108,0.068769,98.76,0.068,0,ETH-7JUN19-260-C,257.08,100.4,0.07,150.0,0.078,150.0,111.09,0.19253,-0.73835,0.04026,0.00836,0.5127
263.71,ETH-27SEP19,1558781944144,open,0.07,1232.0,0.035,0.114,0.07435,107.18,0.067,0.0,ETH-27SEP19-480-C,257.08,105.4,0.071,20.0,0.079,100.0,109.61,0.50079,-0.21491,0.16792,0.00196,0.26047
257.08,index_price,1558781944143,open,0.03,0.0,0.001,0.075,0.035609,106.51,None,0,ETH-7JUN19-290-C,257.08,101.0,0.032,200.0,0.039,200.0,111.61,0.1698,-0.70233,0.02468,0.00684,0.30774
263.71,ETH-27SEP19,1558781944144,open,1.24,0.0,1.093,1.267,1.180112,111.58,None,0.0,ETH-27SEP19-560-P,257.08,0.0,0.0,0.0,0.0,0.0,0.0,0.43693,-0.1952,-1.78292,0.00165,-0.79604
257.08,index_price,1558781944143,open,0.0,0.0,0.001,0.043,0.003434,98.72,None,0,ETH-7JUN19-190-P,257.08,79.3,0.001,250.0,0.005,250.0,107.04,0.04363,-0.16726,-0.00416,0.0019,-0.04241
257.08,index_price,1558781944143,open,0.01,1149.0,0.001,0.047,0.007127,113.24,0.008,0,ETH-31MAY19-310-C,257.08,103.55,0.005,10.0,0.008,45.0,116.82,0.061,-0.58776,0.00422,0.00506,0.10916
263.71,ETH-27SEP19,1558781944144,open,0.18,1324.0,0.124,0.217,0.170812,96.81,0.184,0.0,ETH-27SEP19-240-P,257.08,93.59,0.164,40.0,0.175,80.0,98.8,0.55623,-0.21562,-0.44871,0.00241,-0.32653
257.08,index_price,1558781944143,open,0.01,51.0,0.001,0.056,0.016763,109.37,0.015,0,ETH-7JUN19-320-C,257.08,105.55,0.015,200.0,0.019,200.0,114.01,0.12115,-0.51454,0.01369,0.00475,0.16776
263.71,ETH-27SEP19,1558781944144,open,0.02,7287.0,0.001,0.054,0.013909,96.82,0.015,0.0,ETH-27SEP19-120-P,257.08,87.4,0.009,50.0,0.014,50.0,96.98,0.1517,-0.05881,-0.05506,0.00066,-0.04711
263.71,ETH-27SEP19,1558781944144,open,0.69,0.0,0.66,0.739,0.699048,100.21,None,0.0,ETH-27SEP19-80-C,257.08,0.0,0.003,10.0,0.0,0.0,0.0,0.04095,-0.01643,0.26254,0.00017,0.99005
263.71,ETH-27SEP19,1558781944145,open,0.55,147.0,0.519,0.598,0.558881,96.85,0.45,0.0,ETH-27SEP19-120-C,257.08,0.0,0.037,5.0,0.0,0.0,0.0,0.15179,-0.05886,0.35545,0.00066,0.95285
257.08,index_price,1558781944143,open,0.0,555.0,0.001,0.04,0.000949,134.47,0.005,0,ETH-31MAY19-180-P,257.08,0.0,0.0,0.0,0.004,100.0,172.85,0.01224,-0.14002,-0.00065,0.00086,-0.01484
257.08,index_price,1558781944143,open,0.04,1.0,0.006,0.085,0.045643,105.88,0.04,0,ETH-7JUN19-280-C,257.08,100.73,0.042,200.0,0.049,200.0,110.6,0.18242,-0.75006,0.02948,0.00739,0.3707
257.08,index_price,1558781944143,open,0.21,2.0,0.189,0.268,0.228672,98.84,0.218,0,ETH-7JUN19-200-C,257.08,107.06,0.231,50.0,0.238,50.0,127.52,0.06778,-0.26015,0.06322,0.00294,0.92582
261.58,ETH-28JUN19,1558781944145,open,0.31,3366.0,0.285,0.364,0.324581,98.71,0.259,0.0,ETH-28JUN19-180-C,257.08,0.0,0.005,15.0,1.0,1.0,500.0,0.12043,-0.17546,0.14412,0.00192,0.91824
261.58,ETH-28JUN19,1558781944145,open,0.02,3116.0,0.001,0.059,0.018767,98.71,0.021,0.0,ETH-28JUN19-190-P,257.08,93.82,0.016,200.0,0.017,120.0,95.62,0.15224,-0.2218,-0.03186,0.00243,-0.11246
261.58,ETH-28JUN19,1558781944145,open,0.24,51.0,0.171,0.268,0.219492,102.82,0.226,0.0,ETH-28JUN19-300-P,257.08,100.68,0.217,120.0,0.228,120.0,110.06,0.30562,-0.46381,-0.20152,0.00468,-0.6106
261.58,ETH-28JUN19,1558781944145,open,0.0,4824.0,0.001,0.04,0.000939,124.66,0.001,0.0,ETH-28JUN19-110-P,257.08,0.0,0.0,0.0,0.002,315.0,138.74,0.01501,-0.02763,-0.00186,0.00019,-0.00674
257.08,index_price,1558781944143,open,0.01,1039.0,0.001,0.044,0.004182,110.28,0.005,0,ETH-31MAY19-210-P,257.08,102.3,0.003,2.0,0.006,250.0,120.62,0.04126,-0.38718,-0.00285,0.00352,-0.0648
257.08,index_price,1558781944143,open,0.29,0.0,0.212,0.311,0.261463,109.27,None,0,ETH-7JUN19-320-P,257.08,0.0,0.0,0.0,0.0,0.0,0.0,0.12102,-0.51352,-0.09921,0.00475,-0.83252
257.08,index_price,1558781944143,open,0.0,261.0,0.001,0.043,0.003591,130.64,0.001,0,ETH-31MAY19-340-C,257.08,117.34,0.002,10.0,0.005,300.0,139.8,0.03596,-0.39976,0.0021,0.00259,0.05438
257.08,index_price,1558781944143,open,0.32,0.0,0.3,0.379,0.339533,149.82,None,0,ETH-31MAY19-170-C,257.08,0.0,0.001,1.0,0.0,0.0,0.0,0.00988,-0.12591,0.02685,0.00062,0.98842
257.08,index_price,1558781944143,open,0.09,2.0,0.037,0.123,0.080088,98.7,0.093,0,ETH-7JUN19-260-P,257.08,87.91,0.072,150.0,0.08,150.0,98.59,0.19253,-0.73796,-0.05146,0.00837,-0.48733
257.08,index_price,1558781944143,open,0.36,0.0,0.274,0.379,0.326086,130.27,None,0,ETH-31MAY19-340-P,257.08,0.0,0.0,0.0,0.414,2.0,372.26,0.03567,-0.39543,-0.05265,0.00257,-0.94617
261.57,ETH-28JUN19,1558781944145,open,0.0,9841.0,0.001,0.042,0.002819,109.25,0.005,0.0,ETH-28JUN19-140-P,257.08,103.23,0.002,320.0,0.004,200.0,116.3,0.03933,-0.06342,-0.00565,0.00057,-0.02046
257.08,index_price,1558781944143,open,0.01,85.0,0.001,0.053,0.013241,110.94,0.016,0,ETH-7JUN19-330-C,257.08,110.36,0.013,3.0,0.015,250.0,115.11,0.10586,-0.45609,0.01122,0.00409,0.13694
261.57,ETH-28JUN19,1558781944145,open,0.11,2754.0,0.083,0.162,0.1222,98.72,0.116,0.0,ETH-28JUN19-260-C,257.08,94.38,0.117,200.0,0.127,120.0,102.73,0.31332,-0.45655,0.10814,0.005,0.56765
257.08,index_price,1558781944143,open,0.28,100.0,0.261,0.34,0.300805,135.04,0.256,0,ETH-31MAY19-180-C,257.08,0.0,0.001,1.0,0.391,2.0,495.46,0.01246,-0.14321,0.02831,0.00087,0.98484
257.08,index_price,1558781944143,open,0.01,337.0,0.001,0.047,0.007474,105.52,0.008,0,ETH-31MAY19-220-P,257.08,99.03,0.006,10.0,0.009,250.0,111.71,0.06104,-0.5481,-0.00483,0.00544,-0.10927
263.71,ETH-27SEP19,1558781944145,open,0.46,31.0,0.376,0.489,0.432576,100.42,0.501,0.0,ETH-27SEP19-340-P,257.08,95.83,0.422,30.0,0.44,30.0,103.63,0.60945,-0.24505,-0.89123,0.00255,-0.55524
257.08,index_price,1558781944143,open,0.17,0.0,0.098,0.188,0.143099,107.69,None,0,ETH-31MAY19-290-P,257.08,59.94,0.13,50.0,0.142,50.0,104.64,0.09347,-0.85655,-0.0387,0.00816,-0.79204
257.08,index_price,1558781944143,open,0.0,785.0,0.001,0.041,0.001783,110.28,0.002,0,ETH-31MAY19-200-P,257.08,99.94,0.001,3.0,0.002,165.0,112.63,0.02289,-0.21479,-0.00136,0.00195,-0.03114
263.71,ETH-27SEP19,1558781944146,open,0.11,2711.0,0.054,0.141,0.097343,96.82,0.105,0.0,ETH-27SEP19-200-P,257.08,92.56,0.09,40.0,0.099,40.0,97.77,0.45697,-0.17714,-0.28651,0.00198,-0.22021
263.71,ETH-27SEP19,1558781944146,open,0.25,2039.0,0.221,0.3,0.260756,96.83,0.245,0.0,ETH-27SEP19-240-C,257.08,93.63,0.254,30.0,0.266,80.0,99.32,0.55622,-0.21565,0.37236,0.00241,0.67347
257.08,index_price,1558781944143,open,0.02,60.0,0.001,0.059,0.019152,98.72,0.019,0,ETH-7JUN19-220-P,257.08,89.86,0.015,200.0,0.019,200.0,98.41,0.12468,-0.47795,-0.01765,0.00542,-0.17547
257.08,index_price,1558781944143,open,0.05,362.0,0.001,0.078,0.036913,99.17,0.045,0,ETH-31MAY19-250-P,257.08,80.73,0.028,200.0,0.038,2.0,101.4,0.12495,-1.05443,-0.01758,0.01184,-0.38787
257.08,index_price,1558781944143,open,0.28,0.0,0.2,0.299,0.249447,114.68,None,0,ETH-31MAY19-320-P,257.08,0.0,0.0,0.0,0.322,2.0,307.21,0.04668,-0.45553,-0.04856,0.00383,-0.92392
257.08,index_price,1558781944143,open,0.13,1.0,0.112,0.191,0.151743,105.66,0.113,0,ETH-31MAY19-220-C,257.08,97.94,0.15,50.0,0.161,50.0,138.71,0.06115,-0.54981,0.03057,0.00544,0.89045
257.08,index_price,1558781944143,open,0.1,79.0,0.078,0.157,0.11767,99.34,0.102,0,ETH-31MAY19-230-C,257.08,97.25,0.117,50.0,0.128,50.0,128.55,0.08317,-0.7031,0.02939,0.00787,0.82796
257.08,index_price,1558781944143,open,0.02,95.0,0.001,0.067,0.027682,107.29,0.023,0,ETH-7JUN19-300-C,257.08,102.77,0.025,200.0,0.031,200.0,112.74,0.15437,-0.64318,0.02042,0.00617,0.25289
257.08,index_price,1558781944143,open,0.02,1.0,0.001,0.052,0.011674,98.72,0.011,0,ETH-7JUN19-210-P,257.08,88.12,0.008,250.0,0.012,250.0,99.59,0.09561,-0.36651,-0.01178,0.00415,-0.11827
257.08,index_price,1558781944143,open,0.02,627.0,0.001,0.052,0.012299,99.23,0.012,0,ETH-31MAY19-230-P,257.08,81.41,0.007,200.0,0.013,20.0,101.39,0.0831,-0.70175,-0.00762,0.00787,-0.17181
263.71,ETH-27SEP19,1558781944146,open,0.66,0.0,0.558,0.687,0.622601,103.44,None,0.0,ETH-27SEP19-400-P,257.08,0.0,0.0,0.0,0.0,0.0,0.0,0.57116,-0.23655,-1.14842,0.00232,-0.65029
257.08,index_price,1558781944143,open,0.24,95.0,0.222,0.301,0.261614,110.96,0.199,0,ETH-31MAY19-190-C,257.08,0.0,0.0,0.0,0.344,2.0,428.75,0.01111,-0.10495,0.03001,0.00094,0.98673
257.08,index_price,1558781944143,open,0.13,0.0,0.068,0.156,0.112226,107.72,None,0,ETH-31MAY19-280-P,257.08,71.63,0.098,50.0,0.112,50.0,107.2,0.11146,-1.02167,-0.03407,0.00973,-0.71108
257.08,index_price,1558781944143,open,0.04,50.0,0.001,0.07,0.029495,98.72,0.031,0,ETH-7JUN19-230-P,257.08,89.21,0.024,200.0,0.03,200.0,99.57,0.1515,-0.58077,-0.02482,0.00658,-0.24414
257.08,index_price,1558781944143,open,0.25,0.0,0.179,0.276,0.227336,108.19,None,0,ETH-7JUN19-310-P,257.08,76.56,0.213,50.0,0.221,50.0,95.7,0.13768,-0.57844,-0.0926,0.00546,-0.79377
257.08,index_price,1558781944143,open,0.2,0.0,0.13,0.224,0.176989,109.44,None,0,ETH-31MAY19-300-P,257.08,0.0,0.163,50.0,0.175,50.0,102.38,0.07558,-0.70385,-0.04256,0.00649,-0.8514
257.08,index_price,1558781944143,open,0.17,2.0,0.148,0.227,0.187348,110.47,0.138,0,ETH-31MAY19-210-C,257.08,92.86,0.185,50.0,0.196,50.0,150.8,0.04141,-0.38932,0.03094,0.00352,0.93489
257.08,index_price,1558781944143,open,0.05,162.0,0.025,0.104,0.064491,99.24,0.065,0,ETH-31MAY19-250-C,257.08,96.18,0.063,5.0,0.076,200.0,122.82,0.12496,-1.05529,0.02266,0.01183,0.61208
257.08,index_price,1558781944145,open,0.03,821.0,0.001,0.07,0.030664,100.25,0.028,0,ETH-31MAY19-270-C,257.08,92.58,0.027,200.0,0.029,3.0,96.78,0.12355,-1.05402,0.0142,0.01158,0.37376
257.08,index_price,1558781944144,open,0.04,710.0,0.004,0.083,0.043358,95.98,0.045,0,ETH-31MAY19-260-C,257.08,91.32,0.041,150.0,0.045,4.0,99.23,0.13006,-1.06226,0.01837,0.01274,0.48729
257.08,index_price,1558781944144,open,0.0,5.0,0.001,0.04,0.00078,149.14,0.002,0,ETH-31MAY19-170-P,257.08,0.0,0.0,0.0,0.002,50.0,172.34,0.00967,-0.12268,-0.0005,0.00061,-0.0113
261.58,ETH-28JUN19,1558781944151,open,0.22,551.0,0.194,0.273,0.233506,98.71,0.184,0.0,ETH-28JUN19-210-C,257.08,89.36,0.226,80.0,0.234,40.0,99.31,0.21571,-0.31428,0.14014,0.00344,0.81077
263.71,ETH-27SEP19,1558781944161,open,0.46,31.0,0.376,0.489,0.432576,100.42,0.501,0.0,ETH-27SEP19-340-P,257.08,96.27,0.423,30.0,0.44,30.0,103.63,0.60945,-0.24505,-0.89123,0.00255,-0.55524
8253.77,BTC-27SEP19,1558781944174,open,1.76,0.0,1.611,1.828,1.71935682,98.31,None,0.0,BTC-27DEC19-22000-P,8103.4,0.0,0.0075,2.0,2.579,0.3,500.0,16.6047,-3.78076,-124.00254,4e-05,-0.82088
257.08,index_price,1558781944169,open,0.07,2.0,0.018,0.102,0.059891,98.71,0.066,0,ETH-7JUN19-250-P,257.08,89.23,0.053,200.0,0.06,200.0,98.86,0.18701,-0.71683,-0.04206,0.00813,-0.40388
257.08,index_price,1558781944176,open,0.05,162.0,0.025,0.104,0.064491,99.24,0.065,0,ETH-31MAY19-250-C,257.08,96.18,0.063,5.0,0.075,150.0,120.78,0.12496,-1.05529,0.02266,0.01183,0.61208
257.08,index_price,1558781944200,open,0.18,0.0,0.118,0.21,0.163618,106.45,None,0,ETH-7JUN19-290-P,257.08,84.88,0.15,150.0,0.158,150.0,97.81,0.16976,-0.70174,-0.07763,0.00684,-0.69242
257.08,index_price,1558781944204,open,0.06,42.0,0.029,0.108,0.068769,98.76,0.068,0,ETH-7JUN19-260-C,257.08,99.06,0.069,150.0,0.078,150.0,111.09,0.19253,-0.73835,0.04026,0.00836,0.5127
261.57,ETH-28JUN19,1558781944218,open,0.11,2754.0,0.083,0.162,0.1222,98.72,0.116,0.0,ETH-28JUN19-260-C,257.08,94.38,0.117,200.0,0.126,120.0,101.9,0.31332,-0.45655,0.10814,0.005,0.56765
257.08,index_price,1558781944222,open,0.1,2.0,0.038,0.124,0.08088,100.16,0.111,0,ETH-31MAY19-270-P,257.08,74.83,0.069,150.0,0.085,150.0,108.69,0.12354,-1.053,-0.02927,0.01159,-0.62639
257.08,index_price,1558781944231,open,0.21,117.0,0.184,0.263,0.223846,110.62,0.17,0,ETH-31MAY19-200-C,257.08,0.0,0.222,50.0,0.233,50.0,167.89,0.02311,-0.21757,0.03082,0.00196,0.96849
263.71,ETH-27SEP19,1558781944236,open,0.12,1098.0,0.089,0.168,0.1288,101.36,0.128,0.0,ETH-27SEP19-360-C,257.08,98.8,0.123,40.0,0.135,100.0,104.08,0.5995,-0.24331,0.25335,0.00249,0.40961
257.08,index_price,1558781944244,open,0.2,0.0,0.13,0.224,0.176989,109.44,None,0,ETH-31MAY19-300-P,257.08,0.0,0.164,50.0,0.175,50.0,102.38,0.07558,-0.70385,-0.04256,0.00649,-0.8514
261.58,ETH-28JUN19,1558781944249,open,0.13,1989.0,0.072,0.16,0.11616,98.71,0.139,0.0,ETH-28JUN19-260-P,257.08,96.91,0.114,120.0,0.119,3.0,101.08,0.31333,-0.45649,-0.13315,0.005,-0.43231
257.08,index_price,1558781944271,open,0.1,2.0,0.038,0.124,0.08088,100.16,0.111,0,ETH-31MAY19-270-P,257.08,77.02,0.07,150.0,0.085,150.0,108.69,0.12354,-1.053,-0.02927,0.01159,-0.62639
257.08,index_price,1558781944280,open,0.08,139.0,0.049,0.128,0.088829,99.31,0.078,0,ETH-31MAY19-240-C,257.08,92.52,0.086,50.0,0.1,50.0,125.08,0.10813,-0.91381,0.02648,0.01023,0.7286
257.08,index_price,1558781944292,open,0.1,0.0,0.07,0.149,0.109498,98.77,None,0,ETH-7JUN19-240-C,257.08,99.51,0.11,150.0,0.118,150.0,111.31,0.17302,-0.6636,0.0516,0.00751,0.67845
257.08,index_price,1558781944297,open,0.08,102.0,0.048,0.127,0.087469,98.76,0.078,0,ETH-7JUN19-250-C,257.08,99.49,0.088,150.0,0.096,150.0,110.48,0.18701,-0.71721,0.04613,0.00812,0.59611
257.08,index_price,1558781944305,open,0.2,0.0,0.13,0.224,0.176989,109.44,None,0,ETH-31MAY19-300-P,257.08,0.0,0.164,50.0,0.176,50.0,106.01,0.07558,-0.70385,-0.04256,0.00649,-0.8514
257.08,index_price,1558781944310,open,0.24,50.0,0.165,0.261,0.21293,113.04,0.235,0,ETH-31MAY19-310-P,257.08,0.0,0.199,50.0,0.21,50.0,99.12,0.06081,-0.585,-0.0457,0.00506,-0.89129
257.08,index_price,1558781944324,open,0.24,50.0,0.165,0.261,0.21293,113.04,0.235,0,ETH-31MAY19-310-P,257.08,0.0,0.199,50.0,0.211,50.0,104.29,0.06081,-0.585,-0.0457,0.00506,-0.89129
263.71,ETH-27SEP19,1558781944326,open,0.34,36.0,0.264,0.368,0.316293,98.21,0.345,0.0,ETH-27SEP19-300-P,257.08,95.08,0.309,30.0,0.325,30.0,101.95,0.61415,-0.24149,-0.7139,0.00263,-0.47498
257.08,index_price,1558781944444,open,0.18,0.0,0.118,0.21,0.163651,106.45,None,0,ETH-7JUN19-290-P,257.08,86.55,0.151,1.0,0.158,150.0,97.81,0.16976,-0.70174,-0.07763,0.00684,-0.69242
8103.4,index_price,1558781944715,open,0.06,18.4,0.0315,0.111,0.0710937,86.75,0.0645,0,BTC-7JUN19-8000-C,8103.4,85.95,0.0705,0.2,0.0755,0.2,92.71,5.99429,-20.19298,1.40806,0.0003,0.56367
8103.4,index_price,1558781944732,open,0.06,18.4,0.0315,0.111,0.0710937,86.75,0.0645,0,BTC-7JUN19-8000-C,8103.4,86.62,0.071,0.2,0.0755,0.2,92.71,5.99429,-20.19298,1.40806,0.0003,0.56367
261.57,ETH-28JUN19,1558781944877,open,0.03,3023.0,0.001,0.067,0.026583,98.7,0.034,0.0,ETH-28JUN19-200-P,257.08,93.51,0.023,200.0,0.028,280.0,100.69,0.18455,-0.26884,-0.0425,0.00294,-0.14849
263.71,ETH-27SEP19,1558781945094,open,0.17,1472.0,0.139,0.218,0.17871,98.22,0.164,0.0,ETH-27SEP19-300-C,257.08,96.2,0.174,30.0,0.187,100.0,101.78,0.61415,-0.24153,0.31247,0.00263,0.52506
8103.4,index_price,1558781945116,open,0.38,0.0,0.304,0.4125,0.35824482,109.5,None,0,BTC-31MAY19-11000-P,8103.4,0.0,0.0,0.0,0.4055,0.1,289.33,0.4241,-3.95166,-1.75017,4e-05,-0.98343
8253.79,BTC-27SEP19,1558781945129,open,0.02,137.4,0.0005,0.06,0.02006695,102.32,0.019,0.0,BTC-27SEP19-22000-C,8103.27,97.18,0.0155,5.0,0.021,5.0,103.29,7.85941,-3.21982,1.98333,3e-05,0.0903
8253.79,BTC-27SEP19,1558781945129,open,0.56,6.1,0.4775,0.6,0.53873595,88.84,1.781,0.0,BTC-27SEP19-12000-P,8103.27,0.0,0.0105,0.1,1.282,0.3,500.0,17.32355,-6.16228,-34.34073,8e-05,-0.67737
8219.2,BTC-28JUN19,1558781945130,open,0.01,739.3,0.0005,0.0455,0.00549348,101.63,0.0075,0.0,BTC-28JUN19-5000-P,8103.27,97.57,0.0045,8.0,0.0065,1.0,105.36,2.12221,-3.18341,-0.34087,3e-05,-0.03919
8219.07,BTC-28JUN19,1558781945131,open,0.03,285.3,0.0005,0.0675,0.02646646,90.11,0.027,0.0,BTC-28JUN19-6500-P,8103.27,88.12,0.025,16.0,0.028,3.0,92.16,6.10695,-8.12235,-1.42688,0.00011,-0.16059
8253.79,BTC-27SEP19,1558781945131,open,0.42,793.5,0.3895,0.469,0.42930893,88.67,0.425,0.0,BTC-27SEP19-5000-C,8103.27,0.0,0.1105,2.0,0.7085,5.0,298.93,9.08662,-3.22609,13.00498,4e-05,0.88985
8253.79,BTC-27SEP19,1558781945131,open,0.64,226.1,0.603,0.6825,0.64294995,102.0,0.585,0.0,BTC-27SEP19-3000-C,8103.27,0.0,0.0065,0.1,0.954,5.0,500.0,2.63463,-1.07601,9.43184,1e-05,0.97696
8103.27,index_price,1558781945129,open,0.25,0.0,0.223,0.3025,0.26288045,97.56,None,0,BTC-7JUN19-6000-C,8103.27,0.0,0.0,0.0,0.0,0.0,0.0,1.35578,-5.1364,1.98794,6e-05,0.95833
8253.79,BTC-27SEP19,1558781945131,open,0.26,1044.6,0.229,0.3085,0.26889746,85.96,0.2575,0.0,BTC-27SEP19-7000-C,8103.27,83.48,0.264,5.0,0.2735,5.0,88.29,16.28682,-5.60559,12.70268,8e-05,0.71874
8253.79,BTC-27SEP19,1558781945131,open,0.02,159.1,0.0005,0.056,0.01555897,92.78,0.019,0.0,BTC-27SEP19-4000-P,8103.27,89.47,0.0135,5.0,0.018,15.0,96.45,5.30207,-1.96958,-1.96749,2e-05,-0.05412
8253.79,BTC-27SEP19,1558781945131,open,0.46,3.2,0.3805,0.495,0.43763117,87.78,0.481,0.0,BTC-27SEP19-11000-P,8103.27,0.0,0.0075,0.1,1.168,0.3,500.0,18.39768,-6.46638,-29.83549,9e-05,-0.61893
8103.27,index_price,1558781945129,open,0.25,503.2,0.2205,0.3,0.26048405,115.39,0.2595,0,BTC-31MAY19-6000-C,8103.27,0.0,0.1205,3.0,0.2905,0.2,271.21,0.42817,-4.20422,0.9428,4e-05,0.98324
8253.79,BTC-27SEP19,1558781945132,open,0.01,374.8,0.0005,0.05,0.00966724,95.77,0.012,0.0,BTC-27SEP19-3500-P,8103.27,90.67,0.0075,5.0,0.012,5.0,100.65,3.73277,-1.43141,-1.26209,2e-05,-0.03503
8253.79,BTC-27SEP19,1558781945130,open,0.17,29.3,0.119,0.212,0.16539085,83.99,0.198,0.0,BTC-27DEC19-7000-P,8103.27,80.76,0.157,5.0,0.169,5.0,85.38,21.42703,-4.16847,-21.82122,6e-05,-0.28162
8253.79,BTC-27SEP19,1558781945132,open,0.67,0.0,0.5795,0.7105,0.64484842,90.16,None,0.0,BTC-27SEP19-13000-P,8103.27,0.0,0.0065,0.1,1.3965,0.3,500.0,16.10866,-5.81497,-38.68241,8e-05,-0.72501
8253.79,BTC-27SEP19,1558781945132,open,0.89,0.0,0.7905,0.939,0.86481422,91.89,None,0.0,BTC-27SEP19-15000-P,8103.27,0.0,0.0065,0.1,1.627,0.3,500.0,13.50364,-4.96836,-47.02003,6e-05,-0.8003
8219.07,BTC-28JUN19,1558781945132,open,0.0,1396.0,0.0005,0.04,6.7e-07,135.0,0.001,0.0,BTC-28JUN19-1500-P,8103.27,0.0,0.0,0.0,0.0005,11.0,220.68,0.00081,-0.00161,-6e-05,0.0,-1e-05
8103.27,index_price,1558781945129,open,0.0,98.5,0.0005,0.041,0.00116044,105.38,0.002,0,BTC-31MAY19-6250-P,8103.27,102.89,0.001,2.5,0.0015,15.0,110.04,0.54511,-4.88844,-0.03056,5e-05,-0.02227
8103.27,index_price,1558781945129,open,0.26,0.0,0.197,0.296,0.24654192,97.12,None,0,BTC-7JUN19-10000-P,8103.27,0.0,0.0,0.0,0.0,0.0,0.0,3.45518,-13.03042,-3.15118,0.00015,-0.85585
8219.07,BTC-28JUN19,1558781945133,open,0.18,963.7,0.151,0.2305,0.19083524,88.97,0.1825,0.0,BTC-28JUN19-7000-C,8103.27,84.28,0.1865,5.0,0.194,5.0,92.35,7.66476,-10.06555,4.39233,0.00014,0.76664
8219.07,BTC-28JUN19,1558781945133,open,0.51,322.4,0.4755,0.555,0.51535348,117.49,0.451,0.0,BTC-28JUN19-4000-C,8103.27,0.0,0.0605,3.0,0.674,0.5,448.92,0.90586,-1.57081,3.58845,1e-05,0.98578
8103.27,index_price,1558781945131,open,0.0,246.1,0.0005,0.04,5e-07,135.0,0.0005,0,BTC-31MAY19-4000-P,8103.27,0.0,0.0,0.0,0.0005,5.0,228.83,0.00059,-0.00402,-2e-05,0.0,-1e-05
8103.27,index_price,1558781945129,open,0.03,124.2,0.0005,0.0695,0.02965079,91.03,0.0265,0,BTC-7JUN19-9000-C,8103.27,86.14,0.0265,0.1,0.033,1.0,96.12,5.2805,-18.66568,0.7688,0.00025,0.2986
8253.66,BTC-27SEP19,1558781945130,open,1.06,0.0,0.9495,1.1115,1.03029066,93.01,None,0.0,BTC-27DEC19-16000-P,8103.27,0.0,0.006,5.0,1.8635,0.2,500.0,21.55346,-4.64316,-85.19217,6e-05,-0.7149
8103.27,index_price,1558781945130,open,0.22,307.6,0.19,0.2695,0.22987925,105.57,0.1635,0,BTC-31MAY19-6250-C,8103.27,0.0,0.018,6.0,0.25,0.1,213.45,0.54869,-4.92907,0.97531,5e-05,0.97756
8253.66,BTC-27SEP19,1558781945134,open,0.36,5.7,0.2875,0.3945,0.34103572,86.11,0.334,0.0,BTC-27SEP19-10000-P,8103.27,83.28,0.3345,3.0,0.3505,3.0,90.19,19.0995,-6.58501,-25.20094,0.0001,-0.55142
8253.66,BTC-27SEP19,1558781945130,open,0.41,56.9,0.377,0.4565,0.41660637,84.22,0.436,0.0,BTC-27DEC19-5500-C,8103.27,0.0,0.0065,1.0,0.983,5.0,500.0,16.11821,-3.14423,20.13506,5e-05,0.82908
8103.27,index_price,1558781945129,open,0.02,15.0,0.0005,0.0585,0.01883148,93.45,0.0185,0,BTC-7JUN19-9500-C,8103.27,88.04,0.016,20.0,0.021,0.3,97.43,4.34424,-15.76496,0.53674,0.0002,0.2066
8103.27,index_price,1558781945130,open,0.22,0.0,0.1585,0.255,0.20676208,94.83,None,0,BTC-31MAY19-9750-P,8103.27,0.0,0.0,0.0,0.251,0.2,223.3,1.3772,-11.11395,-1.48312,0.00014,-0.93021
8103.27,index_price,1558781945129,open,0.0,48.7,0.0005,0.043,0.00331039,97.49,0.0035,0,BTC-7JUN19-6000-P,8103.27,84.2,0.0015,25.0,0.0055,11.0,108.85,1.35313,-5.12264,-0.12829,6e-05,-0.04157
8103.27,index_price,1558781945130,open,0.31,0.0,0.2455,0.3485,0.29693161,100.9,None,0,BTC-31MAY19-10500-P,8103.27,0.0,0.0,0.0,0.3425,0.2,261.88,0.60096,-5.16012,-1.65916,6e-05,-0.975
8253.66,BTC-27SEP19,1558781945129,open,0.09,70.4,0.04,0.126,0.08296852,84.22,0.092,0.0,BTC-27DEC19-5500-P,8103.27,81.4,0.0775,14.0,0.087,14.0,86.28,16.11796,-3.14402,-12.39352,5e-05,-0.17092
8253.66,BTC-27SEP19,1558781945130,open,0.0,85.9,0.0005,0.0435,0.00373096,96.51,0.0025,0.0,BTC-27DEC19-2000-P,8103.27,79.45,0.001,6.0,0.0065,1.9,106.76,1.87794,-0.41976,-0.73245,0.0,-0.01127
8103.27,index_price,1558781945129,open,0.1,6.3,0.067,0.1465,0.10664273,86.76,0.107,0,BTC-7JUN19-7500-C,8103.27,88.87,0.108,0.2,0.112,0.2,95.03,5.20147,-17.52526,1.72748,0.00026,0.71097
8103.27,index_price,1558781945130,open,0.0,633.8,0.0005,0.04,9.65e-06,135.0,0.0005,0,BTC-31MAY19-4500-P,8103.27,0.0,0.0,0.0,0.001,7.0,211.71,0.00837,-0.07821,-0.00029,0.0,-0.00022
8103.27,index_price,1558781945130,open,0.0,0.252,0.3555,0.30381891,99.61,None,0,BTC-7JUN19-10500-P,8103.27,0.0,0.0,0.0,0.0,0.0,0.0,2.6372,-10.20084,-3.44605,0.00011,-0.90173
8103.27,index_price,1558781945130,open,0.01,5.6,0.0005,0.052,0.01249201,97.16,0.0125,0,BTC-7JUN19-10000-C,8103.27,94.8,0.0115,4.5,0.016,25.0,104.99,3.45736,-13.04488,0.37674,0.00015,0.14429
8103.27,index_price,1558781945132,open,0.31,529.3,0.282,0.3615,0.3217289,131.42,0.232,0,BTC-31MAY19-5500-C,8103.27,0.0,0.1605,2.0,0.352,0.1,322.91,0.22614,-2.52891,0.87429,2e-05,0.99197
8103.27,index_price,1558781945132,open,0.02,318.2,0.0005,0.055,0.01474917,85.98,0.013,0,BTC-31MAY19-7500-P,8103.27,81.28,0.013,4.6,0.0135,0.9,82.64,3.06396,-22.41666,-0.30948,0.00034,-0.2225
8103.27,index_price,1558781945131,open,0.0,318.6,0.0005,0.0415,0.00161941,97.15,0.002,0,BTC-31MAY19-6500-P,8103.27,89.39,0.001,25.0,0.0025,40.0,105.61,0.74059,-6.12259,-0.04404,7e-05,-0.03214
8219.07,BTC-28JUN19,1558781945136,open,0.01,298.7,0.0005,0.05,0.01038213,98.69,0.01,0.0,BTC-28JUN19-13000-C,8103.27,94.5,0.0085,20.0,0.011,0.1,99.98,3.88365,-5.65735,0.56639,6e-05,0.08463
8103.27,index_price,1558781945130,open,0.44,0.0,0.3635,0.4765,0.41993565,122.05,None,0,BTC-31MAY19-11500-P,8103.27,0.0,0.0,0.0,0.469,0.2,316.14,0.37832,-3.92924,-1.83331,3e-05,-0.98549
8253.66,BTC-27SEP19,1558781945130,open,0.7,0.0,0.6655,0.745,0.7052113,94.8,None,0.0,BTC-27DEC19-2500-C,8103.27,0.0,0.018,3.0,0.989,0.5,500.0,3.40814,-0.74832,13.28696,1e-05,0.9774
8103.27,index_price,1558781945132,open,0.47,9.8,0.436,0.5155,0.4755312,148.64,0.212,0,BTC-31MAY19-4250-C,8103.27,0.0,0.006,0.5,0.505,0.1,468.27,0.00848,-0.10723,0.68386,0.0,0.99978
8103.27,index_price,1558781945129,open,0.0,62.0,0.0005,0.0405,0.00077826,122.53,0.0005,0,BTC-31MAY19-11500-C,8103.27,115.79,0.0005,20.0,0.001,10.1,126.8,0.38599,-4.02478,0.01836,3e-05,0.01485
8253.66,BTC-27SEP19,1558781945132,open,0.37,122.6,0.341,0.4205,0.3807004,84.22,0.385,0.0,BTC-27DEC19-6000-C,8103.27,44.24,0.3,0.3,0.45,0.1,115.4,18.14901,-3.54038,20.11717,5e-05,0.79281
8253.66,BTC-27SEP19,1558781945137,open,0.38,231.1,0.3445,0.424,0.38425671,88.06,0.3795,0.0,BTC-27SEP19-5500-C,8103.27,0.0,0.004,0.6,0.5,3.0,164.97,11.14965,-3.93145,13.21145,5e-05,0.85212
8253.66,BTC-27SEP19,1558781945134,open,0.14,21.0,0.0895,0.18,0.13482972,83.99,0.1455,0.0,BTC-27DEC19-6500-P,8103.27,81.16,0.128,5.0,0.1395,9.0,85.93,19.92063,-3.8753,-18.50416,6e-05,-0.24423
8103.27,index_price,1558781945129,open,0.04,90.0,0.0005,0.073,0.03218016,86.74,0.032,0,BTC-7JUN19-7500-P,8103.27,83.33,0.03,1.0,0.033,1.0,88.02,5.20116,-17.51956,-0.91807,0.00026,-0.28899
8103.27,index_price,1558781945131,open,0.34,116.2,0.3125,0.392,0.3523715,135.62,0.293,0,BTC-31MAY19-5250-C,8103.27,0.0,0.072,2.0,0.3825,0.1,349.11,0.1366,-1.57653,0.83887,1e-05,0.99545
8103.27,index_price,1558781945134,open,0.37,80.9,0.3435,0.423,0.38307081,136.28,0.4,0,BTC-31MAY19-5000-C,8103.27,0.0,0.076,2.0,0.4135,0.1,378.47,0.06504,-0.75419,0.80215,0.0,0.99801
8103.27,index_price,1558781945130,open,0.0,37.9,0.0005,0.041,0.00117921,101.18,0.0015,0,BTC-31MAY19-10500-C,8103.27,0.0,0.0,0.0,0.0025,65.2,114.88,0.60776,-5.23295,0.03152,6e-05,0.02534
8103.27,index_price,1558781945129,open,0.21,0.0,0.144,0.2385,0.19117889,93.42,None,0,BTC-7JUN19-9500-P,8103.27,0.0,0.0,0.0,0.0,0.0,0.0,4.34291,-15.75424,-2.81472,0.0002,-0.79351
257.08,index_price,1558781945168,open,0.21,117.0,0.184,0.263,0.223817,110.29,0.17,0,ETH-31MAY19-200-C,257.08,99.42,0.223,50.0,0.233,50.0,167.89,0.0229,-0.21491,0.03083,0.00195,0.96885
8253.66,BTC-27SEP19,1558781945170,open,0.94,0.0,0.8405,0.993,0.91680463,91.02,None,0.0,BTC-27DEC19-15000-P,8103.27,0.0,0.006,10.0,1.745,0.2,500.0,22.30867,-4.70297,-78.56651,6e-05,-0.69268
8219.07,BTC-28JUN19,1558781945173,open,0.23,501.2,0.196,0.2755,0.2356307,90.14,0.2405,0.0,BTC-28JUN19-6500-C,8103.27,52.12,0.2135,2.0,0.6805,5.0,500.0,6.10847,-8.1272,4.60514,0.00011,0.83935
8253.66,BTC-27SEP19,1558781945191,open,0.07,148.1,0.03,0.1095,0.069811,90.16,0.0725,0.0,BTC-27SEP19-13000-C,8103.27,87.67,0.065,10.0,0.074,14.0,92.29,16.10811,-5.81477,5.79358,8e-05,0.27498
8253.66,BTC-27SEP19,1558781945191,open,0.11,121.3,0.0695,0.149,0.10913172,89.13,0.104,0.0,BTC-27DEC19-14000-C,8103.27,86.74,0.1025,4.0,0.115,10.0,91.21,23.1046,-4.76948,10.98952,6e-05,0.33426
257.08,index_price,1558781945192,open,0.1,0.0,0.07,0.149,0.109476,98.77,None,0,ETH-7JUN19-240-C,257.08,99.51,0.11,150.0,0.119,150.0,112.77,0.17302,-0.6636,0.0516,0.00751,0.67845
257.08,index_price,1558781945199,open,0.01,142.0,0.001,0.055,0.015081,107.81,0.014,0,ETH-31MAY19-290-C,257.08,96.04,0.011,200.0,0.016,1.0,110.3,0.09355,-0.85825,0.00799,0.00816,0.20826
263.71,ETH-27SEP19,1558781945215,open,0.46,31.0,0.376,0.489,0.432613,100.42,0.501,0.0,ETH-27SEP19-340-P,257.08,95.83,0.422,30.0,0.44,30.0,103.63,0.60945,-0.24505,-0.89123,0.00255,-0.55524
257.08,index_price,1558781945220,open,0.05,162.0,0.025,0.104,0.064469,99.24,0.065,0,ETH-31MAY19-250-C,257.08,96.18,0.063,5.0,0.076,200.0,122.82,0.12496,-1.05529,0.02266,0.01183,0.61208
257.08,index_price,1558781945226,open,0.06,42.0,0.029,0.108,0.068752,98.76,0.068,0,ETH-7JUN19-260-C,257.08,100.4,0.07,150.0,0.078,150.0,111.09,0.19253,-0.73835,0.04026,0.00836,0.5127
261.57,ETH-28JUN19,1558781945232,open,0.11,2754.0,0.083,0.162,0.122183,98.71,0.116,0.0,ETH-28JUN19-260-C,257.08,94.38,0.117,200.0,0.127,120.0,102.73,0.31332,-0.45649,0.10814,0.005,0.56764
261.57,ETH-28JUN19,1558781945238,open,0.0,7276.0,0.001,0.042,0.002844,98.7,0.007,0.0,ETH-28JUN19-150-P,257.08,93.03,0.002,250.0,0.003,120.0,99.64,0.04306,-0.06273,-0.00622,0.00069,-0.02277
257.08,index_price,1558781945236,open,0.1,2.0,0.038,0.124,0.080907,100.16,0.111,0,ETH-31MAY19-270-P,257.08,77.02,0.07,150.0,0.084,150.0,106.63,0.12354,-1.053,-0.02927,0.01159,-0.62639
257.08,index_price,1558781945242,open,0.2,0.0,0.13,0.224,0.177029,109.58,None,0,ETH-31MAY19-300-P,257.08,0.0,0.163,50.0,0.176,50.0,106.01,0.07569,-0.7058,-0.04255,0.00649,-0.85106
257.08,index_price,1558781945252,open,0.2,0.0,0.13,0.224,0.177029,109.58,None,0,ETH-31MAY19-300-P,257.08,0.0,0.163,50.0,0.175,50.0,102.38,0.07569,-0.7058,-0.04255,0.00649,-0.85106
261.57,ETH-28JUN19,1558781945274,open,0.0,2026.0,0.001,0.04,0.000162,124.65,0.001,0.0,ETH-28JUN19-90-P,257.08,0.0,0.0,0.0,0.0,0.0,0.0,0.00354,-0.00651,-0.00037,4e-05,-0.00135
263.71,ETH-27SEP19,1558781945320,open,0.94,0.0,0.819,0.97,0.894525,107.18,None,0.0,ETH-27SEP19-480-P,257.08,0.0,0.0,0.0,0.0,0.0,0.0,0.50078,-0.2149,-1.47429,0.00196,-0.73955
8219.0,BTC-28JUN19,1558781945345,open,0.02,402.5,0.0005,0.067,0.02710366,94.72,0.026,0.0,BTC-28JUN19-11000-C,8103.27,93.38,0.026,3.0,0.028,16.1,95.78,6.8669,-9.59981,1.26781,0.00012,0.19331
8253.66,BTC-27SEP19,1558781945347,open,0.82,0.0,0.7795,0.859,0.81948671,97.85,None,0.0,BTC-27DEC19-1500-C,8103.27,0.0,0.024,10.0,0.992,0.5,500.0,0.77165,-0.17488,8.61087,0.0,0.99588
8219.0,BTC-28JUN19,1558781945412,open,0.69,24.4,0.656,0.7355,0.69595736,135.72,0.5115,0.0,BTC-28JUN19-2500-C,8103.27,0.0,0.0025,0.5,0.821,1.0,500.0,0.08564,-0.17157,2.3115,0.0,0.99898
8219.0,BTC-28JUN19,1558781945421,open,0.28,1832.2,0.246,0.3255,0.28556516,91.96,0.283,0.0,BTC-28JUN19-6000-C,8103.27,0.0,0.2625,2.0,0.294,7.0,106.14,4.49711,-6.10384,4.66233,8e-05,0.89677
8103.27,index_price,1558781945577,open,0.02,71.5,0.0005,0.056,0.01538742,87.09,0.017,0,BTC-7JUN19-7000-P,8103.27,80.69,0.0125,20.0,0.0185,20.0,93.61,3.76905,-12.74694,-0.51391,0.00019,-0.1644
8103.27,index_price,1558781945589,open,0.11,0.3,0.051,0.138,0.09470999,87.95,0.104,0,BTC-7JUN19-8500-P,8103.27,71.84,0.083,15.0,0.0935,3.0,86.3,5.94325,-20.29743,-1.93412,0.00029,-0.58191
8253.66,BTC-27SEP19,1558781945592,open,0.01,28.3,0.0005,0.0475,0.00739915,97.39,0.0095,0.0,BTC-27SEP19-3250-P,8103.27,91.82,0.0055,5.0,0.0095,5.0,102.71,3.04337,-1.18672,-0.98175,1e-05,-0.02737
8219.0,BTC-28JUN19,1558781945603,open,0.63,43.8,0.596,0.6755,0.63557068,135.24,0.6,0.0,BTC-28JUN19-3000-C,8103.27,0.0,0.002,1.0,0.798,2.0,500.0,0.29661,-0.59209,2.74938,0.0,0.996
8103.27,index_price,1558781945603,open,0.53,0.0,0.4975,0.577,0.53722394,135.0,None,0,BTC-31MAY19-3750-C,8103.27,0.0,0.0065,0.5,0.0,0.0,0.0,0.00011,-0.00129,0.60366,0.0,1.0
8103.27,index_price,1558781945713,open,0.06,18.4,0.0315,0.111,0.07108582,86.76,0.0645,0,BTC-7JUN19-8000-C,8103.27,85.96,0.0705,0.2,0.0755,0.2,92.72,5.99428,-20.19546,1.40792,0.0003,0.56363
8103.27,index_price,1558781945725,open,0.06,18.4,0.0315,0.111,0.07108582,86.76,0.0645,0,BTC-7JUN19-8000-C,8103.27,86.63,0.071,0.2,0.0755,0.2,92.72,5.99428,-20.19546,1.40792,0.0003,0.56363
8253.66,BTC-27SEP19,1558781945846,open,0.21,36.0,0.151,0.2465,0.19862511,83.99,0.2095,0.0,BTC-27DEC19-7500-P,8103.27,81.22,0.191,5.0,0.204,5.0,85.95,22.66195,-4.40856,-25.25537,7e-05,-0.31875
8253.66,BTC-27SEP19,1558781945850,open,0.2,1029.1,0.17,0.2495,0.20970864,85.3,0.208,0.0,BTC-27SEP19-8000-C,8103.27,83.41,0.2055,3.0,0.2115,2.0,86.11,18.34456,-6.26533,11.65607,9e-05,0.62249
8253.66,BTC-27SEP19,1558781945852,open,0.18,416.7,0.1475,0.227,0.18740052,84.42,0.195,0.0,BTC-27DEC19-10000-C,8103.27,82.98,0.183,3.0,0.1985,10.0,88.04,25.31219,-4.94917,15.82399,7e-05,0.51156
8253.66,BTC-27SEP19,1558781945853,open,0.27,21.2,0.206,0.306,0.25589015,86.05,0.2945,0.0,BTC-27SEP19-9000-P,8103.27,83.3,0.2495,3.0,0.264,3.0,89.54,19.19866,-6.61477,-20.4482,0.0001,-0.46825
8103.27,index_price,1558781945855,open,0.1,168.7,0.0745,0.154,0.11401201,87.57,0.116,0,BTC-31MAY19-7250-C,8103.27,92.54,0.1155,5.3,0.12,1.0,106.44,2.3462,-17.48427,0.96622,0.00025,0.85473
8103.27,index_price,1558781945856,open,0.03,99.2,0.0005,0.0755,0.0358661,86.86,0.034,0,BTC-31MAY19-8250-C,8103.27,83.14,0.034,15.4,0.0385,0.4,92.08,4.07787,-30.14121,0.54947,0.00044,0.4571
257.08,index_price,1558781945912,open,0.18,0.0,0.118,0.21,0.163651,106.5,None,0,ETH-7JUN19-290-P,257.08,86.55,0.151,1.0,0.159,150.0,99.37,0.16979,-0.70218,-0.07762,0.00684,-0.6923
263.71,ETH-27SEP19,1558781945914,open,0.17,1472.0,0.139,0.218,0.17871,98.22,0.164,0.0,ETH-27SEP19-300-C,257.08,95.77,0.173,30.0,0.187,100.0,101.78,0.61415,-0.24152,0.31247,0.00263,0.52504
257.08,index_price,1558781945921,open,0.13,1.0,0.112,0.191,0.151714,105.66,0.113,0,ETH-31MAY19-220-C,257.08,93.05,0.149,50.0,0.161,50.0,138.71,0.06115,-0.54981,0.03057,0.00544,0.89045
257.08,index_price,1558781945935,open,0.1,79.0,0.078,0.157,0.117642,99.25,0.102,0,ETH-31MAY19-230-C,257.08,94.07,0.116,50.0,0.128,50.0,128.55,0.08312,-0.70201,0.0294,0.00787,0.82814
257.08,index_price,1558781945940,open,0.21,117.0,0.184,0.263,0.223817,110.29,0.17,0,ETH-31MAY19-200-C,257.08,0.0,0.222,50.0,0.233,50.0,167.89,0.0229,-0.21491,0.03083,0.00195,0.96885
263.71,ETH-27SEP19,1558781945946,open,0.28,2.0,0.213,0.313,0.262529,97.05,0.737,0.0,ETH-27SEP19-280-P,257.08,94.66,0.257,30.0,0.271,110.0,100.76,0.60566,-0.23536,-0.62412,0.00262,-0.42926
257.08,index_price,1558781945951,open,0.22,0.0,0.147,0.242,0.194625,107.22,None,0,ETH-7JUN19-300-P,257.08,82.57,0.181,50.0,0.189,50.0,97.64,0.15431,-0.64247,-0.08542,0.00617,-0.7473
8253.66,BTC-27SEP19,1558781945964,open,0.18,416.7,0.1475,0.227,0.18740052,84.42,0.195,0.0,BTC-27DEC19-10000-C,8103.27,83.15,0.1835,3.0,0.1985,10.0,88.04,25.31219,-4.94917,15.82399,7e-05,0.51156
257.08,index_price,1558781945970,open,0.1,0.0,0.07,0.149,0.109476,98.77,None,0,ETH-7JUN19-240-C,257.08,99.51,0.11,150.0,0.118,150.0,111.31,0.17302,-0.6636,0.0516,0.00751,0.67845
257.08,index_price,1558781945977,open,0.01,142.0,0.001,0.055,0.015082,107.79,0.014,0,ETH-31MAY19-290-C,257.08,92.95,0.01,200.0,0.016,1.0,110.3,0.09353,-0.85796,0.00799,0.00816,0.20821
257.08,index_price,1558781945982,open,0.01,51.0,0.001,0.056,0.016757,109.36,0.015,0,ETH-7JUN19-320-C,257.08,103.31,0.014,200.0,0.019,200.0,114.01,0.12113,-0.51442,0.01369,0.00475,0.16772
263.71,ETH-27SEP19,1558781945989,open,0.46,31.0,0.376,0.489,0.432613,100.44,0.501,0.0,ETH-27SEP19-340-P,257.08,96.27,0.423,30.0,0.44,30.0,103.63,0.60946,-0.24509,-0.89122,0.00255,-0.55519
261.57,ETH-28JUN19,1558781945994,open,0.24,2090.0,0.222,0.301,0.261976,98.74,0.233,0.0,ETH-28JUN19-200-C,257.08,88.37,0.255,80.0,0.263,120.0,100.15,0.18461,-0.26905,0.14309,0.00294,0.85144
257.08,index_price,1558781945994,open,0.05,162.0,0.025,0.104,0.064468,99.24,0.065,0,ETH-31MAY19-250-C,257.08,96.18,0.063,5.0,0.075,150.0,120.78,0.12496,-1.05529,0.02266,0.01183,0.61208
257.08,index_price,1558781946000,open,0.06,42.0,0.029,0.108,0.068752,98.73,0.068,0,ETH-7JUN19-260-C,257.08,99.06,0.069,150.0,0.078,150.0,111.09,0.19253,-0.73818,0.04026,0.00836,0.51269
261.57,ETH-28JUN19,1558781946017,open,0.11,2754.0,0.083,0.162,0.122183,98.71,0.116,0.0,ETH-28JUN19-260-C,257.08,94.38,0.117,200.0,0.126,120.0,101.9,0.31332,-0.45649,0.10814,0.005,0.56764
257.08,index_price,1558781946019,open,0.08,139.0,0.049,0.128,0.088803,99.31,0.078,0,ETH-31MAY19-240-C,257.08,92.52,0.086,50.0,0.099,50.0,122.83,0.10813,-0.91381,0.02648,0.01023,0.7286
257.08,index_price,1558781946024,open,0.1,2.0,0.038,0.124,0.080906,100.16,0.111,0,ETH-31MAY19-270-P,257.08,77.02,0.07,150.0,0.085,150.0,108.69,0.12354,-1.053,-0.02927,0.01159,-0.62639
8253.66,BTC-27SEP19,1558781946029,open,0.27,21.2,0.206,0.306,0.25589015,86.05,0.2945,0.0,BTC-27SEP19-9000-P,8103.27,83.09,0.249,3.0,0.264,3.0,89.54,19.19866,-6.61477,-20.4482,0.0001,-0.46825
257.08,index_price,1558781946045,open,0.2,0.0,0.13,0.224,0.177029,109.58,None,0,ETH-31MAY19-300-P,257.08,0.0,0.164,50.0,0.175,50.0,102.38,0.07569,-0.7058,-0.04255,0.00649,-0.85106
8103.27,index_price,1558781946041,open,0.02,71.5,0.0005,0.056,0.01538742,87.1,0.017,0,BTC-7JUN19-7000-P,8103.27,79.54,0.012,20.0,0.0185,20.0,93.61,3.76926,-12.74853,-0.51396,0.00019,-0.16441
263.71,ETH-27SEP19,1558781946052,open,0.53,81.0,0.435,0.553,0.493926,101.36,0.489,0.0,ETH-27SEP19-360-P,257.08,96.97,0.484,30.0,0.502,30.0,104.9,0.59949,-0.24329,-0.9783,0.00249,-0.5904
261.57,ETH-28JUN19,1558781946074,open,0.11,2754.0,0.083,0.162,0.122183,98.71,0.116,0.0,ETH-28JUN19-260-C,257.08,94.38,0.117,80.0,0.126,120.0,101.9,0.31332,-0.45649,0.10814,0.005,0.56764
261.57,ETH-28JUN19,1558781946090,open,0.03,2101.0,0.001,0.074,0.034858,109.32,0.032,0.0,ETH-28JUN19-360-C,257.08,106.05,0.032,260.0,0.037,110.0,111.7,0.23222,-0.37468,0.04349,0.00335,0.21402
263.71,ETH-27SEP19,1558781946095,open,0.28,2.0,0.213,0.313,0.262529,97.05,0.737,0.0,ETH-27SEP19-280-P,257.08,94.66,0.257,30.0,0.271,80.0,100.76,0.60566,-0.23536,-0.62412,0.00262,-0.42926
257.08,index_price,1558781946101,open,0.2,0.0,0.13,0.224,0.177029,109.58,None,0,ETH-31MAY19-300-P,257.08,0.0,0.164,50.0,0.176,50.0,106.01,0.07569,-0.7058,-0.04255,0.00649,-0.85106
263.71,ETH-27SEP19,1558781946139,open,1.09,0.0,0.956,1.118,1.036697,109.65,None,0.0,ETH-27SEP19-520-P,257.01,0.0,0.0,0.0,0.0,0.0,0.0,0.46867,-0.20577,-1.6298,0.0018,-0.76973
257.01,index_price,1558781946139,open,0.05,10.0,0.019,0.098,0.058167,105.55,0.05,0,ETH-7JUN19-270-C,257.01,99.92,0.054,150.0,0.062,150.0,110.72,0.19043,-0.78057,0.03467,0.00774,0.44054
257.01,index_price,1558781946139,open,0.0,888.0,0.001,0.043,0.003215,117.17,0.005,0,ETH-31MAY19-330-C,257.01,0.0,0.0,0.0,0.006,300.0,133.88,0.03575,-0.35648,0.0021,0.00287,0.054
257.01,index_price,1558781946140,open,0.32,0.0,0.236,0.338,0.286862,114.57,None,0,ETH-31MAY19-330-P,257.01,0.0,0.0,0.0,0.367,2.0,337.5,0.03352,-0.32677,-0.05118,0.00275,-0.95022
8103.27,index_price,1558781946248,open,0.02,51.6,0.0005,0.0575,0.01780174,90.15,0.015,0,BTC-31MAY19-8750-C,8103.27,84.57,0.0155,20.0,0.016,0.9,85.79,3.39671,-26.05839,0.32841,0.00036,0.26957
8103.27,index_price,1558781946250,open,0.11,7.7,0.054,0.1415,0.09761273,90.11,0.0935,0,BTC-31MAY19-8750-P,8103.27,68.07,0.089,0.4,0.093,0.4,78.78,3.39602,-26.04109,-1.08027,0.00036,-0.73054
8103.27,index_price,1558781946454,open,0.08,250.7,0.0495,0.129,0.08920047,85.99,0.091,0,BTC-31MAY19-7500-C,8103.27,90.68,0.091,0.4,0.095,0.4,100.77,3.06414,-22.42049,0.89782,0.00034,0.77747
8103.27,index_price,1558781946455,open,0.06,91.3,0.028,0.1075,0.0678502,86.01,0.0695,0,BTC-31MAY19-7750-C,8103.27,87.41,0.0685,0.4,0.0725,0.4,96.12,3.68464,-26.96761,0.79633,0.00041,0.67833
8103.27,index_price,1558781946607,open,0.0,110.3,0.0005,0.0435,0.00356232,94.94,0.003,0,BTC-31MAY19-9750-C,8103.27,84.36,0.002,25.0,0.005,26.0,102.65,1.38086,-11.1561,0.0867,0.00014,0.07003
8103.27,index_price,1558781946679,open,0.02,51.6,0.0005,0.0575,0.01780174,90.15,0.015,0,BTC-31MAY19-8750-C,8103.27,84.57,0.0155,20.4,0.016,0.9,85.79,3.39671,-26.05839,0.32841,0.00036,0.26957
8103.27,index_price,1558781946680,open,0.09,55.7,0.032,0.1175,0.07470519,89.07,0.0735,0,BTC-31MAY19-8500-P,8103.27,71.35,0.0665,0.4,0.0705,0.4,80.09,3.83523,-29.0685,-0.9362,0.00041,-0.64299
8103.27,index_price,1558781946682,open,0.01,313.8,0.0005,0.052,0.01200961,91.02,0.0145,0,BTC-31MAY19-9000-C,8103.27,85.14,0.01,20.4,0.0135,25.0,95.16,2.85525,-22.11453,0.24176,0.0003,0.19735
8103.27,index_price,1558781946753,open,0.06,18.4,0.0315,0.111,0.07108584,86.76,0.0645,0,BTC-7JUN19-8000-C,8103.27,85.96,0.0705,0.2,0.0755,0.2,92.72,5.99428,-20.19546,1.40792,0.0003,0.56363
8103.27,index_price,1558781946759,open,0.06,18.4,0.0315,0.111,0.07108584,86.76,0.0645,0,BTC-7JUN19-8000-C,8103.27,86.63,0.071,0.2,0.0755,0.2,92.72,5.99428,-20.19546,1.40792,0.0003,0.56363
8253.68,BTC-27SEP19,1558781946903,open,1.48,0.0,1.3475,1.5425,1.44510668,97.05,None,0.0,BTC-27SEP19-20000-P,8103.27,0.0,0.006,10.0,2.2065,0.2,500.0,8.54059,-3.31883,-66.18979,4e-05,-0.8989
8253.7,BTC-27SEP19,1558781947131,open,0.47,289.7,0.44,0.5195,0.47969248,91.64,0.5,0.0,BTC-27SEP19-4500-C,8103.55,0.0,0.0215,4.0,0.7265,5.0,299.4,7.23166,-2.65342,12.41067,3e-05,0.9192
8218.93,BTC-28JUN19,1558781947131,open,0.6,0.1,0.566,0.6455,0.6056331,135.06,0.395,0.0,BTC-28JUN19-3250-C,8103.55,0.0,0.0005,0.9,0.7875,2.0,500.0,0.48387,-0.96454,2.95534,1e-05,0.99307
8253.7,BTC-27SEP19,1558781947131,open,0.58,261.1,0.546,0.6255,0.58561358,95.77,0.52,0.0,BTC-27SEP19-3500-C,8103.55,0.0,0.161,1.0,0.5955,0.5,113.96,3.73249,-1.43124,10.71243,2e-05,0.96498
8218.93,BTC-28JUN19,1558781947131,open,0.54,30.0,0.5055,0.585,0.545266,121.74,0.298,0.0,BTC-28JUN19-3750-C,8103.55,0.0,0.0005,6.0,0.7675,3.0,500.0,0.70722,-1.27073,3.38718,1e-05,0.98931
8253.7,BTC-27SEP19,1558781947131,open,0.04,245.2,0.0005,0.076,0.03508464,88.66,0.0355,0.0,BTC-27SEP19-5000-P,8103.55,88.13,0.0345,0.1,0.036,5.0,89.49,9.08609,-3.22563,-4.10085,4e-05,-0.11014
8253.7,BTC-27SEP19,1558781947131,open,0.01,42.8,0.0005,0.0525,0.0123728,94.23,0.027,0.0,BTC-27SEP19-3750-P,8103.55,89.65,0.01,5.0,0.015,5.0,98.85,4.48762,-1.69324,-1.58969,2e-05,-0.04392
8218.93,BTC-28JUN19,1558781947131,open,0.39,691.2,0.3575,0.437,0.39715406,101.67,0.3585,0.0,BTC-28JUN19-5000-C,8103.55,0.0,0.235,0.1,0.5,10.0,277.76,2.12477,-3.18856,4.2991,3e-05,0.96075
8253.7,BTC-27SEP19,1558781947131,open,0.76,28.2,0.7195,0.799,0.75944768,112.85,0.755,0.0,BTC-27SEP19-2000-C,8103.55,0.0,0.0075,0.1,0.9635,5.0,500.0,0.89494,-0.40439,6.60591,0.0,0.99338
8253.7,BTC-27SEP19,1558781947131,open,0.33,719.5,0.3025,0.382,0.34202205,87.08,0.337,0.0,BTC-27SEP19-6000-C,8103.55,0.0,0.0105,0.1,0.3515,10.0,93.01,13.06783,-4.55657,13.23664,6e-05,0.81077
8253.7,BTC-27SEP19,1558781947131,open,0.82,42.8,0.779,0.8585,0.81899785,120.54,0.815,0.0,BTC-27SEP19-1500-C,8103.55,0.0,0.0,0.0,0.0,0.0,0.0,0.41422,-0.19992,5.03225,0.0,0.99721
