underlying_price,underlying_index,timestamp,state,settlement_price,open_interest,min_price,max_price,mark_price,mark_iv,last_price,interest_rate,instrument_name,index_price,bid_iv,best_bid_price,best_bid_amount,best_ask_price,best_ask_amount,ask_iv,vega,theta,rho,gamma,delta
142.36,SYN.ETH-20DEC19,1576407540017,open,0.0,1142.0,0.001,0.011,0.000938,117.4,0.001,0.0,ETH-20DEC19-190-C,142.34,0.0,0.0,0.0,0.002,226.0,132.18,0.00787,-0.09479,0.00036,0.00248,0.01972
142.36,SYN.ETH-20DEC19,1576407540017,open,0.33,0.0,0.296,0.38,0.335578,117.4,None,0.0,ETH-20DEC19-190-P,142.34,0.0,0.01,50.0,0.465,1.0,500.0,0.00787,-0.09479,-0.02502,0.00248,-0.98028
142.71,SYN.ETH-31JAN20,1576407540314,open,0.32,0.0,0.285,0.341,0.313021,82.61,None,0.0,ETH-31JAN20-100-C,142.34,45.87,0.3,39.0,0.333,39.0,111.43,0.0821,-0.07234,0.10966,0.0038,0.91137
144.03,SYN.ETH-26JUN20,1576407540320,open,0.49,0.0,0.45,0.514,0.481906,82.11,None,0.0,ETH-26JUN20-80-C,142.34,69.49,0.467,50.0,0.512,50.0,103.66,0.18418,-0.039,0.31988,0.00204,0.90003
7091.31,SYN.BTC-20DEC19,1576407540501,open,0.0,66.9,0.0005,0.0105,0.00023501,91.62,0.0005,0.0,BTC-20DEC19-9250-C,7089.02,0.0,0.0,0.0,0.0005,0.5,100.43,0.15996,-1.50298,0.00642,3e-05,0.00701
7094.61,BTC-27DEC19,1576407540679,open,0.01,1471.9,0.0005,0.021,0.00674438,57.55,0.0065,0.0,BTC-27DEC19-8000-C,7089.02,56.92,0.0065,37.0,0.0075,0.7,59.44,2.77229,-6.71741,0.29504,0.00029,0.13456
142.71,SYN.ETH-31JAN20,1576407540822,open,0.2,2.0,0.161,0.231,0.19674,74.24,0.225,0.0,ETH-31JAN20-120-C,142.34,59.49,0.182,59.0,0.225,39.0,99.78,0.14999,-0.11877,0.10755,0.00773,0.7836
144.03,SYN.ETH-26JUN20,1576407540824,open,0.39,1.0,0.341,0.424,0.382879,80.21,0.38,0.0,ETH-26JUN20-100-C,142.34,69.55,0.363,48.0,0.423,48.0,100.64,0.27518,-0.05693,0.33462,0.00311,0.82027
7094.61,BTC-27DEC19,1576407540890,open,0.07,759.1,0.05,0.103,0.07464734,53.68,0.07,0.0,BTC-27DEC19-7500-P,7089.02,53.45,0.0745,0.1,0.076,1.0,55.83,4.44706,-10.05144,-1.78896,0.00051,-0.70036
7094.61,BTC-27DEC19,1576407540892,open,0.07,15.5,0.047,0.0965,0.06810735,55.75,0.073,0.0,BTC-27DEC19-6750-C,7089.02,52.32,0.066,3.1,0.07,7.1,58.78,4.39965,-10.32672,1.4754,0.00048,0.70728
7094.59,BTC-27DEC19,1576407540897,open,0.68,73.0,0.6585,0.7305,0.6921185,119.77,0.674,0.0,BTC-27DEC19-12000-P,7089.02,0.0,0.684,2.0,0.7005,2.0,179.08,0.34234,-1.72629,-3.88275,2e-05,-0.98996
7114.88,SYN.BTC-31JAN20,1576407540897,open,0.01,284.4,0.0005,0.0225,0.00896934,73.05,0.009,0.0,BTC-31JAN20-5000-P,7089.02,72.06,0.0085,16.0,0.009,0.3,73.11,3.41026,-2.65714,-0.71837,7e-05,-0.06965
7094.59,BTC-27DEC19,1576407540899,open,0.01,942.8,0.002,0.0295,0.01181247,59.11,0.0105,0.0,BTC-27DEC19-6500-P,7089.02,56.4,0.0105,41.4,0.012,0.1,59.49,3.48385,-8.67057,-0.46815,0.00036,-0.191
7094.59,BTC-27DEC19,1576407540899,open,0.0,966.6,0.0005,0.0105,0.00069361,119.87,0.0005,0.0,BTC-27DEC19-12000-C,7089.02,115.4,0.0005,0.1,0.001,21.1,125.4,0.344,-1.73612,0.02171,2e-05,0.0101
7147.34,BTC-27MAR20,1576407540903,open,3.17,0.0,3.116,3.2985,3.20136471,115.71,None,0.0,BTC-27MAR20-30000-P,7089.02,0.0,0.0015,10.0,0.0,0.0,0.0,1.93668,-1.08916,-84.20715,1e-05,-0.97872
7114.88,SYN.BTC-31JAN20,1576407540903,open,0.54,0.0,0.519,0.5965,0.55411167,76.47,None,0.0,BTC-31JAN20-11000-P,7089.02,0.0,0.5205,3.0,0.575,3.0,105.76,3.5406,-2.8881,-13.53225,7e-05,-0.92686
142.39,ETH-27DEC19,1576407540905,open,0.0,16677.0,0.001,0.011,0.0,120.0,0.001,0.0,ETH-27DEC19-640-C,142.34,0.0,0.0,0.0,0.003,249.0,341.12,0.0,0.0,0.0,0.0,0.0
143.21,ETH-27MAR20,1576407540905,open,0.04,6516.0,0.015,0.074,0.039773,87.6,0.038,0.0,ETH-27MAR20-240-C,142.34,86.36,0.038,200.0,0.042,448.0,89.13,0.20636,-0.08786,0.06066,0.00408,0.19006
142.39,ETH-27DEC19,1576407540905,open,1.23,100.0,1.182,1.317,1.247356,120.0,0.883,0.0,ETH-27DEC19-320-P,142.34,0.0,0.011,5.0,0.0,0.0,0.0,0.00014,-0.00071,-0.10411,2e-05,-0.99986
144.03,SYN.ETH-26JUN20,1576407540905,open,0.03,667.0,0.009,0.064,0.029979,97.87,0.033,0.0,ETH-26JUN20-440-C,142.34,95.69,0.027,290.0,0.033,140.0,99.98,0.20164,-0.0509,0.06377,0.00187,0.11333
142.71,SYN.ETH-31JAN20,1576407540905,open,0.03,294.0,0.012,0.058,0.031445,74.31,0.031,0.0,ETH-31JAN20-180-C,142.34,72.03,0.029,263.0,0.034,468.0,76.63,0.1553,-0.12309,0.0364,0.00799,0.23003
142.39,ETH-27DEC19,1576407540907,open,0.19,0.0,0.162,0.242,0.200414,74.8,None,0.0,ETH-27DEC19-170-P,142.34,0.0,0.193,1.0,1.182,1.0,500.0,0.04714,-0.14846,-0.05069,0.00955,-0.89364
142.39,ETH-27DEC19,1576407540907,open,0.0,7174.0,0.001,0.011,0.000477,114.14,0.001,0.0,ETH-27DEC19-240-C,142.34,0.0,0.0,0.0,0.001,75.0,124.7,0.00531,-0.02553,0.00032,0.00071,0.00749
142.39,ETH-27DEC19,1576407540907,open,1.37,0.0,1.319,1.461,1.38781,120.0,None,0.0,ETH-27DEC19-340-P,142.34,0.0,0.003,9.0,0.0,0.0,0.0,5e-05,-0.00025,-0.11062,1e-05,-0.99995
142.39,ETH-27DEC19,1576407540907,open,4.02,0.0,3.91,4.212,4.056535,120.12,None,0.0,ETH-27DEC19-720-P,142.34,0.0,0.004,50.0,0.0,0.0,0.0,0.0,0.0,-0.23426,0.0,-1.0
7094.59,BTC-27DEC19,1576407540912,open,0.0,961.6,0.0005,0.0105,0.0,120.0,0.001,0.0,BTC-27DEC19-30000-C,7089.02,0.0,0.0,0.0,0.0005,0.9,273.75,0.0,0.0,0.0,0.0,0.0
7094.59,BTC-27DEC19,1576407540914,open,3.2,0.2,3.146,3.3145,3.22856225,0.0,2.51,0.0,BTC-27DEC19-30000-P,7089.02,0.0,0.0,0.0,0.0,0.0,0.0,0.0,0.0,-9.76084,0.0,-1.0
7147.34,BTC-27MAR20,1576407540914,open,0.0,69.3,0.0005,0.0185,0.00437204,112.59,0.006,0.0,BTC-27MAR20-28000-C,7089.02,107.33,0.003,32.0,0.006,26.0,117.53,2.10855,-1.15382,0.38617,1e-05,0.02354
7200.09,SYN.BTC-26JUN20,1576407540914,open,1.78,0.1,1.734,1.889,1.80306278,88.76,1.765,0.0,BTC-26JUN20-20000-P,7089.02,0.0,0.1,1.0,2.0495,0.1,190.66,9.51508,-2.17815,-103.20147,4e-05,-0.89541
7114.88,SYN.BTC-31JAN20,1576407540914,open,0.01,419.5,0.002,0.03,0.01195929,70.07,0.012,0.0,BTC-31JAN20-10000-C,7089.02,69.37,0.0115,16.0,0.013,39.6,71.59,4.77324,-3.56728,0.88966,0.0001,0.10932
7114.88,SYN.BTC-31JAN20,1576407540914,open,0.31,0.0,0.287,0.3285,0.30621346,73.04,None,0.0,BTC-31JAN20-5000-C,7089.02,45.62,0.298,9.0,0.0,0.0,0.0,3.40971,-2.65647,5.70312,7e-05,0.93037
7200.09,SYN.BTC-26JUN20,1576407540914,open,0.13,166.3,0.087,0.1795,0.12782779,71.94,0.13,0.0,BTC-26JUN20-9000-C,7089.02,70.95,0.125,11.0,0.131,13.7,73.04,20.6568,-3.8324,11.751,0.0001,0.43509
7094.59,BTC-27DEC19,1576407540918,open,5.71,0.0,5.6335,5.9035,5.76569959,0.0,None,0.0,BTC-27DEC19-48000-P,7089.02,0.0,0.0005,1.0,0.0,0.0,0.0,0.0,0.0,-15.61735,0.0,-1.0
7147.34,BTC-27MAR20,1576407540918,open,2.61,0.0,2.5675,2.729,2.64253568,109.17,None,0.0,BTC-27MAR20-26000-P,7089.02,0.0,0.0015,10.0,0.0,0.0,0.0,2.31319,-1.22734,-72.84876,1e-05,-0.97371
7147.34,BTC-27MAR20,1576407540918,open,2.89,0.0,2.842,3.014,2.92196818,112.77,None,0.0,BTC-27MAR20-28000-P,7089.02,0.0,0.0015,10.0,0.0,0.0,0.0,2.12634,-1.16546,-78.52851,1e-05,-0.97622
7147.34,BTC-27MAR20,1576407540918,open,0.01,506.8,0.0005,0.025,0.00738144,97.47,0.0075,0.0,BTC-27MAR20-20000-C,7089.02,95.54,0.0065,31.0,0.0085,2.0,99.72,3.3907,-1.60623,0.69396,2e-05,0.04183
7200.09,SYN.BTC-26JUN20,1576407540918,open,0.02,34.6,0.007,0.0535,0.02134548,91.17,0.022,0.0,BTC-26JUN20-22000-C,7089.02,89.1,0.019,22.0,0.0235,12.5,92.96,8.43017,-1.98214,2.57618,3e-05,0.08871
7114.88,SYN.BTC-31JAN20,1576407540918,open,0.19,1.7,0.16,0.2145,0.18436777,63.82,0.182,0.0,BTC-31JAN20-6000-C,7089.02,45.35,0.168,9.0,0.213,9.0,90.58,7.03016,-4.78542,5.67083,0.00017,0.80499
7094.59,BTC-27DEC19,1576407540920,open,0.0,530.9,0.0005,0.0105,0.0,120.0,0.0005,0.0,BTC-27DEC19-32000-C,7089.02,0.0,0.0,0.0,0.0005,0.4,284.12,0.0,0.0,0.0,0.0,0.0
7147.34,BTC-27MAR20,1576407540920,open,0.0,115.7,0.0005,0.0195,0.00476782,109.01,0.0075,0.0,BTC-27MAR20-26000-C,7089.02,106.48,0.004,21.0,0.006,28.0,112.56,2.29688,-1.21693,0.42912,1e-05,0.02607
7147.34,BTC-27MAR20,1576407540922,open,0.96,59.0,0.927,1.0345,0.97514771,82.6,0.877,0.0,BTC-27MAR20-14000-P,7089.02,0.0,0.4,0.5,1.1345,0.1,178.83,6.38474,-2.56303,-37.88692,5e-05,-0.90558
7094.59,BTC-27DEC19,1576407540922,open,4.04,1.3,3.975,4.1775,4.0742747,0.0,3.212,0.0,BTC-27DEC19-36000-P,7089.02,0.0,0.0005,1.0,0.0,0.0,0.0,0.0,0.0,-11.71301,0.0,-1.0
7114.88,SYN.BTC-31JAN20,1576407540922,open,0.61,0.0,0.587,0.6665,0.62338777,80.06,None,0.0,BTC-31JAN20-11500-P,7089.02,0.0,0.5895,3.0,0.644,3.0,111.09,3.15472,-2.69389,-14.25801,6e-05,-0.93701
7200.09,SYN.BTC-26JUN20,1576407540922,open,1.24,5.0,1.1975,1.3385,1.26015543,82.91,1.22,0.0,BTC-26JUN20-16000-P,7089.02,0.0,0.56,1.0,1.9995,0.1,391.98,12.45321,-2.66291,-80.54702,5e-05,-0.84595
7200.09,SYN.BTC-26JUN20,1576407540922,open,3.15,0.0,3.089,3.2875,3.17956846,99.44,None,0.0,BTC-26JUN20-30000-P,7089.02,0.0,0.002,1.0,0.0,0.0,0.0,5.75728,-1.47645,-157.7783,2e-05,-0.94595
7147.34,BTC-27MAR20,1576407540927,open,0.07,298.1,0.0375,0.104,0.06551535,69.01,0.065,0.0,BTC-27MAR20-9000-C,7089.78,67.95,0.0635,21.0,0.065,0.1,68.74,13.70512,-4.59664,5.28413,0.00014,0.32782
7147.34,BTC-27MAR20,1576407540927,open,0.01,1556.0,0.002,0.033,0.01180784,88.04,0.0105,0.0,BTC-27MAR20-16000-C,7089.78,86.85,0.011,31.0,0.013,2.1,89.7,4.98479,-2.13285,1.1329,4e-05,0.06805
7147.34,BTC-27MAR20,1576407540927,open,0.43,148.2,0.3995,0.4975,0.44385218,70.82,0.45,0.0,BTC-27MAR20-10000-P,7089.78,68.14,0.4395,9.0,0.472,12.0,86.72,11.80448,-4.06299,-24.24512,0.00012,-0.75969
7094.59,BTC-27DEC19,1576407540927,open,0.65,0.0,0.638,0.6575,0.64761933,139.02,None,0.0,BTC-27DEC19-2500-C,7089.78,0.0,0.6375,2.0,0.6595,2.0,387.79,0.00053,-0.00308,0.81338,0.0,0.99999
7094.59,BTC-27DEC19,1576407540927,open,6.27,0.8,6.186,6.479,6.32950789,0.0,3.59,0.0,BTC-27DEC19-52000-P,7089.78,0.0,0.001,1.0,0.0,0.0,0.0,0.0,0.0,-16.9188,0.0,-1.0
7094.59,BTC-27DEC19,1576407540927,open,0.0,832.1,0.0005,0.0105,1.11e-06,120.0,0.0005,0.0,BTC-27DEC19-3000-P,7089.78,0.0,0.0,0.0,0.0005,51.0,193.56,0.00122,-0.00614,-5e-05,0.0,-2e-05
7094.59,BTC-27DEC19,1576407540927,open,0.0,500.4,0.0005,0.012,0.00235555,82.68,0.002,0.0,BTC-27DEC19-5500-P,7089.78,80.15,0.002,28.0,0.0025,11.3,83.65,1.04415,-3.63477,-0.09178,8e-05,-0.03741
7094.59,BTC-27DEC19,1576407540927,open,0.79,12.1,0.779,0.7985,0.78857159,200.37,0.8415,0.0,BTC-27DEC19-1500-C,7089.78,0.0,0.782,14.0,0.801,2.0,500.0,0.00022,-0.00189,0.48803,0.0,1.0
7094.59,BTC-27DEC19,1576407540927,open,0.0,255.7,0.0005,0.0105,0.0,120.0,0.001,0.0,BTC-27DEC19-1500-P,7089.78,0.0,0.0,0.0,0.0005,37.9,340.83,0.0,0.0,0.0,0.0,0.0
7094.59,BTC-27DEC19,1576407540927,open,0.0,754.3,0.0005,0.0105,0.00022284,119.97,0.0005,0.0,BTC-27DEC19-13000-C,7089.78,0.0,0.0,0.0,0.0005,10.6,130.34,0.13684,-0.69116,0.00772,1e-05,0.00357
7147.34,BTC-27MAR20,1576407540927,open,0.32,102.8,0.281,0.377,0.32474269,69.02,0.3045,0.0,BTC-27MAR20-9000-P,7089.78,66.53,0.32,13.0,0.336,13.0,74.81,13.70578,-4.59747,-20.08205,0.00014,-0.67214
7094.59,BTC-27DEC19,1576407540927,open,0.33,0.0,0.313,0.372,0.34046054,80.76,None,0.0,BTC-27DEC19-9500-P,7089.78,0.0,0.3305,2.0,0.3485,2.0,117.63,0.79064,-2.6883,-3.03253,6e-05,-0.97328
7094.59,BTC-27DEC19,1576407540927,open,0.19,3.0,0.176,0.231,0.20142942,64.66,0.1865,0.0,BTC-27DEC19-8500-P,7089.78,0.0,0.1945,6.0,0.208,4.0,85.23,1.67902,-4.57072,-2.61645,0.00016,-0.93207
7147.34,BTC-27MAR20,1576407540927,open,4.56,1.0,4.487,4.719,4.59808049,120.62,4.54,0.0,BTC-27MAR20-40000-P,7089.78,0.0,0.0015,10.0,0.0,0.0,0.0,0.91483,-0.53632,-112.59295,1e-05,-0.99108
7094.59,BTC-27DEC19,1576407540927,open,0.96,268.3,0.935,1.0145,0.97339888,119.21,0.9355,0.0,BTC-27DEC19-14000-P,7089.78,0.0,0.964,2.0,0.982,2.0,215.17,0.04822,-0.24201,-4.5526,0.0,-0.99887
7147.34,BTC-27MAR20,1576407540927,open,0.03,239.8,0.013,0.0515,0.02765987,70.1,0.025,0.0,BTC-27MAR20-5000-P,7089.78,68.57,0.026,16.2,0.029,14.0,71.31,7.84834,-2.67378,-3.09253,8e-05,-0.12585
7147.34,BTC-27MAR20,1576407540927,open,3.45,0.0,3.39,3.582,3.48044011,116.78,None,0.0,BTC-27MAR20-32000-P,7089.78,0.0,0.0015,10.0,0.0,0.0,0.0,1.64157,-0.93171,-89.90489,1e-05,-0.98248
7147.34,BTC-27MAR20,1576407540927,open,1.51,0.0,1.4725,1.597,1.52861978,94.83,1.23,0.0,BTC-27MAR20-18000-P,7089.78,0.0,0.0015,10.0,0.0,0.0,0.0,4.32568,-1.99376,-49.79582,3e-05,-0.94327
7094.59,BTC-27DEC19,1576407540928,open,5.15,0.0,5.0805,5.328,5.20190004,0.0,3.46,0.0,BTC-27DEC19-44000-P,7089.78,0.0,0.001,1.0,0.0,0.0,0.0,0.0,0.0,-14.31591,0.0,-1.0
7147.34,BTC-27MAR20,1576407540927,open,1.23,1.1,1.199,1.3135,1.25043421,88.08,1.08,0.0,BTC-27MAR20-16000-P,7089.78,0.0,0.0015,10.0,1.4,0.1,186.38,4.99221,-2.13712,-43.96129,4e-05,-0.93182
7147.34,BTC-27MAR20,1576407540928,open,4.0,0.0,3.9385,4.151,4.03934372,120.35,None,0.0,BTC-27MAR20-36000-P,7089.78,0.0,0.0015,10.0,0.0,0.0,0.0,1.31375,-0.76844,-101.2446,1e-05,-0.98648
7094.59,BTC-27DEC19,1576407540927,open,0.0,590.4,0.0005,0.0105,2e-08,120.0,0.001,0.0,BTC-27DEC19-2500-P,7089.78,0.0,0.0,0.0,0.0005,150.0,231.98,3e-05,-0.00013,0.0,0.0,0.0
7094.59,BTC-27DEC19,1576407540928,open,0.0,1541.5,0.0005,0.0105,0.0,120.0,0.0005,0.0,BTC-27DEC19-52000-C,7089.78,0.0,0.0,0.0,0.0005,36.9,359.72,0.0,0.0,0.0,0.0,0.0
7094.59,BTC-27DEC19,1576407540927,open,2.64,0.0,2.593,2.7395,2.66475395,0.0,None,0.0,BTC-27DEC19-26000-P,7089.78,0.0,0.0,0.0,0.0,0.0,0.0,0.0,0.0,-8.4594,0.0,-1.0
7094.59,BTC-27DEC19,1576407540928,open,1.8,3.6,1.764,1.8765,1.81904553,0.0,1.729,0.0,BTC-27DEC19-20000-P,7089.78,0.0,0.0,0.0,0.0,0.0,0.0,0.0,0.0,-6.50723,0.0,-1.0
7094.59,BTC-27DEC19,1576407540927,open,0.03,1088.4,0.0145,0.0575,0.0320578,53.68,0.03,0.0,BTC-27DEC19-7000-P,7089.78,50.77,0.03,15.9,0.0335,22.0,55.72,5.01677,-11.3385,-1.05691,0.00057,-0.42582
7094.59,BTC-27DEC19,1576407540927,open,0.4,503.3,0.382,0.443,0.41046406,86.97,0.41,0.0,BTC-27DEC19-10000-P,7089.78,0.0,0.401,2.0,0.419,2.0,132.24,0.55161,-2.01984,-3.21551,4e-05,-0.98255
7147.34,BTC-27MAR20,1576407540927,open,0.0,97.3,0.0005,0.0145,0.00295489,119.17,0.003,0.0,BTC-27MAR20-34000-C,7089.78,113.99,0.002,15.0,0.004,31.0,123.62,1.50482,-0.87161,0.25932,1e-05,0.01583
7094.59,BTC-27DEC19,1576407540928,open,0.0,657.0,0.0005,0.0105,0.0,120.0,0.0005,0.0,BTC-27DEC19-28000-C,7089.78,0.0,0.0,0.0,0.0025,31.0,310.38,0.0,0.0,0.0,0.0,0.0
7094.59,BTC-27DEC19,1576407540928,open,0.0,562.6,0.0005,0.0105,0.0,120.0,0.0005,0.0,BTC-27DEC19-40000-C,7089.78,0.0,0.0,0.0,0.0005,5.6,319.36,0.0,0.0,0.0,0.0,0.0
7094.59,BTC-27DEC19,1576407540928,open,0.0,106.3,0.0005,0.0105,0.0,120.0,0.0005,0.0,BTC-27DEC19-2000-P,7089.78,0.0,0.0,0.0,0.0005,11.1,279.24,0.0,0.0,0.0,0.0,0.0
7147.34,BTC-27MAR20,1576407540928,open,2.34,0.0,2.2935,2.4455,2.36358022,106.28,None,0.0,BTC-27MAR20-24000-P,7089.78,0.0,0.0015,10.0,0.0,0.0,0.0,2.661,-1.37454,-67.13208,2e-05,-0.96889
7094.59,BTC-27DEC19,1576407540929,open,0.54,248.6,0.5205,0.5875,0.55140853,106.71,0.55,0.0,BTC-27DEC19-11000-P,7089.78,0.0,0.5415,2.0,0.5595,2.0,156.43,0.47211,-2.12117,-3.54754,3e-05,-0.98545
7094.59,BTC-27DEC19,1576407540929,open,2.08,4.9,2.0405,2.164,2.10095002,0.0,2.217,0.0,BTC-27DEC19-22000-P,7089.78,0.0,0.0,0.0,0.0,0.0,0.0,0.0,0.0,-7.15795,0.0,-1.0
7094.59,BTC-27DEC19,1576407540928,open,0.0,449.3,0.0005,0.0105,0.0,120.0,0.0005,0.0,BTC-27DEC19-44000-C,7089.78,0.0,0.0,0.0,0.0005,1.0,334.15,0.0,0.0,0.0,0.0,0.0
7094.59,BTC-27DEC19,1576407540929,open,0.0,66.0,0.0005,0.0105,0.00070839,93.69,0.001,0.0,BTC-27DEC19-10500-C,7089.78,89.74,0.0005,41.2,0.001,9.6,98.06,0.41986,-1.65627,0.02768,3e-05,0.0127
7147.34,BTC-27MAR20,1576407540928,open,2.06,5.6,2.0195,2.16,2.08401209,100.94,1.545,0.0,BTC-27MAR20-22000-P,7089.78,0.0,0.0015,10.0,0.0,0.0,0.0,2.83704,-1.39188,-61.44963,2e-05,-0.96637
7147.34,BTC-27MAR20,1576407540929,open,0.21,305.9,0.175,0.265,0.2160978,66.77,0.1945,0.0,BTC-27MAR20-8000-P,7089.78,58.81,0.1995,14.0,0.2195,10.0,68.39,14.98873,-4.8639,-15.55286,0.00016,-0.55595
7147.34,BTC-27MAR20,1576407540929,open,0.03,1371.5,0.01,0.0545,0.0255199,77.05,0.025,0.0,BTC-27MAR20-12000-C,7089.78,77.03,0.0255,1.0,0.026,1.0,77.45,8.61104,-3.22465,2.38814,8e-05,0.14407
7095.35,BTC-27DEC19,1576407540929,open,0.3,66.8,0.281,0.3145,0.29654208,96.84,0.2985,0.0,BTC-27DEC19-5000-C,7089.78,0.0,0.289,9.0,0.305,9.0,147.14,0.57356,-2.33852,1.58181,4e-05,0.98174
7095.35,BTC-27DEC19,1576407540929,open,0.0,476.2,0.0005,0.014,0.00333518,64.64,0.003,0.0,BTC-27DEC19-8500-C,7089.78,63.18,0.003,20.0,0.004,0.5,67.31,1.68015,-4.57225,0.14925,0.00016,0.06798
7095.35,BTC-27DEC19,1576407540929,open,0.0,1479.5,0.0005,0.011,0.00130245,97.73,0.001,0.0,BTC-27DEC19-5000-P,7089.78,93.82,0.001,19.8,0.0015,25.8,99.98,0.59485,-2.44766,-0.04701,4e-05,-0.01906
7095.35,BTC-27DEC19,1576407540929,open,0.26,826.6,0.2445,0.3015,0.27068561,74.03,0.28,0.0,BTC-27DEC19-9000-P,7089.78,0.0,0.2605,2.0,0.2785,2.0,103.42,1.17526,-3.66304,-2.83357,0.0001,-0.95674
7095.35,BTC-27DEC19,1576407540929,open,2.92,0.2,2.8695,3.027,2.9466581,258.0,2.2765,0.0,BTC-27DEC19-28000-P,7089.78,0.0,0.0,0.0,0.0,0.0,0.0,0.12732,-1.38304,-9.10347,0.0,-0.99671
7095.35,BTC-27DEC19,1576407540929,open,0.0,162.0,0.0005,0.011,0.00141398,80.75,0.0015,0.0,BTC-27DEC19-9500-C,7089.78,76.63,0.001,20.0,0.002,19.0,85.45,0.79157,-2.69122,0.05849,6e-05,0.02675
7147.34,BTC-27MAR20,1576407540929,open,0.69,54.9,0.6585,0.761,0.7044875,77.07,0.77,0.0,BTC-27MAR20-12000-P,7089.78,0.0,0.55,0.1,0.8795,0.1,172.68,8.61413,-3.22655,-31.43289,8e-05,-0.85585
7147.34,BTC-27MAR20,1576407540929,open,1.78,5.2,1.7455,1.8775,1.80566442,97.55,1.108,0.0,BTC-27MAR20-20000-P,7089.78,0.0,0.0015,10.0,0.0,0.0,0.0,3.40185,-1.61288,-55.67365,2e-05,-0.958
7095.35,BTC-27DEC19,1576407540929,open,2.36,0.0,2.317,2.4515,2.38285457,230.06,None,0.0,BTC-27DEC19-24000-P,7089.78,0.0,0.0,0.0,0.0,0.0,0.0,0.12325,-1.19382,-7.80217,0.0,-0.99682
7095.35,BTC-27DEC19,1576407540929,open,0.0,1036.3,0.0005,0.0105,2.154e-05,119.98,0.0005,0.0,BTC-27DEC19-15000-C,7089.78,0.0,0.0,0.0,0.0005,9.8,156.35,0.01862,-0.09407,0.00088,0.0,0.0004
7095.35,BTC-27DEC19,1576407540929,open,0.0,833.8,0.0005,0.0105,0.00020338,120.02,0.0005,0.0,BTC-27DEC19-4000-P,7089.78,0.0,0.0,0.0,0.001,45.7,145.47,0.11457,-0.57897,-0.00723,1e-05,-0.00293
7148.1,BTC-27MAR20,1576407540929,open,0.05,512.0,0.022,0.0795,0.04471069,70.79,0.0455,0.0,BTC-27MAR20-10000-C,7089.78,70.36,0.044,23.0,0.0465,0.1,71.87,11.80498,-4.06176,3.94025,0.00012,0.24029
7095.35,BTC-27DEC19,1576407540929,open,0.0,680.5,0.0005,0.0105,0.0,119.99,0.0005,0.0,BTC-27DEC19-26000-C,7089.78,0.0,0.0,0.0,0.001,21.2,267.99,0.0,0.0,0.0,0.0,0.0
7095.35,BTC-27DEC19,1576407540929,open,0.0,526.9,0.0005,0.0105,1e-08,119.99,0.0005,0.0,BTC-27DEC19-22000-C,7089.78,0.0,0.0,0.0,0.0005,3.0,222.71,1e-05,-4e-05,0.0,0.0,0.0
7095.35,BTC-27DEC19,1576407540929,open,0.0,1644.2,0.0005,0.0175,0.00498842,70.06,0.0055,0.0,BTC-27DEC19-6000-P,7089.78,68.23,0.0045,10.0,0.005,5.0,70.1,1.94299,-5.73121,-0.2014,0.00017,-0.08225
7095.35,BTC-27DEC19,1576407540929,open,0.0,394.4,0.0005,0.0105,6.6e-06,119.99,0.0005,0.0,BTC-27DEC19-16000-C,7089.78,0.0,0.0,0.0,0.002,21.1,197.05,0.00656,-0.03313,0.00029,0.0,0.00013
7148.1,BTC-27MAR20,1576407540930,open,0.01,158.9,0.0005,0.0215,0.00564532,106.16,0.0055,0.0,BTC-27MAR20-24000-C,7089.78,102.84,0.0045,8.6,0.007,27.0,109.56,2.64848,-1.36652,0.50947,2e-05,0.03093
7095.35,BTC-27DEC19,1576407540929,open,1.52,9.4,1.4875,1.589,1.53713797,177.45,1.559,0.0,BTC-27DEC19-18000-P,7089.78,0.0,0.0,0.0,0.0,0.0,0.0,0.11687,-0.87316,-5.85021,0.0,-0.99701
7095.35,BTC-27DEC19,1576407540929,open,0.37,21.6,0.353,0.381,0.36623604,106.53,0.5285,0.0,BTC-27DEC19-4500-C,7089.78,0.0,0.359,10.0,0.374,10.0,174.53,0.24423,-1.09547,1.4473,1e-05,0.99316
7095.35,BTC-27DEC19,1576407540929,open,0.0,756.8,0.0005,0.0105,0.0,119.99,0.0005,0.0,BTC-27DEC19-24000-C,7089.78,0.0,0.0,0.0,0.0005,1.0,237.24,0.0,0.0,0.0,0.0,0.0
7095.35,BTC-27DEC19,1576407540930,open,4.04,1.3,3.975,4.1775,4.0742747,304.33,3.212,0.0,BTC-27DEC19-36000-P,7089.78,0.0,0.0005,1.0,0.0,0.0,0.0,0.13923,-1.78396,-11.70584,0.0,-0.99636
7095.35,BTC-27DEC19,1576407540930,open,0.0,1166.8,0.0005,0.0105,0.00093352,106.73,0.001,0.0,BTC-27DEC19-11000-C,7089.78,98.78,0.0005,95.1,0.0015,41.5,113.91,0.47298,-2.12532,0.0315,3e-05,0.01458
7095.35,BTC-27DEC19,1576407540930,open,0.72,0.0,0.7085,0.728,0.71809585,0.0,None,0.0,BTC-27DEC19-2000-C,7089.78,0.0,0.7075,2.0,0.73,2.0,464.08,0.0,0.0,0.65072,0.0,1.0
7095.35,BTC-27DEC19,1576407540930,open,0.0,806.2,0.0005,0.0105,0.00052038,108.36,0.001,0.0,BTC-27DEC19-4500-P,7089.78,0.0,0.0,0.0,0.001,20.0,118.37,0.2683,-1.22411,-0.01876,2e-05,-0.0076
7095.35,BTC-27DEC19,1576407540930,open,0.0,349.0,0.0005,0.0105,0.0,119.99,0.0005,0.0,BTC-27DEC19-48000-C,7089.78,0.0,0.0,0.0,0.0015,25.7,384.28,0.0,0.0,0.0,0.0,0.0
7148.1,BTC-27MAR20,1576407540930,open,0.23,21.9,0.1915,0.2595,0.22315745,65.71,0.235,0.0,BTC-27MAR20-6000-C,7089.78,64.72,0.2215,9.0,0.2305,19.0,70.04,12.04434,-3.84645,10.62607,0.00013,0.75058
7148.1,BTC-27MAR20,1576407540930,open,0.0,64.3,0.0005,0.015,0.00318735,116.5,0.0035,0.0,BTC-27MAR20-32000-C,7089.78,113.2,0.0025,15.0,0.004,32.0,119.81,1.61968,-0.91707,0.28324,1e-05,0.01725
7095.35,BTC-27DEC19,1576407540930,open,0.51,4.3,0.497,0.5165,0.50668977,0.0,0.5625,0.0,BTC-27DEC19-3500-C,7089.78,0.0,0.501,9.0,0.518,2.0,271.84,0.0,0.0,1.13877,0.0,1.0
7095.35,BTC-27DEC19,1576407540930,open,0.0,491.2,0.0005,0.0105,2.203e-05,120.02,0.0005,0.0,BTC-27DEC19-3500-P,7089.78,0.0,0.0,0.0,0.002,22.0,194.66,0.01731,-0.08744,-0.00091,0.0,-0.00037
7114.88,SYN.BTC-31JAN20,1576407540927,open,0.28,10.4,0.2525,0.326,0.28572248,64.38,0.272,0.0,BTC-31JAN20-9000-P,7089.78,47.08,0.272,5.0,0.3125,5.0,88.81,6.76353,-4.64433,-10.07464,0.00016,-0.81685
7095.35,BTC-27DEC19,1576407540930,open,0.23,69.4,0.2095,0.247,0.22711908,82.15,0.2335,0.0,BTC-27DEC19-5500-C,7089.78,0.0,0.22,9.0,0.2345,9.0,115.05,1.02359,-3.54053,1.69997,8e-05,0.9635
7148.1,BTC-27MAR20,1576407540930,open,0.01,1367.1,0.0005,0.024,0.01007327,76.12,0.01,0.0,BTC-27MAR20-4000-P,7089.78,74.13,0.009,28.0,0.011,1.0,77.76,3.95389,-1.46277,-1.22323,4e-05,-0.05064
7148.1,BTC-27MAR20,1576407540930,open,0.1,756.2,0.0645,0.1375,0.09678461,66.74,0.0975,0.0,BTC-27MAR20-8000-C,7089.78,65.89,0.095,12.0,0.0995,25.0,68.04,14.99056,-4.86266,6.99721,0.00016,0.44409
7095.35,BTC-27DEC19,1576407540930,open,3.48,0.3,3.4225,3.6025,3.5104664,282.56,2.744,0.0,BTC-27DEC19-32000-P,7089.78,0.0,0.0,0.0,0.0,0.0,0.0,0.13317,-1.58422,-10.40466,0.0,-0.99654
7148.1,BTC-27MAR20,1576407540931,open,3.72,0.0,3.6645,3.867,3.76003595,121.72,None,0.0,BTC-27MAR20-34000-P,7089.78,0.0,0.0015,10.0,0.0,0.0,0.0,1.70352,-1.00777,-95.53185,1e-05,-0.9817
7148.1,BTC-27MAR20,1576407540930,open,0.0,652.4,0.0005,0.0115,0.00151455,119.99,0.0025,0.0,BTC-27MAR20-40000-C,7089.78,123.54,0.002,3.0,0.0025,10.0,126.58,0.88162,-0.51416,0.14169,1e-05,0.00855
7148.1,BTC-27MAR20,1576407540931,open,0.01,256.8,0.0005,0.0215,0.00590508,100.84,0.0075,0.0,BTC-27MAR20-22000-C,7089.78,98.42,0.005,27.0,0.007,2.0,103.46,2.82555,-1.38479,0.55506,2e-05,0.03346
7095.35,BTC-27DEC19,1576407540930,open,0.58,11.0,0.5675,0.587,0.57714489,0.0,0.5835,0.0,BTC-27DEC19-3000-C,7089.78,0.0,0.5675,2.0,0.5875,2.0,316.06,0.0,0.0,0.97608,0.0,1.0
7095.35,BTC-27DEC19,1576407540931,open,0.44,30.7,0.425,0.449,0.43639429,115.85,0.4745,0.0,BTC-27DEC19-4000-C,7089.78,0.0,0.4305,9.0,0.445,11.0,214.42,0.08863,-0.43229,1.29603,0.0,0.9978
7095.35,BTC-27DEC19,1576407540931,open,4.6,0.0,4.528,4.753,4.638083,323.91,2.58,0.0,BTC-27DEC19-40000-P,7089.78,0.0,0.001,1.0,0.0,0.0,0.0,0.14537,-1.98245,-13.00701,0.0,-0.99618
7095.35,BTC-27DEC19,1576407540931,open,0.0,690.8,0.0005,0.0105,0.0,119.99,0.0005,0.0,BTC-27DEC19-36000-C,7089.78,0.0,0.0,0.0,0.0025,31.3,355.42,0.0,0.0,0.0,0.0,0.0
7095.35,BTC-27DEC19,1576407540931,open,0.47,0.0,0.4515,0.514,0.48070517,96.11,None,0.0,BTC-27DEC19-10500-P,7089.78,0.0,0.471,2.0,0.489,2.0,144.5,0.48038,-1.9438,-3.38402,3e-05,-0.98515
7095.35,BTC-27DEC19,1576407540931,open,0.0,1485.1,0.0005,0.0105,0.00094331,87.0,0.0015,0.0,BTC-27DEC19-10000-C,7089.78,80.06,0.0005,117.5,0.0015,5.1,93.08,0.55332,-2.02677,0.03824,4e-05,0.01751
7095.35,BTC-27DEC19,1576407540931,open,0.0,1038.8,0.0005,0.0105,6e-08,119.99,0.0015,0.0,BTC-27DEC19-20000-C,7089.78,0.0,0.0,0.0,0.0005,11.2,206.59,9e-05,-0.00042,0.0,0.0,0.0
7114.88,SYN.BTC-31JAN20,1576407540929,open,0.47,0.0,0.451,0.5265,0.48532112,73.04,None,0.0,BTC-31JAN20-10500-P,7089.78,0.0,0.4515,4.0,0.507,4.0,100.87,4.05592,-3.15973,-12.77209,9e-05,-0.91246
7148.1,BTC-27MAR20,1576407540932,open,0.0,132.7,0.0005,0.0175,0.00394028,115.49,0.004,0.0,BTC-27MAR20-30000-C,7089.78,111.65,0.003,15.0,0.005,22.0,119.12,1.91746,-1.07626,0.34435,1e-05,0.02103
7095.35,BTC-27DEC19,1576407540932,open,5.71,0.0,5.6335,5.9035,5.76569959,358.03,None,0.0,BTC-27DEC19-48000-P,7089.78,0.0,0.0005,1.0,0.0,0.0,0.0,0.15763,-2.37616,-15.60934,0.0,-0.99582
7200.09,SYN.BTC-26JUN20,1576407540928,open,0.48,123.5,0.4345,0.558,0.49040722,73.25,0.485,0.0,BTC-26JUN20-10000-P,7089.78,63.75,0.465,6.0,0.519,6.0,83.52,19.70219,-3.72216,-43.08677,0.0001,-0.63621
7200.09,SYN.BTC-26JUN20,1576407540928,open,0.02,893.2,0.009,0.0595,0.02523871,88.7,0.0275,0.0,BTC-26JUN20-20000-C,7089.78,87.36,0.0235,22.0,0.0275,12.5,90.38,9.49937,-2.17305,3.02577,4e-05,0.10436
7200.09,SYN.BTC-26JUN20,1576407540927,open,0.6,17.8,0.581,0.616,0.59606031,83.39,0.623,0.0,BTC-26JUN20-3000-C,7089.78,66.12,0.5875,10.0,0.0,0.0,0.0,4.57181,-0.9832,13.89789,2e-05,0.95946
7200.09,SYN.BTC-26JUN20,1576407540930,open,0.01,86.9,0.003,0.039,0.01283234,99.29,0.012,0.0,BTC-26JUN20-30000-C,7089.78,98.22,0.012,23.0,0.014,4.8,100.72,5.72423,-1.46572,1.56125,2e-05,0.05366
7095.35,BTC-27DEC19,1576407540932,open,0.0,839.6,0.0005,0.0105,6.2e-07,119.99,0.0005,0.0,BTC-27DEC19-18000-C,7089.78,0.0,0.0,0.0,0.0005,19.6,188.48,0.00078,-0.00392,3e-05,0.0,1e-05
7200.09,SYN.BTC-26JUN20,1576407540928,open,0.03,246.9,0.011,0.0645,0.02901155,84.95,0.028,0.0,BTC-26JUN20-18000-C,7089.78,83.91,0.0275,21.0,0.031,0.1,86.29,10.55441,-2.31236,3.51539,5e-05,0.12093
7114.88,SYN.BTC-31JAN20,1576407540929,open,0.25,2.0,0.2205,0.268,0.24260053,67.57,0.257,0.0,BTC-31JAN20-5500-C,7089.78,40.83,0.229,8.0,0.267,8.0,96.61,5.04492,-3.63586,5.84106,0.00011,0.88185
7095.35,BTC-27DEC19,1576407540934,open,1.1,211.0,1.073,1.158,1.11430266,145.53,0.959,0.0,BTC-27DEC19-15000-P,7089.78,0.0,1.105,2.0,1.123,2.0,232.75,0.12615,-0.77293,-4.87346,1e-05,-0.99674
7200.09,SYN.BTC-26JUN20,1576407540929,open,0.98,11.5,0.9335,1.069,0.99377361,79.66,0.916,0.0,BTC-26JUN20-14000-P,7089.78,0.0,0.5,1.0,1.0,0.9,82.68,14.52458,-2.98399,-68.74489,7e-05,-0.80374
7200.09,SYN.BTC-26JUN20,1576407540928,open,3.42,0.0,3.361,3.5705,3.45684642,102.1,None,0.0,BTC-26JUN20-32000-P,7089.78,0.0,0.002,1.0,0.0,0.0,0.0,5.52173,-1.45389,-168.48864,2e-05,-0.94872
7200.09,SYN.BTC-26JUN20,1576407540929,open,0.18,287.4,0.139,0.236,0.18243028,69.09,0.182,0.0,BTC-26JUN20-7000-P,7089.78,67.86,0.179,0.9,0.1855,9.0,70.2,19.96631,-3.55776,-21.47686,0.0001,-0.37914
7200.09,SYN.BTC-26JUN20,1576407540927,open,0.28,20.2,0.239,0.3215,0.27706055,69.08,0.306,0.0,BTC-26JUN20-6000-C,7089.78,57.75,0.25,9.0,0.319,9.0,86.42,17.3392,-3.08912,17.33603,9e-05,0.73036
7114.88,SYN.BTC-31JAN20,1576407540930,open,0.34,4.8,0.317,0.391,0.35084587,67.32,0.3445,0.0,BTC-31JAN20-9500-P,7089.78,0.0,0.316,4.0,0.375,4.0,92.17,5.69098,-4.08648,-11.05871,0.00013,-0.85942
7114.88,SYN.BTC-31JAN20,1576407540930,open,0.03,296.3,0.015,0.059,0.02990537,62.75,0.0285,0.0,BTC-31JAN20-8500-C,7089.78,61.5,0.0285,20.8,0.0315,23.5,64.14,8.08009,-5.40817,1.99924,0.0002,0.2487
7095.35,BTC-27DEC19,1576407540934,open,0.0,1188.3,0.0005,0.012,0.0021152,73.2,0.002,0.0,BTC-27DEC19-9000-C,7089.78,72.47,0.002,0.8,0.0025,20.0,75.5,1.1339,-3.49478,0.09067,9e-05,0.04139
7114.88,SYN.BTC-31JAN20,1576407540929,open,0.02,151.7,0.005,0.0355,0.01560969,67.31,0.0155,0.0,BTC-31JAN20-9500-C,7089.78,66.54,0.015,16.5,0.0165,7.5,68.41,5.69007,-4.08536,1.14157,0.00013,0.14054
7200.09,SYN.BTC-26JUN20,1576407540928,open,2.33,0.0,2.2745,2.445,2.35140419,93.16,None,0.0,BTC-26JUN20-24000-P,7089.78,0.0,0.002,1.0,0.0,0.0,0.0,7.48981,-1.79946,-125.27299,3e-05,-0.92418
7200.09,SYN.BTC-26JUN20,1576407540929,open,0.01,140.4,0.003,0.028,0.01273392,83.41,0.0095,0.0,BTC-26JUN20-3000-P,7089.78,77.03,0.009,8.0,0.012,19.0,82.24,4.57389,-0.98387,-2.03843,2e-05,-0.04057
7200.09,SYN.BTC-26JUN20,1576407540929,open,0.02,12.5,0.0055,0.048,0.0180153,93.07,0.0235,0.0,BTC-26JUN20-24000-C,7089.78,91.57,0.0165,22.0,0.02,7.0,94.92,7.467,-1.79218,2.19905,3e-05,0.07552
7200.09,SYN.BTC-26JUN20,1576407540928,open,0.72,8.1,0.6775,0.8085,0.73631374,76.99,0.72,0.0,BTC-26JUN20-12000-P,7089.78,0.0,0.175,0.2,0.7495,2.0,82.38,17.16797,-3.40866,-56.29266,8e-05,-0.7356
7200.09,SYN.BTC-26JUN20,1576407540931,open,0.06,260.9,0.0345,0.0935,0.05881992,70.37,0.046,0.0,BTC-26JUN20-5000-P,7089.78,68.25,0.055,21.0,0.0615,15.5,71.83,13.1103,-2.37917,-8.62312,7e-05,-0.16665
7114.88,SYN.BTC-31JAN20,1576407540927,open,0.11,131.2,0.093,0.1625,0.11753571,59.94,0.113,0.0,BTC-31JAN20-7500-P,7089.78,55.67,0.1115,16.0,0.1225,16.0,63.44,10.07559,-6.4422,-6.14407,0.00026,-0.55487
7200.09,SYN.BTC-26JUN20,1576407540929,open,0.37,0.0,0.333,0.4015,0.3643639,70.36,None,0.0,BTC-26JUN20-5000-C,7089.78,58.05,0.343,9.0,0.3985,9.0,88.32,13.10939,-2.37863,17.93665,7e-05,0.83336
7200.09,SYN.BTC-26JUN20,1576407540931,open,2.87,0.0,2.817,3.005,2.9024917,96.71,None,0.0,BTC-26JUN20-28000-P,7089.78,0.0,0.002,1.0,0.0,0.0,0.0,6.06193,-1.51194,-147.04205,2e-05,-0.9423
7114.88,SYN.BTC-31JAN20,1576407540930,open,0.16,31.9,0.139,0.2125,0.16734719,60.83,0.1585,0.0,BTC-31JAN20-8000-P,7089.78,51.92,0.156,15.0,0.175,15.0,66.63,9.27811,-6.01983,-7.61464,0.00023,-0.666
7200.09,SYN.BTC-26JUN20,1576407540927,open,2.05,0.0,2.004,2.167,2.07695197,91.25,None,0.0,BTC-26JUN20-22000-P,7089.78,0.0,0.11,1.0,2.9995,0.1,500.0,8.44926,-1.98829,-114.27349,3e-05,-0.91102
7200.09,SYN.BTC-26JUN20,1576407540927,open,0.01,18.9,0.0035,0.04,0.013538,96.58,0.0145,0.0,BTC-26JUN20-28000-C,7089.78,95.93,0.013,23.0,0.015,2.0,98.27,6.03156,-1.50227,1.6748,2e-05,0.05733
7200.09,SYN.BTC-26JUN20,1576407540928,open,0.02,453.4,0.0125,0.049,0.02612442,72.81,0.025,0.0,BTC-26JUN20-4000-P,7089.78,72.26,0.0255,10.5,0.026,0.1,72.7,8.1569,-1.53175,-4.24528,4e-05,-0.08488
7200.09,SYN.BTC-26JUN20,1576407540929,open,0.26,153.4,0.221,0.329,0.26985686,69.09,0.27,0.0,BTC-26JUN20-8000-P,7089.78,62.78,0.2515,12.0,0.276,8.0,71.21,20.91556,-3.72699,-28.79329,0.00011,-0.48302
7114.88,SYN.BTC-31JAN20,1576407540930,open,0.02,232.1,0.008,0.044,0.02076189,64.37,0.02,0.0,BTC-31JAN20-9000-C,7089.78,63.56,0.02,29.8,0.022,3.5,65.66,6.76288,-4.64345,1.48354,0.00016,0.18312
7114.88,SYN.BTC-31JAN20,1576407540931,open,0.01,523.3,0.006,0.0335,0.01563201,67.57,0.0145,0.0,BTC-31JAN20-5500-P,7089.78,65.95,0.0145,44.0,0.016,7.0,68.09,5.04533,-3.63642,-1.22256,0.00011,-0.11817
7114.88,SYN.BTC-31JAN20,1576407540929,open,0.41,0.0,0.3835,0.458,0.41747106,70.07,None,0.0,BTC-31JAN20-10000-P,7089.78,0.0,0.3835,4.0,0.44,4.0,96.14,4.77441,-3.56865,-11.95271,0.0001,-0.89064
7200.09,SYN.BTC-26JUN20,1576407540930,open,2.6,0.0,2.5455,2.725,2.62674828,95.07,None,0.0,BTC-26JUN20-26000-P,7089.78,0.0,0.002,1.0,0.0,0.0,0.0,6.728,-1.64956,-136.18117,3e-05,-0.93406
7114.88,SYN.BTC-31JAN20,1576407540929,open,0.01,189.8,0.0005,0.02,0.00607343,82.97,0.007,0.0,BTC-31JAN20-12000-C,7089.78,81.47,0.0055,16.0,0.007,21.7,85.24,2.7866,-2.46627,0.43594,5e-05,0.05378
7114.88,SYN.BTC-31JAN20,1576407540929,open,0.01,233.9,0.0005,0.0235,0.00804872,76.46,0.008,0.0,BTC-31JAN20-11000-C,7089.78,75.34,0.0075,20.0,0.009,26.0,78.32,3.53896,-2.88623,0.59434,7e-05,0.07309
7200.09,SYN.BTC-26JUN20,1576407540928,open,1.51,2.8,1.464,1.61,1.52905322,85.0,1.5,0.0,BTC-26JUN20-18000-P,7089.78,0.0,1.35,0.1,1.55,0.1,97.47,10.56734,-2.31655,-92.08927,5e-05,-0.87886
7200.09,SYN.BTC-26JUN20,1576407540929,open,0.05,542.2,0.023,0.092,0.04929676,79.63,0.0505,0.0,BTC-26JUN20-14000-C,7089.78,78.23,0.0465,20.0,0.053,12.5,81.44,14.51828,-2.98164,5.6152,7e-05,0.19612
7200.09,SYN.BTC-26JUN20,1576407540931,open,0.04,132.3,0.016,0.0775,0.03789618,82.88,0.0395,0.0,BTC-26JUN20-16000-C,7089.78,81.77,0.036,21.0,0.0405,12.5,84.36,12.44389,-2.65972,4.4354,5e-05,0.15387
7200.09,SYN.BTC-26JUN20,1576407540929,open,0.07,283.5,0.0375,0.117,0.0696193,76.97,0.071,0.0,BTC-26JUN20-12000-C,7089.78,75.86,0.067,13.0,0.0725,12.5,78.17,17.16456,-3.40708,7.44521,8e-05,0.26429
7114.88,SYN.BTC-31JAN20,1576407540932,open,0.1,73.8,0.072,0.1335,0.09283816,59.71,0.0945,0.0,BTC-31JAN20-7000-C,7089.78,58.05,0.0905,19.6,0.0955,20.0,61.61,10.00294,-6.37131,4.38401,0.00026,0.57263
7200.09,SYN.BTC-26JUN20,1576407540930,open,0.02,65.6,0.0045,0.0435,0.01557698,94.96,0.016,0.0,BTC-26JUN20-26000-C,7089.78,93.21,0.014,23.0,0.0175,2.0,96.95,6.70151,-1.64112,1.91329,3e-05,0.0656
7114.88,SYN.BTC-31JAN20,1576407540929,open,0.01,33.7,0.0005,0.0215,0.00704924,80.04,0.006,0.0,BTC-31JAN20-11500-C,7089.78,78.77,0.0065,16.0,0.008,29.5,82.11,3.1529,-2.69178,0.51068,6e-05,0.06294
7114.88,SYN.BTC-31JAN20,1576407540928,open,0.01,148.2,0.0005,0.026,0.00953376,73.02,0.0095,0.0,BTC-31JAN20-10500-C,7089.78,72.07,0.009,16.0,0.0105,40.5,74.68,4.05449,-3.15811,0.71239,9e-05,0.0875
7200.09,SYN.BTC-26JUN20,1576407540934,open,0.47,0.5,0.4485,0.4985,0.47055961,72.8,0.589,0.0,BTC-26JUN20-4000-C,7089.78,63.1,0.4605,9.0,0.4945,9.0,91.59,8.15505,-1.5311,17.00298,4e-05,0.91515
7200.09,SYN.BTC-26JUN20,1576407540930,open,0.1,315.7,0.0635,0.152,0.10149519,73.24,0.1025,0.0,BTC-26JUN20-10000-C,7089.78,72.88,0.1005,12.0,0.104,0.2,74.15,19.70096,-3.72117,10.02885,0.0001,0.36373
7114.88,SYN.BTC-31JAN20,1576407540928,open,0.03,204.8,0.0135,0.0525,0.02767483,63.82,0.027,0.0,BTC-31JAN20-6000-P,7089.78,62.11,0.026,38.8,0.0285,7.5,64.65,7.03039,-4.78587,-2.0349,0.00017,-0.19502
7114.88,SYN.BTC-31JAN20,1576407540931,open,0.22,17.2,0.193,0.267,0.22459037,62.75,0.2135,0.0,BTC-31JAN20-8500-P,7089.78,46.53,0.208,6.0,0.2525,6.0,85.41,8.08047,-5.40883,-8.91686,0.0002,-0.75127
7114.88,SYN.BTC-31JAN20,1576407540929,open,0.14,3.5,0.11,0.1705,0.13333387,60.89,0.1365,0.0,BTC-31JAN20-6500-C,7089.78,38.31,0.1065,9.0,0.166,9.0,86.51,8.87024,-5.76105,5.17443,0.00022,0.69963
7114.88,SYN.BTC-31JAN20,1576407540932,open,0.68,0.0,0.6555,0.737,0.69268756,82.99,None,0.0,BTC-31JAN20-12000-P,7089.78,0.0,0.6585,3.0,0.713,3.0,115.88,2.78861,-2.46864,-14.97487,5e-05,-0.94617
7114.88,SYN.BTC-31JAN20,1576407540928,open,0.07,103.6,0.0445,0.1025,0.06340188,59.94,0.0625,0.0,BTC-31JAN20-7500-C,7089.78,58.6,0.0615,12.0,0.065,2.0,61.07,10.07556,-6.44182,3.48789,0.00026,0.44512
7200.09,SYN.BTC-26JUN20,1576407540929,open,0.21,68.5,0.1685,0.2595,0.21019185,69.08,0.215,0.0,BTC-26JUN20-7000-C,7089.78,65.95,0.2015,16.0,0.2205,18.0,72.81,19.96648,-3.55726,15.70544,0.0001,0.62085
7200.09,SYN.BTC-26JUN20,1576407540930,open,0.01,36.2,0.0025,0.038,0.0123279,101.93,0.0125,0.0,BTC-26JUN20-32000-C,7089.78,100.12,0.011,1.0,0.014,23.0,104.04,5.48617,-1.44213,1.47367,2e-05,0.05086
143.21,ETH-27MAR20,1576407540958,open,0.01,5101.0,0.001,0.018,0.004941,118.82,0.007,0.0,ETH-27MAR20-600-C,142.34,111.54,0.003,316.0,0.007,220.0,124.66,0.04481,-0.02588,0.0082,0.00065,0.02525
142.71,SYN.ETH-31JAN20,1576407540958,open,0.17,1.0,0.135,0.226,0.179651,71.8,0.148,0.0,ETH-31JAN20-160-P,142.34,67.62,0.174,96.0,0.183,340.0,74.26,0.19409,-0.14865,-0.14728,0.01034,-0.62397
143.21,ETH-27MAR20,1576407540961,open,2.33,0.0,2.256,2.476,2.359626,111.49,None,0.0,ETH-27MAR20-480-P,142.34,0.0,0.004,50.0,0.0,0.0,0.0,0.06588,-0.0357,-1.33982,0.00102,-0.95973
142.39,ETH-27DEC19,1576407540961,open,0.02,615.0,0.004,0.04,0.017294,71.28,0.017,0.0,ETH-27DEC19-130-P,142.34,66.91,0.015,585.0,0.019,306.0,74.44,0.07604,-0.2282,-0.01099,0.01617,-0.21996
142.39,ETH-27DEC19,1576407540961,open,0.0,396.0,0.001,0.012,0.002387,87.28,0.003,0.0,ETH-27DEC19-190-C,142.34,75.88,0.001,663.0,0.004,203.0,96.18,0.02202,-0.08091,0.00173,0.00382,0.03975
143.21,ETH-27MAR20,1576407540961,open,0.02,1259.0,0.005,0.043,0.01831,96.09,0.016,0.0,ETH-27MAR20-320-C,142.34,93.39,0.016,260.0,0.021,410.0,99.03,0.12677,-0.05921,0.03026,0.00228,0.09327
144.03,SYN.ETH-26JUN20,1576407540961,open,0.19,137.0,0.137,0.244,0.191055,80.21,0.214,0.0,ETH-26JUN20-160-C,142.34,79.5,0.189,155.0,0.201,311.0,83.66,0.41613,-0.08609,0.2706,0.00471,0.54476
142.39,ETH-27DEC19,1576407540963,open,0.0,4535.0,0.001,0.011,0.0,120.0,0.002,0.0,ETH-27DEC19-760-C,142.34,0.0,0.0,0.0,0.002,99.0,355.48,0.0,0.0,0.0,0.0,0.0
142.39,ETH-27DEC19,1576407540963,open,0.0,3913.0,0.001,0.012,0.002585,110.84,0.003,0.0,ETH-27DEC19-100-P,142.34,105.85,0.002,50.0,0.003,200.0,114.01,0.01792,-0.08361,-0.00155,0.00245,-0.03091
142.39,ETH-27DEC19,1576407540963,open,1.65,0.0,1.591,1.751,1.668727,120.0,None,0.0,ETH-27DEC19-380-P,142.34,0.0,0.02,50.0,0.0,0.0,0.0,1e-05,-3e-05,-0.12364,0.0,-1.0
142.39,ETH-27DEC19,1576407540963,open,0.01,5310.0,0.001,0.017,0.004306,83.31,0.004,0.0,ETH-27DEC19-180-C,142.34,77.32,0.003,550.0,0.006,550.0,89.79,0.03404,-0.11938,0.00299,0.00619,0.06882
144.03,SYN.ETH-26JUN20,1576407540963,open,2.88,0.0,2.782,3.052,2.908382,103.69,None,0.0,ETH-26JUN20-560-P,142.34,0.0,0.01,50.0,0.0,0.0,0.0,0.15301,-0.04092,-2.93044,0.00134,-0.92206
144.03,SYN.ETH-26JUN20,1576407540963,open,0.02,133.0,0.005,0.049,0.020304,103.69,0.022,0.0,ETH-26JUN20-560-C,142.34,101.45,0.018,228.0,0.023,140.0,106.14,0.15301,-0.04092,0.0441,0.00134,0.07794
144.03,SYN.ETH-26JUN20,1576407540963,open,3.42,0.0,3.318,3.615,3.458284,104.94,None,0.0,ETH-26JUN20-640-P,142.34,0.0,0.01,50.0,0.0,0.0,0.0,0.12255,-0.03317,-3.36602,0.00106,-0.94152
144.03,SYN.ETH-26JUN20,1576407540963,open,0.17,1898.0,0.109,0.218,0.163169,84.15,0.166,0.0,ETH-26JUN20-180-C,142.34,81.33,0.155,167.0,0.17,110.0,86.5,0.4181,-0.09074,0.24034,0.00451,0.47733
142.39,ETH-27DEC19,1576407540965,open,0.33,0.0,0.296,0.382,0.33675,87.28,None,0.0,ETH-27DEC19-190-P,142.34,0.0,0.334,1.0,0.342,340.0,110.71,0.02202,-0.08091,-0.06009,0.00382,-0.96025
142.39,ETH-27DEC19,1576407540965,open,0.54,2830.0,0.501,0.598,0.546491,112.51,0.65,0.0,ETH-27DEC19-220-P,142.34,0.0,0.001,9.0,0.0,0.0,0.0,0.01273,-0.0603,-0.07069,0.00172,-0.97944
142.39,ETH-27DEC19,1576407540965,open,0.0,7797.0,0.001,0.011,0.001439,112.51,0.001,0.0,ETH-27DEC19-220-C,142.34,107.0,0.001,503.0,0.002,390.0,118.13,0.01273,-0.0603,0.00089,0.00172,0.02056
142.71,SYN.ETH-31JAN20,1576407540965,open,0.01,27.0,0.001,0.019,0.006369,93.04,0.007,0.0,ETH-31JAN20-260-C,142.34,89.15,0.005,320.0,0.008,480.0,97.08,0.05382,-0.05341,0.00823,0.00221,0.05128
142.71,SYN.ETH-31JAN20,1576407540965,open,0.09,312.0,0.055,0.13,0.090925,70.89,0.091,0.0,ETH-31JAN20-140-P,142.34,67.38,0.086,174.0,0.094,360.0,73.09,0.19989,-0.15115,-0.0936,0.01078,-0.41982
142.71,SYN.ETH-31JAN20,1576407540965,open,0.68,0.0,0.636,0.751,0.690115,87.86,None,0.0,ETH-31JAN20-240-P,142.34,0.0,0.01,50.0,0.0,0.0,0.0,0.06687,-0.06267,-0.29735,0.00291,-0.93236
144.03,SYN.ETH-26JUN20,1576407540965,open,0.24,91.0,0.187,0.293,0.240979,80.21,0.241,0.0,ETH-26JUN20-140-C,142.34,78.04,0.235,51.0,0.257,210.0,86.07,0.39514,-0.08174,0.30021,0.00447,0.63339
142.39,ETH-27DEC19,1576407540967,open,0.0,2179.0,0.001,0.011,2.3e-05,120.0,0.001,0.0,ETH-27DEC19-300-C,142.34,0.0,0.0,0.0,0.001,2.0,168.19,0.00039,-0.00199,2e-05,5e-05,0.00043
143.21,ETH-27MAR20,1576407540967,open,2.06,0.0,1.985,2.187,2.080313,105.3,None,0.0,ETH-27MAR20-440-P,142.34,0.0,0.003,50.0,0.0,0.0,0.0,0.06812,-0.03487,-1.22639,0.00112,-0.95803
143.21,ETH-27MAR20,1576407540967,open,1.51,6.0,1.445,1.62,1.5271,99.43,1.188,0.0,ETH-27MAR20-360-P,142.34,0.0,1.512,1.0,0.0,0.0,0.0,0.10111,-0.04886,-0.99213,0.00176,-0.93087
142.39,ETH-27DEC19,1576407540967,open,0.06,142.0,0.027,0.087,0.056683,67.06,0.054,0.0,ETH-27DEC19-140-C,142.34,63.26,0.054,42.0,0.059,267.0,70.35,0.10043,-0.28356,0.02422,0.0227,0.57942
142.71,SYN.ETH-31JAN20,1576407540967,open,0.02,151.0,0.005,0.04,0.018358,78.24,0.017,0.0,ETH-31JAN20-200-C,142.34,75.26,0.016,480.0,0.02,160.0,80.23,0.11589,-0.09672,0.02298,0.00566,0.14376
144.03,SYN.ETH-26JUN20,1576407540967,open,0.04,865.0,0.012,0.073,0.036191,96.24,0.038,0.0,ETH-26JUN20-400-C,142.34,94.17,0.033,140.0,0.04,140.0,98.6,0.22728,-0.05641,0.07518,0.00214,0.13446
144.03,SYN.ETH-26JUN20,1576407540967,open,0.02,624.0,0.003,0.039,0.014765,104.94,0.014,0.0,ETH-26JUN20-640-C,142.34,104.03,0.014,230.0,0.015,1.0,105.21,0.12255,-0.03317,0.03344,0.00106,0.05848
142.71,SYN.ETH-31JAN20,1576407540967,open,0.41,0.0,0.37,0.474,0.419847,78.24,None,0.0,ETH-31JAN20-200-P,142.34,0.0,0.401,1.0,0.956,1.0,490.28,0.11589,-0.09672,-0.23387,0.00566,-0.85624
143.21,ETH-27MAR20,1576407540969,open,0.02,837.0,0.005,0.03,0.014229,83.22,0.013,0.0,ETH-27MAR20-80-P,142.34,79.65,0.012,405.0,0.016,320.0,85.89,0.09283,-0.03755,-0.03074,0.00193,-0.06193
143.21,ETH-27MAR20,1576407540969,open,0.17,36.0,0.124,0.212,0.168988,75.73,0.207,0.0,ETH-27MAR20-140-C,142.34,61.63,0.14,48.0,0.203,48.0,92.4,0.29343,-0.108,0.17461,0.0067,0.60157
142.39,ETH-27DEC19,1576407540969,open,1.79,15.0,1.728,1.896,1.809186,120.0,1.248,0.0,ETH-27DEC19-400-P,142.34,0.0,0.002,50.0,0.0,0.0,0.0,0.0,-1e-05,-0.13014,0.0,-1.0
142.39,ETH-27DEC19,1576407540969,open,2.63,36.0,2.546,2.764,2.651942,120.0,2.65,0.0,ETH-27DEC19-520-P,142.34,0.0,0.003,50.0,0.0,0.0,0.0,0.0,0.0,-0.16919,0.0,-1.0
144.03,SYN.ETH-26JUN20,1576407540969,open,0.1,506.0,0.049,0.143,0.092805,86.29,0.097,0.0,ETH-26JUN20-240-C,142.34,84.41,0.088,130.0,0.098,180.0,88.3,0.37004,-0.08235,0.16573,0.00389,0.30944
144.03,SYN.ETH-26JUN20,1576407540969,open,2.33,0.0,2.245,2.486,2.35806,99.52,None,0.0,ETH-26JUN20-480-P,142.34,0.0,0.01,50.0,0.0,0.0,0.0,0.18058,-0.04635,-2.4946,0.00165,-0.90269
144.03,SYN.ETH-26JUN20,1576407540969,open,0.12,719.0,0.063,0.162,0.109834,85.14,0.112,0.0,ETH-26JUN20-220-C,142.34,83.35,0.105,189.0,0.115,180.0,87.04,0.39072,-0.08579,0.18741,0.00416,0.3548
144.03,SYN.ETH-26JUN20,1576407540969,open,2.6,0.0,2.513,2.768,2.632678,101.45,None,0.0,ETH-26JUN20-520-P,142.34,0.0,0.01,50.0,0.0,0.0,0.0,0.16458,-0.04306,-2.71345,0.00147,-0.91414
143.21,ETH-27MAR20,1576407540971,open,0.97,173.0,0.91,1.061,0.981123,91.93,1.157,0.0,ETH-27MAR20-280-P,142.34,0.0,0.955,1.0,1.004,1.0,109.55,0.16022,-0.07159,-0.74748,0.00302,-0.87072
142.39,ETH-27DEC19,1576407540971,open,0.0,6667.0,0.001,0.011,0.0,120.0,0.001,0.0,ETH-27DEC19-480-C,142.34,0.0,0.0,0.0,0.001,14.0,253.52,0.0,0.0,0.0,0.0,0.0
142.39,ETH-27DEC19,1576407540971,open,2.35,21.0,2.273,2.475,2.371023,120.0,2.37,0.0,ETH-27DEC19-480-P,142.34,0.0,0.002,50.0,0.0,0.0,0.0,0.0,0.0,-0.15617,0.0,-1.0
143.21,ETH-27MAR20,1576407540976,open,0.58,30.0,0.521,0.657,0.586419,84.96,0.306,0.0,ETH-27MAR20-220-P,142.34,53.28,0.546,300.0,0.602,300.0,94.15,0.233,-0.09622,-0.54595,0.00474,-0.76615
143.21,ETH-27MAR20,1576407540976,open,0.01,2330.0,0.001,0.021,0.006421,113.53,0.01,0.0,ETH-27MAR20-520-C,142.34,109.6,0.005,100.0,0.008,220.0,117.29,0.05601,-0.03091,0.01074,0.00085,0.03303
143.21,ETH-27MAR20,1576407540976,open,0.1,1511.0,0.049,0.129,0.087172,79.77,0.084,0.0,ETH-27MAR20-180-C,142.34,77.68,0.083,300.0,0.091,439.0,81.67,0.28741,-0.11143,0.11472,0.00623,0.37139
142.39,ETH-27DEC19,1576407540978,open,0.0,1347.0,0.001,0.011,0.0,120.0,0.002,0.0,ETH-27DEC19-380-C,142.34,0.0,0.0,0.0,0.001,3.0,212.0,1e-05,-3e-05,0.0,0.0,0.0
142.71,SYN.ETH-31JAN20,1576407540978,open,0.06,777.0,0.03,0.091,0.05846,71.8,0.055,0.0,ETH-31JAN20-160-C,142.34,69.25,0.055,110.0,0.06,340.0,72.93,0.19409,-0.14865,0.0582,0.01034,0.37603
144.03,SYN.ETH-26JUN20,1576407540978,open,0.75,3.0,0.677,0.847,0.759125,86.29,0.75,0.0,ETH-26JUN20-240-P,142.34,0.0,0.666,1.0,1.578,1.0,499.18,0.37004,-0.08235,-1.10907,0.00389,-0.69056
144.03,SYN.ETH-26JUN20,1576407540990,open,1.0,0.0,0.927,1.108,1.013347,88.93,None,0.0,ETH-26JUN20-280-P,142.34,0.0,0.944,1.0,1.85,1.0,500.0,0.32739,-0.07508,-1.35558,0.00334,-0.75856
144.03,SYN.ETH-26JUN20,1576407540990,open,0.41,372.0,0.341,0.488,0.412908,84.15,0.446,0.0,ETH-26JUN20-180-P,142.34,69.27,0.37,210.0,0.46,1.0,100.36,0.4181,-0.09074,-0.71575,0.00451,-0.52267
144.03,SYN.ETH-26JUN20,1576407540992,open,0.52,249.0,0.445,0.6,0.520971,84.29,0.601,0.0,ETH-26JUN20-200-P,142.34,18.57,0.389,1.0,0.531,210.0,87.82,0.4081,-0.08871,-0.84985,0.00439,-0.58989
143.21,ETH-27MAR20,1576407540992,open,1.24,7.0,1.176,1.339,1.252791,96.09,1.28,0.0,ETH-27MAR20-320-P,142.34,0.0,1.233,1.0,1.262,2.0,105.43,0.12677,-0.05921,-0.87167,0.00228,-0.90673
143.21,ETH-27MAR20,1576407540996,open,3.44,0.0,3.34,3.62,3.472912,119.51,None,0.0,ETH-27MAR20-640-P,142.34,0.0,0.01,50.0,0.0,0.0,0.0,0.03767,-0.02188,-1.79715,0.00055,-0.97945
144.03,SYN.ETH-26JUN20,1576407540998,open,3.15,0.0,3.05,3.334,3.183621,104.94,None,0.0,ETH-26JUN20-600-P,142.34,0.0,0.01,50.0,0.0,0.0,0.0,0.13939,-0.03772,-3.14785,0.00121,-0.931
7094.59,BTC-27DEC19,1576407434374,open,0.0,24.6,0.0005,0.0125,0.00264213,69.13,0.0025,0.0,BTC-27DEC19-8750-C,7089.78,65.55,0.002,39.0,0.0035,25.5,73.21,1.37538,-4.00295,0.11545,0.00012,0.05266
7091.31,SYN.BTC-20DEC19,1576407508948,open,0.0,190.3,0.0005,0.011,0.00136022,73.41,0.0015,0.0,BTC-20DEC19-8250-C,7089.78,69.53,0.001,20.0,0.002,38.2,79.04,0.71801,-5.40555,0.03738,0.00015,0.04082
7148.1,BTC-27MAR20,1576407541248,open,4.0,0.0,3.9385,4.1515,4.03934372,123.06,None,0.0,BTC-27MAR20-36000-P,7089.78,0.0,0.0015,10.0,0.0,0.0,0.0,1.50749,-0.90161,-101.20819,1e-05,-0.98414
143.21,ETH-27MAR20,1576407541424,open,0.35,1.0,0.305,0.374,0.339703,79.31,0.337,0.0,ETH-27MAR20-100-C,142.34,57.93,0.317,43.0,0.37,43.0,102.64,0.17231,-0.06642,0.20849,0.00376,0.85622
7095.35,BTC-27DEC19,1576407541433,open,5.15,0.0,5.0805,5.328,5.20190004,342.11,3.46,0.0,BTC-27DEC19-44000-P,7089.78,0.0,0.001,1.0,0.0,0.0,0.0,0.15309,-2.20505,-14.30809,0.0,-0.99596
7148.1,BTC-27MAR20,1576407541437,open,4.56,1.0,4.487,4.719,4.59808049,124.74,4.54,0.0,BTC-27MAR20-40000-P,7089.78,0.0,0.0015,10.0,0.0,0.0,0.0,1.15333,-0.69922,-112.5503,1e-05,-0.98837
144.03,SYN.ETH-26JUN20,1576407541442,open,0.39,1.0,0.341,0.424,0.382879,80.21,0.38,0.0,ETH-26JUN20-100-C,142.34,69.55,0.363,48.0,0.424,48.0,101.14,0.27518,-0.05693,0.33462,0.00311,0.82027
7095.35,BTC-27DEC19,1576407541458,open,0.02,866.6,0.005,0.0375,0.01750638,53.63,0.0215,0.0,BTC-27DEC19-7500-C,7089.78,51.21,0.016,32.0,0.018,1.1,54.42,4.44869,-10.04584,0.65173,0.00051,0.29982
7095.35,BTC-27DEC19,1576407541555,open,6.27,0.8,6.186,6.479,6.32950789,373.11,3.59,0.0,BTC-27DEC19-52000-P,7089.78,0.0,0.001,1.0,0.0,0.0,0.0,0.1637,-2.57155,-16.9105,0.0,-0.99564
142.36,SYN.ETH-20DEC19,1576407541694,open,0.19,0.0,0.16,0.235,0.195561,83.98,None,0.0,ETH-20DEC19-170-P,142.34,0.0,0.194,1.0,0.198,1.0,102.75,0.01348,-0.11606,-0.02202,0.00593,-0.96242
7095.3,BTC-27DEC19,1576407541934,open,0.01,63.4,0.0005,0.023,0.00781788,65.01,0.0075,0.0,BTC-27DEC19-6250-P,7089.19,62.78,0.007,10.0,0.008,17.7,65.49,2.66458,-7.2927,-0.31134,0.00025,-0.12705
7095.3,BTC-27DEC19,1576407541934,open,0.16,0.0,0.142,0.1965,0.16721754,60.46,0.1745,0.0,BTC-27DEC19-8250-P,7089.19,0.0,0.1605,7.0,0.174,5.0,78.62,2.11398,-5.3814,-2.48198,0.00021,-0.90791
7095.3,BTC-27DEC19,1576407541934,open,0.01,119.6,0.0005,0.032,0.01049424,54.78,0.0115,0.0,BTC-27DEC19-7750-C,7089.19,53.79,0.01,31.1,0.0115,0.4,56.75,3.57655,-8.24928,0.43609,0.0004,0.1994
7095.3,BTC-27DEC19,1576407541934,open,0.03,87.4,0.0145,0.058,0.02905729,53.63,0.029,0.0,BTC-27DEC19-7250-C,7089.19,50.72,0.027,14.0,0.03,23.4,54.95,5.02855,-11.35328,0.92718,0.00057,0.43069
7095.3,BTC-27DEC19,1576407541934,open,0.02,160.3,0.0075,0.0445,0.0195346,55.8,0.018,0.0,BTC-27DEC19-6750-P,7089.19,53.31,0.018,0.4,0.0205,22.0,57.35,4.39868,-10.33337,-0.7204,0.00048,-0.29252
7095.3,BTC-27DEC19,1576407541934,open,0.23,0.0,0.21,0.266,0.23597617,69.73,0.211,0.0,BTC-27DEC19-8750-P,7089.19,0.0,0.227,6.0,0.2425,4.0,92.67,1.41113,-4.14279,-2.72774,0.00012,-0.94561
7095.3,BTC-27DEC19,1576407541934,open,0.2,0.0,0.174,0.214,0.19285834,75.55,None,0.0,BTC-27DEC19-5750-C,7089.19,0.0,0.1895,7.1,0.2005,9.0,103.43,1.3951,-4.43764,1.73956,0.00011,0.94639
7095.3,BTC-27DEC19,1576407541934,open,0.1,7.8,0.0795,0.1355,0.1028759,55.0,0.0965,0.0,BTC-27DEC19-7750-P,7089.19,51.18,0.101,3.1,0.105,1.1,59.09,3.58774,-8.30779,-2.08332,0.0004,-0.79956
7148.1,BTC-27MAR20,1576407541934,open,4.56,1.0,4.486,4.7205,4.597408,120.0,4.54,0.0,BTC-27MAR20-40000-P,7089.19,0.0,0.0015,10.0,0.0,0.0,0.0,0.88198,-0.51439,-112.59873,1e-05,-0.99145
7148.1,BTC-27MAR20,1576407541934,open,3.72,0.0,3.6635,3.868,3.75946519,119.17,None,0.0,BTC-27MAR20-34000-P,7089.19,0.0,0.0015,10.0,0.0,0.0,0.0,1.5056,-0.87207,-95.56994,1e-05,-0.98416
7095.3,BTC-27DEC19,1576407541934,open,0.0,24.6,0.0005,0.0125,0.00264204,69.1,0.0025,0.0,BTC-27DEC19-8750-C,7089.19,65.53,0.002,39.0,0.0035,25.5,73.19,1.37582,-4.00273,0.1155,0.00012,0.05267
7095.3,BTC-27DEC19,1576407541934,open,6.27,0.8,6.1845,6.4775,6.32874347,0.0,3.59,0.0,BTC-27DEC19-52000-P,7089.19,0.0,0.001,1.0,0.0,0.0,0.0,0.0,0.0,-16.9188,0.0,-1.0
7148.1,BTC-27MAR20,1576407541934,open,3.45,0.0,3.389,3.5825,3.47990317,116.5,None,0.0,BTC-27MAR20-32000-P,7089.19,0.0,0.0015,10.0,0.0,0.0,0.0,1.62029,-0.91747,-89.90903,1e-05,-0.98275
7095.3,BTC-27DEC19,1576407541935,open,0.13,0.1,0.105,0.1505,0.12686492,64.77,0.1305,0.0,BTC-27DEC19-6250-C,7089.19,56.42,0.124,0.1,0.128,0.1,67.73,2.65329,-7.23552,1.72416,0.00025,0.87373
7095.3,BTC-27DEC19,1576407541935,open,5.15,0.0,5.079,5.327,5.20124448,0.0,3.46,0.0,BTC-27DEC19-44000-P,7089.19,0.0,0.001,1.0,0.0,0.0,0.0,0.0,0.0,-14.31591,0.0,-1.0
7095.3,BTC-27DEC19,1576407541935,open,4.6,0.0,4.5265,4.7515,4.63749498,0.0,2.58,0.0,BTC-27DEC19-40000-P,7089.19,0.0,0.001,1.0,0.0,0.0,0.0,0.0,0.0,-13.01446,0.0,-1.0
7147.51,BTC-27MAR20,1576407541935,open,3.17,0.0,3.115,3.299,3.2008618,114.17,None,0.0,BTC-27MAR20-30000-P,7089.19,0.0,0.0015,10.0,0.0,0.0,0.0,1.80058,-0.99911,-84.23436,1e-05,-0.98047
7147.51,BTC-27MAR20,1576407541936,open,4.0,0.0,3.9375,4.152,4.03874605,117.55,None,0.0,BTC-27MAR20-36000-P,7089.19,0.0,0.0015,10.0,0.0,0.0,0.0,1.12854,-0.64474,-101.27879,1e-05,-0.98866
7092.05,SYN.BTC-20DEC19,1576407541934,open,0.03,213.4,0.0185,0.0665,0.03441625,46.05,0.0325,0.0,BTC-20DEC19-7250-P,7089.19,41.53,0.0325,15.0,0.035,1.1,47.41,3.03384,-14.32784,-0.64906,0.00098,-0.65071
7094.71,BTC-27DEC19,1576407541937,open,5.71,0.0,5.632,5.902,5.76499397,0.0,None,0.0,BTC-27DEC19-48000-P,7089.19,0.0,0.0005,1.0,0.0,0.0,0.0,0.0,0.0,-15.61735,0.0,-1.0
7094.71,BTC-27DEC19,1576407541937,open,4.04,1.3,3.974,4.1765,4.07374548,0.0,3.212,0.0,BTC-27DEC19-36000-P,7089.19,0.0,0.0005,1.0,0.0,0.0,0.0,0.0,0.0,-11.71301,0.0,-1.0
7092.05,SYN.BTC-20DEC19,1576407541934,open,0.26,0.1,0.2445,0.2985,0.26961435,93.52,0.2435,0.0,BTC-20DEC19-9000-P,7089.19,0.0,0.2605,2.0,0.2795,2.0,163.4,0.324,-3.10721,-1.18784,5e-05,-0.98423
7092.05,SYN.BTC-20DEC19,1576407541934,open,0.12,4.2,0.1065,0.1565,0.1298804,65.13,0.112,0.0,BTC-20DEC19-8000-P,7089.19,0.0,0.122,8.0,0.137,4.0,98.43,0.96456,-6.44274,-1.01444,0.00022,-0.94093
7092.05,SYN.BTC-20DEC19,1576407541934,open,0.23,0.2,0.21,0.262,0.23435642,83.93,0.207,0.0,BTC-20DEC19-8750-P,7089.19,0.0,0.2255,2.0,0.2425,2.0,142.38,0.34778,-2.99344,-1.15316,6e-05,-0.98287
7092.05,SYN.BTC-20DEC19,1576407541934,open,0.16,0.1,0.141,0.1925,0.16475658,74.54,0.1615,0.0,BTC-20DEC19-8250-P,7089.19,0.0,0.158,3.0,0.1675,1.0,93.24,0.75477,-5.76965,-1.06232,0.00015,-0.95659
7092.05,SYN.BTC-20DEC19,1576407541934,open,0.0,280.8,0.0005,0.0115,0.00173855,64.25,0.0015,0.0,BTC-20DEC19-8000-C,7089.19,57.76,0.001,52.2,0.0025,38.1,69.5,0.9311,-6.13523,0.05186,0.00022,0.05648
7092.05,SYN.BTC-20DEC19,1576407541934,open,0.03,333.4,0.014,0.058,0.02722623,43.82,0.0305,0.0,BTC-20DEC19-7000-C,7089.19,39.91,0.0255,12.1,0.0285,0.1,46.69,3.14146,-14.11787,0.55352,0.00107,0.61151
7092.05,SYN.BTC-20DEC19,1576407541934,open,0.19,0.0,0.1755,0.2265,0.19932782,77.76,0.154,0.0,BTC-20DEC19-8500-P,7089.19,0.0,0.192,2.0,0.2075,2.0,129.43,0.46976,-3.74621,-1.11306,9e-05,-0.97558
7092.05,SYN.BTC-20DEC19,1576407541934,open,0.01,277.9,0.0005,0.0255,0.00458954,47.69,0.0055,0.0,BTC-20DEC19-7500-C,7089.19,45.55,0.004,22.1,0.0055,0.1,50.8,2.00871,-9.82299,0.1489,0.00063,0.16177
7092.05,SYN.BTC-20DEC19,1576407541934,open,0.06,71.7,0.042,0.093,0.06222252,48.07,0.0555,0.0,BTC-20DEC19-7500-P,7089.19,43.57,0.061,1.1,0.0655,1.0,58.55,2.02539,-9.98506,-0.8511,0.00063,-0.83617
7095.3,BTC-27DEC19,1576407541945,open,0.05,10.4,0.032,0.084,0.05096272,53.77,0.051,0.0,BTC-27DEC19-7250-P,7089.19,51.0,0.049,2.0,0.052,2.0,55.23,5.02918,-11.38526,-1.43127,0.00057,-0.56903
7092.05,SYN.BTC-20DEC19,1576407541956,open,0.03,213.4,0.0185,0.0665,0.03441625,46.05,0.0325,0.0,BTC-20DEC19-7250-P,7089.19,41.53,0.0325,15.0,0.0345,1.0,46.25,3.03384,-14.32784,-0.64906,0.00098,-0.65071
7200.9,SYN.BTC-26JUN20,1576407541960,open,0.16,181.3,0.117,0.2095,0.15873806,69.07,0.165,0.0,BTC-26JUN20-8000-C,7089.19,69.34,0.1595,16.0,0.1685,13.5,72.44,20.91784,-3.72625,13.70361,0.00011,0.51701
7094.71,BTC-27DEC19,1576407542630,open,0.05,10.4,0.032,0.084,0.05096272,53.7,0.051,0.0,BTC-27DEC19-7250-P,7089.19,50.92,0.049,2.0,0.052,1.0,55.16,5.02769,-11.36647,-1.43226,0.00057,-0.56951
7094.71,BTC-27DEC19,1576407542805,open,0.0,102.7,0.0005,0.016,0.00436117,60.09,0.0045,0.0,BTC-27DEC19-8250-C,7089.19,58.85,0.004,40.0,0.0045,0.1,60.57,2.08698,-5.28028,0.19888,0.00021,0.09051
7115.61,SYN.BTC-31JAN20,1576407542861,open,0.04,66.3,0.0265,0.0785,0.04296953,60.8,0.0455,0.0,BTC-31JAN20-8000-C,7089.19,59.7,0.0415,14.0,0.0455,29.9,62.76,9.27985,-6.01842,2.66045,0.00023,0.33407
7200.9,SYN.BTC-26JUN20,1576407542884,open,0.26,153.4,0.221,0.329,0.26975097,69.12,0.27,0.0,BTC-26JUN20-8000-P,7089.19,62.81,0.2515,12.0,0.276,2.0,71.24,20.91759,-3.72852,-28.79009,0.00011,-0.48287
7147.51,BTC-27MAR20,1576407543021,open,0.15,54.3,0.1125,0.187,0.14689515,65.39,0.14,0.0,BTC-27MAR20-7000-C,7089.19,63.96,0.144,10.0,0.1495,15.0,66.63,14.73063,-4.6812,8.97345,0.00016,0.59237
7147.51,BTC-27MAR20,1576407543035,open,0.21,305.9,0.175,0.265,0.21606911,66.73,0.1945,0.0,BTC-27MAR20-8000-P,7089.19,58.82,0.1995,14.0,0.2195,2.0,68.4,14.98867,-4.8613,-15.55292,0.00016,-0.55603
144.03,SYN.ETH-26JUN20,1576407543131,open,0.31,143.0,0.254,0.352,0.304054,80.21,0.323,0.0,ETH-26JUN20-120-C,142.34,69.43,0.278,49.0,0.31,213.0,82.67,0.34884,-0.07216,0.32376,0.00395,0.72725
142.39,ETH-27DEC19,1576407543455,open,0.17,22.0,0.135,0.195,0.165532,81.95,0.165,0.0,ETH-27DEC19-120-C,142.34,48.39,0.158,33.0,0.187,33.0,131.24,0.04802,-0.16567,0.0336,0.00888,0.89089
142.71,SYN.ETH-31JAN20,1576407543490,open,0.2,2.0,0.161,0.231,0.19674,74.24,0.225,0.0,ETH-31JAN20-120-C,142.34,59.49,0.182,59.0,0.226,39.0,100.65,0.14999,-0.11877,0.10755,0.00773,0.7836
7091.45,SYN.BTC-20DEC19,1576407543501,open,0.3,0.0,0.279,0.334,0.30451376,85.68,None,0.0,BTC-20DEC19-9250-P,7089.19,0.0,0.296,2.0,0.316,2.0,181.31,0.1019,-0.89541,-1.23174,2e-05,-0.99578
7094.68,BTC-27DEC19,1576407543899,open,0.05,270.8,0.025,0.071,0.04544373,53.75,0.0465,0.0,BTC-27DEC19-7000-C,7089.19,51.0,0.0435,2.0,0.0475,25.4,56.65,5.01681,-11.3525,1.22053,0.00057,0.57419
142.4,ETH-27DEC19,1576407543905,open,0.04,4712.0,0.015,0.07,0.039898,67.11,0.041,0.0,ETH-27DEC19-140-P,142.34,63.0,0.037,406.0,0.043,250.0,71.5,0.10042,-0.28374,-0.02132,0.02268,-0.42037
7094.68,BTC-27DEC19,1576407543918,open,5.71,0.0,5.634,5.904,5.76560423,0.0,None,0.0,BTC-27DEC19-48000-P,7089.19,0.0,0.0005,1.0,0.0,0.0,0.0,0.0,0.0,-15.61735,0.0,-1.0
7200.46,SYN.BTC-26JUN20,1576407543922,open,3.15,0.0,3.088,3.2875,3.1789843,98.97,None,0.0,BTC-26JUN20-30000-P,7089.19,0.0,0.002,1.0,0.0,0.0,0.0,5.65652,-1.44376,-157.80975,2e-05,-0.94715
7094.68,BTC-27DEC19,1576407543948,open,1.24,18.0,1.211,1.301,1.25502049,0.0,1.261,0.0,BTC-27DEC19-16000-P,7089.17,0.0,1.246,2.0,1.264,2.0,246.99,0.0,0.0,-5.20578,0.0,-1.0
7094.66,BTC-27DEC19,1576407543949,open,0.13,915.4,0.1085,0.1635,0.13426431,57.32,0.147,0.0,BTC-27DEC19-8000-P,7089.17,52.5,0.1325,2.1,0.1365,0.1,62.75,2.75772,-6.65551,-2.31002,0.00029,-0.86647
7094.66,BTC-27DEC19,1576407543949,open,0.0,49.0,0.0005,0.0135,0.00333427,75.93,0.003,0.0,BTC-27DEC19-5750-P,7089.17,74.21,0.003,20.0,0.004,10.5,79.12,1.4131,-4.51745,-0.13347,0.00011,-0.05449
7094.66,BTC-27DEC19,1576407543949,open,6.27,0.8,6.1855,6.478,6.32879512,0.0,3.59,0.0,BTC-27DEC19-52000-P,7089.17,0.0,0.001,1.0,0.0,0.0,0.0,0.0,0.0,-16.9188,0.0,-1.0
7147.57,BTC-27MAR20,1576407543949,open,0.06,621.4,0.0375,0.097,0.06260461,65.73,0.0685,0.0,BTC-27MAR20-6000-P,7089.17,63.59,0.059,25.0,0.066,13.0,67.74,12.04614,-3.84842,-6.28793,0.00013,-0.24952
7094.66,BTC-27DEC19,1576407543949,open,4.6,0.0,4.5275,4.7525,4.63753471,0.0,2.58,0.0,BTC-27DEC19-40000-P,7089.17,0.0,0.001,1.0,0.0,0.0,0.0,0.0,0.0,-13.01446,0.0,-1.0
7094.66,BTC-27DEC19,1576407543949,open,5.15,0.0,5.08,5.3275,5.20128818,0.0,3.46,0.0,BTC-27DEC19-44000-P,7089.17,0.0,0.001,1.0,0.0,0.0,0.0,0.0,0.0,-14.31591,0.0,-1.0
7094.66,BTC-27DEC19,1576407543950,open,0.17,133.2,0.139,0.182,0.15934922,70.27,0.17,0.0,BTC-27DEC19-6000-C,7089.17,39.52,0.1545,7.0,0.1675,9.0,93.89,1.95528,-5.78507,1.74901,0.00017,0.91704
7091.44,SYN.BTC-20DEC19,1576407543948,open,0.01,336.7,0.0025,0.0395,0.01207327,45.95,0.012,0.0,BTC-20DEC19-7250-C,7089.17,45.78,0.012,1.1,0.013,35.5,48.11,3.03058,-14.2816,0.31855,0.00098,0.34835
7094.66,BTC-27DEC19,1576407543950,open,0.1,144.8,0.073,0.12,0.09569246,59.24,0.098,0.0,BTC-27DEC19-6500-C,7089.17,55.73,0.094,2.0,0.0975,0.1,62.85,3.48875,-8.70188,1.64555,0.00036,0.80857
7147.57,BTC-27MAR20,1576407543950,open,0.01,425.7,0.0005,0.031,0.01016572,94.77,0.01,0.0,BTC-27MAR20-18000-C,7089.17,90.93,0.008,27.1,0.011,27.0,96.12,4.31726,-1.98863,0.93526,3e-05,0.05659
7147.57,BTC-27MAR20,1576407543950,open,0.12,256.4,0.0915,0.1695,0.12625698,65.37,0.118,0.0,BTC-27MAR20-7000-P,7089.17,63.79,0.123,11.0,0.129,13.0,66.7,14.73077,-4.68011,-10.75551,0.00016,-0.40763
7147.57,BTC-27MAR20,1576407543950,open,0.0,144.6,0.0005,0.013,0.00244269,120.0,0.0035,0.0,BTC-27MAR20-36000-C,7089.17,117.37,0.002,13.0,0.0035,31.0,125.13,1.29045,-0.75265,0.2175,1e-05,0.01324
7091.44,SYN.BTC-20DEC19,1576407543948,open,0.0,111.3,0.0005,0.0105,0.00067936,75.84,0.001,0.0,BTC-20DEC19-8500-C,7089.17,72.53,0.0005,40.4,0.001,0.1,80.58,0.42245,-3.28567,0.01975,8e-05,0.02153
7200.46,SYN.BTC-26JUN20,1576407543949,open,3.42,0.0,3.36,3.57,3.45622259,101.57,None,0.0,BTC-26JUN20-32000-P,7089.17,0.0,0.002,1.0,0.0,0.0,0.0,5.413,-1.41796,-168.52192,2e-05,-0.94999
7147.55,BTC-27MAR20,1576407543951,open,0.02,434.6,0.005,0.041,0.01635363,82.57,0.0155,0.0,BTC-27MAR20-14000-C,7089.17,82.73,0.0165,0.1,0.0175,0.1,83.83,6.38037,-2.56039,1.57093,5e-05,0.09433
7091.44,SYN.BTC-20DEC19,1576407543948,open,0.0,190.3,0.0005,0.011,0.00136457,73.45,0.0015,0.0,BTC-20DEC19-8250-C,7089.17,69.52,0.001,20.0,0.002,38.2,79.04,0.71941,-5.4187,0.03747,0.00015,0.04092
7094.66,BTC-27DEC19,1576407543951,open,0.0,1025.2,0.0005,0.0105,6.994e-05,120.01,0.0005,0.0,BTC-27DEC19-14000-C,7089.17,0.0,0.0,0.0,0.0025,39.0,175.52,0.05156,-0.26051,0.00265,0.0,0.00122
7094.66,BTC-27DEC19,1576407543952,open,0.82,98.8,0.797,0.8705,0.83257404,119.28,0.7985,0.0,BTC-27DEC19-13000-P,7089.17,0.0,0.823,2.0,0.8415,2.0,199.34,0.13084,-0.65711,-4.22235,1e-05,-0.99661
7147.55,BTC-27MAR20,1576407543952,open,0.45,7.4,0.4335,0.4715,0.45047659,76.18,0.499,0.0,BTC-27MAR20-4000-C,7089.17,50.88,0.4415,9.0,0.845,0.1,471.67,3.96069,-1.46636,10.04789,4e-05,0.94924
7200.46,SYN.BTC-26JUN20,1576407543951,open,0.37,107.5,0.324,0.4425,0.37771533,71.92,0.344,0.0,BTC-26JUN20-9000-P,7089.17,61.63,0.3485,6.0,0.3985,8.0,79.13,20.65765,-3.83166,-36.05307,0.0001,-0.56494
7091.44,SYN.BTC-20DEC19,1576407543948,open,0.0,179.8,0.0005,0.0115,0.00188121,69.6,0.0015,0.0,BTC-20DEC19-6250-P,7089.17,66.39,0.0015,25.0,0.002,14.1,70.53,0.89405,-6.38117,-0.05261,0.00019,-0.05365
7200.46,SYN.BTC-26JUN20,1576407543951,open,2.87,0.0,2.816,3.0045,2.9019478,96.3,None,0.0,BTC-26JUN20-28000-P,7089.17,0.0,0.002,1.0,0.0,0.0,0.0,5.9698,-1.48258,-147.07147,2e-05,-0.94342
7091.44,SYN.BTC-20DEC19,1576407543948,open,0.0,138.3,0.0005,0.0105,0.00045611,90.43,0.0005,0.0,BTC-20DEC19-9000-C,7089.17,0.0,0.0,0.0,0.001,30.9,101.06,0.27323,-2.53384,0.01182,4e-05,0.01294
7200.46,SYN.BTC-26JUN20,1576407543949,open,2.6,0.0,2.545,2.7245,2.62624413,94.72,None,0.0,BTC-26JUN20-26000-P,7089.17,0.0,0.002,1.0,0.0,0.0,0.0,6.64802,-1.62402,-136.20764,3e-05,-0.93507
7091.44,SYN.BTC-20DEC19,1576407543948,open,0.0,261.3,0.0005,0.015,0.00298234,58.29,0.0025,0.0,BTC-20DEC19-6500-P,7089.17,55.67,0.0025,39.9,0.003,0.3,58.39,1.35696,-8.11205,-0.09033,0.00035,-0.09238
7091.44,SYN.BTC-20DEC19,1576407543948,open,0.0,368.6,0.0005,0.0155,0.00261045,55.86,0.003,0.0,BTC-20DEC19-7750-C,7089.17,52.39,0.002,25.1,0.0035,43.6,60.29,1.32657,-7.59909,0.0824,0.00035,0.0896
7091.44,SYN.BTC-20DEC19,1576407543948,open,0.2,0.0,0.173,0.209,0.19002826,91.82,None,0.0,BTC-20DEC19-5750-C,7089.17,0.0,0.182,8.0,0.197,8.0,146.26,0.4175,-3.93134,0.74715,7e-05,0.97877
7091.44,SYN.BTC-20DEC19,1576407543948,open,0.16,2.0,0.137,0.174,0.15478887,75.89,0.1715,0.0,BTC-20DEC19-6000-C,7089.17,0.0,0.147,8.0,0.162,8.0,124.83,0.48919,-3.80725,0.77637,0.0001,0.97437
7091.44,SYN.BTC-20DEC19,1576407543948,open,0.13,0.0,0.1015,0.1415,0.12061229,70.19,0.165,0.0,BTC-20DEC19-6250-C,7089.17,0.0,0.113,7.0,0.1275,7.0,105.31,0.9126,-6.56859,0.78086,0.00019,0.94493
7091.44,SYN.BTC-20DEC19,1576407543948,open,0.0,90.3,0.0005,0.0105,0.00079567,90.62,0.0005,0.0,BTC-20DEC19-5750-P,7089.17,84.54,0.0005,64.3,0.001,11.0,94.02,0.39634,-3.68332,-0.01967,7e-05,-0.01997
7091.44,SYN.BTC-20DEC19,1576407543948,open,0.09,0.0,0.066,0.109,0.08646266,58.7,0.1045,0.0,BTC-20DEC19-6500-C,7089.17,0.0,0.0795,8.0,0.093,8.0,84.74,1.37261,-8.26252,0.7765,0.00035,0.90618
7091.44,SYN.BTC-20DEC19,1576407543948,open,0.01,935.6,0.0045,0.0445,0.01430763,43.88,0.013,0.0,BTC-20DEC19-7000-P,7089.17,40.92,0.013,24.5,0.015,6.0,45.44,3.14295,-14.14347,-0.38229,0.00107,-0.38925
7091.44,SYN.BTC-20DEC19,1576407543949,open,0.0,75.5,0.0005,0.0105,0.00045275,81.15,0.0005,0.0,BTC-20DEC19-8750-C,7089.17,0.0,0.0,0.0,0.001,3.0,91.06,0.29473,-2.45278,0.01295,5e-05,0.01412
7091.44,SYN.BTC-20DEC19,1576407543948,open,0.0,156.4,0.0005,0.0105,0.00080704,74.82,0.001,0.0,BTC-20DEC19-6000-P,7089.17,69.42,0.0005,94.1,0.001,3.4,77.58,0.4643,-3.5627,-0.02358,9e-05,-0.02409
7091.44,SYN.BTC-20DEC19,1576407543948,open,0.0,1223.2,0.0005,0.0275,0.0059821,49.44,0.005,0.0,BTC-20DEC19-6750-P,7089.17,46.19,0.005,24.1,0.006,2.1,49.5,2.19636,-11.13642,-0.18202,0.00066,-0.18617
7115.02,SYN.BTC-31JAN20,1576407543948,open,0.07,83.9,0.056,0.119,0.07664241,59.69,0.0755,0.0,BTC-31JAN20-7000-P,7089.17,57.81,0.074,27.4,0.079,7.5,61.36,10.003,-6.36836,-4.6052,0.00026,-0.42734
143.21,ETH-27MAR20,1576407543963,open,0.24,3927.0,0.185,0.297,0.239954,78.76,0.225,0.0,ETH-27MAR20-160-P,142.34,72.15,0.226,300.0,0.249,32.0,83.03,0.30284,-0.11592,-0.3077,0.00665,-0.52236
142.4,ETH-27DEC19,1576407543965,open,0.08,2497.0,0.048,0.12,0.080953,67.44,0.086,0.0,ETH-27DEC19-150-P,142.34,61.51,0.077,480.0,0.085,120.0,73.41,0.09581,-0.27205,-0.03354,0.02153,-0.64304
143.21,ETH-27MAR20,1576407543965,open,0.46,20.0,0.431,0.481,0.455608,83.22,0.613,0.0,ETH-27MAR20-80-C,142.34,47.05,0.442,46.0,0.0,0.0,0.0,0.09283,-0.03755,0.19474,0.00193,0.93808
144.02,SYN.ETH-26JUN20,1576407543965,open,0.14,1080.0,0.082,0.186,0.13237,84.3,0.147,0.0,ETH-26JUN20-200-C,142.34,82.4,0.127,143.0,0.137,210.0,85.93,0.40806,-0.08871,0.21245,0.00439,0.41009
7091.44,SYN.BTC-20DEC19,1576407543969,open,0.03,213.4,0.0185,0.0665,0.03434522,45.75,0.0325,0.0,BTC-20DEC19-7250-P,7089.17,41.39,0.0325,15.0,0.035,1.1,47.28,3.02825,-14.2075,-0.65052,0.00099,-0.65238
144.02,SYN.ETH-26JUN20,1576407543976,open,0.63,0.0,0.558,0.721,0.637294,85.11,None,0.0,ETH-26JUN20-220-P,142.34,0.0,0.527,51.0,0.679,1.0,100.09,0.39062,-0.08574,-0.98123,0.00417,-0.64538
143.21,ETH-27MAR20,1576407543978,open,0.0,387.0,0.001,0.015,0.003951,119.51,0.003,0.0,ETH-27MAR20-640-C,142.34,115.55,0.003,220.0,0.005,1.0,123.18,0.03767,-0.02188,0.0067,0.00055,0.02055
142.4,ETH-27DEC19,1576407543978,open,0.26,4509.0,0.229,0.312,0.26844,83.66,0.266,0.0,ETH-27DEC19-180-P,142.34,0.0,0.264,1.0,0.273,340.0,99.21,0.03441,-0.1212,-0.05553,0.00623,-0.9302
143.21,ETH-27MAR20,1576407543978,open,0.14,807.0,0.101,0.196,0.146574,75.73,0.141,0.0,ETH-27MAR20-140-P,142.34,73.01,0.141,121.0,0.148,100.0,76.43,0.29343,-0.108,-0.21999,0.0067,-0.39843
142.4,ETH-27DEC19,1576407543978,open,2.07,0.0,2.001,2.185,2.090105,206.05,None,0.0,ETH-27DEC19-440-P,142.34,0.0,0.002,50.0,0.0,0.0,0.0,0.00177,-0.01534,-0.14307,0.00013,-0.99781
142.4,ETH-27DEC19,1576407543980,open,0.11,15.0,0.072,0.135,0.104308,71.19,0.115,0.0,ETH-27DEC19-130-C,142.34,64.83,0.101,40.0,0.108,40.0,77.96,0.07597,-0.22769,0.03133,0.01617,0.78045
142.4,ETH-27DEC19,1576407543980,open,3.19,0.0,3.092,3.344,3.213779,260.97,0.953,0.0,ETH-27DEC19-600-P,142.34,0.0,0.02,50.0,0.0,0.0,0.0,0.00192,-0.02111,-0.19512,0.00011,-0.9976
143.21,ETH-27MAR20,1576407543980,open,0.01,1400.0,0.002,0.031,0.011364,104.64,0.014,0.0,ETH-27MAR20-400-C,142.34,100.54,0.009,260.0,0.014,260.0,108.66,0.08828,-0.0449,0.01885,0.00146,0.05807
144.02,SYN.ETH-26JUN20,1576407543980,open,0.01,197.0,0.005,0.029,0.014374,85.93,0.013,0.0,ETH-26JUN20-60-P,142.34,80.59,0.011,238.0,0.018,1.0,91.04,0.09683,-0.02146,-0.04428,0.00102,-0.04351
144.02,SYN.ETH-26JUN20,1576407543980,open,0.03,330.0,0.007,0.057,0.025421,99.52,0.028,0.0,ETH-26JUN20-480-C,142.34,97.54,0.023,290.0,0.028,140.0,101.53,0.18056,-0.04634,0.05499,0.00165,0.09731
142.71,SYN.ETH-31JAN20,1576407543980,open,0.29,0.0,0.245,0.344,0.292785,74.35,None,0.0,ETH-31JAN20-180-P,142.34,49.25,0.27,340.0,0.303,340.0,83.36,0.15539,-0.12323,-0.19474,0.00799,-0.76975
143.21,ETH-27MAR20,1576407543982,open,0.45,747.0,0.399,0.53,0.462457,82.72,0.57,0.0,ETH-27MAR20-200-P,142.34,62.14,0.428,300.0,0.477,300.0,90.49,0.26202,-0.10534,-0.47153,0.00548,-0.70575
142.4,ETH-27DEC19,1576407543982,open,0.01,685.0,0.001,0.021,0.00651,74.78,0.008,0.0,ETH-27DEC19-170-C,142.34,69.94,0.005,210.0,0.008,150.0,79.07,0.04715,-0.14845,0.00463,0.00956,0.10639
142.4,ETH-27DEC19,1576407543982,open,2.91,0.0,2.819,3.054,2.93286,248.71,0.845,0.0,ETH-27DEC19-560-P,142.34,0.0,0.02,50.0,0.0,0.0,0.0,0.00188,-0.01968,-0.18211,0.00011,-0.99766
143.21,ETH-27MAR20,1576407543982,open,0.26,77.0,0.202,0.286,0.244797,77.84,0.263,0.0,ETH-27MAR20-120-C,142.34,61.46,0.217,45.0,0.281,45.0,98.47,0.24801,-0.09383,0.19872,0.00551,0.73712
142.4,ETH-27DEC19,1576407543982,open,0.0,980.0,0.001,0.011,2e-06,119.99,0.001,0.0,ETH-27DEC19-340-C,142.34,0.0,0.0,0.0,0.001,7.0,191.62,5e-05,-0.00025,0.0,1e-05,5e-05
142.71,SYN.ETH-31JAN20,1576407543982,open,0.01,252.0,0.001,0.023,0.008329,87.86,0.011,0.0,ETH-31JAN20-240-C,142.34,84.88,0.007,320.0,0.01,480.0,91.25,0.06688,-0.06268,0.01087,0.00291,0.06764
142.4,ETH-27DEC19,1576407543984,open,0.0,2232.0,0.001,0.011,7e-06,119.99,0.002,0.0,ETH-27DEC19-320-C,142.34,0.0,0.0,0.0,0.001,1.0,180.34,0.00014,-0.00071,1e-05,2e-05,0.00014
142.4,ETH-27DEC19,1576407543984,open,0.3,0.0,0.277,0.325,0.300288,110.47,None,0.0,ETH-27DEC19-100-C,142.34,0.0,0.297,1.0,0.0,0.0,0.0,0.01772,-0.0824,0.03101,0.00243,0.9695
144.02,SYN.ETH-26JUN20,1576407543984,open,0.02,308.0,0.004,0.045,0.017823,104.94,0.018,0.0,ETH-26JUN20-600-C,142.34,103.0,0.016,229.0,0.02,240.0,107.12,0.13937,-0.03772,0.03915,0.00121,0.069
142.4,ETH-27DEC19,1576407543986,open,0.0,4550.0,0.001,0.011,0.000235,119.99,0.002,0.0,ETH-27DEC19-260-C,142.34,0.0,0.0,0.0,0.001,27.0,140.57,0.00287,-0.01452,0.00016,0.00036,0.00375
142.4,ETH-27DEC19,1576407543986,open,0.4,3551.0,0.364,0.454,0.40652,96.8,0.332,0.0,ETH-27DEC19-200-P,142.34,0.0,0.404,20.0,0.641,1.0,490.72,0.01824,-0.07432,-0.0637,0.00286,-0.96842
143.21,ETH-27MAR20,1576407543986,open,0.05,855.0,0.022,0.087,0.050212,84.96,0.05,0.0,ETH-27MAR20-220-C,142.34,82.34,0.046,300.0,0.053,446.0,86.66,0.233,-0.09622,0.07412,0.00474,0.23384
143.21,ETH-27MAR20,1576407543986,open,0.04,226.0,0.017,0.065,0.037977,79.31,0.037,0.0,ETH-27MAR20-100-P,142.34,76.81,0.035,461.0,0.04,468.0,80.98,0.1723,-0.06642,-0.07336,0.00376,-0.14378
142.4,ETH-27DEC19,1576407543986,open,0.0,11489.0,0.001,0.011,0.0,119.99,0.002,0.0,ETH-27DEC19-440-C,142.34,0.0,0.0,0.0,0.001,199.0,238.22,0.0,0.0,0.0,0.0,0.0
144.02,SYN.ETH-26JUN20,1576407543986,open,0.13,749.0,0.091,0.187,0.137213,80.2,0.135,0.0,ETH-26JUN20-120-P,142.34,76.81,0.129,98.0,0.139,210.0,80.94,0.34884,-0.07215,-0.31364,0.00395,-0.27278
144.02,SYN.ETH-26JUN20,1576407543986,open,0.05,293.0,0.023,0.098,0.054572,91.77,0.057,0.0,ETH-26JUN20-320-C,142.34,89.46,0.05,326.0,0.06,326.0,94.42,0.28948,-0.06851,0.1075,0.00286,0.19509
144.02,SYN.ETH-26JUN20,1576407543986,open,1.26,0.0,1.185,1.378,1.276331,91.69,1.06,0.0,ETH-26JUN20-320-P,142.34,0.0,1.221,1.0,1.294,1.0,100.02,0.28916,-0.06838,-1.59239,0.00286,-0.80526
142.71,SYN.ETH-31JAN20,1576407543986,open,0.11,26.0,0.074,0.146,0.109882,70.88,0.116,0.0,ETH-31JAN20-140-C,142.34,68.11,0.106,173.0,0.115,173.0,74.53,0.19989,-0.15112,0.08621,0.01078,0.58025
144.02,SYN.ETH-26JUN20,1576407543986,open,0.07,463.0,0.032,0.116,0.069308,88.93,0.072,0.0,ETH-26JUN20-280-C,142.34,87.02,0.065,320.0,0.074,180.0,90.97,0.32736,-0.07508,0.13167,0.00334,0.24144
142.4,ETH-27DEC19,1576407543988,open,0.67,2352.0,0.637,0.74,0.685989,117.05,0.69,0.0,ETH-27DEC19-240-P,142.34,0.0,0.001,15.0,0.0,0.0,0.0,0.00623,-0.03068,-0.0777,0.00081,-0.99103
142.4,ETH-27DEC19,1576407543988,open,0.03,3031.0,0.009,0.056,0.027509,67.33,0.027,0.0,ETH-27DEC19-150-C,142.34,63.58,0.025,216.0,0.03,230.0,71.02,0.09578,-0.27152,0.01525,0.02156,0.35666
142.4,ETH-27DEC19,1576407543988,open,0.13,13312.0,0.099,0.177,0.137195,71.45,0.143,0.0,ETH-27DEC19-160-P,142.34,62.68,0.133,380.0,0.14,40.0,76.84,0.07203,-0.21669,-0.0434,0.01528,-0.79946
142.4,ETH-27DEC19,1576407543988,open,3.74,1.0,3.637,3.923,3.775616,283.28,2.792,0.0,ETH-27DEC19-680-P,142.34,0.0,0.02,50.0,0.0,0.0,0.0,0.00201,-0.02396,-0.22114,0.00011,-0.99748
143.21,ETH-27MAR20,1576407543988,open,0.01,578.0,0.003,0.034,0.01331,99.43,0.011,0.0,ETH-27MAR20-360-C,142.34,97.52,0.012,260.0,0.015,1.0,101.75,0.10111,-0.04886,0.02253,0.00176,0.06914
142.4,ETH-27DEC19,1576407543988,open,0.0,1759.0,0.001,0.011,1e-06,119.99,0.001,0.0,ETH-27DEC19-360-C,142.34,0.0,0.0,0.0,0.004,249.0,241.02,2e-05,-8e-05,0.0,0.0,1e-05
142.71,SYN.ETH-31JAN20,1576407543988,open,0.01,687.0,0.004,0.03,0.013765,82.61,0.015,0.0,ETH-31JAN20-100-P,142.34,79.46,0.012,520.0,0.015,82.0,84.72,0.0821,-0.07235,-0.01876,0.0038,-0.08862
142.4,ETH-27DEC19,1576407543990,open,0.0,21058.0,0.001,0.011,0.0,119.99,0.007,0.0,ETH-27DEC19-600-C,142.34,0.0,0.0,0.0,0.001,600.0,291.82,0.0,0.0,0.0,0.0,0.0
143.21,ETH-27MAR20,1576407543990,open,2.89,0.0,2.798,3.045,2.915035,113.53,None,0.0,ETH-27MAR20-560-P,142.34,0.0,0.02,50.0,0.0,0.0,0.0,0.04435,-0.02447,-1.57019,0.00068,-0.97506
143.21,ETH-27MAR20,1576407543990,open,0.7,119.0,0.648,0.79,0.715634,87.6,0.835,0.0,ETH-27MAR20-240-P,142.34,0.0,0.669,300.0,0.729,300.0,96.39,0.20636,-0.08786,-0.61578,0.00408,-0.80994
143.21,ETH-27MAR20,1576407543990,open,2.61,0.0,2.527,2.761,2.637453,113.53,None,0.0,ETH-27MAR20-520-P,142.34,0.0,0.006,50.0,0.0,0.0,0.0,0.05601,-0.03091,-1.45489,0.00085,-0.96697
142.4,ETH-27DEC19,1576407543990,open,1.51,257.0,1.455,1.606,1.528268,170.77,0.995,0.0,ETH-27DEC19-360-P,142.34,0.0,0.021,5.0,0.0,0.0,0.0,0.00173,-0.01244,-0.11704,0.00015,-0.99786
144.02,SYN.ETH-26JUN20,1576407543990,open,1.79,0.0,1.712,1.928,1.813391,96.12,None,0.0,ETH-26JUN20-400-P,142.34,0.0,0.01,50.0,0.0,0.0,0.0,0.22668,-0.05619,-2.04973,0.00214,-0.86604
142.71,SYN.ETH-31JAN20,1576407543990,open,0.54,0.0,0.502,0.611,0.553401,82.91,None,0.0,ETH-31JAN20-220-P,142.34,0.0,0.541,1.0,1.076,1.0,489.41,0.08672,-0.07669,-0.26722,0.004,-0.90459
144.02,SYN.ETH-26JUN20,1576407543990,open,1.52,0.0,1.447,1.651,1.54313,93.87,None,0.0,ETH-26JUN20-360-P,142.34,0.0,0.015,2.0,1.554,1.0,99.72,0.25472,-0.06167,-1.82355,0.00246,-0.84064
144.02,SYN.ETH-26JUN20,1576407543990,open,0.04,704.0,0.016,0.084,0.043651,93.97,0.048,0.0,ETH-26JUN20-360-C,142.34,91.87,0.04,180.0,0.048,330.0,96.37,0.25517,-0.06184,0.08885,0.00246,0.15979
142.4,ETH-27DEC19,1576407543992,open,1.09,1.0,1.046,1.172,1.106912,140.41,0.494,0.0,ETH-27DEC19-300-P,142.34,0.0,0.021,3.0,0.0,0.0,0.0,0.00195,-0.01151,-0.0975,0.00021,-0.99757
142.4,ETH-27DEC19,1576407543992,open,3.46,0.0,3.364,3.633,3.494698,272.46,None,0.0,ETH-27DEC19-640-P,142.34,0.0,0.02,50.0,0.0,0.0,0.0,0.00196,-0.02254,-0.20813,0.00011,-0.99754
143.21,ETH-27MAR20,1576407543992,open,0.01,1166.0,0.001,0.024,0.007902,105.3,0.008,0.0,ETH-27MAR20-440-C,142.34,103.34,0.007,352.0,0.009,1.0,107.52,0.06812,-0.03487,0.01375,0.00112,0.04197
143.21,ETH-27MAR20,1576407543992,open,0.14,1161.0,0.079,0.167,0.122713,78.76,0.132,0.0,ETH-27MAR20-160-C,142.34,76.05,0.117,333.0,0.128,134.0,81.26,0.30284,-0.11592,0.14326,0.00665,0.47764
143.21,ETH-27MAR20,1576407543992,open,0.07,2228.0,0.032,0.106,0.065907,82.72,0.068,0.0,ETH-27MAR20-200-C,142.34,81.67,0.064,2.0,0.069,443.0,84.4,0.26202,-0.10534,0.09217,0.00548,0.29425
142.4,ETH-27DEC19,1576407543992,open,0.0,12862.0,0.001,0.011,0.001927,96.02,0.001,0.0,ETH-27DEC19-200-C,142.34,86.97,0.001,224.0,0.003,200.0,103.52,0.01768,-0.07148,0.00132,0.00279,0.03042
144.02,SYN.ETH-26JUN20,1576407543992,open,0.21,1311.0,0.156,0.272,0.212999,80.2,0.213,0.0,ETH-26JUN20-140-P,142.34,76.2,0.202,70.0,0.214,210.0,80.56,0.39513,-0.08173,-0.44344,0.00447,-0.36667
143.21,ETH-27MAR20,1576407543994,open,3.16,0.0,3.069,3.334,3.194592,118.82,None,0.0,ETH-27MAR20-600-P,142.34,0.0,0.03,50.0,0.0,0.0,0.0,0.04481,-0.02588,-1.68291,0.00065,-0.97475
142.71,SYN.ETH-31JAN20,1576407543994,open,0.82,0.0,0.771,0.893,0.828304,93.24,None,0.0,ETH-31JAN20-260-P,142.34,0.0,0.01,50.0,0.0,0.0,0.0,0.05421,-0.05391,-0.32561,0.00222,-0.94825
142.71,SYN.ETH-31JAN20,1576407543994,open,0.01,478.0,0.002,0.029,0.011763,82.8,0.016,0.0,ETH-31JAN20-220-C,142.34,79.77,0.01,480.0,0.014,480.0,86.33,0.08648,-0.07637,0.01526,0.00399,0.09505
142.4,ETH-27DEC19,1576407543996,open,0.81,946.0,0.773,0.884,0.826206,125.35,0.715,0.0,ETH-27DEC19-260-P,142.34,0.0,0.001,9.0,0.0,0.0,0.0,0.00397,-0.02096,-0.08436,0.00048,-0.99461
142.4,ETH-27DEC19,1576407543996,open,0.0,11107.0,0.001,0.011,0.0,119.99,0.001,0.0,ETH-27DEC19-560-C,142.34,0.0,0.0,0.0,0.003,249.0,316.61,0.0,0.0,0.0,0.0,0.0
142.4,ETH-27DEC19,1576407543996,open,0.01,5543.0,0.002,0.034,0.013521,71.3,0.018,0.0,ETH-27DEC19-160-C,142.34,68.23,0.012,340.0,0.015,306.0,74.18,0.0719,-0.21583,0.00864,0.01528,0.19994
142.4,ETH-27DEC19,1576407543996,open,4.3,1.0,4.182,4.502,4.337453,303.21,3.236,0.0,ETH-27DEC19-760-P,142.34,0.0,0.02,50.0,0.0,0.0,0.0,0.0021,-0.0268,-0.24717,0.0001,-0.99735
142.4,ETH-27DEC19,1576407543996,open,0.0,6174.0,0.001,0.011,0.0,119.99,0.001,0.0,ETH-27DEC19-720-C,142.34,0.0,0.0,0.0,0.003,249.0,362.32,0.0,0.0,0.0,0.0,0.0
144.02,SYN.ETH-26JUN20,1576407543996,open,0.04,5.0,0.017,0.064,0.037345,82.11,0.029,0.0,ETH-26JUN20-80-P,142.34,79.45,0.034,399.0,0.04,250.0,84.16,0.18418,-0.039,-0.10505,0.00204,-0.09997
143.21,ETH-27MAR20,1576407543998,open,1.78,4.0,1.715,1.906,1.804465,104.64,2.048,0.0,ETH-27MAR20-400-P,142.34,0.0,1.792,1.0,0.0,0.0,0.0,0.08828,-0.0449,-1.10855,0.00146,-0.94193
142.4,ETH-27DEC19,1576407543998,open,0.0,10814.0,0.001,0.011,0.0,119.99,0.001,0.0,ETH-27DEC19-400-C,142.34,0.0,0.0,0.0,0.001,1.0,221.24,0.0,-1e-05,0.0,0.0,0.0
144.02,SYN.ETH-26JUN20,1576407543998,open,0.6,1.0,0.578,0.62,0.597794,85.97,0.69,0.0,ETH-26JUN20-60-C,142.34,0.0,0.583,1.0,0.0,0.0,0.0,0.09692,-0.02149,0.27436,0.00102,0.95644
142.4,ETH-27DEC19,1576407544000,open,0.95,310.0,0.91,1.028,0.966504,131.5,0.49,0.0,ETH-27DEC19-280-P,142.34,0.0,0.003,9.0,0.0,0.0,0.0,0.00245,-0.01358,-0.09097,0.00028,-0.99685
143.21,ETH-27MAR20,1576407544000,open,0.01,1637.0,0.001,0.025,0.007904,111.49,0.013,0.0,ETH-27MAR20-480-C,142.34,106.98,0.006,314.0,0.01,220.0,115.71,0.06588,-0.0357,0.01307,0.00102,0.04027
143.21,ETH-27MAR20,1576407544000,open,0.0,885.0,0.001,0.017,0.004694,113.53,0.009,0.0,ETH-27MAR20-560-C,142.34,107.21,0.003,315.0,0.006,1.0,117.41,0.04435,-0.02447,0.00817,0.00068,0.02494
142.4,ETH-27DEC19,1576407544002,open,0.0,12762.0,0.001,0.011,0.0,119.99,0.001,0.0,ETH-27DEC19-680-C,142.34,0.0,0.0,0.0,0.004,249.0,364.56,0.0,0.0,0.0,0.0,0.0
144.02,SYN.ETH-26JUN20,1576407544002,open,2.06,0.0,1.978,2.206,2.084898,97.72,None,0.0,ETH-26JUN20-440-P,142.34,0.0,0.01,50.0,0.0,0.0,0.0,0.2009,-0.05063,-2.27364,0.00187,-0.88724
143.21,ETH-27MAR20,1576407544006,open,0.34,1560.0,0.284,0.407,0.344067,79.77,0.36,0.0,ETH-27MAR20-180-P,142.34,72.67,0.33,300.0,0.357,300.0,86.15,0.28741,-0.11143,-0.39261,0.00623,-0.62861
142.4,ETH-27DEC19,1576407544006,open,0.01,7111.0,0.001,0.024,0.008288,81.97,0.009,0.0,ETH-27DEC19-120-P,142.34,78.02,0.007,20.0,0.009,710.0,84.05,0.04801,-0.16569,-0.00544,0.00888,-0.10908
143.21,ETH-27MAR20,1576407544006,open,0.09,1369.0,0.048,0.122,0.082728,77.84,0.079,0.0,ETH-27MAR20-120-P,142.34,74.52,0.077,420.0,0.086,137.0,79.73,0.24801,-0.09383,-0.1395,0.00551,-0.26288
142.4,ETH-27DEC19,1576407544006,open,0.0,13247.0,0.001,0.011,0.0,119.99,0.001,0.0,ETH-27DEC19-520-C,142.34,0.0,0.0,0.0,0.003,249.0,302.79,0.0,0.0,0.0,0.0,0.0
142.4,ETH-27DEC19,1576407544006,open,0.0,2113.0,0.001,0.011,7.4e-05,119.99,0.001,0.0,ETH-27DEC19-280-C,142.34,0.0,0.0,0.0,0.001,52.0,154.99,0.00109,-0.00548,6e-05,0.00014,0.00128
144.02,SYN.ETH-26JUN20,1576407544006,open,0.29,489.0,0.237,0.369,0.301935,80.2,0.31,0.0,ETH-26JUN20-160-P,142.34,64.7,0.257,32.0,0.311,210.0,83.34,0.41612,-0.08606,-0.5793,0.00471,-0.45533
144.02,SYN.ETH-26JUN20,1576407544006,open,0.08,721.0,0.044,0.116,0.077179,80.2,0.07,0.0,ETH-26JUN20-100-P,142.34,77.48,0.072,190.0,0.081,250.0,82.2,0.27518,-0.05692,-0.19655,0.00311,-0.17975
143.21,ETH-27MAR20,1576407544008,open,0.03,2283.0,0.008,0.055,0.025953,91.93,0.023,0.0,ETH-27MAR20-280-C,142.34,90.15,0.024,260.0,0.028,150.0,93.73,0.16022,-0.07159,0.04171,0.00302,0.12928
144.02,SYN.ETH-26JUN20,1576407544008,open,0.02,110.0,0.006,0.052,0.022319,101.45,0.024,0.0,ETH-26JUN20-520-C,142.34,99.36,0.02,140.0,0.025,240.0,103.72,0.16457,-0.04306,0.04861,0.00147,0.08586
142.71,SYN.ETH-31JAN20,1576407544008,open,0.04,1262.0,0.016,0.065,0.037633,74.25,0.037,0.0,ETH-31JAN20-120-P,142.34,71.72,0.035,128.0,0.04,259.0,76.48,0.14999,-0.11878,-0.04655,0.00772,-0.21638
142.71,SYN.ETH-31JAN20,1576407544236,open,0.32,0.0,0.285,0.341,0.31302,82.56,None,0.0,ETH-31JAN20-100-C,142.34,45.61,0.3,39.0,0.332,39.0,110.13,0.08202,-0.07223,0.10969,0.0038,0.91149
144.02,SYN.ETH-26JUN20,1576407544246,open,0.49,0.0,0.45,0.514,0.481905,82.14,None,0.0,ETH-26JUN20-80-C,142.34,70.44,0.468,50.0,0.512,50.0,103.67,0.18423,-0.03903,0.31982,0.00204,0.89998
144.02,SYN.ETH-26JUN20,1576407544252,open,0.31,143.0,0.254,0.352,0.304054,80.23,0.323,0.0,ETH-26JUN20-120-C,142.34,69.03,0.277,49.0,0.31,213.0,82.68,0.34884,-0.07217,0.32371,0.00395,0.72721
144.02,SYN.ETH-26JUN20,1576407544303,open,0.39,1.0,0.341,0.424,0.382879,80.23,0.38,0.0,ETH-26JUN20-100-C,142.34,70.12,0.364,48.0,0.424,48.0,101.15,0.27521,-0.05694,0.33456,0.00311,0.82022
144.02,SYN.ETH-26JUN20,1576407544423,open,0.39,1.0,0.341,0.424,0.382879,80.23,0.38,0.0,ETH-26JUN20-100-C,142.34,70.12,0.364,48.0,0.423,48.0,100.65,0.27521,-0.05694,0.33456,0.00311,0.82022
142.4,ETH-27DEC19,1576407544492,open,0.17,22.0,0.135,0.195,0.165532,81.8,0.165,0.0,ETH-27DEC19-120-C,142.34,47.77,0.158,33.0,0.188,33.0,133.13,0.04787,-0.16486,0.03363,0.00887,0.89135
143.21,ETH-27MAR20,1576407544494,open,0.35,1.0,0.305,0.374,0.339702,79.31,0.337,0.0,ETH-27MAR20-100-C,142.34,59.04,0.318,43.0,0.37,43.0,102.64,0.1723,-0.06642,0.20849,0.00376,0.85622
142.36,SYN.ETH-20DEC19,1576407544693,open,0.16,0.0,0.132,0.188,0.159681,94.97,None,0.0,ETH-20DEC19-120-C,142.34,0.0,0.157,1.0,0.166,1.0,130.62,0.01791,-0.17438,0.01496,0.00696,0.94651
142.36,SYN.ETH-20DEC19,1576407544693,open,0.0,231.0,0.001,0.014,0.002612,95.16,0.002,0.0,ETH-20DEC19-120-P,142.34,89.98,0.002,49.0,0.003,2.0,98.12,0.01799,-0.1756,-0.00107,0.00698,-0.05382
142.36,SYN.ETH-20DEC19,1576407544693,open,0.23,1.0,0.204,0.252,0.227837,101.37,0.248,0.0,ETH-20DEC19-110-C,142.34,0.0,0.227,1.0,0.285,1.0,355.84,0.00511,-0.05309,0.01446,0.00186,0.98809
142.36,SYN.ETH-20DEC19,1576407544693,open,0.0,427.0,0.001,0.015,0.002785,69.59,0.003,0.0,ETH-20DEC19-160-C,142.34,64.6,0.002,2.0,0.004,350.0,76.11,0.02424,-0.17296,0.00145,0.01286,0.07902
142.36,SYN.ETH-20DEC19,1576407544693,open,0.01,856.0,0.001,0.029,0.009298,60.05,0.008,0.0,ETH-20DEC19-150-C,142.34,53.37,0.007,350.0,0.011,413.0,64.73,0.05073,-0.31241,0.00432,0.0312,0.23638
142.36,SYN.ETH-20DEC19,1576407544693,open,0.06,55.0,0.031,0.097,0.062961,60.14,0.069,0.0,ETH-20DEC19-150-P,142.34,48.24,0.059,40.0,0.067,40.0,70.98,0.05077,-0.3131,-0.01571,0.03118,-0.76327
142.36,SYN.ETH-20DEC19,1576407544693,open,0.04,285.0,0.011,0.064,0.036254,59.38,0.039,0.0,ETH-20DEC19-140-C,142.34,49.73,0.032,122.0,0.04,120.0,67.79,0.06315,-0.38451,0.0109,0.03928,0.60964
142.36,SYN.ETH-20DEC19,1576407544693,open,0.26,0.0,0.228,0.305,0.264855,90.21,None,0.0,ETH-20DEC19-180-P,142.34,0.0,0.01,50.0,0.406,1.0,491.61,0.00587,-0.05429,-0.02379,0.0024,-0.98601
142.36,SYN.ETH-20DEC19,1576407544693,open,0.0,244.0,0.001,0.011,0.00141,83.97,0.002,0.0,ETH-20DEC19-170-C,142.34,79.2,0.001,1.0,0.002,200.0,89.58,0.01348,-0.11607,0.00069,0.00593,0.03759
142.36,SYN.ETH-20DEC19,1576407544693,open,0.0,26.0,0.001,0.011,0.000523,101.98,0.001,0.0,ETH-20DEC19-110-P,142.34,0.0,0.0,0.0,0.001,20.0,112.28,0.00526,-0.05498,-0.00024,0.0019,-0.01232
142.36,SYN.ETH-20DEC19,1576407544693,open,0.12,54.0,0.092,0.164,0.126692,69.78,0.116,0.0,ETH-20DEC19-160-P,142.34,0.0,0.123,40.0,0.13,40.0,85.62,0.02437,-0.17443,-0.01991,0.0129,-0.92038
142.36,SYN.ETH-20DEC19,1576407544693,open,0.01,704.0,0.001,0.023,0.006342,75.21,0.006,0.0,ETH-20DEC19-130-P,142.34,69.72,0.005,60.0,0.007,350.0,77.75,0.03629,-0.27995,-0.00275,0.01782,-0.13816
142.36,SYN.ETH-20DEC19,1576407544693,open,0.1,40.0,0.062,0.123,0.093168,75.11,0.14,0.0,ETH-20DEC19-130-C,142.34,55.38,0.089,40.0,0.096,40.0,85.52,0.03624,-0.27914,0.01462,0.01782,0.86215
142.36,SYN.ETH-20DEC19,1576407544694,open,0.0,75.0,0.001,0.011,0.00046,89.3,0.001,0.0,ETH-20DEC19-180-C,142.34,0.0,0.0,0.0,0.001,13.0,99.73,0.00557,-0.05104,0.00024,0.0023,0.01318
142.36,SYN.ETH-20DEC19,1576407544694,open,0.02,641.0,0.003,0.046,0.019673,59.44,0.015,0.0,ETH-20DEC19-140-P,142.34,51.12,0.016,261.0,0.023,260.0,66.92,0.06315,-0.38495,-0.0078,0.03924,-0.39045
142.4,ETH-27DEC19,1576407544765,open,0.24,0.0,0.205,0.259,0.231688,94.12,None,0.0,ETH-27DEC19-110-C,142.34,0.0,0.227,1.0,0.0,0.0,0.0,0.02824,-0.1119,0.03309,0.00455,0.94581
142.4,ETH-27DEC19,1576407544765,open,0.0,53.0,0.001,0.016,0.004214,94.39,0.003,0.0,ETH-27DEC19-110-P,142.34,87.77,0.003,20.0,0.006,350.0,102.55,0.02843,-0.11297,-0.00273,0.00456,-0.05464
7094.66,BTC-27DEC19,1576407544894,open,0.1,144.8,0.073,0.12,0.09562779,59.24,0.098,0.0,BTC-27DEC19-6500-C,7089.17,55.73,0.094,2.0,0.097,0.1,61.86,3.48875,-8.70188,1.64555,0.00036,0.80857
142.71,SYN.ETH-31JAN20,1576407544937,open,0.32,0.0,0.285,0.341,0.313046,82.56,None,0.0,ETH-31JAN20-100-C,142.34,45.61,0.3,39.0,0.333,39.0,111.4,0.08202,-0.07223,0.10969,0.0038,0.91149
144.02,SYN.ETH-26JUN20,1576407544939,open,0.49,0.0,0.45,0.514,0.481876,82.14,None,0.0,ETH-26JUN20-80-C,142.34,69.52,0.467,50.0,0.512,50.0,103.67,0.18423,-0.03903,0.31982,0.00204,0.89998
7094.65,BTC-27DEC19,1576407544956,open,6.27,0.8,6.1865,6.4795,6.32945624,0.0,3.59,0.0,BTC-27DEC19-52000-P,7089.06,0.0,0.001,1.0,0.0,0.0,0.0,0.0,0.0,-16.9188,0.0,-1.0
7094.65,BTC-27DEC19,1576407544956,open,5.15,0.0,5.081,5.3285,5.20184759,0.0,3.46,0.0,BTC-27DEC19-44000-P,7089.06,0.0,0.001,1.0,0.0,0.0,0.0,0.0,0.0,-14.31591,0.0,-1.0
7094.54,BTC-27DEC19,1576407544957,open,3.48,0.3,3.4225,3.6025,3.51043461,0.0,2.744,0.0,BTC-27DEC19-32000-P,7089.06,0.0,0.0,0.0,0.0,0.0,0.0,0.0,0.0,-10.41157,0.0,-1.0
7094.54,BTC-27DEC19,1576407544957,open,4.6,0.0,4.5285,4.7535,4.63804326,0.0,2.58,0.0,BTC-27DEC19-40000-P,7089.06,0.0,0.001,1.0,0.0,0.0,0.0,0.0,0.0,-13.01446,0.0,-1.0
7115.01,SYN.BTC-31JAN20,1576407544979,open,0.04,122.6,0.03,0.082,0.04690703,60.89,0.0465,0.0,BTC-31JAN20-6500-P,7089.06,58.95,0.0445,34.8,0.0485,7.5,62.17,8.87004,-5.76098,-3.17306,0.00022,-0.30035
144.02,SYN.ETH-26JUN20,1576407545036,open,0.39,1.0,0.341,0.424,0.382849,80.23,0.38,0.0,ETH-26JUN20-100-C,142.34,69.57,0.363,48.0,0.423,48.0,100.65,0.27521,-0.05694,0.33456,0.00311,0.82022
144.02,SYN.ETH-26JUN20,1576407545338,open,0.39,1.0,0.341,0.424,0.382849,80.23,0.38,0.0,ETH-26JUN20-100-C,142.34,69.57,0.363,48.0,0.424,48.0,101.15,0.27521,-0.05694,0.33456,0.00311,0.82022
7147.47,BTC-27MAR20,1576407545371,open,0.21,305.9,0.175,0.265,0.21606203,66.76,0.1945,0.0,BTC-27MAR20-8000-P,7089.06,58.82,0.1995,14.0,0.2195,10.0,68.39,14.98894,-4.86321,-15.55262,0.00016,-0.55596
7091.42,SYN.BTC-20DEC19,1576407545509,open,0.03,333.4,0.014,0.058,0.02723654,43.96,0.0305,0.0,BTC-20DEC19-7000-C,7089.06,40.03,0.0255,12.1,0.0285,1.1,46.81,3.14338,-14.1715,0.55257,0.00106,0.61056
7091.42,SYN.BTC-20DEC19,1576407545513,open,0.06,10.2,0.0355,0.0815,0.05414687,49.5,0.0555,0.0,BTC-20DEC19-6750-C,7089.06,45.69,0.053,2.0,0.055,0.1,52.2,2.19845,-11.16059,0.71936,0.00066,0.81354
7200.51,SYN.BTC-26JUN20,1576407545547,open,0.37,0.0,0.333,0.4015,0.36440046,70.36,None,0.0,BTC-26JUN20-5000-C,7089.06,58.03,0.343,9.0,0.398,9.0,88.06,13.10913,-2.37875,17.93708,7e-05,0.83338
142.71,SYN.ETH-31JAN20,1576407545646,open,0.2,2.0,0.161,0.231,0.196765,74.21,0.225,0.0,ETH-31JAN20-120-C,142.34,59.46,0.182,59.0,0.225,39.0,99.76,0.14996,-0.11871,0.10758,0.00773,0.78369
143.21,ETH-27MAR20,1576407545649,open,0.35,1.0,0.305,0.374,0.339701,79.31,0.337,0.0,ETH-27MAR20-100-C,142.34,57.93,0.317,43.0,0.37,43.0,102.64,0.1723,-0.06642,0.20849,0.00376,0.85622
7094.54,BTC-27DEC19,1576407545962,open,0.0,500.4,0.0005,0.012,0.00235498,82.67,0.002,0.0,BTC-27DEC19-5500-P,7089.19,80.15,0.002,28.0,0.0025,11.3,83.64,1.04402,-3.63405,-0.09177,8e-05,-0.0374
7094.54,BTC-27DEC19,1576407545962,open,0.33,0.0,0.313,0.372,0.34045152,80.59,None,0.0,BTC-27DEC19-9500-P,7089.19,0.0,0.3305,2.0,0.3485,2.0,117.6,0.7841,-2.6606,-3.03309,6e-05,-0.97355
7094.54,BTC-27DEC19,1576407545962,open,0.19,3.0,0.176,0.231,0.20142187,64.59,0.1865,0.0,BTC-27DEC19-8500-P,7089.19,0.0,0.1945,6.0,0.208,4.0,85.21,1.67476,-4.5545,-2.61693,0.00016,-0.93229
7094.54,BTC-27DEC19,1576407545962,open,2.36,0.0,2.317,2.4515,2.38283073,0.0,None,0.0,BTC-27DEC19-24000-P,7089.19,0.0,0.0,0.0,0.0,0.0,0.0,0.0,0.0,-7.80868,0.0,-1.0
7147.47,BTC-27MAR20,1576407545962,open,0.0,97.3,0.0005,0.0145,0.00295543,119.17,0.003,0.0,BTC-27MAR20-34000-C,7089.19,113.99,0.002,15.0,0.004,31.0,123.62,1.50505,-0.87175,0.25937,1e-05,0.01583
7147.47,BTC-27MAR20,1576407545962,open,0.07,298.1,0.0375,0.104,0.06552021,69.01,0.065,0.0,BTC-27MAR20-9000-C,7089.19,67.95,0.0635,21.0,0.065,0.1,68.74,13.70568,-4.59683,5.2845,0.00014,0.32784
7094.54,BTC-27DEC19,1576407545962,open,0.03,1088.4,0.0145,0.0575,0.032054,53.67,0.03,0.0,BTC-27DEC19-7000-P,7089.19,50.76,0.03,15.9,0.0335,22.0,55.72,5.01679,-11.33645,-1.05695,0.00057,-0.42584
7094.67,BTC-27DEC19,1576407545962,open,0.51,4.3,0.497,0.5165,0.50669255,119.42,0.5625,0.0,BTC-27DEC19-3500-C,7089.19,0.0,0.501,9.0,0.518,2.0,272.08,0.01642,-0.08257,1.13791,0.0,0.99965
7094.67,BTC-27DEC19,1576407545962,open,0.0,680.5,0.0005,0.0105,0.0,120.0,0.0005,0.0,BTC-27DEC19-26000-C,7089.19,0.0,0.0,0.0,0.001,21.2,268.01,0.0,0.0,0.0,0.0,0.0
7094.67,BTC-27DEC19,1576407545962,open,0.4,503.3,0.382,0.443,0.41045636,87.07,0.41,0.0,BTC-27DEC19-10000-P,7089.19,0.0,0.401,2.0,0.419,2.0,132.29,0.55481,-2.03398,-3.21526,4e-05,-0.98243
7147.47,BTC-27MAR20,1576407545962,open,0.0,652.4,0.0005,0.0115,0.00151477,120.0,0.0025,0.0,BTC-27MAR20-40000-C,7089.19,123.54,0.002,3.0,0.0025,10.0,126.59,0.88161,-0.51418,0.14169,1e-05,0.00855
7147.47,BTC-27MAR20,1576407545962,open,1.23,1.1,1.199,1.3135,1.25033092,87.99,1.08,0.0,BTC-27MAR20-16000-P,7089.19,0.0,0.0015,10.0,1.4,0.1,186.4,4.97752,-2.12862,-43.96527,4e-05,-0.93208
7147.47,BTC-27MAR20,1576407545962,open,0.33,2.0,0.3035,0.3575,0.32810629,70.09,0.355,0.0,BTC-27MAR20-5000-C,7089.19,54.51,0.313,9.0,0.3535,9.0,90.99,7.84781,-2.67351,11.0004,8e-05,0.87416
7147.47,BTC-27MAR20,1576407545962,open,0.1,756.2,0.0645,0.1375,0.09679699,66.76,0.0975,0.0,BTC-27MAR20-8000-C,7089.19,65.91,0.095,12.0,0.0995,25.0,68.05,14.98904,-4.86366,6.99557,0.00016,0.44405
7094.67,BTC-27DEC19,1576407545962,open,0.0,754.3,0.0005,0.0105,0.00022287,119.97,0.0005,0.0,BTC-27DEC19-13000-C,7089.19,0.0,0.0,0.0,0.0005,10.6,130.34,0.13685,-0.69123,0.00772,1e-05,0.00357
7094.67,BTC-27DEC19,1576407545962,open,0.54,248.6,0.5205,0.5875,0.5514217,107.17,0.55,0.0,BTC-27DEC19-11000-P,7089.19,0.0,0.5415,2.0,0.5595,2.0,156.5,0.48261,-2.17759,-3.54674,3e-05,-0.98507
7094.67,BTC-27DEC19,1576407545962,open,1.1,211.0,1.073,1.158,1.11429074,122.05,0.959,0.0,BTC-27DEC19-15000-P,7089.19,0.0,1.105,2.0,1.123,2.0,231.79,0.02272,-0.11677,-4.87933,0.0,-0.9995
7094.67,BTC-27DEC19,1576407545962,open,0.65,0.0,0.638,0.6575,0.64762182,0.0,None,0.0,BTC-27DEC19-2500-C,7089.19,0.0,0.6375,2.0,0.6595,2.0,387.76,0.0,0.0,0.8134,0.0,1.0
7094.67,BTC-27DEC19,1576407545962,open,0.0,657.0,0.0005,0.0105,0.0,120.0,0.0005,0.0,BTC-27DEC19-28000-C,7089.19,0.0,0.0,0.0,0.0025,31.0,310.38,0.0,0.0,0.0,0.0,0.0
7094.67,BTC-27DEC19,1576407545962,open,1.52,9.4,1.4875,1.5885,1.53712366,137.14,1.559,0.0,BTC-27DEC19-18000-P,7089.19,0.0,0.0,0.0,0.0,0.0,0.0,0.00678,-0.03913,-5.85621,0.0,-0.99986
7147.47,BTC-27MAR20,1576407545962,open,0.69,54.9,0.6585,0.761,0.70444008,77.05,0.77,0.0,BTC-27MAR20-12000-P,7089.19,0.0,0.55,0.1,0.8795,0.1,172.69,8.61194,-3.22507,-31.43368,8e-05,-0.85591
7094.67,BTC-27DEC19,1576407545962,open,0.72,0.0,0.7085,0.728,0.71809744,0.0,None,0.0,BTC-27DEC19-2000-C,7089.19,0.0,0.7075,2.0,0.73,2.0,464.29,0.0,0.0,0.65072,0.0,1.0
7147.47,BTC-27MAR20,1576407545962,open,0.01,256.8,0.0005,0.0215,0.00590665,100.85,0.0075,0.0,BTC-27MAR20-22000-C,7089.19,98.43,0.005,27.0,0.007,2.0,103.47,2.82568,-1.385,0.55509,2e-05,0.03346
7094.67,BTC-27DEC19,1576407545962,open,0.0,255.7,0.0005,0.0105,0.0,120.0,0.001,0.0,BTC-27DEC19-1500-P,7089.19,0.0,0.0,0.0,0.0005,37.9,340.83,0.0,0.0,0.0,0.0,0.0
7094.67,BTC-27DEC19,1576407545962,open,0.96,268.3,0.935,1.0145,0.97338776,120.74,0.9355,0.0,BTC-27DEC19-14000-P,7089.19,0.0,0.964,2.0,0.982,2.0,215.27,0.0547,-0.27809,-4.55224,0.0,-0.9987
7147.47,BTC-27MAR20,1576407545962,open,0.32,102.8,0.281,0.377,0.32469168,69.0,0.3045,0.0,BTC-27MAR20-9000-P,7089.19,66.54,0.32,13.0,0.336,13.0,74.82,13.7051,-4.5961,-20.08249,0.00014,-0.67219
7147.47,BTC-27MAR20,1576407545963,open,1.51,0.0,1.4725,1.597,1.52853834,94.77,1.23,0.0,BTC-27MAR20-18000-P,7089.19,0.0,0.0015,10.0,0.0,0.0,0.0,4.31692,-1.98846,-49.79805,3e-05,-0.94341
7147.47,BTC-27MAR20,1576407545962,open,0.01,1556.0,0.002,0.033,0.01181103,88.04,0.0105,0.0,BTC-27MAR20-16000-C,7089.19,86.85,0.011,31.0,0.013,2.1,89.7,4.98568,-2.13331,1.13314,4e-05,0.06806
7094.67,BTC-27DEC19,1576407545962,open,0.07,15.5,0.047,0.0965,0.06810031,55.73,0.073,0.0,BTC-27DEC19-6750-C,7089.19,52.31,0.066,3.1,0.07,7.1,58.77,4.39906,-10.32126,1.47564,0.00048,0.70737
7094.67,BTC-27DEC19,1576407545963,open,2.08,4.9,2.0405,2.164,2.10097625,186.17,2.217,0.0,BTC-27DEC19-22000-P,7089.19,0.0,0.0,0.0,0.0,0.0,0.0,0.0303,-0.23747,-7.15651,0.0,-0.99932
7147.47,BTC-27MAR20,1576407545963,open,0.03,239.8,0.013,0.0515,0.02765453,70.09,0.025,0.0,BTC-27MAR20-5000-P,7089.19,68.57,0.026,16.2,0.029,14.0,71.31,7.84781,-2.67351,-3.09216,8e-05,-0.12584
7147.47,BTC-27MAR20,1576407545963,open,0.05,512.0,0.022,0.0795,0.04471843,70.81,0.0455,0.0,BTC-27MAR20-10000-C,7089.19,70.37,0.044,23.0,0.0465,0.1,71.88,11.80391,-4.06226,3.93972,0.00012,0.24028
7094.67,BTC-27DEC19,1576407545963,open,0.79,12.1,0.779,0.7985,0.78857308,0.0,0.8415,0.0,BTC-27DEC19-1500-C,7089.19,0.0,0.782,14.0,0.801,2.0,500.0,0.0,0.0,0.48804,0.0,1.0
7094.67,BTC-27DEC19,1576407545963,open,1.8,3.6,1.764,1.8765,1.81906937,170.97,1.729,0.0,BTC-27DEC19-20000-P,7089.19,0.0,0.0,0.0,0.0,0.0,0.0,0.02989,-0.21515,-6.5058,0.0,-0.99933
7094.67,BTC-27DEC19,1576407545963,open,0.0,476.2,0.0005,0.014,0.00333498,64.66,0.003,0.0,BTC-27DEC19-8500-C,7089.19,63.21,0.003,20.0,0.004,0.5,67.34,1.67951,-4.57229,0.14917,0.00016,0.06796
7094.67,BTC-27DEC19,1576407545962,open,0.0,1485.1,0.0005,0.0105,0.00094356,87.02,0.0015,0.0,BTC-27DEC19-10000-C,7089.19,80.08,0.0005,117.5,0.0015,5.1,93.11,0.55327,-2.02714,0.03824,4e-05,0.01751
7094.67,BTC-27DEC19,1576407545962,open,0.0,1644.2,0.0005,0.0175,0.00498715,70.02,0.0055,0.0,BTC-27DEC19-6000-P,7089.19,68.2,0.0045,10.0,0.005,5.0,70.07,1.94314,-5.72878,-0.20142,0.00017,-0.08227
7147.47,BTC-27MAR20,1576407545963,open,0.03,1371.5,0.01,0.0545,0.02552432,77.05,0.025,0.0,BTC-27MAR20-12000-C,7089.19,77.03,0.0255,1.0,0.026,1.0,77.44,8.61194,-3.22507,2.38847,8e-05,0.14409
7094.67,BTC-27DEC19,1576407545963,open,0.0,756.8,0.0005,0.0105,0.0,120.0,0.0005,0.0,BTC-27DEC19-24000-C,7089.19,0.0,0.0,0.0,0.0005,1.0,237.26,0.0,0.0,0.0,0.0,0.0
7147.47,BTC-27MAR20,1576407545963,open,2.34,0.0,2.2935,2.4455,2.36347792,106.17,None,0.0,BTC-27MAR20-24000-P,7089.19,0.0,0.0015,10.0,0.0,0.0,0.0,2.64849,-1.36664,-67.13482,2e-05,-0.96906
7094.67,BTC-27DEC19,1576407545963,open,0.47,0.0,0.4515,0.514,0.48071977,94.14,None,0.0,BTC-27DEC19-10500-P,7089.19,0.0,0.471,2.0,0.489,2.0,144.02,0.43083,-1.70769,-3.38779,3e-05,-0.98691
7094.67,BTC-27DEC19,1576407545963,open,0.0,839.6,0.0005,0.0105,6.2e-07,120.0,0.0005,0.0,BTC-27DEC19-18000-C,7089.19,0.0,0.0,0.0,0.0005,19.6,188.49,0.00078,-0.00392,3e-05,0.0,1e-05
7147.47,BTC-27MAR20,1576407545963,open,0.43,148.2,0.3995,0.4975,0.44381489,70.81,0.45,0.0,BTC-27MAR20-10000-P,7089.19,68.16,0.4395,9.0,0.472,12.0,86.73,11.80391,-4.06226,-24.2454,0.00012,-0.75972
7147.47,BTC-27MAR20,1576407545963,open,2.61,0.0,2.5675,2.729,2.64241994,109.01,None,0.0,BTC-27MAR20-26000-P,7089.19,0.0,0.0015,10.0,0.0,0.0,0.0,2.29736,-1.21721,-72.85209,1e-05,-0.97392
7094.67,BTC-27DEC19,1576407545963,open,0.0,1166.8,0.0005,0.0105,0.00093358,106.75,0.001,0.0,BTC-27DEC19-11000-C,7089.19,98.8,0.0005,95.1,0.0015,41.5,113.93,0.47289,-2.12534,0.0315,3e-05,0.01458
7094.67,BTC-27DEC19,1576407545963,open,0.0,832.1,0.0005,0.0105,1.11e-06,120.0,0.0005,0.0,BTC-27DEC19-3000-P,7089.19,0.0,0.0,0.0,0.0005,51.0,193.56,0.00122,-0.00614,-5e-05,0.0,-2e-05
7147.47,BTC-27MAR20,1576407545963,open,0.0,132.7,0.0005,0.0175,0.00394096,115.5,0.004,0.0,BTC-27MAR20-30000-C,7089.19,111.65,0.003,15.0,0.005,22.0,119.13,1.91746,-1.07634,0.34435,1e-05,0.02103
7094.67,BTC-27DEC19,1576407545963,open,4.04,1.3,3.975,4.1775,4.07432476,265.25,3.212,0.0,BTC-27DEC19-36000-P,7089.19,0.0,0.0005,1.0,0.0,0.0,0.0,0.03515,-0.3926,-11.71138,0.0,-0.9992
7147.47,BTC-27MAR20,1576407545963,open,0.0,64.3,0.0005,0.015,0.00318797,116.51,0.0035,0.0,BTC-27MAR20-32000-C,7089.19,113.21,0.0025,15.0,0.004,32.0,119.81,1.61971,-0.91715,0.28324,1e-05,0.01725
7094.67,BTC-27DEC19,1576407545963,open,0.0,590.4,0.0005,0.0105,2e-08,120.0,0.001,0.0,BTC-27DEC19-2500-P,7089.19,0.0,0.0,0.0,0.0005,150.0,231.98,3e-05,-0.00013,0.0,0.0,0.0
7094.67,BTC-27DEC19,1576407545963,open,0.0,690.8,0.0005,0.0105,0.0,120.0,0.0005,0.0,BTC-27DEC19-36000-C,7089.19,0.0,0.0,0.0,0.0025,31.3,355.44,0.0,0.0,0.0,0.0,0.0
7094.67,BTC-27DEC19,1576407545963,open,0.0,833.8,0.0005,0.0105,0.00020341,120.0,0.0005,0.0,BTC-27DEC19-4000-P,7089.19,0.0,0.0,0.0,0.001,45.7,145.45,0.11459,-0.57897,-0.00723,1e-05,-0.00293
7094.67,BTC-27DEC19,1576407545963,open,0.23,69.4,0.2095,0.247,0.22712294,82.66,0.2335,0.0,BTC-27DEC19-5500-C,7089.19,0.0,0.22,9.0,0.2345,9.0,115.27,1.04344,-3.63163,1.69778,8e-05,0.96263
7094.67,BTC-27DEC19,1576407545963,open,0.0,1038.8,0.0005,0.0105,6e-08,120.0,0.0015,0.0,BTC-27DEC19-20000-C,7089.19,0.0,0.0,0.0,0.0005,11.2,206.6,9e-05,-0.00042,0.0,0.0,0.0
7200.4,SYN.BTC-26JUN20,1576407545962,open,0.03,246.9,0.011,0.0645,0.02902023,84.96,0.028,0.0,BTC-26JUN20-18000-C,7089.19,83.9,0.0275,21.0,0.031,0.1,86.28,10.55656,-2.31292,3.51627,5e-05,0.12096
7094.67,BTC-27DEC19,1576407545963,open,0.44,30.7,0.425,0.449,0.43639824,119.9,0.4745,0.0,BTC-27DEC19-4000-C,7089.19,0.0,0.4305,9.0,0.445,11.0,214.69,0.11391,-0.57506,1.29426,1e-05,0.99709
7094.67,BTC-27DEC19,1576407545963,open,0.0,1188.3,0.0005,0.012,0.00211578,73.23,0.002,0.0,BTC-27DEC19-9000-C,7089.19,72.49,0.002,0.8,0.0025,20.0,75.52,1.13372,-3.49555,0.09065,9e-05,0.04139
7094.67,BTC-27DEC19,1576407545964,open,0.0,349.0,0.0005,0.0105,0.0,120.0,0.0005,0.0,BTC-27DEC19-48000-C,7089.19,0.0,0.0,0.0,0.0015,25.7,384.3,0.0,0.0,0.0,0.0,0.0
7147.6,BTC-27MAR20,1576407545963,open,0.96,59.0,0.927,1.0345,0.97508896,82.61,0.877,0.0,BTC-27MAR20-14000-P,7089.19,0.0,0.4,0.5,1.1345,0.1,178.86,6.38759,-2.56452,-37.88605,5e-05,-0.90552
7094.67,BTC-27DEC19,1576407545963,open,0.0,449.3,0.0005,0.0105,0.0,120.0,0.0005,0.0,BTC-27DEC19-44000-C,7089.19,0.0,0.0,0.0,0.0005,1.0,334.15,0.0,0.0,0.0,0.0,0.0
7094.67,BTC-27DEC19,1576407545964,open,0.0,806.2,0.0005,0.0105,0.0005204,108.34,0.001,0.0,BTC-27DEC19-4500-P,7089.19,0.0,0.0,0.0,0.001,20.0,118.35,0.26833,-1.224,-0.01876,2e-05,-0.00761
7094.67,BTC-27DEC19,1576407545963,open,0.26,826.6,0.2445,0.3015,0.2706773,73.25,0.28,0.0,BTC-27DEC19-9000-P,7089.19,0.0,0.2605,2.0,0.2785,2.0,103.11,1.13484,-3.50007,-2.83749,9e-05,-0.95856
7094.67,BTC-27DEC19,1576407545963,open,0.0,491.2,0.0005,0.0105,2.203e-05,120.0,0.0005,0.0,BTC-27DEC19-3500-P,7089.19,0.0,0.0,0.0,0.002,22.0,194.64,0.0173,-0.08743,-0.00091,0.0,-0.00037
7094.67,BTC-27DEC19,1576407545964,open,0.0,1479.5,0.0005,0.011,0.00130251,97.71,0.001,0.0,BTC-27DEC19-5000-P,7089.19,93.8,0.001,19.8,0.0015,25.8,99.96,0.59492,-2.44739,-0.04701,4e-05,-0.01906
7094.67,BTC-27DEC19,1576407545964,open,0.58,11.0,0.5675,0.587,0.57714071,0.0,0.5835,0.0,BTC-27DEC19-3000-C,7089.19,0.0,0.5675,2.0,0.5875,2.0,316.31,0.0,0.0,0.97608,0.0,1.0
7094.67,BTC-27DEC19,1576407545964,open,0.0,162.0,0.0005,0.011,0.00141396,80.77,0.0015,0.0,BTC-27DEC19-9500-C,7089.19,76.65,0.001,20.0,0.002,19.0,85.47,0.79134,-2.69115,0.05847,6e-05,0.02674
7094.67,BTC-27DEC19,1576407545964,open,0.0,106.3,0.0005,0.0105,0.0,120.0,0.0005,0.0,BTC-27DEC19-2000-P,7089.19,0.0,0.0,0.0,0.0005,11.1,279.24,0.0,0.0,0.0,0.0,0.0
7147.6,BTC-27MAR20,1576407545964,open,1.78,5.2,1.7455,1.877,1.8055758,97.58,1.108,0.0,BTC-27MAR20-20000-P,7089.19,0.0,0.0015,10.0,0.0,0.0,0.0,3.40577,-1.61515,-55.67272,2e-05,-0.95794
7094.67,BTC-27DEC19,1576407545964,open,0.68,73.0,0.6585,0.7305,0.69213512,120.49,0.674,0.0,BTC-27DEC19-12000-P,7089.19,0.0,0.684,2.0,0.7005,2.0,179.16,0.35472,-1.79953,-3.88187,2e-05,-0.98954
7094.67,BTC-27DEC19,1576407545964,open,0.37,21.6,0.353,0.381,0.36622981,108.04,0.5285,0.0,BTC-27DEC19-4500-C,7089.19,0.0,0.359,10.0,0.374,10.0,174.8,0.26419,-1.20167,1.4457,1e-05,0.99253
7094.67,BTC-27DEC19,1576407545964,open,0.0,1541.5,0.0005,0.0105,0.0,120.0,0.0005,0.0,BTC-27DEC19-52000-C,7089.19,0.0,0.0,0.0,0.0005,36.9,359.72,0.0,0.0,0.0,0.0,0.0
7094.67,BTC-27DEC19,1576407545964,open,0.01,1471.9,0.0005,0.021,0.00674394,57.55,0.0065,0.0,BTC-27DEC19-8000-C,7089.19,56.92,0.0065,37.0,0.0075,0.7,59.44,2.77237,-6.71724,0.29505,0.00029,0.13457
7147.6,BTC-27MAR20,1576407545964,open,0.0,115.7,0.0005,0.0195,0.00476913,109.01,0.0075,0.0,BTC-27MAR20-26000-C,7089.19,106.48,0.004,21.0,0.006,28.0,112.55,2.29742,-1.21723,0.42924,1e-05,0.02608
7147.6,BTC-27MAR20,1576407545964,open,2.06,5.6,2.019,2.16,2.08391845,100.99,1.545,0.0,BTC-27MAR20-22000-P,7089.19,0.0,0.0015,10.0,0.0,0.0,0.0,2.8428,-1.3953,-61.44833,2e-05,-0.96629
7091.31,SYN.BTC-20DEC19,1576407545962,open,0.0,66.9,0.0005,0.0105,0.00023517,91.63,0.0005,0.0,BTC-20DEC19-9250-C,7089.19,0.0,0.0,0.0,0.0005,0.5,100.43,0.16004,-1.50382,0.00642,3e-05,0.00702
7147.6,BTC-27MAR20,1576407545964,open,0.01,1367.1,0.0005,0.024,0.01007112,76.11,0.01,0.0,BTC-27MAR20-4000-P,7089.19,74.12,0.009,28.0,0.011,1.0,77.75,3.95352,-1.46241,-1.22307,4e-05,-0.05064
7114.9,SYN.BTC-31JAN20,1576407545962,open,0.01,148.2,0.0005,0.026,0.00953612,73.03,0.0095,0.0,BTC-31JAN20-10500-C,7089.19,72.07,0.009,16.0,0.0105,40.5,74.68,4.05501,-3.15868,0.7125,9e-05,0.08751
7094.67,BTC-27DEC19,1576407545964,open,0.0,961.6,0.0005,0.0105,0.0,120.0,0.001,0.0,BTC-27DEC19-30000-C,7089.19,0.0,0.0,0.0,0.0005,0.9,273.75,0.0,0.0,0.0,0.0,0.0
7094.67,BTC-27DEC19,1576407545964,open,2.92,0.2,2.8695,3.027,2.94669704,224.77,2.2765,0.0,BTC-27DEC19-28000-P,7089.19,0.0,0.0,0.0,0.0,0.0,0.0,0.03216,-0.30437,-9.10861,0.0,-0.99927
7094.67,BTC-27DEC19,1576407545964,open,0.0,1036.3,0.0005,0.0105,2.153e-05,120.0,0.0005,0.0,BTC-27DEC19-15000-C,7089.19,0.0,0.0,0.0,0.0005,9.8,156.37,0.01862,-0.09405,0.00088,0.0,0.0004
7094.67,BTC-27DEC19,1576407545965,open,0.0,66.0,0.0005,0.0105,0.00070838,93.69,0.001,0.0,BTC-27DEC19-10500-C,7089.19,89.74,0.0005,41.2,0.001,9.6,98.05,0.41987,-1.65626,0.02768,3e-05,0.0127
7094.67,BTC-27DEC19,1576407545965,open,0.0,562.6,0.0005,0.0105,0.0,120.0,0.0005,0.0,BTC-27DEC19-40000-C,7089.19,0.0,0.0,0.0,0.0005,5.6,319.36,0.0,0.0,0.0,0.0,0.0
7200.4,SYN.BTC-26JUN20,1576407545963,open,0.1,315.7,0.0635,0.152,0.10152016,73.24,0.1025,0.0,BTC-26JUN20-10000-C,7089.19,72.87,0.1005,12.0,0.104,0.2,74.15,19.70277,-3.72177,10.03035,0.0001,0.36378
