underlying_price,underlying_index,timestamp,state,settlement_price,open_interest,min_price,max_price,mark_price,mark_iv,last_price,interest_rate,instrument_name,index_price,bid_iv,best_bid_price,best_bid_amount,best_ask_price,best_ask_amount,ask_iv,vega,theta,rho,gamma,delta
218.6,SYN.ETH-2AUG19,1563533940071,open,0.0,0.168,0.247,0.207054,132.45,None,0.0,ETH-2AUG19-180-C,218.35,0.0,0.0,0.0,0.0,0.0,0.0,0.11529,-0.55024,0.05019,0.00479,0.81099
10608.89,BTC-27DEC19,1563533940115,open,0.65,27.2,0.597,0.6765,0.63667937,102.62,0.634,0.0,BTC-27DEC19-4000-C,10349.12,82.95,0.628,8.0,0.643,8.0,113.11,5.84239,-1.86341,15.20375,1e-05,0.96183
10509.37,BTC-27SEP19,1563533940117,open,0.5,224.0,0.45,0.5295,0.48967963,107.81,0.5225,0.0,BTC-27SEP19-5500-C,10349.12,0.0,0.458,8.0,0.503,8.0,131.37,5.03065,-3.88076,9.18365,2e-05,0.94615
10380.93,SYN.BTC-2AUG19,1563533940180,open,0.0,0.0005,0.0595,0.01993149,125.22,None,0.0,BTC-2AUG19-13500-C,10349.12,123.32,0.019,2.1,0.021,24.0,127.37,5.12298,-23.11684,0.59245,0.0001,0.17006
222.02,ETH-27DEC19,1563533940255,open,2.02,0.0,1.978,2.225,2.101351,113.92,None,0.0,ETH-27DEC19-680-P,218.35,0.0,0.0,0.0,0.0,0.0,0.0,0.32047,-0.11347,-2.9025,0.00129,-0.86473
219.12,SYN.ETH-30AUG19,1563533940287,open,0.63,0.0,0.606,0.738,0.671893,121.68,None,0.0,ETH-30AUG19-360-P,218.35,0.0,0.0,0.0,0.0,0.0,0.0,0.17983,-0.26127,-0.38033,0.00268,-0.84101
218.6,SYN.ETH-2AUG19,1563533940334,open,0.0,0.282,0.361,0.321428,135.77,None,0.0,ETH-2AUG19-150-C,218.35,0.0,0.0,0.0,0.0,0.0,0.0,0.05075,-0.24829,0.05141,0.00206,0.94004
218.48,SYN.ETH-26JUL19,1563533940349,open,1.22,0.0,1.197,1.38,1.288478,0.0,None,0.0,ETH-26JUL19-500-P,218.35,0.0,0.0,0.0,0.0,0.0,0.0,0.0,0.0,-0.09419,0.0,-1.0
10608.89,BTC-27DEC19,1563533940393,open,0.21,187.6,0.159,0.2385,0.19864644,103.42,0.205,0.0,BTC-27DEC19-13000-C,10349.12,101.28,0.193,3.6,0.2035,5.0,105.25,28.06687,-9.02133,14.97219,5e-05,0.51884
10608.87,BTC-27DEC19,1563533940397,open,0.47,17.7,0.437,0.556,0.49659469,103.91,0.6235,0.0,BTC-27DEC19-14000-P,10349.12,100.65,0.488,6.1,0.5045,3.6,106.9,28.0523,-9.05929,-47.66563,5e-05,-0.52279
219.12,SYN.ETH-30AUG19,1563533940402,open,0.33,0.0,0.3,0.407,0.353816,119.77,None,0.0,ETH-30AUG19-280-P,218.35,0.0,0.0,0.0,0.0,0.0,0.0,0.27316,-0.39065,-0.25385,0.00414,-0.65598
10445.15,SYN.BTC-30AUG19,1563533940399,open,0.12,35.6,0.085,0.1745,0.12971742,114.19,0.1205,0.0,BTC-30AUG19-10000-P,10349.12,110.54,0.125,19.3,0.1345,26.8,117.91,13.46874,-18.36434,-6.10579,9e-05,-0.3798
10445.15,SYN.BTC-30AUG19,1563533940423,open,0.02,99.8,0.0005,0.065,0.02440463,114.22,0.025,0.0,BTC-30AUG19-7000-P,10349.12,111.99,0.023,24.0,0.026,15.0,116.7,6.64097,-9.05682,-1.60742,5e-05,-0.10973
10608.89,BTC-27DEC19,1563533940428,open,0.12,237.4,0.085,0.1745,0.12976357,102.62,0.1125,0.0,BTC-27DEC19-8000-P,10349.12,99.47,0.1235,4.9,0.129,11.0,102.24,21.13105,-6.73959,-16.59519,4e-05,-0.22514
218.6,SYN.ETH-2AUG19,1563533940428,open,0.0,0.332,0.442,0.387105,129.48,None,0.0,ETH-2AUG19-300-P,218.35,0.0,0.0,0.0,0.0,0.0,0.0,0.09005,-0.42012,-0.10449,0.00383,-0.87025
10509.29,BTC-27SEP19,1563533940432,open,0.04,334.9,0.0005,0.082,0.04077286,107.8,0.037,0.0,BTC-27SEP19-7000-P,10349.12,103.26,0.0365,34.0,0.0405,9.5,107.51,10.04628,-7.74913,-3.56125,4e-05,-0.13624
222.02,ETH-27DEC19,1563533940442,open,0.05,435.0,0.01,0.089,0.049675,112.41,0.045,0.0,ETH-27DEC19-600-C,218.35,110.79,0.047,262.0,0.052,40.0,113.78,0.37125,-0.1297,0.11654,0.00152,0.16877
10380.93,SYN.BTC-2AUG19,1563533940434,open,0.1,0.0575,0.145,0.10108286,122.02,0.1015,0.0,BTC-2AUG19-10500-P,10349.12,116.77,0.097,2.6,0.104,2.3,125.79,8.05438,-35.41548,-2.26036,0.00016,-0.47169
10364.88,SYN.BTC-26JUL19,1563533940442,open,0.06,320.9,0.0065,0.086,0.04612267,129.02,0.047,0.0,BTC-26JUL19-11000-C,10349.12,125.95,0.0445,0.3,0.0485,8.0,133.48,5.50432,-51.64187,0.69548,0.00021,0.40233
10380.93,SYN.BTC-2AUG19,1563533940459,open,2.0,0.0005,0.0425,0.00249316,129.7,0.0035,0.0,BTC-2AUG19-6500-P,10349.12,124.93,0.002,3.0,0.0035,2.2,137.96,1.14234,-5.33908,-0.10448,2e-05,-0.02398
10445.15,SYN.BTC-30AUG19,1563533940460,open,0.09,10.0,0.0385,0.118,0.0780117,115.65,0.081,0.0,BTC-30AUG19-13000-C,10349.12,113.26,0.075,19.3,0.0805,8.0,117.61,13.21579,-18.24991,3.36017,9e-05,0.35841
10445.15,SYN.BTC-30AUG19,1563533940461,open,0.19,38.0,0.1325,0.212,0.17233492,114.2,0.1695,0.0,BTC-30AUG19-10000-C,10349.12,110.84,0.168,17.5,0.176,8.0,117.04,13.46872,-18.36556,5.3669,9e-05,0.6202
10509.29,BTC-27SEP19,1563533940468,open,0.01,531.9,0.0005,0.046,0.00642899,117.45,0.008,0.0,BTC-27SEP19-30000-C,10348.57,113.11,0.005,8.0,0.0075,15.0,120.32,3.73491,-3.13901,0.61908,2e-05,0.0372
10608.87,BTC-27DEC19,1563533940468,open,0.02,246.9,0.0005,0.0625,0.02255926,114.24,0.025,0.0,BTC-27DEC19-40000-C,10348.57,112.19,0.0205,12.0,0.025,18.0,116.53,10.98136,-3.89887,2.93012,2e-05,0.08522
10509.29,BTC-27SEP19,1563533940468,open,0.0,299.6,0.0005,0.046,0.00590967,107.8,0.007,0.0,BTC-27SEP19-4750-P,10348.57,102.31,0.0045,15.0,0.007,18.7,111.56,2.90694,-2.24229,-0.67139,1e-05,-0.02746
10608.87,BTC-27DEC19,1563533940469,open,0.0,88.9,0.0005,0.0415,0.00146312,113.65,0.003,0.0,BTC-27DEC19-2000-P,10348.57,99.35,0.0005,5.0,0.0025,13.8,122.94,0.98512,-0.34796,-0.29365,0.0,-0.00482
10509.29,BTC-27SEP19,1563533940469,open,0.0,1657.1,0.0005,0.04,6.867e-05,145.0,0.0005,0.0,BTC-27SEP19-1500-P,10348.57,0.0,0.0,0.0,0.0005,10.4,175.91,0.05946,-0.06169,-0.00852,0.0,-0.00035
10608.87,BTC-27DEC19,1563533940469,open,0.86,0.1,0.82,0.8995,0.85960291,126.62,0.9035,0.0,BTC-27DEC19-1500-C,10348.57,0.0,0.789,8.0,0.867,8.0,180.04,0.6449,-0.25378,6.42445,0.0,0.997
10509.29,BTC-27SEP19,1563533940469,open,0.86,42.8,0.8175,0.897,0.85733876,145.17,0.815,0.0,BTC-27SEP19-1500-C,10348.57,0.0,0.8435,8.0,0.9255,8.0,500.0,0.0601,-0.06243,2.86298,0.0,0.99964
10380.93,SYN.BTC-2AUG19,1563533940468,open,0.0,0.205,0.2845,0.24493101,125.12,None,0.0,BTC-2AUG19-8000-C,10348.57,0.0,0.01,10.0,0.0,0.0,0.0,3.97796,-17.93483,2.51791,8e-05,0.88296
10608.87,BTC-27DEC19,1563533940469,open,0.41,93.7,0.362,0.4415,0.40150311,102.62,0.346,0.0,BTC-27DEC19-7500-C,10348.57,95.81,0.389,8.0,0.405,8.0,104.51,19.58459,-6.24639,18.73826,4e-05,0.80224
10608.87,BTC-27DEC19,1563533940469,open,0.08,241.8,0.0455,0.1325,0.08896558,102.62,0.075,0.0,BTC-27DEC19-7000-P,10348.57,99.06,0.083,4.9,0.0885,20.0,102.34,17.87801,-5.70207,-12.14737,4e-05,-0.17082
10380.93,SYN.BTC-2AUG19,1563533940468,open,1.0,0.0855,0.1755,0.13046216,122.37,0.1125,0.0,BTC-2AUG19-11000-P,10348.57,117.23,0.1265,2.6,0.134,18.0,126.95,8.01339,-35.33523,-2.68195,0.00016,-0.54914
10445.11,SYN.BTC-30AUG19,1563533940468,open,0.04,61.5,0.007,0.0905,0.0487192,114.2,0.051,0.0,BTC-30AUG19-8000-P,10348.57,111.21,0.046,19.3,0.0505,10.0,116.14,9.55862,-13.03333,-2.8445,7e-05,-0.18865
10608.87,BTC-27DEC19,1563533940471,open,0.02,81.4,0.0005,0.0545,0.01471405,116.15,0.0155,0.0,BTC-27DEC19-48000-C,10348.57,113.84,0.013,8.0,0.0165,18.0,118.39,8.1673,-2.94838,2.02295,1e-05,0.05798
10445.11,SYN.BTC-30AUG19,1563533940469,open,0.3,17.1,0.27,0.3755,0.32260895,115.65,0.289,0.0,BTC-30AUG19-13000-P,10348.57,88.75,0.29,2.5,0.353,2.5,139.14,13.21553,-18.24873,-11.55458,9e-05,-0.6416
10608.87,BTC-27DEC19,1563533940471,open,0.44,54.4,0.3895,0.469,0.42914136,102.62,0.3805,0.0,BTC-27DEC19-7000-C,10348.57,65.37,0.3715,8.0,0.436,8.0,106.67,17.87804,-5.7021,18.70544,4e-05,0.82918
10608.87,BTC-27DEC19,1563533940471,open,0.02,181.4,0.0005,0.0575,0.01794689,115.09,0.024,0.0,BTC-27DEC19-44000-C,10348.57,112.81,0.016,14.0,0.02,18.0,117.33,9.4012,-3.36267,2.40902,2e-05,0.06947
10608.87,BTC-27DEC19,1563533940471,open,0.5,122.9,0.4505,0.53,0.49019174,102.62,0.502,0.0,BTC-27DEC19-6000-C,10348.57,88.2,0.472,8.0,0.498,8.0,108.43,14.05275,-4.48206,18.24767,3e-05,0.88044
10509.29,BTC-27SEP19,1563533940471,open,0.0,318.1,0.0005,0.0445,0.00439211,108.07,0.006,0.0,BTC-27SEP19-4500-P,10348.57,101.1,0.003,20.0,0.0055,3.5,112.74,2.33603,-1.80645,-0.51424,1e-05,-0.02117
10509.29,BTC-27SEP19,1563533940471,open,0.32,901.1,0.27,0.3495,0.30959751,107.8,0.25,0.0,BTC-27SEP19-8000-C,10348.57,92.18,0.2905,8.0,0.314,8.0,111.3,13.16844,-10.15792,9.71041,6e-05,0.79225
10509.29,BTC-27SEP19,1563533940471,open,0.0,609.1,0.0005,0.041,0.00098294,123.75,0.002,0.0,BTC-27SEP19-3000-P,10348.57,114.02,0.0005,5.0,0.0015,20.3,130.98,0.64763,-0.57348,-0.11744,0.0,-0.00485
10364.88,SYN.BTC-26JUL19,1563533940468,open,0.34,4.8,0.286,0.3655,0.32579964,139.4,0.455,0.0,BTC-26JUL19-7000-C,10348.57,0.0,0.2755,4.0,0.3665,4.0,339.02,0.56596,-5.73711,1.28535,2e-05,0.98411
10508.74,BTC-27SEP19,1563533940471,open,0.02,598.1,0.0005,0.0605,0.02009765,107.79,0.019,0.0,BTC-27SEP19-6000-P,10348.57,102.73,0.017,10.0,0.02,2.0,107.64,6.65366,-5.13197,-1.95747,3e-05,-0.0772
10608.32,BTC-27DEC19,1563533940472,open,0.1,161.9,0.0645,0.1525,0.10845775,102.61,0.102,0.0,BTC-27DEC19-7500-P,10348.57,99.1,0.102,4.9,0.1085,20.0,102.63,19.58459,-6.24583,-14.31839,4e-05,-0.19777
10508.74,BTC-27SEP19,1563533940472,open,0.66,0.0,0.6055,0.685,0.64517371,113.62,None,0.0,BTC-27SEP19-3750-C,10348.57,0.0,0.6305,8.0,0.66,8.0,172.18,1.23956,-1.00774,6.93455,1e-05,0.98987
10508.74,BTC-27SEP19,1563533940472,open,0.0,423.0,0.0005,0.0425,0.0024492,110.21,0.002,0.0,BTC-27SEP19-4000-P,10348.57,102.4,0.0015,15.0,0.0035,18.3,116.87,1.47878,-1.16624,-0.29898,1e-05,-0.01241
10608.32,BTC-27DEC19,1563533940473,open,0.54,5.5,0.5095,0.635,0.57214174,104.39,0.64,0.0,BTC-27DEC19-15000-P,10348.57,100.89,0.563,3.6,0.5805,3.6,107.58,27.76851,-9.00961,-52.97815,5e-05,-0.56092
10608.32,BTC-27DEC19,1563533940473,open,0.03,186.2,0.0005,0.068,0.02842363,112.95,0.0245,0.0,BTC-27DEC19-36000-C,10348.57,110.89,0.026,18.0,0.031,18.0,115.04,12.79106,-4.49029,3.57238,2e-05,0.10483
10364.88,SYN.BTC-26JUL19,1563533940471,open,0.44,1.0,0.3815,0.461,0.421259,144.99,0.354,0.0,BTC-26JUL19-6000-C,10348.57,0.0,0.4105,4.0,0.467,4.0,445.4,0.09872,-1.04083,1.12567,0.0,0.99779
10508.74,BTC-27SEP19,1563533940473,open,0.57,13.5,0.514,0.5935,0.55393202,107.89,0.382,0.0,BTC-27SEP19-4750-C,10348.57,0.0,0.546,8.0,0.5915,8.0,183.29,2.91425,-2.24984,8.41981,1e-05,0.97245
10608.32,BTC-27DEC19,1563533940473,open,0.04,98.3,0.0005,0.0765,0.03684354,111.7,0.032,0.0,BTC-27DEC19-32000-C,10348.57,109.65,0.034,14.0,0.04,28.0,113.88,15.0381,-5.22063,4.43816,3e-05,0.13176
10508.74,BTC-27SEP19,1563533940473,open,0.7,0.0,0.652,0.7315,0.69199412,120.07,None,0.0,BTC-27SEP19-3250-C,10348.57,0.0,0.677,8.0,0.701,8.0,172.4,0.81303,-0.69853,6.07028,0.0,0.99373
10508.74,BTC-27SEP19,1563533940473,open,0.0,122.0,0.0005,0.042,0.00199816,113.43,0.0015,0.0,BTC-27SEP19-3750-P,10348.57,102.94,0.001,23.0,0.003,19.0,120.91,1.23116,-0.99932,-0.24245,1e-05,-0.01005
10445.11,SYN.BTC-30AUG19,1563533940471,open,0.03,214.1,0.0005,0.0615,0.02183772,119.73,0.023,0.0,BTC-30AUG19-18000-C,10348.57,116.33,0.0195,13.0,0.023,8.0,121.36,7.37637,-10.54524,1.26389,5e-05,0.12731
10364.88,SYN.BTC-26JUL19,1563533940473,open,0.25,41.7,0.194,0.2735,0.23374884,132.78,0.1785,0.0,BTC-26JUL19-8000-C,10348.57,0.0,0.217,4.0,0.27,4.0,258.22,1.80877,-17.46451,1.36873,7e-05,0.93477
10380.93,SYN.BTC-2AUG19,1563533940468,open,0.0,0.0005,0.056,0.01557473,125.12,None,0.0,BTC-2AUG19-8000-P,10348.57,119.56,0.0135,32.5,0.0175,30.0,130.04,3.97792,-17.93448,-0.52333,8e-05,-0.11704
10364.88,SYN.BTC-26JUL19,1563533940474,open,0.23,28.7,0.214,0.315,0.26454437,132.29,0.3305,0.0,BTC-26JUL19-13000-P,10348.57,0.0,0.233,2.5,0.306,2.5,236.55,2.90664,-27.96228,-2.22754,0.00011,-0.87633
10445.11,SYN.BTC-30AUG19,1563533940472,open,0.05,103.5,0.006,0.0855,0.04579891,116.82,0.045,0.0,BTC-30AUG19-15000-C,10348.57,114.11,0.043,22.6,0.045,1.0,116.05,10.91633,-15.22626,2.28812,7e-05,0.23674
10380.93,SYN.BTC-2AUG19,1563533940473,open,0.0,0.1315,0.211,0.17118359,123.57,None,0.0,BTC-2AUG19-9000-C,10348.57,119.1,0.1685,2.5,0.1755,2.6,130.66,6.26268,-27.8871,2.33179,0.00012,0.76205
10608.32,BTC-27DEC19,1563533940476,open,0.05,90.6,0.009,0.0885,0.04894028,110.28,0.0525,0.0,BTC-27DEC19-28000-C,10348.57,108.19,0.0455,12.9,0.0515,8.0,111.8,17.73057,-6.07727,5.59688,3e-05,0.16864
10608.32,BTC-27DEC19,1563533940477,open,0.01,601.5,0.0005,0.052,0.01201588,116.82,0.0135,0.0,BTC-27DEC19-52000-C,10348.57,114.45,0.0105,6.0,0.0135,19.0,118.97,7.06263,-2.56428,1.6953,1e-05,0.04827
219.63,ETH-27SEP19,1563533940477,open,2.36,0.0,2.326,2.602,2.464332,125.08,None,0.0,ETH-27SEP19-760-P,218.35,0.0,0.0,0.0,0.0,0.0,0.0,0.05245,-0.04694,-1.44692,0.00045,-0.97696
10364.88,SYN.BTC-26JUL19,1563533940473,open,0.03,399.3,0.0005,0.076,0.03463143,130.64,0.034,0.0,BTC-26JUL19-9500-P,10348.57,127.11,0.033,0.3,0.0365,10.0,134.65,4.80883,-45.68287,-0.61908,0.00018,-0.28244
10364.88,SYN.BTC-26JUL19,1563533940485,open,0.16,306.9,0.1335,0.2275,0.18055041,131.45,0.16,0.0,BTC-26JUL19-12000-P,10348.57,0.0,0.136,2.5,0.2195,2.5,212.94,4.37406,-41.81248,-1.84571,0.00016,-0.76476
10380.93,SYN.BTC-2AUG19,1563533940478,open,10.0,0.0725,0.152,0.11244581,122.03,0.109,0.0,BTC-2AUG19-10000-C,10348.57,118.09,0.1095,2.6,0.1165,2.5,127.44,7.77275,-34.17867,1.95864,0.00016,0.60876
10608.32,BTC-27DEC19,1563533940495,open,1.27,0.0,1.237,1.423,1.33000292,109.0,None,0.0,BTC-27DEC19-24000-P,10348.57,0.0,0.0065,0.2,2.12,0.2,500.0,20.94574,-7.09549,-98.57706,4e-05,-0.77829
10608.32,BTC-27DEC19,1563533940497,open,0.77,12.4,0.7405,0.885,0.81272066,106.07,0.559,0.0,BTC-27DEC19-18000-P,10348.57,0.0,0.005,0.3,1.572,0.2,500.0,25.95004,-8.55514,-68.62309,5e-05,-0.65494
222.02,ETH-27DEC19,1563533940503,open,0.2,1839.0,0.168,0.264,0.21575,106.49,0.199,0.0,ETH-27DEC19-200-P,218.35,103.19,0.208,418.0,0.221,140.0,108.75,0.51862,-0.17165,-0.5126,0.00224,-0.3081
10509.29,BTC-27SEP19,1563533940511,open,0.2,112.5,0.1665,0.2635,0.21500758,107.8,0.2065,0.0,BTC-27SEP19-11000-P,10348.57,105.19,0.2105,5.0,0.221,14.4,111.27,18.16772,-14.01362,-13.27261,8e-05,-0.4447
10380.93,SYN.BTC-2AUG19,1563533940528,open,1.0,0.0855,0.1755,0.13046216,122.37,0.1125,0.0,BTC-2AUG19-11000-P,10348.57,117.23,0.1265,2.5,0.134,18.0,126.95,8.01339,-35.33523,-2.68195,0.00016,-0.54914
10380.93,SYN.BTC-2AUG19,1563533940542,open,1.0,0.0855,0.1755,0.13046216,122.37,0.1125,0.0,BTC-2AUG19-11000-P,10348.57,117.23,0.1265,2.5,0.1335,2.4,126.3,8.01339,-35.33523,-2.68195,0.00016,-0.54914
218.6,SYN.ETH-2AUG19,1563533940577,open,0.0,0.147,0.241,0.19416,129.39,None,0.0,ETH-2AUG19-250-P,218.35,0.0,0.0,0.0,0.0,0.0,0.0,0.1566,-0.73012,-0.07078,0.00666,-0.65756
10380.93,SYN.BTC-2AUG19,1563533940607,open,0.0,0.291,0.3705,0.33077222,128.6,None,0.0,BTC-2AUG19-7000-C,10348.57,0.0,0.01,10.0,0.0,0.0,0.0,1.91341,-8.8667,2.46402,4e-05,0.95515
218.6,SYN.ETH-2AUG19,1563533940615,open,0.0,0.001,0.047,0.007568,135.64,None,0.0,ETH-2AUG19-150-P,218.35,123.41,0.005,250.0,0.01,250.0,145.44,0.05065,-0.24754,-0.0056,0.00206,-0.05981
10380.93,SYN.BTC-2AUG19,1563533940615,open,0.0,0.0005,0.05,0.00972162,128.59,None,0.0,BTC-2AUG19-7500-P,10348.57,126.0,0.009,10.0,0.011,13.7,132.98,2.9384,-13.61565,-0.34433,6e-05,-0.07753
222.02,ETH-27DEC19,1563533940652,open,1.68,0.0,1.643,1.862,1.752134,112.41,0.953,0.0,ETH-27DEC19-600-P,218.35,0.0,0.0,0.0,0.0,0.0,0.0,0.37125,-0.1297,-2.52799,0.00152,-0.83123
222.02,ETH-27DEC19,1563533940683,open,2.19,0.0,2.147,2.408,2.277179,114.59,None,0.0,ETH-27DEC19-720-P,218.35,0.0,0.003,5.0,0.0,0.0,0.0,0.29793,-0.1061,-3.08776,0.0012,-0.87822
10608.87,BTC-27DEC19,1563533940747,open,0.73,0.0,0.6825,0.762,0.72212197,105.01,None,0.0,BTC-27DEC19-3000-C,10348.57,0.0,0.7065,8.0,0.7275,8.0,121.78,2.72405,-0.88903,12.27455,1e-05,0.98463
10445.11,SYN.BTC-30AUG19,1563533940750,open,0.24,6.4,0.1825,0.262,0.22222098,114.2,0.2395,0.0,BTC-30AUG19-9000-C,10348.57,111.38,0.219,3.2,0.226,8.0,117.5,11.94039,-16.28127,5.94706,8e-05,0.71849
10608.32,BTC-27DEC19,1563533940751,open,0.86,0.1,0.82,0.8995,0.85960291,126.73,0.9035,0.0,BTC-27DEC19-1500-C,10348.57,0.0,0.789,8.0,0.8675,8.0,182.32,0.6481,-0.25528,6.42333,0.0,0.99698
10608.87,BTC-27DEC19,1563533940753,open,0.44,54.4,0.3895,0.469,0.42914136,102.62,0.3805,0.0,BTC-27DEC19-7000-C,10348.57,65.37,0.3715,8.0,0.4365,8.0,106.97,17.87804,-5.7021,18.70544,4e-05,0.82918
10608.87,BTC-27DEC19,1563533940755,open,0.53,59.5,0.484,0.5635,0.52373557,102.62,0.49,0.0,BTC-27DEC19-5500-C,10348.57,90.73,0.511,8.0,0.532,8.0,109.74,11.99292,-3.82507,17.78259,2e-05,0.90404
10608.87,BTC-27DEC19,1563533940767,open,0.27,61.8,0.239,0.3415,0.29034619,102.62,0.293,0.0,BTC-27DEC19-11000-P,10348.57,100.13,0.284,2.5,0.2955,12.9,104.65,26.96057,-8.59885,-31.66577,5e-05,-0.38686
219.12,SYN.ETH-30AUG19,1563533940793,open,0.4,0.0,0.372,0.485,0.428757,120.35,None,0.0,ETH-30AUG19-300-P,218.35,0.0,0.0,0.0,0.0,0.0,0.0,0.25213,-0.3623,-0.28743,0.0038,-0.71462
219.63,ETH-27SEP19,1563533940836,open,0.21,1115.0,0.154,0.233,0.19345,112.34,0.191,0.0,ETH-27SEP19-220-C,218.35,108.53,0.187,341.0,0.2,230.0,116.2,0.37228,-0.29924,0.16915,0.00359,0.59574
219.63,ETH-27SEP19,1563533940863,open,0.06,6148.0,0.023,0.107,0.064826,112.45,0.067,0.0,ETH-27SEP19-160-P,218.35,108.31,0.06,640.0,0.068,300.0,115.14,0.25803,-0.20762,-0.10579,0.00248,-0.18677
219.63,ETH-27SEP19,1563533940873,open,0.02,8191.0,0.001,0.059,0.018985,112.68,0.039,0.0,ETH-27SEP19-120-P,218.35,109.24,0.017,199.0,0.021,198.0,116.03,0.12966,-0.10454,-0.0376,0.00125,-0.07044
222.02,ETH-27DEC19,1563533940889,open,0.04,424.0,0.004,0.083,0.043651,113.2,0.039,0.0,ETH-27DEC19-640-C,218.35,112.12,0.042,236.0,0.046,50.0,114.69,0.34488,-0.12133,0.10485,0.0014,0.15079
219.63,ETH-27SEP19,1563533940904,open,0.13,3337.0,0.099,0.189,0.144093,112.35,0.228,0.0,ETH-27SEP19-200-P,218.35,107.9,0.137,530.0,0.149,300.0,115.46,0.34857,-0.28023,-0.19989,0.00336,-0.33133
218.48,SYN.ETH-26JUL19,1563533940911,open,0.01,1139.0,0.001,0.043,0.003498,132.58,0.003,0.0,ETH-26JUL19-300-C,218.35,120.08,0.002,103.0,0.004,22.0,136.01,0.03058,-0.29478,0.00188,0.00257,0.04929
218.48,SYN.ETH-26JUL19,1563533940948,open,0.0,3965.0,0.001,0.04,0.000492,144.9,0.001,0.0,ETH-26JUL19-360-C,218.35,0.0,0.0,0.0,0.001,128.0,157.89,0.00653,-0.06877,0.00031,0.0005,0.00794
218.6,SYN.ETH-2AUG19,1563533940950,open,0.0,0.001,0.064,0.024565,129.47,None,0.0,ETH-2AUG19-280-C,218.35,126.52,0.023,145.0,0.025,200.0,130.26,0.11805,-0.55073,0.01428,0.00502,0.19646
219.63,ETH-27SEP19,1563533940960,open,0.18,2078.0,0.148,0.242,0.195134,112.32,0.178,0.0,ETH-27SEP19-220-P,218.35,108.13,0.188,483.0,0.2,120.0,115.21,0.37228,-0.2992,-0.25202,0.00359,-0.40428
219.63,ETH-27SEP19,1563533940982,open,0.01,1934.0,0.001,0.051,0.011836,119.38,0.012,0.0,ETH-27SEP19-560-C,218.35,115.81,0.01,197.0,0.014,340.0,123.19,0.11879,-0.10147,0.02147,0.00108,0.06291
219.63,ETH-27SEP19,1563533940992,open,0.12,1916.0,0.071,0.15,0.110094,112.93,0.114,0.0,ETH-27SEP19-280-C,218.35,109.31,0.104,335.0,0.115,160.0,115.81,0.37209,-0.30067,0.12334,0.00357,0.40345
222.02,ETH-27DEC19,1563533941004,open,2.36,0.0,2.316,2.592,2.453969,115.48,None,0.0,ETH-27DEC19-760-P,218.35,0.0,0.0,0.0,0.0,0.0,0.0,0.27877,-0.10005,-3.27142,0.00111,-0.88911
219.63,ETH-27SEP19,1563533941006,open,0.01,4110.0,0.001,0.048,0.008436,115.11,0.012,0.0,ETH-27SEP19-100-P,218.35,107.24,0.006,515.0,0.011,500.0,122.22,0.07398,-0.06094,-0.0182,0.0007,-0.03484
222.02,ETH-27DEC19,1563533941019,open,0.72,241.0,0.684,0.823,0.753641,108.27,0.986,0.0,ETH-27DEC19-360-P,218.35,83.78,0.695,110.0,0.815,110.0,131.99,0.55992,-0.18842,-1.347,0.00238,-0.62286
218.48,SYN.ETH-26JUL19,1563533941026,open,0.05,1013.0,0.001,0.076,0.036664,132.55,0.042,0.0,ETH-26JUL19-240-C,218.35,127.17,0.034,106.0,0.04,415.0,139.16,0.10927,-1.05331,0.01229,0.00917,0.33523
219.63,ETH-27SEP19,1563533941039,open,0.09,4976.0,0.057,0.144,0.100417,112.4,0.094,0.0,ETH-27SEP19-180-P,218.35,107.84,0.094,593.0,0.104,300.0,114.93,0.31026,-0.24953,-0.15057,0.00299,-0.25768
10509.29,BTC-27SEP19,1563533941062,open,0.2,112.5,0.1665,0.2635,0.21501202,107.8,0.2065,0.0,BTC-27SEP19-11000-P,10348.57,105.19,0.2105,5.0,0.2195,2.5,110.4,18.16772,-14.01362,-13.27261,8e-05,-0.4447
10608.32,BTC-27DEC19,1563533941063,open,0.21,187.6,0.159,0.2385,0.1986292,103.42,0.205,0.0,BTC-27DEC19-13000-C,10348.57,102.61,0.1965,8.0,0.2035,5.0,105.26,28.06541,-9.0214,14.97068,5e-05,0.51883
219.63,ETH-27SEP19,1563533941067,open,0.03,7575.0,0.001,0.079,0.037835,112.64,0.072,0.0,ETH-27SEP19-140-P,218.35,109.43,0.035,507.0,0.04,140.0,115.06,0.19561,-0.15767,-0.06763,0.00188,-0.12301
222.02,ETH-27DEC19,1563533941082,open,1.85,0.0,1.81,2.043,1.926275,113.2,None,0.0,ETH-27DEC19-640-P,218.35,0.0,0.0,0.0,0.0,0.0,0.0,0.34488,-0.12133,-2.71599,0.0014,-0.84921
10380.37,SYN.BTC-2AUG19,1563533941212,open,0.0,0.3365,0.416,0.37634487,130.0,None,0.0,BTC-2AUG19-6500-C,10348.57,0.0,0.01,10.0,0.0,0.0,0.0,1.15165,-5.39484,2.36548,2e-05,0.97578
10380.93,SYN.BTC-2AUG19,1563533941210,open,10.0,0.033,0.1185,0.07575077,122.03,0.075,0.0,BTC-2AUG19-10000-P,10348.57,117.02,0.072,12.6,0.079,26.6,126.37,7.77275,-34.17845,-1.84291,0.00016,-0.39124
10380.93,SYN.BTC-2AUG19,1563533941219,open,0.0,0.0005,0.056,0.01557479,125.12,None,0.0,BTC-2AUG19-8000-P,10348.57,119.56,0.0135,32.3,0.0175,30.0,130.04,3.97792,-17.93448,-0.52333,8e-05,-0.11704
10444.53,SYN.BTC-30AUG19,1563533941220,open,0.15,51.9,0.093,0.1725,0.13279,114.61,0.142,0.0,BTC-30AUG19-11000-C,10348.57,111.8,0.129,14.4,0.1365,8.0,117.36,14.08755,-19.278,4.6898,0.0001,0.52417
10508.74,BTC-27SEP19,1563533941257,open,0.1,167.8,0.053,0.1325,0.09291395,110.04,0.099,0.0,BTC-27SEP19-14000-C,10348.57,107.64,0.089,17.8,0.096,8.0,111.91,17.22298,-13.56183,5.39881,7e-05,0.36129
10508.74,BTC-27SEP19,1563533941259,open,0.59,289.7,0.5365,0.616,0.57617859,108.18,0.588,0.0,BTC-27SEP19-4500-C,10348.57,0.0,0.561,8.0,0.636,8.0,224.57,2.34378,-1.81424,8.09839,1e-05,0.97875
218.48,SYN.ETH-26JUL19,1563533941320,open,1.67,0.0,1.637,1.856,1.746298,140.3,None,0.0,ETH-26JUL19-600-P,218.35,0.0,0.0,0.0,0.0,0.0,0.0,0.0,0.0,-0.11303,0.0,-1.0
10608.32,BTC-27DEC19,1563533941323,open,0.21,173.3,0.182,0.28,0.23124792,102.61,0.2305,0.0,BTC-27DEC19-10000-P,10348.57,99.63,0.224,4.9,0.2335,14.5,103.55,25.64536,-8.17842,-26.45498,5e-05,-0.33458
10445.11,SYN.BTC-30AUG19,1563533941327,open,0.11,44.5,0.062,0.1415,0.10195182,115.15,0.111,0.0,BTC-30AUG19-12000-C,10348.57,112.19,0.098,14.4,0.105,18.0,117.43,13.933,-19.15691,4.00466,0.0001,0.43614
10608.87,BTC-27DEC19,1563533941341,open,0.47,17.7,0.437,0.556,0.49659554,103.91,0.6235,0.0,BTC-27DEC19-14000-P,10348.57,100.65,0.488,6.1,0.505,8.6,107.08,28.0523,-9.05929,-47.66563,5e-05,-0.52279
219.63,ETH-27SEP19,1563533941344,open,0.18,2078.0,0.148,0.242,0.195134,112.32,0.178,0.0,ETH-27SEP19-220-P,218.35,108.13,0.188,373.0,0.2,120.0,115.21,0.37228,-0.2992,-0.25202,0.00359,-0.40428
10364.88,SYN.BTC-26JUL19,1563533941343,open,0.06,287.3,0.034,0.12,0.07696483,127.64,0.0735,0.0,BTC-26JUL19-10500-P,10348.57,123.14,0.0745,1.1,0.08,2.1,133.19,5.67474,-52.67308,-1.11588,0.00022,-0.49455
10608.32,BTC-27DEC19,1563533941353,open,0.1,161.9,0.0645,0.1525,0.10847419,102.61,0.102,0.0,BTC-27DEC19-7500-P,10348.57,99.38,0.1025,4.9,0.1085,20.0,102.63,19.58459,-6.24583,-14.31839,4e-05,-0.19777
10380.93,SYN.BTC-2AUG19,1563533941367,open,0.1,0.0005,0.0795,0.03815788,123.57,0.0325,0.0,BTC-2AUG19-9000-P,10348.57,119.14,0.0355,2.7,0.0405,24.0,127.44,6.26267,-27.88687,-1.08961,0.00012,-0.23795
219.64,ETH-27SEP19,1563533941381,open,2.01,0.0,1.979,2.226,2.102102,123.53,None,0.0,ETH-27SEP19-680-P,218.35,0.0,0.0,0.0,0.0,0.0,0.0,0.07309,-0.0646,-1.28994,0.00064,-0.96567
10380.93,SYN.BTC-2AUG19,1563533941376,open,0.2,0.013,0.097,0.05505014,122.91,0.053,0.0,BTC-2AUG19-9500-P,10348.57,118.48,0.052,2.6,0.0575,24.0,126.46,7.16178,-31.72032,-1.44898,0.00014,-0.31212
10508.69,BTC-27SEP19,1563533941384,open,0.12,207.5,0.073,0.1525,0.11277738,109.21,0.124,0.0,BTC-27SEP19-13000-C,10348.57,106.99,0.109,25.3,0.116,8.0,111.09,17.95704,-14.0332,6.14574,8e-05,0.41828
218.48,SYN.ETH-26JUL19,1563533941404,open,1.31,0.0,1.285,1.475,1.380125,144.9,None,0.0,ETH-26JUL19-520-P,218.35,0.0,0.0,0.0,0.0,0.0,0.0,1e-05,-0.00014,-0.09795,0.0,-0.99999
10444.53,SYN.BTC-30AUG19,1563533941417,open,0.09,10.0,0.0385,0.118,0.07801061,115.66,0.081,0.0,BTC-30AUG19-13000-C,10348.57,112.88,0.0745,19.3,0.0805,8.0,117.63,13.21459,-18.24979,3.35963,9e-05,0.35838
10608.36,BTC-27DEC19,1563533941468,open,0.06,224.5,0.029,0.114,0.07137326,102.61,0.0845,0.0,BTC-27DEC19-6500-P,10348.59,99.03,0.066,6.0,0.0705,5.0,102.03,16.02609,-5.11107,-10.10058,3e-05,-0.14465
10608.38,BTC-27DEC19,1563533941469,open,0.04,85.9,0.0005,0.0835,0.0421693,102.61,0.0325,0.0,BTC-27DEC19-5500-P,10348.59,98.87,0.038,11.0,0.042,5.0,102.46,11.99286,-3.82483,-6.45889,2e-05,-0.09597
10444.53,SYN.BTC-30AUG19,1563533941471,open,0.03,18.3,0.0005,0.067,0.0274049,118.31,0.027,0.0,BTC-30AUG19-17000-C,10348.59,115.92,0.0255,3.1,0.0275,1.0,118.43,8.43017,-11.9091,1.52902,6e-05,0.15501
10508.69,BTC-27SEP19,1563533941479,open,0.22,828.6,0.1675,0.247,0.20713931,107.81,0.198,0.0,BTC-27SEP19-10000-C,10348.59,103.48,0.2,18.8,0.2095,8.0,109.25,17.30686,-13.35175,8.57678,8e-05,0.63347
10608.36,BTC-27DEC19,1563533941480,open,0.47,17.7,0.437,0.556,0.49659554,103.89,0.6235,0.0,BTC-27DEC19-14000-P,10348.59,100.83,0.4885,3.6,0.505,8.6,107.07,28.05063,-9.05716,-47.66711,5e-05,-0.52287
10364.33,SYN.BTC-26JUL19,1563533941481,open,0.44,1.0,0.3815,0.461,0.42125912,148.0,0.354,0.0,BTC-26JUL19-6000-C,10348.59,0.0,0.41,4.0,0.467,4.0,445.48,0.11496,-1.23723,1.12482,0.0,0.99739
10508.69,BTC-27SEP19,1563533941482,open,0.22,828.6,0.1675,0.247,0.20713931,107.81,0.198,0.0,BTC-27SEP19-10000-C,10348.59,103.48,0.2,18.8,0.209,10.8,108.94,17.30686,-13.35175,8.57678,8e-05,0.63347
10364.33,SYN.BTC-26JUL19,1563533941482,open,0.25,41.7,0.194,0.2735,0.23374903,132.99,0.1785,0.0,BTC-26JUL19-8000-C,10348.59,0.0,0.2165,4.0,0.27,4.0,258.3,1.81539,-17.55683,1.36804,7e-05,0.93445
10508.69,BTC-27SEP19,1563533941484,open,0.86,42.8,0.8175,0.897,0.85732969,145.0,0.815,0.0,BTC-27SEP19-1500-C,10348.59,0.0,0.843,8.0,0.9255,8.0,500.0,0.05948,-0.06171,2.86308,0.0,0.99965
10508.69,BTC-27SEP19,1563533941485,open,0.66,0.0,0.6055,0.685,0.64515304,113.45,None,0.0,BTC-27SEP19-3750-C,10348.59,0.0,0.63,8.0,0.66,8.0,172.18,1.23211,-1.00026,6.93633,1e-05,0.98994
10508.69,BTC-27SEP19,1563533941487,open,0.63,227.5,0.582,0.6615,0.6218337,110.37,0.7065,0.0,BTC-27SEP19-4000-C,10348.59,0.0,0.6065,8.0,0.637,8.0,164.44,1.487,-1.17436,7.35659,1e-05,0.98751
10444.53,SYN.BTC-30AUG19,1563533941482,open,0.07,64.3,0.0205,0.1,0.06041474,116.83,0.0645,0.0,BTC-30AUG19-14000-C,10348.59,113.45,0.0565,22.4,0.0625,8.0,118.61,12.18204,-16.99318,2.79575,8e-05,0.29373
10508.69,BTC-27SEP19,1563533941489,open,0.39,748.2,0.335,0.4145,0.37469556,107.83,0.3315,0.0,BTC-27SEP19-7000-C,10348.59,87.19,0.3565,8.0,0.4175,8.0,148.7,10.04912,-7.75365,9.83759,4e-05,0.86369
10508.69,BTC-27SEP19,1563533941491,open,0.66,0.0,0.6055,0.685,0.64515304,113.45,None,0.0,BTC-27SEP19-3750-C,10348.59,0.0,0.63,8.0,0.6605,8.0,173.48,1.23211,-1.00026,6.93633,1e-05,0.98994
10508.69,BTC-27SEP19,1563533941495,open,0.63,227.5,0.582,0.6615,0.6218337,110.37,0.7065,0.0,BTC-27SEP19-4000-C,10348.59,0.0,0.6065,8.0,0.6375,8.0,165.65,1.487,-1.17436,7.35659,1e-05,0.98751
10380.37,SYN.BTC-2AUG19,1563533941491,open,0.0,0.1315,0.211,0.1711832,123.63,None,0.0,BTC-2AUG19-9000-C,10348.59,120.83,0.1695,2.3,0.1755,2.6,130.71,6.26423,-27.90579,2.33115,0.00012,0.76192
10444.53,SYN.BTC-30AUG19,1563533941502,open,0.05,103.5,0.006,0.0855,0.04579806,116.83,0.045,0.0,BTC-30AUG19-15000-C,10348.59,114.61,0.0435,3.1,0.045,1.0,116.06,10.91533,-15.22607,2.28781,7e-05,0.23672
10444.53,SYN.BTC-30AUG19,1563533941520,open,0.03,214.1,0.0005,0.0615,0.02183718,119.74,0.023,0.0,BTC-30AUG19-18000-C,10348.59,116.34,0.0195,13.2,0.023,8.0,121.37,7.37563,-10.54485,1.26373,5e-05,0.1273
10364.33,SYN.BTC-26JUL19,1563533941529,open,0.0,375.4,0.0005,0.04,1.361e-05,145.01,0.001,0.0,BTC-26JUL19-21000-C,10348.59,0.0,0.0,0.0,0.0005,7.1,195.44,0.01484,-0.14107,0.00052,0.0,0.00028
10380.37,SYN.BTC-2AUG19,1563533941578,open,0.5,0.0005,0.055,0.01518595,125.6,0.0145,0.0,BTC-2AUG19-14000-C,10348.59,122.76,0.014,2.3,0.016,30.0,127.49,4.41355,-19.97521,0.47621,9e-05,0.13586
10608.38,BTC-27DEC19,1563533941588,open,0.54,5.5,0.5095,0.635,0.57220256,104.42,0.64,0.0,BTC-27DEC19-15000-P,10348.59,101.09,0.5635,3.6,0.5805,3.6,107.58,27.76959,-9.01218,-52.9773,5e-05,-0.56083
10608.38,BTC-27DEC19,1563533941589,open,0.54,5.5,0.5095,0.635,0.57220256,104.42,0.64,0.0,BTC-27DEC19-15000-P,10348.59,101.09,0.5635,3.6,0.581,3.6,107.77,27.76959,-9.01218,-52.9773,5e-05,-0.56083
222.02,ETH-27DEC19,1563533941744,open,0.1,578.0,0.052,0.131,0.091791,109.64,0.092,0.0,ETH-27DEC19-440-C,218.35,107.49,0.087,523.0,0.096,40.0,111.51,0.49822,-0.16978,0.18652,0.00209,0.28239
222.02,ETH-27DEC19,1563533941760,open,0.11,586.0,0.078,0.166,0.122111,106.66,0.167,0.0,ETH-27DEC19-160-P,218.35,104.49,0.118,250.0,0.127,140.0,109.23,0.42128,-0.13965,-0.32211,0.00182,-0.20705
10364.33,SYN.BTC-26JUL19,1563533941819,open,0.06,320.9,0.0065,0.086,0.04612285,129.05,0.047,0.0,BTC-26JUL19-11000-C,10348.59,125.99,0.0445,0.3,0.049,8.0,134.46,5.50376,-51.64963,0.6953,0.00021,0.40225
10608.36,BTC-27DEC19,1563533941821,open,0.41,93.7,0.362,0.4415,0.40150272,102.63,0.346,0.0,BTC-27DEC19-7500-C,10348.59,95.82,0.389,8.0,0.4055,8.0,104.79,19.5851,-6.24717,18.73624,4e-05,0.80222
10608.38,BTC-27DEC19,1563533941824,open,0.65,27.2,0.597,0.6765,0.63666189,102.62,0.634,0.0,BTC-27DEC19-4000-C,10348.59,83.0,0.628,8.0,0.6435,8.0,113.89,5.84235,-1.86332,15.20378,1e-05,0.96183
10508.69,BTC-27SEP19,1563533941826,open,0.77,55.9,0.723,0.8025,0.7626195,130.57,0.689,0.0,BTC-27SEP19-2500-C,10348.59,0.0,0.7535,8.0,0.7755,8.0,221.98,0.36494,-0.34097,4.72403,0.0,0.99744
10508.69,BTC-27SEP19,1563533941827,open,0.7,0.0,0.652,0.7315,0.69197603,119.85,None,0.0,BTC-27SEP19-3250-C,10348.59,0.0,0.677,8.0,0.7015,8.0,174.24,0.80585,-0.69112,6.07188,0.0,0.99379
10608.36,BTC-27DEC19,1563533941829,open,0.53,59.5,0.484,0.5635,0.5237352,102.64,0.49,0.0,BTC-27DEC19-5500-C,10348.59,90.75,0.511,8.0,0.5325,8.0,110.18,11.99495,-3.82631,17.78042,2e-05,0.90401
10608.38,BTC-27DEC19,1563533941831,open,0.5,122.9,0.4505,0.53,0.490191,102.63,0.502,0.0,BTC-27DEC19-6000-C,10348.59,88.21,0.472,8.0,0.4985,8.0,108.8,14.05427,-4.48311,18.24564,3e-05,0.88041
10608.38,BTC-27DEC19,1563533941833,open,0.77,0.0,0.7275,0.807,0.7670251,107.97,None,0.0,BTC-27DEC19-2500-C,10348.59,0.0,0.757,8.0,0.7975,8.0,189.13,1.67503,-0.56209,10.48271,0.0,0.99122
10508.69,BTC-27SEP19,1563533941835,open,0.46,714.8,0.4095,0.489,0.44917488,107.84,0.434,0.0,BTC-27SEP19-6000-C,10348.59,86.07,0.4375,8.0,0.463,8.0,127.49,6.65806,-5.13783,9.52692,3e-05,0.92273
10608.38,BTC-27DEC19,1563533941836,open,0.47,63.0,0.419,0.4985,0.45865784,102.62,0.4965,0.0,BTC-27DEC19-6500-C,10348.59,93.05,0.4445,8.0,0.4705,8.0,110.35,16.02641,-5.11144,18.54796,3e-05,0.85535
218.48,SYN.ETH-26JUL19,1563533941853,open,0.0,1117.0,0.001,0.04,1.5e-05,145.0,0.001,0.0,ETH-26JUL19-440-C,218.35,0.0,0.0,0.0,0.001,300.0,209.74,0.00035,-0.00335,1e-05,3e-05,0.00031
219.64,ETH-27SEP19,1563533941891,open,1.49,24.0,1.46,1.664,1.561579,119.59,1.356,0.0,ETH-27SEP19-560-P,218.35,0.0,0.0,0.0,0.0,0.0,0.0,0.11945,-0.10222,-1.05045,0.00108,-0.93664
218.48,SYN.ETH-26JUL19,1563533941896,open,0.29,0.0,0.232,0.311,0.271619,142.66,None,0.0,ETH-26JUL19-160-C,218.35,0.0,0.0,0.0,0.0,0.0,0.0,0.02874,-0.29818,0.0281,0.00224,0.95437
218.48,SYN.ETH-26JUL19,1563533941896,open,0.6,1047.0,0.583,0.714,0.64827,144.89,0.2,0.0,ETH-26JUL19-360-P,218.35,0.0,0.0,0.0,0.0,0.0,0.0,0.00652,-0.06873,-0.06751,0.0005,-0.99207
219.64,ETH-27SEP19,1563533941906,open,0.02,2686.0,0.001,0.061,0.021464,118.41,0.016,0.0,ETH-27SEP19-480-C,218.35,116.55,0.02,229.0,0.023,340.0,120.3,0.17555,-0.14874,0.03541,0.00161,0.10567
219.64,ETH-27SEP19,1563533941906,open,0.43,769.0,0.4,0.516,0.457863,113.51,0.391,0.0,ETH-27SEP19-300-P,218.35,91.12,0.423,110.0,0.497,110.0,136.96,0.35675,-0.28976,-0.46492,0.0034,-0.64784
219.64,ETH-27SEP19,1563533941975,open,0.49,47.0,0.433,0.512,0.472612,112.65,0.689,0.0,ETH-27SEP19-120-C,218.35,0.0,0.0,0.0,0.0,0.0,0.0,0.12959,-0.10445,0.19216,0.00125,0.92961
219.64,ETH-27SEP19,1563533941977,open,0.29,779.0,0.241,0.32,0.280856,112.38,0.227,0.0,ETH-27SEP19-180-C,218.35,72.91,0.227,99.0,0.609,10.0,358.03,0.31025,-0.24949,0.19405,0.00299,0.74236
219.64,ETH-27SEP19,1563533941977,open,0.65,233.0,0.626,0.761,0.693367,114.91,0.763,0.0,ETH-27SEP19-360-P,218.35,0.0,0.0,0.0,0.99,1.0,292.88,0.29342,-0.24127,-0.61436,0.00276,-0.76772
219.64,ETH-27SEP19,1563533941979,open,0.65,0.0,0.6,0.679,0.63923,121.56,None,0.0,ETH-27SEP19-80-C,218.35,0.0,0.003,10.0,0.0,0.0,0.0,0.03681,-0.03202,0.1453,0.00033,0.9848
10380.37,SYN.BTC-2AUG19,1563533941979,open,0.0,0.016,0.0955,0.05585807,123.28,None,0.0,BTC-2AUG19-11500-C,10348.59,118.74,0.0525,2.7,0.059,24.0,127.5,7.70509,-34.22908,1.27841,0.00015,0.37982
10364.33,SYN.BTC-26JUL19,1563533941995,open,0.0,564.7,0.0005,0.04,0.00021698,145.0,0.0005,0.0,BTC-26JUL19-18000-C,10348.59,0.0,0.0,0.0,0.001,5.0,171.74,0.15884,-1.67483,0.00689,1e-05,0.00374
10364.33,SYN.BTC-26JUL19,1563533941997,open,0.02,255.0,0.0005,0.055,0.01549224,132.02,0.0155,0.0,BTC-26JUL19-12500-C,10348.59,129.16,0.0145,1.9,0.017,0.3,136.25,3.63663,-34.9134,0.307,0.00014,0.17274
219.64,ETH-27SEP19,1563533942000,open,0.0,1950.0,0.001,0.043,0.003479,121.66,0.004,0.0,ETH-27SEP19-80-P,218.35,111.34,0.002,216.0,0.005,500.0,129.75,0.03692,-0.03214,-0.00788,0.00033,-0.01525
10364.33,SYN.BTC-26JUL19,1563533942001,open,0.0,313.8,0.0005,0.04,3.462e-05,145.01,0.001,0.0,BTC-26JUL19-20000-C,10348.59,0.0,0.0,0.0,0.0005,5.4,183.79,0.03355,-0.35379,0.00126,0.0,0.00068
10364.33,SYN.BTC-26JUL19,1563533942003,open,0.09,384.8,0.0635,0.1515,0.10743688,128.94,0.107,0.0,BTC-26JUL19-11000-P,10348.59,123.47,0.1045,2.0,0.11,2.0,133.83,5.50328,-51.60228,-1.37698,0.00021,-0.59788
10364.33,SYN.BTC-26JUL19,1563533942016,open,0.09,384.8,0.0635,0.1515,0.10743688,128.94,0.107,0.0,BTC-26JUL19-11000-P,10348.59,123.47,0.1045,2.0,0.1095,1.8,132.89,5.50328,-51.60228,-1.37698,0.00021,-0.59788
10508.69,BTC-27SEP19,1563533942053,open,0.1,183.0,0.066,0.1545,0.11033661,107.78,0.108,0.0,BTC-27SEP19-9000-P,10348.59,105.89,0.1075,0.2,0.112,16.6,108.92,15.64221,-12.06416,-7.97769,7e-05,-0.28623
10508.69,BTC-27SEP19,1563533942094,open,0.22,828.6,0.1675,0.247,0.20711491,107.81,0.198,0.0,BTC-27SEP19-10000-C,10348.59,103.48,0.2,18.8,0.2085,8.0,108.64,17.30686,-13.35175,8.57678,8e-05,0.63347
218.61,SYN.ETH-2AUG19,1563533942122,open,0.0,0.242,0.321,0.28123,135.63,None,0.0,ETH-2AUG19-160-C,218.35,0.0,0.0,0.0,0.0,0.0,0.0,0.07187,-0.35124,0.05186,0.00292,0.90531
219.64,ETH-27SEP19,1563533942129,open,1.14,0.0,1.119,1.295,1.206958,118.54,None,0.0,ETH-27SEP19-480-P,218.35,0.0,0.0,0.0,0.0,0.0,0.0,0.17596,-0.14925,-0.88341,0.00161,-0.89399
219.64,ETH-27SEP19,1563533942129,open,0.57,345.0,0.549,0.677,0.612566,114.48,0.76,0.0,ETH-27SEP19-340-P,218.35,76.99,0.567,110.0,0.662,110.0,146.39,0.31597,-0.25882,-0.56579,0.00299,-0.73301
222.02,ETH-27DEC19,1563533942137,open,0.08,624.0,0.038,0.117,0.077682,110.34,0.081,0.0,ETH-27DEC19-480-C,218.35,108.56,0.074,536.0,0.082,40.0,112.38,0.46465,-0.15934,0.16497,0.00194,0.24626
218.61,SYN.ETH-2AUG19,1563533942189,open,0.0,0.292,0.399,0.345759,129.64,None,0.0,ETH-2AUG19-290-P,218.35,0.0,0.0,0.0,0.0,0.0,0.0,0.10399,-0.48579,-0.09849,0.00442,-0.83933
218.48,SYN.ETH-26JUL19,1563533942241,open,0.0,1183.0,0.001,0.04,0.0,145.0,0.001,0.0,ETH-26JUL19-560-C,218.35,0.0,0.0,0.0,0.001,324.0,268.97,0.0,-2e-05,0.0,0.0,0.0
218.48,SYN.ETH-26JUL19,1563533942340,open,0.96,0.0,0.934,1.094,1.013967,149.68,None,0.0,ETH-26JUL19-440-P,218.35,0.0,0.0,0.0,0.0,0.0,0.0,0.00051,-0.00553,-0.08287,4e-05,-0.99953
222.02,ETH-27DEC19,1563533942373,open,1.18,21.0,1.151,1.329,1.239649,110.34,0.629,0.0,ETH-27DEC19-480-P,218.35,0.0,1.149,110.0,2.149,1.0,500.0,0.46465,-0.15934,-1.95066,0.00194,-0.75374
10508.66,BTC-27SEP19,1563533942467,open,0.01,366.3,0.0005,0.0535,0.01302647,107.8,0.0105,0.0,BTC-27SEP19-5500-P,10348.8,102.26,0.0105,20.0,0.014,28.1,109.8,5.03075,-3.88053,-1.34559,2e-05,-0.05386
10380.38,SYN.BTC-2AUG19,1563533942467,open,0.0,0.0005,0.045,0.00508828,128.6,None,0.0,BTC-2AUG19-7000-P,10348.8,122.32,0.004,30.0,0.0065,13.7,135.77,1.91395,-8.86912,-0.19714,4e-05,-0.04487
10444.52,SYN.BTC-30AUG19,1563533942467,open,0.45,0.0,0.423,0.541,0.48194595,116.82,None,0.0,BTC-30AUG19-15000-P,10348.8,0.0,0.0005,2.3,0.0,0.0,0.0,10.91444,-15.22334,-14.92165,7e-05,-0.76331
10608.63,BTC-27DEC19,1563533942469,open,3.77,1.0,3.7175,4.11,3.91379932,116.99,4.454,0.0,BTC-27DEC19-52000-P,10348.8,0.0,0.001,1.0,0.0,0.0,0.0,7.10463,-2.58325,-227.48603,1e-05,-0.95137
10508.66,BTC-27SEP19,1563533942469,open,1.78,0.0,1.747,1.9755,1.86120712,117.43,None,0.0,BTC-27SEP19-30000-P,10348.8,0.0,0.0005,2.1,0.0,0.0,0.0,3.73083,-3.13495,-56.81378,2e-05,-0.96285
10608.63,BTC-27DEC19,1563533942469,open,1.61,0.1,1.581,1.7955,1.68835708,110.31,2.02,0.0,BTC-27DEC19-28000-P,10348.8,0.0,0.0015,1.6,2.5,0.1,500.0,17.74,-6.08224,-117.81091,3e-05,-0.83123
10508.66,BTC-27SEP19,1563533942469,open,0.82,28.2,0.77,0.8495,0.8099334,139.33,0.755,0.0,BTC-27SEP19-2000-C,10348.8,0.0,0.804,8.0,0.879,8.0,441.72,0.18826,-0.18769,3.79882,0.0,0.99876
10444.52,SYN.BTC-30AUG19,1563533942467,open,0.08,53.0,0.041,0.127,0.08388667,114.2,0.09,0.0,BTC-30AUG19-9000-P,10348.8,110.79,0.08,3.2,0.0865,15.0,116.48,11.9407,-16.2814,-4.379,8e-05,-0.28155
10508.66,BTC-27SEP19,1563533942470,open,0.03,382.9,0.0005,0.062,0.02220011,114.75,0.024,0.0,BTC-27SEP19-22000-C,10348.8,111.39,0.0195,13.0,0.024,23.0,116.88,8.70942,-7.15134,1.7891,4e-05,0.11113
10508.66,BTC-27SEP19,1563533942470,open,0.32,31.5,0.296,0.4035,0.34985138,109.2,0.406,0.0,BTC-27SEP19-13000-P,10348.8,102.53,0.3385,7.5,0.364,7.5,117.44,17.9567,-14.03145,-18.74172,8e-05,-0.58175
10508.66,BTC-27SEP19,1563533942470,open,0.0,432.4,0.0005,0.0415,0.00149667,115.59,0.003,0.0,BTC-27SEP19-3500-P,10348.8,100.55,0.0005,5.0,0.0025,19.2,124.75,0.96515,-0.79826,-0.18333,0.0,-0.00762
10364.34,SYN.BTC-26JUL19,1563533942467,open,0.0,580.6,0.0005,0.0455,0.00559003,132.78,0.0065,0.0,BTC-26JUL19-8000-P,10348.8,126.2,0.0045,30.3,0.007,12.7,140.42,1.80951,-17.47191,-0.13835,7e-05,-0.06527
10608.63,BTC-27DEC19,1563533942471,open,0.93,5.7,0.902,1.06,0.98108584,107.12,1.085,0.0,BTC-27DEC19-20000-P,10348.8,0.0,0.005,0.2,1.466,1.0,303.7,24.3381,-8.10298,-78.79211,5e-05,-0.70401
10508.87,BTC-27SEP19,1563533942471,open,0.54,793.2,0.4925,0.572,0.53206435,107.78,0.5945,0.0,BTC-27SEP19-5000-C,10348.8,0.0,0.524,8.0,0.5385,8.0,123.95,3.55933,-2.74498,8.70834,2e-05,0.96492
10608.63,BTC-27DEC19,1563533942470,open,0.69,4.0,0.6385,0.718,0.67848158,103.25,0.64,0.0,BTC-27DEC19-3500-C,10348.8,0.0,0.6685,8.0,0.7415,8.0,195.13,4.11204,-1.31952,13.86608,1e-05,0.97503
10508.87,BTC-27SEP19,1563533942470,open,0.01,463.8,0.0005,0.048,0.00786105,107.8,0.009,0.0,BTC-27SEP19-5000-P,10348.8,101.92,0.006,20.0,0.009,26.4,111.05,3.56125,-2.74708,-0.8643,2e-05,-0.0351
10608.63,BTC-27DEC19,1563533942471,open,0.03,236.7,0.0005,0.0715,0.03065058,102.62,0.0265,0.0,BTC-27DEC19-5000-P,10348.8,98.62,0.027,6.0,0.031,10.0,103.0,9.89501,-3.15603,-4.90561,2e-05,-0.07426
10508.87,BTC-27SEP19,1563533942470,open,0.4,78.2,0.3685,0.482,0.42514332,110.05,0.4915,0.0,BTC-27SEP19-14000-P,10348.8,101.93,0.412,7.5,0.451,7.5,125.55,17.22341,-13.56232,-21.4026,7e-05,-0.6387
10380.38,SYN.BTC-2AUG19,1563533942467,open,0.0,0.352,0.4645,0.40826432,125.59,None,0.0,BTC-2AUG19-14500-P,10348.8,0.0,0.0005,2.3,0.0,0.0,0.0,3.73127,-16.88569,-5.13492,7e-05,-0.89298
10608.63,BTC-27DEC19,1563533942471,open,1.79,0.2,1.7555,1.9845,1.87012234,110.96,2.2245,0.0,BTC-27DEC19-30000-P,10348.8,0.0,0.0005,3.0,0.0,0.0,0.0,16.31178,-5.62514,-127.25775,3e-05,-0.8515
10608.63,BTC-27DEC19,1563533942471,open,3.41,0.0,3.358,3.721,3.53943678,116.29,None,0.0,BTC-27DEC19-48000-P,10348.8,0.0,0.0005,3.0,0.0,0.0,0.0,8.20218,-2.96446,-209.52972,1e-05,-0.94171
10608.63,BTC-27DEC19,1563533942471,open,0.06,151.9,0.0175,0.097,0.05716539,109.58,0.0665,0.0,BTC-27DEC19-26000-C,10348.8,107.82,0.054,9.0,0.06,8.0,111.13,19.27048,-6.56306,6.33139,4e-05,0.19257
10608.63,BTC-27DEC19,1563533942472,open,0.39,205.5,0.336,0.4155,0.3756598,102.62,0.359,0.0,BTC-27DEC19-8000-C,10348.8,86.09,0.343,8.0,0.3885,8.0,109.05,21.13106,-6.7393,18.66518,4e-05,0.77485
10508.87,BTC-27SEP19,1563533942473,open,0.0,490.7,0.0005,0.04,0.00025207,139.3,0.0005,0.0,BTC-27SEP19-2000-P,10348.8,0.0,0.0,0.0,0.0005,5.7,149.9,0.18796,-0.18736,-0.02993,0.0,-0.00124
10364.34,SYN.BTC-26JUL19,1563533942469,open,0.41,10.0,0.3915,0.507,0.44926334,135.91,0.17,0.0,BTC-26JUL19-15000-P,10348.8,0.0,0.414,2.5,0.496,2.5,298.67,0.95381,-9.42671,-2.77197,3e-05,-0.97053
10508.87,BTC-27SEP19,1563533942478,open,0.68,261.1,0.6285,0.708,0.66843896,115.53,0.714,0.0,BTC-27SEP19-3500-C,10348.8,0.0,0.662,8.0,0.6895,8.0,197.42,0.96273,-0.79584,6.51764,0.0,0.99241
10608.63,BTC-27DEC19,1563533942478,open,2.32,1.3,2.2855,2.5585,2.4219636,113.01,2.792,0.0,BTC-27DEC19-36000-P,10348.8,0.0,0.001,2.1,0.0,0.0,0.0,12.80953,-4.49922,-155.09342,2e-05,-0.89497
10364.34,SYN.BTC-26JUL19,1563533942470,open,0.39,0.0,0.3335,0.413,0.37333077,144.15,0.3665,0.0,BTC-26JUL19-6500-C,10348.8,0.0,0.364,4.0,0.4165,4.0,389.24,0.27728,-2.90668,1.20983,1e-05,0.993
10364.34,SYN.BTC-26JUL19,1563533942470,open,0.5,5.0,0.4835,0.6065,0.54494637,143.77,0.2255,0.0,BTC-26JUL19-16000-P,10348.8,0.0,0.0005,1.2,0.0,0.0,0.0,0.62321,-6.5156,-2.98161,2e-05,-0.98222
10364.34,SYN.BTC-26JUL19,1563533942471,open,0.01,318.4,0.0005,0.0465,0.00669245,132.29,0.007,0.0,BTC-26JUL19-13500-C,10348.8,128.99,0.006,1.7,0.007,2.4,133.7,2.23554,-21.50604,0.15509,8e-05,0.08613
10508.87,BTC-27SEP19,1563533942479,open,0.55,34.4,0.5225,0.649,0.58571744,111.17,0.6695,0.0,BTC-27SEP19-16000-P,10348.8,97.14,0.5665,2.5,0.6445,2.5,148.72,15.12648,-12.03292,-26.52429,6e-05,-0.7327
10608.63,BTC-27DEC19,1563533942479,open,1.44,0.0,1.408,1.608,1.50805798,109.61,None,0.0,BTC-27DEC19-26000-P,10348.8,0.0,0.005,0.2,2.303,0.2,500.0,19.27824,-6.56761,-108.26177,4e-05,-0.8073
10364.34,SYN.BTC-26JUL19,1563533942471,open,0.0,277.3,0.0005,0.0405,0.00048205,144.19,0.0005,0.0,BTC-26JUL19-6500-P,10348.8,144.85,0.0005,1.0,0.001,3.1,158.97,0.27765,-2.91118,-0.01463,1e-05,-0.00701
10364.34,SYN.BTC-26JUL19,1563533942468,open,0.0,214.7,0.0005,0.04,0.00013712,145.0,0.0005,0.0,BTC-26JUL19-6000-P,10348.8,0.0,0.0,0.0,0.0005,3.3,167.25,0.09885,-1.04233,-0.00459,0.0,-0.00221
10364.34,SYN.BTC-26JUL19,1563533942472,open,0.08,151.2,0.024,0.1035,0.06390515,127.64,0.063,0.0,BTC-26JUL19-10500-C,10348.8,125.07,0.0625,1.9,0.0665,2.0,132.38,5.67446,-52.67036,0.86183,0.00022,0.50533
10364.34,SYN.BTC-26JUL19,1563533942473,open,0.0,126.8,0.0005,0.04,2.839e-05,145.0,0.001,0.0,BTC-26JUL19-5500-P,10348.8,0.0,0.0,0.0,0.0005,6.2,191.47,0.02589,-0.27294,-0.00106,0.0,-0.00051
10364.34,SYN.BTC-26JUL19,1563533942471,open,0.0,382.8,0.0005,0.0425,0.00290765,134.06,0.005,0.0,BTC-26JUL19-14500-C,10348.8,125.77,0.002,2.4,0.004,30.0,142.19,1.26432,-12.32544,0.07545,5e-05,0.04155
10364.34,SYN.BTC-26JUL19,1563533942472,open,0.0,511.5,0.0005,0.041,0.00118939,143.73,0.001,0.0,BTC-26JUL19-16000-C,10348.8,128.74,0.0005,3.8,0.002,32.0,155.0,0.62243,-6.50573,0.03234,2e-05,0.01776
10364.34,SYN.BTC-26JUL19,1563533942471,open,0.36,10.8,0.346,0.458,0.40193741,134.07,0.166,0.0,BTC-26JUL19-14500-P,10348.8,0.0,0.3675,2.5,0.447,2.5,281.42,1.26484,-12.33207,-2.65595,5e-05,-0.95843
10608.63,BTC-27DEC19,1563533942480,open,0.61,7.1,0.5845,0.716,0.65031457,104.96,0.491,0.0,BTC-27DEC19-16000-P,10348.8,0.0,0.005,0.6,1.39,0.2,500.0,27.29163,-8.90331,-58.24355,5e-05,-0.59532
10364.34,SYN.BTC-26JUL19,1563533942473,open,0.1,367.1,0.049,0.1285,0.08860221,129.6,0.087,0.0,BTC-26JUL19-10000-C,10348.8,127.5,0.0875,1.7,0.092,4.0,136.07,5.4411,-51.28117,1.02605,0.00021,0.61414
10444.52,SYN.BTC-30AUG19,1563533942470,open,0.53,0.0,0.505,0.63,0.56735994,117.69,None,0.0,BTC-30AUG19-16000-P,10348.8,0.0,0.0005,2.6,0.0,0.0,0.0,9.66121,-13.57595,-16.48094,7e-05,-0.80803
10364.34,SYN.BTC-26JUL19,1563533942467,open,0.3,17.0,0.239,0.3185,0.27873681,133.02,0.246,0.0,BTC-26JUL19-7500-C,10348.8,0.0,0.269,4.0,0.3175,4.0,295.45,1.00053,-9.67812,1.34722,4e-05,0.96877
10364.34,SYN.BTC-26JUL19,1563533942473,open,0.6,0.0,0.5755,0.706,0.64076129,144.73,None,0.0,BTC-26JUL19-17000-P,10348.8,0.0,0.0005,1.6,0.0,0.0,0.0,0.32487,-3.41915,-3.18703,1e-05,-0.99162
10380.38,SYN.BTC-2AUG19,1563533942471,open,0.0,0.3095,0.418,0.36387942,125.59,None,0.0,BTC-2AUG19-14000-P,10348.8,0.0,0.01,10.0,0.0,0.0,0.0,4.41292,-19.97034,-4.84606,9e-05,-0.86417
10364.34,SYN.BTC-26JUL19,1563533942470,open,0.17,60.4,0.1125,0.192,0.15216105,130.72,0.1745,0.0,BTC-26JUL19-9000-C,10348.8,95.86,0.1405,4.0,0.1865,4.0,212.59,3.86516,-36.74166,1.28358,0.00015,0.8096
10364.34,SYN.BTC-26JUL19,1563533942478,open,0.0,58.3,0.0005,0.041,0.00144639,138.75,0.002,0.0,BTC-26JUL19-15500-C,10348.8,120.62,0.0005,12.4,0.0025,32.1,151.0,0.7405,-7.47175,0.03971,3e-05,0.02179
10364.34,SYN.BTC-26JUL19,1563533942467,open,0.46,0.0,0.4375,0.5565,0.49696096,138.78,None,0.0,BTC-26JUL19-15500-P,10348.8,0.0,0.0005,1.3,0.0,0.0,0.0,0.74123,-7.48068,-2.88006,3e-05,-0.97819
10364.34,SYN.BTC-26JUL19,1563533942472,open,0.0,498.9,0.0005,0.041,0.00115825,139.4,0.001,0.0,BTC-26JUL19-7000-P,10348.8,123.95,0.0005,12.7,0.002,3.1,152.24,0.56633,-5.74098,-0.0333,2e-05,-0.0159
10364.34,SYN.BTC-26JUL19,1563533942470,open,0.28,32.3,0.257,0.3615,0.3092374,132.3,0.29,0.0,BTC-26JUL19-13500-P,10348.8,0.0,0.277,2.5,0.352,2.5,250.64,2.23585,-21.51047,-2.38795,8e-05,-0.91385
10364.34,SYN.BTC-26JUL19,1563533942473,open,0.21,44.9,0.151,0.2305,0.19088598,130.73,0.22,0.0,BTC-26JUL19-8500-C,10348.8,0.0,0.146,4.0,0.226,4.0,230.96,2.77906,-26.41911,1.35312,0.00011,0.88395
10444.52,SYN.BTC-30AUG19,1563533942480,open,0.3,20.0,0.243,0.3225,0.28278179,114.2,0.2245,0.0,BTC-30AUG19-8000-C,10348.8,75.3,0.251,4.0,0.3235,4.0,156.24,9.55936,-13.0345,6.33323,7e-05,0.81131
10444.52,SYN.BTC-30AUG19,1563533942480,open,0.62,0.0,0.589,0.721,0.65504411,118.3,None,0.0,BTC-30AUG19-17000-P,10348.8,0.0,0.0005,2.6,0.0,0.0,0.0,8.42903,-11.9064,-17.975,6e-05,-0.84503
10364.34,SYN.BTC-26JUL19,1563533942473,open,0.32,10.8,0.301,0.409,0.35519518,133.1,0.484,0.0,BTC-26JUL19-14000-P,10348.8,0.0,0.322,2.5,0.399,2.5,265.51,1.69478,-16.40345,-2.5287,6e-05,-0.93999
10608.63,BTC-27DEC19,1563533942514,open,1.27,0.0,1.237,1.423,1.33010413,109.08,None,0.0,BTC-27DEC19-24000-P,10348.8,0.0,0.0065,0.2,2.1195,0.2,500.0,20.96507,-7.10741,-98.56844,4e-05,-0.77795
218.61,SYN.ETH-2AUG19,1563533942523,open,22.0,0.04,0.119,0.07904,129.44,0.076,0.0,ETH-2AUG19-230-C,218.35,124.22,0.075,146.0,0.08,150.0,130.67,0.16956,-0.79086,0.03249,0.00721,0.47005
218.61,SYN.ETH-2AUG19,1563533942556,open,0.0,0.203,0.282,0.242824,133.96,None,0.0,ETH-2AUG19-170-C,218.35,0.0,0.0,0.0,0.0,0.0,0.0,0.09353,-0.45147,0.05153,0.00384,0.86289
10508.82,BTC-27SEP19,1563533942682,open,1.6,0.0,1.5665,1.7795,1.67304098,116.86,None,0.0,BTC-27SEP19-28000-P,10348.8,0.0,0.0005,2.6,0.0,0.0,0.0,4.61712,-3.86075,-52.80374,2e-05,-0.95165
219.12,SYN.ETH-30AUG19,1563533942701,open,0.4,0.0,0.344,0.423,0.383574,121.01,None,0.0,ETH-30AUG19-140-C,218.35,0.0,0.0,0.0,0.0,0.0,0.0,0.12753,-0.18427,0.13054,0.00191,0.90284
218.61,SYN.ETH-2AUG19,1563533942716,open,0.0,0.086,0.176,0.13117,129.45,None,0.0,ETH-2AUG19-230-P,218.35,126.65,0.129,129.0,0.133,150.0,131.81,0.16956,-0.79093,-0.05494,0.00721,-0.52994
218.48,SYN.ETH-26JUL19,1563533942765,open,1.49,0.0,1.461,1.665,1.563211,186.52,None,0.0,ETH-26JUL19-560-P,218.35,0.0,0.0,0.0,0.0,0.0,0.0,0.00022,-0.00299,-0.10548,1e-05,-0.99981
222.02,ETH-27DEC19,1563533942801,open,1.35,37.0,1.313,1.504,1.408377,110.97,0.707,0.0,ETH-27DEC19-520-P,218.35,0.0,0.001,500.0,0.0,0.0,0.0,0.4315,-0.14883,-2.14567,0.00179,-0.7843
218.48,SYN.ETH-26JUL19,1563533942809,open,0.0,1074.0,0.001,0.04,3e-06,145.0,0.001,0.0,ETH-26JUL19-480-C,218.35,0.0,0.0,0.0,0.001,300.0,231.45,7e-05,-0.00056,0.0,1e-05,6e-05
10608.63,BTC-27DEC19,1563533942830,open,3.05,0.0,2.999,3.332,3.16561656,115.2,None,0.0,BTC-27DEC19-44000-P,10348.8,0.0,0.0005,2.3,0.0,0.0,0.0,9.43241,-3.37727,-191.51409,2e-05,-0.93023
218.48,SYN.ETH-26JUL19,1563533942855,open,0.03,220.0,0.001,0.065,0.025868,132.54,0.026,0.0,ETH-26JUL19-250-C,218.35,125.98,0.023,134.0,0.028,200.0,137.31,0.09685,-0.93351,0.00955,0.00813,0.25787
10444.52,SYN.BTC-30AUG19,1563533942908,open,0.07,64.3,0.0205,0.1,0.06040153,116.82,0.0645,0.0,BTC-30AUG19-14000-C,10348.8,113.45,0.0565,22.4,0.063,8.0,119.03,12.18142,-16.9907,2.79553,8e-05,0.2937
10608.42,BTC-27DEC19,1563533942910,open,0.73,0.0,0.6825,0.762,0.72210916,105.0,None,0.0,BTC-27DEC19-3000-C,10348.8,0.0,0.706,8.0,0.7275,8.0,121.8,2.72375,-0.88888,12.27468,1e-05,0.98463
10508.87,BTC-27SEP19,1563533942912,open,0.32,901.1,0.27,0.3495,0.30956676,107.79,0.25,0.0,BTC-27SEP19-8000-C,10348.8,92.2,0.2905,8.0,0.3145,8.0,111.71,13.16851,-10.15711,9.71033,6e-05,0.79223
10444.52,SYN.BTC-30AUG19,1563533942912,open,0.07,64.3,0.0205,0.1,0.06040153,116.82,0.0645,0.0,BTC-30AUG19-14000-C,10348.8,113.45,0.0565,22.4,0.063,18.0,119.03,12.18142,-16.9907,2.79553,8e-05,0.2937
10608.63,BTC-27DEC19,1563533942914,open,0.39,205.5,0.336,0.4155,0.3756598,102.62,0.359,0.0,BTC-27DEC19-8000-C,10348.8,86.09,0.343,8.0,0.389,8.0,109.3,21.13106,-6.7393,18.66518,4e-05,0.77485
10380.38,SYN.BTC-2AUG19,1563533942945,open,0.0,0.152,0.2475,0.19970358,123.97,None,0.0,BTC-2AUG19-12000-P,10348.8,0.0,0.0005,2.1,0.0,0.0,0.0,7.19924,-32.16075,-3.48733,0.00014,-0.68402
10444.52,SYN.BTC-30AUG19,1563533942971,open,0.37,0.0,0.345,0.4565,0.40081634,116.82,None,0.0,BTC-30AUG19-14000-P,10348.8,84.9,0.367,2.5,0.449,2.5,155.66,12.18136,-16.99046,-13.2664,8e-05,-0.70631
218.48,SYN.ETH-26JUL19,1563533943066,open,0.0,2112.0,0.001,0.04,1e-06,145.0,0.001,0.0,ETH-26JUL19-500-C,218.35,0.0,0.0,0.0,0.001,300.0,241.49,3e-05,-0.00023,0.0,0.0,2e-05
222.02,ETH-27DEC19,1563533943116,open,0.43,441.0,0.402,0.518,0.459941,106.91,0.561,0.0,ETH-27DEC19-280-P,218.35,103.16,0.45,120.0,0.471,150.0,111.09,0.5878,-0.19531,-0.92844,0.00253,-0.48884
10508.87,BTC-27SEP19,1563533943125,open,0.55,34.4,0.5225,0.649,0.58569467,111.17,0.6695,0.0,BTC-27SEP19-16000-P,10348.8,96.75,0.566,2.5,0.6445,2.5,148.72,15.12648,-12.03292,-26.52429,6e-05,-0.7327
10380.58,SYN.BTC-2AUG19,1563533943173,open,8.8,0.05,0.1295,0.08958954,122.02,0.09,0.0,BTC-2AUG19-10500-C,10348.8,118.68,0.087,5.0,0.0935,2.5,127.06,8.05419,-35.41297,1.73106,0.00016,0.52825
222.01,ETH-27DEC19,1563533943231,open,1.51,0.0,1.477,1.682,1.579517,111.68,0.845,0.0,ETH-27DEC19-560-P,218.35,0.0,0.0,0.0,0.0,0.0,0.0,0.40025,-0.13893,-2.33798,0.00165,-0.80978
218.48,SYN.ETH-26JUL19,1563533943295,open,1.14,0.0,1.11,1.284,1.197041,159.17,None,0.0,ETH-26JUL19-480-P,218.35,0.0,0.0,0.0,0.0,0.0,0.0,0.00027,-0.0031,-0.09041,2e-05,-0.99976
222.01,ETH-27DEC19,1563533943323,open,0.17,163.0,0.122,0.201,0.161404,107.68,0.164,0.0,ETH-27DEC19-320-C,218.35,104.85,0.154,343.0,0.168,140.0,110.2,0.58108,-0.19447,0.27145,0.00248,0.43882
222.01,ETH-27DEC19,1563533943395,open,0.03,500.0,0.001,0.07,0.030854,115.48,0.023,0.0,ETH-27DEC19-760-C,218.35,113.15,0.028,237.0,0.033,50.0,117.16,0.27875,-0.10005,0.07832,0.00111,0.11089
219.64,ETH-27SEP19,1563533943398,open,1.84,0.0,1.805,2.037,1.921096,121.44,None,0.0,ETH-27SEP19-640-P,218.35,0.0,0.0,0.0,0.0,0.0,0.0,0.08333,-0.07241,-1.21131,0.00074,-0.95969
10608.65,BTC-27DEC19,1563533943468,open,0.01,115.5,0.0005,0.0485,0.00840866,103.27,0.01,0.0,BTC-27DEC19-3500-P,10348.82,98.01,0.0065,10.0,0.0105,15.0,108.35,4.11384,-1.32034,-1.5613,1e-05,-0.02498
10608.65,BTC-27DEC19,1563533943468,open,1.97,0.3,1.9315,2.175,2.05331129,111.74,2.435,0.0,BTC-27DEC19-32000-P,10348.82,0.0,0.0005,3.0,0.0,0.0,0.0,15.0508,-5.22697,-136.59901,3e-05,-0.86808
10508.82,BTC-27SEP19,1563533943468,open,1.42,0.0,1.3865,1.585,1.4858643,116.37,None,0.0,BTC-27SEP19-26000-P,10348.82,0.0,0.0005,2.3,0.0,0.0,0.0,5.73759,-4.77754,-48.72984,2e-05,-0.93632
10508.82,BTC-27SEP19,1563533943468,open,0.71,1.0,0.6865,0.8265,0.75663354,112.39,1.5815,0.0,BTC-27SEP19-18000-P,10348.82,0.0,0.0055,0.5,1.3605,0.3,500.0,12.79851,-10.29301,-31.35494,5e-05,-0.80191
10608.65,BTC-27DEC19,1563533943469,open,0.05,280.1,0.014,0.0975,0.05575941,102.62,0.059,0.0,BTC-27DEC19-6000-P,10348.82,98.99,0.051,6.0,0.0555,15.0,102.42,14.05294,-4.4821,-8.1979,3e-05,-0.11957
10508.82,BTC-27SEP19,1563533943469,open,0.01,547.6,0.0005,0.045,0.00506729,118.76,0.005,0.0,BTC-27SEP19-32000-C,10348.82,114.88,0.004,1.0,0.006,15.0,121.74,3.11518,-2.64734,0.49848,1e-05,0.02985
10508.82,BTC-27SEP19,1563533943470,open,0.0,383.8,0.0005,0.0405,0.00050438,130.18,0.0005,0.0,BTC-27SEP19-2500-P,10348.82,0.0,0.0,0.0,0.001,7.0,141.42,0.35815,-0.33363,-0.06065,0.0,-0.00251
10608.65,BTC-27DEC19,1563533943470,open,2.68,0.0,2.6415,2.9445,2.79307308,114.24,None,0.0,BTC-27DEC19-40000-P,10348.82,0.0,0.001,1.6,0.0,0.0,0.0,10.98264,-3.89956,-173.37161,2e-05,-0.91476
10444.7,SYN.BTC-30AUG19,1563533943468,open,0.45,0.0,0.396,0.4755,0.4357522,115.16,None,0.0,BTC-30AUG19-6000-C,10348.82,0.0,0.3835,4.0,0.482,4.0,198.11,3.82332,-5.25709,6.12595,3e-05,0.94697
10444.7,SYN.BTC-30AUG19,1563533943468,open,0.01,157.2,0.0005,0.0505,0.01021623,115.19,0.009,0.0,BTC-30AUG19-6000-P,10348.82,111.76,0.009,24.0,0.0115,18.1,118.59,3.8251,-5.26078,-0.75822,3e-05,-0.05306
10508.84,BTC-27SEP19,1563533943471,open,0.0,1054.8,0.0005,0.043,0.00333802,109.24,0.0045,0.0,BTC-27SEP19-4250-P,10348.82,100.6,0.002,20.0,0.0045,23.6,115.15,1.88589,-1.47418,-0.39834,1e-05,-0.01646
10364.55,SYN.BTC-26JUL19,1563533943468,open,0.04,366.5,0.0005,0.072,0.03209724,129.09,0.031,0.0,BTC-26JUL19-11500-C,10348.82,126.82,0.031,0.5,0.033,0.2,130.95,5.0129,-47.05917,0.54101,0.00019,0.30919
10380.58,SYN.BTC-2AUG19,1563533943468,open,0.0,0.004,0.0835,0.0436752,123.96,None,0.0,BTC-2AUG19-12000-C,10348.82,120.08,0.041,2.4,0.046,24.0,127.3,7.19947,-32.1595,1.07461,0.00014,0.31599
10608.67,BTC-27DEC19,1563533943471,open,0.0,343.0,0.0005,0.045,0.0049045,105.01,0.0065,0.0,BTC-27DEC19-3000-P,10348.82,99.0,0.0035,10.0,0.0065,13.0,110.73,2.72413,-0.88905,-0.94815,1e-05,-0.01537
10444.7,SYN.BTC-30AUG19,1563533943469,open,0.7,0.0,0.6755,0.815,0.745223,119.77,None,0.0,BTC-30AUG19-18000-P,10348.82,0.0,0.0005,2.4,0.0,0.0,0.0,7.37941,-10.55297,-19.38647,5e-05,-0.87261
10364.55,SYN.BTC-26JUL19,1563533943468,open,0.01,487.3,0.0005,0.051,0.01100669,130.74,0.0115,0.0,BTC-26JUL19-8500-P,10348.82,126.92,0.01,30.0,0.012,0.3,134.38,2.77909,-26.42204,-0.24807,0.00011,-0.11605
10608.67,BTC-27DEC19,1563533943472,open,0.4,57.9,0.3675,0.481,0.42405641,103.42,0.386,0.0,BTC-27DEC19-13000-P,10348.82,100.56,0.4165,2.5,0.432,8.6,106.42,28.06631,-9.02125,-42.32657,5e-05,-0.48116
10508.84,BTC-27SEP19,1563533943473,open,0.0,49.2,0.0005,0.041,0.00124232,119.84,0.0025,0.0,BTC-27SEP19-3250-P,10348.82,107.01,0.0005,10.0,0.002,20.3,128.22,0.80517,-0.69043,-0.14978,0.0,-0.0062
10380.58,SYN.BTC-2AUG19,1563533943471,open,0.0,0.268,0.373,0.32045442,125.27,None,0.0,BTC-2AUG19-13500-P,10348.82,0.0,0.01,10.0,0.0,0.0,0.0,5.12413,-23.12993,-4.53947,0.0001,-0.82987
10380.58,SYN.BTC-2AUG19,1563533943468,open,0.0,0.0005,0.066,0.02504834,124.15,None,0.0,BTC-2AUG19-8500-P,10348.82,119.98,0.023,2.2,0.027,24.0,128.04,5.158,-23.07476,-0.77715,0.0001,-0.17189
10380.58,SYN.BTC-2AUG19,1563533943468,open,0.0,0.2475,0.327,0.28720935,128.55,None,0.0,BTC-2AUG19-7500-C,10348.82,0.0,0.01,10.0,0.0,0.0,0.0,2.93725,-13.60585,2.50703,6e-05,0.92251
10508.84,BTC-27SEP19,1563533943474,open,1.96,0.0,1.9285,2.172,2.0501145,118.74,None,0.0,BTC-27SEP19-32000-P,10348.82,0.0,0.0005,2.6,0.0,0.0,0.0,3.11191,-2.64393,-60.76299,1e-05,-0.97019
10364.55,SYN.BTC-26JUL19,1563533943469,open,0.04,562.9,0.0115,0.0955,0.05344956,129.62,0.0525,0.0,BTC-26JUL19-10000-P,10348.82,125.91,0.0515,1.9,0.0545,0.1,131.62,5.44105,-51.28781,-0.85765,0.00021,-0.38583
10608.67,BTC-27DEC19,1563533943474,open,0.0,148.7,0.0005,0.041,0.000994,126.61,0.0005,0.0,BTC-27DEC19-1500-P,10348.82,116.5,0.0005,0.1,0.0015,5.7,133.82,0.64488,-0.25377,-0.18687,0.0,-0.003
10364.55,SYN.BTC-26JUL19,1563533943468,open,0.78,0.0,0.76,0.9065,0.83329602,149.41,None,0.0,BTC-26JUL19-19000-P,10348.82,0.0,0.0005,2.3,0.0,0.0,0.0,0.09697,-1.05358,-3.57514,0.0,-0.99783
10364.55,SYN.BTC-26JUL19,1563533943469,open,0.0,625.2,0.0005,0.0405,0.00051952,144.65,0.0015,0.0,BTC-26JUL19-17000-C,10348.82,0.0,0.0,0.0,0.0015,3.9,165.44,0.32383,-3.40634,0.01529,1e-05,0.00835
10380.58,SYN.BTC-2AUG19,1563533943468,open,0.0,0.1665,0.246,0.20619555,124.12,None,0.0,BTC-2AUG19-8500-C,10348.82,0.0,0.0005,2.0,0.0,0.0,0.0,5.15711,-23.06492,2.45442,0.0001,0.82816
10380.58,SYN.BTC-2AUG19,1563533943468,open,3.1,0.031,0.1105,0.07080678,122.36,0.065,0.0,BTC-2AUG19-11000-C,10348.82,118.72,0.068,2.3,0.075,30.7,127.79,8.01295,-35.33075,1.49953,0.00016,0.4508
10380.58,SYN.BTC-2AUG19,1563533943468,open,0.0,0.2275,0.3295,0.27841966,124.92,None,0.0,BTC-2AUG19-13000-P,10348.82,0.0,0.01,10.0,0.0,0.0,0.0,5.85373,-26.35055,-4.21123,0.00011,-0.78873
10364.55,SYN.BTC-26JUL19,1563533943468,open,0.01,490.2,0.0005,0.044,0.00440793,133.08,0.004,0.0,BTC-26JUL19-14000-C,10348.82,127.17,0.0035,1.7,0.0055,30.0,139.36,1.69448,-16.3983,0.10853,6e-05,0.06
10444.7,SYN.BTC-30AUG19,1563533943472,open,0.23,1.2,0.201,0.3005,0.25086078,115.16,0.223,0.0,BTC-30AUG19-12000-P,10348.82,90.19,0.218,2.5,0.294,2.5,147.24,13.93233,-19.15756,-9.7631,0.0001,-0.56389
10380.58,SYN.BTC-2AUG19,1563533943468,open,0.0,0.0005,0.0735,0.03393357,124.59,None,0.0,BTC-2AUG19-12500-C,10348.82,121.51,0.032,2.2,0.0355,24.0,127.06,6.565,-29.47412,0.8921,0.00013,0.26
10380.58,SYN.BTC-2AUG19,1563533943468,open,0.0,0.189,0.2875,0.23812885,124.63,None,0.0,BTC-2AUG19-12500-P,10348.82,0.0,0.01,10.0,0.0,0.0,0.0,6.5661,-29.48776,-3.8596,0.00013,-0.73992
10364.55,SYN.BTC-26JUL19,1563533943475,open,0.0,162.8,0.0005,0.04,8.727e-05,145.0,0.001,0.0,BTC-26JUL19-19000-C,10348.82,0.0,0.0,0.0,0.0005,3.4,171.4,0.07405,-0.78082,0.00297,0.0,0.00161
10364.55,SYN.BTC-26JUL19,1563533943470,open,0.19,56.5,0.173,0.27,0.22154252,132.06,0.181,0.0,BTC-26JUL19-12500-P,10348.82,0.0,0.1905,2.5,0.262,2.5,224.47,3.63814,-34.93727,-2.0475,0.00014,-0.82716
10364.55,SYN.BTC-26JUL19,1563533943468,open,0.0,580.2,0.0005,0.042,0.00237281,133.03,0.003,0.0,BTC-26JUL19-7500-P,10348.82,122.76,0.0015,63.7,0.003,0.4,139.1,1.00075,-9.68144,-0.06561,4e-05,-0.03123
10364.55,SYN.BTC-26JUL19,1563533943471,open,0.69,0.0,0.6675,0.806,0.73694087,147.1,None,0.0,BTC-26JUL19-18000-P,10348.82,0.0,0.0005,1.7,0.0,0.0,0.0,0.17721,-1.89565,-3.38298,1e-05,-0.99577
218.61,SYN.ETH-2AUG19,1563533943488,open,0.0,0.135,0.214,0.174057,130.66,None,0.0,ETH-2AUG19-190-C,218.35,0.0,0.0,0.0,0.0,0.0,0.0,0.13514,-0.63627,0.04795,0.00569,0.75108
218.48,SYN.ETH-26JUL19,1563533943530,open,0.01,195.0,0.001,0.048,0.008034,142.09,0.009,0.0,ETH-26JUL19-170-P,218.35,131.77,0.006,134.0,0.01,550.0,151.0,0.04591,-0.47438,-0.00375,0.00359,-0.08318
219.12,SYN.ETH-30AUG19,1563533943583,open,0.07,260.0,0.02,0.099,0.059681,120.39,0.064,0.0,ETH-30AUG19-300-C,218.35,120.67,0.06,2.0,0.064,409.0,124.11,0.2522,-0.36252,0.05678,0.0038,0.28552
218.48,SYN.ETH-26JUL19,1563533943603,open,0.15,0.0,0.124,0.216,0.170158,132.56,None,0.0,ETH-26JUL19-250-P,218.35,0.0,0.001,22.0,0.0,0.0,0.0,0.09686,-0.93363,-0.03754,0.00813,-0.74211
218.48,SYN.ETH-26JUL19,1563533943643,open,0.38,0.0,0.32,0.399,0.359896,144.92,None,0.0,ETH-26JUL19-140-C,218.35,0.0,0.0,0.0,0.0,0.0,0.0,0.0078,-0.08217,0.02594,0.0006,0.99028
10508.78,BTC-27SEP19,1563533943763,open,0.72,225.7,0.676,0.7555,0.71551009,123.79,0.693,0.0,BTC-27SEP19-3000-C,10348.82,0.0,0.709,8.0,0.7175,8.0,145.2,0.64884,-0.57475,5.6255,0.0,0.99513
218.61,SYN.ETH-2AUG19,1563533943774,open,0.0,0.001,0.08,0.04001,129.44,None,0.0,ETH-2AUG19-260-C,218.35,126.4,0.038,130.0,0.04,200.0,129.42,0.14529,-0.67764,0.02056,0.00618,0.28742
222.01,ETH-27DEC19,1563533943785,open,0.14,230.0,0.093,0.172,0.132165,108.28,0.142,0.0,ETH-27DEC19-360-C,218.35,105.82,0.126,355.0,0.138,40.0,110.58,0.55989,-0.18841,0.2397,0.00238,0.37713
218.48,SYN.ETH-26JUL19,1563533943797,open,0.0,1186.0,0.001,0.04,0.0,145.0,0.001,0.0,ETH-26JUL19-520-C,218.35,0.0,0.0,0.0,0.001,300.0,251.07,1e-05,-9e-05,0.0,0.0,1e-05
218.61,SYN.ETH-2AUG19,1563533943826,open,0.0,0.002,0.084,0.043208,130.68,None,0.0,ETH-2AUG19-190-P,218.35,122.17,0.038,541.0,0.044,200.0,131.96,0.13514,-0.63635,-0.02428,0.00569,-0.24894
10364.55,SYN.BTC-26JUL19,1563533943840,open,0.01,733.7,0.0005,0.05,0.01030301,132.28,0.0095,0.0,BTC-26JUL19-13000-C,10348.82,129.37,0.0095,1.9,0.0115,0.3,136.45,2.90567,-27.9512,0.22124,0.00011,0.12362
218.48,SYN.ETH-26JUL19,1563533943844,open,0.0,1076.0,0.001,0.04,0.0,145.0,0.005,0.0,ETH-26JUL19-600-C,218.35,0.0,0.0,0.0,0.001,300.0,285.42,0.0,0.0,0.0,0.0,0.0
10364.55,SYN.BTC-26JUL19,1563533943860,open,0.01,733.7,0.0005,0.05,0.01030301,132.28,0.0095,0.0,BTC-26JUL19-13000-C,10348.82,129.37,0.0095,2.2,0.0115,0.3,136.45,2.90567,-27.9512,0.22124,0.00011,0.12362
219.64,ETH-27SEP19,1563533943898,open,0.01,2828.0,0.001,0.045,0.005986,123.1,0.005,0.0,ETH-27SEP19-680-C,218.35,116.24,0.004,30.0,0.008,500.0,128.69,0.072,-0.06343,0.01166,0.00063,0.03371
219.12,SYN.ETH-30AUG19,1563533943910,open,0.33,0.0,0.273,0.352,0.312957,119.93,None,0.0,ETH-30AUG19-160-C,218.35,0.0,0.0,0.0,0.0,0.0,0.0,0.18368,-0.26302,0.13143,0.00278,0.83577
218.48,SYN.ETH-26JUL19,1563533943924,open,0.22,0.0,0.199,0.297,0.248015,132.58,None,0.0,ETH-26JUL19-270-P,218.35,0.0,0.0,0.0,0.0,0.0,0.0,0.06729,-0.64875,-0.04553,0.00565,-0.8583
218.61,SYN.ETH-2AUG19,1563533943989,open,0.0,0.181,0.278,0.229374,129.45,None,0.0,ETH-2AUG19-260-P,218.35,0.0,0.0,0.0,0.0,0.0,0.0,0.1453,-0.67777,-0.07828,0.00618,-0.71255
10508.84,BTC-27SEP19,1563533943997,open,0.54,793.2,0.4925,0.572,0.53207173,107.8,0.5945,0.0,BTC-27SEP19-5000-C,10348.82,0.0,0.5235,8.0,0.5385,8.0,123.95,3.56139,-2.74723,8.70766,2e-05,0.9649
10444.7,SYN.BTC-30AUG19,1563533943999,open,0.19,38.0,0.1325,0.212,0.17230774,114.19,0.1695,0.0,BTC-30AUG19-10000-C,10348.82,110.85,0.168,17.5,0.1765,8.0,117.44,13.46863,-18.36384,5.36652,9e-05,0.62015
10508.84,BTC-27SEP19,1563533944003,open,0.57,13.5,0.514,0.5935,0.55391208,107.8,0.382,0.0,BTC-27SEP19-4750-C,10348.82,0.0,0.5455,8.0,0.5915,8.0,183.28,2.9077,-2.24299,8.42179,1e-05,0.97253
10364.55,SYN.BTC-26JUL19,1563533944050,open,0.02,777.7,0.0005,0.061,0.02052028,130.73,0.0215,0.0,BTC-26JUL19-9000-P,10348.82,129.32,0.02,0.1,0.0225,10.0,135.97,3.86512,-36.74532,-0.41179,0.00015,-0.19039
10508.78,BTC-27SEP19,1563533944017,open,0.15,583.6,0.098,0.1775,0.13784766,108.63,0.135,0.0,BTC-27SEP19-12000-C,10348.82,106.99,0.135,9.0,0.141,8.0,110.43,18.32754,-14.2457,6.9524,8e-05,0.48343
10508.84,BTC-27SEP19,1563533944060,open,0.14,201.3,0.1125,0.205,0.1587005,107.8,0.1605,0.0,BTC-27SEP19-10000-P,10348.82,104.04,0.1525,19.3,0.162,7.5,109.8,17.30704,-13.34993,-10.56664,8e-05,-0.36653
10364.55,SYN.BTC-26JUL19,1563533944069,open,0.02,777.7,0.0005,0.061,0.02052028,130.73,0.0215,0.0,BTC-26JUL19-9000-P,10348.82,129.32,0.02,0.1,0.022,0.3,134.66,3.86512,-36.74532,-0.41179,0.00015,-0.19039
219.12,SYN.ETH-30AUG19,1563533944101,open,0.04,555.0,0.002,0.084,0.04316,119.95,0.047,0.0,ETH-30AUG19-160-P,218.35,117.36,0.041,207.0,0.045,160.0,122.14,0.1837,-0.2631,-0.05214,0.00278,-0.16425
222.01,ETH-27DEC19,1563533944125,open,0.52,0.0,0.475,0.554,0.514857,108.32,None,0.0,ETH-27DEC19-120-C,218.35,0.0,0.002,300.0,2.47,1.0,500.0,0.28105,-0.09462,0.36496,0.00119,0.88783
10608.65,BTC-27DEC19,1563533944118,open,0.34,171.5,0.2895,0.369,0.32908424,102.62,0.308,0.0,BTC-27DEC19-9000-C,10348.82,97.0,0.3165,12.1,0.331,13.0,103.48,23.71982,-7.56525,18.26558,5e-05,0.71972
10364.56,SYN.BTC-26JUL19,1563533944156,open,0.17,60.4,0.1125,0.192,0.15217542,130.72,0.1745,0.0,BTC-26JUL19-9000-C,10348.82,94.04,0.14,4.0,0.1865,4.0,212.57,3.86487,-36.73921,1.28363,0.00015,0.80963
10608.67,BTC-27DEC19,1563533944158,open,0.69,4.0,0.6385,0.718,0.67848973,103.26,0.64,0.0,BTC-27DEC19-3500-C,10348.82,0.0,0.668,8.0,0.7415,8.0,195.13,4.11353,-1.3202,13.8653,1e-05,0.97502
10508.78,BTC-27SEP19,1563533944170,open,0.02,287.9,0.0005,0.056,0.0163194,115.99,0.017,0.0,BTC-27SEP19-24000-C,10348.82,112.44,0.014,13.0,0.018,47.0,118.4,7.14261,-5.92839,1.3778,3e-05,0.08481
10608.65,BTC-27DEC19,1563533944170,open,0.0,88.9,0.0005,0.0415,0.00146329,113.65,0.003,0.0,BTC-27DEC19-2000-P,10348.82,99.35,0.0005,5.0,0.0025,13.7,122.94,0.98519,-0.34799,-0.29367,0.0,-0.00482
218.61,SYN.ETH-2AUG19,1563533944184,open,0.0,0.001,0.071,0.031446,129.45,None,0.0,ETH-2AUG19-270-C,218.35,127.04,0.03,128.0,0.032,200.0,130.36,0.13212,-0.61628,0.01723,0.00562,0.23873
219.12,SYN.ETH-30AUG19,1563533944221,open,0.47,0.0,0.447,0.567,0.507053,120.72,None,0.0,ETH-30AUG19-320-P,218.35,0.0,0.0,0.0,0.0,0.0,0.0,0.22821,-0.32894,-0.31973,0.00343,-0.76476
219.12,SYN.ETH-30AUG19,1563533944297,open,0.27,557.0,0.213,0.292,0.25205,119.59,0.233,0.0,ETH-30AUG19-180-C,218.35,99.44,0.231,120.0,0.276,120.0,141.73,0.23368,-0.33368,0.12626,0.00355,0.7543
218.48,SYN.ETH-26JUL19,1563533944297,open,0.17,0.0,0.114,0.193,0.153792,137.56,None,0.0,ETH-26JUL19-190-C,218.35,0.0,0.0,0.0,0.0,0.0,0.0,0.08448,-0.84511,0.02651,0.00683,0.79788
222.01,ETH-27DEC19,1563533944320,open,0.11,498.0,0.07,0.149,0.1094,108.89,0.109,0.0,ETH-27DEC19-400-C,218.35,106.62,0.104,366.0,0.115,40.0,111.22,0.53068,-0.17959,0.21125,0.00224,0.32529
10444.7,SYN.BTC-30AUG19,1563533944337,open,0.19,38.0,0.1325,0.212,0.17231545,114.19,0.1695,0.0,BTC-30AUG19-10000-C,10348.82,110.85,0.168,17.5,0.1765,13.0,117.44,13.46863,-18.36384,5.36652,9e-05,0.62015
218.61,SYN.ETH-2AUG19,1563533944384,open,0.0,0.216,0.317,0.266556,129.47,None,0.0,ETH-2AUG19-270-P,218.35,0.0,0.0,0.0,0.0,0.0,0.0,0.13213,-0.61642,-0.08541,0.00562,-0.76123
218.48,SYN.ETH-26JUL19,1563533944397,open,0.33,0.0,0.276,0.355,0.315286,144.88,None,0.0,ETH-26JUL19-150-C,218.35,0.0,0.0,0.0,0.0,0.0,0.0,0.0165,-0.17384,0.02722,0.00127,0.97673
10608.67,BTC-27DEC19,1563533944398,open,0.03,186.2,0.0005,0.068,0.02842214,112.95,0.0245,0.0,BTC-27DEC19-36000-C,10348.82,110.89,0.026,12.0,0.031,18.0,115.04,12.79116,-4.49018,3.57241,2e-05,0.10482
219.12,SYN.ETH-30AUG19,1563533944424,open,0.04,899.0,0.001,0.076,0.036786,121.28,0.039,0.0,ETH-30AUG19-340-C,218.35,117.14,0.033,764.0,0.04,435.0,124.69,0.20386,-0.29523,0.03947,0.00305,0.1938
218.61,SYN.ETH-2AUG19,1563533944458,open,0.0,0.018,0.102,0.060322,130.68,None,0.0,ETH-2AUG19-200-P,218.35,127.33,0.058,158.0,0.061,200.0,131.65,0.15179,-0.71476,-0.03134,0.00639,-0.31685
10608.63,BTC-27DEC19,1563533944468,open,0.61,6.5,0.557,0.6365,0.59699973,102.62,0.575,0.0,BTC-27DEC19-4500-C,10348.68,0.0,0.5355,8.0,0.62,8.0,129.46,7.81953,-2.49401,16.27816,2e-05,0.94514
10444.68,SYN.BTC-30AUG19,1563533944468,open,0.37,0.0,0.3145,0.394,0.35421399,114.22,None,0.0,BTC-30AUG19-7000-C,10348.68,0.0,0.3055,4.0,0.3975,4.0,171.6,6.64182,-9.05828,6.42319,5e-05,0.89024
10364.56,SYN.BTC-26JUL19,1563533944468,open,0.97,0.0,0.9455,1.107,1.02615161,146.78,None,0.0,BTC-26JUL19-21000-P,10348.68,0.0,0.0005,2.3,0.0,0.0,0.0,0.01727,-0.18428,-3.95526,0.0,-0.99967
10508.64,BTC-27SEP19,1563533944469,open,0.08,381.2,0.037,0.1165,0.07668804,110.74,0.0875,0.0,BTC-27SEP19-15000-C,10348.68,108.01,0.0725,26.2,0.079,8.0,112.23,16.25052,-12.87654,4.71966,7e-05,0.31129
10508.64,BTC-27SEP19,1563533944469,open,1.06,0.2,1.0315,1.2,1.11568053,114.71,1.391,0.0,BTC-27SEP19-22000-P,10348.68,0.0,0.0045,10.0,1.8,0.1,500.0,8.70266,-7.14317,-40.32947,4e-05,-0.88899
10508.64,BTC-27SEP19,1563533944470,open,0.88,0.0,0.857,1.0115,0.93416903,113.67,None,0.0,BTC-27SEP19-20000-P,10348.68,0.0,0.005,0.2,1.534,0.2,499.91,10.62216,-8.63957,-35.93484,4e-05,-0.85205
10508.64,BTC-27SEP19,1563533944470,open,1.24,0.2,1.2085,1.392,1.3001153,115.94,1.6,0.0,BTC-27SEP19-24000-P,10348.68,0.0,0.0005,2.3,0.0,0.0,0.0,7.13332,-5.9178,-44.57002,3e-05,-0.91534
10508.64,BTC-27SEP19,1563533944470,open,0.47,29.6,0.444,0.564,0.50406003,110.72,0.58,0.0,BTC-27SEP19-15000-P,10348.68,66.64,0.446,2.5,0.5145,2.5,117.38,16.24938,-12.87377,-23.99689,7e-05,-0.68876
10608.49,BTC-27DEC19,1563533944470,open,1.1,3.9,1.0675,1.2395,1.1535514,107.93,0.752,0.0,BTC-27DEC19-22000-P,10348.68,0.0,0.0065,0.2,1.9365,0.3,500.0,22.60256,-7.58167,-88.78451,4e-05,-0.74528
10608.49,BTC-27DEC19,1563533944470,open,0.57,62.4,0.5195,0.599,0.55933508,102.63,0.533,0.0,BTC-27DEC19-5000-C,10348.68,92.57,0.5505,8.0,0.5645,8.0,108.01,9.89558,-3.15633,17.13166,2e-05,0.92573
10508.64,BTC-27SEP19,1563533944471,open,0.61,9.2,0.559,0.6385,0.59891551,109.28,0.574,0.0,BTC-27SEP19-4250-C,10348.68,0.0,0.5915,8.0,0.6125,8.0,153.64,1.88813,-1.4764,7.73728,1e-05,0.98351
10364.56,SYN.BTC-26JUL19,1563533944468,open,0.14,93.2,0.0785,0.158,0.11805549,130.63,0.141,0.0,BTC-26JUL19-9500-C,10348.68,126.19,0.116,2.3,0.121,1.9,136.95,4.80914,-45.6853,1.17038,0.00018,0.7175
10608.49,BTC-27DEC19,1563533944472,open,0.82,0.0,0.773,0.8525,0.81293823,113.68,None,0.0,BTC-27DEC19-2000-C,10348.68,0.0,0.806,8.0,0.856,8.0,243.12,0.9866,-0.34859,8.52092,0.0,0.99517
219.12,SYN.ETH-30AUG19,1563533944472,open,0.07,947.0,0.031,0.116,0.073528,119.61,0.07,0.0,ETH-30AUG19-180-P,218.35,116.3,0.07,215.0,0.076,160.0,121.93,0.23369,-0.33376,-0.08026,0.00355,-0.24572
10364.56,SYN.BTC-26JUL19,1563533944472,open,0.48,0.0,0.4295,0.509,0.46937319,144.71,0.4,0.0,BTC-26JUL19-5500-C,10348.68,0.0,0.454,4.0,0.5175,4.0,500.0,0.02535,-0.2668,1.03503,0.0,0.9995
10444.68,SYN.BTC-30AUG19,1563533944472,open,0.17,17.0,0.139,0.233,0.18594036,114.59,0.1705,0.0,BTC-30AUG19-11000-P,10348.68,110.56,0.1805,14.4,0.1905,3.4,117.97,14.08777,-19.27544,-7.93004,0.0001,-0.47584
10364.56,SYN.BTC-26JUL19,1563533944471,open,0.88,0.0,0.853,1.0065,0.92968987,145.79,None,0.0,BTC-26JUL19-20000-P,10348.68,0.0,0.0005,1.6,0.0,0.0,0.0,0.03556,-0.37699,-3.76616,0.0,-0.99928
222.01,ETH-27DEC19,1563533944537,open,0.41,0.0,0.362,0.441,0.401456,106.67,None,0.0,ETH-27DEC19-160-C,218.35,0.0,0.002,300.0,1.6,1.0,500.0,0.42128,-0.13966,0.38306,0.00182,0.79293
222.01,ETH-27DEC19,1563533944543,open,0.87,16.0,0.835,0.987,0.911039,108.86,1.195,0.0,ETH-27DEC19-400-P,218.35,76.84,0.843,110.0,0.983,110.0,137.48,0.53059,-0.17951,-1.55182,0.00224,-0.67484
219.12,SYN.ETH-30AUG19,1563533944614,open,0.55,0.0,0.525,0.652,0.588468,121.33,None,0.0,ETH-30AUG19-340-P,218.35,0.0,0.0,0.0,0.0,0.0,0.0,0.20395,-0.29546,-0.35058,0.00305,-0.80607
218.48,SYN.ETH-26JUL19,1563533944643,open,0.02,0.0,0.001,0.052,0.012182,132.56,None,0.0,ETH-26JUL19-270-C,218.35,125.19,0.01,127.0,0.014,250.0,138.3,0.06728,-0.64855,0.00533,0.00564,0.14167
218.48,SYN.ETH-26JUL19,1563533944646,open,0.14,151.0,0.082,0.161,0.121405,136.22,0.116,0.0,ETH-26JUL19-200-C,218.35,128.88,0.118,110.0,0.125,163.0,143.88,0.10192,-1.00958,0.0244,0.00832,0.71433
218.61,SYN.ETH-2AUG19,1563533944653,open,0.0,0.08,0.159,0.119879,130.13,None,0.0,ETH-2AUG19-210-C,218.35,124.94,0.116,151.0,0.121,150.0,131.63,0.16327,-0.76559,0.04092,0.00691,0.61224
219.12,SYN.ETH-30AUG19,1563533944658,open,0.22,145.0,0.161,0.24,0.20095,119.58,0.168,0.0,ETH-30AUG19-200-C,218.35,113.94,0.194,120.0,0.205,120.0,122.87,0.27018,-0.38577,0.11683,0.0041,0.66566
218.48,SYN.ETH-26JUL19,1563533944654,open,0.03,5113.0,0.001,0.078,0.036836,136.22,0.034,0.0,ETH-26JUL19-200-P,218.35,132.27,0.035,93.0,0.039,236.0,140.84,0.10192,-1.0096,-0.01327,0.00832,-0.28566
218.48,SYN.ETH-26JUL19,1563533944662,open,0.06,53.0,0.011,0.09,0.050943,132.52,0.054,0.0,ETH-26JUL19-230-C,218.35,127.04,0.048,103.0,0.054,150.0,138.2,0.11745,-1.13186,0.01535,0.00986,0.42401
218.48,SYN.ETH-26JUL19,1563533944673,open,0.09,284.0,0.06,0.147,0.103687,132.53,0.072,0.0,ETH-26JUL19-230-P,218.35,127.52,0.101,131.0,0.109,269.0,142.38,0.11745,-1.13193,-0.02797,0.00986,-0.57598
222.01,ETH-27DEC19,1563533944685,open,0.57,82.0,0.539,0.666,0.602768,107.66,0.64,0.0,ETH-27DEC19-320-P,218.35,102.78,0.59,110.0,0.614,30.0,111.96,0.58106,-0.19442,-1.13898,0.00248,-0.56126
219.64,ETH-27SEP19,1563533944705,open,0.29,1373.0,0.264,0.368,0.316176,112.5,0.288,0.0,ETH-27SEP19-260-P,218.35,107.19,0.307,110.0,0.322,120.0,115.83,0.3816,-0.3072,-0.35938,0.00367,-0.53847
219.64,ETH-27SEP19,1563533944717,open,0.09,4976.0,0.057,0.144,0.100399,112.41,0.094,0.0,ETH-27SEP19-180-P,218.35,107.85,0.094,593.0,0.104,140.0,114.94,0.31026,-0.24955,-0.15056,0.00299,-0.25765
218.6,SYN.ETH-2AUG19,1563533944723,open,0.0,0.038,0.123,0.08052,130.14,None,0.0,ETH-2AUG19-210-P,218.35,126.76,0.078,149.0,0.082,200.0,132.12,0.16327,-0.76563,-0.03892,0.00691,-0.38777
219.12,SYN.ETH-30AUG19,1563533944740,open,0.15,237.0,0.117,0.209,0.162767,119.55,0.163,0.0,ETH-30AUG19-220-P,218.35,115.95,0.158,208.0,0.168,120.0,123.49,0.29065,-0.4149,-0.14742,0.00441,-0.42363
218.61,SYN.ETH-2AUG19,1563533944755,open,0.0,0.08,0.159,0.119879,130.13,None,0.0,ETH-2AUG19-210-C,218.35,124.94,0.116,147.0,0.121,150.0,131.63,0.16327,-0.76559,0.04092,0.00691,0.61224
219.12,SYN.ETH-30AUG19,1563533944755,open,0.26,0.0,0.233,0.335,0.284197,119.83,None,0.0,ETH-30AUG19-260-P,218.35,113.57,0.276,120.0,0.291,120.0,124.95,0.28911,-0.41365,-0.21889,0.00438,-0.58648
218.48,SYN.ETH-26JUL19,1563533944766,open,0.0,0.0,0.001,0.041,0.00186,144.92,None,0.0,ETH-26JUL19-150-P,218.35,131.33,0.001,111.0,0.004,725.0,167.1,0.01652,-0.17406,-0.00104,0.00127,-0.0233
219.12,SYN.ETH-30AUG19,1563533944766,open,0.15,237.0,0.117,0.209,0.162767,119.55,0.163,0.0,ETH-30AUG19-220-P,218.35,115.95,0.158,208.0,0.168,259.0,123.49,0.29065,-0.4149,-0.14742,0.00441,-0.42363
218.48,SYN.ETH-26JUL19,1563533944768,open,0.0,2013.0,0.001,0.044,0.003965,142.66,0.002,0.0,ETH-26JUL19-160-P,218.35,124.9,0.002,400.0,0.006,668.0,156.48,0.02874,-0.29818,-0.00204,0.00224,-0.04563
218.61,SYN.ETH-2AUG19,1563533944766,open,2.0,0.06,0.147,0.103498,128.85,0.093,0.0,ETH-2AUG19-220-P,218.35,126.91,0.102,129.0,0.106,150.0,132.08,0.16919,-0.78556,-0.04683,0.00723,-0.46005
218.61,SYN.ETH-2AUG19,1563533944782,open,0.0,0.254,0.357,0.305418,129.47,None,0.0,ETH-2AUG19-280-P,218.35,0.0,0.0,0.0,0.0,0.0,0.0,0.11805,-0.55077,-0.09216,0.00502,-0.80353
218.48,SYN.ETH-26JUL19,1563533944770,open,0.0,2013.0,0.001,0.044,0.003965,142.66,0.002,0.0,ETH-26JUL19-160-P,218.35,124.9,0.002,400.0,0.006,666.0,156.48,0.02874,-0.29818,-0.00204,0.00224,-0.04563
218.48,SYN.ETH-26JUL19,1563533944785,open,0.01,1139.0,0.001,0.043,0.003498,132.56,0.003,0.0,ETH-26JUL19-300-C,218.35,120.08,0.002,102.0,0.004,22.0,136.01,0.03057,-0.29464,0.00188,0.00256,0.04927
219.12,SYN.ETH-30AUG19,1563533944782,open,0.11,113.0,0.058,0.137,0.097649,119.8,0.113,0.0,ETH-30AUG19-260-C,218.35,115.52,0.092,335.0,0.102,335.0,123.1,0.2891,-0.41356,0.0794,0.00438,0.41347
219.12,SYN.ETH-30AUG19,1563533944788,open,0.17,114.0,0.119,0.198,0.158765,119.53,0.173,0.0,ETH-30AUG19-220-C,218.35,115.95,0.154,22.0,0.163,298.0,122.74,0.29066,-0.41484,0.10498,0.00441,0.57635
218.48,SYN.ETH-26JUL19,1563533944798,open,0.14,151.0,0.082,0.161,0.121405,136.22,0.116,0.0,ETH-26JUL19-200-C,218.35,128.88,0.118,104.0,0.125,163.0,143.88,0.10192,-1.00958,0.0244,0.00832,0.71433
219.12,SYN.ETH-30AUG19,1563533944806,open,0.2,201.0,0.172,0.269,0.220247,119.83,0.23,0.0,ETH-30AUG19-240-P,218.35,115.93,0.215,206.0,0.226,120.0,124.07,0.29603,-0.42354,-0.18321,0.00448,-0.50849
218.48,SYN.ETH-26JUL19,1563533944808,open,0.14,151.0,0.082,0.161,0.121405,136.22,0.116,0.0,ETH-26JUL19-200-C,218.35,128.88,0.118,104.0,0.125,168.0,143.88,0.10192,-1.00958,0.0244,0.00832,0.71433
218.61,SYN.ETH-2AUG19,1563533944812,open,0.0,0.002,0.084,0.043205,130.68,None,0.0,ETH-2AUG19-190-P,218.35,122.17,0.038,541.0,0.045,200.0,133.57,0.13514,-0.63635,-0.02428,0.00569,-0.24894
219.12,SYN.ETH-30AUG19,1563533944840,open,0.1,210.0,0.07,0.158,0.113704,119.6,0.105,0.0,ETH-30AUG19-200-P,218.35,116.6,0.11,190.0,0.117,160.0,122.27,0.27018,-0.38584,-0.11264,0.0041,-0.33434
218.61,SYN.ETH-2AUG19,1563533944836,open,1.0,0.001,0.061,0.020483,133.97,0.02,0.0,ETH-2AUG19-170-P,218.35,130.46,0.019,155.0,0.021,250.0,135.17,0.09354,-0.45158,-0.0131,0.00384,-0.13713
218.6,SYN.ETH-2AUG19,1563533944856,open,0.0,0.001,0.059,0.01916,129.62,None,0.0,ETH-2AUG19-290-C,218.35,127.15,0.018,133.0,0.02,250.0,131.37,0.10397,-0.48558,0.01176,0.00442,0.16061
218.61,SYN.ETH-2AUG19,1563533944873,open,2.0,0.06,0.147,0.103498,128.85,0.093,0.0,ETH-2AUG19-220-P,218.35,126.91,0.102,133.0,0.106,150.0,132.08,0.16919,-0.78556,-0.04683,0.00723,-0.46005
10508.64,BTC-27SEP19,1563533944886,open,0.18,406.3,0.1285,0.208,0.16830198,107.8,0.17,0.0,BTC-27SEP19-11000-C,10348.68,105.32,0.164,13.0,0.1715,19.3,109.65,18.16687,-14.01382,7.78471,8e-05,0.55526
219.64,ETH-27SEP19,1563533944894,open,0.81,79.0,0.787,0.934,0.860483,116.21,0.351,0.0,ETH-27SEP19-400-P,218.35,0.0,0.01,1.0,0.0,0.0,0.0,0.24999,-0.20787,-0.70764,0.00233,-0.82246
219.64,ETH-27SEP19,1563533944896,open,0.0,389.0,0.001,0.041,0.001506,135.46,0.002,0.0,ETH-27SEP19-60-P,218.35,0.0,0.0,0.0,0.003,500.0,150.26,0.01745,-0.01692,-0.00335,0.00014,-0.00646
218.61,SYN.ETH-2AUG19,1563533944891,open,0.0,0.038,0.123,0.08052,130.14,None,0.0,ETH-2AUG19-210-P,218.35,126.77,0.078,152.0,0.082,200.0,132.13,0.16327,-0.76566,-0.03892,0.00691,-0.38776
219.64,ETH-27SEP19,1563533944905,open,0.01,4420.0,0.001,0.048,0.008729,119.38,0.01,0.0,ETH-27SEP19-600-C,218.35,112.42,0.006,646.0,0.011,350.0,124.2,0.09621,-0.08218,0.01658,0.00087,0.04817
218.48,SYN.ETH-26JUL19,1563533944905,open,0.0,3965.0,0.001,0.04,0.000492,144.89,0.001,0.0,ETH-26JUL19-360-C,218.35,0.0,0.0,0.0,0.001,129.0,157.89,0.00652,-0.06873,0.00031,0.0005,0.00793
218.48,SYN.ETH-26JUL19,1563533944907,open,0.12,1348.0,0.09,0.18,0.135184,132.53,0.13,0.0,ETH-26JUL19-240-P,218.35,120.0,0.129,287.0,0.145,286.0,151.84,0.10927,-1.05304,-0.03292,0.00917,-0.66481
218.48,SYN.ETH-26JUL19,1563533944915,open,0.69,504.0,0.67,0.809,0.739534,145.51,0.168,0.0,ETH-26JUL19-380-P,218.35,0.0,0.0,0.0,0.0,0.0,0.0,0.00337,-0.03569,-0.07144,0.00026,-0.99622
218.48,SYN.ETH-26JUL19,1563533944915,open,0.12,1348.0,0.09,0.18,0.135184,132.53,0.13,0.0,ETH-26JUL19-240-P,218.35,120.0,0.129,287.0,0.145,279.0,151.84,0.10927,-1.05304,-0.03292,0.00917,-0.66481
218.61,SYN.ETH-2AUG19,1563533944921,open,0.0,0.001,0.064,0.024565,129.45,None,0.0,ETH-2AUG19-280-C,218.35,126.52,0.023,144.0,0.025,200.0,130.25,0.11804,-0.55059,0.01428,0.00502,0.19642
222.01,ETH-27DEC19,1563533944941,open,1.03,0.0,0.991,1.156,1.073594,109.61,None,0.0,ETH-27DEC19-440-P,218.35,62.72,0.994,110.0,1.97,1.0,500.0,0.49806,-0.16966,-1.75289,0.00209,-0.71777
218.48,SYN.ETH-26JUL19,1563533944959,open,0.21,100.0,0.151,0.23,0.190175,139.32,0.143,0.0,ETH-26JUL19-180-C,218.35,0.0,0.0,0.0,0.0,0.0,0.0,0.0647,-0.65545,0.02782,0.00516,0.86623
218.48,SYN.ETH-26JUL19,1563533944958,open,0.01,1430.0,0.001,0.048,0.008153,132.56,0.008,0.0,ETH-26JUL19-280-C,218.35,123.08,0.006,303.0,0.009,16.0,135.96,0.05322,-0.51301,0.00384,0.00447,0.10155
219.64,ETH-27SEP19,1563533944964,open,0.5,496.0,0.473,0.595,0.533714,113.88,0.44,0.0,ETH-27SEP19-320-P,218.35,87.31,0.496,30.0,0.549,110.0,123.64,0.3373,-0.27486,-0.51607,0.00321,-0.69361
219.64,ETH-27SEP19,1563533944970,open,0.73,259.0,0.706,0.847,0.776089,115.46,0.94,0.0,ETH-27SEP19-380-P,218.35,0.0,0.009,8.0,0.0,0.0,0.0,0.2711,-0.22397,-0.66164,0.00254,-0.79745
219.64,ETH-27SEP19,1563533944970,open,1.32,12.0,1.288,1.478,1.383276,118.77,1.193,0.0,ETH-27SEP19-520-P,218.35,0.0,0.0,0.0,0.0,0.0,0.0,0.14415,-0.12251,-0.96808,0.00131,-0.91905
218.48,SYN.ETH-26JUL19,1563533944970,open,0.0,1780.0,0.001,0.04,8.9e-05,145.0,0.001,0.0,ETH-26JUL19-400-C,218.35,0.0,0.0,0.0,0.001,244.0,185.45,0.00159,-0.01677,6e-05,0.00012,0.00164
218.48,SYN.ETH-26JUL19,1563533944976,open,0.26,867.0,0.239,0.341,0.289758,132.58,0.42,0.0,ETH-26JUL19-280-P,218.35,0.0,0.27,30.0,0.312,30.0,198.99,0.05324,-0.51327,-0.0489,0.00447,-0.8984
218.48,SYN.ETH-26JUL19,1563533944980,open,0.51,1130.0,0.495,0.619,0.557275,143.45,0.6,0.0,ETH-26JUL19-340-P,218.35,0.0,0.527,30.0,0.602,30.0,323.5,0.01191,-0.12427,-0.06344,0.00092,-0.98414
218.48,SYN.ETH-26JUL19,1563533944986,open,0.0,1920.0,0.001,0.04,0.000212,145.0,0.001,0.0,ETH-26JUL19-380-C,218.35,0.0,0.0,0.0,0.001,189.0,172.13,0.00328,-0.03461,0.00014,0.00025,0.00366
10608.49,BTC-27DEC19,1563533944987,open,0.4,57.9,0.3675,0.481,0.42405321,103.41,0.386,0.0,BTC-27DEC19-13000-P,10348.68,100.56,0.4165,6.1,0.432,8.6,106.42,28.06593,-9.02052,-42.32697,5e-05,-0.48119
10608.49,BTC-27DEC19,1563533944996,open,0.33,115.3,0.301,0.409,0.35511776,102.99,0.3215,0.0,BTC-27DEC19-12000-P,10348.68,100.27,0.348,6.1,0.362,13.9,105.62,27.73264,-8.87691,-36.98169,5e-05,-0.43581
218.48,SYN.ETH-26JUL19,1563533945002,open,0.0,1872.0,0.001,0.041,0.00104,143.32,0.001,0.0,ETH-26JUL19-340-C,218.35,0.0,0.0,0.0,0.002,250.0,157.34,0.01186,-0.1236,0.00061,0.00092,0.01578
10444.68,SYN.BTC-30AUG19,1563533944999,open,0.15,51.9,0.093,0.1725,0.13277445,114.59,0.142,0.0,BTC-30AUG19-11000-C,10348.68,111.42,0.1285,14.4,0.1365,8.0,117.36,14.08777,-19.27564,4.69002,0.0001,0.52417
10508.64,BTC-27SEP19,1563533945027,open,0.07,173.0,0.0235,0.103,0.06316648,111.16,0.071,0.0,BTC-27SEP19-16000-C,10348.68,108.59,0.0595,26.6,0.0655,8.0,112.77,15.12449,-12.0299,4.10536,6e-05,0.26724
219.64,ETH-27SEP19,1563533945039,open,0.98,0.0,0.951,1.113,1.032059,117.28,None,0.0,ETH-27SEP19-440-P,218.35,0.0,0.0,0.0,0.0,0.0,0.0,0.20997,-0.17621,-0.79715,0.00194,-0.86376
218.48,SYN.ETH-26JUL19,1563533945039,open,0.18,867.0,0.16,0.256,0.207962,132.55,0.163,0.0,ETH-26JUL19-260-P,218.35,0.0,0.189,30.0,0.244,30.0,213.08,0.08225,-0.79283,-0.04176,0.0069,-0.80662
219.64,ETH-27SEP19,1563533945041,open,0.03,2417.0,0.001,0.068,0.028781,117.28,0.035,0.0,ETH-27SEP19-440-C,218.35,115.39,0.027,239.0,0.03,200.0,118.55,0.20997,-0.17621,0.04518,0.00194,0.13624
219.64,ETH-27SEP19,1563533945041,open,0.57,0.0,0.514,0.593,0.553143,115.12,None,0.0,ETH-27SEP19-100-C,218.35,0.0,0.003,10.0,0.0,0.0,0.0,0.07398,-0.06094,0.17324,0.0007,0.96516
10508.64,BTC-27SEP19,1563533945041,open,0.07,173.0,0.0235,0.103,0.06316648,111.16,0.071,0.0,BTC-27SEP19-16000-C,10348.68,108.59,0.0595,26.6,0.066,27.3,113.11,15.12449,-12.0299,4.10536,6e-05,0.26724
218.48,SYN.ETH-26JUL19,1563533945041,open,0.0,1986.0,0.001,0.041,0.001672,135.72,0.001,0.0,ETH-26JUL19-320-C,218.35,126.0,0.001,86.0,0.002,11.0,139.54,0.01767,-0.17444,0.00097,0.00145,0.02525
218.48,SYN.ETH-26JUL19,1563533945041,open,0.34,659.0,0.322,0.431,0.376641,132.56,0.34,0.0,ETH-26JUL19-300-P,218.35,0.0,0.03,1.0,3.4,5.0,500.0,0.03057,-0.29465,-0.05463,0.00256,-0.95073
218.48,SYN.ETH-26JUL19,1563533945041,open,0.43,519.0,0.408,0.525,0.466358,135.72,0.183,0.0,ETH-26JUL19-320-P,218.35,0.0,0.051,5.0,0.0,0.0,0.0,0.01767,-0.17444,-0.05931,0.00145,-0.97475
10508.64,BTC-27SEP19,1563533945042,open,0.08,381.2,0.037,0.1165,0.07668331,110.74,0.0875,0.0,BTC-27SEP19-15000-C,10348.68,108.01,0.0725,26.2,0.0795,27.3,112.55,16.25052,-12.87654,4.71966,7e-05,0.31129
219.64,ETH-27SEP19,1563533945043,open,1.66,27.0,1.631,1.85,1.740472,119.38,1.044,0.0,ETH-27SEP19-600-P,218.35,0.0,0.0,0.0,0.0,0.0,0.0,0.09621,-0.08218,-1.13206,0.00087,-0.95183
218.48,SYN.ETH-26JUL19,1563533945043,open,0.78,985.0,0.758,0.904,0.830946,145.0,0.205,0.0,ETH-26JUL19-400-P,218.35,0.0,0.0,0.0,0.0,0.0,0.0,0.00159,-0.01677,-0.07529,0.00012,-0.99836
10508.64,BTC-27SEP19,1563533945044,open,0.12,207.5,0.073,0.1525,0.11277562,109.2,0.124,0.0,BTC-27SEP19-13000-C,10348.68,106.99,0.109,25.3,0.1165,22.4,111.38,17.9567,-14.03176,6.14552,8e-05,0.41826
219.64,ETH-27SEP19,1563533945046,open,0.35,392.0,0.297,0.376,0.336349,112.44,0.51,0.0,ETH-27SEP19-160-C,218.35,0.0,0.1,10.0,0.0,0.0,0.0,0.25802,-0.20761,0.20053,0.00248,0.81325
10508.78,BTC-27SEP19,1563533945046,open,0.27,380.6,0.214,0.2935,0.25390606,107.8,0.2715,0.0,BTC-27SEP19-9000-C,10348.68,103.49,0.2475,5.0,0.258,13.0,110.55,15.64231,-12.06605,9.25148,7e-05,0.71377
10508.64,BTC-27SEP19,1563533945048,open,0.68,261.1,0.6285,0.708,0.66843742,115.65,0.714,0.0,BTC-27SEP19-3500-C,10348.68,0.0,0.662,8.0,0.69,8.0,198.65,0.96777,-0.80089,6.51649,0.0,0.99236
10608.49,BTC-27DEC19,1563533945049,open,0.41,93.7,0.3615,0.441,0.40148829,102.62,0.346,0.0,BTC-27DEC19-7500-C,10348.68,95.54,0.3885,8.0,0.4055,8.0,104.79,19.58485,-6.24665,18.73725,4e-05,0.80223
10508.64,BTC-27SEP19,1563533945049,open,0.12,207.5,0.073,0.1525,0.11277562,109.2,0.124,0.0,BTC-27SEP19-13000-C,10348.68,106.99,0.109,25.3,0.1165,34.7,111.38,17.9567,-14.03176,6.14552,8e-05,0.41826
10508.6,BTC-27SEP19,1563533945052,open,0.61,9.2,0.559,0.6385,0.59890743,109.28,0.574,0.0,BTC-27SEP19-4250-C,10348.68,0.0,0.591,8.0,0.6125,8.0,153.64,1.88865,-1.47691,7.73714,1e-05,0.98351
219.64,ETH-27SEP19,1563533945053,open,0.21,1115.0,0.154,0.233,0.193467,112.33,0.191,0.0,ETH-27SEP19-220-C,218.35,108.52,0.187,342.0,0.2,230.0,116.19,0.37229,-0.29925,0.16916,0.00359,0.59577
10508.64,BTC-27SEP19,1563533945054,open,0.32,901.1,0.27,0.3495,0.3095641,107.81,0.25,0.0,BTC-27SEP19-8000-C,10348.68,91.79,0.29,8.0,0.3145,8.0,111.72,13.16919,-10.15893,9.70946,6e-05,0.7922
10508.64,BTC-27SEP19,1563533945056,open,0.57,13.5,0.514,0.5935,0.55390287,107.83,0.382,0.0,BTC-27SEP19-4750-C,10348.68,0.0,0.5455,8.0,0.592,8.0,184.04,2.90969,-2.24503,8.42119,1e-05,0.97251
10508.64,BTC-27SEP19,1563533945058,open,0.7,0.0,0.652,0.7315,0.69197316,119.9,None,0.0,BTC-27SEP19-3250-C,10348.68,0.0,0.6765,8.0,0.7015,8.0,174.24,0.80748,-0.6928,6.07151,0.0,0.99378
10608.49,BTC-27DEC19,1563533945059,open,0.5,122.9,0.4505,0.53,0.49017697,102.63,0.502,0.0,BTC-27DEC19-6000-C,10348.68,87.79,0.4715,8.0,0.4985,8.0,108.8,14.05347,-4.48248,18.24671,3e-05,0.88043
10508.64,BTC-27SEP19,1563533945061,open,0.5,224.0,0.45,0.5295,0.48964779,107.82,0.5225,0.0,BTC-27SEP19-5500-C,10348.68,0.0,0.4575,8.0,0.503,8.0,131.42,5.03234,-3.88242,9.18301,2e-05,0.94612
218.48,SYN.ETH-26JUL19,1563533945071,open,0.01,1309.0,0.001,0.054,0.014064,139.33,0.016,0.0,ETH-26JUL19-180-P,218.35,132.16,0.012,131.0,0.016,546.0,145.72,0.0647,-0.65555,-0.00608,0.00516,-0.13378
219.64,ETH-27SEP19,1563533945076,open,2.19,0.0,2.152,2.413,2.282665,123.11,None,0.0,ETH-27SEP19-720-P,218.3,0.0,0.0,0.0,0.0,0.0,0.0,0.05898,-0.05195,-1.36915,0.00052,-0.9735
219.64,ETH-27SEP19,1563533945076,open,0.36,981.0,0.33,0.44,0.38492,112.92,0.48,0.0,ETH-27SEP19-280-P,218.3,107.03,0.375,110.0,0.39,120.0,115.91,0.37211,-0.30066,-0.41268,0.00357,-0.59654
222.01,ETH-27DEC19,1563533945076,open,0.25,381.0,0.209,0.288,0.248668,106.51,0.222,0.0,ETH-27DEC19-240-C,218.3,103.92,0.242,204.0,0.256,120.0,109.36,0.57085,-0.18896,0.34,0.00247,0.59613
222.01,ETH-27DEC19,1563533945076,open,0.07,513.0,0.027,0.106,0.066246,110.98,0.073,0.0,ETH-27DEC19-520-C,218.3,109.81,0.064,251.0,0.069,40.0,112.38,0.43147,-0.14882,0.14624,0.00179,0.2157
221.96,ETH-27DEC19,1563533945077,open,0.04,163.0,0.001,0.078,0.038564,113.94,0.047,0.0,ETH-27DEC19-680-C,218.3,112.85,0.037,233.0,0.041,50.0,115.6,0.32037,-0.11345,0.0946,0.00129,0.13526
219.59,ETH-27SEP19,1563533945077,open,0.41,191.0,0.361,0.44,0.400421,112.77,0.5,0.0,ETH-27SEP19-140-C,218.3,0.0,0.01,50.0,0.0,0.0,0.0,0.19583,-0.15803,0.20025,0.00188,0.87676
221.96,ETH-27DEC19,1563533945077,open,0.31,692.0,0.277,0.382,0.329652,106.42,0.452,0.0,ETH-27DEC19-240-P,218.3,103.06,0.321,269.0,0.338,120.0,109.67,0.57082,-0.1888,-0.71786,0.00247,-0.40413
221.96,ETH-27DEC19,1563533945077,open,0.06,163.0,0.018,0.097,0.057222,111.76,0.054,0.0,ETH-27DEC19-560-C,218.3,110.52,0.055,251.0,0.06,40.0,113.29,0.40046,-0.13911,0.13034,0.00165,0.19045
219.59,ETH-27SEP19,1563533945078,open,0.74,0.0,0.689,0.768,0.728332,136.21,0.01,0.0,ETH-27SEP19-60-C,218.3,0.0,0.003,10.0,0.0,0.0,0.0,0.01792,-0.01747,0.1114,0.00014,0.99334
219.12,SYN.ETH-30AUG19,1563533945076,open,0.14,473.0,0.085,0.164,0.124972,119.81,0.149,0.0,ETH-30AUG19-240-C,218.3,116.87,0.121,5.0,0.129,196.0,122.79,0.29603,-0.42348,0.09214,0.00449,0.49149
218.61,SYN.ETH-2AUG19,1563533945076,open,0.0,0.024,0.103,0.063481,129.44,None,0.0,ETH-2AUG19-240-C,218.3,124.82,0.06,136.0,0.064,200.0,130.13,0.16506,-0.7699,0.02827,0.00702,0.40371
219.12,SYN.ETH-30AUG19,1563533945076,open,0.02,155.0,0.001,0.063,0.022498,121.03,0.027,0.0,ETH-30AUG19-140-P,218.3,118.43,0.021,201.0,0.024,200.0,123.58,0.12756,-0.18435,-0.03009,0.00191,-0.09719
218.61,SYN.ETH-2AUG19,1563533945076,open,0.0,0.168,0.247,0.207032,132.39,None,0.0,ETH-2AUG19-180-C,218.3,0.0,0.0,0.0,0.0,0.0,0.0,0.11526,-0.54988,0.0502,0.00479,0.81107
218.48,SYN.ETH-26JUL19,1563533945076,open,0.25,0.0,0.19,0.269,0.229919,142.09,None,0.0,ETH-26JUL19-170-C,218.3,0.0,0.0,0.0,0.0,0.0,0.0,0.04591,-0.47436,0.02827,0.00359,0.91682
218.48,SYN.ETH-26JUL19,1563533945076,open,0.06,2565.0,0.034,0.119,0.076106,132.25,0.056,0.0,ETH-26JUL19-220-P,218.3,128.4,0.074,108.0,0.08,1.0,139.38,0.11946,-1.14892,-0.02285,0.01005,-0.47907
219.59,ETH-27SEP19,1563533945091,open,0.02,2302.0,0.001,0.055,0.015765,118.79,0.015,0.0,ETH-27SEP19-520-C,218.3,116.01,0.014,212.0,0.018,200.0,122.07,0.14411,-0.12249,0.0274,0.00131,0.08094
218.61,SYN.ETH-2AUG19,1563533945111,open,0.0,0.001,0.071,0.031448,129.45,None,0.0,ETH-2AUG19-270-C,218.3,125.35,0.029,162.0,0.032,200.0,130.36,0.13212,-0.6163,0.01723,0.00562,0.23873
219.59,ETH-27SEP19,1563533945129,open,0.06,6148.0,0.023,0.107,0.064814,112.4,0.067,0.0,ETH-27SEP19-160-P,218.3,108.27,0.06,642.0,0.068,300.0,115.1,0.25803,-0.20752,-0.10579,0.00249,-0.18683
219.12,SYN.ETH-30AUG19,1563533945140,open,0.1,210.0,0.07,0.158,0.113692,119.59,0.105,0.0,ETH-30AUG19-200-P,218.3,116.6,0.11,196.0,0.117,160.0,122.27,0.27018,-0.38581,-0.11263,0.0041,-0.33434
218.61,SYN.ETH-2AUG19,1563533945159,open,22.0,0.04,0.119,0.079043,129.44,0.076,0.0,ETH-2AUG19-230-C,218.3,124.22,0.075,141.0,0.08,150.0,130.67,0.16956,-0.79088,0.03249,0.00721,0.47006
219.59,ETH-27SEP19,1563533945170,open,0.02,8191.0,0.001,0.059,0.018981,112.65,0.039,0.0,ETH-27SEP19-120-P,218.3,109.22,0.017,200.0,0.021,198.0,116.0,0.12965,-0.1045,-0.0376,0.00125,-0.07045
218.61,SYN.ETH-2AUG19,1563533945177,open,0.0,0.08,0.159,0.119884,130.14,None,0.0,ETH-2AUG19-210-C,218.3,124.94,0.116,143.0,0.121,150.0,131.63,0.16327,-0.76563,0.04092,0.00691,0.61224
218.48,SYN.ETH-26JUL19,1563533945208,open,0.0,0.0,0.001,0.041,0.00186,144.92,None,0.0,ETH-26JUL19-150-P,218.3,131.33,0.001,111.0,0.004,724.0,167.1,0.01652,-0.17406,-0.00104,0.00127,-0.0233
218.48,SYN.ETH-26JUL19,1563533945210,open,0.0,2013.0,0.001,0.044,0.003965,142.66,0.002,0.0,ETH-26JUL19-160-P,218.3,124.9,0.002,402.0,0.006,666.0,156.48,0.02874,-0.29818,-0.00204,0.00224,-0.04563
218.48,SYN.ETH-26JUL19,1563533945212,open,0.0,2013.0,0.001,0.044,0.003965,142.66,0.002,0.0,ETH-26JUL19-160-P,218.3,124.9,0.002,402.0,0.006,665.0,156.48,0.02874,-0.29818,-0.00204,0.00224,-0.04563
10508.64,BTC-27SEP19,1563533945225,open,0.03,382.9,0.0005,0.062,0.02219931,114.75,0.024,0.0,BTC-27SEP19-22000-C,10348.68,111.39,0.0195,13.0,0.024,47.0,116.88,8.7096,-7.15157,1.78915,4e-05,0.11113
219.59,ETH-27SEP19,1563533945221,open,0.13,3337.0,0.099,0.189,0.14407,112.29,0.228,0.0,ETH-27SEP19-200-P,218.3,107.84,0.137,532.0,0.149,300.0,115.4,0.34857,-0.28008,-0.19991,0.00336,-0.33147
218.48,SYN.ETH-26JUL19,1563533945229,open,0.01,1139.0,0.001,0.043,0.003498,132.56,0.003,0.0,ETH-26JUL19-300-C,218.3,120.08,0.002,101.0,0.004,22.0,136.01,0.03057,-0.29465,0.00188,0.00256,0.04927
218.48,SYN.ETH-26JUL19,1563533945245,open,0.06,53.0,0.011,0.09,0.050944,132.52,0.054,0.0,ETH-26JUL19-230-C,218.3,125.17,0.047,134.0,0.054,150.0,138.2,0.11745,-1.13189,0.01535,0.00986,0.42401
218.48,SYN.ETH-26JUL19,1563533945251,open,0.11,164.0,0.054,0.133,0.093109,134.4,0.095,0.0,ETH-26JUL19-210-C,218.3,126.53,0.089,134.0,0.096,28.0,139.93,0.11413,-1.11546,0.0217,0.00944,0.62049
10444.68,SYN.BTC-30AUG19,1563533945268,open,0.04,57.5,0.0005,0.075,0.03545902,117.69,0.0385,0.0,BTC-30AUG19-16000-C,10348.68,115.0,0.033,22.7,0.036,1.0,118.27,9.66181,-13.57693,1.87569,7e-05,0.19199
10444.68,SYN.BTC-30AUG19,1563533945270,open,0.04,57.5,0.0005,0.075,0.03545902,117.69,0.0385,0.0,BTC-30AUG19-16000-C,10348.68,115.0,0.033,32.7,0.036,1.0,118.27,9.66181,-13.57693,1.87569,7e-05,0.19199
10380.58,SYN.BTC-2AUG19,1563533945270,open,0.0,0.0005,0.0735,0.033938,124.6,None,0.0,BTC-2AUG19-12500-C,10348.68,120.71,0.0315,2.6,0.0355,24.0,127.06,6.56522,-29.47664,0.89215,0.00013,0.26001
10444.68,SYN.BTC-30AUG19,1563533945282,open,0.19,38.0,0.1325,0.212,0.17231475,114.2,0.1695,0.0,BTC-30AUG19-10000-C,10348.68,110.85,0.168,14.4,0.1765,13.0,117.44,13.46861,-18.36485,5.36642,9e-05,0.62015
10364.56,SYN.BTC-26JUL19,1563533945294,open,0.1,367.1,0.049,0.1285,0.08861372,129.6,0.087,0.0,BTC-26JUL19-10000-C,10348.68,126.53,0.087,2.1,0.092,4.0,136.05,5.44102,-51.28034,1.02614,0.00021,0.61418
10380.58,SYN.BTC-2AUG19,1563533945303,open,0.0,0.0005,0.0595,0.01992656,125.22,None,0.0,BTC-2AUG19-13500-C,10348.68,122.29,0.0185,2.7,0.021,24.0,127.38,5.12204,-23.11217,0.59229,0.0001,0.17002
10364.56,SYN.BTC-26JUL19,1563533945313,open,0.12,275.9,0.096,0.187,0.1416533,129.11,0.1415,0.0,BTC-26JUL19-11500-P,10348.68,116.14,0.1355,2.5,0.1485,9.2,143.03,5.0131,-47.06604,-1.62526,0.00019,-0.69078
10364.56,SYN.BTC-26JUL19,1563533945323,open,0.09,384.8,0.0635,0.1515,0.10742148,129.02,0.107,0.0,BTC-26JUL19-11000-P,10348.68,123.5,0.1045,2.0,0.11,2.2,133.86,5.50391,-51.63777,-1.37677,0.00021,-0.59774
10508.6,BTC-27SEP19,1563533945469,open,0.0,1657.1,0.0005,0.04,6.87e-05,145.0,0.0005,0.0,BTC-27SEP19-1500-P,10347.63,0.0,0.0,0.0,0.0005,10.4,175.9,0.05947,-0.06171,-0.00852,0.0,-0.00035
10607.41,BTC-27DEC19,1563533945470,open,3.77,1.0,3.7175,4.11,3.91374886,116.06,4.454,0.0,BTC-27DEC19-52000-P,10347.63,0.0,0.001,1.0,0.0,0.0,0.0,6.87591,-2.48031,-227.54822,1e-05,-0.95331
10607.41,BTC-27DEC19,1563533945470,open,3.41,0.0,3.358,3.7205,3.53939035,115.55,None,0.0,BTC-27DEC19-48000-P,10347.63,0.0,0.0005,3.0,0.0,0.0,0.0,8.0091,-2.87637,-209.58436,1e-05,-0.94344
10508.6,BTC-27SEP19,1563533945471,open,0.0,609.1,0.0005,0.041,0.00098336,123.75,0.002,0.0,BTC-27SEP19-3000-P,10347.63,114.01,0.0005,5.0,0.0015,20.3,130.97,0.6478,-0.57364,-0.11748,0.0,-0.00486
10380.44,SYN.BTC-2AUG19,1563533945468,open,0.0,0.1175,0.21,0.16368475,123.24,None,0.0,BTC-2AUG19-11500-P,10347.63,117.58,0.1595,2.5,0.1665,2.6,127.03,7.7048,-34.21707,-3.09348,0.00015,-0.62023
10607.41,BTC-27DEC19,1563533945495,open,1.27,0.0,1.237,1.423,1.33008207,108.94,None,0.0,BTC-27DEC19-24000-P,10347.63,0.0,0.0065,0.2,2.12,0.2,500.0,20.93072,-7.08705,-98.58375,4e-05,-0.77854
10364.42,SYN.BTC-26JUL19,1563533945499,open,0.02,777.7,0.0005,0.061,0.02052012,130.71,0.0215,0.0,BTC-26JUL19-9000-P,10347.63,129.32,0.02,0.1,0.022,10.3,134.65,3.86498,-36.7389,-0.41177,0.00015,-0.19038
10608.46,BTC-27DEC19,1563533945606,open,0.33,115.3,0.301,0.409,0.35512966,102.99,0.3215,0.0,BTC-27DEC19-12000-P,10347.63,100.27,0.348,6.1,0.362,11.4,105.62,27.7325,-8.87718,-36.98187,5e-05,-0.4358
10507.58,BTC-27SEP19,1563533945733,open,0.04,334.9,0.0005,0.082,0.04078355,107.78,0.037,0.0,BTC-27SEP19-7000-P,10347.63,103.23,0.0365,34.0,0.0405,9.5,107.48,10.04744,-7.74889,-3.56206,4e-05,-0.13629
218.48,SYN.ETH-26JUL19,1563533945770,open,0.06,2565.0,0.034,0.119,0.076106,132.25,0.056,0.0,ETH-26JUL19-220-P,218.3,128.4,0.074,118.0,0.08,1.0,139.38,0.11946,-1.14892,-0.02285,0.01005,-0.47907
218.61,SYN.ETH-2AUG19,1563533945779,open,33.0,0.058,0.137,0.097122,128.85,0.096,0.0,ETH-2AUG19-220-C,218.3,124.81,0.094,132.0,0.099,150.0,131.27,0.16919,-0.78552,0.0368,0.00723,0.53995
218.48,SYN.ETH-26JUL19,1563533945796,open,0.02,640.0,0.001,0.057,0.017905,132.55,0.016,0.0,ETH-26JUL19-260-C,218.3,124.61,0.015,384.0,0.019,33.0,135.43,0.08225,-0.79283,0.00722,0.0069,0.19338
10364.42,SYN.BTC-26JUL19,1563533945816,open,0.06,320.9,0.0065,0.086,0.04611254,129.02,0.047,0.0,BTC-26JUL19-11000-C,10347.63,125.98,0.0445,0.3,0.049,9.9,134.45,5.50376,-51.63953,0.69531,0.00021,0.40224
10380.44,SYN.BTC-2AUG19,1563533945830,open,0.2,0.013,0.097,0.05506188,122.91,0.053,0.0,BTC-2AUG19-9500-P,10347.63,119.19,0.0525,2.3,0.0575,24.0,126.43,7.16208,-31.71959,-1.44921,0.00014,-0.31218
10364.42,SYN.BTC-26JUL19,1563533945860,open,0.04,562.9,0.0115,0.0955,0.05344003,129.59,0.0525,0.0,BTC-26JUL19-10000-P,10347.63,125.9,0.0515,2.0,0.0545,0.1,131.61,5.44106,-51.2765,-0.85766,0.00021,-0.38584
10364.42,SYN.BTC-26JUL19,1563533945875,open,0.03,561.1,0.0005,0.0625,0.02278786,131.46,0.021,0.0,BTC-26JUL19-12000-C,10347.63,127.17,0.021,1.6,0.024,0.3,134.31,4.37321,-41.80645,0.41467,0.00016,0.23518
10380.44,SYN.BTC-2AUG19,1563533945883,open,0.1,0.0575,0.145,0.10110212,122.02,0.1015,0.0,BTC-2AUG19-10500-P,10347.63,116.73,0.097,2.6,0.1045,2.6,126.4,8.05411,-35.41275,-2.26067,0.00016,-0.47177
10380.44,SYN.BTC-2AUG19,1563533945891,open,1.0,0.0855,0.1755,0.13048506,122.36,0.1125,0.0,BTC-2AUG19-11000-P,10347.63,117.19,0.1265,2.5,0.134,2.6,126.91,8.01278,-35.32911,-2.68228,0.00016,-0.54923
10380.44,SYN.BTC-2AUG19,1563533945898,open,3.1,0.031,0.1105,0.07081445,122.38,0.065,0.0,BTC-2AUG19-11000-C,10347.63,118.08,0.0675,2.6,0.075,30.7,127.8,8.01284,-35.33502,1.49947,0.00016,0.45079
10380.44,SYN.BTC-2AUG19,1563533945904,open,3.1,0.031,0.1105,0.07081445,122.38,0.065,0.0,BTC-2AUG19-11000-C,10347.63,118.08,0.0675,12.6,0.075,30.7,127.8,8.01284,-35.33502,1.49947,0.00016,0.45079
10364.42,SYN.BTC-26JUL19,1563533945904,open,0.08,151.2,0.024,0.1035,0.06391584,127.65,0.063,0.0,BTC-26JUL19-10500-C,10347.63,124.15,0.062,20.2,0.0665,2.0,132.37,5.6745,-52.67633,0.86186,0.00022,0.50535
10380.44,SYN.BTC-2AUG19,1563533945911,open,0.0,0.1,0.1795,0.13989181,122.92,None,0.0,BTC-2AUG19-9500-C,10347.63,119.45,0.1375,2.7,0.144,2.2,128.86,7.16221,-31.72506,2.16216,0.00014,0.6878
10380.44,SYN.BTC-2AUG19,1563533945919,open,0.0,0.1315,0.211,0.17116356,123.59,None,0.0,BTC-2AUG19-9000-C,10347.63,119.98,0.169,2.6,0.1755,2.6,130.71,6.26348,-27.89362,2.33146,0.00012,0.76198
10380.44,SYN.BTC-2AUG19,1563533945974,open,0.2,0.013,0.097,0.05506188,122.91,0.053,0.0,BTC-2AUG19-9500-P,10347.63,119.19,0.0525,2.3,0.058,24.0,127.16,7.16208,-31.71959,-1.44921,0.00014,-0.31218
10380.44,SYN.BTC-2AUG19,1563533945989,open,10.0,0.033,0.1185,0.0757662,122.02,0.075,0.0,BTC-2AUG19-10000-P,10347.63,116.99,0.072,12.6,0.079,2.6,126.34,7.7728,-34.17633,-1.84319,0.00016,-0.39131
10608.46,BTC-27DEC19,1563533946007,open,0.47,17.7,0.437,0.5565,0.49663471,103.9,0.6235,0.0,BTC-27DEC19-14000-P,10347.63,100.83,0.4885,3.6,0.505,5.0,107.07,28.05106,-9.05837,-47.66673,5e-05,-0.52283
10444.52,SYN.BTC-30AUG19,1563533946043,open,0.08,53.0,0.041,0.127,0.08388687,114.19,0.09,0.0,BTC-30AUG19-9000-P,10347.63,110.79,0.08,22.5,0.0865,15.0,116.48,11.94065,-16.28064,-4.3789,8e-05,-0.28155
10380.44,SYN.BTC-2AUG19,1563533946077,open,0.0,0.1175,0.21,0.16369591,123.24,None,0.0,BTC-2AUG19-11500-P,10347.63,118.26,0.16,2.3,0.1665,2.6,127.03,7.7048,-34.21707,-3.09348,0.00015,-0.62023
10607.41,BTC-27DEC19,1563533946084,open,0.4,57.9,0.3675,0.481,0.42416117,103.38,0.386,0.0,BTC-27DEC19-13000-P,10347.63,100.52,0.4165,6.1,0.432,5.0,106.38,28.0635,-9.01721,-42.32949,5e-05,-0.48132
10444.52,SYN.BTC-30AUG19,1563533946088,open,0.17,17.0,0.139,0.233,0.18595159,114.58,0.1705,0.0,BTC-30AUG19-11000-P,10347.63,110.92,0.181,14.4,0.1905,3.4,117.97,14.0876,-19.27404,-7.93022,0.0001,-0.47586
10380.44,SYN.BTC-2AUG19,1563533946083,open,0.0,0.1175,0.21,0.16369591,123.24,None,0.0,BTC-2AUG19-11500-P,10347.63,118.26,0.16,2.3,0.1665,2.3,127.03,7.7048,-34.21707,-3.09348,0.00015,-0.62023
10508.6,BTC-27SEP19,1563533946100,open,0.2,112.5,0.1665,0.2635,0.21505451,107.8,0.2065,0.0,BTC-27SEP19-11000-P,10347.63,105.17,0.2105,5.0,0.22,2.5,110.66,18.16686,-14.01324,-13.27374,8e-05,-0.44475
10508.6,BTC-27SEP19,1563533946102,open,0.82,28.2,0.77,0.8495,0.80993178,139.34,0.755,0.0,BTC-27SEP19-2000-C,10347.63,0.0,0.804,8.0,0.8785,8.0,440.2,0.18836,-0.18781,3.7988,0.0,0.99876
10508.6,BTC-27SEP19,1563533946095,open,0.26,75.3,0.229,0.3305,0.2797606,108.62,0.275,0.0,BTC-27SEP19-12000-P,10347.63,105.32,0.274,5.0,0.285,7.5,111.63,18.32716,-14.24416,-16.02074,8e-05,-0.5166
10607.41,BTC-27DEC19,1563533946104,open,0.82,0.0,0.773,0.8525,0.81291661,113.85,None,0.0,BTC-27DEC19-2000-C,10347.63,0.0,0.806,8.0,0.8565,8.0,244.17,0.99368,-0.3516,8.51836,0.0,0.99514
10364.42,SYN.BTC-26JUL19,1563533946106,open,0.16,306.9,0.1335,0.2275,0.18059249,131.42,0.16,0.0,BTC-26JUL19-12000-P,10347.63,0.0,0.1365,2.5,0.2195,2.5,212.86,4.37239,-41.78645,-1.84596,0.00016,-0.7649
219.07,SYN.ETH-30AUG19,1563533946106,open,0.04,1419.0,0.001,0.069,0.029009,121.8,0.03,0.0,ETH-30AUG19-360-C,218.3,118.05,0.026,160.0,0.032,446.0,125.37,0.17996,-0.26171,0.03272,0.00268,0.15921
10508.6,BTC-27SEP19,1563533946105,open,0.06,456.6,0.0285,0.1135,0.07084338,107.8,0.058,0.0,BTC-27SEP19-8000-P,10347.63,104.72,0.067,0.1,0.0705,8.0,107.52,13.16884,-10.1576,-5.60532,6e-05,-0.20779
218.56,SYN.ETH-2AUG19,1563533946133,open,0.0,0.115,0.207,0.161346,129.21,None,0.0,ETH-2AUG19-240-P,218.3,126.1,0.159,143.0,0.169,151.0,139.31,0.16495,-0.76802,-0.06301,0.00703,-0.59699
