underlying_price,underlying_index,timestamp,state,settlement_price,open_interest,min_price,max_price,mark_price,mark_iv,last_price,interest_rate,instrument_name,index_price,bid_iv,best_bid_price,best_bid_amount,best_ask_price,best_ask_amount,ask_iv,vega,theta,rho,gamma,delta
176.87,SYN.ETH-13SEP19,1567508340051,open,0.0,600.0,0.001,0.011,0.00101,92.12,0.002,0.0,ETH-13SEP19-130-P,176.54,0.0,0.0,0.0,0.002,403.0,103.18,0.0126,-0.05875,-0.00089,0.00162,-0.01754
181.45,SYN.ETH-27MAR20,1567508340125,open,1.04,0.0,0.968,1.147,1.05685,89.3,None,0.0,ETH-27MAR20-360-P,176.54,0.0,0.0,0.0,1.074,3.0,96.31,0.42964,-0.09318,-1.85305,0.00259,-0.75369
176.64,SYN.ETH-6SEP19,1567508340135,open,0.03,424.0,0.01,0.071,0.039188,80.2,0.035,0.0,ETH-6SEP19-180-P,176.54,67.98,0.035,253.0,0.042,320.0,88.32,0.06092,-0.84948,-0.00877,0.0309,-0.59076
179.43,ETH-27DEC19,1567508340193,open,0.02,2899.0,0.006,0.031,0.016813,82.66,0.014,0.0,ETH-27DEC19-100-P,176.54,80.13,0.015,200.0,0.018,40.0,84.25,0.13183,-0.04743,-0.04777,0.00157,-0.06778
177.98,SYN.ETH-25OCT19,1567508340193,open,0.03,11.0,0.014,0.058,0.034427,82.32,0.045,0.0,ETH-25OCT19-140-P,176.54,79.82,0.032,462.0,0.037,3.0,84.93,0.17394,-0.13801,-0.05337,0.00469,-0.17657
176.64,SYN.ETH-6SEP19,1567508340206,open,0.0,5.0,0.001,0.011,8e-06,124.98,0.002,0.0,ETH-6SEP19-260-C,176.54,0.0,0.0,0.0,0.001,200.0,196.95,0.00017,-0.00147,0.0,6e-05,0.0003
179.43,ETH-27DEC19,1567508340212,open,0.0,3856.0,0.001,0.012,0.002582,104.32,0.003,0.0,ETH-27DEC19-760-C,176.54,94.11,0.001,655.0,0.004,340.0,110.05,0.0378,-0.01716,0.00693,0.00036,0.01485
10713.72,SYN.BTC-27MAR20,1567508340213,open,0.16,75.8,0.104,0.209,0.15782889,84.46,0.148,0.0,BTC-27MAR20-14000-C,10386.24,82.5,0.152,0.4,0.1605,10.0,85.36,31.92501,-6.54867,18.16041,6e-05,0.45835
179.43,ETH-27DEC19,1567508340214,open,0.09,3062.0,0.05,0.129,0.090018,84.94,0.083,0.0,ETH-27DEC19-240-C,176.54,82.53,0.085,240.0,0.094,200.0,86.84,0.37472,-0.13855,0.1496,0.00435,0.35492
177.33,ETH-27SEP19,1567508340214,open,0.02,1730.0,0.005,0.039,0.019745,84.03,0.024,0.0,ETH-27SEP19-220-C,176.54,81.43,0.018,606.0,0.022,131.0,87.27,0.12113,-0.21315,0.01919,0.00701,0.18516
177.33,ETH-27SEP19,1567508340218,open,0.0,6011.0,0.001,0.011,9e-06,125.0,0.002,0.0,ETH-27SEP19-600-C,176.54,0.0,0.0,0.0,0.001,499.0,179.25,0.00023,-0.0006,1e-05,1e-05,0.00013
177.33,ETH-27SEP19,1567508340218,open,0.01,1754.0,0.001,0.016,0.005515,89.87,0.006,0.0,ETH-27SEP19-260-C,176.54,84.49,0.004,880.0,0.007,380.0,94.4,0.05443,-0.10245,0.00639,0.00294,0.06058
177.33,ETH-27SEP19,1567508340218,open,0.68,850.0,0.643,0.749,0.693821,97.66,0.8,0.0,ETH-27SEP19-300-P,176.54,0.0,0.049,15.0,0.697,3.0,113.66,0.02547,-0.05209,-0.19371,0.00127,-0.97616
177.33,ETH-27SEP19,1567508340220,open,0.04,8205.0,0.016,0.066,0.039823,81.92,0.036,0.0,ETH-27SEP19-160-P,176.54,79.78,0.038,424.0,0.042,371.0,84.46,0.15153,-0.25997,-0.0366,0.00899,-0.27573
177.33,ETH-27SEP19,1567508340220,open,0.0,839.0,0.001,0.011,1.7e-05,125.0,0.001,0.0,ETH-27SEP19-60-P,176.54,0.0,0.0,0.0,0.001,200.0,184.68,0.00033,-0.00087,-2e-05,1e-05,-0.00019
179.43,ETH-27DEC19,1567508340224,open,0.0,2921.0,0.001,0.013,0.003498,97.82,0.002,0.0,ETH-27DEC19-640-C,176.54,91.35,0.002,250.0,0.005,500.0,102.59,0.04984,-0.02122,0.00962,0.0005,0.02053
177.33,ETH-27SEP19,1567508340224,open,0.0,11004.0,0.001,0.012,0.002242,82.98,0.001,0.0,ETH-27SEP19-120-P,176.54,72.86,0.001,450.0,0.003,260.0,87.5,0.02723,-0.04731,-0.00325,0.0016,-0.02581
177.33,ETH-27SEP19,1567508340242,open,0.35,2548.0,0.318,0.411,0.363519,86.56,0.404,0.0,ETH-27SEP19-240-P,176.54,0.0,0.053,5.0,0.365,3.0,89.66,0.08219,-0.149,-0.14604,0.00462,-0.89549
177.33,ETH-27SEP19,1567508340244,open,0.16,2789.0,0.124,0.209,0.167246,82.35,0.185,0.0,ETH-27SEP19-200-P,176.54,75.42,0.161,440.0,0.17,3.0,85.34,0.16232,-0.27992,-0.0982,0.00958,-0.67937
177.33,ETH-27SEP19,1567508340244,open,0.0,5439.0,0.001,0.011,0.000132,125.0,0.001,0.0,ETH-27SEP19-480-C,176.54,0.0,0.0,0.0,0.001,200.0,151.32,0.0023,-0.00602,0.00017,9e-05,0.00156
177.33,ETH-27SEP19,1567508340249,open,0.25,1771.0,0.215,0.306,0.26037,84.03,0.297,0.0,ETH-27SEP19-220-P,176.54,55.35,0.245,240.0,0.262,3.0,86.38,0.12113,-0.21315,-0.12472,0.00701,-0.81484
176.64,SYN.ETH-6SEP19,1567508340249,open,0.01,258.0,0.001,0.022,0.00611,81.32,0.005,0.0,ETH-6SEP19-190-C,176.54,71.01,0.004,431.0,0.008,360.0,89.5,0.03891,-0.55008,0.00221,0.01946,0.16492
177.33,ETH-27SEP19,1567508340251,open,0.0,3828.0,0.001,0.011,2.2e-05,125.0,0.001,0.0,ETH-27SEP19-560-C,176.54,0.0,0.0,0.0,0.001,299.0,170.72,0.00049,-0.00129,3e-05,2e-05,0.00029
177.33,ETH-27SEP19,1567508340251,open,0.79,607.0,0.753,0.864,0.806014,102.45,0.761,0.0,ETH-27SEP19-320-P,176.54,0.0,0.0,0.0,1.39,1.0,500.0,0.01905,-0.04088,-0.20753,0.0009,-0.98307
10713.72,SYN.BTC-27MAR20,1567508340252,open,0.12,108.9,0.0715,0.17,0.12069841,84.47,0.122,0.0,BTC-27MAR20-16000-C,10386.24,83.35,0.1175,0.4,0.122,2.9,84.93,30.54659,-6.26672,15.45129,6e-05,0.37639
179.43,ETH-27DEC19,1567508340255,open,2.32,0.0,2.248,2.459,2.348621,97.64,0.953,0.0,ETH-27DEC19-600-P,176.54,0.0,0.0,0.0,0.0,0.0,0.0,0.06237,-0.02651,-1.87588,0.00063,-0.97319
177.33,ETH-27SEP19,1567508340255,open,0.0,2907.0,0.001,0.011,0.000328,125.0,0.001,0.0,ETH-27SEP19-440-C,176.54,0.0,0.0,0.0,0.001,394.0,140.14,0.00495,-0.01296,0.00039,0.00019,0.00365
179.43,ETH-27DEC19,1567508340259,open,1.66,21.0,1.601,1.778,1.685274,94.0,0.629,0.0,ETH-27DEC19-480-P,176.54,0.0,0.001,7.0,0.0,0.0,0.0,0.11125,-0.04552,-1.48561,0.00117,-0.94545
179.43,ETH-27DEC19,1567508340261,open,1.45,0.0,1.386,1.555,1.466698,93.76,None,0.0,ETH-27DEC19-440-P,176.54,0.0,0.001,8.0,0.0,0.0,0.0,0.14192,-0.05792,-1.35085,0.00149,-0.92539
179.43,ETH-27DEC19,1567508340261,open,1.23,16.0,1.172,1.331,1.248288,91.49,1.195,0.0,ETH-27DEC19-400-P,176.54,0.0,0.001,8.0,0.0,0.0,0.0,0.1713,-0.06821,-1.2155,0.00185,-0.90412
177.33,ETH-27SEP19,1567508340261,open,0.33,89.0,0.303,0.347,0.325537,82.98,0.302,0.0,ETH-27SEP19-120-C,176.54,0.0,0.0,0.0,0.327,3.0,91.14,0.02723,-0.04731,0.07524,0.0016,0.97419
177.98,SYN.ETH-25OCT19,1567508340261,open,0.18,0.0,0.134,0.209,0.174176,82.19,None,0.0,ETH-25OCT19-160-C,176.54,77.53,0.168,336.0,0.18,240.0,86.56,0.23639,-0.18726,0.13072,0.00639,0.69096
179.43,ETH-27DEC19,1567508340279,open,0.04,7314.0,0.018,0.064,0.039747,82.65,0.037,0.0,ETH-27DEC19-120-P,176.54,79.55,0.036,477.0,0.041,40.0,83.67,0.21943,-0.07894,-0.09913,0.00262,-0.13579
177.33,ETH-27SEP19,1567508340279,open,0.0,5974.0,0.001,0.011,0.001869,112.54,0.001,0.0,ETH-27SEP19-100-P,176.54,0.0,0.0,0.0,0.001,200.0,102.55,0.01856,-0.04374,-0.00212,0.0008,-0.01642
179.43,ETH-27DEC19,1567508340289,open,0.01,3347.0,0.001,0.014,0.004698,97.64,0.003,0.0,ETH-27DEC19-600-C,176.54,92.0,0.003,200.0,0.007,540.0,103.42,0.06237,-0.02651,0.01249,0.00063,0.02681
177.33,ETH-27SEP19,1567508340289,open,0.0,2060.0,0.001,0.011,0.000439,125.0,0.003,0.0,ETH-27SEP19-80-P,176.54,0.0,0.0,0.0,0.001,210.0,138.44,0.00541,-0.01416,-0.00052,0.00021,-0.00403
179.43,ETH-27DEC19,1567508340289,open,2.1,0.0,2.032,2.23,2.126703,95.87,0.845,0.0,ETH-27DEC19-560-P,176.54,0.0,0.0,0.0,0.0,0.0,0.0,0.0729,-0.03042,-1.74743,0.00075,-0.96765
177.33,ETH-27SEP19,1567508340291,open,0.14,497.0,0.102,0.169,0.137517,81.89,0.132,0.0,ETH-27SEP19-160-C,176.54,76.56,0.133,32.0,0.141,272.0,85.94,0.15151,-0.25982,0.06807,0.009,0.72433
177.33,ETH-27SEP19,1567508340298,open,0.0,5728.0,0.001,0.011,0.000595,120.57,0.001,0.0,ETH-27SEP19-400-C,176.54,0.0,0.0,0.0,0.001,309.0,127.69,0.00828,-0.02091,0.00069,0.00033,0.0065
179.43,ETH-27DEC19,1567508340298,open,1.02,257.0,0.96,1.111,1.032797,89.66,0.947,0.0,ETH-27DEC19-360-P,176.54,0.0,0.008,4.0,1.59,1.0,367.18,0.2114,-0.0825,-1.07531,0.00233,-0.87136
179.43,ETH-27DEC19,1567508340315,open,0.15,1137.0,0.095,0.184,0.142833,83.15,0.136,0.0,ETH-27DEC19-200-C,176.54,80.55,0.137,203.0,0.148,440.0,85.46,0.40158,-0.14534,0.20183,0.00477,0.50023
177.33,ETH-27SEP19,1567508340315,open,0.01,3675.0,0.001,0.024,0.01011,86.56,0.013,0.0,ETH-27SEP19-240-C,176.54,81.76,0.008,880.0,0.012,360.0,90.48,0.08219,-0.149,0.01095,0.00462,0.10451
177.33,ETH-27SEP19,1567508340315,open,0.0,2698.0,0.001,0.011,1e-06,125.0,0.001,0.0,ETH-27SEP19-720-C,176.54,0.0,0.0,0.0,0.001,422.0,201.38,2e-05,-6e-05,0.0,0.0,1e-05
179.43,ETH-27DEC19,1567508340315,open,0.61,432.0,0.549,0.686,0.617955,86.23,0.66,0.0,ETH-27DEC19-280-P,176.54,59.49,0.578,240.0,0.624,3.0,89.58,0.31911,-0.11976,-0.77315,0.00365,-0.75113
177.33,ETH-27SEP19,1567508340315,open,0.57,727.0,0.534,0.635,0.582407,94.52,0.634,0.0,ETH-27SEP19-280-P,176.54,0.0,0.002,20.0,0.584,3.0,101.14,0.03786,-0.07494,-0.17909,0.00195,-0.96153
177.33,ETH-27SEP19,1567508340315,open,3.25,0.0,3.162,3.418,3.286037,182.86,None,0.0,ETH-27SEP19-760-P,176.54,0.0,0.0,0.0,0.0,0.0,0.0,0.00288,-0.01102,-0.49693,8e-05,-0.998
177.33,ETH-27SEP19,1567508340317,open,0.46,1241.0,0.425,0.522,0.471708,89.87,0.519,0.0,ETH-27SEP19-260-P,176.54,0.0,0.007,15.0,0.473,3.0,93.84,0.05443,-0.10245,-0.16369,0.00294,-0.93942
177.33,ETH-27SEP19,1567508340317,open,1.68,0.0,1.628,1.79,1.70695,125.0,None,0.0,ETH-27SEP19-480-P,176.54,0.0,0.0,0.0,0.0,0.0,0.0,0.0023,-0.00602,-0.31382,9e-05,-0.99844
179.43,ETH-27DEC19,1567508340317,open,0.01,2473.0,0.001,0.016,0.005707,95.86,0.004,0.0,ETH-27DEC19-560-C,176.54,91.17,0.004,200.0,0.008,540.0,100.91,0.07289,-0.03041,0.01504,0.00075,0.03235
179.43,ETH-27DEC19,1567508340317,open,0.01,2883.0,0.001,0.02,0.00761,95.09,0.005,0.0,ETH-27DEC19-520-C,176.54,91.65,0.006,210.0,0.009,200.0,97.72,0.09027,-0.03736,0.01943,0.00094,0.04201
179.43,ETH-27DEC19,1567508340320,open,0.24,130.0,0.185,0.273,0.232702,82.64,0.207,0.0,ETH-27DEC19-160-C,176.54,77.78,0.223,24.0,0.237,24.0,84.79,0.35805,-0.12879,0.25488,0.00428,0.68404
177.33,ETH-27SEP19,1567508340320,open,0.0,3796.0,0.001,0.012,0.002059,97.66,0.002,0.0,ETH-27SEP19-300-C,176.54,88.47,0.001,360.0,0.003,160.0,103.43,0.02547,-0.05209,0.00253,0.00127,0.02384
179.43,ETH-27DEC19,1567508340325,open,0.0,2613.0,0.001,0.012,0.002586,101.17,0.002,0.0,ETH-27DEC19-720-C,176.54,91.17,0.001,250.0,0.004,300.0,106.78,0.03861,-0.017,0.00714,0.00038,0.01522
179.43,ETH-27DEC19,1567508340325,open,3.2,0.0,3.113,3.374,3.238217,104.32,None,0.0,ETH-27DEC19-760-P,176.54,0.0,0.0,0.0,0.0,0.0,0.0,0.0378,-0.01716,-2.385,0.00036,-0.98515
181.45,SYN.ETH-27MAR20,1567508340328,open,1.25,0.0,1.17,1.357,1.261969,89.94,None,0.0,ETH-27MAR20-400-P,176.54,0.0,0.001,10.0,1.285,3.0,100.14,0.38445,-0.08398,-2.10776,0.0023,-0.79744
179.43,ETH-27DEC19,1567508340331,open,0.07,13.0,0.042,0.109,0.075614,82.66,0.074,0.0,ETH-27DEC19-140-P,176.54,80.49,0.072,200.0,0.077,32.0,83.49,0.29925,-0.10767,-0.16782,0.00357,-0.22155
179.43,ETH-27DEC19,1567508340397,open,0.19,495.0,0.133,0.223,0.182024,82.64,0.182,0.0,ETH-27DEC19-180-C,176.54,80.34,0.177,183.0,0.187,240.0,84.92,0.39155,-0.14084,0.22983,0.00468,0.589
181.45,SYN.ETH-27MAR20,1567508340410,open,0.05,20.0,0.018,0.079,0.045777,90.39,0.043,0.0,ETH-27MAR20-440-C,176.54,87.79,0.041,292.0,0.05,32.0,92.59,0.34115,-0.07489,0.12424,0.00203,0.16717
176.64,SYN.ETH-6SEP19,1567508340433,open,0.27,0.0,0.242,0.286,0.26406,117.02,None,0.0,ETH-6SEP19-130-C,176.54,0.0,0.0,0.0,0.0,0.0,0.0,0.00069,-0.014,0.01022,0.00024,0.99866
10498.04,SYN.BTC-25OCT19,1567508340437,open,0.1,9.2,0.061,0.131,0.09618344,80.96,0.1085,0.0,BTC-25OCT19-10000-P,10386.24,79.44,0.094,0.4,0.0975,4.6,81.88,15.03959,-11.73606,-7.06868,0.00012,-0.37758
10455.31,BTC-27SEP19,1567508340453,open,0.22,0.0,0.187,0.26,0.22305026,85.09,None,0.0,BTC-27SEP19-12500-P,10386.24,77.88,0.2175,8.6,0.228,14.6,91.22,8.27974,-14.75416,-6.73509,0.00014,-0.76175
10594.18,BTC-27DEC19,1567508340455,open,0.15,397.7,0.103,0.1915,0.14781645,80.89,0.15,0.0,BTC-27DEC19-10000-P,10386.24,79.08,0.144,7.5,0.15,5.3,81.93,22.26989,-7.84114,-16.98647,8e-05,-0.36163
179.43,ETH-27DEC19,1567508340464,open,0.18,102.0,0.133,0.234,0.185257,82.67,0.18,0.0,ETH-27DEC19-180-P,176.54,80.72,0.181,141.0,0.191,243.0,85.3,0.39154,-0.14088,-0.3367,0.00467,-0.41097
177.98,SYN.ETH-25OCT19,1567508340478,open,0.12,104.0,0.087,0.171,0.129617,82.21,0.126,0.0,ETH-25OCT19-180-P,176.54,79.12,0.125,137.0,0.134,3.0,85.15,0.2658,-0.21061,-0.14733,0.00718,-0.45284
181.45,SYN.ETH-27MAR20,1567508340483,open,1.45,0.0,1.376,1.57,1.470767,90.46,None,0.0,ETH-27MAR20-440-P,176.54,0.0,0.002,10.0,0.0,0.0,0.0,0.34158,-0.07504,-2.35735,0.00203,-0.8325
10455.33,BTC-27SEP19,1567508340493,open,0.91,0.0,0.8755,0.9555,0.91385591,104.78,0.691,0.0,BTC-27SEP19-20000-P,10386.24,0.0,0.897,1.1,0.9315,1.1,172.07,0.78169,-1.71531,-13.01297,1e-05,-0.98888
10455.33,BTC-27SEP19,1567508340497,open,0.26,38.1,0.2285,0.3005,0.26349868,85.09,0.26,0.0,BTC-27SEP19-13000-P,10386.24,77.45,0.2585,7.2,0.2685,5.0,92.13,7.16536,-12.76813,-7.36806,0.00012,-0.81385
10713.72,SYN.BTC-27MAR20,1567508340506,open,0.2,86.2,0.147,0.2515,0.20021558,81.38,0.208,0.0,BTC-27MAR20-10000-P,10386.24,79.85,0.196,4.9,0.2055,10.0,83.31,29.40991,-5.81285,-32.51399,6e-05,-0.33783
10713.69,SYN.BTC-27MAR20,1567508340508,open,0.62,0.4,0.5445,0.683,0.61411035,84.47,0.5625,0.0,BTC-27MAR20-16000-P,10386.24,80.01,0.6015,3.0,0.6265,5.9,88.79,30.54631,-6.26656,-74.79581,6e-05,-0.62362
10594.18,BTC-27DEC19,1567508340510,open,0.92,5.7,0.863,0.977,0.91734349,86.78,0.661,0.0,BTC-27DEC19-20000-P,10386.24,68.52,0.8985,1.1,0.935,1.1,99.27,13.49421,-5.09702,-59.1224,4e-05,-0.85583
10455.31,BTC-27SEP19,1567508340530,open,0.72,1.0,0.688,0.7615,0.72303564,95.06,0.575,0.0,BTC-27SEP19-18000-P,10386.24,0.0,0.708,1.1,0.74,1.1,151.65,1.14475,-2.27897,-11.66556,2e-05,-0.98269
179.43,ETH-27DEC19,1567508340532,open,0.12,793.0,0.069,0.153,0.113073,84.06,0.121,0.0,ETH-27DEC19-220-C,176.54,81.74,0.108,222.0,0.117,200.0,85.84,0.3939,-0.14411,0.17452,0.00462,0.42211
177.98,SYN.ETH-25OCT19,1567508340547,open,0.08,2.0,0.044,0.112,0.07883,82.8,0.066,0.0,ETH-25OCT19-200-C,176.54,80.18,0.075,211.0,0.081,200.0,84.27,0.26141,-0.20861,0.08474,0.00701,0.41383
10594.18,BTC-27DEC19,1567508340552,open,0.74,12.4,0.6855,0.799,0.74035576,85.26,0.559,0.0,BTC-27DEC19-18000-P,10386.24,71.94,0.722,1.1,0.7565,1.1,95.16,16.2527,-6.03106,-51.61324,5e-05,-0.8076
181.45,SYN.ETH-27MAR20,1567508340558,open,0.04,73.0,0.013,0.067,0.036855,90.83,0.035,0.0,ETH-27MAR20-480-C,176.54,87.82,0.032,539.0,0.041,40.0,93.26,0.30182,-0.06658,0.10452,0.00179,0.13898
10455.33,BTC-27SEP19,1567508340571,open,0.53,34.4,0.501,0.57,0.53368323,88.99,0.396,0.0,BTC-27SEP19-16000-P,10386.24,0.0,0.5205,1.1,0.5495,1.1,129.66,2.28458,-4.25758,-10.2183,4e-05,-0.96042
10414.81,SYN.BTC-13SEP19,1567508340571,open,0.01,216.6,0.0005,0.0155,0.00440987,88.05,0.0035,0.0,BTC-13SEP19-13000-C,10386.24,81.19,0.003,5.7,0.0045,30.0,88.45,2.35942,-10.51808,0.19147,9e-05,0.07236
10594.2,BTC-27DEC19,1567508340591,open,0.57,23.1,0.5155,0.629,0.57148339,84.74,0.715,0.0,BTC-27DEC19-16000-P,10386.24,73.24,0.5515,1.1,0.584,1.1,91.39,19.44823,-7.17301,-43.57895,6e-05,-0.73551
10414.81,SYN.BTC-13SEP19,1567508340610,open,0.19,0.1,0.168,0.208,0.1876828,83.61,0.1275,0.0,BTC-13SEP19-8500-C,10386.24,65.8,0.185,16.0,0.1915,0.4,99.67,2.06879,-8.75766,2.11698,8e-05,0.93894
10394.59,SYN.BTC-6SEP19,1567508340611,open,0.3,0.0,0.2735,0.3275,0.29903233,119.99,None,0.0,BTC-6SEP19-13500-P,10386.24,0.0,0.2835,1.1,0.309,1.1,225.67,0.20603,-4.29824,-1.05715,2e-05,-0.99183
177.98,SYN.ETH-25OCT19,1567508340610,open,0.2,210.0,0.153,0.25,0.202639,82.84,0.207,0.0,ETH-25OCT19-200-P,176.54,78.3,0.196,96.0,0.207,2.0,85.8,0.26142,-0.20873,-0.1995,0.00701,-0.58606
10455.31,BTC-27SEP19,1567508340636,open,0.35,54.0,0.3165,0.386,0.34962862,85.38,0.466,0.0,BTC-27SEP19-14000-P,10386.24,0.0,0.339,4.0,0.3645,5.1,110.58,5.02027,-8.97608,-8.47953,8e-05,-0.89024
181.45,SYN.ETH-27MAR20,1567508340641,open,1.66,0.0,1.585,1.786,1.682299,90.92,None,0.0,ETH-27MAR20-480-P,176.54,0.0,0.003,10.0,0.0,0.0,0.0,0.30238,-0.06677,-2.60264,0.00179,-0.86064
10394.59,SYN.BTC-6SEP19,1567508340655,open,0.25,0.0,0.2265,0.2795,0.25118526,113.94,None,0.0,BTC-6SEP19-13000-P,10386.24,0.0,0.236,1.1,0.2605,1.1,200.22,0.35644,-7.06167,-1.01209,4e-05,-0.98465
177.98,SYN.ETH-25OCT19,1567508340665,open,0.12,104.0,0.087,0.171,0.129584,82.21,0.126,0.0,ETH-25OCT19-180-P,176.54,79.12,0.125,137.0,0.134,203.0,85.15,0.2658,-0.21061,-0.14733,0.00718,-0.45284
179.42,ETH-27DEC19,1567508340689,open,0.07,2.0,0.036,0.108,0.071673,85.58,0.064,0.0,ETH-27DEC19-260-C,176.54,83.15,0.067,287.0,0.076,443.0,87.79,0.34846,-0.1298,0.12733,0.00402,0.29716
177.97,SYN.ETH-25OCT19,1567508340689,open,0.05,2.0,0.024,0.081,0.051952,83.52,0.047,0.0,ETH-25OCT19-220-C,176.54,80.5,0.048,465.0,0.055,200.0,85.82,0.2343,-0.18862,0.06348,0.00623,0.30294
10414.87,SYN.BTC-13SEP19,1567508340692,open,0.06,26.0,0.029,0.0855,0.05703979,80.27,0.0565,0.0,BTC-13SEP19-10500-P,10386.24,77.16,0.055,4.4,0.059,5.2,83.26,6.83435,-27.77456,-1.56479,0.00029,-0.49826
10713.69,SYN.BTC-27MAR20,1567508340705,open,0.1,23.0,0.051,0.1425,0.09546864,85.42,0.0995,0.0,BTC-27MAR20-18000-C,10386.24,84.11,0.092,0.4,0.098,13.3,86.37,28.49601,-5.91146,13.13088,5e-05,0.31276
10394.59,SYN.BTC-6SEP19,1567508340708,open,0.09,286.3,0.068,0.113,0.09036296,86.16,0.0925,0.0,BTC-6SEP19-9500-C,10386.24,77.47,0.089,6.0,0.0925,0.4,97.78,1.75966,-26.36246,0.65306,0.00024,0.8878
10394.59,SYN.BTC-6SEP19,1567508340719,open,0.02,350.7,0.004,0.045,0.02284903,77.63,0.021,0.0,BTC-6SEP19-10500-C,10386.24,76.64,0.0225,5.7,0.0235,0.1,79.48,3.6578,-49.37324,0.35426,0.00055,0.45542
10394.59,SYN.BTC-6SEP19,1567508340729,open,0.01,220.2,0.0005,0.0255,0.00863394,79.29,0.008,0.0,BTC-6SEP19-11000-C,10386.24,74.91,0.0075,32.7,0.008,5.5,76.86,2.73835,-37.75333,0.17384,0.00041,0.22091
10414.87,SYN.BTC-13SEP19,1567508340743,open,0.02,279.4,0.004,0.0395,0.01913977,82.16,0.019,0.0,BTC-13SEP19-11500-C,10386.24,79.97,0.018,17.2,0.019,0.1,81.89,5.47555,-22.77565,0.6583,0.00023,0.25275
10394.56,SYN.BTC-6SEP19,1567508340744,open,0.18,51.6,0.166,0.2015,0.18296252,111.59,0.183,0.0,BTC-6SEP19-8500-C,10386.24,0.0,0.1805,10.4,0.187,0.4,161.74,0.42225,-8.19254,0.65378,4e-05,0.98128
10414.81,SYN.BTC-13SEP19,1567508340752,open,0.0,102.4,0.0005,0.0115,0.00153215,86.33,0.0025,0.0,BTC-13SEP19-8000-P,10386.24,80.44,0.001,18.7,0.002,30.0,90.55,1.06429,-4.65199,-0.0801,4e-05,-0.02689
10498.12,SYN.BTC-25OCT19,1567508340753,open,0.2,0.0,0.164,0.2295,0.1981196,81.16,None,0.0,BTC-25OCT19-9000-C,10386.24,80.64,0.1975,4.5,0.2025,5.0,84.75,12.73057,-9.95826,8.14713,0.0001,0.74416
179.42,ETH-27DEC19,1567508340772,open,0.51,0.0,0.453,0.587,0.520719,85.54,None,0.0,ETH-27DEC19-260-P,176.54,65.55,0.485,240.0,0.526,3.0,88.24,0.34838,-0.12972,-0.69101,0.00402,-0.70299
177.97,SYN.ETH-25OCT19,1567508340774,open,0.28,0.0,0.236,0.339,0.288142,83.52,None,0.0,ETH-25OCT19-220-P,176.54,0.0,0.0,0.0,0.292,3.0,86.43,0.2343,-0.18862,-0.24919,0.00623,-0.69706
10594.2,BTC-27DEC19,1567508340777,open,0.01,155.2,0.0005,0.024,0.00903574,91.31,0.009,0.0,BTC-27DEC19-28000-C,10386.24,89.46,0.008,3.4,0.01,29.0,92.91,6.16602,-2.45044,1.37824,2e-05,0.05037
10394.59,SYN.BTC-6SEP19,1567508340779,open,0.01,382.1,0.0005,0.0175,0.00429993,86.16,0.0045,0.0,BTC-6SEP19-9500-P,10386.24,84.37,0.004,0.1,0.005,12.1,90.17,1.75963,-26.36168,-0.0954,0.00024,-0.1122
176.63,SYN.ETH-6SEP19,1567508340787,open,0.18,0.0,0.155,0.228,0.189799,99.3,None,0.0,ETH-6SEP19-210-P,176.54,0.0,0.0,0.0,0.0,0.0,0.0,0.00992,-0.17129,-0.01618,0.00406,-0.97251
10414.87,SYN.BTC-13SEP19,1567508340788,open,0.03,285.8,0.01,0.055,0.03124005,81.33,0.035,0.0,BTC-13SEP19-11000-C,10386.24,79.32,0.03,11.0,0.0325,0.2,83.36,6.4468,-26.54475,0.94411,0.00027,0.36628
10394.56,SYN.BTC-6SEP19,1567508340809,open,0.0,274.8,0.0005,0.0145,0.00307749,83.39,0.0025,0.0,BTC-6SEP19-11500-C,10386.24,79.25,0.0025,54.2,0.003,17.0,82.85,1.5231,-22.0828,0.07284,0.00021,0.09202
181.44,SYN.ETH-27MAR20,1567508340809,open,1.87,0.0,1.795,2.005,1.895972,91.32,None,0.0,ETH-27MAR20-520-P,176.54,0.0,0.005,10.0,0.0,0.0,0.0,0.26707,-0.05923,-2.8445,0.00157,-0.88342
10594.18,BTC-27DEC19,1567508340816,open,0.27,69.8,0.213,0.3175,0.26645635,81.63,0.2675,0.0,BTC-27DEC19-12000-P,10386.24,78.97,0.2605,7.0,0.271,3.6,83.67,23.68873,-8.41686,-26.12879,8e-05,-0.51719
10498.04,SYN.BTC-25OCT19,1567508340813,open,0.14,27.0,0.107,0.1775,0.14363236,80.97,0.144,0.0,BTC-25OCT19-10000-C,10386.24,79.13,0.141,4.7,0.147,5.0,83.32,15.03959,-11.73685,7.14372,0.00012,0.62242
10394.56,SYN.BTC-6SEP19,1567508340819,open,0.05,497.6,0.025,0.074,0.05040919,78.73,0.0485,0.0,BTC-6SEP19-10000-C,10386.24,80.71,0.051,4.3,0.0545,0.4,92.16,3.09517,-42.36873,0.54997,0.00046,0.72197
10414.81,SYN.BTC-13SEP19,1567508340841,open,0.19,0.1,0.168,0.208,0.18767872,83.61,0.1275,0.0,BTC-13SEP19-8500-C,10386.24,70.19,0.1855,10.0,0.1915,0.4,99.67,2.06879,-8.75766,2.11698,8e-05,0.93894
10394.59,SYN.BTC-6SEP19,1567508340843,open,0.01,244.3,0.001,0.0315,0.01244819,78.72,0.0145,0.0,BTC-6SEP19-10000-P,10386.24,77.21,0.012,4.2,0.0135,0.1,82.23,3.09501,-42.36277,-0.23786,0.00046,-0.278
177.97,SYN.ETH-25OCT19,1567508340843,open,0.02,373.0,0.004,0.033,0.015469,86.88,0.014,0.0,ETH-25OCT19-280-C,176.54,83.28,0.013,520.0,0.018,520.0,90.3,0.12719,-0.10651,0.02423,0.00325,0.11126
179.42,ETH-27DEC19,1567508340846,open,0.05,7.0,0.019,0.077,0.046182,86.76,0.044,0.0,ETH-27DEC19-300-C,176.54,85.4,0.044,279.0,0.047,3.0,87.27,0.28862,-0.10899,0.09148,0.00328,0.20819
177.97,SYN.ETH-25OCT19,1567508340852,open,0.04,34.0,0.013,0.059,0.0341,84.3,0.037,0.0,ETH-25OCT19-240-C,176.54,81.46,0.031,619.0,0.037,3.0,86.89,0.19715,-0.16019,0.04629,0.0052,0.2171
181.44,SYN.ETH-27MAR20,1567508340894,open,0.03,324.0,0.007,0.05,0.024655,91.68,0.03,0.0,ETH-27MAR20-560-C,176.54,88.74,0.021,200.0,0.028,40.0,94.17,0.23579,-0.0525,0.07515,0.00139,0.09808
10414.87,SYN.BTC-13SEP19,1567508340903,open,0.09,1.5,0.056,0.118,0.08742256,81.32,0.0875,0.0,BTC-13SEP19-11000-P,10386.24,72.48,0.082,6.0,0.0885,18.0,83.06,6.44673,-26.5428,-2.03215,0.00027,-0.63373
177.97,SYN.ETH-25OCT19,1567508340922,open,0.37,0.0,0.329,0.436,0.382671,84.3,None,0.0,ETH-25OCT19-240-P,176.54,0.0,0.0,0.0,0.386,3.0,87.27,0.19715,-0.16019,-0.29481,0.0052,-0.7829
179.42,ETH-27DEC19,1567508340934,open,0.71,0.0,0.649,0.789,0.718144,86.71,None,0.0,ETH-27DEC19-300-P,176.54,0.0,0.0,0.0,0.0,0.0,0.0,0.28841,-0.10884,-0.85279,0.00328,-0.79206
177.97,SYN.ETH-25OCT19,1567508340948,open,0.58,0.0,0.534,0.646,0.588801,86.88,None,0.0,ETH-25OCT19-280-P,176.54,0.0,0.0,0.0,0.592,3.0,91.16,0.12719,-0.10651,-0.37372,0.00325,-0.88874
181.44,SYN.ETH-27MAR20,1567508340974,open,2.09,0.0,2.006,2.225,2.111006,91.68,None,0.0,ETH-27MAR20-560-P,176.54,0.0,0.01,10.0,0.0,0.0,0.0,0.23579,-0.0525,-3.08349,0.00139,-0.90192
179.42,ETH-27DEC19,1567508341013,open,0.03,493.0,0.01,0.055,0.030004,87.51,0.029,0.0,ETH-27DEC19-340-C,176.54,85.92,0.028,756.0,0.03,3.0,87.51,0.22979,-0.08753,0.06514,0.00259,0.14535
10594.2,BTC-27DEC19,1567508341041,open,0.1,575.8,0.0635,0.139,0.10115761,80.9,0.0985,0.0,BTC-27DEC19-9000-P,10386.24,79.22,0.098,4.1,0.102,0.4,81.34,19.96694,-7.03032,-12.67056,7e-05,-0.27885
176.63,SYN.ETH-6SEP19,1567508341042,open,0.24,0.0,0.21,0.286,0.246027,111.54,None,0.0,ETH-6SEP19-220-P,176.54,0.0,0.0,0.0,0.0,0.0,0.0,0.00596,-0.11563,-0.01713,0.00217,-0.98493
177.97,SYN.ETH-25OCT19,1567508341069,open,0.47,0.0,0.43,0.539,0.48315,84.88,None,0.0,ETH-25OCT19-260-P,176.54,0.0,0.0,0.0,0.487,3.0,89.07,0.15834,-0.12954,-0.3365,0.00414,-0.84724
181.44,SYN.ETH-27MAR20,1567508341072,open,0.02,1195.0,0.006,0.043,0.020579,92.19,0.021,0.0,ETH-27MAR20-600-C,176.54,88.92,0.017,200.0,0.024,240.0,95.03,0.20942,-0.04689,0.0645,0.00122,0.0836
179.42,ETH-27DEC19,1567508341081,open,0.91,0.0,0.854,1.0,0.924894,87.43,None,0.0,ETH-27DEC19-340-P,176.54,0.0,0.0,0.0,0.0,0.0,0.0,0.22944,-0.08731,-1.00507,0.00259,-0.85498
10414.78,SYN.BTC-13SEP19,1567508341107,open,0.0,66.0,0.0005,0.0135,0.00382388,83.59,0.0045,0.0,BTC-13SEP19-8500-P,10386.24,81.92,0.0035,4.4,0.0045,2.8,86.86,2.0676,-8.75017,-0.1827,8e-05,-0.06101
10414.81,SYN.BTC-13SEP19,1567508341119,open,0.19,0.1,0.168,0.208,0.18767872,83.61,0.1275,0.0,BTC-13SEP19-8500-C,10386.24,70.19,0.1855,10.0,0.1925,16.0,103.22,2.06879,-8.75766,2.11698,8e-05,0.93894
10713.68,SYN.BTC-27MAR20,1567508341133,open,0.36,17.0,0.3155,0.3985,0.35890763,81.38,0.3625,0.0,BTC-27MAR20-8000-C,10386.24,78.92,0.3535,0.4,0.3785,7.0,90.22,23.61632,-4.66779,25.64753,4e-05,0.78333
10455.33,BTC-27SEP19,1567508341137,open,0.02,1.6,0.0055,0.036,0.01805605,85.44,0.017,0.0,BTC-27SEP19-8500-P,10386.24,83.61,0.017,23.9,0.0195,30.0,87.88,6.10338,-10.92008,-1.11724,0.0001,-0.1453
10455.23,BTC-27SEP19,1567508341149,open,0.21,0.0,0.1795,0.23,0.20507358,85.45,None,0.0,BTC-27SEP19-8500-C,10386.24,83.59,0.204,5.5,0.2075,11.9,89.52,6.10444,-10.92367,4.44253,0.0001,0.85466
10455.33,BTC-27SEP19,1567508341148,open,0.06,551.5,0.034,0.092,0.062712,82.99,0.0635,0.0,BTC-27SEP19-10000-P,10386.24,81.23,0.061,5.4,0.0655,17.9,85.86,10.14866,-17.63779,-3.00063,0.00017,-0.37604
10455.33,BTC-27SEP19,1567508341159,open,0.17,473.0,0.139,0.195,0.16797155,84.38,0.168,0.0,BTC-27SEP19-9000-C,10386.24,83.74,0.1675,4.2,0.1705,6.0,87.76,7.73145,-13.66234,4.24621,0.00013,0.78885
176.86,SYN.ETH-13SEP19,1567508341169,open,0.03,393.0,0.006,0.049,0.025662,80.92,0.034,0.0,ETH-13SEP19-190-C,176.54,76.34,0.023,200.0,0.028,360.0,84.87,0.10384,-0.42541,0.01402,0.01516,0.31855
10594.22,BTC-27DEC19,1567508341176,open,0.07,435.3,0.0375,0.111,0.07303554,83.56,0.075,0.0,BTC-27DEC19-15000-C,10386.24,82.01,0.07,30.1,0.0755,0.4,84.8,20.8462,-7.58134,7.76487,7e-05,0.30591
181.44,SYN.ETH-27MAR20,1567508341176,open,2.3,0.0,2.218,2.446,2.327384,92.19,None,0.0,ETH-27MAR20-600-P,176.54,0.0,0.02,10.0,0.0,0.0,0.0,0.20942,-0.04689,-3.31976,0.00122,-0.9164
10455.33,BTC-27SEP19,1567508341181,open,0.14,0.0,0.1035,0.163,0.13449378,83.12,None,0.0,BTC-27SEP19-9500-C,10386.24,81.97,0.1335,4.6,0.1375,10.3,86.54,9.1348,-15.90004,3.94449,0.00015,0.71125
10594.22,BTC-27DEC19,1567508341190,open,0.45,122.9,0.4305,0.474,0.45165051,82.37,0.469,0.0,BTC-27DEC19-6000-C,10386.24,69.54,0.443,15.0,0.467,11.0,99.91,8.15047,-2.92209,15.88452,3e-05,0.92805
10594.22,BTC-27DEC19,1567508341190,open,0.05,239.3,0.024,0.076,0.04840469,80.9,0.047,0.0,BTC-27DEC19-7500-P,10386.24,79.5,0.0465,0.4,0.0495,4.9,81.69,14.55381,-5.12439,-7.00133,5e-05,-0.16157
10455.23,BTC-27SEP19,1567508341190,open,0.33,722.7,0.318,0.3515,0.33403489,92.49,0.335,0.0,BTC-27SEP19-7000-C,10386.24,86.72,0.333,5.6,0.335,0.1,97.07,2.05757,-3.98546,4.31643,3e-05,0.96518
10455.23,BTC-27SEP19,1567508341192,open,0.0,1097.9,0.0005,0.0135,0.00354994,92.46,0.004,0.0,BTC-27SEP19-7000-P,10386.24,89.53,0.003,25.4,0.004,24.0,94.67,2.05552,-3.9801,-0.26214,3e-05,-0.03478
10455.33,BTC-27SEP19,1567508341189,open,0.25,870.3,0.2235,0.268,0.24562411,86.95,0.215,0.0,BTC-27SEP19-8000-C,10386.24,83.04,0.244,5.9,0.247,5.9,90.07,4.4948,-8.18498,4.51436,7e-05,0.90571
10594.22,BTC-27DEC19,1567508341195,open,0.01,344.4,0.0005,0.0175,0.00786798,84.89,0.009,0.0,BTC-27DEC19-5000-P,10386.24,81.56,0.0065,9.3,0.009,33.0,87.43,4.56887,-1.68818,-1.42204,2e-05,-0.03478
10455.31,BTC-27SEP19,1567508341232,open,0.12,299.3,0.0805,0.15,0.11575056,83.5,0.1185,0.0,BTC-27SEP19-11000-P,10386.24,81.77,0.114,3.0,0.1175,4.4,85.23,10.57671,-18.49465,-4.56763,0.00018,-0.55212
176.63,SYN.ETH-6SEP19,1567508341237,open,0.29,0.0,0.265,0.344,0.302554,127.38,None,0.0,ETH-6SEP19-230-P,176.54,0.0,0.0,0.0,0.0,0.0,0.0,0.00467,-0.10337,-0.01797,0.00149,-0.98865
176.86,SYN.ETH-13SEP19,1567508341241,open,0.09,0.0,0.062,0.137,0.099978,80.98,None,0.0,ETH-13SEP19-190-P,176.54,74.11,0.096,200.0,0.104,120.0,87.75,0.10386,-0.42582,-0.03739,0.01515,-0.68129
179.42,ETH-27DEC19,1567508341247,open,1.12,0.0,1.065,1.22,1.139896,90.24,None,0.0,ETH-27DEC19-380-P,176.54,0.0,0.0,0.0,0.0,0.0,0.0,0.18863,-0.07409,-1.14654,0.00206,-0.89052
10594.22,BTC-27DEC19,1567508341257,open,0.41,291.5,0.3545,0.466,0.41049158,82.92,0.4235,0.0,BTC-27DEC19-14000-P,10386.24,74.17,0.3925,5.0,0.422,6.0,88.37,22.16989,-8.00167,-35.12787,8e-05,-0.64304
10414.87,SYN.BTC-13SEP19,1567508341299,open,0.11,26.7,0.0795,0.133,0.10701912,82.44,0.11,0.0,BTC-13SEP19-9500-C,10386.24,80.37,0.106,5.2,0.109,0.4,86.38,5.17504,-21.60008,1.87417,0.00021,0.77211
10594.22,BTC-27DEC19,1567508341317,open,0.11,278.8,0.0665,0.1505,0.10903367,82.33,0.1125,0.0,BTC-27DEC19-13000-C,10386.24,80.94,0.106,22.7,0.112,6.5,83.68,23.18314,-8.3071,10.23485,8e-05,0.41599
176.86,SYN.ETH-13SEP19,1567508341320,open,0.02,317.0,0.002,0.032,0.013592,80.92,0.004,0.0,ETH-13SEP19-200-C,176.54,77.35,0.012,200.0,0.015,160.0,83.97,0.08038,-0.32933,0.00871,0.01174,0.1957
10594.17,BTC-27DEC19,1567508341349,open,0.13,306.9,0.089,0.176,0.133759,81.63,0.137,0.0,BTC-27DEC19-12000-C,10386.24,80.4,0.131,13.0,0.137,4.3,83.08,23.68872,-8.41698,11.63854,8e-05,0.48282
10594.17,BTC-27DEC19,1567508341355,open,0.13,306.9,0.089,0.176,0.133759,81.63,0.137,0.0,BTC-27DEC19-12000-C,10386.24,80.62,0.1315,8.4,0.137,4.3,83.08,23.68872,-8.41698,11.63854,8e-05,0.48282
10594.22,BTC-27DEC19,1567508341392,open,0.04,299.6,0.016,0.059,0.03560298,80.9,0.0345,0.0,BTC-27DEC19-7000-P,10386.24,79.52,0.034,18.0,0.0365,0.4,81.66,12.38067,-4.35946,-5.42647,4e-05,-0.12714
10713.72,SYN.BTC-27MAR20,1567508341394,open,0.16,75.8,0.104,0.209,0.15782866,84.46,0.148,0.0,BTC-27MAR20-14000-C,10386.24,82.17,0.151,9.0,0.1605,10.0,85.36,31.92501,-6.54867,18.16041,6e-05,0.45835
10594.22,BTC-27DEC19,1567508341407,open,0.02,384.4,0.004,0.036,0.01559503,88.99,0.0165,0.0,BTC-27DEC19-24000-C,10386.24,87.07,0.014,10.1,0.0165,22.0,90.03,9.04466,-3.50331,2.23132,3e-05,0.08252
10713.72,SYN.BTC-27MAR20,1567508341395,open,0.16,75.8,0.104,0.209,0.15782866,84.46,0.148,0.0,BTC-27MAR20-14000-C,10386.24,82.33,0.1515,10.0,0.1605,10.0,85.36,31.92501,-6.54867,18.16041,6e-05,0.45835
10594.17,BTC-27DEC19,1567508341407,open,0.38,50.4,0.346,0.403,0.37486315,80.9,0.375,0.0,BTC-27DEC19-7000-C,10386.24,78.86,0.3725,4.2,0.3775,4.5,83.13,12.38077,-4.3595,16.6044,4e-05,0.87285
10455.15,BTC-27SEP19,1567508341423,open,0.67,261.1,0.6555,0.675,0.66525041,124.49,0.714,0.0,BTC-27SEP19-3500-C,10386.24,0.0,0.161,1.0,0.68,10.0,300.93,0.01659,-0.04324,2.28825,0.0,0.99984
10713.72,SYN.BTC-27MAR20,1567508341438,open,0.12,108.9,0.0715,0.17,0.12069815,84.47,0.122,0.0,BTC-27MAR20-16000-C,10386.24,83.0,0.1165,10.0,0.122,2.9,84.93,30.54659,-6.26672,15.45129,6e-05,0.37639
10713.72,SYN.BTC-27MAR20,1567508341440,open,0.12,108.9,0.0715,0.17,0.12069815,84.47,0.122,0.0,BTC-27MAR20-16000-C,10386.24,83.17,0.117,10.0,0.122,2.9,84.93,30.54659,-6.26672,15.45129,6e-05,0.37639
10594.22,BTC-27DEC19,1567508341453,open,0.01,155.2,0.0005,0.024,0.00903573,91.31,0.009,0.0,BTC-27DEC19-28000-C,10386.24,89.46,0.008,3.5,0.01,29.0,92.91,6.16602,-2.45044,1.37824,2e-05,0.05037
10594.22,BTC-27DEC19,1567508341465,open,0.34,91.7,0.308,0.3715,0.34046882,80.89,0.3515,0.0,BTC-27DEC19-7500-C,10386.43,79.09,0.338,4.3,0.343,11.0,82.73,14.55362,-5.1242,16.60346,5e-05,0.83843
10455.15,BTC-27SEP19,1567508341465,open,0.04,1.6,0.0195,0.069,0.04312188,83.11,0.042,0.0,BTC-27SEP19-9500-P,10386.43,81.82,0.042,19.2,0.0455,6.2,85.82,9.13484,-15.8981,-2.26976,0.00015,-0.28876
10394.55,SYN.BTC-6SEP19,1567508341464,open,0.0,295.4,0.0005,0.011,0.00137769,94.64,0.0015,0.0,BTC-6SEP19-9000-P,10386.43,89.19,0.001,53.1,0.0015,1.1,96.22,0.78652,-12.94266,-0.03345,0.0001,-0.03947
10455.34,BTC-27SEP19,1567508341467,open,0.03,1271.1,0.0105,0.051,0.02877652,84.38,0.0285,0.0,BTC-27SEP19-9000-P,10386.43,83.32,0.028,5.4,0.0305,38.7,86.69,7.73119,-13.66094,-1.64083,0.00013,-0.21114
10455.34,BTC-27SEP19,1567508341467,open,0.02,562.8,0.0055,0.04,0.02011342,85.1,0.02,0.0,BTC-27SEP19-13000-C,10386.43,82.71,0.0185,5.1,0.021,51.6,86.39,7.16647,-12.77203,1.13587,0.00012,0.1862
10594.41,BTC-27DEC19,1567508341467,open,0.0,399.5,0.0005,0.0125,0.00254132,97.37,0.002,0.0,BTC-27DEC19-40000-C,10386.43,94.67,0.002,5.4,0.003,10.0,99.36,2.30609,-0.97738,0.42974,1e-05,0.01543
10455.34,BTC-27SEP19,1567508341469,open,0.0,422.3,0.0005,0.013,0.00336325,89.04,0.003,0.0,BTC-27SEP19-16000-C,10386.43,84.74,0.0025,22.7,0.004,39.0,91.8,2.28923,-4.26872,0.24836,4e-05,0.03968
10394.55,SYN.BTC-6SEP19,1567508341464,open,0.16,10.5,0.132,0.1825,0.15569043,90.11,0.1565,0.0,BTC-6SEP19-12000-P,10386.43,0.0,0.1425,3.0,0.1645,1.1,149.18,0.78804,-12.34629,-0.91405,0.0001,-0.96043
10394.55,SYN.BTC-6SEP19,1567508341464,open,0.2,0.5,0.179,0.2315,0.20357692,106.88,0.204,0.0,BTC-6SEP19-12500-P,10386.43,0.0,0.1895,3.0,0.2125,1.1,175.84,0.60913,-11.31991,-0.96197,7e-05,-0.97107
10414.78,SYN.BTC-13SEP19,1567508341465,open,0.01,45.8,0.0005,0.024,0.00920625,82.92,0.0095,0.0,BTC-13SEP19-9000-P,10386.43,80.83,0.0085,6.0,0.01,5.0,85.19,3.57398,-15.00366,-0.385,0.00015,-0.12742
10414.78,SYN.BTC-13SEP19,1567508341464,open,0.15,5.5,0.1215,0.1685,0.14505692,82.94,0.0945,0.0,BTC-13SEP19-9000-C,10386.43,75.03,0.1425,18.0,0.149,0.4,93.69,3.57505,-15.01212,2.04993,0.00015,0.87252
10497.98,SYN.BTC-25OCT19,1567508341465,open,0.04,62.4,0.0135,0.0605,0.03453734,82.84,0.035,0.0,BTC-25OCT19-14000-C,10386.43,81.01,0.0325,15.1,0.036,19.3,84.14,11.77786,-9.4041,2.79628,9e-05,0.22195
176.86,SYN.ETH-13SEP19,1567508341476,open,0.01,350.0,0.001,0.021,0.007081,82.03,0.012,0.0,ETH-13SEP19-210-C,176.54,78.5,0.006,200.0,0.009,200.0,87.77,0.05614,-0.23315,0.00512,0.00809,0.11405
10497.98,SYN.BTC-25OCT19,1567508341483,open,0.1,9.2,0.061,0.131,0.09618728,80.96,0.1085,0.0,BTC-25OCT19-10000-P,10386.43,78.04,0.092,19.3,0.0975,4.6,81.88,15.03959,-11.73618,-7.0688,0.00012,-0.37758
10497.98,SYN.BTC-25OCT19,1567508341485,open,0.1,9.2,0.061,0.131,0.09618728,80.96,0.1085,0.0,BTC-25OCT19-10000-P,10386.43,78.39,0.0925,10.0,0.0975,4.6,81.88,15.03959,-11.73618,-7.0688,0.00012,-0.37758
10594.41,BTC-27DEC19,1567508341479,open,0.2,467.3,0.159,0.2445,0.20390262,80.89,0.2015,0.0,BTC-27DEC19-10000-C,10386.43,79.03,0.2,11.8,0.2055,3.1,81.65,22.27004,-7.84082,14.48713,8e-05,0.63838
10594.22,BTC-27DEC19,1567508341489,open,0.34,91.7,0.308,0.3715,0.34046882,80.89,0.3515,0.0,BTC-27DEC19-7500-C,10386.43,79.09,0.338,4.4,0.343,11.0,82.73,14.55362,-5.1242,16.60346,5e-05,0.83843
177.33,ETH-27SEP19,1567508341719,open,0.9,294.0,0.862,0.979,0.918315,105.68,1.024,0.0,ETH-27SEP19-340-P,176.54,0.0,0.897,5.0,0.952,5.0,202.04,0.01366,-0.03023,-0.22118,0.00063,-0.98849
176.63,SYN.ETH-6SEP19,1567508341950,open,0.0,23.0,0.001,0.011,0.00049,120.1,0.001,0.0,ETH-6SEP19-140-P,176.54,0.0,0.0,0.0,0.001,253.0,133.7,0.00516,-0.08651,-0.00018,0.00175,-0.01275
10713.68,SYN.BTC-27MAR20,1567508342019,open,0.2,39.0,0.1485,0.254,0.20372279,83.07,0.206,0.0,BTC-27MAR20-12000-C,10386.43,81.15,0.198,0.4,0.206,6.9,83.84,31.82902,-6.42159,21.03414,6e-05,0.5518
10713.68,SYN.BTC-27MAR20,1567508342022,open,0.2,39.0,0.1485,0.254,0.20372279,83.07,0.206,0.0,BTC-27MAR20-12000-C,10386.43,81.31,0.1985,10.0,0.206,6.9,83.84,31.82902,-6.42159,21.03414,6e-05,0.5518
181.44,SYN.ETH-27MAR20,1567508342123,open,0.08,1179.0,0.046,0.114,0.079725,85.53,0.068,0.0,ETH-27MAR20-120-P,176.54,80.84,0.071,253.0,0.079,272.0,85.14,0.34132,-0.0709,-0.25282,0.00215,-0.16731
10394.55,SYN.BTC-6SEP19,1567508342455,open,0.11,3.5,0.085,0.1365,0.10942602,83.36,0.1745,0.0,BTC-6SEP19-11500-P,10386.43,0.0,0.0965,1.1,0.1175,1.1,123.66,1.52207,-22.06,-0.83327,0.00021,-0.90807
181.44,SYN.ETH-27MAR20,1567508342459,open,0.31,257.0,0.251,0.381,0.318837,85.52,0.32,0.0,ETH-27MAR20-200-P,176.54,82.87,0.311,24.0,0.325,3.0,87.61,0.53588,-0.1113,-0.76913,0.00337,-0.43269
10594.45,BTC-27DEC19,1567508342471,open,3.91,0.8,3.8125,4.014,3.90972012,106.24,3.59,0.0,BTC-27DEC19-52000-P,10387.03,0.0,0.001,1.0,0.0,0.0,0.0,1.42522,-0.65902,-163.41271,0.0,-0.99114
10594.45,BTC-27DEC19,1567508342472,open,0.0,1431.1,0.0005,0.011,0.00138344,105.42,0.001,0.0,BTC-27DEC19-52000-C,10387.03,102.04,0.001,5.3,0.002,10.0,109.63,1.34966,-0.61931,0.23157,0.0,0.00833
10455.25,BTC-27SEP19,1567508342472,open,0.76,55.9,0.751,0.7705,0.76088778,144.03,0.689,0.0,BTC-27SEP19-2500-C,10387.03,0.0,0.0045,10.0,0.8205,5.0,500.0,0.00272,-0.00819,1.63515,0.0,0.99998
10455.25,BTC-27SEP19,1567508342472,open,0.03,0.2,0.009,0.05,0.0274823,85.1,0.03,0.0,BTC-27SEP19-12500-C,10387.03,83.85,0.0265,2.9,0.0285,36.3,86.38,8.28014,-14.75649,1.44163,0.00014,0.23828
10455.25,BTC-27SEP19,1567508342472,open,0.0,684.0,0.0005,0.0105,3.896e-05,120.0,0.0005,0.0,BTC-27SEP19-30000-C,10387.03,0.0,0.0,0.0,0.0005,11.0,147.83,0.04902,-0.12318,0.00327,0.0,0.00052
10455.25,BTC-27SEP19,1567508342472,open,0.0,586.8,0.0005,0.0105,8.6e-07,120.0,0.0005,0.0,BTC-27SEP19-3000-P,10387.03,0.0,0.0,0.0,0.0005,44.0,194.28,0.00144,-0.00362,-9e-05,0.0,-1e-05
10455.25,BTC-27SEP19,1567508342472,open,0.08,3.7,0.0505,0.111,0.08167619,82.1,0.0825,0.0,BTC-27SEP19-10500-C,10387.03,79.96,0.0795,19.7,0.082,1.0,82.42,10.62967,-18.27679,3.09165,0.00018,0.53373
10594.45,BTC-27DEC19,1567508342472,open,0.0,417.6,0.0005,0.0115,0.00179048,98.94,0.0015,0.0,BTC-27DEC19-44000-C,10387.03,97.05,0.0015,5.0,0.002,11.0,100.17,1.73203,-0.74589,0.30972,0.0,0.01108
10594.45,BTC-27DEC19,1567508342472,open,0.0,512.5,0.0005,0.0145,0.00467905,86.01,0.004,0.0,BTC-27DEC19-4500-P,10387.03,83.59,0.004,6.0,0.0055,33.0,88.68,3.10824,-1.16354,-0.88644,1e-05,-0.02191
10455.25,BTC-27SEP19,1567508342472,open,0.0,761.0,0.0005,0.0105,1.73e-05,120.0,0.0005,0.0,BTC-27SEP19-32000-C,10387.03,0.0,0.0,0.0,0.0005,12.0,155.53,0.02405,-0.06045,0.00153,0.0,0.00024
10455.25,BTC-27SEP19,1567508342472,open,0.62,227.5,0.6075,0.627,0.61745837,119.19,0.606,0.0,BTC-27SEP19-4000-C,10387.03,0.0,0.111,2.0,0.64,5.0,299.46,0.0454,-0.11333,2.61298,0.0,0.99952
10455.25,BTC-27SEP19,1567508342472,open,0.0,125.2,0.0005,0.0105,1.981e-05,120.0,0.0005,0.0,BTC-27SEP19-3750-P,10387.03,0.0,0.0,0.0,0.0005,42.0,160.97,0.02381,-0.05983,-0.00176,0.0,-0.00024
10594.45,BTC-27DEC19,1567508342472,open,0.01,161.0,0.0025,0.025,0.01202646,83.29,0.014,0.0,BTC-27DEC19-5500-P,10387.03,81.5,0.011,6.0,0.0135,50.1,85.73,6.21244,-2.25206,-2.09641,2e-05,-0.05085
10455.25,BTC-27SEP19,1567508342472,open,0.0,49.2,0.0005,0.0105,2.8e-06,120.0,0.0015,0.0,BTC-27SEP19-3250-P,10387.03,0.0,0.0,0.0,0.0005,52.0,182.31,0.00419,-0.01052,-0.00027,0.0,-4e-05
10594.45,BTC-27DEC19,1567508342472,open,0.0,210.9,0.0005,0.0105,0.0007406,106.81,0.0005,0.0,BTC-27DEC19-2500-P,10387.03,101.99,0.0005,1.1,0.001,42.0,110.9,0.60363,-0.28062,-0.13703,0.0,-0.00337
10455.25,BTC-27SEP19,1567508342472,open,0.09,1.0,0.0535,0.118,0.08596595,82.11,0.0855,0.0,BTC-27SEP19-10500-P,10387.03,80.67,0.0845,14.4,0.089,4.4,85.1,10.62966,-18.27887,-3.77673,0.00018,-0.46626
10455.25,BTC-27SEP19,1567508342472,open,0.59,9.2,0.584,0.6035,0.59359537,119.55,0.574,0.0,BTC-27SEP19-4250-C,10387.03,0.0,0.01,0.1,0.6205,5.0,298.0,0.08817,-0.22073,2.77275,0.0,0.99902
10594.45,BTC-27DEC19,1567508342472,open,0.01,256.8,0.002,0.029,0.0117785,90.19,0.01,0.0,BTC-27DEC19-26000-C,10387.03,88.31,0.0105,3.7,0.0125,22.0,91.2,7.45407,-2.9262,1.74429,2e-05,0.06409
10594.45,BTC-27DEC19,1567508342473,open,1.65,0.1,1.5935,1.718,1.65198639,91.4,1.49,0.0,BTC-27DEC19-28000-P,10387.03,0.0,0.001,1.0,0.0,0.0,0.0,6.18974,-2.46248,-86.7394,2e-05,-0.94939
10455.25,BTC-27SEP19,1567508342472,open,0.44,32.5,0.408,0.477,0.44072368,87.57,0.471,0.0,BTC-27SEP19-15000-P,10387.03,0.0,0.429,4.0,0.456,5.1,119.71,3.46513,-6.35443,-9.39602,6e-05,-0.93315
10594.45,BTC-27DEC19,1567508342472,open,0.86,0.1,0.849,0.8685,0.85854489,119.95,0.868,0.0,BTC-27DEC19-1500-C,10387.03,0.0,0.85,1.0,0.8665,1.0,211.22,0.12402,-0.06475,4.6968,0.0,0.99941
10594.45,BTC-27DEC19,1567508342472,open,0.76,0.0,0.755,0.7745,0.76476294,106.72,None,0.0,BTC-27DEC19-2500-C,10387.03,0.0,0.0205,0.1,0.958,0.5,500.0,0.60076,-0.27906,7.73193,0.0,0.99665
10455.25,BTC-27SEP19,1567508342473,open,0.0,422.0,0.0005,0.0105,7.9e-06,120.0,0.0005,0.0,BTC-27SEP19-3500-P,10387.03,0.0,0.0,0.0,0.0005,43.0,171.25,0.01058,-0.02659,-0.00074,0.0,-0.0001
10455.25,BTC-27SEP19,1567508342473,open,0.0,492.7,0.0005,0.0105,0.0,120.0,0.0005,0.0,BTC-27SEP19-2000-P,10387.03,0.0,0.0,0.0,0.0005,62.0,255.65,0.0,-1e-05,0.0,0.0,0.0
10455.25,BTC-27SEP19,1567508342473,open,0.0,657.5,0.0005,0.0105,0.0005249,110.24,0.001,0.0,BTC-27SEP19-22000-C,10387.03,0.0,0.0,0.0,0.001,39.0,118.45,0.47162,-1.08883,0.03918,1e-05,0.00625
10455.25,BTC-27SEP19,1567508342472,open,0.52,789.2,0.5125,0.533,0.52224974,117.61,0.5015,0.0,BTC-27SEP19-5000-C,10387.03,0.0,0.051,1.0,0.5665,5.0,298.33,0.36069,-0.8884,3.23574,0.0,0.99538
10455.25,BTC-27SEP19,1567508342474,open,0.06,808.5,0.0345,0.0925,0.06364766,83.5,0.062,0.0,BTC-27SEP19-11000-C,10387.03,81.87,0.062,3.0,0.065,29.3,84.84,10.57662,-18.49507,2.62773,0.00018,0.44787
10595.05,BTC-27DEC19,1567508342473,open,0.0,476.2,0.0005,0.0135,0.0037593,95.73,0.003,0.0,BTC-27DEC19-36000-C,10387.03,92.98,0.003,4.1,0.0045,40.0,98.07,3.15208,-1.31338,0.61728,1e-05,0.02227
10595.05,BTC-27DEC19,1567508342473,open,0.58,6.5,0.568,0.5935,0.57991961,85.9,0.575,0.0,BTC-27DEC19-4500-C,10387.03,0.0,0.5685,12.0,0.5885,12.0,107.25,3.09573,-1.15742,13.28089,1e-05,0.9782
10455.25,BTC-27SEP19,1567508342473,open,0.0,638.4,0.0005,0.011,0.00104874,114.51,0.001,0.0,BTC-27SEP19-5500-P,10387.03,104.05,0.0005,34.4,0.0015,27.0,120.55,0.69068,-1.65624,-0.07315,1e-05,-0.00965
10595.05,BTC-27DEC19,1567508342473,open,0.0,118.1,0.0005,0.0105,0.0004821,116.99,0.0005,0.0,BTC-27DEC19-2000-P,10387.03,0.0,0.0,0.0,0.0005,6.1,117.48,0.38762,-0.19739,-0.08487,0.0,-0.00206
10455.25,BTC-27SEP19,1567508342473,open,0.86,42.8,0.847,0.8665,0.85653264,189.44,0.815,0.0,BTC-27SEP19-1500-C,10387.03,0.0,0.0,0.0,0.0,0.0,0.0,0.00128,-0.00507,0.98111,0.0,0.99999
10455.25,BTC-27SEP19,1567508342473,open,0.0,484.6,0.0005,0.0105,4.493e-05,120.0,0.0005,0.0,BTC-27SEP19-4000-P,10387.03,0.0,0.0,0.0,0.0005,53.2,151.38,0.04854,-0.12199,-0.00381,0.0,-0.00051
10455.25,BTC-27SEP19,1567508342474,open,0.57,289.7,0.56,0.5795,0.56977128,119.73,0.588,0.0,BTC-27SEP19-4500-C,10387.03,0.0,0.01,0.1,0.6025,5.0,299.71,0.15636,-0.39204,2.92986,0.0,0.99817
10455.25,BTC-27SEP19,1567508342473,open,0.0,1118.7,0.0005,0.0105,9.358e-05,120.0,0.0005,0.0,BTC-27SEP19-4250-P,10387.03,0.0,0.0,0.0,0.0005,30.0,142.37,0.09107,-0.22887,-0.00756,0.0,-0.00101
10455.25,BTC-27SEP19,1567508342473,open,0.64,0.0,0.6315,0.651,0.64135141,121.28,None,0.0,BTC-27SEP19-3750-C,10387.03,0.0,0.0045,10.0,0.659,10.0,296.89,0.02675,-0.06794,2.45098,0.0,0.99973
10498.13,SYN.BTC-25OCT19,1567508342471,open,0.03,57.2,0.0075,0.046,0.02376537,83.3,0.0235,0.0,BTC-25OCT19-15000-C,10387.03,81.93,0.0225,5.4,0.0245,19.3,84.08,9.77442,-7.8476,2.08799,7e-05,0.16371
10455.25,BTC-27SEP19,1567508342474,open,0.01,458.5,0.001,0.0255,0.01059605,85.4,0.0095,0.0,BTC-27SEP19-14000-C,10387.03,81.96,0.009,44.9,0.011,2.0,86.24,5.02274,-8.98317,0.67871,8e-05,0.10984
10595.05,BTC-27DEC19,1567508342475,open,0.41,63.0,0.387,0.4375,0.41213181,81.42,0.4965,0.0,BTC-27DEC19-6500-C,10387.03,49.72,0.39,11.0,0.43,11.0,98.3,10.21247,-3.61928,16.36349,4e-05,0.90286
10595.05,BTC-27DEC19,1567508342474,open,0.49,73.3,0.475,0.512,0.49288477,83.24,0.4875,0.0,BTC-27DEC19-5500-C,10387.03,0.0,0.4765,11.0,0.506,11.0,101.97,6.20478,-2.24801,15.2173,2e-05,0.94924
10595.05,BTC-27DEC19,1567508342475,open,3.16,0.0,3.072,3.2445,3.15492423,100.4,3.46,0.0,BTC-27DEC19-44000-P,10387.03,0.0,0.0,0.0,0.0,0.0,0.0,1.90306,-0.83165,-138.13662,1e-05,-0.98765
10455.25,BTC-27SEP19,1567508342474,open,0.0,616.8,0.0005,0.011,0.00142236,95.23,0.0015,0.0,BTC-27SEP19-18000-C,10387.03,90.94,0.001,10.1,0.0015,24.0,95.92,1.15448,-2.30228,0.10982,2e-05,0.01748
10455.25,BTC-27SEP19,1567508342474,open,0.0,727.6,0.0005,0.0105,0.00095583,104.98,0.001,0.0,BTC-27SEP19-20000-C,10387.03,97.5,0.0005,10.6,0.0015,36.6,111.09,0.79005,-1.73686,0.07044,1e-05,0.01126
10455.25,BTC-27SEP19,1567508342474,open,0.71,225.7,0.7035,0.723,0.71306614,129.35,0.693,0.0,BTC-27SEP19-3000-C,10387.03,0.0,0.0045,20.0,0.794,5.0,500.0,0.00455,-0.01233,1.96208,0.0,0.99996
10455.25,BTC-27SEP19,1567508342474,open,0.0,657.8,0.0005,0.0105,0.00048295,117.75,0.0005,0.0,BTC-27SEP19-5000-P,10387.03,0.0,0.0,0.0,0.001,82.7,129.08,0.36312,-0.8954,-0.03517,0.0,-0.00466
10595.05,BTC-27DEC19,1567508342475,open,0.01,175.4,0.0005,0.0175,0.00573085,93.76,0.0045,0.0,BTC-27DEC19-32000-C,10387.03,91.92,0.005,3.1,0.0065,39.0,95.55,4.37646,-1.78606,0.90948,1e-05,0.03301
10595.05,BTC-27DEC19,1567508342475,open,0.81,0.0,0.802,0.8215,0.8117033,116.68,None,0.0,BTC-27DEC19-2000-C,10387.03,0.0,0.0145,0.2,0.9635,0.5,500.0,0.38105,-0.19352,6.21135,0.0,0.99798
10595.05,BTC-27DEC19,1567508342475,open,0.67,4.0,0.6615,0.681,0.67126605,91.72,0.666,0.0,BTC-27DEC19-3500-C,10387.03,0.0,0.0205,0.1,0.9725,1.0,500.0,1.29979,-0.51888,10.69578,0.0,0.99202
10455.85,BTC-27SEP19,1567508342475,open,0.69,0.5,0.6795,0.699,0.68915686,0.0,0.694,0.0,BTC-27SEP19-3250-C,10387.03,0.0,0.0045,10.0,0.7755,0.5,500.0,0.0,0.0,2.12592,0.0,1.0
10455.85,BTC-27SEP19,1567508342476,open,0.0,406.8,0.0005,0.0105,5e-08,120.0,0.0005,0.0,BTC-27SEP19-2500-P,10387.03,0.0,0.0,0.0,0.0005,42.0,221.72,0.0001,-0.00025,-1e-05,0.0,0.0
10455.85,BTC-27SEP19,1567508342476,open,0.81,28.2,0.799,0.8185,0.80871019,0.0,0.755,0.0,BTC-27SEP19-2000-C,10387.03,0.0,0.01,1.0,0.8485,5.0,500.0,0.0,0.0,1.30826,0.0,1.0
10455.85,BTC-27SEP19,1567508342476,open,0.0,146.6,0.0005,0.0105,0.0002047,119.99,0.0005,0.0,BTC-27SEP19-26000-C,10387.03,0.0,0.0,0.0,0.001,51.0,140.43,0.20305,-0.51023,0.01529,0.0,0.00244
10455.85,BTC-27SEP19,1567508342476,open,0.0,428.2,0.0005,0.0105,8.883e-05,119.99,0.0005,0.0,BTC-27SEP19-28000-C,10387.03,0.0,0.0,0.0,0.001,51.0,149.95,0.09996,-0.25119,0.00706,0.0,0.00112
10455.85,BTC-27SEP19,1567508342476,open,0.0,350.4,0.0005,0.0105,0.00027681,117.78,0.0005,0.0,BTC-27SEP19-4750-P,10387.03,0.0,0.0,0.0,0.0005,26.9,125.86,0.23017,-0.56773,-0.02107,0.0,-0.0028
10595.05,BTC-27DEC19,1567508342476,open,0.0,384.1,0.0005,0.0105,0.00077762,94.29,0.003,0.0,BTC-27DEC19-3000-P,10387.03,0.0,0.0,0.0,0.0015,17.5,102.79,0.70842,-0.29074,-0.16021,0.0,-0.00403
10595.05,BTC-27DEC19,1567508342476,open,2.4,1.3,2.332,2.4785,2.40177769,96.41,2.2,0.0,BTC-27DEC19-36000-P,10387.03,0.0,0.0,0.0,0.0,0.0,0.0,3.26702,-1.37091,-112.65937,1e-05,-0.97676
10595.05,BTC-27DEC19,1567508342476,open,1.47,0.0,1.409,1.53,1.46590289,90.4,None,0.0,BTC-27DEC19-26000-P,10387.03,0.0,0.0045,10.0,2.2105,0.2,500.0,7.5082,-2.95417,-80.06998,2e-05,-0.93531
10595.05,BTC-27DEC19,1567508342476,open,0.0,413.1,0.0005,0.0125,0.00294431,89.24,0.0035,0.0,BTC-27DEC19-4000-P,10387.03,86.91,0.0025,10.0,0.0035,38.3,91.86,2.12706,-0.82618,-0.56652,1e-05,-0.01404
10595.05,BTC-27DEC19,1567508342477,open,0.54,65.4,0.521,0.552,0.53592011,84.83,0.608,0.0,BTC-27DEC19-5000-C,10387.03,0.0,0.5225,12.0,0.547,12.0,105.09,4.55996,-1.68369,14.31809,2e-05,0.96531
10595.05,BTC-27DEC19,1567508342477,open,1.84,0.2,1.7775,1.907,1.83879087,92.84,2.03,0.0,BTC-27DEC19-30000-P,10387.03,0.0,0.0,0.0,0.0,0.0,0.0,5.23824,-2.1168,-93.28995,2e-05,-0.95888
10595.05,BTC-27DEC19,1567508342477,open,0.01,414.1,0.0005,0.0205,0.00710888,92.5,0.0065,0.0,BTC-27DEC19-30000-C,10387.03,90.1,0.006,4.0,0.0075,23.0,93.28,5.16117,-2.07783,1.10932,2e-05,0.04038
10455.85,BTC-27SEP19,1567508342477,open,0.47,221.9,0.4635,0.4875,0.47499239,113.98,0.446,0.0,BTC-27SEP19-5500-C,10387.03,0.0,0.4655,10.0,0.483,10.0,167.74,0.67524,-1.61178,3.52648,1e-05,0.9906
10455.85,BTC-27SEP19,1567508342477,open,0.0,287.3,0.0005,0.0105,0.00047624,119.99,0.001,0.0,BTC-27SEP19-24000-C,10387.03,0.0,0.0,0.0,0.001,25.0,129.98,0.40893,-1.02759,0.03316,0.0,0.00532
10595.05,BTC-27DEC19,1567508342477,open,0.0,248.0,0.0005,0.0115,0.0016347,91.93,0.002,0.0,BTC-27DEC19-3500-P,10387.03,85.96,0.001,16.0,0.002,4.8,94.68,1.3133,-0.52547,-0.3237,0.0,-0.00807
10455.85,BTC-27SEP19,1567508342478,open,0.0,392.7,0.0005,0.0105,0.00018118,120.01,0.0005,0.0,BTC-27SEP19-4500-P,10387.03,0.0,0.0,0.0,0.0005,30.0,133.89,0.15906,-0.39976,-0.01399,0.0,-0.00186
10713.92,SYN.BTC-27MAR20,1567508342471,open,0.03,19.1,0.009,0.0585,0.02881784,89.09,0.023,0.0,BTC-27MAR20-30000-C,10387.03,87.1,0.026,6.0,0.03,23.0,89.9,15.54493,-3.36354,5.16221,3e-05,0.11424
10595.05,BTC-27DEC19,1567508342477,open,0.06,236.9,0.029,0.0975,0.06122626,84.73,0.061,0.0,BTC-27DEC19-16000-C,10387.03,82.68,0.0575,31.3,0.062,0.4,85.15,19.45068,-7.1733,6.77877,6e-05,0.26451
10713.92,SYN.BTC-27MAR20,1567508342471,open,0.04,2.2,0.0115,0.0665,0.03434132,88.56,0.029,0.0,BTC-27MAR20-28000-C,10387.03,86.76,0.0315,6.0,0.036,23.0,89.57,17.30064,-3.7209,5.96783,3e-05,0.1331
10713.92,SYN.BTC-27MAR20,1567508342471,open,0.78,0.0,0.705,0.847,0.77556232,85.43,0.8095,0.0,BTC-27MAR20-18000-P,10387.03,0.0,0.0005,6.0,0.0,0.0,0.0,28.49932,-5.91299,-88.39466,5e-05,-0.68717
10595.05,BTC-27DEC19,1567508342478,open,3.53,0.0,3.442,3.6285,3.53195173,102.14,None,0.0,BTC-27DEC19-48000-P,10387.03,0.0,0.0,0.0,0.0,0.0,0.0,1.49866,-0.66626,-150.80763,0.0,-0.99062
10595.05,BTC-27DEC19,1567508342479,open,0.72,0.0,0.708,0.7275,0.71760942,94.03,None,0.0,BTC-27DEC19-3000-C,10387.03,0.0,0.0065,0.1,0.9535,0.5,500.0,0.69757,-0.2855,9.28449,0.0,0.99604
10595.05,BTC-27DEC19,1567508342479,open,0.63,26.7,0.6155,0.6365,0.62538672,89.13,0.626,0.0,BTC-27DEC19-4000-C,10387.03,0.0,0.45,1.0,0.652,0.2,149.56,2.11696,-0.82121,12.02594,1e-05,0.98603
10498.13,SYN.BTC-25OCT19,1567508342471,open,0.43,0.0,0.418,0.448,0.4323857,84.98,None,0.0,BTC-25OCT19-6000-C,10387.03,0.0,0.0,0.0,0.0,0.0,0.0,2.56548,-2.10133,8.04684,2e-05,0.9717
10394.73,SYN.BTC-6SEP19,1567508342472,open,0.0,510.7,0.0005,0.0105,0.0006957,111.54,0.001,0.0,BTC-6SEP19-8500-P,10387.03,106.19,0.0005,4.6,0.001,39.3,118.21,0.42134,-7.2316,-0.01586,4e-05,-0.01867
10414.93,SYN.BTC-13SEP19,1567508342472,open,0.21,0.0,0.1785,0.2385,0.20716188,85.25,None,0.0,BTC-13SEP19-12500-P,10387.03,0.0,0.0,0.0,0.0,0.0,0.0,3.20269,-13.82341,-3.09423,0.00013,-0.89089
10713.92,SYN.BTC-27MAR20,1567508342471,open,0.05,18.5,0.02,0.088,0.05011613,87.41,0.0485,0.0,BTC-27MAR20-24000-C,10387.03,85.83,0.047,4.9,0.052,10.0,88.35,21.40572,-4.54438,8.09046,4e-05,0.184
10498.13,SYN.BTC-25OCT19,1567508342471,open,0.02,147.9,0.0045,0.035,0.01630781,83.71,0.016,0.0,BTC-25OCT19-16000-C,10387.03,82.63,0.0155,4.5,0.017,24.0,84.62,7.89424,-6.36953,1.53982,6e-05,0.11951
10713.92,SYN.BTC-27MAR20,1567508342471,open,0.47,17.7,0.3965,0.53,0.46456764,84.47,0.4675,0.0,BTC-27MAR20-14000-P,10387.03,81.59,0.456,3.6,0.473,6.0,87.29,31.92592,-6.54943,-60.80467,6e-05,-0.54161
10498.13,SYN.BTC-25OCT19,1567508342472,open,0.35,0.0,0.3245,0.366,0.34468642,82.65,None,0.0,BTC-25OCT19-7000-C,10387.03,0.0,0.0,0.0,0.0,0.0,0.0,5.46681,-4.35519,8.69386,4e-05,0.92737
10414.93,SYN.BTC-13SEP19,1567508342472,open,0.33,0.0,0.3145,0.344,0.32854271,108.35,None,0.0,BTC-13SEP19-7000-C,10387.03,0.0,0.0,0.0,0.0,0.0,0.0,0.46505,-2.55116,1.86335,1e-05,0.98979
10394.73,SYN.BTC-6SEP19,1567508342471,open,0.0,169.4,0.0005,0.011,0.00102468,106.89,0.0005,0.0,BTC-6SEP19-12500-C,10387.03,95.87,0.0005,25.5,0.0015,49.4,114.07,0.60957,-10.65127,0.02287,7e-05,0.02895
10455.85,BTC-27SEP19,1567508342480,open,0.55,13.5,0.536,0.5555,0.54596345,116.74,0.382,0.0,BTC-27SEP19-4750-C,10387.03,0.0,0.0045,10.0,0.5845,5.0,299.61,0.21651,-0.5293,3.08745,0.0,0.99738
10498.13,SYN.BTC-25OCT19,1567508342472,open,0.63,0.0,0.591,0.674,0.63040489,83.9,None,0.0,BTC-25OCT19-17000-P,10387.03,0.0,0.0,0.0,0.0,0.0,0.0,6.21377,-5.02512,-23.043,5e-05,-0.91398
10414.93,SYN.BTC-13SEP19,1567508342471,open,0.28,0.0,0.2655,0.2965,0.28063994,93.42,None,0.0,BTC-13SEP19-7500-C,10387.03,0.0,0.0,0.0,0.0,0.0,0.0,0.58977,-2.78938,1.98927,2e-05,0.98657
10394.73,SYN.BTC-6SEP19,1567508342471,open,0.0,366.8,0.0005,0.0105,0.00021271,120.01,0.0005,0.0,BTC-6SEP19-8000-P,10387.03,0.0,0.0,0.0,0.0005,8.3,133.75,0.15711,-2.21109,-0.0051,2e-05,-0.00601
10414.93,SYN.BTC-13SEP19,1567508342471,open,0.16,0.0,0.1335,0.1955,0.16372185,83.46,None,0.0,BTC-13SEP19-12000-P,10387.03,0.0,0.0,0.0,0.0,0.0,0.0,4.29725,-18.15746,-2.80675,0.00018,-0.83231
10498.13,SYN.BTC-25OCT19,1567508342471,open,0.54,0.0,0.5005,0.584,0.54041043,83.74,None,0.0,BTC-25OCT19-16000-P,10387.03,0.0,0.0,0.0,0.0,0.0,0.0,7.89904,-6.37561,-21.199,6e-05,-0.88039
10414.93,SYN.BTC-13SEP19,1567508342471,open,0.12,0.0,0.092,0.155,0.12333777,82.18,None,0.0,BTC-13SEP19-11500-P,10387.03,0.0,0.0,0.0,0.0,0.0,0.0,5.47656,-22.78611,-2.45301,0.00023,-0.74716
10414.93,SYN.BTC-13SEP19,1567508342471,open,0.25,0.0,0.2245,0.284,0.25263542,88.13,None,0.0,BTC-13SEP19-13000-P,10387.03,0.0,0.0,0.0,0.0,0.0,0.0,2.36443,-10.54942,-3.32539,9e-05,-0.92744
10414.93,SYN.BTC-13SEP19,1567508342472,open,0.23,0.0,0.2165,0.2515,0.23339298,86.22,None,0.0,BTC-13SEP19-8000-C,10387.03,0.0,0.001,10.0,0.0,0.0,0.0,1.05955,-4.62547,2.08487,4e-05,0.97325
10498.13,SYN.BTC-25OCT19,1567508342471,open,0.0,169.4,0.0005,0.0135,0.00392418,85.01,0.003,0.0,BTC-25OCT19-6000-P,10387.03,80.94,0.003,10.0,0.005,48.9,89.11,2.56853,-2.10466,-0.48139,2e-05,-0.02834
10713.92,SYN.BTC-27MAR20,1567508342471,open,0.48,0.1,0.452,0.509,0.48075554,81.38,0.4775,0.0,BTC-27MAR20-6000-C,10387.03,0.0,0.4,0.2,0.0,0.0,0.0,14.61878,-2.88915,25.04078,3e-05,0.89512
10713.92,SYN.BTC-27MAR20,1567508342471,open,0.01,55.4,0.0005,0.0185,0.00861384,82.34,0.0105,0.0,BTC-27MAR20-4000-P,10387.03,79.98,0.0075,10.0,0.0095,6.0,84.1,5.25511,-1.05087,-2.24618,1e-05,-0.02856
10713.92,SYN.BTC-27MAR20,1567508342472,open,0.01,119.7,0.003,0.0345,0.01379937,91.94,0.0125,0.0,BTC-27MAR20-40000-C,10387.03,89.82,0.012,1.0,0.015,24.0,93.26,9.46951,-2.11445,2.73622,2e-05,0.05908
10713.92,SYN.BTC-27MAR20,1567508342472,open,0.02,19.4,0.0045,0.0415,0.01804402,90.77,0.0135,0.0,BTC-27MAR20-36000-C,10387.03,87.77,0.015,6.0,0.019,24.0,91.65,11.43194,-2.52017,3.46372,2e-05,0.07536
10498.13,SYN.BTC-25OCT19,1567508342472,open,0.37,0.0,0.3255,0.412,0.36812448,82.85,None,0.0,BTC-25OCT19-14000-P,10387.03,0.0,0.0,0.0,0.0,0.0,0.0,11.77987,-9.4071,-17.10054,9e-05,-0.77799
10498.13,SYN.BTC-25OCT19,1567508342472,open,0.29,0.0,0.245,0.332,0.28844281,82.46,None,0.0,BTC-25OCT19-13000-P,10387.03,0.0,0.0,0.0,0.0,0.0,0.0,13.70419,-10.89132,-14.78843,0.00011,-0.70271
10394.73,SYN.BTC-6SEP19,1567508342472,open,0.0,326.1,0.0005,0.011,0.00124352,90.16,0.0025,0.0,BTC-6SEP19-12000-C,10387.03,77.63,0.0005,81.6,0.001,1.0,86.74,0.7897,-12.37886,0.03147,0.0001,0.03967
10713.92,SYN.BTC-27MAR20,1567508342472,open,0.03,3.8,0.007,0.052,0.02432323,89.56,0.028,0.0,BTC-27MAR20-32000-C,10387.03,87.33,0.0215,6.0,0.0255,23.0,90.46,13.96212,-3.03702,4.48021,2e-05,0.09846
10414.93,SYN.BTC-13SEP19,1567508342472,open,0.0,49.9,0.0005,0.0105,0.00077063,93.61,0.001,0.0,BTC-13SEP19-7500-P,10387.03,88.18,0.0005,0.2,0.001,30.0,97.29,0.59526,-2.82113,-0.04042,2e-05,-0.01357
10394.73,SYN.BTC-6SEP19,1567508342472,open,0.0,204.8,0.0005,0.0105,2.748e-05,120.01,0.0005,0.0,BTC-6SEP19-7500-P,10387.03,0.0,0.0,0.0,0.0005,20.9,162.55,0.02855,-0.28562,-0.00077,0.0,-0.00091
10414.93,SYN.BTC-13SEP19,1567508342472,open,0.0,52.9,0.0005,0.013,0.0031097,92.43,0.002,0.0,BTC-13SEP19-13500-C,10387.03,81.19,0.0015,38.7,0.003,30.0,91.8,1.80918,-8.46667,0.13638,7e-05,0.05151
10498.13,SYN.BTC-25OCT19,1567508342472,open,0.45,0.0,0.4115,0.4965,0.45261158,83.32,None,0.0,BTC-25OCT19-15000-P,10387.03,0.0,0.0,0.0,0.0,0.0,0.0,9.77768,-7.85229,-19.22984,7e-05,-0.83621
10394.73,SYN.BTC-6SEP19,1567508342473,open,0.0,90.7,0.0005,0.0105,0.0005346,113.94,0.0005,0.0,BTC-6SEP19-13000-C,10387.03,0.0,0.0,0.0,0.001,15.0,124.83,0.35653,-5.55704,0.01214,4e-05,0.01536
176.63,SYN.ETH-6SEP19,1567508342478,open,0.0,462.0,0.001,0.011,0.001007,99.26,0.001,0.0,ETH-6SEP19-150-P,176.54,0.0,0.0,0.0,0.002,250.0,112.99,0.0103,-0.17784,-0.00041,0.00422,-0.02877
10414.93,SYN.BTC-13SEP19,1567508342472,open,0.0,59.7,0.0005,0.0105,0.00066468,108.58,0.0005,0.0,BTC-13SEP19-7000-P,10387.03,0.0,0.0,0.0,0.001,12.0,115.03,0.46986,-2.58294,-0.03099,1e-05,-0.01033
10713.92,SYN.BTC-27MAR20,1567508342471,open,0.64,0.0,0.6225,0.65,0.63525944,82.32,None,0.0,BTC-27MAR20-4000-C,10387.03,0.0,0.2,1.0,0.0,0.0,0.0,5.25242,-1.05011,20.31711,1e-05,0.97146
10713.92,SYN.BTC-27MAR20,1567508342471,open,0.06,9.4,0.027,0.1025,0.06162112,86.87,0.068,0.0,BTC-27MAR20-22000-C,10387.03,85.45,0.0585,0.4,0.0635,10.0,87.72,23.74482,-5.00982,9.49321,4e-05,0.21871
10595.05,BTC-27DEC19,1567508342487,open,0.41,291.5,0.3545,0.466,0.41047048,82.95,0.4235,0.0,BTC-27DEC19-14000-P,10387.03,74.21,0.3925,5.0,0.4215,1.0,88.18,22.17539,-8.00648,-35.12417,8e-05,-0.64287
181.44,SYN.ETH-27MAR20,1567508342535,open,0.17,281.0,0.105,0.21,0.160989,86.74,0.156,0.0,ETH-27MAR20-240-C,176.54,84.06,0.153,466.0,0.168,3.0,89.09,0.54073,-0.11391,0.30473,0.00336,0.45874
10594.45,BTC-27DEC19,1567508342536,open,0.49,206.6,0.433,0.5455,0.48888151,83.56,0.454,0.0,BTC-27DEC19-15000-P,10387.03,73.91,0.4705,1.1,0.501,1.1,89.62,20.84747,-7.58205,-39.44359,7e-05,-0.69406
10394.73,SYN.BTC-6SEP19,1567508342562,open,0.2,0.5,0.179,0.2315,0.20357801,107.25,0.204,0.0,BTC-6SEP19-12500-P,10387.03,0.0,0.1895,3.0,0.212,1.1,173.31,0.61719,-11.50883,-0.96161,7e-05,-0.97061
10394.73,SYN.BTC-6SEP19,1567508342577,open,0.25,0.0,0.2265,0.2795,0.25119006,114.57,None,0.0,BTC-6SEP19-13000-P,10387.03,0.0,0.236,1.1,0.26,1.1,197.48,0.36613,-7.2932,-1.0117,4e-05,-0.98416
10455.85,BTC-27SEP19,1567508342597,open,0.35,54.0,0.3165,0.386,0.34962472,85.53,0.466,0.0,BTC-27SEP19-14000-P,10387.03,37.53,0.339,4.0,0.364,1.1,109.94,5.03756,-9.02274,-8.47647,8e-05,-0.88972
10394.73,SYN.BTC-6SEP19,1567508342617,open,0.3,0.0,0.2735,0.3275,0.29903737,121.1,None,0.0,BTC-6SEP19-13500-P,10387.03,0.0,0.2835,1.1,0.3085,1.1,222.82,0.21775,-4.58476,-1.05673,2e-05,-0.9913
181.44,SYN.ETH-27MAR20,1567508342621,open,0.48,130.0,0.406,0.555,0.483637,86.72,0.417,0.0,ETH-27MAR20-240-P,176.54,83.81,0.475,24.0,0.491,3.0,89.19,0.54071,-0.11388,-1.04899,0.00336,-0.54134
10595.05,BTC-27DEC19,1567508342640,open,0.57,23.1,0.5155,0.629,0.57145666,84.78,0.715,0.0,BTC-27DEC19-16000-P,10387.03,73.31,0.5515,1.1,0.5835,1.1,91.18,19.4586,-7.18042,-43.57368,6e-05,-0.73527
10455.25,BTC-27SEP19,1567508342658,open,0.44,32.5,0.408,0.477,0.44072368,87.57,0.471,0.0,BTC-27SEP19-15000-P,10387.03,0.0,0.429,4.0,0.4555,1.1,118.88,3.46513,-6.35443,-9.39602,6e-05,-0.93315
10594.45,BTC-27DEC19,1567508342698,open,0.74,12.4,0.6855,0.7985,0.74032212,85.26,0.559,0.0,BTC-27DEC19-18000-P,10387.03,71.98,0.722,1.1,0.756,1.1,94.89,16.25534,-6.0325,-51.61214,5e-05,-0.80756
176.63,SYN.ETH-6SEP19,1567508342700,open,0.0,468.0,0.001,0.018,0.004296,92.22,0.002,0.0,ETH-6SEP19-160-P,176.54,83.63,0.003,200.0,0.006,700.0,102.01,0.02867,-0.45968,-0.00153,0.01265,-0.10581
181.44,SYN.ETH-27MAR20,1567508342707,open,0.13,244.0,0.07,0.167,0.120382,87.27,0.115,0.0,ETH-27MAR20-280-C,176.54,85.36,0.115,244.0,0.124,3.0,88.54,0.5141,-0.10896,0.25454,0.00317,0.3691
10455.85,BTC-27SEP19,1567508342728,open,0.72,1.0,0.688,0.7615,0.72303065,95.96,0.575,0.0,BTC-27SEP19-18000-P,10387.03,0.0,0.708,1.1,0.7395,1.1,150.8,1.19982,-2.41124,-11.65955,2e-05,-0.98171
10594.45,BTC-27DEC19,1567508342744,open,0.92,5.7,0.863,0.977,0.91730485,86.79,0.661,0.0,BTC-27DEC19-20000-P,10387.03,68.58,0.8985,1.1,0.9345,1.1,98.98,13.49761,-5.09883,-59.12117,4e-05,-0.85578
10455.25,BTC-27SEP19,1567508342763,open,0.91,0.0,0.8755,0.9555,0.91388869,105.22,0.691,0.0,BTC-27SEP19-20000-P,10387.03,0.0,0.897,1.1,0.931,1.1,170.95,0.80062,-1.76411,-13.01107,1e-05,-0.98857
179.42,ETH-27DEC19,1567508342770,open,0.3,2.0,0.253,0.332,0.295349,82.67,0.275,0.0,ETH-27DEC19-140-C,176.55,0.0,0.0,0.0,0.308,3.0,90.18,0.29927,-0.10768,0.27277,0.00357,0.7784
179.42,ETH-27DEC19,1567508342770,open,0.46,0.0,0.434,0.483,0.459488,82.69,None,0.0,ETH-27DEC19-100-C,176.55,0.0,0.0,0.0,0.471,3.0,96.69,0.13192,-0.04748,0.26691,0.00157,0.93216
179.42,ETH-27DEC19,1567508342770,open,0.33,242.0,0.276,0.398,0.339246,84.06,0.371,0.0,ETH-27DEC19-220-P,176.55,80.75,0.332,24.0,0.345,3.0,86.68,0.39388,-0.14412,-0.5179,0.00462,-0.57791
177.31,ETH-27SEP19,1567508342770,open,0.01,9018.0,0.003,0.027,0.012545,82.95,0.011,0.0,ETH-27SEP19-140-P,176.55,81.82,0.012,200.0,0.014,420.0,85.89,0.08599,-0.14937,-0.01436,0.00504,-0.11129
177.31,ETH-27SEP19,1567508342771,open,0.44,2.0,0.419,0.456,0.437948,113.12,0.414,0.0,ETH-27SEP19-100-C,176.55,0.0,0.003,10.0,0.437,3.0,102.3,0.01895,-0.04489,0.06324,0.00081,0.98317
177.31,ETH-27SEP19,1567508342771,open,0.09,6340.0,0.055,0.127,0.091332,81.39,0.098,0.0,ETH-27SEP19-180-P,176.55,78.13,0.088,344.0,0.095,99.0,84.99,0.18082,-0.30822,-0.06712,0.0108,-0.48733
179.43,ETH-27DEC19,1567508342771,open,0.42,814.0,0.362,0.49,0.427586,84.94,0.366,0.0,ETH-27DEC19-240-P,176.55,70.29,0.398,240.0,0.433,3.0,87.52,0.37472,-0.13854,-0.60575,0.00435,-0.64508
179.43,ETH-27DEC19,1567508342771,open,0.01,810.0,0.004,0.032,0.014488,93.76,0.017,0.0,ETH-27DEC19-440-C,176.55,91.82,0.013,10.0,0.016,260.0,95.62,0.14192,-0.05792,0.03395,0.00149,0.07461
177.31,ETH-27SEP19,1567508342771,open,0.0,7916.0,0.001,0.011,0.0,125.01,0.001,0.0,ETH-27SEP19-760-C,176.55,0.0,0.0,0.0,0.001,201.0,207.85,1e-05,-3e-05,0.0,0.0,1e-05
177.31,ETH-27SEP19,1567508342771,open,0.0,2240.0,0.001,0.013,0.00343,94.53,0.005,0.0,ETH-27SEP19-280-C,176.55,86.7,0.002,880.0,0.005,360.0,101.08,0.03785,-0.07494,0.00406,0.00195,0.03846
177.31,ETH-27SEP19,1567508342771,open,0.0,1897.0,0.001,0.011,0.000978,120.59,0.004,0.0,ETH-27SEP19-380-C,176.55,0.0,0.0,0.0,0.002,660.0,131.81,0.01234,-0.03117,0.00107,0.0005,0.01024
177.31,ETH-27SEP19,1567508342771,open,1.91,12.0,1.847,2.023,1.93244,0.0,1.193,0.0,ETH-27SEP19-520-P,176.55,0.0,0.0,0.0,0.0,0.0,0.0,0.0,0.0,-0.34015,0.0,-1.0
177.31,ETH-27SEP19,1567508342771,open,0.66,0.0,0.652,0.671,0.661664,136.9,0.01,0.0,ETH-27SEP19-60-C,176.55,0.0,0.003,10.0,0.0,0.0,0.0,0.00086,-0.00247,0.03918,3e-05,0.99946
177.31,ETH-27SEP19,1567508342771,open,0.0,3419.0,0.001,0.011,4e-06,125.01,0.001,0.0,ETH-27SEP19-640-C,176.55,0.0,0.0,0.0,0.001,437.0,187.17,0.00011,-0.00028,1e-05,0.0,6e-05
177.31,ETH-27SEP19,1567508342771,open,0.0,6399.0,0.001,0.011,5.4e-05,125.01,0.001,0.0,ETH-27SEP19-520-C,176.55,0.0,0.0,0.0,0.001,440.0,161.47,0.00106,-0.00278,7e-05,4e-05,0.00067
177.31,ETH-27SEP19,1567508342771,open,2.35,27.0,2.285,2.488,2.383532,0.0,1.044,0.0,ETH-27SEP19-600-P,176.55,0.0,0.0,0.0,0.0,0.0,0.0,0.0,0.0,-0.39248,0.0,-1.0
177.31,ETH-27SEP19,1567508342771,open,0.0,2337.0,0.001,0.011,0.000986,105.7,0.002,0.0,ETH-27SEP19-340-C,176.55,0.0,0.0,0.0,0.002,360.0,115.83,0.01366,-0.03023,0.00122,0.00063,0.01151
179.43,ETH-27DEC19,1567508342771,open,0.01,1847.0,0.001,0.024,0.00999,93.76,0.009,0.0,ETH-27DEC19-480-C,176.55,90.31,0.008,400.0,0.012,200.0,96.86,0.11029,-0.04501,0.02483,0.00116,0.05395
179.43,ETH-27DEC19,1567508342771,open,2.54,0.0,2.464,2.686,2.570349,97.82,None,0.0,ETH-27DEC19-640-P,176.55,0.0,0.0,0.0,0.0,0.0,0.0,0.04984,-0.02122,-2.00464,0.0005,-0.97947
179.43,ETH-27DEC19,1567508342772,open,0.03,877.0,0.008,0.05,0.026337,89.57,0.023,0.0,ETH-27DEC19-360-C,176.55,86.64,0.023,560.0,0.029,220.0,91.78,0.211,-0.08226,0.05758,0.00232,0.12829
177.31,ETH-27SEP19,1567508342772,open,0.0,2951.0,0.001,0.011,0.000978,113.35,0.006,0.0,ETH-27SEP19-360-C,176.55,0.0,0.0,0.0,0.002,360.0,124.09,0.01291,-0.03063,0.00114,0.00055,0.01078
177.31,ETH-27SEP19,1567508342772,open,2.8,0.0,2.723,2.953,2.83466,0.0,None,0.0,ETH-27SEP19-680-P,176.55,0.0,0.0,0.0,0.0,0.0,0.0,0.0,0.0,-0.44481,0.0,-1.0
177.31,ETH-27SEP19,1567508342772,open,3.02,0.0,2.942,3.185,3.060227,0.0,None,0.0,ETH-27SEP19-720-P,176.55,0.0,0.0,0.0,0.0,0.0,0.0,0.0,0.0,-0.47097,0.0,-1.0
177.31,ETH-27SEP19,1567508342772,open,0.04,1695.0,0.016,0.065,0.039405,82.38,0.036,0.0,ETH-27SEP19-200-C,176.55,79.74,0.037,232.0,0.042,128.0,85.2,0.16229,-0.27997,0.03261,0.00958,0.32054
177.31,ETH-27SEP19,1567508342772,open,0.08,941.0,0.043,0.107,0.076275,81.51,0.082,0.0,ETH-27SEP19-180-C,176.55,78.3,0.073,171.0,0.08,536.0,85.16,0.18082,-0.30865,0.05063,0.01079,0.51276
177.31,ETH-27SEP19,1567508342772,open,0.0,2203.0,0.001,0.011,0.001468,102.47,0.002,0.0,ETH-27SEP19-320-C,176.55,0.0,0.0,0.0,0.003,661.0,113.52,0.01905,-0.04088,0.00179,0.0009,0.01693
177.31,ETH-27SEP19,1567508342773,open,1.01,233.0,0.972,1.096,1.031091,109.9,0.634,0.0,ETH-27SEP19-360-P,176.55,0.0,0.5,44.0,0.0,0.0,0.0,0.01068,-0.02457,-0.23457,0.00047,-0.99132
179.43,ETH-27DEC19,1567508342773,open,0.81,101.0,0.75,0.893,0.820549,87.13,0.513,0.0,ETH-27DEC19-320-P,176.55,0.0,0.006,5.0,0.0,0.0,0.0,0.25837,-0.09798,-0.92993,0.00293,-0.82618
176.86,SYN.ETH-13SEP19,1567508342770,open,0.29,0.0,0.263,0.345,0.302348,85.13,None,0.0,ETH-13SEP19-230-P,176.55,0.0,0.0,0.0,0.0,0.0,0.0,0.02271,-0.09787,-0.06062,0.00315,-0.96457
179.43,ETH-27DEC19,1567508342773,open,1.88,37.0,1.816,2.004,1.905678,95.1,0.707,0.0,ETH-27DEC19-520-P,176.55,0.0,0.002,25.0,0.0,0.0,0.0,0.09028,-0.03737,-1.61715,0.00094,-0.95798
176.63,SYN.ETH-6SEP19,1567508342770,open,0.35,0.0,0.32,0.402,0.358853,123.95,None,0.0,ETH-6SEP19-240-P,176.55,0.0,0.0,0.0,0.0,0.0,0.0,0.0015,-0.03232,-0.01887,0.00049,-0.99685
179.43,ETH-27DEC19,1567508342773,open,0.06,1045.0,0.026,0.091,0.057457,86.23,0.056,0.0,ETH-27DEC19-280-C,176.55,84.26,0.054,268.0,0.06,3.0,87.65,0.31911,-0.11976,0.10809,0.00365,0.24886
179.43,ETH-27DEC19,1567508342773,open,0.04,1076.0,0.014,0.065,0.037124,87.13,0.035,0.0,ETH-27DEC19-320-C,176.55,85.64,0.035,321.0,0.038,3.0,87.74,0.25837,-0.09798,0.0772,0.00293,0.17382
179.43,ETH-27DEC19,1567508342773,open,0.38,2.0,0.336,0.402,0.370963,82.65,0.346,0.0,ETH-27DEC19-120-C,176.55,0.0,0.101,1.0,0.383,3.0,92.15,0.21943,-0.07894,0.27855,0.00262,0.86421
179.43,ETH-27DEC19,1567508342773,open,0.25,2717.0,0.199,0.312,0.257493,83.16,0.269,0.0,ETH-27DEC19-200-P,176.55,80.26,0.251,24.0,0.264,243.0,86.07,0.40158,-0.14536,-0.42763,0.00477,-0.49975
177.32,ETH-27SEP19,1567508342773,open,0.23,193.0,0.193,0.251,0.223056,83.06,0.194,0.0,ETH-27SEP19-140-C,176.55,0.0,0.0,0.0,0.225,3.0,86.95,0.0861,-0.14975,0.07719,0.00504,0.88852
179.43,ETH-27DEC19,1567508342773,open,0.0,2672.0,0.001,0.013,0.003272,100.67,0.002,0.0,ETH-27DEC19-680-C,176.55,94.89,0.002,200.0,0.005,340.0,106.4,0.04648,-0.02037,0.00883,0.00046,0.01891
176.86,SYN.ETH-13SEP19,1567508342770,open,0.0,3.0,0.001,0.011,0.001934,85.6,0.003,0.0,ETH-13SEP19-230-C,176.55,76.99,0.001,200.0,0.003,200.0,92.7,0.02315,-0.10032,0.00164,0.0032,0.03628
176.63,SYN.ETH-6SEP19,1567508342771,open,0.0,18.0,0.001,0.011,8.2e-05,125.0,0.004,0.0,ETH-6SEP19-130-P,176.55,0.0,0.0,0.0,0.001,300.0,169.8,0.00118,-0.01447,-3e-05,0.00038,-0.00241
179.43,ETH-27DEC19,1567508342774,open,2.98,0.0,2.897,3.144,3.015294,101.18,None,0.0,ETH-27DEC19-720-P,176.55,0.0,0.003,5.0,0.0,0.0,0.0,0.03862,-0.01701,-2.2589,0.00038,-0.98477
176.63,SYN.ETH-6SEP19,1567508342770,open,0.0,30.0,0.001,0.011,3.1e-05,125.0,0.001,0.0,ETH-6SEP19-250-C,176.55,0.0,0.0,0.0,0.001,253.0,180.09,0.00055,-0.00556,1e-05,0.00018,0.00105
177.32,ETH-27SEP19,1567508342774,open,1.24,79.0,1.191,1.327,1.256276,117.61,0.351,0.0,ETH-27SEP19-400-P,176.55,0.0,0.0,0.0,0.0,0.0,0.0,0.00693,-0.01708,-0.26109,0.00029,-0.99468
176.86,SYN.ETH-13SEP19,1567508342770,open,0.19,0.0,0.156,0.235,0.194447,81.96,None,0.0,ETH-13SEP19-210-P,176.55,0.0,0.0,0.0,0.0,0.0,0.0,0.05605,-0.23259,-0.05171,0.00808,-0.8862
181.44,SYN.ETH-27MAR20,1567508342770,open,0.08,34.0,0.034,0.113,0.072777,89.26,0.067,0.0,ETH-27MAR20-360-C,176.55,86.36,0.066,525.0,0.079,252.0,91.86,0.42942,-0.09309,0.17738,0.00259,0.2461
177.32,ETH-27SEP19,1567508342774,open,1.46,0.0,1.409,1.559,1.481578,118.89,None,0.0,ETH-27SEP19-440-P,176.55,0.0,0.0,0.0,0.0,0.0,0.0,0.00324,-0.00805,-0.28757,0.00013,-0.99772
176.63,SYN.ETH-6SEP19,1567508342770,open,0.07,741.0,0.047,0.117,0.081783,81.3,0.064,0.0,ETH-6SEP19-190-P,176.55,67.27,0.079,40.0,0.086,40.0,98.78,0.03889,-0.54975,-0.01276,0.01946,-0.83518
179.43,ETH-27DEC19,1567508342774,open,2.76,0.0,2.68,2.916,2.793051,100.67,None,0.0,ETH-27DEC19-680-P,176.55,0.0,0.002,10.0,0.0,0.0,0.0,0.04648,-0.02037,-2.13132,0.00046,-0.98109
177.96,SYN.ETH-25OCT19,1567508342771,open,0.12,24.0,0.078,0.153,0.118212,82.21,0.124,0.0,ETH-25OCT19-180-C,176.55,79.4,0.114,179.0,0.122,200.0,84.75,0.26579,-0.21061,0.10846,0.00718,0.54704
176.86,SYN.ETH-13SEP19,1567508342770,open,0.05,68.0,0.017,0.073,0.045139,80.95,0.043,0.0,ETH-13SEP19-180-C,176.55,76.16,0.042,200.0,0.048,320.0,85.32,0.11581,-0.47464,0.02051,0.0169,0.47383
177.32,ETH-27SEP19,1567508342775,open,0.55,0.0,0.535,0.563,0.549303,125.81,None,0.0,ETH-27SEP19-80-C,176.55,0.0,0.003,10.0,0.0,0.0,0.0,0.00563,-0.01483,0.05179,0.00022,0.99579
177.32,ETH-27SEP19,1567508342775,open,0.0,3439.0,0.001,0.011,2e-06,125.0,0.001,0.0,ETH-27SEP19-680-C,176.55,0.0,0.0,0.0,0.001,205.0,194.51,5e-05,-0.00013,0.0,0.0,3e-05
177.32,ETH-27SEP19,1567508342775,open,1.12,259.0,1.081,1.212,1.143876,118.76,0.94,0.0,ETH-27SEP19-380-P,176.55,0.0,0.009,8.0,0.0,0.0,0.0,0.01124,-0.02795,-0.2476,0.00046,-0.9908
177.32,ETH-27SEP19,1567508342775,open,2.58,0.0,2.504,2.72,2.609094,0.0,None,0.0,ETH-27SEP19-640-P,176.55,0.0,0.0,0.0,0.0,0.0,0.0,0.0,0.0,-0.41864,0.0,-1.0
176.86,SYN.ETH-13SEP19,1567508342771,open,0.01,14.0,0.001,0.021,0.007282,84.13,0.01,0.0,ETH-13SEP19-150-P,176.55,83.17,0.007,200.0,0.009,200.0,89.67,0.05251,-0.22365,-0.00532,0.00737,-0.10393
176.86,SYN.ETH-13SEP19,1567508342771,open,0.24,0.0,0.209,0.289,0.24771,84.13,None,0.0,ETH-13SEP19-220-P,176.55,0.0,0.0,0.0,0.0,0.0,0.0,0.03722,-0.15857,-0.05656,0.00523,-0.93423
176.63,SYN.ETH-6SEP19,1567508342770,open,0.0,271.0,0.001,0.011,0.000361,124.81,0.001,0.0,ETH-6SEP19-230-C,176.55,0.0,0.0,0.0,0.001,250.0,143.25,0.00417,-0.06384,0.00013,0.00136,0.00997
176.86,SYN.ETH-13SEP19,1567508342771,open,0.14,0.0,0.105,0.184,0.144419,80.89,None,0.0,ETH-13SEP19-200-P,176.55,75.4,0.142,200.0,0.153,200.0,98.39,0.08034,-0.32901,-0.04541,0.01174,-0.80447
177.96,SYN.ETH-25OCT19,1567508342770,open,0.07,54.0,0.04,0.106,0.073202,82.18,0.07,0.0,ETH-25OCT19-160-P,176.55,79.77,0.07,196.0,0.076,3.0,84.29,0.2364,-0.18726,-0.09671,0.00639,-0.30915
177.32,ETH-27SEP19,1567508342776,open,2.13,24.0,2.066,2.255,2.157976,0.0,1.356,0.0,ETH-27SEP19-560-P,176.55,0.0,0.0,0.0,0.0,0.0,0.0,0.0,0.0,-0.36631,0.0,-1.0
176.63,SYN.ETH-6SEP19,1567508342771,open,0.0,381.0,0.001,0.011,0.000452,109.64,0.001,0.0,ETH-6SEP19-220-C,176.55,0.0,0.0,0.0,0.001,243.0,122.94,0.00547,-0.07977,0.00018,0.00203,0.01365
181.44,SYN.ETH-27MAR20,1567508342770,open,0.06,284.0,0.024,0.095,0.05744,89.89,0.055,0.0,ETH-27MAR20-400-C,176.55,87.27,0.052,535.0,0.062,32.0,92.01,0.38413,-0.08386,0.14825,0.0023,0.2023
176.63,SYN.ETH-6SEP19,1567508342770,open,0.46,0.0,0.43,0.518,0.471969,0.0,None,0.0,ETH-6SEP19-260-P,176.55,0.0,0.0,0.0,0.0,0.0,0.0,0.0,0.0,-0.02048,0.0,-1.0
177.96,SYN.ETH-25OCT19,1567508342770,open,0.45,0.0,0.422,0.461,0.441588,85.48,None,0.0,ETH-25OCT19-100-C,176.55,0.0,0.0,0.0,0.445,3.0,97.84,0.04001,-0.03296,0.13476,0.00104,0.97439
176.86,SYN.ETH-13SEP19,1567508342770,open,0.22,0.0,0.185,0.236,0.210908,85.47,None,0.0,ETH-13SEP19-140-C,176.55,0.0,0.0,0.0,0.0,0.0,0.0,0.02587,-0.11193,0.03577,0.00358,0.95842
176.63,SYN.ETH-6SEP19,1567508342770,open,0.0,887.0,0.001,0.012,0.002156,89.67,0.003,0.0,ETH-6SEP19-200-C,176.55,77.11,0.001,201.0,0.003,205.0,96.61,0.01967,-0.30666,0.00086,0.00892,0.06411
176.63,SYN.ETH-6SEP19,1567508342770,open,0.4,0.0,0.375,0.46,0.415388,121.45,None,0.0,ETH-6SEP19-250-P,176.55,0.0,0.0,0.0,0.0,0.0,0.0,0.00041,-0.00872,-0.01969,0.00014,-0.99923
176.63,SYN.ETH-6SEP19,1567508342770,open,0.0,250.0,0.001,0.011,0.000111,125.0,0.001,0.0,ETH-6SEP19-240-C,176.55,0.0,0.0,0.0,0.001,253.0,162.23,0.0016,-0.01965,5e-05,0.00052,0.00339
177.96,SYN.ETH-25OCT19,1567508342770,open,0.25,0.0,0.212,0.279,0.247793,82.37,None,0.0,ETH-25OCT19-140-C,176.55,0.0,0.0,0.0,0.254,3.0,88.59,0.17402,-0.13815,0.14555,0.00469,0.82327
176.86,SYN.ETH-13SEP19,1567508342770,open,0.02,14.0,0.003,0.038,0.01701,81.98,0.017,0.0,ETH-13SEP19-160-P,176.55,81.96,0.017,200.0,0.019,160.0,86.14,0.08358,-0.34691,-0.01081,0.01205,-0.20888
176.86,SYN.ETH-13SEP19,1567508342771,open,0.0,8.0,0.001,0.014,0.003807,84.27,0.006,0.0,ETH-13SEP19-220-C,176.55,80.21,0.003,200.0,0.005,200.0,89.52,0.03738,-0.15947,0.00298,0.00524,0.06612
176.86,SYN.ETH-13SEP19,1567508342771,open,0.0,202.0,0.001,0.012,0.002464,85.21,0.006,0.0,ETH-13SEP19-140-P,176.55,81.83,0.002,200.0,0.004,200.0,94.44,0.02565,-0.11068,-0.00209,0.00356,-0.04115
177.96,SYN.ETH-25OCT19,1567508342771,open,0.01,2294.0,0.003,0.025,0.012252,82.29,0.009,0.0,ETH-25OCT19-120-P,176.55,77.97,0.01,500.0,0.014,240.0,85.41,0.09693,-0.07688,-0.02258,0.00262,-0.07704
176.86,SYN.ETH-13SEP19,1567508342770,open,0.17,0.0,0.129,0.187,0.159186,84.26,None,0.0,ETH-13SEP19-150-C,176.55,0.0,0.0,0.0,0.0,0.0,0.0,0.05262,-0.2245,0.03525,0.00738,0.89575
176.63,SYN.ETH-6SEP19,1567508342770,open,0.06,1109.0,0.019,0.08,0.050872,81.21,0.047,0.0,ETH-6SEP19-170-C,176.55,64.46,0.046,40.0,0.053,240.0,88.2,0.05326,-0.75208,0.00924,0.02668,0.71464
176.86,SYN.ETH-13SEP19,1567508342770,open,0.06,400.0,0.03,0.096,0.062878,80.91,0.061,0.0,ETH-13SEP19-180-P,176.55,78.05,0.061,200.0,0.067,457.0,87.21,0.11581,-0.47442,-0.02819,0.01691,-0.52621
176.63,SYN.ETH-6SEP19,1567508342770,open,0.02,1161.0,0.002,0.045,0.020103,80.11,0.02,0.0,ETH-6SEP19-180-C,176.55,68.14,0.016,341.0,0.022,360.0,85.6,0.06091,-0.84844,0.00541,0.03093,0.40903
176.86,SYN.ETH-13SEP19,1567508342771,open,0.12,0.0,0.079,0.142,0.112353,82.03,None,0.0,ETH-13SEP19-160-C,176.55,72.48,0.108,40.0,0.116,40.0,89.57,0.0836,-0.3472,0.03248,0.01204,0.79101
176.63,SYN.ETH-6SEP19,1567508342770,open,0.13,16.0,0.1,0.171,0.134433,89.54,0.132,0.0,ETH-6SEP19-200-P,176.55,0.0,0.0,0.0,0.141,200.0,129.51,0.01959,-0.30503,-0.0149,0.0089,-0.9362
177.96,SYN.ETH-25OCT19,1567508342771,open,0.02,350.0,0.007,0.043,0.022198,84.89,0.023,0.0,ETH-25OCT19-260-C,176.55,82.36,0.02,839.0,0.024,3.0,86.88,0.15833,-0.12954,0.03302,0.00414,0.15275
176.63,SYN.ETH-6SEP19,1567508342771,open,0.0,195.0,0.001,0.011,0.000842,98.25,0.001,0.0,ETH-6SEP19-210-C,176.55,0.0,0.0,0.0,0.002,300.0,114.37,0.00952,-0.1487,0.00035,0.00394,0.02616
177.96,SYN.ETH-25OCT19,1567508342770,open,0.34,0.0,0.311,0.363,0.338005,82.41,None,0.0,ETH-25OCT19-120-C,176.55,0.0,0.0,0.0,0.343,3.0,90.9,0.09715,-0.07716,0.14789,0.00262,0.92273
176.86,SYN.ETH-13SEP19,1567508342772,open,0.08,17.0,0.041,0.104,0.073902,81.25,0.058,0.0,ETH-13SEP19-170-C,176.55,76.51,0.071,200.0,0.077,200.0,86.28,0.10867,-0.44702,0.02717,0.0158,0.64161
10594.45,BTC-27DEC19,1567508343174,open,0.13,306.9,0.089,0.176,0.13376784,81.63,0.137,0.0,BTC-27DEC19-12000-C,10387.03,80.84,0.132,0.4,0.137,4.3,83.08,23.6894,-8.41715,11.6393,8e-05,0.48284
10395.32,SYN.BTC-6SEP19,1567508343469,open,0.0,122.0,0.0005,0.0105,0.00027991,119.98,0.0005,0.0,BTC-6SEP19-13500-C,10387.03,0.0,0.0,0.0,0.001,57.0,142.04,0.20627,-2.90976,0.00647,2e-05,0.00818
10455.73,BTC-27SEP19,1567508343482,open,0.0,1173.0,0.0005,0.0105,0.00096692,99.26,0.0005,0.0,BTC-27SEP19-6000-P,10387.77,91.07,0.0005,50.8,0.0015,29.6,105.81,0.73234,-1.52231,-0.07717,1e-05,-0.01032
10595.05,BTC-27DEC19,1567508343482,open,2.78,0.0,2.702,2.861,2.77810336,98.33,2.58,0.0,BTC-27DEC19-40000-P,10387.77,0.0,0.0,0.0,0.0,0.0,0.0,2.44032,-1.04438,-125.43349,1e-05,-0.98352
10595.05,BTC-27DEC19,1567508343482,open,0.0,327.2,0.0005,0.011,0.00126095,100.07,0.002,0.0,BTC-27DEC19-48000-C,10387.77,97.75,0.001,6.8,0.0015,10.0,101.9,1.29789,-0.5653,0.22356,0.0,0.00797
10455.73,BTC-27SEP19,1567508343482,open,0.05,36.4,0.0225,0.0755,0.04841091,83.9,0.047,0.0,BTC-27SEP19-11500-C,10387.77,82.43,0.047,1.5,0.05,19.6,85.54,10.08151,-17.71236,2.1878,0.00017,0.36829
10455.73,BTC-27SEP19,1567508343482,open,1.11,0.2,1.063,1.1495,1.10473097,112.25,1.391,0.0,BTC-27SEP19-22000-P,10387.77,0.0,0.0045,10.0,0.0,0.0,0.0,0.53356,-1.25422,-14.34591,1e-05,-0.99281
10455.73,BTC-27SEP19,1567508343482,open,1.68,0.0,1.6255,1.734,1.67801559,116.22,None,0.0,BTC-27SEP19-28000-P,10387.77,0.0,0.0,0.0,0.0,0.0,0.0,0.0712,-0.17329,-18.3107,0.0,-0.99923
10595.79,BTC-27DEC19,1567508343483,open,1.28,0.0,1.226,1.343,1.28093358,89.31,None,0.0,BTC-27DEC19-24000-P,10387.77,0.0,0.006,1.0,2.03,0.2,500.0,9.13599,-3.55157,-73.2762,3e-05,-0.91639
10455.73,BTC-27SEP19,1567508343482,open,1.3,0.2,1.251,1.3445,1.29597367,122.49,1.6,0.0,BTC-27SEP19-24000-P,10387.77,0.0,0.0,0.0,0.0,0.0,0.0,0.4739,-1.21564,-15.66007,1e-05,-0.99371
10595.79,BTC-27DEC19,1567508343484,open,1.1,4.9,1.0435,1.1585,1.09771337,88.06,1.0385,0.0,BTC-27DEC19-22000-P,10387.77,0.0,0.006,2.0,1.8505,0.3,500.0,11.10553,-4.25673,-66.31889,4e-05,-0.89098
10595.79,BTC-27DEC19,1567508343484,open,0.06,582.7,0.0345,0.095,0.06359807,80.92,0.062,0.0,BTC-27DEC19-8000-P,10387.77,79.25,0.061,3.9,0.0645,4.9,81.49,16.58005,-5.83931,-8.7494,6e-05,-0.19877
10595.79,BTC-27DEC19,1567508343485,open,0.02,245.0,0.006,0.045,0.02127201,87.92,0.0185,0.0,BTC-27DEC19-22000-C,10387.77,86.19,0.0195,6.0,0.0225,21.0,89.08,11.06835,-4.2358,2.90917,4e-05,0.10851
10595.79,BTC-27DEC19,1567508343485,open,3.91,0.8,3.812,4.014,3.90961375,109.65,3.59,0.0,BTC-27DEC19-52000-P,10387.77,0.0,0.001,1.0,0.0,0.0,0.0,1.76885,-0.84419,-163.3469,0.0,-0.98865
10595.79,BTC-27DEC19,1567508343485,open,2.03,0.3,1.9625,2.0975,2.02618034,94.66,1.875,0.0,BTC-27DEC19-32000-P,10387.77,0.0,0.0,0.0,0.0,0.0,0.0,4.56182,-1.8796,-99.75931,1e-05,-0.96529
10455.73,BTC-27SEP19,1567508343485,open,0.43,713.5,0.415,0.4405,0.42712484,99.35,0.416,0.0,BTC-27SEP19-6000-C,10387.77,0.0,0.4165,10.0,0.43,10.1,124.07,0.73532,-1.52981,3.84723,1e-05,0.98964
10455.73,BTC-27SEP19,1567508343486,open,2.06,0.0,2.001,2.123,2.0606806,140.48,None,0.0,BTC-27SEP19-32000-P,10387.77,0.0,0.0,0.0,0.0,0.0,0.0,0.14428,-0.42445,-20.92174,0.0,-0.99833
10595.79,BTC-27DEC19,1567508343483,open,0.03,717.6,0.01,0.057,0.02952371,86.78,0.0295,0.0,BTC-27DEC19-20000-C,10387.77,85.17,0.0275,6.0,0.031,20.0,87.93,13.50007,-5.09907,3.8253,4e-05,0.14423
10455.73,BTC-27SEP19,1567508343486,open,1.49,0.0,1.438,1.5395,1.48685108,118.45,None,0.0,BTC-27SEP19-26000-P,10387.77,0.0,0.0,0.0,0.0,0.0,0.0,0.18089,-0.44869,-16.99386,0.0,-0.99785
10595.79,BTC-27DEC19,1567508343486,open,0.09,497.4,0.05,0.129,0.08901968,82.91,0.0905,0.0,BTC-27DEC19-14000-C,10387.77,81.46,0.086,24.0,0.0905,0.4,83.61,22.17436,-8.0016,8.93705,8e-05,0.35701
10595.79,BTC-27DEC19,1567508343487,open,0.02,293.1,0.0065,0.034,0.01799182,82.38,0.019,0.0,BTC-27DEC19-6000-P,10387.77,81.08,0.017,1.0,0.019,24.8,83.68,8.14937,-2.92207,-2.99855,3e-05,-0.07193
10714.57,SYN.BTC-27MAR20,1567508343481,open,1.47,0.0,1.397,1.5465,1.46803322,88.07,None,0.0,BTC-27MAR20-26000-P,10387.77,0.0,0.0,0.0,0.0,0.0,0.0,19.28661,-4.1254,-139.70478,3e-05,-0.84363
10714.57,SYN.BTC-27MAR20,1567508343482,open,2.01,0.0,1.9365,2.095,2.01109216,89.7,None,0.0,BTC-27MAR20-32000-P,10387.77,0.0,0.0,0.0,0.0,0.0,0.0,14.0182,-3.05384,-175.99208,2e-05,-0.90101
10595.79,BTC-27DEC19,1567508343488,open,0.0,176.8,0.0005,0.0105,0.00012895,120.0,0.001,0.0,BTC-27DEC19-1500-P,10387.77,0.0,0.0,0.0,0.0005,12.0,137.78,0.12439,-0.06497,-0.0242,0.0,-0.0006
10714.57,SYN.BTC-27MAR20,1567508343481,open,1.12,0.0,1.0445,1.1905,1.11502715,86.93,None,0.0,BTC-27MAR20-22000-P,10387.77,0.0,0.0,0.0,0.0,0.0,0.0,23.76407,-5.01695,-114.58613,4e-05,-0.781
10456.47,BTC-27SEP19,1567508343489,open,1.87,0.0,1.813,1.9285,1.86924618,136.54,None,0.0,BTC-27SEP19-30000-P,10387.77,0.0,0.0,0.0,0.0,0.0,0.0,0.18716,-0.53513,-19.61004,0.0,-0.99777
10714.57,SYN.BTC-27MAR20,1567508343482,open,2.75,1.0,2.664,2.841,2.74725967,92.19,2.7125,0.0,BTC-27MAR20-40000-P,10387.77,0.0,0.0,0.0,0.0,0.0,0.0,9.56277,-2.14112,-222.84986,2e-05,-0.94018
10415.5,SYN.BTC-13SEP19,1567508343482,open,0.05,176.3,0.0225,0.075,0.04886834,80.23,0.054,0.0,BTC-13SEP19-10500-C,10387.77,78.15,0.0475,4.2,0.05,0.2,81.96,6.83475,-27.76408,1.27668,0.00029,0.5019
10395.32,SYN.BTC-6SEP19,1567508343482,open,0.0,65.8,0.0005,0.0105,2.15e-06,120.02,0.0005,0.0,BTC-6SEP19-7000-P,10387.77,0.0,0.0,0.0,0.0005,17.0,192.96,0.00307,-0.02237,-7e-05,0.0,-8e-05
10714.57,SYN.BTC-27MAR20,1567508343482,open,2.38,0.0,2.2995,2.4665,2.3781586,90.96,None,0.0,BTC-27MAR20-36000-P,10387.77,0.0,0.0,0.0,0.0,0.0,0.0,11.50597,-2.54172,-199.5655,2e-05,-0.924
10714.57,SYN.BTC-27MAR20,1567508343481,open,1.29,0.0,1.2195,1.367,1.2901946,87.48,None,0.0,BTC-27MAR20-24000-P,10387.77,0.0,0.0,0.0,0.0,0.0,0.0,21.43109,-4.55315,-127.26762,4e-05,-0.81567
10714.57,SYN.BTC-27MAR20,1567508343481,open,1.83,0.0,1.7555,1.911,1.82891406,89.21,None,0.0,BTC-27MAR20-30000-P,10387.77,0.0,0.0,0.0,0.0,0.0,0.0,15.59242,-3.37813,-164.03164,3e-05,-0.88528
10498.68,SYN.BTC-25OCT19,1567508343482,open,0.15,3.2,0.1095,0.1895,0.15009182,81.35,0.1465,0.0,BTC-25OCT19-11000-P,10387.77,77.64,0.1445,18.4,0.154,4.0,83.95,15.78992,-12.38125,-9.69269,0.00012,-0.4995
10498.68,SYN.BTC-25OCT19,1567508343482,open,0.01,88.0,0.0015,0.0265,0.01104698,83.86,0.012,0.0,BTC-25OCT19-17000-C,10387.77,82.92,0.0105,5.2,0.012,24.0,85.44,6.20805,-5.01787,1.117,5e-05,0.08591
10415.5,SYN.BTC-13SEP19,1567508343482,open,0.01,88.6,0.0005,0.0205,0.00694541,85.18,0.0085,0.0,BTC-13SEP19-12500-C,10387.77,80.22,0.0055,15.4,0.007,30.0,85.36,3.19978,-13.79914,0.28751,0.00013,0.10897
10714.57,SYN.BTC-27MAR20,1567508343483,open,2.2,0.0,2.118,2.2815,2.19501777,90.93,None,0.0,BTC-27MAR20-34000-P,10387.77,0.0,0.0,0.0,0.0,0.0,0.0,12.91405,-2.85183,-187.73676,2e-05,-0.91142
10714.57,SYN.BTC-27MAR20,1567508343481,open,1.65,0.0,1.5755,1.728,1.64776494,88.65,None,0.0,BTC-27MAR20-28000-P,10387.77,0.0,0.0,0.0,0.0,0.0,0.0,17.34015,-3.7334,-151.94751,3e-05,-0.86647
10455.73,BTC-27SEP19,1567508343504,open,0.04,1302.4,0.0145,0.062,0.0367042,84.6,0.0355,0.0,BTC-27SEP19-12000-C,10387.77,82.67,0.035,2.0,0.0375,13.1,85.5,9.27803,-16.43831,1.79117,0.00015,0.29859
10395.32,SYN.BTC-6SEP19,1567508343526,open,0.03,194.6,0.0095,0.058,0.03298163,77.72,0.033,0.0,BTC-6SEP19-10500-P,10387.77,69.24,0.03,0.1,0.0345,5.6,82.04,3.65856,-49.44128,-0.47263,0.00055,-0.54409
10714.57,SYN.BTC-27MAR20,1567508343597,open,0.16,75.8,0.104,0.209,0.15783381,84.45,0.148,0.0,BTC-27MAR20-14000-C,10387.77,82.5,0.152,0.4,0.1605,10.0,85.35,31.92777,-6.54873,18.16322,6e-05,0.45838
10714.57,SYN.BTC-27MAR20,1567508343634,open,0.12,108.9,0.0715,0.17,0.1207023,84.47,0.122,0.0,BTC-27MAR20-16000-C,10387.77,83.34,0.1175,0.4,0.122,2.9,84.92,30.54957,-6.26689,15.45365,6e-05,0.37641
10415.5,SYN.BTC-13SEP19,1567508343675,open,0.19,0.1,0.168,0.208,0.18768775,83.39,0.1275,0.0,BTC-13SEP19-8500-C,10387.77,69.78,0.1855,10.0,0.192,0.4,101.3,2.05525,-8.67688,2.11856,8e-05,0.93946
10498.68,SYN.BTC-25OCT19,1567508343930,open,0.1,9.2,0.061,0.131,0.09615765,80.98,0.1085,0.0,BTC-25OCT19-10000-P,10387.77,78.76,0.093,0.4,0.0975,4.6,81.9,15.03958,-11.73891,-7.06797,0.00012,-0.3775
10595.79,BTC-27DEC19,1567508344138,open,3.53,0.0,3.4415,3.628,3.53136252,100.07,None,0.0,BTC-27DEC19-48000-P,10387.77,0.0,0.0,0.0,0.0,0.0,0.0,1.29837,-0.56551,-150.84576,0.0,-0.99203
179.43,ETH-27DEC19,1567508344158,open,0.02,0.0,0.007,0.044,0.022073,90.34,None,0.0,ETH-27DEC19-380-C,176.55,87.32,0.019,760.0,0.025,260.0,93.03,0.18912,-0.07436,0.04958,0.00207,0.10987
10456.47,BTC-27SEP19,1567508344258,open,0.64,0.0,0.6315,0.651,0.64136478,0.0,None,0.0,BTC-27SEP19-3750-C,10387.77,0.0,0.0045,10.0,0.66,10.0,301.06,0.0,0.0,2.45298,0.0,1.0
10595.74,BTC-27DEC19,1567508344390,open,0.09,497.4,0.05,0.129,0.08905335,82.92,0.0905,0.0,BTC-27DEC19-14000-C,10387.77,81.46,0.086,24.0,0.091,3.2,83.85,22.17553,-8.00364,8.93784,8e-05,0.35707
10595.74,BTC-27DEC19,1567508344400,open,3.16,0.0,3.0715,3.2445,3.15438451,98.82,3.46,0.0,BTC-27DEC19-44000-P,10387.77,0.0,0.0,0.0,0.0,0.0,0.0,1.71959,-0.73965,-138.17303,0.0,-0.98901
10595.74,BTC-27DEC19,1567508344407,open,3.91,0.8,3.811,4.0145,3.90899394,105.24,3.59,0.0,BTC-27DEC19-52000-P,10387.77,0.0,0.001,1.0,0.0,0.0,0.0,1.3339,-0.61102,-163.42992,0.0,-0.99178
10595.74,BTC-27DEC19,1567508344435,open,0.07,435.3,0.0375,0.111,0.07307068,83.56,0.075,0.0,BTC-27DEC19-15000-C,10387.77,81.99,0.07,30.1,0.076,19.8,85.04,20.85253,-7.58373,7.76851,7e-05,0.30603
10456.31,BTC-27SEP19,1567508344506,open,0.18,101.2,0.1475,0.221,0.18441214,84.67,0.2225,0.0,BTC-27SEP19-12000-P,10387.77,79.64,0.18,2.0,0.189,10.5,89.78,9.28277,-16.46006,-6.05675,0.00015,-0.70111
10595.79,BTC-27DEC19,1567508344508,open,0.13,306.9,0.089,0.176,0.13381201,81.63,0.137,0.0,BTC-27DEC19-12000-C,10387.77,80.82,0.132,8.8,0.137,4.3,83.06,23.69268,-8.41837,11.64298,8e-05,0.48295
10498.68,SYN.BTC-25OCT19,1567508344566,open,0.01,88.0,0.0015,0.0265,0.01105096,83.86,0.012,0.0,BTC-25OCT19-17000-C,10387.77,82.92,0.0105,5.2,0.0115,24.0,84.62,6.20805,-5.01787,1.117,5e-05,0.08591
10715.32,SYN.BTC-27MAR20,1567508344609,open,0.11,130.2,0.0665,0.145,0.10558769,81.39,0.101,0.0,BTC-27MAR20-8000-P,10387.77,79.31,0.101,10.0,0.107,0.4,82.03,23.61567,-4.6682,-19.47307,4e-05,-0.21661
10456.31,BTC-27SEP19,1567508344630,open,0.15,0.0,0.112,0.184,0.14830099,83.96,None,0.0,BTC-27SEP19-11500-P,10387.77,78.95,0.1435,7.0,0.1525,17.8,88.29,10.08428,-17.72991,-5.3334,0.00017,-0.63146
10499.34,SYN.BTC-25OCT19,1567508344640,open,0.22,0.0,0.1715,0.257,0.21487825,81.87,None,0.0,BTC-25OCT19-12000-P,10387.77,0.0,0.0,0.0,0.0,0.0,0.0,15.1902,-11.98665,-12.30439,0.00012,-0.60969
10715.32,SYN.BTC-27MAR20,1567508344695,open,0.08,45.6,0.037,0.12,0.07618732,86.14,0.076,0.0,BTC-27MAR20-20000-C,10387.77,84.61,0.0725,0.4,0.079,10.0,87.28,26.139,-5.46818,11.15119,5e-05,0.26069
10416.19,SYN.BTC-13SEP19,1567508344727,open,0.3,0.0,0.271,0.331,0.29925843,92.91,None,0.0,BTC-13SEP19-13500-P,10387.77,0.0,0.0,0.0,0.0,0.0,0.0,1.83872,-8.64908,-3.51354,7e-05,-0.94744
10499.34,SYN.BTC-25OCT19,1567508344739,open,0.27,0.0,0.238,0.292,0.26543267,81.38,None,0.0,BTC-25OCT19-8000-C,10387.77,0.0,0.0,0.0,0.0,0.0,0.0,9.1988,-7.21505,8.73396,7e-05,0.85073
10715.32,SYN.BTC-27MAR20,1567508344750,open,0.04,1.6,0.015,0.0765,0.04129142,87.99,0.0375,0.0,BTC-27MAR20-26000-C,10387.77,86.41,0.0385,4.9,0.043,22.0,88.93,19.25963,-4.11579,6.93427,3e-05,0.15602
10595.79,BTC-27DEC19,1567508344795,open,0.13,306.9,0.089,0.176,0.13381201,81.63,0.137,0.0,BTC-27DEC19-12000-C,10387.77,80.82,0.132,8.4,0.137,4.3,83.06,23.69268,-8.41837,11.64298,8e-05,0.48295
10595.79,BTC-27DEC19,1567508344803,open,0.03,220.3,0.01,0.0455,0.02565575,81.46,0.0255,0.0,BTC-27DEC19-6500-P,10387.77,80.25,0.0245,5.0,0.027,6.0,82.84,10.21662,-3.62252,-4.0966,4e-05,-0.09719
10715.32,SYN.BTC-27MAR20,1567508344842,open,0.16,75.8,0.104,0.209,0.15787253,84.45,0.148,0.0,BTC-27MAR20-14000-C,10387.77,82.15,0.151,9.0,0.1605,10.0,85.34,31.93033,-6.54918,18.16583,6e-05,0.45842
10715.32,SYN.BTC-27MAR20,1567508344844,open,0.16,75.8,0.104,0.209,0.15787253,84.45,0.148,0.0,BTC-27MAR20-14000-C,10387.77,82.32,0.1515,10.0,0.1605,10.0,85.34,31.93033,-6.54918,18.16583,6e-05,0.45842
176.64,SYN.ETH-6SEP19,1567508344856,open,0.21,0.0,0.183,0.232,0.207885,118.55,None,0.0,ETH-6SEP19-140-C,176.55,0.0,0.0,0.0,0.0,0.0,0.0,0.00484,-0.09982,0.01086,0.00166,0.98815
10396.04,SYN.BTC-6SEP19,1567508344872,open,0.11,3.5,0.085,0.136,0.10927944,83.86,0.1745,0.0,BTC-6SEP19-11500-P,10387.77,0.0,0.096,1.1,0.1175,1.1,124.21,1.54338,-22.50459,-0.83192,0.00022,-0.90634
181.45,SYN.ETH-27MAR20,1567508344886,open,0.58,1.0,0.556,0.601,0.578863,85.51,0.569,0.0,ETH-27MAR20-80-C,176.55,0.0,0.07,20.0,0.599,3.0,106.24,0.15204,-0.03157,0.37453,0.00096,0.9448
10714.57,SYN.BTC-27MAR20,1567508344890,open,0.12,108.9,0.0715,0.17,0.1207172,84.47,0.122,0.0,BTC-27MAR20-16000-C,10387.77,82.99,0.1165,10.0,0.122,2.9,84.92,30.54957,-6.26689,15.45365,6e-05,0.37641
10714.57,SYN.BTC-27MAR20,1567508344892,open,0.12,108.9,0.0715,0.17,0.1207172,84.47,0.122,0.0,BTC-27MAR20-16000-C,10387.77,83.16,0.117,10.0,0.122,2.9,84.92,30.54957,-6.26689,15.45365,6e-05,0.37641
10499.21,SYN.BTC-25OCT19,1567508344944,open,0.05,6.1,0.0235,0.0795,0.05012538,82.44,0.054,0.0,BTC-25OCT19-13000-C,10387.77,80.02,0.047,21.9,0.052,0.4,83.87,13.70646,-10.89038,3.68886,0.00011,0.29733
181.45,SYN.ETH-27MAR20,1567508344966,open,0.02,422.0,0.008,0.035,0.01977,85.54,0.018,0.0,ETH-27MAR20-80-P,176.55,75.26,0.012,300.0,0.018,240.0,83.38,0.15212,-0.0316,-0.07677,0.00096,-0.05524
10456.31,BTC-27SEP19,1567508345008,open,0.18,101.2,0.1475,0.221,0.18436288,84.67,0.2225,0.0,BTC-27SEP19-12000-P,10387.77,80.22,0.1805,0.4,0.189,10.5,89.78,9.28277,-16.46006,-6.05675,0.00015,-0.70111
181.45,SYN.ETH-27MAR20,1567508345049,open,0.42,2.0,0.376,0.455,0.418378,85.52,0.388,0.0,ETH-27MAR20-120-C,176.55,74.42,0.398,175.0,0.431,175.0,92.16,0.3413,-0.07089,0.42407,0.00215,0.83272
10396.04,SYN.BTC-6SEP19,1567508345049,open,0.14,50.6,0.117,0.1555,0.13565796,93.87,0.139,0.0,BTC-6SEP19-9000-C,10387.77,0.0,0.133,12.0,0.1415,0.4,141.14,0.76544,-12.49296,0.67674,0.0001,0.96183
10499.21,SYN.BTC-25OCT19,1567508345079,open,0.03,7.5,0.0105,0.048,0.02743326,81.43,0.026,0.0,BTC-25OCT19-8000-P,10387.77,79.78,0.026,4.5,0.0295,44.0,83.76,9.20354,-7.22339,-2.6385,7e-05,-0.14939
10715.27,SYN.BTC-27MAR20,1567508345112,open,0.27,35.0,0.215,0.3135,0.26686372,81.37,0.27,0.0,BTC-27MAR20-10000-C,10387.77,79.6,0.262,0.4,0.2695,3.4,82.33,29.41153,-5.81249,23.8966,6e-05,0.66225
10715.32,SYN.BTC-27MAR20,1567508345126,open,0.33,34.4,0.261,0.3835,0.32366738,83.09,0.3185,0.0,BTC-27MAR20-12000-P,10387.77,80.83,0.317,3.6,0.3285,0.4,84.7,31.83243,-6.42365,-46.64583,6e-05,-0.44806
10499.34,SYN.BTC-25OCT19,1567508345173,open,0.07,25.2,0.04,0.104,0.07189731,81.82,0.073,0.0,BTC-25OCT19-12000-C,10387.77,79.83,0.069,10.0,0.0735,0.4,82.94,15.1887,-11.97823,4.74967,0.00012,0.39017
10715.27,SYN.BTC-27MAR20,1567508345191,open,0.94,0.0,0.872,1.0165,0.94280411,86.19,None,0.0,BTC-27MAR20-20000-P,10387.77,0.0,0.0005,2.0,0.0,0.0,0.0,26.15131,-5.47393,-101.65023,5e-05,-0.73907
181.45,SYN.ETH-27MAR20,1567508345203,open,0.3,222.0,0.246,0.346,0.300505,85.52,0.277,0.0,ETH-27MAR20-160-C,176.55,80.76,0.288,184.0,0.306,24.0,87.62,0.47564,-0.09879,0.40626,0.00299,0.69744
176.64,SYN.ETH-6SEP19,1567508345245,open,0.16,40.0,0.125,0.178,0.151788,98.46,0.117,0.0,ETH-6SEP19-150-C,176.55,0.0,0.0,0.0,0.0,0.0,0.0,0.01001,-0.17132,0.01142,0.00413,0.97222
181.45,SYN.ETH-27MAR20,1567508345279,open,0.18,137.0,0.128,0.233,0.18232,85.54,0.182,0.0,ETH-27MAR20-160-P,176.55,81.99,0.173,162.0,0.185,3.0,86.57,0.47563,-0.09881,-0.49625,0.00299,-0.30255
10595.74,BTC-27DEC19,1567508345300,open,0.11,278.8,0.067,0.1505,0.10907881,82.33,0.1125,0.0,BTC-27DEC19-13000-C,10387.77,80.92,0.106,22.7,0.1115,0.4,83.43,23.18805,-8.30897,10.23893,8e-05,0.41612
181.45,SYN.ETH-27MAR20,1567508345367,open,0.22,495.0,0.159,0.265,0.21661,85.53,0.202,0.0,ETH-27MAR20-200-C,176.55,82.95,0.209,205.0,0.225,445.0,88.37,0.5359,-0.11131,0.35899,0.00337,0.56736
10595.74,BTC-27DEC19,1567508345433,open,0.04,462.8,0.016,0.0725,0.04133183,85.26,0.0415,0.0,BTC-27DEC19-18000-C,10387.77,84.06,0.0395,8.9,0.0425,0.4,86.02,16.26017,-6.03406,5.0409,5e-05,0.19249
10456.34,BTC-27SEP19,1567508345498,open,0.01,581.6,0.0005,0.0175,0.00603054,87.53,0.005,0.0,BTC-27SEP19-15000-C,10387.95,84.26,0.005,5.2,0.0065,46.0,88.92,3.46373,-6.3489,0.4157,6e-05,0.06681
10416.12,SYN.BTC-13SEP19,1567508345496,open,0.02,42.7,0.0045,0.0395,0.01916192,82.47,0.019,0.0,BTC-13SEP19-9500-P,10387.95,80.11,0.018,4.1,0.0205,34.0,85.14,5.17298,-21.59829,-0.69566,0.00021,-0.22768
10499.21,SYN.BTC-25OCT19,1567508345515,open,0.1,9.2,0.061,0.131,0.09615749,80.98,0.1085,0.0,BTC-25OCT19-10000-P,10387.95,79.13,0.0935,10.0,0.0975,4.6,81.92,15.03956,-11.73877,-7.06701,0.00012,-0.37744
10595.87,BTC-27DEC19,1567508345541,open,0.02,245.0,0.006,0.045,0.02127754,87.93,0.0185,0.0,BTC-27DEC19-22000-C,10387.95,86.69,0.02,0.4,0.0225,21.0,89.08,11.06989,-4.23661,2.90967,4e-05,0.10853
176.64,SYN.ETH-6SEP19,1567508345598,open,0.11,80.0,0.068,0.127,0.098463,91.95,0.092,0.0,ETH-6SEP19-160-C,176.55,0.0,0.094,40.0,0.101,40.0,106.18,0.02852,-0.45603,0.01108,0.01262,0.89494
10595.69,BTC-27DEC19,1567508345637,open,0.06,582.7,0.0345,0.0945,0.0635659,80.89,0.062,0.0,BTC-27DEC19-8000-P,10387.95,79.57,0.0615,0.4,0.0645,4.9,81.49,16.57869,-5.83723,-8.74744,6e-05,-0.19875
10499.21,SYN.BTC-25OCT19,1567508345694,open,0.06,19.5,0.029,0.084,0.05539992,81.17,0.058,0.0,BTC-25OCT19-9000-P,10387.95,79.6,0.0535,0.4,0.0585,50.8,83.72,12.72945,-9.95873,-4.64294,0.0001,-0.25575
10396.03,SYN.BTC-6SEP19,1567508345714,open,0.14,50.6,0.117,0.156,0.13565796,94.66,0.139,0.0,BTC-6SEP19-9000-C,10387.95,0.0,0.133,12.0,0.141,4.0,138.15,0.7848,-12.91717,0.67571,0.0001,0.96064
10456.34,BTC-27SEP19,1567508345716,open,0.35,54.0,0.316,0.3855,0.34949024,85.37,0.466,0.0,BTC-27SEP19-14000-P,10387.95,41.07,0.339,4.0,0.3635,4.0,109.28,5.02256,-8.97917,-8.47912,8e-05,-0.89019
10456.16,BTC-27SEP19,1567508345718,open,0.44,32.5,0.408,0.477,0.44057103,87.47,0.471,0.0,BTC-27SEP19-15000-P,10387.95,0.0,0.429,4.0,0.455,4.0,118.23,3.45722,-6.3327,-9.39719,6e-05,-0.93335
10595.87,BTC-27DEC19,1567508345720,open,0.41,291.5,0.3545,0.4655,0.41033766,82.93,0.4235,0.0,BTC-27DEC19-14000-P,10387.95,74.25,0.3925,5.0,0.421,5.0,87.98,22.17646,-8.0045,-35.12344,8e-05,-0.6429
10456.34,BTC-27SEP19,1567508345736,open,0.43,713.5,0.415,0.4405,0.4271496,99.23,0.416,0.0,BTC-27SEP19-6000-C,10387.95,0.0,0.4165,10.0,0.43,0.1,123.87,0.73093,-1.51892,3.84778,1e-05,0.98971
10456.16,BTC-27SEP19,1567508345739,open,0.18,101.2,0.1475,0.221,0.18436288,84.6,0.2225,0.0,BTC-27SEP19-12000-P,10387.95,80.2,0.1805,0.4,0.1885,7.0,89.22,9.2793,-16.44035,-6.05794,0.00015,-0.70134
176.86,SYN.ETH-13SEP19,1567508345769,open,0.33,0.0,0.301,0.344,0.322439,111.33,None,0.0,ETH-13SEP19-120-C,176.55,0.0,0.0,0.0,0.0,0.0,0.0,0.0101,-0.05694,0.03177,0.00107,0.98644
181.45,SYN.ETH-27MAR20,1567508345791,open,0.66,81.0,0.581,0.742,0.663543,87.29,0.582,0.0,ETH-27MAR20-280-P,176.55,0.0,0.0,0.0,0.674,3.0,90.95,0.51419,-0.109,-1.32471,0.00317,-0.63078
10715.27,SYN.BTC-27MAR20,1567508345843,open,0.2,39.0,0.1485,0.254,0.20377355,83.06,0.206,0.0,BTC-27MAR20-12000-C,10387.95,81.47,0.199,0.4,0.206,6.9,83.82,31.83295,-6.42176,21.04012,6e-05,0.55187
176.64,SYN.ETH-6SEP19,1567508345878,open,0.01,345.0,0.001,0.036,0.013312,81.23,0.01,0.0,ETH-6SEP19-170-P,176.55,73.45,0.011,392.0,0.016,160.0,90.03,0.05325,-0.75206,-0.00415,0.02666,-0.28517
181.45,SYN.ETH-27MAR20,1567508345881,open,0.1,208.0,0.047,0.135,0.09118,87.69,0.09,0.0,ETH-27MAR20-320-C,176.55,85.68,0.086,512.0,0.093,3.0,88.38,0.47188,-0.10049,0.21096,0.0029,0.2973
10416.12,SYN.BTC-13SEP19,1567508345887,open,0.19,0.1,0.168,0.208,0.18777351,83.36,0.1275,0.0,BTC-13SEP19-8500-C,10387.95,73.2,0.186,0.4,0.192,0.4,101.15,2.05279,-8.66421,2.11884,8e-05,0.93956
176.86,SYN.ETH-13SEP19,1567508345891,open,0.0,0.0,0.001,0.011,0.000947,111.72,None,0.0,ETH-13SEP19-120-P,176.55,0.0,0.0,0.0,0.001,200.0,112.61,0.01026,-0.05804,-0.00071,0.00109,-0.01381
177.96,SYN.ETH-25OCT19,1567508345914,open,0.0,1100.0,0.001,0.013,0.003464,85.26,0.003,0.0,ETH-25OCT19-100-P,176.55,77.61,0.002,300.0,0.005,160.0,91.44,0.03967,-0.0326,-0.00729,0.00103,-0.02535
10416.12,SYN.BTC-13SEP19,1567508345929,open,0.15,5.5,0.1215,0.1685,0.14514456,82.93,0.0945,0.0,BTC-13SEP19-9000-C,10387.95,76.35,0.143,0.4,0.149,0.4,93.46,3.57143,-14.99607,2.05052,0.00015,0.87273
181.45,SYN.ETH-27MAR20,1567508345961,open,0.85,1.0,0.769,0.939,0.854809,87.72,0.827,0.0,ETH-27MAR20-320-P,176.55,0.0,0.0,0.0,0.87,3.0,93.45,0.47201,-0.10056,-1.5939,0.0029,-0.70252
176.86,SYN.ETH-13SEP19,1567508345976,open,0.27,0.0,0.243,0.289,0.265959,91.77,None,0.0,ETH-13SEP19-130-C,176.55,0.0,0.0,0.0,0.0,0.0,0.0,0.0124,-0.05761,0.0343,0.0016,0.98278
176.86,SYN.ETH-13SEP19,1567508346051,open,0.0,600.0,0.001,0.011,0.00101,92.11,0.002,0.0,ETH-13SEP19-130-P,176.55,0.0,0.0,0.0,0.002,403.0,103.18,0.01259,-0.05874,-0.00089,0.00162,-0.01754
181.45,SYN.ETH-27MAR20,1567508346125,open,1.04,0.0,0.968,1.147,1.05685,89.3,None,0.0,ETH-27MAR20-360-P,176.55,0.0,0.0,0.0,1.074,3.0,96.31,0.42964,-0.09318,-1.85305,0.00259,-0.75369
176.64,SYN.ETH-6SEP19,1567508346135,open,0.03,424.0,0.01,0.07,0.039161,80.18,0.035,0.0,ETH-6SEP19-180-P,176.55,68.05,0.035,253.0,0.042,320.0,88.39,0.06093,-0.84947,-0.00876,0.03091,-0.59058
10396.03,SYN.BTC-6SEP19,1567508346141,open,0.28,0.0,0.264,0.293,0.27859777,120.48,0.2645,0.0,BTC-6SEP19-7500-C,10387.95,0.0,0.2725,1.1,0.2875,5.0,277.17,0.02952,-0.61833,0.5901,0.0,0.99905
179.43,ETH-27DEC19,1567508346193,open,0.02,2899.0,0.006,0.031,0.016808,82.65,0.014,0.0,ETH-27DEC19-100-P,176.55,80.13,0.015,200.0,0.018,40.0,84.25,0.13182,-0.04742,-0.04776,0.00157,-0.06777
177.96,SYN.ETH-25OCT19,1567508346193,open,0.03,11.0,0.014,0.058,0.034436,82.31,0.045,0.0,ETH-25OCT19-140-P,176.55,79.8,0.032,462.0,0.037,3.0,84.91,0.17395,-0.13801,-0.05338,0.0047,-0.17662
176.64,SYN.ETH-6SEP19,1567508346206,open,0.0,5.0,0.001,0.011,8e-06,124.99,0.002,0.0,ETH-6SEP19-260-C,176.55,0.0,0.0,0.0,0.001,200.0,196.93,0.00018,-0.00148,0.0,6e-05,0.0003
179.43,ETH-27DEC19,1567508346212,open,0.0,3856.0,0.001,0.012,0.002582,104.32,0.003,0.0,ETH-27DEC19-760-C,176.55,94.11,0.001,655.0,0.004,340.0,110.05,0.03779,-0.01716,0.00693,0.00036,0.01485
177.31,ETH-27SEP19,1567508346214,open,0.02,1730.0,0.005,0.039,0.019736,84.04,0.024,0.0,ETH-27SEP19-220-C,176.55,81.46,0.018,606.0,0.022,131.0,87.29,0.12108,-0.21309,0.01918,0.00701,0.18507
179.43,ETH-27DEC19,1567508346214,open,0.09,3062.0,0.05,0.129,0.090017,84.94,0.083,0.0,ETH-27DEC19-240-C,176.55,82.53,0.085,240.0,0.094,200.0,86.84,0.37472,-0.13854,0.1496,0.00435,0.35492
177.31,ETH-27SEP19,1567508346217,open,0.01,1754.0,0.001,0.016,0.005512,89.88,0.006,0.0,ETH-27SEP19-260-C,176.55,84.51,0.004,880.0,0.007,380.0,94.42,0.0544,-0.1024,0.00638,0.00294,0.06054
177.31,ETH-27SEP19,1567508346219,open,0.68,850.0,0.643,0.749,0.693915,96.99,0.8,0.0,ETH-27SEP19-300-P,176.55,0.0,0.049,15.0,0.697,3.0,112.93,0.02468,-0.05013,-0.1938,0.00124,-0.97703
177.31,ETH-27SEP19,1567508346219,open,0.0,839.0,0.001,0.011,1.7e-05,124.99,0.001,0.0,ETH-27SEP19-60-P,176.55,0.0,0.0,0.0,0.001,200.0,184.66,0.00033,-0.00087,-2e-05,1e-05,-0.00019
177.31,ETH-27SEP19,1567508346221,open,0.04,8205.0,0.017,0.066,0.039841,81.9,0.036,0.0,ETH-27SEP19-160-P,176.55,79.74,0.038,424.0,0.042,371.0,84.42,0.15155,-0.25994,-0.03662,0.009,-0.27588
179.43,ETH-27DEC19,1567508346223,open,0.0,2921.0,0.001,0.013,0.003498,97.82,0.002,0.0,ETH-27DEC19-640-C,176.55,91.35,0.002,250.0,0.005,500.0,102.59,0.04984,-0.02122,0.00962,0.0005,0.02053
177.31,ETH-27SEP19,1567508346225,open,0.0,11004.0,0.001,0.012,0.002243,82.97,0.001,0.0,ETH-27SEP19-120-P,176.55,72.84,0.001,450.0,0.003,260.0,87.48,0.02724,-0.04733,-0.00326,0.0016,-0.02583
177.31,ETH-27SEP19,1567508346242,open,0.35,2548.0,0.318,0.411,0.363589,86.41,0.404,0.0,ETH-27SEP19-240-P,176.55,0.0,0.053,5.0,0.365,3.0,89.37,0.08186,-0.14813,-0.1461,0.00461,-0.89605
177.31,ETH-27SEP19,1567508346244,open,0.16,2789.0,0.124,0.209,0.167294,82.29,0.185,0.0,ETH-27SEP19-200-P,176.55,75.31,0.161,440.0,0.17,3.0,85.23,0.16223,-0.27959,-0.09824,0.00959,-0.67971
177.31,ETH-27SEP19,1567508346249,open,0.25,1771.0,0.216,0.306,0.260431,83.94,0.297,0.0,ETH-27SEP19-220-P,176.55,54.98,0.245,240.0,0.262,3.0,86.21,0.12093,-0.21257,-0.12477,0.00701,-0.81529
176.64,SYN.ETH-6SEP19,1567508346249,open,0.01,258.0,0.001,0.022,0.006117,81.32,0.005,0.0,ETH-6SEP19-190-C,176.55,70.99,0.004,431.0,0.008,360.0,89.47,0.03893,-0.55042,0.00221,0.01947,0.16506
177.31,ETH-27SEP19,1567508346251,open,0.79,607.0,0.753,0.864,0.806114,101.49,0.761,0.0,ETH-27SEP19-320-P,176.55,0.0,0.0,0.0,1.39,1.0,500.0,0.01814,-0.03855,-0.20763,0.00087,-0.98402
177.31,ETH-27SEP19,1567508346251,open,0.0,3828.0,0.001,0.011,2.2e-05,125.01,0.001,0.0,ETH-27SEP19-560-C,176.55,0.0,0.0,0.0,0.001,299.0,170.74,0.00049,-0.00129,3e-05,2e-05,0.00029
177.31,ETH-27SEP19,1567508346255,open,0.0,2907.0,0.001,0.011,0.000328,125.01,0.001,0.0,ETH-27SEP19-440-C,176.55,0.0,0.0,0.0,0.001,394.0,140.16,0.00495,-0.01295,0.00039,0.00019,0.00365
179.43,ETH-27DEC19,1567508346255,open,2.32,0.0,2.248,2.458,2.348621,97.64,0.953,0.0,ETH-27DEC19-600-P,176.55,0.0,0.0,0.0,0.0,0.0,0.0,0.06238,-0.02651,-1.87588,0.00063,-0.97319
179.43,ETH-27DEC19,1567508346259,open,1.66,21.0,1.6,1.778,1.685128,93.76,0.629,0.0,ETH-27DEC19-480-P,176.55,0.0,0.001,7.0,0.0,0.0,0.0,0.11029,-0.04501,-1.48587,0.00116,-0.94605
179.43,ETH-27DEC19,1567508346259,open,1.23,16.0,1.172,1.331,1.248288,91.49,1.195,0.0,ETH-27DEC19-400-P,176.55,0.0,0.001,8.0,0.0,0.0,0.0,0.1713,-0.06821,-1.2155,0.00185,-0.90412
177.31,ETH-27SEP19,1567508346261,open,0.33,89.0,0.303,0.347,0.325501,83.22,0.302,0.0,ETH-27SEP19-120-C,176.55,0.0,0.0,0.0,0.327,3.0,91.49,0.02752,-0.04795,0.0752,0.00161,0.97386
179.43,ETH-27DEC19,1567508346261,open,1.45,0.0,1.386,1.555,1.466698,93.76,None,0.0,ETH-27DEC19-440-P,176.55,0.0,0.001,8.0,0.0,0.0,0.0,0.14192,-0.05792,-1.35085,0.00149,-0.92539
177.96,SYN.ETH-25OCT19,1567508346261,open,0.18,0.0,0.134,0.209,0.174156,82.2,None,0.0,ETH-25OCT19-160-C,176.55,77.56,0.168,336.0,0.18,240.0,86.59,0.23641,-0.18731,0.13069,0.00639,0.69086
179.43,ETH-27DEC19,1567508346279,open,0.04,7314.0,0.018,0.064,0.039747,82.65,0.037,0.0,ETH-27DEC19-120-P,176.55,79.55,0.036,477.0,0.041,40.0,83.67,0.21943,-0.07894,-0.09913,0.00262,-0.13579
177.31,ETH-27SEP19,1567508346279,open,0.0,5974.0,0.001,0.011,0.00187,112.53,0.001,0.0,ETH-27SEP19-100-P,176.55,0.0,0.0,0.0,0.001,200.0,102.53,0.01856,-0.04375,-0.00212,0.0008,-0.01642
