underlying_price,underlying_index,timestamp,state,settlement_price,open_interest,min_price,max_price,mark_price,mark_iv,last_price,interest_rate,instrument_name,index_price,bid_iv,best_bid_price,best_bid_amount,best_ask_price,best_ask_amount,ask_iv,vega,theta,rho,gamma,delta
163.66,index_price,1556103539988,open,0.06,6.0,0.051935,0.084855,0.058389,70.98,0.075,0.2,ETH-3MAY19-160-C,163.66,61.81,0.053,117.0,0.062,150.0,76.99,0.09723,-0.43907,0.02232,0.02103,0.61929
5418.34,index_price,1556103539993,open,0.5,10.2,0.49246448,0.49246448,0.49240172,0.0,0.006,0,BTC-26APR19-2750-C,5418.34,0.0,0.0005,25.2,0.0,0.0,0.0,0.0,0.0,0.14132,0.0,1.0
5393.59,BTC-28JUN19,1556103539991,open,0.1,55.1,0.08658598,0.14532854,0.10935395,58.54,0.1065,0.0,BTC-28JUN19-5500-P,5418.34,56.84,0.1065,21.7,0.1115,10.8,59.82,9.0627,-4.08889,-5.67251,0.0003,-0.48236
163.66,index_price,1556103539999,open,0.16,931.0,0.157979,0.178221,0.161927,75.18,0.182,0.2,ETH-3MAY19-190-P,163.66,68.55,0.16,50.0,0.171,50.0,99.23,0.05118,-0.12333,-0.04145,0.01045,-0.87958
5418.34,index_price,1556103540024,open,0.1,43.6,0.10037651,0.14400038,0.11019987,58.02,0.111,0,BTC-31MAY19-5750-P,5418.34,57.85,0.11,14.4,0.112,6.5,59.47,6.69138,-5.26376,-3.83813,0.00039,-0.59094
167.91,ETH-27SEP19,1556103540032,open,0.15,1817.0,0.129346,0.215151,0.14886,67.86,0.126,0.0,ETH-27SEP19-160-P,163.66,65.52,0.143,125.0,0.154,314.0,69.97,0.41448,-0.09023,-0.37237,0.00507,-0.37049
5418.34,index_price,1556103540042,open,0.0,59.0,0.00025305,0.02086105,0.00334555,62.62,0.008,0,BTC-3MAY19-6250-C,5418.34,61.07,0.003,8.2,0.0045,16.7,67.3,1.2415,-4.37979,0.09938,0.00028,0.07877
5418.34,index_price,1556103540044,open,0.0,59.0,0.00025305,0.02086105,0.00334555,62.62,0.008,0,BTC-3MAY19-6250-C,5418.34,61.07,0.003,8.2,0.0045,16.5,67.3,1.2415,-4.37979,0.09938,0.00028,0.07877
167.91,ETH-27SEP19,1556103540051,open,0.26,155.0,0.240425,0.315783,0.257724,68.14,0.26,0.0,ETH-27SEP19-140-C,163.66,65.95,0.253,102.0,0.263,102.0,70.63,0.35876,-0.07841,0.34296,0.00437,0.73594
5394.26,BTC-28JUN19,1556103540061,open,0.14,773.2,0.12258112,0.16101306,0.13626639,58.99,0.1335,0.0,BTC-28JUN19-5000-C,5418.34,57.18,0.1335,10.6,0.137,0.1,59.47,8.27319,-3.76118,5.08124,0.00027,0.66623
166.03,ETH-28JUN19,1556103540082,open,0.2,337.0,0.191291,0.265483,0.200059,66.99,0.242,0.0,ETH-28JUN19-140-C,163.66,64.6,0.197,99.0,0.203,103.0,69.31,0.21158,-0.10924,0.16875,0.00645,0.77186
5390.92,BTC-27SEP19,1556103540091,open,0.09,39.0,0.08056801,0.14003179,0.09838352,61.84,0.0845,0.0,BTC-27SEP19-4750-P,5418.34,60.14,0.0945,5.9,0.1,3.0,62.55,12.30734,-2.44132,-9.24502,0.00016,-0.30318
166.02,ETH-28JUN19,1556103540101,open,0.16,376.0,0.151595,0.234445,0.161363,66.63,0.163,0.0,ETH-28JUN19-150-C,163.66,63.68,0.157,136.0,0.165,216.0,69.08,0.24621,-0.12643,0.1566,0.00754,0.69206
5418.34,index_price,1556103540103,open,0.1,11.8,0.08000444,0.11137169,0.08802043,62.6,0.106,0,BTC-3MAY19-5000-C,5418.34,56.45,0.0855,8.6,0.0885,6.3,63.72,2.30483,-8.12791,0.94913,0.00052,0.80838
166.03,ETH-28JUN19,1556103540108,open,0.16,4460.0,0.152224,0.244381,0.163184,66.74,0.174,0.0,ETH-28JUN19-180-P,163.66,63.49,0.158,220.0,0.166,113.0,68.3,0.27627,-0.14211,-0.21295,0.00845,-0.55821
5418.34,index_price,1556103540110,open,0.1,11.8,0.08000444,0.11137169,0.08802043,62.6,0.106,0,BTC-3MAY19-5000-C,5418.34,56.45,0.0855,8.6,0.089,8.7,64.88,2.30483,-8.12791,0.94913,0.00052,0.80838
5391.59,BTC-27SEP19,1556103540113,open,0.64,0.0,0.62969833,0.65528363,0.63570146,71.71,None,0.0,BTC-27DEC19-2000-C,5418.34,0.0,0.0005,0.2,0.0,0.0,0.0,2.50879,-0.36435,12.40784,2e-05,0.97595
163.66,index_price,1556103540123,open,0.04,166.0,0.03044,0.044908,0.033854,73.67,0.052,0,ETH-26APR19-160-C,163.66,74.08,0.034,59.0,0.035,50.0,77.94,0.04221,-0.82887,0.00539,0.04163,0.67533
5418.34,index_price,1556103540121,open,0.01,118.7,0.01059791,0.02890337,0.01262457,57.27,0.01,0,BTC-26APR19-5375-P,5418.34,53.24,0.0115,8.0,0.0135,18.0,60.4,1.5138,-23.11177,-0.11891,0.00175,-0.41444
5391.59,BTC-27SEP19,1556103540130,open,0.55,0.0,0.53961427,0.5864012,0.5503222,67.56,None,0.0,BTC-27DEC19-2500-C,5418.34,0.0,0.0005,0.2,0.0,0.0,0.0,4.45239,-0.60921,14.63523,3e-05,0.95165
5418.34,index_price,1556103540136,open,0.18,3.0,0.16951085,0.18056038,0.17154376,71.78,0.1895,0,BTC-3MAY19-4500-C,5418.34,0.0,0.0005,5.2,0.0,0.0,0.0,0.77429,-3.13075,1.0347,0.00015,0.95685
5394.26,BTC-28JUN19,1556103540137,open,0.23,0.0,0.22285826,0.27185649,0.24213157,60.06,None,0.0,BTC-28JUN19-6500-P,5418.34,53.68,0.2335,1.5,0.2465,1.5,63.15,7.53316,-3.48685,-9.31123,0.00024,-0.72902
5391.59,BTC-27SEP19,1556103540135,open,0.07,50.8,0.06206148,0.117387,0.07937841,62.29,0.07,0.0,BTC-27SEP19-4500-P,5418.34,60.69,0.076,5.5,0.0805,3.0,62.82,11.39743,-2.27745,-7.78265,0.00015,-0.25863
163.66,index_price,1556103540142,open,0.15,146.0,0.160946,0.162178,0.161656,103.12,0.172,0,ETH-26APR19-190-P,163.66,0.0,0.158,50.0,0.165,50.0,147.38,0.00657,-0.18057,-0.00957,0.00463,-0.97625
5394.31,BTC-28JUN19,1556103540147,open,2.67,0.4,2.70761043,2.70761267,2.70844916,113.48,5.076,0.0,BTC-28JUN19-20000-P,5418.34,0.0,0.0005,0.2,0.0,0.0,0.0,0.39894,-0.34892,-35.49678,1e-05,-0.99378
163.66,index_price,1556103540152,open,0.01,531.0,0.004535,0.017644,0.007466,73.87,0.011,0,ETH-26APR19-170-C,163.66,71.72,0.007,75.0,0.01,405.0,84.69,0.03686,-0.72572,0.002,0.03625,0.24469
5391.59,BTC-27SEP19,1556103540156,open,0.01,336.1,0.00123478,0.0108952,0.00721591,73.03,0.0085,0.0,BTC-27SEP19-2500-P,5418.34,70.32,0.006,5.8,0.008,24.0,74.64,2.54362,-0.59584,-0.90815,3e-05,-0.03223
163.66,index_price,1556103540155,open,0.09,156.0,0.083791,0.089352,0.085137,82.09,0.09,0,ETH-26APR19-150-C,163.66,79.96,0.085,117.0,0.088,50.0,105.94,0.01496,-0.32734,0.00714,0.01324,0.93453
5418.34,index_price,1556103540164,open,0.0,402.3,2.466e-05,0.00125014,0.00075325,77.33,0.001,0,BTC-26APR19-6000-C,5418.34,72.19,0.0005,85.0,0.0015,40.3,88.2,0.30021,-4.08138,0.00954,0.00026,0.03501
163.66,index_price,1556103540173,open,0.1,130.0,0.100054,0.10516,0.102054,90.51,0.114,0,ETH-26APR19-180-P,163.66,0.0,0.098,50.0,0.104,50.0,107.09,0.01674,-0.40379,-0.00863,0.01343,-0.92424
5418.34,index_price,1556103540181,open,0.0,432.1,0.0,2.668e-05,0.0001358,99.72,0.001,0,BTC-26APR19-6500-C,5418.34,0.0,0.0,0.0,0.0005,15.0,117.39,0.06633,-0.73583,0.00164,4e-05,0.00603
5418.34,index_price,1556103540183,open,0.0,172.5,0.0,4.1e-07,5.8e-06,100.05,0.0005,0,BTC-26APR19-4250-P,5418.34,0.0,0.0,0.0,0.0005,15.0,155.0,0.00444,-0.03143,-9e-05,0.0,-0.00031
5391.59,BTC-27SEP19,1556103540183,open,0.48,0.0,0.45404696,0.52533831,0.47081956,65.26,None,0.0,BTC-27DEC19-3000-C,5418.34,0.0,0.0005,0.1,0.0,0.0,0.0,7.00953,-0.9264,16.13204,5e-05,0.91319
5394.31,BTC-28JUN19,1556103540194,open,1.39,0.8,1.40994784,1.41033959,1.41250062,92.84,2.171,0.0,BTC-28JUN19-13000-P,5418.34,0.0,0.07,1.0,0.0,0.0,0.0,1.10619,-0.79153,-22.9381,2e-05,-0.97989
5394.26,BTC-28JUN19,1556103540205,open,0.0,686.3,4.58e-06,0.00052579,0.00182659,88.68,0.0015,0.0,BTC-28JUN19-2500-P,5418.34,81.36,0.001,35.1,0.0025,18.0,93.16,0.73161,-0.50001,-0.13656,2e-05,-0.01242
5418.34,index_price,1556103540207,open,0.04,30.8,0.04093501,0.05596979,0.04261655,59.14,0.0185,0,BTC-26APR19-5625-P,5418.34,55.95,0.042,5.9,0.044,6.0,65.88,1.06901,-16.85371,-0.23617,0.0012,-0.80557
5391.59,BTC-27SEP19,1556103540212,open,0.03,10.3,0.02297008,0.06168058,0.03647939,63.89,0.061,0.0,BTC-27SEP19-3750-P,5418.34,62.87,0.035,5.2,0.0375,18.0,64.59,7.85884,-1.61064,-4.07352,0.0001,-0.14044
5418.34,index_price,1556103540219,open,0.01,68.0,0.00279418,0.01782896,0.00434733,58.49,0.0055,0,BTC-26APR19-5625-C,5418.34,54.01,0.0035,32.4,0.0055,40.2,64.18,1.0597,-16.5222,0.05216,0.0012,0.19167
5418.34,index_price,1556103540226,open,0.01,68.0,0.00279418,0.01782896,0.00434733,58.49,0.0055,0,BTC-26APR19-5625-C,5418.34,54.01,0.0035,32.4,0.0055,39.8,64.18,1.0597,-16.5222,0.05216,0.0012,0.19167
5418.34,index_price,1556103540240,open,0.09,40.0,0.07910867,0.12203825,0.08933466,58.36,0.104,0,BTC-31MAY19-5250-C,5418.34,54.82,0.085,24.9,0.0905,20.1,59.31,6.63732,-5.25245,2.81559,0.00038,0.60368
5418.34,index_price,1556103540249,open,0.09,40.0,0.07910867,0.12203825,0.08933466,58.36,0.104,0,BTC-31MAY19-5250-C,5418.34,54.82,0.085,24.9,0.0905,19.8,59.31,6.63732,-5.25245,2.81559,0.00038,0.60368
5418.34,index_price,1556103540253,open,0.0,33.3,1.559e-05,0.00369804,0.00128473,89.79,0.001,0,BTC-26APR19-4875-P,5418.34,75.63,0.0005,25.2,0.0015,30.0,92.72,0.38176,-6.96113,-0.01347,0.00028,-0.04708
5394.31,BTC-28JUN19,1556103540267,open,0.01,82.8,0.0016693,0.01996465,0.01054691,66.34,0.011,0.0,BTC-28JUN19-3750-P,5418.34,63.66,0.009,23.7,0.0115,28.0,67.91,3.21805,-1.6454,-0.81986,9e-05,-0.07496
5394.31,BTC-28JUN19,1556103540294,open,0.02,251.8,0.00636196,0.02493142,0.01574472,64.2,0.012,0.0,BTC-28JUN19-4000-P,5418.34,61.91,0.014,18.0,0.016,0.1,64.53,4.20475,-2.08047,-1.18117,0.00013,-0.10745
5394.31,BTC-28JUN19,1556103540323,open,0.06,265.2,0.04948889,0.08792024,0.0633271,59.09,0.0565,0.0,BTC-28JUN19-5000-P,5418.34,57.24,0.0605,5.0,0.0645,10.0,59.85,8.27422,-3.76801,-3.80825,0.00027,-0.33386
5418.34,index_price,1556103540340,open,0.0,221.5,0.00090456,0.01193966,0.0029995,68.05,0.003,0,BTC-26APR19-5125-P,5418.34,60.59,0.002,8.9,0.0035,30.0,71.39,0.78577,-14.25332,-0.03479,0.00077,-0.12193
5394.26,BTC-28JUN19,1556103540343,open,0.0,871.5,0.00012591,0.00289523,0.00370959,78.41,0.002,0.0,BTC-28JUN19-3000-P,5418.34,73.14,0.0025,24.9,0.0045,18.0,81.33,1.38153,-0.83488,-0.28659,3e-05,-0.02618
5418.34,index_price,1556103540345,open,0.04,884.2,0.03473971,0.04260035,0.03706514,61.33,0.0425,0,BTC-26APR19-5250-C,5418.34,56.32,0.036,5.8,0.038,10.2,65.55,1.17851,-19.26563,0.20417,0.00127,0.77032
5418.34,index_price,1556103540350,open,0.04,884.2,0.03473971,0.04260035,0.03706514,61.33,0.0425,0,BTC-26APR19-5250-C,5418.34,56.32,0.036,5.8,0.038,6.1,65.55,1.17851,-19.26563,0.20417,0.00127,0.77032
5394.26,BTC-28JUN19,1556103540365,open,0.01,65.9,0.00017109,0.00755456,0.00535446,74.28,0.006,0.0,BTC-28JUN19-3250-P,5418.34,71.68,0.0045,4.3,0.006,28.0,76.05,1.87918,-1.07582,-0.41569,5e-05,-0.03799
5391.59,BTC-27SEP19,1556103540393,open,0.02,17.6,0.0092062,0.03515245,0.01999159,66.5,0.0195,0.0,BTC-27SEP19-3250-P,5418.34,65.47,0.019,5.1,0.021,18.0,67.47,5.40866,-1.15372,-2.38296,7e-05,-0.08347
5418.34,index_price,1556103540423,open,0.01,120.8,0.0014043,0.03066074,0.00655431,59.02,0.007,0,BTC-3MAY19-6000-C,5418.34,55.99,0.0055,35.0,0.0075,10.0,61.67,1.91801,-6.37698,0.18129,0.00046,0.14413
5418.34,index_price,1556103540432,open,0.02,228.8,0.02317831,0.03275769,0.02508677,57.45,0.0185,0,BTC-26APR19-5500-P,5418.34,53.1,0.024,8.4,0.0265,28.0,62.36,1.46124,-22.37865,-0.18356,0.00169,-0.63406
5418.34,index_price,1556103540440,open,0.01,63.2,0.0067405,0.03521081,0.0137412,60.83,0.017,0,BTC-31MAY19-6750-C,5418.34,58.43,0.012,43.7,0.015,40.4,62.52,4.00093,-3.29982,0.74152,0.00022,0.14918
5418.34,index_price,1556103540449,open,0.07,25.7,0.06706487,0.10521644,0.07499697,57.19,0.054,0,BTC-3MAY19-5750-P,5418.34,55.03,0.074,6.0,0.077,9.8,60.85,2.77861,-8.95168,-1.06459,0.00068,-0.7329
5418.34,index_price,1556103540461,open,0.06,29.8,0.04309699,0.08395334,0.05321494,57.93,0.05,0,BTC-3MAY19-5250-C,5418.34,56.81,0.0525,0.5,0.054,6.3,59.42,3.11836,-10.17603,0.79091,0.00075,0.65342
167.91,ETH-27SEP19,1556103540468,open,0.0,174.0,0.000312,0.007255,0.002708,79.51,0.001,0.0,ETH-27SEP19-60-P,163.66,68.84,0.001,2249.0,0.004,106.0,84.9,0.0356,-0.00908,-0.01093,0.00037,-0.01254
167.91,ETH-27SEP19,1556103540480,open,0.0,174.0,0.000312,0.007255,0.002708,79.51,0.001,0.0,ETH-27SEP19-60-P,163.66,68.84,0.001,2249.0,0.004,107.0,84.9,0.0356,-0.00908,-0.01093,0.00037,-0.01254
166.03,ETH-28JUN19,1556103540482,open,0.13,1073.0,0.118027,0.20676,0.128413,66.39,0.164,0.0,ETH-28JUN19-160-C,163.66,63.69,0.124,128.0,0.132,217.0,68.62,0.2691,-0.13769,0.14131,0.00827,0.60724
166.03,ETH-28JUN19,1556103540492,open,0.13,1073.0,0.118027,0.20676,0.128413,66.39,0.164,0.0,ETH-28JUN19-160-C,163.66,63.69,0.124,128.0,0.132,209.0,68.62,0.2691,-0.13769,0.14131,0.00827,0.60724
167.91,ETH-27SEP19,1556103540504,open,0.09,211.0,0.064616,0.151677,0.085692,68.89,0.105,0.0,ETH-27SEP19-220-C,163.66,67.35,0.082,120.0,0.09,127.0,70.65,0.40802,-0.09017,0.19224,0.00492,0.35381
167.91,ETH-27SEP19,1556103540522,open,0.05,612.0,0.032081,0.106633,0.054636,71.95,0.062,0.0,ETH-27SEP19-260-C,163.66,70.64,0.052,180.0,0.057,130.0,73.08,0.34386,-0.07936,0.13546,0.00397,0.24357
163.66,index_price,1556103540533,open,0.01,343.0,0.007676,0.033119,0.0123,71.64,0.008,0.2,ETH-3MAY19-150-P,163.66,68.55,0.011,95.0,0.013,5.0,73.32,0.06916,-0.26101,-0.00803,0.01482,-0.18956
163.66,index_price,1556103540538,open,0.0,301.0,0.000148,0.008032,0.003138,93.24,0.004,0.2,ETH-3MAY19-210-C,163.66,85.71,0.002,205.0,0.004,194.0,97.96,0.02792,-0.15121,0.00202,0.0046,0.05386
166.03,ETH-28JUN19,1556103540541,open,0.08,2534.0,0.068082,0.160239,0.079043,66.6,0.078,0.0,ETH-28JUN19-180-C,163.66,64.18,0.075,106.0,0.082,109.0,68.39,0.27623,-0.14178,0.10695,0.00847,0.44143
166.03,ETH-28JUN19,1556103540545,open,0.08,2534.0,0.068082,0.160239,0.079043,66.6,0.078,0.0,ETH-28JUN19-180-C,163.66,64.18,0.075,106.0,0.083,137.0,68.99,0.27623,-0.14178,0.10695,0.00847,0.44143
166.03,ETH-28JUN19,1556103540549,open,0.1,1265.0,0.090336,0.182103,0.101048,66.36,0.122,0.0,ETH-28JUN19-170-C,163.66,63.97,0.097,120.0,0.105,220.0,68.73,0.27882,-0.1426,0.12426,0.00858,0.5221
166.03,ETH-28JUN19,1556103540554,open,0.1,1265.0,0.090336,0.182103,0.101048,66.36,0.122,0.0,ETH-28JUN19-170-C,163.66,63.97,0.097,120.0,0.105,212.0,68.73,0.27882,-0.1426,0.12426,0.00858,0.5221
167.91,ETH-27SEP19,1556103540557,open,0.15,1817.0,0.129346,0.215151,0.14886,67.86,0.126,0.0,ETH-27SEP19-160-P,163.66,65.52,0.143,119.0,0.154,314.0,69.97,0.41448,-0.09023,-0.37237,0.00507,-0.37049
167.91,ETH-27SEP19,1556103540571,open,0.15,1817.0,0.129346,0.215151,0.14886,67.86,0.126,0.0,ETH-27SEP19-160-P,163.66,65.52,0.143,119.0,0.153,114.0,69.57,0.41448,-0.09023,-0.37237,0.00507,-0.37049
163.66,index_price,1556103540573,open,0.16,4.0,0.150217,0.16536,0.152758,74.46,0.188,0.2,ETH-3MAY19-140-C,163.66,45.94,0.149,153.0,0.156,50.0,87.28,0.03585,-0.21971,0.03076,0.00739,0.92574
166.03,ETH-28JUN19,1556103540582,open,0.03,1769.0,0.019747,0.083,0.026814,67.32,0.03,0.0,ETH-28JUN19-130-P,163.66,64.45,0.024,235.0,0.026,1.0,66.46,0.16873,-0.08755,-0.05448,0.00512,-0.15774
167.91,ETH-27SEP19,1556103540597,open,0.05,1643.0,0.035596,0.094898,0.048535,68.27,0.044,0.0,ETH-27SEP19-120-P,163.66,66.71,0.046,119.0,0.05,2.0,69.18,0.27186,-0.05953,-0.15275,0.00331,-0.16451
5391.59,BTC-27SEP19,1556103540602,open,0.2,31.3,0.15467438,0.31232431,0.19489561,62.46,0.196,0.0,BTC-27DEC19-5500-C,5418.34,61.42,0.1915,15.8,0.2005,5.0,64.23,17.27395,-2.18518,14.27638,0.00014,0.58632
163.66,index_price,1556103540606,open,0.33,0.0,0.337737,0.339901,0.339965,99.88,None,0.2,ETH-3MAY19-220-P,163.66,0.0,0.336,44.0,0.352,44.0,151.44,0.0205,0.0015,-0.05186,0.00315,-0.9633
167.91,ETH-27SEP19,1556103540615,open,0.11,671.0,0.091122,0.181647,0.112984,68.58,0.119,0.0,ETH-27SEP19-200-C,163.66,67.8,0.111,100.0,0.117,119.0,70.13,0.43176,-0.09499,0.23019,0.00523,0.43404
166.03,ETH-28JUN19,1556103540635,open,0.01,300.0,0.000521,0.026772,0.008597,89.48,0.012,0.0,ETH-28JUN19-320-C,163.66,88.31,0.008,70.0,0.009,114.0,90.3,0.08391,-0.05787,0.01532,0.00191,0.06049
166.03,ETH-28JUN19,1556103540640,open,0.04,2675.0,0.034512,0.108704,0.04328,67.03,0.044,0.0,ETH-28JUN19-140-P,163.66,64.43,0.04,219.0,0.046,164.0,69.14,0.21162,-0.10933,-0.08013,0.00644,-0.22822
166.03,ETH-28JUN19,1556103540644,open,0.04,2675.0,0.034512,0.108704,0.04328,67.03,0.044,0.0,ETH-28JUN19-140-P,163.66,64.43,0.04,219.0,0.046,168.0,69.14,0.21162,-0.10933,-0.08013,0.00644,-0.22822
167.91,ETH-27SEP19,1556103540649,open,0.3,1044.0,0.282236,0.372761,0.304098,68.53,0.242,0.0,ETH-27SEP19-200-P,163.66,65.41,0.296,44.0,0.309,44.0,70.47,0.43172,-0.0949,-0.62396,0.00523,-0.56616
167.91,ETH-27SEP19,1556103540652,open,0.49,121.0,0.474931,0.556331,0.496339,69.96,0.507,0.0,ETH-27SEP19-240-P,163.66,63.9,0.483,28.0,0.507,28.0,74.7,0.37573,-0.08431,-0.86478,0.00446,-0.70979
167.91,ETH-27SEP19,1556103540660,open,0.04,255.0,0.011152,0.064269,0.032711,77.36,0.037,0.0,ETH-27SEP19-320-C,163.66,76.23,0.031,60.0,0.034,124.0,78.18,0.25943,-0.06437,0.08637,0.00279,0.15317
166.03,ETH-28JUN19,1556103540664,open,0.01,220.0,0.000114,0.01638,0.006634,96.89,0.008,0.0,ETH-28JUN19-360-C,163.66,95.27,0.006,60.0,0.007,109.0,97.78,0.0669,-0.04995,0.01146,0.00141,0.04547
166.03,ETH-28JUN19,1556103540682,open,0.05,1728.0,0.037141,0.123858,0.048086,67.56,0.05,0.0,ETH-28JUN19-200-C,163.66,66.19,0.046,60.0,0.051,130.0,69.57,0.24505,-0.12758,0.07572,0.0074,0.30461
166.03,ETH-28JUN19,1556103540689,open,0.02,1944.0,0.004805,0.057135,0.016368,78.23,0.016,0.0,ETH-28JUN19-260-C,163.66,77.79,0.016,60.0,0.017,112.0,79.0,0.13673,-0.08244,0.02941,0.00357,0.11603
163.66,index_price,1556103540697,open,0.06,6.0,0.051935,0.084855,0.058389,70.98,0.075,0.2,ETH-3MAY19-160-C,163.66,61.81,0.053,141.0,0.062,150.0,76.99,0.09723,-0.43907,0.02232,0.02103,0.61929
163.66,index_price,1556103540706,open,0.02,423.0,0.008705,0.036828,0.013496,70.95,0.016,0.2,ETH-3MAY19-180-C,163.66,65.41,0.011,136.0,0.014,104.0,72.0,0.07622,-0.32348,0.00835,0.01649,0.22337
163.66,index_price,1556103540711,open,0.02,423.0,0.008705,0.036828,0.013496,70.95,0.016,0.2,ETH-3MAY19-180-C,163.66,65.41,0.011,136.0,0.014,93.0,72.0,0.07622,-0.32348,0.00835,0.01649,0.22337
166.03,ETH-28JUN19,1556103540719,open,0.01,1225.0,0.004457,0.042706,0.009424,71.17,0.007,0.0,ETH-28JUN19-110-P,163.66,68.33,0.008,150.0,0.011,172.0,74.01,0.08769,-0.0481,-0.02167,0.00251,-0.064
166.03,ETH-28JUN19,1556103540723,open,0.2,337.0,0.191291,0.265483,0.200059,66.99,0.242,0.0,ETH-28JUN19-140-C,163.66,64.6,0.197,106.0,0.203,103.0,69.31,0.21158,-0.10924,0.16875,0.00645,0.77186
166.03,ETH-28JUN19,1556103540728,open,0.2,337.0,0.191291,0.265483,0.200059,66.99,0.242,0.0,ETH-28JUN19-140-C,163.66,64.6,0.197,106.0,0.204,161.0,70.09,0.21158,-0.10924,0.16875,0.00645,0.77186
163.66,index_price,1556103540731,open,0.27,0.0,0.277071,0.284955,0.280061,93.24,None,0.2,ETH-3MAY19-210-P,163.66,0.0,0.276,53.0,0.291,53.0,134.12,0.02792,-0.0367,-0.0488,0.0046,-0.94614
163.66,index_price,1556103540743,open,0.04,166.0,0.03044,0.044908,0.033854,73.67,0.052,0,ETH-26APR19-160-C,163.66,74.08,0.034,94.0,0.035,50.0,77.94,0.04221,-0.82887,0.00539,0.04163,0.67533
163.66,index_price,1556103540747,open,0.21,50.0,0.2168,0.229892,0.221156,87.21,0.206,0.2,ETH-3MAY19-200-P,163.66,0.0,0.216,68.0,0.232,68.0,120.45,0.03979,-0.09365,-0.04521,0.00701,-0.91477
163.66,index_price,1556103540752,open,0.0,581.0,9e-06,0.002172,0.002237,100.53,0.003,0.2,ETH-3MAY19-220-C,163.66,98.6,0.002,97.0,0.003,113.0,105.96,0.02096,-0.12191,0.00141,0.0032,0.03772
163.66,index_price,1556103540753,open,0.0,581.0,9e-06,0.002172,0.002237,100.53,0.003,0.2,ETH-3MAY19-220-C,163.66,98.6,0.002,97.0,0.003,110.0,105.96,0.02096,-0.12191,0.00141,0.0032,0.03772
166.02,ETH-28JUN19,1556103540757,open,0.16,376.0,0.151595,0.234445,0.161363,66.63,0.163,0.0,ETH-28JUN19-150-C,163.66,64.36,0.158,104.0,0.165,216.0,69.08,0.24621,-0.12643,0.1566,0.00754,0.69206
166.02,ETH-28JUN19,1556103540761,open,0.16,376.0,0.151595,0.234445,0.161363,66.63,0.163,0.0,ETH-28JUN19-150-C,163.66,64.36,0.158,104.0,0.165,206.0,69.08,0.24621,-0.12643,0.1566,0.00754,0.69206
163.66,index_price,1556103540765,open,0.1,0.0,0.095589,0.121031,0.100213,71.67,None,0.2,ETH-3MAY19-150-C,163.66,61.11,0.096,124.0,0.102,50.0,75.82,0.06918,-0.34298,0.02826,0.01482,0.81036
167.91,ETH-27SEP19,1556103540768,open,0.39,508.0,0.374841,0.461903,0.395918,68.83,0.325,0.0,ETH-27SEP19-220-P,163.66,63.49,0.383,95.0,0.406,35.0,72.99,0.4079,-0.09006,-0.74738,0.00492,-0.64648
163.66,index_price,1556103540773,open,0.01,326.0,0.008077,0.022545,0.011491,73.44,0.014,0,ETH-26APR19-160-P,163.66,67.69,0.01,140.0,0.012,200.0,75.49,0.04218,-0.82579,-0.00282,0.04173,-0.32421
167.91,ETH-27SEP19,1556103540788,open,0.15,293.0,0.127514,0.218056,0.148064,67.91,0.15,0.0,ETH-27SEP19-180-C,163.66,65.94,0.143,117.0,0.152,60.0,69.4,0.43682,-0.09515,0.27097,0.00534,0.526
163.66,index_price,1556103540793,open,0.0,368.0,3e-06,0.001235,0.000712,104.83,0.005,0,ETH-26APR19-190-C,163.66,110.82,0.001,180.0,0.002,195.0,126.05,0.00702,-0.11681,0.00021,0.00486,0.02569
163.66,index_price,1556103540795,open,0.0,368.0,3e-06,0.001235,0.000712,104.83,0.005,0,ETH-26APR19-190-C,163.66,110.82,0.001,180.0,0.002,192.0,126.05,0.00702,-0.11681,0.00021,0.00486,0.02569
167.91,ETH-27SEP19,1556103540805,open,0.05,346.0,0.022547,0.089803,0.045148,73.71,0.05,0.0,ETH-27SEP19-280-C,163.66,72.53,0.043,120.0,0.047,140.0,74.69,0.31257,-0.0739,0.11525,0.00352,0.20589
166.02,ETH-28JUN19,1556103540818,open,0.0,2427.0,1e-06,0.003245,0.001554,105.0,0.003,0.0,ETH-28JUN19-500-C,163.66,108.18,0.002,360.0,0.004,200.0,118.29,0.02128,-0.01722,0.00297,0.00041,0.01163
167.92,ETH-27SEP19,1556103540816,open,0.01,1320.0,0.003017,0.023547,0.00967,75.44,0.009,0.0,ETH-27SEP19-80-P,163.66,70.31,0.007,130.0,0.012,134.0,79.36,0.09459,-0.02289,-0.03563,0.00104,-0.04002
163.66,index_price,1556103540820,open,0.0,633.0,0.0,3.4e-05,1.1e-05,105.0,0.001,0.2,ETH-26APR19-210-C,163.66,0.0,0.0,0.0,0.001,200.0,168.55,0.00023,-0.00178,0.0,0.00016,0.00056
163.66,index_price,1556103540820,open,0.0,181.0,0.0,0.000225,9.9e-05,105.0,0.002,0,ETH-26APR19-200-C,163.66,0.0,0.0,0.0,0.002,450.0,159.16,0.00149,-0.01622,4e-05,0.00103,0.00431
167.92,ETH-27SEP19,1556103540821,open,0.01,1320.0,0.003017,0.023547,0.00967,75.44,0.009,0.0,ETH-27SEP19-80-P,163.66,70.31,0.007,130.0,0.012,135.0,79.36,0.09459,-0.02289,-0.03563,0.00104,-0.04002
166.03,ETH-28JUN19,1556103540824,open,0.3,1513.0,0.291794,0.373676,0.302214,68.36,0.232,0.0,ETH-28JUN19-210-P,163.66,59.35,0.291,46.0,0.309,46.0,73.08,0.22295,-0.11746,-0.31028,0.00666,-0.74891
167.92,ETH-27SEP19,1556103540831,open,0.93,1.0,0.916825,0.969949,0.938388,77.35,0.93,0.0,ETH-27SEP19-320-P,163.66,0.0,0.003,6.0,0.961,1.0,90.41,0.25942,-0.06437,-1.28021,0.00279,-0.84684
166.02,ETH-28JUN19,1556103540831,open,0.41,0.0,0.399301,0.425846,0.403044,74.36,None,0.0,ETH-28JUN19-100-C,163.66,0.0,0.006,5.0,0.0,0.0,0.0,0.0579,-0.03318,0.16493,0.00159,0.96196
166.02,ETH-28JUN19,1556103540833,open,0.52,0.0,0.518229,0.527658,0.520304,86.9,None,0.0,ETH-28JUN19-80-C,163.66,0.0,0.002,1.0,0.0,0.0,0.0,0.02617,-0.01753,0.13719,0.00061,0.98522
167.92,ETH-27SEP19,1556103540840,open,0.34,77.0,0.32096,0.380254,0.333866,68.26,0.368,0.0,ETH-27SEP19-120-C,163.66,0.0,0.002,6.0,0.0,0.0,0.0,0.27184,-0.05952,0.35975,0.00331,0.83552
166.03,ETH-28JUN19,1556103540845,open,0.12,4774.0,0.114247,0.206014,0.124959,66.48,0.124,0.0,ETH-28JUN19-170-P,163.66,63.42,0.12,221.0,0.128,107.0,68.19,0.27881,-0.14286,-0.17791,0.00856,-0.47773
166.03,ETH-28JUN19,1556103540857,open,0.12,4774.0,0.114247,0.206014,0.124959,66.48,0.124,0.0,ETH-28JUN19-170-P,163.66,63.42,0.12,221.0,0.128,113.0,68.19,0.27881,-0.14286,-0.17791,0.00856,-0.47773
166.02,ETH-28JUN19,1556103540860,open,0.35,10.0,0.341889,0.380146,0.346894,71.2,0.265,0.0,ETH-28JUN19-110-C,163.66,0.0,0.002,8.0,0.0,0.0,0.0,0.08777,-0.04816,0.17381,0.00252,0.93592
163.66,index_price,1556103540861,open,0.15,199.0,0.144569,0.145423,0.145051,106.61,0.137,0,ETH-26APR19-140-C,163.66,103.29,0.145,172.0,0.148,50.0,152.01,0.00537,-0.15248,0.00703,0.00366,0.9813
163.66,index_price,1556103540867,open,0.1,54.0,0.10321,0.131333,0.108001,70.81,0.122,0.2,ETH-3MAY19-180-P,163.66,70.92,0.108,178.0,0.113,200.0,81.21,0.07612,-0.22426,-0.03522,0.01651,-0.77716
163.66,index_price,1556103540871,open,0.1,54.0,0.10321,0.131333,0.108001,70.81,0.122,0.2,ETH-3MAY19-180-P,163.66,70.92,0.108,178.0,0.112,138.0,79.22,0.07612,-0.22426,-0.03522,0.01651,-0.77716
167.91,ETH-27SEP19,1556103540876,open,0.02,983.0,0.012977,0.052608,0.022307,70.0,0.02,0.0,ETH-27SEP19-100-P,163.66,67.72,0.02,270.0,0.024,60.0,71.63,0.17321,-0.03889,-0.07812,0.00206,-0.08664
163.66,index_price,1556103540884,open,0.0,6.0,1e-06,0.000855,0.000483,105.0,0.002,0,ETH-26APR19-140-P,163.66,0.0,0.0,0.0,0.002,296.0,134.82,0.00503,-0.07901,-0.00015,0.00348,-0.01734
167.91,ETH-27SEP19,1556103540884,open,0.02,7.0,0.00143,0.025246,0.016761,87.22,0.018,0.0,ETH-27SEP19-440-C,163.66,86.42,0.016,60.0,0.017,115.0,87.46,0.16313,-0.04564,0.04534,0.00155,0.08
163.66,index_price,1556103540889,open,0.03,403.0,0.023446,0.057035,0.029988,70.96,0.031,0.2,ETH-3MAY19-170-C,163.66,62.61,0.025,136.0,0.029,140.0,69.28,0.09882,-0.42853,0.01487,0.02138,0.40354
163.66,index_price,1556103540899,open,0.03,403.0,0.023446,0.057035,0.029988,70.96,0.031,0.2,ETH-3MAY19-170-C,163.66,62.61,0.025,136.0,0.029,130.0,69.28,0.09882,-0.42853,0.01487,0.02138,0.40354
163.66,index_price,1556103540901,open,0.04,388.0,0.043274,0.056383,0.046205,73.58,0.043,0,ETH-26APR19-170-P,163.66,63.6,0.044,117.0,0.047,80.0,77.3,0.03678,-0.72152,-0.00675,0.03632,-0.75621
167.92,ETH-27SEP19,1556103540907,open,0.54,0.0,0.5266,0.54713,0.533227,75.4,None,0.0,ETH-27SEP19-80-C,163.66,0.0,0.001,4.0,0.0,0.0,0.0,0.09448,-0.02285,0.30607,0.00104,0.96004
163.66,index_price,1556103540904,open,0.04,388.0,0.043274,0.056383,0.046205,73.58,0.043,0,ETH-26APR19-170-P,163.66,63.6,0.044,117.0,0.047,125.0,77.3,0.03678,-0.72152,-0.00675,0.03632,-0.75621
166.03,ETH-28JUN19,1556103540912,open,0.04,533.0,0.026962,0.108844,0.037382,68.08,0.051,0.0,ETH-28JUN19-210-C,163.66,67.09,0.036,60.0,0.04,131.0,70.06,0.22235,-0.11666,0.06271,0.00667,0.24982
163.66,index_price,1556103540916,open,0.01,352.0,0.002668,0.02291,0.006616,75.2,0.009,0.2,ETH-3MAY19-190-C,163.66,69.69,0.005,179.0,0.008,161.0,79.42,0.0512,-0.2271,0.00453,0.01045,0.12049
166.02,ETH-28JUN19,1556103540919,open,0.3,25.0,0.287284,0.338182,0.293775,69.33,0.315,0.0,ETH-28JUN19-120-C,163.66,0.0,0.002,10.0,0.0,0.0,0.0,0.12676,-0.06773,0.17758,0.00373,0.89558
163.66,index_price,1556103540920,open,0.01,352.0,0.002668,0.02291,0.006616,75.2,0.009,0.2,ETH-3MAY19-190-C,163.66,69.69,0.005,179.0,0.008,156.0,79.42,0.0512,-0.2271,0.00453,0.01045,0.12049
167.92,ETH-27SEP19,1556103540923,open,0.15,1817.0,0.129316,0.215118,0.14883,67.9,0.126,0.0,ETH-27SEP19-160-P,163.66,65.53,0.143,119.0,0.153,174.0,69.58,0.41448,-0.09028,-0.37238,0.00507,-0.37042
167.92,ETH-27SEP19,1556103540929,open,0.03,407.0,0.007865,0.054622,0.028555,79.17,0.039,0.0,ETH-27SEP19-340-C,163.66,78.05,0.027,60.0,0.03,123.0,80.18,0.23779,-0.06039,0.07605,0.00249,0.13462
166.03,ETH-28JUN19,1556103540933,open,0.16,4460.0,0.152224,0.244381,0.163184,66.74,0.174,0.0,ETH-28JUN19-180-P,163.66,63.49,0.158,213.0,0.166,113.0,68.3,0.27627,-0.14211,-0.21295,0.00845,-0.55821
166.03,ETH-28JUN19,1556103540937,open,0.16,4460.0,0.152224,0.244381,0.163184,66.74,0.174,0.0,ETH-28JUN19-180-P,163.66,63.49,0.158,213.0,0.166,120.0,68.3,0.27627,-0.14211,-0.21295,0.00845,-0.55821
166.02,ETH-28JUN19,1556103540940,open,0.46,0.0,0.45837,0.475123,0.461046,79.03,None,0.0,ETH-28JUN19-90-C,163.66,0.0,0.002,1.0,0.0,0.0,0.0,0.03747,-0.02282,0.15239,0.00097,0.97748
163.66,index_price,1556103540944,open,0.0,776.0,0.000213,0.005319,0.002213,91.13,0.008,0,ETH-26APR19-180-C,163.66,77.03,0.001,204.0,0.004,450.0,105.93,0.01698,-0.36217,0.00063,0.01354,0.0772
166.03,ETH-28JUN19,1556103540942,open,0.02,1017.0,0.009775,0.073879,0.021181,73.44,0.02,0.0,ETH-28JUN19-240-C,163.66,72.27,0.02,60.0,0.022,122.0,74.3,0.1634,-0.09249,0.03811,0.00454,0.15027
163.66,index_price,1556103540949,open,0.0,10.0,0.0,1e-06,0.0,105.0,0.001,0,ETH-26APR19-120-P,163.66,0.0,0.0,0.0,0.001,30.0,212.49,1e-05,-4e-05,0.0,1e-05,-2e-05
166.03,ETH-28JUN19,1556103540960,open,0.09,2447.0,0.081709,0.170441,0.092094,66.5,0.066,0.0,ETH-28JUN19-160-P,163.66,63.26,0.087,253.0,0.095,116.0,68.2,0.2691,-0.13791,-0.14313,0.00826,-0.39276
166.03,ETH-28JUN19,1556103540963,open,0.09,2447.0,0.081709,0.170441,0.092094,66.5,0.066,0.0,ETH-28JUN19-160-P,163.66,63.26,0.087,253.0,0.095,117.0,68.2,0.2691,-0.13791,-0.14313,0.00826,-0.39276
163.66,index_price,1556103540968,open,0.03,22.0,0.024829,0.057749,0.031282,70.88,0.023,0.2,ETH-3MAY19-160-P,163.66,67.07,0.029,107.0,0.036,315.0,78.84,0.09722,-0.35125,-0.01639,0.02106,-0.3806
167.92,ETH-27SEP19,1556103540975,open,0.65,0.0,0.642999,0.64994,0.645374,79.43,None,0.0,ETH-27SEP19-60-C,163.66,0.0,0.001,4.0,0.0,0.0,0.0,0.03544,-0.00903,0.24536,0.00037,0.98753
163.66,index_price,1556103540975,open,0.21,1.0,0.20567,0.205727,0.205691,105.0,0.232,0,ETH-26APR19-130-C,163.66,0.0,0.003,6.0,0.285,4.0,500.0,0.00039,-0.01084,0.00667,0.00027,0.99902
163.66,index_price,1556103540972,open,0.01,531.0,0.004535,0.017644,0.007466,73.87,0.011,0,ETH-26APR19-170-C,163.66,71.72,0.007,86.0,0.01,405.0,84.69,0.03686,-0.72572,0.002,0.03625,0.24469
163.66,index_price,1556103540988,open,0.01,531.0,0.004535,0.017644,0.007466,73.87,0.011,0,ETH-26APR19-170-C,163.66,71.72,0.007,86.0,0.01,401.0,84.69,0.03686,-0.72572,0.002,0.03625,0.24469
163.66,index_price,1556103541001,open,0.06,59.0,0.057145,0.090734,0.063688,70.86,0.049,0.2,ETH-3MAY19-170-P,163.66,66.46,0.061,181.0,0.066,151.0,74.74,0.09881,-0.33519,-0.02628,0.02141,-0.59667
163.66,index_price,1556103541006,open,0.27,1.0,0.266773,0.266774,0.266773,105.0,0.291,0,ETH-26APR19-120-C,163.66,0.0,0.202,1.0,0.358,3.0,500.0,1e-05,-0.00023,0.00617,1e-05,0.99998
163.66,index_price,1556103541011,open,0.06,59.0,0.057145,0.090734,0.063688,70.86,0.049,0.2,ETH-3MAY19-170-P,163.66,66.46,0.061,181.0,0.066,174.0,74.74,0.09881,-0.33519,-0.02628,0.02141,-0.59667
166.03,ETH-28JUN19,1556103541015,open,0.06,545.0,0.0506,0.140909,0.061842,67.1,0.087,0.0,ETH-28JUN19-190-C,163.66,66.0,0.06,9.0,0.064,112.0,68.51,0.26399,-0.13652,0.09059,0.00803,0.36871
166.03,ETH-28JUN19,1556103541020,open,0.0,1784.0,0.000473,0.017222,0.003117,78.89,0.006,0.0,ETH-28JUN19-90-P,163.66,66.08,0.001,336.0,0.005,315.0,86.16,0.03723,-0.02264,-0.00752,0.00096,-0.02235
166.03,ETH-28JUN19,1556103541021,open,0.06,3452.0,0.055079,0.137923,0.064846,66.7,0.058,0.0,ETH-28JUN19-150-P,163.66,64.03,0.061,104.0,0.068,123.0,68.75,0.24623,-0.12659,-0.11005,0.00753,-0.30796
166.03,ETH-28JUN19,1556103541030,open,0.2,2136.0,0.194972,0.285281,0.206213,67.32,0.219,0.0,ETH-28JUN19-190-P,163.66,64.5,0.202,90.0,0.208,122.0,68.28,0.26416,-0.13705,-0.247,0.00801,-0.63054
163.66,index_price,1556103541039,open,0.0,20.0,0.0,5.7e-05,2.1e-05,105.0,0.003,0,ETH-26APR19-130-P,163.66,0.0,0.0,0.0,0.001,10.0,164.21,0.00039,-0.0034,-1e-05,0.00027,-0.00098
167.92,ETH-27SEP19,1556103541042,open,0.43,0.0,0.417451,0.457076,0.42675,69.98,None,0.0,ETH-27SEP19-100-C,163.66,0.0,0.001,6.0,0.0,0.0,0.0,0.17314,-0.03887,0.34899,0.00205,0.91341
166.03,ETH-28JUN19,1556103541047,open,0.01,2418.0,0.001637,0.028176,0.005345,74.26,0.005,0.0,ETH-28JUN19-100-P,163.66,70.08,0.004,150.0,0.007,160.0,78.68,0.05769,-0.03302,-0.01275,0.00159,-0.03787
167.91,ETH-27SEP19,1556103541053,open,0.22,2224.0,0.199517,0.290059,0.220067,67.86,0.212,0.0,ETH-27SEP19-180-P,163.66,65.56,0.214,117.0,0.225,178.0,69.79,0.43683,-0.09508,-0.49772,0.00535,-0.47411
167.92,ETH-27SEP19,1556103541072,open,0.03,874.0,0.003939,0.039787,0.023225,83.2,0.026,0.0,ETH-27SEP19-380-C,163.66,82.18,0.022,60.0,0.024,137.0,83.82,0.20539,-0.05481,0.06172,0.00205,0.1093
163.66,index_price,1556103541077,open,0.09,156.0,0.083791,0.089352,0.085137,81.52,0.09,0,ETH-26APR19-150-C,163.66,79.96,0.085,147.0,0.088,50.0,105.94,0.01473,-0.32005,0.00715,0.01313,0.93583
166.03,ETH-28JUN19,1556103541090,open,1.4,0.0,1.409228,1.419353,1.414115,101.94,None,0.0,ETH-28JUN19-400-P,163.66,0.0,0.002,2.0,0.0,0.0,0.0,0.05222,-0.04103,-0.70252,0.00105,-0.96646
166.03,ETH-28JUN19,1556103541088,open,0.01,881.0,0.001103,0.03438,0.011153,87.29,0.014,0.0,ETH-28JUN19-300-C,163.66,87.04,0.011,90.0,0.012,347.0,88.65,0.10137,-0.0682,0.01952,0.00237,0.07728
167.92,ETH-27SEP19,1556103541093,open,0.09,1793.0,0.074186,0.149538,0.091483,68.16,0.085,0.0,ETH-27SEP19-140-P,163.66,66.06,0.087,112.0,0.096,298.0,70.28,0.35876,-0.07844,-0.25495,0.00437,-0.26404
163.66,index_price,1556103541099,open,0.0,0.0,0.00016,0.00707,0.002634,91.55,None,0.2,ETH-3MAY19-130-P,163.66,76.85,0.001,152.0,0.004,405.0,100.1,0.02326,-0.1159,-0.00181,0.0039,-0.04287
167.92,ETH-27SEP19,1556103541108,open,0.06,514.0,0.045605,0.12701,0.067001,70.02,0.07,0.0,ETH-27SEP19-240-C,163.66,69.12,0.065,60.0,0.071,126.0,71.79,0.37595,-0.08443,0.1603,0.00446,0.29054
166.03,ETH-28JUN19,1556103541115,open,0.01,512.0,2.5e-05,0.01015,0.004911,101.94,0.007,0.0,ETH-28JUN19-400-C,163.66,94.88,0.003,350.0,0.006,147.0,105.18,0.05222,-0.04103,0.00845,0.00105,0.03354
163.66,index_price,1556103541119,open,0.0,100.0,0.001499,0.016642,0.00404,74.46,0.004,0.2,ETH-3MAY19-140-P,163.66,69.37,0.003,129.0,0.005,100.0,78.62,0.03585,-0.14337,-0.00312,0.00739,-0.07426
166.03,ETH-28JUN19,1556103541123,open,0.01,1315.0,0.002318,0.044269,0.012741,82.1,0.02,0.0,ETH-28JUN19-280-C,163.66,81.01,0.012,60.0,0.014,299.0,83.89,0.11427,-0.07231,0.02299,0.00284,0.09064
167.92,ETH-27SEP19,1556103541133,open,0.04,492.0,0.015853,0.075868,0.038577,75.8,0.043,0.0,ETH-27SEP19-300-C,163.66,74.87,0.037,60.0,0.039,118.0,76.05,0.28573,-0.06948,0.09984,0.00313,0.17781
166.03,ETH-28JUN19,1556103541138,open,0.02,845.0,0.010083,0.060972,0.016536,69.28,0.016,0.0,ETH-28JUN19-120-P,163.66,65.85,0.014,150.0,0.018,157.0,71.17,0.12663,-0.06762,-0.03565,0.00373,-0.10426
166.03,ETH-28JUN19,1556103541163,open,0.03,506.0,0.019383,0.095645,0.03123,70.45,0.032,0.0,ETH-28JUN19-220-C,163.66,69.44,0.03,60.0,0.032,125.0,71.08,0.20293,-0.11019,0.05338,0.00588,0.21213
5418.34,index_price,1556103541196,open,0.09,472.0,0.07735744,0.07976811,0.07923679,79.11,0.0985,0,BTC-26APR19-5000-C,5418.34,55.05,0.0775,10.0,0.08,17.6,86.98,0.54539,-11.50171,0.23575,0.00046,0.92579
5391.59,BTC-27SEP19,1556103541202,open,0.15,268.3,0.13163189,0.1983818,0.15034588,61.2,0.152,0.0,BTC-27SEP19-5500-C,5418.34,60.14,0.1475,16.4,0.1525,5.0,62.08,13.8986,-2.7285,9.4279,0.00018,0.5597
5418.34,index_price,1556103541228,open,0.0,25.5,0.00015463,0.00740313,0.00114462,69.58,0.003,0,BTC-26APR19-5875-C,5418.34,67.7,0.001,15.0,0.002,5.8,78.74,0.43262,-6.20192,0.01502,0.00041,0.05509
5418.34,index_price,1556103541240,open,0.01,219.4,0.00367116,0.01153179,0.006087,61.88,0.005,0,BTC-26APR19-5250-P,5418.34,59.02,0.0055,4.1,0.0065,24.4,63.62,1.18388,-19.527,-0.06618,0.00127,-0.23156
5418.34,index_price,1556103541250,open,0.1,11.8,0.08000444,0.11137169,0.08810928,62.81,0.106,0,BTC-3MAY19-5000-C,5418.34,56.45,0.0855,8.6,0.089,8.8,64.88,2.31,-8.17329,0.94808,0.00052,0.80768
163.66,index_price,1556103541256,open,0.01,343.0,0.007676,0.033119,0.0123,71.67,0.008,0.2,ETH-3MAY19-150-P,163.66,68.55,0.011,97.0,0.013,5.0,73.32,0.06918,-0.26119,-0.00804,0.01482,-0.18964
163.66,index_price,1556103541258,open,0.0,301.0,0.000148,0.008032,0.003138,93.24,0.004,0.2,ETH-3MAY19-210-C,163.66,85.71,0.002,205.0,0.004,195.0,97.96,0.02792,-0.15121,0.00202,0.0046,0.05386
163.66,index_price,1556103541260,open,0.16,4.0,0.150217,0.16536,0.152758,74.46,0.188,0.2,ETH-3MAY19-140-C,163.66,45.94,0.149,154.0,0.156,50.0,87.28,0.03585,-0.21971,0.03076,0.00739,0.92574
166.02,ETH-28JUN19,1556103541267,open,0.01,300.0,0.00052,0.026766,0.008597,89.52,0.012,0.0,ETH-28JUN19-320-C,163.66,88.31,0.008,70.0,0.009,115.0,90.3,0.08399,-0.05795,0.01534,0.00192,0.06057
166.02,ETH-28JUN19,1556103541272,open,0.04,2675.0,0.034527,0.108727,0.043297,67.01,0.044,0.0,ETH-28JUN19-140-P,163.66,64.42,0.04,220.0,0.046,168.0,69.13,0.21162,-0.10928,-0.08012,0.00645,-0.22824
166.02,ETH-28JUN19,1556103541280,open,0.05,1728.0,0.037127,0.123838,0.048086,67.62,0.05,0.0,ETH-28JUN19-200-C,163.66,66.2,0.046,60.0,0.051,131.0,69.58,0.2451,-0.12773,0.07575,0.0074,0.30479
166.02,ETH-28JUN19,1556103541284,open,0.02,1944.0,0.004802,0.057124,0.016362,78.24,0.016,0.0,ETH-28JUN19-260-C,163.66,77.79,0.016,60.0,0.017,113.0,79.0,0.13674,-0.08246,0.02942,0.00357,0.11606
163.66,index_price,1556103541291,open,0.06,6.0,0.051935,0.084855,0.058389,70.92,0.075,0.2,ETH-3MAY19-160-C,163.66,61.81,0.053,138.0,0.062,150.0,76.99,0.09722,-0.43874,0.02232,0.02105,0.61935
163.66,index_price,1556103541296,open,0.02,423.0,0.008705,0.036828,0.013496,70.95,0.016,0.2,ETH-3MAY19-180-C,163.66,65.41,0.011,135.0,0.014,93.0,72.0,0.07622,-0.32348,0.00835,0.01649,0.22337
163.66,index_price,1556103541300,open,0.02,423.0,0.008705,0.036828,0.013496,70.95,0.016,0.2,ETH-3MAY19-180-C,163.66,65.41,0.011,135.0,0.014,95.0,72.0,0.07622,-0.32348,0.00835,0.01649,0.22337
166.02,ETH-28JUN19,1556103541304,open,0.01,1225.0,0.00446,0.042717,0.009424,71.12,0.007,0.0,ETH-28JUN19-110-P,163.66,68.32,0.008,150.0,0.011,171.0,74.0,0.08759,-0.04801,-0.02164,0.00251,-0.06391
163.66,index_price,1556103541310,open,0.04,166.0,0.03044,0.044908,0.033854,73.52,0.052,0,ETH-26APR19-160-C,163.66,74.08,0.034,85.0,0.035,50.0,77.94,0.04219,-0.82685,0.0054,0.0417,0.67563
163.66,index_price,1556103541312,open,0.0,581.0,9e-06,0.002172,0.002237,100.51,0.003,0.2,ETH-3MAY19-220-C,163.66,98.6,0.002,96.0,0.003,110.0,105.96,0.02095,-0.12182,0.00141,0.0032,0.03769
163.66,index_price,1556103541314,open,0.0,581.0,9e-06,0.002172,0.002237,100.51,0.003,0.2,ETH-3MAY19-220-C,163.66,98.6,0.002,96.0,0.003,111.0,105.96,0.02095,-0.12182,0.00141,0.0032,0.03769
166.03,ETH-28JUN19,1556103541315,open,0.16,376.0,0.151628,0.234472,0.161363,66.61,0.163,0.0,ETH-28JUN19-150-C,163.66,64.33,0.158,104.0,0.165,209.0,69.05,0.24619,-0.12638,0.15664,0.00754,0.69216
163.66,index_price,1556103541320,open,0.1,0.0,0.095589,0.121031,0.100212,71.67,None,0.2,ETH-3MAY19-150-C,163.66,61.11,0.096,115.0,0.102,50.0,75.82,0.06918,-0.34298,0.02826,0.01482,0.81036
163.66,index_price,1556103541324,open,0.01,326.0,0.008077,0.022545,0.011491,73.52,0.014,0,ETH-26APR19-160-P,163.66,67.69,0.01,146.0,0.012,200.0,75.49,0.04219,-0.82685,-0.00282,0.0417,-0.32437
163.66,index_price,1556103541329,open,0.0,368.0,3e-06,0.001235,0.000712,104.8,0.005,0,ETH-26APR19-190-C,163.66,110.82,0.001,179.0,0.002,192.0,126.05,0.00701,-0.11656,0.00021,0.00486,0.02565
166.03,ETH-28JUN19,1556103541339,open,0.12,4774.0,0.114247,0.206014,0.124959,66.38,0.124,0.0,ETH-28JUN19-170-P,163.66,63.42,0.12,223.0,0.128,113.0,68.19,0.27882,-0.14263,-0.1779,0.00857,-0.47788
166.03,ETH-28JUN19,1556103541343,open,0.12,4774.0,0.114247,0.206014,0.124959,66.38,0.124,0.0,ETH-28JUN19-170-P,163.66,63.42,0.12,223.0,0.128,112.0,68.19,0.27882,-0.14263,-0.1779,0.00857,-0.47788
163.66,index_price,1556103541346,open,0.15,199.0,0.144569,0.145423,0.145051,105.0,0.137,0,ETH-26APR19-140-C,163.66,103.29,0.145,130.0,0.148,50.0,152.01,0.00503,-0.14079,0.00704,0.00348,0.98266
163.66,index_price,1556103541350,open,0.1,54.0,0.10321,0.131333,0.108001,70.81,0.122,0.2,ETH-3MAY19-180-P,163.66,70.92,0.108,191.0,0.112,138.0,79.22,0.07612,-0.22426,-0.03522,0.01651,-0.77716
163.66,index_price,1556103541353,open,0.1,54.0,0.10321,0.131333,0.108001,70.81,0.122,0.2,ETH-3MAY19-180-P,163.66,70.92,0.108,191.0,0.112,126.0,79.22,0.07612,-0.22426,-0.03522,0.01651,-0.77716
163.66,index_price,1556103541362,open,0.03,403.0,0.023446,0.057035,0.029988,70.92,0.031,0.2,ETH-3MAY19-170-C,163.66,62.61,0.025,132.0,0.029,130.0,69.28,0.09882,-0.4283,0.01486,0.02139,0.40346
163.66,index_price,1556103541364,open,0.03,403.0,0.023446,0.057035,0.029988,70.92,0.031,0.2,ETH-3MAY19-170-C,163.66,62.61,0.025,132.0,0.029,134.0,69.28,0.09882,-0.4283,0.01486,0.02139,0.40346
163.66,index_price,1556103541368,open,0.04,388.0,0.043274,0.056383,0.046205,73.8,0.043,0,ETH-26APR19-170-P,163.66,63.6,0.044,129.0,0.047,125.0,77.3,0.03684,-0.7248,-0.00674,0.03627,-0.75551
163.66,index_price,1556103541375,open,0.04,388.0,0.043274,0.056383,0.046205,73.8,0.043,0,ETH-26APR19-170-P,163.66,63.6,0.044,129.0,0.047,112.0,77.3,0.03684,-0.7248,-0.00674,0.03627,-0.75551
163.66,index_price,1556103541389,open,0.01,352.0,0.002668,0.02291,0.006616,75.2,0.009,0.2,ETH-3MAY19-190-C,163.66,69.69,0.005,178.0,0.008,156.0,79.42,0.0512,-0.2271,0.00453,0.01045,0.12049
163.66,index_price,1556103541400,open,0.01,352.0,0.002668,0.02291,0.006616,75.2,0.009,0.2,ETH-3MAY19-190-C,163.66,69.69,0.005,178.0,0.008,158.0,79.42,0.0512,-0.2271,0.00453,0.01045,0.12049
166.03,ETH-28JUN19,1556103541404,open,0.16,4460.0,0.152224,0.244381,0.163184,66.61,0.174,0.0,ETH-28JUN19-180-P,163.66,63.49,0.158,216.0,0.166,120.0,68.3,0.27624,-0.14181,-0.21298,0.00846,-0.55854
166.03,ETH-28JUN19,1556103541408,open,0.16,4460.0,0.152224,0.244381,0.163184,66.61,0.174,0.0,ETH-28JUN19-180-P,163.66,63.49,0.158,216.0,0.166,119.0,68.3,0.27624,-0.14181,-0.21298,0.00846,-0.55854
166.03,ETH-28JUN19,1556103541411,open,0.02,1017.0,0.009775,0.073879,0.021181,73.48,0.02,0.0,ETH-28JUN19-240-C,163.66,72.27,0.02,60.0,0.022,123.0,74.3,0.16353,-0.09261,0.03815,0.00454,0.15044
166.03,ETH-28JUN19,1556103541415,open,0.09,2447.0,0.081709,0.170441,0.092094,66.41,0.066,0.0,ETH-28JUN19-160-P,163.66,63.26,0.087,255.0,0.095,117.0,68.2,0.2691,-0.13773,-0.14308,0.00827,-0.39276
163.66,index_price,1556103541418,open,0.03,22.0,0.024829,0.057749,0.031282,70.92,0.023,0.2,ETH-3MAY19-160-P,163.66,67.07,0.029,114.0,0.036,315.0,78.84,0.09722,-0.35149,-0.01639,0.02105,-0.38065
163.66,index_price,1556103541433,open,0.01,531.0,0.004535,0.017644,0.007466,73.8,0.011,0,ETH-26APR19-170-C,163.66,71.72,0.007,80.0,0.01,401.0,84.69,0.03684,-0.7248,0.00199,0.03627,0.24449
163.66,index_price,1556103541437,open,0.01,531.0,0.004535,0.017644,0.007466,73.8,0.011,0,ETH-26APR19-170-C,163.66,71.72,0.007,80.0,0.01,407.0,84.69,0.03684,-0.7248,0.00199,0.03627,0.24449
163.66,index_price,1556103541441,open,0.06,59.0,0.057145,0.090734,0.063688,70.92,0.049,0.2,ETH-3MAY19-170-P,163.66,68.12,0.062,101.0,0.066,174.0,74.74,0.09882,-0.3356,-0.02628,0.02139,-0.59654
163.66,index_price,1556103541444,open,0.06,59.0,0.057145,0.090734,0.063688,70.92,0.049,0.2,ETH-3MAY19-170-P,163.66,68.12,0.062,101.0,0.066,162.0,74.74,0.09882,-0.3356,-0.02628,0.02139,-0.59654
166.03,ETH-28JUN19,1556103541448,open,0.06,545.0,0.0506,0.140909,0.061842,67.16,0.087,0.0,ETH-28JUN19-190-C,163.66,66.0,0.06,9.0,0.064,113.0,68.51,0.26403,-0.13666,0.09062,0.00802,0.36891
166.03,ETH-28JUN19,1556103541451,open,0.0,1784.0,0.000473,0.017222,0.003117,78.89,0.006,0.0,ETH-28JUN19-90-P,163.66,66.08,0.001,337.0,0.005,315.0,86.16,0.03723,-0.02264,-0.00752,0.00096,-0.02235
166.03,ETH-28JUN19,1556103541453,open,0.06,3452.0,0.055079,0.137923,0.064846,66.63,0.058,0.0,ETH-28JUN19-150-P,163.66,64.03,0.061,105.0,0.068,123.0,68.75,0.2462,-0.12643,-0.10999,0.00754,-0.30787
166.03,ETH-28JUN19,1556103541488,open,0.2,2136.0,0.194972,0.285281,0.206213,67.16,0.219,0.0,ETH-28JUN19-190-P,163.66,64.5,0.202,90.0,0.208,121.0,68.28,0.26403,-0.13666,-0.24709,0.00802,-0.63109
167.92,ETH-27SEP19,1556103541493,open,0.22,2224.0,0.199475,0.290017,0.220067,67.91,0.212,0.0,ETH-27SEP19-180-P,163.66,65.58,0.214,117.0,0.225,177.0,69.8,0.43685,-0.09515,-0.49769,0.00534,-0.47395
167.92,ETH-27SEP19,1556103541498,open,0.39,508.0,0.374778,0.461843,0.395918,68.91,0.325,0.0,ETH-27SEP19-220-P,163.66,63.52,0.383,35.0,0.406,35.0,73.02,0.40809,-0.0902,-0.74724,0.00492,-0.64609
163.66,index_price,1556103541501,open,0.09,156.0,0.083791,0.089352,0.085137,81.52,0.09,0,ETH-26APR19-150-C,163.66,79.96,0.085,118.0,0.088,50.0,105.94,0.01473,-0.32005,0.00715,0.01313,0.93583
163.66,index_price,1556103541506,open,0.0,0.0,0.00016,0.00707,0.002634,91.55,None,0.2,ETH-3MAY19-130-P,163.66,76.85,0.001,154.0,0.004,405.0,100.1,0.02326,-0.1159,-0.00181,0.0039,-0.04287
163.66,index_price,1556103541518,open,0.0,100.0,0.001499,0.016642,0.00404,74.46,0.004,0.2,ETH-3MAY19-140-P,163.66,69.37,0.003,132.0,0.005,100.0,78.62,0.03585,-0.14337,-0.00312,0.00739,-0.07426
166.03,ETH-28JUN19,1556103541520,open,0.01,1315.0,0.002318,0.044269,0.012741,82.1,0.02,0.0,ETH-28JUN19-280-C,163.66,81.01,0.012,60.0,0.014,300.0,83.89,0.11427,-0.07231,0.02299,0.00284,0.09064
166.03,ETH-28JUN19,1556103541528,open,0.03,506.0,0.019383,0.095645,0.03123,70.45,0.032,0.0,ETH-28JUN19-220-C,163.66,69.44,0.03,60.0,0.032,126.0,71.08,0.20293,-0.11019,0.05338,0.00588,0.21213
166.02,ETH-28JUN19,1556103541535,open,0.13,1073.0,0.117998,0.206735,0.128384,66.43,0.164,0.0,ETH-28JUN19-160-C,163.66,63.7,0.124,128.0,0.132,212.0,68.64,0.2691,-0.13776,0.14127,0.00827,0.60715
163.66,index_price,1556103541539,open,0.01,343.0,0.007676,0.033119,0.0123,71.67,0.008,0.2,ETH-3MAY19-150-P,163.66,68.55,0.011,100.0,0.013,5.0,73.32,0.06918,-0.26119,-0.00804,0.01482,-0.18964
166.02,ETH-28JUN19,1556103541543,open,0.08,2534.0,0.068061,0.160217,0.079021,66.62,0.078,0.0,ETH-28JUN19-180-C,163.66,64.19,0.075,106.0,0.082,105.0,68.4,0.27622,-0.14183,0.10693,0.00846,0.44141
166.02,ETH-28JUN19,1556103541546,open,0.1,1265.0,0.09031,0.182079,0.101023,66.39,0.122,0.0,ETH-28JUN19-170-C,163.66,63.98,0.097,120.0,0.105,215.0,68.74,0.27881,-0.14266,0.12423,0.00857,0.52205
163.66,index_price,1556103541549,open,0.16,4.0,0.150217,0.16536,0.152758,74.46,0.188,0.2,ETH-3MAY19-140-C,163.66,45.94,0.149,133.0,0.156,50.0,87.28,0.03585,-0.21971,0.03076,0.00739,0.92574
166.02,ETH-28JUN19,1556103541553,open,0.03,1769.0,0.019757,0.083018,0.026813,67.26,0.03,0.0,ETH-28JUN19-130-P,163.66,64.44,0.024,237.0,0.026,1.0,66.45,0.16863,-0.08741,-0.05442,0.00512,-0.15761
166.02,ETH-28JUN19,1556103541563,open,0.04,2675.0,0.034527,0.108727,0.043297,67.01,0.044,0.0,ETH-28JUN19-140-P,163.66,64.42,0.04,221.0,0.046,168.0,69.13,0.21162,-0.10928,-0.08012,0.00645,-0.22824
166.02,ETH-28JUN19,1556103541566,open,0.05,1728.0,0.037127,0.123838,0.048086,67.62,0.05,0.0,ETH-28JUN19-200-C,163.66,66.2,0.046,60.0,0.051,132.0,69.58,0.2451,-0.12773,0.07575,0.0074,0.30479
163.66,index_price,1556103541571,open,0.06,6.0,0.051935,0.084855,0.058389,70.92,0.075,0.2,ETH-3MAY19-160-C,163.66,61.81,0.053,132.0,0.062,150.0,76.99,0.09722,-0.43874,0.02232,0.02105,0.61935
163.66,index_price,1556103541574,open,0.02,423.0,0.008705,0.036828,0.013496,70.92,0.016,0.2,ETH-3MAY19-180-C,163.66,65.41,0.011,132.0,0.014,95.0,72.0,0.0762,-0.32327,0.00835,0.0165,0.22326
163.66,index_price,1556103541598,open,0.02,423.0,0.008705,0.036828,0.013496,70.92,0.016,0.2,ETH-3MAY19-180-C,163.66,65.41,0.011,132.0,0.014,97.0,72.0,0.0762,-0.32327,0.00835,0.0165,0.22326
163.66,index_price,1556103541605,open,0.04,166.0,0.03044,0.044908,0.033854,73.52,0.052,0,ETH-26APR19-160-C,163.66,74.08,0.034,81.0,0.035,50.0,77.94,0.04219,-0.82685,0.0054,0.0417,0.67563
166.03,ETH-28JUN19,1556103541610,open,0.16,376.0,0.151628,0.234472,0.161363,66.61,0.163,0.0,ETH-28JUN19-150-C,163.66,64.33,0.158,105.0,0.165,209.0,69.05,0.24619,-0.12638,0.15664,0.00754,0.69216
166.03,ETH-28JUN19,1556103541614,open,0.16,376.0,0.151628,0.234472,0.161363,66.61,0.163,0.0,ETH-28JUN19-150-C,163.66,64.33,0.158,105.0,0.165,211.0,69.05,0.24619,-0.12638,0.15664,0.00754,0.69216
163.66,index_price,1556103541618,open,0.1,0.0,0.095589,0.121031,0.100212,71.67,None,0.2,ETH-3MAY19-150-C,163.66,61.11,0.096,111.0,0.102,50.0,75.82,0.06918,-0.34298,0.02826,0.01482,0.81036
163.66,index_price,1556103541621,open,0.01,326.0,0.008077,0.022545,0.011491,73.52,0.014,0,ETH-26APR19-160-P,163.66,67.69,0.01,148.0,0.012,200.0,75.49,0.04219,-0.82685,-0.00282,0.0417,-0.32437
163.66,index_price,1556103541626,open,0.0,368.0,3e-06,0.001235,0.000712,104.8,0.005,0,ETH-26APR19-190-C,163.66,110.82,0.001,179.0,0.002,193.0,126.05,0.00701,-0.11656,0.00021,0.00486,0.02565
166.03,ETH-28JUN19,1556103541628,open,0.12,4774.0,0.114247,0.206014,0.124959,66.38,0.124,0.0,ETH-28JUN19-170-P,163.66,63.42,0.12,224.0,0.128,112.0,68.19,0.27882,-0.14263,-0.1779,0.00857,-0.47788
163.66,index_price,1556103541632,open,0.15,199.0,0.144569,0.145423,0.145051,105.0,0.137,0,ETH-26APR19-140-C,163.66,0.0,0.144,200.0,0.148,50.0,152.01,0.00503,-0.14079,0.00704,0.00348,0.98266
163.66,index_price,1556103541635,open,0.1,54.0,0.10321,0.131333,0.108001,70.92,0.122,0.2,ETH-3MAY19-180-P,163.66,70.92,0.108,197.0,0.112,126.0,79.22,0.0762,-0.22512,-0.03521,0.0165,-0.77674
163.66,index_price,1556103541638,open,0.1,54.0,0.10321,0.131333,0.108001,70.92,0.122,0.2,ETH-3MAY19-180-P,163.66,70.92,0.108,197.0,0.112,120.0,79.22,0.0762,-0.22512,-0.03521,0.0165,-0.77674
163.66,index_price,1556103541641,open,0.03,403.0,0.023446,0.057035,0.029988,70.92,0.031,0.2,ETH-3MAY19-170-C,163.66,62.61,0.025,131.0,0.029,134.0,69.28,0.09882,-0.4283,0.01486,0.02139,0.40346
163.66,index_price,1556103541645,open,0.03,403.0,0.023446,0.057035,0.029988,70.92,0.031,0.2,ETH-3MAY19-170-C,163.66,62.61,0.025,131.0,0.029,136.0,69.28,0.09882,-0.4283,0.01486,0.02139,0.40346
163.66,index_price,1556103541649,open,0.04,388.0,0.043274,0.056383,0.046205,73.8,0.043,0,ETH-26APR19-170-P,163.66,63.6,0.044,136.0,0.047,112.0,77.3,0.03684,-0.7248,-0.00674,0.03627,-0.75551
163.66,index_price,1556103541653,open,0.04,388.0,0.043274,0.056383,0.046205,73.8,0.043,0,ETH-26APR19-170-P,163.66,63.6,0.044,136.0,0.047,105.0,77.3,0.03684,-0.7248,-0.00674,0.03627,-0.75551
166.03,ETH-28JUN19,1556103541656,open,0.04,533.0,0.026962,0.108844,0.037382,68.13,0.051,0.0,ETH-28JUN19-210-C,163.66,67.09,0.036,60.0,0.04,132.0,70.06,0.22245,-0.1168,0.06275,0.00666,0.25003
163.66,index_price,1556103541660,open,0.01,352.0,0.002668,0.02291,0.006616,75.2,0.009,0.2,ETH-3MAY19-190-C,163.66,69.69,0.005,177.0,0.008,158.0,79.42,0.0512,-0.2271,0.00453,0.01045,0.12049
163.66,index_price,1556103541662,open,0.01,352.0,0.002668,0.02291,0.006616,75.2,0.009,0.2,ETH-3MAY19-190-C,163.66,69.69,0.005,177.0,0.008,159.0,79.42,0.0512,-0.2271,0.00453,0.01045,0.12049
166.03,ETH-28JUN19,1556103541665,open,0.16,4460.0,0.152224,0.244381,0.163184,66.61,0.174,0.0,ETH-28JUN19-180-P,163.66,63.49,0.158,217.0,0.166,119.0,68.3,0.27624,-0.14181,-0.21298,0.00846,-0.55854
166.03,ETH-28JUN19,1556103541670,open,0.02,1017.0,0.009775,0.073879,0.021181,73.48,0.02,0.0,ETH-28JUN19-240-C,163.66,72.27,0.02,60.0,0.022,124.0,74.3,0.16353,-0.09261,0.03815,0.00454,0.15044
166.03,ETH-28JUN19,1556103541673,open,0.09,2447.0,0.081709,0.170441,0.092094,66.41,0.066,0.0,ETH-28JUN19-160-P,163.66,63.26,0.087,256.0,0.095,117.0,68.2,0.2691,-0.13773,-0.14308,0.00827,-0.39276
166.03,ETH-28JUN19,1556103541679,open,0.06,545.0,0.0506,0.140909,0.061842,67.16,0.087,0.0,ETH-28JUN19-190-C,163.66,66.0,0.06,9.0,0.064,114.0,68.51,0.26403,-0.13666,0.09062,0.00802,0.36891
166.03,ETH-28JUN19,1556103541683,open,0.06,3452.0,0.055079,0.137923,0.064846,66.63,0.058,0.0,ETH-28JUN19-150-P,163.66,64.03,0.061,106.0,0.068,123.0,68.75,0.2462,-0.12643,-0.10999,0.00754,-0.30787
167.92,ETH-27SEP19,1556103541690,open,0.22,2224.0,0.199475,0.290017,0.220067,67.91,0.212,0.0,ETH-27SEP19-180-P,163.66,65.58,0.214,117.0,0.225,178.0,69.8,0.43685,-0.09515,-0.49769,0.00534,-0.47395
5391.59,BTC-27SEP19,1556103541713,open,0.04,324.8,0.01472945,0.05719888,0.03446437,67.74,0.032,0.0,BTC-27SEP19-9000-C,5418.34,67.19,0.0335,25.0,0.0365,6.2,68.96,9.06966,-1.97078,3.22783,0.00011,0.17461
5391.59,BTC-27SEP19,1556103541715,open,0.07,50.8,0.06206148,0.117387,0.07928626,62.29,0.07,0.0,BTC-27SEP19-4500-P,5418.34,60.69,0.076,5.6,0.0805,3.0,62.82,11.39743,-2.27745,-7.78265,0.00015,-0.25863
5391.59,BTC-27SEP19,1556103541724,open,0.01,336.1,0.00123478,0.0108952,0.00720957,73.03,0.0085,0.0,BTC-27SEP19-2500-P,5418.34,70.32,0.006,5.9,0.008,24.0,74.64,2.54362,-0.59584,-0.90815,3e-05,-0.03223
167.92,ETH-27SEP19,1556103541726,open,0.22,2224.0,0.199475,0.290017,0.220067,67.91,0.212,0.0,ETH-27SEP19-180-P,163.66,65.58,0.214,117.0,0.225,177.0,69.8,0.43685,-0.09515,-0.49769,0.00534,-0.47395
166.02,ETH-28JUN19,1556103541850,open,0.13,1073.0,0.117998,0.206735,0.128384,66.43,0.164,0.0,ETH-28JUN19-160-C,163.66,63.7,0.124,127.0,0.132,212.0,68.64,0.2691,-0.13776,0.14127,0.00827,0.60715
166.02,ETH-28JUN19,1556103541853,open,0.13,1073.0,0.117998,0.206735,0.128384,66.43,0.164,0.0,ETH-28JUN19-160-C,163.66,63.7,0.124,127.0,0.132,213.0,68.64,0.2691,-0.13776,0.14127,0.00827,0.60715
163.66,index_price,1556103541857,open,0.01,343.0,0.007676,0.033119,0.0123,71.67,0.008,0.2,ETH-3MAY19-150-P,163.66,68.55,0.011,101.0,0.013,5.0,73.32,0.06918,-0.26119,-0.00804,0.01482,-0.18964
163.66,index_price,1556103541862,open,0.0,301.0,0.000148,0.008032,0.003138,93.24,0.004,0.2,ETH-3MAY19-210-C,163.66,85.71,0.002,205.0,0.004,196.0,97.96,0.02792,-0.15121,0.00202,0.0046,0.05386
166.02,ETH-28JUN19,1556103541874,open,0.08,2534.0,0.068061,0.160217,0.07902,66.62,0.078,0.0,ETH-28JUN19-180-C,163.66,64.19,0.075,106.0,0.082,106.0,68.4,0.27622,-0.14183,0.10693,0.00846,0.44141
166.02,ETH-28JUN19,1556103541878,open,0.1,1265.0,0.09031,0.182079,0.101022,66.39,0.122,0.0,ETH-28JUN19-170-C,163.66,63.98,0.097,119.0,0.105,215.0,68.74,0.27881,-0.14266,0.12423,0.00857,0.52205
166.02,ETH-28JUN19,1556103541882,open,0.1,1265.0,0.09031,0.182079,0.101022,66.39,0.122,0.0,ETH-28JUN19-170-C,163.66,63.98,0.097,119.0,0.105,216.0,68.74,0.27881,-0.14266,0.12423,0.00857,0.52205
166.02,ETH-28JUN19,1556103541905,open,0.04,2675.0,0.034527,0.108727,0.043296,67.01,0.044,0.0,ETH-28JUN19-140-P,163.66,64.42,0.04,221.0,0.046,167.0,69.13,0.21162,-0.10928,-0.08012,0.00645,-0.22824
163.66,index_price,1556103541913,open,0.02,423.0,0.008705,0.036828,0.013496,70.92,0.016,0.2,ETH-3MAY19-180-C,163.66,65.41,0.011,132.0,0.014,99.0,72.0,0.0762,-0.32327,0.00835,0.0165,0.22326
166.02,ETH-28JUN19,1556103541919,open,0.2,337.0,0.191255,0.265455,0.200025,67.05,0.242,0.0,ETH-28JUN19-140-C,163.66,64.63,0.197,105.0,0.204,161.0,70.11,0.21166,-0.10937,0.16868,0.00644,0.77168
166.02,ETH-28JUN19,1556103541927,open,0.2,337.0,0.191255,0.265455,0.200025,67.05,0.242,0.0,ETH-28JUN19-140-C,163.66,64.63,0.197,105.0,0.203,98.0,69.34,0.21166,-0.10937,0.16868,0.00644,0.77168
166.03,ETH-28JUN19,1556103541932,open,0.16,376.0,0.151628,0.234472,0.161395,66.61,0.163,0.0,ETH-28JUN19-150-C,163.66,64.33,0.158,103.0,0.165,211.0,69.05,0.24619,-0.12638,0.15664,0.00754,0.69216
166.03,ETH-28JUN19,1556103541936,open,0.16,376.0,0.151628,0.234472,0.161395,66.61,0.163,0.0,ETH-28JUN19-150-C,163.66,64.33,0.158,103.0,0.165,212.0,69.05,0.24619,-0.12638,0.15664,0.00754,0.69216
163.66,index_price,1556103541949,open,0.01,326.0,0.008077,0.022545,0.011491,73.52,0.014,0,ETH-26APR19-160-P,163.66,67.69,0.01,151.0,0.012,200.0,75.49,0.04219,-0.82685,-0.00282,0.0417,-0.32437
166.03,ETH-28JUN19,1556103541959,open,0.12,4774.0,0.114247,0.206014,0.124959,66.38,0.124,0.0,ETH-28JUN19-170-P,163.66,63.42,0.12,225.0,0.128,112.0,68.19,0.27882,-0.14263,-0.1779,0.00857,-0.47788
166.03,ETH-28JUN19,1556103541964,open,0.12,4774.0,0.114247,0.206014,0.124959,66.38,0.124,0.0,ETH-28JUN19-170-P,163.66,63.42,0.12,225.0,0.128,111.0,68.19,0.27882,-0.14263,-0.1779,0.00857,-0.47788
163.66,index_price,1556103541973,open,0.1,54.0,0.10321,0.131333,0.108001,70.92,0.122,0.2,ETH-3MAY19-180-P,163.66,70.92,0.108,200.0,0.112,120.0,79.22,0.0762,-0.22512,-0.03521,0.0165,-0.77674
163.66,index_price,1556103541977,open,0.1,54.0,0.10321,0.131333,0.108001,70.92,0.122,0.2,ETH-3MAY19-180-P,163.66,70.92,0.108,200.0,0.112,119.0,79.22,0.0762,-0.22512,-0.03521,0.0165,-0.77674
163.66,index_price,1556103541980,open,0.0,111.0,0.000683,0.013775,0.005039,87.22,0.006,0.2,ETH-3MAY19-200-C,163.66,87.05,0.005,200.0,0.006,196.0,91.0,0.0398,-0.20272,0.00319,0.00701,0.08524
163.66,index_price,1556103541981,open,0.03,403.0,0.023446,0.057035,0.029989,70.92,0.031,0.2,ETH-3MAY19-170-C,163.66,62.61,0.025,131.0,0.029,138.0,69.28,0.09882,-0.4283,0.01486,0.02139,0.40346
163.66,index_price,1556103541984,open,0.04,388.0,0.043274,0.056383,0.046205,73.8,0.043,0,ETH-26APR19-170-P,163.66,63.6,0.044,142.0,0.047,105.0,77.3,0.03684,-0.7248,-0.00674,0.03627,-0.75551
166.03,ETH-28JUN19,1556103541992,open,0.04,533.0,0.026962,0.108844,0.037382,68.13,0.051,0.0,ETH-28JUN19-210-C,163.66,67.09,0.036,60.0,0.04,133.0,70.06,0.22245,-0.1168,0.06275,0.00666,0.25003
163.66,index_price,1556103542006,open,0.01,352.0,0.002668,0.02291,0.006616,75.18,0.009,0.2,ETH-3MAY19-190-C,163.66,69.69,0.005,177.0,0.008,160.0,79.42,0.05118,-0.22693,0.00453,0.01045,0.12042
166.03,ETH-28JUN19,1556103542019,open,0.16,4460.0,0.152224,0.244381,0.163184,66.61,0.174,0.0,ETH-28JUN19-180-P,163.66,63.49,0.158,218.0,0.166,119.0,68.3,0.27624,-0.14181,-0.21298,0.00846,-0.55854
166.03,ETH-28JUN19,1556103542023,open,0.16,4460.0,0.152224,0.244381,0.163184,66.61,0.174,0.0,ETH-28JUN19-180-P,163.66,63.49,0.158,218.0,0.166,118.0,68.3,0.27624,-0.14181,-0.21298,0.00846,-0.55854
166.03,ETH-28JUN19,1556103542032,open,0.09,2447.0,0.081709,0.170441,0.092094,66.41,0.066,0.0,ETH-28JUN19-160-P,163.66,63.88,0.088,101.0,0.095,117.0,68.2,0.2691,-0.13773,-0.14308,0.00827,-0.39276
166.03,ETH-28JUN19,1556103542036,open,0.09,2447.0,0.081709,0.170441,0.092094,66.41,0.066,0.0,ETH-28JUN19-160-P,163.66,63.88,0.088,101.0,0.095,116.0,68.2,0.2691,-0.13773,-0.14308,0.00827,-0.39276
163.66,index_price,1556103542043,open,0.03,22.0,0.024829,0.057749,0.031282,70.92,0.023,0.2,ETH-3MAY19-160-P,163.66,67.07,0.029,116.0,0.036,315.0,78.84,0.09722,-0.35149,-0.01639,0.02105,-0.38065
163.66,index_price,1556103542047,open,0.01,531.0,0.004535,0.017644,0.007466,73.8,0.011,0,ETH-26APR19-170-C,163.66,71.72,0.007,80.0,0.009,57.0,80.47,0.03684,-0.7248,0.00199,0.03627,0.24449
163.66,index_price,1556103542052,open,0.06,59.0,0.057145,0.090734,0.063688,70.92,0.049,0.2,ETH-3MAY19-170-P,163.66,68.12,0.062,105.0,0.066,162.0,74.74,0.09882,-0.3356,-0.02628,0.02139,-0.59654
166.03,ETH-28JUN19,1556103542064,open,0.06,545.0,0.0506,0.140909,0.061842,67.16,0.087,0.0,ETH-28JUN19-190-C,163.66,66.0,0.06,9.0,0.064,115.0,68.51,0.26403,-0.13666,0.09062,0.00802,0.36891
166.03,ETH-28JUN19,1556103542068,open,0.06,3452.0,0.055079,0.137923,0.064846,66.63,0.058,0.0,ETH-28JUN19-150-P,163.66,64.03,0.061,107.0,0.068,123.0,68.75,0.2462,-0.12643,-0.10999,0.00754,-0.30787
166.03,ETH-28JUN19,1556103542072,open,0.06,3452.0,0.055079,0.137923,0.064846,66.63,0.058,0.0,ETH-28JUN19-150-P,163.66,64.03,0.061,107.0,0.068,122.0,68.75,0.2462,-0.12643,-0.10999,0.00754,-0.30787
166.03,ETH-28JUN19,1556103542082,open,0.2,2136.0,0.194972,0.285281,0.206213,67.16,0.219,0.0,ETH-28JUN19-190-P,163.66,64.5,0.202,90.0,0.208,120.0,68.28,0.26403,-0.13666,-0.24709,0.00802,-0.63109
5418.34,index_price,1556103542092,open,0.05,105.0,0.06195891,0.06669243,0.06316401,63.19,0.0425,0,BTC-26APR19-5750-P,5418.34,50.54,0.062,6.0,0.065,6.1,75.17,0.67535,-11.37664,-0.26857,0.00071,-0.90127
163.66,index_price,1556103542088,open,0.09,156.0,0.083791,0.089352,0.085137,81.52,0.09,0,ETH-26APR19-150-C,163.66,79.96,0.085,119.0,0.088,50.0,105.94,0.01473,-0.32005,0.00715,0.01313,0.93583
5418.34,index_price,1556103542096,open,0.04,30.8,0.04093501,0.05596979,0.04251141,59.14,0.0185,0,BTC-26APR19-5625-P,5418.34,55.95,0.042,5.9,0.0445,6.1,68.2,1.06901,-16.85371,-0.23617,0.0012,-0.80557
166.03,ETH-28JUN19,1556103542094,open,0.01,881.0,0.001103,0.03438,0.011153,87.29,0.014,0.0,ETH-28JUN19-300-C,163.66,87.04,0.011,90.0,0.012,348.0,88.65,0.10137,-0.0682,0.01952,0.00237,0.07728
5418.34,index_price,1556103542097,open,0.08,28.2,0.08443505,0.09168355,0.08542513,69.58,0.0785,0,BTC-26APR19-5875-P,5418.34,0.0,0.084,6.0,0.0875,6.1,88.9,0.43262,-8.02366,-0.28689,0.00041,-0.94491
166.03,ETH-28JUN19,1556103542098,open,0.01,512.0,2.5e-05,0.01015,0.004911,101.94,0.007,0.0,ETH-28JUN19-400-C,163.66,94.88,0.003,350.0,0.006,148.0,105.18,0.05222,-0.04103,0.00845,0.00105,0.03354
5418.34,index_price,1556103542109,open,0.04,884.2,0.03473971,0.04260035,0.03715554,61.33,0.0425,0,BTC-26APR19-5250-C,5418.34,56.32,0.036,5.8,0.0375,6.0,63.31,1.17851,-19.26563,0.20417,0.00127,0.77032
163.66,index_price,1556103542114,open,0.0,100.0,0.001499,0.016642,0.00404,74.46,0.004,0.2,ETH-3MAY19-140-P,163.66,69.37,0.003,133.0,0.005,100.0,78.62,0.03585,-0.14337,-0.00312,0.00739,-0.07426
5418.34,index_price,1556103542127,open,0.05,105.0,0.06195891,0.06669243,0.06316401,63.19,0.0425,0,BTC-26APR19-5750-P,5418.34,50.54,0.062,6.0,0.065,6.0,75.17,0.67535,-11.37664,-0.26857,0.00071,-0.90127
5418.34,index_price,1556103542129,open,0.04,884.2,0.03473971,0.04260035,0.03715554,61.33,0.0425,0,BTC-26APR19-5250-C,5418.34,56.32,0.036,5.8,0.0375,6.1,63.31,1.17851,-19.26563,0.20417,0.00127,0.77032
166.03,ETH-28JUN19,1556103542147,open,0.03,506.0,0.019383,0.095645,0.03123,70.45,0.032,0.0,ETH-28JUN19-220-C,163.66,69.44,0.03,60.0,0.032,127.0,71.08,0.20293,-0.11019,0.05338,0.00588,0.21213
167.92,ETH-27SEP19,1556103542165,open,0.15,1817.0,0.129316,0.215118,0.14883,67.9,0.126,0.0,ETH-27SEP19-160-P,163.66,65.53,0.143,119.0,0.153,173.0,69.58,0.41448,-0.09028,-0.37238,0.00507,-0.37042
163.66,index_price,1556103542169,open,0.16,4.0,0.150217,0.16536,0.152758,74.46,0.188,0.2,ETH-3MAY19-140-C,163.66,45.94,0.149,126.0,0.156,50.0,87.28,0.03585,-0.21971,0.03076,0.00739,0.92574
166.02,ETH-28JUN19,1556103542175,open,0.03,1769.0,0.019757,0.083018,0.026824,67.26,0.03,0.0,ETH-28JUN19-130-P,163.66,64.44,0.024,238.0,0.026,1.0,66.45,0.16863,-0.08741,-0.05442,0.00512,-0.15761
163.66,index_price,1556103542188,open,0.06,6.0,0.051935,0.084855,0.058389,70.92,0.075,0.2,ETH-3MAY19-160-C,163.66,61.81,0.053,129.0,0.062,150.0,76.99,0.09722,-0.43874,0.02232,0.02105,0.61935
163.66,index_price,1556103542191,open,0.02,423.0,0.008705,0.036828,0.013496,70.92,0.016,0.2,ETH-3MAY19-180-C,163.66,65.41,0.011,131.0,0.014,99.0,72.0,0.0762,-0.32327,0.00835,0.0165,0.22326
163.66,index_price,1556103542196,open,0.27,0.0,0.277071,0.284955,0.280061,93.24,None,0.2,ETH-3MAY19-210-P,163.66,0.0,0.276,53.0,0.292,53.0,136.91,0.02792,-0.0367,-0.0488,0.0046,-0.94614
163.66,index_price,1556103542201,open,0.04,166.0,0.03044,0.044908,0.033854,73.52,0.052,0,ETH-26APR19-160-C,163.66,74.08,0.034,76.0,0.035,50.0,77.94,0.04219,-0.82685,0.0054,0.0417,0.67563
163.66,index_price,1556103542206,open,0.1,0.0,0.095589,0.121031,0.100212,71.67,None,0.2,ETH-3MAY19-150-C,163.66,61.11,0.096,106.0,0.102,50.0,75.82,0.06918,-0.34298,0.02826,0.01482,0.81036
167.92,ETH-27SEP19,1556103542211,open,0.15,293.0,0.127536,0.218078,0.148087,67.88,0.15,0.0,ETH-27SEP19-180-C,163.66,65.94,0.143,116.0,0.152,60.0,69.4,0.43685,-0.09512,0.27102,0.00534,0.52599
163.66,index_price,1556103542216,open,0.0,368.0,3e-06,0.001235,0.000712,104.8,0.005,0,ETH-26APR19-190-C,163.66,110.82,0.001,178.0,0.002,193.0,126.05,0.00701,-0.11656,0.00021,0.00486,0.02565
163.66,index_price,1556103542218,open,0.1,54.0,0.10321,0.131333,0.108001,70.92,0.122,0.2,ETH-3MAY19-180-P,163.66,70.92,0.108,200.0,0.112,113.0,79.22,0.0762,-0.22512,-0.03521,0.0165,-0.77674
163.66,index_price,1556103542226,open,0.03,403.0,0.023446,0.057035,0.029989,70.92,0.031,0.2,ETH-3MAY19-170-C,163.66,62.61,0.025,129.0,0.029,138.0,69.28,0.09882,-0.4283,0.01486,0.02139,0.40346
163.66,index_price,1556103542242,open,0.04,388.0,0.043274,0.056383,0.046205,73.8,0.043,0,ETH-26APR19-170-P,163.66,63.6,0.044,142.0,0.047,99.0,77.3,0.03684,-0.7248,-0.00674,0.03627,-0.75551
163.66,index_price,1556103542269,open,0.01,352.0,0.002668,0.02291,0.006616,75.18,0.009,0.2,ETH-3MAY19-190-C,163.66,69.69,0.005,176.0,0.008,160.0,79.42,0.05118,-0.22693,0.00453,0.01045,0.12042
163.66,index_price,1556103542290,open,0.01,531.0,0.004535,0.017644,0.007466,73.8,0.011,0,ETH-26APR19-170-C,163.66,71.72,0.007,78.0,0.009,57.0,80.47,0.03684,-0.7248,0.00199,0.03627,0.24449
163.66,index_price,1556103542295,open,0.06,59.0,0.057145,0.090734,0.063688,70.92,0.049,0.2,ETH-3MAY19-170-P,163.66,68.12,0.062,105.0,0.066,158.0,74.74,0.09882,-0.3356,-0.02628,0.02139,-0.59654
163.66,index_price,1556103542310,open,0.09,156.0,0.083791,0.089352,0.085137,81.52,0.09,0,ETH-26APR19-150-C,163.66,79.96,0.085,109.0,0.088,50.0,105.94,0.01473,-0.32005,0.00715,0.01313,0.93583
167.92,ETH-27SEP19,1556103542315,open,0.09,1793.0,0.074186,0.149538,0.091483,68.16,0.085,0.0,ETH-27SEP19-140-P,163.66,66.06,0.087,112.0,0.096,297.0,70.28,0.35876,-0.07844,-0.25495,0.00437,-0.26404
163.66,index_price,1556103542332,open,0.01,343.0,0.007676,0.033119,0.0123,71.67,0.008,0.2,ETH-3MAY19-150-P,163.66,68.55,0.011,103.0,0.013,5.0,73.32,0.06918,-0.26119,-0.00804,0.01482,-0.18964
166.02,ETH-28JUN19,1556103542336,open,0.08,2534.0,0.068061,0.160217,0.07902,66.62,0.078,0.0,ETH-28JUN19-180-C,163.66,64.19,0.075,104.0,0.082,106.0,68.4,0.27622,-0.14183,0.10693,0.00846,0.44141
166.02,ETH-28JUN19,1556103542340,open,0.08,2534.0,0.068061,0.160217,0.07902,66.62,0.078,0.0,ETH-28JUN19-180-C,163.66,64.19,0.075,104.0,0.082,107.0,68.4,0.27622,-0.14183,0.10693,0.00846,0.44141
166.02,ETH-28JUN19,1556103542355,open,0.1,1265.0,0.09031,0.182079,0.101022,66.39,0.122,0.0,ETH-28JUN19-170-C,163.66,63.98,0.097,117.0,0.105,216.0,68.74,0.27881,-0.14266,0.12423,0.00857,0.52205
166.02,ETH-28JUN19,1556103542364,open,0.1,1265.0,0.09031,0.182079,0.101022,66.39,0.122,0.0,ETH-28JUN19-170-C,163.66,63.98,0.097,117.0,0.105,218.0,68.74,0.27881,-0.14266,0.12423,0.00857,0.52205
163.66,index_price,1556103542369,open,0.16,4.0,0.150217,0.16536,0.152758,74.46,0.188,0.2,ETH-3MAY19-140-C,163.66,45.94,0.149,127.0,0.156,50.0,87.28,0.03585,-0.21971,0.03076,0.00739,0.92574
166.02,ETH-28JUN19,1556103542382,open,0.03,1769.0,0.019757,0.083018,0.026824,67.26,0.03,0.0,ETH-28JUN19-130-P,163.66,64.44,0.024,239.0,0.026,1.0,66.45,0.16863,-0.08741,-0.05442,0.00512,-0.15761
166.02,ETH-28JUN19,1556103542400,open,0.01,300.0,0.00052,0.026766,0.008594,89.52,0.012,0.0,ETH-28JUN19-320-C,163.66,88.31,0.008,70.0,0.009,116.0,90.3,0.08399,-0.05795,0.01534,0.00192,0.06057
166.02,ETH-28JUN19,1556103542404,open,0.04,2675.0,0.034527,0.108727,0.043296,67.01,0.044,0.0,ETH-28JUN19-140-P,163.66,64.42,0.04,223.0,0.046,167.0,69.13,0.21162,-0.10928,-0.08012,0.00645,-0.22824
166.02,ETH-28JUN19,1556103542409,open,0.04,2675.0,0.034527,0.108727,0.043296,67.01,0.044,0.0,ETH-28JUN19-140-P,163.66,64.42,0.04,223.0,0.046,166.0,69.13,0.21162,-0.10928,-0.08012,0.00645,-0.22824
166.02,ETH-28JUN19,1556103542415,open,0.01,220.0,0.000114,0.016376,0.006632,96.9,0.008,0.0,ETH-28JUN19-360-C,163.66,95.27,0.006,60.0,0.007,110.0,97.79,0.06691,-0.04997,0.01146,0.00141,0.04547
163.66,index_price,1556103542430,open,0.0,247.0,0.000326,0.005887,0.001671,81.52,0.002,0,ETH-26APR19-150-P,163.66,73.06,0.001,107.0,0.002,250.0,85.01,0.01473,-0.27353,-0.00055,0.01313,-0.06417
166.02,ETH-28JUN19,1556103542439,open,0.05,1728.0,0.037127,0.123838,0.04807,67.62,0.05,0.0,ETH-28JUN19-200-C,163.66,66.2,0.046,60.0,0.051,134.0,69.58,0.2451,-0.12773,0.07575,0.0074,0.30479
166.02,ETH-28JUN19,1556103542450,open,0.02,1944.0,0.004802,0.057124,0.016362,78.24,0.016,0.0,ETH-28JUN19-260-C,163.66,77.79,0.016,60.0,0.017,114.0,79.0,0.13674,-0.08246,0.02942,0.00357,0.11606
163.66,index_price,1556103542465,open,0.02,423.0,0.008705,0.036828,0.013496,70.92,0.016,0.2,ETH-3MAY19-180-C,163.66,65.41,0.011,131.0,0.014,100.0,72.0,0.0762,-0.32327,0.00835,0.0165,0.22326
5391.69,BTC-27SEP19,1556103542559,open,1.22,6.1,1.22774201,1.24644742,1.24200032,75.95,1.9095,0.0,BTC-27SEP19-12000-P,5419.06,0.0,0.012,0.1,0.0,0.0,0.0,5.54609,-1.35112,-49.63593,6e-05,-0.91369
5394.74,BTC-28JUN19,1556103542559,open,1.21,10.0,1.22439444,1.22524507,1.2269298,85.86,1.243,0.0,BTC-28JUN19-12000-P,5419.06,0.0,0.0005,0.4,0.0,0.0,0.0,1.1616,-0.76868,-21.14911,3e-05,-0.9787
5391.69,BTC-27SEP19,1556103542559,open,0.0,411.8,0.00015594,0.00345528,0.00322678,79.08,0.003,0.0,BTC-27SEP19-2000-P,5419.06,73.29,0.002,5.3,0.0045,23.5,83.8,1.3134,-0.33317,-0.41339,1e-05,-0.01473
5394.74,BTC-28JUN19,1556103542559,open,1.39,0.8,1.40975576,1.41014782,1.41182091,90.29,2.171,0.0,BTC-28JUN19-13000-P,5419.06,0.0,0.07,1.0,0.0,0.0,0.0,0.95834,-0.66685,-22.96332,2e-05,-0.98301
5391.69,BTC-27SEP19,1556103542559,open,0.03,645.4,0.00767257,0.04053866,0.02552513,70.38,0.0265,0.0,BTC-27SEP19-10000-C,5419.06,68.91,0.0235,18.0,0.0275,18.0,71.76,7.56501,-1.70782,2.47056,9e-05,0.13282
5391.69,BTC-27SEP19,1556103542560,open,0.16,18.5,0.15172793,0.21847735,0.17045323,61.25,0.1685,0.0,BTC-27SEP19-5500-P,5419.06,60.1,0.1675,5.2,0.1745,13.8,62.82,13.89835,-2.73057,-14.06085,0.00018,-0.44021
5394.74,BTC-28JUN19,1556103542559,open,1.57,1.3,1.59512064,1.59530242,1.59670512,93.36,2.415,0.0,BTC-28JUN19-14000-P,5419.06,0.0,0.0005,0.2,0.0,0.0,0.0,0.76177,-0.54813,-24.77429,2e-05,-0.98699
5391.69,BTC-27SEP19,1556103542560,open,0.38,261.1,0.36586096,0.39819045,0.37804786,65.0,0.38,0.0,BTC-27SEP19-3500-C,5419.06,0.0,0.161,1.0,0.452,1.0,114.21,6.6001,-1.37611,11.80142,8e-05,0.89058
5391.69,BTC-27SEP19,1556103542559,open,1.78,0.0,1.78345971,1.84838353,1.80468516,76.88,None,0.0,BTC-27DEC19-15000-P,5419.06,0.0,0.0,0.0,0.0,0.0,0.0,7.57832,-1.18002,-98.76377,5e-05,-0.90356
5392.41,BTC-27SEP19,1556103542560,open,1.04,3.1,1.04390811,1.06885004,1.06090654,73.99,1.9215,0.0,BTC-27SEP19-11000-P,5419.06,0.0,0.002,0.3,0.0,0.0,0.0,6.57636,-1.56078,-44.95324,7e-05,-0.89115
5394.74,BTC-28JUN19,1556103542560,open,2.67,0.4,2.7073149,2.70731715,2.707817,108.02,5.076,0.0,BTC-28JUN19-20000-P,5419.06,0.0,0.0005,0.2,0.0,0.0,0.0,0.27119,-0.22576,-35.51451,0.0,-0.99597
5392.41,BTC-27SEP19,1556103542559,open,1.42,0.0,1.41443014,1.49880203,1.44081,73.85,None,0.0,BTC-27DEC19-13000-P,5419.06,0.0,0.0005,0.2,0.0,0.0,0.0,9.18308,-1.37345,-84.42534,6e-05,-0.87394
5392.41,BTC-27SEP19,1556103542561,open,0.28,0.0,0.25816681,0.30855995,0.2741404,62.55,None,0.0,BTC-27SEP19-4250-C,5419.06,55.01,0.26,3.0,0.2935,3.0,72.47,10.31604,-2.06991,11.74823,0.00013,0.7843
5392.41,BTC-27SEP19,1556103542561,open,0.64,28.2,0.62926405,0.63256107,0.63227869,78.86,0.608,0.0,BTC-27SEP19-2000-C,5419.06,0.0,0.001,0.3,0.653,1.0,122.49,1.29946,-0.3287,8.13323,1e-05,0.98546
5392.41,BTC-27SEP19,1556103542561,open,0.04,60.3,0.00592509,0.10209761,0.03482797,71.92,0.04,0.0,BTC-27DEC19-12000-C,5419.06,70.67,0.0325,18.0,0.038,18.0,73.58,10.12493,-1.4749,4.03148,7e-05,0.14536
5392.41,BTC-27SEP19,1556103542561,open,0.36,10.2,0.35135454,0.41407514,0.37558181,64.45,0.8,0.0,BTC-27SEP19-7000-P,5419.06,61.26,0.368,1.5,0.3945,0.1,72.2,12.9307,-2.67313,-23.81828,0.00016,-0.65871
5392.41,BTC-27SEP19,1556103542561,open,0.02,705.9,0.00209692,0.02081105,0.0163118,75.9,0.0175,0.0,BTC-27SEP19-12000-C,5419.06,73.56,0.014,18.0,0.0175,18.0,77.03,5.53973,-1.3487,1.60864,6e-05,0.08617
5395.46,BTC-28JUN19,1556103542562,open,0.32,30.0,0.30663544,0.32490898,0.31534948,66.09,0.298,0.0,BTC-28JUN19-3750-C,5419.06,0.0,0.027,0.1,0.0,0.0,0.0,3.19463,-1.62719,5.85394,9e-05,0.92577
5395.46,BTC-28JUN19,1556103542562,open,0.24,4.5,0.22065375,0.25418725,0.23464816,61.71,0.2105,0.0,BTC-28JUN19-4250-C,5419.06,0.0,0.02,0.1,0.0,0.0,0.0,5.24364,-2.49383,5.9255,0.00016,0.85253
166.02,ETH-28JUN19,1556103542485,open,0.01,1225.0,0.00446,0.042717,0.009429,71.12,0.007,0.0,ETH-28JUN19-110-P,163.66,68.32,0.008,150.0,0.011,170.0,74.0,0.08759,-0.04801,-0.02164,0.00251,-0.06391
5395.46,BTC-28JUN19,1556103542563,open,0.66,6.6,0.66874791,0.67707713,0.67591656,72.92,0.704,0.0,BTC-28JUN19-9000-P,5419.06,0.0,0.0005,0.4,0.0,0.0,0.0,2.89947,-1.62953,-15.44439,8e-05,-0.93456
5395.46,BTC-28JUN19,1556103542563,open,0.2,208.2,0.1866542,0.21643254,0.19861623,60.64,0.206,0.0,BTC-28JUN19-4500-C,5419.06,50.8,0.1875,5.0,0.2125,5.0,71.92,6.38919,-2.9859,5.75676,0.0002,0.79891
5395.46,BTC-28JUN19,1556103542563,open,1.76,2.0,1.78011518,1.78020033,1.78205687,101.34,2.658,0.0,BTC-28JUN19-15000-P,5419.06,0.0,0.0005,0.2,0.0,0.0,0.0,0.84399,-0.65921,-26.5394,2e-05,-0.98535
5392.41,BTC-27SEP19,1556103542559,open,0.02,2.0,0.00140197,0.06634265,0.0225756,76.84,0.0255,0.0,BTC-27DEC19-15000-C,5419.06,75.7,0.021,18.0,0.0255,18.0,78.86,7.57074,-1.17818,2.68877,5e-05,0.0963
5392.41,BTC-27SEP19,1556103542563,open,0.0,1666.6,6.46e-06,0.00063141,0.00134656,88.1,0.001,0.0,BTC-27SEP19-1500-P,5419.06,77.86,0.0005,0.1,0.002,5.8,93.21,0.60209,-0.17016,-0.16994,1e-05,-0.00603
5419.06,index_price,1556103542562,open,0.0,321.0,0.0,1.776e-05,9.847e-05,100.06,0.001,0,BTC-26APR19-4500-P,5419.06,0.0,0.0,0.0,0.001,15.5,136.81,0.04921,-0.53363,-0.00123,3e-05,-0.00431
5419.06,index_price,1556103542562,open,0.36,0.0,0.3542458,0.35893436,0.35629798,73.17,None,0,BTC-31MAY19-3500-C,5419.06,0.0,0.0005,0.2,0.0,0.0,0.0,0.9375,-0.93011,3.39841,4e-05,0.97703
5419.06,index_price,1556103542561,open,0.27,362.9,0.2618646,0.26186461,0.26176667,0.0,0.262,0,BTC-26APR19-4000-C,5419.06,0.0,0.24,0.2,0.2995,0.1,500.0,0.0,0.0,0.20556,0.0,1.0
5395.46,BTC-28JUN19,1556103542564,open,0.17,117.0,0.14624305,0.19450337,0.1657754,59.75,0.145,0.0,BTC-28JUN19-4750-C,5419.06,52.54,0.156,5.0,0.178,5.0,68.49,7.43314,-3.42311,5.47055,0.00024,0.73622
5419.06,index_price,1556103542561,open,0.0,108.6,0.0,2.61e-06,2.42e-05,99.95,0.0005,0,BTC-26APR19-6750-C,5419.06,0.0,0.0,0.0,0.0005,35.0,137.66,0.01575,-0.13115,0.00033,1e-05,0.00122
5419.06,index_price,1556103542561,open,0.31,217.7,0.30799807,0.30799807,0.30790611,0.0,0.3135,0,BTC-26APR19-3750-C,5419.06,0.0,0.0005,25.2,0.4085,0.1,500.0,0.0,0.0,0.19271,0.0,1.0
5392.41,BTC-27SEP19,1556103542560,open,0.16,74.3,0.12319126,0.27230993,0.16159922,62.66,0.1415,0.0,BTC-27DEC19-5000-P,5419.06,61.14,0.157,5.0,0.1645,10.0,63.62,16.30405,-2.06902,-18.40431,0.00013,-0.34301
5419.06,index_price,1556103542561,open,0.0,125.6,0.0,2e-07,3.56e-06,99.95,0.0005,0,BTC-26APR19-7000-C,5419.06,0.0,0.0,0.0,0.0005,15.0,156.84,0.00298,-0.01927,6e-05,0.0,0.0002
5392.41,BTC-27SEP19,1556103542563,open,1.24,0.0,1.23127517,1.32744769,1.2605165,72.1,None,0.0,BTC-27DEC19-12000-P,5419.06,0.0,0.0005,0.2,0.0,0.0,0.0,10.16894,-1.48502,-77.11115,7e-05,-0.8537
5392.41,BTC-27SEP19,1556103542559,open,0.08,41.7,0.04447817,0.19602862,0.08241958,63.97,0.091,0.0,BTC-27DEC19-8000-C,5419.06,64.17,0.083,10.0,0.087,8.0,65.53,15.71591,-2.03607,8.41794,0.00012,0.31322
5419.06,index_price,1556103542561,open,0.22,1352.0,0.21573114,0.21573155,0.21563269,0.0,0.23,0,BTC-26APR19-4250-C,5419.06,0.0,0.161,1.0,0.249,2.0,430.04,0.0,0.0,0.2184,0.0,1.0
5419.06,index_price,1556103542561,open,0.0,3043.4,0.0,0.0,0.0,100.03,0.0005,0,BTC-26APR19-3250-P,5419.06,0.0,0.0,0.0,0.0005,22.0,301.31,0.0,0.0,0.0,0.0,0.0
5419.06,index_price,1556103542559,open,0.14,3.0,0.12382882,0.14382963,0.12774779,64.87,0.15,0,BTC-3MAY19-4750-C,5419.06,0.0,0.0005,5.2,0.0,0.0,0.0,1.34935,-4.93106,1.03347,0.00029,0.91201
5392.41,BTC-27SEP19,1556103542562,open,0.72,0.0,0.69574238,0.83392921,0.7316551,65.67,None,0.0,BTC-27DEC19-9000-P,5419.06,0.0,0.001,0.5,0.0,0.0,0.0,14.05649,-1.86968,-54.08417,0.00011,-0.75121
5392.41,BTC-27SEP19,1556103542561,open,1.06,0.0,1.04963762,1.15898484,1.08236103,70.49,None,0.0,BTC-27DEC19-11000-P,5419.06,0.0,0.0005,0.2,0.0,0.0,0.0,11.37479,-1.62385,-69.61676,8e-05,-0.82637
5392.41,BTC-27SEP19,1556103542560,open,0.73,0.0,0.7218858,0.73234209,0.72469244,78.28,None,0.0,BTC-27DEC19-1500-C,5419.06,0.0,0.007,0.2,0.0,0.0,0.0,1.22906,-0.19484,9.65979,1e-05,0.98954
5419.06,index_price,1556103542561,open,0.16,33.2,0.14041648,0.17422365,0.15034838,61.12,0.149,0,BTC-31MAY19-4750-C,5419.06,54.16,0.144,5.0,0.1605,5.0,71.58,5.08723,-4.21597,3.45252,0.00028,0.78096
5419.06,index_price,1556103542559,open,0.0,233.8,0.0,0.0,0.0,100.02,0.0005,0,BTC-26APR19-2500-P,5419.06,0.0,0.0,0.0,0.0005,15.0,440.89,0.0,0.0,0.0,0.0,0.0
5419.06,index_price,1556103542563,open,0.13,873.9,0.12346518,0.12377396,0.12421145,97.42,0.158,0,BTC-26APR19-4750-C,5419.06,0.0,0.1,1.1,0.1895,0.1,440.73,0.24446,-6.34821,0.23628,0.00017,0.97269
5419.06,index_price,1556103542562,open,0.0,913.7,0.0,0.0,1.5e-07,100.04,0.0005,0,BTC-26APR19-4000-P,5419.06,0.0,0.0,0.0,0.0005,15.0,188.75,0.00017,-0.00083,0.0,0.0,-1e-05
5419.06,index_price,1556103542562,open,0.0,260.1,0.0,0.0,0.0,100.02,0.0005,0,BTC-26APR19-2250-P,5419.06,0.0,0.0,0.0,0.0005,16.0,496.71,0.0,0.0,0.0,0.0,0.0
5392.41,BTC-27SEP19,1556103542559,open,0.89,0.3,0.870551,0.99415468,0.90634659,68.59,1.4475,0.0,BTC-27DEC19-10000-P,5419.06,0.0,0.1,0.3,0.0,0.0,0.0,12.71558,-1.76641,-61.93706,9e-05,-0.79183
5392.41,BTC-27SEP19,1556103542566,open,0.27,11.1,0.23409538,0.39607138,0.27579283,62.71,0.249,0.0,BTC-27DEC19-6000-P,5419.06,56.83,0.2565,5.0,1.1085,0.2,500.0,17.66947,-2.24432,-27.55519,0.00014,-0.47971
166.03,ETH-28JUN19,1556103542572,open,0.69,0.0,0.68876,0.730711,0.699183,82.1,None,0.0,ETH-28JUN19-280-P,163.65,0.0,0.004,12.0,0.0,0.0,0.0,0.11427,-0.07231,-0.47469,0.00284,-0.90936
166.03,ETH-28JUN19,1556103542572,open,0.57,0.0,0.570787,0.623117,0.58235,78.23,None,0.0,ETH-28JUN19-260-P,163.65,0.0,0.002,15.0,0.0,0.0,0.0,0.13676,-0.08246,-0.43271,0.00357,-0.88394
166.03,ETH-28JUN19,1556103542572,open,0.93,0.0,0.927883,0.954135,0.93596,89.51,None,0.0,ETH-28JUN19-320-P,163.65,0.0,0.002,15.0,0.0,0.0,0.0,0.084,-0.05795,-0.55344,0.00192,-0.93943
166.02,ETH-28JUN19,1556103542572,open,0.81,0.0,0.808114,0.841384,0.818161,87.29,None,0.0,ETH-28JUN19-300-P,163.65,0.0,0.002,15.0,0.0,0.0,0.0,0.10135,-0.06818,-0.51372,0.00237,-0.92274
167.91,ETH-27SEP19,1556103542572,open,1.62,0.0,1.621881,1.645697,1.63706,87.06,None,0.0,ETH-27SEP19-440-P,163.65,0.0,0.001,1.0,0.0,0.0,0.0,0.16227,-0.04531,-1.83399,0.00155,-0.92056
166.02,ETH-28JUN19,1556103542573,open,0.35,1137.0,0.344516,0.42077,0.356292,70.4,0.372,0.0,ETH-28JUN19-220-P,163.65,59.5,0.344,40.0,0.363,40.0,75.72,0.20274,-0.11,-0.33772,0.00588,-0.78819
167.91,ETH-27SEP19,1556103542573,open,1.16,0.0,1.149562,1.19055,1.171887,82.92,None,0.0,ETH-27SEP19-360-P,163.65,0.0,0.01,4.0,1.183,1.0,90.43,0.22947,-0.06103,-1.46571,0.0023,-0.87214
166.02,ETH-28JUN19,1556103542572,open,1.16,0.0,1.168528,1.184789,1.175046,96.89,None,0.0,ETH-28JUN19-360-P,163.65,0.0,0.002,2.0,0.0,0.0,0.0,0.06689,-0.04995,-0.62841,0.00141,-0.95454
163.65,index_price,1556103542572,open,0.22,0.0,0.209636,0.216551,0.212158,91.87,None,0.2,ETH-3MAY19-130-C,163.65,0.0,0.001,10.0,0.287,5.0,293.03,0.0235,-0.18837,0.02962,0.00393,0.95659
166.02,ETH-28JUN19,1556103542594,open,0.2,337.0,0.191255,0.265455,0.200025,67.02,0.242,0.0,ETH-28JUN19-140-C,163.65,64.63,0.197,102.0,0.203,98.0,69.34,0.21163,-0.10931,0.16871,0.00645,0.77174
5392.41,BTC-27SEP19,1556103542599,open,0.36,10.2,0.35135454,0.41407514,0.37558181,64.45,0.8,0.0,BTC-27SEP19-7000-P,5419.06,61.04,0.3675,1.5,0.3945,0.1,72.2,12.9307,-2.67313,-23.81828,0.00016,-0.65871
166.02,ETH-28JUN19,1556103542596,open,0.2,337.0,0.191255,0.265455,0.200025,67.02,0.242,0.0,ETH-28JUN19-140-C,163.65,64.63,0.197,102.0,0.203,100.0,69.34,0.21163,-0.10931,0.16871,0.00645,0.77174
163.65,index_price,1556103542601,open,0.0,581.0,9e-06,0.00217,0.002237,100.53,0.003,0.2,ETH-3MAY19-220-C,163.65,98.61,0.002,96.0,0.003,112.0,105.98,0.02095,-0.12183,0.00141,0.0032,0.03769
166.03,ETH-28JUN19,1556103542603,open,0.16,376.0,0.151628,0.234472,0.161395,66.63,0.163,0.0,ETH-28JUN19-150-C,163.65,64.33,0.158,101.0,0.165,212.0,69.05,0.2462,-0.12643,0.15662,0.00754,0.69213
5395.46,BTC-28JUN19,1556103542611,open,0.16,35.5,0.15563028,0.19602381,0.17003288,59.1,0.161,0.0,BTC-28JUN19-6000-P,5419.06,54.69,0.163,1.5,0.1735,1.5,61.25,8.6711,-3.9496,-7.5624,0.00028,-0.61854
5392.41,BTC-27SEP19,1556103542604,open,0.2,777.6,0.17439205,0.23712041,0.19236413,61.44,0.2135,0.0,BTC-27SEP19-5000-C,5419.06,59.84,0.1885,10.8,0.196,3.0,62.94,13.03433,-2.56864,10.5695,0.00017,0.65134
166.03,ETH-28JUN19,1556103542617,open,0.16,376.0,0.151628,0.234472,0.161395,66.63,0.163,0.0,ETH-28JUN19-150-C,163.65,64.33,0.158,101.0,0.165,214.0,69.05,0.2462,-0.12643,0.15662,0.00754,0.69213
5419.06,index_price,1556103542622,open,0.05,70.3,0.03921175,0.0828407,0.04890207,57.91,0.062,0,BTC-31MAY19-5750-C,5419.06,55.15,0.0455,19.4,0.049,10.0,57.99,6.69218,-5.25446,1.97167,0.00039,0.40903
163.65,index_price,1556103542620,open,0.1,0.0,0.095543,0.120994,0.100212,71.77,None,0.2,ETH-3MAY19-150-C,163.65,61.24,0.096,107.0,0.102,50.0,75.92,0.06927,-0.34372,0.02824,0.01482,0.80991
163.65,index_price,1556103542625,open,0.01,326.0,0.008095,0.022569,0.011491,73.44,0.014,0,ETH-26APR19-160-P,163.65,67.61,0.01,154.0,0.012,200.0,75.41,0.0422,-0.82618,-0.00283,0.04176,-0.32463
163.65,index_price,1556103542639,open,0.0,368.0,3e-06,0.001233,0.000712,104.83,0.005,0,ETH-26APR19-190-C,163.65,110.86,0.001,178.0,0.002,194.0,126.09,0.007,-0.11655,0.00021,0.00485,0.02565
5419.06,index_price,1556103542633,open,0.01,118.7,0.01054287,0.02884047,0.0125716,57.29,0.01,0,BTC-26APR19-5375-P,5419.06,53.44,0.0115,8.0,0.0135,28.0,60.61,1.51294,-23.1041,-0.11857,0.00175,-0.4132
5419.06,index_price,1556103542630,open,0.07,94.9,0.05661722,0.10095305,0.0666186,57.89,0.074,0,BTC-31MAY19-5500-C,5419.06,54.64,0.0625,14.4,0.0675,5.5,58.58,6.87115,-5.39317,2.39764,0.0004,0.50456
166.02,ETH-28JUN19,1556103542641,open,0.12,4774.0,0.114283,0.206052,0.124959,66.35,0.124,0.0,ETH-28JUN19-170-P,163.65,64.0,0.121,103.0,0.128,111.0,68.16,0.27881,-0.14258,-0.17792,0.00858,-0.478
5395.46,BTC-28JUN19,1556103542647,open,0.0,1413.4,0.0,9.5e-07,7.34e-05,100.02,0.0005,0.0,BTC-28JUN19-1500-P,5419.06,0.0,0.0,0.0,0.0005,96.0,120.74,0.04666,-0.03597,-0.0063,0.0,-0.00058
166.02,ETH-28JUN19,1556103542645,open,0.12,4774.0,0.114283,0.206052,0.124959,66.35,0.124,0.0,ETH-28JUN19-170-P,163.65,64.0,0.121,103.0,0.128,108.0,68.16,0.27881,-0.14258,-0.17792,0.00858,-0.478
5392.41,BTC-27SEP19,1556103542642,open,0.2,31.3,0.1547364,0.31237576,0.19489567,62.46,0.196,0.0,BTC-27DEC19-5500-C,5419.06,61.4,0.1915,5.0,0.2005,5.0,64.21,17.27545,-2.18539,14.28055,0.00014,0.58644
163.65,index_price,1556103542649,open,0.1,54.0,0.103267,0.131382,0.108001,70.81,0.122,0.2,ETH-3MAY19-180-P,163.65,72.93,0.109,96.0,0.112,113.0,79.11,0.07608,-0.2241,-0.03523,0.0165,-0.77733
163.65,index_price,1556103542653,open,0.03,403.0,0.023424,0.05701,0.029989,70.96,0.031,0.2,ETH-3MAY19-170-C,163.65,62.65,0.025,129.0,0.029,140.0,69.32,0.0988,-0.42844,0.01486,0.02138,0.40332
163.65,index_price,1556103542658,open,0.04,388.0,0.043326,0.056427,0.046205,73.59,0.043,0,ETH-26APR19-170-P,163.65,63.35,0.044,148.0,0.047,99.0,77.09,0.03675,-0.72095,-0.00675,0.03629,-0.75656
5395.46,BTC-28JUN19,1556103542650,open,0.1,55.1,0.08638168,0.14512023,0.10925208,58.6,0.1065,0.0,BTC-28JUN19-5500-P,5419.06,56.96,0.1065,21.7,0.112,10.8,60.24,9.06518,-4.09429,-5.66733,0.0003,-0.48171
5395.46,BTC-28JUN19,1556103542669,open,0.06,2330.8,0.04358423,0.08397776,0.05774976,58.95,0.0605,0.0,BTC-28JUN19-6000-C,5419.06,57.86,0.056,10.0,0.058,0.1,59.11,8.66749,-3.9381,3.09933,0.00028,0.38093
5419.06,index_price,1556103542679,open,0.05,105.0,0.06182456,0.06657365,0.06316403,63.26,0.0425,0,BTC-26APR19-5750-P,5419.06,52.21,0.062,6.0,0.0655,6.1,78.93,0.67923,-11.45413,-0.26836,0.00071,-0.90051
166.03,ETH-28JUN19,1556103542699,open,0.04,533.0,0.026962,0.108844,0.037382,68.13,0.051,0.0,ETH-28JUN19-210-C,163.65,67.09,0.036,60.0,0.04,134.0,70.06,0.22245,-0.1168,0.06275,0.00666,0.25003
163.65,index_price,1556103542701,open,0.01,352.0,0.002664,0.022897,0.006616,75.2,0.009,0.2,ETH-3MAY19-190-C,163.65,69.71,0.005,176.0,0.008,161.0,79.45,0.05116,-0.22694,0.00453,0.01045,0.12039
166.03,ETH-28JUN19,1556103542705,open,0.16,4460.0,0.152224,0.244381,0.163184,66.61,0.174,0.0,ETH-28JUN19-180-P,163.65,63.49,0.158,221.0,0.166,118.0,68.3,0.27624,-0.14181,-0.21298,0.00846,-0.55854
166.03,ETH-28JUN19,1556103542710,open,0.16,4460.0,0.152224,0.244381,0.163184,66.61,0.174,0.0,ETH-28JUN19-180-P,163.65,63.49,0.158,221.0,0.166,115.0,68.3,0.27624,-0.14181,-0.21298,0.00846,-0.55854
166.03,ETH-28JUN19,1556103542719,open,0.02,1017.0,0.009775,0.073879,0.021181,73.48,0.02,0.0,ETH-28JUN19-240-C,163.65,72.27,0.02,60.0,0.022,125.0,74.3,0.16352,-0.09261,0.03815,0.00454,0.15044
166.03,ETH-28JUN19,1556103542723,open,0.09,2447.0,0.081709,0.170441,0.092094,66.41,0.066,0.0,ETH-28JUN19-160-P,163.65,63.88,0.088,103.0,0.095,116.0,68.2,0.2691,-0.13773,-0.14308,0.00827,-0.39276
166.03,ETH-28JUN19,1556103542728,open,0.09,2447.0,0.081709,0.170441,0.092094,66.41,0.066,0.0,ETH-28JUN19-160-P,163.65,63.88,0.088,103.0,0.095,113.0,68.2,0.2691,-0.13773,-0.14308,0.00827,-0.39276
163.65,index_price,1556103542732,open,0.03,22.0,0.024853,0.057777,0.031282,70.88,0.023,0.2,ETH-3MAY19-160-P,163.65,67.03,0.029,118.0,0.036,315.0,78.8,0.09723,-0.35128,-0.0164,0.02106,-0.38082
163.65,index_price,1556103542737,open,0.01,531.0,0.004524,0.017625,0.007466,73.87,0.011,0,ETH-26APR19-170-C,163.65,71.78,0.007,78.0,0.009,59.0,80.54,0.03683,-0.72515,0.00199,0.03622,0.24434
163.65,index_price,1556103542743,open,0.06,59.0,0.057187,0.090772,0.063688,70.86,0.049,0.2,ETH-3MAY19-170-P,163.65,68.05,0.062,109.0,0.066,158.0,74.68,0.09879,-0.33509,-0.02629,0.02141,-0.59688
166.03,ETH-28JUN19,1556103542751,open,0.06,545.0,0.0506,0.140909,0.061842,67.16,0.087,0.0,ETH-28JUN19-190-C,163.65,66.0,0.06,9.0,0.064,116.0,68.51,0.26403,-0.13666,0.09062,0.00802,0.36891
166.02,ETH-28JUN19,1556103542756,open,0.0,1784.0,0.000473,0.017227,0.003117,78.88,0.006,0.0,ETH-28JUN19-90-P,163.65,66.07,0.001,338.0,0.005,315.0,86.15,0.03723,-0.02264,-0.00752,0.00096,-0.02235
166.02,ETH-28JUN19,1556103542758,open,0.0,1784.0,0.000473,0.017227,0.003117,78.88,0.006,0.0,ETH-28JUN19-90-P,163.65,66.07,0.001,338.0,0.005,314.0,86.15,0.03723,-0.02264,-0.00752,0.00096,-0.02235
166.03,ETH-28JUN19,1556103542759,open,0.06,3452.0,0.055079,0.137923,0.064846,66.63,0.058,0.0,ETH-28JUN19-150-P,163.65,64.03,0.061,109.0,0.068,122.0,68.75,0.2462,-0.12643,-0.10999,0.00754,-0.30787
166.03,ETH-28JUN19,1556103542767,open,0.06,3452.0,0.055079,0.137923,0.064846,66.63,0.058,0.0,ETH-28JUN19-150-P,163.65,64.03,0.061,109.0,0.068,120.0,68.75,0.2462,-0.12643,-0.10999,0.00754,-0.30787
166.02,ETH-28JUN19,1556103542772,open,0.2,2136.0,0.195023,0.285329,0.206213,67.13,0.219,0.0,ETH-28JUN19-190-P,163.65,64.46,0.202,90.0,0.208,116.0,68.25,0.26397,-0.13656,-0.24713,0.00803,-0.63128
166.03,ETH-28JUN19,1556103542799,open,0.01,2418.0,0.001637,0.028176,0.005345,74.26,0.005,0.0,ETH-28JUN19-100-P,163.65,70.08,0.004,150.0,0.007,159.0,78.68,0.05769,-0.03302,-0.01275,0.00159,-0.03787
163.65,index_price,1556103542806,open,0.09,156.0,0.083737,0.089305,0.085137,82.09,0.09,0,ETH-26APR19-150-C,163.65,80.56,0.085,100.0,0.088,50.0,106.28,0.01498,-0.3278,0.00714,0.01326,0.93441
166.02,ETH-28JUN19,1556103542811,open,0.46,1688.0,0.455379,0.519474,0.466703,73.4,0.446,0.0,ETH-28JUN19-240-P,163.65,57.94,0.454,31.0,0.474,31.0,80.38,0.16323,-0.09234,-0.38853,0.00454,-0.84995
163.65,index_price,1556103542815,open,0.0,0.0,0.00016,0.007075,0.002634,91.53,None,0.2,ETH-3MAY19-130-P,163.65,76.84,0.001,156.0,0.004,405.0,100.08,0.02327,-0.11589,-0.00181,0.0039,-0.04288
163.65,index_price,1556103542827,open,0.0,100.0,0.001501,0.016653,0.00404,74.44,0.004,0.2,ETH-3MAY19-140-P,163.65,69.35,0.003,135.0,0.005,100.0,78.6,0.03586,-0.14335,-0.00312,0.0074,-0.07428
166.03,ETH-28JUN19,1556103542832,open,0.01,1315.0,0.002318,0.044269,0.012741,82.1,0.02,0.0,ETH-28JUN19-280-C,163.65,81.01,0.012,60.0,0.014,301.0,83.89,0.11427,-0.07231,0.02299,0.00284,0.09064
166.03,ETH-28JUN19,1556103542836,open,0.0,1501.0,9.9e-05,0.009525,0.002144,86.72,0.004,0.0,ETH-28JUN19-80-P,163.65,77.57,0.001,1999.0,0.003,176.0,91.64,0.02596,-0.01735,-0.00495,0.00061,-0.01464
166.03,ETH-28JUN19,1556103542843,open,0.02,845.0,0.010083,0.060972,0.016536,69.28,0.016,0.0,ETH-28JUN19-120-P,163.65,65.85,0.014,150.0,0.018,156.0,71.17,0.12663,-0.06761,-0.03565,0.00373,-0.10426
166.02,ETH-28JUN19,1556103542854,open,0.03,506.0,0.019374,0.095628,0.031219,70.46,0.032,0.0,ETH-28JUN19-220-C,163.65,69.45,0.03,60.0,0.032,128.0,71.09,0.2029,-0.11019,0.05337,0.00588,0.21211
166.02,ETH-28JUN19,1556103542859,open,0.13,1073.0,0.117998,0.206735,0.128384,66.41,0.164,0.0,ETH-28JUN19-160-C,163.65,63.7,0.124,129.0,0.132,213.0,68.64,0.2691,-0.13773,0.14128,0.00827,0.60715
166.02,ETH-28JUN19,1556103542863,open,0.13,1073.0,0.117998,0.206735,0.128384,66.41,0.164,0.0,ETH-28JUN19-160-C,163.65,63.7,0.124,129.0,0.132,217.0,68.64,0.2691,-0.13773,0.14128,0.00827,0.60715
163.65,index_price,1556103542877,open,0.01,343.0,0.007686,0.033138,0.012312,71.64,0.008,0.2,ETH-3MAY19-150-P,163.65,68.52,0.011,104.0,0.013,5.0,73.29,0.06918,-0.26111,-0.00804,0.01483,-0.18971
163.65,index_price,1556103542883,open,0.0,301.0,0.000148,0.008026,0.003135,93.26,0.004,0.2,ETH-3MAY19-210-C,163.65,85.72,0.002,205.0,0.004,197.0,97.97,0.02792,-0.15121,0.00202,0.0046,0.05385
166.02,ETH-28JUN19,1556103542885,open,0.08,2534.0,0.068061,0.160217,0.07902,66.61,0.078,0.0,ETH-28JUN19-180-C,163.65,64.19,0.075,107.0,0.082,107.0,68.4,0.27621,-0.1418,0.10693,0.00846,0.44138
166.02,ETH-28JUN19,1556103542893,open,0.08,2534.0,0.068061,0.160217,0.07902,66.61,0.078,0.0,ETH-28JUN19-180-C,163.65,64.19,0.075,107.0,0.082,108.0,68.4,0.27621,-0.1418,0.10693,0.00846,0.44138
166.02,ETH-28JUN19,1556103542899,open,0.1,1265.0,0.09031,0.182079,0.101022,66.38,0.122,0.0,ETH-28JUN19-170-C,163.65,63.98,0.097,120.0,0.105,218.0,68.74,0.27881,-0.14263,0.12423,0.00857,0.52203
166.02,ETH-28JUN19,1556103542904,open,0.1,1265.0,0.09031,0.182079,0.101022,66.38,0.122,0.0,ETH-28JUN19-170-C,163.65,63.98,0.097,120.0,0.105,219.0,68.74,0.27881,-0.14263,0.12423,0.00857,0.52203
167.91,ETH-27SEP19,1556103542912,open,0.15,1817.0,0.129346,0.215151,0.148861,67.88,0.126,0.0,ETH-27SEP19-160-P,163.65,65.52,0.143,119.0,0.153,174.0,69.57,0.41448,-0.09024,-0.37238,0.00507,-0.37048
163.65,index_price,1556103542917,open,0.16,4.0,0.150168,0.165319,0.152711,74.67,0.188,0.2,ETH-3MAY19-140-C,163.65,47.0,0.149,120.0,0.156,50.0,87.43,0.03608,-0.22103,0.03074,0.00742,0.92513
166.03,ETH-28JUN19,1556103542939,open,0.04,2675.0,0.034512,0.108704,0.04328,67.03,0.044,0.0,ETH-28JUN19-140-P,163.65,64.43,0.04,223.0,0.046,168.0,69.14,0.21162,-0.10933,-0.08013,0.00644,-0.22822
163.65,index_price,1556103542950,open,0.0,247.0,0.000327,0.005895,0.001675,81.47,0.002,0,ETH-26APR19-150-P,163.65,73.02,0.001,109.0,0.002,250.0,84.96,0.01473,-0.2735,-0.00055,0.01314,-0.0642
166.02,ETH-28JUN19,1556103542962,open,0.02,1944.0,0.004802,0.057124,0.016362,78.23,0.016,0.0,ETH-28JUN19-260-C,163.65,77.79,0.016,60.0,0.017,115.0,79.0,0.13672,-0.08244,0.02941,0.00357,0.11603
163.65,index_price,1556103542968,open,0.06,6.0,0.0519,0.084824,0.058355,70.98,0.075,0.2,ETH-3MAY19-160-C,163.65,61.87,0.053,126.0,0.062,150.0,77.04,0.09724,-0.43909,0.02231,0.02104,0.61908
163.65,index_price,1556103542971,open,0.02,423.0,0.008695,0.03681,0.013483,70.95,0.016,0.2,ETH-3MAY19-180-C,163.65,65.44,0.011,129.0,0.014,100.0,72.03,0.07619,-0.32332,0.00835,0.01649,0.2232
163.65,index_price,1556103542975,open,0.02,423.0,0.008695,0.03681,0.013483,70.95,0.016,0.2,ETH-3MAY19-180-C,163.65,65.44,0.011,129.0,0.014,101.0,72.03,0.07619,-0.32332,0.00835,0.01649,0.2232
166.02,ETH-28JUN19,1556103542995,open,0.01,1225.0,0.00446,0.042717,0.009429,71.13,0.007,0.0,ETH-28JUN19-110-P,163.65,68.32,0.008,150.0,0.011,171.0,74.0,0.08761,-0.04803,-0.02165,0.00251,-0.06393
166.02,ETH-28JUN19,1556103543011,open,0.2,337.0,0.191255,0.265455,0.200024,67.02,0.242,0.0,ETH-28JUN19-140-C,163.65,64.63,0.197,107.0,0.203,100.0,69.34,0.21163,-0.10931,0.16871,0.00645,0.77174
166.02,ETH-28JUN19,1556103543017,open,0.2,337.0,0.191255,0.265455,0.200024,67.02,0.242,0.0,ETH-28JUN19-140-C,163.65,64.63,0.197,107.0,0.203,103.0,69.34,0.21163,-0.10931,0.16871,0.00645,0.77174
163.65,index_price,1556103543025,open,0.04,166.0,0.030399,0.044873,0.033815,73.67,0.052,0,ETH-26APR19-160-C,163.65,74.23,0.034,72.0,0.035,50.0,78.09,0.04223,-0.82926,0.00539,0.04165,0.67491
163.65,index_price,1556103543030,open,0.0,581.0,9e-06,0.00217,0.002235,100.53,0.003,0.2,ETH-3MAY19-220-C,163.65,98.61,0.002,95.0,0.003,112.0,105.98,0.02095,-0.12183,0.00141,0.0032,0.03769
166.03,ETH-28JUN19,1556103543031,open,0.16,376.0,0.151628,0.234472,0.161395,66.63,0.163,0.0,ETH-28JUN19-150-C,163.65,64.33,0.158,105.0,0.165,214.0,69.05,0.2462,-0.12643,0.15662,0.00754,0.69213
166.03,ETH-28JUN19,1556103543036,open,0.16,376.0,0.151628,0.234472,0.161395,66.63,0.163,0.0,ETH-28JUN19-150-C,163.65,64.33,0.158,105.0,0.165,216.0,69.05,0.2462,-0.12643,0.15662,0.00754,0.69213
163.65,index_price,1556103543041,open,0.1,0.0,0.095543,0.120994,0.100169,71.77,None,0.2,ETH-3MAY19-150-C,163.65,61.24,0.096,102.0,0.102,50.0,75.92,0.06927,-0.34372,0.02824,0.01482,0.80991
163.65,index_price,1556103543046,open,0.01,326.0,0.008095,0.022569,0.011511,73.44,0.014,0,ETH-26APR19-160-P,163.65,67.61,0.01,157.0,0.012,200.0,75.41,0.0422,-0.82618,-0.00283,0.04176,-0.32463
167.91,ETH-27SEP19,1556103543050,open,0.15,293.0,0.127514,0.218056,0.148064,67.9,0.15,0.0,ETH-27SEP19-180-C,163.65,65.94,0.143,118.0,0.152,60.0,69.4,0.43682,-0.09514,0.27097,0.00534,0.52598
166.02,ETH-28JUN19,1556103543058,open,0.12,4774.0,0.114283,0.206052,0.124995,66.35,0.124,0.0,ETH-28JUN19-170-P,163.65,64.0,0.121,104.0,0.128,108.0,68.16,0.27881,-0.14258,-0.17792,0.00858,-0.478
166.02,ETH-28JUN19,1556103543073,open,0.12,4774.0,0.114283,0.206052,0.124995,66.35,0.124,0.0,ETH-28JUN19-170-P,163.65,64.0,0.121,104.0,0.128,112.0,68.16,0.27881,-0.14258,-0.17792,0.00858,-0.478
163.65,index_price,1556103543077,open,0.1,54.0,0.103267,0.131382,0.108055,70.81,0.122,0.2,ETH-3MAY19-180-P,163.65,72.93,0.109,102.0,0.112,113.0,79.11,0.07608,-0.2241,-0.03523,0.0165,-0.77733
163.65,index_price,1556103543086,open,0.1,54.0,0.103267,0.131382,0.108055,70.81,0.122,0.2,ETH-3MAY19-180-P,163.65,72.93,0.109,102.0,0.112,107.0,79.11,0.07608,-0.2241,-0.03523,0.0165,-0.77733
163.65,index_price,1556103543098,open,0.03,403.0,0.023424,0.05701,0.029966,70.96,0.031,0.2,ETH-3MAY19-170-C,163.65,62.65,0.025,127.0,0.029,140.0,69.32,0.0988,-0.42844,0.01486,0.02138,0.40332
163.65,index_price,1556103543102,open,0.03,403.0,0.023424,0.05701,0.029966,70.96,0.031,0.2,ETH-3MAY19-170-C,163.65,62.65,0.025,127.0,0.029,142.0,69.32,0.0988,-0.42844,0.01486,0.02138,0.40332
163.65,index_price,1556103543106,open,0.04,388.0,0.043326,0.056427,0.046254,73.59,0.043,0,ETH-26APR19-170-P,163.65,63.35,0.044,154.0,0.047,99.0,77.09,0.03675,-0.72095,-0.00675,0.03629,-0.75656
163.65,index_price,1556103543111,open,0.04,388.0,0.043326,0.056427,0.046254,73.59,0.043,0,ETH-26APR19-170-P,163.65,63.35,0.044,154.0,0.047,93.0,77.09,0.03675,-0.72095,-0.00675,0.03629,-0.75656
166.03,ETH-28JUN19,1556103543120,open,0.04,533.0,0.026962,0.108844,0.037382,68.13,0.051,0.0,ETH-28JUN19-210-C,163.65,67.09,0.036,60.0,0.04,135.0,70.06,0.22245,-0.1168,0.06275,0.00666,0.25003
163.65,index_price,1556103543126,open,0.01,352.0,0.002664,0.022897,0.006609,75.2,0.009,0.2,ETH-3MAY19-190-C,163.65,69.71,0.005,175.0,0.008,161.0,79.45,0.05116,-0.22694,0.00453,0.01045,0.12039
5395.54,BTC-28JUN19,1556103543147,open,2.67,0.4,2.70676522,2.70676747,2.707817,116.11,5.076,0.0,BTC-28JUN19-20000-P,5419.06,0.0,0.0005,0.2,0.0,0.0,0.0,0.47184,-0.42223,-35.48636,1e-05,-0.99249
167.91,ETH-27SEP19,1556103543153,open,0.03,407.0,0.007862,0.054613,0.028548,79.17,0.039,0.0,ETH-27SEP19-340-C,163.65,78.06,0.027,60.0,0.03,124.0,80.18,0.23775,-0.06038,0.07604,0.00249,0.13459
166.03,ETH-28JUN19,1556103543156,open,0.16,4460.0,0.152224,0.244381,0.163183,66.61,0.174,0.0,ETH-28JUN19-180-P,163.65,63.49,0.158,222.0,0.166,115.0,68.3,0.27624,-0.14181,-0.21298,0.00846,-0.55854
166.03,ETH-28JUN19,1556103543176,open,0.16,4460.0,0.152224,0.244381,0.163183,66.61,0.174,0.0,ETH-28JUN19-180-P,163.65,63.49,0.158,222.0,0.166,118.0,68.3,0.27624,-0.14181,-0.21298,0.00846,-0.55854
166.03,ETH-28JUN19,1556103543181,open,0.09,2447.0,0.081709,0.170441,0.092094,66.41,0.066,0.0,ETH-28JUN19-160-P,163.65,63.88,0.088,104.0,0.095,113.0,68.2,0.2691,-0.13773,-0.14308,0.00827,-0.39276
167.92,ETH-27SEP19,1556103543200,open,0.22,2224.0,0.199475,0.290017,0.220026,67.89,0.212,0.0,ETH-27SEP19-180-P,163.65,65.58,0.214,117.0,0.225,117.0,69.8,0.43685,-0.09513,-0.49769,0.00534,-0.47399
166.03,ETH-28JUN19,1556103543198,open,0.09,2447.0,0.081709,0.170441,0.092094,66.41,0.066,0.0,ETH-28JUN19-160-P,163.65,63.88,0.088,104.0,0.095,116.0,68.2,0.2691,-0.13773,-0.14308,0.00827,-0.39276
163.65,index_price,1556103543203,open,0.03,22.0,0.024853,0.057777,0.031308,70.88,0.023,0.2,ETH-3MAY19-160-P,163.65,67.03,0.029,121.0,0.036,315.0,78.8,0.09723,-0.35128,-0.0164,0.02106,-0.38082
163.65,index_price,1556103543207,open,0.01,531.0,0.004524,0.017625,0.007452,73.87,0.011,0,ETH-26APR19-170-C,163.65,71.78,0.007,76.0,0.009,59.0,80.54,0.03683,-0.72515,0.00199,0.03622,0.24434
163.65,index_price,1556103543211,open,0.01,531.0,0.004524,0.017625,0.007452,73.87,0.011,0,ETH-26APR19-170-C,163.65,71.78,0.007,76.0,0.009,61.0,80.54,0.03683,-0.72515,0.00199,0.03622,0.24434
163.65,index_price,1556103543215,open,0.06,59.0,0.057187,0.090772,0.063728,70.86,0.049,0.2,ETH-3MAY19-170-P,163.65,68.05,0.062,112.0,0.066,158.0,74.68,0.09879,-0.33509,-0.02629,0.02141,-0.59688
163.65,index_price,1556103543222,open,0.06,59.0,0.057187,0.090772,0.063728,70.86,0.049,0.2,ETH-3MAY19-170-P,163.65,68.05,0.062,112.0,0.066,154.0,74.68,0.09879,-0.33509,-0.02629,0.02141,-0.59688
166.03,ETH-28JUN19,1556103543237,open,0.06,545.0,0.0506,0.140909,0.061842,67.16,0.087,0.0,ETH-28JUN19-190-C,163.65,66.0,0.06,9.0,0.064,117.0,68.51,0.26403,-0.13666,0.09062,0.00802,0.36891
166.02,ETH-28JUN19,1556103543242,open,0.0,1784.0,0.000473,0.017227,0.003118,78.88,0.006,0.0,ETH-28JUN19-90-P,163.65,66.07,0.001,338.0,0.005,315.0,86.15,0.03723,-0.02264,-0.00752,0.00096,-0.02235
166.03,ETH-28JUN19,1556103543244,open,0.06,3452.0,0.055079,0.137923,0.064846,66.63,0.058,0.0,ETH-28JUN19-150-P,163.65,64.03,0.061,109.0,0.068,123.0,68.75,0.2462,-0.12643,-0.10999,0.00754,-0.30787
166.02,ETH-28JUN19,1556103543248,open,0.2,2136.0,0.195023,0.285329,0.206264,67.13,0.219,0.0,ETH-28JUN19-190-P,163.65,64.46,0.202,90.0,0.208,120.0,68.25,0.26397,-0.13656,-0.24713,0.00803,-0.63128
167.92,ETH-27SEP19,1556103543253,open,0.22,2224.0,0.199475,0.290017,0.220026,67.89,0.212,0.0,ETH-27SEP19-180-P,163.65,65.58,0.214,117.0,0.225,118.0,69.8,0.43685,-0.09513,-0.49769,0.00534,-0.47399
166.03,ETH-28JUN19,1556103543273,open,0.01,2418.0,0.001637,0.028176,0.005345,74.26,0.005,0.0,ETH-28JUN19-100-P,163.65,70.08,0.004,150.0,0.007,160.0,78.68,0.05769,-0.03302,-0.01275,0.00159,-0.03787
167.91,ETH-27SEP19,1556103543283,open,0.09,1793.0,0.074205,0.149563,0.091504,68.15,0.085,0.0,ETH-27SEP19-140-P,163.65,66.05,0.087,113.0,0.096,297.0,70.27,0.35877,-0.07843,-0.25496,0.00437,-0.26407
167.91,ETH-27SEP19,1556103543288,open,0.09,1793.0,0.074205,0.149563,0.091504,68.15,0.085,0.0,ETH-27SEP19-140-P,163.65,66.05,0.087,113.0,0.096,298.0,70.27,0.35877,-0.07843,-0.25496,0.00437,-0.26407
167.92,ETH-27SEP19,1556103543296,open,0.06,514.0,0.045605,0.12701,0.067015,70.02,0.07,0.0,ETH-27SEP19-240-C,163.65,69.12,0.065,60.0,0.071,127.0,71.79,0.37597,-0.08445,0.16031,0.00446,0.29057
166.03,ETH-28JUN19,1556103543303,open,0.0,1501.0,9.9e-05,0.009525,0.002144,86.72,0.004,0.0,ETH-28JUN19-80-P,163.65,77.57,0.001,1999.0,0.003,177.0,91.64,0.02596,-0.01735,-0.00495,0.00061,-0.01464
167.91,ETH-27SEP19,1556103543305,open,0.04,492.0,0.015848,0.075857,0.038569,75.81,0.043,0.0,ETH-27SEP19-300-C,163.65,74.87,0.037,60.0,0.039,119.0,76.06,0.28571,-0.06947,0.09983,0.00313,0.1778
166.03,ETH-28JUN19,1556103543310,open,0.02,845.0,0.010083,0.060972,0.016536,69.28,0.016,0.0,ETH-28JUN19-120-P,163.65,65.85,0.014,150.0,0.018,157.0,71.17,0.12663,-0.06761,-0.03565,0.00373,-0.10426
166.02,ETH-28JUN19,1556103543330,open,0.03,506.0,0.019374,0.095628,0.031219,70.46,0.032,0.0,ETH-28JUN19-220-C,163.65,69.45,0.03,60.0,0.032,129.0,71.09,0.2029,-0.11019,0.05337,0.00588,0.21211
167.91,ETH-27SEP19,1556103543337,open,0.0,174.0,0.000312,0.007255,0.002708,79.52,0.001,0.0,ETH-27SEP19-60-P,163.65,68.84,0.001,2250.0,0.004,107.0,84.9,0.0356,-0.00908,-0.01093,0.00037,-0.01254
167.91,ETH-27SEP19,1556103543338,open,0.09,211.0,0.064616,0.151677,0.085692,68.89,0.105,0.0,ETH-27SEP19-220-C,163.65,67.35,0.082,120.0,0.09,129.0,70.65,0.40801,-0.09016,0.19223,0.00492,0.35378
167.91,ETH-27SEP19,1556103543342,open,0.05,612.0,0.032081,0.106633,0.054636,71.94,0.062,0.0,ETH-27SEP19-260-C,163.65,70.64,0.052,180.0,0.057,132.0,73.08,0.34384,-0.07935,0.13545,0.00397,0.24354
167.91,ETH-27SEP19,1556103543347,open,0.15,1817.0,0.129346,0.215151,0.148861,67.88,0.126,0.0,ETH-27SEP19-160-P,163.65,65.52,0.143,122.0,0.153,174.0,69.57,0.41448,-0.09024,-0.37238,0.00507,-0.37048
167.91,ETH-27SEP19,1556103543351,open,0.05,1643.0,0.035596,0.094898,0.048534,68.27,0.044,0.0,ETH-27SEP19-120-P,163.65,66.71,0.046,121.0,0.05,2.0,69.18,0.27188,-0.05954,-0.15277,0.00331,-0.16453
167.91,ETH-27SEP19,1556103543355,open,0.11,671.0,0.091122,0.181647,0.112984,68.58,0.119,0.0,ETH-27SEP19-200-C,163.65,67.8,0.111,100.0,0.117,122.0,70.13,0.43175,-0.09497,0.23018,0.00523,0.43401
167.91,ETH-27SEP19,1556103543362,open,0.04,255.0,0.011152,0.064269,0.032711,77.35,0.037,0.0,ETH-27SEP19-320-C,163.65,76.23,0.031,60.0,0.034,126.0,78.18,0.2594,-0.06436,0.08636,0.00279,0.15315
167.91,ETH-27SEP19,1556103543366,open,0.15,293.0,0.127514,0.218056,0.148064,67.9,0.15,0.0,ETH-27SEP19-180-C,163.65,65.94,0.143,119.0,0.152,60.0,69.4,0.43682,-0.09514,0.27097,0.00534,0.52598
167.91,ETH-27SEP19,1556103543376,open,0.05,346.0,0.022547,0.089803,0.045148,73.7,0.05,0.0,ETH-27SEP19-280-C,163.65,72.53,0.043,120.0,0.047,143.0,74.69,0.31254,-0.07389,0.11524,0.00352,0.20586
167.91,ETH-27SEP19,1556103543379,open,0.01,1320.0,0.003018,0.023553,0.009673,75.44,0.009,0.0,ETH-27SEP19-80-P,163.65,70.31,0.007,132.0,0.012,135.0,79.35,0.09461,-0.02289,-0.03564,0.00104,-0.04003
