underlying_price,underlying_index,timestamp,state,settlement_price,open_interest,min_price,max_price,mark_price,mark_iv,last_price,interest_rate,instrument_name,index_price,bid_iv,best_bid_price,best_bid_amount,best_ask_price,best_ask_amount,ask_iv,vega,theta,rho,gamma,delta
176.01,SYN.ETH-22NOV19,1574161140016,open,0.2,0.0,0.181,0.229,0.204759,104.78,None,0.0,ETH-22NOV19-140-C,175.87,0.0,0.0,0.0,0.0,0.0,0.0,0.00269,-0.04897,0.01094,0.00105,0.99392
176.01,SYN.ETH-22NOV19,1574161140016,open,0.0,3.0,0.001,0.011,0.000191,105.0,0.001,0.0,ETH-22NOV19-140-P,175.87,0.0,0.0,0.0,0.001,500.0,131.94,0.00272,-0.03358,-9e-05,0.00106,-0.00617
8166.39,BTC-27DEC19,1574161140025,open,0.63,10.0,0.623,0.6425,0.63269061,96.94,0.618,0.0,BTC-27DEC19-3000-C,8083.24,0.0,0.6255,1.0,0.6415,10.0,196.0,0.03674,-0.04702,3.10952,0.0,0.99961
8089.32,SYN.BTC-22NOV19,1574161140050,open,0.05,29.0,0.026,0.071,0.04711561,55.71,0.06,0.0,BTC-22NOV19-7750-C,8083.24,50.87,0.046,21.5,0.0485,14.0,61.34,1.92548,-18.65101,0.48852,0.00067,0.81362
8089.32,SYN.BTC-22NOV19,1574161140069,open,0.05,29.0,0.026,0.071,0.04711561,55.71,0.06,0.0,BTC-22NOV19-7750-C,8083.24,53.09,0.0465,0.1,0.0485,14.0,61.34,1.92548,-18.65101,0.48852,0.00067,0.81362
8089.32,SYN.BTC-22NOV19,1574161140070,open,0.11,20.1,0.086,0.1275,0.10561773,80.69,0.104,0.0,BTC-22NOV19-7250-C,8083.24,79.58,0.1055,0.1,0.1085,6.5,102.22,0.84148,-11.80612,0.53256,0.0002,0.94124
8166.49,BTC-27DEC19,1574161140068,open,0.14,947.0,0.11,0.176,0.14078412,59.07,0.14,0.0,BTC-27DEC19-9000-P,8083.24,57.51,0.139,2.0,0.144,35.6,61.75,9.62675,-7.50726,-6.7961,0.00024,-0.66114
8089.32,SYN.BTC-22NOV19,1574161140085,open,0.11,136.0,0.091,0.1395,0.1135781,68.25,0.102,0.0,BTC-22NOV19-9000-P,8083.24,0.0,0.1105,4.0,0.1135,0.1,67.18,0.64078,-7.60441,-0.6831,0.00018,-0.95824
8089.32,SYN.BTC-22NOV19,1574161140086,open,0.01,135.6,0.0005,0.033,0.00881328,47.32,0.01,0.0,BTC-22NOV19-8250-C,8083.24,43.18,0.0075,16.0,0.0095,21.0,49.46,2.59183,-21.32447,0.20301,0.00106,0.32734
8104.69,SYN.BTC-29NOV19,1574161140098,open,0.01,146.5,0.0005,0.0215,0.00683512,62.37,0.0065,0.0,BTC-29NOV19-7250-P,8083.24,58.32,0.0055,6.8,0.007,20.0,62.85,2.78492,-8.79454,-0.29494,0.00025,-0.12766
8104.69,SYN.BTC-29NOV19,1574161140100,open,0.01,146.5,0.0005,0.0215,0.00683512,62.37,0.0065,0.0,BTC-29NOV19-7250-P,8083.24,56.71,0.005,44.0,0.007,20.0,62.85,2.78492,-8.79454,-0.29494,0.00025,-0.12766
8166.39,BTC-27DEC19,1574161140101,open,0.76,0.0,0.7455,0.765,0.75509395,0.0,None,0.0,BTC-27DEC19-2000-C,8083.24,0.0,0.7475,1.0,0.7635,1.0,266.47,0.0,0.0,2.07538,0.0,1.0
8166.39,BTC-27DEC19,1574161140100,open,0.04,920.3,0.021,0.067,0.0404117,60.32,0.039,0.0,BTC-27DEC19-7500-P,8083.24,58.59,0.0385,0.3,0.041,12.8,60.84,9.09432,-7.24212,-2.85305,0.00022,-0.29625
8089.32,SYN.BTC-22NOV19,1574161140121,open,0.08,207.0,0.061,0.1085,0.08339442,60.05,0.0765,0.0,BTC-22NOV19-8750-P,8083.24,0.0,0.08,4.0,0.0835,0.2,60.84,1.00643,-10.50743,-0.64329,0.00033,-0.92596
8104.69,SYN.BTC-29NOV19,1574161140189,open,0.11,12.0,0.0905,0.1355,0.1122914,62.35,0.119,0.0,BTC-29NOV19-7250-C,8083.24,56.85,0.1105,5.4,0.1125,14.0,62.97,2.78384,-8.78823,1.66684,0.00025,0.87241
8166.39,BTC-27DEC19,1574161140192,open,0.09,533.6,0.0595,0.115,0.08555167,58.97,0.085,0.0,BTC-27DEC19-8000-C,8083.24,57.36,0.0835,2.0,0.0875,8.0,60.54,10.28005,-8.00329,4.19504,0.00025,0.58057
8104.69,SYN.BTC-29NOV19,1574161140200,open,0.11,299.5,0.0935,0.1505,0.11574414,53.45,0.1045,0.0,BTC-29NOV19-9000-P,8083.24,41.9,0.1125,5.0,0.1165,4.0,55.6,2.75254,-7.44929,-2.1714,0.00029,-0.87446
8166.39,BTC-27DEC19,1574161140203,open,0.57,4.3,0.562,0.5815,0.57169133,99.26,0.5625,0.0,BTC-27DEC19-3500-C,8083.24,0.0,0.564,9.0,0.581,1.0,171.67,0.20271,-0.26563,3.60871,0.0,0.99752
8166.49,BTC-27DEC19,1574161140203,open,0.02,1028.2,0.007,0.0405,0.01944187,63.82,0.0195,0.0,BTC-27DEC19-10000-C,8083.24,62.16,0.018,44.8,0.0205,12.8,65.04,7.11077,-5.99112,1.43519,0.00016,0.18879
8166.16,BTC-27DEC19,1574161140205,open,0.7,0.0,0.684,0.7035,0.69386363,100.0,None,0.0,BTC-27DEC19-2500-C,8083.24,0.0,0.6865,1.0,0.7025,1.0,227.44,0.0067,-0.00885,2.59365,0.0,0.99994
8104.69,SYN.BTC-29NOV19,1574161140206,open,0.14,7.4,0.1205,0.1635,0.14102587,68.35,0.186,0.0,BTC-29NOV19-7000-C,8083.24,59.59,0.139,15.2,0.1415,14.0,70.15,2.11045,-7.3029,1.6929,0.00017,0.91302
8166.49,BTC-27DEC19,1574161140218,open,4.37,0.0,4.2825,4.498,4.38808939,163.27,3.46,0.0,BTC-27DEC19-44000-P,8083.43,0.0,0.001,1.0,0.0,0.0,0.0,0.13971,-0.30113,-45.64627,0.0,-0.99835
8166.49,BTC-27DEC19,1574161140218,open,5.34,0.8,5.243,5.4975,5.367742,179.4,3.59,0.0,BTC-27DEC19-52000-P,8083.43,0.0,0.001,1.0,0.0,0.0,0.0,0.15022,-0.35576,-53.94697,0.0,-0.99822
8166.49,BTC-27DEC19,1574161140218,open,0.95,19.0,0.9215,1.0095,0.96209498,99.41,1.2,0.0,BTC-27DEC19-16000-P,8083.43,0.0,0.0,0.0,0.0,0.0,0.0,1.59851,-2.09782,-16.40542,2e-05,-0.97381
8166.49,BTC-27DEC19,1574161140218,open,3.88,0.0,3.802,3.998,3.89812517,141.34,2.58,0.0,BTC-27DEC19-40000-P,8083.43,0.0,0.001,1.0,0.0,0.0,0.0,0.05135,-0.09582,-41.50343,0.0,-0.99945
8166.49,BTC-27DEC19,1574161140218,open,0.83,211.2,0.8015,0.8855,0.84020871,94.23,0.9295,0.0,BTC-27DEC19-15000-P,8083.43,0.0,0.0,0.0,0.0,0.0,0.0,1.89168,-2.35322,-15.32267,3e-05,-0.96793
8166.49,BTC-27DEC19,1574161140219,open,0.24,532.4,0.2115,0.281,0.24395816,63.84,0.2375,0.0,BTC-27DEC19-10000-P,8083.43,47.79,0.232,15.0,0.252,11.0,72.55,7.112,-5.99325,-8.94134,0.00016,-0.81116
8166.49,BTC-27DEC19,1574161140219,open,0.71,268.3,0.682,0.762,0.71863541,88.92,0.7205,0.0,BTC-27DEC19-14000-P,8083.43,0.0,0.0,0.0,0.0,0.0,0.0,2.31567,-2.71831,-14.21625,4e-05,-0.95894
8166.49,BTC-27DEC19,1574161140219,open,0.0,604.5,0.0005,0.0105,5.07e-06,100.0,0.0005,0.0,BTC-27DEC19-2500-P,8083.43,0.0,0.0,0.0,0.0005,12.5,146.56,0.0067,-0.00884,-0.00057,0.0,-6e-05
8353.76,BTC-27MAR20,1574161140219,open,0.01,1260.0,0.0005,0.02,0.008038,79.16,0.006,0.0,BTC-27MAR20-4000-P,8083.43,75.7,0.0065,48.5,0.009,23.3,81.16,3.91397,-1.20211,-1.29523,2e-05,-0.03587
8166.49,BTC-27DEC19,1574161140219,open,0.0,812.1,0.0005,0.011,0.0010427,100.0,0.001,0.0,BTC-27DEC19-4000-P,8083.43,99.43,0.001,35.0,0.002,49.0,109.99,0.62281,-0.82219,-0.08285,1e-05,-0.00873
8353.76,BTC-27MAR20,1574161140219,open,1.87,0.0,1.82,1.9615,1.88409088,95.05,None,0.0,BTC-27MAR20-24000-P,8083.43,0.0,0.0005,5.0,0.0,0.0,0.0,5.62934,-2.07596,-83.4062,2e-05,-0.94364
8166.49,BTC-27DEC19,1574161140219,open,0.12,288.1,0.095,0.151,0.12199686,60.29,0.1255,0.0,BTC-27DEC19-7500-C,8083.43,59.39,0.121,0.2,0.124,23.0,62.08,9.09317,-7.23706,4.93071,0.00022,0.70384
8166.49,BTC-27DEC19,1574161140219,open,0.0,695.7,0.0005,0.0105,2.8e-07,100.0,0.0005,0.0,BTC-27DEC19-36000-C,8083.43,0.0,0.0,0.0,0.001,34.0,167.67,0.00054,-0.00071,4e-05,0.0,0.0
8166.49,BTC-27DEC19,1574161140219,open,0.47,73.0,0.4435,0.5165,0.47678636,76.09,0.3805,0.0,BTC-27DEC19-12000-P,8083.43,0.0,0.446,3.0,0.4985,3.0,108.93,3.68099,-3.69759,-11.88871,7e-05,-0.92613
8166.49,BTC-27DEC19,1574161140219,open,0.0,983.8,0.0005,0.0105,0.00040488,100.0,0.0015,0.0,BTC-27DEC19-20000-C,8083.43,109.92,0.001,24.5,0.002,60.0,119.44,0.33954,-0.44821,0.03387,0.0,0.0044
8166.49,BTC-27DEC19,1574161140220,open,0.01,957.8,0.0005,0.022,0.00734882,76.05,0.0085,0.0,BTC-27DEC19-12000-C,8083.43,75.27,0.007,24.4,0.008,24.0,77.47,3.67625,-3.69089,0.56267,7e-05,0.07375
8089.56,SYN.BTC-22NOV19,1574161140218,open,0.29,0.0,0.273,0.3255,0.29805513,105.59,None,0.0,BTC-22NOV19-10500-P,8083.43,0.0,0.0,0.0,0.0,0.0,0.0,0.06787,-1.24597,-0.82533,1e-05,-0.99689
8104.95,SYN.BTC-29NOV19,1574161140218,open,0.26,0.0,0.2405,0.2965,0.2664,76.77,None,0.0,BTC-29NOV19-10250-P,8083.43,0.0,0.0,0.0,0.0,0.0,0.0,1.05951,-4.11797,-2.6977,8e-05,-0.96378
8166.49,BTC-27DEC19,1574161140220,open,1.68,4.9,1.6415,1.751,1.69412094,101.66,1.0385,0.0,BTC-27DEC19-22000-P,8083.43,0.0,0.0,0.0,0.0,0.0,0.0,0.17454,-0.23424,-22.81294,0.0,-0.9979
8166.49,BTC-27DEC19,1574161140220,open,0.0,562.6,0.0005,0.0105,5e-08,100.0,0.0005,0.0,BTC-27DEC19-40000-C,8083.43,0.0,0.0,0.0,0.0005,23.9,166.44,0.00012,-0.00016,1e-05,0.0,0.0
8166.49,BTC-27DEC19,1574161140220,open,0.0,801.2,0.0005,0.011,0.00109424,100.0,0.002,0.0,BTC-27DEC19-18000-C,8083.43,103.9,0.0015,49.0,0.0025,14.5,111.08,0.7583,-1.00102,0.08344,1e-05,0.01094
8166.49,BTC-27DEC19,1574161140220,open,0.0,717.1,0.0005,0.0125,0.00260825,97.75,0.0025,0.0,BTC-27DEC19-4500-P,8083.43,93.56,0.002,49.9,0.003,14.1,100.14,1.28326,-1.65589,-0.19308,2e-05,-0.02018
8166.49,BTC-27DEC19,1574161140220,open,0.45,21.6,0.4385,0.4675,0.45156945,97.71,0.5285,0.0,BTC-27DEC19-4500-C,8083.43,0.0,0.442,13.0,0.4635,15.0,140.59,1.28134,-1.65271,4.47688,2e-05,0.97986
8499.55,SYN.BTC-26JUN20,1574161140219,open,2.31,0.0,2.2395,2.419,2.32008141,93.1,None,0.0,BTC-26JUN20-28000-P,8083.43,0.0,0.0,0.0,0.0,0.0,0.0,11.47274,-2.42887,-164.93531,3e-05,-0.90123
8353.76,BTC-27MAR20,1574161140220,open,0.71,60.1,0.664,0.778,0.71544927,78.13,0.7,0.0,BTC-27MAR20-14000-P,8083.43,0.0,0.6715,3.5,0.7545,3.0,99.51,13.44543,-4.07584,-45.01112,7e-05,-0.81057
8166.49,BTC-27DEC19,1574161140220,open,0.01,1463.8,0.0005,0.023,0.00920401,73.6,0.0095,0.0,BTC-27DEC19-6000-P,8083.43,70.96,0.008,63.5,0.0095,16.0,74.23,3.83613,-3.72738,-0.73887,8e-05,-0.07799
8104.95,SYN.BTC-29NOV19,1574161140218,open,0.17,0.0,0.151,0.192,0.17042259,74.09,None,0.0,BTC-29NOV19-6750-C,8083.43,0.0,0.156,7.0,0.188,9.2,129.15,1.57039,-5.89074,1.6895,0.00012,0.94085
8166.49,BTC-27DEC19,1574161140221,open,0.01,717.1,0.0005,0.018,0.00542482,82.58,0.005,0.0,BTC-27DEC19-13000-C,8083.43,81.34,0.005,20.0,0.006,22.0,84.18,2.85044,-3.10755,0.40488,5e-05,0.0532
8166.49,BTC-27DEC19,1574161140222,open,0.0,530.9,0.0005,0.0105,1.52e-06,100.0,0.0005,0.0,BTC-27DEC19-32000-C,8083.43,0.0,0.0,0.0,0.001,35.0,156.5,0.00256,-0.00338,0.00018,0.0,2e-05
8104.95,SYN.BTC-29NOV19,1574161140218,open,0.0,110.1,0.0005,0.012,0.00213557,65.83,0.0025,0.0,BTC-29NOV19-9750-C,8083.43,61.65,0.0015,57.0,0.003,20.5,70.51,1.3581,-4.52665,0.10328,0.00012,0.04923
8353.95,BTC-27MAR20,1574161140223,open,1.64,5.6,1.586,1.721,1.64705678,92.44,1.545,0.0,BTC-27MAR20-22000-P,8083.43,0.0,0.0,0.0,0.0,0.0,0.0,6.54387,-2.34693,-76.06266,3e-05,-0.93165
8166.68,BTC-27DEC19,1574161140223,open,0.28,112.4,0.2545,0.2975,0.27448524,73.55,0.385,0.0,BTC-27DEC19-6000-C,8083.43,0.0,0.258,7.0,0.2935,12.0,104.91,3.83121,-3.72,5.48861,8e-05,0.92215
8104.95,SYN.BTC-29NOV19,1574161140218,open,0.29,5.0,0.2705,0.3275,0.29694383,80.5,0.25,0.0,BTC-29NOV19-10500-P,8083.43,0.0,0.0,0.0,0.0,0.0,0.0,0.89299,-3.63939,-2.77955,6e-05,-0.97056
8104.95,SYN.BTC-29NOV19,1574161140219,open,0.41,0.0,0.3915,0.4525,0.41972869,95.47,None,0.0,BTC-29NOV19-11500-P,8083.43,0.0,0.0,0.0,0.0,0.0,0.0,0.528,-2.55221,-3.07871,3e-05,-0.9842
8104.95,SYN.BTC-29NOV19,1574161140218,open,0.6,0.0,0.573,0.638,0.60413305,103.3,None,0.0,BTC-29NOV19-13000-P,8083.43,0.0,0.0,0.0,0.0,0.0,0.0,0.14061,-0.73542,-3.51005,1e-05,-0.99649
8089.56,SYN.BTC-22NOV19,1574161140218,open,0.35,0.0,0.3335,0.388,0.35982412,115.7,None,0.0,BTC-22NOV19-11000-P,8083.43,0.0,0.0005,10.0,0.0,0.0,0.0,0.03791,-0.76257,-0.86564,1e-05,-0.99836
8104.95,SYN.BTC-29NOV19,1574161140218,open,0.2,2.0,0.18,0.234,0.20514264,66.06,0.161,0.0,BTC-29NOV19-9750-P,8083.43,0.0,0.183,3.0,0.224,3.0,121.62,1.37164,-4.58745,-2.53348,0.00012,-0.95015
8104.95,SYN.BTC-29NOV19,1574161140220,open,0.0,597.2,0.0005,0.0115,0.00160991,69.24,0.0015,0.0,BTC-29NOV19-10000-C,8083.43,68.39,0.0015,37.5,0.002,12.0,71.99,1.07565,-3.77073,0.07738,9e-05,0.0369
8104.95,SYN.BTC-29NOV19,1574161140218,open,0.48,0.0,0.452,0.5145,0.48119048,100.98,None,0.0,BTC-29NOV19-12000-P,8083.43,0.0,0.0,0.0,0.0,0.0,0.0,0.39569,-2.02293,-3.22334,2e-05,-0.98868
8089.56,SYN.BTC-22NOV19,1574161140218,open,0.0,410.2,0.0005,0.0105,0.00081915,92.03,0.0005,0.0,BTC-22NOV19-9500-C,8083.43,85.35,0.0005,7.3,0.0015,121.1,102.13,0.44774,-6.62658,0.01669,9e-05,0.02701
8104.95,SYN.BTC-29NOV19,1574161140220,open,0.01,1011.0,0.0005,0.027,0.00527607,53.42,0.006,0.0,BTC-29NOV19-9000-C,8083.43,52.6,0.005,1.6,0.006,20.0,55.5,2.75128,-7.44115,0.26353,0.00029,0.12545
8104.95,SYN.BTC-29NOV19,1574161140219,open,0.35,13.1,0.331,0.3895,0.3581562,86.76,0.233,0.0,BTC-29NOV19-11000-P,8083.43,0.0,0.0155,0.1,0.0,0.0,0.0,0.62596,-2.74976,-2.93604,4e-05,-0.98071
8104.95,SYN.BTC-29NOV19,1574161140221,open,0.0,352.4,0.0005,0.011,0.00139776,80.12,0.0015,0.0,BTC-29NOV19-10500-C,8083.43,76.05,0.001,72.0,0.0025,38.7,88.56,0.87714,-3.55814,0.06011,6e-05,0.02881
8499.55,SYN.BTC-26JUN20,1574161140223,open,0.95,3.0,0.886,1.0325,0.95211717,81.34,0.95,0.0,BTC-26JUN20-16000-P,8083.43,50.16,0.894,1.0,0.996,1.0,97.98,20.79567,-3.84667,-87.34172,6e-05,-0.75374
8089.56,SYN.BTC-22NOV19,1574161140218,open,0.0,96.8,0.0005,0.0105,0.00089534,87.78,0.001,0.0,BTC-22NOV19-7000-P,8083.43,79.83,0.0005,48.0,0.001,5.5,89.5,0.47504,-7.24293,-0.01905,0.0001,-0.029
8089.56,SYN.BTC-22NOV19,1574161140218,open,0.0,331.0,0.0005,0.0105,0.00045711,95.67,0.0005,0.0,BTC-22NOV19-9750-C,8083.43,0.0,0.0,0.0,0.001,20.5,107.54,0.28027,-3.69779,0.00961,6e-05,0.01554
8089.56,SYN.BTC-22NOV19,1574161140218,open,0.39,0.0,0.3635,0.4195,0.39072458,122.47,None,0.0,BTC-22NOV19-11250-P,8083.43,0.0,0.0005,10.0,0.0,0.0,0.0,0.03383,-0.72029,-0.88545,1e-05,-0.99856
8104.95,SYN.BTC-29NOV19,1574161140218,open,0.14,8.0,0.1205,0.1745,0.14515368,58.06,0.098,0.0,BTC-29NOV19-9250-P,8083.43,0.0,0.134,12.0,0.153,8.0,80.28,2.17918,-6.40628,-2.31213,0.00021,-0.9092
8499.55,SYN.BTC-26JUN20,1574161140218,open,0.02,222.4,0.0075,0.037,0.01824062,75.44,0.016,0.0,BTC-26JUN20-4000-P,8083.43,74.02,0.017,9.5,0.02,21.1,77.38,7.55318,-1.29572,-3.85487,2e-05,-0.05705
8089.56,SYN.BTC-22NOV19,1574161140218,open,0.32,0.0,0.303,0.3565,0.32893086,109.88,None,0.0,BTC-22NOV19-10750-P,8083.43,0.0,0.0,0.0,0.0,0.0,0.0,0.04707,-0.89931,-0.84567,1e-05,-0.99792
8104.95,SYN.BTC-29NOV19,1574161140219,open,0.0,367.3,0.0005,0.0105,0.0005664,99.99,0.001,0.0,BTC-29NOV19-12000-C,8083.43,98.49,0.0005,43.9,0.001,20.0,107.62,0.37445,-1.89567,0.02205,2e-05,0.01062
8104.95,SYN.BTC-29NOV19,1574161140218,open,0.0,174.6,0.0005,0.0165,0.00383928,57.93,0.0045,0.0,BTC-29NOV19-9250-C,8083.43,58.52,0.004,0.2,0.0045,34.0,60.31,2.16952,-6.36313,0.18951,0.00021,0.09026
8089.56,SYN.BTC-22NOV19,1574161140218,open,0.0,271.5,0.0005,0.012,0.00172172,59.99,0.002,0.0,BTC-22NOV19-8750-C,8083.43,58.14,0.0015,0.5,0.002,14.5,62.15,1.00519,-10.48452,0.04601,0.00032,0.07392
8104.95,SYN.BTC-29NOV19,1574161140221,open,0.26,22.5,0.245,0.2805,0.2612999,97.14,0.2095,0.0,BTC-29NOV19-6000-C,8083.43,0.0,0.2495,6.0,0.275,6.0,163.71,0.77629,-3.81799,1.56534,4e-05,0.97511
8104.95,SYN.BTC-29NOV19,1574161140219,open,0.0,458.4,0.0005,0.0105,4.84e-06,100.0,0.0005,0.0,BTC-29NOV19-15000-C,8083.43,0.0,0.0,0.0,0.0005,0.1,144.95,0.00655,-0.03318,0.00027,0.0,0.00013
8089.56,SYN.BTC-22NOV19,1574161140218,open,0.0,500.7,0.0005,0.0105,0.00080672,79.05,0.001,0.0,BTC-22NOV19-9250-C,8083.43,73.26,0.0005,24.8,0.0015,0.5,88.37,0.49355,-6.52601,0.01884,0.00012,0.03037
8104.95,SYN.BTC-29NOV19,1574161140218,open,0.54,0.0,0.5125,0.576,0.54258411,101.8,None,0.0,BTC-29NOV19-12500-P,8083.43,0.0,0.0,0.0,0.0,0.0,0.0,0.23162,-1.19385,-3.3693,1e-05,-0.99385
8499.55,SYN.BTC-26JUN20,1574161140222,open,0.37,7.1,0.3365,0.414,0.37267005,73.9,0.4205,0.0,BTC-26JUN20-6000-C,8083.43,72.62,0.37,4.0,0.3795,6.0,77.17,17.64909,-2.96611,22.61307,5e-05,0.81432
8104.95,SYN.BTC-29NOV19,1574161140219,open,0.2,0.6,0.1825,0.2215,0.20069531,82.65,0.243,0.0,BTC-29NOV19-6500-C,8083.43,0.0,0.186,5.0,0.217,5.0,141.25,1.27296,-5.32699,1.65324,9e-05,0.95459
8089.56,SYN.BTC-22NOV19,1574161140218,open,0.14,0.0,0.1175,0.156,0.13555718,87.34,None,0.0,BTC-22NOV19-7000-C,8083.43,74.55,0.135,14.0,0.151,6.4,187.07,0.46691,-7.09062,0.53284,0.0001,0.97159
8104.95,SYN.BTC-29NOV19,1574161140222,open,0.84,0.0,0.8145,0.889,0.85078495,119.48,None,0.0,BTC-29NOV19-15000-P,8083.43,0.0,0.0,0.0,0.0,0.0,0.0,0.05335,-0.32272,-4.056,0.0,-0.99879
8104.95,SYN.BTC-29NOV19,1574161140219,open,0.17,122.5,0.15,0.205,0.17517117,63.0,0.165,0.0,BTC-29NOV19-9500-P,8083.43,0.0,0.1525,7.0,0.183,13.0,88.21,1.77663,-5.6664,-2.42505,0.00016,-0.93068
8104.95,SYN.BTC-29NOV19,1574161140219,open,0.23,34.5,0.21,0.2645,0.23546332,69.53,0.17,0.0,BTC-29NOV19-10000-P,8083.43,0.0,0.2135,3.0,0.249,3.0,117.8,1.09107,-3.84089,-2.62695,9e-05,-0.96246
8104.95,SYN.BTC-29NOV19,1574161140218,open,0.0,102.0,0.0005,0.014,0.00327364,74.23,0.003,0.0,BTC-29NOV19-6750-P,8083.43,69.97,0.0025,35.0,0.0035,2.0,75.37,1.57685,-5.92577,-0.13756,0.00012,-0.05946
8499.55,SYN.BTC-26JUN20,1574161140224,open,2.54,0.0,2.4685,2.6545,2.55237383,94.45,None,0.0,BTC-26JUN20-30000-P,8083.43,0.0,0.0,0.0,0.0,0.0,0.0,10.52395,-2.26027,-177.3865,3e-05,-0.91212
8499.55,SYN.BTC-26JUN20,1574161140218,open,2.77,0.0,2.698,2.8915,2.78561744,96.08,None,0.0,BTC-26JUN20-32000-P,8083.43,0.0,0.0,0.0,0.0,0.0,0.0,9.80835,-2.14292,-189.73157,2e-05,-0.91999
8499.55,SYN.BTC-26JUN20,1574161140218,open,0.66,14.5,0.6425,0.6695,0.65407762,80.37,0.682,0.0,BTC-26JUN20-3000-C,8083.43,0.0,0.6445,1.0,0.6655,1.0,100.35,3.69616,-0.67551,16.49439,1e-05,0.97623
8499.55,SYN.BTC-26JUN20,1574161140218,open,1.17,0.0,1.1055,1.2565,1.17331088,83.44,None,0.0,BTC-26JUN20-18000-P,8083.43,0.0,0.09,1.0,1.35,1.0,146.77,18.57467,-3.52453,-100.93783,5e-05,-0.79808
8166.49,BTC-27DEC19,1574161140234,open,0.12,288.1,0.095,0.151,0.12199686,60.29,0.1255,0.0,BTC-27DEC19-7500-C,8083.43,59.39,0.121,0.2,0.124,21.0,62.08,9.09317,-7.23706,4.93071,0.00022,0.70384
8353.76,BTC-27MAR20,1574161140239,open,1.17,0.0,1.121,1.243,1.17568767,85.64,1.23,0.0,BTC-27MAR20-18000-P,8083.43,0.0,0.1755,1.0,2.1765,1.0,500.0,9.01952,-2.99671,-61.0797,4e-05,-0.89511
8089.56,SYN.BTC-22NOV19,1574161140252,open,0.14,54.9,0.1215,0.171,0.14428929,79.59,0.133,0.0,BTC-22NOV19-9250-P,8083.43,0.0,0.124,3.0,0.144,1.1,74.36,0.50596,-7.00196,-0.70936,0.00012,-0.96871
8353.76,BTC-27MAR20,1574161140257,open,0.18,261.3,0.1425,0.225,0.18115999,69.05,0.186,0.0,BTC-27MAR20-8000-C,8083.43,68.1,0.179,2.0,0.1835,9.0,70.09,18.87036,-5.05561,13.00158,0.00011,0.62195
8166.49,BTC-27DEC19,1574161140249,open,0.17,68.6,0.142,0.1945,0.16707525,63.07,0.175,0.0,BTC-27DEC19-7000-C,8083.43,60.71,0.165,2.0,0.169,18.5,65.22,7.24952,-6.03616,5.40728,0.00017,0.80516
8353.76,BTC-27MAR20,1574161140259,open,1.17,0.0,1.121,1.243,1.17568767,85.64,1.23,0.0,BTC-27MAR20-18000-P,8083.43,0.0,0.1755,1.0,2.176,1.0,500.0,9.01952,-2.99671,-61.0797,4e-05,-0.89511
8104.95,SYN.BTC-29NOV19,1574161140268,open,0.11,12.0,0.0905,0.1355,0.1122914,62.3,0.119,0.0,BTC-29NOV19-7250-C,8083.43,56.77,0.1105,5.4,0.113,14.0,64.33,2.78017,-8.76916,1.66743,0.00025,0.87266
8089.56,SYN.BTC-22NOV19,1574161140312,open,0.08,10.9,0.0545,0.098,0.07575116,67.71,0.0875,0.0,BTC-22NOV19-7500-C,8083.43,66.05,0.0755,0.1,0.077,14.0,75.19,1.24803,-14.6936,0.52617,0.00036,0.90131
8089.56,SYN.BTC-22NOV19,1574161140333,open,0.01,608.4,0.002,0.038,0.0117217,47.36,0.0105,0.0,BTC-22NOV19-8000-P,8083.43,43.75,0.0105,8.2,0.012,0.4,48.18,2.74989,-22.64337,-0.25444,0.00113,-0.38749
8089.56,SYN.BTC-22NOV19,1574161140340,open,0.01,608.4,0.002,0.038,0.0117217,47.36,0.0105,0.0,BTC-22NOV19-8000-P,8083.43,42.27,0.01,32.0,0.012,0.4,48.18,2.74989,-22.64337,-0.25444,0.00113,-0.38749
8104.95,SYN.BTC-29NOV19,1574161140366,open,0.06,20.8,0.0405,0.09,0.05986082,52.23,0.07,0.0,BTC-29NOV19-7750-C,8083.43,48.88,0.058,9.8,0.0605,14.0,53.37,4.53609,-11.99582,1.43379,0.00049,0.71368
177.66,ETH-27DEC19,1574161140375,open,0.04,12521.0,0.019,0.07,0.041869,67.52,0.038,0.0,ETH-27DEC19-160-P,175.87,63.88,0.038,262.0,0.043,500.0,68.54,0.19183,-0.171,-0.0589,0.00867,-0.27756
8089.56,SYN.BTC-22NOV19,1574161140388,open,0.05,29.0,0.026,0.071,0.04711561,55.63,0.06,0.0,BTC-22NOV19-7750-C,8083.43,52.99,0.0465,4.1,0.0485,14.0,61.26,1.92244,-18.59505,0.48883,0.00067,0.8141
8104.95,SYN.BTC-29NOV19,1574161140396,open,0.14,7.4,0.1205,0.1635,0.14102587,68.28,0.186,0.0,BTC-29NOV19-7000-C,8083.43,61.87,0.1395,14.0,0.1415,14.0,70.06,2.10599,-7.27992,1.69349,0.00017,0.91327
8104.95,SYN.BTC-29NOV19,1574161140410,open,0.09,67.9,0.0645,0.1145,0.08490795,56.88,0.0915,0.0,BTC-29NOV19-7500-C,8083.43,52.49,0.083,4.0,0.0855,14.0,58.19,3.62423,-10.43722,1.58887,0.00036,0.80945
8166.49,BTC-27DEC19,1574161140409,open,0.17,68.6,0.142,0.1945,0.16707525,63.07,0.175,0.0,BTC-27DEC19-7000-C,8083.43,60.71,0.165,2.0,0.169,16.0,65.22,7.24952,-6.03616,5.40728,0.00017,0.80516
8104.95,SYN.BTC-29NOV19,1574161140415,open,0.06,334.2,0.046,0.1025,0.06286963,48.99,0.057,0.0,BTC-29NOV19-8500-P,8083.43,45.63,0.061,2.0,0.0635,4.0,50.1,4.57129,-11.33823,-1.69253,0.00052,-0.70894
8089.56,SYN.BTC-22NOV19,1574161140415,open,0.0,271.5,0.0005,0.012,0.00172172,59.99,0.002,0.0,BTC-22NOV19-8750-C,8083.43,58.14,0.0015,20.5,0.002,14.5,62.15,1.00519,-10.48452,0.04601,0.00032,0.07392
8104.95,SYN.BTC-29NOV19,1574161140417,open,0.09,67.9,0.0645,0.1145,0.08490795,56.88,0.0915,0.0,BTC-29NOV19-7500-C,8083.43,52.49,0.083,8.8,0.0855,14.0,58.19,3.62423,-10.43722,1.58887,0.00036,0.80945
8104.95,SYN.BTC-29NOV19,1574161140425,open,0.09,67.9,0.0645,0.1145,0.08490795,56.88,0.0915,0.0,BTC-29NOV19-7500-C,8083.43,52.49,0.083,4.0,0.0855,14.0,58.19,3.62423,-10.43722,1.58887,0.00036,0.80945
8089.56,SYN.BTC-22NOV19,1574161140431,open,0.03,31.6,0.0075,0.05,0.02276381,47.27,0.0615,0.0,BTC-22NOV19-8000-C,8083.43,45.02,0.022,33.0,0.0245,16.0,52.36,2.74955,-22.59965,0.37598,0.00113,0.61268
8166.49,BTC-27DEC19,1574161140442,open,0.57,4.3,0.562,0.5815,0.57169133,99.8,0.5625,0.0,BTC-27DEC19-3500-C,8083.43,0.0,0.5645,9.0,0.581,1.0,171.65,0.21043,-0.27723,3.6077,0.0,0.99742
8104.95,SYN.BTC-29NOV19,1574161140441,open,0.02,1064.0,0.0155,0.063,0.02585959,48.97,0.0245,0.0,BTC-29NOV19-8000-P,8083.43,46.07,0.024,2.0,0.027,23.6,50.74,5.21111,-12.91956,-0.97758,0.0006,-0.41993
8089.56,SYN.BTC-22NOV19,1574154092322,open,0.0,176.8,0.0005,0.0105,2.54e-06,99.99,0.0005,0.0,BTC-22NOV19-11250-C,8083.43,0.0,0.0,0.0,0.0015,30.0,183.09,0.00339,-0.02053,8e-05,0.0,0.00012
8089.56,SYN.BTC-22NOV19,1574154092477,open,0.0,181.3,0.0005,0.0105,7.01e-06,99.99,0.001,0.0,BTC-22NOV19-11000-C,8083.43,0.0,0.0,0.0,0.0015,30.0,172.79,0.00831,-0.05673,0.0002,0.0,0.00032
8089.56,SYN.BTC-22NOV19,1574154092462,open,0.0,98.2,0.0005,0.0105,1.868e-05,99.99,0.001,0.0,BTC-22NOV19-10750-C,8083.43,0.0,0.0,0.0,0.0015,30.0,162.14,0.01949,-0.15115,0.00049,0.0,0.00079
8499.55,SYN.BTC-26JUN20,1574161111687,open,0.06,226.5,0.0255,0.103,0.05547065,83.41,0.0625,0.0,BTC-26JUN20-18000-C,8083.43,82.03,0.0525,19.7,0.0605,14.7,85.67,18.56444,-3.52102,7.48866,5e-05,0.20173
8499.55,SYN.BTC-26JUN20,1574161099209,open,0.03,11.6,0.0115,0.072,0.03242949,89.03,0.0345,0.0,BTC-26JUN20-24000-C,8083.43,88.12,0.031,20.0,0.036,20.0,91.22,13.48061,-2.72925,4.67292,3e-05,0.1237
8499.55,SYN.BTC-26JUN20,1574161105082,open,0.02,13.7,0.006,0.054,0.02056814,95.95,0.0225,0.0,BTC-26JUN20-32000-C,8083.43,95.01,0.0195,15.0,0.023,5.9,98.0,9.76971,-2.1317,3.02223,2e-05,0.07959
8166.49,BTC-27DEC19,1574161118537,open,0.01,957.8,0.0005,0.022,0.00734882,76.05,0.0085,0.0,BTC-27DEC19-12000-C,8083.43,75.27,0.007,24.4,0.008,24.0,77.47,3.67625,-3.69089,0.56267,7e-05,0.07375
8166.49,BTC-27DEC19,1574161067675,open,0.0,983.8,0.0005,0.0105,0.00040488,100.0,0.0015,0.0,BTC-27DEC19-20000-C,8083.43,109.92,0.001,24.5,0.002,60.0,119.44,0.33954,-0.44821,0.03387,0.0,0.0044
8166.49,BTC-27DEC19,1574161066850,open,0.01,717.1,0.0005,0.018,0.00542482,82.58,0.005,0.0,BTC-27DEC19-13000-C,8083.43,81.34,0.005,20.0,0.006,22.0,84.18,2.85044,-3.10755,0.40488,5e-05,0.0532
8166.49,BTC-27DEC19,1574160671078,open,0.0,652.5,0.0005,0.0105,2.268e-05,100.0,0.0005,0.0,BTC-27DEC19-26000-C,8083.43,0.0,0.0,0.0,0.001,53.0,136.35,0.02887,-0.03811,0.00233,0.0,0.0003
8166.49,BTC-27DEC19,1574160671194,open,0.0,700.8,0.0005,0.0105,5.815e-05,100.0,0.0005,0.0,BTC-27DEC19-24000-C,8083.43,119.65,0.0005,14.0,0.0015,35.4,134.35,0.06568,-0.0867,0.00563,0.0,0.00072
8166.49,BTC-27DEC19,1574160672262,open,0.0,965.6,0.0005,0.0105,3.66e-06,100.0,0.0005,0.0,BTC-27DEC19-30000-C,8083.43,0.0,0.0,0.0,0.001,38.9,150.3,0.00569,-0.00751,0.00041,0.0,5e-05
8166.49,BTC-27DEC19,1574160673436,open,0.0,695.7,0.0005,0.0105,2.8e-07,100.0,0.0005,0.0,BTC-27DEC19-36000-C,8083.43,0.0,0.0,0.0,0.001,34.0,167.67,0.00054,-0.00071,4e-05,0.0,0.0
8166.49,BTC-27DEC19,1574160673005,open,0.0,530.9,0.0005,0.0105,1.52e-06,100.0,0.0005,0.0,BTC-27DEC19-32000-C,8083.43,0.0,0.0,0.0,0.001,35.0,156.5,0.00256,-0.00338,0.00018,0.0,2e-05
8166.49,BTC-27DEC19,1574160674184,open,0.0,657.0,0.0005,0.0105,9.02e-06,100.0,0.0005,0.0,BTC-27DEC19-28000-C,8083.43,0.0,0.0,0.0,0.001,34.8,143.61,0.01276,-0.01684,0.00098,0.0,0.00012
8166.49,BTC-27DEC19,1574161067689,open,0.0,717.1,0.0005,0.0125,0.00260825,97.75,0.0025,0.0,BTC-27DEC19-4500-P,8083.43,93.56,0.002,49.9,0.003,14.1,100.14,1.28326,-1.65589,-0.19308,2e-05,-0.02018
8166.49,BTC-27DEC19,1574161067617,open,0.0,812.1,0.0005,0.011,0.0010427,100.0,0.001,0.0,BTC-27DEC19-4000-P,8083.43,99.43,0.001,35.0,0.002,49.0,109.99,0.62281,-0.82219,-0.08285,1e-05,-0.00873
8166.49,BTC-27DEC19,1574161067590,open,0.0,1560.6,0.0005,0.014,0.00422211,90.11,0.0045,0.0,BTC-27DEC19-5000-P,8083.43,86.93,0.0035,38.0,0.0045,16.3,91.26,1.9482,-2.31759,-0.31745,3e-05,-0.03324
8166.49,BTC-27DEC19,1574161067666,open,0.01,1463.8,0.0005,0.023,0.00920401,73.6,0.0095,0.0,BTC-27DEC19-6000-P,8083.43,70.96,0.008,63.5,0.0095,16.0,74.23,3.83613,-3.72738,-0.73887,8e-05,-0.07799
8353.76,BTC-27MAR20,1574161130673,open,0.01,57.7,0.0005,0.0275,0.00809474,99.98,0.009,0.0,BTC-27MAR20-28000-C,8083.43,98.81,0.0075,29.0,0.009,8.8,101.65,4.36616,-1.69353,0.97125,2e-05,0.04102
8353.76,BTC-27MAR20,1574161128655,open,0.01,124.2,0.0005,0.0225,0.00608947,100.0,0.0085,0.0,BTC-27MAR20-30000-C,8083.43,100.94,0.0065,30.0,0.008,9.6,104.11,3.54733,-1.37623,0.75929,1e-05,0.03183
8166.49,BTC-27DEC19,1574161068147,open,0.01,431.6,0.0005,0.0175,0.00602773,81.0,0.005,0.0,BTC-27DEC19-5500-P,8083.43,79.37,0.0055,20.0,0.0065,32.2,82.4,2.71075,-2.8986,-0.47432,5e-05,-0.04994
8353.76,BTC-27MAR20,1574161127315,open,0.0,116.4,0.0005,0.013,0.00270875,100.0,0.006,0.0,BTC-27MAR20-36000-C,8083.43,106.48,0.0045,30.0,0.0055,0.9,109.35,1.91572,-0.74323,0.37238,1e-05,0.01533
8353.76,BTC-27MAR20,1574161099105,open,0.0,57.8,0.0005,0.0185,0.00461281,100.0,0.008,0.0,BTC-27MAR20-32000-C,8083.43,102.42,0.0055,40.0,0.007,8.0,105.98,2.88311,-1.11854,0.59587,1e-05,0.02481
8353.76,BTC-27MAR20,1574161098802,open,0.0,88.6,0.0005,0.0155,0.00352178,100.0,0.0065,0.0,BTC-27MAR20-34000-C,8083.43,104.64,0.005,30.0,0.0065,12.5,108.49,2.34755,-0.91076,0.46992,1e-05,0.01945
8104.95,SYN.BTC-29NOV19,1574161067399,open,0.0,352.4,0.0005,0.011,0.00139776,80.12,0.0015,0.0,BTC-29NOV19-10500-C,8083.43,76.05,0.001,72.0,0.0025,38.7,88.56,0.87714,-3.55814,0.06011,6e-05,0.02881
8104.95,SYN.BTC-29NOV19,1574161067550,open,0.0,597.2,0.0005,0.0115,0.00160991,69.24,0.0015,0.0,BTC-29NOV19-10000-C,8083.43,68.39,0.0015,37.5,0.002,12.0,71.99,1.07565,-3.77073,0.07738,9e-05,0.0369
8104.95,SYN.BTC-29NOV19,1574154092676,open,0.0,150.7,0.0005,0.0105,0.00026735,99.99,0.0005,0.0,BTC-29NOV19-12500-C,8083.43,0.0,0.0,0.0,0.0015,32.0,123.69,0.20499,-1.03778,0.01116,1e-05,0.00536
8104.95,SYN.BTC-29NOV19,1574154092583,open,0.0,1093.7,0.0005,0.0105,0.00012363,99.99,0.0005,0.0,BTC-29NOV19-13000-C,8083.43,0.0,0.0,0.0,0.0015,15.0,132.87,0.10843,-0.54892,0.0055,1e-05,0.00263
8104.95,SYN.BTC-29NOV19,1574154096466,open,0.0,233.0,0.0005,0.0105,2.512e-05,99.99,0.0005,0.0,BTC-29NOV19-14000-C,8083.43,0.0,0.0,0.0,0.0015,32.0,149.89,0.02787,-0.14108,0.00125,0.0,0.0006
8353.76,BTC-27MAR20,1574161118726,open,0.01,1260.0,0.0005,0.02,0.008038,79.16,0.006,0.0,BTC-27MAR20-4000-P,8083.43,75.7,0.0065,48.5,0.009,23.3,81.16,3.91397,-1.20211,-1.29523,2e-05,-0.03587
8104.95,SYN.BTC-29NOV19,1574161067808,open,0.0,102.0,0.0005,0.014,0.00327364,74.23,0.003,0.0,BTC-29NOV19-6750-P,8083.43,69.97,0.0025,35.0,0.0035,2.0,75.37,1.57685,-5.92577,-0.13756,0.00012,-0.05946
176.01,SYN.ETH-22NOV19,1574152843039,open,0.0,279.0,0.001,0.011,0.001139,104.96,0.001,0.0,ETH-22NOV19-210-C,175.87,102.73,0.001,59.0,0.002,353.0,116.22,0.01128,-0.20012,0.00043,0.0044,0.03223
8104.95,SYN.BTC-29NOV19,1574161104112,open,0.0,73.2,0.0005,0.0115,0.00170026,76.46,0.0015,0.0,BTC-29NOV19-10250-C,8083.43,70.13,0.001,52.7,0.0025,20.0,81.97,1.04485,-4.04473,0.07436,8e-05,0.03561
182.19,SYN.ETH-26JUN20,1574160967273,open,0.05,0.0,0.019,0.094,0.050065,94.79,None,0.0,ETH-26JUN20-480-C,175.87,93.22,0.047,3.0,0.054,440.0,96.76,0.35964,-0.07753,0.13311,0.0019,0.17135
8104.95,SYN.BTC-29NOV19,1574161103925,open,0.0,110.1,0.0005,0.012,0.00213557,65.83,0.0025,0.0,BTC-29NOV19-9750-C,8083.43,61.65,0.0015,57.0,0.003,20.5,70.51,1.3581,-4.52665,0.10328,0.00012,0.04923
182.19,SYN.ETH-26JUN20,1574161061116,open,0.1,239.0,0.051,0.149,0.09653,86.51,0.102,0.0,ETH-26JUN20-320-C,175.87,84.84,0.092,680.0,0.102,468.0,88.51,0.49704,-0.09779,0.23146,0.00287,0.30743
177.66,ETH-27DEC19,1574161127303,open,0.14,1380.0,0.107,0.174,0.141272,67.43,0.15,0.0,ETH-27DEC19-160-C,175.87,62.56,0.136,756.0,0.143,500.0,69.09,0.19177,-0.17071,0.10719,0.00868,0.72261
182.19,SYN.ETH-26JUN20,1574161075699,open,0.04,108.0,0.013,0.078,0.038333,97.51,0.046,0.0,ETH-26JUN20-560-C,175.87,96.11,0.036,140.0,0.042,440.0,99.65,0.30627,-0.06792,0.10557,0.00157,0.13453
182.19,SYN.ETH-26JUN20,1574160692546,open,0.01,185.0,0.001,0.017,0.007305,85.93,0.01,0.0,ETH-26JUN20-60-P,175.87,87.55,0.008,500.0,0.012,800.0,95.68,0.07653,-0.01495,-0.03306,0.00045,-0.02282
182.19,SYN.ETH-26JUN20,1574161130891,open,0.03,152.0,0.011,0.071,0.034006,98.73,0.034,0.0,ETH-26JUN20-600-C,175.87,97.42,0.032,602.0,0.038,440.0,101.23,0.28377,-0.06371,0.09498,0.00144,0.12055
177.66,ETH-27DEC19,1574160965797,open,0.01,6305.0,0.001,0.021,0.008239,86.65,0.007,0.0,ETH-27DEC19-120-P,175.87,83.32,0.007,450.0,0.009,850.0,88.54,0.06917,-0.07912,-0.01279,0.00244,-0.06113
177.65,ETH-27DEC19,1574161068245,open,0.08,1160.0,0.046,0.11,0.076292,64.05,0.083,0.0,ETH-27DEC19-180-C,175.87,61.51,0.073,298.0,0.081,850.0,67.74,0.22812,-0.1929,0.08102,0.01088,0.51575
182.19,SYN.ETH-26JUN20,1574161133139,open,0.07,642.0,0.03,0.115,0.06738,91.11,0.072,0.0,ETH-26JUN20-400-C,175.87,90.08,0.065,2.0,0.071,436.0,92.66,0.42309,-0.08766,0.17197,0.00232,0.22407
177.65,ETH-27DEC19,1574160989742,open,0.02,6940.0,0.004,0.033,0.01461,75.47,0.016,0.0,ETH-27DEC19-240-C,175.87,73.09,0.013,470.0,0.017,850.0,78.84,0.12251,-0.12205,0.02169,0.00496,0.13225
177.66,ETH-27DEC19,1574160965977,open,0.01,3700.0,0.001,0.027,0.010681,82.1,0.013,0.0,ETH-27DEC19-260-C,175.87,80.85,0.01,151.0,0.012,850.0,84.46,0.0971,-0.10524,0.01564,0.00361,0.09549
177.65,ETH-27DEC19,1574160966519,open,0.0,16677.0,0.001,0.011,1.1e-05,105.0,0.001,0.0,ETH-27DEC19-640-C,175.87,0.0,0.0,0.0,0.002,800.0,160.12,0.00033,-0.00045,3e-05,1e-05,0.00015
177.66,ETH-27DEC19,1574160966248,open,0.0,1216.0,0.001,0.013,0.003157,104.86,0.003,0.0,ETH-27DEC19-360-C,175.87,98.3,0.002,1230.0,0.004,500.0,108.72,0.03601,-0.04985,0.00445,0.00105,0.02731
177.66,ETH-27DEC19,1574160966615,open,0.0,11107.0,0.001,0.011,5.3e-05,104.99,0.001,0.0,ETH-27DEC19-560-C,175.87,0.0,0.0,0.0,0.002,800.0,146.35,0.00126,-0.00174,0.00011,4e-05,0.00063
176.33,SYN.ETH-29NOV19,1574161078632,open,0.01,322.0,0.001,0.032,0.010278,65.58,0.009,0.0,ETH-29NOV19-160-P,175.87,59.86,0.008,5.0,0.011,790.0,67.27,0.07333,-0.24348,-0.00859,0.01329,-0.16976
180.61,ETH-27MAR20,1574161097354,open,0.17,62.0,0.132,0.225,0.179442,75.75,0.202,0.0,ETH-27MAR20-180-C,175.87,73.82,0.175,260.0,0.184,310.0,77.72,0.41672,-0.12247,0.26305,0.00478,0.59196
180.61,ETH-27MAR20,1574161051557,open,0.03,583.0,0.012,0.067,0.033777,89.65,0.037,0.0,ETH-27MAR20-360-C,175.87,87.62,0.031,261.0,0.035,800.0,90.51,0.2523,-0.08775,0.0753,0.00244,0.15187
180.61,ETH-27MAR20,1574161121148,open,0.25,755.0,0.192,0.309,0.249611,77.25,0.207,0.0,ETH-27MAR20-200-P,175.87,73.64,0.241,455.0,0.252,455.0,78.28,0.42813,-0.12832,-0.47613,0.00481,-0.49706
176.33,SYN.ETH-29NOV19,1574156038720,open,0.0,1027.0,0.001,0.011,0.00064,105.01,0.001,0.0,ETH-29NOV19-120-P,175.87,0.0,0.0,0.0,0.003,301.0,134.38,0.00794,-0.04224,-0.00052,0.0009,-0.01032
176.33,SYN.ETH-29NOV19,1574160672121,open,0.0,2063.0,0.001,0.018,0.004634,88.87,0.003,0.0,ETH-29NOV19-220-C,175.87,81.06,0.003,63.0,0.007,350.0,98.01,0.041,-0.18449,0.00335,0.00548,0.07487
176.34,SYN.ETH-29NOV19,1574161003547,open,0.0,3697.0,0.001,0.016,0.004165,72.65,0.006,0.0,ETH-29NOV19-210-C,175.87,67.53,0.003,746.0,0.006,351.0,79.48,0.04329,-0.15922,0.00364,0.00708,0.08041
176.33,SYN.ETH-29NOV19,1574160668704,open,0.0,1947.0,0.001,0.011,0.00186,96.74,0.001,0.0,ETH-29NOV19-240-C,175.87,87.95,0.001,998.0,0.003,354.0,105.13,0.02061,-0.10095,0.00142,0.00253,0.03161
176.33,SYN.ETH-29NOV19,1574161062850,open,0.01,2557.0,0.001,0.025,0.005492,61.44,0.008,0.0,ETH-29NOV19-200-C,175.87,56.5,0.004,550.0,0.008,800.0,68.66,0.05663,-0.17615,0.00527,0.01095,0.11594
176.34,SYN.ETH-29NOV19,1574160693237,open,0.0,101.0,0.001,0.013,0.002822,92.42,0.002,0.0,ETH-29NOV19-230-C,175.87,77.71,0.001,602.0,0.005,350.0,103.76,0.02862,-0.13392,0.00212,0.00368,0.0473
182.19,SYN.ETH-26JUN20,1574161131070,open,0.06,24.0,0.023,0.101,0.05613,92.31,0.076,0.0,ETH-26JUN20-440-C,175.87,90.81,0.053,587.0,0.06,299.0,94.11,0.38552,-0.08092,0.14852,0.00209,0.19146
176.34,SYN.ETH-29NOV19,1574161028400,open,0.01,204.0,0.001,0.033,0.010158,53.64,0.015,0.0,ETH-29NOV19-190-C,175.87,51.2,0.009,550.0,0.014,828.0,61.39,0.08392,-0.22791,0.0096,0.01859,0.21138
177.66,ETH-27DEC19,1574161056795,open,0.01,1727.0,0.001,0.022,0.007676,86.97,0.008,0.0,ETH-27DEC19-280-C,175.87,85.36,0.007,370.0,0.009,850.0,89.95,0.07594,-0.08718,0.01129,0.00267,0.06893
8166.83,BTC-27DEC19,1574161140512,open,3.39,1.3,3.322,3.4985,3.40831288,147.38,3.212,0.0,BTC-27DEC19-36000-P,8083.43,0.0,0.0,0.0,0.0,0.0,0.0,0.16254,-0.31624,-37.34239,0.0,-0.99806
8089.56,SYN.BTC-22NOV19,1574161140522,open,0.0,255.6,0.0005,0.0225,0.00516857,55.75,0.0045,0.0,BTC-22NOV19-7750-P,8083.43,50.65,0.004,31.0,0.005,0.1,55.04,1.92552,-18.66435,-0.12208,0.00067,-0.18638
8089.56,SYN.BTC-22NOV19,1574161140527,open,0.14,0.0,0.1175,0.156,0.13555718,87.34,None,0.0,BTC-22NOV19-7000-C,8083.43,86.33,0.1355,14.0,0.151,6.4,187.07,0.46691,-7.09062,0.53284,0.0001,0.97159
8353.76,BTC-27MAR20,1574161140662,open,0.18,261.3,0.1425,0.225,0.18115999,69.05,0.186,0.0,BTC-27MAR20-8000-C,8083.43,68.1,0.179,2.0,0.1835,2.0,70.09,18.87036,-5.05561,13.00158,0.00011,0.62195
176.01,SYN.ETH-22NOV19,1574161140856,open,0.08,339.0,0.05,0.118,0.082799,69.74,0.075,0.0,ETH-22NOV19-190-P,175.87,0.0,0.058,18.0,0.106,18.0,157.04,0.03016,-0.36565,-0.01343,0.01772,-0.8859
177.66,ETH-27DEC19,1574161140886,open,0.02,6940.0,0.004,0.033,0.01461,75.47,0.016,0.0,ETH-27DEC19-240-C,175.87,73.08,0.013,470.0,0.017,850.0,78.83,0.12255,-0.12209,0.0217,0.00496,0.13231
176.34,SYN.ETH-29NOV19,1574161140886,open,0.0,1947.0,0.001,0.011,0.00186,96.75,0.001,0.0,ETH-29NOV19-240-C,175.87,87.94,0.001,998.0,0.003,354.0,105.13,0.02062,-0.10103,0.00142,0.00253,0.03164
182.19,SYN.ETH-26JUN20,1574161140886,open,0.04,108.0,0.013,0.078,0.038333,97.51,0.046,0.0,ETH-26JUN20-560-C,175.87,96.11,0.036,140.0,0.042,440.0,99.65,0.30628,-0.06792,0.10557,0.00157,0.13453
177.66,ETH-27DEC19,1574161140888,open,0.0,4534.0,0.001,0.011,1e-06,105.0,0.002,0.0,ETH-27DEC19-760-C,175.87,0.0,0.0,0.0,0.001,500.0,164.84,5e-05,-6e-05,0.0,0.0,2e-05
177.66,ETH-27DEC19,1574161140888,open,0.0,16677.0,0.001,0.011,1.1e-05,105.0,0.001,0.0,ETH-27DEC19-640-C,175.87,0.0,0.0,0.0,0.002,800.0,160.11,0.00033,-0.00045,3e-05,1e-05,0.00015
180.61,ETH-27MAR20,1574161140891,open,1.68,0.0,1.587,1.777,1.675726,98.38,None,0.0,ETH-27MAR20-480-P,175.87,0.0,0.004,50.0,0.0,0.0,0.0,0.16527,-0.06308,-1.65286,0.00146,-0.91617
177.66,ETH-27DEC19,1574161140891,open,3.05,0.0,2.935,3.178,3.052916,139.8,None,0.0,ETH-27DEC19-720-P,175.87,0.0,0.004,50.0,0.0,0.0,0.0,0.00359,-0.00662,-0.74682,8e-05,-0.99803
180.61,ETH-27MAR20,1574161140893,open,0.01,5516.0,0.002,0.031,0.011207,104.76,0.011,0.0,ETH-27MAR20-600-C,175.87,102.81,0.01,220.0,0.012,415.0,105.97,0.11575,-0.04704,0.02658,0.00096,0.05289
182.19,SYN.ETH-26JUN20,1574161140893,open,0.29,52.0,0.24,0.343,0.29326,79.49,0.3,0.0,ETH-26JUN20-160-C,175.87,80.13,0.295,1.0,0.299,10.0,81.61,0.49305,-0.08912,0.44431,0.0031,0.6981
176.34,SYN.ETH-29NOV19,1574161140896,open,0.0,448.0,0.001,0.011,0.000248,105.0,0.001,0.0,ETH-29NOV19-280-C,175.87,0.0,0.0,0.0,0.001,1.0,123.49,0.00403,-0.02144,0.00022,0.00046,0.00479
180.61,ETH-27MAR20,1574161140898,open,0.12,4615.0,0.078,0.167,0.120597,77.57,0.121,0.0,ETH-27MAR20-160-P,175.87,75.85,0.117,25.0,0.121,500.0,77.76,0.37909,-0.11408,-0.27516,0.00424,-0.31089
177.66,ETH-27DEC19,1574161140898,open,0.08,1160.0,0.046,0.11,0.076292,64.05,0.083,0.0,ETH-27DEC19-180-C,175.87,61.49,0.073,298.0,0.081,850.0,67.72,0.22813,-0.19291,0.08104,0.01087,0.51585
176.34,SYN.ETH-29NOV19,1574161140900,open,0.82,0.0,0.762,0.872,0.814753,112.63,None,0.0,ETH-29NOV19-320-P,175.87,0.0,0.0,0.0,0.0,0.0,0.0,0.00088,-0.00502,-0.08654,9e-05,-0.99911
176.34,SYN.ETH-29NOV19,1574161140903,open,0.32,50.0,0.299,0.341,0.320114,104.78,0.344,0.0,ETH-29NOV19-120-C,175.87,0.0,0.0,0.0,0.0,0.0,0.0,0.00786,-0.04167,0.03195,0.00089,0.98981
180.61,ETH-27MAR20,1574161140905,open,0.04,1031.0,0.017,0.079,0.043468,85.69,0.048,0.0,ETH-27MAR20-320-C,175.87,83.53,0.04,260.0,0.046,500.0,87.23,0.29358,-0.0976,0.09504,0.00297,0.1925
180.61,ETH-27MAR20,1574161140905,open,0.56,20.0,0.547,0.584,0.564829,85.85,0.613,0.0,ETH-27MAR20-80-C,175.87,0.0,0.557,1.0,0.0,0.0,0.0,0.07715,-0.0257,0.25707,0.00078,0.96794
177.66,ETH-27DEC19,1574161140905,open,0.92,0.0,0.859,0.984,0.918128,103.11,None,0.0,ETH-27DEC19-340-P,175.87,0.0,0.002,50.0,0.0,0.0,0.0,0.04616,-0.06283,-0.34682,0.00137,-0.96312
177.66,ETH-27DEC19,1574161140909,open,0.81,101.0,0.75,0.868,0.80588,96.62,0.513,0.0,ETH-27DEC19-320-P,175.87,0.0,0.01,50.0,0.0,0.0,0.0,0.05068,-0.06464,-0.3253,0.0016,-0.95864
182.19,SYN.ETH-26JUN20,1574161140909,open,2.55,0.0,2.423,2.684,2.545191,101.16,None,0.0,ETH-26JUN20-640-P,175.87,0.0,0.0,0.0,0.0,0.0,0.0,0.27206,-0.06259,-3.76614,0.00135,-0.88641
182.19,SYN.ETH-26JUN20,1574161140912,open,2.11,0.0,2.0,2.238,2.112115,97.51,None,0.0,ETH-26JUN20-560-P,175.87,0.0,0.01,50.0,0.0,0.0,0.0,0.30628,-0.06792,-3.26786,0.00157,-0.86547
177.66,ETH-27DEC19,1574161140939,open,0.0,4100.0,0.001,0.013,0.003111,97.62,0.002,0.0,ETH-27DEC19-100-P,175.87,96.99,0.003,360.0,0.004,551.0,102.21,0.03185,-0.04104,-0.00492,0.001,-0.02358
176.34,SYN.ETH-29NOV19,1574161140939,open,0.01,2557.0,0.001,0.025,0.005492,61.46,0.008,0.0,ETH-29NOV19-200-C,175.87,56.49,0.004,550.0,0.008,800.0,68.65,0.05666,-0.1763,0.00527,0.01096,0.11603
177.66,ETH-27DEC19,1574161140984,open,1.14,0.0,1.077,1.212,1.14112,105.79,None,0.0,ETH-27DEC19-380-P,175.87,0.0,0.02,50.0,0.0,0.0,0.0,0.02732,-0.03816,-0.3911,0.00079,-0.98033
180.61,ETH-27MAR20,1574161141006,open,0.47,0.0,0.439,0.491,0.464538,80.54,None,0.0,ETH-27MAR20-100-C,175.87,0.0,0.446,31.0,0.0,0.0,0.0,0.14436,-0.04511,0.29672,0.00156,0.92984
182.19,SYN.ETH-26JUN20,1574161141009,open,1.69,0.0,1.582,1.8,1.684735,94.79,None,0.0,ETH-26JUN20-480-P,175.87,0.0,0.01,50.0,0.0,0.0,0.0,0.35964,-0.07753,-2.7584,0.0019,-0.82865
182.19,SYN.ETH-26JUN20,1574161141026,open,0.35,60.0,0.3,0.394,0.348492,79.49,0.378,0.0,ETH-26JUN20-140-C,175.87,69.9,0.326,210.0,0.355,10.0,82.24,0.43046,-0.07781,0.46145,0.00271,0.76895
182.19,SYN.ETH-26JUN20,1574161141031,open,1.9,0.0,1.79,2.017,1.896972,95.74,None,0.0,ETH-26JUN20-520-P,175.87,0.0,0.01,50.0,0.0,0.0,0.0,0.32852,-0.07152,-3.01565,0.00172,-0.8508
176.34,SYN.ETH-29NOV19,1574161141044,open,0.1,125.0,0.073,0.135,0.102909,65.53,0.13,0.0,ETH-29NOV19-160-C,175.87,0.0,0.092,30.0,0.353,26.0,500.0,0.07328,-0.2431,0.03471,0.01329,0.83044
177.66,ETH-27DEC19,1574161141046,open,1.25,15.0,1.187,1.326,1.252984,106.14,1.248,0.0,ETH-27DEC19-400-P,175.87,0.0,0.002,50.0,0.0,0.0,0.0,0.02018,-0.02828,-0.41281,0.00058,-0.98619
180.61,ETH-27MAR20,1574161141046,open,0.01,836.0,0.001,0.018,0.007772,85.85,0.006,0.0,ETH-27MAR20-80-P,175.87,83.99,0.007,500.0,0.009,320.0,88.62,0.07715,-0.0257,-0.0254,0.00078,-0.03206
176.34,SYN.ETH-29NOV19,1574161141048,open,0.0,2585.0,0.001,0.011,1.8e-05,105.0,0.001,0.0,ETH-29NOV19-100-P,175.87,0.0,0.0,0.0,0.001,99.0,158.04,0.00039,-0.0021,-2e-05,4e-05,-0.00038
180.61,ETH-27MAR20,1574161141051,open,0.3,0.0,0.256,0.338,0.297703,77.57,None,0.0,ETH-27MAR20-140-C,175.87,37.36,0.237,31.0,0.484,10.0,180.54,0.3151,-0.09482,0.30961,0.00353,0.7832
180.61,ETH-27MAR20,1574161141051,open,0.33,30.0,0.269,0.394,0.330441,78.17,0.306,0.0,ETH-27MAR20-220-P,175.87,73.67,0.32,300.0,0.335,352.0,80.13,0.42029,-0.12747,-0.57824,0.00467,-0.57631
182.19,SYN.ETH-26JUN20,1574161141051,open,0.18,408.0,0.121,0.23,0.175598,79.49,0.189,0.0,ETH-26JUN20-220-C,175.87,80.58,0.179,500.0,0.187,10.0,83.17,0.56411,-0.10196,0.35723,0.00355,0.5011
176.34,SYN.ETH-29NOV19,1574161141056,open,0.59,0.0,0.542,0.639,0.588142,105.99,None,0.0,ETH-29NOV19-280-P,175.87,0.0,0.01,50.0,0.0,0.0,0.0,0.00431,-0.02314,-0.07553,0.00048,-0.99484
177.66,ETH-27DEC19,1574161141061,open,1.7,21.0,1.624,1.787,1.702202,109.55,0.629,0.0,ETH-27DEC19-480-P,175.87,0.0,0.002,50.0,0.0,0.0,0.0,0.007,-0.01013,-0.4974,0.0002,-0.99585
177.66,ETH-27DEC19,1574161141064,open,0.0,6668.0,0.001,0.011,0.00026,104.99,0.001,0.0,ETH-27DEC19-480-C,175.87,119.96,0.001,600.0,0.002,500.0,130.06,0.00493,-0.00683,0.00047,0.00014,0.00281
182.19,SYN.ETH-26JUN20,1574161141064,open,0.16,257.0,0.104,0.214,0.158113,82.61,0.177,0.0,ETH-26JUN20-240-C,175.87,81.27,0.154,500.0,0.163,10.0,84.19,0.56075,-0.10534,0.32745,0.0034,0.45648
182.19,SYN.ETH-26JUN20,1574161141069,open,0.03,84.0,0.01,0.069,0.032298,101.16,0.031,0.0,ETH-26JUN20-640-C,175.87,98.89,0.029,591.0,0.035,440.0,102.93,0.27206,-0.06259,0.08921,0.00135,0.11359
176.34,SYN.ETH-29NOV19,1574161141087,open,0.36,0.0,0.322,0.409,0.362912,96.92,None,0.0,ETH-29NOV19-240-P,175.87,0.0,0.01,50.0,0.0,0.0,0.0,0.02076,-0.10188,-0.0635,0.00255,-0.96811
180.61,ETH-27MAR20,1574161141089,open,1.46,0.0,1.373,1.551,1.456746,94.59,None,0.0,ETH-27MAR20-440-P,175.87,0.0,0.003,50.0,0.0,0.0,0.0,0.18316,-0.06722,-1.50529,0.00168,-0.90374
180.61,ETH-27MAR20,1574161141092,open,1.03,6.0,0.951,1.112,1.027022,89.65,1.165,0.0,ETH-27MAR20-360-P,175.87,0.0,0.993,1.0,1.803,1.0,500.0,0.25227,-0.08774,-1.19581,0.00244,-0.84815
177.66,ETH-27DEC19,1574161141092,open,1.48,0.0,1.405,1.556,1.477233,105.0,None,0.0,ETH-27DEC19-440-P,175.87,0.0,0.002,50.0,0.0,0.0,0.0,0.00973,-0.01349,-0.45559,0.00028,-0.994
180.61,ETH-27MAR20,1574161141104,open,0.01,2344.0,0.003,0.036,0.014113,99.32,0.012,0.0,ETH-27MAR20-520-C,175.87,96.46,0.012,720.0,0.016,720.0,101.67,0.13966,-0.05381,0.03387,0.00122,0.06722
176.34,SYN.ETH-29NOV19,1574161141111,open,0.01,322.0,0.001,0.032,0.010277,65.56,0.009,0.0,ETH-29NOV19-160-P,175.87,59.87,0.008,5.0,0.011,790.0,67.28,0.07331,-0.24332,-0.00859,0.01329,-0.16966
182.19,SYN.ETH-26JUN20,1574161141118,open,0.48,0.0,0.4,0.554,0.475448,82.61,None,0.0,ETH-26JUN20-240-P,175.87,34.79,0.342,1.0,0.765,10.0,179.89,0.56075,-0.10534,-1.1183,0.0034,-0.54352
177.66,ETH-27DEC19,1574161141132,open,0.01,1932.0,0.001,0.018,0.005857,91.85,0.005,0.0,ETH-27DEC19-300-C,175.87,89.24,0.005,370.0,0.007,500.0,95.0,0.06119,-0.07419,0.00857,0.00203,0.05232
182.19,SYN.ETH-26JUN20,1574161141219,open,0.07,421.0,0.041,0.111,0.073278,79.92,0.061,0.0,ETH-26JUN20-120-P,175.87,78.2,0.07,480.0,0.077,210.0,81.86,0.34788,-0.06323,-0.25903,0.00218,-0.16274
180.61,ETH-27MAR20,1574161141221,open,2.11,0.0,2.014,2.224,2.112846,101.77,None,0.0,ETH-27MAR20-560-P,175.87,0.0,0.02,50.0,0.0,0.0,0.0,0.12507,-0.04938,-1.94787,0.00107,-0.94165
180.61,ETH-27MAR20,1574161141221,open,1.89,0.0,1.8,1.999,1.893244,99.32,None,0.0,ETH-27MAR20-520-P,175.87,0.0,0.006,50.0,0.0,0.0,0.0,0.13966,-0.05381,-1.80217,0.00122,-0.93278
8167.25,BTC-27DEC19,1574161141228,open,2.42,0.2,2.3615,2.5,2.42865462,129.05,2.2765,0.0,BTC-27DEC19-28000-P,8083.85,0.0,0.0,0.0,0.0,0.0,0.0,0.23545,-0.40113,-29.0333,0.0,-0.99707
8167.25,BTC-27DEC19,1574161141228,open,2.17,0.0,2.1215,2.25,2.18363249,116.54,None,0.0,BTC-27DEC19-26000-P,8083.85,0.0,0.0,0.0,0.0,0.0,0.0,0.15805,-0.24314,-26.96555,0.0,-0.99812
8354.44,BTC-27MAR20,1574161141228,open,2.58,0.0,2.522,2.6845,2.59728771,100.67,None,0.0,BTC-27MAR20-30000-P,8083.85,0.0,0.0,0.0,0.0,0.0,0.0,3.65784,-1.42868,-105.13905,1e-05,-0.96697
8354.44,BTC-27MAR20,1574161141228,open,3.3,0.0,3.2255,3.409,3.31214595,101.46,None,0.0,BTC-27MAR20-36000-P,8083.85,0.0,0.0,0.0,0.0,0.0,0.0,2.08681,-0.82144,-126.70078,1e-05,-0.98306
8354.44,BTC-27MAR20,1574161141229,open,2.35,0.0,2.288,2.4445,2.35980463,100.35,None,0.0,BTC-27MAR20-28000-P,8083.85,0.0,0.0,0.0,0.0,0.0,0.0,4.43359,-1.72608,-97.8751,2e-05,-0.9582
8167.25,BTC-27DEC19,1574161141229,open,4.85,0.0,4.7625,4.9975,4.87767817,183.87,None,0.0,BTC-27DEC19-48000-P,8083.85,0.0,0.0005,1.0,0.0,0.0,0.0,0.27862,-0.67628,-49.78385,0.0,-0.99647
8499.81,SYN.BTC-26JUN20,1574161141245,open,0.19,172.6,0.1435,0.248,0.19092004,73.92,0.1875,0.0,BTC-26JUN20-8000-P,8083.85,72.03,0.1855,2.0,0.1905,6.0,73.77,24.36753,-4.09586,-27.56095,8e-05,-0.34735
8167.25,BTC-27DEC19,1574161141252,open,0.06,1039.7,0.0405,0.0955,0.06517056,59.03,0.0655,0.0,BTC-27DEC19-8000-P,8083.85,57.3,0.063,2.5,0.0655,1.0,59.29,10.28,-8.01042,-4.10525,0.00025,-0.41922
8499.81,SYN.BTC-26JUN20,1574161141270,open,0.12,204.1,0.0775,0.178,0.12190154,77.17,0.121,0.0,BTC-26JUN20-12000-C,8083.85,76.7,0.1205,2.0,0.124,2.0,77.87,25.33281,-4.44552,13.78658,8e-05,0.39116
8354.02,BTC-27MAR20,1574161141273,open,0.08,106.8,0.0515,0.1215,0.08205533,69.2,0.0795,0.0,BTC-27MAR20-7000-P,8083.85,67.88,0.0795,2.0,0.084,10.0,70.21,16.18116,-4.34439,-10.16344,9e-05,-0.26251
182.19,SYN.ETH-26JUN20,1574161141299,open,2.33,0.0,2.211,2.459,2.327344,98.73,None,0.0,ETH-26JUN20-600-P,175.87,0.0,0.0,0.0,0.0,0.0,0.0,0.28378,-0.06371,-3.51941,0.00144,-0.87945
180.61,ETH-27MAR20,1574161141301,open,2.55,0.0,2.443,2.676,2.552454,105.0,None,0.0,ETH-27MAR20-640-P,175.87,0.0,0.01,50.0,0.0,0.0,0.0,0.09825,-0.04003,-2.23793,0.00081,-0.9569
182.19,SYN.ETH-26JUN20,1574161141303,open,0.02,3.0,0.009,0.04,0.02121,84.76,0.02,0.0,ETH-26JUN20-80-P,175.87,83.38,0.02,434.0,0.024,250.0,87.82,0.16193,-0.03121,-0.0859,0.00096,-0.05706
182.19,SYN.ETH-26JUN20,1574161141353,open,0.17,618.0,0.12,0.226,0.171483,79.49,0.154,0.0,ETH-26JUN20-160-P,175.87,76.35,0.163,500.0,0.174,210.0,80.42,0.49305,-0.08912,-0.51953,0.0031,-0.3019
177.66,ETH-27DEC19,1574161141429,open,3.28,1.0,3.153,3.41,3.277835,105.0,3.236,0.0,ETH-27DEC19-760-P,175.87,0.0,0.02,50.0,0.0,0.0,0.0,5e-05,-6e-05,-0.78864,0.0,-0.99998
177.66,ETH-27DEC19,1574161141437,open,2.15,0.0,2.06,2.251,2.152141,105.0,0.845,0.0,ETH-27DEC19-560-P,175.87,0.0,0.02,50.0,0.0,0.0,0.0,0.00126,-0.00174,-0.581,4e-05,-0.99937
8089.76,SYN.BTC-22NOV19,1574161141442,open,0.05,29.0,0.026,0.071,0.04713793,55.64,0.06,0.0,BTC-22NOV19-7750-C,8083.85,52.91,0.0465,0.1,0.0485,14.0,61.18,1.92198,-18.5951,0.48888,0.00067,0.81418
177.66,ETH-27DEC19,1574161141480,open,0.14,1380.0,0.107,0.174,0.141272,67.49,0.15,0.0,ETH-27DEC19-160-C,175.87,62.56,0.136,756.0,0.143,500.0,69.09,0.19181,-0.17089,0.10715,0.00868,0.7225
177.66,ETH-27DEC19,1574161141484,open,0.47,946.0,0.425,0.528,0.474151,82.12,0.3,0.0,ETH-27DEC19-260-P,175.87,0.0,0.463,50.0,0.846,1.0,400.27,0.09714,-0.10531,-0.25415,0.00361,-0.90445
182.19,SYN.ETH-26JUN20,1574161141488,open,0.04,41.0,0.015,0.084,0.042746,95.74,0.05,0.0,ETH-26JUN20-520-C,175.87,94.19,0.04,589.0,0.047,440.0,98.05,0.32852,-0.07152,0.11683,0.00172,0.1492
182.19,SYN.ETH-26JUN20,1574161141488,open,0.04,30.0,0.02,0.07,0.042128,81.79,0.042,0.0,ETH-26JUN20-100-P,175.87,79.52,0.039,500.0,0.045,250.0,83.83,0.2543,-0.0473,-0.15973,0.00155,-0.10341
182.19,SYN.ETH-26JUN20,1574161141488,open,0.49,0.0,0.461,0.526,0.493238,81.79,None,0.0,ETH-26JUN20-100-C,175.87,34.67,0.452,1.0,0.0,0.0,0.0,0.2543,-0.0473,0.44267,0.00155,0.89659
180.61,ETH-27MAR20,1574161141503,open,0.02,37.0,0.007,0.036,0.018217,80.54,0.016,0.0,ETH-27MAR20-100-P,175.87,78.99,0.017,442.0,0.021,1120.0,83.92,0.14436,-0.04511,-0.05636,0.00156,-0.07016
8499.81,SYN.BTC-26JUN20,1574161141516,open,0.08,96.2,0.0485,0.1185,0.07860612,73.92,0.0765,0.0,BTC-26JUN20-6000-P,8083.85,71.2,0.073,17.7,0.079,8.0,74.11,17.64959,-2.96667,-13.53209,5e-05,-0.18568
8089.76,SYN.BTC-22NOV19,1574161141528,open,0.08,207.0,0.061,0.1085,0.08336478,60.21,0.0765,0.0,BTC-22NOV19-8750-P,8083.85,0.0,0.08,4.1,0.0835,0.2,61.27,1.01383,-10.6131,-0.64285,0.00033,-0.92525
8089.76,SYN.BTC-22NOV19,1574161141530,open,0.11,136.0,0.091,0.1395,0.11354669,68.52,0.102,0.0,BTC-22NOV19-9000-P,8083.85,0.0,0.1105,4.0,0.114,0.1,73.59,0.64966,-7.74025,-0.68266,0.00018,-0.95752
8089.76,SYN.BTC-22NOV19,1574161141531,open,0.01,135.6,0.0005,0.033,0.00882255,47.3,0.01,0.0,BTC-22NOV19-8250-C,8083.85,43.13,0.0075,16.0,0.0095,21.4,49.4,2.59323,-21.32675,0.20326,0.00106,0.32773
177.66,ETH-27DEC19,1574161141556,open,0.37,2287.0,0.319,0.416,0.365511,75.48,0.302,0.0,ETH-27DEC19-240-P,175.87,33.67,0.351,50.0,0.451,100.0,158.48,0.12257,-0.12213,-0.22734,0.00496,-0.86766
180.61,ETH-27MAR20,1574161141595,open,0.23,779.0,0.188,0.279,0.23471,77.57,0.239,0.0,ETH-27MAR20-160-C,175.87,72.94,0.225,733.0,0.236,480.0,78.18,0.37909,-0.11408,0.28978,0.00424,0.68911
8167.37,BTC-27DEC19,1574161141652,open,2.9,0.3,2.8415,2.999,2.91845363,144.19,2.744,0.0,BTC-27DEC19-32000-P,8083.85,0.0,0.0,0.0,0.0,0.0,0.0,0.26851,-0.51111,-33.18097,0.0,-0.99661
180.61,ETH-27MAR20,1574161141676,open,0.17,1840.0,0.126,0.229,0.176065,75.74,0.156,0.0,ETH-27MAR20-180-P,175.87,74.85,0.174,25.0,0.181,810.0,77.88,0.41672,-0.12246,-0.3725,0.00478,-0.40805
8354.44,BTC-27MAR20,1574161141753,open,0.04,383.7,0.017,0.076,0.03954091,78.12,0.042,0.0,BTC-27MAR20-14000-C,8083.85,77.15,0.038,19.0,0.042,18.9,79.63,13.44499,-4.07479,4.42046,7e-05,0.1894
8167.37,BTC-27DEC19,1574161141836,open,5.34,0.8,5.2425,5.497,5.36748468,194.66,3.59,0.0,BTC-27DEC19-52000-P,8083.85,0.0,0.001,1.0,0.0,0.0,0.0,0.32315,-0.83043,-53.93041,0.0,-0.99584
8089.76,SYN.BTC-22NOV19,1574161141909,open,0.03,633.4,0.0115,0.058,0.02865543,47.38,0.0255,0.0,BTC-22NOV19-8250-P,8083.85,40.53,0.0265,2.0,0.0285,5.4,46.89,2.59417,-21.3702,-0.44655,0.00106,-0.67197
8167.37,BTC-27DEC19,1574161142045,open,1.93,0.0,1.881,2.0,1.93877494,112.36,None,0.0,BTC-27DEC19-24000-P,8083.85,0.0,0.0,0.0,0.0,0.0,0.0,0.20992,-0.31136,-24.88486,0.0,-0.99742
8167.37,BTC-27DEC19,1574161142045,open,4.37,0.0,4.282,4.4975,4.38764736,169.87,3.46,0.0,BTC-27DEC19-44000-P,8083.85,0.0,0.001,1.0,0.0,0.0,0.0,0.20593,-0.46178,-45.64,0.0,-0.99748
177.66,ETH-27DEC19,1574161142096,open,0.37,2287.0,0.319,0.416,0.365511,75.48,0.302,0.0,ETH-27DEC19-240-P,175.87,0.0,0.35,50.0,0.451,100.0,158.48,0.12257,-0.12213,-0.22734,0.00496,-0.86766
176.34,SYN.ETH-29NOV19,1574161142206,open,0.09,2.0,0.056,0.127,0.087643,53.68,0.058,0.0,ETH-29NOV19-190-P,175.87,45.53,0.084,10.0,0.119,15.0,108.59,0.08395,-0.22815,-0.0418,0.01859,-0.78847
8354.47,BTC-27MAR20,1574161142232,open,0.03,1502.8,0.01,0.059,0.02726005,81.44,0.028,0.0,BTC-27MAR20-16000-C,8084.12,80.46,0.026,13.0,0.0295,25.2,83.14,10.80567,-3.41425,3.19284,5e-05,0.1355
8167.37,BTC-27DEC19,1574161142232,open,5.34,0.8,5.2415,5.496,5.36679862,100.0,3.59,0.0,BTC-27DEC19-52000-P,8084.12,0.0,0.001,1.0,0.0,0.0,0.0,0.0,0.0,-53.95989,0.0,-1.0
8167.37,BTC-27DEC19,1574161142232,open,0.22,66.1,0.196,0.244,0.21863601,67.3,0.355,0.0,BTC-27DEC19-6500-C,8084.12,48.25,0.2085,7.0,0.2415,12.0,96.79,5.3451,-4.74842,5.58256,0.00011,0.87733
8167.37,BTC-27DEC19,1574161142232,open,0.01,431.6,0.0005,0.0175,0.00602101,81.0,0.005,0.0,BTC-27DEC19-5500-P,8084.12,79.39,0.0055,20.0,0.0065,32.2,82.41,2.70904,-2.8967,-0.47392,5e-05,-0.0499
8354.47,BTC-27MAR20,1574161142232,open,0.0,88.6,0.0005,0.0155,0.00352369,100.0,0.0065,0.0,BTC-27MAR20-34000-C,8084.12,104.64,0.005,30.0,0.0065,12.5,108.48,2.3487,-0.91122,0.47018,1e-05,0.01946
8354.47,BTC-27MAR20,1574161142232,open,3.77,1.0,3.6945,3.894,3.78975016,101.58,2.7125,0.0,BTC-27MAR20-40000-P,8084.12,0.0,0.0005,2.0,0.0,0.0,0.0,1.43016,-0.56365,-140.96698,1e-05,-0.98907
8167.37,BTC-27DEC19,1574161142232,open,0.0,964.9,0.0005,0.016,0.0042937,88.84,0.005,0.0,BTC-27DEC19-14000-C,8084.12,87.78,0.004,13.0,0.005,23.8,91.23,2.31003,-2.70922,0.31052,4e-05,0.04093
8354.47,BTC-27MAR20,1574161142232,open,1.4,5.2,1.353,1.481,1.41048983,89.15,1.108,0.0,BTC-27MAR20-20000-P,8084.12,0.0,0.0,0.0,0.0,0.0,0.0,7.61039,-2.63219,-68.64739,3e-05,-0.91667
8354.47,BTC-27MAR20,1574161142232,open,0.01,216.8,0.0035,0.0375,0.01348604,92.33,0.0125,0.0,BTC-27MAR20-22000-C,8084.12,91.04,0.0125,36.0,0.0145,10.2,93.6,6.52085,-2.33579,1.60913,3e-05,0.06804
8354.47,BTC-27MAR20,1574161142232,open,0.42,1.1,0.3995,0.446,0.42044956,72.73,0.4535,0.0,BTC-27MAR20-5000-C,8084.12,42.38,0.403,12.0,0.44,12.0,91.89,7.39217,-2.08592,14.73084,4e-05,0.91983
8167.37,BTC-27DEC19,1574161142232,open,0.0,449.3,0.0005,0.0105,1e-08,100.0,0.0005,0.0,BTC-27DEC19-44000-C,8084.12,0.0,0.0,0.0,0.0005,15.0,174.84,3e-05,-4e-05,0.0,0.0,0.0
8354.47,BTC-27MAR20,1574161142232,open,0.0,57.8,0.0005,0.0185,0.00461421,100.0,0.008,0.0,BTC-27MAR20-32000-C,8084.12,102.41,0.0055,40.0,0.007,8.0,105.98,2.88404,-1.11889,0.59609,1e-05,0.02482
8167.37,BTC-27DEC19,1574161142232,open,0.0,1544.5,0.0005,0.0105,0.0,100.0,0.001,0.0,BTC-27DEC19-52000-C,8084.12,0.0,0.0,0.0,0.0005,49.0,189.37,0.0,0.0,0.0,0.0,0.0
8167.37,BTC-27DEC19,1574161142232,open,0.0,255.7,0.0005,0.0105,0.0,100.0,0.001,0.0,BTC-27DEC19-1500-P,8084.12,0.0,0.0,0.0,0.0005,70.0,207.93,0.0,-1e-05,0.0,0.0,0.0
8167.37,BTC-27DEC19,1574161142232,open,0.51,30.9,0.5005,0.5235,0.51125605,99.58,0.5735,0.0,BTC-27DEC19-4000-C,8084.12,0.0,0.5025,9.0,0.5215,9.0,153.45,0.60959,-0.80134,4.06998,1e-05,0.99148
8167.37,BTC-27DEC19,1574161142232,open,0.0,483.6,0.0005,0.0105,0.00027712,100.01,0.0005,0.0,BTC-27DEC19-3500-P,8084.12,106.81,0.0005,15.1,0.001,0.9,116.47,0.2133,-0.2816,-0.02459,0.0,-0.00262
8167.37,BTC-27DEC19,1574161142232,open,0.0,652.5,0.0005,0.0105,2.269e-05,99.99,0.0005,0.0,BTC-27DEC19-26000-C,8084.12,0.0,0.0,0.0,0.001,53.0,136.34,0.02889,-0.03813,0.00233,0.0,0.0003
8167.37,BTC-27DEC19,1574161142232,open,0.0,106.3,0.0005,0.0105,2.1e-07,100.0,0.0005,0.0,BTC-27DEC19-2000-P,8084.12,0.0,0.0,0.0,0.0005,27.1,173.18,0.00037,-0.00049,-3e-05,0.0,0.0
8167.37,BTC-27DEC19,1574161142232,open,0.0,700.8,0.0005,0.0105,5.825e-05,100.0,0.0005,0.0,BTC-27DEC19-24000-C,8084.12,119.64,0.0005,14.0,0.0015,35.4,134.34,0.06578,-0.08684,0.00564,0.0,0.00072
8167.37,BTC-27DEC19,1574161142233,open,3.88,0.0,3.802,3.9975,3.89786128,160.35,2.58,0.0,BTC-27DEC19-40000-P,8084.12,0.0,0.001,1.0,0.0,0.0,0.0,0.19826,-0.41967,-41.48985,0.0,-0.99758
8167.37,BTC-27DEC19,1574161142233,open,0.0,657.0,0.0005,0.0105,9.03e-06,100.0,0.0005,0.0,BTC-27DEC19-28000-C,8084.12,0.0,0.0,0.0,0.001,34.8,143.6,0.01277,-0.01685,0.00098,0.0,0.00012
8354.47,BTC-27MAR20,1574161142233,open,0.01,124.2,0.0005,0.0225,0.00609255,100.0,0.0085,0.0,BTC-27MAR20-30000-C,8084.12,100.94,0.0065,30.0,0.008,9.6,104.1,3.54891,-1.37687,0.75967,1e-05,0.03185
8167.37,BTC-27DEC19,1574161142233,open,0.0,868.9,0.0005,0.0105,4.992e-05,100.0,0.0005,0.0,BTC-27DEC19-3000-P,8084.12,0.0,0.0,0.0,0.0005,31.7,124.99,0.04999,-0.06599,-0.00498,0.0,-0.00054
8167.64,BTC-27DEC19,1574161142233,open,0.0,965.6,0.0005,0.0105,3.66e-06,99.99,0.0005,0.0,BTC-27DEC19-30000-C,8084.12,0.0,0.0,0.0,0.001,38.9,150.29,0.00569,-0.00752,0.00042,0.0,5e-05
8167.64,BTC-27DEC19,1574161142233,open,1.44,3.6,1.401,1.502,1.44921009,102.54,1.729,0.0,BTC-27DEC19-20000-P,8084.12,0.0,0.0,0.0,0.0,0.0,0.0,0.41072,-0.55598,-20.71205,1e-05,-0.99455
8354.47,BTC-27MAR20,1574161142234,open,0.0,116.4,0.0005,0.013,0.00270963,100.0,0.006,0.0,BTC-27MAR20-36000-C,8084.12,106.48,0.0045,30.0,0.0055,0.9,109.34,1.91638,-0.74348,0.37253,1e-05,0.01534
8167.64,BTC-27DEC19,1574161142234,open,2.66,0.2,2.6015,2.7485,2.67339958,136.61,2.51,0.0,BTC-27DEC19-30000-P,8084.12,0.0,0.0,0.0,0.0,0.0,0.0,0.24841,-0.44799,-31.1075,0.0,-0.99689
8167.64,BTC-27DEC19,1574161142234,open,0.0,1560.6,0.0005,0.014,0.00421804,90.12,0.0045,0.0,BTC-27DEC19-5000-P,8084.12,86.95,0.0035,38.0,0.0045,16.3,91.28,1.94705,-2.31635,-0.31721,3e-05,-0.03321
8354.74,BTC-27MAR20,1574161142234,open,3.06,0.0,2.991,3.167,3.07341978,101.2,None,0.0,BTC-27MAR20-34000-P,8084.12,0.0,0.0,0.0,0.0,0.0,0.0,2.5064,-0.9841,-119.54301,1e-05,-0.97899
8167.64,BTC-27DEC19,1574161142234,open,0.59,99.0,0.562,0.6385,0.59715294,82.8,0.638,0.0,BTC-27DEC19-13000-P,8084.12,0.0,0.0,0.0,0.0,0.0,0.0,2.8755,-3.14292,-13.0808,5e-05,-0.94622
8167.64,BTC-27DEC19,1574161142234,open,0.0,435.1,0.0005,0.0125,0.00284745,99.29,0.0035,0.0,BTC-27DEC19-16000-C,8084.12,97.43,0.0025,16.0,0.0035,35.1,102.42,1.59116,-2.08552,0.19658,2e-05,0.02604
8354.74,BTC-27MAR20,1574161142234,open,0.0,606.9,0.0005,0.0115,0.00163618,100.0,0.0045,0.0,BTC-27MAR20-40000-C,8084.12,109.01,0.0035,47.2,0.005,14.2,113.99,1.28601,-0.49891,0.23727,1e-05,0.00968
8167.64,BTC-27DEC19,1574161142234,open,0.0,349.0,0.0005,0.0105,0.0,100.0,0.0005,0.0,BTC-27DEC19-48000-C,8084.12,0.0,0.0,0.0,0.0005,14.0,182.44,1e-05,-1e-05,0.0,0.0,0.0
8167.64,BTC-27DEC19,1574161142234,open,0.39,66.8,0.377,0.4105,0.39201687,90.0,0.4645,0.0,BTC-27DEC19-5000-C,8084.12,0.0,0.3805,8.0,0.4065,15.0,128.96,1.93952,-2.30424,4.87281,3e-05,0.96695
8354.74,BTC-27MAR20,1574161142235,open,0.53,9.4,0.515,0.5475,0.52924646,79.13,0.585,0.0,BTC-27MAR20-4000-C,8084.12,0.0,0.5165,7.0,0.542,7.0,100.19,3.90857,-1.19993,12.83055,2e-05,0.96419
8354.74,BTC-27MAR20,1574161142235,open,2.82,0.0,2.7565,2.9255,2.8351054,100.93,None,0.0,BTC-27MAR20-32000-P,8084.12,0.0,0.001,1.0,0.0,0.0,0.0,3.02063,-1.18281,-112.35897,1e-05,-0.97377
8167.64,BTC-27DEC19,1574161142235,open,4.85,0.0,4.7615,4.9965,4.87713123,173.92,None,0.0,BTC-27DEC19-48000-P,8084.12,0.0,0.0005,1.0,0.0,0.0,0.0,0.16546,-0.37987,-49.79471,0.0,-0.99802
8167.64,BTC-27DEC19,1574161142235,open,0.35,247.7,0.3255,0.396,0.35771103,69.31,0.3335,0.0,BTC-27DEC19-11000-P,8084.12,36.06,0.347,0.1,0.3855,3.0,103.19,4.97561,-4.5523,-10.56751,0.0001,-0.88912
8090.19,SYN.BTC-22NOV19,1574161142232,open,0.2,10.3,0.182,0.2335,0.20568499,97.42,0.097,0.0,BTC-22NOV19-9750-P,8084.12,0.0,0.1855,3.0,0.2245,3.0,219.89,0.3061,-5.18495,-0.75752,6e-05,-0.98278
8167.64,BTC-27DEC19,1574161142236,open,1.2,9.4,1.161,1.254,1.20513232,102.19,1.1125,0.0,BTC-27DEC19-18000-P,8084.12,0.0,0.0,0.0,0.0,0.0,0.0,0.86221,-1.16318,-18.58205,1e-05,-0.98732
8354.74,BTC-27MAR20,1574161142236,open,0.25,11.1,0.2085,0.2845,0.24414939,69.19,0.244,0.0,BTC-27MAR20-7000-C,8084.12,67.56,0.241,2.0,0.246,7.0,70.14,16.1799,-4.34313,14.55577,9e-05,0.73758
8167.64,BTC-27DEC19,1574161142236,open,0.33,73.5,0.315,0.353,0.33260054,80.91,0.266,0.0,BTC-27DEC19-5500-C,8084.12,0.0,0.3185,7.0,0.3485,12.0,114.82,2.70178,-2.88576,5.23506,5e-05,0.95027
8090.19,SYN.BTC-22NOV19,1574161142232,open,0.0,98.2,0.0005,0.0105,1.873e-05,99.98,0.001,0.0,BTC-22NOV19-10750-C,8084.12,0.0,0.0,0.0,0.0015,30.0,162.1,0.01953,-0.1515,0.00049,0.0,0.00079
8167.64,BTC-27DEC19,1574161142236,open,0.01,617.4,0.005,0.032,0.01453139,67.37,0.0145,0.0,BTC-27DEC19-6500-P,8084.12,64.99,0.013,24.0,0.0145,5.0,67.32,5.35099,-4.75906,-1.16444,0.00011,-0.12286
8167.64,BTC-27DEC19,1574161142236,open,0.0,495.8,0.0005,0.0105,0.00015232,100.0,0.0005,0.0,BTC-27DEC19-22000-C,8084.12,111.33,0.0005,14.0,0.001,1.0,119.65,0.14994,-0.19793,0.01378,0.0,0.00178
8500.27,SYN.BTC-26JUN20,1574161142234,open,0.55,0.5,0.529,0.571,0.54763705,75.41,0.589,0.0,BTC-26JUN20-4000-C,8084.12,51.43,0.5325,7.0,0.5645,7.0,91.9,7.54783,-1.29434,20.24527,2e-05,0.94301
8354.74,BTC-27MAR20,1574161142237,open,0.01,57.7,0.0005,0.0275,0.00809869,99.98,0.009,0.0,BTC-27MAR20-28000-C,8084.12,98.8,0.0075,29.0,0.009,8.8,101.64,4.3682,-1.69432,0.97176,2e-05,0.04104
8167.64,BTC-27DEC19,1574161142237,open,0.0,915.2,0.0005,0.014,0.00341484,94.13,0.003,0.0,BTC-27DEC19-15000-C,8084.12,92.26,0.003,16.0,0.004,15.8,96.54,1.88544,-2.34293,0.24175,3e-05,0.03194
8500.27,SYN.BTC-26JUN20,1574161142235,open,2.08,0.0,2.0105,2.184,2.08832139,91.71,None,0.0,BTC-26JUN20-26000-P,8084.12,0.0,0.0,0.0,0.0,0.0,0.0,12.58615,-2.62494,-152.39179,3e-05,-0.88776
8500.27,SYN.BTC-26JUN20,1574161142232,open,0.02,13.7,0.006,0.054,0.02057261,95.95,0.0225,0.0,BTC-26JUN20-32000-C,8084.12,95.0,0.0195,15.0,0.023,5.9,98.0,9.77196,-2.13218,3.02304,2e-05,0.07961
8090.19,SYN.BTC-22NOV19,1574161142232,open,0.17,24.8,0.1515,0.203,0.17514445,93.12,0.1565,0.0,BTC-22NOV19-9500-P,8084.12,0.0,0.1545,3.0,0.1785,10.0,127.04,0.46921,-7.59682,-0.73082,0.0001,-0.97143
8105.63,SYN.BTC-29NOV19,1574161142232,open,0.0,73.2,0.0005,0.0115,0.00170232,76.45,0.0015,0.0,BTC-29NOV19-10250-C,8084.12,70.11,0.001,52.7,0.0025,20.0,81.94,1.0459,-4.04848,0.07445,8e-05,0.03565
8354.74,BTC-27MAR20,1574161142238,open,2.11,0.0,2.0535,2.2025,2.12143481,97.63,None,0.0,BTC-27MAR20-26000-P,8084.12,0.0,0.0,0.0,0.0,0.0,0.0,4.93657,-1.86982,-90.67092,2e-05,-0.95223
8090.19,SYN.BTC-22NOV19,1574161142232,open,0.23,5.1,0.212,0.2645,0.23640819,102.66,0.124,0.0,BTC-22NOV19-10000-P,8084.12,0.0,0.216,3.0,0.2555,3.0,238.24,0.21279,-3.79802,-0.78088,4e-05,-0.98871
8500.27,SYN.BTC-26JUN20,1574161142233,open,0.03,11.6,0.0115,0.072,0.03243641,89.03,0.0345,0.0,BTC-26JUN20-24000-C,8084.12,88.11,0.031,20.0,0.036,20.0,91.22,13.4835,-2.72981,4.67413,3e-05,0.12372
8500.27,SYN.BTC-26JUN20,1574161142232,open,1.62,0.0,1.5545,1.7145,1.62590168,87.11,None,0.0,BTC-26JUN20-22000-P,8084.12,0.0,0.11,1.0,0.0,0.0,0.0,14.87124,-2.94569,-127.15701,4e-05,-0.85736
8090.19,SYN.BTC-22NOV19,1574161142232,open,0.0,345.9,0.0005,0.011,0.0010028,68.16,0.001,0.0,BTC-22NOV19-9000-C,8084.12,68.13,0.001,28.8,0.0015,0.7,73.74,0.64015,-7.58669,0.02594,0.00018,0.04171
8090.19,SYN.BTC-22NOV19,1574161142232,open,0.0,102.2,0.0005,0.0125,0.00185736,80.76,0.0015,0.0,BTC-22NOV19-7250-P,8084.12,71.15,0.001,34.5,0.002,2.5,82.11,0.84126,-11.81289,-0.03862,0.0002,-0.05874
8105.63,SYN.BTC-29NOV19,1574161142232,open,0.0,229.5,0.0005,0.0105,0.0007981,94.77,0.001,0.0,BTC-29NOV19-11500-C,8084.12,89.25,0.0005,14.5,0.001,20.0,97.74,0.5094,-2.44408,0.03149,3e-05,0.01515
8500.27,SYN.BTC-26JUN20,1574161142232,open,0.03,8.8,0.008,0.062,0.02566891,93.0,0.027,0.0,BTC-26JUN20-28000-C,8084.12,92.5,0.025,0.5,0.0285,20.0,95.05,11.44542,-2.42064,3.72592,3e-05,0.09843
8105.63,SYN.BTC-29NOV19,1574161142233,open,0.0,1094.9,0.0005,0.017,0.00471749,68.39,0.0055,0.0,BTC-29NOV19-7000-P,8084.12,63.39,0.0035,33.6,0.005,20.0,69.46,2.10991,-7.30547,-0.201,0.00017,-0.08693
8105.63,SYN.BTC-29NOV19,1574161142232,open,0.0,233.0,0.0005,0.0105,2.516e-05,99.99,0.0005,0.0,BTC-29NOV19-14000-C,8084.12,0.0,0.0,0.0,0.0015,32.0,149.87,0.0279,-0.14126,0.00125,0.0,0.0006
8500.27,SYN.BTC-26JUN20,1574161142235,open,0.03,43.7,0.01,0.068,0.02943122,91.6,0.03,0.0,BTC-26JUN20-26000-C,8084.12,91.31,0.029,1.0,0.032,21.0,93.3,12.55034,-2.61429,4.21757,3e-05,0.1118
8500.27,SYN.BTC-26JUN20,1574161142232,open,0.31,9.5,0.263,0.3535,0.30540709,73.91,0.338,0.0,BTC-26JUN20-7000-C,8084.12,72.77,0.3025,2.0,0.3085,2.0,75.13,21.64565,-3.63818,21.95274,7e-05,0.73412
8090.19,SYN.BTC-22NOV19,1574161142232,open,0.0,183.0,0.0005,0.0155,0.00289343,67.9,0.003,0.0,BTC-22NOV19-7500-P,8084.12,61.66,0.002,25.9,0.003,13.8,68.59,1.25159,-14.7769,-0.06499,0.00036,-0.09906
8090.19,SYN.BTC-22NOV19,1574161142232,open,0.0,176.8,0.0005,0.0105,2.54e-06,99.99,0.0005,0.0,BTC-22NOV19-11250-C,8084.12,0.0,0.0,0.0,0.0015,30.0,183.06,0.0034,-0.02058,8e-05,0.0,0.00012
8105.63,SYN.BTC-29NOV19,1574161142234,open,0.0,436.3,0.0005,0.0105,6.144e-05,100.01,0.001,0.0,BTC-29NOV19-5000-P,8084.12,0.0,0.0,0.0,0.001,31.0,136.84,0.0558,-0.28254,-0.00292,0.0,-0.00127
8105.63,SYN.BTC-29NOV19,1574161142235,open,0.39,0.3,0.371,0.3955,0.38317167,93.33,0.3885,0.0,BTC-29NOV19-5000-C,8084.12,0.0,0.3735,6.0,0.3935,6.0,212.49,0.02946,-0.13922,1.35139,0.0,0.99937
8500.27,SYN.BTC-26JUN20,1574161142236,open,0.06,226.5,0.0255,0.103,0.05548136,83.4,0.0625,0.0,BTC-26JUN20-18000-C,8084.12,82.03,0.0525,19.7,0.0605,14.7,85.66,18.56784,-3.52164,7.49044,5e-05,0.20176
8090.19,SYN.BTC-22NOV19,1574161142232,open,0.0,311.5,0.0005,0.0105,0.0002779,99.98,0.0005,0.0,BTC-22NOV19-10000-C,8084.12,0.0,0.0,0.0,0.001,10.7,119.4,0.18374,-2.24823,0.00591,4e-05,0.00954
8090.19,SYN.BTC-22NOV19,1574161142232,open,0.26,0.0,0.2425,0.295,0.2671516,104.95,None,0.0,BTC-22NOV19-10250-P,8084.12,0.0,0.0,0.0,0.0,0.0,0.0,0.1279,-2.33377,-0.80365,2e-05,-0.99368
8500.27,SYN.BTC-26JUN20,1574161142236,open,0.45,0.0,0.4255,0.4855,0.4529123,73.91,None,0.0,BTC-26JUN20-5000-C,8084.12,57.42,0.431,6.0,0.4755,6.0,88.2,12.62846,-2.12239,22.2394,4e-05,0.88723
8090.19,SYN.BTC-22NOV19,1574161142232,open,0.0,181.3,0.0005,0.0105,7.03e-06,99.98,0.001,0.0,BTC-22NOV19-11000-C,8084.12,0.0,0.0,0.0,0.0015,30.0,172.76,0.00833,-0.05687,0.0002,0.0,0.00032
8090.19,SYN.BTC-22NOV19,1574161142232,open,0.0,190.5,0.0005,0.0105,4.799e-05,99.98,0.0005,0.0,BTC-22NOV19-10500-C,8084.12,0.0,0.0,0.0,0.001,15.0,141.77,0.04356,-0.38829,0.00118,1e-05,0.0019
8500.27,SYN.BTC-26JUN20,1574161142233,open,1.85,0.0,1.782,1.9475,1.85602734,89.13,None,0.0,BTC-26JUN20-24000-P,8084.12,0.0,0.0,0.0,0.0,0.0,0.0,13.51448,-2.73903,-139.88865,3e-05,-0.87588
8105.63,SYN.BTC-29NOV19,1574161142233,open,0.01,191.3,0.0005,0.0315,0.00810062,49.97,0.0085,0.0,BTC-29NOV19-8750-C,8084.12,47.42,0.007,27.5,0.009,0.2,51.97,3.5809,-9.0592,0.39201,0.0004,0.18684
8105.63,SYN.BTC-29NOV19,1574161142234,open,0.0,523.2,0.0005,0.0115,0.00161028,97.39,0.0015,0.0,BTC-29NOV19-6000-P,8084.12,90.13,0.001,22.0,0.002,19.8,101.17,0.7826,-3.85887,-0.05864,5e-05,-0.02513
8105.63,SYN.BTC-29NOV19,1574161142235,open,0.0,150.7,0.0005,0.0105,0.00026766,99.99,0.0005,0.0,BTC-29NOV19-12500-C,8084.12,0.0,0.0,0.0,0.0015,32.0,123.67,0.20521,-1.03883,0.01118,1e-05,0.00536
8105.63,SYN.BTC-29NOV19,1574161142236,open,0.72,0.0,0.6935,0.7635,0.72731653,113.57,None,0.0,BTC-29NOV19-14000-P,8084.12,0.0,0.0,0.0,0.0,0.0,0.0,0.09642,-0.55441,-3.78313,0.0,-0.99769
8090.19,SYN.BTC-22NOV19,1574161142232,open,0.0,346.9,0.0005,0.0105,0.00011804,99.98,0.001,0.0,BTC-22NOV19-10250-C,8084.12,0.0,0.0,0.0,0.0005,0.5,118.46,0.09209,-0.955,0.00271,2e-05,0.00437
8105.63,SYN.BTC-29NOV19,1574161142232,open,0.0,1093.7,0.0005,0.0105,0.00012378,99.99,0.0005,0.0,BTC-29NOV19-13000-C,8084.12,0.0,0.0,0.0,0.0015,15.0,132.85,0.10855,-0.54952,0.00551,1e-05,0.00264
8500.27,SYN.BTC-26JUN20,1574161142235,open,1.39,0.0,1.3295,1.4855,1.39927805,85.89,None,0.0,BTC-26JUN20-20000-P,8084.12,0.0,0.1,1.0,1.88,0.1,254.33,16.75944,-3.27354,-114.09896,4e-05,-0.82897
8105.63,SYN.BTC-29NOV19,1574161142232,open,0.0,519.3,0.0005,0.0105,0.00091864,86.2,0.0015,0.0,BTC-29NOV19-11000-C,8084.12,87.25,0.001,0.2,0.0015,0.3,92.75,0.60813,-2.65394,0.03887,4e-05,0.01864
8105.63,SYN.BTC-29NOV19,1574161142232,open,0.0,668.2,0.0005,0.0125,0.00269701,82.82,0.003,0.0,BTC-29NOV19-6500-P,8084.12,78.04,0.002,36.0,0.003,20.9,84.69,1.27852,-5.3611,-0.10604,9e-05,-0.04565
8105.63,SYN.BTC-29NOV19,1574161142233,open,0.0,495.4,0.0005,0.0145,0.00301449,62.82,0.003,0.0,BTC-29NOV19-9500-C,8084.12,62.75,0.003,9.1,0.0035,34.0,64.96,1.76724,-5.62068,0.14436,0.00016,0.06884
176.01,SYN.ETH-22NOV19,1574161142248,open,0.0,278.0,0.001,0.013,0.001742,71.3,0.001,0.0,ETH-22NOV19-160-P,175.87,63.47,0.001,550.0,0.003,650.0,81.35,0.0191,-0.23674,-0.00088,0.01097,-0.06201
176.01,SYN.ETH-22NOV19,1574161142248,open,0.03,778.0,0.008,0.066,0.032908,54.45,0.03,0.0,ETH-22NOV19-180-P,175.87,45.2,0.03,71.0,0.034,525.0,57.82,0.05657,-0.53557,-0.00975,0.04257,-0.67008
176.01,SYN.ETH-22NOV19,1574161142250,open,0.19,0.0,0.159,0.234,0.194281,104.98,None,0.0,ETH-22NOV19-210-P,175.87,0.0,0.001,51.0,0.304,1.0,500.0,0.01129,-0.20611,-0.01611,0.00441,-0.96773
8167.64,BTC-27DEC19,1574161142255,open,0.35,247.7,0.325,0.396,0.35771103,69.31,0.3335,0.0,BTC-27DEC19-11000-P,8084.12,0.0,0.3465,2.0,0.3855,3.0,103.19,4.97561,-4.5523,-10.56751,0.0001,-0.88912
8167.64,BTC-27DEC19,1574161142262,open,0.35,247.7,0.325,0.396,0.35771103,69.31,0.3335,0.0,BTC-27DEC19-11000-P,8084.12,0.0,0.3465,0.1,0.3855,3.0,103.19,4.97561,-4.5523,-10.56751,0.0001,-0.88912
8090.19,SYN.BTC-22NOV19,1574161142265,open,0.14,54.9,0.121,0.171,0.14422895,80.01,0.133,0.0,BTC-22NOV19-9250-P,8084.12,0.0,0.124,3.0,0.144,1.2,76.09,0.51661,-7.18679,-0.70887,0.00013,-0.96791
8090.19,SYN.BTC-22NOV19,1574161142266,open,0.14,54.9,0.121,0.171,0.14422895,80.01,0.133,0.0,BTC-22NOV19-9250-P,8084.12,0.0,0.124,3.0,0.144,1.3,76.09,0.51661,-7.18679,-0.70887,0.00013,-0.96791
8354.74,BTC-27MAR20,1574161142417,open,0.25,11.1,0.2085,0.2845,0.24414939,69.19,0.244,0.0,BTC-27MAR20-7000-C,8084.12,67.56,0.241,2.0,0.2465,2.0,70.4,16.1799,-4.34313,14.55577,9e-05,0.73758
8354.74,BTC-27MAR20,1574161142425,open,0.25,11.1,0.2085,0.2845,0.24414939,69.19,0.244,0.0,BTC-27MAR20-7000-C,8084.12,67.56,0.241,2.0,0.2465,9.0,70.4,16.1799,-4.34313,14.55577,9e-05,0.73758
8354.74,BTC-27MAR20,1574161142461,open,0.14,131.7,0.096,0.18,0.13455447,69.73,0.141,0.0,BTC-27MAR20-9000-C,8084.12,69.08,0.133,2.0,0.1365,9.0,70.56,19.79776,-5.35624,11.10564,0.00012,0.51103
176.01,SYN.ETH-22NOV19,1574161142535,open,0.01,657.0,0.001,0.035,0.010215,54.45,0.009,0.0,ETH-22NOV19-180-C,175.87,47.45,0.008,3.0,0.011,831.0,56.88,0.05657,-0.53557,0.00443,0.04257,0.32992
180.61,ETH-27MAR20,1574161142536,open,0.09,1322.0,0.05,0.134,0.090382,79.58,0.1,0.0,ETH-27MAR20-240-C,175.87,77.59,0.086,581.0,0.093,493.0,80.75,0.40058,-0.12367,0.17042,0.00437,0.35762
180.61,ETH-27MAR20,1574161142544,open,0.04,1031.0,0.017,0.079,0.043468,85.69,0.048,0.0,ETH-27MAR20-320-C,175.87,83.53,0.04,260.0,0.046,797.0,87.23,0.29358,-0.0976,0.09504,0.00297,0.1925
182.19,SYN.ETH-26JUN20,1574161142551,open,0.31,80.0,0.24,0.374,0.305808,79.49,0.262,0.0,ETH-26JUN20-200-P,175.87,75.96,0.295,372.0,0.312,220.0,81.51,0.55718,-0.10071,-0.8158,0.00351,-0.43753
8105.63,SYN.BTC-29NOV19,1574161142746,open,0.0,1094.9,0.0005,0.017,0.00471749,68.39,0.0055,0.0,BTC-29NOV19-7000-P,8084.12,63.39,0.0035,33.4,0.005,20.0,69.46,2.10991,-7.30547,-0.201,0.00017,-0.08693
8105.63,SYN.BTC-29NOV19,1574161142748,open,0.06,20.8,0.0405,0.09,0.05989921,52.2,0.07,0.0,BTC-29NOV19-7750-C,8084.12,48.78,0.058,10.8,0.0605,14.0,53.27,4.53327,-11.98159,1.43475,0.00049,0.71411
8105.63,SYN.BTC-29NOV19,1574161142759,open,0.01,191.3,0.0005,0.0315,0.00810062,49.97,0.0085,0.0,BTC-29NOV19-8750-C,8084.12,47.42,0.007,28.1,0.009,0.2,51.97,3.5809,-9.0592,0.39201,0.0004,0.18684
8090.19,SYN.BTC-22NOV19,1574161142762,open,0.05,403.8,0.0325,0.0815,0.05392741,51.18,0.052,0.0,BTC-22NOV19-8500-P,8084.12,30.1,0.051,7.4,0.054,0.1,51.54,1.62466,-14.45663,-0.58035,0.00062,-0.85658
8105.63,SYN.BTC-29NOV19,1574161142779,open,0.11,12.0,0.0905,0.1355,0.11233643,62.24,0.119,0.0,BTC-29NOV19-7250-C,8084.12,56.55,0.1105,5.4,0.1125,14.0,62.72,2.77491,-8.74487,1.66826,0.00025,0.87302
8105.63,SYN.BTC-29NOV19,1574161142775,open,0.02,600.9,0.006,0.0425,0.01607836,52.3,0.0155,0.0,BTC-29NOV19-7750-P,8084.12,48.55,0.014,7.0,0.0155,23.8,51.26,4.5355,-12.00935,-0.66291,0.00049,-0.28619
8167.37,BTC-27DEC19,1574161142787,open,0.7,0.0,0.684,0.7035,0.69390898,100.0,None,0.0,BTC-27DEC19-2500-C,8084.12,0.0,0.686,1.0,0.7025,1.0,227.22,0.00669,-0.00883,2.59365,0.0,0.99994
8090.19,SYN.BTC-22NOV19,1574161142807,open,0.0,255.6,0.0005,0.0225,0.00515781,55.77,0.0045,0.0,BTC-22NOV19-7750-P,8084.12,50.71,0.004,45.0,0.005,0.1,55.1,1.92342,-18.64984,-0.12186,0.00067,-0.18603
8090.19,SYN.BTC-22NOV19,1574161142814,open,0.05,403.8,0.0325,0.0815,0.05392741,51.18,0.052,0.0,BTC-22NOV19-8500-P,8084.12,30.1,0.051,4.0,0.054,0.1,51.54,1.62466,-14.45663,-0.58035,0.00062,-0.85658
8090.19,SYN.BTC-22NOV19,1574161142809,open,0.14,0.0,0.1175,0.156,0.13560243,86.99,None,0.0,BTC-22NOV19-7000-C,8084.12,72.17,0.135,14.0,0.151,6.4,186.83,0.45959,-6.95165,0.5332,0.0001,0.97213
8105.63,SYN.BTC-29NOV19,1574161142823,open,0.08,11.3,0.066,0.1215,0.08765773,50.1,0.0855,0.0,BTC-29NOV19-8750-P,8084.12,42.4,0.0845,8.4,0.0885,5.2,51.98,3.58929,-9.10512,-1.97403,0.0004,-0.81245
8090.19,SYN.BTC-22NOV19,1574161142830,open,0.03,633.4,0.0115,0.0575,0.02863789,47.44,0.0255,0.0,BTC-22NOV19-8250-P,8084.12,40.66,0.0265,16.0,0.0285,5.4,47.01,2.59649,-21.41685,-0.44613,0.00106,-0.67129
8105.63,SYN.BTC-29NOV19,1574161142832,open,0.02,600.9,0.006,0.0425,0.01607836,52.3,0.0155,0.0,BTC-29NOV19-7750-P,8084.12,48.55,0.014,7.0,0.0155,18.9,51.26,4.5355,-12.00935,-0.66291,0.00049,-0.28619
8090.19,SYN.BTC-22NOV19,1574161142844,open,0.14,0.0,0.1175,0.156,0.13560243,86.99,None,0.0,BTC-22NOV19-7000-C,8084.12,72.17,0.135,15.7,0.151,6.4,186.83,0.45959,-6.95165,0.5332,0.0001,0.97213
8090.19,SYN.BTC-22NOV19,1574161142853,open,0.03,31.6,0.0075,0.05,0.02279567,47.23,0.0615,0.0,BTC-22NOV19-8000-C,8084.12,44.88,0.022,19.0,0.0245,16.0,52.23,2.74812,-22.56807,0.37649,0.00113,0.61347
8167.72,BTC-27DEC19,1574161143429,open,0.14,947.0,0.11,0.176,0.14066357,59.07,0.14,0.0,BTC-27DEC19-9000-P,8084.12,57.19,0.1385,3.9,0.144,35.6,61.85,9.6313,-7.51062,-6.79368,0.00024,-0.66085
8167.72,BTC-27DEC19,1574161143432,open,0.14,947.0,0.11,0.176,0.14066357,59.07,0.14,0.0,BTC-27DEC19-9000-P,8084.12,57.19,0.1385,2.0,0.144,35.6,61.85,9.6313,-7.51062,-6.79368,0.00024,-0.66085
8167.72,BTC-27DEC19,1574161143440,open,0.14,947.0,0.11,0.176,0.14066357,59.07,0.14,0.0,BTC-27DEC19-9000-P,8084.12,57.19,0.1385,2.0,0.1435,2.0,61.43,9.6313,-7.51062,-6.79368,0.00024,-0.66085
8167.81,BTC-27DEC19,1574161143512,open,3.39,1.3,3.3215,3.4975,3.40763822,137.07,3.212,0.0,BTC-27DEC19-36000-P,8084.12,0.0,0.0,0.0,0.0,0.0,0.0,0.07621,-0.1379,-37.35043,0.0,-0.99915
8500.57,SYN.BTC-26JUN20,1574161143521,open,0.73,10.5,0.673,0.8155,0.7377448,79.37,0.733,0.0,BTC-26JUN20-14000-P,8084.12,71.14,0.716,2.0,0.749,2.0,83.44,23.20567,-4.18824,-73.22064,7e-05,-0.69214
8354.74,BTC-27MAR20,1574161143720,open,0.14,131.7,0.096,0.18,0.13458693,69.73,0.141,0.0,BTC-27MAR20-9000-C,8084.12,69.08,0.133,2.0,0.1365,7.0,70.56,19.79776,-5.35624,11.10564,0.00012,0.51103
8090.47,SYN.BTC-22NOV19,1574161143722,open,0.11,136.0,0.091,0.139,0.11346329,68.65,0.102,0.0,BTC-22NOV19-9000-P,8084.12,0.0,0.1105,4.0,0.1135,0.1,69.1,0.65492,-7.81687,-0.6824,0.00018,-0.9571
8500.57,SYN.BTC-26JUN20,1574161143871,open,0.04,184.4,0.0215,0.0705,0.0411522,73.93,0.0375,0.0,BTC-26JUN20-5000-P,8084.12,71.78,0.038,32.3,0.04,20.0,73.15,12.63053,-2.12329,-7.88308,4e-05,-0.11279
177.67,ETH-27DEC19,1574161143900,open,0.26,2728.0,0.217,0.31,0.262469,71.35,0.274,0.0,ETH-27DEC19-220-P,175.87,61.53,0.254,443.0,0.267,438.0,76.14,0.16383,-0.15432,-0.19448,0.00701,-0.79241
182.19,SYN.ETH-26JUN20,1574161143905,open,0.06,24.0,0.023,0.101,0.05613,92.31,0.076,0.0,ETH-26JUN20-440-C,175.87,90.81,0.053,587.0,0.06,299.0,94.11,0.38552,-0.08092,0.14852,0.00209,0.19146
182.19,SYN.ETH-26JUN20,1574161144026,open,0.25,82.0,0.192,0.3,0.24686,79.49,0.255,0.0,ETH-26JUN20-180-C,175.87,80.22,0.249,412.0,0.254,10.0,81.92,0.53457,-0.09662,0.41891,0.00336,0.62856
180.61,ETH-27MAR20,1574161144042,open,0.61,166.0,0.544,0.687,0.612869,83.41,0.535,0.0,ETH-27MAR20-280-P,175.87,31.22,0.551,1.0,0.637,1.0,95.34,0.34957,-0.11313,-0.86137,0.00364,-0.73787
182.19,SYN.ETH-26JUN20,1574161144051,open,0.38,0.0,0.313,0.456,0.383157,79.49,None,0.0,ETH-26JUN20-220-P,175.87,35.98,0.253,1.0,0.446,10.0,99.86,0.56411,-0.10196,-0.96805,0.00355,-0.4989
177.67,ETH-27DEC19,1574161144064,open,0.23,19.0,0.198,0.259,0.229103,73.29,0.205,0.0,ETH-27DEC19-140-C,175.87,0.0,0.211,50.0,0.629,1.0,500.0,0.12095,-0.11703,0.11819,0.00504,0.87019
182.19,SYN.ETH-26JUN20,1574161144111,open,0.21,391.0,0.152,0.262,0.208031,79.49,0.245,0.0,ETH-26JUN20-200-C,175.87,80.46,0.211,483.0,0.217,10.0,82.42,0.55718,-0.10071,0.389,0.00351,0.56247
177.67,ETH-27DEC19,1574161144155,open,0.0,1027.0,0.001,0.012,0.002084,104.99,0.002,0.0,ETH-27DEC19-380-C,175.87,104.42,0.002,594.0,0.004,500.0,115.26,0.02632,-0.03648,0.00309,0.00077,0.01882
177.67,ETH-27DEC19,1574161144157,open,1.93,37.0,1.842,2.018,1.927055,113.05,0.707,0.0,ETH-27DEC19-520-P,175.87,0.0,0.003,50.0,0.0,0.0,0.0,0.00497,-0.00741,-0.53913,0.00013,-0.99717
177.67,ETH-27DEC19,1574161144171,open,0.09,4731.0,0.056,0.128,0.089489,64.1,0.087,0.0,ETH-27DEC19-180-P,175.87,61.38,0.086,268.0,0.093,500.0,66.83,0.22814,-0.19305,-0.10573,0.01087,-0.48399
180.61,ETH-27MAR20,1574161144171,open,0.17,62.0,0.132,0.225,0.179443,75.74,0.202,0.0,ETH-27MAR20-180-C,175.87,73.82,0.175,260.0,0.184,310.0,77.72,0.41672,-0.12246,0.26306,0.00478,0.59195
182.19,SYN.ETH-26JUN20,1574161144171,open,0.07,642.0,0.03,0.115,0.06738,91.11,0.072,0.0,ETH-26JUN20-400-C,175.87,90.08,0.065,2.0,0.071,436.0,92.66,0.42309,-0.08766,0.17197,0.00232,0.22407
177.67,ETH-27DEC19,1574161144191,open,0.33,2.0,0.307,0.358,0.332791,86.54,0.346,0.0,ETH-27DEC19-120-C,175.87,0.0,0.324,50.0,0.0,0.0,0.0,0.06899,-0.07881,0.11178,0.00243,0.93909
8354.77,BTC-27MAR20,1574161144196,open,0.49,54.3,0.447,0.5585,0.49782944,74.82,0.4815,0.0,BTC-27MAR20-12000-P,8084.12,69.76,0.488,3.0,0.512,3.0,81.76,16.62036,-4.82433,-36.01747,9e-05,-0.72313
176.34,SYN.ETH-29NOV19,1574161144213,open,0.21,1.0,0.183,0.235,0.208707,85.45,0.289,0.0,ETH-29NOV19-140-C,175.87,0.0,0.206,30.0,0.0,0.0,0.0,0.02672,-0.1156,0.03568,0.00372,0.95656
177.67,ETH-27DEC19,1574161144219,open,0.44,0.0,0.421,0.46,0.440237,97.44,None,0.0,ETH-27DEC19-100-C,175.87,0.0,0.437,30.0,0.0,0.0,0.0,0.03165,-0.04071,0.09889,0.00099,0.9766
177.67,ETH-27DEC19,1574161144221,open,0.0,11136.0,0.001,0.011,0.000593,104.99,0.001,0.0,ETH-27DEC19-440-C,175.87,111.07,0.001,780.0,0.003,500.0,127.29,0.00973,-0.01349,0.001,0.00028,0.006
177.67,ETH-27DEC19,1574161144221,open,0.0,21058.0,0.001,0.011,2.4e-05,105.0,0.001,0.0,ETH-27DEC19-600-C,175.87,0.0,0.0,0.0,0.001,40.0,142.13,0.00064,-0.00089,5e-05,2e-05,0.0003
180.61,ETH-27MAR20,1574161144221,open,0.82,7.0,0.743,0.894,0.815241,85.69,0.725,0.0,ETH-27MAR20-320-P,175.87,0.0,0.01,50.0,0.841,1.0,100.22,0.29358,-0.0976,-1.03483,0.00297,-0.8075
182.19,SYN.ETH-26JUN20,1574161144229,open,1.06,0.0,0.965,1.154,1.055357,88.74,None,0.0,ETH-26JUN20-360-P,175.87,0.0,0.01,50.0,1.086,1.0,100.34,0.45831,-0.09248,-1.97081,0.00258,-0.74039
177.67,ETH-27DEC19,1574161144235,open,2.38,0.0,2.279,2.482,2.377262,123.11,0.953,0.0,ETH-27DEC19-600-P,175.87,0.0,0.02,50.0,0.0,0.0,0.0,0.00371,-0.00603,-0.62228,9e-05,-0.99795
176.34,SYN.ETH-29NOV19,1574161144235,open,0.7,0.0,0.652,0.755,0.701356,107.94,None,0.0,ETH-29NOV19-300-P,175.87,0.0,0.01,50.0,0.0,0.0,0.0,0.00171,-0.00932,-0.08109,0.00019,-0.99816
182.19,SYN.ETH-26JUN20,1574161144242,open,0.66,0.0,0.577,0.744,0.658447,84.5,None,0.0,ETH-26JUN20-280-P,175.87,35.0,0.545,1.0,0.947,10.0,179.86,0.53468,-0.10274,-1.4122,0.00316,-0.62831
8354.77,BTC-27MAR20,1574161144247,open,0.94,1.1,0.89,1.007,0.94234004,81.44,1.08,0.0,BTC-27MAR20-16000-P,8084.9,0.0,0.0005,1.0,1.9435,1.0,500.0,10.80737,-3.41486,-53.29998,5e-05,-0.86448
8354.77,BTC-27MAR20,1574161144247,open,0.02,199.2,0.0075,0.0385,0.01893312,72.74,0.0175,0.0,BTC-27MAR20-5000-P,8084.9,71.09,0.0175,18.7,0.0195,0.5,73.38,7.39237,-2.08615,-2.92349,4e-05,-0.08017
8168.59,BTC-27DEC19,1574161144249,open,3.88,0.0,3.801,3.997,3.89737555,168.36,2.58,0.0,BTC-27DEC19-40000-P,8084.9,0.0,0.001,1.0,0.0,0.0,0.0,0.30696,-0.68224,-41.47911,0.0,-0.99607
8168.59,BTC-27DEC19,1574161144249,open,2.9,0.3,2.8415,2.998,2.91803144,148.54,2.744,0.0,BTC-27DEC19-32000-P,8084.9,0.0,0.0,0.0,0.0,0.0,0.0,0.34425,-0.67503,-33.17318,0.0,-0.99553
8168.59,BTC-27DEC19,1574161144249,open,2.42,0.2,2.361,2.5,2.42828521,134.6,2.2765,0.0,BTC-27DEC19-28000-P,8084.9,0.0,0.0,0.0,0.0,0.0,0.0,0.33534,-0.59585,-29.02296,0.0,-0.99566
8168.59,BTC-27DEC19,1574161144249,open,2.17,0.0,2.121,2.249,2.18325054,122.28,None,0.0,BTC-27DEC19-26000-P,8084.9,0.0,0.0,0.0,0.0,0.0,0.0,0.24434,-0.39441,-26.95687,0.0,-0.99695
8168.59,BTC-27DEC19,1574161144250,open,4.85,0.0,4.762,4.9965,4.87679304,186.05,None,0.0,BTC-27DEC19-48000-P,8084.9,0.0,0.0005,1.0,0.0,0.0,0.0,0.30918,-0.75936,-49.78084,0.0,-0.99604
8355.55,BTC-27MAR20,1574161144250,open,3.3,0.0,3.225,3.4085,3.31178078,102.26,None,0.0,BTC-27MAR20-36000-P,8084.9,0.0,0.0,0.0,0.0,0.0,0.0,2.18464,-0.86676,-126.67938,1e-05,-0.98213
8500.58,SYN.BTC-26JUN20,1574161144249,open,0.53,8.7,0.4715,0.607,0.53364411,77.19,0.495,0.0,BTC-26JUN20-12000-P,8084.9,71.55,0.517,2.0,0.5465,2.0,81.47,25.33746,-4.4473,-58.49719,8e-05,-0.60871
8500.58,SYN.BTC-26JUN20,1574161144247,open,2.77,0.0,2.6975,2.891,2.78503266,95.96,None,0.0,BTC-26JUN20-32000-P,8084.9,0.0,0.0,0.0,0.0,0.0,0.0,9.77513,-2.13302,-189.74355,2e-05,-0.92036
8500.58,SYN.BTC-26JUN20,1574161144249,open,2.54,0.0,2.468,2.654,2.55182706,94.34,None,0.0,BTC-26JUN20-30000-P,8084.9,0.0,0.0,0.0,0.0,0.0,0.0,10.49498,-2.25158,-177.39727,3e-05,-0.91246
182.19,SYN.ETH-26JUN20,1574161144257,open,0.08,188.0,0.038,0.129,0.079354,88.74,0.091,0.0,ETH-26JUN20-360-C,175.87,87.39,0.076,180.0,0.085,473.0,90.96,0.45831,-0.09248,0.19783,0.00258,0.25961
182.19,SYN.ETH-26JUN20,1574161144259,open,0.03,152.0,0.011,0.071,0.034007,98.73,0.034,0.0,ETH-26JUN20-600-C,175.87,97.42,0.032,602.0,0.038,440.0,101.23,0.28378,-0.06371,0.09498,0.00144,0.12055
182.19,SYN.ETH-26JUN20,1574161144266,open,0.01,185.0,0.001,0.017,0.007307,85.94,0.01,0.0,ETH-26JUN20-60-P,175.87,87.55,0.008,500.0,0.012,800.0,95.68,0.07654,-0.01496,-0.03306,0.00045,-0.02282
8354.77,BTC-27MAR20,1574161144271,open,0.49,54.3,0.447,0.5585,0.49782944,74.82,0.4815,0.0,BTC-27MAR20-12000-P,8084.9,69.76,0.488,3.0,0.5115,2.0,81.52,16.62036,-4.82433,-36.01747,9e-05,-0.72313
8354.77,BTC-27MAR20,1574161144274,open,0.49,54.3,0.447,0.5585,0.49782944,74.82,0.4815,0.0,BTC-27MAR20-12000-P,8084.9,69.76,0.488,2.9,0.5115,2.0,81.52,16.62036,-4.82433,-36.01747,9e-05,-0.72313
8354.77,BTC-27MAR20,1574161144276,open,0.49,54.3,0.447,0.5585,0.49782944,74.82,0.4815,0.0,BTC-27MAR20-12000-P,8084.9,69.76,0.488,2.9,0.5115,3.0,81.52,16.62036,-4.82433,-36.01747,9e-05,-0.72313
177.67,ETH-27DEC19,1574161144282,open,0.0,12762.0,0.001,0.011,5e-06,105.0,0.001,0.0,ETH-27DEC19-680-C,175.87,0.0,0.0,0.0,0.001,500.0,154.25,0.00017,-0.00023,1e-05,0.0,7e-05
180.61,ETH-27MAR20,1574161144282,open,0.04,1181.0,0.017,0.065,0.038091,77.63,0.037,0.0,ETH-27MAR20-120-P,175.87,75.16,0.035,820.0,0.04,5.0,79.12,0.22944,-0.0691,-0.10847,0.00257,-0.132
176.34,SYN.ETH-29NOV19,1574161144282,open,0.0,2063.0,0.001,0.018,0.004636,88.88,0.003,0.0,ETH-29NOV19-220-C,175.87,81.05,0.003,63.0,0.007,350.0,98.0,0.04103,-0.18465,0.00335,0.00549,0.07494
8354.77,BTC-27MAR20,1574161144278,open,0.49,54.3,0.447,0.5585,0.49782944,74.82,0.4815,0.0,BTC-27MAR20-12000-P,8084.9,69.76,0.488,2.9,0.5115,2.0,81.52,16.62036,-4.82433,-36.01747,9e-05,-0.72313
182.19,SYN.ETH-26JUN20,1574161144299,open,1.47,0.0,1.373,1.581,1.471244,92.31,None,0.0,ETH-26JUN20-440-P,175.87,0.0,0.01,50.0,0.0,0.0,0.0,0.38552,-0.08092,-2.50203,0.00209,-0.80854
180.61,ETH-27MAR20,1574161144303,open,0.07,367.0,0.041,0.11,0.072852,77.57,0.067,0.0,ETH-27MAR20-140-P,175.87,73.61,0.066,500.0,0.074,801.0,78.22,0.31509,-0.09482,-0.18471,0.00353,-0.2168
177.67,ETH-27DEC19,1574161144313,open,0.0,836.0,0.001,0.015,0.004254,102.69,0.003,0.0,ETH-27DEC19-340-C,175.87,97.25,0.003,500.0,0.005,500.0,105.46,0.04547,-0.06163,0.00589,0.00135,0.0362
177.67,ETH-27DEC19,1574161144321,open,0.01,1727.0,0.001,0.022,0.007677,86.98,0.008,0.0,ETH-27DEC19-280-C,175.87,85.35,0.007,370.0,0.009,850.0,89.94,0.07599,-0.08724,0.0113,0.00267,0.06898
182.19,SYN.ETH-26JUN20,1574161144331,open,0.12,330.0,0.075,0.164,0.116939,79.49,0.096,0.0,ETH-26JUN20-140-P,175.87,76.97,0.111,500.0,0.12,210.0,80.78,0.43046,-0.07781,-0.38191,0.00271,-0.23105
177.67,ETH-27DEC19,1574161144339,open,0.0,6174.0,0.001,0.011,3e-06,105.0,0.001,0.0,ETH-27DEC19-720-C,175.87,0.0,0.0,0.0,0.001,500.0,159.71,9e-05,-0.00012,1e-05,0.0,4e-05
176.34,SYN.ETH-29NOV19,1574161144339,open,0.0,2222.0,0.001,0.012,0.002642,85.53,0.002,0.0,ETH-29NOV19-140-P,175.87,71.7,0.001,850.0,0.004,553.0,93.48,0.02679,-0.11599,-0.0022,0.00372,-0.04357
176.34,SYN.ETH-29NOV19,1574161144344,open,0.0,421.0,0.001,0.011,6.5e-05,105.0,0.004,0.0,ETH-29NOV19-300-C,175.87,0.0,0.0,0.0,0.001,1.0,138.79,0.00132,-0.00703,6e-05,0.00015,0.00139
180.61,ETH-27MAR20,1574161144351,open,0.02,978.0,0.006,0.047,0.020558,94.59,0.023,0.0,ETH-27MAR20-440-C,175.87,93.02,0.019,260.0,0.022,446.0,95.99,0.18316,-0.06722,0.04828,0.00168,0.09626
180.61,ETH-27MAR20,1574161144351,open,0.01,886.0,0.003,0.033,0.012242,101.77,0.015,0.0,ETH-27MAR20-560-C,175.87,98.34,0.01,720.0,0.014,720.0,104.21,0.12507,-0.04938,0.0294,0.00107,0.05834
177.67,ETH-27DEC19,1574161144351,open,0.01,6305.0,0.001,0.021,0.008239,86.63,0.007,0.0,ETH-27DEC19-120-P,175.87,83.33,0.007,450.0,0.009,850.0,88.55,0.06914,-0.07907,-0.01278,0.00244,-0.06108
177.67,ETH-27DEC19,1574161144358,open,2.83,1.0,2.717,2.946,2.827541,134.35,2.792,0.0,ETH-27DEC19-680-P,175.87,0.0,0.02,50.0,0.0,0.0,0.0,0.00356,-0.00632,-0.70531,8e-05,-0.99804
176.34,SYN.ETH-29NOV19,1574161144370,open,0.05,528.0,0.027,0.092,0.046772,53.45,0.048,0.0,ETH-29NOV19-180-P,175.87,50.7,0.045,500.0,0.05,10.0,58.45,0.11365,-0.30758,-0.02968,0.02527,-0.57524
176.34,SYN.ETH-29NOV19,1574161144370,open,0.14,90.0,0.106,0.182,0.139687,61.51,0.082,0.0,ETH-29NOV19-200-P,175.87,0.0,0.02,55.0,0.144,10.0,73.32,0.05675,-0.17672,-0.04883,0.01096,-0.88372
177.67,ETH-27DEC19,1574161144386,open,0.69,1.0,0.641,0.754,0.694476,92.12,0.494,0.0,ETH-27DEC19-300-P,175.87,0.0,0.02,50.0,0.0,0.0,0.0,0.06177,-0.07511,-0.30264,0.00205,-0.94706
182.19,SYN.ETH-26JUN20,1574161144390,open,0.41,41.0,0.374,0.454,0.414611,79.92,0.469,0.0,ETH-26JUN20-120-C,175.87,67.11,0.391,210.0,0.445,210.0,95.42,0.34788,-0.06323,0.46385,0.00218,0.83726
177.67,ETH-27DEC19,1574161144396,open,0.0,11107.0,0.001,0.011,5.3e-05,105.0,0.001,0.0,ETH-27DEC19-560-C,175.87,0.0,0.0,0.0,0.002,800.0,146.34,0.00126,-0.00174,0.00011,4e-05,0.00063
177.67,ETH-27DEC19,1574161144405,open,0.0,13024.0,0.001,0.011,0.000116,105.0,0.001,0.0,ETH-27DEC19-520-C,175.87,0.0,0.0,0.0,0.002,500.0,138.57,0.00249,-0.00345,0.00022,7e-05,0.00132
180.61,ETH-27MAR20,1574161144410,open,0.02,1552.0,0.005,0.043,0.018065,98.38,0.019,0.0,ETH-27MAR20-480-C,175.87,96.05,0.016,240.0,0.019,500.0,99.39,0.16527,-0.06308,0.04194,0.00146,0.08383
180.61,ETH-27MAR20,1574161144421,open,0.42,125.0,0.354,0.487,0.419212,79.58,0.37,0.0,ETH-27MAR20-240-P,175.87,65.97,0.39,300.0,0.428,10.0,83.51,0.40058,-0.12367,-0.67698,0.00437,-0.64238
180.61,ETH-27MAR20,1574161144427,open,0.37,40.0,0.34,0.407,0.373676,77.63,0.459,0.0,ETH-27MAR20-120-C,175.87,34.43,0.337,1.0,0.0,0.0,0.0,0.22944,-0.0691,0.31523,0.00257,0.868
182.19,SYN.ETH-26JUN20,1574161144431,open,1.26,0.0,1.168,1.367,1.262939,91.11,None,0.0,ETH-26JUN20-400-P,175.87,0.0,0.01,50.0,0.0,0.0,0.0,0.42309,-0.08766,-2.23763,0.00232,-0.77593
182.19,SYN.ETH-26JUN20,1574161144437,open,0.05,0.0,0.019,0.094,0.050066,94.79,None,0.0,ETH-26JUN20-480-C,175.87,93.22,0.047,3.0,0.054,440.0,96.76,0.35964,-0.07753,0.13311,0.0019,0.17135
176.34,SYN.ETH-29NOV19,1574161144451,open,0.0,569.0,0.001,0.011,1.7e-05,105.0,0.003,0.0,ETH-29NOV19-320-C,175.87,0.0,0.0,0.0,0.001,1.0,152.83,0.0004,-0.00215,2e-05,5e-05,0.00038
176.34,SYN.ETH-29NOV19,1574161144475,open,0.48,0.0,0.432,0.522,0.474917,97.28,None,0.0,ETH-29NOV19-260-P,175.87,0.0,0.01,50.0,0.0,0.0,0.0,0.00738,-0.03634,-0.06992,0.0009,-0.99052
176.34,SYN.ETH-29NOV19,1574161144475,open,0.43,1.0,0.416,0.449,0.432921,100.22,0.46,0.0,ETH-29NOV19-100-C,175.87,0.0,0.0,0.0,0.49,1.0,416.79,0.00023,-0.00118,0.02705,3e-05,0.99979
176.34,SYN.ETH-29NOV19,1574161144480,open,0.0,1522.0,0.001,0.011,0.000465,96.75,0.001,0.0,ETH-29NOV19-260-C,175.87,0.0,0.0,0.0,0.001,1.0,106.66,0.00714,-0.03499,0.00041,0.00088,0.00914
177.67,ETH-27DEC19,1574161144488,open,0.58,310.0,0.533,0.64,0.583721,87.18,0.49,0.0,ETH-27DEC19-280-P,175.87,0.0,0.002,50.0,1.0,1.0,450.15,0.07646,-0.08799,-0.27916,0.00268,-0.93046
177.67,ETH-27DEC19,1574161144488,open,0.04,11076.0,0.019,0.071,0.042669,67.72,0.045,0.0,ETH-27DEC19-200-C,175.87,66.29,0.041,3.0,0.044,550.0,68.85,0.20784,-0.1858,0.05339,0.00937,0.33227
182.19,SYN.ETH-26JUN20,1574161144488,open,0.86,1.0,0.767,0.945,0.852977,86.52,0.674,0.0,ETH-26JUN20-320-P,175.87,32.72,0.758,1.0,0.892,1.0,100.27,0.49705,-0.09779,-1.69622,0.00287,-0.69257
182.19,SYN.ETH-26JUN20,1574161144488,open,0.68,1.0,0.664,0.694,0.677973,85.94,0.69,0.0,ETH-26JUN20-60-C,175.87,0.0,0.67,1.0,0.0,0.0,0.0,0.07654,-0.01496,0.32838,0.00045,0.97718
180.61,ETH-27MAR20,1574161144490,open,1.24,13.0,1.162,1.332,1.241743,93.08,1.094,0.0,ETH-27MAR20-400-P,175.87,0.0,0.055,10.0,1.96,1.0,455.64,0.21822,-0.07881,-1.35125,0.00204,-0.87718
180.61,ETH-27MAR20,1574161144490,open,0.06,1655.0,0.029,0.103,0.062567,83.41,0.068,0.0,ETH-27MAR20-280-C,175.87,82.08,0.06,271.0,0.064,500.0,84.15,0.34957,-0.11313,0.12726,0.00364,0.26213
176.34,SYN.ETH-29NOV19,1574161144490,open,0.25,0.0,0.213,0.296,0.252249,88.96,None,0.0,ETH-29NOV19-220-P,175.87,0.0,0.01,50.0,0.0,0.0,0.0,0.04112,-0.18519,-0.05616,0.00549,-0.92486
177.67,ETH-27DEC19,1574161144509,open,1.03,257.0,0.968,1.098,1.029499,105.42,0.995,0.0,ETH-27DEC19-360-P,175.87,0.0,0.02,50.0,0.0,0.0,0.0,0.03687,-0.05131,-0.36899,0.00107,-0.97191
180.61,ETH-27MAR20,1574161144556,open,0.14,1334.0,0.096,0.189,0.14225,77.27,0.158,0.0,ETH-27MAR20-200-C,175.87,75.05,0.137,268.0,0.145,500.0,78.43,0.42813,-0.12834,0.23004,0.00481,0.50297
180.61,ETH-27MAR20,1574161144556,open,0.03,1211.0,0.009,0.057,0.027026,93.08,0.029,0.0,ETH-27MAR20-400-C,175.87,92.23,0.026,25.0,0.027,431.0,93.06,0.21822,-0.07881,0.06109,0.00204,0.12282
177.67,ETH-27DEC19,1574161144556,open,0.17,3453.0,0.126,0.212,0.168415,67.77,0.139,0.0,ETH-27DEC19-200-P,175.87,62.22,0.162,525.0,0.169,500.0,68.27,0.20788,-0.18599,-0.15412,0.00936,-0.66754
180.61,ETH-27MAR20,1574161144556,open,0.03,583.0,0.012,0.067,0.033776,89.65,0.037,0.0,ETH-27MAR20-360-C,175.87,87.62,0.031,261.0,0.035,800.0,90.51,0.25227,-0.08774,0.07529,0.00244,0.15184
180.61,ETH-27MAR20,1574161144556,open,0.11,288.0,0.069,0.158,0.112346,78.17,0.122,0.0,ETH-27MAR20-220-C,175.87,76.73,0.109,300.0,0.115,500.0,79.31,0.42029,-0.12747,0.19854,0.00467,0.42369
182.19,SYN.ETH-26JUN20,1574161144556,open,0.1,239.0,0.051,0.149,0.096531,86.52,0.102,0.0,ETH-26JUN20-320-C,175.87,84.84,0.092,680.0,0.102,468.0,88.51,0.49705,-0.09779,0.23146,0.00287,0.30743
180.61,ETH-27MAR20,1574161144571,open,2.34,0.0,2.229,2.451,2.333282,104.76,None,0.0,ETH-27MAR20-600-P,175.87,0.0,0.03,50.0,0.0,0.0,0.0,0.11574,-0.04704,-2.09192,0.00096,-0.94711
176.34,SYN.ETH-29NOV19,1574161144571,open,0.0,1027.0,0.001,0.011,0.00064,105.0,0.001,0.0,ETH-29NOV19-120-P,175.87,0.0,0.0,0.0,0.003,301.0,134.39,0.00794,-0.0422,-0.00052,0.0009,-0.01031
180.61,ETH-27MAR20,1574161144573,open,0.25,755.0,0.192,0.309,0.249609,77.27,0.207,0.0,ETH-27MAR20-200-P,175.87,73.64,0.241,455.0,0.252,455.0,78.28,0.42813,-0.12834,-0.47613,0.00481,-0.49703
182.19,SYN.ETH-26JUN20,1574161144573,open,0.58,0.0,0.559,0.607,0.582099,84.76,None,0.0,ETH-26JUN20-80-C,175.87,0.0,0.56,1.0,0.0,0.0,0.0,0.16193,-0.03121,0.39602,0.00096,0.94294
177.67,ETH-27DEC19,1574161144581,open,0.0,2158.0,0.001,0.016,0.004587,96.26,0.004,0.0,ETH-27DEC19-320-C,175.87,94.09,0.004,419.0,0.005,1.0,97.69,0.05003,-0.06358,0.00666,0.00159,0.04071
177.67,ETH-27DEC19,1574161144586,open,0.01,3700.0,0.001,0.027,0.010682,82.11,0.013,0.0,ETH-27DEC19-260-C,175.87,80.84,0.01,151.0,0.012,850.0,84.45,0.09716,-0.10531,0.01565,0.00361,0.09556
180.61,ETH-27MAR20,1574161144593,open,0.01,384.0,0.001,0.027,0.008907,105.0,0.009,0.0,ETH-27MAR20-640-C,175.87,103.28,0.008,729.0,0.011,720.0,108.6,0.09825,-0.04003,0.02181,0.00081,0.0431
177.67,ETH-27DEC19,1574161144593,open,2.6,0.0,2.498,2.714,2.602398,128.75,None,0.0,ETH-27DEC19-640-P,175.87,0.0,0.02,50.0,0.0,0.0,0.0,0.00358,-0.00609,-0.6638,8e-05,-0.99803
176.34,SYN.ETH-29NOV19,1574161144593,open,0.03,4326.0,0.012,0.065,0.025997,53.43,0.026,0.0,ETH-29NOV19-180-C,175.87,48.77,0.023,540.0,0.029,500.0,58.08,0.11365,-0.30744,0.01902,0.02528,0.42472
182.19,SYN.ETH-26JUN20,1574161144593,open,0.23,479.0,0.175,0.297,0.234861,79.49,0.207,0.0,ETH-26JUN20-180-P,175.87,76.47,0.226,451.0,0.239,220.0,80.9,0.53457,-0.09662,-0.66541,0.00336,-0.37144
177.67,ETH-27DEC19,1574161144595,open,0.0,10059.0,0.001,0.011,0.001367,104.99,0.002,0.0,ETH-27DEC19-400-C,175.87,110.16,0.002,819.0,0.003,500.0,116.41,0.01898,-0.02631,0.00212,0.00055,0.01286
177.67,ETH-27DEC19,1574161144595,open,0.0,1216.0,0.001,0.013,0.003157,104.86,0.003,0.0,ETH-27DEC19-360-C,175.87,98.29,0.002,1230.0,0.004,500.0,108.71,0.03604,-0.04989,0.00446,0.00105,0.02733
182.19,SYN.ETH-26JUN20,1574161144595,open,0.12,322.0,0.071,0.176,0.121556,84.5,0.138,0.0,ETH-26JUN20-280-C,175.87,82.94,0.117,680.0,0.127,10.0,86.35,0.53468,-0.10274,0.27452,0.00316,0.37169
177.67,ETH-27DEC19,1574161144596,open,0.02,3184.0,0.005,0.036,0.017125,73.36,0.015,0.0,ETH-27DEC19-140-P,175.87,71.69,0.016,360.0,0.017,8.0,73.18,0.12106,-0.11724,-0.02712,0.00504,-0.12998
8355.52,BTC-27MAR20,1574161144667,open,1.87,0.0,1.8195,1.961,1.88374246,95.42,None,0.0,BTC-27MAR20-24000-P,8084.9,0.0,0.0005,5.0,0.0,0.0,0.0,5.70752,-2.11286,-83.38456,2e-05,-0.94266
177.67,ETH-27DEC19,1574161144792,open,0.17,3453.0,0.126,0.213,0.168415,67.77,0.139,0.0,ETH-27DEC19-200-P,175.87,62.22,0.162,525.0,0.17,500.0,69.12,0.20788,-0.18599,-0.15412,0.00936,-0.66754
8168.61,BTC-27DEC19,1574161144836,open,5.34,0.8,5.242,5.496,5.36679862,200.84,3.59,0.0,BTC-27DEC19-52000-P,8084.9,0.0,0.001,1.0,0.0,0.0,0.0,0.41969,-1.11273,-53.92076,0.0,-0.99442
8090.47,SYN.BTC-22NOV19,1574161145001,open,0.05,29.0,0.026,0.071,0.04722331,55.72,0.06,0.0,BTC-22NOV19-7750-C,8084.9,52.6,0.0465,4.1,0.0485,14.0,60.93,1.92105,-18.61123,0.48898,0.00067,0.81435
8500.58,SYN.BTC-26JUN20,1574161145042,open,0.08,96.2,0.0485,0.1185,0.07859391,73.93,0.0765,0.0,BTC-26JUN20-6000-P,8084.9,71.21,0.073,17.8,0.079,8.0,74.12,17.6494,-2.96704,-13.53162,5e-05,-0.18565
8168.61,BTC-27DEC19,1574161145045,open,4.37,0.0,4.2815,4.4965,4.38700093,175.65,3.46,0.0,BTC-27DEC19-44000-P,8084.9,0.0,0.001,1.0,0.0,0.0,0.0,0.27939,-0.64784,-45.63284,0.0,-0.99646
8354.77,BTC-27MAR20,1574161145066,open,0.1,596.1,0.066,0.148,0.10268934,71.65,0.105,0.0,BTC-27MAR20-10000-C,8084.9,71.57,0.1025,1.0,0.1045,12.4,72.43,19.37635,-5.38656,9.27527,0.00011,0.41711
176.34,SYN.ETH-29NOV19,1574161145206,open,0.01,204.0,0.001,0.033,0.01016,53.67,0.015,0.0,ETH-29NOV19-190-C,175.87,51.19,0.009,550.0,0.014,828.0,61.38,0.08396,-0.22815,0.00961,0.01859,0.21156
176.34,SYN.ETH-29NOV19,1574161145206,open,0.01,11.0,0.001,0.021,0.006281,79.58,0.003,0.0,ETH-29NOV19-150-P,175.87,66.01,0.003,529.0,0.006,550.0,78.57,0.04962,-0.19993,-0.00491,0.00741,-0.09657
176.34,SYN.ETH-29NOV19,1574161145206,open,0.0,3697.0,0.001,0.016,0.004165,72.67,0.006,0.0,ETH-29NOV19-210-C,175.87,67.53,0.003,746.0,0.006,351.0,79.47,0.04332,-0.15939,0.00364,0.00709,0.08049
176.34,SYN.ETH-29NOV19,1574161145206,open,0.2,0.0,0.158,0.236,0.195069,72.74,None,0.0,ETH-29NOV19-210-P,175.87,0.0,0.19,30.0,0.453,1.0,500.0,0.04341,-0.15988,-0.05317,0.00709,-0.91928
176.34,SYN.ETH-29NOV19,1574161145206,open,0.0,101.0,0.001,0.013,0.002822,92.44,0.002,0.0,ETH-29NOV19-230-C,175.87,77.7,0.001,602.0,0.005,350.0,103.75,0.02864,-0.13404,0.00212,0.00368,0.04735
176.34,SYN.ETH-29NOV19,1574161145206,open,0.16,0.0,0.126,0.185,0.155635,79.53,None,0.0,ETH-29NOV19-150-C,175.87,0.0,0.149,30.0,0.0,0.0,0.0,0.04958,-0.19965,0.03568,0.00741,0.90354
176.34,SYN.ETH-29NOV19,1574161145206,open,0.06,5.0,0.03,0.089,0.05777,57.53,0.06,0.0,ETH-29NOV19-170-C,175.87,49.44,0.053,500.0,0.059,525.0,59.58,0.10531,-0.30672,0.02911,0.02176,0.66793
176.34,SYN.ETH-29NOV19,1574161145206,open,0.31,0.0,0.267,0.352,0.307145,92.56,None,0.0,ETH-29NOV19-230-P,175.87,0.0,0.01,50.0,0.0,0.0,0.0,0.02875,-0.13474,-0.0601,0.00369,-0.95242
176.34,SYN.ETH-29NOV19,1574161145206,open,0.02,248.0,0.006,0.049,0.021835,57.55,0.025,0.0,ETH-29NOV19-170-P,175.87,51.07,0.018,640.0,0.024,542.0,61.16,0.10531,-0.30686,-0.01689,0.02175,-0.33212
8168.61,BTC-27DEC19,1574161145243,open,0.76,0.0,0.7455,0.765,0.75513653,0.0,None,0.0,BTC-27DEC19-2000-C,8084.9,0.0,0.7475,1.0,0.7635,1.0,266.08,0.0,0.0,2.07538,0.0,1.0
176.01,SYN.ETH-22NOV19,1574161145250,open,0.31,0.0,0.269,0.348,0.306838,105.83,None,0.0,ETH-22NOV19-230-P,175.87,0.0,0.001,55.0,0.0,0.0,0.0,0.00123,-0.02267,-0.01809,0.00048,-0.99746
176.01,SYN.ETH-22NOV19,1574161145250,open,0.0,96.0,0.001,0.012,0.001506,104.9,0.001,0.0,ETH-22NOV19-150-P,175.87,97.32,0.001,93.0,0.002,605.0,110.99,0.01316,-0.23995,-0.00056,0.00514,-0.03888
176.01,SYN.ETH-22NOV19,1574161145250,open,0.01,133.0,0.001,0.029,0.007376,57.39,0.006,0.0,ETH-22NOV19-170-P,175.87,52.28,0.006,550.0,0.008,3.0,59.63,0.04854,-0.48433,-0.00343,0.03465,-0.23974
176.01,SYN.ETH-22NOV19,1574161145250,open,0.0,279.0,0.001,0.011,0.001139,104.98,0.001,0.0,ETH-22NOV19-210-C,175.87,102.73,0.001,59.0,0.002,353.0,116.22,0.01129,-0.20045,0.00043,0.00441,0.03227
176.01,SYN.ETH-22NOV19,1574161145250,open,0.36,0.0,0.324,0.406,0.363603,108.07,None,0.0,ETH-22NOV19-240-P,175.87,0.0,0.01,50.0,0.0,0.0,0.0,0.00039,-0.00734,-0.0189,0.00015,-0.99928
176.01,SYN.ETH-22NOV19,1574161145250,open,0.0,696.0,0.001,0.018,0.003289,69.38,0.001,0.0,ETH-22NOV19-190-C,175.87,52.3,0.001,569.0,0.003,500.0,67.65,0.02992,-0.36099,0.00152,0.01767,0.11287
176.01,SYN.ETH-22NOV19,1574161145250,open,0.04,181.0,0.014,0.071,0.0415,57.37,0.093,0.0,ETH-22NOV19-170-C,175.87,47.89,0.039,500.0,0.043,500.0,62.71,0.04853,-0.48414,0.00997,0.03466,0.76031
176.01,SYN.ETH-22NOV19,1574161145250,open,0.25,0.0,0.214,0.29,0.250247,105.23,None,0.0,ETH-22NOV19-220-P,175.87,0.0,0.01,50.0,0.0,0.0,0.0,0.00402,-0.07348,-0.0172,0.00156,-0.9904
176.01,SYN.ETH-22NOV19,1574161145250,open,0.14,131.0,0.104,0.177,0.138421,91.14,0.123,0.0,ETH-22NOV19-200-P,175.87,0.0,0.01,30.0,0.24,1.0,433.77,0.01906,-0.30203,-0.01493,0.00857,-0.93814
176.01,SYN.ETH-22NOV19,1574161145250,open,0.09,2.0,0.064,0.121,0.092682,71.27,0.137,0.0,ETH-22NOV19-160-C,175.87,0.0,0.09,28.0,0.217,1.0,500.0,0.01907,-0.23637,0.01172,0.01097,0.93808
176.01,SYN.ETH-22NOV19,1574161145250,open,0.15,0.0,0.122,0.177,0.149262,104.85,None,0.0,ETH-22NOV19-150-C,175.87,0.0,0.0,0.0,0.0,0.0,0.0,0.01314,-0.23951,0.01126,0.00513,0.96118
176.01,SYN.ETH-22NOV19,1574161145250,open,0.0,23.0,0.001,0.011,0.000288,105.0,0.001,0.0,ETH-22NOV19-220-C,175.87,0.0,0.0,0.0,0.001,3.0,124.58,0.00396,-0.05077,0.00013,0.00155,0.00945
176.01,SYN.ETH-22NOV19,1574161145250,open,0.0,86.0,0.001,0.011,1.2e-05,105.0,0.001,0.0,ETH-22NOV19-240-C,175.87,0.0,0.0,0.0,0.001,2.0,163.8,0.00029,-0.00219,1e-05,0.00011,0.00052
176.01,SYN.ETH-22NOV19,1574161145250,open,0.0,1211.0,0.001,0.014,0.002096,91.09,0.002,0.0,ETH-22NOV19-200-C,175.87,78.89,0.001,9.0,0.002,500.0,90.2,0.01904,-0.30151,0.00083,0.00856,0.06176
176.01,SYN.ETH-22NOV19,1574161145250,open,0.0,51.0,0.001,0.011,6.4e-05,105.0,0.001,0.0,ETH-22NOV19-230-C,175.87,0.0,0.0,0.0,0.001,1.0,144.85,0.00116,-0.01122,3e-05,0.00045,0.00237
8168.61,BTC-27DEC19,1574161145254,open,0.82,12.1,0.8065,0.826,0.81635224,0.0,0.8415,0.0,BTC-27DEC19-1500-C,8084.89,0.0,0.8085,1.0,0.825,1.0,322.01,0.0,0.0,1.55654,0.0,1.0
8168.61,BTC-27DEC19,1574161145254,open,5.34,0.8,5.2405,5.4945,5.36583213,100.0,3.59,0.0,BTC-27DEC19-52000-P,8084.89,0.0,0.001,1.0,0.0,0.0,0.0,0.0,0.0,-53.95989,0.0,-1.0
8355.52,BTC-27MAR20,1574161145254,open,0.01,1260.0,0.0005,0.02,0.00803182,79.17,0.006,0.0,BTC-27MAR20-4000-P,8084.89,75.72,0.0065,48.5,0.009,23.3,81.18,3.91242,-1.20174,-1.29453,2e-05,-0.03585
8168.61,BTC-27DEC19,1574161145254,open,0.24,532.4,0.2115,0.281,0.24378737,63.95,0.2375,0.0,BTC-27DEC19-10000-P,8084.89,48.27,0.232,15.0,0.252,11.0,72.82,7.13435,-6.0232,-8.93472,0.00016,-0.81027
8168.61,BTC-27DEC19,1574161145254,open,0.95,19.0,0.921,1.009,0.96175858,100.24,1.2,0.0,BTC-27DEC19-16000-P,8084.89,0.0,0.0,0.0,0.0,0.0,0.0,1.66046,-2.19735,-16.39656,2e-05,-0.9726
8168.6,BTC-27DEC19,1574161145254,open,0.83,211.2,0.8015,0.885,0.83989445,94.88,0.9295,0.0,BTC-27DEC19-15000-P,8084.89,0.0,0.0,0.0,0.0,0.0,0.0,1.94738,-2.43921,-15.31432,3e-05,-0.96679
8168.6,BTC-27DEC19,1574161145254,open,0.01,717.1,0.0005,0.018,0.0054378,82.59,0.005,0.0,BTC-27DEC19-13000-C,8084.89,81.3,0.005,20.0,0.006,22.0,84.15,2.85584,-3.1135,0.4058,5e-05,0.05331
8168.6,BTC-27DEC19,1574161145254,open,2.66,0.2,2.6005,2.7485,2.67260813,104.46,2.51,0.0,BTC-27DEC19-30000-P,8084.89,0.0,0.0,0.0,0.0,0.0,0.0,0.01127,-0.01554,-31.12986,0.0,-0.99989
8168.6,BTC-27DEC19,1574161145254,open,0.63,10.0,0.623,0.6425,0.63278939,99.93,0.618,0.0,BTC-27DEC19-3000-C,8084.89,0.0,0.6255,1.0,0.6415,10.0,195.57,0.04957,-0.06539,3.10814,0.0,0.99947
8168.6,BTC-27DEC19,1574161145255,open,0.02,1028.2,0.007,0.0405,0.01946898,63.82,0.0195,0.0,BTC-27DEC19-10000-C,8084.89,62.11,0.018,44.8,0.0205,12.8,64.99,7.11968,-5.99792,1.43783,0.00016,0.1891
