underlying_price,underlying_index,timestamp,state,settlement_price,open_interest,min_price,max_price,mark_price,mark_iv,last_price,interest_rate,instrument_name,index_price,bid_iv,best_bid_price,best_bid_amount,best_ask_price,best_ask_amount,ask_iv,vega,theta,rho,gamma,delta
173.36,SYN.ETH-29NOV19,1570359539986,open,0.52,0.0,0.474,0.595,0.533616,99.06,None,0.0,ETH-29NOV19-260-P,173.23,0.0,0.0,0.0,0.0,0.0,0.0,0.18125,-0.16663,-0.34359,0.00412,-0.80912
173.28,SYN.ETH-25OCT19,1570359539986,open,0.32,6.0,0.289,0.34,0.314982,113.81,0.36,0.0,ETH-25OCT19-120-C,173.23,0.0,0.0,0.0,0.0,0.0,0.0,0.04736,-0.14278,0.05594,0.00268,0.93931
173.24,SYN.ETH-11OCT19,1570359540016,open,0.0,176.0,0.001,0.011,0.000491,138.36,0.001,0.0,ETH-11OCT19-120-P,173.23,0.0,0.0,0.0,0.001,100.0,152.72,0.00475,-0.06735,-0.00021,0.00086,-0.00875
174.98,ETH-27MAR20,1570359540048,open,0.09,520.0,0.044,0.139,0.091556,108.71,0.09,0.0,ETH-27MAR20-360-C,173.23,106.72,0.087,145.0,0.096,260.0,110.62,0.40362,-0.1269,0.15412,0.00256,0.27752
173.26,SYN.ETH-18OCT19,1570359540073,open,0.05,10.0,0.016,0.07,0.042887,82.36,0.051,0.0,ETH-18OCT19-180-C,173.23,75.43,0.038,96.0,0.047,96.0,88.16,0.12262,-0.42517,0.02168,0.01524,0.42753
173.43,ETH-27DEC19,1570359540121,open,0.46,0.0,0.423,0.485,0.455392,113.83,None,0.0,ETH-27DEC19-100-C,173.23,0.0,0.0,0.0,0.0,0.0,0.0,0.14244,-0.09901,0.1736,0.00185,0.90163
174.98,ETH-27MAR20,1570359540125,open,1.14,6.0,1.05,1.248,1.149052,108.76,1.165,0.0,ETH-27MAR20-360-P,173.23,86.64,1.103,7.0,1.205,1.0,131.48,0.40377,-0.12701,-1.55088,0.00256,-0.72227
173.28,SYN.ETH-25OCT19,1570359540125,open,0.21,12.0,0.178,0.241,0.211101,99.98,0.192,0.0,ETH-25OCT19-140-C,173.23,0.0,0.0,0.0,0.0,0.0,0.0,0.09043,-0.23949,0.05757,0.00583,0.85351
7925.39,SYN.BTC-11OCT19,1570359540137,open,0.31,0.0,0.292,0.321,0.30624866,125.07,None,0.0,BTC-11OCT19-5500-C,7925.17,0.0,0.0,0.0,0.0,0.0,0.0,0.12456,-1.59753,0.72952,1e-05,0.99533
173.26,SYN.ETH-18OCT19,1570359540141,open,0.0,1.0,0.001,0.012,0.00244,86.37,0.005,0.0,ETH-18OCT19-230-C,173.23,0.0,0.0,0.0,0.004,103.0,94.85,0.02741,-0.09967,0.00217,0.00325,0.04088
173.36,SYN.ETH-29NOV19,1570359540152,open,0.02,42.0,0.007,0.048,0.024731,100.26,0.035,0.0,ETH-29NOV19-280-C,173.23,97.09,0.022,349.0,0.028,349.0,103.87,0.15279,-0.14217,0.03113,0.00344,0.1464
7927.55,SYN.BTC-29NOV19,1570359540157,open,0.02,148.7,0.004,0.034,0.0159944,80.81,0.015,0.0,BTC-29NOV19-12000-C,7925.17,78.81,0.0145,14.0,0.0175,35.5,82.74,6.05698,-4.54278,1.20537,8e-05,0.11901
8005.92,BTC-27MAR20,1570359540179,open,0.36,8.6,0.31,0.394,0.35385027,87.08,0.3755,0.0,BTC-27MAR20-6000-C,7925.17,85.67,0.351,14.0,0.3755,14.0,97.71,16.20393,-4.08118,16.25656,6e-05,0.78257
173.24,SYN.ETH-11OCT19,1570359540183,open,0.25,0.0,0.227,0.273,0.250095,111.16,None,0.0,ETH-11OCT19-130-C,173.23,0.0,0.0,0.0,0.0,0.0,0.0,0.00568,-0.06476,0.01711,0.00127,0.98926
173.43,ETH-27DEC19,1570359540193,open,0.03,3156.0,0.013,0.055,0.032026,113.87,0.032,0.0,ETH-27DEC19-100-P,173.23,112.61,0.031,160.0,0.033,10.0,115.05,0.14248,-0.09908,-0.05075,0.00185,-0.09842
173.28,SYN.ETH-25OCT19,1570359540193,open,0.02,2347.0,0.005,0.039,0.019071,100.0,0.017,0.0,ETH-25OCT19-140-P,173.23,93.95,0.016,683.0,0.022,343.0,105.49,0.09045,-0.23958,-0.01484,0.00583,-0.14653
7925.7,SYN.BTC-18OCT19,1570359540195,open,0.02,30.6,0.006,0.0415,0.02155894,66.58,0.02,0.0,BTC-18OCT19-8500-C,7925.17,62.46,0.019,16.5,0.022,0.1,67.28,4.97569,-13.94742,0.71975,0.00037,0.30067
174.98,ETH-27MAR20,1570359540208,open,0.08,988.0,0.034,0.122,0.076608,110.22,0.08,0.0,ETH-27MAR20-400-C,173.23,107.56,0.071,407.0,0.082,147.0,112.72,0.37322,-0.11898,0.1343,0.00233,0.23866
7925.39,SYN.BTC-11OCT19,1570359540210,open,0.05,84.0,0.0305,0.0825,0.05657677,68.07,0.0595,0.0,BTC-11OCT19-8250-P,7925.17,71.5,0.058,0.2,0.061,15.0,78.6,3.27075,-22.8312,-0.78101,0.00057,-0.68115
173.43,ETH-27DEC19,1570359540212,open,0.0,4118.0,0.001,0.011,0.001985,122.18,0.002,0.0,ETH-27DEC19-760-C,173.23,113.66,0.001,4.0,0.003,1209.0,128.16,0.02526,-0.01885,0.00381,0.00031,0.01179
173.43,ETH-27DEC19,1570359540214,open,0.09,4657.0,0.047,0.13,0.08958,105.4,0.088,0.0,ETH-27DEC19-240-C,173.23,104.5,0.088,1460.0,0.091,20.0,106.22,0.30236,-0.19462,0.09904,0.00425,0.34416
8005.92,BTC-27MAR20,1570359540216,open,1.04,1.1,0.987,1.127,1.05449912,89.89,0.911,0.0,BTC-27MAR20-16000-P,7925.17,50.06,1.0025,1.0,1.097,1.0,109.31,15.83457,-4.11686,-69.97881,6e-05,-0.791
173.24,SYN.ETH-11OCT19,1570359540216,open,0.0,54.0,0.001,0.011,0.000474,105.38,0.007,0.0,ETH-11OCT19-230-C,173.23,0.0,0.0,0.0,0.001,2.0,116.69,0.00613,-0.06628,0.00026,0.00145,0.01173
174.98,ETH-27MAR20,1570359540219,open,0.05,1150.0,0.02,0.091,0.052428,111.04,0.06,0.0,ETH-27MAR20-480-C,173.22,109.07,0.049,389.0,0.056,240.0,113.03,0.30929,-0.09933,0.10076,0.00192,0.174
173.43,ETH-27DEC19,1570359540219,open,0.02,344.0,0.006,0.044,0.021027,109.14,0.023,0.0,ETH-27DEC19-380-C,173.22,106.71,0.019,470.0,0.023,320.0,111.39,0.14833,-0.09886,0.03228,0.00201,0.104
173.43,ETH-27DEC19,1570359540219,open,0.05,1088.0,0.017,0.077,0.045147,106.01,0.048,0.0,ETH-27DEC19-300-C,173.22,103.61,0.042,468.0,0.049,468.0,108.87,0.2302,-0.14903,0.06038,0.00322,0.20034
174.98,ETH-27MAR20,1570359540219,open,1.35,3.0,1.26,1.467,1.362714,110.29,1.39,0.0,ETH-27MAR20-400-P,173.22,0.0,0.001,10.0,0.0,0.0,0.0,0.37343,-0.11912,-1.76013,0.00233,-0.76109
174.98,ETH-27MAR20,1570359540219,open,1.78,0.0,1.687,1.91,1.795756,111.12,None,0.0,ETH-27MAR20-480-P,173.22,0.0,0.003,10.0,0.0,0.0,0.0,0.30969,-0.09953,-2.17252,0.00192,-0.82565
173.43,ETH-27DEC19,1570359540220,open,0.12,3212.0,0.066,0.156,0.113226,105.22,0.112,0.0,ETH-27DEC19-220-C,173.22,104.01,0.111,1500.0,0.116,458.0,106.73,0.31928,-0.20516,0.11537,0.0045,0.40978
174.98,ETH-27MAR20,1570359540219,open,1.57,0.0,1.472,1.687,1.577441,110.54,None,0.0,ETH-27MAR20-440-P,173.22,0.0,0.002,10.0,0.0,0.0,0.0,0.33993,-0.10868,-1.96803,0.00212,-0.79723
173.43,ETH-27DEC19,1570359540220,open,1.99,37.0,1.913,2.108,2.00593,115.37,0.707,0.0,ETH-27DEC19-520-P,173.22,0.0,0.002,25.0,0.0,0.0,0.0,0.07256,-0.05112,-1.15336,0.00093,-0.95876
173.43,ETH-27DEC19,1570359540220,open,0.29,18.0,0.244,0.333,0.292523,106.94,0.305,0.0,ETH-27DEC19-140-C,173.22,91.8,0.27,46.0,0.321,46.0,125.74,0.26075,-0.17028,0.17816,0.00361,0.75049
174.98,ETH-27MAR20,1570359540220,open,0.04,4705.0,0.011,0.068,0.034921,114.53,0.043,0.0,ETH-27MAR20-600-C,173.22,112.37,0.032,280.0,0.038,390.0,116.7,0.24251,-0.08033,0.07146,0.00146,0.12114
173.43,ETH-27DEC19,1570359540220,open,0.01,7937.0,0.003,0.031,0.013065,111.88,0.012,0.0,ETH-27DEC19-440-C,173.22,108.39,0.011,470.0,0.015,480.0,114.88,0.10766,-0.07356,0.02131,0.00143,0.06785
173.43,ETH-27DEC19,1570359540220,open,0.56,946.0,0.499,0.64,0.569987,105.46,0.3,0.0,ETH-27DEC19-260-P,173.22,0.0,0.0,0.0,0.0,0.0,0.0,0.27999,-0.18032,-0.49896,0.00394,-0.71258
174.98,ETH-27MAR20,1570359540220,open,0.04,1165.0,0.013,0.073,0.038632,112.77,0.05,0.0,ETH-27MAR20-560-C,173.22,110.96,0.036,40.0,0.041,240.0,114.34,0.25921,-0.08454,0.07847,0.00159,0.13331
173.43,ETH-27DEC19,1570359540220,open,0.0,12462.0,0.001,0.012,0.002183,115.9,0.005,0.0,ETH-27DEC19-680-C,173.22,106.48,0.001,1000.0,0.003,2399.0,120.37,0.02821,-0.01996,0.00436,0.00036,0.01339
173.43,ETH-27DEC19,1570359540220,open,3.36,0.0,3.255,3.524,3.384409,123.84,None,0.0,ETH-27DEC19-760-P,173.22,0.0,0.0,0.0,0.0,0.0,0.0,0.02752,-0.02081,-1.70062,0.00033,-0.98699
173.43,ETH-27DEC19,1570359540220,open,0.04,1445.0,0.013,0.066,0.03683,106.76,0.035,0.0,ETH-27DEC19-320-C,173.22,104.35,0.034,469.0,0.04,320.0,109.37,0.20696,-0.13493,0.05136,0.00287,0.16886
173.36,SYN.ETH-29NOV19,1570359540219,open,0.26,1.0,0.212,0.29,0.253949,99.68,0.289,0.0,ETH-29NOV19-140-C,173.22,0.0,0.0,0.0,0.0,0.0,0.0,0.20063,-0.18561,0.13288,0.00454,0.77325
173.43,ETH-27DEC19,1570359540221,open,0.03,926.0,0.01,0.058,0.030855,108.05,0.03,0.0,ETH-27DEC19-340-C,173.22,105.34,0.028,470.0,0.034,310.0,110.9,0.18692,-0.12334,0.04428,0.00256,0.14467
173.43,ETH-27DEC19,1570359540221,open,0.01,10821.0,0.001,0.02,0.007429,114.95,0.007,0.0,ETH-27DEC19-520-C,173.22,111.25,0.006,350.0,0.009,200.0,118.53,0.07153,-0.05021,0.01287,0.00092,0.04052
173.43,ETH-27DEC19,1570359540220,open,0.87,101.0,0.809,0.958,0.882061,106.84,0.513,0.0,ETH-27DEC19-320-P,173.22,0.0,0.006,5.0,0.0,0.0,0.0,0.20721,-0.1352,-0.66637,0.00287,-0.83083
173.43,ETH-27DEC19,1570359540221,open,0.1,2341.0,0.059,0.14,0.099812,106.97,0.094,0.0,ETH-27DEC19-140-P,173.22,103.76,0.095,136.0,0.104,496.0,109.75,0.26076,-0.17033,-0.1359,0.00361,-0.24953
173.43,ETH-27DEC19,1570359540220,open,0.98,0.0,0.917,1.07,0.991301,108.05,None,0.0,ETH-27DEC19-340-P,173.22,0.0,0.001,5.0,0.0,0.0,0.0,0.18692,-0.12334,-0.7184,0.00256,-0.85533
173.43,ETH-27DEC19,1570359540221,open,0.03,1033.0,0.007,0.05,0.025341,108.54,0.025,0.0,ETH-27DEC19-360-C,173.22,106.04,0.023,470.0,0.028,320.0,111.24,0.1665,-0.11036,0.03771,0.00227,0.12228
173.43,ETH-27DEC19,1570359540221,open,0.0,4670.0,0.001,0.011,0.001985,118.53,0.002,0.0,ETH-27DEC19-720-C,173.22,110.19,0.001,996.0,0.003,8.0,124.39,0.02578,-0.01866,0.00392,0.00032,0.01207
173.43,ETH-27DEC19,1570359540221,open,1.54,0.0,1.467,1.641,1.550258,112.12,None,0.0,ETH-27DEC19-440-P,173.22,0.0,0.001,8.0,0.0,0.0,0.0,0.10835,-0.07418,-0.96552,0.00143,-0.9316
173.43,ETH-27DEC19,1570359540221,open,0.18,1016.0,0.129,0.226,0.181505,104.9,0.187,0.0,ETH-27DEC19-180-C,173.22,103.02,0.178,340.0,0.186,132.0,107.31,0.32279,-0.20678,0.15071,0.00456,0.5689
173.43,ETH-27DEC19,1570359540221,open,2.45,0.0,2.36,2.577,2.463747,116.19,0.953,0.0,ETH-27DEC19-600-P,173.22,0.0,0.0,0.0,0.0,0.0,0.0,0.04613,-0.03273,-1.33824,0.00059,-0.97616
173.43,ETH-27DEC19,1570359540221,open,0.77,1.0,0.703,0.849,0.774951,106.01,0.494,0.0,ETH-27DEC19-300-P,173.22,0.0,0.001,5.0,0.0,0.0,0.0,0.2302,-0.14903,-0.61258,0.00322,-0.79966
173.43,ETH-27DEC19,1570359540221,open,0.37,2.0,0.327,0.404,0.368595,110.41,0.346,0.0,ETH-27DEC19-120-C,173.22,0.0,0.101,1.0,0.0,0.0,0.0,0.20556,-0.1386,0.18064,0.00276,0.83291
173.43,ETH-27DEC19,1570359540221,open,0.07,2531.0,0.033,0.109,0.070736,105.41,0.076,0.0,ETH-27DEC19-260-C,173.22,103.07,0.067,320.0,0.074,464.0,107.42,0.2799,-0.18017,0.08423,0.00394,0.28724
173.43,ETH-27DEC19,1570359540221,open,0.0,14470.0,0.001,0.012,0.002965,115.9,0.004,0.0,ETH-27DEC19-640-C,173.22,110.57,0.002,150.0,0.004,3662.0,120.4,0.03581,-0.02534,0.00572,0.00046,0.01768
173.43,ETH-27DEC19,1570359540221,open,0.06,1630.0,0.024,0.091,0.05595,105.41,0.062,0.0,ETH-27DEC19-280-C,173.22,103.38,0.053,466.0,0.058,19.0,106.79,0.2547,-0.16395,0.07117,0.00358,0.23888
173.43,ETH-27DEC19,1570359540221,open,0.02,4398.0,0.005,0.039,0.018317,110.72,0.017,0.0,ETH-27DEC19-400-C,173.22,107.63,0.016,470.0,0.021,160.0,114.04,0.13505,-0.09131,0.02848,0.00181,0.09151
173.36,SYN.ETH-29NOV19,1570359540219,open,0.34,0.0,0.306,0.371,0.340271,104.88,None,0.0,ETH-29NOV19-120-C,173.22,0.0,0.0,0.0,0.0,0.0,0.0,0.14279,-0.13899,0.1349,0.00307,0.86746
173.26,SYN.ETH-18OCT19,1570359540220,open,0.22,0.0,0.18,0.261,0.219617,82.48,None,0.0,ETH-18OCT19-210-P,173.22,0.0,0.0,0.0,0.0,0.0,0.0,0.05936,-0.20611,-0.06246,0.00737,-0.88845
173.42,ETH-27DEC19,1570359540221,open,0.01,7122.0,0.001,0.016,0.0053,114.95,0.004,0.0,ETH-27DEC19-560-C,173.22,110.54,0.004,150.0,0.006,1502.0,117.04,0.05588,-0.03923,0.00961,0.00072,0.03
173.26,SYN.ETH-18OCT19,1570359540219,open,0.01,12.0,0.001,0.021,0.007548,82.45,0.01,0.0,ETH-18OCT19-210-C,173.22,74.31,0.005,150.0,0.01,251.0,89.17,0.05932,-0.20592,0.00586,0.00737,0.11145
173.42,ETH-27DEC19,1570359540222,open,0.66,311.0,0.599,0.743,0.670527,105.41,0.71,0.0,ETH-27DEC19-280-P,173.22,65.61,0.625,16.0,0.711,1.0,130.8,0.25468,-0.16395,-0.55693,0.00358,-0.76113
173.42,ETH-27DEC19,1570359540222,open,2.68,0.0,2.584,2.813,2.693427,115.9,None,0.0,ETH-27DEC19-640-P,173.22,0.0,0.0,0.0,0.0,0.0,0.0,0.0358,-0.02534,-1.42991,0.00046,-0.98232
173.42,ETH-27DEC19,1570359540222,open,0.47,2866.0,0.403,0.541,0.473503,105.41,0.472,0.0,ETH-27DEC19-240-P,173.22,85.33,0.44,22.0,0.514,21.0,127.95,0.30234,-0.19463,-0.43933,0.00425,-0.65586
173.42,ETH-27DEC19,1570359540222,open,1.09,257.0,1.026,1.182,1.101226,108.54,0.7,0.0,ETH-27DEC19-360-P,173.22,0.0,0.01,2.0,0.0,0.0,0.0,0.16649,-0.11036,-0.76983,0.00227,-0.87773
173.42,ETH-27DEC19,1570359540222,open,2.22,0.0,2.137,2.342,2.234455,114.95,0.845,0.0,ETH-27DEC19-560-P,173.22,0.0,0.0,0.0,0.0,0.0,0.0,0.05588,-0.03923,-1.24657,0.00072,-0.97
173.42,ETH-27DEC19,1570359540222,open,0.01,5315.0,0.001,0.024,0.009402,112.77,0.01,0.0,ETH-27DEC19-480-C,173.22,109.78,0.008,150.0,0.011,200.0,115.86,0.08551,-0.05889,0.01602,0.00112,0.05059
173.42,ETH-27DEC19,1570359540223,open,1.31,16.0,1.246,1.411,1.324856,110.72,1.195,0.0,ETH-27DEC19-400-P,173.22,0.0,0.001,8.0,0.0,0.0,0.0,0.13504,-0.0913,-0.8688,0.00181,-0.90849
173.24,SYN.ETH-11OCT19,1570359540219,open,0.2,0.0,0.167,0.219,0.19337,102.06,None,0.0,ETH-11OCT19-140-C,173.22,0.0,0.0,0.0,0.0,0.0,0.0,0.01403,-0.14687,0.01795,0.00343,0.96891
173.42,ETH-27DEC19,1570359540223,open,0.0,15550.0,0.001,0.013,0.003939,115.43,0.004,0.0,ETH-27DEC19-600-C,173.22,111.44,0.003,150.0,0.005,1493.0,119.23,0.04461,-0.03145,0.00738,0.00057,0.02291
173.28,SYN.ETH-25OCT19,1570359540220,open,0.0,5488.0,0.001,0.011,0.001966,101.24,0.003,0.0,ETH-25OCT19-280-C,173.22,0.0,0.0,0.0,0.004,350.0,113.49,0.02261,-0.06064,0.00202,0.00144,0.02446
173.26,SYN.ETH-18OCT19,1570359540220,open,0.02,123.0,0.002,0.033,0.014156,82.37,0.018,0.0,ETH-18OCT19-200-C,173.22,75.56,0.011,141.0,0.017,142.0,88.07,0.08377,-0.2905,0.0097,0.01041,0.18625
173.42,ETH-27DEC19,1570359540224,open,1.76,21.0,1.69,1.873,1.777249,112.77,0.629,0.0,ETH-27DEC19-480-P,173.22,0.0,0.001,7.0,0.0,0.0,0.0,0.08551,-0.05889,-1.0607,0.00112,-0.94941
173.24,SYN.ETH-11OCT19,1570359540220,open,0.27,0.0,0.233,0.312,0.270859,100.62,None,0.0,ETH-11OCT19-220-P,173.22,0.0,0.0,0.0,0.0,0.0,0.0,0.01089,-0.11234,-0.02888,0.0027,-0.97706
173.36,SYN.ETH-29NOV19,1570359540219,open,0.44,0.0,0.412,0.463,0.438176,111.37,None,0.0,ETH-29NOV19-100-C,173.22,0.0,0.0,0.0,0.0,0.0,0.0,0.08628,-0.08918,0.12667,0.00175,0.93317
173.28,SYN.ETH-25OCT19,1570359540222,open,0.0,1296.0,0.001,0.013,0.003952,99.27,0.003,0.0,ETH-25OCT19-260-C,173.22,94.57,0.003,6.0,0.005,200.0,103.72,0.03803,-0.1,0.00377,0.00247,0.04602
173.28,SYN.ETH-25OCT19,1570359540220,open,0.28,483.0,0.24,0.331,0.284436,91.88,0.337,0.0,ETH-25OCT19-220-P,173.22,0.0,0.05,2.0,0.5,1.0,349.28,0.09171,-0.2232,-0.10169,0.00643,-0.8504
173.24,SYN.ETH-11OCT19,1570359540222,open,0.32,0.0,0.289,0.37,0.328102,105.51,None,0.0,ETH-11OCT19-230-P,173.22,0.0,0.0,0.0,0.0,0.0,0.0,0.00617,-0.06679,-0.03046,0.00146,-0.98818
173.42,ETH-27DEC19,1570359540224,open,3.13,0.0,3.032,3.286,3.153755,118.53,None,0.0,ETH-27DEC19-720-P,173.22,0.0,0.003,5.0,0.0,0.0,0.0,0.02577,-0.01866,-1.61116,0.00032,-0.98793
173.28,SYN.ETH-25OCT19,1570359540222,open,0.13,554.0,0.087,0.157,0.124204,92.07,0.128,0.0,ETH-25OCT19-160-C,173.22,83.07,0.117,120.0,0.129,280.0,97.99,0.13973,-0.34076,0.05037,0.00977,0.68631
173.36,SYN.ETH-29NOV19,1570359540219,open,0.63,0.0,0.58,0.703,0.639914,100.33,None,0.0,ETH-29NOV19-280-P,173.22,0.0,0.0,0.0,0.0,0.0,0.0,0.15295,-0.14242,-0.38212,0.00344,-0.85337
173.24,SYN.ETH-11OCT19,1570359540219,open,0.14,0.0,0.109,0.168,0.139163,97.56,None,0.0,ETH-11OCT19-150-C,173.22,0.0,0.0,0.0,0.0,0.0,0.0,0.03281,-0.3283,0.01781,0.00839,0.90888
173.28,SYN.ETH-25OCT19,1570359540220,open,0.01,1286.0,0.001,0.019,0.00708,94.38,0.006,0.0,ETH-25OCT19-240-C,173.22,87.62,0.005,590.0,0.009,440.0,99.76,0.05815,-0.14537,0.00646,0.00397,0.07921
173.28,SYN.ETH-25OCT19,1570359540222,open,0.5,3.0,0.458,0.555,0.504467,99.36,0.534,0.0,ETH-25OCT19-260-P,173.22,0.0,0.0,0.0,0.0,0.0,0.0,0.03814,-0.10038,-0.13067,0.00247,-0.95381
173.28,SYN.ETH-25OCT19,1570359540220,open,0.61,3.0,0.57,0.671,0.617905,101.41,0.645,0.0,ETH-25OCT19-280-P,173.22,0.0,0.0,0.0,0.0,0.0,0.0,0.02277,-0.06116,-0.14277,0.00145,-0.97534
173.26,SYN.ETH-18OCT19,1570359540221,open,0.03,83.0,0.006,0.049,0.025323,82.36,0.021,0.0,ETH-18OCT19-190-C,173.22,73.57,0.02,122.0,0.029,123.0,88.22,0.10738,-0.37234,0.01505,0.01335,0.29233
173.28,SYN.ETH-25OCT19,1570359540220,open,0.18,955.0,0.141,0.23,0.186049,90.71,0.178,0.0,ETH-25OCT19-200-P,173.22,41.29,0.157,20.0,0.216,20.0,127.47,0.13192,-0.31699,-0.08147,0.00937,-0.72313
173.26,SYN.ETH-18OCT19,1570359540219,open,0.32,0.0,0.29,0.374,0.329943,86.44,None,0.0,ETH-18OCT19-230-P,173.22,0.0,0.0,0.0,0.0,0.0,0.0,0.02748,-0.10002,-0.07266,0.00326,-0.95899
173.24,SYN.ETH-11OCT19,1570359540219,open,0.0,18.0,0.001,0.011,0.000954,100.55,0.001,0.0,ETH-11OCT19-220-C,173.22,0.0,0.0,0.0,0.002,352.0,113.54,0.01086,-0.11193,0.00051,0.00269,0.02286
173.24,SYN.ETH-11OCT19,1570359540219,open,0.0,150.0,0.001,0.011,0.001492,102.1,0.002,0.0,ETH-11OCT19-140-P,173.22,95.3,0.001,520.0,0.002,2.0,107.84,0.01405,-0.14708,-0.00075,0.00343,-0.03113
173.24,SYN.ETH-11OCT19,1570359540219,open,0.01,511.0,0.001,0.018,0.005007,97.58,0.004,0.0,ETH-11OCT19-150-P,173.22,91.99,0.004,4.0,0.006,200.0,102.61,0.03282,-0.32844,-0.00223,0.00839,-0.09115
173.28,SYN.ETH-25OCT19,1570359540221,open,0.07,1026.0,0.033,0.097,0.065739,90.69,0.071,0.0,ETH-25OCT19-180-C,173.22,86.55,0.062,93.0,0.069,280.0,94.29,0.15668,-0.37639,0.036,0.01113,0.46753
173.36,SYN.ETH-29NOV19,1570359540219,open,0.03,6.0,0.013,0.056,0.032492,104.91,0.035,0.0,ETH-29NOV19-120-P,173.22,103.09,0.031,142.0,0.035,340.0,107.92,0.14283,-0.13906,-0.04224,0.00307,-0.13258
173.26,SYN.ETH-18OCT19,1570359540220,open,0.17,0.0,0.128,0.209,0.168507,82.39,None,0.0,ETH-18OCT19-200-P,173.22,0.0,0.0,0.0,0.0,0.0,0.0,0.08379,-0.29064,-0.05537,0.01041,-0.81368
173.36,SYN.ETH-29NOV19,1570359540222,open,0.01,146.0,0.005,0.03,0.015027,111.41,0.016,0.0,ETH-29NOV19-100-P,173.22,109.32,0.014,150.0,0.017,365.0,115.27,0.08634,-0.08927,-0.02096,0.00175,-0.06688
173.28,SYN.ETH-25OCT19,1570359540221,open,0.1,1308.0,0.065,0.143,0.104557,90.71,0.105,0.0,ETH-25OCT19-180-P,173.22,85.66,0.1,10.0,0.109,280.0,95.62,0.15668,-0.37645,-0.05708,0.01112,-0.53245
173.24,SYN.ETH-11OCT19,1570359540219,open,0.0,39.0,0.001,0.011,0.000494,111.24,0.001,0.0,ETH-11OCT19-130-P,173.22,0.0,0.0,0.0,0.001,100.0,123.21,0.0057,-0.06503,-0.00026,0.00128,-0.01079
173.28,SYN.ETH-25OCT19,1570359540222,open,0.39,302.0,0.347,0.44,0.392171,94.44,0.432,0.0,ETH-25OCT19-240-P,173.22,0.0,0.371,13.0,0.421,13.0,149.76,0.05822,-0.14565,-0.11764,0.00397,-0.92065
173.28,SYN.ETH-25OCT19,1570359540220,open,0.02,1509.0,0.003,0.033,0.014769,91.85,0.014,0.0,ETH-25OCT19-220-C,173.22,88.42,0.013,149.0,0.017,441.0,95.95,0.09167,-0.22303,0.01207,0.00643,0.1495
173.26,SYN.ETH-18OCT19,1570359540222,open,0.08,0.0,0.046,0.118,0.081803,82.37,None,0.0,ETH-18OCT19-180-P,173.22,69.86,0.073,120.0,0.091,120.0,95.31,0.12262,-0.42524,-0.03688,0.01524,-0.57245
7927.55,SYN.BTC-29NOV19,1570359540231,open,0.01,34.7,0.0005,0.0185,0.00674734,84.2,0.013,0.0,BTC-29NOV19-14000-C,7925.17,81.12,0.0055,23.5,0.008,8.0,86.98,3.39808,-2.65529,0.56702,4e-05,0.05521
7925.7,SYN.BTC-18OCT19,1570359540240,open,0.0,1.5,0.0005,0.0135,0.0035003,96.4,0.0045,0.0,BTC-18OCT19-6000-P,7925.17,90.09,0.0025,14.0,0.0045,33.4,101.79,1.37284,-5.57203,-0.12696,7e-05,-0.04573
8005.92,BTC-27MAR20,1570359540252,open,1.76,6.0,1.7035,1.855,1.77468317,94.41,1.826,0.0,BTC-27MAR20-22000-P,7925.17,0.0,0.795,0.4,0.0,0.0,0.0,10.30531,-2.81405,-101.07185,4e-05,-0.89081
8005.92,BTC-27MAR20,1570359540259,open,2.49,0.0,2.4335,2.605,2.51387536,99.71,None,0.0,BTC-27MAR20-28000-P,7925.17,0.0,0.0025,1.0,0.0,0.0,0.0,7.3373,-2.11606,-130.61511,2e-05,-0.93074
7925.39,SYN.BTC-11OCT19,1570359540267,open,0.01,515.9,0.0015,0.033,0.01400021,76.65,0.015,0.0,BTC-11OCT19-7500-P,7925.17,72.55,0.0125,0.8,0.0155,20.0,80.68,2.92547,-22.99665,-0.28202,0.00045,-0.25239
173.28,SYN.ETH-25OCT19,1570359540331,open,0.01,3250.0,0.001,0.019,0.007527,113.84,0.007,0.0,ETH-25OCT19-120-P,173.22,107.95,0.006,1239.0,0.009,490.0,119.0,0.04739,-0.14291,-0.00612,0.00268,-0.06074
7926.0,SYN.BTC-25OCT19,1570359540368,open,0.26,16.3,0.23,0.273,0.25125139,93.58,0.27,0.0,BTC-25OCT19-6000-C,7925.17,0.0,0.2345,6.0,0.2685,6.0,133.45,2.64413,-6.55468,2.74684,9e-05,0.9214
7925.7,SYN.BTC-18OCT19,1570359540395,open,0.0,5.3,0.0005,0.011,0.00149956,89.64,0.0015,0.0,BTC-18OCT19-11000-C,7925.17,76.98,0.0005,15.5,0.0025,33.4,97.45,0.85812,-3.23874,0.06269,5e-05,0.02581
7926.0,SYN.BTC-25OCT19,1570359540399,open,0.0,923.8,0.0005,0.0105,0.00046045,125.0,0.001,0.0,BTC-25OCT19-17000-C,7925.17,0.0,0.0,0.0,0.001,20.5,136.09,0.28401,-0.9404,0.02069,1e-05,0.00551
7925.39,SYN.BTC-11OCT19,1570359540410,open,0.19,1.9,0.1755,0.2275,0.19992752,83.63,0.1905,0.0,BTC-11OCT19-9500-P,7925.17,0.0,0.1815,2.0,0.221,2.0,174.96,0.68932,-5.91213,-1.23446,0.0001,-0.96611
7927.55,SYN.BTC-29NOV19,1570359540426,open,0.01,107.3,0.0045,0.03,0.01475454,96.18,0.014,0.0,BTC-29NOV19-5000-P,7925.17,93.85,0.0135,27.5,0.016,9.0,98.4,4.3576,-3.88954,-1.06263,5e-05,-0.07606
7926.0,SYN.BTC-25OCT19,1570359540432,open,0.0,421.4,0.0005,0.0105,0.00099972,117.05,0.0015,0.0,BTC-25OCT19-15000-C,7925.17,108.1,0.0005,39.0,0.0015,17.0,123.22,0.55515,-1.72133,0.0443,1e-05,0.01181
7927.54,SYN.BTC-29NOV19,1570359540462,open,0.07,95.2,0.0405,0.104,0.07214299,79.01,0.0705,0.0,BTC-29NOV19-9000-C,7925.17,75.86,0.0675,7.5,0.073,17.5,79.59,11.72762,-8.59951,3.77834,0.00016,0.39504
7925.69,SYN.BTC-18OCT19,1570359540500,open,0.09,0.0,0.065,0.123,0.09401796,66.57,None,0.0,BTC-18OCT19-8500-P,7925.17,64.14,0.0925,5.0,0.1015,5.0,78.2,4.97558,-13.94631,-2.04586,0.00037,-0.69934
7927.54,SYN.BTC-29NOV19,1570359540550,open,0.01,20.5,0.0005,0.015,0.00499806,87.21,0.008,0.0,BTC-29NOV19-15000-C,7925.17,84.08,0.004,16.0,0.006,7.5,90.0,2.69421,-2.18069,0.42491,3e-05,0.04131
7925.38,SYN.BTC-11OCT19,1570359540556,open,0.0,110.7,0.0005,0.0105,0.00022012,125.0,0.0005,0.0,BTC-11OCT19-5500-P,7925.17,138.04,0.0005,47.8,0.001,22.0,152.03,0.12412,-1.59102,-0.00515,1e-05,-0.00465
7927.54,SYN.BTC-29NOV19,1570359540562,open,0.52,0.0,0.49,0.573,0.52969577,80.8,None,0.0,BTC-29NOV19-12000-P,7925.17,0.0,0.0005,2.0,0.0,0.0,0.0,6.05537,-4.5409,-16.5076,8e-05,-0.88104
7925.69,SYN.BTC-18OCT19,1570359540568,open,0.19,0.0,0.165,0.2085,0.18638358,85.37,None,0.0,BTC-18OCT19-6500-C,7925.17,0.0,0.167,5.0,0.204,5.0,131.5,2.24713,-8.07663,1.87593,0.00013,0.91385
7927.54,SYN.BTC-29NOV19,1570359540580,open,0.76,0.0,0.733,0.817,0.77273216,84.17,None,0.0,BTC-29NOV19-14000-P,7925.17,0.0,0.0,0.0,0.0,0.0,0.0,3.39491,-2.65201,-20.09826,4e-05,-0.94486
7925.38,SYN.BTC-11OCT19,1570359540600,open,0.0,156.4,0.0005,0.0105,0.00027362,125.0,0.0005,0.0,BTC-11OCT19-11500-C,7925.17,0.0,0.0,0.0,0.001,10.0,146.55,0.15873,-2.03475,0.0062,2e-05,0.00613
7926.0,SYN.BTC-25OCT19,1570359540645,open,0.88,0.0,0.8555,0.9355,0.89349972,116.97,None,0.0,BTC-25OCT19-15000-P,7925.17,0.0,0.0,0.0,0.0,0.0,0.0,0.55295,-1.71331,-7.71303,1e-05,-0.98825
7925.38,SYN.BTC-11OCT19,1570359540655,open,0.03,159.3,0.007,0.0485,0.02704304,68.07,0.0235,0.0,BTC-11OCT19-8000-C,7925.17,61.45,0.024,7.5,0.028,5.4,70.15,3.64268,-25.42904,0.46706,0.00064,0.46821
7925.38,SYN.BTC-11OCT19,1570359540665,open,0.25,0.1,0.228,0.263,0.2442346,125.02,0.26,0.0,BTC-11OCT19-6000-C,7925.17,0.0,0.232,4.0,0.256,4.0,209.62,0.49618,-6.36144,0.77593,5e-05,0.97716
7926.0,SYN.BTC-25OCT19,1570359540805,open,0.0,421.4,0.0005,0.0105,0.0009997,117.05,0.0015,0.0,BTC-25OCT19-15000-C,7925.17,108.1,0.0005,32.0,0.0015,17.0,123.22,0.55515,-1.72133,0.0443,1e-05,0.01181
7925.38,SYN.BTC-11OCT19,1570359540848,open,0.1,0.1,0.0835,0.137,0.10944711,73.61,0.1075,0.0,BTC-11OCT19-8750-P,7925.17,73.83,0.1095,0.1,0.1145,5.1,91.56,1.94971,-14.71788,-1.03569,0.00032,-0.86884
7925.38,SYN.BTC-11OCT19,1570359540926,open,0.16,0.0,0.1315,0.175,0.1525577,101.51,None,0.0,BTC-11OCT19-6750-C,7925.17,0.0,0.1355,4.0,0.168,4.0,165.35,1.32036,-13.74519,0.81585,0.00016,0.92319
173.28,SYN.ETH-25OCT19,1570359540945,open,0.0,4090.0,0.001,0.013,0.003404,135.19,0.003,0.0,ETH-25OCT19-100-P,173.22,111.13,0.001,3299.0,0.005,350.0,145.52,0.02386,-0.08545,-0.00264,0.00114,-0.02608
173.28,SYN.ETH-25OCT19,1570359540952,open,0.0,4090.0,0.001,0.013,0.003404,135.19,0.003,0.0,ETH-25OCT19-100-P,173.22,111.13,0.001,3639.0,0.005,350.0,145.52,0.02386,-0.08545,-0.00264,0.00114,-0.02608
7925.38,SYN.BTC-11OCT19,1570359540970,open,0.0,40.3,0.0005,0.0105,0.00049979,105.42,0.001,0.0,BTC-11OCT19-10500-C,7925.17,0.0,0.0,0.0,0.001,10.3,115.98,0.29217,-3.15868,0.01249,3e-05,0.01229
7926.0,SYN.BTC-25OCT19,1570359540980,open,0.15,9.3,0.114,0.1685,0.14208164,80.25,0.165,0.0,BTC-25OCT19-7000-C,7925.17,71.73,0.1365,6.0,0.1415,5.0,79.38,5.33749,-11.34576,2.61457,0.0002,0.77996
7926.0,SYN.BTC-25OCT19,1570359540982,open,0.38,27.9,0.3615,0.4255,0.39183225,84.2,0.35,0.0,BTC-25OCT19-11000-P,7925.17,0.0,0.3695,3.0,0.415,3.0,136.52,1.94848,-4.3457,-5.48751,7e-05,-0.94695
7927.54,SYN.BTC-29NOV19,1570359541006,open,0.01,1019.1,0.001,0.026,0.01074617,83.35,0.0145,0.0,BTC-29NOV19-13000-C,7925.17,81.16,0.0095,15.0,0.012,35.5,85.42,4.65974,-3.60438,0.84667,6e-05,0.0831
7925.38,SYN.BTC-11OCT19,1570359541023,open,0.03,334.9,0.0135,0.061,0.03645607,68.07,0.0385,0.0,BTC-11OCT19-8000-P,7925.17,65.99,0.0355,0.4,0.0395,0.4,74.69,3.64267,-25.4276,-0.60159,0.00064,-0.53179
7925.38,SYN.BTC-11OCT19,1570359541054,open,0.0,55.5,0.0005,0.011,0.00129437,125.0,0.0015,0.0,BTC-11OCT19-6000-P,7925.17,119.92,0.001,0.5,0.002,1.1,134.82,0.49588,-6.35649,-0.02553,5e-05,-0.02282
8005.89,BTC-27MAR20,1570359541063,open,0.01,22.4,0.0025,0.0325,0.01224569,105.38,0.016,0.0,BTC-27MAR20-34000-C,7925.17,103.61,0.011,4.0,0.0135,5.0,107.06,5.80897,-1.77053,1.48472,2e-05,0.0514
7925.38,SYN.BTC-11OCT19,1570359541092,open,0.44,0.0,0.423,0.483,0.45130486,124.88,None,0.0,BTC-11OCT19-11500-P,7925.17,0.0,0.002,2.0,0.0,0.0,0.0,0.15769,-2.01931,-1.53002,2e-05,-0.99392
7926.0,SYN.BTC-25OCT19,1570359541103,open,0.04,607.7,0.02,0.0695,0.04375623,76.28,0.045,0.0,BTC-25OCT19-7500-P,7925.17,73.57,0.0415,20.0,0.046,7.5,78.96,6.62389,-13.38368,-1.58386,0.00027,-0.34266
173.28,SYN.ETH-25OCT19,1570359541104,open,0.01,3250.0,0.001,0.019,0.007526,113.84,0.007,0.0,ETH-25OCT19-120-P,173.22,107.95,0.006,1039.0,0.009,490.0,119.0,0.04739,-0.14291,-0.00612,0.00268,-0.06074
7928.75,BTC-27DEC19,1570359541113,open,0.22,53.6,0.175,0.253,0.21586627,85.05,0.2255,0.0,BTC-27DEC19-7000-C,7925.17,82.11,0.211,20.0,0.2195,20.0,87.24,13.1496,-6.82986,8.5255,0.00011,0.69522
7928.75,BTC-27DEC19,1570359541113,open,0.04,722.3,0.015,0.0675,0.03848648,84.99,0.038,0.0,BTC-27DEC19-12000-C,7925.17,84.25,0.0375,5.0,0.0395,7.2,85.74,10.63101,-5.51758,2.93943,9e-05,0.20376
7928.75,BTC-27DEC19,1570359541113,open,0.07,393.8,0.042,0.108,0.07451691,86.64,0.075,0.0,BTC-27DEC19-6500-P,7925.17,84.95,0.072,16.0,0.077,29.0,88.3,11.81259,-6.24983,-5.68792,0.0001,-0.24529
7928.75,BTC-27DEC19,1570359541113,open,0.54,74.2,0.503,0.6035,0.55195445,84.98,0.496,0.0,BTC-27DEC19-12000-P,7925.17,0.0,0.5105,3.0,0.585,3.0,107.16,10.62992,-5.51646,-23.97902,9e-05,-0.79628
7928.75,BTC-27DEC19,1570359541113,open,0.0,709.7,0.0005,0.0115,0.0017492,110.59,0.002,0.0,BTC-27DEC19-30000-C,7925.17,104.16,0.001,20.1,0.0025,11.5,115.26,1.1172,-0.75454,0.17068,1e-05,0.01135
7925.69,SYN.BTC-18OCT19,1570359541119,open,0.14,0.0,0.1175,0.1755,0.14604357,68.78,0.124,0.0,BTC-18OCT19-9000-P,7925.17,0.0,0.121,4.0,0.171,4.0,113.48,3.58877,-10.39265,-2.52238,0.00026,-0.83211
7928.75,BTC-27DEC19,1570359541121,open,2.26,0.0,2.2155,2.355,2.28192936,106.25,None,0.0,BTC-27DEC19-26000-P,7925.17,0.0,0.0065,0.2,2.8815,0.2,500.0,1.62314,-1.05322,-58.05955,1e-05,-0.9825
7928.75,BTC-27DEC19,1570359541136,open,2.76,0.2,2.71,2.8675,2.78541913,110.39,2.03,0.0,BTC-27DEC19-30000-P,7925.17,0.0,0.0005,1.0,0.0,0.0,0.0,1.10406,-0.74428,-67.12663,1e-05,-0.98881
7928.75,BTC-27DEC19,1570359541138,open,5.01,0.0,4.9355,5.18,5.05433423,123.91,None,0.0,BTC-27DEC19-48000-P,7925.17,0.0,0.001,1.0,0.0,0.0,0.0,0.31868,-0.24114,-107.63047,0.0,-0.99724
7925.38,SYN.BTC-11OCT19,1570359541147,open,0.25,1.6,0.2375,0.2915,0.26276593,98.97,0.26,0.0,BTC-11OCT19-10000-P,7925.17,0.0,0.244,2.0,0.285,2.0,206.13,0.51915,-5.26881,-1.31135,6e-05,-0.9759
8005.89,BTC-27MAR20,1570359541172,open,2.74,0.0,2.6775,2.858,2.76244359,102.22,None,0.0,BTC-27MAR20-30000-P,7924.28,0.0,0.0035,1.0,0.0,0.0,0.0,6.86066,-2.02838,-140.25812,2e-05,-0.9365
8005.89,BTC-27MAR20,1570359541172,open,0.02,102.7,0.0035,0.038,0.01524468,102.27,0.018,0.0,BTC-27MAR20-30000-C,7924.28,100.79,0.014,2.0,0.0165,5.0,103.7,6.87189,-2.03268,1.83496,2e-05,0.06364
8005.89,BTC-27MAR20,1570359541172,open,0.04,156.8,0.0155,0.077,0.04198809,91.06,0.045,0.0,BTC-27MAR20-18000-C,7924.28,89.57,0.0395,5.0,0.0445,12.0,92.52,13.60465,-3.58291,4.61348,5e-05,0.16366
8005.89,BTC-27MAR20,1570359541172,open,0.04,290.6,0.011,0.065,0.03323758,92.87,0.034,0.0,BTC-27MAR20-20000-C,7924.28,90.98,0.0305,13.0,0.036,18.0,94.7,11.83236,-3.17815,3.77775,4e-05,0.13287
8005.89,BTC-27MAR20,1570359541172,open,0.1,236.9,0.064,0.143,0.10328801,87.08,0.1,0.0,BTC-27MAR20-6000-P,7924.28,85.7,0.1005,24.0,0.106,0.1,88.42,16.20383,-4.08096,-12.16099,6e-05,-0.21743
8005.89,BTC-27MAR20,1570359541172,open,0.02,101.2,0.005,0.0445,0.01949295,98.49,0.0225,0.0,BTC-27MAR20-26000-C,7924.28,97.01,0.018,0.1,0.021,13.0,99.92,8.26135,-2.35322,2.32881,3e-05,0.08091
8005.89,BTC-27MAR20,1570359541173,open,0.22,212.1,0.1735,0.283,0.22963633,85.0,0.225,0.0,BTC-27MAR20-8000-P,7924.28,83.24,0.225,4.2,0.2345,9.0,86.85,21.05246,-5.1756,-23.28615,8e-05,-0.38447
8005.89,BTC-27MAR20,1570359541173,open,2.0,0.0,1.946,2.1035,2.02000142,96.15,None,0.0,BTC-27MAR20-24000-P,7924.28,0.0,0.0015,1.0,0.0,0.0,0.0,9.09783,-2.53006,-111.0235,3e-05,-0.90795
8005.89,BTC-27MAR20,1570359541173,open,0.01,551.7,0.0005,0.029,0.0102463,110.99,0.011,0.0,BTC-27MAR20-40000-C,7924.28,109.76,0.0095,0.3,0.011,1.0,112.17,4.97168,-1.59593,1.21684,1e-05,0.04234
8005.89,BTC-27MAR20,1570359541173,open,0.15,176.3,0.101,0.202,0.15287257,85.29,0.165,0.0,BTC-27MAR20-10000-C,7924.28,84.61,0.151,6.3,0.1575,9.0,86.98,21.90065,-5.40272,11.87245,8e-05,0.46598
7928.75,BTC-27DEC19,1570359541173,open,0.0,458.1,0.0005,0.0125,0.00274876,106.37,0.0025,0.0,BTC-27DEC19-26000-C,7924.28,102.33,0.002,0.5,0.0035,10.0,109.72,1.63332,-1.06102,0.2647,1e-05,0.01763
8005.89,BTC-27MAR20,1570359541173,open,0.02,141.5,0.006,0.049,0.02224233,96.18,0.0265,0.0,BTC-27MAR20-24000-C,7924.28,94.15,0.02,28.0,0.0245,13.0,98.12,9.10525,-2.5329,2.65075,3e-05,0.09215
7928.75,BTC-27DEC19,1570359541173,open,0.1,238.7,0.0615,0.136,0.09872259,85.05,0.0955,0.0,BTC-27DEC19-7000-P,7924.28,83.41,0.096,16.0,0.1015,28.0,86.72,13.14957,-6.82952,-7.17654,0.00011,-0.30478
8005.89,BTC-27MAR20,1570359541173,open,0.59,44.4,0.5375,0.6715,0.6045996,86.74,0.59,0.0,BTC-27MAR20-12000-P,7924.28,82.95,0.595,1.5,0.62,3.5,92.7,20.45311,-5.131,-47.49127,8e-05,-0.64786
8005.89,BTC-27MAR20,1570359541173,open,2.98,0.0,2.922,3.1105,3.01075243,103.99,None,0.0,BTC-27MAR20-32000-P,7924.28,0.0,0.004,1.0,0.0,0.0,0.0,6.32672,-1.90284,-149.91041,2e-05,-0.94274
7927.86,BTC-27DEC19,1570359541173,open,0.0,648.0,0.0005,0.013,0.00324851,102.76,0.005,0.0,BTC-27DEC19-24000-C,7924.28,96.67,0.002,54.0,0.0045,16.0,107.43,1.89887,-1.19167,0.31665,1e-05,0.02105
8005.89,BTC-27MAR20,1570359541173,open,1.27,0.0,1.2225,1.3645,1.29030732,91.04,0.8095,0.0,BTC-27MAR20-18000-P,7924.28,0.0,1.238,1.0,1.3325,1.0,112.43,13.60113,-3.5814,-80.6418,5e-05,-0.83641
7927.86,BTC-27DEC19,1570359541173,open,0.01,344.4,0.0005,0.0195,0.00850315,110.2,0.008,0.0,BTC-27DEC19-3500-P,7924.28,108.76,0.008,20.0,0.009,1.0,111.58,2.82016,-1.89787,-0.75251,2e-05,-0.03381
7927.86,BTC-27DEC19,1570359541173,open,0.4,66.8,0.3705,0.423,0.39664873,94.28,0.4155,0.0,BTC-27DEC19-5000-C,7924.28,68.96,0.3785,8.0,0.419,8.0,117.8,6.81087,-3.92152,8.86875,5e-05,0.89535
7927.86,BTC-27DEC19,1570359541173,open,0.43,260.6,0.3905,0.491,0.44033106,83.61,0.4475,0.0,BTC-27DEC19-11000-P,7924.28,50.49,0.3985,3.0,0.4805,3.0,107.74,12.29006,-6.2749,-20.90799,0.0001,-0.73536
7927.86,BTC-27DEC19,1570359541173,open,5.52,0.8,5.43,5.694,5.55865575,0.0,3.59,0.0,BTC-27DEC19-52000-P,7924.28,0.0,0.0015,1.0,0.0,0.0,0.0,0.0,0.0,-116.64482,0.0,-1.0
7927.86,BTC-27DEC19,1570359541173,open,0.01,474.5,0.0035,0.0275,0.01325519,104.77,0.012,0.0,BTC-27DEC19-4000-P,7924.28,102.22,0.012,40.0,0.0145,10.0,107.19,3.98914,-2.55231,-1.15866,3e-05,-0.0519
7927.86,BTC-27DEC19,1570359541173,open,0.0,86.3,0.0005,0.0105,0.00097167,124.99,0.0005,0.0,BTC-27DEC19-2000-P,7924.28,125.45,0.001,1.0,0.0015,1.1,132.46,0.48092,-0.36708,-0.0949,0.0,-0.00436
8005.89,BTC-27MAR20,1570359541173,open,0.01,48.1,0.001,0.03,0.01099606,106.64,0.011,0.0,BTC-27MAR20-36000-C,7924.28,104.3,0.0095,8.5,0.0125,5.5,108.8,5.34744,-1.64935,1.34031,2e-05,0.04634
7927.86,BTC-27DEC19,1570359541173,open,0.33,498.1,0.2865,0.3865,0.33667911,83.27,0.307,0.0,BTC-27DEC19-10000-P,7924.28,80.3,0.3315,9.0,0.348,13.0,89.67,13.87418,-7.05556,-17.58757,0.00012,-0.6523
7927.86,BTC-27DEC19,1570359541174,open,0.75,0.0,0.739,0.7585,0.74872701,125.48,None,0.0,BTC-27DEC19-2000-C,7924.28,0.0,0.02,2.0,0.928,0.5,500.0,0.49107,-0.37631,4.38907,0.0,0.99553
7927.86,BTC-27DEC19,1570359541173,open,0.9,210.2,0.86,0.961,0.9075785,88.1,0.905,0.0,BTC-27DEC19-15000-P,7924.28,0.0,0.868,2.0,0.9475,2.0,124.01,6.27083,-3.37361,-32.26124,5e-05,-0.90653
7927.86,BTC-27DEC19,1570359541173,open,0.57,4.0,0.5525,0.584,0.56707499,110.35,0.666,0.0,BTC-27DEC19-3500-C,7924.28,0.0,0.021,1.1,0.937,1.0,500.0,2.82922,-1.90654,7.09529,2e-05,0.96606
7927.86,BTC-27DEC19,1570359541173,open,0.26,61.0,0.2165,0.29,0.25472176,86.68,0.3,0.0,BTC-27DEC19-6500-C,7924.28,66.46,0.2255,7.0,0.2845,7.0,106.33,11.81459,-6.25391,8.88929,0.0001,0.75458
7927.86,BTC-27DEC19,1570359541173,open,0.0,545.7,0.0005,0.0105,0.00099955,122.6,0.001,0.0,BTC-27DEC19-40000-C,7924.28,114.99,0.0005,1.0,0.0015,20.0,127.72,0.66328,-0.49662,0.09363,0.0,0.00626
7925.69,SYN.BTC-18OCT19,1570359541173,open,0.09,2.0,0.0545,0.107,0.08171204,71.99,0.1,0.0,BTC-18OCT19-7500-C,7924.28,61.31,0.075,6.0,0.083,15.0,74.01,5.05802,-15.33125,1.56333,0.00034,0.68795
7926.0,SYN.BTC-25OCT19,1570359541172,open,0.1,28.0,0.068,0.125,0.09750623,76.28,0.1175,0.0,BTC-25OCT19-7500-C,7924.28,69.06,0.0915,22.0,0.0975,15.0,76.27,6.62391,-13.38433,2.29468,0.00027,0.65734
7926.0,SYN.BTC-25OCT19,1570359541172,open,0.01,105.7,0.003,0.03,0.01375276,84.84,0.015,0.0,BTC-25OCT19-6500-P,7924.28,82.19,0.0125,38.0,0.015,25.0,87.38,3.82082,-8.58635,-0.59081,0.00014,-0.13039
7925.38,SYN.BTC-11OCT19,1570359541172,open,0.19,0.2,0.1635,0.2055,0.18335136,114.35,0.17,0.0,BTC-11OCT19-6500-C,7924.28,0.0,0.1675,4.0,0.197,4.0,180.21,1.07179,-12.5685,0.80248,0.00011,0.94136
7927.86,BTC-27DEC19,1570359541174,open,0.3,121.1,0.263,0.3305,0.29778295,88.5,0.3295,0.0,BTC-27DEC19-6000-C,7924.28,69.84,0.275,11.0,0.3255,7.0,109.22,10.22112,-5.52373,9.09179,8e-05,0.80903
7927.86,BTC-27DEC19,1570359541174,open,0.66,99.0,0.6195,0.719,0.66707992,85.35,0.638,0.0,BTC-27DEC19-13000-P,7924.28,0.0,0.627,2.0,0.7065,2.0,114.51,8.89199,-4.63478,-26.91582,7e-05,-0.84644
7927.86,BTC-27DEC19,1570359541174,open,0.24,640.9,0.1935,0.2905,0.24298449,83.29,0.2335,0.0,BTC-27DEC19-9000-P,7924.28,79.29,0.2355,9.0,0.246,9.0,84.9,14.86423,-7.56058,-14.09246,0.00013,-0.54946
7927.86,BTC-27DEC19,1570359541174,open,5.01,0.0,4.9355,5.18,5.05433423,0.0,None,0.0,BTC-27DEC19-48000-P,7924.28,0.0,0.001,1.0,0.0,0.0,0.0,0.0,0.0,-107.67215,0.0,-1.0
7927.86,BTC-27DEC19,1570359541174,open,0.46,4.1,0.4295,0.476,0.45220571,100.01,0.578,0.0,BTC-27DEC19-4500-C,7924.28,0.0,0.0125,1.1,0.8845,1.0,500.0,5.36958,-3.27934,8.39,4e-05,0.92399
8005.0,BTC-27MAR20,1570359541174,open,3.23,0.0,3.1665,3.363,3.25907114,104.66,None,0.0,BTC-27MAR20-34000-P,7924.28,0.0,0.0045,1.0,0.0,0.0,0.0,5.65464,-1.71171,-159.59513,2e-05,-0.9503
7927.86,BTC-27DEC19,1570359541174,open,0.0,495.4,0.0005,0.012,0.00224898,109.02,0.0015,0.0,BTC-27DEC19-28000-C,7924.28,104.07,0.0015,8.8,0.003,10.0,112.92,1.37477,-0.91528,0.21649,1e-05,0.01442
7927.86,BTC-27DEC19,1570359541174,open,0.01,766.3,0.0005,0.0175,0.00574743,96.75,0.0055,0.0,BTC-27DEC19-20000-C,7924.28,94.7,0.005,18.3,0.0065,16.0,98.66,3.01716,-1.78274,0.55067,2e-05,0.03671
8005.0,BTC-27MAR20,1570359541174,open,3.47,0.0,3.411,3.616,3.50765154,105.84,None,0.0,BTC-27MAR20-36000-P,7924.28,0.0,0.005,1.0,0.0,0.0,0.0,5.18202,-1.58625,-169.21423,2e-05,-0.95543
7927.86,BTC-27DEC19,1570359541174,open,0.77,268.3,0.739,0.8395,0.78670439,87.12,0.7205,0.0,BTC-27DEC19-14000-P,7924.28,0.0,0.7465,2.0,0.826,2.0,119.18,7.53893,-4.01106,-29.62867,6e-05,-0.87937
7927.86,BTC-27DEC19,1570359541174,open,0.03,430.2,0.009,0.0525,0.02748961,85.53,0.026,0.0,BTC-27DEC19-13000-C,7924.28,84.19,0.026,37.0,0.029,0.2,86.85,8.91847,-4.65811,2.25419,7e-05,0.15425
7927.86,BTC-27DEC19,1570359541174,open,0.0,442.3,0.0005,0.0105,0.00059796,122.6,0.0005,0.0,BTC-27DEC19-44000-C,7924.28,0.0,0.0,0.0,0.001,7.9,128.57,0.43436,-0.32522,0.05863,0.0,0.0039
7927.86,BTC-27DEC19,1570359541174,open,0.51,31.1,0.4905,0.529,0.50876587,104.89,0.6265,0.0,BTC-27DEC19-4000-C,7924.28,0.0,0.019,1.2,0.539,0.2,150.25,3.99753,-2.56061,7.8105,3e-05,0.94796
7927.86,BTC-27DEC19,1570359541174,open,0.04,350.7,0.0175,0.0645,0.03926305,91.2,0.0375,0.0,BTC-27DEC19-5500-P,7924.28,90.02,0.038,30.0,0.0405,10.0,92.35,8.51884,-4.74457,-3.25934,7e-05,-0.14402
7927.86,BTC-27DEC19,1570359541174,open,0.0,1542.5,0.0005,0.0105,0.00029453,125.01,0.0005,0.0,BTC-27DEC19-52000-C,7924.28,0.0,0.0,0.0,0.001,10.0,138.87,0.23627,-0.18037,0.03003,0.0,0.00198
7927.86,BTC-27DEC19,1570359541174,open,2.01,0.0,1.968,2.0985,2.03018446,101.19,None,0.0,BTC-27DEC19-24000-P,7924.28,0.0,0.0085,0.2,2.641,0.2,499.87,1.75223,-1.08278,-53.54683,1e-05,-0.98085
7927.86,BTC-27DEC19,1570359541174,open,0.0,228.3,0.0005,0.013,0.00300116,124.2,0.003,0.0,BTC-27DEC19-2500-P,7924.28,120.63,0.0025,37.0,0.0035,1.0,127.41,1.17568,-0.89174,-0.26739,1e-05,-0.01203
7927.86,BTC-27DEC19,1570359541175,open,0.0,399.8,0.0005,0.0155,0.00474791,101.5,0.0065,0.0,BTC-27DEC19-22000-C,7924.28,99.04,0.004,5.0,0.0055,16.0,103.73,2.54551,-1.57786,0.44672,2e-05,0.02987
7927.86,BTC-27DEC19,1570359541175,open,4.01,0.0,3.9465,4.1525,4.0458928,112.67,2.58,0.0,BTC-27DEC19-40000-P,7924.28,0.0,0.0015,1.0,0.0,0.0,0.0,0.3265,-0.22465,-89.68339,0.0,-0.99716
7926.0,SYN.BTC-25OCT19,1570359541173,open,1.13,0.0,1.103,1.191,1.14529379,124.82,None,0.0,BTC-25OCT19-17000-P,7924.28,0.0,0.0,0.0,0.0,0.0,0.0,0.28106,-0.9293,-8.77097,1e-05,-0.99456
7927.86,BTC-27DEC19,1570359541175,open,3.01,0.3,2.957,3.124,3.03741391,108.54,1.875,0.0,BTC-27DEC19-32000-P,7924.28,0.0,0.0025,1.0,0.0,0.0,0.0,0.73156,-0.4849,-71.67503,0.0,-0.993
7927.86,BTC-27DEC19,1570359541175,open,0.0,342.0,0.0005,0.0105,0.00046234,125.01,0.0005,0.0,BTC-27DEC19-48000-C,7924.28,0.0,0.0,0.0,0.0015,10.0,139.38,0.34561,-0.26384,0.04549,0.0,0.00302
7927.54,SYN.BTC-29NOV19,1570359541172,open,0.89,0.0,0.856,0.943,0.89712456,87.18,None,0.0,BTC-29NOV19-15000-P,7924.28,0.0,0.0,0.0,0.0,0.0,0.0,2.69035,-2.1767,-21.7165,3e-05,-0.95876
7927.86,BTC-27DEC19,1570359541175,open,0.69,0.0,0.678,0.698,0.68769534,124.46,None,0.0,BTC-27DEC19-2500-C,7924.28,0.0,0.021,1.1,0.9175,0.5,500.0,1.18473,-0.90044,5.33797,1e-05,0.98786
7927.86,BTC-27DEC19,1570359541175,open,0.01,454.8,0.0005,0.0155,0.00575178,118.81,0.0045,0.0,BTC-27DEC19-3000-P,7924.28,115.7,0.005,20.0,0.0065,10.0,121.68,1.99374,-1.44655,-0.49894,1e-05,-0.0223
7927.86,BTC-27DEC19,1570359541175,open,0.02,657.3,0.004,0.0355,0.01574353,88.38,0.015,0.0,BTC-27DEC19-15000-C,7924.28,86.79,0.0145,35.0,0.017,17.1,89.93,6.31736,-3.40966,1.39901,5e-05,0.09441
7927.86,BTC-27DEC19,1570359541175,open,0.08,520.1,0.0405,0.1115,0.0754558,83.36,0.0775,0.0,BTC-27DEC19-10000-C,7924.28,81.67,0.0725,19.0,0.0775,0.2,84.53,13.8786,-7.06512,4.84679,0.00012,0.348
7927.86,BTC-27DEC19,1570359541175,open,0.0,237.9,0.0005,0.0105,0.00018105,124.99,0.0005,0.0,BTC-27DEC19-1500-P,7924.28,138.96,0.0005,5.1,0.001,7.9,151.09,0.11949,-0.09121,-0.01994,0.0,-0.00094
7927.86,BTC-27DEC19,1570359541175,open,0.35,73.3,0.315,0.3755,0.34559023,91.28,0.491,0.0,BTC-27DEC19-5500-C,7924.28,0.0,0.007,2.1,0.4875,1.0,203.95,8.52367,-4.75128,9.07446,7e-05,0.85586
7927.86,BTC-27DEC19,1570359541175,open,2.51,0.1,2.4625,2.6115,2.53367425,106.4,1.49,0.0,BTC-27DEC19-28000-P,7924.28,0.0,0.0005,1.0,0.0,0.0,0.0,1.18634,-0.77083,-62.62497,1e-05,-0.98784
7927.86,BTC-27DEC19,1570359541175,open,0.02,499.7,0.007,0.0375,0.0197562,99.91,0.019,0.0,BTC-27DEC19-4500-P,7924.28,98.78,0.019,50.0,0.0205,10.0,101.0,5.36216,-3.27152,-1.70061,4e-05,-0.07587
7927.86,BTC-27DEC19,1570359541175,open,1.02,22.0,0.982,1.0845,1.0302021,89.46,1.0275,0.0,BTC-27DEC19-16000-P,7924.28,0.0,0.42,0.2,1.691,0.2,500.0,5.26974,-2.87892,-34.78531,4e-05,-0.92584
7927.86,BTC-27DEC19,1570359541175,open,0.0,336.6,0.0005,0.011,0.00149931,113.05,0.0015,0.0,BTC-27DEC19-32000-C,7924.28,101.39,0.0005,73.0,0.0025,10.0,119.77,0.97335,-0.672,0.14561,1e-05,0.00969
7927.86,BTC-27DEC19,1570359541175,open,3.51,1.3,3.4515,3.6385,3.54165336,112.1,2.2,0.0,BTC-27DEC19-36000-P,7924.28,0.0,0.0105,0.3,0.0,0.0,0.0,0.53073,-0.36331,-80.67998,0.0,-0.99513
7927.86,BTC-27DEC19,1570359541175,open,0.81,10.1,0.801,0.8205,0.81099756,126.43,0.8205,0.0,BTC-27DEC19-1500-C,7924.28,0.0,0.8035,12.0,0.82,12.0,218.1,0.13055,-0.10079,3.34272,0.0,0.99896
7927.54,SYN.BTC-29NOV19,1570359541172,open,0.28,0.0,0.2465,0.3045,0.275907,87.1,None,0.0,BTC-29NOV19-6000-C,7924.28,0.0,0.055,0.1,0.0,0.0,0.0,7.37123,-5.95869,6.61584,9e-05,0.8413
7927.86,BTC-27DEC19,1570359541176,open,0.16,611.1,0.1165,0.205,0.16168702,83.3,0.1555,0.0,BTC-27DEC19-8000-P,7924.28,81.32,0.158,12.0,0.1645,7.0,84.82,14.75364,-7.50546,-10.53669,0.00013,-0.43081
7925.69,SYN.BTC-18OCT19,1570359541173,open,0.01,129.6,0.0005,0.0185,0.00649929,85.36,0.005,0.0,BTC-18OCT19-6500-P,7924.28,79.76,0.005,20.5,0.008,32.5,90.41,2.24684,-8.07491,-0.23888,0.00013,-0.08614
7927.86,BTC-27DEC19,1570359541176,open,0.05,731.5,0.024,0.0855,0.05298542,83.71,0.051,0.0,BTC-27DEC19-11000-C,7924.28,82.1,0.0505,22.0,0.0555,34.0,85.32,12.3002,-6.28813,3.77157,0.0001,0.26507
7925.69,SYN.BTC-18OCT19,1570359541173,open,0.0,104.6,0.0005,0.0125,0.0029991,76.82,0.004,0.0,BTC-18OCT19-10000-C,7924.28,71.17,0.002,21.5,0.004,2.5,81.49,1.56438,-5.05967,0.13118,0.0001,0.05387
7927.86,BTC-27DEC19,1570359541176,open,0.05,1083.9,0.0275,0.084,0.05451694,88.42,0.0535,0.0,BTC-27DEC19-6000-P,7924.28,87.24,0.053,16.0,0.056,10.3,89.57,10.21788,-5.51759,-4.36386,8e-05,-0.19087
7927.86,BTC-27DEC19,1570359541176,open,0.63,0.0,0.6155,0.6415,0.62738479,118.99,None,0.0,BTC-27DEC19-3000-C,7924.28,0.0,0.007,1.2,0.9085,0.5,500.0,2.0025,-1.4551,6.22769,1e-05,0.97758
8005.0,BTC-27MAR20,1570359541176,open,3.97,1.0,3.9005,4.125,4.00653031,110.02,2.7125,0.0,BTC-27MAR20-40000-P,7924.28,0.0,0.0055,1.0,0.0,0.0,0.0,4.78499,-1.52262,-188.28745,1e-05,-0.95961
7927.86,BTC-27DEC19,1570359541176,open,0.0,594.7,0.0005,0.011,0.00124944,118.57,0.0015,0.0,BTC-27DEC19-36000-C,7924.28,108.62,0.0005,607.0,0.002,10.0,124.68,0.81366,-0.58916,0.11821,0.0,0.0079
7927.86,BTC-27DEC19,1570359541176,open,0.02,598.1,0.006,0.0435,0.02099175,87.35,0.021,0.0,BTC-27DEC19-14000-C,7924.28,86.3,0.02,1.0,0.022,17.1,88.39,7.57454,-4.04027,1.78636,6e-05,0.12144
7927.86,BTC-27DEC19,1570359541176,open,0.03,890.8,0.0105,0.0485,0.02726038,94.2,0.025,0.0,BTC-27DEC19-5000-P,7924.28,93.31,0.0265,34.0,0.028,0.2,95.05,6.80441,-3.91414,-2.34332,5e-05,-0.10451
7927.86,BTC-27DEC19,1570359541176,open,0.18,201.0,0.1395,0.22,0.18162276,83.86,0.2,0.0,BTC-27DEC19-7500-C,7924.28,81.27,0.177,12.0,0.185,17.0,85.75,14.1465,-7.24458,8.0168,0.00012,0.63242
7927.86,BTC-27DEC19,1570359541176,open,0.01,611.5,0.0005,0.0225,0.0082464,93.59,0.008,0.0,BTC-27DEC19-18000-C,7924.28,92.07,0.0075,21.0,0.009,10.0,95.06,3.97982,-2.27474,0.77358,3e-05,0.05175
7927.54,SYN.BTC-29NOV19,1570359541173,open,0.64,0.0,0.611,0.6945,0.65058914,83.33,None,0.0,BTC-29NOV19-13000-P,7924.28,0.0,0.0005,2.0,0.0,0.0,0.0,4.65744,-3.60185,-18.34245,6e-05,-0.91695
7927.86,BTC-27DEC19,1570359541177,open,0.01,364.3,0.0025,0.0295,0.01224481,89.82,0.012,0.0,BTC-27DEC19-16000-C,7924.28,87.91,0.011,41.0,0.0135,10.1,91.64,5.32728,-2.92213,1.12001,4e-05,0.07523
7927.86,BTC-27DEC19,1570359541177,open,0.16,338.8,0.1105,0.1915,0.15270838,83.37,0.159,0.0,BTC-27DEC19-8000-C,7924.28,82.18,0.1505,0.1,0.1555,27.0,84.87,14.7532,-7.51109,7.40772,0.00013,0.56926
7927.86,BTC-27DEC19,1570359541177,open,0.12,232.5,0.086,0.168,0.12754024,83.8,0.117,0.0,BTC-27DEC19-7500-P,7924.28,82.09,0.1245,16.0,0.1305,27.0,85.45,14.14672,-7.23921,-8.80526,0.00012,-0.3676
7926.0,SYN.BTC-25OCT19,1570359541173,open,0.51,37.4,0.485,0.5515,0.51625211,91.78,0.533,0.0,BTC-25OCT19-12000-P,7924.28,0.0,0.4935,2.0,0.545,2.0,165.01,1.22194,-2.97089,-6.09249,4e-05,-0.97013
7927.54,SYN.BTC-29NOV19,1570359541173,open,0.3,0.0,0.2625,0.3475,0.30469541,79.01,None,0.0,BTC-29NOV19-10000-P,7924.28,0.0,0.009,1.0,0.0,0.0,0.0,10.0672,-7.38159,-12.10947,0.00014,-0.73018
7926.0,SYN.BTC-25OCT19,1570359541172,open,0.11,20.0,0.0785,0.142,0.11056243,72.8,0.1005,0.0,BTC-25OCT19-8500-P,7924.28,71.56,0.1095,15.0,0.116,15.0,79.11,6.78791,-13.09036,-3.04734,0.00029,-0.6329
7926.0,SYN.BTC-25OCT19,1570359541174,open,0.0,389.0,0.0005,0.0115,0.00174948,102.05,0.0015,0.0,BTC-25OCT19-13000-C,7924.28,94.55,0.001,7.5,0.0025,33.0,107.65,0.94237,-2.54752,0.08259,3e-05,0.0219
7925.38,SYN.BTC-11OCT19,1570359541172,open,0.0,268.4,0.0005,0.012,0.00224916,82.29,0.003,0.0,BTC-11OCT19-9250-C,7924.28,76.02,0.0015,25.0,0.003,19.6,87.51,1.05314,-8.88745,0.05833,0.00015,0.05735
7927.54,SYN.BTC-29NOV19,1570359541172,open,0.19,0.0,0.1495,0.2175,0.18496547,81.72,None,0.0,BTC-29NOV19-7000-C,7924.28,77.55,0.1795,4.0,0.188,4.0,84.03,10.42609,-7.90768,6.1433,0.00014,0.70997
7925.38,SYN.BTC-11OCT19,1570359541172,open,0.1,5.1,0.0695,0.118,0.09421691,83.91,0.11,0.0,BTC-11OCT19-7250-C,7924.28,65.6,0.0895,5.0,0.094,0.1,83.16,2.28977,-19.70352,0.78235,0.00033,0.8332
7925.38,SYN.BTC-11OCT19,1570359541172,open,0.07,82.6,0.055,0.108,0.08125133,69.35,0.08,0.0,BTC-11OCT19-8500-P,7924.28,70.11,0.0815,0.1,0.086,6.0,83.03,2.58255,-18.36625,-0.93046,0.00044,-0.79764
7925.38,SYN.BTC-11OCT19,1570359541172,open,0.32,0.0,0.299,0.3545,0.3253544,105.36,None,0.0,BTC-11OCT19-10500-P,7924.28,0.0,0.0005,3.0,0.0,0.0,0.0,0.29126,-3.14701,-1.39015,3e-05,-0.98775
7926.0,SYN.BTC-25OCT19,1570359541173,open,0.0,373.8,0.0005,0.012,0.00224937,91.8,0.0025,0.0,BTC-25OCT19-12000-C,7924.28,90.12,0.002,10.0,0.0025,0.2,93.37,1.22255,-2.97277,0.11328,4e-05,0.02989
7926.0,SYN.BTC-25OCT19,1570359541173,open,0.01,831.4,0.0005,0.021,0.00825135,93.58,0.008,0.0,BTC-25OCT19-6000-P,7924.28,91.28,0.0075,0.1,0.009,25.0,95.78,2.64386,-6.55361,-0.35596,9e-05,-0.07859
7925.38,SYN.BTC-11OCT19,1570359541173,open,0.01,134.2,0.0005,0.0185,0.0054016,73.62,0.0045,0.0,BTC-11OCT19-8750-C,7924.28,71.96,0.005,0.1,0.006,12.5,76.0,1.94999,-14.7215,0.13317,0.00032,0.13119
7926.0,SYN.BTC-25OCT19,1570359541173,open,0.26,325.4,0.24,0.3035,0.27041733,77.76,0.2435,0.0,BTC-25OCT19-10000-P,7924.28,0.0,0.2445,3.0,0.277,9.9,91.28,3.39161,-6.9864,-4.75596,0.00013,-0.88989
7925.69,SYN.BTC-18OCT19,1570359541173,open,0.38,0.0,0.361,0.421,0.38938769,89.61,None,0.0,BTC-18OCT19-11000-P,7924.28,0.0,0.015,1.0,0.0,0.0,0.0,0.85693,-3.23317,-3.51639,5e-05,-0.97423
7925.69,SYN.BTC-18OCT19,1570359541173,open,0.01,81.4,0.0025,0.0295,0.01300177,76.5,0.011,0.0,BTC-18OCT19-7000-P,7924.28,71.93,0.011,28.5,0.015,30.5,80.84,3.56611,-11.48544,-0.46223,0.00023,-0.16625
7926.0,SYN.BTC-25OCT19,1570359541174,open,0.0,642.2,0.0005,0.0135,0.00399891,84.21,0.0045,0.0,BTC-25OCT19-11000-C,7924.28,82.11,0.0035,0.1,0.0045,0.5,86.18,1.94963,-4.34914,0.2012,7e-05,0.05309
7925.69,SYN.BTC-18OCT19,1570359541174,open,0.2,0.0,0.1765,0.2325,0.20338303,70.23,None,0.0,BTC-18OCT19-9500-P,7924.28,0.0,0.01,1.0,0.0,0.0,0.0,2.24086,-6.626,-2.88185,0.00016,-0.91417
7925.38,SYN.BTC-11OCT19,1570359541173,open,0.16,0.4,0.1445,0.197,0.16938455,82.29,0.155,0.0,BTC-11OCT19-9250-P,7924.28,0.0,0.151,3.2,0.1895,3.0,159.67,1.05303,-8.88619,-1.1773,0.00015,-0.94266
7927.54,SYN.BTC-29NOV19,1570359541172,open,0.03,62.7,0.0135,0.056,0.0327576,87.1,0.0315,0.0,BTC-29NOV19-6000-P,7924.28,85.74,0.0315,16.0,0.034,7.6,88.43,7.37094,-5.95812,-2.24027,9e-05,-0.1587
7926.0,SYN.BTC-25OCT19,1570359541174,open,0.06,389.2,0.0345,0.088,0.06171863,72.8,0.064,0.0,BTC-25OCT19-8000-C,7924.28,69.81,0.059,7.5,0.063,15.0,74.22,7.18811,-13.86245,1.84003,0.0003,0.51063
7926.0,SYN.BTC-25OCT19,1570359541173,open,0.07,1274.1,0.042,0.1,0.07105383,72.8,0.0735,0.0,BTC-25OCT19-8000-P,7924.28,71.64,0.07,15.0,0.0735,5.5,75.5,7.18811,-13.86221,-2.2971,0.0003,-0.48937
7927.54,SYN.BTC-29NOV19,1570359541173,open,0.2,10.5,0.165,0.249,0.20741889,79.01,0.19,0.0,BTC-29NOV19-9000-P,7924.28,67.07,0.19,8.0,1.1315,0.2,500.0,11.72751,-8.5989,-9.50615,0.00016,-0.60497
7925.38,SYN.BTC-11OCT19,1570359541173,open,0.0,31.8,0.0005,0.0165,0.00424994,101.5,0.0035,0.0,BTC-11OCT19-6750-P,7924.28,96.79,0.0035,25.5,0.005,7.6,105.84,1.32015,-13.74178,-0.0858,0.00016,-0.07679
7925.38,SYN.BTC-11OCT19,1570359541172,open,0.0,138.5,0.0005,0.015,0.00349954,114.34,0.004,0.0,BTC-11OCT19-6500-P,7924.28,110.5,0.003,0.5,0.004,1.0,117.92,1.07158,-12.56503,-0.06578,0.00011,-0.05863
7926.0,SYN.BTC-25OCT19,1570359541173,open,0.02,1139.7,0.0085,0.0465,0.0252483,80.24,0.025,0.0,BTC-25OCT19-7000-P,7924.28,78.38,0.024,2.0,0.0265,27.5,82.09,5.33737,-11.34495,-1.00538,0.0002,-0.22003
7925.38,SYN.BTC-11OCT19,1570359541172,open,0.01,311.6,0.0005,0.0245,0.00874847,69.35,0.009,0.0,BTC-11OCT19-8500-C,7924.28,67.02,0.008,50.0,0.0095,0.2,71.63,2.58258,-18.36673,0.20498,0.00044,0.20237
7925.69,SYN.BTC-18OCT19,1570359541174,open,0.01,37.9,0.0005,0.0155,0.00475043,70.23,0.0055,0.0,BTC-18OCT19-9500-C,7924.28,67.47,0.004,20.5,0.0055,0.1,72.79,2.24106,-6.62689,0.20911,0.00016,0.08584
7927.54,SYN.BTC-29NOV19,1570359541174,open,0.05,55.8,0.019,0.071,0.04327472,79.01,0.0485,0.0,BTC-29NOV19-10000-C,7924.28,76.41,0.04,11.0,0.044,14.5,79.58,10.06748,-7.38216,2.65111,0.00014,0.26984
7925.69,SYN.BTC-18OCT19,1570359541174,open,0.01,117.9,0.0005,0.0255,0.01049874,68.79,0.01,0.0,BTC-18OCT19-9000-C,7924.28,66.54,0.0095,1.0,0.0115,0.1,70.96,3.58909,-10.39447,0.40592,0.00026,0.16791
7925.69,SYN.BTC-18OCT19,1570359541174,open,0.13,13.2,0.1045,0.154,0.12979995,76.5,0.1465,0.0,BTC-18OCT19-7000-C,7924.28,61.03,0.1235,10.0,0.131,5.0,79.13,3.56626,-11.48652,1.81527,0.00023,0.83374
7925.38,SYN.BTC-11OCT19,1570359541173,open,0.0,59.9,0.0005,0.0105,0.00049978,120.15,0.0005,0.0,BTC-11OCT19-11000-C,7924.28,0.0,0.0,0.0,0.001,14.5,131.76,0.26475,-3.26223,0.01109,3e-05,0.01098
7925.38,SYN.BTC-11OCT19,1570359541173,open,0.0,239.8,0.0005,0.0105,0.00099964,99.0,0.0015,0.0,BTC-11OCT19-10000-C,7924.28,89.63,0.0005,45.7,0.0015,4.1,105.68,0.51986,-5.27782,0.0245,6e-05,0.02414
7927.86,BTC-27DEC19,1570359541196,open,1.51,4.6,1.4745,1.5885,1.52819405,95.95,1.466,0.0,BTC-27DEC19-20000-P,7924.28,0.0,0.0065,1.0,2.164,0.2,500.0,2.9162,-1.70869,-44.33392,2e-05,-0.96478
7927.86,BTC-27DEC19,1570359541197,open,2.01,0.0,1.9685,2.098,2.03018446,101.19,None,0.0,BTC-27DEC19-24000-P,7924.28,0.0,0.0085,0.2,2.6415,0.2,500.0,1.75223,-1.08278,-53.54683,1e-05,-0.98085
7926.0,SYN.BTC-25OCT19,1570359541217,open,0.0,421.4,0.0005,0.0105,0.0009997,117.05,0.0015,0.0,BTC-25OCT19-15000-C,7924.28,108.1,0.0005,39.0,0.0015,17.0,123.22,0.55514,-1.72131,0.0443,1e-05,0.01181
173.35,SYN.ETH-29NOV19,1570359541231,open,0.06,13.0,0.031,0.093,0.061529,99.68,0.062,0.0,ETH-29NOV19-140-P,173.22,98.36,0.06,118.0,0.063,2.0,100.95,0.20065,-0.18562,-0.07378,0.00454,-0.2268
173.25,SYN.ETH-18OCT19,1570359541231,open,0.0,75.0,0.001,0.015,0.004709,86.18,0.007,0.0,ETH-18OCT19-220-C,173.22,72.74,0.002,151.0,0.007,450.0,94.49,0.04301,-0.15605,0.00381,0.00511,0.07228
173.42,ETH-27DEC19,1570359541247,open,1.2,0.0,1.135,1.295,1.212112,108.99,None,0.0,ETH-27DEC19-380-P,173.22,0.0,0.001,5.0,0.0,0.0,0.0,0.14787,-0.09842,-0.82025,0.00201,-0.89644
173.24,SYN.ETH-11OCT19,1570359541323,open,0.03,115.0,0.006,0.056,0.028462,81.19,0.029,0.0,ETH-11OCT19-170-P,173.22,73.43,0.025,87.0,0.032,120.0,89.09,0.07746,-0.64488,-0.00996,0.0238,-0.40198
173.26,SYN.ETH-18OCT19,1570359541335,open,0.03,6.0,0.007,0.051,0.026652,82.37,0.025,0.0,ETH-18OCT19-160-P,173.22,76.18,0.023,278.0,0.027,1.0,82.95,0.1035,-0.35894,-0.01677,0.01287,-0.27088
7927.86,BTC-27DEC19,1570359541399,open,4.51,0.0,4.441,4.6655,4.54998053,0.0,3.46,0.0,BTC-27DEC19-44000-P,7924.28,0.0,0.0015,1.0,0.0,0.0,0.0,0.0,0.0,-98.69947,0.0,-1.0
174.98,ETH-27MAR20,1570359541420,open,0.59,19.0,0.555,0.615,0.586551,115.38,0.542,0.0,ETH-27MAR20-80-C,173.22,97.43,0.569,33.0,0.606,33.0,132.88,0.18471,-0.06164,0.27354,0.0011,0.91661
8005.0,BTC-27MAR20,1570359541534,open,3.23,0.0,3.1675,3.363,3.25958651,105.38,None,0.0,BTC-27MAR20-34000-P,7924.28,0.0,0.0045,1.0,0.0,0.0,0.0,5.8068,-1.76986,-159.55081,2e-05,-0.94862
7926.0,SYN.BTC-25OCT19,1570359541572,open,0.0,421.4,0.0005,0.0105,0.00099973,117.05,0.0015,0.0,BTC-25OCT19-15000-C,7924.28,108.1,0.0005,32.0,0.0015,17.0,123.22,0.55514,-1.72131,0.0443,1e-05,0.01181
7926.0,SYN.BTC-25OCT19,1570359541937,open,0.0,421.4,0.0005,0.0105,0.00099973,117.05,0.0015,0.0,BTC-25OCT19-15000-C,7924.28,108.1,0.0005,39.0,0.0015,17.0,123.22,0.55514,-1.72131,0.0443,1e-05,0.01181
8005.04,BTC-27MAR20,1570359542052,open,3.47,0.0,3.412,3.616,3.50818122,106.68,None,0.0,BTC-27MAR20-36000-P,7924.28,0.0,0.005,1.0,0.0,0.0,0.0,5.35232,-1.65137,-169.16584,2e-05,-0.9536
173.28,SYN.ETH-25OCT19,1570359542209,open,0.0,4090.0,0.001,0.013,0.003404,135.19,0.003,0.0,ETH-25OCT19-100-P,173.22,111.13,0.001,3299.0,0.005,350.0,145.52,0.02386,-0.08545,-0.00264,0.00114,-0.02608
173.27,SYN.ETH-25OCT19,1570359542274,open,0.0,4090.0,0.001,0.013,0.003404,135.18,0.003,0.0,ETH-25OCT19-100-P,173.2,111.12,0.001,3639.0,0.005,350.0,145.51,0.02386,-0.08543,-0.00264,0.00114,-0.02608
7926.0,SYN.BTC-25OCT19,1570359542299,open,0.0,421.4,0.0005,0.0105,0.00099973,117.05,0.0015,0.0,BTC-25OCT19-15000-C,7924.28,108.1,0.0005,32.0,0.0015,17.0,123.22,0.55514,-1.72131,0.0443,1e-05,0.01181
8005.04,BTC-27MAR20,1570359542516,open,3.97,1.0,3.9015,4.1245,4.00711985,111.03,2.7125,0.0,BTC-27MAR20-40000-P,7924.28,0.0,0.0055,1.0,0.0,0.0,0.0,4.97768,-1.59844,-188.23431,1e-05,-0.95759
174.97,ETH-27MAR20,1570359542621,open,0.74,149.0,0.652,0.831,0.743587,107.41,0.74,0.0,ETH-27MAR20-280-P,173.2,87.29,0.692,10.0,0.793,10.0,125.77,0.46364,-0.14403,-1.11758,0.00298,-0.60506
7926.0,SYN.BTC-25OCT19,1570359542682,open,0.0,421.4,0.0005,0.0105,0.00099977,117.05,0.0015,0.0,BTC-25OCT19-15000-C,7924.28,108.1,0.0005,39.0,0.0015,17.0,123.22,0.55514,-1.72131,0.0443,1e-05,0.01181
7926.0,SYN.BTC-25OCT19,1570359543053,open,0.0,421.4,0.0005,0.0105,0.00099977,117.05,0.0015,0.0,BTC-25OCT19-15000-C,7924.28,108.1,0.0005,32.0,0.0015,17.0,123.22,0.55514,-1.72131,0.0443,1e-05,0.01181
8005.07,BTC-27MAR20,1570359543187,open,2.24,0.0,2.1905,2.3545,2.26744053,98.5,None,0.0,BTC-27MAR20-26000-P,7924.42,0.0,0.0015,1.0,0.0,0.0,0.0,8.26164,-2.35359,-120.81542,3e-05,-0.91908
7927.94,BTC-27DEC19,1570359543187,open,5.01,0.0,4.937,5.1785,5.05505936,126.33,None,0.0,BTC-27DEC19-48000-P,7924.42,0.0,0.001,1.0,0.0,0.0,0.0,0.38037,-0.29346,-107.6217,0.0,-0.99664
7927.94,BTC-27DEC19,1570359543187,open,5.52,0.8,5.4315,5.6935,5.55944144,127.05,3.59,0.0,BTC-27DEC19-52000-P,7924.42,0.0,0.0015,1.0,0.0,0.0,0.0,0.2771,-0.21499,-116.60918,0.0,-0.99764
8005.21,BTC-27MAR20,1570359543188,open,0.54,1.1,0.507,0.559,0.53283921,94.47,0.5375,0.0,BTC-27MAR20-4000-C,7924.42,0.0,0.0105,0.2,0.999,0.1,500.0,8.33951,-2.27872,14.60593,3e-05,0.91806
8005.21,BTC-27MAR20,1570359543188,open,0.01,34.0,0.003,0.035,0.01374034,104.05,0.0135,0.0,BTC-27MAR20-32000-C,7924.42,102.44,0.0125,3.3,0.015,10.0,105.6,6.33857,-1.90754,1.6554,2e-05,0.0574
7928.08,BTC-27DEC19,1570359543188,open,4.01,0.0,3.9475,4.151,4.04649676,124.19,2.58,0.0,BTC-27DEC19-40000-P,7924.42,0.0,0.0015,1.0,0.0,0.0,0.0,0.73123,-0.55457,-89.62265,0.0,-0.99301
7928.08,BTC-27DEC19,1570359543188,open,1.26,9.4,1.228,1.3355,1.27871567,93.71,1.1125,0.0,BTC-27DEC19-18000-P,7924.42,0.0,0.0065,1.0,1.9265,0.2,500.0,3.99661,-2.2871,-39.59964,3e-05,-0.94798
7924.5,SYN.BTC-11OCT19,1570359543187,open,0.01,76.2,0.0005,0.0255,0.0090176,83.91,0.0095,0.0,BTC-11OCT19-7250-P,7924.42,80.32,0.008,23.5,0.01,37.5,87.25,2.29198,-19.72159,-0.1864,0.00033,-0.16708
8005.21,BTC-27MAR20,1570359543189,open,0.11,507.3,0.06,0.1525,0.10572194,86.75,0.11,0.0,BTC-27MAR20-12000-C,7924.42,85.69,0.103,5.0,0.1085,13.0,87.84,20.45163,-5.13155,9.34353,8e-05,0.35215
7928.08,BTC-27DEC19,1570359543189,open,4.51,0.0,4.442,4.6635,4.55064516,125.17,3.46,0.0,BTC-27DEC19-44000-P,7924.42,0.0,0.0015,1.0,0.0,0.0,0.0,0.51736,-0.39546,-98.6286,0.0,-0.99526
7925.11,SYN.BTC-25OCT19,1570359543187,open,1.01,0.0,0.9795,1.0625,1.01942264,118.04,None,0.0,BTC-25OCT19-16000-P,7924.42,0.0,0.0,0.0,0.0,0.0,0.0,0.32951,-1.03029,-8.24973,1e-05,-0.99349
7928.08,BTC-27DEC19,1570359543191,open,3.51,1.3,3.4525,3.6375,3.54219671,119.75,2.2,0.0,BTC-27DEC19-36000-P,7924.42,0.0,0.0105,0.3,0.0,0.0,0.0,0.87294,-0.63836,-80.62643,1e-05,-0.99145
7925.11,SYN.BTC-25OCT19,1570359543187,open,0.76,2.0,0.732,0.8065,0.76758836,107.02,0.372,0.0,BTC-25OCT19-14000-P,7924.42,0.0,0.0,0.0,0.7965,0.1,199.98,0.61661,-1.74801,-7.18966,2e-05,-0.98667
7926.66,SYN.BTC-29NOV19,1570359543186,open,0.03,88.1,0.0085,0.0475,0.02536017,79.01,0.025,0.0,BTC-29NOV19-11000-C,7924.42,77.12,0.0235,36.5,0.027,20.0,80.64,7.90094,-5.79339,1.77173,0.00011,0.17679
7926.66,SYN.BTC-29NOV19,1570359543186,open,0.12,83.2,0.0875,0.1635,0.12581099,78.97,0.1135,0.0,BTC-29NOV19-8000-P,7924.42,78.11,0.1245,12.0,0.129,13.7,81.06,12.06017,-8.83851,-6.75708,0.00016,-0.45171
7925.11,SYN.BTC-25OCT19,1570359543186,open,0.04,269.2,0.016,0.062,0.03810454,72.8,0.042,0.0,BTC-25OCT19-8500-C,7924.42,68.57,0.0345,17.5,0.0375,0.1,72.09,6.78557,-13.08559,1.34732,0.00029,0.36685
7924.81,SYN.BTC-18OCT19,1570359543189,open,0.32,0.0,0.2995,0.3575,0.32680509,81.89,None,0.0,BTC-18OCT19-10500-P,7924.42,0.0,0.013,1.0,0.0,0.0,0.0,1.06655,-3.67712,-3.33459,6e-05,-0.96646
7925.11,SYN.BTC-25OCT19,1570359543187,open,0.63,32.0,0.6085,0.6795,0.64210408,102.07,0.6245,0.0,BTC-25OCT19-13000-P,7924.42,0.0,0.6185,2.0,0.6665,2.0,175.69,0.94206,-2.5471,-6.64029,3e-05,-0.97811
7925.11,SYN.BTC-25OCT19,1570359543187,open,0.32,0.0,0.3005,0.3635,0.33025282,79.52,None,0.0,BTC-25OCT19-10500-P,7924.42,0.0,0.308,3.0,0.354,3.0,127.31,2.45759,-5.17703,-5.15919,0.0001,-0.92857
7925.11,SYN.BTC-25OCT19,1570359543187,open,0.01,580.0,0.0005,0.0225,0.0087483,77.79,0.0085,0.0,BTC-25OCT19-10000-C,7924.42,76.01,0.008,0.1,0.0095,33.0,79.52,3.39083,-6.98748,0.41534,0.00013,0.11009
7924.5,SYN.BTC-11OCT19,1570359543189,open,0.0,25.9,0.0005,0.011,0.00149587,96.24,0.0015,0.0,BTC-11OCT19-9750-C,7924.42,81.3,0.0005,49.0,0.0025,17.5,105.76,0.71253,-7.03218,0.03577,9e-05,0.03529
7924.5,SYN.BTC-11OCT19,1570359543186,open,0.0,259.7,0.0005,0.011,0.00124973,83.7,0.002,0.0,BTC-11OCT19-9500-C,7924.42,80.64,0.001,54.0,0.0015,1.6,86.42,0.68969,-5.91989,0.03458,0.0001,0.03392
7924.5,SYN.BTC-11OCT19,1570359543186,open,0.38,0.0,0.3615,0.419,0.38860006,120.17,None,0.0,BTC-11OCT19-11000-P,7924.42,0.0,0.0005,2.0,0.0,0.0,0.0,0.26441,-3.25843,-1.45831,3e-05,-0.98904
7925.11,SYN.BTC-25OCT19,1570359543212,open,0.76,2.0,0.732,0.8065,0.76758836,107.02,0.372,0.0,BTC-25OCT19-14000-P,7924.42,0.0,0.0,0.0,0.797,0.1,200.91,0.61661,-1.74801,-7.18966,2e-05,-0.98667
7924.81,SYN.BTC-18OCT19,1570359543220,open,0.05,28.8,0.027,0.079,0.05293683,66.49,0.054,0.0,BTC-18OCT19-8000-P,7924.42,65.19,0.052,6.8,0.055,0.2,69.36,5.70171,-15.9612,-1.44502,0.00042,-0.50749
7928.08,BTC-27DEC19,1570359543224,open,1.51,4.6,1.4745,1.589,1.52849295,96.93,1.466,0.0,BTC-27DEC19-20000-P,7924.42,0.0,0.0065,1.0,2.1635,0.2,500.0,3.03921,-1.79896,-44.30807,2e-05,-0.96296
173.41,ETH-27DEC19,1570359543284,open,0.06,5133.0,0.03,0.092,0.060583,110.44,0.06,0.0,ETH-27DEC19-120-P,173.2,107.4,0.057,360.0,0.064,143.0,113.31,0.20561,-0.13867,-0.08859,0.00276,-0.16717
173.41,ETH-27DEC19,1570359543304,open,2.9,0.0,2.808,3.049,2.9233,114.46,None,0.0,ETH-27DEC19-680-P,173.2,0.0,0.002,10.0,0.0,0.0,0.0,0.02609,-0.01824,-1.52136,0.00034,-0.98776
174.96,ETH-27MAR20,1570359543313,open,2.45,0.0,2.343,2.596,2.464458,114.67,None,0.0,ETH-27MAR20-600-P,173.21,0.0,0.02,10.0,0.0,0.0,0.0,0.2431,-0.08062,-2.77013,0.00146,-0.87841
174.96,ETH-27MAR20,1570359543313,open,0.05,1725.0,0.016,0.082,0.045562,112.41,0.053,0.0,ETH-27MAR20-520-C,173.21,110.18,0.042,32.0,0.048,240.0,113.88,0.28516,-0.09271,0.08949,0.00175,0.15356
174.96,ETH-27MAR20,1570359543313,open,2.22,0.0,2.123,2.365,2.23953,112.89,None,0.0,ETH-27MAR20-560-P,173.21,0.0,0.01,10.0,0.0,0.0,0.0,0.25971,-0.08479,-2.57369,0.00159,-0.86629
174.97,ETH-27MAR20,1570359543317,open,2.0,0.0,1.905,2.138,2.017501,112.4,None,0.0,ETH-27MAR20-520-P,173.21,0.0,0.005,10.0,0.0,0.0,0.0,0.28518,-0.09271,-2.37338,0.00175,-0.84644
7925.11,SYN.BTC-25OCT19,1570359543405,open,0.0,421.4,0.0005,0.0105,0.00099977,117.07,0.0015,0.0,BTC-25OCT19-15000-C,7924.42,108.12,0.0005,39.0,0.0015,17.0,123.24,0.55505,-1.72129,0.04429,1e-05,0.01181
7925.11,SYN.BTC-25OCT19,1570359543753,open,0.0,421.4,0.0005,0.0105,0.0009986,117.07,0.0015,0.0,BTC-25OCT19-15000-C,7924.42,108.12,0.0005,32.0,0.0015,17.0,123.24,0.55505,-1.72129,0.04429,1e-05,0.01181
173.25,SYN.ETH-25OCT19,1570359543896,open,0.0,4090.0,0.001,0.013,0.003409,135.16,0.003,0.0,ETH-25OCT19-100-P,173.21,111.1,0.001,3299.0,0.005,350.0,145.48,0.02387,-0.08545,-0.00264,0.00114,-0.02609
173.25,SYN.ETH-25OCT19,1570359544000,open,0.0,4090.0,0.001,0.013,0.003409,135.16,0.003,0.0,ETH-25OCT19-100-P,173.21,111.1,0.001,3639.0,0.005,350.0,145.48,0.02387,-0.08545,-0.00264,0.00114,-0.02609
7925.11,SYN.BTC-25OCT19,1570359544106,open,0.0,421.4,0.0005,0.0105,0.0009986,117.07,0.0015,0.0,BTC-25OCT19-15000-C,7924.42,108.12,0.0005,39.0,0.0015,17.0,123.24,0.55505,-1.72129,0.04429,1e-05,0.01181
174.97,ETH-27MAR20,1570359544279,open,0.23,1269.0,0.167,0.288,0.230418,105.47,0.245,0.0,ETH-27MAR20-160-P,173.2,102.03,0.222,121.0,0.235,300.0,107.35,0.42685,-0.13021,-0.45069,0.00279,-0.31343
174.97,ETH-27MAR20,1570359544279,open,0.43,40.0,0.38,0.472,0.429865,107.73,0.459,0.0,ETH-27MAR20-120-C,173.2,76.75,0.374,20.0,0.0,0.0,0.0,0.32635,-0.10169,0.31535,0.00209,0.8104
174.97,ETH-27MAR20,1570359544280,open,0.11,1804.0,0.071,0.158,0.115697,107.73,0.114,0.0,ETH-27MAR20-120-P,173.2,105.75,0.112,320.0,0.121,459.0,110.57,0.32635,-0.10169,-0.25301,0.00209,-0.1896
173.35,SYN.ETH-29NOV19,1570359544279,open,0.06,16.0,0.033,0.101,0.066826,97.78,0.07,0.0,ETH-29NOV19-220-C,173.2,95.74,0.064,122.0,0.07,220.0,100.06,0.24048,-0.21823,0.06672,0.00554,0.32759
174.97,ETH-27MAR20,1570359544280,open,0.32,361.0,0.255,0.366,0.315944,105.46,0.325,0.0,ETH-27MAR20-160-C,173.2,100.17,0.303,24.0,0.332,300.0,112.07,0.42685,-0.1302,0.30714,0.00279,0.68656
174.96,ETH-27MAR20,1570359544281,open,0.04,811.0,0.021,0.069,0.043761,115.38,0.04,0.0,ETH-27MAR20-80-P,173.2,112.74,0.041,320.0,0.047,470.0,118.42,0.18473,-0.06165,-0.10538,0.0011,-0.08341
173.24,SYN.ETH-18OCT19,1570359544280,open,0.26,0.0,0.228,0.28,0.254511,106.47,None,0.0,ETH-18OCT19-130-C,173.2,0.0,0.0,0.0,0.0,0.0,0.0,0.03515,-0.15757,0.03888,0.00338,0.94422
173.35,SYN.ETH-29NOV19,1570359544279,open,0.09,41.0,0.054,0.132,0.094873,97.76,0.094,0.0,ETH-29NOV19-200-C,173.2,95.85,0.092,108.0,0.098,220.0,99.84,0.26079,-0.23661,0.08408,0.00601,0.42349
173.35,SYN.ETH-29NOV19,1570359544279,open,0.1,20.0,0.067,0.15,0.109098,98.58,0.102,0.0,ETH-29NOV19-160-P,173.2,95.69,0.105,87.0,0.114,407.0,102.05,0.24517,-0.22432,-0.11599,0.00561,-0.34423
173.22,SYN.ETH-11OCT19,1570359544279,open,0.1,36.0,0.069,0.142,0.105327,81.38,0.086,0.0,ETH-11OCT19-190-P,173.2,47.94,0.098,40.0,0.109,40.0,93.0,0.05155,-0.43017,-0.02153,0.0158,-0.82533
173.35,SYN.ETH-29NOV19,1570359544279,open,0.18,6.0,0.14,0.225,0.186012,98.52,0.185,0.0,ETH-29NOV19-160-C,173.2,87.19,0.17,320.0,0.199,320.0,107.7,0.24517,-0.22417,0.1202,0.00561,0.65577
173.35,SYN.ETH-29NOV19,1570359544279,open,0.24,0.0,0.193,0.301,0.248731,97.83,None,0.0,ETH-29NOV19-200-P,173.2,0.0,0.0,0.0,0.0,0.0,0.0,0.26081,-0.23681,-0.21111,0.00601,-0.57634
173.24,SYN.ETH-18OCT19,1570359544279,open,0.2,0.0,0.17,0.228,0.200084,96.08,None,0.0,ETH-18OCT19-140-C,173.2,0.0,0.0,0.0,0.0,0.0,0.0,0.05245,-0.21219,0.03978,0.00559,0.90589
173.22,SYN.ETH-11OCT19,1570359544279,open,0.05,466.0,0.017,0.076,0.04708,81.11,0.048,0.0,ETH-11OCT19-170-C,173.2,67.46,0.041,191.0,0.051,171.0,89.86,0.07747,-0.64437,0.01274,0.02383,0.59762
173.24,SYN.ETH-18OCT19,1570359544280,open,0.01,18.0,0.001,0.015,0.004963,106.71,0.004,0.0,ETH-18OCT19-130-P,173.2,95.83,0.003,200.0,0.007,153.0,115.86,0.03533,-0.15874,-0.00344,0.00339,-0.05614
173.22,SYN.ETH-11OCT19,1570359544279,open,0.06,509.0,0.027,0.095,0.060903,81.29,0.044,0.0,ETH-11OCT19-180-P,173.2,62.53,0.053,120.0,0.065,120.0,90.69,0.07482,-0.62367,-0.01625,0.02296,-0.64115
173.35,SYN.ETH-29NOV19,1570359544279,open,0.13,27.0,0.088,0.171,0.132354,97.08,0.143,0.0,ETH-29NOV19-180-C,173.2,96.2,0.131,93.0,0.137,320.0,100.13,0.26472,-0.23851,0.10279,0.00615,0.53408
173.35,SYN.ETH-29NOV19,1570359544280,open,0.17,20.0,0.12,0.218,0.170826,97.15,0.18,0.0,ETH-29NOV19-180-P,173.2,88.1,0.157,320.0,0.186,320.0,107.1,0.26472,-0.23867,-0.1629,0.00614,-0.46584
173.22,SYN.ETH-11OCT19,1570359544279,open,0.02,310.0,0.003,0.046,0.021714,81.14,0.017,0.0,ETH-11OCT19-180-C,173.2,70.08,0.017,121.0,0.021,197.0,79.48,0.07479,-0.62235,0.00779,0.023,0.35854
173.22,SYN.ETH-11OCT19,1570359544279,open,0.01,834.0,0.001,0.025,0.008405,81.15,0.008,0.0,ETH-11OCT19-190-C,173.2,68.64,0.005,145.0,0.009,160.0,83.14,0.05141,-0.42782,0.00383,0.0158,0.17393
173.22,SYN.ETH-11OCT19,1570359544279,open,0.01,302.0,0.001,0.031,0.011695,86.61,0.014,0.0,ETH-11OCT19-160-P,173.2,77.98,0.009,132.0,0.014,160.0,93.58,0.05597,-0.49714,-0.00489,0.01612,-0.19954
173.24,SYN.ETH-18OCT19,1570359544281,open,0.27,0.0,0.235,0.317,0.274692,86.49,None,0.0,ETH-18OCT19-220-P,173.2,0.0,0.0,0.0,0.0,0.0,0.0,0.04334,-0.15781,-0.06773,0.00513,-0.92698
7928.11,BTC-27DEC19,1570359544382,open,1.76,4.9,1.7215,1.845,1.77969276,101.53,1.0385,0.0,BTC-27DEC19-22000-P,7924.42,0.0,0.0085,0.1,2.402,0.3,500.0,2.54861,-1.58016,-48.90239,2e-05,-0.97009
7925.11,SYN.BTC-25OCT19,1570359544464,open,0.0,421.4,0.0005,0.0105,0.00099863,117.07,0.0015,0.0,BTC-25OCT19-15000-C,7924.42,108.12,0.0005,32.0,0.0015,17.0,123.24,0.55505,-1.72129,0.04429,1e-05,0.01181
7925.11,SYN.BTC-25OCT19,1570359544830,open,0.0,421.4,0.0005,0.0105,0.00099863,117.07,0.0015,0.0,BTC-25OCT19-15000-C,7924.42,108.12,0.0005,39.0,0.0015,17.0,123.24,0.55505,-1.72129,0.04429,1e-05,0.01181
7924.64,SYN.BTC-11OCT19,1570359545132,open,0.13,1.2,0.1,0.146,0.12267362,92.0,0.134,0.0,BTC-11OCT19-7000-C,7924.42,68.13,0.1185,5.0,0.123,0.1,93.48,1.73622,-16.38126,0.81095,0.00022,0.88875
7926.85,SYN.BTC-29NOV19,1570359545151,open,0.07,128.9,0.038,0.099,0.06800149,81.73,0.066,0.0,BTC-29NOV19-7000-P,7924.42,80.59,0.0665,16.0,0.0695,7.5,82.87,10.42687,-7.90878,-4.19028,0.00014,-0.29013
8005.24,BTC-27MAR20,1570359545184,open,0.81,58.8,0.7565,0.8935,0.82385398,88.02,0.809,0.0,BTC-27MAR20-14000-P,7924.42,62.26,0.774,1.0,0.875,1.0,109.05,18.13702,-4.61717,-59.00337,7e-05,-0.73233
8005.24,BTC-27MAR20,1570359545190,open,1.52,0.0,1.462,1.609,1.53160369,92.88,None,0.0,BTC-27MAR20-20000-P,7924.42,0.0,1.478,1.0,1.5735,1.0,116.16,11.83152,-3.17817,-90.94898,4e-05,-0.86713
7924.64,SYN.BTC-11OCT19,1570359545216,open,0.05,27.7,0.02,0.0685,0.04481497,71.55,0.045,0.0,BTC-11OCT19-7750-C,7924.42,60.52,0.04,15.4,0.0445,0.2,70.84,3.48165,-25.54785,0.61102,0.00058,0.62203
7925.11,SYN.BTC-25OCT19,1570359545223,open,0.0,421.4,0.0005,0.0105,0.00099863,117.07,0.0015,0.0,BTC-25OCT19-15000-C,7924.42,108.12,0.0005,32.0,0.0015,17.0,123.24,0.55505,-1.72129,0.04429,1e-05,0.01181
7925.27,SYN.BTC-25OCT19,1570359545252,open,0.0,655.3,0.0005,0.0105,0.00074905,122.76,0.001,0.0,BTC-25OCT19-16000-C,7924.42,0.0,0.0,0.0,0.0015,25.0,133.49,0.42645,-1.38672,0.0327,1e-05,0.00873
7924.96,SYN.BTC-18OCT19,1570359545267,open,0.31,0.0,0.292,0.3255,0.30797953,108.8,None,0.0,BTC-18OCT19-5500-C,7924.42,0.0,0.294,5.0,0.3205,5.0,170.11,0.83636,-3.83103,1.71981,4e-05,0.97497
7924.64,SYN.BTC-11OCT19,1570359545267,open,0.0,310.8,0.0005,0.015,0.00373672,79.65,0.003,0.0,BTC-11OCT19-9000-C,7924.42,75.54,0.003,0.4,0.0045,20.2,83.51,1.49625,-12.22095,0.09208,0.00022,0.09073
173.26,SYN.ETH-25OCT19,1570359545274,open,0.01,3250.0,0.001,0.019,0.007533,113.85,0.007,0.0,ETH-25OCT19-120-P,173.2,107.92,0.006,1239.0,0.009,490.0,118.97,0.04743,-0.14303,-0.00612,0.00268,-0.0608
7924.96,SYN.BTC-18OCT19,1570359545285,open,0.03,8.3,0.0095,0.0505,0.02803547,72.0,0.0195,0.0,BTC-18OCT19-7500-P,7924.42,67.21,0.025,7.5,0.031,17.5,76.61,5.05937,-15.33606,-0.87756,0.00034,-0.31231
174.96,ETH-27MAR20,1570359545286,open,1.14,6.0,1.05,1.248,1.149051,108.67,1.165,0.0,ETH-27MAR20-360-P,173.21,86.52,1.103,7.0,1.205,1.0,131.39,0.40341,-0.12679,-1.55106,0.00256,-0.72271
174.96,ETH-27MAR20,1570359545286,open,0.09,520.0,0.044,0.139,0.091556,108.72,0.09,0.0,ETH-27MAR20-360-C,173.21,106.73,0.087,145.0,0.096,260.0,110.63,0.40356,-0.1269,0.15409,0.00256,0.2775
173.41,ETH-27DEC19,1570359545287,open,0.22,2641.0,0.16,0.274,0.219448,104.89,0.224,0.0,ETH-27DEC19-180-P,173.21,100.36,0.211,340.0,0.228,436.0,109.49,0.32277,-0.20675,-0.2531,0.00456,-0.4312
173.41,ETH-27DEC19,1570359545286,open,0.98,0.0,0.917,1.07,0.991407,107.95,None,0.0,ETH-27DEC19-340-P,173.21,0.0,0.001,5.0,0.0,0.0,0.0,0.18657,-0.12299,-0.71851,0.00256,-0.85571
173.41,ETH-27DEC19,1570359545286,open,0.12,3212.0,0.066,0.156,0.113226,105.24,0.112,0.0,ETH-27DEC19-220-C,173.21,104.03,0.111,1500.0,0.116,458.0,106.74,0.31923,-0.20516,0.11534,0.0045,0.40974
174.96,ETH-27MAR20,1570359545287,open,0.55,167.0,0.468,0.634,0.55438,106.49,0.548,0.0,ETH-27MAR20-240-P,173.21,101.24,0.54,300.0,0.569,24.0,111.82,0.47935,-0.14764,-0.89515,0.0031,-0.52585
173.34,SYN.ETH-29NOV19,1570359545286,open,0.44,0.0,0.412,0.463,0.438157,111.46,None,0.0,ETH-29NOV19-100-C,173.21,0.0,0.0,0.0,0.0,0.0,0.0,0.08643,-0.08941,0.12661,0.00175,0.93301
173.23,SYN.ETH-18OCT19,1570359545286,open,0.0,1.0,0.001,0.012,0.002436,86.38,0.005,0.0,ETH-18OCT19-230-C,173.21,0.0,0.0,0.0,0.004,103.0,94.89,0.02737,-0.09955,0.00216,0.00325,0.04082
173.41,ETH-27DEC19,1570359545287,open,3.36,0.0,3.255,3.524,3.384409,120.37,None,0.0,ETH-27DEC19-760-P,173.21,0.0,0.0,0.0,0.0,0.0,0.0,0.0229,-0.01683,-1.70139,0.00028,-0.98947
173.41,ETH-27DEC19,1570359545287,open,0.23,447.0,0.179,0.274,0.230644,105.45,0.237,0.0,ETH-27DEC19-160-C,173.21,101.05,0.223,340.0,0.24,340.0,110.85,0.30113,-0.19392,0.16679,0.00423,0.65942
173.41,ETH-27DEC19,1570359545288,open,0.03,1033.0,0.007,0.05,0.025342,108.55,0.025,0.0,ETH-27DEC19-360-C,173.21,106.06,0.023,470.0,0.028,320.0,111.25,0.16647,-0.11036,0.0377,0.00227,0.12227
173.41,ETH-27DEC19,1570359545288,open,0.18,1016.0,0.129,0.226,0.181506,104.92,0.187,0.0,ETH-27DEC19-180-C,173.21,103.04,0.178,340.0,0.186,132.0,107.34,0.32276,-0.20681,0.15067,0.00456,0.56884
173.41,ETH-27DEC19,1570359545287,open,0.66,311.0,0.599,0.743,0.670527,105.36,0.71,0.0,ETH-27DEC19-280-P,173.21,65.49,0.625,16.0,0.711,1.0,130.75,0.25453,-0.16376,-0.55699,0.00358,-0.76137
174.96,ETH-27MAR20,1570359545288,open,0.19,1276.0,0.12,0.237,0.182716,106.52,0.192,0.0,ETH-27MAR20-240-C,173.21,104.43,0.177,138.0,0.189,138.0,108.81,0.47936,-0.14768,0.24157,0.0031,0.47424
173.41,ETH-27DEC19,1570359545288,open,2.45,0.0,2.36,2.577,2.463747,114.65,0.953,0.0,ETH-27DEC19-600-P,173.21,0.0,0.0,0.0,0.0,0.0,0.0,0.04307,-0.03016,-1.33881,0.00056,-0.97802
173.41,ETH-27DEC19,1570359545288,open,0.47,2866.0,0.403,0.541,0.473503,105.38,0.472,0.0,ETH-27DEC19-240-P,173.21,85.29,0.44,22.0,0.514,21.0,127.91,0.30227,-0.19451,-0.43937,0.00425,-0.65602
173.41,ETH-27DEC19,1570359545287,open,0.04,1445.0,0.013,0.066,0.03683,106.77,0.035,0.0,ETH-27DEC19-320-C,173.21,104.36,0.034,469.0,0.04,320.0,109.38,0.20693,-0.13492,0.05135,0.00287,0.16885
173.41,ETH-27DEC19,1570359545288,open,0.03,926.0,0.01,0.058,0.030849,108.05,0.03,0.0,ETH-27DEC19-340-C,173.21,105.35,0.028,470.0,0.034,310.0,110.92,0.18688,-0.12331,0.04426,0.00256,0.14463
173.41,ETH-27DEC19,1570359545288,open,0.0,15550.0,0.001,0.013,0.003938,115.43,0.004,0.0,ETH-27DEC19-600-C,173.21,111.45,0.003,150.0,0.005,1493.0,119.24,0.0446,-0.03144,0.00738,0.00057,0.02291
174.96,ETH-27MAR20,1570359545287,open,1.35,3.0,1.261,1.467,1.362836,110.23,1.39,0.0,ETH-27MAR20-400-P,173.21,0.0,0.001,10.0,0.0,0.0,0.0,0.37315,-0.11896,-1.76026,0.00233,-0.76137
173.41,ETH-27DEC19,1570359545288,open,0.02,4398.0,0.005,0.039,0.018317,110.73,0.017,0.0,ETH-27DEC19-400-C,173.21,107.64,0.016,470.0,0.021,160.0,114.05,0.13503,-0.0913,0.02847,0.00181,0.09151
174.96,ETH-27MAR20,1570359545288,open,1.57,0.0,1.472,1.687,1.577441,110.4,None,0.0,ETH-27MAR20-440-P,173.21,0.0,0.002,10.0,0.0,0.0,0.0,0.33928,-0.10833,-1.96832,0.00212,-0.79784
174.96,ETH-27MAR20,1570359545288,open,0.04,1165.0,0.013,0.073,0.038621,112.77,0.05,0.0,ETH-27MAR20-560-C,173.21,110.97,0.036,40.0,0.041,240.0,114.35,0.25914,-0.08452,0.07844,0.00158,0.13328
173.41,ETH-27DEC19,1570359545288,open,0.1,2341.0,0.059,0.14,0.099831,106.95,0.094,0.0,ETH-27DEC19-140-P,173.21,103.73,0.095,136.0,0.104,496.0,109.72,0.26077,-0.17032,-0.13592,0.00361,-0.24959
173.34,SYN.ETH-29NOV19,1570359545286,open,0.03,6.0,0.013,0.056,0.0325,104.89,0.035,0.0,ETH-29NOV19-120-P,173.21,103.06,0.031,142.0,0.035,340.0,107.9,0.14284,-0.13905,-0.04225,0.00307,-0.13263
173.41,ETH-27DEC19,1570359545287,open,0.07,2531.0,0.033,0.109,0.070736,105.42,0.076,0.0,ETH-27DEC19-260-C,173.21,103.09,0.067,320.0,0.074,464.0,107.43,0.27986,-0.18017,0.08421,0.00394,0.28721
174.96,ETH-27MAR20,1570359545288,open,0.04,4705.0,0.011,0.068,0.034916,114.53,0.043,0.0,ETH-27MAR20-600-C,173.21,112.38,0.032,280.0,0.038,390.0,116.71,0.24246,-0.08031,0.07144,0.00146,0.12113
174.96,ETH-27MAR20,1570359545288,open,0.24,1043.0,0.172,0.291,0.236963,105.47,0.25,0.0,ETH-27MAR20-200-C,173.21,103.63,0.232,435.0,0.243,435.0,107.71,0.47276,-0.14421,0.27671,0.00309,0.57089
174.96,ETH-27MAR20,1570359545288,open,1.78,0.0,1.687,1.91,1.795756,110.96,None,0.0,ETH-27MAR20-480-P,173.21,0.0,0.003,10.0,0.0,0.0,0.0,0.30886,-0.09912,-2.17286,0.00192,-0.82635
173.42,ETH-27DEC19,1570359545288,open,0.03,3156.0,0.013,0.055,0.032026,113.86,0.032,0.0,ETH-27DEC19-100-P,173.21,112.6,0.031,160.0,0.033,10.0,115.04,0.14248,-0.09907,-0.05075,0.00186,-0.09843
173.21,SYN.ETH-11OCT19,1570359545286,open,0.0,18.0,0.001,0.011,0.000952,100.57,0.001,0.0,ETH-11OCT19-220-C,173.21,0.0,0.0,0.0,0.002,352.0,113.61,0.01083,-0.11172,0.00051,0.00269,0.02281
174.96,ETH-27MAR20,1570359545289,open,0.11,555.0,0.06,0.164,0.113135,107.85,0.12,0.0,ETH-27MAR20-320-C,173.21,106.18,0.109,143.0,0.117,260.0,109.4,0.4356,-0.13588,0.17899,0.00279,0.32913
173.42,ETH-27DEC19,1570359545289,open,0.09,4657.0,0.047,0.13,0.089565,105.4,0.088,0.0,ETH-27DEC19-240-C,173.21,104.51,0.088,1460.0,0.091,20.0,106.23,0.30233,-0.1946,0.09902,0.00425,0.34412
173.42,ETH-27DEC19,1570359545289,open,0.02,344.0,0.006,0.044,0.021022,109.14,0.023,0.0,ETH-27DEC19-380-C,173.21,106.71,0.019,470.0,0.023,320.0,111.4,0.1483,-0.09884,0.03227,0.00201,0.10398
173.42,ETH-27DEC19,1570359545289,open,0.29,3557.0,0.232,0.356,0.296322,104.91,0.301,0.0,ETH-27DEC19-200-P,173.21,99.44,0.286,340.0,0.305,436.0,109.5,0.32743,-0.20977,-0.31576,0.00463,-0.51538
173.42,ETH-27DEC19,1570359545289,open,0.0,12462.0,0.001,0.012,0.002183,115.9,0.005,0.0,ETH-27DEC19-680-C,173.21,106.49,0.001,1000.0,0.003,2399.0,120.37,0.02821,-0.01996,0.00436,0.00036,0.01339
174.96,ETH-27MAR20,1570359545289,open,0.08,988.0,0.034,0.122,0.076599,110.23,0.08,0.0,ETH-27MAR20-400-C,173.21,107.57,0.071,407.0,0.082,147.0,112.73,0.37315,-0.11896,0.13427,0.00233,0.23863
173.42,ETH-27DEC19,1570359545289,open,0.37,2.0,0.327,0.404,0.368568,110.41,0.346,0.0,ETH-27DEC19-120-C,173.21,0.0,0.101,1.0,0.0,0.0,0.0,0.20557,-0.1386,0.18062,0.00276,0.83289
173.42,ETH-27DEC19,1570359545289,open,2.22,0.0,2.137,2.342,2.234455,114.95,0.845,0.0,ETH-27DEC19-560-P,173.21,0.0,0.0,0.0,0.0,0.0,0.0,0.05588,-0.03923,-1.24657,0.00072,-0.97
173.42,ETH-27DEC19,1570359545289,open,0.46,0.0,0.423,0.485,0.455392,113.86,None,0.0,ETH-27DEC19-100-C,173.21,0.0,0.0,0.0,0.0,0.0,0.0,0.14248,-0.09907,0.17357,0.00186,0.90157
174.96,ETH-27MAR20,1570359545289,open,0.05,1150.0,0.02,0.091,0.052429,111.04,0.06,0.0,ETH-27MAR20-480-C,173.21,109.08,0.049,389.0,0.056,240.0,113.04,0.30925,-0.09932,0.10074,0.00192,0.17399
173.42,ETH-27DEC19,1570359545289,open,0.0,14470.0,0.001,0.012,0.002965,115.9,0.004,0.0,ETH-27DEC19-640-C,173.21,110.57,0.002,150.0,0.004,3662.0,120.41,0.0358,-0.02534,0.00572,0.00046,0.01768
173.25,SYN.ETH-25OCT19,1570359545288,open,0.05,1604.0,0.02,0.077,0.04763,92.05,0.04,0.0,ETH-25OCT19-160-P,173.21,87.53,0.044,105.0,0.051,115.0,96.21,0.13976,-0.34076,-0.03239,0.00978,-0.31394
173.21,SYN.ETH-11OCT19,1570359545286,open,0.2,0.0,0.167,0.219,0.193286,102.64,None,0.0,ETH-11OCT19-140-C,173.21,0.0,0.0,0.0,0.0,0.0,0.0,0.01433,-0.15081,0.01793,0.00348,0.96811
174.96,ETH-27MAR20,1570359545289,open,0.93,7.0,0.846,1.035,0.94202,107.81,0.945,0.0,ETH-27MAR20-320-P,173.21,88.62,0.897,8.0,0.996,1.0,128.65,0.43551,-0.1358,-1.33668,0.00279,-0.67103
173.42,ETH-27DEC19,1570359545289,open,0.0,4670.0,0.001,0.011,0.001985,118.53,0.002,0.0,ETH-27DEC19-720-C,173.21,110.19,0.001,996.0,0.003,8.0,124.39,0.02577,-0.01866,0.00392,0.00032,0.01207
173.42,ETH-27DEC19,1570359545290,open,0.29,18.0,0.244,0.333,0.292523,106.95,0.305,0.0,ETH-27DEC19-140-C,173.21,91.82,0.27,46.0,0.321,46.0,125.75,0.26076,-0.17031,0.17814,0.00361,0.75044
173.42,ETH-27DEC19,1570359545290,open,3.13,0.0,3.032,3.286,3.153755,118.53,None,0.0,ETH-27DEC19-720-P,173.21,0.0,0.003,5.0,0.0,0.0,0.0,0.02577,-0.01866,-1.61116,0.00032,-0.98793
173.42,ETH-27DEC19,1570359545290,open,1.31,16.0,1.246,1.411,1.324985,110.89,1.195,0.0,ETH-27DEC19-400-P,173.21,0.0,0.001,8.0,0.0,0.0,0.0,0.13553,-0.09178,-0.86867,0.00181,-0.90804
173.42,ETH-27DEC19,1570359545289,open,0.01,5315.0,0.001,0.024,0.009402,112.77,0.01,0.0,ETH-27DEC19-480-C,173.21,109.78,0.008,150.0,0.011,200.0,115.86,0.08551,-0.05889,0.01602,0.00112,0.05059
173.34,SYN.ETH-29NOV19,1570359545286,open,0.26,1.0,0.212,0.29,0.253928,99.72,0.289,0.0,ETH-29NOV19-140-C,173.21,0.0,0.0,0.0,0.0,0.0,0.0,0.20068,-0.18573,0.13283,0.00454,0.77309
173.42,ETH-27DEC19,1570359545290,open,0.87,101.0,0.809,0.958,0.882061,106.76,0.513,0.0,ETH-27DEC19-320-P,173.21,0.0,0.006,5.0,0.0,0.0,0.0,0.20695,-0.13493,-0.66645,0.00287,-0.83114
173.42,ETH-27DEC19,1570359545289,open,1.09,257.0,1.026,1.182,1.101341,108.66,0.7,0.0,ETH-27DEC19-360-P,173.21,0.0,0.01,2.0,0.0,0.0,0.0,0.16684,-0.11072,-0.76973,0.00228,-0.87735
173.34,SYN.ETH-29NOV19,1570359545286,open,0.63,0.0,0.579,0.703,0.639973,100.17,None,0.0,ETH-29NOV19-280-P,173.21,0.0,0.0,0.0,0.0,0.0,0.0,0.1525,-0.14177,-0.38224,0.00343,-0.85398
173.42,ETH-27DEC19,1570359545290,open,0.0,4118.0,0.001,0.011,0.001984,122.18,0.002,0.0,ETH-27DEC19-760-C,173.21,113.67,0.001,4.0,0.003,1209.0,128.16,0.02525,-0.01884,0.00381,0.00031,0.01178
173.42,ETH-27DEC19,1570359545289,open,1.54,0.0,1.467,1.641,1.550258,111.89,None,0.0,ETH-27DEC19-440-P,173.21,0.0,0.001,8.0,0.0,0.0,0.0,0.10765,-0.07356,-0.96568,0.00143,-0.93216
173.42,ETH-27DEC19,1570359545290,open,1.99,37.0,1.913,2.108,2.00593,114.95,0.707,0.0,ETH-27DEC19-520-P,173.21,0.0,0.002,25.0,0.0,0.0,0.0,0.07152,-0.05021,-1.15358,0.00092,-0.95948
173.42,ETH-27DEC19,1570359545290,open,0.01,10821.0,0.001,0.02,0.007429,114.95,0.007,0.0,ETH-27DEC19-520-C,173.21,111.25,0.006,350.0,0.009,200.0,118.54,0.07152,-0.05021,0.01287,0.00092,0.04052
173.42,ETH-27DEC19,1570359545291,open,0.01,7937.0,0.003,0.031,0.013062,111.88,0.012,0.0,ETH-27DEC19-440-C,173.21,108.39,0.011,470.0,0.015,480.0,114.88,0.10764,-0.07354,0.02131,0.00143,0.06783
173.23,SYN.ETH-18OCT19,1570359545287,open,0.03,83.0,0.006,0.049,0.025297,82.39,0.021,0.0,ETH-18OCT19-190-C,173.21,73.64,0.02,122.0,0.029,123.0,88.29,0.10731,-0.37223,0.01503,0.01334,0.29203
173.23,SYN.ETH-18OCT19,1570359545286,open,0.32,0.0,0.29,0.374,0.33007,85.89,None,0.0,ETH-18OCT19-230-P,173.21,0.0,0.0,0.0,0.0,0.0,0.0,0.02686,-0.09713,-0.07272,0.0032,-0.96012
173.25,SYN.ETH-25OCT19,1570359545286,open,0.43,18.0,0.406,0.446,0.426234,135.41,0.411,0.0,ETH-25OCT19-100-C,173.21,0.0,0.0,0.0,0.0,0.0,0.0,0.02401,-0.08611,0.04905,0.00114,0.97372
173.21,SYN.ETH-11OCT19,1570359545286,open,0.0,150.0,0.001,0.011,0.001495,102.07,0.002,0.0,ETH-11OCT19-140-P,173.21,95.24,0.001,520.0,0.002,2.0,107.77,0.01407,-0.1473,-0.00076,0.00344,-0.0312
173.25,SYN.ETH-25OCT19,1570359545288,open,0.02,2347.0,0.005,0.039,0.019085,99.98,0.017,0.0,ETH-25OCT19-140-P,173.21,93.9,0.016,683.0,0.022,343.0,105.43,0.09048,-0.23962,-0.01485,0.00583,-0.14665
173.42,ETH-27DEC19,1570359545291,open,0.56,946.0,0.499,0.64,0.570061,105.46,0.3,0.0,ETH-27DEC19-260-P,173.21,0.0,0.0,0.0,0.0,0.0,0.0,0.27996,-0.1803,-0.49898,0.00394,-0.71262
173.21,SYN.ETH-11OCT19,1570359545288,open,0.14,0.0,0.109,0.168,0.139079,97.81,None,0.0,ETH-11OCT19-150-C,173.21,0.0,0.0,0.0,0.0,0.0,0.0,0.03301,-0.3311,0.01779,0.00842,0.90813
173.42,ETH-27DEC19,1570359545291,open,0.15,3023.0,0.102,0.201,0.153288,105.46,0.147,0.0,ETH-27DEC19-160-P,173.21,102.99,0.149,466.0,0.159,466.0,108.75,0.30114,-0.19393,-0.1921,0.00423,-0.34054
173.21,SYN.ETH-11OCT19,1570359545287,open,0.15,0.0,0.122,0.195,0.157365,81.01,None,0.0,ETH-11OCT19-200-P,173.21,0.0,0.0,0.0,0.0,0.0,0.0,0.02636,-0.21899,-0.0252,0.00812,-0.93175
173.42,ETH-27DEC19,1570359545291,open,1.76,21.0,1.69,1.873,1.777249,112.77,0.629,0.0,ETH-27DEC19-480-P,173.21,0.0,0.001,7.0,0.0,0.0,0.0,0.08551,-0.05889,-1.0607,0.00112,-0.94941
173.42,ETH-27DEC19,1570359545291,open,0.06,1630.0,0.024,0.091,0.055949,105.41,0.062,0.0,ETH-27DEC19-280-C,173.21,103.39,0.053,466.0,0.058,19.0,106.8,0.25468,-0.16395,0.07116,0.00358,0.23887
173.34,SYN.ETH-29NOV19,1570359545286,open,0.33,0.0,0.278,0.392,0.335973,97.76,None,0.0,ETH-29NOV19-220-P,173.21,0.0,0.0,0.0,0.0,0.0,0.0,0.24043,-0.21813,-0.25803,0.00555,-0.67253
173.25,SYN.ETH-25OCT19,1570359545286,open,0.0,5488.0,0.001,0.011,0.001964,101.25,0.003,0.0,ETH-25OCT19-280-C,173.21,0.0,0.0,0.0,0.004,350.0,113.52,0.02259,-0.06059,0.00201,0.00144,0.02443
173.42,ETH-27DEC19,1570359545291,open,0.77,1.0,0.703,0.849,0.775133,106.08,0.494,0.0,ETH-27DEC19-300-P,173.21,0.0,0.001,5.0,0.0,0.0,0.0,0.23033,-0.14921,-0.61253,0.00322,-0.79945
173.21,SYN.ETH-11OCT19,1570359545286,open,0.09,13.0,0.055,0.118,0.088014,86.7,0.081,0.0,ETH-11OCT19-160-C,173.21,57.93,0.08,54.0,0.092,54.0,98.56,0.05603,-0.49816,0.01648,0.01613,0.80009
173.21,SYN.ETH-11OCT19,1570359545286,open,0.01,511.0,0.001,0.018,0.005018,97.55,0.004,0.0,ETH-11OCT19-150-P,173.21,91.91,0.004,4.0,0.006,200.0,102.52,0.03287,-0.32877,-0.00223,0.00841,-0.09133
173.42,ETH-27DEC19,1570359545292,open,2.68,0.0,2.584,2.813,2.693427,115.9,None,0.0,ETH-27DEC19-640-P,173.21,0.0,0.0,0.0,0.0,0.0,0.0,0.0358,-0.02534,-1.42991,0.00046,-0.98232
173.25,SYN.ETH-25OCT19,1570359545287,open,0.07,1026.0,0.033,0.097,0.065703,90.72,0.071,0.0,ETH-25OCT19-180-C,173.21,86.62,0.062,93.0,0.069,280.0,94.37,0.15665,-0.37644,0.03598,0.01112,0.46726
173.42,ETH-27DEC19,1570359545292,open,0.01,7122.0,0.001,0.016,0.0053,114.95,0.004,0.0,ETH-27DEC19-560-C,173.21,110.54,0.004,150.0,0.006,1502.0,117.04,0.05588,-0.03923,0.00961,0.00072,0.03
173.23,SYN.ETH-18OCT19,1570359545287,open,0.01,3.0,0.003,0.032,0.01402,86.65,0.014,0.0,ETH-18OCT19-150-P,173.21,84.29,0.013,160.0,0.015,1.0,88.87,0.07565,-0.27599,-0.00974,0.00894,-0.1588
173.25,SYN.ETH-25OCT19,1570359545288,open,0.39,302.0,0.347,0.44,0.392287,94.16,0.432,0.0,ETH-25OCT19-240-P,173.21,0.0,0.371,13.0,0.421,13.0,149.47,0.05776,-0.14406,-0.1177,0.00395,-0.92146
173.21,SYN.ETH-11OCT19,1570359545287,open,0.25,0.0,0.227,0.273,0.250015,112.5,None,0.0,ETH-11OCT19-130-C,173.21,0.0,0.0,0.0,0.0,0.0,0.0,0.00604,-0.0697,0.01709,0.00134,0.98846
173.25,SYN.ETH-25OCT19,1570359545287,open,0.32,6.0,0.289,0.34,0.314926,113.97,0.36,0.0,ETH-25OCT19-120-C,173.21,0.0,0.0,0.0,0.0,0.0,0.0,0.04753,-0.1435,0.05591,0.00269,0.93901
173.42,ETH-27DEC19,1570359545294,open,0.14,3460.0,0.092,0.188,0.143033,104.9,0.147,0.0,ETH-27DEC19-200-C,173.21,104.35,0.142,2824.0,0.146,145.0,106.47,0.32743,-0.20975,0.13287,0.00463,0.4846
173.34,SYN.ETH-29NOV19,1570359545286,open,0.04,17.0,0.019,0.077,0.046983,98.0,0.05,0.0,ETH-29NOV19-240-C,173.21,95.53,0.044,133.0,0.051,353.0,101.26,0.21141,-0.19228,0.05182,0.00486,0.24953
173.25,SYN.ETH-25OCT19,1570359545287,open,0.18,955.0,0.141,0.23,0.18613,90.63,0.178,0.0,ETH-25OCT19-200-P,173.21,40.7,0.157,20.0,0.216,20.0,127.31,0.13178,-0.31635,-0.08151,0.00937,-0.72364
173.21,SYN.ETH-11OCT19,1570359545286,open,0.0,39.0,0.001,0.011,0.000495,111.22,0.001,0.0,ETH-11OCT19-130-P,173.21,0.0,0.0,0.0,0.001,100.0,123.15,0.00571,-0.06515,-0.00026,0.00128,-0.01081
173.21,SYN.ETH-11OCT19,1570359545286,open,0.31,0.0,0.286,0.329,0.307742,139.76,None,0.0,ETH-11OCT19-120-C,173.21,0.0,0.0,0.0,0.0,0.0,0.0,0.00501,-0.07186,0.0158,0.0009,0.99069
173.34,SYN.ETH-29NOV19,1570359545286,open,0.03,41.0,0.012,0.06,0.033799,99.02,0.04,0.0,ETH-29NOV19-260-C,173.21,96.3,0.031,342.0,0.038,342.0,102.96,0.18109,-0.16642,0.04013,0.00412,0.19064
173.25,SYN.ETH-25OCT19,1570359545286,open,0.02,1509.0,0.003,0.033,0.014757,91.87,0.014,0.0,ETH-25OCT19-220-C,173.21,88.46,0.013,149.0,0.017,441.0,95.99,0.09161,-0.22292,0.01206,0.00642,0.14938
173.25,SYN.ETH-25OCT19,1570359545288,open,0.0,1296.0,0.001,0.013,0.003948,99.28,0.003,0.0,ETH-25OCT19-260-C,173.21,94.6,0.003,6.0,0.005,200.0,103.75,0.03799,-0.09992,0.00377,0.00247,0.04598
173.21,SYN.ETH-11OCT19,1570359545286,open,0.0,664.0,0.001,0.013,0.002781,81.45,0.004,0.0,ETH-11OCT19-200-C,173.21,0.0,0.0,0.0,0.004,205.0,88.64,0.02669,-0.22295,0.00154,0.00818,0.06937
173.23,SYN.ETH-18OCT19,1570359545288,open,0.15,0.0,0.115,0.178,0.148171,86.76,None,0.0,ETH-18OCT19-150-C,173.21,0.0,0.0,0.0,0.0,0.0,0.0,0.07574,-0.27666,0.03905,0.00894,0.84093
173.25,SYN.ETH-25OCT19,1570359545289,open,0.28,483.0,0.24,0.331,0.284537,91.73,0.337,0.0,ETH-25OCT19-220-P,173.21,0.0,0.05,2.0,0.5,1.0,349.11,0.09143,-0.22214,-0.10174,0.00642,-0.85106
173.23,SYN.ETH-18OCT19,1570359545287,open,0.17,0.0,0.128,0.209,0.168603,82.25,None,0.0,ETH-18OCT19-200-P,173.21,0.0,0.0,0.0,0.0,0.0,0.0,0.08356,-0.28938,-0.05541,0.01041,-0.81444
173.23,SYN.ETH-18OCT19,1570359545290,open,0.11,0.0,0.068,0.134,0.103112,82.42,None,0.0,ETH-18OCT19-160-C,173.21,70.24,0.096,40.0,0.115,40.0,101.79,0.10358,-0.35943,0.03526,0.01287,0.72865
173.21,SYN.ETH-11OCT19,1570359545288,open,0.0,176.0,0.001,0.011,0.000492,138.34,0.001,0.0,ETH-11OCT19-120-P,173.21,0.0,0.0,0.0,0.001,100.0,152.66,0.00475,-0.06745,-0.00021,0.00086,-0.00876
173.21,SYN.ETH-11OCT19,1570359545288,open,0.32,0.0,0.29,0.371,0.328245,103.1,None,0.0,ETH-11OCT19-230-P,173.21,0.0,0.0,0.0,0.0,0.0,0.0,0.00541,-0.05724,-0.0305,0.00131,-0.98983
173.34,SYN.ETH-29NOV19,1570359545286,open,0.02,42.0,0.007,0.048,0.024727,100.28,0.035,0.0,ETH-29NOV19-280-C,173.21,97.1,0.022,349.0,0.028,349.0,103.89,0.15275,-0.14215,0.03112,0.00343,0.14637
173.25,SYN.ETH-25OCT19,1570359545287,open,0.13,554.0,0.087,0.157,0.124154,92.11,0.128,0.0,ETH-25OCT19-160-C,173.21,83.18,0.117,120.0,0.129,280.0,98.1,0.13977,-0.34104,0.05034,0.00978,0.68599
173.23,SYN.ETH-18OCT19,1570359545291,open,0.07,27.0,0.036,0.099,0.068485,82.41,0.074,0.0,ETH-18OCT19-170-C,173.21,76.04,0.064,72.0,0.076,72.0,93.06,0.12217,-0.42385,0.02881,0.01518,0.57964
173.23,SYN.ETH-18OCT19,1570359545287,open,0.01,12.0,0.001,0.021,0.007538,82.47,0.01,0.0,ETH-18OCT19-210-C,173.21,74.35,0.005,150.0,0.01,251.0,89.22,0.05925,-0.20574,0.00585,0.00736,0.11131
173.23,SYN.ETH-18OCT19,1570359545289,open,0.22,0.0,0.18,0.261,0.219726,82.26,None,0.0,ETH-18OCT19-210-P,173.21,0.0,0.0,0.0,0.0,0.0,0.0,0.05901,-0.20437,-0.06251,0.00735,-0.88934
173.23,SYN.ETH-18OCT19,1570359545288,open,0.01,0.0,0.001,0.022,0.008256,96.22,None,0.0,ETH-18OCT19-140-P,173.21,88.27,0.006,200.0,0.01,150.0,101.73,0.05258,-0.21301,-0.00579,0.0056,-0.09444
173.23,SYN.ETH-18OCT19,1570359545288,open,0.12,61.0,0.082,0.161,0.122038,82.29,0.122,0.0,ETH-18OCT19-190-P,173.21,65.25,0.112,40.0,0.131,40.0,96.36,0.10726,-0.37159,-0.0468,0.01335,-0.70827
173.23,SYN.ETH-18OCT19,1570359545287,open,0.02,123.0,0.002,0.033,0.014139,82.39,0.018,0.0,ETH-18OCT19-200-C,173.21,75.62,0.011,141.0,0.017,142.0,88.13,0.0837,-0.29032,0.00969,0.0104,0.18603
173.34,SYN.ETH-29NOV19,1570359545288,open,0.01,146.0,0.005,0.03,0.015031,111.4,0.016,0.0,ETH-29NOV19-100-P,173.21,109.3,0.014,150.0,0.017,365.0,115.25,0.08635,-0.08927,-0.02096,0.00175,-0.0669
173.25,SYN.ETH-25OCT19,1570359545289,open,0.5,3.0,0.458,0.555,0.504597,98.88,0.534,0.0,ETH-25OCT19-260-P,173.21,0.0,0.0,0.0,0.0,0.0,0.0,0.0375,-0.09824,-0.13075,0.00244,-0.95476
173.21,SYN.ETH-11OCT19,1570359545289,open,0.27,0.0,0.234,0.312,0.270995,99.37,None,0.0,ETH-11OCT19-220-P,173.21,0.0,0.0,0.0,0.0,0.0,0.0,0.01029,-0.10484,-0.02891,0.00258,-0.97854
173.25,SYN.ETH-25OCT19,1570359545289,open,0.1,1308.0,0.065,0.143,0.104613,90.65,0.105,0.0,ETH-25OCT19-180-P,173.21,85.55,0.1,10.0,0.109,280.0,95.5,0.15664,-0.37616,-0.05711,0.01113,-0.53282
173.34,SYN.ETH-29NOV19,1570359545286,open,0.34,0.0,0.306,0.371,0.340251,104.94,None,0.0,ETH-29NOV19-120-C,173.21,0.0,0.0,0.0,0.0,0.0,0.0,0.14289,-0.13917,0.13485,0.00307,0.8673
173.34,SYN.ETH-29NOV19,1570359545286,open,0.52,0.0,0.474,0.595,0.53367,98.94,None,0.0,ETH-29NOV19-260-P,173.21,0.0,0.0,0.0,0.0,0.0,0.0,0.18093,-0.16613,-0.34369,0.00412,-0.80964
173.21,SYN.ETH-11OCT19,1570359545287,open,0.21,1.0,0.177,0.252,0.213269,83.11,0.215,0.0,ETH-11OCT19-210-P,173.21,0.0,0.0,0.0,0.0,0.0,0.0,0.01177,-0.10034,-0.02749,0.00353,-0.97482
173.34,SYN.ETH-29NOV19,1570359545289,open,0.42,0.0,0.372,0.49,0.431479,97.94,None,0.0,ETH-29NOV19-240-P,173.21,0.0,0.0,0.0,0.0,0.0,0.0,0.21131,-0.19206,-0.30246,0.00487,-0.75069
173.25,SYN.ETH-25OCT19,1570359545289,open,0.21,12.0,0.178,0.241,0.211044,100.07,0.192,0.0,ETH-25OCT19-140-C,173.21,0.0,0.0,0.0,0.0,0.0,0.0,0.09055,-0.24002,0.05753,0.00583,0.85318
173.23,SYN.ETH-18OCT19,1570359545286,open,0.05,10.0,0.016,0.07,0.042849,82.39,0.051,0.0,ETH-18OCT19-180-C,173.21,75.52,0.038,96.0,0.047,96.0,88.25,0.12257,-0.42521,0.02166,0.01524,0.42716
173.25,SYN.ETH-25OCT19,1570359545291,open,0.01,1286.0,0.001,0.019,0.007073,94.4,0.006,0.0,ETH-25OCT19-240-C,173.21,87.66,0.005,590.0,0.009,440.0,99.8,0.0581,-0.14527,0.00646,0.00396,0.07914
7925.27,SYN.BTC-25OCT19,1570359545294,open,0.01,133.3,0.0025,0.029,0.01298217,73.61,0.012,0.0,BTC-25OCT19-9500-C,7924.42,71.8,0.012,13.0,0.014,0.3,75.43,4.36528,-8.51151,0.59802,0.00018,0.1589
173.25,SYN.ETH-25OCT19,1570359545291,open,0.61,3.0,0.57,0.671,0.618047,100.53,0.645,0.0,ETH-25OCT19-280-P,173.21,0.0,0.0,0.0,0.0,0.0,0.0,0.02189,-0.05829,-0.14286,0.0014,-0.97646
173.23,SYN.ETH-18OCT19,1570359545290,open,0.08,0.0,0.046,0.118,0.081867,82.31,None,0.0,ETH-18OCT19-180-P,173.21,69.71,0.073,120.0,0.091,120.0,95.17,0.12257,-0.42475,-0.03691,0.01525,-0.57298
173.21,SYN.ETH-11OCT19,1570359545289,open,0.0,273.0,0.001,0.011,0.000956,84.12,0.001,0.0,ETH-11OCT19-210-C,173.21,0.0,0.0,0.0,0.002,200.0,95.6,0.01235,-0.10652,0.00059,0.00366,0.02666
173.25,SYN.ETH-25OCT19,1570359545289,open,0.03,1557.0,0.01,0.057,0.031785,90.71,0.033,0.0,ETH-25OCT19-200-C,173.21,85.67,0.028,126.0,0.035,286.0,94.89,0.13184,-0.3168,0.02194,0.00936,0.27662
173.21,SYN.ETH-11OCT19,1570359545292,open,0.0,54.0,0.001,0.011,0.000473,105.4,0.007,0.0,ETH-11OCT19-230-C,173.21,0.0,0.0,0.0,0.001,2.0,116.75,0.00612,-0.06614,0.00026,0.00145,0.0117
7924.64,SYN.BTC-11OCT19,1570359545369,open,0.22,0.6,0.2065,0.2605,0.2318583,96.48,0.2275,0.0,BTC-11OCT19-9750-P,7924.42,0.0,0.2125,2.6,0.253,2.0,190.59,0.71901,-7.11403,-1.26625,9e-05,-0.96432
7925.27,SYN.BTC-25OCT19,1570359545379,open,0.02,338.2,0.0065,0.0425,0.02237497,72.79,0.022,0.0,BTC-25OCT19-9000-C,7924.42,69.44,0.02,38.6,0.023,3.0,73.66,5.68471,-10.96153,0.91872,0.00024,0.24653
7924.96,SYN.BTC-18OCT19,1570359545458,open,0.26,0.0,0.238,0.2945,0.26485485,76.94,None,0.0,BTC-18OCT19-10000-P,7924.42,0.0,0.013,1.0,0.0,0.0,0.0,1.56954,-5.08444,-3.12191,0.0001,-0.9459
7924.64,SYN.BTC-11OCT19,1570359545499,open,0.01,271.7,0.0005,0.02,0.00601037,92.08,0.0065,0.0,BTC-11OCT19-7000-P,7924.42,87.3,0.005,0.8,0.007,18.6,96.45,1.73808,-16.41162,-0.1243,0.00023,-0.11141
173.21,SYN.ETH-11OCT19,1570359545500,open,0.09,13.0,0.055,0.118,0.088014,86.7,0.081,0.0,ETH-11OCT19-160-C,173.21,57.93,0.08,54.0,0.092,94.0,98.56,0.05603,-0.49816,0.01648,0.01613,0.80009
173.23,SYN.ETH-18OCT19,1570359545515,open,0.12,61.0,0.082,0.161,0.122086,82.29,0.122,0.0,ETH-18OCT19-190-P,173.21,67.04,0.113,40.0,0.131,40.0,96.36,0.10726,-0.37159,-0.0468,0.01335,-0.70827
173.23,SYN.ETH-18OCT19,1570359545522,open,0.12,61.0,0.082,0.161,0.122086,82.29,0.122,0.0,ETH-18OCT19-190-P,173.21,67.04,0.113,40.0,0.132,40.0,97.89,0.10726,-0.37159,-0.0468,0.01335,-0.70827
173.23,SYN.ETH-18OCT19,1570359545538,open,0.11,0.0,0.068,0.134,0.103076,82.42,None,0.0,ETH-18OCT19-160-C,173.21,70.24,0.096,40.0,0.114,40.0,100.19,0.10358,-0.35943,0.03526,0.01287,0.72865
7924.64,SYN.BTC-11OCT19,1570359545546,open,0.02,97.1,0.005,0.0445,0.02279416,71.59,0.0235,0.0,BTC-11OCT19-7750-P,7924.42,67.5,0.021,7.9,0.0245,7.0,75.47,3.48178,-25.56247,-0.42429,0.00058,-0.37802
173.25,SYN.ETH-25OCT19,1570359545554,open,0.0,4090.0,0.001,0.013,0.003409,135.17,0.003,0.0,ETH-25OCT19-100-P,173.21,111.1,0.001,3299.0,0.005,350.0,145.49,0.02387,-0.08547,-0.00264,0.00114,-0.0261
173.21,SYN.ETH-11OCT19,1570359545556,open,0.1,36.0,0.069,0.142,0.105324,81.01,0.086,0.0,ETH-11OCT19-190-P,173.21,47.42,0.098,40.0,0.11,40.0,95.81,0.05128,-0.42602,-0.02156,0.0158,-0.82671
173.21,SYN.ETH-11OCT19,1570359545560,open,0.01,302.0,0.001,0.031,0.011694,86.53,0.014,0.0,ETH-11OCT19-160-P,173.21,77.94,0.009,292.0,0.014,160.0,93.54,0.05596,-0.49662,-0.00489,0.01614,-0.19951
7925.11,SYN.BTC-25OCT19,1570359545578,open,0.0,421.4,0.0005,0.0105,0.00099866,117.07,0.0015,0.0,BTC-25OCT19-15000-C,7924.42,108.12,0.0005,39.0,0.0015,17.0,123.24,0.55505,-1.72129,0.04429,1e-05,0.01181
8005.26,BTC-27MAR20,1570359545579,open,0.39,174.0,0.338,0.464,0.40203808,85.3,0.3895,0.0,BTC-27MAR20-10000-P,7924.42,82.36,0.394,2.0,0.407,9.0,87.11,21.89874,-5.40252,-35.49271,8e-05,-0.53406
173.42,ETH-27DEC19,1570359545576,open,0.29,3557.0,0.232,0.356,0.296322,104.91,0.301,0.0,ETH-27DEC19-200-P,173.21,99.44,0.286,340.0,0.305,340.0,109.5,0.32743,-0.20977,-0.31576,0.00463,-0.51538
173.25,SYN.ETH-25OCT19,1570359545585,open,0.0,4090.0,0.001,0.013,0.003409,135.17,0.003,0.0,ETH-25OCT19-100-P,173.21,111.1,0.001,3639.0,0.005,350.0,145.49,0.02387,-0.08547,-0.00264,0.00114,-0.0261
7925.28,SYN.BTC-25OCT19,1570359545587,open,0.01,97.3,0.0005,0.0165,0.00549192,79.97,0.005,0.0,BTC-25OCT19-10500-C,7924.42,76.65,0.0045,15.0,0.0065,32.5,83.04,2.49135,-5.27767,0.27548,0.0001,0.07271
173.21,SYN.ETH-11OCT19,1570359545588,open,0.03,115.0,0.006,0.056,0.028535,81.13,0.029,0.0,ETH-11OCT19-170-P,173.21,73.27,0.025,87.0,0.033,207.0,91.15,0.07748,-0.64459,-0.00998,0.02383,-0.40264
7926.86,SYN.BTC-29NOV19,1570359545596,open,0.12,85.4,0.0805,0.1505,0.11662325,79.0,0.133,0.0,BTC-29NOV19-8000-C,7924.42,76.29,0.1125,8.0,0.119,15.5,80.57,12.06023,-8.8425,5.05142,0.00016,0.54835
7925.28,SYN.BTC-25OCT19,1570359545603,open,0.0,435.0,0.0005,0.011,0.00124828,109.39,0.0015,0.0,BTC-25OCT19-14000-C,7924.42,97.99,0.0005,28.5,0.002,27.0,116.66,0.69311,-2.00837,0.05747,2e-05,0.01527
7924.96,SYN.BTC-18OCT19,1570359545603,open,0.05,5.7,0.02,0.067,0.04351034,66.56,0.0495,0.0,BTC-18OCT19-8000-C,7924.42,60.99,0.0395,7.5,0.0465,14.5,70.72,5.70185,-15.97941,1.15806,0.00042,0.49263
173.23,SYN.ETH-18OCT19,1570359545605,open,0.03,6.0,0.007,0.051,0.026701,82.33,0.025,0.0,ETH-18OCT19-160-P,173.21,77.81,0.024,160.0,0.027,1.0,82.86,0.10354,-0.35894,-0.01679,0.01288,-0.27119
7924.96,SYN.BTC-18OCT19,1570359545635,open,0.0,0.1,0.0005,0.012,0.00200284,108.92,0.0015,0.0,BTC-18OCT19-5500-P,7924.42,97.4,0.001,115.0,0.003,32.5,117.23,0.83964,-3.85046,-0.07001,4e-05,-0.02515
7924.64,SYN.BTC-11OCT19,1570359545655,open,0.13,8.1,0.114,0.167,0.13945602,79.76,0.1125,0.0,BTC-11OCT19-9000-P,7924.42,0.0,0.133,3.0,0.1485,4.5,115.09,1.50026,-12.2709,-1.10982,0.00022,-0.90895
7925.28,SYN.BTC-25OCT19,1570359545664,open,0.2,0.4,0.181,0.244,0.21170342,73.65,0.188,0.0,BTC-25OCT19-9500-P,7924.42,39.56,0.1995,12.0,0.228,12.0,99.06,4.36839,-8.52276,-4.31422,0.00018,-0.84093
8005.26,BTC-27MAR20,1570359545677,open,0.03,366.2,0.014,0.055,0.03252223,94.48,0.034,0.0,BTC-27MAR20-4000-P,7924.42,93.01,0.031,9.0,0.034,1.0,95.89,8.34025,-2.27914,-4.34004,3e-05,-0.08194
8005.26,BTC-27MAR20,1570359545677,open,0.03,126.1,0.008,0.0555,0.02673378,94.43,0.032,0.0,BTC-27MAR20-22000-C,7924.42,92.66,0.0245,15.0,0.029,13.0,96.16,10.30755,-2.81521,3.12802,4e-05,0.10923
7925.28,SYN.BTC-25OCT19,1570359545685,open,0.15,579.6,0.126,0.1905,0.15800469,72.83,0.16,0.0,BTC-25OCT19-9000-P,7924.42,57.8,0.148,12.0,0.1705,12.0,89.33,5.68615,-10.96898,-3.73518,0.00024,-0.75335
8005.26,BTC-27MAR20,1570359545705,open,0.06,824.9,0.0235,0.095,0.05598339,89.9,0.0625,0.0,BTC-27MAR20-16000-C,7924.42,89.4,0.055,1.0,0.057,4.0,90.41,15.83341,-4.11697,5.80176,6e-05,0.209
7926.86,SYN.BTC-29NOV19,1570359545712,open,0.4,0.0,0.3725,0.456,0.41308256,79.04,None,0.0,BTC-29NOV19-11000-P,7924.42,0.0,0.0005,2.0,0.0,0.0,0.0,7.90539,-5.799,-14.46339,0.00011,-0.82306
7924.96,SYN.BTC-18OCT19,1570359545757,open,0.0,0.0,0.0005,0.0115,0.00199619,82.93,None,0.0,BTC-18OCT19-10500-C,7924.42,74.32,0.001,7.5,0.003,25.0,89.21,1.11643,-3.89831,0.08628,7e-05,0.03546
8005.26,BTC-27MAR20,1570359545778,open,0.02,27.7,0.004,0.0395,0.0164896,99.75,0.02,0.0,BTC-27MAR20-28000-C,7924.42,97.5,0.0145,25.0,0.0185,10.0,101.87,7.34325,-2.11848,2.00375,2e-05,0.06934
7924.64,SYN.BTC-11OCT19,1570359545873,open,0.02,167.3,0.002,0.0345,0.01558371,68.05,0.0145,0.0,BTC-11OCT19-8250-C,7924.42,65.41,0.0145,1.4,0.0165,1.0,70.27,3.26843,-22.81028,0.32054,0.00057,0.31838
7924.64,SYN.BTC-11OCT19,1570359545900,open,0.07,9.6,0.0415,0.092,0.06759449,76.61,0.0645,0.0,BTC-11OCT19-7500-C,7924.42,62.19,0.0625,5.0,0.0675,0.1,76.36,2.92664,-22.99316,0.7196,0.00046,0.74738
7925.28,SYN.BTC-25OCT19,1570359545909,open,0.2,0.0,0.169,0.218,0.1935893,84.8,None,0.0,BTC-25OCT19-6500-C,7924.42,0.0,0.1735,6.0,0.215,6.0,122.53,3.82096,-8.58333,2.77058,0.00014,0.86959
7926.86,SYN.BTC-29NOV19,1570359545911,open,0.39,0.0,0.3625,0.4065,0.38398069,96.15,None,0.0,BTC-29NOV19-5000-C,7924.42,0.0,0.012,1.0,0.0,0.0,0.0,4.3568,-3.88772,6.3179,5e-05,0.92395
7924.96,SYN.BTC-18OCT19,1570359545928,open,0.25,0.0,0.228,0.266,0.24638881,96.32,None,0.0,BTC-18OCT19-6000-C,7924.42,0.0,0.232,5.0,0.2615,5.0,150.37,1.37095,-5.55961,1.82543,7e-05,0.95434
7925.11,SYN.BTC-25OCT19,1570359545934,open,0.0,421.4,0.0005,0.0105,0.00099866,117.07,0.0015,0.0,BTC-25OCT19-15000-C,7924.42,108.12,0.0005,32.0,0.0015,17.0,123.24,0.55505,-1.72129,0.04429,1e-05,0.01181
7924.64,SYN.BTC-11OCT19,1570359546137,open,0.31,0.0,0.292,0.3215,0.30617019,124.18,None,0.0,BTC-11OCT19-5500-C,7924.42,0.0,0.0,0.0,0.0,0.0,0.0,0.11915,-1.5173,0.72977,1e-05,0.99556
7926.86,SYN.BTC-29NOV19,1570359546157,open,0.02,148.7,0.004,0.034,0.01598462,80.81,0.015,0.0,BTC-29NOV19-12000-C,7924.42,78.83,0.0145,14.0,0.0175,35.5,82.76,6.05431,-4.54072,1.20469,8e-05,0.11895
8005.26,BTC-27MAR20,1570359546179,open,0.36,8.6,0.31,0.394,0.35379056,87.07,0.3755,0.0,BTC-27MAR20-6000-C,7924.42,85.69,0.351,14.0,0.3755,14.0,97.72,16.20402,-4.08064,16.25623,6e-05,0.78254
7924.96,SYN.BTC-18OCT19,1570359546195,open,0.02,30.6,0.006,0.0415,0.02152597,66.57,0.02,0.0,BTC-18OCT19-8500-C,7924.42,62.5,0.019,16.5,0.022,0.1,67.32,4.97293,-13.93734,0.71897,0.00037,0.30036
7924.64,SYN.BTC-11OCT19,1570359546210,open,0.05,84.0,0.0305,0.0825,0.05665944,68.1,0.0595,0.0,BTC-11OCT19-8250-P,7924.42,71.33,0.058,0.2,0.061,15.0,78.44,3.26901,-22.82984,-0.78138,0.00057,-0.68148
8005.26,BTC-27MAR20,1570359546217,open,1.04,1.1,0.987,1.127,1.05468174,89.91,0.911,0.0,BTC-27MAR20-16000-P,7924.42,49.73,1.0025,1.0,1.097,1.0,109.24,15.83469,-4.11759,-69.97875,6e-05,-0.79097
7926.86,SYN.BTC-29NOV19,1570359546231,open,0.01,34.7,0.0005,0.0185,0.00674274,84.2,0.013,0.0,BTC-29NOV19-14000-C,7924.42,81.12,0.0055,23.5,0.008,8.0,86.99,3.39621,-2.6538,0.56665,4e-05,0.05517
7924.96,SYN.BTC-18OCT19,1570359546240,open,0.0,1.5,0.0005,0.0135,0.00350522,96.4,0.0045,0.0,BTC-18OCT19-6000-P,7924.42,90.07,0.0025,14.0,0.0045,33.4,101.76,1.37402,-5.57695,-0.1271,7e-05,-0.04579
8005.26,BTC-27MAR20,1570359546252,open,1.76,6.0,1.704,1.855,1.77494545,94.45,1.826,0.0,BTC-27MAR20-22000-P,7924.42,0.0,0.795,0.4,0.0,0.0,0.0,10.3112,-2.81664,-101.0697,4e-05,-0.89071
