underlying_price,underlying_index,timestamp,state,settlement_price,open_interest,min_price,max_price,mark_price,mark_iv,last_price,interest_rate,instrument_name,index_price,bid_iv,best_bid_price,best_bid_amount,best_ask_price,best_ask_amount,ask_iv,vega,theta,rho,gamma,delta
9251.42,SYN.BTC-8NOV19,1572692340091,open,0.02,613.0,0.0035,0.038,0.01831368,60.03,0.019,0.0,BTC-8NOV19-9000-P,9239.25,53.96,0.0155,0.6,0.0185,16.0,60.43,4.32298,-22.082,-0.54053,0.00052,-0.34463
9294.93,SYN.BTC-29NOV19,1572692340127,open,0.12,813.8,0.0935,0.1485,0.12201021,68.88,0.1255,0.0,BTC-29NOV19-8500-C,9239.25,67.78,0.121,0.4,0.1255,3.6,72.66,8.54484,-10.95058,4.06704,0.00019,0.71626
9294.85,SYN.BTC-29NOV19,1572692340214,open,0.51,0.0,0.4775,0.5455,0.50972021,82.04,None,0.0,BTC-29NOV19-14000-P,9239.25,0.0,0.4795,3.0,0.539,3.0,139.7,2.25848,-3.44705,-10.04547,4e-05,-0.95806
9294.85,SYN.BTC-29NOV19,1572692340227,open,0.62,0.0,0.5825,0.6535,0.61633796,88.04,None,0.0,BTC-29NOV19-15000-P,9239.25,0.0,0.586,3.0,0.6455,3.0,152.41,1.70613,-2.79444,-10.85831,3e-05,-0.97021
9352.96,BTC-27DEC19,1572692340228,open,0.42,73.5,0.402,0.435,0.41768503,85.19,0.266,0.0,BTC-27DEC19-5500-C,9239.25,0.0,0.4025,10.0,0.432,10.0,116.43,3.00748,-2.33454,7.65181,3e-05,0.96184
9294.85,SYN.BTC-29NOV19,1572692340230,open,0.25,0.0,0.2195,0.285,0.25150221,70.6,None,0.0,BTC-29NOV19-11500-P,9239.25,0.0,0.22,5.0,0.2855,5.0,112.33,6.00858,-7.89197,-7.50483,0.00013,-0.84506
9352.9,BTC-27DEC19,1572692340238,open,0.32,73.4,0.2775,0.3595,0.31793767,74.47,0.3635,0.0,BTC-27DEC19-12000-P,9239.25,0.0,0.2785,5.0,0.3575,5.0,104.34,11.17494,-7.58291,-15.21132,0.00011,-0.76383
9294.93,SYN.BTC-29NOV19,1572692340239,open,0.2,13.1,0.1715,0.237,0.20391445,69.07,0.233,0.0,BTC-29NOV19-11000-P,9239.25,0.0,0.1715,6.0,0.2395,6.0,108.36,7.27776,-9.35191,-6.79945,0.00017,-0.78957
9352.96,BTC-27DEC19,1572692340241,open,0.42,73.5,0.402,0.435,0.41768503,85.19,0.266,0.0,BTC-27DEC19-5500-C,9239.25,0.0,0.4025,10.0,0.4325,10.0,117.29,3.00748,-2.33454,7.65181,3e-05,0.96184
185.05,ETH-27DEC19,1572692340341,open,0.0,6174.0,0.001,0.011,0.000161,110.0,0.002,0.0,ETH-27DEC19-720-C,182.7,0.0,0.0,0.0,0.002,29.0,139.5,0.00346,-0.00346,0.00037,6e-05,0.00148
185.05,ETH-27DEC19,1572692340341,open,2.23,0.0,2.148,2.345,2.243027,110.0,0.953,0.0,ETH-27DEC19-600-P,182.7,0.0,0.0,0.0,0.0,0.0,0.0,0.01124,-0.01126,-0.90073,0.0002,-0.99453
185.05,ETH-27DEC19,1572692340341,open,0.02,1653.0,0.006,0.04,0.020582,85.63,0.022,0.0,ETH-27DEC19-280-C,182.7,83.77,0.019,320.0,0.022,1.0,87.25,0.15953,-0.12447,0.03316,0.00362,0.13978
185.05,ETH-27DEC19,1572692340341,open,0.47,0.0,0.445,0.484,0.464575,93.98,None,0.0,ETH-27DEC19-100-C,182.7,0.0,0.0,0.0,0.0,0.0,0.0,0.04971,-0.04257,0.14043,0.00103,0.96934
185.05,ETH-27DEC19,1572692340341,open,0.0,4076.0,0.001,0.014,0.00497,93.98,0.006,0.0,ETH-27DEC19-100-P,182.7,90.15,0.004,360.0,0.006,1.0,97.62,0.04971,-0.04257,-0.00991,0.00103,-0.03066
185.05,ETH-27DEC19,1572692340341,open,0.27,19.0,0.238,0.302,0.271763,81.55,0.205,0.0,ETH-27DEC19-140-C,182.7,0.0,0.243,50.0,0.0,0.0,0.0,0.16661,-0.1238,0.16113,0.00397,0.85092
185.05,ETH-27DEC19,1572692340341,open,0.01,515.0,0.001,0.024,0.010067,94.86,0.013,0.0,ETH-27DEC19-340-C,182.7,92.77,0.009,320.0,0.011,160.0,96.6,0.09717,-0.08399,0.01689,0.00199,0.07079
185.05,ETH-27DEC19,1572692340341,open,0.84,0.0,0.787,0.912,0.847408,94.86,None,0.0,ETH-27DEC19-340-P,182.7,0.0,0.001,5.0,0.0,0.0,0.0,0.09717,-0.08399,-0.49428,0.00199,-0.92921
188.06,ETH-27MAR20,1572692340341,open,0.77,7.0,0.692,0.846,0.769185,89.69,0.945,0.0,ETH-27MAR20-320-P,182.7,0.0,0.0,0.0,0.792,1.0,100.43,0.38297,-0.11773,-1.1369,0.00302,-0.74346
188.06,ETH-27MAR20,1572692340341,open,0.08,1.0,0.045,0.112,0.078478,82.33,0.092,0.0,ETH-27MAR20-140-P,182.7,78.69,0.072,320.0,0.085,320.0,85.95,0.33686,-0.09506,-0.21235,0.00289,-0.20405
185.05,ETH-27DEC19,1572692340341,open,0.13,1368.0,0.092,0.166,0.131671,77.32,0.141,0.0,ETH-27DEC19-180-C,182.7,73.54,0.126,96.0,0.133,340.0,78.2,0.27797,-0.19583,0.12909,0.00698,0.59568
185.05,ETH-27DEC19,1572692340342,open,0.25,2728.0,0.199,0.299,0.249751,80.14,0.274,0.0,ETH-27DEC19-220-P,182.7,0.0,0.0,0.0,0.325,100.0,130.26,0.26409,-0.19283,-0.25197,0.0064,-0.65594
185.05,ETH-27DEC19,1572692340341,open,0.37,2.0,0.338,0.389,0.364439,87.45,0.346,0.0,ETH-27DEC19-120-C,182.7,0.0,0.101,1.0,0.0,0.0,0.0,0.10049,-0.08007,0.15625,0.00223,0.92604
188.06,ETH-27MAR20,1572692340341,open,2.42,0.0,2.308,2.536,2.416896,103.44,None,0.0,ETH-27MAR20-640-P,182.7,0.0,0.0,0.0,0.0,0.0,0.0,0.14358,-0.05091,-2.52224,0.00098,-0.93894
185.05,ETH-27DEC19,1572692340341,open,1.06,0.0,0.996,1.131,1.060513,100.58,None,0.0,ETH-27DEC19-380-P,182.7,0.0,0.001,5.0,0.0,0.0,0.0,0.07337,-0.06724,-0.5595,0.00142,-0.95053
188.06,ETH-27MAR20,1572692340341,open,0.34,0.0,0.291,0.371,0.333995,82.31,None,0.0,ETH-27MAR20-140-C,182.7,63.11,0.301,1.0,0.361,14.0,97.12,0.33684,-0.09503,0.34722,0.0029,0.79597
188.06,ETH-27MAR20,1572692340342,open,0.05,1180.0,0.022,0.071,0.045381,83.54,0.065,0.0,ETH-27MAR20-120-P,182.7,79.51,0.04,320.0,0.051,320.0,87.63,0.25481,-0.07297,-0.13368,0.00216,-0.13248
185.05,ETH-27DEC19,1572692340342,open,0.0,17098.0,0.001,0.011,0.00066,110.0,0.004,0.0,ETH-27DEC19-600-C,182.7,114.77,0.001,2000.0,0.003,29.0,130.37,0.01124,-0.01126,0.00134,0.0002,0.00547
185.05,ETH-27DEC19,1572692340342,open,1.16,16.0,1.1,1.241,1.16759,103.3,1.195,0.0,ETH-27DEC19-400-P,182.7,0.0,0.001,8.0,0.0,0.0,0.0,0.06474,-0.06093,-0.59127,0.00122,-0.95767
188.06,ETH-27MAR20,1572692340342,open,1.79,0.0,1.692,1.888,1.786253,98.24,None,0.0,ETH-27MAR20-520-P,182.7,0.0,0.005,10.0,0.0,0.0,0.0,0.1966,-0.0662,-2.02483,0.00142,-0.90777
188.06,ETH-27MAR20,1572692340342,open,1.37,0.0,1.286,1.464,1.371999,95.57,None,0.0,ETH-27MAR20-440-P,182.7,0.0,0.002,10.0,0.0,0.0,0.0,0.25765,-0.0844,-1.6816,0.00191,-0.86536
188.06,ETH-27MAR20,1572692340342,open,0.58,19.0,0.566,0.602,0.584047,87.86,0.542,0.0,ETH-27MAR20-80-C,182.7,0.0,0.07,20.0,0.0,0.0,0.0,0.09109,-0.02743,0.28659,0.00073,0.96536
189.69,SYN.ETH-26JUN20,1572692340341,open,0.29,23.0,0.225,0.329,0.282012,83.18,0.29,0.0,ETH-26JUN20-180-C,182.7,77.77,0.266,150.0,0.297,150.0,88.28,0.55973,-0.09828,0.4657,0.00288,0.66031
188.06,ETH-27MAR20,1572692340342,open,0.22,21.0,0.168,0.261,0.218311,80.34,0.232,0.0,ETH-27MAR20-180-C,182.7,65.99,0.184,15.0,0.228,300.0,84.42,0.44763,-0.12326,0.31179,0.00394,0.63314
185.06,ETH-27DEC19,1572692340342,open,0.04,6217.0,0.017,0.069,0.042086,82.17,0.04,0.0,ETH-27DEC19-240-C,182.7,79.67,0.039,320.0,0.045,448.0,84.49,0.23075,-0.17276,0.05944,0.00545,0.25571
183.85,SYN.ETH-29NOV19,1572692340341,open,0.32,0.0,0.275,0.367,0.320188,82.8,None,0.0,ETH-29NOV19-240-P,182.7,0.0,0.0,0.0,0.0,0.0,0.0,0.11179,-0.1722,-0.15957,0.00543,-0.8586
188.06,ETH-27MAR20,1572692340343,open,0.49,0.0,0.464,0.516,0.491153,85.37,None,0.0,ETH-27MAR20-100-C,182.7,52.89,0.471,14.0,0.508,14.0,102.3,0.16816,-0.04921,0.32614,0.00139,0.92508
188.06,ETH-27MAR20,1572692340343,open,2.0,0.0,1.897,2.103,1.995457,99.63,None,0.0,ETH-27MAR20-560-P,182.7,0.0,0.01,10.0,0.0,0.0,0.0,0.17367,-0.05931,-2.19263,0.00123,-0.92183
188.06,ETH-27MAR20,1572692340343,open,0.07,682.0,0.032,0.105,0.06751,89.64,0.088,0.0,ETH-27MAR20-320-C,182.7,85.89,0.06,260.0,0.071,260.0,91.34,0.38282,-0.11762,0.14193,0.00302,0.25635
188.06,ETH-27MAR20,1572692340343,open,0.97,6.0,0.886,1.048,0.965478,91.56,1.165,0.0,ETH-27MAR20-360-P,182.7,0.0,0.0,0.0,0.0,0.0,0.0,0.33542,-0.10527,-1.32498,0.00259,-0.79741
188.06,ETH-27MAR20,1572692340343,open,0.02,5415.0,0.004,0.037,0.016523,102.8,0.012,0.0,ETH-27MAR20-600-C,182.7,99.76,0.014,240.0,0.019,240.0,105.54,0.16332,-0.05755,0.04178,0.00112,0.07212
185.06,ETH-27DEC19,1572692340343,open,1.38,0.0,1.31,1.462,1.38274,110.27,None,0.0,ETH-27DEC19-440-P,182.7,0.0,0.001,8.0,0.0,0.0,0.0,0.05546,-0.05572,-0.6532,0.00098,-0.96499
189.69,SYN.ETH-26JUN20,1572692340341,open,1.59,0.0,1.488,1.7,1.592026,94.25,None,0.0,ETH-26JUN20-480-P,182.7,0.0,0.0,0.0,0.0,0.0,0.0,0.42731,-0.08501,-2.94518,0.00194,-0.8004
185.06,ETH-27DEC19,1572692340343,open,1.8,37.0,1.729,1.902,1.811835,111.09,0.707,0.0,ETH-27DEC19-520-P,182.7,0.0,0.002,25.0,0.0,0.0,0.0,0.02641,-0.02673,-0.77829,0.00046,-0.98549
188.06,ETH-27MAR20,1572692340343,open,0.01,828.0,0.001,0.019,0.009465,87.91,0.02,0.0,ETH-27MAR20-80-P,182.7,82.43,0.007,320.0,0.012,320.0,92.82,0.0912,-0.02748,-0.03319,0.00073,-0.03469
189.69,SYN.ETH-26JUN20,1572692340341,open,1.39,0.0,1.29,1.493,1.390165,92.66,None,0.0,ETH-26JUN20-440-P,182.7,0.0,0.0,0.0,0.0,0.0,0.0,0.45883,-0.08974,-2.66486,0.00212,-0.77455
185.06,ETH-27DEC19,1572692340344,open,0.74,101.0,0.684,0.805,0.742292,92.94,0.513,0.0,ETH-27DEC19-320-P,182.7,0.0,0.006,5.0,0.0,0.0,0.0,0.11673,-0.09885,-0.45965,0.00244,-0.90979
185.06,ETH-27DEC19,1572692340344,open,1.59,21.0,1.519,1.682,1.596878,110.68,0.629,0.0,ETH-27DEC19-480-P,182.7,0.0,0.001,7.0,0.0,0.0,0.0,0.03826,-0.03858,-0.71629,0.00067,-0.97759
183.85,SYN.ETH-29NOV19,1572692340341,open,0.63,0.0,0.586,0.691,0.636313,98.69,None,0.0,ETH-29NOV19-300-P,182.7,0.0,0.0,0.0,0.0,0.0,0.0,0.04734,-0.08692,-0.21541,0.00193,-0.95494
185.06,ETH-27DEC19,1572692340344,open,0.0,5648.0,0.001,0.012,0.002984,109.99,0.004,0.0,ETH-27DEC19-480-C,182.7,110.07,0.003,1075.0,0.005,160.0,118.39,0.0371,-0.03719,0.00518,0.00066,0.02162
185.06,ETH-27DEC19,1572692340344,open,0.0,15074.0,0.001,0.011,0.000408,110.0,0.003,0.0,ETH-27DEC19-640-C,182.7,120.01,0.001,2100.0,0.003,189.0,136.09,0.00756,-0.00758,0.00086,0.00013,0.00351
189.69,SYN.ETH-26JUN20,1572692340341,open,2.41,0.0,2.292,2.543,2.412965,99.45,None,0.0,ETH-26JUN20-640-P,182.7,0.0,0.0,0.0,0.0,0.0,0.0,0.32655,-0.06855,-4.03912,0.00141,-0.86808
182.94,SYN.ETH-8NOV19,1572692340342,open,0.0,1255.0,0.001,0.011,0.000276,110.0,0.001,0.0,ETH-8NOV19-130-P,182.7,0.0,0.0,0.0,0.008,46.0,195.41,0.00389,-0.03643,-0.00018,0.00066,-0.00591
189.69,SYN.ETH-26JUN20,1572692340341,open,2.2,0.0,2.089,2.329,2.205105,97.63,None,0.0,ETH-26JUN20-600-P,182.7,0.0,0.0,0.0,0.0,0.0,0.0,0.34358,-0.0708,-3.7707,0.00151,-0.8579
185.06,ETH-27DEC19,1572692340345,open,0.0,4534.0,0.001,0.011,0.000103,110.0,0.002,0.0,ETH-27DEC19-760-C,182.7,0.0,0.0,0.0,0.002,29.0,144.0,0.00235,-0.00236,0.00024,4e-05,0.00097
189.69,SYN.ETH-26JUN20,1572692340341,open,0.08,241.0,0.045,0.111,0.077832,84.19,0.076,0.0,ETH-26JUN20-120-P,182.7,81.13,0.072,150.0,0.083,150.0,86.86,0.36448,-0.06477,-0.2869,0.00185,-0.15523
188.06,ETH-27MAR20,1572692340345,open,1.58,0.0,1.489,1.676,1.579051,97.54,None,0.0,ETH-27MAR20-480-P,182.7,0.0,0.003,10.0,0.0,0.0,0.0,0.22776,-0.07615,-1.85355,0.00165,-0.88709
189.69,SYN.ETH-26JUN20,1572692340343,open,1.8,0.0,1.688,1.911,1.79688,96.32,None,0.0,ETH-26JUN20-520-P,182.7,0.0,0.0,0.0,0.0,0.0,0.0,0.40235,-0.0818,-3.22029,0.00179,-0.81902
183.85,SYN.ETH-29NOV19,1572692340342,open,0.0,2535.0,0.001,0.011,0.001663,110.0,0.001,0.0,ETH-29NOV19-100-P,182.7,102.14,0.001,450.0,0.003,160.0,121.15,0.01812,-0.03708,-0.00216,0.00066,-0.01429
189.69,SYN.ETH-26JUN20,1572692340342,open,0.25,157.0,0.188,0.297,0.247261,84.5,0.261,0.0,ETH-26JUN20-200-C,182.7,79.28,0.231,150.0,0.259,150.0,88.29,0.58898,-0.10505,0.43863,0.00299,0.60357
189.69,SYN.ETH-26JUN20,1572692340342,open,2.0,0.0,1.888,2.119,1.999742,96.69,None,0.0,ETH-26JUN20-560-P,182.7,0.0,0.0,0.0,0.0,0.0,0.0,0.36962,-0.07544,-3.49762,0.00164,-0.84144
189.69,SYN.ETH-26JUN20,1572692340342,open,0.04,93.0,0.015,0.076,0.042065,97.63,0.045,0.0,ETH-26JUN20-600-C,182.7,95.33,0.038,150.0,0.046,3.0,99.75,0.34358,-0.0708,0.12315,0.00151,0.1421
189.69,SYN.ETH-26JUN20,1572692340342,open,0.46,0.0,0.376,0.524,0.452903,84.96,None,0.0,ETH-26JUN20-240-P,182.7,0.0,0.0,0.0,0.0,0.0,0.0,0.60964,-0.10933,-1.17379,0.00307,-0.50059
183.85,SYN.ETH-29NOV19,1572692340341,open,0.01,2239.0,0.001,0.022,0.009369,79.82,0.009,0.0,ETH-29NOV19-140-P,182.7,73.9,0.007,162.0,0.011,340.0,83.52,0.07828,-0.11624,-0.0129,0.00394,-0.08595
189.69,SYN.ETH-26JUN20,1572692340343,open,0.33,5.0,0.275,0.374,0.329441,83.87,0.275,0.0,ETH-26JUN20-160-C,182.7,76.31,0.309,150.0,0.344,150.0,89.27,0.51232,-0.09069,0.48366,0.00262,0.72232
189.69,SYN.ETH-26JUN20,1572692340342,open,0.63,0.0,0.542,0.705,0.625868,87.12,None,0.0,ETH-26JUN20-280-P,182.7,0.0,0.0,0.0,0.0,0.0,0.0,0.5971,-0.10981,-1.48543,0.00293,-0.58077
189.69,SYN.ETH-26JUN20,1572692340342,open,0.1,186.0,0.054,0.149,0.102128,91.0,0.117,0.0,ETH-26JUN20-360-C,182.7,87.37,0.092,150.0,0.112,150.0,94.46,0.536,-0.10296,0.25091,0.00252,0.30594
182.94,SYN.ETH-8NOV19,1572692340342,open,0.0,20.0,0.001,0.011,0.001918,91.92,0.002,0.0,ETH-8NOV19-150-P,182.7,81.75,0.001,3.0,0.003,200.0,100.77,0.01966,-0.15376,-0.00121,0.00397,-0.03915
189.69,SYN.ETH-26JUN20,1572692340343,open,0.08,300.0,0.04,0.127,0.08262,91.18,0.088,0.0,ETH-26JUN20-400-C,182.7,88.6,0.076,150.0,0.089,154.0,93.6,0.49405,-0.09509,0.21634,0.00232,0.25835
183.85,SYN.ETH-29NOV19,1572692340343,open,0.02,2060.0,0.004,0.031,0.014746,82.8,0.013,0.0,ETH-29NOV19-240-C,182.7,79.85,0.013,221.0,0.017,183.0,86.4,0.11179,-0.1722,0.01715,0.00543,0.1414
189.69,SYN.ETH-26JUN20,1572692340342,open,0.02,0.0,0.01,0.041,0.024439,88.62,None,0.0,ETH-26JUN20-80-P,182.7,83.72,0.02,150.0,0.029,150.0,93.3,0.17878,-0.03344,-0.10227,0.00086,-0.05863
189.69,SYN.ETH-26JUN20,1572692340342,open,0.05,45.0,0.018,0.084,0.047571,96.69,0.045,0.0,ETH-26JUN20-560-C,182.7,94.29,0.043,150.0,0.052,3.0,98.91,0.36962,-0.07544,0.13664,0.00164,0.15856
189.69,SYN.ETH-26JUN20,1572692340343,open,0.07,10.0,0.032,0.113,0.070602,92.66,0.041,0.0,ETH-26JUN20-440-C,182.7,90.31,0.065,150.0,0.076,4.0,94.86,0.45883,-0.08974,0.19063,0.00212,0.22545
189.69,SYN.ETH-26JUN20,1572692340343,open,0.04,45.0,0.013,0.073,0.039055,99.45,0.042,0.0,ETH-26JUN20-640-C,182.7,97.03,0.035,150.0,0.043,154.0,101.68,0.32655,-0.06855,0.11432,0.00141,0.13192
182.94,SYN.ETH-8NOV19,1572692340344,open,0.0,229.0,0.001,0.011,0.000996,102.5,0.001,0.0,ETH-8NOV19-240-C,182.7,0.0,0.0,0.0,0.002,200.0,114.59,0.01198,-0.1045,0.00061,0.00217,0.02157
189.69,SYN.ETH-26JUN20,1572692340343,open,0.19,236.0,0.129,0.238,0.187687,84.96,0.2,0.0,ETH-26JUN20-240-C,182.7,81.64,0.177,150.0,0.2,150.0,88.79,0.60964,-0.10933,0.38375,0.00307,0.49941
183.85,SYN.ETH-29NOV19,1572692340343,open,0.05,1797.0,0.021,0.074,0.047299,74.52,0.051,0.0,ETH-29NOV19-200-C,182.7,71.31,0.044,348.0,0.05,220.0,77.14,0.18937,-0.26254,0.04453,0.01021,0.37624
182.94,SYN.ETH-8NOV19,1572692340342,open,0.0,208.0,0.001,0.011,0.000496,104.9,0.001,0.0,ETH-8NOV19-250-C,182.7,0.0,0.0,0.0,0.001,1.0,115.26,0.00689,-0.06147,0.00032,0.00122,0.01131
183.85,SYN.ETH-29NOV19,1572692340344,open,0.01,448.0,0.001,0.016,0.005586,91.3,0.008,0.0,ETH-29NOV19-280-C,182.7,85.76,0.004,360.0,0.007,27.0,95.53,0.05765,-0.09793,0.00706,0.00254,0.05773
189.69,SYN.ETH-26JUN20,1572692340343,open,0.39,50.0,0.334,0.424,0.383367,84.19,0.325,0.0,ETH-26JUN20-140-C,182.7,74.64,0.361,150.0,0.398,150.0,90.38,0.44728,-0.07948,0.49363,0.00228,0.78435
182.94,SYN.ETH-8NOV19,1572692340341,open,0.0,404.0,0.001,0.011,0.000476,94.73,0.001,0.0,ETH-8NOV19-140-P,182.7,0.0,0.0,0.0,0.001,5.0,105.57,0.00679,-0.05473,-0.00034,0.00133,-0.01113
189.69,SYN.ETH-26JUN20,1572692340341,open,0.12,20.0,0.078,0.163,0.121409,84.19,0.13,0.0,ETH-26JUN20-140-P,182.7,79.76,0.111,150.0,0.132,150.0,88.67,0.44728,-0.07948,-0.41493,0.00228,-0.21565
183.85,SYN.ETH-29NOV19,1572692340343,open,0.53,0.0,0.481,0.58,0.528602,91.3,None,0.0,ETH-29NOV19-280-P,182.7,0.0,0.0,0.0,0.0,0.0,0.0,0.05765,-0.09793,-0.19911,0.00254,-0.94227
183.85,SYN.ETH-29NOV19,1572692340342,open,0.03,204.0,0.01,0.05,0.028237,75.48,0.029,0.0,ETH-29NOV19-160-P,182.7,72.65,0.026,128.0,0.031,448.0,78.91,0.14674,-0.20607,-0.03326,0.00781,-0.2175
189.69,SYN.ETH-26JUN20,1572692340343,open,0.22,151.0,0.155,0.264,0.214314,84.5,0.22,0.0,ETH-26JUN20-220-C,182.7,80.64,0.202,150.0,0.228,150.0,88.79,0.60507,-0.10792,0.41174,0.00307,0.54878
183.85,SYN.ETH-29NOV19,1572692340344,open,0.16,100.0,0.124,0.188,0.157943,75.48,0.14,0.0,ETH-29NOV19-160-C,182.7,67.85,0.152,320.0,0.163,320.0,81.71,0.14674,-0.20607,0.08455,0.00781,0.7825
183.85,SYN.ETH-29NOV19,1572692340342,open,0.25,1.0,0.22,0.274,0.247861,79.82,0.289,0.0,ETH-29NOV19-140-C,182.7,45.4,0.239,10.0,0.268,10.0,116.55,0.07828,-0.11624,0.09018,0.00394,0.91405
183.85,SYN.ETH-29NOV19,1572692340345,open,0.74,0.0,0.691,0.8,0.743177,99.41,None,0.0,ETH-29NOV19-320-P,182.7,0.0,0.0,0.0,0.0,0.0,0.0,0.03152,-0.05829,-0.23226,0.00127,-0.97256
189.69,SYN.ETH-26JUN20,1572692340341,open,1.0,0.0,0.906,1.092,0.999952,91.0,None,0.0,ETH-26JUN20-360-P,182.7,0.0,0.0,0.0,1.027,1.0,100.31,0.536,-0.10296,-2.0854,0.00252,-0.69406
189.69,SYN.ETH-26JUN20,1572692340342,open,0.01,182.0,0.001,0.018,0.008646,88.62,0.018,0.0,ETH-26JUN20-60-P,182.7,62.09,0.001,11.0,0.014,1.0,98.8,0.08768,-0.0164,-0.04075,0.00042,-0.02446
182.94,SYN.ETH-8NOV19,1572692340344,open,0.37,0.0,0.327,0.41,0.367044,104.9,None,0.0,ETH-8NOV19-250-P,182.7,0.0,0.01,15.0,0.0,0.0,0.0,0.00689,-0.06147,-0.03993,0.00122,-0.98869
9251.34,SYN.BTC-8NOV19,1572692340396,open,0.19,25.0,0.173,0.209,0.19049856,88.29,0.181,0.0,BTC-8NOV19-7500-C,9239.25,0.0,0.1745,6.0,0.207,6.0,172.55,0.72784,-5.46815,1.1656,6e-05,0.97317
9352.9,BTC-27DEC19,1572692340399,open,0.32,73.4,0.2775,0.3595,0.31794456,74.47,0.3635,0.0,BTC-27DEC19-12000-P,9239.25,0.0,0.2785,5.0,0.358,5.0,104.69,11.17494,-7.58291,-15.21132,0.00011,-0.76383
9251.34,SYN.BTC-8NOV19,1572692340420,open,0.14,69.6,0.118,0.1575,0.13761791,74.47,0.1385,0.0,BTC-8NOV19-8000-C,9239.25,0.0,0.1195,6.0,0.155,6.0,141.65,1.33288,-8.44699,1.20024,0.00013,0.94355
9294.91,SYN.BTC-29NOV19,1572692340488,open,0.09,364.6,0.06,0.1145,0.0881633,66.91,0.0905,0.0,BTC-29NOV19-9000-C,9239.25,65.79,0.087,1.0,0.0915,9.8,70.1,9.7062,-12.08183,3.54267,0.00023,0.60579
9251.42,SYN.BTC-8NOV19,1572692340626,open,0.0,244.5,0.0005,0.0105,0.00047999,98.37,0.0005,0.0,BTC-8NOV19-7000-P,9239.25,0.0,0.0,0.0,0.001,10.5,109.42,0.33491,-2.80335,-0.01682,2e-05,-0.01081
9294.91,SYN.BTC-29NOV19,1572692340713,open,0.04,492.0,0.0205,0.067,0.0431331,66.91,0.04,0.0,BTC-29NOV19-10000-C,9239.25,63.86,0.04,30.7,0.0455,12.8,69.2,9.58423,-11.93012,2.28868,0.00023,0.37754
9512.23,BTC-27MAR20,1572692340755,open,0.36,52.6,0.3175,0.431,0.37504082,78.27,0.355,0.0,BTC-27MAR20-12000-P,9239.25,55.04,0.32,4.0,0.418,4.0,95.51,23.40604,-6.27967,-36.60666,8e-05,-0.58787
9512.23,BTC-27MAR20,1572692340756,open,0.36,52.6,0.3175,0.431,0.37504082,78.27,0.355,0.0,BTC-27MAR20-12000-P,9239.25,55.04,0.32,4.0,0.4175,4.0,95.31,23.40604,-6.27967,-36.60666,8e-05,-0.58787
9595.23,SYN.BTC-26JUN20,1572692340897,open,0.59,0.0,0.5795,0.611,0.59438896,73.27,None,0.0,BTC-26JUN20-4000-C,9239.25,42.57,0.5835,8.0,0.612,1.0,94.24,6.35276,-0.98246,22.90751,1e-05,0.96226
9352.96,BTC-27DEC19,1572692340923,open,0.23,299.6,0.2005,0.256,0.22914745,72.66,0.221,0.0,BTC-27DEC19-7500-C,9239.25,35.64,0.201,10.0,0.2395,16.0,82.57,9.43631,-6.24759,8.34198,0.0001,0.82239
9294.91,SYN.BTC-29NOV19,1572692340931,open,0.01,142.3,0.0005,0.0195,0.0076827,75.15,0.007,0.0,BTC-29NOV19-12500-C,9239.25,73.54,0.007,6.0,0.0085,16.0,76.98,4.04064,-5.64934,0.55226,8e-05,0.08837
9265.92,SYN.BTC-15NOV19,1572692340941,open,0.22,0.0,0.202,0.239,0.22020859,78.75,None,0.0,BTC-15NOV19-7250-C,9239.25,0.0,0.2035,7.0,0.237,7.0,134.19,1.54752,-4.73259,2.41297,6e-05,0.95842
9294.85,SYN.BTC-29NOV19,1572692340943,open,0.35,0.0,0.321,0.387,0.35251342,75.15,None,0.0,BTC-29NOV19-12500-P,9239.25,0.0,0.322,4.0,0.3835,4.0,122.09,4.04022,-5.64861,-8.65182,8e-05,-0.91164
9265.92,SYN.BTC-15NOV19,1572692340945,open,0.19,0.0,0.175,0.2135,0.19398831,73.59,None,0.0,BTC-15NOV19-7500-C,9239.25,0.0,0.176,7.0,0.2125,7.0,126.82,1.9341,-5.52746,2.45502,9e-05,0.94507
9265.92,SYN.BTC-15NOV19,1572692340946,open,0.17,0.0,0.148,0.1885,0.16801587,68.46,None,0.0,BTC-15NOV19-7750-C,9239.25,0.0,0.1485,7.0,0.1875,7.0,117.76,2.41355,-6.4164,2.48081,0.00012,0.92698
9512.3,BTC-27MAR20,1572692340952,open,0.49,1.0,0.4695,0.507,0.48764033,74.54,0.551,0.0,BTC-27MAR20-5000-C,9239.25,0.0,0.4715,8.0,0.5055,8.0,95.41,6.66625,-1.70326,17.3967,2e-05,0.94524
9265.92,SYN.BTC-15NOV19,1572692340953,open,0.14,0.0,0.1215,0.1645,0.14311384,65.51,None,0.0,BTC-15NOV19-8000-C,9239.25,0.0,0.122,7.0,0.165,7.0,112.85,3.15698,-8.03109,2.45879,0.00016,0.89535
9294.85,SYN.BTC-29NOV19,1572692340955,open,0.26,7.7,0.235,0.277,0.25576842,81.11,0.245,0.0,BTC-29NOV19-7000-C,9239.25,0.0,0.235,8.0,0.2735,8.0,115.06,3.78493,-5.71128,4.53914,7e-05,0.919
9294.85,SYN.BTC-29NOV19,1572692340959,open,0.3,0.0,0.2695,0.335,0.30123475,72.53,None,0.0,BTC-29NOV19-12000-P,9239.25,0.0,0.2705,5.0,0.3335,5.0,116.74,4.90062,-6.61274,-8.11741,0.00011,-0.88483
9352.96,BTC-27DEC19,1572692340960,open,0.37,102.4,0.3485,0.386,0.36689226,79.93,0.4,0.0,BTC-27DEC19-6000-C,9239.25,0.0,0.349,10.0,0.3835,10.0,108.68,4.10444,-2.9892,8.11206,4e-05,0.94378
9352.9,BTC-27DEC19,1572692340974,open,0.27,64.6,0.247,0.297,0.2722154,74.61,0.265,0.0,BTC-27DEC19-7000-C,9239.25,46.16,0.255,11.0,0.2965,10.0,101.21,7.50026,-5.09892,8.46424,8e-05,0.87416
9352.93,BTC-27DEC19,1572692340975,open,0.32,66.1,0.2965,0.34,0.31822726,76.78,0.355,0.0,BTC-27DEC19-6500-C,9239.25,0.0,0.2975,10.0,0.338,10.0,103.73,5.65121,-3.9534,8.38929,6e-05,0.91484
9294.85,SYN.BTC-29NOV19,1572692340976,open,0.16,5.0,0.1265,0.192,0.15932567,67.78,0.15,0.0,BTC-29NOV19-10500-P,9239.25,0.0,0.126,6.0,0.1955,6.0,104.28,8.5492,-10.78121,-5.99034,0.0002,-0.71595
9352.93,BTC-27DEC19,1572692340979,open,0.23,247.2,0.189,0.2695,0.22925041,72.54,0.254,0.0,BTC-27DEC19-11000-P,9239.25,42.59,0.1915,7.0,0.27,7.0,100.32,13.15554,-8.69495,-12.62529,0.00014,-0.66861
183.85,SYN.ETH-29NOV19,1572692341027,open,0.0,539.0,0.001,0.012,0.002588,99.41,0.005,0.0,ETH-29NOV19-320-C,182.7,87.16,0.001,188.0,0.004,28.0,106.54,0.03152,-0.05829,0.00336,0.00127,0.02744
183.85,SYN.ETH-29NOV19,1572692341035,open,0.0,539.0,0.001,0.012,0.002588,99.41,0.005,0.0,ETH-29NOV19-320-C,182.7,87.16,0.001,388.0,0.004,28.0,106.54,0.03152,-0.05829,0.00336,0.00127,0.02744
9352.88,BTC-27DEC19,1572692341240,open,0.0,562.6,0.0005,0.0105,3.66e-05,105.0,0.001,0.0,BTC-27DEC19-40000-C,9239.25,0.0,0.0,0.0,0.001,25.0,136.93,0.05017,-0.048,0.00485,0.0,0.00038
9512.26,BTC-27MAR20,1572692341246,open,2.79,0.0,2.7115,2.8785,2.79072991,97.08,None,0.0,BTC-27MAR20-36000-P,9239.25,0.0,0.0,0.0,0.0,0.0,0.0,4.24003,-1.41086,-142.92023,1e-05,-0.96868
9595.26,SYN.BTC-26JUN20,1572692341270,open,0.05,85.6,0.0295,0.0835,0.05511969,73.26,0.0515,0.0,BTC-26JUN20-6000-P,9239.25,66.52,0.0435,14.0,0.0535,3.0,72.35,17.01379,-2.63111,-12.00847,4e-05,-0.13772
9251.42,SYN.BTC-8NOV19,1572692341278,open,0.0,137.7,0.0005,0.0105,0.00074233,94.79,0.0005,0.0,BTC-8NOV19-12000-C,9239.25,0.0,0.0,0.0,0.0015,20.8,105.48,0.51325,-4.14001,0.02532,4e-05,0.01774
9352.88,BTC-27DEC19,1572692341286,open,0.47,66.8,0.4555,0.484,0.4691572,90.45,0.4085,0.0,BTC-27DEC19-5000-C,9239.25,0.0,0.458,1.0,0.482,11.0,126.08,2.11556,-1.74359,7.1137,2e-05,0.97506
9352.88,BTC-27DEC19,1572692341319,open,0.68,10.0,0.6695,0.689,0.67942249,105.16,0.618,0.0,BTC-27DEC19-3000-C,9239.25,0.0,0.6715,1.0,0.688,1.0,182.52,0.16432,-0.15744,4.48836,0.0,0.99862
9512.26,BTC-27MAR20,1572692341319,open,0.06,344.3,0.0375,0.1115,0.07328951,78.28,0.0745,0.0,BTC-27MAR20-14000-C,9239.25,75.14,0.0665,5.0,0.076,0.1,79.51,20.80731,-5.5825,8.49777,7e-05,0.29682
9352.88,BTC-27DEC19,1572692341320,open,0.0,886.2,0.0005,0.0105,0.00017656,105.0,0.0005,0.0,BTC-27DEC19-3000-P,9239.26,117.16,0.0005,20.0,0.001,1.0,127.5,0.16243,-0.15539,-0.02168,0.0,-0.00137
9512.26,BTC-27MAR20,1572692341320,open,0.93,0.0,0.8715,0.99,0.92832604,81.55,1.23,0.0,BTC-27MAR20-18000-P,9239.26,0.0,0.0,0.0,0.0,0.0,0.0,14.85189,-4.15144,-67.08471,5e-05,-0.83629
9352.88,BTC-27DEC19,1572692341320,open,0.0,449.3,0.0005,0.0105,1.454e-05,105.0,0.0005,0.0,BTC-27DEC19-44000-C,9239.26,0.0,0.0,0.0,0.001,25.0,144.36,0.0222,-0.02124,0.00203,0.0,0.00016
9352.88,BTC-27DEC19,1572692341320,open,0.01,386.7,0.0005,0.0155,0.00573417,85.21,0.0055,0.0,BTC-27DEC19-5500-P,9239.26,82.84,0.005,0.2,0.0065,16.0,87.51,3.00897,-2.33611,-0.61753,3e-05,-0.03818
9512.26,BTC-27MAR20,1572692341320,open,1.54,0.0,1.481,1.618,1.545635,93.21,None,0.0,BTC-27MAR20-24000-P,9239.26,0.0,0.0005,5.0,0.0,0.0,0.0,10.62852,-3.39548,-92.93781,3e-05,-0.89903
9512.26,BTC-27MAR20,1572692341320,open,0.1,324.7,0.0655,0.141,0.10318979,74.55,0.1,0.0,BTC-27MAR20-8000-P,9239.26,70.88,0.0955,6.0,0.1085,5.0,77.07,20.00214,-5.11094,-14.31087,7e-05,-0.27325
9352.88,BTC-27DEC19,1572692341320,open,0.84,10.1,0.83,0.8495,0.83962256,116.3,0.8205,0.0,BTC-27DEC19-1500-C,9239.26,0.0,0.8315,1.0,0.848,1.0,287.53,0.0015,-0.00159,2.25502,0.0,0.99999
9352.88,BTC-27DEC19,1572692341320,open,3.7,0.0,3.6125,3.8005,3.70442268,0.0,3.46,0.0,BTC-27DEC19-44000-P,9239.26,0.0,0.001,1.0,0.0,0.0,0.0,0.0,0.0,-66.15152,0.0,-1.0
9512.26,BTC-27MAR20,1572692341320,open,0.1,697.1,0.07,0.156,0.11350931,78.28,0.115,0.0,BTC-27MAR20-12000-C,9239.26,72.96,0.1005,6.0,0.1275,10.0,83.93,23.40618,-6.27976,11.3526,8e-05,0.41213
9352.88,BTC-27DEC19,1572692341320,open,4.56,0.8,4.451,4.673,4.55975763,0.0,3.59,0.0,BTC-27DEC19-52000-P,9239.26,0.0,0.001,1.0,0.0,0.0,0.0,0.0,0.0,-78.17907,0.0,-1.0
9512.26,BTC-27MAR20,1572692341320,open,0.03,481.0,0.014,0.0535,0.03196201,74.55,0.032,0.0,BTC-27MAR20-6000-P,9239.26,68.55,0.025,14.0,0.031,5.5,73.75,11.48951,-2.9358,-5.49121,4e-05,-0.11248
9352.88,BTC-27DEC19,1572692341320,open,0.73,0.0,0.723,0.7425,0.73273783,105.54,None,0.0,BTC-27DEC19-2500-C,9239.26,0.0,0.725,1.0,0.741,1.0,207.58,0.04051,-0.03896,3.75385,0.0,0.9997
9352.89,BTC-27DEC19,1572692341321,open,0.02,289.7,0.0075,0.0385,0.02064545,74.61,0.02,0.0,BTC-27DEC19-7000-P,9239.26,72.53,0.019,8.0,0.0225,24.0,76.89,7.49968,-5.09811,-2.05961,8e-05,-0.12583
9352.89,BTC-27DEC19,1572692341321,open,0.0,677.2,0.0005,0.0115,0.00175306,101.76,0.0015,0.0,BTC-27DEC19-24000-C,9239.26,95.3,0.001,1.0,0.0025,24.0,106.45,1.31226,-1.21676,0.1754,1e-05,0.01423
9512.26,BTC-27MAR20,1572692341321,open,0.01,85.8,0.0005,0.0225,0.00776254,97.13,0.009,0.0,BTC-27MAR20-34000-C,9239.26,92.38,0.0055,16.0,0.0075,5.0,96.63,5.03264,-1.67552,1.17185,1e-05,0.03859
9512.26,BTC-27MAR20,1572692341321,open,0.06,62.6,0.0335,0.092,0.06178762,74.55,0.063,0.0,BTC-27MAR20-7000-P,9239.26,69.92,0.054,16.0,0.062,5.0,74.67,16.19728,-4.13873,-9.48517,6e-05,-0.18771
9352.89,BTC-27DEC19,1572692341322,open,0.79,0.0,0.7765,0.796,0.78616657,106.54,None,0.0,BTC-27DEC19-2000-C,9239.26,0.0,0.778,1.0,0.7945,1.0,241.78,0.00614,-0.00596,3.00626,0.0,0.99996
9352.89,BTC-27DEC19,1572692341322,open,1.57,0.0,1.516,1.6245,1.56779382,101.69,None,0.0,BTC-27DEC19-24000-P,9239.26,0.0,0.0,0.0,0.0,0.0,0.0,1.30652,-1.2105,-35.9081,1e-05,-0.98585
9352.89,BTC-27DEC19,1572692341322,open,0.0,430.0,0.0005,0.012,0.00200425,95.58,0.003,0.0,BTC-27DEC19-22000-C,9239.26,87.86,0.001,15.0,0.003,24.0,100.89,1.52021,-1.32388,0.20927,1e-05,0.01689
9352.89,BTC-27DEC19,1572692341322,open,0.63,4.3,0.6165,0.636,0.62642366,105.03,0.5625,0.0,BTC-27DEC19-3500-C,9239.26,0.0,0.6185,1.0,0.6345,1.0,159.54,0.471,-0.45075,5.19073,0.0,0.99557
9512.26,BTC-27MAR20,1572692341322,open,1.13,5.2,1.0725,1.195,1.13051642,84.29,1.108,0.0,BTC-27MAR20-20000-P,9239.26,0.0,0.0,0.0,0.0,0.0,0.0,12.69701,-3.66851,-76.06655,4e-05,-0.87036
9512.26,BTC-27MAR20,1572692341322,open,0.01,609.0,0.0005,0.0165,0.00505048,100.28,0.005,0.0,BTC-27MAR20-40000-C,9239.26,98.76,0.0045,22.0,0.0055,5.0,101.43,3.59277,-1.23486,0.7837,1e-05,0.02567
9352.89,BTC-27DEC19,1572692341322,open,0.0,255.7,0.0005,0.0105,1.1e-07,105.0,0.001,0.0,BTC-27DEC19-1500-P,9239.26,0.0,0.0,0.0,0.0005,96.0,186.54,0.00023,-0.00022,-2e-05,0.0,0.0
9512.26,BTC-27MAR20,1572692341322,open,0.05,973.3,0.022,0.0845,0.05053917,79.9,0.049,0.0,BTC-27MAR20-16000-C,9239.26,77.7,0.0465,5.0,0.054,0.1,81.73,17.7402,-4.85829,6.38892,6e-05,0.21859
9512.26,BTC-27MAR20,1572692341323,open,0.01,155.4,0.0035,0.0265,0.0132756,74.55,0.0155,0.0,BTC-27MAR20-5000-P,9239.26,57.47,0.004,1.0,0.014,6.0,75.57,6.66705,-1.70357,-2.58672,2e-05,-0.05477
9352.89,BTC-27DEC19,1572692341324,open,1.14,3.6,1.097,1.19,1.14118901,90.89,1.729,0.0,BTC-27DEC19-20000-P,9239.26,0.0,0.0005,0.1,0.0,0.0,0.0,2.03614,-1.6863,-29.77329,2e-05,-0.97617
9251.42,SYN.BTC-8NOV19,1572692341321,open,0.16,0.6,0.1395,0.1905,0.16373218,69.67,0.1265,0.0,BTC-8NOV19-10750-P,9239.26,0.0,0.0,0.0,0.0,0.0,0.0,1.19203,-7.06701,-1.66008,0.00012,-0.95096
9352.89,BTC-27DEC19,1572692341324,open,2.42,0.3,2.3545,2.4925,2.42163893,104.09,1.875,0.0,BTC-27DEC19-32000-P,9239.26,0.0,0.0005,0.1,0.0,0.0,0.0,0.25214,-0.23913,-48.08239,0.0,-0.99779
9595.26,SYN.BTC-26JUN20,1572692341320,open,1.95,0.0,1.8745,2.0415,1.95369697,89.49,None,0.0,BTC-26JUN20-28000-P,9239.26,0.0,0.0,0.0,0.0,0.0,0.0,16.37555,-3.09316,-175.81715,3e-05,-0.86973
9251.42,SYN.BTC-8NOV19,1572692341320,open,0.0,1047.7,0.0005,0.014,0.00361941,68.64,0.0025,0.0,BTC-8NOV19-8250-P,9239.26,65.42,0.003,0.5,0.0045,25.0,72.8,1.85949,-10.86063,-0.13504,0.0002,-0.08706
9251.42,SYN.BTC-8NOV19,1572692341320,open,0.38,0.0,0.3515,0.4085,0.37859429,105.36,None,0.0,BTC-8NOV19-12750-P,9239.26,0.0,0.0,0.0,0.0,0.0,0.0,0.30838,-2.76494,-2.03845,2e-05,-0.99016
9294.9,SYN.BTC-29NOV19,1572692341322,open,0.04,358.5,0.0165,0.0595,0.03649511,68.89,0.0395,0.0,BTC-29NOV19-8500-P,9239.26,66.17,0.034,16.8,0.039,16.8,71.61,8.54508,-10.95203,-2.19186,0.00019,-0.28376
9251.42,SYN.BTC-8NOV19,1572692341320,open,0.14,1.2,0.113,0.1635,0.13736963,65.2,0.1195,0.0,BTC-8NOV19-10500-P,9239.26,0.0,0.117,4.0,0.1605,4.0,137.92,1.54566,-8.57628,-1.59221,0.00017,-0.93175
9595.26,SYN.BTC-26JUN20,1572692341320,open,1.34,0.0,1.272,1.422,1.34406337,83.48,None,0.0,BTC-26JUN20-22000-P,9239.26,0.0,0.11,1.0,0.0,0.0,0.0,20.61177,-3.63193,-134.46591,4e-05,-0.81531
9251.42,SYN.BTC-8NOV19,1572692341320,open,0.0,102.1,0.0005,0.0105,0.00099484,78.11,0.0005,0.0,BTC-8NOV19-11250-C,9239.26,70.49,0.0005,15.9,0.0015,5.0,83.68,0.73566,-4.88995,0.03899,7e-05,0.02718
9294.9,SYN.BTC-29NOV19,1572692341321,open,0.0,452.6,0.0005,0.0135,0.00389028,95.52,0.0035,0.0,BTC-29NOV19-6000-P,9239.26,90.91,0.003,16.0,0.005,26.0,100.51,1.92651,-3.42362,-0.26282,3e-05,-0.03451
9251.42,SYN.BTC-8NOV19,1572692341320,open,0.01,257.0,0.0005,0.026,0.01008415,60.19,0.011,0.0,BTC-8NOV19-8750-P,9239.26,57.27,0.009,0.4,0.011,16.0,62.59,3.48715,-17.86093,-0.34457,0.00042,-0.22129
9595.26,SYN.BTC-26JUN20,1572692341322,open,0.05,3.0,0.021,0.093,0.05269544,89.48,0.04,0.0,BTC-26JUN20-24000-C,9239.26,83.15,0.04,3.9,0.0665,12.0,95.68,20.35698,-3.84498,7.99251,4e-05,0.18105
9294.9,SYN.BTC-29NOV19,1572692341320,open,0.0,235.1,0.0005,0.0135,0.00350981,82.04,0.0035,0.0,BTC-29NOV19-14000-C,9239.26,77.46,0.0025,1.0,0.0045,16.0,85.82,2.2591,-3.44822,0.2631,4e-05,0.04195
9595.26,SYN.BTC-26JUN20,1572692341320,open,0.03,4.3,0.012,0.0695,0.03558157,89.48,0.039,0.0,BTC-26JUN20-28000-C,9239.26,86.07,0.03,3.0,0.039,1.0,91.44,16.37348,-3.09259,5.89481,3e-05,0.13025
9251.42,SYN.BTC-8NOV19,1572692341320,open,0.19,0.0,0.166,0.2175,0.1905274,76.03,None,0.0,BTC-8NOV19-11000-P,9239.26,0.0,0.0,0.0,0.0,0.0,0.0,1.01897,-6.59234,-1.71291,0.0001,-0.95964
9251.42,SYN.BTC-8NOV19,1572692341321,open,0.33,0.0,0.2985,0.3545,0.32487458,101.28,None,0.0,BTC-8NOV19-12250-P,9239.26,0.0,0.0165,0.1,0.0,0.0,0.0,0.49428,-4.25987,-1.94782,4e-05,-0.98302
9251.42,SYN.BTC-8NOV19,1572692341322,open,0.3,0.0,0.272,0.327,0.29785238,94.99,None,0.0,BTC-8NOV19-12000-P,9239.26,0.0,0.0,0.0,0.0,0.0,0.0,0.51844,-4.19089,-1.90612,4e-05,-0.98205
9294.9,SYN.BTC-29NOV19,1572692341320,open,0.01,1075.7,0.0005,0.0165,0.00582314,77.51,0.005,0.0,BTC-29NOV19-13000-C,9239.26,75.1,0.005,26.0,0.0065,16.0,79.35,3.31581,-4.78113,0.42629,7e-05,0.06811
9595.26,SYN.BTC-26JUN20,1572692341320,open,0.01,199.4,0.0015,0.0225,0.0112626,73.26,0.0085,0.0,BTC-26JUN20-4000-P,9239.26,67.91,0.008,3.0,0.012,3.0,74.36,6.35223,-0.98235,-3.05111,1e-05,-0.03773
9294.9,SYN.BTC-29NOV19,1572692341320,open,0.21,67.8,0.1835,0.2305,0.20716251,75.68,0.195,0.0,BTC-29NOV19-7500-C,9239.26,49.78,0.196,12.0,0.213,4.0,85.47,5.20943,-7.33515,4.56659,0.00011,0.8744
9294.9,SYN.BTC-29NOV19,1572692341320,open,0.06,344.2,0.036,0.0875,0.06207074,66.4,0.0615,0.0,BTC-29NOV19-9500-C,9239.26,63.56,0.059,13.6,0.0645,0.1,68.64,10.05724,-12.4235,2.91243,0.00024,0.48761
9251.42,SYN.BTC-8NOV19,1572692341320,open,0.01,168.6,0.0015,0.0275,0.0113664,60.01,0.0105,0.0,BTC-8NOV19-9750-C,9239.26,54.08,0.009,0.4,0.0115,16.0,60.34,3.78783,-19.34406,0.36645,0.00046,0.25743
9294.9,SYN.BTC-29NOV19,1572692341321,open,0.01,676.9,0.0005,0.015,0.00532268,86.15,0.004,0.0,BTC-29NOV19-6500-P,9239.26,83.07,0.0045,16.0,0.006,0.3,88.51,2.59277,-4.15562,-0.37723,5e-05,-0.04979
9251.42,SYN.BTC-8NOV19,1572692341325,open,0.0,124.2,0.0005,0.0115,0.00173776,69.59,0.002,0.0,BTC-8NOV19-10750-C,9239.26,62.92,0.001,5.5,0.0025,20.5,74.93,1.18811,-7.03574,0.07015,0.00012,0.04884
9595.26,SYN.BTC-26JUN20,1572692341322,open,0.06,62.7,0.0265,0.1,0.05982964,81.21,0.0665,0.0,BTC-26JUN20-20000-C,9239.26,80.0,0.057,3.0,0.0625,10.0,82.35,22.47399,-3.8527,9.54885,5e-05,0.21317
9251.42,SYN.BTC-8NOV19,1572692341323,open,0.03,145.4,0.01,0.053,0.03028835,60.01,0.029,0.0,BTC-8NOV19-9250-P,9239.26,50.54,0.0255,0.4,0.0295,1.0,58.45,4.679,-23.89348,-0.76594,0.00057,-0.48401
9251.42,SYN.BTC-8NOV19,1572692341334,open,0.22,16.9,0.2005,0.235,0.21729884,96.84,0.2615,0.0,BTC-8NOV19-7250-C,9239.26,0.0,0.203,6.0,0.2315,6.0,181.72,0.57815,-4.76457,1.13526,4e-05,0.97959
9251.42,SYN.BTC-8NOV19,1572692341320,open,0.01,535.0,0.0005,0.02,0.00658815,60.86,0.006,0.0,BTC-8NOV19-10000-C,9239.26,58.97,0.006,20.2,0.007,20.0,62.15,2.92806,-15.16398,0.23779,0.00035,0.16626
9294.9,SYN.BTC-29NOV19,1572692341321,open,0.02,519.6,0.0065,0.039,0.0204633,69.06,0.0195,0.0,BTC-29NOV19-11000-C,9239.26,67.17,0.019,20.0,0.0215,12.8,70.37,7.27667,-9.34892,1.29978,0.00017,0.21038
9595.26,SYN.BTC-26JUN20,1572692341326,open,0.03,71.5,0.01,0.065,0.0322934,91.26,0.0295,0.0,BTC-26JUN20-30000-C,9239.26,89.47,0.0295,0.1,0.035,1.0,92.93,15.31986,-2.95123,5.36387,3e-05,0.11843
9265.91,SYN.BTC-15NOV19,1572692341338,open,0.25,0.0,0.2295,0.2635,0.24598253,78.81,None,0.0,BTC-15NOV19-7000-C,9239.26,0.0,0.2315,7.0,0.263,7.0,144.84,1.00026,-3.06135,2.3845,4e-05,0.97549
9294.9,SYN.BTC-29NOV19,1572692341340,open,0.4,0.0,0.373,0.439,0.40443626,77.5,None,0.0,BTC-29NOV19-13000-P,9239.26,0.0,0.375,4.0,0.435,4.0,128.28,3.31484,-4.77918,-9.14603,7e-05,-0.93192
183.86,SYN.ETH-29NOV19,1572692341344,open,0.0,420.0,0.001,0.014,0.004511,98.68,0.004,0.0,ETH-29NOV19-300-C,182.7,92.08,0.003,200.0,0.006,187.0,103.98,0.04735,-0.08692,0.00549,0.00193,0.04507
188.06,ETH-27MAR20,1572692341351,open,0.02,886.0,0.005,0.038,0.017529,99.46,0.028,0.0,ETH-27MAR20-560-C,182.7,96.59,0.015,240.0,0.02,240.0,102.05,0.17282,-0.05892,0.0452,0.00123,0.07766
188.06,ETH-27MAR20,1572692341351,open,0.03,966.0,0.011,0.06,0.032201,95.49,0.039,0.0,ETH-27MAR20-440-C,182.7,91.53,0.027,260.0,0.036,260.0,98.19,0.25721,-0.08418,0.07674,0.00191,0.1343
185.06,ETH-27DEC19,1572692341351,open,0.01,5803.0,0.003,0.026,0.012913,87.46,0.014,0.0,ETH-27DEC19-120-P,182.7,83.81,0.011,360.0,0.015,520.0,91.18,0.10049,-0.08007,-0.02417,0.00223,-0.07395
189.7,SYN.ETH-26JUN20,1572692341353,open,0.18,314.0,0.12,0.222,0.172918,83.87,0.155,0.0,ETH-26JUN20-160-P,182.7,78.73,0.159,150.0,0.187,150.0,89.1,0.51232,-0.0907,-0.5547,0.00262,-0.27765
185.06,ETH-27DEC19,1572692341357,open,2.67,1.0,2.568,2.789,2.674938,115.69,2.792,0.0,ETH-27DEC19-680-P,182.7,0.0,0.002,10.0,0.0,0.0,0.0,0.00795,-0.00838,-1.02143,0.00013,-0.99629
9251.42,SYN.BTC-8NOV19,1572692341359,open,0.16,42.1,0.1455,0.183,0.16374083,79.29,0.18,0.0,BTC-8NOV19-7750-C,9239.26,0.0,0.1475,6.0,0.1805,6.0,155.65,0.9092,-6.13462,1.19314,8e-05,0.9649
182.95,SYN.ETH-8NOV19,1572692341368,open,0.35,0.0,0.324,0.363,0.344097,92.95,None,0.0,ETH-8NOV19-120-C,182.7,0.0,0.0,0.0,0.0,0.0,0.0,0.00013,-0.00099,0.01931,2e-05,0.99986
9265.91,SYN.BTC-15NOV19,1572692341371,open,0.25,0.0,0.2295,0.2635,0.24598253,78.81,None,0.0,BTC-15NOV19-7000-C,9239.26,0.0,0.2315,7.0,0.2625,7.0,143.51,1.00026,-3.06135,2.3845,4e-05,0.97549
182.95,SYN.ETH-8NOV19,1572692341370,open,0.2,0.0,0.168,0.243,0.204103,80.78,None,0.0,ETH-8NOV19-220-P,182.7,0.0,0.01,15.0,0.0,0.0,0.0,0.0201,-0.13817,-0.03428,0.00462,-0.95976
182.95,SYN.ETH-8NOV19,1572692341374,open,0.24,0.0,0.212,0.258,0.23521,93.58,None,0.0,ETH-8NOV19-140-C,182.7,0.0,0.0,0.0,0.0,0.0,0.0,0.00638,-0.05082,0.02222,0.00127,0.98964
185.06,ETH-27DEC19,1572692341386,open,0.63,1.0,0.581,0.698,0.637718,89.92,0.494,0.0,ETH-27DEC19-300-P,182.7,0.0,0.01,5.0,0.0,0.0,0.0,0.13746,-0.11262,-0.42425,0.00297,-0.8871
189.7,SYN.ETH-26JUN20,1572692341390,open,0.45,0.0,0.404,0.481,0.445224,84.18,None,0.0,ETH-26JUN20-120-C,182.7,71.14,0.421,150.0,0.474,150.0,98.81,0.36446,-0.06476,0.49193,0.00185,0.8448
185.06,ETH-27DEC19,1572692341396,open,0.0,9302.0,0.001,0.011,0.001079,110.0,0.004,0.0,ETH-27DEC19-560-C,182.7,118.04,0.002,70.0,0.004,160.0,129.06,0.01674,-0.01678,0.00209,0.0003,0.00859
9294.9,SYN.BTC-29NOV19,1572692341399,open,0.62,0.0,0.5825,0.6535,0.6163276,88.04,None,0.0,BTC-29NOV19-15000-P,9239.26,0.0,0.5855,3.0,0.6455,3.0,152.42,1.7062,-2.79455,-10.8583,3e-05,-0.97021
182.95,SYN.ETH-8NOV19,1572692341400,open,0.26,0.0,0.221,0.3,0.258722,95.73,None,0.0,ETH-8NOV19-230-P,182.7,0.0,0.0,0.0,0.0,0.0,0.0,0.01757,-0.14311,-0.03607,0.00341,-0.96588
185.06,ETH-27DEC19,1572692341405,open,0.0,11024.0,0.001,0.011,0.001784,110.0,0.005,0.0,ETH-27DEC19-520-C,182.7,111.54,0.002,2100.0,0.004,160.0,122.15,0.02495,-0.025,0.00328,0.00044,0.01358
188.06,ETH-27MAR20,1572692341410,open,0.03,1161.0,0.008,0.052,0.026539,97.43,0.037,0.0,ETH-27MAR20-480-C,182.7,94.39,0.023,240.0,0.03,240.0,100.21,0.22718,-0.07587,0.06461,0.00165,0.1125
182.95,SYN.ETH-8NOV19,1572692341421,open,0.0,339.0,0.001,0.012,0.002525,70.34,0.002,0.0,ETH-8NOV19-210-C,182.7,58.71,0.001,6.0,0.004,200.0,78.28,0.03005,-0.17985,0.00189,0.00793,0.06676
182.95,SYN.ETH-8NOV19,1572692341421,open,0.0,259.0,0.001,0.011,0.00154,80.17,0.002,0.0,ETH-8NOV19-220-C,182.7,74.47,0.001,11.0,0.002,200.0,84.14,0.01961,-0.13381,0.0011,0.00454,0.03904
9251.42,SYN.BTC-8NOV19,1572692341424,open,0.19,25.0,0.173,0.209,0.19050564,88.29,0.181,0.0,BTC-8NOV19-7500-C,9239.26,0.0,0.1745,6.0,0.2065,6.0,170.78,0.72775,-5.46754,1.1656,6e-05,0.97317
182.95,SYN.ETH-8NOV19,1572692341426,open,0.18,0.0,0.155,0.208,0.181989,91.52,None,0.0,ETH-8NOV19-150-C,182.7,0.0,0.0,0.0,0.0,0.0,0.0,0.01939,-0.15105,0.02296,0.00393,0.96149
189.7,SYN.ETH-26JUN20,1572692341431,open,1.19,0.0,1.095,1.288,1.191314,91.22,None,0.0,ETH-26JUN20-400-P,182.7,0.0,0.0,0.0,0.0,0.0,0.0,0.49429,-0.09517,-2.37942,0.00232,-0.74143
185.06,ETH-27DEC19,1572692341437,open,2.02,0.0,1.939,2.123,2.027288,111.71,0.845,0.0,ETH-27DEC19-560-P,182.7,0.0,0.0,0.0,0.0,0.0,0.0,0.01854,-0.01887,-0.83959,0.00032,-0.99035
189.7,SYN.ETH-26JUN20,1572692341437,open,0.06,0.0,0.026,0.102,0.061594,94.25,None,0.0,ETH-26JUN20-480-C,182.7,91.72,0.056,150.0,0.067,150.0,96.61,0.42734,-0.08502,0.16991,0.00194,0.19961
182.95,SYN.ETH-8NOV19,1572692341463,open,0.13,245.0,0.1,0.156,0.128589,74.62,0.111,0.0,ETH-8NOV19-160-C,182.7,0.0,0.125,46.0,0.147,1.0,139.94,0.03175,-0.2016,0.02355,0.0079,0.9283
183.86,SYN.ETH-29NOV19,1572692341474,open,0.42,0.0,0.377,0.473,0.423499,88.23,None,0.0,ETH-29NOV19-260-P,182.7,0.0,0.0,0.0,0.0,0.0,0.0,0.08244,-0.13531,-0.18024,0.00375,-0.90787
185.06,ETH-27DEC19,1572692341480,open,0.2,1374.0,0.154,0.227,0.193321,78.75,0.21,0.0,ETH-27DEC19-160-C,182.7,72.94,0.186,1.0,0.197,340.0,81.64,0.23486,-0.16852,0.15082,0.00579,0.73539
183.86,SYN.ETH-29NOV19,1572692341480,open,0.01,1266.0,0.001,0.023,0.009271,88.06,0.02,0.0,ETH-29NOV19-260-C,182.7,85.11,0.008,200.0,0.011,185.0,91.77,0.0821,-0.1345,0.01115,0.00375,0.09163
185.06,ETH-27DEC19,1572692341483,open,0.43,946.0,0.38,0.49,0.43458,84.3,0.3,0.0,ETH-27DEC19-260-P,182.7,0.0,0.0,0.0,0.0,0.0,0.0,0.19492,-0.14972,-0.34619,0.00449,-0.80968
189.7,SYN.ETH-26JUN20,1572692341487,open,0.06,32.0,0.022,0.094,0.055579,96.32,0.053,0.0,ETH-26JUN20-520-C,182.7,93.13,0.049,150.0,0.062,150.0,99.28,0.40238,-0.08181,0.15439,0.00179,0.18099
182.95,SYN.ETH-8NOV19,1572692341487,open,0.04,556.0,0.015,0.069,0.041903,66.17,0.035,0.0,ETH-8NOV19-180-C,182.7,47.96,0.033,121.0,0.041,120.0,64.33,0.09007,-0.50713,0.01624,0.02526,0.5932
188.06,ETH-27MAR20,1572692341489,open,0.18,1699.0,0.124,0.224,0.175474,80.35,0.18,0.0,ETH-27MAR20-180-P,182.7,79.73,0.174,1.0,0.191,300.0,86.89,0.44763,-0.12328,-0.40761,0.00394,-0.36685
185.06,ETH-27DEC19,1572692341489,open,0.53,311.0,0.479,0.591,0.533687,85.72,0.71,0.0,ETH-27DEC19-280-P,182.7,0.0,0.001,8.0,0.0,0.0,0.0,0.15982,-0.12482,-0.38772,0.00362,-0.85987
188.06,ETH-27MAR20,1572692341489,open,0.1,1603.0,0.052,0.138,0.09621,89.65,0.092,0.0,ETH-27MAR20-280-C,182.7,84.29,0.084,260.0,0.092,10.0,87.82,0.43445,-0.13349,0.18145,0.00343,0.33762
188.06,ETH-27MAR20,1572692341489,open,1.17,3.0,1.086,1.258,1.17024,95.55,1.39,0.0,ETH-27MAR20-400-P,182.7,0.0,0.001,10.0,0.0,0.0,0.0,0.30281,-0.09918,-1.50208,0.00224,-0.82827
189.7,SYN.ETH-26JUN20,1572692341489,open,0.05,5.0,0.023,0.07,0.045412,85.19,0.061,0.0,ETH-26JUN20-100-P,182.7,82.05,0.041,150.0,0.05,150.0,88.37,0.27008,-0.04857,-0.1802,0.00136,-0.10096
189.7,SYN.ETH-26JUN20,1572692341489,open,0.52,0.0,0.485,0.547,0.518238,85.17,None,0.0,ETH-26JUN20-100-C,182.7,0.0,0.0,0.0,0.0,0.0,0.0,0.27004,-0.04855,0.46883,0.00136,0.89906
183.86,SYN.ETH-29NOV19,1572692341489,open,0.22,0.0,0.178,0.266,0.222297,78.29,None,0.0,ETH-29NOV19-220-P,182.7,0.0,0.196,50.0,0.0,0.0,0.0,0.15152,-0.22068,-0.13432,0.00778,-0.76993
189.7,SYN.ETH-26JUN20,1572692341489,open,0.69,0.0,0.678,0.707,0.692342,88.58,None,0.0,ETH-26JUN20-60-C,182.7,0.0,0.0,0.0,0.0,0.0,0.0,0.08759,-0.01638,0.34869,0.00042,0.97557
188.06,ETH-27MAR20,1572692341503,open,0.02,30.0,0.009,0.04,0.022926,85.4,0.052,0.0,ETH-27MAR20-100-P,182.7,80.85,0.019,320.0,0.027,320.0,89.81,0.16824,-0.04925,-0.07358,0.00139,-0.07497
185.06,ETH-27DEC19,1572692341510,open,0.95,257.0,0.892,1.022,0.953855,98.24,0.7,0.0,ETH-27DEC19-360-P,182.7,0.0,0.01,7.0,0.0,0.0,0.0,0.08525,-0.0763,-0.52698,0.00169,-0.94021
182.95,SYN.ETH-8NOV19,1572692341530,open,0.0,1704.0,0.001,0.011,4e-05,110.01,0.001,0.0,ETH-8NOV19-120-P,182.7,0.0,0.0,0.0,0.008,1.0,231.54,0.00078,-0.00729,-3e-05,0.00013,-0.001
185.06,ETH-27DEC19,1572692341556,open,0.17,3297.0,0.123,0.214,0.169397,77.95,0.167,0.0,ETH-27DEC19-200-P,182.7,76.39,0.167,96.0,0.179,96.0,84.18,0.28467,-0.20218,-0.19796,0.00709,-0.54211
188.06,ETH-27MAR20,1572692341556,open,0.05,578.0,0.021,0.085,0.051101,91.51,0.06,0.0,ETH-27MAR20-360-C,182.7,88.0,0.045,260.0,0.057,282.0,94.75,0.3352,-0.10514,0.11369,0.00259,0.20236
188.06,ETH-27MAR20,1572692341556,open,0.04,1051.0,0.016,0.075,0.043153,95.49,0.051,0.0,ETH-27MAR20-400-C,182.7,90.87,0.036,260.0,0.05,23.0,99.61,0.30251,-0.09901,0.09644,0.00224,0.17146
182.95,SYN.ETH-8NOV19,1572692341556,open,0.31,0.0,0.274,0.355,0.312882,103.55,None,0.0,ETH-8NOV19-240-P,182.7,0.0,0.0,0.0,0.0,0.0,0.0,0.01253,-0.11043,-0.038,0.00225,-0.97725
189.7,SYN.ETH-26JUN20,1572692341556,open,0.12,236.0,0.07,0.171,0.121801,88.93,0.126,0.0,ETH-26JUN20-320-C,182.7,85.63,0.112,150.0,0.131,150.0,91.97,0.56898,-0.1068,0.28717,0.00274,0.35507
188.06,ETH-27MAR20,1572692341570,open,2.21,0.0,2.103,2.321,2.206997,102.8,None,0.0,ETH-27MAR20-600-P,182.7,0.0,0.02,10.0,0.0,0.0,0.0,0.16334,-0.05756,-2.35617,0.00112,-0.92788
183.86,SYN.ETH-29NOV19,1572692341570,open,0.0,1027.0,0.001,0.013,0.003459,91.36,0.003,0.0,ETH-29NOV19-120-P,182.7,82.79,0.002,840.0,0.005,160.0,98.38,0.03629,-0.06168,-0.00487,0.0016,-0.03252
188.06,ETH-27MAR20,1572692341572,open,0.26,754.0,0.197,0.316,0.259095,87.97,0.27,0.0,ETH-27MAR20-200-P,182.7,77.12,0.232,300.0,0.288,10.0,99.65,0.4677,-0.14103,-0.52058,0.00376,-0.43353
182.95,SYN.ETH-8NOV19,1572692341572,open,0.29,0.0,0.268,0.311,0.289671,108.09,None,0.0,ETH-8NOV19-130-C,182.7,0.0,0.0,0.0,0.0,0.0,0.0,0.00349,-0.03215,0.02077,0.0006,0.99477
189.7,SYN.ETH-26JUN20,1572692341574,open,0.6,0.0,0.579,0.625,0.6027,88.6,None,0.0,ETH-26JUN20-80-C,182.7,0.0,0.05,4.0,0.0,0.0,0.0,0.17871,-0.03342,0.41697,0.00086,0.9414
185.06,ETH-27DEC19,1572692341581,open,0.01,1501.0,0.003,0.029,0.01303,92.79,0.015,0.0,ETH-27DEC19-320-C,182.7,91.12,0.012,327.0,0.014,160.0,94.31,0.11631,-0.09834,0.02135,0.00243,0.08977
185.06,ETH-27DEC19,1572692341587,open,0.03,3581.0,0.01,0.053,0.029554,84.23,0.031,0.0,ETH-27DEC19-260-C,182.7,81.76,0.027,320.0,0.032,128.0,86.52,0.19474,-0.14946,0.04465,0.00449,0.19004
182.95,SYN.ETH-8NOV19,1572692341587,open,0.0,50.0,0.001,0.011,0.001498,95.01,0.002,0.0,ETH-8NOV19-230-C,182.7,89.01,0.001,5.0,0.002,200.0,99.92,0.0171,-0.13822,0.00093,0.00334,0.03302
188.06,ETH-27MAR20,1572692341593,open,0.01,363.0,0.003,0.032,0.013546,103.2,0.021,0.0,ETH-27MAR20-640-C,182.7,99.63,0.011,267.0,0.016,240.0,106.28,0.14246,-0.05039,0.03526,0.00098,0.06045
185.06,ETH-27DEC19,1572692341593,open,2.45,0.0,2.358,2.567,2.458933,113.94,None,0.0,ETH-27DEC19-640-P,182.7,0.0,0.0,0.0,0.0,0.0,0.0,0.01006,-0.01045,-0.96103,0.00017,-0.99517
182.95,SYN.ETH-8NOV19,1572692341593,open,0.06,449.0,0.025,0.089,0.056853,66.31,0.049,0.0,ETH-8NOV19-190-P,182.7,57.92,0.053,120.0,0.061,120.0,75.11,0.08524,-0.481,-0.02106,0.02386,-0.65806
189.7,SYN.ETH-26JUN20,1572692341593,open,0.24,124.0,0.171,0.286,0.230924,83.19,0.23,0.0,ETH-26JUN20-180-P,182.7,78.15,0.216,150.0,0.247,150.0,88.66,0.55973,-0.09829,-0.70244,0.00288,-0.33965
185.06,ETH-27DEC19,1572692341595,open,0.01,1190.0,0.001,0.021,0.008435,98.01,0.01,0.0,ETH-27DEC19-360-C,182.7,94.7,0.007,320.0,0.01,480.0,101.27,0.08465,-0.07559,0.01414,0.00168,0.05926
185.06,ETH-27DEC19,1572692341595,open,0.01,10137.0,0.001,0.017,0.006012,103.29,0.006,0.0,ETH-27DEC19-400-C,182.7,100.24,0.005,320.0,0.007,160.0,105.99,0.06474,-0.06093,0.01011,0.00122,0.04233
189.7,SYN.ETH-26JUN20,1572692341595,open,0.3,1.0,0.234,0.363,0.301608,84.51,0.294,0.0,ETH-26JUN20-200-P,182.7,77.9,0.281,150.0,0.323,150.0,91.43,0.58899,-0.10506,-0.8593,0.00298,-0.39638
189.7,SYN.ETH-26JUN20,1572692341595,open,0.15,310.0,0.094,0.2,0.149783,87.12,0.165,0.0,ETH-26JUN20-280-C,182.7,83.68,0.139,150.0,0.16,150.0,90.35,0.59713,-0.10981,0.33173,0.00293,0.41924
9251.42,SYN.BTC-8NOV19,1572692341857,open,0.14,69.6,0.118,0.158,0.13762523,74.47,0.1385,0.0,BTC-8NOV19-8000-C,9239.26,0.0,0.119,6.0,0.155,6.0,141.64,1.33273,-8.44613,1.20025,0.00013,0.94356
9251.42,SYN.BTC-8NOV19,1572692341920,open,0.24,1.3,0.228,0.2605,0.2438392,98.37,0.24,0.0,BTC-8NOV19-7000-C,9239.26,0.0,0.2305,6.0,0.258,6.0,198.08,0.33495,-2.80373,1.11002,2e-05,0.98919
9512.26,BTC-27MAR20,1572692341922,open,0.36,52.6,0.3175,0.431,0.37503791,78.27,0.355,0.0,BTC-27MAR20-12000-P,9239.26,55.04,0.32,4.0,0.418,4.0,95.51,23.40616,-6.27971,-36.60656,8e-05,-0.58787
188.06,ETH-27MAR20,1572692341941,open,0.19,1322.0,0.142,0.241,0.195605,87.97,0.19,0.0,ETH-27MAR20-200-C,182.7,77.71,0.17,300.0,0.219,15.0,97.42,0.4677,-0.14103,0.27874,0.00376,0.56647
183.25,SYN.ETH-15NOV19,1572692342106,open,0.0,400.0,0.001,0.012,0.002436,83.73,0.003,0.0,ETH-15NOV19-140-P,182.7,71.7,0.001,500.0,0.004,203.0,92.71,0.02764,-0.08987,-0.00253,0.00279,-0.03668
183.25,SYN.ETH-15NOV19,1572692342106,open,0.24,0.0,0.213,0.263,0.238426,83.46,None,0.0,ETH-15NOV19-140-C,182.7,0.0,0.0,0.0,0.0,0.0,0.0,0.02737,-0.0887,0.04689,0.00277,0.96375
183.25,SYN.ETH-15NOV19,1572692342106,open,0.0,5.0,0.001,0.014,0.004388,74.75,0.006,0.0,ETH-15NOV19-150-P,182.7,68.54,0.003,200.0,0.006,200.0,80.85,0.04482,-0.1301,-0.00463,0.00506,-0.06728
183.25,SYN.ETH-15NOV19,1572692342106,open,0.02,32.0,0.005,0.04,0.019786,68.4,0.02,0.0,ETH-15NOV19-200-C,182.7,63.83,0.017,160.0,0.022,2.0,71.93,0.11355,-0.30158,0.0161,0.01401,0.26878
183.25,SYN.ETH-15NOV19,1572692342106,open,0.16,0.0,0.119,0.196,0.157506,71.33,None,0.0,ETH-15NOV19-210-P,182.7,0.0,0.0,0.0,0.0,0.0,0.0,0.08745,-0.24225,-0.06377,0.01035,-0.82891
183.25,SYN.ETH-15NOV19,1572692342106,open,0.02,4.0,0.005,0.043,0.021108,67.95,0.027,0.0,ETH-15NOV19-170-P,182.7,64.44,0.019,160.0,0.022,5.0,69.41,0.11101,-0.29292,-0.01799,0.01379,-0.25718
183.25,SYN.ETH-15NOV19,1572692342108,open,0.04,6.0,0.012,0.06,0.035431,67.89,0.04,0.0,ETH-15NOV19-190-C,182.7,61.81,0.031,120.0,0.039,120.0,72.76,0.13403,-0.35338,0.02441,0.01666,0.41303
183.25,SYN.ETH-15NOV19,1572692342108,open,0.19,0.0,0.158,0.212,0.185806,74.57,None,0.0,ETH-15NOV19-150-C,182.7,0.0,0.0,0.0,0.0,0.0,0.0,0.0446,-0.12914,0.04831,0.00505,0.93316
183.25,SYN.ETH-15NOV19,1572692342108,open,0.01,10.0,0.002,0.028,0.011491,71.2,0.017,0.0,ETH-15NOV19-210-C,182.7,65.74,0.009,160.0,0.014,160.0,76.29,0.08729,-0.24134,0.01028,0.01035,0.17058
183.25,SYN.ETH-15NOV19,1572692342108,open,0.01,11.0,0.001,0.02,0.006975,74.78,0.008,0.0,ETH-15NOV19-220-C,182.7,68.72,0.005,200.0,0.009,200.0,80.22,0.06436,-0.18689,0.00661,0.00727,0.10915
183.25,SYN.ETH-15NOV19,1572692342108,open,0.21,0.0,0.169,0.248,0.207562,74.96,None,0.0,ETH-15NOV19-220-P,182.7,0.0,0.0,0.0,0.0,0.0,0.0,0.06463,-0.18814,-0.07096,0.00728,-0.89021
183.25,SYN.ETH-15NOV19,1572692342108,open,0.26,0.0,0.22,0.301,0.259213,77.41,None,0.0,ETH-15NOV19-230-P,182.7,0.0,0.0,0.0,0.0,0.0,0.0,0.04524,-0.136,-0.077,0.00493,-0.9319
183.25,SYN.ETH-15NOV19,1572692342108,open,0.0,2.0,0.001,0.014,0.004054,77.13,0.006,0.0,ETH-15NOV19-230-C,182.7,67.11,0.002,200.0,0.006,200.0,84.28,0.04485,-0.13432,0.00409,0.00491,0.06733
183.25,SYN.ETH-15NOV19,1572692342108,open,0.01,203.0,0.001,0.023,0.008918,68.29,0.012,0.0,ETH-15NOV19-160-P,182.7,65.94,0.008,200.0,0.01,1.0,70.94,0.07316,-0.19401,-0.00904,0.00904,-0.1309
183.25,SYN.ETH-15NOV19,1572692342108,open,0.14,0.0,0.105,0.164,0.135764,68.17,None,0.0,ETH-15NOV19-160-C,182.7,0.0,0.0,0.0,0.0,0.0,0.0,0.07302,-0.19329,0.04743,0.00904,0.86947
183.86,SYN.ETH-29NOV19,1572692342269,open,0.0,539.0,0.001,0.012,0.002589,99.4,0.005,0.0,ETH-29NOV19-320-C,182.7,87.15,0.001,188.0,0.004,28.0,106.53,0.03152,-0.05829,0.00336,0.00127,0.02744
183.86,SYN.ETH-29NOV19,1572692342276,open,0.0,539.0,0.001,0.012,0.002589,99.4,0.005,0.0,ETH-29NOV19-320-C,182.7,87.15,0.001,388.0,0.004,28.0,106.53,0.03152,-0.05829,0.00336,0.00127,0.02744
9265.91,SYN.BTC-15NOV19,1572692342407,open,0.25,0.0,0.2295,0.2635,0.24598217,78.81,None,0.0,BTC-15NOV19-7000-C,9239.26,0.0,0.231,7.0,0.2625,7.0,143.51,1.00026,-3.06135,2.3845,4e-05,0.97549
9265.91,SYN.BTC-15NOV19,1572692342426,open,0.25,0.0,0.2295,0.2635,0.24598217,78.81,None,0.0,BTC-15NOV19-7000-C,9239.26,0.0,0.231,7.0,0.263,7.0,144.84,1.00026,-3.06135,2.3845,4e-05,0.97549
9294.9,SYN.BTC-29NOV19,1572692342791,open,0.51,0.0,0.4775,0.5455,0.50971219,82.04,None,0.0,BTC-29NOV19-14000-P,9239.26,0.0,0.48,3.0,0.539,3.0,139.71,2.25858,-3.4472,-10.04546,4e-05,-0.95806
9251.42,SYN.BTC-8NOV19,1572692342793,open,0.16,42.1,0.1455,0.183,0.16374038,79.29,0.18,0.0,BTC-8NOV19-7750-C,9239.26,0.0,0.147,6.0,0.1805,6.0,155.65,0.9092,-6.13462,1.19314,8e-05,0.9649
9352.89,BTC-27DEC19,1572692342805,open,0.42,73.5,0.402,0.435,0.41768097,85.21,0.266,0.0,BTC-27DEC19-5500-C,9239.26,0.0,0.403,10.0,0.4325,10.0,117.29,3.0089,-2.33604,7.65143,3e-05,0.96182
9294.9,SYN.BTC-29NOV19,1572692342818,open,0.25,0.0,0.2195,0.285,0.251496,70.6,None,0.0,BTC-29NOV19-11500-P,9239.26,0.0,0.2205,5.0,0.2855,5.0,112.34,6.00875,-7.89215,-7.50479,0.00013,-0.84505
9352.89,BTC-27DEC19,1572692342820,open,0.32,73.4,0.2775,0.3595,0.31794563,74.48,0.3635,0.0,BTC-27DEC19-12000-P,9239.26,0.0,0.279,5.0,0.358,5.0,104.69,11.17542,-7.58372,-15.21114,0.00011,-0.76381
9294.9,SYN.BTC-29NOV19,1572692342830,open,0.2,13.1,0.1715,0.237,0.20390885,69.06,0.233,0.0,BTC-29NOV19-11000-P,9239.26,0.0,0.172,6.0,0.2395,6.0,108.36,7.2765,-9.34842,-6.79979,0.00017,-0.78963
9352.89,BTC-27DEC19,1572692342833,open,0.42,73.5,0.402,0.435,0.41768097,85.21,0.266,0.0,BTC-27DEC19-5500-C,9239.26,0.0,0.403,10.0,0.432,10.0,116.44,3.0089,-2.33604,7.65143,3e-05,0.96182
9251.42,SYN.BTC-8NOV19,1572692342867,open,0.22,16.9,0.2005,0.235,0.21729867,96.84,0.2615,0.0,BTC-8NOV19-7250-C,9239.26,0.0,0.2025,6.0,0.2315,6.0,181.72,0.57815,-4.76457,1.13526,4e-05,0.97959
9294.9,SYN.BTC-29NOV19,1572692342869,open,0.4,0.0,0.373,0.439,0.40443976,77.5,None,0.0,BTC-29NOV19-13000-P,9239.26,0.0,0.3745,4.0,0.435,4.0,128.28,3.31569,-4.78089,-9.14589,7e-05,-0.93189
9251.42,SYN.BTC-8NOV19,1572692342905,open,0.19,25.0,0.173,0.209,0.19050547,88.29,0.181,0.0,BTC-8NOV19-7500-C,9239.26,0.0,0.175,6.0,0.2065,6.0,170.78,0.72775,-5.46754,1.1656,6e-05,0.97317
9352.89,BTC-27DEC19,1572692342907,open,0.32,73.4,0.2775,0.3595,0.31794563,74.48,0.3635,0.0,BTC-27DEC19-12000-P,9239.26,0.0,0.279,5.0,0.3575,5.0,104.34,11.17542,-7.58372,-15.21114,0.00011,-0.76381
9251.42,SYN.BTC-8NOV19,1572692342908,open,0.19,25.0,0.173,0.209,0.19050547,88.29,0.181,0.0,BTC-8NOV19-7500-C,9239.26,0.0,0.175,6.0,0.207,6.0,172.53,0.72775,-5.46754,1.1656,6e-05,0.97317
9512.24,BTC-27MAR20,1572692343335,open,3.21,1.0,3.1235,3.3055,3.21014989,100.25,2.7125,0.0,BTC-27MAR20-40000-P,9239.25,0.0,0.0005,2.0,0.0,0.0,0.0,3.58848,-1.2331,-159.08113,1e-05,-0.97437
9512.24,BTC-27MAR20,1572692343335,open,2.38,0.0,2.3005,2.4565,2.37391536,97.12,None,0.0,BTC-27MAR20-32000-P,9239.25,0.0,0.001,1.0,0.0,0.0,0.0,5.96013,-1.98407,-126.45616,2e-05,-0.95243
9512.24,BTC-27MAR20,1572692343335,open,0.22,152.6,0.167,0.266,0.21776086,74.55,0.235,0.0,BTC-27MAR20-10000-P,9239.25,69.06,0.204,11.0,0.226,6.1,77.85,23.78998,-6.07888,-25.32762,9e-05,-0.44846
9512.24,BTC-27MAR20,1572692343335,open,0.01,55.8,0.0005,0.0265,0.00983575,97.13,0.0135,0.0,BTC-27MAR20-32000-C,9239.25,91.11,0.0065,16.0,0.009,5.0,95.76,5.96277,-1.98518,1.43559,2e-05,0.0476
9352.84,BTC-27DEC19,1572692343335,open,0.52,21.6,0.5095,0.5345,0.52133687,96.66,0.5285,0.0,BTC-27DEC19-4500-C,9239.25,0.0,0.5115,1.0,0.532,1.0,135.19,1.46739,-1.2924,6.50286,1e-05,0.9838
9352.84,BTC-27DEC19,1572692343335,open,0.04,919.0,0.014,0.0595,0.03491861,74.48,0.0325,0.0,BTC-27DEC19-12000-C,9239.25,72.86,0.033,9.0,0.0365,12.8,75.79,11.17531,-7.58373,2.83014,0.00011,0.23619
9512.24,BTC-27MAR20,1572692343336,open,0.01,117.2,0.0025,0.032,0.01254495,97.13,0.015,0.0,BTC-27MAR20-30000-C,9239.25,90.18,0.008,22.1,0.017,16.0,102.6,7.06665,-2.3527,1.76482,2e-05,0.05897
9352.83,BTC-27DEC19,1572692343336,open,0.01,759.9,0.0005,0.015,0.0050635,88.4,0.005,0.0,BTC-27DEC19-18000-C,9239.25,86.69,0.0045,1.6,0.0055,16.0,89.65,3.19159,-2.57074,0.50604,3e-05,0.04105
9352.83,BTC-27DEC19,1572692343335,open,0.01,480.6,0.0005,0.021,0.00806633,82.66,0.0075,0.0,BTC-27DEC19-16000-C,9239.25,80.41,0.007,8.0,0.009,16.0,84.51,4.59299,-3.4594,0.79924,4e-05,0.06491
9352.83,BTC-27DEC19,1572692343336,open,0.0,599.8,0.0005,0.011,0.00129118,105.0,0.0025,0.0,BTC-27DEC19-26000-C,9239.25,102.05,0.001,28.4,0.002,18.5,110.59,1.00919,-0.9655,0.1296,1e-05,0.01051
9512.24,BTC-27MAR20,1572692343336,open,0.15,43.5,0.1105,0.1995,0.15557585,74.55,0.1605,0.0,BTC-27MAR20-9000-P,9239.25,69.04,0.1425,12.0,0.1625,6.0,77.47,22.54054,-5.75962,-19.67673,8e-05,-0.36201
9512.24,BTC-27MAR20,1572692343336,open,0.58,1.3,0.572,0.596,0.58336787,74.55,0.592,0.0,BTC-27MAR20-4000-C,9239.25,0.0,0.5735,1.0,0.5965,1.0,102.45,2.79417,-0.714,15.11457,1e-05,0.98095
9512.24,BTC-27MAR20,1572692343336,open,0.73,1.1,0.6755,0.793,0.73257776,79.9,1.08,0.0,BTC-27MAR20-16000-P,9239.25,0.0,0.0,0.0,0.0,0.0,0.0,17.73959,-4.85798,-57.55689,6e-05,-0.78142
9352.83,BTC-27DEC19,1572692343336,open,0.0,695.6,0.0005,0.0105,9.588e-05,105.0,0.0005,0.0,BTC-27DEC19-36000-C,9239.25,0.0,0.0,0.0,0.002,25.0,138.6,0.11592,-0.1109,0.01194,0.0,0.00094
9352.83,BTC-27DEC19,1572692343336,open,0.02,665.1,0.004,0.0335,0.01567438,78.16,0.018,0.0,BTC-27DEC19-14000-C,9239.25,75.94,0.014,7.0,0.017,16.0,79.85,7.21658,-5.13952,1.4545,7e-05,0.11911
9352.83,BTC-27DEC19,1572692343336,open,3.28,0.0,3.193,3.364,3.27680328,101.92,2.58,0.0,BTC-27DEC19-40000-P,9239.25,0.0,0.001,1.0,0.0,0.0,0.0,0.03398,-0.03156,-60.13454,0.0,-0.99975
9352.83,BTC-27DEC19,1572692343337,open,0.62,211.2,0.5765,0.659,0.61562596,81.61,0.9295,0.0,BTC-27DEC19-15000-P,9239.25,0.0,0.0,0.0,0.0,0.0,0.0,5.9385,-4.41596,-21.43819,6e-05,-0.90898
9352.83,BTC-27DEC19,1572692343336,open,0.0,350.0,0.0005,0.0105,5.99e-06,105.0,0.0005,0.0,BTC-27DEC19-48000-C,9239.25,0.0,0.0,0.0,0.001,25.0,151.07,0.01005,-0.00962,0.00088,0.0,7e-05
9352.83,BTC-27DEC19,1572692343337,open,0.19,497.2,0.159,0.219,0.19013538,71.38,0.1935,0.0,BTC-27DEC19-8000-C,9239.25,62.39,0.1795,16.0,0.1995,16.0,79.02,11.30097,-7.34995,7.99817,0.00012,0.75894
9352.83,BTC-27DEC19,1572692343337,open,0.13,502.4,0.0935,0.1595,0.12787769,71.38,0.127,0.0,BTC-27DEC19-9000-C,9239.25,70.45,0.1265,0.3,0.13,6.0,72.8,13.92182,-9.05391,6.76858,0.00015,0.60923
9512.24,BTC-27MAR20,1572692343337,open,0.01,47.0,0.003,0.0335,0.0137329,94.31,0.0125,0.0,BTC-27MAR20-28000-C,9239.25,88.46,0.0095,21.0,0.018,16.0,99.21,7.64003,-2.46957,1.95537,2e-05,0.06517
9352.83,BTC-27DEC19,1572692343337,open,0.93,9.4,0.888,0.976,0.92960234,88.37,1.1125,0.0,BTC-27DEC19-18000-P,9239.25,0.0,0.0,0.0,0.0,0.0,0.0,3.18687,-2.56588,-26.55683,3e-05,-0.95902
9352.83,BTC-27DEC19,1572692343337,open,0.51,268.3,0.4735,0.555,0.51253974,78.15,0.7205,0.0,BTC-27DEC19-14000-P,9239.25,0.0,0.0,0.0,0.0,0.0,0.0,7.21496,-5.1377,-19.59414,7e-05,-0.88093
9352.83,BTC-27DEC19,1572692343337,open,0.0,502.5,0.0005,0.0105,0.00063796,105.0,0.0015,0.0,BTC-27DEC19-3500-P,9239.25,102.02,0.0005,25.0,0.002,3.5,122.51,0.47019,-0.44983,-0.07119,0.0,-0.00442
9352.83,BTC-27DEC19,1572692343337,open,0.0,811.2,0.0005,0.0115,0.00172376,104.68,0.002,0.0,BTC-27DEC19-4000-P,9239.25,96.97,0.001,17.0,0.0025,29.5,110.87,1.03777,-0.98983,-0.17681,1e-05,-0.01085
9352.83,BTC-27DEC19,1572692343337,open,0.0,877.5,0.0005,0.0125,0.00282831,90.97,0.004,0.0,BTC-27DEC19-20000-C,9239.25,83.57,0.0015,56.0,0.004,24.0,95.74,2.04361,-1.69384,0.29682,2e-05,0.02394
9352.83,BTC-27DEC19,1572692343337,open,0.0,944.3,0.0005,0.0105,0.00044084,105.0,0.001,0.0,BTC-27DEC19-30000-C,9239.25,106.25,0.0005,5.4,0.001,2.0,113.89,0.42157,-0.40332,0.04887,0.0,0.00392
9352.83,BTC-27DEC19,1572692343337,open,0.0,447.1,0.0005,0.0105,0.00026215,105.0,0.0005,0.0,BTC-27DEC19-32000-C,9239.25,0.0,0.0,0.0,0.002,25.0,128.63,0.27312,-0.2613,0.03032,0.0,0.00242
9512.24,BTC-27MAR20,1572692343337,open,2.58,0.0,2.506,2.667,2.58209692,97.12,None,0.0,BTC-27MAR20-34000-P,9239.25,0.0,0.0,0.0,0.0,0.0,0.0,5.02944,-1.67421,-134.71321,1e-05,-0.96144
9265.91,SYN.BTC-15NOV19,1572692343335,open,0.0,11.9,0.0005,0.0125,0.00264559,78.79,0.0025,0.0,BTC-15NOV19-7250-P,9239.25,70.84,0.0015,4.0,0.004,20.0,86.0,1.54971,-4.74169,-0.14479,6e-05,-0.04165
9512.24,BTC-27MAR20,1572692343338,open,0.02,147.6,0.0065,0.0485,0.02259107,93.22,0.0175,0.0,BTC-27MAR20-24000-C,9239.25,85.13,0.0145,5.0,0.032,1.0,100.9,10.63233,-3.39722,2.98174,3e-05,0.10102
9352.83,BTC-27DEC19,1572692343337,open,0.41,99.0,0.3735,0.4545,0.41279436,75.97,0.638,0.0,BTC-27DEC19-13000-P,9239.25,0.0,0.0,0.0,0.0,0.0,0.0,9.03377,-6.25326,-17.53319,9e-05,-0.8341
9512.24,BTC-27MAR20,1572692343338,open,1.96,0.0,1.8895,2.0335,1.95730876,94.31,None,0.0,BTC-27MAR20-28000-P,9239.25,0.0,0.0,0.0,0.0,0.0,0.0,7.64003,-2.46957,-109.94927,2e-05,-0.93483
9512.24,BTC-27MAR20,1572692343338,open,0.03,447.1,0.009,0.055,0.02797508,84.3,0.0315,0.0,BTC-27MAR20-20000-C,9239.25,82.01,0.025,5.5,0.031,0.1,86.51,12.69874,-3.6693,3.866,4e-05,0.12967
9512.24,BTC-27MAR20,1572692343338,open,0.4,19.3,0.374,0.428,0.40119813,74.55,0.406,0.0,BTC-27MAR20-6000-C,9239.25,51.07,0.378,8.0,0.4185,14.0,87.93,11.48978,-2.93593,18.48813,4e-05,0.88752
9352.83,BTC-27DEC19,1572692343337,open,0.08,729.1,0.051,0.114,0.08282339,71.55,0.08,0.0,BTC-27DEC19-10000-C,9239.25,69.71,0.08,4.6,0.0855,6.0,73.29,14.39187,-9.38237,5.29238,0.00015,0.4592
9352.83,BTC-27DEC19,1572692343338,open,0.0,704.9,0.0005,0.012,0.00247164,96.65,0.0025,0.0,BTC-27DEC19-4500-P,9239.25,89.46,0.0015,5.0,0.0035,16.0,102.52,1.46647,-1.29138,-0.26243,1e-05,-0.01619
9265.91,SYN.BTC-15NOV19,1572692343335,open,0.0,0.1,0.0005,0.0105,0.00097946,99.64,0.002,0.0,BTC-15NOV19-6250-P,9239.25,0.0,0.0,0.0,0.002,20.0,111.57,0.62051,-2.40089,-0.04892,2e-05,-0.01399
9352.83,BTC-27DEC19,1572692343338,open,2.85,1.3,2.774,2.928,2.84917355,102.76,2.2,0.0,BTC-27DEC19-36000-P,9239.25,0.0,0.0005,0.1,0.0,0.0,0.0,0.09114,-0.08534,-54.11474,0.0,-0.99927
9512.24,BTC-27MAR20,1572692343338,open,1.75,0.0,1.685,1.824,1.75030693,93.22,None,0.0,BTC-27MAR20-26000-P,9239.25,0.0,0.0,0.0,0.0,0.0,0.0,8.85868,-2.8305,-101.55243,3e-05,-0.92096
9512.24,BTC-27MAR20,1572692343338,open,0.54,58.9,0.4875,0.6035,0.54507317,78.27,0.6005,0.0,BTC-27MAR20-14000-P,9239.25,0.0,0.3,0.1,0.7,1.0,141.98,20.80697,-5.58229,-47.45476,7e-05,-0.70319
9352.83,BTC-27DEC19,1572692343338,open,0.57,30.9,0.564,0.5855,0.57404847,104.71,0.5735,0.0,BTC-27DEC19-4000-C,9239.25,0.0,0.5655,1.0,0.5825,1.0,144.87,1.03884,-0.99108,5.83675,1e-05,0.98914
9352.83,BTC-27DEC19,1572692343338,open,0.05,941.0,0.0265,0.0815,0.05314617,72.54,0.052,0.0,BTC-27DEC19-11000-C,9239.25,70.29,0.05,18.8,0.056,12.8,74.56,13.15532,-8.69512,3.91247,0.00014,0.33139
9512.23,BTC-27MAR20,1572692343338,open,0.01,113.7,0.004,0.039,0.01698662,93.22,0.014,0.0,BTC-27MAR20-26000-C,9239.25,86.68,0.0115,21.0,0.0155,5.0,91.58,8.85871,-2.83052,2.35904,3e-05,0.07904
9352.83,BTC-27DEC19,1572692343338,open,0.01,1111.5,0.0005,0.0195,0.00840096,79.93,0.009,0.0,BTC-27DEC19-6000-P,9239.25,76.6,0.007,25.0,0.01,25.0,83.42,4.10476,-2.98946,-0.90869,4e-05,-0.05622
9265.91,SYN.BTC-15NOV19,1572692343335,open,0.14,0.0,0.1155,0.1725,0.1434066,64.78,None,0.0,BTC-15NOV19-10500-P,9239.25,0.0,0.1165,5.0,0.172,5.0,113.22,4.35044,-10.94326,-3.19216,0.00022,-0.8332
9265.91,SYN.BTC-15NOV19,1572692343335,open,0.08,0.0,0.05,0.105,0.0778098,61.38,None,0.0,BTC-15NOV19-9750-P,9239.25,52.9,0.072,12.0,0.0825,12.0,68.05,6.44909,-15.37137,-2.37748,0.00035,-0.64955
9352.83,BTC-27DEC19,1572692343338,open,1.99,0.1,1.9355,2.058,1.99447713,104.72,1.49,0.0,BTC-27DEC19-28000-P,9239.25,0.0,0.0,0.0,0.0,0.0,0.0,0.63978,-0.61046,-42.01874,0.0,-0.99374
9512.23,BTC-27MAR20,1572692343338,open,2.17,0.0,2.095,2.2465,2.16637613,97.13,None,0.0,BTC-27MAR20-30000-P,9239.25,0.0,0.0,0.0,0.0,0.0,0.0,7.0655,-2.35221,-118.13334,2e-05,-0.94104
9512.23,BTC-27MAR20,1572692343338,open,0.32,10.5,0.2905,0.359,0.32589542,74.55,0.281,0.0,BTC-27MAR20-7000-C,9239.25,60.18,0.3025,14.0,0.3385,14.0,81.83,16.1974,-4.13882,18.4908,6e-05,0.81228
9512.23,BTC-27MAR20,1572692343338,open,0.03,255.9,0.013,0.066,0.03603879,81.56,0.037,0.0,BTC-27MAR20-18000-C,9239.25,79.91,0.0335,5.5,0.039,5.1,83.42,14.85312,-4.15205,4.85451,5e-05,0.16373
9352.83,BTC-27DEC19,1572692343339,open,0.0,604.5,0.0005,0.0105,3.29e-05,105.0,0.0005,0.0,BTC-27DEC19-2500-P,9239.25,0.0,0.0,0.0,0.001,150.0,147.01,0.0384,-0.03674,-0.00449,0.0,-0.00029
9352.83,BTC-27DEC19,1572692343339,open,0.0,1445.7,0.0005,0.0135,0.00374754,90.43,0.004,0.0,BTC-27DEC19-5000-P,9239.25,86.91,0.003,11.3,0.0045,16.0,93.59,2.11414,-1.74204,-0.40317,2e-05,-0.02492
9595.24,SYN.BTC-26JUN20,1572692343335,open,0.76,0.0,0.693,0.832,0.76210903,78.76,None,0.0,BTC-26JUN20-16000-P,9239.25,0.0,0.08,1.0,0.88,0.5,116.98,27.36703,-4.54964,-90.26558,6e-05,-0.68746
9352.83,BTC-27DEC19,1572692343339,open,0.03,367.6,0.013,0.0525,0.03103417,72.66,0.031,0.0,BTC-27DEC19-7500-P,9239.25,70.63,0.029,12.8,0.033,0.2,74.6,9.43655,-6.24768,-2.93399,0.0001,-0.17762
9265.91,SYN.BTC-15NOV19,1572692343335,open,0.0,2.9,0.0005,0.0115,0.00158762,88.95,0.001,0.0,BTC-15NOV19-6750-P,9239.25,74.81,0.0005,20.0,0.003,40.0,99.88,0.97827,-3.37923,-0.0832,4e-05,-0.02387
9352.83,BTC-27DEC19,1572692343339,open,0.02,540.6,0.0075,0.044,0.02284919,75.98,0.0235,0.0,BTC-27DEC19-13000-C,9239.25,74.03,0.021,7.0,0.0245,12.8,77.67,9.03505,-6.25487,2.01197,9e-05,0.16593
9352.83,BTC-27DEC19,1572692343339,open,0.01,530.0,0.0035,0.027,0.01319764,76.78,0.0115,0.0,BTC-27DEC19-6500-P,9239.25,73.88,0.0115,24.0,0.015,24.4,79.68,5.65108,-3.95314,-1.38305,6e-05,-0.08516
9512.23,BTC-27MAR20,1572692343339,open,0.01,110.3,0.0005,0.019,0.00616403,97.13,0.0085,0.0,BTC-27MAR20-36000-C,9239.25,93.02,0.0045,17.0,0.007,5.0,98.93,4.25069,-1.41518,0.95989,1e-05,0.03141
9352.83,BTC-27DEC19,1572692343339,open,2.21,0.2,2.145,2.275,2.20800558,104.54,2.03,0.0,BTC-27DEC19-30000-P,9239.25,0.0,0.0,0.0,0.0,0.0,0.0,0.40654,-0.38722,-45.05634,0.0,-0.99624
9512.23,BTC-27MAR20,1572692343339,open,1.34,6.0,1.2755,1.402,1.33519898,86.86,1.5845,0.0,BTC-27MAR20-22000-P,9239.25,0.0,0.0,0.0,0.0,0.0,0.0,10.95063,-3.26016,-84.77637,3e-05,-0.89479
9251.42,SYN.BTC-8NOV19,1572692343335,open,0.35,0.0,0.3385,0.364,0.35146711,104.84,None,0.0,BTC-8NOV19-6000-C,9239.25,0.0,0.341,1.0,0.363,1.0,259.33,0.01881,-0.16785,0.96518,0.0,0.99955
9595.24,SYN.BTC-26JUN20,1572692343335,open,0.04,31.9,0.0155,0.08,0.04316195,89.48,0.0435,0.0,BTC-26JUN20-26000-C,9239.25,86.97,0.0385,1.0,0.045,1.0,90.44,18.28469,-3.45359,6.85784,3e-05,0.15329
9595.24,SYN.BTC-26JUN20,1572692343335,open,0.03,2.7,0.008,0.0585,0.027966,91.86,0.031,0.0,BTC-26JUN20-32000-C,9239.25,89.76,0.025,0.2,0.031,3.9,93.89,13.98413,-2.71151,4.75111,3e-05,0.10426
9251.42,SYN.BTC-8NOV19,1572692343335,open,0.11,32.9,0.087,0.138,0.11173958,62.25,0.1065,0.0,BTC-8NOV19-10250-P,9239.25,0.0,0.0895,4.0,0.136,5.0,129.63,2.12198,-11.24141,-1.50056,0.00025,-0.89584
9265.91,SYN.BTC-15NOV19,1572692343335,open,0.35,0.0,0.3395,0.368,0.35322052,104.83,None,0.0,BTC-15NOV19-6000-C,9239.25,0.0,0.3415,1.0,0.365,8.0,179.56,0.48653,-1.98055,2.07956,2e-05,0.98944
9352.83,BTC-27DEC19,1572692343340,open,0.01,824.3,0.002,0.0275,0.0118436,81.63,0.013,0.0,BTC-27DEC19-15000-C,9239.25,81.08,0.0115,0.1,0.012,16.0,81.87,5.9411,-4.41877,1.11407,6e-05,0.09107
9251.42,SYN.BTC-8NOV19,1572692343338,open,0.11,116.0,0.091,0.133,0.11186395,68.63,0.1115,0.0,BTC-8NOV19-8250-C,9239.25,66.78,0.1115,0.1,0.1145,4.0,80.19,1.85935,-10.8594,1.19304,0.0002,0.91295
9251.42,SYN.BTC-8NOV19,1572692343337,open,0.05,114.0,0.022,0.068,0.04548694,60.02,0.0405,0.0,BTC-8NOV19-9000-C,9239.25,56.83,0.044,0.4,0.0455,2.0,60.05,4.32292,-22.07911,0.9083,0.00052,0.65538
9294.89,SYN.BTC-29NOV19,1572692343336,open,0.09,111.4,0.0545,0.1135,0.0841387,66.4,0.0825,0.0,BTC-29NOV19-9500-P,9239.25,63.5,0.081,9.6,0.0875,9.6,69.51,10.05722,-12.4237,-4.08264,0.00024,-0.51239
9352.83,BTC-27DEC19,1572692343341,open,4.13,0.0,4.032,4.2365,4.13213698,93.29,None,0.0,BTC-27DEC19-48000-P,9239.25,0.0,0.0005,1.0,0.0,0.0,0.0,0.00117,-0.001,-72.1652,0.0,-0.99999
9251.42,SYN.BTC-8NOV19,1572692343337,open,0.0,77.3,0.0005,0.0105,0.00074647,88.37,0.001,0.0,BTC-8NOV19-11750-C,9239.25,83.6,0.0005,208.7,0.001,2.0,92.29,0.54261,-4.08056,0.02709,4e-05,0.01894
9352.83,BTC-27DEC19,1572692343341,open,1.78,0.0,1.7255,1.8415,1.78118064,104.83,None,0.0,BTC-27DEC19-26000-P,9239.25,0.0,0.0,0.0,0.0,0.0,0.0,0.99923,-0.95446,-38.96136,1e-05,-0.98961
9251.42,SYN.BTC-8NOV19,1572692343338,open,0.0,142.4,0.0005,0.0115,0.00151021,75.93,0.0015,0.0,BTC-8NOV19-11000-C,9239.25,70.71,0.001,12.3,0.002,20.5,80.04,1.01501,-6.5588,0.05758,0.0001,0.04017
9265.91,SYN.BTC-15NOV19,1572692343335,open,0.06,1.7,0.036,0.0845,0.06099229,61.24,0.056,0.0,BTC-15NOV19-9000-C,9239.25,53.52,0.0555,21.0,0.0655,15.0,67.54,6.61578,-15.73364,1.83362,0.00036,0.62197
9265.91,SYN.BTC-15NOV19,1572692343335,open,0.22,0.0,0.1915,0.2475,0.21836376,69.11,None,0.0,BTC-15NOV19-11250-P,9239.25,0.0,0.0,0.0,0.0,0.0,0.0,2.498,-6.70422,-3.73272,0.00012,-0.92362
9265.91,SYN.BTC-15NOV19,1572692343335,open,0.0,4.3,0.0005,0.014,0.00441405,68.49,0.005,0.0,BTC-15NOV19-7750-P,9239.25,60.12,0.0025,38.0,0.0065,20.0,75.77,2.41537,-6.42371,-0.25332,0.00012,-0.07309
9265.91,SYN.BTC-15NOV19,1572692343335,open,0.02,55.2,0.0035,0.031,0.01465565,61.65,0.012,0.0,BTC-15NOV19-8500-P,9239.25,59.5,0.0135,2.0,0.0155,0.2,63.19,5.02941,-12.04056,-0.73754,0.00027,-0.21099
9265.91,SYN.BTC-15NOV19,1572692343335,open,0.33,0.0,0.312,0.342,0.32646406,99.64,None,0.0,BTC-15NOV19-6250-C,9239.25,0.0,0.314,1.0,0.339,7.0,169.64,0.62057,-2.40115,2.15582,2e-05,0.98601
9595.24,SYN.BTC-26JUN20,1572692343336,open,1.14,0.0,1.074,1.219,1.14419165,81.21,None,0.0,BTC-26JUN20-20000-P,9239.25,0.0,0.1,1.0,2.0,1.0,468.31,22.47339,-3.85253,-120.24638,5e-05,-0.78684
9251.42,SYN.BTC-8NOV19,1572692343336,open,0.09,103.8,0.0645,0.109,0.08719535,64.03,0.0865,0.0,BTC-8NOV19-8500-C,9239.25,63.33,0.087,0.1,0.089,2.0,70.14,2.60395,-14.18774,1.15193,0.0003,0.86068
9595.24,SYN.BTC-26JUN20,1572692343337,open,0.51,0.0,0.4835,0.531,0.50707557,73.26,None,0.0,BTC-26JUN20-5000-C,9239.25,56.59,0.49,8.0,0.53,8.0,90.35,11.58161,-1.79106,25.66141,3e-05,0.91917
9595.24,SYN.BTC-26JUN20,1572692343338,open,0.3,12.2,0.259,0.3475,0.30561676,73.26,0.3585,0.0,BTC-26JUN20-8000-C,9239.25,60.87,0.2725,7.0,0.317,3.0,77.51,25.70854,-3.97572,26.22761,6e-05,0.7268
9265.91,SYN.BTC-15NOV19,1572692343335,open,0.0,8.0,0.0005,0.011,0.00143944,78.81,0.002,0.0,BTC-15NOV19-7000-P,9239.25,67.15,0.0005,20.0,0.0025,0.1,87.07,1.00011,-3.06078,-0.08479,4e-05,-0.0245
9595.24,SYN.BTC-26JUN20,1572692343335,open,2.36,0.0,2.279,2.457,2.3629445,91.85,None,0.0,BTC-26JUN20-32000-P,9239.25,0.0,0.0,0.0,0.0,0.0,0.0,13.98228,-2.71101,-202.92148,3e-05,-0.89576
9294.89,SYN.BTC-29NOV19,1572692343340,open,0.46,0.3,0.4515,0.4755,0.46305789,103.66,0.4955,0.0,BTC-29NOV19-5000-C,9239.25,0.0,0.453,1.0,0.4735,1.0,162.26,0.64368,-1.24133,3.60972,1e-05,0.99048
9251.42,SYN.BTC-8NOV19,1572692343335,open,0.0,164.2,0.0005,0.0105,0.00074156,101.06,0.0005,0.0,BTC-8NOV19-12250-C,9239.25,0.0,0.0,0.0,0.0015,20.5,112.26,0.48926,-4.20759,0.02388,4e-05,0.01678
9595.24,SYN.BTC-26JUN20,1572692343336,open,0.21,118.0,0.165,0.2635,0.21645141,73.26,0.2225,0.0,BTC-26JUN20-10000-C,9239.25,71.53,0.211,4.0,0.2295,3.0,77.44,30.06612,-4.6496,23.20185,7e-05,0.58905
9595.24,SYN.BTC-26JUN20,1572692343335,open,0.15,126.9,0.1055,0.204,0.15621973,74.03,0.162,0.0,BTC-26JUN20-12000-C,9239.25,72.09,0.15,3.1,0.174,1.0,79.57,30.74676,-4.80469,19.50159,7e-05,0.46939
9265.91,SYN.BTC-15NOV19,1572692343335,open,0.02,21.3,0.0055,0.0395,0.02038856,64.78,0.0185,0.0,BTC-15NOV19-10000-C,9239.25,61.79,0.0185,0.6,0.022,16.0,67.28,5.91578,-14.88105,0.86737,0.0003,0.28575
9595.24,SYN.BTC-26JUN20,1572692343335,open,0.14,144.7,0.095,0.183,0.13936138,73.26,0.137,0.0,BTC-26JUN20-8000-P,9239.25,58.89,0.101,8.0,0.14,3.0,73.5,25.70853,-3.97569,-25.69024,6e-05,-0.2732
9265.91,SYN.BTC-15NOV19,1572692343335,open,0.0,4.8,0.0005,0.011,0.00145143,96.58,0.001,0.0,BTC-15NOV19-6500-P,9239.25,82.7,0.0005,8.8,0.0025,41.0,106.09,0.85756,-3.2163,-0.07148,3e-05,-0.02042
9265.91,SYN.BTC-15NOV19,1572692343335,open,0.3,0.0,0.2845,0.3165,0.2999554,96.58,None,0.0,BTC-15NOV19-6500-C,9239.25,0.0,0.2865,1.0,0.3135,7.0,161.26,0.8576,-3.21653,2.22144,3e-05,0.97958
9251.42,SYN.BTC-8NOV19,1572692343336,open,0.35,0.0,0.325,0.3815,0.35163687,101.56,None,0.0,BTC-8NOV19-12500-P,9239.25,0.0,0.0,0.0,0.0,0.0,0.0,0.35519,-3.06975,-1.99573,3e-05,-0.98843
9294.89,SYN.BTC-29NOV19,1572692343341,open,0.03,238.2,0.0115,0.051,0.02966898,67.79,0.0275,0.0,BTC-29NOV19-10500-C,9239.25,65.41,0.0275,18.0,0.0315,12.8,69.77,8.54955,-10.7823,1.74116,0.0002,0.28407
9595.24,SYN.BTC-26JUN20,1572692343338,open,0.19,120.8,0.144,0.2445,0.19515008,73.26,0.1945,0.0,BTC-26JUN20-9000-P,9239.25,66.15,0.174,3.0,0.2015,3.0,75.41,28.42538,-4.39583,-33.52652,6e-05,-0.34325
9251.42,SYN.BTC-8NOV19,1572692343337,open,0.0,430.6,0.0005,0.012,0.00239883,65.15,0.0025,0.0,BTC-8NOV19-10500-C,9239.25,62.64,0.002,72.5,0.0025,19.0,65.75,1.54251,-8.55131,0.09781,0.00017,0.06807
9595.24,SYN.BTC-26JUN20,1572692343336,open,1.55,0.0,1.476,1.6385,1.55393004,89.48,None,0.0,BTC-26JUN20-24000-P,9239.25,0.0,0.0,0.0,0.0,0.0,0.0,20.3562,-3.84474,-147.76176,4e-05,-0.81896
9294.89,SYN.BTC-29NOV19,1572692343337,open,0.02,176.6,0.0035,0.03,0.01425836,70.6,0.0135,0.0,BTC-29NOV19-11500-C,9239.25,69.42,0.0135,22.0,0.0145,15.8,70.97,6.00887,-7.89252,0.96292,0.00013,0.15495
9265.91,SYN.BTC-15NOV19,1572692343335,open,0.19,0.0,0.166,0.223,0.19328731,69.11,None,0.0,BTC-15NOV19-11000-P,9239.25,0.0,0.0,0.0,0.0,0.0,0.0,3.15208,-8.45969,-3.55907,0.00015,-0.89557
9265.91,SYN.BTC-15NOV19,1572692343335,open,0.0,6.6,0.0005,0.013,0.0034059,73.63,0.0035,0.0,BTC-15NOV19-7500-P,9239.25,65.95,0.002,0.1,0.005,20.0,80.52,1.93612,-5.5357,-0.19093,9e-05,-0.05501
9265.91,SYN.BTC-15NOV19,1572692343335,open,0.01,35.9,0.0005,0.024,0.01004005,63.94,0.008,0.0,BTC-15NOV19-8250-P,9239.25,59.16,0.008,16.0,0.012,0.1,68.25,4.09744,-10.17458,-0.53035,0.00021,-0.15221
9265.91,SYN.BTC-15NOV19,1572692343335,open,0.0,5.1,0.0005,0.0135,0.00396472,73.86,0.0035,0.0,BTC-15NOV19-11500-C,9239.25,69.68,0.003,1.2,0.005,6.0,77.79,2.29578,-6.58484,0.21066,0.0001,0.06841
9251.42,SYN.BTC-8NOV19,1572692343337,open,0.3,10.8,0.2835,0.312,0.2975441,104.97,0.305,0.0,BTC-8NOV19-6500-C,9239.25,0.0,0.2855,1.0,0.31,6.0,226.17,0.11687,-1.04396,1.04124,1e-05,0.9967
9251.42,SYN.BTC-8NOV19,1572692343335,open,0.0,137.9,0.0005,0.0105,0.0001392,105.0,0.0005,0.0,BTC-8NOV19-6500-P,9239.25,0.0,0.0,0.0,0.001,1.0,134.37,0.11708,-1.04615,-0.00513,1e-05,-0.0033
9265.91,SYN.BTC-15NOV19,1572692343335,open,0.03,27.3,0.0125,0.0545,0.03229416,61.24,0.032,0.0,BTC-15NOV19-9000-P,9239.25,55.91,0.0285,2.0,0.036,16.0,66.42,6.61577,-15.73344,-1.3412,0.00036,-0.37803
9265.91,SYN.BTC-15NOV19,1572692343335,open,0.25,0.0,0.2175,0.275,0.24507267,73.86,None,0.0,BTC-15NOV19-11500-P,9239.25,0.0,0.0,0.0,0.0,0.0,0.0,2.29559,-6.58408,-3.84609,0.0001,-0.93159
9595.24,SYN.BTC-26JUN20,1572692343336,open,0.94,0.0,0.8815,1.0245,0.95153807,80.44,None,0.0,BTC-26JUN20-18000-P,9239.25,0.0,0.09,1.0,1.35,1.0,210.45,25.01604,-4.24738,-105.40421,5e-05,-0.74114
9595.24,SYN.BTC-26JUN20,1572692343337,open,0.43,2.3,0.397,0.461,0.42981067,73.26,0.4335,0.0,BTC-26JUN20-6000-C,9239.25,67.6,0.42,3.1,0.4475,3.0,82.94,17.01385,-2.63113,26.9299,4e-05,0.86228
9294.89,SYN.BTC-29NOV19,1572692343337,open,0.16,381.9,0.136,0.188,0.16268553,72.52,0.1645,0.0,BTC-29NOV19-8000-C,9239.25,56.29,0.1515,12.0,0.1685,4.0,80.09,6.94712,-9.37304,4.39815,0.00015,0.80531
9265.91,SYN.BTC-15NOV19,1572692343335,open,0.01,11.2,0.0005,0.0225,0.00876821,69.11,0.008,0.0,BTC-15NOV19-10750-C,9239.25,67.24,0.008,9.0,0.0095,20.0,70.84,3.87669,-10.4047,0.4295,0.00019,0.14017
9265.91,SYN.BTC-15NOV19,1572692343335,open,0.12,0.0,0.0965,0.142,0.11968,63.95,None,0.0,BTC-15NOV19-8250-C,9239.25,53.62,0.1155,4.0,0.1245,4.0,74.16,4.0975,-10.1749,2.3799,0.00021,0.84778
9265.91,SYN.BTC-15NOV19,1572692343335,open,0.0,11.0,0.0005,0.014,0.00423642,69.11,0.0045,0.0,BTC-15NOV19-11250-C,9239.25,61.79,0.0025,23.0,0.005,1.0,71.83,2.49819,-6.70492,0.23584,0.00012,0.07639
9595.24,SYN.BTC-26JUN20,1572692343336,open,0.69,0.0,0.681,0.7005,0.69061679,74.58,None,0.0,BTC-26JUN20-3000-C,9239.25,0.0,0.6855,1.0,0.7025,1.0,101.67,2.53457,-0.39902,18.47513,1e-05,0.98731
9251.42,SYN.BTC-8NOV19,1572692343337,open,0.27,0.0,0.2455,0.299,0.27082221,88.38,None,0.0,BTC-8NOV19-11750-P,9239.25,0.0,0.015,25.0,0.0,0.0,0.0,0.54291,-4.08327,-1.86438,4e-05,-0.98105
9265.91,SYN.BTC-15NOV19,1572692343335,open,0.04,12.3,0.014,0.057,0.03499859,61.38,0.032,0.0,BTC-15NOV19-9500-C,9239.25,55.96,0.031,2.0,0.039,12.8,66.78,6.85586,-16.34112,1.31373,0.00037,0.43692
9265.91,SYN.BTC-15NOV19,1572692343335,open,0.03,25.1,0.008,0.046,0.0255661,61.38,0.027,0.0,BTC-15NOV19-9750-C,9239.25,57.67,0.023,2.0,0.028,0.1,64.86,6.44911,-15.37161,1.06192,0.00035,0.35045
9595.24,SYN.BTC-26JUN20,1572692343336,open,0.4,2.1,0.3435,0.4675,0.40683667,74.03,0.449,0.0,BTC-26JUN20-12000-P,9239.25,57.2,0.3535,4.0,0.4505,4.0,87.63,30.74674,-4.80464,-58.37537,7e-05,-0.53061
9595.24,SYN.BTC-26JUN20,1572692343335,open,0.09,106.5,0.057,0.129,0.09236657,73.26,0.0745,0.0,BTC-26JUN20-7000-P,9239.25,66.22,0.0765,12.0,0.091,3.0,72.66,21.86227,-3.38088,-18.41962,5e-05,-0.20343
9294.89,SYN.BTC-29NOV19,1572692343338,open,0.01,289.4,0.004,0.029,0.01406014,75.69,0.0125,0.0,BTC-29NOV19-7500-P,9239.25,72.85,0.0125,20.0,0.0155,20.0,78.22,5.20991,-7.33642,-0.95596,0.00011,-0.12562
9265.91,SYN.BTC-15NOV19,1572692343335,open,0.01,58.9,0.0005,0.025,0.01022108,64.78,0.0105,0.0,BTC-15NOV19-10500-C,9239.25,62.12,0.009,0.4,0.011,0.5,66.41,4.35053,-10.94367,0.51182,0.00022,0.16681
9251.42,SYN.BTC-8NOV19,1572692343338,open,0.0,601.5,0.0005,0.0145,0.00380123,62.25,0.004,0.0,BTC-8NOV19-10250-C,9239.25,58.57,0.003,0.5,0.0045,20.0,65.19,2.12186,-11.2404,0.14945,0.00025,0.10415
9265.91,SYN.BTC-15NOV19,1572692343336,open,0.0,0.1,0.0005,0.0105,0.00075531,104.83,0.0015,0.0,BTC-15NOV19-6000-P,9239.25,0.0,0.0,0.0,0.002,21.1,121.53,0.48648,-1.98029,-0.03699,2e-05,-0.01056
9294.89,SYN.BTC-29NOV19,1572692343338,open,0.01,352.4,0.0005,0.024,0.01019767,72.54,0.011,0.0,BTC-29NOV19-12000-C,9239.25,70.2,0.009,23.0,0.011,16.0,74.04,4.90181,-6.61519,0.71867,0.00011,0.1152
9595.24,SYN.BTC-26JUN20,1572692343336,open,0.58,0.0,0.5135,0.6475,0.58095945,77.18,None,0.0,BTC-26JUN20-14000-P,9239.25,0.0,0.07,1.0,0.645,0.1,97.5,29.50945,-4.80755,-74.57668,6e-05,-0.61666
9251.42,SYN.BTC-8NOV19,1572692343335,open,0.06,84.0,0.0405,0.0865,0.0642815,60.18,0.066,0.0,BTC-8NOV19-8750-C,9239.25,59.44,0.064,0.1,0.0665,4.0,65.94,3.48698,-17.85855,1.06401,0.00042,0.77873
9265.91,SYN.BTC-15NOV19,1572692343335,open,0.01,10.1,0.003,0.0315,0.01457869,64.78,0.015,0.0,BTC-15NOV19-10250-C,9239.25,58.1,0.011,15.0,0.016,16.0,67.29,5.16645,-12.99611,0.67474,0.00026,0.22101
9251.42,SYN.BTC-8NOV19,1572692343338,open,0.0,309.0,0.0005,0.011,0.00119214,88.29,0.001,0.0,BTC-8NOV19-7500-P,9239.25,77.07,0.0005,1.0,0.002,20.6,97.02,0.72769,-5.46701,-0.04173,6e-05,-0.02683
9265.91,SYN.BTC-15NOV19,1572692343335,open,0.27,0.0,0.257,0.2905,0.27311099,88.95,None,0.0,BTC-15NOV19-6750-C,9239.25,0.0,0.259,7.0,0.2875,7.0,151.07,0.97832,-3.37946,2.29792,4e-05,0.97613
9251.42,SYN.BTC-8NOV19,1572692343340,open,0.0,342.5,0.0005,0.011,0.00144991,79.29,0.0015,0.0,BTC-8NOV19-7750-P,9239.25,74.2,0.001,1.5,0.002,2.0,84.38,0.90903,-6.13311,-0.05443,8e-05,-0.0351
9595.24,SYN.BTC-26JUN20,1572692343338,open,0.0,69.8,0.0005,0.013,0.00327102,74.58,0.002,0.0,BTC-26JUN20-3000-P,9239.25,69.03,0.002,3.0,0.0045,3.0,78.79,2.53426,-0.39896,-0.99395,1e-05,-0.01269
9294.89,SYN.BTC-29NOV19,1572692343340,open,0.36,22.5,0.3425,0.3755,0.35837461,95.52,0.2095,0.0,BTC-29NOV19-6000-C,9239.25,0.0,0.344,9.0,0.3715,9.0,136.22,1.92667,-3.42398,4.15508,3e-05,0.96549
9251.42,SYN.BTC-8NOV19,1572692343341,open,0.02,395.6,0.004,0.0385,0.01918585,60.01,0.019,0.0,BTC-8NOV19-9500-C,9239.25,53.35,0.016,0.4,0.019,16.1,59.62,4.46281,-22.78859,0.53468,0.00054,0.37821
9294.89,SYN.BTC-29NOV19,1572692343340,open,0.0,326.0,0.0005,0.0125,0.00254121,88.05,0.0025,0.0,BTC-29NOV19-15000-C,9239.25,84.87,0.002,1.9,0.003,16.0,90.42,1.70689,-2.79598,0.18659,3e-05,0.0298
9251.42,SYN.BTC-8NOV19,1572692343336,open,0.24,0.0,0.219,0.273,0.24429464,88.38,None,0.0,BTC-8NOV19-11500-P,9239.25,0.0,0.0,0.0,0.0,0.0,0.0,0.79356,-5.96816,-1.80876,7e-05,-0.97023
9265.91,SYN.BTC-15NOV19,1572692343335,open,0.01,58.7,0.0005,0.018,0.00649257,65.53,0.007,0.0,BTC-15NOV19-8000-P,9239.25,62.52,0.0055,1.0,0.0075,0.1,68.4,3.15836,-8.03702,-0.36351,0.00016,-0.10472
9265.91,SYN.BTC-15NOV19,1572692343335,open,0.12,0.0,0.092,0.15,0.1207836,64.78,None,0.0,BTC-15NOV19-10250-P,9239.25,0.0,0.092,6.0,0.1495,6.0,109.51,5.1664,-12.99579,-2.94105,0.00026,-0.779
9251.42,SYN.BTC-8NOV19,1572692343338,open,0.27,0.5,0.2555,0.2865,0.27072446,105.01,0.2365,0.0,BTC-8NOV19-6750-C,9239.25,0.0,0.2585,6.0,0.284,6.0,212.24,0.24288,-2.1703,1.07493,2e-05,0.99251
9294.89,SYN.BTC-29NOV19,1572692343336,open,0.31,0.3,0.288,0.325,0.30601419,86.15,0.31,0.0,BTC-29NOV19-6500-C,9239.25,0.0,0.29,8.0,0.322,8.0,125.44,2.59296,-4.15605,4.40882,5e-05,0.9502
9595.24,SYN.BTC-26JUN20,1572692343336,open,0.25,34.4,0.207,0.3025,0.25718738,73.26,0.259,0.0,BTC-26JUN20-9000-C,9239.25,67.98,0.2415,11.0,0.2685,3.0,77.09,28.42536,-4.39587,24.8811,6e-05,0.65675
9265.91,SYN.BTC-15NOV19,1572692343335,open,0.17,0.0,0.1405,0.1985,0.16893434,69.11,None,0.0,BTC-15NOV19-10750-P,9239.25,0.0,0.008,0.1,0.0,0.0,0.0,3.87659,-10.40422,-3.36267,0.00019,-0.85984
9251.42,SYN.BTC-8NOV19,1572692343335,open,0.32,0.0,0.311,0.338,0.32447863,104.94,None,0.0,BTC-8NOV19-6250-C,9239.25,0.0,0.3135,7.0,0.3365,1.0,242.63,0.05014,-0.44774,1.00411,0.0,0.9987
9595.24,SYN.BTC-26JUN20,1572692343336,open,0.03,171.9,0.0125,0.048,0.02816596,73.26,0.0155,0.0,BTC-26JUN20-5000-P,9239.25,67.0,0.021,3.0,0.027,3.0,72.29,11.58145,-1.79101,-6.78716,3e-05,-0.08083
9251.42,SYN.BTC-8NOV19,1572692343337,open,0.0,106.3,0.0005,0.011,0.00124177,88.37,0.0015,0.0,BTC-8NOV19-11500-C,9239.25,85.36,0.001,41.4,0.0015,44.4,91.21,0.79331,-5.96584,0.04247,7e-05,0.02976
9265.91,SYN.BTC-15NOV19,1572692343335,open,0.38,0.0,0.367,0.3935,0.37984272,105.0,None,0.0,BTC-15NOV19-5750-C,9239.25,0.0,0.369,1.0,0.3915,8.0,191.51,0.29158,-1.18896,2.00778,1e-05,0.9941
9251.42,SYN.BTC-8NOV19,1572692343335,open,0.0,60.6,0.0005,0.0105,1.644e-05,105.0,0.0005,0.0,BTC-8NOV19-6000-P,9239.25,0.0,0.0,0.0,0.002,19.0,179.34,0.01911,-0.15206,-0.0007,0.0,-0.00045
9265.91,SYN.BTC-15NOV19,1572692343335,open,0.0,0.0,0.0005,0.0105,0.00039689,105.0,None,0.0,BTC-15NOV19-5750-P,9239.25,0.0,0.0,0.0,0.001,30.0,118.52,0.29152,-1.18867,-0.02058,1e-05,-0.0059
9294.89,SYN.BTC-29NOV19,1572692343338,open,0.0,446.2,0.0005,0.0105,0.00098751,103.65,0.001,0.0,BTC-29NOV19-5000-P,9239.25,94.93,0.0005,81.3,0.0015,2.0,110.06,0.64343,-1.24076,-0.07185,1e-05,-0.00951
9595.24,SYN.BTC-26JUN20,1572692343339,open,2.16,0.0,2.077,2.2505,2.15883599,91.26,None,0.0,BTC-26JUN20-30000-P,9239.25,0.0,0.0,0.0,0.0,0.0,0.0,15.31832,-2.95082,-189.32912,3e-05,-0.88159
9595.24,SYN.BTC-26JUN20,1572692343336,open,0.09,25.8,0.0515,0.1405,0.09461978,78.76,0.082,0.0,BTC-26JUN20-16000-C,9239.25,76.24,0.0875,3.0,0.102,0.1,81.33,27.36726,-4.54976,13.57051,6e-05,0.31255
9595.24,SYN.BTC-26JUN20,1572692343337,open,0.05,9.2,0.021,0.0895,0.05125897,83.48,0.056,0.0,BTC-26JUN20-22000-C,9239.25,81.7,0.0475,3.0,0.0555,0.1,85.42,20.61064,-3.6316,8.3079,4e-05,0.18467
185.06,ETH-27DEC19,1572692343367,open,0.0,12670.0,0.001,0.011,0.000255,110.0,0.004,0.0,ETH-27DEC19-680-C,182.68,0.0,0.0,0.0,0.003,160.0,141.4,0.0051,-0.00511,0.00056,9e-05,0.00227
185.06,ETH-27DEC19,1572692343367,open,0.02,1213.0,0.004,0.035,0.01654,89.81,0.018,0.0,ETH-27DEC19-300-C,182.68,87.68,0.015,320.0,0.018,160.0,91.74,0.13714,-0.11222,0.02671,0.00297,0.11253
185.06,ETH-27DEC19,1572692343367,open,0.06,6947.0,0.03,0.091,0.060898,80.14,0.058,0.0,ETH-27DEC19-220-C,182.68,77.39,0.057,320.0,0.065,128.0,83.0,0.26413,-0.19286,0.0788,0.0064,0.34413
185.06,ETH-27DEC19,1572692343367,open,0.03,2730.0,0.011,0.049,0.028306,81.55,0.026,0.0,ETH-27DEC19-140-P,182.68,78.96,0.026,520.0,0.031,520.0,84.51,0.16659,-0.12379,-0.04934,0.00397,-0.14904
188.04,ETH-27MAR20,1572692343367,open,0.59,158.0,0.51,0.658,0.585097,89.59,0.62,0.0,ETH-27MAR20-280-P,182.68,78.85,0.561,42.0,0.598,1.0,95.11,0.43425,-0.13335,-0.93773,0.00343,-0.66268
185.04,ETH-27DEC19,1572692343368,open,2.88,0.0,2.778,3.012,2.890791,0.0,None,0.0,ETH-27DEC19-720-P,182.68,0.0,0.003,5.0,0.0,0.0,0.0,0.0,0.0,-1.08248,0.0,-1.0
185.04,ETH-27DEC19,1572692343368,open,0.01,896.0,0.001,0.019,0.007017,100.59,0.012,0.0,ETH-27DEC19-380-C,182.68,97.91,0.006,320.0,0.008,160.0,102.98,0.07338,-0.06726,0.01181,0.00142,0.04948
185.04,ETH-27DEC19,1572692343368,open,0.01,9935.0,0.001,0.015,0.005006,109.86,0.007,0.0,ETH-27DEC19-440-C,182.68,106.2,0.004,1100.0,0.006,160.0,113.04,0.05458,-0.05463,0.00816,0.00097,0.03434
188.04,ETH-27MAR20,1572692343368,open,0.02,2444.0,0.006,0.044,0.021035,98.11,0.031,0.0,ETH-27MAR20-520-C,182.68,95.07,0.018,290.0,0.024,240.0,100.85,0.19586,-0.06586,0.05316,0.00141,0.09177
188.04,ETH-27MAR20,1572692343368,open,0.33,0.0,0.265,0.393,0.331699,87.94,None,0.0,ETH-27MAR20-220-P,182.68,65.35,0.275,8.0,0.334,300.0,88.85,0.47424,-0.14295,-0.62635,0.00382,-0.50175
185.04,ETH-27DEC19,1572692343369,open,0.1,4933.0,0.066,0.142,0.104354,77.28,0.11,0.0,ETH-27DEC19-180-P,182.68,75.72,0.102,96.0,0.111,340.0,81.71,0.27797,-0.19574,-0.14153,0.00699,-0.4044
188.04,ETH-27MAR20,1572692343369,open,0.12,4513.0,0.077,0.161,0.120043,80.34,0.129,0.0,ETH-27MAR20-160-P,182.68,77.05,0.113,300.0,0.127,300.0,83.59,0.4027,-0.1109,-0.30342,0.00355,-0.2837
183.86,SYN.ETH-29NOV19,1572692343367,open,0.03,1460.0,0.008,0.047,0.025653,78.22,0.028,0.0,ETH-29NOV19-220-C,182.68,74.95,0.023,348.0,0.028,346.0,81.04,0.15143,-0.22037,0.02764,0.00778,0.22983
182.95,SYN.ETH-8NOV19,1572692343368,open,0.02,706.0,0.003,0.04,0.018295,66.23,0.016,0.0,ETH-8NOV19-190-C,182.68,50.06,0.011,161.0,0.018,165.0,65.6,0.08522,-0.48027,0.00953,0.02388,0.34172
182.95,SYN.ETH-8NOV19,1572692343370,open,0.02,416.0,0.006,0.052,0.025818,66.28,0.028,0.0,ETH-8NOV19-180-P,182.68,66.65,0.026,2.0,0.029,121.0,72.73,0.09007,-0.508,-0.01274,0.02522,-0.4069
182.95,SYN.ETH-8NOV19,1572692343368,open,0.15,120.0,0.115,0.187,0.150366,70.36,0.104,0.0,ETH-8NOV19-210-P,182.68,0.0,0.147,50.0,0.0,0.0,0.0,0.03007,-0.18004,-0.03191,0.00793,-0.93318
183.86,SYN.ETH-29NOV19,1572692343368,open,0.35,0.0,0.329,0.372,0.350738,91.18,None,0.0,ETH-29NOV19-120-C,182.68,0.0,0.337,11.0,0.365,11.0,135.1,0.03608,-0.0612,0.08352,0.00159,0.96771
182.95,SYN.ETH-8NOV19,1572692343367,open,0.0,196.0,0.001,0.013,0.00318,74.9,0.005,0.0,ETH-8NOV19-160-P,182.68,67.37,0.002,3.0,0.004,200.0,79.33,0.03198,-0.20383,-0.00223,0.00792,-0.07239
189.7,SYN.ETH-26JUN20,1572692343368,open,0.38,0.0,0.301,0.441,0.374052,84.5,None,0.0,ETH-26JUN20-220-P,182.68,0.0,0.159,50.0,0.424,1.0,100.28,0.6051,-0.10792,-1.01597,0.00307,-0.45119
182.95,SYN.ETH-8NOV19,1572692343367,open,0.1,40.0,0.065,0.135,0.099694,66.23,0.105,0.0,ETH-8NOV19-200-P,182.68,63.88,0.099,40.0,0.107,40.0,87.35,0.05515,-0.3108,-0.02784,0.01545,-0.84571
9512.24,BTC-27MAR20,1572692343387,open,0.36,52.6,0.3175,0.431,0.37503819,78.27,0.355,0.0,BTC-27MAR20-12000-P,9239.25,55.27,0.3205,4.0,0.418,4.0,95.51,23.40605,-6.27963,-36.60665,8e-05,-0.58787
183.86,SYN.ETH-29NOV19,1572692343448,open,0.0,539.0,0.001,0.012,0.002589,99.4,0.005,0.0,ETH-29NOV19-320-C,182.68,87.15,0.001,188.0,0.004,28.0,106.53,0.03153,-0.05831,0.00337,0.00127,0.02745
183.86,SYN.ETH-29NOV19,1572692343455,open,0.0,539.0,0.001,0.012,0.002589,99.4,0.005,0.0,ETH-29NOV19-320-C,182.68,87.15,0.001,388.0,0.004,28.0,106.53,0.03153,-0.05831,0.00337,0.00127,0.02745
9251.42,SYN.BTC-8NOV19,1572692343673,open,0.24,1.3,0.228,0.2605,0.24383904,98.35,0.24,0.0,BTC-8NOV19-7000-C,9239.25,0.0,0.2305,6.0,0.2585,6.0,200.18,0.33469,-2.8012,1.11004,2e-05,0.98919
9595.24,SYN.BTC-26JUN20,1572692343889,open,0.59,0.0,0.5795,0.611,0.59439016,73.26,None,0.0,BTC-26JUN20-4000-C,9239.25,47.13,0.584,8.0,0.612,1.0,94.24,6.35245,-0.98239,22.90772,1e-05,0.96226
9352.84,BTC-27DEC19,1572692343890,open,0.23,299.6,0.2005,0.256,0.22914299,72.67,0.221,0.0,BTC-27DEC19-7500-C,9239.25,36.9,0.2015,10.0,0.2395,16.0,82.57,9.43687,-6.24828,8.34164,0.0001,0.82237
9265.91,SYN.BTC-15NOV19,1572692343892,open,0.22,0.0,0.202,0.239,0.22020797,78.79,None,0.0,BTC-15NOV19-7250-C,9239.25,0.0,0.204,7.0,0.237,7.0,134.2,1.54983,-4.74223,2.4127,6e-05,0.95835
9294.89,SYN.BTC-29NOV19,1572692343893,open,0.35,0.0,0.321,0.387,0.35250657,75.15,None,0.0,BTC-29NOV19-12500-P,9239.25,0.0,0.3225,4.0,0.3835,4.0,122.1,4.0402,-5.64849,-8.65182,8e-05,-0.91164
9265.91,SYN.BTC-15NOV19,1572692343896,open,0.19,0.0,0.175,0.2135,0.19398767,73.63,None,0.0,BTC-15NOV19-7500-C,9239.25,0.0,0.1765,7.0,0.2125,7.0,126.82,1.93624,-5.5362,2.45475,9e-05,0.94499
9265.91,SYN.BTC-15NOV19,1572692343897,open,0.17,0.0,0.148,0.1885,0.16801522,68.49,None,0.0,BTC-15NOV19-7750-C,9239.25,0.0,0.149,7.0,0.1875,7.0,117.76,2.41548,-6.42415,2.48054,0.00012,0.92691
9512.24,BTC-27MAR20,1572692343900,open,0.49,1.0,0.4695,0.507,0.48763852,74.55,0.551,0.0,BTC-27MAR20-5000-C,9239.25,0.0,0.472,8.0,0.5055,8.0,95.42,6.66738,-1.7037,17.39607,2e-05,0.94523
9265.91,SYN.BTC-15NOV19,1572692343901,open,0.14,0.0,0.1215,0.1645,0.14311313,65.53,None,0.0,BTC-15NOV19-8000-C,9239.25,0.0,0.1225,7.0,0.165,7.0,112.85,3.15845,-8.03739,2.45855,0.00016,0.89528
9294.89,SYN.BTC-29NOV19,1572692343903,open,0.26,7.7,0.235,0.277,0.25577215,81.1,0.245,0.0,BTC-29NOV19-7000-C,9239.25,0.0,0.2355,8.0,0.2735,8.0,115.06,3.78454,-5.71042,4.53923,7e-05,0.91901
9294.89,SYN.BTC-29NOV19,1572692343904,open,0.3,0.0,0.2695,0.335,0.3012281,72.54,None,0.0,BTC-29NOV19-12000-P,9239.25,0.0,0.271,5.0,0.3335,5.0,116.74,4.90138,-6.61426,-8.11726,0.00011,-0.88481
9352.83,BTC-27DEC19,1572692343906,open,0.37,102.4,0.3485,0.386,0.36688802,79.94,0.4,0.0,BTC-27DEC19-6000-C,9239.25,0.0,0.3495,10.0,0.3835,10.0,108.69,4.10573,-2.99052,8.11167,4e-05,0.94376
9352.83,BTC-27DEC19,1572692343919,open,0.27,64.6,0.247,0.297,0.27221162,74.61,0.265,0.0,BTC-27DEC19-7000-C,9239.25,46.18,0.255,11.0,0.296,10.0,100.71,7.50004,-5.09851,8.46434,8e-05,0.87416
9352.83,BTC-27DEC19,1572692343920,open,0.32,66.1,0.2965,0.34,0.31822284,76.78,0.355,0.0,BTC-27DEC19-6500-C,9239.25,0.0,0.298,10.0,0.338,10.0,103.73,5.65144,-3.95356,8.38921,6e-05,0.91483
9294.89,SYN.BTC-29NOV19,1572692343922,open,0.16,5.0,0.1265,0.192,0.15932074,67.79,0.15,0.0,BTC-29NOV19-10500-P,9239.25,0.0,0.1265,6.0,0.1955,6.0,104.29,8.54946,-10.7819,-5.99024,0.0002,-0.71593
9352.83,BTC-27DEC19,1572692343930,open,0.23,247.2,0.189,0.2695,0.22925701,72.54,0.254,0.0,BTC-27DEC19-11000-P,9239.25,42.58,0.1915,7.0,0.2695,7.0,99.98,13.15517,-8.69469,-12.62549,0.00014,-0.66862
9294.89,SYN.BTC-29NOV19,1572692344022,open,0.51,0.0,0.4775,0.5455,0.50971218,82.04,None,0.0,BTC-29NOV19-14000-P,9239.25,0.0,0.4795,3.0,0.539,3.0,139.71,2.25827,-3.4466,-10.0455,4e-05,-0.95807
9352.81,BTC-27DEC19,1572692344023,open,0.42,73.5,0.402,0.435,0.41768098,85.22,0.266,0.0,BTC-27DEC19-5500-C,9239.25,0.0,0.4025,10.0,0.432,10.0,116.44,3.01048,-2.33771,7.65101,3e-05,0.96179
9352.81,BTC-27DEC19,1572692344025,open,0.42,73.5,0.402,0.435,0.41768098,85.22,0.266,0.0,BTC-27DEC19-5500-C,9239.25,0.0,0.4025,10.0,0.4325,10.0,117.3,3.01048,-2.33771,7.65101,3e-05,0.96179
9294.89,SYN.BTC-29NOV19,1572692344366,open,0.62,0.0,0.5825,0.6535,0.61633172,88.03,None,0.0,BTC-29NOV19-15000-P,9239.25,0.0,0.586,3.0,0.6455,3.0,152.42,1.70583,-2.7938,-10.85835,3e-05,-0.97022
9294.89,SYN.BTC-29NOV19,1572692344367,open,0.25,0.0,0.2195,0.285,0.25149757,70.6,None,0.0,BTC-29NOV19-11500-P,9239.25,0.0,0.22,5.0,0.2855,5.0,112.34,6.00858,-7.89181,-7.50483,0.00013,-0.84506
9352.83,BTC-27DEC19,1572692344369,open,0.32,73.4,0.2775,0.3595,0.31795247,74.48,0.3635,0.0,BTC-27DEC19-12000-P,9239.25,0.0,0.2785,5.0,0.3575,5.0,104.34,11.17516,-7.58354,-15.21124,0.00011,-0.76382
183.84,SYN.ETH-29NOV19,1572692344370,open,0.07,382.0,0.038,0.101,0.068883,73.76,0.075,0.0,ETH-29NOV19-180-P,182.68,71.04,0.066,96.0,0.074,320.0,78.58,0.19485,-0.26738,-0.06599,0.01062,-0.41862
183.84,SYN.ETH-29NOV19,1572692344370,open,0.13,120.0,0.095,0.174,0.135126,74.44,0.131,0.0,ETH-29NOV19-200-P,182.68,73.35,0.134,96.0,0.144,96.0,82.99,0.18931,-0.26218,-0.10277,0.01022,-0.62407
9294.89,SYN.BTC-29NOV19,1572692344381,open,0.2,13.1,0.1715,0.237,0.20391028,69.06,0.233,0.0,BTC-29NOV19-11000-P,9239.25,0.0,0.1715,6.0,0.2395,6.0,108.36,7.2766,-9.3488,-6.79976,0.00017,-0.78963
9352.83,BTC-27DEC19,1572692344404,open,0.32,73.4,0.2775,0.3595,0.31795247,74.48,0.3635,0.0,BTC-27DEC19-12000-P,9239.25,0.0,0.2785,5.0,0.358,5.0,104.69,11.17516,-7.58354,-15.21124,0.00011,-0.76382
188.04,ETH-27MAR20,1572692344421,open,0.42,169.0,0.343,0.481,0.414407,89.6,0.4,0.0,ETH-27MAR20-240-P,182.68,75.25,0.379,300.0,0.453,1.0,104.98,0.46912,-0.14408,-0.73125,0.0037,-0.55862
9251.42,SYN.BTC-8NOV19,1572692344425,open,0.19,25.0,0.173,0.209,0.1905059,88.28,0.181,0.0,BTC-8NOV19-7500-C,9239.25,0.0,0.1745,6.0,0.207,6.0,172.53,0.72755,-5.46558,1.16562,6e-05,0.97318
188.04,ETH-27MAR20,1572692344426,open,0.41,40.0,0.372,0.439,0.407229,83.54,0.459,0.0,ETH-27MAR20-120-C,182.68,59.81,0.379,14.0,0.429,14.0,98.83,0.25483,-0.07297,0.34589,0.00216,0.86748
9251.42,SYN.BTC-8NOV19,1572692344427,open,0.14,69.6,0.118,0.158,0.13762556,74.47,0.1385,0.0,BTC-8NOV19-8000-C,9239.25,0.0,0.1195,6.0,0.155,6.0,141.63,1.33257,-8.4447,1.20026,0.00013,0.94356
185.04,ETH-27DEC19,1572692344429,open,3.1,1.0,2.988,3.234,3.106879,0.0,3.236,0.0,ETH-27DEC19-760-P,182.68,0.0,0.0,0.0,0.0,0.0,0.0,0.0,0.0,-1.14262,0.0,-1.0
183.84,SYN.ETH-29NOV19,1572692344475,open,0.46,0.0,0.44,0.475,0.457758,110.58,None,0.0,ETH-29NOV19-100-C,182.68,0.0,0.447,1.0,0.468,1.0,161.62,0.01852,-0.0381,0.07142,0.00067,0.98534
182.93,SYN.ETH-8NOV19,1572692344480,open,0.01,836.0,0.001,0.021,0.006515,66.28,0.004,0.0,ETH-8NOV19-200-C,182.68,57.17,0.004,1.0,0.007,200.0,67.87,0.05512,-0.31089,0.00435,0.01544,0.1542
185.04,ETH-27DEC19,1572692344487,open,0.09,10917.0,0.053,0.122,0.088628,77.95,0.095,0.0,ETH-27DEC19-200-C,182.68,74.94,0.084,416.0,0.093,320.0,80.79,0.28463,-0.20215,0.10269,0.00709,0.45775
189.68,SYN.ETH-26JUN20,1572692344487,open,0.81,0.0,0.719,0.895,0.808679,88.88,None,0.0,ETH-26JUN20-320-P,182.68,0.0,0.0,0.0,0.843,1.0,100.08,0.56876,-0.1067,-1.7897,0.00274,-0.64521
182.93,SYN.ETH-8NOV19,1572692344487,open,0.08,261.0,0.048,0.108,0.079326,66.47,0.077,0.0,ETH-8NOV19-170-C,182.68,38.03,0.072,40.0,0.079,40.0,65.49,0.06112,-0.34572,0.02178,0.01707,0.81899
188.04,ETH-27MAR20,1572692344556,open,0.16,2.0,0.109,0.207,0.161824,87.97,0.155,0.0,ETH-27MAR20-220-C,182.68,66.95,0.109,16.0,0.159,300.0,86.85,0.47424,-0.143,0.2529,0.00381,0.49834
185.04,ETH-27DEC19,1572692344556,open,0.34,2287.0,0.286,0.391,0.338975,82.09,0.408,0.0,ETH-27DEC19-240-P,182.68,38.97,0.3,6.0,0.382,6.0,113.71,0.23052,-0.17241,-0.30148,0.00546,-0.74472
183.84,SYN.ETH-29NOV19,1572692344593,open,0.09,3794.0,0.056,0.12,0.089855,73.86,0.092,0.0,ETH-29NOV19-180-C,182.68,69.28,0.085,321.0,0.092,320.0,75.88,0.19485,-0.26774,0.06653,0.0106,0.58138
185.04,ETH-27DEC19,1572692344595,open,0.06,11348.0,0.03,0.088,0.057935,78.75,0.059,0.0,ETH-27DEC19-160-P,182.68,76.43,0.055,130.0,0.061,340.0,81.16,0.23488,-0.16853,-0.08976,0.00579,-0.26472
188.04,ETH-27MAR20,1572692344595,open,0.27,736.0,0.222,0.309,0.269203,80.36,0.28,0.0,ETH-27MAR20-160-C,182.68,75.59,0.259,300.0,0.277,300.0,84.0,0.40271,-0.11093,0.336,0.00355,0.7163
182.93,SYN.ETH-8NOV19,1572692344595,open,0.01,703.0,0.001,0.025,0.008528,66.17,0.011,0.0,ETH-8NOV19-170-P,182.68,58.17,0.006,161.0,0.011,160.0,73.32,0.06091,-0.34294,-0.00555,0.01709,-0.18001
183.84,SYN.ETH-29NOV19,1572692344619,open,0.0,539.0,0.001,0.012,0.002589,99.42,0.005,0.0,ETH-29NOV19-320-C,182.68,87.17,0.001,188.0,0.004,28.0,106.55,0.03153,-0.05831,0.00337,0.00127,0.02745
183.84,SYN.ETH-29NOV19,1572692344626,open,0.0,539.0,0.001,0.012,0.002589,99.42,0.005,0.0,ETH-29NOV19-320-C,182.68,87.17,0.001,388.0,0.004,28.0,106.55,0.03153,-0.05831,0.00337,0.00127,0.02745
9512.22,BTC-27MAR20,1572692344919,open,0.36,52.6,0.3175,0.431,0.37504237,78.27,0.355,0.0,BTC-27MAR20-12000-P,9239.25,55.04,0.32,4.0,0.418,4.0,95.51,23.40594,-6.27953,-36.60675,8e-05,-0.58788
9512.22,BTC-27MAR20,1572692344921,open,0.36,52.6,0.3175,0.431,0.37504237,78.27,0.355,0.0,BTC-27MAR20-12000-P,9239.25,55.04,0.32,4.0,0.4175,4.0,95.31,23.40594,-6.27953,-36.60675,8e-05,-0.58788
183.23,SYN.ETH-15NOV19,1572692345107,open,0.07,109.0,0.039,0.106,0.072265,67.82,0.074,0.0,ETH-15NOV19-190-P,182.68,66.09,0.071,120.0,0.08,120.0,78.35,0.13398,-0.35289,-0.04264,0.01668,-0.58744
183.23,SYN.ETH-15NOV19,1572692345107,open,0.06,75.0,0.03,0.088,0.059781,68.0,0.058,0.0,ETH-15NOV19-180-C,182.68,60.12,0.054,120.0,0.062,120.0,71.02,0.13449,-0.35513,0.03366,0.0167,0.58054
183.23,SYN.ETH-15NOV19,1572692345107,open,0.11,0.0,0.074,0.148,0.111182,68.27,None,0.0,ETH-15NOV19-200-P,182.68,67.97,0.111,40.0,0.12,40.0,81.98,0.11338,-0.30057,-0.0545,0.01402,-0.73195
183.23,SYN.ETH-15NOV19,1572692345107,open,0.09,0.0,0.061,0.122,0.093417,68.04,None,0.0,ETH-15NOV19-170-C,182.68,57.11,0.087,40.0,0.096,40.0,72.26,0.11111,-0.29358,0.04194,0.01379,0.74232
183.23,SYN.ETH-15NOV19,1572692345107,open,0.04,121.0,0.017,0.07,0.042025,67.85,0.052,0.0,ETH-15NOV19-180-P,182.68,65.09,0.04,120.0,0.048,120.0,75.99,0.13448,-0.35436,-0.02983,0.01673,-0.4194
9251.41,SYN.BTC-8NOV19,1572692345271,open,0.22,0.0,0.1925,0.2445,0.21702447,78.09,None,0.0,BTC-8NOV19-11250-P,9239.25,0.0,0.0,0.0,0.0,0.0,0.0,0.7349,-4.88366,-1.77206,7e-05,-0.97286
9251.41,SYN.BTC-8NOV19,1572692345294,open,0.0,88.9,0.0005,0.0105,0.00034192,105.0,0.0025,0.0,BTC-8NOV19-6750-P,9239.25,0.0,0.0,0.0,0.0015,0.4,129.87,0.2428,-2.16941,-0.01166,2e-05,-0.00749
9294.86,SYN.BTC-29NOV19,1572692345317,open,0.12,60.1,0.087,0.1505,0.11899425,66.91,0.1425,0.0,BTC-29NOV19-10000-P,9239.25,63.01,0.115,9.6,0.122,9.6,69.81,9.58406,-11.92978,-5.07461,0.00023,-0.62248
9251.41,SYN.BTC-8NOV19,1572692345317,open,0.03,199.6,0.01,0.0515,0.03043719,60.0,0.03,0.0,BTC-8NOV19-9250-C,9239.25,54.19,0.0275,0.6,0.031,12.0,61.11,4.67899,-23.89051,0.7231,0.00057,0.51598
9512.2,BTC-27MAR20,1572692345328,open,0.26,261.2,0.2205,0.3,0.26217097,74.55,0.264,0.0,BTC-27MAR20-8000-C,9239.25,65.62,0.2435,14.0,0.2675,6.8,77.08,20.00222,-5.11109,17.66152,7e-05,0.72675
9352.79,BTC-27DEC19,1572692345328,open,0.72,19.0,0.6795,0.7625,0.71877632,82.64,1.2,0.0,BTC-27DEC19-16000-P,9239.25,0.0,0.42,0.2,0.0,0.0,0.0,4.58997,-3.45633,-23.25649,4e-05,-0.93515
9512.2,BTC-27MAR20,1572692345328,open,0.0,1259.6,0.0005,0.0135,0.0038779,74.55,0.007,0.0,BTC-27MAR20-4000-P,9239.25,64.07,0.0015,18.0,0.0055,6.0,79.52,2.79383,-0.71389,-0.87167,1e-05,-0.01905
9352.79,BTC-27DEC19,1572692345328,open,0.0,1544.5,0.0005,0.0105,2.55e-06,105.0,0.001,0.0,BTC-27DEC19-52000-C,9239.25,0.0,0.0,0.0,0.001,4.9,157.18,0.00466,-0.00446,0.00039,0.0,3e-05
9512.2,BTC-27MAR20,1572692345328,open,0.02,228.8,0.0065,0.047,0.02239399,86.86,0.0205,0.0,BTC-27MAR20-22000-C,9239.25,83.79,0.019,5.0,0.0255,0.1,89.47,10.95231,-3.2609,3.14929,3e-05,0.10523
9294.86,SYN.BTC-29NOV19,1572692345330,open,0.02,679.6,0.0085,0.0425,0.0233729,72.52,0.0225,0.0,BTC-29NOV19-8000-P,9239.25,71.35,0.0225,25.0,0.0245,12.8,74.02,6.94708,-9.3727,-1.4924,0.00015,-0.19469
9294.86,SYN.BTC-29NOV19,1572692345330,open,0.06,212.7,0.031,0.083,0.05643974,66.91,0.0595,0.0,BTC-29NOV19-9000-P,9239.25,64.57,0.054,4.0,0.059,8.9,69.36,9.70624,-12.08222,-3.08432,0.00023,-0.39422
9512.2,BTC-27MAR20,1572692345353,open,0.16,473.0,0.121,0.2085,0.16648405,74.55,0.175,0.0,BTC-27MAR20-10000-C,9239.25,73.96,0.165,0.8,0.1745,6.0,77.76,23.78989,-6.07892,14.63817,9e-05,0.55153
9251.41,SYN.BTC-8NOV19,1572692345360,open,0.0,282.3,0.0005,0.0105,0.00041494,105.0,0.0005,0.0,BTC-8NOV19-12750-C,9239.25,0.0,0.0,0.0,0.001,2.0,117.86,0.30226,-2.70077,0.0137,2e-05,0.00961
9251.41,SYN.BTC-8NOV19,1572692345360,open,0.0,104.1,0.0005,0.0105,0.00049344,101.57,0.0015,0.0,BTC-8NOV19-12500-C,9239.25,0.0,0.0,0.0,0.001,0.5,111.76,0.35535,-3.07136,0.0165,3e-05,0.01158
9352.79,BTC-27DEC19,1572692345362,open,1.35,4.9,1.3065,1.4065,1.35423326,95.52,1.0385,0.0,BTC-27DEC19-22000-P,9239.25,0.0,0.0,0.0,0.0,0.0,0.0,1.51485,-1.31836,-32.86732,1e-05,-0.98318
185.04,ETH-27DEC19,1572692345381,open,0.0,6174.0,0.001,0.011,0.000161,110.0,0.002,0.0,ETH-27DEC19-720-C,182.69,0.0,0.0,0.0,0.002,29.0,139.51,0.00345,-0.00346,0.00037,6e-05,0.00148
188.04,ETH-27MAR20,1572692345381,open,0.05,1180.0,0.022,0.071,0.045391,83.54,0.065,0.0,ETH-27MAR20-120-P,182.69,79.49,0.04,320.0,0.051,320.0,87.61,0.25483,-0.07297,-0.1337,0.00216,-0.13252
185.04,ETH-27DEC19,1572692345381,open,0.37,2.0,0.338,0.389,0.364409,87.45,0.346,0.0,ETH-27DEC19-120-C,182.69,0.0,0.101,1.0,0.0,0.0,0.0,0.10051,-0.08008,0.15624,0.00223,0.92602
188.05,ETH-27MAR20,1572692345381,open,0.22,21.0,0.168,0.261,0.218289,80.34,0.232,0.0,ETH-27MAR20-180-C,182.69,66.0,0.184,15.0,0.228,300.0,84.43,0.44762,-0.12326,0.31176,0.00394,0.63311
188.04,ETH-27MAR20,1572692345381,open,0.77,7.0,0.692,0.846,0.769265,89.65,0.945,0.0,ETH-27MAR20-320-P,182.69,0.0,0.0,0.0,0.792,1.0,100.35,0.38274,-0.1176,-1.13702,0.00302,-0.74369
188.05,ETH-27MAR20,1572692345381,open,0.58,19.0,0.566,0.602,0.584026,87.86,0.542,0.0,ETH-27MAR20-80-C,182.69,0.0,0.07,20.0,0.0,0.0,0.0,0.0911,-0.02744,0.28659,0.00073,0.96535
185.05,ETH-27DEC19,1572692345381,open,0.47,0.0,0.445,0.484,0.464548,93.88,None,0.0,ETH-27DEC19-100-C,182.69,0.0,0.0,0.0,0.0,0.0,0.0,0.04956,-0.04239,0.14047,0.00103,0.96945
188.05,ETH-27MAR20,1572692345381,open,0.49,0.0,0.464,0.516,0.49113,85.37,None,0.0,ETH-27MAR20-100-C,182.69,52.98,0.471,14.0,0.508,14.0,102.32,0.16817,-0.04921,0.32613,0.00139,0.92507
185.05,ETH-27DEC19,1572692345381,open,1.8,37.0,1.729,1.902,1.811986,111.09,0.707,0.0,ETH-27DEC19-520-P,182.69,0.0,0.002,25.0,0.0,0.0,0.0,0.0264,-0.02673,-0.77829,0.00046,-0.98549
188.05,ETH-27MAR20,1572692345381,open,0.14,1227.0,0.087,0.184,0.138186,89.64,0.135,0.0,ETH-27MAR20-240-C,182.69,80.69,0.116,300.0,0.159,17.0,97.95,0.46917,-0.14415,0.22798,0.0037,0.44152
185.05,ETH-27DEC19,1572692345381,open,0.84,0.0,0.788,0.912,0.847504,95.04,None,0.0,ETH-27DEC19-340-P,182.69,0.0,0.001,5.0,0.0,0.0,0.0,0.09768,-0.08459,-0.49417,0.002,-0.92873
185.05,ETH-27DEC19,1572692345381,open,0.0,17098.0,0.001,0.011,0.00066,110.0,0.004,0.0,ETH-27DEC19-600-C,182.69,114.77,0.001,2000.0,0.003,29.0,130.37,0.01123,-0.01126,0.00134,0.0002,0.00547
