underlying_price,underlying_index,timestamp,state,settlement_price,open_interest,min_price,max_price,mark_price,mark_iv,last_price,interest_rate,instrument_name,index_price,bid_iv,best_bid_price,best_bid_amount,best_ask_price,best_ask_amount,ask_iv,vega,theta,rho,gamma,delta
152.13,index_price,1556276340134,open,0.15,100.0,0.145567,0.156191,0.148498,77.52,0.135,0,ETH-3MAY19-130-C,152.13,80.37,0.149,50.0,0.154,50.0,102.23,0.02581,-0.1455,0.0226,0.00764,0.93708
152.13,index_price,1556276340269,open,0.0,17.0,9.9e-05,0.010723,0.00303,77.52,0.002,0,ETH-3MAY19-130-P,152.13,70.8,0.002,250.0,0.004,50.0,82.84,0.02581,-0.1455,-0.00189,0.00764,-0.06292
152.13,index_price,1556276340386,open,0.09,199.0,0.082181,0.106155,0.089725,70.36,0.098,0,ETH-3MAY19-140-C,152.13,71.12,0.09,50.0,0.095,50.0,84.06,0.05512,-0.28204,0.02088,0.01797,0.81825
154.77,ETH-28JUN19,1556276340477,open,0.06,2363.0,0.04464,0.132402,0.055889,67.5,0.054,0.0,ETH-28JUN19-180-C,152.13,64.93,0.052,120.0,0.058,120.0,68.86,0.23666,-0.12702,0.07706,0.0085,0.34494
5161.25,index_price,1556276340638,open,0.18,0.0,0.17655856,0.18295925,0.1791304,88.58,None,0,BTC-3MAY19-4250-C,5161.25,0.0,0.0005,10.0,0.245,0.3,281.62,0.71425,-4.60113,0.75084,0.00016,0.9514
152.13,index_price,1556276340784,open,0.03,824.0,0.018097,0.053011,0.030193,67.65,0.028,0,ETH-3MAY19-150-P,152.13,59.83,0.026,150.0,0.031,10.0,69.16,0.08168,-0.40182,-0.01294,0.02769,-0.42141
154.76,ETH-28JUN19,1556276340818,open,0.0,2427.0,0.0,0.001917,0.001298,110.0,0.003,0.0,ETH-28JUN19-500-C,152.13,115.58,0.002,160.0,0.005,150.0,130.14,0.01657,-0.01449,0.00222,0.00037,0.00963
155.9,ETH-27SEP19,1556276340820,open,0.0,174.0,0.000554,0.0097,0.004106,80.13,0.001,0.0,ETH-27SEP19-60-P,152.13,71.22,0.002,300.0,0.006,150.0,85.99,0.04495,-0.0117,-0.01457,0.00055,-0.01807
154.76,ETH-28JUN19,1556276340822,open,0.1,1324.0,0.084734,0.175345,0.094082,65.65,0.093,0.0,ETH-28JUN19-160-C,152.13,63.18,0.09,140.0,0.098,90.0,68.01,0.25622,-0.13376,0.10971,0.00946,0.50559
154.76,ETH-28JUN19,1556276340824,open,0.07,1345.0,0.061997,0.152417,0.072292,66.38,0.071,0.0,ETH-28JUN19-170-C,152.13,63.73,0.068,90.0,0.076,90.0,68.66,0.25102,-0.1325,0.09257,0.00917,0.41951
155.9,ETH-27SEP19,1556276340831,open,0.18,3561.0,0.169963,0.258777,0.179702,63.79,0.175,0.0,ETH-27SEP19-160-P,152.13,61.57,0.174,181.0,0.184,90.0,65.47,0.39964,-0.08284,-0.40899,0.00611,-0.44258
155.9,ETH-27SEP19,1556276340831,open,1.07,1.0,1.059588,1.104096,1.07662,77.33,0.93,0.0,ETH-27SEP19-320-P,152.13,0.0,0.003,6.0,1.096,1.0,90.34,0.20105,-0.05052,-1.28676,0.00254,-0.88121
154.76,ETH-28JUN19,1556276340831,open,0.36,0.0,0.357028,0.390675,0.36191,72.98,None,0.0,ETH-28JUN19-100-C,152.13,0.0,0.006,5.0,0.0,0.0,0.0,0.07202,-0.0418,0.1553,0.00239,0.94444
155.9,ETH-27SEP19,1556276340833,open,0.04,632.0,0.021993,0.088386,0.040354,71.54,0.048,0.0,ETH-27SEP19-260-C,152.13,70.77,0.039,1.0,0.043,120.0,73.01,0.27687,-0.06436,0.09997,0.00378,0.19246
155.9,ETH-27SEP19,1556276340833,open,0.03,255.0,0.00699,0.051498,0.024154,77.44,0.037,0.0,ETH-27SEP19-320-C,152.13,75.73,0.022,150.0,0.026,2.0,78.84,0.20157,-0.05072,0.06249,0.00254,0.11923
154.76,ETH-28JUN19,1556276340833,open,0.49,0.0,0.483293,0.495888,0.485624,82.75,None,0.0,ETH-28JUN19-80-C,152.13,0.0,0.002,1.0,0.0,0.0,0.0,0.02868,-0.01887,0.13228,0.00084,0.98182
154.76,ETH-28JUN19,1556276340838,open,0.01,237.0,3.4e-05,0.010998,0.006439,104.72,0.008,0.0,ETH-28JUN19-360-C,152.13,100.57,0.005,60.0,0.008,150.0,108.62,0.05787,-0.04819,0.00955,0.00134,0.04226
155.9,ETH-27SEP19,1556276340840,open,0.29,147.0,0.280945,0.347764,0.289782,64.89,0.283,0.0,ETH-27SEP19-120-C,152.13,0.0,0.002,6.0,0.0,0.0,0.0,0.28572,-0.06024,0.33353,0.0043,0.79725
155.9,ETH-27SEP19,1556276340842,open,1.58,0.0,1.567327,1.592008,1.581528,85.37,None,0.0,ETH-27SEP19-400-P,152.13,0.0,0.001,9.0,0.0,0.0,0.0,0.14678,-0.04072,-1.64581,0.00168,-0.92259
154.76,ETH-28JUN19,1556276340849,open,0.16,369.0,0.149548,0.231183,0.157736,65.65,0.156,0.0,ETH-28JUN19-140-C,152.13,61.7,0.152,90.0,0.161,90.0,67.88,0.22567,-0.11781,0.14267,0.00833,0.69291
154.76,ETH-28JUN19,1556276340849,open,0.01,2043.0,0.00816,0.055124,0.014227,69.81,0.009,0.0,ETH-28JUN19-110-P,152.13,66.47,0.012,150.0,0.016,150.0,72.32,0.10679,-0.05928,-0.02856,0.00371,-0.0929
155.9,ETH-27SEP19,1556276340853,open,0.36,1593.0,0.35192,0.43934,0.365042,65.51,0.284,0.0,ETH-27SEP19-200-P,152.13,49.85,0.329,60.0,0.396,60.0,78.03,0.37669,-0.08018,-0.66412,0.00561,-0.64543
155.9,ETH-27SEP19,1556276340857,open,1.32,0.0,1.312471,1.345712,1.328414,81.7,None,0.0,ETH-27SEP19-360-P,152.13,0.0,0.001,7.0,1.338,1.0,89.56,0.17067,-0.04531,-1.46809,0.00204,-0.90531
154.76,ETH-28JUN19,1556276340857,open,0.01,330.0,0.000182,0.018736,0.006763,94.05,0.009,0.0,ETH-28JUN19-320-C,152.13,92.14,0.006,150.0,0.009,150.0,99.01,0.06399,-0.04786,0.01096,0.00165,0.04788
154.76,ETH-28JUN19,1556276340860,open,0.3,10.0,0.297382,0.344346,0.303495,69.88,0.265,0.0,ETH-28JUN19-110-C,152.13,0.0,0.002,8.0,0.0,0.0,0.0,0.10693,-0.05942,0.16087,0.00371,0.90694
154.76,ETH-28JUN19,1556276340866,open,0.2,325.0,0.192453,0.264728,0.201036,67.1,0.201,0.0,ETH-28JUN19-130-C,152.13,62.14,0.195,30.0,0.203,30.0,68.69,0.19121,-0.10203,0.1538,0.00691,0.77794
155.9,ETH-27SEP19,1556276340898,open,0.06,2382.0,0.050669,0.117489,0.05944,64.85,0.06,0.0,ETH-27SEP19-120-P,152.13,62.97,0.056,120.0,0.062,120.0,66.25,0.28566,-0.0602,-0.17228,0.0043,-0.20268
155.9,ETH-27SEP19,1556276340914,open,0.01,396.0,0.000381,0.014052,0.011418,91.6,0.012,0.0,ETH-27SEP19-480-C,152.13,89.58,0.01,150.0,0.013,60.0,93.69,0.11346,-0.03377,0.02899,0.00121,0.05553
152.13,index_price,1556276340914,open,0.02,355.0,0.007391,0.039269,0.017587,67.65,0.022,0,ETH-3MAY19-160-C,152.13,68.5,0.018,120.0,0.02,4.0,72.59,0.07363,-0.36223,0.00837,0.02496,0.30967
155.9,ETH-27SEP19,1556276340919,open,0.59,132.0,0.571728,0.646009,0.58975,69.71,0.567,0.0,ETH-27SEP19-240-P,152.13,0.0,0.05,2.0,0.634,1.0,89.94,0.31008,-0.07024,-0.89128,0.00434,-0.76635
154.76,ETH-28JUN19,1556276340919,open,0.25,25.0,0.242053,0.302387,0.249261,67.91,0.315,0.0,ETH-28JUN19-120-C,152.13,0.0,0.01,4.0,0.0,0.0,0.0,0.14866,-0.08028,0.16059,0.00531,0.85164
154.76,ETH-28JUN19,1556276340935,open,0.04,3394.0,0.032463,0.104738,0.04103,67.09,0.02,0.0,ETH-28JUN19-130-P,152.13,66.25,0.04,6.0,0.043,120.0,68.68,0.19119,-0.102,-0.07013,0.00691,-0.22203
155.9,ETH-27SEP19,1556276340940,open,0.47,745.0,0.458461,0.540074,0.472539,66.64,0.38,0.0,ETH-27SEP19-220-P,152.13,44.1,0.43,60.0,0.508,60.0,81.99,0.34138,-0.07393,-0.78307,0.005,-0.71891
154.76,ETH-28JUN19,1556276340940,open,0.42,0.0,0.41944,0.441285,0.42303,77.4,None,0.0,ETH-28JUN19-90-C,152.13,0.0,0.002,1.0,0.0,0.0,0.0,0.04646,-0.0286,0.1452,0.00145,0.9677
155.9,ETH-27SEP19,1556276340940,open,0.11,283.0,0.100118,0.19048,0.111726,64.53,0.117,0.0,ETH-27SEP19-180-C,152.13,63.08,0.108,211.0,0.117,150.0,66.59,0.40024,-0.08393,0.22028,0.00605,0.44688
155.9,ETH-27SEP19,1556276340942,open,0.01,1620.0,0.004879,0.030479,0.012103,73.15,0.011,0.0,ETH-27SEP19-80-P,152.13,69.88,0.01,150.0,0.014,150.0,75.88,0.10486,-0.02492,-0.041,0.0014,-0.05028
155.9,ETH-27SEP19,1556276340942,open,0.08,834.0,0.069047,0.156466,0.082251,65.54,0.082,0.0,ETH-27SEP19-200-C,152.13,64.61,0.08,130.0,0.088,120.0,67.91,0.37675,-0.08023,0.17908,0.00561,0.35473
155.9,ETH-27SEP19,1556276340957,open,0.03,1288.0,0.019531,0.066417,0.027766,67.24,0.026,0.0,ETH-27SEP19-100-P,152.13,64.9,0.025,150.0,0.03,210.0,69.06,0.18826,-0.04113,-0.08945,0.00273,-0.10833
154.76,ETH-28JUN19,1556276340965,open,0.17,5296.0,0.160472,0.250893,0.170696,66.34,0.172,0.0,ETH-28JUN19-170-P,152.13,64.05,0.167,90.0,0.176,90.0,69.6,0.251,-0.13241,-0.20029,0.00917,-0.58061
154.76,ETH-28JUN19,1556276340965,open,0.01,1015.0,0.000419,0.024588,0.007935,90.16,0.01,0.0,ETH-28JUN19-300-C,152.13,85.74,0.006,360.0,0.01,150.0,94.23,0.07335,-0.05259,0.01304,0.00197,0.05685
155.9,ETH-27SEP19,1556276340968,open,0.02,998.0,0.002278,0.030928,0.017772,83.99,0.02,0.0,ETH-27SEP19-380-C,152.13,82.22,0.016,150.0,0.02,150.0,86.1,0.15994,-0.04365,0.04534,0.00186,0.08675
154.76,ETH-28JUN19,1556276340973,open,0.0,1784.0,0.000985,0.02283,0.004538,77.28,0.006,0.0,ETH-28JUN19-90-P,152.13,71.52,0.003,300.0,0.006,150.0,81.8,0.04625,-0.02842,-0.00977,0.00145,-0.03212
155.9,ETH-27SEP19,1556276340975,open,0.62,0.0,0.615692,0.624838,0.619292,80.3,None,0.0,ETH-27SEP19-60-C,152.13,0.0,0.001,4.0,0.0,0.0,0.0,0.04526,-0.01181,0.23825,0.00055,0.98179
154.76,ETH-28JUN19,1556276341004,open,0.02,638.0,0.010533,0.075104,0.022244,73.47,0.024,0.0,ETH-28JUN19-220-C,152.13,71.18,0.02,120.0,0.025,120.0,76.15,0.15525,-0.0907,0.0363,0.00512,0.15839
155.9,ETH-27SEP19,1556276341008,open,0.01,312.0,0.000769,0.019102,0.013898,89.38,0.014,0.0,ETH-27SEP19-440-C,152.13,87.04,0.012,150.0,0.016,150.0,91.77,0.13157,-0.03821,0.03497,0.00144,0.06711
154.76,ETH-28JUN19,1556276341010,open,0.01,2535.0,0.00319,0.036837,0.008068,72.97,0.004,0.0,ETH-28JUN19-100-P,152.13,68.2,0.006,300.0,0.01,210.0,76.91,0.07201,-0.04178,-0.01696,0.00239,-0.05554
154.76,ETH-28JUN19,1556276341028,open,0.02,1557.0,0.017447,0.077781,0.024605,67.85,0.021,0.0,ETH-28JUN19-120-P,152.13,65.09,0.022,150.0,0.027,150.0,70.31,0.14857,-0.08017,-0.04607,0.00531,-0.14822
154.76,ETH-28JUN19,1556276341030,open,0.56,1719.0,0.555629,0.607403,0.566047,76.89,0.528,0.0,ETH-28JUN19-240-P,152.13,0.0,0.004,20.0,0.565,1.0,75.54,0.12244,-0.07486,-0.38761,0.00386,-0.88789
155.9,ETH-27SEP19,1556276341037,open,0.02,482.0,0.004793,0.043307,0.021743,79.88,0.023,0.0,ETH-27SEP19-340-C,152.13,78.39,0.02,150.0,0.024,150.0,81.73,0.18627,-0.04835,0.05587,0.00228,0.10675
154.76,ETH-28JUN19,1556276341037,open,2.23,0.0,2.230809,2.232726,2.231899,107.93,None,0.0,ETH-28JUN19-500-P,152.13,0.0,0.0,0.0,0.0,0.0,0.0,0.01459,-0.01253,-0.85938,0.00033,-0.99167
155.9,ETH-27SEP19,1556276341042,open,0.03,356.0,0.014985,0.073566,0.033231,73.46,0.049,0.0,ETH-27SEP19-280-C,152.13,72.04,0.031,120.0,0.036,120.0,75.18,0.24759,-0.0591,0.08417,0.00329,0.1613
154.76,ETH-28JUN19,1556276341046,open,0.44,1137.0,0.432089,0.49666,0.443708,73.38,0.372,0.0,ETH-28JUN19-220-P,152.13,0.0,0.011,14.0,0.446,1.0,75.62,0.155,-0.09044,-0.34276,0.00512,-0.842
152.13,index_price,1556276341046,open,0.07,464.0,0.059123,0.091001,0.069319,67.65,0.063,0,ETH-3MAY19-160-P,152.13,56.34,0.064,150.0,0.071,150.0,71.1,0.07363,-0.36223,-0.02177,0.02496,-0.69033
155.9,ETH-27SEP19,1556276341049,open,0.83,0.0,0.811008,0.869589,0.829023,73.32,None,0.0,ETH-27SEP19-280-P,152.13,0.0,0.004,5.0,0.86,2.0,90.36,0.24688,-0.05882,-1.09656,0.00329,-0.83941
154.76,ETH-28JUN19,1556276341049,open,0.27,2406.0,0.259361,0.342624,0.269364,67.44,0.194,0.0,ETH-28JUN19-190-P,152.13,0.0,0.011,20.0,0.278,1.0,73.52,0.21493,-0.11526,-0.26467,0.00772,-0.72341
154.76,ETH-28JUN19,1556276341049,open,0.02,1339.0,0.004841,0.056614,0.015359,77.01,0.017,0.0,ETH-28JUN19-240-C,152.13,75.26,0.014,150.0,0.017,10.0,79.03,0.12281,-0.07521,0.02592,0.00387,0.11259
154.76,ETH-28JUN19,1556276341049,open,0.01,1315.0,0.000959,0.032375,0.010399,87.53,0.02,0.0,ETH-28JUN19-280-C,152.13,85.02,0.009,295.0,0.012,300.0,90.19,0.08951,-0.0623,0.01682,0.00248,0.07348
155.9,ETH-27SEP19,1556276341051,open,0.02,165.0,0.00158,0.02626,0.015949,85.55,0.017,0.0,ETH-27SEP19-400-C,152.13,83.42,0.014,150.0,0.018,150.0,87.64,0.14764,-0.04104,0.04079,0.00168,0.07801
154.76,ETH-28JUN19,1556276341054,open,0.03,734.0,0.015354,0.086541,0.027245,71.65,0.026,0.0,ETH-28JUN19-210-C,152.13,69.63,0.025,120.0,0.03,120.0,74.05,0.17433,-0.09933,0.0434,0.0059,0.19005
154.76,ETH-28JUN19,1556276341054,open,0.13,3007.0,0.118593,0.209204,0.127874,65.61,0.129,0.0,ETH-28JUN19-160-P,152.13,63.27,0.124,90.0,0.133,90.0,68.7,0.25623,-0.13367,-0.16591,0.00947,-0.49447
155.9,ETH-27SEP19,1556276341058,open,0.21,201.0,0.203035,0.284247,0.212011,63.87,0.216,0.0,ETH-27SEP19-140-C,152.13,61.71,0.207,90.0,0.218,90.0,66.44,0.36215,-0.07516,0.30736,0.00553,0.67966
154.76,ETH-28JUN19,1556276341064,open,0.04,595.0,0.031653,0.114917,0.041736,67.49,0.042,0.0,ETH-28JUN19-190-C,152.13,66.24,0.04,120.0,0.046,120.0,70.53,0.21503,-0.11541,0.06268,0.00772,0.27684
155.9,ETH-27SEP19,1556276341068,open,0.02,185.0,0.003298,0.03654,0.019389,81.83,0.02,0.0,ETH-27SEP19-360-C,152.13,79.58,0.017,150.0,0.022,150.0,84.13,0.17135,-0.04556,0.04983,0.00204,0.0952
155.9,ETH-27SEP19,1556276341068,open,0.26,4226.0,0.254705,0.345066,0.266164,64.48,0.234,0.0,ETH-27SEP19-180-P,152.13,62.07,0.26,90.0,0.271,90.0,66.36,0.40022,-0.08385,-0.53859,0.00606,-0.55331
154.76,ETH-28JUN19,1556276341068,open,0.09,3897.0,0.082951,0.170734,0.091929,65.59,0.088,0.0,ETH-28JUN19-150-P,152.13,63.15,0.088,120.0,0.096,120.0,68.13,0.24831,-0.12952,-0.1314,0.00918,-0.40096
154.76,ETH-28JUN19,1556276341068,open,0.0,1501.0,0.000222,0.012818,0.00252,82.57,0.004,0.0,ETH-28JUN19-80-P,152.13,71.84,0.001,2149.0,0.004,150.0,89.53,0.02845,-0.01868,-0.00547,0.00083,-0.01801
154.76,ETH-28JUN19,1556276341068,open,0.82,0.0,0.810212,0.841628,0.819535,87.33,None,0.0,ETH-28JUN19-280-P,152.13,0.0,0.001,150.0,0.0,0.0,0.0,0.08896,-0.06178,-0.46564,0.00247,-0.92711
154.76,ETH-28JUN19,1556276341070,open,0.69,0.0,0.682193,0.722778,0.691804,81.52,None,0.0,ETH-28JUN19-260-P,152.13,0.0,0.0,0.0,0.0,0.0,0.0,0.10106,-0.06551,-0.42803,0.003,-0.91374
155.9,ETH-27SEP19,1556276341072,open,0.11,2215.0,0.101046,0.182259,0.109907,63.82,0.09,0.0,ETH-27SEP19-140-P,152.13,61.7,0.105,120.0,0.114,120.0,65.58,0.36214,-0.0751,-0.28277,0.00554,-0.32032
155.9,ETH-27SEP19,1556276341072,open,0.15,126.0,0.143664,0.232478,0.153509,63.84,0.152,0.0,ETH-27SEP19-160-C,152.13,62.08,0.149,201.0,0.159,90.0,65.98,0.39963,-0.08289,0.26551,0.00611,0.55749
154.76,ETH-28JUN19,1556276341074,open,1.07,0.0,1.067899,1.086454,1.074347,93.73,None,0.0,ETH-28JUN19-320-P,152.13,0.0,0.0,0.0,0.0,0.0,0.0,0.06323,-0.04713,-0.54043,0.00164,-0.95283
154.76,ETH-28JUN19,1556276341076,open,0.0,512.0,6e-06,0.006553,0.00454,108.71,0.007,0.0,ETH-28JUN19-400-C,152.13,106.73,0.004,150.0,0.007,300.0,116.22,0.04385,-0.03791,0.00682,0.00098,0.03012
154.76,ETH-28JUN19,1556276341090,open,1.59,0.0,1.584654,1.5912,1.58902,108.11,None,0.0,ETH-28JUN19-400-P,152.13,0.0,0.0,0.0,0.0,0.0,0.0,0.0428,-0.0368,-0.68242,0.00096,-0.97075
154.76,ETH-28JUN19,1556276341090,open,0.22,4550.0,0.207713,0.295472,0.218906,67.45,0.205,0.0,ETH-28JUN19-180-P,152.13,65.54,0.216,90.0,0.225,90.0,71.4,0.23657,-0.12689,-0.23306,0.0085,-0.65532
5161.25,index_price,1556276341140,open,0.26,0.0,0.25938502,0.26403682,0.26055862,84.92,None,0,BTC-3MAY19-6500-P,5161.25,0.0,0.0005,10.0,0.334,0.3,285.15,0.44697,-2.76014,-1.19894,0.0001,-0.9726
152.13,index_price,1556276341205,open,0.01,1124.0,0.000936,0.021423,0.007867,75.28,0.007,0,ETH-3MAY19-170-C,152.13,69.23,0.006,200.0,0.01,347.0,81.57,0.04935,-0.27014,0.00416,0.01504,0.15309
152.13,index_price,1556276341210,open,0.0,581.0,0.0,0.000182,0.000432,110.0,0.001,0,ETH-3MAY19-220-C,152.13,0.0,0.0,0.0,0.002,450.0,135.75,0.00505,-0.04038,0.00024,0.00105,0.00894
5161.25,index_price,1556276341310,open,0.21,0.0,0.21095069,0.21902822,0.21257046,77.09,None,0,BTC-3MAY19-6250-P,5161.25,0.0,0.001,10.0,0.276,0.4,244.89,0.60476,-3.3904,-1.14048,0.00016,-0.96046
152.13,index_price,1556276341325,open,0.13,186.0,0.118401,0.138888,0.125332,75.28,0.119,0,ETH-3MAY19-170-P,152.13,49.49,0.119,50.0,0.125,50.0,74.25,0.04935,-0.27014,-0.02786,0.01504,-0.84691
152.13,index_price,1556276341456,open,0.0,1183.0,6.6e-05,0.010935,0.003024,78.76,0.005,0,ETH-3MAY19-180-C,152.13,72.33,0.002,250.0,0.004,20.0,83.87,0.02695,-0.15436,0.00182,0.00785,0.06652
152.13,index_price,1556276341480,open,0.45,0.0,0.446132,0.446313,0.446564,110.0,None,0,ETH-3MAY19-220-P,152.13,0.0,0.0,0.0,0.557,2.0,427.4,0.00505,-0.04038,-0.0412,0.00105,-0.99106
5160.82,index_price,1556276341557,open,0.12,25.7,0.11469814,0.13628517,0.11960323,66.02,0.1095,0,BTC-3MAY19-5750-P,5160.82,0.0,0.111,0.1,0.1635,0.4,166.02,1.46249,-7.02139,-0.9664,0.00044,-0.87446
5160.82,index_price,1556276341557,open,0.17,0.5,0.16266016,0.17619733,0.16550305,71.72,0.097,0,BTC-3MAY19-6000-P,5160.82,0.0,0.159,3.0,0.219,0.3,204.87,0.94318,-4.91901,-1.06575,0.00026,-0.93075
5160.82,index_price,1556276341585,open,0.19,8.0,0.18347465,0.21248565,0.19054596,61.96,0.1625,0,BTC-31MAY19-4250-C,5160.82,0.0,0.176,0.8,0.0,0.0,0.0,3.43837,-3.05405,3.33289,0.00022,0.86643
5122.18,BTC-27SEP19,1556276341587,open,0.02,701.6,0.00132411,0.01643017,0.01558192,79.14,0.0145,0.0,BTC-27SEP19-12000-C,5160.82,77.47,0.014,6.1,0.0165,18.0,80.07,4.98073,-1.28082,1.4079,6e-05,0.08078
152.13,index_price,1556276341587,open,0.19,173.0,0.183264,0.194133,0.186223,78.76,0.176,0,ETH-3MAY19-180-P,152.13,0.0,0.18,50.0,0.186,50.0,77.47,0.02695,-0.15436,-0.03209,0.00785,-0.93348
5122.61,BTC-27SEP19,1556276341675,open,0.14,47.5,0.12585433,0.19071245,0.14388048,61.18,0.1435,0.0,BTC-27SEP19-5000-P,5160.82,59.04,0.1385,14.4,0.147,14.4,62.43,12.82935,-2.55057,-11.69328,0.00019,-0.39758
5122.61,BTC-27SEP19,1556276341683,open,0.12,62.5,0.10079747,0.16313096,0.11805068,61.18,0.094,0.0,BTC-27SEP19-4750-P,5160.82,59.08,0.113,14.4,0.121,14.4,62.41,12.30344,-2.44607,-10.08065,0.00018,-0.34874
5160.82,index_price,1556276341688,open,0.08,514.0,0.07115035,0.12043508,0.08124909,58.19,0.0825,0,BTC-31MAY19-5250-P,5160.82,57.58,0.0805,14.4,0.087,14.4,62.85,6.36411,-5.30934,-2.87668,0.00043,-0.50212
5122.18,BTC-27SEP19,1556276341693,open,0.18,39.3,0.13384848,0.29387337,0.17685872,63.21,0.179,0.0,BTC-27DEC19-5500-C,5160.82,61.56,0.1715,10.8,0.183,10.8,65.1,16.61466,-2.14426,12.76463,0.00015,0.54831
5124.72,BTC-28JUN19,1556276341699,open,0.14,60.6,0.11917913,0.17635441,0.14260566,59.5,0.1395,0.0,BTC-28JUN19-5500-P,5160.82,57.29,0.139,10.8,0.1455,10.8,61.27,8.3739,-3.96229,-6.24334,0.00031,-0.56462
5160.82,index_price,1556276341705,open,0.06,49.3,0.05387015,0.10315488,0.06405365,58.26,0.0595,0,BTC-31MAY19-5250-C,5160.82,55.38,0.0605,20.0,0.0635,14.4,57.81,6.36412,-5.31562,2.1397,0.00043,0.49797
152.13,index_price,1556276341852,open,0.25,931.0,0.248935,0.254186,0.251341,93.42,0.182,0,ETH-3MAY19-190-P,152.13,0.0,0.0,0.0,0.322,5.0,277.61,0.02067,-0.14042,-0.0345,0.00508,-0.9525
152.13,index_price,1556276341980,open,0.0,698.0,0.0,0.002392,0.001458,101.14,0.001,0,ETH-3MAY19-200-C,152.13,0.0,0.0,0.0,0.003,400.0,114.69,0.01366,-0.10048,0.00078,0.0031,0.02862
152.13,index_price,1556276342108,open,0.32,50.0,0.314665,0.317057,0.316123,101.14,0.206,0,ETH-3MAY19-200-P,152.13,0.0,0.0,0.0,0.4,4.0,329.03,0.01366,-0.10048,-0.0369,0.0031,-0.97138
152.13,index_price,1556276342241,open,0.0,610.0,0.0,0.001038,0.000969,108.93,0.001,0,ETH-3MAY19-210-C,152.13,0.0,0.0,0.0,0.002,250.0,121.69,0.00954,-0.0756,0.00051,0.00201,0.01869
152.13,index_price,1556276342375,open,0.38,0.0,0.380398,0.381436,0.381367,108.93,None,0,ETH-3MAY19-210-P,152.13,0.0,0.0,0.0,0.482,3.0,385.99,0.00954,-0.0756,-0.03905,0.00201,-0.98131
5124.29,BTC-28JUN19,1556276342728,open,0.03,448.4,0.01010377,0.051573,0.02768665,61.99,0.0275,0.0,BTC-28JUN19-6500-C,5160.82,61.0,0.0265,14.4,0.029,0.5,63.07,6.18257,-3.04774,1.63682,0.00022,0.21312
5124.29,BTC-28JUN19,1556276342848,open,0.0,780.7,0.0,7.7e-07,0.00035822,110.0,0.0005,0.0,BTC-28JUN19-20000-C,5160.82,0.0,0.0,0.0,0.001,12.3,121.17,0.19107,-0.16714,0.02279,0.0,0.00294
5122.18,BTC-27SEP19,1556276342850,open,1.37,0.1,1.34698055,1.43453827,1.37475464,73.66,0.001,0.0,BTC-27DEC19-12000-P,5160.82,0.0,0.002,1.0,0.0,0.0,0.0,9.04631,-1.36063,-77.01416,7e-05,-0.86635
5122.18,BTC-27SEP19,1556276342856,open,0.03,60.8,0.00422805,0.09178577,0.03200214,73.66,0.03,0.0,BTC-27DEC19-12000-C,5160.82,71.92,0.029,18.0,0.035,18.0,75.32,9.04631,-1.36063,3.49291,7e-05,0.13365
5122.18,BTC-27SEP19,1556276342858,open,0.11,47.9,0.06069505,0.21810226,0.10437956,64.71,0.105,0.0,BTC-27DEC19-7000-C,5160.82,63.62,0.101,10.0,0.11,24.4,66.52,15.88056,-2.09838,9.22709,0.00014,0.37289
5122.18,BTC-27SEP19,1556276342861,open,0.31,0.0,0.29832441,0.34147062,0.31187769,62.75,None,0.0,BTC-27SEP19-3750-C,5160.82,0.0,0.0315,0.1,0.0,0.0,0.0,8.2961,-1.69148,11.26926,0.00012,0.83375
5122.18,BTC-27SEP19,1556276342861,open,0.13,232.8,0.1103448,0.17753959,0.12942205,61.37,0.13,0.0,BTC-27SEP19-5500-C,5160.82,60.04,0.126,1.0,0.133,10.0,62.75,13.26512,-2.64507,8.17973,0.0002,0.50822
5122.18,BTC-27SEP19,1556276342861,open,0.0,1666.6,1.083e-05,0.00082774,0.00148195,86.4,0.003,0.0,BTC-27SEP19-1500-P,5160.82,75.33,0.0005,0.1,0.002,2.5,90.21,0.6285,-0.17645,-0.17799,1e-05,-0.00676
5124.29,BTC-28JUN19,1556276342875,open,0.29,6.0,0.27857218,0.32004142,0.29604865,61.9,0.285,0.0,BTC-28JUN19-6500-P,5160.82,0.0,0.0005,0.2,0.0,0.0,0.0,6.17518,-3.03977,-9.56313,0.00022,-0.78732
5122.18,BTC-27SEP19,1556276342883,open,0.08,801.0,0.05956217,0.11400033,0.07505569,61.57,0.0565,0.0,BTC-27SEP19-4250-P,5160.82,59.61,0.071,15.5,0.0775,14.4,62.74,10.62306,-2.12521,-7.07201,0.00016,-0.25244
5124.29,BTC-28JUN19,1556276342885,open,0.0,1413.4,0.0,1.51e-06,0.0002556,109.64,0.0005,0.0,BTC-28JUN19-1500-P,5160.82,0.0,0.0,0.0,0.0005,93.0,117.88,0.11694,-0.10196,-0.01735,0.0,-0.00171
5124.29,BTC-28JUN19,1556276342899,open,0.28,30.0,0.27131016,0.29444249,0.28281715,65.81,0.298,0.0,BTC-28JUN19-3750-C,5160.82,0.0,0.027,0.1,0.0,0.0,0.0,3.74172,-1.95831,5.44502,0.00013,0.89966
5124.29,BTC-28JUN19,1556276342899,open,0.01,420.3,0.00221995,0.01360468,0.00971999,68.48,0.011,0.0,BTC-28JUN19-3500-P,5160.82,66.2,0.0085,28.0,0.0105,0.1,69.87,2.82357,-1.53761,-0.69471,9e-05,-0.06898
5124.29,BTC-28JUN19,1556276342899,open,0.76,6.6,0.75661802,0.76203933,0.7618733,74.6,0.704,0.0,BTC-28JUN19-9000-P,5160.82,0.0,0.0005,0.4,0.0,0.0,0.0,2.12441,-1.26032,-15.1284,6e-05,-0.95196
5124.29,BTC-28JUN19,1556276342901,open,0.0,312.6,4e-08,8.473e-05,0.00076703,91.34,0.001,0.0,BTC-28JUN19-14000-C,5160.82,0.0,0.0,0.0,0.001,46.9,93.98,0.41012,-0.2979,0.05429,1e-05,0.00692
5122.18,BTC-27SEP19,1556276342915,open,0.02,650.7,0.00262553,0.02323157,0.01847853,75.96,0.018,0.0,BTC-27SEP19-11000-C,5160.82,74.6,0.017,11.1,0.0195,18.0,76.87,5.67616,-1.40098,1.67972,7e-05,0.09626
5124.29,BTC-28JUN19,1556276342918,open,0.2,4.5,0.18470538,0.22433122,0.20168634,61.34,0.2105,0.0,BTC-28JUN19-4250-C,5160.82,0.0,0.02,0.1,0.0,0.0,0.0,5.85112,-2.85395,5.33169,0.00021,0.80569
5124.29,BTC-28JUN19,1556276342918,open,0.33,143.4,0.31919849,0.33058322,0.32669854,68.48,0.36,0.0,BTC-28JUN19-3500-C,5160.82,0.0,0.003,0.4,0.0,0.0,0.0,2.82357,-1.53761,5.33446,9e-05,0.93102
5122.18,BTC-27SEP19,1556276342918,open,0.28,238.2,0.2625769,0.31172976,0.27701802,61.97,0.2925,0.0,BTC-27SEP19-4000-C,5160.82,0.0,0.165,2.0,0.286,2.5,66.75,9.51283,-1.91569,11.13503,0.00014,0.79267
5160.82,index_price,1556276342918,open,0.27,0.0,0.26464708,0.29491685,0.27116051,61.6,None,0,BTC-31MAY19-6500-P,5160.82,0.0,0.0005,5.3,0.0,0.0,0.0,3.41277,-3.01399,-5.61675,0.00022,-0.86787
5160.82,index_price,1556276342922,open,0.32,0.0,0.32205791,0.33023286,0.32475487,71.79,None,0,BTC-31MAY19-3500-C,5160.82,0.0,0.0005,0.2,0.0,0.0,0.0,1.12645,-1.15932,3.17503,6e-05,0.96863
5124.29,BTC-28JUN19,1556276342925,open,1.92,2.0,1.9272348,1.92727229,1.92747405,86.53,2.658,0.0,BTC-28JUN19-15000-P,5160.82,0.0,0.0005,0.2,0.0,0.0,0.0,0.16315,-0.11226,-25.81965,0.0,-0.99753
5122.18,BTC-27SEP19,1556276342929,open,0.97,2.0,0.95753374,0.98541386,0.97521773,72.78,1.8325,0.0,BTC-27SEP19-10000-P,5160.82,0.0,0.008,0.2,0.0,0.0,0.0,6.61779,-1.565,-40.08084,8e-05,-0.8809
5122.18,BTC-27SEP19,1556276342934,open,0.6,2.5,0.58279519,0.63074137,0.60441698,67.02,1.278,0.0,BTC-27SEP19-8000-P,5160.82,0.0,0.004,0.3,0.0,0.0,0.0,9.58066,-2.0865,-30.11441,0.00013,-0.79016
5124.29,BTC-28JUN19,1556276342940,open,0.95,43.0,0.95153915,0.95392823,0.95450192,77.35,0.89,0.0,BTC-28JUN19-10000-P,5160.82,0.0,0.0005,0.5,0.0,0.0,0.0,1.33779,-0.82287,-17.01186,4e-05,-0.9727
5122.18,BTC-27SEP19,1556276342942,open,1.56,0.0,1.54051423,1.61666987,1.56574956,75.66,None,0.0,BTC-27DEC19-13000-P,5160.82,0.0,0.0005,0.2,0.0,0.0,0.0,8.21584,-1.26928,-84.16882,6e-05,-0.88356
5160.82,index_price,1556276342960,open,0.03,86.0,0.02329159,0.06851498,0.03233405,58.59,0.0325,0,BTC-31MAY19-5750-C,5160.82,54.54,0.028,19.3,0.033,19.3,59.2,5.59841,-4.70243,1.35096,0.00038,0.3063
5122.18,BTC-27SEP19,1556276342965,open,0.61,28.2,0.6097842,0.61393885,0.61366242,79.07,0.608,0.0,BTC-27SEP19-2000-C,5160.82,0.0,0.001,0.3,0.6375,1.0,123.23,1.49866,-0.38506,7.94567,2e-05,0.98162
5122.18,BTC-27SEP19,1556276342971,open,0.21,33.8,0.17251428,0.32612122,0.21368371,63.12,0.2245,0.0,BTC-27DEC19-5000-C,5160.82,61.62,0.209,5.0,0.22,15.8,65.15,15.97591,-2.05895,13.95901,0.00014,0.61989
5160.82,index_price,1556276342971,open,0.19,0.0,0.17714163,0.21790215,0.18474186,58.6,None,0,BTC-31MAY19-6000-P,5160.82,0.0,0.03,0.2,0.0,0.0,0.0,4.8355,-4.06229,-4.71153,0.00032,-0.77072
5160.82,index_price,1556276342991,open,0.01,65.8,0.000895,0.0175713,0.00533601,67.48,0.006,0,BTC-31MAY19-7250-C,5160.82,66.59,0.005,38.0,0.006,8.8,69.15,1.98871,-1.92396,0.2873,0.00012,0.0636
5122.18,BTC-27SEP19,1556276342993,open,0.42,10.2,0.4080776,0.46697613,0.42998386,64.28,0.8,0.0,BTC-27SEP19-7000-P,5160.82,61.35,0.4235,1.5,0.4395,1.5,68.46,11.46993,-2.3957,-24.51499,0.00016,-0.70529
5122.18,BTC-27SEP19,1556276342993,open,0.39,0.0,0.37815256,0.40805314,0.38924712,65.0,None,0.0,BTC-27SEP19-3250-C,5160.82,0.0,0.003,0.2,0.0,0.0,0.0,5.78113,-1.22096,11.05724,8e-05,0.9013
5124.29,BTC-28JUN19,1556276342993,open,0.57,24.6,0.56265923,0.57439287,0.57011469,68.61,0.609,0.0,BTC-28JUN19-8000-P,5160.82,0.0,0.0005,0.4,0.0,0.0,0.0,3.08709,-1.68422,-13.17551,0.0001,-0.92249
5160.82,index_price,1556276342995,open,0.0,38.7,0.00093297,0.01469593,0.00490359,67.69,0.0035,0,BTC-31MAY19-3750-P,5160.82,63.01,0.0035,20.0,0.0055,0.4,69.47,1.68361,-1.63388,-0.27797,0.0001,-0.05147
5160.82,index_price,1556276343006,open,0.32,0.0,0.31087798,0.33608583,0.31648215,63.03,None,0,BTC-31MAY19-6750-P,5160.82,0.0,0.0005,0.3,0.0,0.0,0.0,2.80398,-2.53389,-5.99762,0.00017,-0.89979
5122.18,BTC-27SEP19,1556276343015,open,0.02,153.8,0.00453833,0.05709799,0.01768584,67.99,0.016,0.0,BTC-27DEC19-2500-P,5160.82,65.08,0.015,18.0,0.02,3.2,70.34,4.90685,-0.68115,-2.6219,4e-05,-0.05861
5122.18,BTC-27SEP19,1556276343024,open,0.08,43.0,0.03542546,0.18076036,0.07517767,65.69,0.0825,0.0,BTC-27DEC19-8000-C,5160.82,65.08,0.0735,10.0,0.0815,24.4,67.93,14.31093,-1.9194,7.30811,0.00012,0.28784
5122.18,BTC-27SEP19,1556276343024,open,0.06,76.0,0.02066146,0.15101278,0.05903029,68.15,0.0675,0.0,BTC-27DEC19-9000-C,5160.82,66.72,0.0555,10.0,0.063,24.4,69.72,12.81642,-1.78342,5.96102,0.00011,0.2325
5122.19,BTC-27SEP19,1556276343035,open,0.33,11.2,0.27460187,0.43682833,0.31749392,63.22,0.2565,0.0,BTC-27DEC19-6000-P,5160.82,58.92,0.3035,9.3,0.3255,5.0,65.67,16.71941,-2.15814,-28.73105,0.00015,-0.51858
5122.19,BTC-27SEP19,1556276343035,open,0.06,73.5,0.03176295,0.13562813,0.05836827,64.17,0.0455,0.0,BTC-27DEC19-3500-P,5160.82,62.48,0.055,14.4,0.06,5.0,64.98,10.28004,-1.34685,-7.56355,9e-05,-0.16173
5160.82,index_price,1556276343035,open,0.01,109.6,0.00281119,0.02374759,0.00861641,65.07,0.0065,0,BTC-31MAY19-4000-P,5160.82,60.42,0.0065,44.0,0.0095,24.4,66.85,2.49866,-2.33082,-0.46531,0.00015,-0.08574
5122.18,BTC-27SEP19,1556276343038,open,0.42,10.2,0.4080776,0.46697613,0.42998386,64.28,0.8,0.0,BTC-27SEP19-7000-P,5160.82,61.35,0.4235,1.5,0.44,1.5,68.68,11.46993,-2.3957,-24.51499,0.00016,-0.70529
5122.19,BTC-27SEP19,1556276343048,open,1.75,0.0,1.73473707,1.8010189,1.75721899,77.23,None,0.0,BTC-27DEC19-14000-P,5160.82,0.0,0.0005,0.2,0.0,0.0,0.0,7.44155,-1.17345,-91.26332,5e-05,-0.89853
5122.19,BTC-27SEP19,1556276343051,open,0.04,929.8,0.02096042,0.06890677,0.04271308,67.09,0.045,0.0,BTC-27SEP19-8000-C,5160.82,66.44,0.0415,10.0,0.0445,14.4,68.04,9.59071,-2.09087,3.61703,0.00013,0.21021
5124.28,BTC-28JUN19,1556276343051,open,0.01,539.8,0.00027713,0.00569837,0.00553599,74.61,0.0045,0.0,BTC-28JUN19-9000-C,5160.82,71.96,0.0045,25.0,0.0065,28.0,76.83,2.1252,-1.26094,0.37536,6e-05,0.04806
5122.19,BTC-27SEP19,1556276343051,open,0.0,42.0,8.353e-05,0.01224452,0.00358903,78.46,0.002,0.0,BTC-27DEC19-1500-P,5160.82,68.61,0.0015,10.0,0.0055,18.0,84.65,1.38538,-0.22194,-0.56306,1e-05,-0.0128
5122.19,BTC-27SEP19,1556276343068,open,0.02,11.1,0.00153116,0.06781298,0.02401424,77.23,0.0275,0.0,BTC-27DEC19-14000-C,5160.82,75.08,0.021,18.0,0.0265,18.0,78.9,7.44173,-1.17349,2.66168,5e-05,0.10147
5122.19,BTC-27SEP19,1556276343068,open,0.04,47.0,0.00712244,0.10767218,0.03790791,71.7,0.0365,0.0,BTC-27DEC19-11000-C,5160.82,70.19,0.035,14.4,0.041,24.4,73.24,10.07165,-1.47441,4.08398,8e-05,0.15675
5124.28,BTC-28JUN19,1556276343071,open,0.52,24.4,0.51213653,0.51290201,0.51465566,89.08,0.5115,0.0,BTC-28JUN19-2500-C,5160.82,0.0,0.001,0.2,0.0,0.0,0.0,0.88529,-0.62711,4.13639,2e-05,0.98325
5122.19,BTC-27SEP19,1556276343071,open,0.03,29.4,0.00253239,0.07868829,0.02776768,75.66,0.031,0.0,BTC-27DEC19-13000-C,5160.82,74.22,0.0255,10.0,0.03,18.0,77.03,8.21586,-1.26929,3.04719,6e-05,0.11644
5124.28,BTC-28JUN19,1556276343092,open,1.14,5.7,1.14665152,1.14768547,1.14872754,81.81,1.142,0.0,BTC-28JUN19-11000-P,5160.82,0.0,0.0005,0.4,0.0,0.0,0.0,0.97568,-0.63478,-18.80156,3e-05,-0.98123
5124.28,BTC-28JUN19,1556276343092,open,0.01,65.9,0.00035941,0.01022505,0.00689766,72.83,0.006,0.0,BTC-28JUN19-3250-P,5160.82,69.31,0.0055,18.0,0.008,10.0,75.36,2.14843,-1.24434,-0.49092,7e-05,-0.04872
5122.19,BTC-27SEP19,1556276343094,open,0.03,96.0,0.01387749,0.09251951,0.0334214,65.37,0.031,0.0,BTC-27DEC19-3000-P,5160.82,63.69,0.031,18.0,0.0345,5.1,66.1,7.50171,-1.00122,-4.6741,7e-05,-0.10259
5122.19,BTC-27SEP19,1556276343113,open,0.1,730.2,0.08032658,0.14677113,0.10174963,62.49,0.092,0.0,BTC-27SEP19-6000-C,5160.82,60.82,0.0975,10.0,0.105,10.8,63.77,13.03816,-2.64764,6.99876,0.00019,0.42586
5122.19,BTC-27SEP19,1556276343113,open,0.17,786.6,0.14975276,0.21461425,0.167821,61.2,0.17,0.0,BTC-27SEP19-5000-C,5160.82,60.67,0.1665,6.0,0.172,15.8,62.87,12.82886,-2.55116,9.38328,0.00019,0.60235
5160.82,index_price,1556276343113,open,0.0,55.9,0.00024471,0.00841966,0.00294167,71.79,0.007,0,BTC-31MAY19-3500-P,5160.82,66.98,0.002,20.0,0.0035,0.4,74.22,1.12645,-1.15932,-0.16921,6e-05,-0.03137
5122.19,BTC-27SEP19,1556276343113,open,0.71,0.0,0.70724004,0.71940103,0.71076817,78.54,None,0.0,BTC-27DEC19-1500-C,5160.82,0.0,0.007,0.2,0.0,0.0,0.0,1.39061,-0.22302,9.49762,1e-05,0.98715
5122.19,BTC-27SEP19,1556276343113,open,0.81,0.0,0.7777226,0.90807419,0.81609467,68.15,None,0.0,BTC-27DEC19-9000-P,5160.82,0.0,0.001,0.5,0.0,0.0,0.0,12.8167,-1.7835,-54.41911,0.00011,-0.7675
5124.28,BTC-28JUN19,1556276343126,open,1.34,10.0,1.34179385,1.34224004,1.34317464,84.88,1.243,0.0,BTC-28JUN19-12000-P,5160.82,0.0,0.0005,0.4,0.0,0.0,0.0,0.69155,-0.46678,-20.5727,2e-05,-0.98743
5122.19,BTC-27SEP19,1556276343126,open,1.18,0.0,1.15464137,1.25519112,1.18543103,71.7,None,0.0,BTC-27DEC19-11000-P,5160.82,0.0,0.0005,0.2,0.0,0.0,0.0,10.07214,-1.47453,-69.71392,8e-05,-0.84324
5160.82,index_price,1556276343126,open,0.41,0.0,0.40571052,0.42238681,0.41015152,67.48,None,0,BTC-31MAY19-7250-P,5160.82,0.0,0.0005,0.3,0.0,0.0,0.0,1.98871,-1.92396,-6.64007,0.00012,-0.9364
5160.82,index_price,1556276343126,open,0.02,211.2,0.00698719,0.03599819,0.01400188,61.87,0.0125,0,BTC-31MAY19-4250-P,5160.82,59.57,0.0125,24.0,0.0145,5.0,62.61,3.43355,-3.04559,-0.72635,0.00022,-0.1333
5122.19,BTC-27SEP19,1556276343128,open,0.64,0.0,0.59725771,0.74259283,0.63701267,65.69,None,0.0,BTC-27DEC19-8000-P,5160.82,0.0,0.001,0.5,0.0,0.0,0.0,14.31111,-1.91945,-46.36313,0.00012,-0.71215
5124.28,BTC-28JUN19,1556276343130,open,0.38,19.5,0.37307688,0.39600842,0.38414957,63.85,0.7515,0.0,BTC-28JUN19-7000-P,5160.82,0.0,0.0015,0.2,0.0,0.0,0.0,4.91716,-2.49664,-10.9107,0.00017,-0.85188
5122.19,BTC-27SEP19,1556276343130,open,0.38,5.8,0.34846147,0.45232665,0.37506546,64.16,0.37,0.0,BTC-27DEC19-3500-C,5160.82,0.0,0.255,1.0,0.68,3.0,209.15,10.27999,-1.34683,15.91777,9e-05,0.83827
5122.19,BTC-27SEP19,1556276343130,open,0.53,0.0,0.51646578,0.5690252,0.5296124,67.98,None,0.0,BTC-27DEC19-2500-C,5160.82,0.0,0.0005,0.2,0.0,0.0,0.0,4.90673,-0.68112,14.1505,4e-05,0.94139
5122.19,BTC-27SEP19,1556276343132,open,0.01,50.9,0.00093113,0.03018006,0.00806054,71.37,0.0065,0.0,BTC-27DEC19-2000-P,5160.82,67.23,0.006,10.0,0.01,3.1,74.79,2.74791,-0.40047,-1.26167,2e-05,-0.02865
5122.19,BTC-27SEP19,1556276343134,open,0.05,300.6,0.01209328,0.12708762,0.04715191,70.16,0.0445,0.0,BTC-27DEC19-10000-C,5160.82,69.19,0.045,10.2,0.05,14.4,71.43,11.39634,-1.63266,4.91939,9e-05,0.19031
5122.19,BTC-27SEP19,1556276343133,open,0.18,39.3,0.13384922,0.29387402,0.17682604,63.2,0.179,0.0,BTC-27DEC19-5500-C,5160.82,61.56,0.1715,10.8,0.183,15.8,65.1,16.61482,-2.14393,12.76495,0.00015,0.54828
5124.28,BTC-28JUN19,1556276343147,open,2.89,0.4,2.90298735,2.90298812,2.90333795,109.79,5.076,0.0,BTC-28JUN19-20000-P,5160.82,0.0,0.0005,0.2,0.0,0.0,0.0,0.18792,-0.16408,-34.43005,0.0,-0.99711
5124.28,BTC-28JUN19,1556276343147,open,0.02,262.1,0.01038474,0.03307309,0.02091443,62.75,0.022,0.0,BTC-28JUN19-4000-P,5160.82,61.2,0.0195,28.1,0.0215,5.0,63.38,4.72884,-2.35969,-1.41853,0.00017,-0.13979
5122.19,BTC-27SEP19,1556276343147,open,0.26,10.2,0.22056731,0.36280069,0.25815807,63.12,0.2335,0.0,BTC-27DEC19-4500-C,5160.82,58.53,0.245,5.0,0.27,5.0,67.24,14.70399,-1.89502,14.99879,0.00013,0.69462
5122.19,BTC-27SEP19,1556276343147,open,0.47,0.0,0.42729846,0.58470579,0.47098518,64.71,None,0.0,BTC-27DEC19-7000-P,5160.82,0.0,0.001,0.5,0.0,0.0,0.0,15.88065,-2.09841,-37.73528,0.00014,-0.62711
5122.19,BTC-27SEP19,1556276343147,open,1.0,0.3,0.96438322,1.07937756,0.99944566,70.16,1.4475,0.0,BTC-27DEC19-10000-P,5160.82,0.0,0.1,0.3,0.0,0.0,0.0,11.3967,-1.63275,-62.16964,9e-05,-0.80968
5124.28,BTC-28JUN19,1556276343157,open,0.71,33.3,0.70727595,0.70727745,0.70755668,110.7,0.7165,0.0,BTC-28JUN19-1500-C,5160.82,0.0,0.007,0.1,0.0,0.0,0.0,0.12532,-0.11032,2.56517,0.0,0.99815
5122.19,BTC-27SEP19,1556276343163,open,0.78,0.0,0.76755165,0.80465779,0.7864159,69.21,None,0.0,BTC-27SEP19-9000-P,5160.82,0.0,0.002,0.3,0.0,0.0,0.0,7.80945,-1.75628,-35.30212,0.0001,-0.8484
5122.19,BTC-27SEP19,1556276343163,open,0.22,290.4,0.20015652,0.25901477,0.21633766,61.2,0.1915,0.0,BTC-27SEP19-4500-C,5160.82,57.95,0.209,3.0,0.2205,1.0,63.05,11.5624,-2.29944,10.44558,0.00017,0.70006
5124.28,BTC-28JUN19,1556276343169,open,0.61,20.1,0.60970134,0.60976918,0.61050275,96.83,0.578,0.0,BTC-28JUN19-2000-C,5160.82,0.0,0.006,0.1,0.0,0.0,0.0,0.33541,-0.25828,3.38951,1e-05,0.99449
5124.28,BTC-28JUN19,1556276343169,open,1.72,1.3,1.73209118,1.73217587,1.73262411,88.02,2.415,0.0,BTC-28JUN19-14000-P,5160.82,0.0,0.0005,0.2,0.0,0.0,0.0,0.31324,-0.21925,-24.07635,1e-05,-0.9949
5160.82,index_price,1556276343169,open,0.15,68.7,0.13745562,0.182679,0.14649808,58.59,0.16,0,BTC-31MAY19-5750-P,5160.82,0.0,0.05,0.2,0.1685,3.8,78.02,5.59841,-4.70243,-4.14316,0.00038,-0.6937
5122.19,BTC-27SEP19,1556276343171,open,0.0,411.8,0.00024294,0.00439755,0.00411928,79.07,0.003,0.0,BTC-27SEP19-2000-P,5160.82,72.69,0.0025,15.0,0.0055,2.5,83.4,1.49826,-0.38493,-0.48571,2e-05,-0.01837
5122.19,BTC-27SEP19,1556276343173,open,1.16,3.1,1.1501445,1.17075068,1.16599512,75.96,1.9215,0.0,BTC-27SEP19-11000-P,5160.82,0.0,0.002,0.3,0.0,0.0,0.0,5.67581,-1.40086,-44.69391,7e-05,-0.90374
5124.28,BTC-28JUN19,1556276343173,open,0.37,0.1,0.36612396,0.3759896,0.37271667,72.96,0.395,0.0,BTC-28JUN19-3250-C,5160.82,0.0,0.0035,0.2,0.0,0.0,0.0,2.15701,-1.25153,5.10497,7e-05,0.95104
5122.19,BTC-27SEP19,1556276343177,open,0.32,35.5,0.27906847,0.40460582,0.31226247,63.63,0.3255,0.0,BTC-27DEC19-4000-C,5160.82,58.68,0.3,5.0,0.323,5.0,67.91,12.77504,-1.65977,15.69037,0.00011,0.76885
5122.19,BTC-27SEP19,1556276343177,open,0.14,113.2,0.09909778,0.24133117,0.13669026,63.12,0.1325,0.0,BTC-27DEC19-4500-P,5160.82,61.31,0.1315,14.4,0.141,19.4,64.62,14.70399,-1.89503,-15.19143,0.00013,-0.30538
5122.19,BTC-27SEP19,1556276343181,open,0.27,9.5,0.25170054,0.31814509,0.27302756,62.46,0.235,0.0,BTC-27SEP19-6000-P,5160.82,59.29,0.265,1.5,0.285,1.5,67.14,13.03729,-2.64586,-18.29683,0.00019,-0.57428
5122.18,BTC-27SEP19,1556276343182,open,0.14,47.5,0.12589877,0.19076034,0.14388593,61.17,0.1435,0.0,BTC-27SEP19-5000-P,5160.82,59.02,0.1385,24.0,0.147,14.4,62.41,12.82909,-2.54986,-11.69448,0.00019,-0.39768
5124.28,BTC-28JUN19,1556276343183,open,0.21,35.4,0.19974205,0.23640599,0.21380466,60.05,0.2,0.0,BTC-28JUN19-6000-P,5160.82,0.0,0.0015,0.3,0.0,0.0,0.0,7.45594,-3.56023,-8.01715,0.00027,-0.69443
5160.82,index_price,1556276343183,open,0.15,15.2,0.14287425,0.17977682,0.15211579,61.1,0.132,0,BTC-31MAY19-4500-C,5160.82,0.0,0.0215,0.1,0.0,0.0,0.0,4.54755,-3.9837,3.16453,0.00029,0.79386
5160.82,index_price,1556276343183,open,0.36,0.0,0.35801576,0.37865618,0.36315842,65.47,None,0,BTC-31MAY19-7000-P,5160.82,0.0,0.0005,0.3,0.0,0.0,0.0,2.37177,-2.22614,-6.32742,0.00014,-0.91999
5124.28,BTC-28JUN19,1556276343186,open,0.01,86.7,0.00311894,0.0262515,0.01462585,65.81,0.0105,0.0,BTC-28JUN19-3750-P,5160.82,62.81,0.0125,18.0,0.016,18.0,67.66,3.74172,-1.9583,-1.01481,0.00013,-0.10034
5124.28,BTC-28JUN19,1556276343188,open,0.04,2282.3,0.02884584,0.06550978,0.04300899,60.12,0.046,0.0,BTC-28JUN19-6000-C,5160.82,59.08,0.0415,14.4,0.0455,9.9,61.82,7.45924,-3.5659,2.32039,0.00027,0.30588
5124.28,BTC-28JUN19,1556276343188,open,0.02,1554.4,0.00703131,0.02996285,0.01821034,63.96,0.018,0.0,BTC-28JUN19-7000-C,5160.82,62.68,0.017,14.4,0.019,0.1,64.77,4.9288,-2.50689,1.15134,0.00017,0.14864
5122.19,BTC-27SEP19,1556276343183,open,0.12,62.5,0.10083427,0.16317244,0.11805262,61.17,0.094,0.0,BTC-27SEP19-4750-P,5160.82,59.07,0.113,25.1,0.121,14.4,62.4,12.30342,-2.44547,-10.08153,0.00018,-0.34881
5124.28,BTC-28JUN19,1556276343216,open,0.17,208.8,0.15317183,0.1869379,0.16761847,61.0,0.17,0.0,BTC-28JUN19-4500-C,5160.82,57.56,0.163,0.5,0.1775,5.0,68.23,6.9148,-3.35447,5.04206,0.00025,0.73881
5124.28,BTC-28JUN19,1556276343216,open,0.42,43.8,0.41479858,0.41866307,0.41965441,78.27,0.433,0.0,BTC-28JUN19-3000-C,5160.82,0.0,0.004,0.2,0.0,0.0,0.0,1.64752,-1.02542,4.81292,5e-05,0.96489
5122.19,BTC-27SEP19,1556276343216,open,0.35,261.1,0.3369336,0.37356778,0.34942894,63.78,0.38,0.0,BTC-27SEP19-3500-C,5160.82,0.0,0.161,1.0,0.431,1.0,114.04,7.03372,-1.45777,11.24225,0.0001,0.87005
5160.82,index_price,1556276343216,open,0.01,129.2,0.00294629,0.02815414,0.00855047,63.03,0.0065,0,BTC-31MAY19-6750-C,5160.82,59.01,0.0065,44.0,0.01,44.0,65.6,2.80398,-2.53389,0.45199,0.00017,0.10021
5160.82,index_price,1556276343216,open,0.28,0.0,0.27430425,0.28806721,0.27827488,67.69,None,0,BTC-31MAY19-3750-C,5160.82,0.0,0.0005,0.2,0.0,0.0,0.0,1.68361,-1.63388,3.30515,0.0001,0.94853
5160.82,index_price,1556276343219,open,0.23,0.0,0.2198346,0.25542199,0.22692754,59.93,None,0,BTC-31MAY19-6250-P,5160.82,0.0,0.0005,0.3,0.0,0.0,0.0,4.08738,-3.51182,-5.1954,0.00027,-0.82666
5160.82,index_price,1556276343270,open,0.0,100.7,0.00010406,0.01393915,0.0041123,75.1,0.005,0,BTC-3MAY19-4500-P,5160.82,66.57,0.0025,65.1,0.0055,31.0,81.25,1.08919,-5.94842,-0.08533,0.00029,-0.08366
152.13,index_price,1556276343521,open,0.01,239.0,0.002447,0.026421,0.009991,70.36,0.008,0,ETH-3MAY19-140-P,152.13,64.69,0.008,200.0,0.012,200.0,75.76,0.05512,-0.28204,-0.00549,0.01797,-0.18175
5160.82,index_price,1556276343542,open,0.01,145.3,0.00150505,0.02646211,0.00882251,67.0,0.0095,0,BTC-3MAY19-4750-P,5160.82,61.6,0.007,10.0,0.01,25.0,70.31,1.803,-8.78517,-0.17537,0.00054,-0.17157
5160.98,index_price,1556276343557,open,0.01,274.7,0.00345643,0.03473039,0.01190039,62.79,0.0115,0,BTC-3MAY19-5500-C,5160.98,53.27,0.008,24.0,0.0125,26.2,64.17,2.21926,-10.13284,0.22513,0.0007,0.24347
5160.98,index_price,1556276343557,open,0.0,98.1,2.51e-06,0.00640805,0.00257894,88.6,0.002,0,BTC-3MAY19-4250-P,5160.98,84.13,0.002,26.9,0.004,40.0,97.69,0.71501,-4.60674,-0.04983,0.00016,-0.04867
5160.98,index_price,1556276343557,open,0.04,139.1,0.03177513,0.06970458,0.04359469,62.1,0.041,0,BTC-3MAY19-5250-P,5160.98,53.57,0.039,18.0,0.0425,0.8,60.07,2.79081,-12.60203,-0.58953,0.0009,-0.56279
5160.98,index_price,1556276343557,open,0.0,140.0,1.8e-07,0.00464839,0.00117164,84.91,0.0025,0,BTC-3MAY19-6500-C,5160.98,0.0,0.0,0.0,0.0025,10.6,96.87,0.44638,-2.75619,0.02546,0.0001,0.02736
5160.98,index_price,1556276343557,open,0.0,137.2,3.71e-06,0.00807559,0.00162012,77.08,0.0015,0,BTC-3MAY19-6250-C,5160.98,0.0,0.0,0.0,0.0025,10.0,83.67,0.6039,-3.38504,0.0368,0.00016,0.03948
5160.98,index_price,1556276343557,open,0.02,305.1,0.00945516,0.04493618,0.02028293,62.36,0.018,0,BTC-3MAY19-5000-P,5160.98,53.75,0.016,24.0,0.018,26.8,57.8,2.59484,-11.76751,-0.35007,0.00083,-0.33979
155.9,ETH-27SEP19,1556276343564,open,2.08,0.0,2.079278,2.092948,2.090309,91.59,None,0.0,ETH-27SEP19-480-P,152.14,0.0,0.001,1.0,0.0,0.0,0.0,0.11343,-0.03376,-1.99459,0.00121,-0.94449
155.9,ETH-27SEP19,1556276343564,open,1.2,0.0,1.185678,1.224192,1.202617,79.87,None,0.0,ETH-27SEP19-340-P,152.14,0.0,0.003,6.0,1.217,1.0,90.45,0.18623,-0.04833,-1.37751,0.00228,-0.89329
154.76,ETH-28JUN19,1556276343565,open,0.38,1513.0,0.372294,0.44348,0.384174,71.64,0.232,0.0,ETH-28JUN19-210-P,152.14,0.0,0.027,25.0,0.388,1.0,74.96,0.17431,-0.0993,-0.31836,0.0059,-0.80999
155.9,ETH-27SEP19,1556276343565,open,0.03,492.0,0.010223,0.061445,0.028328,75.65,0.035,0.0,ETH-27SEP19-300-C,152.14,73.99,0.026,150.0,0.031,150.0,77.47,0.22366,-0.05498,0.07241,0.00289,0.13851
154.76,ETH-28JUN19,1556276343565,open,0.01,1946.0,0.002172,0.042757,0.011887,81.68,0.014,0.0,ETH-28JUN19-260-C,152.14,78.67,0.01,150.0,0.014,150.0,84.77,0.10151,-0.06593,0.01997,0.00301,0.08678
154.77,ETH-28JUN19,1556276343565,open,0.94,0.0,0.938779,0.962954,0.946417,90.41,None,0.0,ETH-28JUN19-300-P,152.14,0.0,0.0,0.0,0.0,0.0,0.0,0.074,-0.0532,-0.50361,0.00198,-0.94251
155.9,ETH-27SEP19,1556276343564,open,0.05,356.0,0.03228,0.106561,0.050476,69.8,0.054,0.0,ETH-27SEP19-240-C,152.14,68.54,0.048,2.0,0.054,120.0,71.55,0.31041,-0.0704,0.12069,0.00434,0.23411
154.77,ETH-28JUN19,1556276343565,open,0.12,434.0,0.11374,0.201519,0.122717,65.59,0.122,0.0,ETH-28JUN19-150-C,152.14,62.03,0.117,90.0,0.126,90.0,67.64,0.24831,-0.12952,0.12702,0.00917,0.59914
155.91,ETH-27SEP19,1556276343565,open,0.7,1.0,0.689629,0.756028,0.708081,71.59,0.573,0.0,ETH-27SEP19-260-P,152.14,0.0,0.6,1.0,0.745,1.0,90.04,0.27714,-0.06447,-0.996,0.00378,-0.80725
155.91,ETH-27SEP19,1556276343565,open,1.83,0.0,1.822911,1.841247,1.836213,89.58,None,0.0,ETH-27SEP19-440-P,152.14,0.0,0.001,1.0,0.0,0.0,0.0,0.13252,-0.03858,-1.81967,0.00144,-0.93226
155.91,ETH-27SEP19,1556276343565,open,0.5,0.0,0.49176,0.517356,0.498958,73.11,None,0.0,ETH-27SEP19-80-C,152.14,0.0,0.001,4.0,0.0,0.0,0.0,0.10474,-0.02488,0.29633,0.0014,0.9498
155.91,ETH-27SEP19,1556276343565,open,0.39,0.0,0.378128,0.425007,0.386346,67.22,None,0.0,ETH-27SEP19-100-C,152.14,0.0,0.001,6.0,0.402,50.0,79.26,0.18821,-0.04111,0.33217,0.00273,0.89172
155.91,ETH-27SEP19,1556276343565,open,0.06,336.0,0.047313,0.12893,0.061455,66.67,0.06,0.0,ETH-27SEP19-220-C,152.14,66.92,0.062,2.0,0.068,180.0,69.62,0.34152,-0.07399,0.14449,0.005,0.28128
155.91,ETH-27SEP19,1556276343565,open,0.95,1.0,0.934414,0.985643,0.952638,75.73,1.018,0.0,ETH-27SEP19-300-P,152.14,0.0,0.004,4.0,0.977,2.0,90.45,0.22412,-0.05515,-1.19213,0.00289,-0.86109
155.91,ETH-27SEP19,1556276343565,open,1.45,1.0,1.439582,1.468238,1.455228,84.14,1.285,0.0,ETH-27SEP19-380-P,152.14,0.0,0.002,7.0,0.0,0.0,0.0,0.16068,-0.04393,-1.5564,0.00186,-0.91271
154.77,ETH-28JUN19,1556276343566,open,1.33,0.0,1.326066,1.337033,1.332619,105.11,None,0.0,ETH-28JUN19-360-P,152.14,0.0,0.0,0.0,0.0,0.0,0.0,0.05869,-0.04905,-0.61044,0.00135,-0.95701
154.77,ETH-28JUN19,1556276343566,open,0.33,1941.0,0.314419,0.391987,0.326658,70.31,0.237,0.0,ETH-28JUN19-200-P,152.14,0.0,0.061,25.0,0.333,1.0,75.2,0.19594,-0.10955,-0.29188,0.00675,-0.76813
154.77,ETH-28JUN19,1556276343566,open,0.03,2152.0,0.022179,0.099747,0.034334,70.24,0.032,0.0,ETH-28JUN19-200-C,152.14,68.38,0.032,120.0,0.037,120.0,72.32,0.1958,-0.10937,0.05259,0.00676,0.23158
154.77,ETH-28JUN19,1556276343566,open,0.06,4074.0,0.054152,0.13578,0.062327,65.64,0.053,0.0,ETH-28JUN19-140-P,152.14,63.35,0.059,120.0,0.066,120.0,68.15,0.22566,-0.11779,-0.09847,0.00833,-0.307
152.14,index_price,1556276343564,open,0.0,672.0,3e-06,0.005259,0.002409,93.4,0.001,0,ETH-3MAY19-190-C,152.14,80.3,0.001,4.0,0.004,450.0,103.48,0.02068,-0.14042,0.00129,0.00508,0.04751
152.14,index_price,1556276343565,open,0.05,53.0,0.032136,0.067045,0.044194,67.59,0.044,0,ETH-3MAY19-150-C,152.14,65.36,0.043,150.0,0.049,150.0,76.53,0.08167,-0.4014,0.01532,0.02771,0.5789
155.91,ETH-27SEP19,1556276343570,open,0.59,132.0,0.571639,0.645926,0.589924,69.84,0.567,0.0,ETH-27SEP19-240-P,152.14,0.0,0.05,2.0,0.635,1.0,90.4,0.31063,-0.07049,-0.89098,0.00434,-0.76562
154.76,ETH-28JUN19,1556276343571,open,0.38,1513.0,0.372294,0.44348,0.384174,71.64,0.232,0.0,ETH-28JUN19-210-P,152.14,0.0,0.027,25.0,0.389,1.0,75.8,0.17431,-0.0993,-0.31836,0.0059,-0.80999
5122.19,BTC-27SEP19,1556276343583,open,0.27,9.5,0.25170054,0.31814509,0.27302756,62.46,0.235,0.0,BTC-27SEP19-6000-P,5160.98,59.49,0.2655,1.5,0.285,1.5,67.14,13.03729,-2.64586,-18.29683,0.00019,-0.57428
5122.19,BTC-27SEP19,1556276343604,open,0.1,50.8,0.07868699,0.13754524,0.09479611,61.17,0.0785,0.0,BTC-27SEP19-4500-P,5160.98,59.04,0.09,29.0,0.098,14.4,62.59,11.56199,-2.29816,-8.52334,0.00017,-0.29991
5160.98,index_price,1556276343607,open,0.19,8.0,0.18349713,0.21250382,0.19048934,61.84,0.1625,0,BTC-31MAY19-4250-C,5160.98,0.0,0.1765,0.8,0.0,0.0,0.0,3.43125,-3.04199,3.33529,0.00022,0.86684
5122.19,BTC-27SEP19,1556276343851,open,0.14,47.5,0.12589773,0.19075922,0.14393041,61.17,0.1435,0.0,BTC-27SEP19-5000-P,5160.98,59.02,0.1385,27.0,0.147,14.4,62.41,12.8291,-2.54988,-11.69445,0.00019,-0.39767
5122.19,BTC-27SEP19,1556276343932,open,0.12,62.5,0.10083427,0.16317244,0.11809098,61.17,0.094,0.0,BTC-27SEP19-4750-P,5160.98,59.07,0.113,28.1,0.121,14.4,62.4,12.30342,-2.44547,-10.08153,0.00018,-0.34881
5160.98,index_price,1556276344563,open,0.01,148.7,0.0005349,0.02212854,0.00552566,66.31,0.0075,0,BTC-3MAY19-5750-C,5160.98,62.56,0.0045,2.7,0.0065,31.2,69.61,1.47224,-7.09933,0.11784,0.00044,0.12674
5122.35,BTC-27SEP19,1556276344576,open,0.06,950.8,0.04147847,0.10037933,0.06348154,64.33,0.071,0.0,BTC-27SEP19-7000-C,5160.98,63.66,0.062,10.0,0.0665,14.4,65.66,11.4752,-2.39858,4.99899,0.00016,0.29499
5122.19,BTC-27SEP19,1556276344588,open,0.14,47.5,0.12589773,0.19075922,0.14393041,61.17,0.1435,0.0,BTC-27SEP19-5000-P,5160.98,59.02,0.1385,12.6,0.147,14.4,62.41,12.8291,-2.54988,-11.69445,0.00019,-0.39767
5122.35,BTC-27SEP19,1556276344599,open,0.04,20.8,0.03042879,0.07357187,0.04398073,62.74,0.045,0.0,BTC-27SEP19-3750-P,5160.98,60.89,0.041,34.4,0.046,14.4,63.99,8.29525,-1.69113,-4.5389,0.00012,-0.16622
5122.35,BTC-27SEP19,1556276344637,open,0.18,39.3,0.13386104,0.29388441,0.17683834,63.19,0.179,0.0,BTC-27DEC19-5500-C,5160.98,61.55,0.1715,10.8,0.183,5.0,65.1,16.61526,-2.14387,12.76587,0.00015,0.5483
5124.44,BTC-28JUN19,1556276344654,open,0.14,60.6,0.11921909,0.17639238,0.14264812,59.48,0.1395,0.0,BTC-28JUN19-5500-P,5160.98,56.96,0.1385,10.8,0.1455,10.8,61.25,8.37294,-3.96042,-6.24431,0.00031,-0.56476
5124.28,BTC-28JUN19,1556276344664,open,0.08,281.6,0.07008102,0.11043495,0.08450742,58.9,0.083,0.0,BTC-28JUN19-5000-P,5160.98,56.76,0.081,10.8,0.0875,10.8,60.78,8.27698,-3.87704,-4.38149,0.00031,-0.4119
154.77,ETH-28JUN19,1556276344791,open,0.38,1513.0,0.372214,0.443409,0.384097,71.71,0.232,0.0,ETH-28JUN19-210-P,152.14,0.0,0.027,25.0,0.388,1.0,75.02,0.17452,-0.09952,-0.31828,0.0059,-0.80963
5160.98,index_price,1556276344840,open,0.0,203.5,5.432e-05,0.01359649,0.00298985,72.21,0.0035,0,BTC-3MAY19-6000-C,5160.98,62.71,0.0015,25.5,0.0035,4.8,74.85,0.95876,-5.03457,0.06586,0.00026,0.07074
5122.37,BTC-27SEP19,1556276345258,open,0.02,7.0,0.00093506,0.05872838,0.02142552,78.99,0.0205,0.0,BTC-27DEC19-15000-C,5160.98,76.72,0.0185,18.0,0.024,18.0,80.86,6.84718,-1.10442,2.37732,5e-05,0.0906
5122.37,BTC-27SEP19,1556276345848,open,1.94,0.0,1.92926706,1.98706038,1.94976891,79.0,None,0.0,BTC-27DEC19-15000-P,5160.98,0.0,0.0,0.0,0.0,0.0,0.0,6.84914,-1.10485,-98.25572,5e-05,-0.90936
5160.98,index_price,1556276345856,open,0.09,93.2,0.07750009,0.1252006,0.08727759,58.23,0.0845,0,BTC-31MAY19-5000-C,5160.98,52.53,0.0805,14.4,0.087,24.0,58.0,6.14309,-5.12846,2.55255,0.00041,0.6049
5160.98,index_price,1556276345856,open,0.23,0.1,0.2277632,0.24869573,0.23356637,65.07,0.239,0,BTC-31MAY19-4000-C,5160.98,0.0,0.0005,0.4,0.0,0.0,0.0,2.49814,-2.3303,3.35682,0.00015,0.91428
5122.37,BTC-27SEP19,1556276345858,open,0.19,12.5,0.17351336,0.23584952,0.19076779,61.18,0.226,0.0,BTC-27SEP19-4750-C,5160.98,58.99,0.1855,13.8,0.195,14.3,62.95,12.30342,-2.44608,9.94332,0.00018,0.65122
5122.37,BTC-27SEP19,1556276345861,open,0.4,0.1,0.34822358,0.50929967,0.39187824,63.91,0.311,0.0,BTC-27DEC19-6500-P,5160.98,0.0,0.002,0.3,0.0,0.0,0.0,16.42847,-2.14387,-33.28308,0.00015,-0.57662
5160.98,index_price,1556276345866,open,0.04,78.0,0.0276321,0.0710653,0.03649201,58.5,0.0355,0,BTC-31MAY19-4750-P,5160.98,57.56,0.0355,19.3,0.041,19.3,62.72,5.47313,-4.59029,-1.61692,0.00037,-0.2914
5124.42,BTC-28JUN19,1556276345870,open,0.0,335.3,1.44e-06,0.00044775,0.00158254,86.29,0.0015,0.0,BTC-28JUN19-12000-C,5160.98,75.84,0.0005,18.0,0.0025,23.0,91.54,0.76,-0.52152,0.1098,2e-05,0.01402
5160.98,index_price,1556276345883,open,0.01,158.5,0.00515959,0.03543358,0.01167369,61.6,0.0095,0,BTC-31MAY19-6500-C,5160.98,57.33,0.009,44.8,0.0125,24.0,62.83,3.4134,-3.01448,0.59414,0.00022,0.13216
5124.42,BTC-28JUN19,1556276345899,open,0.24,359.6,0.22980566,0.25249138,0.24034975,62.77,0.25,0.0,BTC-28JUN19-4000-C,5160.98,39.39,0.2235,0.9,0.299,0.2,114.83,4.72958,-2.36071,5.47158,0.00017,0.86019
5124.42,BTC-28JUN19,1556276345899,open,0.0,137.0,2.4e-07,0.0001938,0.0013012,90.81,0.0015,0.0,BTC-28JUN19-13000-C,5160.98,81.91,0.0005,62.2,0.002,20.0,95.68,0.62873,-0.45405,0.08794,2e-05,0.01126
5160.98,index_price,1556276345899,open,0.06,110.5,0.04630834,0.09400885,0.05608583,58.23,0.0585,0,BTC-31MAY19-5000-P,5160.98,57.32,0.055,14.4,0.061,14.4,62.36,6.14309,-5.12846,-2.22494,0.00041,-0.3951
5122.37,BTC-27SEP19,1556276345918,open,0.06,120.8,0.04348577,0.09263526,0.05789117,61.96,0.058,0.0,BTC-27SEP19-4000-P,5160.98,60.12,0.0545,33.7,0.06,14.4,63.09,9.51151,-1.91485,-5.72598,0.00014,-0.20727
5124.42,BTC-28JUN19,1556276345918,open,0.03,129.0,0.01408474,0.05370714,0.03106267,61.34,0.0295,0.0,BTC-28JUN19-4250-P,5160.98,59.51,0.029,14.4,0.0325,14.4,62.59,5.85071,-2.8537,-1.98917,0.00021,-0.19428
5124.42,BTC-28JUN19,1556276345925,open,0.07,175.1,0.04592975,0.1031029,0.06935984,59.5,0.0675,0.0,BTC-28JUN19-5500-C,5160.98,57.75,0.0665,10.9,0.0715,0.1,60.81,8.37312,-3.96212,3.23028,0.00031,0.4353
5124.42,BTC-28JUN19,1556276345929,open,0.04,108.9,0.03133676,0.06510054,0.04573247,60.97,0.0415,0.0,BTC-28JUN19-4500-P,5160.98,58.18,0.042,0.1,0.0465,14.5,61.54,6.91347,-3.3518,-2.70832,0.00025,-0.26107
5122.37,BTC-27SEP19,1556276345929,open,0.03,327.6,0.02023072,0.05686162,0.03268228,63.75,0.028,0.0,BTC-27SEP19-3500-P,5160.98,61.77,0.03,20.6,0.0345,18.0,65.07,7.03056,-1.45641,-3.51007,0.0001,-0.12986
5160.98,index_price,1556276345979,open,0.02,221.7,0.00879028,0.0443818,0.01588403,59.93,0.014,0,BTC-31MAY19-6250-C,5160.98,56.83,0.0135,19.3,0.017,19.3,61.32,4.0881,-3.5124,0.77666,0.00027,0.17338
5160.98,index_price,1556276345982,open,0.11,136.8,0.10176774,0.15006164,0.11190241,58.59,0.1335,0,BTC-31MAY19-5500-P,5160.98,57.83,0.111,14.4,0.118,14.4,63.68,6.15167,-5.16713,-3.5247,0.00041,-0.60286
5122.37,BTC-27SEP19,1556276345987,open,0.19,79.3,0.14864096,0.30224463,0.18981167,63.12,0.159,0.0,BTC-27DEC19-5000-P,5160.98,61.1,0.1835,14.4,0.1945,14.4,64.62,15.97614,-2.059,-19.58471,0.00014,-0.38008
5122.37,BTC-27SEP19,1556276345991,open,0.02,626.0,0.00524134,0.03312451,0.02308008,72.9,0.023,0.0,BTC-27SEP19-10000-C,5160.98,72.05,0.022,10.0,0.0245,18.0,73.98,6.63951,-1.57269,2.08543,8e-05,0.11965
5124.42,BTC-28JUN19,1556276345991,open,0.0,515.7,8e-08,6.789e-05,0.0007683,96.32,0.001,0.0,BTC-28JUN19-2000-P,5160.98,91.45,0.0005,59.8,0.001,78.6,99.64,0.32578,-0.24954,-0.05387,1e-05,-0.00533
5160.98,index_price,1556276346006,open,0.05,102.0,0.03607867,0.08437257,0.04621333,58.59,0.0465,0,BTC-31MAY19-5500-C,5160.98,53.35,0.04,29.3,0.046,19.3,58.41,6.15167,-5.16713,1.73054,0.00041,0.39714
5122.37,BTC-27SEP19,1556276346006,open,0.09,97.3,0.05997498,0.1855069,0.09316823,63.63,0.0755,0.0,BTC-27DEC19-4000-P,5160.98,62.36,0.09,1.0,0.094,10.0,63.96,12.77487,-1.65976,-11.14467,0.00011,-0.23113
5122.37,BTC-27SEP19,1556276346028,open,0.03,324.8,0.01049301,0.04760236,0.02949301,69.3,0.032,0.0,BTC-27SEP19-9000-C,5160.98,67.97,0.0275,11.1,0.032,29.4,70.91,7.8254,-1.7621,2.64684,0.0001,0.15206
5122.37,BTC-27SEP19,1556276346035,open,0.71,42.8,0.70717762,0.70799435,0.70864713,86.39,0.6235,0.0,BTC-27SEP19-1500-C,5160.98,0.0,0.1,0.1,0.8,1.0,247.9,0.62805,-0.1763,6.14582,1e-05,0.99324
5124.41,BTC-28JUN19,1556276346051,open,0.06,83.7,0.04096648,0.09377817,0.06229029,59.32,0.0615,0.0,BTC-28JUN19-4750-P,5160.98,57.14,0.059,19.4,0.0645,14.4,60.79,7.73151,-3.64738,-3.49065,0.00029,-0.33314
5160.98,index_price,1556276346056,open,0.03,220.1,0.01482306,0.0517215,0.02406306,61.1,0.022,0,BTC-31MAY19-4500-P,5160.98,58.74,0.022,19.3,0.026,19.7,63.28,4.54708,-3.98328,-1.13499,0.00029,-0.2061
5122.37,BTC-27SEP19,1556276346059,open,0.52,57.5,0.51375995,0.52549246,0.51998278,70.81,0.389,0.0,BTC-27SEP19-2500-C,5160.98,0.0,0.001,0.4,0.5525,1.0,110.93,2.67303,-0.61504,9.57286,3e-05,0.96328
5122.37,BTC-27SEP19,1556276346059,open,0.43,227.1,0.42166225,0.44493686,0.43131849,66.67,0.456,0.0,BTC-27SEP19-3000-C,5160.98,0.0,0.135,0.1,0.4865,2.0,112.09,4.62151,-1.00119,10.69976,6e-05,0.9268
5124.41,BTC-28JUN19,1556276346068,open,0.0,405.2,1e-08,3.75e-05,0.00048466,92.29,0.001,0.0,BTC-28JUN19-15000-C,5160.98,0.0,0.0,0.0,0.001,0.1,99.36,0.27973,-0.2053,0.03541,1e-05,0.0045
5122.37,BTC-27SEP19,1556276346068,open,0.01,333.0,0.00181528,0.01354779,0.00805527,70.84,0.0075,0.0,BTC-27SEP19-2500-P,5160.98,67.7,0.0065,15.0,0.0095,6.0,73.49,2.67598,-0.61601,-0.96801,3e-05,-0.03677
5124.41,BTC-28JUN19,1556276346084,open,0.0,321.9,8.49e-06,0.00104268,0.0020891,81.84,0.001,0.0,BTC-28JUN19-11000-C,5160.98,74.63,0.001,18.0,0.003,21.0,86.05,0.97717,-0.63593,0.14754,3e-05,0.0188
5160.98,index_price,1556276346086,open,0.01,79.4,0.00164301,0.02228715,0.00678641,65.47,0.0085,0,BTC-31MAY19-7000-C,5160.98,59.96,0.0045,44.0,0.0075,24.0,66.98,2.37223,-2.22652,0.36116,0.00014,0.08002
5124.41,BTC-28JUN19,1556276346101,open,0.0,871.5,0.00024658,0.0041103,0.00505438,78.12,0.0035,0.0,BTC-28JUN19-3000-P,5160.98,72.76,0.0035,38.0,0.0065,38.0,82.34,1.63901,-1.0182,-0.35257,5e-05,-0.03489
5160.98,index_price,1556276346113,open,0.12,58.5,0.10726426,0.15069746,0.11612417,58.5,0.1135,0,BTC-31MAY19-4750-C,5160.98,52.18,0.1095,4.9,0.116,4.9,58.38,5.47313,-4.59029,2.9217,0.00037,0.7086
5122.37,BTC-27SEP19,1556276346113,open,0.62,0.0,0.61048662,0.63973264,0.61761348,71.37,None,0.0,BTC-27DEC19-2000-C,5160.98,0.0,0.0005,0.2,0.0,0.0,0.0,2.74742,-0.40038,12.15648,2e-05,0.97135
5124.41,BTC-28JUN19,1556276346126,open,0.14,117.0,0.1140305,0.16684219,0.13535974,59.33,0.137,0.0,BTC-28JUN19-4750-C,5160.98,57.1,0.132,15.8,0.1385,10.8,61.41,7.73155,-3.64762,4.69172,0.00029,0.66685
5122.37,BTC-27SEP19,1556276346126,open,0.2,18.6,0.18408058,0.2512751,0.20315013,61.36,0.2015,0.0,BTC-27SEP19-5500-P,5160.98,59.18,0.1975,10.8,0.207,10.8,62.85,13.26559,-2.64503,-15.00621,0.0002,-0.49175
5124.41,BTC-28JUN19,1556276346128,open,0.0,681.3,9.94e-06,0.00077524,0.00248824,88.84,0.0015,0.0,BTC-28JUN19-2500-P,5160.98,77.57,0.001,63.0,0.004,38.0,96.44,0.87648,-0.61924,-0.16809,2e-05,-0.01655
152.14,index_price,1556276346134,open,0.15,100.0,0.145623,0.156238,0.148549,77.52,0.135,0,ETH-3MAY19-130-C,152.14,80.08,0.149,50.0,0.154,50.0,102.05,0.02579,-0.14537,0.0226,0.00763,0.93716
5160.98,index_price,1556276346136,open,0.13,6.0,0.12817645,0.14200625,0.13218207,75.1,0.1425,0,BTC-3MAY19-4500-C,5160.98,0.0,0.0005,10.2,0.1885,0.3,221.92,1.08876,-5.94604,0.7624,0.00029,0.91638
5122.37,BTC-27SEP19,1556276346171,open,0.25,0.1,0.22985701,0.2842921,0.24533177,61.56,0.225,0.0,BTC-27SEP19-4250-C,5160.98,58.0,0.238,3.0,0.254,5.5,65.72,10.62253,-2.12481,10.8463,0.00016,0.7476
5122.37,BTC-27SEP19,1556276346173,open,0.02,611.3,0.00732865,0.03060326,0.01700265,66.69,0.0225,0.0,BTC-27SEP19-3000-P,5160.98,63.82,0.0145,39.0,0.019,18.0,68.85,4.62353,-1.00192,-1.94884,6e-05,-0.07324
5122.37,BTC-27SEP19,1556276346179,open,1.35,6.1,1.34399011,1.35909827,1.35832341,79.22,1.9095,0.0,BTC-27SEP19-12000-P,5160.98,0.0,0.012,0.1,0.0,0.0,0.0,4.99414,-1.2855,-49.17682,6e-05,-0.91894
5160.98,index_price,1556276346179,open,0.02,249.6,0.01454097,0.05530515,0.02214181,58.6,0.02,0,BTC-31MAY19-6000-C,5160.98,55.73,0.0195,19.3,0.0235,19.3,60.03,4.83623,-4.06287,1.0217,0.00032,0.22933
5122.37,BTC-27SEP19,1556276346183,open,0.45,0.0,0.42820831,0.5068448,0.44774764,65.36,None,0.0,BTC-27DEC19-3000-C,5160.98,0.0,0.002,0.2,0.0,0.0,0.0,7.50116,-1.00112,15.45328,7e-05,0.89742
5124.41,BTC-28JUN19,1556276346194,open,1.53,0.8,1.53687766,1.53707122,1.53816377,90.69,2.171,0.0,BTC-28JUN19-13000-P,5160.98,0.0,0.07,1.0,0.0,0.0,0.0,0.62364,-0.44977,-22.30694,2e-05,-0.98884
5122.37,BTC-27SEP19,1556276346216,open,0.02,17.6,0.01264495,0.04254228,0.02374215,65.0,0.0195,0.0,BTC-27SEP19-3250-P,5160.98,62.52,0.021,39.0,0.026,20.5,66.97,5.78105,-1.22101,-2.64397,8e-05,-0.09869
5124.41,BTC-28JUN19,1556276346216,open,0.0,852.0,4.931e-05,0.00243886,0.003012,77.35,0.002,0.0,BTC-28JUN19-10000-C,5160.98,72.94,0.002,35.7,0.004,10.0,80.79,1.33783,-0.82287,0.21437,4e-05,0.0273
5122.37,BTC-27SEP19,1556276346216,open,0.25,17.7,0.20758426,0.36760744,0.25056423,63.2,0.208,0.0,BTC-27DEC19-5500-P,5160.98,61.18,0.244,10.8,0.256,15.8,64.87,16.61525,-2.14403,-24.13323,0.00015,-0.45169
5122.37,BTC-27SEP19,1556276346216,open,0.13,47.7,0.07927971,0.2403558,0.12292004,63.91,0.15,0.0,BTC-27DEC19-6500-C,5160.98,62.84,0.1195,10.0,0.1295,20.8,65.95,16.42831,-2.1437,10.32474,0.00015,0.42336
152.14,index_price,1556276346269,open,0.0,17.0,9.9e-05,0.010714,0.003026,77.52,0.002,0,ETH-3MAY19-130-P,152.14,70.82,0.002,250.0,0.004,50.0,82.87,0.02579,-0.14537,-0.00189,0.00763,-0.06284
152.14,index_price,1556276346386,open,0.09,199.0,0.082236,0.106196,0.089773,70.36,0.098,0,ETH-3MAY19-140-C,152.14,70.98,0.09,50.0,0.095,50.0,83.95,0.05509,-0.28188,0.02088,0.01796,0.81843
5160.98,index_price,1556276346403,open,0.09,9.0,0.08113525,0.10608521,0.08844881,67.0,0.0815,0,BTC-3MAY19-4750-C,5160.98,46.86,0.0825,6.0,0.0885,6.0,67.15,1.80246,-8.78246,0.7195,0.00054,0.82852
5160.93,index_price,1556276346557,open,0.21,0.0,0.21102576,0.21909658,0.21263127,76.99,None,0,BTC-3MAY19-6250-P,5160.93,0.0,0.001,10.0,0.276,0.4,244.77,0.60148,-3.36757,-1.14072,0.00016,-0.96072
5160.93,index_price,1556276346557,open,0.08,79.8,0.06915462,0.1004266,0.07759524,62.78,0.0735,0,BTC-3MAY19-5500-P,5160.93,56.56,0.075,6.0,0.0815,6.0,71.56,2.21896,-10.13061,-0.81099,0.0007,-0.75659
5160.93,index_price,1556276346557,open,0.18,0.0,0.17650752,0.18291396,0.17909068,88.64,None,0,BTC-3MAY19-4250-C,5160.93,0.0,0.0005,10.0,0.245,0.3,281.7,0.71602,-4.6156,0.75068,0.00016,0.95124
5160.93,index_price,1556276346557,open,0.05,37.9,0.04064026,0.07612274,0.05146142,62.35,0.048,0,BTC-3MAY19-5000-C,5160.93,48.23,0.0445,18.0,0.0515,18.0,62.42,2.59486,-11.7648,0.5918,0.00083,0.66019
5160.93,index_price,1556276346557,open,0.12,25.7,0.11467493,0.13626651,0.11965513,66.28,0.1095,0,BTC-3MAY19-5750-P,5160.93,0.0,0.111,0.1,0.1635,0.4,166.05,1.47099,-7.08968,-0.96546,0.00044,-0.87342
5160.93,index_price,1556276346557,open,0.03,92.1,0.01452285,0.05245173,0.02632497,62.06,0.0225,0,BTC-3MAY19-5250-C,5160.93,49.38,0.0195,18.0,0.025,0.7,59.61,2.79068,-12.59504,0.39937,0.0009,0.43712
5160.93,index_price,1556276346557,open,0.17,0.5,0.16263545,0.17617605,0.16555961,72.15,0.097,0,BTC-3MAY19-6000-P,5160.93,0.0,0.159,3.0,0.219,0.3,204.9,0.95684,-5.02044,-1.06456,0.00026,-0.92945
5160.93,index_price,1556276346557,open,0.26,0.0,0.2594631,0.26411065,0.26062324,84.78,None,0,BTC-3MAY19-6500-P,5160.93,0.0,0.0005,10.0,0.334,0.3,285.03,0.44366,-2.73528,-1.19916,0.0001,-0.97284
5122.37,BTC-27SEP19,1556276346601,open,0.27,9.5,0.25167031,0.31811571,0.27309772,62.5,0.235,0.0,BTC-27SEP19-6000-P,5160.93,59.31,0.265,1.5,0.285,1.5,67.15,13.03886,-2.64785,-18.29511,0.00019,-0.5741
152.14,index_price,1556276346784,open,0.03,824.0,0.01807,0.052979,0.030163,67.65,0.028,0,ETH-3MAY19-150-P,152.14,59.89,0.026,150.0,0.031,10.0,69.21,0.08167,-0.40179,-0.01293,0.02769,-0.42114
154.76,ETH-28JUN19,1556276346818,open,0.0,2427.0,0.0,0.001917,0.001299,110.01,0.003,0.0,ETH-28JUN19-500-C,152.14,115.58,0.002,160.0,0.005,150.0,130.14,0.01657,-0.0145,0.00222,0.00037,0.00963
155.9,ETH-27SEP19,1556276346820,open,0.0,174.0,0.000554,0.0097,0.004106,80.13,0.001,0.0,ETH-27SEP19-60-P,152.14,71.22,0.002,300.0,0.006,150.0,85.99,0.04495,-0.0117,-0.01457,0.00055,-0.01807
154.76,ETH-28JUN19,1556276346822,open,0.1,1324.0,0.084734,0.175345,0.094082,65.65,0.093,0.0,ETH-28JUN19-160-C,152.14,63.18,0.09,140.0,0.098,90.0,68.01,0.25622,-0.13376,0.10971,0.00946,0.50559
154.76,ETH-28JUN19,1556276346824,open,0.07,1345.0,0.061997,0.152417,0.072292,66.38,0.071,0.0,ETH-28JUN19-170-C,152.14,63.73,0.068,90.0,0.076,90.0,68.66,0.25102,-0.13251,0.09257,0.00917,0.41951
155.9,ETH-27SEP19,1556276346831,open,0.18,3561.0,0.169963,0.258777,0.179742,63.81,0.175,0.0,ETH-27SEP19-160-P,152.14,61.57,0.174,181.0,0.184,90.0,65.47,0.39963,-0.08286,-0.409,0.00611,-0.44255
155.9,ETH-27SEP19,1556276346831,open,0.03,255.0,0.00699,0.051498,0.024154,77.44,0.037,0.0,ETH-27SEP19-320-C,152.14,75.73,0.022,150.0,0.026,2.0,78.84,0.20157,-0.05072,0.06249,0.00254,0.11923
155.9,ETH-27SEP19,1556276346831,open,1.07,1.0,1.059588,1.104096,1.07662,77.33,0.93,0.0,ETH-27SEP19-320-P,152.14,0.0,0.003,6.0,1.096,1.0,90.34,0.20105,-0.05052,-1.28676,0.00254,-0.88121
154.76,ETH-28JUN19,1556276346831,open,0.36,0.0,0.357028,0.390675,0.361948,73.06,None,0.0,ETH-28JUN19-100-C,152.14,0.0,0.006,5.0,0.0,0.0,0.0,0.07219,-0.04194,0.15525,0.00239,0.94428
154.76,ETH-28JUN19,1556276346833,open,0.49,0.0,0.483293,0.495888,0.485624,82.75,None,0.0,ETH-28JUN19-80-C,152.14,0.0,0.002,1.0,0.0,0.0,0.0,0.02868,-0.01887,0.13228,0.00084,0.98182
155.9,ETH-27SEP19,1556276346833,open,0.04,632.0,0.021993,0.088386,0.040355,71.54,0.048,0.0,ETH-27SEP19-260-C,152.14,70.77,0.039,1.0,0.043,120.0,73.01,0.27687,-0.06436,0.09997,0.00378,0.19247
154.76,ETH-28JUN19,1556276346835,open,0.06,2363.0,0.044622,0.13238,0.05589,67.5,0.054,0.0,ETH-28JUN19-180-C,152.14,64.94,0.052,120.0,0.058,120.0,68.87,0.23662,-0.12701,0.07704,0.0085,0.34486
154.76,ETH-28JUN19,1556276346838,open,0.01,237.0,3.4e-05,0.010998,0.006439,104.72,0.008,0.0,ETH-28JUN19-360-C,152.14,100.57,0.005,60.0,0.008,150.0,108.62,0.05787,-0.04819,0.00955,0.00134,0.04226
155.9,ETH-27SEP19,1556276346840,open,0.29,147.0,0.280945,0.347764,0.289781,64.89,0.283,0.0,ETH-27SEP19-120-C,152.14,0.0,0.002,6.0,0.0,0.0,0.0,0.28571,-0.06024,0.33353,0.0043,0.79725
155.9,ETH-27SEP19,1556276346842,open,1.58,0.0,1.567327,1.592008,1.581528,85.37,None,0.0,ETH-27SEP19-400-P,152.14,0.0,0.001,9.0,0.0,0.0,0.0,0.14678,-0.04072,-1.64581,0.00168,-0.92259
154.76,ETH-28JUN19,1556276346849,open,0.01,2043.0,0.00816,0.055124,0.014227,69.81,0.009,0.0,ETH-28JUN19-110-P,152.14,66.47,0.012,150.0,0.016,150.0,72.32,0.10679,-0.05928,-0.02856,0.00371,-0.0929
154.76,ETH-28JUN19,1556276346849,open,0.16,369.0,0.149548,0.231183,0.157735,65.65,0.156,0.0,ETH-28JUN19-140-C,152.14,61.7,0.152,90.0,0.161,90.0,67.88,0.22567,-0.11781,0.14267,0.00833,0.69291
155.9,ETH-27SEP19,1556276346853,open,0.36,1593.0,0.35192,0.43934,0.365041,65.51,0.284,0.0,ETH-27SEP19-200-P,152.14,49.85,0.329,60.0,0.396,60.0,78.03,0.37669,-0.08018,-0.66412,0.00561,-0.64543
155.9,ETH-27SEP19,1556276346857,open,1.32,0.0,1.312471,1.345712,1.328414,81.7,None,0.0,ETH-27SEP19-360-P,152.14,0.0,0.001,7.0,1.338,1.0,89.56,0.17067,-0.04531,-1.46809,0.00204,-0.90531
154.76,ETH-28JUN19,1556276346857,open,0.01,330.0,0.000182,0.018736,0.006764,94.05,0.009,0.0,ETH-28JUN19-320-C,152.14,92.14,0.006,150.0,0.009,150.0,99.01,0.064,-0.04786,0.01096,0.00165,0.04788
154.76,ETH-28JUN19,1556276346860,open,0.3,10.0,0.297382,0.344346,0.303495,69.88,0.265,0.0,ETH-28JUN19-110-C,152.14,0.0,0.002,8.0,0.0,0.0,0.0,0.10692,-0.05942,0.16087,0.00371,0.90694
154.76,ETH-28JUN19,1556276346866,open,0.2,325.0,0.192453,0.264728,0.201074,67.13,0.201,0.0,ETH-28JUN19-130-C,152.14,62.14,0.195,30.0,0.203,30.0,68.69,0.19124,-0.10209,0.15377,0.0069,0.77787
155.9,ETH-27SEP19,1556276346898,open,0.06,2382.0,0.050669,0.117489,0.059456,64.86,0.06,0.0,ETH-27SEP19-120-P,152.14,62.97,0.056,120.0,0.062,120.0,66.25,0.28567,-0.06021,-0.1723,0.0043,-0.2027
155.9,ETH-27SEP19,1556276346914,open,0.01,396.0,0.000381,0.014052,0.011415,91.6,0.012,0.0,ETH-27SEP19-480-C,152.14,89.58,0.01,150.0,0.013,60.0,93.69,0.11345,-0.03377,0.02899,0.00121,0.05552
152.14,index_price,1556276346914,open,0.02,355.0,0.007405,0.039293,0.017606,67.65,0.022,0,ETH-3MAY19-160-C,152.14,68.46,0.018,120.0,0.02,4.0,72.55,0.07366,-0.36238,0.00838,0.02497,0.30992
154.76,ETH-28JUN19,1556276346919,open,0.25,25.0,0.242053,0.302387,0.249261,67.9,0.315,0.0,ETH-28JUN19-120-C,152.14,0.0,0.01,4.0,0.0,0.0,0.0,0.14866,-0.08028,0.16059,0.00531,0.85164
154.76,ETH-28JUN19,1556276346935,open,0.04,3394.0,0.032463,0.104738,0.04103,67.09,0.02,0.0,ETH-28JUN19-130-P,152.14,66.25,0.04,6.0,0.043,120.0,68.68,0.19119,-0.102,-0.07013,0.00691,-0.22204
154.76,ETH-28JUN19,1556276346940,open,0.42,0.0,0.41944,0.441285,0.42303,77.4,None,0.0,ETH-28JUN19-90-C,152.14,0.0,0.002,1.0,0.0,0.0,0.0,0.04646,-0.0286,0.1452,0.00145,0.9677
155.9,ETH-27SEP19,1556276346940,open,0.11,283.0,0.100118,0.19048,0.111704,64.53,0.117,0.0,ETH-27SEP19-180-C,152.14,63.08,0.108,211.0,0.117,150.0,66.59,0.40024,-0.08392,0.22027,0.00605,0.44686
155.9,ETH-27SEP19,1556276346940,open,0.47,745.0,0.458461,0.540074,0.472539,66.64,0.38,0.0,ETH-27SEP19-220-P,152.14,44.1,0.43,60.0,0.508,60.0,81.99,0.34138,-0.07393,-0.78307,0.005,-0.71891
155.9,ETH-27SEP19,1556276346942,open,0.08,834.0,0.069047,0.156466,0.08225,65.54,0.082,0.0,ETH-27SEP19-200-C,152.14,64.61,0.08,130.0,0.088,120.0,67.91,0.37675,-0.08023,0.17908,0.00561,0.35472
155.9,ETH-27SEP19,1556276346942,open,0.01,1620.0,0.004879,0.030479,0.012103,73.15,0.011,0.0,ETH-27SEP19-80-P,152.14,69.88,0.01,150.0,0.014,150.0,75.88,0.10486,-0.02492,-0.041,0.0014,-0.05028
155.9,ETH-27SEP19,1556276346957,open,0.03,1288.0,0.019531,0.066417,0.027774,67.24,0.026,0.0,ETH-27SEP19-100-P,152.14,64.9,0.025,150.0,0.03,210.0,69.06,0.18828,-0.04114,-0.08947,0.00273,-0.10835
154.76,ETH-28JUN19,1556276346965,open,0.01,1015.0,0.000419,0.024588,0.007935,90.16,0.01,0.0,ETH-28JUN19-300-C,152.14,85.74,0.006,360.0,0.01,150.0,94.23,0.07335,-0.05259,0.01304,0.00197,0.05686
154.76,ETH-28JUN19,1556276346965,open,0.17,5296.0,0.160472,0.250893,0.170696,66.34,0.172,0.0,ETH-28JUN19-170-P,152.14,64.05,0.167,90.0,0.176,90.0,69.6,0.251,-0.13241,-0.20029,0.00917,-0.58061
155.9,ETH-27SEP19,1556276346968,open,0.02,998.0,0.002278,0.030928,0.017773,83.99,0.02,0.0,ETH-27SEP19-380-C,152.14,82.22,0.016,150.0,0.02,150.0,86.1,0.15994,-0.04365,0.04534,0.00186,0.08675
154.76,ETH-28JUN19,1556276346973,open,0.0,1784.0,0.000985,0.02283,0.004538,77.28,0.006,0.0,ETH-28JUN19-90-P,152.14,71.52,0.003,300.0,0.006,150.0,81.8,0.04625,-0.02842,-0.00977,0.00145,-0.03212
155.9,ETH-27SEP19,1556276346975,open,0.62,0.0,0.615692,0.624838,0.619269,80.22,None,0.0,ETH-27SEP19-60-C,152.14,0.0,0.001,4.0,0.0,0.0,0.0,0.04511,-0.01176,0.23831,0.00055,0.98186
154.76,ETH-28JUN19,1556276347004,open,0.02,638.0,0.010533,0.075104,0.022245,73.47,0.024,0.0,ETH-28JUN19-220-C,152.14,71.18,0.02,120.0,0.025,120.0,76.15,0.15525,-0.09071,0.0363,0.00512,0.15839
155.9,ETH-27SEP19,1556276347008,open,0.01,312.0,0.000769,0.019102,0.013895,89.38,0.014,0.0,ETH-27SEP19-440-C,152.14,87.04,0.012,150.0,0.016,150.0,91.77,0.13155,-0.0382,0.03497,0.00144,0.0671
154.76,ETH-28JUN19,1556276347010,open,0.01,2535.0,0.00319,0.036837,0.008068,72.97,0.004,0.0,ETH-28JUN19-100-P,152.14,68.2,0.006,300.0,0.01,210.0,76.91,0.07201,-0.04178,-0.01696,0.00239,-0.05554
154.76,ETH-28JUN19,1556276347028,open,0.02,1557.0,0.017447,0.077781,0.024605,67.85,0.021,0.0,ETH-28JUN19-120-P,152.14,65.09,0.022,150.0,0.027,150.0,70.31,0.14857,-0.08017,-0.04607,0.00531,-0.14822
154.76,ETH-28JUN19,1556276347030,open,0.56,1719.0,0.555629,0.607403,0.566047,76.89,0.528,0.0,ETH-28JUN19-240-P,152.14,0.0,0.004,20.0,0.565,1.0,75.54,0.12244,-0.07486,-0.38761,0.00386,-0.88789
154.76,ETH-28JUN19,1556276347037,open,2.23,0.0,2.230809,2.232726,2.231899,107.93,None,0.0,ETH-28JUN19-500-P,152.14,0.0,0.0,0.0,0.0,0.0,0.0,0.01459,-0.01253,-0.85938,0.00033,-0.99167
155.9,ETH-27SEP19,1556276347037,open,0.02,482.0,0.004793,0.043307,0.021738,79.88,0.023,0.0,ETH-27SEP19-340-C,152.14,78.39,0.02,150.0,0.024,150.0,81.73,0.18625,-0.04834,0.05586,0.00228,0.10673
155.9,ETH-27SEP19,1556276347042,open,0.03,356.0,0.014985,0.073566,0.033223,73.46,0.049,0.0,ETH-27SEP19-280-C,152.14,72.04,0.031,120.0,0.036,120.0,75.18,0.24757,-0.05909,0.08416,0.00329,0.16127
154.76,ETH-28JUN19,1556276347046,open,0.44,1137.0,0.432089,0.49666,0.443709,73.38,0.372,0.0,ETH-28JUN19-220-P,152.14,0.0,0.011,14.0,0.446,1.0,75.62,0.155,-0.09044,-0.34276,0.00512,-0.842
152.14,index_price,1556276347046,open,0.07,464.0,0.059068,0.090956,0.069269,67.65,0.063,0,ETH-3MAY19-160-P,152.14,56.45,0.064,150.0,0.071,150.0,71.2,0.07366,-0.36238,-0.02176,0.02497,-0.69008
154.76,ETH-28JUN19,1556276347049,open,0.02,1339.0,0.004841,0.056614,0.015359,77.01,0.017,0.0,ETH-28JUN19-240-C,152.14,75.26,0.014,150.0,0.017,10.0,79.03,0.12281,-0.07521,0.02592,0.00387,0.1126
154.76,ETH-28JUN19,1556276347049,open,0.27,2406.0,0.259361,0.342624,0.269365,67.44,0.194,0.0,ETH-28JUN19-190-P,152.14,0.0,0.011,20.0,0.278,1.0,73.52,0.21493,-0.11527,-0.26467,0.00772,-0.72341
154.76,ETH-28JUN19,1556276347049,open,0.01,1315.0,0.000959,0.032375,0.010399,87.53,0.02,0.0,ETH-28JUN19-280-C,152.14,85.02,0.009,295.0,0.012,300.0,90.19,0.08951,-0.06231,0.01682,0.00248,0.07348
155.9,ETH-27SEP19,1556276347049,open,0.83,0.0,0.811008,0.869589,0.829131,73.39,None,0.0,ETH-27SEP19-280-P,152.14,0.0,0.004,5.0,0.86,2.0,90.36,0.24721,-0.05895,-1.09641,0.00329,-0.83908
155.9,ETH-27SEP19,1556276347051,open,0.02,165.0,0.00158,0.02626,0.015945,85.55,0.017,0.0,ETH-27SEP19-400-C,152.14,83.42,0.014,150.0,0.018,150.0,87.64,0.14762,-0.04103,0.04078,0.00168,0.07799
154.76,ETH-28JUN19,1556276347054,open,0.03,734.0,0.015354,0.086541,0.027245,71.65,0.026,0.0,ETH-28JUN19-210-C,152.14,69.63,0.025,120.0,0.03,120.0,74.05,0.17433,-0.09933,0.0434,0.0059,0.19005
154.76,ETH-28JUN19,1556276347054,open,0.13,3007.0,0.118593,0.209204,0.127874,65.61,0.129,0.0,ETH-28JUN19-160-P,152.14,63.27,0.124,90.0,0.133,90.0,68.7,0.25623,-0.13367,-0.16591,0.00947,-0.49447
155.9,ETH-27SEP19,1556276347058,open,0.21,201.0,0.203035,0.284247,0.211981,63.85,0.216,0.0,ETH-27SEP19-140-C,152.14,61.71,0.207,90.0,0.218,90.0,66.44,0.36215,-0.07514,0.30738,0.00554,0.67966
154.76,ETH-28JUN19,1556276347064,open,0.04,595.0,0.031653,0.114917,0.041737,67.5,0.042,0.0,ETH-28JUN19-190-C,152.14,66.24,0.04,120.0,0.046,120.0,70.53,0.21503,-0.11541,0.06268,0.00772,0.27684
155.9,ETH-27SEP19,1556276347068,open,0.02,185.0,0.003298,0.03654,0.01939,81.83,0.02,0.0,ETH-27SEP19-360-C,152.14,79.58,0.017,150.0,0.022,150.0,84.13,0.17136,-0.04557,0.04983,0.00204,0.0952
155.9,ETH-27SEP19,1556276347068,open,0.26,4226.0,0.254705,0.345066,0.266216,64.5,0.234,0.0,ETH-27SEP19-180-P,152.14,62.07,0.26,90.0,0.271,90.0,66.36,0.40022,-0.08388,-0.53858,0.00606,-0.55324
154.76,ETH-28JUN19,1556276347068,open,0.82,0.0,0.810212,0.841628,0.819535,87.33,None,0.0,ETH-28JUN19-280-P,152.14,0.0,0.001,150.0,0.0,0.0,0.0,0.08896,-0.06178,-0.46564,0.00247,-0.92711
154.76,ETH-28JUN19,1556276347068,open,0.09,3897.0,0.082951,0.170734,0.091927,65.59,0.088,0.0,ETH-28JUN19-150-P,152.14,63.15,0.088,120.0,0.096,120.0,68.13,0.24831,-0.12952,-0.1314,0.00918,-0.40096
154.76,ETH-28JUN19,1556276347068,open,0.0,1501.0,0.000222,0.012818,0.00252,82.57,0.004,0.0,ETH-28JUN19-80-P,152.14,71.84,0.001,2149.0,0.004,150.0,89.53,0.02845,-0.01868,-0.00547,0.00083,-0.01801
154.76,ETH-28JUN19,1556276347070,open,0.69,0.0,0.682193,0.722778,0.691804,81.52,None,0.0,ETH-28JUN19-260-P,152.14,0.0,0.0,0.0,0.0,0.0,0.0,0.10106,-0.06551,-0.42803,0.003,-0.91374
155.9,ETH-27SEP19,1556276347072,open,0.15,126.0,0.143664,0.232478,0.153509,63.84,0.152,0.0,ETH-27SEP19-160-C,152.14,62.08,0.149,201.0,0.159,90.0,65.98,0.39963,-0.08289,0.26551,0.00611,0.55749
155.9,ETH-27SEP19,1556276347072,open,0.11,2215.0,0.101046,0.182259,0.109935,63.83,0.09,0.0,ETH-27SEP19-140-P,152.14,61.7,0.105,120.0,0.114,120.0,65.58,0.36214,-0.07511,-0.28279,0.00554,-0.32033
154.76,ETH-28JUN19,1556276347074,open,1.07,0.0,1.067899,1.086454,1.074348,93.73,None,0.0,ETH-28JUN19-320-P,152.14,0.0,0.0,0.0,0.0,0.0,0.0,0.06324,-0.04713,-0.54043,0.00164,-0.95282
154.76,ETH-28JUN19,1556276347076,open,0.0,512.0,6e-06,0.006553,0.00454,108.71,0.007,0.0,ETH-28JUN19-400-C,152.14,106.73,0.004,150.0,0.007,300.0,116.22,0.04386,-0.03791,0.00682,0.00098,0.03012
154.76,ETH-28JUN19,1556276347090,open,1.59,0.0,1.584654,1.5912,1.58902,108.12,None,0.0,ETH-28JUN19-400-P,152.14,0.0,0.0,0.0,0.0,0.0,0.0,0.04281,-0.0368,-0.68241,0.00096,-0.97074
154.76,ETH-28JUN19,1556276347090,open,0.22,4550.0,0.207713,0.295472,0.218906,67.45,0.205,0.0,ETH-28JUN19-180-P,152.14,65.54,0.216,90.0,0.225,90.0,71.4,0.23657,-0.12689,-0.23306,0.0085,-0.65532
152.14,index_price,1556276347205,open,0.01,1124.0,0.000938,0.021438,0.007876,75.28,0.007,0,ETH-3MAY19-170-C,152.14,69.2,0.006,200.0,0.01,347.0,81.54,0.04938,-0.27034,0.00417,0.01504,0.15324
152.14,index_price,1556276347211,open,0.0,581.0,0.0,0.000182,0.000433,110.0,0.001,0,ETH-3MAY19-220-C,152.14,0.0,0.0,0.0,0.002,450.0,135.73,0.00505,-0.04042,0.00024,0.00105,0.00895
152.14,index_price,1556276347325,open,0.13,186.0,0.11833,0.13883,0.125268,75.28,0.119,0,ETH-3MAY19-170-P,152.14,49.94,0.119,50.0,0.125,50.0,74.45,0.04938,-0.27034,-0.02786,0.01504,-0.84676
152.14,index_price,1556276347456,open,0.0,1183.0,6.6e-05,0.010944,0.003028,78.76,0.005,0,ETH-3MAY19-180-C,152.14,72.31,0.002,250.0,0.004,20.0,83.84,0.02698,-0.15451,0.00182,0.00786,0.0666
152.14,index_price,1556276347480,open,0.45,0.0,0.446037,0.446219,0.446469,110.0,None,0,ETH-3MAY19-220-P,152.14,0.0,0.0,0.0,0.557,2.0,427.55,0.00505,-0.04042,-0.0412,0.00105,-0.99105
5160.82,index_price,1556276347586,open,0.19,8.0,0.18347465,0.21248565,0.1905032,61.89,0.1625,0,BTC-31MAY19-4250-C,5160.82,0.0,0.176,0.8,0.0,0.0,0.0,3.43473,-3.04766,3.33412,0.00022,0.86664
152.14,index_price,1556276347587,open,0.19,173.0,0.183187,0.194065,0.186149,78.76,0.176,0,ETH-3MAY19-180-P,152.14,0.0,0.18,50.0,0.186,50.0,77.9,0.02698,-0.15451,-0.03209,0.00786,-0.9334
152.14,index_price,1556276347852,open,0.25,931.0,0.248852,0.254109,0.251262,93.42,0.182,0,ETH-3MAY19-190-P,152.14,0.0,0.0,0.0,0.322,5.0,277.73,0.02069,-0.14056,-0.0345,0.00508,-0.95244
152.14,index_price,1556276347980,open,0.0,698.0,0.0,0.002394,0.00146,101.14,0.001,0,ETH-3MAY19-200-C,152.14,0.0,0.0,0.0,0.003,400.0,114.67,0.01368,-0.10058,0.00078,0.0031,0.02865
152.14,index_price,1556276348108,open,0.32,50.0,0.314579,0.316973,0.316038,101.14,0.206,0,ETH-3MAY19-200-P,152.14,0.0,0.0,0.0,0.4,4.0,329.17,0.01368,-0.10058,-0.0369,0.0031,-0.97135
152.14,index_price,1556276348241,open,0.0,610.0,0.0,0.001039,0.00097,108.93,0.001,0,ETH-3MAY19-210-C,152.14,0.0,0.0,0.0,0.002,250.0,121.67,0.00955,-0.07568,0.00051,0.00201,0.01871
152.14,index_price,1556276348375,open,0.38,0.0,0.380308,0.381347,0.381278,108.93,None,0,ETH-3MAY19-210-P,152.14,0.0,0.0,0.0,0.482,3.0,386.14,0.00955,-0.07568,-0.03905,0.00201,-0.98129
5124.24,BTC-28JUN19,1556276348729,open,0.03,448.4,0.01010271,0.05157067,0.02767339,61.98,0.0275,0.0,BTC-28JUN19-6500-C,5160.82,61.0,0.0265,14.4,0.029,0.5,63.07,6.18153,-3.04677,1.63641,0.00022,0.21306
5124.24,BTC-28JUN19,1556276348848,open,0.0,780.7,0.0,7.7e-07,0.0003582,110.0,0.0005,0.0,BTC-28JUN19-20000-C,5160.82,0.0,0.0,0.0,0.001,12.3,121.17,0.19106,-0.16713,0.02279,0.0,0.00294
5122.24,BTC-27SEP19,1556276348850,open,1.37,0.1,1.34695342,1.43451285,1.37473276,73.66,0.001,0.0,BTC-27DEC19-12000-P,5160.82,0.0,0.002,1.0,0.0,0.0,0.0,9.04718,-1.3608,-77.01375,7e-05,-0.86634
5122.24,BTC-27SEP19,1556276348856,open,0.03,60.8,0.00422836,0.09178779,0.03200312,73.66,0.03,0.0,BTC-27DEC19-12000-C,5160.82,71.92,0.029,18.0,0.035,18.0,75.32,9.04658,-1.36067,3.49304,7e-05,0.13365
5122.24,BTC-27SEP19,1556276348858,open,0.11,47.9,0.06069772,0.21810569,0.10438103,64.71,0.105,0.0,BTC-27DEC19-7000-C,5160.82,63.62,0.101,10.0,0.11,24.4,66.52,15.88082,-2.09839,9.22734,0.00014,0.37289
5122.24,BTC-27SEP19,1556276348861,open,0.0,1666.6,1.083e-05,0.00082768,0.00148147,86.4,0.003,0.0,BTC-27SEP19-1500-P,5160.82,75.33,0.0005,0.1,0.002,2.5,90.22,0.62836,-0.1764,-0.17795,1e-05,-0.00676
5122.24,BTC-27SEP19,1556276348861,open,0.31,0.0,0.29833095,0.34147605,0.31188198,62.75,None,0.0,BTC-27SEP19-3750-C,5160.82,0.0,0.0315,0.1,0.0,0.0,0.0,8.29589,-1.69141,11.26951,0.00012,0.83376
5124.24,BTC-28JUN19,1556276348874,open,0.29,6.0,0.2785835,0.32005146,0.29612698,61.96,0.285,0.0,BTC-28JUN19-6500-P,5160.82,0.0,0.0005,0.2,0.0,0.0,0.0,6.17964,-3.04473,-9.56137,0.00022,-0.78705
5122.24,BTC-27SEP19,1556276348883,open,0.08,801.0,0.05955867,0.11399586,0.07504534,61.56,0.0565,0.0,BTC-27SEP19-4250-P,5160.82,59.61,0.071,15.5,0.0775,14.4,62.75,10.62288,-2.12506,-7.07157,0.00016,-0.25243
5122.24,BTC-27SEP19,1556276348883,open,0.02,701.6,0.00132423,0.01643096,0.01557572,79.13,0.0145,0.0,BTC-27SEP19-12000-C,5160.82,77.46,0.014,6.1,0.0165,18.0,80.07,4.97973,-1.28045,1.40756,6e-05,0.08076
5124.24,BTC-28JUN19,1556276348885,open,0.0,1413.4,0.0,1.51e-06,0.00025573,109.65,0.0005,0.0,BTC-28JUN19-1500-P,5160.82,0.0,0.0,0.0,0.0005,93.0,117.88,0.11699,-0.10201,-0.01736,0.0,-0.00171
5124.24,BTC-28JUN19,1556276348899,open,0.28,30.0,0.27130342,0.29443691,0.28282375,65.83,0.298,0.0,BTC-28JUN19-3750-C,5160.82,0.0,0.027,0.1,0.0,0.0,0.0,3.74312,-1.95956,5.44445,0.00013,0.89961
5124.24,BTC-28JUN19,1556276348899,open,0.76,6.6,0.75663512,0.76205604,0.76188997,74.6,0.704,0.0,BTC-28JUN19-9000-P,5160.82,0.0,0.0005,0.4,0.0,0.0,0.0,2.12426,-1.26023,-15.12843,6e-05,-0.95197
5124.24,BTC-28JUN19,1556276348899,open,0.01,420.3,0.00222022,0.01360563,0.00971871,68.48,0.011,0.0,BTC-28JUN19-3500-P,5160.82,66.2,0.0085,28.0,0.0105,0.1,69.87,2.82341,-1.53745,-0.69466,9e-05,-0.06898
5124.24,BTC-28JUN19,1556276348901,open,0.0,312.6,4e-08,8.472e-05,0.00076703,91.34,0.001,0.0,BTC-28JUN19-14000-C,5160.82,0.0,0.0,0.0,0.001,46.9,93.98,0.41012,-0.2979,0.05429,1e-05,0.00692
5122.24,BTC-27SEP19,1556276348914,open,0.02,650.7,0.00262576,0.02323262,0.01847406,75.95,0.018,0.0,BTC-27SEP19-11000-C,5160.82,74.6,0.017,11.1,0.0195,18.0,76.87,5.67555,-1.40074,1.6795,7e-05,0.09625
5124.24,BTC-28JUN19,1556276348918,open,0.2,4.5,0.18469876,0.22432592,0.20167992,61.34,0.2105,0.0,BTC-28JUN19-4250-C,5160.82,0.0,0.02,0.1,0.0,0.0,0.0,5.85123,-2.85398,5.33162,0.00021,0.80568
5122.24,BTC-27SEP19,1556276348918,open,0.28,238.2,0.26258333,0.31173512,0.27697869,61.95,0.2925,0.0,BTC-27SEP19-4000-C,5160.82,0.0,0.165,2.0,0.286,2.5,66.75,9.51145,-1.91466,11.13719,0.00014,0.79273
5124.24,BTC-28JUN19,1556276348918,open,0.33,143.4,0.3191921,0.33057751,0.32670525,68.5,0.36,0.0,BTC-28JUN19-3500-C,5160.82,0.0,0.003,0.4,0.0,0.0,0.0,2.82536,-1.53911,5.33384,9e-05,0.93096
5160.82,index_price,1556276348918,open,0.27,0.0,0.26464708,0.29491685,0.27115895,61.6,None,0,BTC-31MAY19-6500-P,5160.82,0.0,0.0005,5.3,0.0,0.0,0.0,3.41258,-3.0137,-5.61679,0.00022,-0.86788
5160.82,index_price,1556276348922,open,0.32,0.0,0.32205791,0.33023286,0.32475455,71.79,None,0,BTC-31MAY19-3500-C,5160.82,0.0,0.0005,0.2,0.0,0.0,0.0,1.12638,-1.15922,3.17504,6e-05,0.96863
5124.24,BTC-28JUN19,1556276348925,open,1.92,2.0,1.92726337,1.92730084,1.92774788,92.29,2.658,0.0,BTC-28JUN19-15000-P,5160.82,0.0,0.0005,0.2,0.0,0.0,0.0,0.27965,-0.20524,-25.80393,1e-05,-0.99551
5122.24,BTC-27SEP19,1556276348929,open,0.97,2.0,0.9575113,0.98539238,0.97535567,72.9,1.8325,0.0,BTC-27SEP19-10000-P,5160.82,0.0,0.008,0.2,0.0,0.0,0.0,6.6399,-1.57289,-40.07214,8e-05,-0.88033
5122.24,BTC-27SEP19,1556276348934,open,0.6,2.5,0.58277825,0.63072549,0.60449096,67.07,1.278,0.0,BTC-27SEP19-8000-P,5160.82,0.0,0.004,0.3,0.0,0.0,0.0,9.58789,-2.08958,-30.11063,0.00013,-0.78989
5124.24,BTC-28JUN19,1556276348940,open,0.95,43.0,0.95155819,0.95394707,0.95447934,77.19,0.89,0.0,BTC-28JUN19-10000-P,5160.82,0.0,0.0005,0.5,0.0,0.0,0.0,1.32584,-0.81384,-17.01407,4e-05,-0.973
5122.24,BTC-27SEP19,1556276348942,open,1.56,0.0,1.54048469,1.61664195,1.56572562,75.67,None,0.0,BTC-27DEC19-13000-P,5160.82,0.0,0.0005,0.2,0.0,0.0,0.0,8.21681,-1.26948,-84.16839,6e-05,-0.88354
5160.82,index_price,1556276348960,open,0.03,86.0,0.02329159,0.06851498,0.03233357,58.59,0.0325,0,BTC-31MAY19-5750-C,5160.82,54.54,0.028,19.3,0.033,19.3,59.2,5.5984,-4.70239,1.35095,0.00038,0.3063
5122.24,BTC-27SEP19,1556276348965,open,0.61,28.2,0.60978874,0.61394315,0.61366581,79.07,0.608,0.0,BTC-27SEP19-2000-C,5160.82,0.0,0.001,0.3,0.6375,1.0,123.22,1.49841,-0.38498,7.94577,2e-05,0.98162
5160.82,index_price,1556276348971,open,0.19,0.0,0.17714163,0.21790215,0.1847408,58.6,None,0,BTC-31MAY19-6000-P,5160.82,0.0,0.03,0.2,0.0,0.0,0.0,4.83544,-4.06216,-4.71155,0.00032,-0.77073
5122.24,BTC-27SEP19,1556276348971,open,0.21,33.8,0.17251934,0.32612524,0.21368766,63.12,0.2245,0.0,BTC-27DEC19-5000-C,5160.82,61.62,0.209,5.0,0.22,15.8,65.14,15.97599,-2.05895,13.95932,0.00014,0.6199
5160.82,index_price,1556276348991,open,0.01,65.8,0.000895,0.0175713,0.00533627,67.48,0.006,0,BTC-31MAY19-7250-C,5160.82,66.59,0.005,38.0,0.006,8.8,69.15,1.98877,-1.92403,0.28731,0.00012,0.0636
5124.24,BTC-28JUN19,1556276348993,open,0.57,24.6,0.56267428,0.57440725,0.57022191,68.76,0.609,0.0,BTC-28JUN19-8000-P,5160.82,0.0,0.0005,0.4,0.0,0.0,0.0,3.10365,-1.69705,-13.17148,0.0001,-0.92194
5122.24,BTC-27SEP19,1556276348993,open,0.39,0.0,0.37815902,0.40805857,0.38926271,65.0,None,0.0,BTC-27SEP19-3250-C,5160.82,0.0,0.003,0.2,0.0,0.0,0.0,5.78183,-1.22127,11.05671,8e-05,0.90128
5122.24,BTC-27SEP19,1556276348993,open,0.42,10.2,0.40806388,0.46696323,0.43004574,64.31,0.8,0.0,BTC-27SEP19-7000-P,5160.82,61.35,0.4235,1.5,0.44,1.5,68.68,11.47333,-2.39766,-24.51269,0.00016,-0.70511
5160.82,index_price,1556276348995,open,0.0,38.7,0.00093297,0.01469593,0.00490291,67.69,0.0035,0,BTC-31MAY19-3750-P,5160.82,63.01,0.0035,20.0,0.0055,0.4,69.47,1.68349,-1.63371,-0.27794,0.0001,-0.05146
5160.82,index_price,1556276349006,open,0.32,0.0,0.31087798,0.33608583,0.31648164,63.03,None,0,BTC-31MAY19-6750-P,5160.82,0.0,0.0005,0.3,0.0,0.0,0.0,2.8039,-2.53378,-5.99764,0.00017,-0.89979
5122.24,BTC-27SEP19,1556276349015,open,0.02,153.8,0.00453798,0.05709616,0.01768479,67.99,0.016,0.0,BTC-27DEC19-2500-P,5160.82,65.08,0.015,18.0,0.02,3.2,70.34,4.90673,-0.68113,-2.6218,4e-05,-0.05861
5122.24,BTC-27SEP19,1556276349024,open,0.08,43.0,0.03542725,0.18076347,0.0751794,65.69,0.0825,0.0,BTC-27DEC19-8000-C,5160.82,65.08,0.0735,10.0,0.0815,24.4,67.93,14.31124,-1.91943,7.30834,0.00012,0.28785
5122.24,BTC-27SEP19,1556276349024,open,0.06,76.0,0.02066263,0.15101559,0.05903234,68.15,0.0675,0.0,BTC-27DEC19-9000-C,5160.82,66.72,0.0555,10.0,0.063,24.4,69.72,12.81676,-1.78347,5.96124,0.00011,0.2325
5160.82,index_price,1556276349035,open,0.01,109.6,0.00281119,0.02374759,0.00861537,65.06,0.0065,0,BTC-31MAY19-4000-P,5160.82,60.42,0.0065,44.0,0.0095,24.4,66.85,2.49853,-2.33062,-0.46528,0.00015,-0.08574
5122.24,BTC-27SEP19,1556276349035,open,0.33,11.2,0.2745936,0.43682002,0.31748505,63.22,0.2565,0.0,BTC-27DEC19-6000-P,5160.82,58.93,0.3035,9.3,0.3255,5.0,65.67,16.71959,-2.15815,-28.7308,0.00015,-0.51857
5122.24,BTC-27SEP19,1556276349035,open,0.06,73.5,0.03176139,0.13562494,0.05836469,64.16,0.0455,0.0,BTC-27DEC19-3500-P,5160.82,62.48,0.055,14.4,0.06,5.0,64.98,10.2799,-1.34682,-7.5633,9e-05,-0.16172
5122.26,BTC-27SEP19,1556276349048,open,1.75,0.0,1.73469987,1.80098344,1.75719263,77.24,None,0.0,BTC-27DEC19-14000-P,5160.82,0.0,0.0005,0.2,0.0,0.0,0.0,7.44344,-1.17385,-91.26251,5e-05,-0.8985
5124.24,BTC-28JUN19,1556276349050,open,0.01,539.8,0.0002771,0.00569803,0.00553195,74.6,0.0045,0.0,BTC-28JUN19-9000-C,5160.82,71.96,0.0045,25.0,0.0065,28.0,76.83,2.12426,-1.26023,0.37516,6e-05,0.04803
5122.26,BTC-27SEP19,1556276349050,open,0.04,929.8,0.020962,0.06890958,0.04270475,67.09,0.045,0.0,BTC-27SEP19-8000-C,5160.82,66.44,0.0415,10.0,0.0445,14.4,68.04,9.59027,-2.0906,3.6168,0.00013,0.21019
5122.26,BTC-27SEP19,1556276349052,open,0.0,42.0,8.352e-05,0.01224397,0.00358872,78.46,0.002,0.0,BTC-27DEC19-1500-P,5160.82,68.61,0.0015,10.0,0.0055,18.0,84.65,1.38531,-0.22193,-0.56303,1e-05,-0.0128
5122.26,BTC-27SEP19,1556276349068,open,0.04,47.0,0.007123,0.10767482,0.03790922,71.7,0.0365,0.0,BTC-27DEC19-11000-C,5160.82,70.19,0.035,14.4,0.041,24.4,73.24,10.072,-1.47446,4.08416,8e-05,0.15676
5160.82,index_price,1556276349068,open,0.06,49.3,0.05387015,0.10315488,0.06401846,58.23,0.0595,0,BTC-31MAY19-5250-C,5160.82,55.38,0.0605,20.0,0.0635,14.4,57.81,6.36411,-5.31301,2.1397,0.00043,0.49793
5122.26,BTC-27SEP19,1556276349068,open,0.02,11.1,0.0015313,0.06781488,0.02400806,77.22,0.0275,0.0,BTC-27DEC19-14000-C,5160.82,75.08,0.021,18.0,0.0265,18.0,78.9,7.44086,-1.17328,2.66131,5e-05,0.10145
5124.24,BTC-28JUN19,1556276349070,open,0.52,24.4,0.51213272,0.51289826,0.51462183,88.9,0.5115,0.0,BTC-28JUN19-2500-C,5160.82,0.0,0.001,0.2,0.0,0.0,0.0,0.87882,-0.62131,4.13792,2e-05,0.98339
5122.26,BTC-27SEP19,1556276349070,open,0.03,29.4,0.00253261,0.07869041,0.02776852,75.66,0.031,0.0,BTC-27DEC19-13000-C,5160.82,74.22,0.0255,10.0,0.03,18.0,77.03,8.21613,-1.26932,3.04731,6e-05,0.11644
5124.24,BTC-28JUN19,1556276349092,open,1.14,5.7,1.14666828,1.14770215,1.14874817,81.84,1.142,0.0,BTC-28JUN19-11000-P,5160.82,0.0,0.0005,0.4,0.0,0.0,0.0,0.97689,-0.63573,-18.80135,3e-05,-0.9812
5124.24,BTC-28JUN19,1556276349092,open,0.01,65.9,0.00035945,0.01022561,0.00690142,72.84,0.006,0.0,BTC-28JUN19-3250-P,5160.82,69.3,0.0055,18.0,0.008,10.0,75.36,2.14903,-1.24482,-0.4911,7e-05,-0.04873
5122.26,BTC-27SEP19,1556276349094,open,0.03,96.0,0.01387641,0.09251627,0.03341896,65.36,0.031,0.0,BTC-27DEC19-3000-P,5160.82,63.69,0.031,18.0,0.0345,5.1,66.1,7.50152,-1.00119,-4.6739,7e-05,-0.10259
5122.26,BTC-27SEP19,1556276349113,open,0.17,786.6,0.14975887,0.2146198,0.16779857,61.19,0.17,0.0,BTC-27SEP19-5000-C,5160.82,60.67,0.1665,6.0,0.172,15.8,62.87,12.829,-2.55072,9.38397,0.00019,0.60236
5122.26,BTC-27SEP19,1556276349113,open,0.1,730.2,0.08033083,0.14677571,0.10173385,62.49,0.092,0.0,BTC-27SEP19-6000-C,5160.82,60.82,0.0975,10.0,0.105,10.8,63.77,13.03824,-2.64732,6.99884,0.00019,0.42584
5160.82,index_price,1556276349113,open,0.0,55.9,0.00024471,0.00841966,0.00294135,71.79,0.007,0,BTC-31MAY19-3500-P,5160.82,66.98,0.002,20.0,0.0035,0.4,74.22,1.12638,-1.15922,-0.1692,6e-05,-0.03137
5122.26,BTC-27SEP19,1556276349113,open,0.71,0.0,0.70724403,0.71940448,0.71074751,78.45,None,0.0,BTC-27DEC19-1500-C,5160.82,0.0,0.007,0.2,0.0,0.0,0.0,1.38491,-0.22185,9.50056,1e-05,0.98721
5122.26,BTC-27SEP19,1556276349113,open,0.81,0.0,0.77769995,0.90805345,0.81607957,68.15,None,0.0,BTC-27DEC19-9000-P,5160.82,0.0,0.001,0.5,0.0,0.0,0.0,12.81757,-1.78369,-54.41856,0.00011,-0.76747
5124.24,BTC-28JUN19,1556276349126,open,1.34,10.0,1.34181213,1.34225828,1.34334267,85.95,1.243,0.0,BTC-28JUN19-12000-P,5160.82,0.0,0.0005,0.4,0.0,0.0,0.0,0.74301,-0.50784,-20.56442,2e-05,-0.98634
5160.82,index_price,1556276349126,open,0.02,211.2,0.00698719,0.03599819,0.01400105,61.87,0.0125,0,BTC-31MAY19-4250-P,5160.82,59.57,0.0125,24.0,0.0145,5.0,62.61,3.43348,-3.04546,-0.72633,0.00022,-0.13329
5122.26,BTC-27SEP19,1556276349126,open,1.18,0.0,1.15461258,1.2551644,1.18541138,71.7,None,0.0,BTC-27DEC19-11000-P,5160.82,0.0,0.0005,0.2,0.0,0.0,0.0,10.07344,-1.4748,-69.71325,8e-05,-0.84321
5160.82,index_price,1556276349126,open,0.41,0.0,0.40571052,0.42238681,0.41015179,67.48,None,0,BTC-31MAY19-7250-P,5160.82,0.0,0.0005,0.3,0.0,0.0,0.0,1.98877,-1.92403,-6.64006,0.00012,-0.9364
5122.26,BTC-27SEP19,1556276349128,open,0.64,0.0,0.59723846,0.74257512,0.63699916,65.69,None,0.0,BTC-27DEC19-8000-P,5160.82,0.0,0.001,0.5,0.0,0.0,0.0,14.31175,-1.91959,-46.36266,0.00012,-0.71213
5124.24,BTC-28JUN19,1556276349130,open,0.38,19.5,0.37308697,0.39601777,0.38426495,63.96,0.7515,0.0,BTC-28JUN19-7000-P,5160.82,0.0,0.0015,0.2,0.0,0.0,0.0,4.92855,-2.50674,-10.90709,0.00017,-0.85137
5122.26,BTC-27SEP19,1556276349130,open,0.38,5.8,0.34846862,0.45233153,0.37506854,64.16,0.37,0.0,BTC-27DEC19-3500-C,5160.82,0.0,0.255,1.0,0.68,3.0,209.15,10.27975,-1.34677,15.91819,9e-05,0.83828
5122.26,BTC-27SEP19,1556276349130,open,0.53,0.0,0.51647205,0.56902973,0.52961612,67.98,None,0.0,BTC-27DEC19-2500-C,5160.82,0.0,0.0005,0.2,0.0,0.0,0.0,4.90639,-0.68106,14.15078,4e-05,0.9414
5122.26,BTC-27SEP19,1556276349132,open,0.01,50.9,0.00093104,0.03017884,0.00806008,71.37,0.0065,0.0,BTC-27DEC19-2000-P,5160.82,67.23,0.006,10.0,0.01,3.1,74.79,2.74783,-0.40046,-1.26162,2e-05,-0.02865
5122.26,BTC-27SEP19,1556276349134,open,0.05,300.6,0.01209416,0.12709055,0.04715388,70.16,0.0445,0.0,BTC-27DEC19-10000-C,5160.82,69.19,0.045,10.2,0.05,14.4,71.43,11.39673,-1.63272,4.91961,9e-05,0.19031
5124.24,BTC-28JUN19,1556276349147,open,2.89,0.4,2.90301781,2.90301859,2.90329228,107.52,5.076,0.0,BTC-28JUN19-20000-P,5160.82,0.0,0.0005,0.2,0.0,0.0,0.0,0.15539,-0.13286,-34.43421,0.0,-0.99766
5124.24,BTC-28JUN19,1556276349147,open,0.02,262.1,0.01038558,0.03307468,0.02092532,62.76,0.022,0.0,BTC-28JUN19-4000-P,5160.82,61.2,0.0195,28.1,0.0215,5.0,63.38,4.72965,-2.36049,-1.41894,0.00017,-0.13982
5122.26,BTC-27SEP19,1556276349147,open,0.47,0.0,0.42728289,0.58469112,0.47097332,64.71,None,0.0,BTC-27DEC19-7000-P,5160.82,0.0,0.001,0.5,0.0,0.0,0.0,15.88107,-2.0985,-37.73488,0.00014,-0.62709
5122.26,BTC-27SEP19,1556276349147,open,0.26,10.2,0.22057385,0.3628055,0.25816232,63.12,0.2335,0.0,BTC-27DEC19-4500-C,5160.82,58.53,0.245,5.0,0.27,5.0,67.24,14.70399,-1.895,14.99916,0.00013,0.69463
5122.26,BTC-27SEP19,1556276349147,open,1.0,0.3,0.96435742,1.07935381,0.99942857,70.17,1.4475,0.0,BTC-27DEC19-10000-P,5160.82,0.0,0.1,0.3,0.0,0.0,0.0,11.39779,-1.63299,-62.16902,9e-05,-0.80966
5124.24,BTC-28JUN19,1556276349157,open,0.71,33.3,0.70727366,0.70727517,0.70753568,109.92,0.7165,0.0,BTC-28JUN19-1500-C,5160.82,0.0,0.007,0.1,0.0,0.0,0.0,0.11911,-0.10411,2.56622,0.0,0.99826
5122.26,BTC-27SEP19,1556276349162,open,0.78,0.0,0.76752854,0.80463592,0.78650248,69.28,None,0.0,BTC-27SEP19-9000-P,5160.82,0.0,0.002,0.3,0.0,0.0,0.0,7.82206,-1.76093,-35.29658,0.0001,-0.84803
5122.26,BTC-27SEP19,1556276349162,open,0.22,290.4,0.20016345,0.25902072,0.21631259,61.19,0.1915,0.0,BTC-27SEP19-4500-C,5160.82,57.94,0.209,3.0,0.2205,1.0,63.04,11.56217,-2.29886,10.44674,0.00017,0.70009
5124.24,BTC-28JUN19,1556276349169,open,1.72,1.3,1.73211251,1.73219719,1.73282085,90.59,2.415,0.0,BTC-28JUN19-14000-P,5160.82,0.0,0.0005,0.2,0.0,0.0,0.0,0.38683,-0.27866,-24.06581,1e-05,-0.99353
5124.24,BTC-28JUN19,1556276349169,open,0.61,20.1,0.60969829,0.60976614,0.61047499,96.45,0.578,0.0,BTC-28JUN19-2000-C,5160.82,0.0,0.006,0.1,0.0,0.0,0.0,0.32825,-0.25177,3.3909,1e-05,0.99462
5160.82,index_price,1556276349169,open,0.15,68.7,0.13745562,0.182679,0.1464976,58.59,0.16,0,BTC-31MAY19-5750-P,5160.82,0.0,0.05,0.2,0.1685,3.8,78.02,5.5984,-4.70239,-4.14316,0.00038,-0.6937
5122.26,BTC-27SEP19,1556276349171,open,0.0,411.8,0.00024291,0.00439723,0.00412026,79.07,0.003,0.0,BTC-27SEP19-2000-P,5160.82,72.7,0.0025,15.0,0.0055,2.5,83.4,1.49847,-0.38501,-0.4858,2e-05,-0.01838
5124.24,BTC-28JUN19,1556276349173,open,0.37,0.1,0.36611906,0.37598522,0.37267464,72.87,0.395,0.0,BTC-28JUN19-3250-C,5160.82,0.0,0.0035,0.2,0.0,0.0,0.0,2.15117,-1.24662,5.10676,7e-05,0.9512
5122.26,BTC-27SEP19,1556276349173,open,1.16,3.1,1.15011542,1.17072255,1.1659301,75.92,1.9215,0.0,BTC-27SEP19-11000-P,5160.82,0.0,0.002,0.3,0.0,0.0,0.0,5.67029,-1.39888,-44.6959,7e-05,-0.90387
5122.26,BTC-27SEP19,1556276349177,open,0.14,113.2,0.09909231,0.24132397,0.13668593,63.12,0.1325,0.0,BTC-27DEC19-4500-P,5160.82,61.31,0.1315,14.4,0.141,19.4,64.62,14.70399,-1.89505,-15.19117,0.00013,-0.30537
5122.26,BTC-27SEP19,1556276349177,open,0.32,35.5,0.27907546,0.4046107,0.31226498,63.63,0.3255,0.0,BTC-27DEC19-4000-C,5160.82,58.68,0.3,5.0,0.323,5.0,67.91,12.77492,-1.65971,15.69083,0.00011,0.76886
5124.24,BTC-28JUN19,1556276349183,open,0.21,35.4,0.19974941,0.23641281,0.21388941,60.1,0.2,0.0,BTC-28JUN19-6000-P,5160.82,0.0,0.0015,0.3,0.0,0.0,0.0,7.45831,-3.56452,-8.01585,0.00027,-0.6942
5160.82,index_price,1556276349183,open,0.36,0.0,0.35801576,0.37865618,0.36315707,65.47,None,0,BTC-31MAY19-7000-P,5160.82,0.0,0.0005,0.3,0.0,0.0,0.0,2.37153,-2.22582,-6.32747,0.00014,-0.92
5160.82,index_price,1556276349183,open,0.15,15.2,0.14287425,0.17977682,0.15211568,61.1,0.132,0,BTC-31MAY19-4500-C,5160.82,0.0,0.0215,0.1,0.0,0.0,0.0,4.54755,-3.98368,3.16453,0.00029,0.79386
5124.24,BTC-28JUN19,1556276349186,open,0.01,86.7,0.00311926,0.02625275,0.01462388,65.81,0.0105,0.0,BTC-28JUN19-3750-P,5160.82,62.81,0.0125,18.0,0.016,18.0,67.66,3.74155,-1.9581,-1.01474,0.00013,-0.10033
5124.24,BTC-28JUN19,1556276349188,open,0.04,2282.3,0.02884407,0.06550746,0.04298971,60.1,0.046,0.0,BTC-28JUN19-6000-C,5160.82,59.08,0.0415,14.4,0.0455,9.9,61.82,7.45849,-3.56484,2.31998,0.00027,0.30581
5124.24,BTC-28JUN19,1556276349188,open,0.02,1554.4,0.00703073,0.02996153,0.01820872,63.96,0.018,0.0,BTC-28JUN19-7000-C,5160.82,62.69,0.017,14.4,0.019,0.1,64.77,4.92855,-2.50674,1.15126,0.00017,0.14863
5122.26,BTC-27SEP19,1556276349216,open,0.35,261.1,0.33694124,0.37357415,0.34940076,63.76,0.38,0.0,BTC-27SEP19-3500-C,5160.82,0.0,0.161,1.0,0.431,1.0,114.03,7.03128,-1.45668,11.24447,0.0001,0.87012
5124.24,BTC-28JUN19,1556276349216,open,0.42,43.8,0.41479404,0.41865877,0.41961494,78.16,0.433,0.0,BTC-28JUN19-3000-C,5160.82,0.0,0.004,0.2,0.0,0.0,0.0,1.64137,-1.02015,4.81464,5e-05,0.96505
5124.24,BTC-28JUN19,1556276349216,open,0.17,208.8,0.15316703,0.18693377,0.16757819,60.98,0.17,0.0,BTC-28JUN19-4500-C,5160.82,57.56,0.163,0.5,0.1775,5.0,68.24,6.91414,-3.35269,5.04277,0.00025,0.73886
5160.82,index_price,1556276349216,open,0.28,0.0,0.27430425,0.28806721,0.27827419,67.69,None,0,BTC-31MAY19-3750-C,5160.82,0.0,0.0005,0.2,0.0,0.0,0.0,1.68349,-1.63371,3.30518,0.0001,0.94854
5160.82,index_price,1556276349216,open,0.01,129.2,0.00294629,0.02815414,0.00854996,63.03,0.0065,0,BTC-31MAY19-6750-C,5160.82,59.01,0.0065,44.0,0.01,44.0,65.6,2.8039,-2.53378,0.45197,0.00017,0.10021
5160.82,index_price,1556276349219,open,0.23,0.0,0.2198346,0.25542199,0.22692648,59.93,None,0,BTC-31MAY19-6250-P,5160.82,0.0,0.0005,0.3,0.0,0.0,0.0,4.08728,-3.51166,-5.19543,0.00027,-0.82667
5160.82,index_price,1556276349269,open,0.0,100.7,0.00010406,0.01393915,0.00411212,75.1,0.005,0,BTC-3MAY19-4500-P,5160.82,66.57,0.0025,65.1,0.0055,31.0,81.25,1.08917,-5.94824,-0.08533,0.00029,-0.08366
152.14,index_price,1556276349521,open,0.01,239.0,0.002441,0.026401,0.009979,70.36,0.008,0,ETH-3MAY19-140-P,152.14,64.72,0.008,200.0,0.012,200.0,75.8,0.05509,-0.28188,-0.00549,0.01796,-0.18157
5160.82,index_price,1556276349542,open,0.01,145.3,0.00150505,0.02646211,0.00882197,67.0,0.0095,0,BTC-3MAY19-4750-P,5160.82,61.6,0.007,10.0,0.01,25.0,70.31,1.80297,-8.78481,-0.17537,0.00054,-0.17156
5160.78,index_price,1556276349557,open,0.02,305.1,0.0094661,0.04495295,0.02027874,62.33,0.018,0,BTC-3MAY19-5000-P,5160.78,53.72,0.016,24.0,0.018,26.8,57.77,2.59502,-11.76153,-0.35014,0.00083,-0.33989
5160.78,index_price,1556276349557,open,0.0,137.2,3.7e-06,0.00807139,0.00161945,77.09,0.0015,0,BTC-3MAY19-6250-C,5160.78,0.0,0.0,0.0,0.0025,10.0,83.69,0.60366,-3.38402,0.03679,0.00016,0.03946
5160.78,index_price,1556276349557,open,0.0,98.1,2.51e-06,0.00641166,0.00257961,88.59,0.002,0,BTC-3MAY19-4250-P,5160.78,84.12,0.002,26.9,0.004,40.0,97.68,0.71517,-4.60725,-0.04984,0.00016,-0.04869
5160.78,index_price,1556276349557,open,0.01,274.7,0.00345157,0.03471761,0.01189759,62.8,0.0115,0,BTC-3MAY19-5500-C,5160.78,53.29,0.008,24.0,0.0125,26.2,64.19,2.21875,-10.13284,0.22504,0.0007,0.24338
5160.78,index_price,1556276349557,open,0.0,140.0,1.8e-07,0.00464573,0.00117177,84.92,0.0025,0,BTC-3MAY19-6500-C,5160.78,0.0,0.0,0.0,0.0025,10.6,96.88,0.44635,-2.75643,0.02545,0.0001,0.02736
5160.78,index_price,1556276349557,open,0.04,139.1,0.03180008,0.06972724,0.04359018,62.04,0.041,0,BTC-3MAY19-5250-P,5160.78,53.53,0.039,18.0,0.0425,0.8,60.03,2.79041,-12.58972,-0.58975,0.0009,-0.56305
5122.22,BTC-27SEP19,1556276349599,open,0.27,9.5,0.2516955,0.31814019,0.27307351,62.48,0.235,0.0,BTC-27SEP19-6000-P,5160.78,59.49,0.2655,1.5,0.285,1.5,67.15,13.03786,-2.64683,-18.29621,0.00019,-0.5742
152.14,index_price,1556276349649,open,0.05,53.0,0.032136,0.067045,0.044229,67.65,0.044,0,ETH-3MAY19-150-C,152.14,65.36,0.043,150.0,0.049,150.0,76.53,0.08167,-0.4018,0.01532,0.02769,0.57886
5122.22,BTC-27SEP19,1556276349745,open,0.14,47.5,0.12589463,0.19075588,0.14391495,61.18,0.1435,0.0,BTC-27SEP19-5000-P,5160.78,59.02,0.1385,27.0,0.147,14.4,62.41,12.82903,-2.5504,-11.69478,0.00019,-0.39766
5160.78,index_price,1556276349753,open,0.11,136.8,0.10179614,0.15008822,0.1119243,58.58,0.1335,0,BTC-31MAY19-5500-P,5160.78,57.81,0.111,14.4,0.1185,14.7,64.07,6.15103,-5.16616,-3.52515,0.00041,-0.60295
5122.22,BTC-27SEP19,1556276349770,open,0.18,39.3,0.13385144,0.29387596,0.17682953,63.2,0.179,0.0,BTC-27DEC19-5500-C,5160.78,61.55,0.1715,10.8,0.183,15.8,65.1,16.61489,-2.14396,12.76509,0.00015,0.54829
5124.2,BTC-28JUN19,1556276349777,open,0.14,60.6,0.11925336,0.17642494,0.14265985,59.49,0.1395,0.0,BTC-28JUN19-5500-P,5160.78,57.25,0.139,10.8,0.1455,10.8,61.23,8.37239,-3.96086,-6.24487,0.00031,-0.56481
155.9,ETH-27SEP19,1556276349818,open,0.06,336.0,0.0473,0.128913,0.061454,66.68,0.06,0.0,ETH-27SEP19-220-C,152.14,66.93,0.062,2.0,0.068,180.0,69.63,0.34149,-0.07399,0.14447,0.005,0.28127
155.9,ETH-27SEP19,1556276349818,open,0.95,1.0,0.934534,0.985756,0.952639,75.65,1.018,0.0,ETH-27SEP19-300-P,152.14,0.0,0.004,4.0,0.977,2.0,90.39,0.22366,-0.05498,-1.19232,0.00289,-0.86149
154.76,ETH-28JUN19,1556276349822,open,0.94,0.0,0.938904,0.963073,0.946417,90.15,None,0.0,ETH-28JUN19-300-P,152.14,0.0,0.0,0.0,0.0,0.0,0.0,0.07333,-0.05257,-0.50375,0.00197,-0.94316
154.76,ETH-28JUN19,1556276349824,open,0.33,1941.0,0.314492,0.392052,0.326658,70.25,0.237,0.0,ETH-28JUN19-200-P,152.14,0.0,0.061,25.0,0.333,1.0,75.14,0.19578,-0.10937,-0.29195,0.00675,-0.76844
154.76,ETH-28JUN19,1556276349833,open,0.01,1946.0,0.002172,0.042757,0.011887,81.68,0.014,0.0,ETH-28JUN19-260-C,152.14,78.67,0.01,150.0,0.014,150.0,84.77,0.10151,-0.06594,0.01997,0.00301,0.08678
154.76,ETH-28JUN19,1556276349837,open,0.06,4074.0,0.054175,0.13581,0.062326,65.62,0.053,0.0,ETH-28JUN19-140-P,152.14,63.34,0.059,120.0,0.066,120.0,68.14,0.22566,-0.11776,-0.09848,0.00834,-0.30706
154.76,ETH-28JUN19,1556276349853,open,0.03,2152.0,0.022168,0.099728,0.034335,70.25,0.032,0.0,ETH-28JUN19-200-C,152.14,68.39,0.032,120.0,0.037,120.0,72.33,0.19578,-0.10937,0.05258,0.00675,0.23156
155.9,ETH-27SEP19,1556276349855,open,1.45,1.0,1.439738,1.468388,1.455229,83.99,1.285,0.0,ETH-27SEP19-380-P,152.14,0.0,0.002,7.0,0.0,0.0,0.0,0.15992,-0.04364,-1.55666,0.00186,-0.91326
154.76,ETH-28JUN19,1556276349863,open,1.33,0.0,1.326216,1.33718,1.332619,104.71,None,0.0,ETH-28JUN19-360-P,152.14,0.0,0.0,0.0,0.0,0.0,0.0,0.05786,-0.04818,-0.6106,0.00134,-0.95775
155.9,ETH-27SEP19,1556276349907,open,0.5,0.0,0.491729,0.51733,0.498958,73.16,None,0.0,ETH-27SEP19-80-C,152.14,0.0,0.001,4.0,0.0,0.0,0.0,0.10487,-0.02493,0.29626,0.0014,0.94972
155.9,ETH-27SEP19,1556276349919,open,0.59,132.0,0.571728,0.646009,0.589925,69.8,0.567,0.0,ETH-27SEP19-240-P,152.14,0.0,0.05,2.0,0.635,1.0,90.37,0.31041,-0.0704,-0.89109,0.00434,-0.76589
154.76,ETH-28JUN19,1556276349963,open,0.12,434.0,0.113709,0.201492,0.122715,65.61,0.122,0.0,ETH-28JUN19-150-C,152.14,62.05,0.117,90.0,0.126,90.0,67.66,0.24831,-0.12956,0.12699,0.00917,0.59905
155.9,ETH-27SEP19,1556276349963,open,1.2,0.0,1.185678,1.224192,1.202618,79.87,None,0.0,ETH-27SEP19-340-P,152.14,0.0,0.003,6.0,1.217,1.0,90.45,0.18623,-0.04833,-1.37751,0.00228,-0.89329
155.9,ETH-27SEP19,1556276349967,open,0.7,1.0,0.689729,0.756122,0.708082,71.54,0.573,0.0,ETH-27SEP19-260-P,152.14,0.0,0.6,1.0,0.745,1.0,90.0,0.27685,-0.06435,-0.99614,0.00378,-0.80756
155.9,ETH-27SEP19,1556276350042,open,0.39,0.0,0.378094,0.42498,0.386346,67.25,None,0.0,ETH-27SEP19-100-C,152.14,0.0,0.001,6.0,0.402,50.0,79.28,0.1883,-0.04115,0.3321,0.00273,0.89164
