underlying_price,underlying_index,timestamp,state,settlement_price,open_interest,min_price,max_price,mark_price,mark_iv,last_price,interest_rate,instrument_name,index_price,bid_iv,best_bid_price,best_bid_amount,best_ask_price,best_ask_amount,ask_iv,vega,theta,rho,gamma,delta
184.23,SYN.ETH-23AUG19,1565953140047,open,0.05,407.0,0.012,0.069,0.039008,91.8,0.043,0.0,ETH-23AUG19-180-P,184.17,88.01,0.037,150.0,0.043,1.0,99.31,0.09783,-0.65309,-0.01531,0.01667,-0.40228
184.23,SYN.ETH-23AUG19,1565953140156,open,0.03,235.0,0.011,0.065,0.03688,91.8,0.037,0.0,ETH-23AUG19-190-C,184.17,82.71,0.032,150.0,0.039,346.0,95.73,0.09922,-0.66237,0.01357,0.01691,0.42792
184.23,SYN.ETH-23AUG19,1565953140359,open,0.02,207.0,0.003,0.044,0.020319,91.81,0.015,0.0,ETH-23AUG19-200-C,184.17,84.47,0.017,200.0,0.022,448.0,95.43,0.08483,-0.56634,0.00894,0.01445,0.27803
184.23,SYN.ETH-23AUG19,1565953140471,open,0.12,300.0,0.067,0.144,0.105905,91.81,0.094,0.0,ETH-23AUG19-200-P,184.17,89.84,0.105,50.0,0.114,50.0,108.82,0.08483,-0.56634,-0.02873,0.01445,-0.72197
10293.69,BTC-27DEC19,1565953140642,open,2.56,1.3,2.431,2.5915,2.50642984,103.01,2.2,0.0,BTC-27DEC19-36000-P,10087.02,0.0,0.0005,1.0,0.0,0.0,0.0,5.80567,-2.25043,-129.74063,1e-05,-0.95577
10141.11,BTC-27SEP19,1565953140644,open,0.04,581.2,0.0145,0.0585,0.03476806,91.33,0.0415,0.0,BTC-27SEP19-8000-P,10087.02,89.31,0.033,19.3,0.0365,38.1,93.27,8.96401,-9.77465,-2.48058,8e-05,-0.17844
10293.69,BTC-27DEC19,1565953140655,open,0.42,110.1,0.3375,0.462,0.40066394,92.39,0.38,0.0,BTC-27DEC19-13000-P,10087.02,90.65,0.3965,3.6,0.4075,5.0,95.26,24.53596,-8.53051,-35.83672,7e-05,-0.55566
10141.11,BTC-27SEP19,1565953140655,open,0.34,42.9,0.2825,0.3725,0.32729071,94.74,0.305,0.0,BTC-27SEP19-13000-P,10087.02,0.0,0.276,4.0,0.3425,9.0,107.87,11.35314,-12.84324,-12.30365,0.0001,-0.73021
10141.11,BTC-27SEP19,1565953140655,open,0.12,352.7,0.0765,0.153,0.11522679,91.32,0.1285,0.0,BTC-27SEP19-10000-P,10087.02,89.64,0.113,14.4,0.1195,14.6,94.55,13.43221,-14.64686,-6.23597,0.00012,-0.42075
10293.69,BTC-27DEC19,1565953140655,open,0.08,212.7,0.045,0.131,0.08662873,94.13,0.0915,0.0,BTC-27DEC19-16000-C,10087.02,93.13,0.0845,4.9,0.091,13.2,96.17,21.94664,-7.77377,8.41364,6e-05,0.31115
10104.94,SYN.BTC-30AUG19,1565953140668,open,0.3,0.0,0.2935,0.328,0.30999141,106.94,None,0.0,BTC-30AUG19-7000-C,10087.02,0.0,0.0,0.0,0.0,0.0,0.0,1.38085,-5.32092,2.5312,3e-05,0.96891
10293.69,BTC-27DEC19,1565953140687,open,0.02,249.3,0.006,0.0325,0.01692941,91.72,0.0165,0.0,BTC-27DEC19-5000-P,10087.02,88.85,0.015,6.0,0.019,16.0,94.65,7.09507,-2.44887,-2.76606,2e-05,-0.05688
10293.69,BTC-27DEC19,1565953140687,open,0.1,429.3,0.056,0.147,0.10098134,93.7,0.1025,0.0,BTC-27DEC19-15000-C,10087.02,92.36,0.098,4.9,0.104,13.1,95.04,23.0223,-8.11721,9.35917,6e-05,0.35074
184.55,ETH-27SEP19,1565953140690,open,0.0,839.0,0.001,0.011,0.00042,130.0,0.001,0.0,ETH-27SEP19-60-P,184.17,0.0,0.0,0.0,0.002,550.0,158.95,0.00535,-0.00831,-0.00068,0.00011,-0.00279
184.55,ETH-27SEP19,1565953140690,open,0.06,1360.0,0.032,0.097,0.064985,95.63,0.061,0.0,ETH-27SEP19-220-C,184.17,93.25,0.062,231.0,0.069,391.0,98.81,0.23196,-0.26486,0.06073,0.00621,0.35179
185.94,ETH-27DEC19,1565953140690,open,0.15,1748.0,0.094,0.196,0.147902,99.43,0.142,0.0,ETH-27DEC19-240-C,184.17,96.95,0.142,70.0,0.154,225.0,101.98,0.44406,-0.16614,0.20454,0.00355,0.45008
184.3,SYN.ETH-30AUG19,1565953140690,open,0.0,2280.0,0.001,0.011,0.001025,121.23,0.003,0.0,ETH-30AUG19-320-C,184.17,0.0,0.0,0.0,0.002,300.0,132.69,0.0123,-0.05373,0.00086,0.00079,0.01334
185.94,ETH-27DEC19,1565953140692,open,0.01,1912.0,0.001,0.024,0.00914,112.57,0.008,0.0,ETH-27DEC19-760-C,184.17,105.9,0.006,350.0,0.012,50.0,117.45,0.09964,-0.04221,0.02192,0.0007,0.04152
10141.11,BTC-27SEP19,1565953140694,open,0.32,748.2,0.302,0.348,0.32484598,92.71,0.3625,0.0,BTC-27SEP19-7000-C,10087.02,0.0,0.2775,5.0,0.356,5.0,137.69,5.60231,-6.20125,6.80194,5e-05,0.90947
10293.69,BTC-27DEC19,1565953140694,open,0.45,122.9,0.424,0.4795,0.45172225,90.44,0.469,0.0,BTC-27DEC19-6000-C,10087.02,69.66,0.432,4.0,0.4975,10.0,127.59,11.17361,-3.80241,16.66864,3e-05,0.89653
10141.11,BTC-27SEP19,1565953140694,open,0.02,488.5,0.0045,0.031,0.01510368,92.7,0.017,0.0,BTC-27SEP19-7000-P,10087.02,89.73,0.0135,25.0,0.0165,5.0,95.18,5.60201,-6.20066,-1.22891,5e-05,-0.09052
184.23,SYN.ETH-23AUG19,1565953140694,open,0.17,177.0,0.111,0.19,0.150256,91.82,0.15,0.0,ETH-23AUG19-210-P,184.17,0.0,0.0,0.0,0.0,0.0,0.0,0.06266,-0.4184,-0.03421,0.01067,-0.83542
184.3,SYN.ETH-30AUG19,1565953140701,open,0.14,567.0,0.084,0.167,0.126082,93.89,0.139,0.0,ETH-30AUG19-200-P,184.17,91.03,0.124,150.0,0.133,150.0,103.29,0.13459,-0.45538,-0.05359,0.0111,-0.63876
184.55,ETH-27SEP19,1565953140703,open,0.66,852.0,0.584,0.699,0.639838,99.57,0.694,0.0,ETH-27SEP19-300-P,184.17,0.0,0.596,26.0,0.706,25.0,170.68,0.11105,-0.13202,-0.32567,0.00285,-0.89832
10095.9,SYN.BTC-23AUG19,1565953140703,open,0.01,191.9,0.0005,0.0195,0.00586859,93.95,0.006,0.0,BTC-23AUG19-12000-C,10087.02,94.49,0.006,30.0,0.007,0.2,98.43,2.45108,-16.74667,0.18109,0.00014,0.10109
184.3,SYN.ETH-30AUG19,1565953140703,open,0.0,4133.0,0.001,0.011,0.000116,130.0,0.002,0.0,ETH-30AUG19-400-C,184.17,0.0,0.0,0.0,0.002,350.0,175.25,0.00196,-0.00917,0.00011,0.00012,0.00169
10104.94,SYN.BTC-30AUG19,1565953140705,open,0.61,0.0,0.5525,0.6215,0.58491876,109.92,0.403,0.0,BTC-30AUG19-16000-P,10087.02,0.0,0.0,0.0,0.0,0.0,0.0,0.98694,-3.90921,-6.00842,2e-05,-0.97918
184.55,ETH-27SEP19,1565953140709,open,0.77,607.0,0.687,0.806,0.74401,100.83,0.761,0.0,ETH-27SEP19-320-P,184.17,0.0,0.711,25.0,0.814,25.0,181.83,0.08833,-0.10634,-0.35342,0.00224,-0.92518
184.55,ETH-27SEP19,1565953140712,open,0.36,2594.0,0.29,0.398,0.344555,96.44,0.31,0.0,ETH-27SEP19-240-P,184.17,0.0,0.297,25.0,0.399,25.0,141.36,0.20307,-0.23384,-0.22947,0.00539,-0.73922
184.55,ETH-27SEP19,1565953140729,open,0.01,9105.0,0.001,0.023,0.010754,94.89,0.008,0.0,ETH-27SEP19-120-P,184.17,88.19,0.008,500.0,0.012,200.0,97.66,0.08098,-0.09175,-0.01643,0.00218,-0.06683
184.3,SYN.ETH-30AUG19,1565953140729,open,0.0,873.0,0.001,0.011,0.001048,109.53,0.003,0.0,ETH-30AUG19-300-C,184.17,0.0,0.0,0.0,0.002,250.0,119.86,0.01347,-0.05316,0.00097,0.00095,0.01482
185.94,ETH-27DEC19,1565953140731,open,0.02,1577.0,0.003,0.033,0.014243,109.82,0.011,0.0,ETH-27DEC19-640-C,184.17,105.11,0.011,50.0,0.017,50.0,113.34,0.13797,-0.05701,0.03266,0.001,0.0625
184.55,ETH-27SEP19,1565953140739,open,0.03,7913.0,0.012,0.052,0.030026,94.89,0.031,0.0,ETH-27SEP19-140-P,184.16,91.07,0.027,433.0,0.032,160.0,97.33,0.14819,-0.16791,-0.03892,0.004,-0.1538
184.55,ETH-27SEP19,1565953140739,open,0.46,1239.0,0.384,0.495,0.438764,97.31,0.4,0.0,ETH-27SEP19-260-P,184.16,0.0,0.388,25.0,0.485,25.0,140.03,0.17005,-0.19758,-0.26424,0.00447,-0.80924
184.55,ETH-27SEP19,1565953140739,open,2.73,0.0,2.577,2.798,2.685,130.0,None,0.0,ETH-27SEP19-680-P,184.16,0.0,0.0,0.0,0.0,0.0,0.0,0.00582,-0.00903,-0.77958,0.00011,-0.99694
185.94,ETH-27DEC19,1565953140739,open,1.86,37.0,1.724,1.927,1.821172,107.02,0.707,0.0,ETH-27DEC19-520-P,184.16,0.0,0.002,25.0,0.0,0.0,0.0,0.19985,-0.08048,-1.84057,0.00148,-0.89793
185.94,ETH-27DEC19,1565953140739,open,2.29,0.0,2.138,2.359,2.2436,108.75,0.953,0.0,ETH-27DEC19-600-P,184.16,0.0,0.0,0.0,0.0,0.0,0.0,0.15476,-0.06333,-2.14652,0.00113,-0.92749
184.55,ETH-27SEP19,1565953140739,open,0.02,3742.0,0.003,0.031,0.014263,99.57,0.012,0.0,ETH-27SEP19-300-C,184.16,95.65,0.012,500.0,0.016,200.0,102.38,0.11105,-0.13202,0.01851,0.00285,0.10168
184.55,ETH-27SEP19,1565953140739,open,0.27,1944.0,0.204,0.308,0.257074,95.63,0.26,0.0,ETH-27SEP19-220-P,184.16,56.16,0.212,25.0,0.308,25.0,134.69,0.23196,-0.26486,-0.19168,0.00621,-0.64821
184.55,ETH-27SEP19,1565953140739,open,0.87,446.0,0.791,0.913,0.849448,101.91,0.669,0.0,ETH-27SEP19-340-P,184.16,0.0,0.815,25.0,0.923,25.0,192.83,0.06962,-0.08472,-0.37992,0.00175,-0.94492
185.94,ETH-27DEC19,1565953140739,open,0.2,685.0,0.146,0.25,0.202722,96.93,0.197,0.0,ETH-27DEC19-200-C,184.16,94.1,0.196,30.0,0.213,30.0,101.27,0.44131,-0.16097,0.24632,0.00362,0.56662
184.55,ETH-27SEP19,1565953140739,open,0.0,3419.0,0.001,0.011,0.000564,130.0,0.001,0.0,ETH-27SEP19-640-C,184.16,0.0,0.0,0.0,0.002,737.0,148.57,0.0084,-0.01304,0.00086,0.00017,0.00461
184.55,ETH-27SEP19,1565953140739,open,0.0,7916.0,0.001,0.011,0.000154,130.0,0.001,0.0,ETH-27SEP19-760-C,184.16,0.0,0.0,0.0,0.002,400.0,165.11,0.00282,-0.00438,0.00026,6e-05,0.00138
185.94,ETH-27DEC19,1565953140739,open,2.5,0.0,2.345,2.577,2.456028,109.57,None,0.0,ETH-27DEC19-640-P,184.16,0.0,0.0,0.0,0.0,0.0,0.0,0.13691,-0.05645,-2.2975,0.00099,-0.93812
184.55,ETH-27SEP19,1565953140739,open,2.29,27.0,2.157,2.353,2.252039,130.0,1.044,0.0,ETH-27SEP19-600-P,184.16,0.0,0.0,0.0,0.0,0.0,0.0,0.01218,-0.0189,-0.68707,0.00024,-0.993
184.55,ETH-27SEP19,1565953140739,open,3.17,0.0,2.999,3.245,3.118279,130.0,None,0.0,ETH-27SEP19-760-P,184.16,0.0,0.0,0.0,0.0,0.0,0.0,0.00282,-0.00438,-0.87167,6e-05,-0.99862
185.94,ETH-27DEC19,1565953140739,open,0.07,4407.0,0.031,0.091,0.060228,96.91,0.052,0.0,ETH-27DEC19-120-P,184.16,90.2,0.051,314.0,0.059,50.0,96.04,0.26026,-0.09491,-0.14154,0.00213,-0.14887
184.54,ETH-27SEP19,1565953140739,open,0.04,2212.0,0.018,0.073,0.044095,96.45,0.046,0.0,ETH-27SEP19-240-C,184.16,93.61,0.041,418.0,0.048,418.0,99.96,0.20306,-0.23385,0.04587,0.00539,0.26076
184.54,ETH-27SEP19,1565953140740,open,0.01,2752.0,0.001,0.015,0.005155,103.14,0.008,0.0,ETH-27SEP19-360-C,184.16,94.68,0.003,500.0,0.007,200.0,108.76,0.05505,-0.06779,0.00761,0.00137,0.04109
185.93,ETH-27DEC19,1565953140740,open,0.01,1699.0,0.001,0.026,0.010279,111.3,0.009,0.0,ETH-27DEC19-720-C,184.16,107.11,0.008,50.0,0.013,150.0,115.61,0.10907,-0.04568,0.02448,0.00078,0.04645
185.93,ETH-27DEC19,1565953140740,open,0.03,1151.0,0.009,0.059,0.030251,106.06,0.03,0.0,ETH-27DEC19-480-C,184.16,103.33,0.027,50.0,0.034,350.0,109.03,0.22781,-0.09092,0.0625,0.00171,0.12259
184.54,ETH-27SEP19,1565953140740,open,0.01,1897.0,0.001,0.013,0.003728,104.12,0.004,0.0,ETH-27SEP19-380-C,184.16,95.23,0.002,600.0,0.005,200.0,109.05,0.04326,-0.05378,0.00569,0.00106,0.03062
184.3,SYN.ETH-30AUG19,1565953140739,open,0.0,0.002,0.028,0.011592,94.82,None,0.0,ETH-30AUG19-230-C,184.16,90.93,0.01,250.0,0.014,250.0,100.3,0.07777,-0.26571,0.0086,0.00635,0.13438
185.93,ETH-27DEC19,1565953140740,open,0.82,101.0,0.719,0.883,0.801183,101.37,0.513,0.0,ETH-27DEC19-320-P,184.16,55.87,0.731,15.0,0.852,15.0,124.85,0.37784,-0.14413,-1.02942,0.00296,-0.71968
184.23,SYN.ETH-23AUG19,1565953140739,open,0.0,125.0,0.001,0.011,0.001032,116.17,0.001,0.0,ETH-23AUG19-260-C,184.16,0.0,0.0,0.0,0.002,350.0,128.41,0.01158,-0.0978,0.00061,0.00156,0.01872
184.54,ETH-27SEP19,1565953140740,open,2.51,0.0,2.367,2.576,2.468458,125.22,None,0.0,ETH-27SEP19-640-P,184.16,0.0,0.0,0.0,0.0,0.0,0.0,0.00617,-0.00923,-0.73365,0.00013,-0.99674
184.23,SYN.ETH-23AUG19,1565953140739,open,0.08,330.0,0.033,0.104,0.068187,91.8,0.06,0.0,ETH-23AUG19-190-P,184.16,89.59,0.067,150.0,0.075,150.0,104.41,0.09922,-0.66237,-0.02222,0.01691,-0.57208
184.54,ETH-27SEP19,1565953140740,open,0.02,2085.0,0.006,0.041,0.020558,98.43,0.025,0.0,ETH-27SEP19-280-C,184.16,94.93,0.018,496.0,0.023,200.0,101.61,0.1386,-0.1629,0.02513,0.0036,0.13923
184.54,ETH-27SEP19,1565953140740,open,2.95,0.0,2.788,3.022,2.901616,110.13,None,0.0,ETH-27SEP19-720-P,184.16,0.0,0.0,0.0,0.0,0.0,0.0,0.00062,-0.00082,-0.82599,1e-05,-0.99973
184.54,ETH-27SEP19,1565953140740,open,0.98,233.0,0.895,1.022,0.955845,102.78,0.634,0.0,ETH-27SEP19-360-P,184.16,0.0,0.885,25.0,1.014,25.0,186.03,0.05436,-0.06671,-0.40552,0.00135,-0.95955
184.54,ETH-27SEP19,1565953140741,open,0.09,1560.0,0.057,0.132,0.096045,95.49,0.092,0.0,ETH-27SEP19-200-C,184.16,91.74,0.091,120.0,0.1,120.0,98.42,0.24842,-0.28324,0.07818,0.00666,0.46533
184.3,SYN.ETH-30AUG19,1565953140739,open,0.08,769.0,0.048,0.116,0.083665,93.01,0.082,0.0,ETH-30AUG19-180-C,184.16,85.55,0.078,150.0,0.086,150.0,96.09,0.1399,-0.46891,0.03529,0.01165,0.58735
184.54,ETH-27SEP19,1565953140741,open,0.12,5902.0,0.072,0.154,0.113925,94.7,0.128,0.0,ETH-27SEP19-180-P,184.16,90.95,0.109,120.0,0.119,120.0,98.56,0.2424,-0.27408,-0.11006,0.00655,-0.40593
185.93,ETH-27DEC19,1565953140741,open,0.04,654.0,0.013,0.069,0.037591,104.94,0.032,0.0,ETH-27DEC19-440-C,184.16,102.3,0.034,50.0,0.042,349.0,108.02,0.25952,-0.10248,0.0749,0.00197,0.14825
184.54,ETH-27SEP19,1565953140741,open,0.07,7857.0,0.033,0.096,0.064114,94.88,0.063,0.0,ETH-27SEP19-160-P,184.16,91.21,0.06,160.0,0.067,160.0,97.44,0.2077,-0.23529,-0.07131,0.0056,-0.27269
184.54,ETH-27SEP19,1565953140741,open,0.56,1157.0,0.482,0.596,0.537762,98.32,0.359,0.0,ETH-27SEP19-280-P,184.16,0.0,0.483,25.0,0.586,25.0,147.87,0.13837,-0.16244,-0.29617,0.0036,-0.86112
184.54,ETH-27SEP19,1565953140741,open,0.01,1928.0,0.001,0.019,0.007128,101.92,0.008,0.0,ETH-27SEP19-340-C,184.16,95.69,0.005,500.0,0.009,200.0,106.56,0.06961,-0.08471,0.01015,0.00175,0.05508
184.54,ETH-27SEP19,1565953140741,open,1.86,12.0,1.736,1.908,1.81957,125.93,1.193,0.0,ETH-27SEP19-520-P,184.16,0.0,0.0,0.0,0.0,0.0,0.0,0.02143,-0.03222,-0.59413,0.00044,-0.98664
184.54,ETH-27SEP19,1565953140741,open,2.08,24.0,1.947,2.13,2.035815,128.15,1.356,0.0,ETH-27SEP19-560-P,184.16,0.0,0.0,0.0,0.0,0.0,0.0,0.01613,-0.02467,-0.6407,0.00032,-0.99037
184.3,SYN.ETH-30AUG19,1565953140739,open,0.0,0.123,0.209,0.16671,93.89,None,0.0,ETH-30AUG19-210-P,184.16,32.9,0.14,2.0,0.0,0.0,0.0,0.11816,-0.3998,-0.06303,0.00975,-0.73292
185.93,ETH-27DEC19,1565953140742,open,1.64,21.0,1.518,1.712,1.61159,105.83,0.629,0.0,ETH-27DEC19-480-P,184.16,0.0,0.001,7.0,0.0,0.0,0.0,0.22679,-0.09032,-1.68524,0.0017,-0.87819
185.93,ETH-27DEC19,1565953140742,open,2.72,0.0,2.553,2.796,2.66907,110.16,None,0.0,ETH-27DEC19-680-P,184.16,0.0,0.0,0.0,0.0,0.0,0.0,0.12077,-0.05006,-2.44775,0.00087,-0.94723
184.23,SYN.ETH-23AUG19,1565953140739,open,0.23,0.0,0.217,0.266,0.241558,106.26,None,0.0,ETH-23AUG19-140-C,184.16,0.0,0.0,0.0,0.0,0.0,0.0,0.01491,-0.11522,0.02544,0.00219,0.97473
185.93,ETH-27DEC19,1565953140742,open,0.06,407.0,0.026,0.1,0.061266,102.69,0.058,0.0,ETH-27DEC19-360-C,184.16,99.73,0.056,40.0,0.066,279.0,105.28,0.33615,-0.12989,0.11059,0.0026,0.22464
184.3,SYN.ETH-30AUG19,1565953140739,open,6.0,0.001,0.011,0.001874,95.8,0.001,0.0,ETH-30AUG19-130-P,184.16,0.0,0.0,0.0,0.003,250.0,104.36,0.02092,-0.07221,-0.00187,0.00169,-0.02488
184.23,SYN.ETH-23AUG19,1565953140739,open,0.09,72.0,0.062,0.129,0.097659,94.7,0.108,0.0,ETH-23AUG19-170-C,184.16,76.2,0.09,50.0,0.098,50.0,95.48,0.07986,-0.54995,0.02274,0.01319,0.75287
184.3,SYN.ETH-30AUG19,1565953140739,open,0.0,3920.0,0.001,0.011,0.000451,130.0,0.001,0.0,ETH-30AUG19-360-C,184.16,0.0,0.0,0.0,0.002,350.0,155.47,0.00607,-0.02842,0.00039,0.00036,0.00595
184.23,SYN.ETH-23AUG19,1565953140739,open,0.0,23.0,0.001,0.011,0.000697,129.92,0.002,0.0,ETH-23AUG19-280-C,184.16,0.0,0.0,0.0,0.002,350.0,150.44,0.00787,-0.0744,0.00039,0.00095,0.01196
184.3,SYN.ETH-30AUG19,1565953140741,open,0.24,0.0,0.219,0.271,0.245218,94.89,None,0.0,ETH-30AUG19-140-C,184.16,0.0,0.0,0.0,0.0,0.0,0.0,0.04125,-0.14106,0.04887,0.00337,0.94276
184.23,SYN.ETH-23AUG19,1565953140739,open,0.02,147.0,0.004,0.044,0.020407,94.7,0.022,0.0,ETH-23AUG19-170-P,184.16,89.08,0.018,200.0,0.023,442.0,100.62,0.07986,-0.54995,-0.00928,0.01319,-0.24713
184.3,SYN.ETH-30AUG19,1565953140739,open,0.03,3212.0,0.006,0.044,0.021938,94.75,0.026,0.0,ETH-30AUG19-160-P,184.16,89.2,0.019,459.0,0.024,200.0,98.54,0.09925,-0.33887,-0.01524,0.00811,-0.19557
184.3,SYN.ETH-30AUG19,1565953140739,open,0.0,0.079,0.149,0.116158,94.75,None,0.0,ETH-30AUG19-170-C,184.16,84.04,0.109,150.0,0.117,150.0,96.0,0.12461,-0.42546,0.04103,0.01018,0.70174
184.23,SYN.ETH-23AUG19,1565953140739,open,0.01,280.0,0.001,0.017,0.004954,91.82,0.004,0.0,ETH-23AUG19-220-C,184.16,81.9,0.003,250.0,0.006,250.0,96.32,0.04083,-0.27262,0.00293,0.00696,0.08932
184.23,SYN.ETH-23AUG19,1565953140739,open,0.0,0.0,0.001,0.011,0.001063,127.23,None,0.0,ETH-23AUG19-270-C,184.16,0.0,0.0,0.0,0.002,300.0,139.72,0.01108,-0.10255,0.00058,0.00136,0.01779
184.3,SYN.ETH-30AUG19,1565953140739,open,0.04,482.0,0.015,0.069,0.040871,93.89,0.033,0.0,ETH-30AUG19-200-C,184.16,87.17,0.036,420.0,0.043,200.0,96.8,0.13459,-0.45538,0.02245,0.0111,0.36124
184.23,SYN.ETH-23AUG19,1565953140739,open,0.18,0.0,0.162,0.216,0.189156,98.11,None,0.0,ETH-23AUG19-150-C,184.16,0.0,0.0,0.0,0.0,0.0,0.0,0.02832,-0.20204,0.02622,0.00451,0.94453
184.3,SYN.ETH-30AUG19,1565953140741,open,0.01,970.0,0.001,0.015,0.004866,94.89,0.001,0.0,ETH-30AUG19-140-P,184.16,85.51,0.003,550.0,0.006,250.0,99.7,0.04125,-0.14106,-0.00435,0.00337,-0.05724
184.23,SYN.ETH-23AUG19,1565953140739,open,0.0,3.0,0.001,0.011,0.000391,129.98,0.002,0.0,ETH-23AUG19-290-C,184.16,0.0,0.0,0.0,0.002,350.0,160.64,0.00497,-0.04697,0.00023,0.0006,0.00707
184.23,SYN.ETH-23AUG19,1565953140739,open,0.0,14.0,0.001,0.011,0.001468,106.26,0.001,0.0,ETH-23AUG19-140-P,184.16,99.8,0.001,2.0,0.002,300.0,112.24,0.01491,-0.11522,-0.00093,0.00219,-0.02527
184.23,SYN.ETH-23AUG19,1565953140739,open,0.0,1299.0,0.001,0.013,0.002979,97.22,0.003,0.0,ETH-23AUG19-230-C,184.16,90.11,0.002,700.0,0.003,250.0,97.36,0.02822,-0.19954,0.00181,0.00454,0.05523
184.23,SYN.ETH-23AUG19,1565953140739,open,0.01,466.0,0.001,0.025,0.008755,95.43,0.012,0.0,ETH-23AUG19-160-P,184.16,89.01,0.007,250.0,0.011,547.0,102.97,0.05254,-0.36458,-0.0047,0.00861,-0.12668
10293.69,BTC-27DEC19,1565953140752,open,2.17,0.3,2.0515,2.203,2.12235877,102.35,1.875,0.0,BTC-27DEC19-32000-P,10087.02,0.0,0.0,0.0,0.0,0.0,0.0,7.71187,-2.97014,-114.63449,2e-05,-0.93673
10141.11,BTC-27SEP19,1565953140757,open,0.85,42.8,0.8425,0.862,0.85208774,134.92,0.815,0.0,BTC-27SEP19-1500-C,10087.02,0.0,0.7825,10.0,0.919,10.0,500.0,0.00082,-0.00132,1.72085,0.0,0.99999
10293.69,BTC-27DEC19,1565953140772,open,0.61,27.7,0.606,0.633,0.61856477,94.96,0.6705,0.0,BTC-27DEC19-4000-C,10087.02,0.0,0.5595,10.0,0.652,0.2,150.22,3.80134,-1.35829,13.30376,1e-05,0.97358
10293.69,BTC-27DEC19,1565953140772,open,0.01,532.8,0.0015,0.0235,0.01132326,93.25,0.009,0.0,BTC-27DEC19-4500-P,10087.02,89.58,0.0095,14.0,0.013,21.0,96.37,5.33929,-1.87343,-1.91885,1e-05,-0.03988
10141.11,BTC-27SEP19,1565953140783,open,0.62,34.4,0.5525,0.64,0.59394353,98.26,0.396,0.0,BTC-27SEP19-16000-P,10087.02,0.0,0.0045,10.0,1.0875,0.2,500.0,6.64042,-7.7905,-17.21462,6e-05,-0.88565
10293.69,BTC-27DEC19,1565953140783,open,1.78,0.1,1.673,1.816,1.73996016,100.41,1.49,0.0,BTC-27DEC19-28000-P,10087.02,0.0,0.001,1.0,0.0,0.0,0.0,9.97739,-3.76985,-99.35179,3e-05,-0.9113
10141.11,BTC-27SEP19,1565953140798,open,0.52,29.7,0.4595,0.548,0.50196276,97.28,0.335,0.0,BTC-27SEP19-15000-P,10087.02,0.0,0.448,4.0,0.557,4.0,150.93,8.11867,-9.43045,-15.69355,7e-05,-0.8469
10293.69,BTC-27DEC19,1565953140802,open,0.04,271.1,0.015,0.058,0.03459115,90.42,0.0355,0.0,BTC-27DEC19-6000-P,10087.02,88.48,0.0325,6.0,0.037,20.9,92.62,11.17232,-3.80149,-5.17286,3e-05,-0.10345
10293.69,BTC-27DEC19,1565953140802,open,0.01,346.2,0.0005,0.022,0.00726588,105.8,0.006,0.0,BTC-27DEC19-40000-C,10087.02,101.7,0.0055,16.0,0.009,14.0,109.24,4.84105,-1.92734,1.05328,1e-05,0.03537
10104.94,SYN.BTC-30AUG19,1565953140804,open,0.0,768.5,0.0005,0.0105,0.0007662,121.54,0.0005,0.0,BTC-30AUG19-18000-C,10087.02,0.0,0.0,0.0,0.0015,5.0,132.32,0.53552,-2.34535,0.03635,1e-05,0.01023
10141.11,BTC-27SEP19,1565953140814,open,0.0,330.4,0.0005,0.0115,0.00153175,106.16,0.0015,0.0,BTC-27SEP19-4750-P,10087.02,91.61,0.0005,21.0,0.0025,39.0,114.51,0.99779,-1.26478,-0.14625,1e-05,-0.01104
10095.9,SYN.BTC-23AUG19,1565953140820,open,0.25,0.0,0.2425,0.276,0.25834743,110.36,None,0.0,BTC-23AUG19-7500-C,10087.02,0.0,0.0,0.0,0.0,0.0,0.0,0.69295,-5.56138,1.37097,3e-05,0.97922
10293.69,BTC-27DEC19,1565953140824,open,0.71,0.0,0.7015,0.721,0.71112276,101.21,None,0.0,BTC-27DEC19-3000-C,10087.02,0.0,0.648,10.0,0.7705,10.0,223.42,1.66292,-0.6333,10.44852,0.0,0.98995
185.93,ETH-27DEC19,1565953140832,open,2.07,0.0,1.931,2.142,2.031945,107.78,0.845,0.0,ETH-27DEC19-560-P,184.16,0.0,0.0,0.0,0.0,0.0,0.0,0.17502,-0.07098,-1.99448,0.00129,-0.9147
10293.69,BTC-27DEC19,1565953140849,open,0.0,208.8,0.0005,0.0115,0.00155879,107.33,0.0015,0.0,BTC-27DEC19-2500-P,10087.02,92.99,0.0005,10.2,0.0025,10.0,115.09,1.06398,-0.42973,-0.28517,0.0,-0.00605
10293.48,BTC-27DEC19,1565953140885,open,0.57,6.5,0.5585,0.592,0.57417158,93.28,0.575,0.0,BTC-27DEC19-4500-C,10087.02,0.0,0.517,10.0,0.626,10.0,158.52,5.34348,-1.87556,14.46096,1e-05,0.96008
10141.11,BTC-27SEP19,1565953140885,open,0.68,0.0,0.67,0.6895,0.67978086,124.95,None,0.0,BTC-27SEP19-3250-C,10087.02,0.0,0.618,10.0,0.7365,10.0,357.12,0.20428,-0.30478,3.70396,0.0,0.99814
10104.94,SYN.BTC-30AUG19,1565953140885,open,0.0,297.1,0.0005,0.0125,0.00279508,106.68,0.0045,0.0,BTC-30AUG19-15000-C,10087.02,96.7,0.0015,40.0,0.004,30.0,113.62,1.56884,-6.03058,0.12874,4e-05,0.03631
10293.48,BTC-27DEC19,1565953140887,open,0.01,394.7,0.0005,0.0255,0.00921641,103.15,0.008,0.0,BTC-27DEC19-36000-C,10087.02,101.85,0.0085,6.0,0.0105,0.3,105.32,5.83502,-2.26473,1.32247,1e-05,0.04451
10293.48,BTC-27DEC19,1565953140887,open,0.84,12.4,0.749,0.882,0.81397083,95.4,0.559,0.0,BTC-27DEC19-18000-P,10087.02,46.79,0.752,4.0,0.878,4.0,125.78,19.62109,-7.04369,-58.70839,5e-05,-0.75273
10104.94,SYN.BTC-30AUG19,1565953140887,open,0.02,538.3,0.004,0.04,0.01873554,94.14,0.0175,0.0,BTC-30AUG19-12000-C,10087.02,90.91,0.017,24.0,0.0205,34.0,97.34,5.502,-18.66511,0.69311,0.00015,0.19917
10293.48,BTC-27DEC19,1565953140902,open,0.58,206.6,0.493,0.623,0.55815476,93.67,0.454,0.0,BTC-27DEC19-15000-P,10087.02,77.56,0.5235,4.0,0.6185,4.0,119.7,23.01933,-8.11405,-45.24917,6e-05,-0.64937
10141.11,BTC-27SEP19,1565953140902,open,0.01,560.6,0.0005,0.0155,0.0057149,96.52,0.007,0.0,BTC-27SEP19-6000-P,10087.02,91.95,0.0045,39.0,0.007,44.0,100.82,2.86712,-3.30429,-0.514,3e-05,-0.03846
10141.11,BTC-27SEP19,1565953140925,open,0.01,449.1,0.0005,0.023,0.00869574,100.96,0.0085,0.0,BTC-27SEP19-18000-C,10087.02,98.09,0.0075,24.0,0.01,0.1,103.85,4.40292,-5.30754,0.66576,4e-05,0.06592
10293.48,BTC-27DEC19,1565953140939,open,0.0,282.7,0.0005,0.016,0.00456425,109.49,0.0045,0.0,BTC-27DEC19-48000-C,10087.02,105.92,0.0035,1.0,0.0055,14.0,112.18,3.35059,-1.38044,0.68069,1e-05,0.02273
10104.94,SYN.BTC-30AUG19,1565953140971,open,0.21,23.0,0.195,0.24,0.2171243,97.19,0.2,0.0,BTC-30AUG19-8000-C,10087.02,0.0,0.18,1.0,0.0,0.0,0.0,3.25695,-11.40633,2.65325,9e-05,0.90781
10141.1,BTC-27SEP19,1565953141010,open,0.0,406.8,0.0005,0.0105,2.525e-05,124.91,0.0005,0.0,BTC-27SEP19-2500-P,10087.02,0.0,0.0,0.0,0.001,15.0,178.27,0.02781,-0.04147,-0.00279,0.0,-0.00021
10141.1,BTC-27SEP19,1565953141022,open,0.58,9.2,0.5725,0.592,0.58217245,117.07,0.574,0.0,BTC-27SEP19-4250-C,10087.02,0.0,0.5245,10.0,0.633,10.0,272.75,0.78522,-1.09763,4.76365,1e-05,0.99161
10293.48,BTC-27DEC19,1565953141031,open,0.27,220.4,0.2025,0.3155,0.26042794,91.32,0.256,0.0,BTC-27DEC19-11000-P,10087.02,89.46,0.256,3.6,0.2655,5.0,93.46,24.48103,-8.41281,-26.18692,7e-05,-0.4384
10141.1,BTC-27SEP19,1565953141031,open,0.0,125.2,0.0005,0.0105,0.00051591,118.55,0.0005,0.0,BTC-27SEP19-3750-P,10087.02,0.0,0.0,0.0,0.001,2.0,128.65,0.3795,-0.53718,-0.04905,0.0,-0.0037
10293.48,BTC-27DEC19,1565953141033,open,0.66,4.0,0.6545,0.676,0.66424092,97.15,0.64,0.0,BTC-27DEC19-3500-C,10087.02,0.0,0.603,10.0,0.666,3.0,103.56,2.54489,-0.93031,11.96562,1e-05,0.98356
10293.48,BTC-27DEC19,1565953141035,open,0.8,0.0,0.797,0.8165,0.80687689,119.2,None,0.0,BTC-27DEC19-2000-C,10087.02,0.0,0.739,10.0,0.871,10.0,307.04,0.76456,-0.34295,7.08039,0.0,0.99582
10293.48,BTC-27DEC19,1565953141051,open,0.85,0.1,0.845,0.8645,0.85473918,125.08,0.84,0.0,BTC-27DEC19-1500-C,10087.02,0.0,0.785,10.0,0.9,0.1,318.74,0.33933,-0.15972,5.37968,0.0,0.9983
10293.48,BTC-27DEC19,1565953141055,open,1.21,4.9,1.1115,1.246,1.17555085,97.19,1.0385,0.0,BTC-27DEC19-22000-P,10087.02,0.0,1.0975,4.0,1.259,4.0,141.9,14.99738,-5.48478,-75.59697,4e-05,-0.84184
10141.1,BTC-27SEP19,1565953141059,open,0.0,471.8,0.0005,0.013,0.00304638,106.85,0.0035,0.0,BTC-27SEP19-22000-C,10087.02,100.83,0.002,20.0,0.004,24.0,111.24,2.01175,-2.56658,0.25615,2e-05,0.02506
10293.48,BTC-27DEC19,1565953141059,open,0.15,480.1,0.098,0.19,0.14454883,90.42,0.145,0.0,BTC-27DEC19-9000-P,10087.02,88.26,0.14,4.9,0.148,4.9,92.06,21.65584,-7.36811,-16.72991,6e-05,-0.30191
10293.48,BTC-27DEC19,1565953141072,open,0.02,160.2,0.007,0.052,0.0245295,99.53,0.0245,0.0,BTC-27DEC19-26000-C,10087.02,98.6,0.0235,6.0,0.0265,14.0,101.27,11.44868,-4.288,3.0906,3e-05,0.10701
10293.48,BTC-27DEC19,1565953141072,open,0.1,415.3,0.0605,0.138,0.09903705,90.42,0.096,0.0,BTC-27DEC19-8000-P,10087.02,87.95,0.0945,12.9,0.101,9.9,91.49,18.91464,-6.43554,-12.3758,5e-05,-0.23122
10141.1,BTC-27SEP19,1565953141074,open,0.75,55.9,0.744,0.7635,0.75350464,125.25,0.689,0.0,BTC-27SEP19-2500-C,10087.02,0.0,0.6885,10.0,0.8145,10.0,448.48,0.02867,-0.04287,2.86531,0.0,0.99978
10293.48,BTC-27DEC19,1565953141078,open,3.34,0.0,3.1915,3.3775,3.27981782,106.6,3.46,0.0,BTC-27DEC19-44000-P,10087.02,0.0,0.0,0.0,0.0,0.0,0.0,3.79594,-1.52265,-159.38804,1e-05,-0.97363
10141.1,BTC-27SEP19,1565953141130,open,0.0,586.8,0.0005,0.0105,0.00013146,124.91,0.0005,0.0,BTC-27SEP19-3000-P,10087.02,0.0,0.0,0.0,0.001,15.0,155.84,0.11558,-0.17238,-0.01316,0.0,-0.001
10141.1,BTC-27SEP19,1565953141130,open,0.0,49.2,0.0005,0.0105,0.00025766,124.91,0.0015,0.0,BTC-27SEP19-3250-P,10087.02,0.0,0.0,0.0,0.002,15.0,160.87,0.20373,-0.30384,-0.02462,0.0,-0.00186
10141.1,BTC-27SEP19,1565953141130,open,0.26,91.6,0.2025,0.292,0.24762297,93.41,0.2205,0.0,BTC-27SEP19-12000-P,10087.02,50.78,0.1995,4.0,0.267,9.0,108.51,12.77877,-14.25187,-10.39378,0.00012,-0.64572
10293.48,BTC-27DEC19,1565953141130,open,0.0,384.0,0.0005,0.0125,0.00255721,101.17,0.002,0.0,BTC-27DEC19-3000-P,10087.02,93.48,0.0015,18.0,0.0035,10.0,106.45,1.66039,-0.63208,-0.47188,0.0,-0.01004
10293.48,BTC-27DEC19,1565953141132,open,1.4,0.0,1.297,1.4335,1.36132201,97.87,None,0.0,BTC-27DEC19-24000-P,10087.02,0.0,0.006,1.0,2.136,0.2,500.0,12.9609,-4.773,-83.70821,3e-05,-0.87252
10293.48,BTC-27DEC19,1565953141132,open,4.13,0.8,3.9535,4.1665,4.05528715,110.44,3.59,0.0,BTC-27DEC19-52000-P,10087.02,0.0,0.001,1.0,0.0,0.0,0.0,2.74544,-1.14093,-188.76184,1e-05,-0.98203
10141.1,BTC-27SEP19,1565953141134,open,0.55,289.7,0.5475,0.5685,0.55782458,113.41,0.588,0.0,BTC-27SEP19-4500-C,10087.02,0.0,0.5015,10.0,0.607,10.0,255.29,0.95673,-1.29548,5.02219,1e-05,0.98948
10293.48,BTC-27DEC19,1565953141134,open,0.76,0.0,0.749,0.7685,0.75869652,107.43,None,0.0,BTC-27DEC19-2500-C,10087.02,0.0,0.693,10.0,0.8205,10.0,258.57,1.06841,-0.43189,8.81447,0.0,0.99392
10293.48,BTC-27DEC19,1565953141159,open,0.03,103.1,0.0095,0.044,0.02464254,90.9,0.023,0.0,BTC-27DEC19-5500-P,10087.02,88.43,0.0225,6.0,0.027,21.0,93.53,9.07926,-3.10563,-3.85542,3e-05,-0.07824
10104.94,SYN.BTC-30AUG19,1565953141159,open,0.01,1357.0,0.0005,0.023,0.0088158,97.19,0.0095,0.0,BTC-30AUG19-8000-P,10087.02,92.96,0.0075,38.0,0.01,30.0,100.77,3.25691,-11.4061,-0.38799,9e-05,-0.09219
10095.9,SYN.BTC-23AUG19,1565953141375,open,0.0,64.6,0.0005,0.0105,0.00052444,119.62,0.001,0.0,BTC-23AUG19-15000-C,10087.02,0.0,0.0,0.0,0.001,8.0,129.94,0.36671,-3.19001,0.01787,2e-05,0.00992
10095.9,SYN.BTC-23AUG19,1565953141403,open,0.02,85.9,0.0015,0.0295,0.01189161,92.44,0.0115,0.0,BTC-23AUG19-9000-P,10087.02,91.29,0.0115,26.0,0.0125,0.1,94.2,3.45647,-23.23519,-0.33879,0.00019,-0.16625
10095.9,SYN.BTC-23AUG19,1565953141670,open,0.2,0.0,0.192,0.23,0.21016463,102.59,None,0.0,BTC-23AUG19-8000-C,10087.02,0.0,0.0,0.0,0.0,0.0,0.0,1.25284,-9.34622,1.42141,6e-05,0.95756
10104.94,SYN.BTC-30AUG19,1565953141673,open,0.4,0.0075,0.0505,0.02652293,92.31,0.0255,0.0,BTC-30AUG19-11500-C,10087.02,89.11,0.0245,24.0,0.0285,10.0,95.38,6.45124,-21.45936,0.91545,0.00018,0.26483
10095.9,SYN.BTC-23AUG19,1565953141675,open,0.0,183.9,0.0005,0.011,0.00122342,110.37,0.001,0.0,BTC-23AUG19-7500-P,10087.02,96.74,0.0005,38.5,0.002,10.0,120.03,0.69304,-5.56231,-0.04185,3e-05,-0.02078
10095.9,SYN.BTC-23AUG19,1565953141706,open,0.36,0.0,0.311,0.37,0.3385603,105.38,None,0.0,BTC-23AUG19-13500-P,10087.02,0.0,0.0,0.0,0.0,0.0,0.0,0.84761,-6.49558,-2.49549,4e-05,-0.9736
10095.9,SYN.BTC-23AUG19,1565953141912,open,0.02,197.2,0.003,0.0405,0.01878399,90.45,0.0195,0.0,BTC-23AUG19-11000-C,10087.02,89.82,0.0185,24.0,0.0195,0.4,92.04,4.53648,-29.84006,0.46779,0.00026,0.26475
10095.9,SYN.BTC-23AUG19,1565953142011,open,0.26,35.2,0.2145,0.2725,0.24152253,96.97,0.162,0.0,BTC-23AUG19-12500-P,10087.02,0.0,0.1965,4.0,0.283,4.0,215.23,1.6929,-11.93725,-2.24329,9e-05,-0.93803
10095.9,SYN.BTC-23AUG19,1565953142022,open,0.07,20.8,0.0545,0.1115,0.08412872,92.44,0.077,0.0,BTC-23AUG19-9500-C,10087.02,84.68,0.0805,6.0,0.086,1.0,96.38,4.77038,-32.06748,1.18348,0.00027,0.70642
10104.94,SYN.BTC-30AUG19,1565953142059,open,0.0,0.0705,0.1315,0.10233015,90.61,None,0.0,BTC-30AUG19-9500-C,10087.02,85.89,0.099,18.0,0.1055,18.0,95.08,7.14188,-23.31913,2.17768,0.0002,0.66922
10104.94,SYN.BTC-30AUG19,1565953142065,open,0.0,0.244,0.2835,0.26275033,101.76,None,0.0,BTC-30AUG19-7500-C,10087.02,0.0,0.0,0.0,0.0,0.0,0.0,2.17899,-7.98968,2.62238,6e-05,0.9454
10293.48,BTC-27DEC19,1565953142195,open,0.15,480.1,0.098,0.19,0.14456726,90.42,0.145,0.0,BTC-27DEC19-9000-P,10087.02,88.26,0.14,4.9,0.148,12.8,92.06,21.65584,-7.36811,-16.72991,6e-05,-0.30191
10293.69,BTC-27DEC19,1565953142196,open,0.16,186.0,0.1105,0.21,0.1619748,91.74,0.1565,0.0,BTC-27DEC19-12000-C,10087.02,90.08,0.158,12.1,0.166,8.5,93.41,24.7775,-8.55338,12.66172,7e-05,0.49987
10095.9,SYN.BTC-23AUG19,1565953142223,open,0.0,194.2,0.0005,0.011,0.00119019,113.53,0.0025,0.0,BTC-23AUG19-14000-C,10087.02,100.95,0.0005,1.0,0.0015,1.0,117.56,0.71836,-5.93067,0.03897,3e-05,0.02168
10095.9,SYN.BTC-23AUG19,1565953142276,open,0.0,36.5,0.0005,0.0125,0.00256568,102.59,0.004,0.0,BTC-23AUG19-8000-P,10087.02,97.71,0.002,30.0,0.0035,0.2,109.49,1.25288,-9.34659,-0.0856,6e-05,-0.04244
10095.9,SYN.BTC-23AUG19,1565953142351,open,0.0,12.1,0.0005,0.0105,0.00042342,124.91,0.0005,0.0,BTC-23AUG19-15500-C,10087.02,0.0,0.0,0.0,0.0015,55.0,146.96,0.29928,-2.71836,0.01416,1e-05,0.00787
10095.9,SYN.BTC-23AUG19,1565953142358,open,0.12,137.5,0.077,0.14,0.10833543,90.45,0.129,0.0,BTC-23AUG19-11000-P,10087.02,87.46,0.107,6.0,0.114,6.0,102.71,4.53649,-29.84026,-1.60434,0.00026,-0.73525
10095.9,SYN.BTC-23AUG19,1565953142437,open,0.0,114.9,0.0005,0.0115,0.00182939,98.5,0.002,0.0,BTC-23AUG19-13000-C,10087.02,95.27,0.0015,30.0,0.002,0.1,100.04,1.08923,-7.80242,0.06449,6e-05,0.03574
10095.9,SYN.BTC-23AUG19,1565953142479,open,0.03,245.6,0.006,0.049,0.02510536,92.44,0.0235,0.0,BTC-23AUG19-9500-P,10087.02,93.28,0.0255,2.5,0.0275,24.0,97.48,4.77039,-32.06799,-0.60609,0.00027,-0.29358
10104.94,SYN.BTC-30AUG19,1565953142535,open,0.0,0.1295,0.2,0.16457945,92.31,None,0.0,BTC-30AUG19-11500-P,10087.02,38.81,0.1395,4.0,0.2035,4.0,147.76,6.4512,-21.45896,-3.45635,0.00018,-0.73517
10095.9,SYN.BTC-23AUG19,1565953142704,open,0.41,0.0,0.3595,0.42,0.38789197,113.53,None,0.0,BTC-23AUG19-14000-P,10087.02,0.0,0.0,0.0,0.0,0.0,0.0,0.71843,-5.93141,-2.59828,3e-05,-0.97832
184.29,SYN.ETH-30AUG19,1565953142738,open,0.0,0.052,0.128,0.090558,93.85,None,0.0,ETH-30AUG19-190-P,184.15,90.55,0.088,150.0,0.096,150.0,100.86,0.14294,-0.4834,-0.04348,0.0118,-0.53004
185.93,ETH-27DEC19,1565953142741,open,2.93,0.0,2.762,3.014,2.882494,110.94,None,0.0,ETH-27DEC19-720-P,184.15,0.0,0.003,5.0,0.0,0.0,0.0,0.10768,-0.04495,-2.59699,0.00077,-0.95429
184.53,ETH-27SEP19,1565953142742,open,0.19,3054.0,0.13,0.226,0.179762,95.42,0.183,0.0,ETH-27SEP19-200-P,184.15,91.13,0.174,120.0,0.185,120.0,99.3,0.2484,-0.28299,-0.15129,0.00666,-0.53487
184.29,SYN.ETH-30AUG19,1565953142739,open,0.0,0.027,0.09,0.059607,93.92,None,0.0,ETH-30AUG19-190-C,184.15,86.69,0.054,150.0,0.062,150.0,97.01,0.14294,-0.48377,0.02875,0.01179,0.47003
184.53,ETH-27SEP19,1565953142750,open,0.01,2040.0,0.001,0.024,0.010059,100.84,0.014,0.0,ETH-27SEP19-320-C,184.15,96.27,0.008,500.0,0.012,200.0,104.71,0.08829,-0.10631,0.01371,0.00224,0.0748
10095.9,SYN.BTC-23AUG19,1565953142800,open,0.56,0.0,0.5055,0.5695,0.53570045,124.91,None,0.0,BTC-23AUG19-15500-P,10087.02,0.0,0.0,0.0,0.0,0.0,0.0,0.29941,-2.71979,-2.90565,1e-05,-0.99213
10095.9,SYN.BTC-23AUG19,1565953142824,open,0.01,211.6,0.001,0.0285,0.01084921,92.83,0.009,0.0,BTC-23AUG19-11500-C,10087.02,91.82,0.0105,24.0,0.012,0.5,96.1,3.49268,-23.57889,0.3007,0.0002,0.16896
10095.9,SYN.BTC-23AUG19,1565953142915,open,0.31,0.0,0.2625,0.32,0.28948109,98.51,None,0.0,BTC-23AUG19-13000-P,10087.02,0.0,0.0,0.0,0.0,0.0,0.0,1.08931,-7.80316,-2.38438,6e-05,-0.96426
10104.94,SYN.BTC-30AUG19,1565953142924,open,40.0,0.0005,0.0155,0.00496111,101.75,0.005,0.0,BTC-30AUG19-7500-P,10087.02,97.05,0.004,30.0,0.006,30.0,106.34,2.17888,-7.98913,-0.22878,6e-05,-0.05459
10095.9,SYN.BTC-23AUG19,1565953143056,open,0.05,203.2,0.0255,0.081,0.05385676,89.9,0.055,0.0,BTC-23AUG19-10000-C,10087.02,86.48,0.052,5.0,0.056,10.0,93.85,5.47481,-35.79271,0.95364,0.00032,0.55529
10104.94,SYN.BTC-30AUG19,1565953143224,open,1.2,0.002,0.031,0.01285631,95.13,0.012,0.0,BTC-30AUG19-12500-C,10087.02,92.02,0.0115,30.0,0.0145,40.0,98.72,4.50973,-15.45834,0.51116,0.00012,0.14592
10095.9,SYN.BTC-23AUG19,1565953143314,open,0.01,58.6,0.0005,0.0175,0.00524944,95.16,0.0045,0.0,BTC-23AUG19-8500-P,10087.02,93.96,0.005,30.0,0.0055,0.1,96.34,2.12522,-14.70661,-0.16855,0.00012,-0.08338
10104.95,SYN.BTC-30AUG19,1565953143376,open,10.0,0.0255,0.0825,0.05389681,90.61,0.0535,0.0,BTC-30AUG19-10500-C,10087.02,86.85,0.051,18.0,0.0565,10.0,93.98,7.79518,-25.45181,1.51693,0.00022,0.44878
185.93,ETH-27DEC19,1565953143510,open,1.02,242.0,0.913,1.084,0.997461,102.68,0.889,0.0,ETH-27DEC19-360-P,184.15,0.0,0.921,15.0,1.072,15.0,138.85,0.33612,-0.12987,-1.19998,0.0026,-0.77539
10293.11,BTC-27DEC19,1565953143528,open,0.05,205.9,0.023,0.075,0.04725094,90.42,0.0515,0.0,BTC-27DEC19-6500-P,10087.02,88.27,0.0445,6.0,0.049,6.0,91.77,13.30142,-4.52569,-6.72985,4e-05,-0.13235
10141.12,BTC-27SEP19,1565953143528,open,0.0,287.2,0.0005,0.0115,0.00197013,109.81,0.002,0.0,BTC-27SEP19-24000-C,10087.02,101.17,0.001,16.0,0.003,39.0,116.16,1.41743,-1.85842,0.16997,1e-05,0.01658
10293.11,BTC-27DEC19,1565953143529,open,0.34,101.8,0.2665,0.3865,0.32773725,91.72,0.323,0.0,BTC-27DEC19-12000-P,10087.02,89.96,0.3235,3.6,0.33,0.1,92.66,24.7761,-8.55079,-31.02496,7e-05,-0.50023
10141.12,BTC-27SEP19,1565953143528,open,0.45,221.9,0.4475,0.476,0.46112445,100.03,0.4675,0.0,BTC-27SEP19-5500-C,10087.02,0.0,0.4575,3.0,0.5055,5.0,199.61,1.94779,-2.32628,5.98908,2e-05,0.97588
10293.11,BTC-27DEC19,1565953143528,open,0.38,51.5,0.346,0.4165,0.38219798,90.44,0.377,0.0,BTC-27DEC19-7000-C,10087.02,50.34,0.332,10.0,0.425,10.0,117.88,15.33705,-5.21974,17.0161,4e-05,0.83631
10141.12,BTC-27SEP19,1565953143528,open,0.06,621.5,0.033,0.097,0.06432334,93.41,0.06,0.0,BTC-27SEP19-12000-C,10087.02,92.36,0.063,19.3,0.066,17.7,94.74,12.77892,-14.25245,3.37364,0.00012,0.35429
10141.12,BTC-27SEP19,1565953143561,open,2.2,0.0,2.094,2.221,2.15621336,124.94,None,0.0,BTC-27SEP19-32000-P,10087.02,0.0,0.0,0.0,0.0,0.0,0.0,0.59632,-0.88957,-36.65012,0.0,-0.99386
10141.12,BTC-27SEP19,1565953143561,open,0.53,13.5,0.5225,0.545,0.53314122,106.16,0.382,0.0,BTC-27SEP19-4750-C,10087.02,0.0,0.478,10.0,0.5815,10.0,239.88,0.99761,-1.26449,5.30336,1e-05,0.98896
10293.11,BTC-27DEC19,1565953143561,open,1.97,0.2,1.862,2.009,1.93084187,101.29,2.03,0.0,BTC-27DEC19-30000-P,10087.02,0.0,0.0,0.0,0.0,0.0,0.0,8.72366,-3.32484,-107.0405,2e-05,-0.92575
10141.12,BTC-27SEP19,1565953143561,open,0.0,1660.1,0.0005,0.0105,1e-07,124.91,0.0005,0.0,BTC-27SEP19-1500-P,10087.02,0.0,0.0,0.0,0.0005,20.0,223.03,0.00019,-0.00028,-1e-05,0.0,0.0
10141.12,BTC-27SEP19,1565953143561,open,0.63,0.0,0.621,0.6405,0.6307339,118.54,None,0.0,BTC-27SEP19-3750-C,10087.02,0.0,0.5715,10.0,0.674,10.0,287.22,0.37931,-0.53687,4.25327,0.0,0.9963
10141.12,BTC-27SEP19,1565953143561,open,0.0,1067.6,0.0005,0.011,0.0012575,117.05,0.0005,0.0,BTC-27SEP19-4250-P,10087.02,104.08,0.0005,11.1,0.002,39.0,125.23,0.78455,-1.09649,-0.11217,1e-05,-0.00838
10141.12,BTC-27SEP19,1565953143561,open,0.0,761.0,0.0005,0.0105,0.00074024,124.89,0.0005,0.0,BTC-27SEP19-32000-C,10087.02,0.0,0.0,0.0,0.0015,25.0,134.7,0.59446,-0.88643,0.0626,0.0,0.00612
10104.95,SYN.BTC-30AUG19,1565953143561,open,0.0,451.2,0.0005,0.0115,0.00153573,109.93,0.0015,0.0,BTC-30AUG19-16000-C,10087.02,103.65,0.001,0.2,0.002,0.5,114.28,0.98714,-3.91017,0.07409,2e-05,0.02082
10104.95,SYN.BTC-30AUG19,1565953143566,open,0.51,0.0,0.456,0.523,0.48721706,106.68,None,0.0,BTC-30AUG19-15000-P,10087.02,0.0,0.0,0.0,0.0,0.0,0.0,1.56899,-6.03132,-5.57359,4e-05,-0.96369
10293.11,BTC-27DEC19,1565953143570,open,0.02,296.0,0.004,0.039,0.01643508,101.48,0.015,0.0,BTC-27DEC19-30000-C,10087.02,99.75,0.015,6.0,0.0185,14.0,103.82,8.7731,-3.35006,2.18691,2e-05,0.0748
10141.12,BTC-27SEP19,1565953143570,open,0.0,419.5,0.0005,0.0105,0.00079809,117.35,0.001,0.0,BTC-27SEP19-4000-P,10087.02,0.0,0.0,0.0,0.001,1.0,120.82,0.54533,-0.76408,-0.0739,0.0,-0.00555
10104.95,SYN.BTC-30AUG19,1565953143577,open,0.41,13.0,0.3595,0.426,0.39056622,102.7,0.2895,0.0,BTC-30AUG19-14000-P,10087.02,0.0,0.0,0.0,0.0,0.0,0.0,2.44585,-9.05183,-5.0988,6e-05,-0.93674
10293.11,BTC-27DEC19,1565953143585,open,1.59,0.0,1.4845,1.6245,1.55034742,99.41,None,0.0,BTC-27DEC19-26000-P,10087.02,0.0,0.0045,10.0,2.3235,0.2,500.0,11.41403,-4.26958,-91.57192,3e-05,-0.89344
10141.12,BTC-27SEP19,1565953143587,open,0.6,227.5,0.5965,0.616,0.60636395,117.34,0.7065,0.0,BTC-27SEP19-4000-C,10087.02,0.0,0.548,10.0,0.6585,10.0,290.5,0.54515,-0.76378,4.51524,0.0,0.99445
10141.12,BTC-27SEP19,1565953143610,open,0.0,422.0,0.0005,0.0105,0.00046735,124.91,0.0005,0.0,BTC-27SEP19-3500-P,10087.02,0.0,0.0,0.0,0.0015,45.0,144.79,0.33351,-0.49739,-0.04272,0.0,-0.0032
10104.95,SYN.BTC-30AUG19,1565953143613,open,0.0,0.148,0.2,0.17429662,93.86,None,0.0,BTC-30AUG19-8500-C,10087.02,0.0,0.05,1.0,0.0,0.0,0.0,4.59302,-15.53483,2.59582,0.00013,0.85004
10104.95,SYN.BTC-30AUG19,1565953143616,open,0.22,58.2,0.172,0.242,0.20627312,94.14,0.23,0.0,BTC-30AUG19-12000-P,10087.02,86.96,0.2025,4.8,0.232,0.1,135.48,5.50204,-18.66532,-3.86875,0.00015,-0.80083
10293.11,BTC-27DEC19,1565953143625,open,0.11,431.7,0.07,0.165,0.11771037,93.07,0.126,0.0,BTC-27DEC19-14000-C,10087.09,91.69,0.1145,4.9,0.1215,8.9,94.7,23.90893,-8.37357,10.38139,7e-05,0.39476
10141.12,BTC-27SEP19,1565953143625,open,0.5,789.2,0.4975,0.522,0.50898201,103.93,0.5015,0.0,BTC-27SEP19-5000-C,10087.09,0.0,0.455,10.0,0.5555,10.0,224.53,1.25948,-1.56286,5.54476,1e-05,0.98555
10293.11,BTC-27DEC19,1565953143625,open,0.07,255.0,0.033,0.094,0.06223084,90.42,0.0535,0.0,BTC-27DEC19-7000-P,10087.09,88.24,0.059,4.9,0.064,4.9,91.61,15.33542,-5.21788,-8.46464,4e-05,-0.16367
10293.11,BTC-27DEC19,1565953143625,open,0.21,418.6,0.145,0.249,0.19796398,90.42,0.194,0.0,BTC-27DEC19-10000-P,10087.09,88.68,0.194,4.9,0.203,9.9,92.63,23.49599,-7.9942,-21.3691,7e-05,-0.37231
10141.12,BTC-27SEP19,1565953143625,open,0.0,401.3,0.0005,0.013,0.00347139,100.03,0.0025,0.0,BTC-27SEP19-5500-P,10087.09,94.48,0.0025,23.0,0.0045,44.0,104.99,1.94796,-2.32655,-0.321,2e-05,-0.02412
10293.11,BTC-27DEC19,1565953143625,open,0.66,24.3,0.576,0.707,0.64100229,94.11,0.7285,0.0,BTC-27DEC19-16000-P,10087.09,76.93,0.6065,4.0,0.705,4.0,122.47,21.94138,-7.76991,-49.83623,6e-05,-0.68898
10293.11,BTC-27DEC19,1565953143625,open,0.05,601.1,0.0195,0.0865,0.0494739,96.23,0.0525,0.0,BTC-27DEC19-20000-C,10087.09,95.65,0.0485,4.9,0.0525,18.3,98.02,17.20994,-6.2321,5.51447,5e-05,0.19664
10141.12,BTC-27SEP19,1565953143625,open,0.0,684.0,0.0005,0.0105,0.00084535,120.58,0.0005,0.0,BTC-27SEP19-30000-C,10087.09,0.0,0.0,0.0,0.0015,15.0,128.42,0.67909,-0.97771,0.07295,0.0,0.00712
10141.12,BTC-27SEP19,1565953143625,open,0.65,261.1,0.6455,0.665,0.65533714,124.89,0.714,0.0,BTC-27SEP19-3500-C,10087.09,0.0,0.5945,10.0,0.6965,10.0,299.48,0.33316,-0.49679,3.97281,0.0,0.9968
10141.12,BTC-27SEP19,1565953143625,open,0.41,713.5,0.398,0.4315,0.41406385,96.52,0.362,0.0,BTC-27SEP19-6000-C,10087.09,0.0,0.3645,5.0,0.456,5.0,177.76,2.86701,-3.30411,6.36971,3e-05,0.96154
10293.18,BTC-27DEC19,1565953143625,open,0.0,175.8,0.0005,0.0105,0.00045645,124.9,0.0005,0.0,BTC-27DEC19-1500-P,10087.09,0.0,0.0,0.0,0.0015,10.0,144.94,0.33616,-0.15799,-0.08008,0.0,-0.00168
10141.12,BTC-27SEP19,1565953143625,open,0.0,143.4,0.0005,0.0115,0.00157637,114.91,0.0015,0.0,BTC-27SEP19-26000-C,10087.09,109.01,0.001,1.0,0.002,24.0,118.33,1.15472,-1.58433,0.13365,1e-05,0.01306
10293.18,BTC-27DEC19,1565953143625,open,0.01,159.2,0.003,0.0345,0.0137238,102.44,0.0135,0.0,BTC-27DEC19-32000-C,10087.09,100.77,0.0125,6.0,0.0155,14.0,104.72,7.73294,-2.9809,1.8652,2e-05,0.0635
10293.18,BTC-27DEC19,1565953143626,open,0.48,73.3,0.467,0.5145,0.49033681,90.93,0.4875,0.0,BTC-27DEC19-5500-C,10087.09,0.0,0.437,10.0,0.539,10.0,136.14,9.08325,-3.10799,16.16417,3e-05,0.92171
10293.18,BTC-27DEC19,1565953143626,open,0.41,63.0,0.3835,0.447,0.41578692,90.44,0.4965,0.0,BTC-27DEC19-6500-C,10087.09,0.0,0.365,10.0,0.4605,10.0,122.42,13.30301,-4.52714,16.93125,4e-05,0.86763
10293.18,BTC-27DEC19,1565953143626,open,0.13,263.1,0.0875,0.186,0.1377687,92.41,0.136,0.0,BTC-27DEC19-13000-C,10087.09,91.03,0.1345,3.6,0.1415,13.7,93.97,24.53477,-8.53124,11.48784,7e-05,0.44434
10141.12,BTC-27SEP19,1565953143626,open,1.6,0.0,1.514,1.6205,1.5654008,114.96,None,0.0,BTC-27SEP19-26000-P,10087.09,0.0,0.0,0.0,0.0,0.0,0.0,1.15731,-1.5885,-29.69528,1e-05,-0.9869
10293.18,BTC-27DEC19,1565953143626,open,0.32,204.5,0.2785,0.3615,0.32186951,90.44,0.4065,0.0,BTC-27DEC19-8000-C,10087.09,78.96,0.301,10.0,0.366,10.0,114.18,18.91541,-6.43721,16.74519,5e-05,0.76875
10293.18,BTC-27DEC19,1565953143625,open,0.01,217.0,0.0005,0.018,0.00544502,107.08,0.004,0.0,BTC-27DEC19-44000-C,10087.09,102.84,0.004,16.0,0.007,24.0,110.86,3.88096,-1.56374,0.81079,1e-05,0.02708
10293.18,BTC-27DEC19,1565953143626,open,0.5,275.4,0.413,0.541,0.47777252,93.05,0.4125,0.0,BTC-27DEC19-14000-P,10087.09,78.18,0.444,4.0,0.5315,4.0,115.74,23.90762,-8.37065,-40.58559,7e-05,-0.60533
10293.18,BTC-27DEC19,1565953143626,open,0.19,592.5,0.1395,0.2395,0.19181908,91.34,0.1955,0.0,BTC-27DEC19-11000-C,10087.09,89.32,0.187,3.6,0.1965,18.6,93.31,24.48024,-8.41407,13.85661,7e-05,0.56161
10141.12,BTC-27SEP19,1565953143626,open,0.0,492.7,0.0005,0.0105,2.67e-06,124.91,0.0005,0.0,BTC-27SEP19-2000-P,10087.09,0.0,0.0,0.0,0.001,65.0,206.05,0.00378,-0.00563,-0.00033,0.0,-3e-05
10293.18,BTC-27DEC19,1565953143627,open,1.02,5.7,0.928,1.0615,0.99241476,96.18,0.661,0.0,BTC-27DEC19-20000-P,10087.09,65.58,0.9535,4.0,1.0695,4.0,135.01,17.19788,-6.22409,-67.29921,5e-05,-0.80359
10141.12,BTC-27SEP19,1565953143627,open,0.02,542.3,0.0065,0.0455,0.02283914,97.29,0.0225,0.0,BTC-27SEP19-15000-C,10087.09,96.23,0.022,19.9,0.025,14.7,99.94,8.11933,-9.43173,1.5158,7e-05,0.15312
10293.18,BTC-27DEC19,1565953143626,open,0.0,100.7,0.0005,0.011,0.00116675,119.1,0.0005,0.0,BTC-27DEC19-2000-P,10087.09,0.0,0.0,0.0,0.0015,10.0,123.23,0.7611,-0.34108,-0.19939,0.0,-0.00415
10141.12,BTC-27SEP19,1565953143627,open,0.0,373.6,0.0005,0.0115,0.00156165,113.39,0.002,0.0,BTC-27SEP19-4500-P,10087.09,106.54,0.001,0.1,0.002,24.0,117.67,0.95603,-1.29432,-0.14044,1e-05,-0.01051
10293.18,BTC-27DEC19,1565953143627,open,0.34,91.7,0.311,0.388,0.35089645,90.44,0.449,0.0,BTC-27DEC19-7500-C,10087.09,58.5,0.3015,10.0,0.383,2.5,109.23,17.22002,-5.85998,16.94754,5e-05,0.80317
10293.18,BTC-27DEC19,1565953143627,open,0.26,168.0,0.222,0.314,0.27023653,90.44,0.2575,0.0,BTC-27DEC19-9000-C,10087.09,83.43,0.2555,0.1,0.2755,15.0,92.94,21.65574,-7.36963,16.03183,6e-05,0.69808
10141.12,BTC-27SEP19,1565953143627,open,1.8,0.0,1.707,1.82,1.76204408,116.27,None,0.0,BTC-27SEP19-28000-P,10087.09,0.0,0.0,0.0,0.0,0.0,0.0,0.8031,-1.1149,-32.03537,1e-05,-0.99139
10095.9,SYN.BTC-23AUG19,1565953143625,open,0.61,0.0,0.554,0.619,0.58504035,124.92,None,0.0,BTC-23AUG19-16000-P,10087.09,0.0,0.0,0.0,0.0,0.0,0.0,0.18825,-1.71005,-3.00559,1e-05,-0.99534
10141.12,BTC-27SEP19,1565953143627,open,0.43,71.4,0.369,0.458,0.41249004,95.9,0.2925,0.0,BTC-27SEP19-14000-P,10087.09,0.0,0.3575,4.0,0.4425,9.0,124.01,9.70784,-11.11576,-14.06997,9e-05,-0.79682
10141.12,BTC-27SEP19,1565953143627,open,1.01,0.0,0.9345,1.026,0.97751294,105.08,0.691,0.0,BTC-27SEP19-20000-P,10087.09,0.0,0.0045,10.0,1.435,0.2,499.89,3.06783,-3.84911,-22.5214,2e-05,-0.9582
10141.12,BTC-27SEP19,1565953143627,open,0.17,366.1,0.1445,0.214,0.18071524,91.33,0.17,0.0,BTC-27SEP19-9000-C,10087.09,81.21,0.169,5.0,0.1845,5.0,94.56,11.84067,-12.91164,6.10686,0.00011,0.7056
10141.12,BTC-27SEP19,1565953143627,open,0.24,871.9,0.2155,0.275,0.24590075,91.33,0.235,0.0,BTC-27SEP19-8000-C,10087.09,79.65,0.236,0.1,0.2845,5.0,131.46,8.96402,-9.77471,6.69765,8e-05,0.82156
10141.12,BTC-27SEP19,1565953143627,open,0.07,339.5,0.0375,0.1,0.06819241,91.33,0.066,0.0,BTC-27SEP19-9000-P,10087.09,89.02,0.0655,19.3,0.071,36.2,93.73,11.84069,-12.9118,-4.21868,0.00011,-0.2944
10141.12,BTC-27SEP19,1565953143627,open,0.7,225.7,0.6945,0.714,0.70430586,124.88,0.693,0.0,BTC-27SEP19-3000-C,10087.09,0.0,0.6415,10.0,0.7625,10.0,384.01,0.11539,-0.17206,3.42871,0.0,0.999
10104.95,SYN.BTC-30AUG19,1565953143625,open,0.0,0.0035,0.034,0.01546911,93.86,None,0.0,BTC-30AUG19-8500-P,10087.09,90.58,0.014,30.0,0.017,30.0,97.18,4.59305,-15.53504,-0.63551,0.00013,-0.14997
10141.12,BTC-27SEP19,1565953143627,open,0.03,256.4,0.0115,0.058,0.03197055,95.9,0.027,0.0,BTC-27SEP19-14000-C,10087.09,94.88,0.031,19.3,0.0335,14.2,97.48,9.7077,-11.11543,1.9919,9e-05,0.20317
10293.18,BTC-27DEC19,1565953143627,open,0.53,65.4,0.5115,0.552,0.53119658,91.76,0.608,0.0,BTC-27DEC19-5000-C,10087.09,0.0,0.476,10.0,0.5815,10.0,145.96,7.09975,-2.45134,15.43334,2e-05,0.94306
10293.18,BTC-27DEC19,1565953143627,open,0.22,507.3,0.1755,0.2725,0.22647524,90.43,0.2265,0.0,BTC-27DEC19-10000-C,10087.09,88.47,0.222,3.6,0.2315,18.6,92.64,23.49579,-7.99538,15.03465,7e-05,0.6277
10293.18,BTC-27DEC19,1565953143627,open,0.0,1022.8,0.0005,0.0135,0.00375116,111.2,0.0035,0.0,BTC-27DEC19-52000-C,10087.09,108.27,0.003,1.0,0.0045,20.5,113.73,2.85521,-1.19468,0.56454,1e-05,0.01882
10293.18,BTC-27DEC19,1565953143628,open,0.06,377.0,0.0295,0.1065,0.06535967,95.44,0.067,0.0,BTC-27DEC19-18000-C,10087.09,95.25,0.065,1.2,0.068,15.5,96.82,19.62669,-7.04856,6.82203,5e-05,0.24742
10141.12,BTC-27SEP19,1565953143628,open,1.4,0.2,1.3205,1.4215,1.36857497,109.82,1.6,0.0,BTC-27SEP19-24000-P,10087.09,0.0,0.0,0.0,0.0,0.0,0.0,1.41858,-1.8602,-27.36458,1e-05,-0.98341
10141.12,BTC-27SEP19,1565953143628,open,0.0,571.3,0.0005,0.012,0.00202515,103.93,0.0015,0.0,BTC-27SEP19-5000-P,10087.09,93.77,0.001,23.0,0.003,44.0,110.84,1.25985,-1.56344,-0.19171,1e-05,-0.01445
10141.12,BTC-27SEP19,1565953143628,open,0.01,662.5,0.0005,0.0165,0.00534033,105.07,0.005,0.0,BTC-27SEP19-20000-C,10087.09,102.14,0.0045,1.0,0.006,24.0,107.17,3.06648,-3.84695,0.42397,2e-05,0.04178
10293.18,BTC-27DEC19,1565953143628,open,0.08,207.7,0.0455,0.115,0.07950738,90.42,0.0765,0.0,BTC-27DEC19-7500-P,10087.09,88.02,0.0755,4.9,0.081,4.9,91.31,17.21921,-5.85866,-10.35411,5e-05,-0.19681
10095.9,SYN.BTC-23AUG19,1565953143625,open,0.0,89.2,0.0005,0.011,0.0013834,105.38,0.001,0.0,BTC-23AUG19-13500-C,10087.09,91.27,0.0005,40.5,0.0015,5.5,106.73,0.84747,-6.49422,0.04756,4e-05,0.02639
10293.18,BTC-27DEC19,1565953143628,open,0.0,160.5,0.0005,0.014,0.00424864,97.09,0.004,0.0,BTC-27DEC19-3500-P,10087.09,91.5,0.003,10.0,0.0055,10.0,101.79,2.54021,-0.92806,-0.77406,1e-05,-0.01641
10141.12,BTC-27SEP19,1565953143628,open,1.2,0.2,1.1275,1.2225,1.17243405,106.86,1.391,0.0,BTC-27SEP19-22000-P,10087.09,0.0,0.0045,10.0,0.0,0.0,0.0,2.01264,-2.56795,-24.98387,2e-05,-0.97492
10141.12,BTC-27SEP19,1565953143629,open,0.19,270.2,0.1325,0.218,0.17594625,92.16,0.1985,0.0,BTC-27SEP19-11000-P,10087.09,90.71,0.174,14.4,0.182,19.4,96.66,13.62904,-14.99693,-8.34798,0.00013,-0.54156
10095.9,SYN.BTC-23AUG19,1565953143625,open,0.46,0.0,0.4085,0.4695,0.43701274,116.69,None,0.0,BTC-23AUG19-14500-P,10087.09,0.0,0.0,0.0,0.0,0.0,0.0,0.51316,-4.35447,-2.70514,2e-05,-0.98538
10293.18,BTC-27DEC19,1565953143629,open,0.04,243.4,0.0135,0.072,0.03836305,97.25,0.0385,0.0,BTC-27DEC19-22000-C,10087.09,96.66,0.0375,4.9,0.041,13.9,99.03,15.0115,-5.49347,4.49785,4e-05,0.1584
10141.12,BTC-27SEP19,1565953143628,open,0.04,286.1,0.0195,0.075,0.04538298,94.75,0.054,0.0,BTC-27SEP19-13000-C,10087.09,93.51,0.044,19.3,0.047,13.5,96.18,11.35336,-12.84386,2.61106,0.0001,0.2698
10141.12,BTC-27SEP19,1565953143629,open,0.12,618.1,0.091,0.164,0.12914439,91.33,0.12,0.0,BTC-27SEP19-10000-C,10087.09,89.33,0.1265,14.4,0.133,5.6,94.24,13.4322,-14.64716,5.23682,0.00012,0.57925
10293.18,BTC-27DEC19,1565953143628,open,0.02,142.8,0.005,0.045,0.01990311,100.47,0.0195,0.0,BTC-27DEC19-28000-C,10087.09,99.53,0.019,6.0,0.0225,14.0,103.06,9.99182,-3.7776,2.5847,3e-05,0.08888
10141.12,BTC-27SEP19,1565953143629,open,0.8,28.2,0.793,0.8125,0.8027856,124.37,0.755,0.0,BTC-27SEP19-2000-C,10087.09,0.0,0.7355,10.0,0.867,10.0,500.0,0.00354,-0.00526,2.29425,0.0,0.99998
10104.95,SYN.BTC-30AUG19,1565953143625,open,0.0,0.059,0.1265,0.09299224,90.61,None,0.0,BTC-30AUG19-10500-P,10087.09,86.08,0.0895,18.0,0.0965,18.0,95.15,7.79518,-25.45193,-2.47471,0.00022,-0.55122
10095.9,SYN.BTC-23AUG19,1565953143625,open,0.03,177.4,0.01,0.058,0.03267993,89.9,0.03,0.0,BTC-23AUG19-10500-C,10087.09,87.67,0.0315,18.0,0.034,0.2,92.39,5.34929,-34.9723,0.69636,0.00031,0.39884
10104.95,SYN.BTC-30AUG19,1565953143626,open,0.0,189.6,0.0005,0.017,0.00510565,102.7,0.004,0.0,BTC-30AUG19-14000-C,10087.09,97.83,0.004,2.0,0.006,30.0,106.24,2.44574,-9.05123,0.22337,6e-05,0.06325
10104.95,SYN.BTC-30AUG19,1565953143626,open,0.01,397.4,0.0005,0.0245,0.00889724,96.46,0.008,0.0,BTC-30AUG19-13000-C,10087.09,93.89,0.008,39.0,0.009,0.2,96.75,3.61908,-12.5795,0.37487,0.0001,0.10648
10104.95,SYN.BTC-30AUG19,1565953143627,open,0.0,357.6,0.0005,0.011,0.00108517,116.23,0.001,0.0,BTC-30AUG19-17000-C,10087.09,0.0,0.0,0.0,0.002,30.0,126.45,0.72689,-3.04444,0.05173,2e-05,0.01455
10104.95,SYN.BTC-30AUG19,1565953143626,open,0.07,696.6,0.0345,0.096,0.06495271,90.61,0.065,0.0,BTC-30AUG19-10000-P,10087.09,88.07,0.063,5.6,0.0675,18.0,93.92,7.77509,-25.38632,-1.94512,0.00022,-0.4414
10104.95,SYN.BTC-30AUG19,1565953143626,open,0.81,0.0,0.7465,0.8215,0.78207262,121.55,None,0.0,BTC-30AUG19-18000-P,10087.09,0.0,0.0,0.0,0.0,0.0,0.0,0.5358,-2.34676,-6.80644,1e-05,-0.98977
10104.95,SYN.BTC-30AUG19,1565953143625,open,0.13,29.1,0.106,0.163,0.13540744,91.36,0.133,0.0,BTC-30AUG19-9000-C,10087.09,0.0,0.1,1.0,0.146,5.0,108.68,5.98126,-19.69151,2.4381,0.00017,0.77009
10141.12,BTC-27SEP19,1565953143630,open,2.0,0.0,1.9005,2.0205,1.95910139,120.62,None,0.0,BTC-27SEP19-30000-P,10087.09,0.0,0.0,0.0,0.0,0.0,0.0,0.68081,-0.98054,-34.34523,0.0,-0.99286
10293.18,BTC-27DEC19,1565953143630,open,0.01,333.6,0.0005,0.017,0.00714532,94.93,0.008,0.0,BTC-27DEC19-4000-P,10087.09,90.16,0.0055,24.0,0.0085,15.0,98.44,3.7993,-1.35723,-1.25706,1e-05,-0.0264
10104.95,SYN.BTC-30AUG19,1565953143625,open,0.14,107.9,0.091,0.1615,0.1266906,91.45,0.14,0.0,BTC-30AUG19-11000-P,10087.09,87.7,0.124,5.0,0.13,18.0,96.01,7.29334,-24.03268,-2.98581,0.00021,-0.65057
10095.9,SYN.BTC-23AUG19,1565953143625,open,0.0,161.7,0.0005,0.014,0.00339618,96.97,0.0035,0.0,BTC-23AUG19-12500-C,10087.09,94.52,0.003,30.0,0.005,10.2,105.57,1.69292,-11.93743,0.1114,9e-05,0.06197
10104.95,SYN.BTC-30AUG19,1565953143625,open,0.0,0.217,0.2855,0.24987467,95.13,None,0.0,BTC-30AUG19-12500-P,10087.09,0.0,0.226,4.0,0.2905,4.0,163.98,4.50979,-15.45868,-4.24078,0.00012,-0.85408
10104.95,SYN.BTC-30AUG19,1565953143625,open,0.71,0.0,0.6495,0.721,0.68343015,116.24,None,0.0,BTC-30AUG19-17000-P,10087.09,0.0,0.0,0.0,0.0,0.0,0.0,0.72715,-3.04569,-6.4109,2e-05,-0.98544
10095.9,SYN.BTC-23AUG19,1565953143625,open,0.21,5.6,0.1665,0.226,0.19447031,93.96,0.118,0.0,BTC-23AUG19-12000-P,10087.09,0.0,0.172,4.0,0.2345,4.0,195.94,2.45123,-16.74818,-2.0794,0.00014,-0.8989
10104.95,SYN.BTC-30AUG19,1565953143626,open,0.0,669.2,0.0005,0.0105,0.00085247,120.86,0.0005,0.0,BTC-30AUG19-6000-P,10087.09,0.0,0.0,0.0,0.0015,5.0,131.17,0.52074,-2.26782,-0.04132,1e-05,-0.0099
10095.9,SYN.BTC-23AUG19,1565953143625,open,0.11,35.0,0.0945,0.1455,0.12044123,92.44,0.1105,0.0,BTC-23AUG19-9000-C,10087.09,0.0,0.1005,5.0,0.1285,5.0,114.2,3.4565,-23.23569,1.35658,0.00019,0.83375
10104.95,SYN.BTC-30AUG19,1565953143629,open,0.07,367.6,0.044,0.105,0.07533801,90.61,0.0695,0.0,BTC-30AUG19-10000-C,10087.09,86.27,0.072,18.0,0.078,0.1,94.07,7.77509,-25.3862,1.85644,0.00022,0.5586
10095.9,SYN.BTC-23AUG19,1565953143625,open,0.09,138.3,0.0415,0.1035,0.07270607,89.9,0.075,0.0,BTC-23AUG19-10500-P,10087.09,87.62,0.0715,18.0,0.0775,18.0,98.91,5.34929,-34.97253,-1.28158,0.00031,-0.60116
10104.95,SYN.BTC-30AUG19,1565953143625,open,0.0,1119.8,0.0005,0.0125,0.00272129,106.93,0.002,0.0,BTC-30AUG19-7000-P,10087.09,96.41,0.0015,48.0,0.0035,5.0,112.23,1.38073,-5.32033,-0.12988,3e-05,-0.03109
185.92,ETH-27DEC19,1565953143740,open,1.23,16.0,1.112,1.29,1.198978,103.8,1.195,0.0,ETH-27DEC19-400-P,184.15,0.0,1.115,15.0,1.26,15.0,136.33,0.29574,-0.11551,-1.36558,0.00226,-0.81864
184.54,ETH-27SEP19,1565953143742,open,1.2,79.0,1.106,1.242,1.17076,107.56,0.351,0.0,ETH-27SEP19-400-P,184.15,0.0,1.132,25.0,1.234,25.0,205.87,0.03789,-0.04866,-0.45406,0.0009,-0.97389
184.28,SYN.ETH-30AUG19,1565953143742,open,0.43,0.0,0.371,0.462,0.41456,100.34,0.218,0.0,ETH-30AUG19-260-P,184.15,0.0,0.0,0.0,0.0,0.0,0.0,0.03604,-0.13032,-0.09571,0.00278,-0.95171
184.28,SYN.ETH-30AUG19,1565953143742,open,0.98,0.0,0.897,1.015,0.953937,127.71,None,0.0,ETH-30AUG19-360-P,184.15,0.0,0.0,0.0,0.0,0.0,0.0,0.00535,-0.0246,-0.13652,0.00032,-0.99484
184.28,SYN.ETH-30AUG19,1565953143746,open,0.76,0.0,0.686,0.793,0.737456,120.27,None,0.0,ETH-30AUG19-320-P,184.15,0.0,0.0,0.0,0.0,0.0,0.0,0.01177,-0.05099,-0.12083,0.00076,-0.98733
185.92,ETH-27DEC19,1565953143752,open,0.02,2060.0,0.004,0.038,0.016917,108.95,0.021,0.0,ETH-27DEC19-600-C,184.15,105.28,0.014,50.0,0.02,50.0,112.46,0.1556,-0.06379,0.03798,0.00113,0.07303
185.92,ETH-27DEC19,1565953143757,open,1.43,0.0,1.314,1.5,1.404062,104.84,None,0.0,ETH-27DEC19-440-P,184.15,0.0,0.001,8.0,0.0,0.0,0.0,0.25907,-0.10221,-1.52705,0.00196,-0.85212
184.28,SYN.ETH-30AUG19,1565953143760,open,0.23,597.0,0.168,0.255,0.211546,93.97,0.198,0.0,ETH-30AUG19-220-P,184.15,36.47,0.194,15.0,0.252,15.0,157.19,0.09771,-0.33086,-0.07152,0.00805,-0.80933
184.54,ETH-27SEP19,1565953143781,open,0.14,792.0,0.096,0.175,0.138555,94.72,0.134,0.0,ETH-27SEP19-180-C,184.15,90.49,0.133,120.0,0.144,120.0,98.87,0.2424,-0.27414,0.09644,0.00655,0.59408
184.54,ETH-27SEP19,1565953143781,open,1.42,0.0,1.316,1.463,1.386517,112.24,None,0.0,ETH-27SEP19-440-P,184.15,0.0,0.0,0.0,0.0,0.0,0.0,0.02776,-0.0372,-0.50145,0.00063,-0.98193
185.92,ETH-27DEC19,1565953143781,open,0.05,1444.0,0.018,0.082,0.04763,103.87,0.046,0.0,ETH-27DEC19-400-C,184.15,101.55,0.044,40.0,0.052,330.0,106.57,0.29603,-0.11571,0.0907,0.00226,0.18164
184.28,SYN.ETH-30AUG19,1565953143783,open,0.33,382.0,0.267,0.356,0.310016,96.09,0.303,0.0,ETH-30AUG19-240-P,184.15,0.0,0.302,50.0,0.0,0.0,0.0,0.06027,-0.20869,-0.08519,0.00486,-0.90597
184.54,ETH-27SEP19,1565953143785,open,0.56,0.0,0.554,0.581,0.567444,108.7,None,0.0,ETH-27SEP19-80-C,184.15,0.0,0.003,10.0,0.0,0.0,0.0,0.01227,-0.01592,0.09009,0.00029,0.99294
184.54,ETH-27SEP19,1565953143792,open,0.0,3439.0,0.001,0.011,0.000361,130.0,0.001,0.0,ETH-27SEP19-680-C,184.15,0.0,0.0,0.0,0.003,300.0,162.15,0.00581,-0.00902,0.00057,0.00011,0.00305
184.28,SYN.ETH-30AUG19,1565953143792,open,0.15,0.0,0.119,0.185,0.153734,94.8,None,0.0,ETH-30AUG19-160-C,184.15,0.0,0.0,0.0,0.0,0.0,0.0,0.0993,-0.33922,0.04557,0.00811,0.80421
185.92,ETH-27DEC19,1565953143804,open,0.45,781.0,0.364,0.508,0.438676,99.4,0.499,0.0,ETH-27DEC19-240-P,184.15,92.39,0.422,30.0,0.443,30.0,101.21,0.44399,-0.16606,-0.66922,0.00355,-0.55008
184.54,ETH-27SEP19,1565953143804,open,0.0,5419.0,0.001,0.013,0.003092,106.98,0.005,0.0,ETH-27SEP19-400-C,184.15,100.74,0.002,200.0,0.004,200.0,111.14,0.03699,-0.04725,0.00472,0.00088,0.02537
184.28,SYN.ETH-30AUG19,1565953143806,open,1.2,0.0,1.108,1.238,1.170656,118.92,None,0.0,ETH-30AUG19-400-P,184.15,0.0,0.0,0.0,0.0,0.0,0.0,0.00079,-0.00337,-0.15202,5e-05,-0.99937
184.54,ETH-27SEP19,1565953143811,open,0.0,2060.0,0.001,0.011,0.000978,109.05,0.003,0.0,ETH-27SEP19-80-P,184.15,0.0,0.0,0.0,0.002,10.0,120.76,0.01247,-0.01624,-0.00173,0.00029,-0.00719
184.54,ETH-27SEP19,1565953143811,open,0.0,5619.0,0.001,0.011,0.001904,127.2,0.003,0.0,ETH-27SEP19-520-C,184.15,118.12,0.001,500.0,0.002,200.0,127.96,0.02271,-0.03449,0.00262,0.00046,0.01429
184.54,ETH-27SEP19,1565953143814,open,0.19,392.0,0.156,0.232,0.197082,94.87,0.329,0.0,ETH-27SEP19-160-C,184.15,0.0,0.001,1.0,0.0,0.0,0.0,0.20769,-0.23526,0.11226,0.0056,0.72732
184.54,ETH-27SEP19,1565953143814,open,0.0,4762.0,0.001,0.012,0.002552,94.92,0.002,0.0,ETH-27SEP19-100-P,184.15,82.29,0.001,200.0,0.004,300.0,102.79,0.02948,-0.03342,-0.00465,0.0008,-0.01939
185.92,ETH-27DEC19,1565953143817,open,0.02,1618.0,0.005,0.044,0.020376,108.12,0.018,0.0,ETH-27DEC19-560-C,184.15,104.39,0.017,275.0,0.024,350.0,111.77,0.17652,-0.07182,0.0446,0.0013,0.08628
184.28,SYN.ETH-30AUG19,1565953143820,open,0.87,0.0,0.792,0.905,0.845845,128.79,None,0.0,ETH-30AUG19-340-P,184.15,0.0,0.0,0.0,0.0,0.0,0.0,0.00986,-0.04577,-0.12859,0.00059,-0.98966
184.54,ETH-27SEP19,1565953143822,open,1.64,0.0,1.526,1.686,1.602623,116.22,None,0.0,ETH-27SEP19-480-P,184.15,0.0,0.0,0.0,0.0,0.0,0.0,0.02068,-0.0287,-0.54831,0.00046,-0.98717
184.54,ETH-27SEP19,1565953143828,open,0.67,0.0,0.665,0.685,0.675287,130.0,0.01,0.0,ETH-27SEP19-60-C,184.15,0.0,0.003,10.0,0.0,0.0,0.0,0.00535,-0.00831,0.06816,0.00011,0.99721
185.92,ETH-27DEC19,1565953143835,open,0.63,432.0,0.534,0.689,0.613259,100.14,0.382,0.0,ETH-27DEC19-280-P,184.15,85.75,0.582,15.0,0.648,15.0,115.28,0.41704,-0.15715,-0.85257,0.00331,-0.64639
184.28,SYN.ETH-30AUG19,1565953143835,open,0.0,326.0,0.001,0.013,0.003709,100.6,0.004,0.0,ETH-30AUG19-260-C,184.15,90.34,0.002,250.0,0.005,250.0,106.6,0.03633,-0.13171,0.00316,0.0028,0.04878
184.28,SYN.ETH-30AUG19,1565953143835,open,0.07,863.0,0.028,0.094,0.060381,92.99,0.063,0.0,ETH-30AUG19-180-P,184.15,89.85,0.058,150.0,0.066,150.0,100.39,0.13991,-0.4688,-0.03315,0.01165,-0.41284
185.92,ETH-27DEC19,1565953143837,open,0.41,0.0,0.375,0.449,0.414846,96.94,None,0.0,ETH-27DEC19-120-C,184.15,0.0,0.1,10.0,0.99,5.0,500.0,0.26031,-0.09495,0.29524,0.00213,0.85106
184.54,ETH-27SEP19,1565953143840,open,0.35,47.0,0.335,0.385,0.360462,94.82,0.689,0.0,ETH-27SEP19-120-C,184.15,0.0,0.0,0.0,0.0,0.0,0.0,0.08089,-0.09158,0.12127,0.00218,0.93327
184.54,ETH-27SEP19,1565953143840,open,0.0,2698.0,0.001,0.011,0.000234,130.0,0.001,0.0,ETH-27SEP19-720-C,184.15,0.0,0.0,0.0,0.001,221.0,148.45,0.00404,-0.00627,0.00038,8e-05,0.00204
185.92,ETH-27DEC19,1565953143843,open,0.16,1886.0,0.101,0.198,0.151051,96.91,0.155,0.0,ETH-27DEC19-160-P,184.15,92.06,0.141,175.0,0.153,40.0,97.85,0.38489,-0.14035,-0.2995,0.00316,-0.29146
185.92,ETH-27DEC19,1565953143843,open,0.29,2226.0,0.213,0.338,0.278357,96.91,0.28,0.0,ETH-27DEC19-200-P,184.15,92.13,0.267,30.0,0.285,30.0,99.71,0.44129,-0.16091,-0.4818,0.00362,-0.43349
185.92,ETH-27DEC19,1565953143843,open,0.11,491.0,0.059,0.153,0.107316,100.18,0.101,0.0,ETH-27DEC19-280-C,184.15,97.35,0.101,40.0,0.114,247.0,103.14,0.4171,-0.15723,0.16679,0.00331,0.35374
184.54,ETH-27SEP19,1565953143843,open,0.45,0.0,0.442,0.479,0.460635,94.74,None,0.0,ETH-27SEP19-100-C,184.15,0.0,0.003,10.0,0.0,0.0,0.0,0.02928,-0.03312,0.11012,0.00079,0.98077
185.92,ETH-27DEC19,1565953143846,open,0.01,1308.0,0.003,0.03,0.012168,110.76,0.013,0.0,ETH-27DEC19-680-C,184.15,105.53,0.009,50.0,0.015,50.0,114.77,0.12317,-0.05133,0.02838,0.00088,0.0541
184.28,SYN.ETH-30AUG19,1565953143846,open,0.0,1181.0,0.001,0.011,0.001763,103.83,0.002,0.0,ETH-30AUG19-280-C,184.15,0.0,0.0,0.0,0.003,250.0,113.01,0.02079,-0.07778,0.00161,0.00155,0.0247
185.92,ETH-27DEC19,1565953143849,open,0.03,1093.0,0.007,0.05,0.024713,107.16,0.029,0.0,ETH-27DEC19-520-C,184.15,103.56,0.021,150.0,0.028,350.0,110.11,0.20042,-0.08081,0.05264,0.00149,0.10248
184.54,ETH-27SEP19,1565953143849,open,0.27,191.0,0.237,0.302,0.271362,94.85,0.5,0.0,ETH-27SEP19-140-C,184.15,0.0,0.0,0.0,0.0,0.0,0.0,0.14816,-0.16781,0.12171,0.004,0.84623
184.28,SYN.ETH-30AUG19,1565953143849,open,0.54,0.0,0.476,0.571,0.521142,103.34,None,0.0,ETH-30AUG19-280-P,184.15,0.0,0.0,0.0,0.0,0.0,0.0,0.02037,-0.07585,-0.10487,0.00153,-0.97589
185.92,ETH-27DEC19,1565953143857,open,0.29,6.0,0.237,0.335,0.290512,96.93,0.303,0.0,ETH-27DEC19-160-C,184.15,87.03,0.27,10.0,0.333,30.0,117.54,0.38488,-0.14039,0.28294,0.00316,0.70855
184.54,ETH-27SEP19,1565953143859,open,0.0,2912.0,0.001,0.012,0.002082,111.37,0.002,0.0,ETH-27SEP19-440-C,184.15,101.91,0.001,302.0,0.003,200.0,116.97,0.02665,-0.03544,0.00321,0.00061,0.01723
184.28,SYN.ETH-30AUG19,1565953143863,open,0.65,0.0,0.581,0.681,0.628952,108.71,None,0.0,ETH-30AUG19-300-P,184.15,0.0,0.0,0.0,0.0,0.0,0.0,0.01294,-0.05068,-0.11313,0.00092,-0.98585
185.92,ETH-27DEC19,1565953143865,open,3.15,0.0,2.971,3.234,3.096696,112.15,None,0.0,ETH-27DEC19-760-P,184.15,0.0,0.0,0.0,0.0,0.0,0.0,0.09807,-0.04139,-2.7452,0.00069,-0.95928
184.28,SYN.ETH-30AUG19,1565953143867,open,0.02,660.0,0.004,0.038,0.017749,94.05,0.015,0.0,ETH-30AUG19-220-C,184.15,90.7,0.016,200.0,0.02,200.0,98.21,0.09779,-0.33142,0.01213,0.00805,0.19092
184.21,SYN.ETH-23AUG19,1565953144002,open,0.22,6.0,0.161,0.24,0.199158,91.59,0.094,0.0,ETH-23AUG19-220-P,184.15,0.0,0.0,0.0,0.0,0.0,0.0,0.04058,-0.27028,-0.03854,0.00693,-0.9114
184.28,SYN.ETH-30AUG19,1565953144105,open,0.0,0.216,0.305,0.259646,94.72,None,0.0,ETH-30AUG19-230-P,184.15,0.0,0.0,0.0,0.0,0.0,0.0,0.07761,-0.26489,-0.07886,0.00635,-0.86601
10293.18,BTC-27DEC19,1565953144127,open,0.03,329.0,0.009,0.06,0.02984245,97.94,0.034,0.0,BTC-27DEC19-24000-C,10087.09,97.67,0.0295,6.0,0.0305,0.1,98.46,12.97971,-4.78366,3.66868,3e-05,0.12775
184.21,SYN.ETH-23AUG19,1565953144215,open,0.27,0.0,0.213,0.293,0.251466,96.86,None,0.0,ETH-23AUG19-230-P,184.15,0.0,0.0,0.0,0.0,0.0,0.0,0.0279,-0.19651,-0.04154,0.00451,-0.94556
184.21,SYN.ETH-23AUG19,1565953144313,open,0.0,105.0,0.001,0.011,0.0016,99.9,0.001,0.0,ETH-23AUG19-240-C,184.15,0.0,0.0,0.0,0.002,250.0,103.75,0.01786,-0.12976,0.00103,0.0028,0.03139
184.21,SYN.ETH-23AUG19,1565953144419,open,0.32,0.0,0.265,0.347,0.304373,99.29,None,0.0,ETH-23AUG19-240-P,184.15,0.0,0.0,0.0,0.0,0.0,0.0,0.01745,-0.12601,-0.0442,0.00275,-0.96948
185.92,ETH-27DEC19,1565953144484,open,0.01,1699.0,0.001,0.026,0.010275,111.3,0.009,0.0,ETH-27DEC19-720-C,184.15,105.03,0.007,50.0,0.013,150.0,115.61,0.10904,-0.04567,0.02447,0.00078,0.04643
185.92,ETH-27DEC19,1565953144486,open,0.01,1699.0,0.001,0.026,0.010275,111.3,0.009,0.0,ETH-27DEC19-720-C,184.15,105.03,0.007,350.0,0.013,150.0,115.61,0.10904,-0.04567,0.02447,0.00078,0.04643
185.92,ETH-27DEC19,1565953144486,open,0.05,1444.0,0.018,0.082,0.047623,103.87,0.046,0.0,ETH-27DEC19-400-C,184.15,100.9,0.043,40.0,0.052,330.0,106.57,0.29603,-0.11571,0.0907,0.00226,0.18164
184.28,SYN.ETH-30AUG19,1565953144491,open,0.0,0.002,0.028,0.011581,94.83,None,0.0,ETH-30AUG19-230-C,184.15,90.95,0.01,250.0,0.013,250.0,98.1,0.07774,-0.26562,0.0086,0.00635,0.13431
184.21,SYN.ETH-23AUG19,1565953144518,open,0.0,127.0,0.001,0.011,0.001039,105.15,0.001,0.0,ETH-23AUG19-250-C,184.15,0.0,0.0,0.0,0.002,300.0,116.48,0.0125,-0.09555,0.00068,0.00186,0.02049
10104.95,SYN.BTC-30AUG19,1565953144563,open,0.0,0.059,0.1265,0.09299202,90.61,None,0.0,BTC-30AUG19-10500-P,10087.09,86.73,0.09,18.0,0.0965,18.0,95.15,7.79518,-25.45193,-2.47471,0.00022,-0.55122
10141.19,BTC-27SEP19,1565953144565,open,0.12,618.1,0.091,0.164,0.12914839,91.32,0.12,0.0,BTC-27SEP19-10000-C,10087.09,88.95,0.126,14.4,0.133,5.6,94.24,13.43224,-14.64683,5.23694,0.00012,0.57926
10095.9,SYN.BTC-23AUG19,1565953144590,open,0.12,137.5,0.077,0.14,0.10833519,90.45,0.129,0.0,BTC-23AUG19-11000-P,10087.09,88.59,0.1075,6.0,0.114,6.0,102.71,4.53651,-29.84058,-1.60434,0.00026,-0.73524
10141.21,BTC-27SEP19,1565953144625,open,0.0,428.2,0.0005,0.011,0.00100511,116.23,0.0005,0.0,BTC-27SEP19-28000-C,10086.81,0.0,0.0,0.0,0.002,49.0,125.9,0.80155,-1.1124,0.08826,1e-05,0.00859
10292.73,BTC-27DEC19,1565953144625,open,2.95,0.0,2.8115,2.9845,2.89339584,105.58,2.58,0.0,BTC-27DEC19-40000-P,10086.81,0.0,0.0005,3.0,0.0,0.0,0.0,4.79377,-1.90445,-144.57557,1e-05,-0.96504
10105.02,SYN.BTC-30AUG19,1565953144624,open,0.0,0.0175,0.0695,0.04246383,90.62,None,0.0,BTC-30AUG19-9500-P,10086.81,87.12,0.04,24.0,0.045,24.0,94.2,7.14183,-23.31986,-1.43377,0.0002,-0.33077
10292.73,BTC-27DEC19,1565953144626,open,3.74,0.0,3.573,3.772,3.66784479,108.85,None,0.0,BTC-27DEC19-48000-P,10086.81,0.0,0.0,0.0,0.0,0.0,0.0,3.24664,-1.32984,-174.08347,1e-05,-0.9781
10105.02,SYN.BTC-30AUG19,1565953144626,open,0.03,1098.3,0.008,0.049,0.02606071,91.37,0.026,0.0,BTC-30AUG19-9000-P,10086.81,88.71,0.0245,36.5,0.0285,24.0,95.45,5.98122,-19.69222,-0.98329,0.00017,-0.22991
10141.21,BTC-27SEP19,1565953144628,open,0.02,447.9,0.004,0.0355,0.01621272,98.26,0.0155,0.0,BTC-27SEP19-16000-C,10086.81,97.16,0.0155,24.0,0.018,20.7,100.93,6.64163,-7.79249,1.14211,6e-05,0.11438
10095.98,SYN.BTC-23AUG19,1565953144624,open,0.0,74.5,0.0005,0.0105,0.00023878,124.9,0.001,0.0,BTC-23AUG19-16000-C,10086.81,0.0,0.0,0.0,0.0015,45.0,155.89,0.1881,-1.70855,0.0084,1e-05,0.00466
10095.98,SYN.BTC-23AUG19,1565953144624,open,0.15,8.8,0.142,0.186,0.1633237,95.13,0.1455,0.0,BTC-23AUG19-8500-C,10086.81,0.0,0.1215,5.0,0.191,5.0,181.22,2.12406,-14.69455,1.43277,0.00012,0.91669
10095.98,SYN.BTC-23AUG19,1565953144624,open,0.0,87.9,0.0005,0.0105,0.00078631,116.68,0.0005,0.0,BTC-23AUG19-14500-C,10086.81,0.0,0.0,0.0,0.0015,5.0,127.84,0.51307,-4.35342,0.02629,2e-05,0.01461
10095.98,SYN.BTC-23AUG19,1565953144624,open,0.05,276.8,0.0175,0.0725,0.04435827,89.91,0.046,0.0,BTC-23AUG19-10000-P,10086.81,86.48,0.0425,18.0,0.0475,2.0,95.7,5.4748,-35.79567,-0.93007,0.00032,-0.44468
10105.02,SYN.BTC-30AUG19,1565953144627,open,0.4,0.0,0.3945,0.421,0.40708381,120.77,None,0.0,BTC-30AUG19-6000-C,10086.81,0.0,0.0,0.0,0.0,0.0,0.0,0.51889,-2.25813,2.23978,1e-05,0.99014
10095.98,SYN.BTC-23AUG19,1565953144624,open,0.51,0.0,0.457,0.519,0.48627565,119.92,None,0.0,BTC-23AUG19-15000-P,10086.81,0.0,0.0,0.0,0.0,0.0,0.0,0.37198,-3.24372,-2.80747,2e-05,-0.98992
184.21,SYN.ETH-23AUG19,1565953144628,open,0.38,0.0,0.318,0.402,0.358094,104.23,None,0.0,ETH-23AUG19-250-P,184.15,0.0,0.0,0.0,0.0,0.0,0.0,0.01201,-0.09101,-0.04645,0.0018,-0.98045
10095.98,SYN.BTC-23AUG19,1565953144624,open,0.17,27.8,0.12,0.182,0.14992545,92.86,0.125,0.0,BTC-23AUG19-11500-P,10086.81,0.0,0.1275,4.0,0.1885,4.0,179.29,3.49374,-23.59144,-1.86548,0.0002,-0.83096
184.28,SYN.ETH-30AUG19,1565953144738,open,1.0,0.002,0.027,0.011095,94.76,0.009,0.0,ETH-30AUG19-150-P,184.13,88.96,0.009,250.0,0.013,250.0,99.68,0.06924,-0.23643,-0.00875,0.00566,-0.11384
184.21,SYN.ETH-23AUG19,1565953144738,open,0.43,0.0,0.371,0.458,0.412369,115.14,None,0.0,ETH-23AUG19-260-P,184.13,0.0,0.0,0.0,0.0,0.0,0.0,0.01109,-0.09282,-0.04839,0.00151,-0.9822
184.28,SYN.ETH-30AUG19,1565953144738,open,0.0,0.273,0.319,0.29645,96.01,None,0.0,ETH-30AUG19-130-C,184.13,0.0,0.0,0.0,0.0,0.0,0.0,0.0211,-0.073,0.04753,0.0017,0.97486
184.21,SYN.ETH-23AUG19,1565953144738,open,0.54,0.0,0.476,0.569,0.520599,128.25,None,0.0,ETH-23AUG19-280-P,184.13,0.0,0.0,0.0,0.0,0.0,0.0,0.00732,-0.06827,-0.05239,0.00089,-0.989
184.28,SYN.ETH-30AUG19,1565953144738,open,0.0,0.014,0.067,0.038606,94.74,None,0.0,ETH-30AUG19-170-P,184.13,89.38,0.035,200.0,0.042,200.0,99.73,0.12462,-0.42544,-0.02361,0.01019,-0.2984
184.28,SYN.ETH-30AUG19,1565953144738,open,0.0,0.166,0.226,0.197142,94.84,None,0.0,ETH-30AUG19-150-C,184.13,0.0,0.0,0.0,0.0,0.0,0.0,0.06931,-0.23687,0.04826,0.00566,0.88599
184.21,SYN.ETH-23AUG19,1565953144739,open,0.13,0.0,0.108,0.17,0.140248,95.54,None,0.0,ETH-23AUG19-160-C,184.13,0.0,0.02,10.0,0.0,0.0,0.0,0.05265,-0.36583,0.02542,0.00862,0.8729
184.21,SYN.ETH-23AUG19,1565953144739,open,0.0,223.0,0.001,0.013,0.003348,98.09,0.003,0.0,ETH-23AUG19-150-P,184.13,88.13,0.002,251.0,0.005,600.0,107.75,0.02834,-0.20215,-0.00204,0.00452,-0.05553
184.21,SYN.ETH-23AUG19,1565953144740,open,0.6,0.0,0.529,0.624,0.574575,127.15,None,0.0,ETH-23AUG19-290-P,184.13,0.0,0.0,0.0,0.0,0.0,0.0,0.00429,-0.03966,-0.05443,0.00053,-0.99402
184.21,SYN.ETH-23AUG19,1565953144738,open,0.49,0.0,0.424,0.514,0.466682,126.11,None,0.0,ETH-23AUG19-270-P,184.13,0.0,0.0,0.0,0.0,0.0,0.0,0.01061,-0.09728,-0.05031,0.00132,-0.9831
184.52,ETH-27SEP19,1565953144938,open,1.09,259.0,1.001,1.131,1.063121,103.16,0.94,0.0,ETH-27SEP19-380-P,184.13,0.0,0.988,25.0,1.124,25.0,196.04,0.04157,-0.0512,-0.43053,0.00103,-0.97081
184.21,SYN.ETH-23AUG19,1565953145197,open,0.0,223.0,0.001,0.013,0.003351,98.09,0.003,0.0,ETH-23AUG19-150-P,184.13,88.13,0.002,251.0,0.005,300.0,107.75,0.02834,-0.20215,-0.00204,0.00452,-0.05553
184.28,SYN.ETH-30AUG19,1565953145199,open,0.01,1059.0,0.001,0.021,0.007689,96.23,0.012,0.0,ETH-30AUG19-240-C,184.13,90.77,0.006,250.0,0.009,250.0,100.08,0.06044,-0.20957,0.00607,0.00486,0.09438
185.9,ETH-27DEC19,1565953145292,open,0.16,1886.0,0.101,0.198,0.151122,96.9,0.155,0.0,ETH-27DEC19-160-P,184.13,92.03,0.141,175.0,0.154,40.0,98.31,0.38488,-0.14034,-0.29953,0.00316,-0.29152
185.9,ETH-27DEC19,1565953145294,open,0.08,1017.0,0.039,0.122,0.080236,101.46,0.08,0.0,ETH-27DEC19-320-C,184.13,98.35,0.074,40.0,0.085,265.0,103.78,0.37796,-0.1443,0.13558,0.00296,0.2806
184.28,SYN.ETH-30AUG19,1565953145310,open,0.0,0.007,0.052,0.027216,93.89,None,0.0,ETH-30AUG19-210-C,184.13,88.8,0.024,200.0,0.029,200.0,96.66,0.11812,-0.39964,0.01679,0.00974,0.26692
184.28,SYN.ETH-30AUG19,1565953145317,open,0.0,0.052,0.128,0.090614,93.89,None,0.0,ETH-30AUG19-190-P,184.13,90.52,0.088,150.0,0.097,150.0,102.12,0.14293,-0.4836,-0.04348,0.01179,-0.53008
184.28,SYN.ETH-30AUG19,1565953145325,open,0.0,0.079,0.149,0.116105,94.79,None,0.0,ETH-30AUG19-170-C,184.13,82.61,0.108,150.0,0.117,150.0,96.08,0.12464,-0.4257,0.04101,0.01019,0.70153
184.28,SYN.ETH-30AUG19,1565953145334,open,0.0,0.027,0.09,0.05957,93.89,None,0.0,ETH-30AUG19-190-C,184.13,86.71,0.054,150.0,0.061,150.0,95.74,0.14293,-0.4836,0.02875,0.01179,0.46992
10140.97,BTC-27SEP19,1565953145626,open,0.09,507.3,0.0555,0.126,0.09125648,92.16,0.084,0.0,BTC-27SEP19-11000-C,10085.88,90.86,0.0895,14.4,0.0925,3.0,93.09,13.62881,-14.99771,4.27191,0.00013,0.45843
10140.97,BTC-27SEP19,1565953145626,open,0.81,1.0,0.7425,0.83,0.78363234,100.86,0.575,0.0,BTC-27SEP19-18000-P,10085.88,0.0,0.0045,0.3,1.26,0.3,500.0,4.39117,-5.28845,-19.98742,4e-05,-0.93431
10291.65,BTC-27DEC19,1565953145626,open,1.78,0.1,1.673,1.816,1.74026526,100.18,1.49,0.0,BTC-27DEC19-28000-P,10085.88,0.0,0.001,1.0,0.0,0.0,0.0,9.9112,-3.73633,-99.3722,3e-05,-0.91206
10291.65,BTC-27DEC19,1565953145626,open,2.56,1.3,2.431,2.592,2.50682712,102.49,2.2,0.0,BTC-27DEC19-36000-P,10085.88,0.0,0.0005,1.0,0.0,0.0,0.0,5.68606,-2.19299,-129.7716,1e-05,-0.95689
10291.65,BTC-27DEC19,1565953145627,open,2.17,0.3,2.0515,2.203,2.12270983,102.01,1.875,0.0,BTC-27DEC19-32000-P,10085.88,0.0,0.0,0.0,0.0,0.0,0.0,7.62193,-2.92567,-114.65975,2e-05,-0.93766
10104.76,SYN.BTC-30AUG19,1565953145627,open,0.32,17.1,0.2635,0.3305,0.29538671,96.37,0.2385,0.0,BTC-30AUG19-13000-P,10085.88,0.0,0.17,1.0,0.0,0.0,0.0,3.61265,-12.54566,-4.56803,0.0001,-0.89378
10095.7,SYN.BTC-23AUG19,1565953145642,open,0.02,197.2,0.003,0.0405,0.01878614,90.47,0.0195,0.0,BTC-23AUG19-11000-C,10085.88,88.71,0.018,24.0,0.0195,0.4,92.05,4.53631,-29.84404,0.46776,0.00026,0.26474
10292.58,BTC-27DEC19,1565953145647,open,0.02,142.8,0.005,0.045,0.01990043,100.47,0.0195,0.0,BTC-27DEC19-28000-C,10085.88,99.0,0.0185,6.0,0.0225,14.0,103.06,9.99031,-3.77708,2.58424,3e-05,0.08887
10140.97,BTC-27SEP19,1565953145649,open,0.04,581.2,0.0145,0.0585,0.03477396,91.33,0.0415,0.0,BTC-27SEP19-8000-P,10085.88,89.31,0.033,19.3,0.0365,18.8,93.27,8.96444,-9.77547,-2.48082,8e-05,-0.17845
10291.65,BTC-27DEC19,1565953145664,open,0.01,394.7,0.0005,0.0255,0.00921279,103.15,0.008,0.0,BTC-27DEC19-36000-C,10085.88,101.86,0.0085,6.0,0.01,0.3,104.5,5.83219,-2.26374,1.32174,1e-05,0.04449
10104.76,SYN.BTC-30AUG19,1565953145716,open,0.07,696.6,0.0345,0.096,0.06494868,90.59,0.065,0.0,BTC-30AUG19-10000-P,10085.88,88.06,0.063,5.6,0.068,18.0,94.56,7.77507,-25.38133,-1.94524,0.00022,-0.44144
10104.76,SYN.BTC-30AUG19,1565953145724,open,0.0,0.0035,0.034,0.01546781,93.85,None,0.0,BTC-30AUG19-8500-P,10085.88,90.57,0.014,30.0,0.017,24.0,97.17,4.59303,-15.53337,-0.63551,0.00013,-0.14997
184.52,ETH-27SEP19,1565953145739,open,0.87,446.0,0.791,0.913,0.849545,101.39,0.669,0.0,ETH-27SEP19-340-P,184.12,0.0,0.815,25.0,0.923,25.0,192.59,0.06845,-0.08287,-0.38012,0.00173,-0.94607
184.52,ETH-27SEP19,1565953145739,open,2.73,0.0,2.578,2.799,2.6852,0.0,None,0.0,ETH-27SEP19-680-P,184.12,0.0,0.0,0.0,0.0,0.0,0.0,0.0,0.0,-0.78015,0.0,-1.0
184.52,ETH-27SEP19,1565953145739,open,0.02,3742.0,0.003,0.031,0.014258,99.58,0.012,0.0,ETH-27SEP19-300-C,184.12,95.67,0.012,500.0,0.016,200.0,102.4,0.111,-0.13198,0.0185,0.00285,0.10164
184.52,ETH-27SEP19,1565953145739,open,0.0,6013.0,0.001,0.011,0.000887,130.01,0.001,0.0,ETH-27SEP19-600-C,184.12,0.0,0.0,0.0,0.002,400.0,142.26,0.01217,-0.01889,0.00129,0.00024,0.00699
184.52,ETH-27SEP19,1565953145739,open,0.03,7913.0,0.012,0.052,0.030056,94.89,0.031,0.0,ETH-27SEP19-140-P,184.12,91.03,0.027,433.0,0.032,160.0,97.29,0.14824,-0.16796,-0.03895,0.004,-0.15392
184.52,ETH-27SEP19,1565953145739,open,0.04,2212.0,0.018,0.073,0.044084,96.46,0.046,0.0,ETH-27SEP19-240-C,184.12,93.63,0.041,418.0,0.048,418.0,99.98,0.20301,-0.23382,0.04586,0.00539,0.26069
185.9,ETH-27DEC19,1565953145739,open,0.07,4407.0,0.031,0.091,0.060284,96.92,0.052,0.0,ETH-27DEC19-120-P,184.12,90.17,0.051,314.0,0.059,50.0,96.0,0.26031,-0.09494,-0.14161,0.00213,-0.14896
185.9,ETH-27DEC19,1565953145739,open,0.2,685.0,0.146,0.25,0.202663,96.94,0.197,0.0,ETH-27DEC19-200-C,184.12,94.13,0.196,30.0,0.213,30.0,101.3,0.44124,-0.16095,0.24622,0.00362,0.56649
184.51,ETH-27SEP19,1565953145739,open,0.0,3419.0,0.001,0.011,0.000563,130.01,0.001,0.0,ETH-27SEP19-640-C,184.12,0.0,0.0,0.0,0.002,737.0,148.59,0.0084,-0.01304,0.00086,0.00017,0.00461
185.9,ETH-27DEC19,1565953145739,open,0.15,1748.0,0.094,0.196,0.147819,99.42,0.142,0.0,ETH-27DEC19-240-C,184.12,96.98,0.142,70.0,0.154,225.0,102.01,0.44394,-0.16608,0.20444,0.00355,0.44991
185.9,ETH-27DEC19,1565953145739,open,2.5,0.0,2.347,2.577,2.456941,109.81,None,0.0,ETH-27DEC19-640-P,184.12,0.0,0.0,0.0,0.0,0.0,0.0,0.13785,-0.05696,-2.29724,0.001,-0.93755
185.9,ETH-27DEC19,1565953145739,open,0.01,1912.0,0.001,0.024,0.009131,112.56,0.008,0.0,ETH-27DEC19-760-C,184.12,105.91,0.006,350.0,0.012,50.0,117.47,0.09955,-0.04217,0.02189,0.0007,0.04148
184.51,ETH-27SEP19,1565953145740,open,0.46,1239.0,0.384,0.495,0.438831,97.09,0.4,0.0,ETH-27SEP19-260-P,184.12,0.0,0.388,25.0,0.485,25.0,139.82,0.16951,-0.1965,-0.26439,0.00447,-0.81016
184.51,ETH-27SEP19,1565953145740,open,0.03,1718.0,0.01,0.054,0.029905,97.32,0.035,0.0,ETH-27SEP19-260-C,184.12,94.11,0.027,460.0,0.032,10.0,99.57,0.16993,-0.19746,0.03402,0.00447,0.19061
185.89,ETH-27DEC19,1565953145740,open,0.82,101.0,0.719,0.883,0.801592,101.41,0.513,0.0,ETH-27DEC19-320-P,184.12,55.45,0.731,15.0,0.852,15.0,124.71,0.37779,-0.14417,-1.02944,0.00296,-0.71964
185.89,ETH-27DEC19,1565953145740,open,1.86,37.0,1.725,1.927,1.821903,107.02,0.707,0.0,ETH-27DEC19-520-P,184.12,0.0,0.002,25.0,0.0,0.0,0.0,0.19969,-0.08041,-1.84062,0.00148,-0.89801
184.51,ETH-27SEP19,1565953145740,open,0.02,2085.0,0.006,0.041,0.020539,98.43,0.025,0.0,ETH-27SEP19-280-C,184.12,94.95,0.018,496.0,0.023,200.0,101.63,0.13851,-0.16279,0.0251,0.0036,0.13912
184.51,ETH-27SEP19,1565953145740,open,3.17,0.0,3.0,3.246,3.118948,0.0,None,0.0,ETH-27SEP19-760-P,184.12,0.0,0.0,0.0,0.0,0.0,0.0,0.0,0.0,-0.87193,0.0,-1.0
184.51,ETH-27SEP19,1565953145740,open,2.95,0.0,2.789,3.023,2.90225,110.04,None,0.0,ETH-27SEP19-720-P,184.12,0.0,0.0,0.0,0.0,0.0,0.0,0.00061,-0.0008,-0.82599,1e-05,-0.99974
184.19,SYN.ETH-23AUG19,1565953145739,open,0.0,1299.0,0.001,0.013,0.002973,97.26,0.003,0.0,ETH-23AUG19-230-C,184.12,90.18,0.002,700.0,0.003,250.0,97.43,0.02817,-0.19925,0.00181,0.00453,0.05513
184.51,ETH-27SEP19,1565953145740,open,2.29,27.0,2.158,2.354,2.252566,127.11,1.044,0.0,ETH-27SEP19-600-P,184.12,0.0,0.0,0.0,0.0,0.0,0.0,0.01032,-0.01566,-0.68729,0.00021,-0.99419
185.89,ETH-27DEC19,1565953145740,open,0.03,1151.0,0.009,0.059,0.030226,106.06,0.03,0.0,ETH-27DEC19-480-C,184.12,103.35,0.027,50.0,0.034,350.0,109.05,0.22766,-0.09085,0.06245,0.00171,0.12251
185.89,ETH-27DEC19,1565953145740,open,2.29,0.0,2.139,2.36,2.244453,108.75,0.953,0.0,ETH-27DEC19-600-P,184.12,0.0,0.0,0.0,0.0,0.0,0.0,0.15463,-0.06328,-2.14655,0.00113,-0.92755
185.89,ETH-27DEC19,1565953145740,open,0.02,1577.0,0.003,0.033,0.01423,109.82,0.011,0.0,ETH-27DEC19-640-C,184.12,105.13,0.011,50.0,0.017,50.0,113.36,0.13784,-0.05696,0.03263,0.001,0.06245
184.19,SYN.ETH-23AUG19,1565953145739,open,0.02,207.0,0.003,0.044,0.020292,91.87,0.015,0.0,ETH-23AUG19-200-C,184.12,84.58,0.017,200.0,0.022,448.0,95.55,0.08475,-0.56618,0.00893,0.01443,0.27763
184.51,ETH-27SEP19,1565953145741,open,0.36,2594.0,0.29,0.398,0.344732,96.39,0.31,0.0,ETH-27SEP19-240-P,184.12,0.0,0.297,25.0,0.399,25.0,141.19,0.20288,-0.23348,-0.22954,0.00539,-0.7396
184.51,ETH-27SEP19,1565953145740,open,0.77,607.0,0.687,0.806,0.744281,100.64,0.761,0.0,ETH-27SEP19-320-P,184.12,0.0,0.711,25.0,0.814,25.0,181.54,0.0878,-0.10551,-0.35352,0.00223,-0.92574
184.51,ETH-27SEP19,1565953145740,open,2.51,0.0,2.368,2.577,2.469022,125.21,None,0.0,ETH-27SEP19-640-P,184.12,0.0,0.0,0.0,0.0,0.0,0.0,0.00616,-0.00921,-0.73365,0.00013,-0.99674
184.19,SYN.ETH-23AUG19,1565953145739,open,0.01,466.0,0.001,0.025,0.008769,95.38,0.012,0.0,ETH-23AUG19-160-P,184.12,88.92,0.007,250.0,0.011,547.0,102.87,0.05259,-0.36476,-0.00471,0.00863,-0.1269
184.51,ETH-27SEP19,1565953145740,open,0.01,2752.0,0.001,0.015,0.005149,103.14,0.008,0.0,ETH-27SEP19-360-C,184.12,94.7,0.003,500.0,0.007,200.0,108.78,0.055,-0.06772,0.0076,0.00137,0.04105
184.51,ETH-27SEP19,1565953145741,open,0.27,1944.0,0.204,0.308,0.257222,95.59,0.26,0.0,ETH-27SEP19-220-P,184.12,55.93,0.212,25.0,0.308,25.0,134.54,0.23183,-0.2646,-0.19174,0.00621,-0.64856
184.51,ETH-27SEP19,1565953145741,open,0.09,1560.0,0.057,0.132,0.095985,95.49,0.092,0.0,ETH-27SEP19-200-C,184.12,91.78,0.091,120.0,0.1,120.0,98.47,0.24837,-0.28318,0.07814,0.00666,0.46513
184.51,ETH-27SEP19,1565953145741,open,0.0,5130.0,0.001,0.011,0.001559,116.23,0.004,0.0,ETH-27SEP19-480-C,184.12,110.43,0.001,300.0,0.002,200.0,119.83,0.02067,-0.02868,0.00238,0.00046,0.01282
184.51,ETH-27SEP19,1565953145741,open,0.0,7916.0,0.001,0.011,0.000153,130.0,0.001,0.0,ETH-27SEP19-760-C,184.12,0.0,0.0,0.0,0.002,400.0,165.13,0.00281,-0.00437,0.00026,6e-05,0.00137
184.51,ETH-27SEP19,1565953145741,open,0.66,852.0,0.584,0.7,0.640088,99.43,0.694,0.0,ETH-27SEP19-300-P,184.12,0.0,0.596,26.0,0.706,25.0,170.41,0.11061,-0.13132,-0.32577,0.00285,-0.89883
184.51,ETH-27SEP19,1565953145741,open,0.0,839.0,0.001,0.011,0.00042,129.99,0.001,0.0,ETH-27SEP19-60-P,184.12,0.0,0.0,0.0,0.002,550.0,158.92,0.00536,-0.00831,-0.00068,0.00011,-0.00279
184.19,SYN.ETH-23AUG19,1565953145738,open,0.17,177.0,0.111,0.19,0.150354,91.5,0.15,0.0,ETH-23AUG19-210-P,184.12,0.0,0.0,0.0,0.0,0.0,0.0,0.06232,-0.41464,-0.03425,0.01066,-0.83678
184.19,SYN.ETH-23AUG19,1565953145738,open,0.03,235.0,0.011,0.065,0.036841,91.87,0.037,0.0,ETH-23AUG19-190-C,184.12,82.86,0.032,150.0,0.039,346.0,95.88,0.09918,-0.66262,0.01355,0.01689,0.42737
184.51,ETH-27SEP19,1565953145741,open,0.01,9105.0,0.001,0.023,0.010766,94.88,0.008,0.0,ETH-27SEP19-120-P,184.12,88.15,0.008,500.0,0.012,200.0,97.62,0.08103,-0.0918,-0.01644,0.00219,-0.0669
184.51,ETH-27SEP19,1565953145742,open,0.06,1360.0,0.032,0.097,0.064939,95.64,0.061,0.0,ETH-27SEP19-220-C,184.12,93.3,0.062,231.0,0.069,391.0,98.86,0.23186,-0.26479,0.06068,0.00621,0.35158
184.19,SYN.ETH-23AUG19,1565953145739,open,0.0,3.0,0.001,0.011,0.00039,130.01,0.002,0.0,ETH-23AUG19-290-C,184.12,0.0,0.0,0.0,0.002,350.0,160.7,0.00496,-0.0469,0.00023,0.0006,0.00706
184.26,SYN.ETH-30AUG19,1565953145740,open,0.0,873.0,0.001,0.011,0.001047,109.55,0.003,0.0,ETH-30AUG19-300-C,184.12,0.0,0.0,0.0,0.002,250.0,119.9,0.01345,-0.0531,0.00096,0.00095,0.0148
184.19,SYN.ETH-23AUG19,1565953145739,open,0.0,23.0,0.001,0.011,0.000696,129.94,0.002,0.0,ETH-23AUG19-280-C,184.12,0.0,0.0,0.0,0.002,350.0,150.5,0.00786,-0.07429,0.00039,0.00095,0.01194
184.19,SYN.ETH-23AUG19,1565953145739,open,0.18,0.0,0.162,0.216,0.189081,98.64,None,0.0,ETH-23AUG19-150-C,184.12,0.0,0.0,0.0,0.0,0.0,0.0,0.02874,-0.20614,0.02618,0.00456,0.94347
184.26,SYN.ETH-30AUG19,1565953145740,open,0.0,4133.0,0.001,0.011,0.000115,130.02,0.002,0.0,ETH-30AUG19-400-C,184.12,0.0,0.0,0.0,0.002,350.0,175.28,0.00195,-0.00916,0.00011,0.00012,0.00169
184.26,SYN.ETH-30AUG19,1565953145739,open,0.03,3212.0,0.006,0.044,0.021958,94.71,0.026,0.0,ETH-30AUG19-160-P,184.12,89.12,0.019,459.0,0.024,200.0,98.46,0.09929,-0.33886,-0.01525,0.00812,-0.19578
184.19,SYN.ETH-23AUG19,1565953145739,open,0.01,280.0,0.001,0.017,0.004946,91.86,0.004,0.0,ETH-23AUG19-220-C,184.12,81.98,0.003,250.0,0.006,250.0,96.4,0.04077,-0.27231,0.00292,0.00694,0.08915
184.19,SYN.ETH-23AUG19,1565953145739,open,0.09,72.0,0.062,0.129,0.097594,94.86,0.108,0.0,ETH-23AUG19-170-C,184.12,76.58,0.09,50.0,0.098,50.0,95.8,0.07998,-0.55175,0.02271,0.01319,0.75207
184.19,SYN.ETH-23AUG19,1565953145739,open,0.12,300.0,0.067,0.145,0.105986,91.61,0.094,0.0,ETH-23AUG19-200-P,184.12,89.46,0.105,50.0,0.114,50.0,108.48,0.08465,-0.56393,-0.02877,0.01446,-0.72304
184.19,SYN.ETH-23AUG19,1565953145739,open,0.06,589.0,0.029,0.093,0.061927,91.9,0.062,0.0,ETH-23AUG19-180-C,184.12,80.73,0.056,150.0,0.064,150.0,95.81,0.09786,-0.65401,0.01857,0.01666,0.59703
184.26,SYN.ETH-30AUG19,1565953145739,open,0.0,3920.0,0.001,0.011,0.00045,130.02,0.001,0.0,ETH-30AUG19-360-C,184.12,0.0,0.0,0.0,0.002,350.0,155.5,0.00606,-0.02839,0.00039,0.00036,0.00595
184.26,SYN.ETH-30AUG19,1565953145740,open,0.08,769.0,0.048,0.116,0.083619,93.09,0.082,0.0,ETH-30AUG19-180-C,184.12,85.68,0.078,150.0,0.086,150.0,96.22,0.13991,-0.46929,0.03525,0.01165,0.58691
184.19,SYN.ETH-23AUG19,1565953145739,open,0.05,407.0,0.012,0.069,0.039051,91.7,0.043,0.0,ETH-23AUG19-180-P,184.12,87.84,0.037,150.0,0.043,1.0,99.13,0.09785,-0.65254,-0.01533,0.0167,-0.40287
184.19,SYN.ETH-23AUG19,1565953145739,open,0.02,147.0,0.004,0.044,0.020434,94.63,0.022,0.0,ETH-23AUG19-170-P,184.12,88.95,0.018,200.0,0.023,442.0,100.48,0.07991,-0.54991,-0.0093,0.01321,-0.24751
184.19,SYN.ETH-23AUG19,1565953145739,open,0.01,556.0,0.001,0.028,0.010376,91.86,0.011,0.0,ETH-23AUG19-210-C,184.12,84.54,0.008,200.0,0.012,487.0,96.52,0.06258,-0.41809,0.00534,0.01066,0.16431
184.26,SYN.ETH-30AUG19,1565953145741,open,0.0,2280.0,0.001,0.011,0.001024,121.25,0.003,0.0,ETH-30AUG19-320-C,184.12,0.0,0.0,0.0,0.002,300.0,132.73,0.01229,-0.05368,0.00086,0.00079,0.01333
184.19,SYN.ETH-23AUG19,1565953145739,open,0.08,330.0,0.033,0.104,0.068249,91.67,0.06,0.0,ETH-23AUG19-190-P,184.12,89.34,0.067,150.0,0.075,150.0,104.16,0.09917,-0.66104,-0.02225,0.01693,-0.5729
184.26,SYN.ETH-30AUG19,1565953145740,open,0.04,482.0,0.015,0.069,0.040842,93.94,0.033,0.0,ETH-30AUG19-200-C,184.12,87.26,0.036,420.0,0.043,200.0,96.89,0.13453,-0.45539,0.02242,0.01109,0.36093
184.26,SYN.ETH-30AUG19,1565953145740,open,0.14,567.0,0.084,0.167,0.126151,93.78,0.139,0.0,ETH-30AUG19-200-P,184.12,90.82,0.124,150.0,0.133,150.0,103.08,0.13448,-0.45445,-0.05363,0.01111,-0.63941
10104.76,SYN.BTC-30AUG19,1565953145735,open,0.03,473.6,0.014,0.0645,0.0381167,91.46,0.036,0.0,BTC-30AUG19-11000-C,10085.88,87.81,0.0355,24.0,0.04,8.6,94.06,7.29309,-24.03468,1.19582,0.00021,0.34942
10104.76,SYN.BTC-30AUG19,1565953145754,open,0.0,0.0035,0.034,0.01546781,93.85,None,0.0,BTC-30AUG19-8500-P,10085.88,90.57,0.014,24.0,0.017,24.0,97.17,4.59303,-15.53337,-0.63551,0.00013,-0.14997
10292.58,BTC-27DEC19,1565953145762,open,0.13,263.1,0.0875,0.1855,0.1377465,92.41,0.136,0.0,BTC-27DEC19-13000-C,10085.88,90.83,0.134,3.6,0.1415,13.7,93.98,24.53293,-8.53043,11.48625,7e-05,0.4443
10104.76,SYN.BTC-30AUG19,1565953145773,open,0.07,367.6,0.044,0.105,0.07534181,90.63,0.0695,0.0,BTC-30AUG19-10000-C,10085.88,86.28,0.072,18.0,0.078,18.1,94.08,7.77506,-25.39079,1.85624,0.00022,0.55856
10140.97,BTC-27SEP19,1565953145782,open,0.19,270.2,0.1325,0.218,0.17593967,92.14,0.1985,0.0,BTC-27SEP19-11000-P,10085.88,91.07,0.1745,14.4,0.182,19.4,96.65,13.62869,-14.99446,-8.34826,0.00013,-0.5416
10104.76,SYN.BTC-30AUG19,1565953145790,open,0.14,107.9,0.091,0.1615,0.12668426,91.42,0.14,0.0,BTC-30AUG19-11000-P,10085.88,87.68,0.124,5.0,0.1305,18.6,96.67,7.2924,-24.02193,-2.98614,0.00021,-0.65068
10104.76,SYN.BTC-30AUG19,1565953145798,open,0.14,107.9,0.091,0.1615,0.12668426,91.42,0.14,0.0,BTC-30AUG19-11000-P,10085.88,87.68,0.124,5.0,0.1305,18.0,96.67,7.2924,-24.02193,-2.98614,0.00021,-0.65068
10095.7,SYN.BTC-23AUG19,1565953145801,open,0.03,177.4,0.01,0.058,0.03268307,89.92,0.03,0.0,BTC-23AUG19-10500-C,10085.88,86.74,0.031,18.0,0.034,0.2,92.41,5.34908,-34.97853,0.69629,0.00031,0.39881
10104.76,SYN.BTC-30AUG19,1565953145802,open,0.14,107.9,0.091,0.1615,0.12668426,91.42,0.14,0.0,BTC-30AUG19-11000-P,10085.88,87.68,0.124,5.0,0.13,0.4,95.99,7.2924,-24.02193,-2.98614,0.00021,-0.65068
10095.7,SYN.BTC-23AUG19,1565953145804,open,0.09,138.3,0.0415,0.1035,0.07270138,89.87,0.075,0.0,BTC-23AUG19-10500-P,10085.88,87.6,0.0715,18.0,0.078,18.0,99.82,5.34877,-34.95584,-1.28177,0.00031,-0.60128
10104.76,SYN.BTC-30AUG19,1565953145821,open,0.14,107.9,0.091,0.1615,0.12668426,91.42,0.14,0.0,BTC-30AUG19-11000-P,10085.88,87.68,0.124,5.0,0.1305,18.0,96.67,7.2924,-24.02193,-2.98614,0.00021,-0.65068
10292.58,BTC-27DEC19,1565953145985,open,0.03,103.1,0.0095,0.044,0.02465158,90.9,0.023,0.0,BTC-27DEC19-5500-P,10085.88,89.01,0.023,6.0,0.027,21.0,93.52,9.08052,-3.10607,-3.8563,3e-05,-0.07827
184.18,SYN.ETH-23AUG19,1565953146189,open,0.23,0.0,0.217,0.266,0.241405,106.83,None,0.0,ETH-23AUG19-140-C,184.12,0.0,0.0,0.0,0.0,0.0,0.0,0.01524,-0.11842,0.02542,0.00223,0.97405
185.89,ETH-27DEC19,1565953146378,open,0.08,1017.0,0.039,0.122,0.080225,101.46,0.08,0.0,ETH-27DEC19-320-C,184.12,98.86,0.075,40.0,0.085,265.0,103.78,0.37791,-0.14428,0.13555,0.00296,0.28054
184.18,SYN.ETH-23AUG19,1565953146379,open,0.0,14.0,0.001,0.011,0.001473,106.24,0.001,0.0,ETH-23AUG19-140-P,184.12,99.71,0.001,2.0,0.002,300.0,112.15,0.01495,-0.11551,-0.00093,0.0022,-0.02536
184.25,SYN.ETH-30AUG19,1565953146388,open,0.0,0.052,0.128,0.090682,93.84,None,0.0,ETH-30AUG19-190-P,184.12,90.38,0.088,150.0,0.096,150.0,100.69,0.14289,-0.48317,-0.04351,0.0118,-0.53053
184.26,SYN.ETH-30AUG19,1565953146396,open,0.0,0.079,0.149,0.116041,94.85,None,0.0,ETH-30AUG19-170-C,184.12,84.23,0.109,150.0,0.117,150.0,96.17,0.12468,-0.42612,0.04099,0.01018,0.70125
184.25,SYN.ETH-30AUG19,1565953146403,open,0.0,0.027,0.09,0.059526,93.93,None,0.0,ETH-30AUG19-190-C,184.12,86.8,0.054,150.0,0.062,150.0,97.12,0.1429,-0.48367,0.02872,0.01179,0.46957
184.25,SYN.ETH-30AUG19,1565953146545,open,0.0,0.123,0.21,0.166889,93.79,None,0.0,ETH-30AUG19-210-P,184.12,29.12,0.14,2.0,0.0,0.0,0.0,0.11796,-0.39867,-0.06308,0.00975,-0.73369
10291.58,BTC-27DEC19,1565953146552,open,1.97,0.2,1.8625,2.0095,1.93140826,101.45,2.03,0.0,BTC-27DEC19-30000-P,10085.88,0.0,0.0,0.0,0.0,0.0,0.0,8.76199,-3.34495,-107.02925,2e-05,-0.92531
10291.58,BTC-27DEC19,1565953146561,open,3.74,0.0,3.574,3.7725,3.66853532,109.39,None,0.0,BTC-27DEC19-48000-P,10085.88,0.0,0.0,0.0,0.0,0.0,0.0,3.33183,-1.37145,-174.06421,1e-05,-0.97742
10291.58,BTC-27DEC19,1565953146626,open,1.4,0.0,1.2975,1.4335,1.36181276,97.93,None,0.0,BTC-27DEC19-24000-P,10085.28,0.0,0.006,1.0,2.136,0.2,499.64,12.9701,-4.77942,-83.705,3e-05,-0.87236
10140.13,BTC-27SEP19,1565953146626,open,0.0,586.8,0.0005,0.0105,0.00013148,124.9,0.0005,0.0,BTC-27SEP19-3000-P,10085.28,0.0,0.0,0.0,0.001,15.0,155.83,0.1156,-0.17239,-0.01316,0.0,-0.001
10291.58,BTC-27DEC19,1565953146626,open,0.66,4.0,0.6545,0.676,0.66419965,97.22,0.64,0.0,BTC-27DEC19-3500-C,10085.28,0.0,0.603,10.0,0.666,3.0,103.75,2.55231,-0.93371,11.96272,1e-05,0.9835
10140.13,BTC-27SEP19,1565953146626,open,0.55,289.7,0.5475,0.5685,0.55781724,113.76,0.588,0.0,BTC-27SEP19-4500-C,10085.28,0.0,0.5015,10.0,0.607,10.0,255.34,0.97059,-1.31839,5.01974,1e-05,0.98931
10140.13,BTC-27SEP19,1565953146626,open,0.75,55.9,0.744,0.7635,0.75350051,130.69,0.689,0.0,BTC-27SEP19-2500-C,10085.28,0.0,0.6885,10.0,0.8145,10.0,448.52,0.04462,-0.06963,2.86352,0.0,0.99964
10140.13,BTC-27SEP19,1565953146626,open,0.0,125.2,0.0005,0.0105,0.00051595,118.54,0.0005,0.0,BTC-27SEP19-3750-P,10085.28,0.0,0.0,0.0,0.001,2.0,128.64,0.37951,-0.53717,-0.04906,0.0,-0.0037
10291.58,BTC-27DEC19,1565953146626,open,4.13,0.8,3.954,4.167,4.05593306,109.34,3.59,0.0,BTC-27DEC19-52000-P,10085.28,0.0,0.001,1.0,0.0,0.0,0.0,2.58748,-1.0646,-188.79619,1e-05,-0.98323
10291.58,BTC-27DEC19,1565953146626,open,0.1,429.3,0.056,0.147,0.10092657,93.7,0.1025,0.0,BTC-27DEC19-15000-C,10085.28,92.38,0.098,4.9,0.104,13.1,95.07,23.01424,-8.11422,9.35404,6e-05,0.3506
10140.13,BTC-27SEP19,1565953146626,open,0.26,91.6,0.2025,0.292,0.24763824,93.35,0.2205,0.0,BTC-27SEP19-12000-P,10085.28,50.67,0.1995,4.0,0.267,9.0,108.45,12.77413,-14.2382,-10.39606,0.00012,-0.64599
10291.58,BTC-27DEC19,1565953146626,open,0.76,0.0,0.749,0.7685,0.75866625,107.55,None,0.0,BTC-27DEC19-2500-C,10085.28,0.0,0.693,10.0,0.8205,10.0,258.61,1.07484,-0.435,8.81238,0.0,0.99388
10290.98,BTC-27DEC19,1565953146626,open,0.27,220.4,0.2025,0.316,0.26051802,91.29,0.256,0.0,BTC-27DEC19-11000-P,10085.28,89.39,0.256,3.6,0.2655,5.0,93.39,24.4773,-8.40844,-26.19259,7e-05,-0.43863
10290.98,BTC-27DEC19,1565953146626,open,0.1,415.3,0.0605,0.1385,0.09908082,90.4,0.096,0.0,BTC-27DEC19-8000-P,10085.28,87.9,0.0945,12.9,0.101,9.9,91.44,18.91565,-6.43447,-12.37905,5e-05,-0.23135
10290.98,BTC-27DEC19,1565953146626,open,0.57,6.5,0.558,0.5915,0.57408671,93.3,0.575,0.0,BTC-27DEC19-4500-C,10085.28,0.0,0.517,10.0,0.626,10.0,158.59,5.34826,-1.87759,14.45853,1e-05,0.96002
10140.13,BTC-27SEP19,1565953146626,open,0.0,49.2,0.0005,0.0105,0.00025769,124.9,0.0015,0.0,BTC-27SEP19-3250-P,10085.28,0.0,0.0,0.0,0.002,15.0,160.85,0.20375,-0.30384,-0.02462,0.0,-0.00186
10290.98,BTC-27DEC19,1565953146626,open,0.8,0.0,0.797,0.8165,0.80685229,119.49,None,0.0,BTC-27DEC19-2000-C,10085.28,0.0,0.739,10.0,0.871,10.0,307.09,0.77433,-0.34816,7.07731,0.0,0.99576
10290.98,BTC-27DEC19,1565953146626,open,0.01,532.8,0.0015,0.0235,0.01132975,93.23,0.009,0.0,BTC-27DEC19-4500-P,10085.28,89.55,0.0095,14.0,0.013,21.0,96.34,5.34066,-1.87364,-1.91955,1e-05,-0.03991
10290.98,BTC-27DEC19,1565953146626,open,0.02,160.2,0.007,0.052,0.02451971,99.54,0.0245,0.0,BTC-27DEC19-26000-C,10085.28,98.62,0.0235,6.0,0.0265,14.0,101.29,11.44256,-4.2861,3.0886,3e-05,0.10696
10290.98,BTC-27DEC19,1565953146626,open,3.34,0.0,3.1925,3.3775,3.28036745,105.24,3.46,0.0,BTC-27DEC19-44000-P,10085.28,0.0,0.0,0.0,0.0,0.0,0.0,3.55421,-1.40756,-159.4443,1e-05,-0.97561
10290.98,BTC-27DEC19,1565953146626,open,0.0,282.7,0.0005,0.0155,0.0045618,109.5,0.0045,0.0,BTC-27DEC19-48000-C,10085.28,105.93,0.0035,1.0,0.0055,14.0,112.2,3.34829,-1.37957,0.68016,1e-05,0.02272
10290.98,BTC-27DEC19,1565953146627,open,1.59,0.0,1.485,1.625,1.55083214,99.39,None,0.0,BTC-27DEC19-26000-P,10085.28,0.0,0.0045,10.0,2.3235,0.2,499.63,11.40175,-4.26417,-91.57593,3e-05,-0.89357
10290.98,BTC-27DEC19,1565953146627,open,0.0,384.0,0.0005,0.0125,0.00255874,101.16,0.002,0.0,BTC-27DEC19-3000-P,10085.28,93.46,0.0015,18.0,0.0035,10.0,106.43,1.6609,-0.63222,-0.47206,0.0,-0.01004
10140.13,BTC-27SEP19,1565953146627,open,0.01,560.6,0.0005,0.0155,0.0057157,96.51,0.007,0.0,BTC-27SEP19-6000-P,10085.28,91.93,0.0045,39.0,0.007,44.0,100.81,2.86742,-3.3042,-0.51407,3e-05,-0.03847
10140.13,BTC-27SEP19,1565953146627,open,0.01,449.1,0.0005,0.023,0.00869487,100.97,0.0085,0.0,BTC-27SEP19-18000-C,10085.28,98.1,0.0075,24.0,0.01,0.1,103.86,4.40193,-5.3069,0.66558,4e-05,0.06591
10290.98,BTC-27DEC19,1565953146628,open,0.85,0.1,0.845,0.8645,0.85472063,125.57,0.84,0.0,BTC-27DEC19-1500-C,10085.28,0.0,0.785,10.0,0.9,0.1,318.79,0.34807,-0.16447,5.37725,0.0,0.99825
10140.13,BTC-27SEP19,1565953146628,open,0.32,748.2,0.302,0.348,0.324836,92.79,0.3625,0.0,BTC-27SEP19-7000-C,10085.28,0.0,0.2775,5.0,0.356,5.0,137.75,5.61103,-6.21653,6.79906,5e-05,0.90927
10140.13,BTC-27SEP19,1565953146627,open,0.58,9.2,0.5725,0.592,0.58216557,117.49,0.574,0.0,BTC-27SEP19-4250-C,10085.28,0.0,0.5245,10.0,0.633,10.0,272.8,0.79887,-1.12065,4.76133,1e-05,0.99144
10290.98,BTC-27DEC19,1565953146628,open,0.02,249.3,0.006,0.0325,0.01694573,91.72,0.0165,0.0,BTC-27DEC19-5000-P,10085.28,88.82,0.015,6.0,0.019,16.0,94.62,7.09797,-2.44975,-2.76776,2e-05,-0.05693
10290.98,BTC-27DEC19,1565953146627,open,0.71,0.0,0.7015,0.721,0.71106143,101.28,None,0.0,BTC-27DEC19-3000-C,10085.28,0.0,0.648,10.0,0.7705,10.0,223.49,1.66904,-0.63609,10.44636,0.0,0.9899
10140.13,BTC-27SEP19,1565953146627,open,0.0,330.4,0.0005,0.0115,0.00153191,106.15,0.0015,0.0,BTC-27SEP19-4750-P,10085.28,91.6,0.0005,21.0,0.0025,39.0,114.49,0.99787,-1.26474,-0.14626,1e-05,-0.01104
10140.13,BTC-27SEP19,1565953146627,open,0.85,42.8,0.8425,0.862,0.85208526,161.63,0.815,0.0,BTC-27SEP19-1500-C,10085.28,0.0,0.7825,10.0,0.919,10.0,500.0,0.01147,-0.02213,1.7198,0.0,0.99992
10094.79,SYN.BTC-23AUG19,1565953146626,open,0.01,191.9,0.0005,0.0195,0.00586778,93.99,0.006,0.0,BTC-23AUG19-12000-C,10085.28,94.54,0.006,30.0,0.007,0.2,98.47,2.45,-16.74641,0.18098,0.00014,0.10104
10290.98,BTC-27DEC19,1565953146628,open,0.61,27.7,0.606,0.633,0.61848656,95.0,0.6705,0.0,BTC-27DEC19-4000-C,10085.28,0.0,0.5595,10.0,0.652,0.2,150.31,3.80809,-1.36129,13.30077,1e-05,0.97352
10290.98,BTC-27DEC19,1565953146628,open,0.08,212.7,0.045,0.131,0.08658133,94.14,0.0915,0.0,BTC-27DEC19-16000-C,10085.28,93.16,0.0845,4.9,0.091,13.2,96.2,21.93652,-7.77065,8.40789,6e-05,0.31101
10290.98,BTC-27DEC19,1565953146628,open,0.01,346.2,0.0005,0.022,0.00725968,105.8,0.006,0.0,BTC-27DEC19-40000-C,10085.28,101.72,0.0055,16.0,0.009,14.0,109.26,4.83668,-1.92565,1.05221,1e-05,0.03535
10290.98,BTC-27DEC19,1565953146628,open,1.21,4.9,1.1115,1.2465,1.17581299,97.03,1.0385,0.0,BTC-27DEC19-22000-P,10085.28,0.0,1.0975,4.0,1.259,4.0,141.68,14.94896,-5.45825,-75.61535,4e-05,-0.84256
10140.13,BTC-27SEP19,1565953146629,open,0.68,0.0,0.67,0.6895,0.67977553,126.17,None,0.0,BTC-27SEP19-3250-C,10085.28,0.0,0.618,10.0,0.7365,10.0,357.17,0.21901,-0.32993,3.70194,0.0,0.99799
10290.98,BTC-27DEC19,1565953146629,open,2.95,0.0,2.812,2.985,2.89390565,105.26,2.58,0.0,BTC-27DEC19-40000-P,10085.28,0.0,0.0005,3.0,0.0,0.0,0.0,4.72702,-1.8723,-144.59199,1e-05,-0.96563
10140.13,BTC-27SEP19,1565953146629,open,0.62,34.4,0.5525,0.64,0.59396922,98.08,0.396,0.0,BTC-27SEP19-16000-P,10085.28,0.0,0.0045,10.0,1.0875,0.2,500.0,6.61499,-7.74648,-17.22022,6e-05,-0.88625
10290.98,BTC-27DEC19,1565953146628,open,0.0,208.8,0.0005,0.0115,0.00156036,107.33,0.0015,0.0,BTC-27DEC19-2500-P,10085.28,92.97,0.0005,10.2,0.0025,10.0,115.07,1.06459,-0.42996,-0.28537,0.0,-0.00606
10140.13,BTC-27SEP19,1565953146629,open,0.0,406.8,0.0005,0.0105,2.525e-05,124.9,0.0005,0.0,BTC-27SEP19-2500-P,10085.28,0.0,0.0,0.0,0.001,15.0,178.26,0.02781,-0.04147,-0.00279,0.0,-0.00021
10140.13,BTC-27SEP19,1565953146629,open,0.0,471.8,0.0005,0.013,0.00304594,106.86,0.0035,0.0,BTC-27SEP19-22000-C,10085.28,100.84,0.002,20.0,0.004,24.0,111.25,2.01123,-2.56612,0.25607,2e-05,0.02506
10103.86,SYN.BTC-30AUG19,1565953146626,open,0.0,297.1,0.0005,0.0125,0.00279437,106.69,0.0045,0.0,BTC-30AUG19-15000-C,10085.28,96.72,0.0015,40.0,0.004,30.0,113.64,1.56821,-6.0292,0.12867,4e-05,0.03629
10290.98,BTC-27DEC19,1565953146630,open,0.04,271.1,0.015,0.058,0.03462211,90.42,0.0355,0.0,BTC-27DEC19-6000-P,10085.28,88.45,0.0325,6.0,0.037,20.9,92.59,11.17563,-3.8024,-5.17565,3e-05,-0.10353
10140.13,BTC-27SEP19,1565953146630,open,0.34,42.9,0.2825,0.3725,0.32730863,94.67,0.305,0.0,BTC-27SEP19-13000-P,10085.28,0.0,0.276,4.0,0.3425,9.0,107.78,11.34476,-12.82357,-12.30669,0.0001,-0.73055
10290.98,BTC-27DEC19,1565953146629,open,0.58,206.6,0.4935,0.6235,0.55841881,93.66,0.454,0.0,BTC-27DEC19-15000-P,10085.28,77.41,0.5235,4.0,0.6185,4.0,119.58,23.00877,-8.10919,-45.25589,6e-05,-0.64958
10290.98,BTC-27DEC19,1565953146630,open,0.45,122.9,0.424,0.4795,0.45162521,90.45,0.469,0.0,BTC-27DEC19-6000-C,10085.28,69.83,0.432,4.0,0.4975,10.0,127.66,11.17953,-3.8052,16.66364,3e-05,0.89642
10139.53,BTC-27SEP19,1565953146630,open,0.12,352.7,0.0765,0.153,0.11523835,91.27,0.1285,0.0,BTC-27SEP19-10000-P,10085.28,89.58,0.113,14.4,0.1195,14.6,94.49,13.43164,-14.63753,-6.23772,0.00012,-0.42098
10139.53,BTC-27SEP19,1565953146630,open,0.02,488.5,0.0045,0.031,0.01510528,92.67,0.017,0.0,BTC-27SEP19-7000-P,10085.28,89.7,0.0135,25.0,0.0165,5.0,95.15,5.60262,-6.19954,-1.22912,5e-05,-0.09055
10139.53,BTC-27SEP19,1565953146630,open,0.52,29.7,0.4595,0.548,0.50198646,97.05,0.335,0.0,BTC-27SEP19-15000-P,10085.28,0.0,0.448,4.0,0.557,4.0,150.77,8.08646,-9.3705,-15.70161,7e-05,-0.84778
10103.86,SYN.BTC-30AUG19,1565953146627,open,0.21,23.0,0.195,0.24,0.21711119,97.38,0.2,0.0,BTC-30AUG19-8000-C,10085.28,0.0,0.18,1.0,0.0,0.0,0.0,3.26863,-11.46953,2.65124,9e-05,0.90735
10094.79,SYN.BTC-23AUG19,1565953146626,open,0.02,85.9,0.0015,0.0295,0.01189645,92.4,0.0115,0.0,BTC-23AUG19-9000-P,10085.28,91.23,0.0115,26.0,0.0125,0.1,94.15,3.45768,-23.23246,-0.33899,0.00019,-0.16637
10103.86,SYN.BTC-30AUG19,1565953146626,open,0.01,1357.0,0.0005,0.023,0.00881758,97.16,0.0095,0.0,BTC-30AUG19-8000-P,10085.28,92.93,0.0075,38.0,0.01,30.0,100.73,3.25759,-11.40516,-0.38811,9e-05,-0.09223
10094.79,SYN.BTC-23AUG19,1565953146626,open,0.25,0.0,0.242,0.276,0.25833354,111.3,None,0.0,BTC-23AUG19-7500-C,10085.28,0.0,0.0,0.0,0.0,0.0,0.0,0.71667,-5.80077,1.36924,3e-05,0.97838
10103.86,SYN.BTC-30AUG19,1565953146628,open,0.02,538.3,0.004,0.04,0.01873217,94.17,0.0175,0.0,BTC-30AUG19-12000-C,10085.28,90.94,0.017,24.0,0.0205,34.0,97.38,5.50018,-18.66477,0.69277,0.00015,0.19909
10103.86,SYN.BTC-30AUG19,1565953146629,open,0.0,768.5,0.0005,0.0105,0.00076599,121.55,0.0005,0.0,BTC-30AUG19-18000-C,10085.28,0.0,0.0,0.0,0.0015,5.0,132.34,0.5353,-2.34468,0.03633,1e-05,0.01022
10094.79,SYN.BTC-23AUG19,1565953146626,open,0.0,64.6,0.0005,0.0105,0.00052423,119.65,0.001,0.0,BTC-23AUG19-15000-C,10085.28,0.0,0.0,0.0,0.001,8.0,129.97,0.3665,-3.18877,0.01786,2e-05,0.00991
10103.86,SYN.BTC-30AUG19,1565953146630,open,0.3,0.0,0.2935,0.328,0.30997863,107.36,None,0.0,BTC-30AUG19-7000-C,10085.28,0.0,0.0,0.0,0.0,0.0,0.0,1.39888,-5.4117,2.52907,3e-05,0.96841
10103.86,SYN.BTC-30AUG19,1565953146630,open,0.61,0.0,0.5525,0.621,0.58494813,108.45,0.403,0.0,BTC-30AUG19-16000-P,10085.28,0.0,0.0,0.0,0.0,0.0,0.0,0.92605,-3.61902,-6.01366,2e-05,-0.98068
184.5,ETH-27SEP19,1565953146701,open,0.07,7857.0,0.033,0.096,0.064186,94.88,0.063,0.0,ETH-27SEP19-160-P,184.12,91.15,0.06,160.0,0.067,160.0,97.37,0.20774,-0.23533,-0.07135,0.00561,-0.27291
10290.98,BTC-27DEC19,1565953146713,open,0.21,418.6,0.145,0.249,0.19801452,90.39,0.194,0.0,BTC-27DEC19-10000-P,10085.28,88.63,0.194,4.9,0.203,5.0,92.57,23.49458,-7.99111,-21.37297,7e-05,-0.37249
184.5,ETH-27SEP19,1565953146714,open,2.08,24.0,1.947,2.131,2.036471,128.15,1.356,0.0,ETH-27SEP19-560-P,184.12,0.0,0.0,0.0,0.0,0.0,0.0,0.0161,-0.02464,-0.6407,0.00032,-0.99038
10094.79,SYN.BTC-23AUG19,1565953146717,open,0.05,276.8,0.0175,0.0725,0.0443684,89.82,0.046,0.0,BTC-23AUG19-10000-P,10085.28,87.3,0.043,18.0,0.0475,2.0,95.6,5.47487,-35.76128,-0.93069,0.00032,-0.44505
10140.13,BTC-27SEP19,1565953146725,open,0.19,270.2,0.1325,0.218,0.17595694,92.11,0.1985,0.0,BTC-27SEP19-11000-P,10085.28,91.03,0.1745,14.4,0.182,5.0,96.61,13.62698,-14.98748,-8.34965,0.00013,-0.54176
184.5,ETH-27SEP19,1565953146742,open,1.86,12.0,1.737,1.909,1.820177,125.92,1.193,0.0,ETH-27SEP19-520-P,184.12,0.0,0.0,0.0,0.0,0.0,0.0,0.02139,-0.03216,-0.59413,0.00044,-0.98666
184.5,ETH-27SEP19,1565953146744,open,0.98,233.0,0.896,1.022,0.956157,102.42,0.634,0.0,ETH-27SEP19-360-P,184.12,0.0,0.885,25.0,1.014,25.0,185.66,0.0536,-0.06555,-0.40565,0.00134,-0.96023
185.89,ETH-27DEC19,1565953146752,open,1.64,21.0,1.519,1.713,1.612394,106.05,0.629,0.0,ETH-27DEC19-480-P,184.12,0.0,0.001,7.0,0.0,0.0,0.0,0.22764,-0.09084,-1.68496,0.00171,-0.8775
184.25,SYN.ETH-30AUG19,1565953146752,open,0.24,0.0,0.218,0.271,0.245078,95.11,None,0.0,ETH-30AUG19-140-C,184.12,0.0,0.0,0.0,0.0,0.0,0.0,0.04155,-0.1424,0.04883,0.00339,0.94221
