underlying_price,underlying_index,timestamp,state,settlement_price,open_interest,min_price,max_price,mark_price,mark_iv,last_price,interest_rate,instrument_name,index_price,bid_iv,best_bid_price,best_bid_amount,best_ask_price,best_ask_amount,ask_iv,vega,theta,rho,gamma,delta
153.77,ETH-27DEC19,1575111539993,open,0.0,3867.0,0.001,0.014,0.004569,97.24,0.005,0.0,ETH-27DEC19-100-P,153.78,89.59,0.003,390.0,0.006,161.0,103.04,0.03521,-0.0637,-0.00493,0.00208,-0.03898
155.68,ETH-27MAR20,1575111539993,open,0.51,20.0,0.479,0.529,0.503274,91.3,0.613,0.0,ETH-27MAR20-80-C,153.78,0.0,0.486,1.0,0.0,0.0,0.0,0.1074,-0.04159,0.21883,0.0015,0.93853
153.77,ETH-27DEC19,1575111539993,open,0.43,2830.0,0.392,0.489,0.438296,86.18,0.65,0.0,ETH-27DEC19-220-P,153.78,0.0,0.43,50.0,0.458,1.0,121.13,0.0612,-0.09813,-0.15395,0.00408,-0.92141
153.77,ETH-27DEC19,1575111539993,open,0.05,4463.0,0.021,0.077,0.045657,80.33,0.039,0.0,ETH-27DEC19-140-P,153.78,65.45,0.032,488.0,0.04,128.0,74.25,0.14393,-0.21511,-0.03855,0.01029,-0.29482
155.68,ETH-27MAR20,1575111539996,open,0.04,1039.0,0.016,0.082,0.043155,103.17,0.032,0.0,ETH-27MAR20-320-C,153.78,91.04,0.027,260.0,0.034,260.0,96.61,0.22781,-0.0997,0.06614,0.00282,0.1747
153.77,ETH-27DEC19,1575111540003,open,1.19,0.0,1.147,1.284,1.21226,120.0,None,0.0,ETH-27DEC19-340-P,153.78,0.0,0.003,9.0,0.0,0.0,0.0,0.01254,-0.028,-0.24918,0.0006,-0.98852
153.77,ETH-27DEC19,1575111540008,open,0.0,16677.0,0.001,0.011,1e-06,120.0,0.001,0.0,ETH-27DEC19-640-C,153.78,0.0,0.0,0.0,0.004,11.0,225.34,2e-05,-5e-05,0.0,0.0,1e-05
155.68,ETH-27MAR20,1575111540008,open,0.02,834.0,0.006,0.035,0.017148,91.3,0.01,0.0,ETH-27MAR20-80-P,153.78,83.25,0.012,320.0,0.017,321.0,91.09,0.1074,-0.04159,-0.03952,0.0015,-0.06147
153.77,ETH-27DEC19,1575111540010,open,3.65,0.0,3.546,3.826,3.682318,120.0,None,0.0,ETH-27DEC19-720-P,153.78,0.0,0.004,50.0,0.0,0.0,0.0,0.0,-1e-05,-0.53015,0.0,-1.0
155.68,ETH-27MAR20,1575111540010,open,2.07,0.0,1.997,2.207,2.095641,106.25,None,0.0,ETH-27MAR20-480-P,153.78,0.0,0.004,50.0,0.0,0.0,0.0,0.10406,-0.0469,-1.52669,0.00125,-0.94096
157.04,SYN.ETH-26JUN20,1575111540010,open,0.3,90.0,0.24,0.346,0.294261,84.2,0.282,0.0,ETH-26JUN20-140-C,153.78,80.35,0.284,210.0,0.303,210.0,87.48,0.4185,-0.08435,0.35657,0.00352,0.69103
153.78,SYN.ETH-6DEC19,1575111540010,open,0.01,558.0,0.001,0.024,0.006715,71.4,0.003,0.0,ETH-6DEC19-140-P,153.78,64.99,0.005,1.0,0.009,200.0,79.09,0.04337,-0.26355,-0.00363,0.01596,-0.13975
157.04,SYN.ETH-26JUN20,1575111540010,open,0.21,426.0,0.145,0.258,0.201851,84.5,0.19,0.0,ETH-26JUN20-180-C,153.78,82.22,0.195,210.0,0.213,210.0,88.22,0.47127,-0.09532,0.30591,0.00395,0.54226
155.68,ETH-27MAR20,1575111540013,open,0.51,30.0,0.453,0.611,0.52996,103.17,0.306,0.0,ETH-27MAR20-220-P,153.78,69.01,0.461,300.0,0.524,1.0,100.41,0.33775,-0.14781,-0.57647,0.00418,-0.61664
155.68,ETH-27MAR20,1575111540013,open,0.41,1.0,0.366,0.438,0.402224,91.3,0.337,0.0,ETH-27MAR20-100-C,153.78,38.29,0.359,1.0,0.0,0.0,0.0,0.19008,-0.07362,0.23369,0.00266,0.86704
153.78,SYN.ETH-13DEC19,1575111540015,open,0.0,50.0,0.001,0.012,0.002035,97.41,0.003,0.0,ETH-13DEC19-110-P,153.78,0.0,0.0,0.0,0.004,203.0,110.91,0.01815,-0.06865,-0.00159,0.00223,-0.02726
153.78,SYN.ETH-13DEC19,1575111540015,open,0.0,10.0,0.001,0.014,0.003322,82.83,0.005,0.0,ETH-13DEC19-200-C,153.78,67.45,0.001,2.0,0.005,200.0,90.13,0.03145,-0.10115,0.00272,0.00455,0.05353
153.78,SYN.ETH-13DEC19,1575111540015,open,0.29,0.0,0.263,0.311,0.286705,97.41,None,0.0,ETH-13DEC19-110-C,153.78,0.0,0.284,1.0,0.471,1.0,500.0,0.01815,-0.06865,0.03721,0.00223,0.97274
153.78,SYN.ETH-13DEC19,1575111540015,open,0.29,0.0,0.264,0.348,0.303922,82.83,None,0.0,ETH-13DEC19-200-P,153.78,0.0,0.3,1.0,0.581,1.0,500.0,0.03145,-0.10115,-0.06783,0.00455,-0.94647
153.78,SYN.ETH-6DEC19,1575111540024,open,0.16,0.0,0.137,0.213,0.173347,79.81,None,0.0,ETH-6DEC19-180-P,153.78,0.0,0.17,1.0,0.364,1.0,500.0,0.02511,-0.17053,-0.02741,0.00826,-0.93374
153.78,SYN.ETH-6DEC19,1575111540024,open,0.29,1.0,0.263,0.308,0.285309,120.0,0.286,0.0,ETH-6DEC19-110-C,153.78,0.0,0.284,1.0,0.384,1.0,500.0,0.00583,-0.05954,0.01741,0.00128,0.9886
7713.43,SYN.BTC-6DEC19,1575111540028,open,0.32,0.0,0.306,0.335,0.31962169,121.25,None,0.0,BTC-6DEC19-5250-C,7708.28,0.0,0.308,9.0,0.3275,9.0,215.78,0.1408,-1.4528,0.83865,1e-05,0.99503
7713.43,SYN.BTC-6DEC19,1575111540028,open,0.0,54.3,0.0005,0.0105,0.00023078,119.99,0.0005,0.0,BTC-6DEC19-5250-P,7708.28,131.71,0.0005,5.7,0.001,14.1,144.95,0.13181,-1.34584,-0.00602,1e-05,-0.00462
153.78,SYN.ETH-6DEC19,1575111540038,open,0.36,1.0,0.33,0.369,0.349796,120.0,0.337,0.0,ETH-6DEC19-100-C,153.78,0.0,0.349,1.0,0.424,1.0,500.0,0.00115,-0.01177,0.01605,0.00025,0.99815
153.78,SYN.ETH-6DEC19,1575111540041,open,0.0,105.0,0.001,0.011,8.5e-05,120.0,0.001,0.0,ETH-6DEC19-100-P,153.78,0.0,0.0,0.0,0.008,1.0,235.38,0.00115,-0.01177,-5e-05,0.00025,-0.00185
155.68,ETH-27MAR20,1575111540047,open,0.84,173.0,0.781,0.95,0.862172,103.17,1.157,0.0,ETH-27MAR20-280-P,153.78,0.0,0.798,1.0,0.875,1.0,110.23,0.2747,-0.12022,-0.81583,0.0034,-0.76053
157.04,SYN.ETH-26JUN20,1575111540047,open,0.13,474.0,0.076,0.183,0.127456,88.26,0.132,0.0,ETH-26JUN20-240-C,153.78,86.01,0.121,190.0,0.135,180.0,90.86,0.45287,-0.09568,0.22832,0.00364,0.38152
155.68,ETH-27MAR20,1575111540050,open,0.23,35.0,0.18,0.272,0.226906,80.6,0.198,0.0,ETH-27MAR20-140-C,153.78,39.77,0.145,1.0,0.853,1.0,500.0,0.3174,-0.10852,0.22656,0.00503,0.67753
153.78,SYN.ETH-6DEC19,1575111540050,open,0.0,274.0,0.001,0.011,0.001508,105.92,0.001,0.0,ETH-6DEC19-120-P,153.78,98.89,0.001,9.0,0.002,11.0,111.48,0.0125,-0.11264,-0.00073,0.0031,-0.02789
157.04,SYN.ETH-26JUN20,1575111540050,open,0.15,688.0,0.092,0.203,0.146508,86.83,0.161,0.0,ETH-26JUN20-220-C,153.78,84.63,0.14,180.0,0.154,180.0,89.35,0.4659,-0.09683,0.25177,0.0038,0.42666
155.68,ETH-27MAR20,1575111540054,open,1.82,0.0,1.749,1.946,1.840993,103.27,None,0.0,ETH-27MAR20-440-P,153.78,0.0,0.003,50.0,0.0,0.0,0.0,0.11859,-0.05195,-1.39323,0.00147,-0.93015
155.68,ETH-27MAR20,1575111540058,open,1.32,6.0,1.257,1.438,1.34212,103.17,1.188,0.0,ETH-27MAR20-360-P,153.78,0.0,0.01,30.0,2.084,1.0,500.0,0.185,-0.08096,-1.11326,0.00229,-0.87215
153.77,ETH-27DEC19,1575111540058,open,0.0,6667.0,0.001,0.011,3.4e-05,120.0,0.001,0.0,ETH-27DEC19-480-C,153.78,0.0,0.0,0.0,0.001,15.0,159.55,0.00064,-0.00144,4e-05,3e-05,0.00043
153.78,SYN.ETH-6DEC19,1575111540058,open,0.0,253.0,0.001,0.011,0.000627,120.0,0.001,0.0,ETH-6DEC19-110-P,153.78,0.0,0.0,0.0,0.006,1.0,179.5,0.00583,-0.05954,-0.0003,0.00128,-0.0114
153.78,SYN.ETH-6DEC19,1575111540058,open,0.29,0.0,0.263,0.343,0.301141,92.06,None,0.0,ETH-6DEC19-200-P,153.78,0.0,0.0,0.0,0.0,0.0,0.0,0.00705,-0.05523,-0.03186,0.00201,-0.9858
155.68,ETH-27MAR20,1575111540060,open,0.13,98.0,0.083,0.175,0.128382,81.34,0.131,0.0,ETH-27MAR20-180-C,153.78,78.06,0.121,300.0,0.136,300.0,84.7,0.35173,-0.12135,0.17022,0.00553,0.46695
157.04,SYN.ETH-26JUN20,1575111540060,open,0.05,862.0,0.02,0.095,0.051224,95.71,0.058,0.0,ETH-26JUN20-400-C,153.78,92.99,0.046,140.0,0.057,140.0,98.59,0.30774,-0.07051,0.11246,0.00228,0.17637
157.04,SYN.ETH-26JUN20,1575111540060,open,0.17,555.0,0.115,0.229,0.171709,85.86,0.165,0.0,ETH-26JUN20-200-C,153.78,83.63,0.165,210.0,0.181,210.0,88.94,0.47339,-0.0973,0.27798,0.00391,0.48103
153.77,ETH-27DEC19,1575111540062,open,2.1,21.0,2.031,2.218,2.121579,120.0,0.629,0.0,ETH-27DEC19-480-P,153.78,0.0,0.002,50.0,0.0,0.0,0.0,0.00064,-0.00144,-0.35339,3e-05,-0.99957
155.68,ETH-27MAR20,1575111540062,open,0.01,2340.0,0.001,0.027,0.009123,106.29,0.011,0.0,ETH-27MAR20-520-C,153.78,102.02,0.007,220.0,0.011,220.0,109.57,0.08395,-0.03785,0.01807,0.00101,0.04506
157.04,SYN.ETH-26JUN20,1575111540062,open,0.02,580.0,0.007,0.057,0.024355,105.87,0.027,0.0,ETH-26JUN20-640-C,153.78,102.98,0.021,140.0,0.028,140.0,108.78,0.18956,-0.04804,0.05711,0.00127,0.08791
153.77,ETH-27DEC19,1575111540072,open,0.36,0.0,0.331,0.378,0.354247,97.24,None,0.0,ETH-27DEC19-100-C,153.78,0.0,0.001,9.0,0.42,30.0,228.61,0.03521,-0.0637,0.0687,0.00208,0.96102
153.78,SYN.ETH-6DEC19,1575111540072,open,0.02,728.0,0.002,0.041,0.017263,65.29,0.018,0.0,ETH-6DEC19-160-C,153.78,51.24,0.011,210.0,0.019,160.0,69.04,0.07074,-0.39298,0.00776,0.02846,0.3309
7780.2,SYN.BTC-31JAN20,1575111540077,open,0.04,2.4,0.0205,0.071,0.04106274,66.62,0.041,0.0,BTC-31JAN20-9500-C,7708.54,65.12,0.039,8.0,0.042,12.8,67.3,10.73213,-5.77752,3.11554,0.00016,0.27728
7719.56,SYN.BTC-13DEC19,1575111540077,open,0.13,0.0,0.1155,0.1715,0.14039879,57.32,None,0.0,BTC-13DEC19-8750-P,7708.54,0.0,0.0,0.0,0.0,0.0,0.0,3.12362,-6.95252,-2.74197,0.00026,-0.86652
7780.2,SYN.BTC-31JAN20,1575111540077,open,0.03,13.4,0.01,0.05,0.02462005,69.05,0.027,0.0,BTC-31JAN20-10500-C,7708.54,67.54,0.023,8.0,0.0255,12.8,69.86,8.42921,-4.70347,2.05998,0.00012,0.18081
7719.56,SYN.BTC-13DEC19,1575111540077,open,0.23,0.0,0.208,0.2465,0.22580942,82.95,None,0.0,BTC-13DEC19-6000-C,7708.54,0.0,0.217,7.0,0.2375,7.0,124.58,1.37429,-4.42682,1.98569,8e-05,0.955
7719.56,SYN.BTC-13DEC19,1575111540077,open,0.02,24.2,0.0065,0.041,0.01868278,58.31,0.019,0.0,BTC-13DEC19-7250-P,7708.54,54.72,0.0165,31.1,0.02,16.5,60.43,4.74955,-10.75386,-0.77268,0.00039,-0.26506
7780.2,SYN.BTC-31JAN20,1575111540077,open,0.37,0.0,0.337,0.4185,0.37416866,69.02,None,0.0,BTC-31JAN20-10500-P,7708.54,0.0,0.0,0.0,0.0,0.0,0.0,8.4254,-4.6994,-15.74119,0.00012,-0.81932
7780.2,SYN.BTC-31JAN20,1575111540077,open,0.21,4.0,0.174,0.253,0.21019862,65.37,0.2495,0.0,BTC-31JAN20-9000-P,7708.54,58.86,0.2005,2.0,0.2205,2.0,72.09,11.76581,-6.21503,-11.44865,0.00018,-0.65783
7719.56,SYN.BTC-13DEC19,1575111540077,open,0.03,543.6,0.012,0.0535,0.02647354,55.31,0.0235,0.0,BTC-13DEC19-8000-C,7708.54,50.44,0.023,13.0,0.027,16.0,56.04,5.54346,-11.90628,0.97715,0.00048,0.38531
7719.56,SYN.BTC-13DEC19,1575111540077,open,0.01,89.2,0.0005,0.0225,0.00780235,64.92,0.0071,0.0,BTC-13DEC19-6750-P,7708.54,61.39,0.0065,17.0,0.0085,20.1,66.72,2.94562,-7.42581,-0.3553,0.00022,-0.12267
7780.2,SYN.BTC-31JAN20,1575111540077,open,0.12,0.0,0.09,0.1625,0.12254497,64.93,None,0.0,BTC-31JAN20-8000-P,7708.54,63.08,0.1195,2.0,0.1255,2.0,66.73,12.77397,-6.7023,-8.05588,0.00019,-0.48825
7719.56,SYN.BTC-13DEC19,1575111540077,open,0.08,3.1,0.057,0.1065,0.07950688,58.3,0.084,0.0,BTC-13DEC19-7250-C,7708.54,51.65,0.0755,2.0,0.0815,1.0,61.51,4.74942,-10.7527,1.78487,0.00039,0.73495
7719.56,SYN.BTC-13DEC19,1575111540077,open,0.11,3.0,0.082,0.13,0.10511392,61.0,0.12,0.0,BTC-13DEC19-7000-C,7708.54,0.0,0.093,7.1,0.126,7.0,97.79,3.81877,-9.04666,1.9438,0.0003,0.81892
7780.2,SYN.BTC-31JAN20,1575111540077,open,0.03,7.4,0.014,0.0595,0.03188023,67.99,0.0335,0.0,BTC-31JAN20-10000-C,7708.54,67.27,0.031,0.2,0.0325,12.8,68.49,9.59826,-5.27347,2.5422,0.00014,0.22463
7719.56,SYN.BTC-13DEC19,1575111540077,open,0.16,0.0,0.145,0.2,0.17068287,59.9,None,0.0,BTC-13DEC19-9000-P,7708.54,0.0,0.0,0.0,0.0,0.0,0.0,2.4593,-5.72057,-2.92798,0.0002,-0.90454
7780.2,SYN.BTC-31JAN20,1575111540077,open,0.42,0.0,0.396,0.4775,0.4330612,70.2,None,0.0,BTC-31JAN20-11000-P,7708.54,0.0,0.0,0.0,0.0,0.0,0.0,7.33536,-4.16097,-16.97514,0.0001,-0.85399
7719.56,SYN.BTC-13DEC19,1575111540077,open,0.01,51.9,0.0005,0.0235,0.00691063,57.31,0.01,0.0,BTC-13DEC19-8750-C,7708.54,53.66,0.0055,37.0,0.008,20.0,59.92,3.12298,-6.95003,0.34457,0.00026,0.13344
7780.2,SYN.BTC-31JAN20,1575111540077,open,0.01,403.1,0.005,0.0325,0.01473235,71.96,0.015,0.0,BTC-31JAN20-5500-P,7708.54,70.14,0.0135,28.0,0.0155,1.0,73.07,5.35658,-3.11491,-1.42922,7e-05,-0.09363
7719.56,SYN.BTC-13DEC19,1575111540077,open,0.0,32.7,0.0005,0.0145,0.00385856,75.65,0.004,0.0,BTC-13DEC19-6250-P,7708.54,71.55,0.003,0.1,0.0045,20.1,78.42,1.72032,-5.05376,-0.17307,0.00011,-0.0597
7719.56,SYN.BTC-13DEC19,1575111540077,open,0.11,0.0,0.0875,0.1445,0.1117495,55.79,None,0.0,BTC-13DEC19-8500-P,7708.54,0.0,0.0,0.0,0.0,0.0,0.0,3.97275,-8.60633,-2.50181,0.00034,-0.80697
7719.56,SYN.BTC-13DEC19,1575111540077,open,0.06,12.0,0.0415,0.0955,0.06280557,55.31,0.059,0.0,BTC-13DEC19-8000-P,7708.54,52.09,0.0605,1.1,0.062,0.1,54.19,5.54351,-11.90736,-1.84489,0.00048,-0.61468
153.77,ETH-27DEC19,1575111540084,open,0.01,9459.0,0.001,0.022,0.007588,86.18,0.009,0.0,ETH-27DEC19-220-C,153.78,84.67,0.007,56.0,0.008,320.0,87.2,0.0612,-0.09813,0.00804,0.00408,0.07859
7780.2,SYN.BTC-31JAN20,1575111540077,open,0.06,2.3,0.03,0.0855,0.05344266,65.39,0.059,0.0,BTC-31JAN20-9000-C,7708.54,64.1,0.0515,10.0,0.055,14.8,66.41,11.76668,-6.21715,3.8089,0.00018,0.34223
7780.2,SYN.BTC-31JAN20,1575111540077,open,0.01,10.2,0.0005,0.0225,0.00896116,76.21,0.01,0.0,BTC-31JAN20-5000-P,7708.54,73.05,0.0075,16.0,0.01,10.3,78.31,3.7496,-2.30907,-0.89204,5e-05,-0.05867
7719.56,SYN.BTC-13DEC19,1575111540077,open,0.01,89.9,0.0005,0.017,0.00480933,59.89,0.0035,0.0,BTC-13DEC19-9000-C,7708.54,55.47,0.0035,34.7,0.004,0.9,57.24,2.45844,-5.71747,0.24673,0.0002,0.09541
153.77,ETH-27DEC19,1575111540085,open,0.0,1347.0,0.001,0.011,0.000414,120.0,0.002,0.0,ETH-27DEC19-380-C,153.78,131.6,0.001,2.0,0.003,161.0,150.83,0.00544,-0.01215,0.00046,0.00026,0.00445
7719.56,SYN.BTC-13DEC19,1575111540077,open,0.01,130.7,0.001,0.031,0.01064672,55.78,0.011,0.0,BTC-13DEC19-8500-C,7708.54,52.49,0.009,15.0,0.011,0.1,56.46,3.97236,-8.60445,0.49656,0.00034,0.193
7719.56,SYN.BTC-13DEC19,1575111540077,open,0.03,21.9,0.0135,0.0565,0.02919092,56.74,0.028,0.0,BTC-13DEC19-7500-P,7708.54,52.94,0.0265,16.0,0.031,29.0,59.28,5.4883,-12.09191,-1.09508,0.00046,-0.37295
7719.56,SYN.BTC-13DEC19,1575111540077,open,0.2,0.0,0.175,0.216,0.19422416,75.64,None,0.0,BTC-13DEC19-6250-C,7708.54,0.0,0.1845,7.0,0.2075,7.0,115.73,1.71975,-5.05135,2.03174,0.00011,0.94033
7780.2,SYN.BTC-31JAN20,1575111540077,open,0.16,0.0,0.1285,0.2055,0.16373727,65.07,None,0.0,BTC-31JAN20-8500-P,7708.54,59.0,0.154,2.0,0.174,2.0,71.42,12.53563,-6.59145,-9.78049,0.00019,-0.57782
7719.56,SYN.BTC-13DEC19,1575111540077,open,0.23,0.0,0.2075,0.2625,0.23306776,64.76,None,0.0,BTC-13DEC19-9500-P,7708.54,0.0,0.0,0.0,0.0,0.0,0.0,1.49405,-3.7574,-3.22181,0.00011,-0.95005
7719.56,SYN.BTC-13DEC19,1575111540077,open,0.19,0.0,0.176,0.231,0.2016149,62.24,None,0.0,BTC-13DEC19-9250-P,7708.54,0.0,0.0,0.0,0.0,0.0,0.0,1.90944,-4.61482,-3.08627,0.00015,-0.93173
7719.56,SYN.BTC-13DEC19,1575111540077,open,0.14,0.0,0.1115,0.157,0.1333972,64.91,None,0.0,BTC-13DEC19-6750-C,7708.54,0.0,0.1255,7.1,0.151,7.0,101.81,2.94524,-7.42402,2.02589,0.00022,0.87735
7780.2,SYN.BTC-31JAN20,1575111540077,open,0.04,9.2,0.02,0.0665,0.03909829,67.2,0.0375,0.0,BTC-31JAN20-6500-P,7708.54,65.45,0.037,22.8,0.041,12.8,68.77,9.36772,-5.08671,-3.35545,0.00014,-0.21531
153.77,ETH-27DEC19,1575111540086,open,0.2,4510.0,0.159,0.249,0.202901,80.33,0.18,0.0,ETH-27DEC19-180-P,153.78,47.42,0.178,340.0,0.207,340.0,84.84,0.1379,-0.20611,-0.10565,0.00986,-0.73023
7780.2,SYN.BTC-31JAN20,1575111540077,open,0.07,26.6,0.0445,0.1055,0.07124554,65.09,0.072,0.0,BTC-31JAN20-8500-C,7708.54,63.38,0.0685,10.0,0.0725,9.6,65.86,12.5359,-6.59317,4.62916,0.00019,0.42223
7780.2,SYN.BTC-31JAN20,1575111540077,open,0.13,10.1,0.0935,0.159,0.12383012,65.2,0.1085,0.0,BTC-31JAN20-7500-C,7708.54,62.78,0.12,10.0,0.1255,11.6,66.25,12.31923,-6.49051,6.36932,0.00018,0.60675
7780.2,SYN.BTC-31JAN20,1575111540077,open,0.16,0.0,0.1305,0.1945,0.1604631,66.04,None,0.0,BTC-31JAN20-7000-C,7708.54,63.61,0.157,2.0,0.163,2.0,67.81,11.1367,-5.94298,7.11693,0.00016,0.70007
7719.56,SYN.BTC-13DEC19,1575111540077,open,0.01,47.8,0.0005,0.018,0.00542996,70.13,0.006,0.0,BTC-13DEC19-6500-P,7708.54,66.81,0.0045,0.1,0.0055,0.1,70.37,2.25865,-6.15087,-0.2466,0.00015,-0.08513
7719.56,SYN.BTC-13DEC19,1575111540077,open,0.06,26.0,0.037,0.086,0.05762964,56.73,0.06,0.0,BTC-13DEC19-7500-C,7708.54,50.19,0.053,8.0,0.058,12.0,57.25,5.48828,-12.09094,1.55064,0.00046,0.62706
7780.2,SYN.BTC-31JAN20,1575111540077,open,0.37,0.0,0.3485,0.388,0.36631896,76.24,None,0.0,BTC-31JAN20-5000-C,7708.54,0.0,0.357,6.0,0.381,6.0,100.19,3.75255,-2.31181,7.58311,5e-05,0.94127
7719.56,SYN.BTC-13DEC19,1575111540077,open,0.0,26.5,0.0005,0.0135,0.00335599,62.22,0.005,0.0,BTC-13DEC19-9250-C,7708.54,58.49,0.0025,0.1,0.004,20.0,64.71,1.90833,-4.61103,0.17662,0.00015,0.06821
7780.2,SYN.BTC-31JAN20,1575111540077,open,0.09,60.5,0.059,0.1245,0.08779341,65.19,0.088,0.0,BTC-31JAN20-7500-P,7708.54,63.42,0.085,2.0,0.091,21.8,67.21,12.31923,-6.48912,-6.34457,0.00018,-0.39325
7780.2,SYN.BTC-31JAN20,1575111540077,open,0.26,0.0,0.2285,0.282,0.25343081,69.4,None,0.0,BTC-31JAN20-6000-C,7708.54,48.09,0.2365,6.0,0.2755,6.0,90.66,7.34713,-4.12024,7.91627,0.0001,0.85364
7719.56,SYN.BTC-13DEC19,1575111540077,open,0.0,34.6,0.0005,0.013,0.00305845,82.96,0.0035,0.0,BTC-13DEC19-6000-P,7708.54,79.65,0.0025,0.1,0.0035,40.2,85.35,1.37488,-4.42944,-0.13094,8e-05,-0.04502
7780.2,SYN.BTC-31JAN20,1575111540077,open,0.02,6.9,0.007,0.042,0.01924837,70.23,0.022,0.0,BTC-31JAN20-11000-C,7708.54,68.89,0.018,8.0,0.0205,17.0,71.54,7.34044,-4.16589,1.67388,0.0001,0.14616
7780.2,SYN.BTC-31JAN20,1575111540077,open,0.21,0.0,0.176,0.2355,0.20366344,67.21,None,0.0,BTC-31JAN20-6500-C,7708.54,47.17,0.1815,6.0,0.23,6.0,88.08,9.36862,-5.0884,7.66279,0.00014,0.78465
7780.2,SYN.BTC-31JAN20,1575111540077,open,0.02,14.2,0.011,0.047,0.02460145,69.38,0.0235,0.0,BTC-31JAN20-6000-P,7708.54,67.12,0.0225,36.0,0.026,16.1,70.85,7.34553,-4.11823,-2.25422,0.0001,-0.14631
7780.2,SYN.BTC-31JAN20,1575111540078,open,0.31,0.0,0.28,0.3615,0.31716462,67.97,None,0.0,BTC-31JAN20-10000-P,7708.54,0.0,0.0,0.0,0.0,0.0,0.0,9.59561,-5.27017,-14.4111,0.00014,-0.77548
7780.2,SYN.BTC-31JAN20,1575111540078,open,0.26,0.0,0.225,0.306,0.26208291,66.6,None,0.0,BTC-31JAN20-9500-P,7708.54,0.0,0.0,0.0,0.0,0.0,0.0,10.73046,-5.77485,-12.98989,0.00016,-0.72281
7719.56,SYN.BTC-13DEC19,1575111540077,open,0.01,41.0,0.002,0.0295,0.01190444,61.01,0.012,0.0,BTC-13DEC19-7000-P,7708.54,58.12,0.0105,15.0,0.0125,0.1,62.21,3.81903,-9.04811,-0.52557,0.0003,-0.1811
7719.56,SYN.BTC-13DEC19,1575111540077,open,0.02,181.4,0.0065,0.0415,0.0170125,55.39,0.019,0.0,BTC-13DEC19-8250-C,7708.54,50.52,0.014,29.0,0.017,0.1,55.37,4.86953,-10.47485,0.71259,0.00042,0.27869
157.04,SYN.ETH-26JUN20,1575111540088,open,0.03,286.0,0.008,0.061,0.026842,104.43,0.027,0.0,ETH-26JUN20-600-C,153.78,102.16,0.024,140.0,0.03,140.0,106.8,0.20309,-0.05077,0.06259,0.00138,0.09649
7780.2,SYN.BTC-31JAN20,1575111540078,open,0.31,0.0,0.2865,0.333,0.30782593,71.99,None,0.0,BTC-31JAN20-5500-C,7708.54,51.86,0.297,6.0,0.3265,6.0,94.97,5.35894,-3.1173,7.89356,7e-05,0.90631
7719.56,SYN.BTC-13DEC19,1575111540077,open,0.04,27.4,0.022,0.0685,0.03945676,55.17,0.0425,0.0,BTC-13DEC19-7750-C,7708.54,49.22,0.035,22.0,0.0405,14.1,56.56,5.78362,-12.39012,1.26914,0.0005,0.50551
7719.56,SYN.BTC-13DEC19,1575111540077,open,0.0,0.0,0.0005,0.012,0.00246422,64.95,None,0.0,BTC-13DEC19-9500-C,7708.54,59.3,0.0015,20.0,0.0035,20.0,69.75,1.50679,-3.80057,0.13076,0.00011,0.05048
7780.2,SYN.BTC-31JAN20,1575111540077,open,0.06,2.5,0.036,0.0925,0.06016217,66.02,0.06,0.0,BTC-31JAN20-7000-P,7708.54,64.16,0.0575,2.0,0.0625,22.8,67.65,11.13637,-5.94151,-4.74912,0.00016,-0.29991
153.77,ETH-27DEC19,1575111540099,open,0.0,2178.0,0.001,0.012,0.002875,117.45,0.005,0.0,ETH-27DEC19-300-C,153.78,102.02,0.001,201.0,0.004,160.0,123.54,0.02547,-0.05566,0.00266,0.00125,0.02634
7719.56,SYN.BTC-13DEC19,1575111540101,open,0.17,0.0,0.143,0.186,0.16341007,70.12,None,0.0,BTC-13DEC19-6500-C,7708.54,30.11,0.158,7.0,0.1785,7.0,108.06,2.25816,-6.14875,2.04641,0.00015,0.9149
153.78,SYN.ETH-6DEC19,1575111540108,open,0.23,0.0,0.196,0.247,0.221161,105.92,None,0.0,ETH-6DEC19-120-C,153.78,0.0,0.01,50.0,0.348,1.0,500.0,0.0125,-0.11264,0.01859,0.0031,0.97211
153.77,ETH-27DEC19,1575111540117,open,0.0,924.0,0.001,0.011,0.001165,120.0,0.002,0.0,ETH-27DEC19-340-C,153.78,117.86,0.001,101.0,0.004,161.0,141.56,0.01254,-0.028,0.00117,0.0006,0.01148
153.77,ETH-27DEC19,1575111540117,open,0.0,11489.0,0.001,0.011,9.1e-05,120.0,0.002,0.0,ETH-27DEC19-440-C,153.78,0.0,0.0,0.0,0.002,200.0,161.67,0.00151,-0.00338,0.00011,7e-05,0.00109
153.77,ETH-27DEC19,1575111540117,open,0.24,22.0,0.202,0.261,0.231829,80.33,0.165,0.0,ETH-27DEC19-120-C,153.78,0.0,0.219,51.0,0.564,1.0,500.0,0.07654,-0.1144,0.07494,0.00547,0.89371
153.77,ETH-27DEC19,1575111540119,open,0.0,21058.0,0.001,0.011,2e-06,120.0,0.007,0.0,ETH-27DEC19-600-C,153.78,0.0,0.0,0.0,0.001,100.0,185.31,5e-05,-0.00012,0.0,0.0,3e-05
157.04,SYN.ETH-26JUN20,1575111540119,open,0.12,518.0,0.077,0.169,0.121058,84.2,0.133,0.0,ETH-26JUN20-120-P,153.78,78.49,0.108,210.0,0.123,210.0,85.04,0.3602,-0.0726,-0.31495,0.00303,-0.22941
155.68,ETH-27MAR20,1575111540125,open,0.32,40.0,0.272,0.361,0.317526,91.3,0.459,0.0,ETH-27MAR20-120-C,153.78,39.36,0.241,1.0,0.0,0.0,0.0,0.26419,-0.10232,0.23086,0.0037,0.77671
157.04,SYN.ETH-26JUN20,1575111540125,open,0.34,357.0,0.278,0.42,0.348067,84.5,0.405,0.0,ETH-26JUN20-180-P,153.78,75.83,0.322,210.0,0.371,210.0,92.16,0.47127,-0.09532,-0.72416,0.00395,-0.45774
157.04,SYN.ETH-26JUN20,1575111540125,open,0.06,681.0,0.026,0.108,0.061679,93.86,0.057,0.0,ETH-26JUN20-360-C,153.78,91.19,0.056,180.0,0.068,180.0,96.72,0.34044,-0.07649,0.13149,0.00257,0.20799
153.78,SYN.ETH-6DEC19,1575111540125,open,0.0,407.0,0.001,0.014,0.002827,79.81,0.002,0.0,ETH-6DEC19-180-C,153.78,74.28,0.002,98.0,0.004,391.0,86.36,0.02511,-0.17053,0.00157,0.00826,0.06626
155.68,ETH-27MAR20,1575111540127,open,0.38,747.0,0.32,0.452,0.384529,83.27,0.57,0.0,ETH-27MAR20-200-P,153.78,71.28,0.359,300.0,0.414,300.0,96.64,0.33814,-0.11943,-0.50261,0.00519,-0.61517
153.77,ETH-27DEC19,1575111540127,open,0.0,4306.0,0.001,0.014,0.00385,101.46,0.007,0.0,ETH-27DEC19-260-C,153.78,91.57,0.002,320.0,0.005,160.0,106.15,0.03475,-0.0656,0.00391,0.00197,0.03836
153.77,ETH-27DEC19,1575111540127,open,3.39,1.0,3.294,3.558,3.422189,120.0,2.792,0.0,ETH-27DEC19-680-P,153.78,0.0,0.02,50.0,0.0,0.0,0.0,1e-05,-2e-05,-0.5007,0.0,-0.99999
153.77,ETH-27DEC19,1575111540127,open,2.87,0.0,2.789,3.022,2.901933,120.0,0.953,0.0,ETH-27DEC19-600-P,153.78,0.0,0.02,50.0,0.0,0.0,0.0,5e-05,-0.00012,-0.44179,0.0,-0.99997
153.78,SYN.ETH-6DEC19,1575111540127,open,0.0,453.0,0.001,0.011,0.001547,89.62,0.001,0.0,ETH-6DEC19-190-C,153.78,0.0,0.0,0.0,0.003,200.0,101.48,0.01531,-0.1168,0.00084,0.00449,0.03568
157.04,SYN.ETH-26JUN20,1575111540129,open,0.04,330.0,0.013,0.078,0.038285,99.69,0.04,0.0,ETH-26JUN20-480-C,153.78,97.64,0.035,140.0,0.042,140.0,101.91,0.25752,-0.06145,0.08664,0.00183,0.13469
153.78,SYN.ETH-6DEC19,1575111540129,open,0.36,0.0,0.326,0.412,0.366537,113.87,None,0.0,ETH-6DEC19-210-P,153.78,0.0,0.0,0.0,0.0,0.0,0.0,0.00886,-0.08589,-0.03337,0.00204,-0.98144
155.68,ETH-27MAR20,1575111540134,open,0.04,101.0,0.021,0.075,0.044567,91.3,0.031,0.0,ETH-27MAR20-100-P,153.78,79.64,0.031,320.0,0.038,320.0,85.81,0.19008,-0.07362,-0.08925,0.00266,-0.13296
155.68,ETH-27MAR20,1575111540134,open,0.01,404.0,0.001,0.021,0.006439,113.91,0.008,0.0,ETH-27MAR20-640-C,153.78,110.03,0.005,220.0,0.008,220.0,117.52,0.06257,-0.03023,0.01257,0.0007,0.03143
157.04,SYN.ETH-26JUN20,1575111540134,open,0.1,428.0,0.052,0.152,0.098047,90.52,0.108,0.0,ETH-26JUN20-280-C,153.78,88.23,0.092,180.0,0.105,180.0,93.11,0.41779,-0.09053,0.18849,0.00327,0.30779
157.04,SYN.ETH-26JUN20,1575111540134,open,1.1,0.0,1.021,1.213,1.112382,91.34,1.06,0.0,ETH-26JUN20-320-P,153.78,0.0,0.015,2.0,1.136,1.0,100.81,0.37491,-0.08198,-1.67656,0.00291,-0.75322
157.04,SYN.ETH-26JUN20,1575111540134,open,0.01,195.0,0.004,0.027,0.013057,87.91,0.015,0.0,ETH-26JUN20-60-P,153.78,55.83,0.001,10.0,0.183,1.0,250.34,0.09732,-0.02048,-0.04552,0.00078,-0.03759
155.68,ETH-27MAR20,1575111540143,open,0.12,661.0,0.082,0.174,0.126187,80.6,0.125,0.0,ETH-27MAR20-140-P,153.78,26.98,0.021,1.0,0.132,320.0,83.46,0.3174,-0.10852,-0.22557,0.00503,-0.32247
153.77,ETH-27DEC19,1575111540149,open,0.0,1759.0,0.001,0.011,0.000693,120.0,0.001,0.0,ETH-27DEC19-360-C,153.78,124.96,0.001,1993.0,0.003,160.0,143.53,0.00829,-0.0185,0.00073,0.0004,0.00715
153.77,ETH-27DEC19,1575111540155,open,0.55,2355.0,0.517,0.619,0.564974,90.44,0.495,0.0,ETH-27DEC19-240-P,153.78,0.0,0.56,50.0,0.74,1.0,300.25,0.03983,-0.06701,-0.17205,0.00253,-0.95461
153.77,ETH-27DEC19,1575111540155,open,0.11,13748.0,0.071,0.152,0.110268,80.33,0.106,0.0,ETH-27DEC19-160-P,153.78,64.29,0.093,340.0,0.104,96.0,74.52,0.16602,-0.24812,-0.0724,0.01187,-0.52918
155.68,ETH-27MAR20,1575111540155,open,0.02,580.0,0.009,0.063,0.029684,103.17,0.02,0.0,ETH-27MAR20-360-C,153.78,94.24,0.02,260.0,0.026,260.0,99.97,0.185,-0.08096,0.04935,0.00229,0.12785
153.77,ETH-27DEC19,1575111540159,open,0.0,2232.0,0.001,0.011,0.001962,119.99,0.002,0.0,ETH-27DEC19-320-C,153.78,110.24,0.001,1.0,0.004,161.0,132.91,0.01881,-0.042,0.00186,0.0009,0.01839
157.04,SYN.ETH-26JUN20,1575111540162,open,0.08,269.0,0.035,0.124,0.074664,91.34,0.071,0.0,ETH-26JUN20-320-C,153.78,88.94,0.069,180.0,0.081,190.0,93.96,0.37491,-0.08198,0.15468,0.00291,0.24678
153.78,SYN.ETH-6DEC19,1575111540162,open,0.1,205.0,0.076,0.148,0.110975,67.97,0.11,0.0,ETH-6DEC19-170-P,153.78,60.0,0.109,40.0,0.11,3.0,64.23,0.04158,-0.24054,-0.02425,0.01607,-0.86859
153.77,ETH-27DEC19,1575111540164,open,3.13,0.0,3.041,3.29,3.162061,120.0,None,0.0,ETH-27DEC19-640-P,153.78,0.0,0.02,50.0,0.0,0.0,0.0,2e-05,-5e-05,-0.47124,0.0,-0.99999
157.04,SYN.ETH-26JUN20,1575111540164,open,0.44,249.0,0.37,0.523,0.445282,85.86,0.601,0.0,ETH-26JUN20-200-P,153.78,74.78,0.412,210.0,0.472,210.0,94.72,0.47339,-0.0973,-0.86655,0.00391,-0.51897
155.68,ETH-27MAR20,1575111540182,open,0.17,858.0,0.122,0.217,0.170116,80.6,0.18,0.0,ETH-27MAR20-160-C,153.78,76.53,0.161,300.0,0.178,300.0,84.14,0.34793,-0.11896,0.19964,0.00551,0.56721
155.68,ETH-27MAR20,1575111540185,open,2.58,0.0,2.494,2.729,2.605052,108.82,None,0.0,ETH-27MAR20-560-P,153.78,0.0,0.02,50.0,0.0,0.0,0.0,0.07488,-0.03456,-1.79282,0.00088,-0.96088
155.68,ETH-27MAR20,1575111540185,open,0.1,797.0,0.067,0.171,0.116805,103.17,0.078,0.0,ETH-27MAR20-220-C,153.78,83.24,0.075,301.0,0.19,10.0,136.01,0.33775,-0.14781,0.13401,0.00418,0.38336
153.78,SYN.ETH-6DEC19,1575111540185,open,0.01,628.0,0.001,0.021,0.005484,67.97,0.005,0.0,ETH-6DEC19-170-C,153.78,62.13,0.004,140.0,0.007,25.0,73.31,0.04158,-0.24054,0.00312,0.01607,0.13141
153.78,SYN.ETH-6DEC19,1575111540185,open,0.0,32.0,0.001,0.011,0.00093,113.87,0.002,0.0,ETH-6DEC19-210-C,153.78,0.0,0.0,0.0,0.002,4.0,128.07,0.00886,-0.08589,0.00044,0.00204,0.01856
153.78,ETH-27DEC19,1575111540192,open,0.31,3551.0,0.27,0.363,0.31437,80.46,0.332,0.0,ETH-27DEC19-200-P,153.78,0.0,0.3,1.0,0.338,21.0,112.69,0.09146,-0.13691,-0.13333,0.00653,-0.86312
155.68,ETH-27MAR20,1575111540192,open,0.02,1395.0,0.006,0.048,0.020692,103.17,0.022,0.0,ETH-27MAR20-400-C,153.78,97.91,0.016,260.0,0.021,260.0,103.49,0.1484,-0.06495,0.03687,0.00184,0.09403
155.68,ETH-27MAR20,1575111540196,open,0.01,1637.0,0.003,0.034,0.012393,106.25,0.013,0.0,ETH-27MAR20-480-C,153.78,102.44,0.01,220.0,0.015,220.0,109.93,0.10406,-0.0469,0.02345,0.00125,0.05904
153.78,ETH-27DEC19,1575111540196,open,0.0,13247.0,0.001,0.011,1.3e-05,119.99,0.001,0.0,ETH-27DEC19-520-C,153.78,0.0,0.0,0.0,0.012,1932.0,234.59,0.00028,-0.00061,2e-05,1e-05,0.00017
155.68,ETH-27MAR20,1575111540198,open,0.05,2049.0,0.028,0.109,0.063611,103.17,0.042,0.0,ETH-27MAR20-280-C,153.78,88.76,0.04,260.0,0.054,20.0,97.58,0.2747,-0.12022,0.08842,0.0034,0.23947
153.78,ETH-27DEC19,1575111540198,open,0.0,10460.0,0.001,0.011,0.000248,119.99,0.001,0.0,ETH-27DEC19-400-C,153.78,137.82,0.001,354.0,0.003,171.0,157.66,0.00356,-0.00795,0.00029,0.00017,0.00278
157.04,SYN.ETH-26JUN20,1575111540198,open,0.03,4.0,0.015,0.059,0.033952,85.24,0.026,0.0,ETH-26JUN20-80-P,153.78,81.83,0.03,250.0,0.038,250.0,88.6,0.18583,-0.03792,-0.10744,0.00154,-0.0856
155.68,ETH-27MAR20,1575111540201,open,1.57,4.0,1.502,1.69,1.590065,103.17,2.048,0.0,ETH-27MAR20-400-P,153.78,0.0,0.055,10.0,0.0,0.0,0.0,0.1484,-0.06495,-1.25492,0.00184,-0.90597
153.78,ETH-27DEC19,1575111540201,open,0.02,13732.0,0.003,0.033,0.013726,80.32,0.015,0.0,ETH-27DEC19-200-C,153.78,71.64,0.009,480.0,0.014,480.0,80.78,0.09123,-0.13632,0.01389,0.00652,0.13637
153.78,SYN.ETH-6DEC19,1575111540201,open,0.0,173.0,0.001,0.011,0.000569,119.98,0.001,0.0,ETH-6DEC19-220-C,153.78,0.0,0.0,0.0,0.002,200.0,143.35,0.00583,-0.05954,0.00027,0.00128,0.01141
157.04,SYN.ETH-26JUN20,1575111540201,open,0.07,720.0,0.039,0.106,0.069546,84.2,0.074,0.0,ETH-26JUN20-100-P,153.78,79.91,0.062,250.0,0.074,248.0,86.68,0.27968,-0.05637,-0.19928,0.00235,-0.1522
153.78,ETH-27DEC19,1575111540204,open,0.94,1.0,0.895,1.02,0.95384,118.2,0.494,0.0,ETH-27DEC19-300-P,153.78,0.0,0.021,6.0,0.0,0.0,0.0,0.0262,-0.0576,-0.21815,0.00127,-0.97277
153.78,ETH-27DEC19,1575111540206,open,0.0,6174.0,0.001,0.011,0.0,120.0,0.001,0.0,ETH-27DEC19-720-C,153.78,0.0,0.0,0.0,0.004,285.0,239.92,0.0,-1e-05,0.0,0.0,0.0
153.78,ETH-27DEC19,1575111540206,open,0.0,12762.0,0.001,0.011,0.0,120.0,0.001,0.0,ETH-27DEC19-680-C,153.78,0.0,0.0,0.0,0.007,467.0,250.91,1e-05,-2e-05,0.0,0.0,1e-05
153.78,SYN.ETH-6DEC19,1575111540208,open,0.42,0.0,0.389,0.478,0.431205,119.98,None,0.0,ETH-6DEC19-220-P,153.78,0.0,0.0,0.0,0.0,0.0,0.0,0.00583,-0.05954,-0.03515,0.00128,-0.98859
153.78,SYN.ETH-6DEC19,1575111540208,open,0.16,11.0,0.13,0.186,0.157677,88.52,0.163,0.0,ETH-6DEC19-130-C,153.78,0.0,0.01,2.0,0.315,1.0,500.0,0.02335,-0.17588,0.01936,0.00693,0.93964
157.04,SYN.ETH-26JUN20,1575111540210,open,0.53,0.0,0.495,0.555,0.524523,85.24,None,0.0,ETH-26JUN20-80-C,153.78,36.14,0.491,1.0,0.0,0.0,0.0,0.18583,-0.03792,0.35037,0.00154,0.9144
153.78,ETH-27DEC19,1575111540215,open,0.01,6905.0,0.003,0.029,0.012215,80.35,0.013,0.0,ETH-27DEC19-120-P,153.78,71.16,0.008,160.0,0.013,160.0,81.91,0.07654,-0.11441,-0.01342,0.00547,-0.10627
155.68,ETH-27MAR20,1575111540219,open,0.28,1560.0,0.225,0.347,0.2846,81.34,0.36,0.0,ETH-27MAR20-180-P,153.78,73.52,0.267,300.0,0.308,300.0,91.67,0.35173,-0.12135,-0.41108,0.00553,-0.53305
155.68,ETH-27MAR20,1575111540219,open,0.01,886.0,0.001,0.025,0.007929,108.82,0.009,0.0,ETH-27MAR20-560-C,153.78,104.44,0.006,220.0,0.01,220.0,112.81,0.07488,-0.03456,0.01568,0.00088,0.03912
157.04,SYN.ETH-26JUN20,1575111540223,open,0.63,1.0,0.612,0.651,0.630985,87.91,0.69,0.0,ETH-26JUN20-60-C,153.78,0.0,0.617,1.0,0.0,0.0,0.0,0.09732,-0.02048,0.29784,0.00078,0.96241
153.78,ETH-27DEC19,1575111540236,open,0.0,2053.0,0.001,0.012,0.002927,107.87,0.003,0.0,ETH-27DEC19-280-C,153.78,93.08,0.001,481.0,0.005,161.0,117.64,0.02733,-0.05486,0.00291,0.00146,0.02866
157.04,SYN.ETH-26JUN20,1575111540236,open,0.26,755.0,0.198,0.327,0.261759,84.2,0.26,0.0,ETH-26JUN20-160-P,153.78,78.43,0.245,210.0,0.278,210.0,89.83,0.45453,-0.09161,-0.58234,0.00383,-0.38624
155.68,ETH-27MAR20,1575111540244,open,0.61,119.0,0.558,0.72,0.636694,103.17,0.835,0.0,ETH-27MAR20-240-P,153.78,64.59,0.568,300.0,0.627,300.0,98.4,0.31966,-0.13989,-0.6579,0.00396,-0.67187
153.78,ETH-27DEC19,1575111540247,open,0.08,4733.0,0.038,0.103,0.069753,80.31,0.063,0.0,ETH-27DEC19-160-C,153.78,63.81,0.052,340.0,0.061,96.0,72.19,0.16603,-0.24806,0.04542,0.01187,0.47091
155.68,ETH-27MAR20,1575111540247,open,0.02,1085.0,0.004,0.038,0.014682,103.27,0.017,0.0,ETH-27MAR20-440-C,153.78,99.54,0.012,260.0,0.017,259.0,106.19,0.11859,-0.05195,0.02774,0.00147,0.06985
153.78,SYN.ETH-6DEC19,1575111540247,open,0.0,34.0,0.001,0.011,0.000563,92.06,0.001,0.0,ETH-6DEC19-200-C,153.78,0.0,0.0,0.0,0.001,1.0,99.84,0.00705,-0.05523,0.00034,0.00201,0.0142
157.04,SYN.ETH-26JUN20,1575111540247,open,0.18,1202.0,0.131,0.243,0.185763,84.2,0.215,0.0,ETH-26JUN20-140-P,153.78,77.92,0.169,210.0,0.189,220.0,85.41,0.4185,-0.08435,-0.4446,0.00352,-0.30897
157.04,SYN.ETH-26JUN20,1575111540247,open,0.03,42.0,0.011,0.072,0.034305,101.8,0.034,0.0,ETH-26JUN20-520-C,153.78,99.58,0.031,140.0,0.038,140.0,104.17,0.23913,-0.05828,0.07797,0.00166,0.12107
153.78,ETH-27DEC19,1575111540252,open,0.0,11107.0,0.001,0.011,5e-06,119.99,0.001,0.0,ETH-27DEC19-560-C,153.78,0.0,0.0,0.0,0.012,286.0,245.1,0.00012,-0.00027,1e-05,1e-05,7e-05
153.78,ETH-27DEC19,1575111540252,open,0.81,310.0,0.769,0.885,0.823829,108.53,0.49,0.0,ETH-27DEC19-280-P,153.78,0.0,0.003,9.0,0.0,0.0,0.0,0.02803,-0.0566,-0.20317,0.00148,-0.97046
157.04,SYN.ETH-26JUN20,1575111540265,open,0.36,142.0,0.308,0.404,0.356914,84.2,0.335,0.0,ETH-26JUN20-120-C,153.78,73.26,0.332,210.0,0.378,210.0,93.36,0.3602,-0.0726,0.37176,0.00303,0.77059
157.04,SYN.ETH-26JUN20,1575111540268,open,0.44,1.0,0.392,0.472,0.43276,84.2,0.38,0.0,ETH-26JUN20-100-C,153.78,39.52,0.37,1.0,0.0,0.0,0.0,0.27968,-0.05637,0.37299,0.00235,0.8478
154.51,SYN.ETH-31JAN20,1575111541161,open,0.11,1.0,0.071,0.149,0.110307,76.46,0.104,0.0,ETH-31JAN20-160-C,153.78,72.01,0.103,340.0,0.118,340.0,81.15,0.25352,-0.15664,0.10693,0.00819,0.51855
154.51,SYN.ETH-31JAN20,1575111541161,open,0.07,6.0,0.037,0.106,0.069678,77.3,0.069,0.0,ETH-31JAN20-180-C,153.78,73.65,0.064,340.0,0.076,340.0,81.34,0.24108,-0.1506,0.07978,0.00771,0.37426
154.51,SYN.ETH-31JAN20,1575111541163,open,0.14,0.0,0.101,0.193,0.145875,76.48,None,0.0,ETH-31JAN20-160-P,153.78,71.69,0.138,340.0,0.154,340.0,81.44,0.25352,-0.15669,-0.16431,0.00819,-0.48142
154.51,SYN.ETH-31JAN20,1575111541163,open,0.37,0.0,0.339,0.393,0.365929,83.03,None,0.0,ETH-31JAN20-100-C,153.78,0.0,0.352,1.0,0.759,1.0,500.0,0.08952,-0.06006,0.14659,0.00266,0.92558
154.51,SYN.ETH-31JAN20,1575111541163,open,0.02,28.0,0.006,0.042,0.019564,82.88,0.021,0.0,ETH-31JAN20-240-C,153.78,81.07,0.018,320.0,0.021,61.0,84.5,0.13558,-0.09081,0.02929,0.00404,0.1314
154.51,SYN.ETH-31JAN20,1575111541163,open,0.05,0.0,0.018,0.073,0.042393,77.31,None,0.0,ETH-31JAN20-200-C,153.78,76.25,0.041,320.0,0.043,5.0,77.76,0.20525,-0.12822,0.0563,0.00656,0.25733
154.51,SYN.ETH-31JAN20,1575111541163,open,0.08,0.0,0.045,0.116,0.078021,76.48,None,0.0,ETH-31JAN20-140-P,153.78,70.32,0.069,360.0,0.082,361.0,79.18,0.22719,-0.1404,-0.10398,0.00734,-0.31895
154.51,SYN.ETH-31JAN20,1575111541163,open,0.03,380.0,0.011,0.058,0.030333,81.93,0.027,0.0,ETH-31JAN20-220-C,153.78,78.88,0.027,319.0,0.034,321.0,85.15,0.17249,-0.1142,0.04176,0.0052,0.18975
154.51,SYN.ETH-31JAN20,1575111541163,open,0.23,0.0,0.184,0.287,0.234692,77.33,None,0.0,ETH-31JAN20-180-P,153.78,65.79,0.217,340.0,0.25,340.0,87.04,0.2411,-0.15067,-0.22535,0.0077,-0.62565
154.51,SYN.ETH-31JAN20,1575111541163,open,0.03,1.0,0.014,0.06,0.033814,77.31,0.03,0.0,ETH-31JAN20-120-P,153.78,73.59,0.03,359.0,0.037,41.0,80.33,0.16112,-0.10065,-0.05344,0.00515,-0.17022
154.51,SYN.ETH-31JAN20,1575111541163,open,0.56,0.0,0.517,0.634,0.572916,82.96,None,0.0,ETH-31JAN20-240-P,153.78,0.0,0.0,0.0,1.182,1.0,500.0,0.13577,-0.09101,-0.37751,0.00404,-0.86834
154.51,SYN.ETH-31JAN20,1575111541163,open,0.18,0.0,0.132,0.21,0.1719,76.46,None,0.0,ETH-31JAN20-140-C,153.78,71.75,0.165,1.0,0.185,1.0,85.33,0.22718,-0.14036,0.13337,0.00734,0.68107
154.51,SYN.ETH-31JAN20,1575111541411,open,0.02,25.0,0.004,0.035,0.015007,87.04,0.015,0.0,ETH-31JAN20-260-C,153.78,84.2,0.013,320.0,0.017,321.0,89.69,0.11288,-0.07939,0.02266,0.0032,0.10151
154.51,SYN.ETH-31JAN20,1575111541411,open,0.69,0.0,0.64,0.762,0.697805,87.13,None,0.0,ETH-31JAN20-260-P,153.78,0.0,0.0,0.0,1.297,1.0,500.0,0.11312,-0.07965,-0.41804,0.00321,-0.89818
153.78,SYN.ETH-13DEC19,1575111541998,open,0.01,92.0,0.001,0.025,0.008655,78.69,0.009,0.0,ETH-13DEC19-130-P,153.78,70.78,0.006,50.0,0.009,200.0,79.65,0.05538,-0.16924,-0.0066,0.00844,-0.11305
153.78,SYN.ETH-13DEC19,1575111541998,open,0.23,0.0,0.197,0.251,0.224155,89.05,None,0.0,ETH-13DEC19-120-C,153.78,0.0,0.219,1.0,0.442,1.0,500.0,0.03378,-0.11682,0.03891,0.00455,0.94139
153.78,SYN.ETH-13DEC19,1575111541998,open,0.01,26.0,0.001,0.026,0.008966,72.36,0.01,0.0,ETH-13DEC19-180-C,153.78,61.61,0.005,200.0,0.01,200.0,74.81,0.06359,-0.17869,0.00699,0.01053,0.13777
153.78,SYN.ETH-13DEC19,1575111541998,open,0.0,1.0,0.001,0.016,0.004515,89.16,0.009,0.0,ETH-13DEC19-120-P,153.78,66.81,0.001,200.0,0.006,200.0,95.44,0.03387,-0.11728,-0.00344,0.00455,-0.05881
153.78,SYN.ETH-13DEC19,1575111541998,open,0.01,21.0,0.001,0.018,0.005149,77.1,0.007,0.0,ETH-13DEC19-190-C,153.78,63.38,0.002,201.0,0.006,200.0,79.97,0.04397,-0.13165,0.0042,0.00684,0.08256
153.78,SYN.ETH-13DEC19,1575111541998,open,0.17,0.0,0.141,0.221,0.179506,72.45,None,0.0,ETH-13DEC19-180-P,153.78,0.0,0.17,1.0,0.373,1.0,350.68,0.06369,-0.1792,-0.05649,0.01054,-0.8619
153.78,SYN.ETH-13DEC19,1575111541998,open,0.07,25.0,0.041,0.111,0.074397,67.65,0.082,0.0,ETH-13DEC19-160-P,153.78,57.38,0.067,120.0,0.078,120.0,72.6,0.11172,-0.2935,-0.03648,0.0198,-0.59814
153.78,SYN.ETH-13DEC19,1575111541998,open,0.02,81.0,0.004,0.041,0.018107,71.13,0.017,0.0,ETH-13DEC19-140-P,153.78,61.62,0.013,160.0,0.019,160.0,72.73,0.0857,-0.23672,-0.01296,0.01444,-0.2208
153.78,SYN.ETH-13DEC19,1575111541998,open,0.04,1.0,0.014,0.068,0.038319,67.13,0.04,0.0,ETH-13DEC19-150-P,153.78,56.99,0.031,120.0,0.041,120.0,70.83,0.11138,-0.29035,-0.02363,0.01989,-0.39726
153.78,SYN.ETH-13DEC19,1575111541998,open,0.07,110.0,0.033,0.093,0.06287,67.09,0.073,0.0,ETH-13DEC19-150-C,153.78,53.4,0.053,120.0,0.063,120.0,67.27,0.11138,-0.29016,0.02929,0.0199,0.60277
153.78,SYN.ETH-13DEC19,1575111542000,open,0.23,0.0,0.202,0.284,0.240719,77.24,None,0.0,ETH-13DEC19-190-P,153.78,0.0,0.235,1.0,0.532,1.0,500.0,0.04413,-0.13237,-0.06281,0.00685,-0.91704
153.78,SYN.ETH-13DEC19,1575111542000,open,0.02,41.0,0.003,0.039,0.016882,68.57,0.021,0.0,ETH-13DEC19-170-C,153.78,57.87,0.011,161.0,0.017,160.0,68.78,0.08929,-0.23777,0.01197,0.01561,0.23756
153.78,SYN.ETH-13DEC19,1575111542000,open,0.12,0.0,0.085,0.162,0.122392,68.63,None,0.0,ETH-13DEC19-170-P,153.78,60.78,0.118,40.0,0.128,40.0,77.95,0.08934,-0.2381,-0.04799,0.0156,-0.76221
153.78,SYN.ETH-13DEC19,1575111542000,open,0.17,1.0,0.133,0.193,0.163265,78.62,0.169,0.0,ETH-13DEC19-130-C,153.78,0.0,0.154,1.0,0.416,1.0,500.0,0.05532,-0.16888,0.03927,0.00843,0.88714
7732.22,BTC-27DEC19,1575111542091,open,0.01,0.5,0.0005,0.0175,0.00546361,71.33,0.0045,0.0,BTC-27DEC19-10500-C,7708.52,68.51,0.0045,8.0,0.0065,42.5,74.08,2.78253,-3.69232,0.36108,9e-05,0.06889
7857.99,BTC-27MAR20,1575111542092,open,0.29,21.4,0.2565,0.322,0.28675716,69.58,0.2635,0.0,BTC-27MAR20-6000-C,7708.52,63.44,0.2775,17.0,0.2885,10.0,70.71,12.0959,-3.5699,13.29271,9e-05,0.81056
7732.22,BTC-27DEC19,1575111542092,open,1.31,9.4,1.2825,1.379,1.32841963,115.27,1.1125,0.0,BTC-27DEC19-18000-P,7708.52,0.0,0.0,0.0,0.0,0.0,0.0,0.32823,-0.70389,-13.2255,1e-05,-0.99454
7732.22,BTC-27DEC19,1575111542091,open,0.42,248.6,0.396,0.463,0.42687224,75.57,0.405,0.0,BTC-27DEC19-11000-P,7708.52,0.0,0.4165,2.0,0.455,5.0,126.88,2.26664,-3.1868,-7.82198,7e-05,-0.947
7732.22,BTC-27DEC19,1575111542091,open,1.06,18.0,1.029,1.1165,1.0702483,109.33,1.261,0.0,BTC-27DEC19-16000-P,7708.52,0.0,0.0,0.0,0.0,0.0,0.0,0.59045,-1.20097,-11.72614,1e-05,-0.98936
7857.99,BTC-27MAR20,1575111542093,open,3.31,0.0,3.243,3.4315,3.3310388,110.7,None,0.0,BTC-27MAR20-34000-P,7708.52,0.0,0.0,0.0,0.0,0.0,0.0,2.34479,-1.10105,-109.35084,1e-05,-0.97799
7857.99,BTC-27MAR20,1575111542093,open,2.3,0.0,2.2455,2.3985,2.31575937,101.46,None,0.0,BTC-27MAR20-26000-P,7708.52,0.0,0.0,0.0,0.0,0.0,0.0,3.6086,-1.553,-83.20641,2e-05,-0.96303
7857.99,BTC-27MAR20,1575111542093,open,1.54,5.2,1.4995,1.628,1.5572216,92.07,1.108,0.0,BTC-27MAR20-20000-P,7708.52,0.0,0.0,0.0,0.0,0.0,0.0,5.57884,-2.17878,-63.27663,3e-05,-0.93623
7857.99,BTC-27MAR20,1575111542095,open,0.01,117.2,0.0005,0.0245,0.00701257,101.43,0.007,0.0,BTC-27MAR20-26000-C,7708.52,99.11,0.006,18.2,0.008,27.0,103.49,3.60446,-1.5508,0.75884,2e-05,0.03692
7732.21,BTC-27DEC19,1575111542097,open,0.36,66.8,0.3415,0.3755,0.35689898,93.49,0.4645,0.0,BTC-27DEC19-5000-C,7708.52,0.0,0.353,11.1,0.367,11.0,127.52,1.5252,-2.65283,3.47641,4e-05,0.9675
7857.98,BTC-27MAR20,1575111542096,open,2.8,0.0,2.7445,2.9185,2.82464941,110.31,None,0.0,BTC-27MAR20-30000-P,7708.52,0.0,0.0,0.0,0.0,0.0,0.0,3.37845,-1.58086,-96.19293,2e-05,-0.96589
7857.98,BTC-27MAR20,1575111542097,open,2.55,0.0,2.496,2.663,2.57220165,110.23,None,0.0,BTC-27MAR20-28000-P,7708.52,0.0,0.0,0.0,0.0,0.0,0.0,4.09133,-1.91292,-89.55735,2e-05,-0.95686
7713.71,SYN.BTC-6DEC19,1575111542096,open,0.02,342.3,0.0045,0.04,0.01728469,58.24,0.016,0.0,BTC-6DEC19-7500-P,7708.52,54.37,0.0155,10.0,0.017,0.4,57.62,3.579,-17.73639,-0.4415,0.00064,-0.33827
7983.76,SYN.BTC-26JUN20,1575111542093,open,2.76,0.0,2.6925,2.889,2.78072564,100.53,None,0.0,BTC-26JUN20-30000-P,7708.52,0.0,0.0,0.0,0.0,0.0,0.0,9.54921,-2.2979,-168.76678,3e-05,-0.91317
7983.76,SYN.BTC-26JUN20,1575111542096,open,0.01,118.9,0.0005,0.0165,0.00653337,76.76,0.0085,0.0,BTC-26JUN20-3000-P,7708.52,76.69,0.0065,8.1,0.0,0.0,0.0,3.42089,-0.6286,-1.39882,1e-05,-0.02408
7983.76,SYN.BTC-26JUN20,1575111542093,open,2.26,0.0,2.2015,2.374,2.27889707,92.12,None,0.0,BTC-26JUN20-26000-P,7708.52,0.0,0.0,0.0,0.0,0.0,0.0,9.74138,-2.14815,-145.73179,3e-05,-0.91082
7983.76,SYN.BTC-26JUN20,1575111542092,open,2.51,0.0,2.448,2.636,2.53223247,98.44,None,0.0,BTC-26JUN20-28000-P,7708.52,0.0,0.0,0.0,0.0,0.0,0.0,10.17977,-2.39877,-157.05667,3e-05,-0.90536
7713.71,SYN.BTC-6DEC19,1575111542092,open,0.02,892.0,0.0035,0.0365,0.01364409,55.16,0.0165,0.0,BTC-6DEC19-8000-C,7708.52,50.33,0.0115,14.8,0.0135,6.5,54.84,3.47001,-16.28868,0.37246,0.00066,0.31359
7983.76,SYN.BTC-26JUN20,1575111542092,open,0.21,193.0,0.1665,0.271,0.21351526,71.19,0.208,0.0,BTC-26JUN20-8000-P,7708.52,69.99,0.21,8.0,0.219,8.0,73.08,23.25992,-3.96384,-27.81613,9e-05,-0.39531
7719.88,SYN.BTC-13DEC19,1575111542108,open,0.17,0.0,0.143,0.186,0.16341402,70.02,None,0.0,BTC-13DEC19-6500-C,7708.52,0.0,0.158,7.1,0.1785,7.0,108.0,2.25212,-6.12406,2.04732,0.00015,0.91521
7713.71,SYN.BTC-6DEC19,1575111542212,open,0.05,450.2,0.024,0.0705,0.04495526,58.16,0.042,0.0,BTC-6DEC19-7500-C,7708.52,51.73,0.042,0.1,0.044,1.0,56.1,3.57834,-17.71047,0.76607,0.00064,0.66189
7713.71,SYN.BTC-6DEC19,1575111542214,open,0.05,450.2,0.024,0.0705,0.04495526,58.16,0.042,0.0,BTC-6DEC19-7500-C,7708.52,52.83,0.0425,1.0,0.044,1.0,56.1,3.57834,-17.71047,0.76607,0.00064,0.66189
7857.99,BTC-27MAR20,1575111542238,open,0.11,296.8,0.0715,0.1495,0.10600061,69.98,0.1055,0.0,BTC-27MAR20-9000-C,7708.52,68.64,0.103,2.0,0.108,10.0,70.87,17.63541,-5.23478,8.56204,0.00013,0.44339
7713.71,SYN.BTC-6DEC19,1575111542270,open,0.1,83.9,0.0765,0.1215,0.09792624,68.16,0.1035,0.0,BTC-6DEC19-7000-C,7708.52,59.99,0.096,0.1,0.0985,1.2,70.36,1.97877,-11.47767,0.96885,0.0003,0.87817
7713.71,SYN.BTC-6DEC19,1575111542283,open,0.05,450.2,0.024,0.0705,0.04495526,58.16,0.042,0.0,BTC-6DEC19-7500-C,7708.52,52.83,0.0425,1.1,0.044,1.0,56.1,3.57834,-17.71047,0.76607,0.00064,0.66189
7780.59,SYN.BTC-31JAN20,1575111542277,open,0.06,2.3,0.03,0.0855,0.05343765,65.37,0.059,0.0,BTC-31JAN20-9000-C,7708.52,64.42,0.052,9.0,0.055,14.8,66.4,11.76753,-6.21637,3.80942,0.00018,0.34225
7780.59,SYN.BTC-31JAN20,1575111542639,open,0.06,2.3,0.03,0.0855,0.05343765,65.37,0.059,0.0,BTC-31JAN20-9000-C,7708.52,64.42,0.052,17.0,0.055,14.8,66.4,11.76753,-6.21637,3.80942,0.00018,0.34225
153.78,SYN.ETH-6DEC19,1575111543003,open,0.23,0.0,0.2,0.278,0.237096,89.8,None,0.0,ETH-6DEC19-190-P,153.78,0.0,0.235,1.0,0.411,1.0,500.0,0.01542,-0.11782,-0.02973,0.00451,-0.96403
153.78,ETH-27DEC19,1575111543005,open,1.45,0.0,1.4,1.55,1.471637,123.99,None,0.0,ETH-27DEC19-380-P,153.78,0.0,0.02,50.0,0.0,0.0,0.0,0.00695,-0.01603,-0.2792,0.00032,-0.99414
157.05,SYN.ETH-26JUN20,1575111543009,open,3.07,0.0,2.965,3.252,3.09979,106.09,None,0.0,ETH-26JUN20-640-P,153.78,0.0,0.01,50.0,0.0,0.0,0.0,0.19071,-0.04843,-3.60496,0.00127,-0.91139
157.05,SYN.ETH-26JUN20,1575111543012,open,2.07,0.0,1.984,2.221,2.094861,99.81,None,0.0,ETH-26JUN20-480-P,153.78,0.0,0.01,50.0,0.0,0.0,0.0,0.25818,-0.06168,-2.65996,0.00183,-0.86482
157.05,SYN.ETH-26JUN20,1575111543012,open,0.54,0.0,0.468,0.63,0.547439,86.85,None,0.0,ETH-26JUN20-220-P,153.78,16.53,0.401,51.0,0.587,1.0,100.07,0.46596,-0.09687,-1.00715,0.0038,-0.5732
157.05,SYN.ETH-26JUN20,1575111543013,open,2.32,0.0,2.228,2.478,2.345596,101.94,None,0.0,ETH-26JUN20-520-P,153.78,0.0,0.01,50.0,0.0,0.0,0.0,0.2399,-0.05854,-2.89749,0.00167,-0.87839
157.05,SYN.ETH-26JUN20,1575111543058,open,2.57,0.0,2.474,2.736,2.59633,103.4,None,0.0,ETH-26JUN20-560-P,153.78,0.0,0.01,50.0,0.0,0.0,0.0,0.22129,-0.05478,-3.13456,0.00152,-0.89144
153.78,ETH-27DEC19,1575111543060,open,1.84,0.0,1.779,1.951,1.861507,131.58,None,0.0,ETH-27DEC19-440-P,153.78,0.0,0.002,50.0,0.0,0.0,0.0,0.00363,-0.00889,-0.32369,0.00016,-0.99716
153.78,ETH-27DEC19,1575111543060,open,1.58,15.0,1.526,1.683,1.601536,125.92,1.248,0.0,ETH-27DEC19-400-P,153.78,0.0,0.002,50.0,0.0,0.0,0.0,0.00528,-0.01238,-0.29409,0.00024,-0.99569
153.78,SYN.ETH-6DEC19,1575111543060,open,0.05,867.0,0.018,0.076,0.046373,65.27,0.049,0.0,ETH-6DEC19-150-C,153.78,58.17,0.043,1.0,0.048,120.0,68.67,0.07342,-0.40777,0.01454,0.02955,0.6338
153.78,ETH-27DEC19,1575111543062,open,0.14,99.0,0.099,0.17,0.135205,80.29,0.138,0.0,ETH-27DEC19-140-C,153.78,62.54,0.119,32.0,0.129,32.0,73.61,0.1439,-0.21496,0.06456,0.01029,0.70534
153.78,SYN.ETH-6DEC19,1575111543064,open,0.02,1200.0,0.004,0.048,0.021806,65.3,0.022,0.0,ETH-6DEC19-150-P,153.78,59.39,0.019,52.0,0.025,160.0,71.96,0.07342,-0.40797,-0.00961,0.02954,-0.36624
153.78,ETH-27DEC19,1575111543068,open,2.35,37.0,2.284,2.486,2.381687,147.3,0.707,0.0,ETH-27DEC19-520-P,153.78,0.0,0.003,50.0,0.0,0.0,0.0,0.00288,-0.0079,-0.38266,0.00011,-0.9978
155.69,ETH-27MAR20,1575111543081,open,1.07,7.0,1.016,1.191,1.098656,103.26,1.28,0.0,ETH-27MAR20-320-P,153.78,0.0,0.011,5.0,1.103,2.0,106.17,0.22812,-0.09991,-0.96718,0.00282,-0.82494
153.78,SYN.ETH-6DEC19,1575111543083,open,0.1,464.0,0.065,0.126,0.096311,71.36,0.1,0.0,ETH-6DEC19-140-C,153.78,0.0,0.089,40.0,0.097,40.0,73.77,0.04334,-0.26322,0.01892,0.01595,0.8604
155.69,ETH-27MAR20,1575111543103,open,2.32,0.0,2.245,2.466,2.349308,106.68,None,0.0,ETH-27MAR20-520-P,153.78,0.0,0.006,50.0,0.0,0.0,0.0,0.08518,-0.03854,-1.66095,0.00102,-0.95412
7719.89,SYN.BTC-13DEC19,1575111543099,open,0.08,0.0,0.0625,0.1185,0.08569348,55.4,None,0.0,BTC-13DEC19-8250-P,7708.69,18.05,0.069,2.1,0.346,2.1,410.69,4.87104,-10.47871,-2.19726,0.00042,-0.72116
7780.63,SYN.BTC-31JAN20,1575111543098,open,0.1,5.3,0.065,0.1295,0.09432798,64.94,0.097,0.0,BTC-31JAN20-8000-C,7708.69,63.21,0.0915,10.0,0.0955,9.6,65.65,12.77458,-6.70333,5.50697,0.00019,0.51184
157.05,SYN.ETH-26JUN20,1575111543109,open,1.58,0.0,1.498,1.711,1.598371,95.79,None,0.0,ETH-26JUN20-400-P,153.78,0.0,0.01,50.0,0.0,0.0,0.0,0.30818,-0.07067,-2.17639,0.00228,-0.82326
157.05,SYN.ETH-26JUN20,1575111543106,open,0.64,0.0,0.573,0.743,0.655745,88.28,None,0.0,ETH-26JUN20-240-P,153.78,0.0,0.528,1.0,1.458,1.0,500.0,0.45296,-0.09572,-1.14504,0.00364,-0.61832
157.05,SYN.ETH-26JUN20,1575111543121,open,1.34,0.0,1.258,1.461,1.354112,93.92,None,0.0,ETH-26JUN20-360-P,153.78,0.0,0.015,2.0,1.369,1.0,100.51,0.34078,-0.07662,-1.92849,0.00257,-0.79168
157.05,SYN.ETH-26JUN20,1575111543125,open,0.87,0.0,0.793,0.976,0.88105,90.56,None,0.0,ETH-26JUN20-280-P,153.78,0.0,0.01,50.0,1.706,1.0,500.0,0.41795,-0.0906,-1.41375,0.00327,-0.692
153.78,ETH-27DEC19,1575111543127,open,2.61,0.0,2.536,2.754,2.641808,155.53,0.845,0.0,ETH-27DEC19-560-P,153.78,0.0,0.02,50.0,0.0,0.0,0.0,0.00286,-0.00827,-0.41212,0.00011,-0.99782
153.78,SYN.ETH-6DEC19,1575111543157,open,0.05,52.0,0.026,0.092,0.057725,65.31,0.06,0.0,ETH-6DEC19-160-P,153.78,54.81,0.053,120.0,0.064,120.0,78.69,0.07075,-0.39318,-0.01799,0.02846,-0.66898
155.69,ETH-27MAR20,1575111543196,open,0.1,2038.0,0.058,0.145,0.099843,83.26,0.105,0.0,ETH-27MAR20-200-C,153.78,81.02,0.095,1.0,0.106,300.0,86.08,0.33816,-0.11943,0.1433,0.00519,0.38485
153.78,ETH-27DEC19,1575111543204,open,1.32,257.0,1.273,1.417,1.3417,120.0,0.995,0.0,ETH-27DEC19-360-P,153.78,0.0,0.021,5.0,0.0,0.0,0.0,0.00829,-0.01851,-0.26434,0.0004,-0.99284
155.69,ETH-27MAR20,1575111543206,open,2.83,0.0,2.744,2.993,2.86149,112.72,None,0.0,ETH-27MAR20-600-P,153.78,0.0,0.03,50.0,0.0,0.0,0.0,0.07165,-0.03426,-1.92291,0.00081,-0.96294
155.69,ETH-27MAR20,1575111543219,open,0.09,1179.0,0.051,0.131,0.088338,91.31,0.093,0.0,ETH-27MAR20-120-P,153.78,76.7,0.064,320.0,0.112,2.0,105.1,0.26419,-0.10233,-0.15667,0.0037,-0.22326
155.69,ETH-27MAR20,1575111543223,open,3.08,0.0,2.993,3.256,3.117436,114.56,None,0.0,ETH-27MAR20-640-P,153.78,0.0,0.01,50.0,0.0,0.0,0.0,0.06424,-0.03122,-2.05391,0.00072,-0.96755
157.05,SYN.ETH-26JUN20,1575111543227,open,2.82,0.0,2.719,2.993,2.847562,104.61,None,0.0,ETH-26JUN20-600-P,153.78,0.0,0.01,50.0,0.0,0.0,0.0,0.20411,-0.05111,-3.37062,0.00138,-0.90286
153.78,ETH-27DEC19,1575111543249,open,3.9,1.0,3.798,4.094,3.942125,120.0,3.236,0.0,ETH-27DEC19-760-P,153.78,0.0,0.02,50.0,0.0,0.0,0.0,0.0,0.0,-0.5596,0.0,-1.0
157.05,SYN.ETH-26JUN20,1575111543249,open,1.82,0.0,1.74,1.966,1.846616,98.33,None,0.0,ETH-26JUN20-440-P,153.78,0.0,0.01,50.0,0.0,0.0,0.0,0.28369,-0.06677,-2.41859,0.00204,-0.8445
153.78,ETH-27DEC19,1575111543251,open,0.68,946.0,0.643,0.753,0.694579,101.46,0.3,0.0,ETH-27DEC19-260-P,153.78,0.0,0.69,50.0,1.065,1.0,500.0,0.03477,-0.06562,-0.18753,0.00197,-0.96162
154.51,SYN.ETH-31JAN20,1575111544161,open,0.01,1.0,0.004,0.029,0.013156,83.07,0.013,0.0,ETH-31JAN20-100-P,153.78,79.21,0.011,360.0,0.015,361.0,86.16,0.08959,-0.06014,-0.02296,0.00266,-0.07449
154.51,SYN.ETH-31JAN20,1575111544161,open,0.26,0.0,0.222,0.291,0.257161,77.28,None,0.0,ETH-31JAN20-120-C,153.78,33.62,0.225,1.0,0.734,1.0,500.0,0.16108,-0.1006,0.15001,0.00515,0.82985
154.51,SYN.ETH-31JAN20,1575111544163,open,0.33,0.0,0.284,0.393,0.33681,77.33,None,0.0,ETH-31JAN20-200-P,153.78,0.0,0.294,1.0,0.449,1.0,150.35,0.20531,-0.1283,-0.28272,0.00656,-0.74254
154.51,SYN.ETH-31JAN20,1575111544163,open,0.44,0.0,0.399,0.514,0.454188,81.97,None,0.0,ETH-31JAN20-220-P,153.78,32.18,0.424,1.0,0.714,1.0,250.28,0.17259,-0.11431,-0.33116,0.0052,-0.81009
7983.76,SYN.BTC-26JUN20,1575111544348,open,0.14,231.2,0.1045,0.195,0.14443072,71.6,0.1455,0.0,BTC-26JUN20-7000-P,7708.69,70.11,0.1405,2.0,0.148,2.0,72.95,21.11713,-3.61935,-20.47723,8e-05,-0.30377
153.78,SYN.ETH-13DEC19,1575111544998,open,0.11,12.0,0.075,0.139,0.107707,71.12,0.114,0.0,ETH-13DEC19-140-C,153.78,52.1,0.098,40.0,0.107,40.0,69.84,0.08569,-0.23664,0.03643,0.01444,0.77924
153.78,SYN.ETH-13DEC19,1575111544998,open,0.04,52.0,0.011,0.061,0.033927,67.62,0.038,0.0,ETH-13DEC19-160-C,153.78,55.2,0.025,186.0,0.034,160.0,67.72,0.11172,-0.29336,0.01996,0.0198,0.4018
7732.5,BTC-27DEC19,1575111545171,open,0.0,924.9,0.0005,0.0125,0.00268002,82.91,0.0035,0.0,BTC-27DEC19-12000-C,7708.69,79.17,0.002,0.1,0.0035,44.0,86.7,1.53751,-2.37151,0.17157,4e-05,0.03281
7732.5,BTC-27DEC19,1575111545171,open,0.01,511.6,0.005,0.0335,0.01526456,67.29,0.016,0.0,BTC-27DEC19-6500-P,7708.69,64.43,0.0135,38.0,0.0165,47.0,69.23,4.86325,-6.08863,-0.93339,0.00016,-0.14867
7732.5,BTC-27DEC19,1575111545171,open,0.0,961.6,0.0005,0.0105,2.17e-06,120.0,0.001,0.0,BTC-27DEC19-30000-C,7708.69,0.0,0.0,0.0,0.0005,0.9,172.7,0.0028,-0.00625,0.00017,0.0,3e-05
7983.94,SYN.BTC-26JUN20,1575111545173,open,0.21,129.0,0.168,0.2635,0.21146024,71.18,0.2165,0.0,BTC-26JUN20-8000-C,7708.69,69.65,0.207,8.0,0.215,8.0,72.4,23.26043,-3.96336,17.96626,9e-05,0.60469
7732.5,BTC-27DEC19,1575111545193,open,0.54,73.0,0.5225,0.592,0.55458544,82.98,0.54,0.0,BTC-27DEC19-12000-P,7708.69,0.0,0.532,4.0,0.5765,4.0,133.87,1.54249,-2.38121,-8.66362,4e-05,-0.96706
7858.22,BTC-27MAR20,1575111545193,open,0.01,69.4,0.0005,0.03,0.0089328,110.2,0.006,0.0,BTC-27MAR20-28000-C,7708.69,101.21,0.005,16.1,0.014,1.0,118.62,4.08802,-1.91094,0.86704,2e-05,0.0431
7983.94,SYN.BTC-26JUN20,1575111545193,open,1.53,0.1,1.472,1.624,1.5394586,85.38,1.765,0.0,BTC-26JUN20-20000-P,7708.69,0.0,0.1,1.0,2.05,0.1,272.26,13.17555,-2.69293,-109.81469,4e-05,-0.86406
7858.22,BTC-27MAR20,1575111545196,open,0.21,51.3,0.1725,0.2495,0.20800539,69.1,0.203,0.0,BTC-27MAR20-7000-C,7708.69,67.35,0.2045,2.0,0.209,18.0,69.59,15.79357,-4.629,12.18725,0.00011,0.68824
7713.9,SYN.BTC-6DEC19,1575111545196,open,0.0,225.7,0.0005,0.0105,0.000803,110.75,0.001,0.0,BTC-6DEC19-5750-P,7708.69,103.59,0.0005,146.0,0.001,20.1,114.5,0.37784,-3.56106,-0.02005,4e-05,-0.01534
7713.9,SYN.BTC-6DEC19,1575111545196,open,0.17,40.7,0.1405,0.1815,0.15966913,84.53,0.135,0.0,BTC-6DEC19-6500-C,7708.69,0.0,0.157,0.1,0.1725,8.0,142.14,1.00061,-7.19732,0.98208,0.00012,0.95055
7713.9,SYN.BTC-6DEC19,1575111545196,open,0.0,209.6,0.0005,0.0105,0.00068912,77.81,0.0005,0.0,BTC-6DEC19-9500-C,7708.69,0.0,0.0,0.0,0.0015,42.6,88.04,0.46746,-3.09503,0.02358,6e-05,0.01968
7983.94,SYN.BTC-26JUN20,1575111545196,open,1.05,5.0,0.994,1.1355,1.05708657,80.62,1.22,0.0,BTC-26JUN20-16000-P,7708.69,0.0,0.56,1.0,2.0,0.1,500.0,17.00398,-3.28146,-84.7627,6e-05,-0.79812
7732.5,BTC-27DEC19,1575111545200,open,2.85,0.2,2.804,2.959,2.87976571,141.21,2.51,0.0,BTC-27DEC19-30000-P,7708.69,0.0,0.0,0.0,0.0,0.0,0.0,0.03097,-0.08135,-22.08749,0.0,-0.99959
7713.9,SYN.BTC-6DEC19,1575111545200,open,0.23,5.5,0.2065,0.243,0.22344391,103.87,0.121,0.0,BTC-6DEC19-6000-C,7708.69,0.0,0.214,8.0,0.2335,8.0,169.55,0.55815,-4.93355,0.93415,6e-05,0.97572
7732.5,BTC-27DEC19,1575111545202,open,0.13,227.6,0.098,0.151,0.12320977,63.34,0.1245,0.0,BTC-27DEC19-7000-C,7708.69,53.59,0.115,11.0,0.1415,11.0,83.6,6.71032,-7.90743,3.55142,0.00024,0.74697
7983.94,SYN.BTC-26JUN20,1575111545240,open,0.03,30.5,0.011,0.0665,0.02929973,87.84,0.028,0.0,BTC-26JUN20-22000-C,7708.69,85.9,0.0265,5.0,0.0315,18.0,89.3,11.82415,-2.48618,3.97938,4e-05,0.1164
7858.22,BTC-27MAR20,1575111545258,open,0.8,58.9,0.759,0.866,0.80677222,77.1,1.1385,0.0,BTC-27MAR20-14000-P,7708.69,0.0,0.4,0.5,1.135,0.5,235.93,9.73983,-3.18534,-42.40337,6e-05,-0.86411
7732.57,BTC-27DEC19,1575111545278,open,0.0,530.9,0.0005,0.0105,8.9e-07,120.0,0.0005,0.0,BTC-27DEC19-32000-C,7708.69,0.0,0.0,0.0,0.0005,0.9,179.66,0.00124,-0.00277,7e-05,0.0,1e-05
7732.57,BTC-27DEC19,1575111545282,open,2.34,0.0,2.297,2.4315,2.36254949,141.42,None,0.0,BTC-27DEC19-26000-P,7708.69,0.0,0.0,0.0,0.0,0.0,0.0,0.10224,-0.26899,-19.13665,0.0,-0.9985
7983.94,SYN.BTC-26JUN20,1575111545282,open,0.82,11.5,0.763,0.9005,0.82461462,78.7,0.99,0.0,BTC-26JUN20-14000-P,7708.69,0.0,0.5,1.0,2.0,1.0,500.0,19.56116,-3.68511,-71.52041,7e-05,-0.74076
7983.94,SYN.BTC-26JUN20,1575111545285,open,0.02,52.7,0.007,0.0555,0.02217412,92.03,0.023,0.0,BTC-26JUN20-26000-C,7708.69,89.75,0.0195,5.0,0.0245,19.0,93.89,9.71492,-2.14014,3.04658,3e-05,0.08885
7713.9,SYN.BTC-6DEC19,1575111545302,open,0.0,191.6,0.0005,0.0105,0.00068856,85.87,0.0005,0.0,BTC-6DEC19-9750-C,7708.69,0.0,0.0,0.0,0.0015,47.7,96.85,0.43453,-3.17527,0.02157,5e-05,0.01806
7858.22,BTC-27MAR20,1575111545310,open,0.01,479.1,0.0025,0.0345,0.01203318,92.06,0.013,0.0,BTC-27MAR20-20000-C,7708.69,89.04,0.01,32.0,0.014,26.0,94.71,5.57686,-2.17768,1.31224,3e-05,0.06374
7732.57,BTC-27DEC19,1575111545337,open,0.05,791.3,0.029,0.079,0.05092089,60.9,0.0505,0.0,BTC-27DEC19-7500-P,7708.69,59.06,0.049,13.9,0.0525,0.5,62.41,8.07676,-9.15036,-2.53646,0.0003,-0.39457
7732.57,BTC-27DEC19,1575111545337,open,0.0,390.7,0.0005,0.0105,0.00097451,109.19,0.0015,0.0,BTC-27DEC19-16000-C,7708.69,101.37,0.0005,140.5,0.0015,17.0,115.11,0.5861,-1.19056,0.05454,1e-05,0.01055
7732.57,BTC-27DEC19,1575111545337,open,0.0,1053.2,0.0005,0.0105,0.00097289,100.95,0.0015,0.0,BTC-27DEC19-15000-C,7708.69,93.6,0.0005,49.5,0.0015,6.9,106.57,0.61955,-1.16359,0.0585,1e-05,0.01125
7713.9,SYN.BTC-6DEC19,1575111545339,open,0.0,70.4,0.0005,0.0105,0.00058926,120.01,0.0005,0.0,BTC-6DEC19-5500-P,7708.69,117.4,0.0005,5.0,0.001,11.1,129.46,0.27865,-2.84563,-0.01413,2e-05,-0.01079
7713.9,SYN.BTC-6DEC19,1575111545339,open,0.0,128.2,0.0005,0.011,0.00127972,104.13,0.001,0.0,BTC-6DEC19-6000-P,7708.69,100.01,0.001,16.9,0.0015,24.6,107.0,0.56317,-4.99023,-0.03206,6e-05,-0.02454
7983.94,SYN.BTC-26JUN20,1575111545339,open,0.02,79.7,0.007,0.059,0.02296749,100.42,0.019,0.0,BTC-26JUN20-30000-C,7708.69,93.45,0.0155,9.0,0.029,14.0,105.15,9.51962,-2.28827,2.90132,3e-05,0.08647
7732.57,BTC-27DEC19,1575111545368,open,0.0,1466.0,0.0005,0.0135,0.00354673,93.51,0.004,0.0,BTC-27DEC19-5000-P,7708.69,90.61,0.003,20.9,0.004,16.0,95.73,1.52568,-2.65419,-0.20528,4e-05,-0.03251
7732.57,BTC-27DEC19,1575111545368,open,0.0,526.9,0.0005,0.0105,9.649e-05,120.0,0.0005,0.0,BTC-27DEC19-22000-C,7708.69,0.0,0.0,0.0,0.0035,29.0,173.0,0.08035,-0.17937,0.006,0.0,0.00115
7732.57,BTC-27DEC19,1575111545433,open,0.49,31.0,0.4725,0.4975,0.48396827,113.39,0.4255,0.0,BTC-27DEC19-4000-C,7708.69,0.0,0.4745,13.0,0.4905,13.0,156.42,0.59969,-1.26506,2.87642,1e-05,0.98917
7983.94,SYN.BTC-26JUN20,1575111545433,open,0.34,14.0,0.3,0.3785,0.33607423,71.73,0.303,0.0,BTC-26JUN20-6000-C,7708.69,58.63,0.308,7.0,0.3665,7.0,85.39,17.52766,-3.00966,20.62515,7e-05,0.7875
7983.94,SYN.BTC-26JUN20,1575111545436,open,0.03,891.5,0.0135,0.0735,0.03437327,85.35,0.032,0.0,BTC-26JUN20-20000-C,7708.69,83.57,0.0315,4.0,0.0375,18.0,87.21,13.16541,-2.68978,4.63335,4e-05,0.13578
7713.9,SYN.BTC-6DEC19,1575111545460,open,0.0,137.1,0.0005,0.0115,0.00177849,60.92,0.002,0.0,BTC-6DEC19-8750-C,7708.69,54.57,0.001,40.5,0.0025,23.5,65.52,1.09965,-5.70053,0.06696,0.00019,0.0557
7732.57,BTC-27DEC19,1575111545463,open,0.8,268.3,0.7755,0.8535,0.81201669,97.23,0.78,0.0,BTC-27DEC19-14000-P,7708.69,0.0,0.7895,3.0,0.8395,3.0,170.71,0.88853,-1.60726,-10.21969,2e-05,-0.98291
7732.57,BTC-27DEC19,1575111545463,open,0.67,98.8,0.649,0.722,0.68298995,89.31,0.7,0.0,BTC-27DEC19-13000-P,7708.69,0.0,0.0,0.0,0.0,0.0,0.0,1.08271,-1.79896,-9.45959,3e-05,-0.97844
7732.57,BTC-27DEC19,1575111545465,open,0.0,1166.7,0.0005,0.015,0.00424501,75.53,0.004,0.0,BTC-27DEC19-11000-C,7708.69,72.85,0.0035,16.1,0.005,43.0,78.0,2.26428,-3.18192,0.27719,7e-05,0.05293
7858.22,BTC-27MAR20,1575111545465,open,0.01,252.2,0.0005,0.0305,0.00975458,95.37,0.011,0.0,BTC-27MAR20-22000-C,7708.69,93.2,0.0085,7.0,0.011,27.0,97.36,4.73016,-1.91348,1.06455,2e-05,0.0517
7732.57,BTC-27DEC19,1575111545467,open,0.0,817.7,0.0005,0.011,0.00127008,113.51,0.002,0.0,BTC-27DEC19-4000-P,7708.69,109.77,0.001,29.0,0.0015,16.0,116.3,0.6026,-1.27255,-0.06926,1e-05,-0.01089
7732.57,BTC-27DEC19,1575111545478,open,0.42,21.6,0.407,0.436,0.42005399,102.06,0.5285,0.0,BTC-27DEC19-4500-C,7708.69,0.0,0.4085,12.0,0.4285,12.0,141.78,0.93601,-1.77723,3.1986,2e-05,0.98184
7732.57,BTC-27DEC19,1575111545478,open,2.6,0.2,2.5505,2.695,2.62111805,140.91,2.2765,0.0,BTC-27DEC19-28000-P,7708.69,0.0,0.0,0.0,0.0,0.0,0.0,0.05433,-0.14243,-20.6131,0.0,-0.99925
7732.57,BTC-27DEC19,1575111545478,open,0.55,4.3,0.538,0.5585,0.54789223,119.78,0.5625,0.0,BTC-27DEC19-3500-C,7708.69,0.0,0.54,14.0,0.554,14.0,177.61,0.28401,-0.63289,2.54771,1e-05,0.99536
7983.94,SYN.BTC-26JUN20,1575111545482,open,0.52,0.5,0.4995,0.5435,0.51881259,73.65,0.589,0.0,BTC-26JUN20-4000-C,7708.69,55.35,0.505,7.0,0.5335,7.0,87.4,7.60047,-1.33996,19.0439,3e-05,0.93563
7858.22,BTC-27MAR20,1575111545484,open,0.5,7.4,0.484,0.5185,0.49928226,77.33,0.464,0.0,BTC-27MAR20-4000-C,7708.69,0.0,0.4855,10.0,0.511,10.0,96.45,3.81083,-1.25007,11.70418,2e-05,0.96048
7732.57,BTC-27DEC19,1575111545492,open,5.17,0.0,5.086,5.334,5.20762167,197.91,None,0.0,BTC-27DEC19-48000-P,7708.69,0.0,0.0005,1.0,0.0,0.0,0.0,0.06218,-0.22894,-35.33906,0.0,-0.99913
7732.57,BTC-27DEC19,1575111545499,open,4.65,0.0,4.579,4.806,4.69031987,188.51,3.46,0.0,BTC-27DEC19-44000-P,7708.69,0.0,0.001,1.0,0.0,0.0,0.0,0.05985,-0.20989,-32.39393,0.0,-0.99917
7732.57,BTC-27DEC19,1575111545502,open,0.0,1541.5,0.0005,0.0105,0.0,120.0,0.0005,0.0,BTC-27DEC19-52000-C,7708.69,0.0,0.0,0.0,0.0005,32.0,230.39,0.0,0.0,0.0,0.0,0.0
7858.22,BTC-27MAR20,1575111545502,open,0.01,64.4,0.0005,0.021,0.00528815,110.28,0.004,0.0,BTC-27MAR20-32000-C,7708.69,106.29,0.004,8.5,0.0055,31.0,110.87,2.78138,-1.30107,0.55036,1e-05,0.02697
7858.22,BTC-27MAR20,1575111545509,open,0.01,155.0,0.0005,0.028,0.00842804,98.99,0.0075,0.0,BTC-27MAR20-24000-C,7708.69,97.18,0.0075,3.0,0.0095,27.0,100.93,4.17487,-1.75294,0.90872,2e-05,0.04424
7983.94,SYN.BTC-26JUN20,1575111545509,open,3.01,0.0,2.936,3.138,3.02729547,100.5,None,0.0,BTC-26JUN20-32000-P,7708.69,0.0,0.0,0.0,0.0,0.0,0.0,8.47119,-2.03798,-180.61777,2e-05,-0.9259
7732.57,BTC-27DEC19,1575111545512,open,0.74,0.0,0.7315,0.751,0.741344,0.0,None,0.0,BTC-27DEC19-2000-C,7708.69,0.0,0.734,18.0,0.7485,18.0,294.59,0.0,0.0,1.47264,0.0,1.0
7732.57,BTC-27DEC19,1575111545512,open,0.0,487.7,0.0005,0.0105,0.00053131,120.0,0.0015,0.0,BTC-27DEC19-3500-P,7708.69,0.0,0.0,0.0,0.002,30.0,143.61,0.28714,-0.64104,-0.02979,1e-05,-0.0047
7858.22,BTC-27MAR20,1575111545512,open,2.05,0.0,1.9965,2.1415,2.06263564,99.14,None,0.0,BTC-27MAR20-24000-P,7708.69,0.0,0.0005,5.0,0.0,0.0,0.0,4.19959,-1.76602,-76.59239,2e-05,-0.95544
7732.57,BTC-27DEC19,1575111545525,open,0.93,211.0,0.902,0.984,0.94089708,101.89,0.959,0.0,BTC-27DEC19-15000-P,7708.69,0.0,0.0,0.0,0.0,0.0,0.0,0.65371,-1.2392,-10.98266,1e-05,-0.98803
7732.57,BTC-27DEC19,1575111545525,open,1.57,3.6,1.536,1.6415,1.58677218,121.81,1.729,0.0,BTC-27DEC19-20000-P,7708.69,0.0,0.0,0.0,0.0,0.0,0.0,0.21292,-0.48249,-14.70901,0.0,-0.99663
7858.22,BTC-27MAR20,1575111545540,open,3.56,0.0,3.4925,3.69,3.58503251,112.71,None,0.0,BTC-27MAR20-36000-P,7708.69,0.0,0.0,0.0,0.0,0.0,0.0,2.15315,-1.02944,-115.85342,1e-05,-0.9801
7858.22,BTC-27MAR20,1575111545548,open,0.01,1342.7,0.0005,0.021,0.00831699,77.36,0.0085,0.0,BTC-27MAR20-4000-P,7708.69,75.63,0.0075,11.0,0.009,10.0,78.74,3.81403,-1.25158,-1.21509,2e-05,-0.03956
7858.22,BTC-27MAR20,1575111545567,open,0.02,234.6,0.01,0.044,0.02240501,72.55,0.0255,0.0,BTC-27MAR20-5000-P,7708.69,71.08,0.021,1.0,0.024,26.0,74.17,7.62539,-2.34663,-3.01321,5e-05,-0.09633
7858.22,BTC-27MAR20,1575111545567,open,0.56,54.9,0.523,0.629,0.57053729,74.8,0.77,0.0,BTC-27MAR20-12000-P,7708.69,61.13,0.55,0.1,0.88,1.0,218.21,13.10756,-4.15867,-34.35789,9e-05,-0.78331
7732.57,BTC-27DEC19,1575111545567,open,0.0,1038.8,0.0005,0.0105,0.0002631,120.0,0.0005,0.0,BTC-27DEC19-20000-C,7708.69,0.0,0.0,0.0,0.0015,36.0,143.69,0.18784,-0.41935,0.01518,0.0,0.00293
7713.9,SYN.BTC-6DEC19,1575111545567,open,0.2,6.8,0.1735,0.212,0.19132843,92.74,0.194,0.0,BTC-6DEC19-6250-C,7708.69,0.0,0.1895,0.1,0.2025,8.0,154.54,0.7089,-5.59467,0.964,8e-05,0.96764
7983.94,SYN.BTC-26JUN20,1575111545567,open,0.04,246.3,0.016,0.077,0.03757602,80.6,0.0395,0.0,BTC-26JUN20-18000-C,7708.69,70.4,0.0215,12.0,0.045,17.0,84.61,14.19807,-2.73925,5.22154,5e-05,0.15186
7732.57,BTC-27DEC19,1575111545574,open,0.01,41.7,0.002,0.029,0.01178005,65.13,0.012,0.0,BTC-27DEC19-9500-C,7708.69,62.97,0.0105,24.0,0.0125,23.0,66.31,4.69042,-5.6837,0.73512,0.00016,0.14089
7732.57,BTC-27DEC19,1575111545574,open,0.03,35.7,0.0165,0.06,0.03135466,61.8,0.031,0.0,BTC-27DEC19-8500-C,7708.69,59.34,0.029,8.0,0.032,18.0,62.46,7.45831,-8.57454,1.61754,0.00027,0.31545
7732.57,BTC-27DEC19,1575111545574,open,0.35,0.0,0.3335,0.3985,0.36341139,71.47,None,0.0,BTC-27DEC19-10500-P,7708.69,0.0,0.0,0.0,0.0,0.0,0.0,2.79768,-3.71996,-7.36783,9e-05,-0.93063
7732.57,BTC-27DEC19,1575111545574,open,0.13,0.0,0.104,0.1685,0.13064517,61.84,None,0.0,BTC-27DEC19-8500-P,7708.69,0.0,0.0,0.0,0.5005,2.0,416.75,7.46003,-8.58285,-4.64047,0.00027,-0.68438
7732.57,BTC-27DEC19,1575111545574,open,0.23,0.0,0.2105,0.275,0.24039885,65.22,None,0.0,BTC-27DEC19-9500-P,7708.69,0.0,0.013,1.0,1.2,1.0,500.0,4.69829,-5.70033,-6.25821,0.00016,-0.85876
7983.94,SYN.BTC-26JUN20,1575111545576,open,0.42,0.0,0.391,0.453,0.41890258,71.73,None,0.0,BTC-26JUN20-5000-C,7708.69,58.91,0.4,7.0,0.442,7.0,85.53,12.67046,-2.17558,20.68132,5e-05,0.87156
7858.22,BTC-27MAR20,1575111545590,open,0.02,267.1,0.0045,0.04,0.0151351,88.17,0.0155,0.0,BTC-27MAR20-18000-C,7708.69,85.54,0.013,7.0,0.017,26.0,90.3,6.65209,-2.48777,1.65144,4e-05,0.08021
7732.57,BTC-27DEC19,1575111545590,open,0.01,1533.4,0.0005,0.023,0.00821386,68.92,0.008,0.0,BTC-27DEC19-10000-C,7708.69,67.39,0.0075,0.8,0.0085,25.0,69.52,3.68297,-4.72245,0.52272,0.00012,0.10002
7732.57,BTC-27DEC19,1575111545590,open,0.0,590.4,0.0005,0.0105,1.217e-05,120.0,0.001,0.0,BTC-27DEC19-2500-P,7708.69,0.0,0.0,0.0,0.001,91.6,180.98,0.0115,-0.02568,-0.00087,0.0,-0.00014
7858.22,BTC-27MAR20,1575111545590,open,0.0,144.6,0.0005,0.017,0.00371994,112.26,0.004,0.0,BTC-27MAR20-36000-C,7708.69,109.37,0.003,8.0,0.0045,31.0,114.99,2.10554,-1.00264,0.39752,1e-05,0.01938
7713.9,SYN.BTC-6DEC19,1575111545592,open,0.01,442.2,0.0005,0.02,0.00542858,68.28,0.0045,0.0,BTC-6DEC19-7000-P,7708.69,62.39,0.004,49.0,0.0055,0.6,68.56,1.98246,-11.51894,-0.15843,0.0003,-0.12215
7732.57,BTC-27DEC19,1575111545610,open,0.0,756.8,0.0005,0.0105,3.612e-05,120.0,0.0005,0.0,BTC-27DEC19-24000-C,7708.69,0.0,0.0,0.0,0.001,3.5,158.88,0.03433,-0.07663,0.0024,0.0,0.00046
7732.57,BTC-27DEC19,1575111545612,open,0.01,1479.3,0.0005,0.022,0.00837897,73.31,0.008,0.0,BTC-27DEC19-6000-P,7708.69,71.17,0.0075,0.1,0.009,9.9,74.76,3.25391,-4.43797,-0.52946,0.0001,-0.08461
7983.94,SYN.BTC-26JUN20,1575111545612,open,0.02,357.0,0.009,0.0395,0.01982966,73.66,0.0215,0.0,BTC-26JUN20-4000-P,7708.69,71.7,0.018,8.3,0.0215,8.5,75.39,7.60226,-1.3405,-3.848,3e-05,-0.06439
7983.94,SYN.BTC-26JUN20,1575111545612,open,0.14,261.0,0.097,0.194,0.1398135,73.53,0.136,0.0,BTC-26JUN20-10000-C,7708.69,71.75,0.1345,8.0,0.145,17.0,75.26,23.90239,-4.20714,14.1541,9e-05,0.44961
7713.9,SYN.BTC-6DEC19,1575111545616,open,0.13,1.1,0.1125,0.163,0.13612239,61.11,0.125,0.0,BTC-6DEC19-8750-P,7708.69,0.0,0.1205,5.0,0.151,5.0,115.11,1.10878,-5.76579,-1.34091,0.00019,-0.94371
7732.57,BTC-27DEC19,1575111545623,open,0.09,630.9,0.056,0.1095,0.08096848,60.87,0.0855,0.0,BTC-27DEC19-7500-C,7708.69,57.55,0.0775,12.0,0.0825,4.0,62.33,8.07666,-9.14607,2.98621,0.0003,0.60545
7713.9,SYN.BTC-6DEC19,1575111545624,open,0.03,73.8,0.013,0.058,0.030357,55.11,0.029,0.0,BTC-6DEC19-7750-P,7708.69,51.44,0.0285,1.1,0.0305,0.4,55.39,3.90254,-18.30162,-0.67434,0.00074,-0.51269
7713.9,SYN.BTC-6DEC19,1575111545639,open,0.01,186.2,0.0005,0.027,0.00935601,62.01,0.008,0.0,BTC-6DEC19-7250-P,7708.69,56.7,0.0075,48.1,0.009,0.4,61.02,2.77226,-14.62952,-0.26487,0.00047,-0.20395
7858.22,BTC-27MAR20,1575111545641,open,0.03,429.1,0.0095,0.0545,0.02515306,77.06,0.0275,0.0,BTC-27MAR20-14000-C,7708.69,68.4,0.0155,17.0,0.0285,17.0,79.69,9.73203,-3.18128,2.80634,6e-05,0.13574
7732.57,BTC-27DEC19,1575111545641,open,0.0,680.5,0.0005,0.0105,1.382e-05,120.0,0.0005,0.0,BTC-27DEC19-26000-C,7708.69,0.0,0.0,0.0,0.004,29.0,198.2,0.01474,-0.03291,0.00097,0.0,0.00018
7732.57,BTC-27DEC19,1575111545641,open,0.0,972.2,0.0005,0.011,0.00146037,96.94,0.003,0.0,BTC-27DEC19-14000-C,7708.69,92.34,0.001,15.0,0.002,12.0,101.22,0.87532,-1.57869,0.08729,2e-05,0.01679
7732.57,BTC-27DEC19,1575111545646,open,0.0,449.3,0.0005,0.0105,1e-08,120.0,0.0005,0.0,BTC-27DEC19-44000-C,7708.69,0.0,0.0,0.0,0.0005,1.0,213.24,1e-05,-3e-05,0.0,0.0,0.0
7732.57,BTC-27DEC19,1575111545646,open,0.0,106.3,0.0005,0.0105,5.9e-07,120.0,0.0005,0.0,BTC-27DEC19-2000-P,7708.69,0.0,0.0,0.0,0.0005,11.1,197.81,0.00076,-0.00169,-5e-05,0.0,-1e-05
7732.57,BTC-27DEC19,1575111545646,open,0.81,12.1,0.7965,0.816,0.80601183,0.0,0.8415,0.0,BTC-27DEC19-1500-C,7708.69,0.0,0.7985,21.0,0.813,21.0,354.14,0.0,0.0,1.10448,0.0,1.0
7858.22,BTC-27MAR20,1575111545661,open,0.02,1523.0,0.006,0.045,0.01868287,82.68,0.019,0.0,BTC-27MAR20-16000-C,7708.69,76.47,0.013,18.0,0.021,18.0,84.93,7.86914,-2.75974,2.07782,5e-05,0.10056
7983.94,SYN.BTC-26JUN20,1575111545661,open,0.07,501.4,0.038,0.1205,0.0710549,78.68,0.074,0.0,BTC-26JUN20-14000-C,7708.69,77.01,0.067,15.0,0.075,16.0,80.28,19.55795,-3.68374,8.59434,7e-05,0.25916
7732.57,BTC-27DEC19,1575111545663,open,0.0,690.8,0.0005,0.0105,1.6e-07,120.0,0.0005,0.0,BTC-27DEC19-36000-C,7708.69,0.0,0.0,0.0,0.002,29.0,220.52,0.00025,-0.00057,1e-05,0.0,0.0
7732.57,BTC-27DEC19,1575111545663,open,0.0,697.5,0.0005,0.0115,0.00175908,89.09,0.003,0.0,BTC-27DEC19-13000-C,7708.69,82.55,0.001,73.0,0.0025,25.0,93.84,1.07059,-1.77447,0.11113,3e-05,0.02128
7858.22,BTC-27MAR20,1575111545671,open,1.79,5.6,1.7475,1.8835,1.80938594,95.39,1.545,0.0,BTC-27MAR20-22000-P,7708.69,0.0,0.0,0.0,0.0,0.0,0.0,4.73457,-1.91577,-69.98266,2e-05,-0.94824
7858.22,BTC-27MAR20,1575111545683,open,0.01,137.6,0.0005,0.025,0.00686011,110.28,0.006,0.0,BTC-27MAR20-30000-C,7708.69,104.01,0.0045,18.0,0.0095,23.0,115.8,3.37405,-1.5783,0.69019,2e-05,0.03406
7732.57,BTC-27DEC19,1575111545683,open,0.0,832.1,0.0005,0.0105,0.0001058,120.0,0.001,0.0,BTC-27DEC19-3000-P,7708.69,0.0,0.0,0.0,0.0015,30.0,162.08,0.07509,-0.16764,-0.00669,0.0,-0.00107
7983.94,SYN.BTC-26JUN20,1575111545685,open,1.28,1.8,1.229,1.371,1.29215281,80.63,1.335,0.0,BTC-26JUN20-18000-P,7708.69,0.0,1.25,0.1,1.5,0.1,159.77,14.20656,-2.74186,-97.78173,5e-05,-0.848
7713.9,SYN.BTC-6DEC19,1575111545685,open,0.0,169.4,0.0005,0.0165,0.00336535,57.94,0.0035,0.0,BTC-6DEC19-8500-C,7708.69,53.78,0.0025,0.1,0.004,22.5,60.69,1.71396,-8.45135,0.11963,0.00031,0.09971
7713.9,SYN.BTC-6DEC19,1575111545688,open,0.1,2.6,0.082,0.133,0.10529942,58.06,0.1,0.0,BTC-6DEC19-8500-P,7708.69,48.55,0.1035,0.1,0.1065,0.1,63.09,1.72008,-8.49891,-1.24811,0.00031,-0.8998
7732.57,BTC-27DEC19,1575111545693,open,5.68,0.8,5.5935,5.862,5.72507132,219.13,3.59,0.0,BTC-27DEC19-52000-P,7708.69,0.0,0.001,1.0,0.0,0.0,0.0,0.12209,-0.49774,-38.27983,0.0,-0.99818
7732.57,BTC-27DEC19,1575111545695,open,0.61,11.0,0.6025,0.622,0.61212942,119.26,0.5835,0.0,BTC-27DEC19-3000-C,7708.69,0.0,0.6045,15.0,0.6185,15.0,207.23,0.07122,-0.15803,2.20265,0.0,0.99899
7732.57,BTC-27DEC19,1575111545699,open,0.02,1197.2,0.007,0.04,0.01921704,63.41,0.0185,0.0,BTC-27DEC19-9000-C,7708.69,61.2,0.0175,12.0,0.02,33.8,64.4,6.0973,-7.19275,1.10322,0.00022,0.21298
7858.22,BTC-27MAR20,1575111545699,open,0.34,139.4,0.304,0.4065,0.35041635,71.76,0.407,0.0,BTC-27MAR20-10000-P,7708.69,63.06,0.3325,10.0,0.3625,10.0,77.44,16.52944,-5.03148,-25.40536,0.00012,-0.65067
7713.9,SYN.BTC-6DEC19,1575111545699,open,0.03,561.3,0.01,0.0515,0.0256524,55.06,0.024,0.0,BTC-6DEC19-7750-C,7708.69,49.82,0.023,1.1,0.025,2.0,53.77,3.90253,-18.28571,0.57322,0.00074,0.48727
7713.9,SYN.BTC-6DEC19,1575111545699,open,0.29,0.2,0.2725,0.305,0.2875731,119.53,0.175,0.0,BTC-6DEC19-5500-C,7708.69,0.0,0.2745,8.0,0.296,8.0,199.78,0.27319,-2.77875,0.87157,2e-05,0.98946
7983.94,SYN.BTC-26JUN20,1575111545699,open,0.59,8.8,0.5405,0.6725,0.60001597,76.02,0.783,0.0,BTC-26JUN20-12000-P,7708.69,33.44,0.51,1.0,1.9995,0.9,500.0,22.05183,-4.01311,-57.71095,8e-05,-0.66311
7713.9,SYN.BTC-6DEC19,1575111545702,open,0.16,0.0,0.1445,0.1955,0.16814643,68.43,None,0.0,BTC-6DEC19-9000-P,7708.69,0.0,0.0,0.0,0.0,0.0,0.0,0.87037,-5.06837,-1.39893,0.00013,-0.95842
7713.9,SYN.BTC-6DEC19,1575111545709,open,0.22,0.0,0.2075,0.2605,0.23226249,78.29,None,0.0,BTC-6DEC19-9500-P,7708.69,0.0,0.0,0.0,0.0,0.0,0.0,0.48038,-3.20031,-1.50494,6e-05,-0.97968
7732.57,BTC-27DEC19,1575111545716,open,3.63,1.3,3.5645,3.7505,3.65571641,166.96,3.212,0.0,BTC-27DEC19-36000-P,7708.69,0.0,0.0,0.0,0.0,0.0,0.0,0.05532,-0.17182,-26.50365,0.0,-0.99923
7983.94,SYN.BTC-26JUN20,1575111545723,open,0.1,251.6,0.059,0.1495,0.09696478,76.01,0.09,0.0,BTC-26JUN20-12000-C,7708.69,74.75,0.0935,5.0,0.1,12.0,77.11,22.05034,-4.01219,10.95937,8e-05,0.33683
7713.9,SYN.BTC-6DEC19,1575111545725,open,0.19,0.0,0.176,0.228,0.20018935,74.19,None,0.0,BTC-6DEC19-9250-P,7708.69,0.0,0.0,0.0,0.0,0.0,0.0,0.66412,-4.19266,-1.45322,9e-05,-0.9701
7983.94,SYN.BTC-26JUN20,1575111545725,open,0.05,262.5,0.025,0.076,0.04517391,71.74,0.051,0.0,BTC-26JUN20-5000-P,7708.69,68.43,0.04,20.0,0.0465,8.0,72.57,12.67151,-2.17603,-7.93313,5e-05,-0.12846
7858.22,BTC-27MAR20,1575111545729,open,3.05,0.0,2.9935,3.1745,3.07756599,110.58,None,0.0,BTC-27MAR20-32000-P,7708.69,0.0,0.001,1.0,0.0,0.0,0.0,2.81938,-1.3225,-102.78425,1e-05,-0.97258
7732.57,BTC-27DEC19,1575111545739,open,0.18,925.0,0.1535,0.2175,0.18316743,63.46,0.235,0.0,BTC-27DEC19-9000-P,7708.69,0.0,0.1425,2.0,0.33,0.1,207.28,6.10128,-7.20354,-5.52255,0.00022,-0.78678
7732.57,BTC-27DEC19,1575111545751,open,3.11,0.3,3.0575,3.2225,3.13841533,154.47,2.744,0.0,BTC-27DEC19-32000-P,7708.69,0.0,0.0,0.0,0.0,0.0,0.0,0.05352,-0.15381,-23.55847,0.0,-0.99926
7732.57,BTC-27DEC19,1575111545753,open,2.08,0.0,2.043,2.168,2.10384696,128.35,None,0.0,BTC-27DEC19-24000-P,7708.69,0.0,0.0,0.0,0.0,0.0,0.0,0.07337,-0.17518,-17.66628,0.0,-0.99896
7858.22,BTC-27MAR20,1575111545753,open,0.08,476.9,0.0465,0.12,0.07782952,71.75,0.0815,0.0,BTC-27MAR20-10000-C,7708.69,70.87,0.076,10.1,0.08,15.6,72.78,16.52829,-5.03,6.88854,0.00012,0.34927
7713.9,SYN.BTC-6DEC19,1575111545753,open,0.0,67.6,0.0005,0.011,0.0010258,73.85,0.001,0.0,BTC-6DEC19-9250-C,7708.69,66.2,0.0005,24.5,0.0015,0.6,78.82,0.6529,-4.10309,0.0351,9e-05,0.02929
7713.9,SYN.BTC-6DEC19,1575111545753,open,0.0,167.2,0.0005,0.0155,0.00336941,75.71,0.003,0.0,BTC-6DEC19-6750-P,7708.69,70.54,0.0025,32.0,0.0035,0.5,76.43,1.38944,-8.95228,-0.09767,0.00019,-0.07529
7983.94,SYN.BTC-26JUN20,1575111545753,open,0.63,15.6,0.6195,0.646,0.63076947,76.74,0.6035,0.0,BTC-26JUN20-3000-C,7708.69,0.0,0.6215,8.0,0.6405,8.0,94.23,3.41816,-0.62793,15.77052,1e-05,0.97594
7983.94,SYN.BTC-26JUN20,1575111545753,open,0.09,259.8,0.0565,0.1295,0.08759982,71.74,0.085,0.0,BTC-26JUN20-6000-P,7708.69,70.1,0.084,0.5,0.0905,2.0,73.06,17.52804,-3.01005,-13.71172,7e-05,-0.21251
7858.22,BTC-27MAR20,1575111545759,open,1.04,1.1,1.004,1.1175,1.05482179,82.73,1.08,0.0,BTC-27MAR20-16000-P,7708.69,0.0,0.0,0.0,0.0,0.0,0.0,7.88069,-2.76561,-49.58996,5e-05,-0.89924
7983.94,SYN.BTC-26JUN20,1575111545761,open,2.02,0.0,1.9575,2.123,2.03140771,90.07,None,0.0,BTC-26JUN20-24000-P,7708.69,0.0,0.0,0.0,0.0,0.0,0.0,10.69451,-2.30589,-133.87709,3e-05,-0.89877
7858.22,BTC-27MAR20,1575111545763,open,4.06,1.0,3.9915,4.208,4.09357121,116.94,4.54,0.0,BTC-27MAR20-40000-P,7708.69,0.0,0.0005,2.0,0.0,0.0,0.0,1.89673,-0.9408,-128.82893,1e-05,-0.98285
7732.57,BTC-27DEC19,1575111545763,open,0.05,1322.3,0.03,0.079,0.05176272,61.51,0.049,0.0,BTC-27DEC19-8000-C,7708.69,58.0,0.048,8.0,0.0525,16.1,62.2,8.3105,-9.51002,2.27962,0.00031,0.45214
7732.57,BTC-27DEC19,1575111545763,open,0.0,839.6,0.0005,0.0105,0.00048641,114.98,0.0005,0.0,BTC-27DEC19-18000-C,7708.69,0.0,0.0,0.0,0.001,29.6,124.25,0.32245,-0.68975,0.02771,1e-05,0.00535
7732.57,BTC-27DEC19,1575111545763,open,0.18,149.5,0.1515,0.2,0.17463425,67.25,0.158,0.0,BTC-27DEC19-6500-C,7708.69,51.56,0.166,10.0,0.195,10.0,95.58,4.86009,-6.08056,3.85369,0.00016,0.85147
7983.94,SYN.BTC-26JUN20,1575111545763,open,0.3,106.6,0.2465,0.362,0.2987565,72.49,0.333,0.0,BTC-26JUN20-9000-P,7708.69,67.6,0.284,8.0,0.3115,8.0,76.72,24.05749,-4.17456,-35.47905,9e-05,-0.47778
7713.9,SYN.BTC-6DEC19,1575111545763,open,0.0,193.0,0.0005,0.0115,0.00157407,92.95,0.0015,0.0,BTC-6DEC19-6250-P,7708.69,85.91,0.001,52.0,0.002,1.1,97.24,0.71405,-5.64817,-0.04249,8e-05,-0.03264
7983.94,SYN.BTC-26JUN20,1575111545765,open,0.03,12.5,0.0085,0.0605,0.02530533,90.02,0.024,0.0,BTC-26JUN20-24000-C,7708.69,87.86,0.0225,5.0,0.0275,18.0,91.63,10.67951,-2.30136,3.46004,3e-05,0.10104
7983.94,SYN.BTC-26JUN20,1575111545791,open,1.77,0.0,1.714,1.873,1.78489359,87.88,None,0.0,BTC-26JUN20-22000-P,7708.69,0.0,0.11,1.0,3.0,0.1,500.0,11.83665,-2.49,-121.91321,4e-05,-0.88343
7713.9,SYN.BTC-6DEC19,1575111545791,open,0.26,0.3,0.2395,0.2735,0.25537702,110.39,0.144,0.0,BTC-6DEC19-5750-C,7708.69,0.0,0.2415,8.0,0.2645,8.0,183.7,0.37237,-3.4978,0.90592,4e-05,0.98492
7732.57,BTC-27DEC19,1575111545806,open,0.29,526.6,0.2715,0.3365,0.30149681,69.03,0.297,0.0,BTC-27DEC19-10000-P,7708.69,0.0,0.2925,2.0,0.329,6.0,109.34,3.69389,-4.74392,-6.83847,0.00012,-0.89957
7858.22,BTC-27MAR20,1575111545808,open,1.29,0.0,1.2515,1.373,1.30579139,88.24,1.23,0.0,BTC-27MAR20-18000-P,7708.69,0.0,0.0,0.0,0.0,0.0,0.0,6.66666,-2.49526,-56.4747,4e-05,-0.91956
7858.22,BTC-27MAR20,1575111545811,open,0.04,1219.1,0.0205,0.0795,0.0434331,74.77,0.044,0.0,BTC-27MAR20-12000-C,7708.69,73.6,0.0415,7.0,0.045,40.0,75.71,13.10349,-4.15601,4.39385,9e-05,0.21657
7858.22,BTC-27MAR20,1575111545811,open,0.0,657.7,0.0005,0.0155,0.00322391,116.36,0.004,0.0,BTC-27MAR20-40000-C,7708.69,112.99,0.0025,6.0,0.004,31.0,119.43,1.84251,-0.90944,0.33885,1e-05,0.01658
7858.22,BTC-27MAR20,1575111545811,open,0.25,99.1,0.207,0.3045,0.25133048,69.99,0.373,0.0,BTC-27MAR20-9000-P,7708.69,62.45,0.2345,10.0,0.259,10.0,73.4,17.63631,-5.2358,-20.50226,0.00013,-0.55655
7732.57,BTC-27DEC19,1575111545811,open,0.0,255.7,0.0005,0.0105,1e-08,120.0,0.001,0.0,BTC-27DEC19-1500-P,7708.69,0.0,0.0,0.0,0.0005,37.9,238.94,1e-05,-3e-05,0.0,0.0,0.0
7858.22,BTC-27MAR20,1575111545811,open,0.1,193.3,0.0665,0.1405,0.09880578,69.1,0.0935,0.0,BTC-27MAR20-7000-P,7708.69,67.96,0.0965,2.0,0.101,12.0,70.2,15.79364,-4.62947,-10.41947,0.00011,-0.31177
7713.9,SYN.BTC-6DEC19,1575111545811,open,0.01,300.6,0.0005,0.025,0.0065138,55.2,0.007,0.0,BTC-6DEC19-8250-C,7708.69,50.41,0.005,19.5,0.007,19.4,56.66,2.54705,-11.96444,0.21252,0.00048,0.17766
7983.94,SYN.BTC-26JUN20,1575111545811,open,0.02,24.0,0.0055,0.052,0.01915896,100.42,0.017,0.0,BTC-26JUN20-32000-C,7708.69,95.65,0.0145,10.0,0.0175,19.2,98.81,8.44825,-2.03074,2.49827,2e-05,0.07384
7732.57,BTC-27DEC19,1575111545814,open,0.08,945.4,0.0595,0.1185,0.08636633,61.53,0.084,0.0,BTC-27DEC19-8000-P,7708.69,60.26,0.085,2.0,0.0895,22.6,64.44,8.31058,-9.51281,-3.61087,0.00031,-0.54783
7858.22,BTC-27MAR20,1575111545827,open,0.39,1.1,0.3635,0.4135,0.3861116,72.53,0.4535,0.0,BTC-27MAR20-5000-C,7708.69,51.78,0.37,9.0,0.404,9.0,89.08,7.62325,-2.3454,13.13551,5e-05,0.90371
7732.57,BTC-27DEC19,1575111545827,open,1.83,4.9,1.7895,1.9045,1.84531896,127.87,2.217,0.0,BTC-27DEC19-22000-P,7708.69,0.0,0.0,0.0,0.0,0.0,0.0,0.1484,-0.35305,-16.1874,0.0,-0.99774
7732.57,BTC-27DEC19,1575111545827,open,0.03,739.0,0.013,0.052,0.02850783,63.38,0.027,0.0,BTC-27DEC19-7000-P,7708.69,61.05,0.0265,30.8,0.03,19.0,65.09,6.71137,-7.91308,-1.60341,0.00024,-0.25311
7713.9,SYN.BTC-6DEC19,1575111545829,open,0.0,244.4,0.0005,0.0125,0.0023246,84.68,0.002,0.0,BTC-6DEC19-6500-P,7708.69,82.09,0.002,10.9,0.0025,1.0,86.0,1.0053,-7.24438,-0.06466,0.00012,-0.04975
7732.57,BTC-27DEC19,1575111545842,open,0.0,459.6,0.0005,0.0155,0.00488809,81.25,0.005,0.0,BTC-27DEC19-5500-P,7708.69,77.85,0.004,0.1,0.0055,16.0,83.4,2.12603,-3.21351,-0.30626,6e-05,-0.0489
7732.57,BTC-27DEC19,1575111545842,open,0.3,69.4,0.276,0.314,0.29359693,81.19,0.29,0.0,BTC-27DEC19-5500-C,7708.69,0.0,0.2885,10.1,0.3065,10.0,114.13,2.12285,-3.20668,3.7441,6e-05,0.95119
7732.57,BTC-27DEC19,1575111545842,open,4.14,0.0,4.072,4.2785,4.17313182,189.07,2.58,0.0,BTC-27DEC19-40000-P,7708.69,0.0,0.001,1.0,0.0,0.0,0.0,0.10892,-0.38312,-29.44486,0.0,-0.99839
7732.57,BTC-27DEC19,1575111545844,open,0.0,657.0,0.0005,0.0105,5.41e-06,120.0,0.0005,0.0,BTC-27DEC19-28000-C,7708.69,0.0,0.0,0.0,0.0085,1.0,231.23,0.00639,-0.01426,0.0004,0.0,8e-05
7732.57,BTC-27DEC19,1575111545844,open,0.0,349.0,0.0005,0.0105,0.0,120.0,0.0005,0.0,BTC-27DEC19-48000-C,7708.69,0.0,0.0,0.0,0.0015,33.7,246.03,0.0,-1e-05,0.0,0.0,0.0
7713.9,SYN.BTC-6DEC19,1575111545844,open,0.0,116.3,0.0005,0.011,0.0013927,68.18,0.002,0.0,BTC-6DEC19-9000-C,7708.69,64.31,0.001,22.0,0.002,44.5,73.07,0.86035,-4.99176,0.04917,0.00013,0.04099
7983.94,SYN.BTC-26JUN20,1575111545844,open,0.27,61.4,0.2265,0.3165,0.26765081,71.6,0.266,0.0,BTC-26JUN20-7000-C,7708.69,69.65,0.2625,8.0,0.2715,2.0,73.05,21.11717,-3.61917,19.58222,8e-05,0.69625
7732.57,BTC-27DEC19,1575111545849,open,0.0,778.0,0.0005,0.012,0.00203087,102.25,0.0025,0.0,BTC-27DEC19-4500-P,7708.69,97.48,0.0015,1.0,0.0025,48.6,105.85,0.94258,-1.79301,-0.11583,2e-05,-0.01831
7732.57,BTC-27DEC19,1575111545849,open,0.0,562.6,0.0005,0.0105,3e-08,120.0,0.0005,0.0,BTC-27DEC19-40000-C,7708.69,0.0,0.0,0.0,0.0005,5.8,203.32,6e-05,-0.00012,0.0,0.0,0.0
7858.22,BTC-27MAR20,1575111545849,open,0.05,599.3,0.028,0.082,0.05031274,69.58,0.05,0.0,BTC-27MAR20-6000-P,7708.69,68.4,0.0485,16.0,0.0525,8.0,71.0,12.09588,-3.57017,-6.08409,9e-05,-0.18943
7858.22,BTC-27MAR20,1575111545849,open,0.0,94.5,0.0005,0.018,0.00421621,110.65,0.004,0.0,BTC-27MAR20-34000-C,7708.69,108.08,0.0035,8.0,0.005,31.0,113.13,2.33869,-1.09763,0.44986,1e-05,0.02194
7713.9,SYN.BTC-6DEC19,1575111545849,open,0.13,41.8,0.108,0.151,0.12830411,75.6,0.1325,0.0,BTC-6DEC19-6750-C,7708.69,63.62,0.1265,0.1,0.1295,0.1,81.78,1.38531,-8.91183,0.98932,0.00019,0.92501
7983.94,SYN.BTC-26JUN20,1575111545849,open,0.39,122.5,0.337,0.4595,0.39235616,73.54,0.48,0.0,BTC-26JUN20-10000-P,7708.69,66.2,0.3705,8.0,0.4045,8.0,77.59,23.90265,-4.20773,-43.07183,9e-05,-0.55036
7983.94,SYN.BTC-26JUN20,1575111545849,open,0.02,14.8,0.008,0.062,0.02499224,98.34,0.0185,0.0,BTC-26JUN20-28000-C,7708.69,91.87,0.0175,5.0,0.032,14.0,103.49,10.15358,-2.39027,3.16711,3e-05,0.09431
7713.9,SYN.BTC-6DEC19,1575111545851,open,0.26,0.0,0.2395,0.2935,0.26467176,86.4,None,0.0,BTC-6DEC19-9750-P,7708.69,0.0,0.0,0.0,0.0,0.0,0.0,0.44701,-3.28668,-1.54724,5e-05,-0.98133
153.78,ETH-27DEC19,1575111545873,open,0.19,0.0,0.146,0.212,0.179912,80.33,None,0.0,ETH-27DEC19-130-C,153.78,0.0,0.154,1.0,0.544,1.0,500.0,0.11306,-0.16897,0.0714,0.00808,0.81048
153.78,ETH-27DEC19,1575111545873,open,0.08,12.0,0.04,0.11,0.073206,79.59,0.06,0.0,ETH-27DEC19-150-P,153.78,70.87,0.064,1.0,0.067,456.0,73.71,0.16238,-0.24043,-0.0549,0.01172,-0.41168
153.78,ETH-27DEC19,1575111545873,open,0.03,1.0,0.009,0.049,0.025275,80.33,0.021,0.0,ETH-27DEC19-130-P,153.78,70.0,0.018,360.0,0.023,128.0,77.2,0.11306,-0.16897,-0.02432,0.00808,-0.18952
153.78,ETH-27DEC19,1575111545873,open,0.11,0.0,0.063,0.132,0.097787,79.59,None,0.0,ETH-27DEC19-150-C,153.78,61.79,0.079,96.0,0.09,96.0,72.21,0.16238,-0.24043,0.05554,0.01172,0.58832
153.78,ETH-27DEC19,1575111545873,open,0.03,15.0,0.006,0.044,0.021276,80.33,0.017,0.0,ETH-27DEC19-190-C,153.78,69.9,0.014,340.0,0.019,468.0,77.23,0.11488,-0.17169,0.01962,0.00821,0.19454
153.78,ETH-27DEC19,1575111545873,open,0.06,5.0,0.022,0.079,0.048082,80.33,0.048,0.0,ETH-27DEC19-170-C,153.78,64.12,0.032,468.0,0.041,468.0,73.31,0.15653,-0.23393,0.03563,0.01119,0.36278
153.78,ETH-27DEC19,1575111545873,open,0.15,0.0,0.111,0.198,0.153557,80.33,None,0.0,ETH-27DEC19-170-P,153.78,64.67,0.138,96.0,0.147,340.0,73.83,0.15653,-0.23393,-0.08954,0.01119,-0.63722
153.78,ETH-27DEC19,1575111545873,open,0.25,0.0,0.212,0.305,0.256807,80.33,None,0.0,ETH-27DEC19-190-P,153.78,0.0,0.233,340.0,0.275,340.0,102.35,0.11488,-0.17169,-0.12028,0.00821,-0.80546
7732.57,BTC-27DEC19,1575111545896,open,0.68,0.0,0.667,0.6865,0.67669143,0.0,None,0.0,BTC-27DEC19-2500-C,7708.69,0.0,0.669,17.0,0.683,17.0,242.42,0.0,0.0,1.8408,0.0,1.0
155.69,ETH-27MAR20,1575111545988,open,0.19,3935.0,0.144,0.254,0.197824,80.6,0.2,0.0,ETH-27MAR20-160-P,153.78,73.09,0.181,300.0,0.215,300.0,88.31,0.34794,-0.11896,-0.31704,0.00551,-0.43273
155.69,ETH-27MAR20,1575111545988,open,0.01,5207.0,0.001,0.024,0.007432,112.18,0.009,0.0,ETH-27MAR20-600-C,153.78,108.78,0.006,220.0,0.009,220.0,115.45,0.07017,-0.03339,0.01443,0.0008,0.03613
153.78,ETH-27DEC19,1575111545988,open,0.0,7033.0,0.001,0.015,0.004203,90.44,0.004,0.0,ETH-27DEC19-240-C,153.78,80.0,0.002,580.0,0.006,6.0,96.67,0.03985,-0.06705,0.00467,0.00253,0.04542
153.78,ETH-27DEC19,1575111545988,open,0.0,4535.0,0.001,0.011,0.0,120.0,0.002,0.0,ETH-27DEC19-760-C,153.78,0.0,0.0,0.0,0.003,572.0,238.14,0.0,0.0,0.0,0.0,0.0
153.78,ETH-27DEC19,1575111545988,open,1.07,100.0,1.021,1.152,1.082858,119.99,0.883,0.0,ETH-27DEC19-320-P,153.78,0.0,0.011,5.0,0.0,0.0,0.0,0.01882,-0.04202,-0.23376,0.0009,-0.9816
155.69,ETH-27MAR20,1575111545988,open,0.08,2408.0,0.05,0.146,0.095092,103.18,0.071,0.0,ETH-27MAR20-240-C,153.78,84.12,0.058,300.0,0.069,300.0,90.03,0.3197,-0.13992,0.1172,0.00396,0.32818
157.05,SYN.ETH-26JUN20,1575111545988,open,0.05,665.0,0.016,0.087,0.044762,98.23,0.052,0.0,ETH-26JUN20-440-C,153.78,96.1,0.041,159.0,0.049,140.0,100.53,0.2832,-0.06659,0.09915,0.00204,0.15509
157.05,SYN.ETH-26JUN20,1575111545988,open,0.03,111.0,0.009,0.066,0.03033,103.24,0.027,0.0,ETH-26JUN20-560-C,153.78,100.8,0.027,140.0,0.034,140.0,105.78,0.22044,-0.05448,0.06979,0.00151,0.10798
153.78,ETH-27DEC19,1575111545990,open,0.04,3169.0,0.012,0.059,0.032334,80.33,0.028,0.0,ETH-27DEC19-180-C,153.78,71.91,0.025,500.0,0.028,468.0,75.42,0.13794,-0.20614,0.02689,0.00986,0.26985
157.05,SYN.ETH-26JUN20,1575111545990,open,0.25,103.0,0.186,0.298,0.242924,84.2,0.218,0.0,ETH-26JUN20-160-C,153.78,80.77,0.233,210.0,0.253,210.0,87.69,0.45454,-0.09161,0.33332,0.00382,0.6138
153.78,SYN.ETH-6DEC19,1575111545990,open,0.0,537.0,0.001,0.015,0.003053,88.52,0.004,0.0,ETH-6DEC19-130-P,153.78,80.83,0.002,2.0,0.005,239.0,99.8,0.02335,-0.17587,-0.00157,0.00693,-0.06035
153.78,ETH-27DEC19,1575111545992,open,0.0,3867.0,0.001,0.014,0.004566,97.24,0.005,0.0,ETH-27DEC19-100-P,153.78,89.6,0.003,390.0,0.006,161.0,103.05,0.0352,-0.06367,-0.00493,0.00208,-0.03896
153.78,ETH-27DEC19,1575111545992,open,0.43,2830.0,0.392,0.489,0.438207,86.18,0.65,0.0,ETH-27DEC19-220-P,153.78,0.0,0.43,50.0,0.458,1.0,121.25,0.06123,-0.09817,-0.15395,0.00408,-0.92137
155.69,ETH-27MAR20,1575111545994,open,0.51,20.0,0.479,0.529,0.503301,91.3,0.613,0.0,ETH-27MAR20-80-C,153.78,0.0,0.486,1.0,0.0,0.0,0.0,0.10738,-0.04159,0.21884,0.0015,0.93855
153.78,ETH-27DEC19,1575111545994,open,0.05,4463.0,0.021,0.076,0.045632,80.33,0.039,0.0,ETH-27DEC19-140-P,153.78,65.47,0.032,488.0,0.04,128.0,74.27,0.14391,-0.21508,-0.03854,0.01029,-0.29471
155.69,ETH-27MAR20,1575111545997,open,0.04,1039.0,0.016,0.082,0.043169,103.18,0.032,0.0,ETH-27MAR20-320-C,153.78,91.04,0.027,260.0,0.034,260.0,96.6,0.22786,-0.09972,0.06616,0.00282,0.17474
153.78,ETH-27DEC19,1575111546003,open,1.19,0.0,1.147,1.284,1.212117,120.0,None,0.0,ETH-27DEC19-340-P,153.78,0.0,0.003,9.0,0.0,0.0,0.0,0.01255,-0.02802,-0.24918,0.0006,-0.98851
155.69,ETH-27MAR20,1575111546008,open,0.02,834.0,0.006,0.035,0.017143,91.3,0.01,0.0,ETH-27MAR20-80-P,153.78,83.26,0.012,320.0,0.017,321.0,91.1,0.10738,-0.04159,-0.03952,0.0015,-0.06145
153.78,ETH-27DEC19,1575111546008,open,0.0,16677.0,0.001,0.011,1e-06,120.0,0.001,0.0,ETH-27DEC19-640-C,153.78,0.0,0.0,0.0,0.004,11.0,225.33,2e-05,-5e-05,0.0,0.0,1e-05
155.69,ETH-27MAR20,1575111546010,open,2.07,0.0,1.997,2.207,2.095446,106.25,None,0.0,ETH-27MAR20-480-P,153.78,0.0,0.004,50.0,0.0,0.0,0.0,0.10409,-0.04691,-1.52669,0.00125,-0.94095
153.78,ETH-27DEC19,1575111546010,open,3.65,0.0,3.546,3.826,3.682013,120.0,None,0.0,ETH-27DEC19-720-P,153.78,0.0,0.004,50.0,0.0,0.0,0.0,0.0,-1e-05,-0.53015,0.0,-1.0
157.05,SYN.ETH-26JUN20,1575111546010,open,0.21,426.0,0.145,0.258,0.201871,84.5,0.19,0.0,ETH-26JUN20-180-C,153.78,82.21,0.195,210.0,0.213,210.0,88.21,0.47129,-0.09533,0.30595,0.00395,0.5423
153.78,SYN.ETH-6DEC19,1575111546010,open,0.01,558.0,0.001,0.024,0.006714,71.4,0.003,0.0,ETH-6DEC19-140-P,153.78,65.0,0.005,1.0,0.009,200.0,79.1,0.04337,-0.26352,-0.00363,0.01595,-0.13972
157.05,SYN.ETH-26JUN20,1575111546010,open,0.3,90.0,0.24,0.346,0.294287,84.2,0.282,0.0,ETH-26JUN20-140-C,153.78,80.34,0.284,210.0,0.303,210.0,87.47,0.4185,-0.08435,0.3566,0.00352,0.69107
155.69,ETH-27MAR20,1575111546013,open,0.51,30.0,0.453,0.611,0.529894,103.18,0.306,0.0,ETH-27MAR20-220-P,153.78,69.06,0.461,300.0,0.524,1.0,100.45,0.33779,-0.14783,-0.57645,0.00418,-0.61659
155.69,ETH-27MAR20,1575111546013,open,0.41,1.0,0.366,0.438,0.402253,91.3,0.337,0.0,ETH-27MAR20-100-C,153.78,38.11,0.359,1.0,0.0,0.0,0.0,0.19007,-0.07361,0.23371,0.00266,0.86707
153.78,SYN.ETH-13DEC19,1575111546015,open,0.29,0.0,0.264,0.348,0.303883,82.83,None,0.0,ETH-13DEC19-200-P,153.78,0.0,0.3,1.0,0.581,1.0,500.0,0.03145,-0.10118,-0.06783,0.00455,-0.94646
153.78,SYN.ETH-13DEC19,1575111546015,open,0.0,10.0,0.001,0.014,0.003323,82.83,0.005,0.0,ETH-13DEC19-200-C,153.78,67.44,0.001,2.0,0.005,200.0,90.12,0.03145,-0.10118,0.00272,0.00455,0.05354
153.78,SYN.ETH-13DEC19,1575111546015,open,0.29,0.0,0.263,0.311,0.286726,97.41,None,0.0,ETH-13DEC19-110-C,153.78,0.0,0.284,1.0,0.471,1.0,500.0,0.01814,-0.06863,0.03721,0.00223,0.97275
153.78,SYN.ETH-13DEC19,1575111546015,open,0.0,50.0,0.001,0.012,0.002034,97.41,0.003,0.0,ETH-13DEC19-110-P,153.78,0.0,0.0,0.0,0.004,203.0,110.92,0.01814,-0.06863,-0.00159,0.00223,-0.02725
153.78,SYN.ETH-6DEC19,1575111546024,open,0.16,0.0,0.137,0.213,0.173332,79.81,None,0.0,ETH-6DEC19-180-P,153.78,0.0,0.17,1.0,0.364,1.0,500.0,0.02512,-0.17058,-0.02741,0.00827,-0.93372
153.78,SYN.ETH-6DEC19,1575111546024,open,0.29,1.0,0.263,0.308,0.285319,120.0,0.286,0.0,ETH-6DEC19-110-C,153.78,0.0,0.284,1.0,0.384,1.0,500.0,0.00583,-0.05953,0.01741,0.00128,0.9886
7713.9,SYN.BTC-6DEC19,1575111546028,open,0.32,0.0,0.306,0.335,0.31962442,119.02,None,0.0,BTC-6DEC19-5250-C,7708.69,0.0,0.308,9.0,0.3275,9.0,215.54,0.125,-1.26609,0.83947,1e-05,0.99565
7713.9,SYN.BTC-6DEC19,1575111546028,open,0.0,54.3,0.0005,0.0105,0.00023076,120.01,0.0005,0.0,BTC-6DEC19-5250-P,7708.69,131.73,0.0005,5.7,0.001,14.1,144.97,0.13179,-1.34585,-0.00602,1e-05,-0.00462
153.78,SYN.ETH-6DEC19,1575111546038,open,0.36,1.0,0.33,0.369,0.349806,120.0,0.337,0.0,ETH-6DEC19-100-C,153.78,0.0,0.349,1.0,0.424,1.0,500.0,0.00115,-0.01177,0.01605,0.00025,0.99815
153.78,SYN.ETH-6DEC19,1575111546042,open,0.0,105.0,0.001,0.011,8.5e-05,120.0,0.001,0.0,ETH-6DEC19-100-P,153.78,0.0,0.0,0.0,0.008,1.0,235.39,0.00115,-0.01177,-5e-05,0.00025,-0.00185
157.05,SYN.ETH-26JUN20,1575111546046,open,0.13,474.0,0.076,0.183,0.127473,88.26,0.132,0.0,ETH-26JUN20-240-C,153.78,86.0,0.121,190.0,0.135,180.0,90.86,0.45292,-0.09569,0.22836,0.00364,0.38156
155.69,ETH-27MAR20,1575111546048,open,0.84,173.0,0.781,0.95,0.862074,103.18,1.157,0.0,ETH-27MAR20-280-P,153.78,0.0,0.798,1.0,0.875,1.0,110.29,0.27475,-0.12024,-0.81581,0.0034,-0.76048
155.69,ETH-27MAR20,1575111546050,open,0.23,35.0,0.18,0.272,0.226935,80.6,0.198,0.0,ETH-27MAR20-140-C,153.78,39.75,0.145,1.0,0.853,1.0,500.0,0.3174,-0.10852,0.22658,0.00503,0.67758
157.05,SYN.ETH-26JUN20,1575111546050,open,0.15,688.0,0.092,0.203,0.146526,86.83,0.161,0.0,ETH-26JUN20-220-C,153.78,84.62,0.14,180.0,0.154,180.0,89.34,0.46594,-0.09684,0.2518,0.0038,0.4267
153.78,SYN.ETH-6DEC19,1575111546050,open,0.0,274.0,0.001,0.011,0.001507,105.92,0.001,0.0,ETH-6DEC19-120-P,153.78,98.9,0.001,9.0,0.002,11.0,111.49,0.01249,-0.11262,-0.00073,0.0031,-0.02789
155.69,ETH-27MAR20,1575111546054,open,1.82,0.0,1.748,1.946,1.840814,103.27,None,0.0,ETH-27MAR20-440-P,153.78,0.0,0.003,50.0,0.0,0.0,0.0,0.11861,-0.05196,-1.39323,0.00147,-0.93014
153.78,ETH-27DEC19,1575111546058,open,0.0,6667.0,0.001,0.011,3.4e-05,120.0,0.001,0.0,ETH-27DEC19-480-C,153.78,0.0,0.0,0.0,0.001,15.0,159.55,0.00064,-0.00144,4e-05,3e-05,0.00043
155.69,ETH-27MAR20,1575111546058,open,1.32,6.0,1.257,1.438,1.341982,103.18,1.188,0.0,ETH-27MAR20-360-P,153.78,0.0,0.01,30.0,2.084,1.0,500.0,0.18505,-0.08098,-1.11324,0.00229,-0.87212
153.78,SYN.ETH-6DEC19,1575111546058,open,0.29,0.0,0.263,0.343,0.301123,92.06,None,0.0,ETH-6DEC19-200-P,153.78,0.0,0.0,0.0,0.0,0.0,0.0,0.00705,-0.05524,-0.03186,0.00201,-0.98579
153.78,SYN.ETH-6DEC19,1575111546058,open,0.0,253.0,0.001,0.011,0.000627,120.0,0.001,0.0,ETH-6DEC19-110-P,153.78,0.0,0.0,0.0,0.006,1.0,179.51,0.00583,-0.05953,-0.0003,0.00128,-0.0114
155.69,ETH-27MAR20,1575111546060,open,0.13,98.0,0.083,0.175,0.128404,81.34,0.131,0.0,ETH-27MAR20-180-C,153.78,78.06,0.121,300.0,0.136,300.0,84.69,0.35176,-0.12136,0.17025,0.00552,0.46701
157.05,SYN.ETH-26JUN20,1575111546060,open,0.05,862.0,0.02,0.095,0.051232,95.71,0.058,0.0,ETH-26JUN20-400-C,153.78,92.98,0.046,140.0,0.057,140.0,98.59,0.30779,-0.07052,0.11248,0.00228,0.17639
157.05,SYN.ETH-26JUN20,1575111546060,open,0.17,555.0,0.115,0.229,0.171728,85.86,0.165,0.0,ETH-26JUN20-200-C,153.78,83.63,0.165,210.0,0.181,210.0,88.93,0.47343,-0.0973,0.27801,0.00391,0.48107
155.69,ETH-27MAR20,1575111546062,open,0.01,2340.0,0.001,0.027,0.009125,106.28,0.011,0.0,ETH-27MAR20-520-C,153.78,102.02,0.007,220.0,0.011,220.0,109.56,0.08397,-0.03786,0.01807,0.00101,0.04507
153.78,ETH-27DEC19,1575111546062,open,2.1,21.0,2.031,2.218,2.121376,120.0,0.629,0.0,ETH-27DEC19-480-P,153.78,0.0,0.002,50.0,0.0,0.0,0.0,0.00064,-0.00144,-0.35339,3e-05,-0.99957
157.05,SYN.ETH-26JUN20,1575111546062,open,0.02,580.0,0.007,0.057,0.024359,105.87,0.027,0.0,ETH-26JUN20-640-C,153.78,102.97,0.021,140.0,0.028,140.0,108.77,0.1896,-0.04805,0.05712,0.00127,0.08792
153.78,ETH-27DEC19,1575111546072,open,0.36,0.0,0.331,0.378,0.354287,97.24,None,0.0,ETH-27DEC19-100-C,153.78,0.0,0.001,9.0,0.42,30.0,228.57,0.0352,-0.06367,0.0687,0.00208,0.96104
153.78,SYN.ETH-6DEC19,1575111546072,open,0.02,728.0,0.002,0.041,0.017267,65.28,0.018,0.0,ETH-6DEC19-160-C,153.78,51.23,0.011,210.0,0.019,160.0,69.03,0.07074,-0.393,0.00777,0.02846,0.33096
153.78,ETH-27DEC19,1575111546081,open,0.01,9459.0,0.001,0.022,0.007592,86.18,0.009,0.0,ETH-27DEC19-220-C,153.78,84.66,0.007,56.0,0.008,320.0,87.19,0.06123,-0.09817,0.00804,0.00408,0.07863
153.78,ETH-27DEC19,1575111546083,open,0.2,4510.0,0.159,0.249,0.202837,80.33,0.18,0.0,ETH-27DEC19-180-P,153.78,47.54,0.178,340.0,0.207,340.0,84.91,0.13794,-0.20614,-0.10564,0.00986,-0.73015
153.78,ETH-27DEC19,1575111546083,open,0.0,1347.0,0.001,0.011,0.000414,120.0,0.002,0.0,ETH-27DEC19-380-C,153.78,131.59,0.001,2.0,0.003,161.0,150.82,0.00544,-0.01216,0.00046,0.00026,0.00446
157.05,SYN.ETH-26JUN20,1575111546087,open,0.03,286.0,0.008,0.061,0.026847,104.43,0.027,0.0,ETH-26JUN20-600-C,153.78,102.16,0.024,140.0,0.03,140.0,106.79,0.20313,-0.05078,0.0626,0.00138,0.0965
153.78,ETH-27DEC19,1575111546100,open,0.0,2178.0,0.001,0.012,0.002876,117.45,0.005,0.0,ETH-27DEC19-300-C,153.78,102.01,0.001,201.0,0.004,160.0,123.53,0.02548,-0.05568,0.00266,0.00125,0.02635
153.78,SYN.ETH-6DEC19,1575111546108,open,0.23,0.0,0.196,0.247,0.221172,105.92,None,0.0,ETH-6DEC19-120-C,153.78,0.0,0.01,50.0,0.348,1.0,500.0,0.01249,-0.11262,0.01859,0.0031,0.97211
7720.13,SYN.BTC-13DEC19,1575111546114,open,0.23,0.0,0.207,0.2625,0.23305188,65.13,None,0.0,BTC-13DEC19-9500-P,7708.69,0.0,0.0,0.0,0.0,0.0,0.0,1.52035,-3.84529,-3.219,0.00011,-0.94895
7720.13,SYN.BTC-13DEC19,1575111546114,open,0.0,0.0,0.0005,0.012,0.00246494,64.94,None,0.0,BTC-13DEC19-9500-C,7708.69,59.29,0.0015,20.0,0.0035,20.0,69.73,1.50743,-3.80133,0.13082,0.00011,0.0505
153.78,ETH-27DEC19,1575111546117,open,0.0,11489.0,0.001,0.011,9.1e-05,120.0,0.002,0.0,ETH-27DEC19-440-C,153.78,0.0,0.0,0.0,0.002,200.0,161.66,0.00152,-0.00338,0.00011,7e-05,0.00109
153.78,ETH-27DEC19,1575111546117,open,0.24,22.0,0.202,0.261,0.23187,80.33,0.165,0.0,ETH-27DEC19-120-C,153.78,0.0,0.219,51.0,0.564,1.0,500.0,0.07652,-0.11435,0.07495,0.00547,0.89378
153.78,ETH-27DEC19,1575111546117,open,0.0,924.0,0.001,0.011,0.001166,120.0,0.002,0.0,ETH-27DEC19-340-C,153.78,117.85,0.001,101.0,0.004,161.0,141.55,0.01255,-0.02802,0.00117,0.0006,0.01149
157.05,SYN.ETH-26JUN20,1575111546117,open,0.12,518.0,0.077,0.169,0.121035,84.2,0.133,0.0,ETH-26JUN20-120-P,153.78,78.5,0.108,210.0,0.123,210.0,85.05,0.3602,-0.0726,-0.31492,0.00303,-0.22938
153.78,ETH-27DEC19,1575111546120,open,0.0,21058.0,0.001,0.011,2e-06,120.0,0.007,0.0,ETH-27DEC19-600-C,153.78,0.0,0.0,0.0,0.001,100.0,185.3,5e-05,-0.00012,0.0,0.0,3e-05
7780.9,SYN.BTC-31JAN20,1575111546121,open,0.31,0.0,0.2865,0.333,0.30784443,71.93,None,0.0,BTC-31JAN20-5500-C,7708.73,51.7,0.297,6.0,0.3265,6.0,94.92,5.35207,-3.11106,7.89633,7e-05,0.90649
7780.9,SYN.BTC-31JAN20,1575111546121,open,0.26,0.0,0.225,0.306,0.26205065,66.64,None,0.0,BTC-31JAN20-9500-P,7708.73,0.0,0.0,0.0,0.0,0.0,0.0,10.73691,-5.7819,-12.98681,0.00016,-0.72252
7780.9,SYN.BTC-31JAN20,1575111546121,open,0.02,14.2,0.011,0.047,0.02459537,69.39,0.0235,0.0,BTC-31JAN20-6000-P,7708.73,67.14,0.0225,36.0,0.026,16.1,70.87,7.3446,-4.11829,-2.25372,0.0001,-0.14627
7720.13,SYN.BTC-13DEC19,1575111546121,open,0.03,21.9,0.0135,0.0565,0.02916152,56.74,0.028,0.0,BTC-13DEC19-7500-P,7708.73,52.98,0.0265,16.0,0.031,29.0,59.32,5.48748,-12.09021,-1.09437,0.00046,-0.37268
7720.13,SYN.BTC-13DEC19,1575111546121,open,0.0,26.5,0.0005,0.0135,0.00336039,62.22,0.005,0.0,BTC-13DEC19-9250-C,7708.73,58.47,0.0025,0.1,0.004,20.0,64.69,1.91016,-4.61531,0.17683,0.00015,0.06829
7720.13,SYN.BTC-13DEC19,1575111546121,open,0.11,3.0,0.0825,0.13,0.1051639,61.0,0.12,0.0,BTC-13DEC19-7000-C,7708.73,0.0,0.093,7.1,0.126,7.0,97.72,3.81652,-9.04043,1.94433,0.0003,0.81911
7720.13,SYN.BTC-13DEC19,1575111546121,open,0.23,0.0,0.208,0.2465,0.22586116,82.94,None,0.0,BTC-13DEC19-6000-C,7708.73,0.0,0.217,7.0,0.2375,7.0,124.45,1.37271,-4.42102,1.98588,8e-05,0.95507
155.69,ETH-27MAR20,1575111546126,open,0.32,40.0,0.272,0.361,0.317556,91.3,0.459,0.0,ETH-27MAR20-120-C,153.78,39.32,0.241,1.0,0.0,0.0,0.0,0.26418,-0.10231,0.23088,0.0037,0.77675
7780.9,SYN.BTC-31JAN20,1575111546121,open,0.16,0.0,0.1285,0.2055,0.16371234,65.1,None,0.0,BTC-31JAN20-8500-P,7708.73,59.04,0.154,2.0,0.174,2.0,71.46,12.53805,-6.59538,-9.77834,0.00019,-0.57761
7780.9,SYN.BTC-31JAN20,1575111546121,open,0.04,9.2,0.02,0.0665,0.03909007,67.21,0.0375,0.0,BTC-31JAN20-6500-P,7708.73,65.46,0.037,22.8,0.041,12.8,68.79,9.36684,-5.08716,-3.35474,0.00014,-0.21524
7780.9,SYN.BTC-31JAN20,1575111546121,open,0.37,0.0,0.337,0.4185,0.37413017,69.09,None,0.0,BTC-31JAN20-10500-P,7708.73,0.0,0.0,0.0,0.0,0.0,0.0,8.43715,-4.71032,-15.73715,0.00012,-0.81895
155.69,ETH-27MAR20,1575111546127,open,0.38,747.0,0.32,0.452,0.384466,83.27,0.57,0.0,ETH-27MAR20-200-P,153.78,71.31,0.359,300.0,0.414,300.0,96.67,0.33817,-0.11944,-0.50259,0.00519,-0.61511
153.78,ETH-27DEC19,1575111546127,open,0.0,4306.0,0.001,0.014,0.003852,101.46,0.007,0.0,ETH-27DEC19-260-C,153.78,91.56,0.002,320.0,0.005,160.0,106.14,0.03477,-0.06562,0.00391,0.00197,0.03838
7780.9,SYN.BTC-31JAN20,1575111546121,open,0.12,0.0,0.09,0.1625,0.12252399,64.95,None,0.0,BTC-31JAN20-8000-P,7708.73,63.11,0.1195,2.0,0.1255,2.0,66.76,12.77497,-6.70498,-8.05415,0.00019,-0.48808
7780.9,SYN.BTC-31JAN20,1575111546121,open,0.21,4.0,0.174,0.253,0.21017104,65.4,0.2495,0.0,BTC-31JAN20-9000-P,7708.73,58.91,0.2005,2.0,0.2205,2.0,72.14,11.77015,-6.22052,-11.44601,0.00018,-0.65758
7780.9,SYN.BTC-31JAN20,1575111546121,open,0.01,10.2,0.0005,0.0225,0.00895861,76.22,0.01,0.0,BTC-31JAN20-5000-P,7708.73,73.06,0.0075,16.0,0.01,10.3,78.32,3.74897,-2.3089,-0.89183,5e-05,-0.05865
7720.13,SYN.BTC-13DEC19,1575111546121,open,0.01,89.2,0.0005,0.0225,0.0077925,64.92,0.0071,0.0,BTC-13DEC19-6750-P,7708.73,61.41,0.0065,17.0,0.0085,20.1,66.74,2.94373,-7.42099,-0.35496,0.00022,-0.12255
7720.13,SYN.BTC-13DEC19,1575111546121,open,0.01,89.9,0.0005,0.017,0.00481392,59.88,0.0035,0.0,BTC-13DEC19-9000-C,7708.73,55.45,0.0035,34.7,0.004,0.9,57.22,2.46023,-5.721,0.24697,0.0002,0.0955
157.05,SYN.ETH-26JUN20,1575111546126,open,0.34,357.0,0.278,0.42,0.348013,84.5,0.405,0.0,ETH-26JUN20-180-P,153.78,75.85,0.322,210.0,0.371,210.0,92.18,0.47129,-0.09533,-0.72412,0.00395,-0.4577
7720.13,SYN.BTC-13DEC19,1575111546121,open,0.01,130.7,0.001,0.0315,0.01065891,55.78,0.011,0.0,BTC-13DEC19-8500-C,7708.73,52.47,0.009,15.0,0.011,0.1,56.44,3.97493,-8.60962,0.49706,0.00034,0.19318
7720.13,SYN.BTC-13DEC19,1575111546121,open,0.19,0.0,0.176,0.231,0.2015341,62.25,None,0.0,BTC-13DEC19-9250-P,7708.73,0.0,0.0,0.0,0.0,0.0,0.0,1.91236,-4.62287,-3.08593,0.00015,-0.93161
7720.13,SYN.BTC-13DEC19,1575111546121,open,0.08,3.1,0.057,0.1065,0.07955267,58.3,0.084,0.0,BTC-13DEC19-7250-C,7708.73,51.57,0.0755,2.0,0.0815,1.0,61.44,4.74763,-10.74779,1.78552,0.00039,0.73519
7720.13,SYN.BTC-13DEC19,1575111546121,open,0.03,543.6,0.0125,0.0535,0.02649863,55.31,0.0235,0.0,BTC-13DEC19-8000-C,7708.73,50.41,0.023,13.0,0.027,16.0,56.0,5.545,-11.90913,0.97788,0.00048,0.38557
7720.13,SYN.BTC-13DEC19,1575111546121,open,0.02,24.2,0.0065,0.041,0.0186618,58.31,0.019,0.0,BTC-13DEC19-7250-P,7708.73,54.75,0.0165,31.1,0.02,16.5,60.47,4.74788,-10.75011,-0.77207,0.00039,-0.26484
7720.13,SYN.BTC-13DEC19,1575111546121,open,0.2,0.0,0.175,0.216,0.194277,75.63,None,0.0,BTC-13DEC19-6250-C,7708.73,0.0,0.1845,7.0,0.2075,7.0,115.61,1.71792,-5.04519,2.03199,0.00011,0.94041
7720.13,SYN.BTC-13DEC19,1575111546121,open,0.01,47.8,0.0005,0.018,0.00542269,70.13,0.006,0.0,BTC-13DEC19-6500-P,7708.73,66.84,0.0045,0.1,0.0055,0.1,70.39,2.25697,-6.14612,-0.24634,0.00015,-0.08503
7780.9,SYN.BTC-31JAN20,1575111546121,open,0.01,403.1,0.005,0.0325,0.01472848,71.97,0.015,0.0,BTC-31JAN20-5500-P,7708.73,70.16,0.0135,28.0,0.0155,1.0,73.08,5.35577,-3.11481,-1.42889,7e-05,-0.0936
7780.9,SYN.BTC-31JAN20,1575111546121,open,0.26,0.0,0.2285,0.282,0.25344913,69.36,None,0.0,BTC-31JAN20-6000-C,7708.73,47.99,0.2365,6.0,0.2755,6.0,90.62,7.34209,-4.11515,7.91898,0.0001,0.85381
157.05,SYN.ETH-26JUN20,1575111546126,open,0.06,681.0,0.026,0.108,0.061689,93.86,0.057,0.0,ETH-26JUN20-360-C,153.78,91.19,0.056,180.0,0.068,180.0,96.72,0.34049,-0.0765,0.13151,0.00257,0.20802
7720.13,SYN.BTC-13DEC19,1575111546121,open,0.04,27.4,0.022,0.0685,0.03948943,55.16,0.0425,0.0,BTC-13DEC19-7750-C,7708.73,49.17,0.035,22.0,0.0405,14.1,56.51,5.78399,-12.39034,1.26992,0.0005,0.5058
7780.9,SYN.BTC-31JAN20,1575111546121,open,0.03,13.4,0.01,0.05,0.02462426,69.04,0.027,0.0,BTC-31JAN20-10500-C,7708.73,67.53,0.023,8.0,0.0255,12.8,69.85,8.4312,-4.70395,2.06066,0.00012,0.18085
