underlying_price,underlying_index,timestamp,state,settlement_price,open_interest,min_price,max_price,mark_price,mark_iv,last_price,interest_rate,instrument_name,index_price,bid_iv,best_bid_price,best_bid_amount,best_ask_price,best_ask_amount,ask_iv,vega,theta,rho,gamma,delta
8763.02,BTC-27MAR20,1573988340375,open,0.05,380.5,0.023,0.089,0.04924878,78.67,0.051,0.0,BTC-27MAR20-14000-C,8527.29,76.26,0.045,7.1,0.0545,14.5,81.55,15.69408,-4.7168,5.48806,7e-05,0.22391
8606.69,BTC-27DEC19,1573988340376,open,0.65,10.0,0.6415,0.661,0.65146432,98.44,0.618,0.0,BTC-27DEC19-3000-C,8527.29,0.0,0.644,1.0,0.66,13.0,198.71,0.03482,-0.04298,3.27402,0.0,0.99967
8606.69,BTC-27DEC19,1573988340379,open,0.3,112.4,0.292,0.332,0.31049649,77.44,0.385,0.0,BTC-27DEC19-6000-C,8527.29,0.0,0.293,9.0,0.327,9.0,108.07,3.48035,-3.37942,5.89944,6e-05,0.93792
8915.95,SYN.BTC-26JUN20,1573988340376,open,2.22,0.0,2.0895,2.2635,2.16744713,90.97,None,0.0,BTC-26JUN20-28000-P,8527.29,0.0,0.0005,1.0,0.0,0.0,0.0,12.55551,-2.57378,-166.03161,3e-05,-0.89597
8915.95,SYN.BTC-26JUN20,1573988340378,open,0.56,0.5,0.55,0.5895,0.56737569,76.45,0.589,0.0,BTC-26JUN20-4000-C,8527.29,46.49,0.5525,8.0,0.582,8.0,92.1,7.19382,-1.23935,20.72597,2e-05,0.94979
8915.95,SYN.BTC-26JUN20,1573988340377,open,0.03,75.1,0.007,0.058,0.02336077,91.96,0.025,0.0,BTC-26JUN20-30000-C,8527.29,90.06,0.021,18.0,0.025,1.0,93.22,11.39533,-2.36161,3.67399,3e-05,0.09115
8915.95,SYN.BTC-26JUN20,1573988340400,open,0.18,168.5,0.122,0.221,0.16685132,73.7,0.165,0.0,BTC-26JUN20-8000-P,8527.29,71.6,0.161,2.0,0.168,6.0,74.12,24.76246,-4.11289,-26.22661,7e-05,-0.31705
189.83,SYN.ETH-26JUN20,1573988340893,open,0.3,40.0,0.262,0.364,0.314289,80.75,0.308,0.0,ETH-26JUN20-160-C,183.64,75.3,0.3,211.0,0.318,210.0,82.17,0.4972,-0.09048,0.46953,0.00281,0.72118
185.34,ETH-27DEC19,1573988340900,open,0.23,2728.0,0.174,0.264,0.218143,67.84,0.274,0.0,ETH-27DEC19-220-P,183.64,26.89,0.188,10.0,0.324,100.0,153.07,0.19754,-0.16805,-0.1946,0.00776,-0.74293
189.83,SYN.ETH-26JUN20,1573988340909,open,2.46,0.0,2.287,2.54,2.405562,99.68,None,0.0,ETH-26JUN20-640-P,183.64,0.0,0.0,0.0,0.0,0.0,0.0,0.29598,-0.06649,-3.79143,0.00136,-0.88005
188.19,ETH-27MAR20,1573988341004,open,0.16,1333.0,0.119,0.216,0.168012,81.1,0.157,0.0,ETH-27MAR20-200-C,183.65,68.9,0.139,300.0,0.212,10.0,99.75,0.44647,-0.13833,0.25557,0.00434,0.54676
185.34,ETH-27DEC19,1573988341004,open,0.0,21058.0,0.001,0.011,5.7e-05,105.0,0.001,0.0,ETH-27DEC19-600-C,183.65,0.0,0.0,0.0,0.002,40.0,145.33,0.00141,-0.00185,0.00012,4e-05,0.00066
188.2,ETH-27MAR20,1573988341004,open,1.82,0.0,1.687,1.877,1.776414,94.82,None,0.0,ETH-27MAR20-520-P,183.65,0.0,0.005,10.0,0.0,0.0,0.0,0.14461,-0.05238,-1.82902,0.0012,-0.93399
185.35,ETH-27DEC19,1573988341004,open,0.05,10860.0,0.028,0.086,0.055392,65.39,0.048,0.0,ETH-27DEC19-200-C,183.65,59.58,0.048,320.0,0.061,27.0,69.75,0.23724,-0.19451,0.07052,0.00967,0.40364
188.2,ETH-27MAR20,1573988341004,open,2.04,0.0,1.893,2.095,1.98775,98.19,None,0.0,ETH-27MAR20-560-P,183.65,0.0,0.01,10.0,0.0,0.0,0.0,0.13303,-0.0499,-1.97616,0.00107,-0.94069
185.35,ETH-27DEC19,1573988341004,open,0.33,2287.0,0.267,0.36,0.311925,69.6,0.302,0.0,ETH-27DEC19-240-P,183.65,0.0,0.294,50.0,0.432,100.0,174.0,0.14702,-0.1283,-0.23393,0.00563,-0.84333
188.2,ETH-27MAR20,1573988341005,open,0.24,755.0,0.174,0.29,0.230768,81.11,0.207,0.0,ETH-27MAR20-200-P,183.65,71.54,0.208,10.0,0.252,1.0,90.09,0.44648,-0.13836,-0.46153,0.00433,-0.45317
185.35,ETH-27DEC19,1573988341006,open,2.29,0.0,2.144,2.337,2.23735,117.1,0.953,0.0,ETH-27DEC19-600-P,183.65,0.0,0.0,0.0,0.0,0.0,0.0,0.00431,-0.00633,-0.65508,0.0001,-0.99775
185.35,ETH-27DEC19,1573988341006,open,0.0,11036.0,0.001,0.011,0.001088,104.99,0.004,0.0,ETH-27DEC19-440-C,183.65,103.99,0.001,380.0,0.004,143.0,124.4,0.01666,-0.02193,0.00185,0.00042,0.01023
185.35,ETH-27DEC19,1573988341007,open,0.07,4729.0,0.04,0.105,0.062187,58.38,0.073,0.0,ETH-27DEC19-180-P,183.65,49.62,0.051,110.0,0.075,340.0,68.39,0.23699,-0.17348,-0.09399,0.01082,-0.40196
189.83,SYN.ETH-26JUN20,1573988341004,open,0.11,330.0,0.067,0.152,0.107401,80.93,0.096,0.0,ETH-26JUN20-140-P,183.65,76.76,0.098,10.0,0.113,210.0,83.4,0.42942,-0.07832,-0.36905,0.00242,-0.21242
189.83,SYN.ETH-26JUN20,1573988341006,open,0.07,421.0,0.037,0.102,0.066559,80.93,0.061,0.0,ETH-26JUN20-120-P,183.65,74.99,0.056,210.0,0.073,210.0,84.47,0.34297,-0.06255,-0.24831,0.00193,-0.14862
184.15,SYN.ETH-29NOV19,1573988341004,open,0.66,0.0,0.582,0.681,0.629431,102.07,None,0.0,ETH-29NOV19-300-P,183.65,0.0,0.0,0.0,0.0,0.0,0.0,0.00502,-0.02157,-0.09731,0.00045,-0.99475
189.83,SYN.ETH-26JUN20,1573988341007,open,0.37,0.0,0.285,0.426,0.354634,81.21,None,0.0,ETH-26JUN20-220-P,183.65,35.98,0.216,11.0,0.413,1.0,100.18,0.58839,-0.10768,-0.94774,0.00331,-0.46666
189.83,SYN.ETH-26JUN20,1573988341004,open,1.01,0.0,0.893,1.078,0.981904,87.75,None,0.0,ETH-26JUN20-360-P,183.65,0.0,0.0,0.0,1.016,1.0,100.24,0.49517,-0.09792,-1.96795,0.00258,-0.7235
189.83,SYN.ETH-26JUN20,1573988341005,open,0.08,188.0,0.043,0.137,0.085592,87.79,0.093,0.0,ETH-26JUN20-360-C,183.65,84.05,0.076,180.0,0.095,180.0,91.35,0.49534,-0.098,0.22051,0.00258,0.27669
184.15,SYN.ETH-29NOV19,1573988341007,open,0.13,125.0,0.111,0.174,0.143474,81.42,0.13,0.0,ETH-29NOV19-160-C,183.65,0.0,0.131,30.0,0.395,1.0,500.0,0.07792,-0.26713,0.04225,0.00867,0.84861
184.15,SYN.ETH-29NOV19,1573988341004,open,0.12,91.0,0.069,0.145,0.102545,63.52,0.101,0.0,ETH-29NOV19-200-P,183.65,26.83,0.087,10.0,0.108,10.0,72.66,0.10633,-0.28436,-0.05087,0.01517,-0.7465
189.83,SYN.ETH-26JUN20,1573988341004,open,0.62,0.0,0.522,0.685,0.601774,82.34,None,0.0,ETH-26JUN20-280-P,183.65,34.68,0.486,11.0,0.0,0.0,0.0,0.56705,-0.10522,-1.40059,0.00314,-0.61196
189.83,SYN.ETH-26JUN20,1573988341006,open,0.01,185.0,0.001,0.015,0.005587,83.97,0.01,0.0,ETH-26JUN20-60-P,183.65,64.19,0.001,10.0,0.0,0.0,0.0,0.06695,-0.01267,-0.02775,0.00036,-0.01846
189.83,SYN.ETH-26JUN20,1573988341006,open,0.16,257.0,0.113,0.223,0.167535,81.23,0.174,0.0,ETH-26JUN20-240-C,183.65,76.87,0.154,180.0,0.175,190.0,83.63,0.58961,-0.10793,0.35899,0.00331,0.47863
184.15,SYN.ETH-29NOV19,1573988341004,open,0.23,1.0,0.217,0.266,0.241316,81.78,0.289,0.0,ETH-29NOV19-140-C,183.65,0.0,0.239,50.0,0.0,0.0,0.0,0.02051,-0.0706,0.04386,0.00227,0.97331
189.83,SYN.ETH-26JUN20,1573988341007,open,0.13,321.0,0.076,0.181,0.126851,82.36,0.144,0.0,ETH-26JUN20-280-C,183.65,79.38,0.118,180.0,0.136,10.0,85.41,0.56709,-0.10525,0.3015,0.00314,0.38813
189.83,SYN.ETH-26JUN20,1573988341006,open,0.22,479.0,0.157,0.275,0.215066,80.56,0.207,0.0,ETH-26JUN20-180-P,183.65,75.68,0.201,220.0,0.227,210.0,84.72,0.54534,-0.099,-0.64634,0.00309,-0.34505
189.83,SYN.ETH-26JUN20,1573988341006,open,0.81,1.0,0.702,0.876,0.786545,84.48,0.674,0.0,ETH-26JUN20-320-P,183.65,34.27,0.689,11.0,0.832,1.0,100.13,0.53032,-0.10096,-1.69058,0.00287,-0.67849
189.83,SYN.ETH-26JUN20,1573988341009,open,0.04,93.0,0.012,0.076,0.037017,97.86,0.04,0.0,ETH-26JUN20-600-C,183.65,94.71,0.032,140.0,0.042,140.0,100.79,0.31299,-0.06903,0.10722,0.00146,0.12993
189.83,SYN.ETH-26JUN20,1573988341021,open,0.26,80.0,0.212,0.32,0.26688,80.57,0.262,0.0,ETH-26JUN20-180-C,183.65,77.13,0.257,210.0,0.271,220.0,82.0,0.54533,-0.09901,0.44782,0.00309,0.65496
184.15,SYN.ETH-29NOV19,1573988341037,open,0.05,4035.0,0.031,0.093,0.057371,63.6,0.054,0.0,ETH-29NOV19-180-C,183.65,0.0,0.001,10.0,0.099,10.0,122.93,0.12824,-0.3434,0.03257,0.01828,0.60098
188.2,ETH-27MAR20,1573988341047,open,0.58,166.0,0.488,0.628,0.555612,81.13,0.535,0.0,ETH-27MAR20-280-P,183.65,33.6,0.49,11.0,0.585,1.0,95.02,0.38112,-0.11813,-0.85898,0.0037,-0.7173
188.2,ETH-27MAR20,1573988341060,open,0.11,4613.0,0.064,0.147,0.10367,76.89,0.097,0.0,ETH-27MAR20-160-P,183.65,71.09,0.092,310.0,0.114,1.0,82.01,0.37937,-0.11145,-0.25892,0.00388,-0.28002
188.2,ETH-27MAR20,1573988341061,open,0.31,0.0,0.278,0.356,0.317633,76.87,None,0.0,ETH-27MAR20-140-C,183.65,38.0,0.265,30.0,0.0,0.0,0.0,0.30715,-0.0902,0.33134,0.00315,0.80865
8763.18,BTC-27MAR20,1573988341382,open,0.08,1076.4,0.042,0.1185,0.07447017,75.2,0.0795,0.0,BTC-27MAR20-12000-C,8527.41,73.34,0.0705,9.0,0.077,11.0,76.38,18.71958,-5.37835,7.65672,9e-05,0.31815
8606.68,BTC-27DEC19,1573988341382,open,0.82,12.1,0.816,0.8355,0.82571697,120.71,0.8415,0.0,BTC-27DEC19-1500-C,8527.41,0.0,0.8175,1.0,0.834,1.0,320.85,0.00032,-0.00048,1.6387,0.0,1.0
8763.18,BTC-27MAR20,1573988341382,open,0.01,1260.0,0.0005,0.0245,0.01014422,87.4,0.006,0.0,BTC-27MAR20-4000-P,8527.41,78.13,0.006,25.9,0.0085,9.0,84.02,4.44713,-1.48496,-1.55011,2e-05,-0.03919
8606.68,BTC-27DEC19,1573988341382,open,1.59,4.9,1.5065,1.6105,1.55649911,99.92,1.0385,0.0,BTC-27DEC19-22000-P,8527.41,0.0,0.0,0.0,0.0,0.0,0.0,0.31572,-0.39556,-24.00294,0.0,-0.99628
8606.68,BTC-27DEC19,1573988341382,open,0.15,287.1,0.131,0.185,0.15694964,61.77,0.155,0.0,BTC-27DEC19-7500-C,8527.41,58.19,0.1535,2.0,0.1595,2.0,64.37,8.39718,-6.50434,5.86941,0.00017,0.78118
8606.68,BTC-27DEC19,1573988341382,open,0.01,416.6,0.0005,0.0155,0.00516655,84.69,0.0055,0.0,BTC-27DEC19-5500-P,8527.41,82.31,0.0045,15.0,0.006,16.0,87.44,2.49892,-2.65359,-0.43368,4e-05,-0.04096
8606.68,BTC-27DEC19,1573988341382,open,0.0,449.3,0.0005,0.0105,6e-08,100.0,0.0005,0.0,BTC-27DEC19-44000-C,8527.41,0.0,0.0,0.0,0.0005,1.0,165.9,0.00013,-0.00016,1e-05,0.0,0.0
8606.68,BTC-27DEC19,1573988341382,open,0.0,868.9,0.0005,0.0105,3.727e-05,100.0,0.0005,0.0,BTC-27DEC19-3000-P,8527.41,0.0,0.0,0.0,0.0005,31.7,127.85,0.04097,-0.05137,-0.0041,0.0,-0.0004
8606.68,BTC-27DEC19,1573988341382,open,0.71,0.0,0.7,0.7195,0.70953214,100.51,None,0.0,BTC-27DEC19-2500-C,8527.41,0.0,0.7015,1.0,0.718,1.0,229.93,0.00593,-0.00748,2.7307,0.0,0.99995
8606.68,BTC-27DEC19,1573988341382,open,0.76,0.0,0.758,0.7775,0.7676182,0.0,None,0.0,BTC-27DEC19-2000-C,8527.41,0.0,0.7595,1.0,0.776,1.0,268.91,0.0,0.0,2.18497,0.0,1.0
8606.68,BTC-27DEC19,1573988341382,open,0.59,4.3,0.584,0.6035,0.59354493,100.02,0.5625,0.0,BTC-27DEC19-3500-C,8527.41,0.0,0.586,12.0,0.602,12.0,172.61,0.17587,-0.22057,3.80347,0.0,0.99805
8606.68,BTC-27DEC19,1573988341382,open,5.13,0.8,4.9235,5.165,5.04181166,0.0,3.59,0.0,BTC-27DEC19-52000-P,8527.41,0.0,0.001,1.0,0.0,0.0,0.0,0.0,0.0,-56.80921,0.0,-1.0
8763.18,BTC-27MAR20,1573988341382,open,0.0,85.8,0.0005,0.0185,0.00462206,100.0,0.0065,0.0,BTC-27MAR20-34000-C,8527.41,101.06,0.005,27.0,0.0075,10.0,107.01,3.03777,-1.16054,0.63143,1e-05,0.02472
8606.68,BTC-27DEC19,1573988341382,open,0.0,685.2,0.0005,0.0105,0.00014434,100.0,0.001,0.0,BTC-27DEC19-24000-C,8527.41,111.74,0.0005,1.5,0.0015,16.0,125.64,0.1518,-0.19034,0.0142,0.0,0.00165
8763.18,BTC-27MAR20,1573988341382,open,1.79,0.0,1.691,1.836,1.75587935,98.74,None,0.0,BTC-27MAR20-24000-P,8527.41,0.0,0.0005,5.0,0.0,0.0,0.0,7.76473,-2.92902,-84.09582,3e-05,-0.92049
8763.18,BTC-27MAR20,1573988341382,open,2.71,0.0,2.5815,2.746,2.65769924,100.16,None,0.0,BTC-27MAR20-32000-P,8527.41,0.0,0.001,1.0,0.0,0.0,0.0,3.71408,-1.42115,-113.94201,1e-05,-0.96854
8763.18,BTC-27MAR20,1573988341382,open,0.03,1524.1,0.0115,0.062,0.02978456,78.67,0.029,0.0,BTC-27MAR20-16000-C,8527.41,70.12,0.019,14.0,0.034,21.0,81.62,12.15759,-3.65381,3.73288,6e-05,0.14858
8763.18,BTC-27MAR20,1573988341382,open,0.44,1.1,0.4265,0.471,0.44649947,75.22,0.4535,0.0,BTC-27MAR20-5000-C,8527.41,0.0,0.429,8.0,0.465,8.0,94.77,7.0961,-2.03931,15.17182,3e-05,0.92935
8763.18,BTC-27MAR20,1573988341382,open,1.11,0.0,1.025,1.1475,1.07964318,85.21,1.23,0.0,BTC-27MAR20-18000-P,8527.41,0.0,0.001,10.0,0.0,0.0,0.0,10.73752,-3.49563,-61.45143,5e-05,-0.87607
8606.8,BTC-27DEC19,1573988341382,open,0.05,990.7,0.026,0.0755,0.04747431,61.2,0.049,0.0,BTC-27DEC19-8000-P,8527.41,60.8,0.047,29.0,0.048,20.8,61.64,10.19758,-7.82564,-3.47257,0.00021,-0.32184
8763.18,BTC-27MAR20,1573988341383,open,0.13,584.4,0.0835,0.1695,0.1224417,72.81,0.1175,0.0,BTC-27MAR20-10000-C,8527.41,70.53,0.117,9.0,0.1215,0.3,72.42,20.85899,-5.80249,10.8017,0.0001,0.46621
8606.8,BTC-27DEC19,1573988341383,open,2.77,0.3,2.6455,2.7945,2.71804301,115.33,2.744,0.0,BTC-27DEC19-32000-P,8527.41,0.0,0.0,0.0,0.0,0.0,0.0,0.05692,-0.08231,-34.95466,0.0,-0.99943
8606.8,BTC-27DEC19,1573988341383,open,0.0,1544.5,0.0005,0.0105,0.0,100.0,0.001,0.0,BTC-27DEC19-52000-C,8527.41,0.0,0.0,0.0,0.0005,35.0,180.15,1e-05,-1e-05,0.0,0.0,0.0
8606.8,BTC-27DEC19,1573988341383,open,0.0,449.2,0.0005,0.0105,0.00034802,100.0,0.0005,0.0,BTC-27DEC19-22000-C,8527.41,103.57,0.0005,89.3,0.002,39.0,120.94,0.31778,-0.39846,0.03195,0.0,0.00375
8606.8,BTC-27DEC19,1573988341383,open,0.02,462.2,0.007,0.038,0.01852054,66.64,0.0185,0.0,BTC-27DEC19-7000-P,8527.41,65.95,0.018,11.0,0.019,16.0,67.26,6.55114,-5.47387,-1.55865,0.00012,-0.14724
8763.18,BTC-27MAR20,1573988341383,open,0.02,198.7,0.0065,0.036,0.01707902,75.24,0.0165,0.0,BTC-27MAR20-5000-P,8527.41,73.25,0.0155,24.0,0.0185,9.0,76.96,7.09792,-2.04018,-2.75743,3e-05,-0.07068
8606.8,BTC-27DEC19,1573988341383,open,0.0,717.2,0.0005,0.018,0.00560451,73.87,0.0065,0.0,BTC-27DEC19-13000-C,8527.41,72.25,0.005,0.1,0.0065,28.6,76.09,3.32493,-3.07972,0.49795,6e-05,0.05856
8606.8,BTC-27DEC19,1573988341383,open,1.83,0.0,1.734,1.847,1.78867282,101.85,None,0.0,BTC-27DEC19-24000-P,8527.41,0.0,0.0,0.0,0.0,0.0,0.0,0.18045,-0.23045,-26.20251,0.0,-0.998
8606.8,BTC-27DEC19,1573988341383,open,0.0,255.7,0.0005,0.0105,0.0,100.0,0.001,0.0,BTC-27DEC19-1500-P,8527.41,0.0,0.0,0.0,0.0005,96.0,208.89,0.0,-1e-05,0.0,0.0,0.0
8763.3,BTC-27MAR20,1573988341384,open,0.09,104.8,0.043,0.109,0.07155805,71.28,0.072,0.0,BTC-27MAR20-7000-P,8527.41,69.6,0.0685,2.0,0.072,8.1,71.53,15.9232,-4.33641,-9.46691,8e-05,-0.22972
8763.3,BTC-27MAR20,1573988341384,open,0.01,218.0,0.0055,0.047,0.01824557,93.72,0.014,0.0,BTC-27MAR20-22000-C,8527.41,88.92,0.014,23.0,0.0175,23.0,92.93,8.30756,-2.97454,2.15982,3e-05,0.08698
8763.3,BTC-27MAR20,1573988341384,open,1.33,5.2,1.2445,1.3695,1.30044408,86.67,1.108,0.0,BTC-27MAR20-20000-P,8527.41,0.0,0.0,0.0,0.0,0.0,0.0,8.63854,-2.86025,-69.40406,4e-05,-0.90833
8606.8,BTC-27DEC19,1573988341384,open,4.19,0.0,4.012,4.2165,4.11230223,141.84,3.46,0.0,BTC-27DEC19-44000-P,8527.41,0.0,0.001,1.0,0.0,0.0,0.0,0.05848,-0.10401,-48.06444,0.0,-0.99941
8763.3,BTC-27MAR20,1573988341384,open,0.0,599.2,0.0005,0.012,0.00221051,100.0,0.0045,0.0,BTC-27MAR20-40000-C,8527.41,107.3,0.004,17.0,0.005,1.0,110.42,1.71781,-0.65626,0.32861,1e-05,0.01267
8763.3,BTC-27MAR20,1573988341384,open,0.05,514.8,0.019,0.067,0.03835924,73.23,0.042,0.0,BTC-27MAR20-6000-P,8527.41,71.06,0.0355,0.5,0.039,8.0,73.71,11.64455,-3.25792,-5.58496,6e-05,-0.13938
8606.8,BTC-27DEC19,1573988341385,open,0.89,19.0,0.8235,0.907,0.86206087,91.66,1.2,0.0,BTC-27DEC19-16000-P,8527.41,0.0,0.4,0.2,0.0,0.0,0.0,1.8843,-2.16574,-17.23549,3e-05,-0.97096
8916.13,SYN.BTC-26JUN20,1573988341382,open,0.07,224.1,0.0265,0.1085,0.0581591,88.06,0.049,0.0,BTC-26JUN20-20000-C,8527.41,83.02,0.0475,5.0,0.0535,17.0,85.9,19.5953,-3.88838,7.81192,5e-05,0.20229
8606.8,BTC-27DEC19,1573988341385,open,1.36,3.6,1.2785,1.3755,1.32462504,100.38,1.729,0.0,BTC-27DEC19-20000-P,8527.41,0.0,0.0,0.0,0.0,0.0,0.0,0.67559,-0.85036,-21.77557,1e-05,-0.99124
8550.94,SYN.BTC-29NOV19,1573988341383,open,0.02,1084.7,0.002,0.042,0.01163734,49.95,0.012,0.0,BTC-29NOV19-8000-P,8527.41,46.79,0.01,29.0,0.013,16.0,52.49,4.52418,-9.51379,-0.63454,0.00038,-0.21644
8550.94,SYN.BTC-29NOV19,1573988341382,open,0.0,502.8,0.0005,0.0105,0.00098257,67.6,0.001,0.0,BTC-29NOV19-11000-C,8527.41,67.78,0.001,1.0,0.0015,20.0,72.26,0.82551,-2.34969,0.05991,5e-05,0.02252
8550.94,SYN.BTC-29NOV19,1573988341382,open,0.25,5.0,0.2045,0.2595,0.22897447,57.59,0.15,0.0,BTC-29NOV19-10500-P,8527.41,0.0,0.1,5.0,0.0,0.0,0.0,0.96516,-2.3401,-3.34372,7e-05,-0.97287
8550.94,SYN.BTC-29NOV19,1573988341382,open,0.12,68.0,0.1085,0.1535,0.12802356,58.66,0.12,0.0,BTC-29NOV19-7500-C,8527.41,47.04,0.125,0.1,0.149,6.0,105.93,2.66981,-6.59384,2.15295,0.00019,0.90187
8916.13,SYN.BTC-26JUN20,1573988341382,open,0.03,4.8,0.009,0.064,0.02704027,90.99,0.025,0.0,BTC-26JUN20-28000-C,8527.41,89.51,0.025,0.5,0.0295,6.0,92.69,12.56349,-2.57602,4.17756,3e-05,0.10412
8550.94,SYN.BTC-29NOV19,1573988341382,open,0.0,429.8,0.0005,0.031,0.00429449,46.12,0.0055,0.0,BTC-29NOV19-9500-C,8527.41,43.68,0.0035,8.0,0.005,0.1,48.12,2.91076,-5.65211,0.29563,0.00027,0.11056
8550.94,SYN.BTC-29NOV19,1573988341383,open,0.04,350.3,0.02,0.0715,0.02957583,45.27,0.029,0.0,BTC-29NOV19-8500-P,8527.41,41.66,0.027,12.0,0.032,14.0,48.66,6.11343,-11.65109,-1.3471,0.00057,-0.45462
8550.94,SYN.BTC-29NOV19,1573988341383,open,0.19,34.5,0.1485,0.205,0.17126979,50.98,0.17,0.0,BTC-29NOV19-10000-P,8527.41,0.0,0.15,4.0,0.194,4.0,107.0,1.56103,-3.35081,-3.12278,0.00013,-0.95117
8550.94,SYN.BTC-29NOV19,1573988341382,open,0.0,639.1,0.0005,0.0115,0.00167166,82.62,0.0015,0.0,BTC-29NOV19-6500-P,8527.41,75.86,0.001,10.0,0.0025,20.1,88.98,0.98404,-3.42297,-0.08189,5e-05,-0.02776
8550.94,SYN.BTC-29NOV19,1573988341383,open,0.08,301.3,0.0515,0.1095,0.06631923,45.74,0.073,0.0,BTC-29NOV19-9000-P,8527.41,39.26,0.0625,4.0,0.068,4.0,48.47,5.20327,-10.02014,-2.18418,0.00048,-0.71875
8550.94,SYN.BTC-29NOV19,1573988341384,open,0.0,1093.7,0.0005,0.0105,0.0007406,99.67,0.0005,0.0,BTC-29NOV19-13000-C,8527.41,0.0,0.0,0.0,0.0015,0.1,109.71,0.5005,-2.10035,0.03283,2e-05,0.01254
8550.94,SYN.BTC-29NOV19,1573988341383,open,0.0,232.4,0.0005,0.0105,0.00077471,74.84,0.001,0.0,BTC-29NOV19-11500-C,8527.41,70.62,0.0005,45.5,0.001,20.0,77.6,0.64016,-2.01711,0.04428,4e-05,0.01669
8550.94,SYN.BTC-29NOV19,1573988341382,open,0.42,0.0,0.376,0.436,0.40413129,83.82,None,0.0,BTC-29NOV19-12000-P,8527.41,0.0,0.0,0.0,0.0,0.0,0.0,0.58988,-2.08183,-3.86429,3e-05,-0.98483
8916.13,SYN.BTC-26JUN20,1573988341384,open,1.56,0.0,1.442,1.605,1.51476104,88.94,None,0.0,BTC-26JUN20-22000-P,8527.41,0.0,0.11,1.0,0.0,0.0,0.0,17.56392,-3.52021,-127.10655,4e-05,-0.83041
8916.13,SYN.BTC-26JUN20,1573988341382,open,0.02,202.2,0.0065,0.0335,0.01600539,76.45,0.013,0.0,BTC-26JUN20-4000-P,8527.41,72.55,0.013,22.0,0.016,28.0,76.44,7.19296,-1.23915,-3.58854,2e-05,-0.0502
8537.0,SYN.BTC-22NOV19,1573988341391,open,0.1,56.5,0.064,0.115,0.08531132,47.28,0.094,0.0,BTC-22NOV19-9250-P,8527.41,0.0,0.0825,4.0,0.087,4.1,55.99,1.39457,-6.76167,-1.15231,0.0003,-0.92515
8550.94,SYN.BTC-29NOV19,1573988341383,open,0.0,448.8,0.0005,0.0105,0.0007331,90.64,0.001,0.0,BTC-29NOV19-6000-P,8527.41,86.05,0.0005,19.5,0.001,0.4,94.83,0.49105,-1.87397,-0.03617,2e-05,-0.01227
8550.94,SYN.BTC-29NOV19,1573988341382,open,0.17,7.4,0.1655,0.204,0.18387608,68.63,0.186,0.0,BTC-29NOV19-7000-C,8527.41,0.0,0.1675,6.0,0.201,6.0,122.1,1.50436,-4.34711,2.14085,9e-05,0.95337
8916.13,SYN.BTC-26JUN20,1573988341382,open,0.05,10.5,0.0145,0.08,0.0377473,89.04,0.04,0.0,BTC-26JUN20-24000-C,8527.41,84.98,0.031,5.0,0.037,6.0,88.61,15.49065,-3.10825,5.55502,4e-05,0.14024
8550.94,SYN.BTC-29NOV19,1573988341383,open,0.0,233.0,0.0005,0.0105,0.00021853,100.0,0.0005,0.0,BTC-29NOV19-14000-C,8527.41,0.0,0.0,0.0,0.001,1.1,118.84,0.18709,-0.78769,0.01082,1e-05,0.00411
8916.13,SYN.BTC-26JUN20,1573988341403,open,0.18,168.5,0.122,0.221,0.16685623,73.71,0.165,0.0,BTC-26JUN20-8000-P,8527.41,71.42,0.1605,8.0,0.168,6.0,74.12,24.76246,-4.11318,-26.22659,7e-05,-0.31704
185.35,ETH-27DEC19,1573988341441,open,0.15,3453.0,0.095,0.176,0.13449,65.43,0.139,0.0,ETH-27DEC19-200-P,183.65,46.65,0.111,26.0,0.172,16.0,94.27,0.23726,-0.19466,-0.14797,0.00966,-0.59623
184.16,SYN.ETH-29NOV19,1573988342206,open,0.18,0.0,0.162,0.218,0.190297,81.17,None,0.0,ETH-29NOV19-150-C,183.65,0.0,0.185,30.0,0.0,0.0,0.0,0.04469,-0.15271,0.04431,0.00499,0.92982
184.16,SYN.ETH-29NOV19,1573988342206,open,0.27,0.0,0.214,0.293,0.251316,70.9,None,0.0,ETH-29NOV19-230-P,183.65,0.0,0.0,0.0,0.0,0.0,0.0,0.03263,-0.09741,-0.07216,0.00417,-0.95295
184.16,SYN.ETH-29NOV19,1573988342206,open,0.17,0.0,0.112,0.19,0.149844,68.0,None,0.0,ETH-29NOV19-210-P,183.65,0.0,0.14,30.0,0.447,1.0,500.0,0.07962,-0.22794,-0.05953,0.01061,-0.84361
184.16,SYN.ETH-29NOV19,1573988342206,open,0.01,0.0,0.001,0.017,0.004867,81.35,None,0.0,ETH-29NOV19-150-P,183.65,59.13,0.001,2.0,0.005,1.0,81.89,0.04488,-0.15373,-0.00452,0.005,-0.07058
184.16,SYN.ETH-29NOV19,1573988342206,open,0.03,58.0,0.01,0.059,0.03229,63.57,0.023,0.0,ETH-29NOV19-190-C,183.65,44.37,0.019,1.0,0.032,1.0,63.16,0.12949,-0.34657,0.02292,0.01846,0.41484
184.16,SYN.ETH-29NOV19,1573988342206,open,0.03,105.0,0.007,0.053,0.025942,81.36,0.019,0.0,ETH-29NOV19-170-P,183.65,54.35,0.011,109.0,0.04,20.0,104.27,0.10945,-0.37492,-0.01762,0.01219,-0.26815
184.16,SYN.ETH-29NOV19,1573988342206,open,0.0,100.0,0.001,0.012,0.002309,70.52,0.003,0.0,ETH-29NOV19-230-C,183.65,61.12,0.001,3.0,0.003,1.0,74.19,0.0321,-0.09529,0.00262,0.00412,0.04609
184.16,SYN.ETH-29NOV19,1573988342206,open,0.01,502.0,0.001,0.027,0.009446,67.85,0.006,0.0,ETH-29NOV19-210-C,183.65,59.17,0.006,2.0,0.013,40.0,75.62,0.07943,-0.22691,0.00877,0.01061,0.15582
183.86,SYN.ETH-22NOV19,1573988342248,open,0.0,23.0,0.001,0.011,0.000586,73.61,0.001,0.0,ETH-22NOV19-220-C,183.65,0.0,0.0,0.0,0.001,3.0,79.95,0.01001,-0.0756,0.00046,0.00301,0.01937
183.86,SYN.ETH-22NOV19,1573988342248,open,0.01,103.0,0.001,0.022,0.005934,66.52,0.007,0.0,ETH-22NOV19-170-P,183.65,58.66,0.004,12.0,0.009,1.0,77.33,0.04845,-0.33055,-0.00371,0.01613,-0.1451
183.86,SYN.ETH-22NOV19,1573988342248,open,0.01,563.0,0.002,0.037,0.011757,53.32,0.011,0.0,ETH-22NOV19-190-C,183.65,46.39,0.009,20.0,0.011,15.0,51.45,0.07472,-0.40856,0.00727,0.03104,0.30768
183.86,SYN.ETH-22NOV19,1573988342248,open,0.0,277.0,0.001,0.013,0.002115,72.27,0.005,0.0,ETH-22NOV19-210-C,183.65,62.56,0.001,64.0,0.003,4.0,78.07,0.02551,-0.18904,0.00144,0.00782,0.06059
183.86,SYN.ETH-22NOV19,1573988342248,open,0.03,439.0,0.013,0.067,0.036223,53.28,0.033,0.0,ETH-22NOV19-180-C,183.65,0.0,0.018,1.0,0.036,3.0,52.76,0.07901,-0.43172,0.01498,0.03284,0.64623
183.86,SYN.ETH-22NOV19,1573988342248,open,0.12,0.0,0.104,0.161,0.132942,84.55,None,0.0,ETH-22NOV19-160-C,183.65,0.0,0.129,30.0,0.284,1.0,500.0,0.02873,-0.24907,0.01956,0.00752,0.92938
183.86,SYN.ETH-22NOV19,1573988342248,open,0.06,342.0,0.018,0.081,0.04522,53.46,0.064,0.0,ETH-22NOV19-190-P,183.65,27.76,0.036,10.0,0.0,0.0,0.0,0.07478,-0.40992,-0.0181,0.03098,-0.69181
183.86,SYN.ETH-22NOV19,1573988342248,open,0.0,255.0,0.001,0.016,0.003226,84.85,0.003,0.0,ETH-22NOV19-160-P,183.65,83.39,0.003,17.0,0.004,2.0,89.52,0.02893,-0.25176,-0.00183,0.00755,-0.07128
183.86,SYN.ETH-22NOV19,1573988342248,open,0.0,92.0,0.001,0.011,0.001425,97.45,0.001,0.0,ETH-22NOV19-150-P,183.65,91.66,0.001,97.0,0.002,1.0,103.84,0.01494,-0.14931,-0.0008,0.0034,-0.03121
183.86,SYN.ETH-22NOV19,1573988342248,open,0.0,51.0,0.001,0.011,0.00052,87.27,0.001,0.0,ETH-22NOV19-230-C,183.65,0.0,0.0,0.0,0.001,2.0,95.96,0.00806,-0.07209,0.00036,0.00204,0.01502
183.86,SYN.ETH-22NOV19,1573988342248,open,0.17,0.0,0.159,0.212,0.185533,96.9,None,0.0,ETH-22NOV19-150-C,183.65,0.0,0.0,0.0,0.0,0.0,0.0,0.01466,-0.14573,0.01925,0.00335,0.96948
183.86,SYN.ETH-22NOV19,1573988342250,open,0.33,0.0,0.268,0.348,0.305942,102.8,None,0.0,ETH-22NOV19-240-P,183.65,0.0,0.0,0.0,0.0,0.0,0.0,0.00782,-0.0824,-0.03172,0.00168,-0.9855
183.86,SYN.ETH-22NOV19,1573988342250,open,0.22,0.0,0.162,0.235,0.197228,74.77,None,0.0,ETH-22NOV19-220-P,183.65,0.0,0.001,5.0,0.0,0.0,0.0,0.01072,-0.0822,-0.02889,0.00318,-0.979
183.86,SYN.ETH-22NOV19,1573988342250,open,0.27,0.0,0.215,0.292,0.251555,88.76,None,0.0,ETH-22NOV19-230-P,183.65,0.0,0.001,5.0,0.0,0.0,0.0,0.00874,-0.07959,-0.03033,0.00218,-0.98348
183.86,SYN.ETH-22NOV19,1573988342250,open,0.11,131.0,0.059,0.128,0.092372,62.65,0.123,0.0,ETH-22NOV19-200-P,183.65,0.0,0.087,30.0,0.261,1.0,450.41,0.04498,-0.28899,-0.02363,0.0159,-0.8699
183.86,SYN.ETH-22NOV19,1573988342250,open,0.0,86.0,0.001,0.011,0.000515,101.05,0.001,0.0,ETH-22NOV19-240-C,183.65,0.0,0.0,0.0,0.001,3.0,110.87,0.00716,-0.07422,0.00031,0.00157,0.0131
8763.18,BTC-27MAR20,1573988342260,open,0.29,158.2,0.2155,0.32,0.26357884,72.82,0.2675,0.0,BTC-27MAR20-10000-P,8527.41,70.47,0.258,2.0,0.265,10.0,73.41,20.85906,-5.80299,-25.05457,0.0001,-0.53377
8550.94,SYN.BTC-29NOV19,1573988342383,open,0.05,13.4,0.0385,0.0885,0.05409462,47.54,0.051,0.0,BTC-29NOV19-8250-C,8527.41,43.52,0.0515,12.0,0.0565,12.0,51.25,5.53377,-11.07602,1.73441,0.00049,0.67749
8537.0,SYN.BTC-22NOV19,1573988342385,open,0.04,20.2,0.0245,0.0715,0.04478671,53.76,0.0415,0.0,BTC-22NOV19-8250-C,8527.41,49.14,0.043,0.1,0.0475,4.4,60.64,3.32406,-18.32435,0.76949,0.00064,0.71954
8537.0,SYN.BTC-22NOV19,1573988342386,open,0.1,56.5,0.064,0.115,0.08529118,47.28,0.094,0.0,BTC-22NOV19-9250-P,8527.41,0.0,0.082,4.0,0.087,4.1,55.99,1.39457,-6.76167,-1.15231,0.0003,-0.92515
8537.0,SYN.BTC-22NOV19,1573988342387,open,0.04,20.2,0.0245,0.0715,0.04478671,53.76,0.0415,0.0,BTC-22NOV19-8250-C,8527.41,49.14,0.043,0.1,0.0475,4.0,60.64,3.32406,-18.32435,0.76949,0.00064,0.71954
8550.94,SYN.BTC-29NOV19,1573988342388,open,0.13,125.7,0.096,0.1545,0.11528598,46.19,0.113,0.0,BTC-29NOV19-9500-P,8527.41,35.98,0.1125,6.0,0.1175,4.0,52.06,2.91729,-5.67275,-2.7944,0.00027,-0.8891
8763.31,BTC-27MAR20,1573988342389,open,3.63,1.0,3.4755,3.668,3.56676376,100.34,2.7125,0.0,BTC-27MAR20-40000-P,8527.53,0.0,0.0005,2.0,0.0,0.0,0.0,1.75534,-0.6729,-143.08887,1e-05,-0.98701
8606.78,BTC-27DEC19,1573988342389,open,0.0,657.0,0.0005,0.0105,2.611e-05,100.0,0.0005,0.0,BTC-27DEC19-28000-C,8527.53,0.0,0.0,0.0,0.001,0.8,134.96,0.03461,-0.04339,0.00288,0.0,0.00033
8763.31,BTC-27MAR20,1573988342389,open,0.16,129.7,0.1165,0.2025,0.15643227,70.57,0.1515,0.0,BTC-27MAR20-9000-C,8527.53,69.97,0.155,2.0,0.16,9.0,72.08,20.7057,-5.58267,12.647,0.00011,0.55892
8763.31,BTC-27MAR20,1573988342389,open,2.25,0.0,2.1355,2.289,2.20528455,99.76,None,0.0,BTC-27MAR20-28000-P,8527.53,0.0,0.0,0.0,0.0,0.0,0.0,5.40255,-2.05904,-99.14891,2e-05,-0.95011
8606.78,BTC-27DEC19,1573988342389,open,0.25,66.1,0.235,0.2795,0.25574041,70.06,0.355,0.0,BTC-27DEC19-6500-C,8527.53,34.42,0.245,8.0,0.2755,8.0,99.18,4.69835,-4.12767,6.13236,8e-05,0.90793
8606.9,BTC-27DEC19,1573988342389,open,0.0,617.6,0.0005,0.0105,6.088e-05,100.0,0.0005,0.0,BTC-27DEC19-26000-C,8527.53,0.0,0.0,0.0,0.0015,24.4,133.69,0.0724,-0.09078,0.00636,0.0,0.00074
8606.9,BTC-27DEC19,1573988342389,open,3.72,0.0,3.5565,3.7425,3.64755307,140.37,2.58,0.0,BTC-27DEC19-40000-P,8527.53,0.0,0.001,1.0,0.0,0.0,0.0,0.09903,-0.1743,-43.69076,0.0,-0.99896
8763.31,BTC-27MAR20,1573988342389,open,0.88,1.1,0.804,0.9185,0.85560806,78.69,1.08,0.0,BTC-27MAR20-16000-P,8527.53,0.0,0.0005,1.0,0.0,0.0,0.0,12.16301,-3.65636,-53.63514,6e-05,-0.85132
8606.9,BTC-27DEC19,1573988342391,open,0.0,959.3,0.0005,0.015,0.00406147,79.13,0.0045,0.0,BTC-27DEC19-14000-C,8527.53,75.21,0.003,51.0,0.005,9.0,82.11,2.54463,-2.52485,0.35562,4e-05,0.04188
8606.9,BTC-27DEC19,1573988342390,open,0.01,921.6,0.0005,0.024,0.00874298,69.17,0.009,0.0,BTC-27DEC19-12000-C,8527.53,67.75,0.008,0.1,0.0095,28.0,70.55,4.628,-4.01375,0.7661,8e-05,0.09022
8606.9,BTC-27DEC19,1573988342390,open,0.31,248.2,0.26,0.329,0.29198455,63.24,0.31,0.0,BTC-27DEC19-11000-P,8527.53,35.95,0.279,5.0,0.324,5.0,96.99,6.40864,-5.08209,-10.8084,0.00013,-0.85749
8606.9,BTC-27DEC19,1573988342391,open,0.0,717.1,0.0005,0.0115,0.00174715,96.28,0.0025,0.0,BTC-27DEC19-4500-P,8527.53,88.79,0.001,49.1,0.0025,0.1,101.95,1.01613,-1.22673,-0.1482,1e-05,-0.01401
8606.9,BTC-27DEC19,1573988342390,open,0.42,73.0,0.3705,0.441,0.40298939,69.2,0.3805,0.0,BTC-27DEC19-12000-P,8527.53,0.0,0.3715,4.0,0.428,4.0,102.0,4.63224,-4.01918,-12.34283,8e-05,-0.90967
8916.24,SYN.BTC-26JUN20,1573988342389,open,0.19,194.8,0.1405,0.245,0.18851349,75.25,0.1805,0.0,BTC-26JUN20-10000-C,8527.53,73.31,0.1825,8.0,0.191,6.0,76.05,27.60084,-4.68036,18.99427,8e-05,0.53896
8763.31,BTC-27MAR20,1573988342391,open,0.01,46.8,0.0005,0.032,0.01009796,99.68,0.0085,0.0,BTC-27MAR20-28000-C,8527.53,96.02,0.008,26.0,0.0115,0.5,101.87,5.38735,-2.05168,1.24483,2e-05,0.04971
8606.9,BTC-27DEC19,1573988342390,open,0.53,30.9,0.526,0.5475,0.53602071,99.85,0.5735,0.0,BTC-27DEC19-4000-C,8527.53,0.0,0.528,11.0,0.545,11.0,153.75,0.51529,-0.64515,4.30216,1e-05,0.99356
8537.12,SYN.BTC-22NOV19,1573988342389,open,0.13,14.8,0.0915,0.141,0.11402073,54.57,0.118,0.0,BTC-22NOV19-9500-P,8527.53,0.0,0.111,4.0,0.116,4.1,67.45,0.98773,-5.5275,-1.21549,0.00019,-0.95183
8606.9,BTC-27DEC19,1573988342391,open,0.0,106.3,0.0005,0.0105,1.6e-07,100.0,0.0005,0.0,BTC-27DEC19-2000-P,8527.53,0.0,0.0,0.0,0.0005,13.1,174.91,0.00032,-0.0004,-2e-05,0.0,0.0
8763.31,BTC-27MAR20,1573988342391,open,2.02,0.0,1.9125,2.061,1.97964335,98.74,None,0.0,BTC-27MAR20-26000-P,8527.53,0.0,0.0,0.0,0.0,0.0,0.0,6.35964,-2.39911,-91.69913,2e-05,-0.93866
8606.9,BTC-27DEC19,1573988342392,open,0.01,1079.7,0.004,0.032,0.01392534,63.22,0.012,0.0,BTC-27DEC19-11000-C,8527.53,61.96,0.013,24.0,0.015,1.0,64.65,6.40588,-5.07829,1.20822,0.00013,0.14242
8606.9,BTC-27DEC19,1573988342392,open,0.0,965.6,0.0005,0.0105,1.14e-05,100.0,0.0005,0.0,BTC-27DEC19-30000-C,8527.53,0.0,0.0,0.0,0.001,4.0,141.53,0.01664,-0.02087,0.00132,0.0,0.00015
8916.24,SYN.BTC-26JUN20,1573988342389,open,0.7,9.5,0.61,0.7535,0.67541304,80.3,0.6225,0.0,BTC-26JUN20-14000-P,8527.53,71.54,0.651,2.0,0.683,2.0,82.93,25.52222,-4.61839,-72.28317,7e-05,-0.65823
8606.9,BTC-27DEC19,1573988342392,open,0.0,349.0,0.0005,0.0105,1e-08,100.0,0.0005,0.0,BTC-27DEC19-48000-C,8527.53,0.0,0.0,0.0,0.0015,27.7,192.23,4e-05,-4e-05,0.0,0.0,0.0
8551.05,SYN.BTC-29NOV19,1573988342389,open,0.29,22.5,0.2845,0.3155,0.29905533,90.47,0.2095,0.0,BTC-29NOV19-6000-C,8527.53,0.0,0.2875,7.0,0.312,7.0,163.32,0.48667,-1.85379,1.91638,2e-05,0.98786
8606.9,BTC-27DEC19,1573988342392,open,0.19,66.6,0.1815,0.2315,0.20520801,66.62,0.221,0.0,BTC-27DEC19-7000-C,8527.53,42.11,0.1905,8.0,0.2285,8.0,93.61,6.54977,-5.47169,6.08929,0.00012,0.8528
8551.05,SYN.BTC-29NOV19,1573988342389,open,0.02,189.7,0.009,0.051,0.0189012,47.57,0.0255,0.0,BTC-29NOV19-8250-P,8527.53,44.61,0.017,10.0,0.0205,16.0,50.03,5.53396,-11.08256,-0.94992,0.00049,-0.32253
8606.9,BTC-27DEC19,1573988342392,open,0.12,939.7,0.073,0.1355,0.10207969,57.26,0.1055,0.0,BTC-27DEC19-9000-P,8527.53,55.67,0.1,9.6,0.104,2.0,58.73,11.23638,-8.06752,-6.18975,0.00024,-0.5562
8763.31,BTC-27MAR20,1573988342393,open,2.48,0.0,2.358,2.517,2.43118993,100.01,None,0.0,BTC-27MAR20-30000-P,8527.53,0.0,0.0005,1.0,0.0,0.0,0.0,4.48336,-1.71295,-106.57127,2e-05,-0.96042
8606.9,BTC-27DEC19,1573988342393,open,4.66,0.0,4.468,4.6905,4.57698565,148.38,None,0.0,BTC-27DEC19-48000-P,8527.53,0.0,0.0005,1.0,0.0,0.0,0.0,0.05603,-0.10425,-52.43462,0.0,-0.99944
8763.31,BTC-27MAR20,1573988342393,open,0.28,11.0,0.238,0.312,0.27276222,71.28,0.2835,0.0,BTC-27MAR20-7000-C,8527.53,69.2,0.269,2.0,0.275,7.0,72.51,15.92288,-4.33598,15.63314,8e-05,0.77028
8606.9,BTC-27DEC19,1573988342395,open,0.01,570.2,0.001,0.026,0.01096631,70.08,0.01,0.0,BTC-27DEC19-6500-P,8527.53,68.28,0.01,9.0,0.0125,16.0,72.81,4.69961,-4.12972,-0.96917,8e-05,-0.0921
8763.43,BTC-27MAR20,1573988342395,open,2.94,0.0,2.805,2.9755,2.88449252,100.32,None,0.0,BTC-27MAR20-34000-P,8527.53,0.0,0.0005,1.0,0.0,0.0,0.0,3.08667,-1.18295,-121.26874,1e-05,-0.97481
8551.05,SYN.BTC-29NOV19,1573988342390,open,0.3,13.1,0.2615,0.3165,0.28739183,67.79,0.233,0.0,BTC-29NOV19-11000-P,8527.53,0.0,0.0155,0.1,0.0,0.0,0.0,0.83527,-2.3839,-3.51824,5e-05,-0.97717
8551.05,SYN.BTC-29NOV19,1573988342389,open,0.0,95.0,0.0005,0.0115,0.00174942,73.51,0.002,0.0,BTC-29NOV19-6750-P,8527.53,66.78,0.001,48.0,0.0025,20.0,78.7,1.11167,-3.44073,-0.09435,6e-05,-0.03216
8551.05,SYN.BTC-29NOV19,1573988342390,open,0.41,3.2,0.4035,0.427,0.41532612,98.71,0.439,0.0,BTC-29NOV19-5000-C,8527.53,0.0,0.4065,7.0,0.425,7.0,208.04,0.04995,-0.20759,1.624,0.0,0.99904
8551.05,SYN.BTC-29NOV19,1573988342389,open,0.01,103.0,0.0005,0.035,0.00787388,45.86,0.008,0.0,BTC-29NOV19-9250-C,8527.53,43.99,0.007,0.8,0.009,16.0,48.17,4.07263,-7.8629,0.48389,0.00037,0.1818
8916.24,SYN.BTC-26JUN20,1573988342389,open,0.32,114.0,0.254,0.376,0.31007687,75.25,0.315,0.0,BTC-26JUN20-10000-P,8527.53,72.97,0.303,2.0,0.3145,8.0,76.68,27.60076,-4.68063,-41.79372,8e-05,-0.46103
8551.05,SYN.BTC-29NOV19,1573988342389,open,0.54,0.0,0.4905,0.5555,0.52104211,100.03,None,0.0,BTC-29NOV19-13000-P,8527.53,0.0,0.0,0.0,0.0,0.0,0.0,0.51025,-2.14886,-4.19614,2e-05,-0.98718
8916.24,SYN.BTC-26JUN20,1573988342389,open,0.12,184.5,0.0745,0.158,0.11143525,73.71,0.11,0.0,BTC-26JUN20-7000-P,8527.53,71.25,0.1055,9.0,0.1125,7.0,74.15,21.57916,-3.58434,-19.01274,6e-05,-0.23935
8551.05,SYN.BTC-29NOV19,1573988342388,open,0.0,101.2,0.0005,0.0135,0.00349441,63.36,0.003,0.0,BTC-29NOV19-7250-P,8527.53,61.16,0.003,24.4,0.004,20.0,65.46,1.99377,-5.31874,-0.19512,0.00013,-0.06664
8551.05,SYN.BTC-29NOV19,1573988342389,open,0.0,436.2,0.0005,0.0105,5.738e-05,100.0,0.0005,0.0,BTC-29NOV19-5000-P,8527.53,0.0,0.0,0.0,0.001,0.1,137.1,0.05611,-0.23626,-0.00319,0.0,-0.00109
8551.05,SYN.BTC-29NOV19,1573988342393,open,0.07,369.1,0.0595,0.111,0.07606275,49.92,0.0765,0.0,BTC-29NOV19-8000-C,8527.53,44.93,0.0735,4.0,0.0785,4.0,54.42,4.52237,-9.50486,1.96883,0.00038,0.78372
8551.05,SYN.BTC-29NOV19,1573988342389,open,0.01,509.4,0.0005,0.0265,0.00730721,53.34,0.007,0.0,BTC-29NOV19-7750-P,8527.53,50.01,0.006,47.0,0.0085,20.0,56.2,3.4698,-7.79242,-0.416,0.00027,-0.14221
8551.05,SYN.BTC-29NOV19,1573988342389,open,0.0,8.5,0.0005,0.011,0.00125233,53.62,0.0015,0.0,BTC-29NOV19-10250-C,8527.53,46.48,0.0005,30.5,0.002,20.0,58.37,1.16334,-2.62648,0.09107,9e-05,0.03398
8537.12,SYN.BTC-22NOV19,1573988342389,open,0.0,383.0,0.0005,0.0105,0.00079639,60.13,0.0005,0.0,BTC-22NOV19-9750-C,8527.53,0.0,0.0,0.0,0.0015,20.0,67.38,0.67647,-4.1713,0.03362,0.00012,0.03028
8551.05,SYN.BTC-29NOV19,1573988342389,open,0.14,0.0,0.136,0.177,0.15563409,63.31,None,0.0,BTC-29NOV19-7250-C,8527.53,0.0,0.139,6.0,0.1745,6.0,113.51,1.99051,-5.30586,2.16418,0.00013,0.9335
8537.12,SYN.BTC-22NOV19,1573988342389,open,0.02,170.4,0.0105,0.0535,0.02380079,46.86,0.022,0.0,BTC-22NOV19-8500-C,8527.53,44.02,0.0225,0.4,0.026,1.0,51.66,3.91365,-18.80722,0.59188,0.00086,0.54282
8551.05,SYN.BTC-29NOV19,1573988342389,open,0.2,0.0,0.195,0.2315,0.21236222,73.43,None,0.0,BTC-29NOV19-6750-C,8527.53,0.0,0.1975,6.0,0.2285,6.0,132.27,1.10767,-3.42447,2.10226,6e-05,0.96798
8551.05,SYN.BTC-29NOV19,1573988342389,open,0.16,2.0,0.1205,0.176,0.14272393,47.59,0.161,0.0,BTC-29NOV19-9750-P,8527.53,0.0,0.1205,4.0,0.163,4.0,94.09,2.04061,-4.08834,-2.98821,0.00018,-0.93133
8537.12,SYN.BTC-22NOV19,1573988342389,open,0.07,145.3,0.039,0.0905,0.05909466,46.92,0.0645,0.0,BTC-22NOV19-9000-P,8527.53,28.5,0.055,4.0,0.06,4.0,49.91,2.5149,-12.10032,-1.01173,0.00055,-0.82808
8916.24,SYN.BTC-26JUN20,1573988342390,open,0.22,45.6,0.1755,0.2765,0.22253019,73.7,0.2285,0.0,BTC-26JUN20-9000-C,8527.53,72.69,0.2195,8.0,0.228,8.0,75.53,26.73292,-4.44018,20.82872,8e-05,0.60682
8916.24,SYN.BTC-26JUN20,1573988342392,open,1.11,0.0,1.014,1.1645,1.08162029,83.04,None,0.0,BTC-26JUN20-18000-P,8527.53,0.0,0.09,1.0,1.35,1.0,174.42,20.75554,-3.884,-100.72469,5e-05,-0.77677
8551.05,SYN.BTC-29NOV19,1573988342392,open,0.0,355.4,0.0005,0.011,0.00101492,57.37,0.001,0.0,BTC-29NOV19-10500-C,8527.53,51.67,0.0005,19.5,0.0015,20.0,61.22,0.95127,-2.29776,0.07135,7e-05,0.02666
8551.05,SYN.BTC-29NOV19,1573988342389,open,0.02,24.1,0.013,0.0575,0.02259335,45.24,0.0245,0.0,BTC-29NOV19-8750-C,8527.53,41.52,0.02,22.0,0.0235,1.0,46.54,5.97723,-11.38627,1.0633,0.00056,0.40478
8916.24,SYN.BTC-26JUN20,1573988342389,open,0.66,14.5,0.659,0.6835,0.6694053,80.47,0.682,0.0,BTC-26JUN20-3000-C,8527.53,0.0,0.661,9.0,0.6805,1.0,101.79,3.39327,-0.61536,16.82379,1e-05,0.97981
8916.24,SYN.BTC-26JUN20,1573988342389,open,2.0,0.0,1.872,2.0415,1.94781052,90.05,None,0.0,BTC-26JUN20-26000-P,8527.53,0.0,0.0005,1.0,0.0,0.0,0.0,13.93452,-2.82778,-153.24823,3e-05,-0.87965
8551.05,SYN.BTC-29NOV19,1573988342389,open,0.0,70.6,0.0005,0.02,0.00249798,47.52,0.0025,0.0,BTC-29NOV19-9750-C,8527.53,42.75,0.0015,45.0,0.0035,20.0,51.37,2.03405,-4.06958,0.18331,0.00018,0.06838
8916.24,SYN.BTC-26JUN20,1573988342389,open,0.33,9.5,0.2855,0.3725,0.32634088,73.7,0.338,0.0,BTC-26JUN20-7000-C,8527.53,70.04,0.3175,2.0,0.3295,2.0,75.01,21.57904,-3.58412,23.53942,6e-05,0.76065
8537.12,SYN.BTC-22NOV19,1573988342389,open,0.05,219.4,0.0195,0.0685,0.036581,46.9,0.0335,0.0,BTC-22NOV19-8750-P,8527.53,35.66,0.032,12.0,0.0375,12.0,49.07,3.59292,-17.28029,-0.80055,0.00079,-0.66541
8916.24,SYN.BTC-26JUN20,1573988342390,open,0.08,77.5,0.0435,0.135,0.08154812,82.15,0.076,0.0,BTC-26JUN20-16000-C,8527.53,78.23,0.0715,5.0,0.0825,16.0,82.52,23.26704,-4.30752,10.57838,6e-05,0.27672
8916.24,SYN.BTC-26JUN20,1573988342392,open,0.06,225.7,0.0305,0.1125,0.06280622,83.03,0.06,0.0,BTC-26JUN20-18000-C,8527.53,80.27,0.0565,5.0,0.066,11.1,84.39,20.75263,-3.88295,8.69185,5e-05,0.22317
8551.05,SYN.BTC-29NOV19,1573988342389,open,0.1,4.0,0.0705,0.127,0.08962671,45.89,0.101,0.0,BTC-29NOV19-9250-P,8527.53,38.77,0.0865,4.0,0.0915,4.0,49.68,4.07511,-7.87304,-2.52525,0.00037,-0.81802
8916.24,SYN.BTC-26JUN20,1573988342395,open,0.27,25.4,0.2245,0.321,0.26959609,73.7,0.266,0.0,BTC-26JUN20-8000-C,8527.53,71.51,0.2635,8.0,0.2725,8.0,74.75,24.76259,-4.11291,22.40477,7e-05,0.68297
8551.05,SYN.BTC-29NOV19,1573988342389,open,0.22,0.0,0.176,0.2295,0.19995142,53.74,None,0.0,BTC-29NOV19-10250-P,8527.53,0.0,0.0,0.0,0.0,0.0,0.0,1.17248,-2.65306,-3.24303,9e-05,-0.96569
8916.24,SYN.BTC-26JUN20,1573988342391,open,0.11,199.0,0.0625,0.1615,0.10522431,80.29,0.096,0.0,BTC-26JUN20-14000-C,8527.53,77.4,0.097,7.0,0.1065,15.0,80.74,25.5213,-4.61783,12.81914,7e-05,0.34174
8551.05,SYN.BTC-29NOV19,1573988342389,open,0.09,20.8,0.081,0.128,0.10097376,53.31,0.0965,0.0,BTC-29NOV19-7750-C,8527.53,46.75,0.0985,4.0,0.1035,4.0,59.22,3.46772,-7.7833,2.10594,0.00027,0.85791
8551.05,SYN.BTC-29NOV19,1573988342388,open,0.06,5.3,0.032,0.0845,0.04587306,45.27,0.052,0.0,BTC-29NOV19-8750-P,8527.53,40.42,0.0425,12.0,0.048,14.0,48.3,5.97744,-11.3917,-1.7835,0.00056,-0.59517
8916.24,SYN.BTC-26JUN20,1573988342393,open,1.35,0.0,1.2295,1.39,1.30128682,88.07,None,0.0,BTC-26JUN20-20000-P,8527.53,0.0,0.1,1.0,1.88,0.1,294.38,19.59934,-3.88973,-113.76173,5e-05,-0.79764
8916.24,SYN.BTC-26JUN20,1573988342393,open,2.44,0.0,2.307,2.4865,2.38805131,92.0,None,0.0,BTC-26JUN20-30000-P,8527.53,0.0,0.0005,1.0,0.0,0.0,0.0,11.40709,-2.36487,-178.68512,3e-05,-0.90873
8916.24,SYN.BTC-26JUN20,1573988342393,open,0.06,24.8,0.02,0.094,0.04727448,88.91,0.0435,0.0,BTC-26JUN20-22000-C,8527.53,83.13,0.0365,5.0,0.0445,17.0,87.49,17.55676,-3.5178,6.62336,4e-05,0.16948
8916.24,SYN.BTC-26JUN20,1573988342392,open,0.9,2.0,0.809,0.957,0.87604952,82.16,0.88,0.0,BTC-26JUN20-16000-P,8527.53,52.79,0.8135,2.0,0.921,2.0,98.41,23.26883,-4.30831,-86.68107,6e-05,-0.72324
8537.12,SYN.BTC-22NOV19,1573988342409,open,0.04,20.2,0.0245,0.0715,0.04478671,53.77,0.0415,0.0,BTC-22NOV19-8250-C,8527.53,49.11,0.043,0.1,0.047,0.1,59.37,3.32386,-18.32677,0.76953,0.00063,0.71958
8537.12,SYN.BTC-22NOV19,1573988342424,open,0.04,20.2,0.0245,0.0715,0.04478671,53.77,0.0415,0.0,BTC-22NOV19-8250-C,8527.53,49.11,0.043,0.1,0.0475,4.0,60.62,3.32386,-18.32677,0.76953,0.00063,0.71958
8537.12,SYN.BTC-22NOV19,1573988342975,open,0.13,14.8,0.0915,0.141,0.11400591,54.57,0.118,0.0,BTC-22NOV19-9500-P,8527.53,0.0,0.111,4.0,0.1155,0.1,64.71,0.98773,-5.5275,-1.21549,0.00019,-0.95183
8537.12,SYN.BTC-22NOV19,1573988342988,open,0.07,145.3,0.039,0.0905,0.05908224,46.92,0.0645,0.0,BTC-22NOV19-9000-P,8527.53,28.5,0.055,4.0,0.06,4.1,49.91,2.5149,-12.10032,-1.01173,0.00055,-0.82808
8537.12,SYN.BTC-22NOV19,1573988342990,open,0.04,20.2,0.0245,0.0715,0.04479605,53.77,0.0415,0.0,BTC-22NOV19-8250-C,8527.53,50.43,0.0435,0.1,0.0475,4.0,60.62,3.32386,-18.32677,0.76953,0.00063,0.71958
183.86,SYN.ETH-22NOV19,1573988343015,open,0.23,0.0,0.215,0.262,0.238922,102.58,None,0.0,ETH-22NOV19-140-C,183.65,0.0,0.0,0.0,0.0,0.0,0.0,0.00526,-0.05534,0.01847,0.00114,0.99081
183.86,SYN.ETH-22NOV19,1573988343015,open,0.0,3.0,0.001,0.011,0.000421,103.98,0.001,0.0,ETH-22NOV19-140-P,183.65,0.0,0.0,0.0,0.008,1.0,179.64,0.00564,-0.06019,-0.00026,0.0012,-0.00996
8537.23,SYN.BTC-22NOV19,1573988343369,open,0.13,14.8,0.0915,0.141,0.11400591,54.57,0.118,0.0,BTC-22NOV19-9500-P,8527.53,0.0,0.1105,4.0,0.1155,0.1,64.79,0.98804,-5.52907,-1.21547,0.00019,-0.95181
8537.23,SYN.BTC-22NOV19,1573988343371,open,0.13,14.8,0.0915,0.141,0.11400591,54.57,0.118,0.0,BTC-22NOV19-9500-P,8527.53,0.0,0.1105,4.0,0.1155,4.1,64.79,0.98804,-5.52907,-1.21547,0.00019,-0.95181
8551.17,SYN.BTC-29NOV19,1573988343418,open,0.03,799.3,0.026,0.0765,0.03553013,45.24,0.034,0.0,BTC-29NOV19-8500-C,8527.77,41.7,0.033,17.0,0.0385,12.0,49.4,6.11335,-11.64507,1.4189,0.00057,0.54552
185.35,ETH-27DEC19,1573988343886,open,0.02,6753.0,0.005,0.037,0.017015,69.52,0.019,0.0,ETH-27DEC19-240-C,183.65,65.57,0.014,320.0,0.019,3.0,71.97,0.14681,-0.12797,0.02821,0.00563,0.15633
184.16,SYN.ETH-29NOV19,1573988343886,open,0.0,1947.0,0.001,0.011,0.001559,75.77,0.001,0.0,ETH-29NOV19-240-C,183.65,70.68,0.001,402.0,0.002,5.0,79.02,0.02308,-0.07363,0.00175,0.00276,0.03077
189.84,SYN.ETH-26JUN20,1573988343886,open,0.04,108.0,0.015,0.083,0.04177,96.69,0.046,0.0,ETH-26JUN20-560-C,183.65,93.33,0.036,140.0,0.048,140.0,100.08,0.33739,-0.07351,0.11915,0.00159,0.14502
185.35,ETH-27DEC19,1573988343888,open,0.0,16677.0,0.001,0.011,2.8e-05,105.0,0.001,0.0,ETH-27DEC19-640-C,183.65,0.0,0.0,0.0,0.004,10.0,165.53,0.00076,-0.001,6e-05,2e-05,0.00034
185.35,ETH-27DEC19,1573988343888,open,0.0,4534.0,0.001,0.011,4e-06,105.0,0.002,0.0,ETH-27DEC19-760-C,183.65,0.0,0.0,0.0,0.003,572.0,176.99,0.00013,-0.00017,1e-05,0.0,5e-05
185.35,ETH-27DEC19,1573988343891,open,0.01,3133.0,0.003,0.028,0.012285,72.41,0.011,0.0,ETH-27DEC19-140-P,183.65,70.11,0.011,364.0,0.014,360.0,75.33,0.10606,-0.09629,-0.02236,0.0039,-0.09816
188.2,ETH-27MAR20,1573988343891,open,0.1,1296.0,0.063,0.153,0.106744,81.1,0.101,0.0,ETH-27MAR20-240-C,183.65,74.66,0.092,300.0,0.108,300.0,81.64,0.43489,-0.13474,0.19672,0.00422,0.39826
188.2,ETH-27MAR20,1573988343891,open,1.61,0.0,1.483,1.666,1.568502,94.63,None,0.0,ETH-27MAR20-480-P,183.65,0.0,0.003,10.0,0.0,0.0,0.0,0.17613,-0.06367,-1.67557,0.00147,-0.9145
185.35,ETH-27DEC19,1573988343891,open,2.95,0.0,2.772,3.005,2.88455,105.0,None,0.0,ETH-27DEC19-720-P,183.65,0.0,0.003,5.0,0.0,0.0,0.0,0.00023,-0.0003,-0.78657,1e-05,-0.99991
188.2,ETH-27MAR20,1573988343893,open,0.01,5512.0,0.003,0.034,0.012575,103.3,0.012,0.0,ETH-27MAR20-600-C,183.65,100.97,0.011,4.0,0.014,220.0,105.27,0.13211,-0.05214,0.03118,0.00101,0.05879
184.16,SYN.ETH-29NOV19,1573988343896,open,0.0,448.0,0.001,0.011,0.000514,95.33,0.001,0.0,ETH-29NOV19-280-C,183.65,0.0,0.0,0.0,0.001,1.0,103.68,0.00836,-0.03356,0.00053,0.00079,0.00937
185.35,ETH-27DEC19,1573988343898,open,0.08,1141.0,0.066,0.133,0.091027,58.36,0.094,0.0,ETH-27DEC19-180-C,183.65,49.72,0.08,2.0,0.1,350.0,65.37,0.23699,-0.17342,0.10267,0.01082,0.59804
184.16,SYN.ETH-29NOV19,1573988343901,open,0.77,0.0,0.688,0.792,0.737876,110.63,None,0.0,ETH-29NOV19-320-P,183.65,0.0,0.0,0.0,0.0,0.0,0.0,0.00376,-0.01751,-0.1039,0.00031,-0.9962
184.16,SYN.ETH-29NOV19,1573988343903,open,0.34,50.0,0.329,0.369,0.348917,102.96,0.344,0.0,ETH-29NOV19-120-C,183.65,0.0,0.0,0.0,0.0,0.0,0.0,0.00746,-0.03232,0.03852,0.00066,0.99178
185.35,ETH-27DEC19,1573988343905,open,0.87,0.0,0.783,0.908,0.841917,105.0,None,0.0,ETH-27DEC19-340-P,183.65,0.0,0.001,5.0,0.0,0.0,0.0,0.07074,-0.09314,-0.3613,0.0018,-0.94233
188.2,ETH-27MAR20,1573988343905,open,0.58,20.0,0.565,0.601,0.582086,87.51,0.613,0.0,ETH-27MAR20-80-C,183.65,0.0,0.07,20.0,0.0,0.0,0.0,0.07471,-0.02498,0.2624,0.00067,0.97093
189.84,SYN.ETH-26JUN20,1573988343905,open,0.06,24.0,0.026,0.108,0.061264,91.6,0.076,0.0,ETH-26JUN20-440-C,183.65,88.25,0.054,140.0,0.069,140.0,95.0,0.42192,-0.08709,0.16718,0.0021,0.20613
185.35,ETH-27DEC19,1573988343909,open,0.77,101.0,0.68,0.802,0.737618,105.0,0.513,0.0,ETH-27DEC19-320-P,183.65,0.0,0.006,5.0,0.0,0.0,0.0,0.09173,-0.12077,-0.3355,0.00233,-0.91924
189.84,SYN.ETH-26JUN20,1573988343912,open,2.04,0.0,1.882,2.115,1.991744,96.78,None,0.0,ETH-26JUN20-560-P,183.65,0.0,0.0,0.0,0.0,0.0,0.0,0.33797,-0.07371,-3.28472,0.00159,-0.8546
185.35,ETH-27DEC19,1573988343939,open,0.0,4100.0,0.001,0.012,0.002444,97.18,0.004,0.0,ETH-27DEC19-100-P,183.65,94.06,0.002,39.0,0.003,1.0,100.64,0.028,-0.03412,-0.00428,0.00077,-0.01869
184.16,SYN.ETH-29NOV19,1573988343939,open,0.01,2585.0,0.005,0.044,0.016498,63.58,0.013,0.0,ETH-29NOV19-200-C,183.65,40.7,0.005,105.0,0.018,54.0,66.15,0.10642,-0.28485,0.01422,0.01517,0.25387
185.35,ETH-27DEC19,1573988343984,open,1.09,0.0,0.991,1.123,1.053637,105.0,None,0.0,ETH-27DEC19-380-P,183.65,0.0,0.001,5.0,0.0,0.0,0.0,0.04057,-0.05341,-0.40997,0.00103,-0.97096
188.2,ETH-27MAR20,1573988344006,open,0.48,0.0,0.46,0.51,0.484798,81.68,None,0.0,ETH-27MAR20-100-C,183.65,0.0,0.468,31.0,0.0,0.0,0.0,0.13791,-0.04304,0.30576,0.00133,0.9379
189.84,SYN.ETH-26JUN20,1573988344009,open,1.62,0.0,1.482,1.696,1.582666,93.89,None,0.0,ETH-26JUN20-480-P,183.65,0.0,0.0,0.0,0.0,0.0,0.0,0.39341,-0.08324,-2.76839,0.00191,-0.81626
189.84,SYN.ETH-26JUN20,1573988344031,open,1.83,0.0,1.681,1.903,1.785726,94.94,None,0.0,ETH-26JUN20-520-P,183.65,0.0,0.0,0.0,0.0,0.0,0.0,0.36133,-0.07731,-3.02917,0.00174,-0.83918
188.2,ETH-27MAR20,1573988344046,open,0.01,832.0,0.001,0.017,0.007166,87.51,0.009,0.0,ETH-27MAR20-80-P,183.65,78.25,0.004,320.0,0.01,320.0,94.03,0.07471,-0.02498,-0.02446,0.00067,-0.02907
185.35,ETH-27DEC19,1573988344046,open,1.2,15.0,1.096,1.232,1.160428,105.0,1.248,0.0,ETH-27DEC19-400-P,183.65,0.0,0.001,8.0,0.0,0.0,0.0,0.03033,-0.03993,-0.43331,0.00077,-0.97947
184.16,SYN.ETH-29NOV19,1573988344048,open,0.0,2585.0,0.001,0.011,2.4e-05,105.01,0.001,0.0,ETH-29NOV19-100-P,183.65,0.0,0.0,0.0,0.001,99.0,154.05,0.00054,-0.00238,-3e-05,5e-05,-0.00045
188.2,ETH-27MAR20,1573988344051,open,0.32,30.0,0.241,0.367,0.302967,81.1,0.306,0.0,ETH-27MAR20-220-P,183.65,72.27,0.282,310.0,0.313,300.0,85.31,0.4482,-0.13887,-0.56301,0.00435,-0.53136
189.84,SYN.ETH-26JUN20,1573988344051,open,0.19,408.0,0.139,0.251,0.195759,81.22,0.189,0.0,ETH-26JUN20-220-C,183.65,75.5,0.178,180.0,0.201,190.0,82.91,0.58842,-0.1077,0.38963,0.00331,0.53339
8537.23,SYN.BTC-22NOV19,1573988344053,open,0.13,14.8,0.0915,0.141,0.11399124,54.57,0.118,0.0,BTC-22NOV19-9500-P,8527.77,0.0,0.1105,4.0,0.1155,4.0,64.79,0.98804,-5.52907,-1.21547,0.00019,-0.95181
184.16,SYN.ETH-29NOV19,1573988344056,open,0.55,0.0,0.477,0.569,0.521045,97.05,None,0.0,ETH-29NOV19-280-P,183.65,0.0,0.0,0.0,0.0,0.0,0.0,0.00928,-0.03793,-0.0905,0.00087,-0.98944
185.35,ETH-27DEC19,1573988344061,open,1.64,21.0,1.515,1.672,1.590205,105.0,0.629,0.0,ETH-27DEC19-480-P,183.65,0.0,0.001,7.0,0.0,0.0,0.0,0.00903,-0.01189,-0.52346,0.00023,-0.99489
185.35,ETH-27DEC19,1573988344064,open,0.24,19.0,0.228,0.285,0.256957,72.41,0.205,0.0,ETH-27DEC19-140-C,183.65,0.0,0.244,50.0,0.0,0.0,0.0,0.10606,-0.09629,0.13058,0.0039,0.90184
185.35,ETH-27DEC19,1573988344064,open,0.0,6668.0,0.001,0.011,0.00051,105.0,0.001,0.0,ETH-27DEC19-480-C,183.65,0.0,0.0,0.0,0.003,40.0,128.96,0.00903,-0.01189,0.00093,0.00023,0.00511
189.84,SYN.ETH-26JUN20,1573988344072,open,0.03,80.0,0.011,0.072,0.034337,99.79,0.033,0.0,ETH-26JUN20-640-C,183.65,98.27,0.032,1.0,0.037,143.0,101.46,0.29677,-0.06673,0.09931,0.00136,0.12039
184.16,SYN.ETH-29NOV19,1573988344087,open,0.33,0.0,0.266,0.347,0.304871,76.32,None,0.0,ETH-29NOV19-240-P,183.65,0.0,0.0,0.0,0.0,0.0,0.0,0.02372,-0.07622,-0.07628,0.00282,-0.9682
188.2,ETH-27MAR20,1573988344090,open,1.4,0.0,1.278,1.452,1.359975,92.2,None,0.0,ETH-27MAR20-440-P,183.65,0.0,0.002,10.0,0.0,0.0,0.0,0.20268,-0.07139,-1.52276,0.00173,-0.89658
188.2,ETH-27MAR20,1573988344090,open,0.98,6.0,0.875,1.031,0.949,87.1,1.165,0.0,ETH-27MAR20-360-P,183.65,0.0,0.0,0.0,0.0,0.0,0.0,0.27739,-0.09231,-1.20531,0.00251,-0.83713
185.35,ETH-27DEC19,1573988344090,open,1.42,0.0,1.305,1.451,1.374975,105.0,None,0.0,ETH-27DEC19-440-P,183.65,0.0,0.001,8.0,0.0,0.0,0.0,0.01667,-0.02194,-0.47884,0.00042,-0.98976
188.2,ETH-27MAR20,1573988344104,open,0.01,2444.0,0.003,0.034,0.013252,94.63,0.021,0.0,ETH-27MAR20-520-C,183.65,90.02,0.01,220.0,0.016,220.0,98.03,0.14372,-0.05196,0.03525,0.0012,0.06549
184.16,SYN.ETH-29NOV19,1573988344111,open,0.02,313.0,0.002,0.032,0.01231,81.35,0.006,0.0,ETH-29NOV19-160-P,183.65,43.01,0.001,10.0,0.009,5.0,73.11,0.07784,-0.2666,-0.00979,0.00867,-0.15113
189.84,SYN.ETH-26JUN20,1573988344111,open,0.22,391.0,0.172,0.284,0.229197,81.22,0.222,0.0,ETH-26JUN20-200-C,183.65,74.57,0.209,210.0,0.233,210.0,82.48,0.5745,-0.10515,0.4194,0.00323,0.59263
189.84,SYN.ETH-26JUN20,1573988344118,open,0.45,0.0,0.358,0.508,0.431794,81.24,None,0.0,ETH-26JUN20-240-P,183.65,34.91,0.297,11.0,0.0,0.0,0.0,0.58965,-0.10795,-1.09988,0.00331,-0.5213
185.35,ETH-27DEC19,1573988344132,open,0.01,1885.0,0.004,0.039,0.016464,105.0,0.007,0.0,ETH-27DEC19-300-C,183.65,84.28,0.006,35.0,0.18,5.0,254.4,0.11697,-0.154,0.01942,0.00297,0.11237
185.35,ETH-27DEC19,1573988344155,open,0.0,1026.0,0.001,0.013,0.003462,105.0,0.003,0.0,ETH-27DEC19-380-C,183.65,88.95,0.001,201.0,0.003,1.0,102.79,0.04057,-0.05341,0.00518,0.00103,0.02904
185.35,ETH-27DEC19,1573988344157,open,1.85,37.0,1.724,1.894,1.805745,105.0,0.707,0.0,ETH-27DEC19-520-P,183.65,0.0,0.002,25.0,0.0,0.0,0.0,0.00486,-0.0064,-0.56762,0.00012,-0.99744
188.2,ETH-27MAR20,1573988344170,open,0.18,62.0,0.146,0.236,0.191822,72.97,0.202,0.0,ETH-27MAR20-180-C,183.65,65.13,0.174,30.0,0.198,310.0,75.69,0.42709,-0.11906,0.29277,0.00461,0.62568
189.84,SYN.ETH-26JUN20,1573988344172,open,0.07,643.0,0.035,0.124,0.074013,90.68,0.078,0.0,ETH-26JUN20-400-C,183.65,88.6,0.069,1.0,0.079,140.0,92.71,0.46199,-0.09441,0.19361,0.00233,0.24178
185.35,ETH-27DEC19,1573988344192,open,0.35,2.0,0.335,0.381,0.357989,83.44,0.346,0.0,ETH-27DEC19-120-C,183.65,0.0,0.352,50.0,0.0,0.0,0.0,0.05622,-0.05882,0.12125,0.0018,0.95677
185.35,ETH-27DEC19,1573988344219,open,0.45,0.0,0.445,0.482,0.462925,97.18,None,0.0,ETH-27DEC19-100-C,183.65,0.0,0.46,30.0,0.0,0.0,0.0,0.028,-0.03412,0.10497,0.00077,0.98131
188.2,ETH-27MAR20,1573988344221,open,0.77,7.0,0.678,0.826,0.748619,84.1,0.725,0.0,ETH-27MAR20-320-P,183.65,51.16,0.707,7.0,0.779,8.0,100.23,0.32586,-0.10469,-1.03749,0.00305,-0.78882
185.35,ETH-27DEC19,1573988344282,open,0.0,12762.0,0.001,0.011,1.4e-05,105.0,0.001,0.0,ETH-27DEC19-680-C,183.65,0.0,0.0,0.0,0.008,1000.0,189.54,0.00041,-0.00055,3e-05,1e-05,0.00018
188.2,ETH-27MAR20,1573988344282,open,0.03,1181.0,0.014,0.056,0.031834,77.23,0.037,0.0,ETH-27MAR20-120-P,183.65,73.85,0.028,320.0,0.036,1.0,80.76,0.2177,-0.06423,-0.09857,0.00222,-0.11423
184.16,SYN.ETH-29NOV19,1573988344282,open,0.0,1992.0,0.001,0.018,0.00511,70.51,0.002,0.0,ETH-29NOV19-220-C,183.65,57.51,0.002,160.0,0.008,21.0,79.28,0.05439,-0.16147,0.00515,0.00699,0.091
189.84,SYN.ETH-26JUN20,1573988344299,open,1.41,0.0,1.282,1.486,1.379101,91.65,None,0.0,ETH-26JUN20-440-P,183.65,0.0,0.0,0.0,0.0,0.0,0.0,0.42224,-0.08721,-2.50733,0.0021,-0.79361
189.84,SYN.ETH-26JUN20,1573988344299,open,2.25,0.0,2.084,2.326,2.197699,97.96,None,0.0,ETH-26JUN20-600-P,183.65,0.0,0.0,0.0,0.0,0.0,0.0,0.31368,-0.06925,-3.53976,0.00146,-0.86966
188.2,ETH-27MAR20,1573988344301,open,2.47,0.0,2.304,2.53,2.410576,103.41,None,0.0,ETH-27MAR20-640-P,183.65,0.0,0.0,0.0,0.0,0.0,0.0,0.11203,-0.04426,-2.26929,0.00085,-0.95225
188.2,ETH-27MAR20,1573988344303,open,0.07,364.0,0.033,0.096,0.061548,76.88,0.065,0.0,ETH-27MAR20-140-P,183.65,60.42,0.036,31.0,0.067,320.0,80.2,0.30717,-0.09022,-0.17068,0.00315,-0.19138
189.84,SYN.ETH-26JUN20,1573988344303,open,0.02,2.0,0.007,0.035,0.017875,83.98,0.016,0.0,ETH-26JUN20-80-P,183.65,81.58,0.016,250.0,0.02,1.0,86.57,0.15207,-0.02878,-0.07805,0.00083,-0.04976
185.35,ETH-27DEC19,1573988344313,open,0.01,835.0,0.001,0.022,0.00755,105.0,0.004,0.0,ETH-27DEC19-340-C,183.65,84.59,0.002,100.0,0.005,1.0,97.51,0.07074,-0.09314,0.01015,0.0018,0.05767
185.35,ETH-27DEC19,1573988344321,open,0.01,1715.0,0.001,0.023,0.008549,80.65,0.009,0.0,ETH-27DEC19-280-C,183.65,74.89,0.006,320.0,0.011,320.0,85.37,0.08989,-0.09089,0.01419,0.00297,0.07862
185.35,ETH-27DEC19,1573988344339,open,0.0,6174.0,0.001,0.011,7e-06,105.0,0.001,0.0,ETH-27DEC19-720-C,183.65,0.0,0.0,0.0,0.005,1000.0,183.21,0.00023,-0.0003,2e-05,1e-05,9e-05
184.16,SYN.ETH-29NOV19,1573988344339,open,0.0,2217.0,0.001,0.011,0.001541,81.43,0.004,0.0,ETH-29NOV19-140-P,183.65,75.84,0.001,250.0,0.002,3.0,85.3,0.02019,-0.06923,-0.00166,0.00225,-0.0262
184.16,SYN.ETH-29NOV19,1573988344344,open,0.0,421.0,0.001,0.011,0.000379,104.99,0.004,0.0,ETH-29NOV19-300-C,183.65,0.0,0.0,0.0,0.001,1.0,117.83,0.00609,-0.02691,0.00037,0.00053,0.00653
188.2,ETH-27MAR20,1573988344351,open,0.01,886.0,0.003,0.032,0.012037,97.97,0.028,0.0,ETH-27MAR20-560-C,183.65,93.26,0.009,220.0,0.015,220.0,101.92,0.13203,-0.04942,0.03151,0.00106,0.05874
185.35,ETH-27DEC19,1573988344351,open,0.01,6272.0,0.001,0.015,0.005413,83.44,0.008,0.0,ETH-27DEC19-120-P,183.65,74.2,0.003,405.0,0.008,360.0,91.11,0.05622,-0.05882,-0.00985,0.0018,-0.04323
188.2,ETH-27MAR20,1573988344351,open,0.02,978.0,0.006,0.049,0.022036,92.2,0.023,0.0,ETH-27MAR20-440-C,183.65,88.25,0.018,260.0,0.026,260.0,95.72,0.20268,-0.07139,0.05492,0.00173,0.10342
189.84,SYN.ETH-26JUN20,1573988344353,open,0.16,617.0,0.107,0.21,0.157114,80.75,0.145,0.0,ETH-26JUN20-160-P,183.65,75.75,0.144,220.0,0.164,210.0,83.38,0.4972,-0.09048,-0.50304,0.00281,-0.27879
185.35,ETH-27DEC19,1573988344357,open,2.73,1.0,2.562,2.783,2.668749,105.0,2.792,0.0,ETH-27DEC19-680-P,183.65,0.0,0.0,0.0,0.0,0.0,0.0,0.00041,-0.00055,-0.74286,1e-05,-0.99982
184.16,SYN.ETH-29NOV19,1573988344370,open,0.04,511.0,0.015,0.07,0.034855,63.63,0.04,0.0,ETH-29NOV19-180-P,183.65,50.86,0.026,110.0,0.049,10.0,83.86,0.12824,-0.34356,-0.02599,0.01826,-0.39887
185.35,ETH-27DEC19,1573988344386,open,0.66,1.0,0.578,0.699,0.635023,105.0,0.494,0.0,ETH-27DEC19-300-P,183.65,0.0,0.01,5.0,0.0,0.0,0.0,0.11697,-0.154,-0.30832,0.00297,-0.88763
185.35,ETH-27DEC19,1573988344396,open,0.0,10682.0,0.001,0.011,0.000116,105.0,0.001,0.0,ETH-27DEC19-560-C,183.65,127.84,0.001,427.0,0.008,100.0,167.54,0.00262,-0.00344,0.00024,7e-05,0.0013
185.35,ETH-27DEC19,1573988344405,open,0.0,13024.0,0.001,0.011,0.000242,105.0,0.001,0.0,ETH-27DEC19-520-C,183.65,0.0,0.0,0.0,0.008,100.0,158.9,0.00486,-0.0064,0.00047,0.00012,0.00256
188.2,ETH-27MAR20,1573988344410,open,0.02,1552.0,0.005,0.043,0.018024,94.63,0.019,0.0,ETH-27MAR20-480-C,183.65,91.24,0.015,220.0,0.021,220.0,97.68,0.17613,-0.06367,0.04553,0.00147,0.0855
188.2,ETH-27MAR20,1573988344420,open,0.4,125.0,0.317,0.449,0.381984,81.1,0.37,0.0,ETH-27MAR20-240-P,183.65,73.23,0.364,310.0,0.401,300.0,89.26,0.43489,-0.13474,-0.66383,0.00422,-0.60174
188.2,ETH-27MAR20,1573988344427,open,0.39,40.0,0.362,0.426,0.394215,77.23,0.459,0.0,ETH-27MAR20-120-C,183.65,33.03,0.363,1.0,0.0,0.0,0.0,0.2177,-0.06423,0.33171,0.00222,0.88577
185.35,ETH-27DEC19,1573988344429,open,3.17,1.0,2.981,3.227,3.100354,105.0,3.236,0.0,ETH-27DEC19-760-P,183.65,0.0,0.0,0.0,0.0,0.0,0.0,0.00013,-0.00017,-0.83028,0.0,-0.99995
189.84,SYN.ETH-26JUN20,1573988344431,open,1.21,0.0,1.087,1.284,1.181138,90.73,None,0.0,ETH-26JUN20-400-P,183.65,0.0,0.0,0.0,0.0,0.0,0.0,0.46222,-0.09451,-2.23778,0.00233,-0.758
185.35,ETH-27DEC19,1573988344437,open,2.07,0.0,1.934,2.116,2.021427,105.0,0.845,0.0,ETH-27DEC19-560-P,183.65,0.0,0.0,0.0,0.0,0.0,0.0,0.00262,-0.00344,-0.61155,7e-05,-0.9987
189.84,SYN.ETH-26JUN20,1573988344437,open,0.05,0.0,0.022,0.099,0.054116,93.82,None,0.0,ETH-26JUN20-480-C,183.65,91.3,0.049,140.0,0.059,140.0,96.14,0.39301,-0.08309,0.14924,0.00191,0.18344
184.16,SYN.ETH-29NOV19,1573988344451,open,0.0,569.0,0.001,0.011,0.000127,104.99,0.003,0.0,ETH-29NOV19-320-C,183.65,0.0,0.0,0.0,0.001,1.0,130.79,0.00247,-0.0109,0.00013,0.00021,0.00238
184.16,SYN.ETH-29NOV19,1573988344475,open,0.44,0.0,0.371,0.459,0.412952,89.37,None,0.0,ETH-29NOV19-260-P,183.65,0.0,0.0,0.0,0.0,0.0,0.0,0.01592,-0.05989,-0.08348,0.00161,-0.98024
184.16,SYN.ETH-29NOV19,1573988344475,open,0.45,1.0,0.441,0.473,0.456977,0.0,0.46,0.0,ETH-29NOV19-100-C,183.65,0.0,0.0,0.0,0.49,1.0,327.33,0.0,0.0,0.03254,0.0,1.0
185.35,ETH-27DEC19,1573988344480,open,0.15,1372.0,0.133,0.198,0.165031,64.05,0.17,0.0,ETH-27DEC19-160-C,183.65,49.46,0.152,340.0,0.171,350.0,70.16,0.17739,-0.14245,0.12621,0.00738,0.78832
184.16,SYN.ETH-29NOV19,1573988344480,open,0.0,1522.0,0.001,0.011,0.001031,88.47,0.001,0.0,ETH-29NOV19-260-C,183.65,0.0,0.0,0.0,0.002,1.0,97.8,0.01518,-0.05655,0.00106,0.00156,0.01869
185.35,ETH-27DEC19,1573988344484,open,0.44,946.0,0.368,0.467,0.414999,76.12,0.3,0.0,ETH-27DEC19-260-P,183.65,0.0,0.402,50.0,0.0,0.0,0.0,0.11621,-0.11092,-0.26398,0.00407,-0.88864
185.35,ETH-27DEC19,1573988344488,open,0.54,310.0,0.47,0.574,0.519205,80.65,0.49,0.0,ETH-27DEC19-280-P,183.65,0.0,0.001,8.0,0.0,0.0,0.0,0.08989,-0.09089,-0.29171,0.00297,-0.92138
188.2,ETH-27MAR20,1573988344488,open,0.16,1840.0,0.102,0.198,0.148251,72.97,0.156,0.0,ETH-27MAR20-180-P,183.65,71.98,0.146,1.0,0.163,300.0,79.48,0.42709,-0.11906,-0.35264,0.00461,-0.37432
189.84,SYN.ETH-26JUN20,1573988344488,open,0.5,0.0,0.48,0.543,0.5112,82.55,None,0.0,ETH-26JUN20-100-C,183.65,0.0,0.473,1.0,0.0,0.0,0.0,0.24781,-0.0461,0.45585,0.00137,0.90621
189.84,SYN.ETH-26JUN20,1573988344488,open,0.04,30.0,0.018,0.064,0.037981,82.57,0.042,0.0,ETH-26JUN20-100-P,183.65,77.86,0.032,250.0,0.044,250.0,87.08,0.24787,-0.04612,-0.1521,0.00137,-0.09382
189.84,SYN.ETH-26JUN20,1573988344488,open,0.68,1.0,0.677,0.704,0.68952,83.93,0.69,0.0,ETH-26JUN20-60-C,183.65,0.0,0.683,1.0,0.0,0.0,0.0,0.06685,-0.01264,0.33703,0.00036,0.98157
189.84,SYN.ETH-26JUN20,1573988344488,open,0.04,41.0,0.017,0.089,0.046464,94.87,0.052,0.0,ETH-26JUN20-520-C,183.65,91.35,0.04,140.0,0.053,140.0,98.21,0.36083,-0.07714,0.13157,0.00174,0.16048
188.2,ETH-27MAR20,1573988344490,open,1.19,3.0,1.076,1.24,1.153057,89.62,1.39,0.0,ETH-27MAR20-400-P,183.65,0.0,0.001,10.0,0.0,0.0,0.0,0.23564,-0.08068,-1.36665,0.00207,-0.87216
188.2,ETH-27MAR20,1573988344490,open,0.06,1655.0,0.033,0.109,0.067765,81.1,0.068,0.0,ETH-27MAR20-280-C,183.65,78.22,0.062,260.0,0.072,260.0,83.18,0.38102,-0.11805,0.14494,0.0037,0.28255
184.16,SYN.ETH-29NOV19,1573988344490,open,0.22,0.0,0.162,0.241,0.199813,70.73,None,0.0,ETH-29NOV19-220-P,183.65,0.0,0.0,0.0,0.0,0.0,0.0,0.05472,-0.16295,-0.06639,0.00701,-0.90826
188.2,ETH-27MAR20,1573988344503,open,0.02,37.0,0.006,0.033,0.016147,81.68,0.019,0.0,ETH-27MAR20-100-P,183.65,77.18,0.013,320.0,0.019,320.0,85.44,0.13791,-0.04304,-0.05281,0.00133,-0.0621
185.35,ETH-27DEC19,1573988344509,open,0.98,257.0,0.887,1.015,0.947382,105.0,0.995,0.0,ETH-27DEC19-360-P,183.65,0.0,0.01,2.0,0.0,0.0,0.0,0.05385,-0.07089,-0.38603,0.00137,-0.95901
188.2,ETH-27MAR20,1573988344555,open,0.03,583.0,0.013,0.07,0.036142,87.1,0.037,0.0,ETH-27MAR20-360-C,183.65,84.22,0.032,260.0,0.04,260.0,89.67,0.27739,-0.09231,0.08552,0.00251,0.16287
188.2,ETH-27MAR20,1573988344555,open,0.03,1211.0,0.009,0.058,0.027659,89.62,0.029,0.0,ETH-27MAR20-400-C,183.65,87.44,0.025,22.0,0.03,262.0,91.45,0.23564,-0.08068,0.0676,0.00207,0.12784
189.84,SYN.ETH-26JUN20,1573988344555,open,0.1,238.0,0.055,0.153,0.100935,84.51,0.108,0.0,ETH-26JUN20-320-C,183.65,82.0,0.094,180.0,0.108,10.0,87.02,0.53046,-0.10102,0.25473,0.00287,0.32167
188.2,ETH-27MAR20,1573988344571,open,2.25,0.0,2.099,2.316,2.200672,103.3,None,0.0,ETH-27MAR20-600-P,183.65,0.0,0.02,10.0,0.0,0.0,0.0,0.13211,-0.05214,-2.1202,0.00101,-0.94121
184.16,SYN.ETH-29NOV19,1573988344571,open,0.0,1027.0,0.001,0.011,0.000572,103.8,0.002,0.0,ETH-29NOV19-120-P,183.65,0.0,0.0,0.0,0.009,1.0,169.69,0.00778,-0.03401,-0.00055,0.00068,-0.00863
189.84,SYN.ETH-26JUN20,1573988344573,open,0.59,0.0,0.575,0.62,0.596469,83.98,None,0.0,ETH-26JUN20-80-C,183.65,0.0,0.578,1.0,0.0,0.0,0.0,0.15206,-0.02878,0.40826,0.00083,0.95024
185.35,ETH-27DEC19,1573988344581,open,0.01,2158.0,0.002,0.03,0.011155,105.0,0.005,0.0,ETH-27DEC19-320-C,183.65,86.45,0.004,50.0,0.007,321.0,95.55,0.09173,-0.12077,0.01409,0.00233,0.08076
185.35,ETH-27DEC19,1573988344587,open,0.01,3674.0,0.003,0.03,0.012247,76.12,0.012,0.0,ETH-27DEC19-260-C,183.65,72.37,0.01,620.0,0.014,320.0,78.83,0.11621,-0.11092,0.02007,0.00407,0.11135
188.2,ETH-27MAR20,1573988344592,open,0.01,384.0,0.001,0.029,0.009938,103.41,0.009,0.0,ETH-27MAR20-640-C,183.65,101.78,0.009,30.0,0.011,220.0,105.14,0.11203,-0.04426,0.02552,0.00085,0.04775
185.35,ETH-27DEC19,1573988344592,open,2.51,0.0,2.353,2.561,2.452955,105.0,None,0.0,ETH-27DEC19-640-P,183.65,0.0,0.0,0.0,0.0,0.0,0.0,0.00076,-0.001,-0.69913,2e-05,-0.99966
188.2,ETH-27MAR20,1573988344594,open,0.25,767.0,0.208,0.297,0.25349,76.88,0.265,0.0,ETH-27MAR20-160-C,183.65,70.67,0.241,300.0,0.289,10.0,94.41,0.37937,-0.11143,0.3148,0.00389,0.71998
185.35,ETH-27DEC19,1573988344594,open,0.0,10059.0,0.001,0.012,0.002349,105.0,0.004,0.0,ETH-27DEC19-400-C,183.65,102.75,0.002,20.0,0.003,1.0,108.66,0.03033,-0.03993,0.00368,0.00077,0.02053
185.35,ETH-27DEC19,1573988344594,open,0.03,12246.0,0.011,0.053,0.028262,64.05,0.035,0.0,ETH-27DEC19-160-P,183.65,60.59,0.025,340.0,0.032,365.0,67.9,0.17739,-0.14245,-0.04859,0.00738,-0.21168
185.35,ETH-27DEC19,1573988344594,open,0.0,1216.0,0.001,0.017,0.00511,105.0,0.005,0.0,ETH-27DEC19-360-C,183.65,91.07,0.002,330.0,0.005,1.0,104.62,0.05385,-0.07089,0.00726,0.00137,0.04099
189.84,SYN.ETH-26JUN20,1573988344594,open,0.29,80.0,0.218,0.349,0.282723,81.23,0.262,0.0,ETH-26JUN20-200-P,183.65,76.37,0.268,10.0,0.298,210.0,86.29,0.5745,-0.10516,-0.79636,0.00323,-0.40736
8551.17,SYN.BTC-29NOV19,1573988345050,open,0.01,294.8,0.0005,0.0215,0.00513316,58.71,0.005,0.0,BTC-29NOV19-7500-P,8527.77,58.28,0.005,28.0,0.0055,20.0,59.87,2.67276,-6.60717,-0.28771,0.00019,-0.09828
184.16,SYN.ETH-29NOV19,1573988345206,open,0.09,0.0,0.068,0.136,0.102797,81.33,None,0.0,ETH-29NOV19-170-C,183.65,0.0,0.076,30.0,0.167,10.0,181.28,0.10944,-0.37476,0.03769,0.0122,0.73191
184.16,SYN.ETH-29NOV19,1573988345206,open,0.08,2.0,0.033,0.099,0.064043,63.6,0.058,0.0,ETH-29NOV19-190-P,183.65,29.43,0.041,10.0,0.0,0.0,0.0,0.12949,-0.34674,-0.03889,0.01845,-0.5851
183.86,SYN.ETH-22NOV19,1573988345248,open,0.0,1106.0,0.001,0.019,0.004522,62.44,0.005,0.0,ETH-22NOV19-200-C,183.65,50.3,0.002,81.0,0.005,1.0,64.36,0.04477,-0.28663,0.00306,0.01588,0.12922
183.86,SYN.ETH-22NOV19,1573988345248,open,0.07,181.0,0.051,0.11,0.081299,66.49,0.093,0.0,ETH-22NOV19-170-C,183.65,0.0,0.075,49.0,0.143,1.0,228.1,0.04843,-0.33025,0.019,0.01613,0.855
183.86,SYN.ETH-22NOV19,1573988345248,open,0.02,613.0,0.002,0.044,0.015274,53.36,0.018,0.0,ETH-22NOV19-180-P,183.65,48.03,0.013,93.0,0.019,1.0,61.96,0.07903,-0.43242,-0.00907,0.0328,-0.35394
183.86,SYN.ETH-22NOV19,1573988345250,open,0.16,0.0,0.11,0.182,0.144304,72.29,None,0.0,ETH-22NOV19-210-P,183.65,0.0,0.001,1.0,0.321,1.0,500.0,0.02553,-0.18924,-0.02661,0.00782,-0.93935
8763.65,BTC-27MAR20,1573988345410,open,0.55,9.4,0.5385,0.5735,0.55370909,87.4,0.585,0.0,BTC-27MAR20-4000-C,8527.78,0.0,0.5395,8.0,0.564,8.0,104.35,4.44621,-1.48459,12.79288,2e-05,0.96082
8763.65,BTC-27MAR20,1573988345410,open,0.01,57.8,0.0005,0.0225,0.00599203,100.0,0.0075,0.0,BTC-27MAR20-32000-C,8527.78,100.02,0.006,26.0,0.0085,10.0,105.3,3.68837,-1.40911,0.79207,1e-05,0.0312
8607.05,BTC-27DEC19,1573988345410,open,0.05,529.2,0.033,0.0845,0.05639865,57.25,0.0555,0.0,BTC-27DEC19-9000-C,8527.78,55.79,0.0545,11.6,0.056,3.0,56.94,11.23662,-8.06606,3.64285,0.00024,0.44381
8607.05,BTC-27DEC19,1573988345410,open,0.0,530.9,0.0005,0.0105,5.07e-06,100.0,0.0005,0.0,BTC-27DEC19-32000-C,8527.78,0.0,0.0,0.0,0.001,23.0,147.61,0.00807,-0.01012,0.00061,0.0,7e-05
8607.05,BTC-27DEC19,1573988345410,open,1.12,9.4,1.051,1.142,1.09334718,99.55,1.1125,0.0,BTC-27DEC19-18000-P,8527.78,0.0,0.0,0.0,0.0,0.0,0.0,1.31097,-1.63646,-19.50647,2e-05,-0.98113
8607.05,BTC-27DEC19,1573988345410,open,0.65,268.3,0.596,0.671,0.63063239,79.12,0.7205,0.0,BTC-27DEC19-14000-P,8527.78,0.0,0.0,0.0,0.0,0.0,0.0,2.54373,-2.5236,-14.93931,4e-05,-0.95814
8763.65,BTC-27MAR20,1573988345410,open,0.01,123.2,0.0005,0.0265,0.00782336,100.0,0.0095,0.0,BTC-27MAR20-30000-C,8527.78,98.33,0.007,26.0,0.009,0.5,102.2,4.48266,-1.71256,0.99761,2e-05,0.03957
8607.05,BTC-27DEC19,1573988345410,open,0.0,888.7,0.0005,0.0135,0.00341087,85.36,0.004,0.0,BTC-27DEC19-15000-C,8527.78,81.33,0.0025,20.0,0.004,28.6,87.62,2.13613,-2.28642,0.28576,3e-05,0.0338
8607.05,BTC-27DEC19,1573988345410,open,0.01,1352.6,0.0005,0.0205,0.00763807,77.47,0.007,0.0,BTC-27DEC19-6000-P,8527.78,75.86,0.007,77.7,0.0085,16.0,79.55,3.48234,-3.38268,-0.65599,6e-05,-0.06212
8607.05,BTC-27DEC19,1573988345411,open,0.0,812.1,0.0005,0.0105,0.00076926,99.94,0.0015,0.0,BTC-27DEC19-4000-P,8527.78,94.78,0.0005,73.1,0.002,16.1,114.32,0.51767,-0.64869,-0.06814,1e-05,-0.00648
8763.65,BTC-27MAR20,1573988345411,open,0.67,59.0,0.594,0.7105,0.64676345,78.67,0.615,0.0,BTC-27MAR20-14000-P,8527.78,0.0,0.5975,3.0,0.688,3.0,99.56,15.69642,-4.7173,-44.7097,7e-05,-0.77606
8607.05,BTC-27DEC19,1573988345411,open,0.03,853.7,0.0125,0.0515,0.02836492,61.78,0.03,0.0,BTC-27DEC19-7500-P,8527.78,59.86,0.0265,12.8,0.03,29.8,63.45,8.39677,-6.50508,-2.32399,0.00017,-0.21879
8607.05,BTC-27DEC19,1573988345411,open,0.0,461.4,0.0005,0.013,0.00304312,91.56,0.0025,0.0,BTC-27DEC19-16000-C,8527.78,86.11,0.002,24.0,0.004,67.4,95.57,1.87557,-2.1532,0.24296,3e-05,0.02888
8763.65,BTC-27MAR20,1573988345410,open,0.47,53.6,0.3925,0.5045,0.44377678,75.2,0.455,0.0,BTC-27MAR20-12000-P,8527.78,69.59,0.432,2.0,0.453,5.0,79.47,18.7217,-5.379,-35.36954,9e-05,-0.68181
8607.05,BTC-27DEC19,1573988345411,open,0.65,10.0,0.6415,0.661,0.65148657,100.17,0.618,0.0,BTC-27DEC19-3000-C,8527.78,0.0,0.644,1.0,0.66,13.0,198.64,0.04165,-0.05231,3.27328,0.0,0.99959
8607.05,BTC-27DEC19,1573988345410,open,0.0,1558.4,0.0005,0.0135,0.00351615,92.59,0.004,0.0,BTC-27DEC19-5000-P,8527.78,87.15,0.0025,32.5,0.0045,16.0,97.04,1.7701,-2.05509,-0.28641,2e-05,-0.02694
8607.05,BTC-27DEC19,1573988345411,open,0.36,73.5,0.35,0.3855,0.36615414,84.69,0.266,0.0,BTC-27DEC19-5500-C,8527.78,0.0,0.3515,9.0,0.3805,9.0,118.6,2.49851,-2.65322,5.57508,4e-05,0.95905
8607.05,BTC-27DEC19,1573988345411,open,2.54,0.2,2.4175,2.5575,2.48550189,0.0,2.51,0.0,BTC-27DEC19-30000-P,8527.78,0.0,0.0005,1.0,0.0,0.0,0.0,0.0,0.0,-32.77454,0.0,-1.0
8607.05,BTC-27DEC19,1573988345411,open,0.0,562.6,0.0005,0.0105,2.3e-07,100.0,0.0005,0.0,BTC-27DEC19-40000-C,8527.78,0.0,0.0,0.0,0.0005,10.0,157.66,0.00049,-0.00062,3e-05,0.0,0.0
8607.05,BTC-27DEC19,1573988345411,open,0.47,21.6,0.467,0.493,0.47892065,96.29,0.5285,0.0,BTC-27DEC19-4500-C,8527.78,0.0,0.469,10.0,0.4895,10.0,140.93,1.01639,-1.22716,4.76793,1e-05,0.98598
8763.65,BTC-27MAR20,1573988345411,open,0.01,152.3,0.0045,0.0455,0.01710292,98.68,0.0105,0.0,BTC-27MAR20-24000-C,8527.78,91.64,0.0115,23.0,0.024,1.0,105.77,7.75415,-2.92343,1.95626,3e-05,0.07936
8607.05,BTC-27DEC19,1573988345411,open,3.24,1.3,3.1005,3.2685,3.18258964,0.0,3.212,0.0,BTC-27DEC19-36000-P,8527.78,0.0,0.0,0.0,0.0,0.0,0.0,0.0,0.0,-39.32945,0.0,-1.0
8537.47,SYN.BTC-22NOV19,1573988345410,open,0.0,181.3,0.0005,0.0105,0.00026391,89.1,0.001,0.0,BTC-22NOV19-11000-C,8527.78,0.0,0.0,0.0,0.0005,0.5,96.45,0.21599,-1.97351,0.00881,2e-05,0.00799
8763.66,BTC-27MAR20,1573988345412,open,3.17,0.0,3.028,3.2055,3.11146056,99.98,None,0.0,BTC-27MAR20-36000-P,8527.78,0.0,0.0005,1.0,0.0,0.0,0.0,2.50534,-0.95699,-128.57748,1e-05,-0.98033
8763.66,BTC-27MAR20,1573988345412,open,0.03,264.6,0.009,0.0575,0.02556205,85.18,0.0215,0.0,BTC-27MAR20-18000-C,8527.78,81.73,0.0215,7.1,0.026,22.0,85.54,10.73199,-3.49257,3.08802,5e-05,0.12383
8607.05,BTC-27DEC19,1573988345412,open,0.41,66.8,0.4085,0.44,0.42259851,92.6,0.4645,0.0,BTC-27DEC19-5000-C,8527.78,0.0,0.4105,9.0,0.435,9.0,130.19,1.77053,-2.05575,5.17593,2e-05,0.97305
8607.05,BTC-27DEC19,1573988345411,open,0.0,895.4,0.0005,0.0105,0.00085167,100.0,0.0015,0.0,BTC-27DEC19-20000-C,8527.78,101.83,0.001,9.5,0.002,9.1,110.78,0.65935,-0.82675,0.07215,1e-05,0.00852
8607.05,BTC-27DEC19,1573988345411,open,0.0,695.7,0.0005,0.0105,1.05e-06,100.0,0.0005,0.0,BTC-27DEC19-36000-C,8527.78,0.0,0.0,0.0,0.0005,1.7,148.43,0.00195,-0.00244,0.00014,0.0,2e-05
8607.05,BTC-27DEC19,1573988345412,open,0.0,483.6,0.0005,0.0105,0.00020523,100.0,0.0005,0.0,BTC-27DEC19-3500-P,8527.78,0.0,0.0,0.0,0.001,0.9,120.02,0.1755,-0.22006,-0.02018,0.0,-0.00194
8763.66,BTC-27MAR20,1573988345412,open,0.02,458.8,0.0055,0.0455,0.01817435,86.64,0.019,0.0,BTC-27MAR20-20000-C,8527.78,85.43,0.017,7.0,0.0195,0.1,87.96,8.63296,-2.85749,2.30684,4e-05,0.09159
8607.05,BTC-27DEC19,1573988345412,open,0.3,112.4,0.292,0.332,0.31053673,77.47,0.385,0.0,BTC-27DEC19-6000-C,8527.78,0.0,0.293,9.0,0.327,9.0,108.04,3.48269,-3.3832,5.89883,6e-05,0.93787
8607.05,BTC-27DEC19,1573988345412,open,0.0,604.5,0.0005,0.0105,3.85e-06,100.0,0.0005,0.0,BTC-27DEC19-2500-P,8527.78,0.0,0.0,0.0,0.0005,12.5,148.92,0.00553,-0.00693,-0.00048,0.0,-5e-05
8607.05,BTC-27DEC19,1573988345412,open,2.3,0.2,2.1895,2.3195,2.2531657,97.85,2.2765,0.0,BTC-27DEC19-28000-P,8527.78,0.0,0.0,0.0,0.0,0.0,0.0,0.02609,-0.03201,-30.58744,0.0,-0.99975
8537.47,SYN.BTC-22NOV19,1573988345410,open,0.11,0.4,0.104,0.144,0.12326386,69.91,0.1205,0.0,BTC-22NOV19-7500-C,8527.78,0.0,0.0115,0.1,0.0,0.0,0.0,1.01929,-7.30749,0.94273,0.00015,0.9499
8763.66,BTC-27MAR20,1573988345412,open,0.05,380.5,0.023,0.089,0.04926083,78.67,0.051,0.0,BTC-27MAR20-14000-C,8527.78,76.25,0.045,7.1,0.0545,14.5,81.55,15.697,-4.71765,5.48948,7e-05,0.22396
8763.66,BTC-27MAR20,1573988345412,open,1.56,5.6,1.4675,1.6035,1.5286088,93.71,1.545,0.0,BTC-27MAR20-22000-P,8527.78,0.0,0.0,0.0,0.0,0.0,0.0,8.3072,-2.9742,-76.72427,3e-05,-0.91303
8763.66,BTC-27MAR20,1573988345413,open,0.01,92.5,0.003,0.037,0.01268707,98.68,0.0085,0.0,BTC-27MAR20-26000-C,8527.78,93.9,0.0095,23.0,0.013,7.0,99.11,6.34803,-2.3933,1.52414,2e-05,0.06119
8537.47,SYN.BTC-22NOV19,1573988345410,open,0.0,317.5,0.0005,0.0105,0.00075732,68.86,0.0005,0.0,BTC-22NOV19-10000-C,8527.78,0.0,0.0,0.0,0.0015,20.4,77.42,0.59157,-4.17757,0.02853,9e-05,0.02577
8916.61,SYN.BTC-26JUN20,1573988345411,open,0.56,0.5,0.55,0.5895,0.56739843,76.44,0.589,0.0,BTC-26JUN20-4000-C,8527.78,46.31,0.5525,8.0,0.582,8.0,92.08,7.19175,-1.23888,20.72751,2e-05,0.94981
8763.66,BTC-27MAR20,1573988345413,open,0.35,19.3,0.3255,0.3865,0.35370418,73.23,0.406,0.0,BTC-27MAR20-6000-C,8527.78,51.78,0.329,7.0,0.37,14.0,84.93,11.64365,-3.2576,15.92968,6e-05,0.86064
8763.66,BTC-27MAR20,1573988345413,open,0.0,119.2,0.0005,0.0155,0.00359253,100.0,0.006,0.0,BTC-27MAR20-36000-C,8527.78,104.38,0.005,19.5,0.007,10.0,109.35,2.5076,-0.95801,0.5059,1e-05,0.01969
8537.47,SYN.BTC-22NOV19,1573988345410,open,0.0,171.8,0.0005,0.0115,0.00176847,70.11,0.0025,0.0,BTC-22NOV19-7500-P,8527.78,67.78,0.0015,1.0,0.0025,30.2,75.64,1.02673,-7.38174,-0.05968,0.00015,-0.05056
8607.05,BTC-27DEC19,1573988345413,open,0.54,99.0,0.4825,0.555,0.51598647,73.85,0.638,0.0,BTC-27DEC19-13000-P,8527.78,0.0,0.0,0.0,0.0,0.0,0.0,3.32256,-3.07652,-13.70479,6e-05,-0.94149
8607.05,BTC-27DEC19,1573988345413,open,0.0,773.0,0.0005,0.012,0.00205289,99.65,0.0025,0.0,BTC-27DEC19-18000-C,8527.78,95.64,0.0015,16.0,0.003,23.1,105.07,1.31727,-1.64589,0.15913,2e-05,0.01898
8537.47,SYN.BTC-22NOV19,1573988345410,open,0.17,0.0,0.1635,0.2,0.18080716,85.18,None,0.0,BTC-22NOV19-7000-C,8527.78,0.0,0.0155,0.1,0.0,0.0,0.0,0.46573,-4.06803,0.91211,6e-05,0.98059
8551.39,SYN.BTC-29NOV19,1573988345411,open,0.0,626.9,0.0005,0.0185,0.0017877,50.86,0.002,0.0,BTC-29NOV19-10000-C,8527.78,49.2,0.0015,0.5,0.0025,20.1,54.43,1.55186,-3.32321,0.12988,0.00013,0.04847
8607.05,BTC-27DEC19,1573988345413,open,0.77,211.2,0.7095,0.789,0.74616407,85.35,0.9295,0.0,BTC-27DEC19-15000-P,8527.78,0.0,0.0,0.0,0.0,0.0,0.0,2.1345,-2.28422,-16.10177,3e-05,-0.96623
8607.05,BTC-27DEC19,1573988345414,open,2.06,0.0,1.9615,2.0835,2.02081933,97.05,None,0.0,BTC-27DEC19-26000-P,8527.78,0.0,0.0,0.0,0.0,0.0,0.0,0.05132,-0.06245,-28.4002,0.0,-0.99949
8537.47,SYN.BTC-22NOV19,1573988345410,open,0.0,176.7,0.0005,0.0105,0.00037026,99.86,0.001,0.0,BTC-22NOV19-11250-C,8527.78,0.0,0.0,0.0,0.001,0.1,114.12,0.25901,-2.65238,0.01078,3e-05,0.00983
8537.47,SYN.BTC-22NOV19,1573988345410,open,0.0,44.0,0.0005,0.0105,0.00074479,85.58,0.001,0.0,BTC-22NOV19-7000-P,8527.78,80.61,0.0005,17.0,0.001,20.0,89.75,0.47472,-4.16622,-0.02349,6e-05,-0.01985
8916.61,SYN.BTC-26JUN20,1573988345412,open,0.08,96.0,0.043,0.1105,0.0717748,76.16,0.067,0.0,BTC-26JUN20-6000-P,8527.78,71.1,0.062,9.0,0.0685,8.0,74.48,17.42626,-2.99092,-12.9698,5e-05,-0.16751
8537.47,SYN.BTC-22NOV19,1573988345410,open,0.0,163.5,0.0005,0.0105,0.00071885,85.47,0.001,0.0,BTC-22NOV19-10500-C,8527.78,0.0,0.0,0.0,0.0015,22.0,96.14,0.48633,-4.26285,0.02247,6e-05,0.02042
8537.47,SYN.BTC-22NOV19,1573988345410,open,0.22,0.0,0.1775,0.229,0.20136595,77.97,None,0.0,BTC-22NOV19-10250-P,8527.78,0.0,0.0,0.0,0.0,0.0,0.0,0.55044,-4.40121,-1.34311,7e-05,-0.97635
8537.47,SYN.BTC-22NOV19,1573988345410,open,0.01,237.1,0.002,0.0385,0.0116392,46.85,0.0115,0.0,BTC-22NOV19-8750-C,8527.78,39.25,0.0085,26.6,0.012,17.0,47.71,3.59352,-17.26665,0.36842,0.00079,0.33469
8551.39,SYN.BTC-29NOV19,1573988345411,open,0.66,0.0,0.6055,0.6725,0.637422,101.79,None,0.0,BTC-29NOV19-14000-P,8527.78,0.0,0.0,0.0,0.0,0.0,0.0,0.21328,-0.91404,-4.54256,1e-05,-0.99524
8537.47,SYN.BTC-22NOV19,1573988345410,open,0.0,266.7,0.0005,0.027,0.00486434,46.86,0.005,0.0,BTC-22NOV19-9000-C,8527.78,41.97,0.0035,0.2,0.005,20.0,47.32,2.51384,-12.08026,0.19038,0.00055,0.1718
8916.61,SYN.BTC-26JUN20,1573988345412,open,1.78,0.0,1.6555,1.8205,1.72935234,89.04,None,0.0,BTC-26JUN20-24000-P,8527.78,0.0,0.0005,1.0,0.0,0.0,0.0,15.49181,-3.10837,-140.33534,4e-05,-0.85976
8916.61,SYN.BTC-26JUN20,1573988345413,open,0.03,75.1,0.0075,0.058,0.02336467,91.96,0.025,0.0,BTC-26JUN20-30000-C,8527.78,90.06,0.021,18.0,0.025,1.0,93.22,11.39744,-2.36203,3.6748,3e-05,0.09116
8551.39,SYN.BTC-29NOV19,1573988345410,open,0.0,453.4,0.0005,0.0105,6.015e-05,100.0,0.0005,0.0,BTC-29NOV19-15000-C,8527.78,0.0,0.0,0.0,0.001,0.3,132.66,0.06335,-0.26674,0.00329,0.0,0.00124
8537.47,SYN.BTC-22NOV19,1573988345410,open,0.06,44.4,0.047,0.0925,0.06879658,58.44,0.0645,0.0,BTC-22NOV19-8000-C,8527.78,53.62,0.0675,0.1,0.0715,4.0,67.49,2.39597,-14.35833,0.88008,0.00042,0.8405
8551.39,SYN.BTC-29NOV19,1573988345412,open,0.01,1075.8,0.004,0.05,0.01379425,45.7,0.0135,0.0,BTC-29NOV19-9000-C,8527.78,43.55,0.0125,4.0,0.0145,12.0,46.86,5.20383,-10.01303,0.74423,0.00048,0.28128
8537.47,SYN.BTC-22NOV19,1573988345410,open,0.28,0.0,0.2345,0.2885,0.25968222,89.57,None,0.0,BTC-22NOV19-10750-P,8527.78,0.0,0.0,0.0,0.0,0.0,0.0,0.37029,-3.40116,-1.41967,4e-05,-0.98516
8537.47,SYN.BTC-22NOV19,1573988345410,open,0.01,253.4,0.0005,0.016,0.00351996,65.93,0.0055,0.0,BTC-22NOV19-7750-P,8527.78,63.18,0.003,0.1,0.004,20.0,68.31,1.67318,-11.31214,-0.11283,0.00026,-0.09542
8916.61,SYN.BTC-26JUN20,1573988345410,open,2.66,0.0,2.526,2.7125,2.61003913,93.62,None,0.0,BTC-26JUN20-32000-P,8527.78,0.0,0.0005,1.0,0.0,0.0,0.0,10.6189,-2.2403,-191.17735,2e-05,-0.91708
8537.47,SYN.BTC-22NOV19,1573988345410,open,0.31,0.0,0.2635,0.317,0.28873733,90.42,None,0.0,BTC-22NOV19-11000-P,8527.78,0.0,0.0005,10.0,0.0,0.0,0.0,0.2358,-2.18644,-1.45966,3e-05,-0.99117
8537.47,SYN.BTC-22NOV19,1573988345410,open,0.0,505.6,0.0005,0.018,0.00177417,47.14,0.0025,0.0,BTC-22NOV19-9250-C,8527.78,41.68,0.001,16.3,0.0025,20.5,51.23,1.38802,-6.71057,0.08281,0.0003,0.07438
8916.61,SYN.BTC-26JUN20,1573988345410,open,0.39,7.0,0.364,0.4395,0.3988744,76.16,0.41,0.0,BTC-26JUN20-6000-C,8527.78,60.95,0.3705,7.0,0.4205,7.0,87.0,17.42629,-2.99094,23.50284,5e-05,0.83249
8537.47,SYN.BTC-22NOV19,1573988345410,open,0.0,425.6,0.0005,0.0115,0.00121874,54.43,0.002,0.0,BTC-22NOV19-9500-C,8527.78,46.54,0.0005,27.5,0.002,32.0,60.32,0.98159,-5.47913,0.05311,0.00019,0.04779
8916.61,SYN.BTC-26JUN20,1573988345410,open,0.02,11.0,0.0065,0.0545,0.021237,93.62,0.021,0.0,BTC-26JUN20-32000-C,8527.78,92.13,0.0195,14.0,0.023,6.0,95.07,10.62005,-2.24063,3.34423,2e-05,0.08294
8551.39,SYN.BTC-29NOV19,1573988345412,open,0.78,0.0,0.72,0.791,0.75415914,99.66,None,0.0,BTC-29NOV19-15000-P,8527.78,0.0,0.0,0.0,0.0,0.0,0.0,0.06131,-0.25728,-4.87725,0.0,-0.9988
8537.47,SYN.BTC-22NOV19,1573988345410,open,0.0,89.7,0.0005,0.0105,0.00096086,75.62,0.0015,0.0,BTC-22NOV19-7250-P,8527.78,68.11,0.0005,16.0,0.0015,21.6,81.98,0.63047,-4.88931,-0.03282,9e-05,-0.02781
8916.61,SYN.BTC-26JUN20,1573988345412,open,0.51,8.7,0.4225,0.5585,0.48501933,78.13,0.475,0.0,BTC-26JUN20-12000-P,8527.78,71.37,0.4645,2.0,0.4885,2.0,79.27,27.27404,-4.80211,-57.32453,7e-05,-0.57259
8916.61,SYN.BTC-26JUN20,1573988345410,open,0.15,203.4,0.0925,0.197,0.13918836,78.12,0.132,0.0,BTC-26JUN20-12000-C,8527.78,75.93,0.1325,7.0,0.1415,14.0,78.88,27.27356,-4.80145,15.62044,7e-05,0.42738
8537.47,SYN.BTC-22NOV19,1573988345410,open,0.14,0.0,0.134,0.1715,0.15173974,75.31,None,0.0,BTC-22NOV19-7250-C,8527.78,0.0,0.0005,0.1,0.0,0.0,0.0,0.62133,-4.79843,0.93622,8e-05,0.97267
8537.47,SYN.BTC-22NOV19,1573988345410,open,0.01,647.3,0.0005,0.0215,0.00586816,58.53,0.005,0.0,BTC-22NOV19-8000-P,8527.78,53.44,0.0045,16.0,0.007,29.0,62.44,2.3994,-14.40112,-0.18899,0.00042,-0.15985
8916.61,SYN.BTC-26JUN20,1573988345412,open,0.04,40.7,0.011,0.071,0.03174711,90.03,0.031,0.0,BTC-26JUN20-26000-C,8527.78,88.23,0.029,1.0,0.032,6.0,90.19,13.92761,-2.8256,4.79733,3e-05,0.12026
8916.61,SYN.BTC-26JUN20,1573988345414,open,0.01,90.8,0.0005,0.0155,0.00587253,80.48,0.0055,0.0,BTC-26JUN20-3000-P,8527.78,76.6,0.0045,23.0,0.0065,8.0,82.08,3.39409,-0.61558,-1.41301,1e-05,-0.0202
8551.39,SYN.BTC-29NOV19,1573988345415,open,0.36,0.0,0.319,0.376,0.34562099,75.29,None,0.0,BTC-29NOV19-11500-P,8527.78,0.0,0.0,0.0,0.0,0.0,0.0,0.65943,-2.09038,-3.69583,4e-05,-0.98272
8537.47,SYN.BTC-22NOV19,1573988345410,open,0.34,0.0,0.292,0.348,0.31812717,101.0,None,0.0,BTC-22NOV19-11250-P,8527.78,0.0,0.0005,10.0,0.0,0.0,0.0,0.27616,-2.86021,-1.49118,3e-05,-0.98942
8551.39,SYN.BTC-29NOV19,1573988345414,open,0.23,0.6,0.225,0.2605,0.24156002,82.62,0.243,0.0,BTC-29NOV19-6500-C,8527.78,0.0,0.2275,6.0,0.256,6.0,141.92,0.98361,-3.42166,2.033,5e-05,0.97225
8551.39,SYN.BTC-29NOV19,1573988345414,open,0.48,0.0,0.4335,0.4945,0.46225231,87.32,None,0.0,BTC-29NOV19-12500-P,8527.78,0.0,0.0,0.0,0.0,0.0,0.0,0.40627,-1.49369,-4.04096,2e-05,-0.99013
8537.47,SYN.BTC-22NOV19,1573988345410,open,0.0,69.8,0.0005,0.0105,0.00049229,88.76,0.001,0.0,BTC-22NOV19-10750-C,8527.78,0.0,0.0,0.0,0.001,20.1,98.27,0.35396,-3.22196,0.0155,4e-05,0.01408
8916.61,SYN.BTC-26JUN20,1573988345412,open,0.04,183.3,0.019,0.066,0.03784297,76.16,0.0335,0.0,BTC-26JUN20-5000-P,8527.78,70.69,0.0305,8.0,0.0345,0.1,73.72,12.3647,-2.12219,-7.57163,3e-05,-0.10185
8551.39,SYN.BTC-29NOV19,1573988345412,open,0.0,359.6,0.0005,0.0105,0.00074903,83.41,0.001,0.0,BTC-29NOV19-12000-C,8527.78,79.2,0.0005,25.5,0.001,21.4,86.79,0.57592,-2.02261,0.03897,3e-05,0.01475
8551.39,SYN.BTC-29NOV19,1573988345413,open,0.0,150.6,0.0005,0.0105,0.00050316,87.37,0.0005,0.0,BTC-29NOV19-12500-C,8527.78,0.0,0.0,0.0,0.001,0.1,95.45,0.40743,-1.49869,0.02614,2e-05,0.0099
8537.47,SYN.BTC-22NOV19,1573988345410,open,0.19,5.1,0.1485,0.1985,0.1720968,69.31,0.124,0.0,BTC-22NOV19-10000-P,8527.78,0.0,0.152,3.0,0.19,3.0,150.93,0.60695,-4.3143,-1.3064,9e-05,-0.97343
8537.47,SYN.BTC-22NOV19,1573988345410,open,0.0,301.3,0.0005,0.0105,0.00074299,77.46,0.001,0.0,BTC-22NOV19-10250-C,8527.78,0.0,0.0,0.0,0.0015,21.0,86.99,0.53564,-4.25474,0.02526,7e-05,0.0229
8537.47,SYN.BTC-22NOV19,1573988345410,open,0.09,24.7,0.075,0.118,0.09573187,65.8,0.088,0.0,BTC-22NOV19-7750-C,8527.78,51.7,0.0935,4.0,0.098,4.0,76.18,1.66803,-11.25583,0.9229,0.00026,0.90498
8916.61,SYN.BTC-26JUN20,1573988345411,open,2.22,0.0,2.089,2.2635,2.16724817,90.99,None,0.0,BTC-26JUN20-28000-P,8527.78,0.0,0.0005,1.0,0.0,0.0,0.0,12.56497,-2.57629,-166.02787,3e-05,-0.89587
8916.61,SYN.BTC-26JUN20,1573988345412,open,0.25,132.5,0.181,0.2925,0.23191994,73.71,0.235,0.0,BTC-26JUN20-9000-P,8527.78,71.91,0.2265,8.0,0.2345,8.0,74.57,26.7333,-4.44068,-33.87938,8e-05,-0.39314
8537.47,SYN.BTC-22NOV19,1573988345410,open,0.25,0.0,0.206,0.259,0.23062529,86.05,None,0.0,BTC-22NOV19-10500-P,8527.78,0.0,0.0,0.0,0.0,0.0,0.0,0.50078,-4.41913,-1.37934,6e-05,-0.97886
8916.61,SYN.BTC-26JUN20,1573988345410,open,0.47,0.0,0.451,0.509,0.47709263,76.16,None,0.0,BTC-26JUN20-5000-C,8527.78,55.33,0.4525,7.0,0.4945,7.0,88.02,12.36476,-2.12221,22.82222,3e-05,0.89815
8537.47,SYN.BTC-22NOV19,1573988345410,open,0.16,10.3,0.12,0.1685,0.14285315,60.51,0.097,0.0,BTC-22NOV19-9750-P,8527.78,0.0,0.123,4.0,0.161,4.0,137.06,0.69291,-4.29974,-1.26781,0.00012,-0.96884
8607.05,BTC-27DEC19,1573988345429,open,0.2,529.5,0.157,0.225,0.18890334,59.45,0.1695,0.0,BTC-27DEC19-10000-P,8527.78,59.54,0.189,0.1,0.1925,2.0,62.8,9.09684,-6.78074,-8.80069,0.00019,-0.74703
8916.61,SYN.BTC-26JUN20,1573988345438,open,0.51,8.7,0.4225,0.5585,0.48501933,78.13,0.475,0.0,BTC-26JUN20-12000-P,8527.78,71.37,0.4645,2.0,0.488,2.0,79.1,27.27404,-4.80211,-57.32453,7e-05,-0.57259
189.84,SYN.ETH-26JUN20,1573988346893,open,0.3,40.0,0.262,0.364,0.314283,80.74,0.308,0.0,ETH-26JUN20-160-C,183.65,75.29,0.3,211.0,0.318,210.0,82.16,0.4972,-0.09047,0.46959,0.00281,0.72121
185.35,ETH-27DEC19,1573988346900,open,0.23,2728.0,0.174,0.264,0.218091,67.84,0.274,0.0,ETH-27DEC19-220-P,183.65,27.17,0.188,10.0,0.324,100.0,153.1,0.19759,-0.16808,-0.19458,0.00776,-0.74285
189.84,SYN.ETH-26JUN20,1573988346909,open,2.46,0.0,2.287,2.54,2.405562,99.79,None,0.0,ETH-26JUN20-640-P,183.65,0.0,0.0,0.0,0.0,0.0,0.0,0.29679,-0.06674,-3.79111,0.00136,-0.8796
189.84,SYN.ETH-26JUN20,1573988347026,open,0.26,80.0,0.212,0.32,0.266874,80.56,0.262,0.0,ETH-26JUN20-180-C,183.65,77.13,0.257,210.0,0.271,220.0,81.99,0.54535,-0.099,0.44788,0.00309,0.65498
189.84,SYN.ETH-26JUN20,1573988347026,open,0.36,60.0,0.323,0.415,0.369943,80.94,0.371,0.0,ETH-26JUN20-140-C,183.65,68.87,0.343,210.0,0.374,210.0,82.73,0.42942,-0.07832,0.48199,0.00242,0.78761
184.16,SYN.ETH-29NOV19,1573988347044,open,0.13,125.0,0.111,0.174,0.143474,81.33,0.13,0.0,ETH-29NOV19-160-C,183.65,0.0,0.131,30.0,0.395,1.0,500.0,0.07782,-0.26647,0.04227,0.00867,0.84893
189.84,SYN.ETH-26JUN20,1573988347051,open,0.37,0.0,0.285,0.426,0.354634,81.23,None,0.0,ETH-26JUN20-220-P,183.65,36.0,0.216,11.0,0.413,1.0,100.2,0.58842,-0.10771,-0.9477,0.00331,-0.46659
189.84,SYN.ETH-26JUN20,1573988347064,open,0.16,257.0,0.113,0.223,0.167536,81.23,0.174,0.0,ETH-26JUN20-240-C,183.65,76.86,0.154,180.0,0.175,190.0,83.63,0.58964,-0.10793,0.35902,0.00331,0.47864
185.35,ETH-27DEC19,1573988347170,open,0.07,4729.0,0.04,0.105,0.062162,58.36,0.073,0.0,ETH-27DEC19-180-P,183.65,49.62,0.051,110.0,0.075,340.0,68.39,0.23699,-0.17342,-0.09398,0.01082,-0.40196
8537.47,SYN.BTC-22NOV19,1573988347212,open,0.07,145.3,0.039,0.0905,0.05904501,46.88,0.0645,0.0,BTC-22NOV19-9000-P,8527.78,28.81,0.055,4.0,0.06,4.0,50.02,2.51476,-12.08914,-1.01174,0.00055,-0.8281
184.16,SYN.ETH-29NOV19,1573988347213,open,0.23,1.0,0.217,0.266,0.241316,81.42,0.289,0.0,ETH-29NOV19-140-C,183.65,0.0,0.239,50.0,0.0,0.0,0.0,0.02018,-0.06918,0.04389,0.00225,0.97382
8537.47,SYN.BTC-22NOV19,1573988347214,open,0.04,20.2,0.0245,0.0715,0.04482396,53.79,0.0415,0.0,BTC-22NOV19-8250-C,8527.78,49.03,0.043,0.1,0.0475,4.0,60.55,3.32313,-18.33034,0.76969,0.00063,0.71973
189.84,SYN.ETH-26JUN20,1573988347219,open,0.07,421.0,0.037,0.102,0.066556,80.94,0.061,0.0,ETH-26JUN20-120-P,183.65,74.99,0.056,210.0,0.073,210.0,84.47,0.34297,-0.06255,-0.2483,0.00193,-0.14861
188.2,ETH-27MAR20,1573988347221,open,2.04,0.0,1.893,2.095,1.987595,97.97,None,0.0,ETH-27MAR20-560-P,183.65,0.0,0.01,10.0,0.0,0.0,0.0,0.13203,-0.04941,-1.97644,0.00106,-0.94126
185.35,ETH-27DEC19,1573988347221,open,0.0,21058.0,0.001,0.011,5.7e-05,105.0,0.001,0.0,ETH-27DEC19-600-C,183.65,0.0,0.0,0.0,0.002,40.0,145.33,0.00141,-0.00186,0.00012,4e-05,0.00066
185.35,ETH-27DEC19,1573988347221,open,0.0,11036.0,0.001,0.011,0.001088,105.0,0.004,0.0,ETH-27DEC19-440-C,183.65,103.99,0.001,380.0,0.004,143.0,124.4,0.01667,-0.02194,0.00185,0.00042,0.01024
188.2,ETH-27MAR20,1573988347221,open,1.82,0.0,1.687,1.877,1.77627,94.63,None,0.0,ETH-27MAR20-520-P,183.65,0.0,0.005,10.0,0.0,0.0,0.0,0.14372,-0.05196,-1.82928,0.0012,-0.93451
189.84,SYN.ETH-26JUN20,1573988347229,open,1.01,0.0,0.893,1.078,0.981904,87.79,None,0.0,ETH-26JUN20-360-P,183.65,0.0,0.0,0.0,1.016,1.0,100.27,0.49537,-0.098,-1.96783,0.00258,-0.72331
185.35,ETH-27DEC19,1573988347235,open,2.29,0.0,2.143,2.337,2.237176,105.0,0.953,0.0,ETH-27DEC19-600-P,183.65,0.0,0.0,0.0,0.0,0.0,0.0,0.00141,-0.00186,-0.65537,4e-05,-0.99934
184.16,SYN.ETH-29NOV19,1573988347235,open,0.66,0.0,0.582,0.682,0.629431,105.0,None,0.0,ETH-29NOV19-300-P,183.65,0.0,0.0,0.0,0.0,0.0,0.0,0.00609,-0.02693,-0.09724,0.00053,-0.99347
189.84,SYN.ETH-26JUN20,1573988347242,open,0.62,0.0,0.522,0.685,0.601774,82.36,None,0.0,ETH-26JUN20-280-P,183.65,34.74,0.486,11.0,0.0,0.0,0.0,0.56713,-0.10526,-1.40052,0.00314,-0.61184
189.84,SYN.ETH-26JUN20,1573988347255,open,0.08,188.0,0.043,0.137,0.085592,87.79,0.093,0.0,ETH-26JUN20-360-C,183.65,84.05,0.076,180.0,0.095,180.0,91.34,0.49537,-0.098,0.22053,0.00258,0.27669
189.84,SYN.ETH-26JUN20,1573988347260,open,0.04,93.0,0.012,0.076,0.037017,97.86,0.04,0.0,ETH-26JUN20-600-C,183.65,94.71,0.032,140.0,0.042,140.0,100.79,0.31301,-0.06903,0.10723,0.00146,0.12994
189.84,SYN.ETH-26JUN20,1573988347266,open,0.01,185.0,0.001,0.015,0.005587,83.98,0.01,0.0,ETH-26JUN20-60-P,183.65,64.19,0.001,10.0,0.0,0.0,0.0,0.06695,-0.01267,-0.02775,0.00036,-0.01846
189.84,SYN.ETH-26JUN20,1573988347331,open,0.11,330.0,0.067,0.152,0.107398,80.94,0.096,0.0,ETH-26JUN20-140-P,183.65,76.77,0.098,10.0,0.113,210.0,83.41,0.42942,-0.07832,-0.36904,0.00242,-0.21239
184.16,SYN.ETH-29NOV19,1573988347370,open,0.12,91.0,0.069,0.145,0.102545,63.6,0.101,0.0,ETH-29NOV19-200-P,183.65,27.14,0.087,10.0,0.108,10.0,72.74,0.10644,-0.285,-0.05084,0.01517,-0.74604
8606.98,BTC-27DEC19,1573988347407,open,1.36,3.6,1.2785,1.3755,1.32452817,99.75,1.729,0.0,BTC-27DEC19-20000-P,8527.78,0.0,0.0,0.0,0.0,0.0,0.0,0.64875,-0.81144,-21.77884,1e-05,-0.99163
8763.66,BTC-27MAR20,1573988347441,open,0.29,158.2,0.2155,0.32,0.26353152,72.81,0.2675,0.0,BTC-27MAR20-10000-P,8527.78,70.7,0.2585,2.0,0.265,10.0,73.43,20.86033,-5.80276,-25.05311,0.0001,-0.53375
185.35,ETH-27DEC19,1573988347488,open,0.05,10860.0,0.028,0.086,0.055409,65.4,0.048,0.0,ETH-27DEC19-200-C,183.65,59.58,0.048,320.0,0.061,27.0,69.75,0.23725,-0.19455,0.07052,0.00967,0.40368
189.84,SYN.ETH-26JUN20,1573988347488,open,0.81,1.0,0.702,0.876,0.786546,84.51,0.674,0.0,ETH-26JUN20-320-P,183.65,34.41,0.689,11.0,0.832,1.0,100.16,0.53046,-0.10102,-1.69048,0.00287,-0.67833
8606.98,BTC-27DEC19,1573988347540,open,0.0,449.2,0.0005,0.0105,0.00034817,100.0,0.0005,0.0,BTC-27DEC19-22000-C,8527.78,103.57,0.0005,89.3,0.002,39.0,120.94,0.31789,-0.39861,0.03196,0.0,0.00375
185.35,ETH-27DEC19,1573988347556,open,0.15,3453.0,0.095,0.176,0.134449,65.4,0.139,0.0,ETH-27DEC19-200-P,183.65,46.65,0.111,26.0,0.172,16.0,94.27,0.23725,-0.19455,-0.14798,0.00967,-0.59632
185.35,ETH-27DEC19,1573988347556,open,0.33,2287.0,0.267,0.36,0.311862,69.52,0.302,0.0,ETH-27DEC19-240-P,183.65,0.0,0.294,50.0,0.432,100.0,174.0,0.14681,-0.12797,-0.23399,0.00563,-0.84367
188.2,ETH-27MAR20,1573988347556,open,0.16,1333.0,0.119,0.216,0.168031,81.1,0.157,0.0,ETH-27MAR20-200-C,183.65,68.9,0.139,300.0,0.212,10.0,99.74,0.44649,-0.13834,0.2556,0.00434,0.5468
188.2,ETH-27MAR20,1573988347573,open,0.24,755.0,0.174,0.29,0.23073,81.1,0.207,0.0,ETH-27MAR20-200-P,183.65,71.54,0.208,10.0,0.252,1.0,90.09,0.44649,-0.13834,-0.46153,0.00434,-0.4532
8763.64,BTC-27MAR20,1573988347581,open,0.05,514.8,0.019,0.067,0.03834807,73.23,0.042,0.0,BTC-27MAR20-6000-P,8527.78,71.06,0.0355,0.5,0.039,8.0,73.72,11.64353,-3.25749,-5.58401,6e-05,-0.13936
8763.64,BTC-27MAR20,1573988347581,open,0.0,85.8,0.0005,0.0185,0.0046235,100.0,0.0065,0.0,BTC-27MAR20-34000-C,8527.78,101.06,0.005,27.0,0.0075,10.0,107.01,3.03862,-1.16088,0.63163,1e-05,0.02472
8606.98,BTC-27DEC19,1573988347581,open,0.01,416.6,0.0005,0.0155,0.00516391,84.68,0.0055,0.0,BTC-27DEC19-5500-P,8527.78,82.31,0.0045,15.0,0.006,16.0,87.45,2.4982,-2.65271,-0.43352,4e-05,-0.04094
8916.59,SYN.BTC-26JUN20,1573988347583,open,0.02,202.2,0.006,0.0335,0.01599793,76.44,0.013,0.0,BTC-26JUN20-4000-P,8527.78,72.55,0.013,22.0,0.016,28.0,76.44,7.1915,-1.23881,-3.58745,2e-05,-0.05019
189.84,SYN.ETH-26JUN20,1573988347593,open,0.22,479.0,0.157,0.275,0.215029,80.56,0.207,0.0,ETH-26JUN20-180-P,183.65,75.69,0.201,220.0,0.227,210.0,84.73,0.54535,-0.099,-0.6463,0.00309,-0.34502
184.16,SYN.ETH-29NOV19,1573988347593,open,0.05,4035.0,0.031,0.093,0.057401,63.6,0.054,0.0,ETH-29NOV19-180-C,183.65,0.0,0.001,10.0,0.099,10.0,122.89,0.12824,-0.34337,0.03258,0.01827,0.60116
189.84,SYN.ETH-26JUN20,1573988347595,open,0.13,321.0,0.076,0.181,0.126866,82.36,0.144,0.0,ETH-26JUN20-280-C,183.65,79.38,0.118,180.0,0.136,10.0,85.4,0.56713,-0.10526,0.30154,0.00314,0.38816
8763.64,BTC-27MAR20,1573988347650,open,0.03,1524.1,0.0115,0.062,0.02979384,78.67,0.029,0.0,BTC-27MAR20-16000-C,8527.78,70.11,0.019,14.0,0.034,21.0,81.61,12.16016,-3.65468,3.7339,6e-05,0.14862
8606.98,BTC-27DEC19,1573988347652,open,2.77,0.3,2.6455,2.7935,2.7178875,0.0,2.744,0.0,BTC-27DEC19-32000-P,8527.78,0.0,0.0,0.0,0.0,0.0,0.0,0.0,0.0,-34.95951,0.0,-1.0
8916.58,SYN.BTC-26JUN20,1573988347652,open,0.07,224.1,0.0265,0.1085,0.05815698,88.05,0.049,0.0,BTC-26JUN20-20000-C,8527.78,83.01,0.0475,5.0,0.0535,17.0,85.9,19.59631,-3.88839,7.81243,5e-05,0.20229
8763.64,BTC-27MAR20,1573988347667,open,1.79,0.0,1.6905,1.8355,1.75568819,98.68,None,0.0,BTC-27MAR20-24000-P,8527.78,0.0,0.0005,5.0,0.0,0.0,0.0,7.75343,-2.92307,-84.0992,3e-05,-0.92065
8606.98,BTC-27DEC19,1573988347682,open,0.15,287.1,0.131,0.185,0.15698712,61.79,0.155,0.0,BTC-27DEC19-7500-C,8527.78,58.17,0.1535,2.0,0.1595,2.0,64.34,8.39733,-6.50615,5.86932,0.00017,0.78118
8606.98,BTC-27DEC19,1573988347682,open,0.02,462.2,0.007,0.038,0.01851358,66.63,0.0185,0.0,BTC-27DEC19-7000-P,8527.78,65.95,0.018,11.0,0.019,16.0,67.27,6.55023,-5.47273,-1.55829,0.00012,-0.14721
8606.98,BTC-27DEC19,1573988347682,open,0.0,868.9,0.0005,0.0105,3.724e-05,100.0,0.0005,0.0,BTC-27DEC19-3000-P,8527.78,0.0,0.0,0.0,0.0005,31.7,127.85,0.04094,-0.05134,-0.00409,0.0,-0.0004
8606.98,BTC-27DEC19,1573988347682,open,0.0,685.2,0.0005,0.0105,0.00014443,100.0,0.001,0.0,BTC-27DEC19-24000-C,8527.78,111.73,0.0005,1.5,0.0015,16.0,125.64,0.15189,-0.19045,0.01421,0.0,0.00166
8606.98,BTC-27DEC19,1573988347690,open,0.71,0.0,0.7,0.7195,0.70954395,102.62,None,0.0,BTC-27DEC19-2500-C,8527.78,0.0,0.7015,1.0,0.718,1.0,229.88,0.00786,-0.01012,2.73051,0.0,0.99993
8763.64,BTC-27MAR20,1573988347711,open,0.14,340.6,0.084,0.167,0.12123753,71.08,0.1225,0.0,BTC-27MAR20-8000-P,8527.78,69.13,0.117,2.0,0.1225,8.0,71.66,19.11097,-5.18953,-14.32653,0.0001,-0.33468
8551.37,SYN.BTC-29NOV19,1573988347713,open,0.12,68.0,0.1085,0.154,0.12807989,58.72,0.12,0.0,BTC-29NOV19-7500-C,8527.78,46.84,0.125,0.1,0.149,6.0,105.87,2.67219,-6.60597,2.15259,0.00019,0.90176
8551.37,SYN.BTC-29NOV19,1573988347713,open,0.0,639.1,0.0005,0.0115,0.00166968,82.61,0.0015,0.0,BTC-29NOV19-6500-P,8527.78,75.87,0.001,10.0,0.0025,20.1,89.0,0.98328,-3.42014,-0.08182,5e-05,-0.02774
8537.47,SYN.BTC-22NOV19,1573988347721,open,0.13,14.8,0.0915,0.141,0.11396158,54.45,0.118,0.0,BTC-22NOV19-9500-P,8527.78,0.0,0.111,4.0,0.1155,4.0,64.95,0.98254,-5.48623,-1.21584,0.00019,-0.95215
8916.58,SYN.BTC-26JUN20,1573988347720,open,1.56,0.0,1.4415,1.605,1.51457561,88.9,None,0.0,BTC-26JUN20-22000-P,8527.78,0.0,0.11,1.0,0.0,0.0,0.0,17.55578,-3.51728,-127.11039,4e-05,-0.83055
8537.47,SYN.BTC-22NOV19,1573988347722,open,0.13,14.8,0.0915,0.141,0.11396158,54.45,0.118,0.0,BTC-22NOV19-9500-P,8527.78,0.0,0.111,4.0,0.116,4.1,67.67,0.98254,-5.48623,-1.21584,0.00019,-0.95215
8606.98,BTC-27DEC19,1573988347756,open,0.0,449.3,0.0005,0.0105,6e-08,100.0,0.0005,0.0,BTC-27DEC19-44000-C,8527.78,0.0,0.0,0.0,0.0005,1.0,165.9,0.00013,-0.00016,1e-05,0.0,0.0
8551.37,SYN.BTC-29NOV19,1573988347758,open,0.0,429.8,0.0005,0.031,0.0043021,46.13,0.0055,0.0,BTC-29NOV19-9500-C,8527.78,43.67,0.0035,8.0,0.005,0.1,48.11,2.91373,-5.65869,0.29604,0.00027,0.11071
8551.37,SYN.BTC-29NOV19,1573988347794,open,0.0,1093.7,0.0005,0.0105,0.00074147,99.68,0.0005,0.0,BTC-29NOV19-13000-C,8527.78,0.0,0.0,0.0,0.0015,0.1,109.69,0.50097,-2.10242,0.03286,2e-05,0.01255
8606.98,BTC-27DEC19,1573988347836,open,5.13,0.8,4.923,5.1645,5.04156598,0.0,3.59,0.0,BTC-27DEC19-52000-P,8527.78,0.0,0.001,1.0,0.0,0.0,0.0,0.0,0.0,-56.80921,0.0,-1.0
8551.37,SYN.BTC-29NOV19,1573988347836,open,0.04,350.3,0.02,0.0715,0.02954104,45.25,0.029,0.0,BTC-29NOV19-8500-P,8527.78,41.7,0.027,12.0,0.032,14.0,48.69,6.1133,-11.64708,-1.34638,0.00057,-0.45437
8551.39,SYN.BTC-29NOV19,1573988347887,open,0.01,509.4,0.0005,0.0265,0.00729924,53.34,0.007,0.0,BTC-29NOV19-7750-P,8527.78,50.02,0.006,47.0,0.0085,20.0,56.22,3.46808,-7.78781,-0.41568,0.00027,-0.1421
8916.58,SYN.BTC-26JUN20,1573988347940,open,0.03,4.8,0.009,0.064,0.02704639,90.99,0.025,0.0,BTC-26JUN20-28000-C,8527.78,89.51,0.025,0.5,0.0295,6.0,92.69,12.56581,-2.57654,4.17848,3e-05,0.10414
8763.64,BTC-27MAR20,1573988347962,open,0.02,198.7,0.0065,0.036,0.01707257,75.23,0.0165,0.0,BTC-27MAR20-5000-P,8527.78,73.25,0.0155,24.0,0.0185,9.0,76.97,7.09676,-2.03978,-2.75675,3e-05,-0.07066
8606.91,BTC-27DEC19,1573988347981,open,0.0,255.7,0.0005,0.0105,0.0,100.0,0.001,0.0,BTC-27DEC19-1500-P,8527.78,0.0,0.0,0.0,0.0005,96.0,208.89,0.0,-1e-05,0.0,0.0,0.0
8551.37,SYN.BTC-29NOV19,1573988347988,open,0.0,233.0,0.0005,0.0105,0.00021881,100.0,0.0005,0.0,BTC-29NOV19-14000-C,8527.78,0.0,0.0,0.0,0.001,1.1,118.83,0.1873,-0.78857,0.01083,1e-05,0.00411
8606.91,BTC-27DEC19,1573988348024,open,0.05,990.7,0.026,0.0755,0.04745894,61.19,0.049,0.0,BTC-27DEC19-8000-P,8527.78,60.8,0.047,29.0,0.048,20.8,61.65,10.19723,-7.82422,-3.47213,0.00021,-0.3218
8606.91,BTC-27DEC19,1573988348024,open,0.59,4.3,0.584,0.6035,0.59356138,100.3,0.5625,0.0,BTC-27DEC19-3500-C,8527.78,0.0,0.586,12.0,0.602,12.0,172.57,0.1794,-0.22561,3.80301,0.0,0.99801
8763.64,BTC-27MAR20,1573988348026,open,0.09,104.8,0.043,0.109,0.07153389,71.28,0.072,0.0,BTC-27MAR20-7000-P,8527.78,69.6,0.0685,2.0,0.072,8.1,71.53,15.92239,-4.33578,-9.46537,8e-05,-0.22969
8551.37,SYN.BTC-29NOV19,1573988348038,open,0.0,448.8,0.0005,0.0105,0.00073219,90.64,0.001,0.0,BTC-29NOV19-6000-P,8527.78,86.07,0.0005,19.5,0.001,0.4,94.84,0.49062,-1.87224,-0.03613,2e-05,-0.01225
8606.91,BTC-27DEC19,1573988348045,open,1.83,0.0,1.734,1.8465,1.78855949,97.28,None,0.0,BTC-27DEC19-24000-P,8527.78,0.0,0.0,0.0,0.0,0.0,0.0,0.11568,-0.1411,-26.20904,0.0,-0.99877
8606.91,BTC-27DEC19,1573988348045,open,4.19,0.0,4.012,4.216,4.1120884,0.0,3.46,0.0,BTC-27DEC19-44000-P,8527.78,0.0,0.001,1.0,0.0,0.0,0.0,0.0,0.0,-48.06933,0.0,-1.0
8763.64,BTC-27MAR20,1573988348051,open,1.11,0.0,1.0245,1.147,1.079499,85.18,1.23,0.0,BTC-27MAR20-18000-P,8527.78,0.0,0.001,10.0,0.0,0.0,0.0,10.73115,-3.49217,-61.45372,5e-05,-0.87618
183.86,SYN.ETH-22NOV19,1573988348053,open,0.22,0.0,0.162,0.235,0.197164,73.63,None,0.0,ETH-22NOV19-220-P,183.64,0.0,0.001,5.0,0.0,0.0,0.0,0.01002,-0.07569,-0.02893,0.00302,-0.9806
183.86,SYN.ETH-22NOV19,1573988348053,open,0.0,277.0,0.001,0.013,0.002118,72.29,0.005,0.0,ETH-22NOV19-210-C,183.64,62.56,0.001,64.0,0.003,4.0,78.07,0.02553,-0.18924,0.00144,0.00782,0.06065
183.86,SYN.ETH-22NOV19,1573988348053,open,0.0,86.0,0.001,0.011,0.000516,101.07,0.001,0.0,ETH-22NOV19-240-C,183.64,0.0,0.0,0.0,0.001,3.0,110.87,0.00717,-0.07429,0.00031,0.00157,0.01312
183.86,SYN.ETH-22NOV19,1573988348053,open,0.0,51.0,0.001,0.011,0.000521,87.28,0.001,0.0,ETH-22NOV19-230-C,183.64,0.0,0.0,0.0,0.001,2.0,95.96,0.00806,-0.07217,0.00036,0.00205,0.01503
183.86,SYN.ETH-22NOV19,1573988348053,open,0.0,3.0,0.001,0.011,0.000421,103.96,0.001,0.0,ETH-22NOV19-140-P,183.64,0.0,0.0,0.0,0.008,1.0,179.64,0.00564,-0.06013,-0.00025,0.0012,-0.00995
183.86,SYN.ETH-22NOV19,1573988348053,open,0.03,439.0,0.013,0.067,0.036257,53.36,0.033,0.0,ETH-22NOV19-180-C,183.64,0.0,0.018,1.0,0.036,3.0,52.76,0.07903,-0.43243,0.01498,0.0328,0.64606
184.16,SYN.ETH-29NOV19,1573988348053,open,0.0,100.0,0.001,0.012,0.002311,70.53,0.003,0.0,ETH-29NOV19-230-C,183.64,61.12,0.001,3.0,0.003,1.0,74.19,0.03211,-0.09536,0.00262,0.00413,0.04612
184.16,SYN.ETH-29NOV19,1573988348053,open,0.03,105.0,0.007,0.053,0.025926,81.33,0.019,0.0,ETH-29NOV19-170-P,183.64,54.35,0.011,109.0,0.04,20.0,104.27,0.10944,-0.37475,-0.01762,0.0122,-0.26809
183.86,SYN.ETH-22NOV19,1573988348053,open,0.01,103.0,0.001,0.022,0.005927,66.49,0.007,0.0,ETH-22NOV19-170-P,183.64,58.66,0.004,12.0,0.009,1.0,77.33,0.04843,-0.33027,-0.00371,0.01613,-0.145
183.86,SYN.ETH-22NOV19,1573988348053,open,0.11,131.0,0.059,0.128,0.092318,62.44,0.123,0.0,ETH-22NOV19-200-P,183.64,0.0,0.087,30.0,0.261,1.0,450.41,0.04476,-0.28661,-0.02365,0.01588,-0.87079
183.86,SYN.ETH-22NOV19,1573988348053,open,0.12,0.0,0.104,0.162,0.132985,84.83,None,0.0,ETH-22NOV19-160-C,183.64,0.0,0.129,30.0,0.284,1.0,500.0,0.02892,-0.25156,0.01954,0.00755,0.92877
184.16,SYN.ETH-29NOV19,1573988348053,open,0.17,0.0,0.112,0.19,0.14979,67.87,None,0.0,ETH-29NOV19-210-P,183.64,0.0,0.14,30.0,0.447,1.0,500.0,0.07945,-0.22704,-0.05955,0.01061,-0.84411
183.86,SYN.ETH-22NOV19,1573988348053,open,0.01,563.0,0.002,0.037,0.011774,53.36,0.011,0.0,ETH-22NOV19-190-C,183.64,46.39,0.009,20.0,0.011,15.0,51.45,0.07474,-0.40895,0.00727,0.03102,0.30783
184.16,SYN.ETH-29NOV19,1573988348053,open,0.01,502.0,0.001,0.027,0.009454,67.87,0.006,0.0,ETH-29NOV19-210-C,183.64,59.17,0.006,2.0,0.013,40.0,75.62,0.07945,-0.22704,0.00877,0.01061,0.15589
183.86,SYN.ETH-22NOV19,1573988348053,open,0.23,0.0,0.215,0.262,0.238963,103.96,None,0.0,ETH-22NOV19-140-C,183.64,0.0,0.0,0.0,0.0,0.0,0.0,0.00564,-0.06013,0.01845,0.0012,0.99005
183.86,SYN.ETH-22NOV19,1573988348053,open,0.0,92.0,0.001,0.011,0.001424,97.43,0.001,0.0,ETH-22NOV19-150-P,183.64,91.66,0.001,97.0,0.002,1.0,103.84,0.01493,-0.14918,-0.0008,0.00339,-0.03118
184.16,SYN.ETH-29NOV19,1573988348053,open,0.01,0.0,0.001,0.017,0.004862,81.33,None,0.0,ETH-29NOV19-150-P,183.64,59.13,0.001,2.0,0.005,1.0,81.89,0.04486,-0.15363,-0.00452,0.005,-0.07054
184.16,SYN.ETH-29NOV19,1573988348054,open,0.03,58.0,0.01,0.059,0.03231,63.6,0.023,0.0,ETH-29NOV19-190-C,183.64,44.37,0.019,1.0,0.032,1.0,63.16,0.12949,-0.34674,0.02292,0.01845,0.4149
184.16,SYN.ETH-29NOV19,1573988348054,open,0.18,0.0,0.162,0.218,0.190337,81.33,None,0.0,ETH-29NOV19-150-C,183.64,0.0,0.185,30.0,0.0,0.0,0.0,0.04487,-0.15363,0.04429,0.005,0.92946
183.86,SYN.ETH-22NOV19,1573988348053,open,0.0,23.0,0.001,0.011,0.000587,73.63,0.001,0.0,ETH-22NOV19-220-C,183.64,0.0,0.0,0.0,0.001,3.0,79.95,0.01002,-0.07569,0.00046,0.00302,0.0194
183.86,SYN.ETH-22NOV19,1573988348053,open,0.33,0.0,0.268,0.348,0.305872,101.07,None,0.0,ETH-22NOV19-240-P,183.64,0.0,0.0,0.0,0.0,0.0,0.0,0.00717,-0.07429,-0.03175,0.00157,-0.98688
184.16,SYN.ETH-29NOV19,1573988348053,open,0.27,0.0,0.214,0.293,0.25125,70.53,None,0.0,ETH-29NOV19-230-P,183.64,0.0,0.0,0.0,0.0,0.0,0.0,0.03211,-0.09536,-0.07221,0.00413,-0.95388
183.86,SYN.ETH-22NOV19,1573988348053,open,0.0,255.0,0.001,0.016,0.003223,84.83,0.003,0.0,ETH-22NOV19-160-P,183.64,83.39,0.003,17.0,0.004,2.0,89.52,0.02892,-0.25156,-0.00183,0.00755,-0.07123
183.86,SYN.ETH-22NOV19,1573988348053,open,0.06,342.0,0.018,0.081,0.045181,53.36,0.064,0.0,ETH-22NOV19-190-P,183.64,27.76,0.036,10.0,0.0,0.0,0.0,0.07474,-0.40895,-0.01811,0.03102,-0.69217
183.86,SYN.ETH-22NOV19,1573988348053,open,0.17,0.0,0.16,0.212,0.185576,97.43,None,0.0,ETH-22NOV19-150-C,183.64,0.0,0.0,0.0,0.0,0.0,0.0,0.01493,-0.14918,0.01924,0.00339,0.96882
183.86,SYN.ETH-22NOV19,1573988348053,open,0.27,0.0,0.215,0.292,0.251487,87.28,None,0.0,ETH-22NOV19-230-P,183.64,0.0,0.001,5.0,0.0,0.0,0.0,0.00806,-0.07217,-0.03037,0.00205,-0.98497
188.19,ETH-27MAR20,1573988348064,open,0.58,166.0,0.488,0.628,0.555543,81.07,0.535,0.0,ETH-27MAR20-280-P,183.64,33.41,0.49,11.0,0.586,1.0,95.45,0.38088,-0.11796,-0.85912,0.0037,-0.71764
189.84,SYN.ETH-26JUN20,1573988348068,open,0.43,1.0,0.395,0.473,0.434452,80.94,0.478,0.0,ETH-26JUN20-120-C,183.64,65.5,0.408,210.0,0.464,210.0,96.76,0.34296,-0.06255,0.48115,0.00193,0.85139
188.19,ETH-27MAR20,1573988348075,open,0.11,4613.0,0.064,0.147,0.103648,76.87,0.097,0.0,ETH-27MAR20-160-P,183.64,71.08,0.092,310.0,0.115,1.0,82.49,0.37937,-0.11142,-0.25891,0.00389,-0.28005
8551.37,SYN.BTC-29NOV19,1573988348075,open,0.25,5.0,0.2045,0.259,0.22888725,57.35,0.15,0.0,BTC-29NOV19-10500-P,8527.78,0.0,0.1,5.0,0.0,0.0,0.0,0.95051,-2.29504,-3.34502,7e-05,-0.97337
8551.37,SYN.BTC-29NOV19,1573988348075,open,0.42,0.0,0.376,0.436,0.40403053,83.37,None,0.0,BTC-29NOV19-12000-P,8527.78,0.0,0.0,0.0,0.0,0.0,0.0,0.57441,-2.01629,-3.86549,3e-05,-0.98529
8606.91,BTC-27DEC19,1573988348077,open,0.82,12.1,0.816,0.8355,0.82572426,138.15,0.8415,0.0,BTC-27DEC19-1500-C,8527.78,0.0,0.8175,1.0,0.834,1.0,320.82,0.00306,-0.0053,1.63846,0.0,0.99997
