underlying_price,underlying_index,timestamp,state,settlement_price,open_interest,min_price,max_price,mark_price,mark_iv,last_price,interest_rate,instrument_name,index_price,bid_iv,best_bid_price,best_bid_amount,best_ask_price,best_ask_amount,ask_iv,vega,theta,rho,gamma,delta
235.77,ETH-27SEP19,1560164339987,open,1.05,0.0,0.986,1.15,1.067931,97.83,None,0.0,ETH-27SEP19-480-P,234.03,75.7,1.046,12.0,1.096,12.0,117.69,0.29187,-0.13114,-1.35296,0.0018,-0.85619
234.03,index_price,1560164339993,open,0.23,53.0,0.191,0.289,0.239976,95.28,0.173,0,ETH-14JUN19-290-P,234.03,0.0,0.23,60.0,0.248,60.0,162.6,0.00985,-0.12112,-0.0304,0.00178,-0.98361
235.77,ETH-27SEP19,1560164339999,open,0.18,2213.0,0.142,0.221,0.1811,87.22,0.19,0.0,ETH-27SEP19-240-C,234.03,84.83,0.176,148.0,0.186,36.0,89.51,0.50345,-0.20165,0.28025,0.00348,0.57959
235.77,ETH-27SEP19,1560164340009,open,1.54,3.0,1.461,1.665,1.562581,102.73,1.599,0.0,ETH-27SEP19-600-P,234.03,0.0,1.539,12.0,1.594,12.0,131.01,0.19705,-0.09296,-1.74345,0.00116,-0.91687
235.72,ETH-27SEP19,1560164340011,open,0.51,47.0,0.463,0.542,0.502676,87.53,0.564,0.0,ETH-27SEP19-120-C,234.03,0.0,0.482,12.0,0.52,12.0,112.31,0.13135,-0.0528,0.31488,0.00091,0.95067
234.13,ETH-28JUN19,1560164340019,open,0.69,0.0,0.642,0.777,0.709383,98.36,None,0.0,ETH-28JUN19-400-P,234.03,0.0,0.697,60.0,0.721,60.0,158.65,0.01301,-0.0358,-0.1949,0.00049,-0.99066
235.77,ETH-27SEP19,1560164340023,open,1.21,0.0,1.143,1.32,1.231384,99.51,None,0.0,ETH-27SEP19-520-P,234.03,68.66,1.209,12.0,1.26,12.0,121.7,0.25498,-0.11652,-1.48584,0.00155,-0.88172
234.13,ETH-28JUN19,1560164340029,open,1.11,0.0,1.051,1.221,1.136187,120.72,None,0.0,ETH-28JUN19-500-P,234.03,0.0,1.123,60.0,1.149,60.0,207.28,0.00531,-0.01792,-0.24451,0.00016,-0.9966
234.03,index_price,1560164340044,open,0.08,0.0,0.03,0.109,0.069828,78.5,0.069,0,ETH-14JUN19-220-C,234.03,68.02,0.067,60.0,0.073,60.0,88.33,0.0696,-0.70488,0.01788,0.01524,0.7895
234.13,ETH-28JUN19,1560164340053,open,0.24,3459.0,0.197,0.276,0.236567,82.56,0.212,0.0,ETH-28JUN19-180-C,234.03,0.0,0.225,60.0,0.247,60.0,111.49,0.06409,-0.14799,0.08032,0.00289,0.93704
234.03,index_price,1560164340057,open,0.18,50.0,0.15,0.245,0.197261,82.46,0.241,0,ETH-14JUN19-280-P,234.03,0.0,0.187,60.0,0.206,60.0,146.93,0.01133,-0.12058,-0.02927,0.00236,-0.98069
234.03,index_price,1560164340064,open,0.01,301.0,0.001,0.05,0.010071,79.65,0.01,0,ETH-14JUN19-250-C,234.03,72.54,0.008,574.0,0.012,240.0,85.65,0.0719,-0.73881,0.00528,0.01552,0.22267
234.03,index_price,1560164340079,open,0.27,61.0,0.232,0.333,0.282475,100.4,0.285,0,ETH-14JUN19-300-P,234.03,0.0,0.272,60.0,0.291,60.0,181.79,0.0061,-0.07901,-0.03163,0.00104,-0.99058
235.77,ETH-27SEP19,1560164340085,open,0.09,1730.0,0.054,0.133,0.093043,90.64,0.097,0.0,ETH-27SEP19-320-C,234.03,88.64,0.089,148.0,0.098,48.0,93.06,0.4798,-0.19971,0.18483,0.00319,0.35585
7636.51,BTC-28JUN19,1560164340366,open,0.0,133.3,0.0005,0.0405,0.00054426,133.44,0.001,0.0,BTC-28JUN19-3750-P,7665.26,0.0,0.0,0.0,0.001,22.0,144.26,0.2572,-0.96,-0.02184,1e-05,-0.0053
7636.51,BTC-28JUN19,1560164340367,open,0.0,886.5,0.0005,0.042,0.00239936,83.69,0.0035,0.0,BTC-28JUN19-5500-P,7665.26,77.09,0.0015,44.8,0.003,46.0,87.32,1.18536,-2.7749,-0.12536,5e-05,-0.03112
7658.77,BTC-27SEP19,1560164340367,open,0.11,137.0,0.0685,0.157,0.11251912,73.27,0.118,0.0,BTC-27SEP19-7000-P,7665.26,71.25,0.1085,22.4,0.116,14.4,75.02,15.24737,-5.13042,-10.23458,0.00012,-0.33548
7658.77,BTC-27SEP19,1560164340367,open,0.18,185.7,0.137,0.2315,0.18417984,72.73,0.19,0.0,BTC-27SEP19-8000-P,7665.26,70.81,0.18,17.8,0.189,12.8,74.96,16.62159,-5.55196,-14.82125,0.00013,-0.46459
7658.77,BTC-27SEP19,1560164340367,open,0.74,28.2,0.7005,0.78,0.74009534,109.13,0.755,0.0,BTC-27SEP19-2000-C,7665.26,0.0,0.722,3.6,0.7565,3.6,178.43,0.64482,-0.32315,5.81486,0.0,0.99463
7658.77,BTC-27SEP19,1560164340367,open,0.02,120.7,0.0005,0.0545,0.01478744,78.5,0.016,0.0,BTC-27SEP19-15000-C,7665.26,77.59,0.014,1.0,0.016,22.0,79.86,6.67741,-2.40728,1.67153,5e-05,0.08795
7636.14,BTC-28JUN19,1560164340368,open,0.0,266.4,0.0005,0.0405,0.00085643,118.43,0.0005,0.0,BTC-28JUN19-4250-P,7665.26,0.0,0.0,0.0,0.0015,42.0,128.28,0.40952,-1.35654,-0.03675,1e-05,-0.00897
7658.77,BTC-27SEP19,1560164340366,open,0.42,1.6,0.3715,0.4855,0.42859688,73.65,0.4185,0.0,BTC-27DEC19-10000-P,7665.26,71.18,0.4215,10.8,0.434,10.8,75.52,22.08452,-4.06891,-42.54578,9e-05,-0.58585
7658.77,BTC-27SEP19,1560164340366,open,0.07,189.6,0.028,0.1075,0.06760919,76.43,0.0765,0.0,BTC-27DEC19-13000-C,7665.26,75.33,0.065,15.0,0.0705,14.4,77.63,18.27182,-3.49332,7.94136,7e-05,0.25696
7636.14,BTC-28JUN19,1560164340368,open,0.74,20.1,0.6985,0.778,0.73809351,165.94,0.578,0.0,BTC-28JUN19-2000-C,7665.26,0.0,0.729,6.0,0.748,6.0,383.29,0.00437,-0.02028,0.97923,0.0,0.99994
7658.77,BTC-27SEP19,1560164340368,open,0.02,200.6,0.0005,0.0585,0.01795042,80.13,0.0155,0.0,BTC-27SEP19-4500-P,7665.26,78.23,0.0165,18.0,0.0185,9.1,80.83,5.96888,-2.19644,-2.14163,4e-05,-0.07579
7636.14,BTC-28JUN19,1560164340368,open,0.0,520.6,0.0005,0.04,1.1e-07,135.0,0.0005,0.0,BTC-28JUN19-2000-P,7665.26,0.0,0.0,0.0,0.0005,22.0,240.37,0.00015,-0.00055,-1e-05,0.0,0.0
7658.77,BTC-27SEP19,1560164340367,open,0.45,6.6,0.4115,0.491,0.45109597,75.87,0.498,0.0,BTC-27DEC19-4500-C,7665.26,60.64,0.432,3.6,0.4695,3.6,88.39,10.63977,-2.01947,18.41789,4e-05,0.89025
7658.77,BTC-27SEP19,1560164340368,open,0.1,406.9,0.0575,0.137,0.09737372,72.73,0.0915,0.0,BTC-27SEP19-9000-C,7665.26,71.15,0.094,24.2,0.1005,10.8,74.19,16.33147,-5.45476,7.31914,0.00013,0.41775
7636.14,BTC-28JUN19,1560164340369,open,0.0,631.4,0.0005,0.0405,0.0009633,89.61,0.001,0.0,BTC-28JUN19-12000-C,7665.26,82.64,0.0005,38.3,0.0015,46.0,95.21,0.6262,-1.56962,0.05109,2e-05,0.01463
7636.14,BTC-28JUN19,1560164340369,open,0.0,278.8,0.0005,0.0405,0.00091998,109.01,0.0005,0.0,BTC-28JUN19-4500-P,7665.26,100.65,0.0005,9.0,0.0015,30.0,117.05,0.4648,-1.41716,-0.04221,1e-05,-0.01037
7658.77,BTC-27SEP19,1560164340366,open,0.05,125.6,0.013,0.097,0.05484812,74.49,0.0535,0.0,BTC-27DEC19-5000-P,7665.26,73.1,0.0525,10.0,0.057,18.0,75.75,13.03962,-2.42976,-8.46732,5e-05,-0.14704
7658.77,BTC-27SEP19,1560164340369,open,0.02,251.2,0.0005,0.0585,0.01883411,76.82,0.021,0.0,BTC-27SEP19-14000-C,7665.26,74.99,0.017,20.0,0.0205,22.1,78.41,7.85182,-2.77003,2.07669,6e-05,0.10974
7658.77,BTC-27SEP19,1560164340368,open,0.0,101.2,0.0005,0.042,0.0020319,104.45,0.0025,0.0,BTC-27DEC19-1500-P,7665.26,99.99,0.0015,1.0,0.0025,1.0,107.79,1.00396,-0.26233,-0.34877,0.0,-0.00628
7658.77,BTC-27SEP19,1560164340370,open,0.46,0.2,0.4195,0.499,0.459255,81.57,0.26,0.0,BTC-27SEP19-4250-C,7665.26,0.0,0.4425,3.6,0.475,3.6,101.68,5.06166,-1.89622,10.95498,4e-05,0.93878
7636.14,BTC-28JUN19,1560164340370,open,0.0,1255.2,0.0005,0.04,0.0,135.0,0.0005,0.0,BTC-28JUN19-1500-P,7665.26,0.0,0.0,0.0,0.0005,22.0,290.77,0.0,0.0,0.0,0.0,0.0
7665.26,index_price,1560164340366,open,0.0,82.3,0.0005,0.043,0.0033149,76.99,0.0055,0,BTC-21JUN19-9500-C,7665.26,69.77,0.002,53.0,0.0045,5.0,82.23,1.59196,-5.63457,0.13122,0.00012,0.06077
7636.14,BTC-28JUN19,1560164340371,open,0.0,685.1,0.0005,0.04,3.75e-06,135.0,0.001,0.0,BTC-28JUN19-2500-P,7665.26,0.0,0.0,0.0,0.0005,22.0,201.75,0.00353,-0.01334,-0.0002,0.0,-5e-05
7665.26,index_price,1560164340365,open,0.23,0.0,0.193,0.292,0.24261291,76.7,None,0,BTC-21JUN19-9500-P,7665.26,0.0,0.2315,6.0,0.257,6.0,119.49,1.57637,-5.55841,-2.70104,0.00012,-0.93999
7658.4,BTC-27SEP19,1560164340369,open,0.62,0.0,0.5795,0.659,0.61909143,84.0,None,0.0,BTC-27DEC19-3000-C,7665.26,0.0,0.5995,3.6,0.6385,3.6,110.41,4.32694,-0.90922,14.52788,2e-05,0.96551
7665.26,index_price,1560164340365,open,0.03,79.2,0.0005,0.071,0.03131694,71.33,0.031,0,BTC-21JUN19-8000-C,7665.26,65.53,0.0275,30.4,0.032,0.4,72.37,5.06771,-16.61944,0.81376,0.00041,0.38761
7665.26,index_price,1560164340365,open,0.22,0.0,0.18,0.2595,0.21979773,84.99,None,0,BTC-21JUN19-6000-C,7665.26,0.0,0.2065,6.0,0.23,6.0,126.82,1.1557,-4.51563,1.68907,8e-05,0.95933
7658.4,BTC-27SEP19,1560164340367,open,0.1,362.5,0.0595,0.139,0.09942468,74.51,0.0955,0.0,BTC-27DEC19-11000-C,7665.26,73.44,0.0965,20.0,0.1025,14.4,75.63,21.02608,-3.91909,10.57554,9e-05,0.3516
7658.4,BTC-27SEP19,1560164340368,open,0.03,181.1,0.0005,0.0725,0.03254608,82.08,0.033,0.0,BTC-27DEC19-18000-C,7665.26,80.79,0.0305,18.0,0.035,18.0,83.58,12.30214,-2.52597,4.29502,5e-05,0.13496
7658.4,BTC-27SEP19,1560164340369,open,0.41,55.9,0.362,0.4415,0.40199594,74.5,0.47,0.0,BTC-27DEC19-5000-C,7665.26,62.77,0.383,3.6,0.42,3.6,84.75,13.04104,-2.43033,18.91079,5e-05,0.85292
7665.26,index_price,1560164340366,open,0.0,371.9,0.0005,0.04,0.0002298,102.55,0.0005,0,BTC-14JUN19-10000-C,7665.26,0.0,0.0,0.0,0.0005,10.5,112.7,0.15165,-1.76144,0.00542,2e-05,0.00688
7658.4,BTC-27SEP19,1560164340368,open,0.04,49.6,0.0025,0.082,0.04209071,79.79,0.0485,0.0,BTC-27DEC19-16000-C,7665.26,78.66,0.04,14.4,0.0445,14.4,81.06,14.36116,-2.86631,5.37976,6e-05,0.17037
7658.4,BTC-27SEP19,1560164340366,open,0.02,95.7,0.0005,0.058,0.01776234,81.15,0.019,0.0,BTC-27DEC19-3500-P,7665.26,79.57,0.0165,34.6,0.019,18.0,82.64,6.24338,-1.26735,-3.02332,2e-05,-0.05433
7658.4,BTC-27SEP19,1560164340368,open,0.0,85.9,0.0005,0.0435,0.00376128,95.31,0.0065,0.0,BTC-27DEC19-2000-P,7665.26,89.18,0.0025,10.0,0.005,18.0,100.22,1.77345,-0.42284,-0.66209,1e-05,-0.01203
7658.4,BTC-27SEP19,1560164340372,open,0.03,152.7,0.0005,0.067,0.02634311,77.87,0.023,0.0,BTC-27DEC19-4000-P,7665.26,76.15,0.0245,10.0,0.028,18.0,79.38,8.30474,-1.61769,-4.39654,3e-05,-0.07849
7658.4,BTC-27SEP19,1560164340370,open,0.06,179.2,0.017,0.0965,0.05691745,77.49,0.0645,0.0,BTC-27DEC19-14000-C,7665.26,76.38,0.0545,14.4,0.0595,14.4,78.65,16.86936,-3.27002,6.92502,7e-05,0.22204
235.73,ETH-27SEP19,1560164340459,open,0.67,0.0,0.623,0.702,0.662629,95.03,None,0.0,ETH-27SEP19-80-C,233.99,0.0,0.642,12.0,0.681,12.0,151.4,0.03311,-0.01445,0.23048,0.00021,0.9904
234.08,ETH-28JUN19,1560164340459,open,0.0,1164.0,0.001,0.04,0.00094,118.31,0.001,0.0,ETH-28JUN19-440-C,233.99,0.0,0.0,0.0,0.002,280.0,130.49,0.01538,-0.05089,0.00119,0.00048,0.01132
235.73,ETH-27SEP19,1560164340459,open,0.02,705.0,0.001,0.061,0.021278,101.62,0.019,0.0,ETH-27SEP19-560-C,233.99,99.17,0.019,60.0,0.025,210.0,105.34,0.22596,-0.10545,0.05536,0.00134,0.10001
234.08,ETH-28JUN19,1560164340459,open,0.54,214.0,0.491,0.57,0.530914,148.92,0.552,0.0,ETH-28JUN19-110-C,233.99,0.0,0.52,60.0,0.541,60.0,232.82,0.01012,-0.04216,0.05297,0.00025,0.99298
235.69,ETH-27SEP19,1560164340460,open,0.25,814.0,0.206,0.305,0.255482,88.06,0.243,0.0,ETH-27SEP19-260-P,233.99,86.01,0.251,36.0,0.262,36.0,91.06,0.5132,-0.20755,-0.52093,0.00352,-0.48549
234.08,ETH-28JUN19,1560164340460,open,0.0,9802.0,0.001,0.041,0.00105,122.19,0.001,0.0,ETH-28JUN19-130-P,233.99,0.0,0.0,0.0,0.002,450.0,134.6,0.01434,-0.049,-0.00132,0.00044,-0.01044
234.08,ETH-28JUN19,1560164340460,open,0.0,4769.0,0.001,0.04,0.000524,125.4,0.001,0.0,ETH-28JUN19-120-P,233.99,0.0,0.0,0.0,0.001,200.0,136.27,0.00808,-0.02833,-0.00068,0.00024,-0.00544
233.99,index_price,1560164340459,open,0.03,16.0,0.001,0.069,0.029116,79.99,0.035,0,ETH-21JUN19-250-C,233.99,75.03,0.026,240.0,0.031,200.0,82.95,0.14813,-0.54473,0.02173,0.01135,0.3408
233.99,index_price,1560164340459,open,0.1,1.0,0.048,0.127,0.087622,78.51,0.069,0,ETH-21JUN19-220-C,233.99,72.43,0.084,60.0,0.091,60.0,84.09,0.14056,-0.50731,0.04265,0.01097,0.69941
235.69,ETH-27SEP19,1560164340461,open,0.08,996.0,0.04,0.119,0.079682,91.54,0.081,0.0,ETH-27SEP19-340-C,233.99,89.63,0.076,48.0,0.085,48.0,94.27,0.45702,-0.19213,0.16514,0.00301,0.31458
233.99,index_price,1560164340459,open,0.2,0.0,0.152,0.231,0.191999,82.08,None,0,ETH-21JUN19-190-C,233.99,0.0,0.182,60.0,0.202,60.0,116.35,0.04918,-0.18558,0.05203,0.00367,0.9383
233.99,index_price,1560164340459,open,0.0,1386.0,0.001,0.04,0.000834,87.11,0.002,0,ETH-14JUN19-280-C,233.99,0.0,0.0,0.0,0.002,602.0,101.42,0.01423,-0.15996,0.00061,0.00281,0.0253
235.69,ETH-27SEP19,1560164340462,open,0.06,1467.0,0.02,0.099,0.059756,93.48,0.064,0.0,ETH-27SEP19-380-C,233.99,91.88,0.057,48.0,0.065,189.0,96.48,0.40746,-0.17493,0.13246,0.00263,0.24817
233.99,index_price,1560164340459,open,0.16,0.0,0.114,0.193,0.153126,79.19,None,0,ETH-21JUN19-200-C,233.99,0.0,0.143,60.0,0.164,60.0,107.0,0.07687,-0.27987,0.05124,0.00595,0.88812
233.99,index_price,1560164340459,open,0.02,10.0,0.001,0.059,0.019005,80.68,0.018,0,ETH-21JUN19-260-C,233.99,76.95,0.017,240.0,0.022,440.0,86.09,0.12725,-0.47201,0.01583,0.00967,0.24599
233.99,index_price,1560164340459,open,0.31,0.0,0.274,0.379,0.326299,82.25,None,0,ETH-21JUN19-310-P,233.99,0.0,0.315,60.0,0.336,60.0,124.95,0.02599,-0.09829,-0.09051,0.00194,-0.97195
233.99,index_price,1560164340459,open,0.0,0.0,0.001,0.044,0.003861,81.42,None,0,ETH-21JUN19-190-P,233.99,76.98,0.003,200.0,0.005,400.0,86.58,0.04832,-0.18085,-0.00447,0.00364,-0.06032
233.99,index_price,1560164340459,open,0.14,17.0,0.11,0.201,0.155438,80.63,0.19,0,ETH-14JUN19-270-P,233.99,0.0,0.148,200.0,0.162,200.0,119.96,0.0234,-0.24346,-0.02756,0.00499,-0.95365
7665.26,index_price,1560164340500,open,0.01,613.0,0.0005,0.046,0.00588342,82.27,0.0055,0,BTC-14JUN19-7000-P,7665.26,78.16,0.005,36.0,0.007,64.9,87.16,1.69565,-17.99765,-0.11287,0.00033,-0.1328
7665.26,index_price,1560164340540,open,0.08,10.8,0.0405,0.1265,0.08362086,74.9,0.09,0,BTC-14JUN19-8250-P,7665.26,66.8,0.0815,6.0,0.087,0.1,86.77,2.07533,-20.0529,-0.73514,0.00044,-0.81962
7658.77,BTC-27SEP19,1560164340585,open,0.04,289.8,0.0005,0.0835,0.04199427,76.06,0.0415,0.0,BTC-27SEP19-5500-P,7665.26,74.53,0.04,14.4,0.044,17.4,77.57,10.07309,-3.51842,-4.55764,8e-05,-0.1575
7658.4,BTC-27SEP19,1560164340597,open,3.68,0.0,3.5225,3.8985,3.71052905,99.38,None,0.0,BTC-27DEC19-36000-P,7665.26,0.0,3.6605,3.6,3.761,3.6,139.82,5.00265,-1.24366,-195.81436,2e-05,-0.9588
7665.26,index_price,1560164340596,open,0.03,29.0,0.0005,0.065,0.02522997,73.71,0.026,0,BTC-14JUN19-7750-C,7665.26,68.19,0.023,23.0,0.0265,10.0,76.76,3.13321,-29.7927,0.3518,0.00068,0.45748
7665.26,index_price,1560164340599,open,0.0,82.3,0.0005,0.043,0.00331211,76.99,0.0055,0,BTC-21JUN19-9500-C,7665.26,69.77,0.002,63.0,0.0045,5.0,82.23,1.59196,-5.63457,0.13122,0.00012,0.06077
7658.77,BTC-27SEP19,1560164340607,open,0.07,189.6,0.028,0.1075,0.06761047,76.43,0.0765,0.0,BTC-27DEC19-13000-C,7665.26,75.33,0.065,25.0,0.0705,14.4,77.63,18.27182,-3.49332,7.94136,7e-05,0.25696
7665.26,index_price,1560164340650,open,0.03,29.0,0.0005,0.065,0.02522997,73.71,0.026,0,BTC-14JUN19-7750-C,7665.26,68.19,0.023,23.0,0.0265,15.0,76.76,3.13321,-29.7927,0.3518,0.00068,0.45748
235.73,ETH-27SEP19,1560164340707,open,0.0,1743.0,0.001,0.042,0.001945,94.63,0.003,0.0,ETH-27SEP19-80-P,233.99,86.26,0.001,200.0,0.003,60.0,101.26,0.03252,-0.01413,-0.00798,0.00021,-0.00941
235.73,ETH-27SEP19,1560164340748,open,0.02,7505.0,0.001,0.066,0.02501,87.2,0.023,0.0,ETH-27SEP19-140-P,233.99,82.58,0.021,188.0,0.025,60.0,87.18,0.21147,-0.08468,-0.08185,0.00146,-0.09139
7658.47,BTC-27SEP19,1560164341368,open,0.33,231.0,0.284,0.3635,0.32386329,76.07,0.3605,0.0,BTC-27SEP19-5500-C,7665.26,62.39,0.307,3.6,0.338,3.6,86.45,10.07469,-3.51959,11.8468,8e-05,0.84245
7658.47,BTC-27SEP19,1560164341370,open,0.52,0.0,0.479,0.5585,0.51889074,84.98,None,0.0,BTC-27SEP19-3750-C,7665.26,0.0,0.502,3.6,0.535,3.6,111.69,3.4806,-1.35836,10.1153,2e-05,0.96168
233.99,index_price,1560164341432,open,0.14,17.0,0.11,0.201,0.155627,80.63,0.19,0,ETH-14JUN19-270-P,233.99,0.0,0.148,200.0,0.163,230.0,124.3,0.0234,-0.24346,-0.02756,0.00499,-0.95365
7636.29,BTC-28JUN19,1560164341452,open,0.19,110.5,0.1475,0.2425,0.19495008,76.86,0.157,0.0,BTC-28JUN19-9000-P,7665.26,62.07,0.187,12.0,0.2025,6.0,88.7,4.5733,-9.83149,-3.76151,0.00021,-0.81085
234.05,ETH-28JUN19,1560164341459,open,0.0,598.0,0.001,0.04,0.00094,131.95,0.001,0.0,ETH-28JUN19-480-C,233.97,0.0,0.0,0.0,0.002,450.0,145.08,0.01421,-0.05246,0.00108,0.0004,0.01034
233.97,index_price,1560164341459,open,0.0,351.0,0.001,0.042,0.002481,81.6,0.003,0,ETH-21JUN19-300-C,233.97,70.07,0.001,500.0,0.004,400.0,89.64,0.03834,-0.14384,0.00297,0.00288,0.04509
233.97,index_price,1560164341459,open,0.0,606.0,0.001,0.041,0.001103,106.53,0.001,0,ETH-14JUN19-190-P,233.97,0.0,0.0,0.0,0.002,1180.0,118.66,0.01434,-0.19702,-0.00066,0.00231,-0.02552
233.97,index_price,1560164341459,open,0.0,0.0,0.001,0.041,0.001678,84.18,None,0,ETH-21JUN19-310-C,233.97,77.67,0.001,200.0,0.003,310.0,93.23,0.02837,-0.10979,0.00206,0.00207,0.03118
233.97,index_price,1560164341459,open,0.03,5.0,0.001,0.068,0.027728,78.28,0.027,0,ETH-21JUN19-220-P,233.97,72.02,0.024,240.0,0.03,440.0,82.05,0.14051,-0.50572,-0.02288,0.011,-0.30043
233.97,index_price,1560164341460,open,0.0,0.0,0.001,0.041,0.001923,85.25,None,0,ETH-21JUN19-180-P,233.97,76.27,0.001,200.0,0.003,400.0,92.9,0.0288,-0.11287,-0.00235,0.00207,-0.03175
233.97,index_price,1560164341459,open,0.0,120.0,0.001,0.04,0.000152,150.03,0.001,0,ETH-14JUN19-360-C,233.97,0.0,0.0,0.0,0.001,300.0,185.8,0.00245,-0.03554,8e-05,0.00028,0.00336
233.97,index_price,1560164341460,open,0.24,0.0,0.193,0.272,0.232659,85.77,None,0,ETH-21JUN19-180-C,233.97,0.0,0.223,60.0,0.243,60.0,131.98,0.02937,-0.1158,0.05123,0.0021,0.96749
233.97,index_price,1560164341459,open,0.04,57.0,0.006,0.089,0.047366,79.0,0.061,0,ETH-14JUN19-240-P,233.97,67.9,0.043,380.0,0.05,180.0,85.63,0.09269,-0.94475,-0.01626,0.02018,-0.60714
233.97,index_price,1560164341459,open,0.01,452.0,0.001,0.044,0.004341,81.6,0.005,0,ETH-21JUN19-290-C,233.97,75.46,0.003,500.0,0.006,400.0,87.97,0.05601,-0.21012,0.00479,0.00421,0.07301
233.97,index_price,1560164341459,open,0.0,5027.0,0.001,0.04,0.000586,108.7,0.002,0,ETH-14JUN19-300-C,233.97,0.0,0.0,0.0,0.001,300.0,117.38,0.00927,-0.12995,0.00036,0.00147,0.01526
233.97,index_price,1560164341459,open,0.13,0.0,0.078,0.157,0.117991,78.64,None,0,ETH-21JUN19-210-C,233.97,72.15,0.115,60.0,0.121,60.0,84.84,0.11092,-0.40104,0.04798,0.00865,0.80623
233.97,index_price,1560164341459,open,0.01,7.0,0.001,0.056,0.015465,78.48,0.015,0,ETH-21JUN19-210-P,233.97,73.15,0.013,240.0,0.017,240.0,81.68,0.11078,-0.3997,-0.01456,0.00865,-0.19336
233.97,index_price,1560164341459,open,0.0,306.0,0.001,0.04,0.000815,100.74,0.002,0,ETH-14JUN19-290-C,233.97,0.0,0.0,0.0,0.002,300.0,116.91,0.0126,-0.16376,0.00052,0.00215,0.02189
234.05,ETH-28JUN19,1560164341472,open,0.2,274.0,0.165,0.261,0.212892,81.47,0.203,0.0,ETH-28JUN19-280-P,233.97,70.65,0.207,100.0,0.222,200.0,95.88,0.13731,-0.31289,-0.11806,0.00628,-0.81703
234.05,ETH-28JUN19,1560164341552,open,0.08,5922.0,0.041,0.127,0.083893,78.9,0.072,0.0,ETH-28JUN19-240-P,233.97,74.48,0.08,269.0,0.087,380.0,82.43,0.20631,-0.45531,-0.06951,0.00975,-0.52251
7658.47,BTC-27SEP19,1560164341553,open,0.01,382.7,0.0005,0.046,0.00611184,85.86,0.006,0.0,BTC-27SEP19-3500-P,7665.26,84.09,0.0055,18.0,0.0065,7.7,86.94,2.72242,-1.07351,-0.78928,2e-05,-0.02844
235.67,ETH-27SEP19,1560164341544,open,0.73,0.0,0.68,0.819,0.749281,94.32,None,0.0,ETH-27SEP19-400-P,233.97,80.73,0.729,12.0,0.775,12.0,109.17,0.38195,-0.16545,-1.07446,0.00244,-0.77916
233.97,index_price,1560164341555,open,0.16,0.0,0.114,0.193,0.153,79.0,None,0,ETH-21JUN19-200-C,233.97,0.0,0.143,60.0,0.163,60.0,104.85,0.07668,-0.27849,0.05128,0.00595,0.8885
7636.43,BTC-28JUN19,1560164341576,open,0.51,30.0,0.4695,0.549,0.50945855,132.89,0.298,0.0,BTC-28JUN19-3750-C,7665.26,0.0,0.5005,6.0,0.519,6.0,216.9,0.25103,-0.93304,1.8153,1e-05,0.99485
7636.43,BTC-28JUN19,1560164341576,open,0.55,143.0,0.502,0.5815,0.54195829,135.24,0.55,0.0,BTC-28JUN19-3500-C,7665.26,0.0,0.533,6.0,0.552,6.0,236.4,0.15102,-0.57129,1.7021,0.0,0.99708
233.97,index_price,1560164341569,open,0.1,1.0,0.048,0.127,0.087517,78.42,0.069,0,ETH-21JUN19-220-C,233.97,72.52,0.084,60.0,0.09,60.0,82.53,0.14056,-0.50676,0.04265,0.01099,0.69934
234.05,ETH-28JUN19,1560164341580,open,0.86,0.0,0.806,0.955,0.880637,114.23,None,0.0,ETH-28JUN19-440-P,233.97,0.0,0.868,60.0,0.892,60.0,177.26,0.01244,-0.03975,-0.21455,0.00041,-0.99112
7636.43,BTC-28JUN19,1560164341609,open,0.02,857.9,0.0005,0.056,0.01634425,76.81,0.0175,0.0,BTC-28JUN19-9000-C,7665.26,76.24,0.016,40.6,0.0175,30.0,78.72,4.57141,-9.82182,0.6458,0.00021,0.18902
234.05,ETH-28JUN19,1560164341614,open,0.08,5922.0,0.041,0.127,0.083893,78.9,0.072,0.0,ETH-28JUN19-240-P,233.97,74.48,0.08,369.0,0.087,380.0,82.43,0.20631,-0.45531,-0.06951,0.00975,-0.52251
233.97,index_price,1560164341620,open,0.48,0.0,0.437,0.555,0.496062,140.58,None,0,ETH-14JUN19-350-P,233.97,0.0,0.486,60.0,0.505,60.0,257.55,0.00246,-0.04462,-0.03708,0.0003,-0.99661
7665.26,index_price,1560164341655,open,0.08,10.8,0.0405,0.1265,0.08362091,74.9,0.09,0,BTC-14JUN19-8250-P,7665.26,64.68,0.081,6.1,0.087,0.1,86.77,2.07533,-20.0529,-0.73514,0.00044,-0.81962
234.05,ETH-28JUN19,1560164341650,open,0.37,481.0,0.321,0.4,0.36026,96.45,0.46,0.0,ETH-28JUN19-150-C,233.97,0.0,0.35,60.0,0.37,60.0,149.63,0.01874,-0.05056,0.0717,0.00072,0.98577
234.03,ETH-28JUN19,1560164341661,open,0.33,924.0,0.279,0.358,0.318348,92.05,0.35,0.0,ETH-28JUN19-160-C,233.97,0.0,0.307,60.0,0.328,60.0,134.54,0.02976,-0.07664,0.07532,0.00121,0.9755
235.69,ETH-27SEP19,1560164341666,open,1.05,0.0,0.986,1.15,1.068258,97.83,None,0.0,ETH-27SEP19-480-P,233.97,76.16,1.047,12.0,1.096,12.0,117.29,0.29158,-0.131,-1.35306,0.0018,-0.85633
235.69,ETH-27SEP19,1560164341674,open,1.37,0.0,1.301,1.492,1.396864,101.2,None,0.0,ETH-27SEP19-560-P,233.97,0.0,1.374,12.0,1.426,12.0,125.49,0.22362,-0.10393,-1.61576,0.00133,-0.90138
233.97,index_price,1560164341682,open,0.23,53.0,0.191,0.289,0.240184,98.68,0.173,0,ETH-14JUN19-290-P,233.97,0.0,0.23,60.0,0.249,60.0,166.08,0.01152,-0.14661,-0.03032,0.00201,-0.98032
233.97,index_price,1560164341689,open,0.31,0.0,0.274,0.379,0.326521,83.23,None,0,ETH-21JUN19-310-P,233.97,0.0,0.316,60.0,0.336,60.0,124.64,0.02717,-0.10396,-0.09041,0.002,-0.97041
235.69,ETH-27SEP19,1560164341696,open,1.21,0.0,1.143,1.321,1.232101,99.84,None,0.0,ETH-27SEP19-520-P,233.97,69.4,1.21,12.0,1.26,12.0,121.23,0.25643,-0.11758,-1.48538,0.00155,-0.8807
233.97,index_price,1560164341710,open,0.35,0.0,0.314,0.423,0.368521,82.63,None,0,ETH-21JUN19-320-P,233.97,0.0,0.358,60.0,0.378,60.0,132.04,0.01688,-0.06414,-0.09423,0.00125,-0.98317
7658.54,BTC-27SEP19,1560164341725,open,0.25,58.1,0.208,0.2875,0.24764516,72.31,0.2385,0.0,BTC-27DEC19-7000-C,7665.26,71.51,0.2455,5.0,0.251,5.0,73.56,20.56324,-3.71953,17.64696,9e-05,0.66843
233.97,index_price,1560164341724,open,0.23,0.0,0.194,0.293,0.24371,81.16,None,0,ETH-21JUN19-290-P,233.97,0.0,0.233,60.0,0.255,60.0,114.64,0.0553,-0.20632,-0.0817,0.00418,-0.92819
233.97,index_price,1560164341740,open,0.35,0.0,0.314,0.422,0.368191,129.42,None,0,ETH-14JUN19-320-P,233.97,0.0,0.357,60.0,0.377,60.0,215.67,0.00713,-0.11899,-0.03371,0.00095,-0.98874
234.05,ETH-28JUN19,1560164341755,open,1.03,0.0,0.97,1.133,1.051521,127.1,None,0.0,ETH-28JUN19-480-P,233.97,0.0,1.038,60.0,1.064,60.0,198.31,0.01125,-0.03998,-0.23425,0.00033,-0.99209
7636.43,BTC-28JUN19,1560164341762,open,0.29,148.2,0.2425,0.322,0.28214084,83.52,0.36,0.0,BTC-28JUN19-5500-C,7665.26,0.0,0.274,6.0,0.2925,6.0,123.0,1.17772,-2.75126,2.56924,5e-05,0.96912
233.97,index_price,1560164341762,open,0.4,0.0,0.355,0.467,0.410939,140.48,None,0,ETH-14JUN19-330-P,233.97,0.0,0.401,60.0,0.419,60.0,226.36,0.00678,-0.12286,-0.03479,0.00083,-0.98937
235.67,ETH-27SEP19,1560164341771,open,0.75,0.0,0.707,0.786,0.746453,108.73,0.01,0.0,ETH-27SEP19-60-C,233.97,0.0,0.725,12.0,0.765,12.0,186.76,0.01745,-0.00871,0.17497,0.0001,0.99535
234.05,ETH-28JUN19,1560164341777,open,0.86,0.0,0.806,0.955,0.880637,114.23,None,0.0,ETH-28JUN19-440-P,233.97,0.0,0.868,60.0,0.893,60.0,180.27,0.01244,-0.03975,-0.21455,0.00041,-0.99112
234.05,ETH-28JUN19,1560164341782,open,0.13,2313.0,0.099,0.189,0.143871,81.64,0.128,0.0,ETH-28JUN19-260-P,233.97,76.64,0.14,180.0,0.147,180.0,85.61,0.18311,-0.41813,-0.09541,0.00836,-0.68852
235.67,ETH-27SEP19,1560164341788,open,0.44,38.0,0.393,0.508,0.450669,90.59,0.402,0.0,ETH-27SEP19-320-P,233.97,78.66,0.427,36.0,0.479,36.0,104.24,0.47937,-0.19943,-0.76997,0.00319,-0.64463
7658.54,BTC-27SEP19,1560164341793,open,0.02,194.8,0.0005,0.056,0.01614468,90.81,0.0185,0.0,BTC-27DEC19-26000-C,7665.26,89.09,0.0145,28.0,0.018,18.0,92.64,7.53109,-1.71088,2.21943,3e-05,0.06907
233.97,index_price,1560164341813,open,0.2,0.0,0.152,0.231,0.191872,81.78,None,0,ETH-21JUN19-190-C,233.97,0.0,0.181,60.0,0.202,60.0,116.5,0.04882,-0.18356,0.05208,0.00366,0.93886
235.67,ETH-27SEP19,1560164341820,open,0.19,1730.0,0.152,0.247,0.199252,87.19,0.192,0.0,ETH-27SEP19-240-P,233.97,85.2,0.195,36.0,0.206,36.0,90.36,0.50334,-0.20155,-0.43588,0.00348,-0.42079
7636.43,BTC-28JUN19,1560164341830,open,0.0,793.3,0.0005,0.04,0.00047171,115.9,0.0005,0.0,BTC-28JUN19-15000-C,7665.26,0.0,0.0,0.0,0.001,58.0,126.16,0.29342,-0.95126,0.02121,1e-05,0.00614
235.69,ETH-27SEP19,1560164341831,open,0.51,31.0,0.462,0.582,0.52202,91.42,0.368,0.0,ETH-27SEP19-340-P,233.97,79.09,0.499,36.0,0.55,36.0,105.42,0.45673,-0.19176,-0.8492,0.00301,-0.68588
235.67,ETH-27SEP19,1560164341836,open,0.51,47.0,0.463,0.542,0.502619,87.29,0.564,0.0,ETH-27SEP19-120-C,233.97,0.0,0.481,12.0,0.52,12.0,112.41,0.13073,-0.0524,0.31517,0.0009,0.95095
235.69,ETH-27SEP19,1560164341846,open,1.37,0.0,1.301,1.492,1.396864,101.2,None,0.0,ETH-27SEP19-560-P,233.97,0.0,1.374,12.0,1.427,12.0,126.19,0.22362,-0.10393,-1.61576,0.00133,-0.90138
233.97,index_price,1560164341848,open,0.13,0.0,0.078,0.157,0.117991,78.64,None,0,ETH-21JUN19-210-C,233.97,72.15,0.115,60.0,0.12,60.0,82.81,0.11092,-0.40104,0.04798,0.00865,0.80623
233.97,index_price,1560164341858,open,0.35,0.0,0.314,0.423,0.368521,82.63,None,0,ETH-21JUN19-320-P,233.97,0.0,0.358,60.0,0.379,60.0,135.18,0.01688,-0.06414,-0.09423,0.00125,-0.98317
233.97,index_price,1560164341864,open,0.27,61.0,0.232,0.333,0.282692,105.74,0.285,0,ETH-14JUN19-300-P,233.97,0.0,0.273,60.0,0.291,60.0,180.2,0.00806,-0.10992,-0.03154,0.00131,-0.98702
233.97,index_price,1560164341872,open,0.35,0.0,0.314,0.422,0.368191,129.42,None,0,ETH-14JUN19-320-P,233.97,0.0,0.358,60.0,0.377,60.0,215.67,0.00713,-0.11899,-0.03371,0.00095,-0.98874
233.97,index_price,1560164341878,open,0.16,0.0,0.114,0.193,0.153,79.0,None,0,ETH-21JUN19-200-C,233.97,0.0,0.142,60.0,0.163,60.0,104.85,0.07668,-0.27849,0.05128,0.00595,0.8885
235.67,ETH-27SEP19,1560164341884,open,0.89,0.0,0.831,0.983,0.90722,96.13,None,0.0,ETH-27SEP19-440-P,233.97,78.83,0.886,12.0,0.934,12.0,113.19,0.33423,-0.14754,-1.21628,0.0021,-0.82296
233.97,index_price,1560164341889,open,0.16,60.0,0.108,0.187,0.147037,92.63,0.204,0,ETH-14JUN19-200-C,233.97,0.0,0.137,60.0,0.156,60.0,146.7,0.02301,-0.27496,0.02006,0.00427,0.95461
233.97,index_price,1560164341895,open,0.4,0.0,0.355,0.467,0.410939,140.48,None,0,ETH-14JUN19-330-P,233.97,0.0,0.401,60.0,0.42,60.0,232.31,0.00678,-0.12286,-0.03479,0.00083,-0.98937
234.03,ETH-28JUN19,1560164341900,open,0.66,0.0,0.619,0.698,0.658209,154.56,None,0.0,ETH-28JUN19-80-C,233.97,0.0,0.647,60.0,0.669,60.0,317.72,0.00087,-0.00374,0.03912,2e-05,0.99953
234.05,ETH-28JUN19,1560164341906,open,0.08,5922.0,0.041,0.127,0.083893,78.9,0.072,0.0,ETH-28JUN19-240-P,233.97,74.48,0.08,369.0,0.087,200.0,82.43,0.20631,-0.45531,-0.06951,0.00975,-0.52251
233.97,index_price,1560164341913,open,0.24,0.0,0.193,0.272,0.232659,85.77,None,0,ETH-21JUN19-180-C,233.97,0.0,0.223,60.0,0.242,60.0,128.69,0.02937,-0.1158,0.05123,0.0021,0.96749
7636.43,BTC-28JUN19,1560164341931,open,0.0,318.6,0.0005,0.0405,0.00092773,99.08,0.0015,0.0,BTC-28JUN19-4750-P,7665.26,91.26,0.0005,8.7,0.0015,40.0,106.39,0.50692,-1.40484,-0.04631,2e-05,-0.01145
7658.54,BTC-27SEP19,1560164341935,open,0.06,278.5,0.018,0.1025,0.06039652,74.69,0.057,0.0,BTC-27SEP19-6000-P,7665.26,73.17,0.058,17.4,0.0625,17.4,76.02,12.09538,-4.14896,-6.20465,9e-05,-0.21121
234.03,ETH-28JUN19,1560164341933,open,0.52,0.0,0.478,0.6,0.538869,81.1,None,0.0,ETH-28JUN19-360-P,233.97,0.0,0.528,60.0,0.551,60.0,136.14,0.01435,-0.03255,-0.17518,0.00066,-0.98955
234.05,ETH-28JUN19,1560164341939,open,0.54,214.0,0.491,0.57,0.530815,147.99,0.552,0.0,ETH-28JUN19-110-C,233.97,0.0,0.519,60.0,0.541,60.0,233.09,0.0098,-0.04057,0.053,0.00025,0.99323
7658.54,BTC-27SEP19,1560164341944,open,0.03,234.1,0.0005,0.0665,0.0268899,84.87,0.0285,0.0,BTC-27DEC19-20000-C,7665.26,84.24,0.026,6.5,0.028,18.0,85.65,10.81576,-2.29629,3.58201,4e-05,0.1123
234.05,ETH-28JUN19,1560164341945,open,0.37,481.0,0.321,0.4,0.36026,96.45,0.46,0.0,ETH-28JUN19-150-C,233.97,0.0,0.349,60.0,0.37,60.0,149.63,0.01874,-0.05056,0.0717,0.00072,0.98577
235.69,ETH-27SEP19,1560164341958,open,0.51,31.0,0.462,0.583,0.522225,91.42,0.368,0.0,ETH-27SEP19-340-P,233.97,79.09,0.499,36.0,0.551,36.0,105.91,0.45673,-0.19176,-0.8492,0.00301,-0.68588
233.97,index_price,1560164341971,open,0.31,0.0,0.274,0.379,0.326631,83.23,None,0,ETH-21JUN19-310-P,233.97,0.0,0.316,60.0,0.337,60.0,127.57,0.02717,-0.10396,-0.09041,0.002,-0.97041
234.05,ETH-28JUN19,1560164341978,open,0.69,0.0,0.642,0.778,0.709963,99.6,None,0.0,ETH-28JUN19-400-P,233.97,0.0,0.697,60.0,0.722,60.0,159.89,0.01397,-0.03891,-0.19482,0.00052,-0.98986
235.69,ETH-27SEP19,1560164341984,open,1.21,0.0,1.143,1.321,1.232101,99.84,None,0.0,ETH-27SEP19-520-P,233.97,69.4,1.21,12.0,1.261,12.0,121.89,0.25643,-0.11758,-1.48538,0.00155,-0.8807
233.97,index_price,1560164341990,open,0.04,57.0,0.006,0.089,0.047422,79.0,0.061,0,ETH-14JUN19-240-P,233.97,70.46,0.044,180.0,0.05,180.0,85.63,0.09269,-0.94475,-0.01626,0.02018,-0.60714
234.05,ETH-28JUN19,1560164341996,open,1.11,0.0,1.052,1.222,1.136915,124.25,None,0.0,ETH-28JUN19-500-P,233.97,0.0,1.123,60.0,1.15,60.0,208.19,0.00663,-0.02303,-0.24441,0.0002,-0.99564
235.67,ETH-27SEP19,1560164342004,open,0.06,1467.0,0.02,0.099,0.059677,93.46,0.064,0.0,ETH-27SEP19-380-C,233.97,91.89,0.057,48.0,0.064,48.0,95.92,0.40728,-0.1748,0.13238,0.00263,0.24801
234.05,ETH-28JUN19,1560164342011,open,0.36,51.0,0.317,0.426,0.371432,83.6,0.396,0.0,ETH-28JUN19-320-P,233.97,0.0,0.36,60.0,0.384,60.0,117.32,0.05762,-0.13473,-0.15088,0.00257,-0.945
233.97,index_price,1560164342018,open,0.08,0.0,0.03,0.109,0.069643,78.19,0.069,0,ETH-14JUN19-220-C,233.97,68.73,0.067,60.0,0.072,60.0,85.71,0.0696,-0.70205,0.01788,0.01531,0.78941
233.97,index_price,1560164342026,open,0.07,213.0,0.036,0.121,0.078529,79.26,0.1,0,ETH-14JUN19-250-P,233.97,70.91,0.076,60.0,0.081,60.0,87.34,0.07148,-0.73095,-0.02131,0.01551,-0.77949
235.67,ETH-27SEP19,1560164342033,open,0.11,2206.0,0.069,0.148,0.10892,89.74,0.1,0.0,ETH-27SEP19-300-C,233.97,87.84,0.105,136.0,0.114,36.0,92.1,0.49801,-0.20523,0.20619,0.00335,0.4023
233.97,index_price,1560164342053,open,0.03,417.0,0.001,0.061,0.021649,79.22,0.023,0,ETH-14JUN19-240-C,233.97,69.88,0.018,440.0,0.025,240.0,87.56,0.09272,-0.94765,0.00923,0.02013,0.39324
235.67,ETH-27SEP19,1560164342055,open,0.1,3153.0,0.065,0.152,0.108335,87.2,0.105,0.0,ETH-27SEP19-200-P,233.97,84.86,0.104,170.0,0.111,48.0,88.67,0.43331,-0.17352,-0.273,0.003,-0.28004
233.97,index_price,1560164342055,open,0.03,417.0,0.001,0.061,0.021649,79.22,0.023,0,ETH-14JUN19-240-C,233.97,69.88,0.018,440.0,0.025,352.0,87.56,0.09272,-0.94765,0.00923,0.02013,0.39324
7658.54,BTC-27SEP19,1560164342191,open,0.61,226.1,0.5725,0.652,0.61206943,92.33,0.585,0.0,BTC-27SEP19-3000-C,7665.26,0.0,0.595,3.6,0.6285,3.6,133.05,1.79884,-0.76274,8.46463,1e-05,0.9826
7658.54,BTC-27SEP19,1560164342218,open,0.12,439.6,0.083,0.1625,0.12288356,73.65,0.117,0.0,BTC-27DEC19-10000-C,7665.26,72.47,0.1195,20.0,0.1265,10.8,74.9,22.08338,-4.06848,12.21358,9e-05,0.41411
7658.54,BTC-27SEP19,1560164342218,open,0.74,0.0,0.703,0.7825,0.74262264,95.35,None,0.0,BTC-27DEC19-2000-C,7665.26,0.0,0.7225,3.6,0.7625,3.6,142.57,1.77564,-0.42352,10.28896,1e-05,0.98796
235.67,ETH-27SEP19,1560164342275,open,0.0,1743.0,0.001,0.042,0.001947,94.63,0.003,0.0,ETH-27SEP19-80-P,233.97,86.24,0.001,300.0,0.003,60.0,101.24,0.03255,-0.01414,-0.00799,0.00021,-0.00942
7636.43,BTC-28JUN19,1560164342345,open,0.03,1036.4,0.0005,0.0705,0.02977429,74.41,0.028,0.0,BTC-28JUN19-7000-P,7665.26,71.98,0.028,5.0,0.0315,30.0,76.76,5.5948,-11.64534,-1.12367,0.00026,-0.27068
7636.43,BTC-28JUN19,1560164342365,open,0.13,263.5,0.095,0.186,0.14061344,75.22,0.1645,0.0,BTC-28JUN19-8500-P,7664.8,67.61,0.135,5.0,0.149,5.0,86.06,5.76243,-12.12452,-3.1901,0.00027,-0.71238
7636.43,BTC-28JUN19,1560164342365,open,0.0,249.7,0.0005,0.043,0.00313095,80.8,0.002,0.0,BTC-28JUN19-10500-C,7664.8,74.73,0.002,76.1,0.004,36.0,84.63,1.61257,-3.64456,0.15799,7e-05,0.04537
7636.43,BTC-28JUN19,1560164342365,open,0.01,1349.3,0.0005,0.045,0.00537538,79.23,0.0045,0.0,BTC-28JUN19-10000-C,7664.8,76.26,0.0045,36.0,0.0065,46.0,82.7,2.35549,-5.22011,0.25476,0.0001,0.0735
7658.54,BTC-27SEP19,1560164342365,open,0.01,259.9,0.0005,0.0445,0.00475767,83.9,0.005,0.0,BTC-27SEP19-20000-C,7664.8,80.28,0.0035,33.0,0.006,21.0,86.91,2.92738,-1.12791,0.60036,2e-05,0.03104
7636.43,BTC-28JUN19,1560164342366,open,0.0,94.5,0.0005,0.04,0.00012015,135.0,0.002,0.0,BTC-28JUN19-3250-P,7664.8,0.0,0.0,0.0,0.001,22.0,170.81,0.07293,-0.2754,-0.00535,0.0,-0.00131
7636.43,BTC-28JUN19,1560164342366,open,0.01,199.6,0.0005,0.049,0.00929776,77.74,0.0085,0.0,BTC-28JUN19-9500-C,7664.8,75.88,0.0085,2.6,0.0105,30.0,80.41,3.34762,-7.27888,0.40783,0.00015,0.11835
7658.54,BTC-27SEP19,1560164342366,open,0.55,261.1,0.5095,0.589,0.5491194,85.9,0.549,0.0,BTC-27SEP19-3500-C,7664.8,0.0,0.5325,3.6,0.566,3.6,118.19,2.72577,-1.07532,9.64958,2e-05,0.97152
7658.54,BTC-27SEP19,1560164342366,open,0.38,793.4,0.3355,0.415,0.37509599,77.75,0.361,0.0,BTC-27SEP19-5000-C,7664.8,58.56,0.358,3.6,0.39,3.6,91.11,7.96291,-2.84329,11.71906,6e-05,0.88809
7658.54,BTC-27SEP19,1560164342366,open,0.0,189.6,0.0005,0.0425,0.00267995,89.11,0.003,0.0,BTC-27SEP19-24000-C,7664.8,83.12,0.0015,18.0,0.004,41.9,93.91,1.82536,-0.74696,0.34315,1e-05,0.0177
7636.43,BTC-28JUN19,1560164342366,open,0.68,24.4,0.633,0.7125,0.67262907,140.56,0.5115,0.0,BTC-28JUN19-2500-C,7664.8,0.0,0.6635,6.0,0.6825,6.0,322.75,0.00606,-0.02384,1.224,0.0,0.99991
7658.54,BTC-27SEP19,1560164342366,open,0.0,42.8,0.0005,0.045,0.00492618,89.28,0.003,0.0,BTC-27SEP19-3250-P,7664.8,85.94,0.004,18.0,0.005,5.4,89.53,2.25078,-0.92286,-0.6302,1e-05,-0.02266
7664.8,index_price,1560164342365,open,0.06,4.0,0.0205,0.1,0.06008254,71.35,0.053,0,BTC-21JUN19-7500-C,7664.8,66.0,0.0565,0.4,0.0615,0.4,73.47,5.13083,-16.83149,1.21956,0.00041,0.59408
7636.43,BTC-28JUN19,1560164342367,open,0.0,849.9,0.0005,0.04,4.487e-05,135.0,0.001,0.0,BTC-28JUN19-3000-P,7664.8,0.0,0.0,0.0,0.001,22.0,185.66,0.03142,-0.11865,-0.00213,0.0,-0.00053
7664.8,index_price,1560164342365,open,0.02,67.0,0.0005,0.0545,0.01479588,71.91,0.017,0,BTC-21JUN19-8500-C,7664.8,68.33,0.013,30.0,0.017,38.0,76.14,3.92058,-12.96122,0.46934,0.00031,0.2203
7658.08,BTC-27SEP19,1560164342365,open,0.01,10.0,0.0005,0.0515,0.01183181,96.66,0.0285,0.0,BTC-27DEC19-32000-C,7664.8,94.86,0.0105,10.0,0.0135,18.0,98.74,5.87641,-1.42089,1.6149,2e-05,0.05034
7658.08,BTC-27SEP19,1560164342368,open,0.0,420.5,0.0005,0.041,0.00123739,109.16,0.0035,0.0,BTC-27SEP19-2000-P,7664.8,97.6,0.0005,5.0,0.0015,8.7,112.08,0.64603,-0.32386,-0.15127,0.0,-0.00538
7664.8,index_price,1560164342365,open,0.01,94.4,0.0005,0.052,0.01156835,78.81,0.0095,0,BTC-14JUN19-7250-P,7664.8,73.77,0.01,30.0,0.013,46.6,83.29,2.42153,-24.62148,-0.19988,0.00049,-0.23402
7658.08,BTC-27SEP19,1560164342366,open,0.16,83.0,0.1155,0.208,0.16165387,72.3,0.1595,0.0,BTC-27DEC19-7000-P,7664.8,70.75,0.1575,5.0,0.165,14.4,73.54,20.56316,-3.71887,-20.68594,9e-05,-0.33162
7664.8,index_price,1560164342365,open,0.3,2.0,0.2545,0.3585,0.30630273,80.08,0.312,0,BTC-21JUN19-10000-P,7664.8,0.0,0.295,6.0,0.321,6.0,133.98,0.94518,-3.47995,-2.91071,7e-05,-0.96818
7658.08,BTC-27SEP19,1560164342371,open,0.01,1038.2,0.0005,0.0545,0.01418413,81.58,0.0115,0.0,BTC-27SEP19-4250-P,7664.8,79.75,0.013,18.0,0.015,9.5,82.8,5.06326,-1.89692,-1.72312,4e-05,-0.06125
7664.8,index_price,1560164342365,open,0.0,370.2,0.0005,0.041,0.00148659,87.77,0.0015,0,BTC-14JUN19-9000-C,7664.8,81.86,0.001,0.5,0.002,28.2,92.88,0.70523,-7.98564,0.0328,0.00013,0.04179
7664.8,index_price,1560164342365,open,0.02,203.5,0.0005,0.0615,0.02095575,75.04,0.019,0,BTC-14JUN19-7500-P,7664.8,70.02,0.019,36.5,0.023,0.6,80.26,2.99391,-28.98389,-0.32192,0.00064,-0.37458
7664.8,index_price,1560164342365,open,0.0,110.8,0.0005,0.0415,0.0019587,79.52,0.002,0,BTC-14JUN19-8750-C,7664.8,75.38,0.0015,30.6,0.0025,10.7,83.78,0.91167,-9.35306,0.04532,0.00018,0.05764
7664.8,index_price,1560164342365,open,0.04,28.7,0.0005,0.08,0.03852293,71.27,0.035,0,BTC-21JUN19-7500-P,7664.8,68.99,0.037,9.4,0.041,0.4,74.96,5.13066,-16.81023,-1.01491,0.00041,-0.40587
7664.8,index_price,1560164342365,open,0.0,385.0,0.0005,0.0435,0.00384741,77.4,0.0035,0,BTC-14JUN19-8500-C,7664.8,72.6,0.003,40.5,0.0045,16.8,80.77,1.43007,-14.2791,0.08182,0.0003,0.10438
7664.8,index_price,1560164342365,open,0.0,290.6,0.0005,0.04,0.00030752,122.77,0.0005,0,BTC-14JUN19-10500-C,7664.8,0.0,0.0,0.0,0.0005,22.0,130.16,0.16666,-2.3571,0.00598,2e-05,0.00766
7658.08,BTC-27SEP19,1560164342367,open,0.01,158.7,0.0005,0.051,0.01080366,83.97,0.0105,0.0,BTC-27DEC19-3000-P,7664.8,80.63,0.009,38.0,0.0125,28.0,86.87,4.32404,-0.90829,-1.89846,2e-05,-0.03447
7658.08,BTC-27SEP19,1560164342368,open,0.02,81.6,0.0005,0.059,0.01901762,89.19,0.021,0.0,BTC-27DEC19-24000-C,7664.8,88.25,0.018,0.1,0.0205,18.0,90.5,8.47554,-1.89093,2.58406,3e-05,0.08064
7658.08,BTC-27SEP19,1560164342370,open,0.81,0.0,0.7665,0.846,0.80616886,104.51,None,0.0,BTC-27DEC19-1500-C,7664.8,0.0,0.7855,3.6,0.826,3.6,169.03,1.00661,-0.26317,7.86416,0.0,0.9937
7658.54,BTC-27SEP19,1560164342402,open,0.27,73.9,0.222,0.323,0.27250168,72.72,0.27,0.0,BTC-27SEP19-9000-P,7664.8,70.84,0.2685,12.8,0.278,7.0,75.29,16.33044,-5.45367,-19.52785,0.00013,-0.58231
7664.8,index_price,1560164342434,open,0.02,218.8,0.0005,0.0535,0.01387401,73.7,0.0135,0,BTC-14JUN19-8000-C,7664.8,68.4,0.012,26.5,0.0155,16.6,78.2,2.7444,-26.09454,0.23253,0.0006,0.29958
7635.97,BTC-28JUN19,1560164342525,open,0.0,944.4,0.0005,0.041,0.00105315,91.14,0.001,0.0,BTC-28JUN19-5000-P,7664.8,82.3,0.0005,55.7,0.0015,10.0,96.2,0.59914,-1.52736,-0.0559,2e-05,-0.01389
7658.08,BTC-27SEP19,1560164342603,open,0.2,189.2,0.1545,0.234,0.19446468,72.46,0.196,0.0,BTC-27DEC19-8000-C,7664.8,70.92,0.19,15.0,0.1985,10.8,73.85,22.21766,-4.02735,15.91692,0.0001,0.57403
7658.08,BTC-27SEP19,1560164342605,open,0.59,6.1,0.5375,0.665,0.60141241,74.65,1.781,0.0,BTC-27SEP19-12000-P,7664.8,61.97,0.585,3.6,0.623,3.6,88.2,11.15178,-3.82322,-32.36315,9e-05,-0.81534
7658.08,BTC-27SEP19,1560164342607,open,0.32,122.6,0.2765,0.356,0.31613775,72.81,0.41,0.0,BTC-27DEC19-6000-C,7664.8,64.53,0.2975,5.0,0.3355,3.6,81.26,17.41737,-3.1722,18.82004,7e-05,0.76494
7658.08,BTC-27SEP19,1560164342610,open,0.99,0.0,0.9275,1.0875,1.00735706,78.59,None,0.0,BTC-27DEC19-15000-P,7664.8,64.32,0.982,3.6,1.0325,3.6,90.06,15.55035,-3.05732,-76.0634,6e-05,-0.80652
7664.8,index_price,1560164342628,open,0.12,0.1,0.079,0.1685,0.12374926,71.78,0.1235,0,BTC-21JUN19-8500-P,7664.8,65.31,0.1205,15.0,0.1375,6.0,96.49,3.91567,-12.92156,-2.06431,0.00031,-0.78018
7635.97,BTC-28JUN19,1560164342642,open,1.6,0.4,1.5145,1.7235,1.61910637,0.0,5.076,0.0,BTC-28JUN19-20000-P,7664.8,0.0,1.5975,6.0,1.6315,6.0,242.78,0.0,0.0,-9.7949,0.0,-1.0
7664.8,index_price,1560164342648,open,0.36,0.0,0.3165,0.4255,0.37094488,84.84,None,0,BTC-21JUN19-10500-P,7664.8,0.0,0.3595,6.0,0.3855,6.0,147.96,0.61197,-2.38696,-3.08755,4e-05,-0.98105
7658.08,BTC-27SEP19,1560164342650,open,0.87,0.0,0.81,0.96,0.8850382,77.42,None,0.0,BTC-27DEC19-14000-P,7664.8,65.22,0.8605,3.6,0.9095,3.6,87.94,16.85183,-3.26362,-69.74932,7e-05,-0.77834
7658.08,BTC-27SEP19,1560164342693,open,0.51,27.1,0.4645,0.544,0.50402766,77.91,0.542,0.0,BTC-27DEC19-4000-C,7664.8,55.88,0.485,3.6,0.523,3.6,93.71,8.31014,-1.61955,17.50288,3e-05,0.92144
7664.8,index_price,1560164342698,open,0.3,0.0,0.253,0.357,0.30489458,97.98,None,0,BTC-14JUN19-10000-P,7664.8,0.0,0.2975,6.0,0.3135,6.0,189.37,0.11192,-1.41473,-1.05798,2e-05,-0.99511
7658.08,BTC-27SEP19,1560164342700,open,1.37,0.0,1.288,1.478,1.3829963,82.02,None,0.0,BTC-27DEC19-18000-P,7664.8,52.93,1.3535,3.6,1.412,3.6,97.6,12.28341,-2.52024,-94.28192,5e-05,-0.86533
7658.08,BTC-27SEP19,1560164342716,open,0.07,866.9,0.028,0.1075,0.06799516,73.11,0.068,0.0,BTC-27SEP19-10000-C,7664.8,71.56,0.065,39.5,0.071,17.4,74.63,14.95109,-5.01993,5.74899,0.00012,0.31969
7658.54,BTC-27SEP19,1560164342738,open,0.04,289.8,0.0005,0.0835,0.04200026,76.05,0.0415,0.0,BTC-27SEP19-5500-P,7664.8,74.14,0.0395,14.4,0.044,17.4,77.57,10.07299,-3.51807,-4.55755,8e-05,-0.15751
7664.8,index_price,1560164342749,open,0.02,26.8,0.0005,0.0575,0.01717776,74.09,0.0155,0,BTC-21JUN19-7000-P,7664.8,70.79,0.0155,13.5,0.0185,24.0,76.68,3.91387,-13.33064,-0.54083,0.0003,-0.21964
7658.08,BTC-27SEP19,1560164342759,open,3.68,0.0,3.5225,3.899,3.7107241,99.32,None,0.0,BTC-27DEC19-36000-P,7664.8,0.0,3.66,3.6,3.761,3.6,139.72,4.98982,-1.23977,-195.8182,2e-05,-0.95892
7658.08,BTC-27SEP19,1560164342761,open,3.68,0.0,3.5225,3.899,3.7107241,99.32,None,0.0,BTC-27DEC19-36000-P,7664.8,0.0,3.66,3.6,3.7605,3.6,139.45,4.98982,-1.23977,-195.8182,2e-05,-0.95892
7658.08,BTC-27SEP19,1560164342762,open,2.39,0.0,2.275,2.5475,2.41124937,90.51,None,0.0,BTC-27DEC19-26000-P,7664.8,0.0,2.3725,3.6,2.449,3.6,117.3,7.44834,-1.68636,-140.18616,3e-05,-0.93191
7658.08,BTC-27SEP19,1560164342764,open,3.16,0.0,3.023,3.358,3.19042331,96.38,None,0.0,BTC-27DEC19-32000-P,7664.8,0.0,3.144,3.6,3.2355,3.6,131.23,5.811,-1.40103,-173.6391,2e-05,-0.95036
7658.08,BTC-27SEP19,1560164342765,open,3.16,0.0,3.023,3.358,3.19042331,96.38,None,0.0,BTC-27DEC19-32000-P,7664.8,0.0,3.144,3.6,3.235,3.6,130.96,5.811,-1.40103,-173.6391,2e-05,-0.95036
7658.08,BTC-27SEP19,1560164342767,open,0.83,0.0,0.7735,0.9205,0.84696162,76.67,None,0.0,BTC-27SEP19-14000-P,7664.8,41.49,0.8285,3.6,0.8715,3.6,96.26,7.81764,-2.75252,-39.69517,6e-05,-0.89091
7658.08,BTC-27SEP19,1560164342770,open,1.62,0.0,1.533,1.744,1.63850703,84.8,None,0.0,BTC-27DEC19-20000-P,7664.8,0.0,1.606,3.6,1.669,3.6,102.62,10.79285,-2.28943,-105.94812,4e-05,-0.88802
7658.08,BTC-27SEP19,1560164342787,open,0.87,0.0,0.81,0.96,0.8850382,77.42,None,0.0,BTC-27DEC19-14000-P,7664.8,65.22,0.8605,3.6,0.909,3.6,87.74,16.85183,-3.26362,-69.74932,7e-05,-0.77834
7658.08,BTC-27SEP19,1560164342789,open,0.99,0.0,0.9275,1.0875,1.00735706,78.59,None,0.0,BTC-27DEC19-15000-P,7664.8,63.98,0.9815,3.6,1.0325,3.6,90.06,15.55035,-3.05732,-76.0634,6e-05,-0.80652
7658.54,BTC-27SEP19,1560164342802,open,1.85,0.0,1.7615,1.991,1.876044,86.45,None,0.0,BTC-27SEP19-22000-P,7664.8,0.0,1.851,3.6,1.9105,3.6,132.65,2.2634,-0.89858,-65.18164,1e-05,-0.97719
7658.08,BTC-27SEP19,1560164342804,open,0.83,0.0,0.7735,0.9205,0.84696162,76.67,None,0.0,BTC-27SEP19-14000-P,7664.8,41.49,0.8285,3.6,0.871,3.6,95.92,7.81764,-2.75252,-39.69517,6e-05,-0.89091
7658.08,BTC-27SEP19,1560164342807,open,0.75,0.5,0.695,0.8355,0.76514693,76.4,0.584,0.0,BTC-27DEC19-13000-P,7664.8,64.88,0.7395,3.6,0.79,3.6,86.38,18.26335,-3.49052,-63.25239,7e-05,-0.74322
7658.08,BTC-27SEP19,1560164342808,open,2.9,0.0,2.7735,3.087,2.93024131,94.62,None,0.0,BTC-27DEC19-30000-P,7664.8,0.0,2.8865,3.6,2.973,3.6,126.74,6.28616,-1.48793,-162.52041,2e-05,-0.9452
7635.97,BTC-28JUN19,1560164342810,open,1.6,0.4,1.5145,1.7235,1.61910637,0.0,5.076,0.0,BTC-28JUN19-20000-P,7664.8,0.0,1.5975,6.0,1.631,6.0,240.95,0.0,0.0,-9.7949,0.0,-1.0
7636.43,BTC-28JUN19,1560164342822,open,0.56,13.4,0.5095,0.635,0.57237835,89.41,0.506,0.0,BTC-28JUN19-12000-P,7664.8,0.0,0.5575,6.0,0.5815,6.0,133.59,0.61907,-1.54821,-5.82651,2e-05,-0.98557
7664.8,index_price,1560164342824,open,0.16,0.2,0.1185,0.198,0.15843285,77.68,0.155,0,BTC-21JUN19-6500-C,7664.8,0.0,0.145,6.0,0.169,6.0,106.43,2.2779,-8.13456,1.69942,0.00017,0.90258
7658.54,BTC-27SEP19,1560164342826,open,1.85,0.0,1.7615,1.991,1.876044,86.45,None,0.0,BTC-27SEP19-22000-P,7664.8,0.0,1.851,3.6,1.91,3.6,132.23,2.2634,-0.89858,-65.18164,1e-05,-0.97719
7658.08,BTC-27SEP19,1560164342827,open,2.13,0.0,2.027,2.279,2.15295693,89.18,None,0.0,BTC-27DEC19-24000-P,7664.8,0.0,2.116,3.6,2.188,3.6,112.5,8.47419,-1.89053,-128.84154,3e-05,-0.91938
235.67,ETH-27SEP19,1560164342943,open,0.02,1864.0,0.001,0.057,0.017705,103.23,0.015,0.0,ETH-27SEP19-600-C,233.97,101.16,0.016,60.0,0.021,60.0,106.95,0.19938,-0.09452,0.04694,0.00117,0.08448
235.67,ETH-27SEP19,1560164343257,open,0.02,7505.0,0.001,0.066,0.02506,87.22,0.023,0.0,ETH-27SEP19-140-P,233.97,82.55,0.021,189.0,0.025,60.0,87.15,0.21163,-0.08476,-0.08195,0.00146,-0.09152
233.97,index_price,1560164343307,open,0.0,171.0,0.001,0.04,0.000475,149.86,0.002,0,ETH-14JUN19-340-C,233.97,0.0,0.0,0.0,0.001,300.0,164.91,0.00618,-0.11117,0.00023,0.00071,0.00956
7636.13,BTC-28JUN19,1560164343366,open,0.37,0.0,0.323,0.433,0.37811974,80.56,None,0.0,BTC-28JUN19-10500-P,7665.3,0.0,0.365,6.0,0.387,6.0,108.27,1.5964,-3.59703,-4.98625,7e-05,-0.95519
7636.13,BTC-28JUN19,1560164343366,open,0.61,43.6,0.5675,0.647,0.60719114,138.32,0.6755,0.0,BTC-28JUN19-3000-C,7665.3,0.0,0.5985,6.0,0.6175,6.0,277.42,0.03963,-0.15332,1.46649,0.0,0.99933
7636.13,BTC-28JUN19,1560164343367,open,0.0,536.1,0.0005,0.0405,0.00074534,127.17,0.001,0.0,BTC-28JUN19-4000-P,7665.3,0.0,0.0,0.0,0.001,17.5,132.26,0.34505,-1.22739,-0.03039,1e-05,-0.00738
7658.17,BTC-27SEP19,1560164343367,open,0.01,226.8,0.0005,0.047,0.00741567,82.24,0.009,0.0,BTC-27SEP19-18000-C,7665.3,80.46,0.0065,0.2,0.0085,21.0,84.2,4.08281,-1.54206,0.89686,3e-05,0.04668
7636.13,BTC-28JUN19,1560164343367,open,0.0,1429.2,0.0005,0.04,8.152e-05,135.0,0.0005,0.0,BTC-28JUN19-20000-C,7665.3,0.0,0.0,0.0,0.0005,32.0,158.12,0.05994,-0.22636,0.00365,0.0,0.00106
7636.13,BTC-28JUN19,1560164343368,open,0.58,0.1,0.535,0.6145,0.57452863,136.66,0.395,0.0,BTC-28JUN19-3250-C,7665.3,0.0,0.5655,6.0,0.5845,6.0,254.71,0.08051,-0.30775,1.5857,0.0,0.99854
7636.13,BTC-28JUN19,1560164343369,open,0.0,753.4,0.0005,0.0415,0.00188446,82.68,0.003,0.0,BTC-28JUN19-11000-C,7665.3,75.28,0.001,51.8,0.003,46.0,89.33,1.10182,-2.54817,0.09953,5e-05,0.0285
7665.3,index_price,1560164343366,open,0.0,167.7,0.0005,0.0405,0.00053269,109.6,0.0005,0,BTC-14JUN19-6000-P,7665.3,0.0,0.0,0.0,0.001,26.3,120.46,0.26495,-3.74627,-0.01104,4e-05,-0.01303
7665.3,index_price,1560164343366,open,0.01,96.0,0.0005,0.0465,0.00646541,77.55,0.005,0,BTC-21JUN19-6500-P,7665.3,74.18,0.0055,13.4,0.0075,36.0,80.93,2.27096,-8.09642,-0.23632,0.00017,-0.097
7658.17,BTC-27SEP19,1560164343366,open,0.36,57.9,0.317,0.3965,0.35693057,73.48,0.401,0.0,BTC-27DEC19-5500-C,7665.3,64.07,0.3385,3.6,0.3745,3.6,82.12,15.34148,-2.82014,19.03127,7e-05,0.81074
7658.17,BTC-27SEP19,1560164343369,open,0.14,960.3,0.1,0.1795,0.13958025,72.73,0.1405,0.0,BTC-27SEP19-8000-C,7665.3,71.08,0.136,20.2,0.1415,5.0,73.61,16.62062,-5.55113,9.0402,0.00013,0.53532
7636.13,BTC-28JUN19,1560164343370,open,0.0,450.1,0.0005,0.0405,0.00051042,95.28,0.0005,0.0,BTC-28JUN19-13000-C,7665.3,0.0,0.0,0.0,0.001,52.9,103.27,0.36246,-0.96598,0.02728,1e-05,0.0078
7636.13,BTC-28JUN19,1560164343369,open,0.0,539.3,0.0005,0.0405,0.00054551,107.35,0.0005,0.0,BTC-28JUN19-14000-C,7665.3,0.0,0.0,0.0,0.001,23.0,115.24,0.34957,-1.04961,0.02597,1e-05,0.00749
7636.13,BTC-28JUN19,1560164343369,open,0.82,1.3,0.761,0.907,0.83386333,105.7,2.415,0.0,BTC-28JUN19-14000-P,7665.3,0.0,0.8175,6.0,0.8435,6.0,165.92,0.31571,-0.93342,-6.83325,1e-05,-0.99333
7665.3,index_price,1560164343366,open,0.01,44.9,0.0005,0.047,0.00732611,75.02,0.0065,0,BTC-14JUN19-8250-C,7665.3,71.91,0.0065,32.0,0.0085,24.9,79.24,2.07846,-20.11525,0.1412,0.00044,0.18081
7665.3,index_price,1560164343366,open,0.0,33.2,0.0005,0.0415,0.00171374,80.68,0.003,0,BTC-21JUN19-10000-C,7665.3,74.09,0.001,10.3,0.003,73.2,89.17,0.97213,-3.60579,0.07127,7e-05,0.03292
7636.13,BTC-28JUN19,1560164343371,open,0.38,97.0,0.339,0.4185,0.37887275,98.89,0.1965,0.0,BTC-28JUN19-4750-C,7665.3,0.0,0.37,6.0,0.389,6.0,158.26,0.50254,-1.39003,2.28045,2e-05,0.98866
7658.67,BTC-27SEP19,1560164343371,open,0.2,828.3,0.1585,0.238,0.19848557,73.25,0.221,0.0,BTC-27SEP19-7000-C,7665.3,70.74,0.1935,10.0,0.201,10.8,74.51,15.24733,-5.12891,10.64645,0.00012,0.66452
7665.3,index_price,1560164343366,open,0.0,42.0,0.0005,0.0425,0.00251688,84.77,0.002,0,BTC-21JUN19-6000-P,7665.3,76.97,0.0015,24.6,0.0035,46.3,90.75,1.14733,-4.47138,-0.09781,8e-05,-0.04031
7658.67,BTC-27SEP19,1560164343366,open,0.01,39.6,0.0005,0.0525,0.01281031,94.62,0.0115,0.0,BTC-27DEC19-30000-C,7665.3,92.97,0.0115,10.0,0.0145,18.0,96.6,6.28679,-1.48802,1.76118,2e-05,0.0548
7658.67,BTC-27SEP19,1560164343369,open,0.64,5.5,0.5825,0.714,0.648366,75.46,0.605,0.0,BTC-27DEC19-12000-P,7665.3,65.35,0.6235,3.6,0.6725,3.6,84.57,19.69956,-3.71877,-56.55749,8e-05,-0.70019
7658.67,BTC-27SEP19,1560164343367,open,0.23,71.5,0.19,0.2885,0.23911295,72.47,0.238,0.0,BTC-27DEC19-8000-P,7665.3,70.71,0.234,5.0,0.243,10.8,73.82,22.21853,-4.02819,-27.8896,0.0001,-0.42589
7665.3,index_price,1560164343367,open,0.0,323.1,0.0005,0.04,0.00044582,92.46,0.0005,0,BTC-14JUN19-9500-C,7665.3,0.0,0.0,0.0,0.001,29.3,103.91,0.27737,-3.30852,0.01082,5e-05,0.01374
7658.67,BTC-27SEP19,1560164343369,open,0.13,72.4,0.084,0.1735,0.12868149,72.5,0.126,0.0,BTC-27DEC19-6500-P,7665.3,71.03,0.125,10.0,0.1315,14.4,73.63,19.17572,-3.47782,-17.26491,8e-05,-0.28298
7665.3,index_price,1560164343366,open,0.0,374.4,0.0005,0.0415,0.00159983,93.77,0.0015,0,BTC-14JUN19-6500-P,7665.3,86.04,0.001,12.9,0.002,16.4,98.03,0.67564,-8.17335,-0.03356,0.00012,-0.03964
7658.67,BTC-27SEP19,1560164343366,open,0.07,59.9,0.0325,0.118,0.07512626,73.5,0.0705,0.0,BTC-27DEC19-5500-P,7665.3,72.18,0.0725,10.0,0.0775,14.4,74.68,15.34165,-2.82067,-11.08737,6e-05,-0.18924
7658.67,BTC-27SEP19,1560164343368,open,0.01,179.7,0.0005,0.0465,0.00657879,88.92,0.0075,0.0,BTC-27DEC19-2500-P,7665.3,84.4,0.005,28.0,0.008,28.0,92.5,2.87793,-0.64016,-1.1632,1e-05,-0.02116
235.67,ETH-27SEP19,1560164343460,open,0.07,1437.0,0.029,0.108,0.068854,92.55,0.065,0.0,ETH-27SEP19-360-C,233.96,90.99,0.066,51.0,0.074,186.0,95.33,0.43263,-0.18389,0.14783,0.00282,0.27914
234.03,ETH-28JUN19,1560164343460,open,0.0,2026.0,0.001,0.04,0.000119,150.0,0.001,0.0,ETH-28JUN19-90-P,233.96,0.0,0.0,0.0,0.001,300.0,189.62,0.002,-0.00841,-0.00015,5e-05,-0.00116
234.03,ETH-28JUN19,1560164343460,open,0.06,1611.0,0.019,0.098,0.058513,78.99,0.06,0.0,ETH-28JUN19-240-C,233.96,76.14,0.056,108.0,0.062,180.0,82.95,0.20629,-0.45578,0.04801,0.00974,0.47739
234.02,ETH-28JUN19,1560164343461,open,0.0,8221.0,0.001,0.04,0.000619,131.93,0.001,0.0,ETH-28JUN19-500-C,233.96,0.0,0.0,0.0,0.001,213.0,139.25,0.01017,-0.03752,0.00074,0.00029,0.00706
234.02,ETH-28JUN19,1560164343460,open,0.41,335.0,0.363,0.442,0.402321,99.45,0.481,0.0,ETH-28JUN19-140-C,233.96,0.0,0.392,60.0,0.413,60.0,169.53,0.01042,-0.02898,0.06767,0.00039,0.99274
234.02,ETH-28JUN19,1560164343461,open,0.0,5706.0,0.001,0.04,0.000926,102.91,0.001,0.0,ETH-28JUN19-400-C,233.96,0.0,0.0,0.0,0.002,545.0,114.17,0.01682,-0.04841,0.00133,0.00061,0.01255
234.02,ETH-28JUN19,1560164343462,open,0.0,7548.0,0.001,0.042,0.002719,83.79,0.002,0.0,ETH-28JUN19-170-P,233.96,70.63,0.001,600.0,0.004,400.0,90.54,0.0397,-0.09304,-0.00428,0.00177,-0.03466
234.02,ETH-28JUN19,1560164343462,open,0.0,4694.0,0.001,0.04,0.000741,146.53,0.001,0.0,ETH-28JUN19-110-P,233.96,0.0,0.0,0.0,0.001,300.0,152.38,0.0093,-0.03812,-0.00082,0.00024,-0.00638
234.02,ETH-28JUN19,1560164343461,open,0.0,7787.0,0.001,0.041,0.00107,95.42,0.001,0.0,ETH-28JUN19-150-P,233.96,0.0,0.0,0.0,0.002,550.0,105.25,0.0179,-0.04777,-0.00167,0.0007,-0.01349
235.66,ETH-27SEP19,1560164343462,open,0.13,1666.0,0.09,0.169,0.129279,89.22,0.135,0.0,ETH-27SEP19-280-C,233.96,86.78,0.124,36.0,0.134,36.0,91.4,0.51036,-0.20912,0.22977,0.00345,0.45615
235.66,ETH-27SEP19,1560164343462,open,0.05,1916.0,0.013,0.092,0.052123,94.41,0.055,0.0,ETH-27SEP19-400-C,233.96,93.09,0.05,48.0,0.056,48.0,96.77,0.38225,-0.16573,0.11882,0.00244,0.22116
233.96,index_price,1560164343460,open,0.0,566.0,0.001,0.041,0.001727,82.48,0.004,0,ETH-14JUN19-270-C,233.96,74.58,0.001,445.0,0.003,401.0,92.66,0.02493,-0.26527,0.0012,0.0052,0.05017
233.96,index_price,1560164343459,open,0.0,450.0,0.001,0.04,0.000271,150.01,0.001,0,ETH-14JUN19-350-C,233.96,0.0,0.0,0.0,0.001,300.0,175.58,0.00394,-0.06345,0.00014,0.00045,0.00573
233.96,index_price,1560164343460,open,0.0,50.0,0.001,0.04,0.000896,90.44,0.004,0,ETH-21JUN19-330-C,233.96,0.0,0.0,0.0,0.002,600.0,101.97,0.01685,-0.07004,0.00111,0.00114,0.01679
233.96,index_price,1560164343459,open,0.06,1.0,0.027,0.111,0.068912,78.98,0.053,0,ETH-21JUN19-240-P,233.96,73.25,0.065,180.0,0.07,200.0,80.57,0.15998,-0.58088,-0.04296,0.01242,-0.54728
233.96,index_price,1560164343459,open,0.01,112.0,0.001,0.048,0.007748,78.79,0.011,0,ETH-21JUN19-200-P,233.96,73.16,0.006,500.0,0.009,401.0,82.51,0.07644,-0.27688,-0.00828,0.00595,-0.11101
233.96,index_price,1560164343460,open,0.0,247.0,0.001,0.043,0.003269,78.74,0.005,0,ETH-14JUN19-210-P,233.96,77.03,0.003,200.0,0.004,1.0,83.09,0.03752,-0.38108,-0.00219,0.0082,-0.085
233.96,index_price,1560164343459,open,0.01,6.0,0.001,0.051,0.011912,80.99,0.012,0,ETH-21JUN19-270-C,233.96,76.47,0.01,240.0,0.014,240.0,85.64,0.10212,-0.3802,0.01101,0.00773,0.16979
233.96,index_price,1560164343460,open,0.05,3.0,0.004,0.083,0.04314,79.04,0.043,0,ETH-21JUN19-240-C,233.96,74.45,0.04,180.0,0.046,200.0,83.22,0.15999,-0.58136,0.02856,0.01241,0.4528
233.96,index_price,1560164343460,open,0.0,303.0,0.001,0.041,0.001779,91.9,0.004,0,ETH-14JUN19-200-P,233.96,82.49,0.001,200.0,0.003,560.0,102.82,0.02254,-0.26719,-0.00114,0.00422,-0.04423
233.96,index_price,1560164343459,open,0.07,0.0,0.022,0.101,0.061686,77.37,None,0,ETH-21JUN19-230-C,233.96,73.4,0.059,180.0,0.066,380.0,83.76,0.15809,-0.56237,0.03593,0.01253,0.57714
233.96,index_price,1560164343460,open,0.0,1145.0,0.001,0.04,0.000596,121.04,0.003,0,ETH-14JUN19-310-C,233.96,0.0,0.0,0.0,0.001,300.0,130.13,0.00867,-0.13531,0.00034,0.00123,0.01412
233.96,index_price,1560164343461,open,0.01,20.0,0.001,0.047,0.007282,81.31,0.007,0,ETH-21JUN19-280-C,233.96,77.27,0.006,300.0,0.009,300.0,86.26,0.07751,-0.28973,0.00738,0.00584,0.11319
233.96,index_price,1560164343459,open,0.0,15.0,0.001,0.04,0.00094,84.17,0.004,0,ETH-21JUN19-320-C,233.96,0.0,0.0,0.0,0.002,400.0,94.52,0.01841,-0.07125,0.00123,0.00134,0.01863
233.96,index_price,1560164343474,open,0.01,301.0,0.001,0.05,0.010016,79.53,0.01,0,ETH-14JUN19-250-C,233.96,72.74,0.008,440.0,0.012,240.0,85.86,0.07161,-0.73474,0.00525,0.01549,0.22121
235.66,ETH-27SEP19,1560164343475,open,0.18,2213.0,0.141,0.22,0.180932,87.23,0.19,0.0,ETH-27SEP19-240-C,233.96,84.92,0.176,36.0,0.186,36.0,89.6,0.50331,-0.20161,0.27997,0.00348,0.57922
235.66,ETH-27SEP19,1560164343479,open,0.15,1230.0,0.113,0.192,0.152402,88.11,0.141,0.0,ETH-27SEP19-260-C,233.96,85.63,0.147,126.0,0.158,36.0,90.69,0.51313,-0.20764,0.25454,0.00352,0.51451
235.66,ETH-27SEP19,1560164343566,open,0.15,1230.0,0.113,0.192,0.152402,88.11,0.141,0.0,ETH-27SEP19-260-C,233.96,85.63,0.147,36.0,0.158,36.0,90.69,0.51313,-0.20764,0.25454,0.00352,0.51451
234.02,ETH-28JUN19,1560164343761,open,0.2,274.0,0.165,0.261,0.213112,81.62,0.203,0.0,ETH-28JUN19-280-P,233.96,70.38,0.207,100.0,0.223,200.0,97.17,0.13745,-0.31379,-0.11803,0.00628,-0.81669
233.96,index_price,1560164343807,open,0.23,53.0,0.191,0.289,0.240289,99.72,0.173,0,ETH-14JUN19-290-P,233.96,0.0,0.23,60.0,0.248,60.0,160.9,0.01205,-0.15498,-0.0303,0.00208,-0.97924
233.96,index_price,1560164343810,open,0.23,0.0,0.195,0.293,0.24381,81.37,None,0,ETH-21JUN19-290-P,233.96,0.0,0.233,60.0,0.254,60.0,112.14,0.05561,-0.20802,-0.08167,0.00419,-0.92766
233.96,index_price,1560164343819,open,0.4,0.0,0.355,0.467,0.411059,142.46,None,0,ETH-14JUN19-330-P,233.96,0.0,0.4,60.0,0.42,60.0,231.98,0.00732,-0.13457,-0.03477,0.00088,-0.98838
233.96,index_price,1560164343830,open,0.2,0.0,0.152,0.231,0.191808,81.62,None,0,ETH-21JUN19-190-C,233.96,0.0,0.182,60.0,0.202,60.0,116.58,0.04865,-0.18255,0.0521,0.00365,0.93914
235.66,ETH-27SEP19,1560164343882,open,0.11,2206.0,0.069,0.148,0.108921,89.71,0.1,0.0,ETH-27SEP19-300-C,233.96,87.85,0.105,136.0,0.115,236.0,92.58,0.49795,-0.20514,0.20614,0.00335,0.40217
235.66,ETH-27SEP19,1560164343888,open,0.11,2206.0,0.069,0.148,0.108921,89.71,0.1,0.0,ETH-27SEP19-300-C,233.96,87.85,0.105,136.0,0.115,363.0,92.58,0.49795,-0.20514,0.20614,0.00335,0.40217
7665.3,index_price,1560164343949,open,0.07,0.0,0.026,0.1055,0.06574625,78.72,None,0,BTC-14JUN19-7250-C,7665.3,69.9,0.063,0.6,0.0665,0.6,81.23,2.41886,-24.56373,0.57038,0.00049,0.76647
233.96,index_price,1560164344069,open,0.14,17.0,0.11,0.201,0.155769,82.01,0.19,0,ETH-14JUN19-270-P,233.96,0.0,0.148,200.0,0.163,200.0,123.74,0.02453,-0.25953,-0.02749,0.00515,-0.95084
235.66,ETH-27SEP19,1560164344125,open,0.11,2206.0,0.069,0.148,0.108908,89.71,0.1,0.0,ETH-27SEP19-300-C,233.96,87.85,0.105,36.0,0.115,363.0,92.58,0.49795,-0.20514,0.20614,0.00335,0.40217
233.96,index_price,1560164344279,open,0.0,306.0,0.001,0.04,0.000813,100.73,0.002,0,ETH-14JUN19-290-C,233.96,0.0,0.0,0.0,0.001,175.0,103.97,0.01258,-0.16349,0.00052,0.00215,0.02185
233.96,index_price,1560164344300,open,0.02,362.0,0.001,0.064,0.023992,77.84,0.035,0,ETH-14JUN19-230-P,233.96,72.88,0.022,195.0,0.027,340.0,85.43,0.09315,-0.93549,-0.01054,0.02059,-0.40016
7636.76,BTC-28JUN19,1560164344365,open,0.03,113.5,0.0005,0.0675,0.02752658,75.21,0.029,0.0,BTC-28JUN19-8500-C,7664.8,72.5,0.0255,45.0,0.0295,30.0,77.8,5.763,-12.12304,0.97291,0.00027,0.28766
7658.72,BTC-27SEP19,1560164344365,open,0.68,55.9,0.636,0.7155,0.67558307,98.31,0.689,0.0,BTC-27SEP19-2500-C,7664.8,0.0,0.6585,3.6,0.6925,3.6,153.3,1.04581,-0.47214,7.19902,1e-05,0.99071
7658.72,BTC-27SEP19,1560164344365,open,2.11,0.0,2.0115,2.262,2.13658737,90.02,None,0.0,BTC-27SEP19-24000-P,7664.8,0.0,2.11,3.6,2.173,3.6,140.97,1.92894,-0.79745,-71.22442,1e-05,-0.98112
7658.72,BTC-27SEP19,1560164344365,open,0.01,75.8,0.0005,0.0485,0.00852893,84.95,0.006,0.0,BTC-27SEP19-3750-P,7664.8,82.61,0.0075,18.0,0.009,6.5,85.97,3.47731,-1.35658,-1.06919,2e-05,-0.03827
7636.76,BTC-28JUN19,1560164344366,open,0.01,1793.9,0.0005,0.046,0.00597622,79.17,0.005,0.0,BTC-28JUN19-6000-P,7664.8,75.8,0.005,0.4,0.0065,16.0,80.87,2.30763,-5.11016,-0.28995,0.0001,-0.07155
7658.72,BTC-27SEP19,1560164344366,open,0.71,0.0,0.654,0.7915,0.72282049,75.85,None,0.0,BTC-27SEP19-13000-P,7664.8,58.08,0.7055,3.6,0.746,3.6,92.21,9.41299,-3.27884,-36.10753,7e-05,-0.85771
7658.72,BTC-27SEP19,1560164344366,open,0.01,81.0,0.0005,0.051,0.01110513,79.14,0.014,0.0,BTC-27SEP19-16000-C,7664.8,76.81,0.0095,20.0,0.013,21.0,81.66,5.51274,-2.00362,1.30731,4e-05,0.06833
7658.72,BTC-27SEP19,1560164344366,open,0.49,232.8,0.449,0.5285,0.48866476,82.96,0.5,0.0,BTC-27SEP19-4000-C,7664.8,0.0,0.472,3.6,0.5045,3.6,106.06,4.2067,-1.60274,10.57476,3e-05,0.95155
7636.76,BTC-28JUN19,1560164344366,open,0.0,402.3,0.0005,0.04,0.000283,135.01,0.001,0.0,BTC-28JUN19-3500-P,7664.8,0.0,0.0,0.0,0.001,22.0,157.07,0.14924,-0.56359,-0.01185,0.0,-0.00288
7658.22,BTC-27SEP19,1560164344366,open,0.48,3.2,0.4255,0.5435,0.48441436,73.8,0.481,0.0,BTC-27SEP19-11000-P,7664.8,62.91,0.467,3.6,0.5065,3.6,86.04,13.08839,-4.43567,-28.36021,0.0001,-0.75708
7658.22,BTC-27SEP19,1560164344366,open,0.81,42.8,0.7655,0.845,0.80529272,130.84,0.815,0.0,BTC-27SEP19-1500-C,7664.8,0.0,0.7865,3.6,0.8215,3.6,215.16,0.5133,-0.30843,4.35278,0.0,0.99584
7636.76,BTC-28JUN19,1560164344366,open,0.81,33.8,0.764,0.8435,0.80356542,0.0,0.7145,0.0,BTC-28JUN19-1500-C,7664.8,0.0,0.7945,6.0,0.8135,6.0,463.69,0.0,0.0,0.73462,0.0,1.0
7636.76,BTC-28JUN19,1560164344367,open,0.95,2.8,0.8865,1.043,0.96481726,119.67,0.6485,0.0,BTC-28JUN19-15000-P,7664.8,0.0,0.9475,6.0,0.9745,6.0,180.44,0.36354,-1.21685,-7.31926,1e-05,-0.99217
7636.76,BTC-28JUN19,1560164344367,open,0.45,10.5,0.4045,0.484,0.44429189,117.57,0.428,0.0,BTC-28JUN19-4250-C,7664.8,0.0,0.435,6.0,0.454,6.0,185.98,0.39463,-1.29778,2.04623,1e-05,0.9914
7664.8,index_price,1560164344365,open,0.14,0.5,0.098,0.189,0.14346685,78.89,0.104,0,BTC-14JUN19-8750-P,7664.8,0.0,0.139,13.0,0.1525,6.0,125.25,0.89279,-9.08688,-0.88496,0.00018,-0.94387
7658.22,BTC-27SEP19,1560164344368,open,0.58,0.0,0.541,0.6205,0.58054472,89.27,None,0.0,BTC-27SEP19-3250-C,7664.8,0.0,0.5635,3.6,0.597,3.6,125.01,2.25055,-0.92269,9.0643,1e-05,0.97734
7658.22,BTC-27SEP19,1560164344369,open,0.05,518.8,0.0085,0.088,0.0480526,73.8,0.052,0.0,BTC-27SEP19-11000-C,7664.8,72.29,0.0455,30.3,0.0505,17.4,75.22,13.08866,-4.43588,4.45178,0.0001,0.24293
7664.8,index_price,1560164344365,open,0.05,125.3,0.0155,0.0995,0.0575398,73.52,0.0735,0,BTC-14JUN19-8000-P,7664.8,70.59,0.0565,0.6,0.0605,0.6,81.66,2.7422,-26.00781,-0.61732,0.0006,-0.70095
7636.26,BTC-28JUN19,1560164344370,open,0.17,509.3,0.123,0.2025,0.16284883,76.16,0.209,0.0,BTC-28JUN19-6500-C,7664.8,73.49,0.1615,6.8,0.1735,11.0,95.08,3.92511,-8.36169,2.57304,0.00018,0.85086
7664.8,index_price,1560164344366,open,0.11,0.0,0.064,0.1435,0.103956,74.2,None,0,BTC-21JUN19-7000-C,7664.8,66.22,0.1,0.4,0.105,0.4,76.23,3.91687,-13.36143,1.54412,0.0003,0.78006
7658.22,BTC-27SEP19,1560164344366,open,0.05,147.3,0.009,0.0885,0.04865276,78.64,0.048,0.0,BTC-27DEC19-15000-C,7664.8,77.57,0.0465,14.4,0.051,14.4,79.78,15.56134,-3.0611,6.08291,6e-05,0.1937
234.03,ETH-28JUN19,1560164344453,open,0.14,781.0,0.09,0.169,0.129666,78.99,0.116,0.0,ETH-28JUN19-210-C,233.96,72.08,0.125,60.0,0.132,60.0,82.36,0.16091,-0.35551,0.07228,0.00759,0.76027
235.66,ETH-27SEP19,1560164344459,open,1.54,3.0,1.462,1.666,1.563738,103.23,1.599,0.0,ETH-27SEP19-600-P,233.95,0.0,1.539,12.0,1.594,12.0,130.19,0.19932,-0.09449,-1.74281,0.00117,-0.91555
234.02,ETH-28JUN19,1560164344459,open,0.02,4967.0,0.001,0.068,0.026987,78.97,0.026,0.0,ETH-28JUN19-210-P,233.95,73.09,0.023,472.0,0.028,240.0,80.44,0.16091,-0.35546,-0.03057,0.0076,-0.23977
234.02,ETH-28JUN19,1560164344460,open,0.01,4158.0,0.001,0.048,0.00875,83.77,0.01,0.0,ETH-28JUN19-300-C,233.95,86.76,0.01,450.0,0.011,300.0,89.03,0.09494,-0.22245,0.01117,0.00423,0.10618
234.02,ETH-28JUN19,1560164344460,open,0.0,10453.0,0.001,0.04,0.000535,98.87,0.002,0.0,ETH-28JUN19-140-P,233.95,0.0,0.0,0.0,0.001,200.0,107.46,0.01009,-0.02789,-0.00086,0.00038,-0.007
235.65,ETH-27SEP19,1560164344460,open,0.07,5023.0,0.031,0.116,0.073124,87.21,0.069,0.0,ETH-27SEP19-180-P,233.95,83.3,0.067,48.0,0.073,48.0,87.13,0.37172,-0.14888,-0.19956,0.00257,-0.21077
235.65,ETH-27SEP19,1560164344460,open,0.04,934.0,0.001,0.08,0.040344,96.23,0.035,0.0,ETH-27SEP19-440-C,233.95,94.56,0.038,51.0,0.044,48.0,98.76,0.33466,-0.1479,0.09635,0.0021,0.17742
235.65,ETH-27SEP19,1560164344460,open,0.58,0.0,0.541,0.62,0.580303,88.37,None,0.0,ETH-27SEP19-100-C,233.95,0.0,0.56,12.0,0.599,12.0,128.21,0.0671,-0.02723,0.27967,0.00046,0.97817
234.02,ETH-28JUN19,1560164344460,open,0.01,3371.0,0.001,0.044,0.004198,84.29,0.004,0.0,ETH-28JUN19-320-C,233.95,79.07,0.003,665.0,0.006,400.0,90.75,0.0589,-0.13885,0.006,0.00261,0.05656
234.02,ETH-28JUN19,1560164344461,open,0.0,5536.0,0.001,0.041,0.001882,90.92,0.002,0.0,ETH-28JUN19-160-P,233.95,82.25,0.001,200.0,0.003,550.0,98.86,0.02851,-0.07251,-0.00288,0.00117,-0.02328
233.95,index_price,1560164344459,open,0.01,1098.0,0.001,0.05,0.009943,77.95,0.014,0,ETH-14JUN19-220-P,233.95,74.74,0.009,200.0,0.01,15.0,78.14,0.06953,-0.69918,-0.00547,0.01535,-0.21025
234.01,ETH-28JUN19,1560164344461,open,0.01,7802.0,0.001,0.045,0.0054,82.54,0.004,0.0,ETH-28JUN19-180-P,233.95,77.06,0.004,100.0,0.007,460.0,88.0,0.0643,-0.14844,-0.00787,0.0029,-0.06326
235.65,ETH-27SEP19,1560164344461,open,0.0,174.0,0.001,0.041,0.001026,108.44,0.002,0.0,ETH-27SEP19-60-P,233.95,0.0,0.0,0.0,0.002,150.0,118.94,0.01721,-0.00857,-0.00394,0.0001,-0.00458
235.65,ETH-27SEP19,1560164344461,open,0.01,7790.0,0.001,0.052,0.01177,87.21,0.005,0.0,ETH-27SEP19-120-P,233.95,81.89,0.009,200.0,0.013,60.0,89.38,0.13054,-0.05228,-0.04269,0.0009,-0.04897
234.01,ETH-28JUN19,1560164344461,open,0.0,3083.0,0.001,0.04,0.000355,149.99,0.001,0.0,ETH-28JUN19-100-P,233.95,0.0,0.0,0.0,0.001,300.0,170.05,0.00501,-0.02102,-0.00041,0.00012,-0.00319
234.01,ETH-28JUN19,1560164344461,open,0.62,0.0,0.576,0.655,0.615552,153.48,None,0.0,ETH-28JUN19-90-C,233.95,0.0,0.605,60.0,0.626,60.0,284.49,0.00241,-0.01036,0.0439,6e-05,0.99857
234.01,ETH-28JUN19,1560164344462,open,0.0,5141.0,0.001,0.04,0.00093,85.65,0.002,0.0,ETH-28JUN19-360-C,233.95,0.0,0.0,0.0,0.002,110.0,95.5,0.01929,-0.04623,0.00158,0.00084,0.01472
233.95,index_price,1560164344459,open,0.0,51.0,0.001,0.04,0.00061,132.96,0.001,0,ETH-14JUN19-320-C,233.95,0.0,0.0,0.0,0.001,300.0,142.27,0.00823,-0.1411,0.00032,0.00106,0.01329
233.95,index_price,1560164344460,open,0.0,30.0,0.001,0.04,0.000621,144.32,0.007,0,ETH-14JUN19-330-C,233.95,0.0,0.0,0.0,0.001,300.0,153.85,0.00785,-0.1453,0.0003,0.00094,0.01259
7658.22,BTC-27SEP19,1560164344737,open,0.2,189.2,0.1545,0.234,0.1944713,72.46,0.196,0.0,BTC-27DEC19-8000-C,7664.8,70.92,0.19,15.0,0.198,10.8,73.67,22.21804,-4.02711,15.91772,0.0001,0.57404
7658.72,BTC-27SEP19,1560164344738,open,0.59,6.1,0.5375,0.665,0.6013791,74.78,1.781,0.0,BTC-27SEP19-12000-P,7664.8,62.08,0.585,3.6,0.6235,3.6,88.56,11.17715,-3.83849,-32.35253,9e-05,-0.81468
7658.22,BTC-27SEP19,1560164344740,open,0.32,122.6,0.2765,0.356,0.3161459,72.81,0.41,0.0,BTC-27DEC19-6000-C,7664.8,64.52,0.2975,5.0,0.335,3.6,81.04,17.41737,-3.17235,18.82005,7e-05,0.76494
7658.22,BTC-27SEP19,1560164344743,open,0.99,0.0,0.9275,1.0875,1.00732396,78.58,None,0.0,BTC-27DEC19-15000-P,7664.8,64.0,0.9815,3.6,1.033,3.6,90.29,15.5473,-3.05614,-76.06496,6e-05,-0.80658
235.65,ETH-27SEP19,1560164344759,open,0.0,1743.0,0.001,0.042,0.001948,94.63,0.003,0.0,ETH-27SEP19-80-P,233.95,86.23,0.001,200.0,0.003,60.0,101.23,0.03255,-0.01415,-0.00799,0.00021,-0.00942
7658.31,BTC-27SEP19,1560164344830,open,0.1,208.6,0.056,0.1435,0.09961778,72.8,0.096,0.0,BTC-27DEC19-6000-P,7664.8,71.43,0.0965,10.0,0.1025,14.4,74.07,17.41699,-3.17185,-14.03468,7e-05,-0.23504
235.65,ETH-27SEP19,1560164344877,open,0.03,2409.0,0.001,0.071,0.031997,98.1,0.027,0.0,ETH-27SEP19-480-C,233.95,96.47,0.03,60.0,0.036,210.0,101.24,0.29278,-0.13191,0.07914,0.0018,0.14459
235.65,ETH-27SEP19,1560164344877,open,0.22,863.0,0.178,0.257,0.217081,87.23,0.2,0.0,ETH-27SEP19-220-C,233.95,83.73,0.21,36.0,0.221,36.0,89.16,0.47724,-0.19117,0.30356,0.0033,0.64894
235.65,ETH-27SEP19,1560164344897,open,0.26,1728.0,0.22,0.299,0.259672,87.23,0.32,0.0,ETH-27SEP19-200-C,233.95,74.27,0.236,80.0,0.28,12.0,98.25,0.43333,-0.17358,0.3235,0.003,0.71989
234.01,ETH-28JUN19,1560164344897,open,0.28,1130.0,0.237,0.316,0.276317,84.14,0.311,0.0,ETH-28JUN19-170-C,233.95,0.0,0.266,60.0,0.287,60.0,122.53,0.04021,-0.09464,0.0789,0.00178,0.96479
7664.8,index_price,1560164344898,open,0.12,0.1,0.079,0.1685,0.12374938,71.77,0.1235,0,BTC-21JUN19-8500-P,7664.8,65.31,0.1205,15.0,0.138,6.0,97.33,3.91533,-12.91881,-2.06437,0.00031,-0.78021
7636.76,BTC-28JUN19,1560164344901,open,1.6,0.4,1.5145,1.7235,1.61899324,150.48,5.076,0.0,BTC-28JUN19-20000-P,7664.8,0.0,1.598,6.0,1.631,6.0,241.93,0.1648,-0.69367,-9.78397,0.0,-0.99678
234.01,ETH-28JUN19,1560164344918,open,0.49,50.0,0.448,0.527,0.48775,126.06,0.547,0.0,ETH-28JUN19-120-C,233.95,0.0,0.477,60.0,0.498,60.0,208.96,0.00834,-0.02941,0.05806,0.00025,0.99436
7664.8,index_price,1560164344922,open,0.36,0.0,0.3165,0.4255,0.37094499,84.75,None,0,BTC-21JUN19-10500-P,7664.8,0.0,0.3595,6.0,0.386,6.0,149.28,0.60907,-2.37321,-3.08777,4e-05,-0.98115
7658.31,BTC-27SEP19,1560164344925,open,0.87,0.0,0.81,0.96,0.88500784,77.5,None,0.0,BTC-27DEC19-14000-P,7664.8,65.53,0.861,3.6,0.909,3.6,87.76,16.8702,-3.27043,-69.73917,7e-05,-0.77793
7658.22,BTC-27SEP19,1560164344929,open,0.51,27.1,0.4645,0.544,0.50403524,77.89,0.542,0.0,BTC-27DEC19-4000-C,7664.8,55.02,0.4845,3.6,0.523,3.6,93.7,8.30839,-1.61895,17.50442,3e-05,0.92146
7664.8,index_price,1560164344932,open,0.08,10.8,0.0405,0.127,0.08367523,74.84,0.09,0,BTC-14JUN19-8250-P,7664.8,66.56,0.0815,6.0,0.087,0.1,86.6,2.07232,-20.00883,-0.73545,0.00044,-0.82002
234.01,ETH-28JUN19,1560164344933,open,0.28,141.0,0.24,0.342,0.290687,83.64,0.311,0.0,ETH-28JUN19-300-P,233.95,0.0,0.281,201.0,0.3,30.0,103.02,0.09463,-0.22138,-0.1358,0.00422,-0.89428
7664.8,index_price,1560164344946,open,0.3,0.0,0.253,0.357,0.30489459,97.51,None,0,BTC-14JUN19-10000-P,7664.8,0.0,0.2975,6.0,0.314,6.0,192.04,0.10823,-1.36144,-1.05812,2e-05,-0.99529
7658.22,BTC-27SEP19,1560164344947,open,1.37,0.0,1.288,1.478,1.38295531,82.0,None,0.0,BTC-27DEC19-18000-P,7664.8,54.18,1.354,3.6,1.412,3.6,97.62,12.27732,-2.51827,-94.28455,5e-05,-0.86543
7658.22,BTC-27SEP19,1560164344949,open,0.56,4.0,0.521,0.6005,0.56074177,81.18,0.59,0.0,BTC-27DEC19-3500-C,7664.8,0.0,0.5405,3.6,0.5795,3.6,100.81,6.24752,-1.26868,16.13979,2e-05,0.94562
7664.8,index_price,1560164344961,open,0.1,13.8,0.053,0.1325,0.09262603,82.5,0.131,0,BTC-14JUN19-7000-C,7664.8,66.1,0.0895,6.0,0.0945,0.1,90.32,1.70226,-18.11785,0.62975,0.00033,0.86644
7658.72,BTC-27SEP19,1560164344963,open,1.6,0.0,1.512,1.7205,1.61615992,84.38,None,0.0,BTC-27SEP19-20000-P,7664.8,0.0,1.5935,3.6,1.648,3.6,123.6,3.00026,-1.16257,-59.04038,2e-05,-0.96803
7658.22,BTC-27SEP19,1560164344974,open,0.37,5.7,0.319,0.4285,0.37378622,73.1,0.334,0.0,BTC-27SEP19-10000-P,7664.8,63.98,0.3565,10.8,0.3955,10.8,83.94,14.95072,-5.01901,-24.0802,0.00012,-0.68034
7658.31,BTC-27SEP19,1560164344982,open,0.07,866.9,0.028,0.1075,0.06799976,73.1,0.068,0.0,BTC-27SEP19-10000-C,7664.8,71.56,0.065,25.1,0.071,17.4,74.63,14.95098,-5.01899,5.74892,0.00012,0.31966
7658.72,BTC-27SEP19,1560164344991,open,0.04,289.8,0.0005,0.0835,0.04199542,76.07,0.0415,0.0,BTC-27SEP19-5500-P,7664.8,74.53,0.04,14.4,0.044,17.4,77.57,10.07386,-3.51908,-4.55835,8e-05,-0.15752
7664.8,index_price,1560164345006,open,0.02,26.8,0.0005,0.0575,0.01717767,74.08,0.0155,0,BTC-21JUN19-7000-P,7664.8,70.79,0.0155,13.5,0.019,24.4,77.64,3.9138,-13.32996,-0.54081,0.0003,-0.21964
7658.31,BTC-27SEP19,1560164345014,open,3.68,0.0,3.5225,3.899,3.71063872,99.7,None,0.0,BTC-27DEC19-36000-P,7664.8,0.0,3.6605,3.6,3.7605,3.6,139.52,5.07268,-1.26518,-195.79338,2e-05,-0.95808
7658.31,BTC-27SEP19,1560164345015,open,3.68,0.0,3.5225,3.899,3.71063872,99.7,None,0.0,BTC-27DEC19-36000-P,7664.8,0.0,3.6605,3.6,3.761,3.6,139.79,5.07268,-1.26518,-195.79338,2e-05,-0.95808
7658.22,BTC-27SEP19,1560164345027,open,2.39,0.0,2.275,2.5475,2.41118832,90.61,None,0.0,BTC-27DEC19-26000-P,7664.8,0.0,2.3725,3.6,2.4495,3.6,117.61,7.47728,-1.69492,-140.17625,3e-05,-0.93157
7658.22,BTC-27SEP19,1560164345029,open,3.16,0.0,3.023,3.3575,3.19034772,96.34,None,0.0,BTC-27DEC19-32000-P,7664.8,0.0,3.1445,3.6,3.235,3.6,131.0,5.80135,-1.39808,-173.64212,2e-05,-0.95047
7658.22,BTC-27SEP19,1560164345031,open,3.16,0.0,3.023,3.3575,3.19034772,96.34,None,0.0,BTC-27DEC19-32000-P,7664.8,0.0,3.1445,3.6,3.2355,3.6,131.27,5.80135,-1.39808,-173.64212,2e-05,-0.95047
7658.22,BTC-27SEP19,1560164345032,open,0.83,0.0,0.773,0.9205,0.84681641,76.71,None,0.0,BTC-27SEP19-14000-P,7664.8,45.9,0.829,3.6,0.871,3.6,95.94,7.82693,-2.75731,-39.6921,6e-05,-0.89074
7658.31,BTC-27SEP19,1560164345034,open,1.34,1.0,1.2635,1.4515,1.35767882,82.01,1.5815,0.0,BTC-27SEP19-18000-P,7664.8,0.0,1.336,3.6,1.387,3.6,114.55,4.04125,-1.52198,-52.80592,3e-05,-0.95392
7658.22,BTC-27SEP19,1560164345036,open,1.62,0.0,1.533,1.7435,1.63846091,84.87,None,0.0,BTC-27DEC19-20000-P,7664.8,0.0,1.6065,3.6,1.669,3.6,102.65,10.81478,-2.29611,-105.93931,4e-05,-0.88771
7636.76,BTC-28JUN19,1560164345038,open,0.69,0.8,0.635,0.7705,0.70280333,97.97,2.171,0.0,BTC-28JUN19-13000-P,7664.8,0.0,0.6875,6.0,0.7125,6.0,150.96,0.43092,-1.18083,-6.33357,2e-05,-0.99049
7658.31,BTC-27SEP19,1560164345039,open,0.87,0.0,0.81,0.96,0.88500784,77.5,None,0.0,BTC-27DEC19-14000-P,7664.8,65.53,0.861,3.6,0.9095,3.6,87.96,16.8702,-3.27043,-69.73917,7e-05,-0.77793
7658.31,BTC-27SEP19,1560164345041,open,0.99,0.0,0.9275,1.0875,1.00732396,78.64,None,0.0,BTC-27DEC19-15000-P,7664.8,64.35,0.982,3.6,1.033,3.6,90.3,15.56334,-3.06174,-76.05676,6e-05,-0.80626
7658.72,BTC-27SEP19,1560164345053,open,1.85,0.0,1.761,1.991,1.87597698,87.04,None,0.0,BTC-27SEP19-22000-P,7664.8,0.0,1.8515,3.6,1.91,3.6,132.29,2.34113,-0.93584,-65.16441,2e-05,-0.97626
7658.22,BTC-27SEP19,1560164345055,open,0.83,0.0,0.773,0.9205,0.84681641,76.71,None,0.0,BTC-27SEP19-14000-P,7664.8,45.9,0.829,3.6,0.8715,3.6,96.28,7.82693,-2.75731,-39.6921,6e-05,-0.89074
7658.31,BTC-27SEP19,1560164345058,open,0.75,0.5,0.695,0.8355,0.76511944,76.44,0.584,0.0,BTC-27DEC19-13000-P,7664.8,65.15,0.74,3.6,0.79,3.6,86.4,18.27097,-3.49353,-63.24776,7e-05,-0.74303
7658.22,BTC-27SEP19,1560164345059,open,2.9,0.0,2.773,3.087,2.93017056,94.34,None,0.0,BTC-27DEC19-30000-P,7664.8,0.0,2.887,3.6,2.973,3.6,126.78,6.21842,-1.46756,-162.54219,2e-05,-0.94594
7636.76,BTC-28JUN19,1560164345060,open,1.6,0.4,1.5145,1.7235,1.61899324,150.48,5.076,0.0,BTC-28JUN19-20000-P,7664.8,0.0,1.598,6.0,1.6315,6.0,243.73,0.1648,-0.69367,-9.78397,0.0,-0.99678
7636.4,BTC-28JUN19,1560164345062,open,0.56,13.4,0.5095,0.635,0.57231105,88.69,0.506,0.0,BTC-28JUN19-12000-P,7664.8,0.0,0.558,6.0,0.5815,6.0,133.57,0.59334,-1.47193,-5.82889,2e-05,-0.98626
7664.8,index_price,1560164345063,open,0.16,0.2,0.1185,0.198,0.15843287,77.53,0.155,0,BTC-21JUN19-6500-C,7664.8,0.0,0.145,6.0,0.1685,6.0,105.24,2.27124,-8.09506,1.70041,0.00017,0.90297
7658.72,BTC-27SEP19,1560164345065,open,1.85,0.0,1.761,1.991,1.87597698,87.04,None,0.0,BTC-27SEP19-22000-P,7664.8,0.0,1.8515,3.6,1.9105,3.6,132.71,2.34113,-0.93584,-65.16441,2e-05,-0.97626
7658.22,BTC-27SEP19,1560164345067,open,2.13,0.0,2.027,2.279,2.1529009,89.02,None,0.0,BTC-27DEC19-24000-P,7664.8,0.0,2.116,3.6,2.1885,3.6,112.79,8.4298,-1.87718,-128.85747,3e-05,-0.91994
7664.8,index_price,1560164345082,open,0.12,0.1,0.079,0.1685,0.12374938,71.77,0.1235,0,BTC-21JUN19-8500-P,7664.8,65.31,0.1205,15.0,0.138,9.0,97.33,3.91533,-12.91881,-2.06437,0.00031,-0.78021
7664.8,index_price,1560164345088,open,0.08,10.8,0.0405,0.127,0.08367523,74.84,0.09,0,BTC-14JUN19-8250-P,7664.8,66.56,0.0815,9.5,0.087,0.1,86.6,2.07232,-20.00883,-0.73545,0.00044,-0.82002
7664.8,index_price,1560164345098,open,0.1,13.8,0.053,0.1325,0.09262603,82.5,0.131,0,BTC-14JUN19-7000-C,7664.8,66.1,0.0895,9.5,0.0945,0.1,90.32,1.70226,-18.11785,0.62975,0.00033,0.86644
7658.72,BTC-27SEP19,1560164345107,open,0.04,289.8,0.0005,0.0835,0.04199542,76.07,0.0415,0.0,BTC-27SEP19-5500-P,7664.8,74.53,0.04,17.4,0.044,17.4,77.57,10.07386,-3.51908,-4.55835,8e-05,-0.15752
7664.8,index_price,1560164345116,open,0.02,26.8,0.0005,0.0575,0.01717767,74.08,0.0155,0,BTC-21JUN19-7000-P,7664.8,70.79,0.0155,13.5,0.019,30.4,77.64,3.9138,-13.32996,-0.54081,0.0003,-0.21964
7658.31,BTC-27SEP19,1560164345147,open,0.02,256.9,0.0005,0.0635,0.02265136,79.01,0.018,0.0,BTC-27SEP19-4750-P,7664.8,77.16,0.021,18.0,0.0235,9.1,79.93,6.95749,-2.52434,-2.64117,5e-05,-0.09297
235.65,ETH-27SEP19,1560164345197,open,0.44,191.0,0.391,0.47,0.430969,87.22,0.5,0.0,ETH-27SEP19-140-C,233.95,52.79,0.409,12.0,0.448,12.0,104.48,0.21166,-0.08478,0.33563,0.00147,0.90845
7658.22,BTC-27SEP19,1560164345224,open,0.01,1038.2,0.0005,0.0545,0.01418643,81.59,0.0115,0.0,BTC-27SEP19-4250-P,7664.8,79.76,0.013,18.0,0.015,9.4,82.8,5.06371,-1.89724,-1.72335,4e-05,-0.06125
7658.22,BTC-27SEP19,1560164345226,open,0.04,597.9,0.0005,0.0745,0.03452783,74.71,0.036,0.0,BTC-27SEP19-12000-C,7664.8,73.3,0.0325,16.4,0.0365,17.4,76.05,11.16253,-3.82986,3.43609,9e-05,0.18494
7658.22,BTC-27SEP19,1560164345228,open,0.01,376.9,0.0005,0.051,0.0109823,83.02,0.0095,0.0,BTC-27SEP19-4000-P,7664.8,81.2,0.01,18.0,0.0115,9.5,83.95,4.21356,-1.60652,-1.35993,3e-05,-0.04855
7658.22,BTC-27SEP19,1560164345235,open,0.01,376.9,0.0005,0.051,0.0109823,83.02,0.0095,0.0,BTC-27SEP19-4000-P,7664.8,81.2,0.01,18.0,0.0115,9.4,83.95,4.21356,-1.60652,-1.35993,3e-05,-0.04855
7658.22,BTC-27SEP19,1560164345238,open,0.01,382.7,0.0005,0.046,0.00611422,85.87,0.006,0.0,BTC-27SEP19-3500-P,7664.8,84.09,0.0055,18.0,0.0065,7.6,86.93,2.72301,-1.07379,-0.78951,2e-05,-0.02845
234.01,ETH-28JUN19,1560164345250,open,0.01,6827.0,0.001,0.049,0.009425,80.16,0.007,0.0,ETH-28JUN19-190-P,233.95,73.69,0.007,770.0,0.011,300.0,84.0,0.09305,-0.20863,-0.01292,0.00433,-0.10328
234.01,ETH-28JUN19,1560164345274,open,0.0,1541.0,0.001,0.04,3.1e-05,149.99,0.001,0.0,ETH-28JUN19-80-P,233.95,0.0,0.0,0.0,0.001,314.0,211.51,0.00064,-0.00268,-4e-05,2e-05,-0.00034
7658.31,BTC-27SEP19,1560164345366,open,0.43,289.7,0.3905,0.47,0.43038351,80.16,0.51,0.0,BTC-27SEP19-4500-C,7664.58,45.5,0.4135,3.6,0.446,3.6,97.75,5.97303,-2.19882,11.27912,4e-05,0.92413
7636.18,BTC-28JUN19,1560164345366,open,0.0,133.3,0.0005,0.0405,0.00054385,133.42,0.001,0.0,BTC-28JUN19-3750-P,7664.58,0.0,0.0,0.0,0.001,22.0,144.25,0.25706,-0.95936,-0.02183,1e-05,-0.00529
7658.31,BTC-27SEP19,1560164345367,open,0.74,28.2,0.7005,0.78,0.74009698,109.33,0.755,0.0,BTC-27SEP19-2000-C,7664.58,0.0,0.722,3.6,0.7565,3.6,178.46,0.65085,-0.32677,5.81317,0.0,0.99457
7658.31,BTC-27SEP19,1560164345367,open,0.0,617.2,0.0005,0.0435,0.00377852,92.28,0.0045,0.0,BTC-27SEP19-3000-P,7664.58,88.73,0.003,18.0,0.004,6.2,93.21,1.79588,-0.76109,-0.48305,1e-05,-0.01737
7658.31,BTC-27SEP19,1560164345367,open,0.0,336.7,0.0005,0.042,0.00203099,98.47,0.0035,0.0,BTC-27SEP19-2500-P,7664.58,89.19,0.001,18.0,0.003,22.7,104.66,1.05331,-0.4763,-0.26048,1e-05,-0.00937
7658.09,BTC-27SEP19,1560164345366,open,0.02,38.7,0.0005,0.0615,0.02166344,86.53,0.0255,0.0,BTC-27DEC19-22000-C,7664.58,85.14,0.02,18.0,0.0235,18.0,88.0,9.36256,-2.02665,2.95443,3e-05,0.09211
7658.09,BTC-27SEP19,1560164345366,open,0.01,58.1,0.0005,0.0495,0.00980745,99.62,0.0085,0.0,BTC-27DEC19-36000-C,7664.58,97.55,0.0085,30.0,0.011,5.0,101.36,5.05436,-1.25958,1.3388,2e-05,0.04173
7658.09,BTC-27SEP19,1560164345368,open,0.02,120.7,0.0005,0.0545,0.01478831,78.51,0.016,0.0,BTC-27SEP19-15000-C,7664.58,77.59,0.014,1.0,0.016,22.0,79.87,6.67668,-2.40728,1.67131,5e-05,0.08795
7636.18,BTC-28JUN19,1560164345368,open,0.0,886.5,0.0005,0.042,0.00239718,83.67,0.0035,0.0,BTC-28JUN19-5500-P,7664.58,77.08,0.0015,44.8,0.003,46.0,87.31,1.18479,-2.77278,-0.12529,5e-05,-0.0311
7636.18,BTC-28JUN19,1560164345368,open,0.74,20.1,0.6985,0.778,0.73810894,180.0,0.578,0.0,BTC-28JUN19-2000-C,7664.58,0.0,0.729,6.0,0.748,6.0,383.28,0.01183,-0.05954,0.97873,0.0,0.99982
7658.09,BTC-27SEP19,1560164345366,open,0.02,95.7,0.0005,0.058,0.01776703,81.15,0.019,0.0,BTC-27DEC19-3500-P,7664.58,79.57,0.0165,34.6,0.019,18.0,82.64,6.24408,-1.26752,-3.02383,2e-05,-0.05434
7658.09,BTC-27SEP19,1560164345366,open,0.68,0.0,0.6405,0.72,0.68013163,88.93,None,0.0,BTC-27DEC19-2500-C,7664.58,0.0,0.6605,3.6,0.7,3.6,124.22,2.87908,-0.64047,12.52629,1e-05,0.97883
7664.58,index_price,1560164345366,open,0.23,0.0,0.1935,0.292,0.24274081,76.81,None,0,BTC-21JUN19-9500-P,7664.58,0.0,0.2315,6.0,0.257,6.0,119.27,1.5806,-5.58144,-2.7006,0.00012,-0.93978
7636.18,BTC-28JUN19,1560164345369,open,0.05,473.0,0.014,0.098,0.05581631,73.62,0.051,0.0,BTC-28JUN19-7500-P,7664.58,70.94,0.0535,5.0,0.058,24.4,76.13,6.61872,-13.62854,-1.79406,0.00031,-0.42391
7636.18,BTC-28JUN19,1560164345369,open,0.01,1090.2,0.0005,0.0545,0.01405179,76.16,0.014,0.0,BTC-28JUN19-6500-P,7664.58,73.08,0.0125,52.8,0.015,36.0,77.99,3.92526,-8.36183,-0.61034,0.00018,-0.14915
7658.09,BTC-27SEP19,1560164345366,open,0.42,1.6,0.372,0.4855,0.42866328,73.64,0.4185,0.0,BTC-27DEC19-10000-P,7664.58,71.15,0.4215,10.8,0.434,10.8,75.49,22.08137,-4.06788,-42.54884,9e-05,-0.58595
7658.09,BTC-27SEP19,1560164345366,open,0.05,125.6,0.013,0.097,0.05485958,74.48,0.0535,0.0,BTC-27DEC19-5000-P,7664.58,73.09,0.0525,10.0,0.057,18.0,75.74,13.04031,-2.42976,-8.46836,5e-05,-0.14708
7636.18,BTC-28JUN19,1560164345369,open,0.48,322.4,0.437,0.5165,0.47692828,127.29,0.488,0.0,BTC-28JUN19-4000-C,7664.58,0.0,0.468,6.0,0.4865,6.0,201.13,0.34664,-1.23415,1.92843,1e-05,0.99258
7636.18,BTC-28JUN19,1560164345369,open,0.0,266.4,0.0005,0.0405,0.0008557,118.41,0.0005,0.0,BTC-28JUN19-4250-P,7664.58,0.0,0.0,0.0,0.0015,42.0,128.28,0.40928,-1.35561,-0.03672,1e-05,-0.00896
7664.58,index_price,1560164345366,open,0.11,16.5,0.0685,0.157,0.11280696,77.21,0.108,0,BTC-14JUN19-8500-P,7664.58,66.03,0.111,0.1,0.1165,0.1,94.23,1.42352,-14.17915,-0.82124,0.0003,-0.89627
7664.58,index_price,1560164345366,open,0.03,79.2,0.0005,0.071,0.03127754,71.32,0.031,0,BTC-21JUN19-8000-C,7664.58,65.58,0.0275,30.4,0.032,0.4,72.41,5.06611,-16.61147,0.81308,0.00041,0.3873
7664.58,index_price,1560164345366,open,0.0,10.8,0.0005,0.041,0.00104623,85.84,0.002,0,BTC-21JUN19-10500-C,7664.58,77.71,0.0005,10.0,0.002,68.0,94.91,0.64517,-2.54605,0.04367,4e-05,0.02017
7658.09,BTC-27SEP19,1560164345369,open,0.03,181.1,0.0005,0.0725,0.03253968,82.08,0.033,0.0,BTC-27DEC19-18000-C,7664.58,80.79,0.0305,18.0,0.035,18.0,83.58,12.30034,-2.52555,4.29424,5e-05,0.13494
7664.58,index_price,1560164345365,open,0.03,26.3,0.0005,0.0775,0.03631976,73.61,0.0405,0,BTC-14JUN19-7750-P,7664.58,69.16,0.0345,12.5,0.039,0.6,80.17,3.13246,-29.74854,-0.47154,0.00068,-0.54307
7664.58,index_price,1560164345366,open,0.22,0.0,0.18,0.2595,0.21971758,84.89,None,0,BTC-21JUN19-6000-C,7664.58,0.0,0.2065,6.0,0.23,6.0,127.01,1.15316,-4.5006,1.68935,8e-05,0.95944
7664.58,index_price,1560164345366,open,0.0,371.9,0.0005,0.04,0.0002291,102.54,0.0005,0,BTC-14JUN19-10000-C,7664.58,0.0,0.0,0.0,0.0005,10.5,112.73,0.15127,-1.75599,0.0054,2e-05,0.00686
7658.31,BTC-27SEP19,1560164345393,open,0.28,717.9,0.237,0.3165,0.27697742,74.72,0.302,0.0,BTC-27SEP19-6000-C,7664.58,71.22,0.2715,5.0,0.2815,6.7,77.56,12.09688,-4.15073,11.69065,9e-05,0.78874
7658.31,BTC-27SEP19,1560164345403,open,0.02,256.9,0.0005,0.0635,0.02265136,79.01,0.018,0.0,BTC-27SEP19-4750-P,7664.58,77.16,0.021,18.0,0.0235,3.0,79.93,6.95749,-2.52434,-2.64117,5e-05,-0.09297
7658.09,BTC-27SEP19,1560164345422,open,0.03,169.8,0.0005,0.065,0.02528783,75.76,0.027,0.0,BTC-27SEP19-13000-C,7664.58,74.28,0.0235,20.0,0.0275,19.0,77.53,9.3923,-3.26772,2.6625,7e-05,0.14184
7658.31,BTC-27SEP19,1560164345424,open,0.02,200.6,0.0005,0.0585,0.01795517,80.13,0.0155,0.0,BTC-27SEP19-4500-P,7664.58,78.23,0.0165,18.0,0.0185,9.1,80.82,5.96958,-2.19666,-2.14202,4e-05,-0.07581
7658.31,BTC-27SEP19,1560164345430,open,0.02,200.6,0.0005,0.0585,0.01795517,80.13,0.0155,0.0,BTC-27SEP19-4500-P,7664.58,78.23,0.0165,18.0,0.0185,9.0,80.82,5.96958,-2.19666,-2.14202,4e-05,-0.07581
7658.31,BTC-27SEP19,1560164345440,open,0.0,336.7,0.0005,0.042,0.00203099,98.47,0.0035,0.0,BTC-27SEP19-2500-P,7664.58,89.19,0.001,18.0,0.003,22.6,104.66,1.05331,-0.4763,-0.26048,1e-05,-0.00937
235.65,ETH-27SEP19,1560164345459,open,0.02,705.0,0.001,0.061,0.021242,101.61,0.019,0.0,ETH-27SEP19-560-C,233.96,99.2,0.019,60.0,0.025,210.0,105.37,0.22566,-0.1053,0.05527,0.00134,0.09987
234.01,ETH-28JUN19,1560164345459,open,0.0,1164.0,0.001,0.04,0.000935,118.28,0.001,0.0,ETH-28JUN19-440-C,233.96,0.0,0.0,0.0,0.002,280.0,130.55,0.01531,-0.05067,0.00118,0.00048,0.01127
234.01,ETH-28JUN19,1560164345459,open,0.11,1592.0,0.062,0.141,0.101682,79.02,0.09,0.0,ETH-28JUN19-220-C,233.96,73.15,0.097,380.0,0.104,180.0,81.91,0.1875,-0.41443,0.06516,0.00885,0.6702
235.65,ETH-27SEP19,1560164345460,open,0.09,1730.0,0.053,0.132,0.09291,90.64,0.097,0.0,ETH-27SEP19-320-C,233.96,88.71,0.089,148.0,0.098,48.0,93.13,0.47937,-0.19953,0.18456,0.00319,0.35547
233.96,index_price,1560164345459,open,0.52,0.0,0.478,0.6,0.538942,155.47,None,0,ETH-14JUN19-360-P,233.96,0.0,0.528,60.0,0.548,60.0,271.96,0.00319,-0.06402,-0.03812,0.00035,-0.99547
233.96,index_price,1560164345459,open,0.18,50.0,0.15,0.245,0.197662,87.86,0.241,0,ETH-14JUN19-280-P,233.96,0.0,0.187,60.0,0.206,60.0,145.48,0.01468,-0.16642,-0.0291,0.00288,-0.97374
234.01,ETH-28JUN19,1560164345460,open,0.04,4751.0,0.001,0.083,0.041772,78.97,0.043,0.0,ETH-28JUN19-220-P,233.96,74.24,0.038,119.0,0.043,240.0,80.5,0.18749,-0.41414,-0.04258,0.00885,-0.32974
233.96,index_price,1560164345459,open,0.01,353.0,0.001,0.044,0.004292,80.87,0.005,0,ETH-14JUN19-260-C,233.96,73.69,0.003,200.0,0.006,300.0,89.04,0.04543,-0.47401,0.00263,0.00967,0.11034
233.96,index_price,1560164345459,open,0.44,0.0,0.396,0.511,0.453776,152.1,None,0,ETH-14JUN19-340-P,233.96,0.0,0.443,60.0,0.462,60.0,241.87,0.00673,-0.132,-0.03585,0.00076,-0.98946
234.02,ETH-28JUN19,1560164345461,open,0.17,2195.0,0.122,0.201,0.161576,78.94,0.14,0.0,ETH-28JUN19-200-C,233.96,53.29,0.15,60.0,0.172,60.0,96.77,0.12699,-0.2804,0.07753,0.006,0.83808
235.66,ETH-27SEP19,1560164345461,open,0.08,996.0,0.04,0.119,0.079613,91.52,0.081,0.0,ETH-27SEP19-340-C,233.96,89.65,0.076,48.0,0.085,48.0,94.28,0.45685,-0.19202,0.16505,0.00301,0.31441
234.02,ETH-28JUN19,1560164345461,open,0.0,9802.0,0.001,0.041,0.001053,122.2,0.001,0.0,ETH-28JUN19-130-P,233.96,0.0,0.0,0.0,0.002,450.0,134.54,0.01437,-0.04911,-0.00132,0.00044,-0.01047
234.02,ETH-28JUN19,1560164345461,open,0.45,386.0,0.406,0.485,0.445521,121.81,0.321,0.0,ETH-28JUN19-130-C,233.96,0.0,0.434,60.0,0.449,2.0,155.25,0.01415,-0.04822,0.06237,0.00043,0.98971
233.96,index_price,1560164345459,open,0.4,0.0,0.355,0.467,0.411452,91.24,None,0,ETH-21JUN19-330-P,233.96,0.0,0.4,60.0,0.421,60.0,141.86,0.01758,-0.07373,-0.09716,0.00118,-0.98236
233.96,index_price,1560164345459,open,0.03,16.0,0.001,0.069,0.029008,79.88,0.035,0,ETH-21JUN19-250-C,233.96,75.09,0.026,240.0,0.031,200.0,83.02,0.14801,-0.54356,0.02169,0.01136,0.34019
234.02,ETH-28JUN19,1560164345462,open,0.24,3459.0,0.197,0.276,0.236208,82.45,0.212,0.0,ETH-28JUN19-180-C,233.96,0.0,0.225,60.0,0.247,60.0,112.17,0.06414,-0.14791,0.08031,0.0029,0.93694
234.02,ETH-28JUN19,1560164345462,open,0.58,0.0,0.534,0.613,0.573023,149.14,None,0.0,ETH-28JUN19-100-C,233.96,0.0,0.562,60.0,0.583,60.0,254.82,0.00483,-0.02013,0.04859,0.00012,0.99694
235.66,ETH-27SEP19,1560164345462,open,0.67,0.0,0.623,0.702,0.662462,94.53,None,0.0,ETH-27SEP19-80-C,233.96,0.0,0.642,12.0,0.681,12.0,151.56,0.0324,-0.01407,0.23069,0.00021,0.99063
233.96,index_price,1560164345459,open,0.12,1.0,0.086,0.175,0.130276,80.68,0.083,0,ETH-21JUN19-260-P,233.96,74.51,0.127,60.0,0.133,60.0,85.61,0.12715,-0.47165,-0.06167,0.00966,-0.7543
235.66,ETH-27SEP19,1560164345462,open,0.37,98.0,0.327,0.437,0.381971,89.72,0.354,0.0,ETH-27SEP19-300-P,233.96,87.84,0.378,36.0,0.39,36.0,93.51,0.49797,-0.20518,-0.68872,0.00335,-0.59778
233.96,index_price,1560164345459,open,0.27,0.0,0.234,0.336,0.284799,81.9,None,0,ETH-21JUN19-300-P,233.96,0.0,0.274,60.0,0.295,60.0,119.0,0.03876,-0.14594,-0.08638,0.0029,-0.9543
233.96,index_price,1560164345459,open,0.2,60.0,0.149,0.228,0.188968,106.02,0.217,0,ETH-14JUN19-190-C,233.96,0.0,0.18,60.0,0.198,60.0,175.65,0.0141,-0.19279,0.01953,0.00229,0.97499
233.96,index_price,1560164345460,open,0.12,3.0,0.066,0.145,0.105649,78.55,0.203,0,ETH-14JUN19-210-C,233.96,66.47,0.104,60.0,0.109,60.0,96.3,0.03735,-0.37851,0.02012,0.00818,0.91549
233.96,index_price,1560164345459,open,0.0,0.0,0.001,0.044,0.003883,81.48,None,0,ETH-21JUN19-190-P,233.96,76.94,0.003,200.0,0.005,400.0,86.54,0.04846,-0.18156,-0.00449,0.00365,-0.06057
233.96,index_price,1560164345459,open,0.04,40.0,0.003,0.086,0.044758,77.37,0.051,0,ETH-21JUN19-230-P,233.96,73.29,0.042,180.0,0.044,5.0,76.25,0.15809,-0.56234,-0.0326,0.01253,-0.42285
233.96,index_price,1560164345460,open,0.0,1386.0,0.001,0.04,0.000826,87.03,0.002,0,ETH-14JUN19-280-C,233.96,0.0,0.0,0.0,0.002,602.0,101.47,0.01414,-0.15874,0.0006,0.00279,0.0251
233.96,index_price,1560164345459,open,0.19,0.0,0.156,0.252,0.20411,81.44,None,0,ETH-21JUN19-280-P,233.96,0.0,0.193,60.0,0.215,60.0,108.13,0.07771,-0.29092,-0.07602,0.00585,-0.88641
233.96,index_price,1560164345460,open,0.31,0.0,0.273,0.378,0.325664,122.49,None,0,ETH-14JUN19-310-P,233.96,0.0,0.315,60.0,0.334,60.0,198.05,0.0092,-0.14539,-0.03256,0.00129,-0.98486
233.96,index_price,1560164345459,open,0.09,0.0,0.054,0.141,0.097613,79.95,0.071,0,ETH-21JUN19-250-P,233.96,74.19,0.094,180.0,0.098,200.0,80.57,0.14804,-0.54416,-0.05279,0.01135,-0.65963
233.96,index_price,1560164345459,open,0.02,10.0,0.001,0.058,0.018928,80.6,0.018,0,ETH-21JUN19-260-C,233.96,77.0,0.017,240.0,0.022,440.0,86.15,0.12707,-0.47085,0.01579,0.00967,0.24541
233.96,index_price,1560164345459,open,0.1,44.0,0.072,0.16,0.11564,81.11,0.072,0,ETH-14JUN19-260-P,233.96,54.61,0.112,60.0,0.118,60.0,92.1,0.04565,-0.47774,-0.02496,0.00968,-0.88891
233.96,index_price,1560164345459,open,0.15,0.0,0.12,0.212,0.165991,81.07,None,0,ETH-21JUN19-270-P,233.96,44.18,0.155,260.0,0.173,200.0,95.86,0.10222,-0.38099,-0.06943,0.00773,-0.82993
7636.18,BTC-28JUN19,1560164345467,open,0.23,1691.8,0.1805,0.26,0.22029626,79.33,0.263,0.0,BTC-28JUN19-6000-C,7664.58,74.81,0.219,8.5,0.223,12.3,87.48,2.31751,-5.14217,2.64683,0.0001,0.92805
7658.31,BTC-27SEP19,1560164345473,open,0.01,75.8,0.0005,0.0485,0.00852549,84.94,0.006,0.0,BTC-27SEP19-3750-P,7664.58,82.6,0.0075,18.0,0.009,6.4,85.97,3.4766,-1.35609,-1.06889,2e-05,-0.03827
7658.31,BTC-27SEP19,1560164345492,open,0.0,308.1,0.0005,0.043,0.00343329,86.36,0.004,0.0,BTC-27SEP19-22000-C,7664.58,80.57,0.002,33.0,0.005,36.0,91.04,2.2521,-0.89322,0.43957,1e-05,0.02268
7658.31,BTC-27SEP19,1560164345494,open,0.0,617.2,0.0005,0.0435,0.00377819,92.28,0.0045,0.0,BTC-27SEP19-3000-P,7664.58,88.73,0.003,18.0,0.004,6.1,93.21,1.79588,-0.76109,-0.48305,1e-05,-0.01737
7658.31,BTC-27SEP19,1560164345495,open,0.0,42.8,0.0005,0.045,0.00492735,89.28,0.003,0.0,BTC-27SEP19-3250-P,7664.58,85.94,0.004,18.0,0.005,5.3,89.53,2.25073,-0.9228,-0.63018,1e-05,-0.02266
7664.58,index_price,1560164345510,open,0.36,0.0,0.3155,0.425,0.37024488,120.85,None,0,BTC-14JUN19-10500-P,7664.58,0.0,0.3625,6.0,0.379,6.0,215.11,0.1509,-2.35277,-1.10957,2e-05,-0.99315
7658.31,BTC-27SEP19,1560164345528,open,0.02,256.9,0.0005,0.0635,0.02264989,79.01,0.018,0.0,BTC-27SEP19-4750-P,7664.58,77.16,0.021,18.0,0.024,6.9,80.47,6.95749,-2.52434,-2.64117,5e-05,-0.09297
7664.58,index_price,1560164345534,open,0.11,16.5,0.0685,0.157,0.11283589,77.21,0.108,0,BTC-14JUN19-8500-P,7664.58,66.03,0.111,0.1,0.117,0.1,96.24,1.42352,-14.17915,-0.82124,0.0003,-0.89627
7664.58,index_price,1560164345535,open,0.08,10.8,0.0405,0.127,0.0837012,74.96,0.09,0,BTC-14JUN19-8250-P,7664.58,66.45,0.0815,9.5,0.0875,6.1,88.16,2.07462,-20.0637,-0.73521,0.00044,-0.8197
7658.31,BTC-27SEP19,1560164345581,open,0.02,256.9,0.0005,0.0635,0.02264989,79.01,0.018,0.0,BTC-27SEP19-4750-P,7664.58,77.16,0.021,18.0,0.024,21.9,80.47,6.95749,-2.52434,-2.64117,5e-05,-0.09297
7636.18,BTC-28JUN19,1560164345643,open,0.48,322.4,0.437,0.5165,0.47692281,127.29,0.488,0.0,BTC-28JUN19-4000-C,7664.58,0.0,0.4675,6.0,0.4865,6.0,201.13,0.34664,-1.23415,1.92843,1e-05,0.99258
7636.18,BTC-28JUN19,1560164345644,open,0.17,509.3,0.123,0.2025,0.16285316,76.2,0.209,0.0,BTC-28JUN19-6500-C,7664.58,73.51,0.1615,6.8,0.173,6.0,94.26,3.92704,-8.36982,2.57255,0.00018,0.85075
7664.58,index_price,1560164345646,open,0.23,0.0,0.1905,0.2895,0.23991327,91.49,None,0,BTC-14JUN19-9500-P,7664.58,0.0,0.2325,6.0,0.249,6.0,166.11,0.26208,-3.09317,-0.9986,5e-05,-0.98713
7658.31,BTC-27SEP19,1560164345648,open,1.6,0.0,1.512,1.7205,1.61629832,83.53,None,0.0,BTC-27SEP19-20000-P,7664.58,0.0,1.5935,3.6,1.6485,3.6,123.9,2.87146,-1.10152,-59.07067,2e-05,-0.96968
7664.58,index_price,1560164345650,open,0.23,0.0,0.1905,0.2895,0.23991327,91.49,None,0,BTC-14JUN19-9500-P,7664.58,0.0,0.233,6.0,0.249,6.0,166.11,0.26208,-3.09317,-0.9986,5e-05,-0.98713
7658.09,BTC-27SEP19,1560164345652,open,0.53,13.1,0.4745,0.597,0.53579357,74.5,0.413,0.0,BTC-27DEC19-11000-P,7664.58,65.43,0.5115,10.8,0.559,10.8,82.81,21.02352,-3.91803,-49.663,9e-05,-0.64848
7658.09,BTC-27SEP19,1560164345663,open,0.64,5.5,0.5825,0.714,0.64836432,75.41,0.605,0.0,BTC-27DEC19-12000-P,7664.58,65.31,0.6235,3.6,0.673,3.6,84.71,19.68934,-3.71441,-56.56447,8e-05,-0.70049
7664.58,index_price,1560164345675,open,0.23,0.0,0.1935,0.292,0.24277472,76.81,None,0,BTC-21JUN19-9500-P,7664.58,0.0,0.2315,6.0,0.2575,6.0,120.39,1.5806,-5.58144,-2.7006,0.00012,-0.93978
7636.33,BTC-28JUN19,1560164345677,open,0.61,43.6,0.5675,0.647,0.6071896,135.85,0.6755,0.0,BTC-28JUN19-3000-C,7664.58,0.0,0.5985,6.0,0.617,6.0,274.31,0.0334,-0.1269,1.46696,0.0,0.99944
7658.09,BTC-27SEP19,1560164345691,open,0.75,0.5,0.695,0.8355,0.76514508,76.42,0.584,0.0,BTC-27DEC19-13000-P,7664.58,65.13,0.74,3.6,0.7905,3.6,86.58,18.26639,-3.49182,-63.25054,7e-05,-0.74314
7658.09,BTC-27SEP19,1560164345700,open,2.39,0.0,2.275,2.5475,2.41124509,90.76,None,0.0,BTC-27DEC19-26000-P,7664.58,0.0,2.373,3.6,2.4495,3.6,117.58,7.51466,-1.70608,-140.16342,3e-05,-0.93112
7658.31,BTC-27SEP19,1560164345701,open,0.48,3.2,0.4255,0.5435,0.48439164,73.8,0.481,0.0,BTC-27SEP19-11000-P,7664.58,63.26,0.4675,3.6,0.5065,3.6,86.04,13.08933,-4.43622,-28.35974,0.0001,-0.75705
7658.09,BTC-27SEP19,1560164345703,open,2.13,0.0,2.027,2.279,2.15295312,89.18,None,0.0,BTC-27DEC19-24000-P,7664.58,0.0,2.1165,3.6,2.1885,3.6,112.77,8.47427,-1.89055,-128.84151,3e-05,-0.91938
7658.09,BTC-27SEP19,1560164345704,open,1.12,0.0,1.0465,1.2165,1.13137424,79.77,None,0.0,BTC-27DEC19-16000-P,7664.58,62.69,1.105,3.6,1.158,3.6,92.61,14.35421,-2.86419,-82.24032,6e-05,-0.82975
7664.58,index_price,1560164345706,open,0.22,0.0,0.178,0.2575,0.2177113,110.2,None,0,BTC-14JUN19-6000-C,7664.58,0.0,0.2105,6.0,0.224,6.0,177.9,0.27232,-3.87161,0.6257,4e-05,0.98655
7658.09,BTC-27SEP19,1560164345709,open,1.87,0.0,1.779,2.01,1.89444125,86.49,None,0.0,BTC-27DEC19-22000-P,7664.58,0.0,1.861,3.6,1.928,3.6,107.67,9.35127,-2.02327,-117.52284,3e-05,-0.90804
7658.09,BTC-27SEP19,1560164345710,open,2.64,0.0,2.524,2.817,2.67062111,92.78,None,0.0,BTC-27DEC19-28000-P,7664.58,0.0,2.6295,3.6,2.7115,3.6,122.48,6.85429,-1.59087,-151.36318,2e-05,-0.93882
7658.09,BTC-27SEP19,1560164345712,open,0.23,71.5,0.19,0.2885,0.23911159,72.45,0.238,0.0,BTC-27DEC19-8000-P,7664.58,70.7,0.234,5.0,0.2435,10.8,73.97,22.21787,-4.02686,-27.89101,0.0001,-0.42598
7658.09,BTC-27SEP19,1560164345723,open,2.9,0.0,2.7735,3.087,2.9302364,94.62,None,0.0,BTC-27DEC19-30000-P,7664.58,0.0,2.887,3.6,2.9735,3.6,127.02,6.28625,-1.48795,-162.52039,2e-05,-0.9452
7636.18,BTC-28JUN19,1560164345724,open,0.19,110.5,0.1475,0.2425,0.19494537,76.81,0.157,0.0,BTC-28JUN19-9000-P,7664.58,62.04,0.187,12.0,0.203,6.0,89.42,4.57015,-9.81833,-3.76217,0.00021,-0.81105
7658.09,BTC-27SEP19,1560164345726,open,1.87,0.0,1.779,2.01,1.89444125,86.49,None,0.0,BTC-27DEC19-22000-P,7664.58,0.0,1.861,3.6,1.9285,3.6,107.93,9.35127,-2.02327,-117.52284,3e-05,-0.90804
7658.31,BTC-27SEP19,1560164345727,open,2.11,0.0,2.0115,2.2615,2.13653039,88.39,None,0.0,BTC-27SEP19-24000-P,7664.58,0.0,2.11,3.6,2.1735,3.6,141.26,1.746,-0.70875,-71.26303,1e-05,-0.9832
7636.18,BTC-28JUN19,1560164345729,open,0.95,2.8,0.8865,1.043,0.96480445,115.36,0.6485,0.0,BTC-28JUN19-15000-P,7664.58,0.0,0.9475,6.0,0.975,6.0,181.65,0.28389,-0.91604,-7.32573,1e-05,-0.99408
7658.09,BTC-27SEP19,1560164345730,open,1.09,0.0,1.0165,1.184,1.10039841,78.91,None,0.0,BTC-27SEP19-16000-P,7664.58,0.0,1.0805,3.6,1.1275,3.6,105.24,5.46543,-1.98072,-46.43246,4e-05,-0.93242
7636.18,BTC-28JUN19,1560164345756,open,0.17,509.3,0.123,0.2025,0.16285316,76.2,0.209,0.0,BTC-28JUN19-6500-C,7664.58,73.51,0.1615,6.8,0.173,11.0,94.26,3.92704,-8.36982,2.57255,0.00018,0.85075
233.96,index_price,1560164345804,open,0.07,213.0,0.036,0.121,0.078603,79.62,0.1,0,ETH-14JUN19-250-P,233.96,67.14,0.075,60.0,0.081,60.0,87.23,0.07166,-0.73611,-0.02129,0.01548,-0.77851
7664.58,index_price,1560164346106,open,0.08,10.8,0.0405,0.127,0.0837012,75.06,0.09,0,BTC-14JUN19-8250-P,7664.58,66.45,0.0815,9.6,0.0875,6.1,88.16,2.07702,-20.11263,-0.73496,0.00044,-0.81936
7658.09,BTC-27SEP19,1560164346111,open,1.12,0.0,1.0465,1.2165,1.13137424,79.77,None,0.0,BTC-27DEC19-16000-P,7664.58,62.69,1.105,3.6,1.1585,3.6,92.83,14.35421,-2.86419,-82.24032,6e-05,-0.82975
7658.09,BTC-27SEP19,1560164346113,open,0.96,0.0,0.895,1.052,0.97349529,78.47,None,0.0,BTC-27SEP19-15000-P,7664.58,0.0,0.9545,3.6,0.9985,3.6,100.41,6.66772,-2.40271,-43.07487,5e-05,-0.91221
7658.09,BTC-27SEP19,1560164346115,open,0.42,1.6,0.372,0.4855,0.42868053,73.64,0.4185,0.0,BTC-27DEC19-10000-P,7664.58,71.33,0.422,10.8,0.434,10.8,75.49,22.08137,-4.06788,-42.54884,9e-05,-0.58595
7658.09,BTC-27SEP19,1560164346137,open,0.13,72.4,0.084,0.1735,0.1286806,72.49,0.126,0.0,BTC-27DEC19-6500-P,7664.58,71.02,0.125,10.0,0.132,14.4,73.81,19.17574,-3.47707,-17.26516,8e-05,-0.28303
7664.58,index_price,1560164346149,open,0.3,2.0,0.2545,0.3585,0.30641601,80.41,0.312,0,BTC-21JUN19-10000-P,7664.58,0.0,0.2955,6.0,0.321,6.0,133.9,0.95888,-3.5446,-2.90952,7e-05,-0.96762
7636.33,BTC-28JUN19,1560164346151,open,0.42,216.3,0.372,0.4515,0.41163716,109.1,0.375,0.0,BTC-28JUN19-4500-C,7664.58,0.0,0.4025,6.0,0.421,6.0,169.84,0.46663,-1.42399,2.16144,1e-05,0.98959
7658.09,BTC-27SEP19,1560164346153,open,0.43,289.7,0.3905,0.47,0.43035694,80.14,0.51,0.0,BTC-27SEP19-4500-C,7664.58,45.6,0.4135,3.6,0.4455,3.6,97.26,5.97174,-2.19791,11.27983,4e-05,0.92415
7658.31,BTC-27SEP19,1560164346163,open,0.18,185.7,0.137,0.2315,0.18420857,72.73,0.19,0.0,BTC-27SEP19-8000-P,7664.58,70.79,0.18,17.8,0.189,2.0,74.94,16.62082,-5.55161,-14.82261,0.00013,-0.46465
7664.58,index_price,1560164346169,open,0.17,15.1,0.129,0.2225,0.17571567,87.39,0.1825,0,BTC-14JUN19-9000-P,7664.58,0.0,0.174,0.1,0.184,1.0,137.2,0.69514,-7.8371,-0.92342,0.00013,-0.95894
7658.09,BTC-27SEP19,1560164346187,open,0.42,1.6,0.372,0.4855,0.42868053,73.64,0.4185,0.0,BTC-27DEC19-10000-P,7664.58,71.33,0.422,10.8,0.4345,10.8,75.66,22.08137,-4.06788,-42.54884,9e-05,-0.58595
7664.58,index_price,1560164346190,open,0.23,0.0,0.1935,0.292,0.24277472,76.81,None,0,BTC-21JUN19-9500-P,7664.58,0.0,0.232,6.0,0.2575,6.0,120.39,1.5806,-5.58144,-2.7006,0.00012,-0.93978
7636.18,BTC-28JUN19,1560164346191,open,0.24,23.1,0.2035,0.3035,0.25337395,77.54,0.175,0.0,BTC-28JUN19-9500-P,7664.58,0.0,0.244,0.1,0.262,6.0,94.74,3.33346,-7.23019,-4.24706,0.00015,-0.88236
7658.09,BTC-27SEP19,1560164346200,open,0.53,13.1,0.4745,0.597,0.53579357,74.5,0.413,0.0,BTC-27DEC19-11000-P,7664.58,65.43,0.5115,10.8,0.5595,10.8,82.99,21.02352,-3.91803,-49.663,9e-05,-0.64848
7658.31,BTC-27SEP19,1560164346217,open,0.18,185.7,0.137,0.2315,0.18420857,72.73,0.19,0.0,BTC-27SEP19-8000-P,7664.58,70.79,0.18,17.8,0.1895,10.8,75.17,16.62082,-5.55161,-14.82261,0.00013,-0.46465
7658.31,BTC-27SEP19,1560164346212,open,0.27,73.9,0.222,0.323,0.27255291,72.71,0.27,0.0,BTC-27SEP19-9000-P,7664.58,71.06,0.269,10.8,0.278,7.0,75.28,16.32943,-5.45262,-19.52876,0.00013,-0.58237
7664.58,index_price,1560164346220,open,0.17,15.1,0.129,0.2225,0.17571567,87.39,0.1825,0,BTC-14JUN19-9000-P,7664.58,0.0,0.174,0.1,0.1845,6.0,139.32,0.69514,-7.8371,-0.92342,0.00013,-0.95894
7658.31,BTC-27SEP19,1560164346303,open,0.28,717.9,0.237,0.3165,0.27694998,74.72,0.302,0.0,BTC-27SEP19-6000-C,7664.58,71.22,0.2715,5.0,0.2815,7.0,77.56,12.09688,-4.15073,11.69065,9e-05,0.78874
7658.31,BTC-27SEP19,1560164346316,open,0.02,200.6,0.0005,0.0585,0.01795394,80.13,0.0155,0.0,BTC-27SEP19-4500-P,7664.58,78.23,0.0165,18.0,0.0185,8.9,80.82,5.96958,-2.19666,-2.14202,4e-05,-0.07581
7636.33,BTC-28JUN19,1560164346366,open,0.0,278.8,0.0005,0.0405,0.00092006,109.01,0.0005,0.0,BTC-28JUN19-4500-P,7664.06,100.65,0.0005,9.0,0.0015,30.0,117.06,0.46482,-1.41731,-0.04222,1e-05,-0.01037
7636.33,BTC-28JUN19,1560164346366,open,0.35,688.1,0.3065,0.386,0.34627594,90.99,0.37,0.0,BTC-28JUN19-5000-C,7664.06,0.0,0.338,6.0,0.3565,6.0,145.1,0.59454,-1.51312,2.39333,2e-05,0.98623
7636.33,BTC-28JUN19,1560164346366,open,0.0,631.4,0.0005,0.0405,0.00096341,89.61,0.001,0.0,BTC-28JUN19-12000-C,7664.06,82.64,0.0005,38.3,0.0015,46.0,95.21,0.62628,-1.56979,0.0511,2e-05,0.01463
7657.92,BTC-27SEP19,1560164346366,open,0.46,0.2,0.4195,0.499,0.45923277,81.62,0.26,0.0,BTC-27SEP19-4250-C,7664.06,0.0,0.4425,3.6,0.475,3.6,101.73,5.06799,-1.89968,10.95183,4e-05,0.93868
7636.33,BTC-28JUN19,1560164346366,open,0.0,520.6,0.0005,0.04,1.1e-07,135.0,0.0005,0.0,BTC-28JUN19-2000-P,7664.06,0.0,0.0,0.0,0.0005,22.0,240.37,0.00015,-0.00055,-1e-05,0.0,0.0
7664.06,index_price,1560164346365,open,0.01,613.0,0.0005,0.046,0.00589588,82.23,0.0055,0,BTC-14JUN19-7000-P,7664.06,78.06,0.005,36.0,0.007,64.9,87.06,1.69789,-18.01217,-0.1131,0.00033,-0.13308
7636.33,BTC-28JUN19,1560164346367,open,0.0,1255.2,0.0005,0.04,0.0,135.0,0.0005,0.0,BTC-28JUN19-1500-P,7664.06,0.0,0.0,0.0,0.0005,22.0,290.77,0.0,0.0,0.0,0.0,0.0
7657.92,BTC-27SEP19,1560164346366,open,0.45,6.6,0.4115,0.491,0.45105956,75.88,0.498,0.0,BTC-27DEC19-4500-C,7664.06,60.69,0.432,3.6,0.4695,3.6,88.42,10.64219,-2.02017,18.4152,4e-05,0.8902
7636.33,BTC-28JUN19,1560164346368,open,0.0,685.1,0.0005,0.04,3.75e-06,135.0,0.001,0.0,BTC-28JUN19-2500-P,7664.06,0.0,0.0,0.0,0.0005,22.0,201.75,0.00353,-0.01334,-0.0002,0.0,-5e-05
7657.92,BTC-27SEP19,1560164346368,open,0.41,13.5,0.3625,0.442,0.40239411,79.02,0.382,0.0,BTC-27SEP19-4750-C,7664.06,55.39,0.3855,3.6,0.4175,3.6,94.13,6.95933,-2.52535,11.52645,5e-05,0.90699
