underlying_price,underlying_index,timestamp,state,settlement_price,open_interest,min_price,max_price,mark_price,mark_iv,last_price,interest_rate,instrument_name,index_price,bid_iv,best_bid_price,best_bid_amount,best_ask_price,best_ask_amount,ask_iv,vega,theta,rho,gamma,delta
4961.67,index_price,1554375540006,open,0.35,0.0,0.34497861,0.34524795,0.34565597,128.93,None,0,BTC-12APR19-3250-C,4961.67,0.0,0.0,0.0,0.0,0.0,0.0,0.19322,-1.58161,0.68989,3e-05,0.99006
163.27,ETH-28JUN19,1554375540009,open,0.32,26.0,0.283158,0.349486,0.307509,82.56,0.191,0.0,ETH-28JUN19-120-C,159.61,0.0,0.11,1.0,0.0,0.0,0.0,0.19575,-0.0952,0.20012,0.00383,0.8346
4953.06,BTC-27SEP19,1554375540017,open,0.2,6.5,0.16701744,0.23533586,0.19751884,65.55,0.2185,0.0,BTC-27SEP19-4750-C,4961.67,63.27,0.1915,5.4,0.2035,3.0,67.83,13.03383,-2.42896,10.21032,0.00017,0.62533
4961.87,index_price,1554375540048,open,0.15,0.0,0.15915618,0.17799175,0.16761822,87.95,None,0,BTC-12APR19-5750-P,4961.87,0.0,0.0,0.0,0.224,0.2,205.66,1.62898,-9.09555,-1.09929,0.00035,-0.85915
4953.14,BTC-27SEP19,1554375540048,open,0.11,84.0,0.06205951,0.26512039,0.11165425,63.54,0.086,0.0,BTC-27DEC19-4000-P,4961.87,61.1,0.105,13.0,0.1175,3.0,65.68,13.54445,-1.6124,-13.20675,0.00012,-0.25301
4961.87,index_price,1554375540048,open,0.25,10.1,0.24423655,0.24423655,0.24468257,253.24,0.169,0,BTC-5APR19-3750-C,4961.87,0.0,0.0005,10.0,0.3405,0.1,500.0,0.0658,-9.51367,0.0887,4e-05,0.98982
4961.87,index_price,1554375540048,open,0.21,226.0,0.19385232,0.19385309,0.19432881,202.89,0.239,0,BTC-5APR19-4000-C,4961.87,0.0,0.1555,1.0,0.2,5.1,330.09,0.08285,-9.59807,0.09433,7e-05,0.98672
4956.58,BTC-28JUN19,1554375540050,open,0.43,19.5,0.42200811,0.45089136,0.44380619,69.87,0.7515,0.0,BTC-28JUN19-7000-P,4961.87,0.0,0.0,0.0,0.0,0.0,0.0,6.60995,-2.72067,-14.38226,0.00017,-0.80402
4961.87,index_price,1554375540048,open,0.0,24.0,0.0,0.0,0.0,114.87,0.0005,0,BTC-5APR19-3375-P,4961.87,0.0,0.0,0.0,0.0005,25.0,341.69,0.0,0.0,0.0,0.0,0.0
4961.87,index_price,1554375540048,open,0.0,446.3,0.0,6e-08,6e-08,114.78,0.0005,0,BTC-5APR19-3875-P,4961.87,0.0,0.0,0.0,0.0005,25.0,230.42,5e-05,-0.00028,0.0,0.0,0.0
4953.14,BTC-27SEP19,1554375540048,open,0.26,10.0,0.19577292,0.42138563,0.25288065,63.45,0.22,0.0,BTC-27DEC19-4500-C,4961.87,61.54,0.247,3.0,0.264,13.0,67.06,15.2825,-1.81668,15.21361,0.00013,0.67296
4953.14,BTC-27SEP19,1554375540048,open,0.04,12.3,0.00393091,0.17712186,0.03655093,69.93,0.0455,0.0,BTC-27DEC19-11000-C,4961.87,63.65,0.025,10.0,0.0485,10.0,75.55,9.88717,-1.29545,4.11862,8e-05,0.15028
4953.14,BTC-27SEP19,1554375540050,open,0.0,628.7,0.00060241,0.00736967,0.00579011,76.23,0.003,0.0,BTC-27SEP19-2000-P,4961.87,71.17,0.004,7.2,0.0075,27.5,80.29,1.93776,-0.41993,-0.70957,2e-05,-0.02394
4953.14,BTC-27SEP19,1554375540051,open,0.52,57.5,0.49879945,0.51548694,0.50895977,72.04,0.389,0.0,BTC-27SEP19-2500-C,4961.87,0.0,0.0005,1.0,0.0,0.0,0.0,3.70887,-0.75957,10.45691,4e-05,0.9471
4953.14,BTC-27SEP19,1554375540051,open,0.01,719.2,0.00352979,0.02021727,0.01357717,71.89,0.0105,0.0,BTC-27SEP19-2500-P,4961.87,68.26,0.011,12.3,0.0155,6.8,74.39,3.69479,-0.7551,-1.58063,4e-05,-0.05265
4953.34,BTC-27SEP19,1554375540051,open,0.29,238.8,0.25152376,0.30794477,0.27845546,66.62,0.28,0.0,BTC-27SEP19-4000-C,4961.87,63.41,0.2715,3.7,0.282,3.7,68.25,10.78541,-2.04271,11.39778,0.00014,0.75599
4953.34,BTC-27SEP19,1554375540051,open,0.03,844.9,0.00620959,0.03766786,0.02472633,71.7,0.0215,0.0,BTC-27SEP19-10000-C,4961.87,68.56,0.0205,15.0,0.0285,30.0,74.29,6.97733,-1.42217,2.33286,8e-05,0.12247
4956.58,BTC-28JUN19,1554375540051,open,0.33,164.9,0.30058424,0.32079309,0.31711658,71.24,0.328,0.0,BTC-28JUN19-3500-C,4961.87,0.0,0.1505,5.1,0.38,5.5,124.7,4.72722,-1.98389,6.50981,0.00012,0.88192
4961.87,index_price,1554375540048,open,0.31,6.0,0.29462078,0.29562518,0.29539975,110.79,0.287,0,BTC-12APR19-3500-C,4961.87,0.0,0.01,1.0,0.0,0.0,0.0,0.24413,-1.71713,0.74044,4e-05,0.98699
4953.34,BTC-27SEP19,1554375540051,open,0.23,12.1,0.21805551,0.28995907,0.2479602,64.81,0.229,0.0,BTC-27SEP19-5500-P,4961.87,0.0,0.005,103.0,0.2515,2.0,66.09,13.71677,-2.52748,-17.92565,0.00018,-0.50308
4956.58,BTC-28JUN19,1554375540051,open,0.51,24.4,0.49573365,0.49847922,0.50029686,81.95,0.5115,0.0,BTC-28JUN19-2500-C,4961.87,0.0,0.0005,1.0,0.0,0.0,0.0,1.48211,-0.71551,5.45023,3e-05,0.97317
4953.34,BTC-27SEP19,1554375540051,open,0.14,264.2,0.10769361,0.17959718,0.13787395,64.91,0.1355,0.0,BTC-27SEP19-5500-C,4961.87,62.61,0.1315,11.7,0.1395,5.0,65.5,13.71684,-2.53138,8.57627,0.00018,0.4972
4956.58,BTC-28JUN19,1554375540051,open,0.61,24.8,0.61670433,0.6336793,0.63171703,72.99,1.058,0.0,BTC-28JUN19-8000-P,4961.87,0.0,0.0,0.0,0.0,0.0,0.0,4.73037,-2.03407,-17.44462,0.00011,-0.88181
4956.78,BTC-28JUN19,1554375540052,open,0.26,35.5,0.2426547,0.28513598,0.2712645,67.23,0.451,0.0,BTC-28JUN19-6000-P,4961.87,0.0,0.0,0.0,0.0,0.0,0.0,8.70465,-3.44747,-10.79551,0.00023,-0.66533
4953.34,BTC-27SEP19,1554375540052,open,0.35,333.0,0.32321669,0.36737283,0.34470125,67.31,0.324,0.0,BTC-27SEP19-3500-C,4961.87,0.0,0.161,1.0,1.0,3.0,500.0,8.51155,-1.62863,11.71915,0.00011,0.83571
4961.87,index_price,1554375540049,open,0.27,0.0,0.28479919,0.29060891,0.287529,98.25,None,0,BTC-12APR19-6375-P,4961.87,0.0,0.0,0.0,0.0,0.0,0.0,0.72802,-4.54117,-1.32705,0.00014,-0.95196
4961.87,index_price,1554375540048,open,0.14,0.3,0.15883729,0.15892132,0.15824058,0.0,0.142,0,BTC-5APR19-5750-P,4961.87,0.0,0.0,0.0,0.2105,0.1,500.0,0.0,0.0,-0.13795,0.0,-1.0
4953.34,BTC-27SEP19,1554375540052,open,0.03,627.9,0.01210102,0.04215898,0.02830301,69.37,0.03,0.0,BTC-27SEP19-3000-P,4961.87,66.59,0.025,6.0,0.031,22.1,71.55,6.02953,-1.18903,-3.05971,7e-05,-0.09989
4953.34,BTC-27SEP19,1554375540048,open,0.38,4.8,0.32537255,0.49842606,0.36693732,64.75,0.314,0.0,BTC-27DEC19-3500-C,4961.87,0.0,0.255,1.0,0.0,0.0,0.0,11.22853,-1.36218,16.30098,0.0001,0.81703
4956.78,BTC-28JUN19,1554375540052,open,0.01,865.5,0.00017759,0.00504274,0.00720441,79.72,0.0055,0.0,BTC-28JUN19-10000-C,4961.87,76.09,0.0055,20.0,0.009,18.0,83.04,2.51209,-1.17979,0.50707,6e-05,0.0512
4956.78,BTC-28JUN19,1554375540052,open,0.0,364.5,1.8e-07,0.00019033,0.00211139,95.54,0.0005,0.0,BTC-28JUN19-15000-C,4961.87,81.78,0.0005,27.6,0.0035,20.0,101.91,0.89941,-0.50622,0.14727,2e-05,0.01489
4961.87,index_price,1554375540049,open,0.2,0.0,0.20926455,0.22133143,0.21463621,92.18,None,0,BTC-12APR19-6000-P,4961.87,0.0,0.0,0.0,0.0,0.0,0.0,1.19223,-6.97713,-1.20313,0.00024,-0.90912
4953.34,BTC-27SEP19,1554375540052,open,0.61,28.2,0.59683424,0.60360028,0.60212017,76.48,0.5015,0.0,BTC-27SEP19-2000-C,4961.87,0.0,0.0005,1.0,0.0,0.0,0.0,1.95593,-0.42528,8.91872,2e-05,0.97579
4961.87,index_price,1554375540049,open,0.23,18.2,0.21904571,0.22378352,0.22081629,93.92,0.246,0,BTC-12APR19-3875-C,4961.87,0.0,0.0,0.0,0.226,4.5,126.37,0.51452,-3.06777,0.80064,0.0001,0.96864
4956.78,BTC-28JUN19,1554375540052,open,0.0,346.4,1.108e-05,0.00131899,0.0043355,87.84,0.0025,0.0,BTC-28JUN19-12000-C,4961.87,83.32,0.003,6.0,0.006,18.0,92.35,1.64226,-0.84977,0.29989,3e-05,0.03035
4961.87,index_price,1554375540049,open,0.17,0.0,0.18402941,0.18405291,0.18335514,0.0,None,0,BTC-5APR19-5875-P,4961.87,0.0,0.0,0.0,0.2405,0.1,500.0,0.0,0.0,-0.14095,0.0,-1.0
4961.87,index_price,1554375540048,open,0.0,41.5,0.0,0.0010044,0.00036269,100.1,0.0005,0,BTC-12APR19-3500-P,4961.87,0.0,0.0,0.0,0.0005,10.0,104.27,0.14556,-0.925,-0.00809,3e-05,-0.0072
4961.87,index_price,1554375540049,open,0.13,0.0,0.13442758,0.1574924,0.14522925,86.63,0.1265,0,BTC-12APR19-5625-P,4961.87,0.0,0.0,0.0,0.1975,0.1,191.1,1.90074,-10.45397,-1.03529,0.00041,-0.82176
4953.34,BTC-27SEP19,1554375540048,open,0.07,77.1,0.03196648,0.20502,0.07335584,64.67,0.067,0.0,BTC-27DEC19-3500-P,4961.87,61.85,0.067,16.0,0.079,6.0,67.15,11.22427,-1.36004,-9.27946,0.0001,-0.18286
4961.87,index_price,1554375540048,open,0.18,0.0,0.18415056,0.19930968,0.19068251,89.28,None,0,BTC-12APR19-5875-P,4961.87,0.0,0.0,0.0,0.251,0.2,220.55,1.37724,-7.80612,-1.15621,0.00029,-0.88925
4956.78,BTC-28JUN19,1554375540053,open,0.0,308.5,7.1e-07,0.00035876,0.0025471,92.82,0.004,0.0,BTC-28JUN19-14000-C,4961.87,83.12,0.001,38.0,0.0045,38.0,100.27,1.06046,-0.57987,0.17865,2e-05,0.01805
4953.34,BTC-27SEP19,1554375540048,open,0.71,0.0,0.6972288,0.72839721,0.70154297,75.75,None,0.0,BTC-27DEC19-1500-C,4961.87,0.0,0.0,0.0,0.0,0.0,0.0,1.61085,-0.22862,10.26331,1e-05,0.98493
4961.87,index_price,1554375540050,open,0.0,234.2,0.0,8.09e-06,0.00048206,114.91,0.0005,0,BTC-26APR19-2500-P,4961.87,0.0,0.0,0.0,0.001,15.0,126.09,0.17494,-0.45947,-0.01624,1e-05,-0.00498
4961.87,index_price,1554375540051,open,0.45,10.2,0.44577348,0.44582638,0.44675345,109.75,0.006,0,BTC-26APR19-2750-C,4961.87,0.0,0.0,0.0,0.0,0.0,0.0,0.32034,-0.80356,1.61588,2e-05,0.99012
4961.87,index_price,1554375540049,open,0.0,30.0,0.0,0.00027133,0.00028032,115.51,0.0015,0,BTC-5APR19-5625-C,4961.87,125.58,0.0005,4.0,0.001,2.0,140.82,0.08837,-1.39092,0.00167,0.00013,0.01431
4953.34,BTC-27SEP19,1554375540053,open,0.02,638.4,0.00329254,0.02721595,0.01818081,72.98,0.024,0.0,BTC-27SEP19-11000-C,4961.87,70.09,0.015,15.0,0.0225,15.8,76.51,5.72819,-1.18849,1.78956,7e-05,0.09316
4953.34,BTC-27SEP19,1554375540050,open,0.61,0.0,0.59697739,0.6585065,0.60759794,71.4,None,0.0,BTC-27DEC19-2000-C,4961.87,0.0,0.0,0.0,0.0,0.0,0.0,3.40039,-0.45489,12.88351,3e-05,0.96333
4961.87,index_price,1554375540048,open,0.33,0.0,0.31981289,0.32034994,0.32049909,118.84,None,0,BTC-12APR19-3375-C,4961.87,0.0,0.0,0.0,0.0,0.0,0.0,0.20885,-1.57574,0.71586,3e-05,0.98913
4953.34,BTC-27SEP19,1554375540049,open,0.03,42.7,0.00216285,0.15871232,0.03219598,72.5,0.037,0.0,BTC-27DEC19-12000-C,4961.87,67.39,0.0235,10.0,0.0415,10.0,77.3,9.0525,-1.22969,3.61267,7e-05,0.13195
4961.87,index_price,1554375540051,open,0.26,224.9,0.24463987,0.25006123,0.25105037,83.13,0.2725,0,BTC-26APR19-3750-C,4961.87,0.0,0.029,1.0,0.0,0.0,0.0,1.62636,-3.09018,2.01984,0.00013,0.93026
4961.87,index_price,1554375540051,open,0.25,0.0,0.25961024,0.26707168,0.26300666,96.2,None,0,BTC-12APR19-6250-P,4961.87,0.0,0.0,0.0,0.0,0.0,0.0,0.85779,-5.23911,-1.28897,0.00017,-0.94092
4961.87,index_price,1554375540051,open,0.12,3.5,0.13364518,0.1339165,0.13325647,0.0,0.07,0,BTC-5APR19-5625-P,4961.87,0.0,0.0,0.0,0.1805,0.2,480.28,0.0,0.0,-0.13495,0.0,-1.0
4961.87,index_price,1554375540050,open,0.22,0.0,0.23442796,0.24395078,0.23867212,94.11,None,0,BTC-12APR19-6125-P,4961.87,0.0,0.0,0.0,0.0,0.0,0.0,1.00987,-6.03353,-1.24809,0.0002,-0.92707
4961.87,index_price,1554375540050,open,0.29,0.0,0.30999035,0.31448826,0.31210275,99.5,None,0,BTC-12APR19-6500-P,4961.87,0.0,0.0,0.0,0.0,0.0,0.0,0.60237,-3.80503,-1.3641,0.00011,-0.962
4961.87,index_price,1554375540051,open,0.55,0.0,0.54654193,0.54654272,0.54694732,128.61,0.429,0,BTC-26APR19-2250-C,4961.87,0.0,0.0,0.0,0.0,0.0,0.0,0.13748,-0.40412,1.33599,1e-05,0.9962
4961.87,index_price,1554375540049,open,0.35,0.0,0.36064754,0.36603195,0.36803709,85.6,None,0,BTC-26APR19-6750-P,4961.87,0.0,0.0,0.0,0.0,0.0,0.0,1.9122,-3.7414,-3.81159,0.00015,-0.91368
4961.87,index_price,1554375540048,open,0.26,0.0,0.26118023,0.27245137,0.27333051,81.59,None,0,BTC-26APR19-6250-P,4961.87,0.0,0.0,0.0,0.0,0.0,0.0,2.77611,-5.17717,-3.35372,0.00023,-0.85442
4961.87,index_price,1554375540050,open,0.28,6.0,0.26942867,0.27120088,0.27046266,105.3,0.11,0,BTC-12APR19-3625-C,4961.87,0.0,0.0,0.0,0.0,0.0,0.0,0.31591,-2.11183,0.76227,6e-05,0.98244
4961.87,index_price,1554375540048,open,0.14,15.3,0.11895421,0.13921344,0.12866983,87.35,0.183,0,BTC-12APR19-4375-C,4961.87,0.0,0.0005,50.0,0.1345,7.6,103.3,1.68406,-9.33945,0.77445,0.00036,0.85202
4961.87,index_price,1554375540048,open,0.0,1415.3,0.0,0.0,0.0,114.81,0.0005,0,BTC-5APR19-3750-P,4961.87,0.0,0.0,0.0,0.0005,25.0,257.15,0.0,-1e-05,0.0,0.0,0.0
4961.87,index_price,1554375540052,open,0.36,23.7,0.34501187,0.34586795,0.34659165,87.69,0.1875,0,BTC-26APR19-3250-C,4961.87,0.0,0.0,0.0,0.0,0.0,0.0,0.55901,-1.12041,1.88709,4e-05,0.98116
4961.87,index_price,1554375540051,open,0.16,168.9,0.14366545,0.15865958,0.15051602,89.19,0.1665,0,BTC-12APR19-4250-C,4961.87,0.0,0.1,0.6,0.157,6.5,110.24,1.33542,-7.56206,0.79588,0.00028,0.89389
4961.87,index_price,1554375540053,open,0.14,1112.3,0.10712537,0.12994989,0.12855119,78.28,0.126,0,BTC-26APR19-4500-C,4961.87,72.0,0.1235,4.9,0.1305,4.9,80.67,4.03405,-7.21811,1.78153,0.00035,0.72762
4961.87,index_price,1554375540050,open,0.0,1.0,0.0,2.351e-05,2.45e-05,115.41,0.0015,0,BTC-5APR19-5875-C,4961.87,0.0,0.0,0.0,0.001,17.0,179.51,0.01214,-0.12155,0.00018,2e-05,0.00154
4953.34,BTC-27SEP19,1554375540049,open,0.15,36.0,0.083215,0.33473382,0.14380611,63.11,0.1515,0.0,BTC-27DEC19-6000-C,4961.87,61.99,0.14,3.0,0.154,7.0,66.11,16.83577,-1.9907,11.66808,0.00015,0.46598
4961.87,index_price,1554375540051,open,0.31,32.6,0.29468646,0.29706806,0.29779086,84.01,0.3105,0,BTC-26APR19-3500-C,4961.87,0.0,0.0,0.0,0.0,0.0,0.0,0.95942,-1.84232,1.98134,8e-05,0.96405
4961.87,index_price,1554375540049,open,0.32,0.0,0.3351822,0.33864607,0.33661868,98.63,None,0,BTC-12APR19-6625-P,4961.87,0.0,0.0,0.0,0.0,0.0,0.0,0.45783,-2.86675,-1.40185,9e-05,-0.97275
4961.87,index_price,1554375540050,open,0.0,378.5,1.4e-07,0.00296731,0.0009065,93.43,0.002,0,BTC-12APR19-3750-P,4961.87,85.75,0.0005,10.0,0.001,5.2,94.85,0.31448,-1.86528,-0.01967,6e-05,-0.01747
4953.34,BTC-27SEP19,1554375540103,open,0.18,15.0,0.1116459,0.36050476,0.17187066,62.67,0.1865,0.0,BTC-27DEC19-5500-C,4961.87,61.39,0.1675,10.0,0.1835,13.0,66.09,16.85279,-1.9788,12.93192,0.00015,0.52894
4956.58,BTC-28JUN19,1554375540118,open,0.06,24.2,0.02819276,0.06574788,0.06335349,68.48,0.0595,0.0,BTC-28JUN19-4250-P,4961.87,66.99,0.061,5.0,0.064,2.0,68.89,7.81493,-3.15285,-3.77391,0.0002,-0.26408
159.61,index_price,1554375540125,open,0.0,382.0,0.0,6.7e-05,1e-05,110.44,0.002,0.2,ETH-5APR19-190-C,159.61,0.0,0.0,0.0,0.001,300.0,183.76,0.00019,-0.00166,0.0,0.00029,0.00072
4953.34,BTC-27SEP19,1554375540155,open,0.0,2099.5,3.95e-05,0.00166216,0.00145481,78.51,0.001,0.0,BTC-27SEP19-1500-P,4961.87,74.65,0.001,7.5,0.002,20.0,82.19,0.65812,-0.14689,-0.19844,1e-05,-0.00686
4956.78,BTC-28JUN19,1554375540155,open,0.0,730.6,0.0,9.55e-06,0.00071786,102.99,0.001,0.0,BTC-28JUN19-20000-C,4961.87,99.56,0.0005,6.0,0.001,3.0,106.41,0.35948,-0.2181,0.05196,1e-05,0.00523
4961.87,index_price,1554375540157,open,0.5,0.0,0.4961577,0.49616579,0.49693711,121.98,None,0,BTC-26APR19-2500-C,4961.87,0.0,0.0,0.0,0.0,0.0,0.0,0.24407,-0.68048,1.47447,1e-05,0.99275
4956.78,BTC-28JUN19,1554375540193,open,0.0,130.3,2.78e-06,0.00068412,0.00322602,90.22,0.0005,0.0,BTC-28JUN19-13000-C,4961.87,81.83,0.0015,20.0,0.005,38.0,96.06,1.29408,-0.68781,0.2259,3e-05,0.02282
163.74,ETH-27SEP19,1554375540242,open,0.08,649.0,0.034792,0.195633,0.082652,82.12,0.108,0.0,ETH-27SEP19-260-C,159.61,78.06,0.073,60.0,0.096,60.0,87.56,0.39483,-0.09218,0.17101,0.00372,0.2994
159.61,index_price,1554375540244,open,0.17,0.0,0.189831,0.189897,0.189021,0.0,None,0.2,ETH-5APR19-190-P,159.61,0.0,0.183,164.0,0.199,164.0,298.79,0.0,0.10406,-0.00456,0.0,-1.0
4961.87,index_price,1554375540244,open,0.41,4.9,0.39538965,0.39563409,0.39666254,98.76,0.3695,0,BTC-26APR19-3000-C,4961.87,0.0,0.0,0.0,0.0,0.0,0.0,0.42897,-0.9683,1.75309,3e-05,0.98617
4953.34,BTC-27SEP19,1554375540261,open,0.7,42.8,0.69721352,0.69883618,0.69870402,79.06,0.6235,0.0,BTC-27SEP19-1500-C,4961.87,0.0,0.001,1.0,0.0,0.0,0.0,0.68032,-0.15292,7.02127,1e-05,0.99288
4953.34,BTC-27SEP19,1554375540290,open,0.43,246.8,0.40644908,0.43650703,0.42280142,69.49,0.3115,0.0,BTC-27SEP19-3000-C,4961.87,0.0,0.135,0.1,0.0,0.0,0.0,6.04052,-1.19332,11.38628,7e-05,0.89986
163.27,ETH-28JUN19,1554375540309,open,0.27,328.0,0.235299,0.313896,0.264085,81.37,0.257,0.0,ETH-28JUN19-130-C,159.61,77.06,0.258,111.0,0.276,111.0,89.64,0.23227,-0.11134,0.1964,0.0046,0.78139
4956.74,BTC-28JUN19,1554375540354,open,0.01,336.9,4.437e-05,0.00256831,0.0053196,83.57,0.0075,0.0,BTC-28JUN19-11000-C,4961.87,78.37,0.0035,20.0,0.007,18.0,87.45,1.96788,-0.96881,0.37461,4e-05,0.03782
4956.74,BTC-28JUN19,1554375540362,open,0.7,31.8,0.69738176,0.69740624,0.69835245,107.1,0.6765,0.0,BTC-28JUN19-1500-C,4961.87,0.0,0.0005,1.0,0.0,0.0,0.0,0.34854,-0.21991,3.41868,1e-05,0.99495
4956.74,BTC-28JUN19,1554375540364,open,0.19,246.4,0.14482636,0.18776588,0.1756797,68.04,0.21,0.0,BTC-28JUN19-4500-C,4961.87,66.2,0.1725,6.0,0.1775,10.8,69.09,8.5835,-3.44039,5.77569,0.00022,0.67677
4956.74,BTC-28JUN19,1554375540374,open,0.41,47.2,0.39602903,0.40522561,0.40503596,74.66,0.4195,0.0,BTC-28JUN19-3000-C,4961.87,0.0,0.1795,0.1,0.0,0.0,0.0,2.75982,-1.21384,6.19308,6e-05,0.94234
4953.14,BTC-27SEP19,1554375540423,open,0.31,36.1,0.25449098,0.45755186,0.3043188,63.63,0.3315,0.0,BTC-27DEC19-4000-C,4961.87,61.31,0.298,13.0,0.316,13.0,67.89,13.54592,-1.61473,16.02958,0.00012,0.74693
159.61,index_price,1554375540444,open,0.0,150.0,0.0,0.001442,0.000441,109.82,0.001,0.2,ETH-12APR19-110-P,159.61,0.0,0.0,0.0,0.001,154.0,122.86,0.00507,-0.03459,-0.00029,0.00084,-0.00787
4953.34,BTC-27SEP19,1554375540496,open,0.08,11.0,0.02464083,0.25425061,0.07413802,64.98,0.0785,0.0,BTC-27DEC19-8000-C,4961.87,63.53,0.07,6.0,0.0835,6.0,68.18,14.24005,-1.73358,7.42984,0.00012,0.27928
4953.34,BTC-27SEP19,1554375540509,open,0.06,50.9,0.01330834,0.22405044,0.05750785,66.9,0.062,0.0,BTC-27DEC19-9000-C,4961.87,64.71,0.052,10.0,0.0645,10.0,69.58,12.67846,-1.58901,6.03854,0.00011,0.22424
163.74,ETH-27SEP19,1554375540511,open,0.13,489.0,0.067088,0.242452,0.121974,81.21,0.102,0.0,ETH-27SEP19-220-C,159.61,76.36,0.109,60.0,0.136,60.0,86.4,0.44035,-0.10167,0.22281,0.0042,0.40438
163.74,ETH-27SEP19,1554375540513,open,0.19,396.0,0.127889,0.304577,0.185116,80.7,0.232,0.0,ETH-27SEP19-180-C,159.61,75.22,0.17,50.0,0.198,50.0,85.39,0.45065,-0.1034,0.28334,0.00432,0.54423
4953.34,BTC-27SEP19,1554375540520,open,0.18,15.0,0.1116459,0.36050476,0.17187066,62.67,0.1865,0.0,BTC-27DEC19-5500-C,4961.87,61.39,0.1675,10.0,0.1835,3.0,66.09,16.85279,-1.9788,12.93192,0.00015,0.52894
4961.87,index_price,1554375540587,open,0.09,60.0,0.0870416,0.11943506,0.10412421,85.76,0.074,0,BTC-12APR19-5375-P,4961.87,80.41,0.1015,6.0,0.108,6.0,93.42,2.46905,-13.44222,-0.87838,0.00054,-0.71631
4953.34,BTC-27SEP19,1554375540610,open,0.11,701.4,0.07943998,0.15003698,0.10863672,64.91,0.1155,0.0,BTC-27SEP19-6000-C,4961.87,63.01,0.1035,5.0,0.1115,5.0,65.96,13.44513,-2.4811,7.44773,0.00018,0.42068
4961.87,index_price,1554375540623,open,0.03,72.1,0.00731802,0.027449,0.02675742,79.12,0.044,0,BTC-26APR19-5750-C,4961.87,76.21,0.0245,6.0,0.028,10.0,80.7,3.88673,-7.02875,0.67361,0.00033,0.25327
163.74,ETH-27SEP19,1554375540635,open,0.29,343.0,0.236012,0.388501,0.286444,81.39,0.189,0.0,ETH-27SEP19-140-C,159.61,75.29,0.272,50.0,0.299,50.0,86.69,0.38769,-0.0897,0.33589,0.00369,0.71217
163.74,ETH-27SEP19,1554375540642,open,1.22,0.0,1.205469,1.318818,1.250859,94.36,None,0.0,ETH-27SEP19-360-P,159.61,0.0,0.0,0.0,0.0,0.0,0.0,0.30913,-0.08292,-1.62543,0.00254,-0.8093
163.74,ETH-27SEP19,1554375540640,open,0.1,743.0,0.048338,0.217442,0.099885,81.58,0.111,0.0,ETH-27SEP19-240-C,159.61,76.89,0.088,60.0,0.113,60.0,86.64,0.4199,-0.09739,0.19538,0.00398,0.34752
159.61,index_price,1554375540661,open,0.08,1703.0,0.060387,0.065598,0.063558,111.25,0.074,0,ETH-5APR19-150-C,159.61,0.0,0.058,310.0,0.067,10.0,141.46,0.01579,-1.00286,0.00312,0.02322,0.87837
4961.87,index_price,1554375540675,open,0.08,438.9,0.04524353,0.07452536,0.07165485,77.06,0.0725,0,BTC-26APR19-5000-C,4961.87,73.31,0.068,5.2,0.0695,0.1,74.85,4.83908,-8.52273,1.33755,0.00043,0.52143
159.61,index_price,1554375540678,open,0.14,135.0,0.122862,0.123294,0.123586,141.19,0.086,0,ETH-5APR19-140-C,159.61,0.0,0.118,10.0,0.127,10.0,203.84,0.00484,-0.39032,0.00325,0.00561,0.97321
159.61,index_price,1554375540684,open,0.05,437.0,0.065269,0.07067,0.067224,97.27,0.07,0,ETH-5APR19-170-P,159.61,0.0,0.065,16.0,0.075,310.0,161.82,0.0134,-0.74417,-0.00372,0.02254,-0.90318
159.61,index_price,1554375540700,open,0.05,437.0,0.065269,0.07067,0.067224,97.27,0.07,0,ETH-5APR19-170-P,159.61,79.72,0.066,10.0,0.075,310.0,161.82,0.0134,-0.74417,-0.00372,0.02254,-0.90318
4961.87,index_price,1554375540706,open,0.03,119.2,0.00987718,0.0467049,0.02975076,83.97,0.026,0,BTC-12APR19-4750-P,4961.87,79.76,0.0275,24.0,0.0305,3.3,85.36,2.66728,-14.2184,-0.39469,0.0006,-0.3389
159.61,index_price,1554375540705,open,0.11,45.0,0.127208,0.127994,0.126704,0.0,0.102,0.2,ETH-5APR19-180-P,159.61,0.0,0.124,10.0,0.135,10.0,221.08,0.0,0.09858,-0.00432,0.0,-1.0
163.28,ETH-28JUN19,1554375540716,open,0.17,1041.0,0.124192,0.226423,0.161045,79.67,0.174,0.0,ETH-28JUN19-160-C,159.61,77.5,0.157,136.0,0.164,50.0,81.25,0.30483,-0.14306,0.16543,0.00617,0.59674
4961.87,index_price,1554375540708,open,0.02,30.8,0.0017852,0.02947937,0.01612512,87.3,0.017,0,BTC-12APR19-5500-C,4961.87,82.44,0.014,28.6,0.0175,14.2,90.35,2.21318,-12.26599,0.22899,0.00048,0.23
4961.87,index_price,1554375540727,open,0.02,30.8,0.0017852,0.02947937,0.01612512,87.3,0.017,0,BTC-12APR19-5500-C,4961.87,82.44,0.014,28.6,0.0175,14.3,90.35,2.21318,-12.26599,0.22899,0.00048,0.23
163.28,ETH-28JUN19,1554375540723,open,0.16,620.0,0.139101,0.24408,0.174894,78.63,0.106,0.0,ETH-28JUN19-170-P,159.61,76.6,0.171,50.0,0.185,50.0,83.91,0.31303,-0.145,-0.24366,0.00642,-0.46684
4961.87,index_price,1554375540729,open,0.03,25.3,0.00742236,0.04405239,0.02797051,86.18,0.034,0,BTC-12APR19-5250-C,4961.87,80.69,0.025,27.7,0.028,0.1,86.23,2.70252,-14.78629,0.34586,0.00059,0.35101
163.28,ETH-28JUN19,1554375540729,open,0.2,1937.0,0.178861,0.284262,0.214378,78.62,0.19,0.0,ETH-28JUN19-180-P,159.61,76.86,0.211,50.0,0.226,50.0,84.67,0.3134,-0.14515,-0.28147,0.00643,-0.52694
163.28,ETH-28JUN19,1554375540738,open,0.13,653.0,0.104104,0.206335,0.13916,78.7,0.124,0.0,ETH-28JUN19-160-P,159.61,76.48,0.135,60.0,0.148,60.0,83.44,0.30496,-0.14139,-0.2062,0.00625,-0.40391
4961.87,index_price,1554375540732,open,0.05,278.1,0.02940987,0.05687389,0.05458631,77.53,0.05,0,BTC-26APR19-4750-P,4961.87,74.74,0.052,6.0,0.0575,41.4,80.67,4.59707,-8.14653,-1.27056,0.0004,-0.37266
4961.87,index_price,1554375540748,open,0.05,278.1,0.02940987,0.05687389,0.05458631,77.53,0.05,0,BTC-26APR19-4750-P,4961.87,74.74,0.052,6.0,0.0575,41.3,80.67,4.59707,-8.14653,-1.27056,0.0004,-0.37266
4961.87,index_price,1554375540761,open,0.03,343.0,0.01404151,0.03686603,0.03493211,77.63,0.0335,0,BTC-26APR19-4500-P,4961.87,74.61,0.0325,4.8,0.0365,15.9,79.55,4.02543,-7.14206,-0.91041,0.00035,-0.27121
4961.87,index_price,1554375540764,open,0.05,81.6,0.02280206,0.06379711,0.04559475,83.93,0.0565,0,BTC-12APR19-5000-C,4961.87,80.36,0.0435,3.0,0.047,3.0,86.33,2.90773,-15.49364,0.48631,0.00065,0.49982
4961.87,index_price,1554375540766,open,0.05,81.6,0.02280206,0.06379711,0.04559475,83.93,0.0565,0,BTC-12APR19-5000-C,4961.87,80.36,0.0435,3.0,0.047,3.2,86.33,2.90773,-15.49364,0.48631,0.00065,0.49982
159.61,index_price,1554375540795,open,0.15,712.0,0.128858,0.151682,0.139124,97.92,0.112,0.2,ETH-12APR19-140-C,159.61,78.49,0.133,213.0,0.144,213.0,111.11,0.05597,-0.40965,0.02429,0.0104,0.84455
4961.87,index_price,1554375540804,open,0.0,222.5,1e-08,0.00078861,0.00081138,115.58,0.0015,0,BTC-5APR19-5500-C,4961.87,130.07,0.0015,3.4,0.002,9.7,138.36,0.19521,-4.02595,0.00427,0.00029,0.03669
4961.87,index_price,1554375540814,open,0.16,951.6,0.14346809,0.14351506,0.14401911,155.68,0.1555,0,BTC-5APR19-4250-C,4961.87,0.0,0.012,10.0,0.1495,6.9,255.81,0.11402,-10.13514,0.0996,0.00012,0.98073
4961.87,index_price,1554375540834,open,0.03,58.0,0.00378065,0.03617411,0.02150255,87.04,0.0255,0,BTC-12APR19-5375-C,4961.87,81.98,0.019,28.4,0.022,10.0,88.03,2.48348,-13.72277,0.28445,0.00054,0.28719
4961.87,index_price,1554375540844,open,0.02,234.1,0.00551167,0.01892077,0.01404029,89.82,0.0185,0,BTC-5APR19-5000-C,4961.87,87.02,0.0135,3.0,0.016,3.0,99.95,0.95845,-49.15145,0.05066,0.00181,0.43959
4961.87,index_price,1554375540846,open,0.02,234.1,0.00551167,0.01892077,0.01404029,89.82,0.0185,0,BTC-5APR19-5000-C,4961.87,87.02,0.0135,3.0,0.016,3.2,99.95,0.95845,-49.15145,0.05066,0.00181,0.43959
4961.87,index_price,1554375540848,open,0.0,231.1,4.09e-06,0.00276095,0.00156997,99.51,0.0015,0,BTC-5APR19-4625-P,4961.87,78.7,0.0005,22.4,0.0025,14.9,111.92,0.33065,-7.78998,-0.00866,0.00056,-0.07121
159.61,index_price,1554375540861,open,0.05,437.0,0.065269,0.07067,0.067224,97.27,0.07,0,ETH-5APR19-170-P,159.61,79.72,0.066,16.0,0.075,310.0,161.82,0.0134,-0.74417,-0.00372,0.02254,-0.90318
4961.87,index_price,1554375540852,open,0.07,180.4,0.03581591,0.07583961,0.05817426,84.28,0.068,0,BTC-12APR19-4875-C,4961.87,79.61,0.0555,3.4,0.0595,3.9,86.59,2.84751,-15.23551,0.55981,0.00064,0.58105
4961.87,index_price,1554375540865,open,0.07,180.4,0.03581591,0.07583961,0.05817426,84.28,0.068,0,BTC-12APR19-4875-C,4961.87,79.61,0.0555,3.4,0.0595,4.1,86.59,2.84751,-15.23551,0.55981,0.00064,0.58105
4961.87,index_price,1554375540878,open,0.02,180.2,0.01319627,0.02660538,0.0211302,86.74,0.0195,0,BTC-5APR19-5000-P,4961.87,83.47,0.0205,2.3,0.0225,1.8,93.83,0.95741,-47.41457,-0.06955,0.00187,-0.56315
4961.87,index_price,1554375540891,open,0.02,180.2,0.01319627,0.02660538,0.0211302,86.74,0.0195,0,BTC-5APR19-5000-P,4961.87,83.47,0.0205,2.3,0.0225,1.6,93.83,0.95741,-47.41457,-0.06955,0.00187,-0.56315
4961.87,index_price,1554375540913,open,0.01,13.7,0.00031888,0.01915446,0.00946482,90.0,0.0105,0,BTC-12APR19-5750-C,4961.87,85.53,0.008,4.4,0.0105,3.0,93.0,1.67734,-9.58415,0.14735,0.00035,0.1471
4961.87,index_price,1554375540916,open,0.01,13.7,0.00031888,0.01915446,0.00946482,90.0,0.0105,0,BTC-12APR19-5750-C,4961.87,85.53,0.008,4.4,0.0105,3.1,93.0,1.67734,-9.58415,0.14735,0.00035,0.1471
4961.87,index_price,1554375540917,open,0.01,29.5,0.00193811,0.02804725,0.01475459,85.08,0.013,0,BTC-12APR19-4500-P,4961.87,81.99,0.0135,3.2,0.016,10.0,88.08,2.03595,-10.99706,-0.22913,0.00045,-0.19926
4961.87,index_price,1554375540934,open,0.13,1219.1,0.11827597,0.11850998,0.11902391,137.21,0.12,0,BTC-5APR19-4375-C,4961.87,0.0,0.06,0.5,0.1245,8.4,221.85,0.15751,-12.33989,0.10151,0.00019,0.97171
4961.87,index_price,1554375540943,open,0.01,2.5,0.00027332,0.00565774,0.00846571,87.64,0.0115,0,BTC-26APR19-6750-C,4961.87,85.18,0.0075,6.2,0.009,24.0,88.94,2.00855,-4.02319,0.24906,0.00016,0.09222
4961.87,index_price,1554375540977,open,0.01,24.8,0.00010634,0.00368337,0.00644595,89.48,0.008,0,BTC-26APR19-7000-C,4961.87,88.13,0.006,6.1,0.0075,25.0,92.5,1.66586,-3.40703,0.19481,0.00013,0.07195
4961.87,index_price,1554375540995,open,0.05,61.4,0.03048667,0.07148172,0.05268467,82.92,0.0535,0,BTC-12APR19-5000-P,4961.87,80.04,0.051,18.0,0.0545,4.0,86.01,2.90772,-15.30628,-0.59256,0.00066,-0.50078
4961.7,index_price,1554375541048,open,0.0,230.4,0.0,7.08e-06,6.83e-06,114.68,0.001,0,BTC-5APR19-4125-P,4961.7,0.0,0.0,0.0,0.0005,24.4,178.6,0.00397,-0.03388,-6e-05,1e-05,-0.00046
4961.7,index_price,1554375541048,open,0.0,70.8,1e-08,0.00177317,0.00060284,97.31,0.0005,0,BTC-12APR19-3625-P,4961.7,0.0,0.0,0.0,0.001,18.5,104.75,0.22242,-1.37414,-0.01315,4e-05,-0.01168
4953.39,BTC-27SEP19,1554375541049,open,0.03,0.2,0.00120169,0.14284622,0.02496308,72.5,0.0165,0.0,BTC-27DEC19-13000-C,4961.7,66.52,0.0165,10.0,0.0315,10.0,76.43,7.77144,-1.05565,2.94641,6e-05,0.10632
4953.39,BTC-27SEP19,1554375541051,open,0.02,0.0,0.00067477,0.12908548,0.02244959,74.62,None,0.0,BTC-27DEC19-14000-C,4961.7,67.58,0.0135,10.0,0.032,10.0,80.61,7.17065,-1.00247,2.63528,5e-05,0.09521
4961.7,index_price,1554375541067,open,0.01,75.0,4.295e-05,0.01210521,0.00612831,95.07,0.0095,0,BTC-12APR19-6000-C,4961.7,90.43,0.005,5.5,0.007,30.0,98.39,1.26409,-7.62999,0.09879,0.00025,0.0984
4961.7,index_price,1554375541069,open,0.07,149.6,0.05294709,0.08222911,0.07874477,76.43,0.0755,0,BTC-26APR19-5000-P,4961.7,74.64,0.077,5.6,0.078,0.5,75.66,4.83924,-8.45341,-1.65882,0.00043,-0.47908
4961.7,index_price,1554375541100,open,0.01,47.7,1.43e-05,0.00953327,0.00498698,97.55,0.009,0,BTC-12APR19-6125-C,4961.7,92.83,0.004,6.0,0.006,33.0,101.94,1.094,-6.77558,0.08141,0.00021,0.08103
4961.7,index_price,1554375541102,open,0.01,62.1,0.00012096,0.01527463,0.00735186,91.75,0.0075,0,BTC-12APR19-5875-C,4961.7,86.88,0.006,4.9,0.0085,4.0,95.59,1.43876,-8.38085,0.11821,0.0003,0.11777
4961.7,index_price,1554375541105,open,0.01,901.9,0.00173092,0.01202657,0.01168231,79.27,0.01,0,BTC-26APR19-4000-P,4961.7,74.46,0.0095,48.5,0.0125,4.8,80.99,2.33837,-4.23692,-0.37278,0.0002,-0.11368
4961.7,index_price,1554375541107,open,0.0,112.7,7.9e-07,0.00205431,0.00186863,112.44,0.0025,0,BTC-5APR19-5375-C,4961.7,106.94,0.0015,5.0,0.003,20.0,126.61,0.35113,-9.27158,0.00895,0.00053,0.07704
4961.7,index_price,1554375541109,open,0.0,112.7,7.9e-07,0.00205431,0.00186863,112.44,0.0025,0,BTC-5APR19-5375-C,4961.7,106.94,0.0015,5.0,0.003,20.1,126.61,0.35113,-9.27158,0.00895,0.00053,0.07704
4961.7,index_price,1554375541114,open,0.02,69.8,0.00554795,0.02209179,0.02125526,78.72,0.02,0,BTC-26APR19-4250-P,4961.7,74.42,0.0185,25.5,0.0225,23.1,80.62,3.23287,-5.81696,-0.61076,0.00028,-0.18413
4961.7,index_price,1554375541128,open,0.02,69.8,0.00554795,0.02209179,0.02125526,78.72,0.02,0,BTC-26APR19-4250-P,4961.7,74.42,0.0185,25.5,0.0225,23.0,80.62,3.23287,-5.81696,-0.61076,0.00028,-0.18413
163.74,ETH-27SEP19,1554375541133,open,0.02,300.0,0.004991,0.065906,0.024202,87.62,0.026,0.0,ETH-27SEP19-80-P,159.61,80.51,0.018,80.0,0.032,80.0,95.61,0.15126,-0.03768,-0.07369,0.00134,-0.0692
4961.7,index_price,1554375541163,open,0.01,239.5,0.00262725,0.01461716,0.01028293,91.19,0.0115,0,BTC-5APR19-4875-P,4961.7,97.95,0.0115,0.2,0.012,3.3,100.71,0.88881,-46.27852,-0.0415,0.00165,-0.33834
4961.7,index_price,1554375541184,open,0.02,270.4,0.0047067,0.03662857,0.02113987,84.11,0.0195,0,BTC-12APR19-4625-P,4961.7,79.61,0.019,27.8,0.0225,13.6,86.93,2.38343,-12.72716,-0.30545,0.00053,-0.26417
4961.7,index_price,1554375541187,open,0.0,36.7,4.679e-05,0.01068549,0.00424353,89.0,0.005,0,BTC-12APR19-4125-P,4961.7,82.13,0.003,5.1,0.005,10.0,92.69,0.97531,-5.51062,-0.07916,0.00021,-0.0697
4961.7,index_price,1554375541193,open,0.08,55.0,0.06552065,0.10214524,0.08541492,84.99,0.0595,0,BTC-12APR19-5250-P,4961.7,80.51,0.083,18.0,0.0895,18.0,92.45,2.69469,-14.53912,-0.78919,0.0006,-0.65173
4961.7,index_price,1554375541236,open,0.03,72.1,0.00731394,0.02744116,0.02675742,79.13,0.044,0,BTC-26APR19-5750-C,4961.7,76.22,0.0245,5.9,0.028,10.0,80.71,3.88642,-7.02908,0.67352,0.00033,0.25325
4961.7,index_price,1554375541246,open,0.06,43.0,0.04640727,0.08612546,0.06799793,83.7,0.068,0,BTC-12APR19-5125-P,4961.7,79.34,0.0655,18.0,0.0725,29.5,91.52,2.84896,-15.13914,-0.69375,0.00064,-0.58
4961.7,index_price,1554375541264,open,0.04,32.3,0.01349517,0.05321335,0.03573077,84.82,0.046,0,BTC-12APR19-5125-C,4961.7,80.94,0.0335,3.1,0.037,9.3,87.03,2.85142,-15.35542,0.4132,0.00063,0.42168
4961.7,index_price,1554375541266,open,0.04,32.3,0.01349517,0.05321335,0.03573077,84.82,0.046,0,BTC-12APR19-5125-C,4961.7,80.94,0.0335,3.1,0.037,9.4,87.03,2.85142,-15.35542,0.4132,0.00063,0.42168
4961.7,index_price,1554375541256,open,0.06,43.0,0.04640727,0.08612546,0.06799793,83.7,0.068,0,BTC-12APR19-5125-P,4961.7,80.22,0.066,18.0,0.0725,29.5,91.52,2.84896,-15.13914,-0.69375,0.00064,-0.58
4961.7,index_price,1554375541268,open,0.11,886.0,0.07208929,0.09955549,0.0978509,78.16,0.144,0,BTC-26APR19-4750-C,4961.7,73.46,0.0935,5.4,0.099,6.2,79.4,4.59879,-8.21572,1.57312,0.0004,0.62686
4961.7,index_price,1554375541283,open,0.09,60.0,0.08707475,0.11946147,0.10412421,85.7,0.074,0,BTC-12APR19-5375-P,4961.7,81.38,0.102,6.0,0.108,6.0,93.36,2.46793,-13.42728,-0.87862,0.00054,-0.71656
4961.7,index_price,1554375541278,open,0.11,886.0,0.07208929,0.09955549,0.0978509,78.16,0.144,0,BTC-26APR19-4750-C,4961.7,73.46,0.0935,5.4,0.0985,5.0,78.86,4.59879,-8.21572,1.57312,0.0004,0.62686
4961.7,index_price,1554375541289,open,0.0,185.6,0.0,4.707e-05,4.554e-05,114.63,0.0005,0,BTC-5APR19-4250-P,4961.7,0.0,0.0,0.0,0.0005,21.3,153.36,0.02002,-0.22593,-0.00032,3e-05,-0.00267
4961.7,index_price,1554375541290,open,0.0,3.0,1.32e-06,0.00580847,0.00348936,103.08,0.0055,0,BTC-12APR19-6375-C,4961.7,100.05,0.003,3.7,0.004,30.0,106.0,0.83504,-5.46448,0.05739,0.00015,0.0571
4961.7,index_price,1554375541295,open,0.01,159.5,0.00070407,0.01005448,0.00685031,95.3,0.0155,0,BTC-5APR19-5125-C,4961.7,93.05,0.0065,2.2,0.008,15.0,102.55,0.77445,-33.98916,0.0291,0.00138,0.25132
4961.7,index_price,1554375541300,open,0.0,245.2,0.00019405,0.00693127,0.00385068,91.55,0.0035,0,BTC-5APR19-4750-P,4961.7,84.1,0.003,4.3,0.004,7.0,92.79,0.59109,-19.10593,-0.01949,0.00109,-0.1599
4961.7,index_price,1554375541303,open,0.01,75.0,3.739e-05,0.00480161,0.00327383,101.58,0.004,0,BTC-5APR19-5250-C,4961.7,93.85,0.0025,4.2,0.0045,19.2,112.49,0.52346,-16.24379,0.01549,0.00087,0.13344
4961.7,index_price,1554375541304,open,0.01,75.0,3.739e-05,0.00480161,0.00327383,101.58,0.004,0,BTC-5APR19-5250-C,4961.7,93.85,0.0025,4.2,0.0045,19.3,112.49,0.52346,-16.24379,0.01549,0.00087,0.13344
4961.7,index_price,1554375541308,open,0.04,66.0,0.01832211,0.05834867,0.04008692,83.24,0.037,0,BTC-12APR19-4875-P,4961.7,79.6,0.038,18.0,0.041,2.9,84.83,2.84699,-15.0451,-0.49114,0.00064,-0.41867
4961.7,index_price,1554375541285,open,0.08,224.7,0.05255271,0.08938587,0.07301534,85.05,0.0705,0,BTC-12APR19-4750-C,4961.7,77.55,0.069,18.0,0.0755,18.0,89.65,2.67161,-14.42591,0.62804,0.00059,0.65964
4961.7,index_price,1554375541310,open,0.06,1009.9,0.02641276,0.05452547,0.05239732,77.78,0.0485,0,BTC-26APR19-5250-C,4961.7,73.7,0.0485,5.2,0.05,0.1,75.27,4.74861,-8.4418,1.09371,0.00041,0.42019
4961.7,index_price,1554375541311,open,0.1,224.2,0.0725665,0.10448838,0.0895817,85.32,0.086,0,BTC-12APR19-4625-C,4961.7,77.78,0.086,6.0,0.0915,6.0,89.27,2.39417,-12.96825,0.68936,0.00053,0.73348
4961.7,index_price,1554375541313,open,0.06,317.6,0.04286088,0.0495981,0.04711527,96.44,0.055,0,BTC-5APR19-4750-C,4961.7,72.42,0.0445,6.0,0.0495,6.0,114.31,0.6194,-34.10841,0.09297,0.00109,0.82809
4961.7,index_price,1554375541329,open,0.05,161.1,0.05814247,0.0629067,0.06071824,95.03,0.0645,0,BTC-5APR19-5250-P,4961.7,72.97,0.059,6.0,0.0645,6.0,127.48,0.47757,-25.91388,-0.11234,0.00085,-0.88299
4961.7,index_price,1554375541331,open,0.08,135.7,0.06786392,0.07062431,0.0700118,107.54,0.078,0,BTC-5APR19-4625-C,4961.7,0.0,0.067,6.0,0.072,6.0,129.54,0.38431,-23.59755,0.10037,0.00061,0.91315
4961.7,index_price,1554375541335,open,0.0,1.0,4.47e-06,0.00746275,0.00414427,100.29,0.005,0,BTC-12APR19-6250-C,4961.7,96.78,0.0035,4.0,0.005,32.2,104.52,0.95351,-6.07091,0.06802,0.00018,0.06768
4961.7,index_price,1554375541344,open,0.07,76.3,0.08329886,0.08535237,0.08449029,101.79,0.0685,0,BTC-5APR19-5375-P,4961.7,0.0,0.0825,6.0,0.088,6.0,143.99,0.27834,-16.17659,-0.1223,0.00046,-0.94293
163.28,ETH-28JUN19,1554375541338,open,0.01,993.0,6e-06,0.007614,0.005728,110.13,0.008,0.0,ETH-28JUN19-500-C,159.61,110.89,0.006,80.0,0.008,261.0,115.9,0.05761,-0.03738,0.01026,0.00084,0.03275
4961.7,index_price,1554375541346,open,0.09,46.3,0.10849105,0.10927845,0.10861028,87.3,0.0915,0,BTC-5APR19-5500-P,4961.7,0.0,0.107,6.0,0.1125,6.0,164.14,0.05609,-2.79574,-0.13096,0.00011,-0.99152
4961.7,index_price,1554375541347,open,0.03,135.2,0.03361618,0.04296658,0.03911747,91.13,0.035,0,BTC-5APR19-5125-P,4961.7,80.14,0.0375,6.0,0.043,6.0,115.2,0.75718,-39.39682,-0.09501,0.00141,-0.75903
163.27,ETH-28JUN19,1554375541346,open,0.17,1041.0,0.124164,0.226399,0.161045,79.68,0.174,0.0,ETH-28JUN19-160-C,159.61,77.52,0.157,138.0,0.164,50.0,81.26,0.30483,-0.14308,0.1654,0.00617,0.59668
163.74,ETH-27SEP19,1554375541363,open,0.04,836.0,0.018597,0.114566,0.046637,82.2,0.044,0.0,ETH-27SEP19-100-P,159.61,78.91,0.042,80.0,0.058,80.0,89.92,0.2342,-0.05473,-0.13556,0.00221,-0.12517
163.28,ETH-28JUN19,1554375541363,open,0.12,1946.0,0.07646,0.181862,0.113999,79.67,0.126,0.0,ETH-28JUN19-180-C,159.61,77.59,0.11,113.0,0.118,50.0,81.76,0.31352,-0.14715,0.13723,0.00635,0.47542
163.28,ETH-28JUN19,1554375541370,open,0.14,524.0,0.097945,0.202923,0.135647,79.63,0.148,0.0,ETH-28JUN19-170-C,159.61,77.72,0.132,121.0,0.14,50.0,81.9,0.31293,-0.14679,0.15149,0.00634,0.53464
163.27,ETH-28JUN19,1554375541380,open,0.05,1030.0,0.031526,0.110123,0.058803,80.31,0.056,0.0,ETH-28JUN19-130-P,159.61,78.32,0.056,60.0,0.064,173.0,83.95,0.23134,-0.10945,-0.10475,0.00465,-0.2171
4956.74,BTC-28JUN19,1554375541420,open,0.15,16.0,0.1070717,0.15312111,0.14890407,67.71,0.1445,0.0,BTC-28JUN19-4750-C,4961.7,65.86,0.1455,7.3,0.1505,10.8,68.58,9.13305,-3.64301,5.37832,0.00024,0.61552
163.27,ETH-28JUN19,1554375541428,open,0.08,1331.0,0.045383,0.146133,0.079632,79.63,0.088,0.0,ETH-28JUN19-200-C,159.61,77.63,0.076,136.0,0.086,60.0,83.12,0.29681,-0.13923,0.10959,0.00601,0.36827
4956.74,BTC-28JUN19,1554375541431,open,0.13,847.6,0.09207375,0.13980455,0.12547617,67.47,0.1245,0.0,BTC-28JUN19-5000-C,4961.7,65.91,0.1225,12.3,0.127,10.8,68.27,9.44793,-3.7553,4.94016,0.00025,0.55408
163.27,ETH-28JUN19,1554375541444,open,0.03,754.0,0.008261,0.076706,0.034424,86.41,0.032,0.0,ETH-28JUN19-260-C,159.61,82.85,0.03,212.0,0.038,60.0,89.17,0.20795,-0.10586,0.05599,0.00388,0.18189
163.27,ETH-28JUN19,1554375541458,open,0.03,1223.0,0.009334,0.062335,0.027736,83.02,0.015,0.0,ETH-28JUN19-110-P,159.61,80.09,0.025,80.0,0.03,140.0,85.37,0.15534,-0.07597,-0.05521,0.00302,-0.11768
163.27,ETH-28JUN19,1554375541473,open,0.23,399.0,0.192693,0.281662,0.224781,80.3,0.24,0.0,ETH-28JUN19-140-C,159.61,77.34,0.22,130.0,0.228,6.0,82.29,0.26381,-0.1248,0.18902,0.0053,0.72264
163.74,ETH-27SEP19,1554375541489,open,0.36,173.0,0.313622,0.441495,0.355831,82.47,0.265,0.0,ETH-27SEP19-120-C,159.61,0.0,0.265,5.0,0.0,0.0,0.0,0.32155,-0.07539,0.34766,0.00302,0.79648
163.27,ETH-28JUN19,1554375541492,open,0.2,457.0,0.155656,0.252574,0.19072,79.92,0.205,0.0,ETH-28JUN19-150-C,159.61,77.82,0.187,126.0,0.194,50.0,81.78,0.28846,-0.13581,0.17819,0.00582,0.66007
4961.7,index_price,1554375541497,open,0.05,161.1,0.05814247,0.0629067,0.06071824,95.03,0.0645,0,BTC-5APR19-5250-P,4961.7,72.97,0.059,6.4,0.0645,6.0,127.48,0.47757,-25.91388,-0.11234,0.00085,-0.88299
163.28,ETH-28JUN19,1554375541498,open,0.07,638.0,0.034602,0.131087,0.067674,80.37,0.068,0.0,ETH-28JUN19-210-C,159.61,78.25,0.064,137.0,0.074,60.0,83.99,0.28317,-0.13407,0.09747,0.00568,0.32439
163.27,ETH-28JUN19,1554375541504,open,0.04,701.0,0.014824,0.094861,0.044359,84.04,0.055,0.0,ETH-28JUN19-240-C,159.61,80.99,0.04,207.0,0.048,60.0,86.51,0.23745,-0.11755,0.06943,0.00456,0.22723
163.27,ETH-28JUN19,1554375541533,open,0.1,702.0,0.059133,0.162989,0.095399,79.66,0.103,0.0,ETH-28JUN19-190-C,159.61,77.32,0.091,131.0,0.1,50.0,82.09,0.30771,-0.14439,0.12312,0.00623,0.4197
4961.7,index_price,1554375541555,open,0.14,34.0,0.12286652,0.1475557,0.14569322,77.9,0.1255,0,BTC-26APR19-5500-P,4961.7,74.27,0.1425,14.4,0.15,14.4,82.73,4.38965,-7.81611,-2.4308,0.00038,-0.67174
4961.7,index_price,1554375541558,open,0.12,219.4,0.09499321,0.12110968,0.10837366,86.44,0.1105,0,BTC-12APR19-4500-C,4961.7,76.73,0.1045,6.0,0.11,6.0,90.31,2.05567,-11.28045,0.73778,0.00045,0.79751
4961.7,index_price,1554375541562,open,0.11,701.9,0.0930528,0.09395521,0.09405906,117.43,0.105,0,BTC-5APR19-4500-C,4961.7,0.0,0.091,6.0,0.096,6.0,149.44,0.21831,-14.6381,0.10283,0.00031,0.9579
4961.7,index_price,1554375541563,open,0.14,1112.3,0.10710146,0.12992951,0.12855119,78.31,0.126,0,BTC-26APR19-4500-C,4961.7,71.4,0.123,4.9,0.1305,4.9,80.7,4.03468,-7.22156,1.78116,0.00035,0.72752
4961.7,index_price,1554375541565,open,0.14,1112.3,0.10710146,0.12992951,0.12855119,78.31,0.126,0,BTC-26APR19-4500-C,4961.7,71.4,0.123,4.9,0.13,4.9,80.09,4.03468,-7.22156,1.78116,0.00035,0.72752
163.27,ETH-28JUN19,1554375541560,open,0.01,1904.0,0.001544,0.029002,0.009987,85.44,0.006,0.0,ETH-28JUN19-90-P,159.61,81.18,0.008,80.0,0.011,155.0,87.46,0.08031,-0.04042,-0.02251,0.00152,-0.04931
163.28,ETH-28JUN19,1554375541584,open,0.02,1901.0,0.004163,0.043831,0.01746,84.41,0.01,0.0,ETH-28JUN19-100-P,159.61,80.86,0.015,80.0,0.019,125.0,86.53,0.11656,-0.05796,-0.03684,0.00223,-0.07956
163.27,ETH-28JUN19,1554375541592,open,0.02,10.0,0.002497,0.050596,0.022513,91.43,0.018,0.0,ETH-28JUN19-300-C,159.61,87.71,0.019,227.0,0.026,281.0,94.86,0.16038,-0.08638,0.0382,0.00283,0.12313
163.27,ETH-28JUN19,1554375541596,open,0.03,58.0,0.004557,0.062203,0.027385,88.81,0.021,0.0,ETH-28JUN19-280-C,159.61,85.69,0.024,209.0,0.031,80.0,91.97,0.18189,-0.09516,0.04577,0.0033,0.14794
4961.7,index_price,1554375541606,open,0.03,72.1,0.00731394,0.02744116,0.02675742,79.13,0.044,0,BTC-26APR19-5750-C,4961.7,76.22,0.0245,5.9,0.0285,34.4,81.34,3.88642,-7.02908,0.67352,0.00033,0.25325
163.27,ETH-28JUN19,1554375541615,open,0.04,208.0,0.018137,0.084465,0.041095,81.39,0.04,0.0,ETH-28JUN19-120-P,159.61,78.76,0.038,60.0,0.045,118.0,84.64,0.19417,-0.0931,-0.07762,0.00385,-0.16335
4961.7,index_price,1554375541619,open,0.03,72.1,0.00731394,0.02744116,0.02675742,79.13,0.044,0,BTC-26APR19-5750-C,4961.7,76.22,0.0245,5.9,0.0285,51.2,81.34,3.88642,-7.02908,0.67352,0.00033,0.25325
163.28,ETH-28JUN19,1554375541626,open,0.06,644.0,0.026216,0.11763,0.05757,81.06,0.071,0.0,ETH-28JUN19-220-C,159.61,79.48,0.055,128.0,0.064,60.0,84.94,0.26742,-0.1277,0.08644,0.00532,0.28524
4961.7,index_price,1554375541636,open,0.08,438.9,0.04522797,0.07450998,0.07165485,77.07,0.0725,0,BTC-26APR19-5000-C,4961.7,72.81,0.0675,6.3,0.0695,0.1,74.86,4.83895,-8.52425,1.33732,0.00043,0.52137
4961.7,index_price,1554375541678,open,0.04,1054.1,0.01437548,0.03906465,0.03789431,78.68,0.036,0,BTC-26APR19-5500-C,4961.7,74.26,0.034,6.5,0.0365,10.0,77.11,4.40192,-7.91654,0.87028,0.00038,0.33055
4961.7,index_price,1554375541690,open,0.03,119.2,0.00988588,0.04671904,0.02975076,83.94,0.026,0,BTC-12APR19-4750-P,4961.7,79.74,0.0275,24.0,0.0305,3.1,85.33,2.66741,-14.2151,-0.39475,0.0006,-0.33897
4961.7,index_price,1554375541714,open,0.02,30.8,0.00178309,0.02947011,0.01612512,87.31,0.017,0,BTC-12APR19-5500-C,4961.7,82.46,0.014,28.5,0.0175,14.3,90.36,2.21294,-12.26693,0.22894,0.00048,0.22997
4961.7,index_price,1554375541716,open,0.02,30.8,0.00178309,0.02947011,0.01612512,87.31,0.017,0,BTC-12APR19-5500-C,4961.7,82.46,0.014,28.5,0.0175,14.4,90.36,2.21294,-12.26693,0.22894,0.00048,0.22997
4961.7,index_price,1554375541717,open,0.03,25.3,0.00741556,0.04404015,0.02797051,86.2,0.034,0,BTC-12APR19-5250-C,4961.7,80.71,0.025,27.5,0.028,0.1,86.25,2.70227,-14.78841,0.34579,0.00059,0.35096
4961.7,index_price,1554375541730,open,0.05,278.1,0.02942246,0.05688866,0.05458631,77.52,0.05,0,BTC-26APR19-4750-P,4961.7,75.26,0.0525,4.9,0.0575,41.3,80.66,4.59714,-8.145,-1.27069,0.0004,-0.37272
4961.7,index_price,1554375541748,open,0.05,278.1,0.02942246,0.05688866,0.05458631,77.52,0.05,0,BTC-26APR19-4750-P,4961.7,75.26,0.0525,4.9,0.0575,41.1,80.66,4.59714,-8.145,-1.27069,0.0004,-0.37272
4961.7,index_price,1554375541759,open,0.03,343.0,0.01404868,0.03687673,0.03493211,77.61,0.0335,0,BTC-26APR19-4500-P,4961.7,74.6,0.0325,5.0,0.0365,15.9,79.54,4.02556,-7.1411,-0.91049,0.00035,-0.27125
159.61,index_price,1554375541790,open,0.0,1414.0,0.0,0.0,0.0,109.79,0.001,0,ETH-5APR19-120-P,159.61,0.0,0.0,0.0,0.001,300.0,289.05,0.0,0.0,0.0,0.0,0.0
4961.7,index_price,1554375541786,open,0.05,81.6,0.02278685,0.06378163,0.04559475,83.96,0.0565,0,BTC-12APR19-5000-C,4961.7,79.53,0.043,22.1,0.047,3.2,86.35,2.90763,-15.49801,0.48619,0.00065,0.49973
4961.7,index_price,1554375541794,open,0.05,81.6,0.02278685,0.06378163,0.04559475,83.96,0.0565,0,BTC-12APR19-5000-C,4961.7,79.53,0.043,22.1,0.047,3.4,86.35,2.90763,-15.49801,0.48619,0.00065,0.49973
4961.7,index_price,1554375541803,open,0.14,15.3,0.11892493,0.13919092,0.12866983,87.43,0.183,0,BTC-12APR19-4375-C,4961.7,0.0,0.0005,50.0,0.1335,7.6,100.76,1.68582,-9.35701,0.77416,0.00036,0.85178
4961.7,index_price,1554375541823,open,0.0,222.5,1e-08,0.00078741,0.00081138,115.61,0.0015,0,BTC-5APR19-5500-C,4961.7,130.1,0.0015,3.4,0.002,9.8,138.4,0.19517,-4.02581,0.00427,0.00029,0.03669
4961.7,index_price,1554375541825,open,0.18,710.8,0.16863172,0.1686388,0.16915765,179.93,0.1,0,BTC-5APR19-4125-C,4961.7,0.0,0.13,0.2,0.1745,5.9,289.79,0.0983,-10.09919,0.09697,9e-05,0.9838
4961.7,index_price,1554375541842,open,0.03,58.0,0.00377668,0.03616341,0.02150255,87.05,0.0255,0,BTC-12APR19-5375-C,4961.7,81.99,0.019,28.3,0.022,10.0,88.05,2.48322,-13.72421,0.2844,0.00054,0.28714
163.74,ETH-27SEP19,1554375541854,open,0.1,548.0,0.02505,0.176539,0.092133,92.6,0.099,0.0,ETH-27SEP19-280-C,159.61,78.63,0.06,60.0,0.082,60.0,88.37,0.39748,-0.10464,0.16707,0.00332,0.30389
163.74,ETH-27SEP19,1554375541854,open,0.13,628.0,0.091026,0.243515,0.140832,81.12,0.118,0.0,ETH-27SEP19-140-P,159.61,76.55,0.13,60.0,0.154,60.0,86.69,0.3877,-0.08941,-0.33821,0.0037,-0.28784
163.74,ETH-27SEP19,1554375541857,open,0.07,355.0,0.009447,0.131848,0.062504,95.28,0.059,0.0,ETH-27SEP19-340-C,159.61,82.24,0.038,60.0,0.046,8.0,86.79,0.33605,-0.09102,0.12382,0.00273,0.21944
4961.7,index_price,1554375541859,open,0.0,70.8,1e-08,0.00177317,0.00060284,97.31,0.0005,0,BTC-12APR19-3625-P,4961.7,0.0,0.0,0.0,0.001,18.4,104.75,0.22242,-1.37414,-0.01315,4e-05,-0.01168
4961.7,index_price,1554375541879,open,0.02,234.1,0.00549925,0.01890576,0.01404029,89.89,0.0185,0,BTC-5APR19-5000-C,4961.7,87.09,0.0135,2.5,0.016,3.2,100.02,0.95832,-49.18646,0.05063,0.0018,0.43935
4961.7,index_price,1554375541894,open,0.02,234.1,0.00549925,0.01890576,0.01404029,89.89,0.0185,0,BTC-5APR19-5000-C,4961.7,87.09,0.0135,2.5,0.016,3.7,100.02,0.95832,-49.18646,0.05063,0.0018,0.43935
4961.7,index_price,1554375541914,open,0.0,231.1,4.12e-06,0.00276451,0.00156997,99.47,0.0015,0,BTC-5APR19-4625-P,4961.7,78.66,0.0005,22.5,0.0025,14.9,111.88,0.33072,-7.78971,-0.00867,0.00056,-0.07123
4961.7,index_price,1554375541925,open,0.0,231.1,4.12e-06,0.00276451,0.00156997,99.47,0.0015,0,BTC-5APR19-4625-P,4961.7,78.66,0.0005,22.5,0.0025,14.8,111.88,0.33072,-7.78971,-0.00867,0.00056,-0.07123
4961.7,index_price,1554375541953,open,0.07,180.4,0.03579596,0.07582251,0.05817426,84.31,0.068,0,BTC-12APR19-4875-C,4961.7,79.65,0.0555,3.1,0.0595,4.1,86.62,2.84759,-15.24158,0.55966,0.00064,0.58093
4961.7,index_price,1554375541990,open,0.07,180.4,0.03579596,0.07582251,0.05817426,84.31,0.068,0,BTC-12APR19-4875-C,4961.7,79.65,0.0555,3.1,0.059,3.1,85.75,2.84759,-15.24158,0.55966,0.00064,0.58093
4961.7,index_price,1554375541992,open,0.02,180.2,0.01321838,0.02662489,0.0211302,86.63,0.0195,0,BTC-5APR19-5000-P,4961.7,83.36,0.0205,2.7,0.0225,1.6,93.72,0.95722,-47.3483,-0.0696,0.00187,-0.56356
4961.7,index_price,1554375542013,open,0.02,180.2,0.01321838,0.02662489,0.0211302,86.63,0.0195,0,BTC-5APR19-5000-P,4961.7,83.36,0.0205,2.7,0.023,3.3,96.31,0.95722,-47.3483,-0.0696,0.00187,-0.56356
4961.7,index_price,1554375542022,open,0.01,13.7,0.00031842,0.01914774,0.00946482,90.02,0.0105,0,BTC-12APR19-5750-C,4961.7,85.54,0.008,4.3,0.0105,3.1,93.02,1.67715,-9.58454,0.14733,0.00035,0.14708
4961.7,index_price,1554375542025,open,0.01,13.7,0.00031842,0.01914774,0.00946482,90.02,0.0105,0,BTC-12APR19-5750-C,4961.7,85.54,0.008,4.3,0.0105,3.2,93.02,1.67715,-9.58454,0.14733,0.00035,0.14708
4961.7,index_price,1554375542032,open,0.01,29.5,0.00194042,0.0280569,0.01475459,85.06,0.013,0,BTC-12APR19-4500-P,4961.7,81.97,0.0135,3.3,0.016,10.0,88.07,2.0361,-10.99551,-0.22916,0.00045,-0.19929
4953.29,BTC-27SEP19,1554375542048,open,0.15,0.0,0.12599695,0.19431315,0.15630129,65.48,None,0.0,BTC-27SEP19-4750-P,4961.54,64.79,0.1545,5.0,0.1585,2.0,66.31,13.03465,-2.42636,-12.6734,0.00017,-0.37469
4956.55,BTC-28JUN19,1554375542048,open,0.29,30.0,0.25225104,0.27682203,0.27659609,69.81,0.298,0.0,BTC-28JUN19-3750-C,4961.54,57.83,0.2635,5.0,0.305,5.0,92.23,5.80084,-2.38549,6.50077,0.00015,0.84062
4961.54,index_price,1554375542048,open,0.0,47.2,0.0,0.00026947,0.00026442,114.75,0.0015,0,BTC-12APR19-3250-P,4961.54,0.0,0.0,0.0,0.0005,18.8,123.9,0.10052,-0.73231,-0.00536,2e-05,-0.00474
4961.54,index_price,1554375542048,open,0.23,98.4,0.21899249,0.21899255,0.21950537,231.18,0.27,0,BTC-5APR19-3875-C,4961.54,0.0,0.0005,10.0,0.225,4.5,365.07,0.07899,-10.42695,0.09141,6e-05,0.98744
4956.55,BTC-28JUN19,1554375542050,open,2.98,0.4,3.03506471,3.03507425,3.03305689,0.0,5.076,0.0,BTC-28JUN19-20000-P,4961.54,0.0,0.0,0.0,0.0,0.0,0.0,0.0,0.0,-46.50723,0.0,-1.0
4953.13,BTC-27SEP19,1554375542048,open,0.01,34.4,0.00074561,0.06228054,0.01126567,71.25,0.011,0.0,BTC-27DEC19-2000-P,4961.54,63.31,0.0065,10.0,0.016,10.0,77.6,3.38564,-0.45197,-1.72914,3e-05,-0.03648
4961.54,index_price,1554375542048,open,0.02,145.4,0.00349096,0.01892313,0.01947202,80.82,0.02,0,BTC-26APR19-6000-C,4961.54,77.84,0.0175,5.7,0.0205,19.3,82.33,3.3432,-6.17562,0.52033,0.00028,0.19445
4953.13,BTC-27SEP19,1554375542048,open,1.04,0.3,1.02613378,1.21758104,1.06418983,68.43,1.4475,0.0,BTC-27DEC19-10000-P,4961.54,0.0,0.0,0.0,0.0,0.0,0.0,11.18798,-1.43445,-68.16726,9e-05,-0.81807
4953.13,BTC-27SEP19,1554375542048,open,0.67,0.0,0.63977601,0.86937974,0.68880892,64.82,None,0.0,BTC-27DEC19-8000-P,4961.54,0.0,0.0,0.0,0.0,0.0,0.0,14.21527,-1.72629,-51.08203,0.00012,-0.72169
4953.13,BTC-27SEP19,1554375542052,open,0.64,2.5,0.63754389,0.68916919,0.66367709,68.43,1.278,0.0,BTC-27SEP19-8000-P,4961.54,0.0,0.0035,13.1,0.0,0.0,0.0,10.1838,-1.9812,-34.45278,0.00013,-0.77987
4961.54,index_price,1554375542051,open,0.0,259.9,0.0,7.9e-07,0.00013778,114.91,0.0005,0,BTC-26APR19-2250-P,4961.54,0.0,0.0,0.0,0.001,15.0,143.76,0.06216,-0.16326,-0.00511,0.0,-0.00158
4953.13,BTC-27SEP19,1554375542048,open,0.53,0.0,0.49934609,0.59776688,0.52031606,69.17,None,0.0,BTC-27DEC19-2500-C,4961.54,0.0,0.0,0.0,0.0,0.0,0.0,5.89088,-0.76345,14.71767,5e-05,0.92671
4953.13,BTC-27SEP19,1554375542048,open,0.11,19.2,0.04551351,0.29054583,0.10286499,64.26,0.111,0.0,BTC-27DEC19-7000-C,4961.54,62.27,0.0965,16.0,0.112,16.0,67.1,15.86641,-1.91033,9.36331,0.00014,0.36141
4961.54,index_price,1554375542049,open,0.21,48.9,0.19380752,0.2010579,0.19676084,92.72,0.2055,0,BTC-12APR19-4000-C,4961.54,0.0,0.0,0.0,0.2015,5.0,116.88,0.74557,-4.38872,0.80693,0.00015,0.95051
4953.13,BTC-27SEP19,1554375542048,open,0.45,0.0,0.40769506,0.54481193,0.43889993,66.35,None,0.0,BTC-27DEC19-3000-C,4961.54,0.0,0.0,0.0,0.0,0.0,0.0,8.54771,-1.06259,15.91972,7e-05,0.87848
4953.13,BTC-27SEP19,1554375542048,open,0.5,0.0,0.45876129,0.70379361,0.51570202,64.14,None,0.0,BTC-27DEC19-7000-P,4961.54,0.0,0.0,0.0,0.0,0.0,0.0,15.85622,-1.90529,-41.82796,0.00014,-0.63927
4953.13,BTC-27SEP19,1554375542048,open,0.41,0.0,0.3739614,0.62381758,0.43308011,63.54,None,0.0,BTC-27DEC19-6500-P,4961.54,0.0,0.0,0.0,0.0,0.0,0.0,16.46092,-1.95959,-37.06578,0.00014,-0.5904
4953.13,BTC-27SEP19,1554375542048,open,0.04,84.8,0.01337268,0.15048955,0.04440152,66.25,0.039,0.0,BTC-27DEC19-3000-P,4961.54,62.76,0.0385,16.0,0.049,6.0,68.88,8.53847,-1.05981,-6.00213,7e-05,-0.12133
4961.54,index_price,1554375542094,open,0.05,61.4,0.03052416,0.07151869,0.05268467,82.85,0.0535,0,BTC-12APR19-5000-P,4961.54,79.98,0.051,18.0,0.0545,3.7,85.95,2.90752,-15.29364,-0.59279,0.00066,-0.50104
163.74,ETH-27SEP19,1554375542105,open,0.2,116.0,0.151906,0.320458,0.206126,80.43,0.187,0.0,ETH-27SEP19-160-P,159.61,75.83,0.194,60.0,0.204,10.0,79.62,0.43073,-0.09849,-0.45793,0.00415,-0.37428
163.26,ETH-28JUN19,1554375542115,open,2.01,0.0,2.062606,2.07021,2.06234,0.0,None,0.0,ETH-28JUN19-500-P,159.61,0.0,0.001,20.0,0.0,0.0,0.0,0.0,0.0,-1.16268,0.0,-1.0
163.74,ETH-27SEP19,1554375542118,open,0.09,174.0,0.018059,0.159757,0.084501,95.28,0.079,0.0,ETH-27SEP19-300-C,159.61,79.87,0.051,60.0,0.07,60.0,88.9,0.38218,-0.10353,0.15373,0.0031,0.27935
4961.54,index_price,1554375542111,open,0.06,43.0,0.04643058,0.08614574,0.06799793,83.67,0.068,0,BTC-12APR19-5125-P,4961.54,80.18,0.066,18.0,0.0725,29.1,91.48,2.84864,-15.13083,-0.69389,0.00064,-0.58016
4961.54,index_price,1554375542124,open,0.22,514.8,0.19553078,0.20582938,0.20601038,80.38,0.25,0,BTC-26APR19-4000-C,4961.54,0.0,0.1,1.0,0.209,4.9,86.36,2.37813,-4.36903,2.01487,0.0002,0.88359
4961.54,index_price,1554375542152,open,0.02,54.2,0.00157232,0.01283717,0.01446812,82.92,0.015,0,BTC-26APR19-6250-C,4961.54,82.1,0.014,13.0,0.0155,30.0,84.7,2.83412,-5.37154,0.40351,0.00023,0.15016
4961.54,index_price,1554375542154,open,0.07,149.6,0.05296495,0.08224713,0.07874477,76.41,0.0755,0,BTC-26APR19-5000-P,4961.54,74.62,0.077,5.9,0.078,0.5,75.64,4.83914,-8.45119,-1.65901,0.00043,-0.47917
4961.54,index_price,1554375542188,open,0.01,47.7,1.427e-05,0.00952963,0.00498698,97.57,0.009,0,BTC-12APR19-6125-C,4961.54,92.84,0.004,6.0,0.006,33.1,101.95,1.09389,-6.77568,0.0814,0.00021,0.08102
4961.54,index_price,1554375542191,open,0.01,62.1,0.00012078,0.01526932,0.00735186,91.76,0.0075,0,BTC-12APR19-5875-C,4961.54,86.89,0.006,4.8,0.0085,4.0,95.6,1.43861,-8.38108,0.11819,0.0003,0.11776
4961.54,index_price,1554375542193,open,0.01,62.1,0.00012078,0.01526932,0.00735186,91.76,0.0075,0,BTC-12APR19-5875-C,4961.54,86.89,0.006,4.8,0.0085,4.1,95.6,1.43861,-8.38108,0.11819,0.0003,0.11776
4961.54,index_price,1554375542195,open,0.01,901.9,0.00173208,0.01203068,0.01168231,79.26,0.01,0,BTC-26APR19-4000-P,4961.54,74.45,0.0095,48.6,0.0125,4.8,80.98,2.33845,-4.23661,-0.3728,0.0002,-0.11369
4961.54,index_price,1554375542197,open,0.01,901.9,0.00173208,0.01203068,0.01168231,79.26,0.01,0,BTC-26APR19-4000-P,4961.54,74.45,0.0095,48.6,0.0125,4.7,80.98,2.33845,-4.23661,-0.3728,0.0002,-0.11369
4961.54,index_price,1554375542208,open,0.23,18.2,0.21899377,0.22373593,0.22081629,94.39,0.246,0,BTC-12APR19-3875-C,4961.54,0.0,0.0,0.0,0.225,4.5,121.73,0.5233,-3.13595,0.79989,0.0001,0.96798
4961.54,index_price,1554375542215,open,0.0,112.7,7.9e-07,0.00205173,0.00186863,112.47,0.0025,0,BTC-5APR19-5375-C,4961.54,106.97,0.0015,4.8,0.003,20.1,126.65,0.35105,-9.27128,0.00895,0.00053,0.07702
4961.54,index_price,1554375542217,open,0.0,112.7,7.9e-07,0.00205173,0.00186863,112.47,0.0025,0,BTC-5APR19-5375-C,4961.54,106.97,0.0015,4.8,0.003,20.2,126.65,0.35105,-9.27128,0.00895,0.00053,0.07702
159.61,index_price,1554375542226,open,0.0,543.0,0.0,0.000432,0.00012,109.53,0.001,0,ETH-5APR19-140-P,159.61,0.0,0.0,0.0,0.001,300.0,149.42,0.00148,-0.01912,-3e-05,0.0022,-0.00675
4961.54,index_price,1554375542219,open,0.02,69.8,0.00555111,0.02209853,0.02125526,78.71,0.02,0,BTC-26APR19-4250-P,4961.54,75.2,0.019,4.6,0.0225,23.0,80.61,3.23298,-5.81641,-0.6108,0.00028,-0.18415
4961.54,index_price,1554375542234,open,0.02,69.8,0.00555111,0.02209853,0.02125526,78.71,0.02,0,BTC-26APR19-4250-P,4961.54,75.2,0.019,4.6,0.0225,18.4,80.61,3.23298,-5.81641,-0.6108,0.00028,-0.18415
4961.54,index_price,1554375542263,open,0.0,1118.2,4.1e-07,0.00024512,0.00091649,94.17,0.0005,0,BTC-26APR19-3000-P,4961.54,0.0,0.0,0.0,0.0015,8.4,101.23,0.34605,-0.74486,-0.03483,2e-05,-0.0108
4961.54,index_price,1554375542276,open,0.01,239.5,0.00263407,0.01462945,0.01028293,91.13,0.0115,0,BTC-5APR19-4875-P,4961.54,97.88,0.0115,0.2,0.012,3.0,100.64,0.88896,-46.25416,-0.04152,0.00165,-0.33851
4961.54,index_price,1554375542278,open,0.0,62.3,8.82e-06,0.0072592,0.00243277,89.01,0.0035,0,BTC-12APR19-4000-P,4961.54,75.7,0.001,66.7,0.0035,5.1,96.14,0.67042,-3.78849,-0.04902,0.00014,-0.04336
4961.54,index_price,1554375542282,open,0.01,1361.8,0.00040397,0.00582928,0.00636781,81.73,0.005,0,BTC-26APR19-3750-P,4961.54,77.17,0.005,10.0,0.007,15.0,83.68,1.57506,-2.94238,-0.2179,0.00013,-0.06691
4961.54,index_price,1554375542294,open,0.02,270.4,0.00471125,0.0366397,0.02113987,84.09,0.0195,0,BTC-12APR19-4625-P,4961.54,79.6,0.019,28.0,0.0225,13.6,86.91,2.38358,-12.72501,-0.30549,0.00053,-0.26422
4961.54,index_price,1554375542296,open,0.02,270.4,0.00471125,0.0366397,0.02113987,84.09,0.0195,0,BTC-12APR19-4625-P,4961.54,79.6,0.019,28.0,0.0225,13.4,86.91,2.38358,-12.72501,-0.30549,0.00053,-0.26422
4961.54,index_price,1554375542297,open,0.0,36.7,4.687e-05,0.01068968,0.00424353,88.99,0.005,0,BTC-12APR19-4125-P,4961.54,85.02,0.0035,2.5,0.005,10.0,92.68,0.97537,-5.5102,-0.07916,0.00021,-0.0697
4961.54,index_price,1554375542310,open,0.02,54.3,0.00078039,0.02383183,0.0122531,88.39,0.0135,0,BTC-12APR19-5625-C,4961.54,85.12,0.011,3.2,0.0135,13.0,91.54,1.9363,-10.8658,0.18345,0.00041,0.18361
4961.54,index_price,1554375542312,open,0.02,54.3,0.00078039,0.02383183,0.0122531,88.39,0.0135,0,BTC-12APR19-5625-C,4961.54,85.12,0.011,3.2,0.0135,13.2,91.54,1.9363,-10.8658,0.18345,0.00041,0.18361
4961.54,index_price,1554375542314,open,0.01,10.1,0.00067118,0.00857764,0.0108913,85.08,0.0165,0,BTC-26APR19-6500-C,4961.54,82.09,0.0095,7.5,0.012,44.0,87.35,2.37995,-4.62832,0.31414,0.00019,0.11653
4961.54,index_price,1554375542324,open,0.0,47.2,0.0,0.00026947,0.00026442,114.75,0.0015,0,BTC-12APR19-3250-P,4961.54,0.0,0.0,0.0,0.0005,18.7,123.9,0.10052,-0.73231,-0.00536,2e-05,-0.00474
4961.54,index_price,1554375542326,open,0.02,145.4,0.00349096,0.01892313,0.01947202,80.82,0.02,0,BTC-26APR19-6000-C,4961.54,77.84,0.0175,5.6,0.0205,19.3,82.33,3.3432,-6.17562,0.52033,0.00028,0.19445
4961.54,index_price,1554375542329,open,0.03,72.1,0.0073101,0.02743378,0.02675742,79.14,0.044,0,BTC-26APR19-5750-C,4961.54,76.23,0.0245,5.8,0.0285,51.2,81.35,3.88613,-7.02937,0.67344,0.00033,0.25323
163.74,ETH-27SEP19,1554375542331,open,0.27,0.0,0.227193,0.40388,0.283591,80.4,None,0.0,ETH-27SEP19-180-P,159.61,75.47,0.27,50.0,0.3,50.0,86.38,0.45073,-0.10303,-0.58387,0.00434,-0.45643
4961.54,index_price,1554375542331,open,0.03,72.1,0.0073101,0.02743378,0.02675742,79.14,0.044,0,BTC-26APR19-5750-C,4961.54,76.23,0.0245,5.8,0.0285,51.3,81.35,3.88613,-7.02937,0.67344,0.00033,0.25323
4961.54,index_price,1554375542333,open,0.0,352.6,2e-08,0.00090372,0.00043998,101.41,0.0005,0,BTC-5APR19-4500-P,4961.54,0.0,0.0,0.0,0.0005,7.5,103.55,0.13371,-2.183,-0.00282,0.00022,-0.02327
4961.54,index_price,1554375542336,open,0.04,32.3,0.01348516,0.05320032,0.03573077,84.85,0.046,0,BTC-12APR19-5125-C,4961.54,80.08,0.033,22.2,0.037,9.4,87.05,2.85123,-15.35832,0.41311,0.00063,0.42161
4961.54,index_price,1554375542348,open,0.04,32.3,0.01348516,0.05320032,0.03573077,84.85,0.046,0,BTC-12APR19-5125-C,4961.54,80.08,0.033,22.2,0.037,9.6,87.05,2.85123,-15.35832,0.41311,0.00063,0.42161
4961.54,index_price,1554375542359,open,0.11,886.0,0.07207027,0.09953852,0.0978509,78.18,0.144,0,BTC-26APR19-4750-C,4961.54,73.48,0.0935,5.1,0.0985,5.0,78.88,4.59893,-8.21792,1.57285,0.0004,0.62678
4961.54,index_price,1554375542379,open,0.11,886.0,0.07207027,0.09953852,0.0978509,78.18,0.144,0,BTC-26APR19-4750-C,4961.54,73.48,0.0935,5.1,0.0985,5.2,78.88,4.59893,-8.21792,1.57285,0.0004,0.62678
4961.54,index_price,1554375542389,open,0.0,3.0,1e-07,0.00346075,0.00222454,106.06,0.004,0,BTC-12APR19-6625-C,4961.54,104.14,0.002,5.2,0.003,31.0,111.93,0.59848,-4.02969,0.03798,0.00011,0.0377
4961.54,index_price,1554375542391,open,0.0,2.0,3.7e-07,0.00449426,0.00288586,105.31,0.0025,0,BTC-12APR19-6500-C,4961.54,102.55,0.0025,2.9,0.0035,30.0,109.3,0.72264,-4.83135,0.04787,0.00013,0.0476
4961.54,index_price,1554375542394,open,0.0,1929.3,6.58e-05,0.00244945,0.0027538,81.76,0.0015,0,BTC-26APR19-3500-P,4961.54,73.48,0.0015,51.0,0.0035,30.0,85.66,0.88603,-1.6558,-0.10523,7e-05,-0.03263
4961.54,index_price,1554375542396,open,0.01,122.2,0.00068004,0.02095239,0.0098735,85.78,0.0105,0,BTC-12APR19-4375-P,4961.54,81.55,0.0085,2.8,0.011,3.2,89.09,1.65519,-9.01364,-0.16498,0.00036,-0.14423
4961.54,index_price,1554375542398,open,0.01,122.2,0.00068004,0.02095239,0.0098735,85.78,0.0105,0,BTC-12APR19-4375-P,4961.54,81.55,0.0085,2.8,0.011,3.1,89.09,1.65519,-9.01364,-0.16498,0.00036,-0.14423
163.26,ETH-28JUN19,1554375542399,open,0.42,0.0,0.391648,0.431331,0.406138,86.05,None,0.0,ETH-28JUN19-100-C,159.61,0.0,0.001,10.0,0.447,10.0,130.34,0.11974,-0.0607,0.19415,0.00225,0.91755
4961.54,index_price,1554375542418,open,0.01,159.5,0.00070176,0.01004538,0.00685031,95.35,0.0155,0,BTC-5APR19-5125-C,4961.54,93.1,0.0065,1.9,0.008,15.0,102.6,0.77426,-33.98807,0.02909,0.00137,0.25122
163.26,ETH-28JUN19,1554375542419,open,0.53,0.0,0.510432,0.527704,0.516264,90.07,None,0.0,ETH-28JUN19-80-C,159.61,0.0,0.001,10.0,0.0,0.0,0.0,0.05574,-0.02958,0.17169,0.001,0.96852
4961.54,index_price,1554375542435,open,0.0,245.2,0.00019481,0.0069383,0.00385068,91.5,0.0035,0,BTC-5APR19-4750-P,4961.54,88.51,0.0035,1.6,0.004,7.0,92.75,0.59122,-19.10532,-0.0195,0.00109,-0.15997
4961.54,index_price,1554375542449,open,0.01,75.0,3.721e-05,0.00479645,0.00327383,101.62,0.004,0,BTC-5APR19-5250-C,4961.54,93.89,0.0025,4.0,0.0045,19.3,112.53,0.52333,-16.24326,0.01549,0.00087,0.13339
4961.54,index_price,1554375542457,open,0.01,75.0,3.721e-05,0.00479645,0.00327383,101.62,0.004,0,BTC-5APR19-5250-C,4961.54,93.89,0.0025,4.0,0.0045,19.6,112.53,0.52333,-16.24326,0.01549,0.00087,0.13339
4961.54,index_price,1554375542480,open,0.04,66.0,0.01833503,0.05836426,0.04008692,83.21,0.037,0,BTC-12APR19-4875-P,4961.54,79.58,0.038,18.0,0.0415,4.0,85.68,2.84703,-15.04069,-0.49122,0.00064,-0.41876
4961.54,index_price,1554375542493,open,0.01,58.5,0.00019795,0.01520304,0.00654244,87.26,0.0055,0,BTC-12APR19-4250-P,4961.54,85.14,0.006,3.0,0.007,10.0,88.99,1.29514,-7.17489,-0.11591,0.00028,-0.10173
4961.54,index_price,1554375542499,open,0.03,72.1,0.0073101,0.02743378,0.02675742,79.14,0.044,0,BTC-26APR19-5750-C,4961.54,76.23,0.0245,5.8,0.028,10.0,80.72,3.88613,-7.02937,0.67344,0.00033,0.25323
4961.54,index_price,1554375542530,open,0.0,378.5,1.4e-07,0.00297022,0.0009065,93.41,0.002,0,BTC-12APR19-3750-P,4961.54,85.73,0.0005,10.0,0.001,5.1,94.84,0.31451,-1.86508,-0.01967,6e-05,-0.01747
4961.54,index_price,1554375542532,open,0.16,168.9,0.14360907,0.15861416,0.15051602,89.38,0.1665,0,BTC-12APR19-4250-C,4961.54,0.0,0.1,0.6,0.156,6.5,107.42,1.34,-7.60355,0.79528,0.00028,0.89338
4961.54,index_price,1554375542556,open,0.0,230.4,0.0,7.1e-06,6.83e-06,114.67,0.001,0,BTC-5APR19-4125-P,4961.54,0.0,0.0,0.0,0.0005,24.3,178.58,0.00397,-0.03387,-6e-05,1e-05,-0.00046
4961.54,index_price,1554375542576,open,0.06,1009.9,0.02640251,0.05451354,0.05239732,77.79,0.0485,0,BTC-26APR19-5250-C,4961.54,73.71,0.0485,5.1,0.05,0.1,75.28,4.74835,-8.4427,1.09355,0.00041,0.42015
4961.54,index_price,1554375542600,open,0.0,1.0,4.47e-06,0.00745977,0.00414427,100.3,0.005,0,BTC-12APR19-6250-C,4961.54,96.79,0.0035,4.0,0.005,32.3,104.53,0.95341,-6.07096,0.06801,0.00018,0.06768
4961.54,index_price,1554375542602,open,0.03,58.0,0.00377295,0.03615333,0.02150255,87.07,0.0255,0,BTC-12APR19-5375-C,4961.54,82.01,0.019,28.1,0.022,10.0,88.06,2.48298,-13.72557,0.28434,0.00054,0.2871
4961.54,index_price,1554375542604,open,0.02,234.1,0.00548758,0.01889164,0.01404029,89.96,0.0185,0,BTC-5APR19-5000-C,4961.54,87.16,0.0135,2.1,0.016,3.7,100.09,0.95821,-49.21938,0.0506,0.0018,0.43912
4961.54,index_price,1554375542624,open,0.02,234.1,0.00548758,0.01889164,0.01404029,89.96,0.0185,0,BTC-5APR19-5000-C,4961.54,87.16,0.0135,2.1,0.0155,1.8,97.51,0.95821,-49.21938,0.0506,0.0018,0.43912
4961.54,index_price,1554375542637,open,0.0,231.1,4.14e-06,0.00276786,0.00156997,99.44,0.0015,0,BTC-5APR19-4625-P,4961.54,78.63,0.0005,22.5,0.0025,14.7,111.84,0.33079,-7.78946,-0.00867,0.00056,-0.07125
4961.54,index_price,1554375542639,open,0.07,180.4,0.0357772,0.07580642,0.05817426,84.34,0.068,0,BTC-12APR19-4875-C,4961.54,78.8,0.055,22.1,0.059,3.1,85.78,2.84767,-15.2473,0.55952,0.00064,0.58081
4961.54,index_price,1554375542655,open,0.07,180.4,0.0357772,0.07580642,0.05817426,84.34,0.068,0,BTC-12APR19-4875-C,4961.54,78.8,0.055,22.1,0.059,3.3,85.78,2.84767,-15.2473,0.55952,0.00064,0.58081
4956.55,BTC-28JUN19,1554375542686,open,0.06,2345.4,0.03218131,0.0746593,0.0615627,67.67,0.064,0.0,BTC-28JUN19-6000-C,4961.54,66.78,0.06,10.0,0.0625,10.0,68.2,8.72183,-3.4769,3.16771,0.00023,0.3364
4961.54,index_price,1554375542680,open,0.02,180.2,0.0132392,0.02664327,0.0211302,86.53,0.0195,0,BTC-5APR19-5000-P,4961.54,83.26,0.0205,3.2,0.023,3.3,96.21,0.95704,-47.28584,-0.06965,0.00187,-0.56395
163.26,ETH-28JUN19,1554375542698,open,0.36,10.0,0.335566,0.388577,0.355282,84.38,0.265,0.0,ETH-28JUN19-110-C,159.61,0.0,0.007,5.0,0.0,0.0,0.0,0.1577,-0.07839,0.19912,0.00302,0.87977
163.26,ETH-28JUN19,1554375542701,open,0.47,0.0,0.450277,0.477742,0.45979,87.56,None,0.0,ETH-28JUN19-90-C,159.61,0.0,0.001,10.0,0.0,0.0,0.0,0.08435,-0.04351,0.18517,0.00155,0.94755
4953.29,BTC-27SEP19,1554375542701,open,0.15,0.0,0.12599695,0.19431315,0.15630129,65.48,None,0.0,BTC-27SEP19-4750-P,4961.54,64.98,0.155,5.0,0.1585,2.0,66.31,13.03465,-2.42636,-12.6734,0.00017,-0.37469
4953.13,BTC-27SEP19,1554375542703,open,0.11,701.4,0.07942754,0.15002329,0.10863672,64.92,0.1155,0.0,BTC-27SEP19-6000-C,4961.54,62.83,0.103,5.0,0.1115,5.0,65.97,13.44444,-2.48116,7.447,0.00018,0.42066
4961.54,index_price,1554375542693,open,0.02,180.2,0.0132392,0.02664327,0.0211302,86.53,0.0195,0,BTC-5APR19-5000-P,4961.54,83.26,0.0205,3.2,0.023,2.8,96.21,0.95704,-47.28584,-0.06965,0.00187,-0.56395
4953.13,BTC-27SEP19,1554375542707,open,0.12,13.3,0.10069153,0.16600679,0.129669,65.52,0.105,0.0,BTC-27SEP19-4500-P,4961.54,65.06,0.1285,5.0,0.1325,3.0,66.65,12.46006,-2.32107,-10.98425,0.00016,-0.33056
4961.54,index_price,1554375542720,open,0.01,13.7,0.00031798,0.01914141,0.00946482,90.03,0.0105,0,BTC-12APR19-5750-C,4961.54,85.55,0.008,4.2,0.0105,3.2,93.03,1.67697,-9.58491,0.14731,0.00035,0.14706
4961.54,index_price,1554375542722,open,0.01,13.7,0.00031798,0.01914141,0.00946482,90.03,0.0105,0,BTC-12APR19-5750-C,4961.54,85.55,0.008,4.2,0.0105,3.3,93.03,1.67697,-9.58491,0.14731,0.00035,0.14706
4961.54,index_price,1554375542724,open,0.01,29.5,0.0019426,0.02806599,0.01475459,85.05,0.013,0,BTC-12APR19-4500-P,4961.54,81.95,0.0135,3.4,0.016,10.0,88.05,2.03623,-10.99406,-0.22918,0.00045,-0.19932
4953.13,BTC-27SEP19,1554375542725,open,0.11,701.4,0.07942754,0.15002329,0.10863672,64.92,0.1155,0.0,BTC-27SEP19-6000-C,4961.54,62.83,0.103,17.3,0.1115,5.0,65.97,13.44444,-2.48116,7.447,0.00018,0.42066
4961.54,index_price,1554375542728,open,0.01,2.5,0.00027287,0.00565344,0.00846571,87.65,0.0115,0,BTC-26APR19-6750-C,4961.54,85.19,0.0075,6.1,0.009,24.0,88.95,2.00824,-4.0232,0.24901,0.00016,0.09221
4953.13,BTC-27SEP19,1554375542744,open,0.14,264.2,0.10767853,0.17958209,0.13787395,64.92,0.1355,0.0,BTC-27SEP19-5500-C,4961.54,62.62,0.1315,11.7,0.139,5.0,65.33,13.71625,-2.53148,8.57538,0.00018,0.49718
4961.54,index_price,1554375542746,open,0.05,278.1,0.02943432,0.05690256,0.05458631,77.5,0.05,0,BTC-26APR19-4750-P,4961.54,75.25,0.0525,4.9,0.0575,35.1,80.64,4.5972,-8.14356,-1.27081,0.0004,-0.37278
4961.54,index_price,1554375542745,open,0.05,61.4,0.03052416,0.07151869,0.05268467,82.85,0.0535,0,BTC-12APR19-5000-P,4961.54,79.98,0.051,18.0,0.0545,3.4,85.95,2.90752,-15.29364,-0.59279,0.00066,-0.50104
4961.54,index_price,1554375542804,open,0.06,43.0,0.04643058,0.08614574,0.06799793,83.67,0.068,0,BTC-12APR19-5125-P,4961.54,80.18,0.066,18.0,0.0725,18.0,91.48,2.84864,-15.13083,-0.69389,0.00064,-0.58016
4961.54,index_price,1554375542821,open,0.01,75.0,4.288e-05,0.0121008,0.00612831,95.09,0.0095,0,BTC-12APR19-6000-C,4961.54,90.44,0.005,5.4,0.007,30.0,98.4,1.26396,-7.63014,0.09877,0.00025,0.09839
4961.54,index_price,1554375542813,open,0.0,231.1,4.14e-06,0.00276786,0.00156997,99.44,0.0015,0,BTC-5APR19-4625-P,4961.54,78.63,0.0005,52.5,0.0025,14.7,111.84,0.33079,-7.78946,-0.00867,0.00056,-0.07125
4961.54,index_price,1554375542833,open,0.02,54.2,0.00157232,0.01283717,0.01446812,82.92,0.015,0,BTC-26APR19-6250-C,4961.54,82.1,0.014,13.0,0.0155,30.1,84.7,2.83412,-5.37154,0.40351,0.00023,0.15016
4953.13,BTC-27SEP19,1554375542841,open,0.14,264.2,0.10767853,0.17958209,0.13787395,64.92,0.1355,0.0,BTC-27SEP19-5500-C,4961.54,62.44,0.131,22.3,0.139,5.0,65.33,13.71625,-2.53148,8.57538,0.00018,0.49718
163.73,ETH-27SEP19,1554375542845,open,0.45,0.0,0.410749,0.586109,0.464631,80.84,None,0.0,ETH-27SEP19-220-P,159.61,0.0,0.0,0.0,0.0,0.0,0.0,0.43992,-0.1011,-0.83764,0.00421,-0.5971
4961.54,index_price,1554375542841,open,0.07,149.6,0.05296495,0.08224713,0.07874477,76.41,0.0755,0,BTC-26APR19-5000-P,4961.54,74.62,0.077,6.2,0.078,0.5,75.64,4.83914,-8.45119,-1.65901,0.00043,-0.47917
4961.54,index_price,1554375542844,open,0.03,343.0,0.01405542,0.0368868,0.03493211,77.6,0.0335,0,BTC-26APR19-4500-P,4961.54,74.59,0.0325,5.0,0.037,21.4,80.14,4.02569,-7.14021,-0.91056,0.00035,-0.27128
4961.54,index_price,1554375542866,open,0.01,47.7,1.427e-05,0.00952963,0.00498698,97.57,0.009,0,BTC-12APR19-6125-C,4961.54,92.84,0.004,5.9,0.006,33.1,101.95,1.09389,-6.77568,0.0814,0.00021,0.08102
4961.54,index_price,1554375542878,open,0.01,47.7,1.427e-05,0.00952963,0.00498698,97.57,0.009,0,BTC-12APR19-6125-C,4961.54,92.84,0.004,5.9,0.006,33.2,101.95,1.09389,-6.77568,0.0814,0.00021,0.08102
4961.54,index_price,1554375542866,open,0.03,119.2,0.00989408,0.04673235,0.02975076,83.92,0.026,0,BTC-12APR19-4750-P,4961.54,80.66,0.028,24.0,0.0305,3.1,85.31,2.66753,-14.21199,-0.39481,0.0006,-0.33904
4961.54,index_price,1554375542889,open,0.01,62.1,0.00012078,0.01526932,0.00735186,91.76,0.0075,0,BTC-12APR19-5875-C,4961.54,86.89,0.006,4.8,0.0085,4.2,95.6,1.43861,-8.38108,0.11819,0.0003,0.11776
4961.54,index_price,1554375542888,open,0.08,55.0,0.06554838,0.10216784,0.08541492,84.94,0.0595,0,BTC-12APR19-5250-P,4961.54,81.4,0.0835,18.0,0.0895,18.0,92.4,2.69406,-14.5282,-0.78937,0.0006,-0.65193
4961.54,index_price,1554375542900,open,0.01,901.9,0.00173208,0.01203068,0.01168231,79.26,0.01,0,BTC-26APR19-4000-P,4961.54,74.45,0.0095,48.6,0.0125,4.6,80.98,2.33845,-4.23661,-0.3728,0.0002,-0.11369
4961.54,index_price,1554375542902,open,0.0,112.7,7.9e-07,0.00205173,0.00186863,112.47,0.0025,0,BTC-5APR19-5375-C,4961.54,106.97,0.0015,4.7,0.003,20.2,126.65,0.35105,-9.27128,0.00895,0.00053,0.07702
4961.54,index_price,1554375542917,open,0.0,112.7,7.9e-07,0.00205173,0.00186863,112.47,0.0025,0,BTC-5APR19-5375-C,4961.54,106.97,0.0015,4.7,0.003,20.4,126.65,0.35105,-9.27128,0.00895,0.00053,0.07702
4961.54,index_price,1554375542919,open,0.02,69.8,0.00555111,0.02209853,0.02125526,78.71,0.02,0,BTC-26APR19-4250-P,4961.54,75.2,0.019,4.7,0.0225,18.4,80.61,3.23298,-5.81641,-0.6108,0.00028,-0.18415
4961.54,index_price,1554375542899,open,0.05,81.6,0.02277253,0.06376707,0.04559475,83.98,0.0565,0,BTC-12APR19-5000-C,4961.54,79.55,0.043,4.1,0.047,3.4,86.38,2.90753,-15.50212,0.48608,0.00065,0.49964
4961.54,index_price,1554375542921,open,0.02,270.4,0.00471125,0.0366397,0.02113987,84.09,0.0195,0,BTC-12APR19-4625-P,4961.54,79.6,0.019,48.0,0.0225,13.4,86.91,2.38358,-12.72501,-0.30549,0.00053,-0.26422
4953.13,BTC-27SEP19,1554375542971,open,0.18,769.7,0.14468877,0.21506251,0.17440676,64.91,0.1835,0.0,BTC-27SEP19-5000-C,4961.54,63.11,0.1695,6.2,0.1715,0.1,63.84,13.43303,-2.47901,9.70357,0.00018,0.58098
4953.13,BTC-27SEP19,1554375542977,open,0.08,94.8,0.0590717,0.11549636,0.08579091,66.52,0.086,0.0,BTC-27SEP19-4000-P,4961.54,65.01,0.0825,5.0,0.089,7.6,67.99,10.78307,-2.03925,-7.86928,0.00014,-0.24393
4956.38,BTC-28JUN19,1554375543049,open,1.39,10.0,1.42113293,1.42244001,1.42355865,81.01,1.243,0.0,BTC-28JUN19-12000-P,4960.62,0.0,0.0,0.0,0.0,0.0,0.0,1.12314,-0.53598,-27.70989,2e-05,-0.98069
4956.38,BTC-28JUN19,1554375543049,open,1.99,2.0,2.02640252,2.02659252,2.02636591,0.0,2.658,0.0,BTC-28JUN19-15000-P,4960.62,0.0,0.0,0.0,0.0,0.0,0.0,0.0,0.0,-34.88042,0.0,-1.0
4956.38,BTC-28JUN19,1554375543049,open,0.6,20.1,0.59648271,0.59692097,0.59864879,92.63,0.578,0.0,BTC-28JUN19-2000-C,4960.62,0.0,0.0005,1.0,0.0,0.0,0.0,0.75005,-0.4093,4.48666,1e-05,0.98793
4953.19,BTC-27SEP19,1554375543050,open,0.31,2.2,0.29077166,0.36136777,0.31970703,64.81,0.8415,0.0,BTC-27SEP19-6000-P,4960.62,0.0,0.004,20.0,0.3295,3.0,68.41,13.44194,-2.47684,-21.46674,0.00018,-0.57972
4956.38,BTC-28JUN19,1554375543049,open,1.19,5.7,1.21940603,1.22192865,1.22310625,79.17,1.142,0.0,BTC-28JUN19-11000-P,4960.62,0.0,0.0,0.0,0.0,0.0,0.0,1.57593,-0.73496,-25.28922,3e-05,-0.97111
4953.19,BTC-27SEP19,1554375543050,open,0.05,1098.2,0.02240496,0.07403135,0.04899332,68.65,0.0585,0.0,BTC-27SEP19-8000-C,4960.62,67.43,0.0465,10.0,0.052,14.3,70.1,10.21562,-1.9938,4.11305,0.00013,0.22133
4953.19,BTC-27SEP19,1554375543050,open,0.46,10.2,0.45568722,0.51828027,0.4799912,64.75,0.8,0.0,BTC-27SEP19-7000-P,4960.62,0.0,0.0015,14.0,0.505,1.0,74.85,11.82491,-2.17669,-28.33133,0.00015,-0.70706
4953.19,BTC-27SEP19,1554375543050,open,1.4,6.1,1.42444146,1.44251277,1.43631524,74.15,1.9095,0.0,BTC-27SEP19-12000-P,4960.62,0.0,0.0015,20.0,0.0,0.0,0.0,4.71186,-0.99323,-56.4318,5e-05,-0.92811
4960.62,index_price,1554375543049,open,0.35,0.0,0.34483996,0.34483996,0.34539156,376.13,0.17,0,BTC-5APR19-3250-C,4960.62,0.0,0.0005,50.0,0.0,0.0,0.0,0.05607,-12.04189,0.0769,3e-05,0.99152
4955.46,BTC-28JUN19,1554375543050,open,0.8,6.6,0.81687787,0.82611621,0.82631593,75.3,1.2875,0.0,BTC-28JUN19-9000-P,4960.62,0.0,0.0,0.0,0.0,0.0,0.0,3.27538,-1.453,-20.21648,8e-05,-0.92809
4955.46,BTC-28JUN19,1554375543050,open,2.98,0.4,3.03595226,3.03596178,3.03305689,0.0,5.076,0.0,BTC-28JUN19-20000-P,4960.62,0.0,0.0,0.0,0.0,0.0,0.0,0.0,0.0,-46.50723,0.0,-1.0
4952.27,BTC-27SEP19,1554375543050,open,1.21,3.1,1.22449122,1.24839883,1.23851351,72.23,1.9215,0.0,BTC-27SEP19-11000-P,4960.62,0.0,0.0015,30.0,0.0,0.0,0.0,5.58127,-1.14613,-51.26965,7e-05,-0.91002
4952.27,BTC-27SEP19,1554375543049,open,1.23,0.0,1.22512995,1.39828708,1.25672342,69.42,None,0.0,BTC-27DEC19-11000-P,4960.62,0.0,0.0,0.0,0.0,0.0,0.0,9.75988,-1.26945,-76.37615,8e-05,-0.85257
4955.46,BTC-28JUN19,1554375543051,open,1.79,1.3,1.82516729,1.82552449,1.82497526,0.0,2.415,0.0,BTC-28JUN19-14000-P,4960.62,0.0,0.0,0.0,0.0,0.0,0.0,0.0,0.0,-32.55506,0.0,-1.0
4952.27,BTC-27SEP19,1554375543049,open,0.85,0.0,0.83064084,1.04134518,0.87401261,66.58,None,0.0,BTC-27DEC19-9000-P,4960.62,0.0,0.0,0.0,0.0,0.0,0.0,12.6113,-1.57312,-59.80954,0.00011,-0.77776
4952.27,BTC-27SEP19,1554375543049,open,0.21,31.5,0.15816735,0.39880756,0.21675654,62.56,0.21,0.0,BTC-27DEC19-5000-P,4960.62,55.55,0.1935,3.0,0.225,8.0,65.06,16.37576,-1.91933,-22.38572,0.00015,-0.40147
4952.27,BTC-27SEP19,1554375543052,open,0.17,17.2,0.1542539,0.22463318,0.18365144,64.8,0.153,0.0,BTC-27SEP19-5000-P,4960.62,62.9,0.1785,5.9,0.1865,2.0,65.85,13.43299,-2.47446,-14.3891,0.00018,-0.41935
4955.46,BTC-28JUN19,1554375543052,open,1.0,43.0,1.01815307,1.02300977,1.02322699,75.52,1.0,0.0,BTC-28JUN19-10000-P,4960.62,0.0,0.0,0.0,0.0,0.0,0.0,2.07727,-0.92421,-22.84822,5e-05,-0.95957
4960.62,index_price,1554375543049,open,0.11,20.1,0.11050205,0.1381437,0.12392403,85.31,0.0915,0,BTC-12APR19-5500-P,4960.62,80.84,0.122,6.0,0.1285,6.0,95.37,2.17609,-11.78551,-0.96398,0.00048,-0.77668
4952.27,BTC-27SEP19,1554375543053,open,1.01,2.0,1.02547704,1.05691707,1.04306495,71.04,1.8325,0.0,BTC-27SEP19-10000-P,4960.62,0.0,0.0015,20.0,0.0,0.0,0.0,6.84827,-1.38308,-45.90604,8e-05,-0.8807
4955.46,BTC-28JUN19,1554375543054,open,1.59,0.8,1.62337174,1.62405155,1.62424661,77.03,2.171,0.0,BTC-28JUN19-13000-P,4960.62,0.0,0.07,1.0,0.0,0.0,0.0,0.52139,-0.23659,-30.14811,1e-05,-0.99204
4960.62,index_price,1554375543050,open,0.6,0.0,0.59682459,0.59682463,0.59719344,144.92,None,0,BTC-26APR19-2000-C,4960.62,0.0,0.0,0.0,0.0,0.0,0.0,0.11417,-0.37817,1.18838,1e-05,0.99691
4960.62,index_price,1554375543049,open,0.26,6.0,0.24404625,0.24702445,0.24558906,101.77,0.1135,0,BTC-12APR19-3750-C,4960.62,0.0,0.0,0.0,0.0,0.0,0.0,0.43737,-2.82571,0.77987,8e-05,0.97419
4960.62,index_price,1554375543052,open,0.1,134.8,0.08467903,0.11278042,0.10984173,76.93,0.0755,0,BTC-26APR19-5250-P,4960.62,73.43,0.1065,14.4,0.114,14.4,81.27,4.74228,-8.33865,-2.05673,0.00042,-0.58195
4952.27,BTC-27SEP19,1554375543049,open,0.0,42.1,5.489e-05,0.03124003,0.00429376,75.51,0.005,0.0,BTC-27DEC19-1500-P,4960.62,63.99,0.0015,10.0,0.007,10.0,82.76,1.59448,-0.22556,-0.695,1e-05,-0.0149
4952.27,BTC-27SEP19,1554375543049,open,1.61,0.0,1.62625845,1.76786167,1.64880329,71.73,None,0.0,BTC-27DEC19-13000-P,4960.62,0.0,0.0,0.0,0.0,0.0,0.0,7.57212,-1.01758,-92.19619,6e-05,-0.8974
4960.62,index_price,1554375543051,open,0.33,0.0,0.3196415,0.3196415,0.32021431,347.62,None,0,BTC-5APR19-3375-C,4960.62,0.0,0.0005,10.0,0.429,0.1,500.0,0.06169,-12.24512,0.07978,3e-05,0.99054
4960.62,index_price,1554375543049,open,0.0,9.2,0.0,0.0,0.0,114.82,0.001,0,BTC-5APR19-3250-P,4960.62,0.0,0.0,0.0,0.0005,25.0,371.41,0.0,0.0,0.0,0.0,0.0
4952.27,BTC-27SEP19,1554375543057,open,0.83,0.0,0.82911626,0.86990049,0.85117122,69.95,None,0.0,BTC-27SEP19-9000-P,4960.62,0.0,0.0015,20.0,0.0,0.0,0.0,8.42264,-1.67502,-40.31476,0.0001,-0.83828
4960.62,index_price,1554375543049,open,0.0,81.5,1.3e-06,0.00475562,0.00131098,89.0,0.0005,0,BTC-12APR19-3875-P,4960.62,76.77,0.0005,30.0,0.002,6.1,95.96,0.43031,-2.43127,-0.0285,9e-05,-0.02531
4952.27,BTC-27SEP19,1554375543049,open,0.15,63.2,0.10436371,0.33000599,0.16113303,63.34,0.164,0.0,BTC-27DEC19-4500-P,4960.62,60.7,0.153,13.0,0.1665,5.0,65.08,15.28318,-1.81353,-17.68269,0.00013,-0.32721
4955.46,BTC-28JUN19,1554375543057,open,0.0,701.5,3.03e-06,0.00044203,0.00188272,90.64,0.002,0.0,BTC-28JUN19-2000-P,4960.62,91.47,0.002,3.0,0.003,27.0,97.56,0.68549,-0.36601,-0.14707,1e-05,-0.01088
4960.62,index_price,1554375543050,open,0.17,1623.7,0.14882156,0.16538963,0.16522884,79.76,0.185,0,BTC-26APR19-4250-C,4960.62,0.0,0.0265,3.0,0.1685,6.1,84.64,3.26196,-5.94632,1.92625,0.00028,0.81313
4960.62,index_price,1554375543050,open,0.0,1796.1,1e-08,5.316e-05,0.0006529,103.94,0.0005,0,BTC-26APR19-2750-P,4960.62,0.0,0.0,0.0,0.001,10.1,110.02,0.2435,-0.57848,-0.02344,2e-05,-0.00723
4952.27,BTC-27SEP19,1554375543049,open,1.42,0.0,1.42529074,1.58179931,1.45420233,71.9,None,0.0,BTC-27DEC19-12000-P,4960.62,0.0,0.0,0.0,0.0,0.0,0.0,8.8987,-1.19865,-84.20277,7e-05,-0.87124
4960.62,index_price,1554375543050,open,0.0,287.1,0.0,7.9e-07,7.4e-07,114.62,0.001,0,BTC-5APR19-4000-P,4960.62,0.0,0.0,0.0,0.0005,25.0,204.07,0.00056,-0.00369,-1e-05,0.0,-6e-05
4960.62,index_price,1554375543053,open,0.0,48.3,0.0,8.284e-05,8.718e-05,115.63,0.0025,0,BTC-5APR19-5750-C,4960.62,0.0,0.0,0.0,0.001,16.0,160.81,0.03485,-0.43246,0.00058,5e-05,0.00495
4960.62,index_price,1554375543050,open,0.0,2945.8,6.92e-06,0.00086618,0.00120009,83.91,0.001,0,BTC-26APR19-3250-P,4960.62,0.0,0.0,0.0,0.002,6.7,91.05,0.46879,-0.89909,-0.04917,4e-05,-0.01534
4952.27,BTC-27SEP19,1554375543049,open,0.05,51.1,0.00720074,0.19861514,0.0458512,68.7,0.0545,0.0,BTC-27DEC19-10000-C,4960.62,65.82,0.0395,10.0,0.0525,20.0,71.55,11.24258,-1.44713,4.98067,9e-05,0.1834
4952.27,BTC-27SEP19,1554375543053,open,0.27,17.1,0.22217068,0.47104198,0.28195691,62.54,0.2345,0.0,BTC-27DEC19-5500-P,4960.62,54.19,0.2535,3.0,0.2905,8.0,65.06,16.8508,-1.9745,-27.28591,0.00015,-0.4716
4952.27,BTC-27SEP19,1554375543054,open,1.81,0.0,1.82765996,1.95603128,1.84812367,73.71,None,0.0,BTC-27DEC19-14000-P,4960.62,0.0,0.0,0.0,0.0,0.0,0.0,6.94205,-0.95868,-99.82795,5e-05,-0.90884
4953.13,BTC-27SEP19,1554375542984,open,0.18,15.0,0.11163079,0.36049209,0.17187066,62.68,0.1865,0.0,BTC-27DEC19-5500-C,4961.54,61.39,0.1675,10.0,0.1835,13.0,66.1,16.85213,-1.97887,12.93071,0.00015,0.52892
163.73,ETH-27SEP19,1554375543120,open,0.54,1.0,0.514154,0.683252,0.564639,81.17,0.783,0.0,ETH-27SEP19-240-P,159.61,0.0,0.001,10.0,0.0,0.0,0.0,0.41905,-0.0967,-0.96168,0.004,-0.65432
4953.19,BTC-27SEP19,1554375543134,open,0.23,306.1,0.1921809,0.2574954,0.22134878,65.6,0.2205,0.0,BTC-27SEP19-4500-C,4960.62,63.28,0.2155,4.8,0.227,7.8,67.85,12.45996,-2.32374,10.6949,0.00016,0.66945
159.61,index_price,1554375543147,open,0.39,111.0,0.376171,0.3765,0.376664,136.5,0.399,0.2,ETH-12APR19-100-C,159.61,0.0,0.001,10.0,0.0,0.0,0.0,0.00461,-0.09384,0.02122,0.00061,0.99293
4955.46,BTC-28JUN19,1554375543173,open,1.99,2.0,2.02696438,2.02715405,2.02636591,0.0,2.658,0.0,BTC-28JUN19-15000-P,4960.62,0.0,0.0,0.0,0.0,0.0,0.0,0.0,0.0,-34.88042,0.0,-1.0
4952.27,BTC-27SEP19,1554375543179,open,0.18,15.0,0.11156888,0.36044017,0.17187066,62.69,0.1865,0.0,BTC-27DEC19-5500-C,4960.62,61.41,0.1675,10.0,0.1835,17.0,66.12,16.84944,-1.97913,12.92574,0.00015,0.52884
4960.62,index_price,1554375543149,open,0.06,43.0,0.0465647,0.08626242,0.06799793,83.46,0.068,0,BTC-12APR19-5125-P,4960.62,80.84,0.0665,18.0,0.0725,18.0,91.28,2.84676,-15.08299,-0.69474,0.00064,-0.58107
4952.27,BTC-27SEP19,1554375543075,open,0.08,11.0,0.02461461,0.25419357,0.07413802,64.99,0.0785,0.0,BTC-27DEC19-8000-C,4960.62,63.54,0.07,6.0,0.0835,16.0,68.2,14.23599,-1.7335,7.42679,0.00012,0.27925
159.61,index_price,1554375543217,open,0.0,150.0,0.0,4e-06,0.0,110.36,0.002,0.2,ETH-5APR19-200-C,159.61,0.0,0.0,0.0,0.001,300.0,227.43,1e-05,-3e-05,0.0,1e-05,2e-05
4952.27,BTC-27SEP19,1554375543199,open,0.06,50.9,0.01329243,0.22399677,0.05750785,66.91,0.062,0.0,BTC-27DEC19-9000-C,4960.62,64.72,0.052,10.0,0.0645,20.0,69.59,12.67478,-1.58889,6.03617,0.00011,0.22421
159.61,index_price,1554375543248,open,0.0,100.0,0.0,0.000329,6.3e-05,109.86,0.001,0.2,ETH-12APR19-100-P,159.61,0.0,0.0,0.0,0.001,260.0,150.05,0.00102,-0.00702,-5e-05,0.00017,-0.00133
4960.62,index_price,1554375543220,open,0.09,60.0,0.08728547,0.11962936,0.10412421,85.34,0.074,0,BTC-12APR19-5375-P,4960.62,81.01,0.102,6.0,0.1085,6.0,94.0,2.46076,-13.33202,-0.88012,0.00054,-0.71814
4952.27,BTC-27SEP19,1554375543265,open,0.14,264.2,0.10761678,0.17952029,0.13787395,64.94,0.1355,0.0,BTC-27SEP19-5500-C,4960.62,62.46,0.131,19.3,0.139,5.0,65.35,13.71385,-2.53192,8.57174,0.00018,0.49709
4955.32,BTC-28JUN19,1554375543269,open,1.39,10.0,1.4216508,1.42295568,1.42355865,78.55,1.243,0.0,BTC-28JUN19-12000-P,4960.62,0.0,0.0,0.0,0.0,0.0,0.0,0.9541,-0.4415,-27.74262,2e-05,-0.98405
4960.62,index_price,1554375543266,open,0.01,239.5,0.00267357,0.01470029,0.01028293,90.77,0.0115,0,BTC-5APR19-4875-P,4960.62,97.52,0.0115,0.2,0.012,2.8,100.27,0.88979,-46.1137,-0.04163,0.00166,-0.33949
4960.62,index_price,1554375543273,open,0.0,62.3,8.91e-06,0.00727669,0.00243277,88.95,0.0035,0,BTC-12APR19-4000-P,4960.62,75.64,0.001,66.7,0.0035,5.0,96.08,0.67064,-3.78706,-0.04904,0.00014,-0.04339
163.73,ETH-27SEP19,1554375543382,open,0.64,0.0,0.622764,0.783597,0.669469,81.64,None,0.0,ETH-27SEP19-260-P,159.61,0.0,0.013,1.0,0.0,0.0,0.0,0.39345,-0.09132,-1.08268,0.00373,-0.70286
159.61,index_price,1554375543372,open,0.33,0.0,0.313788,0.31523,0.314702,121.24,None,0.2,ETH-12APR19-110-C,159.61,0.0,0.001,10.0,0.409,1.0,452.49,0.00825,-0.12226,0.02313,0.00124,0.98622
159.61,index_price,1554375543385,open,0.29,0.0,0.310072,0.317783,0.312787,104.32,None,0.2,ETH-12APR19-210-P,159.61,0.0,0.0,0.0,0.402,1.0,317.77,0.02259,-0.03883,-0.04363,0.00394,-0.95407
163.73,ETH-27SEP19,1554375543457,open,0.06,0.0,0.006859,0.120198,0.053996,95.28,None,0.0,ETH-27SEP19-360-C,159.61,82.56,0.032,60.0,0.048,60.0,92.07,0.3131,-0.08481,0.11104,0.00254,0.19474
4955.32,BTC-28JUN19,1554375543457,open,0.12,121.2,0.10096384,0.1487001,0.13356101,67.05,0.126,0.0,BTC-28JUN19-5000-P,4960.62,65.7,0.131,13.0,0.135,2.0,67.8,9.44787,-3.73166,-6.68679,0.00025,-0.44674
159.61,index_price,1554375543461,open,0.35,0.0,0.372428,0.37694,0.373286,98.6,None,0.2,ETH-12APR19-220-P,159.61,0.0,0.0,0.0,0.476,1.0,361.45,0.01002,0.05585,-0.0467,0.00185,-0.98272
4952.27,BTC-27SEP19,1554375543506,open,0.46,10.2,0.45591474,0.51849454,0.4799912,64.66,0.8,0.0,BTC-27SEP19-7000-P,4960.62,0.0,0.0015,14.0,0.506,1.0,75.16,11.81088,-2.171,-28.34111,0.00015,-0.70769
4952.27,BTC-27SEP19,1554375543515,open,0.26,10.0,0.1956895,0.42133179,0.25288065,63.47,0.22,0.0,BTC-27DEC19-4500-C,4960.62,0.0,0.0,0.0,0.264,13.0,67.08,15.28179,-1.81728,15.20718,0.00013,0.67286
4953.19,BTC-27SEP19,1554375543517,open,0.1,7.6,0.07833841,0.13968029,0.10653757,66.03,0.0885,0.0,BTC-27SEP19-4250-P,4960.62,64.95,0.104,5.0,0.1105,9.4,67.7,11.70486,-2.19715,-9.38395,0.00015,-0.28664
4960.62,index_price,1554375543517,open,0.01,1361.8,0.0004058,0.00584212,0.00636781,81.69,0.005,0,BTC-26APR19-3750-P,4960.62,77.13,0.005,10.0,0.007,14.9,83.64,1.57535,-2.94139,-0.21796,0.00013,-0.06694
4960.62,index_price,1554375543519,open,0.02,270.4,0.00473752,0.03670374,0.02113987,83.98,0.0195,0,BTC-12APR19-4625-P,4960.62,79.49,0.019,48.1,0.0225,13.4,86.8,2.38439,-12.7127,-0.30573,0.00053,-0.26449
4960.62,index_price,1554375543521,open,0.02,270.4,0.00473752,0.03670374,0.02113987,83.98,0.0195,0,BTC-12APR19-4625-P,4960.62,79.49,0.019,48.1,0.0225,13.3,86.8,2.38439,-12.7127,-0.30573,0.00053,-0.26449
4960.62,index_price,1554375543523,open,0.02,54.3,0.0007748,0.02378897,0.0122531,88.47,0.0135,0,BTC-12APR19-5625-C,4960.62,85.2,0.011,3.0,0.0135,13.2,91.62,1.9351,-10.8691,0.18328,0.00041,0.18348
4960.62,index_price,1554375543525,open,0.02,54.3,0.0007748,0.02378897,0.0122531,88.47,0.0135,0,BTC-12APR19-5625-C,4960.62,85.2,0.011,3.0,0.0135,13.3,91.62,1.9351,-10.8691,0.18328,0.00041,0.18348
4960.62,index_price,1554375543271,open,0.08,224.7,0.05239972,0.08926734,0.07301534,85.29,0.0705,0,BTC-12APR19-4750-C,4960.62,77.8,0.069,18.0,0.075,18.0,88.96,2.6738,-14.47797,0.62691,0.00059,0.65871
4952.27,BTC-27SEP19,1554375543518,open,0.26,10.0,0.1956895,0.42133179,0.25288065,63.47,0.22,0.0,BTC-27DEC19-4500-C,4960.62,58.66,0.238,10.0,0.264,13.0,67.08,15.28179,-1.81728,15.20718,0.00013,0.67286
4960.62,index_price,1554375543527,open,0.02,270.4,0.00473752,0.03670374,0.02113987,83.98,0.0195,0,BTC-12APR19-4625-P,4960.62,80.55,0.0195,24.0,0.0225,13.3,86.8,2.38439,-12.7127,-0.30573,0.00053,-0.26449
4952.27,BTC-27SEP19,1554375543535,open,0.26,10.0,0.1956895,0.42133179,0.25288065,63.47,0.22,0.0,BTC-27DEC19-4500-C,4960.62,61.41,0.2465,3.0,0.264,13.0,67.08,15.28179,-1.81728,15.20718,0.00013,0.67286
4960.62,index_price,1554375543543,open,0.01,10.1,0.00066835,0.00856068,0.0108913,85.12,0.0165,0,BTC-26APR19-6500-C,4960.62,82.13,0.0095,7.4,0.012,44.0,87.39,2.37889,-4.62849,0.31396,0.00019,0.11649
4960.62,index_price,1554375543544,open,0.02,145.4,0.00347903,0.01889115,0.01947202,80.87,0.02,0,BTC-26APR19-6000-C,4960.62,77.89,0.0175,5.5,0.0205,19.3,82.38,3.3417,-6.17653,0.51999,0.00028,0.19437
159.61,index_price,1554375543544,open,0.27,88.0,0.251415,0.256054,0.253296,108.59,0.315,0.2,ETH-12APR19-120-C,159.61,0.0,0.001,10.0,0.336,1.0,365.09,0.01553,-0.16984,0.02472,0.0026,0.97095
4953.19,BTC-27SEP19,1554375543539,open,0.1,7.6,0.07833841,0.13968029,0.10653757,66.03,0.0885,0.0,BTC-27SEP19-4250-P,4960.62,64.95,0.104,5.0,0.1105,15.4,67.7,11.70486,-2.19715,-9.38395,0.00015,-0.28664
4960.62,index_price,1554375543548,open,0.03,72.1,0.00728804,0.02739139,0.02675742,79.19,0.044,0,BTC-26APR19-5750-C,4960.62,76.28,0.0245,5.7,0.028,10.0,80.77,3.88444,-7.03108,0.67296,0.00033,0.25311
4960.62,index_price,1554375543549,open,0.04,66.0,0.01840945,0.05845398,0.04008692,83.07,0.037,0,BTC-12APR19-4875-P,4960.62,80.3,0.0385,18.0,0.0415,4.0,85.53,2.8473,-15.0153,-0.49171,0.00065,-0.41929
4960.62,index_price,1554375543563,open,0.11,20.1,0.11050205,0.1381437,0.12392403,85.31,0.0915,0,BTC-12APR19-5500-P,4960.62,82.02,0.1225,6.0,0.1285,6.0,95.37,2.17609,-11.78551,-0.96398,0.00048,-0.77668
4960.62,index_price,1554375543561,open,0.04,32.3,0.01342772,0.05312543,0.03573077,84.97,0.046,0,BTC-12APR19-5125-C,4960.62,80.21,0.033,22.0,0.037,9.6,87.18,2.85013,-15.37491,0.41261,0.00063,0.42122
163.26,ETH-28JUN19,1554375543574,open,0.49,0.0,0.484865,0.564893,0.51171,82.17,None,0.0,ETH-28JUN19-240-P,159.61,0.0,0.001,10.0,0.0,0.0,0.0,0.23274,-0.11266,-0.49061,0.00457,-0.7806
4960.62,index_price,1554375543571,open,0.04,32.3,0.01342772,0.05312543,0.03573077,84.97,0.046,0,BTC-12APR19-5125-C,4960.62,80.21,0.033,22.0,0.037,9.8,87.18,2.85013,-15.37491,0.41261,0.00063,0.42122
4960.62,index_price,1554375543585,open,0.11,886.0,0.07196097,0.09944098,0.0978509,78.29,0.144,0,BTC-26APR19-4750-C,4960.62,73.05,0.093,6.2,0.0985,5.2,78.99,4.59978,-8.23055,1.57127,0.0004,0.62635
4960.62,index_price,1554375543595,open,0.11,886.0,0.07196097,0.09944098,0.0978509,78.29,0.144,0,BTC-26APR19-4750-C,4960.62,73.05,0.093,6.2,0.0985,5.5,78.99,4.59978,-8.23055,1.57127,0.0004,0.62635
4960.62,index_price,1554375543608,open,0.0,3.0,1e-07,0.00345179,0.00222454,106.11,0.004,0,BTC-12APR19-6625-C,4960.62,104.19,0.002,5.1,0.003,31.0,111.98,0.59816,-4.02961,0.03795,0.00011,0.03768
4960.62,index_price,1554375543610,open,0.0,2945.8,6.92e-06,0.00086618,0.00120009,83.91,0.001,0,BTC-26APR19-3250-P,4960.62,0.0,0.0,0.0,0.002,6.6,91.05,0.46879,-0.89909,-0.04917,4e-05,-0.01534
4960.62,index_price,1554375543613,open,0.01,122.2,0.00068508,0.02099404,0.0098735,85.69,0.0105,0,BTC-12APR19-4375-P,4960.62,81.47,0.0085,2.9,0.011,3.1,89.0,1.65583,-9.00811,-0.16508,0.00036,-0.14435
4960.62,index_price,1554375543605,open,0.04,104.9,0.01993351,0.03196023,0.02837026,95.36,0.033,0,BTC-5APR19-4875-C,4960.62,79.25,0.0255,18.0,0.031,18.0,109.79,0.8962,-48.79805,0.07446,0.00159,0.65398
4960.62,index_price,1554375543629,open,0.01,122.2,0.00068508,0.02099404,0.0098735,85.69,0.0105,0,BTC-12APR19-4375-P,4960.62,81.47,0.0085,2.9,0.011,3.0,89.0,1.65583,-9.00811,-0.16508,0.00036,-0.14435
4960.62,index_price,1554375543637,open,0.05,161.1,0.05837169,0.06310231,0.06071824,92.85,0.0645,0,BTC-5APR19-5250-P,4960.62,77.55,0.0595,6.0,0.0645,6.0,126.04,0.45833,-24.29825,-0.11309,0.00084,-0.88951
4960.62,index_price,1554375543639,open,0.08,135.7,0.06766114,0.07044404,0.0700118,109.85,0.078,0,BTC-5APR19-4625-C,4960.62,0.0,0.067,6.0,0.0715,6.0,126.31,0.40088,-25.1444,0.09974,0.00062,0.90805
4960.62,index_price,1554375543641,open,0.07,76.3,0.08353468,0.0855709,0.08449029,97.54,0.0685,0,BTC-5APR19-5375-P,4960.62,0.0,0.083,6.0,0.088,6.0,142.03,0.2463,-13.71743,-0.12325,0.00043,-0.95107
4960.62,index_price,1554375543643,open,0.09,46.3,0.10873238,0.10951217,0.10861028,0.0,0.0915,0,BTC-5APR19-5500-P,4960.62,0.0,0.1075,6.0,0.1125,6.0,161.68,0.0,0.0,-0.13195,0.0,-1.0
4960.62,index_price,1554375543647,open,0.0,3.0,1.3e-06,0.00579215,0.00348936,103.15,0.0055,0,BTC-12APR19-6375-C,4960.62,100.11,0.003,3.6,0.004,30.0,106.07,0.8345,-5.46461,0.05735,0.00015,0.05706
4955.46,BTC-28JUN19,1554375543648,open,0.08,48.2,0.05277253,0.09572984,0.08292582,67.63,0.063,0.0,BTC-28JUN19-4500-P,4960.62,66.8,0.0815,5.0,0.082,5.0,67.09,8.58125,-3.41865,-4.68017,0.00022,-0.32322
4955.46,BTC-28JUN19,1554375543661,open,0.19,10.8,0.15636136,0.20295562,0.19721104,66.98,0.1655,0.0,BTC-28JUN19-5500-P,4960.62,63.97,0.1915,15.8,0.199,2.0,67.92,9.41001,-3.71296,-8.77242,0.00025,-0.56407
4960.62,index_price,1554375543672,open,0.01,159.5,0.00068861,0.00999317,0.00685031,95.64,0.0155,0,BTC-5APR19-5125-C,4960.62,93.38,0.0065,1.6,0.008,15.0,102.9,0.77319,-33.98176,0.02902,0.00137,0.25065
4960.62,index_price,1554375543676,open,0.0,245.2,0.00019923,0.00697888,0.00385068,91.25,0.0035,0,BTC-5APR19-4750-P,4960.62,88.26,0.0035,1.7,0.004,7.0,92.49,0.59199,-19.10178,-0.01954,0.0011,-0.16033
4955.32,BTC-28JUN19,1554375543674,open,0.03,1419.3,0.00972237,0.03858127,0.03258021,70.68,0.0335,0.0,BTC-28JUN19-7000-C,4960.62,69.87,0.0315,10.0,0.033,14.4,70.99,6.68095,-2.78159,1.92407,0.00017,0.19956
4960.62,index_price,1554375543686,open,0.01,75.0,3.624e-05,0.00476686,0.00327383,101.85,0.004,0,BTC-5APR19-5250-C,4960.62,94.1,0.0025,3.7,0.0045,19.6,112.77,0.52259,-16.24025,0.01546,0.00087,0.13316
4960.62,index_price,1554375543688,open,0.01,75.0,3.624e-05,0.00476686,0.00327383,101.85,0.004,0,BTC-5APR19-5250-C,4960.62,94.1,0.0025,3.7,0.0045,19.8,112.77,0.52259,-16.24025,0.01546,0.00087,0.13316
4960.62,index_price,1554375543701,open,0.04,66.0,0.01840945,0.05845398,0.04008692,83.07,0.037,0,BTC-12APR19-4875-P,4960.62,80.3,0.0385,18.0,0.0415,3.7,85.53,2.8473,-15.0153,-0.49171,0.00065,-0.41929
4960.62,index_price,1554375543704,open,0.03,343.0,0.01409427,0.03694475,0.03493211,77.53,0.0335,0,BTC-26APR19-4500-P,4960.62,74.52,0.0325,24.3,0.037,21.4,80.07,4.02641,-7.13504,-0.91098,0.00035,-0.27148
163.73,ETH-27SEP19,1554375543721,open,0.65,0.0,0.634196,0.663763,0.644031,94.6,None,0.0,ETH-27SEP19-60-C,159.61,0.0,0.0,0.0,0.0,0.0,0.0,0.08084,-0.02174,0.25587,0.00066,0.96835
4960.62,index_price,1554375543726,open,0.01,58.5,0.00019962,0.01523527,0.00654244,87.18,0.0055,0,BTC-12APR19-4250-P,4960.62,85.07,0.006,3.1,0.007,10.0,88.91,1.29562,-7.17124,-0.11597,0.00028,-0.10181
163.26,ETH-28JUN19,1554375543728,open,0.71,0.0,0.71961,0.777248,0.739085,85.72,None,0.0,ETH-28JUN19-280-P,159.61,0.0,0.0,0.0,0.0,0.0,0.0,0.17183,-0.08677,-0.60858,0.00323,-0.86396
4960.62,index_price,1554375543717,open,0.1,134.8,0.08467903,0.11278042,0.10984173,76.93,0.0755,0,BTC-26APR19-5250-P,4960.62,73.95,0.107,14.4,0.114,14.4,81.27,4.74228,-8.33865,-2.05673,0.00042,-0.58195
4960.62,index_price,1554375543731,open,0.06,1009.9,0.02634358,0.05444497,0.05239732,77.86,0.0485,0,BTC-26APR19-5250-C,4960.62,73.26,0.048,6.2,0.05,0.1,75.35,4.74688,-8.44782,1.09263,0.00041,0.41991
159.61,index_price,1554375543748,open,0.21,1.0,0.189253,0.200853,0.194008,102.15,0.164,0.2,ETH-12APR19-130-C,159.61,0.0,0.186,157.0,0.198,157.0,119.56,0.03169,-0.26983,0.02533,0.00564,0.92939
4960.62,index_price,1554375543748,open,0.02,69.8,0.00556931,0.02213737,0.02125526,78.65,0.02,0,BTC-26APR19-4250-P,4960.62,75.14,0.019,24.0,0.0225,18.4,80.55,3.23366,-5.8133,-0.61103,0.00028,-0.18427
4960.62,index_price,1554375543756,open,0.0,1.0,4.42e-06,0.00744265,0.00414427,100.36,0.005,0,BTC-12APR19-6250-C,4960.62,96.85,0.0035,3.9,0.005,32.3,104.6,0.95287,-6.07121,0.06797,0.00018,0.06764
4960.62,index_price,1554375543758,open,0.0,1.0,4.42e-06,0.00744265,0.00414427,100.36,0.005,0,BTC-12APR19-6250-C,4960.62,96.85,0.0035,3.9,0.005,32.4,104.6,0.95287,-6.07121,0.06797,0.00018,0.06764
4952.27,BTC-27SEP19,1554375543766,open,0.08,11.0,0.02461461,0.25419357,0.07413802,64.99,0.0785,0.0,BTC-27DEC19-8000-C,4960.62,56.14,0.05,1.0,0.0835,16.0,68.2,14.23599,-1.7335,7.42679,0.00012,0.27925
4960.62,index_price,1554375543752,open,0.14,34.0,0.12306366,0.14773279,0.14569322,77.7,0.1255,0,BTC-26APR19-5500-P,4960.62,74.64,0.143,14.4,0.15,14.4,82.53,4.38324,-7.7845,-2.43327,0.00038,-0.67274
4960.62,index_price,1554375543771,open,0.0,81.5,1.3e-06,0.00475562,0.00131098,89.0,0.0005,0,BTC-12APR19-3875-P,4960.62,76.77,0.0005,30.0,0.002,6.0,95.96,0.43031,-2.43127,-0.0285,9e-05,-0.02531
4960.62,index_price,1554375543773,open,0.08,438.9,0.04512917,0.0744123,0.07165485,77.17,0.0725,0,BTC-26APR19-5000-C,4960.62,72.91,0.0675,6.0,0.0695,0.1,74.96,4.83815,-8.53394,1.33587,0.00043,0.52098
4952.27,BTC-27SEP19,1554375543790,open,0.08,11.0,0.02461461,0.25419357,0.07413802,64.99,0.0785,0.0,BTC-27DEC19-8000-C,4960.62,63.37,0.0695,6.0,0.0835,16.0,68.2,14.23599,-1.7335,7.42679,0.00012,0.27925
4960.62,index_price,1554375543812,open,0.05,161.1,0.05837169,0.06310231,0.06071824,92.85,0.0645,0,BTC-5APR19-5250-P,4960.62,77.55,0.0595,6.4,0.0645,6.0,126.04,0.45833,-24.29825,-0.11309,0.00084,-0.88951
4960.62,index_price,1554375543819,open,0.12,219.4,0.09481047,0.12097363,0.10837366,86.8,0.1105,0,BTC-12APR19-4500-C,4960.62,77.14,0.1045,6.0,0.1095,6.0,89.48,2.06316,-11.36884,0.73622,0.00045,0.79619
4960.62,index_price,1554375543822,open,0.11,701.9,0.09285535,0.09376649,0.09405906,121.48,0.105,0,BTC-5APR19-4500-C,4960.62,0.0,0.091,6.0,0.0955,6.0,145.13,0.24134,-16.73997,0.10214,0.00034,0.9523
4960.62,index_price,1554375543827,open,0.04,1054.1,0.01433128,0.03900041,0.03789431,78.76,0.036,0,BTC-26APR19-5500-C,4960.62,74.33,0.034,6.4,0.0365,10.0,77.18,4.39989,-7.92012,0.86949,0.00038,0.33035
4955.32,BTC-28JUN19,1554375543824,open,0.19,246.4,0.14466762,0.18762688,0.1756797,68.12,0.21,0.0,BTC-28JUN19-4500-C,4960.62,66.28,0.1725,6.0,0.177,10.8,68.88,8.5851,-3.44522,5.76977,0.00022,0.6764
163.73,ETH-27SEP19,1554375543860,open,0.01,120.0,0.000653,0.030219,0.010175,93.96,0.01,0.0,ETH-27SEP19-60-P,159.61,78.12,0.004,80.0,0.016,80.0,104.62,0.07961,-0.02127,-0.03254,0.00066,-0.03107
4952.27,BTC-27SEP19,1554375543858,open,0.11,84.0,0.06211035,0.26520832,0.11165425,63.52,0.086,0.0,BTC-27DEC19-4000-P,4960.62,61.08,0.105,13.0,0.1185,5.0,66.02,13.54458,-1.61182,-13.20765,0.00012,-0.2531
4960.62,index_price,1554375543863,open,0.03,119.2,0.00994132,0.04680894,0.02975076,83.79,0.026,0,BTC-12APR19-4750-P,4960.62,80.53,0.028,24.0,0.0305,2.9,85.18,2.66821,-14.19406,-0.39515,0.0006,-0.33943
4955.46,BTC-28JUN19,1554375543879,open,0.25,452.0,0.21493433,0.24782685,0.24049735,69.8,0.28,0.0,BTC-28JUN19-4000-C,4960.62,65.44,0.2345,4.2,0.242,4.2,70.88,6.89673,-2.83592,6.32618,0.00017,0.78949
4960.62,index_price,1554375543881,open,0.02,30.8,0.00176967,0.02941132,0.01612512,87.42,0.017,0,BTC-12APR19-5500-C,4960.62,82.56,0.014,28.3,0.0175,14.4,90.47,2.21138,-12.27293,0.22868,0.00048,0.22977
4960.62,index_price,1554375543883,open,0.02,30.8,0.00176967,0.02941132,0.01612512,87.42,0.017,0,BTC-12APR19-5500-C,4960.62,82.56,0.014,28.3,0.0175,14.5,90.47,2.21138,-12.27293,0.22868,0.00048,0.22977
4960.62,index_price,1554375543886,open,0.03,25.3,0.00737249,0.04396242,0.02797051,86.33,0.034,0,BTC-12APR19-5250-C,4960.62,80.84,0.025,27.3,0.028,0.1,86.38,2.70069,-14.80191,0.34533,0.00059,0.3506
163.26,ETH-28JUN19,1554375543890,open,0.6,0.0,0.600809,0.669245,0.623878,83.95,None,0.0,ETH-28JUN19-260-P,159.61,0.0,0.0,0.0,0.0,0.0,0.0,0.20056,-0.09918,-0.55127,0.00385,-0.82821
4960.62,index_price,1554375543889,open,0.05,278.1,0.02950256,0.05698257,0.05458631,77.42,0.05,0,BTC-26APR19-4750-P,4960.62,75.16,0.0525,5.1,0.0575,35.1,80.56,4.59759,-8.13524,-1.27151,0.0004,-0.37309
4952.27,BTC-27SEP19,1554375543899,open,0.11,84.0,0.06211035,0.26520832,0.11165425,63.52,0.086,0.0,BTC-27DEC19-4000-P,4960.62,61.08,0.105,13.0,0.118,3.0,65.83,13.54458,-1.61182,-13.20765,0.00012,-0.2531
4960.62,index_price,1554375543896,open,0.05,278.1,0.02950256,0.05698257,0.05458631,77.42,0.05,0,BTC-26APR19-4750-P,4960.62,75.16,0.0525,5.1,0.0575,34.9,80.56,4.59759,-8.13524,-1.27151,0.0004,-0.37309
163.73,ETH-27SEP19,1554375543913,open,0.05,19.0,0.004998,0.109832,0.046779,95.28,0.045,0.0,ETH-27SEP19-380-C,159.61,83.53,0.028,80.0,0.043,80.0,93.11,0.29084,-0.07878,0.09958,0.00236,0.17301
4960.62,index_price,1554375543923,open,0.03,343.0,0.01409427,0.03694475,0.03493211,77.53,0.0335,0,BTC-26APR19-4500-P,4960.62,74.52,0.0325,24.5,0.037,21.4,80.07,4.02641,-7.13504,-0.91098,0.00035,-0.27148
4960.62,index_price,1554375543944,open,0.03,343.0,0.01409427,0.03694475,0.03493211,77.53,0.0335,0,BTC-26APR19-4500-P,4960.62,74.52,0.0325,24.5,0.037,21.2,80.07,4.02641,-7.13504,-0.91098,0.00035,-0.27148
4952.27,BTC-27SEP19,1554375543955,open,0.21,31.5,0.15816735,0.39880756,0.21675654,62.56,0.21,0.0,BTC-27DEC19-5000-P,4960.62,55.55,0.1935,3.0,0.225,5.0,65.06,16.37576,-1.91933,-22.38572,0.00015,-0.40147
4960.62,index_price,1554375543956,open,0.05,81.6,0.02269032,0.06368334,0.04559475,84.13,0.0565,0,BTC-12APR19-5000-C,4960.62,79.7,0.043,3.8,0.047,3.4,86.52,2.90699,-15.52571,0.48544,0.00065,0.49912
163.73,ETH-27SEP19,1554375543976,open,0.54,0.0,0.516384,0.577307,0.535999,88.05,None,0.0,ETH-27SEP19-80-C,159.61,0.0,0.0,0.0,0.0,0.0,0.0,0.15224,-0.03811,0.31101,0.00134,0.93022
4960.62,index_price,1554375543977,open,0.05,81.6,0.02269032,0.06368334,0.04559475,84.13,0.0565,0,BTC-12APR19-5000-C,4960.62,79.7,0.043,3.8,0.047,3.6,86.52,2.90699,-15.52571,0.48544,0.00065,0.49912
4960.62,index_price,1554375543993,open,0.0,222.5,1e-08,0.0007798,0.00081138,115.81,0.0015,0,BTC-5APR19-5500-C,4960.62,130.32,0.0015,3.4,0.002,9.9,138.62,0.19489,-4.02493,0.00426,0.00029,0.03663
4960.62,index_price,1554375543999,open,0.02,234.1,0.00542079,0.01881058,0.01404029,90.37,0.0185,0,BTC-5APR19-5000-C,4960.62,87.57,0.0135,2.1,0.0155,2.0,97.92,0.95754,-49.40798,0.05044,0.00179,0.43782
4960.62,index_price,1554375544002,open,0.0,231.1,4.27e-06,0.00278718,0.00156997,99.23,0.0015,0,BTC-5APR19-4625-P,4960.62,78.46,0.0005,52.6,0.0025,14.7,111.62,0.33117,-7.78802,-0.00868,0.00057,-0.07138
4955.46,BTC-28JUN19,1554375544044,open,0.02,976.1,0.0026818,0.01963904,0.0189016,74.26,0.02,0.0,BTC-28JUN19-8000-C,4960.62,73.33,0.018,7.7,0.0195,18.0,74.86,4.87297,-2.13165,1.20332,0.00011,0.12333
4960.62,index_price,1554375544062,open,0.02,30.8,0.00176967,0.02941132,0.01612512,87.42,0.017,0,BTC-12APR19-5500-C,4960.62,82.56,0.014,28.3,0.017,10.0,89.37,2.21138,-12.27293,0.22868,0.00048,0.22977
4952.27,BTC-27SEP19,1554375544081,open,0.07,1244.9,0.04242153,0.10500133,0.06713723,64.92,0.0725,0.0,BTC-27SEP19-7000-C,4960.62,65.7,0.069,10.0,0.0715,10.0,66.74,11.83734,-2.18488,5.40694,0.00015,0.29372
4955.46,BTC-28JUN19,1554375544084,open,0.1,10.7,0.065478,0.11154024,0.10658466,67.31,0.1045,0.0,BTC-28JUN19-4750-P,4960.62,66.99,0.106,5.0,0.1075,6.5,67.81,9.13332,-3.62159,-5.66298,0.00024,-0.38486
163.73,ETH-27SEP19,1554375544091,open,1.33,0.0,1.325892,1.430726,1.36569,94.15,None,0.0,ETH-27SEP19-380-P,159.61,0.0,0.0,0.0,0.0,0.0,0.0,0.28559,-0.07644,-1.73371,0.00235,-0.83185
159.61,index_price,1554375544130,open,0.38,0.0,0.373473,0.373473,0.373904,399.3,None,0,ETH-5APR19-100-C,159.61,0.0,0.001,50.0,0.0,0.0,0.0,0.00141,-0.32158,0.00237,0.00058,0.99358
4955.32,BTC-28JUN19,1554375544132,open,0.13,847.6,0.09194727,0.13968352,0.12547617,67.54,0.1245,0.0,BTC-28JUN19-5000-C,4960.62,65.98,0.1225,5.0,0.127,10.8,68.34,9.44612,-3.75816,4.93556,0.00024,0.5538
