underlying_price,underlying_index,timestamp,state,settlement_price,open_interest,min_price,max_price,mark_price,mark_iv,last_price,interest_rate,instrument_name,index_price,bid_iv,best_bid_price,best_bid_amount,best_ask_price,best_ask_amount,ask_iv,vega,theta,rho,gamma,delta
173.06,ETH-28JUN19,1554634739989,open,0.11,542.0,0.07587,0.179413,0.104964,75.54,0.111,0.0,ETH-28JUN19-190-C,167.73,72.9,0.1,36.0,0.11,36.0,78.21,0.32589,-0.15033,0.14065,0.00642,0.46727
167.73,index_price,1554634739998,open,0.01,0.0,0.000979,0.024714,0.008052,91.74,None,0.2,ETH-19APR19-210-C,167.73,77.66,0.004,100.0,0.012,100.0,102.48,0.05622,-0.22636,0.00547,0.0067,0.10821
173.06,ETH-28JUN19,1554634740009,open,0.33,26.0,0.317563,0.373115,0.331372,76.92,0.191,0.0,ETH-28JUN19-120-C,167.73,0.0,0.001,10.0,0.0,0.0,0.0,0.16162,-0.07592,0.21392,0.00313,0.88242
5170.17,BTC-27SEP19,1554634740048,open,0.6,2.5,0.57433757,0.62886667,0.59934047,67.02,1.278,0.0,BTC-27SEP19-8000-P,5124.23,0.0,0.0035,13.1,0.0,0.0,0.0,10.98617,-2.12942,-33.35973,0.00013,-0.76297
5146.3,BTC-28JUN19,1554634740048,open,0.01,347.3,1.555e-05,0.00153105,0.00515067,88.74,0.0065,0.0,BTC-28JUN19-12000-C,5124.23,83.73,0.0035,18.0,0.007,18.0,93.25,1.90928,-1.03462,0.35137,4e-05,0.03559
5146.3,BTC-28JUN19,1554634740048,open,0.14,865.1,0.10781274,0.15363238,0.13685485,65.83,0.1325,0.0,BTC-28JUN19-5000-C,5124.23,63.45,0.1325,15.8,0.142,11.1,68.64,9.42841,-3.79038,5.32445,0.00024,0.59808
5146.3,BTC-28JUN19,1554634740048,open,0.0,703.5,1.09e-06,0.00026322,0.00435959,110.0,0.002,0.0,BTC-28JUN19-2000-P,5124.23,87.69,0.001,14.0,0.192,34.5,406.82,1.13039,-0.75934,-0.26979,2e-05,-0.01901
5146.3,BTC-28JUN19,1554634740048,open,0.01,608.6,0.00095404,0.01148388,0.0121568,75.93,0.012,0.0,BTC-28JUN19-9000-C,5124.23,73.59,0.0105,18.0,0.014,10.5,78.35,3.78103,-1.75322,0.83684,8e-05,0.08465
5170.17,BTC-27SEP19,1554634740049,open,0.53,57.5,0.51889584,0.53273414,0.52634836,70.76,0.389,0.0,BTC-27SEP19-2500-C,5124.23,0.0,0.0005,1.0,0.0,0.0,0.0,3.14813,-0.64429,10.58673,4e-05,0.95868
5124.23,index_price,1554634740048,open,0.17,0.0,0.17096762,0.17918039,0.17359196,86.78,None,0,BTC-12APR19-6000-P,5124.23,0.0,0.0,0.0,0.229,0.1,252.09,0.7409,-6.59341,-0.75959,0.00024,-0.93612
5146.3,BTC-28JUN19,1554634740049,open,0.0,365.6,2.6e-07,0.00021941,0.00245599,96.38,0.002,0.0,BTC-28JUN19-15000-C,5124.23,93.95,0.002,3.6,0.003,1.1,98.89,1.03776,-0.61077,0.17017,2e-05,0.0172
5169.85,BTC-27SEP19,1554634740050,open,0.78,0.0,0.75532454,0.79917106,0.77772672,69.0,None,0.0,BTC-27SEP19-9000-P,5124.23,0.0,0.0015,20.0,0.0,0.0,0.0,9.21075,-1.83816,-39.21549,0.00011,-0.82382
5146.3,BTC-28JUN19,1554634740050,open,0.0,869.0,5.271e-05,0.00190198,0.00382441,84.27,0.0045,0.0,BTC-28JUN19-2500-P,5124.23,78.33,0.0025,20.1,0.005,18.0,88.59,1.29381,-0.66583,-0.30154,3e-05,-0.0223
5146.3,BTC-28JUN19,1554634740050,open,0.0,1450.0,0.0,1.243e-05,0.00082326,110.0,0.001,0.0,BTC-28JUN19-1500-P,5124.23,103.65,0.0005,10.0,0.001,1.0,112.75,0.30867,-0.20735,-0.05925,0.0,-0.00431
5169.85,BTC-27SEP19,1554634740050,open,0.3,239.2,0.27330058,0.32536771,0.29573517,65.54,0.2885,0.0,BTC-27SEP19-4000-C,5124.23,63.17,0.291,3.5,0.45,1.5,139.08,10.35414,-1.96285,12.01651,0.00012,0.78648
5146.3,BTC-28JUN19,1554634740050,open,1.14,5.7,1.13751993,1.14043887,1.14298973,82.47,1.142,0.0,BTC-28JUN19-11000-P,5124.23,0.0,0.0,0.0,0.0,0.0,0.0,2.1048,-1.06003,-24.27577,4e-05,-0.9599
5169.85,BTC-27SEP19,1554634740050,open,0.62,28.2,0.61352559,0.61886748,0.61720604,75.09,0.5015,0.0,BTC-27SEP19-2000-C,5124.23,0.0,0.0005,1.0,0.0,0.0,0.0,1.5776,-0.34261,8.93153,2e-05,0.98197
5124.23,index_price,1554634740048,open,0.05,175.8,0.03370353,0.06012636,0.05015085,68.71,0.044,0,BTC-26APR19-5000-P,5124.23,64.0,0.046,18.0,0.0525,18.0,71.37,4.52201,-8.23032,-1.21151,0.00048,-0.40703
5124.23,index_price,1554634740048,open,0.0,41.5,0.0,6.624e-05,4.022e-05,109.98,0.0005,0,BTC-12APR19-3500-P,5124.23,0.0,0.0,0.0,0.3995,10.3,500.0,0.02171,-0.2061,-0.00078,1e-05,-0.0011
5169.85,BTC-27SEP19,1554634740050,open,0.01,482.7,0.00244008,0.01628167,0.00990268,70.77,0.0075,0.0,BTC-27SEP19-2500-P,5124.23,65.59,0.007,24.0,0.0125,18.0,74.79,3.14991,-0.64478,-1.25505,4e-05,-0.04135
5124.23,index_price,1554634740048,open,0.04,5.4,0.0247167,0.07005151,0.04462153,78.72,0.05,0,BTC-19APR19-5000-P,5124.23,71.38,0.0395,24.0,0.0475,24.0,82.84,3.5794,-11.86293,-0.74741,0.00053,-0.40368
5169.85,BTC-27SEP19,1554634740050,open,0.04,283.0,0.02290143,0.06244413,0.04093365,66.72,0.0375,0.0,BTC-27SEP19-3500-P,5124.23,64.46,0.0375,24.0,0.0445,18.0,69.02,7.92963,-1.53024,-4.43704,9e-05,-0.14027
5169.85,BTC-27SEP19,1554634740050,open,0.02,642.3,0.00416883,0.03052888,0.01976836,72.12,0.0215,0.0,BTC-27SEP19-11000-C,5124.23,69.77,0.017,18.0,0.023,33.0,74.67,6.31269,-1.31682,2.0015,7e-05,0.10151
5146.3,BTC-28JUN19,1554634740051,open,0.01,867.5,0.00024539,0.00584133,0.00788097,79.13,0.007,0.0,BTC-28JUN19-10000-C,5124.23,76.41,0.0065,18.0,0.01,0.6,82.8,2.7678,-1.33742,0.56072,6e-05,0.05645
5169.85,BTC-27SEP19,1554634740051,open,0.16,18.1,0.12914144,0.19729443,0.15689628,64.53,0.171,0.0,BTC-27SEP19-5000-P,5124.23,62.86,0.1525,1.0,0.163,14.4,66.86,13.58059,-2.5347,-13.22308,0.00017,-0.38313
5146.3,BTC-28JUN19,1554634740051,open,0.07,58.1,0.03926883,0.07852795,0.06510943,66.65,0.061,0.0,BTC-28JUN19-4500-P,5124.23,64.7,0.062,14.4,0.0685,8.5,68.78,8.20432,-3.33951,-3.98353,0.00021,-0.27996
5169.85,BTC-27SEP19,1554634740051,open,0.07,94.8,0.04701741,0.09908455,0.06942207,65.53,0.086,0.0,BTC-27SEP19-4000-P,5124.23,63.56,0.0655,14.4,0.0735,14.4,67.56,10.3535,-1.96228,-6.92748,0.00012,-0.21349
5146.3,BTC-28JUN19,1554634740051,open,0.0,336.8,6.195e-05,0.00298089,0.00578507,83.08,0.005,0.0,BTC-28JUN19-11000-C,5124.23,79.78,0.0045,18.0,0.0075,19.7,86.84,2.16332,-1.09757,0.41208,4e-05,0.04148
5124.23,index_price,1554634740048,open,0.01,159.8,0.00319196,0.02585444,0.01236472,80.39,0.0145,0,BTC-12APR19-5500-C,5124.23,79.36,0.012,0.3,0.0135,0.4,83.53,1.82947,-15.08153,0.15392,0.00065,0.23723
5169.85,BTC-27SEP19,1554634740052,open,0.15,264.1,0.1222685,0.1932746,0.15117597,64.54,0.1365,0.0,BTC-27SEP19-5500-C,5124.23,62.65,0.146,7.4,0.154,10.8,65.58,14.14562,-2.6407,9.34866,0.00017,0.53297
5146.3,BTC-28JUN19,1554634740052,open,0.43,47.2,0.41775704,0.42457611,0.42553891,77.08,0.4195,0.0,BTC-28JUN19-3000-C,5124.23,0.0,0.05,0.2,0.0,0.0,0.0,2.44875,-1.15273,6.07304,5e-05,0.95162
5124.23,index_price,1554634740048,open,0.0,259.9,0.0,7e-08,2.172e-05,109.99,0.0005,0,BTC-26APR19-2250-P,5124.23,0.0,0.0,0.0,0.2,11.1,500.0,0.01362,-0.03968,-0.0009,0.0,-0.00032
5169.85,BTC-27SEP19,1554634740052,open,1.15,3.1,1.13189014,1.15825019,1.14713831,71.83,1.9215,0.0,BTC-27SEP19-11000-P,5124.23,0.0,0.0015,30.0,0.0,0.0,0.0,6.25561,-1.29968,-50.12019,7e-05,-0.89975
5146.3,BTC-28JUN19,1554634740052,open,0.23,35.5,0.20558517,0.24945649,0.23301402,65.91,0.451,0.0,BTC-28JUN19-6000-P,5124.23,0.0,0.0,0.0,0.0,0.0,0.0,9.19145,-3.69967,-9.97884,0.00023,-0.6314
5169.85,BTC-27SEP19,1554634740052,open,0.12,697.4,0.09140221,0.16231562,0.12000592,64.56,0.111,0.0,BTC-27SEP19-6000-C,5124.23,61.07,0.1105,10.8,0.12,2.4,64.56,14.10378,-2.63352,8.20299,0.00017,0.45501
5124.23,index_price,1554634740048,open,0.0,2992.5,6.3e-07,0.00028687,0.00129498,97.55,0.0015,0,BTC-26APR19-3250-P,5124.23,93.89,0.001,50.0,0.0015,11.0,99.78,0.44763,-1.15663,-0.04384,3e-05,-0.01525
5124.23,index_price,1554634740048,open,0.01,0.0,0.00057005,0.01884844,0.00677998,82.62,None,0,BTC-19APR19-4250-P,5124.23,76.24,0.005,30.0,0.009,30.0,89.64,1.52339,-5.29949,-0.16438,0.00022,-0.09182
5124.23,index_price,1554634740053,open,0.03,1023.9,0.01913918,0.04406511,0.03442992,68.77,0.0305,0,BTC-26APR19-5500-C,5124.23,65.28,0.0315,24.0,0.0375,24.0,72.38,4.33424,-7.89498,0.84703,0.00046,0.35407
5124.23,index_price,1554634740053,open,0.0,233.8,0.0,1.15e-06,0.00010445,109.99,0.0005,0,BTC-26APR19-2500-P,5124.23,0.0,0.0,0.0,0.4,11.4,500.0,0.05253,-0.15304,-0.00392,0.0,-0.00138
5124.23,index_price,1554634740051,open,0.0,1118.2,2e-08,6.479e-05,0.00109948,109.99,0.0005,0,BTC-26APR19-3000-P,5124.23,0.0,0.0,0.0,0.005,11.0,142.26,0.35715,-1.04055,-0.03403,2e-05,-0.01174
5124.23,index_price,1554634740053,open,0.02,338.7,0.00671116,0.02372893,0.01802345,71.03,0.0325,0,BTC-26APR19-4500-P,5124.23,67.67,0.016,24.0,0.02,24.0,74.2,3.14239,-5.91209,-0.54614,0.00033,-0.18807
5124.23,index_price,1554634740053,open,0.03,287.3,0.01652063,0.0392764,0.03177099,70.48,0.027,0,BTC-26APR19-4750-P,5124.23,65.6,0.028,24.0,0.0335,24.0,72.7,3.98906,-7.44762,-0.85277,0.00042,-0.29004
5124.23,index_price,1554634740054,open,0.01,921.5,0.00052137,0.00639368,0.00520252,76.05,0.0045,0,BTC-26APR19-4000-P,5124.23,69.51,0.0035,30.0,0.0065,10.0,80.34,1.46722,-2.95556,-0.18449,0.00014,-0.06442
5124.23,index_price,1554634740050,open,0.27,224.9,0.26827126,0.27090981,0.27134739,82.37,0.2725,0,BTC-26APR19-3750-C,5124.23,0.0,0.0,0.0,0.0,0.0,0.0,0.98691,-2.15324,1.82714,9e-05,0.96084
5124.23,index_price,1554634740052,open,0.08,471.2,0.05794717,0.08437,0.07445542,68.78,0.0775,0,BTC-26APR19-5000-C,5124.23,66.0,0.072,18.0,0.0795,18.0,74.49,4.5221,-8.23875,1.37396,0.00048,0.59294
5124.23,index_price,1554634740051,open,0.0,131.2,0.00018636,0.01120783,0.0043632,87.28,0.0045,0,BTC-12APR19-5875-C,5124.23,82.67,0.0035,0.2,0.0055,30.0,92.75,1.00849,-9.02699,0.0627,0.00033,0.09597
5124.23,index_price,1554634740050,open,0.23,0.0,0.22017898,0.24031145,0.22719689,84.21,None,0,BTC-19APR19-6250-P,5124.23,0.0,0.0,0.0,0.0,0.0,0.0,1.72731,-6.12406,-1.86419,0.00024,-0.89094
5124.23,index_price,1554634740053,open,0.01,85.0,0.00215929,0.01304311,0.01002922,73.49,0.01,0,BTC-26APR19-4250-P,5124.23,68.68,0.008,30.0,0.012,30.0,77.82,2.25513,-4.39015,-0.33005,0.00023,-0.11452
5124.23,index_price,1554634740051,open,0.15,0.0,0.14670008,0.15772155,0.15080533,86.92,None,0,BTC-12APR19-5875-P,5124.23,0.0,0.0,0.0,0.2555,0.1,351.38,1.00073,-8.92006,-0.72272,0.00033,-0.90503
5169.85,BTC-27SEP19,1554634740061,open,0.08,1247.5,0.05006196,0.11473069,0.07530769,64.65,0.073,0.0,BTC-27SEP19-7000-C,5124.23,63.51,0.0725,17.7,0.0795,14.4,66.34,12.77663,-2.38897,6.07037,0.00016,0.32322
5169.85,BTC-27SEP19,1554634740081,open,0.21,33.5,0.14964528,0.36741297,0.20941195,68.54,0.2195,0.0,BTC-27DEC19-5000-P,5124.23,59.99,0.182,4.0,0.25,2.0,81.36,16.502,-2.14316,-21.4185,0.00012,-0.36365
5169.85,BTC-27SEP19,1554634740094,open,0.13,20.1,0.06827113,0.30034444,0.12721871,68.55,0.156,0.0,BTC-27DEC19-7000-C,5124.23,54.82,0.083,16.0,0.1655,10.0,80.0,17.08452,-2.21921,10.55505,0.00013,0.40963
167.73,index_price,1554634740108,open,0.01,489.0,0.001165,0.018764,0.009923,102.59,0.01,0.2,ETH-12APR19-190-C,167.73,95.66,0.008,80.0,0.012,80.0,109.56,0.04833,-0.52281,0.0035,0.01254,0.16611
174.97,ETH-27SEP19,1554634740114,open,0.47,1.0,0.432674,0.605097,0.473759,76.52,0.783,0.0,ETH-27SEP19-240-P,167.73,0.0,0.001,10.0,0.51,1.0,90.2,0.4539,-0.10046,-0.91624,0.00409,-0.63186
167.73,index_price,1554634740118,open,0.01,535.0,0.000152,0.010088,0.004964,107.21,0.005,0.2,ETH-12APR19-200-C,167.73,95.51,0.003,100.0,0.007,100.0,117.13,0.03166,-0.35595,0.00192,0.00786,0.09069
173.06,ETH-28JUN19,1554634740133,open,0.2,476.0,0.173755,0.277298,0.202807,75.52,0.18,0.0,ETH-28JUN19-190-P,167.73,72.96,0.198,36.0,0.21,36.0,79.33,0.32589,-0.15029,-0.28556,0.00642,-0.53278
167.73,index_price,1554634740140,open,0.41,111.0,0.405394,0.405402,0.405395,110.0,0.399,0.2,ETH-12APR19-100-C,167.73,0.0,0.001,100.0,0.0,0.0,0.0,1e-05,-0.0548,0.01332,0.0,0.99998
167.73,index_price,1554634740144,open,0.25,0.0,0.244871,0.268605,0.251944,91.74,None,0.2,ETH-19APR19-210-P,167.73,0.0,0.0,0.0,0.0,0.0,0.0,0.05622,-0.11204,-0.06242,0.0067,-0.89179
173.06,ETH-28JUN19,1554634740159,open,0.03,293.0,0.010964,0.066516,0.024733,76.88,0.028,0.0,ETH-28JUN19-120-P,167.73,73.89,0.022,60.0,0.028,60.0,80.31,0.16153,-0.07584,-0.05521,0.00313,-0.11749
167.73,index_price,1554634740159,open,0.29,0.0,0.289225,0.295577,0.292104,110.0,None,0.2,ETH-19APR19-120-C,167.73,0.0,0.0,0.0,0.0,0.0,0.0,0.02305,-0.16865,0.03675,0.00229,0.9656
167.73,index_price,1554634740164,open,0.0,178.0,1.4e-05,0.005161,0.00231,109.98,0.004,0.2,ETH-12APR19-210-C,167.73,95.31,0.001,100.0,0.004,200.0,122.82,0.01875,-0.21544,0.00098,0.00454,0.04613
5145.98,BTC-28JUN19,1554634740172,open,1.91,2.0,1.91489693,1.91511596,1.91682597,93.55,2.658,0.0,BTC-28JUN19-15000-P,5124.23,0.0,0.0,0.0,0.0,0.0,0.0,0.87775,-0.50144,-33.50649,2e-05,-0.98585
167.73,index_price,1554634740212,open,0.14,1.0,0.130915,0.148515,0.139673,102.59,0.167,0.2,ETH-12APR19-190-P,167.73,74.6,0.133,20.0,0.142,20.0,110.36,0.04833,-0.41898,-0.02181,0.01254,-0.83389
167.73,index_price,1554634740227,open,0.0,729.0,1e-06,0.002525,0.000907,110.0,0.002,0.2,ETH-12APR19-220-C,167.73,0.0,0.0,0.0,0.003,200.0,134.24,0.00948,-0.10866,0.00043,0.00229,0.02022
174.97,ETH-27SEP19,1554634740242,open,0.08,650.0,0.044701,0.210659,0.082237,76.52,0.09,0.0,ETH-27SEP19-260-C,167.73,73.52,0.075,48.0,0.094,48.0,81.28,0.4263,-0.09435,0.19082,0.00384,0.3125
167.73,index_price,1554634740248,open,0.0,100.0,0.0,8e-06,0.0,110.0,0.001,0.2,ETH-12APR19-100-P,167.73,0.0,0.0,0.0,0.0,0.0,0.0,1e-05,-8e-05,0.0,0.0,-2e-05
167.73,index_price,1554634740265,open,0.01,120.0,0.000292,0.017257,0.004877,93.86,0.007,0.2,ETH-19APR19-220-C,167.73,79.0,0.002,100.0,0.008,132.0,105.2,0.04042,-0.16569,0.00353,0.0047,0.06955
173.06,ETH-28JUN19,1554634740276,open,0.09,1121.0,0.059262,0.161403,0.088217,76.0,0.1,0.0,ETH-28JUN19-200-C,167.73,73.16,0.083,48.0,0.094,48.0,79.13,0.31903,-0.14806,0.12576,0.00625,0.41216
173.06,ETH-28JUN19,1554634740309,open,0.29,327.0,0.268942,0.336857,0.286108,75.84,0.285,0.0,ETH-28JUN19-130-C,167.73,0.0,0.14,50.0,0.7,1.0,396.16,0.20306,-0.09404,0.21328,0.00399,0.8355
167.73,index_price,1554634740351,open,0.35,0.0,0.345934,0.346018,0.345945,110.0,None,0.2,ETH-12APR19-110-C,167.73,0.0,0.001,100.0,0.0,0.0,0.0,0.00024,-0.06275,0.01465,6e-05,0.99967
5145.98,BTC-28JUN19,1554634740366,open,2.88,0.4,2.8865289,2.88653962,2.88701129,98.73,5.076,0.0,BTC-28JUN19-20000-P,5124.23,0.0,0.0,0.0,0.0,0.0,0.0,0.27573,-0.16624,-44.82511,0.0,-0.9962
173.06,ETH-28JUN19,1554634740415,open,0.24,430.0,0.214931,0.317072,0.243819,75.96,0.245,0.0,ETH-28JUN19-200-P,167.73,0.0,0.001,10.0,0.0,0.0,0.0,0.31901,-0.14798,-0.32289,0.00625,-0.58795
167.73,index_price,1554634740444,open,0.0,150.0,0.0,8.5e-05,1.1e-05,110.0,0.001,0.2,ETH-12APR19-110-P,167.73,0.0,0.0,0.0,0.002,200.0,193.53,0.00024,-0.00189,-1e-05,6e-05,-0.00033
174.97,ETH-27SEP19,1554634740455,open,0.04,0.0,0.009491,0.131048,0.036713,81.51,None,0.0,ETH-27SEP19-360-C,167.73,77.28,0.03,48.0,0.043,48.0,85.18,0.2897,-0.06829,0.09991,0.00245,0.15727
167.73,index_price,1554634740461,open,0.24,0.0,0.230219,0.243631,0.235871,103.11,None,0.2,ETH-19APR19-130-C,167.73,0.0,0.0,0.0,0.0,0.0,0.0,0.0393,-0.23466,0.03804,0.00416,0.93294
173.06,ETH-28JUN19,1554634740466,open,0.04,1162.0,0.020126,0.088042,0.037249,75.8,0.041,0.0,ETH-28JUN19-130-P,167.73,73.0,0.034,48.0,0.041,48.0,78.96,0.203,-0.09397,-0.07829,0.00399,-0.16442
167.73,index_price,1554634740519,open,0.3,0.0,0.303416,0.320382,0.308002,93.86,None,0.2,ETH-19APR19-220-P,167.73,0.0,0.0,0.0,0.0,0.0,0.0,0.04042,-0.04593,-0.06759,0.0047,-0.93045
167.73,index_price,1554634740544,open,0.29,88.0,0.286473,0.287015,0.286605,110.0,0.315,0.2,ETH-12APR19-120-C,167.73,0.0,0.001,100.0,0.381,1.0,500.0,0.00192,-0.08694,0.01591,0.00046,0.99672
173.06,ETH-28JUN19,1554634740563,open,0.03,59.0,0.006671,0.070123,0.027387,83.92,0.022,0.0,ETH-28JUN19-280-C,167.73,80.85,0.024,48.0,0.03,48.0,86.18,0.19599,-0.10044,0.04985,0.00348,0.15581
173.06,ETH-28JUN19,1554634740574,open,0.43,0.0,0.407417,0.492792,0.433366,79.43,None,0.0,ETH-28JUN19-240-P,167.73,0.0,0.001,10.0,0.0,0.0,0.0,0.25931,-0.12579,-0.4602,0.00486,-0.75209
173.06,ETH-28JUN19,1554634740619,open,0.25,399.0,0.224593,0.303749,0.245135,75.28,0.242,0.0,ETH-28JUN19-140-C,167.73,71.58,0.24,12.0,0.25,12.0,78.73,0.24257,-0.11151,0.20771,0.0048,0.7802
167.73,index_price,1554634740619,open,0.01,2.0,0.000247,0.013659,0.005899,103.11,0.011,0.2,ETH-19APR19-130-P,167.73,81.93,0.002,100.0,0.01,100.0,118.48,0.0393,-0.16389,-0.00398,0.00416,-0.06706
167.73,index_price,1554634740650,open,0.0,650.0,0.0,0.000542,0.000132,110.0,0.001,0.2,ETH-12APR19-120-P,167.73,0.0,0.0,0.0,0.003,100.0,171.18,0.00192,-0.02136,-8e-05,0.00046,-0.00328
174.97,ETH-27SEP19,1554634740721,open,0.66,0.0,0.657441,0.68131,0.66372,91.86,None,0.0,ETH-27SEP19-60-C,167.73,0.0,0.0,0.0,0.0,0.0,0.0,0.06385,-0.01697,0.26023,0.00048,0.97773
173.06,ETH-28JUN19,1554634740729,open,0.65,0.0,0.624607,0.688059,0.645229,83.84,None,0.0,ETH-28JUN19-280-P,167.73,0.0,0.0,0.0,0.0,0.0,0.0,0.19571,-0.1002,-0.57833,0.00347,-0.84452
173.06,ETH-28JUN19,1554634740733,open,0.04,600.0,0.011803,0.086113,0.035329,81.7,0.043,0.0,ETH-28JUN19-260-C,167.73,79.11,0.032,48.0,0.038,48.0,83.72,0.22621,-0.11286,0.06211,0.00412,0.19531
167.73,index_price,1554634740748,open,0.23,1.0,0.227014,0.229344,0.227898,110.0,0.164,0.2,ETH-12APR19-130-C,167.73,0.0,0.001,100.0,0.31,1.0,430.88,0.00873,-0.16772,0.01689,0.00211,0.98164
173.06,ETH-28JUN19,1554634740772,open,0.05,1638.0,0.033561,0.112717,0.054056,75.25,0.057,0.0,ETH-28JUN19-140-P,167.73,73.05,0.051,48.0,0.058,48.0,78.04,0.24253,-0.11145,-0.10629,0.0048,-0.21975
167.73,index_price,1554634740774,open,0.18,43.0,0.172412,0.196376,0.181188,93.9,0.176,0.2,ETH-19APR19-140-C,167.73,84.27,0.178,20.0,0.19,20.0,116.01,0.05946,-0.29957,0.0383,0.00692,0.88298
167.73,index_price,1554634740850,open,0.0,556.0,1e-06,0.002331,0.000885,110.0,0.003,0.2,ETH-12APR19-130-P,167.73,112.12,0.001,150.0,0.004,200.0,145.31,0.00873,-0.09667,-0.00043,0.00211,-0.01836
174.97,ETH-27SEP19,1554634740860,open,0.01,120.0,0.000357,0.024226,0.006637,91.87,0.01,0.0,ETH-27SEP19-60-P,167.73,74.73,0.002,60.0,0.011,60.0,102.24,0.06386,-0.01697,-0.02396,0.00048,-0.02227
173.06,ETH-28JUN19,1554634740891,open,0.54,0.0,0.514172,0.588482,0.537689,81.69,None,0.0,ETH-28JUN19-260-P,167.73,0.0,0.0,0.0,0.0,0.0,0.0,0.22618,-0.11284,-0.52113,0.00412,-0.80472
174.97,ETH-27SEP19,1554634740913,open,0.03,21.0,0.007001,0.119989,0.036837,85.48,0.044,0.0,ETH-27SEP19-380-C,167.73,84.96,0.036,200.0,0.038,60.0,86.19,0.28433,-0.0703,0.09617,0.00229,0.15288
173.06,ETH-28JUN19,1554634740920,open,0.02,10.0,0.003736,0.057245,0.022246,86.67,0.018,0.0,ETH-28JUN19-300-C,167.73,83.28,0.019,60.0,0.025,60.0,89.37,0.17172,-0.09089,0.04113,0.00295,0.12819
167.73,index_price,1554634740952,open,0.17,713.0,0.167632,0.174911,0.171409,109.94,0.163,0.2,ETH-12APR19-140-C,167.73,99.34,0.17,20.0,0.178,20.0,144.39,0.02486,-0.35034,0.01709,0.00602,0.93406
174.97,ETH-27SEP19,1554634740976,open,0.56,0.0,0.545853,0.597004,0.55887,84.96,None,0.0,ETH-27SEP19-80-C,167.73,0.0,0.0,0.0,0.0,0.0,0.0,0.12708,-0.03123,0.32292,0.00103,0.94853
167.73,index_price,1554634741048,open,0.0,800.0,8e-05,0.007359,0.003857,109.94,0.006,0.2,ETH-12APR19-140-P,167.73,95.31,0.002,100.0,0.006,100.0,122.88,0.02486,-0.27383,-0.00156,0.00602,-0.06594
173.06,ETH-28JUN19,1554634741066,open,0.08,1904.0,0.051799,0.140392,0.075126,74.87,0.074,0.0,ETH-28JUN19-150-P,167.73,72.27,0.071,48.0,0.08,48.0,77.91,0.27627,-0.12631,-0.13815,0.00549,-0.28076
5145.98,BTC-28JUN19,1554634741072,open,0.14,865.1,0.10778246,0.1536045,0.1368547,65.85,0.1325,0.0,BTC-28JUN19-5000-C,5124.23,63.47,0.1325,10.8,0.142,11.1,68.66,9.42825,-3.79122,5.3233,0.00024,0.59801
167.73,index_price,1554634741087,open,0.13,30.0,0.118605,0.154788,0.131053,87.57,0.131,0.2,ETH-19APR19-150-C,167.73,81.47,0.128,20.0,0.14,20.0,104.32,0.08571,-0.37713,0.03629,0.01069,0.796
174.98,ETH-27SEP19,1554634741091,open,1.2,1.0,1.17868,1.291677,1.208645,85.56,1.285,0.0,ETH-27SEP19-380-P,167.73,0.0,0.0,0.0,0.0,0.0,0.0,0.2848,-0.07047,-1.70344,0.0023,-0.84676
5124.23,index_price,1554634741098,open,0.02,8.4,0.00455835,0.03970893,0.01891828,80.94,0.0165,0,BTC-19APR19-5750-C,5124.23,75.58,0.016,24.0,0.022,24.0,86.37,2.85327,-9.72343,0.36349,0.00041,0.23694
174.98,ETH-27SEP19,1554634741133,open,0.02,300.0,0.003073,0.054217,0.016113,85.0,0.026,0.0,ETH-27SEP19-80-P,167.73,77.35,0.011,60.0,0.021,60.0,91.33,0.12716,-0.03126,-0.05604,0.00103,-0.0515
167.73,index_price,1554634741138,open,0.12,1064.0,0.109444,0.126312,0.117459,100.39,0.112,0.2,ETH-12APR19-150-C,167.73,86.42,0.114,20.0,0.123,20.0,119.55,0.04485,-0.52921,0.01645,0.01189,0.85174
173.06,ETH-28JUN19,1554634741142,open,0.75,0.0,0.737239,0.790748,0.755749,86.67,None,0.0,ETH-28JUN19-300-P,167.73,0.0,0.0,0.0,0.0,0.0,0.0,0.17172,-0.09089,-0.63182,0.00295,-0.87181
173.06,ETH-28JUN19,1554634741214,open,0.18,1077.0,0.150546,0.246353,0.176298,74.8,0.173,0.0,ETH-28JUN19-160-C,167.73,71.19,0.17,36.0,0.182,36.0,78.07,0.30202,-0.13797,0.1858,0.00601,0.65491
167.73,index_price,1554634741239,open,0.02,143.0,0.007099,0.043282,0.019547,87.57,0.016,0.2,ETH-19APR19-150-P,167.73,80.46,0.016,80.0,0.023,1.0,94.2,0.08571,-0.29548,-0.0122,0.01069,-0.204
167.73,index_price,1554634741243,open,0.01,1625.0,0.001352,0.01822,0.009367,100.39,0.013,0.2,ETH-12APR19-150-P,167.73,91.09,0.007,100.0,0.012,100.0,109.83,0.04485,-0.44723,-0.00353,0.01189,-0.14826
174.98,ETH-27SEP19,1554634741247,open,0.46,0.0,0.440949,0.524483,0.463111,81.49,None,0.0,ETH-27SEP19-100-C,167.73,0.0,0.0,0.0,0.0,0.0,0.0,0.21228,-0.05003,0.36157,0.0018,0.89939
167.73,index_price,1554634741330,open,0.07,1126.0,0.057986,0.085925,0.072157,96.97,0.066,0.2,ETH-12APR19-160-C,167.73,86.63,0.068,60.0,0.076,60.0,106.34,0.06822,-0.73539,0.01388,0.01872,0.69176
174.98,ETH-27SEP19,1554634741363,open,0.04,836.0,0.012443,0.095977,0.034637,81.51,0.03,0.0,ETH-27SEP19-100-P,167.73,76.73,0.029,60.0,0.041,60.0,86.62,0.21234,-0.05006,-0.11212,0.0018,-0.10065
5124.23,index_price,1554634741365,open,0.14,0.0,0.12667816,0.16182874,0.14096802,80.81,None,0,BTC-19APR19-5750-P,5124.23,0.0,0.0005,20.0,0.0,0.0,0.0,2.85053,-9.69897,-1.50791,0.00041,-0.76348
5124.23,index_price,1554634741389,open,0.0,70.8,0.0,0.00016121,0.00010494,109.98,0.0005,0,BTC-12APR19-3625-P,5124.23,0.0,0.0,0.0,0.02,10.2,281.56,0.04868,-0.53772,-0.0019,1e-05,-0.00266
167.73,index_price,1554634741398,open,0.09,82.0,0.073225,0.119392,0.090821,87.39,0.087,0.2,ETH-19APR19-160-C,167.73,76.96,0.084,60.0,0.098,60.0,98.22,0.11054,-0.45924,0.0312,0.01382,0.66254
167.73,index_price,1554634741423,open,0.02,844.0,0.009355,0.037293,0.023526,96.97,0.036,0.2,ETH-12APR19-160-P,167.73,90.72,0.021,1.0,0.024,2.0,98.14,0.06822,-0.64795,-0.00743,0.01872,-0.30824
173.06,ETH-28JUN19,1554634741433,open,0.1,974.0,0.07508,0.170888,0.100833,74.8,0.106,0.0,ETH-28JUN19-160-P,167.73,72.03,0.096,48.0,0.106,48.0,77.76,0.30202,-0.13797,-0.17311,0.00601,-0.34509
5124.23,index_price,1554634741462,open,0.2,0.0,0.19531922,0.20133608,0.19727713,89.77,None,0,BTC-12APR19-6125-P,5124.23,0.0,0.0,0.0,0.2565,0.1,273.17,0.58817,-5.41432,-0.78689,0.00019,-0.95231
174.98,ETH-27SEP19,1554634741489,open,0.38,173.0,0.347276,0.462289,0.378685,79.46,0.367,0.0,ETH-27SEP19-120-C,167.73,0.0,0.002,10.0,0.0,0.0,0.0,0.30213,-0.06944,0.37591,0.00262,0.83226
167.73,index_price,1554634741513,open,0.04,446.0,0.022729,0.054949,0.038467,94.24,0.04,0.2,ETH-12APR19-170-C,167.73,86.72,0.035,60.0,0.043,60.0,104.08,0.07726,-0.7875,0.00994,0.02181,0.48228
167.73,index_price,1554634741545,open,0.04,532.0,0.020952,0.067119,0.038548,87.39,0.038,0.2,ETH-19APR19-160-P,167.73,80.45,0.034,1.0,0.041,1.0,91.1,0.11054,-0.37214,-0.02052,0.01382,-0.33746
173.06,ETH-28JUN19,1554634741567,open,0.15,549.0,0.121049,0.221688,0.148358,74.79,0.146,0.0,ETH-28JUN19-170-C,167.73,71.34,0.142,36.0,0.154,36.0,77.86,0.31864,-0.14554,0.17144,0.00634,0.58997
5169.99,BTC-27SEP19,1554634741567,open,0.07,63.1,0.0151306,0.20649812,0.07293123,77.25,0.06,0.0,BTC-27DEC19-10000-C,5124.23,68.23,0.05,2.0,0.101,14.0,87.14,13.95467,-2.04258,6.60015,9e-05,0.24952
5124.23,index_price,1554634741574,open,0.27,6.0,0.26818273,0.26854231,0.26847734,112.21,0.1135,0,BTC-12APR19-3750-C,5124.23,0.0,0.0005,20.0,0.0,0.0,0.0,0.11121,-1.27977,0.49613,3e-05,0.99329
167.73,index_price,1554634741604,open,0.05,1032.0,0.033559,0.065778,0.049296,94.24,0.063,0.2,ETH-12APR19-170-P,167.73,82.74,0.044,60.0,0.053,61.0,102.28,0.07726,-0.6946,-0.0127,0.02181,-0.51772
5124.23,index_price,1554634741692,open,0.01,1.1,0.00283179,0.03131968,0.01363844,80.19,0.0175,0,BTC-19APR19-4500-P,5124.23,74.12,0.011,24.0,0.016,24.0,85.32,2.30266,-7.77408,-0.29936,0.00034,-0.16592
167.73,index_price,1554634741695,open,0.06,54.0,0.039914,0.09022,0.057265,84.12,0.058,0.2,ETH-19APR19-170-C,167.73,75.41,0.051,60.0,0.066,60.0,96.26,0.12064,-0.46905,0.02482,0.01567,0.51203
167.73,index_price,1554634741699,open,0.02,984.0,0.006211,0.033059,0.019088,96.31,0.017,0.2,ETH-12APR19-180-C,167.73,90.98,0.017,80.0,0.024,80.0,108.48,0.06631,-0.67985,0.00606,0.01832,0.28959
173.06,ETH-28JUN19,1554634741716,open,0.13,1599.0,0.103368,0.204006,0.130676,74.79,0.13,0.0,ETH-28JUN19-170-P,167.73,72.26,0.126,48.0,0.137,48.0,78.23,0.31864,-0.14554,-0.2099,0.00634,-0.41003
174.98,ETH-27SEP19,1554634741716,open,0.05,159.0,0.01757,0.157333,0.049635,79.71,0.059,0.0,ETH-27SEP19-320-C,167.73,76.22,0.043,48.0,0.056,48.0,82.9,0.34154,-0.07874,0.12825,0.00295,0.20439
5169.99,BTC-27SEP19,1554634741765,open,0.27,17.1,0.20743125,0.43510178,0.26978582,68.54,0.2345,0.0,BTC-27DEC19-5500-P,5124.23,57.42,0.2325,3.0,0.0,0.0,0.0,17.23861,-2.23896,-26.02542,0.00013,-0.42652
167.73,index_price,1554634741792,open,0.09,111.0,0.076501,0.10335,0.089378,96.31,0.097,0.2,ETH-12APR19-180-P,167.73,82.28,0.084,60.0,0.094,60.0,107.78,0.06631,-0.58149,-0.01792,0.01832,-0.71041
174.98,ETH-27SEP19,1554634741854,open,0.11,628.0,0.067831,0.209033,0.106527,78.13,0.118,0.0,ETH-27SEP19-140-P,167.73,74.2,0.098,48.0,0.116,48.0,82.48,0.38031,-0.08594,-0.29308,0.00336,-0.2471
174.98,ETH-27SEP19,1554634741857,open,0.04,357.0,0.012901,0.143438,0.042661,80.7,0.05,0.0,ETH-27SEP19-340-C,167.73,76.87,0.036,48.0,0.049,48.0,84.12,0.31511,-0.07355,0.11316,0.00269,0.1792
5169.99,BTC-27SEP19,1554634741857,open,0.72,0.0,0.70998131,0.73737916,0.71450613,79.62,None,0.0,BTC-27DEC19-1500-C,5124.23,0.0,0.0,0.0,0.0,0.0,0.0,1.67807,-0.25315,10.10483,1e-05,0.98486
5124.23,index_price,1554634741874,open,0.01,262.8,0.00246688,0.02260995,0.01033832,80.06,0.007,0,BTC-12APR19-4750-P,5124.23,74.1,0.0085,24.0,0.012,24.0,85.2,1.62415,-13.33458,-0.13939,0.00058,-0.19329
5169.99,BTC-27SEP19,1554634741874,open,0.05,12.6,0.00353291,0.14906285,0.05003827,83.88,0.042,0.0,BTC-27DEC19-13000-C,5124.23,64.36,0.016,2.0,0.0585,0.5,87.62,11.31395,-1.79826,4.65473,7e-05,0.17458
5124.23,index_price,1554634741946,open,0.25,18.2,0.24378883,0.24453025,0.2443314,110.0,0.246,0,BTC-12APR19-3875-C,5124.23,0.0,0.002,1.0,0.0,0.0,0.0,0.18316,-2.06612,0.50913,5e-05,0.98814
174.98,ETH-27SEP19,1554634741978,open,0.25,141.0,0.202982,0.363073,0.245455,76.94,0.235,0.0,ETH-27SEP19-160-C,167.73,71.57,0.232,36.0,0.256,36.0,81.17,0.43728,-0.09731,0.35,0.00392,0.66778
167.73,index_price,1554634742005,open,0.04,121.0,0.019074,0.066889,0.035099,84.47,0.037,0.2,ETH-19APR19-180-C,167.73,85.8,0.036,30.0,0.039,5.0,90.19,0.11375,-0.43489,0.01802,0.01471,0.36525
5145.98,BTC-28JUN19,1554634742011,open,0.07,2360.9,0.03968293,0.08355067,0.06721152,66.0,0.065,0.0,BTC-28JUN19-6000-C,5124.23,64.17,0.064,24.4,0.0705,7.5,67.8,9.19292,-3.7052,3.48126,0.00023,0.36885
5169.99,BTC-27SEP19,1554634742028,open,0.01,42.1,0.00011727,0.02751512,0.00464994,79.64,0.005,0.0,BTC-27DEC19-1500-P,5124.23,57.94,0.0005,100.0,0.0085,4.0,89.52,1.67971,-0.25347,-0.74032,1e-05,-0.01516
173.06,ETH-28JUN19,1554634742043,open,0.17,2518.0,0.136398,0.239544,0.164906,75.1,0.148,0.0,ETH-28JUN19-180-P,167.73,72.5,0.16,36.0,0.172,36.0,78.87,0.32625,-0.14963,-0.2477,0.00647,-0.47317
5169.99,BTC-27SEP19,1554634742048,open,0.4,0.0,0.38613013,0.41887968,0.40154267,67.47,None,0.0,BTC-27SEP19-3250-C,5124.18,0.0,0.0,0.0,0.0,0.0,0.0,6.64644,-1.29703,11.98532,8e-05,0.891
5146.01,BTC-28JUN19,1554634742048,open,0.38,0.1,0.36937511,0.3783056,0.38035046,73.45,0.395,0.0,BTC-28JUN19-3250-C,5124.18,0.0,0.3555,5.0,0.408,5.0,107.41,3.18041,-1.42657,6.37416,7e-05,0.93254
5169.99,BTC-27SEP19,1554634742048,open,0.33,0.0,0.30824351,0.35430418,0.32861142,66.07,None,0.0,BTC-27SEP19-3750-C,5124.18,0.0,0.0,0.0,0.0,0.0,0.0,9.18037,-1.75422,12.14857,0.00011,0.82474
5146.01,BTC-28JUN19,1554634742048,open,0.22,2.5,0.19358801,0.22647871,0.22328865,67.76,0.166,0.0,BTC-28JUN19-4250-C,5124.18,53.95,0.2045,5.0,0.42,6.0,196.13,7.30347,-3.02234,6.37248,0.00018,0.77534
5169.99,BTC-27SEP19,1554634742048,open,0.03,10.1,0.01475804,0.04750759,0.03014869,67.46,0.033,0.0,BTC-27SEP19-3250-P,5124.18,64.96,0.027,18.0,0.0335,18.0,70.02,6.64486,-1.29639,-3.4063,8e-05,-0.10896
5169.99,BTC-27SEP19,1554634742048,open,0.09,7.6,0.06328816,0.12065614,0.08685352,64.85,0.0885,0.0,BTC-27SEP19-4250-P,5124.18,62.87,0.0825,14.4,0.0925,14.4,67.41,11.39988,-2.13829,-8.34449,0.00014,-0.25392
5146.01,BTC-28JUN19,1554634742048,open,0.3,30.0,0.27677641,0.29675271,0.29676256,70.01,0.298,0.0,BTC-28JUN19-3750-C,5124.18,41.33,0.275,5.0,0.3205,5.0,91.24,5.19185,-2.21971,6.60194,0.00012,0.86869
5146.01,BTC-28JUN19,1554634742048,open,0.08,22.8,0.04879039,0.09175554,0.08510046,66.17,0.075,0.0,BTC-28JUN19-4750-P,5124.18,64.09,0.0815,14.4,0.088,8.5,67.84,8.93129,-3.609,-4.90815,0.00023,-0.34009
5169.99,BTC-27SEP19,1554634742048,open,0.05,10.3,0.0335834,0.07964408,0.05392606,66.05,0.061,0.0,BTC-27SEP19-3750-P,5124.18,63.82,0.05,14.4,0.058,14.4,68.33,9.17949,-1.75367,-5.61137,0.00011,-0.17523
5169.99,BTC-27SEP19,1554634742048,open,0.13,5.0,0.1044206,0.16986938,0.1310128,64.54,0.1625,0.0,BTC-27SEP19-4750-P,5124.18,62.16,0.125,14.4,0.133,5.0,65.33,13.03499,-2.43335,-11.53019,0.00016,-0.33986
5169.99,BTC-27SEP19,1554634742048,open,0.21,6.8,0.18565673,0.25110552,0.21225178,64.55,0.19,0.0,BTC-27SEP19-4750-C,5124.18,61.47,0.2045,3.0,0.2165,13.8,66.23,13.03499,-2.4334,10.96726,0.00016,0.66014
5146.01,BTC-28JUN19,1554634742048,open,0.01,58.1,0.00093237,0.00986287,0.01187213,73.39,0.0115,0.0,BTC-28JUN19-3250-P,5124.18,70.24,0.01,18.0,0.014,18.0,76.71,3.17613,-1.42353,-0.91437,7e-05,-0.06734
5146.01,BTC-28JUN19,1554634742049,open,2.88,0.4,2.88650625,2.88651696,2.88771235,107.98,5.076,0.0,BTC-28JUN19-20000-P,5124.18,0.0,0.0,0.0,0.0,0.0,0.0,0.5476,-0.3611,-44.78234,1e-05,-0.99177
5124.18,index_price,1554634742048,open,0.02,78.0,0.00977127,0.03070726,0.02218555,68.76,0.02,0,BTC-26APR19-5750-C,5124.18,65.73,0.02,24.0,0.025,24.0,72.56,3.74218,-6.81638,0.61707,0.0004,0.25505
5146.01,BTC-28JUN19,1554634742049,open,0.03,9.3,0.00549633,0.02547263,0.02544141,69.97,0.026,0.0,BTC-28JUN19-3750-P,5124.18,67.51,0.023,18.0,0.028,18.0,72.47,5.18918,-2.21728,-1.80835,0.00012,-0.13122
5124.18,index_price,1554634742048,open,0.3,0.0,0.29295604,0.30506958,0.29674567,87.3,None,0,BTC-19APR19-6625-P,5124.18,0.0,0.0,0.0,0.0,0.0,0.0,1.10495,-4.06148,-2.06146,0.00015,-0.93973
5124.18,index_price,1554634742048,open,0.0,72.0,1.07e-06,0.0025655,0.00105859,97.69,0.0025,0,BTC-12APR19-4125-P,5124.18,0.0,0.0,0.0,0.002,40.0,109.45,0.33435,-3.34951,-0.01715,0.0001,-0.02399
5146.01,BTC-28JUN19,1554634742049,open,1.91,2.0,1.91487994,1.91509898,1.91735004,96.45,2.658,0.0,BTC-28JUN19-15000-P,5124.18,0.0,0.0,0.0,0.0,0.0,0.0,1.04184,-0.61365,-33.47663,2e-05,-0.98272
5169.94,BTC-27SEP19,1554634742048,open,0.06,12.4,0.00924152,0.18437914,0.05745897,77.25,0.0475,0.0,BTC-27DEC19-11000-C,5124.18,58.53,0.02,1.0,0.08,0.1,86.0,12.51773,-1.83222,5.54355,8e-05,0.20578
5169.94,BTC-27SEP19,1554634742048,open,0.24,17.5,0.18250675,0.40027225,0.24229511,68.55,0.236,0.0,BTC-27DEC19-5000-C,5124.18,62.99,0.2245,1.0,0.248,3.0,70.34,16.50198,-2.14337,14.72878,0.00012,0.63637
5146.01,BTC-28JUN19,1554634742051,open,0.34,164.9,0.32409016,0.34034941,0.33743615,71.48,0.328,0.0,BTC-28JUN19-3500-C,5124.18,0.0,0.315,5.0,0.377,5.5,110.78,4.13419,-1.80465,6.54626,0.0001,0.90454
5169.94,BTC-27SEP19,1554634742051,open,0.0,414.3,0.00038395,0.00572541,0.00405001,75.04,0.0015,0.0,BTC-27SEP19-2000-P,5124.18,64.09,0.0015,18.0,0.0065,18.0,82.01,1.5743,-0.34169,-0.53968,2e-05,-0.01799
5124.18,index_price,1554634742048,open,0.0,82.9,1e-08,0.00074158,0.00054258,110.0,0.001,0,BTC-12APR19-3875-P,5124.18,0.0,0.0,0.0,0.0015,40.0,128.58,0.18316,-2.06608,-0.00849,5e-05,-0.01186
5124.18,index_price,1554634742048,open,0.12,0.0,0.10288109,0.13664907,0.11666434,80.05,None,0,BTC-19APR19-4625-C,5124.18,74.94,0.114,6.0,0.122,6.0,89.85,2.71594,-9.1537,1.11075,0.0004,0.7829
5169.94,BTC-27SEP19,1554634742048,open,0.34,35.0,0.28825449,0.46897287,0.335196,68.55,0.3285,0.0,BTC-27DEC19-4000-C,5124.18,56.76,0.305,3.0,0.3505,3.0,74.42,13.41891,-1.74297,16.16896,0.0001,0.7678
5124.18,index_price,1554634742048,open,0.18,0.0,0.17554876,0.19184967,0.1856092,70.21,None,0,BTC-26APR19-6000-P,5124.18,0.0,0.0,0.0,0.0,0.0,0.0,3.07714,-5.72296,-2.65994,0.00032,-0.81817
5146.01,BTC-28JUN19,1554634742052,open,0.01,1086.4,0.00070063,0.00752215,0.00842301,76.95,0.008,0.0,BTC-28JUN19-3000-P,5124.18,73.81,0.007,10.0,0.0095,60.0,79.16,2.44029,-1.14679,-0.65338,5e-05,-0.04818
5124.18,index_price,1554634742048,open,0.0,0.0,3.244e-05,0.01016117,0.00310774,88.36,None,0,BTC-19APR19-6750-C,5124.18,77.77,0.0015,30.0,0.005,30.0,97.27,0.94615,-3.51971,0.0774,0.00013,0.04953
5169.94,BTC-27SEP19,1554634742048,open,0.15,15.7,0.08770907,0.32165652,0.14918159,68.55,0.136,0.0,BTC-27DEC19-6500-C,5124.18,57.13,0.111,7.0,0.143,10.0,66.71,17.44684,-2.26612,11.60303,0.00013,0.45962
5124.18,index_price,1554634742048,open,0.0,53.4,0.00012196,0.00374023,0.00334119,78.3,0.002,0,BTC-26APR19-7000-C,5124.18,71.52,0.002,30.0,0.005,40.0,84.77,1.16675,-2.42006,0.11882,0.00011,0.04818
5124.18,index_price,1554634742048,open,0.29,0.0,0.29288985,0.29442115,0.29401056,109.42,None,0,BTC-12APR19-6625-P,5124.18,0.0,0.0,0.0,0.0,0.0,0.0,0.34073,-3.82335,-0.86894,9e-05,-0.97546
5169.94,BTC-27SEP19,1554634742048,open,0.09,11.8,0.04124662,0.26336423,0.09295183,68.55,0.1275,0.0,BTC-27DEC19-8000-C,5124.18,49.49,0.04,9.0,0.136,10.0,82.12,15.79326,-2.05135,8.62096,0.00012,0.32361
5169.94,BTC-27SEP19,1554634742048,open,0.64,0.0,0.58865336,0.81077097,0.64038551,68.56,None,0.0,BTC-27DEC19-8000-P,5124.18,0.0,0.0,0.0,0.0,0.0,0.0,15.79422,-2.05174,-49.21402,0.00012,-0.67634
5124.18,index_price,1554634742048,open,0.23,0.0,0.22175233,0.23368396,0.22951515,71.9,None,0,BTC-26APR19-6250-P,5124.18,0.0,0.0,0.0,0.0,0.0,0.0,2.44699,-4.66057,-2.91728,0.00025,-0.87137
5124.18,index_price,1554634742048,open,0.1,232.4,0.09825365,0.11336265,0.10366695,81.37,0.0965,0,BTC-12APR19-4625-C,5124.18,74.06,0.102,6.0,0.1085,6.0,99.31,1.23808,-10.33096,0.52606,0.00043,0.8722
5146.01,BTC-28JUN19,1554634742053,open,0.76,6.6,0.7498812,0.76040775,0.76109135,75.94,1.2875,0.0,BTC-28JUN19-9000-P,5124.18,0.0,0.0,0.0,0.0,0.0,0.0,3.78174,-1.75389,-19.35149,8e-05,-0.91532
5169.94,BTC-27SEP19,1554634742048,open,0.55,0.0,0.5216347,0.60871823,0.54500929,76.16,None,0.0,BTC-27DEC19-2500-C,5124.18,0.0,0.0,0.0,0.0,0.0,0.0,6.1664,-0.88986,14.23557,4e-05,0.92588
5124.18,index_price,1554634742048,open,0.0,32.6,6e-08,0.00153136,0.00113339,109.61,0.002,0,BTC-12APR19-6625-C,5124.18,97.57,0.0005,1.0,0.002,42.0,120.33,0.34316,-3.85725,0.01616,9e-05,0.02474
5169.94,BTC-27SEP19,1554634742048,open,0.07,77.6,0.03354156,0.18685941,0.0704725,68.55,0.0645,0.0,BTC-27DEC19-3500-P,5124.18,63.58,0.06,10.0,0.0,0.0,0.0,11.0542,-1.43584,-8.92612,8e-05,-0.16835
5124.18,index_price,1554634742048,open,0.0,66.4,8.5e-06,0.00436068,0.0017187,94.05,0.003,0,BTC-12APR19-4250-P,5124.18,85.32,0.001,0.6,0.0025,41.0,101.4,0.48881,-4.71445,-0.02714,0.00015,-0.03794
5124.18,index_price,1554634742048,open,0.02,131.5,0.00605761,0.03097131,0.01634018,78.91,0.0125,0,BTC-12APR19-4875-P,5124.18,72.78,0.014,24.0,0.0165,0.4,79.32,1.98266,-16.04346,-0.20069,0.00072,-0.27685
5124.18,index_price,1554634742048,open,0.02,153.7,0.0046297,0.02093062,0.01470157,70.23,0.017,0,BTC-26APR19-6000-C,5124.18,67.34,0.013,24.0,0.0165,24.0,73.17,3.07795,-5.72602,0.44308,0.00032,0.18191
5124.18,index_price,1554634742048,open,0.07,178.6,0.05468588,0.07959958,0.06497773,78.93,0.062,0,BTC-12APR19-4875-C,5124.18,75.08,0.0635,6.4,0.068,0.4,86.64,1.98284,-16.04979,0.45048,0.00072,0.7231
5169.94,BTC-27SEP19,1554634742050,open,0.29,10.0,0.23039334,0.43265917,0.28507273,68.55,0.278,0.0,BTC-27DEC19-4500-C,5124.18,58.36,0.255,3.0,0.283,3.1,67.84,15.2426,-1.97979,15.57494,0.00012,0.70178
5124.18,index_price,1554634742048,open,0.04,61.6,0.02297301,0.05291014,0.03509677,76.31,0.0365,0,BTC-12APR19-5125-C,5124.18,73.93,0.034,18.0,0.038,0.5,82.61,2.36058,-18.47273,0.32977,0.00088,0.51686
5169.94,BTC-27SEP19,1554634742048,open,0.41,0.0,0.34497705,0.5789245,0.40647145,68.55,None,0.0,BTC-27DEC19-6500-P,5124.18,0.0,0.0,0.0,0.0,0.0,0.0,17.44696,-2.26635,-35.38839,0.00013,-0.54035
5124.18,index_price,1554634742048,open,0.22,0.0,0.2194598,0.22975902,0.22277287,87.01,None,0,BTC-19APR19-4000-C,5124.18,0.0,0.0005,20.0,0.0,0.0,0.0,0.93504,-3.42543,1.21443,0.00013,0.95119
5169.94,BTC-27SEP19,1554634742048,open,0.63,0.0,0.61429982,0.66872219,0.62727871,78.8,None,0.0,BTC-27DEC19-2000-C,5124.18,0.0,0.0,0.0,0.0,0.0,0.0,3.77646,-0.56389,12.44139,2e-05,0.96015
5124.18,index_price,1554634742048,open,0.14,0.0,0.13190203,0.15283802,0.14430536,68.75,None,0,BTC-26APR19-5750-P,5124.18,0.0,0.0,0.0,0.0,0.0,0.0,3.74174,-6.8141,-2.35662,0.0004,-0.74501
5124.18,index_price,1554634742048,open,0.15,16.4,0.14625526,0.15323825,0.14837622,85.91,0.0005,0,BTC-12APR19-4375-C,5124.18,0.0,0.0015,1.0,0.2135,0.1,299.88,0.61412,-5.41037,0.54847,0.0002,0.94966
5124.18,index_price,1554634742048,open,0.32,0.0,0.31731638,0.32744511,0.32037882,88.29,None,0,BTC-19APR19-6750-P,5124.18,0.0,0.0,0.0,0.0,0.0,0.0,0.94393,-3.50866,-2.11901,0.00013,-0.95061
5124.18,index_price,1554634742048,open,0.27,0.0,0.26862761,0.28305415,0.27311157,85.52,None,0,BTC-19APR19-6500-P,5124.18,0.0,0.0,0.0,0.0,0.0,0.0,1.26151,-4.54221,-2.00333,0.00017,-0.92849
5124.18,index_price,1554634742048,open,0.07,66.0,0.04999476,0.09646653,0.07004816,78.22,0.064,0,BTC-19APR19-5250-P,5124.18,70.46,0.0645,18.0,0.0735,18.0,83.04,3.66848,-12.08176,-1.0177,0.00055,-0.54037
5169.94,BTC-27SEP19,1554634742048,open,1.18,0.0,1.13692579,1.3120634,1.18505576,77.21,None,0.0,BTC-27DEC19-11000-P,5124.18,0.0,0.0,0.0,0.0,0.0,0.0,12.51063,-1.83032,-73.98472,8e-05,-0.79442
5124.18,index_price,1554634742048,open,0.08,73.7,0.06637281,0.11132946,0.08537413,78.24,0.106,0,BTC-19APR19-5375-P,5124.18,69.72,0.0795,18.0,0.089,18.0,83.45,3.55727,-11.71839,-1.15211,0.00053,-0.60567
5124.18,index_price,1554634742048,open,0.34,0.0,0.34135803,0.34138275,0.34137836,113.23,None,0,BTC-12APR19-3375-C,5124.18,0.0,0.001,20.0,0.0,0.0,0.0,0.01178,-0.13676,0.45043,0.0,0.99944
5169.94,BTC-27SEP19,1554634742049,open,0.47,0.0,0.43486166,0.55613619,0.46437754,70.92,None,0.0,BTC-27DEC19-3000-C,5124.18,0.0,0.0,0.0,0.0,0.0,0.0,8.49442,-1.14148,15.748,6e-05,0.88572
5124.18,index_price,1554634742049,open,0.05,91.1,0.03763658,0.06680291,0.04933755,76.57,0.046,0,BTC-12APR19-5250-P,5124.18,69.11,0.046,18.0,0.0495,0.4,76.93,2.30109,-18.06891,-0.43823,0.00086,-0.5909
5124.18,index_price,1554634742048,open,0.05,148.8,0.03690985,0.06534865,0.04881261,77.71,0.0495,0,BTC-12APR19-5000-C,5124.18,74.71,0.0475,18.0,0.0515,0.4,83.82,2.24616,-17.89974,0.39424,0.00082,0.62478
5124.18,index_price,1554634742049,open,0.0,47.2,0.0,8.28e-06,4.26e-06,110.0,0.0015,0,BTC-12APR19-3250-P,5124.18,0.0,0.0,0.0,0.1345,10.3,500.0,0.00308,-0.02184,-9e-05,0.0,-0.00013
5169.94,BTC-27SEP19,1554634742048,open,0.06,42.9,0.00568917,0.16542315,0.06079205,83.89,0.078,0.0,BTC-27DEC19-12000-C,5124.18,66.11,0.0245,1.0,0.098,1.9,97.96,12.48907,-1.98514,5.38934,8e-05,0.20498
5124.18,index_price,1554634742050,open,0.2,0.0,0.19520981,0.20914844,0.19949616,83.41,None,0,BTC-19APR19-4125-C,5124.18,0.0,0.0,0.0,0.0,0.0,0.0,1.1669,-4.0978,1.22684,0.00016,0.93536
5124.18,index_price,1554634742050,open,0.11,0.0,0.09909875,0.11755548,0.106307,82.16,0.097,0,BTC-12APR19-5625-P,5124.18,58.74,0.1005,6.0,0.108,6.0,87.67,1.52669,-12.8629,-0.63747,0.00053,-0.82499
5124.18,index_price,1554634742048,open,0.37,0.0,0.36575218,0.36576046,0.36576263,116.9,None,0,BTC-12APR19-3250-C,5124.18,0.0,0.001,20.0,0.0,0.0,0.0,0.00642,-0.07693,0.43393,0.0,0.99971
5124.18,index_price,1554634742052,open,0.25,0.0,0.24435755,0.26145207,0.25018266,85.53,None,0,BTC-19APR19-6375-P,5124.18,0.0,0.0,0.0,0.0,0.0,0.0,1.50527,-5.42046,-1.93369,0.00021,-0.90965
5124.18,index_price,1554634742048,open,0.0,0.0,7.25e-05,0.01037172,0.00337796,86.97,None,0,BTC-19APR19-4000-P,5124.18,74.35,0.0015,30.0,0.005,40.0,94.97,0.93393,-3.4197,-0.08688,0.00013,-0.04873
5169.94,BTC-27SEP19,1554634742050,open,0.21,15.0,0.1435957,0.37126701,0.20596039,68.55,0.1865,0.0,BTC-27DEC19-5500-C,5124.18,59.31,0.175,3.0,0.198,7.0,66.16,17.23844,-2.23904,13.73631,0.00013,0.57348
5124.18,index_price,1554634742049,open,0.0,138.8,0.0,2.472e-05,1.39e-05,110.0,0.0005,0,BTC-12APR19-3375-P,5124.18,0.0,0.0,0.0,0.001,10.4,171.07,0.00869,-0.07121,-0.00029,0.0,-0.00041
5124.18,index_price,1554634742048,open,0.2,0.0,0.19619999,0.21972589,0.20442951,82.46,None,0,BTC-19APR19-6125-P,5124.18,0.0,0.0,0.0,0.0,0.0,0.0,1.95815,-6.7983,-1.79084,0.00028,-0.86973
5124.18,index_price,1554634742048,open,0.27,0.0,0.26849592,0.27068682,0.26962451,102.79,None,0,BTC-12APR19-6500-P,5124.18,0.0,0.0,0.0,0.407,0.1,486.94,0.35816,-3.77543,-0.85122,0.0001,-0.97396
5124.18,index_price,1554634742052,open,0.51,0.0,0.51211706,0.51211821,0.51222636,110.45,None,0,BTC-26APR19-2500-C,5124.18,0.0,0.0,0.0,0.0,0.0,0.0,0.05437,-0.15908,1.28878,0.0,0.99857
5124.18,index_price,1554634742048,open,0.0,0.0,6.625e-05,0.01217979,0.00386849,87.36,None,0,BTC-19APR19-6625-C,5124.18,77.1,0.002,30.0,0.006,30.0,96.09,1.10691,-4.07142,0.09427,0.00015,0.06041
5124.18,index_price,1554634742048,open,0.29,6.0,0.29256974,0.29273098,0.29268175,110.71,0.11,0,BTC-12APR19-3625-C,5124.18,0.0,0.0005,20.0,0.0,0.0,0.0,0.0511,-0.5801,0.48223,1e-05,0.99719
5124.18,index_price,1554634742048,open,0.32,6.0,0.31696388,0.31703015,0.31701084,111.48,0.287,0,BTC-12APR19-3500-C,5124.18,0.0,0.011,5.0,0.0,0.0,0.0,0.02448,-0.27983,0.46664,1e-05,0.99875
5169.94,BTC-27SEP19,1554634742048,open,0.01,34.4,0.00115151,0.05557388,0.01413713,78.81,0.011,0.0,BTC-27DEC19-2000-P,5124.18,69.26,0.008,13.0,0.02,4.0,86.21,3.77729,-0.56408,-2.01821,2e-05,-0.03986
5169.94,BTC-27SEP19,1554634742049,open,0.18,37.1,0.11242079,0.34518877,0.17519215,68.55,0.1605,0.0,BTC-27DEC19-6000-C,5124.18,56.25,0.1335,5.0,0.167,3.0,66.13,17.52541,-2.27632,12.67588,0.00013,0.51434
5124.18,index_price,1554634742052,open,0.42,4.9,0.41454049,0.41460527,0.41564647,110.08,0.3695,0,BTC-26APR19-3000-C,5124.18,0.0,0.0,0.0,0.0,0.0,0.0,0.35853,-1.04546,1.51724,2e-05,0.98821
5124.18,index_price,1554634742048,open,0.13,219.4,0.12204146,0.13263,0.12562151,83.97,0.1125,0,BTC-12APR19-4500-C,5124.18,73.56,0.124,6.0,0.1305,6.0,106.74,0.90305,-7.7763,0.54187,0.00031,0.91727
5124.18,index_price,1554634742048,open,0.01,503.4,0.00083709,0.01594608,0.00624158,81.33,0.004,0,BTC-12APR19-4625-P,5124.18,73.67,0.0045,30.0,0.008,30.0,88.28,1.23742,-10.32085,-0.09168,0.00043,-0.1277
5124.18,index_price,1554634742048,open,0.04,0.0,0.0174245,0.06238114,0.03643605,78.26,None,0,BTC-19APR19-5375-C,5124.18,74.74,0.034,18.0,0.0415,18.0,85.52,3.55734,-11.72084,0.59674,0.00053,0.39436
5169.94,BTC-27SEP19,1554634742048,open,0.11,84.0,0.06195786,0.24267624,0.10890236,68.55,0.086,0.0,BTC-27DEC19-4000-P,5124.18,60.82,0.089,3.0,0.1025,5.0,66.08,13.41893,-1.743,-12.74906,0.0001,-0.2322
5124.18,index_price,1554634742050,open,0.06,0.0,0.03605092,0.0826929,0.05572495,77.38,None,0,BTC-19APR19-5125-P,5124.18,70.8,0.051,18.0,0.0595,18.0,82.64,3.6787,-11.98548,-0.88089,0.00056,-0.47264
5169.94,BTC-27SEP19,1554634742048,open,0.48,0.0,0.42225621,0.65433028,0.48121267,68.56,None,0.0,BTC-27DEC19-7000-P,5124.18,0.0,0.0,0.0,0.0,0.0,0.0,17.08505,-2.21936,-40.0507,0.00013,-0.59035
5124.18,index_price,1554634742050,open,0.03,2.7,0.0097032,0.04831604,0.02638951,80.03,0.0345,0,BTC-19APR19-4750-P,5124.18,72.64,0.022,24.0,0.0285,24.0,83.52,3.08471,-10.39435,-0.50267,0.00045,-0.27511
5124.18,index_price,1554634742049,open,0.03,94.1,0.01267572,0.04111452,0.02456897,77.69,0.025,0,BTC-12APR19-5000-P,5124.18,71.81,0.022,24.0,0.0245,0.7,77.53,2.24611,-17.89437,-0.27364,0.00082,-0.3752
5124.18,index_price,1554634742052,open,0.11,34.0,0.09247904,0.11740427,0.10774223,68.73,0.088,0,BTC-26APR19-5500-P,5124.18,60.66,0.101,18.0,0.1095,18.0,70.81,4.33369,-7.89032,-1.99748,0.00046,-0.64604
5124.18,index_price,1554634742049,open,0.0,40.9,2.8e-07,0.00219118,0.00114125,102.97,0.0015,0,BTC-12APR19-6500-C,5124.18,91.37,0.0005,1.0,0.002,42.0,113.12,0.36062,-3.80794,0.01719,0.0001,0.02625
5124.18,index_price,1554634742049,open,0.12,0.0,0.10510869,0.14408305,0.12044336,78.52,0.1145,0,BTC-19APR19-5625-P,5124.18,68.39,0.1145,6.0,0.124,6.0,84.31,3.1028,-10.25798,-1.40384,0.00046,-0.72158
5124.18,index_price,1554634742051,open,0.04,72.6,0.02313303,0.05307017,0.03524704,76.29,0.0325,0,BTC-12APR19-5125-P,5124.18,70.33,0.0325,18.0,0.0345,0.2,74.67,2.36058,-18.46761,-0.35483,0.00088,-0.48314
5124.18,index_price,1554634742050,open,0.07,42.0,0.05572951,0.08222215,0.06588965,76.85,0.0885,0,BTC-12APR19-5375-P,5124.18,67.12,0.062,18.4,0.066,0.4,77.12,2.09171,-16.48513,-0.51686,0.00078,-0.6892
5169.94,BTC-27SEP19,1554634742049,open,1.38,0.0,1.32679928,1.48653326,1.38193364,83.9,None,0.0,BTC-27DEC19-12000-P,5124.18,0.0,0.0,0.0,0.0,0.0,0.0,12.49152,-1.98583,-81.36296,8e-05,-0.79495
167.73,index_price,1554634742062,open,0.02,984.0,0.006211,0.033059,0.019088,96.31,0.017,0.2,ETH-12APR19-180-C,167.73,88.37,0.016,80.0,0.024,80.0,108.48,0.06631,-0.67985,0.00606,0.01832,0.28959
5169.94,BTC-27SEP19,1554634742095,open,0.13,20.1,0.06827531,0.30034939,0.1272082,68.55,0.156,0.0,BTC-27DEC19-7000-C,5124.18,54.82,0.083,16.0,0.1655,6.0,80.0,17.08472,-2.21909,10.55525,0.00013,0.40962
174.98,ETH-27SEP19,1554634742119,open,0.06,175.0,0.023969,0.172978,0.058791,78.96,0.072,0.0,ETH-27SEP19-300-C,167.73,74.7,0.05,48.0,0.066,48.0,82.3,0.37062,-0.08464,0.14657,0.00324,0.23564
5169.94,BTC-27SEP19,1554634742125,open,1.56,0.0,1.51806865,1.66359689,1.56461799,83.9,None,0.0,BTC-27DEC19-13000-P,5124.18,0.0,0.0,0.0,0.0,0.0,0.0,11.31798,-1.79934,-89.32632,7e-05,-0.82532
167.73,index_price,1554634742161,open,0.1,0.0,0.085267,0.133082,0.101292,84.47,None,0.2,ETH-19APR19-180-P,167.73,70.54,0.092,60.0,0.107,60.0,92.83,0.11375,-0.3369,-0.04017,0.01471,-0.63475
174.98,ETH-27SEP19,1554634742220,open,0.2,396.0,0.151956,0.323502,0.196557,76.5,0.197,0.0,ETH-27SEP19-180-C,167.73,71.83,0.184,36.0,0.207,36.0,80.39,0.46999,-0.10398,0.32025,0.00424,0.58297
174.98,ETH-27SEP19,1554634742276,open,0.77,0.0,0.738451,0.887459,0.77337,79.01,None,0.0,ETH-27SEP19-300-P,167.73,0.0,0.002,1.0,0.799,2.0,90.43,0.37082,-0.08473,-1.27422,0.00324,-0.76413
5124.18,index_price,1554634742306,open,0.02,1.0,0.00546453,0.03923251,0.01923897,80.03,0.022,0,BTC-19APR19-4625-P,5124.18,73.79,0.016,24.0,0.0215,24.0,84.25,2.71566,-9.15085,-0.39396,0.0004,-0.21706
167.73,index_price,1554634742320,open,0.02,50.0,0.007999,0.048734,0.020541,84.99,0.022,0.2,ETH-19APR19-190-C,167.73,76.7,0.016,80.0,0.027,80.0,96.03,0.09486,-0.35995,0.01218,0.01219,0.2438
174.98,ETH-27SEP19,1554634742331,open,0.23,2.0,0.180645,0.352191,0.225305,76.52,0.22,0.0,ETH-27SEP19-180-P,167.73,72.69,0.215,36.0,0.239,36.0,81.63,0.46998,-0.10401,-0.53231,0.00424,-0.41699
173.06,ETH-28JUN19,1554634742399,open,0.43,0.0,0.424356,0.455412,0.431693,80.29,None,0.0,ETH-28JUN19-100-C,167.73,0.0,0.001,10.0,0.469,10.0,130.43,0.08628,-0.04231,0.2007,0.0016,0.9487
173.06,ETH-28JUN19,1554634742419,open,0.54,0.0,0.537926,0.550481,0.541246,88.09,None,0.0,ETH-28JUN19-80-C,167.73,0.0,0.001,10.0,0.0,0.0,0.0,0.03934,-0.02116,0.17041,0.00066,0.98021
167.73,index_price,1554634742525,open,0.14,0.0,0.133425,0.174159,0.145967,84.99,None,0.2,ETH-19APR19-190-P,167.73,67.93,0.137,20.0,0.152,20.0,95.32,0.09486,-0.25652,-0.04923,0.01219,-0.7562
5124.18,index_price,1554634742589,open,0.1,0.0,0.08272562,0.12133845,0.09942097,80.05,None,0,BTC-19APR19-4750-C,5124.18,74.31,0.096,6.0,0.1045,6.0,88.38,3.08486,-10.39683,1.04274,0.00045,0.72486
167.73,index_price,1554634742691,open,0.01,211.0,0.002964,0.034951,0.013553,90.11,0.017,0.2,ETH-19APR19-200-C,167.73,81.83,0.01,80.0,0.017,80.0,97.41,0.07604,-0.30269,0.00844,0.00922,0.1682
173.06,ETH-28JUN19,1554634742703,open,0.49,0.0,0.480692,0.501423,0.485511,82.93,None,0.0,ETH-28JUN19-90-C,167.73,0.0,0.001,10.0,0.0,0.0,0.0,0.05787,-0.02931,0.18755,0.00104,0.96863
173.06,ETH-28JUN19,1554634742703,open,0.38,10.0,0.369675,0.412622,0.379866,78.03,0.265,0.0,ETH-28JUN19-110-C,167.73,0.0,0.001,50.0,0.0,0.0,0.0,0.12086,-0.05759,0.21002,0.00231,0.92087
174.98,ETH-27SEP19,1554634742843,open,0.38,0.0,0.340391,0.516734,0.384301,76.54,None,0.0,ETH-27SEP19-220-P,167.73,0.0,0.0,0.0,0.422,1.0,90.37,0.47342,-0.1048,-0.78923,0.00427,-0.56799
167.73,index_price,1554634742843,open,0.2,0.0,0.187622,0.219609,0.198212,90.11,None,0.2,ETH-19APR19-200-P,167.73,0.0,0.0,0.0,0.268,1.0,203.77,0.07604,-0.19381,-0.05621,0.00922,-0.8318
174.98,ETH-27SEP19,1554634742982,open,0.1,752.0,0.061023,0.23345,0.102096,76.51,0.122,0.0,ETH-27SEP19-240-C,167.73,72.59,0.092,48.0,0.113,48.0,80.69,0.45394,-0.10046,0.2205,0.00409,0.36815
5124.18,index_price,1554634743027,open,0.03,2.1,0.01152964,0.05388111,0.02887226,78.33,0.023,0,BTC-19APR19-5500-C,5124.18,74.69,0.0265,24.0,0.0335,24.0,85.31,3.36131,-11.08487,0.50785,0.0005,0.33348
5124.25,index_price,1554634743051,open,0.14,0.0,0.12465421,0.15314136,0.13546882,80.21,0.1235,0,BTC-19APR19-4500-C,5124.25,74.54,0.133,6.0,0.1415,6.0,92.91,2.30303,-7.77716,1.16468,0.00034,0.83404
5124.25,index_price,1554634743051,open,0.2,62.8,0.19500522,0.197569,0.19605957,97.65,0.165,0,BTC-12APR19-4125-C,5124.25,0.0,0.0015,1.0,0.25,0.2,315.04,0.33373,-3.34181,0.53391,0.0001,0.97606
5124.25,index_price,1554634743051,open,0.02,147.8,0.006784,0.03327863,0.01695145,76.87,0.024,0,BTC-12APR19-5375-C,5124.25,76.99,0.017,2.0,0.0195,0.4,83.04,2.09201,-16.49074,0.2012,0.00078,0.31089
5170.01,BTC-27SEP19,1554634743051,open,0.04,87.8,0.01513806,0.13640986,0.04466502,70.93,0.0355,0.0,BTC-27DEC19-3000-P,5124.25,63.52,0.033,6.0,0.0555,5.0,77.33,8.49494,-1.14167,-5.94115,6e-05,-0.11429
5124.25,index_price,1554634743052,open,0.18,0.0,0.17248267,0.1997193,0.18244501,81.63,None,0,BTC-19APR19-6000-P,5124.25,0.0,0.0005,50.0,0.0,0.0,0.0,2.24119,-7.70256,-1.70606,0.00032,-0.84084
5124.25,index_price,1554634743051,open,0.1,0.1,0.08486043,0.12721373,0.10220425,78.33,0.098,0,BTC-19APR19-5500-P,5124.25,69.49,0.0965,18.0,0.106,18.0,84.06,3.36149,-11.08549,-1.28158,0.0005,-0.66648
5170.01,BTC-27SEP19,1554634743052,open,1.01,0.3,0.94936313,1.14073128,1.00716875,77.25,1.4475,0.0,BTC-27DEC19-10000-P,5124.25,0.0,0.0,0.0,0.0,0.0,0.0,13.95505,-2.04268,-65.69432,9e-05,-0.75047
5124.25,index_price,1554634743051,open,0.22,48.9,0.21939806,0.22082186,0.21993538,98.8,0.2055,0,BTC-12APR19-4000-C,5124.25,0.0,0.001,20.0,0.0,0.0,0.0,0.19826,-2.00875,0.52506,6e-05,0.987
5170.01,BTC-27SEP19,1554634743054,open,0.28,2.2,0.25195156,0.32286547,0.28051305,64.54,0.8415,0.0,BTC-27SEP19-6000-P,5124.25,0.0,0.004,20.0,0.329,0.1,82.23,14.10411,-2.63294,-20.21452,0.00017,-0.54501
5124.25,index_price,1554634743051,open,0.0,105.0,0.00023059,0.01081712,0.00380221,83.93,0.003,0,BTC-12APR19-4500-P,5124.25,75.8,0.0025,4.0,0.005,30.0,90.31,0.90207,-7.76402,-0.05915,0.00031,-0.08261
5124.25,index_price,1554634743051,open,0.0,376.6,0.0,0.00035954,0.00024929,110.0,0.0005,0,BTC-12APR19-3750-P,5124.25,0.0,0.0,0.0,0.3995,11.3,500.0,0.09887,-1.11533,-0.00419,3e-05,-0.00588
5145.98,BTC-28JUN19,1554634743054,open,1.53,0.8,1.5262477,1.5270365,1.53043061,92.35,2.171,0.0,BTC-28JUN19-13000-P,5124.25,0.0,0.07,1.0,0.0,0.0,0.0,1.59864,-0.90154,-28.8782,3e-05,-0.9713
5170.01,BTC-27SEP19,1554634743054,open,0.11,18.2,0.08243855,0.1442883,0.10738629,64.54,0.113,0.0,BTC-27SEP19-4500-P,5124.25,62.49,0.1025,14.4,0.1135,14.4,67.11,12.30465,-2.29694,-9.88926,0.00015,-0.29647
5170.01,BTC-27SEP19,1554634743054,open,0.44,246.8,0.4286108,0.4545971,0.44145004,68.52,0.3115,0.0,BTC-27SEP19-3000-C,5124.25,0.0,0.135,0.1,0.0,0.0,0.0,5.40286,-1.07077,11.6624,6e-05,0.91772
5170.01,BTC-27SEP19,1554634743051,open,0.39,4.8,0.35655807,0.50987307,0.39347363,68.54,0.314,0.0,BTC-27DEC19-3500-C,5124.25,0.0,0.255,1.0,0.0,0.0,0.0,11.05371,-1.43563,16.37813,8e-05,0.83167
5124.25,index_price,1554634743051,open,0.01,74.3,0.00052836,0.01500014,0.00581951,83.57,0.006,0,BTC-12APR19-5750-C,5124.25,77.76,0.0045,30.0,0.0075,30.0,90.22,1.22722,-10.51702,0.08239,0.00042,0.12619
5170.01,BTC-27SEP19,1554634743055,open,0.21,12.1,0.18610815,0.25711382,0.21501269,64.54,0.229,0.0,BTC-27SEP19-5500-P,5124.25,61.62,0.207,10.8,0.2215,10.8,66.92,14.14598,-2.64072,-16.70041,0.00017,-0.467
5170.01,BTC-27SEP19,1554634743055,open,0.96,2.0,0.94198221,0.97626116,0.96146243,71.01,1.8325,0.0,BTC-27SEP19-10000-P,5124.25,0.0,0.0015,20.0,0.0,0.0,0.0,7.70418,-1.58233,-44.73735,9e-05,-0.86553
5124.25,index_price,1554634743051,open,0.05,3.0,0.02544586,0.07191813,0.04550398,78.23,0.041,0,BTC-19APR19-5250-C,5124.25,74.03,0.0425,18.0,0.0505,18.0,85.2,3.66857,-12.083,0.69052,0.00055,0.45967
5145.98,BTC-28JUN19,1554634743055,open,0.52,24.4,0.51423665,0.51608683,0.51801294,84.28,0.5115,0.0,BTC-28JUN19-2500-C,5124.25,0.0,0.0005,1.0,0.0,0.0,0.0,1.29473,-0.6664,5.30611,3e-05,0.97768
5124.25,index_price,1554634743051,open,0.18,0.0,0.17118031,0.18945808,0.17739348,82.64,None,0,BTC-19APR19-4250-C,5124.25,0.0,0.0005,20.0,0.0,0.0,0.0,1.52369,-5.30129,1.21836,0.00022,0.90816
5170.01,BTC-27SEP19,1554634743055,open,0.02,632.9,0.00888047,0.03486677,0.02172981,68.53,0.025,0.0,BTC-27SEP19-3000-P,5124.25,65.35,0.0185,24.0,0.0245,18.0,71.12,5.40383,-1.07111,-2.54729,6e-05,-0.0823
5145.98,BTC-28JUN19,1554634743055,open,0.04,330.8,0.01531223,0.04366063,0.03582759,68.72,0.0325,0.0,BTC-28JUN19-4000-P,5124.25,66.38,0.033,14.4,0.0385,14.4,70.9,6.27007,-2.63142,-2.4273,0.00015,-0.17445
5170.01,BTC-27SEP19,1554634743055,open,0.71,42.8,0.70988757,0.71109175,0.71138135,82.37,0.6235,0.0,BTC-27SEP19-1500-C,5124.25,0.0,0.001,1.0,0.0,0.0,0.0,0.67793,-0.1615,6.90026,1e-05,0.99318
5145.98,BTC-28JUN19,1554634743055,open,0.26,460.6,0.23800645,0.26635485,0.25852181,68.72,0.2565,0.0,BTC-28JUN19-4000-C,5124.25,0.0,0.082,6.0,0.29,5.5,92.74,6.27007,-2.63142,6.54538,0.00015,0.82555
5145.98,BTC-28JUN19,1554634743055,open,0.17,14.8,0.12640752,0.17329348,0.16562377,65.94,0.1705,0.0,BTC-28JUN19-5500-P,5124.25,63.22,0.1605,10.8,0.171,10.8,68.79,9.70747,-3.90883,-7.9454,0.00025,-0.52269
5145.98,BTC-28JUN19,1554634743055,open,0.02,689.9,0.00422901,0.02048873,0.01757877,71.48,0.02,0.0,BTC-28JUN19-3500-P,5124.25,68.83,0.0155,18.0,0.02,18.0,74.42,4.13457,-1.80492,-1.30502,0.0001,-0.09548
5124.25,index_price,1554634743055,open,0.0,1359.0,8.852e-05,0.00272693,0.00312144,82.14,0.003,0,BTC-26APR19-3750-P,5124.25,75.53,0.002,50.0,0.004,40.0,86.43,0.97943,-2.1311,-0.11107,9e-05,-0.03879
5124.25,index_price,1554634743054,open,0.11,888.0,0.08955473,0.11231013,0.10482248,70.5,0.0885,0,BTC-26APR19-4750-C,5124.25,66.86,0.102,6.0,0.1095,6.0,76.46,3.9893,-7.45047,1.60351,0.00042,0.70993
5146.05,BTC-28JUN19,1554634743056,open,0.0,731.7,0.0,1.072e-05,0.00118347,107.77,0.001,0.0,BTC-28JUN19-20000-C,5124.25,105.91,0.001,5.9,0.0015,2.0,110.53,0.54006,-0.35542,0.07983,1e-05,0.0081
5170.01,BTC-27SEP19,1554634743056,open,0.36,333.0,0.34591609,0.38545588,0.36394521,66.72,0.348,0.0,BTC-27SEP19-3500-C,5124.25,0.0,0.162,0.3,0.403,2.0,90.13,7.92922,-1.53014,12.14054,9e-05,0.85974
5146.05,BTC-28JUN19,1554634743056,open,0.0,132.3,3.91e-06,0.0007928,0.00418682,92.34,0.004,0.0,BTC-28JUN19-13000-C,5124.25,85.97,0.0025,18.0,0.006,18.0,97.52,1.59867,-0.90155,0.28302,3e-05,0.0287
5124.25,index_price,1554634743054,open,0.56,0.0,0.56091135,0.56091143,0.56093138,109.33,0.429,0,BTC-26APR19-2250-C,5124.25,0.0,0.0,0.0,0.0,0.0,0.0,0.01276,-0.03695,1.16273,0.0,0.9997
5170.01,BTC-27SEP19,1554634743056,open,0.04,351.7,0.01446417,0.05831355,0.03692585,69.03,0.034,0.0,BTC-27SEP19-9000-C,5124.25,68.23,0.0355,17.9,0.0385,14.4,69.91,9.21723,-1.84032,3.41457,0.00011,0.17637
5146.05,BTC-28JUN19,1554634743056,open,0.95,43.0,0.94348325,0.94907743,0.95113705,79.16,1.0,0.0,BTC-28JUN19-10000-P,5124.25,0.0,0.1,0.2,0.0,0.0,0.0,2.77122,-1.33971,-21.87015,6e-05,-0.94345
5124.25,index_price,1554634743051,open,0.16,0.0,0.14923606,0.18039924,0.16150539,81.63,None,0,BTC-19APR19-5875-P,5124.25,0.0,0.0,0.0,0.0,0.0,0.0,2.55858,-8.79324,-1.60924,0.00037,-0.80371
5146.05,BTC-28JUN19,1554634743056,open,1.33,10.0,1.33190116,1.33341608,1.33706262,88.81,1.243,0.0,BTC-28JUN19-12000-P,5124.25,0.0,0.0,0.0,0.0,0.0,0.0,1.91526,-1.03874,-26.5654,4e-05,-0.96427
5124.25,index_price,1554634743054,open,0.37,23.7,0.36576148,0.36604769,0.36705433,97.53,0.1875,0,BTC-26APR19-3250-C,5124.25,0.0,0.0,0.0,0.0,0.0,0.0,0.4473,-1.15558,1.63691,3e-05,0.98476
5146.05,BTC-28JUN19,1554634743057,open,1.72,1.3,1.72053422,1.72094799,1.72424706,96.5,2.415,0.0,BTC-28JUN19-14000-P,5124.25,0.0,0.0,0.0,0.0,0.0,0.0,1.42089,-0.83735,-31.15952,2e-05,-0.97507
5146.05,BTC-28JUN19,1554634743057,open,0.62,20.1,0.61135349,0.61161574,0.61570783,109.98,0.578,0.0,BTC-28JUN19-2000-C,5124.25,0.0,0.0005,1.0,0.0,0.0,0.0,1.12976,-0.75875,4.21674,2e-05,0.981
5170.01,BTC-27SEP19,1554634743057,open,0.43,10.2,0.40403116,0.46870182,0.42927028,64.65,0.8,0.0,BTC-27SEP19-7000-P,5124.25,0.0,0.002,7.0,0.0,0.0,0.0,12.77718,-2.38896,-27.08345,0.00016,-0.67677
5146.05,BTC-28JUN19,1554634743057,open,0.71,31.8,0.7085143,0.70852673,0.70933384,109.93,0.6765,0.0,BTC-28JUN19-1500-C,5124.25,0.0,0.0005,1.0,0.0,0.0,0.0,0.3077,-0.20657,3.30572,0.0,0.99571
5146.05,BTC-28JUN19,1554634743057,open,0.39,19.5,0.37279981,0.40409658,0.39478143,68.54,0.7515,0.0,BTC-28JUN19-7000-P,5124.25,0.0,0.0,0.0,0.0,0.0,0.0,7.1418,-2.9891,-13.60655,0.00018,-0.78394
5124.25,index_price,1554634743051,open,0.0,166.9,6.001e-05,0.00827324,0.00275367,87.25,0.004,0,BTC-12APR19-6000-C,5124.25,77.28,0.0015,30.0,0.0035,2.2,92.03,0.75095,-6.71941,0.04261,0.00025,0.065
5146.05,BTC-28JUN19,1554634743057,open,0.57,24.8,0.55816098,0.57712412,0.57402096,72.01,1.058,0.0,BTC-28JUN19-8000-P,5124.25,0.0,0.0,0.0,0.0,0.0,0.0,5.1753,-2.27598,-16.66085,0.00012,-0.86929
5124.25,index_price,1554634743053,open,0.02,7.3,0.00272682,0.03389,0.01499167,81.62,0.018,0,BTC-19APR19-5875-C,5124.25,76.48,0.0125,24.0,0.0175,24.0,86.52,2.55834,-8.79145,0.30221,0.00037,0.19626
5170.01,BTC-27SEP19,1554634743057,open,0.0,2088.3,2.241e-05,0.00122659,0.00152516,82.43,0.0005,0.0,BTC-27SEP19-1500-P,5124.25,71.58,0.0005,33.8,0.0025,3.0,88.69,0.68056,-0.16226,-0.20518,1e-05,-0.00685
5124.25,index_price,1554634743055,open,0.46,10.2,0.4633361,0.4633467,0.46371264,109.93,0.006,0,BTC-26APR19-2750-C,5124.25,0.0,0.0,0.0,0.0,0.0,0.0,0.15236,-0.44366,1.40931,1e-05,0.99553
5170.01,BTC-27SEP19,1554634743058,open,0.19,762.3,0.16200921,0.23016081,0.18977698,64.54,0.1855,0.0,BTC-27SEP19-5000-C,5124.25,62.53,0.1845,4.7,0.1935,13.8,65.95,13.58068,-2.53491,10.45895,0.00017,0.6169
5146.05,BTC-28JUN19,1554634743058,open,0.0,311.4,9.9e-07,0.00041476,0.00367682,96.37,0.005,0.0,BTC-28JUN19-14000-C,5124.25,88.97,0.002,18.0,0.0055,18.0,102.16,1.41151,-0.83066,0.24302,2e-05,0.02473
5124.25,index_price,1554634743054,open,0.27,0.0,0.26932508,0.27763825,0.27516371,73.87,None,0,BTC-26APR19-6500-P,5124.25,0.0,0.0,0.0,0.0,0.0,0.0,1.91549,-3.74829,-3.1367,0.00019,-0.90851
5124.25,index_price,1554634743053,open,0.13,0.0,0.12264379,0.13711557,0.12793932,83.59,None,0,BTC-12APR19-5750-P,5124.25,0.0,0.0,0.0,0.226,0.1,324.1,1.2276,-10.5226,-0.68566,0.00042,-0.87376
5124.25,index_price,1554634743054,open,0.32,32.6,0.31698298,0.31795474,0.31904825,90.18,0.3105,0,BTC-26APR19-3500-C,5124.25,0.0,0.0,0.0,0.0,0.0,0.0,0.67913,-1.62234,1.73847,6e-05,0.97508
5124.25,index_price,1554634743054,open,0.0,55.5,1.769e-05,0.00603491,0.00204727,90.38,0.003,0,BTC-12APR19-6125-C,5124.25,71.59,0.0005,30.0,0.0035,40.0,100.99,0.60014,-5.56248,0.03208,0.00019,0.04891
5124.25,index_price,1554634743053,open,0.06,1.1,0.03589747,0.08253913,0.05557485,77.39,0.052,0,BTC-19APR19-5125-C,5124.25,73.8,0.053,18.0,0.06,0.1,83.55,3.67872,-11.98631,0.78665,0.00056,0.5274
5124.25,index_price,1554634743054,open,0.01,0.0,0.00048359,0.02061669,0.00757115,84.41,None,0,BTC-19APR19-6250-C,5124.25,77.85,0.0055,30.0,0.0095,30.0,89.83,1.73453,-6.16465,0.17026,0.00024,0.10969
5124.25,index_price,1554634743056,open,0.0,295.4,0.0,0.0,3.11e-06,110.0,0.0005,0,BTC-26APR19-2000-P,5124.25,0.0,0.0,0.0,0.0005,71.4,166.91,0.00244,-0.00712,-0.00014,0.0,-5e-05
5124.25,index_price,1554634743057,open,0.0,0.0,0.00021656,0.01415338,0.00449516,83.38,None,0,BTC-19APR19-4125-P,5124.25,76.14,0.003,30.0,0.006,10.0,89.53,1.16588,-4.09271,-0.11514,0.00016,-0.06457
5124.25,index_price,1554634743056,open,0.17,168.9,0.17061882,0.17497,0.17232581,94.02,0.152,0,BTC-12APR19-4250-C,5124.25,0.0,0.15,0.2,0.0,0.0,0.0,0.48827,-4.70788,0.54061,0.00015,0.96212
5124.25,index_price,1554634743055,open,0.18,1632.2,0.17276945,0.18365287,0.18064405,73.5,0.1465,0,BTC-26APR19-4250-C,5124.25,0.0,0.0805,1.0,0.1955,3.0,101.81,2.2555,-4.39157,1.86772,0.00023,0.88545
5124.25,index_price,1554634743054,open,0.05,928.7,0.03466113,0.06174594,0.05154957,68.74,0.055,0,BTC-26APR19-5250-C,5124.25,65.37,0.0485,18.0,0.055,18.0,72.55,4.63511,-8.43998,1.10713,0.0005,0.46934
5124.25,index_price,1554634743054,open,0.23,487.9,0.21991928,0.22579133,0.22460155,76.05,0.225,0,BTC-26APR19-4000-C,5124.25,0.0,0.15,1.0,0.25,1.5,132.56,1.46736,-2.95603,1.88406,0.00014,0.93558
5124.25,index_price,1554634743056,open,0.0,2099.3,9.76e-06,0.00098152,0.0020777,90.2,0.0015,0,BTC-26APR19-3500-P,5124.25,85.41,0.0015,46.1,0.0025,40.0,93.21,0.67965,-1.62395,-0.07159,6e-05,-0.02494
5124.25,index_price,1554634743053,open,0.09,31.1,0.0765202,0.0991834,0.08568311,80.36,0.1075,0,BTC-12APR19-5500-P,5124.25,64.81,0.0805,6.0,0.0875,6.0,85.36,1.82916,-15.07351,-0.58082,0.00065,-0.76284
5124.25,index_price,1554634743055,open,0.02,22.0,0.00737418,0.04635078,0.02271747,78.53,0.0215,0,BTC-19APR19-5625-C,5124.25,75.68,0.021,24.0,0.027,24.0,85.48,3.10322,-10.26093,0.42643,0.00046,0.27849
5170.08,BTC-27SEP19,1554634743060,open,1.33,6.1,1.32330626,1.34340583,1.33644864,73.9,1.9095,0.0,BTC-27SEP19-12000-P,5124.25,0.0,0.0015,20.0,0.0,0.0,0.0,5.31768,-1.13659,-55.24028,6e-05,-0.91944
5124.25,index_price,1554634743058,open,0.0,27.9,4.79e-06,0.00435235,0.00159704,94.03,0.0025,0,BTC-12APR19-6250-C,5124.25,78.39,0.0005,1.0,0.003,40.0,106.09,0.49065,-4.73131,0.02499,0.00015,0.03811
5170.08,BTC-27SEP19,1554634743053,open,0.81,0.0,0.76571812,0.97329713,0.81429039,70.39,None,0.0,BTC-27DEC19-9000-P,5124.25,0.0,0.0,0.0,0.0,0.0,0.0,14.40795,-1.92168,-57.89504,0.00011,-0.73466
5124.25,index_price,1554634743054,open,0.0,145.4,5.036e-05,0.00703187,0.00216297,85.85,0.0045,0,BTC-12APR19-4375-P,5124.25,74.03,0.001,38.0,0.003,10.0,92.25,0.61283,-5.39496,-0.03585,0.0002,-0.05021
5124.25,index_price,1554634743054,open,0.01,1.0,0.00025617,0.01735268,0.00609327,85.57,0.0085,0,BTC-19APR19-6375-C,5124.25,77.7,0.004,30.0,0.008,30.0,91.63,1.50678,-5.42826,0.14067,0.00021,0.09047
5124.25,index_price,1554634743055,open,0.03,1.4,0.01599879,0.05858518,0.03462999,79.27,0.038,0,BTC-19APR19-4875-P,5124.25,72.2,0.03,24.0,0.037,24.0,82.86,3.37581,-11.26704,-0.61986,0.0005,-0.33716
5124.25,index_price,1554634743055,open,0.22,0.0,0.21969548,0.22404304,0.22129249,94.08,None,0,BTC-12APR19-6250-P,5124.25,0.0,0.0,0.0,0.346,0.1,433.53,0.49152,-4.74216,-0.80983,0.00015,-0.96181
5124.25,index_price,1554634743055,open,0.16,0.0,0.14755421,0.17076085,0.15590908,81.3,None,0,BTC-19APR19-4375-C,5124.25,0.0,0.0,0.0,0.0,0.0,0.0,1.9006,-6.50541,1.19922,0.00027,0.8752
5124.25,index_price,1554634743055,open,0.01,0.0,0.00088714,0.02441543,0.00912811,82.49,None,0,BTC-19APR19-6125-C,5124.25,78.05,0.0075,30.0,0.0115,30.2,88.4,1.95928,-6.80442,0.20216,0.00028,0.13038
5124.25,index_price,1554634743054,open,0.24,0.0,0.2440857,0.24718927,0.24545925,98.97,None,0,BTC-12APR19-6375-P,5124.25,0.0,0.0,0.0,0.3765,0.1,460.5,0.42511,-4.31449,-0.83061,0.00012,-0.968
5124.25,index_price,1554634743054,open,0.07,7.6,0.04896259,0.09429707,0.068893,78.75,0.056,0,BTC-19APR19-5000-C,5124.25,73.89,0.0655,18.0,0.074,18.0,86.06,3.57943,-11.86859,0.87934,0.00053,0.59632
5124.25,index_price,1554634743057,open,0.14,1130.1,0.12853339,0.14555072,0.13985556,71.04,0.1475,0,BTC-26APR19-4500-C,5124.25,68.81,0.1385,6.0,0.1455,6.0,79.92,3.1428,-5.91426,1.78087,0.00033,0.81189
5124.25,index_price,1554634743056,open,0.03,68.8,0.01308698,0.04225436,0.02479326,76.58,0.0285,0,BTC-12APR19-5250-C,5124.25,74.81,0.024,18.0,0.0275,0.4,82.59,2.30123,-18.07241,0.26311,0.00086,0.40918
5124.25,index_price,1554634743056,open,0.32,0.0,0.3175962,0.32316572,0.32204689,76.42,None,0,BTC-26APR19-6750-P,5124.25,0.0,0.0,0.0,0.0,0.0,0.0,1.51197,-3.06055,-3.32593,0.00015,-0.93304
5124.25,index_price,1554634743055,open,0.01,3.4,0.00133769,0.02454433,0.00969589,81.31,0.0125,0,BTC-19APR19-4375-P,5124.25,75.1,0.0075,30.0,0.012,30.2,87.27,1.90084,-6.50696,-0.22428,0.00027,-0.12483
5124.25,index_price,1554634743061,open,0.07,138.8,0.05920131,0.08628612,0.07609374,68.75,0.0815,0,BTC-26APR19-5250-P,5124.25,62.0,0.07,18.0,0.078,18.0,70.85,4.63512,-8.44053,-1.60786,0.0005,-0.53065
5124.25,index_price,1554634743058,open,0.01,139.5,0.00136289,0.01982218,0.00858116,82.19,0.006,0,BTC-12APR19-5625-C,5124.25,76.7,0.007,24.0,0.0105,24.0,88.41,1.52743,-12.87358,0.11401,0.00053,0.17514
5124.25,index_price,1554634743060,open,0.61,0.0,0.60969898,0.60969898,0.60970057,105.84,None,0,BTC-26APR19-2000-C,5124.25,0.0,0.0,0.0,0.0,0.0,0.0,0.00139,-0.00389,1.03421,0.0,0.99997
5124.25,index_price,1554634743059,open,0.08,3.9,0.06464006,0.10722645,0.08326754,79.27,0.07,0,BTC-19APR19-4875-C,5124.25,74.29,0.08,18.0,0.0885,18.0,87.17,3.37579,-11.26614,0.96629,0.0005,0.66285
167.73,index_price,1554634743237,open,0.19,0.0,0.189363,0.1993,0.194176,107.21,0.233,0.2,ETH-12APR19-200-P,167.73,0.0,0.001,20.0,0.256,1.0,282.83,0.03166,-0.24665,-0.02472,0.00786,-0.90931
167.73,index_price,1554634743312,open,0.0,0.0,2e-05,0.006372,0.002899,110.0,None,0.2,ETH-19APR19-120-P,167.73,0.0,0.0,0.0,0.007,100.0,132.94,0.02305,-0.10332,-0.00204,0.00229,-0.0344
167.73,index_price,1554634743330,open,0.25,0.0,0.248686,0.253833,0.250982,109.98,None,0.2,ETH-12APR19-210-P,167.73,0.0,0.001,10.0,0.325,1.0,337.14,0.01875,-0.10068,-0.027,0.00454,-0.95387
5124.25,index_price,1554634743338,open,0.2,0.0,0.19531456,0.20133179,0.19734881,90.42,None,0,BTC-12APR19-6125-P,5124.25,0.0,0.0,0.0,0.257,0.1,274.36,0.60091,-5.57207,-0.78605,0.00019,-0.95101
174.98,ETH-27SEP19,1554634743358,open,0.57,0.0,0.530595,0.696558,0.568206,76.55,None,0.0,ETH-27SEP19-260-P,167.73,0.0,0.013,1.0,0.603,1.0,90.31,0.42643,-0.09441,-1.04054,0.00384,-0.68732
173.06,ETH-28JUN19,1554634743405,open,0.05,802.0,0.020614,0.10599,0.046632,79.48,0.051,0.0,ETH-28JUN19-240-C,167.73,77.03,0.043,48.0,0.05,48.0,81.7,0.25941,-0.12591,0.07821,0.00486,0.24811
167.73,index_price,1554634743461,open,0.31,0.0,0.308133,0.310657,0.309039,110.0,None,0.2,ETH-12APR19-220-P,167.73,0.0,0.001,10.0,0.0,0.0,0.0,0.00948,0.01157,-0.02888,0.00229,-0.97978
174.98,ETH-27SEP19,1554634743642,open,1.09,0.0,1.066872,1.188438,1.094209,81.57,None,0.0,ETH-27SEP19-360-P,167.73,0.0,0.0,0.0,1.11,1.0,90.39,0.29012,-0.06845,-1.60498,0.00245,-0.84239
173.06,ETH-28JUN19,1554634743913,open,0.21,484.0,0.185048,0.273641,0.208375,74.87,0.201,0.0,ETH-28JUN19-150-C,167.73,70.86,0.202,36.0,0.214,36.0,78.38,0.27627,-0.12631,0.19832,0.00549,0.71924
167.73,index_price,1554634743920,open,0.01,1.0,0.001673,0.025637,0.010449,93.9,0.013,0.2,ETH-19APR19-140-P,167.73,83.41,0.007,100.0,0.014,100.0,103.38,0.05946,-0.22336,-0.00696,0.00692,-0.11702
174.98,ETH-27SEP19,1554634744051,open,0.77,0.0,0.738451,0.887459,0.773282,79.01,None,0.0,ETH-27SEP19-300-P,167.73,0.0,0.002,1.0,0.798,1.0,90.0,0.37082,-0.08473,-1.27422,0.00324,-0.76413
174.98,ETH-27SEP19,1554634744052,open,0.77,0.0,0.738451,0.887459,0.773282,79.01,None,0.0,ETH-27SEP19-300-P,167.73,0.0,0.002,1.0,0.798,2.0,90.0,0.37082,-0.08473,-1.27422,0.00324,-0.76413
174.98,ETH-27SEP19,1554634744054,open,0.38,0.0,0.340391,0.516734,0.384301,76.54,None,0.0,ETH-27SEP19-220-P,167.73,0.0,0.0,0.0,0.421,1.0,90.0,0.47342,-0.1048,-0.78923,0.00427,-0.56799
5170.14,BTC-27SEP19,1554634744091,open,0.16,63.2,0.10079432,0.30305371,0.15549664,68.56,0.164,0.0,BTC-27DEC19-4500-P,5124.25,60.42,0.1315,3.1,0.1455,5.0,65.17,15.2426,-1.98004,-16.95768,0.00012,-0.29819
174.99,ETH-27SEP19,1554634744602,open,0.06,422.0,0.033059,0.148063,0.064503,79.49,0.062,0.0,ETH-27SEP19-120-P,167.73,75.68,0.058,48.0,0.071,48.0,83.22,0.30215,-0.06946,-0.19249,0.00262,-0.16774
174.99,ETH-27SEP19,1554634744719,open,0.31,343.0,0.267769,0.408961,0.306416,78.11,0.189,0.0,ETH-27SEP19-140-C,167.73,72.37,0.294,12.0,0.316,12.0,82.51,0.38029,-0.08591,0.37009,0.00336,0.75294
174.99,ETH-27SEP19,1554634744788,open,0.88,0.0,0.846251,0.986023,0.878424,79.77,None,0.0,ETH-27SEP19-320-P,167.73,0.0,0.002,1.0,0.9,1.0,90.12,0.34185,-0.07887,-1.38722,0.00295,-0.79532
167.73,index_price,1554634744848,open,0.06,110.0,0.046874,0.09718,0.064225,84.12,0.08,0.2,ETH-19APR19-170-P,167.73,72.68,0.056,60.0,0.07,60.0,92.15,0.12064,-0.37651,-0.03014,0.01567,-0.48797
174.99,ETH-27SEP19,1554634744854,open,0.07,548.0,0.032741,0.190663,0.066383,76.52,0.082,0.0,ETH-27SEP19-280-C,167.73,74.55,0.062,48.0,0.079,48.0,81.98,0.39412,-0.08722,0.16425,0.00355,0.26456
173.06,ETH-28JUN19,1554634744887,open,0.13,1807.0,0.096297,0.199442,0.124805,75.1,0.141,0.0,ETH-28JUN19-180-C,167.73,72.02,0.119,36.0,0.13,36.0,77.86,0.32625,-0.14963,0.15607,0.00647,0.52683
174.99,ETH-27SEP19,1554634744958,open,0.99,0.0,0.955873,1.086419,0.985748,80.76,None,0.0,ETH-27SEP19-340-P,167.73,0.0,0.002,1.0,1.004,1.0,90.19,0.31548,-0.07369,-1.49701,0.00269,-0.82048
174.99,ETH-27SEP19,1554634744985,open,0.67,0.0,0.632832,0.790755,0.666566,76.56,None,0.0,ETH-27SEP19-280-P,167.73,0.0,0.002,1.0,0.699,2.0,90.19,0.39428,-0.0873,-1.16183,0.00355,-0.73524
173.06,ETH-28JUN19,1554634744997,open,0.0,1025.0,1.1e-05,0.00877,0.004973,105.35,0.005,0.0,ETH-28JUN19-500-C,167.73,0.0,0.0,0.0,0.01,60.0,117.54,0.05618,-0.03614,0.00982,0.00079,0.03026
5146.07,BTC-28JUN19,1554634745048,open,0.05,27.6,0.01946852,0.052358,0.04914156,67.75,0.053,0.0,BTC-28JUN19-4250-P,5124.33,65.52,0.046,14.4,0.052,19.4,69.75,7.30269,-3.02119,-3.16014,0.00018,-0.22462
5170.2,BTC-27SEP19,1554634745048,open,0.27,0.0,0.24125744,0.29862202,0.26479426,64.84,None,0.0,BTC-27SEP19-4250-C,5124.33,0.0,0.0,0.0,0.0,0.0,0.0,11.39935,-2.13778,11.78656,0.00014,0.74612
5170.2,BTC-27SEP19,1554634745048,open,0.07,51.3,0.02493529,0.23251759,0.07343639,70.36,0.107,0.0,BTC-27DEC19-9000-C,5124.33,59.4,0.045,11.0,0.114,14.0,84.06,14.40451,-1.9205,7.16781,0.00011,0.2652
5124.33,index_price,1554634745048,open,0.04,5.4,0.02470889,0.0700421,0.04464749,78.77,0.05,0,BTC-19APR19-5000-P,5124.33,71.39,0.0395,24.0,0.0475,24.0,82.85,3.57941,-11.87044,-0.74743,0.00053,-0.40365
5124.33,index_price,1554634745048,open,0.01,116.1,0.00084708,0.00916154,0.00668083,73.86,0.008,0,BTC-26APR19-6500-C,5124.33,69.04,0.005,30.0,0.0085,30.0,78.45,1.91494,-3.74641,0.22464,0.00019,0.09145
5124.33,index_price,1554634745048,open,0.01,159.8,0.00319416,0.02586019,0.01235229,80.34,0.0145,0,BTC-12APR19-5500-C,5124.33,79.35,0.012,0.3,0.0135,0.4,83.52,1.82916,-15.07014,0.15388,0.00065,0.23715
5124.33,index_price,1554634745048,open,0.01,0.0,0.00056971,0.018845,0.00678615,82.65,None,0,BTC-19APR19-4250-P,5124.33,76.24,0.005,30.0,0.009,30.0,89.65,1.52394,-5.30316,-0.16447,0.00022,-0.09186
5124.33,index_price,1554634745048,open,0.0,9.3,0.00033039,0.00590089,0.00477621,76.4,0.003,0,BTC-26APR19-6750-C,5124.33,71.71,0.0035,30.0,0.0065,30.0,81.77,1.51124,-3.0583,0.16468,0.00015,0.06692
5124.33,index_price,1554634745050,open,0.17,0.0,0.17094484,0.17915994,0.17365705,87.37,None,0,BTC-12APR19-6000-P,5124.33,0.0,0.0,0.0,0.229,0.1,252.13,0.75366,-6.75297,-0.75868,0.00025,-0.9347
5124.33,index_price,1554634745048,open,0.01,170.6,0.00204625,0.01398085,0.00982009,71.92,0.012,0,BTC-26APR19-6250-C,5124.33,67.95,0.008,30.0,0.0115,30.0,75.32,2.44848,-4.66461,0.31512,0.00025,0.12873
5124.33,index_price,1554634745048,open,0.01,0.3,0.00158028,0.02881978,0.01153796,81.61,0.0105,0,BTC-19APR19-6000-C,5124.33,76.79,0.0095,24.0,0.013,0.1,84.89,2.24101,-7.70058,0.24608,0.00032,0.15914
5124.33,index_price,1554634745051,open,0.23,0.0,0.22015547,0.24029108,0.22726218,84.47,None,0,BTC-19APR19-6250-P,5124.33,0.0,0.0,0.0,0.0,0.0,0.0,1.73661,-6.17586,-1.86298,0.00024,-0.89013
5170.28,BTC-27SEP19,1554634745052,open,0.53,57.5,0.51890573,0.53274291,0.5263556,70.76,0.389,0.0,BTC-27SEP19-2500-C,5124.33,0.0,0.0005,1.0,0.0,0.0,0.0,3.14765,-0.64417,10.587,4e-05,0.95869
5170.28,BTC-27SEP19,1554634745052,open,0.24,290.4,0.21206016,0.2739061,0.23698653,64.53,0.2465,0.0,BTC-27SEP19-4500-C,5124.33,61.38,0.2295,6.7,0.242,13.8,66.64,12.30444,-2.29661,11.42576,0.00015,0.70357
5170.28,BTC-27SEP19,1554634745052,open,0.02,695.2,0.00225964,0.02236176,0.01533169,73.83,0.0105,0.0,BTC-27SEP19-12000-C,5124.33,71.45,0.013,18.0,0.018,10.0,76.32,5.30492,-1.13278,1.59097,6e-05,0.0803
5170.28,BTC-27SEP19,1554634745053,open,0.62,28.2,0.61355747,0.61889729,0.61720806,75.0,0.5015,0.0,BTC-27SEP19-2000-C,5124.33,0.0,0.0005,1.0,0.0,0.0,0.0,1.57073,-0.3407,8.93452,2e-05,0.98206
5146.07,BTC-28JUN19,1554634745052,open,0.0,869.0,5.275e-05,0.00190267,0.00382864,84.28,0.0045,0.0,BTC-28JUN19-2500-P,5124.33,78.33,0.0025,20.1,0.005,18.0,88.58,1.29465,-0.66636,-0.30179,3e-05,-0.02231
5170.28,BTC-27SEP19,1554634745052,open,0.78,0.0,0.75518652,0.79904074,0.77769897,69.06,None,0.0,BTC-27SEP19-9000-P,5124.33,0.0,0.0015,20.0,0.0,0.0,0.0,9.22332,-1.84225,-39.20933,0.00011,-0.82346
5146.07,BTC-28JUN19,1554634745053,open,0.01,867.5,0.00024524,0.00583957,0.00787354,79.12,0.007,0.0,BTC-28JUN19-10000-C,5124.33,76.42,0.0065,18.0,0.01,0.6,82.8,2.76609,-1.33642,0.56031,6e-05,0.05641
5124.33,index_price,1554634745051,open,0.0,131.2,0.00018654,0.01121089,0.0043581,87.25,0.0045,0,BTC-12APR19-5875-C,5124.33,82.66,0.0035,0.2,0.0055,30.0,92.74,1.00802,-9.01919,0.06266,0.00033,0.0959
5146.07,BTC-28JUN19,1554634745053,open,0.23,35.5,0.20562573,0.24949448,0.23315845,65.97,0.451,0.0,BTC-28JUN19-6000-P,5124.33,0.0,0.0,0.0,0.0,0.0,0.0,9.19239,-3.70338,-9.97815,0.00023,-0.63124
5124.33,index_price,1554634745048,open,0.0,97.2,1e-07,0.00142346,0.00054039,98.88,0.0015,0,BTC-12APR19-4000-P,5124.33,0.0,0.0,0.0,0.001,12.0,108.44,0.19898,-2.01768,-0.00931,6e-05,-0.01305
5170.28,BTC-27SEP19,1554634745053,open,0.16,18.1,0.12909815,0.19724738,0.15689327,64.55,0.171,0.0,BTC-27SEP19-5000-P,5124.33,62.88,0.1525,1.0,0.163,14.4,66.87,13.58082,-2.53536,-13.22201,0.00017,-0.38304
5170.28,BTC-27SEP19,1554634745053,open,1.15,3.1,1.13171553,1.15808204,1.14737217,72.17,1.9215,0.0,BTC-27SEP19-11000-P,5124.33,0.0,0.0015,30.0,0.0,0.0,0.0,6.32305,-1.31977,-50.09399,7e-05,-0.89827
5170.28,BTC-27SEP19,1554634745053,open,0.05,975.0,0.02700253,0.08153346,0.05196993,67.0,0.0505,0.0,BTC-27SEP19-8000-C,5124.33,66.07,0.05,7.7,0.054,14.4,67.95,10.98439,-2.12853,4.52979,0.00013,0.23695
5170.28,BTC-27SEP19,1554634745053,open,0.12,697.4,0.09142912,0.16234387,0.11996782,64.54,0.111,0.0,BTC-27SEP19-6000-C,5124.33,61.06,0.1105,10.8,0.12,2.4,64.55,14.10492,-2.63275,8.20439,0.00017,0.455
5146.07,BTC-28JUN19,1554634745053,open,0.0,336.8,6.19e-05,0.0029799,0.00577951,83.07,0.005,0.0,BTC-28JUN19-11000-C,5124.33,79.79,0.0045,18.0,0.0075,19.7,86.85,2.16189,-1.09672,0.41177,4e-05,0.04145
5124.33,index_price,1554634745052,open,0.05,175.8,0.03369521,0.06011717,0.05017834,68.75,0.044,0,BTC-26APR19-5000-P,5124.33,64.01,0.046,18.0,0.0525,18.0,71.38,4.52202,-8.23528,-1.21152,0.00048,-0.407
5170.28,BTC-27SEP19,1554634745053,open,0.15,264.1,0.12230055,0.19330549,0.15117831,64.53,0.1365,0.0,BTC-27SEP19-5500-C,5124.33,62.64,0.146,7.4,0.154,10.8,65.57,14.14665,-2.64045,9.35062,0.00017,0.53302
5146.15,BTC-28JUN19,1554634745053,open,0.01,347.3,1.554e-05,0.00153069,0.00514577,88.72,0.0065,0.0,BTC-28JUN19-12000-C,5124.33,83.73,0.0035,18.0,0.007,18.0,93.25,1.90805,-1.03383,0.35111,4e-05,0.03556
5146.15,BTC-28JUN19,1554634745053,open,0.0,365.6,2.6e-07,0.00021935,0.00245362,96.37,0.002,0.0,BTC-28JUN19-15000-C,5124.33,93.95,0.002,3.6,0.003,1.1,98.89,1.03702,-0.61028,0.17003,2e-05,0.01718
5146.15,BTC-28JUN19,1554634745053,open,0.01,608.6,0.0009537,0.01148184,0.01215444,75.93,0.012,0.0,BTC-28JUN19-9000-C,5124.33,73.59,0.0105,18.0,0.014,10.5,78.35,3.78045,-1.75294,0.83668,8e-05,0.08463
5146.15,BTC-28JUN19,1554634745053,open,0.0,703.5,1.09e-06,0.0002633,0.0043604,110.0,0.002,0.0,BTC-28JUN19-2000-P,5124.33,87.69,0.001,14.0,0.192,34.5,406.81,1.13051,-0.75942,-0.26983,2e-05,-0.01901
5146.15,BTC-28JUN19,1554634745054,open,0.0,1450.0,0.0,1.243e-05,0.00082344,110.0,0.001,0.0,BTC-28JUN19-1500-P,5124.33,103.64,0.0005,10.0,0.001,1.0,112.75,0.30871,-0.20738,-0.05926,0.0,-0.00431
5146.15,BTC-28JUN19,1554634745054,open,1.14,5.7,1.1375822,1.14050053,1.14334133,83.17,1.142,0.0,BTC-28JUN19-11000-P,5124.33,0.0,0.0,0.0,0.0,0.0,0.0,2.17142,-1.10285,-24.26098,4e-05,-0.95832
5146.15,BTC-28JUN19,1554634745054,open,0.43,47.2,0.41774031,0.42456064,0.42545064,76.93,0.4195,0.0,BTC-28JUN19-3000-C,5124.33,0.0,0.05,0.2,0.0,0.0,0.0,2.4385,-1.14562,6.07678,5e-05,0.95187
5170.28,BTC-27SEP19,1554634745054,open,0.3,239.2,0.27334517,0.32540475,0.29573815,65.53,0.2885,0.0,BTC-27SEP19-4000-C,5124.33,63.15,0.291,3.5,0.45,1.5,139.06,10.35267,-1.96201,12.01945,0.00012,0.78657
5170.28,BTC-27SEP19,1554634745048,open,0.03,133.7,0.00519717,0.09226949,0.02857905,76.17,0.0235,0.0,BTC-27DEC19-2500-P,5124.33,68.01,0.0195,0.1,0.0375,4.0,83.29,6.16683,-0.89003,-3.83856,4e-05,-0.07412
5170.28,BTC-27SEP19,1554634745054,open,0.01,482.7,0.00243854,0.01627572,0.0099015,70.78,0.0075,0.0,BTC-27SEP19-2500-P,5124.33,65.6,0.007,24.0,0.0125,18.0,74.8,3.14972,-0.64479,-1.25495,4e-05,-0.04135
5124.33,index_price,1554634745049,open,0.0,41.5,0.0,6.621e-05,4.029e-05,110.0,0.0005,0,BTC-12APR19-3500-P,5124.33,0.0,0.0,0.0,0.3995,10.3,500.0,0.02174,-0.20645,-0.00078,1e-05,-0.0011
5170.28,BTC-27SEP19,1554634745054,open,0.02,642.3,0.00417118,0.03053769,0.01976927,72.12,0.0215,0.0,BTC-27SEP19-11000-C,5124.33,69.76,0.017,18.0,0.023,33.0,74.66,6.31362,-1.31692,2.00186,7e-05,0.10152
5146.15,BTC-28JUN19,1554634745054,open,0.07,58.1,0.03927717,0.07853867,0.06512169,66.66,0.061,0.0,BTC-28JUN19-4500-P,5124.33,64.69,0.062,14.4,0.0685,8.5,68.77,8.20455,-3.33967,-3.98393,0.00021,-0.28
5124.33,index_price,1554634745053,open,0.0,259.9,0.0,7e-08,2.174e-05,110.0,0.0005,0,BTC-26APR19-2250-P,5124.33,0.0,0.0,0.0,0.2,11.1,500.0,0.01363,-0.03971,-0.0009,0.0,-0.00032
5124.33,index_price,1554634745053,open,0.0,2992.5,6.3e-07,0.00028677,0.00129586,97.56,0.0015,0,BTC-26APR19-3250-P,5124.33,93.89,0.001,50.0,0.0015,11.0,99.79,0.44782,-1.15728,-0.04387,3e-05,-0.01526
5170.28,BTC-27SEP19,1554634745055,open,0.6,2.5,0.57430751,0.62883845,0.59933263,67.03,1.278,0.0,BTC-27SEP19-8000-P,5124.33,0.0,0.0035,13.1,0.0,0.0,0.0,10.98813,-2.13012,-33.35859,0.00013,-0.7629
5124.33,index_price,1554634745054,open,0.03,287.3,0.01651573,0.03926966,0.03178972,70.51,0.027,0,BTC-26APR19-4750-P,5124.33,65.61,0.028,24.0,0.0335,24.0,72.7,3.98927,-7.4514,-0.85289,0.00042,-0.29006
5124.33,index_price,1554634745054,open,0.02,338.7,0.00670878,0.02372436,0.01803545,71.05,0.0325,0,BTC-26APR19-4500-P,5124.33,67.68,0.016,24.0,0.02,24.0,74.21,3.14285,-5.91514,-0.54629,0.00033,-0.18811
5124.33,index_price,1554634745048,open,0.37,0.0,0.3661543,0.3697739,0.3693951,78.39,None,0,BTC-26APR19-7000-P,5124.33,0.0,0.0,0.0,0.0,0.0,0.0,1.17117,-2.432,-3.50063,0.00011,-0.95159
5124.33,index_price,1554634745053,open,0.27,224.9,0.26828549,0.27092335,0.27130677,82.08,0.2725,0,BTC-26APR19-3750-C,5124.33,0.0,0.0,0.0,0.0,0.0,0.0,0.97738,-2.12515,1.82851,9e-05,0.96131
5124.33,index_price,1554634745054,open,0.08,471.2,0.0579579,0.08437985,0.07442579,68.73,0.0775,0,BTC-26APR19-5000-C,5124.33,65.98,0.072,18.0,0.0795,18.0,74.48,4.522,-8.23317,1.37425,0.00048,0.59301
5124.33,index_price,1554634745051,open,0.15,0.0,0.14667789,0.15770224,0.15086734,87.34,None,0,BTC-12APR19-5875-P,5124.33,0.0,0.0,0.0,0.2555,0.1,351.42,1.00995,-9.04583,-0.72196,0.00033,-0.90385
5124.33,index_price,1554634745053,open,0.0,233.8,0.0,1.15e-06,0.00010454,110.0,0.0005,0,BTC-26APR19-2500-P,5124.33,0.0,0.0,0.0,0.4,11.4,500.0,0.05256,-0.15315,-0.00392,0.0,-0.00138
5170.28,BTC-27SEP19,1554634745051,open,0.04,0.0,0.00221456,0.13485965,0.04144545,83.88,None,0.0,BTC-27DEC19-14000-C,5124.33,62.98,0.0105,1.0,0.039,0.5,82.63,10.21105,-1.62294,4.02579,6e-05,0.14915
5170.28,BTC-27SEP19,1554634745055,open,0.07,94.8,0.04699767,0.09905724,0.06942057,65.54,0.086,0.0,BTC-27SEP19-4000-P,5124.33,63.57,0.0655,14.4,0.0735,14.4,67.57,10.35332,-1.96258,-6.92712,0.00012,-0.21346
5124.33,index_price,1554634745053,open,0.01,85.0,0.00215839,0.01304028,0.01003644,73.51,0.01,0,BTC-26APR19-4250-P,5124.33,68.68,0.008,30.0,0.012,30.0,77.82,2.25569,-4.39257,-0.33017,0.00023,-0.11456
5170.28,BTC-27SEP19,1554634745049,open,0.34,0.0,0.27292142,0.50568704,0.33574261,68.56,None,0.0,BTC-27DEC19-6000-P,5124.33,56.99,0.2965,3.0,0.358,0.1,75.14,17.52642,-2.27693,-30.69938,0.00013,-0.48557
5124.33,index_price,1554634745053,open,0.0,1118.2,2e-08,6.476e-05,0.00110023,110.0,0.0005,0,BTC-26APR19-3000-P,5124.33,0.0,0.0,0.0,0.005,11.0,142.26,0.35731,-1.04115,-0.03405,2e-05,-0.01175
5124.33,index_price,1554634745055,open,0.03,1023.9,0.01914438,0.04407172,0.0344119,68.74,0.0305,0,BTC-26APR19-5500-C,5124.33,65.28,0.0315,24.0,0.0375,24.0,72.37,4.33416,-7.89156,0.847,0.00046,0.35403
5170.28,BTC-27SEP19,1554634745053,open,1.75,0.0,1.70999828,1.84264337,1.74937058,83.95,None,0.0,BTC-27DEC19-14000-P,5124.33,0.0,0.0,0.0,0.0,0.0,0.0,10.22692,-1.62685,-97.17911,6e-05,-0.8505
5170.2,BTC-27SEP19,1554634745066,open,0.21,33.5,0.14960906,0.36736822,0.20942402,68.56,0.2195,0.0,BTC-27DEC19-5000-P,5124.33,60.01,0.182,3.0,0.25,2.0,81.37,16.50214,-2.14367,-21.418,0.00012,-0.36359
173.06,ETH-28JUN19,1554634745080,open,0.08,488.0,0.045937,0.145225,0.074297,76.55,0.086,0.0,ETH-28JUN19-210-C,167.73,74.12,0.07,48.0,0.08,48.0,79.75,0.30731,-0.14366,0.1118,0.00598,0.36229
5170.28,BTC-27SEP19,1554634745089,open,0.24,290.4,0.21206016,0.2739061,0.23698653,64.53,0.2465,0.0,BTC-27SEP19-4500-C,5124.33,61.59,0.23,3.7,0.242,13.8,66.64,12.30444,-2.29661,11.42576,0.00015,0.70357
174.99,ETH-27SEP19,1554634745105,open,0.16,122.0,0.117347,0.27743,0.159869,76.96,0.17,0.0,ETH-27SEP19-160-P,167.73,73.02,0.15,48.0,0.172,48.0,81.82,0.43728,-0.09734,-0.40781,0.00392,-0.33218
173.06,ETH-28JUN19,1554634745114,open,1.89,0.0,1.889182,1.897941,1.894145,105.35,None,0.0,ETH-28JUN19-500-P,167.73,0.0,0.001,20.0,0.0,0.0,0.0,0.05618,-0.03614,-1.11177,0.00079,-0.96974
173.06,ETH-28JUN19,1554634745233,open,0.29,0.0,0.259389,0.358677,0.287749,76.55,None,0.0,ETH-28JUN19-210-P,167.73,0.0,0.001,10.0,0.0,0.0,0.0,0.30731,-0.14366,-0.35926,0.00598,-0.63771
173.07,ETH-28JUN19,1554634745387,open,0.06,620.0,0.035381,0.130721,0.062824,77.21,0.061,0.0,ETH-28JUN19-220-C,167.73,74.93,0.059,48.0,0.068,48.0,80.25,0.29236,-0.13785,0.09907,0.00564,0.318
174.99,ETH-27SEP19,1554634745453,open,0.16,462.0,0.112746,0.289254,0.157954,76.5,0.166,0.0,ETH-27SEP19-200-C,167.73,72.14,0.146,36.0,0.168,36.0,80.16,0.48042,-0.10629,0.28663,0.00433,0.50379
173.07,ETH-28JUN19,1554634745540,open,0.33,0.0,0.306543,0.401883,0.334059,77.25,None,0.0,ETH-28JUN19-220-P,167.73,0.0,0.001,10.0,0.0,0.0,0.0,0.29243,-0.13796,-0.39439,0.00563,-0.68183
173.07,ETH-28JUN19,1554634745553,open,0.01,1901.0,0.002189,0.033238,0.009528,80.3,0.01,0.0,ETH-28JUN19-100-P,167.73,74.84,0.007,60.0,0.012,60.0,84.99,0.08628,-0.04231,-0.02361,0.0016,-0.05129
173.07,ETH-28JUN19,1554634745562,open,0.0,1616.0,0.000193,0.012745,0.003513,88.1,0.001,0.0,ETH-28JUN19-80-P,167.73,72.65,0.001,2059.0,0.006,60.0,97.38,0.03934,-0.02116,-0.00905,0.00066,-0.01979
174.99,ETH-27SEP19,1554634745589,open,0.3,1.0,0.255668,0.432176,0.300941,76.52,0.247,0.0,ETH-27SEP19-200-P,167.73,0.0,0.0,0.0,0.338,1.0,90.04,0.48042,-0.10633,-0.66064,0.00433,-0.49615
174.99,ETH-27SEP19,1554634745727,open,0.13,454.0,0.08312,0.259465,0.12696,76.51,0.143,0.0,ETH-27SEP19-220-C,167.73,72.45,0.116,36.0,0.138,36.0,80.58,0.47344,-0.10477,0.25278,0.00427,0.43195
173.07,ETH-28JUN19,1554634745843,open,0.01,1839.0,0.000742,0.021469,0.005562,82.93,0.009,0.0,ETH-28JUN19-90-P,167.73,73.93,0.003,60.0,0.008,60.0,89.52,0.05787,-0.02931,-0.01434,0.00104,-0.03136
173.07,ETH-28JUN19,1554634745851,open,0.02,1213.0,0.00529,0.048229,0.015484,78.04,0.032,0.0,ETH-28JUN19-110-P,167.73,74.35,0.013,60.0,0.018,60.0,81.53,0.12085,-0.0576,-0.03673,0.0023,-0.07913
173.07,ETH-28JUN19,1554634745988,open,0.11,542.0,0.07589,0.179434,0.104965,75.53,0.111,0.0,ETH-28JUN19-190-C,167.73,72.89,0.1,36.0,0.11,36.0,78.2,0.32591,-0.15032,0.14067,0.00642,0.46731
167.73,index_price,1554634745998,open,0.01,0.0,0.000979,0.024714,0.008052,91.74,None,0.2,ETH-19APR19-210-C,167.73,77.66,0.004,100.0,0.012,100.0,102.48,0.05622,-0.22636,0.00547,0.0067,0.10821
173.07,ETH-28JUN19,1554634746009,open,0.33,26.0,0.317598,0.373141,0.331341,76.86,0.191,0.0,ETH-28JUN19-120-C,167.73,0.0,0.001,10.0,0.0,0.0,0.0,0.16146,-0.07578,0.21401,0.00313,0.88259
5169.92,BTC-27SEP19,1554634746051,open,0.08,1247.5,0.05006487,0.11473444,0.07527712,64.63,0.073,0.0,BTC-27SEP19-7000-C,5123.93,63.51,0.0725,17.7,0.0795,14.4,66.33,12.77585,-2.38832,6.06978,0.00016,0.32316
5123.93,index_price,1554634746051,open,0.01,921.5,0.00052214,0.00639834,0.00520613,76.04,0.0045,0,BTC-26APR19-4000-P,5123.93,69.5,0.0035,30.0,0.0065,10.0,80.32,1.46782,-2.95672,-0.18459,0.00014,-0.06446
5145.66,BTC-28JUN19,1554634746076,open,0.0,703.5,1.09e-06,0.00026354,0.0043604,109.99,0.002,0.0,BTC-28JUN19-2000-P,5123.93,87.68,0.001,14.0,0.192,31.5,406.77,1.13049,-0.75935,-0.26982,2e-05,-0.01902
5145.66,BTC-28JUN19,1554634746080,open,0.0,703.5,1.09e-06,0.00026354,0.0043604,109.99,0.002,0.0,BTC-28JUN19-2000-P,5123.93,87.68,0.001,14.0,0.1925,34.5,407.53,1.13049,-0.75935,-0.26982,2e-05,-0.01902
5169.92,BTC-27SEP19,1554634746095,open,0.21,33.5,0.14963804,0.36740402,0.20940316,68.54,0.2195,0.0,BTC-27DEC19-5000-P,5123.93,60.0,0.182,4.0,0.25,2.0,81.36,16.5021,-2.14316,-21.41815,0.00012,-0.36365
5145.66,BTC-28JUN19,1554634746103,open,0.04,1353.1,0.01252515,0.04381468,0.03449878,68.53,0.034,0.0,BTC-28JUN19-7000-C,5123.93,66.71,0.032,24.4,0.037,2.0,70.32,7.1398,-2.9882,2.09479,0.00018,0.21598
167.73,index_price,1554634746109,open,0.01,489.0,0.001165,0.018764,0.009923,102.59,0.01,0.2,ETH-12APR19-190-C,167.73,95.66,0.008,80.0,0.012,80.0,109.56,0.04833,-0.52281,0.0035,0.01254,0.16611
174.99,ETH-27SEP19,1554634746114,open,0.47,1.0,0.432543,0.604973,0.473696,76.54,0.783,0.0,ETH-27SEP19-240-P,167.73,0.0,0.001,10.0,0.51,1.0,90.25,0.45403,-0.10052,-0.91614,0.00409,-0.63168
167.73,index_price,1554634746118,open,0.01,535.0,0.000152,0.010088,0.004965,107.21,0.005,0.2,ETH-12APR19-200-C,167.73,95.51,0.003,100.0,0.007,100.0,117.13,0.03166,-0.35595,0.00192,0.00786,0.09069
173.07,ETH-28JUN19,1554634746133,open,0.2,476.0,0.173712,0.277255,0.20285,75.56,0.18,0.0,ETH-28JUN19-190-P,167.73,72.98,0.198,36.0,0.21,36.0,79.36,0.32592,-0.15039,-0.28553,0.00642,-0.53261
167.73,index_price,1554634746140,open,0.41,111.0,0.405394,0.405402,0.405395,110.0,0.399,0.2,ETH-12APR19-100-C,167.73,0.0,0.001,100.0,0.0,0.0,0.0,1e-05,-0.0548,0.01332,0.0,0.99998
167.73,index_price,1554634746144,open,0.25,0.0,0.244871,0.268605,0.251943,91.74,None,0.2,ETH-19APR19-210-P,167.73,0.0,0.0,0.0,0.0,0.0,0.0,0.05622,-0.11204,-0.06242,0.0067,-0.89179
173.07,ETH-28JUN19,1554634746159,open,0.03,293.0,0.010959,0.066502,0.024742,76.9,0.028,0.0,ETH-28JUN19-120-P,167.73,73.9,0.022,60.0,0.028,60.0,80.32,0.16155,-0.07586,-0.05522,0.00313,-0.1175
167.73,index_price,1554634746159,open,0.29,0.0,0.289225,0.295577,0.292104,110.0,None,0.2,ETH-19APR19-120-C,167.73,0.0,0.0,0.0,0.0,0.0,0.0,0.02305,-0.16865,0.03675,0.00229,0.9656
167.73,index_price,1554634746164,open,0.0,178.0,1.4e-05,0.005161,0.00231,109.98,0.004,0.2,ETH-12APR19-210-C,167.73,95.31,0.001,100.0,0.004,200.0,122.82,0.01875,-0.21544,0.00098,0.00454,0.04613
5123.93,index_price,1554634746192,open,0.05,91.1,0.03767024,0.06683283,0.04933459,76.49,0.046,0,BTC-12APR19-5250-P,5123.93,69.04,0.046,18.0,0.05,0.4,77.98,2.30052,-18.04645,-0.43844,0.00086,-0.59123
5123.93,index_price,1554634746193,open,0.07,178.6,0.05464885,0.07957075,0.06498006,79.02,0.062,0,BTC-12APR19-4875-C,5123.93,75.17,0.0635,6.4,0.0675,0.4,85.46,1.98403,-16.07753,0.4502,0.00072,0.72273
167.73,index_price,1554634746212,open,0.14,1.0,0.130915,0.148515,0.139674,102.59,0.167,0.2,ETH-12APR19-190-P,167.73,74.6,0.133,20.0,0.142,20.0,110.36,0.04833,-0.41898,-0.02181,0.01254,-0.83389
167.73,index_price,1554634746227,open,0.0,729.0,1e-06,0.002525,0.000907,110.0,0.002,0.2,ETH-12APR19-220-C,167.73,0.0,0.0,0.0,0.003,200.0,134.24,0.00948,-0.10866,0.00043,0.00229,0.02022
174.99,ETH-27SEP19,1554634746242,open,0.08,650.0,0.044722,0.21069,0.08225,76.52,0.09,0.0,ETH-27SEP19-260-C,167.73,73.51,0.075,48.0,0.094,48.0,81.27,0.42638,-0.09436,0.19087,0.00384,0.31255
167.73,index_price,1554634746248,open,0.0,100.0,0.0,8e-06,0.0,110.0,0.001,0.2,ETH-12APR19-100-P,167.73,0.0,0.0,0.0,0.0,0.0,0.0,1e-05,-8e-05,0.0,0.0,-2e-05
167.73,index_price,1554634746267,open,0.01,120.0,0.000292,0.017257,0.004877,93.87,0.007,0.2,ETH-19APR19-220-C,167.73,79.0,0.002,100.0,0.008,132.0,105.2,0.04042,-0.1657,0.00353,0.0047,0.06956
173.07,ETH-28JUN19,1554634746277,open,0.09,1121.0,0.05928,0.161423,0.088198,75.98,0.1,0.0,ETH-28JUN19-200-C,167.73,73.15,0.083,48.0,0.094,48.0,79.12,0.31905,-0.14803,0.12577,0.00625,0.41216
173.07,ETH-28JUN19,1554634746309,open,0.29,327.0,0.268977,0.336883,0.286077,75.78,0.285,0.0,ETH-28JUN19-130-C,167.73,0.0,0.14,50.0,0.7,1.0,396.15,0.20295,-0.09393,0.21336,0.00399,0.83565
167.73,index_price,1554634746351,open,0.35,0.0,0.345934,0.346018,0.345945,110.0,None,0.2,ETH-12APR19-110-C,167.73,0.0,0.001,100.0,0.0,0.0,0.0,0.00024,-0.06275,0.01465,6e-05,0.99967
173.07,ETH-28JUN19,1554634746415,open,0.24,430.0,0.214881,0.317024,0.243867,76.01,0.245,0.0,ETH-28JUN19-200-P,167.73,0.0,0.001,10.0,0.0,0.0,0.0,0.31907,-0.14811,-0.32285,0.00625,-0.58773
167.73,index_price,1554634746444,open,0.0,150.0,0.0,8.5e-05,1.1e-05,110.0,0.001,0.2,ETH-12APR19-110-P,167.73,0.0,0.0,0.0,0.002,200.0,193.53,0.00024,-0.00189,-1e-05,6e-05,-0.00033
174.99,ETH-27SEP19,1554634746455,open,0.04,0.0,0.009497,0.131072,0.03672,81.5,None,0.0,ETH-27SEP19-360-C,167.73,77.27,0.03,48.0,0.043,48.0,85.17,0.28977,-0.06831,0.09994,0.00245,0.1573
167.73,index_price,1554634746461,open,0.24,0.0,0.230219,0.243631,0.235872,103.11,None,0.2,ETH-19APR19-130-C,167.73,0.0,0.0,0.0,0.0,0.0,0.0,0.0393,-0.23467,0.03804,0.00416,0.93294
173.07,ETH-28JUN19,1554634746466,open,0.04,1162.0,0.020118,0.088025,0.037262,75.82,0.041,0.0,ETH-28JUN19-130-P,167.73,73.01,0.034,48.0,0.041,48.0,78.97,0.20301,-0.094,-0.0783,0.00399,-0.16442
167.73,index_price,1554634746519,open,0.3,0.0,0.303416,0.320382,0.308002,93.87,None,0.2,ETH-19APR19-220-P,167.73,0.0,0.0,0.0,0.0,0.0,0.0,0.04042,-0.04593,-0.06759,0.0047,-0.93044
167.73,index_price,1554634746544,open,0.29,88.0,0.286473,0.287015,0.286605,110.0,0.315,0.2,ETH-12APR19-120-C,167.73,0.0,0.001,100.0,0.381,1.0,500.0,0.00192,-0.08694,0.01591,0.00046,0.99672
173.07,ETH-28JUN19,1554634746562,open,0.03,59.0,0.006674,0.070134,0.027379,83.91,0.022,0.0,ETH-28JUN19-280-C,167.73,80.84,0.024,48.0,0.03,48.0,86.18,0.19598,-0.10042,0.04985,0.00348,0.15579
173.07,ETH-28JUN19,1554634746574,open,0.43,0.0,0.407344,0.492727,0.433434,79.53,None,0.0,ETH-28JUN19-240-P,167.73,0.0,0.001,10.0,0.0,0.0,0.0,0.25956,-0.12606,-0.46008,0.00486,-0.75165
173.07,ETH-28JUN19,1554634746619,open,0.25,399.0,0.224627,0.303775,0.245105,75.24,0.242,0.0,ETH-28JUN19-140-C,167.73,71.56,0.24,12.0,0.25,12.0,78.7,0.2425,-0.11142,0.20778,0.0048,0.78032
167.73,index_price,1554634746621,open,0.01,2.0,0.000247,0.013659,0.0059,103.11,0.011,0.2,ETH-19APR19-130-P,167.73,81.93,0.002,100.0,0.01,100.0,118.48,0.0393,-0.1639,-0.00398,0.00416,-0.06706
167.73,index_price,1554634746650,open,0.0,650.0,0.0,0.000542,0.000132,110.0,0.001,0.2,ETH-12APR19-120-P,167.73,0.0,0.0,0.0,0.003,100.0,171.18,0.00192,-0.02136,-8e-05,0.00046,-0.00328
174.99,ETH-27SEP19,1554634746721,open,0.66,0.0,0.65748,0.681341,0.663738,91.81,None,0.0,ETH-27SEP19-60-C,167.73,0.0,0.0,0.0,0.0,0.0,0.0,0.06374,-0.01693,0.26028,0.00048,0.97778
173.07,ETH-28JUN19,1554634746729,open,0.65,0.0,0.624516,0.687977,0.645315,83.99,None,0.0,ETH-28JUN19-280-P,167.73,0.0,0.0,0.0,0.0,0.0,0.0,0.19625,-0.10066,-0.57814,0.00348,-0.84388
173.07,ETH-28JUN19,1554634746733,open,0.04,600.0,0.011808,0.086126,0.035319,81.68,0.043,0.0,ETH-28JUN19-260-C,167.73,79.1,0.032,48.0,0.038,48.0,83.71,0.2262,-0.11284,0.06211,0.00412,0.19529
167.73,index_price,1554634746748,open,0.23,1.0,0.227014,0.229344,0.227898,110.0,0.164,0.2,ETH-12APR19-130-C,167.73,0.0,0.001,100.0,0.31,1.0,430.88,0.00873,-0.16772,0.01689,0.00211,0.98164
173.07,ETH-28JUN19,1554634746772,open,0.05,1638.0,0.033548,0.112696,0.054073,75.27,0.057,0.0,ETH-28JUN19-140-P,167.73,73.07,0.051,48.0,0.058,48.0,78.05,0.24254,-0.11148,-0.1063,0.0048,-0.21974
167.73,index_price,1554634746774,open,0.18,43.0,0.172412,0.196376,0.181188,93.9,0.176,0.2,ETH-19APR19-140-C,167.73,84.27,0.178,20.0,0.19,20.0,116.01,0.05946,-0.29957,0.0383,0.00692,0.88298
167.73,index_price,1554634746850,open,0.0,556.0,1e-06,0.002331,0.000885,110.0,0.003,0.2,ETH-12APR19-130-P,167.73,112.12,0.001,150.0,0.004,200.0,145.31,0.00873,-0.09667,-0.00043,0.00211,-0.01836
174.99,ETH-27SEP19,1554634746860,open,0.01,120.0,0.000356,0.024218,0.006634,91.87,0.01,0.0,ETH-27SEP19-60-P,167.73,74.74,0.002,60.0,0.011,60.0,102.25,0.06384,-0.01696,-0.02395,0.00048,-0.02226
173.07,ETH-28JUN19,1554634746891,open,0.54,0.0,0.51409,0.588409,0.537688,81.75,None,0.0,ETH-28JUN19-260-P,167.73,0.0,0.0,0.0,0.0,0.0,0.0,0.2264,-0.11303,-0.52104,0.00412,-0.80443
174.99,ETH-27SEP19,1554634746913,open,0.03,21.0,0.007006,0.120012,0.036851,85.48,0.044,0.0,ETH-27SEP19-380-C,167.73,84.96,0.036,200.0,0.038,60.0,86.18,0.28442,-0.07032,0.0962,0.00229,0.15293
173.07,ETH-28JUN19,1554634746920,open,0.02,10.0,0.003738,0.057255,0.022245,86.66,0.018,0.0,ETH-28JUN19-300-C,167.73,83.27,0.019,60.0,0.025,60.0,89.37,0.17173,-0.09089,0.04113,0.00295,0.1282
167.73,index_price,1554634746952,open,0.17,713.0,0.167632,0.174911,0.171409,109.94,0.163,0.2,ETH-12APR19-140-C,167.73,99.34,0.17,20.0,0.178,20.0,144.39,0.02486,-0.35034,0.01709,0.00602,0.93406
174.99,ETH-27SEP19,1554634746976,open,0.56,0.0,0.545902,0.59704,0.558914,84.96,None,0.0,ETH-27SEP19-80-C,167.73,0.0,0.0,0.0,0.0,0.0,0.0,0.12706,-0.03122,0.32294,0.00103,0.94855
5169.99,BTC-27SEP19,1554634747048,open,0.33,0.0,0.30824351,0.35430418,0.32862595,66.08,None,0.0,BTC-27SEP19-3750-C,5122.39,0.0,0.0,0.0,0.0,0.0,0.0,9.18089,-1.75454,12.14783,0.00011,0.82472
5145.54,BTC-28JUN19,1554634747048,open,0.3,30.0,0.27671544,0.29670047,0.29674598,70.05,0.298,0.0,BTC-28JUN19-3750-C,5122.39,41.47,0.275,5.0,0.3205,5.0,91.28,5.19529,-2.2223,6.59987,0.00012,0.86854
5169.99,BTC-27SEP19,1554634747048,open,0.4,0.0,0.38613013,0.41887968,0.40155327,67.48,None,0.0,BTC-27SEP19-3250-C,5122.39,0.0,0.0,0.0,0.0,0.0,0.0,6.64721,-1.29734,11.98463,8e-05,0.89099
5169.99,BTC-27SEP19,1554634747048,open,0.13,5.0,0.1044206,0.16986938,0.13098104,64.53,0.1625,0.0,BTC-27SEP19-4750-P,5122.39,62.16,0.125,14.4,0.133,5.0,65.33,13.03502,-2.43289,-11.52947,0.00016,-0.33986
5169.99,BTC-27SEP19,1554634747048,open,0.05,10.3,0.0335834,0.07964408,0.05391955,66.05,0.061,0.0,BTC-27SEP19-3750-P,5122.39,63.82,0.05,14.4,0.058,14.4,68.33,9.17926,-1.75353,-5.61104,0.00011,-0.17523
5169.99,BTC-27SEP19,1554634747048,open,0.03,10.1,0.01475804,0.04750759,0.03014484,67.45,0.033,0.0,BTC-27SEP19-3250-P,5122.39,64.96,0.027,18.0,0.0335,18.0,70.02,6.64458,-1.29628,-3.40605,8e-05,-0.10895
5145.54,BTC-28JUN19,1554634747048,open,0.22,2.5,0.19352876,0.22642895,0.22327231,67.79,0.166,0.0,BTC-28JUN19-4250-C,5122.39,53.99,0.2045,5.0,0.42,6.0,196.15,7.30522,-3.02414,6.37057,0.00018,0.7752
5145.54,BTC-28JUN19,1554634747048,open,0.08,22.8,0.04882361,0.09179515,0.08509289,66.14,0.075,0.0,BTC-28JUN19-4750-P,5122.39,64.07,0.0815,14.4,0.088,8.5,67.82,8.9314,-3.60759,-4.90868,0.00023,-0.34018
5145.54,BTC-28JUN19,1554634747048,open,0.01,58.1,0.00093354,0.00986928,0.01187467,73.39,0.0115,0.0,BTC-28JUN19-3250-P,5122.39,70.23,0.01,18.0,0.014,18.0,76.7,3.17653,-1.42356,-0.91454,7e-05,-0.06736
5169.99,BTC-27SEP19,1554634747048,open,0.09,7.6,0.06328816,0.12065614,0.08683043,64.84,0.0885,0.0,BTC-27SEP19-4250-P,5122.39,62.87,0.0825,14.4,0.0925,14.4,67.41,11.39961,-2.13789,-8.34365,0.00014,-0.25391
5145.54,BTC-28JUN19,1554634747048,open,0.16,38.0,0.12569407,0.16866561,0.16205842,66.2,0.149,0.0,BTC-28JUN19-4750-C,5122.39,63.57,0.1575,10.8,0.167,15.8,69.04,8.9317,-3.6107,5.74493,0.00023,0.65979
5169.99,BTC-27SEP19,1554634747049,open,0.21,6.8,0.18565673,0.25110552,0.21225449,64.55,0.19,0.0,BTC-27SEP19-4750-C,5122.39,61.47,0.2045,3.0,0.2165,13.8,66.23,13.03498,-2.43344,10.9672,0.00016,0.66014
5145.54,BTC-28JUN19,1554634747049,open,0.38,0.1,0.36931859,0.37825433,0.38033459,73.51,0.395,0.0,BTC-28JUN19-3250-C,5122.39,0.0,0.3555,5.0,0.408,5.0,107.45,3.18552,-1.42995,6.37205,7e-05,0.93239
5169.99,BTC-27SEP19,1554634747048,open,0.48,0.0,0.42224544,0.65431993,0.48111628,68.53,None,0.0,BTC-27DEC19-7000-P,5122.39,0.0,0.0,0.0,0.0,0.0,0.0,17.08407,-2.21839,-40.05172,0.00013,-0.59046
5122.39,index_price,1554634747048,open,0.3,0.0,0.29340698,0.30548087,0.29672178,85.11,None,0,BTC-19APR19-6625-P,5122.39,0.0,0.0,0.0,0.0,0.0,0.0,1.02678,-3.67925,-2.06961,0.00014,-0.94507
5122.39,index_price,1554634747048,open,0.37,0.0,0.36553054,0.36553891,0.365775,154.48,None,0,BTC-12APR19-3250-C,5122.39,0.0,0.001,20.0,0.0,0.0,0.0,0.07291,-1.15501,0.43111,1e-05,0.99582
5122.39,index_price,1554634747048,open,0.34,0.0,0.34112787,0.34115284,0.3413912,143.94,None,0,BTC-12APR19-3375-C,5122.39,0.0,0.001,20.0,0.0,0.0,0.0,0.0823,-1.21483,0.44738,2e-05,0.99522
5169.99,BTC-27SEP19,1554634747048,open,0.72,0.0,0.70998131,0.73737916,0.71452833,79.68,None,0.0,BTC-27DEC19-1500-C,5122.39,0.0,0.0,0.0,0.0,0.0,0.0,1.68272,-0.25407,10.10217,1e-05,0.98481
5169.99,BTC-27SEP19,1554634747048,open,0.41,0.0,0.34496764,0.57891515,0.40638643,68.53,None,0.0,BTC-27DEC19-6500-P,5122.39,0.0,0.0,0.0,0.0,0.0,0.0,17.44676,-2.26558,-35.38864,0.00013,-0.54043
5169.99,BTC-27SEP19,1554634747048,open,0.27,17.1,0.20743125,0.43510178,0.26977494,68.54,0.2345,0.0,BTC-27DEC19-5500-P,5122.39,57.42,0.2325,3.0,0.0,0.0,0.0,17.23867,-2.23886,-26.02529,0.00013,-0.42653
5122.39,index_price,1554634747048,open,0.14,0.0,0.13223851,0.15313834,0.14428829,68.3,None,0,BTC-26APR19-5750-P,5122.39,0.0,0.0,0.0,0.0,0.0,0.0,3.72158,-6.73296,-2.36222,0.0004,-0.74745
5169.99,BTC-27SEP19,1554634747048,open,1.18,0.0,1.13690569,1.312045,1.18504851,77.22,None,0.0,BTC-27DEC19-11000-P,5122.39,0.0,0.0,0.0,0.0,0.0,0.0,12.51186,-1.83062,-73.98401,8e-05,-0.79439
5169.99,BTC-27SEP19,1554634747048,open,0.64,0.0,0.58864,0.81075861,0.64026676,68.52,None,0.0,BTC-27DEC19-8000-P,5122.39,0.0,0.0,0.0,0.0,0.0,0.0,15.79069,-2.05024,-49.21691,0.00012,-0.67653
5122.39,index_price,1554634747048,open,0.29,0.0,0.29334164,0.29486267,0.29398584,101.06,None,0,BTC-12APR19-6625-P,5122.39,0.0,0.0,0.0,0.0,0.0,0.0,0.23729,-2.4593,-0.87445,7e-05,-0.98398
5122.39,index_price,1554634747049,open,0.25,18.2,0.24351719,0.2442643,0.24434592,116.79,0.246,0,BTC-12APR19-3875-C,5122.39,0.0,0.002,1.0,0.0,0.0,0.0,0.24178,-2.89566,0.50585,6e-05,0.98362
5122.39,index_price,1554634747048,open,0.04,61.6,0.02280309,0.052745,0.03510461,76.69,0.0365,0,BTC-12APR19-5125-C,5122.39,74.29,0.034,18.0,0.038,0.5,82.98,2.36011,-18.56146,0.32863,0.00088,0.51538
5122.39,index_price,1554634747048,open,0.23,0.0,0.22216341,0.23405977,0.22949354,71.04,None,0,BTC-26APR19-6250-P,5122.39,0.0,0.0,0.0,0.0,0.0,0.0,2.39676,-4.51027,-2.92604,0.00025,-0.87509
5169.99,BTC-27SEP19,1554634747048,open,0.55,0.0,0.52163906,0.60872095,0.54504377,76.18,None,0.0,BTC-27DEC19-2500-C,5122.39,0.0,0.0,0.0,0.0,0.0,0.0,6.16874,-0.8905,14.23308,4e-05,0.92585
5169.99,BTC-27SEP19,1554634747048,open,0.34,35.0,0.28825937,0.46897585,0.33522023,68.56,0.3285,0.0,BTC-27DEC19-4000-C,5122.39,56.76,0.305,3.0,0.3505,3.0,74.42,13.41904,-1.74318,16.16821,0.0001,0.7678
