underlying_price,underlying_index,timestamp,state,settlement_price,open_interest,min_price,max_price,mark_price,mark_iv,last_price,interest_rate,instrument_name,index_price,bid_iv,best_bid_price,best_bid_amount,best_ask_price,best_ask_amount,ask_iv,vega,theta,rho,gamma,delta
13273.69,BTC-27DEC19,1561546739985,open,0.26,13.5,0.207,0.307,0.256889,97.2,0.259,0.0,BTC-27DEC19-13000-P,12657.31,96.48,0.255,1.0,0.2655,9.9,100.47,35.03142,-9.25905,-40.83444,4e-05,-0.35378
12800.64,SYN.BTC-26JUL19,1561546739984,open,0.05,116.6,0.023,0.1025,0.06294027,106.62,0.062,0.0,BTC-26JUL19-15000-C,12657.31,108.08,0.0645,10.0,0.071,19.3,114.11,13.65723,-24.36974,3.07792,0.0001,0.35671
13273.69,BTC-27DEC19,1561546740016,open,0.22,38.7,0.1635,0.26,0.2115883,97.21,0.21,0.0,BTC-27DEC19-12000-P,12657.31,96.57,0.21,1.0,0.2155,5.0,98.77,33.31414,-8.80582,-34.98822,4e-05,-0.31165
13273.69,BTC-27DEC19,1561546740029,open,0.26,13.5,0.207,0.307,0.256889,97.2,0.259,0.0,BTC-27DEC19-13000-P,12657.31,96.29,0.2545,1.0,0.2655,9.9,100.47,35.03142,-9.25905,-40.83444,4e-05,-0.35378
12705.75,SYN.BTC-5JUL19,1561546740017,open,0.15,6.0,0.096,0.187,0.14159652,123.62,0.1425,0.0,BTC-5JUL19-14000-P,12657.31,109.26,0.1335,18.0,0.1435,18.0,126.94,7.27665,-50.67601,-2.47023,0.00015,-0.65792
13085.02,BTC-27SEP19,1561546740044,open,0.02,0.0,0.0005,0.065,0.02534305,117.03,None,0.0,BTC-27SEP19-32000-C,12657.31,113.41,0.022,7.0,0.03,6.0,121.7,12.51644,-7.88594,2.86202,2e-05,0.1113
13273.69,BTC-27DEC19,1561546740046,open,0.26,170.8,0.238,0.3175,0.27783474,97.32,0.2755,0.0,BTC-27DEC19-13000-C,12657.31,96.44,0.2755,5.0,0.287,3.6,100.8,35.02614,-9.26945,24.64365,4e-05,0.64637
13277.6,BTC-27DEC19,1561546740048,open,0.33,406.6,0.3015,0.381,0.34141523,97.28,0.336,0.0,BTC-27DEC19-11000-C,12657.31,96.46,0.3395,1.0,0.348,3.6,100.1,31.06496,-8.21773,26.10151,4e-05,0.73164
12800.64,SYN.BTC-26JUL19,1561546740065,open,0.13,92.4,0.106,0.1855,0.14550983,101.19,0.1385,0.0,BTC-26JUL19-12000-C,12657.31,108.67,0.1535,1.0,0.158,20.4,112.88,13.65435,-23.12404,5.21777,0.0001,0.64351
12673.98,BTC-28JUN19,1561546740076,open,0.12,891.8,0.0945,0.174,0.13407608,124.58,0.1335,0.0,BTC-28JUN19-11000-C,12657.31,107.3,0.133,1.0,0.138,6.0,162.78,0.95877,-31.83919,0.53046,9e-05,0.94854
12800.64,SYN.BTC-26JUL19,1561546740081,open,0.06,129.8,0.016,0.1005,0.0582137,109.16,0.0505,0.0,BTC-26JUL19-11000-P,12657.31,104.06,0.0535,1.0,0.0575,5.0,108.39,11.8924,-21.72573,-3.34006,8e-05,-0.26057
13085.02,BTC-27SEP19,1561546740096,open,0.23,613.4,0.196,0.2755,0.23550545,100.24,0.2385,0.0,BTC-27SEP19-12000-C,12657.31,97.51,0.2305,0.8,0.2435,3.6,104.58,24.0685,-12.98841,14.27396,6e-05,0.66422
12670.07,BTC-28JUN19,1561546740077,open,0.07,55.3,0.042,0.1215,0.08194707,123.42,0.071,0.0,BTC-28JUN19-11750-C,12657.31,107.16,0.079,1.0,0.085,16.0,138.75,2.42477,-79.77591,0.47726,0.00024,0.81496
13273.69,BTC-27DEC19,1561546740105,open,2.72,0.0,2.5065,2.7985,2.65256021,115.26,None,0.0,BTC-27DEC19-48000-P,12657.31,0.0,0.0,0.0,0.0,0.0,0.0,19.13015,-5.99584,-236.04542,2e-05,-0.87742
12673.98,BTC-28JUN19,1561546740105,open,0.09,356.5,0.0585,0.138,0.09834961,122.98,0.0985,0.0,BTC-28JUN19-11500-C,12657.31,113.33,0.097,1.0,0.102,16.0,145.34,1.87822,-61.57343,0.50533,0.00019,0.87424
13273.69,BTC-27DEC19,1561546740119,open,0.43,0.0,0.358,0.4705,0.41408269,98.31,0.4925,0.0,BTC-27DEC19-16000-P,12657.31,95.73,0.4065,3.6,0.4245,3.6,102.11,37.46166,-10.01441,-58.94106,4e-05,-0.46766
13085.02,BTC-27SEP19,1561546740121,open,0.16,16.8,0.1065,0.1985,0.15258467,100.23,0.161,0.0,BTC-27SEP19-12000-P,12657.31,97.74,0.148,12.1,0.157,5.0,102.64,24.06859,-12.98703,-16.25995,6e-05,-0.33578
13273.69,BTC-27DEC19,1561546740131,open,0.68,1.5,0.5905,0.7225,0.65625475,100.62,0.766,0.0,BTC-27DEC19-20000-P,12657.31,97.23,0.6465,3.6,0.6665,3.6,104.46,36.71132,-10.04478,-83.03115,4e-05,-0.58586
13081.11,BTC-27SEP19,1561546740135,open,0.12,103.3,0.0905,0.17,0.13041569,101.89,0.13,0.0,BTC-27SEP19-16000-C,12657.31,100.38,0.1275,16.4,0.1335,0.5,103.39,26.08599,-14.30894,10.51239,6e-05,0.44634
13081.11,BTC-27SEP19,1561546740136,open,0.77,0.2,0.6735,0.8125,0.74312349,107.12,1.391,0.0,BTC-27SEP19-22000-P,12657.31,0.0,0.0035,10.0,0.0,0.0,0.0,20.72088,-11.9498,-49.88218,4e-05,-0.7555
13273.69,BTC-27DEC19,1561546740151,open,1.52,0.3,1.3815,1.5795,1.48057266,107.57,2.435,0.0,BTC-27DEC19-32000-P,12657.31,0.0,0.0,0.0,0.0,0.0,0.0,27.92573,-8.1684,-151.13397,3e-05,-0.77959
12796.54,SYN.BTC-26JUL19,1561546740163,open,0.05,116.6,0.023,0.1025,0.06284876,106.62,0.062,0.0,BTC-26JUL19-15000-C,12657.31,108.17,0.0645,16.0,0.071,19.3,114.2,13.64767,-24.35318,3.07386,0.0001,0.35632
12796.54,SYN.BTC-26JUL19,1561546740169,open,0.05,116.6,0.023,0.1025,0.06284876,106.62,0.062,0.0,BTC-26JUL19-15000-C,12657.31,108.17,0.0645,16.0,0.071,25.3,114.2,13.64767,-24.35318,3.07386,0.0001,0.35632
13081.11,BTC-27SEP19,1561546740173,open,0.25,33.5,0.1945,0.2935,0.24403679,100.37,0.2405,0.0,BTC-27SEP19-14000-P,12657.31,97.47,0.238,3.6,0.253,3.6,104.98,26.13848,-14.12426,-23.18064,6e-05,-0.45261
13273.69,BTC-27DEC19,1561546740175,open,0.68,1.5,0.5905,0.7225,0.65625475,100.62,0.766,0.0,BTC-27DEC19-20000-P,12657.31,97.42,0.647,3.6,0.6665,3.6,104.46,36.71132,-10.04478,-83.03115,4e-05,-0.58586
13273.69,BTC-27DEC19,1561546740178,open,0.31,8.2,0.254,0.358,0.30609412,97.37,0.32,0.0,BTC-27DEC19-14000-P,12657.31,94.86,0.299,4.9,0.316,4.9,101.09,36.255,-9.59908,-46.81042,4e-05,-0.39417
12670.07,BTC-28JUN19,1561546740181,open,0.06,1130.2,0.027,0.1065,0.06672372,122.86,0.0575,0.0,BTC-28JUN19-12000-C,12657.31,116.52,0.0655,1.0,0.069,1.0,131.7,2.9124,-95.38004,0.44193,0.00029,0.74569
13273.69,BTC-27DEC19,1561546740183,open,0.81,0.0,0.7145,0.857,0.78582195,101.85,None,0.0,BTC-27DEC19-22000-P,12657.31,98.15,0.776,3.6,0.7955,3.6,105.45,35.50483,-9.83334,-94.8159,4e-05,-0.63212
12673.98,BTC-28JUN19,1561546740183,open,0.14,0.0,0.113,0.1925,0.15285003,124.66,None,0.0,BTC-28JUN19-10750-C,12657.31,0.0,0.1515,1.1,0.157,6.0,175.71,0.61083,-20.29761,0.53248,6e-05,0.97043
13277.6,BTC-27DEC19,1561546740185,open,0.13,117.2,0.087,0.177,0.13206485,97.27,0.14,0.0,BTC-27DEC19-10000-P,12657.31,96.07,0.1295,1.0,0.136,5.0,99.13,28.25505,-7.47341,-23.8743,3e-05,-0.22488
12705.75,SYN.BTC-5JUL19,1561546740188,open,0.09,32.4,0.044,0.1305,0.08735919,119.38,0.083,0.0,BTC-5JUL19-13000-P,12657.31,113.49,0.0835,1.0,0.0905,18.0,124.75,7.9008,-53.13498,-1.85098,0.00017,-0.51193
12673.98,BTC-28JUN19,1561546740205,open,0.03,320.1,0.002,0.0815,0.04171736,121.24,0.0355,0.0,BTC-28JUN19-12500-C,12657.31,120.45,0.0415,1.0,0.045,18.1,132.93,3.55103,-114.76913,0.35073,0.00035,0.58023
12705.75,SYN.BTC-5JUL19,1561546740214,open,0.19,1.0,0.1255,0.219,0.17219162,124.76,0.16,0.0,BTC-5JUL19-14500-P,12657.31,109.23,0.164,6.0,0.1735,6.0,127.79,6.67406,-46.90699,-2.75447,0.00014,-0.71961
12673.98,BTC-28JUN19,1561546740217,open,0.17,0.0,0.101,0.1925,0.14681983,124.36,None,0.0,BTC-28JUN19-14500-P,12657.31,0.0,0.1435,6.0,0.152,6.0,164.27,1.239,-41.0738,-0.70039,0.00012,-0.92857
12673.98,BTC-28JUN19,1561546740218,open,0.17,0.0,0.101,0.1925,0.14681983,124.36,None,0.0,BTC-28JUN19-14500-P,12657.31,0.0,0.144,6.0,0.152,6.0,164.27,1.239,-41.0738,-0.70039,0.00012,-0.92857
12800.64,SYN.BTC-26JUL19,1561546740220,open,0.23,0.0,0.168,0.265,0.21654565,115.93,None,0.0,BTC-26JUL19-14500-P,12657.31,99.16,0.198,14.4,0.2095,14.4,109.61,14.29153,-27.72884,-8.37883,9e-05,-0.58316
12705.75,SYN.BTC-5JUL19,1561546740239,open,0.19,1.0,0.1255,0.219,0.17219162,124.76,0.16,0.0,BTC-5JUL19-14500-P,12657.31,109.23,0.164,6.0,0.174,6.0,128.73,6.67406,-46.90699,-2.75447,0.00014,-0.71961
12705.75,SYN.BTC-5JUL19,1561546740240,open,0.14,68.3,0.1135,0.193,0.15308776,112.52,0.1535,0.0,BTC-5JUL19-11000-C,12657.31,115.9,0.1545,3.0,0.16,6.0,128.61,5.2276,-33.13497,2.05562,0.00012,0.81842
13273.69,BTC-27DEC19,1561546740243,open,0.81,0.0,0.7145,0.857,0.78582195,101.85,None,0.0,BTC-27DEC19-22000-P,12657.31,98.34,0.7765,3.6,0.7955,3.6,105.45,35.50483,-9.83334,-94.8159,4e-05,-0.63212
13273.69,BTC-27DEC19,1561546740248,open,0.81,0.0,0.7145,0.857,0.78582195,101.85,None,0.0,BTC-27DEC19-22000-P,12657.31,98.34,0.7765,3.6,0.796,3.6,105.63,35.50483,-9.83334,-94.8159,4e-05,-0.63212
12800.64,SYN.BTC-26JUL19,1561546740250,open,0.18,204.2,0.1505,0.23,0.19013091,99.83,0.1935,0.0,BTC-26JUL19-11000-C,12657.31,104.96,0.195,3.0,0.204,4.9,114.64,11.64472,-19.45576,5.86122,9e-05,0.74971
12670.07,BTC-28JUN19,1561546740258,open,0.12,891.8,0.0945,0.174,0.13406645,127.66,0.1335,0.0,BTC-28JUN19-11000-C,12657.31,112.17,0.133,1.0,0.1375,5.0,160.68,1.02317,-34.81831,0.52742,0.0001,0.94412
12705.75,SYN.BTC-5JUL19,1561546740264,open,0.04,149.1,0.0005,0.0735,0.0323585,117.83,0.0345,0.0,BTC-5JUL19-11500-P,12657.31,117.32,0.032,1.0,0.0345,24.0,122.21,6.46313,-42.90242,-0.91188,0.00014,-0.26288
12800.64,SYN.BTC-26JUL19,1561546740269,open,0.18,204.2,0.1505,0.23,0.19013091,99.83,0.1935,0.0,BTC-26JUL19-11000-C,12657.31,104.42,0.1945,3.0,0.204,4.9,114.64,11.64472,-19.45576,5.86122,9e-05,0.74971
13081.11,BTC-27SEP19,1561546740275,open,0.63,0.0,0.5425,0.6705,0.6066273,105.46,None,0.0,BTC-27SEP19-20000-P,12657.31,0.0,0.0035,10.0,1.2745,0.2,499.73,22.84974,-12.97302,-43.5804,5e-05,-0.70267
12796.54,SYN.BTC-26JUL19,1561546740270,open,0.02,158.6,0.0005,0.057,0.01671393,108.79,0.0185,0.0,BTC-26JUL19-9000-P,12657.31,104.23,0.0145,24.0,0.019,17.0,113.26,6.38521,-11.62573,-1.21359,4e-05,-0.09915
12796.54,SYN.BTC-26JUL19,1561546740296,open,0.69,0.0,0.6045,0.7375,0.67113329,145.45,None,0.0,BTC-26JUL19-21000-P,12657.31,0.0,0.0,0.0,0.0,0.0,0.0,9.01573,-21.94726,-15.79655,5e-05,-0.83702
340.86,SYN.ETH-26JUL19,1561546740298,open,0.08,2746.0,0.056,0.135,0.095566,104.03,0.093,0.0,ETH-26JUL19-360-C,334.82,107.91,0.1,259.0,0.109,259.0,115.8,0.38881,-0.6769,0.10897,0.00393,0.48613
13273.45,BTC-27DEC19,1561546740310,open,0.95,0.0,0.8425,0.9955,0.91896436,102.72,None,0.0,BTC-27DEC19-24000-P,12657.31,0.0,0.006,1.0,1.706,0.2,498.8,33.99743,-9.4957,-106.44326,4e-05,-0.67289
12673.98,BTC-28JUN19,1561546740394,open,0.14,0.0,0.113,0.1925,0.15285003,124.66,None,0.0,BTC-28JUN19-10750-C,12657.31,0.0,0.1515,1.1,0.157,11.0,175.71,0.61083,-20.29761,0.53248,6e-05,0.97043
12673.98,BTC-28JUN19,1561546740403,open,0.03,320.1,0.002,0.0815,0.04171736,121.24,0.0355,0.0,BTC-28JUN19-12500-C,12657.31,120.45,0.0415,1.0,0.045,21.1,132.93,3.55103,-114.76913,0.35073,0.00035,0.58023
12705.75,SYN.BTC-5JUL19,1561546740412,open,0.14,68.3,0.1135,0.193,0.15308776,112.52,0.1535,0.0,BTC-5JUL19-11000-C,12657.31,115.9,0.1545,3.0,0.16,11.0,128.61,5.2276,-33.13497,2.05562,0.00012,0.81842
12796.54,SYN.BTC-26JUL19,1561546740438,open,0.02,158.6,0.0005,0.057,0.01671393,108.79,0.0185,0.0,BTC-26JUL19-9000-P,12657.31,104.23,0.0145,30.0,0.019,17.0,113.26,6.38521,-11.62573,-1.21359,4e-05,-0.09915
13081.11,BTC-27SEP19,1561546740448,open,1.51,0.0,1.3725,1.5695,1.47088594,116.29,None,0.0,BTC-27SEP19-32000-P,12657.31,0.0,0.0,0.0,0.0,0.0,0.0,12.32864,-7.71819,-78.61546,2e-05,-0.89097
12705.75,SYN.BTC-5JUL19,1561546740455,open,0.14,68.3,0.1135,0.193,0.15308776,112.52,0.1535,0.0,BTC-5JUL19-11000-C,12657.31,115.9,0.1545,3.0,0.16,6.0,128.61,5.2276,-33.13497,2.05562,0.00012,0.81842
12705.75,SYN.BTC-5JUL19,1561546740464,open,0.09,122.3,0.06,0.1395,0.09987005,113.82,0.1025,0.0,BTC-5JUL19-12000-C,12657.31,119.84,0.1035,1.0,0.1075,24.0,126.79,7.26496,-46.58155,1.7281,0.00016,0.65936
13081.11,BTC-27SEP19,1561546740465,open,0.06,105.2,0.013,0.097,0.05492525,100.18,0.058,0.0,BTC-27SEP19-9000-P,12657.31,96.96,0.051,22.6,0.058,17.7,102.67,16.08406,-8.67471,-7.16859,4e-05,-0.16044
12800.64,SYN.BTC-26JUL19,1561546740473,open,0.07,81.2,0.0435,0.123,0.08341055,104.92,0.077,0.0,BTC-26JUL19-14000-C,12657.31,107.12,0.086,1.0,0.093,30.4,113.3,14.45043,-25.37507,3.74616,0.0001,0.44107
12705.75,SYN.BTC-5JUL19,1561546740474,open,0.07,98.3,0.039,0.1185,0.07862999,114.23,0.085,0.0,BTC-5JUL19-12500-C,12657.31,118.66,0.0815,1.0,0.0865,24.0,126.83,7.77631,-50.03942,1.52295,0.00017,0.57171
13081.11,BTC-27SEP19,1561546740476,open,0.07,285.0,0.0385,0.118,0.07809615,105.72,0.076,0.0,BTC-27SEP19-20000-C,12657.31,104.19,0.0755,13.7,0.0835,9.0,108.75,22.88199,-13.02385,7.3257,5e-05,0.29825
12796.54,SYN.BTC-26JUL19,1561546740477,open,0.15,45.0,0.127,0.2065,0.16662987,100.6,0.1685,0.0,BTC-26JUL19-11500-C,12657.31,103.47,0.1695,20.4,0.18,20.4,113.89,12.79105,-21.53611,5.55253,9e-05,0.69675
12673.98,BTC-28JUN19,1561546740490,open,0.14,0.0,0.113,0.1925,0.15285003,124.66,None,0.0,BTC-28JUN19-10750-C,12657.31,0.0,0.1515,1.1,0.157,6.0,175.71,0.61083,-20.29761,0.53248,6e-05,0.97043
12673.98,BTC-28JUN19,1561546740507,open,0.1,14.5,0.076,0.1555,0.11577703,123.45,0.119,0.0,BTC-28JUN19-11250-C,12657.31,110.29,0.1145,1.0,0.12,11.0,155.48,1.37759,-45.33471,0.52241,0.00014,0.91788
352.59,ETH-27SEP19,1561546740532,open,0.04,3045.0,0.001,0.075,0.034327,112.0,0.032,0.0,ETH-27SEP19-200-P,334.82,106.97,0.03,60.0,0.036,148.0,113.88,0.31033,-0.18711,-0.1198,0.00088,-0.09921
13081.11,BTC-27SEP19,1561546740580,open,1.21,0.0,1.0875,1.261,1.17437128,112.69,None,0.0,BTC-27SEP19-28000-P,12657.31,0.0,0.0005,1.0,0.0,0.0,0.0,15.0964,-9.15866,-67.52132,3e-05,-0.85419
13081.11,BTC-27SEP19,1561546740792,open,1.06,0.0,0.9475,1.109,1.02822138,110.86,None,0.0,BTC-27SEP19-26000-P,12657.31,0.0,0.0005,1.0,0.0,0.0,0.0,16.7832,-10.01626,-61.80642,3e-05,-0.82864
12800.64,SYN.BTC-26JUL19,1561546740795,open,0.01,0.0,0.0005,0.0535,0.01370957,118.35,None,0.0,BTC-26JUL19-21000-C,12657.31,120.9,0.015,1.0,0.0175,30.0,125.55,6.33543,-12.54857,0.88372,4e-05,0.09805
13273.69,BTC-27DEC19,1561546740919,open,0.55,3.6,0.471,0.593,0.53192539,99.67,0.6285,0.0,BTC-27DEC19-18000-P,12657.31,96.68,0.5235,3.6,0.542,3.6,103.23,37.47439,-10.15631,-71.05198,4e-05,-0.53063
335.73,ETH-28JUN19,1561546740949,open,0.61,386.0,0.573,0.652,0.612692,0.0,0.534,0.0,ETH-28JUN19-130-C,334.88,0.0,0.001,50.0,0.0,0.0,0.0,0.0,0.0,0.00668,0.0,1.0
335.73,ETH-28JUN19,1561546740949,open,0.0,10422.0,0.001,0.04,0.0,120.05,0.001,0.0,ETH-28JUN19-200-P,334.88,0.0,0.0,0.0,0.001,20.0,334.2,0.0,0.0,0.0,0.0,0.0
335.73,ETH-28JUN19,1561546740949,open,0.64,50.0,0.603,0.682,0.642485,0.0,0.547,0.0,ETH-28JUN19-120-C,334.88,0.0,0.0,0.0,0.0,0.0,0.0,0.0,0.0,0.00617,0.0,1.0
336.97,SYN.ETH-5JUL19,1561546740948,open,0.23,0.0,0.161,0.256,0.208653,123.98,None,0.0,ETH-5JUL19-400-P,334.88,0.0,0.0,0.0,0.0,0.0,0.0,0.15341,-1.07149,-0.08145,0.00448,-0.7853
352.58,ETH-27SEP19,1561546740949,open,0.07,2891.0,0.033,0.112,0.072724,115.53,0.074,0.0,ETH-27SEP19-600-C,334.88,112.66,0.068,140.0,0.077,48.0,118.09,0.58514,-0.36393,0.17459,0.0016,0.26733
335.73,ETH-28JUN19,1561546740949,open,0.48,1112.0,0.454,0.533,0.493535,0.0,0.49,0.0,ETH-28JUN19-170-C,334.88,0.0,0.0,0.0,0.0,0.0,0.0,0.0,0.0,0.00874,0.0,1.0
336.97,SYN.ETH-5JUL19,1561546740948,open,0.26,0.0,0.186,0.284,0.234644,125.67,None,0.0,ETH-5JUL19-410-P,334.88,0.0,0.0,0.0,0.0,0.0,0.0,0.13944,-0.98718,-0.08615,0.00402,-0.81674
352.58,ETH-27SEP19,1561546740949,open,0.01,5672.0,0.001,0.054,0.013613,112.0,0.014,0.0,ETH-27SEP19-160-P,334.88,106.4,0.011,60.0,0.016,150.0,116.69,0.17274,-0.10415,-0.05383,0.00049,-0.04638
352.64,ETH-27SEP19,1561546740950,open,0.33,0.0,0.258,0.362,0.310361,112.07,None,0.0,ETH-27SEP19-400-P,334.88,109.4,0.305,36.0,0.32,36.0,116.87,0.70839,-0.42738,-0.70577,0.002,-0.47619
335.73,ETH-28JUN19,1561546740951,open,0.45,3454.0,0.424,0.503,0.463727,0.0,0.289,0.0,ETH-28JUN19-180-C,334.88,0.0,0.0,0.0,0.0,0.0,0.0,0.0,0.0,0.00925,0.0,1.0
335.73,ETH-28JUN19,1561546740951,open,0.07,988.0,0.044,0.123,0.083225,112.46,0.073,0.0,ETH-28JUN19-310-C,334.88,82.76,0.079,20.0,0.082,60.0,104.92,0.05653,-1.69451,0.0132,0.00868,0.84835
335.73,ETH-28JUN19,1561546740951,open,0.0,10453.0,0.001,0.04,0.0,120.03,0.001,0.0,ETH-28JUN19-140-P,334.88,0.0,0.0,0.0,0.001,619.0,500.0,0.0,0.0,0.0,0.0,0.0
335.73,ETH-28JUN19,1561546740951,open,0.0,8276.0,0.001,0.04,0.0,119.94,0.001,0.0,ETH-28JUN19-500-C,334.88,0.0,0.0,0.0,0.001,524.0,250.03,0.0,-1e-05,0.0,0.0,0.0
335.73,ETH-28JUN19,1561546740951,open,0.7,0.0,0.663,0.742,0.702079,0.0,None,0.0,ETH-28JUN19-100-C,334.88,0.0,0.001,50.0,0.0,0.0,0.0,0.0,0.0,0.00514,0.0,1.0
352.64,ETH-27SEP19,1561546740952,open,0.0,389.0,0.001,0.04,0.000117,119.84,0.002,0.0,ETH-27SEP19-60-P,334.88,0.0,0.0,0.0,0.002,20.0,166.02,0.00383,-0.00247,-0.00066,1e-05,-0.00061
335.73,ETH-28JUN19,1561546740952,open,0.0,1239.0,0.001,0.04,2.2e-05,119.9,0.002,0.0,ETH-28JUN19-440-C,334.88,0.0,0.0,0.0,0.002,78.0,202.22,0.00078,-0.00744,2e-05,0.00011,0.00096
340.87,SYN.ETH-26JUL19,1561546740950,open,0.16,1144.0,0.137,0.216,0.176534,99.23,0.154,0.0,ETH-26JUL19-300-C,334.88,106.97,0.184,48.0,0.194,48.0,117.21,0.32655,-0.54228,0.15248,0.00346,0.72303
340.87,SYN.ETH-26JUL19,1561546740949,open,0.0,370.0,0.001,0.041,0.001108,119.74,0.001,0.0,ETH-26JUL19-160-P,334.88,0.0,0.0,0.0,0.002,100.0,130.51,0.02296,-0.04601,-0.00273,0.0002,-0.00868
336.97,SYN.ETH-5JUL19,1561546740949,open,0.01,206.0,0.001,0.044,0.004381,110.53,0.015,0.0,ETH-5JUL19-260-P,334.88,83.61,0.001,405.0,0.007,450.0,123.73,0.05916,-0.3684,-0.00494,0.00194,-0.05585
335.73,ETH-28JUN19,1561546740954,open,0.01,961.0,0.001,0.043,0.003069,114.86,0.005,0.0,ETH-28JUN19-300-P,334.88,103.76,0.002,2.0,0.003,300.0,114.21,0.03564,-1.03019,-0.00143,0.00536,-0.0796
335.73,ETH-28JUN19,1561546740954,open,0.0,9803.0,0.001,0.04,0.0,120.03,0.001,0.0,ETH-28JUN19-130-P,334.88,0.0,0.0,0.0,0.001,120.0,500.0,0.0,0.0,0.0,0.0,0.0
340.87,SYN.ETH-26JUL19,1561546740951,open,0.52,0.0,0.485,0.564,0.524436,0.0,None,0.0,ETH-26JUL19-160-C,334.88,0.0,0.0,0.0,0.0,0.0,0.0,0.0,0.0,0.13096,0.0,1.0
12670.17,BTC-28JUN19,1561546740963,open,0.01,71.2,0.0005,0.0525,0.01290093,124.43,0.0155,0.0,BTC-28JUN19-13500-C,12657.31,127.04,0.0135,1.0,0.016,27.0,137.64,2.90161,-96.24614,0.15602,0.00028,0.25252
12701.69,SYN.BTC-5JUL19,1561546740966,open,0.0,18.2,0.0005,0.041,0.00114222,124.96,0.0035,0.0,BTC-5JUL19-8500-P,12657.31,122.51,0.001,2.0,0.0035,17.0,151.38,0.76869,-5.41107,-0.0512,2e-05,-0.01543
12796.54,SYN.BTC-26JUL19,1561546740981,open,0.15,45.0,0.127,0.2065,0.16662987,100.6,0.1685,0.0,BTC-26JUL19-11500-C,12657.31,103.47,0.1695,20.4,0.1795,14.4,113.4,12.79105,-21.53611,5.55253,9e-05,0.69675
12673.98,BTC-28JUN19,1561546740993,open,0.1,14.5,0.076,0.1555,0.11577703,123.45,0.119,0.0,BTC-28JUN19-11250-C,12657.31,110.29,0.1145,1.0,0.1195,6.0,152.14,1.37759,-45.33471,0.52241,0.00014,0.91788
12800.64,SYN.BTC-26JUL19,1561546741016,open,0.18,204.2,0.1505,0.23,0.19013091,99.83,0.1935,0.0,BTC-26JUL19-11000-C,12657.31,104.42,0.1945,3.0,0.2035,4.9,114.11,11.64472,-19.45576,5.86122,9e-05,0.74971
13273.69,BTC-27DEC19,1561546741017,open,0.29,148.6,0.268,0.3475,0.30772058,97.33,0.3095,0.0,BTC-27DEC19-12000-C,12657.31,96.59,0.306,1.0,0.3155,3.6,100.38,33.31012,-8.81564,25.44971,4e-05,0.68844
12796.54,SYN.BTC-26JUL19,1561546741019,open,0.26,0.0,0.197,0.2965,0.24674119,117.47,None,0.0,BTC-26JUL19-15000-P,12657.31,0.0,0.0005,1.0,0.0,0.0,0.0,13.94297,-27.41143,-9.07524,9e-05,-0.6197
13273.69,BTC-27DEC19,1561546741037,open,0.12,45.0,0.089,0.1685,0.1288254,102.04,0.11,0.0,BTC-27DEC19-22000-C,12657.31,100.39,0.1245,5.0,0.1375,5.0,105.23,35.52791,-9.85767,16.02874,4e-05,0.36861
12800.64,SYN.BTC-26JUL19,1561546741041,open,0.04,78.6,0.008,0.0875,0.04772944,108.6,0.046,0.0,BTC-26JUL19-16000-C,12657.31,109.82,0.049,16.0,0.0545,19.3,115.38,12.47106,-22.66661,2.50435,9e-05,0.28683
13081.11,BTC-27SEP19,1561546741061,open,0.37,3.6,0.2995,0.4075,0.35355348,101.69,0.441,0.0,BTC-27SEP19-16000-P,12657.31,98.55,0.347,3.6,0.363,3.6,106.57,26.08155,-14.27885,-30.20369,6e-05,-0.55415
13081.11,BTC-27SEP19,1561546741063,open,0.31,5.0,0.2455,0.349,0.29726692,101.27,0.3205,0.0,BTC-27SEP19-15000-P,12657.31,98.15,0.291,3.6,0.306,3.6,105.61,26.32237,-14.35017,-26.70403,6e-05,-0.50501
13081.11,BTC-27SEP19,1561546741065,open,0.2,10.1,0.1485,0.2435,0.19588044,100.14,0.2,0.0,BTC-27SEP19-13000-P,12657.31,97.21,0.19,15.2,0.2035,13.2,104.16,25.417,-13.70211,-19.67975,6e-05,-0.39555
12796.54,SYN.BTC-26JUL19,1561546741067,open,0.11,39.6,0.0865,0.166,0.1262466,101.67,0.1195,0.0,BTC-26JUL19-12500-C,12657.31,108.19,0.1335,1.0,0.1385,14.4,112.69,14.23706,-24.22439,4.85129,0.0001,0.58942
13081.11,BTC-27SEP19,1561546741075,open,0.2,10.1,0.1485,0.2435,0.19588044,100.14,0.2,0.0,BTC-27SEP19-13000-P,12657.31,97.21,0.19,15.2,0.2035,8.3,104.16,25.417,-13.70211,-19.67975,6e-05,-0.39555
12701.69,SYN.BTC-5JUL19,1561546741075,open,0.01,25.4,0.0005,0.056,0.01625207,122.72,0.017,0.0,BTC-5JUL19-15500-C,12657.31,124.59,0.017,1.0,0.021,24.0,134.11,5.05744,-34.96467,0.48231,0.00011,0.17241
13273.69,BTC-27DEC19,1561546741079,open,0.81,0.0,0.7145,0.857,0.78582195,101.85,None,0.0,BTC-27DEC19-22000-P,12657.31,98.34,0.7765,3.6,0.7965,3.6,105.82,35.50483,-9.83334,-94.8159,4e-05,-0.63212
12705.75,SYN.BTC-5JUL19,1561546741081,open,0.15,6.0,0.0965,0.1875,0.14185625,123.62,0.1425,0.0,BTC-5JUL19-14000-P,12657.31,109.26,0.1335,18.0,0.144,18.0,127.8,7.27665,-50.67601,-2.47023,0.00015,-0.65792
12701.78,SYN.BTC-5JUL19,1561546741143,open,0.0,70.0,0.0005,0.04,0.00015588,124.93,0.0005,0.0,BTC-5JUL19-7500-P,12657.31,142.35,0.0005,1.0,0.0015,1.0,165.57,0.15606,-1.09831,-0.00833,0.0,-0.00254
13273.23,BTC-27DEC19,1561546741192,open,2.12,0.0,1.94,2.1845,2.06230616,111.74,None,0.0,BTC-27DEC19-40000-P,12657.31,0.0,0.0005,3.0,0.0,0.0,0.0,22.92319,-6.96498,-194.06608,2e-05,-0.83999
13273.45,BTC-27DEC19,1561546741216,open,0.95,0.0,0.843,0.996,0.91946259,102.72,None,0.0,BTC-27DEC19-24000-P,12657.31,0.0,0.006,1.0,1.707,0.2,500.0,33.99743,-9.4957,-106.44326,4e-05,-0.67289
12796.61,SYN.BTC-26JUL19,1561546741220,open,0.62,0.0,0.532,0.659,0.5954554,139.49,None,0.0,BTC-26JUL19-20000-P,12657.31,0.0,0.0,0.0,0.0,0.0,0.0,9.57094,-22.34345,-14.83687,5e-05,-0.82106
13273.45,BTC-27DEC19,1561546741221,open,0.02,81.0,0.0005,0.0625,0.02182151,99.04,0.0275,0.0,BTC-27DEC19-5500-P,12657.31,97.36,0.0205,1.0,0.0255,5.0,103.63,10.37055,-2.79301,-5.08668,1e-05,-0.05427
13081.11,BTC-27SEP19,1561546741319,open,0.65,289.7,0.6195,0.699,0.65916005,109.88,0.51,0.0,BTC-27SEP19-4500-C,12657.31,0.0,0.0005,20.0,0.7625,5.0,299.04,2.32849,-1.37736,10.88178,0.0,0.98618
13081.11,BTC-27SEP19,1561546741319,open,0.16,16.8,0.107,0.1985,0.15273135,100.16,0.161,0.0,BTC-27SEP19-12000-P,12657.31,97.66,0.148,12.1,0.1575,5.0,102.83,24.06803,-12.97726,-16.26337,6e-05,-0.33602
13081.1,BTC-27SEP19,1561546741374,open,1.36,0.0,1.229,1.4145,1.32176967,114.22,None,0.0,BTC-27SEP19-30000-P,12657.31,0.0,0.0,0.0,0.0,0.0,0.0,13.54905,-8.33133,-73.13533,3e-05,-0.87545
12670.25,BTC-28JUN19,1561546741600,open,0.0,5.1,0.0005,0.0425,0.00274356,124.7,0.0055,0.0,BTC-28JUN19-14500-C,12657.31,136.33,0.004,1.0,0.0055,30.0,148.12,1.24029,-34.76156,0.0448,0.00012,0.07155
12701.78,SYN.BTC-5JUL19,1561546741630,open,0.28,20.0,0.2525,0.332,0.29213107,101.48,0.2695,0.0,BTC-5JUL19-9000-C,12657.31,0.0,0.005,1.1,0.0,0.0,0.0,0.62006,-3.54484,2.14923,2e-05,0.98797
352.64,ETH-27SEP19,1561546741661,open,0.25,81.0,0.183,0.28,0.231557,110.07,0.409,0.0,ETH-27SEP19-360-P,334.88,108.76,0.229,48.0,0.242,48.0,115.42,0.68944,-0.40853,-0.57119,0.00198,-0.40501
13081.11,BTC-27SEP19,1561546741673,open,0.09,111.8,0.039,0.125,0.08189535,100.17,0.083,0.0,BTC-27SEP19-10000-P,12657.31,97.26,0.0775,17.5,0.084,9.0,101.66,19.35638,-10.43828,-9.92782,4e-05,-0.21646
12796.54,SYN.BTC-26JUL19,1561546741675,open,0.02,158.6,0.0005,0.057,0.01671427,108.79,0.0185,0.0,BTC-26JUL19-9000-P,12657.31,104.23,0.0145,40.0,0.019,17.0,113.26,6.38521,-11.62573,-1.21359,4e-05,-0.09915
340.87,SYN.ETH-26JUL19,1561546741664,open,0.1,248.0,0.054,0.141,0.097604,114.3,0.089,0.0,ETH-26JUL19-320-P,334.88,101.58,0.084,212.0,0.092,192.0,109.06,0.36507,-0.69835,-0.12786,0.00336,-0.36064
12701.69,SYN.BTC-5JUL19,1561546741720,open,0.02,78.9,0.0005,0.061,0.02144514,121.43,0.022,0.0,BTC-5JUL19-15000-C,12657.31,121.56,0.0215,1.0,0.027,30.0,133.17,5.81281,-39.76394,0.60287,0.00012,0.21663
335.67,ETH-28JUN19,1561546741724,open,0.08,62.0,0.017,0.101,0.058764,113.49,0.061,0.0,ETH-28JUN19-350-P,334.88,94.36,0.054,60.0,0.063,60.0,129.79,0.08583,-2.5966,-0.01278,0.01306,-0.68195
336.97,SYN.ETH-5JUL19,1561546741740,open,0.07,3.0,0.017,0.101,0.058659,111.41,0.048,0.0,ETH-5JUL19-330-P,334.88,97.18,0.05,180.0,0.059,102.0,111.97,0.20518,-1.28778,-0.03905,0.00667,-0.41793
13273.23,BTC-27DEC19,1561546741754,open,2.42,0.0,2.222,2.49,2.35599437,113.09,None,0.0,BTC-27DEC19-44000-P,12657.31,0.0,0.0005,4.0,2.834,1.0,299.49,20.70894,-6.3681,-215.21182,2e-05,-0.86254
13081.11,BTC-27SEP19,1561546741757,open,0.31,5.0,0.246,0.349,0.29750709,101.27,0.3205,0.0,BTC-27SEP19-15000-P,12657.31,99.15,0.293,2.0,0.306,3.6,105.61,26.32237,-14.35017,-26.70403,6e-05,-0.50501
13081.11,BTC-27SEP19,1561546741853,open,0.06,105.2,0.013,0.097,0.05499007,100.18,0.058,0.0,BTC-27SEP19-9000-P,12657.31,97.38,0.0515,4.9,0.058,17.7,102.67,16.08406,-8.67471,-7.16859,4e-05,-0.16044
12701.78,SYN.BTC-5JUL19,1561546741904,open,0.26,0.0,0.19,0.289,0.23955988,130.05,None,0.0,BTC-5JUL19-15500-P,12657.31,0.0,0.0,0.0,0.0,0.0,0.0,5.36322,-39.29089,-3.24384,0.00011,-0.81067
13273.23,BTC-27DEC19,1561546741942,open,0.03,0.0,0.0005,0.073,0.03347303,117.91,None,0.0,BTC-27DEC19-52000-C,12656.95,116.81,0.032,1.0,0.0375,5.0,120.79,18.00428,-5.7725,5.28561,2e-05,0.11252
13273.23,BTC-27DEC19,1561546741942,open,3.02,0.0,2.792,3.1075,2.94986817,116.97,None,0.0,BTC-27DEC19-52000-P,12656.95,0.0,0.0,0.0,0.0,0.0,0.0,17.64549,-5.61228,-256.79821,2e-05,-0.8906
13273.23,BTC-27DEC19,1561546741942,open,2.72,0.0,2.5075,2.7995,2.65359874,115.89,None,0.0,BTC-27DEC19-48000-P,12656.95,0.0,0.0,0.0,0.0,0.0,0.0,19.3692,-6.10404,-235.95961,2e-05,-0.87522
13273.23,BTC-27DEC19,1561546741942,open,0.03,0.0,0.0005,0.077,0.03744851,116.0,None,0.0,BTC-27DEC19-48000-C,12656.95,114.29,0.035,1.0,0.036,1.0,115.0,19.40848,-6.12188,5.86366,2e-05,0.12514
13081.1,BTC-27SEP19,1561546741942,open,0.0,92.0,0.0005,0.042,0.00209068,118.82,0.003,0.0,BTC-27SEP19-3750-P,12656.95,107.23,0.001,15.0,0.003,15.0,125.71,1.53477,-0.98179,-0.35448,0.0,-0.00856
12670.25,BTC-28JUN19,1561546741942,open,0.0,94.5,0.0005,0.04,0.0,124.49,0.0005,0.0,BTC-28JUN19-3250-P,12656.95,0.0,0.0,0.0,0.0025,20.0,500.0,0.0,0.0,0.0,0.0,0.0
13081.1,BTC-27SEP19,1561546741942,open,0.03,17.1,0.0005,0.0745,0.0345201,113.24,0.0355,0.0,BTC-27SEP19-28000-C,12656.95,111.92,0.033,15.0,0.0385,20.0,116.58,15.22254,-9.28045,3.76505,3e-05,0.14763
12670.25,BTC-28JUN19,1561546741942,open,0.0,83.5,0.0005,0.04,2.7e-07,124.4,0.0005,0.0,BTC-28JUN19-8750-P,12656.95,0.0,0.0,0.0,0.0005,1.0,225.21,0.00054,-0.00339,-1e-05,0.0,-1e-05
13081.1,BTC-27SEP19,1561546741942,open,0.41,905.1,0.383,0.4625,0.42257046,100.37,0.422,0.0,BTC-27SEP19-8000-C,12656.95,0.0,0.382,5.0,0.4285,5.0,106.45,12.44025,-6.72185,15.54514,3e-05,0.8896
13081.1,BTC-27SEP19,1561546741942,open,1.06,0.0,0.948,1.1095,1.02877631,111.29,None,0.0,BTC-27SEP19-26000-P,12656.95,0.0,0.0005,1.0,0.0,0.0,0.0,16.87603,-10.11075,-61.77533,3e-05,-0.82715
13081.1,BTC-27SEP19,1561546741942,open,0.04,34.9,0.0015,0.081,0.04121676,111.32,0.029,0.0,BTC-27SEP19-26000-C,12656.95,109.58,0.039,14.8,0.046,18.8,114.94,16.88285,-10.11772,4.38499,3e-05,0.17296
13273.23,BTC-27DEC19,1561546741942,open,0.85,0.0,0.811,0.8905,0.85096704,122.64,None,0.0,BTC-27DEC19-2000-C,12656.95,0.0,0.0125,0.3,0.9885,0.5,500.0,1.24844,-0.41634,9.66212,0.0,0.99547
12670.25,BTC-28JUN19,1561546741942,open,0.6,0.6,0.5155,0.6415,0.57851079,182.44,1.1775,0.0,BTC-28JUN19-20000-P,12656.95,0.0,0.001,100.0,0.0,0.0,0.0,0.01028,-0.50003,-1.02758,0.0,-0.99969
13273.23,BTC-27DEC19,1561546741942,open,0.81,0.0,0.775,0.8545,0.81490715,120.03,None,0.0,BTC-27DEC19-2500-C,12656.95,0.0,0.0125,0.3,0.9865,0.5,500.0,2.18364,-0.7127,11.80644,0.0,0.99147
12670.25,BTC-28JUN19,1561546741942,open,0.01,162.9,0.0005,0.0455,0.0057612,122.93,0.006,0.0,BTC-28JUN19-11500-P,12656.95,121.16,0.0055,4.0,0.007,2.5,130.96,1.88396,-61.73762,-0.08603,0.00019,-0.12637
12670.25,BTC-28JUN19,1561546741942,open,0.88,33.8,0.842,0.9215,0.88161169,0.0,0.7145,0.0,BTC-28JUN19-1500-C,12656.95,0.0,0.001,100.0,0.0,0.0,0.0,0.0,0.0,0.07708,0.0,1.0
12670.25,BTC-28JUN19,1561546741942,open,0.64,216.2,0.605,0.6845,0.64483227,0.0,0.508,0.0,BTC-28JUN19-4500-C,12656.95,0.0,0.4,1.0,0.0,0.0,0.0,0.0,0.0,0.23125,0.0,1.0
13273.23,BTC-27DEC19,1561546741943,open,0.09,179.1,0.0585,0.138,0.09814581,104.24,0.0925,0.0,BTC-27DEC19-26000-C,12656.95,102.54,0.094,5.0,0.1065,5.0,107.62,32.50673,-9.21454,13.16474,4e-05,0.29503
12670.25,BTC-28JUN19,1561546741942,open,0.3,0.1,0.27,0.3495,0.3096094,202.2,0.2935,0.0,BTC-28JUN19-8750-C,12656.95,0.0,0.0015,0.1,0.403,0.1,500.0,0.11512,-6.20516,0.44671,1e-05,0.99569
12670.25,BTC-28JUN19,1561546741943,open,0.0,685.6,0.0005,0.04,0.0,124.49,0.031,0.0,BTC-28JUN19-2500-P,12656.95,0.0,0.0,0.0,0.0035,20.0,500.0,0.0,0.0,0.0,0.0,0.0
13273.23,BTC-27DEC19,1561546741942,open,0.74,4.0,0.703,0.7825,0.74254931,108.16,0.59,0.0,BTC-27DEC19-3500-C,12656.95,0.0,0.005,0.6,0.78,1.0,179.33,3.97068,-1.16783,16.07846,0.0,0.98301
13081.1,BTC-27SEP19,1561546741943,open,0.0,46.9,0.0005,0.041,0.00128584,123.07,0.001,0.0,BTC-27SEP19-3250-P,12656.95,109.48,0.0005,1.0,0.002,15.0,131.01,1.01054,-0.66955,-0.22032,0.0,-0.00533
13273.23,BTC-27DEC19,1561546741943,open,0.48,93.7,0.4525,0.532,0.49239181,97.29,0.419,0.0,BTC-27DEC19-7500-C,12656.95,0.0,0.311,3.0,0.5115,0.1,110.27,18.91273,-5.00328,25.87737,2e-05,0.87939
12670.25,BTC-28JUN19,1561546741943,open,0.76,43.6,0.7235,0.803,0.76322151,0.0,0.6755,0.0,BTC-28JUN19-3000-C,12656.95,0.0,0.0035,1.0,0.0,0.0,0.0,0.0,0.0,0.15417,0.0,1.0
13273.23,BTC-27DEC19,1561546741943,open,0.0,169.7,0.0005,0.044,0.00393426,110.56,0.005,0.0,BTC-27DEC19-3000-P,12656.95,110.87,0.004,1.0,0.0065,5.0,121.19,2.74606,-0.82554,-1.0041,0.0,-0.01108
12670.25,BTC-28JUN19,1561546741943,open,0.52,1675.0,0.4865,0.566,0.52644676,0.0,0.528,0.0,BTC-28JUN19-6000-C,12656.95,0.0,0.476,5.0,0.547,5.0,500.0,0.0,0.0,0.30833,0.0,1.0
12670.25,BTC-28JUN19,1561546741943,open,0.32,117.8,0.2895,0.369,0.32912768,0.0,0.308,0.0,BTC-28JUN19-8500-C,12656.95,0.0,0.289,5.0,0.337,5.0,390.27,0.0,0.0,0.43681,0.0,1.0
12670.25,BTC-28JUN19,1561546741943,open,0.74,0.1,0.7035,0.783,0.743492,0.0,0.395,0.0,BTC-28JUN19-3250-C,12656.95,0.0,0.0015,1.0,0.0,0.0,0.0,0.0,0.0,0.16701,0.0,1.0
12670.25,BTC-28JUN19,1561546741943,open,0.0,1685.0,0.0005,0.04,0.0,124.49,0.0005,0.0,BTC-28JUN19-7000-P,12656.95,0.0,0.0,0.0,0.001,0.1,377.68,0.0,0.0,0.0,0.0,0.0
13081.1,BTC-27SEP19,1561546741943,open,0.67,0.2,0.6385,0.718,0.67827991,114.84,0.26,0.0,BTC-27SEP19-4250-C,12656.95,0.0,0.005,0.1,0.772,5.0,299.28,2.1886,-1.35311,10.28046,0.0,0.98714
13273.23,BTC-27DEC19,1561546741943,open,0.0,87.9,0.0005,0.0415,0.00164116,122.59,0.0055,0.0,BTC-27DEC19-2000-P,12656.95,121.04,0.0015,1.0,0.003,5.0,134.39,1.24593,-0.41532,-0.41223,0.0,-0.00452
12670.25,BTC-28JUN19,1561546741944,open,0.0,538.1,0.0005,0.04,0.0,124.49,0.0005,0.0,BTC-28JUN19-4000-P,12656.95,0.0,0.0,0.0,0.0035,20.0,500.0,0.0,0.0,0.0,0.0,0.0
13081.1,BTC-27SEP19,1561546741944,open,1.51,0.0,1.373,1.57,1.47159143,117.03,None,0.0,BTC-27SEP19-32000-P,12656.95,0.0,0.0,0.0,0.0,0.0,0.0,12.50411,-7.87794,-78.56668,2e-05,-0.8888
13273.23,BTC-27DEC19,1561546741944,open,0.6,60.5,0.5675,0.647,0.60746662,99.09,0.603,0.0,BTC-27DEC19-5500-C,12656.95,0.0,0.005,1.0,0.979,5.0,500.0,10.37772,-2.79623,22.61498,1e-05,0.94568
12670.25,BTC-28JUN19,1561546741944,open,0.0,146.0,0.0005,0.0405,0.0005176,124.5,0.001,0.0,BTC-28JUN19-10500-P,12656.95,123.87,0.0005,3.0,0.0015,1.0,148.34,0.35936,-6.55809,-0.01061,3e-05,-0.01578
12670.25,BTC-28JUN19,1561546741944,open,0.36,577.9,0.329,0.4085,0.3685907,0.0,0.3825,0.0,BTC-28JUN19-8000-C,12656.95,0.0,0.3235,5.0,0.3865,5.0,500.0,0.0,0.0,0.41111,0.0,1.0
13081.1,BTC-27SEP19,1561546741944,open,0.91,0.2,0.809,0.959,0.88412129,108.95,1.6,0.0,BTC-27SEP19-24000-P,12656.95,0.0,0.0005,1.0,0.0,0.0,0.0,18.66161,-10.9456,-55.94301,4e-05,-0.79659
12670.25,BTC-28JUN19,1561546741944,open,0.84,20.1,0.8025,0.882,0.84214768,0.0,0.578,0.0,BTC-28JUN19-2000-C,12656.95,0.0,0.02,10.0,0.0,0.0,0.0,0.0,0.0,0.10278,0.0,1.0
13081.1,BTC-27SEP19,1561546741944,open,0.36,367.9,0.327,0.4065,0.36697506,100.24,0.365,0.0,BTC-27SEP19-9000-C,12656.95,94.06,0.3595,1.0,0.3725,1.0,104.68,16.08818,-8.68153,15.728,4e-05,0.83949
12670.25,BTC-28JUN19,1561546741944,open,0.66,10.6,0.625,0.7045,0.66456381,0.0,0.535,0.0,BTC-28JUN19-4250-C,12656.95,0.0,0.001,10.0,0.0,0.0,0.0,0.0,0.0,0.2184,0.0,1.0
13081.1,BTC-27SEP19,1561546741944,open,1.21,0.0,1.088,1.2615,1.17497744,113.21,None,0.0,BTC-27SEP19-28000-P,12656.95,0.0,0.0005,1.0,0.0,0.0,0.0,15.21561,-9.27373,-67.48422,3e-05,-0.85247
13081.1,BTC-27SEP19,1561546741944,open,0.77,225.7,0.732,0.8115,0.77158181,124.39,0.693,0.0,BTC-27SEP19-3000-C,12656.95,0.0,0.0035,20.0,0.9425,5.0,500.0,0.76419,-0.51173,7.47318,0.0,0.9961
13081.1,BTC-27SEP19,1561546741944,open,0.01,307.4,0.0005,0.047,0.00718083,105.11,0.0095,0.0,BTC-27SEP19-5500-P,12656.95,99.67,0.0055,19.0,0.009,15.0,110.27,4.33637,-2.45383,-1.19663,1e-05,-0.02877
13081.1,BTC-27SEP19,1561546741944,open,0.48,757.7,0.4445,0.524,0.48421075,101.0,0.4475,0.0,BTC-27SEP19-7000-C,12656.95,0.0,0.4355,5.0,0.5,22.0,121.79,8.77834,-4.77291,14.86603,2e-05,0.93083
13273.23,BTC-27DEC19,1561546741944,open,0.01,101.3,0.0005,0.046,0.00623316,108.14,0.007,0.0,BTC-27DEC19-3500-P,12656.95,105.61,0.0055,1.0,0.0085,5.0,115.09,3.969,-1.16716,-1.55257,0.0,-0.01699
12670.25,BTC-28JUN19,1561546741944,open,0.0,105.3,0.0005,0.04,3.702e-05,124.36,0.0005,0.0,BTC-28JUN19-9750-P,12656.95,0.0,0.0,0.0,0.001,1.2,183.49,0.04232,-0.46899,-0.00095,0.0,-0.00143
12670.25,BTC-28JUN19,1561546741944,open,0.0,1868.1,0.0005,0.04,0.0,124.49,0.0005,0.0,BTC-28JUN19-6000-P,12656.95,0.0,0.0,0.0,0.0035,20.0,500.0,0.0,0.0,0.0,0.0,0.0
13273.23,BTC-27DEC19,1561546741945,open,1.23,0.1,1.1085,1.2835,1.19597754,105.18,2.02,0.0,BTC-27DEC19-28000-P,12656.95,0.0,0.0,0.0,0.0,0.0,0.0,30.88541,-8.83389,-129.08603,3e-05,-0.73453
13081.1,BTC-27SEP19,1561546741945,open,0.88,42.8,0.8455,0.925,0.88534523,124.44,0.815,0.0,BTC-27SEP19-1500-C,12656.95,0.0,0.0,0.0,0.0,0.0,0.0,0.02207,-0.01478,3.81355,0.0,0.99992
12669.89,BTC-28JUN19,1561546741945,open,0.0,1149.2,0.0005,0.04,0.0,124.49,0.0005,0.0,BTC-28JUN19-6500-P,12656.95,0.0,0.0,0.0,0.001,0.1,420.26,0.0,0.0,0.0,0.0,0.0
13273.23,BTC-27DEC19,1561546741945,open,0.46,209.3,0.4275,0.507,0.46723178,97.29,0.459,0.0,BTC-27DEC19-8000-C,12656.95,62.33,0.4185,5.0,0.482,5.0,106.46,21.01005,-5.55806,26.23583,2e-05,0.85959
13081.1,BTC-27SEP19,1561546741945,open,0.0,340.7,0.0005,0.04,0.00034164,124.38,0.0015,0.0,BTC-27SEP19-2500-P,12656.95,129.69,0.0005,1.0,0.0015,16.0,148.87,0.3381,-0.2264,-0.06404,0.0,-0.00158
13273.23,BTC-27DEC19,1561546741945,open,1.38,0.2,1.2445,1.431,1.33769189,106.44,2.2245,0.0,BTC-27DEC19-30000-P,12656.95,0.0,0.0,0.0,0.0,0.0,0.0,29.38458,-8.5053,-140.16681,3e-05,-0.75853
13081.1,BTC-27SEP19,1561546741945,open,0.01,363.4,0.0005,0.0505,0.01014231,103.19,0.0125,0.0,BTC-27SEP19-6000-P,12656.95,97.9,0.008,19.0,0.0125,15.0,108.4,5.61737,-3.12056,-1.64921,1e-05,-0.03941
12669.89,BTC-28JUN19,1561546741945,open,0.0,175.3,0.0005,0.041,0.0010537,124.44,0.002,0.0,BTC-28JUN19-10750-P,12656.95,110.3,0.0005,1.5,0.002,1.0,140.51,0.61122,-13.35032,-0.01996,6e-05,-0.0296
12796.61,SYN.BTC-26JUL19,1561546741942,open,0.04,147.4,0.003,0.086,0.04462726,108.86,0.042,0.0,BTC-26JUL19-10500-P,12656.95,105.69,0.042,4.9,0.045,35.3,109.31,10.68328,-19.46351,-2.71432,7e-05,-0.21452
12669.89,BTC-28JUN19,1561546741945,open,0.62,97.1,0.5855,0.665,0.62510073,375.5,0.485,0.0,BTC-28JUN19-4750-C,12656.95,0.0,0.001,25.0,0.0,0.0,0.0,0.00287,-0.28709,0.24404,0.0,0.99992
13273.23,BTC-27DEC19,1561546741945,open,0.0,106.4,0.0005,0.0405,0.00060246,124.38,0.0005,0.0,BTC-27DEC19-1500-P,12656.95,121.71,0.0005,1.6,0.002,6.0,145.97,0.543,-0.18366,-0.1607,0.0,-0.0018
13081.1,BTC-27SEP19,1561546741945,open,0.75,0.0,0.713,0.7925,0.75283598,123.07,None,0.0,BTC-27SEP19-3250-C,12656.95,0.0,0.0035,10.0,0.9395,5.0,500.0,1.01064,-0.66963,8.04941,0.0,0.99467
12669.89,BTC-28JUN19,1561546741945,open,0.4,154.4,0.3685,0.448,0.40805378,212.18,0.4185,0.0,BTC-28JUN19-7500-C,12656.95,0.0,0.362,5.0,0.428,5.0,500.0,0.0073,-0.4131,0.38527,0.0,0.99979
13081.1,BTC-27SEP19,1561546741945,open,0.01,409.2,0.0005,0.0445,0.00472062,106.47,0.005,0.0,BTC-27SEP19-5000-P,12656.95,103.34,0.004,15.0,0.0065,15.0,113.18,3.15902,-1.81069,-0.81403,1e-05,-0.01974
12669.89,BTC-28JUN19,1561546741945,open,0.0,278.7,0.0005,0.04,0.0,124.49,0.0005,0.0,BTC-28JUN19-4500-P,12656.95,0.0,0.0,0.0,0.0005,0.5,500.0,0.0,0.0,0.0,0.0,0.0
12669.89,BTC-28JUN19,1561546741945,open,0.26,10.5,0.2305,0.31,0.2701622,177.74,0.128,0.0,BTC-28JUN19-9250-C,12656.95,0.0,0.0015,10.0,0.355,0.2,500.0,0.14657,-6.94433,0.47151,1e-05,0.99434
13273.23,BTC-27DEC19,1561546741945,open,0.03,244.4,0.0005,0.0695,0.02838948,98.0,0.023,0.0,BTC-27DEC19-6000-P,12656.95,95.96,0.0265,1.0,0.0325,5.0,102.3,12.39942,-3.30439,-6.45935,1e-05,-0.06821
13273.23,BTC-27DEC19,1561546741945,open,0.7,27.1,0.6675,0.747,0.7074606,104.96,0.542,0.0,BTC-27DEC19-4000-C,12656.95,0.0,0.0125,0.4,0.734,0.2,150.97,5.26637,-1.50309,17.9757,1e-05,0.97629
12796.61,SYN.BTC-26JUL19,1561546741943,open,0.39,0.0,0.3235,0.433,0.37817142,125.12,None,0.0,BTC-26JUL19-17000-P,12656.95,0.0,0.0,0.0,0.0,0.0,0.0,12.09246,-25.32079,-11.61311,7e-05,-0.73056
13080.74,BTC-27SEP19,1561546741945,open,0.69,229.1,0.657,0.7365,0.69670699,116.11,0.6475,0.0,BTC-27SEP19-4000-C,12656.95,0.0,0.111,2.0,0.782,5.0,299.89,1.80245,-1.12673,9.75257,0.0,0.98971
12669.89,BTC-28JUN19,1561546741946,open,0.0,318.6,0.0005,0.04,0.0,124.49,0.0015,0.0,BTC-28JUN19-4750-P,12656.95,0.0,0.0,0.0,0.003,20.0,500.0,0.0,0.0,0.0,0.0,0.0
12669.89,BTC-28JUN19,1561546741946,open,0.0,1124.8,0.0005,0.04,0.0,124.49,0.0005,0.0,BTC-28JUN19-8000-P,12656.95,0.0,0.0,0.0,0.0015,20.0,319.27,0.0,-2e-05,0.0,0.0,0.0
12669.89,BTC-28JUN19,1561546741946,open,0.0,1444.6,0.0005,0.04,0.0,124.5,0.0005,0.0,BTC-28JUN19-20000-C,12656.95,0.0,0.0,0.0,0.0005,12.0,257.3,1e-05,-4e-05,0.0,0.0,0.0
12669.89,BTC-28JUN19,1561546741946,open,0.0,1074.2,0.0005,0.041,0.00109635,124.5,0.0035,0.0,BTC-28JUN19-15000-C,12656.95,145.24,0.0025,1.0,0.0035,8.3,156.16,0.65823,-13.89065,0.02037,6e-05,0.03238
12669.89,BTC-28JUN19,1561546741946,open,0.0,266.4,0.0005,0.04,0.0,124.49,0.0005,0.0,BTC-28JUN19-4250-P,12656.95,0.0,0.0,0.0,0.0035,20.0,500.0,0.0,0.0,0.0,0.0,0.0
12796.61,SYN.BTC-26JUL19,1561546741944,open,0.44,4.8,0.4115,0.491,0.45144968,0.0,0.455,0.0,BTC-26JUL19-7000-C,12656.95,0.0,0.005,0.1,0.0,0.0,0.0,0.0,0.0,5.72959,0.0,1.0
12669.89,BTC-28JUN19,1561546741946,open,0.2,4.6,0.1375,0.232,0.18463324,116.41,0.6335,0.0,BTC-28JUN19-15000-P,12656.95,0.0,0.0005,1.0,0.256,0.2,470.82,0.50889,-15.79083,-0.75583,5e-05,-0.97623
13080.74,BTC-27SEP19,1561546741946,open,0.84,28.2,0.8075,0.887,0.84724533,129.32,0.755,0.0,BTC-27SEP19-2000-C,12656.95,0.0,0.0035,5.0,0.9555,5.0,500.0,0.15474,-0.10773,5.06189,0.0,0.99933
13273.23,BTC-27DEC19,1561546741947,open,0.05,143.4,0.018,0.0975,0.05760202,109.68,0.0525,0.0,BTC-27DEC19-36000-C,12656.95,108.03,0.0545,4.9,0.064,5.0,112.97,25.23749,-7.52696,8.59033,3e-05,0.18607
12669.89,BTC-28JUN19,1561546741947,open,0.0,824.3,0.0005,0.046,0.00620164,124.5,0.007,0.0,BTC-28JUN19-14000-C,12656.95,129.36,0.007,1.0,0.009,30.0,140.7,2.03562,-67.55941,0.08805,0.0002,0.14144
13273.23,BTC-27DEC19,1561546741947,open,0.06,191.0,0.0155,0.0995,0.05741932,97.27,0.053,0.0,BTC-27DEC19-7500-P,12656.95,94.5,0.0535,6.0,0.057,1.0,96.98,18.91122,-5.00217,-11.90308,2e-05,-0.12059
13273.23,BTC-27DEC19,1561546741947,open,0.02,130.5,0.0005,0.057,0.01668478,100.88,0.016,0.0,BTC-27DEC19-5000-P,12656.95,99.01,0.0155,1.0,0.0195,5.0,105.1,8.53929,-2.34241,-3.96242,1e-05,-0.04257
13273.23,BTC-27DEC19,1561546741947,open,0.04,209.0,0.0005,0.0775,0.0364726,97.43,0.0365,0.0,BTC-27DEC19-6500-P,12656.95,94.68,0.0335,6.0,0.0405,5.0,101.05,14.54027,-3.85239,-8.06077,2e-05,-0.08408
12796.61,SYN.BTC-26JUL19,1561546741944,open,0.0,31.2,0.0005,0.0405,0.00074209,125.76,0.0035,0.0,BTC-26JUL19-5500-P,12656.95,119.87,0.0005,23.0,0.0025,11.0,149.46,0.59982,-1.26245,-0.06804,0.0,-0.00575
12701.78,SYN.BTC-5JUL19,1561546741943,open,0.01,83.2,0.0005,0.052,0.0121439,123.57,0.0135,0.0,BTC-5JUL19-16000-C,12656.95,126.06,0.013,1.0,0.015,10.0,131.63,4.30699,-29.98064,0.38039,9e-05,0.1353
12701.78,SYN.BTC-5JUL19,1561546741942,open,0.0,246.4,0.0005,0.0425,0.00246653,124.4,0.0045,0.0,BTC-5JUL19-9000-P,12656.95,119.8,0.002,11.0,0.005,17.0,143.39,1.36751,-9.58303,-0.10192,3e-05,-0.03053
13273.23,BTC-27DEC19,1561546741947,open,1.09,0.0,0.975,1.139,1.0569114,104.22,None,0.0,BTC-27DEC19-26000-P,12656.95,0.0,0.0035,10.0,1.854,0.2,500.0,32.50108,-9.21062,-117.81835,4e-05,-0.70508
12669.89,BTC-28JUN19,1561546741947,open,0.0,327.0,0.0005,0.04,1.296e-05,124.49,0.0005,0.0,BTC-28JUN19-9500-P,12656.95,0.0,0.0,0.0,0.0005,64.0,180.09,0.0172,-0.16414,-0.00036,0.0,-0.00054
13273.23,BTC-27DEC19,1561546741948,open,1.82,1.3,1.659,1.8805,1.76973407,109.63,2.889,0.0,BTC-27DEC19-36000-P,12656.95,0.0,0.0005,1.0,0.0,0.0,0.0,25.22053,-7.51851,-172.77372,3e-05,-0.81413
12796.61,SYN.BTC-26JUL19,1561546741946,open,0.01,153.1,0.0005,0.0455,0.00535566,114.47,0.005,0.0,BTC-26JUL19-7500-P,12656.95,108.04,0.004,17.0,0.008,17.0,124.85,2.9157,-5.58581,-0.43646,2e-05,-0.03631
13080.74,BTC-27SEP19,1561546741948,open,0.02,213.0,0.0005,0.06,0.01933354,100.99,0.0195,0.0,BTC-27SEP19-7000-P,12656.95,98.97,0.018,1.0,0.0215,1.0,104.15,8.77826,-4.77266,-2.94571,2e-05,-0.06917
13080.74,BTC-27SEP19,1561546741948,open,0.0,432.4,0.0005,0.0415,0.00164056,120.75,0.004,0.0,BTC-27SEP19-3500-P,12656.95,103.82,0.0005,1.0,0.0025,15.0,128.56,1.24919,-0.81205,-0.28009,0.0,-0.00677
12669.89,BTC-28JUN19,1561546741948,open,0.7,30.0,0.6645,0.744,0.7041182,500.0,0.298,0.0,BTC-28JUN19-3750-C,12656.95,0.0,0.0015,1.0,0.0,0.0,0.0,0.00606,-0.80766,0.19258,0.0,0.99983
12796.61,SYN.BTC-26JUL19,1561546741946,open,0.56,0.0,0.527,0.6065,0.56664819,0.0,0.4,0.0,BTC-26JUL19-5500-C,12656.95,0.0,0.0,0.0,0.0,0.0,0.0,0.0,0.0,4.50182,0.0,1.0
13273.23,BTC-27DEC19,1561546741948,open,0.0,184.7,0.0005,0.043,0.00325284,120.01,0.003,0.0,BTC-27DEC19-2500-P,12656.95,115.06,0.0025,1.0,0.005,5.0,129.3,2.18228,-0.71213,-0.78715,0.0,-0.00852
12796.61,SYN.BTC-26JUL19,1561546741946,open,0.01,109.2,0.0005,0.052,0.01156793,109.97,0.01,0.0,BTC-26JUL19-8500-P,12656.95,104.5,0.0095,40.6,0.013,16.0,113.51,5.04847,-9.29184,-0.88027,3e-05,-0.07247
13273.23,BTC-27DEC19,1561546741948,open,0.51,54.5,0.479,0.5585,0.51884315,97.29,0.485,0.0,BTC-27DEC19-7000-C,12656.95,0.0,0.4675,5.0,0.5285,5.0,104.75,16.73922,-4.42833,25.37224,2e-05,0.89829
12796.61,SYN.BTC-26JUL19,1561546741946,open,0.02,90.7,0.0005,0.0645,0.02398624,108.69,0.024,0.0,BTC-26JUL19-9500-P,12656.95,102.87,0.0205,40.0,0.0255,16.0,111.13,7.858,-14.29423,-1.6418,5e-05,-0.13276
12796.61,SYN.BTC-26JUL19,1561546741944,open,0.3,30.8,0.2665,0.346,0.30637881,93.18,0.296,0.0,BTC-26JUL19-9000-C,12656.95,0.0,0.0,0.0,0.0,0.0,0.0,5.0789,-7.92067,6.50003,4e-05,0.92696
12796.61,SYN.BTC-26JUL19,1561546741946,open,0.4,17.0,0.3735,0.453,0.41340944,0.0,0.246,0.0,BTC-26JUL19-7500-C,12656.95,0.0,0.005,0.1,0.0,0.0,0.0,0.0,0.0,6.13884,0.0,1.0
12701.78,SYN.BTC-5JUL19,1561546741942,open,0.05,206.0,0.0215,0.101,0.06132281,115.28,0.0565,0.0,BTC-5JUL19-13000-C,12656.95,117.98,0.063,1.0,0.0685,0.5,126.82,7.89579,-51.27634,1.30663,0.00017,0.48436
13080.74,BTC-27SEP19,1561546741949,open,0.58,227.1,0.547,0.6265,0.58672721,105.14,0.556,0.0,BTC-27SEP19-5500-C,12656.95,0.0,0.5345,5.0,0.6245,5.0,172.94,4.3402,-2.45677,12.79693,1e-05,0.9712
12796.61,SYN.BTC-26JUL19,1561546741946,open,0.48,0.0,0.4495,0.529,0.48947563,0.0,0.3665,0.0,BTC-26JUL19-6500-C,12656.95,0.0,0.01,1.0,0.0,0.0,0.0,0.0,0.0,5.32033,0.0,1.0
12796.61,SYN.BTC-26JUL19,1561546741944,open,0.33,31.7,0.301,0.3805,0.34069555,89.84,0.2775,0.0,BTC-26JUL19-8500-C,12656.95,0.0,0.0,0.0,0.0,0.0,0.0,3.32587,-5.00047,6.45852,3e-05,0.95731
12796.61,SYN.BTC-26JUL19,1561546741942,open,0.32,0.0,0.2585,0.3625,0.31054848,121.11,None,0.0,BTC-26JUL19-16000-P,12656.95,0.0,0.0005,1.0,0.0,0.0,0.0,13.06867,-26.4879,-10.38962,8e-05,-0.68138
12796.61,SYN.BTC-26JUL19,1561546741948,open,0.37,24.1,0.3365,0.416,0.37644137,82.41,0.365,0.0,BTC-26JUL19-8000-C,12656.95,0.0,0.161,0.1,0.0,0.0,0.0,1.57596,-2.17358,6.34882,1e-05,0.98258
13273.23,BTC-27DEC19,1561546741961,open,2.42,0.0,2.222,2.49,2.35599437,113.09,None,0.0,BTC-27DEC19-44000-P,12656.95,0.0,0.0005,4.0,2.8355,1.0,300.09,20.70894,-6.3681,-215.21182,2e-05,-0.86254
352.64,ETH-27SEP19,1561546741964,open,0.07,1508.0,0.025,0.109,0.067262,112.02,0.093,0.0,ETH-27SEP19-240-P,334.88,107.03,0.061,48.0,0.068,135.0,112.61,0.44612,-0.26905,-0.21078,0.00126,-0.16764
335.74,ETH-28JUN19,1561546741968,open,0.0,4695.0,0.001,0.04,0.0,120.0,0.001,0.0,ETH-28JUN19-110-P,334.88,0.0,0.0,0.0,0.001,120.0,500.0,0.0,0.0,0.0,0.0,0.0
352.64,ETH-27SEP19,1561546741970,open,0.29,104.0,0.221,0.322,0.271794,111.99,0.335,0.0,ETH-27SEP19-380-P,334.88,109.08,0.266,36.0,0.28,36.0,116.12,0.70169,-0.42306,-0.63897,0.00198,-0.44031
340.94,SYN.ETH-26JUL19,1561546741970,open,0.06,723.0,0.026,0.105,0.065168,109.03,0.069,0.0,ETH-26JUL19-400-C,334.88,108.88,0.065,319.0,0.074,319.0,117.21,0.36522,-0.66645,0.08252,0.00352,0.36086
335.74,ETH-28JUN19,1561546741973,open,0.0,649.0,0.001,0.04,0.0,119.99,0.001,0.0,ETH-28JUN19-480-C,334.88,0.0,0.0,0.0,0.001,199.0,228.37,2e-05,-0.00012,0.0,0.0,2e-05
13273.23,BTC-27DEC19,1561546741975,open,0.55,3.6,0.471,0.593,0.53192583,99.66,0.6285,0.0,BTC-27DEC19-18000-P,12656.95,96.67,0.5235,3.6,0.5425,3.6,103.4,37.47266,-10.15452,-71.05355,4e-05,-0.53069
13080.74,BTC-27SEP19,1561546742001,open,0.69,229.1,0.657,0.7365,0.69670699,116.11,0.6475,0.0,BTC-27SEP19-4000-C,12656.95,0.0,0.111,2.0,0.7815,5.0,299.08,1.80245,-1.12673,9.75257,0.0,0.98971
352.64,ETH-27SEP19,1561546742002,open,0.31,1921.0,0.279,0.358,0.318338,111.96,0.3,0.0,ETH-27SEP19-280-C,334.88,86.1,0.278,110.0,0.42,50.0,175.89,0.55902,-0.33696,0.39196,0.00158,0.75515
13080.74,BTC-27SEP19,1561546742005,open,0.04,258.1,0.0005,0.075,0.03409618,100.32,0.037,0.0,BTC-27SEP19-8000-P,12656.95,99.16,0.033,0.9,0.0365,1.0,102.82,12.43527,-6.7158,-4.80768,3e-05,-0.11035
352.64,ETH-27SEP19,1561546742009,open,0.08,759.0,0.047,0.126,0.0861,114.98,0.08,0.0,ETH-27SEP19-560-C,334.88,111.5,0.08,185.0,0.091,48.0,117.73,0.62393,-0.3862,0.19725,0.00171,0.30592
335.74,ETH-28JUN19,1561546742017,open,0.18,129.0,0.156,0.235,0.195779,0.0,0.185,0.0,ETH-28JUN19-270-C,334.88,0.0,0.03,2.0,0.266,1.0,500.0,0.0,0.0,0.01388,0.0,1.0
13273.23,BTC-27DEC19,1561546742021,open,0.26,13.5,0.207,0.307,0.25709633,97.27,0.259,0.0,BTC-27DEC19-13000-P,12656.95,96.29,0.2545,1.0,0.2655,5.0,100.46,35.02786,-9.26483,-40.84246,4e-05,-0.35371
335.74,ETH-28JUN19,1561546742041,open,0.0,341.0,0.001,0.041,0.001373,118.72,0.009,0.0,ETH-28JUN19-290-P,334.88,111.97,0.001,2.0,0.002,300.0,128.02,0.02028,-0.4611,-0.0007,0.00295,-0.03891
335.74,ETH-28JUN19,1561546742045,open,0.22,0.0,0.145,0.239,0.192091,119.21,0.463,0.0,ETH-28JUN19-400-P,334.88,0.0,0.0,0.0,0.27,1.0,500.0,0.01282,-0.40745,-0.02018,0.00186,-0.97761
12670.25,BTC-28JUN19,1561546742065,open,0.13,2.4,0.067,0.1555,0.11116791,124.58,0.5245,0.0,BTC-28JUN19-14000-P,12656.95,102.06,0.108,6.0,0.1155,6.0,148.87,2.03788,-67.67441,-0.63125,0.0002,-0.85834
340.94,SYN.ETH-26JUL19,1561546742070,open,0.0,606.0,0.001,0.042,0.002756,118.14,0.004,0.0,ETH-26JUL19-180-P,334.88,101.18,0.001,201.0,0.004,390.0,126.22,0.04673,-0.09239,-0.00628,0.00042,-0.01975
340.94,SYN.ETH-26JUL19,1561546742093,open,0.01,640.0,0.001,0.045,0.005368,114.36,0.006,0.0,ETH-26JUL19-200-P,334.88,102.31,0.003,390.0,0.007,390.0,121.0,0.07786,-0.14903,-0.01166,0.00072,-0.03642
12796.61,SYN.BTC-26JUL19,1561546742089,open,0.2,0.2,0.141,0.2355,0.18837157,114.58,0.1815,0.0,BTC-26JUL19-14000-P,12656.95,98.75,0.1705,14.4,0.1825,14.4,109.39,14.51698,-27.83674,-7.67005,9e-05,-0.54391
13273.23,BTC-27DEC19,1561546742102,open,0.68,1.5,0.5905,0.7225,0.65629861,100.76,0.766,0.0,BTC-27DEC19-20000-P,12656.95,97.4,0.647,3.6,0.667,3.6,104.63,36.71954,-10.06045,-83.02489,4e-05,-0.5854
335.74,ETH-28JUN19,1561546742104,open,0.02,193.0,0.001,0.054,0.013637,113.62,0.016,0.0,ETH-28JUN19-320-P,334.88,88.38,0.008,384.0,0.014,240.0,115.17,0.07872,-2.38438,-0.00479,0.01196,-0.26427
335.74,ETH-28JUN19,1561546742104,open,0.0,7787.0,0.001,0.04,0.0,120.03,0.001,0.0,ETH-28JUN19-150-P,334.88,0.0,0.0,0.0,0.001,639.0,499.49,0.0,0.0,0.0,0.0,0.0
335.74,ETH-28JUN19,1561546742104,open,0.0,3084.0,0.001,0.04,0.0,120.0,0.001,0.0,ETH-28JUN19-100-P,334.88,0.0,0.0,0.0,0.001,120.0,500.0,0.0,0.0,0.0,0.0,0.0
335.74,ETH-28JUN19,1561546742104,open,0.0,6505.0,0.001,0.04,1e-06,120.01,0.001,0.0,ETH-28JUN19-240-P,334.88,0.0,0.0,0.0,0.001,159.0,227.6,4e-05,-0.00027,0.0,1e-05,-4e-05
335.74,ETH-28JUN19,1561546742104,open,0.0,7937.0,0.001,0.04,0.0,120.04,0.001,0.0,ETH-28JUN19-190-P,334.88,0.0,0.0,0.0,0.001,220.0,363.84,0.0,0.0,0.0,0.0,0.0
335.74,ETH-28JUN19,1561546742106,open,0.24,540.0,0.216,0.295,0.255227,0.0,0.218,0.0,ETH-28JUN19-250-C,334.88,0.0,0.01,10.0,0.337,1.0,500.0,0.0,0.0,0.01285,0.0,1.0
335.74,ETH-28JUN19,1561546742106,open,0.03,1302.0,0.002,0.081,0.04129,112.95,0.031,0.0,ETH-28JUN19-330-C,334.88,90.12,0.035,20.0,0.04,21.0,108.29,0.09298,-2.79968,0.00964,0.01421,0.60004
352.64,ETH-27SEP19,1561546742108,open,0.1,912.0,0.063,0.142,0.102207,114.31,0.101,0.0,ETH-27SEP19-520-C,334.88,110.97,0.096,133.0,0.107,48.0,116.86,0.6589,-0.40548,0.22237,0.00182,0.35003
335.74,ETH-28JUN19,1561546742110,open,0.1,5531.0,0.07,0.149,0.109329,113.05,0.102,0.0,ETH-28JUN19-300-C,334.88,0.0,0.102,60.0,0.109,60.0,109.77,0.03457,-1.04181,0.01405,0.00528,0.92355
352.64,ETH-27SEP19,1561546742110,open,0.01,7525.0,0.001,0.047,0.007459,112.21,0.007,0.0,ETH-27SEP19-140-P,334.88,103.73,0.005,61.0,0.01,150.0,119.51,0.11342,-0.06852,-0.03159,0.00032,-0.02774
13273.23,BTC-27DEC19,1561546742114,open,0.68,1.5,0.5905,0.7225,0.65629861,100.76,0.766,0.0,BTC-27DEC19-20000-P,12656.95,97.58,0.6475,3.6,0.667,3.6,104.63,36.71954,-10.06045,-83.02489,4e-05,-0.5854
352.64,ETH-27SEP19,1561546742123,open,0.37,2153.0,0.347,0.426,0.386641,111.99,0.38,0.0,ETH-27SEP19-240-C,334.88,0.0,0.001,2.0,0.4,1.0,122.39,0.44607,-0.26894,0.39997,0.00126,0.83238
335.74,ETH-28JUN19,1561546742123,open,0.0,3085.0,0.001,0.04,3.2e-05,120.01,0.002,0.0,ETH-28JUN19-260-P,334.88,0.0,0.0,0.0,0.001,20.0,179.66,0.00102,-0.01073,-2e-05,0.00015,-0.00129
335.74,ETH-28JUN19,1561546742123,open,0.52,60.0,0.43,0.548,0.489292,180.1,0.83,0.0,ETH-28JUN19-500-P,334.88,0.0,0.0,0.0,0.619,1.0,500.0,0.001,-0.04817,-0.02567,0.0001,-0.99874
335.74,ETH-28JUN19,1561546742123,open,0.0,494.0,0.001,0.04,0.00014,120.1,0.001,0.0,ETH-28JUN19-270-P,334.88,0.0,0.0,0.0,0.001,20.0,156.65,0.0035,-0.04713,-9e-05,0.0005,-0.00503
335.74,ETH-28JUN19,1561546742129,open,0.0,1541.0,0.001,0.04,0.0,120.0,0.001,0.0,ETH-28JUN19-80-P,334.88,0.0,0.0,0.0,0.001,134.0,500.0,0.0,0.0,0.0,0.0,0.0
335.74,ETH-28JUN19,1561546742131,open,0.0,1075.0,0.001,0.04,0.000493,119.98,0.001,0.0,ETH-28JUN19-280-P,334.88,0.0,0.0,0.0,0.002,121.0,152.41,0.00944,-0.16548,-0.00028,0.00136,-0.01563
335.74,ETH-28JUN19,1561546742131,open,0.0,4774.0,0.001,0.04,0.0,120.02,0.02,0.0,ETH-28JUN19-120-P,334.88,0.0,0.0,0.0,0.001,120.0,500.0,0.0,0.0,0.0,0.0,0.0
335.74,ETH-28JUN19,1561546742131,open,0.34,0.0,0.259,0.363,0.310599,130.82,0.61,0.0,ETH-28JUN19-440-P,334.88,0.0,0.0,0.0,0.423,1.0,500.0,0.00172,-0.05988,-0.02257,0.00023,-0.99772
335.74,ETH-28JUN19,1561546742131,open,0.0,5105.0,0.001,0.04,0.0,120.01,0.002,0.0,ETH-28JUN19-220-P,334.88,0.0,0.0,0.0,0.001,20.0,278.81,0.0,0.0,0.0,0.0,0.0
12701.78,SYN.BTC-5JUL19,1561546742118,open,0.09,122.3,0.06,0.1395,0.09986291,113.82,0.1025,0.0,BTC-5JUL19-12000-C,12656.95,120.14,0.1035,1.0,0.107,18.0,126.22,7.26792,-46.59972,1.72611,0.00016,0.65872
13081.1,BTC-27SEP19,1561546742250,open,0.06,105.2,0.013,0.097,0.05499068,100.23,0.058,0.0,BTC-27SEP19-9000-P,12656.95,96.96,0.051,18.6,0.058,17.7,102.67,16.08815,-8.68147,-7.17283,4e-05,-0.1605
12796.61,SYN.BTC-26JUL19,1561546742255,open,0.02,158.6,0.0005,0.057,0.01671627,108.79,0.0185,0.0,BTC-26JUL19-9000-P,12656.95,104.23,0.0145,16.0,0.019,17.0,113.26,6.38525,-11.62601,-1.21361,4e-05,-0.09915
12796.31,SYN.BTC-26JUL19,1561546742347,open,0.54,0.0,0.4605,0.5815,0.52087037,133.78,None,0.0,BTC-26JUL19-19000-P,12656.95,0.0,0.0,0.0,0.0,0.0,0.0,10.25135,-22.9524,-13.83403,6e-05,-0.79994
12701.78,SYN.BTC-5JUL19,1561546742624,open,0.07,98.3,0.039,0.1185,0.07862508,114.23,0.085,0.0,BTC-5JUL19-12500-C,12656.95,118.91,0.0815,1.0,0.0865,34.0,127.08,7.77633,-50.04246,1.52081,0.00017,0.57102
12701.78,SYN.BTC-5JUL19,1561546742632,open,0.05,206.0,0.0215,0.101,0.06131397,115.28,0.0565,0.0,BTC-5JUL19-13000-C,12656.95,117.98,0.063,1.0,0.0685,10.5,126.82,7.89579,-51.27634,1.30663,0.00017,0.48436
12701.78,SYN.BTC-5JUL19,1561546742665,open,0.04,155.2,0.0075,0.087,0.04729942,116.54,0.0505,0.0,BTC-5JUL19-13500-C,12656.95,116.7,0.0475,1.0,0.054,11.0,127.42,7.66917,-50.34988,1.09963,0.00017,0.40342
12796.61,SYN.BTC-26JUL19,1561546742712,open,0.11,39.6,0.0865,0.166,0.12624189,101.67,0.1195,0.0,BTC-26JUL19-12500-C,12656.95,108.19,0.1335,1.0,0.138,10.0,112.24,14.23708,-24.22407,4.85138,0.0001,0.58942
335.74,ETH-28JUN19,1561546742748,open,0.1,59.0,0.039,0.124,0.081401,113.53,0.087,0.0,ETH-28JUN19-360-P,334.88,95.78,0.078,60.0,0.086,60.0,134.71,0.0688,-2.082,-0.01508,0.01046,-0.79291
336.97,SYN.ETH-5JUL19,1561546742770,open,0.02,816.0,0.001,0.061,0.021689,113.15,0.019,0.0,ETH-5JUL19-390-C,334.88,107.44,0.019,140.0,0.026,240.0,122.12,0.15941,-1.01615,0.01704,0.0051,0.22963
352.64,ETH-27SEP19,1561546742795,open,0.25,81.0,0.183,0.28,0.231468,110.02,0.409,0.0,ETH-27SEP19-360-P,334.88,108.25,0.228,48.0,0.242,48.0,115.42,0.68946,-0.40838,-0.57116,0.00198,-0.40506
352.64,ETH-27SEP19,1561546742801,open,0.04,3045.0,0.001,0.075,0.034304,111.99,0.032,0.0,ETH-27SEP19-200-P,334.88,106.99,0.03,60.0,0.036,208.0,113.9,0.31026,-0.18706,-0.11976,0.00088,-0.09916
13273.23,BTC-27DEC19,1561546742812,open,0.55,3.6,0.471,0.593,0.53196313,99.66,0.6285,0.0,BTC-27DEC19-18000-P,12656.95,96.67,0.5235,3.6,0.542,3.6,103.22,37.47266,-10.15452,-71.05355,4e-05,-0.53069
352.64,ETH-27SEP19,1561546742814,open,0.41,0.0,0.338,0.448,0.392789,112.3,None,0.0,ETH-27SEP19-440-P,334.88,109.9,0.388,36.0,0.405,36.0,118.39,0.70557,-0.42656,-0.83951,0.00199,-0.54279
12796.61,SYN.BTC-26JUL19,1561546742818,open,0.15,45.0,0.127,0.2065,0.16663873,100.6,0.1685,0.0,BTC-26JUL19-11500-C,12656.95,103.47,0.1695,20.4,0.18,20.4,113.89,12.79103,-21.53649,5.55257,9e-05,0.69675
13273.23,BTC-27DEC19,1561546742828,open,0.26,13.5,0.207,0.307,0.25711928,97.27,0.259,0.0,BTC-27DEC19-13000-P,12656.95,96.29,0.2545,1.0,0.2655,9.9,100.46,35.02786,-9.26483,-40.84246,4e-05,-0.35371
340.94,SYN.ETH-26JUL19,1561546742827,open,0.1,248.0,0.054,0.141,0.097505,114.29,0.089,0.0,ETH-26JUL19-320-P,334.88,101.67,0.084,20.0,0.092,192.0,109.15,0.36507,-0.69828,-0.12779,0.00336,-0.36042
352.64,ETH-27SEP19,1561546742834,open,0.21,239.0,0.153,0.249,0.200991,112.02,0.217,0.0,ETH-27SEP19-340-P,334.88,107.8,0.193,48.0,0.204,90.0,113.6,0.66816,-0.40293,-0.50719,0.00189,-0.36425
335.74,ETH-28JUN19,1561546742846,open,0.08,62.0,0.017,0.101,0.058741,114.01,0.061,0.0,ETH-28JUN19-350-P,334.88,95.03,0.054,60.0,0.062,60.0,126.56,0.08605,-2.61516,-0.01275,0.01303,-0.68015
337.04,SYN.ETH-5JUL19,1561546742863,open,0.07,3.0,0.017,0.1,0.058557,111.41,0.048,0.0,ETH-5JUL19-330-P,334.88,95.7,0.049,180.0,0.059,102.0,112.13,0.20517,-1.28766,-0.03901,0.00667,-0.41747
13080.76,BTC-27SEP19,1561546742922,open,0.91,0.2,0.8095,0.96,0.88462506,109.27,1.6,0.0,BTC-27SEP19-24000-P,12656.95,0.0,0.0005,1.0,0.0,0.0,0.0,18.72328,-11.01423,-55.92043,4e-05,-0.79545
12670.25,BTC-28JUN19,1561546742928,open,0.13,2.4,0.067,0.1555,0.11115416,124.58,0.5245,0.0,BTC-28JUN19-14000-P,12656.95,97.66,0.1075,6.0,0.1155,6.0,148.87,2.03788,-67.67441,-0.63125,0.0002,-0.85834
337.04,SYN.ETH-5JUL19,1561546742940,open,0.0,0.0,0.001,0.041,0.00122,120.81,None,0.0,ETH-5JUL19-230-P,334.88,0.0,0.0,0.0,0.003,400.0,140.88,0.02205,-0.15004,-0.00149,0.00066,-0.0169
13080.76,BTC-27SEP19,1561546742941,open,0.03,0.0,0.0005,0.069,0.02904231,114.85,None,0.0,BTC-27SEP19-30000-C,12656.93,112.37,0.0265,6.0,0.031,0.5,116.69,13.69735,-8.46928,3.24421,3e-05,0.12651
13080.76,BTC-27SEP19,1561546742941,open,1.36,0.0,1.23,1.415,1.32242742,114.8,None,0.0,BTC-27SEP19-30000-P,12656.93,0.0,0.0,0.0,0.0,0.0,0.0,13.68397,-8.4568,-73.0959,3e-05,-0.87367
13272.68,BTC-27DEC19,1561546742941,open,3.02,0.0,2.7935,3.109,2.95123601,117.87,None,0.0,BTC-27DEC19-52000-P,12656.93,0.0,0.0,0.0,0.0,0.0,0.0,17.98679,-5.76487,-256.68034,2e-05,-0.88763
13272.68,BTC-27DEC19,1561546742941,open,2.42,0.0,2.223,2.491,2.35705357,113.68,None,0.0,BTC-27DEC19-44000-P,12656.93,0.0,0.0005,4.0,2.8355,1.0,300.04,20.92975,-6.46959,-215.12896,2e-05,-0.86037
13272.68,BTC-27DEC19,1561546742942,open,2.12,0.0,1.941,2.1855,2.06326086,112.22,None,0.0,BTC-27DEC19-40000-P,12656.93,0.0,0.0005,3.0,0.0,0.0,0.0,23.09598,-7.04772,-193.99739,2e-05,-0.83813
12669.96,BTC-28JUN19,1561546742942,open,0.34,0.0,0.309,0.3885,0.34886842,182.88,None,0.0,BTC-28JUN19-8250-C,12656.93,0.0,0.0015,1.0,0.0,0.0,0.0,0.01379,-0.67228,0.42367,0.0,0.99958
12669.96,BTC-28JUN19,1561546742942,open,0.0,850.0,0.0005,0.04,0.0,124.49,0.0005,0.0,BTC-28JUN19-3000-P,12656.93,0.0,0.0,0.0,0.001,0.1,500.0,0.0,0.0,0.0,0.0,0.0
13272.66,BTC-27DEC19,1561546742942,open,0.89,0.0,0.848,0.9275,0.88759313,124.5,None,0.0,BTC-27DEC19-1500-C,12656.93,0.0,0.017,0.3,0.99,0.5,500.0,0.5461,-0.18488,7.39475,0.0,0.99819
13080.76,BTC-27SEP19,1561546742942,open,0.62,793.2,0.5825,0.662,0.62248993,106.51,0.5945,0.0,BTC-27SEP19-5000-C,12656.93,0.0,0.11,1.0,0.6395,0.1,150.34,3.16289,-1.81358,11.90738,1e-05,0.98024
12796.31,SYN.BTC-26JUL19,1561546742942,open,0.0,53.7,0.0005,0.0425,0.00249608,122.43,0.004,0.0,BTC-26JUL19-6500-P,12656.93,113.06,0.0015,11.0,0.0045,17.0,135.87,1.58008,-3.2375,-0.20916,1e-05,-0.01747
13080.76,BTC-27SEP19,1561546742943,open,0.0,604.3,0.0005,0.0405,0.00092016,124.38,0.0005,0.0,BTC-27SEP19-3000-P,12656.93,115.62,0.0005,10.9,0.002,16.0,138.32,0.76409,-0.51165,-0.16042,0.0,-0.0039
12796.31,SYN.BTC-26JUL19,1561546742942,open,0.52,0.0,0.488,0.5675,0.52799165,0.0,None,0.0,BTC-26JUL19-6000-C,12656.93,0.0,0.0,0.0,0.0,0.0,0.0,0.0,0.0,4.91107,0.0,1.0
12669.96,BTC-28JUN19,1561546742944,open,0.0,990.2,0.0005,0.04,0.0,124.49,0.0005,0.0,BTC-28JUN19-5000-P,12656.93,0.0,0.0,0.0,0.0005,0.3,500.0,0.0,0.0,0.0,0.0,0.0
12701.49,SYN.BTC-5JUL19,1561546742942,open,0.01,144.8,0.0005,0.0535,0.01316659,118.46,0.013,0.0,BTC-5JUL19-10500-P,12656.93,114.88,0.012,22.0,0.0155,36.0,125.31,4.20718,-28.07661,-0.44457,9e-05,-0.13077
12701.49,SYN.BTC-5JUL19,1561546742942,open,0.24,15.0,0.215,0.2945,0.25477337,109.73,0.2295,0.0,BTC-5JUL19-9500-C,12656.93,0.0,0.086,5.1,0.36,5.0,395.86,1.61257,-9.96823,2.18649,4e-05,0.96269
13272.66,BTC-27DEC19,1561546742945,open,0.14,325.8,0.11,0.1895,0.14950636,100.78,0.1415,0.0,BTC-27DEC19-20000-C,12656.93,99.33,0.1455,10.0,0.1565,5.0,103.3,36.71894,-10.06227,17.72846,4e-05,0.41465
12669.96,BTC-28JUN19,1561546742946,open,0.28,1068.9,0.25,0.3295,0.28965556,0.0,0.273,0.0,BTC-28JUN19-9000-C,12656.93,0.0,0.254,5.0,0.298,5.0,349.81,0.0,0.0,0.4625,0.0,1.0
13272.66,BTC-27DEC19,1561546742946,open,0.57,122.6,0.5365,0.616,0.57635546,98.02,0.57,0.0,BTC-27DEC19-6000-C,12656.93,0.0,0.0095,1.0,0.58,0.1,101.84,12.40306,-3.30604,23.76354,1e-05,0.93176
12669.96,BTC-28JUN19,1561546742946,open,0.0,884.7,0.0005,0.04,0.0,124.49,0.0005,0.0,BTC-28JUN19-5500-P,12656.93,0.0,0.0,0.0,0.001,4.0,500.0,0.0,0.0,0.0,0.0,0.0
12701.49,SYN.BTC-5JUL19,1561546742942,open,0.17,32.6,0.1445,0.224,0.18443011,112.05,0.1785,0.0,BTC-5JUL19-10500-C,12656.93,0.0,0.005,5.1,0.2905,5.0,342.04,3.95396,-24.95788,2.14943,9e-05,0.88035
12669.96,BTC-28JUN19,1561546742947,open,0.0,520.6,0.0005,0.04,0.0,124.49,0.0005,0.0,BTC-28JUN19-2000-P,12656.93,0.0,0.0,0.0,0.001,4.8,500.0,0.0,0.0,0.0,0.0,0.0
13272.66,BTC-27DEC19,1561546742946,open,0.67,6.5,0.633,0.7125,0.67287746,101.95,0.54,0.0,BTC-27DEC19-4500-C,12656.93,0.0,0.011,0.1,0.9815,1.0,500.0,6.70675,-1.8593,19.75391,1e-05,0.96831
12701.49,SYN.BTC-5JUL19,1561546742942,open,0.01,202.3,0.0005,0.048,0.00778224,119.52,0.0065,0.0,BTC-5JUL19-10000-P,12656.93,114.0,0.0065,17.0,0.01,1.0,128.21,3.06518,-20.63864,-0.28465,7e-05,-0.08438
13272.66,BTC-27DEC19,1561546742947,open,0.63,64.4,0.6,0.6795,0.639989,100.9,0.6165,0.0,BTC-27DEC19-5000-C,12656.93,0.0,0.5845,5.0,0.6795,5.0,147.87,8.54343,-2.34412,21.22311,1e-05,0.9574
13272.66,BTC-27DEC19,1561546742947,open,0.01,95.2,0.0005,0.052,0.01190571,101.92,0.0145,0.0,BTC-27DEC19-4500-P,12656.93,100.09,0.011,1.0,0.015,5.0,107.71,6.70276,-1.85767,-2.9132,1e-05,-0.03166
12669.96,BTC-28JUN19,1561546742948,open,0.6,688.2,0.5655,0.645,0.60536358,0.0,0.6,0.0,BTC-28JUN19-5000-C,12656.93,0.0,0.551,5.0,0.6595,5.0,500.0,0.0,0.0,0.25694,0.0,1.0
13080.76,BTC-27SEP19,1561546742948,open,0.63,13.5,0.601,0.6805,0.64052951,106.73,0.382,0.0,BTC-27SEP19-4750-C,12656.93,0.0,0.0035,10.0,0.7535,5.0,299.13,2.60558,-1.49714,11.44061,1e-05,0.98425
13272.66,BTC-27DEC19,1561546742949,open,0.77,0.0,0.738,0.8175,0.77791584,110.6,None,0.0,BTC-27DEC19-3000-C,12656.93,0.0,0.005,0.6,0.985,0.5,500.0,2.75019,-0.82712,14.10702,0.0,0.9889
13080.74,BTC-27SEP19,1561546742949,open,0.0,1647.1,0.0005,0.04,1.44e-05,124.38,0.001,0.0,BTC-27SEP19-1500-P,12656.93,0.0,0.0,0.0,0.0005,6.0,170.08,0.02196,-0.01471,-0.00325,0.0,-8e-05
12669.96,BTC-28JUN19,1561546742949,open,0.48,504.3,0.447,0.5265,0.48697266,0.0,0.292,0.0,BTC-28JUN19-6500-C,12656.93,0.0,0.0505,2.0,0.0,0.0,0.0,0.0,0.0,0.33403,0.0,1.0
12701.49,SYN.BTC-5JUL19,1561546742942,open,0.4,0.0,0.3685,0.448,0.4082013,0.0,None,0.0,BTC-5JUL19-7500-C,12656.93,0.0,0.0005,0.1,0.0,0.0,0.0,0.0,0.0,1.82377,0.0,1.0
12796.31,SYN.BTC-26JUL19,1561546742947,open,0.0,96.0,0.0005,0.0415,0.00155535,125.81,0.0015,0.0,BTC-26JUL19-6000-P,12656.93,118.23,0.001,1.0,0.0035,17.0,143.32,1.07522,-2.26392,-0.13338,1e-05,-0.01118
12701.49,SYN.BTC-5JUL19,1561546742968,open,0.02,135.6,0.0005,0.0615,0.02107719,117.69,0.022,0.0,BTC-5JUL19-11000-P,12656.93,116.33,0.0205,1.0,0.023,24.0,122.18,5.38652,-35.71344,-0.65402,0.00012,-0.19067
13272.66,BTC-27DEC19,1561546743100,open,0.95,0.0,0.843,0.996,0.91948978,102.88,None,0.0,BTC-27DEC19-24000-P,12656.93,0.0,0.0045,1.0,1.707,0.2,499.94,34.02342,-9.51851,-106.42759,4e-05,-0.67222
12669.94,BTC-28JUN19,1561546743113,open,0.44,803.2,0.408,0.4875,0.44750902,0.0,0.449,0.0,BTC-28JUN19-7000-C,12656.93,0.0,0.4,5.0,0.4715,5.0,500.0,0.0,0.0,0.35972,0.0,1.0
340.94,SYN.ETH-26JUL19,1561546743113,open,0.02,574.0,0.001,0.064,0.024065,115.31,0.024,0.0,ETH-26JUL19-500-C,334.88,113.77,0.023,339.0,0.029,192.0,122.15,0.23704,-0.45746,0.03785,0.00216,0.1597
12669.94,BTC-28JUN19,1561546743135,open,0.16,320.3,0.132,0.2115,0.17178136,124.37,0.167,0.0,BTC-28JUN19-10500-C,12656.93,0.0,0.1695,0.8,0.1775,5.0,203.84,0.35801,-11.86966,0.52902,3e-05,0.98428
13080.74,BTC-27SEP19,1561546743154,open,0.0,282.7,0.0005,0.0435,0.00365828,106.73,0.0045,0.0,BTC-27SEP19-4750-P,12656.93,96.85,0.002,19.0,0.0055,16.0,114.89,2.60559,-1.49715,-0.64596,1e-05,-0.01575
13080.74,BTC-27SEP19,1561546743154,open,0.0,225.5,0.0005,0.043,0.00316798,109.32,0.0045,0.0,BTC-27SEP19-4500-P,12656.93,97.5,0.0015,16.0,0.0045,15.0,116.15,2.28605,-1.34543,-0.5557,0.0,-0.01353
12701.49,SYN.BTC-5JUL19,1561546743154,open,0.32,5.0,0.2905,0.37,0.33026571,0.0,0.25,0.0,BTC-5JUL19-8500-C,12656.93,0.0,0.0005,0.1,0.0,0.0,0.0,0.0,0.0,2.06694,0.0,1.0
12796.31,SYN.BTC-26JUL19,1561546742973,open,0.2,0.2,0.141,0.2355,0.18836751,114.56,0.1815,0.0,BTC-26JUL19-14000-P,12656.93,98.74,0.1705,14.4,0.182,14.4,108.94,14.5164,-27.83097,-7.67043,9e-05,-0.54397
337.04,SYN.ETH-5JUL19,1561546743196,open,0.02,10.0,0.001,0.066,0.026979,111.9,0.028,0.0,ETH-5JUL19-380-C,334.88,106.09,0.024,135.0,0.03,2.0,117.65,0.17511,-1.10383,0.02026,0.00566,0.27416
13272.66,BTC-27DEC19,1561546743200,open,0.68,1.5,0.5905,0.7225,0.65635235,100.75,0.766,0.0,BTC-27DEC19-20000-P,12656.93,97.56,0.6475,3.6,0.6665,3.6,104.43,36.71723,-10.05946,-83.02665,4e-05,-0.58543
13272.66,BTC-27DEC19,1561546743202,open,0.68,1.5,0.5905,0.7225,0.65635235,100.75,0.766,0.0,BTC-27DEC19-20000-P,12656.93,97.38,0.647,3.6,0.6665,3.6,104.43,36.71723,-10.05946,-83.02665,4e-05,-0.58543
12796.34,SYN.BTC-26JUL19,1561546743217,open,0.26,41.8,0.2345,0.314,0.27418289,95.9,0.273,0.0,BTC-26JUL19-9500-C,12656.93,73.55,0.264,0.1,0.2865,0.1,116.45,6.91476,-11.09757,6.44285,5e-05,0.88931
12701.49,SYN.BTC-5JUL19,1561546743216,open,0.09,122.3,0.06,0.1395,0.0998663,113.83,0.1025,0.0,BTC-5JUL19-12000-C,12656.93,120.17,0.1035,1.0,0.1075,24.0,127.11,7.26819,-46.6051,1.72593,0.00016,0.65867
13080.74,BTC-27SEP19,1561546743225,open,0.0,419.5,0.0005,0.04,9.206e-05,124.38,0.001,0.0,BTC-27SEP19-2000-P,12656.93,0.0,0.0,0.0,0.001,19.6,160.02,0.11112,-0.07441,-0.01877,0.0,-0.00047
13080.74,BTC-27SEP19,1561546743225,open,0.73,261.1,0.6945,0.774,0.73407216,120.76,0.714,0.0,BTC-27SEP19-3500-C,12656.93,0.0,0.161,1.0,0.802,10.0,299.56,1.24946,-0.81227,8.62572,0.0,0.99322
12669.94,BTC-28JUN19,1561546743253,open,0.2,1148.4,0.171,0.2505,0.21082977,124.66,0.1945,0.0,BTC-28JUN19-10000-C,12656.93,0.0,0.2065,5.8,0.2165,5.8,238.68,0.09648,-3.2058,0.51152,1e-05,0.99646
337.04,SYN.ETH-5JUL19,1561546743262,open,0.02,15.0,0.001,0.057,0.017059,111.05,0.031,0.0,ETH-5JUL19-290-P,334.88,100.34,0.013,20.0,0.019,381.0,115.89,0.13294,-0.8316,-0.01532,0.00433,-0.16988
12670.04,BTC-28JUN19,1561546743291,open,0.0,470.7,0.0005,0.04,6e-08,124.49,0.0005,0.0,BTC-28JUN19-8500-P,12656.93,0.0,0.0,0.0,0.0005,1.0,240.95,0.00013,-0.00073,0.0,0.0,0.0
12670.04,BTC-28JUN19,1561546743295,open,0.0,133.4,0.0005,0.04,0.0,124.49,0.0005,0.0,BTC-28JUN19-3750-P,12656.93,0.0,0.0,0.0,0.0015,20.0,500.0,0.0,0.0,0.0,0.0,0.0
13080.75,BTC-27SEP19,1561546743309,open,0.06,318.3,0.022,0.1015,0.06175317,107.41,0.0565,0.0,BTC-27SEP19-22000-C,12656.93,105.66,0.059,18.1,0.068,19.1,111.28,20.76614,-12.00757,6.11623,4e-05,0.24551
340.94,SYN.ETH-26JUL19,1561546743342,open,0.05,574.0,0.007,0.089,0.047936,112.52,0.044,0.0,ETH-26JUL19-280-P,334.88,102.99,0.04,194.0,0.045,192.0,109.03,0.28871,-0.54371,-0.07474,0.0027,-0.21987
337.04,SYN.ETH-5JUL19,1561546743423,open,0.01,115.0,0.001,0.053,0.013199,113.57,0.012,0.0,ETH-5JUL19-410-C,334.88,107.43,0.011,168.0,0.016,240.0,120.86,0.1249,-0.79907,0.01157,0.00398,0.15436
337.04,SYN.ETH-5JUL19,1561546743458,open,0.12,95.0,0.091,0.17,0.130939,103.72,0.135,0.0,ETH-5JUL19-300-C,334.88,99.38,0.129,60.0,0.139,60.0,120.94,0.15218,-0.88918,0.05388,0.00531,0.78833
337.04,SYN.ETH-5JUL19,1561546743661,open,0.03,682.0,0.001,0.065,0.024514,111.28,0.024,0.0,ETH-5JUL19-300-P,334.88,108.01,0.023,53.0,0.026,373.0,114.44,0.15736,-0.98643,-0.02039,0.00512,-0.22433
340.94,SYN.ETH-26JUL19,1561546743697,open,0.23,104.0,0.164,0.26,0.21219,123.34,0.214,0.0,ETH-26JUL19-380-P,334.88,100.88,0.187,144.0,0.197,144.0,109.84,0.38581,-0.7964,-0.21329,0.00329,-0.55209
335.74,ETH-28JUN19,1561546743699,open,0.1,59.0,0.039,0.124,0.081375,113.53,0.087,0.0,ETH-28JUN19-360-P,334.88,101.28,0.079,60.0,0.086,60.0,134.71,0.0688,-2.082,-0.01508,0.01046,-0.79291
352.64,ETH-27SEP19,1561546743706,open,0.22,1034.0,0.197,0.276,0.236738,111.93,0.217,0.0,ETH-27SEP19-340-C,334.88,107.36,0.228,110.0,0.239,36.0,113.16,0.6682,-0.40264,0.35804,0.00189,0.63569
337.04,SYN.ETH-5JUL19,1561546743711,open,0.02,816.0,0.001,0.061,0.021689,113.14,0.019,0.0,ETH-5JUL19-390-C,334.88,107.36,0.019,140.0,0.025,240.0,120.0,0.15957,-1.01704,0.01707,0.00511,0.22995
352.64,ETH-27SEP19,1561546743719,open,0.28,2770.0,0.249,0.328,0.288528,111.92,0.276,0.0,ETH-27SEP19-300-C,334.88,106.4,0.279,110.0,0.287,1.0,111.07,0.60372,-0.36376,0.38292,0.0017,0.7152
352.64,ETH-27SEP19,1561546743726,open,0.41,0.0,0.337,0.448,0.392631,112.3,None,0.0,ETH-27SEP19-440-P,334.88,109.9,0.388,36.0,0.404,36.0,117.89,0.70557,-0.42656,-0.83951,0.00199,-0.54279
352.64,ETH-27SEP19,1561546743735,open,0.15,321.0,0.094,0.184,0.139254,111.96,0.154,0.0,ETH-27SEP19-300-P,334.88,107.14,0.131,48.0,0.141,110.0,112.98,0.60372,-0.3639,-0.38051,0.0017,-0.2848
352.64,ETH-27SEP19,1561546743744,open,0.08,759.0,0.047,0.126,0.0861,114.98,0.08,0.0,ETH-27SEP19-560-C,334.88,111.5,0.08,185.0,0.09,48.0,117.17,0.62393,-0.3862,0.19725,0.00171,0.30592
352.64,ETH-27SEP19,1561546743754,open,0.25,81.0,0.183,0.28,0.23147,110.02,0.409,0.0,ETH-27SEP19-360-P,334.88,108.76,0.229,48.0,0.242,48.0,115.42,0.68946,-0.40838,-0.57116,0.00198,-0.40506
337.04,SYN.ETH-5JUL19,1561546743762,open,0.0,0.0,0.001,0.04,0.000287,120.8,None,0.0,ETH-5JUL19-210-P,334.88,0.0,0.0,0.0,0.002,120.0,157.64,0.00704,-0.04788,-0.0004,0.00021,-0.00459
337.04,SYN.ETH-5JUL19,1561546743770,open,0.13,0.0,0.071,0.159,0.114903,118.41,None,0.0,ETH-5JUL19-360-P,334.88,94.91,0.101,180.0,0.114,180.0,116.9,0.20246,-1.35045,-0.05895,0.00619,-0.60435
336.97,SYN.ETH-5JUL19,1561546743781,open,0.15,105.0,0.091,0.181,0.136156,119.24,0.13,0.0,ETH-5JUL19-370-P,334.88,95.26,0.123,180.0,0.135,180.0,116.96,0.19274,-1.29472,-0.06517,0.00585,-0.65906
352.64,ETH-27SEP19,1561546743791,open,0.41,0.0,0.337,0.448,0.392631,112.3,None,0.0,ETH-27SEP19-440-P,334.88,110.4,0.389,36.0,0.404,36.0,117.89,0.70557,-0.42656,-0.83951,0.00199,-0.54279
352.64,ETH-27SEP19,1561546743804,open,0.2,1581.0,0.171,0.25,0.210598,109.99,0.197,0.0,ETH-27SEP19-360-C,334.88,107.67,0.206,140.0,0.217,36.0,113.3,0.68948,-0.40826,0.3449,0.00198,0.59491
340.94,SYN.ETH-26JUL19,1561546743821,open,0.08,565.0,0.028,0.113,0.070207,113.33,0.064,0.0,ETH-26JUL19-300-P,334.88,102.81,0.06,22.0,0.066,192.0,109.0,0.33328,-0.63213,-0.10021,0.00309,-0.28888
352.64,ETH-27SEP19,1561546743829,open,0.11,2514.0,0.08,0.159,0.119421,112.31,0.115,0.0,ETH-27SEP19-480-C,334.88,110.04,0.115,269.0,0.123,1.0,114.15,0.6859,-0.41473,0.24913,0.00193,0.39706
340.94,SYN.ETH-26JUL19,1561546743835,open,0.16,1144.0,0.137,0.216,0.176659,99.23,0.154,0.0,ETH-26JUL19-300-C,334.88,106.86,0.184,48.0,0.193,48.0,116.09,0.32648,-0.54218,0.15254,0.00346,0.72326
340.94,SYN.ETH-26JUL19,1561546743842,open,0.1,248.0,0.054,0.141,0.097491,114.29,0.089,0.0,ETH-26JUL19-320-P,334.88,101.67,0.084,212.0,0.092,192.0,109.15,0.36507,-0.69828,-0.12779,0.00336,-0.36042
352.64,ETH-27SEP19,1561546743851,open,0.21,239.0,0.153,0.248,0.200894,112.02,0.217,0.0,ETH-27SEP19-340-P,334.88,108.33,0.194,48.0,0.204,90.0,113.6,0.66816,-0.40293,-0.50719,0.00189,-0.36425
352.64,ETH-27SEP19,1561546743858,open,0.15,321.0,0.094,0.184,0.139254,111.96,0.154,0.0,ETH-27SEP19-300-P,334.88,107.73,0.132,48.0,0.141,110.0,112.98,0.60372,-0.3639,-0.38051,0.0017,-0.2848
352.64,ETH-27SEP19,1561546743863,open,0.25,1509.0,0.222,0.301,0.261389,111.96,0.243,0.0,ETH-27SEP19-320-C,334.88,106.8,0.252,110.0,0.263,36.0,112.85,0.64005,-0.3858,0.37133,0.00181,0.67522
352.64,ETH-27SEP19,1561546743878,open,0.17,3594.0,0.136,0.215,0.175927,111.97,0.177,0.0,ETH-27SEP19-400-C,334.88,109.05,0.17,140.0,0.18,121.0,114.03,0.70841,-0.42702,0.31206,0.002,0.52364
352.64,ETH-27SEP19,1561546743883,open,0.51,0.0,0.422,0.539,0.480583,112.31,None,0.0,ETH-27SEP19-480-P,334.88,110.98,0.478,36.0,0.494,36.0,119.17,0.6859,-0.41473,-0.97225,0.00193,-0.60294
337.05,SYN.ETH-5JUL19,1561546743905,open,0.0,178.0,0.001,0.042,0.002865,113.53,0.017,0.0,ETH-5JUL19-250-P,334.88,94.52,0.001,105.0,0.005,554.0,127.67,0.0433,-0.27696,-0.00334,0.00138,-0.03786
337.05,SYN.ETH-5JUL19,1561546743929,open,0.2,0.0,0.137,0.23,0.183337,122.48,None,0.0,ETH-5JUL19-390-P,334.88,0.0,0.0,0.0,0.0,0.0,0.0,0.1677,-1.15712,-0.07634,0.00496,-0.74808
12670.04,BTC-28JUN19,1561546743942,open,0.01,52.6,0.0005,0.049,0.009096,122.2,0.011,0.0,BTC-28JUN19-11750-P,12656.92,119.03,0.0085,2.0,0.0115,0.7,134.43,2.40717,-78.40965,-0.125,0.00024,-0.18289
12670.04,BTC-28JUN19,1561546743942,open,0.01,301.5,0.0005,0.0435,0.00344966,123.37,0.006,0.0,BTC-28JUN19-11250-P,12656.92,114.01,0.0025,1.1,0.0045,1.0,132.42,1.38225,-43.70729,-0.05597,0.00014,-0.08252
12701.54,SYN.BTC-5JUL19,1561546743942,open,0.02,140.3,0.0005,0.0675,0.02776147,119.29,0.03,0.0,BTC-5JUL19-14500-C,12656.92,118.78,0.0275,1.0,0.034,17.0,131.16,6.52453,-43.84465,0.74199,0.00014,0.268
12701.54,SYN.BTC-5JUL19,1561546743942,open,0.22,0.0,0.1575,0.2535,0.20534527,127.75,None,0.0,BTC-5JUL19-15000-P,12656.92,0.0,0.0,0.0,0.0,0.0,0.0,6.02985,-43.3939,-3.00918,0.00012,-0.76893
13272.48,BTC-27DEC19,1561546743944,open,0.04,35.7,0.0025,0.082,0.04210697,113.76,0.034,0.0,BTC-27DEC19-44000-C,12656.92,112.09,0.0395,1.0,0.0475,5.0,117.08,20.96123,-6.4842,6.54124,2e-05,0.13994
12670.03,BTC-28JUN19,1561546743945,open,0.24,324.3,0.2105,0.29,0.25020791,120.96,0.265,0.0,BTC-28JUN19-9500-C,12656.92,0.0,0.2095,5.0,0.2585,5.0,305.22,0.01263,-0.40725,0.48794,0.0,0.99962
12701.54,SYN.BTC-5JUL19,1561546743942,open,0.36,0.0,0.3295,0.409,0.3690415,0.0,None,0.0,BTC-5JUL19-8000-C,12656.92,0.0,0.0005,0.1,0.0,0.0,0.0,0.0,0.0,1.94536,0.0,1.0
13272.48,BTC-27DEC19,1561546743947,open,0.41,142.1,0.381,0.4605,0.42062884,97.28,0.43,0.0,BTC-27DEC19-9000-C,12656.92,95.34,0.417,1.0,0.43,0.8,102.26,24.88902,-6.58392,26.57067,3e-05,0.81802
12796.34,SYN.BTC-26JUL19,1561546743943,open,0.47,0.0,0.3915,0.5065,0.44898825,129.87,None,0.0,BTC-26JUL19-18000-P,12656.92,0.0,0.0,0.0,0.0,0.0,0.0,11.16802,-24.27373,-12.74761,6e-05,-0.76809
13080.75,BTC-27SEP19,1561546743947,open,0.0,1044.2,0.0005,0.043,0.00317622,114.84,0.0045,0.0,BTC-27SEP19-4250-P,12656.92,106.79,0.002,27.0,0.004,15.0,119.42,2.18862,-1.3531,-0.53384,0.0,-0.01286
12701.54,SYN.BTC-5JUL19,1561546743942,open,0.0,77.1,0.0005,0.04,0.00045628,124.99,0.001,0.0,BTC-5JUL19-8000-P,12656.92,126.43,0.0005,1.0,0.002,1.0,154.48,0.37479,-2.63897,-0.02232,1e-05,-0.00677
12670.03,BTC-28JUN19,1561546743947,open,0.0,402.3,0.0005,0.04,0.0,124.49,0.0005,0.0,BTC-28JUN19-3500-P,12656.92,0.0,0.0,0.0,0.0005,0.1,500.0,0.0,0.0,0.0,0.0,0.0
12670.03,BTC-28JUN19,1561546743947,open,0.0,681.3,0.0005,0.04,0.0,124.49,0.0025,0.0,BTC-28JUN19-7500-P,12656.92,0.0,0.0,0.0,0.0025,20.0,389.61,0.0,0.0,0.0,0.0,0.0
12796.34,SYN.BTC-26JUL19,1561546743942,open,0.02,59.5,0.0005,0.068,0.02830499,112.78,0.03,0.0,BTC-26JUL19-18000-C,12656.92,114.33,0.0295,1.0,0.033,25.3,118.76,9.77511,-18.45075,1.64213,6e-05,0.18509
13080.75,BTC-27SEP19,1561546743947,open,0.31,888.7,0.2775,0.357,0.31742212,100.24,0.31,0.0,BTC-27SEP19-10000-C,12656.92,96.56,0.312,1.0,0.327,1.0,106.67,19.35945,-10.44679,15.51202,4e-05,0.78347
12701.54,SYN.BTC-5JUL19,1561546743942,open,0.29,0.0,0.224,0.3255,0.27493477,132.3,None,0.0,BTC-5JUL19-16000-P,12656.92,0.0,0.0,0.0,0.0,0.0,0.0,4.71634,-35.14955,-3.45958,9e-05,-0.84517
12701.54,SYN.BTC-5JUL19,1561546743943,open,0.21,18.1,0.179,0.2585,0.21851344,110.86,0.1945,0.0,BTC-5JUL19-10000-C,12656.92,94.04,0.2155,0.1,0.324,5.0,366.21,2.68325,-16.75754,2.19499,6e-05,0.92918
12670.03,BTC-28JUN19,1561546743948,open,0.72,143.0,0.684,0.7635,0.72375603,0.0,0.55,0.0,BTC-28JUN19-3500-C,12656.92,0.0,0.001,10.0,0.0,0.0,0.0,0.0,0.0,0.17986,0.0,1.0
13080.74,BTC-27SEP19,1561546743948,open,0.71,0.0,0.6755,0.755,0.71541033,118.83,None,0.0,BTC-27SEP19-3750-C,12656.92,0.0,0.006,6.1,0.7915,10.0,299.16,1.53508,-0.98201,9.18746,0.0,0.99144
12670.03,BTC-28JUN19,1561546743949,open,0.0,728.3,0.0005,0.04,9.824e-05,124.49,0.0005,0.0,BTC-28JUN19-10000-P,12656.92,0.0,0.0,0.0,0.001,1.0,168.12,0.09558,-1.24472,-0.00235,1e-05,-0.00351
12670.03,BTC-28JUN19,1561546743949,open,0.68,322.4,0.6445,0.724,0.68429261,0.0,0.674,0.0,BTC-28JUN19-4000-C,12656.92,0.0,0.627,5.0,0.741,5.0,500.0,0.0,0.0,0.20556,0.0,1.0
12796.34,SYN.BTC-26JUL19,1561546743946,open,0.12,24.5,0.0685,0.157,0.11283083,110.44,0.107,0.0,BTC-26JUL19-12500-P,12656.92,102.94,0.1045,1.0,0.1105,19.3,108.34,14.21697,-26.27671,-5.45743,0.0001,-0.40822
12796.34,SYN.BTC-26JUL19,1561546743946,open,0.01,105.8,0.0005,0.048,0.00785147,111.68,0.0055,0.0,BTC-26JUL19-8000-P,12656.92,105.14,0.006,40.0,0.0095,17.0,116.88,3.86974,-7.23296,-0.62235,3e-05,-0.05157
13080.74,BTC-27SEP19,1561546743950,open,0.04,214.2,0.01,0.0895,0.04991345,109.3,0.048,0.0,BTC-27SEP19-24000-C,12656.92,107.96,0.048,14.5,0.0555,18.5,113.13,18.72925,-11.02087,5.1507,4e-05,0.20466
12796.34,SYN.BTC-26JUL19,1561546743948,open,0.03,322.4,0.0005,0.074,0.03312543,108.56,0.0315,0.0,BTC-26JUL19-10000-P,12656.92,104.21,0.03,0.1,0.032,6.9,107.01,9.30825,-16.91192,-2.14075,6e-05,-0.17126
335.75,ETH-28JUN19,1561546743985,open,0.16,0.0,0.09,0.179,0.134582,117.28,None,0.0,ETH-28JUN19-380-P,334.88,0.0,0.0,0.0,0.204,1.0,420.07,0.03451,-1.07889,-0.01826,0.00508,-0.92372
337.05,SYN.ETH-5JUL19,1561546744054,open,0.04,76.0,0.001,0.074,0.033479,110.71,0.029,0.0,ETH-5JUL19-310-P,334.88,100.22,0.028,20.0,0.035,124.0,113.58,0.17815,-1.11102,-0.02602,0.00583,-0.28403
337.05,SYN.ETH-5JUL19,1561546744096,open,0.22,0.0,0.19,0.269,0.229937,87.75,None,0.0,ETH-5JUL19-260-C,334.88,0.0,0.0,0.0,0.0,0.0,0.0,0.0304,-0.15029,0.06109,0.00125,0.97531
337.05,SYN.ETH-5JUL19,1561546744257,open,0.08,94.0,0.052,0.131,0.091813,104.59,0.104,0.0,ETH-5JUL19-320-C,334.88,108.39,0.094,20.0,0.101,180.0,120.48,0.19357,-1.14047,0.04619,0.0067,0.65536
12670.13,BTC-28JUN19,1561546744360,open,0.22,45.6,0.191,0.2705,0.23050557,122.77,0.151,0.0,BTC-28JUN19-9750-C,12656.92,0.0,0.02,4.0,0.3085,0.3,500.0,0.03783,-1.23797,0.5002,0.0,0.99874
337.05,SYN.ETH-5JUL19,1561546744490,open,0.05,1.0,0.004,0.086,0.044932,111.01,0.069,0.0,ETH-5JUL19-320-P,334.88,98.95,0.038,20.0,0.045,5.0,111.13,0.1946,-1.21698,-0.03234,0.00635,-0.3496
337.05,SYN.ETH-5JUL19,1561546744548,open,0.19,0.0,0.164,0.243,0.203046,96.16,None,0.0,ETH-5JUL19-270-C,334.88,0.0,0.0,0.0,0.0,0.0,0.0,0.06267,-0.33949,0.06039,0.00236,0.93993
12701.54,SYN.BTC-5JUL19,1561546744679,open,0.24,15.0,0.215,0.2945,0.2547813,109.73,0.2295,0.0,BTC-5JUL19-9500-C,12656.92,0.0,0.086,0.1,0.36,5.0,395.86,1.61262,-9.96873,2.18649,4e-05,0.96269
12701.54,SYN.BTC-5JUL19,1561546744680,open,0.24,15.0,0.215,0.2945,0.2547813,109.73,0.2295,0.0,BTC-5JUL19-9500-C,12656.92,0.0,0.086,0.1,0.0,0.0,0.0,1.61262,-9.96873,2.18649,4e-05,0.96269
352.64,ETH-27SEP19,1561546744807,open,0.2,1581.0,0.171,0.25,0.2106,109.99,0.197,0.0,ETH-27SEP19-360-C,334.88,107.67,0.206,140.0,0.217,151.0,113.3,0.68948,-0.40826,0.3449,0.00198,0.59491
352.65,ETH-27SEP19,1561546744889,open,0.34,1383.0,0.312,0.391,0.351022,111.98,0.338,0.0,ETH-27SEP19-260-C,334.88,0.0,0.05,5.0,0.35,1.0,111.27,0.50621,-0.30517,0.39792,0.00143,0.79447
352.65,ETH-27SEP19,1561546744892,open,0.41,861.0,0.386,0.465,0.425337,111.98,0.37,0.0,ETH-27SEP19-220-C,334.88,0.0,0.005,1.0,0.56,10.0,222.62,0.37998,-0.22907,0.39736,0.00107,0.86817
352.65,ETH-27SEP19,1561546744892,open,0.71,24.0,0.608,0.741,0.674121,115.0,1.356,0.0,ETH-27SEP19-560-P,334.88,0.0,0.0,0.0,0.0,0.0,0.0,0.62402,-0.38633,-1.22765,0.00171,-0.69399
352.65,ETH-27SEP19,1561546744897,open,0.46,1740.0,0.428,0.507,0.467152,111.98,0.42,0.0,ETH-27SEP19-200-C,334.88,0.0,0.125,30.0,0.583,4.0,219.9,0.31021,-0.187,0.38919,0.00088,0.90087
335.75,ETH-28JUN19,1561546744901,open,0.51,924.0,0.484,0.563,0.523441,0.0,0.35,0.0,ETH-28JUN19-160-C,334.88,0.0,0.01,100.0,0.0,0.0,0.0,0.0,0.0,0.00822,0.0,1.0
352.65,ETH-27SEP19,1561546744911,open,0.0,8150.0,0.001,0.044,0.004462,117.08,0.003,0.0,ETH-27SEP19-120-P,334.88,109.38,0.003,60.0,0.006,150.0,123.71,0.07491,-0.04722,-0.01924,0.0002,-0.01698
337.05,SYN.ETH-5JUL19,1561546744911,open,0.01,570.0,0.001,0.047,0.007239,110.68,0.013,0.0,ETH-5JUL19-270-P,334.88,89.68,0.003,470.0,0.01,450.0,121.25,0.08187,-0.51048,-0.00757,0.00268,-0.08512
12670.13,BTC-28JUN19,1561546744942,open,0.0,41.4,0.0005,0.04,1e-08,124.49,0.0005,0.0,BTC-28JUN19-8250-P,12656.34,0.0,0.0,0.0,0.0005,1.0,257.1,3e-05,-0.00013,0.0,0.0,0.0
12670.13,BTC-28JUN19,1561546744942,open,0.18,36.2,0.1515,0.231,0.19124,124.11,0.131,0.0,BTC-28JUN19-10250-C,12656.34,0.0,0.1885,0.8,0.1975,0.8,225.88,0.19062,-6.30651,0.52163,2e-05,0.99239
13271.74,BTC-27DEC19,1561546744943,open,0.54,63.0,0.507,0.5865,0.54674915,97.46,0.543,0.0,BTC-27DEC19-6500-C,12656.34,0.0,0.0005,2.0,0.977,2.0,500.0,14.54517,-3.85461,24.67915,2e-05,0.91587
12670.13,BTC-28JUN19,1561546744943,open,0.04,56.5,0.0005,0.069,0.02813135,121.24,0.027,0.0,BTC-28JUN19-12500-P,12656.34,120.77,0.028,1.0,0.032,21.5,135.02,3.55244,-114.81186,-0.29252,0.00036,-0.42113
13080.76,BTC-27SEP19,1561546744943,open,0.81,55.9,0.7695,0.849,0.80922117,124.38,0.689,0.0,BTC-27SEP19-2500-C,12656.34,0.0,0.0035,10.0,0.9485,5.0,500.0,0.33803,-0.22635,6.29732,0.0,0.99842
12670.13,BTC-28JUN19,1561546744944,open,0.8,24.4,0.763,0.8425,0.80268413,0.0,0.5115,0.0,BTC-28JUN19-2500-C,12656.34,0.0,0.001,10.0,0.0,0.0,0.0,0.0,0.0,0.12847,0.0,1.0
12670.13,BTC-28JUN19,1561546744944,open,0.0,185.4,0.0005,0.04,4.03e-06,124.49,0.0005,0.0,BTC-28JUN19-9250-P,12656.34,0.0,0.0,0.0,0.0005,1.5,194.81,0.00619,-0.05101,-0.00012,0.0,-0.00018
12701.62,SYN.BTC-5JUL19,1561546744942,open,0.07,71.8,0.023,0.1075,0.06521262,118.25,0.068,0.0,BTC-5JUL19-12500-P,12656.34,115.45,0.0635,1.0,0.068,18.0,122.8,7.77622,-51.80027,-1.52639,0.00017,-0.42898
12669.55,BTC-28JUN19,1561546744945,open,0.0,451.6,0.0005,0.04,1.11e-06,124.48,0.0005,0.0,BTC-28JUN19-9000-P,12656.34,0.0,0.0,0.0,0.0005,1.0,209.81,0.00197,-0.01412,-4e-05,0.0,-5e-05
12669.55,BTC-28JUN19,1561546744945,open,0.0,506.9,0.0005,0.042,0.00200306,124.42,0.0025,0.0,BTC-28JUN19-11000-P,12656.34,117.28,0.0015,13.0,0.003,1.0,136.19,0.96158,-25.37787,-0.03495,9e-05,-0.05167
13271.74,BTC-27DEC19,1561546744946,open,0.01,145.6,0.0005,0.049,0.00881173,104.93,0.008,0.0,BTC-27DEC19-4000-P,12656.34,102.84,0.008,18.3,0.01,5.0,107.83,5.26395,-1.502,-2.17367,1e-05,-0.0237
12669.55,BTC-28JUN19,1561546744946,open,0.0,1270.8,0.0005,0.04,0.0,124.49,0.0005,0.0,BTC-28JUN19-1500-P,12656.34,0.0,0.0,0.0,0.0235,0.8,500.0,0.0,0.0,0.0,0.0,0.0
13080.76,BTC-27SEP19,1561546744946,open,0.54,715.2,0.5115,0.591,0.55145447,103.19,0.55,0.0,BTC-27SEP19-6000-C,12656.34,82.07,0.5445,0.4,0.0,0.0,0.0,5.61767,-3.12071,13.61791,1e-05,0.96059
12669.55,BTC-28JUN19,1561546744946,open,0.56,148.3,0.526,0.6055,0.56590474,346.45,0.402,0.0,BTC-28JUN19-5500-C,12656.34,0.0,0.0015,1.0,0.0,0.0,0.0,0.00838,-0.77373,0.28247,0.0,0.99975
13080.76,BTC-27SEP19,1561546744946,open,0.0,389.6,0.0005,0.0425,0.00240398,115.41,0.0025,0.0,BTC-27SEP19-4000-P,12656.34,101.92,0.001,15.0,0.0035,16.0,122.63,1.75867,-1.09268,-0.41287,0.0,-0.01
12701.62,SYN.BTC-5JUL19,1561546744943,open,0.0,143.9,0.0005,0.0445,0.00458221,122.36,0.0045,0.0,BTC-5JUL19-9500-P,12656.34,118.78,0.004,15.0,0.006,1.0,130.22,2.13587,-14.72278,-0.17748,4e-05,-0.05288
12796.4,SYN.BTC-26JUL19,1561546744946,open,0.14,38.9,0.09,0.1805,0.13525107,110.98,0.1315,0.0,BTC-26JUL19-13000-P,12656.34,102.39,0.1255,1.0,0.1325,14.4,108.55,14.51874,-26.96623,-6.19892,0.0001,-0.45659
12796.4,SYN.BTC-26JUL19,1561546744942,open,0.02,1.1,0.0005,0.061,0.02125442,113.53,0.024,0.0,BTC-26JUL19-19000-C,12656.34,116.89,0.0235,1.0,0.0265,25.3,121.19,8.37606,-15.91526,1.30473,6e-05,0.14582
12796.4,SYN.BTC-26JUL19,1561546744944,open,0.0,135.9,0.0005,0.044,0.00392924,119.66,0.003,0.0,BTC-26JUL19-7000-P,12656.34,110.46,0.0025,20.9,0.006,17.0,130.03,2.25345,-4.5127,-0.31973,1e-05,-0.0266
12796.4,SYN.BTC-26JUL19,1561546744946,open,0.2,88.3,0.176,0.2555,0.215902,98.86,0.2065,0.0,BTC-26JUL19-10500-C,12656.34,95.21,0.213,14.0,0.2325,3.0,118.78,10.2573,-16.97145,6.11517,8e-05,0.79974
12796.4,SYN.BTC-26JUL19,1561546744948,open,0.09,36.7,0.049,0.136,0.09247456,109.96,0.092,0.0,BTC-26JUL19-12000-P,12656.34,103.9,0.086,1.0,0.091,19.3,108.58,13.68122,-25.17706,-4.72711,9e-05,-0.35884
335.75,ETH-28JUN19,1561546744952,open,0.33,1722.0,0.305,0.384,0.344731,0.0,0.3,0.0,ETH-28JUN19-220-C,334.91,0.0,0.0,0.0,0.0,0.0,0.0,0.0,0.0,0.01131,0.0,1.0
352.65,ETH-27SEP19,1561546744952,open,0.09,805.0,0.045,0.131,0.088317,112.0,0.093,0.0,ETH-27SEP19-260-P,334.91,109.68,0.085,1.0,0.089,127.0,112.47,0.50622,-0.30522,-0.26369,0.00143,-0.20554
352.65,ETH-27SEP19,1561546744952,open,0.12,574.0,0.068,0.156,0.112347,111.97,0.111,0.0,ETH-27SEP19-280-P,334.91,107.33,0.105,48.0,0.113,119.0,112.38,0.55902,-0.33697,-0.32051,0.00158,-0.24483
335.75,ETH-28JUN19,1561546744952,open,0.0,2027.0,0.001,0.04,0.0,120.0,0.001,0.0,ETH-28JUN19-90-P,334.91,0.0,0.0,0.0,0.001,120.0,500.0,0.0,0.0,0.0,0.0,0.0
335.75,ETH-28JUN19,1561546744952,open,0.04,120.0,0.001,0.065,0.024309,113.42,0.049,0.0,ETH-28JUN19-330-P,334.91,90.51,0.018,180.0,0.026,282.0,119.52,0.09299,-2.81148,-0.00732,0.01415,-0.40009
352.65,ETH-27SEP19,1561546744952,open,0.02,4915.0,0.001,0.063,0.022483,112.0,0.023,0.0,ETH-27SEP19-180-P,334.91,106.7,0.019,60.0,0.025,210.0,115.62,0.23988,-0.14463,-0.08334,0.00068,-0.07039
335.75,ETH-28JUN19,1561546744952,open,0.27,1071.0,0.246,0.325,0.285162,0.0,0.254,0.0,ETH-28JUN19-240-C,334.91,0.0,0.002,10.0,0.294,10.0,349.64,0.0,0.0,0.01233,0.0,1.0
335.75,ETH-28JUN19,1561546744952,open,0.0,7876.0,0.001,0.04,0.0,120.01,0.001,0.0,ETH-28JUN19-170-P,334.91,0.0,0.0,0.0,0.001,320.0,427.8,0.0,0.0,0.0,0.0,0.0
352.65,ETH-27SEP19,1561546744952,open,0.81,27.0,0.704,0.845,0.774204,115.55,1.519,0.0,ETH-27SEP19-600-P,334.91,0.0,0.0,0.0,0.0,0.0,0.0,0.58546,-0.3642,-1.35199,0.0016,-0.73248
335.75,ETH-28JUN19,1561546744952,open,0.0,6493.0,0.001,0.04,0.000658,118.26,0.001,0.0,ETH-28JUN19-400-C,334.91,0.0,0.0,0.0,0.001,1.0,126.32,0.01241,-0.22082,0.00036,0.00181,0.02153
335.75,ETH-28JUN19,1561546744952,open,0.46,60.0,0.373,0.486,0.429678,162.91,0.757,0.0,ETH-28JUN19-480-P,334.91,0.0,0.0,0.0,0.569,1.0,500.0,0.00106,-0.04602,-0.02464,0.00011,-0.99866
335.75,ETH-28JUN19,1561546744952,open,0.0,1389.0,0.001,0.04,0.0,120.01,0.001,0.0,ETH-28JUN19-230-P,334.91,0.0,0.0,0.0,0.001,20.0,252.76,1e-05,-3e-05,0.0,0.0,0.0
335.75,ETH-28JUN19,1561546744952,open,0.39,2169.0,0.365,0.444,0.404301,0.0,0.4,0.0,ETH-28JUN19-200-C,334.91,0.0,0.001,10.0,0.0,0.0,0.0,0.0,0.0,0.01028,0.0,1.0
335.75,ETH-28JUN19,1561546744952,open,0.3,35.0,0.275,0.354,0.314946,0.0,0.159,0.0,ETH-28JUN19-230-C,334.91,0.0,0.0,0.0,0.412,1.0,500.0,0.0,0.0,0.01182,0.0,1.0
352.65,ETH-27SEP19,1561546744952,open,0.6,191.0,0.571,0.65,0.610453,112.18,0.5,0.0,ETH-27SEP19-140-C,334.91,0.0,0.014,5.0,0.0,0.0,0.0,0.11332,-0.06844,0.32468,0.00032,0.97228
335.75,ETH-28JUN19,1561546744952,open,0.76,0.0,0.722,0.801,0.76172,0.0,None,0.0,ETH-28JUN19-80-C,334.91,0.0,0.001,20.0,0.0,0.0,0.0,0.0,0.0,0.00411,0.0,1.0
352.65,ETH-27SEP19,1561546744952,open,0.83,0.0,0.79,0.869,0.829972,119.38,0.01,0.0,ETH-27SEP19-60-C,334.91,0.0,0.004,5.0,0.0,0.0,0.0,0.0037,-0.00238,0.15204,1e-05,0.99941
335.75,ETH-28JUN19,1561546744952,open,0.57,335.0,0.544,0.623,0.583011,0.0,0.481,0.0,ETH-28JUN19-140-C,334.91,0.0,0.01,100.0,0.999,1.0,500.0,0.0,0.0,0.00719,0.0,1.0
352.65,ETH-27SEP19,1561546744952,open,0.77,0.0,0.734,0.813,0.77378,119.69,None,0.0,ETH-27SEP19-80-C,334.91,0.0,0.004,5.0,0.0,0.0,0.0,0.01579,-0.01017,0.20039,4e-05,0.9971
335.75,ETH-28JUN19,1561546744953,open,0.42,553.0,0.395,0.474,0.434086,0.0,0.28,0.0,ETH-28JUN19-190-C,334.91,0.0,0.0,0.0,0.0,0.0,0.0,0.0,0.0,0.00976,0.0,1.0
352.65,ETH-27SEP19,1561546744953,open,0.05,2546.0,0.008,0.091,0.049203,112.0,0.051,0.0,ETH-27SEP19-220-P,334.91,107.1,0.044,60.0,0.05,142.0,112.73,0.38001,-0.22912,-0.16247,0.00107,-0.13185
335.75,ETH-28JUN19,1561546744953,open,0.12,629.0,0.098,0.177,0.137609,118.29,0.12,0.0,ETH-28JUN19-290-C,334.91,0.0,0.101,30.0,0.152,30.0,230.29,0.02005,-0.63227,0.01422,0.00293,0.96163
335.75,ETH-28JUN19,1561546744952,open,0.0,8702.0,0.001,0.04,0.0,120.01,0.001,0.0,ETH-28JUN19-180-P,334.91,0.0,0.0,0.0,0.001,420.0,394.98,0.0,0.0,0.0,0.0,0.0
352.65,ETH-27SEP19,1561546744953,open,0.0,4126.0,0.001,0.042,0.001998,119.0,0.001,0.0,ETH-27SEP19-100-P,334.91,0.0,0.0,0.0,0.004,150.0,133.01,0.03987,-0.02555,-0.00916,0.00011,-0.00821
337.05,SYN.ETH-5JUL19,1561546744952,open,0.0,0.0,0.001,0.04,0.000619,120.88,None,0.0,ETH-5JUL19-220-P,334.91,0.0,0.0,0.0,0.003,570.0,154.75,0.01303,-0.0887,-0.0008,0.00039,-0.0092
352.68,ETH-27SEP19,1561546744953,open,0.66,47.0,0.625,0.704,0.664171,116.9,0.671,0.0,ETH-27SEP19-120-C,334.91,0.0,0.609,30.0,0.674,30.0,149.22,0.07454,-0.04691,0.28623,0.0002,0.98312
335.75,ETH-28JUN19,1561546744953,open,0.01,6335.0,0.001,0.049,0.009117,113.37,0.007,0.0,ETH-28JUN19-360-C,334.91,91.45,0.005,405.0,0.01,240.0,117.63,0.06875,-2.07764,0.00341,0.01047,0.20684
335.75,ETH-28JUN19,1561546744953,open,0.0,5456.0,0.001,0.04,0.0,120.01,0.001,0.0,ETH-28JUN19-210-P,334.91,0.0,0.0,0.0,0.001,20.0,305.94,0.0,0.0,0.0,0.0,0.0
335.75,ETH-28JUN19,1561546744953,open,0.15,1210.0,0.127,0.206,0.166514,119.09,0.177,0.0,ETH-28JUN19-280-C,334.91,0.0,0.02,20.0,0.179,2.0,248.01,0.00912,-0.28961,0.01412,0.00132,0.98498
352.68,ETH-27SEP19,1561546744953,open,0.71,0.0,0.679,0.758,0.718422,118.73,None,0.0,ETH-27SEP19-100-C,334.91,0.0,0.004,5.0,0.0,0.0,0.0,0.03946,-0.02522,0.24541,0.00011,0.99189
335.75,ETH-28JUN19,1561546744953,open,0.0,5711.0,0.001,0.04,0.0,120.0,0.001,0.0,ETH-28JUN19-160-P,334.91,0.0,0.0,0.0,0.001,130.0,462.55,0.0,0.0,0.0,0.0,0.0
335.75,ETH-28JUN19,1561546744953,open,0.01,156.0,0.001,0.047,0.00674,113.42,0.006,0.0,ETH-28JUN19-310-P,334.91,88.23,0.003,20.0,0.007,300.0,114.95,0.05696,-1.72209,-0.00276,0.00867,-0.15338
352.68,ETH-27SEP19,1561546744953,open,0.5,743.0,0.473,0.552,0.512048,111.92,0.47,0.0,ETH-27SEP19-180-C,334.91,0.0,0.222,100.0,0.61,9.0,218.48,0.23963,-0.14439,0.37481,0.00068,0.92971
335.75,ETH-28JUN19,1561546744953,open,0.73,0.0,0.692,0.771,0.731935,0.0,None,0.0,ETH-28JUN19-90-C,334.91,0.0,0.0,0.0,0.0,0.0,0.0,0.0,0.0,0.00463,0.0,1.0
335.75,ETH-28JUN19,1561546744953,open,0.21,1754.0,0.186,0.265,0.225623,108.24,0.227,0.0,ETH-28JUN19-260-C,334.91,0.0,0.187,30.0,0.226,99.0,156.6,0.00037,-0.01069,0.01335,6e-05,0.99957
352.68,ETH-27SEP19,1561546744953,open,0.55,395.0,0.52,0.599,0.559882,111.91,0.55,0.0,ETH-27SEP19-160-C,334.91,0.0,0.2,1.0,0.7,10.0,283.53,0.17237,-0.10385,0.35346,0.00049,0.95375
340.95,SYN.ETH-26JUL19,1561546744953,open,0.14,1.0,0.085,0.174,0.129585,115.43,0.158,0.0,ETH-26JUL19-340-P,334.91,100.71,0.113,235.0,0.123,144.0,109.58,0.38333,-0.74056,-0.15647,0.00349,-0.4311
340.95,SYN.ETH-26JUL19,1561546744952,open,0.34,20.0,0.315,0.394,0.35471,0.0,0.237,0.0,ETH-26JUL19-220-C,334.91,0.0,0.0,0.0,0.0,0.0,0.0,0.0,0.0,0.18007,0.0,1.0
340.95,SYN.ETH-26JUL19,1561546744953,open,0.11,1914.0,0.077,0.156,0.116897,101.69,0.134,0.0,ETH-26JUL19-340-C,334.91,107.11,0.123,144.0,0.133,252.0,115.99,0.3845,-0.65438,0.12411,0.00397,0.56161
335.75,ETH-28JUN19,1561546744954,open,0.0,27.0,0.001,0.04,6e-06,120.01,0.001,0.0,ETH-28JUN19-250-P,334.91,0.0,0.0,0.0,0.001,20.0,203.29,0.00023,-0.00194,0.0,3e-05,-0.00026
335.75,ETH-28JUN19,1561546744954,open,0.67,214.0,0.633,0.712,0.672366,0.0,0.552,0.0,ETH-28JUN19-110-C,334.91,0.0,0.0,0.0,0.0,0.0,0.0,0.0,0.0,0.00565,0.0,1.0
335.75,ETH-28JUN19,1561546744954,open,0.36,770.0,0.335,0.414,0.374516,0.0,0.237,0.0,ETH-28JUN19-210-C,334.91,0.0,0.0,0.0,0.0,0.0,0.0,0.0,0.0,0.01079,0.0,1.0
352.68,ETH-27SEP19,1561546744954,open,0.0,1814.0,0.001,0.04,0.00064,119.84,0.002,0.0,ETH-27SEP19-80-P,334.91,0.0,0.0,0.0,0.003,150.0,148.33,0.0159,-0.01026,-0.0032,4e-05,-0.00292
340.95,SYN.ETH-26JUL19,1561546744953,open,0.03,957.0,0.001,0.071,0.030655,111.85,0.03,0.0,ETH-26JUL19-260-P,334.91,103.38,0.025,240.0,0.03,382.0,110.89,0.23436,-0.4387,-0.05236,0.0022,-0.15695
335.78,ETH-28JUN19,1561546744954,open,0.54,481.0,0.514,0.593,0.553226,0.0,0.46,0.0,ETH-28JUN19-150-C,334.91,0.0,0.01,100.0,0.0,0.0,0.0,0.0,0.0,0.00771,0.0,1.0
352.68,ETH-27SEP19,1561546744954,open,0.61,12.0,0.514,0.639,0.57684,114.41,1.193,0.0,ETH-27SEP19-520-P,334.91,0.0,0.0,0.0,0.0,0.0,0.0,0.65923,-0.40602,-1.10062,0.00182,-0.6496
340.95,SYN.ETH-26JUL19,1561546744953,open,0.07,745.0,0.041,0.12,0.080361,107.98,0.085,0.0,ETH-26JUL19-380-C,334.91,108.55,0.081,265.0,0.09,265.0,116.56,0.3817,-0.6898,0.09537,0.00372,0.42209
352.68,ETH-27SEP19,1561546744954,open,0.14,1322.0,0.105,0.184,0.1449,112.2,0.149,0.0,ETH-27SEP19-440-C,334.91,108.75,0.138,301.0,0.149,94.0,114.25,0.70562,-0.42622,0.28013,0.00199,0.45706
340.95,SYN.ETH-26JUL19,1561546744952,open,0.13,1182.0,0.105,0.184,0.144373,100.67,0.153,0.0,ETH-26JUL19-320-C,334.91,106.87,0.151,144.0,0.161,144.0,116.22,0.36418,-0.61359,0.13891,0.0038,0.64214
340.95,SYN.ETH-26JUL19,1561546744952,open,0.24,501.0,0.217,0.296,0.256247,93.42,0.22,0.0,ETH-26JUL19-260-C,334.91,0.0,0.237,120.0,0.325,25.0,184.37,0.2014,-0.3149,0.17253,0.00227,0.87446
337.05,SYN.ETH-5JUL19,1561546744952,open,0.05,260.0,0.022,0.101,0.061591,105.55,0.071,0.0,ETH-5JUL19-340-C,334.91,106.21,0.062,107.0,0.071,180.0,120.68,0.20959,-1.24621,0.03689,0.00719,0.51171
352.68,ETH-27SEP19,1561546744955,open,0.18,849.0,0.123,0.215,0.168829,111.99,0.182,0.0,ETH-27SEP19-320-P,334.91,107.68,0.161,48.0,0.172,100.0,113.74,0.64006,-0.38591,-0.4429,0.00181,-0.3247
337.05,SYN.ETH-5JUL19,1561546744952,open,0.16,70.0,0.138,0.217,0.177399,100.0,0.169,0.0,ETH-5JUL19-280-C,334.91,0.0,0.0,0.0,0.0,0.0,0.0,0.09395,-0.52928,0.05902,0.0034,0.89745
337.05,SYN.ETH-5JUL19,1561546744952,open,0.04,12.0,0.013,0.092,0.052579,110.74,0.031,0.0,ETH-5JUL19-350-C,334.91,106.56,0.05,115.0,0.059,180.0,121.14,0.20786,-1.29674,0.03237,0.00679,0.4475
340.95,SYN.ETH-26JUL19,1561546744953,open,0.02,307.0,0.001,0.058,0.018074,111.27,0.02,0.0,ETH-26JUL19-240-P,334.91,102.97,0.014,240.0,0.018,150.0,111.13,0.17549,-0.32682,-0.03392,0.00166,-0.10347
337.05,SYN.ETH-5JUL19,1561546744952,open,0.01,37.0,0.001,0.051,0.011378,110.85,0.027,0.0,ETH-5JUL19-280-P,334.91,99.51,0.008,5.0,0.013,300.0,115.83,0.10709,-0.66875,-0.01103,0.0035,-0.12318
340.95,SYN.ETH-26JUL19,1561546744954,open,0.2,995.0,0.174,0.253,0.213957,97.05,0.186,0.0,ETH-26JUL19-280-C,334.91,75.6,0.198,120.0,0.0,0.0,0.0,0.27158,-0.4411,0.16406,0.00294,0.80183
340.95,SYN.ETH-26JUL19,1561546744954,open,0.46,0.0,0.427,0.506,0.466626,0.0,None,0.0,ETH-26JUL19-180-C,334.91,0.0,0.0,0.0,0.0,0.0,0.0,0.0,0.0,0.14733,0.0,1.0
340.95,SYN.ETH-26JUL19,1561546744953,open,0.29,658.0,0.264,0.343,0.303235,86.17,0.222,0.0,ETH-26JUL19-240-C,334.91,0.0,0.161,1.0,0.4,20.0,234.05,0.11753,-0.16949,0.17746,0.00143,0.93912
337.05,SYN.ETH-5JUL19,1561546744952,open,0.33,0.0,0.306,0.385,0.34535,0.0,None,0.0,ETH-5JUL19-220-C,334.91,0.0,0.0,0.0,0.0,0.0,0.0,0.0,0.0,0.0535,0.0,1.0
340.95,SYN.ETH-26JUL19,1561546744952,open,0.01,489.0,0.001,0.05,0.009979,111.8,0.02,0.0,ETH-26JUL19-220-P,334.91,102.69,0.007,390.0,0.011,390.0,114.62,0.1208,-0.22603,-0.02038,0.00114,-0.06306
340.95,SYN.ETH-26JUL19,1561546744955,open,0.4,0.0,0.37,0.449,0.409667,0.0,None,0.0,ETH-26JUL19-200-C,334.91,0.0,0.0,0.0,0.0,0.0,0.0,0.0,0.0,0.1637,0.0,1.0
340.95,SYN.ETH-26JUL19,1561546744954,open,0.27,255.0,0.207,0.306,0.256574,125.77,0.229,0.0,ETH-26JUL19-400-P,334.91,0.0,0.0,0.0,0.0,0.0,0.0,0.37582,-0.79104,-0.24019,0.00314,-0.60411
337.05,SYN.ETH-5JUL19,1561546744952,open,0.11,0.0,0.052,0.138,0.095052,117.3,None,0.0,ETH-5JUL19-350-P,334.91,96.1,0.082,180.0,0.095,180.0,117.22,0.20831,-1.37652,-0.05251,0.00643,-0.54564
337.05,SYN.ETH-5JUL19,1561546744952,open,0.3,0.0,0.277,0.356,0.316166,0.0,None,0.0,ETH-5JUL19-230-C,334.91,0.0,0.0,0.0,0.0,0.0,0.0,0.0,0.0,0.05593,0.0,1.0
337.05,SYN.ETH-5JUL19,1561546744954,open,0.28,0.0,0.211,0.311,0.261098,127.53,None,0.0,ETH-5JUL19-420-P,334.91,0.0,0.0,0.0,0.0,0.0,0.0,0.12629,-0.90729,-0.09049,0.00358,-0.84302
335.75,ETH-28JUN19,1561546744962,open,0.05,5422.0,0.021,0.1,0.06046,113.29,0.045,0.0,ETH-28JUN19-320-C,334.91,88.84,0.055,20.0,0.059,60.0,106.99,0.07863,-2.37442,0.01166,0.01198,0.73638
352.68,ETH-27SEP19,1561546745065,open,0.05,2546.0,0.008,0.091,0.049203,112.01,0.051,0.0,ETH-27SEP19-220-P,334.91,106.15,0.043,200.0,0.05,142.0,112.75,0.38001,-0.22915,-0.16246,0.00107,-0.13183
335.78,ETH-28JUN19,1561546745070,open,0.02,1252.0,0.001,0.065,0.025804,110.15,0.018,0.0,ETH-28JUN19-340-C,334.91,89.66,0.02,138.0,0.026,180.0,110.85,0.09535,-2.79995,0.00737,0.01494,0.45276
335.75,ETH-28JUN19,1561546745068,open,0.13,0.0,0.063,0.151,0.106909,113.83,0.114,0.0,ETH-28JUN19-370-P,334.91,78.15,0.103,60.0,0.113,60.0,148.65,0.04959,-1.50464,-0.01694,0.00752,-0.87485
340.95,SYN.ETH-26JUL19,1561546745092,open,0.16,1144.0,0.137,0.216,0.176659,99.23,0.154,0.0,ETH-26JUL19-300-C,334.91,108.91,0.186,48.0,0.193,48.0,116.07,0.32647,-0.54216,0.15255,0.00346,0.7233
337.05,SYN.ETH-5JUL19,1561546745098,open,0.01,115.0,0.001,0.053,0.013207,113.58,0.012,0.0,ETH-5JUL19-410-C,334.91,107.42,0.011,168.0,0.017,240.0,123.33,0.12494,-0.7994,0.01157,0.00398,0.15443
337.05,SYN.ETH-5JUL19,1561546745109,open,0.01,350.0,0.001,0.057,0.017017,113.44,0.018,0.0,ETH-5JUL19-400-C,334.91,108.57,0.015,144.0,0.021,240.0,122.54,0.14242,-0.91014,0.01414,0.00454,0.18955
340.95,SYN.ETH-26JUL19,1561546745117,open,0.23,104.0,0.164,0.26,0.21219,123.34,0.214,0.0,ETH-26JUL19-380-P,334.91,100.9,0.187,144.0,0.195,144.0,108.07,0.38583,-0.79643,-0.21328,0.00329,-0.55206
337.05,SYN.ETH-5JUL19,1561546745146,open,0.04,12.0,0.003,0.082,0.042623,111.44,0.044,0.0,ETH-5JUL19-360-C,334.91,107.03,0.04,122.0,0.049,240.0,122.08,0.20092,-1.26139,0.02807,0.00653,0.38508
335.78,ETH-28JUN19,1561546745160,open,0.1,59.0,0.039,0.124,0.081375,113.91,0.087,0.0,ETH-28JUN19-360-P,334.91,84.33,0.076,60.0,0.086,60.0,135.14,0.06905,-2.09673,-0.01506,0.01046,-0.79164
352.68,ETH-27SEP19,1561546745171,open,0.14,1322.0,0.105,0.184,0.1449,112.2,0.149,0.0,ETH-27SEP19-440-C,334.91,109.25,0.139,36.0,0.149,94.0,114.25,0.70562,-0.42622,0.28013,0.00199,0.45706
337.05,SYN.ETH-5JUL19,1561546745173,open,0.11,0.0,0.052,0.138,0.095052,117.3,None,0.0,ETH-5JUL19-350-P,334.91,92.83,0.08,180.0,0.095,180.0,117.22,0.20831,-1.37652,-0.05251,0.00643,-0.54564
337.05,SYN.ETH-5JUL19,1561546745188,open,0.04,76.0,0.001,0.074,0.03346,110.67,0.029,0.0,ETH-5JUL19-310-P,334.91,100.22,0.028,20.0,0.035,364.0,113.58,0.17813,-1.11059,-0.02602,0.00583,-0.28398
352.68,ETH-27SEP19,1561546745201,open,0.08,759.0,0.047,0.126,0.086099,114.96,0.08,0.0,ETH-27SEP19-560-C,334.91,112.06,0.081,48.0,0.09,48.0,117.16,0.62402,-0.3862,0.19729,0.00172,0.30595
337.05,SYN.ETH-5JUL19,1561546745206,open,0.03,102.0,0.001,0.074,0.034097,111.74,0.026,0.0,ETH-5JUL19-370-C,334.91,106.2,0.031,129.0,0.039,240.0,120.37,0.18965,-1.19381,0.02401,0.00614,0.32702
352.68,ETH-27SEP19,1561546745213,open,0.18,1514.0,0.155,0.234,0.194209,111.97,0.158,0.0,ETH-27SEP19-380-C,334.91,108.35,0.187,140.0,0.198,117.0,113.88,0.70176,-0.42302,0.32803,0.00198,0.55974
335.78,ETH-28JUN19,1561546745218,open,0.1,59.0,0.039,0.124,0.081375,113.91,0.087,0.0,ETH-28JUN19-360-P,334.91,84.33,0.076,60.0,0.084,60.0,126.23,0.06905,-2.09673,-0.01506,0.01046,-0.79164
337.05,SYN.ETH-5JUL19,1561546745237,open,0.02,816.0,0.001,0.061,0.021701,113.15,0.019,0.0,ETH-5JUL19-390-C,334.91,107.34,0.019,140.0,0.026,240.0,122.01,0.15961,-1.01738,0.01708,0.00511,0.23003
340.95,SYN.ETH-26JUL19,1561546745251,open,0.13,1182.0,0.105,0.184,0.144373,100.67,0.153,0.0,ETH-26JUL19-320-C,334.91,108.74,0.153,144.0,0.161,144.0,116.22,0.36418,-0.61359,0.13891,0.0038,0.64214
352.68,ETH-27SEP19,1561546745257,open,0.22,1034.0,0.197,0.276,0.236737,111.94,0.217,0.0,ETH-27SEP19-340-C,334.91,107.34,0.228,110.0,0.24,36.0,113.66,0.66822,-0.40269,0.3581,0.00189,0.63577
352.68,ETH-27SEP19,1561546745270,open,0.29,104.0,0.221,0.322,0.271795,112.03,0.335,0.0,ETH-27SEP19-380-P,334.91,108.12,0.264,36.0,0.28,36.0,116.16,0.70174,-0.42324,-0.63892,0.00198,-0.44017
335.75,ETH-28JUN19,1561546745288,open,0.13,0.0,0.063,0.151,0.106909,113.83,0.114,0.0,ETH-28JUN19-370-P,334.91,78.15,0.103,60.0,0.11,60.0,132.73,0.04959,-1.50464,-0.01694,0.00752,-0.87485
352.68,ETH-27SEP19,1561546745299,open,0.41,0.0,0.337,0.448,0.392631,112.27,None,0.0,ETH-27SEP19-440-P,334.91,110.46,0.389,36.0,0.401,36.0,116.45,0.70565,-0.42651,-0.83944,0.00199,-0.54278
352.68,ETH-27SEP19,1561546745314,open,0.15,321.0,0.094,0.184,0.139253,111.99,0.154,0.0,ETH-27SEP19-300-P,334.91,107.75,0.132,48.0,0.141,158.0,113.01,0.60372,-0.36399,-0.38049,0.0017,-0.28473
335.78,ETH-28JUN19,1561546745321,open,0.04,120.0,0.001,0.065,0.024309,113.55,0.049,0.0,ETH-28JUN19-330-P,334.91,90.64,0.018,180.0,0.025,180.0,116.05,0.09298,-2.81449,-0.00732,0.01413,-0.39975
352.68,ETH-27SEP19,1561546745326,open,0.08,759.0,0.047,0.126,0.086099,114.96,0.08,0.0,ETH-27SEP19-560-C,334.91,112.06,0.081,48.0,0.091,48.0,117.71,0.62402,-0.3862,0.19729,0.00172,0.30595
337.05,SYN.ETH-5JUL19,1561546745333,open,0.03,102.0,0.001,0.074,0.034097,111.74,0.026,0.0,ETH-5JUL19-370-C,334.91,106.2,0.031,129.0,0.04,240.0,122.11,0.18965,-1.19381,0.02401,0.00614,0.32702
335.78,ETH-28JUN19,1561546745339,open,0.1,5531.0,0.07,0.149,0.109497,113.75,0.102,0.0,ETH-28JUN19-300-C,334.91,0.0,0.102,60.0,0.111,60.0,126.83,0.03491,-1.05852,0.01403,0.0053,0.92257
337.05,SYN.ETH-5JUL19,1561546745345,open,0.12,95.0,0.091,0.17,0.130978,103.76,0.135,0.0,ETH-5JUL19-300-C,334.91,99.33,0.129,60.0,0.141,60.0,125.01,0.15219,-0.88958,0.05388,0.00531,0.78832
