underlying_price,underlying_index,timestamp,state,settlement_price,open_interest,min_price,max_price,mark_price,mark_iv,last_price,interest_rate,instrument_name,index_price,bid_iv,best_bid_price,best_bid_amount,best_ask_price,best_ask_amount,ask_iv,vega,theta,rho,gamma,delta
248.75,index_price,1560337139992,open,0.0,871.0,0.001,0.043,0.003727,78.77,0.004,0,ETH-21JUN19-300-C,248.75,69.32,0.002,540.0,0.005,450.0,84.3,0.05302,-0.23526,0.00411,0.00447,0.07164
7974.08,BTC-27SEP19,1560337140004,open,0.09,159.0,0.051,0.138,0.09435074,73.33,0.0975,0.0,BTC-27SEP19-7000-P,7992.54,71.54,0.091,14.4,0.0975,14.4,75.0,14.98421,-5.14033,-9.18868,0.00011,-0.29919
7967.47,BTC-28JUN19,1560337140014,open,0.06,0.5,0.015,0.0945,0.05474088,73.15,0.0545,0.0,BTC-26JUL19-9000-C,7992.54,69.87,0.0505,26.3,0.059,7.5,76.42,10.35237,-8.63025,2.94091,0.00019,0.36181
251.53,ETH-27SEP19,1560337140037,open,0.02,821.0,0.001,0.057,0.017264,92.8,0.014,0.0,ETH-27SEP19-560-C,248.75,90.12,0.015,250.0,0.02,60.0,95.8,0.22041,-0.09569,0.05332,0.00128,0.08966
248.75,index_price,1560337140043,open,0.01,186.0,0.001,0.048,0.00844,77.0,0.023,0,ETH-14JUN19-240-P,248.75,70.55,0.007,240.0,0.01,28.0,83.74,0.05659,-1.16165,-0.0033,0.02311,-0.24941
248.75,index_price,1560337140048,open,0.17,53.0,0.12,0.213,0.166402,103.71,0.173,0,ETH-14JUN19-290-P,248.75,0.0,0.156,60.0,0.174,60.0,181.24,0.00913,-0.2523,-0.01464,0.00277,-0.97865
251.53,ETH-27SEP19,1560337140061,open,0.0,4106.0,0.001,0.042,0.002817,87.35,0.004,0.0,ETH-27SEP19-100-P,248.75,75.02,0.001,405.0,0.004,60.0,92.72,0.04959,-0.02027,-0.01264,0.00031,-0.01434
7992.54,index_price,1560337140092,open,0.13,13.8,0.085,0.1645,0.12456198,87.97,0.1225,0,BTC-14JUN19-7000-C,7992.54,0.0,0.122,0.1,0.1265,0.1,122.08,0.23436,-5.49556,0.35283,8e-05,0.98359
248.75,index_price,1560337140095,open,0.28,0.0,0.238,0.317,0.277323,100.36,None,0,ETH-21JUN19-180-C,248.75,0.0,0.268,60.0,0.287,60.0,164.05,0.0155,-0.08764,0.04275,0.00103,0.98403
248.75,index_price,1560337140111,open,0.2,60.0,0.157,0.236,0.196409,138.08,0.204,0,ETH-14JUN19-200-C,248.75,0.0,0.188,60.0,0.205,60.0,252.78,0.00562,-0.20682,0.01012,0.00128,0.98788
7992.54,index_price,1560337140114,open,0.07,16.5,0.0245,0.109,0.06677507,73.72,0.092,0,BTC-14JUN19-8500-P,7992.54,59.91,0.065,0.1,0.07,6.0,92.46,1.19559,-23.49374,-0.3858,0.00049,-0.87254
7992.54,index_price,1560337140122,open,0.0,187.7,0.0005,0.041,0.00124871,77.37,0.001,0,BTC-14JUN19-8750-C,7992.54,74.03,0.001,7.2,0.002,6.9,85.72,0.63069,-9.97826,0.02178,0.00025,0.05427
7992.54,index_price,1560337140124,open,0.0,187.7,0.0005,0.041,0.00124871,77.37,0.001,0,BTC-14JUN19-8750-C,7992.54,74.03,0.001,7.2,0.002,6.8,85.72,0.63069,-9.97826,0.02178,0.00025,0.05427
7967.34,BTC-28JUN19,1560337140129,open,0.03,542.6,0.0005,0.075,0.03375806,72.49,0.0345,0.0,BTC-28JUN19-7500-P,7992.54,69.43,0.0315,36.8,0.035,11.0,74.15,5.92057,-13.51729,-1.21639,0.0003,-0.31724
7992.54,index_price,1560337140153,open,0.01,39.6,0.0005,0.0475,0.00789905,68.89,0.009,0,BTC-14JUN19-8250-C,7992.54,60.63,0.006,33.0,0.009,7.9,73.49,1.88926,-34.69559,0.10705,0.00084,0.26853
7992.54,index_price,1560337140154,open,0.01,39.6,0.0005,0.0475,0.00789905,68.89,0.009,0,BTC-14JUN19-8250-C,7992.54,60.63,0.006,33.0,0.009,7.7,73.49,1.88926,-34.69559,0.10705,0.00084,0.26853
249.13,ETH-28JUN19,1560337140157,open,0.0,7802.0,0.001,0.041,0.001913,84.57,0.004,0.0,ETH-28JUN19-180-P,248.75,76.05,0.001,444.0,0.003,400.0,91.9,0.03212,-0.08556,-0.0031,0.00141,-0.02674
7967.47,BTC-28JUN19,1560337140156,open,0.07,6.3,0.0285,0.1135,0.07090551,72.79,0.071,0.0,BTC-26JUL19-7500-P,7992.54,69.77,0.067,5.0,0.072,0.1,73.64,10.30731,-8.55037,-4.10085,0.00019,-0.35727
7974.41,BTC-27SEP19,1560337140186,open,0.01,259.9,0.0005,0.0455,0.00563197,84.0,0.005,0.0,BTC-27SEP19-20000-C,7992.54,81.18,0.0045,18.0,0.007,22.3,86.97,3.43396,-1.34951,0.71564,2e-05,0.03628
7992.54,index_price,1560337140253,open,0.0,290.6,0.0005,0.04,7.896e-05,135.0,0.0005,0,BTC-14JUN19-10500-C,7992.54,0.0,0.0,0.0,0.0005,12.0,165.62,0.04914,-0.63111,0.00111,1e-05,0.00279
7992.54,index_price,1560337140284,open,0.25,2.1,0.203,0.303,0.25298388,78.58,0.2575,0,BTC-21JUN19-10000-P,7992.54,0.0,0.2455,6.0,0.2635,6.0,121.65,1.04289,-4.61648,-2.36025,9e-05,-0.96142
7967.47,BTC-28JUN19,1560337140286,open,0.21,0.0,0.172,0.2515,0.21150567,73.2,None,0.0,BTC-26JUL19-6500-C,7992.54,58.11,0.199,5.0,0.226,5.0,88.48,7.15799,-5.97097,5.86189,0.00013,0.82355
248.75,index_price,1560337140289,open,0.0,171.0,0.001,0.04,3e-05,140.0,0.002,0,ETH-14JUN19-340-C,248.75,0.0,0.0,0.0,0.001,240.0,204.12,0.00065,-0.00741,1e-05,0.00015,0.00109
7967.47,BTC-28JUN19,1560337140298,open,0.02,0.0,0.0005,0.061,0.02118016,74.11,None,0.0,BTC-26JUL19-10500-C,7992.54,72.18,0.0195,26.3,0.022,2.0,75.03,7.04654,-5.95101,1.44583,0.00012,0.17214
251.53,ETH-27SEP19,1560337140305,open,0.0,1743.0,0.001,0.041,0.001922,100.73,0.003,0.0,ETH-27SEP19-80-P,248.75,0.0,0.0,0.0,0.003,150.0,107.94,0.03242,-0.01528,-0.00789,0.00017,-0.0088
248.75,index_price,1560337140325,open,0.0,5028.0,0.001,0.04,0.000499,120.27,0.001,0,ETH-14JUN19-300-C,248.75,0.0,0.0,0.0,0.001,770.0,133.54,0.00737,-0.12423,0.00021,0.00193,0.0166
248.75,index_price,1560337140329,open,0.0,450.0,0.001,0.04,1e-05,140.0,0.001,0,ETH-14JUN19-350-C,248.75,0.0,0.0,0.0,0.001,240.0,219.81,0.00026,-0.00254,0.0,6e-05,0.0004
7974.41,BTC-27SEP19,1560337140341,open,0.0,308.1,0.0005,0.0435,0.00397968,86.23,0.004,0.0,BTC-27SEP19-22000-C,7992.54,82.96,0.003,18.0,0.005,20.9,89.11,2.61434,-1.05467,0.51645,2e-05,0.0261
248.75,index_price,1560337140366,open,0.0,120.0,0.001,0.04,3e-06,140.0,0.001,0,ETH-14JUN19-360-C,248.75,0.0,0.0,0.0,0.001,240.0,234.88,0.0001,-0.00083,0.0,2e-05,0.00014
7992.54,index_price,1560337140381,open,0.04,11.0,0.0005,0.0815,0.04011159,68.89,0.0585,0,BTC-14JUN19-8250-P,7992.54,61.92,0.0385,10.0,0.042,10.1,76.72,1.88926,-34.69559,-0.31691,0.00084,-0.73147
7974.41,BTC-27SEP19,1560337140394,open,0.01,10.0,0.0005,0.0505,0.01094031,93.91,0.0285,0.0,BTC-27DEC19-32000-C,7992.54,92.6,0.01,18.0,0.012,1.0,95.31,5.8697,-1.39292,1.60586,2e-05,0.04809
7992.54,index_price,1560337140402,open,0.0,42.0,0.0005,0.0415,0.00181717,78.58,0.003,0,BTC-21JUN19-10000-C,7992.54,71.17,0.001,38.2,0.0025,6.7,83.33,1.0429,-4.61651,0.07145,9e-05,0.03858
7967.34,BTC-28JUN19,1560337140417,open,0.02,1059.9,0.0005,0.0565,0.01597907,73.59,0.0155,0.0,BTC-28JUN19-7000-P,7992.54,70.84,0.0145,32.0,0.0175,31.0,76.34,4.34121,-10.06206,-0.67486,0.00021,-0.17876
7992.54,index_price,1560337140421,open,0.08,9.9,0.042,0.1215,0.08184684,73.7,0.0755,0,BTC-21JUN19-7500-C,7992.54,66.12,0.078,7.0,0.083,14.8,75.92,4.12575,-17.12844,1.2585,0.00036,0.72938
7992.54,index_price,1560337140445,open,0.0,95.0,0.0005,0.044,0.00408332,75.67,0.0025,0,BTC-21JUN19-9500-C,7992.54,70.63,0.003,30.0,0.005,18.7,79.43,1.85246,-7.89676,0.1475,0.00016,0.07997
7967.2,BTC-28JUN19,1560337140447,open,0.01,245.1,0.0005,0.0515,0.01181168,76.4,0.013,0.0,BTC-28JUN19-9500-C,7992.54,73.67,0.0105,29.0,0.013,24.0,78.77,3.9214,-9.43555,0.48843,0.00019,0.15276
7992.54,index_price,1560337140451,open,0.0,267.3,0.0005,0.043,0.00308741,75.46,0.004,0,BTC-14JUN19-7500-P,7992.54,74.82,0.003,1.0,0.004,37.5,81.7,1.10867,-22.29971,-0.0483,0.00045,-0.1145
7974.27,BTC-27SEP19,1560337140453,open,0.02,122.9,0.0005,0.0565,0.01694525,78.14,0.016,0.0,BTC-27SEP19-15000-C,7992.54,76.58,0.0155,18.0,0.0185,15.0,79.75,7.56006,-2.7637,1.93396,5e-05,0.09977
251.53,ETH-27SEP19,1560337140459,open,1.4,27.0,1.303,1.494,1.398866,93.67,1.519,0.0,ETH-27SEP19-600-P,248.77,0.0,1.37,12.0,1.422,12.0,116.91,0.18655,-0.08175,-1.71382,0.00108,-0.9281
251.53,ETH-27SEP19,1560337140460,open,1.09,12.0,1.007,1.173,1.089835,91.97,1.193,0.0,ETH-27SEP19-520-P,248.77,0.0,1.063,12.0,1.112,12.0,109.96,0.26097,-0.11228,-1.45592,0.00153,-0.88696
251.53,ETH-27SEP19,1560337140460,open,0.02,955.0,0.001,0.062,0.022483,91.97,0.021,0.0,ETH-27SEP19-520-C,248.77,89.5,0.02,60.0,0.025,60.0,94.33,0.26095,-0.11227,0.06668,0.00153,0.11303
249.13,ETH-28JUN19,1560337140460,open,0.01,5900.0,0.001,0.053,0.013823,83.24,0.014,0.0,ETH-28JUN19-300-C,248.77,81.62,0.013,240.0,0.015,120.0,85.5,0.12779,-0.335,0.01613,0.00569,0.16267
249.13,ETH-28JUN19,1560337140460,open,0.44,335.0,0.399,0.478,0.438523,114.91,0.481,0.0,ETH-28JUN19-140-C,248.77,0.0,0.428,60.0,0.448,60.0,192.05,0.00856,-0.03098,0.06021,0.00028,0.99421
249.13,ETH-28JUN19,1560337140460,open,0.45,60.0,0.389,0.504,0.446483,84.9,0.516,0.0,ETH-28JUN19-360-P,248.77,0.0,0.435,60.0,0.458,60.0,129.87,0.02859,-0.07643,-0.15422,0.00125,-0.97674
249.13,ETH-28JUN19,1560337140460,open,0.64,0.0,0.599,0.678,0.638754,140.0,None,0.0,ETH-28JUN19-90-C,248.77,0.0,0.628,60.0,0.649,60.0,317.34,0.00028,-0.00124,0.03913,1e-05,0.99986
249.13,ETH-28JUN19,1560337140460,open,0.0,5956.0,0.001,0.041,0.001024,99.66,0.002,0.0,ETH-28JUN19-400-C,248.77,0.0,0.0,0.0,0.002,950.0,109.47,0.01951,-0.06123,0.0015,0.00073,0.01485
249.13,ETH-28JUN19,1560337140460,open,0.0,3083.0,0.001,0.04,4.5e-05,140.0,0.001,0.0,ETH-28JUN19-100-P,248.77,0.0,0.0,0.0,0.001,240.0,192.77,0.00098,-0.00432,-6e-05,3e-05,-0.00053
249.13,ETH-28JUN19,1560337140460,open,0.0,5710.0,0.001,0.04,0.000957,99.24,0.001,0.0,ETH-28JUN19-160-P,248.77,0.0,0.0,0.0,0.002,490.0,111.25,0.01675,-0.05236,-0.00145,0.00063,-0.01245
251.53,ETH-27SEP19,1560337140460,open,0.46,191.0,0.421,0.5,0.46069,86.51,0.5,0.0,ETH-27SEP19-140-C,248.77,0.0,0.441,12.0,0.479,12.0,108.44,0.1801,-0.07289,0.34662,0.00112,0.93132
251.53,ETH-27SEP19,1560337140460,open,0.79,0.0,0.718,0.861,0.789517,90.6,None,0.0,ETH-27SEP19-440-P,248.77,70.43,0.765,12.0,0.81,12.0,103.7,0.36361,-0.15412,-1.18155,0.00217,-0.81475
251.53,ETH-27SEP19,1560337140460,open,0.29,1728.0,0.248,0.327,0.287616,86.51,0.32,0.0,ETH-27SEP19-200-C,248.77,73.27,0.266,100.0,0.305,100.0,96.88,0.41787,-0.16913,0.35189,0.00261,0.76539
249.13,ETH-28JUN19,1560337140460,open,0.01,4240.0,0.001,0.046,0.00676,83.85,0.007,0.0,ETH-28JUN19-320-C,248.77,81.54,0.006,300.0,0.008,120.0,87.38,0.084,-0.22184,0.00896,0.00371,0.08946
248.77,index_price,1560337140459,open,0.0,303.0,0.001,0.04,0.000429,138.12,0.001,0,ETH-14JUN19-200-P,248.77,0.0,0.0,0.0,0.001,343.0,156.83,0.00562,-0.10666,-0.00016,0.00128,-0.01212
249.13,ETH-28JUN19,1560337140461,open,0.28,3459.0,0.24,0.319,0.279399,84.56,0.212,0.0,ETH-28JUN19-180-C,248.77,0.0,0.269,60.0,0.289,60.0,125.91,0.03211,-0.08552,0.07519,0.00141,0.97327
251.53,ETH-27SEP19,1560337140460,open,0.58,28.0,0.513,0.638,0.57512,89.65,0.419,0.0,ETH-27SEP19-380-P,248.77,74.04,0.549,12.0,0.599,12.0,102.43,0.45137,-0.18932,-0.96004,0.00272,-0.72839
249.13,ETH-28JUN19,1560337140461,open,0.56,214.0,0.519,0.598,0.55861,140.0,0.552,0.0,ETH-28JUN19-110-C,248.77,0.0,0.548,60.0,0.569,60.0,262.5,0.0027,-0.01193,0.04765,7e-05,0.99839
251.53,ETH-27SEP19,1560337140461,open,0.61,0.0,0.566,0.645,0.60525,87.35,None,0.0,ETH-27SEP19-100-C,248.77,0.0,0.586,12.0,0.624,12.0,134.8,0.04959,-0.02027,0.28017,0.00031,0.98566
248.77,index_price,1560337140459,open,0.0,15.0,0.001,0.041,0.001393,82.57,0.002,0,ETH-21JUN19-320-C,248.77,0.0,0.0,0.0,0.003,690.0,94.58,0.02588,-0.12039,0.00169,0.00208,0.0293
248.77,index_price,1560337140459,open,0.05,133.0,0.006,0.085,0.045568,77.01,0.035,0,ETH-21JUN19-250-C,248.77,72.88,0.043,420.0,0.049,285.0,82.53,0.15473,-0.67129,0.02795,0.01335,0.50757
249.13,ETH-28JUN19,1560337140459,open,0.06,10.0,0.016,0.1,0.057867,81.97,0.052,0.0,ETH-26JUL19-220-P,248.77,76.06,0.051,103.0,0.061,100.0,84.64,0.2913,-0.2721,-0.1015,0.00476,-0.28108
249.15,ETH-28JUN19,1560337140461,open,0.0,4694.0,0.001,0.04,0.000146,140.01,0.001,0.0,ETH-28JUN19-110-P,248.77,0.0,0.0,0.0,0.001,240.0,174.03,0.0027,-0.01193,-0.00019,7e-05,-0.00161
249.15,ETH-28JUN19,1560337140462,open,0.29,81.0,0.24,0.342,0.291229,84.14,0.347,0.0,ETH-28JUN19-320-P,248.77,0.0,0.28,60.0,0.303,60.0,111.05,0.08464,-0.22429,-0.13013,0.00373,-0.90963
248.77,index_price,1560337140459,open,0.0,772.0,0.001,0.042,0.002574,84.54,0.004,0,ETH-14JUN19-270-C,248.77,68.34,0.001,543.0,0.004,690.0,95.29,0.02973,-0.64034,0.00116,0.01106,0.09325
249.15,ETH-28JUN19,1560337140462,open,0.0,8253.0,0.001,0.04,0.000661,131.04,0.001,0.0,ETH-28JUN19-500-C,248.77,0.0,0.0,0.0,0.001,109.0,137.44,0.0113,-0.04665,0.00079,0.00032,0.00793
251.53,ETH-27SEP19,1560337140462,open,0.53,47.0,0.491,0.57,0.530624,86.51,0.564,0.0,ETH-27SEP19-120-C,248.77,0.0,0.511,12.0,0.549,12.0,118.11,0.10459,-0.04233,0.32009,0.00065,0.96523
249.15,ETH-28JUN19,1560337140459,open,0.2,0.0,0.148,0.243,0.195396,84.65,None,0.0,ETH-26JUL19-280-P,248.77,76.09,0.184,144.0,0.199,100.0,87.34,0.33393,-0.32215,-0.23794,0.00529,-0.59908
248.77,index_price,1560337140459,open,0.05,64.0,0.011,0.094,0.052325,78.87,0.083,0,ETH-14JUN19-260-P,248.77,62.14,0.049,60.0,0.056,60.0,95.06,0.05359,-1.12677,-0.01057,0.02137,-0.77418
249.15,ETH-28JUN19,1560337140459,open,0.03,0.0,0.001,0.073,0.031908,81.99,None,0.0,ETH-26JUL19-200-P,248.77,76.48,0.027,100.0,0.033,100.0,83.18,0.22671,-0.21182,-0.06348,0.00371,-0.18005
248.77,index_price,1560337140460,open,0.07,3.0,0.027,0.106,0.066735,76.99,0.043,0,ETH-21JUN19-240-C,248.77,74.01,0.065,240.0,0.07,180.0,82.57,0.14511,-0.62937,0.03469,0.01252,0.64019
251.53,ETH-27SEP19,1560337140463,open,0.51,81.0,0.447,0.566,0.506549,89.15,0.428,0.0,ETH-27SEP19-360-P,248.77,74.49,0.48,36.0,0.531,36.0,101.62,0.47869,-0.19964,-0.88288,0.0029,-0.6922
248.77,index_price,1560337140459,open,0.13,50.0,0.082,0.171,0.126651,93.56,0.137,0,ETH-14JUN19-280-P,248.77,0.0,0.117,60.0,0.135,60.0,159.55,0.01594,-0.39745,-0.01387,0.00536,-0.95817
248.77,index_price,1560337140459,open,0.12,60.0,0.077,0.156,0.116139,85.7,0.086,0,ETH-14JUN19-220-C,248.77,0.0,0.114,60.0,0.119,60.0,125.61,0.00904,-0.20654,0.01103,0.00332,0.97888
248.77,index_price,1560337140459,open,0.25,0.0,0.199,0.298,0.248607,81.99,0.257,0,ETH-21JUN19-310-P,248.77,0.0,0.24,30.0,0.256,30.0,112.74,0.03921,-0.18113,-0.07258,0.00318,-0.95124
249.15,ETH-28JUN19,1560337140463,open,0.05,2524.0,0.01,0.089,0.049016,80.8,0.049,0.0,ETH-28JUN19-260-C,248.77,78.34,0.047,180.0,0.051,1.0,83.22,0.20437,-0.52009,0.04161,0.00937,0.43302
249.15,ETH-28JUN19,1560337140459,open,0.02,0.0,0.001,0.055,0.015093,81.98,None,0.0,ETH-26JUL19-180-P,248.77,76.64,0.012,120.0,0.017,120.0,85.06,0.15076,-0.14085,-0.03424,0.00246,-0.09925
249.15,ETH-28JUN19,1560337140460,open,0.14,0.0,0.094,0.184,0.13929,82.53,None,0.0,ETH-26JUL19-260-P,248.77,75.81,0.13,244.0,0.145,100.0,86.66,0.34461,-0.32409,-0.19217,0.0056,-0.50236
248.77,index_price,1560337140459,open,0.03,16.0,0.001,0.07,0.030274,78.05,0.022,0,ETH-21JUN19-260-C,248.77,72.51,0.027,480.0,0.033,118.0,82.62,0.14787,-0.65013,0.02124,0.01259,0.38136
248.77,index_price,1560337140459,open,0.41,60.0,0.351,0.463,0.407045,172.0,0.44,0,ETH-14JUN19-350-P,248.77,0.0,0.397,60.0,0.416,60.0,328.1,0.00182,-0.08356,-0.01794,0.00033,-0.99661
249.15,ETH-28JUN19,1560337140460,open,0.47,0.0,0.406,0.522,0.464274,87.0,None,0.0,ETH-26JUL19-360-P,248.77,0.0,0.429,48.0,0.489,48.0,113.6,0.19453,-0.19286,-0.39588,0.003,-0.85756
248.77,index_price,1560337140459,open,0.0,306.0,0.001,0.04,0.000573,103.67,0.002,0,ETH-14JUN19-290-C,248.77,0.0,0.0,0.0,0.001,240.0,113.32,0.00913,-0.14262,0.00027,0.00277,0.02136
248.77,index_price,1560337140459,open,0.0,1145.0,0.001,0.04,0.00051,138.27,0.003,0,ETH-14JUN19-310-C,248.77,0.0,0.0,0.0,0.001,240.0,152.5,0.00675,-0.12694,0.00019,0.00153,0.01499
248.77,index_price,1560337140459,open,0.29,0.0,0.237,0.339,0.287825,83.54,None,0,ETH-21JUN19-320-P,248.77,0.0,0.276,60.0,0.296,60.0,123.21,0.02705,-0.12731,-0.07604,0.00215,-0.9691
249.15,ETH-28JUN19,1560337140459,open,0.26,0.0,0.206,0.306,0.256014,85.25,None,0.0,ETH-26JUL19-300-P,248.77,47.75,0.216,144.0,0.289,144.0,110.91,0.30704,-0.2983,-0.28171,0.00483,-0.68458
248.77,index_price,1560337140459,open,0.0,7.0,0.001,0.044,0.004353,78.9,0.015,0,ETH-21JUN19-210-P,248.77,72.23,0.003,240.0,0.006,550.0,85.8,0.05499,-0.24439,-0.00481,0.00463,-0.07513
248.77,index_price,1560337140459,open,0.21,61.0,0.159,0.254,0.20653,123.31,0.285,0,ETH-14JUN19-300-P,248.77,0.0,0.197,60.0,0.214,60.0,207.29,0.00828,-0.27215,-0.01518,0.00211,-0.98097
249.15,ETH-28JUN19,1560337140460,open,0.02,694.0,0.001,0.059,0.019245,86.85,0.013,0.0,ETH-26JUL19-360-C,248.77,81.11,0.015,243.0,0.023,240.0,91.49,0.19404,-0.19204,0.03674,0.00299,0.14191
248.77,index_price,1560337140460,open,0.37,60.0,0.313,0.421,0.366864,161.01,0.399,0,ETH-14JUN19-340-P,248.77,0.0,0.357,60.0,0.375,60.0,300.94,0.00213,-0.09139,-0.01742,0.00042,-0.99596
7967.47,BTC-28JUN19,1560337140514,open,0.18,0.0,0.137,0.2315,0.18437237,73.18,None,0.0,BTC-26JUL19-9000-P,7992.54,51.96,0.158,14.4,0.2125,14.4,94.33,10.35327,-8.63447,-7.87724,0.00019,-0.6381
7992.54,index_price,1560337140560,open,0.0,386.2,0.0005,0.0405,0.0006966,86.43,0.0005,0,BTC-14JUN19-9000-C,7992.54,0.0,0.0,0.0,0.0015,13.0,99.39,0.38666,-5.56761,0.01191,0.00014,0.0297
7992.54,index_price,1560337140609,open,0.25,0.0,0.2095,0.289,0.24933643,135.0,None,0,BTC-14JUN19-6000-C,7992.54,0.0,0.243,6.0,0.256,6.0,288.05,0.02454,-0.883,0.30778,1e-05,0.9987
7967.34,BTC-28JUN19,1560337140611,open,0.25,1692.9,0.21,0.2895,0.24963792,80.33,0.239,0.0,BTC-28JUN19-6000-C,7992.54,68.31,0.248,7.5,0.251,8.7,87.45,1.3681,-3.46125,2.46928,6e-05,0.96218
7967.34,BTC-28JUN19,1560337140614,open,0.25,1692.9,0.21,0.2895,0.24963792,80.33,0.239,0.0,BTC-28JUN19-6000-C,7992.54,68.31,0.248,7.5,0.251,7.1,87.45,1.3681,-3.46125,2.46928,6e-05,0.96218
7974.27,BTC-27SEP19,1560337140642,open,0.05,59.6,0.0055,0.085,0.04526039,79.03,0.0445,0.0,BTC-27DEC19-16000-C,7992.54,77.87,0.043,14.4,0.0475,10.0,80.17,15.54277,-3.10402,5.93521,6e-05,0.18255
7974.27,BTC-27SEP19,1560337140670,open,0.07,199.6,0.0335,0.113,0.07329217,75.89,0.0765,0.0,BTC-27DEC19-13000-C,7992.54,74.75,0.0705,24.4,0.0765,5.0,77.19,19.62029,-3.7624,8.75613,7e-05,0.27583
7967.61,BTC-28JUN19,1560337140688,open,0.1,5.0,0.059,0.1385,0.0985651,72.77,0.089,0.0,BTC-26JUL19-8000-C,7992.54,69.08,0.0935,7.0,0.104,7.0,76.72,10.95401,-9.08332,4.26449,0.0002,0.54382
249.15,ETH-28JUN19,1560337140692,open,0.32,0.0,0.269,0.374,0.321317,85.46,None,0.0,ETH-26JUL19-320-P,248.77,0.0,0.283,48.0,0.352,48.0,111.47,0.27039,-0.26332,-0.32296,0.00424,-0.75695
248.77,index_price,1560337140707,open,0.21,61.0,0.159,0.254,0.206434,120.27,0.285,0,ETH-14JUN19-300-P,248.77,0.0,0.196,60.0,0.214,60.0,207.29,0.00738,-0.23664,-0.01521,0.00193,-0.98336
248.77,index_price,1560337140715,open,0.25,0.0,0.197,0.296,0.246642,141.74,None,0,ETH-14JUN19-310-P,248.77,0.0,0.236,60.0,0.255,60.0,238.21,0.0076,-0.2873,-0.01572,0.00169,-0.98277
251.53,ETH-27SEP19,1560337140730,open,0.01,2630.0,0.001,0.053,0.013465,93.67,0.015,0.0,ETH-27SEP19-600-C,248.77,90.16,0.011,301.0,0.016,60.0,96.92,0.18655,-0.08175,0.04304,0.00108,0.0719
249.13,ETH-28JUN19,1560337140775,open,0.77,60.0,0.697,0.838,0.767646,122.19,0.85,0.0,ETH-28JUN19-440-P,248.77,0.0,0.754,60.0,0.777,60.0,170.46,0.02263,-0.08709,-0.18963,0.00069,-0.98234
7974.27,BTC-27SEP19,1560337140777,open,0.05,152.8,0.013,0.0925,0.05263541,78.02,0.0525,0.0,BTC-27DEC19-15000-C,7992.54,77.0,0.0505,14.4,0.055,24.4,79.13,16.83555,-3.3189,6.72506,6e-05,0.20819
251.53,ETH-27SEP19,1560337140772,open,0.03,2492.0,0.001,0.069,0.029451,90.93,0.035,0.0,ETH-27SEP19-480-C,248.77,88.88,0.027,264.0,0.031,150.0,92.18,0.30719,-0.13067,0.08356,0.00182,0.1429
251.53,ETH-27SEP19,1560337140777,open,0.58,28.0,0.513,0.638,0.57512,89.65,0.419,0.0,ETH-27SEP19-380-P,248.77,74.04,0.549,12.0,0.598,12.0,101.91,0.45137,-0.18932,-0.96004,0.00272,-0.72839
248.77,index_price,1560337140796,open,0.33,0.0,0.275,0.38,0.327557,87.92,None,0,ETH-21JUN19-330-P,248.77,0.0,0.315,60.0,0.336,60.0,133.0,0.02127,-0.10533,-0.07891,0.00161,-0.97683
248.77,index_price,1560337140803,open,0.05,133.0,0.006,0.085,0.045605,77.01,0.035,0,ETH-21JUN19-250-C,248.77,72.88,0.043,420.0,0.049,105.0,82.53,0.15473,-0.67129,0.02795,0.01335,0.50757
251.53,ETH-27SEP19,1560337140810,open,0.94,0.0,0.861,1.015,0.937772,90.93,None,0.0,ETH-27SEP19-480-P,248.77,61.88,0.913,12.0,0.959,12.0,106.32,0.30719,-0.13067,-1.32193,0.00182,-0.8571
248.77,index_price,1560337140818,open,0.25,0.0,0.197,0.296,0.246642,141.74,None,0,ETH-14JUN19-310-P,248.77,0.0,0.236,60.0,0.254,60.0,230.81,0.0076,-0.2873,-0.01572,0.00169,-0.98277
249.13,ETH-28JUN19,1560337140825,open,0.93,120.0,0.851,1.004,0.92772,132.06,1.018,0.0,ETH-28JUN19-480-P,248.77,0.0,0.913,60.0,0.939,60.0,194.19,0.01674,-0.06962,-0.20755,0.00047,-0.98756
248.77,index_price,1560337140831,open,0.13,50.0,0.082,0.171,0.126563,93.56,0.137,0,ETH-14JUN19-280-P,248.77,0.0,0.116,60.0,0.135,60.0,159.55,0.01594,-0.39745,-0.01387,0.00536,-0.95817
248.77,index_price,1560337140836,open,0.09,292.0,0.045,0.131,0.087921,85.26,0.121,0,ETH-14JUN19-270-P,248.77,0.0,0.084,60.0,0.09,60.0,99.69,0.03019,-0.68627,-0.01269,0.01113,-0.90478
248.77,index_price,1560337140842,open,0.29,0.0,0.236,0.338,0.28655,146.42,None,0,ETH-14JUN19-320-P,248.77,0.0,0.276,60.0,0.295,60.0,260.54,0.00454,-0.17702,-0.01633,0.00097,-0.99052
7967.34,BTC-28JUN19,1560337140852,open,0.02,918.2,0.0005,0.0605,0.02059007,74.84,0.016,0.0,BTC-28JUN19-9000-C,7992.54,72.37,0.019,35.0,0.0225,29.0,77.75,5.1783,-12.20537,0.76413,0.00025,0.24109
249.13,ETH-28JUN19,1560337140849,open,0.64,0.0,0.599,0.678,0.638754,140.0,None,0.0,ETH-28JUN19-90-C,248.77,0.0,0.629,60.0,0.649,60.0,317.34,0.00028,-0.00124,0.03913,1e-05,0.99986
251.53,ETH-27SEP19,1560337140860,open,0.51,81.0,0.447,0.566,0.506549,89.15,0.428,0.0,ETH-27SEP19-360-P,248.77,74.49,0.48,36.0,0.53,36.0,101.12,0.47869,-0.19964,-0.88288,0.0029,-0.6922
7967.61,BTC-28JUN19,1560337140876,open,0.2,23.1,0.1565,0.252,0.2042018,76.51,0.175,0.0,BTC-28JUN19-9500-P,7992.54,52.26,0.195,5.0,0.2115,5.0,90.01,3.92982,-9.46958,-3.64212,0.00019,-0.84676
251.53,ETH-27SEP19,1560337140876,open,0.38,38.0,0.322,0.432,0.377062,88.5,0.402,0.0,ETH-27SEP19-320-P,248.77,84.62,0.369,36.0,0.381,36.0,90.39,0.5245,-0.21717,-0.72243,0.0032,-0.60383
249.13,ETH-28JUN19,1560337140882,open,0.77,60.0,0.697,0.838,0.767646,122.19,0.85,0.0,ETH-28JUN19-440-P,248.77,0.0,0.753,60.0,0.777,60.0,170.46,0.02263,-0.08709,-0.18963,0.00069,-0.98234
7967.47,BTC-28JUN19,1560337140888,open,0.01,1354.4,0.0005,0.0465,0.00673996,78.06,0.007,0.0,BTC-28JUN19-10000-C,7992.54,74.37,0.0055,35.0,0.008,44.5,81.52,2.79508,-6.87202,0.30374,0.00013,0.09438
251.53,ETH-27SEP19,1560337140888,open,0.58,28.0,0.513,0.638,0.57512,89.65,0.419,0.0,ETH-27SEP19-380-P,248.77,73.38,0.548,12.0,0.598,12.0,101.91,0.45137,-0.18932,-0.96004,0.00272,-0.72839
248.77,index_price,1560337140894,open,0.41,60.0,0.351,0.463,0.406932,140.0,0.44,0,ETH-14JUN19-350-P,248.77,0.0,0.397,60.0,0.415,60.0,319.34,0.00026,-0.00966,-0.01798,6e-05,-0.9996
7974.55,BTC-27SEP19,1560337140903,open,1.51,0.0,1.4135,1.614,1.51375845,84.34,None,0.0,BTC-27SEP19-20000-P,7992.54,0.0,1.4895,3.6,1.542,3.6,119.12,3.49046,-1.37726,-57.83277,2e-05,-0.96299
7992.54,index_price,1560337140906,open,0.25,0.0,0.2105,0.29,0.25000083,86.47,None,0,BTC-21JUN19-6000-C,7992.54,0.0,0.2415,6.0,0.257,6.0,137.15,0.44806,-2.18264,1.43021,3e-05,0.98588
251.53,ETH-27SEP19,1560337140905,open,0.05,1906.0,0.015,0.094,0.054449,89.71,0.056,0.0,ETH-27SEP19-400-C,248.77,88.24,0.052,48.0,0.056,150.0,90.63,0.42114,-0.17675,0.13515,0.00253,0.23795
249.15,ETH-28JUN19,1560337140913,open,0.05,1.0,0.012,0.091,0.051845,85.18,0.053,0.0,ETH-26JUL19-300-C,248.77,81.22,0.047,150.0,0.057,150.0,89.34,0.30693,-0.29792,0.07887,0.00483,0.31516
248.77,index_price,1560337140918,open,0.08,259.0,0.038,0.117,0.077459,77.83,0.067,0,ETH-14JUN19-230-C,248.77,59.87,0.076,60.0,0.081,60.0,104.94,0.02545,-0.5279,0.01083,0.01028,0.92422
251.55,ETH-27SEP19,1560337140926,open,1.09,12.0,1.007,1.173,1.089678,92.12,1.193,0.0,ETH-27SEP19-520-P,248.77,0.0,1.063,12.0,1.111,12.0,109.36,0.26193,-0.11288,-1.45562,0.00153,-0.88639
7992.54,index_price,1560337140930,open,0.07,43.3,0.025,0.1045,0.06471237,75.46,0.072,0,BTC-14JUN19-7500-C,7992.54,47.06,0.062,6.0,0.0665,0.1,87.19,1.1087,-22.30084,0.33712,0.00045,0.8855
7974.55,BTC-27SEP19,1560337140930,open,0.01,19.0,0.0005,0.054,0.01438164,91.2,0.0155,0.0,BTC-27DEC19-28000-C,7992.54,89.04,0.0125,28.0,0.016,18.0,92.94,7.21661,-1.66312,2.07809,2e-05,0.06245
251.53,ETH-27SEP19,1560337140931,open,1.24,24.0,1.154,1.333,1.243638,92.8,1.356,0.0,ETH-27SEP19-560-P,248.77,0.0,1.216,12.0,1.265,12.0,112.36,0.22043,-0.0957,-1.58641,0.00128,-0.91033
249.13,ETH-28JUN19,1560337140938,open,0.93,120.0,0.851,1.004,0.92772,132.06,1.018,0.0,ETH-28JUN19-480-P,248.77,0.0,0.913,60.0,0.938,60.0,190.84,0.01674,-0.06962,-0.20755,0.00047,-0.98756
251.55,ETH-27SEP19,1560337140946,open,1.4,27.0,1.303,1.494,1.398866,93.92,1.519,0.0,ETH-27SEP19-600-P,248.77,0.0,1.37,12.0,1.421,12.0,116.24,0.18803,-0.08262,-1.71341,0.00108,-0.92736
248.77,index_price,1560337140955,open,0.05,309.0,0.009,0.092,0.050549,77.14,0.056,0,ETH-21JUN19-250-P,248.77,71.37,0.047,221.0,0.053,474.0,81.01,0.15473,-0.67242,-0.03285,0.01333,-0.49236
7992.54,index_price,1560337140969,open,0.13,15.2,0.082,0.1715,0.12674664,86.43,0.152,0,BTC-14JUN19-9000-P,7992.54,0.0,0.1205,12.0,0.134,12.0,151.15,0.38666,-8.90808,-0.45059,0.00014,-0.9703
249.13,ETH-28JUN19,1560337140968,open,0.01,5098.0,0.001,0.052,0.01221,80.11,0.015,0.0,ETH-28JUN19-210-P,248.77,75.04,0.01,213.0,0.013,300.0,81.84,0.11241,-0.28363,-0.01588,0.0052,-0.13431
249.13,ETH-28JUN19,1560337140977,open,1.01,120.0,0.928,1.087,1.007646,131.05,1.102,0.0,ETH-28JUN19-500-P,248.77,0.0,0.993,60.0,1.019,60.0,202.02,0.0113,-0.04664,-0.21669,0.00032,-0.99207
249.15,ETH-28JUN19,1560337141011,open,0.32,1130.0,0.279,0.358,0.318632,86.32,0.311,0.0,ETH-28JUN19-170-C,248.77,0.0,0.308,60.0,0.329,60.0,142.16,0.0179,-0.04865,0.07239,0.00077,0.98657
7967.19,BTC-28JUN19,1560337141026,open,0.19,509.3,0.151,0.2305,0.19070148,75.45,0.1875,0.0,BTC-28JUN19-6500-C,7992.54,71.58,0.1895,8.9,0.194,8.8,84.72,2.58603,-6.14533,2.50987,0.00012,0.91498
7992.54,index_price,1560337141031,open,0.31,0.0,0.2625,0.367,0.31471961,83.74,None,0,BTC-21JUN19-10500-P,7992.54,0.0,0.307,6.0,0.0,0.0,0.0,0.64078,-3.02277,-2.51349,5e-05,-0.97853
248.77,index_price,1560337141028,open,0.05,64.0,0.011,0.094,0.052258,78.87,0.083,0,ETH-14JUN19-260-P,248.77,62.14,0.049,60.0,0.055,60.0,90.8,0.05359,-1.12677,-0.01057,0.02137,-0.77418
248.77,index_price,1560337141033,open,0.07,3.0,0.027,0.106,0.066782,77.07,0.043,0,ETH-21JUN19-240-C,248.77,74.01,0.065,240.0,0.071,180.0,84.28,0.14512,-0.63008,0.03468,0.01251,0.64009
7967.34,BTC-28JUN19,1560337141043,open,0.03,542.6,0.0005,0.075,0.03375805,72.49,0.0345,0.0,BTC-28JUN19-7500-P,7992.54,69.43,0.0315,36.7,0.035,11.0,74.15,5.92057,-13.51729,-1.21639,0.0003,-0.31724
7974.55,BTC-27SEP19,1560337141044,open,1.76,0.0,1.6525,1.873,1.76291876,86.72,None,0.0,BTC-27SEP19-22000-P,7992.54,0.0,1.737,3.6,1.793,3.6,127.36,2.68417,-1.08898,-63.88605,2e-05,-0.97307
7967.34,BTC-28JUN19,1560337141050,open,0.01,1145.4,0.0005,0.0465,0.00654575,75.45,0.008,0.0,BTC-28JUN19-6500-P,7992.54,72.1,0.0055,37.4,0.0075,17.0,78.3,2.58577,-6.1449,-0.31727,0.00012,-0.08501
249.13,ETH-28JUN19,1560337141049,open,0.09,2538.0,0.049,0.136,0.092648,80.84,0.107,0.0,ETH-28JUN19-260-P,248.77,76.39,0.089,280.0,0.095,239.0,83.71,0.20434,-0.52026,-0.07149,0.00936,-0.5671
7992.54,index_price,1560337141087,open,0.0,197.0,0.0005,0.042,0.00239779,80.82,0.004,0,BTC-21JUN19-6500-P,7992.54,73.85,0.0015,30.0,0.0035,52.7,87.62,1.16584,-5.30784,-0.09069,9e-05,-0.04427
7992.54,index_price,1560337141159,open,0.0,167.7,0.0005,0.04,3.646e-05,135.0,0.0005,0,BTC-14JUN19-6000-P,7992.54,0.0,0.0,0.0,0.0005,22.0,179.43,0.02454,-0.29138,-0.00055,1e-05,-0.0013
7967.61,BTC-28JUN19,1560337141172,open,0.32,0.0,0.279,0.3585,0.31866578,78.51,None,0.0,BTC-26JUL19-5500-C,7992.54,0.0,0.2945,4.9,0.3415,4.9,115.92,3.59008,-3.212,5.8829,6e-05,0.9329
7967.61,BTC-28JUN19,1560337141177,open,0.0,248.1,0.0005,0.0435,0.00374621,79.35,0.004,0.0,BTC-28JUN19-10500-C,7992.54,76.0,0.003,30.0,0.0045,1.0,82.37,1.88744,-4.71664,0.18273,9e-05,0.05647
7974.55,BTC-27SEP19,1560337141368,open,0.01,1038.2,0.0005,0.051,0.01067879,81.05,0.0115,0.0,BTC-27SEP19-4250-P,7992.54,78.84,0.0095,18.0,0.012,15.0,83.38,4.38174,-1.66139,-1.39431,3e-05,-0.04903
7974.55,BTC-27SEP19,1560337141368,open,0.35,231.0,0.304,0.3835,0.34380445,75.87,0.3605,0.0,BTC-27SEP19-5500-C,7992.54,60.97,0.328,3.6,0.359,3.6,88.22,9.29549,-3.29936,12.20604,7e-05,0.86654
7967.61,BTC-28JUN19,1560337141368,open,0.0,1429.2,0.0005,0.04,6.327e-05,134.99,0.0005,0.0,BTC-28JUN19-20000-C,7992.54,0.0,0.0,0.0,0.0005,22.0,161.42,0.04971,-0.21134,0.00283,0.0,0.00088
7974.55,BTC-27SEP19,1560337141370,open,0.54,0.0,0.496,0.5755,0.53579002,83.65,None,0.0,BTC-27SEP19-3750-C,7992.54,0.0,0.5195,3.6,0.552,3.6,114.5,2.86858,-1.12264,10.1583,2e-05,0.97083
7974.55,BTC-27SEP19,1560337141370,open,0.11,75.4,0.069,0.1575,0.1130285,72.93,0.115,0.0,BTC-27DEC19-6500-P,7992.54,71.66,0.11,8.0,0.116,14.4,74.18,18.97305,-3.49644,-16.04435,8e-05,-0.25809
7974.55,BTC-27SEP19,1560337141370,open,0.09,196.1,0.0485,0.128,0.08846388,75.01,0.083,0.0,BTC-27DEC19-12000-C,7992.54,73.69,0.085,24.4,0.092,20.0,76.34,21.03581,-3.98706,10.07041,8e-05,0.3214
7967.61,BTC-28JUN19,1560337141397,open,0.0,1255.2,0.0005,0.04,0.0,135.0,0.0005,0.0,BTC-28JUN19-1500-P,7992.54,0.0,0.0,0.0,0.0005,25.0,316.51,0.0,0.0,0.0,0.0,0.0
7967.61,BTC-28JUN19,1560337141417,open,0.88,4.5,0.808,0.9585,0.88322342,119.44,0.903,0.0,BTC-28JUN19-15000-P,7992.54,0.0,0.868,6.0,0.893,6.0,182.69,0.35869,-1.3493,-6.4991,1e-05,-0.99214
7974.55,BTC-27SEP19,1560337141447,open,0.01,61.6,0.0005,0.0485,0.00891632,96.76,0.0105,0.0,BTC-27DEC19-36000-C,7992.54,95.25,0.008,18.0,0.01,1.0,98.44,4.98373,-1.21856,1.31191,1e-05,0.03926
249.13,ETH-28JUN19,1560337141460,open,0.0,7876.0,0.001,0.04,0.000953,87.05,0.001,0.0,ETH-28JUN19-170-P,248.77,0.0,0.0,0.0,0.002,603.0,97.92,0.0186,-0.05099,-0.00163,0.00079,-0.01405
7967.61,BTC-28JUN19,1560337141465,open,0.0,402.3,0.0005,0.04,9.302e-05,135.01,0.001,0.0,BTC-28JUN19-3500-P,7992.54,0.0,0.0,0.0,0.0005,12.0,160.47,0.06096,-0.25919,-0.00413,0.0,-0.0011
7967.61,BTC-28JUN19,1560337141483,open,0.32,0.0,0.269,0.3745,0.32165127,79.64,None,0.0,BTC-28JUN19-10500-P,7992.54,0.0,0.31,6.0,0.3305,6.0,105.63,1.90669,-4.78227,-4.38196,9e-05,-0.94279
249.13,ETH-28JUN19,1560337141507,open,0.05,5922.0,0.007,0.09,0.048654,80.11,0.056,0.0,ETH-28JUN19-240-P,248.77,75.5,0.045,340.0,0.052,571.0,84.32,0.19774,-0.49891,-0.04639,0.00914,-0.37942
251.53,ETH-27SEP19,1560337141525,open,0.02,7505.0,0.001,0.057,0.017283,86.51,0.023,0.0,ETH-27SEP19-140-P,248.77,81.72,0.014,180.0,0.018,180.0,87.51,0.1801,-0.07289,-0.06332,0.00112,-0.06868
7974.55,BTC-27SEP19,1560337141573,open,0.02,95.7,0.0005,0.056,0.01551536,82.19,0.019,0.0,BTC-27DEC19-3500-P,7992.54,80.09,0.014,18.0,0.017,10.0,84.17,5.87369,-1.21993,-2.75134,2e-05,-0.04813
7974.55,BTC-27SEP19,1560337141573,open,0.42,58.5,0.3815,0.461,0.42103819,75.41,0.4475,0.0,BTC-27DEC19-5000-C,7992.54,72.81,0.417,5.0,0.4375,5.0,85.51,12.53307,-2.38807,19.33606,5e-05,0.8683
7974.55,BTC-27SEP19,1560337141576,open,0.0,1642.1,0.0005,0.0405,0.00063425,125.46,0.001,0.0,BTC-27SEP19-1500-P,7992.54,0.0,0.0,0.0,0.0005,6.8,122.05,0.34106,-0.20018,-0.07437,0.0,-0.00255
7967.61,BTC-28JUN19,1560337141576,open,0.56,143.0,0.521,0.6005,0.56079958,132.93,0.55,0.0,BTC-28JUN19-3500-C,7992.54,0.0,0.5525,6.0,0.57,6.0,256.47,0.05329,-0.2231,1.51877,0.0,0.99905
7967.61,BTC-28JUN19,1560337141576,open,0.53,30.0,0.49,0.5695,0.52954763,133.96,0.298,0.0,BTC-28JUN19-3750-C,7992.54,0.0,0.521,6.0,0.539,6.0,239.68,0.11845,-0.49977,1.62247,0.0,0.99772
7974.55,BTC-27SEP19,1560337141580,open,2.01,0.0,1.8925,2.133,2.01274701,89.29,None,0.0,BTC-27SEP19-24000-P,7992.54,0.0,1.985,3.6,2.045,3.6,135.62,2.15373,-0.89963,-69.86448,1e-05,-0.97927
7967.7,BTC-28JUN19,1560337141609,open,0.26,43.0,0.2115,0.312,0.26186257,78.22,0.177,0.0,BTC-28JUN19-10000-P,7992.54,0.0,0.2525,5.0,0.2695,5.0,96.24,2.80684,-6.91496,-4.0441,0.00013,-0.90508
7974.55,BTC-27SEP19,1560337141628,open,0.21,197.3,0.169,0.2485,0.208615,72.29,0.2135,0.0,BTC-27DEC19-8000-C,7992.54,71.2,0.2055,5.0,0.2125,5.0,73.66,22.64483,-4.13661,17.03404,9e-05,0.60263
7974.55,BTC-27SEP19,1560337141633,open,0.77,0.0,0.707,0.8485,0.77773692,76.95,None,0.0,BTC-27SEP19-14000-P,7992.54,51.4,0.7585,3.6,0.7995,3.6,93.47,8.95482,-3.22392,-38.55798,6e-05,-0.87355
7974.55,BTC-27SEP19,1560337141690,open,0.02,152.7,0.0005,0.064,0.02349202,79.39,0.023,0.0,BTC-27DEC19-4000-P,7992.54,77.34,0.0215,28.0,0.0255,28.0,81.37,7.92004,-1.58871,-4.06002,3e-05,-0.07042
7967.7,BTC-28JUN19,1560337141696,open,0.23,0.0,0.1835,0.2815,0.23252168,73.48,None,0.0,BTC-26JUL19-9500-P,7992.54,48.75,0.2065,4.9,0.261,4.9,96.33,9.40503,-7.87518,-9.05895,0.00017,-0.71331
7974.55,BTC-27SEP19,1560337141725,open,1.26,1.0,1.1755,1.356,1.26565106,81.86,1.5815,0.0,BTC-27SEP19-18000-P,7992.54,0.0,0.006,0.3,1.2915,3.6,110.17,4.66181,-1.78534,-51.66596,3e-05,-0.947
7974.55,BTC-27SEP19,1560337141725,open,0.27,58.1,0.225,0.3045,0.26457919,72.56,0.2385,0.0,BTC-27DEC19-7000-C,7992.54,66.71,0.2495,5.0,0.283,5.0,79.72,20.55613,-3.76909,18.62357,8e-05,0.69536
7967.34,BTC-28JUN19,1560337141746,open,0.03,542.6,0.0005,0.075,0.03375805,72.49,0.0345,0.0,BTC-28JUN19-7500-P,7992.54,69.43,0.0315,36.8,0.035,11.0,74.15,5.92057,-13.51729,-1.21639,0.0003,-0.31724
7967.7,BTC-28JUN19,1560337141762,open,0.0,520.6,0.0005,0.04,1e-08,135.0,0.0005,0.0,BTC-28JUN19-2000-P,7992.54,0.0,0.0,0.0,0.0005,12.0,262.91,2e-05,-8e-05,0.0,0.0,0.0
7974.55,BTC-27SEP19,1560337141762,open,0.03,186.1,0.0005,0.0745,0.03468106,81.18,0.0345,0.0,BTC-27DEC19-18000-C,7992.54,79.86,0.0325,18.0,0.037,38.0,82.55,13.31173,-2.73068,4.72005,5e-05,0.14386
7974.55,BTC-27SEP19,1560337141762,open,0.34,122.6,0.295,0.3745,0.33499818,73.44,0.41,0.0,BTC-27DEC19-6000-C,7992.54,65.39,0.318,3.6,0.3535,3.6,82.01,17.05733,-3.16552,19.54633,7e-05,0.78712
7974.55,BTC-27SEP19,1560337141762,open,0.01,179.7,0.0005,0.0465,0.00628253,91.54,0.0075,0.0,BTC-27DEC19-2500-P,7992.54,87.68,0.005,10.0,0.0075,10.0,94.82,2.81837,-0.65193,-1.12745,1e-05,-0.0198
7967.7,BTC-28JUN19,1560337141784,open,0.01,1145.4,0.0005,0.0465,0.00654575,75.46,0.008,0.0,BTC-28JUN19-6500-P,7992.54,72.11,0.0055,37.5,0.0075,17.0,78.32,2.58531,-6.14442,-0.31719,0.00012,-0.08498
7974.55,BTC-27SEP19,1560337141811,open,0.6,0.0,0.556,0.6355,0.59570333,87.25,None,0.0,BTC-27SEP19-3250-C,7992.54,0.0,0.5795,3.6,0.6125,3.6,129.0,1.7537,-0.71581,9.06016,1e-05,0.98371
7974.55,BTC-27SEP19,1560337141813,open,0.17,77.2,0.1285,0.222,0.17538671,72.36,0.1775,0.0,BTC-27DEC19-7500-P,7992.54,70.94,0.1715,5.0,0.1795,19.4,73.87,21.77976,-3.98249,-22.77389,9e-05,-0.3514
7967.7,BTC-28JUN19,1560337141830,open,0.0,793.3,0.0005,0.0405,0.00050203,117.09,0.0005,0.0,BTC-28JUN19-15000-C,7992.54,0.0,0.0,0.0,0.001,47.0,126.76,0.31488,-1.16121,0.02176,1e-05,0.00678
7974.67,BTC-27SEP19,1560337141830,open,1.02,0.0,0.939,1.1,1.01927493,79.0,None,0.0,BTC-27SEP19-16000-P,7992.54,0.0,0.999,3.6,1.0435,3.6,101.65,6.32498,-2.33764,-45.31798,4e-05,-0.92148
7974.67,BTC-27SEP19,1560337141830,open,0.09,229.6,0.044,0.1305,0.08742892,73.46,0.0895,0.0,BTC-27DEC19-6000-P,7992.54,72.33,0.085,8.0,0.09,14.4,74.66,17.05813,-3.16651,-12.98348,7e-05,-0.21289
7974.67,BTC-27SEP19,1560337141842,open,0.81,0.0,0.745,0.89,0.81738341,76.98,None,0.0,BTC-27DEC19-14000-P,7992.54,63.81,0.79,3.6,0.8405,3.6,86.61,18.21168,-3.54242,-68.23802,7e-05,-0.76101
7992.54,index_price,1560337141872,open,0.19,0.0,0.142,0.2365,0.1891264,112.91,None,0,BTC-14JUN19-9500-P,7992.54,0.0,0.1815,6.0,0.1965,6.0,194.78,0.25507,-7.6772,-0.48096,7e-05,-0.98188
249.15,ETH-28JUN19,1560337141918,open,0.0,5923.0,0.001,0.041,0.001454,84.88,0.001,0.0,ETH-28JUN19-360-C,248.77,0.0,0.0,0.0,0.002,95.0,89.17,0.02859,-0.07643,0.00236,0.00125,0.02327
7967.7,BTC-28JUN19,1560337141931,open,0.0,318.6,0.0005,0.0405,0.00048571,104.3,0.0015,0.0,BTC-28JUN19-4750-P,7992.54,0.0,0.0,0.0,0.001,33.2,114.73,0.30104,-0.98883,-0.02402,1e-05,-0.00645
7974.67,BTC-27SEP19,1560337141935,open,0.75,28.2,0.7105,0.79,0.75012062,109.01,0.755,0.0,BTC-27SEP19-2000-C,7992.54,0.0,0.7325,3.6,0.7665,3.6,184.36,0.5282,-0.26937,5.73797,0.0,0.99585
7974.67,BTC-27SEP19,1560337141935,open,0.05,315.4,0.007,0.0905,0.04893444,74.52,0.051,0.0,BTC-27SEP19-6000-P,7992.54,73.51,0.0475,0.1,0.051,5.6,75.95,11.40771,-3.97684,-5.39594,8e-05,-0.18215
249.13,ETH-28JUN19,1560337141936,open,0.09,2538.0,0.049,0.136,0.092648,80.84,0.107,0.0,ETH-28JUN19-260-P,248.77,76.39,0.089,280.0,0.095,240.0,83.71,0.20434,-0.52026,-0.07149,0.00936,-0.5671
7967.61,BTC-28JUN19,1560337141952,open,0.19,509.3,0.151,0.2305,0.19070148,75.33,0.1875,0.0,BTC-28JUN19-6500-C,7992.54,71.45,0.1895,9.0,0.194,8.8,84.62,2.57807,-6.11661,2.51123,0.00012,0.91534
7967.61,BTC-28JUN19,1560337141956,open,0.19,509.3,0.151,0.2305,0.19070148,75.33,0.1875,0.0,BTC-28JUN19-6500-C,7992.54,71.45,0.1895,9.0,0.1935,6.8,83.31,2.57807,-6.11661,2.51123,0.00012,0.91534
7992.54,index_price,1560337141971,open,0.0,129.9,0.0005,0.041,0.00103781,80.61,0.0015,0,BTC-14JUN19-7250-P,7992.54,70.67,0.0005,37.6,0.0015,17.4,86.96,0.52417,-8.29485,-0.01811,0.0002,-0.04306
7967.7,BTC-28JUN19,1560337141984,open,0.0,278.7,0.0005,0.0405,0.00055422,116.07,0.0005,0.0,BTC-28JUN19-4500-P,7992.54,0.0,0.0,0.0,0.001,12.0,125.46,0.3052,-1.11567,-0.02461,1e-05,-0.00655
7974.67,BTC-27SEP19,1560337141984,open,0.93,0.0,0.8565,1.011,0.93368537,78.06,None,0.0,BTC-27DEC19-15000-P,7992.54,63.75,0.907,3.6,0.9555,3.6,87.76,16.84808,-3.3232,-74.58707,6e-05,-0.79156
7967.7,BTC-28JUN19,1560337141998,open,0.39,0.0,0.34,0.451,0.39566489,74.2,None,0.0,BTC-26JUL19-11000-P,7992.54,0.0,0.3715,4.9,0.4235,4.9,104.34,5.85322,-4.94931,-12.11936,0.0001,-0.8697
7974.67,BTC-27SEP19,1560337142020,open,0.38,56.9,0.3365,0.416,0.37617422,74.3,0.368,0.0,BTC-27DEC19-5500-C,7992.54,67.37,0.3635,5.0,0.3835,5.0,78.19,14.88031,-2.79387,19.60327,6e-05,0.82961
7974.67,BTC-27SEP19,1560337142020,open,0.47,6.6,0.4295,0.509,0.46942741,76.79,0.498,0.0,BTC-27DEC19-4500-C,7992.54,61.35,0.452,3.6,0.4895,3.6,91.45,10.1313,-1.96581,18.71393,4e-05,0.90229
7967.7,BTC-28JUN19,1560337142033,open,0.41,97.0,0.3645,0.444,0.4043018,103.57,0.1965,0.0,BTC-28JUN19-4750-C,7992.54,0.0,0.396,6.0,0.4135,6.0,174.25,0.2893,-0.94367,2.04307,1e-05,0.99384
7974.67,BTC-27SEP19,1560337142035,open,0.63,0.0,0.594,0.6735,0.63366829,85.88,None,0.0,BTC-27DEC19-3000-C,7992.54,0.0,0.615,3.6,0.6535,3.6,114.5,4.13639,-0.89766,14.48498,1e-05,0.96872
7974.67,BTC-27SEP19,1560337142066,open,0.89,0.0,0.8225,0.9735,0.8979952,78.24,None,0.0,BTC-27SEP19-15000-P,7992.54,0.0,0.878,3.6,0.9205,3.6,97.27,7.58224,-2.77527,-41.98052,5e-05,-0.89984
7974.67,BTC-27SEP19,1560337142068,open,0.03,96.2,0.0005,0.075,0.03374232,76.81,0.0385,0.0,BTC-27DEC19-4500-P,7992.54,75.43,0.032,28.0,0.035,5.0,77.8,10.13407,-1.96692,-5.6845,4e-05,-0.09774
7992.54,index_price,1560337142108,open,0.19,0.0,0.1475,0.227,0.18704291,125.63,None,0,BTC-14JUN19-6500-C,7992.54,0.0,0.18,6.0,0.1935,6.0,224.0,0.14782,-4.95009,0.32995,4e-05,0.99037
7967.61,BTC-28JUN19,1560337142136,open,0.19,509.3,0.151,0.2305,0.19073965,75.33,0.1875,0.0,BTC-28JUN19-6500-C,7992.54,71.45,0.1895,8.9,0.1935,6.8,83.31,2.57807,-6.11661,2.51123,0.00012,0.91534
7967.7,BTC-28JUN19,1560337142147,open,0.75,2.2,0.6875,0.828,0.75770938,108.5,0.777,0.0,BTC-28JUN19-14000-P,7992.54,0.0,0.743,6.0,0.7675,6.0,167.84,0.39247,-1.34119,-6.06125,1e-05,-0.99129
7974.67,BTC-27SEP19,1560337142147,open,0.01,225.6,0.0005,0.054,0.0137305,79.74,0.013,0.0,BTC-27SEP19-4500-P,7992.54,77.83,0.0125,18.0,0.015,20.8,81.63,5.24404,-1.9562,-1.75786,4e-05,-0.06155
7974.67,BTC-27SEP19,1560337142147,open,0.02,256.9,0.0005,0.058,0.0175304,78.68,0.018,0.0,BTC-27SEP19-4750-P,7992.54,76.67,0.016,18.0,0.019,33.0,80.54,6.19385,-2.27986,-2.19285,4e-05,-0.07638
7967.61,BTC-28JUN19,1560337142141,open,0.19,509.3,0.151,0.2305,0.19073965,75.33,0.1875,0.0,BTC-28JUN19-6500-C,7992.54,71.45,0.1895,8.9,0.1935,6.6,83.31,2.57807,-6.11661,2.51123,0.00012,0.91534
7974.67,BTC-27SEP19,1560337142191,open,0.63,226.1,0.5865,0.666,0.62639078,90.88,0.585,0.0,BTC-27SEP19-3000-C,7992.54,0.0,0.6095,3.6,0.643,3.6,137.44,1.41978,-0.60363,8.42646,1e-05,0.98726
7974.67,BTC-27SEP19,1560337142192,open,0.06,208.2,0.022,0.1015,0.06173681,76.94,0.0675,0.0,BTC-27DEC19-14000-C,7992.54,75.73,0.059,14.4,0.0645,20.0,78.14,18.20341,-3.53904,7.65474,7e-05,0.2388
7967.7,BTC-28JUN19,1560337142195,open,0.0,884.8,0.0005,0.041,0.00107199,86.24,0.001,0.0,BTC-28JUN19-5500-P,7992.54,77.49,0.0005,1.9,0.0015,17.6,90.88,0.6561,-1.78198,-0.05829,3e-05,-0.01575
7967.7,BTC-28JUN19,1560337142213,open,0.26,0.0,0.222,0.3015,0.26192715,73.9,None,0.0,BTC-26JUL19-6000-C,7992.54,0.0,0.2395,4.9,0.286,4.9,105.03,5.14002,-4.32883,6.03086,9e-05,0.8916
7974.67,BTC-27SEP19,1560337142215,open,0.0,85.9,0.0005,0.0435,0.00371562,98.37,0.0065,0.0,BTC-27DEC19-2000-P,7992.54,92.24,0.0025,10.0,0.005,28.0,103.64,1.77387,-0.4409,-0.65989,1e-05,-0.01155
7974.67,BTC-27SEP19,1560337142215,open,0.3,717.9,0.257,0.3365,0.29654071,74.49,0.302,0.0,BTC-27SEP19-6000-C,7992.54,70.23,0.2905,6.6,0.3015,6.5,77.94,11.40586,-3.97479,12.17465,8e-05,0.8179
7967.7,BTC-28JUN19,1560337142223,open,0.14,858.0,0.0975,0.177,0.13742315,73.53,0.1305,0.0,BTC-28JUN19-7000-C,7992.54,70.94,0.136,8.2,0.1415,8.7,80.84,4.3376,-10.0451,2.37077,0.00021,0.82149
7967.7,BTC-28JUN19,1560337142229,open,0.14,858.0,0.0975,0.177,0.13742315,73.53,0.1305,0.0,BTC-28JUN19-7000-C,7992.54,70.94,0.136,8.2,0.141,7.2,79.97,4.3376,-10.0451,2.37077,0.00021,0.82149
7974.67,BTC-27SEP19,1560337142246,open,0.48,0.2,0.438,0.5175,0.47771325,81.0,0.26,0.0,BTC-27SEP19-4250-C,7992.54,0.0,0.4615,3.6,0.4935,3.6,103.94,4.37616,-1.65826,11.0526,3e-05,0.95104
7992.54,index_price,1560337142290,open,0.0,371.9,0.0005,0.04,0.0002626,129.02,0.0005,0,BTC-14JUN19-10000-C,7992.54,0.0,0.0,0.0,0.0005,12.0,140.03,0.13575,-2.09886,0.00348,3e-05,0.00874
249.13,ETH-28JUN19,1560337142307,open,0.0,7802.0,0.001,0.041,0.001913,84.56,0.004,0.0,ETH-28JUN19-180-P,248.77,76.05,0.001,324.0,0.003,400.0,91.9,0.03211,-0.08552,-0.0031,0.00141,-0.02673
7974.67,BTC-27SEP19,1560337142316,open,0.48,13.1,0.428,0.5465,0.4872119,74.12,0.413,0.0,BTC-27DEC19-11000-P,7992.54,65.1,0.4625,10.8,0.509,10.8,81.83,22.28089,-4.17325,-48.04739,9e-05,-0.62416
249.15,ETH-28JUN19,1560337142320,open,0.17,771.0,0.13,0.209,0.169277,79.99,0.153,0.0,ETH-28JUN19-210-C,248.77,42.76,0.158,60.0,0.177,100.0,95.72,0.11218,-0.28261,0.07551,0.00519,0.86611
7967.7,BTC-28JUN19,1560337142345,open,0.0,133.3,0.0005,0.04,0.00021915,135.01,0.001,0.0,BTC-28JUN19-3750-P,7992.54,0.0,0.0,0.0,0.0005,12.0,147.9,0.12526,-0.53259,-0.00915,0.0,-0.00242
7974.67,BTC-27SEP19,1560337142345,open,0.24,96.1,0.195,0.2745,0.23484923,72.35,0.2255,0.0,BTC-27DEC19-7500-C,7992.54,71.12,0.2315,5.0,0.2385,5.0,73.68,21.78018,-3.98153,17.88755,9e-05,0.6486
7974.67,BTC-27SEP19,1560337142347,open,1.05,0.0,0.97,1.1335,1.05171364,79.08,None,0.0,BTC-27DEC19-16000-P,7992.54,61.68,1.0235,3.6,1.0745,3.6,89.86,15.55801,-3.10903,-80.79728,6e-05,-0.81718
7974.67,BTC-27SEP19,1560337142347,open,0.81,0.0,0.774,0.8535,0.81388285,107.14,None,0.0,BTC-27DEC19-1500-C,7992.54,0.0,0.794,3.6,0.834,3.6,174.72,0.99753,-0.27005,7.78719,0.0,0.99401
249.15,ETH-28JUN19,1560337142459,open,0.0,648.0,0.001,0.041,0.001015,130.88,0.001,0.0,ETH-28JUN19-480-C,248.79,0.0,0.0,0.0,0.002,350.0,142.88,0.01591,-0.06558,0.00116,0.00045,0.01173
249.15,ETH-28JUN19,1560337142460,open,0.0,2026.0,0.001,0.04,1.1e-05,140.01,0.001,0.0,ETH-28JUN19-90-P,248.79,0.0,0.0,0.0,0.001,240.0,213.56,0.00028,-0.00124,-2e-05,1e-05,-0.00014
251.57,ETH-27SEP19,1560337142460,open,0.68,0.0,0.644,0.723,0.683868,100.35,None,0.0,ETH-27SEP19-80-C,248.79,0.0,0.664,12.0,0.702,12.0,160.4,0.03187,-0.01496,0.22652,0.00017,0.99138
249.15,ETH-28JUN19,1560337142459,open,0.36,0.0,0.324,0.403,0.36372,82.31,None,0.0,ETH-26JUL19-160-C,248.79,0.0,0.338,48.0,0.393,48.0,136.71,0.08199,-0.0769,0.17706,0.00133,0.95493
249.15,ETH-28JUN19,1560337142461,open,0.4,481.0,0.359,0.438,0.398382,100.95,0.46,0.0,ETH-28JUN19-150-C,248.79,0.0,0.388,60.0,0.408,60.0,173.17,0.00876,-0.02785,0.06455,0.00032,0.99406
249.15,ETH-28JUN19,1560337142461,open,0.68,0.0,0.639,0.718,0.678884,0.0,None,0.0,ETH-28JUN19-80-C,248.79,0.0,0.669,60.0,0.689,60.0,349.61,0.0,0.0,0.0348,0.0,1.0
249.15,ETH-28JUN19,1560337142459,open,0.01,0.0,0.001,0.046,0.005903,82.31,None,0.0,ETH-26JUL19-160-P,248.79,75.92,0.004,120.0,0.008,120.0,88.19,0.08199,-0.0769,-0.01527,0.00133,-0.04507
248.79,index_price,1560337142459,open,0.12,61.0,0.085,0.164,0.12485,77.46,0.115,0,ETH-21JUN19-220-C,248.79,71.92,0.123,60.0,0.128,60.0,86.06,0.08651,-0.3775,0.04445,0.00742,0.85961
251.57,ETH-27SEP19,1560337142461,open,0.34,743.0,0.299,0.378,0.33871,86.46,0.337,0.0,ETH-27SEP19-180-C,248.79,71.41,0.319,100.0,0.354,100.0,97.3,0.34602,-0.13996,0.36102,0.00216,0.82881
249.15,ETH-28JUN19,1560337142462,open,0.36,924.0,0.319,0.398,0.358773,99.24,0.35,0.0,ETH-28JUN19-160-C,248.79,0.0,0.348,60.0,0.368,60.0,155.52,0.01674,-0.05232,0.06814,0.00062,0.98756
249.15,ETH-28JUN19,1560337142462,open,0.2,2195.0,0.164,0.243,0.203857,80.13,0.195,0.0,ETH-28JUN19-200-C,248.79,0.0,0.193,60.0,0.214,60.0,106.22,0.07796,-0.19674,0.0775,0.0036,0.91902
248.79,index_price,1560337142459,open,0.21,0.0,0.162,0.258,0.209666,79.2,None,0,ETH-21JUN19-300-P,248.79,0.0,0.198,60.0,0.219,60.0,110.11,0.05379,-0.23998,-0.06877,0.00451,-0.92701
249.17,ETH-28JUN19,1560337142460,open,0.04,46.0,0.001,0.076,0.03695,85.36,0.036,0.0,ETH-26JUL19-320-C,248.79,81.66,0.033,150.0,0.04,150.0,88.14,0.27025,-0.26289,0.06165,0.00424,0.24279
249.17,ETH-28JUN19,1560337142459,open,0.29,0.0,0.253,0.332,0.292627,81.89,None,0.0,ETH-26JUL19-180-C,248.79,0.0,0.266,48.0,0.322,48.0,121.23,0.15049,-0.14044,0.18222,0.00246,0.90101
249.17,ETH-28JUN19,1560337142460,open,0.09,0.0,0.056,0.135,0.095659,82.44,None,0.0,ETH-26JUL19-260-C,248.79,79.8,0.092,121.0,0.104,120.0,88.47,0.34464,-0.32379,0.1204,0.0056,0.49764
249.17,ETH-28JUN19,1560337142460,open,0.17,20.0,0.135,0.214,0.174837,81.93,0.171,0.0,ETH-26JUL19-220-C,248.79,77.77,0.17,100.0,0.182,100.0,88.02,0.29123,-0.27191,0.16304,0.00476,0.71916
251.57,ETH-27SEP19,1560337142471,open,0.17,1252.0,0.132,0.211,0.17181,86.48,0.165,0.0,ETH-27SEP19-260-C,248.79,84.7,0.168,37.0,0.175,100.0,87.98,0.53586,-0.21681,0.2896,0.00334,0.56496
7974.67,BTC-27SEP19,1560337142525,open,0.01,236.6,0.0005,0.048,0.00833838,81.63,0.0085,0.0,BTC-27SEP19-18000-C,7992.54,79.2,0.007,18.0,0.0095,6.3,83.56,4.61894,-1.76399,1.02861,3e-05,0.05239
7967.47,BTC-28JUN19,1560337142538,open,0.1,248.2,0.0585,0.146,0.10210814,73.57,0.1,0.0,BTC-28JUN19-8500-P,7992.54,69.55,0.099,12.9,0.104,5.0,75.94,6.24607,-14.47178,-2.55432,0.00031,-0.63495
7974.67,BTC-27SEP19,1560337142603,open,0.57,261.1,0.526,0.6055,0.56554791,85.25,0.549,0.0,BTC-27SEP19-3500-C,7992.54,0.0,0.5495,3.6,0.582,3.6,121.12,2.25701,-0.90016,9.63313,1e-05,0.97809
7974.67,BTC-27SEP19,1560337142605,open,2.77,0.0,2.625,2.9265,2.7756004,94.05,None,0.0,BTC-27DEC19-30000-P,7992.54,0.0,2.729,3.6,2.811,3.6,121.31,6.86139,-1.63059,-160.69822,2e-05,-0.94145
7974.67,BTC-27SEP19,1560337142621,open,0.07,63.9,0.0235,0.1085,0.06589249,74.32,0.07,0.0,BTC-27DEC19-5500-P,7992.54,73.04,0.0635,10.0,0.068,14.4,75.45,14.88175,-2.79483,-10.21622,6e-05,-0.17042
7967.61,BTC-28JUN19,1560337142693,open,0.19,509.3,0.151,0.2305,0.19073965,75.33,0.1875,0.0,BTC-28JUN19-6500-C,7992.54,71.45,0.1895,8.9,0.194,8.8,84.62,2.57807,-6.11661,2.51123,0.00012,0.91534
7967.7,BTC-28JUN19,1560337142715,open,0.03,542.6,0.0005,0.075,0.03374218,72.5,0.0345,0.0,BTC-28JUN19-7500-P,7992.54,69.46,0.0315,36.7,0.035,11.0,74.17,5.92016,-13.51877,-1.21612,0.0003,-0.31716
7967.7,BTC-28JUN19,1560337142718,open,0.01,1145.4,0.0005,0.0465,0.0065416,75.46,0.008,0.0,BTC-28JUN19-6500-P,7992.54,72.11,0.0055,37.4,0.0075,17.0,78.32,2.58531,-6.14442,-0.31719,0.00012,-0.08498
7967.7,BTC-28JUN19,1560337142732,open,0.14,858.0,0.0975,0.177,0.13742315,73.53,0.1305,0.0,BTC-28JUN19-7000-C,7992.54,70.94,0.136,8.1,0.141,7.2,79.97,4.3376,-10.0451,2.37077,0.00021,0.82149
7967.7,BTC-28JUN19,1560337142738,open,0.14,858.0,0.0975,0.177,0.13742315,73.53,0.1305,0.0,BTC-28JUN19-7000-C,7992.54,70.94,0.136,8.1,0.141,7.0,79.97,4.3376,-10.0451,2.37077,0.00021,0.82149
7967.7,BTC-28JUN19,1560337142749,open,0.02,1059.9,0.0005,0.0565,0.01597908,73.6,0.0155,0.0,BTC-28JUN19-7000-P,7992.54,70.85,0.0145,31.9,0.0175,31.0,76.36,4.34064,-10.06211,-0.67471,0.00021,-0.17871
7967.47,BTC-28JUN19,1560337142750,open,0.1,248.2,0.0585,0.146,0.10210814,73.57,0.1,0.0,BTC-28JUN19-8500-P,7992.54,69.55,0.099,5.0,0.104,5.0,75.94,6.24607,-14.47178,-2.55432,0.00031,-0.63495
7967.81,BTC-28JUN19,1560337142755,open,0.28,0.0,0.2335,0.336,0.28471023,74.16,None,0.0,BTC-26JUL19-10000-P,7992.54,41.55,0.259,4.9,0.312,4.9,98.06,8.28766,-7.00382,-10.14863,0.00015,-0.77488
7967.7,BTC-28JUN19,1560337142761,open,0.25,1692.9,0.21,0.2895,0.24963794,80.22,0.239,0.0,BTC-28JUN19-6000-C,7992.54,67.98,0.248,7.5,0.251,6.7,87.3,1.36218,-3.44158,2.47004,6e-05,0.96238
7967.81,BTC-28JUN19,1560337142776,open,0.01,1354.4,0.0005,0.0465,0.00673996,78.06,0.007,0.0,BTC-28JUN19-10000-C,7992.54,74.36,0.0055,35.0,0.008,44.4,81.51,2.79604,-6.8742,0.30387,0.00013,0.09442
251.57,ETH-27SEP19,1560337142922,open,0.0,1743.0,0.001,0.041,0.00192,100.74,0.003,0.0,ETH-27SEP19-80-P,248.79,92.02,0.001,120.0,0.003,150.0,107.96,0.03242,-0.01528,-0.00789,0.00017,-0.00879
248.79,index_price,1560337143184,open,0.0,3.0,0.001,0.04,0.000938,100.37,0.002,0,ETH-21JUN19-180-P,248.79,0.0,0.0,0.0,0.002,490.0,113.57,0.01547,-0.08746,-0.00102,0.00102,-0.01593
7967.61,BTC-28JUN19,1560337143290,open,0.19,509.3,0.151,0.2305,0.19073964,75.33,0.1875,0.0,BTC-28JUN19-6500-C,7992.54,71.45,0.1895,8.9,0.194,8.6,84.62,2.57807,-6.11661,2.51123,0.00012,0.91534
7967.7,BTC-28JUN19,1560337143326,open,0.14,858.0,0.0975,0.177,0.13742316,73.53,0.1305,0.0,BTC-28JUN19-7000-C,7992.54,70.94,0.136,8.1,0.1415,8.8,80.84,4.3376,-10.0451,2.37077,0.00021,0.82149
7967.7,BTC-28JUN19,1560337143334,open,0.0,770.5,0.0005,0.042,0.00243637,82.82,0.003,0.0,BTC-28JUN19-11000-C,7992.54,76.51,0.0015,30.0,0.0035,41.0,88.41,1.35768,-3.54122,0.12141,6e-05,0.03747
7967.7,BTC-28JUN19,1560337143352,open,0.25,1692.9,0.21,0.2895,0.24967014,80.22,0.239,0.0,BTC-28JUN19-6000-C,7992.54,67.98,0.248,7.4,0.251,6.7,87.3,1.36218,-3.44158,2.47004,6e-05,0.96238
7967.7,BTC-28JUN19,1560337143362,open,0.25,1692.9,0.21,0.2895,0.24967014,80.22,0.239,0.0,BTC-28JUN19-6000-C,7992.54,67.98,0.248,7.4,0.251,6.4,87.3,1.36218,-3.44158,2.47004,6e-05,0.96238
249.17,ETH-28JUN19,1560337143470,open,0.23,0.0,0.19,0.269,0.229161,81.92,None,0.0,ETH-26JUL19-200-C,248.82,50.21,0.205,100.0,0.256,100.0,109.38,0.22656,-0.21149,0.17702,0.00371,0.82016
249.17,ETH-28JUN19,1560337143473,open,0.15,324.0,0.105,0.196,0.15079,82.6,0.159,0.0,ETH-28JUN19-280-P,248.82,74.1,0.145,100.0,0.158,100.0,92.67,0.17409,-0.45289,-0.09467,0.0078,-0.72275
248.82,index_price,1560337143470,open,0.02,40.0,0.001,0.058,0.017864,77.19,0.051,0,ETH-21JUN19-230-P,248.82,73.29,0.016,240.0,0.02,372.0,81.57,0.12,-0.52184,-0.01547,0.01033,-0.23775
248.82,index_price,1560337143470,open,0.01,497.0,0.001,0.047,0.007134,78.44,0.012,0,ETH-14JUN19-260-C,248.82,68.06,0.005,480.0,0.009,377.0,86.85,0.05357,-1.12008,0.00279,0.02147,0.22556
248.82,index_price,1560337143470,open,0.45,60.0,0.39,0.504,0.447007,191.25,0.481,0,ETH-14JUN19-360-P,248.82,0.0,0.437,60.0,0.456,60.0,348.29,0.00227,-0.11552,-0.01845,0.00037,-0.99568
248.82,index_price,1560337143470,open,0.15,60.0,0.117,0.196,0.156342,106.65,0.127,0,ETH-14JUN19-210-C,248.82,0.0,0.148,60.0,0.165,60.0,210.01,0.00557,-0.15846,0.01063,0.00164,0.98799
249.2,ETH-28JUN19,1560337143470,open,0.03,540.0,0.001,0.066,0.026122,85.51,0.023,0.0,ETH-26JUL19-340-C,248.82,80.9,0.022,192.0,0.029,150.0,88.57,0.22994,-0.22406,0.04733,0.0036,0.18412
248.82,index_price,1560337143470,open,0.03,176.0,0.001,0.072,0.031497,77.15,0.045,0,ETH-21JUN19-240-P,248.82,72.86,0.029,220.0,0.034,354.0,81.44,0.14507,-0.63054,-0.02365,0.01249,-0.35937
248.82,index_price,1560337143470,open,0.0,1447.0,0.001,0.04,0.000427,110.79,0.001,0,ETH-14JUN19-210-P,248.82,0.0,0.0,0.0,0.001,440.0,126.65,0.00668,-0.10625,-0.00019,0.00189,-0.0148
249.2,ETH-28JUN19,1560337143470,open,0.39,0.0,0.336,0.446,0.390665,85.7,None,0.0,ETH-26JUL19-340-P,248.82,0.0,0.357,48.0,0.417,48.0,110.89,0.2305,-0.2251,-0.36122,0.0036,-0.81517
7967.61,BTC-28JUN19,1560337143502,open,0.19,509.3,0.151,0.2305,0.19073964,75.33,0.1875,0.0,BTC-28JUN19-6500-C,7992.54,71.45,0.1895,8.9,0.1935,6.6,83.31,2.57807,-6.11661,2.51123,0.00012,0.91534
248.82,index_price,1560337143505,open,0.03,218.0,0.001,0.064,0.023847,74.63,0.03,0,ETH-14JUN19-250-P,248.82,68.16,0.022,389.0,0.025,2.0,78.67,0.07102,-1.413,-0.00701,0.02991,-0.52459
7967.7,BTC-28JUN19,1560337143533,open,0.03,542.6,0.0005,0.075,0.03374217,72.5,0.0345,0.0,BTC-28JUN19-7500-P,7992.54,69.46,0.0315,36.8,0.035,11.0,74.17,5.92016,-13.51877,-1.21612,0.0003,-0.31716
7967.7,BTC-28JUN19,1560337143535,open,0.01,1145.4,0.0005,0.0465,0.00654159,75.46,0.008,0.0,BTC-28JUN19-6500-P,7992.54,72.11,0.0055,37.5,0.0075,17.0,78.32,2.58531,-6.14442,-0.31719,0.00012,-0.08498
7967.7,BTC-28JUN19,1560337143560,open,0.14,858.0,0.0975,0.177,0.13742316,73.53,0.1305,0.0,BTC-28JUN19-7000-C,7992.54,70.94,0.136,8.2,0.1415,8.8,80.84,4.3376,-10.0451,2.37077,0.00021,0.82149
7967.7,BTC-28JUN19,1560337143567,open,0.14,858.0,0.0975,0.177,0.13742316,73.53,0.1305,0.0,BTC-28JUN19-7000-C,7992.54,70.94,0.136,8.2,0.141,7.2,79.97,4.3376,-10.0451,2.37077,0.00021,0.82149
7967.7,BTC-28JUN19,1560337143585,open,0.02,1059.9,0.0005,0.0565,0.01597029,73.6,0.0155,0.0,BTC-28JUN19-7000-P,7992.54,70.85,0.0145,32.0,0.0175,31.0,76.36,4.34064,-10.06211,-0.67471,0.00021,-0.17871
7967.7,BTC-28JUN19,1560337143587,open,0.0,770.5,0.0005,0.042,0.00243637,82.82,0.003,0.0,BTC-28JUN19-11000-C,7992.54,76.51,0.0015,30.0,0.0035,41.1,88.41,1.35768,-3.54122,0.12141,6e-05,0.03747
7967.81,BTC-28JUN19,1560337143590,open,0.1,248.2,0.0585,0.146,0.10210813,73.57,0.1,0.0,BTC-28JUN19-8500-P,7992.54,69.59,0.099,12.9,0.104,5.0,75.98,6.24704,-14.47541,-2.55392,0.00031,-0.63482
7967.7,BTC-28JUN19,1560337143609,open,0.25,1692.9,0.21,0.2895,0.24967014,80.22,0.239,0.0,BTC-28JUN19-6000-C,7992.54,67.98,0.248,7.5,0.251,6.4,87.3,1.36218,-3.44158,2.47004,6e-05,0.96238
7967.7,BTC-28JUN19,1560337143616,open,0.25,1692.9,0.21,0.2895,0.24967014,80.22,0.239,0.0,BTC-28JUN19-6000-C,7992.54,67.98,0.248,7.5,0.251,7.1,87.3,1.36218,-3.44158,2.47004,6e-05,0.96238
7967.81,BTC-28JUN19,1560337143621,open,0.01,1354.4,0.0005,0.0465,0.00674371,78.06,0.007,0.0,BTC-28JUN19-10000-C,7992.54,74.36,0.0055,35.0,0.008,44.5,81.51,2.79604,-6.8742,0.30387,0.00013,0.09442
248.82,index_price,1560337143660,open,0.0,250.0,0.001,0.042,0.002389,81.34,0.002,0,ETH-21JUN19-310-C,248.82,70.05,0.001,240.0,0.004,680.0,90.33,0.0384,-0.17594,0.00273,0.00314,0.04748
249.17,ETH-28JUN19,1560337143662,open,0.01,7898.0,0.001,0.046,0.006579,80.15,0.005,0.0,ETH-28JUN19-200-P,248.82,74.76,0.005,203.0,0.008,520.0,84.47,0.07795,-0.19677,-0.00949,0.0036,-0.08096
251.57,ETH-27SEP19,1560337143670,open,0.01,8200.0,0.001,0.048,0.007697,86.51,0.007,0.0,ETH-27SEP19-120-P,248.82,79.27,0.005,409.0,0.009,180.0,89.52,0.10454,-0.04231,-0.03126,0.00065,-0.03474
249.2,ETH-28JUN19,1560337143675,open,0.0,10453.0,0.001,0.04,0.000477,114.95,0.002,0.0,ETH-28JUN19-140-P,248.82,0.0,0.0,0.0,0.001,813.0,126.51,0.00855,-0.03097,-0.00068,0.00028,-0.00578
248.82,index_price,1560337143677,open,0.0,55.0,0.001,0.041,0.001034,86.62,0.001,0,ETH-21JUN19-330-C,248.82,0.0,0.0,0.0,0.002,682.0,96.24,0.02001,-0.09765,0.00124,0.00153,0.02155
248.82,index_price,1560337143694,open,0.0,312.0,0.001,0.041,0.001832,80.28,0.004,0,ETH-21JUN19-200-P,248.82,72.15,0.001,235.0,0.003,400.0,88.56,0.03023,-0.13672,-0.00225,0.0025,-0.03536
248.82,index_price,1560337143708,open,0.0,1243.0,0.001,0.04,0.000554,87.6,0.001,0,ETH-14JUN19-220-P,248.82,0.0,0.0,0.0,0.001,220.0,96.91,0.00979,-0.13857,-0.0003,0.00351,-0.0232
7992.54,index_price,1560337143721,open,0.31,0.0,0.2615,0.366,0.31380401,135.0,None,0,BTC-14JUN19-10500-P,7992.54,0.0,0.306,6.0,0.3215,6.0,268.67,0.04914,-1.7685,-0.53847,1e-05,-0.99721
7967.92,BTC-28JUN19,1560337143843,open,0.03,7.0,0.0005,0.068,0.02734006,73.23,0.0275,0.0,BTC-26JUL19-6500-P,7992.54,71.16,0.0255,7.0,0.029,2.0,75.06,7.15886,-5.9743,-1.95204,0.00013,-0.17646
7992.54,index_price,1560337143846,open,0.1,0.7,0.0525,0.1395,0.09601979,77.38,0.107,0,BTC-14JUN19-8750-P,7992.54,58.1,0.095,0.1,0.1,0.1,110.58,0.63082,-13.01146,-0.42787,0.00025,-0.94571
7967.92,BTC-28JUN19,1560337143857,open,0.34,0.0,0.2855,0.3925,0.33902344,74.17,None,0.0,BTC-26JUL19-10500-P,7992.54,0.0,0.3155,4.9,0.3655,4.9,99.96,7.05457,-5.96237,-11.17363,0.00012,-0.82757
7974.9,BTC-27SEP19,1560337143880,open,3.02,0.0,2.863,3.1845,3.0237083,94.15,None,0.0,BTC-27DEC19-32000-P,7992.54,0.0,2.976,3.6,3.0625,3.6,125.56,5.92932,-1.41064,-171.85555,2e-05,-0.95131
7967.92,BTC-28JUN19,1560337144164,open,0.04,0.1,0.0005,0.08,0.04016164,73.43,0.036,0.0,BTC-26JUL19-9500-C,7992.54,68.99,0.035,7.0,0.044,7.5,76.65,9.40322,-7.86887,2.35999,0.00017,0.28656
7967.92,BTC-28JUN19,1560337144217,open,0.1,3.0,0.059,0.1465,0.10265461,72.8,0.1045,0.0,BTC-26JUL19-8000-P,7992.54,69.41,0.098,5.0,0.1085,5.0,77.05,10.95418,-9.08763,-5.3517,0.0002,-0.45609
249.17,ETH-28JUN19,1560337144343,open,0.0,7802.0,0.001,0.041,0.001909,84.58,0.004,0.0,ETH-28JUN19-180-P,248.82,76.09,0.001,444.0,0.003,400.0,91.94,0.03209,-0.08547,-0.0031,0.0014,-0.0267
7974.9,BTC-27SEP19,1560337144370,open,0.59,5.4,0.53,0.6565,0.59326474,75.04,0.59,0.0,BTC-27DEC19-12000-P,7992.54,39.83,0.518,0.1,0.6155,10.8,83.27,21.041,-3.98944,-54.98085,8e-05,-0.67844
7992.54,index_price,1560337144373,open,0.0,57.1,0.0005,0.0405,0.00070061,86.47,0.001,0,BTC-21JUN19-6000-P,7992.54,0.0,0.0,0.0,0.001,17.5,91.21,0.44796,-2.18201,-0.0288,3e-05,-0.01412
7974.9,BTC-27SEP19,1560337144397,open,0.42,13.5,0.382,0.4615,0.42188219,78.64,0.382,0.0,BTC-27SEP19-4750-C,7992.54,45.0,0.4055,3.6,0.4375,3.6,96.27,6.18953,-2.27728,11.71796,4e-05,0.92369
7967.92,BTC-28JUN19,1560337144397,open,0.5,322.4,0.4585,0.538,0.49843128,134.25,0.488,0.0,BTC-28JUN19-4000-C,7992.54,0.0,0.4895,6.0,0.5075,6.0,221.11,0.22497,-0.95123,1.72217,1e-05,0.99536
7967.92,BTC-28JUN19,1560337144397,open,0.17,0.0,0.1275,0.207,0.1670925,72.76,None,0.0,BTC-26JUL19-7000-C,7992.54,63.19,0.1565,5.0,0.179,5.0,83.16,8.9828,-7.44852,5.47541,0.00016,0.73876
7967.92,BTC-28JUN19,1560337144399,open,0.0,544.3,0.0005,0.0405,0.00053594,106.81,0.0005,0.0,BTC-28JUN19-14000-C,7992.54,0.0,0.0,0.0,0.001,12.0,115.02,0.35565,-1.19642,0.02513,1e-05,0.00779
7992.54,index_price,1560337144428,open,0.0,341.0,0.0005,0.0405,0.00051801,112.91,0.001,0,BTC-14JUN19-9500-C,7992.54,0.0,0.0,0.0,0.001,12.0,124.95,0.25507,-4.14023,0.00723,7e-05,0.01812
7967.92,BTC-28JUN19,1560337144455,open,0.02,1.0,0.0005,0.055,0.01503231,74.12,0.0155,0.0,BTC-26JUL19-11000-C,7992.54,72.69,0.014,24.0,0.016,2.3,75.42,5.84377,-4.93572,1.10108,0.0001,0.12999
7974.9,BTC-27SEP19,1560337144465,open,0.04,601.4,0.0005,0.08,0.04011335,74.81,0.0335,0.0,BTC-27SEP19-12000-C,7992.54,73.44,0.038,14.4,0.0425,28.7,76.33,12.43155,-4.35091,3.96345,9e-05,0.20984
7974.9,BTC-27SEP19,1560337144488,open,2.52,0.0,2.385,2.6665,2.52555423,91.37,None,0.0,BTC-27DEC19-28000-P,7992.54,0.0,0.0,0.0,2.56,3.6,117.16,7.2633,-1.67701,-149.70137,2e-05,-0.93703
7967.92,BTC-28JUN19,1560337144493,open,0.47,10.5,0.427,0.5065,0.46691713,118.15,0.428,0.0,BTC-28JUN19-4250-C,7992.54,0.0,0.4585,6.0,0.476,6.0,203.77,0.18578,-0.69133,1.83448,1e-05,0.99625
248.82,index_price,1560337144493,open,0.0,51.0,0.001,0.04,0.000223,140.0,0.001,0,ETH-14JUN19-320-C,248.82,0.0,0.0,0.0,0.001,240.0,170.41,0.00348,-0.0555,9e-05,0.00078,0.00701
7974.9,BTC-27SEP19,1560337144538,open,0.01,379.3,0.0005,0.048,0.00780616,81.63,0.009,0.0,BTC-27SEP19-4000-P,7992.54,79.75,0.007,43.0,0.0085,5.0,83.17,3.51279,-1.34154,-1.05326,2e-05,-0.0373
7974.9,BTC-27SEP19,1560337144577,open,0.51,231.5,0.4665,0.546,0.50621046,81.58,0.524,0.0,BTC-27SEP19-4000-C,7992.54,53.41,0.499,5.0,0.5145,5.0,97.09,3.50764,-1.33875,10.66122,2e-05,0.96277
7967.92,BTC-28JUN19,1560337144577,open,0.0,450.1,0.0005,0.0405,0.00053751,94.69,0.0005,0.0,BTC-28JUN19-13000-C,7992.54,0.0,0.0,0.0,0.001,10.2,102.17,0.39027,-1.16389,0.02813,1e-05,0.00865
7974.9,BTC-27SEP19,1560337144604,open,0.17,177.0,0.1255,0.205,0.16539145,72.53,0.157,0.0,BTC-27DEC19-9000-C,7992.54,71.55,0.1625,9.0,0.169,5.0,73.76,23.406,-4.28985,15.16652,9e-05,0.51619
7974.9,BTC-27SEP19,1560337144609,open,0.66,0.0,0.5935,0.726,0.6597302,75.9,None,0.0,BTC-27SEP19-13000-P,7992.54,59.41,0.6415,3.6,0.6805,3.6,89.92,10.60416,-3.76526,-34.9636,8e-05,-0.83756
249.19,ETH-28JUN19,1560337144620,open,0.13,0.0,0.091,0.17,0.130332,81.98,None,0.0,ETH-26JUL19-240-C,248.82,78.73,0.126,120.0,0.138,120.0,87.74,0.33194,-0.31012,0.14311,0.00542,0.60808
248.82,index_price,1560337144660,open,0.08,201.0,0.033,0.118,0.075305,78.1,0.11,0,ETH-21JUN19-260-P,248.82,70.81,0.071,415.0,0.078,420.0,82.61,0.14798,-0.65103,-0.04194,0.01259,-0.61792
7968.02,BTC-28JUN19,1560337144663,open,0.01,0.0,0.0005,0.049,0.00899212,78.59,None,0.0,BTC-26JUL19-5500-P,7992.54,75.14,0.0075,7.0,0.0105,7.0,81.81,3.59583,-3.22037,-0.73014,6e-05,-0.06724
7974.9,BTC-27SEP19,1560337144698,open,0.05,126.6,0.0065,0.0895,0.0480585,75.43,0.047,0.0,BTC-27DEC19-5000-P,7992.54,72.82,0.044,20.0,0.0505,28.0,76.97,12.53474,-2.38906,-7.77239,5e-05,-0.13172
7974.9,BTC-27SEP19,1560337144744,open,0.7,0.5,0.6355,0.7715,0.70348553,75.92,0.584,0.0,BTC-27DEC19-13000-P,7992.54,64.47,0.677,3.6,0.7265,3.6,84.94,19.62843,-3.76534,-61.71495,7e-05,-0.72398
7968.02,BTC-28JUN19,1560337144762,open,0.31,148.2,0.271,0.3505,0.31078491,85.9,0.36,0.0,BTC-28JUN19-5500-C,7992.54,0.0,0.3025,6.0,0.3205,6.0,136.89,0.64483,-1.74443,2.33513,3e-05,0.98457
7974.9,BTC-27SEP19,1560337144762,open,0.02,383.2,0.0005,0.0625,0.02200142,77.64,0.028,0.0,BTC-27SEP19-5000-P,7992.54,75.95,0.0205,18.0,0.0235,25.0,79.28,7.19134,-2.61202,-2.69002,5e-05,-0.0932
7974.9,BTC-27SEP19,1560337144781,open,0.81,42.8,0.773,0.8525,0.8125355,125.26,0.815,0.0,BTC-27SEP19-1500-C,7992.54,0.0,0.7945,3.6,0.829,3.6,221.73,0.3378,-0.19795,4.31861,0.0,0.99748
7974.9,BTC-27SEP19,1560337144793,open,0.02,194.8,0.0005,0.056,0.01634398,89.27,0.0175,0.0,BTC-27DEC19-26000-C,7992.54,87.36,0.0145,28.0,0.0185,18.0,91.36,7.95993,-1.79558,2.35772,3e-05,0.07088
249.19,ETH-28JUN19,1560337144800,open,0.09,21.0,0.05,0.137,0.093413,81.95,0.094,0.0,ETH-26JUL19-240-P,248.82,75.64,0.085,295.0,0.098,100.0,85.4,0.33194,-0.31001,-0.14538,0.00543,-0.39192
7975.0,BTC-27SEP19,1560337144830,open,0.02,39.8,0.0005,0.0625,0.02260301,85.36,0.0225,0.0,BTC-27DEC19-22000-C,7992.54,84.06,0.021,18.0,0.0245,18.0,86.83,10.05893,-2.16962,3.20579,3e-05,0.09675
7992.54,index_price,1560337144835,open,0.19,0.2,0.1495,0.229,0.18913951,80.82,0.155,0,BTC-21JUN19-6500-C,7992.54,0.0,0.18,6.0,0.196,6.0,112.51,1.16588,-5.30809,1.4899,9e-05,0.95573
248.82,index_price,1560337144861,open,0.02,46.0,0.001,0.059,0.019088,78.23,0.017,0,ETH-21JUN19-270-C,248.82,74.14,0.017,474.0,0.022,370.0,83.78,0.12862,-0.56682,0.01526,0.01092,0.27137
251.6,ETH-27SEP19,1560337144877,open,0.32,98.0,0.264,0.368,0.31603,87.97,0.326,0.0,ETH-27SEP19-300-P,248.82,84.68,0.309,36.0,0.321,36.0,90.29,0.53846,-0.2216,-0.63974,0.0033,-0.55235
249.19,ETH-28JUN19,1560337144877,open,0.22,171.0,0.17,0.266,0.217844,83.4,0.268,0.0,ETH-28JUN19-300-P,248.82,65.75,0.21,240.0,0.228,240.0,101.24,0.12828,-0.33696,-0.11427,0.00569,-0.83643
251.6,ETH-27SEP19,1560337144877,open,0.0,190.0,0.001,0.041,0.000989,114.0,0.001,0.0,ETH-27SEP19-60-P,248.82,0.0,0.0,0.0,0.002,390.0,125.61,0.017,-0.00906,-0.00385,8e-05,-0.00424
251.6,ETH-27SEP19,1560337144880,open,0.65,0.0,0.579,0.71,0.644493,89.81,None,0.0,ETH-27SEP19-400-P,248.82,73.05,0.619,12.0,0.668,12.0,103.09,0.42183,-0.17724,-1.03578,0.00253,-0.76146
249.19,ETH-28JUN19,1560337144890,open,0.6,0.0,0.559,0.638,0.59876,143.61,None,0.0,ETH-28JUN19-100-C,248.82,0.0,0.588,60.0,0.609,60.0,287.96,0.00125,-0.00564,0.04341,3e-05,0.99931
248.82,index_price,1560337144902,open,0.24,0.0,0.198,0.277,0.237332,85.61,None,0,ETH-21JUN19-190-C,248.82,0.0,0.228,60.0,0.247,60.0,142.72,0.01753,-0.08455,0.04503,0.00136,0.98156
7975.0,BTC-27SEP19,1560337144910,open,3.52,0.0,3.3425,3.704,3.52321202,97.06,None,0.0,BTC-27DEC19-36000-P,7992.54,0.0,3.4705,3.6,3.566,3.6,133.47,5.05155,-1.23895,-193.83294,2e-05,-0.96008
249.19,ETH-28JUN19,1560337144918,open,0.52,50.0,0.479,0.558,0.518801,138.41,0.547,0.0,ETH-28JUN19-120-C,248.82,0.0,0.508,60.0,0.529,60.0,238.23,0.00578,-0.02519,0.05175,0.00015,0.99627
249.19,ETH-28JUN19,1560337144918,open,0.0,9802.0,0.001,0.04,0.000444,127.3,0.001,0.0,ETH-28JUN19-130-P,248.82,0.0,0.0,0.0,0.001,240.0,141.15,0.00736,-0.02952,-0.00058,0.00021,-0.00489
7968.02,BTC-28JUN19,1560337144918,open,0.08,0.0,0.0345,0.114,0.0741964,73.12,None,0.0,BTC-26JUL19-8500-C,7992.54,69.32,0.069,21.4,0.079,7.0,76.61,10.93093,-9.10786,3.58988,0.0002,0.449
7968.02,BTC-28JUN19,1560337144935,open,0.38,25.8,0.328,0.438,0.38301046,83.14,0.4515,0.0,BTC-28JUN19-11000-P,7992.54,0.0,0.371,6.0,0.684,1.0,499.82,1.37681,-3.60518,-4.661,6e-05,-0.96189
7975.0,BTC-27SEP19,1560337144944,open,0.03,242.1,0.0005,0.068,0.02811019,83.67,0.0285,0.0,BTC-27DEC19-20000-C,7992.54,82.55,0.0265,9.0,0.0295,28.0,84.61,11.61646,-2.45596,3.89182,4e-05,0.11813
7968.02,BTC-28JUN19,1560337144953,open,0.05,1.0,0.004,0.087,0.04564609,72.79,0.0465,0.0,BTC-26JUL19-7000-P,7992.54,69.99,0.0425,7.0,0.048,17.0,74.87,8.98356,-7.4523,-2.93979,0.00016,-0.26128
7968.02,BTC-28JUN19,1560337144984,open,0.5,13.4,0.447,0.567,0.50713807,89.3,0.506,0.0,BTC-28JUN19-12000-P,7992.54,0.0,0.494,6.0,0.5165,6.0,133.07,0.72264,-2.03251,-5.16219,3e-05,-0.98237
7975.0,BTC-27SEP19,1560337144984,open,0.52,27.1,0.482,0.5615,0.52189693,79.36,0.542,0.0,BTC-27DEC19-4000-C,7992.54,54.9,0.5035,3.6,0.5415,3.6,96.91,7.91642,-1.58753,17.62799,3e-05,0.92963
249.19,ETH-28JUN19,1560337145016,open,0.0,1214.0,0.001,0.041,0.001503,122.18,0.001,0.0,ETH-28JUN19-440-C,248.82,0.0,0.0,0.0,0.003,150.0,135.06,0.02267,-0.08723,0.00175,0.00069,0.01769
7968.02,BTC-28JUN19,1560337145033,open,0.37,688.1,0.333,0.4125,0.37295099,94.22,0.37,0.0,BTC-28JUN19-5000-C,7992.54,0.0,0.3645,6.0,0.3825,6.0,161.36,0.31402,-0.93184,2.14973,1e-05,0.99324
248.82,index_price,1560337145033,open,0.11,1.0,0.061,0.148,0.10421,78.23,0.105,0,ETH-21JUN19-270-P,248.82,69.87,0.1,60.0,0.107,60.0,83.55,0.12862,-0.56682,-0.05039,0.01092,-0.72863
7975.0,BTC-27SEP19,1560337145035,open,0.01,63.7,0.0005,0.0535,0.01350278,93.83,0.013,0.0,BTC-27DEC19-30000-C,7992.54,93.23,0.013,10.0,0.014,1.0,94.41,6.80557,-1.61354,1.92116,2e-05,0.05794
7975.0,BTC-27SEP19,1560337145035,open,1.29,0.0,1.2005,1.3835,1.2918359,81.24,None,0.0,BTC-27DEC19-18000-P,7992.54,53.13,1.261,3.6,1.317,3.6,94.53,13.33034,-2.73642,-92.85423,5e-05,-0.85585
248.82,index_price,1560337145072,open,0.0,30.0,0.001,0.04,8.4e-05,140.0,0.007,0,ETH-14JUN19-330-C,248.82,0.0,0.0,0.0,0.001,240.0,187.57,0.00156,-0.02089,4e-05,0.00035,0.00286
248.82,index_price,1560337145077,open,0.0,4.0,0.001,0.04,0.000936,85.61,0.001,0,ETH-21JUN19-190-P,248.82,0.0,0.0,0.0,0.002,400.0,97.32,0.01753,-0.08455,-0.00117,0.00136,-0.01844
249.19,ETH-28JUN19,1560337145090,open,0.61,60.0,0.543,0.67,0.606356,101.23,0.683,0.0,ETH-28JUN19-400-P,248.82,0.0,0.594,60.0,0.617,60.0,151.84,0.02117,-0.0675,-0.17234,0.00077,-0.98367
7975.0,BTC-27SEP19,1560337145095,open,0.43,3.2,0.377,0.491,0.43409401,73.57,0.481,0.0,BTC-27SEP19-11000-P,7992.54,63.25,0.4165,3.6,0.455,3.6,84.76,14.30392,-4.92299,-27.15232,0.0001,-0.72867
248.82,index_price,1560337145120,open,0.0,1398.0,0.001,0.041,0.001033,92.16,0.002,0,ETH-14JUN19-280-C,248.82,0.0,0.0,0.0,0.002,540.0,105.03,0.01528,-0.25708,0.00049,0.00521,0.03972
7975.0,BTC-27SEP19,1560337145132,open,0.0,101.2,0.0005,0.042,0.00198746,107.21,0.0025,0.0,BTC-27DEC19-1500-P,7992.54,102.97,0.0015,1.0,0.0025,1.0,111.0,1.00046,-0.27103,-0.34594,0.0,-0.00601
7968.02,BTC-28JUN19,1560337145147,open,0.75,20.1,0.709,0.7885,0.74898655,0.0,0.578,0.0,BTC-28JUN19-2000-C,7992.54,0.0,0.0,0.0,0.7585,6.0,415.3,0.0,0.0,0.8699,0.0,1.0
251.6,ETH-27SEP19,1560337145159,open,0.4,401.0,0.357,0.436,0.396558,86.46,0.38,0.0,ETH-27SEP19-160-C,248.82,72.38,0.383,30.0,0.408,30.0,96.86,0.2639,-0.10674,0.36,0.00165,0.88522
249.19,ETH-28JUN19,1560337145186,open,0.24,576.0,0.201,0.28,0.240676,79.83,0.233,0.0,ETH-28JUN19-190-C,248.82,0.0,0.237,1.0,0.251,60.0,115.04,0.04787,-0.12036,0.07759,0.00222,0.95657
7975.0,BTC-27SEP19,1560337145191,open,0.03,169.9,0.0005,0.0695,0.02954615,75.84,0.034,0.0,BTC-27SEP19-13000-C,7992.54,74.28,0.0275,14.4,0.0315,29.2,77.3,10.59433,-3.75911,3.0979,8e-05,0.16221
7975.0,BTC-27SEP19,1560337145191,open,0.11,354.5,0.068,0.1475,0.1077889,74.1,0.111,0.0,BTC-27DEC19-11000-C,7992.54,72.92,0.1045,23.4,0.1115,5.0,75.43,22.28039,-4.17181,11.58596,9e-05,0.37577
7968.02,BTC-28JUN19,1560337145206,open,0.03,2.4,0.0005,0.0695,0.02961221,74.11,0.033,0.0,BTC-26JUL19-10000-C,7992.54,71.06,0.0265,26.3,0.0325,7.5,76.85,8.28415,-6.99603,1.87091,0.00015,0.22494
7968.02,BTC-28JUN19,1560337145215,open,0.0,685.1,0.0005,0.04,6.6e-07,135.0,0.001,0.0,BTC-28JUN19-2500-P,7992.54,0.0,0.0,0.0,0.0005,12.0,221.87,0.00077,-0.00326,-4e-05,0.0,-1e-05
7975.0,BTC-27SEP19,1560337145215,open,0.0,336.7,0.0005,0.041,0.00124796,95.89,0.0035,0.0,BTC-27SEP19-2500-P,7992.54,85.57,0.0005,100.0,0.002,15.0,102.54,0.76587,-0.34358,-0.1762,0.0,-0.0063
7975.0,BTC-27SEP19,1560337145215,open,0.13,439.7,0.093,0.1725,0.13275829,73.24,0.137,0.0,BTC-27DEC19-10000-C,7992.54,72.12,0.1295,19.8,0.136,5.0,74.36,23.16363,-4.28678,13.30046,9e-05,0.44039
7975.0,BTC-27SEP19,1560337145215,open,0.58,4.0,0.537,0.6165,0.57662101,82.17,0.59,0.0,BTC-27DEC19-3500-C,7992.54,0.0,0.558,3.6,0.5965,3.6,104.53,5.86981,-1.21873,16.22574,2e-05,0.95192
7975.0,BTC-27SEP19,1560337145217,open,0.75,0.0,0.713,0.7925,0.7529208,98.32,None,0.0,BTC-27DEC19-2000-C,7992.54,0.0,0.7335,3.6,0.773,3.6,147.7,1.77072,-0.43991,10.18411,1e-05,0.98848
248.82,index_price,1560337145222,open,0.01,20.0,0.001,0.051,0.011565,78.52,0.011,0,ETH-21JUN19-280-C,248.82,74.64,0.01,480.0,0.013,171.0,81.92,0.10296,-0.45541,0.01039,0.00871,0.18326
249.19,ETH-28JUN19,1560337145239,open,0.0,7787.0,0.001,0.04,0.000476,102.27,0.001,0.0,ETH-28JUN19-150-P,248.82,0.0,0.0,0.0,0.001,400.0,112.8,0.00942,-0.03035,-0.00075,0.00034,-0.00645
251.6,ETH-27SEP19,1560337145248,open,0.76,0.0,0.723,0.802,0.762488,113.58,0.01,0.0,ETH-27SEP19-60-C,248.82,0.0,0.742,12.0,0.781,12.0,196.91,0.01667,-0.00886,0.17192,8e-05,0.99585
248.82,index_price,1560337145248,open,0.2,0.0,0.159,0.238,0.198038,80.24,None,0,ETH-21JUN19-200-C,248.82,0.0,0.189,60.0,0.208,60.0,126.06,0.03019,-0.13648,0.04639,0.0025,0.9647
249.19,ETH-28JUN19,1560337145250,open,0.0,7477.0,0.001,0.043,0.003208,80.14,0.006,0.0,ETH-28JUN19-190-P,248.82,73.1,0.002,328.0,0.004,300.0,83.98,0.04837,-0.1221,-0.00512,0.00223,-0.044
249.19,ETH-28JUN19,1560337145274,open,0.0,1541.0,0.001,0.04,2e-06,140.01,0.001,0.0,ETH-28JUN19-80-P,248.82,0.0,0.0,0.0,0.001,354.0,236.88,6e-05,-0.00026,0.0,0.0,-3e-05
7992.54,index_price,1560337145291,open,0.19,0.0,0.145,0.24,0.19269158,75.67,None,0,BTC-21JUN19-9500-P,7992.54,0.0,0.1855,6.0,0.203,6.0,107.67,1.85242,-7.89653,-2.16262,0.00016,-0.92003
249.19,ETH-28JUN19,1560337145321,open,0.0,4769.0,0.001,0.04,0.0004,140.01,0.001,0.0,ETH-28JUN19-120-P,248.82,0.0,0.0,0.0,0.001,440.0,156.93,0.00622,-0.02741,-0.00048,0.00016,-0.00404
249.19,ETH-28JUN19,1560337145342,open,0.0,7876.0,0.001,0.04,0.000951,87.07,0.001,0.0,ETH-28JUN19-170-P,248.82,0.0,0.0,0.0,0.002,604.0,97.98,0.01857,-0.05091,-0.00162,0.00079,-0.01402
7968.02,BTC-28JUN19,1560337145345,open,0.59,0.1,0.5525,0.632,0.59213802,128.71,0.395,0.0,BTC-28JUN19-3250-C,7992.54,0.0,0.5835,6.0,0.6015,6.0,277.53,0.01582,-0.06414,1.41264,0.0,0.99974
7975.0,BTC-27SEP19,1560337145347,open,1.78,0.0,1.6705,1.8925,1.78133789,85.45,None,0.0,BTC-27DEC19-22000-P,7992.54,0.0,1.7455,3.6,1.81,3.6,103.59,10.08565,-2.17769,-116.05155,3e-05,-0.9029
249.19,ETH-28JUN19,1560337145345,open,0.01,5098.0,0.001,0.052,0.012186,80.14,0.015,0.0,ETH-28JUN19-210-P,248.82,75.11,0.01,214.0,0.013,300.0,81.92,0.1123,-0.28343,-0.01585,0.00519,-0.13407
248.82,index_price,1560337145353,open,0.01,5.0,0.001,0.049,0.009171,77.68,0.027,0,ETH-21JUN19-220-P,248.82,74.18,0.008,232.0,0.011,445.0,82.72,0.08669,-0.37934,-0.00907,0.00741,-0.14078
248.82,index_price,1560337145360,open,0.0,871.0,0.001,0.043,0.003746,78.73,0.004,0,ETH-21JUN19-300-C,248.82,69.24,0.002,540.0,0.005,450.0,84.2,0.05315,-0.23573,0.00412,0.00448,0.07185
249.19,ETH-28JUN19,1560337145367,open,0.0,7477.0,0.001,0.043,0.003208,80.14,0.006,0.0,ETH-28JUN19-190-P,248.82,73.1,0.002,329.0,0.004,300.0,83.98,0.04837,-0.1221,-0.00512,0.00223,-0.044
248.82,index_price,1560337145394,open,0.33,0.0,0.274,0.379,0.326344,140.0,None,0,ETH-14JUN19-330-P,248.82,0.0,0.317,60.0,0.335,60.0,283.4,0.00156,-0.05835,-0.01692,0.00035,-0.99714
248.82,index_price,1560337145403,open,0.14,0.0,0.092,0.182,0.136876,78.52,None,0,ETH-21JUN19-280-P,248.82,0.0,0.125,60.0,0.147,60.0,100.59,0.10296,-0.45541,-0.0577,0.00871,-0.81674
7992.54,index_price,1560337145409,open,0.0,418.8,0.0005,0.043,0.00328332,73.72,0.0045,0,BTC-14JUN19-8500-C,7992.54,68.19,0.0025,5.0,0.004,5.7,78.32,1.19559,-23.49365,0.051,0.00049,0.12746
7974.9,BTC-27SEP19,1560337145411,open,0.02,253.2,0.0005,0.062,0.0220594,76.86,0.019,0.0,BTC-27SEP19-14000-C,7992.54,75.45,0.0205,18.0,0.024,38.0,78.57,8.93745,-3.21387,2.42942,6e-05,0.12609
7968.02,BTC-28JUN19,1560337145412,open,0.69,24.4,0.6465,0.726,0.68623383,0.0,0.5115,0.0,BTC-28JUN19-2500-C,7992.54,0.0,0.6775,6.0,0.6955,6.0,349.56,0.0,0.0,1.08738,0.0,1.0
7968.02,BTC-28JUN19,1560337145412,open,0.63,0.8,0.567,0.697,0.63212513,95.97,2.171,0.0,BTC-28JUN19-13000-P,7992.54,0.0,0.6185,6.0,0.6415,6.0,149.94,0.42346,-1.27999,-5.62353,2e-05,-0.9905
7992.54,index_price,1560337145412,open,0.01,39.6,0.0005,0.0475,0.00789885,68.89,0.009,0,BTC-14JUN19-8250-C,7992.54,60.63,0.006,33.0,0.009,7.6,73.49,1.88924,-34.69487,0.10705,0.00084,0.26852
7975.0,BTC-27SEP19,1560337145412,open,0.21,70.0,0.1635,0.26,0.2118205,72.31,0.217,0.0,BTC-27DEC19-8000-P,7992.54,71.32,0.209,5.1,0.214,5.0,73.08,22.6451,-4.13763,-26.33523,9e-05,-0.39731
7992.54,index_price,1560337145421,open,0.04,11.0,0.0005,0.0815,0.04011138,68.89,0.0585,0,BTC-14JUN19-8250-P,7992.54,61.92,0.0385,9.9,0.042,10.1,76.72,1.88925,-34.69525,-0.31691,0.00084,-0.73147
7975.0,BTC-27SEP19,1560337145421,open,0.4,793.4,0.3555,0.435,0.3950145,77.61,0.361,0.0,BTC-27SEP19-5000-C,7992.54,55.23,0.379,3.6,0.4105,3.6,93.16,7.18794,-2.60981,11.95253,5e-05,0.90687
7968.02,BTC-28JUN19,1560337145421,open,0.0,536.1,0.0005,0.04,0.00046383,134.93,0.001,0.0,BTC-28JUN19-4000-P,7992.54,0.0,0.0,0.0,0.001,12.0,148.74,0.2319,-0.98549,-0.01826,1e-05,-0.0048
7975.0,BTC-27SEP19,1560337145421,open,0.0,420.5,0.0005,0.0405,0.00092681,109.19,0.0035,0.0,BTC-27SEP19-2000-P,7992.54,0.0,0.0,0.0,0.0015,25.6,116.42,0.53299,-0.27228,-0.1195,0.0,-0.00419
7975.0,BTC-27SEP19,1560337145421,open,0.69,55.9,0.648,0.7275,0.68775537,95.76,0.689,0.0,BTC-27SEP19-2500-C,7992.54,0.0,0.671,3.6,0.7045,3.6,157.73,0.76054,-0.34071,7.14552,0.0,0.99375
7975.0,BTC-27SEP19,1560337145421,open,0.38,11.6,0.3315,0.442,0.38672868,73.26,0.4205,0.0,BTC-27DEC19-10000-P,7992.54,70.94,0.38,10.8,0.4655,0.1,100.14,23.16421,-4.28794,-40.91144,9e-05,-0.55954
7975.0,BTC-27SEP19,1560337145421,open,0.14,67.2,0.097,0.188,0.14239045,72.58,0.1535,0.0,BTC-27DEC19-7000-P,7992.54,71.27,0.139,5.0,0.146,14.4,73.98,20.55612,-3.76997,-19.32541,8e-05,-0.3046
7968.02,BTC-28JUN19,1560337145424,open,0.0,770.5,0.0005,0.042,0.00243641,82.82,0.003,0.0,BTC-28JUN19-11000-C,7992.54,76.5,0.0015,30.0,0.0035,41.0,88.4,1.35838,-3.54308,0.12149,6e-05,0.03749
7968.02,BTC-28JUN19,1560337145425,open,0.25,1692.9,0.21,0.2895,0.24967016,80.24,0.239,0.0,BTC-28JUN19-6000-C,7992.54,67.67,0.248,7.6,0.251,7.1,87.17,1.36268,-3.44374,2.46998,6e-05,0.96236
7967.7,BTC-28JUN19,1560337145435,open,0.0,990.2,0.0005,0.0405,0.00048466,94.85,0.0005,0.0,BTC-28JUN19-5000-P,7992.54,0.0,0.0,0.0,0.001,55.0,104.5,0.32603,-0.97393,-0.02613,1e-05,-0.00705
7967.81,BTC-28JUN19,1560337145438,open,0.01,1354.4,0.0005,0.0465,0.00674371,78.06,0.007,0.0,BTC-28JUN19-10000-C,7992.54,74.36,0.0055,35.0,0.008,44.4,81.51,2.79604,-6.8742,0.30387,0.00013,0.09442
248.82,index_price,1560337145439,open,0.0,383.0,0.001,0.042,0.001992,78.49,0.005,0,ETH-14JUN19-230-P,248.82,67.25,0.001,547.0,0.003,89.0,87.3,0.02574,-0.49571,-0.00101,0.01031,-0.07693
251.6,ETH-27SEP19,1560337145464,open,0.0,1743.0,0.001,0.041,0.00192,100.74,0.003,0.0,ETH-27SEP19-80-P,248.82,0.0,0.0,0.0,0.003,150.0,107.97,0.0324,-0.01527,-0.00789,0.00017,-0.00879
7975.0,BTC-27SEP19,1560337145474,open,2.27,0.0,2.146,2.4075,2.27666784,89.41,None,0.0,BTC-27DEC19-26000-P,7992.54,0.0,2.236,3.6,2.309,3.6,112.6,7.99786,-1.80687,-138.58169,3e-05,-0.92868
7968.02,BTC-28JUN19,1560337145479,open,0.81,33.8,0.772,0.8515,0.8117399,0.0,0.7145,0.0,BTC-28JUN19-1500-C,7992.54,0.0,0.803,6.0,0.821,6.0,497.36,0.0,0.0,0.65243,0.0,1.0
248.82,index_price,1560337145493,open,0.24,61.0,0.197,0.276,0.236493,140.0,0.215,0,ETH-14JUN19-190-C,248.82,0.0,0.228,60.0,0.245,60.0,292.94,0.00168,-0.06264,0.00972,0.00038,0.99691
7968.02,BTC-28JUN19,1560337145510,open,0.14,0.0,0.0955,0.1865,0.14100358,73.15,None,0.0,BTC-26JUL19-8500-P,7992.54,68.76,0.135,14.4,0.148,14.4,78.24,10.93116,-9.11193,-6.62754,0.0002,-0.55094
7975.0,BTC-27SEP19,1560337145510,open,0.69,0.0,0.653,0.7325,0.69278797,91.5,None,0.0,BTC-27DEC19-2500-C,7992.54,0.0,0.0185,3.0,0.713,3.6,129.03,2.8147,-0.65081,12.42762,1e-05,0.98024
7975.0,BTC-27SEP19,1560337145521,open,0.02,81.8,0.0005,0.059,0.01904457,87.38,0.0225,0.0,BTC-27DEC19-24000-C,7992.54,85.96,0.0175,18.0,0.021,18.0,89.08,8.90596,-1.9664,2.72828,3e-05,0.08215
7968.02,BTC-28JUN19,1560337145533,open,1.5,0.4,1.41,1.6105,1.51019799,145.67,5.076,0.0,BTC-28JUN19-20000-P,7992.54,0.0,1.4915,6.0,1.5225,6.0,249.72,0.10559,-0.48441,-8.69263,0.0,-0.998
7975.0,BTC-27SEP19,1560337145533,open,0.01,158.7,0.0005,0.05,0.00987631,85.92,0.008,0.0,BTC-27DEC19-3000-P,7992.54,83.17,0.0085,18.0,0.0115,10.0,88.93,4.14002,-0.89882,-1.78095,1e-05,-0.03132
7975.0,BTC-27SEP19,1560337145533,open,2.02,0.0,1.9075,2.1495,2.02857349,87.49,None,0.0,BTC-27DEC19-24000-P,7992.54,0.0,1.9905,3.6,2.059,3.6,108.11,8.93804,-1.97599,-127.37015,3e-05,-0.91746
7967.92,BTC-28JUN19,1560337145534,open,0.19,509.3,0.151,0.2305,0.1907678,75.36,0.1875,0.0,BTC-28JUN19-6500-C,7992.54,71.35,0.1895,9.0,0.1935,6.6,83.24,2.57905,-6.12145,2.51106,0.00012,0.9153
7975.0,BTC-27SEP19,1560337145544,open,0.45,289.7,0.4095,0.489,0.44944007,79.7,0.51,0.0,BTC-27SEP19-4500-C,7992.54,0.0,0.433,3.6,0.465,3.6,99.61,5.23936,-1.95356,11.42088,4e-05,0.93852
7968.02,BTC-28JUN19,1560337145544,open,0.0,849.9,0.0005,0.04,1.131e-05,135.01,0.001,0.0,BTC-28JUN19-3000-P,7992.54,0.0,0.0,0.0,0.0005,12.0,188.56,0.0098,-0.04169,-0.00057,0.0,-0.00015
7967.92,BTC-28JUN19,1560337145540,open,0.19,509.3,0.151,0.2305,0.1907678,75.36,0.1875,0.0,BTC-28JUN19-6500-C,7992.54,71.35,0.1895,9.0,0.1935,6.8,83.24,2.57905,-6.12145,2.51106,0.00012,0.9153
7975.0,BTC-27SEP19,1560337145579,open,0.54,6.1,0.4835,0.6065,0.5448804,74.85,1.781,0.0,BTC-27SEP19-12000-P,7992.54,62.6,0.5275,3.6,0.5645,3.6,86.62,12.43855,-4.3557,-31.17064,9e-05,-0.78996
7968.02,BTC-28JUN19,1560337145579,open,0.0,94.5,0.0005,0.04,3.49e-05,135.0,0.002,0.0,BTC-28JUN19-3250-P,7992.54,0.0,0.0,0.0,0.0005,12.0,173.97,0.02627,-0.11172,-0.00165,0.0,-0.00044
249.19,ETH-28JUN19,1560337145584,open,0.2,0.0,0.148,0.242,0.195173,84.58,None,0.0,ETH-26JUL19-280-P,248.82,76.18,0.184,144.0,0.199,100.0,87.43,0.33399,-0.32194,-0.2379,0.00529,-0.59905
7968.02,BTC-28JUN19,1560337145583,open,0.14,858.0,0.0975,0.177,0.13745064,73.54,0.1305,0.0,BTC-28JUN19-7000-C,7992.54,70.89,0.136,8.2,0.141,7.4,79.92,4.337,-10.04457,2.37094,0.00021,0.82154
248.82,index_price,1560337145590,open,0.16,0.0,0.121,0.2,0.160347,78.87,None,0,ETH-21JUN19-210-C,248.82,0.0,0.151,60.0,0.171,60.0,114.51,0.05483,-0.24362,0.04628,0.00462,0.92516
7975.0,BTC-27SEP19,1560337145592,open,0.0,617.2,0.0005,0.0425,0.00259991,90.98,0.0045,0.0,BTC-27SEP19-3000-P,7992.54,87.35,0.002,21.0,0.003,15.0,93.12,1.42593,-0.60694,-0.35975,1e-05,-0.01281
7968.09,BTC-28JUN19,1560337145592,open,0.44,216.2,0.396,0.4755,0.43578124,115.54,0.435,0.0,BTC-28JUN19-4500-C,7992.54,0.0,0.427,6.0,0.445,6.0,189.73,0.29739,-1.08216,1.9334,1e-05,0.99364
7975.0,BTC-27SEP19,1560337145592,open,0.0,42.8,0.0005,0.043,0.00327238,87.35,0.003,0.0,BTC-27SEP19-3250-P,7992.54,83.57,0.0025,18.0,0.004,15.0,90.45,1.76103,-0.71968,-0.45856,1e-05,-0.01636
7975.0,BTC-27SEP19,1560337145592,open,0.3,63.1,0.258,0.3375,0.29792029,72.91,0.311,0.0,BTC-27DEC19-6500-C,7992.54,64.92,0.279,3.6,0.318,3.6,81.33,18.9725,-3.49553,19.19736,8e-05,0.74195
7968.02,BTC-28JUN19,1560337145594,open,0.0,770.5,0.0005,0.042,0.00243641,82.82,0.003,0.0,BTC-28JUN19-11000-C,7992.54,76.5,0.0015,30.0,0.0035,41.1,88.4,1.35838,-3.54308,0.12149,6e-05,0.03749
248.82,index_price,1560337145596,open,0.01,652.0,0.001,0.046,0.006744,78.77,0.008,0,ETH-21JUN19-290-C,248.82,72.74,0.005,540.0,0.008,149.0,82.7,0.07667,-0.3402,0.00673,0.00647,0.11793
7967.81,BTC-28JUN19,1560337145596,open,0.1,248.2,0.058,0.146,0.10207666,73.57,0.1,0.0,BTC-28JUN19-8500-P,7992.54,69.59,0.099,13.0,0.104,5.0,75.98,6.24704,-14.47541,-2.55392,0.00031,-0.63482
7968.09,BTC-28JUN19,1560337145603,open,0.62,43.6,0.5835,0.663,0.62349631,0.0,0.6755,0.0,BTC-28JUN19-3000-C,7992.54,0.0,0.615,6.0,0.633,6.0,300.52,0.0,0.0,1.30485,0.0,1.0
7968.02,BTC-28JUN19,1560337145602,open,0.25,1692.9,0.21,0.2895,0.24967016,80.24,0.239,0.0,BTC-28JUN19-6000-C,7992.54,67.67,0.248,7.6,0.251,7.5,87.17,1.36268,-3.44374,2.46998,6e-05,0.96236
7968.09,BTC-28JUN19,1560337145619,open,0.01,1354.4,0.0005,0.0465,0.00674371,78.06,0.007,0.0,BTC-28JUN19-10000-C,7992.54,74.35,0.0055,35.0,0.008,44.5,81.5,2.79706,-6.87687,0.30402,0.00013,0.09447
7968.09,BTC-28JUN19,1560337145639,open,0.13,8.0,0.09,0.1695,0.12958621,72.77,0.13,0.0,BTC-26JUL19-7500-C,7992.54,68.83,0.1245,7.0,0.135,7.0,76.95,10.30681,-8.54709,4.91624,0.00019,0.64286
7992.54,index_price,1560337145658,open,0.0,433.7,0.0005,0.04,0.00030123,125.63,0.001,0,BTC-14JUN19-6500-P,7992.54,0.0,0.0,0.0,0.0005,22.0,134.6,0.1478,-2.40759,-0.00408,4e-05,-0.00963
251.59,ETH-27SEP19,1560337145714,open,0.02,955.0,0.001,0.062,0.022501,91.96,0.021,0.0,ETH-27SEP19-520-C,248.82,89.48,0.02,60.0,0.025,60.0,94.31,0.26114,-0.11235,0.06675,0.00153,0.1131
7992.54,index_price,1560337145743,open,0.02,96.9,0.0005,0.06,0.02047807,70.67,0.02,0,BTC-21JUN19-8500-C,7992.54,67.03,0.0185,24.0,0.02,0.1,69.8,4.38036,-17.43946,0.55749,0.0004,0.30732
7968.09,BTC-28JUN19,1560337145753,open,0.02,3.7,0.0005,0.0555,0.01499429,73.95,0.0145,0.0,BTC-26JUL19-6000-P,7992.54,72.39,0.014,7.0,0.016,2.0,75.49,5.14333,-4.33459,-1.18275,9e-05,-0.10849
248.82,index_price,1560337145758,open,0.04,542.0,0.004,0.083,0.043815,77.0,0.039,0,ETH-14JUN19-240-C,248.82,68.79,0.042,240.0,0.047,300.0,90.6,0.05642,-1.15798,0.00906,0.02303,0.7522
248.82,index_price,1560337145762,open,0.0,7.0,0.001,0.044,0.004331,78.87,0.015,0,ETH-21JUN19-210-P,248.82,72.29,0.003,240.0,0.006,550.0,85.87,0.05483,-0.24362,-0.00479,0.00462,-0.07484
248.82,index_price,1560337145768,open,0.17,0.0,0.126,0.219,0.172245,78.77,None,0,ETH-21JUN19-290-P,248.82,0.0,0.161,60.0,0.182,60.0,104.77,0.07667,-0.3402,-0.06379,0.00647,-0.88207
248.82,index_price,1560337145778,open,0.0,306.0,0.001,0.04,0.000579,103.71,0.002,0,ETH-14JUN19-290-C,248.82,0.0,0.0,0.0,0.001,240.0,113.2,0.0092,-0.14407,0.00027,0.00279,0.02154
249.19,ETH-28JUN19,1560337145792,open,0.0,7802.0,0.001,0.041,0.001906,84.58,0.004,0.0,ETH-28JUN19-180-P,248.82,76.1,0.001,324.0,0.003,400.0,91.96,0.03206,-0.0854,-0.0031,0.0014,-0.02667
7992.54,index_price,1560337145793,open,0.25,1.2,0.2015,0.301,0.2514293,129.02,0.26,0,BTC-14JUN19-10000-P,7992.54,0.0,0.2415,0.1,0.259,6.0,233.54,0.13575,-4.66886,-0.51041,3e-05,-0.99126
248.82,index_price,1560337145795,open,0.0,606.0,0.001,0.04,9.7e-05,140.0,0.001,0,ETH-14JUN19-190-P,248.82,0.0,0.0,0.0,0.001,740.0,188.15,0.00168,-0.02408,-4e-05,0.00038,-0.00309
7992.54,index_price,1560337145815,open,0.13,0.0,0.0915,0.171,0.1312575,75.19,None,0,BTC-21JUN19-7000-C,7992.54,39.41,0.1245,0.1,0.1385,6.0,95.74,2.4509,-10.38198,1.46079,0.00021,0.88287
249.19,ETH-28JUN19,1560337145978,open,0.01,5098.0,0.001,0.052,0.012174,80.14,0.015,0.0,ETH-28JUN19-210-P,248.82,75.11,0.01,214.0,0.013,420.0,81.92,0.1123,-0.28343,-0.01585,0.00519,-0.13407
249.19,ETH-28JUN19,1560337145992,open,0.26,0.0,0.206,0.305,0.25575,85.16,None,0.0,ETH-26JUL19-300-P,248.82,47.96,0.216,144.0,0.289,144.0,111.02,0.30704,-0.29798,-0.2817,0.00483,-0.68469
7968.09,BTC-28JUN19,1560337146014,open,0.06,0.5,0.015,0.0945,0.05476439,73.15,0.0545,0.0,BTC-26JUL19-9000-C,7992.54,69.86,0.0505,26.3,0.059,7.5,76.4,10.35429,-8.63181,2.94201,0.00019,0.36192
248.82,index_price,1560337146043,open,0.01,186.0,0.001,0.048,0.008368,77.0,0.023,0,ETH-14JUN19-240-P,248.82,70.86,0.007,240.0,0.01,28.0,84.07,0.05642,-1.15798,-0.00328,0.02303,-0.2478
248.82,index_price,1560337146048,open,0.17,53.0,0.12,0.212,0.16608,103.71,0.173,0,ETH-14JUN19-290-P,248.82,0.0,0.156,60.0,0.174,60.0,183.13,0.0092,-0.25426,-0.01463,0.00279,-0.97846
7992.54,index_price,1560337146092,open,0.13,13.8,0.085,0.1645,0.12456174,87.96,0.1225,0,BTC-14JUN19-7000-C,7992.54,0.0,0.122,0.1,0.1265,0.1,122.08,0.23426,-5.49275,0.35283,8e-05,0.9836
248.82,index_price,1560337146095,open,0.28,0.0,0.238,0.317,0.277522,100.37,None,0,ETH-21JUN19-180-C,248.82,0.0,0.268,60.0,0.287,60.0,163.29,0.01545,-0.08733,0.04275,0.00102,0.9841
248.82,index_price,1560337146111,open,0.2,60.0,0.157,0.236,0.196631,138.08,0.204,0,ETH-14JUN19-200-C,248.82,0.0,0.188,60.0,0.205,60.0,251.18,0.00559,-0.20558,0.01012,0.00127,0.98797
7992.54,index_price,1560337146115,open,0.07,16.5,0.0245,0.109,0.06677502,73.72,0.092,0,BTC-14JUN19-8500-P,7992.54,59.91,0.065,0.1,0.07,6.0,92.46,1.19558,-23.49348,-0.3858,0.00049,-0.87254
7968.09,BTC-28JUN19,1560337146157,open,0.07,6.3,0.0285,0.1135,0.07087392,72.79,0.071,0.0,BTC-26JUL19-7500-P,7992.54,69.8,0.067,5.0,0.072,0.1,73.67,10.30696,-8.55023,-4.09977,0.00019,-0.35716
7975.1,BTC-27SEP19,1560337146187,open,0.01,259.9,0.0005,0.0455,0.00563504,84.0,0.005,0.0,BTC-27SEP19-20000-C,7992.54,81.18,0.0045,18.0,0.007,22.3,86.96,3.4356,-1.35017,0.71604,2e-05,0.0363
7992.54,index_price,1560337146253,open,0.0,290.6,0.0005,0.04,7.896e-05,135.0,0.0005,0,BTC-14JUN19-10500-C,7992.54,0.0,0.0,0.0,0.0005,12.0,165.62,0.04914,-0.63111,0.00111,1e-05,0.00279
7992.54,index_price,1560337146284,open,0.25,2.1,0.203,0.303,0.25298377,78.58,0.2575,0,BTC-21JUN19-10000-P,7992.54,0.0,0.2455,6.0,0.2635,6.0,121.65,1.04285,-4.61625,-2.36025,9e-05,-0.96142
7968.09,BTC-28JUN19,1560337146286,open,0.21,0.0,0.172,0.2515,0.21155237,73.2,None,0.0,BTC-26JUL19-6500-C,7992.54,58.04,0.199,5.0,0.226,5.0,88.44,7.15644,-5.9696,5.86268,0.00013,0.82364
248.82,index_price,1560337146289,open,0.0,171.0,0.001,0.04,3e-05,140.0,0.002,0,ETH-14JUN19-340-C,248.82,0.0,0.0,0.0,0.001,240.0,203.96,0.00066,-0.00749,1e-05,0.00015,0.0011
7968.09,BTC-28JUN19,1560337146298,open,0.02,0.0,0.0005,0.061,0.02119156,74.11,None,0.0,BTC-26JUL19-10500-C,7992.54,72.17,0.0195,26.3,0.022,2.0,75.02,7.04907,-5.95311,1.44656,0.00012,0.17222
7992.54,index_price,1560337146314,open,0.08,0.1,0.041,0.127,0.08396985,70.67,0.0895,0,BTC-21JUN19-8500-P,7992.54,67.05,0.082,18.0,0.088,6.0,77.92,4.38036,-17.43952,-1.50945,0.0004,-0.69268
7992.54,index_price,1560337146321,open,0.01,47.0,0.0005,0.047,0.00707425,75.19,0.006,0,BTC-21JUN19-7000-P,7992.54,71.58,0.006,30.0,0.0085,40.0,79.68,2.45091,-10.38203,-0.2414,0.00021,-0.11713
248.82,index_price,1560337146325,open,0.0,5028.0,0.001,0.04,0.000504,120.27,0.001,0,ETH-14JUN19-300-C,248.82,0.0,0.0,0.0,0.001,770.0,133.37,0.00742,-0.1254,0.00021,0.00194,0.01673
248.82,index_price,1560337146330,open,0.0,450.0,0.001,0.04,1e-05,140.0,0.001,0,ETH-14JUN19-350-C,248.82,0.0,0.0,0.0,0.001,240.0,219.66,0.00026,-0.00257,1e-05,6e-05,0.0004
248.82,index_price,1560337146332,open,0.02,336.0,0.001,0.059,0.019038,74.4,0.016,0,ETH-14JUN19-250-C,248.82,67.26,0.017,420.0,0.021,2.0,81.27,0.07102,-1.40856,0.00583,0.03,0.47527
7975.1,BTC-27SEP19,1560337146341,open,0.0,308.1,0.0005,0.0435,0.0039818,86.23,0.004,0.0,BTC-27SEP19-22000-C,7992.54,82.95,0.003,18.0,0.005,20.9,89.11,2.6156,-1.05519,0.51673,2e-05,0.02611
7992.54,index_price,1560337146341,open,0.0,187.7,0.0005,0.041,0.00124911,77.38,0.001,0,BTC-14JUN19-8750-C,7992.54,74.03,0.001,7.2,0.002,6.8,85.72,0.63088,-9.98357,0.02179,0.00025,0.05429
248.82,index_price,1560337146367,open,0.0,120.0,0.001,0.04,3e-06,140.0,0.001,0,ETH-14JUN19-360-C,248.82,0.0,0.0,0.0,0.001,240.0,234.73,0.0001,-0.00084,0.0,2e-05,0.00014
248.82,index_price,1560337146383,open,0.09,106.0,0.054,0.133,0.09347,77.13,0.086,0,ETH-21JUN19-230-C,248.82,76.15,0.093,225.0,0.097,60.0,84.32,0.11996,-0.52123,0.04047,0.01033,0.7624
7975.1,BTC-27SEP19,1560337146393,open,0.01,10.0,0.0005,0.0505,0.01094385,93.91,0.0285,0.0,BTC-27DEC19-32000-C,7992.54,92.6,0.01,18.0,0.012,1.0,95.31,5.87153,-1.39336,1.60643,2e-05,0.0481
7992.54,index_price,1560337146473,open,0.1,0.6,0.054,0.1335,0.09394189,80.61,0.078,0,BTC-14JUN19-7250-C,7992.54,0.0,0.091,6.1,0.096,0.1,103.29,0.52415,-11.26338,0.35446,0.0002,0.95694
248.82,index_price,1560337146479,open,0.0,303.0,0.001,0.04,0.000425,138.08,0.001,0,ETH-14JUN19-200-P,248.82,0.0,0.0,0.0,0.001,343.0,156.95,0.00559,-0.10582,-0.00016,0.00127,-0.01203
7992.54,index_price,1560337146500,open,0.0,620.9,0.0005,0.04,0.00037844,87.96,0.0005,0,BTC-14JUN19-7000-P,7992.54,0.0,0.0,0.0,0.0005,8.4,91.74,0.23426,-3.02466,-0.00689,8e-05,-0.0164
7974.9,BTC-27SEP19,1560337146510,open,0.01,1038.2,0.0005,0.051,0.01067276,81.04,0.0115,0.0,BTC-27SEP19-4250-P,7992.54,78.84,0.0095,18.0,0.012,20.7,83.39,4.38105,-1.6611,-1.394,3e-05,-0.04902
7968.09,BTC-28JUN19,1560337146514,open,0.18,0.0,0.137,0.2315,0.18430939,73.18,None,0.0,BTC-26JUL19-9000-P,7992.54,52.02,0.158,14.4,0.2125,14.4,94.37,10.35522,-8.63619,-7.87613,0.00019,-0.63799
7974.9,BTC-27SEP19,1560337146522,open,0.16,200.7,0.112,0.204,0.1579441,72.8,0.18,0.0,BTC-27SEP19-8000-P,7992.54,70.93,0.154,5.0,0.162,10.8,74.7,16.91113,-5.75959,-13.6143,0.00012,-0.42505
7975.0,BTC-27SEP19,1560337146533,open,0.3,717.9,0.257,0.3365,0.29656265,74.49,0.302,0.0,BTC-27SEP19-6000-C,7992.54,70.21,0.2905,6.7,0.3015,6.5,77.93,11.40551,-3.97485,12.17503,8e-05,0.81792
7975.0,BTC-27SEP19,1560337146542,open,0.01,225.6,0.0005,0.054,0.01372363,79.74,0.013,0.0,BTC-27SEP19-4500-P,7992.54,77.83,0.0125,18.0,0.015,20.9,81.63,5.24337,-1.95592,-1.75753,4e-05,-0.06154
248.82,index_price,1560337146542,open,0.37,60.0,0.312,0.421,0.36648,140.0,0.399,0,ETH-14JUN19-340-P,248.82,0.0,0.357,60.0,0.375,60.0,303.14,0.00066,-0.02454,-0.01746,0.00015,-0.9989
7975.0,BTC-27SEP19,1560337146544,open,0.24,73.9,0.189,0.2875,0.23811673,72.82,0.2405,0.0,BTC-27SEP19-9000-P,7992.54,70.65,0.2335,10.8,0.2435,10.8,75.31,17.11257,-5.83007,-18.25791,0.00013,-0.54372
7992.54,index_price,1560337146560,open,0.0,386.2,0.0005,0.0405,0.00069669,86.43,0.0005,0,BTC-14JUN19-9000-C,7992.54,0.0,0.0,0.0,0.0015,13.0,99.39,0.38669,-5.56831,0.01192,0.00014,0.02971
7992.54,index_price,1560337146609,open,0.25,0.0,0.2095,0.289,0.24933643,135.0,None,0,BTC-14JUN19-6000-C,7992.54,0.0,0.243,6.0,0.256,6.0,288.05,0.02454,-0.883,0.30778,1e-05,0.9987
248.82,index_price,1560337146631,open,0.25,0.0,0.199,0.298,0.248269,81.38,0.257,0,ETH-21JUN19-310-P,248.82,0.0,0.24,30.0,0.256,30.0,113.46,0.03845,-0.17625,-0.07265,0.00314,-0.95244
7992.54,index_price,1560337146641,open,0.0,47.8,0.0005,0.0405,0.00099457,83.74,0.0025,0,BTC-21JUN19-10500-C,7992.54,76.14,0.0005,8.1,0.0015,7.5,89.24,0.64078,-3.02278,0.03979,5e-05,0.02147
249.19,ETH-28JUN19,1560337146672,open,0.02,0.0,0.001,0.055,0.015061,81.96,None,0.0,ETH-26JUL19-180-P,248.82,76.67,0.012,120.0,0.017,120.0,85.09,0.15062,-0.14068,-0.0342,0.00246,-0.0991
7968.14,BTC-28JUN19,1560337146688,open,0.1,5.0,0.059,0.1385,0.09860715,72.77,0.089,0.0,BTC-26JUL19-8000-C,7992.54,69.06,0.0935,7.0,0.104,7.0,76.7,10.9544,-9.08477,4.26544,0.0002,0.54393
248.82,index_price,1560337146805,open,0.0,15.0,0.001,0.041,0.001401,82.59,0.002,0,ETH-21JUN19-320-C,248.82,0.0,0.0,0.0,0.003,690.0,94.52,0.02599,-0.12093,0.0017,0.00209,0.02944
7992.54,index_price,1560337146818,open,0.08,9.9,0.042,0.1215,0.08184689,73.7,0.0755,0,BTC-21JUN19-7500-C,7992.54,66.12,0.078,7.0,0.083,14.8,75.92,4.12578,-17.12897,1.2585,0.00036,0.72937
7992.54,index_price,1560337146841,open,0.01,109.9,0.0005,0.049,0.00920204,72.85,0.007,0,BTC-21JUN19-9000-C,7992.54,70.98,0.0085,0.5,0.0105,24.6,76.17,3.05132,-12.52229,0.29604,0.00027,0.16152
248.82,index_price,1560337146856,open,0.0,1145.0,0.001,0.04,0.000514,138.31,0.003,0,ETH-14JUN19-310-C,248.82,0.0,0.0,0.0,0.001,240.0,152.39,0.00679,-0.12797,0.00019,0.00154,0.01509
7968.14,BTC-28JUN19,1560337146875,open,0.2,23.1,0.156,0.252,0.20410536,76.46,0.175,0.0,BTC-28JUN19-9500-P,7992.54,52.56,0.195,5.0,0.2115,5.0,90.13,3.92842,-9.45955,-3.64237,0.00019,-0.84686
7975.19,BTC-27SEP19,1560337146903,open,1.51,0.0,1.413,1.614,1.5135039,84.21,None,0.0,BTC-27SEP19-20000-P,7992.54,0.0,1.4895,3.6,1.542,3.6,119.28,3.47065,-1.36737,-57.83755,2e-05,-0.96325
7992.54,index_price,1560337146906,open,0.25,0.0,0.2105,0.29,0.25000046,86.47,None,0,BTC-21JUN19-6000-C,7992.54,0.0,0.2415,6.0,0.257,6.0,137.15,0.4479,-2.18171,1.43023,3e-05,0.98589
7992.54,index_price,1560337146930,open,0.07,43.3,0.025,0.1045,0.06471304,75.46,0.072,0,BTC-14JUN19-7500-C,7992.54,47.06,0.062,6.0,0.0665,0.1,87.19,1.1088,-22.30424,0.33711,0.00045,0.88548
7975.19,BTC-27SEP19,1560337146930,open,0.01,19.0,0.0005,0.054,0.01438636,91.2,0.0155,0.0,BTC-27DEC19-28000-C,7992.54,89.03,0.0125,28.0,0.016,18.0,92.93,7.21877,-1.66364,2.07881,2e-05,0.06247
7992.54,index_price,1560337146969,open,0.13,15.2,0.082,0.1715,0.12674673,86.43,0.152,0,BTC-14JUN19-9000-P,7992.54,0.0,0.1205,12.0,0.134,12.0,151.15,0.38669,-8.90897,-0.45058,0.00014,-0.97029
248.82,index_price,1560337146976,open,0.29,0.0,0.236,0.338,0.287472,82.59,None,0,ETH-21JUN19-320-P,248.82,0.0,0.276,60.0,0.296,60.0,124.01,0.02599,-0.12093,-0.07612,0.00209,-0.97056
249.19,ETH-28JUN19,1560337146981,open,0.02,694.0,0.001,0.059,0.019279,86.87,0.013,0.0,ETH-26JUL19-360-C,248.82,81.08,0.015,243.0,0.023,240.0,91.46,0.19425,-0.19229,0.03679,0.003,0.1421
7992.54,index_price,1560337147031,open,0.31,0.0,0.2625,0.367,0.31471962,83.74,None,0,BTC-21JUN19-10500-P,7992.54,0.0,0.307,6.0,0.0,0.0,0.0,0.64078,-3.0228,-2.51349,5e-05,-0.97853
7975.19,BTC-27SEP19,1560337147043,open,0.0,191.7,0.0005,0.0425,0.00299715,88.62,0.0025,0.0,BTC-27SEP19-24000-C,7992.54,84.24,0.002,18.0,0.004,20.7,92.11,2.07239,-0.85918,0.39255,1e-05,0.01981
7975.19,BTC-27SEP19,1560337147043,open,1.76,0.0,1.6525,1.873,1.76263739,86.54,None,0.0,BTC-27SEP19-22000-P,7992.54,0.0,1.737,3.6,1.793,3.6,127.55,2.65891,-1.07643,-63.89175,2e-05,-0.97337
249.19,ETH-28JUN19,1560337147050,open,0.03,0.0,0.001,0.073,0.031848,81.96,None,0.0,ETH-26JUL19-200-P,248.82,76.52,0.027,100.0,0.033,100.0,83.22,0.22658,-0.21163,-0.06341,0.0037,-0.17985
248.82,index_price,1560337147122,open,0.05,133.0,0.006,0.085,0.045697,77.07,0.035,0,ETH-21JUN19-250-C,248.82,72.73,0.043,420.0,0.049,105.0,82.38,0.15476,-0.67192,0.02799,0.01334,0.50827
248.82,index_price,1560337147129,open,0.25,0.0,0.197,0.296,0.246395,138.31,None,0,ETH-14JUN19-310-P,248.82,0.0,0.236,60.0,0.254,60.0,232.55,0.00679,-0.25034,-0.01574,0.00154,-0.98491
7992.54,index_price,1560337147159,open,0.0,167.7,0.0005,0.04,3.646e-05,135.0,0.0005,0,BTC-14JUN19-6000-P,7992.54,0.0,0.0,0.0,0.0005,22.0,179.43,0.02454,-0.29138,-0.00055,1e-05,-0.0013
248.82,index_price,1560337147169,open,0.05,64.0,0.011,0.094,0.052092,78.56,0.083,0,ETH-14JUN19-260-P,248.82,63.12,0.049,60.0,0.055,60.0,91.48,0.05362,-1.12287,-0.01056,0.02145,-0.77407
7968.14,BTC-28JUN19,1560337147172,open,0.32,0.0,0.279,0.3585,0.31872205,78.54,None,0.0,BTC-26JUL19-5500-C,7992.54,0.0,0.2945,4.9,0.3415,4.9,115.87,3.59187,-3.215,5.88239,6e-05,0.93286
7974.9,BTC-27SEP19,1560337147177,open,0.02,152.7,0.0005,0.064,0.02348239,79.38,0.023,0.0,BTC-27DEC19-4000-P,7992.54,77.35,0.0215,28.0,0.0255,28.0,81.38,7.91933,-1.58854,-4.05943,3e-05,-0.07041
7974.9,BTC-27SEP19,1560337147198,open,0.02,152.7,0.0005,0.064,0.02348239,79.38,0.023,0.0,BTC-27DEC19-4000-P,7992.54,77.35,0.0215,28.0,0.0255,38.0,81.38,7.91933,-1.58854,-4.05943,3e-05,-0.07041
249.19,ETH-28JUN19,1560337147204,open,0.47,0.0,0.406,0.522,0.463902,86.79,None,0.0,ETH-26JUL19-360-P,248.82,0.0,0.429,48.0,0.489,48.0,113.79,0.194,-0.19188,-0.39602,0.00299,-0.85817
251.59,ETH-27SEP19,1560337147283,open,0.02,821.0,0.001,0.057,0.017284,92.81,0.014,0.0,ETH-27SEP19-560-C,248.82,90.1,0.015,250.0,0.02,60.0,95.78,0.22065,-0.0958,0.05339,0.00128,0.08976
248.82,index_price,1560337147295,open,0.05,309.0,0.009,0.092,0.05044,77.07,0.056,0,ETH-21JUN19-250-P,248.82,71.54,0.047,221.0,0.053,474.0,81.19,0.15476,-0.67192,-0.0328,0.01334,-0.49173
7992.54,index_price,1560337147328,open,0.13,1.1,0.09,0.1805,0.13525217,72.85,0.1565,0,BTC-21JUN19-9000-P,7992.54,52.94,0.129,12.0,0.1435,12.0,92.1,3.05133,-12.52238,-1.89249,0.00027,-0.83848
7992.54,index_price,1560337147358,open,0.0,267.3,0.0005,0.043,0.00308819,75.46,0.004,0,BTC-14JUN19-7500-P,7992.54,74.82,0.003,1.0,0.004,37.5,81.7,1.10881,-22.30479,-0.0483,0.00045,-0.11452
7975.19,BTC-27SEP19,1560337147369,open,0.35,231.0,0.304,0.3835,0.34385815,75.88,0.3605,0.0,BTC-27SEP19-5500-C,7992.54,60.92,0.328,3.6,0.359,3.6,88.19,9.29518,-3.29969,12.20628,7e-05,0.86656
7968.14,BTC-28JUN19,1560337147369,open,0.0,1429.2,0.0005,0.04,6.335e-05,135.0,0.0005,0.0,BTC-28JUN19-20000-C,7992.54,0.0,0.0,0.0,0.0005,22.0,161.41,0.04976,-0.21157,0.00283,0.0,0.00088
7975.19,BTC-27SEP19,1560337147369,open,0.54,0.0,0.496,0.5755,0.53583464,83.68,None,0.0,BTC-27SEP19-3750-C,7992.54,0.0,0.5195,3.6,0.552,3.6,114.45,2.87037,-1.1237,10.15763,2e-05,0.97081
7975.19,BTC-27SEP19,1560337147371,open,0.09,196.1,0.0485,0.128,0.08848787,75.01,0.083,0.0,BTC-27DEC19-12000-C,7992.54,73.68,0.085,24.4,0.092,20.0,76.34,21.03919,-3.9878,10.07286,8e-05,0.32146
7975.19,BTC-27SEP19,1560337147371,open,0.11,75.4,0.0685,0.1575,0.11299034,72.93,0.115,0.0,BTC-27DEC19-6500-P,7992.54,71.67,0.11,8.0,0.116,14.4,74.19,18.97266,-3.4962,-16.04182,8e-05,-0.25804
7992.54,index_price,1560337147397,open,0.04,78.3,0.0005,0.0785,0.03854027,70.22,0.045,0,BTC-14JUN19-7750-C,7992.54,61.23,0.0365,8.4,0.041,0.1,80.51,1.86559,-34.91952,0.28731,0.00081,0.73806
7968.14,BTC-28JUN19,1560337147399,open,0.0,673.3,0.0005,0.041,0.00105766,88.63,0.001,0.0,BTC-28JUN19-12000-C,7992.54,80.56,0.0005,0.2,0.0015,6.7,93.11,0.6965,-1.94412,0.05485,3e-05,0.01688
7968.14,BTC-28JUN19,1560337147417,open,0.88,4.5,0.808,0.958,0.88305151,118.36,0.903,0.0,BTC-28JUN19-15000-P,7992.54,0.0,0.868,6.0,0.893,6.0,183.11,0.33842,-1.26156,-6.50068,1e-05,-0.99264
249.19,ETH-28JUN19,1560337147428,open,0.06,10.0,0.016,0.1,0.057785,81.97,0.052,0.0,ETH-26JUL19-220-P,248.82,76.12,0.051,103.0,0.061,100.0,84.71,0.29123,-0.27203,-0.10142,0.00476,-0.28079
248.82,index_price,1560337147436,open,0.12,60.0,0.077,0.156,0.116381,87.52,0.086,0,ETH-14JUN19-220-C,248.82,0.0,0.114,60.0,0.119,60.0,124.07,0.00976,-0.22765,0.011,0.0035,0.97689
248.82,index_price,1560337147444,open,0.0,772.0,0.001,0.042,0.002599,84.6,0.004,0,ETH-14JUN19-270-C,248.82,68.21,0.001,543.0,0.004,690.0,95.12,0.02991,-0.6468,0.00117,0.01111,0.09397
7975.19,BTC-27SEP19,1560337147447,open,0.01,61.6,0.0005,0.0485,0.00891958,96.77,0.0105,0.0,BTC-27DEC19-36000-C,7992.54,95.24,0.008,18.0,0.01,1.0,98.43,4.98541,-1.21899,1.31241,1e-05,0.03927
7968.14,BTC-28JUN19,1560337147452,open,0.15,110.5,0.1045,0.196,0.15013584,74.88,0.157,0.0,BTC-28JUN19-9000-P,7992.54,65.86,0.1445,5.0,0.157,5.0,85.06,5.18304,-12.22391,-3.14927,0.00025,-0.75855
7968.14,BTC-28JUN19,1560337147465,open,0.0,402.3,0.0005,0.04,9.291e-05,135.0,0.001,0.0,BTC-28JUN19-3500-P,7992.54,0.0,0.0,0.0,0.0005,12.0,160.48,0.0609,-0.25895,-0.00412,0.0,-0.0011
7968.14,BTC-28JUN19,1560337147483,open,0.32,0.0,0.269,0.374,0.32153536,79.5,None,0.0,BTC-28JUN19-10500-P,7992.54,0.0,0.31,6.0,0.3305,6.0,105.81,1.89924,-4.75561,-4.38285,9e-05,-0.94308
248.82,index_price,1560337147485,open,0.03,16.0,0.001,0.07,0.030372,78.1,0.022,0,ETH-21JUN19-260-C,248.82,72.4,0.027,480.0,0.033,118.0,82.5,0.14798,-0.65102,0.02128,0.01259,0.38208
7975.19,BTC-27SEP19,1560337147538,open,0.33,5.7,0.2785,0.3845,0.33152252,73.23,0.334,0.0,BTC-27SEP19-10000-P,7992.54,63.83,0.313,10.8,1.0575,0.3,500.0,16.06069,-5.50248,-22.81216,0.00012,-0.64535
