underlying_price,underlying_index,timestamp,state,settlement_price,open_interest,min_price,max_price,mark_price,mark_iv,last_price,interest_rate,instrument_name,index_price,bid_iv,best_bid_price,best_bid_amount,best_ask_price,best_ask_amount,ask_iv,vega,theta,rho,gamma,delta
183.67,SYN.ETH-22NOV19,1573815540015,open,0.23,0.0,0.215,0.262,0.238763,98.86,None,0.0,ETH-22NOV19-140-C,183.3,0.0,0.0,0.0,0.0,0.0,0.0,0.01183,-0.08508,0.02567,0.00188,0.98071
183.67,SYN.ETH-22NOV19,1573815540016,open,0.0,3.0,0.001,0.011,0.000995,98.76,0.001,0.0,ETH-22NOV19-140-P,183.3,0.0,0.0,0.0,0.002,300.0,111.19,0.01178,-0.08463,-0.0007,0.00188,-0.01919
8661.03,SYN.BTC-29NOV19,1573815540075,open,0.0,321.9,0.0005,0.015,0.00450387,67.13,0.004,0.0,BTC-29NOV19-10500-C,8629.57,65.34,0.004,35.0,0.0055,39.2,70.4,2.5088,-6.06892,0.24834,0.00013,0.07993
8724.54,BTC-27DEC19,1573815540091,open,0.01,917.2,0.0025,0.0285,0.01213987,71.06,0.012,0.0,BTC-27DEC19-12000-C,8629.57,69.28,0.011,62.0,0.0135,24.0,73.09,5.71101,-4.84575,1.02254,9e-05,0.1143
8724.54,BTC-27DEC19,1573815540091,open,0.01,572.1,0.0005,0.02,0.00834034,65.79,0.009,0.0,BTC-27DEC19-6500-P,8629.57,64.01,0.0075,36.0,0.0095,38.6,68.11,4.22711,-3.32059,-0.84456,7e-05,-0.07604
8661.03,SYN.BTC-29NOV19,1573815540091,open,0.3,22.5,0.2935,0.324,0.30814875,89.21,0.2095,0.0,BTC-29NOV19-6000-C,8629.57,0.0,0.2985,7.0,0.316,7.0,137.74,0.60252,-1.93684,2.23186,2e-05,0.986
8896.04,BTC-27MAR20,1573815540123,open,0.01,49.6,0.0005,0.0275,0.00954206,97.06,0.0095,0.0,BTC-27MAR20-28000-C,8629.57,93.41,0.0075,31.5,0.0115,31.0,100.13,5.35327,-1.95516,1.24369,2e-05,0.04794
9051.26,SYN.BTC-26JUN20,1573815540123,open,0.27,25.1,0.228,0.3175,0.27188685,71.94,0.271,0.0,BTC-26JUN20-8000-C,8629.57,70.17,0.267,10.9,0.273,6.0,72.35,24.94632,-4.00824,23.3099,7e-05,0.69176
8896.04,BTC-27MAR20,1573815540125,open,2.41,0.0,2.3085,2.4635,2.38053944,99.13,None,0.0,BTC-27MAR20-30000-P,8629.57,0.0,0.0,0.0,0.0,0.0,0.0,4.76801,-1.77861,-108.13534,2e-05,-0.95847
8724.54,BTC-27DEC19,1573815540125,open,0.4,73.0,0.354,0.4255,0.38758632,71.09,0.3805,0.0,BTC-27DEC19-12000-P,8629.57,0.0,0.359,4.0,0.4095,4.0,97.4,5.71438,-4.85025,-12.74402,9e-05,-0.88561
8661.03,SYN.BTC-29NOV19,1573815540125,open,0.0,436.2,0.0005,0.0105,0.00010578,100.0,0.0005,0.0,BTC-29NOV19-5000-P,8629.57,0.0,0.0,0.0,0.001,19.1,129.55,0.09616,-0.34652,-0.0062,0.0,-0.00178
9051.26,SYN.BTC-26JUN20,1573815540125,open,0.22,46.5,0.1775,0.2725,0.22403935,71.94,0.237,0.0,BTC-26JUN20-9000-C,8629.57,71.09,0.2215,11.3,0.227,2.0,72.93,27.10126,-4.35421,21.69218,7e-05,0.61477
8661.03,SYN.BTC-29NOV19,1573815540127,open,0.05,794.9,0.0355,0.0855,0.04737086,48.48,0.041,0.0,BTC-29NOV19-8500-C,8629.57,44.0,0.044,19.0,0.0485,19.1,49.97,6.5364,-11.41754,1.80997,0.00047,0.59709
9051.26,SYN.BTC-26JUN20,1573815540127,open,2.37,0.0,2.2595,2.436,2.34049058,92.77,None,0.0,BTC-26JUN20-30000-P,8629.57,0.0,0.0005,1.0,0.0,0.0,0.0,12.36972,-2.56292,-179.9444,3e-05,-0.90078
8896.04,BTC-27MAR20,1573815540130,open,0.27,11.0,0.243,0.31,0.27580596,68.23,0.2835,0.0,BTC-27MAR20-7000-C,8629.57,57.86,0.258,12.0,0.278,9.0,69.47,15.69673,-4.02978,16.48021,8e-05,0.78468
8724.54,BTC-27DEC19,1573815540134,open,0.21,66.6,0.1895,0.235,0.21159986,61.59,0.221,0.0,BTC-27DEC19-7000-C,8629.57,0.0,0.1905,8.0,0.231,12.2,85.64,6.01542,-4.42335,6.66018,0.00011,0.87699
8661.03,SYN.BTC-29NOV19,1573815540134,open,0.42,3.2,0.411,0.4345,0.4228054,99.84,0.439,0.0,BTC-29NOV19-5000-C,8629.57,0.0,0.4145,8.0,0.4295,8.0,180.89,0.09495,-0.34161,1.89467,0.0,0.99825
8661.03,SYN.BTC-29NOV19,1573815540134,open,0.28,13.1,0.246,0.304,0.27319887,73.3,0.233,0.0,BTC-29NOV19-11000-P,8629.57,0.0,0.009,1.0,0.0,0.0,0.0,1.86962,-4.93852,-4.01206,9e-05,-0.94533
9051.26,SYN.BTC-26JUN20,1573815540136,open,0.04,24.8,0.0175,0.0805,0.04233571,85.04,0.0435,0.0,BTC-26JUN20-22000-C,8629.57,82.7,0.038,27.0,0.046,5.0,86.94,17.14346,-3.25598,6.45054,4e-05,0.15853
9051.26,SYN.BTC-26JUN20,1573815540142,open,1.28,0.0,1.1935,1.3425,1.26255564,84.27,None,0.0,BTC-26JUN20-20000-P,8629.57,0.0,0.1,1.0,1.88,0.1,307.26,19.34755,-3.64135,-114.9617,5e-05,-0.8082
9051.26,SYN.BTC-26JUN20,1573815540142,open,0.86,1.5,0.7815,0.92,0.84650055,79.61,0.855,0.0,BTC-26JUN20-16000-P,8629.57,59.09,0.7995,2.0,0.8795,2.0,91.68,23.59332,-4.19488,-87.32235,6e-05,-0.7264
8724.54,BTC-27DEC19,1573815540145,open,0.0,964.5,0.0005,0.0105,2.007e-05,100.0,0.0005,0.0,BTC-27DEC19-30000-C,8629.57,0.0,0.0,0.0,0.0005,1.1,127.79,0.02795,-0.03337,0.00234,0.0,0.00025
8896.04,BTC-27MAR20,1573815540151,open,2.19,0.0,2.0885,2.2365,2.1570453,97.12,None,0.0,BTC-27MAR20-28000-P,8629.57,0.0,0.0,0.0,0.0,0.0,0.0,5.36541,-1.96078,-100.68509,2e-05,-0.95192
8645.16,SYN.BTC-22NOV19,1573815540248,open,0.0,238.8,0.0005,0.0135,0.00276168,57.15,0.0025,0.0,BTC-22NOV19-7750-P,8629.57,55.79,0.0025,0.1,0.0035,20.0,60.71,1.69633,-7.05047,-0.12823,0.00021,-0.07598
8645.16,SYN.BTC-22NOV19,1573815540248,open,0.1,20.6,0.0865,0.128,0.10630534,57.15,0.1,0.0,BTC-22NOV19-7750-C,8629.57,45.5,0.1045,4.0,0.109,6.0,68.77,1.69609,-7.04893,1.3317,0.00021,0.92403
8645.16,SYN.BTC-22NOV19,1573815540248,open,0.0,128.0,0.0005,0.0115,0.00155079,61.94,0.0011,0.0,BTC-22NOV19-7500-P,8629.57,57.02,0.001,24.3,0.0025,43.9,68.51,1.08963,-4.90801,-0.07299,0.00012,-0.04327
8645.16,SYN.BTC-22NOV19,1573815540248,open,0.01,1145.5,0.0005,0.033,0.00909433,48.14,0.0075,0.0,BTC-22NOV19-8250-P,8629.57,42.96,0.007,36.1,0.0095,16.0,49.11,3.5969,-12.59246,-0.38826,0.00053,-0.22931
8645.16,SYN.BTC-22NOV19,1573815540248,open,0.05,12.2,0.037,0.0835,0.05480209,48.14,0.059,0.0,BTC-22NOV19-8250-C,8629.57,42.42,0.0525,4.0,0.0565,6.0,52.14,3.59682,-12.59165,1.16586,0.00053,0.7707
8645.16,SYN.BTC-22NOV19,1573815540248,open,0.13,0.0,0.115,0.1535,0.13401239,61.93,None,0.0,BTC-22NOV19-7500-C,8629.57,0.0,0.0155,0.1,0.16,0.2,149.41,1.08932,-4.90609,1.33985,0.00012,0.95675
8645.16,SYN.BTC-22NOV19,1573815540248,open,0.03,66.0,0.02,0.065,0.03531372,48.01,0.043,0.0,BTC-22NOV19-8500-C,8629.57,41.67,0.032,22.0,0.0365,20.2,50.27,4.53882,-15.84661,0.94251,0.00067,0.61406
8645.16,SYN.BTC-22NOV19,1573815540248,open,0.02,169.2,0.009,0.049,0.02081771,48.01,0.0205,0.0,BTC-22NOV19-8750-C,8629.57,45.57,0.0195,0.1,0.0205,2.0,47.42,4.68068,-16.34023,0.68327,0.00069,0.44038
8645.16,SYN.BTC-22NOV19,1573815540248,open,0.02,283.0,0.0075,0.047,0.0185239,48.01,0.0185,0.0,BTC-22NOV19-8500-P,8629.57,45.1,0.017,7.0,0.0185,16.0,47.97,4.53883,-15.84722,-0.65868,0.00067,-0.38594
8645.16,SYN.BTC-22NOV19,1573815540248,open,0.14,10.3,0.107,0.1585,0.13125902,63.12,0.097,0.0,BTC-22NOV19-9750-P,8629.57,0.0,0.115,4.0,0.1545,6.9,126.69,1.91623,-8.79609,-1.69681,0.00022,-0.91067
8645.16,SYN.BTC-22NOV19,1573815540248,open,0.15,0.0,0.1445,0.181,0.16244443,68.97,None,0.0,BTC-22NOV19-7250-C,8629.57,0.0,0.01,1.0,0.0,0.0,0.0,0.76907,-3.85756,1.31791,8e-05,0.9717
8645.16,SYN.BTC-22NOV19,1573815540248,open,0.01,616.2,0.0005,0.0215,0.00430154,50.13,0.0045,0.0,BTC-22NOV19-8000-P,8629.57,47.14,0.0035,29.9,0.005,22.0,52.56,2.41106,-8.78992,-0.20683,0.00034,-0.1227
8645.16,SYN.BTC-22NOV19,1573815540248,open,0.0,19.5,0.0005,0.011,0.00106488,68.98,0.0015,0.0,BTC-22NOV19-7250-P,8629.57,61.13,0.0005,36.0,0.002,39.5,77.61,0.76941,-3.85973,-0.04784,8e-05,-0.02831
8645.16,SYN.BTC-22NOV19,1573815540250,open,0.01,220.0,0.002,0.036,0.01169917,49.2,0.011,0.0,BTC-22NOV19-9000-C,8629.57,47.7,0.011,16.0,0.013,4.0,51.96,4.04228,-14.4624,0.44847,0.00058,0.28708
8645.16,SYN.BTC-22NOV19,1573815540250,open,0.09,56.5,0.0545,0.1065,0.07724265,53.35,0.0765,0.0,BTC-22NOV19-9250-P,8629.57,46.92,0.075,6.1,0.079,2.0,57.94,3.19411,-12.39094,-1.44891,0.00043,-0.81246
8645.16,SYN.BTC-22NOV19,1573815540250,open,0.31,0.0,0.276,0.3325,0.30233274,92.82,None,0.0,BTC-22NOV19-11250-P,8629.57,0.0,0.0,0.0,0.0,0.0,0.0,0.63586,-4.29178,-2.08417,5e-05,-0.97745
8645.16,SYN.BTC-22NOV19,1573815540250,open,0.0,128.0,0.0005,0.012,0.00202618,81.3,0.002,0.0,BTC-22NOV19-10500-C,8629.57,76.97,0.0015,36.0,0.003,25.1,87.87,1.14227,-6.75306,0.07141,0.0001,0.04588
8645.16,SYN.BTC-22NOV19,1573815540250,open,0.0,406.5,0.0005,0.018,0.00483793,58.03,0.0055,0.0,BTC-22NOV19-9500-C,8629.57,56.82,0.0045,20.0,0.006,2.0,61.93,2.46012,-10.3813,0.19779,0.0003,0.12629
8645.16,SYN.BTC-22NOV19,1573815540250,open,0.2,0.0,0.163,0.216,0.1878634,74.61,None,0.0,BTC-22NOV19-10250-P,8629.57,0.0,0.011,1.0,0.25,0.1,231.72,1.29166,-7.00785,-1.84732,0.00012,-0.94649
8645.16,SYN.BTC-22NOV19,1573815540250,open,0.0,6.3,0.0005,0.0115,0.00180931,87.23,0.002,0.0,BTC-22NOV19-10750-C,8629.57,84.42,0.0015,20.0,0.003,56.2,96.0,1.00557,-6.37884,0.06087,8e-05,0.03919
8645.16,SYN.BTC-22NOV19,1573815540250,open,0.0,330.1,0.0005,0.0125,0.00277323,69.19,0.003,0.0,BTC-22NOV19-10000-C,8629.57,67.65,0.0025,33.2,0.003,0.9,70.42,1.57045,-7.90223,0.10738,0.00016,0.06871
8645.16,SYN.BTC-22NOV19,1573815540250,open,0.17,5.1,0.1345,0.187,0.15949109,69.2,0.124,0.0,BTC-22NOV19-10000-P,8629.57,0.0,0.138,4.0,0.1785,4.0,128.59,1.57076,-7.90449,-1.77635,0.00016,-0.93127
8645.16,SYN.BTC-22NOV19,1573815540250,open,0.0,306.3,0.0005,0.012,0.00222759,74.6,0.002,0.0,BTC-22NOV19-10250-C,8629.57,73.03,0.002,35.0,0.003,0.3,79.36,1.29131,-7.00526,0.08349,0.00012,0.0535
8645.16,SYN.BTC-22NOV19,1573815540252,open,0.26,0.0,0.2195,0.275,0.24528101,87.24,None,0.0,BTC-22NOV19-10750-P,8629.57,0.0,0.013,1.0,0.0,0.0,0.0,1.00595,-6.38196,-1.96413,8e-05,-0.96079
8645.16,SYN.BTC-22NOV19,1573815540252,open,0.23,0.0,0.191,0.2455,0.21657993,81.31,None,0.0,BTC-22NOV19-10500-P,8629.57,0.0,0.012,1.0,0.0,0.0,0.0,1.14263,-6.75592,-1.9065,0.0001,-0.95411
8645.16,SYN.BTC-22NOV19,1573815540252,open,0.29,0.0,0.248,0.3035,0.27370721,89.67,None,0.0,BTC-22NOV19-11000-P,8629.57,0.0,0.0005,1.0,0.0,0.0,0.0,0.78486,-5.1181,-2.02705,6e-05,-0.971
8645.16,SYN.BTC-22NOV19,1573815540252,open,0.0,386.0,0.0005,0.014,0.00345911,63.12,0.004,0.0,BTC-22NOV19-9750-C,8629.57,60.98,0.003,24.0,0.004,5.0,65.48,1.91595,-8.79417,0.13982,0.00022,0.08932
8645.16,SYN.BTC-22NOV19,1573815540252,open,0.0,157.4,0.0005,0.011,0.00131756,89.66,0.002,0.0,BTC-22NOV19-11000-C,8629.57,85.86,0.001,36.0,0.002,0.3,96.24,0.78443,-5.11454,0.04504,6e-05,0.02898
8645.16,SYN.BTC-22NOV19,1573815540252,open,0.0,176.0,0.0005,0.011,0.00102515,92.8,0.0015,0.0,BTC-22NOV19-11250-C,8629.57,92.45,0.001,20.0,0.0015,0.3,98.5,0.63538,-4.2878,0.03502,5e-05,0.02253
188.79,ETH-27MAR20,1573815540265,open,0.39,40.0,0.365,0.426,0.39695,77.67,0.459,0.0,ETH-27MAR20-120-C,183.3,51.06,0.372,22.0,0.418,22.0,94.33,0.22087,-0.06456,0.33554,0.00219,0.88517
8896.04,BTC-27MAR20,1573815540269,open,0.64,59.0,0.571,0.6805,0.62239028,76.28,0.615,0.0,BTC-27MAR20-14000-P,8629.57,50.86,0.5855,4.5,0.6655,4.0,97.83,16.10197,-4.62201,-45.25176,7e-05,-0.7749
8661.03,SYN.BTC-29NOV19,1573815540290,open,0.63,0.0,0.585,0.6525,0.6169677,99.51,None,0.0,BTC-29NOV19-14000-P,8629.57,0.0,0.014,1.0,0.0,0.0,0.0,0.39836,-1.42837,-5.2953,1e-05,-0.9913
8645.16,SYN.BTC-22NOV19,1573815540373,open,0.18,0.0,0.174,0.2095,0.19115538,77.65,None,0.0,BTC-22NOV19-7000-C,8629.57,0.0,0.0185,0.1,0.0,0.0,0.0,0.59831,-3.37865,1.28306,5e-05,0.97902
8645.16,SYN.BTC-22NOV19,1573815540373,open,0.0,38.1,0.0005,0.0105,0.0008582,77.68,0.0006,0.0,BTC-22NOV19-7000-P,8629.57,71.6,0.0005,1.0,0.0015,23.2,85.4,0.59898,-3.38338,-0.03561,5e-05,-0.02101
8896.04,BTC-27MAR20,1573815540482,open,0.35,19.3,0.3315,0.386,0.35771478,69.85,0.406,0.0,BTC-27MAR20-6000-C,8629.57,49.27,0.336,12.0,0.369,19.0,78.48,11.11446,-2.92138,16.71819,6e-05,0.87394
8896.04,BTC-27MAR20,1573815540484,open,0.01,92.5,0.0005,0.029,0.01044953,93.72,0.0125,0.0,BTC-27MAR20-26000-C,8629.57,91.4,0.009,31.0,0.0115,0.5,95.28,5.82148,-2.05294,1.38665,2e-05,0.05327
9051.29,SYN.BTC-26JUN20,1573815540484,open,0.03,40.4,0.0115,0.0675,0.03242052,89.2,0.031,0.0,BTC-26JUN20-26000-C,8629.57,88.3,0.031,0.3,0.0335,1.0,89.87,14.4118,-2.87115,5.01735,3e-05,0.1228
8896.04,BTC-27MAR20,1573815540486,open,1.51,5.9,1.43,1.557,1.48837438,88.79,1.51,0.0,BTC-27MAR20-22000-P,8629.57,0.0,0.0,0.0,0.0,0.0,0.0,7.78831,-2.60217,-78.07787,3e-05,-0.92252
8661.04,SYN.BTC-29NOV19,1573815540489,open,0.02,486.1,0.014,0.058,0.02363851,50.73,0.02,0.0,BTC-29NOV19-9000-C,8629.57,49.86,0.023,0.2,0.025,34.0,52.58,6.36149,-11.62963,1.13198,0.00044,0.36744
8724.54,BTC-27DEC19,1573815540512,open,2.01,0.0,1.922,2.0415,1.98023185,102.37,None,0.0,BTC-27DEC19-26000-P,8629.57,0.0,0.0,0.0,0.0,0.0,0.0,0.14083,-0.17214,-29.81595,0.0,-0.99854
8724.54,BTC-27DEC19,1573815540512,open,3.17,1.3,3.0455,3.2105,3.12634145,119.92,2.2,0.0,BTC-27DEC19-36000-P,8629.57,0.0,0.0,0.0,0.0,0.0,0.0,0.05324,-0.07624,-41.29747,0.0,-0.99949
8661.04,SYN.BTC-29NOV19,1573815540519,open,0.34,0.0,0.3025,0.362,0.33027123,80.22,None,0.0,BTC-29NOV19-11500-P,8629.57,0.0,0.01,1.0,0.0,0.0,0.0,1.49686,-4.32677,-4.24362,7e-05,-0.95858
9051.29,SYN.BTC-26JUN20,1573815540521,open,0.66,9.5,0.586,0.7205,0.64971182,77.91,0.6225,0.0,BTC-26JUN20-14000-P,8629.57,60.6,0.603,2.0,0.6615,2.0,81.97,26.00288,-4.52447,-72.65566,7e-05,-0.659
8724.54,BTC-27DEC19,1573815540534,open,0.0,461.5,0.0005,0.0145,0.00417797,92.3,0.0035,0.0,BTC-27DEC19-16000-C,8629.57,91.65,0.004,0.1,0.005,42.0,95.12,2.40324,-2.64858,0.33109,3e-05,0.03726
8896.04,BTC-27MAR20,1573815540534,open,0.02,456.8,0.006,0.0445,0.0195481,86.22,0.0195,0.0,BTC-27MAR20-20000-C,8629.57,84.7,0.018,19.6,0.021,22.0,87.6,9.23247,-2.99543,2.51776,4e-05,0.09729
8661.04,SYN.BTC-29NOV19,1573815540534,open,0.01,316.4,0.0005,0.0205,0.0038316,53.91,0.0035,0.0,BTC-29NOV19-7500-P,8629.57,48.72,0.0025,44.0,0.004,20.0,54.5,2.4514,-4.76191,-0.26786,0.00016,-0.07752
8661.04,SYN.BTC-29NOV19,1573815540534,open,0.0,366.7,0.0005,0.012,0.00200827,86.52,0.002,0.0,BTC-29NOV19-12000-C,8629.57,82.58,0.0015,20.0,0.003,56.5,92.72,1.22003,-3.80356,0.09959,5e-05,0.03226
8661.03,SYN.BTC-29NOV19,1573815540539,open,0.05,794.9,0.0355,0.0855,0.04737243,48.48,0.041,0.0,BTC-29NOV19-8500-C,8629.57,44.66,0.0445,0.1,0.0485,19.1,49.97,6.5364,-11.41754,1.80997,0.00047,0.59709
8724.54,BTC-27DEC19,1573815540570,open,0.51,99.0,0.464,0.5375,0.49836026,76.28,0.638,0.0,BTC-27DEC19-13000-P,8629.57,0.0,0.0,0.0,0.0,0.0,0.0,4.33552,-3.94852,-14.21093,7e-05,-0.92139
8724.54,BTC-27DEC19,1573815540597,open,0.0,1547.8,0.0005,0.012,0.00244708,86.6,0.0025,0.0,BTC-27DEC19-5000-P,8629.57,83.75,0.002,16.5,0.003,24.3,89.7,1.45781,-1.50733,-0.22914,2e-05,-0.02045
9051.29,SYN.BTC-26JUN20,1573815540628,open,0.02,8.9,0.007,0.054,0.02324137,94.06,0.0235,0.0,BTC-26JUN20-32000-C,8629.57,94.26,0.0235,0.5,0.024,6.0,94.65,11.43002,-2.40103,3.65878,2e-05,0.08915
8724.54,BTC-27DEC19,1573815540668,open,0.0,812.1,0.0005,0.0105,0.00082437,100.0,0.0015,0.0,BTC-27DEC19-4000-P,8629.57,94.01,0.0005,40.1,0.0015,36.0,108.56,0.55575,-0.66358,-0.07555,1e-05,-0.00672
8724.54,BTC-27DEC19,1573815540711,open,0.0,447.1,0.0005,0.0105,9.31e-06,100.0,0.0005,0.0,BTC-27DEC19-32000-C,8629.57,0.0,0.0,0.0,0.0005,1.0,133.46,0.01415,-0.01689,0.00113,0.0,0.00012
8724.54,BTC-27DEC19,1573815540711,open,0.0,695.7,0.0005,0.0105,2.11e-06,100.0,0.0005,0.0,BTC-27DEC19-36000-C,8629.57,0.0,0.0,0.0,0.001,44.7,153.52,0.00372,-0.00444,0.00028,0.0,3e-05
8724.54,BTC-27DEC19,1573815540711,open,0.0,604.5,0.0005,0.0105,4.84e-06,100.0,0.0005,0.0,BTC-27DEC19-2500-P,8629.57,0.0,0.0,0.0,0.001,193.0,159.75,0.00687,-0.00821,-0.00062,0.0,-6e-05
8661.04,SYN.BTC-29NOV19,1573815540714,open,0.01,558.7,0.0005,0.023,0.00693001,60.74,0.0075,0.0,BTC-29NOV19-10000-C,8629.57,58.34,0.006,27.8,0.008,36.0,63.34,3.45902,-7.5705,0.38584,0.0002,0.12412
8661.04,SYN.BTC-29NOV19,1573815540759,open,0.75,0.0,0.698,0.7685,0.73208427,100.34,None,0.0,BTC-29NOV19-15000-P,8629.57,0.0,0.02,1.0,0.0,0.0,0.0,0.1715,-0.62007,-5.69187,1e-05,-0.99663
8724.54,BTC-27DEC19,1573815540764,open,0.0,483.6,0.0005,0.0105,0.00022723,100.0,0.0005,0.0,BTC-27DEC19-3500-P,8629.57,0.0,0.0,0.0,0.001,43.9,118.76,0.19407,-0.23172,-0.02308,0.0,-0.00208
8724.54,BTC-27DEC19,1573815540805,open,0.06,556.0,0.0405,0.0925,0.06529699,58.45,0.0665,0.0,BTC-27DEC19-9000-C,8629.57,57.12,0.0635,19.6,0.067,8.0,59.71,11.76946,-8.21424,4.11963,0.00023,0.47687
8896.04,BTC-27MAR20,1573815540805,open,0.01,150.3,0.0035,0.034,0.01302138,91.99,0.0115,0.0,BTC-27MAR20-24000-C,8629.57,88.51,0.0105,35.6,0.0155,34.2,95.05,6.8419,-2.36831,1.69779,3e-05,0.06545
8724.54,BTC-27DEC19,1573815540805,open,0.0,899.4,0.0005,0.0155,0.00471475,86.24,0.0045,0.0,BTC-27DEC19-15000-C,8629.57,83.85,0.004,36.0,0.0055,24.0,88.63,2.73661,-2.81799,0.39041,4e-05,0.04372
185.55,ETH-27DEC19,1573815540821,open,0.0,10059.0,0.001,0.012,0.002822,105.0,0.004,0.0,ETH-27DEC19-400-C,183.3,91.88,0.001,2053.0,0.005,300.0,114.44,0.03518,-0.0441,0.00445,0.00085,0.02374
185.55,ETH-27DEC19,1573815540827,open,0.0,10059.0,0.001,0.012,0.002822,105.0,0.004,0.0,ETH-27DEC19-400-C,183.3,91.88,0.001,2353.0,0.005,300.0,114.44,0.03518,-0.0441,0.00445,0.00085,0.02374
8896.04,BTC-27MAR20,1573815540838,open,0.0,109.2,0.0005,0.015,0.0040749,100.0,0.0055,0.0,BTC-27MAR20-36000-C,8629.57,102.73,0.005,2.5,0.006,1.0,105.32,2.81077,-1.05766,0.5786,1e-05,0.02194
185.55,ETH-27DEC19,1573815540849,open,0.32,2287.0,0.268,0.362,0.314916,72.82,0.302,0.0,ETH-27DEC19-240-P,183.3,33.75,0.294,10.0,0.354,10.0,109.69,0.16422,-0.14278,-0.24184,0.00571,-0.8212
8724.54,BTC-27DEC19,1573815540858,open,1.09,9.4,1.0235,1.114,1.06584576,99.49,1.1125,0.0,BTC-27DEC19-18000-P,8629.57,0.0,0.0,0.0,0.0,0.0,0.0,1.65808,-1.96965,-20.43968,2e-05,-0.97619
9051.29,SYN.BTC-26JUN20,1573815540871,open,0.03,183.2,0.015,0.053,0.03072531,71.97,0.0295,0.0,BTC-26JUN20-5000-P,8629.57,69.81,0.028,26.9,0.033,8.1,73.72,11.60405,-1.86512,-6.75652,3e-05,-0.09098
185.55,ETH-27DEC19,1573815540886,open,0.02,6714.0,0.007,0.041,0.021464,72.89,0.022,0.0,ETH-27DEC19-240-C,183.3,70.04,0.019,667.0,0.024,667.0,75.69,0.16439,-0.14307,0.03356,0.00571,0.17909
190.44,SYN.ETH-26JUN20,1573815540886,open,0.04,108.0,0.015,0.075,0.041294,95.81,0.046,0.0,ETH-26JUN20-560-C,183.3,93.92,0.038,140.0,0.045,140.0,97.85,0.33842,-0.07241,0.12002,0.00159,0.14404
184.05,SYN.ETH-29NOV19,1573815540886,open,0.0,1947.0,0.001,0.013,0.003477,81.14,0.003,0.0,ETH-29NOV19-240-C,183.3,65.51,0.001,496.0,0.006,351.0,91.09,0.03988,-0.11659,0.0036,0.00382,0.05493
185.55,ETH-27DEC19,1573815540888,open,0.0,4534.0,0.001,0.011,6e-06,105.0,0.002,0.0,ETH-27DEC19-760-C,183.3,0.0,0.0,0.0,0.002,300.0,164.6,0.00019,-0.00024,1e-05,0.0,8e-05
185.55,ETH-27DEC19,1573815540888,open,0.0,16677.0,0.001,0.011,4.1e-05,105.0,0.001,0.0,ETH-27DEC19-640-C,183.3,0.0,0.0,0.0,0.002,300.0,148.04,0.00107,-0.00134,9e-05,3e-05,0.00048
188.79,ETH-27MAR20,1573815540891,open,1.58,0.0,1.476,1.658,1.563501,96.71,None,0.0,ETH-27MAR20-480-P,183.3,0.0,0.003,10.0,0.0,0.0,0.0,0.1933,-0.07034,-1.69619,0.00154,-0.90448
185.55,ETH-27DEC19,1573815540891,open,0.01,2966.0,0.004,0.029,0.014322,74.23,0.015,0.0,ETH-27DEC19-140-P,183.3,73.71,0.014,100.0,0.016,391.0,76.88,0.11537,-0.10226,-0.0257,0.00393,-0.10639
188.79,ETH-27MAR20,1573815540891,open,0.1,1284.0,0.062,0.144,0.104682,79.21,0.103,0.0,ETH-27MAR20-240-C,183.3,76.76,0.099,301.0,0.109,278.0,81.06,0.43895,-0.13083,0.20034,0.00427,0.39618
185.55,ETH-27DEC19,1573815540891,open,2.9,0.0,2.768,3.0,2.880367,105.0,None,0.0,ETH-27DEC19-720-P,183.3,0.0,0.003,5.0,0.0,0.0,0.0,0.00034,-0.00043,-0.82601,1e-05,-0.99986
188.79,ETH-27MAR20,1573815540893,open,0.01,5417.0,0.003,0.032,0.013658,103.81,0.015,0.0,ETH-27MAR20-600-C,183.3,101.49,0.012,95.0,0.015,220.0,105.57,0.14035,-0.05483,0.03367,0.00104,0.06265
190.44,SYN.ETH-26JUN20,1573815540893,open,0.31,40.0,0.263,0.358,0.3154,80.32,0.308,0.0,ETH-26JUN20-160-C,183.3,78.26,0.31,259.0,0.32,210.0,82.07,0.49955,-0.08961,0.47594,0.0028,0.72286
184.05,SYN.ETH-29NOV19,1573815540896,open,0.0,448.0,0.001,0.011,0.001493,101.56,0.001,0.0,ETH-29NOV19-280-C,183.3,0.0,0.0,0.0,0.003,301.0,113.29,0.01861,-0.06811,0.00141,0.00142,0.02169
188.79,ETH-27MAR20,1573815540898,open,0.1,4603.0,0.063,0.141,0.102498,76.32,0.1,0.0,ETH-27MAR20-160-P,183.3,73.6,0.097,10.0,0.107,267.0,78.55,0.38194,-0.10969,-0.26133,0.00386,-0.27774
185.55,ETH-27DEC19,1573815540898,open,0.1,1127.0,0.068,0.133,0.102226,65.08,0.1,0.0,ETH-27DEC19-180-C,183.3,61.09,0.097,289.0,0.106,340.0,67.96,0.24314,-0.18894,0.10552,0.00946,0.59792
185.55,ETH-27DEC19,1573815540900,open,0.23,2728.0,0.176,0.264,0.220524,69.33,0.274,0.0,ETH-27DEC19-220-P,183.3,57.58,0.208,10.0,0.237,13.0,83.38,0.20844,-0.17254,-0.20199,0.00761,-0.72835
184.05,SYN.ETH-29NOV19,1573815540900,open,0.75,0.0,0.689,0.793,0.738952,103.77,None,0.0,ETH-29NOV19-320-P,183.3,0.0,0.0,0.0,0.0,0.0,0.0,0.00447,-0.01673,-0.12137,0.00033,-0.99576
184.05,SYN.ETH-29NOV19,1573815540903,open,0.35,50.0,0.328,0.37,0.349094,105.14,0.344,0.0,ETH-29NOV19-120-C,183.3,0.0,0.338,18.0,0.359,18.0,165.02,0.01304,-0.04942,0.04454,0.00096,0.9857
188.79,ETH-27MAR20,1573815540905,open,0.05,718.0,0.022,0.083,0.050581,84.46,0.049,0.0,ETH-27MAR20-320-C,183.3,82.42,0.047,260.0,0.054,295.0,86.37,0.33507,-0.10649,0.11472,0.00306,0.2175
185.55,ETH-27DEC19,1573815540905,open,0.85,0.0,0.781,0.9,0.837844,96.46,None,0.0,ETH-27DEC19-340-P,183.3,0.0,0.001,5.0,0.0,0.0,0.0,0.06009,-0.06921,-0.38155,0.00158,-0.95451
188.79,ETH-27MAR20,1573815540905,open,0.58,20.0,0.566,0.6,0.582732,85.38,0.613,0.0,ETH-27MAR20-80-C,183.3,0.0,0.576,26.0,0.593,25.0,106.09,0.07134,-0.02292,0.26812,0.00064,0.97285
190.44,SYN.ETH-26JUN20,1573815540905,open,0.06,24.0,0.027,0.101,0.061655,91.16,0.076,0.0,ETH-26JUN20-440-C,183.3,89.51,0.058,140.0,0.066,438.0,93.08,0.4265,-0.08683,0.17006,0.0021,0.20724
185.55,ETH-27DEC19,1573815540909,open,0.74,101.0,0.677,0.79,0.731052,91.67,0.513,0.0,ETH-27DEC19-320-P,183.3,0.0,0.007,1.0,0.0,0.0,0.0,0.0697,-0.07629,-0.35684,0.00193,-0.94521
190.44,SYN.ETH-26JUN20,1573815540909,open,2.42,0.0,2.276,2.523,2.394959,99.13,None,0.0,ETH-26JUN20-640-P,183.3,0.0,0.0,0.0,0.0,0.0,0.0,0.29899,-0.06619,-3.82493,0.00136,-0.87963
190.44,SYN.ETH-26JUN20,1573815540912,open,2.0,0.0,1.873,2.098,1.981893,95.81,None,0.0,ETH-26JUN20-560-P,183.3,0.0,0.0,0.0,0.0,0.0,0.0,0.33842,-0.07241,-3.31479,0.00159,-0.85596
8661.04,SYN.BTC-29NOV19,1573815540930,open,0.0,155.6,0.0005,0.011,0.00145906,90.61,0.001,0.0,BTC-29NOV19-12500-C,8629.57,85.82,0.001,20.0,0.002,15.1,95.14,0.93306,-3.04652,0.07219,4e-05,0.02338
185.55,ETH-27DEC19,1573815540939,open,0.0,4100.0,0.001,0.013,0.003646,101.84,0.004,0.0,ETH-27DEC19-100-P,183.3,91.93,0.002,749.0,0.006,399.0,112.17,0.0364,-0.04426,-0.00604,0.0009,-0.02473
8724.54,BTC-27DEC19,1573815540939,open,0.37,73.5,0.358,0.39,0.37318164,78.79,0.266,0.0,BTC-27DEC19-5500-C,8629.57,0.0,0.3605,9.0,0.386,9.0,112.52,2.08182,-1.9586,5.96098,3e-05,0.96871
8896.04,BTC-27MAR20,1573815540939,open,0.01,57.8,0.0005,0.0215,0.0065923,99.72,0.0075,0.0,BTC-27MAR20-32000-C,8629.57,95.89,0.005,31.0,0.008,10.0,102.63,4.03601,-1.5144,0.88303,1e-05,0.03386
184.05,SYN.ETH-29NOV19,1573815540939,open,0.02,2605.0,0.006,0.045,0.017062,59.95,0.016,0.0,ETH-29NOV19-200-C,183.3,53.28,0.013,121.0,0.019,309.0,62.99,0.11568,-0.24988,0.01678,0.01499,0.25693
8661.04,SYN.BTC-29NOV19,1573815540944,open,0.24,0.6,0.2345,0.2685,0.25087275,76.71,0.243,0.0,BTC-29NOV19-6500-C,8629.57,0.0,0.24,6.0,0.2605,6.0,120.87,0.92306,-2.55161,2.39052,4e-05,0.97691
8724.54,BTC-27DEC19,1573815540960,open,0.63,268.3,0.575,0.6515,0.61082887,81.53,0.7205,0.0,BTC-27DEC19-14000-P,8629.57,0.0,0.0,0.0,0.0,0.0,0.0,3.41334,-3.32272,-15.54614,5e-05,-0.94231
185.55,ETH-27DEC19,1573815540984,open,1.06,0.0,0.99,1.12,1.05199,104.72,None,0.0,ETH-27DEC19-380-P,183.3,0.0,0.001,5.0,0.0,0.0,0.0,0.04583,-0.05731,-0.42988,0.00111,-0.96738
188.79,ETH-27MAR20,1573815541006,open,0.48,0.0,0.462,0.509,0.485808,80.51,None,0.0,ETH-27MAR20-100-C,183.3,0.0,0.47,23.0,0.501,23.0,98.55,0.13647,-0.04134,0.31185,0.00131,0.93956
8661.04,SYN.BTC-29NOV19,1573815541009,open,0.0,453.4,0.0005,0.0105,0.00018377,100.0,0.0005,0.0,BTC-29NOV19-15000-C,8629.57,0.0,0.0,0.0,0.001,5.0,120.38,0.16698,-0.6017,0.01016,1e-05,0.00327
190.44,SYN.ETH-26JUN20,1573815541009,open,1.59,0.0,1.473,1.679,1.573728,92.77,None,0.0,ETH-26JUN20-480-P,183.3,0.0,0.0,0.0,0.0,0.0,0.0,0.3936,-0.08155,-2.7941,0.00191,-0.81835
190.44,SYN.ETH-26JUN20,1573815541026,open,0.26,70.0,0.213,0.314,0.268443,80.32,0.261,0.0,ETH-26JUN20-180-C,183.3,78.78,0.264,262.0,0.274,220.0,82.25,0.54835,-0.09836,0.45379,0.00307,0.65694
190.44,SYN.ETH-26JUN20,1573815541026,open,0.37,60.0,0.324,0.41,0.370674,80.32,0.371,0.0,ETH-26JUN20-140-C,183.3,71.09,0.35,210.0,0.375,210.0,82.23,0.4308,-0.07728,0.48887,0.00241,0.7892
190.44,SYN.ETH-26JUN20,1573815541031,open,1.8,0.0,1.672,1.887,1.776498,93.98,None,0.0,ETH-26JUN20-520-P,183.3,0.0,0.0,0.0,0.0,0.0,0.0,0.36206,-0.076,-3.05688,0.00173,-0.84056
8724.54,BTC-27DEC19,1573815541038,open,0.01,1272.3,0.0005,0.015,0.00545225,72.04,0.0055,0.0,BTC-27DEC19-6000-P,8629.57,70.69,0.005,5.0,0.006,23.4,73.6,2.99077,-2.57253,-0.54335,5e-05,-0.04883
185.55,ETH-27DEC19,1573815541042,open,0.03,7107.0,0.014,0.058,0.03486,69.33,0.035,0.0,ETH-27DEC19-220-C,183.3,66.76,0.032,336.0,0.038,656.0,72.1,0.20844,-0.17254,0.05041,0.00761,0.27165
184.05,SYN.ETH-29NOV19,1573815541044,open,0.13,125.0,0.11,0.169,0.136986,60.52,0.13,0.0,ETH-29NOV19-160-C,183.3,0.0,0.12,15.0,0.156,16.0,100.41,0.0659,-0.14371,0.05293,0.00846,0.89355
188.79,ETH-27MAR20,1573815541046,open,0.01,830.0,0.001,0.016,0.006484,85.38,0.009,0.0,ETH-27MAR20-80-P,183.3,81.17,0.005,320.0,0.008,620.0,89.16,0.07134,-0.02292,-0.02312,0.00064,-0.02715
185.55,ETH-27DEC19,1573815541046,open,1.17,16.0,1.094,1.229,1.158576,105.0,1.195,0.0,ETH-27DEC19-400-P,183.3,0.0,0.001,8.0,0.0,0.0,0.0,0.03517,-0.04409,-0.45446,0.00085,-0.97626
184.05,SYN.ETH-29NOV19,1573815541048,open,0.0,2585.0,0.001,0.011,6.2e-05,105.0,0.002,0.0,ETH-29NOV19-100-P,183.3,0.0,0.0,0.0,0.001,100.0,142.39,0.00124,-0.00469,-8e-05,9e-05,-0.00103
188.79,ETH-27MAR20,1573815541051,open,0.3,20.0,0.234,0.35,0.29409,77.87,0.272,0.0,ETH-27MAR20-220-P,183.3,74.91,0.287,10.0,0.311,300.0,84.91,0.45256,-0.13261,-0.57059,0.00448,-0.53614
188.79,ETH-27MAR20,1573815541051,open,0.31,0.0,0.28,0.353,0.319232,76.32,None,0.0,ETH-27MAR20-140-C,183.3,61.45,0.296,22.0,0.346,1.0,92.2,0.30867,-0.08865,0.3376,0.00312,0.81044
190.44,SYN.ETH-26JUN20,1573815541051,open,0.19,361.0,0.139,0.243,0.195145,80.32,0.2,0.0,ETH-26JUN20-220-C,183.3,79.95,0.194,270.0,0.204,10.0,83.17,0.59285,-0.10635,0.3957,0.00332,0.53391
190.44,SYN.ETH-26JUN20,1573815541051,open,0.35,0.0,0.281,0.414,0.35038,80.32,None,0.0,ETH-26JUN20-220-P,183.3,31.19,0.2,10.0,0.412,1.0,100.27,0.59285,-0.10635,-0.95368,0.00332,-0.46609
184.05,SYN.ETH-29NOV19,1573815541056,open,0.53,0.0,0.478,0.572,0.522828,101.29,None,0.0,ETH-29NOV19-280-P,183.3,0.0,0.0,0.0,0.0,0.0,0.0,0.01839,-0.06711,-0.10505,0.00141,-0.97862
185.55,ETH-27DEC19,1573815541061,open,1.6,21.0,1.512,1.669,1.587558,105.0,0.629,0.0,ETH-27DEC19-480-P,183.3,0.0,0.001,7.0,0.0,0.0,0.0,0.01116,-0.014,-0.54949,0.00027,-0.9937
185.55,ETH-27DEC19,1573815541064,open,0.25,19.0,0.23,0.287,0.259809,74.23,0.205,0.0,ETH-27DEC19-140-C,183.3,0.0,0.245,50.0,0.0,0.0,0.0,0.11537,-0.10226,0.13492,0.00393,0.89361
185.55,ETH-27DEC19,1573815541064,open,0.0,6668.0,0.001,0.011,0.000655,105.0,0.001,0.0,ETH-27DEC19-480-C,183.3,109.88,0.001,100.0,0.003,40.0,125.73,0.01116,-0.014,0.0012,0.00027,0.0063
190.44,SYN.ETH-26JUN20,1573815541064,open,0.17,257.0,0.115,0.218,0.170395,81.47,0.174,0.0,ETH-26JUN20-240-C,183.3,80.7,0.168,274.0,0.178,10.0,83.9,0.59444,-0.10815,0.36471,0.00328,0.48263
190.44,SYN.ETH-26JUN20,1573815541069,open,0.03,74.0,0.011,0.065,0.034274,99.13,0.039,0.0,ETH-26JUN20-640-C,183.3,97.66,0.032,1.0,0.037,143.0,100.83,0.29899,-0.06619,0.10056,0.00136,0.12037
184.05,SYN.ETH-29NOV19,1573815541087,open,0.32,0.0,0.267,0.351,0.307479,81.03,None,0.0,ETH-29NOV19-240-P,183.3,0.0,0.0,0.0,0.0,0.0,0.0,0.03973,-0.116,-0.08765,0.00381,-0.94534
188.79,ETH-27MAR20,1573815541090,open,1.37,0.0,1.273,1.444,1.355601,93.88,None,0.0,ETH-27MAR20-440-P,183.3,0.0,0.002,10.0,0.0,0.0,0.0,0.21838,-0.07715,-1.54127,0.00179,-0.88698
188.79,ETH-27MAR20,1573815541090,open,0.96,6.0,0.871,1.024,0.945696,87.95,1.165,0.0,ETH-27MAR20-360-P,183.3,0.0,0.0,0.0,0.0,0.0,0.0,0.28911,-0.09568,-1.21985,0.00253,-0.82921
8724.57,BTC-27DEC19,1573815541092,open,0.74,211.2,0.687,0.7665,0.72401511,86.3,0.9295,0.0,BTC-27DEC19-15000-P,8629.57,0.0,0.0,0.0,0.0,0.0,0.0,2.74282,-2.82624,-16.81773,4e-05,-0.95616
8724.57,BTC-27DEC19,1573815541092,open,0.0,883.1,0.0005,0.011,0.0011873,100.0,0.0015,0.0,BTC-27DEC19-20000-C,8629.57,102.86,0.0015,16.7,0.002,4.0,106.67,0.87655,-1.0466,0.10129,1e-05,0.01131
185.55,ETH-27DEC19,1573815541092,open,1.39,0.0,1.303,1.448,1.37268,105.0,None,0.0,ETH-27DEC19-440-P,183.3,0.0,0.001,8.0,0.0,0.0,0.0,0.01995,-0.02501,-0.50249,0.00048,-0.98777
8724.57,BTC-27DEC19,1573815541092,open,0.48,21.6,0.474,0.4985,0.48567132,93.13,0.5285,0.0,BTC-27DEC19-4500-C,8629.57,0.0,0.477,10.0,0.4925,10.0,127.5,0.92438,-1.02794,5.02786,1e-05,0.98798
8724.57,BTC-27DEC19,1573815541094,open,0.54,30.9,0.5325,0.5535,0.54234429,99.93,0.5735,0.0,BTC-27DEC19-4000-C,8629.57,0.0,0.535,11.0,0.548,11.0,139.57,0.55355,-0.66046,4.51391,1e-05,0.99331
9051.29,SYN.BTC-26JUN20,1573815541094,open,0.01,85.9,0.0005,0.015,0.00529334,79.57,0.006,0.0,BTC-26JUN20-3000-P,8629.57,77.24,0.0045,0.1,0.006,8.0,81.48,3.22608,-0.57329,-1.32616,1e-05,-0.01859
188.79,ETH-27MAR20,1573815541104,open,0.02,2444.0,0.004,0.035,0.016028,97.11,0.021,0.0,ETH-27MAR20-520-C,183.3,93.37,0.013,564.0,0.019,220.0,100.41,0.162,-0.0592,0.04085,0.00129,0.07546
184.05,SYN.ETH-29NOV19,1573815541112,open,0.01,311.0,0.001,0.025,0.00632,60.47,0.008,0.0,ETH-29NOV19-160-P,183.3,49.71,0.003,350.0,0.009,490.0,67.43,0.06584,-0.14346,-0.00788,0.00845,-0.1063
8661.04,SYN.BTC-29NOV19,1573815541112,open,0.46,0.0,0.4155,0.478,0.44470947,90.66,None,0.0,BTC-29NOV19-12500-P,8629.57,0.0,0.0125,1.0,0.0,0.0,0.0,0.93533,-3.05564,-4.67956,4e-05,-0.97655
190.44,SYN.ETH-26JUN20,1573815541112,open,0.22,391.0,0.172,0.276,0.228706,80.32,0.229,0.0,ETH-26JUN20-200-C,183.3,79.43,0.226,266.0,0.235,45.0,82.39,0.57858,-0.10379,0.42614,0.00324,0.59353
8896.07,BTC-27MAR20,1573815541114,open,0.02,262.8,0.0085,0.0525,0.02516542,83.02,0.026,0.0,BTC-27MAR20-18000-C,8629.57,82.07,0.024,14.0,0.0265,22.0,84.09,10.97145,-3.42752,3.19249,5e-05,0.12374
8896.07,BTC-27MAR20,1573815541114,open,0.55,9.4,0.5435,0.571,0.55602537,77.97,0.585,0.0,BTC-27MAR20-4000-C,8629.57,0.0,0.5455,8.0,0.565,8.0,96.31,3.29748,-0.96743,13.519,1e-05,0.97346
190.44,SYN.ETH-26JUN20,1573815541118,open,0.44,0.0,0.357,0.499,0.430651,81.47,None,0.0,ETH-26JUN20-240-P,183.3,31.01,0.285,11.0,0.0,0.0,0.0,0.59444,-0.10815,-1.10735,0.00328,-0.51737
185.55,ETH-27DEC19,1573815541132,open,0.01,1586.0,0.001,0.022,0.008907,88.88,0.009,0.0,ETH-27DEC19-300-C,183.3,84.61,0.007,370.0,0.011,351.0,93.04,0.08821,-0.09361,0.01389,0.00251,0.07417
9051.29,SYN.BTC-26JUN20,1573815541141,open,0.48,0.0,0.4545,0.505,0.47831191,71.96,None,0.0,BTC-26JUN20-5000-C,8629.57,56.42,0.461,7.0,0.4975,7.0,85.75,11.60325,-1.86486,23.9122,3e-05,0.90903
185.55,ETH-27DEC19,1573815541155,open,0.0,907.0,0.001,0.014,0.004024,104.72,0.007,0.0,ETH-27DEC19-380-C,183.3,100.18,0.003,320.0,0.006,300.0,111.75,0.04583,-0.05731,0.00609,0.00111,0.03262
185.55,ETH-27DEC19,1573815541157,open,1.82,37.0,1.722,1.89,1.8028,105.0,0.707,0.0,ETH-27DEC19-520-P,183.3,0.0,0.002,25.0,0.0,0.0,0.0,0.00621,-0.00778,-0.59596,0.00015,-0.99673
185.55,ETH-27DEC19,1573815541170,open,0.07,4711.0,0.041,0.104,0.072315,65.08,0.075,0.0,ETH-27DEC19-180-P,183.3,63.32,0.07,294.0,0.077,634.0,68.66,0.24314,-0.18894,-0.10099,0.00946,-0.40208
188.79,ETH-27MAR20,1573815541170,open,0.19,62.0,0.152,0.238,0.198627,74.81,0.202,0.0,ETH-27MAR20-180-C,183.3,71.46,0.191,258.0,0.204,310.0,77.17,0.43016,-0.12109,0.29633,0.00443,0.6298
190.44,SYN.ETH-26JUN20,1573815541172,open,0.07,643.0,0.035,0.116,0.074052,90.08,0.078,0.0,ETH-26JUN20-400-C,183.3,88.82,0.071,100.0,0.077,435.0,91.27,0.46595,-0.09374,0.1964,0.00233,0.2422
185.55,ETH-27DEC19,1573815541192,open,0.35,2.0,0.336,0.382,0.359249,83.35,0.346,0.0,ETH-27DEC19-120-C,183.3,0.0,0.353,50.0,0.372,19.0,111.93,0.06064,-0.06035,0.12661,0.00184,0.95399
8896.07,BTC-27MAR20,1573815541196,open,0.44,52.6,0.373,0.479,0.42346471,72.96,0.355,0.0,BTC-27MAR20-12000-P,8629.57,0.0,0.059,1.0,0.4445,2.0,82.45,19.26547,-5.28922,-35.64442,9e-05,-0.67716
184.05,SYN.ETH-29NOV19,1573815541213,open,0.24,1.0,0.217,0.266,0.241892,82.61,0.289,0.0,ETH-29NOV19-140-C,183.3,0.0,0.239,50.0,0.254,16.0,127.2,0.02942,-0.08758,0.05041,0.00277,0.96237
185.55,ETH-27DEC19,1573815541219,open,0.46,0.0,0.446,0.483,0.464708,101.84,None,0.0,ETH-27DEC19-100-C,183.3,0.0,0.461,30.0,0.0,0.0,0.0,0.0364,-0.04426,0.10869,0.0009,0.97527
190.44,SYN.ETH-26JUN20,1573815541219,open,0.07,421.0,0.036,0.096,0.065426,80.32,0.061,0.0,ETH-26JUN20-120-P,183.3,76.72,0.059,499.0,0.068,210.0,81.74,0.34332,-0.06159,-0.24831,0.00192,-0.14716
188.79,ETH-27MAR20,1573815541221,open,1.79,0.0,1.68,1.869,1.770411,97.11,None,0.0,ETH-27MAR20-520-P,183.3,0.0,0.005,10.0,0.0,0.0,0.0,0.162,-0.0592,-1.85218,0.00129,-0.92454
185.55,ETH-27DEC19,1573815541221,open,0.0,11036.0,0.001,0.011,0.001352,105.0,0.002,0.0,ETH-27DEC19-440-C,183.3,101.37,0.001,2480.0,0.004,300.0,121.27,0.01995,-0.02501,0.00231,0.00048,0.01223
185.55,ETH-27DEC19,1573815541221,open,0.0,21058.0,0.001,0.011,8e-05,105.0,0.001,0.0,ETH-27DEC19-600-C,183.3,0.0,0.0,0.0,0.002,40.0,141.71,0.00192,-0.0024,0.00017,5e-05,0.0009
188.79,ETH-27MAR20,1573815541221,open,0.76,6.0,0.674,0.818,0.745586,84.46,0.725,0.0,ETH-27MAR20-320-P,183.3,0.0,0.0,0.0,0.776,1.0,100.3,0.33507,-0.10649,-1.05022,0.00306,-0.7825
188.79,ETH-27MAR20,1573815541221,open,2.0,0.0,1.884,2.085,1.980218,99.62,None,0.0,ETH-27MAR20-560-P,183.3,0.0,0.01,10.0,0.0,0.0,0.0,0.14568,-0.05461,-2.00306,0.00113,-0.93428
9051.29,SYN.BTC-26JUN20,1573815541229,open,0.14,190.1,0.091,0.1875,0.13681499,75.59,0.1355,0.0,BTC-26JUN20-12000-C,8629.57,75.65,0.137,5.0,0.1395,2.0,76.46,27.82346,-4.69691,16.189,7e-05,0.42842
190.44,SYN.ETH-26JUN20,1573815541229,open,0.99,0.0,0.888,1.066,0.977394,87.71,None,0.0,ETH-26JUN20-360-P,183.3,0.0,0.0,0.0,1.013,1.0,100.61,0.50183,-0.0983,-1.98297,0.00257,-0.72026
185.55,ETH-27DEC19,1573815541235,open,2.25,0.0,2.14,2.333,2.23371,105.0,0.953,0.0,ETH-27DEC19-600-P,183.3,0.0,0.0,0.0,0.0,0.0,0.0,0.00192,-0.0024,-0.68819,5e-05,-0.9991
184.05,SYN.ETH-29NOV19,1573815541235,open,0.64,0.0,0.583,0.683,0.630739,104.48,None,0.0,ETH-29NOV19-300-P,183.3,0.0,0.0,0.0,0.0,0.0,0.0,0.01025,-0.03857,-0.11334,0.00076,-0.98918
8896.07,BTC-27MAR20,1573815541246,open,3.09,0.0,2.9685,3.143,3.05084667,100.13,None,0.0,BTC-27MAR20-36000-P,8629.57,0.0,0.0005,1.0,0.0,0.0,0.0,2.83001,-1.06628,-130.47245,1e-05,-0.97788
190.44,SYN.ETH-26JUN20,1573815541255,open,0.08,188.0,0.044,0.13,0.087009,87.71,0.093,0.0,ETH-26JUN20-360-C,183.3,85.79,0.082,180.0,0.092,291.0,89.58,0.50183,-0.0983,0.22512,0.00257,0.27974
190.44,SYN.ETH-26JUN20,1573815541260,open,0.04,93.0,0.013,0.069,0.037205,97.36,0.045,0.0,ETH-26JUN20-600-C,183.3,95.39,0.034,140.0,0.04,140.0,99.01,0.31643,-0.06881,0.10903,0.00146,0.13055
190.44,SYN.ETH-26JUN20,1573815541266,open,0.01,184.0,0.001,0.016,0.006973,87.49,0.007,0.0,ETH-26JUN20-60-P,183.3,78.89,0.004,300.0,0.01,300.0,94.35,0.07609,-0.01487,-0.03299,0.00039,-0.02127
188.79,ETH-27MAR20,1573815541282,open,0.03,1180.0,0.014,0.054,0.032577,77.67,0.065,0.0,ETH-27MAR20-120-P,183.3,75.44,0.03,320.0,0.036,297.0,80.55,0.22087,-0.06456,-0.10131,0.00219,-0.11483
185.55,ETH-27DEC19,1573815541282,open,0.0,12762.0,0.001,0.011,2.1e-05,105.0,0.001,0.0,ETH-27DEC19-680-C,183.3,0.0,0.0,0.0,0.002,300.0,153.93,0.0006,-0.00075,5e-05,1e-05,0.00026
184.05,SYN.ETH-29NOV19,1573815541282,open,0.01,1944.0,0.001,0.019,0.005639,67.02,0.006,0.0,ETH-29NOV19-220-C,183.3,61.71,0.004,1.0,0.008,360.0,73.52,0.06147,-0.14844,0.00637,0.00712,0.09674
190.44,SYN.ETH-26JUN20,1573815541299,open,2.21,0.0,2.074,2.31,2.187846,97.36,None,0.0,ETH-26JUN20-600-P,183.3,0.0,0.0,0.0,0.0,0.0,0.0,0.31643,-0.06881,-3.57112,0.00146,-0.86945
190.44,SYN.ETH-26JUN20,1573815541299,open,1.39,0.0,1.276,1.472,1.372126,91.16,None,0.0,ETH-26JUN20-440-P,183.3,0.0,0.0,0.0,0.0,0.0,0.0,0.42651,-0.08684,-2.52872,0.0021,-0.79276
188.79,ETH-27MAR20,1573815541301,open,2.43,0.0,2.294,2.517,2.400799,103.81,None,0.0,ETH-27MAR20-640-P,183.3,0.0,0.0,0.0,0.0,0.0,0.0,0.11921,-0.04657,-2.30229,0.00089,-0.94907
188.79,ETH-27MAR20,1573815541303,open,0.06,354.0,0.032,0.091,0.060797,76.32,0.062,0.0,ETH-27MAR20-140-P,183.3,71.5,0.053,284.0,0.065,604.0,78.88,0.30867,-0.08865,-0.17206,0.00312,-0.18956
190.44,SYN.ETH-26JUN20,1573815541303,open,0.02,1.0,0.006,0.029,0.015796,81.21,0.017,0.0,ETH-26JUN20-80-P,183.3,80.15,0.015,250.0,0.016,1.0,81.48,0.14468,-0.02624,-0.07255,0.0008,-0.04632
185.55,ETH-27DEC19,1573815541313,open,0.01,515.0,0.001,0.015,0.005454,96.46,0.004,0.0,ETH-27DEC19-340-C,183.3,91.55,0.004,320.0,0.007,621.0,100.89,0.06009,-0.06921,0.00852,0.00158,0.04549
185.55,ETH-27DEC19,1573815541321,open,0.01,1683.0,0.001,0.024,0.01044,82.15,0.011,0.0,ETH-27DEC19-280-C,183.3,79.44,0.009,370.0,0.012,383.0,84.88,0.10222,-0.10026,0.01698,0.00315,0.09019
9051.32,SYN.BTC-26JUN20,1573815541321,open,2.15,0.0,2.044,2.2125,2.12146986,90.43,None,0.0,BTC-26JUN20-28000-P,8629.57,0.0,0.0005,1.0,0.0,0.0,0.0,13.1018,-2.64603,-167.33234,3e-05,-0.8926
190.44,SYN.ETH-26JUN20,1573815541332,open,0.11,330.0,0.066,0.145,0.105824,80.32,0.096,0.0,ETH-26JUN20-140-P,183.3,77.29,0.099,10.0,0.107,210.0,80.84,0.4308,-0.07728,-0.36984,0.00241,-0.2108
185.55,ETH-27DEC19,1573815541339,open,0.0,6174.0,0.001,0.011,1.1e-05,105.0,0.001,0.0,ETH-27DEC19-720-C,183.3,0.0,0.0,0.0,0.002,300.0,159.44,0.00034,-0.00043,3e-05,1e-05,0.00014
184.05,SYN.ETH-29NOV19,1573815541339,open,0.0,2217.0,0.001,0.012,0.00256,82.53,0.004,0.0,ETH-29NOV19-140-P,183.3,70.03,0.001,250.0,0.004,398.0,90.47,0.02934,-0.08725,-0.0028,0.00276,-0.0375
184.05,SYN.ETH-29NOV19,1573815541344,open,0.0,421.0,0.001,0.011,0.000737,105.0,0.004,0.0,ETH-29NOV19-300-C,183.3,0.0,0.0,0.0,0.003,300.0,127.94,0.01054,-0.03987,0.00073,0.00078,0.01118
188.79,ETH-27MAR20,1573815541351,open,0.01,886.0,0.003,0.032,0.013959,99.62,0.028,0.0,ETH-27MAR20-560-C,183.3,95.52,0.011,564.0,0.017,220.0,103.34,0.14568,-0.05461,0.03558,0.00113,0.06572
188.79,ETH-27MAR20,1573815541351,open,0.02,964.0,0.008,0.049,0.024969,93.88,0.022,0.0,ETH-27MAR20-440-C,183.3,92.14,0.023,15.0,0.027,560.0,95.6,0.21838,-0.07715,0.06052,0.00179,0.11302
185.55,ETH-27DEC19,1573815541351,open,0.01,6057.0,0.001,0.015,0.005975,83.35,0.007,0.0,ETH-27DEC19-120-P,183.3,80.23,0.005,360.0,0.008,756.0,89.09,0.06064,-0.06035,-0.01107,0.00184,-0.04601
190.44,SYN.ETH-26JUN20,1573815541353,open,0.16,611.0,0.106,0.202,0.155572,80.32,0.145,0.0,ETH-26JUN20-160-P,183.3,77.05,0.147,10.0,0.158,471.0,81.25,0.49955,-0.08961,-0.50543,0.0028,-0.27714
185.55,ETH-27DEC19,1573815541357,open,2.69,1.0,2.559,2.778,2.664802,105.0,2.792,0.0,ETH-27DEC19-680-P,183.3,0.0,0.0,0.0,0.0,0.0,0.0,0.0006,-0.00075,-0.7801,1e-05,-0.99974
184.05,SYN.ETH-29NOV19,1573815541370,open,0.04,511.0,0.018,0.072,0.032543,55.45,0.031,0.0,ETH-29NOV19-180-P,183.3,48.06,0.027,225.0,0.037,215.0,61.37,0.13841,-0.27657,-0.03009,0.01938,-0.39757
184.05,SYN.ETH-29NOV19,1573815541370,open,0.11,91.0,0.073,0.147,0.103745,59.94,0.101,0.0,ETH-29NOV19-200-P,183.3,36.19,0.091,10.0,0.112,10.0,72.51,0.11568,-0.24984,-0.05925,0.01499,-0.7431
185.55,ETH-27DEC19,1573815541386,open,0.64,1.0,0.573,0.682,0.625722,88.88,0.494,0.0,ETH-27DEC19-300-P,183.3,0.0,0.01,5.0,0.0,0.0,0.0,0.08821,-0.09361,-0.33029,0.00251,-0.92583
190.44,SYN.ETH-26JUN20,1573815541390,open,0.43,1.0,0.396,0.469,0.435297,80.32,0.478,0.0,ETH-26JUN20-120-C,183.3,71.01,0.419,210.0,0.449,210.0,87.78,0.34332,-0.06159,0.48772,0.00192,0.85284
185.55,ETH-27DEC19,1573815541395,open,0.0,10282.0,0.001,0.011,0.000159,105.0,0.001,0.0,ETH-27DEC19-560-C,183.3,124.64,0.001,1092.0,0.002,165.0,134.86,0.00345,-0.00432,0.00033,8e-05,0.00171
185.55,ETH-27DEC19,1573815541405,open,0.0,13024.0,0.001,0.011,0.000321,105.0,0.002,0.0,ETH-27DEC19-520-C,183.3,117.6,0.001,2.0,0.003,300.0,134.18,0.00621,-0.00778,0.00063,0.00015,0.00327
188.79,ETH-27MAR20,1573815541410,open,0.02,1452.0,0.006,0.043,0.020993,96.71,0.02,0.0,ETH-27MAR20-480-C,183.3,94.71,0.019,100.0,0.023,520.0,98.62,0.1933,-0.07034,0.05122,0.00154,0.09552
188.79,ETH-27MAR20,1573815541421,open,0.38,125.0,0.312,0.436,0.375936,79.21,0.37,0.0,ETH-27MAR20-240-P,183.3,77.08,0.371,10.0,0.438,1.0,105.35,0.43895,-0.13083,-0.67336,0.00427,-0.60382
185.55,ETH-27DEC19,1573815541429,open,3.12,1.0,2.977,3.222,3.095937,105.0,3.236,0.0,ETH-27DEC19-760-P,183.3,0.0,0.0,0.0,0.0,0.0,0.0,0.00019,-0.00024,-0.87192,0.0,-0.99992
190.44,SYN.ETH-26JUN20,1573815541431,open,1.19,0.0,1.081,1.269,1.17448,90.08,None,0.0,ETH-26JUN20-400-P,183.3,0.0,0.0,0.0,0.0,0.0,0.0,0.46595,-0.09374,-2.25703,0.00233,-0.7578
185.55,ETH-27DEC19,1573815541437,open,2.04,0.0,1.931,2.111,2.018214,105.0,0.845,0.0,ETH-27DEC19-560-P,183.3,0.0,0.0,0.0,0.0,0.0,0.0,0.00345,-0.00432,-0.64215,8e-05,-0.99829
190.44,SYN.ETH-26JUN20,1573815541437,open,0.05,0.0,0.021,0.09,0.053214,92.77,None,0.0,ETH-26JUN20-480-C,183.3,90.7,0.049,140.0,0.057,300.0,94.58,0.3936,-0.08155,0.15002,0.00191,0.18165
8661.02,SYN.BTC-29NOV19,1573815541450,open,0.0,519.5,0.0005,0.013,0.00313819,73.29,0.003,0.0,BTC-29NOV19-11000-C,8629.57,70.14,0.0025,35.0,0.004,22.3,77.02,1.86832,-4.9339,0.16951,9e-05,0.05462
184.05,SYN.ETH-29NOV19,1573815541451,open,0.0,569.0,0.001,0.011,0.000283,105.0,0.003,0.0,ETH-29NOV19-320-C,183.3,0.0,0.0,0.0,0.002,300.0,132.96,0.00488,-0.01847,0.00031,0.00036,0.00467
8896.01,BTC-27MAR20,1573815541451,open,0.21,257.0,0.1725,0.2485,0.20989312,68.05,0.212,0.0,BTC-27MAR20-8000-C,8629.57,66.72,0.207,23.3,0.2125,2.0,69.26,19.22918,-4.92414,15.18011,0.0001,0.67862
8895.98,BTC-27MAR20,1573815541469,open,0.07,1073.4,0.042,0.1135,0.07454059,72.95,0.072,0.0,BTC-27MAR20-12000-C,8629.57,71.08,0.0705,30.2,0.077,15.4,74.09,19.26444,-5.28852,8.04004,9e-05,0.3228
184.05,SYN.ETH-29NOV19,1573815541475,open,0.42,0.0,0.372,0.462,0.415188,94.0,None,0.0,ETH-29NOV19-260-P,183.3,0.0,0.0,0.0,0.0,0.0,0.0,0.02866,-0.09709,-0.09647,0.00237,-0.96355
185.55,ETH-27DEC19,1573815541480,open,0.17,1372.0,0.136,0.2,0.170052,66.88,0.17,0.0,ETH-27DEC19-160-C,183.3,57.58,0.161,380.0,0.175,340.0,71.73,0.1868,-0.14917,0.12953,0.00707,0.77854
184.05,SYN.ETH-29NOV19,1573815541480,open,0.0,1522.0,0.001,0.012,0.002494,94.0,0.001,0.0,ETH-29NOV19-260-C,183.3,81.61,0.001,1.0,0.004,351.0,102.34,0.02866,-0.09709,0.00238,0.00237,0.03645
185.55,ETH-27DEC19,1573815541484,open,0.42,946.0,0.368,0.466,0.415933,77.76,0.3,0.0,ETH-27DEC19-260-P,183.3,0.0,0.401,50.0,0.936,1.0,500.0,0.12955,-0.12028,-0.27476,0.00422,-0.87476
8895.98,BTC-27MAR20,1573815541476,open,0.03,1523.2,0.013,0.0635,0.03300943,79.03,0.0335,0.0,BTC-27MAR20-16000-C,8629.57,77.29,0.0305,34.8,0.035,27.0,80.37,13.08357,-3.89076,4.12713,6e-05,0.16045
185.55,ETH-27DEC19,1573815541488,open,0.06,10607.0,0.031,0.087,0.059259,66.46,0.056,0.0,ETH-27DEC19-200-C,183.3,63.98,0.056,310.0,0.062,360.0,68.53,0.2447,-0.19417,0.07524,0.00932,0.4127
185.55,ETH-27DEC19,1573815541488,open,0.53,310.0,0.469,0.573,0.519467,82.15,0.49,0.0,ETH-27DEC19-280-P,183.3,0.0,0.001,8.0,1.029,1.0,500.0,0.10222,-0.10026,-0.30426,0.00315,-0.90981
188.79,ETH-27MAR20,1573815541488,open,0.15,1800.0,0.105,0.197,0.152067,74.81,0.153,0.0,ETH-27MAR20-180-P,183.3,73.46,0.149,243.0,0.157,338.0,76.97,0.43016,-0.12109,-0.35895,0.00443,-0.3702
8661.02,SYN.BTC-29NOV19,1573815541489,open,0.0,519.5,0.0005,0.013,0.00313819,73.29,0.003,0.0,BTC-29NOV19-11000-C,8629.57,70.14,0.0025,20.0,0.004,22.3,77.02,1.86832,-4.9339,0.16951,9e-05,0.05462
190.44,SYN.ETH-26JUN20,1573815541488,open,0.8,1.0,0.701,0.87,0.786648,85.78,0.674,0.0,ETH-26JUN20-320-P,183.3,77.97,0.765,10.0,0.829,9.0,100.21,0.54091,-0.10363,-1.70006,0.00283,-0.6688
190.44,SYN.ETH-26JUN20,1573815541488,open,0.05,41.0,0.017,0.081,0.045941,93.98,0.052,0.0,ETH-26JUN20-520-C,183.3,91.32,0.041,440.0,0.051,440.0,96.58,0.36206,-0.076,0.13258,0.00173,0.15944
190.44,SYN.ETH-26JUN20,1573815541488,open,0.51,0.0,0.48,0.538,0.51071,80.85,None,0.0,ETH-26JUN20-100-C,183.3,37.77,0.476,1.0,0.0,0.0,0.0,0.24441,-0.04413,0.4651,0.00136,0.90889
190.44,SYN.ETH-26JUN20,1573815541488,open,0.04,10.0,0.017,0.057,0.035817,80.85,0.04,0.0,ETH-26JUN20-100-P,183.3,78.62,0.033,250.0,0.039,250.0,83.29,0.24441,-0.04413,-0.14826,0.00136,-0.09111
190.44,SYN.ETH-26JUN20,1573815541488,open,0.69,1.0,0.678,0.706,0.691908,87.49,0.69,0.0,ETH-26JUN20-60-C,183.3,0.0,0.684,31.0,0.701,30.0,105.46,0.07609,-0.01487,0.33502,0.00039,0.97873
188.79,ETH-27MAR20,1573815541490,open,0.07,1655.0,0.035,0.107,0.070701,81.59,0.074,0.0,ETH-27MAR20-280-C,183.3,79.29,0.066,260.0,0.075,388.0,83.65,0.38966,-0.11963,0.15044,0.00368,0.28959
188.79,ETH-27MAR20,1573815541490,open,1.16,3.0,1.07,1.231,1.148376,90.22,1.39,0.0,ETH-27MAR20-400-P,183.3,0.0,0.001,10.0,0.0,0.0,0.0,0.2462,-0.08358,-1.38436,0.0021,-0.86589
184.05,SYN.ETH-29NOV19,1573815541490,open,0.21,0.0,0.164,0.242,0.200995,67.02,None,0.0,ETH-29NOV19-220-P,183.3,0.0,0.0,0.0,0.0,0.0,0.0,0.06147,-0.14844,-0.07726,0.00712,-0.90326
8895.98,BTC-27MAR20,1573815541498,open,0.07,1073.4,0.042,0.1135,0.07454059,72.95,0.072,0.0,BTC-27MAR20-12000-C,8629.57,71.08,0.0705,30.2,0.077,2.0,74.09,19.26444,-5.28852,8.04004,9e-05,0.3228
8895.98,BTC-27MAR20,1573815541499,open,0.03,1523.2,0.013,0.0635,0.03300943,79.03,0.0335,0.0,BTC-27MAR20-16000-C,8629.57,77.29,0.0305,34.8,0.035,12.0,80.37,13.08357,-3.89076,4.12713,6e-05,0.16045
188.79,ETH-27MAR20,1573815541503,open,0.02,37.0,0.005,0.029,0.015497,80.51,0.017,0.0,ETH-27MAR20-100-P,183.3,76.92,0.013,320.0,0.018,620.0,83.86,0.13647,-0.04134,-0.05219,0.00131,-0.06044
185.55,ETH-27DEC19,1573815541509,open,0.96,257.0,0.885,1.01,0.945101,101.69,0.995,0.0,ETH-27DEC19-360-P,183.3,0.0,0.01,2.0,0.0,0.0,0.0,0.05404,-0.06562,-0.40558,0.00135,-0.96011
188.79,ETH-27MAR20,1573815541556,open,0.04,583.0,0.015,0.068,0.038815,87.95,0.037,0.0,ETH-27MAR20-360-C,183.3,86.08,0.036,260.0,0.042,300.0,90.0,0.28911,-0.09568,0.09071,0.00253,0.17079
188.79,ETH-27MAR20,1573815541556,open,0.16,1332.0,0.114,0.202,0.16143,77.23,0.165,0.0,ETH-27MAR20-200-C,183.3,73.71,0.153,565.0,0.164,265.0,78.3,0.45173,-0.13127,0.26257,0.00451,0.54347
188.79,ETH-27MAR20,1573815541556,open,0.12,268.0,0.083,0.169,0.128774,77.87,0.148,0.0,ETH-27MAR20-220-C,183.3,76.3,0.125,94.0,0.132,271.0,79.22,0.45256,-0.13261,0.2303,0.00448,0.46386
185.55,ETH-27DEC19,1573815541556,open,0.14,3453.0,0.097,0.176,0.137135,66.46,0.13,0.0,ETH-27DEC19-200-P,183.3,63.31,0.133,178.0,0.144,203.0,71.64,0.2447,-0.19417,-0.15422,0.00932,-0.5873
188.79,ETH-27MAR20,1573815541556,open,0.03,1211.0,0.01,0.056,0.02962,90.22,0.029,0.0,ETH-27MAR20-400-C,183.3,88.17,0.027,260.0,0.032,302.0,92.01,0.2462,-0.08358,0.07182,0.0021,0.13411
190.44,SYN.ETH-26JUN20,1573815541556,open,0.1,238.0,0.059,0.152,0.106306,85.78,0.108,0.0,ETH-26JUN20-320-C,183.3,83.9,0.101,180.0,0.111,287.0,87.43,0.54091,-0.10363,0.26269,0.00283,0.3312
188.79,ETH-27MAR20,1573815541571,open,2.22,0.0,2.09,2.303,2.191793,103.81,None,0.0,ETH-27MAR20-600-P,183.3,0.0,0.02,10.0,0.0,0.0,0.0,0.14035,-0.05482,-2.15059,0.00104,-0.93735
184.05,SYN.ETH-29NOV19,1573815541571,open,0.0,1027.0,0.001,0.011,0.001095,104.97,0.002,0.0,ETH-29NOV19-120-P,183.3,0.0,0.0,0.0,0.003,350.0,124.04,0.01296,-0.04901,-0.00107,0.00096,-0.01419
188.79,ETH-27MAR20,1573815541573,open,0.23,755.0,0.166,0.272,0.220808,77.23,0.207,0.0,ETH-27MAR20-200-P,183.3,75.22,0.216,10.0,0.227,181.0,79.82,0.45173,-0.13127,-0.46552,0.00451,-0.45653
190.44,SYN.ETH-26JUN20,1573815541573,open,0.59,0.0,0.575,0.616,0.59571,81.21,None,0.0,ETH-26JUN20-80-C,183.3,37.52,0.58,1.0,0.0,0.0,0.0,0.14468,-0.02624,0.41814,0.0008,0.95368
185.55,ETH-27DEC19,1573815541581,open,0.01,2048.0,0.001,0.017,0.006449,91.67,0.006,0.0,ETH-27DEC19-320-C,183.3,87.52,0.005,380.0,0.008,671.0,95.54,0.0697,-0.07629,0.01029,0.00193,0.05479
185.55,ETH-27DEC19,1573815541586,open,0.01,3663.0,0.004,0.031,0.014694,77.76,0.015,0.0,ETH-27DEC19-260-C,183.3,75.27,0.013,370.0,0.017,670.0,80.96,0.12955,-0.12028,0.02353,0.00422,0.12524
188.79,ETH-27MAR20,1573815541593,open,0.01,384.0,0.001,0.027,0.010789,103.81,0.009,0.0,ETH-27MAR20-640-C,183.3,100.82,0.009,220.0,0.012,1.0,105.67,0.11921,-0.04657,0.02758,0.00089,0.05093
185.55,ETH-27DEC19,1573815541593,open,2.47,0.0,2.349,2.556,2.449246,105.0,None,0.0,ETH-27DEC19-640-P,183.3,0.0,0.0,0.0,0.0,0.0,0.0,0.00107,-0.00134,-0.73417,3e-05,-0.99952
184.05,SYN.ETH-29NOV19,1573815541593,open,0.05,4035.0,0.035,0.094,0.054525,55.45,0.054,0.0,ETH-29NOV19-180-C,183.3,44.06,0.046,181.0,0.057,181.0,58.74,0.13841,-0.27657,0.03833,0.01938,0.60243
190.44,SYN.ETH-26JUN20,1573815541593,open,0.22,479.0,0.156,0.267,0.213636,80.32,0.207,0.0,ETH-26JUN20-180-P,183.3,76.98,0.204,10.0,0.217,445.0,81.49,0.54835,-0.09836,-0.65026,0.00307,-0.34306
185.55,ETH-27DEC19,1573815541595,open,0.03,12186.0,0.013,0.055,0.032353,66.88,0.031,0.0,ETH-27DEC19-160-P,183.3,63.51,0.029,674.0,0.036,624.0,70.46,0.1868,-0.14917,-0.05403,0.00707,-0.22146
185.55,ETH-27DEC19,1573815541595,open,0.0,1216.0,0.001,0.014,0.004923,101.69,0.005,0.0,ETH-27DEC19-360-C,183.3,94.06,0.003,620.0,0.007,620.0,108.08,0.05404,-0.06562,0.00744,0.00135,0.03989
188.79,ETH-27MAR20,1573815541595,open,0.25,767.0,0.21,0.293,0.254995,76.32,0.265,0.0,ETH-27MAR20-160-C,183.3,72.36,0.247,407.0,0.259,252.0,78.3,0.38194,-0.10969,0.32114,0.00386,0.72226
190.44,SYN.ETH-26JUN20,1573815541595,open,0.13,321.0,0.082,0.182,0.134275,84.18,0.144,0.0,ETH-26JUN20-280-C,183.3,82.43,0.129,461.0,0.139,281.0,85.74,0.57596,-0.10828,0.3096,0.00308,0.39933
190.44,SYN.ETH-26JUN20,1573815541595,open,0.28,80.0,0.215,0.338,0.27892,80.32,0.262,0.0,ETH-26JUN20-200-P,183.3,78.04,0.272,10.0,0.284,394.0,81.99,0.57858,-0.10379,-0.80058,0.00324,-0.40647
9051.32,SYN.BTC-26JUN20,1573815541652,open,0.05,219.1,0.0235,0.095,0.05289447,84.26,0.05,0.0,BTC-26JUN20-20000-C,8629.57,82.65,0.0495,0.5,0.052,7.0,83.84,19.34414,-3.64019,7.70818,5e-05,0.19174
8724.57,BTC-27DEC19,1573815541811,open,0.02,335.2,0.004,0.029,0.01394302,61.6,0.015,0.0,BTC-27DEC19-7000-P,8629.61,60.21,0.013,45.8,0.015,16.0,63.11,6.01674,-4.42526,-1.37124,0.00011,-0.12305
8724.57,BTC-27DEC19,1573815541811,open,5.02,0.8,4.8435,5.0815,4.96024062,149.18,3.59,0.0,BTC-27DEC19-52000-P,8629.61,0.0,0.001,1.0,0.0,0.0,0.0,0.05433,-0.09677,-59.65395,0.0,-0.99948
8724.57,BTC-27DEC19,1573815541811,open,0.0,685.2,0.0005,0.0105,0.00022158,100.0,0.001,0.0,BTC-27DEC19-24000-C,8629.61,107.8,0.0005,26.5,0.0015,16.0,121.26,0.22227,-0.2654,0.02195,0.0,0.00241
8724.61,BTC-27DEC19,1573815541811,open,0.12,519.2,0.0975,0.152,0.12462832,58.81,0.129,0.0,BTC-27DEC19-8000-C,8629.61,55.26,0.1205,16.7,0.126,8.0,59.98,10.2179,-7.17452,5.79565,0.0002,0.70364
8724.61,BTC-27DEC19,1573815541811,open,0.71,0.0,0.7035,0.723,0.71345481,88.82,None,0.0,BTC-27DEC19-2500-C,8629.61,0.0,0.706,14.0,0.72,14.0,215.18,0.00111,-0.00118,2.86811,0.0,0.99999
8896.07,BTC-27MAR20,1573815541811,open,3.54,1.0,3.409,3.5975,3.49893252,100.14,2.7125,0.0,BTC-27MAR20-40000-P,8629.61,0.0,0.0005,2.0,0.0,0.0,0.0,1.96357,-0.73989,-145.23364,1e-05,-0.98559
8896.07,BTC-27MAR20,1573815541812,open,0.12,576.2,0.081,0.159,0.11847436,68.43,0.12,0.0,BTC-27MAR20-10000-C,8629.61,67.82,0.117,26.7,0.121,1.9,69.48,21.35018,-5.49768,11.36374,0.00011,0.46936
8724.61,BTC-27DEC19,1573815541812,open,0.11,927.7,0.068,0.1285,0.0968766,58.46,0.098,0.0,BTC-27DEC19-9000-P,8629.61,56.7,0.0945,27.8,0.0975,2.0,58.92,11.7696,-8.21554,-6.20568,0.00023,-0.5231
8724.61,BTC-27DEC19,1573815541812,open,0.0,617.3,0.0005,0.0105,9.789e-05,100.0,0.0005,0.0,BTC-27DEC19-26000-C,8629.61,115.04,0.0005,0.3,0.0015,43.4,129.14,0.11106,-0.1326,0.0103,0.0,0.00113
8724.61,BTC-27DEC19,1573815541812,open,1.55,4.9,1.4725,1.5755,1.52214098,100.56,1.0385,0.0,BTC-27DEC19-22000-P,8629.61,0.0,0.0,0.0,0.0,0.0,0.0,0.46216,-0.55489,-25.19087,1e-05,-0.99454
8724.61,BTC-27DEC19,1573815541812,open,0.0,788.2,0.0005,0.0125,0.00267635,99.36,0.0025,0.0,BTC-27DEC19-18000-C,8629.61,95.44,0.002,36.0,0.0035,42.2,103.35,1.64868,-1.95602,0.20997,2e-05,0.02365
8896.07,BTC-27MAR20,1573815541813,open,0.12,329.8,0.074,0.149,0.10917413,68.06,0.115,0.0,BTC-27MAR20-8000-P,8629.61,66.36,0.1055,23.9,0.1105,2.0,68.67,19.22919,-4.92444,-13.94347,0.0001,-0.32137
8724.61,BTC-27DEC19,1573815541813,open,0.0,868.9,0.0005,0.0105,4.342e-05,100.0,0.0005,0.0,BTC-27DEC19-3000-P,8629.61,0.0,0.0,0.0,0.001,52.3,137.48,0.04748,-0.05669,-0.00492,0.0,-0.00045
8896.07,BTC-27MAR20,1573815541813,open,0.01,1260.0,0.0005,0.0155,0.00566658,77.98,0.005,0.0,BTC-27MAR20-4000-P,8629.61,74.63,0.0045,31.0,0.007,27.2,81.37,3.29892,-0.968,-1.04332,1e-05,-0.02655
8724.61,BTC-27DEC19,1573815541813,open,0.01,717.2,0.0005,0.022,0.00829383,76.24,0.0085,0.0,BTC-27DEC19-13000-C,8629.61,74.6,0.0075,24.7,0.009,14.0,77.63,4.33111,-3.94272,0.7028,7e-05,0.07851
9051.32,SYN.BTC-26JUN20,1573815541811,open,0.48,8.7,0.402,0.5285,0.46259942,75.59,0.4635,0.0,BTC-26JUN20-12000-P,8629.61,60.96,0.4185,3.0,0.465,2.0,76.37,27.82376,-4.69717,-57.41366,7e-05,-0.57156
8896.11,BTC-27MAR20,1573815541813,open,1.74,0.0,1.649,1.783,1.7108694,92.04,None,0.0,BTC-27MAR20-24000-P,8629.61,0.0,0.0005,5.0,0.0,0.0,0.0,6.85394,-2.37379,-85.66901,3e-05,-0.93441
8896.11,BTC-27MAR20,1573815541814,open,1.96,0.0,1.8685,2.008,1.93309869,93.75,None,0.0,BTC-27MAR20-26000-P,8629.61,0.0,0.0,0.0,0.0,0.0,0.0,5.82936,-2.05649,-93.26235,2e-05,-0.94664
8724.61,BTC-27DEC19,1573815541817,open,4.56,0.0,4.394,4.614,4.50172276,140.21,None,0.0,BTC-27DEC19-48000-P,8629.61,0.0,0.0005,1.0,0.0,0.0,0.0,0.04269,-0.07146,-55.06585,0.0,-0.9996
8724.61,BTC-27DEC19,1573815541819,open,2.47,0.2,2.3715,2.509,2.43859677,105.85,2.03,0.0,BTC-27DEC19-30000-P,8629.61,0.0,0.0,0.0,0.0,0.0,0.0,0.05698,-0.07202,-34.41339,0.0,-0.99945
8724.61,BTC-27DEC19,1573815541819,open,0.03,758.8,0.01,0.0435,0.02398105,59.03,0.0245,0.0,BTC-27DEC19-7500-P,8629.61,57.44,0.0225,39.9,0.0255,38.8,60.64,8.17043,-5.75913,-2.2009,0.00016,-0.1959
9051.32,SYN.BTC-26JUN20,1573815541811,open,1.5,0.0,1.403,1.5545,1.47294447,85.05,None,0.0,BTC-26JUN20-22000-P,8629.61,0.0,0.11,1.0,0.0,0.0,0.0,17.1481,-3.25735,-128.48605,4e-05,-0.84141
8661.05,SYN.BTC-29NOV19,1573815541812,open,0.13,68.2,0.12,0.164,0.13788238,53.9,0.1435,0.0,BTC-29NOV19-7500-C,8629.61,0.0,0.12,9.0,0.1465,9.0,76.75,2.45041,-4.759,2.58345,0.00016,0.92252
8645.17,SYN.BTC-22NOV19,1573815541811,open,0.11,12.8,0.0795,0.131,0.10371922,58.03,0.1035,0.0,BTC-22NOV19-9500-P,8629.61,49.22,0.1015,4.0,0.106,4.0,65.43,2.46047,-10.38366,-1.59174,0.0003,-0.87368
8661.05,SYN.BTC-29NOV19,1573815541811,open,0.0,5.7,0.0005,0.017,0.00538434,63.52,0.0055,0.0,BTC-29NOV19-10250-C,8629.61,60.77,0.0045,42.0,0.0065,37.8,66.71,2.90098,-6.64013,0.30206,0.00016,0.09712
8661.05,SYN.BTC-29NOV19,1573815541812,open,0.0,657.9,0.0005,0.011,0.00136297,76.74,0.003,0.0,BTC-29NOV19-6500-P,8629.61,73.01,0.001,10.0,0.002,54.1,82.03,0.92425,-2.5558,-0.08062,4e-05,-0.02312
9051.32,SYN.BTC-26JUN20,1573815541812,open,0.16,168.0,0.1125,0.2035,0.15574551,71.94,0.16,0.0,BTC-26JUN20-8000-P,8629.61,70.95,0.153,0.3,0.1565,6.0,72.22,24.94631,-4.00839,-25.75887,7e-05,-0.30824
8661.05,SYN.BTC-29NOV19,1573815541811,open,0.05,4.0,0.0285,0.0785,0.04308659,48.28,0.039,0.0,BTC-29NOV19-8750-P,8629.61,44.94,0.0405,16.7,0.044,2.0,49.45,6.7242,-11.69719,-1.86886,0.00049,-0.52452
8645.17,SYN.BTC-22NOV19,1573815541811,open,0.04,193.0,0.0175,0.0645,0.03294529,48.01,0.034,0.0,BTC-22NOV19-8750-P,8629.61,42.56,0.03,12.0,0.0335,2.0,49.03,4.6807,-16.34098,-0.965,0.00069,-0.55961
8645.17,SYN.BTC-22NOV19,1573815541813,open,0.07,30.8,0.0595,0.1045,0.07892796,50.13,0.084,0.0,BTC-22NOV19-8000-C,8629.61,42.39,0.077,4.0,0.081,2.0,57.01,2.41078,-8.78827,1.3002,0.00034,0.87732
8645.17,SYN.BTC-22NOV19,1573815541811,open,0.06,143.3,0.0335,0.0845,0.0527447,49.2,0.054,0.0,BTC-22NOV19-9000-P,8629.61,44.31,0.0505,5.5,0.0535,2.0,50.81,4.0424,-14.46364,-1.24688,0.00058,-0.7129
8661.05,SYN.BTC-29NOV19,1573815541811,open,0.01,13.3,0.0005,0.025,0.00902977,57.81,0.008,0.0,BTC-29NOV19-9750-C,8629.61,55.59,0.008,64.6,0.01,31.1,59.82,4.10935,-8.5606,0.49719,0.00025,0.16003
9051.32,SYN.BTC-26JUN20,1573815541811,open,2.59,0.0,2.4745,2.657,2.55864828,94.07,None,0.0,BTC-26JUN20-32000-P,8629.61,0.0,0.0,0.0,0.0,0.0,0.0,11.43352,-2.40202,-192.61449,2e-05,-0.91082
8645.17,SYN.BTC-22NOV19,1573815541811,open,0.0,493.5,0.0005,0.026,0.00727905,53.34,0.007,0.0,BTC-22NOV19-9250-C,8629.61,51.2,0.0065,16.0,0.009,37.0,57.85,3.19405,-12.39023,0.29355,0.00043,0.18753
9051.32,SYN.BTC-26JUN20,1573815541812,open,0.19,185.0,0.138,0.234,0.18459176,71.94,0.1885,0.0,BTC-26JUN20-10000-C,8629.61,72.07,0.185,11.8,0.1895,2.0,73.52,28.12515,-4.51876,19.82712,8e-05,0.54173
8661.05,SYN.BTC-29NOV19,1573815541817,open,0.08,369.7,0.071,0.121,0.08673458,48.94,0.0875,0.0,BTC-29NOV19-8000-C,8629.61,42.5,0.0835,4.0,0.0885,6.0,52.21,4.57537,-8.06949,2.38298,0.00033,0.81048
9051.32,SYN.BTC-26JUN20,1573815541815,open,0.23,133.1,0.169,0.272,0.21837735,71.94,0.227,0.0,BTC-26JUN20-9000-P,8629.61,70.15,0.213,8.5,0.221,2.0,72.82,27.10129,-4.35433,-33.50995,7e-05,-0.38522
8661.05,SYN.BTC-29NOV19,1573815541819,open,0.12,122.8,0.0865,0.145,0.10890005,54.93,0.123,0.0,BTC-29NOV19-9500-P,8629.61,49.55,0.106,26.0,0.1095,2.0,56.0,4.85411,-9.60858,-2.96275,0.00031,-0.79093
8661.05,SYN.BTC-29NOV19,1573815541812,open,0.02,16.5,0.0065,0.0415,0.01648914,52.29,0.015,0.0,BTC-29NOV19-9250-C,8629.61,49.99,0.015,20.3,0.0175,0.5,53.83,5.64646,-10.63981,0.85501,0.00038,0.27617
9051.32,SYN.BTC-26JUN20,1573815541814,open,1.93,0.0,1.8295,1.9935,1.90494827,89.21,None,0.0,BTC-26JUN20-26000-P,8629.61,0.0,0.0005,1.0,0.0,0.0,0.0,14.41626,-2.87243,-154.45387,3e-05,-0.87715
8661.05,SYN.BTC-29NOV19,1573815541813,open,0.07,291.6,0.0465,0.1025,0.06277705,50.74,0.0685,0.0,BTC-29NOV19-9000-P,8629.61,46.24,0.0595,19.0,0.063,2.0,51.04,6.3616,-11.63077,-2.28937,0.00044,-0.63254
184.05,SYN.ETH-29NOV19,1573815541830,open,0.45,1.0,0.44,0.472,0.456718,105.0,0.46,0.0,ETH-29NOV19-100-C,183.3,0.0,0.449,21.0,0.466,21.0,212.28,0.00124,-0.00469,0.03794,9e-05,0.99897
188.79,ETH-27MAR20,1573815541841,open,0.39,40.0,0.365,0.426,0.39695,77.67,0.459,0.0,ETH-27MAR20-120-C,183.3,49.45,0.371,22.0,0.418,22.0,94.33,0.22087,-0.06456,0.33554,0.00219,0.88517
184.05,SYN.ETH-29NOV19,1573815542206,open,0.09,0.0,0.062,0.121,0.09097,56.61,None,0.0,ETH-29NOV19-170-C,183.3,0.0,0.076,55.0,0.174,35.0,177.89,0.10607,-0.21635,0.04826,0.01455,0.78067
184.05,SYN.ETH-29NOV19,1573815542206,open,0.18,0.0,0.162,0.215,0.189208,72.56,None,0.0,ETH-29NOV19-150-C,183.3,0.0,0.184,30.0,0.439,1.0,500.0,0.04534,-0.11854,0.0522,0.00485,0.9353
183.67,SYN.ETH-22NOV19,1573815542248,open,0.08,181.0,0.051,0.11,0.080744,56.73,0.093,0.0,ETH-22NOV19-170-C,183.3,0.0,0.074,49.0,0.089,10.0,79.04,0.05904,-0.24357,0.02658,0.01638,0.849
183.67,SYN.ETH-22NOV19,1573815542248,open,0.02,579.0,0.005,0.048,0.020903,55.05,0.022,0.0,ETH-22NOV19-180-P,183.3,47.54,0.017,136.0,0.024,306.0,60.96,0.096,-0.38432,-0.01388,0.02744,-0.38023
183.67,SYN.ETH-22NOV19,1573815542248,open,0.01,1054.0,0.001,0.021,0.006797,60.29,0.01,0.0,ETH-22NOV19-200-C,183.3,60.89,0.007,1.0,0.01,50.0,69.19,0.06173,-0.27066,0.00536,0.01611,0.16158
185.55,ETH-27DEC19,1573815542454,open,0.0,10059.0,0.001,0.012,0.002822,105.0,0.004,0.0,ETH-27DEC19-400-C,183.3,91.88,0.001,2053.0,0.005,300.0,114.44,0.03517,-0.04409,0.00445,0.00085,0.02374
185.55,ETH-27DEC19,1573815542461,open,0.0,10059.0,0.001,0.012,0.002822,105.0,0.004,0.0,ETH-27DEC19-400-C,183.3,91.88,0.001,2353.0,0.005,300.0,114.44,0.03517,-0.04409,0.00445,0.00085,0.02374
8661.05,SYN.BTC-29NOV19,1573815543598,open,0.04,376.8,0.019,0.067,0.0287788,48.48,0.0265,0.0,BTC-29NOV19-8500-P,8629.61,44.12,0.0255,0.1,0.029,23.0,48.77,6.53639,-11.41846,-1.42135,0.00047,-0.40291
9051.42,SYN.BTC-26JUN20,1573815543967,open,1.71,0.0,1.6155,1.773,1.68800277,87.03,None,0.0,BTC-26JUN20-24000-P,8629.61,0.0,0.0005,1.0,0.0,0.0,0.0,15.61493,-3.03504,-141.5767,4e-05,-0.86212
188.79,ETH-27MAR20,1573815544042,open,0.56,166.0,0.486,0.621,0.55383,81.59,0.535,0.0,ETH-27MAR20-280-P,183.3,28.9,0.484,10.0,0.583,1.0,95.16,0.38966,-0.11963,-0.86888,0.00368,-0.71041
8724.68,BTC-27DEC19,1573815544056,open,2.24,0.2,2.1465,2.275,2.20935647,103.32,2.084,0.0,BTC-27DEC19-28000-P,8629.61,0.0,0.0,0.0,0.0,0.0,0.0,0.0808,-0.09968,-32.11654,0.0,-0.9992
8896.18,BTC-27MAR20,1573815544227,open,0.01,123.2,0.0005,0.025,0.00821521,99.06,0.0095,0.0,BTC-27MAR20-30000-C,8629.61,94.5,0.006,31.0,0.0105,31.0,103.02,4.7546,-1.77235,1.07409,2e-05,0.04138
9051.42,SYN.BTC-26JUN20,1573815544232,open,0.4,7.0,0.3655,0.4325,0.39802583,71.94,0.41,0.0,BTC-26JUN20-6000-C,8629.61,56.88,0.3715,7.0,0.4175,7.0,82.06,16.95616,-2.72439,24.76517,5e-05,0.8441
8724.68,BTC-27DEC19,1573815544240,open,0.0,562.6,0.0005,0.0105,5.1e-07,100.0,0.0005,0.0,BTC-27DEC19-40000-C,8629.61,0.0,0.0,0.0,0.0005,10.0,152.69,0.00102,-0.00121,7e-05,0.0,1e-05
190.44,SYN.ETH-26JUN20,1573815544242,open,0.61,0.0,0.524,0.681,0.604575,84.18,None,0.0,ETH-26JUN20-280-P,183.3,30.71,0.477,1.0,0.0,0.0,0.0,0.57596,-0.10828,-1.4078,0.00308,-0.60067
9051.42,SYN.BTC-26JUN20,1573815544270,open,0.07,94.9,0.035,0.093,0.06091223,71.94,0.0585,0.0,BTC-26JUN20-6000-P,8629.61,70.92,0.059,0.1,0.061,8.1,71.99,16.95654,-2.72458,-12.03698,5e-05,-0.1559
8724.68,BTC-27DEC19,1573815544286,open,0.42,66.8,0.416,0.4445,0.42935516,86.57,0.4645,0.0,BTC-27DEC19-5000-C,8629.61,0.0,0.419,9.0,0.438,9.0,117.93,1.456,-1.50497,5.5076,2e-05,0.97958
9051.44,SYN.BTC-26JUN20,1573815544309,open,0.57,0.5,0.5555,0.59,0.57123723,73.61,0.589,0.0,BTC-26JUN20-4000-C,8629.61,54.32,0.561,8.0,0.5835,8.0,87.94,6.61313,-1.08722,21.35453,2e-05,0.95588
8896.18,BTC-27MAR20,1573815544319,open,0.05,380.5,0.023,0.0835,0.04864069,76.27,0.049,0.0,BTC-27MAR20-14000-C,8629.61,74.52,0.0455,17.8,0.051,21.3,77.57,16.10067,-4.62102,5.71361,7e-05,0.22506
8724.68,BTC-27DEC19,1573815544319,open,0.65,10.0,0.6465,0.666,0.6561885,99.48,0.618,0.0,BTC-27DEC19-3000-C,8629.61,0.0,0.649,13.0,0.6625,13.0,184.62,0.04507,-0.05354,3.43719,0.0,0.99958
9051.44,SYN.BTC-26JUN20,1573815544331,open,0.02,75.1,0.0085,0.058,0.02599961,92.74,0.027,0.0,BTC-26JUN20-30000-C,8629.61,89.68,0.022,28.0,0.029,15.0,94.88,12.36077,-2.5603,4.05953,3e-05,0.09912
8724.68,BTC-27DEC19,1573815544380,open,0.31,112.4,0.3005,0.3365,0.31774167,72.02,0.385,0.0,BTC-27DEC19-6000-C,8629.61,0.0,0.3025,8.0,0.3295,8.0,97.13,2.98896,-2.57041,6.34076,5e-05,0.95121
8724.68,BTC-27DEC19,1573815544407,open,1.32,3.6,1.248,1.344,1.29355352,100.18,1.729,0.0,BTC-27DEC19-20000-P,8629.61,0.0,0.0,0.0,0.0,0.0,0.0,0.8862,-1.06005,-22.84304,1e-05,-0.98855
185.55,ETH-27DEC19,1573815544442,open,0.0,10059.0,0.001,0.012,0.002822,105.0,0.004,0.0,ETH-27DEC19-400-C,183.3,91.88,0.001,2053.0,0.005,300.0,114.44,0.03517,-0.04409,0.00445,0.00085,0.02374
184.05,SYN.ETH-29NOV19,1573815544445,open,0.45,1.0,0.44,0.472,0.456718,105.0,0.46,0.0,ETH-29NOV19-100-C,183.3,0.0,0.449,21.0,0.467,21.0,217.43,0.00124,-0.00469,0.03794,9e-05,0.99897
185.55,ETH-27DEC19,1573815544449,open,0.0,10059.0,0.001,0.012,0.002822,105.0,0.004,0.0,ETH-27DEC19-400-C,183.3,91.88,0.001,2353.0,0.005,300.0,114.44,0.03517,-0.04409,0.00445,0.00085,0.02374
8724.68,BTC-27DEC19,1573815544540,open,0.0,449.2,0.0005,0.0105,0.00050945,100.0,0.0005,0.0,BTC-27DEC19-22000-C,8629.61,99.81,0.0005,74.4,0.002,23.0,116.62,0.44363,-0.52969,0.0471,1e-05,0.00521
8896.18,BTC-27MAR20,1573815544581,open,0.01,85.8,0.0005,0.018,0.00521611,100.0,0.0065,0.0,BTC-27MAR20-34000-C,8629.61,98.03,0.0045,32.0,0.0075,10.0,105.3,3.387,-1.27449,0.71844,1e-05,0.0274
8896.18,BTC-27MAR20,1573815544581,open,0.03,511.9,0.0155,0.0555,0.03217681,69.86,0.032,0.0,BTC-27MAR20-6000-P,8629.61,68.91,0.031,1.0,0.0335,8.1,70.91,11.11492,-2.92174,-5.12476,6e-05,-0.12606
8724.68,BTC-27DEC19,1573815544581,open,0.0,405.3,0.0005,0.0135,0.00359424,78.83,0.004,0.0,BTC-27DEC19-5500-P,8629.61,76.21,0.003,66.0,0.0045,61.4,82.38,2.08407,-1.96149,-0.34954,3e-05,-0.03133
9051.44,SYN.BTC-26JUN20,1573815544583,open,0.01,201.3,0.0035,0.027,0.01316149,73.62,0.012,0.0,BTC-26JUN20-4000-P,8629.61,71.27,0.0115,29.0,0.015,9.0,76.06,6.61441,-1.08754,-3.18068,2e-05,-0.04413
8724.68,BTC-27DEC19,1573815544654,open,2.7,0.3,2.596,2.743,2.66779504,109.22,1.875,0.0,BTC-27DEC19-32000-P,8629.61,0.0,0.0,0.0,0.0,0.0,0.0,0.04639,-0.06049,-36.70895,0.0,-0.99956
8724.68,BTC-27DEC19,1573815544682,open,0.16,287.1,0.1395,0.19,0.16434203,59.03,0.173,0.0,BTC-27DEC19-7500-C,8629.61,24.88,0.1415,8.1,0.1665,2.0,61.31,8.16964,-5.75786,6.4041,0.00016,0.80413
9051.4,SYN.BTC-26JUN20,1573814365915,open,0.04,24.8,0.0175,0.0805,0.04233824,85.04,0.0435,0.0,BTC-26JUN20-22000-C,8629.61,82.69,0.038,27.0,0.046,5.0,86.94,17.14411,-3.2561,6.45085,4e-05,0.15853
9051.4,SYN.BTC-26JUN20,1573814977178,open,0.06,226.7,0.03,0.106,0.06239323,81.45,0.0627,0.0,BTC-26JUN20-18000-C,8629.61,79.11,0.057,25.5,0.067,14.5,83.39,21.20537,-3.85723,8.97086,5e-05,0.22398
9051.4,SYN.BTC-26JUN20,1573815296106,open,0.08,77.5,0.042,0.1255,0.07877635,79.6,0.073,0.0,BTC-26JUN20-16000-C,8629.61,77.75,0.074,25.1,0.083,5.0,81.21,23.59237,-4.19432,10.81433,6e-05,0.27357
9051.42,SYN.BTC-26JUN20,1573815503572,open,0.19,185.0,0.138,0.234,0.18459556,71.94,0.1885,0.0,BTC-26JUN20-10000-C,8629.61,72.07,0.185,11.8,0.1895,2.0,73.52,28.1254,-4.51874,19.82754,8e-05,0.54173
9051.4,SYN.BTC-26JUN20,1573815508601,open,0.22,46.5,0.1775,0.2725,0.22404783,71.94,0.237,0.0,BTC-26JUN20-9000-C,8629.61,71.09,0.2215,11.3,0.227,2.0,72.93,27.10145,-4.35424,21.69272,7e-05,0.61478
9051.44,SYN.BTC-26JUN20,1573814209679,open,0.02,75.1,0.0085,0.058,0.02599961,92.74,0.027,0.0,BTC-26JUN20-30000-C,8629.61,89.68,0.022,28.0,0.029,15.0,94.88,12.36077,-2.5603,4.05953,3e-05,0.09912
9051.44,SYN.BTC-26JUN20,1573813333920,open,0.01,201.3,0.0035,0.027,0.01316149,73.62,0.012,0.0,BTC-26JUN20-4000-P,8629.61,71.27,0.0115,29.0,0.015,9.0,76.06,6.61441,-1.08754,-3.18068,2e-05,-0.04413
9051.42,SYN.BTC-26JUN20,1573815513632,open,0.23,133.1,0.169,0.272,0.21836824,71.94,0.227,0.0,BTC-26JUN20-9000-P,8629.61,70.15,0.213,8.5,0.221,2.0,72.82,27.10139,-4.35441,-33.50967,7e-05,-0.38521
9051.4,SYN.BTC-26JUN20,1573815498527,open,0.27,25.1,0.228,0.3175,0.27189633,71.94,0.271,0.0,BTC-26JUN20-8000-C,8629.61,70.17,0.267,10.9,0.273,6.0,72.34,24.94635,-4.00826,23.31037,7e-05,0.69177
8724.64,BTC-27DEC19,1573815536107,open,0.01,717.2,0.0005,0.022,0.00829484,76.24,0.0085,0.0,BTC-27DEC19-13000-C,8629.61,74.6,0.0075,24.7,0.009,14.0,77.63,4.33136,-3.943,0.70285,7e-05,0.07851
8645.21,SYN.BTC-22NOV19,1573815533774,open,0.0,6.3,0.0005,0.0115,0.00181006,87.23,0.002,0.0,BTC-22NOV19-10750-C,8629.61,84.42,0.0015,20.0,0.003,56.2,96.0,1.00572,-6.37983,0.06088,8e-05,0.03919
8724.66,BTC-27DEC19,1573815260888,open,0.01,917.2,0.0025,0.0285,0.0121426,71.06,0.012,0.0,BTC-27DEC19-12000-C,8629.61,69.28,0.011,62.0,0.0135,24.0,73.09,5.71162,-4.84634,1.02268,9e-05,0.11431
8724.66,BTC-27DEC19,1573814710357,open,0.0,899.4,0.0005,0.0155,0.00471577,86.24,0.0045,0.0,BTC-27DEC19-15000-C,8629.61,83.85,0.004,36.0,0.0055,24.0,88.63,2.73696,-2.81837,0.39047,4e-05,0.04372
9051.32,SYN.BTC-26JUN20,1573815074937,open,0.04,10.5,0.014,0.073,0.03645713,87.01,0.04,0.0,BTC-26JUN20-24000-C,8629.61,84.66,0.0325,28.0,0.04,20.0,89.02,15.60915,-3.03338,5.62668,4e-05,0.13781
9051.42,SYN.BTC-26JUN20,1573814968380,open,0.03,183.2,0.015,0.053,0.03072206,71.97,0.0295,0.0,BTC-26JUN20-5000-P,8629.61,69.81,0.028,26.9,0.033,8.1,73.72,11.60379,-1.86507,-6.75626,3e-05,-0.09097
8724.68,BTC-27DEC19,1573812001585,open,0.0,868.9,0.0005,0.0105,4.342e-05,100.0,0.0005,0.0,BTC-27DEC19-3000-P,8629.61,0.0,0.0,0.0,0.001,52.3,137.49,0.04747,-0.05668,-0.00492,0.0,-0.00045
8724.64,BTC-27DEC19,1573813033214,open,0.0,106.3,0.0005,0.0105,2.3e-07,100.0,0.0005,0.0,BTC-27DEC19-2000-P,8629.61,0.0,0.0,0.0,0.001,44.0,187.27,0.00044,-0.00052,-3e-05,0.0,0.0
8724.64,BTC-27DEC19,1573815531250,open,0.0,617.3,0.0005,0.0105,9.79e-05,100.0,0.0005,0.0,BTC-27DEC19-26000-C,8629.61,115.04,0.0005,0.3,0.0015,43.4,129.14,0.11107,-0.13262,0.0103,0.0,0.00113
8724.64,BTC-27DEC19,1573814823788,open,0.01,971.0,0.0005,0.018,0.00614265,81.48,0.006,0.0,BTC-27DEC19-14000-C,8629.61,79.79,0.0055,20.0,0.007,24.0,83.6,3.40801,-3.31566,0.51479,5e-05,0.05757
8724.64,BTC-27DEC19,1573814040441,open,0.0,738.1,0.0005,0.011,0.00146117,93.18,0.0015,0.0,BTC-27DEC19-4500-P,8629.61,88.29,0.001,0.1,0.002,25.0,97.76,0.92648,-1.03082,-0.13526,1e-05,-0.01205
8724.66,BTC-27DEC19,1573812148682,open,0.0,483.6,0.0005,0.0105,0.00022717,100.0,0.0005,0.0,BTC-27DEC19-3500-P,8629.61,0.0,0.0,0.0,0.001,43.9,118.77,0.19404,-0.23168,-0.02308,0.0,-0.00208
8724.64,BTC-27DEC19,1573815509029,open,0.02,1053.8,0.007,0.0395,0.01978406,66.42,0.0185,0.0,BTC-27DEC19-11000-C,8629.61,64.95,0.0185,39.5,0.021,12.8,67.77,7.73791,-6.13621,1.59762,0.00013,0.17939
8724.66,BTC-27DEC19,1573814018692,open,0.0,812.1,0.0005,0.0105,0.00082418,100.0,0.0015,0.0,BTC-27DEC19-4000-P,8629.61,94.01,0.0005,40.1,0.0015,36.0,108.56,0.55568,-0.66349,-0.07554,1e-05,-0.00672
8724.66,BTC-27DEC19,1573813033159,open,0.0,695.7,0.0005,0.0105,2.11e-06,100.0,0.0005,0.0,BTC-27DEC19-36000-C,8629.61,0.0,0.0,0.0,0.001,44.7,153.52,0.00372,-0.00444,0.00028,0.0,3e-05
8724.68,BTC-27DEC19,1573814989989,open,0.0,405.3,0.0005,0.0135,0.00359424,78.83,0.004,0.0,BTC-27DEC19-5500-P,8629.61,76.21,0.003,66.0,0.0045,61.4,82.38,2.08407,-1.96149,-0.34954,3e-05,-0.03133
8724.66,BTC-27DEC19,1573815390222,open,0.01,572.1,0.0005,0.02,0.00833844,65.79,0.009,0.0,BTC-27DEC19-6500-P,8629.61,64.02,0.0075,36.0,0.0095,38.6,68.12,4.22671,-3.32025,-0.84445,7e-05,-0.07603
8724.66,BTC-27DEC19,1573815536105,open,0.0,788.2,0.0005,0.0125,0.0026767,99.36,0.0025,0.0,BTC-27DEC19-18000-C,8629.61,95.44,0.002,36.0,0.0035,42.2,103.35,1.64878,-1.95615,0.20998,2e-05,0.02365
8724.66,BTC-27DEC19,1573813033143,open,0.0,604.5,0.0005,0.0105,4.84e-06,100.0,0.0005,0.0,BTC-27DEC19-2500-P,8629.61,0.0,0.0,0.0,0.001,193.0,159.75,0.00687,-0.00821,-0.00062,0.0,-6e-05
8724.64,BTC-27DEC19,1573815531426,open,0.11,927.7,0.068,0.1285,0.09686659,58.46,0.098,0.0,BTC-27DEC19-9000-P,8629.61,56.7,0.0945,27.8,0.0975,2.0,58.92,11.76965,-8.21503,-6.20563,0.00023,-0.5231
8896.14,BTC-27MAR20,1573815508595,open,0.12,576.2,0.081,0.159,0.1184777,68.43,0.12,0.0,BTC-27MAR20-10000-C,8629.61,67.82,0.117,26.7,0.121,1.9,69.48,21.35037,-5.49769,11.36398,0.00011,0.46937
8724.68,BTC-27DEC19,1573815531220,open,0.02,335.2,0.004,0.029,0.01394166,61.6,0.015,0.0,BTC-27DEC19-7000-P,8629.61,60.22,0.013,45.8,0.015,16.0,63.11,6.01645,-4.42509,-1.37114,0.00011,-0.12304
8724.66,BTC-27DEC19,1573815502558,open,0.06,556.0,0.0405,0.0925,0.06530634,58.45,0.0665,0.0,BTC-27DEC19-9000-C,8629.61,57.12,0.0635,19.6,0.067,8.0,59.71,11.76967,-8.21455,4.11992,0.00023,0.4769
8896.16,BTC-27MAR20,1573815398636,open,0.02,456.8,0.006,0.0445,0.01954996,86.22,0.0195,0.0,BTC-27MAR20-20000-C,8629.61,84.7,0.018,19.6,0.021,22.0,87.59,9.23299,-2.99561,2.51793,4e-05,0.0973
8724.66,BTC-27DEC19,1573815519811,open,0.12,519.2,0.0975,0.152,0.12463601,58.81,0.129,0.0,BTC-27DEC19-8000-C,8629.61,55.26,0.1205,16.7,0.126,8.0,59.97,10.21783,-7.17459,5.79572,0.0002,0.70365
8724.64,BTC-27DEC19,1573813033171,open,0.0,349.0,0.0005,0.0105,3e-08,100.0,0.0005,0.0,BTC-27DEC19-48000-C,8629.61,0.0,0.0,0.0,0.001,43.0,179.02,9e-05,-0.0001,1e-05,0.0,0.0
8896.14,BTC-27MAR20,1573815275514,open,0.01,218.2,0.004,0.0375,0.01533741,88.76,0.015,0.0,BTC-27MAR20-22000-C,8629.61,85.96,0.013,34.6,0.0175,24.2,91.14,7.78092,-2.59877,2.00931,3e-05,0.07738
8896.16,BTC-27MAR20,1573813344644,open,0.01,150.3,0.0035,0.034,0.01302265,91.99,0.0115,0.0,BTC-27MAR20-24000-C,8629.61,88.5,0.0105,35.6,0.0155,34.2,95.05,6.84232,-2.36847,1.69792,3e-05,0.06545
8896.18,BTC-27MAR20,1573815263883,open,0.02,262.8,0.0085,0.0525,0.02516773,83.02,0.026,0.0,BTC-27MAR20-18000-C,8629.61,82.07,0.024,14.0,0.0265,22.0,84.09,10.97196,-3.42769,3.19268,5e-05,0.12375
8896.16,BTC-27MAR20,1573812458130,open,0.01,49.6,0.0005,0.0275,0.00954295,97.06,0.0095,0.0,BTC-27MAR20-28000-C,8629.61,93.41,0.0075,31.5,0.0115,31.0,100.13,5.35361,-1.95529,1.24378,2e-05,0.04795
8724.66,BTC-27DEC19,1573815499116,open,0.03,758.8,0.01,0.0435,0.02397805,59.03,0.0245,0.0,BTC-27DEC19-7500-P,8629.61,57.44,0.0225,39.9,0.0255,38.8,60.65,8.17023,-5.75894,-2.2008,0.00016,-0.19589
8896.16,BTC-27MAR20,1573813334769,open,0.01,57.8,0.0005,0.0215,0.00659287,99.72,0.0075,0.0,BTC-27MAR20-32000-C,8629.61,95.89,0.005,31.0,0.008,10.0,102.63,4.0362,-1.51448,0.88308,1e-05,0.03386
8896.18,BTC-27MAR20,1573815390278,open,0.05,380.5,0.023,0.0835,0.04864069,76.27,0.049,0.0,BTC-27MAR20-14000-C,8629.61,74.52,0.0455,17.8,0.051,21.3,77.57,16.10067,-4.62102,5.71361,7e-05,0.22506
8896.18,BTC-27MAR20,1573813852285,open,0.01,123.2,0.0005,0.025,0.00821548,99.06,0.0095,0.0,BTC-27MAR20-30000-C,8629.61,94.5,0.006,31.0,0.0105,31.0,103.02,4.7546,-1.77235,1.07409,2e-05,0.04138
8661.1,SYN.BTC-29NOV19,1573815536120,open,0.0,5.7,0.0005,0.017,0.00538518,63.52,0.0055,0.0,BTC-29NOV19-10250-C,8629.61,60.77,0.0045,42.0,0.0065,37.8,66.71,2.9011,-6.64032,0.30207,0.00016,0.09713
8896.14,BTC-27MAR20,1573815499507,open,0.16,128.7,0.119,0.1985,0.1578101,68.04,0.159,0.0,BTC-27MAR20-9000-C,8629.61,67.49,0.1565,16.1,0.16,2.0,68.96,21.08075,-5.3972,13.35696,0.00011,0.57024
8896.18,BTC-27MAR20,1573815499744,open,0.12,329.8,0.074,0.149,0.10916881,68.06,0.115,0.0,BTC-27MAR20-8000-P,8629.61,66.36,0.1055,23.9,0.1105,2.0,68.67,19.22916,-4.92443,-13.94312,0.0001,-0.32136
8896.16,BTC-27MAR20,1573813334329,open,0.01,92.5,0.0005,0.029,0.01045037,93.72,0.0125,0.0,BTC-27MAR20-26000-C,8629.61,91.4,0.009,31.0,0.0115,0.5,95.28,5.8218,-2.05305,1.38673,2e-05,0.05327
8896.18,BTC-27MAR20,1573814365917,open,0.01,85.8,0.0005,0.018,0.00521611,100.0,0.0065,0.0,BTC-27MAR20-34000-C,8629.61,98.03,0.0045,32.0,0.0075,10.0,105.3,3.387,-1.27449,0.71844,1e-05,0.0274
8661.1,SYN.BTC-29NOV19,1573815390188,open,0.0,321.9,0.0005,0.015,0.00450505,67.13,0.004,0.0,BTC-29NOV19-10500-C,8629.61,65.34,0.004,35.0,0.0055,39.2,70.4,2.50904,-6.0695,0.24837,0.00013,0.07994
8661.05,SYN.BTC-29NOV19,1573815218824,open,0.0,435.2,0.0005,0.0105,0.00090925,89.24,0.0015,0.0,BTC-29NOV19-6000-P,8629.61,82.18,0.0005,25.5,0.0015,36.1,96.4,0.60344,-1.94047,-0.04916,2e-05,-0.01402
8724.66,BTC-27DEC19,1573815339614,open,0.0,1547.8,0.0005,0.012,0.00244656,86.6,0.0025,0.0,BTC-27DEC19-5000-P,8629.61,83.76,0.002,16.5,0.003,24.3,89.71,1.45766,-1.50716,-0.22912,2e-05,-0.02044
8661.11,SYN.BTC-29NOV19,1573815121352,open,0.0,366.7,0.0005,0.012,0.00200887,86.52,0.002,0.0,BTC-29NOV19-12000-C,8629.61,82.58,0.0015,20.0,0.003,56.5,92.72,1.22018,-3.80407,0.0996,5e-05,0.03226
8896.11,BTC-27MAR20,1573815321524,open,0.07,84.8,0.0365,0.0945,0.06267552,68.23,0.061,0.0,BTC-27MAR20-7000-P,8629.61,66.71,0.06,28.7,0.064,10.0,68.98,15.69698,-4.03016,-9.0032,8e-05,-0.21532
8896.14,BTC-27MAR20,1573815498578,open,0.01,1260.0,0.0005,0.0155,0.00566618,77.98,0.005,0.0,BTC-27MAR20-4000-P,8629.61,74.63,0.0045,31.0,0.007,27.2,81.37,3.29887,-0.96799,-1.04329,1e-05,-0.02655
8661.11,SYN.BTC-29NOV19,1573815273974,open,0.0,155.6,0.0005,0.011,0.00145935,90.61,0.001,0.0,BTC-29NOV19-12500-C,8629.61,85.82,0.001,20.0,0.002,15.1,95.13,0.93314,-3.04675,0.07219,4e-05,0.02339
8896.14,BTC-27MAR20,1573815499719,open,0.18,62.5,0.128,0.215,0.16948482,68.04,0.177,0.0,BTC-27MAR20-9000-P,8629.61,66.15,0.165,20.5,0.171,2.0,68.68,21.08071,-5.39745,-19.40702,0.00011,-0.42976
183.67,SYN.ETH-22NOV19,1573814260918,open,0.0,22.0,0.001,0.012,0.002687,81.1,0.003,0.0,ETH-22NOV19-220-C,183.3,67.64,0.001,2.0,0.005,396.0,93.19,0.02951,-0.17403,0.00194,0.00573,0.05868
183.67,SYN.ETH-22NOV19,1573815168241,open,0.02,579.0,0.005,0.048,0.020903,55.05,0.022,0.0,ETH-22NOV19-180-P,183.3,47.54,0.017,136.0,0.024,306.0,60.96,0.096,-0.38432,-0.01388,0.02744,-0.38023
183.67,SYN.ETH-22NOV19,1573815139839,open,0.01,1054.0,0.001,0.021,0.006798,60.29,0.01,0.0,ETH-22NOV19-200-C,183.3,60.89,0.007,1.0,0.01,50.0,69.19,0.06173,-0.27066,0.00536,0.01611,0.16158
183.67,SYN.ETH-22NOV19,1573815423040,open,0.06,92.0,0.023,0.085,0.051032,55.28,0.032,0.0,ETH-22NOV19-190-P,183.3,40.82,0.044,166.0,0.062,181.0,76.46,0.09251,-0.37185,-0.02455,0.02634,-0.65863
8661.05,SYN.BTC-29NOV19,1573815311440,open,0.0,1093.7,0.0005,0.011,0.00122559,96.1,0.0005,0.0,BTC-29NOV19-13000-C,8629.61,85.57,0.0005,48.5,0.002,37.5,103.32,0.78442,-2.71623,0.05868,3e-05,0.01905
8896.11,BTC-27MAR20,1573814976882,open,0.02,198.2,0.005,0.03,0.0147071,73.24,0.015,0.0,BTC-27MAR20-5000-P,8629.61,71.6,0.0135,0.1,0.016,27.2,74.92,6.6957,-1.84527,-2.53771,3e-05,-0.06365
183.67,SYN.ETH-22NOV19,1573815533797,open,0.04,396.0,0.016,0.07,0.040882,55.05,0.045,0.0,ETH-22NOV19-180-C,183.3,37.78,0.032,253.0,0.044,1.0,61.0,0.096,-0.38432,0.02003,0.02744,0.61977
190.44,SYN.ETH-26JUN20,1573815521713,open,0.16,611.0,0.106,0.202,0.155572,80.32,0.145,0.0,ETH-26JUN20-160-P,183.3,77.05,0.147,10.0,0.158,471.0,81.25,0.49955,-0.08961,-0.50543,0.0028,-0.27714
183.67,SYN.ETH-22NOV19,1573809834844,open,0.0,51.0,0.001,0.012,0.00201,91.19,0.003,0.0,ETH-22NOV19-230-C,183.3,81.12,0.001,20.0,0.004,300.0,104.44,0.02234,-0.14812,0.00136,0.00385,0.0414
183.67,SYN.ETH-22NOV19,1573815465151,open,0.02,476.0,0.003,0.04,0.016565,55.28,0.019,0.0,ETH-22NOV19-190-C,183.3,48.09,0.013,317.0,0.02,306.0,62.02,0.09251,-0.37185,0.01124,0.02634,0.34137
8661.11,SYN.BTC-29NOV19,1573815143969,open,0.0,657.9,0.0005,0.011,0.00136299,76.74,0.003,0.0,BTC-29NOV19-6500-P,8629.61,73.01,0.001,10.0,0.002,54.1,82.03,0.92425,-2.55587,-0.08062,4e-05,-0.02312
190.44,SYN.ETH-26JUN20,1573815332444,open,0.28,80.0,0.215,0.338,0.278921,80.32,0.262,0.0,ETH-26JUN20-200-P,183.3,78.04,0.272,10.0,0.284,394.0,81.99,0.57858,-0.10379,-0.80058,0.00324,-0.40647
190.44,SYN.ETH-26JUN20,1573815138924,open,0.07,421.0,0.036,0.096,0.065426,80.32,0.061,0.0,ETH-26JUN20-120-P,183.3,76.72,0.059,499.0,0.068,210.0,81.74,0.34332,-0.06159,-0.24831,0.00192,-0.14716
190.44,SYN.ETH-26JUN20,1573815533796,open,0.22,391.0,0.172,0.276,0.228707,80.32,0.229,0.0,ETH-26JUN20-200-C,183.3,79.43,0.226,266.0,0.235,45.0,82.39,0.57858,-0.10379,0.42614,0.00324,0.59353
183.67,SYN.ETH-22NOV19,1573815512684,open,0.1,131.0,0.062,0.131,0.095711,60.29,0.123,0.0,ETH-22NOV19-200-P,183.3,0.0,0.088,119.0,0.106,89.0,86.32,0.06173,-0.27066,-0.03232,0.01611,-0.83842
190.44,SYN.ETH-26JUN20,1573815332176,open,0.22,479.0,0.156,0.267,0.213636,80.32,0.207,0.0,ETH-26JUN20-180-P,183.3,76.98,0.204,10.0,0.217,445.0,81.49,0.54835,-0.09836,-0.65026,0.00307,-0.34306
183.67,SYN.ETH-22NOV19,1573811015862,open,0.0,123.0,0.001,0.012,0.002911,69.32,0.003,0.0,ETH-22NOV19-160-P,183.3,55.64,0.001,550.0,0.005,454.0,79.53,0.03276,-0.16516,-0.00242,0.00744,-0.06711
190.44,SYN.ETH-26JUN20,1573815215627,open,0.17,257.0,0.115,0.218,0.170394,81.47,0.174,0.0,ETH-26JUN20-240-C,183.3,80.7,0.168,274.0,0.178,10.0,83.9,0.59444,-0.10815,0.36471,0.00328,0.48263
190.44,SYN.ETH-26JUN20,1573815422691,open,0.26,70.0,0.213,0.314,0.268444,80.32,0.261,0.0,ETH-26JUN20-180-C,183.3,78.78,0.264,262.0,0.274,220.0,82.25,0.54835,-0.09836,0.45379,0.00307,0.65694
190.44,SYN.ETH-26JUN20,1573813871574,open,0.07,643.0,0.035,0.116,0.074052,90.08,0.078,0.0,ETH-26JUN20-400-C,183.3,88.82,0.071,100.0,0.077,435.0,91.27,0.46595,-0.09374,0.1964,0.00233,0.2422
190.44,SYN.ETH-26JUN20,1573815138051,open,0.08,188.0,0.044,0.13,0.087009,87.71,0.093,0.0,ETH-26JUN20-360-C,183.3,85.79,0.082,180.0,0.092,291.0,89.58,0.50183,-0.0983,0.22512,0.00257,0.27974
190.44,SYN.ETH-26JUN20,1573815332335,open,0.05,0.0,0.021,0.09,0.053214,92.77,None,0.0,ETH-26JUN20-480-C,183.3,90.7,0.049,140.0,0.057,300.0,94.58,0.3936,-0.08155,0.15002,0.00191,0.18165
190.44,SYN.ETH-26JUN20,1573809240448,open,0.01,184.0,0.001,0.016,0.006973,87.49,0.007,0.0,ETH-26JUN20-60-P,183.3,78.89,0.004,300.0,0.01,300.0,94.35,0.07609,-0.01487,-0.03299,0.00039,-0.02127
190.44,SYN.ETH-26JUN20,1573815215618,open,0.31,40.0,0.263,0.358,0.315401,80.32,0.308,0.0,ETH-26JUN20-160-C,183.3,78.26,0.31,259.0,0.32,210.0,82.07,0.49955,-0.08961,0.47594,0.0028,0.72286
190.44,SYN.ETH-26JUN20,1573815530792,open,0.1,238.0,0.059,0.152,0.106306,85.78,0.108,0.0,ETH-26JUN20-320-C,183.3,83.9,0.101,180.0,0.111,287.0,87.43,0.54091,-0.10363,0.26269,0.00283,0.3312
185.55,ETH-27DEC19,1573815422073,open,0.1,1127.0,0.068,0.133,0.102227,65.08,0.1,0.0,ETH-27DEC19-180-C,183.3,61.09,0.097,289.0,0.106,340.0,67.96,0.24314,-0.18894,0.10552,0.00946,0.59792
190.44,SYN.ETH-26JUN20,1573815142243,open,0.05,41.0,0.017,0.081,0.045941,93.98,0.052,0.0,ETH-26JUN20-520-C,183.3,91.32,0.041,440.0,0.051,440.0,96.58,0.36206,-0.076,0.13258,0.00173,0.15944
185.55,ETH-27DEC19,1573815242327,open,0.07,4711.0,0.041,0.104,0.072316,65.08,0.075,0.0,ETH-27DEC19-180-P,183.3,63.32,0.07,294.0,0.077,634.0,68.66,0.24314,-0.18894,-0.10099,0.00946,-0.40208
190.44,SYN.ETH-26JUN20,1573813871698,open,0.06,24.0,0.027,0.101,0.061656,91.16,0.076,0.0,ETH-26JUN20-440-C,183.3,89.51,0.058,140.0,0.066,438.0,93.08,0.42651,-0.08684,0.17006,0.0021,0.20725
190.44,SYN.ETH-26JUN20,1573815430155,open,0.13,321.0,0.082,0.182,0.134275,84.18,0.144,0.0,ETH-26JUN20-280-C,183.3,82.43,0.129,461.0,0.139,281.0,85.74,0.57596,-0.10828,0.3096,0.00308,0.39933
185.55,ETH-27DEC19,1573814624687,open,0.01,2966.0,0.004,0.029,0.014323,74.24,0.015,0.0,ETH-27DEC19-140-P,183.3,73.71,0.014,100.0,0.016,391.0,76.88,0.11537,-0.10226,-0.0257,0.00393,-0.10639
185.55,ETH-27DEC19,1573813875287,open,0.01,3663.0,0.004,0.031,0.014694,77.76,0.015,0.0,ETH-27DEC19-260-C,183.3,75.27,0.013,370.0,0.017,670.0,80.96,0.12955,-0.12028,0.02353,0.00422,0.12524
185.55,ETH-27DEC19,1573814789049,open,0.0,4100.0,0.001,0.013,0.003646,101.84,0.004,0.0,ETH-27DEC19-100-P,183.3,91.93,0.002,749.0,0.006,399.0,112.17,0.0364,-0.04426,-0.00604,0.0009,-0.02473
183.67,SYN.ETH-22NOV19,1573805617416,open,0.0,3.0,0.001,0.011,0.000995,98.76,0.001,0.0,ETH-22NOV19-140-P,183.3,0.0,0.0,0.0,0.002,300.0,111.19,0.01179,-0.08464,-0.0007,0.00188,-0.01919
185.55,ETH-27DEC19,1573814633802,open,0.01,6057.0,0.001,0.015,0.005975,83.35,0.007,0.0,ETH-27DEC19-120-P,183.3,80.23,0.005,360.0,0.008,756.0,89.09,0.06064,-0.06036,-0.01107,0.00184,-0.04601
190.44,SYN.ETH-26JUN20,1573815332231,open,0.19,361.0,0.139,0.243,0.195146,80.32,0.2,0.0,ETH-26JUN20-220-C,183.3,79.95,0.194,270.0,0.204,10.0,83.17,0.59285,-0.10635,0.3957,0.00332,0.53392
185.55,ETH-27DEC19,1573814806822,open,0.01,1683.0,0.001,0.024,0.01044,82.15,0.011,0.0,ETH-27DEC19-280-C,183.3,79.44,0.009,370.0,0.012,383.0,84.88,0.10222,-0.10026,0.01698,0.00315,0.09019
185.55,ETH-27DEC19,1573814675117,open,0.03,7107.0,0.014,0.058,0.03486,69.33,0.035,0.0,ETH-27DEC19-220-C,183.3,66.76,0.032,336.0,0.038,656.0,72.1,0.20844,-0.17254,0.05041,0.00761,0.27165
185.55,ETH-27DEC19,1573815171570,open,0.06,10607.0,0.031,0.087,0.059258,66.46,0.056,0.0,ETH-27DEC19-200-C,183.3,63.98,0.056,310.0,0.062,360.0,68.53,0.2447,-0.19417,0.07524,0.00932,0.4127
185.55,ETH-27DEC19,1573808553050,open,0.0,4534.0,0.001,0.011,6e-06,105.0,0.002,0.0,ETH-27DEC19-760-C,183.3,0.0,0.0,0.0,0.002,300.0,164.6,0.00019,-0.00024,1e-05,0.0,8e-05
185.55,ETH-27DEC19,1573813871419,open,0.0,16677.0,0.001,0.011,4.1e-05,105.0,0.001,0.0,ETH-27DEC19-640-C,183.3,0.0,0.0,0.0,0.002,300.0,148.04,0.00107,-0.00134,9e-05,3e-05,0.00048
185.55,ETH-27DEC19,1573808720256,open,0.0,6174.0,0.001,0.011,1.1e-05,105.0,0.001,0.0,ETH-27DEC19-720-C,183.3,0.0,0.0,0.0,0.002,300.0,159.44,0.00034,-0.00043,3e-05,1e-05,0.00014
185.55,ETH-27DEC19,1573815180086,open,0.02,6714.0,0.007,0.041,0.021464,72.89,0.022,0.0,ETH-27DEC19-240-C,183.3,70.04,0.019,667.0,0.024,667.0,75.69,0.16439,-0.14307,0.03356,0.00571,0.17909
185.55,ETH-27DEC19,1573814586281,open,0.01,1586.0,0.001,0.022,0.008907,88.88,0.009,0.0,ETH-27DEC19-300-C,183.3,84.61,0.007,370.0,0.011,351.0,93.04,0.08821,-0.09361,0.01389,0.00251,0.07417
185.55,ETH-27DEC19,1573815099970,open,0.03,12186.0,0.013,0.055,0.032354,66.88,0.031,0.0,ETH-27DEC19-160-P,183.3,63.51,0.029,674.0,0.036,624.0,70.46,0.1868,-0.14917,-0.05403,0.00707,-0.22147
185.55,ETH-27DEC19,1573813875285,open,0.0,907.0,0.001,0.014,0.004024,104.72,0.007,0.0,ETH-27DEC19-380-C,183.3,100.18,0.003,320.0,0.006,300.0,111.75,0.04583,-0.05731,0.00609,0.00111,0.03262
185.55,ETH-27DEC19,1573813871386,open,0.0,11036.0,0.001,0.011,0.001352,105.0,0.002,0.0,ETH-27DEC19-440-C,183.3,101.37,0.001,2480.0,0.004,300.0,121.27,0.01995,-0.02501,0.00231,0.00048,0.01223
188.79,ETH-27MAR20,1573815511549,open,0.12,268.0,0.083,0.169,0.128773,77.87,0.148,0.0,ETH-27MAR20-220-C,183.3,76.3,0.125,94.0,0.132,271.0,79.22,0.45256,-0.13261,0.2303,0.00448,0.46386
188.79,ETH-27MAR20,1573815223645,open,0.1,4603.0,0.063,0.141,0.102497,76.32,0.1,0.0,ETH-27MAR20-160-P,183.3,73.6,0.097,10.0,0.107,267.0,78.55,0.38194,-0.10969,-0.26133,0.00386,-0.27774
185.55,ETH-27DEC19,1573813871179,open,0.0,1216.0,0.001,0.014,0.004923,101.69,0.005,0.0,ETH-27DEC19-360-C,183.3,94.06,0.003,620.0,0.007,620.0,108.08,0.05404,-0.06562,0.00744,0.00135,0.03989
188.79,ETH-27MAR20,1573815485745,open,0.15,1800.0,0.105,0.197,0.152067,74.81,0.153,0.0,ETH-27MAR20-180-P,183.3,73.46,0.149,243.0,0.157,338.0,76.97,0.43016,-0.12109,-0.35895,0.00443,-0.3702
188.79,ETH-27MAR20,1573815090883,open,0.03,1211.0,0.01,0.056,0.02962,90.22,0.029,0.0,ETH-27MAR20-400-C,183.3,88.17,0.027,260.0,0.032,302.0,92.01,0.2462,-0.08358,0.07182,0.0021,0.13411
188.79,ETH-27MAR20,1573815202470,open,0.16,1332.0,0.114,0.202,0.161431,77.23,0.165,0.0,ETH-27MAR20-200-C,183.3,73.71,0.153,565.0,0.164,265.0,78.3,0.45173,-0.13127,0.26257,0.00451,0.54347
188.79,ETH-27MAR20,1573813875225,open,0.02,2444.0,0.004,0.035,0.016028,97.11,0.021,0.0,ETH-27MAR20-520-C,183.3,93.37,0.013,564.0,0.019,220.0,100.41,0.162,-0.0592,0.04085,0.00129,0.07546
188.79,ETH-27MAR20,1573815533803,open,0.23,755.0,0.166,0.272,0.220809,77.23,0.207,0.0,ETH-27MAR20-200-P,183.3,75.22,0.216,10.0,0.227,181.0,79.82,0.45173,-0.13127,-0.46552,0.00451,-0.45653
184.05,SYN.ETH-29NOV19,1573814430843,open,0.0,1947.0,0.001,0.013,0.003476,81.13,0.003,0.0,ETH-29NOV19-240-C,183.3,65.51,0.001,496.0,0.006,351.0,91.09,0.03987,-0.11657,0.0036,0.00382,0.05492
185.55,ETH-27DEC19,1573808720253,open,0.0,12762.0,0.001,0.011,2.1e-05,105.0,0.001,0.0,ETH-27DEC19-680-C,183.3,0.0,0.0,0.0,0.002,300.0,153.93,0.0006,-0.00075,5e-05,1e-05,0.00026
185.55,ETH-27DEC19,1573813871446,open,0.0,13024.0,0.001,0.011,0.000321,105.0,0.002,0.0,ETH-27DEC19-520-C,183.3,117.6,0.001,2.0,0.003,300.0,134.18,0.00621,-0.00778,0.00063,0.00015,0.00327
185.55,ETH-27DEC19,1573815167557,open,0.14,3453.0,0.097,0.176,0.137135,66.46,0.13,0.0,ETH-27DEC19-200-P,183.3,63.31,0.133,178.0,0.144,203.0,71.64,0.2447,-0.19417,-0.15422,0.00932,-0.5873
185.55,ETH-27DEC19,1573814607389,open,0.01,515.0,0.001,0.015,0.005454,96.46,0.004,0.0,ETH-27DEC19-340-C,183.3,91.55,0.004,320.0,0.007,621.0,100.89,0.06009,-0.06921,0.00852,0.00158,0.04549
188.79,ETH-27MAR20,1573815129792,open,0.04,583.0,0.015,0.068,0.038816,87.95,0.037,0.0,ETH-27MAR20-360-C,183.3,86.08,0.036,260.0,0.042,300.0,90.0,0.28911,-0.09568,0.09071,0.00253,0.17079
188.79,ETH-27MAR20,1573813866793,open,0.02,964.0,0.008,0.049,0.024969,93.88,0.022,0.0,ETH-27MAR20-440-C,183.3,92.14,0.023,15.0,0.027,560.0,95.6,0.21839,-0.07715,0.06052,0.00179,0.11302
188.79,ETH-27MAR20,1573813865451,open,0.02,1452.0,0.006,0.043,0.020993,96.71,0.02,0.0,ETH-27MAR20-480-C,183.3,94.71,0.019,100.0,0.023,520.0,98.62,0.1933,-0.07034,0.05122,0.00154,0.09552
184.05,SYN.ETH-29NOV19,1573815242324,open,0.04,511.0,0.018,0.072,0.032543,55.45,0.031,0.0,ETH-29NOV19-180-P,183.3,48.06,0.027,225.0,0.037,215.0,61.37,0.13841,-0.27656,-0.03009,0.01938,-0.39757
188.79,ETH-27MAR20,1573813875271,open,0.03,1180.0,0.014,0.054,0.032577,77.67,0.065,0.0,ETH-27MAR20-120-P,183.3,75.44,0.03,320.0,0.036,297.0,80.55,0.22087,-0.06456,-0.10131,0.00219,-0.11483
188.79,ETH-27MAR20,1573815533809,open,0.1,1284.0,0.062,0.144,0.104681,79.21,0.103,0.0,ETH-27MAR20-240-C,183.3,76.76,0.099,301.0,0.109,278.0,81.06,0.43895,-0.13083,0.20034,0.00427,0.39618
188.79,ETH-27MAR20,1573815129763,open,0.05,718.0,0.022,0.083,0.050581,84.46,0.049,0.0,ETH-27MAR20-320-C,183.3,82.42,0.047,260.0,0.054,295.0,86.37,0.33507,-0.10649,0.11472,0.00306,0.2175
184.05,SYN.ETH-29NOV19,1573815423041,open,0.0,421.0,0.001,0.011,0.000737,105.0,0.004,0.0,ETH-29NOV19-300-C,183.3,0.0,0.0,0.0,0.003,300.0,127.94,0.01054,-0.03987,0.00073,0.00078,0.01118
184.05,SYN.ETH-29NOV19,1573815424031,open,0.0,569.0,0.001,0.011,0.000283,105.0,0.003,0.0,ETH-29NOV19-320-C,183.3,0.0,0.0,0.0,0.002,300.0,132.96,0.00488,-0.01847,0.00031,0.00036,0.00467
184.05,SYN.ETH-29NOV19,1573814421290,open,0.0,0.0,0.001,0.014,0.004251,73.98,None,0.0,ETH-29NOV19-230-C,183.3,56.67,0.001,2.0,0.007,352.0,83.13,0.04837,-0.12896,0.00463,0.00508,0.07036
184.05,SYN.ETH-29NOV19,1573814403322,open,0.0,0.0,0.001,0.014,0.004224,72.56,None,0.0,ETH-29NOV19-150-P,183.3,54.57,0.001,2.0,0.007,351.0,82.48,0.04534,-0.11854,-0.00482,0.00485,-0.0647
184.05,SYN.ETH-29NOV19,1573814322303,open,0.0,2217.0,0.001,0.012,0.00256,82.53,0.004,0.0,ETH-29NOV19-140-P,183.3,70.03,0.001,250.0,0.004,398.0,90.47,0.02934,-0.08725,-0.0028,0.00276,-0.0375
184.05,SYN.ETH-29NOV19,1573813926738,open,0.01,311.0,0.001,0.025,0.006322,60.48,0.008,0.0,ETH-29NOV19-160-P,183.3,49.71,0.003,350.0,0.009,490.0,67.43,0.06584,-0.14349,-0.00788,0.00845,-0.10632
188.79,ETH-27MAR20,1573815304217,open,0.25,767.0,0.21,0.293,0.254995,76.32,0.265,0.0,ETH-27MAR20-160-C,183.3,72.36,0.247,407.0,0.259,252.0,78.3,0.38194,-0.10969,0.32114,0.00386,0.72226
188.79,ETH-27MAR20,1573813875241,open,0.01,830.0,0.001,0.016,0.006484,85.38,0.009,0.0,ETH-27MAR20-80-P,183.3,81.17,0.005,320.0,0.008,620.0,89.16,0.07134,-0.02292,-0.02312,0.00064,-0.02715
184.05,SYN.ETH-29NOV19,1573814336054,open,0.0,1027.0,0.001,0.011,0.001095,104.97,0.002,0.0,ETH-29NOV19-120-P,183.3,0.0,0.0,0.0,0.003,350.0,124.04,0.01296,-0.04901,-0.00107,0.00096,-0.01419
188.79,ETH-27MAR20,1573815469829,open,0.19,62.0,0.152,0.238,0.198627,74.81,0.202,0.0,ETH-27MAR20-180-C,183.3,71.46,0.191,258.0,0.204,310.0,77.17,0.43016,-0.12109,0.29633,0.00443,0.6298
184.05,SYN.ETH-29NOV19,1573815143051,open,0.02,2605.0,0.006,0.045,0.017056,59.94,0.016,0.0,ETH-29NOV19-200-C,183.3,53.28,0.013,121.0,0.019,309.0,62.99,0.11567,-0.24983,0.01678,0.01499,0.25689
184.05,SYN.ETH-29NOV19,1573812432510,open,0.01,0.0,0.001,0.027,0.010959,66.12,None,0.0,ETH-29NOV19-210-C,183.3,59.76,0.008,1.0,0.014,351.0,72.05,0.0904,-0.21539,0.01104,0.01062,0.16882
185.55,ETH-27DEC19,1573814572455,open,0.01,2048.0,0.001,0.017,0.006449,91.67,0.006,0.0,ETH-27DEC19-320-C,183.3,87.52,0.005,380.0,0.008,671.0,95.54,0.0697,-0.07629,0.01029,0.00193,0.05479
184.05,SYN.ETH-29NOV19,1573814453730,open,0.0,448.0,0.001,0.011,0.001493,101.56,0.001,0.0,ETH-29NOV19-280-C,183.3,0.0,0.0,0.0,0.003,301.0,113.29,0.01861,-0.0681,0.00141,0.00142,0.02169
184.05,SYN.ETH-29NOV19,1573814879956,open,0.0,1522.0,0.001,0.012,0.002494,94.0,0.001,0.0,ETH-29NOV19-260-C,183.3,81.61,0.001,1.0,0.004,351.0,102.34,0.02866,-0.09709,0.00238,0.00237,0.03645
184.05,SYN.ETH-29NOV19,1573814911338,open,0.01,1944.0,0.001,0.019,0.005639,67.02,0.006,0.0,ETH-29NOV19-220-C,183.3,61.71,0.004,1.0,0.008,360.0,73.52,0.06147,-0.14844,0.00637,0.00712,0.09675
184.05,SYN.ETH-29NOV19,1573815426060,open,0.03,16.0,0.011,0.057,0.031606,58.21,0.036,0.0,ETH-29NOV19-190-C,183.3,53.44,0.028,20.0,0.034,242.0,61.36,0.13962,-0.29287,0.02658,0.01863,0.41146
188.79,ETH-27MAR20,1573813875270,open,0.01,886.0,0.003,0.032,0.013959,99.62,0.028,0.0,ETH-27MAR20-560-C,183.3,95.52,0.011,564.0,0.017,220.0,103.34,0.14568,-0.05461,0.03558,0.00113,0.06572
184.05,SYN.ETH-29NOV19,1573815532367,open,0.02,30.0,0.004,0.036,0.014654,56.61,0.017,0.0,ETH-29NOV19-170-P,183.3,48.16,0.01,304.0,0.016,3.0,58.92,0.10607,-0.21635,-0.01637,0.01455,-0.21933
188.79,ETH-27MAR20,1573814876519,open,0.07,1655.0,0.035,0.107,0.070701,81.59,0.074,0.0,ETH-27MAR20-280-C,183.3,79.29,0.066,260.0,0.075,388.0,83.65,0.38966,-0.11963,0.15044,0.00368,0.28959
184.05,SYN.ETH-29NOV19,1573815154884,open,0.05,4035.0,0.035,0.094,0.054524,55.45,0.054,0.0,ETH-29NOV19-180-C,183.3,44.06,0.046,181.0,0.057,181.0,58.74,0.13841,-0.27656,0.03833,0.01938,0.60243
188.79,ETH-27MAR20,1573815223641,open,0.06,354.0,0.032,0.091,0.060796,76.32,0.062,0.0,ETH-27MAR20-140-P,183.3,71.5,0.053,284.0,0.065,604.0,78.88,0.30867,-0.08865,-0.17206,0.00312,-0.18956
188.79,ETH-27MAR20,1573813875243,open,0.02,37.0,0.005,0.029,0.015497,80.51,0.017,0.0,ETH-27MAR20-100-P,183.3,76.92,0.013,320.0,0.018,620.0,83.86,0.13647,-0.04134,-0.05219,0.00131,-0.06044
184.05,SYN.ETH-29NOV19,1573815171261,open,0.07,2.0,0.034,0.097,0.06396,58.21,0.058,0.0,ETH-29NOV19-190-P,183.3,48.97,0.057,10.0,0.072,144.0,68.75,0.13962,-0.29287,-0.04565,0.01863,-0.58854
8724.68,BTC-27DEC19,1573815544756,open,0.0,449.3,0.0005,0.0105,1.3e-07,100.0,0.0005,0.0,BTC-27DEC19-44000-C,8629.61,0.0,0.0,0.0,0.0005,1.0,160.75,0.00029,-0.00035,2e-05,0.0,0.0
8661.11,SYN.BTC-29NOV19,1573815544758,open,0.01,357.6,0.0025,0.0375,0.01203412,54.93,0.012,0.0,BTC-29NOV19-9500-C,8629.61,53.06,0.011,16.0,0.013,19.0,56.63,4.85412,-9.60782,0.64874,0.00031,0.20906
8661.11,SYN.BTC-29NOV19,1573815544794,open,0.0,1093.7,0.0005,0.011,0.00122559,96.09,0.0005,0.0,BTC-29NOV19-13000-C,8629.61,85.57,0.0005,48.5,0.002,37.5,103.32,0.78447,-2.71638,0.05868,3e-05,0.01905
9051.44,SYN.BTC-26JUN20,1573815544940,open,0.03,4.3,0.0095,0.061,0.02796955,90.41,0.039,0.0,BTC-26JUN20-28000-C,8629.61,89.38,0.0265,13.0,0.0295,1.0,91.45,13.09464,-2.64395,4.40504,3e-05,0.10731
8896.18,BTC-27MAR20,1573815544962,open,0.02,198.2,0.005,0.03,0.0147071,73.24,0.015,0.0,BTC-27MAR20-5000-P,8629.61,71.6,0.0135,0.1,0.016,27.2,74.92,6.69547,-1.84519,-2.53758,3e-05,-0.06365
8724.68,BTC-27DEC19,1573815544981,open,0.0,255.7,0.0005,0.0105,0.0,100.0,0.001,0.0,BTC-27DEC19-1500-P,8629.61,0.0,0.0,0.0,0.0005,17.9,205.42,1e-05,-1e-05,0.0,0.0,0.0
8661.11,SYN.BTC-29NOV19,1573815544988,open,0.0,233.0,0.0005,0.0105,0.00052663,99.4,0.0005,0.0,BTC-29NOV19-14000-C,8629.61,0.0,0.0,0.0,0.001,6.0,107.54,0.39575,-1.41744,0.02669,1e-05,0.00863
8724.68,BTC-27DEC19,1573815545024,open,0.05,940.5,0.022,0.066,0.04157912,58.81,0.041,0.0,BTC-27DEC19-8000-P,8629.61,57.46,0.04,0.1,0.0425,20.8,59.6,10.21795,-7.17529,-3.38264,0.0002,-0.29636
8724.68,BTC-27DEC19,1573815545024,open,0.6,4.3,0.5895,0.609,0.59906312,99.86,0.5625,0.0,BTC-27DEC19-3500-C,8629.61,0.0,0.592,12.0,0.6045,12.0,156.55,0.192,-0.22892,3.99267,0.0,0.99795
8896.18,BTC-27MAR20,1573815545026,open,0.07,84.8,0.0365,0.0945,0.06267552,68.23,0.061,0.0,BTC-27MAR20-7000-P,8629.61,66.71,0.06,28.7,0.064,10.0,68.98,15.69678,-4.03003,-9.00286,8e-05,-0.21531
8661.11,SYN.BTC-29NOV19,1573815545038,open,0.0,435.2,0.0005,0.0105,0.00090925,89.24,0.0015,0.0,BTC-29NOV19-6000-P,8629.61,82.18,0.0005,25.5,0.0015,36.1,96.4,0.60345,-1.94053,-0.04916,2e-05,-0.01402
8724.7,BTC-27DEC19,1573815545045,open,1.78,0.0,1.697,1.8085,1.75105145,100.72,None,0.0,BTC-27DEC19-24000-P,8629.61,0.0,0.0,0.0,0.0,0.0,0.0,0.23684,-0.28482,-27.51118,0.0,-0.99741
8724.7,BTC-27DEC19,1573815545045,open,4.09,0.0,3.9445,4.146,4.04318816,131.82,3.46,0.0,BTC-27DEC19-44000-P,8629.61,0.0,0.001,1.0,0.0,0.0,0.0,0.03635,-0.05722,-50.47727,0.0,-0.99966
8896.18,BTC-27MAR20,1573815545053,open,1.07,0.0,0.9945,1.1115,1.04852323,83.03,1.23,0.0,BTC-27MAR20-18000-P,8629.61,0.0,0.001,10.0,0.0,0.0,0.0,10.97523,-3.42925,-62.33387,5e-05,-0.8762
8661.11,SYN.BTC-29NOV19,1573815545075,open,0.23,5.0,0.19,0.247,0.21682894,67.16,0.15,0.0,BTC-29NOV19-10500-P,8629.61,0.0,0.05,0.2,0.0,0.0,0.0,2.51154,-6.07833,-3.74295,0.00013,-0.91996
8661.11,SYN.BTC-29NOV19,1573815545075,open,0.4,0.0,0.359,0.42,0.3875222,86.59,None,0.0,BTC-29NOV19-12000-P,8629.61,0.0,0.012,1.0,0.0,0.0,0.0,1.22397,-3.81907,-4.4619,5e-05,-0.96762
8724.7,BTC-27DEC19,1573815545077,open,0.83,12.1,0.8185,0.838,0.82807314,0.0,0.8415,0.0,BTC-27DEC19-1500-C,8629.61,0.0,0.8205,17.0,0.835,17.0,304.23,0.0,0.0,1.72092,0.0,1.0
8896.2,BTC-27MAR20,1573815545083,open,1.29,5.2,1.2115,1.3335,1.26771585,86.24,1.108,0.0,BTC-27MAR20-20000-P,8629.61,0.0,0.0,0.0,0.0,0.0,0.0,9.23679,-2.99735,-70.28941,4e-05,-0.90265
9051.44,SYN.BTC-26JUN20,1573815545083,open,0.04,10.5,0.014,0.073,0.03645713,87.01,0.04,0.0,BTC-26JUN20-24000-C,8629.61,84.66,0.0325,28.0,0.04,20.0,89.02,15.60957,-3.03345,5.62686,4e-05,0.13781
8896.2,BTC-27MAR20,1573815545141,open,0.0,599.2,0.0005,0.0125,0.00253487,100.0,0.0045,0.0,BTC-27MAR20-40000-C,8629.61,103.92,0.0035,18.0,0.005,1.0,108.73,1.94723,-0.73272,0.38003,1e-05,0.01427
184.05,SYN.ETH-29NOV19,1573815545206,open,0.03,16.0,0.011,0.057,0.031606,58.21,0.036,0.0,ETH-29NOV19-190-C,183.3,53.44,0.028,20.0,0.034,242.0,61.36,0.13962,-0.29286,0.02658,0.01863,0.41146
184.05,SYN.ETH-29NOV19,1573815545206,open,0.07,2.0,0.034,0.097,0.06396,58.21,0.058,0.0,ETH-29NOV19-190-P,183.3,48.97,0.057,10.0,0.072,144.0,68.75,0.13962,-0.29286,-0.04565,0.01863,-0.58854
184.05,SYN.ETH-29NOV19,1573815545206,open,0.01,0.0,0.001,0.027,0.010959,66.12,None,0.0,ETH-29NOV19-210-C,183.3,59.76,0.008,1.0,0.014,351.0,72.05,0.0904,-0.21539,0.01104,0.01062,0.16882
184.05,SYN.ETH-29NOV19,1573815545206,open,0.02,30.0,0.004,0.036,0.014654,56.6,0.017,0.0,ETH-29NOV19-170-P,183.3,48.16,0.01,304.0,0.016,3.0,58.92,0.10606,-0.21634,-0.01637,0.01455,-0.21933
184.05,SYN.ETH-29NOV19,1573815545206,open,0.16,0.0,0.114,0.19,0.151981,66.12,None,0.0,ETH-29NOV19-210-P,183.3,0.0,0.141,30.0,0.475,1.0,500.0,0.0904,-0.21539,-0.06879,0.01062,-0.83118
184.05,SYN.ETH-29NOV19,1573815545206,open,0.0,0.0,0.001,0.014,0.004224,72.56,None,0.0,ETH-29NOV19-150-P,183.3,54.57,0.001,2.0,0.007,351.0,82.48,0.04533,-0.11854,-0.00482,0.00485,-0.0647
184.05,SYN.ETH-29NOV19,1573815545206,open,0.0,0.0,0.001,0.014,0.004251,73.98,None,0.0,ETH-29NOV19-230-C,183.3,56.67,0.001,2.0,0.007,352.0,83.13,0.04837,-0.12896,0.00463,0.00508,0.07036
184.05,SYN.ETH-29NOV19,1573815545206,open,0.26,0.0,0.215,0.295,0.253942,73.98,None,0.0,ETH-29NOV19-230-P,183.3,0.0,0.0,0.0,0.0,0.0,0.0,0.04837,-0.12896,-0.08281,0.00508,-0.92964
8661.11,SYN.BTC-29NOV19,1573815545236,open,0.19,7.4,0.176,0.213,0.19370994,63.4,0.186,0.0,BTC-29NOV19-7000-C,8629.61,0.0,0.1795,6.0,0.2055,6.0,103.91,1.37105,-3.13218,2.53235,8e-05,0.96282
8724.7,BTC-27DEC19,1573815545243,open,0.77,0.0,0.761,0.7805,0.77076441,0.0,None,0.0,BTC-27DEC19-2000-C,8629.61,0.0,0.7635,15.0,0.7775,15.0,253.35,0.0,0.0,2.29456,0.0,1.0
183.67,SYN.ETH-22NOV19,1573815545249,open,0.0,123.0,0.001,0.012,0.002911,69.32,0.003,0.0,ETH-22NOV19-160-P,183.3,55.64,0.001,550.0,0.005,454.0,79.53,0.03276,-0.16517,-0.00242,0.00744,-0.06711
183.67,SYN.ETH-22NOV19,1573815545249,open,0.0,245.0,0.001,0.013,0.003088,66.57,0.004,0.0,ETH-22NOV19-210-C,183.3,60.51,0.002,2.0,0.004,1.0,70.85,0.03666,-0.17747,0.00258,0.00867,0.07771
183.67,SYN.ETH-22NOV19,1573815545249,open,0.15,0.0,0.111,0.183,0.146446,66.57,None,0.0,ETH-22NOV19-210-P,183.3,0.0,0.001,1.0,0.283,1.0,350.37,0.03666,-0.17747,-0.03698,0.00867,-0.92229
183.67,SYN.ETH-22NOV19,1573815545249,open,0.1,131.0,0.062,0.131,0.095711,60.29,0.123,0.0,ETH-22NOV19-200-P,183.3,0.0,0.088,119.0,0.106,89.0,86.32,0.06173,-0.27068,-0.03232,0.01611,-0.83841
183.67,SYN.ETH-22NOV19,1573815545249,open,0.13,0.0,0.103,0.159,0.131781,69.32,None,0.0,ETH-22NOV19-160-C,183.3,0.0,0.128,30.0,0.321,1.0,500.0,0.03276,-0.16517,0.02772,0.00744,0.93289
183.67,SYN.ETH-22NOV19,1573815545249,open,0.32,0.0,0.269,0.349,0.307529,91.19,None,0.0,ETH-22NOV19-240-P,183.3,0.0,0.0,0.0,0.0,0.0,0.0,0.01169,-0.07752,-0.04458,0.00202,-0.98099
183.67,SYN.ETH-22NOV19,1573815545249,open,0.18,0.0,0.159,0.21,0.184791,82.23,None,0.0,ETH-22NOV19-150-C,183.3,0.0,0.0,0.0,0.0,0.0,0.0,0.01814,-0.10849,0.02709,0.00347,0.96789
183.67,SYN.ETH-22NOV19,1573815545249,open,0.0,35.0,0.001,0.011,0.001475,82.23,0.002,0.0,ETH-22NOV19-150-P,183.3,76.86,0.001,500.0,0.002,4.0,87.08,0.01814,-0.10849,-0.00116,0.00347,-0.03211
183.67,SYN.ETH-22NOV19,1573815545249,open,0.0,51.0,0.001,0.012,0.00201,91.19,0.003,0.0,ETH-22NOV19-230-C,183.3,81.12,0.001,20.0,0.004,300.0,104.44,0.02234,-0.14814,0.00136,0.00385,0.0414
183.67,SYN.ETH-22NOV19,1573815545249,open,0.0,22.0,0.001,0.012,0.002687,81.1,0.003,0.0,ETH-22NOV19-220-C,183.3,67.64,0.001,2.0,0.005,396.0,93.19,0.02951,-0.17405,0.00194,0.00573,0.05869
183.67,SYN.ETH-22NOV19,1573815545249,open,0.04,396.0,0.016,0.07,0.040882,55.05,0.045,0.0,ETH-22NOV19-180-C,183.3,37.78,0.032,253.0,0.044,1.0,61.0,0.096,-0.38432,0.02003,0.02744,0.61977
183.67,SYN.ETH-22NOV19,1573815545249,open,0.02,476.0,0.003,0.04,0.016565,55.28,0.019,0.0,ETH-22NOV19-190-C,183.3,48.09,0.013,317.0,0.02,306.0,62.02,0.09251,-0.37185,0.01124,0.02634,0.34137
183.67,SYN.ETH-22NOV19,1573815545249,open,0.0,86.0,0.001,0.011,0.000833,91.19,0.001,0.0,ETH-22NOV19-240-C,183.3,0.0,0.0,0.0,0.001,1.0,93.66,0.01169,-0.07752,0.00063,0.00202,0.01901
183.67,SYN.ETH-22NOV19,1573815545249,open,0.26,0.0,0.216,0.295,0.25426,91.19,None,0.0,ETH-22NOV19-230-P,183.3,0.0,0.001,5.0,0.0,0.0,0.0,0.02234,-0.14814,-0.04196,0.00385,-0.9586
