underlying_price,underlying_index,timestamp,state,settlement_price,open_interest,min_price,max_price,mark_price,mark_iv,last_price,interest_rate,instrument_name,index_price,bid_iv,best_bid_price,best_bid_amount,best_ask_price,best_ask_amount,ask_iv,vega,theta,rho,gamma,delta
227.73,ETH-27DEC19,1563188340076,open,0.18,100.0,0.14,0.219,0.179814,110.59,0.175,0.0,ETH-27DEC19-320-C,225.8,106.91,0.17,261.0,0.185,231.0,112.53,0.60835,-0.20402,0.29411,0.00235,0.46573
227.73,ETH-27DEC19,1563188340076,open,0.15,172.0,0.11,0.189,0.149367,111.15,0.144,0.0,ETH-27DEC19-360-C,225.8,107.93,0.141,384.0,0.157,244.0,114.07,0.59334,-0.2,0.26334,0.00228,0.40536
225.69,ETH-27SEP19,1563188340076,open,2.01,0.0,1.901,2.142,2.021504,124.1,None,0.0,ETH-27SEP19-680-P,225.8,0.0,0.0,0.0,0.0,0.0,0.0,0.0961,-0.08071,-1.35969,0.00075,-0.95508
227.73,ETH-27DEC19,1563188340076,open,0.42,0.0,0.377,0.456,0.416404,108.03,None,0.0,ETH-27DEC19-160-C,225.8,0.0,0.001,1000.0,1.6,1.0,500.0,0.42577,-0.13949,0.39677,0.00168,0.80211
227.75,ETH-27DEC19,1563188340077,open,1.86,0.0,1.752,1.981,1.866536,117.69,None,0.0,ETH-27DEC19-640-P,225.8,0.0,0.0,0.0,0.0,0.0,0.0,0.40335,-0.14396,-2.76261,0.00146,-0.81879
225.69,ETH-27SEP19,1563188340077,open,0.42,868.0,0.368,0.481,0.424608,108.1,0.566,0.0,ETH-27SEP19-300-P,225.8,98.75,0.409,110.0,0.462,30.0,129.7,0.38205,-0.27952,-0.4835,0.00343,-0.63385
225.69,ETH-27SEP19,1563188340077,open,0.49,936.0,0.44,0.558,0.498986,109.47,0.536,0.0,ETH-27SEP19-320-P,225.8,0.0,0.041,30.0,0.575,123.0,153.91,0.36394,-0.26963,-0.53775,0.00322,-0.67823
225.78,SYN.ETH-19JUL19,1563188340076,open,0.0,0.0,0.001,0.04,0.000252,134.94,None,0.0,ETH-19JUL19-160-P,225.8,0.0,0.0,0.0,0.003,730.0,195.26,0.00363,-0.05682,-0.00014,0.0005,-0.00545
227.75,ETH-27DEC19,1563188340078,open,0.44,188.0,0.39,0.505,0.447315,109.74,0.438,0.0,ETH-27DEC19-280-P,225.8,106.63,0.439,30.0,0.461,30.0,114.88,0.60826,-0.20243,-0.93819,0.00237,-0.46463
225.69,ETH-27SEP19,1563188340078,open,0.08,1775.0,0.042,0.121,0.081112,109.47,0.081,0.0,ETH-27SEP19-320-C,225.8,106.27,0.076,250.0,0.085,160.0,111.87,0.36394,-0.26963,0.10993,0.00322,0.32177
225.69,ETH-27SEP19,1563188340078,open,0.81,79.0,0.743,0.887,0.814991,112.55,0.351,0.0,ETH-27SEP19-400-P,225.8,0.0,0.01,1.0,0.0,0.0,0.0,0.27574,-0.21005,-0.74218,0.00238,-0.80977
225.78,SYN.ETH-19JUL19,1563188340078,open,0.41,277.0,0.361,0.474,0.417662,135.0,0.345,0.0,ETH-19JUL19-320-P,225.8,0.0,0.003,25.0,0.0,0.0,0.0,0.00476,-0.08284,-0.03381,0.00065,-0.99261
225.71,ETH-27SEP19,1563188340079,open,0.56,0.0,0.523,0.602,0.562349,105.29,None,0.0,ETH-27SEP19-100-C,225.8,0.0,0.004,5.0,0.0,0.0,0.0,0.05988,-0.04267,0.18839,0.00055,0.97473
225.78,SYN.ETH-19JUL19,1563188340077,open,0.0,550.0,0.001,0.041,0.001213,135.07,0.006,0.0,ETH-19JUL19-300-C,225.8,131.21,0.001,180.0,0.004,250.0,166.46,0.01326,-0.2311,0.00055,0.00181,0.02427
225.77,SYN.ETH-26JUL19,1563188340078,open,0.02,659.0,0.001,0.059,0.019024,122.81,0.012,0.0,ETH-26JUL19-280-C,225.8,115.96,0.016,483.0,0.021,200.0,127.07,0.1028,-0.58041,0.01093,0.00551,0.18152
225.78,SYN.ETH-19JUL19,1563188340078,open,0.21,0.0,0.166,0.245,0.20557,136.33,None,0.0,ETH-19JUL19-180-C,225.8,0.0,0.0,0.0,0.0,0.0,0.0,0.02251,-0.39596,0.01794,0.00305,0.95383
225.77,SYN.ETH-26JUL19,1563188340079,open,0.0,1780.0,0.001,0.04,0.000711,135.0,0.001,0.0,ETH-26JUL19-400-C,225.8,0.0,0.0,0.0,0.003,430.0,163.96,0.01011,-0.06275,0.0006,0.00049,0.0097
10506.62,BTC-27DEC19,1563188340086,open,0.19,150.2,0.1525,0.232,0.1922369,100.92,0.184,0.0,BTC-27DEC19-13000-C,10296.93,99.52,0.1885,11.0,0.1965,3.6,102.51,28.16225,-8.61882,15.08298,6e-05,0.51004
10306.38,SYN.BTC-26JUL19,1563188340252,open,0.02,406.3,0.0005,0.056,0.01549813,114.15,0.0175,0.0,BTC-26JUL19-8500-P,10296.93,111.53,0.0145,0.3,0.0165,37.0,116.72,3.97624,-20.8672,-0.48016,0.00011,-0.14086
10306.37,SYN.BTC-26JUL19,1563188340292,open,0.04,487.6,0.001,0.084,0.04259114,114.1,0.044,0.0,BTC-26JUL19-9500-P,10296.93,109.8,0.04,0.3,0.0435,31.4,115.6,6.22509,-32.65454,-1.06522,0.00017,-0.30428
10361.09,BTC-27SEP19,1563188340468,open,0.0,1657.1,0.0005,0.04,4.395e-05,135.0,0.0005,0.0,BTC-27SEP19-1500-P,10296.95,0.0,0.0,0.0,0.001,27.0,184.7,0.04276,-0.03907,-0.00607,0.0,-0.00025
10361.09,BTC-27SEP19,1563188340468,open,0.86,42.8,0.8155,0.895,0.85527139,134.97,0.815,0.0,BTC-27SEP19-1500-C,10296.95,0.0,0.01,1.0,0.0,0.0,0.0,0.04266,-0.03897,3.02994,0.0,0.99976
10506.55,BTC-27DEC19,1563188340468,open,0.22,172.1,0.177,0.2565,0.2166123,100.2,0.2115,0.0,BTC-27DEC19-12000-C,10296.95,99.03,0.2135,11.0,0.2215,24.6,102.04,27.89871,-8.47758,16.07977,6e-05,0.55542
10361.09,BTC-27SEP19,1563188340468,open,0.77,1.0,0.708,0.85,0.7789838,109.37,1.5815,0.0,BTC-27SEP19-18000-P,10296.95,0.0,0.0045,0.3,1.3995,0.3,500.0,12.66457,-9.3744,-33.31433,5e-05,-0.80962
10361.09,BTC-27SEP19,1563188340468,open,1.33,0.2,1.2405,1.427,1.33368616,115.62,1.6,0.0,BTC-27SEP19-24000-P,10296.95,0.0,0.0,0.0,0.0,0.0,0.0,7.42811,-5.81287,-47.09902,3e-05,-0.91225
10361.09,BTC-27SEP19,1563188340468,open,0.03,378.9,0.0005,0.07,0.03025499,111.43,0.0275,0.0,BTC-27SEP19-20000-C,10296.95,109.7,0.0285,29.0,0.0325,20.0,113.6,10.58977,-7.98687,2.39166,4e-05,0.1443
10361.09,BTC-27SEP19,1563188340468,open,2.09,0.0,1.972,2.219,2.0953248,121.96,None,0.0,BTC-27SEP19-32000-P,10296.95,0.0,0.0,0.0,0.0,0.0,0.0,3.80874,-3.14401,-64.12551,1e-05,-0.96253
10361.09,BTC-27SEP19,1563188340469,open,0.28,61.5,0.234,0.3365,0.28519156,102.29,0.2985,0.0,BTC-27SEP19-12000-P,10296.95,99.39,0.28,14.4,0.29,7.0,104.98,18.52253,-12.82393,-17.20955,8e-05,-0.53545
10361.09,BTC-27SEP19,1563188340469,open,0.0,433.4,0.0005,0.0425,0.0027988,122.04,0.001,0.0,BTC-27SEP19-3500-P,10296.95,119.86,0.0025,4.1,0.0035,46.0,126.63,1.4752,-1.21844,-0.31419,1e-05,-0.01218
10506.57,BTC-27DEC19,1563188340469,open,0.01,227.9,0.0005,0.055,0.01478217,102.32,0.0135,0.0,BTC-27DEC19-4000-P,10296.95,99.17,0.013,10.8,0.0165,23.0,105.2,6.11253,-1.8967,-2.61048,1e-05,-0.04022
10306.38,SYN.BTC-26JUL19,1563188340469,open,0.24,24.1,0.1925,0.272,0.23231736,115.7,0.38,0.0,BTC-26JUL19-8000-C,10296.95,0.0,0.1965,10.0,0.248,10.0,161.72,2.78346,-14.80611,2.09457,8e-05,0.91438
10361.09,BTC-27SEP19,1563188340469,open,0.01,133.2,0.0005,0.0505,0.01083226,119.5,0.011,0.0,BTC-27SEP19-28000-C,10296.95,116.81,0.0095,24.0,0.012,20.0,121.7,5.33447,-4.3145,0.96845,2e-05,0.05701
10300.3,SYN.BTC-19JUL19,1563188340468,open,0.6,0.0,0.538,0.6655,0.60191319,135.85,None,0.0,BTC-19JUL19-16500-P,10296.95,0.0,0.5755,7.0,0.6425,7.0,429.67,0.01853,-0.32468,-1.75151,0.0,-0.99951
10300.3,SYN.BTC-19JUL19,1563188340468,open,0.0,275.5,0.0005,0.04,0.00017644,135.0,0.0005,0.0,BTC-19JUL19-15000-C,10296.95,0.0,0.0,0.0,0.001,7.1,165.7,0.13244,-1.8174,0.00444,1e-05,0.00424
10300.3,SYN.BTC-19JUL19,1563188340468,open,0.17,84.2,0.127,0.2205,0.17387346,128.75,0.121,0.0,BTC-19JUL19-12000-P,10296.95,97.16,0.168,7.0,0.178,7.0,145.49,2.35077,-39.04627,-1.13188,0.00016,-0.86101
10300.3,SYN.BTC-19JUL19,1563188340468,open,0.55,0.0,0.4915,0.6155,0.5533912,135.41,None,0.0,BTC-19JUL19-16000-P,10296.95,0.0,0.528,7.0,0.5925,7.0,407.53,0.03615,-0.63154,-1.69787,0.0,-0.99899
10361.09,BTC-27SEP19,1563188340470,open,0.53,793.2,0.4865,0.566,0.52629624,105.87,0.5945,0.0,BTC-27SEP19-5000-C,10296.95,97.7,0.5235,11.0,0.5295,11.0,113.73,3.89654,-2.7919,9.12586,2e-05,0.96147
10306.38,SYN.BTC-26JUL19,1563188340468,open,0.16,51.8,0.114,0.1935,0.15350802,114.1,0.126,0.0,BTC-26JUL19-9000-C,10296.95,108.07,0.1505,11.0,0.157,11.0,120.92,5.20861,-27.322,1.93699,0.00014,0.78426
10361.11,BTC-27SEP19,1563188340471,open,0.01,100.1,0.0005,0.0535,0.01367544,117.78,0.0125,0.0,BTC-27SEP19-26000-C,10296.95,115.8,0.0125,24.0,0.015,20.0,119.9,6.29945,-5.0216,1.19362,2e-05,0.07059
10506.57,BTC-27DEC19,1563188340471,open,0.42,54.4,0.3825,0.462,0.42228231,99.64,0.45,0.0,BTC-27DEC19-7000-C,10296.95,0.0,0.2155,0.1,0.45,0.1,115.49,18.08952,-5.46608,19.1939,4e-05,0.82671
10306.38,SYN.BTC-26JUL19,1563188340471,open,0.02,96.4,0.0005,0.062,0.02213388,121.2,0.022,0.0,BTC-26JUL19-12500-C,10296.95,118.88,0.021,31.0,0.0235,0.5,123.95,5.08045,-28.30945,0.56698,0.00013,0.20676
10300.3,SYN.BTC-19JUL19,1563188340469,open,0.03,425.7,0.0005,0.076,0.03466854,118.17,0.034,0.0,BTC-19JUL19-10000-P,10296.95,111.36,0.032,32.1,0.036,16.0,121.56,4.04332,-61.64201,-0.45421,0.0003,-0.38062
10300.3,SYN.BTC-19JUL19,1563188340468,open,0.0,202.9,0.0005,0.0415,0.00150611,134.18,0.003,0.0,BTC-19JUL19-13500-C,10296.95,114.37,0.0005,23.9,0.0025,40.2,146.37,0.71329,-12.34729,0.03068,5e-05,0.02955
10306.38,SYN.BTC-26JUL19,1563188340471,open,0.74,0.0,0.6775,0.817,0.7473445,135.03,None,0.0,BTC-26JUL19-18000-P,10296.95,0.0,0.0,0.0,0.0,0.0,0.0,0.53263,-3.30644,-5.33088,1e-05,-0.98857
10306.38,SYN.BTC-26JUL19,1563188340469,open,0.0,341.4,0.0005,0.0445,0.0045196,118.61,0.0055,0.0,BTC-26JUL19-7500-P,10296.95,112.4,0.0035,12.4,0.0055,0.4,123.93,1.80488,-9.84225,-0.16429,5e-05,-0.04898
10506.57,BTC-27DEC19,1563188340471,open,3.95,1.0,3.766,4.163,3.96449107,120.32,3.1845,0.0,BTC-27DEC19-52000-P,10296.95,0.0,0.001,1.0,0.0,0.0,0.0,8.17053,-2.98117,-232.86921,1e-05,-0.94218
10300.3,SYN.BTC-19JUL19,1563188340468,open,0.1,6.1,0.056,0.1355,0.09579277,119.34,0.0925,0.0,BTC-19JUL19-9500-C,10296.95,107.09,0.092,14.0,0.098,0.3,126.21,3.2694,-50.33457,0.73082,0.00024,0.76399
10306.38,SYN.BTC-26JUL19,1563188340469,open,0.84,0.0,0.7705,0.9175,0.84394601,135.05,None,0.0,BTC-26JUL19-19000-P,10296.95,0.0,0.0,0.0,0.0,0.0,0.0,0.30619,-1.90107,-5.64395,1e-05,-0.99392
10361.11,BTC-27SEP19,1563188340472,open,0.0,609.1,0.0005,0.0415,0.00149196,125.91,0.002,0.0,BTC-27SEP19-3000-P,10296.95,119.31,0.001,6.9,0.002,4.8,131.34,0.87747,-0.74776,-0.17244,0.0,-0.00673
10361.11,BTC-27SEP19,1563188340472,open,0.52,29.6,0.4575,0.5785,0.51811107,105.75,0.39,0.0,BTC-27SEP19-15000-P,10296.95,69.61,0.4695,5.0,0.5445,5.0,122.16,16.07497,-11.50559,-25.65651,7e-05,-0.70533
10361.11,BTC-27SEP19,1563188340472,open,0.16,461.8,0.117,0.1965,0.15655767,101.31,0.1505,0.0,BTC-27SEP19-11000-C,10296.95,99.59,0.1535,16.0,0.161,16.0,103.79,18.5095,-12.69096,8.0091,8e-05,0.53847
10361.11,BTC-27SEP19,1563188340472,open,0.71,225.7,0.672,0.7515,0.71194712,125.9,0.693,0.0,BTC-27SEP19-3000-C,10296.95,0.0,0.0045,20.0,0.911,5.0,500.0,0.87724,-0.74753,5.89958,0.0,0.99327
10361.11,BTC-27SEP19,1563188340472,open,0.48,224.0,0.443,0.5225,0.48286953,104.25,0.5225,0.0,BTC-27SEP19-5500-C,10296.95,97.23,0.4795,11.0,0.486,11.0,110.09,5.29707,-3.73757,9.65967,2e-05,0.94349
10361.11,BTC-27SEP19,1563188340473,open,0.13,658.6,0.0875,0.167,0.12701146,102.29,0.131,0.0,BTC-27SEP19-12000-C,10296.95,100.89,0.1245,0.8,0.1305,16.0,104.24,18.52257,-12.82386,7.07838,8e-05,0.46455
10306.38,SYN.BTC-26JUL19,1563188340468,open,0.28,17.0,0.237,0.3165,0.27681409,118.61,0.246,0.0,BTC-26JUL19-7500-C,10296.95,98.25,0.274,11.0,0.2955,10.0,186.39,1.80475,-9.84128,2.07045,5e-05,0.95102
10306.38,SYN.BTC-26JUL19,1563188340471,open,0.93,0.0,0.8635,1.018,0.94075906,135.1,None,0.0,BTC-26JUL19-20000-P,10296.95,0.0,0.0,0.0,0.0,0.0,0.0,0.1726,-1.07201,-5.9501,0.0,-0.9968
10306.38,SYN.BTC-26JUL19,1563188340469,open,1.03,0.0,0.9565,1.119,1.0376796,135.18,None,0.0,BTC-26JUL19-21000-P,10296.95,0.0,0.0,0.0,0.0,0.0,0.0,0.09602,-0.59677,-6.25243,0.0,-0.99832
10361.11,BTC-27SEP19,1563188340474,open,0.96,0.0,0.8825,1.0385,0.96055394,111.44,None,0.0,BTC-27SEP19-20000-P,10296.95,0.0,0.0045,10.0,1.577,0.2,500.0,10.59039,-7.9876,-38.08799,4e-05,-0.85569
10506.57,BTC-27DEC19,1563188340474,open,0.02,323.0,0.0005,0.055,0.01523051,120.35,0.0175,0.0,BTC-27DEC19-52000-C,10296.95,118.04,0.0135,10.0,0.0175,16.0,123.14,8.17824,-2.98473,2.02437,1e-05,0.05788
10306.38,SYN.BTC-26JUL19,1563188340472,open,0.47,0.0,0.427,0.5065,0.4665317,134.97,0.4,0.0,BTC-26JUL19-5500-C,10296.95,0.0,0.0005,0.1,0.0,0.0,0.0,0.13611,-0.84456,1.63069,0.0,0.99754
10306.38,SYN.BTC-26JUL19,1563188340474,open,0.0,382.6,0.0005,0.042,0.00238732,123.32,0.004,0.0,BTC-26JUL19-7000-P,10296.95,119.56,0.002,1.0,0.003,5.0,128.61,1.11562,-6.3252,-0.09085,3e-05,-0.0272
10306.38,SYN.BTC-26JUL19,1563188340474,open,0.0,251.6,0.0005,0.041,0.0014363,131.99,0.003,0.0,BTC-26JUL19-6500-P,10296.95,113.92,0.0005,37.0,0.0025,7.0,144.62,0.72341,-4.38986,-0.05446,2e-05,-0.0163
10306.38,SYN.BTC-26JUL19,1563188340474,open,0.0,313.8,0.0005,0.04,0.00021102,135.0,0.001,0.0,BTC-26JUL19-20000-C,10296.95,0.0,0.0,0.0,0.001,3.5,159.3,0.17161,-1.06511,0.00912,0.0,0.00318
10300.3,SYN.BTC-19JUL19,1563188340711,open,0.03,425.7,0.0005,0.076,0.03466797,118.17,0.034,0.0,BTC-19JUL19-10000-P,10296.95,112.64,0.0325,24.0,0.036,16.0,121.56,4.04332,-61.64201,-0.45421,0.0003,-0.38062
10361.11,BTC-27SEP19,1563188340722,open,0.11,199.5,0.0645,0.144,0.10400774,103.62,0.0995,0.0,BTC-27SEP19-13000-C,10296.95,101.89,0.101,16.0,0.1075,28.6,105.63,18.00753,-12.62906,6.20505,8e-05,0.3999
10300.3,SYN.BTC-19JUL19,1563188340714,open,0.07,37.2,0.024,0.1035,0.06382208,118.17,0.057,0.0,BTC-19JUL19-10000-C,10296.95,109.69,0.0605,7.0,0.0645,2.3,119.9,4.04332,-61.64076,0.60763,0.0003,0.61938
10300.3,SYN.BTC-19JUL19,1563188340739,open,0.06,488.6,0.017,0.101,0.05908789,117.6,0.06,0.0,BTC-19JUL19-10500-P,10296.95,114.94,0.058,18.0,0.0605,7.0,121.05,4.21413,-63.93592,-0.65412,0.00032,-0.53898
10300.3,SYN.BTC-19JUL19,1563188340757,open,0.01,240.1,0.0005,0.045,0.00507164,131.13,0.0065,0.0,BTC-19JUL19-12500-C,10296.95,124.12,0.004,2.1,0.006,30.0,136.63,1.66827,-28.22197,0.08867,0.00011,0.08615
10506.57,BTC-27DEC19,1563188340780,open,0.43,58.2,0.3725,0.4865,0.42955634,100.92,0.4505,0.0,BTC-27DEC19-13000-P,10296.95,98.28,0.4225,10.6,0.435,7.0,102.95,28.16213,-8.61858,-43.63999,6e-05,-0.48997
10361.11,BTC-27SEP19,1563188340825,open,0.16,461.8,0.117,0.1965,0.15655884,101.31,0.1505,0.0,BTC-27SEP19-11000-C,10296.95,99.59,0.1535,16.0,0.161,30.4,103.79,18.5095,-12.69096,8.0091,8e-05,0.53847
10506.57,BTC-27DEC19,1563188340827,open,0.58,5.6,0.5175,0.6435,0.58052915,102.13,0.3855,0.0,BTC-27DEC19-15000-P,10296.95,99.46,0.5735,3.6,0.5895,3.6,105.52,27.74046,-8.59162,-54.58745,5e-05,-0.56966
10506.57,BTC-27DEC19,1563188340829,open,0.11,373.0,0.072,0.1515,0.11171342,103.95,0.117,0.0,BTC-27DEC19-18000-C,10296.95,102.43,0.108,10.0,0.1155,4.9,105.49,25.77941,-8.12692,10.68215,5e-05,0.33679
10361.11,BTC-27SEP19,1563188340831,open,0.01,100.1,0.0005,0.0535,0.01367562,117.78,0.0125,0.0,BTC-27SEP19-26000-C,10296.95,114.92,0.012,24.0,0.015,20.0,119.9,6.29945,-5.0216,1.19362,2e-05,0.07059
10506.55,BTC-27DEC19,1563188340839,open,0.29,66.2,0.241,0.344,0.29250048,99.64,0.287,0.0,BTC-27DEC19-11000-P,10296.95,97.32,0.2865,11.9,0.298,7.0,101.77,27.18964,-8.21565,-32.62856,5e-05,-0.39501
10506.55,BTC-27DEC19,1563188340843,open,0.5,18.3,0.444,0.564,0.50396239,101.67,0.528,0.0,BTC-27DEC19-14000-P,10296.95,98.88,0.4965,3.6,0.512,3.6,104.68,28.08446,-8.65904,-49.13094,6e-05,-0.53126
10506.55,BTC-27DEC19,1563188340845,open,0.08,92.4,0.0385,0.118,0.07819629,106.67,0.0765,0.0,BTC-27DEC19-22000-C,10296.95,105.64,0.076,3.9,0.081,4.9,107.97,22.47162,-7.26936,8.18571,4e-05,0.25067
10506.55,BTC-27DEC19,1563188340847,open,0.36,79.9,0.3045,0.413,0.35875489,100.2,0.353,0.0,BTC-27DEC19-12000-P,10296.95,97.85,0.3525,10.6,0.364,7.0,102.18,27.89876,-8.47736,-38.12587,6e-05,-0.44458
10361.09,BTC-27SEP19,1563188340849,open,0.28,61.5,0.234,0.3365,0.28519081,102.29,0.2985,0.0,BTC-27SEP19-12000-P,10296.95,99.67,0.2805,14.4,0.29,7.0,104.98,18.52253,-12.82393,-17.20955,8e-05,-0.53545
10306.38,SYN.BTC-26JUL19,1563188340880,open,0.02,406.3,0.0005,0.056,0.015498,114.15,0.0175,0.0,BTC-26JUL19-8500-P,10296.95,108.85,0.0135,7.0,0.0165,37.0,116.72,3.97624,-20.8672,-0.48016,0.00011,-0.14086
10306.38,SYN.BTC-26JUL19,1563188340882,open,0.02,406.3,0.0005,0.056,0.015498,114.15,0.0175,0.0,BTC-26JUL19-8500-P,10296.95,110.2,0.014,10.0,0.0165,37.0,116.72,3.97624,-20.8672,-0.48016,0.00011,-0.14086
10306.38,SYN.BTC-26JUL19,1563188340905,open,0.04,487.6,0.001,0.084,0.04259071,114.1,0.044,0.0,BTC-26JUL19-9500-P,10296.95,108.13,0.039,7.0,0.0435,31.4,115.6,6.22508,-32.65439,-1.06522,0.00017,-0.30428
10306.38,SYN.BTC-26JUL19,1563188340907,open,0.04,487.6,0.001,0.084,0.04259071,114.1,0.044,0.0,BTC-26JUL19-9500-P,10296.95,108.96,0.0395,10.0,0.0435,31.4,115.6,6.22508,-32.65439,-1.06522,0.00017,-0.30428
10300.3,SYN.BTC-19JUL19,1563188340971,open,0.07,37.2,0.024,0.1035,0.06382208,118.17,0.057,0.0,BTC-19JUL19-10000-C,10296.95,108.41,0.06,31.4,0.0645,2.3,119.9,4.04332,-61.64076,0.60763,0.0003,0.61938
10306.4,SYN.BTC-26JUL19,1563188341010,open,0.05,205.2,0.0125,0.092,0.05235167,114.9,0.048,0.0,BTC-26JUL19-11000-C,10296.95,112.14,0.0505,25.0,0.0535,2.9,116.61,6.91337,-36.5195,1.09632,0.00019,0.40935
225.71,ETH-27SEP19,1563188341077,open,0.01,1769.0,0.001,0.048,0.008002,127.68,0.009,0.0,ETH-27SEP19-720-C,225.82,122.22,0.006,14.0,0.01,200.0,132.33,0.09035,-0.07808,0.01535,0.00069,0.04161
225.71,ETH-27SEP19,1563188341078,open,0.05,5883.0,0.012,0.095,0.053557,105.24,0.057,0.0,ETH-27SEP19-160-P,225.82,102.06,0.05,160.0,0.057,160.0,108.27,0.25468,-0.1814,-0.10106,0.00235,-0.16766
225.79,SYN.ETH-26JUL19,1563188341079,open,0.15,0.0,0.109,0.188,0.148187,120.75,None,0.0,ETH-26JUL19-200-C,225.82,0.0,0.005,2.0,0.0,0.0,0.0,0.12288,-0.68217,0.04073,0.0067,0.75366
225.79,SYN.ETH-26JUL19,1563188341077,open,1.29,0.0,1.212,1.395,1.303277,165.62,None,0.0,ETH-26JUL19-520-P,225.82,0.0,0.0,0.0,0.0,0.0,0.0,0.00331,-0.02518,-0.15477,0.00013,-0.99724
225.79,SYN.ETH-26JUL19,1563188341077,open,1.65,0.0,1.552,1.763,1.657611,191.46,None,0.0,ETH-26JUL19-600-P,225.82,0.0,0.0,0.0,0.0,0.0,0.0,0.00316,-0.02778,-0.17862,0.00011,-0.99738
225.79,SYN.ETH-26JUL19,1563188341080,open,0.01,1029.0,0.001,0.051,0.011155,125.84,0.013,0.0,ETH-26JUL19-300-C,225.82,119.1,0.009,550.0,0.013,250.0,131.16,0.07571,-0.43804,0.007,0.00396,0.11513
225.79,SYN.ETH-26JUL19,1563188341079,open,0.0,3955.0,0.001,0.042,0.00247,134.98,0.002,0.0,ETH-26JUL19-360-C,225.82,118.56,0.001,453.0,0.005,550.0,152.2,0.02627,-0.16304,0.00183,0.00128,0.02967
225.79,SYN.ETH-26JUL19,1563188341082,open,0.3,0.0,0.256,0.335,0.295875,126.63,None,0.0,ETH-26JUL19-160-C,225.82,0.0,0.0,0.0,0.0,0.0,0.0,0.0376,-0.21891,0.04428,0.00195,0.954
10306.4,SYN.BTC-26JUL19,1563188341190,open,0.41,10.8,0.358,0.4705,0.41421878,129.72,0.166,0.0,BTC-26JUL19-14500-P,10296.95,0.0,0.392,7.0,0.4505,7.0,217.71,2.61703,-15.60788,-4.10071,6e-05,-0.92111
10306.38,SYN.BTC-26JUL19,1563188341271,open,0.02,406.3,0.0005,0.056,0.015498,114.15,0.0175,0.0,BTC-26JUL19-8500-P,10296.95,111.53,0.0145,0.3,0.0165,37.0,116.72,3.97624,-20.8672,-0.48016,0.00011,-0.14086
10306.38,SYN.BTC-26JUL19,1563188341312,open,0.04,487.6,0.001,0.084,0.04259071,114.1,0.044,0.0,BTC-26JUL19-9500-P,10296.95,109.8,0.04,0.3,0.0435,31.4,115.6,6.22508,-32.65439,-1.06522,0.00017,-0.30428
10361.11,BTC-27SEP19,1563188341334,open,0.0,1066.8,0.0005,0.0445,0.0045478,110.61,0.002,0.0,BTC-27SEP19-4250-P,10296.95,108.08,0.004,3.4,0.0055,22.0,114.63,2.32325,-1.73925,-0.52937,1e-05,-0.0207
10361.1,BTC-27SEP19,1563188341468,open,0.43,73.8,0.379,0.4935,0.43641998,104.63,0.447,0.0,BTC-27SEP19-14000-P,10296.97,92.61,0.417,12.0,0.459,12.0,118.02,17.13819,-12.13656,-22.92823,8e-05,-0.65692
10361.1,BTC-27SEP19,1563188341468,open,0.0,379.7,0.0005,0.0405,0.00093238,135.0,0.002,0.0,BTC-27SEP19-2500-P,10296.97,125.27,0.0005,9.2,0.002,25.3,149.88,0.56324,-0.51463,-0.10531,0.0,-0.00409
10361.1,BTC-27SEP19,1563188341469,open,0.37,748.2,0.324,0.4035,0.36394946,101.05,0.356,0.0,BTC-27SEP19-7000-C,10296.97,97.53,0.3605,11.0,0.385,10.0,121.13,10.26801,-7.02282,10.44694,5e-05,0.86212
10306.4,SYN.BTC-26JUL19,1563188341469,open,0.32,32.3,0.27,0.3755,0.32265515,126.03,0.29,0.0,BTC-26JUL19-13500-P,10296.97,0.0,0.302,7.0,0.3575,7.0,198.29,3.73983,-21.66904,-3.66619,9e-05,-0.87118
10361.12,BTC-27SEP19,1563188341472,open,0.57,289.7,0.5315,0.611,0.57115313,107.88,0.588,0.0,BTC-27SEP19-4500-C,10296.97,0.0,0.002,1.1,0.694,5.0,299.17,2.71839,-1.98474,8.47036,1e-05,0.97506
10506.52,BTC-27DEC19,1563188341473,open,0.68,4.0,0.6365,0.716,0.67637409,103.86,0.59,0.0,BTC-27DEC19-3500-C,10296.97,0.0,0.0075,0.2,0.78,1.0,238.16,4.42721,-1.39436,14.06872,1e-05,0.97281
10300.32,SYN.BTC-19JUL19,1563188341472,open,0.03,129.6,0.0005,0.064,0.02441861,121.05,0.026,0.0,BTC-19JUL19-11000-C,10296.97,115.82,0.0225,31.0,0.025,2.1,122.62,3.80131,-59.36228,0.32453,0.00028,0.32114
225.8,SYN.ETH-19JUL19,1563188341814,open,0.01,605.0,0.001,0.054,0.01369,134.59,0.019,0.0,ETH-19JUL19-200-P,225.82,123.97,0.011,380.0,0.016,200.0,143.1,0.05944,-1.03213,-0.00447,0.00816,-0.17257
225.82,SYN.ETH-19JUL19,1563188341816,open,0.0,573.0,0.001,0.04,0.000325,134.97,0.001,0.0,ETH-19JUL19-320-C,225.82,0.0,0.0,0.0,0.002,175.0,172.69,0.00477,-0.07329,0.00017,0.00065,0.00741
225.8,SYN.ETH-19JUL19,1563188341819,open,0.01,605.0,0.001,0.054,0.01369,134.59,0.019,0.0,ETH-19JUL19-200-P,225.82,123.97,0.011,642.0,0.016,200.0,143.1,0.05944,-1.03213,-0.00447,0.00816,-0.17257
10506.5,BTC-27DEC19,1563188341832,open,0.19,150.2,0.1525,0.232,0.19223312,100.92,0.184,0.0,BTC-27DEC19-13000-C,10296.97,99.52,0.1885,11.0,0.1965,13.6,102.51,28.16194,-8.61873,15.08267,6e-05,0.51004
225.8,SYN.ETH-19JUL19,1563188341829,open,0.07,213.0,0.028,0.107,0.067524,132.36,0.071,0.0,ETH-19JUL19-220-C,225.82,123.61,0.064,179.0,0.069,297.0,136.19,0.08976,-1.53281,0.01282,0.01253,0.60212
10300.32,SYN.BTC-19JUL19,1563188341837,open,0.0,313.4,0.0005,0.0405,0.00077758,135.0,0.0005,0.0,BTC-19JUL19-14000-C,10296.97,127.38,0.0005,25.4,0.0015,2.7,148.67,0.43212,-7.52594,0.017,3e-05,0.01632
10300.32,SYN.BTC-19JUL19,1563188341838,open,0.21,62.6,0.17,0.267,0.21862678,131.14,0.248,0.0,BTC-19JUL19-12500-P,10296.97,0.0,0.213,7.0,0.224,7.0,158.77,1.66868,-28.232,-1.23859,0.00011,-0.91383
225.8,SYN.ETH-19JUL19,1563188341841,open,0.0,922.0,0.001,0.044,0.004071,134.96,0.005,0.0,ETH-19JUL19-280-C,225.82,134.48,0.004,173.0,0.007,550.0,153.34,0.03116,-0.54244,0.00157,0.00426,0.06975
10300.32,SYN.BTC-19JUL19,1563188341840,open,0.14,0.0,0.095,0.1745,0.13459193,121.37,None,0.0,BTC-19JUL19-9000-C,10296.97,99.8,0.1305,11.0,0.138,11.0,136.3,2.20709,-34.55893,0.80781,0.00016,0.87318
10306.4,SYN.BTC-26JUL19,1563188341901,open,0.02,406.3,0.0005,0.056,0.0154977,114.15,0.0175,0.0,BTC-26JUL19-8500-P,10296.97,108.85,0.0135,7.0,0.0165,37.0,116.72,3.97622,-20.86717,-0.48016,0.00011,-0.14086
10306.4,SYN.BTC-26JUL19,1563188341905,open,0.02,406.3,0.0005,0.056,0.0154977,114.15,0.0175,0.0,BTC-26JUL19-8500-P,10296.97,110.2,0.014,10.0,0.0165,37.0,116.72,3.97622,-20.86717,-0.48016,0.00011,-0.14086
10300.34,SYN.BTC-19JUL19,1563188341916,open,0.21,62.6,0.17,0.267,0.21862678,131.14,0.248,0.0,BTC-19JUL19-12500-P,10296.97,0.0,0.213,7.0,0.223,7.0,154.23,1.6687,-28.23224,-1.23859,0.00011,-0.91383
10306.4,SYN.BTC-26JUL19,1563188341928,open,0.04,487.6,0.001,0.084,0.0425899,114.1,0.044,0.0,BTC-26JUL19-9500-P,10296.97,108.13,0.039,7.0,0.0435,31.4,115.6,6.22507,-32.65443,-1.06521,0.00017,-0.30428
10306.4,SYN.BTC-26JUL19,1563188341938,open,0.04,487.6,0.001,0.084,0.0425899,114.1,0.044,0.0,BTC-26JUL19-9500-P,10296.97,108.96,0.0395,10.0,0.0435,31.4,115.6,6.22507,-32.65443,-1.06521,0.00017,-0.30428
10300.32,SYN.BTC-19JUL19,1563188341925,open,0.14,0.0,0.095,0.1745,0.13459193,121.37,None,0.0,BTC-19JUL19-9000-C,10296.97,105.67,0.1315,11.0,0.138,11.0,136.3,2.20709,-34.55893,0.80781,0.00016,0.87318
10300.32,SYN.BTC-19JUL19,1563188341964,open,0.0,313.4,0.0005,0.0405,0.00077758,135.0,0.0005,0.0,BTC-19JUL19-14000-C,10296.97,127.38,0.0005,14.4,0.0015,2.7,148.67,0.43212,-7.52594,0.017,3e-05,0.01632
225.73,ETH-27SEP19,1563188342104,open,0.05,1708.0,0.01,0.089,0.049595,111.66,0.044,0.0,ETH-27SEP19-380-C,225.82,109.68,0.047,279.0,0.053,160.0,114.22,0.29757,-0.22489,0.07605,0.00258,0.21606
225.73,ETH-27SEP19,1563188342104,open,0.41,191.0,0.37,0.449,0.409747,105.19,0.5,0.0,ETH-27SEP19-140-C,225.82,0.0,0.01,50.0,0.0,0.0,0.0,0.1864,-0.1327,0.22107,0.00172,0.89363
225.73,ETH-27SEP19,1563188342108,open,0.02,1534.0,0.001,0.059,0.019331,117.79,0.02,0.0,ETH-27SEP19-520-C,225.82,114.62,0.017,300.0,0.022,200.0,121.18,0.17182,-0.13698,0.03463,0.00141,0.09513
225.73,ETH-27SEP19,1563188342110,open,0.03,7628.0,0.001,0.071,0.030012,105.25,0.034,0.0,ETH-27SEP19-140-P,225.82,101.54,0.027,200.0,0.033,487.0,108.81,0.18651,-0.13287,-0.06235,0.00172,-0.10646
225.73,ETH-27SEP19,1563188342123,open,0.16,1745.0,0.124,0.203,0.163649,105.59,0.175,0.0,ETH-27SEP19-240-C,225.82,102.98,0.159,196.0,0.17,180.0,109.15,0.40276,-0.28783,0.1734,0.0037,0.54319
227.77,ETH-27DEC19,1563188342137,open,0.09,585.0,0.054,0.133,0.093174,114.01,0.096,0.0,ETH-27DEC19-480-C,225.82,110.79,0.086,150.0,0.099,273.0,116.57,0.51323,-0.17744,0.18983,0.00192,0.27768
225.82,SYN.ETH-19JUL19,1563188342148,open,0.0,459.0,0.001,0.04,8e-05,134.97,0.001,0.0,ETH-19JUL19-340-C,225.82,0.0,0.0,0.0,0.001,180.0,177.93,0.0015,-0.01799,5e-05,0.00021,0.00203
10300.32,SYN.BTC-19JUL19,1563188342186,open,0.0,313.4,0.0005,0.0405,0.00077758,135.0,0.0005,0.0,BTC-19JUL19-14000-C,10296.97,127.38,0.0005,25.4,0.0015,2.7,148.67,0.43212,-7.52594,0.017,3e-05,0.01632
10361.12,BTC-27SEP19,1563188342188,open,0.48,224.0,0.443,0.5225,0.48287133,104.25,0.5225,0.0,BTC-27SEP19-5500-C,10296.97,96.1,0.479,11.0,0.486,11.0,110.09,5.29722,-3.73774,9.65961,2e-05,0.94349
10306.4,SYN.BTC-26JUL19,1563188342221,open,0.02,406.3,0.0005,0.056,0.0154977,114.15,0.0175,0.0,BTC-26JUL19-8500-P,10296.97,111.54,0.0145,0.3,0.0165,37.0,116.72,3.97622,-20.86717,-0.48016,0.00011,-0.14086
10306.4,SYN.BTC-26JUL19,1563188342265,open,0.04,487.6,0.001,0.084,0.0425899,114.1,0.044,0.0,BTC-26JUL19-9500-P,10296.97,109.8,0.04,0.3,0.0435,31.4,115.6,6.22507,-32.65443,-1.06521,0.00017,-0.30428
10306.4,SYN.BTC-26JUL19,1563188342344,open,0.07,128.2,0.0305,0.11,0.07014232,114.1,0.0585,0.0,BTC-26JUL19-10500-C,10296.97,110.26,0.0675,18.0,0.0715,0.2,116.07,7.09734,-37.22925,1.32495,0.0002,0.50159
10300.32,SYN.BTC-19JUL19,1563188342352,open,0.0,313.4,0.0005,0.0405,0.00077758,135.0,0.0005,0.0,BTC-19JUL19-14000-C,10296.97,127.38,0.0005,14.4,0.0015,2.7,148.67,0.43212,-7.52594,0.017,3e-05,0.01632
10361.12,BTC-27SEP19,1563188342354,open,0.48,224.0,0.443,0.5225,0.48287133,104.25,0.5225,0.0,BTC-27SEP19-5500-C,10296.97,99.41,0.4805,11.0,0.486,11.0,110.09,5.29722,-3.73774,9.65961,2e-05,0.94349
225.74,ETH-27SEP19,1563188342360,open,2.18,0.0,2.071,2.325,2.197939,128.71,None,0.0,ETH-27SEP19-720-P,225.82,0.0,0.0,0.0,0.0,0.0,0.0,0.09335,-0.08132,-1.44133,0.0007,-0.95669
10506.52,BTC-27DEC19,1563188342373,open,0.66,7.1,0.594,0.7265,0.66034559,102.87,0.491,0.0,BTC-27DEC19-16000-P,10296.97,99.83,0.6525,3.6,0.67,3.6,106.58,27.21592,-8.49041,-59.98506,5e-05,-0.60358
227.77,ETH-27DEC19,1563188342463,open,0.27,307.0,0.225,0.304,0.264279,107.79,0.265,0.0,ETH-27DEC19-240-C,225.82,104.57,0.256,30.0,0.269,1.0,109.63,0.58556,-0.19141,0.35992,0.00232,0.6141
10506.45,BTC-27DEC19,1563188342467,open,2.08,0.3,1.961,2.2075,2.08416503,112.06,2.435,0.0,BTC-27DEC19-32000-P,10296.99,0.0,0.0,0.0,0.0,0.0,0.0,15.34642,-5.21527,-139.95571,3e-05,-0.86481
10506.45,BTC-27DEC19,1563188342467,open,0.03,235.4,0.0005,0.0655,0.02550789,116.15,0.025,0.0,BTC-27DEC19-40000-C,10296.99,114.78,0.024,0.4,0.027,6.0,117.46,11.75225,-4.13943,3.20474,2e-05,0.09303
10361.11,BTC-27SEP19,1563188342467,open,0.44,714.8,0.402,0.4815,0.44174624,103.82,0.434,0.0,BTC-27SEP19-6000-C,10296.99,98.82,0.4385,11.0,0.445,11.0,108.54,6.94875,-4.88281,10.0233,3e-05,0.91971
10506.45,BTC-27DEC19,1563188342467,open,0.59,6.5,0.5535,0.633,0.59323949,100.87,0.54,0.0,BTC-27DEC19-4500-C,10296.99,0.0,0.0115,0.1,0.972,1.0,500.0,7.96204,-2.43548,16.64919,2e-05,0.94405
10361.11,BTC-27SEP19,1563188342467,open,0.07,444.0,0.0265,0.1115,0.06885127,100.25,0.069,0.0,BTC-27SEP19-8000-P,10296.99,98.06,0.066,37.2,0.0715,31.3,102.28,13.51525,-9.17041,-5.89325,6e-05,-0.21217
10361.11,BTC-27SEP19,1563188342467,open,0.0,421.1,0.0005,0.0435,0.00368828,113.15,0.0025,0.0,BTC-27SEP19-4000-P,10296.99,112.13,0.0035,3.1,0.0045,22.0,117.22,1.94806,-1.49187,-0.43021,1e-05,-0.01683
10361.11,BTC-27SEP19,1563188342467,open,0.01,326.4,0.0005,0.054,0.01370211,104.26,0.012,0.0,BTC-27SEP19-5500-P,10296.99,101.85,0.0125,3.9,0.015,7.0,106.74,5.29732,-3.73785,-1.47239,2e-05,-0.05651
10506.45,BTC-27DEC19,1563188342467,open,0.02,152.2,0.0005,0.0605,0.02070543,117.19,0.02,0.0,BTC-27DEC19-44000-C,10296.99,114.85,0.0185,24.0,0.023,16.0,119.48,10.21321,-3.62975,2.67885,2e-05,0.07715
10361.11,BTC-27SEP19,1563188342467,open,0.11,147.9,0.065,0.153,0.10892525,100.25,0.1115,0.0,BTC-27SEP19-9000-P,10296.99,98.05,0.1055,0.4,0.1115,12.0,101.91,16.09248,-10.91907,-8.47837,7e-05,-0.29537
10361.11,BTC-27SEP19,1563188342468,open,0.02,568.0,0.0005,0.0615,0.02083533,103.82,0.023,0.0,BTC-27SEP19-6000-P,10296.99,102.57,0.02,4.1,0.022,31.0,105.54,6.94882,-4.8829,-2.12068,3e-05,-0.08029
10506.47,BTC-27DEC19,1563188342468,open,0.0,184.7,0.0005,0.0435,0.00372769,111.78,0.003,0.0,BTC-27DEC19-2500-P,10296.99,107.83,0.003,4.3,0.0045,17.0,115.5,2.06267,-0.69924,-0.70416,0.0,-0.01111
10506.47,BTC-27DEC19,1563188342468,open,0.11,158.3,0.064,0.1525,0.10819535,99.64,0.1085,0.0,BTC-27DEC19-7500-P,10296.99,96.35,0.102,11.9,0.109,11.9,100.07,19.82603,-5.9907,-14.67224,4e-05,-0.20096
10506.47,BTC-27DEC19,1563188342469,open,0.28,451.4,0.241,0.3205,0.28070555,99.64,0.2825,0.0,BTC-27DEC19-10000-C,10296.99,97.13,0.2745,10.0,0.284,14.6,100.98,25.91448,-7.83051,17.93405,5e-05,0.65859
10361.11,BTC-27SEP19,1563188342469,open,0.0,45.9,0.0005,0.042,0.00212602,124.41,0.002,0.0,BTC-27SEP19-3250-P,10296.99,123.27,0.002,3.7,0.003,46.0,131.31,1.17186,-0.98673,-0.24073,0.0,-0.00935
10506.47,BTC-27DEC19,1563188342470,open,0.09,217.6,0.045,0.132,0.08853247,99.64,0.076,0.0,BTC-27DEC19-7000-P,10296.99,96.41,0.083,7.0,0.0875,0.1,99.04,18.08954,-5.46602,-12.42613,4e-05,-0.1733
10506.47,BTC-27DEC19,1563188342470,open,0.49,122.9,0.4445,0.524,0.48405735,99.64,0.468,0.0,BTC-27DEC19-6000-C,10296.99,97.36,0.481,11.0,0.487,11.0,101.81,14.18506,-4.28628,18.75706,3e-05,0.87928
10361.11,BTC-27SEP19,1563188342470,open,0.04,255.1,0.0005,0.081,0.03955352,101.06,0.04,0.0,BTC-27SEP19-7000-P,10296.99,98.97,0.0375,4.0,0.0415,31.0,103.01,10.26802,-7.02285,-3.721,5e-05,-0.13788
10361.11,BTC-27SEP19,1563188342470,open,0.6,34.4,0.539,0.6665,0.6028057,106.89,0.3735,0.0,BTC-27SEP19-16000-P,10296.99,0.0,0.0045,10.0,1.224,0.2,500.0,14.92504,-10.79719,-28.29381,6e-05,-0.74639
10361.11,BTC-27SEP19,1563188342470,open,0.62,227.5,0.578,0.6575,0.61762889,113.15,0.7065,0.0,BTC-27SEP19-4000-C,10296.99,0.0,0.111,2.0,0.718,5.0,299.27,1.94794,-1.49175,7.66578,1e-05,0.98317
10306.41,SYN.BTC-26JUL19,1563188342467,open,0.01,314.4,0.0005,0.0485,0.00853616,115.7,0.01,0.0,BTC-26JUL19-8000-P,10296.99,109.77,0.007,56.4,0.0095,37.0,119.19,2.78348,-14.8065,-0.28915,8e-05,-0.08562
10361.11,BTC-27SEP19,1563188342471,open,0.06,160.2,0.019,0.0985,0.0585711,106.89,0.055,0.0,BTC-27SEP19-16000-C,10296.99,105.09,0.056,16.0,0.062,49.2,109.25,14.92515,-10.79738,4.0901,6e-05,0.25361
10506.47,BTC-27DEC19,1563188342471,open,2.45,1.3,2.319,2.595,2.4571163,113.97,2.889,0.0,BTC-27DEC19-36000-P,10296.99,0.0,0.0005,1.0,0.0,0.0,0.0,13.30727,-4.59941,-158.83541,2e-05,-0.88966
10506.47,BTC-27DEC19,1563188342470,open,0.25,422.1,0.206,0.2855,0.24553364,99.64,0.239,0.0,BTC-27DEC19-11000-C,10296.99,98.28,0.242,11.0,0.2505,24.6,101.56,27.18945,-8.21578,17.05968,5e-05,0.60499
10361.11,BTC-27SEP19,1563188342471,open,0.55,13.5,0.509,0.5885,0.54870723,107.26,0.382,0.0,BTC-27SEP19-4750-C,10296.99,0.0,0.0045,10.0,0.683,5.0,299.6,3.31275,-2.4049,8.80089,1e-05,0.96838
10361.11,BTC-27SEP19,1563188342471,open,0.01,291.5,0.0005,0.0455,0.00546951,107.88,0.005,0.0,BTC-27SEP19-4500-P,10296.99,103.98,0.0045,24.0,0.0065,12.0,111.62,2.7185,-1.98485,-0.63763,1e-05,-0.02494
10506.47,BTC-27DEC19,1563188342470,open,2.82,0.0,2.6795,2.9855,2.83266776,116.13,None,0.0,BTC-27DEC19-40000-P,10296.99,0.0,0.0005,4.0,0.0,0.0,0.0,11.74775,-4.13727,-177.48239,2e-05,-0.90701
10506.47,BTC-27DEC19,1563188342471,open,0.04,57.2,0.0005,0.078,0.03843162,112.07,0.035,0.0,BTC-27DEC19-32000-C,10296.99,111.08,0.037,3.6,0.0405,6.0,113.47,15.34926,-5.2167,4.59387,3e-05,0.13523
10300.34,SYN.BTC-19JUL19,1563188342467,open,0.31,35.3,0.26,0.3645,0.31214559,134.21,0.2545,0.0,BTC-19JUL19-13500-P,10296.99,0.0,0.3055,7.0,0.346,7.0,295.03,0.71405,-12.36365,-1.40276,5e-05,-0.97041
10506.47,BTC-27DEC19,1563188342471,open,1.89,0.2,1.7835,2.015,1.8990512,111.18,2.2245,0.0,BTC-27DEC19-30000-P,10296.99,0.0,0.0,0.0,0.0,0.0,0.0,16.56472,-5.58486,-130.40245,3e-05,-0.84862
10506.47,BTC-27DEC19,1563188342472,open,0.82,12.4,0.752,0.8975,0.82493425,103.95,0.559,0.0,BTC-27DEC19-18000-P,10296.99,0.0,0.004,5.0,1.593,0.2,500.0,25.77864,-8.12642,-70.62687,5e-05,-0.66322
10506.47,BTC-27DEC19,1563188342472,open,0.81,0.0,0.772,0.8515,0.81188401,118.74,None,0.0,BTC-27DEC19-2000-C,10296.99,0.0,0.014,3.0,0.9825,0.5,500.0,1.3087,-0.47126,8.61397,0.0,0.99339
10306.41,SYN.BTC-26JUL19,1563188342471,open,0.0,477.9,0.0005,0.043,0.00302186,133.02,0.002,0.0,BTC-26JUL19-16000-C,10296.99,124.54,0.002,20.0,0.004,1.5,139.6,1.4028,-8.57868,0.10089,3e-05,0.03588
10361.13,BTC-27SEP19,1563188342473,open,0.67,261.1,0.625,0.7045,0.66499691,122.03,0.714,0.0,BTC-27SEP19-3500-C,10296.99,0.0,0.161,1.0,0.7435,0.1,298.92,1.47491,-1.21814,6.76986,1e-05,0.98782
10306.41,SYN.BTC-26JUL19,1563188342471,open,0.1,184.9,0.0535,0.133,0.09304673,114.1,0.092,0.0,BTC-26JUL19-10000-C,10296.99,108.03,0.089,18.0,0.0945,25.1,116.28,6.87608,-36.06853,1.55489,0.00019,0.59937
10306.41,SYN.BTC-26JUL19,1563188342467,open,0.5,0.0,0.448,0.568,0.50782974,131.11,None,0.0,BTC-26JUL19-15500-P,10296.99,0.0,0.0,0.0,0.0,0.0,0.0,1.7019,-10.25836,-4.49068,4e-05,-0.95448
10506.47,BTC-27DEC19,1563188342473,open,0.45,63.0,0.4125,0.492,0.45215578,99.64,0.4965,0.0,BTC-27DEC19-6500-C,10296.99,0.0,0.3425,0.1,0.966,2.0,500.0,16.20077,-4.89538,19.05094,3e-05,0.85357
10300.34,SYN.BTC-19JUL19,1563188342467,open,0.4,0.0,0.352,0.464,0.40809921,135.11,None,0.0,BTC-19JUL19-14500-P,10296.99,0.0,0.4015,7.0,0.444,7.0,341.3,0.24543,-4.27792,-1.53077,2e-05,-0.9915
10506.47,BTC-27DEC19,1563188342473,open,0.0,148.7,0.0005,0.041,0.00125795,128.37,0.005,0.0,BTC-27DEC19-1500-P,10296.99,114.5,0.0005,6.5,0.002,13.2,137.11,0.76112,-0.29631,-0.23054,0.0,-0.0036
10306.41,SYN.BTC-26JUL19,1563188342468,open,0.01,419.2,0.0005,0.0495,0.0097015,128.04,0.0085,0.0,BTC-26JUL19-14000-C,10296.99,123.98,0.0085,17.0,0.011,47.0,132.16,3.14706,-18.52475,0.28066,8e-05,0.10109
10306.41,SYN.BTC-26JUL19,1563188342472,open,0.65,0.0,0.5855,0.717,0.65114759,135.03,None,0.0,BTC-26JUL19-17000-P,10296.99,0.0,0.0,0.0,0.0,0.0,0.0,0.90315,-5.60653,-5.00563,2e-05,-0.97885
10300.34,SYN.BTC-19JUL19,1563188342467,open,0.0,254.4,0.0005,0.0445,0.00433265,131.5,0.0035,0.0,BTC-19JUL19-8500-P,10296.99,125.07,0.0035,2.6,0.005,17.0,136.22,1.40473,-23.83021,-0.07988,9e-05,-0.0687
10306.41,SYN.BTC-26JUL19,1563188342470,open,0.42,0.0,0.3785,0.458,0.41834514,131.96,None,0.0,BTC-26JUL19-6000-C,10296.99,0.0,0.0005,0.1,0.0,0.0,0.0,0.32056,-1.94477,1.76656,1e-05,0.99359
10300.34,SYN.BTC-19JUL19,1563188342472,open,0.5,0.0,0.445,0.565,0.50488917,135.42,None,0.0,BTC-19JUL19-15500-P,10296.99,0.0,0.497,7.0,0.543,7.0,386.37,0.07113,-1.24256,-1.64361,0.0,-0.99787
10306.41,SYN.BTC-26JUL19,1563188342470,open,0.46,10.0,0.4025,0.519,0.46062117,129.74,0.17,0.0,BTC-26JUL19-15000-P,10296.99,0.0,0.4365,7.0,0.4985,7.0,228.83,2.08992,-12.46595,-4.30448,5e-05,-0.94106
10306.41,SYN.BTC-26JUL19,1563188342470,open,0.55,5.0,0.4935,0.6175,0.555456,133.04,0.2255,0.0,BTC-26JUL19-16000-P,10296.99,0.0,0.0,0.0,0.0,0.0,0.0,1.40359,-8.58484,-4.66647,3e-05,-0.9641
10306.41,SYN.BTC-26JUL19,1563188342472,open,0.03,501.8,0.0005,0.0695,0.02973649,119.5,0.0305,0.0,BTC-26JUL19-12000-C,10296.99,116.39,0.028,41.0,0.0315,1.0,122.61,5.80362,-31.8842,0.71604,0.00015,0.2629
10300.34,SYN.BTC-19JUL19,1563188342467,open,0.45,0.0,0.3985,0.5145,0.45644246,135.21,None,0.0,BTC-19JUL19-15000-P,10296.99,0.0,0.4495,7.0,0.4935,7.0,364.31,0.13397,-2.33698,-1.58825,1e-05,-0.99571
225.82,SYN.ETH-19JUL19,1563188342488,open,0.0,90.0,0.001,0.04,1.8e-05,134.98,0.002,0.0,ETH-19JUL19-360-C,225.82,0.0,0.0,0.0,0.001,180.0,198.55,0.00042,-0.00411,1e-05,6e-05,0.00051
225.8,SYN.ETH-19JUL19,1563188342482,open,0.07,213.0,0.028,0.107,0.067524,132.36,0.071,0.0,ETH-19JUL19-220-C,225.82,123.61,0.064,180.0,0.069,297.0,136.19,0.08976,-1.53281,0.01282,0.01253,0.60212
225.8,SYN.ETH-19JUL19,1563188342493,open,0.0,922.0,0.001,0.044,0.004071,134.96,0.005,0.0,ETH-19JUL19-280-C,225.82,134.48,0.004,174.0,0.007,550.0,153.34,0.03116,-0.54244,0.00157,0.00426,0.06975
227.77,ETH-27DEC19,1563188342579,open,0.08,473.0,0.042,0.121,0.081039,114.87,0.087,0.0,ETH-27DEC19-520-C,225.82,111.99,0.075,110.0,0.087,320.0,117.65,0.4836,-0.16847,0.171,0.0018,0.24724
227.77,ETH-27DEC19,1563188342657,open,0.32,212.0,0.266,0.37,0.318065,107.82,0.316,0.0,ETH-27DEC19-240-P,225.82,105.85,0.313,40.0,0.32,490.0,108.58,0.58554,-0.19146,-0.72423,0.00232,-0.38585
225.8,SYN.ETH-19JUL19,1563188342772,open,0.07,213.0,0.028,0.107,0.067524,132.36,0.071,0.0,ETH-19JUL19-220-C,225.82,123.61,0.064,179.0,0.069,297.0,136.19,0.08976,-1.53281,0.01282,0.01253,0.60212
225.8,SYN.ETH-19JUL19,1563188342788,open,0.0,922.0,0.001,0.044,0.004071,134.96,0.005,0.0,ETH-19JUL19-280-C,225.82,134.48,0.004,173.0,0.007,550.0,153.34,0.03116,-0.54244,0.00157,0.00426,0.06975
227.77,ETH-27DEC19,1563188342801,open,1.36,37.0,1.27,1.458,1.364244,114.97,0.707,0.0,ETH-27DEC19-520-P,225.82,0.0,0.001,500.0,0.0,0.0,0.0,0.48399,-0.16874,-2.17773,0.0018,-0.75238
225.81,SYN.ETH-26JUL19,1563188342809,open,0.0,1074.0,0.001,0.04,5.5e-05,134.98,0.001,0.0,ETH-26JUL19-480-C,225.82,0.0,0.0,0.0,0.001,180.0,177.52,0.0012,-0.00743,6e-05,6e-05,0.0009
225.82,SYN.ETH-19JUL19,1563188342813,open,0.0,315.0,0.001,0.04,4e-06,134.98,0.001,0.0,ETH-19JUL19-380-C,225.82,0.0,0.0,0.0,0.001,180.0,217.71,0.00011,-0.00088,0.0,1e-05,0.00012
225.74,ETH-27SEP19,1563188342901,open,0.01,2105.0,0.001,0.05,0.010431,122.97,0.013,0.0,ETH-27SEP19-640-C,225.82,117.65,0.008,300.0,0.013,200.0,127.84,0.11139,-0.09271,0.01992,0.00088,0.05403
227.77,ETH-27DEC19,1563188343018,open,0.07,163.0,0.032,0.111,0.071204,115.79,0.076,0.0,ETH-27DEC19-560-C,225.82,112.63,0.065,150.0,0.076,326.0,118.16,0.45513,-0.15982,0.15472,0.00168,0.22158
225.82,SYN.ETH-19JUL19,1563188343023,open,0.68,0.0,0.616,0.75,0.682944,177.77,None,0.0,ETH-19JUL19-380-P,225.82,0.0,0.0,0.0,0.0,0.0,0.0,0.00212,-0.0486,-0.04028,0.00022,-0.99702
225.82,SYN.ETH-19JUL19,1563188343026,open,0.04,1104.0,0.001,0.083,0.041858,132.58,0.051,0.0,ETH-19JUL19-220-P,225.82,125.38,0.039,344.0,0.047,150.0,145.5,0.08976,-1.53531,-0.01054,0.0125,-0.3977
10306.43,SYN.BTC-26JUL19,1563188343067,open,0.02,406.3,0.0005,0.056,0.01549742,114.15,0.0175,0.0,BTC-26JUL19-8500-P,10296.99,108.85,0.0135,7.0,0.0165,37.0,116.72,3.97616,-20.86683,-0.48015,0.00011,-0.14085
225.81,SYN.ETH-26JUL19,1563188343066,open,0.0,2384.0,0.001,0.04,2.9e-05,134.99,0.001,0.0,ETH-26JUL19-500-C,225.82,0.0,0.0,0.0,0.001,451.0,185.56,0.00068,-0.00423,3e-05,3e-05,0.00049
10306.43,SYN.BTC-26JUL19,1563188343069,open,0.02,406.3,0.0005,0.056,0.01549742,114.15,0.0175,0.0,BTC-26JUL19-8500-P,10296.99,110.2,0.014,10.0,0.0165,37.0,116.72,3.97616,-20.86683,-0.48015,0.00011,-0.14085
227.77,ETH-27DEC19,1563188343076,open,0.06,131.0,0.017,0.096,0.056083,117.48,0.06,0.0,ETH-27DEC19-640-C,225.85,113.95,0.05,336.0,0.061,336.0,120.22,0.40233,-0.14334,0.12796,0.00146,0.18045
227.77,ETH-27DEC19,1563188343076,open,0.05,477.0,0.006,0.085,0.045651,119.31,0.049,0.0,ETH-27DEC19-720-C,225.85,116.27,0.041,10.0,0.05,350.0,122.02,0.35768,-0.12941,0.10785,0.00128,0.15047
227.77,ETH-27DEC19,1563188343076,open,1.52,0.0,1.429,1.631,1.530041,115.9,0.845,0.0,ETH-27DEC19-560-P,225.85,0.0,0.0,0.0,0.0,0.0,0.0,0.45564,-0.16014,-2.37466,0.00168,-0.77799
225.74,ETH-27SEP19,1563188343076,open,0.01,1392.0,0.001,0.048,0.008525,124.09,0.011,0.0,ETH-27SEP19-680-C,225.85,117.5,0.006,500.0,0.011,200.0,129.45,0.09615,-0.08075,0.01663,0.00075,0.04493
227.77,ETH-27DEC19,1563188343076,open,0.72,255.0,0.661,0.799,0.730036,111.18,0.913,0.0,ETH-27DEC19-360-P,225.85,108.47,0.723,30.0,0.748,30.0,118.03,0.59352,-0.20012,-1.36272,0.00228,-0.59444
227.77,ETH-27DEC19,1563188343077,open,0.11,418.0,0.069,0.148,0.108293,113.21,0.116,0.0,ETH-27DEC19-440-C,225.85,110.13,0.101,110.0,0.115,304.0,116.0,0.54297,-0.18642,0.21151,0.00205,0.31387
227.77,ETH-27DEC19,1563188343076,open,2.03,0.0,1.915,2.157,2.035936,118.42,None,0.0,ETH-27DEC19-680-P,225.85,0.0,0.0,0.0,0.0,0.0,0.0,0.37919,-0.13617,-2.95438,0.00137,-0.83554
225.74,ETH-27SEP19,1563188343076,open,2.36,0.0,2.239,2.508,2.373696,129.49,None,0.0,ETH-27SEP19-760-P,225.85,0.0,0.0,0.0,0.0,0.0,0.0,0.08127,-0.07123,-1.52474,0.00061,-0.96347
227.77,ETH-27DEC19,1563188343076,open,0.06,232.0,0.023,0.102,0.062423,116.35,0.063,0.0,ETH-27DEC19-600-C,225.85,113.96,0.058,110.0,0.066,3.0,118.24,0.42641,-0.15046,0.13983,0.00156,0.19833
225.74,ETH-27SEP19,1563188343076,open,1.83,0.0,1.733,1.959,1.845928,123.73,None,0.0,ETH-27SEP19-640-P,225.85,0.0,0.0,0.0,0.0,0.0,0.0,0.11377,-0.09528,-1.27494,0.00089,-0.94451
227.77,ETH-27DEC19,1563188343077,open,0.58,81.0,0.522,0.648,0.584902,110.63,0.735,0.0,ETH-27DEC19-320-P,225.85,107.67,0.577,30.0,0.601,30.0,116.65,0.60849,-0.20415,-1.15126,0.00235,-0.53406
227.77,ETH-27DEC19,1563188343077,open,0.88,23.0,0.808,0.958,0.882848,112.26,0.775,0.0,ETH-27DEC19-400-P,225.85,84.37,0.818,110.0,1.49,1.0,378.13,0.5705,-0.19422,-1.5709,0.00217,-0.64397
227.77,ETH-27DEC19,1563188343077,open,0.22,167.0,0.178,0.257,0.217937,109.75,0.213,0.0,ETH-27DEC19-280-C,225.85,106.03,0.208,218.0,0.224,218.0,112.02,0.60831,-0.20246,0.32665,0.00237,0.53543
227.8,ETH-27DEC19,1563188343077,open,1.69,0.0,1.59,1.804,1.69689,116.65,0.953,0.0,ETH-27DEC19-600-P,225.85,0.0,0.0,0.0,0.0,0.0,0.0,0.42804,-0.15142,-2.56979,0.00157,-0.80046
225.81,SYN.ETH-26JUL19,1563188343077,open,0.03,1296.0,0.001,0.075,0.034008,120.85,0.037,0.0,ETH-26JUL19-200-P,225.85,115.28,0.031,200.0,0.037,180.0,126.31,0.12289,-0.68278,-0.01886,0.00669,-0.24633
227.8,ETH-27DEC19,1563188343078,open,2.2,0.0,2.079,2.335,2.207013,119.74,None,0.0,ETH-27DEC19-720-P,225.85,0.0,0.002,1000.0,0.0,0.0,0.0,0.36024,-0.13081,-3.14356,0.00128,-0.84794
225.74,ETH-27SEP19,1563188343078,open,0.11,1881.0,0.075,0.154,0.114263,107.51,0.113,0.0,ETH-27SEP19-280-C,225.85,104.51,0.109,224.0,0.12,300.0,110.77,0.39685,-0.28877,0.1394,0.00358,0.41937
227.8,ETH-27DEC19,1563188343078,open,1.03,0.0,0.959,1.121,1.040067,113.31,None,0.0,ETH-27DEC19-440-P,225.85,77.33,0.966,110.0,0.0,0.0,0.0,0.54337,-0.18671,-1.77582,0.00205,-0.6857
225.74,ETH-27SEP19,1563188343078,open,0.48,47.0,0.443,0.522,0.482807,105.39,0.689,0.0,ETH-27SEP19-120-C,225.85,0.0,0.0,0.0,0.0,0.0,0.0,0.11818,-0.0843,0.2097,0.00109,0.94176
227.8,ETH-27DEC19,1563188343078,open,0.05,132.0,0.011,0.09,0.050206,118.25,0.054,0.0,ETH-27DEC19-680-C,225.85,115.04,0.045,40.0,0.055,340.0,121.08,0.37838,-0.13569,0.11697,0.00137,0.16388
225.74,ETH-27SEP19,1563188343078,open,0.29,743.0,0.248,0.327,0.287869,105.21,0.274,0.0,ETH-27SEP19-180-C,225.85,0.0,0.0,0.0,0.609,10.0,343.31,0.31376,-0.22342,0.21695,0.00289,0.76271
225.82,SYN.ETH-19JUL19,1563188343078,open,0.0,142.0,0.001,0.04,1e-06,134.98,0.001,0.0,ETH-19JUL19-400-C,225.85,0.0,0.0,0.0,0.001,180.0,235.61,3e-05,-0.00018,0.0,0.0,3e-05
225.81,SYN.ETH-26JUL19,1563188343076,open,0.0,1236.0,0.001,0.04,1.5e-05,134.99,0.003,0.0,ETH-26JUL19-520-C,225.85,0.0,0.0,0.0,0.001,180.0,193.23,0.00039,-0.0024,2e-05,2e-05,0.00027
227.8,ETH-27DEC19,1563188343079,open,0.13,585.0,0.087,0.166,0.126691,112.25,0.127,0.0,ETH-27DEC19-400-C,225.85,109.16,0.119,110.0,0.134,295.0,115.15,0.57059,-0.19423,0.23601,0.00217,0.35605
225.81,SYN.ETH-26JUL19,1563188343078,open,0.06,814.0,0.016,0.095,0.055939,117.99,0.06,0.0,ETH-26JUL19-240-C,225.85,112.14,0.052,205.0,0.06,150.0,123.99,0.1525,-0.8272,0.02461,0.00851,0.42174
225.77,ETH-27SEP19,1563188343078,open,1.31,12.0,1.231,1.415,1.322975,118.31,1.193,0.0,ETH-27SEP19-520-P,225.85,0.0,0.0,0.0,0.0,0.0,0.0,0.17377,-0.13915,-1.01737,0.00142,-0.90342
225.77,ETH-27SEP19,1563188343079,open,1.14,0.0,1.066,1.237,1.15106,116.42,None,0.0,ETH-27SEP19-480-P,225.85,0.0,0.0,0.0,0.0,0.0,0.0,0.20242,-0.15949,-0.9284,0.00169,-0.88064
225.77,ETH-27SEP19,1563188343079,open,0.24,1200.0,0.2,0.279,0.239056,105.17,0.212,0.0,ETH-27SEP19-200-C,225.85,93.17,0.22,60.0,0.425,11.0,225.27,0.35889,-0.25547,0.20556,0.00331,0.6889
225.77,ETH-27SEP19,1563188343079,open,0.01,4081.0,0.001,0.052,0.012036,120.25,0.008,0.0,ETH-27SEP19-600-C,225.85,116.35,0.01,445.0,0.014,30.0,123.65,0.12451,-0.10133,0.02294,0.001,0.06224
227.8,ETH-27DEC19,1563188343079,open,1.19,21.0,1.113,1.288,1.200563,114.12,0.629,0.0,ETH-27DEC19-480-P,225.85,62.19,1.116,110.0,0.0,0.0,0.0,0.51375,-0.1778,-1.97814,0.00192,-0.72182
225.81,SYN.ETH-26JUL19,1563188343076,open,1.12,0.0,1.041,1.21,1.125954,153.9,None,0.0,ETH-26JUL19-480-P,225.85,0.0,0.0,0.0,0.0,0.0,0.0,0.004,-0.02829,-0.14281,0.00017,-0.99659
225.77,ETH-27SEP19,1563188343079,open,0.35,981.0,0.301,0.408,0.354683,107.61,0.463,0.0,ETH-27SEP19-280-P,225.85,104.37,0.349,120.0,0.365,120.0,113.46,0.39698,-0.28914,-0.42723,0.00358,-0.58027
225.77,ETH-27SEP19,1563188343079,open,0.65,233.0,0.587,0.719,0.652941,111.07,0.763,0.0,ETH-27SEP19-360-P,225.85,69.2,0.606,110.0,0.99,1.0,306.87,0.3207,-0.24107,-0.64245,0.0028,-0.753
225.77,ETH-27SEP19,1563188343080,open,0.73,259.0,0.664,0.802,0.733037,111.88,0.824,0.0,ETH-27SEP19-380-P,225.85,0.0,0.0,0.0,0.0,0.0,0.0,0.29829,-0.22587,-0.69282,0.00258,-0.78311
225.82,SYN.ETH-19JUL19,1563188343077,open,0.0,71.0,0.001,0.042,0.002687,135.04,0.006,0.0,ETH-19JUL19-180-P,225.85,127.38,0.002,230.0,0.005,550.0,155.04,0.02192,-0.38182,-0.00113,0.003,-0.04465
225.77,ETH-27SEP19,1563188343079,open,1.49,24.0,1.397,1.596,1.496205,120.04,1.356,0.0,ETH-27SEP19-560-P,225.85,0.0,0.0,0.0,0.0,0.0,0.0,0.1495,-0.12146,-1.10458,0.00121,-0.92105
225.77,ETH-27SEP19,1563188343079,open,0.0,1814.0,0.001,0.042,0.001975,110.83,0.002,0.0,ETH-27SEP19-80-P,225.85,100.76,0.001,180.0,0.003,300.0,118.34,0.02684,-0.02013,-0.00543,0.00023,-0.0099
225.77,ETH-27SEP19,1563188343080,open,0.2,1146.0,0.158,0.237,0.197692,105.18,0.216,0.0,ETH-27SEP19-220-C,225.85,101.3,0.191,120.0,0.204,300.0,108.85,0.38838,-0.27648,0.19051,0.00358,0.61459
225.81,SYN.ETH-26JUL19,1563188343077,open,1.21,0.0,1.126,1.303,1.214507,160.07,None,0.0,ETH-26JUL19-500-P,225.85,0.0,0.0,0.0,0.0,0.0,0.0,0.00366,-0.0269,-0.14879,0.00015,-0.99692
225.82,SYN.ETH-19JUL19,1563188343076,open,0.77,0.0,0.701,0.842,0.771517,193.7,None,0.0,ETH-19JUL19-400-P,225.85,0.0,0.0,0.0,0.0,0.0,0.0,0.00203,-0.05077,-0.04241,0.00019,-0.99715
225.81,SYN.ETH-26JUL19,1563188343077,open,0.0,1091.0,0.001,0.04,1e-06,134.99,0.001,0.0,ETH-26JUL19-600-C,225.85,0.0,0.0,0.0,0.001,180.0,220.7,4e-05,-0.00024,0.0,0.0,2e-05
225.77,ETH-27SEP19,1563188343080,open,0.0,389.0,0.001,0.041,0.001478,134.08,0.002,0.0,ETH-27SEP19-60-P,225.85,0.0,0.0,0.0,0.003,300.0,149.11,0.01787,-0.01622,-0.00352,0.00013,-0.00624
225.82,SYN.ETH-19JUL19,1563188343077,open,0.85,0.0,0.786,0.934,0.860092,209.05,None,0.0,ETH-19JUL19-420-P,225.85,0.0,0.0,0.0,0.0,0.0,0.0,0.00199,-0.05356,-0.04453,0.00018,-0.99722
225.81,SYN.ETH-26JUL19,1563188343079,open,0.77,985.0,0.702,0.843,0.772139,135.25,0.205,0.0,ETH-26JUL19-400-P,225.85,0.0,0.0,0.0,0.0,0.0,0.0,0.01025,-0.06371,-0.11857,0.0005,-0.99016
225.82,SYN.ETH-19JUL19,1563188343077,open,0.16,1063.0,0.118,0.21,0.163567,135.3,0.189,0.0,ETH-19JUL19-260-P,225.85,111.9,0.158,180.0,0.176,180.0,177.02,0.05961,-1.04044,-0.02375,0.00814,-0.82673
225.82,SYN.ETH-19JUL19,1563188343077,open,0.0,2.0,0.001,0.04,0.0,134.98,0.002,0.0,ETH-19JUL19-420-C,225.85,0.0,0.0,0.0,0.001,180.0,252.41,1e-05,-4e-05,0.0,0.0,1e-05
225.81,SYN.ETH-26JUL19,1563188343079,open,0.18,867.0,0.137,0.231,0.184114,119.97,0.175,0.0,ETH-26JUL19-260-P,225.85,90.2,0.168,30.0,0.191,180.0,131.55,0.13163,-0.72603,-0.06071,0.00722,-0.71813
225.82,SYN.ETH-19JUL19,1563188343076,open,0.09,1918.0,0.05,0.136,0.093089,132.66,0.115,0.0,ETH-19JUL19-240-P,225.85,121.88,0.089,251.0,0.1,150.0,150.5,0.08645,-1.47955,-0.01775,0.01204,-0.64703
225.82,SYN.ETH-19JUL19,1563188343078,open,0.13,50.0,0.088,0.167,0.127932,134.28,0.092,0.0,ETH-19JUL19-200-C,225.85,0.0,0.001,25.0,0.0,0.0,0.0,0.05931,-1.02747,0.01679,0.00816,0.82807
225.81,SYN.ETH-26JUL19,1563188343079,open,0.42,519.0,0.368,0.481,0.424198,130.73,0.183,0.0,ETH-26JUL19-320-P,225.85,0.0,0.051,5.0,0.0,0.0,0.0,0.05576,-0.33512,-0.09071,0.00281,-0.92395
225.81,SYN.ETH-26JUL19,1563188343079,open,0.51,1130.0,0.45,0.57,0.510198,134.81,0.6,0.0,ETH-26JUL19-340-P,225.85,0.0,0.0,0.0,0.0,0.0,0.0,0.04036,-0.25015,-0.09823,0.00197,-0.94975
225.81,SYN.ETH-26JUL19,1563188343079,open,0.01,1904.0,0.001,0.047,0.007057,130.69,0.008,0.0,ETH-26JUL19-320-C,225.85,121.59,0.005,571.0,0.009,250.0,138.07,0.05572,-0.3348,0.00464,0.00281,0.07598
225.81,SYN.ETH-26JUL19,1563188343079,open,0.0,562.0,0.001,0.044,0.004562,126.98,0.008,0.0,ETH-26JUL19-160-P,225.85,116.6,0.003,250.0,0.006,300.0,134.96,0.03783,-0.22087,-0.00343,0.00196,-0.04635
225.82,SYN.ETH-19JUL19,1563188343077,open,0.03,221.0,0.001,0.07,0.03018,132.4,0.027,0.0,ETH-19JUL19-240-C,225.85,124.04,0.027,174.0,0.031,226.0,134.54,0.08642,-1.47619,0.00773,0.01205,0.35261
10306.41,SYN.BTC-26JUL19,1563188343111,open,0.04,487.6,0.001,0.084,0.04258914,114.1,0.044,0.0,BTC-26JUL19-9500-P,10296.99,108.13,0.039,7.0,0.0435,31.4,115.6,6.22505,-32.65424,-1.0652,0.00017,-0.30427
10306.41,SYN.BTC-26JUL19,1563188343113,open,0.04,487.6,0.001,0.084,0.04258914,114.1,0.044,0.0,BTC-26JUL19-9500-P,10296.99,108.96,0.0395,10.0,0.0435,31.4,115.6,6.22505,-32.65424,-1.0652,0.00017,-0.30427
10506.41,BTC-27DEC19,1563188343181,open,0.4,93.7,0.3545,0.434,0.3943503,99.64,0.3885,0.0,BTC-27DEC19-7500-C,10296.99,96.53,0.3885,11.0,0.3965,11.0,100.78,19.8261,-5.99083,19.20603,4e-05,0.79904
10361.13,BTC-27SEP19,1563188343360,open,0.0,495.5,0.0005,0.04,0.00026471,135.0,0.001,0.0,BTC-27SEP19-2000-P,10296.99,0.0,0.0,0.0,0.001,4.6,157.16,0.19925,-0.18205,-0.03276,0.0,-0.0013
225.82,SYN.ETH-19JUL19,1563188343343,open,0.07,213.0,0.028,0.107,0.067524,132.36,0.071,0.0,ETH-19JUL19-220-C,225.85,123.48,0.064,180.0,0.069,297.0,136.07,0.08976,-1.53265,0.01282,0.01252,0.60238
225.82,SYN.ETH-19JUL19,1563188343385,open,0.0,922.0,0.001,0.044,0.004071,134.96,0.005,0.0,ETH-19JUL19-280-C,225.85,134.44,0.004,174.0,0.007,550.0,153.29,0.03119,-0.543,0.00158,0.00427,0.06984
10300.35,SYN.BTC-19JUL19,1563188343404,open,0.01,439.9,0.0005,0.0485,0.00835125,121.38,0.0105,0.0,BTC-19JUL19-9000-P,10296.99,114.86,0.007,39.3,0.0095,0.1,126.61,2.20718,-34.56256,-0.14785,0.00016,-0.12683
10300.35,SYN.BTC-19JUL19,1563188343423,open,0.01,439.9,0.0005,0.0485,0.00835125,121.38,0.0105,0.0,BTC-19JUL19-9000-P,10296.99,114.86,0.007,39.3,0.0095,0.2,126.61,2.20718,-34.56256,-0.14785,0.00016,-0.12683
10361.11,BTC-27SEP19,1563188343431,open,0.01,321.7,0.0005,0.0485,0.00883334,121.4,0.009,0.0,BTC-27SEP19-30000-C,10296.99,118.23,0.0075,24.0,0.01,20.0,123.94,4.58422,-3.76655,0.80275,2e-05,0.04711
10306.43,SYN.BTC-26JUL19,1563188343439,open,0.02,406.3,0.0005,0.056,0.01549742,114.15,0.0175,0.0,BTC-26JUL19-8500-P,10296.99,111.54,0.0145,0.3,0.0165,37.0,116.72,3.97616,-20.86683,-0.48015,0.00011,-0.14085
10506.41,BTC-27DEC19,1563188343468,open,0.04,236.6,0.004,0.0835,0.04368077,111.19,0.0425,0.0,BTC-27DEC19-30000-C,10297.2,110.43,0.0425,3.5,0.0455,6.0,112.33,16.56683,-5.586,5.11262,3e-05,0.15141
10506.41,BTC-27DEC19,1563188343468,open,0.07,220.5,0.028,0.1135,0.07082076,99.64,0.0615,0.0,BTC-27DEC19-6500-P,10297.2,96.82,0.0665,10.9,0.072,23.0,100.4,16.20071,-4.89528,-10.31038,3e-05,-0.14643
10361.09,BTC-27SEP19,1563188343468,open,0.2,806.3,0.1535,0.233,0.19326895,100.25,0.193,0.0,BTC-27SEP19-10000-C,10297.2,98.35,0.19,16.0,0.198,16.0,103.02,17.75541,-12.04749,8.93834,8e-05,0.6195
10506.41,BTC-27DEC19,1563188343468,open,0.72,0.0,0.6805,0.76,0.7204406,106.85,None,0.0,BTC-27DEC19-3000-C,10297.2,0.0,0.0055,0.1,0.978,0.5,500.0,3.07739,-0.99718,12.42886,1e-05,0.98233
10506.41,BTC-27DEC19,1563188343468,open,0.52,60.5,0.4785,0.558,0.51808089,99.68,0.567,0.0,BTC-27DEC19-5500-C,10297.2,0.0,0.0055,0.1,0.969,5.0,500.0,12.08373,-3.65269,18.2862,2e-05,0.90339
10506.41,BTC-27DEC19,1563188343468,open,0.03,186.4,0.0005,0.0705,0.03067209,113.99,0.0315,0.0,BTC-27DEC19-36000-C,10297.2,112.65,0.029,3.7,0.033,6.0,115.79,13.31075,-4.60114,3.78289,2e-05,0.11038
10361.09,BTC-27SEP19,1563188343468,open,0.64,0.0,0.6015,0.681,0.64124151,117.17,None,0.0,BTC-27SEP19-3750-C,10297.2,0.0,0.0045,10.0,0.731,10.0,299.86,1.68476,-1.33609,7.22548,1e-05,0.98579
10506.41,BTC-27DEC19,1563188343468,open,0.04,86.9,0.0005,0.083,0.04156858,99.68,0.0345,0.0,BTC-27DEC19-5500-P,10297.2,97.86,0.0395,3.8,0.043,10.0,100.91,12.08353,-3.65255,-6.55788,2e-05,-0.09661
10361.09,BTC-27SEP19,1563188343468,open,0.36,35.9,0.3045,0.413,0.3586997,103.62,0.3055,0.0,BTC-27SEP19-13000-P,10297.2,100.33,0.353,14.4,0.3635,7.0,106.38,18.00744,-12.62888,-20.10689,8e-05,-0.60011
10361.09,BTC-27SEP19,1563188343468,open,0.76,55.9,0.72,0.7995,0.75964549,135.01,0.689,0.0,BTC-27SEP19-2500-C,10297.2,0.0,0.0045,10.0,0.9205,5.0,500.0,0.56342,-0.51483,4.95463,0.0,0.99591
10506.41,BTC-27DEC19,1563188343468,open,0.06,141.1,0.018,0.0975,0.05794528,109.38,0.0575,0.0,BTC-27DEC19-26000-C,10297.2,108.86,0.057,3.8,0.0595,4.9,110.22,19.37831,-6.42782,6.43402,4e-05,0.19352
10506.41,BTC-27DEC19,1563188343470,open,0.86,0.0,0.8185,0.898,0.85848853,128.38,None,0.0,BTC-27DEC19-1500-C,10297.2,0.0,0.019,10.2,0.985,0.5,500.0,0.76135,-0.29642,6.54508,0.0,0.9964
10506.41,BTC-27DEC19,1563188343469,open,0.77,0.0,0.726,0.8055,0.76577912,111.79,None,0.0,BTC-27DEC19-2500-C,10297.2,0.0,0.014,3.0,0.98,0.5,500.0,2.06313,-0.69943,10.5885,0.0,0.98889
10361.09,BTC-27SEP19,1563188343468,open,0.22,134.8,0.1695,0.2665,0.21822128,101.31,0.217,0.0,BTC-27SEP19-11000-P,10297.2,98.66,0.2135,14.4,0.2225,7.0,103.7,18.50947,-12.69094,-14.25484,8e-05,-0.46153
10506.62,BTC-27DEC19,1563188343471,open,0.64,27.8,0.5945,0.674,0.63406509,102.31,0.6375,0.0,BTC-27DEC19-4000-C,10297.2,98.64,0.632,11.0,0.6375,11.0,107.94,6.11164,-1.89627,15.45866,1e-05,0.95979
10361.09,BTC-27SEP19,1563188343470,open,0.04,297.6,0.002,0.0815,0.04171342,109.37,0.038,0.0,BTC-27SEP19-18000-C,10297.2,107.95,0.04,3.8,0.043,19.5,110.41,12.66441,-9.37419,3.11747,5e-05,0.19037
10506.62,BTC-27DEC19,1563188343470,open,0.14,139.9,0.0975,0.177,0.13748054,102.87,0.1415,0.0,BTC-27DEC19-16000-C,10297.2,101.53,0.134,11.0,0.1415,4.9,104.42,27.21634,-8.49062,12.28951,5e-05,0.39643
10506.62,BTC-27DEC19,1563188343471,open,1.71,0.1,1.607,1.8235,1.71520647,110.37,2.02,0.0,BTC-27DEC19-28000-P,10297.2,0.0,0.001,1.0,2.5,0.1,483.43,17.93211,-6.00205,-120.75091,3e-05,-0.82907
10361.3,BTC-27SEP19,1563188343471,open,0.0,122.0,0.0005,0.043,0.00317185,117.17,0.0015,0.0,BTC-27SEP19-3750-P,10297.2,116.1,0.003,3.3,0.004,45.5,121.91,1.68454,-1.33589,-0.36442,1e-05,-0.01421
10361.3,BTC-27SEP19,1563188343471,open,1.52,0.0,1.4225,1.6235,1.52305917,117.85,None,0.0,BTC-27SEP19-26000-P,10297.2,0.0,0.0,0.0,0.0,0.0,0.0,6.31155,-5.0344,-51.42744,2e-05,-0.92923
10361.3,BTC-27SEP19,1563188343471,open,1.9,0.0,1.7885,2.02,1.90427601,121.52,None,0.0,BTC-27SEP19-30000-P,10297.2,0.0,0.0,0.0,0.0,0.0,0.0,4.60115,-3.78414,-59.91357,2e-05,-0.95267
10361.3,BTC-27SEP19,1563188343471,open,1.14,0.2,1.0605,1.2315,1.14597746,113.65,1.391,0.0,BTC-27SEP19-22000-P,10297.2,0.0,0.0045,10.0,1.8,0.1,500.0,8.86743,-6.8207,-42.65919,4e-05,-0.8882
10506.62,BTC-27DEC19,1563188343472,open,1.53,0.0,1.4315,1.6335,1.53261089,109.4,None,0.0,BTC-27DEC19-26000-P,10297.2,0.0,0.004,10.0,2.3325,0.2,500.0,19.3835,-6.43058,-111.0095,4e-05,-0.80641
10306.43,SYN.BTC-26JUL19,1563188343468,open,0.36,11.0,0.3135,0.4225,0.36807911,128.04,0.1845,0.0,BTC-26JUL19-14000-P,10297.2,0.0,0.347,7.0,0.404,7.0,208.55,3.14748,-18.52836,-3.89079,8e-05,-0.89889
10506.62,BTC-27DEC19,1563188343472,open,0.07,174.4,0.027,0.1065,0.06673103,107.96,0.0705,0.0,BTC-27DEC19-24000-C,10297.2,107.33,0.0655,3.6,0.0685,4.9,108.84,20.85177,-6.82654,7.22482,4e-05,0.21896
10506.62,BTC-27DEC19,1563188343472,open,0.02,75.5,0.0005,0.062,0.02154599,100.87,0.015,0.0,BTC-27DEC19-4500-P,10297.2,98.11,0.0195,11.1,0.0235,23.0,103.4,7.96178,-2.43538,-3.67776,2e-05,-0.05595
10506.62,BTC-27DEC19,1563188343472,open,1.34,0.0,1.257,1.445,1.35103775,107.97,None,0.0,BTC-27DEC19-24000-P,10297.2,0.0,0.006,1.0,2.1465,0.2,499.73,20.85546,-6.82879,-101.18495,4e-05,-0.78097
10361.3,BTC-27SEP19,1563188343473,open,0.16,200.8,0.1125,0.2045,0.1584165,100.26,0.157,0.0,BTC-27SEP19-10000-P,10297.2,97.97,0.1545,24.3,0.1615,12.0,102.06,17.75548,-12.04818,-11.30135,8e-05,-0.38048
10306.43,SYN.BTC-26JUL19,1563188343471,open,0.37,0.0,0.331,0.4105,0.37076104,131.98,0.3665,0.0,BTC-26JUL19-6500-C,10297.2,0.0,0.005,0.1,0.0,0.0,0.0,0.72303,-4.3871,1.88234,2e-05,0.98371
10300.35,SYN.BTC-19JUL19,1563188343468,open,0.0,168.8,0.0005,0.04,3.635e-05,135.0,0.0005,0.0,BTC-19JUL19-16000-C,10297.2,0.0,0.0,0.0,0.0005,7.1,173.57,0.03507,-0.37444,0.00103,0.0,0.00098
10300.35,SYN.BTC-19JUL19,1563188343472,open,0.0,170.4,0.0005,0.04,1.601e-05,135.0,0.0005,0.0,BTC-19JUL19-16500-C,10297.2,0.0,0.0,0.0,0.0005,9.0,183.93,0.01725,-0.16488,0.00048,0.0,0.00045
10300.35,SYN.BTC-19JUL19,1563188343468,open,0.0,127.8,0.0005,0.04,8.097e-05,135.0,0.0005,0.0,BTC-19JUL19-15500-C,10297.2,0.0,0.0,0.0,0.0005,5.6,162.78,0.06927,-0.83398,0.00217,0.0,0.00206
10306.43,SYN.BTC-26JUL19,1563188343468,open,0.06,499.6,0.021,0.1055,0.06331708,114.1,0.0585,0.0,BTC-26JUL19-10000-P,10297.2,108.38,0.0595,35.0,0.064,0.5,115.12,6.87608,-36.06927,-1.42475,0.00019,-0.40063
10306.43,SYN.BTC-26JUL19,1563188343471,open,0.19,327.3,0.1465,0.2415,0.19406042,119.5,0.117,0.0,BTC-26JUL19-12000-P,10297.2,101.72,0.1845,11.0,0.1985,11.0,127.26,5.80376,-31.88597,-2.8595,0.00015,-0.73709
10300.35,SYN.BTC-19JUL19,1563188343468,open,0.0,414.4,0.0005,0.04,0.00037542,135.0,0.001,0.0,BTC-19JUL19-14500-C,10297.2,0.0,0.0,0.0,0.001,2.9,153.1,0.24421,-3.86693,0.00884,2e-05,0.00845
10306.43,SYN.BTC-26JUL19,1563188343468,open,0.0,216.2,0.0005,0.0405,0.00050793,132.0,0.0005,0.0,BTC-26JUL19-6000-P,10297.2,0.0,0.0,0.0,0.001,35.0,144.31,0.32102,-1.94804,-0.02126,1e-05,-0.00642
10306.43,SYN.BTC-26JUL19,1563188343468,open,0.33,4.8,0.2835,0.363,0.32319856,123.31,0.455,0.0,BTC-26JUL19-7000-C,10297.2,0.0,0.005,0.1,0.0,0.0,0.0,1.11527,-6.32267,1.99494,3e-05,0.97281
10306.43,SYN.BTC-26JUL19,1563188343471,open,0.0,529.3,0.0005,0.0415,0.00168636,134.99,0.003,0.0,BTC-26JUL19-17000-C,10297.2,125.76,0.001,20.0,0.003,39.9,147.31,0.90212,-5.59876,0.05968,2e-05,0.02112
10306.43,SYN.BTC-26JUL19,1563188343471,open,0.0,375.4,0.0005,0.04,0.00010417,135.0,0.0005,0.0,BTC-26JUL19-21000-C,10297.2,0.0,0.0,0.0,0.001,6.4,169.1,0.09483,-0.58858,0.00476,0.0,0.00165
10306.43,SYN.BTC-26JUL19,1563188343468,open,0.12,99.4,0.081,0.1605,0.12083303,114.1,0.095,0.0,BTC-26JUL19-9500-C,10297.2,107.72,0.117,17.0,0.1235,0.1,118.5,6.225,-32.65315,1.76549,0.00017,0.69573
10306.43,SYN.BTC-26JUL19,1563188343472,open,0.01,266.0,0.0005,0.0525,0.01278686,126.02,0.0115,0.0,BTC-26JUL19-13500-C,10297.2,122.4,0.0115,17.0,0.0145,49.5,130.62,3.73961,-21.66665,0.3563,9e-05,0.12881
10306.43,SYN.BTC-26JUL19,1563188343474,open,0.0,162.8,0.0005,0.04,0.0004254,135.0,0.001,0.0,BTC-26JUL19-19000-C,10297.2,0.0,0.0,0.0,0.0015,3.3,156.79,0.30541,-1.89549,0.01732,1e-05,0.00607
10306.43,SYN.BTC-26JUL19,1563188343474,open,0.01,342.2,0.0005,0.047,0.00732285,129.71,0.006,0.0,BTC-26JUL19-14500-C,10297.2,124.23,0.006,17.0,0.0085,37.0,134.17,2.61659,-15.60396,0.21972,6e-05,0.07887
10300.35,SYN.BTC-19JUL19,1563188343473,open,0.36,16.4,0.306,0.414,0.35995665,135.06,0.331,0.0,BTC-19JUL19-14000-P,10297.2,0.0,0.3535,7.0,0.395,7.0,318.83,0.4331,-7.54642,-1.46952,3e-05,-0.98364
10306.43,SYN.BTC-26JUL19,1563188343483,open,0.04,487.6,0.001,0.084,0.04258914,114.1,0.044,0.0,BTC-26JUL19-9500-P,10297.2,109.8,0.04,0.3,0.0435,31.4,115.61,6.22503,-32.65407,-1.06519,0.00017,-0.30427
10300.35,SYN.BTC-19JUL19,1563188343483,open,0.0,313.4,0.0005,0.0405,0.00077761,135.0,0.0005,0.0,BTC-19JUL19-14000-C,10297.2,127.37,0.0005,25.4,0.0015,2.7,148.67,0.43215,-7.5264,0.017,3e-05,0.01632
10506.41,BTC-27DEC19,1563188343491,open,0.32,181.9,0.2815,0.361,0.32136147,99.64,0.3155,0.0,BTC-27DEC19-9000-C,10297.2,97.08,0.3155,11.0,0.324,11.0,100.8,24.002,-7.25264,18.64758,5e-05,0.71428
10506.41,BTC-27DEC19,1563188343502,open,0.37,207.6,0.3285,0.408,0.36828693,99.64,0.371,0.0,BTC-27DEC19-8000-C,10297.2,96.55,0.362,11.0,0.371,11.0,100.97,21.39449,-6.46474,19.10763,4e-05,0.7709
10506.41,BTC-27DEC19,1563188343546,open,0.37,207.6,0.3285,0.408,0.36828693,99.64,0.371,0.0,BTC-27DEC19-8000-C,10297.2,97.04,0.363,11.0,0.371,11.0,100.97,21.39449,-6.46474,19.10763,4e-05,0.7709
225.82,SYN.ETH-19JUL19,1563188343632,open,0.01,605.0,0.001,0.054,0.013673,134.59,0.019,0.0,ETH-19JUL19-200-P,225.85,128.04,0.012,152.0,0.016,200.0,143.17,0.05941,-1.0316,-0.00446,0.00815,-0.1724
225.82,SYN.ETH-19JUL19,1563188343634,open,0.0,573.0,0.001,0.04,0.000325,135.0,0.001,0.0,ETH-19JUL19-320-C,225.85,0.0,0.0,0.0,0.002,176.0,172.69,0.00477,-0.07343,0.00017,0.00065,0.00742
10361.09,BTC-27SEP19,1563188343715,open,0.24,375.0,0.2005,0.28,0.2402921,100.25,0.24,0.0,BTC-27SEP19-9000-C,10297.2,100.06,0.24,1.0,0.244,20.2,102.64,16.09249,-10.91917,9.73749,7e-05,0.70463
10300.35,SYN.BTC-19JUL19,1563188343743,open,0.0,313.4,0.0005,0.0405,0.00077764,135.0,0.0005,0.0,BTC-19JUL19-14000-C,10297.2,127.37,0.0005,14.4,0.0015,2.7,148.67,0.43215,-7.5264,0.017,3e-05,0.01632
10300.35,SYN.BTC-19JUL19,1563188343899,open,0.0,313.4,0.0005,0.0405,0.00077764,135.0,0.0005,0.0,BTC-19JUL19-14000-C,10297.2,127.37,0.0005,25.4,0.0015,2.7,148.67,0.43215,-7.5264,0.017,3e-05,0.01632
10361.09,BTC-27SEP19,1563188343903,open,0.53,793.2,0.4865,0.566,0.52629665,105.87,0.5945,0.0,BTC-27SEP19-5000-C,10297.2,96.03,0.523,11.0,0.5295,11.0,113.73,3.8968,-2.79217,9.12577,2e-05,0.96146
10306.43,SYN.BTC-26JUL19,1563188344065,open,0.02,406.3,0.0005,0.056,0.01549714,114.15,0.0175,0.0,BTC-26JUL19-8500-P,10297.2,108.85,0.0135,7.0,0.0165,37.0,116.72,3.97616,-20.86683,-0.48015,0.00011,-0.14085
10306.43,SYN.BTC-26JUL19,1563188344067,open,0.02,406.3,0.0005,0.056,0.01549714,114.15,0.0175,0.0,BTC-26JUL19-8500-P,10297.2,110.2,0.014,10.0,0.0165,37.0,116.72,3.97616,-20.86683,-0.48015,0.00011,-0.14085
10306.43,SYN.BTC-26JUL19,1563188344089,open,0.04,487.6,0.001,0.084,0.04258838,114.1,0.044,0.0,BTC-26JUL19-9500-P,10297.2,108.13,0.039,7.0,0.0435,31.4,115.61,6.22503,-32.65407,-1.06519,0.00017,-0.30427
10306.43,SYN.BTC-26JUL19,1563188344091,open,0.04,487.6,0.001,0.084,0.04258838,114.1,0.044,0.0,BTC-26JUL19-9500-P,10297.2,108.97,0.0395,10.0,0.0435,31.4,115.61,6.22503,-32.65407,-1.06519,0.00017,-0.30427
225.82,SYN.ETH-19JUL19,1563188344113,open,0.01,605.0,0.001,0.054,0.013673,134.59,0.019,0.0,ETH-19JUL19-200-P,225.85,124.03,0.011,642.0,0.016,200.0,143.17,0.05941,-1.0316,-0.00446,0.00815,-0.1724
225.82,SYN.ETH-19JUL19,1563188344116,open,0.0,573.0,0.001,0.04,0.000325,135.0,0.001,0.0,ETH-19JUL19-320-C,225.85,0.0,0.0,0.0,0.002,175.0,172.69,0.00477,-0.07343,0.00017,0.00065,0.00742
227.8,ETH-27DEC19,1563188344125,open,0.53,0.0,0.486,0.565,0.525661,108.0,None,0.0,ETH-27DEC19-120-C,225.85,0.0,0.001,1000.0,2.47,1.0,500.0,0.28105,-0.09205,0.37862,0.00111,0.89361
225.82,SYN.ETH-19JUL19,1563188344127,open,0.07,213.0,0.028,0.107,0.067573,132.36,0.071,0.0,ETH-19JUL19-220-C,225.85,123.48,0.064,179.0,0.069,297.0,136.07,0.08976,-1.53265,0.01282,0.01252,0.60238
225.85,SYN.ETH-19JUL19,1563188344139,open,0.0,922.0,0.001,0.044,0.004077,134.94,0.005,0.0,ETH-19JUL19-280-C,225.85,134.38,0.004,173.0,0.007,550.0,153.22,0.03122,-0.54356,0.00158,0.00427,0.06993
10306.43,SYN.BTC-26JUL19,1563188344222,open,0.02,406.3,0.0005,0.056,0.01549714,114.15,0.0175,0.0,BTC-26JUL19-8500-P,10297.2,110.2,0.014,17.0,0.0165,37.0,116.72,3.97616,-20.86683,-0.48015,0.00011,-0.14085
225.85,SYN.ETH-19JUL19,1563188344289,open,0.24,620.0,0.195,0.293,0.244026,136.1,0.398,0.0,ETH-19JUL19-280-P,225.85,0.0,0.224,10.0,0.263,10.0,220.39,0.03186,-0.55943,-0.02811,0.00432,-0.9282
227.8,ETH-27DEC19,1563188344325,open,0.05,476.0,0.011,0.094,0.052508,108.06,0.02,0.0,ETH-27DEC19-120-P,225.85,103.53,0.047,50.0,0.055,282.0,110.07,0.28115,-0.09213,-0.16356,0.00111,-0.10644
10300.35,SYN.BTC-19JUL19,1563188344414,open,0.0,313.4,0.0005,0.0405,0.00077764,135.0,0.0005,0.0,BTC-19JUL19-14000-C,10297.2,127.37,0.0005,14.4,0.0015,2.7,148.67,0.43215,-7.5264,0.017,3e-05,0.01632
10306.43,SYN.BTC-26JUL19,1563188344416,open,0.02,406.3,0.0005,0.056,0.01549714,114.15,0.0175,0.0,BTC-26JUL19-8500-P,10297.2,111.54,0.0145,0.3,0.0165,37.0,116.72,3.97616,-20.86683,-0.48015,0.00011,-0.14085
10506.62,BTC-27DEC19,1563188344416,open,0.14,139.9,0.0975,0.177,0.13748431,102.87,0.1415,0.0,BTC-27DEC19-16000-C,10297.2,101.33,0.1335,11.0,0.1415,4.9,104.42,27.21634,-8.49062,12.28951,5e-05,0.39643
225.82,SYN.ETH-19JUL19,1563188344428,open,0.01,605.0,0.001,0.054,0.013673,134.59,0.019,0.0,ETH-19JUL19-200-P,225.85,128.04,0.012,152.0,0.016,200.0,143.17,0.05941,-1.0316,-0.00446,0.00815,-0.1724
225.82,SYN.ETH-19JUL19,1563188344432,open,0.0,573.0,0.001,0.04,0.000325,135.0,0.001,0.0,ETH-19JUL19-320-C,225.85,0.0,0.0,0.0,0.002,176.0,172.69,0.00477,-0.07343,0.00017,0.00065,0.00742
225.82,SYN.ETH-19JUL19,1563188344439,open,0.07,213.0,0.028,0.107,0.067573,132.36,0.071,0.0,ETH-19JUL19-220-C,225.85,123.48,0.064,180.0,0.069,297.0,136.07,0.08976,-1.53265,0.01282,0.01252,0.60238
225.85,SYN.ETH-19JUL19,1563188344453,open,0.0,922.0,0.001,0.044,0.004077,134.94,0.005,0.0,ETH-19JUL19-280-C,225.85,134.38,0.004,174.0,0.007,550.0,153.22,0.03122,-0.54356,0.00158,0.00427,0.06993
10306.64,SYN.BTC-26JUL19,1563188344460,open,0.04,487.6,0.001,0.084,0.04258838,114.11,0.044,0.0,BTC-26JUL19-9500-P,10297.2,109.81,0.04,0.3,0.0435,31.4,115.62,6.22492,-32.65638,-1.06513,0.00017,-0.30424
10361.25,BTC-27SEP19,1563188344468,open,0.01,297.6,0.0005,0.047,0.00715204,107.26,0.0055,0.0,BTC-27SEP19-4750-P,10297.19,103.49,0.006,4.1,0.0085,22.0,111.29,3.31269,-2.40486,-0.81305,1e-05,-0.03162
10506.55,BTC-27DEC19,1563188344468,open,0.01,111.5,0.0005,0.0495,0.00949975,103.85,0.008,0.0,BTC-27DEC19-3500-P,10297.19,101.41,0.0085,3.6,0.011,17.0,107.28,4.42702,-1.39428,-1.74118,1e-05,-0.02719
10506.55,BTC-27DEC19,1563188344469,open,0.0,88.9,0.0005,0.042,0.00224209,118.74,0.003,0.0,BTC-27DEC19-2000-P,10297.19,112.0,0.0015,4.7,0.003,17.0,124.28,1.3084,-0.47113,-0.4202,0.0,-0.00661
10361.25,BTC-27SEP19,1563188344469,open,0.01,443.5,0.0005,0.049,0.00887136,105.87,0.0075,0.0,BTC-27SEP19-5000-P,10297.19,103.49,0.008,3.4,0.0105,51.0,110.02,3.89663,-2.79205,-0.99413,2e-05,-0.03853
10361.25,BTC-27SEP19,1563188344469,open,0.07,428.5,0.0305,0.11,0.07038706,105.75,0.0615,0.0,BTC-27SEP19-15000-C,10297.19,103.88,0.0675,16.0,0.0735,34.5,107.74,16.07513,-11.5053,4.70344,7e-05,0.29467
10506.55,BTC-27DEC19,1563188344469,open,0.56,62.9,0.5145,0.594,0.55444162,99.97,0.598,0.0,BTC-27DEC19-5000-C,10297.19,0.0,0.0045,0.1,0.7015,14.0,221.66,9.97241,-3.02316,17.59747,2e-05,0.92523
10506.55,BTC-27DEC19,1563188344469,open,3.2,0.0,3.0405,3.3765,3.20862454,117.25,None,0.0,BTC-27DEC19-44000-P,10297.19,0.0,0.0,0.0,0.0,0.0,0.0,10.22896,-3.63709,-196.07063,2e-05,-0.92269
10361.24,BTC-27SEP19,1563188344470,open,0.81,28.2,0.7675,0.847,0.80723483,134.86,0.755,0.0,BTC-27SEP19-2000-C,10297.19,0.0,0.01,1.0,0.931,5.0,500.0,0.1977,-0.18044,4.01551,0.0,0.99871
10361.24,BTC-27SEP19,1563188344470,open,1.71,0.0,1.605,1.8215,1.71319675,119.47,None,0.0,BTC-27SEP19-28000-P,10297.19,0.0,0.0,0.0,0.0,0.0,0.0,5.33029,-4.31004,-55.70421,2e-05,-0.94304
10361.24,BTC-27SEP19,1563188344471,open,0.3,901.1,0.257,0.3365,0.29673214,100.25,0.2905,0.0,BTC-27SEP19-8000-C,10297.19,97.37,0.293,10.0,0.301,11.0,103.5,13.51491,-9.16966,10.29912,6e-05,0.78784
10361.24,BTC-27SEP19,1563188344471,open,0.02,386.1,0.0005,0.0625,0.0226527,113.6,0.022,0.0,BTC-27SEP19-22000-C,10297.19,111.63,0.021,29.0,0.0245,20.0,115.72,8.85985,-6.81217,1.86665,4e-05,0.11166
10506.54,BTC-27DEC19,1563188344471,open,1.17,3.9,1.0855,1.259,1.17211563,106.66,0.752,0.0,BTC-27DEC19-22000-P,10297.19,0.0,0.006,2.0,1.962,0.3,500.0,22.47017,-7.2684,-91.19213,4e-05,-0.74936
10506.54,BTC-27DEC19,1563188344471,open,0.02,58.3,0.0005,0.0575,0.01790339,119.13,0.016,0.0,BTC-27DEC19-48000-C,10297.19,116.88,0.016,14.0,0.02,16.0,121.45,9.18682,-3.31905,2.33936,2e-05,0.0672
10361.24,BTC-27SEP19,1563188344472,open,0.69,0.0,0.6485,0.728,0.68845881,124.43,None,0.0,BTC-27SEP19-3250-C,10297.19,0.0,0.0045,10.0,0.9065,5.0,500.0,1.1725,-0.9874,6.33708,0.0,0.99064
10506.54,BTC-27DEC19,1563188344472,open,3.57,0.0,3.403,3.7695,3.5864516,119.09,None,0.0,BTC-27DEC19-48000-P,10297.19,0.0,0.0,0.0,0.0,0.0,0.0,9.17626,-3.31412,-214.48656,2e-05,-0.9329
10361.24,BTC-27SEP19,1563188344472,open,0.01,206.8,0.0005,0.0465,0.00684423,121.96,0.0075,0.0,BTC-27SEP19-32000-C,10297.19,119.56,0.006,24.0,0.0075,0.5,123.69,3.80796,-3.14317,0.64208,1e-05,0.03746
10306.64,SYN.BTC-26JUL19,1563188344470,open,0.19,36.6,0.151,0.2305,0.19076947,114.12,0.2155,0.0,BTC-26JUL19-8500-C,10297.19,105.3,0.1875,11.0,0.1945,0.3,123.45,3.97465,-20.85251,2.05284,0.00011,0.85923
10306.64,SYN.BTC-26JUL19,1563188344471,open,0.02,586.8,0.0005,0.057,0.0173196,124.89,0.017,0.0,BTC-26JUL19-13000-C,10297.19,121.78,0.016,5.0,0.019,43.4,128.72,4.43765,-25.4791,0.45732,0.00011,0.16624
10506.54,BTC-27DEC19,1563188344473,open,0.01,163.2,0.0005,0.046,0.00597868,106.85,0.004,0.0,BTC-27DEC19-3000-P,10297.19,105.17,0.0055,3.3,0.007,17.0,110.18,3.07686,-0.99696,-1.12231,1e-05,-0.01767
10300.56,SYN.BTC-19JUL19,1563188344468,open,0.0,130.7,0.0005,0.0425,0.00275486,132.38,0.004,0.0,BTC-19JUL19-13000-C,10297.19,124.7,0.002,12.3,0.004,40.6,142.78,1.10691,-18.90337,0.05244,7e-05,0.0507
10300.56,SYN.BTC-19JUL19,1563188344468,open,0.04,55.0,0.0005,0.0795,0.03970167,117.58,0.0425,0.0,BTC-19JUL19-10500-C,10297.19,112.19,0.0375,18.0,0.0405,2.0,119.53,4.21431,-63.92574,0.46089,0.00032,0.46109
10300.56,SYN.BTC-19JUL19,1563188344468,open,0.09,341.4,0.049,0.136,0.09234412,121.09,0.0925,0.0,BTC-19JUL19-11000-P,10297.19,103.5,0.086,19.0,0.095,7.0,128.23,3.8021,-59.3954,-0.84335,0.00028,-0.67872
10300.56,SYN.BTC-19JUL19,1563188344468,open,0.01,454.3,0.0005,0.0485,0.00885807,128.73,0.0105,0.0,BTC-19JUL19-12000-C,10297.19,122.58,0.0075,2.3,0.01,47.0,133.62,2.35094,-39.04414,0.14234,0.00016,0.139
10300.56,SYN.BTC-19JUL19,1563188344468,open,0.26,83.7,0.2145,0.315,0.26484729,132.61,0.184,0.0,BTC-19JUL19-13000-P,10297.19,0.0,0.2585,7.0,0.2705,7.0,170.15,1.11265,-19.03541,-1.32761,7e-05,-0.94897
10300.56,SYN.BTC-19JUL19,1563188344468,open,0.18,0.0,0.1395,0.219,0.17911805,131.38,0.2,0.0,BTC-19JUL19-8500-C,10297.19,92.37,0.1755,11.0,0.184,11.0,161.06,1.402,-23.76354,0.82289,9e-05,0.93147
10300.56,SYN.BTC-19JUL19,1563188344468,open,0.13,250.2,0.0865,0.1765,0.13134498,125.3,0.1225,0.0,BTC-19JUL19-11500-P,10297.19,104.47,0.1255,21.8,0.1345,11.0,135.49,3.10298,-50.15951,-1.00204,0.00022,-0.78481
10306.64,SYN.BTC-26JUL19,1563188344473,open,0.0,537.4,0.0005,0.0405,0.00085133,135.0,0.0005,0.0,BTC-26JUL19-18000-C,10297.19,126.87,0.0005,13.4,0.002,37.0,151.17,0.53206,-3.30212,0.03244,1e-05,0.01141
10300.56,SYN.BTC-19JUL19,1563188344468,open,0.02,390.1,0.0005,0.0585,0.01809514,119.35,0.015,0.0,BTC-19JUL19-9500-P,10297.19,112.67,0.016,32.8,0.0195,16.2,123.75,3.26919,-50.33842,-0.27788,0.00024,-0.23597
10300.56,SYN.BTC-19JUL19,1563188344538,open,0.06,488.6,0.017,0.101,0.05908402,117.63,0.06,0.0,BTC-19JUL19-10500-P,10297.19,113.76,0.0575,25.0,0.0605,7.0,121.09,4.21435,-63.95364,-0.65402,0.00032,-0.53888
10506.54,BTC-27DEC19,1563188344561,open,0.66,7.1,0.594,0.7265,0.66033371,102.87,0.491,0.0,BTC-27DEC19-16000-P,10297.19,99.83,0.6525,3.6,0.6695,3.6,106.39,27.2159,-8.49029,-59.98507,5e-05,-0.60359
10361.24,BTC-27SEP19,1563188344587,open,0.16,461.8,0.117,0.1965,0.1565583,101.3,0.1505,0.0,BTC-27SEP19-11000-C,10297.19,99.59,0.1535,16.0,0.161,16.0,103.79,18.5097,-12.6908,8.00935,8e-05,0.53848
10506.54,BTC-27DEC19,1563188344590,open,0.58,5.6,0.5175,0.6435,0.58054658,102.14,0.3855,0.0,BTC-27DEC19-15000-P,10297.19,99.27,0.573,3.6,0.5895,3.6,105.52,27.74066,-8.59231,-54.58729,5e-05,-0.56964
10506.55,BTC-27DEC19,1563188344591,open,0.11,373.0,0.072,0.1515,0.11171452,103.95,0.117,0.0,BTC-27DEC19-18000-C,10297.19,102.43,0.108,10.0,0.116,15.9,105.69,25.77937,-8.12693,10.68212,5e-05,0.33679
10506.54,BTC-27DEC19,1563188344593,open,0.29,66.2,0.241,0.344,0.29251003,99.64,0.287,0.0,BTC-27DEC19-11000-P,10297.19,97.32,0.2865,7.0,0.298,7.0,101.77,27.18948,-8.21601,-32.62883,5e-05,-0.395
10506.55,BTC-27DEC19,1563188344593,open,0.11,373.0,0.072,0.1515,0.11171452,103.95,0.117,0.0,BTC-27DEC19-18000-C,10297.19,102.43,0.108,20.0,0.116,15.9,105.69,25.77937,-8.12693,10.68212,5e-05,0.33679
10506.55,BTC-27DEC19,1563188344595,open,0.36,79.9,0.3045,0.413,0.35876517,100.2,0.353,0.0,BTC-27DEC19-12000-P,10297.19,97.85,0.3525,7.0,0.364,7.0,102.18,27.89864,-8.47782,-38.12602,6e-05,-0.44457
10361.24,BTC-27SEP19,1563188344697,open,0.6,0.2,0.5545,0.634,0.5943651,110.61,0.65,0.0,BTC-27SEP19-4250-C,10297.19,0.0,0.005,0.1,0.706,5.0,299.5,2.32321,-1.73924,8.07261,1e-05,0.97931
227.8,ETH-27DEC19,1563188344761,open,0.12,443.0,0.075,0.163,0.11891,108.04,0.121,0.0,ETH-27DEC19-160-P,225.85,104.88,0.113,40.0,0.122,222.0,109.7,0.42575,-0.1395,-0.32587,0.00168,-0.19777
10300.56,SYN.BTC-19JUL19,1563188344800,open,0.0,313.4,0.0005,0.0405,0.00077795,134.99,0.0005,0.0,BTC-19JUL19-14000-C,10297.19,127.37,0.0005,25.4,0.0015,2.7,148.66,0.43219,-7.52668,0.017,3e-05,0.01632
225.84,SYN.ETH-26JUL19,1563188344853,open,0.0,1116.0,0.001,0.04,0.000199,134.98,0.001,0.0,ETH-26JUL19-440-C,225.85,0.0,0.0,0.0,0.002,182.0,175.05,0.00358,-0.02224,0.00019,0.00017,0.00302
225.76,ETH-27SEP19,1563188344890,open,0.14,1587.0,0.097,0.176,0.1368,106.69,0.12,0.0,ETH-27SEP19-260-C,225.85,104.57,0.133,210.0,0.142,180.0,109.59,0.4046,-0.29216,0.15609,0.00368,0.47839
225.84,SYN.ETH-26JUL19,1563188344896,open,0.59,1047.0,0.533,0.66,0.596748,136.66,0.2,0.0,ETH-26JUL19-360-P,225.85,0.0,0.4,1.0,0.0,0.0,0.0,0.02764,-0.17365,-0.10533,0.00133,-0.96847
225.76,ETH-27SEP19,1563188344905,open,0.02,2676.0,0.001,0.064,0.024629,116.01,0.025,0.0,ETH-27SEP19-480-C,225.85,112.97,0.022,300.0,0.027,200.0,118.61,0.20095,-0.15777,0.04273,0.00168,0.11814
225.76,ETH-27SEP19,1563188344912,open,0.01,8246.0,0.001,0.054,0.014403,105.43,0.017,0.0,ETH-27SEP19-120-P,225.85,100.65,0.012,200.0,0.017,500.0,110.2,0.11822,-0.08435,-0.0332,0.00109,-0.05825
225.82,SYN.ETH-19JUL19,1563188344908,open,0.01,605.0,0.001,0.054,0.013673,134.59,0.019,0.0,ETH-19JUL19-200-P,225.85,124.03,0.011,642.0,0.016,200.0,143.17,0.05941,-1.0316,-0.00446,0.00815,-0.1724
225.85,SYN.ETH-19JUL19,1563188344914,open,0.0,573.0,0.001,0.04,0.000325,134.96,0.001,0.0,ETH-19JUL19-320-C,225.85,0.0,0.0,0.0,0.002,175.0,172.64,0.00477,-0.07344,0.00017,0.00065,0.00742
225.84,SYN.ETH-26JUL19,1563188344915,open,0.68,504.0,0.617,0.751,0.684179,137.73,0.168,0.0,ETH-26JUL19-380-P,225.85,0.0,0.0,0.0,0.0,0.0,0.0,0.01826,-0.11562,-0.11204,0.00087,-0.98077
225.76,ETH-27SEP19,1563188344925,open,0.12,4075.0,0.081,0.17,0.125051,105.25,0.179,0.0,ETH-27SEP19-200-P,225.85,102.7,0.121,333.0,0.128,180.0,107.1,0.35889,-0.25565,-0.19931,0.00331,-0.31114
225.82,SYN.ETH-19JUL19,1563188344923,open,0.07,213.0,0.028,0.107,0.067573,132.36,0.071,0.0,ETH-19JUL19-220-C,225.85,123.48,0.064,179.0,0.069,297.0,136.07,0.08976,-1.53265,0.01282,0.01252,0.60238
225.85,SYN.ETH-19JUL19,1563188344936,open,0.0,922.0,0.001,0.044,0.004086,134.94,0.005,0.0,ETH-19JUL19-280-C,225.85,134.38,0.004,173.0,0.007,550.0,153.22,0.03122,-0.54356,0.00158,0.00427,0.06993
225.84,SYN.ETH-26JUL19,1563188344959,open,0.22,0.0,0.177,0.256,0.216826,123.21,None,0.0,ETH-26JUL19-180-C,225.85,0.0,0.0,0.0,0.0,0.0,0.0,0.07817,-0.4428,0.0446,0.00417,0.87959
227.8,ETH-27DEC19,1563188344962,open,0.33,2.0,0.292,0.371,0.331249,108.04,0.333,0.0,ETH-27DEC19-200-C,225.85,0.0,0.001,1000.0,1.4,1.0,500.0,0.52727,-0.17276,0.38582,0.00208,0.7062
225.76,ETH-27SEP19,1563188344964,open,0.22,2445.0,0.178,0.275,0.22687,105.64,0.234,0.0,ETH-27SEP19-240-P,225.85,103.47,0.223,120.0,0.232,1.0,108.52,0.4028,-0.288,-0.31231,0.0037,-0.45663
225.84,SYN.ETH-26JUL19,1563188344967,open,0.12,1341.0,0.075,0.163,0.11879,118.12,0.123,0.0,ETH-26JUL19-240-P,225.85,116.95,0.118,150.0,0.122,180.0,122.86,0.15255,-0.82841,-0.04688,0.0085,-0.57784
225.76,ETH-27SEP19,1563188344978,open,0.65,0.0,0.608,0.687,0.64763,110.94,None,0.0,ETH-27SEP19-80-C,225.85,0.0,0.004,5.0,0.0,0.0,0.0,0.02696,-0.02024,0.15646,0.00024,0.99005
225.76,ETH-27SEP19,1563188344978,open,0.17,2456.0,0.126,0.219,0.172283,105.25,0.21,0.0,ETH-27SEP19-220-P,225.85,102.76,0.168,299.0,0.177,180.0,108.0,0.38836,-0.27665,-0.25482,0.00358,-0.3854
225.84,SYN.ETH-26JUL19,1563188344978,open,0.26,879.0,0.209,0.309,0.259044,123.1,0.255,0.0,ETH-26JUL19-280-P,225.85,80.95,0.244,30.0,0.279,30.0,161.75,0.10322,-0.58419,-0.07243,0.00552,-0.81738
225.84,SYN.ETH-26JUL19,1563188344986,open,0.0,1646.0,0.001,0.041,0.001335,134.97,0.001,0.0,ETH-26JUL19-380-C,225.85,0.0,0.0,0.0,0.004,730.0,159.35,0.01654,-0.10266,0.00106,0.00081,0.01713
225.84,SYN.ETH-26JUL19,1563188345002,open,0.0,1855.0,0.001,0.044,0.004486,134.72,0.008,0.0,ETH-26JUL19-340-C,225.85,125.41,0.003,5.0,0.006,250.0,142.51,0.04032,-0.24975,0.00308,0.00197,0.05018
225.76,ETH-27SEP19,1563188345010,open,0.02,1154.0,0.001,0.055,0.015368,119.37,0.017,0.0,ETH-27SEP19-560-C,225.85,115.57,0.013,300.0,0.018,200.0,123.24,0.14721,-0.11893,0.02833,0.0012,0.07736
225.76,ETH-27SEP19,1563188345039,open,0.01,4111.0,0.001,0.045,0.005424,105.43,0.009,0.0,ETH-27SEP19-100-P,225.85,94.75,0.003,500.0,0.007,300.0,110.94,0.06006,-0.04285,-0.01406,0.00055,-0.02535
225.76,ETH-27SEP19,1563188345039,open,0.07,1669.0,0.029,0.108,0.068451,110.11,0.068,0.0,ETH-27SEP19-340-C,225.85,107.15,0.064,261.0,0.072,160.0,112.43,0.34268,-0.25538,0.09727,0.00302,0.28132
225.76,ETH-27SEP19,1563188345039,open,0.97,0.0,0.902,1.06,0.981151,114.37,None,0.0,ETH-27SEP19-440-P,225.85,0.0,0.0,0.0,0.0,0.0,0.0,0.23603,-0.18271,-0.83706,0.002,-0.85074
225.76,ETH-27SEP19,1563188345041,open,0.03,2382.0,0.001,0.072,0.032022,114.22,0.037,0.0,ETH-27SEP19-440-C,225.85,111.26,0.029,298.0,0.035,200.0,117.02,0.23553,-0.18208,0.05335,0.002,0.14879
225.84,SYN.ETH-26JUL19,1563188345041,open,0.34,679.0,0.287,0.393,0.339735,126.33,0.356,0.0,ETH-26JUL19-300-P,225.85,0.0,0.03,1.0,0.0,0.0,0.0,0.07632,-0.44325,-0.08232,0.00398,-0.8836
225.76,ETH-27SEP19,1563188345043,open,1.66,27.0,1.564,1.776,1.669964,120.68,1.044,0.0,ETH-27SEP19-600-P,225.85,0.0,0.0,0.0,0.0,0.0,0.0,0.12591,-0.10284,-1.19115,0.00101,-0.93685
225.76,ETH-27SEP19,1563188345043,open,0.04,4132.0,0.003,0.082,0.042701,112.56,0.034,0.0,ETH-27SEP19-400-C,225.85,110.32,0.04,286.0,0.046,160.0,115.22,0.27599,-0.21025,0.0675,0.00238,0.19042
225.76,ETH-27SEP19,1563188345046,open,0.35,392.0,0.305,0.384,0.344747,105.2,0.51,0.0,ETH-27SEP19-160-C,225.85,0.0,0.1,10.0,0.0,0.0,0.0,0.25458,-0.18126,0.22287,0.00235,0.8325
10306.64,SYN.BTC-26JUL19,1563188345059,open,0.02,406.3,0.0005,0.056,0.01549405,114.16,0.0175,0.0,BTC-26JUL19-8500-P,10297.19,108.86,0.0135,7.0,0.0165,37.0,116.73,3.97605,-20.86757,-0.48013,0.00011,-0.14084
10306.64,SYN.BTC-26JUL19,1563188345062,open,0.02,406.3,0.0005,0.056,0.01549405,114.16,0.0175,0.0,BTC-26JUL19-8500-P,10297.19,110.21,0.014,10.0,0.0165,37.0,116.73,3.97605,-20.86757,-0.48013,0.00011,-0.14084
10300.56,SYN.BTC-19JUL19,1563188345065,open,0.0,313.4,0.0005,0.0405,0.00077795,134.99,0.0005,0.0,BTC-19JUL19-14000-C,10297.19,127.37,0.0005,14.4,0.0015,2.7,148.66,0.43219,-7.52668,0.017,3e-05,0.01632
225.84,SYN.ETH-26JUL19,1563188345071,open,0.01,985.0,0.001,0.054,0.013963,123.51,0.012,0.0,ETH-26JUL19-180-P,225.85,117.69,0.012,250.0,0.017,549.0,131.95,0.07838,-0.44502,-0.00907,0.00418,-0.12086
10506.55,BTC-27DEC19,1563188345067,open,0.49,122.9,0.4445,0.524,0.48405943,99.64,0.468,0.0,BTC-27DEC19-6000-C,10297.19,96.98,0.4805,11.0,0.487,11.0,101.8,14.18508,-4.28633,18.75704,3e-05,0.87928
10306.64,SYN.BTC-26JUL19,1563188345084,open,0.04,487.6,0.001,0.084,0.04258137,114.11,0.044,0.0,BTC-26JUL19-9500-P,10297.19,108.14,0.039,7.0,0.0435,31.4,115.62,6.22492,-32.65638,-1.06513,0.00017,-0.30424
10306.64,SYN.BTC-26JUL19,1563188345087,open,0.04,487.6,0.001,0.084,0.04258137,114.11,0.044,0.0,BTC-26JUL19-9500-P,10297.19,108.98,0.0395,10.0,0.0435,31.4,115.62,6.22492,-32.65638,-1.06513,0.00017,-0.30424
225.76,ETH-27SEP19,1563188345092,open,0.74,0.0,0.696,0.775,0.735685,133.77,0.01,0.0,ETH-27SEP19-60-C,225.85,0.0,0.004,5.0,0.0,0.0,0.0,0.01768,-0.01601,0.11796,0.00013,0.99384
225.76,ETH-27SEP19,1563188345104,open,0.08,5297.0,0.042,0.128,0.085268,105.24,0.093,0.0,ETH-27SEP19-180-P,225.85,102.17,0.081,376.0,0.087,180.0,106.49,0.31377,-0.2235,-0.14737,0.00289,-0.23726
225.76,ETH-27SEP19,1563188345104,open,0.28,1376.0,0.237,0.339,0.288414,106.66,0.385,0.0,ETH-27SEP19-260-P,225.85,103.64,0.283,120.0,0.297,180.0,111.45,0.40459,-0.29208,-0.37016,0.00368,-0.52167
225.76,ETH-27SEP19,1563188345104,open,0.06,1627.0,0.019,0.098,0.058149,110.9,0.063,0.0,ETH-27SEP19-360-C,225.85,107.94,0.054,270.0,0.062,160.0,113.58,0.32027,-0.24038,0.08602,0.0028,0.2464
225.84,SYN.ETH-26JUL19,1563188345110,open,0.1,622.0,0.054,0.133,0.093509,117.79,0.076,0.0,ETH-26JUL19-220-C,225.85,108.08,0.087,304.0,0.097,150.0,122.99,0.15145,-0.8201,0.03349,0.00846,0.59113
225.76,ETH-27SEP19,1563188345129,open,0.57,346.0,0.512,0.637,0.574608,110.2,0.662,0.0,ETH-27SEP19-340-P,225.85,78.36,0.532,110.0,0.99,1.0,353.26,0.34285,-0.25571,-0.59082,0.00302,-0.71839
225.84,SYN.ETH-26JUL19,1563188345129,open,0.07,2302.0,0.026,0.11,0.067787,117.97,0.071,0.0,ETH-26JUL19-220-P,225.85,115.31,0.066,303.0,0.071,180.0,122.76,0.15145,-0.82138,-0.03208,0.00845,-0.40889
225.76,ETH-27SEP19,1563188345132,open,0.1,3003.0,0.056,0.135,0.09541,108.09,0.095,0.0,ETH-27SEP19-300-C,225.85,105.47,0.091,238.0,0.099,5.0,110.2,0.38224,-0.27962,0.1238,0.00343,0.36635
225.84,SYN.ETH-26JUL19,1563188345132,open,0.03,609.0,0.001,0.072,0.032689,119.91,0.042,0.0,ETH-26JUL19-260-C,225.85,113.5,0.029,451.0,0.036,200.0,125.53,0.13166,-0.72581,0.01677,0.00723,0.28193
225.82,SYN.ETH-19JUL19,1563188345221,open,0.07,213.0,0.028,0.107,0.067573,132.36,0.071,0.0,ETH-19JUL19-220-C,225.85,123.48,0.064,180.0,0.069,297.0,136.07,0.08976,-1.53265,0.01282,0.01252,0.60238
225.85,SYN.ETH-19JUL19,1563188345232,open,0.0,922.0,0.001,0.044,0.004086,134.94,0.005,0.0,ETH-19JUL19-280-C,225.85,134.38,0.004,174.0,0.007,550.0,153.22,0.03122,-0.54356,0.00158,0.00427,0.06993
225.84,SYN.ETH-26JUL19,1563188345241,open,0.0,1248.0,0.001,0.04,4e-06,134.98,0.002,0.0,ETH-26JUL19-560-C,225.85,0.0,0.0,0.0,0.001,270.0,207.52,0.00012,-0.00076,0.0,1e-05,8e-05
227.8,ETH-27DEC19,1563188345253,open,0.21,1612.0,0.161,0.257,0.209212,108.04,0.23,0.0,ETH-27DEC19-200-P,225.85,105.36,0.203,40.0,0.215,151.0,110.55,0.52727,-0.17276,-0.5176,0.00208,-0.2938
10306.64,SYN.BTC-26JUL19,1563188345293,open,0.04,487.6,0.001,0.084,0.04258137,114.11,0.044,0.0,BTC-26JUL19-9500-P,10297.19,108.98,0.0395,17.0,0.0435,31.4,115.62,6.22492,-32.65638,-1.06513,0.00017,-0.30424
225.85,SYN.ETH-19JUL19,1563188345304,open,0.5,742.0,0.446,0.565,0.505732,152.37,0.144,0.0,ETH-19JUL19-340-P,225.85,0.0,0.035,10.0,0.0,0.0,0.0,0.00381,-0.07492,-0.03597,0.00046,-0.99425
10300.56,SYN.BTC-19JUL19,1563188345327,open,0.0,313.4,0.0005,0.0405,0.00077795,134.99,0.0005,0.0,BTC-19JUL19-14000-C,10297.19,127.37,0.0005,25.4,0.0015,2.7,148.66,0.43219,-7.52668,0.017,3e-05,0.01632
10300.56,SYN.BTC-19JUL19,1563188345331,open,0.5,0.0,0.445,0.565,0.50485316,138.98,None,0.0,BTC-19JUL19-15500-P,10297.19,0.0,0.4965,7.0,0.543,7.0,386.47,0.08837,-1.58447,-1.64301,1e-05,-0.9973
225.84,SYN.ETH-26JUL19,1563188345340,open,0.94,0.0,0.871,1.026,0.948755,146.16,None,0.0,ETH-26JUL19-440-P,225.85,0.0,0.0,0.0,0.0,0.0,0.0,0.00654,-0.04394,-0.13074,0.00029,-0.99409
10300.56,SYN.BTC-19JUL19,1563188345343,open,0.0,313.4,0.0005,0.0405,0.00077795,134.99,0.0005,0.0,BTC-19JUL19-14000-C,10297.19,127.37,0.0005,14.4,0.0015,2.7,148.66,0.43219,-7.52668,0.017,3e-05,0.01632
10506.55,BTC-27DEC19,1563188345345,open,0.64,27.8,0.5945,0.674,0.63406755,102.32,0.6375,0.0,BTC-27DEC19-4000-C,10297.19,97.71,0.6315,11.0,0.6375,11.0,107.94,6.11299,-1.89691,15.4578,1e-05,0.95977
10506.54,BTC-27DEC19,1563188345355,open,0.17,232.1,0.1315,0.211,0.17146018,101.67,0.1615,0.0,BTC-27DEC19-14000-C,10297.19,100.0,0.167,11.0,0.1755,14.6,103.18,28.08448,-8.65931,14.10908,6e-05,0.46875
10506.54,BTC-27DEC19,1563188345361,open,0.17,232.1,0.1315,0.211,0.17146018,101.67,0.1615,0.0,BTC-27DEC19-14000-C,10297.19,100.0,0.167,11.0,0.1755,24.6,103.18,28.08448,-8.65931,14.10908,6e-05,0.46875
10300.56,SYN.BTC-19JUL19,1563188345361,open,0.5,0.0,0.445,0.565,0.50485316,138.98,None,0.0,BTC-19JUL19-15500-P,10297.19,0.0,0.4975,7.0,0.543,7.0,386.47,0.08837,-1.58447,-1.64301,1e-05,-0.9973
10306.64,SYN.BTC-26JUL19,1563188345384,open,0.02,406.3,0.0005,0.056,0.01549405,114.16,0.0175,0.0,BTC-26JUL19-8500-P,10297.19,111.54,0.0145,0.3,0.0165,37.0,116.73,3.97605,-20.86757,-0.48013,0.00011,-0.14084
10306.64,SYN.BTC-26JUL19,1563188345423,open,0.04,487.6,0.001,0.084,0.04258137,114.11,0.044,0.0,BTC-26JUL19-9500-P,10297.19,109.81,0.04,0.3,0.0435,31.4,115.62,6.22492,-32.65638,-1.06513,0.00017,-0.30424
10506.55,BTC-27DEC19,1563188345452,open,0.64,27.8,0.5945,0.674,0.63406755,102.32,0.6375,0.0,BTC-27DEC19-4000-C,10297.19,99.56,0.6325,11.0,0.6375,11.0,107.94,6.11299,-1.89691,15.4578,1e-05,0.95977
10506.54,BTC-27DEC19,1563188345454,open,0.17,232.1,0.1315,0.211,0.17146018,101.67,0.1615,0.0,BTC-27DEC19-14000-C,10297.19,100.38,0.168,11.0,0.1755,24.6,103.18,28.08448,-8.65931,14.10908,6e-05,0.46875
10506.47,BTC-27DEC19,1563188345468,open,0.03,134.2,0.0005,0.0715,0.03033283,99.96,0.027,0.0,BTC-27DEC19-5000-P,10297.54,97.47,0.028,11.1,0.0325,23.0,102.22,9.97212,-3.02297,-4.98799,2e-05,-0.07477
10361.19,BTC-27SEP19,1563188345468,open,0.86,42.8,0.8155,0.895,0.85527376,135.2,0.815,0.0,BTC-27SEP19-1500-C,10297.54,0.0,0.01,1.0,0.0,0.0,0.0,0.0434,-0.03972,3.02982,0.0,0.99975
10361.19,BTC-27SEP19,1563188345468,open,0.0,1657.1,0.0005,0.04,4.394e-05,135.0,0.0005,0.0,BTC-27SEP19-1500-P,10297.54,0.0,0.0,0.0,0.001,27.0,184.7,0.04276,-0.03907,-0.00607,0.0,-0.00025
10361.19,BTC-27SEP19,1563188345469,open,1.33,0.2,1.2405,1.4265,1.33364955,115.6,1.6,0.0,BTC-27SEP19-24000-P,10297.54,0.0,0.0,0.0,0.0,0.0,0.0,7.42496,-5.80936,-47.09978,3e-05,-0.9123
10361.19,BTC-27SEP19,1563188345469,open,0.03,378.9,0.0005,0.07,0.03025709,111.44,0.0275,0.0,BTC-27SEP19-20000-C,10297.54,109.69,0.0285,29.0,0.0325,20.0,113.6,10.59025,-7.9873,2.3918,4e-05,0.14431
10361.19,BTC-27SEP19,1563188345468,open,0.77,1.0,0.708,0.85,0.77895744,109.36,1.5815,0.0,BTC-27SEP19-18000-P,10297.54,0.0,0.0045,0.3,1.3995,0.3,500.0,12.66366,-9.37295,-33.31463,5e-05,-0.80965
10361.54,BTC-27SEP19,1563188345470,open,2.09,0.0,1.9715,2.219,2.0952745,122.19,None,0.0,BTC-27SEP19-32000-P,10297.54,0.0,0.0,0.0,0.0,0.0,0.0,3.83844,-3.17433,-64.11977,1e-05,-0.96217
10506.82,BTC-27DEC19,1563188345472,open,0.06,277.5,0.013,0.097,0.05513193,99.64,0.0475,0.0,BTC-27DEC19-6000-P,10297.54,97.31,0.052,7.0,0.0565,16.0,100.65,14.18494,-4.28636,-8.34563,3e-05,-0.12071
10361.54,BTC-27SEP19,1563188345473,open,0.01,133.2,0.0005,0.0505,0.0108329,119.5,0.011,0.0,BTC-27SEP19-28000-C,10297.54,116.81,0.0095,24.0,0.012,20.0,121.7,5.33498,-4.31482,0.96855,2e-05,0.05702
10306.62,SYN.BTC-26JUL19,1563188345469,open,0.16,51.8,0.114,0.1935,0.15352395,114.1,0.126,0.0,BTC-26JUL19-9000-C,10297.54,108.04,0.1505,11.0,0.157,11.0,120.89,5.20828,-27.32076,1.93709,0.00014,0.78429
10306.62,SYN.BTC-26JUL19,1563188345469,open,0.0,126.8,0.0005,0.04,0.00018234,135.0,0.0005,0.0,BTC-26JUL19-5500-P,10297.54,0.0,0.0,0.0,0.001,64.1,165.13,0.13632,-0.84604,-0.00813,0.0,-0.00246
10306.62,SYN.BTC-26JUL19,1563188345470,open,0.28,17.0,0.237,0.3165,0.2768317,118.62,0.246,0.0,BTC-26JUL19-7500-C,10297.54,98.09,0.274,11.0,0.2955,10.0,186.35,1.8048,-9.84232,2.07045,5e-05,0.95102
10306.62,SYN.BTC-26JUL19,1563188345472,open,0.27,30.0,0.2275,0.3295,0.27864582,124.89,0.31,0.0,BTC-26JUL19-13000-P,10297.54,0.0,0.2585,7.0,0.3105,7.0,186.0,4.43772,-25.47999,-3.4162,0.00011,-0.83376
10361.54,BTC-27SEP19,1563188345485,open,0.96,0.0,0.8825,1.0385,0.96052798,111.49,None,0.0,BTC-27SEP19-20000-P,10297.54,0.0,0.0045,10.0,1.577,0.2,500.0,10.59938,-7.99784,-38.0854,4e-05,-0.85551
10506.73,BTC-27DEC19,1563188345630,open,0.13,238.7,0.085,0.1745,0.12971162,99.64,0.1235,0.0,BTC-27DEC19-8000-P,10297.54,96.34,0.123,12.0,0.1305,7.0,100.03,21.3944,-6.46457,-17.02863,4e-05,-0.22909
10361.54,BTC-27SEP19,1563188345646,open,0.52,29.6,0.4575,0.5785,0.51805812,105.75,0.39,0.0,BTC-27SEP19-15000-P,10297.54,69.66,0.4695,5.0,0.5445,5.0,122.19,16.07628,-11.50637,-25.65593,7e-05,-0.7053
225.85,SYN.ETH-19JUL19,1563188345656,open,0.59,0.0,0.531,0.658,0.594238,167.28,None,0.0,ETH-19JUL19-360-P,225.85,0.0,0.001,25.0,0.0,0.0,0.0,0.00301,-0.06496,-0.03813,0.00033,-0.99559
225.84,SYN.ETH-26JUL19,1563188345765,open,1.47,0.0,1.381,1.579,1.479985,184.5,None,0.0,ETH-26JUL19-560-P,225.85,0.0,0.0,0.0,0.0,0.0,0.0,0.00415,-0.03519,-0.16664,0.00015,-0.99645
10506.73,BTC-27DEC19,1563188345824,open,0.01,227.9,0.0005,0.055,0.01478102,102.32,0.0135,0.0,BTC-27DEC19-4000-P,10297.54,99.17,0.013,10.8,0.0165,23.0,105.2,6.11233,-1.89662,-2.61035,1e-05,-0.04022
225.76,ETH-27SEP19,1563188345928,open,0.01,2589.0,0.001,0.046,0.006547,128.23,0.007,0.0,ETH-27SEP19-760-C,225.85,123.35,0.005,17.0,0.008,10.0,132.17,0.07794,-0.06764,0.01287,0.00059,0.0347
10506.73,BTC-27DEC19,1563188345954,open,3.95,1.0,3.766,4.1625,3.96439812,120.29,3.1845,0.0,BTC-27DEC19-52000-P,10297.54,0.0,0.001,1.0,0.0,0.0,0.0,8.16492,-2.97854,-232.87079,1e-05,-0.94224
10306.62,SYN.BTC-26JUL19,1563188345973,open,0.02,406.3,0.0005,0.056,0.01549431,114.15,0.0175,0.0,BTC-26JUL19-8500-P,10297.54,108.86,0.0135,7.0,0.0165,37.0,116.73,3.97579,-20.86464,-0.48008,0.00011,-0.14083
10306.62,SYN.BTC-26JUL19,1563188345975,open,0.02,406.3,0.0005,0.056,0.01549431,114.15,0.0175,0.0,BTC-26JUL19-8500-P,10297.54,110.21,0.014,10.0,0.0165,37.0,116.73,3.97579,-20.86464,-0.48008,0.00011,-0.14083
10306.96,SYN.BTC-26JUL19,1563188345980,open,0.74,0.0,0.6775,0.817,0.74730201,136.09,None,0.0,BTC-26JUL19-18000-P,10297.54,0.0,0.0,0.0,0.0,0.0,0.0,0.55719,-3.48614,-5.32918,1e-05,-0.98796
10306.62,SYN.BTC-26JUL19,1563188345997,open,0.04,487.6,0.001,0.084,0.04258182,114.1,0.044,0.0,BTC-26JUL19-9500-P,10297.54,108.14,0.039,7.0,0.0435,31.4,115.62,6.22482,-32.65229,-1.06507,0.00017,-0.30424
10306.62,SYN.BTC-26JUL19,1563188345999,open,0.04,487.6,0.001,0.084,0.04258182,114.1,0.044,0.0,BTC-26JUL19-9500-P,10297.54,108.98,0.0395,10.0,0.0435,31.4,115.62,6.22482,-32.65229,-1.06507,0.00017,-0.30424
227.8,ETH-27DEC19,1563188346116,open,0.44,188.0,0.39,0.505,0.447155,109.76,0.438,0.0,ETH-27DEC19-280-P,225.85,106.71,0.439,30.0,0.461,30.0,114.95,0.60837,-0.2025,-0.93808,0.00236,-0.46448
225.85,SYN.ETH-19JUL19,1563188346282,open,0.21,0.0,0.166,0.245,0.205573,133.98,None,0.0,ETH-19JUL19-180-C,225.85,0.0,0.0,0.0,0.0,0.0,0.0,0.02143,-0.37033,0.01801,0.00295,0.9566
10306.96,SYN.BTC-26JUL19,1563188346293,open,0.02,406.3,0.0005,0.056,0.01549431,114.16,0.0175,0.0,BTC-26JUL19-8500-P,10297.54,111.56,0.0145,0.3,0.0165,37.0,116.74,3.97567,-20.86659,-0.48005,0.00011,-0.14082
227.8,ETH-27DEC19,1563188346323,open,0.18,100.0,0.14,0.219,0.179916,110.59,0.175,0.0,ETH-27DEC19-320-C,225.85,106.88,0.17,261.0,0.185,231.0,112.5,0.60856,-0.20411,0.29428,0.00235,0.46591
10306.62,SYN.BTC-26JUL19,1563188346336,open,0.04,487.6,0.001,0.084,0.04258182,114.1,0.044,0.0,BTC-26JUL19-9500-P,10297.54,109.81,0.04,0.3,0.0435,31.4,115.62,6.22482,-32.65229,-1.06507,0.00017,-0.30424
225.85,SYN.ETH-19JUL19,1563188346335,open,0.07,213.0,0.028,0.107,0.067572,132.3,0.071,0.0,ETH-19JUL19-220-C,225.85,123.3,0.064,179.0,0.069,297.0,135.9,0.08975,-1.53182,0.01283,0.01252,0.60276
225.85,SYN.ETH-19JUL19,1563188346341,open,0.03,221.0,0.001,0.07,0.030209,132.37,0.027,0.0,ETH-19JUL19-240-C,225.85,123.93,0.027,173.0,0.031,226.0,134.43,0.08646,-1.47646,0.00774,0.01206,0.35292
225.85,SYN.ETH-19JUL19,1563188346347,open,0.0,922.0,0.001,0.044,0.004086,134.94,0.005,0.0,ETH-19JUL19-280-C,225.85,134.38,0.004,173.0,0.007,550.0,153.22,0.03122,-0.54356,0.00158,0.00427,0.06993
10306.62,SYN.BTC-26JUL19,1563188346354,open,0.0,162.8,0.0005,0.04,0.00042551,135.0,0.001,0.0,BTC-26JUL19-19000-C,10297.54,0.0,0.0,0.0,0.0015,3.4,156.78,0.30548,-1.89597,0.01732,1e-05,0.00607
10361.54,BTC-27SEP19,1563188346368,open,0.0,1066.8,0.0005,0.0445,0.00454699,110.61,0.002,0.0,BTC-27SEP19-4250-P,10297.54,108.08,0.004,3.4,0.0055,22.0,114.63,2.32321,-1.73928,-0.52935,1e-05,-0.02069
10306.96,SYN.BTC-26JUL19,1563188346448,open,0.0,382.6,0.0005,0.042,0.00238678,123.33,0.004,0.0,BTC-26JUL19-7000-P,10297.54,119.57,0.002,1.0,0.003,5.0,128.63,1.11542,-6.32463,-0.09083,3e-05,-0.02719
10506.73,BTC-27DEC19,1563188346468,open,0.22,172.1,0.177,0.2565,0.21660695,100.2,0.2115,0.0,BTC-27DEC19-12000-C,10297.84,99.03,0.2135,11.0,0.2215,24.6,102.04,27.89917,-8.47736,16.08036,6e-05,0.55542
10361.47,BTC-27SEP19,1563188346468,open,0.0,379.7,0.0005,0.0405,0.00093234,135.0,0.002,0.0,BTC-27SEP19-2500-P,10297.84,125.27,0.0005,9.2,0.002,25.3,149.89,0.56322,-0.51462,-0.1053,0.0,-0.00409
10361.47,BTC-27SEP19,1563188346468,open,0.02,291.4,0.0005,0.057,0.01732635,115.62,0.015,0.0,BTC-27SEP19-24000-C,10297.84,113.73,0.016,24.0,0.019,20.0,117.9,7.42822,-5.81269,1.4768,3e-05,0.08775
10361.47,BTC-27SEP19,1563188346469,open,0.43,73.8,0.379,0.4935,0.43640913,104.65,0.447,0.0,BTC-27SEP19-14000-P,10297.84,92.64,0.417,12.0,0.459,12.0,118.04,17.14032,-12.14004,-22.92713,8e-05,-0.65684
10361.47,BTC-27SEP19,1563188346469,open,0.01,100.1,0.0005,0.0535,0.01367582,117.78,0.0125,0.0,BTC-27SEP19-26000-C,10297.84,114.92,0.012,24.0,0.015,20.0,119.9,6.29987,-5.02181,1.19371,2e-05,0.0706
10300.9,SYN.BTC-19JUL19,1563188346468,open,0.02,227.3,0.0005,0.0545,0.01488218,125.22,0.014,0.0,BTC-19JUL19-11500-C,10297.84,118.84,0.013,33.3,0.016,28.0,128.89,3.10219,-50.11278,0.21898,0.00022,0.21508
10361.77,BTC-27SEP19,1563188346470,open,0.0,433.4,0.0005,0.0425,0.00279896,122.04,0.001,0.0,BTC-27SEP19-3500-P,10297.84,119.87,0.0025,4.1,0.0035,46.0,126.63,1.47527,-1.21858,-0.31421,1e-05,-0.01218
10507.03,BTC-27DEC19,1563188346470,open,0.5,18.3,0.444,0.564,0.50397053,101.69,0.528,0.0,BTC-27DEC19-14000-P,10297.84,98.9,0.4965,3.6,0.512,3.6,104.69,28.08627,-8.66155,-49.12934,6e-05,-0.53116
10300.9,SYN.BTC-19JUL19,1563188346468,open,0.01,240.1,0.0005,0.045,0.00507354,131.11,0.0065,0.0,BTC-19JUL19-12500-C,10297.84,124.1,0.004,2.1,0.006,30.0,136.6,1.66891,-28.22928,0.08872,0.00011,0.08618
10300.9,SYN.BTC-19JUL19,1563188346470,open,0.03,425.7,0.0005,0.076,0.03465716,118.21,0.034,0.0,BTC-19JUL19-10000-P,10297.84,112.7,0.0325,24.0,0.036,16.0,121.62,4.04303,-61.65467,-0.45404,0.0003,-0.38045
10306.96,SYN.BTC-26JUL19,1563188346469,open,0.23,57.5,0.186,0.284,0.23495142,121.27,0.2115,0.0,BTC-26JUL19-12500-P,10297.84,89.83,0.2215,7.0,0.239,0.1,129.27,5.08433,-28.34743,-3.15692,0.00013,-0.79299
10507.03,BTC-27DEC19,1563188346471,open,0.42,54.4,0.3825,0.462,0.42229091,99.64,0.45,0.0,BTC-27DEC19-7000-C,10297.84,0.0,0.2155,0.1,0.45,0.1,115.48,18.08896,-5.46562,19.1953,4e-05,0.82673
10306.96,SYN.BTC-26JUL19,1563188346469,open,0.32,32.3,0.27,0.3755,0.3226272,126.13,0.29,0.0,BTC-26JUL19-13500-P,10297.84,0.0,0.302,7.0,0.3575,7.0,198.4,3.7458,-21.72149,-3.66542,9e-05,-0.87089
10507.03,BTC-27DEC19,1563188346472,open,0.05,77.3,0.0105,0.09,0.05018625,110.35,0.048,0.0,BTC-27DEC19-28000-C,10297.84,109.65,0.049,3.8,0.052,4.9,111.4,17.9278,-5.99938,5.72737,3e-05,0.17086
10300.9,SYN.BTC-19JUL19,1563188346468,open,0.0,202.9,0.0005,0.0415,0.00150682,134.17,0.003,0.0,BTC-19JUL19-13500-C,10297.84,114.35,0.0005,23.9,0.0025,40.2,146.35,0.71363,-12.35188,0.03069,5e-05,0.02957
10300.9,SYN.BTC-19JUL19,1563188346468,open,0.55,0.0,0.4915,0.615,0.55335146,145.49,None,0.0,BTC-19JUL19-16000-P,10297.84,0.0,0.528,7.0,0.5925,7.0,407.81,0.07044,-1.32205,-1.69673,0.0,-0.9979
10300.9,SYN.BTC-19JUL19,1563188346468,open,0.07,37.2,0.024,0.1035,0.06383523,118.12,0.057,0.0,BTC-19JUL19-10000-C,10297.84,108.33,0.06,31.4,0.0645,2.3,119.82,4.04287,-61.60872,0.60788,0.0003,0.6196
10361.77,BTC-27SEP19,1563188346473,open,0.57,289.7,0.5315,0.611,0.57116994,107.84,0.588,0.0,BTC-27SEP19-4500-C,10297.84,0.0,0.002,1.1,0.694,5.0,299.15,2.7155,-1.98203,8.47124,1e-05,0.9751
10361.77,BTC-27SEP19,1563188346473,open,0.0,609.1,0.0005,0.0415,0.00149161,125.91,0.002,0.0,BTC-27SEP19-3000-P,10297.84,119.32,0.001,6.9,0.002,4.8,131.35,0.87734,-0.74766,-0.17242,0.0,-0.00673
10306.96,SYN.BTC-26JUL19,1563188346468,open,1.03,0.0,0.9565,1.119,1.03762976,140.99,None,0.0,BTC-26JUL19-21000-P,10297.84,0.0,0.0,0.0,0.0,0.0,0.0,0.13981,-0.90625,-6.24999,0.0,-0.99747
10306.96,SYN.BTC-26JUL19,1563188346469,open,0.12,369.3,0.075,0.164,0.11963491,114.94,0.123,0.0,BTC-26JUL19-11000-P,10297.84,113.24,0.1185,18.0,0.123,11.0,119.94,6.9144,-36.5362,-2.18087,0.00019,-0.59049
10361.77,BTC-27SEP19,1563188346473,open,0.37,748.2,0.324,0.4035,0.36397102,101.04,0.356,0.0,BTC-27SEP19-7000-C,10297.84,97.5,0.3605,11.0,0.385,10.0,121.1,10.26633,-7.02092,10.44814,5e-05,0.86216
10306.96,SYN.BTC-26JUL19,1563188346470,open,0.93,0.0,0.8635,1.018,0.94071163,138.49,None,0.0,BTC-26JUL19-20000-P,10297.84,0.0,0.0,0.0,0.0,0.0,0.0,0.20993,-1.33655,-5.9479,0.0,-0.99602
10306.96,SYN.BTC-26JUL19,1563188346469,open,0.41,10.8,0.358,0.4705,0.4141871,129.89,0.166,0.0,BTC-26JUL19-14500-P,10297.84,0.0,0.392,7.0,0.4505,7.0,217.84,2.62572,-15.6795,-4.09979,6e-05,-0.92077
10306.96,SYN.BTC-26JUL19,1563188346471,open,0.03,673.2,0.0005,0.0675,0.02674801,114.11,0.027,0.0,BTC-26JUL19-9000-P,10297.84,109.62,0.0245,0.3,0.027,24.0,114.61,5.20805,-27.32282,-0.74453,0.00014,-0.21568
10306.96,SYN.BTC-26JUL19,1563188346471,open,0.24,24.1,0.1925,0.272,0.23233358,115.62,0.38,0.0,BTC-26JUL19-8000-C,10297.84,0.0,0.1965,10.0,0.248,10.0,161.63,2.77931,-14.77336,2.09518,8e-05,0.91456
10306.96,SYN.BTC-26JUL19,1563188346471,open,0.01,558.7,0.0005,0.045,0.00521538,129.72,0.005,0.0,BTC-26JUL19-15000-C,10297.84,126.05,0.0045,10.0,0.006,1.0,133.44,2.08986,-12.46356,0.16498,5e-05,0.05894
10306.96,SYN.BTC-26JUL19,1563188346468,open,0.84,0.0,0.7705,0.9175,0.84390102,136.96,None,0.0,BTC-26JUL19-19000-P,10297.84,0.0,0.0,0.0,0.0,0.0,0.0,0.33696,-2.12175,-5.642,1e-05,-0.99322
10300.9,SYN.BTC-19JUL19,1563188346468,open,0.17,84.2,0.127,0.2205,0.17384679,128.9,0.121,0.0,BTC-19JUL19-12000-P,10297.84,97.62,0.168,7.0,0.178,7.0,145.72,2.35559,-39.17122,-1.13147,0.00016,-0.86061
10306.96,SYN.BTC-26JUL19,1563188346469,open,0.47,0.0,0.427,0.5065,0.4665447,133.61,0.4,0.0,BTC-26JUL19-5500-C,10297.84,0.0,0.0005,0.1,0.0,0.0,0.0,0.12635,-0.77612,1.63134,0.0,0.99773
10361.77,BTC-27SEP19,1563188346474,open,0.11,199.5,0.0645,0.144,0.10402035,103.62,0.0995,0.0,BTC-27SEP19-13000-C,10297.84,101.88,0.101,16.0,0.1075,28.6,105.62,18.00918,-12.62979,6.20609,8e-05,0.39994
10361.77,BTC-27SEP19,1563188346474,open,0.13,658.6,0.0875,0.167,0.12702655,102.29,0.131,0.0,BTC-27SEP19-12000-C,10297.84,100.88,0.1245,0.8,0.1305,16.0,104.23,18.52395,-12.82436,7.07951,8e-05,0.46459
10507.03,BTC-27DEC19,1563188346475,open,0.02,323.0,0.0005,0.055,0.01523177,120.35,0.0175,0.0,BTC-27DEC19-52000-C,10297.84,118.04,0.0135,10.0,0.0175,16.0,123.14,8.17908,-2.98502,2.0246,1e-05,0.05789
10306.96,SYN.BTC-26JUL19,1563188346474,open,0.0,313.8,0.0005,0.04,0.0002111,134.99,0.001,0.0,BTC-26JUL19-20000-C,10297.84,0.0,0.0,0.0,0.001,3.5,159.28,0.17168,-1.06547,0.00913,0.0,0.00318
10507.03,BTC-27DEC19,1563188346475,open,0.68,4.0,0.6365,0.716,0.67638149,103.84,0.59,0.0,BTC-27DEC19-3500-C,10297.84,0.0,0.0075,0.2,0.78,1.0,238.15,4.42517,-1.3935,14.06984,1e-05,0.97283
10300.9,SYN.BTC-19JUL19,1563188346474,open,0.03,129.6,0.0005,0.064,0.024425,121.02,0.026,0.0,BTC-19JUL19-11000-C,10297.84,115.77,0.0225,31.0,0.025,2.1,122.57,3.80208,-59.36058,0.32466,0.00028,0.32125
10306.96,SYN.BTC-26JUL19,1563188346474,open,0.05,205.2,0.0125,0.092,0.05235961,114.88,0.048,0.0,BTC-26JUL19-11000-C,10297.84,112.11,0.0505,25.0,0.0535,2.9,116.58,6.91409,-36.51773,1.09661,0.00019,0.40943
10306.96,SYN.BTC-26JUL19,1563188346468,open,0.0,341.4,0.0005,0.0445,0.00451826,118.62,0.0055,0.0,BTC-26JUL19-7500-P,10297.84,112.41,0.0035,12.4,0.0055,0.4,123.95,1.80451,-9.84103,-0.16425,5e-05,-0.04896
10306.96,SYN.BTC-26JUL19,1563188346474,open,0.0,251.6,0.0005,0.041,0.00143597,132.0,0.003,0.0,BTC-26JUL19-6500-P,10297.84,113.93,0.0005,37.0,0.0025,7.0,144.63,0.72328,-4.38941,-0.05444,2e-05,-0.01629
10300.9,SYN.BTC-19JUL19,1563188346468,open,0.6,0.0,0.538,0.6655,0.6018722,151.38,None,0.0,BTC-19JUL19-16500-P,10297.84,0.0,0.5755,7.0,0.6425,7.0,429.97,0.05584,-1.09056,-1.75032,0.0,-0.99837
