underlying_price,underlying_index,timestamp,state,settlement_price,open_interest,min_price,max_price,mark_price,mark_iv,last_price,interest_rate,instrument_name,index_price,bid_iv,best_bid_price,best_bid_amount,best_ask_price,best_ask_amount,ask_iv,vega,theta,rho,gamma,delta
294.53,SYN.ETH-12JUL19,1562237940028,open,0.0,281.0,0.001,0.041,0.001459,117.02,0.002,0.0,ETH-12JUL19-420-C,293.81,0.0,0.0,0.0,0.003,400.0,131.61,0.02437,-0.18105,0.00143,0.00111,0.02393
294.53,SYN.ETH-12JUL19,1562237940034,open,0.02,45.0,0.001,0.054,0.014584,102.24,0.015,0.0,ETH-12JUL19-340-C,293.81,95.54,0.012,200.0,0.017,139.0,108.17,0.11709,-0.76008,0.0111,0.00612,0.18919
11611.86,SYN.BTC-5JUL19,1562237940039,open,0.36,0.0,0.3145,0.394,0.35411004,235.65,None,0.0,BTC-5JUL19-7500-C,11608.9,0.0,0.0005,2.1,0.0,0.0,0.0,0.0014,-0.1648,0.17992,0.0,0.99994
308.2,ETH-27DEC19,1562237940049,open,0.08,0.0,0.037,0.116,0.076124,106.37,None,0.0,ETH-27DEC19-680-C,293.81,99.11,0.061,143.0,0.087,143.0,111.29,0.66683,-0.20165,0.2451,0.00137,0.24116
293.89,SYN.ETH-5JUL19,1562237940262,open,0.02,161.0,0.001,0.056,0.015636,111.35,0.015,0.0,ETH-5JUL19-290-P,293.81,75.62,0.009,324.0,0.021,124.0,139.66,0.05535,-3.08163,-0.00288,0.02399,-0.39298
293.89,SYN.ETH-5JUL19,1562237940376,open,0.29,0.0,0.246,0.325,0.285446,142.42,None,0.0,ETH-5JUL19-210-C,293.81,0.0,0.005,2.0,0.0,0.0,0.0,0.0,-3e-05,0.00504,0.0,1.0
11895.34,BTC-27SEP19,1562237940434,open,0.01,326.5,0.0005,0.0485,0.0082222,102.09,0.008,0.0,BTC-27SEP19-5500-P,11608.99,97.17,0.0065,47.0,0.01,15.0,106.63,4.42271,-2.6598,-1.193,1e-05,-0.03491
12083.76,BTC-27DEC19,1562237940434,open,0.06,190.8,0.019,0.0985,0.05898105,106.67,0.057,0.0,BTC-27DEC19-30000-C,11608.99,105.1,0.056,3.0,0.062,16.4,108.23,23.1631,-7.02462,7.94941,3e-05,0.19551
12083.76,BTC-27DEC19,1562237940434,open,0.12,382.5,0.081,0.1605,0.12060941,101.02,0.12,0.0,BTC-27DEC19-20000-C,11608.99,99.23,0.116,4.5,0.125,10.0,102.71,31.27309,-8.98124,13.73245,4e-05,0.35646
11895.34,BTC-27SEP19,1562237940434,open,0.04,355.6,0.002,0.085,0.04367015,98.88,0.039,0.0,BTC-27SEP19-8000-P,11608.99,96.87,0.0415,32.0,0.046,14.2,101.02,12.90474,-7.51731,-5.14209,4e-05,-0.14223
11682.72,SYN.BTC-26JUL19,1562237940434,open,0.14,39.4,0.1005,0.1915,0.1459292,106.54,0.1815,0.0,BTC-26JUL19-12500-P,11608.99,100.4,0.14,19.2,0.147,19.2,107.64,11.31576,-27.55415,-4.88163,0.00013,-0.55126
11895.34,BTC-27SEP19,1562237940434,open,0.0,1058.8,0.0005,0.0425,0.00273991,107.98,0.01,0.0,BTC-27SEP19-4250-P,11608.99,98.59,0.0015,15.0,0.004,15.0,115.07,1.87496,-1.19273,-0.42561,1e-05,-0.01265
11895.34,BTC-27SEP19,1562237940435,open,0.14,112.1,0.1005,0.1915,0.14604822,98.85,0.14,0.0,BTC-27SEP19-11000-P,11608.99,96.29,0.1415,25.6,0.15,36.0,101.08,21.10343,-12.28909,-13.54576,6e-05,-0.34366
11895.34,BTC-27SEP19,1562237940436,open,0.13,138.7,0.09,0.1695,0.1298499,99.72,0.1345,0.0,BTC-27SEP19-14000-C,11608.99,97.45,0.1255,31.3,0.134,12.1,101.89,22.77361,-13.37829,9.15517,7e-05,0.46083
11895.34,BTC-27SEP19,1562237940437,open,0.1,202.7,0.061,0.149,0.10482638,98.85,0.1015,0.0,BTC-27SEP19-10000-P,11608.99,96.15,0.1005,25.6,0.1075,11.8,100.52,19.08626,-11.11451,-10.46319,6e-05,-0.27344
12083.85,BTC-27DEC19,1562237940436,open,0.05,48.2,0.0125,0.092,0.05236044,107.63,0.0345,0.0,BTC-27DEC19-32000-C,11608.99,106.02,0.0495,6.4,0.0555,16.4,109.36,21.71671,-6.64501,7.21109,3e-05,0.17621
11895.34,BTC-27SEP19,1562237940437,open,0.0,46.9,0.0005,0.041,0.00099622,116.26,0.003,0.0,BTC-27SEP19-3250-P,11608.99,0.0,0.0,0.0,0.002,15.0,128.02,0.78999,-0.54105,-0.1585,0.0,-0.00473
12083.85,BTC-27DEC19,1562237940437,open,0.63,6.8,0.568,0.698,0.63315187,99.71,0.741,0.0,BTC-27DEC19-18000-P,11608.99,96.3,0.624,4.8,0.639,4.8,101.87,32.59243,-9.2389,-71.26777,5e-05,-0.59083
11895.34,BTC-27SEP19,1562237940437,open,0.83,28.2,0.7925,0.872,0.83202878,130.02,0.755,0.0,BTC-27SEP19-2000-C,11608.99,0.0,0.0045,5.0,0.947,5.0,500.0,0.15666,-0.12,4.62422,0.0,0.9992
12083.85,BTC-27DEC19,1562237940437,open,1.52,0.2,1.4405,1.643,1.54167633,106.7,2.2245,0.0,BTC-27DEC19-30000-P,11608.99,0.0,0.0,0.0,0.0,0.0,0.0,23.16996,-7.02814,-136.60298,3e-05,-0.8044
11682.72,SYN.BTC-26JUL19,1562237940435,open,0.01,358.8,0.0005,0.0505,0.01090194,118.97,0.01,0.0,BTC-26JUL19-18000-C,11608.99,116.66,0.01,0.1,0.0115,10.0,120.45,4.65879,-12.66869,0.55644,5e-05,0.09037
12083.85,BTC-27DEC19,1562237940438,open,0.0,126.3,0.0005,0.041,0.00103425,130.0,0.0015,0.0,BTC-27DEC19-1500-P,11608.99,118.96,0.0005,0.2,0.0035,10.0,155.92,0.73543,-0.2718,-0.22684,0.0,-0.00286
11895.34,BTC-27SEP19,1562237940438,open,0.44,748.2,0.3965,0.476,0.43626521,99.75,0.421,0.0,BTC-27SEP19-7000-C,11608.99,0.0,0.0,0.0,0.7,0.5,348.86,9.28901,-5.45844,13.1133,3e-05,0.91034
12083.85,BTC-27DEC19,1562237940439,open,0.84,0.0,0.797,0.8765,0.83698439,126.72,None,0.0,BTC-27DEC19-2000-C,11608.99,0.0,0.0135,0.1,0.986,0.5,500.0,1.52769,-0.55037,9.11422,0.0,0.99352
11682.72,SYN.BTC-26JUL19,1562237940437,open,0.01,122.2,0.0005,0.0455,0.00550161,121.88,0.0035,0.0,BTC-26JUL19-20000-C,11608.99,115.29,0.004,32.0,0.007,42.0,127.48,2.91245,-8.11351,0.30603,3e-05,0.04921
11611.86,SYN.BTC-5JUL19,1562237940437,open,0.45,0.0,0.4055,0.5225,0.46401724,0.0,None,0.0,BTC-5JUL19-17000-P,11608.99,0.0,0.0005,0.1,0.0,0.0,0.0,0.0,0.0,-0.40786,0.0,-1.0
11635.48,SYN.BTC-12JUL19,1562237940437,open,0.05,42.9,0.015,0.099,0.05684985,107.39,0.05,0.0,BTC-12JUL19-11500-P,11608.99,100.74,0.053,24.0,0.0595,24.0,111.96,6.73909,-45.94507,-1.24527,0.00021,-0.43915
12083.85,BTC-27DEC19,1562237940440,open,0.08,146.3,0.0435,0.13,0.08660572,96.32,0.0825,0.0,BTC-27DEC19-8000-P,11608.99,92.83,0.0805,6.4,0.0875,6.4,96.82,21.28709,-5.82876,-14.98547,3e-05,-0.17076
11611.86,SYN.BTC-5JUL19,1562237940437,open,0.07,98.8,0.037,0.123,0.0799866,124.64,0.0675,0.0,BTC-5JUL19-12500-P,11608.99,92.29,0.0775,1.0,0.0815,1.0,138.99,1.13551,-70.76772,-0.26753,0.00028,-0.88034
11635.48,SYN.BTC-12JUL19,1562237940439,open,0.1,16.5,0.0655,0.1535,0.10960232,108.58,0.179,0.0,BTC-12JUL19-12500-P,11608.99,99.17,0.1045,24.0,0.1115,24.0,112.04,6.36837,-43.89965,-1.89241,0.0002,-0.64416
11635.48,SYN.BTC-12JUL19,1562237940437,open,0.0,603.4,0.0005,0.0445,0.00438058,116.44,0.0045,0.0,BTC-12JUL19-9000-P,11608.99,107.32,0.003,40.0,0.006,50.0,125.41,1.93505,-14.30435,-0.1522,6e-05,-0.05624
11611.86,SYN.BTC-5JUL19,1562237940436,open,0.32,0.0,0.2715,0.351,0.31105071,203.15,None,0.0,BTC-5JUL19-8000-C,11608.99,0.0,0.0005,2.1,0.0,0.0,0.0,0.0017,-0.17243,0.19191,0.0,0.99993
11682.72,SYN.BTC-26JUL19,1562237940434,open,0.0,278.6,0.0005,0.044,0.00391728,107.15,0.005,0.0,BTC-26JUL19-7500-P,11608.99,101.85,0.003,15.0,0.005,32.0,112.58,2.17491,-5.32658,-0.26776,2e-05,-0.03432
11682.72,SYN.BTC-26JUL19,1562237940436,open,0.45,0.0,0.4055,0.485,0.44511945,115.98,0.3665,0.0,BTC-26JUL19-6500-C,11608.99,0.0,0.0055,10.0,0.0,0.0,0.0,0.99933,-2.64914,3.78954,1e-05,0.98634
11611.86,SYN.BTC-5JUL19,1562237940438,open,0.0,339.5,0.0005,0.0435,0.00350333,124.67,0.003,0.0,BTC-5JUL19-12500-C,11608.99,113.68,0.0025,51.0,0.0045,1.0,134.34,1.13589,-40.68022,0.03238,0.00028,0.11972
11635.48,SYN.BTC-12JUL19,1562237940437,open,0.37,0.0,0.324,0.434,0.37885827,125.97,None,0.0,BTC-12JUL19-16000-P,11608.99,0.0,0.0,0.0,0.0,0.0,0.0,1.80941,-14.47054,-3.33207,5e-05,-0.94833
11611.86,SYN.BTC-5JUL19,1562237940437,open,0.0,164.7,0.0005,0.04,0.0,130.0,0.0005,0.0,BTC-5JUL19-17000-C,11608.99,0.0,0.0,0.0,0.0005,7.0,322.62,0.0,0.0,0.0,0.0,0.0
11682.72,SYN.BTC-26JUL19,1562237940438,open,0.06,59.7,0.0125,0.092,0.05215585,108.19,0.053,0.0,BTC-26JUL19-13500-C,11608.99,105.22,0.0495,25.6,0.055,25.6,111.35,10.47556,-25.90522,2.01302,0.00012,0.33965
11635.48,SYN.BTC-12JUL19,1562237940436,open,0.01,302.7,0.0005,0.047,0.00701309,121.39,0.0105,0.0,BTC-12JUL19-15000-C,11608.99,114.71,0.0055,40.0,0.0085,10.0,127.29,2.79589,-21.5465,0.21059,8e-05,0.09089
11611.86,SYN.BTC-5JUL19,1562237940437,open,0.15,32.7,0.0995,0.179,0.1390017,130.19,0.162,0.0,BTC-5JUL19-10000-C,11608.99,0.0,0.1375,8.6,0.1405,0.6,183.95,0.13508,-8.79318,0.23742,3e-05,0.99123
11682.72,SYN.BTC-26JUL19,1562237940436,open,0.25,29.9,0.2075,0.287,0.24743277,104.26,0.2655,0.0,BTC-26JUL19-9000-C,11608.99,0.0,0.032,0.1,0.366,1.0,276.75,5.89195,-14.04107,4.3932,7e-05,0.87487
293.89,SYN.ETH-5JUL19,1562237940466,open,0.0,1448.0,0.001,0.04,0.0,130.0,0.003,0.0,ETH-5JUL19-390-C,293.81,0.0,0.0,0.0,0.002,150.0,306.9,0.0,-2e-05,0.0,0.0,1e-05
11682.72,SYN.BTC-26JUL19,1562237940715,open,0.04,309.0,0.0005,0.0805,0.03905925,104.26,0.035,0.0,BTC-26JUL19-10000-P,11608.99,98.75,0.035,25.6,0.04,26.1,105.52,8.69676,-20.72444,-1.88794,0.0001,-0.23058
294.53,SYN.ETH-12JUL19,1562237940732,open,0.09,106.0,0.048,0.127,0.087178,103.84,0.099,0.0,ETH-12JUL19-280-C,293.81,97.93,0.084,150.0,0.094,150.0,116.42,0.15882,-1.04704,0.0363,0.00817,0.65831
293.89,SYN.ETH-5JUL19,1562237940904,open,0.0,645.0,0.001,0.04,0.000104,130.0,0.001,0.0,ETH-5JUL19-250-P,293.81,0.0,0.0,0.0,0.002,170.0,203.02,0.0021,-0.03051,-4e-05,0.00078,-0.00506
308.2,ETH-27DEC19,1562237941033,open,0.16,38.0,0.123,0.202,0.162017,102.24,0.169,0.0,ETH-27DEC19-440-C,293.8,99.67,0.155,127.0,0.168,110.0,104.42,0.84434,-0.24541,0.41525,0.0018,0.44163
308.2,ETH-27DEC19,1562237941033,open,0.63,0.0,0.588,0.667,0.627622,100.49,None,0.0,ETH-27DEC19-120-C,293.8,0.0,0.001,1000.0,2.47,1.0,500.0,0.20087,-0.05739,0.48696,0.00044,0.95553
301.52,ETH-27SEP19,1562237941033,open,0.34,1096.0,0.293,0.372,0.332473,99.62,0.34,0.0,ETH-27SEP19-220-C,293.8,0.0,0.22,5.0,0.57,17.0,273.83,0.38816,-0.22779,0.3383,0.00184,0.81497
308.2,ETH-27DEC19,1562237941033,open,0.53,0.0,0.486,0.565,0.525936,100.42,None,0.0,ETH-27DEC19-160-C,293.8,0.0,0.001,1000.0,1.6,1.0,500.0,0.37188,-0.10617,0.55744,0.00081,0.9013
301.52,ETH-27SEP19,1562237941033,open,0.06,2703.0,0.02,0.099,0.059081,103.86,0.069,0.0,ETH-27SEP19-480-C,293.8,101.17,0.055,279.0,0.064,300.0,107.04,0.46098,-0.28205,0.1331,0.0021,0.24892
301.52,ETH-27SEP19,1562237941033,open,0.17,1638.0,0.128,0.207,0.167157,99.98,0.176,0.0,ETH-27SEP19-320-C,293.8,97.29,0.162,225.0,0.174,344.0,103.57,0.57605,-0.3393,0.26622,0.00273,0.54685
301.52,ETH-27SEP19,1562237941033,open,0.74,0.0,0.696,0.775,0.735757,120.04,None,0.0,ETH-27SEP19-80-C,293.8,0.0,0.004,5.0,0.0,0.0,0.0,0.02072,-0.01465,0.18182,8e-05,0.99508
301.52,ETH-27SEP19,1562237941033,open,1.26,0.0,1.185,1.366,1.275246,108.72,None,0.0,ETH-27SEP19-680-P,293.8,0.0,0.0,0.0,0.0,0.0,0.0,0.25274,-0.16188,-1.52607,0.0011,-0.9013
293.89,SYN.ETH-5JUL19,1562237941032,open,0.0,71.0,0.001,0.04,0.0,130.0,0.005,0.0,ETH-5JUL19-460-C,293.8,0.0,0.0,0.0,0.002,150.0,445.55,0.0,0.0,0.0,0.0,0.0
301.51,ETH-27SEP19,1562237941034,open,0.04,669.0,0.001,0.076,0.036709,105.47,0.044,0.0,ETH-27SEP19-560-C,293.8,102.33,0.033,306.0,0.041,160.0,108.93,0.3648,-0.22665,0.09188,0.00164,0.16775
301.51,ETH-27SEP19,1562237941034,open,0.43,743.0,0.39,0.469,0.429346,99.65,0.46,0.0,ETH-27SEP19-180-C,293.8,0.0,0.0,0.0,0.609,10.0,265.48,0.24471,-0.14365,0.33387,0.00116,0.90554
308.2,ETH-27DEC19,1562237941034,open,0.19,451.0,0.145,0.224,0.184964,100.45,0.196,0.0,ETH-27DEC19-400-C,293.8,99.02,0.181,234.0,0.196,234.0,104.44,0.85322,-0.24367,0.4529,0.00186,0.48994
301.51,ETH-27SEP19,1562237941034,open,0.42,240.0,0.368,0.481,0.424967,102.19,0.405,0.0,ETH-27SEP19-400-P,293.8,0.0,0.0,0.0,0.0,0.0,0.0,0.5498,-0.33097,-0.73844,0.00255,-0.62826
301.51,ETH-27SEP19,1562237941034,open,0.09,1912.0,0.044,0.13,0.086829,99.59,0.082,0.0,ETH-27SEP19-240-P,293.8,95.67,0.081,235.0,0.09,110.0,101.72,0.44914,-0.26351,-0.22721,0.00213,-0.23724
301.51,ETH-27SEP19,1562237941034,open,0.61,47.0,0.567,0.646,0.606112,104.43,0.689,0.0,ETH-27SEP19-120-C,293.8,0.0,0.0,0.0,0.0,0.0,0.0,0.06651,-0.04092,0.26305,0.0003,0.98129
308.2,ETH-27DEC19,1562237941034,open,0.02,6.0,0.001,0.057,0.01698,100.49,0.019,0.0,ETH-27DEC19-120-P,293.8,95.72,0.014,140.0,0.021,290.0,106.38,0.20087,-0.05739,-0.09126,0.00044,-0.04447
301.51,ETH-27SEP19,1562237941035,open,0.03,2988.0,0.001,0.069,0.029512,106.42,0.036,0.0,ETH-27SEP19-600-C,293.8,103.04,0.026,349.0,0.034,200.0,110.49,0.32223,-0.20202,0.07685,0.00143,0.13912
301.51,ETH-27SEP19,1562237941035,open,0.04,4120.0,0.001,0.083,0.041922,99.6,0.039,0.0,ETH-27SEP19-200-P,293.8,94.86,0.037,482.0,0.045,482.0,102.48,0.31855,-0.1869,-0.1253,0.00151,-0.1368
301.51,ETH-27SEP19,1562237941035,open,0.76,12.0,0.7,0.841,0.770814,104.52,1.193,0.0,ETH-27SEP19-520-P,293.8,0.0,0.0,0.0,0.0,0.0,0.0,0.41126,-0.25324,-1.0989,0.00186,-0.79653
301.51,ETH-27SEP19,1562237941035,open,0.02,5818.0,0.001,0.055,0.014985,99.6,0.02,0.0,ETH-27SEP19-160-P,293.8,94.1,0.012,200.0,0.016,140.0,101.35,0.17195,-0.10089,-0.05219,0.00082,-0.05945
301.51,ETH-27SEP19,1562237941035,open,0.0,1814.0,0.001,0.041,0.001071,119.91,0.002,0.0,ETH-27SEP19-80-P,293.8,0.0,0.0,0.0,0.002,150.0,130.8,0.0206,-0.01455,-0.00418,8e-05,-0.00489
294.53,SYN.ETH-12JUL19,1562237941033,open,0.04,217.0,0.001,0.079,0.037857,103.84,0.03,0.0,ETH-12JUL19-280-P,293.8,96.66,0.034,200.0,0.041,121.0,109.65,0.15882,-1.04702,-0.02412,0.00817,-0.3417
295.8,SYN.ETH-26JUL19,1562237941032,open,0.01,1083.0,0.001,0.048,0.008827,106.61,0.009,0.0,ETH-26JUL19-440-C,293.8,101.39,0.007,500.0,0.012,500.0,114.5,0.1098,-0.26756,0.01299,0.00196,0.08212
293.89,SYN.ETH-5JUL19,1562237941033,open,0.0,1114.0,0.001,0.042,0.002594,129.96,0.009,0.0,ETH-5JUL19-270-P,293.8,104.57,0.001,5.0,0.005,150.0,156.7,0.02266,-0.76231,-0.00063,0.00842,-0.08633
295.8,SYN.ETH-26JUL19,1562237941032,open,0.75,0.0,0.691,0.831,0.760786,113.28,None,0.0,ETH-26JUL19-520-P,293.8,0.0,0.0,0.0,0.0,0.0,0.0,0.04791,-0.12403,-0.30701,0.00081,-0.971
301.51,ETH-27SEP19,1562237941036,open,0.0,8300.0,0.001,0.044,0.004082,104.31,0.004,0.0,ETH-27SEP19-120-P,293.8,92.77,0.002,10.0,0.006,150.0,112.09,0.06626,-0.04071,-0.01592,0.0003,-0.01862
294.53,SYN.ETH-12JUL19,1562237941033,open,0.06,194.0,0.012,0.091,0.051571,102.24,0.059,0.0,ETH-12JUL19-300-C,293.8,96.13,0.048,150.0,0.055,105.0,108.09,0.1724,-1.119,0.02729,0.00901,0.48104
293.89,SYN.ETH-5JUL19,1562237941032,open,0.0,435.0,0.001,0.04,0.000907,129.79,0.004,0.0,ETH-5JUL19-330-C,293.8,0.0,0.0,0.0,0.003,150.0,166.19,0.01155,-0.26657,0.00025,0.00429,0.03663
295.8,SYN.ETH-26JUL19,1562237941032,open,1.02,0.0,0.949,1.111,1.029835,123.79,None,0.0,ETH-26JUL19-600-P,293.8,0.0,0.0,0.0,0.0,0.0,0.0,0.02671,-0.07558,-0.35727,0.00041,-0.98545
295.8,SYN.ETH-26JUL19,1562237941034,open,0.02,828.0,0.001,0.065,0.024641,101.09,0.017,0.0,ETH-26JUL19-240-P,293.8,96.7,0.022,160.0,0.027,292.0,104.91,0.18077,-0.41769,-0.03387,0.00341,-0.16643
293.89,SYN.ETH-5JUL19,1562237941033,open,0.0,564.0,0.001,0.04,0.000621,130.0,0.005,0.0,ETH-5JUL19-260-P,293.8,0.0,0.0,0.0,0.003,150.0,178.44,0.00848,-0.18262,-0.00018,0.00315,-0.02523
294.53,SYN.ETH-12JUL19,1562237941033,open,0.23,0.0,0.181,0.278,0.229561,103.29,None,0.0,ETH-12JUL19-360-P,293.8,0.0,0.0,0.0,0.0,0.0,0.0,0.0793,-0.51998,-0.07139,0.0041,-0.89384
295.8,SYN.ETH-26JUL19,1562237941036,open,0.3,504.0,0.257,0.361,0.308923,103.4,0.168,0.0,ETH-26JUL19-380-P,293.8,0.0,0.0,0.0,0.0,0.0,0.0,0.19907,-0.47048,-0.19764,0.00367,-0.80593
295.8,SYN.ETH-26JUL19,1562237941036,open,0.09,1249.0,0.053,0.132,0.092246,101.1,0.107,0.0,ETH-26JUL19-300-C,293.8,98.8,0.09,120.0,0.098,225.0,107.01,0.28825,-0.6661,0.077,0.00544,0.52661
293.89,SYN.ETH-5JUL19,1562237941032,open,0.0,303.0,0.001,0.042,0.002439,125.59,0.002,0.0,ETH-5JUL19-320-C,293.8,103.14,0.001,17.0,0.002,2.0,119.71,0.023,-0.71672,0.0006,0.00884,0.08804
295.8,SYN.ETH-26JUL19,1562237941036,open,0.25,1048.0,0.202,0.301,0.251521,102.92,0.134,0.0,ETH-26JUL19-360-P,293.8,0.0,0.2,1.0,0.0,0.0,0.0,0.23333,-0.54887,-0.17637,0.00432,-0.74332
294.53,SYN.ETH-12JUL19,1562237941033,open,0.26,0.0,0.217,0.296,0.256081,119.59,None,0.0,ETH-12JUL19-220-C,293.8,0.0,0.005,2.0,0.0,0.0,0.0,0.03742,-0.28414,0.04472,0.00167,0.95981
293.89,SYN.ETH-5JUL19,1562237941033,open,0.06,88.0,0.018,0.102,0.05981,112.41,0.096,0.0,ETH-5JUL19-310-P,293.8,0.0,0.054,50.0,0.064,50.0,142.62,0.03686,-2.0716,-0.00625,0.01582,-0.82684
294.53,SYN.ETH-12JUL19,1562237941033,open,0.0,1276.0,0.001,0.043,0.003482,104.36,0.002,0.0,ETH-12JUL19-380-C,293.8,84.05,0.001,330.0,0.006,400.0,117.29,0.04911,-0.32536,0.00336,0.00251,0.05642
295.8,SYN.ETH-26JUL19,1562237941037,open,0.33,0.0,0.289,0.368,0.328782,101.12,None,0.0,ETH-26JUL19-200-C,293.8,0.0,0.005,2.0,0.0,0.0,0.0,0.06757,-0.15617,0.11117,0.00127,0.95587
293.89,SYN.ETH-5JUL19,1562237941033,open,0.39,0.0,0.34,0.45,0.395081,0.0,None,0.0,ETH-5JUL19-410-P,293.8,0.0,0.0,0.0,0.0,0.0,0.0,0.0,0.0,-0.00984,0.0,-1.0
295.8,SYN.ETH-26JUL19,1562237941037,open,0.19,68.0,0.15,0.245,0.197884,102.34,0.104,0.0,ETH-26JUL19-340-P,293.8,70.02,0.171,120.0,0.0,0.0,0.0,0.26332,-0.61595,-0.15326,0.00491,-0.66662
12083.76,BTC-27DEC19,1562237941120,open,0.25,42.2,0.2075,0.3075,0.25747307,96.32,0.2675,0.0,BTC-27DEC19-12000-P,11608.99,94.03,0.2515,6.4,0.2625,6.4,98.24,31.53325,-8.63432,-36.25376,5e-05,-0.36516
11895.44,BTC-27SEP19,1562237941276,open,1.68,0.0,1.596,1.8115,1.70365869,115.71,None,0.0,BTC-27SEP19-32000-P,11608.99,0.0,0.0,0.0,2.26,1.0,450.28,7.48984,-5.10525,-72.91901,2e-05,-0.93249
12083.95,BTC-27DEC19,1562237941436,open,2.96,0.0,2.837,3.1565,2.99676037,114.08,None,0.0,BTC-27DEC19-48000-P,11608.99,0.0,0.0,0.0,3.752,1.0,450.49,13.52757,-4.38716,-227.52617,2e-05,-0.91083
11682.82,SYN.BTC-26JUL19,1562237941496,open,0.1,439.2,0.0505,0.13,0.09048568,104.84,0.0955,0.0,BTC-26JUL19-12000-C,11608.99,102.81,0.0885,19.3,0.095,19.2,109.47,11.40689,-27.33431,2.93432,0.00013,0.50956
11635.57,SYN.BTC-12JUL19,1562237941649,open,0.2,17.4,0.1515,0.231,0.19101155,110.75,0.1775,0.0,BTC-12JUL19-9500-C,11608.99,0.0,0.172,0.2,0.5,0.1,500.0,2.82381,-19.85371,1.7998,9e-05,0.90788
11895.44,BTC-27SEP19,1562237941698,open,0.65,0.2,0.6055,0.685,0.64545728,107.97,0.26,0.0,BTC-27SEP19-4250-C,11608.99,0.0,0.005,0.1,0.7465,5.0,298.72,1.87375,-1.19177,9.45752,1e-05,0.98736
11635.57,SYN.BTC-12JUL19,1562237941717,open,0.07,59.7,0.0285,0.108,0.06849633,107.39,0.0675,0.0,BTC-12JUL19-11500-C,11608.99,103.08,0.066,24.0,0.0725,26.0,114.3,6.73909,-45.94437,1.23616,0.00021,0.56087
11682.82,SYN.BTC-26JUL19,1562237941736,open,0.0,163.6,0.0005,0.0415,0.00149533,115.97,0.002,0.0,BTC-26JUL19-6500-P,11608.99,109.41,0.001,20.0,0.002,32.0,121.34,0.9988,-2.64746,-0.10606,1e-05,-0.01365
12083.95,BTC-27DEC19,1562237941765,open,1.21,0.0,1.1385,1.3165,1.22751005,104.34,None,0.0,BTC-27DEC19-26000-P,11608.99,0.0,0.004,10.0,2.033,0.2,500.0,26.26954,-7.79223,-115.53489,4e-05,-0.75672
301.51,ETH-27SEP19,1562237942032,open,0.03,714.0,0.001,0.064,0.024279,107.7,0.029,0.0,ETH-27SEP19-640-C,293.79,104.12,0.021,150.0,0.028,200.0,111.49,0.28588,-0.18138,0.06509,0.00126,0.11711
301.51,ETH-27SEP19,1562237942033,open,1.39,0.0,1.309,1.5,1.404705,109.85,None,0.0,ETH-27SEP19-720-P,293.79,0.0,0.0,0.0,0.0,0.0,0.0,0.22431,-0.14515,-1.62707,0.00097,-0.91597
308.19,ETH-27DEC19,1562237942033,open,0.8,0.0,0.738,0.882,0.810039,103.6,None,0.0,ETH-27DEC19-520-P,293.79,0.0,0.001,500.0,0.0,0.0,0.0,0.79763,-0.23492,-2.15854,0.00168,-0.64351
308.19,ETH-27DEC19,1562237942033,open,0.12,0.0,0.083,0.162,0.122823,103.62,None,0.0,ETH-27DEC19-520-C,293.79,97.82,0.108,133.0,0.138,133.0,109.42,0.79769,-0.23499,0.34712,0.00168,0.35657
308.19,ETH-27DEC19,1562237942033,open,0.37,0.0,0.328,0.407,0.367778,100.43,None,0.0,ETH-27DEC19-240-C,293.79,0.0,0.0,0.0,0.0,0.0,0.0,0.66459,-0.18975,0.58291,0.00145,0.76031
301.51,ETH-27SEP19,1562237942033,open,0.64,0.0,0.585,0.717,0.651009,103.83,None,0.0,ETH-27SEP19-480-P,293.79,0.0,0.0,0.0,0.0,0.0,0.0,0.46082,-0.28186,-0.98313,0.0021,-0.75123
308.19,ETH-27DEC19,1562237942033,open,0.11,1.0,0.067,0.146,0.10695,103.89,0.102,0.0,ETH-27DEC19-560-C,293.79,98.18,0.093,136.0,0.122,136.0,109.86,0.76509,-0.22597,0.31645,0.00161,0.32004
301.51,ETH-27SEP19,1562237942033,open,0.49,392.0,0.445,0.524,0.484342,99.63,0.51,0.0,ETH-27SEP19-160-C,293.79,0.0,0.1,10.0,0.0,0.0,0.0,0.17205,-0.10099,0.31982,0.00082,0.94051
301.51,ETH-27SEP19,1562237942033,open,0.01,7664.0,0.001,0.047,0.007498,99.61,0.005,0.0,ETH-27SEP19-140-P,293.79,91.82,0.005,350.0,0.009,140.0,103.63,0.10726,-0.06294,-0.02845,0.00051,-0.03308
301.51,ETH-27SEP19,1562237942034,open,0.0,4126.0,0.001,0.041,0.001535,105.63,0.001,0.0,ETH-27SEP19-100-P,293.79,0.0,0.0,0.0,0.003,150.0,116.96,0.03092,-0.01924,-0.0065,0.00014,-0.00773
301.51,ETH-27SEP19,1562237942034,open,0.8,0.0,0.762,0.841,0.801433,130.22,0.01,0.0,ETH-27SEP19-60-C,293.79,0.0,0.004,5.0,0.0,0.0,0.0,0.00904,-0.00693,0.13785,3e-05,0.99804
308.18,ETH-27DEC19,1562237942034,open,0.14,12.0,0.103,0.182,0.142442,103.62,0.145,0.0,ETH-27DEC19-480-C,293.79,103.08,0.141,1.0,0.146,110.0,104.95,0.82585,-0.24329,0.38073,0.00174,0.39883
308.18,ETH-27DEC19,1562237942034,open,0.14,121.0,0.101,0.192,0.146493,100.41,0.159,0.0,ETH-27DEC19-240-P,293.79,96.01,0.137,257.0,0.153,257.0,103.43,0.66459,-0.18971,-0.5735,0.00145,-0.23971
301.51,ETH-27SEP19,1562237942034,open,0.53,0.0,0.474,0.596,0.534708,102.72,None,0.0,ETH-27SEP19-440-P,293.79,0.0,0.0,0.0,0.0,0.0,0.0,0.50791,-0.30736,-0.86347,0.00234,-0.69684
301.51,ETH-27SEP19,1562237942034,open,0.67,0.0,0.63,0.709,0.669871,105.63,None,0.0,ETH-27SEP19-100-C,293.79,0.0,0.004,5.0,0.0,0.0,0.0,0.03092,-0.01924,0.22604,0.00014,0.99227
301.51,ETH-27SEP19,1562237942034,open,1.01,27.0,0.939,1.1,1.019488,106.42,1.044,0.0,ETH-27SEP19-600-P,293.79,0.0,0.989,1.0,1.064,2.0,140.18,0.3222,-0.20198,-1.31838,0.00143,-0.8609
301.5,ETH-27SEP19,1562237942035,open,0.08,2516.0,0.036,0.115,0.075387,102.73,0.08,0.0,ETH-27SEP19-440-C,293.79,100.11,0.071,134.0,0.08,110.0,105.45,0.50789,-0.30736,0.15968,0.00234,0.30315
301.5,ETH-27SEP19,1562237942035,open,0.2,2926.0,0.152,0.231,0.191851,99.62,0.196,0.0,ETH-27SEP19-300-C,293.79,96.49,0.186,110.0,0.198,110.0,102.92,0.56209,-0.32988,0.2854,0.00267,0.59893
301.5,ETH-27SEP19,1562237942035,open,0.55,191.0,0.504,0.583,0.543182,99.69,0.5,0.0,ETH-27SEP19-140-C,293.79,0.0,0.01,50.0,0.0,0.0,0.0,0.10748,-0.06312,0.29702,0.00051,0.96683
293.88,SYN.ETH-5JUL19,1562237942032,open,0.19,0.0,0.144,0.238,0.190987,118.45,None,0.0,ETH-5JUL19-350-P,293.79,0.0,0.0,0.0,0.0,0.0,0.0,0.00067,-0.03974,-0.00839,0.00027,-0.99857
295.79,SYN.ETH-26JUL19,1562237942033,open,0.22,558.0,0.174,0.253,0.213276,101.13,0.33,0.0,ETH-26JUL19-240-C,293.79,0.0,0.161,5.0,0.0,0.0,0.0,0.18083,-0.418,0.10994,0.00341,0.83347
293.88,SYN.ETH-5JUL19,1562237942032,open,0.22,0.0,0.178,0.257,0.217394,166.69,None,0.0,ETH-5JUL19-230-C,293.79,0.0,0.005,2.0,0.0,0.0,0.0,0.00056,-0.04675,0.00551,0.00016,0.99883
293.88,SYN.ETH-5JUL19,1562237942034,open,0.0,268.0,0.001,0.04,0.000259,130.03,0.001,0.0,ETH-5JUL19-340-C,293.79,0.0,0.0,0.0,0.002,151.0,181.12,0.0045,-0.07612,8e-05,0.00167,0.012
295.79,SYN.ETH-26JUL19,1562237942033,open,0.0,1208.0,0.001,0.045,0.004916,101.09,0.006,0.0,ETH-26JUL19-200-P,293.79,91.57,0.003,300.0,0.007,500.0,109.39,0.06753,-0.15604,-0.00869,0.00127,-0.0441
293.88,SYN.ETH-5JUL19,1562237942033,open,0.56,0.0,0.503,0.627,0.565214,0.0,None,0.0,ETH-5JUL19-460-P,293.79,0.0,0.0,0.0,0.0,0.0,0.0,0.0,0.0,-0.01104,0.0,-1.0
294.52,SYN.ETH-12JUL19,1562237942034,open,0.2,10.0,0.153,0.232,0.192325,110.49,0.15,0.0,ETH-12JUL19-240-C,293.79,0.0,0.005,2.0,0.0,0.0,0.0,0.0701,-0.49172,0.04562,0.00339,0.91026
295.79,SYN.ETH-26JUL19,1562237942032,open,0.49,0.0,0.437,0.556,0.496333,106.48,None,0.0,ETH-26JUL19-440-P,293.79,0.0,0.0,0.0,0.0,0.0,0.0,0.10947,-0.26643,-0.25076,0.00196,-0.91821
295.79,SYN.ETH-26JUL19,1562237942032,open,0.0,1228.0,0.001,0.041,0.001442,113.93,0.002,0.0,ETH-26JUL19-560-C,293.79,0.0,0.0,0.0,0.003,40.0,126.26,0.02869,-0.07472,0.00255,0.00048,0.01581
295.79,SYN.ETH-26JUL19,1562237942034,open,0.36,985.0,0.315,0.424,0.369436,104.17,0.205,0.0,ETH-26JUL19-400-P,293.79,0.0,0.0,0.0,0.0,0.0,0.0,0.1654,-0.3938,-0.21698,0.00303,-0.85453
293.88,SYN.ETH-5JUL19,1562237942033,open,0.0,1.0,0.001,0.04,0.0,129.99,0.004,0.0,ETH-5JUL19-220-P,293.79,0.0,0.0,0.0,0.002,150.0,328.95,0.0,-1e-05,0.0,0.0,0.0
294.52,SYN.ETH-12JUL19,1562237942033,open,0.35,0.0,0.307,0.414,0.360529,112.22,None,0.0,ETH-12JUL19-400-P,293.79,0.0,0.0,0.0,0.0,0.0,0.0,0.03574,-0.25461,-0.08405,0.0017,-0.96202
294.52,SYN.ETH-12JUL19,1562237942033,open,0.0,489.0,0.001,0.042,0.002412,112.6,0.005,0.0,ETH-12JUL19-400-C,293.79,97.92,0.001,50.0,0.004,400.0,123.66,0.03615,-0.25843,0.00229,0.00172,0.03852
293.88,SYN.ETH-5JUL19,1562237942032,open,0.0,326.0,0.001,0.04,1e-06,129.98,0.001,0.0,ETH-5JUL19-230-P,293.79,0.0,0.0,0.0,0.002,150.0,285.92,3e-05,-0.00023,0.0,1e-05,-5e-05
295.79,SYN.ETH-26JUL19,1562237942035,open,0.0,980.0,0.001,0.042,0.002135,105.92,0.003,0.0,ETH-26JUL19-180-P,293.79,94.25,0.001,1.0,0.003,200.0,112.37,0.03569,-0.08642,-0.004,0.00064,-0.02043
295.79,SYN.ETH-26JUL19,1562237942032,open,0.88,0.0,0.819,0.97,0.894631,113.26,None,0.0,ETH-26JUL19-560-P,293.79,0.0,0.0,0.0,0.0,0.0,0.0,0.02782,-0.07201,-0.33317,0.00047,-0.98475
293.88,SYN.ETH-5JUL19,1562237942033,open,0.15,7.0,0.111,0.203,0.157156,127.31,0.212,0.0,ETH-5JUL19-340-P,293.79,0.0,0.0,0.0,0.0,0.0,0.0,0.00402,-0.25562,-0.00808,0.00152,-0.98946
293.88,SYN.ETH-5JUL19,1562237942033,open,0.0,618.0,0.001,0.04,6.4e-05,130.02,0.004,0.0,ETH-5JUL19-350-C,293.79,0.0,0.0,0.0,0.002,153.0,208.88,0.00145,-0.01872,2e-05,0.00054,0.00334
294.52,SYN.ETH-12JUL19,1562237942033,open,0.03,248.0,0.001,0.068,0.028464,102.25,0.045,0.0,ETH-12JUL19-320-C,293.79,95.56,0.025,200.0,0.031,124.0,107.07,0.154,-0.99973,0.01831,0.00805,0.31653
295.79,SYN.ETH-26JUL19,1562237942036,open,0.17,475.0,0.126,0.205,0.165243,101.12,0.18,0.0,ETH-26JUL19-260-C,293.79,97.01,0.162,40.0,0.172,40.0,109.56,0.23468,-0.54241,0.10197,0.00443,0.74044
295.79,SYN.ETH-26JUL19,1562237942033,open,0.01,1343.0,0.001,0.052,0.012008,101.09,0.012,0.0,ETH-26JUL19-220-P,293.79,93.29,0.009,500.0,0.014,300.0,105.81,0.12091,-0.27936,-0.01869,0.00228,-0.09344
12083.85,BTC-27DEC19,1562237942046,open,0.16,114.6,0.116,0.2085,0.162174,96.32,0.165,0.0,BTC-27DEC19-10000-P,11608.99,93.18,0.155,6.4,0.1645,6.4,97.33,27.65654,-7.57287,-25.07593,4e-05,-0.26848
301.5,ETH-27SEP19,1562237942050,open,1.01,27.0,0.939,1.1,1.019488,106.36,1.044,0.0,ETH-27SEP19-600-P,293.79,0.0,0.99,1.0,1.064,2.0,140.14,0.32186,-0.20166,-1.31848,0.00143,-0.86111
12083.95,BTC-27DEC19,1562237942075,open,0.03,87.0,0.0005,0.0665,0.02553255,96.31,0.02,0.0,BTC-27DEC19-5500-P,11608.99,92.2,0.022,10.0,0.027,8.0,97.96,10.67568,-2.92314,-5.28977,2e-05,-0.06532
11682.82,SYN.BTC-26JUL19,1562237942078,open,0.03,340.6,0.0005,0.069,0.02931875,110.54,0.028,0.0,BTC-26JUL19-15000-C,11608.99,107.97,0.0275,25.6,0.031,2.0,112.86,8.36282,-21.12814,1.30195,9e-05,0.21526
11895.34,BTC-27SEP19,1562237942122,open,0.07,252.2,0.028,0.1075,0.06759198,102.82,0.068,0.0,BTC-27SEP19-18000-C,11608.99,100.58,0.064,41.2,0.071,13.6,104.91,19.25631,-11.66362,5.83171,6e-05,0.27842
11895.44,BTC-27SEP19,1562237942144,open,0.22,567.6,0.1815,0.261,0.22131733,98.85,0.2125,0.0,BTC-27SEP19-11000-C,11608.99,96.13,0.2165,19.2,0.226,19.2,101.49,21.10347,-12.28892,12.03346,6e-05,0.65635
11682.82,SYN.BTC-26JUL19,1562237942133,open,0.0,278.6,0.0005,0.044,0.00391798,107.16,0.005,0.0,BTC-26JUL19-7500-P,11608.99,101.85,0.003,15.0,0.0045,32.0,110.16,2.17506,-5.32719,-0.26779,2e-05,-0.03433
12083.85,BTC-27DEC19,1562237942159,open,0.07,60.4,0.027,0.1065,0.06650121,105.47,0.0655,0.0,BTC-27DEC19-28000-C,11608.99,103.99,0.0635,6.4,0.07,16.4,107.17,24.65281,-7.39191,8.77367,3e-05,0.21718
11611.95,SYN.BTC-5JUL19,1562237942223,open,0.0,715.0,0.0005,0.041,0.00123513,125.35,0.001,0.0,BTC-5JUL19-10500-P,11608.99,106.24,0.0005,54.6,0.002,41.0,139.13,0.56249,-14.34231,-0.01356,0.00014,-0.04744
11682.82,SYN.BTC-26JUL19,1562237942269,open,0.07,418.8,0.0235,0.103,0.06308271,107.43,0.075,0.0,BTC-26JUL19-13000-C,11608.99,104.15,0.06,25.6,0.0665,25.6,111.06,10.98778,-26.9813,2.30155,0.00013,0.39179
12083.95,BTC-27DEC19,1562237942330,open,0.25,42.2,0.2075,0.3075,0.25746397,96.32,0.2675,0.0,BTC-27DEC19-12000-P,11608.99,93.84,0.251,6.4,0.2625,6.4,98.25,31.53343,-8.63452,-36.25337,5e-05,-0.36515
11682.82,SYN.BTC-26JUL19,1562237942333,open,0.06,59.7,0.0125,0.092,0.05215848,108.19,0.053,0.0,BTC-26JUL19-13500-C,11608.99,105.22,0.0495,25.6,0.0555,25.6,111.9,10.4757,-25.9049,2.01307,0.00012,0.33966
11682.82,SYN.BTC-26JUL19,1562237942344,open,0.06,59.7,0.0125,0.092,0.05215848,108.19,0.053,0.0,BTC-26JUL19-13500-C,11608.99,105.22,0.0495,25.6,0.0555,35.6,111.9,10.4757,-25.9049,2.01307,0.00012,0.33966
11635.48,SYN.BTC-12JUL19,1562237942344,open,0.01,202.5,0.0005,0.0475,0.00748005,110.77,0.007,0.0,BTC-12JUL19-9500-P,11608.99,106.61,0.0065,40.0,0.0085,0.1,114.86,2.82481,-19.86467,-0.25016,9e-05,-0.09216
12083.85,BTC-27DEC19,1562237942352,open,0.08,146.3,0.0435,0.13,0.08660218,96.32,0.0825,0.0,BTC-27DEC19-8000-P,11608.99,92.83,0.0805,6.4,0.087,6.4,96.54,21.28709,-5.82876,-14.98547,3e-05,-0.17076
12083.95,BTC-27DEC19,1562237942354,open,0.06,190.8,0.019,0.0985,0.05898441,106.67,0.057,0.0,BTC-27DEC19-30000-C,11608.99,105.1,0.056,3.0,0.062,10.0,108.23,23.16372,-7.02478,7.94968,3e-05,0.19551
12083.79,BTC-27DEC19,1562237942358,open,1.06,0.0,0.991,1.1565,1.0735759,103.17,None,0.0,BTC-27DEC19-24000-P,11608.99,0.0,0.0055,1.0,1.8715,0.2,500.0,27.95041,-8.1982,-104.7678,4e-05,-0.72576
12083.95,BTC-27DEC19,1562237942361,open,0.31,14.0,0.26,0.3645,0.31203791,96.62,0.37,0.0,BTC-27DEC19-13000-P,11608.99,94.2,0.3055,6.4,0.318,6.4,98.83,32.61726,-8.95897,-42.06831,5e-05,-0.41045
11895.44,BTC-27SEP19,1562237942365,open,0.14,112.1,0.1005,0.1915,0.14604508,98.85,0.14,0.0,BTC-27SEP19-11000-P,11608.99,96.01,0.141,25.6,0.15,36.0,101.08,21.10344,-12.28945,-13.5457,6e-05,-0.34365
12083.79,BTC-27DEC19,1562237942433,open,0.04,153.8,0.0005,0.075,0.03525843,111.6,0.0405,0.0,BTC-27DEC19-40000-C,11609.12,109.62,0.0325,8.0,0.038,10.0,113.5,17.11938,-5.4316,5.13647,2e-05,0.12347
11895.44,BTC-27SEP19,1562237942433,open,0.51,714.8,0.468,0.5475,0.50784392,100.92,0.556,0.0,BTC-27SEP19-6000-C,11609.12,0.0,0.0,0.0,0.55,0.5,160.63,5.86955,-3.48955,12.24419,2e-05,0.95049
12083.79,BTC-27DEC19,1562237942433,open,1.68,0.3,1.593,1.8085,1.70052674,107.63,2.435,0.0,BTC-27DEC19-32000-P,11609.12,0.0,0.0,0.0,0.0,0.0,0.0,21.71491,-6.64416,-146.98205,3e-05,-0.82382
11895.44,BTC-27SEP19,1562237942433,open,0.0,297.6,0.0005,0.0445,0.00434153,105.13,0.0055,0.0,BTC-27SEP19-4750-P,11609.12,95.73,0.0025,15.0,0.0055,15.0,109.86,2.71744,-1.68291,-0.65928,1e-05,-0.01949
12083.79,BTC-27DEC19,1562237942433,open,0.45,93.8,0.411,0.4905,0.45060391,96.31,0.4485,0.0,BTC-27DEC19-7500-C,11609.12,0.0,0.311,3.0,0.5085,2.5,130.92,19.32935,-5.29265,23.40712,3e-05,0.85261
12083.79,BTC-27DEC19,1562237942433,open,0.38,184.4,0.337,0.4165,0.37686642,96.31,0.3945,0.0,BTC-27DEC19-9000-C,11609.12,57.34,0.3005,0.1,0.468,0.1,140.71,24.78278,-6.78586,23.52093,4e-05,0.78083
11895.44,BTC-27SEP19,1562237942433,open,0.01,472.6,0.0005,0.0525,0.01223888,100.92,0.0115,0.0,BTC-27SEP19-6000-P,11609.12,97.27,0.0105,32.0,0.014,15.0,104.38,5.86955,-3.48955,-1.70798,2e-05,-0.04951
11895.44,BTC-27SEP19,1562237942433,open,0.87,42.8,0.834,0.9135,0.87392796,129.96,0.815,0.0,BTC-27SEP19-1500-C,11609.12,0.0,0.0,0.0,0.0,0.0,0.0,0.03296,-0.02523,3.48319,0.0,0.99985
11895.44,BTC-27SEP19,1562237942433,open,0.01,437.4,0.0005,0.0455,0.00573029,105.13,0.006,0.0,BTC-27SEP19-5000-P,11609.12,100.44,0.0045,16.0,0.007,15.0,109.41,3.33165,-2.06331,-0.8449,1e-05,-0.02481
11895.44,BTC-27SEP19,1562237942434,open,0.0,1657.1,0.0005,0.04,2.681e-05,130.0,0.0005,0.0,BTC-27SEP19-1500-P,11609.12,0.0,0.0,0.0,0.0025,15.0,210.73,0.03306,-0.02532,-0.00487,0.0,-0.00015
12083.79,BTC-27DEC19,1562237942433,open,2.32,0.0,2.212,2.479,2.34546171,111.59,None,0.0,BTC-27DEC19-40000-P,11609.12,0.0,0.0005,3.0,0.0,0.0,0.0,17.11541,-5.42977,-187.60545,2e-05,-0.87657
12083.79,BTC-27DEC19,1562237942433,open,0.68,27.1,0.6385,0.718,0.67802312,100.03,0.542,0.0,BTC-27DEC19-4000-C,11609.12,0.0,0.014,0.1,0.71,0.2,150.52,5.10246,-1.45095,17.22051,1e-05,0.97378
12083.79,BTC-27DEC19,1562237942434,open,0.88,0.0,0.837,0.9165,0.87690156,130.01,None,0.0,BTC-27DEC19-1500-C,11609.12,0.0,0.0175,0.1,0.9885,0.5,500.0,0.73569,-0.27192,7.00084,0.0,0.99714
11635.57,SYN.BTC-12JUL19,1562237942433,open,0.04,185.1,0.0005,0.075,0.03530584,108.58,0.0315,0.0,BTC-12JUL19-12500-C,11609.12,103.43,0.0325,33.0,0.0385,34.0,114.39,6.36857,-43.90212,0.8048,0.0002,0.35586
11682.82,SYN.BTC-26JUL19,1562237942433,open,0.41,4.8,0.3635,0.443,0.40307226,109.73,0.455,0.0,BTC-26JUL19-7000-C,11609.12,0.0,0.0055,10.0,0.0,0.0,0.0,1.42119,-3.56431,4.03525,2e-05,0.97938
11895.44,BTC-27SEP19,1562237942434,open,0.0,612.3,0.0005,0.041,0.00124571,126.86,0.002,0.0,BTC-27SEP19-3000-P,11609.12,0.0,0.0,0.0,0.0025,15.0,140.28,0.86885,-0.6493,-0.18017,0.0,-0.00527
11682.82,SYN.BTC-26JUL19,1562237942433,open,0.02,316.5,0.0005,0.054,0.01403331,114.38,0.011,0.0,BTC-26JUL19-17000-C,11609.12,111.07,0.0125,32.0,0.0155,2.1,117.39,5.55696,-14.52754,0.70807,6e-05,0.11516
11635.57,SYN.BTC-12JUL19,1562237942433,open,0.0,347.5,0.0005,0.042,0.00226634,120.19,0.0035,0.0,BTC-12JUL19-8500-P,11609.12,104.78,0.001,50.0,0.0035,40.0,130.75,1.19375,-9.1087,-0.08342,3e-05,-0.03096
11895.44,BTC-27SEP19,1562237942434,open,0.69,0.0,0.647,0.7265,0.68674573,114.47,None,0.0,BTC-27SEP19-3750-C,11609.12,0.0,0.0045,10.0,0.7685,10.0,299.33,1.38892,-0.93664,8.41713,0.0,0.99104
11895.44,BTC-27SEP19,1562237942434,open,0.0,371.7,0.0005,0.0405,0.00057336,130.0,0.0005,0.0,BTC-27SEP19-2500-P,11609.12,127.97,0.0005,3.0,0.0015,15.1,146.9,0.45187,-0.34605,-0.08616,0.0,-0.00254
12083.79,BTC-27DEC19,1562237942435,open,0.57,60.5,0.5305,0.61,0.57038261,96.32,0.567,0.0,BTC-27DEC19-5500-C,11609.12,0.0,0.0055,0.1,0.9755,5.0,500.0,10.67651,-2.92351,21.21136,2e-05,0.93468
12083.79,BTC-27DEC19,1562237942435,open,0.54,122.6,0.4985,0.578,0.53805261,96.32,0.56,0.0,BTC-27DEC19-6000-C,11609.12,0.0,0.05,1.0,0.58,0.1,131.05,12.88744,-3.52879,22.03131,2e-05,0.91643
12083.79,BTC-27DEC19,1562237942435,open,0.48,54.4,0.4385,0.518,0.47818056,96.32,0.45,0.0,BTC-27DEC19-7000-C,11609.12,0.0,0.2155,0.1,0.55,0.1,142.84,17.25667,-4.72524,23.11142,3e-05,0.87511
11611.95,SYN.BTC-5JUL19,1562237942433,open,0.0,397.0,0.0005,0.04,0.00020675,130.0,0.001,0.0,BTC-5JUL19-13500-C,11609.12,146.46,0.0005,103.9,0.002,13.0,185.85,0.14886,-2.40081,0.00267,4e-05,0.00979
11611.95,SYN.BTC-5JUL19,1562237942434,open,0.11,353.0,0.057,0.1365,0.0969935,125.34,0.1215,0.0,BTC-5JUL19-10500-C,11609.12,95.07,0.096,1.0,0.0985,1.0,150.09,0.56239,-35.24498,0.23835,0.00014,0.95257
11682.82,SYN.BTC-26JUL19,1562237942433,open,0.62,0.0,0.5685,0.699,0.63372285,119.46,None,0.0,BTC-26JUL19-19000-P,11609.12,0.0,0.0,0.0,0.0,0.0,0.0,3.61246,-9.86366,-10.98632,4e-05,-0.93532
11611.95,SYN.BTC-5JUL19,1562237942436,open,0.15,28.1,0.1165,0.209,0.16280266,130.0,0.2195,0.0,BTC-5JUL19-13500-P,11609.12,0.0,0.161,0.8,0.1645,0.8,184.03,0.14886,-9.67614,-0.32122,4e-05,-0.99021
11895.44,BTC-27SEP19,1562237942437,open,0.38,903.1,0.3315,0.411,0.37114317,98.89,0.374,0.0,BTC-27SEP19-8000-C,11609.12,93.11,0.365,0.1,0.4775,2.0,184.95,12.9047,-7.51737,13.46083,4e-05,0.85778
12083.79,BTC-27DEC19,1562237942437,open,0.61,62.9,0.5645,0.644,0.60427918,96.32,0.598,0.0,BTC-27DEC19-5000-C,11609.12,0.0,0.0045,0.1,0.623,0.5,119.06,8.51992,-2.33297,20.18508,1e-05,0.95095
12083.79,BTC-27DEC19,1562237942437,open,0.24,144.9,0.1965,0.276,0.23622184,96.61,0.225,0.0,BTC-27DEC19-13000-C,11609.12,94.68,0.231,4.8,0.243,4.8,99.13,32.61703,-8.95876,20.57198,5e-05,0.58954
12083.79,BTC-27DEC19,1562237942437,open,0.19,174.4,0.1515,0.231,0.19141218,97.78,0.1995,0.0,BTC-27DEC19-15000-C,11609.12,95.83,0.186,4.8,0.198,4.8,100.16,33.45607,-9.30049,18.45303,5e-05,0.50833
11895.44,BTC-27SEP19,1562237942437,open,0.73,0.0,0.688,0.7675,0.72778003,116.23,None,0.0,BTC-27SEP19-3250-C,11609.12,0.0,0.0045,10.0,0.9275,5.0,500.0,0.78877,-0.54006,7.39921,0.0,0.99527
12083.79,BTC-27DEC19,1562237942437,open,0.77,3.6,0.705,0.8465,0.77571389,101.02,0.7375,0.0,BTC-27DEC19-20000-P,11609.12,0.0,0.004,5.0,1.55,0.2,500.0,31.27293,-8.98099,-82.63789,4e-05,-0.64355
11895.44,BTC-27SEP19,1562237942437,open,0.05,373.2,0.012,0.0915,0.05158469,105.43,0.0555,0.0,BTC-27SEP19-20000-C,11609.12,104.32,0.05,1.0,0.053,44.8,106.41,17.04209,-10.58434,4.69459,5e-05,0.2213
11895.44,BTC-27SEP19,1562237942437,open,0.02,60.7,0.0005,0.0635,0.023554,109.77,0.019,0.0,BTC-27SEP19-26000-C,11609.12,107.5,0.0215,32.0,0.0255,15.0,111.84,10.97208,-7.09528,2.46473,3e-05,0.11266
11895.44,BTC-27SEP19,1562237942437,open,0.0,425.8,0.0005,0.04,0.00016157,130.0,0.0005,0.0,BTC-27SEP19-2000-P,11609.12,0.0,0.0,0.0,0.0025,15.0,180.87,0.15646,-0.11982,-0.02647,0.0,-0.0008
12083.79,BTC-27DEC19,1562237942438,open,0.04,154.6,0.002,0.0815,0.04152157,109.09,0.0305,0.0,BTC-27DEC19-36000-C,11609.12,107.79,0.0395,8.0,0.0435,1.0,110.33,19.01939,-5.89843,5.96045,2e-05,0.14389
11895.44,BTC-27SEP19,1562237942437,open,0.87,0.2,0.8125,0.963,0.88768154,106.25,1.391,0.0,BTC-27SEP19-22000-P,11609.12,0.0,0.0045,10.0,0.0,0.0,0.0,14.65813,-9.17509,-47.44076,4e-05,-0.82738
12083.79,BTC-27DEC19,1562237942438,open,0.72,4.0,0.676,0.7555,0.71565245,100.03,0.59,0.0,BTC-27DEC19-3500-C,11609.12,0.0,0.0055,0.1,0.78,1.0,204.92,3.44967,-0.98097,15.59486,0.0,0.98349
11895.44,BTC-27SEP19,1562237942438,open,0.0,290.5,0.0005,0.0435,0.00373661,107.88,0.0045,0.0,BTC-27SEP19-4500-P,11609.12,100.92,0.0025,15.0,0.005,47.0,113.67,2.37415,-1.50876,-0.56356,1e-05,-0.01664
11895.44,BTC-27SEP19,1562237942437,open,0.59,793.2,0.5455,0.625,0.5854009,105.13,0.5945,0.0,BTC-27SEP19-5000-C,11609.12,0.0,0.051,1.0,0.717,5.0,299.25,3.33157,-2.06325,10.78193,1e-05,0.97519
11635.57,SYN.BTC-12JUL19,1562237942433,open,0.36,0.0,0.316,0.3955,0.35598439,130.0,None,0.0,BTC-12JUL19-7500-C,11609.12,0.0,0.0,0.0,0.0,0.0,0.0,0.38712,-3.19495,1.59604,1e-05,0.9917
11895.57,BTC-27SEP19,1562237942438,open,0.37,13.1,0.316,0.425,0.37046416,100.4,0.342,0.0,BTC-27SEP19-15000-P,11609.12,97.47,0.365,19.2,0.376,19.2,103.36,22.25148,-13.16117,-26.66786,7e-05,-0.59361
11611.95,SYN.BTC-5JUL19,1562237942437,open,0.0,144.0,0.0005,0.04,0.0,130.0,0.0005,0.0,BTC-5JUL19-7500-P,11609.12,0.0,0.0,0.0,0.0005,16.3,382.67,0.0,0.0,0.0,0.0,0.0
12083.79,BTC-27DEC19,1562237942438,open,0.51,63.0,0.4675,0.547,0.50731933,96.31,0.4965,0.0,BTC-27DEC19-6500-C,11609.12,0.0,0.2425,0.1,0.973,2.0,500.0,15.09666,-4.13369,22.65903,2e-05,0.89648
11895.57,BTC-27SEP19,1562237942438,open,0.43,14.5,0.381,0.4955,0.43805225,101.31,0.4105,0.0,BTC-27SEP19-16000-P,11609.12,0.0,0.0045,10.0,1.0825,0.2,500.0,21.42933,-12.78937,-29.86217,6e-05,-0.6415
12083.79,BTC-27DEC19,1562237942438,open,0.09,144.0,0.0475,0.127,0.08745393,103.18,0.0925,0.0,BTC-27DEC19-24000-C,11609.12,101.24,0.083,16.4,0.0915,10.0,104.92,27.95132,-8.1988,10.87697,4e-05,0.27426
11895.57,BTC-27SEP19,1562237942438,open,0.63,289.7,0.5855,0.665,0.62543736,107.84,0.588,0.0,BTC-27SEP19-4500-C,11609.12,0.0,0.0005,20.0,0.7365,5.0,299.12,2.37145,-1.50656,9.90137,1e-05,0.98339
11611.95,SYN.BTC-5JUL19,1562237942438,open,0.01,270.3,0.0005,0.056,0.01566133,103.45,0.0125,0.0,BTC-5JUL19-11500-P,11609.12,92.1,0.0135,25.0,0.0175,1.0,113.07,2.21649,-114.64746,-0.11978,0.00066,-0.41429
12083.79,BTC-27DEC19,1562237942438,open,0.02,171.3,0.0005,0.0605,0.02078193,115.07,0.023,0.0,BTC-27DEC19-52000-C,11609.12,114.28,0.02,8.0,0.0215,0.9,115.78,12.07718,-3.95083,3.25542,1e-05,0.07669
11682.82,SYN.BTC-26JUL19,1562237942433,open,0.79,0.0,0.73,0.874,0.80202068,125.96,None,0.0,BTC-26JUL19-21000-P,11609.12,0.0,0.0,0.0,0.0,0.0,0.0,2.47871,-7.13629,-12.33555,2e-05,-0.95972
11682.82,SYN.BTC-26JUL19,1562237942435,open,0.37,17.0,0.322,0.4015,0.36194949,107.16,0.246,0.0,BTC-26JUL19-7500-C,11609.12,0.0,0.0055,10.0,0.0,0.0,0.0,2.17507,-5.32721,4.22722,2e-05,0.96567
12083.79,BTC-27DEC19,1562237942440,open,0.91,0.0,0.846,0.999,0.92255095,102.02,None,0.0,BTC-27DEC19-22000-P,11609.12,0.0,0.0055,2.0,1.7105,0.3,500.0,29.64923,-8.59951,-93.81236,4e-05,-0.68863
11682.82,SYN.BTC-26JUL19,1562237942434,open,0.0,125.0,0.0005,0.0445,0.00450864,125.96,0.002,0.0,BTC-26JUL19-21000-C,11609.12,120.83,0.0035,3.0,0.0055,42.0,130.35,2.47849,-7.13547,0.25044,2e-05,0.04028
11611.95,SYN.BTC-5JUL19,1562237942437,open,0.41,0.0,0.3645,0.4775,0.42096157,211.47,None,0.0,BTC-5JUL19-16500-P,11609.12,0.0,0.0005,0.1,0.0,0.0,0.0,0.00858,-0.90679,-0.39575,0.0,-0.99958
11611.95,SYN.BTC-5JUL19,1562237942438,open,0.0,652.2,0.0005,0.04,4.36e-06,130.0,0.0005,0.0,BTC-5JUL19-14500-C,11609.12,0.0,0.0,0.0,0.0015,10.0,240.26,0.00578,-0.05061,8e-05,0.0,0.00027
11635.57,SYN.BTC-12JUL19,1562237942439,open,0.32,0.0,0.2735,0.353,0.31344893,122.22,None,0.0,BTC-12JUL19-8000-C,11609.12,0.0,0.0,0.0,0.0,0.0,0.0,0.63844,-4.95392,1.68662,2e-05,0.98524
11682.82,SYN.BTC-26JUL19,1562237942438,open,0.27,5.0,0.226,0.3275,0.27669047,109.77,0.1535,0.0,BTC-26JUL19-14500-P,11609.12,0.0,0.0,0.0,0.0,0.0,0.0,9.11911,-22.87925,-7.17773,0.0001,-0.74842
11895.57,BTC-27SEP19,1562237942440,open,0.19,709.3,0.145,0.2245,0.18484722,98.85,0.1935,0.0,BTC-27SEP19-12000-C,11609.12,96.27,0.18,19.2,0.1895,5.0,101.33,22.33731,-13.00738,11.12591,7e-05,0.58706
11682.82,SYN.BTC-26JUL19,1562237942438,open,0.11,232.4,0.073,0.162,0.11763892,104.85,0.118,0.0,BTC-26JUL19-12000-P,11609.12,100.09,0.113,19.2,0.12,19.2,107.26,11.40689,-27.33532,-4.25769,0.00013,-0.49044
11682.82,SYN.BTC-26JUL19,1562237942439,open,0.14,201.6,0.091,0.1705,0.13052398,104.26,0.133,0.0,BTC-26JUL19-11000-C,11609.12,104.24,0.1305,0.1,0.1345,19.2,108.61,10.68044,-25.45205,3.58068,0.00013,0.64191
11682.82,SYN.BTC-26JUL19,1562237942438,open,0.49,0.0,0.4475,0.527,0.48741803,122.76,None,0.0,BTC-26JUL19-6000-C,11609.12,0.0,0.0055,10.0,0.0,0.0,0.0,0.69198,-1.94154,3.52637,1e-05,0.99105
11682.82,SYN.BTC-26JUL19,1562237942438,open,0.02,363.7,0.0005,0.0585,0.01779905,104.26,0.018,0.0,BTC-26JUL19-9000-P,11609.12,101.65,0.0165,5.0,0.0185,32.0,105.64,5.89169,-14.04022,-1.00073,7e-05,-0.12512
11635.57,SYN.BTC-12JUL19,1562237942439,open,0.01,242.8,0.0005,0.052,0.01200134,112.68,0.011,0.0,BTC-12JUL19-14000-C,11609.12,109.71,0.011,32.0,0.013,1.7,115.54,3.99128,-28.5512,0.34734,0.00012,0.15035
11682.82,SYN.BTC-26JUL19,1562237942437,open,0.33,24.1,0.282,0.3615,0.32193678,105.43,0.38,0.0,BTC-26JUL19-8000-C,11609.12,0.0,0.161,0.3,0.0,0.0,0.0,3.19174,-7.69121,4.36108,4e-05,0.94478
11682.82,SYN.BTC-26JUL19,1562237942437,open,0.0,126.8,0.0005,0.0405,0.00049832,125.91,0.0005,0.0,BTC-26JUL19-5500-P,11609.12,0.0,0.0,0.0,0.001,5.0,137.49,0.39023,-1.12299,-0.03629,0.0,-0.00468
11682.82,SYN.BTC-26JUL19,1562237942438,open,0.29,36.6,0.2435,0.323,0.28347385,104.25,0.2155,0.0,BTC-26JUL19-8500-C,11609.12,0.0,0.0105,0.1,0.0,0.0,0.0,4.44065,-10.58094,4.42366,5e-05,0.91525
11682.82,SYN.BTC-26JUL19,1562237942438,open,0.53,0.0,0.49,0.5695,0.52971774,125.79,0.4,0.0,BTC-26JUL19-5500-C,11609.12,0.0,0.0055,10.0,0.0,0.0,0.0,0.38814,-1.11595,3.26027,0.0,0.99534
11682.82,SYN.BTC-26JUL19,1562237942439,open,0.02,268.5,0.0005,0.0595,0.01981561,111.81,0.021,0.0,BTC-26JUL19-16000-C,11609.12,109.53,0.0185,25.6,0.021,1.1,113.81,6.83757,-17.47375,0.95193,7e-05,0.15577
11682.82,SYN.BTC-26JUL19,1562237942439,open,0.04,92.0,0.0005,0.0755,0.03554969,109.77,0.038,0.0,BTC-26JUL19-14500-C,11609.12,107.12,0.0335,25.6,0.038,0.5,112.88,9.11898,-22.87838,1.51258,0.0001,0.25157
11611.95,SYN.BTC-5JUL19,1562237942440,open,0.27,5.0,0.228,0.3075,0.26799518,122.43,0.25,0.0,BTC-5JUL19-8500-C,11609.12,0.0,0.001,1.0,0.0,0.0,0.0,0.0,-0.00016,0.20393,0.0,1.0
11611.95,SYN.BTC-5JUL19,1562237942439,open,0.0,497.9,0.0005,0.04,3.328e-05,130.0,0.0005,0.0,BTC-5JUL19-14000-C,11609.12,0.0,0.0,0.0,0.001,1.0,195.17,0.03333,-0.38642,0.0005,1e-05,0.00183
295.79,SYN.ETH-26JUL19,1562237942773,open,0.17,475.0,0.126,0.205,0.165243,101.12,0.18,0.0,ETH-26JUL19-260-C,293.79,98.28,0.163,40.0,0.172,40.0,109.56,0.23468,-0.54241,0.10197,0.00443,0.74044
295.79,SYN.ETH-26JUL19,1562237942783,open,0.07,1426.0,0.028,0.107,0.067185,101.61,0.07,0.0,ETH-26JUL19-320-C,293.79,99.33,0.065,120.0,0.073,235.0,107.66,0.28361,-0.65866,0.06324,0.00532,0.4239
308.18,ETH-27DEC19,1562237942793,open,0.21,2.0,0.169,0.265,0.216707,100.41,0.244,0.0,ETH-27DEC19-280-P,293.79,96.07,0.206,219.0,0.225,219.0,103.78,0.75834,-0.21647,-0.78728,0.00165,-0.31346
308.18,ETH-27DEC19,1562237942811,open,0.69,0.0,0.632,0.767,0.699872,103.58,None,0.0,ETH-27DEC19-480-P,293.79,92.64,0.671,110.0,0.714,110.0,108.83,0.82577,-0.24318,-1.9322,0.00174,-0.6013
308.19,ETH-27DEC19,1562237942839,open,0.58,0.0,0.527,0.653,0.589661,102.22,None,0.0,ETH-27DEC19-440-P,293.79,92.42,0.563,110.0,0.606,110.0,108.17,0.84429,-0.24536,-1.70494,0.0018,-0.55843
308.18,ETH-27DEC19,1562237943031,open,0.1,22.0,0.059,0.138,0.09883,106.37,0.1,0.0,ETH-27DEC19-600-C,293.76,103.08,0.091,2.0,0.108,139.0,110.15,0.74039,-0.2239,0.29425,0.00152,0.29698
308.18,ETH-27DEC19,1562237943031,open,0.91,0.0,0.848,1.0,0.924004,103.87,None,0.0,ETH-27DEC19-560-P,293.76,0.0,0.0,0.0,0.0,0.0,0.0,0.76495,-0.22587,-2.382,0.00161,-0.68007
301.5,ETH-27SEP19,1562237943031,open,1.52,0.0,1.436,1.638,1.537,114.07,None,0.0,ETH-27SEP19-760-P,293.76,0.0,0.0,0.0,0.0,0.0,0.0,0.21596,-0.14512,-1.72266,0.0009,-0.92009
308.18,ETH-27DEC19,1562237943031,open,0.38,0.0,0.332,0.441,0.386534,100.41,None,0.0,ETH-27DEC19-360-P,293.76,91.51,0.362,120.0,0.404,120.0,106.78,0.84674,-0.24171,-1.24231,0.00184,-0.45005
308.18,ETH-27DEC19,1562237943031,open,0.07,11.0,0.028,0.107,0.067101,106.37,0.055,0.0,ETH-27DEC19-720-C,293.76,99.17,0.053,144.0,0.076,144.0,110.63,0.62958,-0.19039,0.22362,0.00129,0.21769
308.18,ETH-27DEC19,1562237943031,open,0.09,1.0,0.047,0.126,0.086601,106.37,0.093,0.0,ETH-27DEC19-640-C,293.76,98.4,0.069,141.0,0.097,141.0,110.85,0.70398,-0.21289,0.26857,0.00145,0.26746
308.18,ETH-27DEC19,1562237943032,open,1.26,0.0,1.192,1.373,1.28255,106.34,None,0.0,ETH-27DEC19-680-P,293.76,0.0,0.0,0.0,0.0,0.0,0.0,0.66655,-0.20151,-3.03163,0.00137,-0.75899
308.18,ETH-27DEC19,1562237943032,open,0.22,61.0,0.179,0.258,0.218423,100.43,0.227,0.0,ETH-27DEC19-360-C,293.76,98.09,0.212,240.0,0.227,240.0,103.55,0.84673,-0.24174,0.49235,0.00184,0.54998
308.18,ETH-27DEC19,1562237943032,open,0.26,3.0,0.22,0.299,0.259005,100.42,0.261,0.0,ETH-27DEC19-320-C,293.76,97.03,0.25,181.0,0.277,120.0,107.24,0.81721,-0.2333,0.52988,0.00178,0.61583
308.15,ETH-27DEC19,1562237943032,open,0.29,0.0,0.246,0.349,0.297337,100.39,None,0.0,ETH-27DEC19-320-P,293.76,91.26,0.273,120.0,0.313,120.0,106.32,0.81719,-0.23322,-1.01207,0.00178,-0.38427
308.15,ETH-27DEC19,1562237943032,open,1.38,0.0,1.308,1.499,1.403322,106.23,None,0.0,ETH-27DEC19-720-P,293.76,0.0,0.002,1000.0,0.0,0.0,0.0,0.62846,-0.1898,-3.24622,0.00129,-0.78295
301.5,ETH-27SEP19,1562237943032,open,1.13,0.0,1.062,1.232,1.146926,107.63,None,0.0,ETH-27SEP19-640-P,293.76,0.0,0.0,0.0,0.0,0.0,0.0,0.28545,-0.18098,-1.42327,0.00125,-0.88313
308.15,ETH-27DEC19,1562237943032,open,1.03,0.0,0.964,1.127,1.045681,106.28,None,0.0,ETH-27DEC19-600-P,293.76,0.0,0.0,0.0,0.0,0.0,0.0,0.7398,-0.22352,-2.59718,0.00152,-0.70347
301.5,ETH-27SEP19,1562237943033,open,0.02,215.0,0.001,0.06,0.020076,108.81,0.02,0.0,ETH-27SEP19-680-C,293.76,104.99,0.017,150.0,0.024,350.0,113.28,0.25317,-0.16228,0.05529,0.0011,0.09893
293.87,SYN.ETH-5JUL19,1562237943032,open,0.35,0.0,0.307,0.415,0.361102,0.0,None,0.0,ETH-5JUL19-400-P,293.76,0.0,0.0,0.0,0.0,0.0,0.0,0.0,0.0,-0.0096,0.0,-1.0
293.87,SYN.ETH-5JUL19,1562237943032,open,0.29,0.0,0.242,0.344,0.293047,0.0,None,0.0,ETH-5JUL19-380-P,293.76,0.0,0.0,0.0,0.0,0.0,0.0,0.0,0.0,-0.00912,0.0,-1.0
293.87,SYN.ETH-5JUL19,1562237943032,open,0.46,0.0,0.405,0.521,0.463185,0.0,None,0.0,ETH-5JUL19-430-P,293.76,0.0,0.0,0.0,0.0,0.0,0.0,0.0,0.0,-0.01032,0.0,-1.0
294.51,SYN.ETH-12JUL19,1562237943032,open,0.0,219.0,0.001,0.041,0.001402,128.8,0.003,0.0,ETH-12JUL19-440-C,293.76,0.0,0.0,0.0,0.003,400.0,145.17,0.0221,-0.1807,0.00126,0.00092,0.02131
294.51,SYN.ETH-12JUL19,1562237943032,open,0.01,222.0,0.001,0.047,0.007256,103.31,0.01,0.0,ETH-12JUL19-360-C,293.76,94.21,0.005,250.0,0.01,399.0,112.78,0.07928,-0.52002,0.00628,0.0041,0.10614
293.87,SYN.ETH-5JUL19,1562237943031,open,0.01,456.0,0.001,0.044,0.004987,112.46,0.01,0.0,ETH-5JUL19-310-C,293.76,95.22,0.003,1.0,0.008,134.0,134.69,0.03683,-1.46554,0.00118,0.01581,0.17296
295.78,SYN.ETH-26JUL19,1562237943032,open,0.0,1835.0,0.001,0.044,0.004048,113.38,0.004,0.0,ETH-26JUL19-500-C,293.76,107.93,0.003,15.0,0.006,360.0,121.59,0.06218,-0.16113,0.00634,0.00105,0.03983
293.87,SYN.ETH-5JUL19,1562237943032,open,0.02,245.0,0.001,0.053,0.013121,111.42,0.02,0.0,ETH-5JUL19-300-C,293.76,82.86,0.008,107.0,0.018,107.0,137.62,0.05399,-3.00786,0.00247,0.02339,0.36278
293.87,SYN.ETH-5JUL19,1562237943032,open,0.15,0.0,0.11,0.189,0.149415,133.67,None,0.0,ETH-5JUL19-250-C,293.76,0.0,0.005,1.0,0.0,0.0,0.0,0.00251,-0.16773,0.00595,0.00091,0.99383
293.87,SYN.ETH-5JUL19,1562237943032,open,0.25,105.0,0.209,0.309,0.259022,0.0,0.13,0.0,ETH-5JUL19-370-P,293.76,0.0,0.0,0.0,0.0,0.0,0.0,0.0,0.0,-0.00888,0.0,-1.0
294.51,SYN.ETH-12JUL19,1562237943032,open,0.0,0.0,0.001,0.041,0.001239,129.99,None,0.0,ETH-12JUL19-200-P,293.76,0.0,0.0,0.0,0.003,400.0,151.17,0.01816,-0.14986,-0.00115,0.00075,-0.01691
295.78,SYN.ETH-26JUL19,1562237943031,open,0.62,0.0,0.563,0.693,0.627917,110.75,None,0.0,ETH-26JUL19-480-P,293.76,0.0,0.0,0.0,0.0,0.0,0.0,0.07402,-0.18736,-0.27981,0.00127,-0.95055
293.87,SYN.ETH-5JUL19,1562237943032,open,0.0,215.0,0.001,0.04,0.0,130.01,0.005,0.0,ETH-5JUL19-410-C,293.76,0.0,0.0,0.0,0.002,150.0,350.09,0.0,0.0,0.0,0.0,0.0
294.51,SYN.ETH-12JUL19,1562237943033,open,0.49,0.0,0.436,0.555,0.495382,128.11,None,0.0,ETH-12JUL19-440-P,293.76,0.0,0.0,0.0,0.0,0.0,0.0,0.02157,-0.17547,-0.09371,0.0009,-0.97929
295.78,SYN.ETH-26JUL19,1562237943032,open,0.0,1081.0,0.001,0.041,0.001435,123.99,0.002,0.0,ETH-26JUL19-600-C,293.76,0.0,0.0,0.0,0.003,350.0,137.13,0.02693,-0.07632,0.00235,0.00041,0.01469
293.87,SYN.ETH-5JUL19,1562237943033,open,0.32,0.0,0.274,0.38,0.327074,0.0,None,0.0,ETH-5JUL19-390-P,293.76,0.0,0.0,0.0,0.0,0.0,0.0,0.0,0.0,-0.00936,0.0,-1.0
293.87,SYN.ETH-5JUL19,1562237943031,open,0.0,1083.0,0.001,0.04,1.1e-05,129.98,0.001,0.0,ETH-5JUL19-240-P,293.76,0.0,0.0,0.0,0.002,150.0,244.0,0.00033,-0.00336,0.0,0.00012,-0.00066
293.87,SYN.ETH-5JUL19,1562237943033,open,0.0,992.0,0.001,0.04,0.0,130.01,0.002,0.0,ETH-5JUL19-420-C,293.76,0.0,0.0,0.0,0.002,150.0,370.49,0.0,0.0,0.0,0.0,0.0
294.51,SYN.ETH-12JUL19,1562237943032,open,0.17,5.0,0.123,0.215,0.169016,102.16,0.283,0.0,ETH-12JUL19-340-P,293.76,0.0,0.0,0.0,0.0,0.0,0.0,0.11695,-0.75852,-0.06229,0.00612,-0.81117
293.87,SYN.ETH-5JUL19,1562237943032,open,0.03,484.0,0.001,0.068,0.028851,111.46,0.03,0.0,ETH-5JUL19-290-C,293.76,80.04,0.023,150.0,0.037,150.0,154.36,0.05537,-3.08553,0.00407,0.02398,0.60646
293.87,SYN.ETH-5JUL19,1562237943032,open,0.0,1.0,0.001,0.04,0.0,129.99,0.001,0.0,ETH-5JUL19-210-P,293.76,0.0,0.0,0.0,0.002,250.0,373.33,0.0,0.0,0.0,0.0,0.0
293.87,SYN.ETH-5JUL19,1562237943031,open,0.0,1.0,0.001,0.04,0.0,130.01,0.006,0.0,ETH-5JUL19-440-C,293.76,0.0,0.0,0.0,0.002,150.0,409.25,0.0,0.0,0.0,0.0,0.0
294.51,SYN.ETH-12JUL19,1562237943032,open,0.33,0.0,0.283,0.362,0.322158,130.36,None,0.0,ETH-12JUL19-200-C,293.76,0.0,0.0,0.0,0.0,0.0,0.0,0.01837,-0.15205,0.04198,0.00075,0.98285
294.51,SYN.ETH-12JUL19,1562237943032,open,0.42,0.0,0.371,0.484,0.42753,116.44,None,0.0,ETH-12JUL19-420-P,293.76,0.0,0.0,0.0,0.0,0.0,0.0,0.02384,-0.17619,-0.08923,0.00109,-0.9767
293.87,SYN.ETH-5JUL19,1562237943032,open,0.0,1050.0,0.001,0.04,1.4e-05,130.02,0.002,0.0,ETH-5JUL19-360-C,293.76,0.0,0.0,0.0,0.005,150.0,284.78,0.0004,-0.00402,1e-05,0.00015,0.0008
293.87,SYN.ETH-5JUL19,1562237943032,open,0.0,1.0,0.001,0.04,0.0,130.01,0.004,0.0,ETH-5JUL19-480-C,293.76,0.0,0.0,0.0,0.002,150.0,479.86,0.0,0.0,0.0,0.0,0.0
293.87,SYN.ETH-5JUL19,1562237943032,open,0.03,346.0,0.001,0.075,0.033947,111.23,0.066,0.0,ETH-5JUL19-300-P,293.76,65.8,0.026,241.0,0.038,91.0,133.04,0.05398,-3.00203,-0.00473,0.02342,-0.63748
294.51,SYN.ETH-12JUL19,1562237943032,open,0.02,1284.0,0.001,0.058,0.017938,106.98,0.016,0.0,ETH-12JUL19-260-P,293.76,99.48,0.015,200.0,0.021,341.0,114.47,0.11805,-0.80179,-0.01332,0.0059,-0.19173
293.87,SYN.ETH-5JUL19,1562237943032,open,0.49,0.0,0.438,0.557,0.497212,0.0,None,0.0,ETH-5JUL19-440-P,293.76,0.0,0.0,0.0,0.0,0.0,0.0,0.0,0.0,-0.01056,0.0,-1.0
293.87,SYN.ETH-5JUL19,1562237943032,open,0.19,0.0,0.144,0.223,0.18335,144.38,None,0.0,ETH-5JUL19-240-C,293.76,0.0,0.005,1.0,0.0,0.0,0.0,0.00086,-0.06209,0.00574,0.00029,0.99813
295.78,SYN.ETH-26JUL19,1562237943031,open,0.0,1186.0,0.001,0.042,0.002839,113.38,0.013,0.0,ETH-26JUL19-520-C,293.76,98.07,0.001,10.0,0.005,350.0,124.41,0.04805,-0.12453,0.00466,0.00081,0.02911
295.78,SYN.ETH-26JUL19,1562237943032,open,0.69,0.0,0.627,0.762,0.694453,113.1,None,0.0,ETH-26JUL19-500-P,293.76,0.0,0.0,0.0,0.0,0.0,0.0,0.06165,-0.15936,-0.29339,0.00104,-0.96059
293.87,SYN.ETH-5JUL19,1562237943032,open,0.0,668.0,0.001,0.04,0.0,130.02,0.004,0.0,ETH-5JUL19-380-C,293.76,0.0,0.0,0.0,0.001,300.0,253.88,2e-05,-0.00013,0.0,1e-05,3e-05
293.87,SYN.ETH-5JUL19,1562237943032,open,0.22,0.0,0.177,0.274,0.225005,0.0,None,0.0,ETH-5JUL19-360-P,293.76,0.0,0.0,0.0,0.0,0.0,0.0,0.0,0.0,-0.00864,0.0,-1.0
293.87,SYN.ETH-5JUL19,1562237943032,open,0.42,0.0,0.372,0.486,0.429157,0.0,None,0.0,ETH-5JUL19-420-P,293.76,0.0,0.0,0.0,0.0,0.0,0.0,0.0,0.0,-0.01008,0.0,-1.0
293.87,SYN.ETH-5JUL19,1562237943034,open,0.0,212.0,0.001,0.04,0.0,130.01,0.004,0.0,ETH-5JUL19-430-C,293.76,0.0,0.0,0.0,0.002,150.0,390.19,0.0,0.0,0.0,0.0,0.0
293.87,SYN.ETH-5JUL19,1562237943033,open,0.0,261.0,0.001,0.04,3e-06,130.02,0.004,0.0,ETH-5JUL19-370-C,293.76,0.0,0.0,0.0,0.002,150.0,260.2,9e-05,-0.00076,0.0,3e-05,0.00017
293.87,SYN.ETH-5JUL19,1562237943034,open,0.0,921.0,0.001,0.04,0.0,130.01,0.04,0.0,ETH-5JUL19-400-C,293.76,0.0,0.0,0.0,0.002,150.0,328.93,0.0,0.0,0.0,0.0,0.0
295.78,SYN.ETH-26JUL19,1562237943045,open,0.13,679.0,0.085,0.164,0.124878,101.12,0.143,0.0,ETH-26JUL19-280-C,293.76,97.99,0.122,120.0,0.13,120.0,106.68,0.27216,-0.62902,0.09043,0.00513,0.63503
12083.79,BTC-27DEC19,1562237943070,open,0.36,8.3,0.3165,0.4255,0.37107092,97.27,0.39,0.0,BTC-27DEC19-14000-P,11609.12,94.7,0.364,4.8,0.3765,4.8,99.25,33.22484,-9.18781,-47.94715,5e-05,-0.45239
12083.92,BTC-27DEC19,1562237943117,open,0.43,0.4,0.3755,0.49,0.43274327,97.79,0.5045,0.0,BTC-27DEC19-15000-P,11609.12,95.17,0.4255,4.8,0.4385,4.8,99.87,33.45641,-9.30089,-53.8243,5e-05,-0.49165
12083.79,BTC-27DEC19,1562237943121,open,0.63,6.8,0.568,0.698,0.6331319,99.7,0.741,0.0,BTC-27DEC19-18000-P,11609.12,96.3,0.624,4.8,0.6385,4.8,101.69,32.59143,-9.23756,-71.26852,5e-05,-0.59087
12083.79,BTC-27DEC19,1562237943124,open,0.05,48.2,0.0125,0.092,0.05236425,107.63,0.0345,0.0,BTC-27DEC19-32000-C,11609.12,106.02,0.0495,6.4,0.0555,10.0,109.36,21.71722,-6.64532,7.2113,3e-05,0.17621
11682.82,SYN.BTC-26JUL19,1562237943129,open,0.14,39.4,0.1005,0.1915,0.14592964,106.55,0.1815,0.0,BTC-26JUL19-12500-P,11609.12,99.89,0.1395,19.2,0.147,19.2,107.65,11.31595,-27.55738,-4.88151,0.00013,-0.55123
11895.57,BTC-27SEP19,1562237943195,open,0.37,13.1,0.316,0.425,0.37044431,100.4,0.342,0.0,BTC-27SEP19-15000-P,11609.12,97.47,0.365,19.2,0.3755,19.2,103.09,22.25148,-13.16117,-26.66786,7e-05,-0.59361
11682.82,SYN.BTC-26JUL19,1562237943224,open,0.11,232.4,0.073,0.162,0.11763913,104.85,0.118,0.0,BTC-26JUL19-12000-P,11609.12,99.58,0.1125,19.2,0.12,19.2,107.26,11.40689,-27.33532,-4.25769,0.00013,-0.49044
11682.82,SYN.BTC-26JUL19,1562237943240,open,0.17,29.3,0.129,0.2225,0.17583141,107.44,0.22,0.0,BTC-26JUL19-13000-P,11609.12,100.14,0.169,19.2,0.177,19.2,108.68,10.98783,-26.98218,-5.48978,0.00013,-0.60821
11635.57,SYN.BTC-12JUL19,1562237943256,open,0.07,59.7,0.029,0.1085,0.06850105,107.39,0.0675,0.0,BTC-12JUL19-11500-C,11609.12,103.08,0.066,24.0,0.0725,2.0,114.3,6.73909,-45.94437,1.23616,0.00021,0.56087
11635.7,SYN.BTC-12JUL19,1562237943275,open,0.05,42.9,0.015,0.099,0.05684971,107.4,0.05,0.0,BTC-12JUL19-11500-P,11609.12,99.89,0.0525,24.0,0.0595,24.0,111.98,6.73909,-45.95195,-1.24517,0.00021,-0.4391
12083.92,BTC-27DEC19,1562237943383,open,0.43,0.4,0.3755,0.49,0.43274327,97.79,0.5045,0.0,BTC-27DEC19-15000-P,11609.12,94.99,0.425,4.8,0.4385,4.8,99.87,33.45641,-9.30089,-53.8243,5e-05,-0.49165
11611.95,SYN.BTC-5JUL19,1562237943387,open,0.07,98.8,0.037,0.123,0.07998155,124.75,0.0675,0.0,BTC-5JUL19-12500-P,11609.12,92.43,0.0775,1.0,0.0815,9.0,139.05,1.13703,-70.91977,-0.26747,0.00028,-0.88011
11635.7,SYN.BTC-12JUL19,1562237943390,open,0.05,42.9,0.015,0.099,0.05684971,107.4,0.05,0.0,BTC-12JUL19-11500-P,11609.12,99.89,0.0525,24.0,0.059,24.0,111.12,6.73909,-45.95195,-1.24517,0.00021,-0.4391
12083.93,BTC-27DEC19,1562237943416,open,0.36,8.3,0.3165,0.4255,0.37107092,97.27,0.39,0.0,BTC-27DEC19-14000-P,11609.12,94.52,0.3635,4.8,0.3765,4.8,99.25,33.2251,-9.18813,-47.94683,5e-05,-0.45238
11895.57,BTC-27SEP19,1562237943434,open,0.37,13.1,0.316,0.425,0.37044431,100.4,0.342,0.0,BTC-27SEP19-15000-P,11609.12,97.21,0.3645,19.2,0.3755,19.2,103.09,22.25148,-13.16117,-26.66786,7e-05,-0.59361
12083.79,BTC-27DEC19,1562237943444,open,0.34,430.9,0.295,0.3745,0.33462119,96.31,0.352,0.0,BTC-27DEC19-10000-C,11609.12,93.2,0.3275,1.6,0.339,1.6,98.23,27.65654,-7.57273,23.10928,4e-05,0.73151
11611.95,SYN.BTC-5JUL19,1562237943446,open,0.11,37.5,0.076,0.165,0.1205648,130.19,0.1235,0.0,BTC-5JUL19-13000-P,11609.12,0.0,0.1185,1.0,0.122,1.0,155.6,0.50045,-32.57788,-0.30075,0.00012,-0.95896
12083.92,BTC-27DEC19,1562237943448,open,0.15,240.6,0.104,0.1835,0.14353588,99.7,0.145,0.0,BTC-27DEC19-18000-C,11609.12,97.83,0.1385,6.4,0.1485,10.0,101.54,32.59201,-9.23788,15.46514,5e-05,0.40914
12083.93,BTC-27DEC19,1562237943449,open,0.27,154.0,0.2245,0.304,0.26440559,96.31,0.248,0.0,BTC-27DEC19-12000-C,11609.61,94.24,0.259,4.8,0.271,4.8,98.84,31.5336,-8.63408,21.56915,5e-05,0.63484
12083.93,BTC-27DEC19,1562237943449,open,0.1,68.0,0.062,0.1415,0.10193844,102.02,0.108,0.0,BTC-27DEC19-22000-C,11609.61,100.21,0.0975,16.4,0.1065,10.0,103.87,29.65022,-8.6,12.19548,4e-05,0.31139
11895.57,BTC-27SEP19,1562237943449,open,0.02,92.0,0.0005,0.0555,0.01552197,113.06,0.015,0.0,BTC-27SEP19-30000-C,11609.61,112.3,0.015,4.0,0.016,1.0,113.74,8.30114,-5.52873,1.70625,2e-05,0.07721
12083.93,BTC-27DEC19,1562237943449,open,0.64,6.5,0.6,0.6795,0.63983837,96.58,0.54,0.0,BTC-27DEC19-4500-C,11609.61,0.0,0.0115,0.1,0.978,1.0,500.0,6.5207,-1.79045,18.91801,1e-05,0.96474
12083.93,BTC-27DEC19,1562237943449,open,0.01,75.2,0.0005,0.0525,0.01223809,96.59,0.0105,0.0,BTC-27DEC19-4500-P,11609.61,93.25,0.0105,10.0,0.014,8.0,99.75,6.52181,-1.7909,-2.76597,1e-05,-0.03527
12083.93,BTC-27DEC19,1562237943449,open,2.64,0.0,2.523,2.8165,2.66978224,112.39,None,0.0,BTC-27DEC19-44000-P,11609.61,0.0,0.0,0.0,0.0,0.0,0.0,15.00768,-4.79513,-207.69995,2e-05,-0.89732
11895.57,BTC-27SEP19,1562237943449,open,0.27,805.5,0.2245,0.304,0.26416483,98.85,0.2795,0.0,BTC-27SEP19-10000-C,11609.61,95.94,0.2595,6.4,0.2685,11.4,101.55,19.08611,-11.11407,12.79098,6e-05,0.72658
12083.93,BTC-27DEC19,1562237943449,open,0.02,18.9,0.0005,0.0645,0.02451593,114.05,0.0235,0.0,BTC-27DEC19-48000-C,11609.61,112.67,0.023,8.0,0.026,0.2,115.35,13.51736,-4.38271,3.7591,2e-05,0.08908
11895.57,BTC-27SEP19,1562237943449,open,0.57,1.0,0.518,0.644,0.58077812,102.83,1.5815,0.0,BTC-27SEP19-18000-P,11609.61,0.0,0.0045,0.3,1.2355,0.3,500.0,19.25803,-11.66553,-36.02403,6e-05,-0.72154
11895.57,BTC-27SEP19,1562237943449,open,0.0,432.4,0.0005,0.0415,0.00149471,116.05,0.004,0.0,BTC-27SEP19-3500-P,11609.61,101.05,0.0005,5.0,0.0025,15.0,125.21,1.09396,-0.74786,-0.2303,0.0,-0.00683
11895.57,BTC-27SEP19,1562237943449,open,0.67,229.9,0.6265,0.706,0.66622766,112.18,0.673,0.0,BTC-27SEP19-4000-C,11609.61,0.0,0.6635,1.3,0.7575,5.0,299.28,1.68092,-1.11082,8.92422,0.0,0.98885
12083.93,BTC-27DEC19,1562237943449,open,0.08,156.3,0.036,0.1155,0.07587638,104.33,0.0785,0.0,BTC-27DEC19-26000-C,11609.61,102.53,0.072,6.4,0.0795,10.0,105.98,26.26728,-7.79091,9.74532,4e-05,0.24325
11895.57,BTC-27SEP19,1562237943449,open,0.02,70.2,0.0005,0.059,0.01904613,111.53,0.0155,0.0,BTC-27SEP19-28000-C,11609.61,108.91,0.017,32.0,0.021,15.0,113.91,9.54163,-6.26922,2.04469,3e-05,0.09296
12083.93,BTC-27DEC19,1562237943450,open,0.06,165.8,0.0155,0.0995,0.05746375,96.31,0.054,0.0,BTC-27DEC19-7000-P,11609.61,92.44,0.052,18.0,0.058,8.0,96.69,17.2563,-4.72503,-10.61764,3e-05,-0.12489
11895.57,BTC-27SEP19,1562237943450,open,1.52,0.0,1.436,1.6385,1.53746989,113.06,None,0.0,BTC-27SEP19-30000-P,11609.61,0.0,0.0,0.0,0.0,0.0,0.0,8.30133,-5.52891,-68.05454,2e-05,-0.92279
12083.93,BTC-27DEC19,1562237943450,open,0.03,62.2,0.0005,0.0685,0.02854055,112.35,0.029,0.0,BTC-27DEC19-44000-C,11609.61,111.09,0.027,8.0,0.03,0.3,113.52,14.99592,-4.78992,4.31059,2e-05,0.10257
12083.93,BTC-27DEC19,1562237943450,open,0.0,184.7,0.0005,0.042,0.00224714,109.29,0.003,0.0,BTC-27DEC19-2500-P,11609.61,97.62,0.001,10.0,0.0035,10.0,117.28,1.63912,-0.50929,-0.53971,0.0,-0.00702
11635.7,SYN.BTC-12JUL19,1562237943449,open,0.21,0.1,0.167,0.2635,0.21520841,112.71,0.399,0.0,BTC-12JUL19-14000-P,11609.61,0.0,0.0,0.0,0.0,0.0,0.0,3.99313,-28.57319,-2.67324,0.00012,-0.84955
11612.08,SYN.BTC-5JUL19,1562237943450,open,0.19,12.2,0.1575,0.2535,0.20568829,134.1,0.4275,0.0,BTC-5JUL19-14000-P,11609.61,0.0,0.02,0.1,0.0,0.0,0.0,0.04325,-2.89969,-0.33521,1e-05,-0.99756
11895.57,BTC-27SEP19,1562237943451,open,0.0,122.0,0.0005,0.042,0.00199262,114.48,0.002,0.0,BTC-27SEP19-3750-P,11609.61,104.01,0.001,15.0,0.003,47.0,122.01,1.38895,-0.93667,-0.30298,0.0,-0.00896
11895.57,BTC-27SEP19,1562237943451,open,0.11,173.6,0.0695,0.149,0.10946745,100.39,0.112,0.0,BTC-27SEP19-15000-C,11609.61,98.0,0.105,43.1,0.1135,12.5,102.54,22.25101,-13.15928,8.21225,7e-05,0.40635
11612.08,SYN.BTC-5JUL19,1562237943449,open,0.0,445.7,0.0005,0.04,4.7e-07,129.99,0.0005,0.0,BTC-5JUL19-15000-C,11609.61,0.0,0.0,0.0,0.0005,3.5,229.55,0.0008,-0.00548,1e-05,0.0,3e-05
12084.42,BTC-27DEC19,1562237943451,open,0.18,124.3,0.1335,0.213,0.173039,98.32,0.181,0.0,BTC-27DEC19-16000-C,11609.61,96.68,0.1685,4.0,0.1785,10.0,100.3,33.38328,-9.33142,17.41437,5e-05,0.47211
11612.08,SYN.BTC-5JUL19,1562237943449,open,0.32,0.0,0.2815,0.388,0.33483237,180.72,None,0.0,BTC-5JUL19-15500-P,11609.61,0.0,0.0005,0.1,0.0,0.0,0.0,0.01279,-1.15537,-0.37169,0.0,-0.99936
11895.57,BTC-27SEP19,1562237943451,open,0.79,55.9,0.7505,0.83,0.79040879,129.94,0.689,0.0,BTC-27SEP19-2500-C,11609.61,0.0,0.0045,10.0,0.9385,5.0,500.0,0.45059,-0.34492,5.72752,0.0,0.99747
11895.57,BTC-27SEP19,1562237943451,open,1.03,0.2,0.9655,1.129,1.04736108,108.1,1.6,0.0,BTC-27SEP19-24000-P,11609.61,0.0,0.0,0.0,0.0,0.0,0.0,12.69257,-8.08314,-52.79389,4e-05,-0.86121
12084.42,BTC-27DEC19,1562237943451,open,0.76,0.0,0.715,0.7945,0.75472992,101.33,None,0.0,BTC-27DEC19-3000-C,11609.61,0.0,0.0055,0.2,0.9825,0.5,500.0,2.20354,-0.63477,13.70911,0.0,0.99016
11612.08,SYN.BTC-5JUL19,1562237943449,open,0.19,28.2,0.142,0.2215,0.18188967,118.35,0.165,0.0,BTC-5JUL19-9500-C,11609.61,0.0,0.05,0.2,0.22,0.2,500.0,0.0051,-0.30187,0.22785,0.0,0.99976
12084.42,BTC-27DEC19,1562237943452,open,3.29,0.0,3.1515,3.497,3.32406666,115.29,None,0.0,BTC-27DEC19-52000-P,11609.61,0.0,0.0,0.0,4.076,1.0,450.73,12.15231,-3.98301,-247.28378,1e-05,-0.92268
11682.95,SYN.BTC-26JUL19,1562237943450,open,0.23,5.3,0.192,0.2905,0.24125097,108.79,0.192,0.0,BTC-26JUL19-14000-P,11609.61,0.0,0.0,0.0,0.0,0.0,0.0,9.82945,-24.44215,-6.64325,0.00011,-0.70751
12084.42,BTC-27DEC19,1562237943451,open,0.8,0.0,0.7555,0.835,0.79536063,109.23,None,0.0,BTC-27DEC19-2500-C,11609.61,0.0,0.0135,0.1,0.984,0.5,500.0,1.63519,-0.50779,11.50818,0.0,0.993
12084.42,BTC-27DEC19,1562237943452,open,0.01,145.1,0.0005,0.049,0.00904338,100.03,0.018,0.0,BTC-27DEC19-4000-P,11609.61,98.72,0.0085,100.0,0.0095,8.0,101.09,5.10202,-1.45083,-2.05329,1e-05,-0.02622
12084.42,BTC-27DEC19,1562237943452,open,0.01,101.8,0.0005,0.0455,0.00529518,100.03,0.0105,0.0,BTC-27DEC19-3500-P,11609.61,92.97,0.0035,10.0,0.0065,8.0,104.0,3.44916,-0.98082,-1.26969,0.0,-0.01651
11612.08,SYN.BTC-5JUL19,1562237943449,open,0.0,195.0,0.0005,0.04,4e-08,130.0,0.0005,0.0,BTC-5JUL19-15500-C,11609.61,0.0,0.0,0.0,0.0005,1.7,254.41,9e-05,-0.0005,0.0,0.0,0.0
11896.06,BTC-27SEP19,1562237943452,open,1.19,0.0,1.121,1.2975,1.2092652,109.89,None,0.0,BTC-27SEP19-26000-P,11609.61,0.0,0.0,0.0,0.0,0.0,0.0,10.99886,-7.12025,-57.98725,3e-05,-0.88696
11682.95,SYN.BTC-26JUL19,1562237943451,open,0.3,10.0,0.261,0.3655,0.31325655,110.55,0.17,0.0,BTC-26JUL19-15000-P,11609.61,0.0,0.0,0.0,0.0,0.0,0.0,8.36437,-21.1356,-7.68771,9e-05,-0.78468
11612.08,SYN.BTC-5JUL19,1562237943451,open,0.0,820.8,0.0005,0.044,0.00423496,109.2,0.004,0.0,BTC-5JUL19-11000-P,11609.61,97.69,0.003,3.0,0.0055,1.0,119.81,1.32243,-49.17664,-0.04279,0.00037,-0.14937
11682.95,SYN.BTC-26JUL19,1562237943450,open,0.0,190.2,0.0005,0.041,0.00099682,122.83,0.0025,0.0,BTC-26JUL19-6000-P,11609.61,112.44,0.0005,10.0,0.0015,5.0,130.19,0.69389,-1.94805,-0.06986,1e-05,-0.00898
11612.08,SYN.BTC-5JUL19,1562237943451,open,0.0,477.2,0.0005,0.04,0.0,130.0,0.0005,0.0,BTC-5JUL19-16000-C,11609.61,0.0,0.0,0.0,0.0005,6.7,278.14,1e-05,-4e-05,0.0,0.0,0.0
11682.95,SYN.BTC-26JUL19,1562237943449,open,0.01,211.4,0.0005,0.051,0.01104334,104.27,0.009,0.0,BTC-26JUL19-8500-P,11609.61,101.46,0.01,5.0,0.012,32.0,106.74,4.44154,-10.58478,-0.67087,5e-05,-0.08477
11635.7,SYN.BTC-12JUL19,1562237943449,open,0.01,90.6,0.0005,0.045,0.00525999,124.44,0.0035,0.0,BTC-12JUL19-15500-C,11609.61,117.57,0.004,40.0,0.0065,10.0,130.4,2.28953,-18.08807,0.16201,6e-05,0.06979
11635.7,SYN.BTC-12JUL19,1562237943449,open,0.0,85.9,0.0005,0.0435,0.0037572,125.99,0.0045,0.0,BTC-12JUL19-16000-C,11609.61,120.81,0.003,40.0,0.0045,1.0,130.52,1.81047,-14.48102,0.12038,5e-05,0.0517
11635.7,SYN.BTC-12JUL19,1562237943450,open,0.0,18.5,0.0005,0.0405,0.00055966,130.0,0.0015,0.0,BTC-12JUL19-7500-P,11609.61,128.14,0.0005,21.0,0.002,50.0,156.82,0.38714,-3.19522,-0.02225,1e-05,-0.0083
11896.06,BTC-27SEP19,1562237943453,open,0.55,227.0,0.506,0.5855,0.54586032,102.03,0.535,0.0,BTC-27SEP19-5500-C,11609.61,0.0,0.0045,8.0,0.902,5.0,500.0,4.41604,-2.65429,11.59892,1e-05,0.96516
11896.06,BTC-27SEP19,1562237943453,open,0.72,0.0,0.664,0.802,0.73288438,105.47,None,0.0,BTC-27SEP19-20000-P,11609.61,0.0,0.0045,10.0,1.39,0.2,500.0,17.05116,-10.59431,-41.80922,5e-05,-0.77851
11896.06,BTC-27SEP19,1562237943454,open,0.61,13.5,0.5655,0.645,0.60503304,105.06,0.382,0.0,BTC-27SEP19-4750-C,11609.61,0.0,0.0045,10.0,0.7265,5.0,299.05,2.7114,-1.6781,10.38805,1e-05,0.98056
11896.06,BTC-27SEP19,1562237943454,open,0.71,261.1,0.6675,0.747,0.70726744,115.92,0.714,0.0,BTC-27SEP19-3500-C,11609.61,0.0,0.161,1.0,0.78,10.0,299.56,1.08808,-0.74301,7.90995,0.0,0.99321
11612.08,SYN.BTC-5JUL19,1562237943453,open,0.36,0.0,0.323,0.433,0.37789144,199.22,None,0.0,BTC-5JUL19-16000-P,11609.61,0.0,0.0005,1.1,0.0,0.0,0.0,0.01207,-1.20281,-0.3837,0.0,-0.99939
12084.42,BTC-27DEC19,1562237943454,open,0.22,160.6,0.1725,0.252,0.21249402,97.26,0.221,0.0,BTC-27DEC19-14000-C,11609.61,95.27,0.207,5.8,0.219,9.8,99.63,33.22643,-9.18757,19.514,5e-05,0.54762
12084.42,BTC-27DEC19,1562237943454,open,0.02,132.1,0.0005,0.0585,0.01805462,96.32,0.016,0.0,BTC-27DEC19-5000-P,11609.61,94.07,0.0165,10.0,0.0195,8.0,98.34,8.51956,-2.33292,-3.90723,1e-05,-0.04905
12084.42,BTC-27DEC19,1562237943454,open,2.0,1.3,1.9,2.1415,2.0207187,109.18,2.889,0.0,BTC-27DEC19-36000-P,11609.61,0.0,0.0005,2.0,0.0,0.0,0.0,19.05374,-5.91422,-167.49288,2e-05,-0.85574
11896.06,BTC-27SEP19,1562237943454,open,0.75,225.7,0.7095,0.789,0.74905094,126.72,0.693,0.0,BTC-27SEP19-3000-C,11609.61,0.0,0.0045,20.0,0.9315,5.0,500.0,0.86399,-0.64496,6.79712,0.0,0.99477
11896.06,BTC-27SEP19,1562237943454,open,1.36,0.0,1.278,1.4675,1.37286436,111.65,None,0.0,BTC-27SEP19-28000-P,11609.61,0.0,0.0,0.0,0.0,0.0,0.0,9.5678,-6.29306,-63.05865,3e-05,-0.9067
11682.95,SYN.BTC-26JUL19,1562237943449,open,0.01,289.3,0.0005,0.0465,0.00670342,105.43,0.0065,0.0,BTC-26JUL19-8000-P,11609.61,102.79,0.006,5.0,0.0075,32.0,108.27,3.19181,-7.69168,-0.4336,4e-05,-0.05522
11635.7,SYN.BTC-12JUL19,1562237943453,open,0.24,17.7,0.191,0.2705,0.23089196,116.4,0.169,0.0,BTC-12JUL19-9000-C,11609.61,0.0,0.0,0.0,0.0,0.0,0.0,1.93344,-14.28806,1.78992,6e-05,0.94382
11682.95,SYN.BTC-26JUL19,1562237943453,open,0.11,196.5,0.069,0.1485,0.10877474,104.26,0.111,0.0,BTC-26JUL19-11500-C,11609.61,101.89,0.1065,19.2,0.1135,19.2,109.18,11.20735,-26.70655,3.26543,0.00013,0.57513
12084.42,BTC-27DEC19,1562237943454,open,0.0,161.6,0.0005,0.043,0.00299626,101.4,0.005,0.0,BTC-27DEC19-3000-P,11609.61,91.4,0.0015,10.0,0.0045,8.0,108.63,2.20933,-0.63688,-0.7489,0.0,-0.00987
11612.08,SYN.BTC-5JUL19,1562237943452,open,0.0,468.3,0.0005,0.04,0.0,130.0,0.0005,0.0,BTC-5JUL19-8000-P,11609.61,0.0,0.0,0.0,0.0005,33.9,331.52,0.0,0.0,0.0,0.0,0.0
11635.7,SYN.BTC-12JUL19,1562237943453,open,0.0,144.0,0.0005,0.041,0.0009959,122.23,0.001,0.0,BTC-12JUL19-8000-P,11609.61,111.08,0.0005,42.0,0.0015,1.0,130.24,0.63846,-4.9543,-0.03956,2e-05,-0.01476
11635.7,SYN.BTC-12JUL19,1562237943453,open,0.13,10.3,0.0965,0.1875,0.1420283,109.68,0.122,0.0,BTC-12JUL19-13000-P,11609.61,99.1,0.137,8.0,0.144,8.0,113.69,5.6693,-39.47599,-2.18505,0.00018,-0.72828
11635.7,SYN.BTC-12JUL19,1562237943453,open,0.02,126.1,0.0005,0.057,0.017417,111.43,0.022,0.0,BTC-12JUL19-13500-C,11609.61,107.99,0.016,32.0,0.019,0.9,115.18,4.84763,-34.29506,0.46942,0.00015,0.20439
11612.08,SYN.BTC-5JUL19,1562237943449,open,0.0,753.5,0.0005,0.04,0.00018827,130.01,0.0005,0.0,BTC-5JUL19-10000-P,11609.61,0.0,0.0,0.0,0.001,1.0,166.68,0.13396,-2.18615,-0.00247,3e-05,-0.00868
11682.95,SYN.BTC-26JUL19,1562237943449,open,0.2,9.3,0.1595,0.256,0.20770344,108.21,0.191,0.0,BTC-26JUL19-13500-P,11609.61,100.65,0.201,19.2,0.209,19.2,109.65,10.47643,-25.91055,-6.07767,0.00012,-0.66029
11612.08,SYN.BTC-5JUL19,1562237943453,open,0.01,385.7,0.0005,0.0485,0.00875997,108.0,0.0075,0.0,BTC-5JUL19-12000-C,11609.61,100.19,0.0075,32.0,0.01,1.0,115.48,1.90124,-101.7214,0.07445,0.00054,0.276
11682.95,SYN.BTC-26JUL19,1562237943454,open,0.38,5.0,0.334,0.4445,0.38934774,111.83,0.2255,0.0,BTC-26JUL19-16000-P,11609.61,0.0,0.0,0.0,0.0,0.0,0.0,6.83975,-17.48289,-8.637,7e-05,-0.84416
11635.7,SYN.BTC-12JUL19,1562237943449,open,0.17,12.5,0.131,0.2245,0.17765239,111.47,0.32,0.0,BTC-12JUL19-13500-P,11609.61,99.76,0.173,8.0,0.179,8.0,114.66,4.84873,-34.31246,-2.44334,0.00015,-0.79553
12084.42,BTC-27DEC19,1562237943457,open,0.07,142.5,0.0285,0.114,0.07126576,96.32,0.072,0.0,BTC-27DEC19-7500-P,11609.61,92.69,0.0655,18.0,0.072,8.0,96.78,19.32913,-5.29283,-12.73132,3e-05,-0.14738
12084.42,BTC-27DEC19,1562237943457,open,0.3,403.8,0.2575,0.337,0.29730961,96.31,0.297,0.0,BTC-27DEC19-11000-C,11609.61,93.76,0.291,9.8,0.3025,4.8,98.41,29.89645,-8.18528,22.43331,4e-05,0.68257
11682.95,SYN.BTC-26JUL19,1562237943455,open,0.46,0.0,0.4105,0.5275,0.46916139,114.41,None,0.0,BTC-26JUL19-17000-P,11609.61,0.0,0.0,0.0,0.0,0.0,0.0,5.55999,-14.53942,-9.48011,6e-05,-0.88476
11635.7,SYN.BTC-12JUL19,1562237943454,open,0.28,0.0,0.2445,0.348,0.29616375,121.44,None,0.0,BTC-12JUL19-15000-P,11609.61,0.0,0.002,1.1,0.0,0.0,0.0,2.79886,-21.57905,-3.02571,8e-05,-0.90898
11612.08,SYN.BTC-5JUL19,1562237943454,open,0.0,714.8,0.0005,0.04,1.27e-05,130.01,0.0005,0.0,BTC-5JUL19-9500-P,11609.61,0.0,0.0,0.0,0.0015,21.0,229.44,0.01425,-0.1475,-0.00021,0.0,-0.00073
11682.95,SYN.BTC-26JUL19,1562237943453,open,0.09,76.3,0.0495,0.1365,0.0931262,104.27,0.08,0.0,BTC-26JUL19-11500-P,11609.61,99.45,0.0885,19.2,0.0955,29.2,106.74,11.20733,-26.70943,-3.62697,0.00013,-0.42486
11682.95,SYN.BTC-26JUL19,1562237943454,open,0.54,0.0,0.49,0.6135,0.5516239,119.01,None,0.0,BTC-26JUL19-18000-P,11609.61,0.0,0.0,0.0,0.0,0.0,0.0,4.66219,-12.68155,-10.23106,5e-05,-0.90954
11635.7,SYN.BTC-12JUL19,1562237943454,open,0.24,0.0,0.2055,0.3055,0.25556775,118.12,None,0.0,BTC-12JUL19-14500-P,11609.61,0.0,0.0,0.0,0.0,0.0,0.0,3.39233,-25.43817,-2.85436,0.0001,-0.88133
11635.7,SYN.BTC-12JUL19,1562237943454,open,0.13,38.6,0.0815,0.161,0.1214676,108.86,0.119,0.0,BTC-12JUL19-10500-C,11609.61,105.59,0.12,8.0,0.125,0.4,116.58,5.2533,-36.30557,1.6155,0.00017,0.76492
11612.08,SYN.BTC-5JUL19,1562237943456,open,0.0,55.5,0.0005,0.04,0.0,130.0,0.0005,0.0,BTC-5JUL19-16500-C,11609.61,0.0,0.0,0.0,0.0005,5.0,300.83,0.0,0.0,0.0,0.0,0.0
11635.7,SYN.BTC-12JUL19,1562237943455,open,0.08,18.6,0.0375,0.1235,0.08072798,107.41,0.0635,0.0,BTC-12JUL19-12000-P,11609.61,99.27,0.076,24.0,0.083,24.0,111.31,6.77256,-46.18121,-1.57445,0.00022,-0.54638
11635.7,SYN.BTC-12JUL19,1562237943455,open,0.01,528.8,0.0005,0.054,0.01361828,108.88,0.012,0.0,BTC-12JUL19-10000-P,11609.61,105.6,0.0125,32.0,0.014,1.0,109.98,4.02334,-27.81072,-0.41623,0.00013,-0.15217
11612.08,SYN.BTC-5JUL19,1562237943452,open,0.0,584.8,0.0005,0.041,0.00102801,129.99,0.0015,0.0,BTC-5JUL19-13000-C,11609.61,139.82,0.0015,1.0,0.003,11.1,162.99,0.49813,-11.9373,0.01108,0.00012,0.04081
11682.95,SYN.BTC-26JUL19,1562237943455,open,0.19,105.7,0.1435,0.223,0.18310013,104.25,0.2,0.0,BTC-26JUL19-10000-C,11609.61,100.74,0.1805,6.4,0.1865,6.4,108.79,8.69626,-20.72201,4.10565,0.0001,0.76946
11635.7,SYN.BTC-12JUL19,1562237943454,open,0.28,0.0,0.232,0.3115,0.27174767,120.11,None,0.0,BTC-12JUL19-8500-C,11609.61,0.0,0.0,0.0,0.0,0.0,0.0,1.19121,-9.08353,1.75086,3e-05,0.96912
11612.08,SYN.BTC-5JUL19,1562237943450,open,0.0,559.6,0.0005,0.04,0.0,130.0,0.0005,0.0,BTC-5JUL19-8500-P,11609.61,0.0,0.0,0.0,0.0005,23.0,282.98,1e-05,-6e-05,0.0,0.0,0.0
11895.57,BTC-27SEP19,1562237943472,open,0.3,41.6,0.255,0.359,0.30677472,99.72,0.2735,0.0,BTC-27SEP19-14000-P,11609.61,96.71,0.301,19.2,0.3125,19.2,102.71,22.7742,-13.37932,-23.3994,7e-05,-0.53914
12084.42,BTC-27DEC19,1562237943476,open,0.24,144.9,0.1965,0.276,0.23621847,96.61,0.225,0.0,BTC-27DEC19-13000-C,11609.61,94.86,0.2315,4.8,0.243,4.8,99.12,32.61843,-8.9584,20.57417,5e-05,0.58955
11682.95,SYN.BTC-26JUL19,1562237943479,open,0.2,9.3,0.1595,0.256,0.20770344,108.21,0.191,0.0,BTC-26JUL19-13500-P,11609.61,100.65,0.201,19.2,0.2085,19.2,109.09,10.47643,-25.91055,-6.07767,0.00012,-0.66029
11682.95,SYN.BTC-26JUL19,1562237943491,open,0.17,29.3,0.129,0.2225,0.17583141,107.45,0.22,0.0,BTC-26JUL19-13000-P,11609.61,100.14,0.169,19.2,0.1765,19.2,108.16,10.98823,-26.98568,-5.48959,0.00013,-0.60817
12084.42,BTC-27DEC19,1562237943505,open,0.49,3.9,0.4375,0.557,0.49712689,98.35,0.641,0.0,BTC-27DEC19-16000-P,11609.61,95.58,0.4895,4.8,0.503,4.8,100.47,33.38373,-9.33391,-59.68141,5e-05,-0.52782
11635.7,SYN.BTC-12JUL19,1562237943507,open,0.16,22.4,0.1145,0.194,0.15418466,108.85,0.13,0.0,BTC-12JUL19-10000-C,11609.61,108.32,0.154,8.0,0.159,8.0,122.12,4.02242,-27.7973,1.74165,0.00013,0.84789
12084.42,BTC-27DEC19,1562237943510,open,0.09,144.0,0.0475,0.127,0.08745188,103.17,0.0925,0.0,BTC-27DEC19-24000-C,11609.61,101.45,0.0835,6.4,0.0915,10.0,104.91,27.95291,-8.19887,10.87781,4e-05,0.27426
11682.95,SYN.BTC-26JUL19,1562237943516,open,0.09,76.3,0.0495,0.1365,0.0931262,104.27,0.08,0.0,BTC-26JUL19-11500-P,11609.61,99.45,0.0885,19.2,0.095,19.2,106.22,11.20733,-26.70943,-3.62697,0.00013,-0.42486
12084.42,BTC-27DEC19,1562237943532,open,3.29,0.0,3.1515,3.497,3.32406666,115.29,None,0.0,BTC-27DEC19-52000-P,11609.61,0.0,0.0,0.0,4.075,1.0,450.07,12.15231,-3.98301,-247.28378,1e-05,-0.92268
11895.57,BTC-27SEP19,1562237943540,open,0.24,27.1,0.198,0.2975,0.24768835,99.27,0.39,0.0,BTC-27SEP19-13000-P,11609.61,96.57,0.2425,19.2,0.2525,19.2,101.77,22.85128,-13.36276,-20.08807,7e-05,-0.47852
11635.7,SYN.BTC-12JUL19,1562237943571,open,0.05,149.4,0.0095,0.089,0.04940763,107.39,0.0655,0.0,BTC-12JUL19-12000-C,11609.61,103.25,0.047,24.0,0.053,26.0,113.55,6.77252,-46.17243,1.0148,0.00022,0.4536
12084.42,BTC-27DEC19,1562237943620,open,0.49,3.9,0.4375,0.557,0.49712689,98.35,0.641,0.0,BTC-27DEC19-16000-P,11609.61,95.4,0.489,4.8,0.503,4.8,100.47,33.38373,-9.33391,-59.68141,5e-05,-0.52782
11635.7,SYN.BTC-12JUL19,1562237943622,open,0.13,10.3,0.0965,0.1875,0.1420283,109.68,0.122,0.0,BTC-12JUL19-13000-P,11609.61,99.1,0.137,8.0,0.1435,8.0,112.68,5.6693,-39.47599,-2.18505,0.00018,-0.72828
12084.42,BTC-27DEC19,1562237943626,open,0.15,240.6,0.104,0.1835,0.14353588,99.7,0.145,0.0,BTC-27DEC19-18000-C,11609.61,97.83,0.1385,10.4,0.1485,10.0,101.53,32.59353,-9.23794,15.46628,5e-05,0.40915
11895.57,BTC-27SEP19,1562237943624,open,0.3,41.6,0.255,0.359,0.30677472,99.72,0.2735,0.0,BTC-27SEP19-14000-P,11609.61,96.71,0.301,19.2,0.312,19.2,102.45,22.7742,-13.37932,-23.3994,7e-05,-0.53914
11895.57,BTC-27SEP19,1562237943663,open,0.19,35.7,0.146,0.241,0.19363723,98.85,0.174,0.0,BTC-27SEP19-12000-P,11609.61,96.12,0.1885,19.2,0.1985,24.2,101.45,22.33723,-13.00811,-16.77857,7e-05,-0.41293
11896.06,BTC-27SEP19,1562237943698,open,0.16,165.0,0.115,0.1945,0.15485097,99.25,0.155,0.0,BTC-27SEP19-13000-C,11609.61,97.0,0.1505,19.2,0.1595,19.2,101.68,22.85219,-13.36139,10.14267,7e-05,0.52149
11682.95,SYN.BTC-26JUL19,1562237943706,open,0.04,309.0,0.0005,0.0805,0.03905482,104.27,0.035,0.0,BTC-26JUL19-10000-P,11609.61,98.76,0.035,25.6,0.0395,25.6,104.86,8.69664,-20.72546,-1.88788,0.0001,-0.23056
11896.06,BTC-27SEP19,1562237943742,open,0.19,709.3,0.145,0.2245,0.18486699,98.84,0.1935,0.0,BTC-27SEP19-12000-C,11609.61,96.53,0.1805,19.2,0.1895,5.0,101.32,22.33789,-13.00687,11.127,7e-05,0.58709
11612.08,SYN.BTC-5JUL19,1562237943785,open,0.07,650.2,0.017,0.0965,0.05694361,109.11,0.067,0.0,BTC-5JUL19-11000-C,11609.61,95.56,0.0555,9.0,0.058,1.0,118.11,1.32128,-72.08022,0.22117,0.00037,0.85082
11896.06,BTC-27SEP19,1562237943768,open,0.16,165.0,0.115,0.1945,0.15485097,99.26,0.155,0.0,BTC-27SEP19-13000-C,11609.61,97.0,0.1505,19.2,0.16,24.2,101.94,22.85214,-13.36265,10.14261,7e-05,0.5215
12084.42,BTC-27DEC19,1562237943789,open,0.19,174.4,0.1515,0.231,0.19142636,97.78,0.1995,0.0,BTC-27DEC19-15000-C,11609.61,96.0,0.1865,4.8,0.198,4.8,100.16,33.45779,-9.30048,18.45484,5e-05,0.50835
11612.08,SYN.BTC-5JUL19,1562237943790,open,0.01,270.3,0.0005,0.056,0.01565688,103.48,0.0125,0.0,BTC-5JUL19-11500-P,11609.61,92.13,0.0135,24.0,0.0175,1.0,113.09,2.21643,-114.67336,-0.11976,0.00066,-0.41422
11635.7,SYN.BTC-12JUL19,1562237943790,open,0.1,16.5,0.0655,0.1535,0.10959398,108.61,0.179,0.0,BTC-12JUL19-12500-P,11609.61,98.27,0.104,24.0,0.1115,24.0,112.06,6.36906,-43.91435,-1.89222,0.0002,-0.64407
11895.57,BTC-27SEP19,1562237943798,open,0.11,173.6,0.0695,0.149,0.10946947,100.39,0.112,0.0,BTC-27SEP19-15000-C,11609.61,98.27,0.1055,25.6,0.1135,12.5,102.54,22.25101,-13.15928,8.21225,7e-05,0.40635
11682.95,SYN.BTC-26JUL19,1562237943808,open,0.19,105.7,0.1435,0.223,0.18310655,104.25,0.2,0.0,BTC-26JUL19-10000-C,11609.61,100.74,0.1805,6.4,0.187,6.4,109.45,8.69626,-20.72201,4.10565,0.0001,0.76946
12084.42,BTC-27DEC19,1562237943811,open,0.63,6.8,0.568,0.698,0.63306783,99.7,0.741,0.0,BTC-27DEC19-18000-P,11609.61,96.14,0.6235,4.8,0.6385,4.8,101.71,32.59381,-9.23839,-71.26673,5e-05,-0.59084
11635.7,SYN.BTC-12JUL19,1562237943813,open,0.1,16.5,0.0655,0.1535,0.10959398,108.61,0.179,0.0,BTC-12JUL19-12500-P,11609.61,98.27,0.104,24.0,0.111,24.0,111.15,6.36906,-43.91435,-1.89222,0.0002,-0.64407
11636.19,SYN.BTC-12JUL19,1562237943821,open,0.13,10.3,0.0965,0.1875,0.14201843,109.73,0.122,0.0,BTC-12JUL19-13000-P,11609.61,98.1,0.1365,8.0,0.1435,8.0,112.75,5.67176,-39.51294,-2.18458,0.00018,-0.72807
11682.95,SYN.BTC-26JUL19,1562237943838,open,0.14,201.6,0.091,0.1705,0.13053019,104.26,0.133,0.0,BTC-26JUL19-11000-C,11609.61,104.23,0.1305,0.1,0.135,19.2,109.15,10.68037,-25.45052,3.58084,0.00013,0.64193
301.47,ETH-27SEP19,1562237944034,open,0.02,210.0,0.001,0.056,0.016799,109.96,0.031,0.0,ETH-27SEP19-720-C,293.78,106.02,0.014,150.0,0.02,200.0,114.05,0.22481,-0.14562,0.04732,0.00097,0.08429
301.47,ETH-27SEP19,1562237944034,open,0.23,1678.0,0.181,0.26,0.22081,99.63,0.229,0.0,ETH-27SEP19-280-C,293.78,95.81,0.214,110.0,0.227,230.0,103.11,0.53665,-0.31498,0.30312,0.00255,0.65321
301.47,ETH-27SEP19,1562237944035,open,0.31,199.0,0.269,0.374,0.321457,100.88,0.327,0.0,ETH-27SEP19-360-P,293.78,96.44,0.313,110.0,0.328,120.0,104.3,0.5757,-0.34212,-0.60976,0.0027,-0.54836
301.47,ETH-27SEP19,1562237944035,open,0.38,1451.0,0.339,0.418,0.37859,99.65,0.384,0.0,ETH-27SEP19-200-C,293.78,0.0,0.335,20.0,0.381,5.0,101.92,0.31873,-0.18711,0.33963,0.00151,0.86307
308.15,ETH-27DEC19,1562237944035,open,0.44,0.0,0.4,0.479,0.4397,100.44,None,0.0,ETH-27DEC19-200-C,293.78,0.0,0.001,1000.0,1.4,1.0,500.0,0.53383,-0.15244,0.58491,0.00116,0.83363
308.17,ETH-27DEC19,1562237944035,open,1.15,0.0,1.077,1.25,1.163489,106.42,None,0.0,ETH-27DEC19-640-P,293.78,0.0,0.0,0.0,0.0,0.0,0.0,0.70423,-0.21307,-2.81515,0.00145,-0.73234
301.47,ETH-27SEP19,1562237944036,open,0.26,1301.0,0.214,0.293,0.253714,99.64,0.263,0.0,ETH-27SEP19-260-C,293.78,95.58,0.247,110.0,0.259,110.0,102.83,0.49904,-0.29291,0.31863,0.00237,0.70824
308.17,ETH-27DEC19,1562237944036,open,0.04,201.0,0.004,0.086,0.045102,100.43,0.037,0.0,ETH-27DEC19-160-P,293.78,96.13,0.04,140.0,0.048,287.0,102.81,0.37194,-0.10619,-0.21358,0.00081,-0.09873
301.47,ETH-27SEP19,1562237944036,open,0.06,2756.0,0.02,0.104,0.06211,99.59,0.066,0.0,ETH-27SEP19-220-P,293.78,95.59,0.057,294.0,0.065,300.0,101.82,0.38817,-0.22773,-0.17329,0.00184,-0.18509
301.47,ETH-27SEP19,1562237944037,open,0.0,389.0,0.001,0.04,0.000425,129.99,0.002,0.0,ETH-27SEP19-60-P,293.78,0.0,0.0,0.0,0.002,150.0,158.36,0.00894,-0.00685,-0.00165,3e-05,-0.00193
301.47,ETH-27SEP19,1562237944037,open,0.37,101.0,0.319,0.428,0.373096,102.01,0.234,0.0,ETH-27SEP19-380-P,293.78,96.06,0.362,120.0,0.378,120.0,104.61,0.56551,-0.33982,-0.67438,0.00262,-0.58889
301.47,ETH-27SEP19,1562237944035,open,0.18,961.0,0.14,0.234,0.186849,99.58,0.209,0.0,ETH-27SEP19-300-P,293.78,96.44,0.181,91.0,0.193,270.0,102.88,0.56208,-0.32972,-0.41223,0.00267,-0.40119
301.47,ETH-27SEP19,1562237944035,open,0.23,678.0,0.18,0.277,0.228479,99.94,0.238,0.0,ETH-27SEP19-320-P,293.78,96.03,0.221,110.0,0.235,230.0,103.36,0.57599,-0.33912,-0.47798,0.00273,-0.45335
295.75,SYN.ETH-26JUL19,1562237944034,open,0.46,0.0,0.421,0.5,0.460565,121.79,None,0.0,ETH-26JUL19-160-C,293.78,0.0,0.0,0.0,0.0,0.0,0.0,0.02516,-0.07003,0.09321,0.00039,0.98643
301.49,ETH-27SEP19,1562237944038,open,0.88,24.0,0.819,0.97,0.894248,105.55,1.356,0.0,ETH-27SEP19-560-P,293.78,0.0,0.0,0.0,0.0,0.0,0.0,0.36515,-0.22706,-1.21021,0.00164,-0.83197
295.75,SYN.ETH-26JUL19,1562237944035,open,0.0,562.0,0.001,0.041,0.001513,121.14,0.004,0.0,ETH-26JUL19-160-P,293.78,0.0,0.0,0.0,0.003,150.0,135.34,0.02459,-0.06808,-0.00261,0.00039,-0.01322
293.84,SYN.ETH-5JUL19,1562237944034,open,0.12,2.0,0.076,0.155,0.115877,132.9,0.137,0.0,ETH-5JUL19-260-C,293.78,0.0,0.113,50.0,0.122,50.0,223.71,0.00923,-0.61329,0.00604,0.00335,0.97207
295.75,SYN.ETH-26JUL19,1562237944035,open,0.02,1036.0,0.001,0.057,0.01715,104.26,0.021,0.0,ETH-26JUL19-400-C,293.78,100.32,0.015,455.0,0.021,455.0,110.87,0.1655,-0.39441,0.02277,0.00303,0.14563
293.84,SYN.ETH-5JUL19,1562237944034,open,0.09,156.0,0.048,0.135,0.091351,124.26,0.06,0.0,ETH-5JUL19-320-P,293.78,0.0,0.084,50.0,0.094,50.0,152.98,0.02244,-1.39398,-0.00709,0.00872,-0.91479
293.84,SYN.ETH-5JUL19,1562237944035,open,0.63,0.0,0.569,0.698,0.633378,0.0,None,0.0,ETH-5JUL19-480-P,293.78,0.0,0.0,0.0,0.0,0.0,0.0,0.0,0.0,-0.01152,0.0,-1.0
294.48,SYN.ETH-12JUL19,1562237944035,open,0.07,160.0,0.028,0.113,0.070198,102.13,0.062,0.0,ETH-12JUL19-300-P,293.78,93.25,0.065,150.0,0.075,94.0,110.33,0.17236,-1.11758,-0.03747,0.00902,-0.51949
294.48,SYN.ETH-12JUL19,1562237944035,open,0.29,0.0,0.243,0.345,0.293777,103.59,None,0.0,ETH-12JUL19-380-P,293.78,0.0,0.0,0.0,0.0,0.0,0.0,0.04802,-0.31581,-0.07872,0.00248,-0.94515
295.75,SYN.ETH-26JUL19,1562237944035,open,0.07,669.0,0.029,0.114,0.07152,101.05,0.062,0.0,ETH-26JUL19-280-P,293.78,97.22,0.068,160.0,0.075,533.0,104.83,0.27217,-0.62862,-0.07739,0.00514,-0.3651
293.84,SYN.ETH-5JUL19,1562237944034,open,0.09,4.0,0.044,0.123,0.083825,131.05,0.105,0.0,ETH-5JUL19-270-C,293.78,0.0,0.08,50.0,0.089,50.0,182.31,0.02307,-1.51193,0.00584,0.0085,0.91154
293.84,SYN.ETH-5JUL19,1562237944034,open,0.12,173.0,0.079,0.168,0.123852,126.83,0.133,0.0,ETH-5JUL19-330-P,293.78,0.0,0.117,50.0,0.127,50.0,178.06,0.01062,-0.67361,-0.00769,0.00404,-0.9669
295.75,SYN.ETH-26JUL19,1562237944036,open,0.03,1312.0,0.001,0.064,0.024258,103.44,0.026,0.0,ETH-26JUL19-380-C,293.78,101.55,0.023,160.0,0.028,139.0,108.87,0.199,-0.4705,0.03009,0.00367,0.19401
295.75,SYN.ETH-26JUL19,1562237944035,open,0.04,3215.0,0.001,0.074,0.034465,102.96,0.045,0.0,ETH-26JUL19-360-C,293.78,101.09,0.033,1.0,0.039,283.0,108.62,0.23324,-0.54889,0.03937,0.00432,0.25658
295.75,SYN.ETH-26JUL19,1562237944035,open,0.4,0.0,0.354,0.433,0.39357,106.42,None,0.0,ETH-26JUL19-180-C,293.78,0.0,0.0,0.0,0.0,0.0,0.0,0.03634,-0.08838,0.10379,0.00065,0.97914
295.75,SYN.ETH-26JUL19,1562237944035,open,0.05,1799.0,0.009,0.088,0.048437,102.39,0.05,0.0,ETH-26JUL19-340-C,293.78,99.64,0.046,160.0,0.054,125.0,108.58,0.26323,-0.616,0.05048,0.0049,0.33324
294.48,SYN.ETH-12JUL19,1562237944035,open,0.0,1453.0,0.001,0.043,0.003046,119.54,0.004,0.0,ETH-12JUL19-220-P,293.78,98.24,0.001,110.0,0.005,400.0,132.89,0.03744,-0.28411,-0.00275,0.00167,-0.04021
301.47,ETH-27SEP19,1562237944050,open,0.17,1638.0,0.128,0.207,0.167119,100.0,0.176,0.0,ETH-27SEP19-320-C,293.78,97.32,0.162,224.0,0.174,344.0,103.6,0.57598,-0.3393,0.26612,0.00273,0.54673
12084.42,BTC-27DEC19,1562237944129,open,0.2,54.5,0.1595,0.2555,0.20759203,96.31,0.202,0.0,BTC-27DEC19-11000-P,11609.61,93.65,0.201,5.0,0.2115,6.4,97.89,29.89622,-8.18588,-30.57113,4e-05,-0.31742
11635.7,SYN.BTC-12JUL19,1562237944212,open,0.17,12.5,0.131,0.2245,0.17764192,111.47,0.32,0.0,BTC-12JUL19-13500-P,11609.61,99.76,0.173,8.0,0.1785,8.0,113.49,4.84873,-34.31246,-2.44334,0.00015,-0.79553
12084.42,BTC-27DEC19,1562237944252,open,0.22,160.6,0.173,0.2525,0.21251,97.26,0.221,0.0,BTC-27DEC19-14000-C,11609.61,95.27,0.207,5.8,0.219,4.8,99.63,33.22643,-9.18757,19.514,5e-05,0.54762
11682.95,SYN.BTC-26JUL19,1562237944286,open,0.11,232.4,0.073,0.162,0.11763204,104.85,0.118,0.0,BTC-26JUL19-12000-P,11609.61,99.59,0.1125,19.2,0.1195,19.2,106.76,11.407,-27.33745,-4.25757,0.00013,-0.49041
11635.7,SYN.BTC-12JUL19,1562237944291,open,0.17,12.5,0.131,0.2245,0.17764192,111.47,0.32,0.0,BTC-12JUL19-13500-P,11609.61,98.42,0.1725,8.0,0.1785,8.0,113.49,4.84873,-34.31246,-2.44334,0.00015,-0.79553
12084.42,BTC-27DEC19,1562237944292,open,0.22,160.6,0.173,0.2525,0.21251,97.26,0.221,0.0,BTC-27DEC19-14000-C,11609.61,95.45,0.2075,4.8,0.219,4.8,99.63,33.22643,-9.18757,19.514,5e-05,0.54762
11612.57,SYN.BTC-5JUL19,1562237944295,open,0.04,99.5,0.0005,0.0835,0.04216983,108.21,0.038,0.0,BTC-5JUL19-12000-P,11609.61,88.02,0.039,8.0,0.043,1.0,113.23,1.90367,-103.00055,-0.21326,0.00054,-0.7233
11683.44,SYN.BTC-26JUL19,1562237944297,open,0.16,120.6,0.1155,0.195,0.15529604,104.23,0.1595,0.0,BTC-26JUL19-10500-C,11609.61,100.9,0.1525,6.4,0.1595,6.4,109.21,9.83003,-23.41941,3.86671,0.00012,0.7075
11895.57,BTC-27SEP19,1562237944420,open,0.11,173.6,0.0695,0.149,0.10946947,100.39,0.112,0.0,BTC-27SEP19-15000-C,11609.61,98.27,0.1055,30.6,0.1135,12.5,102.54,22.25101,-13.15928,8.21225,7e-05,0.40635
11896.02,BTC-27SEP19,1562237944434,open,0.32,370.9,0.274,0.3535,0.31397531,98.84,0.3225,0.0,BTC-27SEP19-9000-C,11611.84,64.89,0.271,0.5,0.479,4.0,213.8,16.30224,-9.49198,13.30439,5e-05,0.79493
12084.46,BTC-27DEC19,1562237944434,open,0.04,214.5,0.0035,0.087,0.04522606,96.32,0.0635,0.0,BTC-27DEC19-6500-P,11611.84,92.48,0.0405,10.0,0.046,8.0,96.94,15.09632,-4.13374,-8.6609,2e-05,-0.10351
12084.46,BTC-27DEC19,1562237944434,open,0.0,88.9,0.0005,0.0425,0.00249728,126.75,0.003,0.0,BTC-27DEC19-2000-P,11611.84,111.35,0.001,10.0,0.004,10.0,136.96,1.52876,-0.55086,-0.52326,0.0,-0.00649
11896.02,BTC-27SEP19,1562237944434,open,0.02,210.9,0.0005,0.0655,0.02472839,99.76,0.022,0.0,BTC-27SEP19-7000-P,11611.84,96.85,0.0225,32.0,0.027,15.0,102.62,9.28861,-5.45849,-3.164,3e-05,-0.08965
11636.19,SYN.BTC-12JUL19,1562237944434,open,0.1,53.7,0.0525,0.132,0.09229656,107.35,0.0975,0.0,BTC-12JUL19-11000-C,11611.84,103.97,0.0905,24.0,0.097,24.0,116.13,6.20229,-42.26932,1.44638,0.0002,0.66837
12086.69,BTC-27DEC19,1562237944436,open,2.96,0.0,2.837,3.156,2.99657577,114.7,None,0.0,BTC-27DEC19-48000-P,11611.84,0.0,0.0,0.0,3.752,1.0,451.09,13.74767,-4.48282,-227.45458,2e-05,-0.9089
11898.25,BTC-27SEP19,1562237944436,open,0.03,257.7,0.0005,0.0695,0.02978224,108.06,0.0355,0.0,BTC-27SEP19-24000-C,11611.84,105.88,0.0275,32.0,0.032,15.0,110.11,12.69263,-8.07998,3.01481,4e-05,0.13875
11898.25,BTC-27SEP19,1562237944436,open,1.68,0.0,1.5955,1.8115,1.70360722,116.6,None,0.0,BTC-27SEP19-32000-P,11611.84,0.0,0.0,0.0,2.26,1.0,450.66,7.67427,-5.27146,-72.87556,2e-05,-0.93035
12086.69,BTC-27DEC19,1562237944435,open,2.32,0.0,2.2115,2.479,2.34530963,112.03,None,0.0,BTC-27DEC19-40000-P,11611.84,0.0,0.0005,3.0,0.0,0.0,0.0,17.27514,-5.50188,-187.548,2e-05,-0.87496
11898.25,BTC-27SEP19,1562237944436,open,0.0,415.1,0.0005,0.0425,0.00249087,112.23,0.0035,0.0,BTC-27SEP19-4000-P,11611.84,104.07,0.0015,15.0,0.0035,15.0,118.62,1.68251,-1.11233,-0.37767,0.0,-0.01116
12086.69,BTC-27DEC19,1562237944437,open,0.12,270.3,0.077,0.1665,0.12164554,96.34,0.115,0.0,BTC-27DEC19-9000-P,11611.84,93.34,0.1155,6.4,0.1225,6.4,96.76,24.78247,-6.78788,-19.84365,4e-05,-0.21908
12086.69,BTC-27DEC19,1562237944437,open,3.29,0.0,3.151,3.4965,3.32384505,115.86,None,0.0,BTC-27DEC19-52000-P,11611.84,0.0,0.0,0.0,4.075,1.0,450.6,12.34821,-4.06716,-247.22252,2e-05,-0.92106
11898.25,BTC-27SEP19,1562237944437,open,0.04,322.0,0.0005,0.078,0.03822627,106.22,0.04,0.0,BTC-27SEP19-22000-C,11611.84,104.39,0.036,25.6,0.0405,14.7,108.05,14.66199,-9.17478,3.71847,4e-05,0.17262
11683.44,SYN.BTC-26JUL19,1562237944434,open,0.07,161.8,0.0295,0.1145,0.07207329,104.28,0.083,0.0,BTC-26JUL19-11000-P,11611.84,99.27,0.0675,25.6,0.073,1.1,105.3,10.68029,-25.45662,-3.01164,0.00013,-0.35802
11898.25,BTC-27SEP19,1562237944437,open,0.01,51.0,0.0005,0.0535,0.01353238,115.65,0.012,0.0,BTC-27SEP19-32000-C,11611.84,112.27,0.0115,32.0,0.0155,15.0,118.66,7.48606,-5.10039,1.49167,2e-05,0.06745
12086.69,BTC-27DEC19,1562237944437,open,1.52,0.2,1.44,1.643,1.54152523,106.91,2.2245,0.0,BTC-27DEC19-30000-P,11611.84,0.0,0.0,0.0,0.0,0.0,0.0,23.24357,-7.06424,-136.57098,3e-05,-0.80345
12086.69,BTC-27DEC19,1562237944437,open,1.36,0.1,1.2885,1.4785,1.38354404,105.67,2.02,0.0,BTC-27DEC19-28000-P,11611.84,0.0,0.0,0.0,0.0,0.0,0.0,24.72048,-7.42638,-126.11362,3e-05,-0.78187
12086.69,BTC-27DEC19,1562237944438,open,0.03,273.6,0.0005,0.0755,0.03457725,96.33,0.0285,0.0,BTC-27DEC19-6000-P,11611.84,92.43,0.0305,10.0,0.0355,8.0,97.2,12.88662,-3.52925,-6.87896,2e-05,-0.08354
12086.69,BTC-27DEC19,1562237944439,open,2.0,1.3,1.9,2.141,2.02056858,109.43,2.889,0.0,BTC-27DEC19-36000-P,11611.84,0.0,0.0005,2.0,0.0,0.0,0.0,19.14536,-5.95609,-167.4579,2e-05,-0.85475
11683.44,SYN.BTC-26JUL19,1562237944434,open,0.08,92.3,0.036,0.1155,0.07598791,106.53,0.0865,0.0,BTC-26JUL19-12500-C,11611.84,103.44,0.073,19.2,0.0795,19.2,110.15,11.31674,-27.55438,2.61067,0.00013,0.44882
11898.25,BTC-27SEP19,1562237944439,open,0.07,135.9,0.028,0.113,0.07054813,98.89,0.0675,0.0,BTC-27SEP19-9000-P,11611.84,96.66,0.0675,25.6,0.0725,13.1,100.31,16.30239,-9.49689,-7.62407,5e-05,-0.20501
11636.19,SYN.BTC-12JUL19,1562237944438,open,0.03,54.2,0.0005,0.079,0.03766299,107.42,0.027,0.0,BTC-12JUL19-11000-P,11611.84,101.47,0.0345,32.0,0.0405,34.2,112.73,6.20281,-42.30228,-0.92739,0.0002,-0.3317
12086.69,BTC-27DEC19,1562237944441,open,1.68,0.3,1.5925,1.808,1.70040915,107.9,2.435,0.0,BTC-27DEC19-32000-P,11611.84,0.0,0.0,0.0,0.0,0.0,0.0,21.8117,-6.69058,-146.94195,3e-05,-0.82264
11636.19,SYN.BTC-12JUL19,1562237944434,open,0.33,0.0,0.284,0.3905,0.33736787,124.71,None,0.0,BTC-12JUL19-15500-P,11611.84,0.0,0.0,0.0,0.0,0.0,0.0,2.30275,-18.23253,-3.18129,6e-05,-0.92969
11683.44,SYN.BTC-26JUL19,1562237944439,open,0.7,0.0,0.649,0.786,0.71739884,122.16,None,0.0,BTC-26JUL19-20000-P,11611.84,0.0,0.0,0.0,0.0,0.0,0.0,2.9351,-8.19533,-11.67781,3e-05,-0.95032
11612.57,SYN.BTC-5JUL19,1562237944436,open,0.03,600.6,0.0005,0.065,0.02530849,103.33,0.029,0.0,BTC-5JUL19-11500-C,11611.84,96.46,0.024,24.1,0.027,1.0,112.18,2.216,-114.48712,0.15627,0.00066,0.58619
11612.57,SYN.BTC-5JUL19,1562237944434,open,0.0,850.5,0.0005,0.04,4e-07,130.02,0.0005,0.0,BTC-5JUL19-9000-P,11611.84,0.0,0.0,0.0,0.0005,15.4,236.66,0.00066,-0.00461,-1e-05,0.0,-3e-05
11612.57,SYN.BTC-5JUL19,1562237944440,open,0.28,5.0,0.2405,0.343,0.29175923,180.4,0.148,0.0,BTC-5JUL19-15000-P,11611.84,0.0,0.0005,0.2,0.0,0.0,0.0,0.03881,-3.50092,-0.35929,1e-05,-0.99783
11683.44,SYN.BTC-26JUL19,1562237944436,open,0.01,75.9,0.0005,0.047,0.00740439,119.46,0.011,0.0,BTC-26JUL19-19000-C,11611.84,114.65,0.006,32.0,0.009,42.0,124.34,3.61319,-9.8652,0.40113,4e-05,0.06469
11683.44,SYN.BTC-26JUL19,1562237944438,open,0.05,189.0,0.012,0.096,0.05404173,104.28,0.0445,0.0,BTC-26JUL19-10500-P,11611.84,98.86,0.0495,25.6,0.055,25.6,105.42,9.8307,-23.43108,-2.42686,0.00012,-0.29254
11683.44,SYN.BTC-26JUL19,1562237944438,open,0.03,295.4,0.0005,0.068,0.02703645,104.28,0.027,0.0,BTC-26JUL19-9500-P,11611.84,101.0,0.025,1.0,0.0275,25.6,105.01,7.34922,-17.51591,-1.40849,9e-05,-0.17411
11683.44,SYN.BTC-26JUL19,1562237944434,open,0.22,43.8,0.174,0.2535,0.2138856,104.22,0.204,0.0,BTC-26JUL19-9500-C,11611.84,73.64,0.197,0.1,0.0,0.0,0.0,7.34677,-17.50098,4.28606,9e-05,0.82598
11636.19,SYN.BTC-12JUL19,1562237944438,open,0.03,144.5,0.0005,0.0645,0.0247672,109.64,0.026,0.0,BTC-12JUL19-13000-C,11611.84,104.93,0.0225,36.8,0.027,0.1,114.18,5.66943,-39.46196,0.62002,0.00018,0.27171
11898.25,BTC-27SEP19,1562237944448,open,0.73,0.0,0.688,0.7675,0.72779626,115.51,None,0.0,BTC-27SEP19-3250-C,11611.84,0.0,0.0045,10.0,0.928,5.0,500.0,0.76246,-0.51881,7.40542,0.0,0.99545
12086.69,BTC-27DEC19,1562237944451,open,0.61,62.9,0.5645,0.644,0.60429495,96.22,0.598,0.0,BTC-27DEC19-5000-C,11611.84,0.0,0.0045,0.1,0.6235,0.5,119.52,8.50308,-2.32604,20.19693,1e-05,0.95108
12084.46,BTC-27DEC19,1562237944454,open,0.15,240.6,0.104,0.1835,0.14354661,99.7,0.145,0.0,BTC-27DEC19-18000-C,11611.84,97.83,0.1385,20.4,0.1485,10.0,101.53,32.59392,-9.23839,15.46658,5e-05,0.40916
12086.69,BTC-27DEC19,1562237944456,open,0.45,93.8,0.411,0.4905,0.45060616,96.26,0.4485,0.0,BTC-27DEC19-7500-C,11611.84,0.0,0.311,3.0,0.509,2.5,131.16,19.32201,-5.2874,23.42054,3e-05,0.85275
11683.44,SYN.BTC-26JUL19,1562237944469,open,0.03,295.4,0.0005,0.068,0.02703645,104.28,0.027,0.0,BTC-26JUL19-9500-P,11611.84,100.19,0.0245,1.0,0.0275,25.6,105.01,7.34922,-17.51591,-1.40849,9e-05,-0.17411
11898.25,BTC-27SEP19,1562237944484,open,1.68,0.0,1.5955,1.8115,1.70360722,116.6,None,0.0,BTC-27SEP19-32000-P,11611.84,0.0,0.0,0.0,2.259,1.0,450.02,7.67427,-5.27146,-72.87556,2e-05,-0.93035
12086.69,BTC-27DEC19,1562237944485,open,1.21,0.0,1.1385,1.3165,1.227415,104.5,None,0.0,BTC-27DEC19-26000-P,11611.84,0.0,0.004,10.0,2.032,0.2,500.0,26.32168,-7.8199,-115.50939,4e-05,-0.75592
12086.69,BTC-27DEC19,1562237944490,open,2.96,0.0,2.837,3.156,2.99657577,114.7,None,0.0,BTC-27DEC19-48000-P,11611.84,0.0,0.0,0.0,3.7505,1.0,450.07,13.74767,-4.48282,-227.45458,2e-05,-0.9089
12086.69,BTC-27DEC19,1562237944504,open,3.29,0.0,3.151,3.4965,3.32384505,115.86,None,0.0,BTC-27DEC19-52000-P,11611.84,0.0,0.0,0.0,4.0745,1.0,450.27,12.34821,-4.06716,-247.22252,2e-05,-0.92106
11636.19,SYN.BTC-12JUL19,1562237944700,open,0.0,347.5,0.0005,0.042,0.00226436,120.2,0.0035,0.0,BTC-12JUL19-8500-P,11611.84,104.79,0.001,10.0,0.0035,40.0,130.77,1.19352,-9.10783,-0.0834,3e-05,-0.03095
12086.69,BTC-27DEC19,1562237944720,open,0.12,270.3,0.077,0.166,0.12158106,96.34,0.115,0.0,BTC-27DEC19-9000-P,11611.84,93.1,0.115,6.4,0.1225,6.4,96.76,24.78247,-6.78788,-19.84365,4e-05,-0.21908
12086.69,BTC-27DEC19,1562237944778,open,2.0,1.3,1.8995,2.1405,2.02002817,109.09,2.889,0.0,BTC-27DEC19-36000-P,11611.84,0.0,0.0005,2.0,0.0,0.0,0.0,19.03016,-5.90174,-167.50188,2e-05,-0.85604
12084.46,BTC-27DEC19,1562237944798,open,0.15,240.6,0.104,0.1835,0.14354723,99.7,0.145,0.0,BTC-27DEC19-18000-C,11611.84,97.83,0.1385,16.4,0.1485,10.0,101.53,32.59392,-9.23839,15.46658,5e-05,0.40916
301.49,ETH-27SEP19,1562237945032,open,0.02,1413.0,0.001,0.056,0.016345,114.18,0.017,0.0,ETH-27SEP19-760-C,293.82,113.7,0.016,1.0,0.017,200.0,115.08,0.21649,-0.14562,0.04475,0.0009,0.08017
301.49,ETH-27SEP19,1562237945033,open,0.13,1569.0,0.088,0.167,0.127394,100.91,0.14,0.0,ETH-27SEP19-360-C,293.82,98.09,0.122,231.0,0.134,351.0,104.37,0.57576,-0.34227,0.22742,0.0027,0.45178
308.17,ETH-27DEC19,1562237945033,open,0.31,11.0,0.269,0.348,0.308145,100.41,0.32,0.0,ETH-27DEC19-280-C,293.82,92.26,0.288,120.0,0.327,120.0,108.11,0.75833,-0.21647,0.56187,0.00165,0.68653
308.17,ETH-27DEC19,1562237945033,open,0.09,0.0,0.046,0.132,0.088679,100.42,None,0.0,ETH-27DEC19-200-P,293.82,95.96,0.081,140.0,0.093,273.0,102.91,0.53379,-0.15239,-0.37868,0.00116,-0.16634
301.49,ETH-27SEP19,1562237945033,open,0.05,970.0,0.007,0.086,0.046255,104.6,0.052,0.0,ETH-27SEP19-520-C,293.82,102.19,0.043,143.0,0.05,160.0,107.31,0.41152,-0.25358,0.11039,0.00186,0.20371
301.49,ETH-27SEP19,1562237945034,open,0.27,293.0,0.223,0.324,0.273794,100.57,0.304,0.0,ETH-27SEP19-340-P,293.82,96.52,0.266,110.0,0.28,120.0,103.79,0.57999,-0.34361,-0.54399,0.00273,-0.50215
301.49,ETH-27SEP19,1562237945034,open,0.11,1669.0,0.073,0.152,0.112702,102.05,0.119,0.0,ETH-27SEP19-380-C,293.82,100.6,0.11,5.0,0.118,395.0,104.86,0.5656,-0.34001,0.20932,0.00262,0.41127
301.49,ETH-27SEP19,1562237945034,open,0.03,5305.0,0.001,0.067,0.026326,99.62,0.02,0.0,ETH-27SEP19-180-P,293.82,94.11,0.022,349.0,0.028,160.0,101.66,0.24466,-0.14358,-0.08467,0.00116,-0.09444
301.53,ETH-27SEP19,1562237945035,open,0.12,1299.0,0.072,0.16,0.11611,99.66,0.102,0.0,ETH-27SEP19-260-P,293.82,95.96,0.11,114.0,0.12,110.0,102.01,0.49903,-0.29297,-0.28589,0.00237,-0.29162
295.77,SYN.ETH-26JUL19,1562237945033,open,0.04,1210.0,0.003,0.086,0.044277,101.13,0.043,0.0,ETH-26JUL19-260-P,293.82,96.97,0.041,160.0,0.047,279.0,104.54,0.2347,-0.54249,-0.05388,0.00443,-0.25966
301.53,ETH-27SEP19,1562237945035,open,0.1,2724.0,0.059,0.138,0.098346,102.2,0.1,0.0,ETH-27SEP19-400-C,293.82,100.36,0.095,132.0,0.104,398.0,105.28,0.54987,-0.33104,0.19175,0.00254,0.37182
301.53,ETH-27SEP19,1562237945036,open,0.3,2636.0,0.251,0.33,0.290794,99.55,0.34,0.0,ETH-27SEP19-240-C,293.82,81.18,0.264,110.0,0.325,110.0,122.19,0.44909,-0.26335,0.33098,0.00213,0.76284
293.86,SYN.ETH-5JUL19,1562237945033,open,0.06,76.0,0.014,0.093,0.053009,114.11,0.041,0.0,ETH-5JUL19-280-C,293.82,97.83,0.051,1.0,0.06,50.0,161.77,0.03856,-2.20032,0.00536,0.01631,0.81389
293.86,SYN.ETH-5JUL19,1562237945033,open,0.01,136.0,0.001,0.046,0.00591,114.61,0.009,0.0,ETH-5JUL19-280-P,293.82,90.23,0.003,1.0,0.01,345.0,143.42,0.03869,-1.73675,-0.00136,0.01629,-0.18708
295.77,SYN.ETH-26JUL19,1562237945032,open,0.01,1018.0,0.001,0.045,0.005123,110.95,0.004,0.0,ETH-26JUL19-480-C,293.82,106.16,0.004,16.0,0.007,500.0,117.75,0.07443,-0.18874,0.00792,0.00128,0.04979
295.77,SYN.ETH-26JUL19,1562237945036,open,0.15,254.0,0.104,0.195,0.149132,101.65,0.141,0.0,ETH-26JUL19-320-P,293.82,97.33,0.145,120.0,0.154,120.0,106.72,0.28359,-0.65886,-0.12856,0.00532,-0.57614
295.77,SYN.ETH-26JUL19,1562237945035,open,0.27,20.0,0.229,0.308,0.268148,100.99,0.237,0.0,ETH-26JUL19-220-C,293.82,0.0,0.005,1.0,0.0,0.0,0.0,0.12078,-0.27881,0.11319,0.00228,0.90668
295.77,SYN.ETH-26JUL19,1562237945033,open,0.1,452.0,0.063,0.15,0.106552,101.14,0.1,0.0,ETH-26JUL19-300-P,293.82,97.5,0.103,120.0,0.112,214.0,106.73,0.28823,-0.6663,-0.10283,0.00544,-0.47352
294.5,SYN.ETH-12JUL19,1562237945033,open,0.11,1.0,0.071,0.159,0.115093,102.34,0.117,0.0,ETH-12JUL19-320-P,293.82,90.45,0.109,150.0,0.12,150.0,111.61,0.15399,-1.00052,-0.05074,0.00804,-0.68344
293.86,SYN.ETH-5JUL19,1562237945032,open,0.25,0.0,0.212,0.291,0.251292,0.0,None,0.0,ETH-5JUL19-220-C,293.82,0.0,0.005,2.0,0.0,0.0,0.0,0.0,0.0,0.00528,0.0,1.0
294.5,SYN.ETH-12JUL19,1562237945035,open,0.01,1793.0,0.001,0.047,0.007212,110.41,0.009,0.0,ETH-12JUL19-240-P,293.82,100.36,0.005,400.0,0.01,400.0,121.32,0.07006,-0.49111,-0.00616,0.00339,-0.08968
294.5,SYN.ETH-12JUL19,1562237945034,open,0.0,281.0,0.001,0.041,0.001455,117.0,0.002,0.0,ETH-12JUL19-420-C,293.82,0.0,0.0,0.0,0.003,400.0,131.64,0.02432,-0.18067,0.00142,0.00111,0.02387
11898.25,BTC-27SEP19,1562237945047,open,0.11,173.6,0.07,0.1495,0.10953616,100.36,0.112,0.0,BTC-27SEP19-15000-C,11611.84,98.23,0.1055,43.1,0.1135,12.5,102.51,22.25716,-13.15837,8.21637,7e-05,0.40644
301.53,ETH-27SEP19,1562237945048,open,0.17,1638.0,0.128,0.207,0.167081,99.94,0.176,0.0,ETH-27SEP19-320-C,293.82,97.28,0.162,225.0,0.174,344.0,103.56,0.57608,-0.33916,0.26625,0.00273,0.54681
301.53,ETH-27SEP19,1562237945057,open,1.01,27.0,0.939,1.1,1.019738,106.77,1.044,0.0,ETH-27SEP19-600-P,293.82,0.0,0.989,1.0,1.064,2.0,140.25,0.32409,-0.20384,-1.31781,0.00144,-0.85971
