underlying_price,underlying_index,timestamp,state,settlement_price,open_interest,min_price,max_price,mark_price,mark_iv,last_price,interest_rate,instrument_name,index_price,bid_iv,best_bid_price,best_bid_amount,best_ask_price,best_ask_amount,ask_iv,vega,theta,rho,gamma,delta
193.68,SYN.ETH-27MAR20,1566385140208,open,0.0,0.05,0.147,0.098618,99.58,None,0.0,ETH-27MAR20-400-C,188.0,93.94,0.084,110.0,0.114,110.0,105.27,0.51294,-0.11668,0.22165,0.00229,0.28946
191.64,ETH-27DEC19,1566385140212,open,0.01,2414.0,0.001,0.018,0.006462,107.27,0.006,0.0,ETH-27DEC19-760-C,188.0,103.53,0.005,100.0,0.007,110.0,108.5,0.08137,-0.03413,0.01713,0.00059,0.03198
188.08,SYN.ETH-23AUG19,1566385140214,open,0.09,452.0,0.069,0.128,0.099005,104.07,0.095,0.0,ETH-23AUG19-170-C,188.0,0.0,0.094,50.0,0.1,50.0,112.62,0.02041,-0.56628,0.00792,0.01079,0.91805
188.39,SYN.ETH-30AUG19,1566385140216,open,0.1,1157.0,0.054,0.13,0.092467,87.97,0.101,0.0,ETH-30AUG19-200-P,188.0,81.97,0.089,150.0,0.098,350.0,97.4,0.10954,-0.54288,-0.03371,0.01443,-0.64339
189.6,ETH-27SEP19,1566385140218,open,0.03,1891.0,0.009,0.052,0.028207,96.66,0.029,0.0,ETH-27SEP19-260-C,188.0,95.25,0.027,20.0,0.029,160.0,97.57,0.16407,-0.21502,0.03118,0.00467,0.19101
189.6,ETH-27SEP19,1566385140218,open,0.61,851.0,0.541,0.652,0.594885,98.94,0.56,0.0,ETH-27SEP19-300-P,188.0,0.0,0.559,19.0,0.627,19.0,141.61,0.10303,-0.13822,-0.28702,0.00287,-0.90351
189.6,ETH-27SEP19,1566385140220,open,0.05,8472.0,0.021,0.074,0.046615,92.12,0.048,0.0,ETH-27SEP19-160-P,188.0,90.45,0.045,160.0,0.048,24.0,93.54,0.1847,-0.2307,-0.05373,0.00552,-0.23388
188.39,SYN.ETH-30AUG19,1566385140222,open,0.93,0.0,0.856,0.97,0.91093,0.0,None,0.0,ETH-30AUG19-360-P,188.0,0.0,0.0,0.0,0.0,0.0,0.0,0.0,0.0,-0.08754,0.0,-1.0
188.39,SYN.ETH-30AUG19,1566385140222,open,0.31,0.0,0.289,0.333,0.310942,114.52,None,0.0,ETH-30AUG19-130-C,188.0,0.0,0.0,0.0,0.0,0.0,0.0,0.01121,-0.07232,0.03087,0.00113,0.98487
188.39,SYN.ETH-30AUG19,1566385140222,open,0.39,0.0,0.341,0.428,0.382103,106.63,0.218,0.0,ETH-30AUG19-260-P,188.0,0.0,0.0,0.0,0.0,0.0,0.0,0.02099,-0.12609,-0.06186,0.00228,-0.96817
188.08,SYN.ETH-23AUG19,1566385140222,open,0.23,0.0,0.188,0.263,0.223316,125.65,None,0.0,ETH-23AUG19-230-P,188.0,0.0,0.0,0.0,0.0,0.0,0.0,0.0049,-0.16419,-0.01169,0.00215,-0.98569
189.6,ETH-27SEP19,1566385140224,open,1.13,79.0,1.049,1.182,1.112733,110.46,0.351,0.0,ETH-27SEP19-400-P,188.0,0.0,0.0,0.0,0.0,0.0,0.0,0.03585,-0.0537,-0.39981,0.00089,-0.97446
189.6,ETH-27SEP19,1566385140224,open,1.98,24.0,1.868,2.046,1.954541,129.99,1.356,0.0,ETH-27SEP19-560-P,188.0,0.0,0.0,0.0,0.0,0.0,0.0,0.01303,-0.02297,-0.56444,0.00028,-0.99212
189.6,ETH-27SEP19,1566385140227,open,0.09,1624.0,0.056,0.128,0.094181,92.16,0.099,0.0,ETH-27SEP19-200-C,188.0,88.86,0.09,312.0,0.097,310.0,94.38,0.24027,-0.30024,0.075,0.00718,0.48571
191.64,ETH-27DEC19,1566385140229,open,2.8,0.0,2.65,2.891,2.765019,107.26,None,0.0,ETH-27DEC19-720-P,188.0,0.0,0.003,5.0,0.0,0.0,0.0,0.09492,-0.03981,-2.50193,0.00069,-0.96142
188.08,SYN.ETH-23AUG19,1566385140229,open,0.5,0.0,0.446,0.535,0.488638,0.0,None,0.0,ETH-23AUG19-280-P,188.0,0.0,0.0,0.0,0.0,0.0,0.0,0.0,0.0,-0.01439,0.0,-1.0
189.6,ETH-27SEP19,1566385140241,open,0.14,789.0,0.1,0.176,0.140458,92.06,0.166,0.0,ETH-27SEP19-180-C,188.0,88.35,0.136,275.0,0.144,265.0,95.0,0.22814,-0.28476,0.0932,0.00682,0.62699
189.6,ETH-27SEP19,1566385140243,open,0.32,2594.0,0.255,0.358,0.30723,94.46,0.31,0.0,ETH-27SEP19-240-P,188.0,41.47,0.268,24.0,0.342,24.0,125.64,0.19652,-0.2517,-0.20008,0.00573,-0.73729
191.64,ETH-27DEC19,1566385140247,open,0.03,1251.0,0.008,0.051,0.025626,101.82,0.035,0.0,ETH-27DEC19-480-C,188.0,99.4,0.023,1.0,0.028,160.0,103.89,0.21442,-0.08536,0.05719,0.00164,0.11081
189.6,ETH-27SEP19,1566385140249,open,0.23,2065.0,0.172,0.27,0.222358,92.74,0.214,0.0,ETH-27SEP19-220-P,188.0,87.36,0.216,194.0,0.228,110.0,97.45,0.22557,-0.28364,-0.16509,0.0067,-0.6395
188.39,SYN.ETH-30AUG19,1566385140249,open,0.29,382.0,0.238,0.32,0.277466,94.49,0.303,0.0,ETH-30AUG19-240-P,188.0,0.0,0.0,0.0,0.0,0.0,0.0,0.03419,-0.18197,-0.05585,0.00419,-0.94176
189.6,ETH-27SEP19,1566385140251,open,0.71,607.0,0.642,0.755,0.69634,100.16,0.761,0.0,ETH-27SEP19-320-P,188.0,0.0,0.67,18.0,0.728,19.0,148.08,0.07983,-0.10842,-0.31176,0.00219,-0.93121
188.08,SYN.ETH-23AUG19,1566385140255,open,0.2,0.0,0.178,0.227,0.202723,132.94,None,0.0,ETH-23AUG19-150-C,188.0,0.0,0.0,0.0,0.247,10.0,468.89,0.00287,-0.10155,0.00763,0.00119,0.99228
191.64,ETH-27DEC19,1566385140257,open,0.06,413.0,0.023,0.091,0.05538,98.53,0.06,0.0,ETH-27DEC19-360-C,188.0,95.96,0.051,428.0,0.06,150.0,101.16,0.33136,-0.12766,0.10711,0.00261,0.21492
191.64,ETH-27DEC19,1566385140257,open,2.17,0.0,2.044,2.254,2.144403,104.64,0.953,0.0,ETH-27DEC19-600-P,188.0,0.0,0.0,0.0,0.0,0.0,0.0,0.13974,-0.05717,-2.0691,0.00104,-0.93736
189.6,ETH-27SEP19,1566385140257,open,1.76,12.0,1.663,1.83,1.743625,123.23,1.193,0.0,ETH-27SEP19-520-P,188.0,0.0,0.0,0.0,0.0,0.0,0.0,0.01416,-0.02366,-0.52389,0.00032,-0.99134
188.39,SYN.ETH-30AUG19,1566385140257,open,0.25,0.0,0.235,0.282,0.258352,100.48,None,0.0,ETH-30AUG19-140-C,188.0,0.0,0.0,0.0,0.0,0.0,0.0,0.01674,-0.09474,0.03286,0.00193,0.97575
191.64,ETH-27DEC19,1566385140259,open,1.55,21.0,1.442,1.626,1.530323,101.82,0.629,0.0,ETH-27DEC19-480-P,188.0,0.0,0.001,7.0,0.0,0.0,0.0,0.21442,-0.08536,-1.62446,0.00164,-0.88919
188.08,SYN.ETH-23AUG19,1566385140259,open,0.55,0.0,0.497,0.589,0.541804,0.0,None,0.0,ETH-23AUG19-290-P,188.0,0.0,0.0,0.0,0.0,0.0,0.0,0.0,0.0,-0.0149,0.0,-1.0
189.6,ETH-27SEP19,1566385140261,open,1.02,259.0,0.947,1.074,1.007648,106.27,0.94,0.0,ETH-27SEP19-380-P,188.0,0.0,0.009,8.0,0.0,0.0,0.0,0.04034,-0.05813,-0.37893,0.00105,-0.97058
191.64,ETH-27DEC19,1566385140261,open,1.35,0.0,1.242,1.418,1.327117,99.65,None,0.0,ETH-27DEC19-440-P,188.0,0.0,1.218,110.0,2.253,1.0,500.0,0.24326,-0.09478,-1.4734,0.0019,-0.8674
189.6,ETH-27SEP19,1566385140261,open,0.37,47.0,0.35,0.396,0.373527,94.01,0.689,0.0,ETH-27SEP19-120-C,188.0,0.0,0.0,0.0,0.0,0.0,0.0,0.0586,-0.0747,0.1111,0.00172,0.95355
189.6,ETH-27SEP19,1566385140261,open,0.92,233.0,0.845,0.967,0.903277,104.19,0.634,0.0,ETH-27SEP19-360-P,188.0,0.0,0.867,17.0,0.932,17.0,159.17,0.05016,-0.07086,-0.35723,0.00133,-0.96167
189.6,ETH-27SEP19,1566385140261,open,0.58,0.0,0.566,0.591,0.578552,109.93,None,0.0,ETH-27SEP19-80-C,188.0,0.0,0.003,10.0,0.0,0.0,0.0,0.00729,-0.01086,0.07994,0.00018,0.99591
188.39,SYN.ETH-30AUG19,1566385140261,open,0.15,0.0,0.128,0.188,0.1591,92.11,None,0.0,ETH-30AUG19-160-C,188.0,0.0,0.0,0.0,0.0,0.0,0.0,0.05644,-0.29287,0.03333,0.0071,0.88663
188.08,SYN.ETH-23AUG19,1566385140261,open,0.25,0.0,0.233,0.277,0.255698,144.25,None,0.0,ETH-23AUG19-140-C,188.0,0.0,0.0,0.0,0.35,5.0,500.0,0.00079,-0.03025,0.00718,0.0003,0.99817
191.64,ETH-27DEC19,1566385140263,open,1.76,37.0,1.642,1.833,1.733493,102.41,0.707,0.0,ETH-27DEC19-520-P,188.0,0.0,0.002,25.0,0.0,0.0,0.0,0.18349,-0.07348,-1.77515,0.00139,-0.91047
188.39,SYN.ETH-30AUG19,1566385140263,open,0.71,0.0,0.65,0.753,0.698927,126.26,None,0.0,ETH-30AUG19-320-P,188.0,0.0,0.0,0.0,0.0,0.0,0.0,0.00407,-0.02892,-0.07761,0.00037,-0.99524
188.39,SYN.ETH-30AUG19,1566385140263,open,0.2,0.0,0.18,0.233,0.207164,94.18,None,0.0,ETH-30AUG19-150-C,188.0,0.0,0.0,0.0,0.0,0.0,0.0,0.0313,-0.16609,0.03393,0.00385,0.9479
188.08,SYN.ETH-23AUG19,1566385140263,open,0.39,0.0,0.343,0.425,0.382314,0.0,None,0.0,ETH-23AUG19-260-P,188.0,0.0,0.0,0.0,0.0,0.0,0.0,0.0,0.0,-0.01336,0.0,-1.0
188.08,SYN.ETH-23AUG19,1566385140263,open,0.05,740.0,0.02,0.082,0.052692,91.84,0.095,0.0,ETH-23AUG19-180-C,188.0,69.34,0.048,50.0,0.055,50.0,101.93,0.0421,-1.03076,0.00682,0.02522,0.75803
188.08,SYN.ETH-23AUG19,1566385140265,open,0.0,302.0,0.001,0.011,0.00051,103.77,0.001,0.0,ETH-23AUG19-220-C,188.0,0.0,0.0,0.0,0.001,200.0,115.37,0.00631,-0.09592,0.00018,0.00335,0.01923
191.64,ETH-27DEC19,1566385140267,open,0.42,0.0,0.385,0.454,0.42173,93.89,None,0.0,ETH-27DEC19-120-C,188.0,0.0,0.1,10.0,2.47,1.0,500.0,0.24162,-0.0887,0.30009,0.002,0.86869
191.64,ETH-27DEC19,1566385140279,open,0.41,812.0,0.325,0.462,0.396203,95.68,0.395,0.0,ETH-27DEC19-240-P,188.0,93.46,0.391,30.0,0.405,120.0,99.43,0.44959,-0.1682,-0.63222,0.00365,-0.54544
189.6,ETH-27SEP19,1566385140279,open,0.0,5033.0,0.001,0.012,0.002471,104.54,0.002,0.0,ETH-27SEP19-100-P,188.0,101.02,0.002,180.0,0.003,200.0,108.04,0.02699,-0.03825,-0.00397,0.00071,-0.01824
188.39,SYN.ETH-30AUG19,1566385140281,open,0.24,2.0,0.187,0.269,0.226916,92.37,0.144,0.0,ETH-30AUG19-230-P,188.0,0.0,0.205,23.0,0.248,23.0,147.79,0.04946,-0.25736,-0.05188,0.0062,-0.90551
188.39,SYN.ETH-30AUG19,1566385140281,open,0.0,328.0,0.001,0.012,0.002025,107.28,0.003,0.0,ETH-30AUG19-260-C,188.0,96.26,0.001,35.0,0.003,1549.0,114.84,0.02147,-0.12977,0.00141,0.00232,0.03271
188.39,SYN.ETH-30AUG19,1566385140281,open,0.01,3210.0,0.001,0.023,0.008379,91.96,0.01,0.0,ETH-30AUG19-160-P,188.0,87.18,0.007,450.0,0.01,250.0,97.2,0.05632,-0.29178,-0.00556,0.0071,-0.11303
189.6,ETH-27SEP19,1566385140283,open,2.19,27.0,2.073,2.263,2.165129,129.99,1.044,0.0,ETH-27SEP19-600-P,188.0,0.0,0.0,0.0,0.0,0.0,0.0,0.00859,-0.01514,-0.60534,0.00018,-0.99508
191.64,ETH-27DEC19,1566385140283,open,2.38,0.0,2.245,2.466,2.350444,104.94,None,0.0,ETH-27DEC19-640-P,188.0,0.0,0.0,0.0,0.0,0.0,0.0,0.11973,-0.04913,-2.21493,0.00089,-0.94852
189.6,ETH-27SEP19,1566385140283,open,0.47,0.0,0.457,0.493,0.475044,104.54,None,0.0,ETH-27SEP19-100-C,188.0,0.0,0.003,10.0,0.0,0.0,0.0,0.02699,-0.03825,0.09706,0.00071,0.98176
191.64,ETH-27DEC19,1566385140285,open,0.08,1041.0,0.036,0.114,0.074386,97.4,0.088,0.0,ETH-27DEC19-320-C,188.0,95.16,0.07,302.0,0.079,110.0,99.72,0.37774,-0.14386,0.13395,0.00301,0.2739
191.64,ETH-27DEC19,1566385140287,open,0.25,2420.0,0.185,0.303,0.246107,93.89,0.258,0.0,ETH-27DEC19-200-P,188.0,92.11,0.242,30.0,0.251,140.0,96.0,0.44347,-0.1628,-0.44745,0.00367,-0.42034
189.6,ETH-27SEP19,1566385140289,open,0.0,2060.0,0.001,0.011,0.000493,109.93,0.003,0.0,ETH-27SEP19-80-P,188.0,0.0,0.0,0.0,0.001,10.0,120.04,0.00729,-0.01086,-0.00088,0.00018,-0.00409
191.64,ETH-27DEC19,1566385140289,open,1.96,0.0,1.843,2.044,1.938735,103.81,0.845,0.0,ETH-27DEC19-560-P,188.0,0.0,0.0,0.0,0.0,0.0,0.0,0.16093,-0.06532,-1.92256,0.0012,-0.92478
191.64,ETH-27DEC19,1566385140289,open,2.59,0.0,2.448,2.677,2.557094,105.25,None,0.0,ETH-27DEC19-680-P,188.0,0.0,0.0,0.0,0.0,0.0,0.0,0.10283,-0.04232,-2.35965,0.00076,-0.95742
189.6,ETH-27SEP19,1566385140289,open,2.83,0.0,2.688,2.915,2.7976,130.0,None,0.0,ETH-27SEP19-720-P,188.0,0.0,0.0,0.0,0.0,0.0,0.0,0.00249,-0.0044,-0.7272,5e-05,-0.99875
188.08,SYN.ETH-23AUG19,1566385140289,open,0.34,0.0,0.291,0.371,0.329175,0.0,None,0.0,ETH-23AUG19-250-P,188.0,0.0,0.0,0.0,0.0,0.0,0.0,0.0,0.0,-0.01285,0.0,-1.0
189.6,ETH-27SEP19,1566385140291,open,0.2,392.0,0.165,0.236,0.202763,92.15,0.329,0.0,ETH-27SEP19-160-C,188.0,80.85,0.192,138.0,0.21,138.0,99.49,0.18472,-0.2308,0.1079,0.00552,0.76608
191.64,ETH-27DEC19,1566385140291,open,0.04,1911.0,0.015,0.074,0.041774,99.46,0.049,0.0,ETH-27DEC19-400-C,188.0,96.88,0.038,439.0,0.046,150.0,102.23,0.28664,-0.11147,0.08584,0.00224,0.16963
188.39,SYN.ETH-30AUG19,1566385140291,open,0.5,0.0,0.443,0.534,0.48685,105.58,None,0.0,ETH-30AUG19-280-P,188.0,0.0,0.0,0.0,0.0,0.0,0.0,0.00786,-0.04674,-0.06765,0.00086,-0.98996
188.39,SYN.ETH-30AUG19,1566385140291,open,1.14,0.0,1.062,1.189,1.123205,0.0,None,0.0,ETH-30AUG19-400-P,188.0,0.0,0.0,0.0,0.0,0.0,0.0,0.0,0.0,-0.09727,0.0,-1.0
189.6,ETH-27SEP19,1566385140295,open,2.4,0.0,2.278,2.48,2.375874,130.0,None,0.0,ETH-27SEP19-640-P,188.0,0.0,0.0,0.0,0.0,0.0,0.0,0.00567,-0.00999,-0.64606,0.00012,-0.99691
189.6,ETH-27SEP19,1566385140297,open,0.0,5619.0,0.001,0.013,0.003028,110.46,0.003,0.0,ETH-27SEP19-400-C,188.0,104.26,0.002,5.0,0.004,500.0,115.14,0.03585,-0.0537,0.00431,0.00089,0.02554
191.64,ETH-27DEC19,1566385140297,open,0.95,257.0,0.853,1.016,0.933902,98.53,0.947,0.0,ETH-27DEC19-360-P,188.0,72.78,0.897,128.0,0.971,18.0,118.16,0.33136,-0.12766,-1.15413,0.00261,-0.78508
189.6,ETH-27SEP19,1566385140300,open,0.68,0.0,0.674,0.693,0.683727,130.0,0.01,0.0,ETH-27SEP19-60-C,188.0,0.0,0.003,10.0,0.0,0.0,0.0,0.00274,-0.00484,0.06032,6e-05,0.99861
188.08,SYN.ETH-23AUG19,1566385140300,open,0.14,1.0,0.124,0.177,0.150313,121.83,0.14,0.0,ETH-23AUG19-160-C,188.0,0.0,0.0,0.0,0.189,10.0,366.62,0.00893,-0.28992,0.00793,0.00403,0.97097
189.6,ETH-27SEP19,1566385140308,open,1.34,0.0,1.254,1.398,1.322694,115.19,None,0.0,ETH-27SEP19-440-P,188.0,0.0,0.0,0.0,0.0,0.0,0.0,0.02561,-0.04001,-0.44163,0.00061,-0.98284
189.6,ETH-27SEP19,1566385140315,open,0.04,2215.0,0.017,0.069,0.041418,94.47,0.055,0.0,ETH-27SEP19-240-C,188.0,92.12,0.039,20.0,0.044,528.0,96.94,0.19654,-0.25175,0.0424,0.00573,0.26275
189.6,ETH-27SEP19,1566385140315,open,0.51,827.0,0.442,0.55,0.494796,96.66,0.421,0.0,ETH-27SEP19-280-P,188.0,0.0,0.458,21.0,0.521,21.0,128.22,0.12907,-0.16915,-0.26098,0.00368,-0.86766
191.64,ETH-27DEC19,1566385140315,open,0.58,432.0,0.488,0.637,0.563924,96.67,0.55,0.0,ETH-27DEC19-280-P,188.0,86.48,0.542,120.0,0.58,120.0,103.89,0.42155,-0.15933,-0.81286,0.00339,-0.64677
189.6,ETH-27SEP19,1566385140315,open,3.04,0.0,2.892,3.132,3.00831,0.0,None,0.0,ETH-27SEP19-760-P,188.0,0.0,0.0,0.0,0.0,0.0,0.0,0.0,0.0,-0.76782,0.0,-1.0
188.08,SYN.ETH-23AUG19,1566385140315,open,0.29,0.0,0.239,0.317,0.276122,122.07,None,0.0,ETH-23AUG19-240-P,188.0,0.0,0.0,0.0,0.0,0.0,0.0,0.00125,-0.04078,-0.0123,0.00056,-0.99695
188.39,SYN.ETH-30AUG19,1566385140315,open,0.04,867.0,0.011,0.064,0.03514,89.74,0.019,0.0,ETH-30AUG19-180-P,188.0,87.75,0.034,2.0,0.038,201.0,94.69,0.10839,-0.54791,-0.01747,0.014,-0.34629
189.6,ETH-27SEP19,1566385140317,open,1.55,0.0,1.459,1.614,1.533159,120.51,None,0.0,ETH-27SEP19-480-P,188.0,0.0,0.0,0.0,0.0,0.0,0.0,0.01985,-0.03243,-0.48279,0.00045,-0.98724
189.6,ETH-27SEP19,1566385140317,open,0.41,1239.0,0.346,0.453,0.399451,96.58,0.4,0.0,ETH-27SEP19-260-P,188.0,0.0,0.361,22.0,0.426,22.0,123.96,0.16394,-0.21469,-0.23153,0.00467,-0.80924
189.6,ETH-27SEP19,1566385140317,open,0.02,7958.0,0.006,0.038,0.019782,92.66,0.02,0.0,ETH-27SEP19-140-P,188.0,89.81,0.018,200.0,0.021,140.0,94.56,0.12027,-0.15111,-0.0267,0.00357,-0.1196
191.64,ETH-27DEC19,1566385140319,open,0.29,6.0,0.243,0.336,0.293553,93.89,0.303,0.0,ETH-27DEC19-160-C,188.0,84.45,0.275,173.0,0.303,173.0,98.68,0.3774,-0.13854,0.29075,0.00312,0.7266
188.08,SYN.ETH-23AUG19,1566385140319,open,0.0,234.0,0.001,0.016,0.002821,103.63,0.003,0.0,ETH-23AUG19-170-P,188.0,95.37,0.002,15.0,0.003,275.0,105.26,0.02025,-0.53067,-0.00081,0.01075,-0.0811
188.08,SYN.ETH-23AUG19,1566385140319,open,0.0,594.0,0.001,0.011,0.001074,87.84,0.002,0.0,ETH-23AUG19-210-C,188.0,0.0,0.0,0.0,0.002,250.0,99.62,0.01227,-0.20206,0.0004,0.00769,0.0428
188.39,SYN.ETH-30AUG19,1566385140321,open,0.61,0.0,0.547,0.644,0.592904,117.92,None,0.0,ETH-30AUG19-300-P,188.0,0.0,0.0,0.0,0.0,0.0,0.0,0.006,-0.03983,-0.07263,0.00059,-0.99262
188.39,SYN.ETH-30AUG19,1566385140323,open,0.02,220.0,0.003,0.039,0.017907,89.75,0.019,0.0,ETH-30AUG19-170-P,188.0,87.72,0.017,349.0,0.019,2.0,92.16,0.08485,-0.42895,-0.01048,0.01096,-0.21077
189.6,ETH-27SEP19,1566385140325,open,0.28,191.0,0.25,0.31,0.281424,92.72,0.5,0.0,ETH-27SEP19-140-C,188.0,0.0,0.0,0.0,0.0,0.0,0.0,0.12036,-0.15131,0.11471,0.00357,0.88028
189.6,ETH-27SEP19,1566385140325,open,2.61,0.0,2.483,2.697,2.58671,130.0,None,0.0,ETH-27SEP19-680-P,188.0,0.0,0.0,0.0,0.0,0.0,0.0,0.00375,-0.00662,-0.68666,8e-05,-0.99804
191.64,ETH-27DEC19,1566385140325,open,3.0,0.0,2.852,3.103,2.972025,106.78,None,0.0,ETH-27DEC19-760-P,188.0,0.0,0.0,0.0,0.0,0.0,0.0,0.07967,-0.03326,-2.64589,0.00058,-0.96883
188.08,SYN.ETH-23AUG19,1566385140325,open,0.45,0.0,0.394,0.48,0.435474,0.0,None,0.0,ETH-23AUG19-270-P,188.0,0.0,0.0,0.0,0.0,0.0,0.0,0.0,0.0,-0.01388,0.0,-1.0
188.39,SYN.ETH-30AUG19,1566385140327,open,0.82,0.0,0.753,0.861,0.804858,118.16,None,0.0,ETH-30AUG19-340-P,188.0,0.0,0.0,0.0,0.0,0.0,0.0,0.00092,-0.00615,-0.08264,9e-05,-0.99907
188.39,SYN.ETH-30AUG19,1566385140327,open,0.34,0.0,0.289,0.374,0.329531,99.98,None,0.0,ETH-30AUG19-250-P,188.0,0.0,0.0,0.0,0.0,0.0,0.0,0.02592,-0.14599,-0.05902,0.003,-0.95882
193.68,SYN.ETH-27MAR20,1566385140329,open,0.0,1.064,1.263,1.163774,99.54,None,0.0,ETH-27MAR20-400-P,188.0,41.02,1.067,110.0,2.031,1.0,500.0,0.51279,-0.1166,-2.17708,0.00229,-0.71072
193.68,SYN.ETH-27MAR20,1566385140410,open,0.0,0.041,0.133,0.085902,101.33,None,0.0,ETH-27MAR20-440-C,188.0,95.6,0.072,110.0,0.099,110.0,106.46,0.48334,-0.11188,0.19844,0.00212,0.25676
193.68,SYN.ETH-27MAR20,1566385140485,open,0.0,1.254,1.463,1.357574,101.29,None,0.0,ETH-27MAR20-440-P,188.0,0.0,1.248,110.0,2.234,1.0,500.0,0.48312,-0.11178,-2.44018,0.00212,-0.74346
193.68,SYN.ETH-27MAR20,1566385140558,open,0.0,0.034,0.121,0.075363,102.81,None,0.0,ETH-27MAR20-480-C,188.0,96.91,0.062,110.0,0.089,110.0,108.45,0.45437,-0.10671,0.1785,0.00196,0.22906
193.68,SYN.ETH-27MAR20,1566385140641,open,0.0,1.446,1.664,1.553549,102.75,None,0.0,ETH-27MAR20-480-P,188.0,0.0,0.0,0.0,0.0,0.0,0.0,0.45409,-0.10659,-2.7,0.00196,-0.77119
193.68,SYN.ETH-27MAR20,1566385140725,open,0.0,0.028,0.111,0.067333,104.43,None,0.0,ETH-27MAR20-520-C,188.0,99.12,0.056,110.0,0.079,110.0,109.54,0.42858,-0.10224,0.1622,0.00182,0.20699
193.68,SYN.ETH-27MAR20,1566385140809,open,0.0,1.64,1.868,1.752035,104.37,None,0.0,ETH-27MAR20-520-P,188.0,0.0,0.0,0.0,0.0,0.0,0.0,0.42824,-0.1021,-2.95619,0.00182,-0.79329
193.68,SYN.ETH-27MAR20,1566385140894,open,0.0,0.024,0.103,0.060809,106.0,None,0.0,ETH-27MAR20-560-C,188.0,100.62,0.05,110.0,0.072,110.0,111.17,0.40517,-0.09811,0.14844,0.0017,0.18862
193.68,SYN.ETH-27MAR20,1566385140975,open,0.0,1.836,2.074,1.952027,105.93,None,0.0,ETH-27MAR20-560-P,188.0,0.0,0.0,0.0,0.0,0.0,0.0,0.40476,-0.09795,-3.20984,0.0017,-0.81169
193.68,SYN.ETH-27MAR20,1566385141072,open,110.0,0.021,0.096,0.055264,107.43,0.053,0.0,ETH-27MAR20-600-C,188.0,101.46,0.044,110.0,0.066,110.0,112.65,0.38352,-0.09412,0.13651,0.00159,0.1728
10357.15,BTC-27DEC19,1566385141113,open,0.38,51.5,0.3445,0.412,0.37903397,88.01,0.377,0.0,BTC-27DEC19-7000-C,10129.52,59.67,0.3435,7.0,0.4125,7.0,110.56,14.64843,-5.04112,16.88427,4e-05,0.84435
10221.75,BTC-27SEP19,1566385141113,open,0.46,221.9,0.4515,0.478,0.46419955,100.2,0.4675,0.0,BTC-27SEP19-5500-C,10129.52,0.0,0.4615,3.0,0.474,7.0,140.34,1.41366,-1.92072,5.35103,1e-05,0.98236
10221.75,BTC-27SEP19,1566385141113,open,0.06,634.3,0.0275,0.0865,0.05627725,90.75,0.0555,0.0,BTC-27SEP19-12000-C,10129.52,88.79,0.054,27.3,0.058,5.5,92.23,11.90784,-14.65243,2.93246,0.00012,0.34024
10357.15,BTC-27DEC19,1566385141113,open,0.04,205.9,0.019,0.0665,0.04100614,88.0,0.0385,0.0,BTC-27DEC19-6500-P,10129.52,86.33,0.039,9.0,0.042,11.0,88.81,12.55408,-4.31955,-5.98999,4e-05,-0.12407
10357.15,BTC-27DEC19,1566385141113,open,0.15,194.3,0.104,0.2005,0.15388248,89.2,0.1625,0.0,BTC-27DEC19-12000-C,10129.52,88.62,0.1525,16.5,0.1575,5.0,90.74,24.45401,-8.52926,12.34411,7e-05,0.49407
10221.75,BTC-27SEP19,1566385141113,open,0.0,428.2,0.0005,0.0105,0.00075454,119.33,0.0005,0.0,BTC-27SEP19-28000-C,10129.52,0.0,0.0,0.0,0.0015,22.6,128.77,0.61803,-0.99999,0.06255,0.0,0.00681
10357.15,BTC-27DEC19,1566385141113,open,0.01,296.9,0.003,0.0355,0.01466997,100.84,0.0175,0.0,BTC-27DEC19-30000-C,10129.52,99.31,0.0135,20.4,0.0165,20.0,103.09,8.13822,-3.2087,1.97052,2e-05,0.06898
10221.75,BTC-27SEP19,1566385141115,open,0.0,761.0,0.0005,0.0105,0.00041165,125.0,0.0005,0.0,BTC-27SEP19-32000-C,10129.52,0.0,0.0,0.0,0.001,24.1,136.5,0.36336,-0.61584,0.03448,0.0,0.00375
10221.75,BTC-27SEP19,1566385141115,open,0.0,1073.7,0.0005,0.0105,0.00060167,114.34,0.0005,0.0,BTC-27SEP19-4250-P,10129.52,0.0,0.0,0.0,0.001,15.0,121.94,0.44547,-0.69065,-0.05486,0.0,-0.00471
10151.72,SYN.BTC-30AUG19,1566385141115,open,0.29,17.1,0.256,0.3165,0.28423934,97.08,0.2385,0.0,BTC-30AUG19-13000-P,10129.52,0.0,0.0,0.0,0.0,0.0,0.0,1.87652,-10.26238,-3.02307,8e-05,-0.94038
10151.72,SYN.BTC-30AUG19,1566385141115,open,0.38,13.0,0.3525,0.412,0.38042344,100.37,0.2895,0.0,BTC-30AUG19-14000-P,10129.52,0.0,0.0,0.0,0.0,0.0,0.0,0.89779,-5.07639,-3.34816,4e-05,-0.97588
10151.72,SYN.BTC-30AUG19,1566385141115,open,0.0,444.1,0.0005,0.0105,0.00037501,114.15,0.0015,0.0,BTC-30AUG19-16000-C,10129.52,117.94,0.0005,30.0,0.001,33.0,128.5,0.30133,-1.93769,0.0159,1e-05,0.00682
10151.72,SYN.BTC-30AUG19,1566385141115,open,0.03,104.5,0.0075,0.0505,0.02671724,87.65,0.0275,0.0,BTC-30AUG19-9500-P,10129.52,90.04,0.028,1.0,0.0285,4.1,90.97,5.41756,-26.7486,-0.78148,0.00025,-0.28985
10221.75,BTC-27SEP19,1566385141117,open,0.0,287.3,0.0005,0.0115,0.00154163,112.61,0.003,0.0,BTC-27SEP19-24000-C,10129.52,106.98,0.001,34.0,0.002,3.9,116.36,1.138,-1.73752,0.12556,1e-05,0.0137
10221.75,BTC-27SEP19,1566385141126,open,0.63,0.0,0.624,0.6435,0.63357788,125.07,None,0.0,BTC-27SEP19-3750-C,10129.52,0.0,0.6255,8.0,0.6405,8.0,191.33,0.31963,-0.54204,3.75045,0.0,0.99675
10134.21,SYN.BTC-23AUG19,1566385141128,open,0.09,175.2,0.0645,0.115,0.08859087,89.27,0.088,0.0,BTC-23AUG19-11000-P,10129.52,75.18,0.087,0.1,0.09,1.0,99.16,1.3285,-31.61328,-0.51181,0.00028,-0.89418
10357.15,BTC-27DEC19,1566385141136,open,1.91,0.2,1.8435,1.9875,1.91111623,100.7,2.03,0.0,BTC-27DEC19-30000-P,10129.52,0.0,0.005,1.0,0.0,0.0,0.0,8.10535,-3.19156,-103.14214,2e-05,-0.93139
10357.15,BTC-27DEC19,1566385141138,open,3.64,0.0,3.544,3.7415,3.63827586,108.71,None,0.0,BTC-27DEC19-48000-P,10129.52,0.0,0.0,0.0,0.0,0.0,0.0,2.92025,-1.24123,-167.59113,1e-05,-0.98038
10151.72,SYN.BTC-30AUG19,1566385141142,open,0.48,0.0,0.449,0.5115,0.47835057,109.14,None,0.0,BTC-30AUG19-15000-P,10129.52,0.0,0.0,0.0,0.0,0.0,0.0,0.55085,-3.38685,-3.61588,2e-05,-0.9864
10221.75,BTC-27SEP19,1566385141146,open,0.0,422.0,0.0005,0.0105,0.00024436,125.0,0.0005,0.0,BTC-27SEP19-3500-P,10129.52,0.0,0.0,0.0,0.001,56.4,147.06,0.19555,-0.33144,-0.02203,0.0,-0.00189
10151.72,SYN.BTC-30AUG19,1566385141146,open,0.41,0.0,0.397,0.4215,0.40912753,125.07,None,0.0,BTC-30AUG19-6000-C,10129.52,0.0,0.0,0.0,0.0,0.0,0.0,0.12744,-0.89787,1.4522,0.0,0.9974
10134.21,SYN.BTC-23AUG19,1566385141146,open,0.0,303.0,0.0005,0.0115,0.0015961,103.11,0.002,0.0,BTC-23AUG19-9000-P,10129.52,101.79,0.0015,99.5,0.002,0.5,108.23,0.75184,-16.17519,-0.02698,0.00014,-0.05022
10221.75,BTC-27SEP19,1566385141151,open,0.54,13.5,0.526,0.5475,0.53632632,107.89,0.382,0.0,BTC-27SEP19-4750-C,10129.52,0.0,0.5275,7.0,0.5435,7.0,153.89,0.71659,-1.04825,4.70514,1e-05,0.99194
10221.75,BTC-27SEP19,1566385141151,open,0.0,427.5,0.0005,0.0105,0.00050385,119.21,0.0005,0.0,BTC-27SEP19-4000-P,10129.52,0.0,0.0,0.0,0.001,61.9,129.77,0.37134,-0.60023,-0.04489,0.0,-0.00384
10221.75,BTC-27SEP19,1566385141153,open,0.61,227.5,0.5995,0.619,0.60918372,119.27,0.7065,0.0,BTC-27SEP19-4000-C,10129.52,0.0,0.601,8.0,0.616,8.0,179.91,0.37254,-0.60248,3.99612,0.0,0.99614
10134.21,SYN.BTC-23AUG19,1566385141164,open,0.29,0.0,0.258,0.31,0.2828639,124.66,None,0.0,BTC-23AUG19-13000-P,10129.52,0.0,0.0,0.0,0.0,0.0,0.0,0.0675,-2.2431,-0.66651,1e-05,-0.99695
10357.15,BTC-27DEC19,1566385141176,open,0.39,110.4,0.3245,0.446,0.38618051,90.49,0.3295,0.0,BTC-27DEC19-13000-P,10129.52,87.19,0.3785,5.0,0.389,3.6,91.7,24.15891,-8.54777,-34.41239,7e-05,-0.56219
10221.75,BTC-27SEP19,1566385141176,open,0.1,377.3,0.064,0.1345,0.09924966,87.79,0.101,0.0,BTC-27SEP19-10000-P,10129.52,86.38,0.0975,7.0,0.1025,9.4,90.42,12.65691,-15.06647,-5.29687,0.00014,-0.41367
10221.75,BTC-27SEP19,1566385141176,open,0.03,748.5,0.0095,0.047,0.02613237,88.44,0.026,0.0,BTC-27SEP19-8000-P,10129.52,86.94,0.025,28.3,0.028,24.3,90.87,7.76407,-9.31,-1.87748,8e-05,-0.15567
10134.21,SYN.BTC-23AUG19,1566385141176,open,0.0,214.9,0.0005,0.0105,4.01e-06,125.0,0.001,0.0,BTC-23AUG19-14000-C,10129.52,0.0,0.0,0.0,0.0005,18.0,191.36,0.0051,-0.04067,9e-05,0.0,0.00018
10151.72,SYN.BTC-30AUG19,1566385141176,open,0.19,56.2,0.161,0.223,0.19093839,90.55,0.125,0.0,BTC-30AUG19-12000-P,10129.52,79.21,0.1875,3.9,0.2105,5.0,136.52,3.39564,-17.32054,-2.61251,0.00015,-0.86736
193.68,SYN.ETH-27MAR20,1566385141176,open,0.0,2.033,2.281,2.152998,107.35,None,0.0,ETH-27MAR20-600-P,188.0,0.0,0.0,0.0,0.0,0.0,0.0,0.38303,-0.09393,-3.46166,0.00159,-0.82754
10134.21,SYN.BTC-23AUG19,1566385141178,open,0.21,0.0,0.1945,0.227,0.21069781,125.03,None,0.0,BTC-23AUG19-8000-C,10129.52,0.0,0.0,0.0,0.24,0.1,401.5,0.07921,-2.64015,0.40916,1e-05,0.99635
10134.21,SYN.BTC-23AUG19,1566385141178,open,0.53,0.0,0.4995,0.5605,0.52947214,0.0,None,0.0,BTC-23AUG19-15500-P,10129.52,0.0,0.0,0.0,0.0,0.0,0.0,0.0,0.0,-0.79653,0.0,-1.0
10151.72,SYN.BTC-30AUG19,1566385141178,open,0.06,404.0,0.032,0.0885,0.06118637,86.52,0.062,0.0,BTC-30AUG19-10000-C,10129.52,84.58,0.06,18.0,0.0635,3.9,90.3,6.21501,-30.29182,1.25867,0.00029,0.57106
10221.75,BTC-27SEP19,1566385141190,open,0.32,748.2,0.3055,0.347,0.32581973,91.04,0.3625,0.0,BTC-27SEP19-7000-C,10129.52,0.0,0.3075,7.0,0.343,7.0,122.28,4.51032,-5.56786,6.20723,5e-05,0.92689
10357.15,BTC-27DEC19,1566385141190,open,0.45,122.9,0.424,0.4765,0.4501734,88.02,0.469,0.0,BTC-27DEC19-6000-C,10129.52,69.57,0.434,11.0,0.4785,7.0,113.23,10.39173,-3.5764,16.49003,3e-05,0.90462
10357.15,BTC-27DEC19,1566385141190,open,0.04,248.9,0.012,0.067,0.03524307,96.4,0.0345,0.0,BTC-27DEC19-22000-C,10129.52,95.49,0.034,4.0,0.0365,14.0,97.3,14.31404,-5.39531,4.17576,4e-05,0.15032
10357.15,BTC-27DEC19,1566385141190,open,0.07,210.4,0.0395,0.1045,0.07107327,88.0,0.058,0.0,BTC-27DEC19-7500-P,10129.52,85.44,0.067,23.0,0.0715,5.0,88.26,16.60311,-5.71266,-9.45125,5e-05,-0.18939
10134.21,SYN.BTC-23AUG19,1566385141190,open,0.16,8.8,0.1445,0.1805,0.16174939,116.7,0.1455,0.0,BTC-23AUG19-8500-C,10129.52,0.0,0.1495,6.0,0.1755,6.0,250.67,0.29112,-9.05636,0.42821,5e-05,0.98398
10134.21,SYN.BTC-23AUG19,1566385141190,open,0.0,391.9,0.0005,0.016,0.00315905,89.27,0.004,0.0,BTC-23AUG19-11000-C,10129.52,83.98,0.0025,0.5,0.004,4.1,95.36,1.32856,-31.61567,0.05347,0.00028,0.10583
10134.21,SYN.BTC-23AUG19,1566385141190,open,0.07,33.1,0.0445,0.091,0.06769771,89.58,0.066,0.0,BTC-23AUG19-9500-C,10129.52,75.08,0.0655,6.0,0.0695,0.1,99.84,1.69033,-40.36487,0.40766,0.00036,0.85047
10151.72,SYN.BTC-30AUG19,1566385141190,open,0.0,96.9,0.0005,0.0115,0.00177719,105.08,0.0015,0.0,BTC-30AUG19-7500-P,10129.52,102.06,0.0015,2.0,0.002,36.9,107.3,0.98158,-5.81026,-0.07062,4e-05,-0.02683
10221.75,BTC-27SEP19,1566385141192,open,0.01,511.6,0.001,0.0235,0.01062996,91.03,0.0075,0.0,BTC-27SEP19-7000-P,10129.52,88.41,0.0095,28.1,0.012,44.0,94.06,4.50956,-5.56636,-0.86461,5e-05,-0.07309
10221.75,BTC-27SEP19,1566385141192,open,0.8,28.2,0.7945,0.814,0.8043407,131.25,0.755,0.0,BTC-27SEP19-2000-C,10129.52,0.0,0.01,1.0,0.8745,5.0,500.0,0.00268,-0.00477,2.02037,0.0,0.99998
10151.72,SYN.BTC-30AUG19,1566385141192,open,0.31,0.0,0.2965,0.327,0.31114517,108.35,None,0.0,BTC-30AUG19-7000-C,10129.52,0.0,0.0,0.0,0.0,0.0,0.0,0.46444,-2.83471,1.67294,2e-05,0.98883
10134.21,SYN.BTC-23AUG19,1566385141192,open,0.0,266.4,0.0005,0.0105,0.00042119,107.62,0.0005,0.0,BTC-23AUG19-12000-C,10129.52,0.0,0.0,0.0,0.001,42.9,122.69,0.28612,-4.2684,0.00796,5e-05,0.0157
10357.15,BTC-27DEC19,1566385141203,open,2.49,1.3,2.4095,2.5685,2.48445712,103.62,2.2,0.0,BTC-27DEC19-36000-P,10129.52,0.0,0.0005,1.0,0.0,0.0,0.0,5.52671,-2.23911,-124.90142,1e-05,-0.95771
10357.15,BTC-27DEC19,1566385141207,open,0.53,65.4,0.513,0.5505,0.53108635,89.38,0.608,0.0,BTC-27DEC19-5000-C,10129.52,0.0,0.5135,8.0,0.5505,8.0,115.1,6.36204,-2.22337,15.18637,2e-05,0.94961
10151.72,SYN.BTC-30AUG19,1566385141207,open,0.09,9.6,0.0615,0.118,0.09091692,87.65,0.141,0.0,BTC-30AUG19-9500-C,10129.52,85.93,0.09,6.0,0.0925,3.6,90.6,5.4176,-26.74954,1.52861,0.00025,0.71014
10134.21,SYN.BTC-23AUG19,1566385141209,open,0.26,0.0,0.245,0.2745,0.25994066,125.26,None,0.0,BTC-23AUG19-7500-C,10129.52,0.0,0.0,0.0,0.292,0.1,487.33,0.00904,-0.30178,0.38524,0.0,0.99966
10221.75,BTC-27SEP19,1566385141211,open,0.12,627.0,0.085,0.154,0.12094934,87.8,0.1245,0.0,BTC-27SEP19-10000-C,10129.52,86.63,0.1195,0.1,0.123,5.0,89.45,12.6569,-15.06725,4.80601,0.00014,0.58633
10357.15,BTC-27DEC19,1566385141211,open,0.0,208.9,0.0005,0.0105,0.0007679,100.13,0.001,0.0,BTC-27DEC19-2500-P,10129.52,95.19,0.0005,19.3,0.001,0.9,103.51,0.64815,-0.25375,-0.15571,0.0,-0.00352
10151.72,SYN.BTC-30AUG19,1566385141211,open,0.58,0.0,0.5455,0.6105,0.57645976,114.07,0.403,0.0,BTC-30AUG19-16000-P,10129.52,0.0,0.0,0.0,0.0,0.0,0.0,0.30002,-1.92799,-3.87489,1e-05,-0.99322
10221.75,BTC-27SEP19,1566385141216,open,0.68,0.5,0.6725,0.692,0.68217844,125.17,0.694,0.0,BTC-27SEP19-3250-C,10129.52,0.0,0.6745,8.0,0.6895,8.0,216.86,0.11323,-0.19217,3.27141,0.0,0.99896
10151.72,SYN.BTC-30AUG19,1566385141229,open,0.24,0.0,0.208,0.2685,0.23674523,92.9,None,0.0,BTC-30AUG19-12500-P,10129.52,0.0,0.0,0.0,0.0,0.0,0.0,2.49125,-13.03749,-2.84001,0.00011,-0.91371
10221.75,BTC-27SEP19,1566385141234,open,0.0,571.3,0.0005,0.011,0.00118444,103.33,0.001,0.0,BTC-27SEP19-5000-P,10129.52,100.95,0.001,50.0,0.0015,1.9,106.89,0.8359,-1.17113,-0.11141,1e-05,-0.0096
10134.21,SYN.BTC-23AUG19,1566385141237,open,0.43,0.0,0.403,0.46,0.43079727,119.65,None,0.0,BTC-23AUG19-14500-P,10129.52,0.0,0.0,0.0,0.0,0.0,0.0,0.00056,-0.01801,-0.74513,0.0,-0.99998
10134.21,SYN.BTC-23AUG19,1566385141239,open,0.0,113.5,0.0005,0.0105,7.7e-07,125.0,0.0005,0.0,BTC-23AUG19-14500-C,10129.52,0.0,0.0,0.0,0.001,21.0,228.79,0.00117,-0.00783,2e-05,0.0,4e-05
10151.72,SYN.BTC-30AUG19,1566385141245,open,0.02,99.0,0.0025,0.0345,0.01497734,89.28,0.015,0.0,BTC-30AUG19-11500-C,10129.52,88.2,0.0145,24.0,0.0155,0.4,90.46,4.4897,-22.58109,0.46755,0.0002,0.20438
10221.75,BTC-27SEP19,1566385141247,open,0.0,711.2,0.0005,0.0135,0.00366698,104.4,0.004,0.0,BTC-27SEP19-20000-C,10129.52,101.26,0.003,50.4,0.0045,5.6,107.85,2.31182,-3.27247,0.28914,2e-05,0.03167
10221.75,BTC-27SEP19,1566385141247,open,0.4,68.8,0.3545,0.438,0.395142,93.26,0.4015,0.0,BTC-27SEP19-14000-P,10129.52,0.0,0.361,5.0,0.421,10.0,120.54,8.5449,-10.80541,-12.54193,9e-05,-0.81934
10134.21,SYN.BTC-23AUG19,1566385141247,open,0.0,69.9,0.0005,0.0105,1.4e-07,125.0,0.0005,0.0,BTC-23AUG19-15000-C,10129.52,0.0,0.0,0.0,0.0005,6.0,225.85,0.00024,-0.0014,0.0,0.0,1e-05
10151.72,SYN.BTC-30AUG19,1566385141251,open,0.17,0.0,0.1475,0.1925,0.16961677,92.43,None,0.0,BTC-30AUG19-8500-C,10129.52,0.0,0.0,0.0,0.0,0.0,0.0,2.69826,-14.04906,1.81266,0.00012,0.90391
10357.15,BTC-27DEC19,1566385141257,open,1.72,0.1,1.6555,1.7955,1.72112376,99.56,1.49,0.0,BTC-27DEC19-28000-P,10129.52,0.0,0.0045,1.0,0.0,0.0,0.0,9.26939,-3.60849,-95.76918,2e-05,-0.91819
10357.15,BTC-27DEC19,1566385141257,open,0.49,73.3,0.4675,0.5125,0.48953522,88.49,0.4875,0.0,BTC-27DEC19-5500-C,10129.52,0.0,0.468,8.0,0.5125,7.0,113.13,8.2987,-2.87151,15.95542,2e-05,0.92925
10357.15,BTC-27DEC19,1566385141257,open,0.62,27.7,0.6075,0.6325,0.61918143,92.09,0.6705,0.0,BTC-27DEC19-4000-C,10129.52,0.0,0.6085,8.0,0.6315,8.0,120.06,3.1927,-1.14962,13.02728,1e-05,0.9782
10134.21,SYN.BTC-23AUG19,1566385141259,open,0.0,77.2,0.0005,0.0105,0.00010278,125.0,0.0005,0.0,BTC-23AUG19-8000-P,10129.52,0.0,0.0,0.0,0.0005,12.0,151.41,0.07908,-1.04156,-0.00195,1e-05,-0.00364
10151.72,SYN.BTC-30AUG19,1566385141259,open,0.0,702.2,0.0005,0.0105,0.00015931,125.0,0.0005,0.0,BTC-30AUG19-6000-P,10129.52,0.0,0.0,0.0,0.0005,54.6,142.11,0.12694,-0.89388,-0.00679,0.0,-0.00259
10151.72,SYN.BTC-30AUG19,1566385141259,open,0.01,19.7,0.0005,0.0205,0.0069118,92.42,0.0065,0.0,BTC-30AUG19-8500-P,10129.52,90.85,0.0065,9.0,0.008,40.0,96.39,2.69807,-14.04735,-0.25425,0.00012,-0.09608
10221.75,BTC-27SEP19,1566385141264,open,0.58,34.4,0.5385,0.621,0.57765939,96.84,0.396,0.0,BTC-27SEP19-16000-P,10129.52,0.0,0.005,1.0,1.041,0.2,500.0,5.55459,-7.29335,-15.29599,5e-05,-0.90351
10221.75,BTC-27SEP19,1566385141264,open,0.0,635.9,0.0005,0.0135,0.00377362,95.94,0.004,0.0,BTC-27SEP19-6000-P,10129.52,91.99,0.003,24.1,0.0045,39.0,99.25,2.13394,-2.77604,-0.33587,2e-05,-0.02875
10151.72,SYN.BTC-30AUG19,1566385141267,open,0.34,0.0,0.304,0.364,0.33201961,98.55,None,0.0,BTC-30AUG19-13500-P,10129.52,0.0,0.0,0.0,0.0,0.0,0.0,1.30005,-7.21748,-3.19514,5e-05,-0.9623
10221.75,BTC-27SEP19,1566385141270,open,0.85,42.8,0.8435,0.863,0.85325497,148.01,0.815,0.0,BTC-27SEP19-1500-C,10129.52,0.0,0.0,0.0,0.0,0.0,0.0,0.00118,-0.00236,1.51535,0.0,0.99999
10357.15,BTC-27DEC19,1566385141277,open,0.05,634.4,0.0175,0.0805,0.04533717,94.98,0.046,0.0,BTC-27DEC19-20000-C,10129.52,94.77,0.045,0.1,0.0455,1.0,95.08,16.46752,-6.11581,5.13651,5e-05,0.18689
10151.72,SYN.BTC-30AUG19,1566385141277,open,0.02,657.1,0.006,0.048,0.02472719,88.12,0.0255,0.0,BTC-30AUG19-11000-C,10129.52,85.85,0.0235,24.1,0.026,1.1,90.44,5.53016,-27.45147,0.68734,0.00025,0.30316
10134.21,SYN.BTC-23AUG19,1566385141277,open,0.0,12.2,0.0005,0.0105,2e-08,125.0,0.001,0.0,BTC-23AUG19-15500-C,10129.52,0.0,0.0,0.0,0.001,21.0,263.96,5e-05,-0.00023,0.0,0.0,0.0
10357.15,BTC-27DEC19,1566385141280,open,0.57,6.5,0.56,0.591,0.574465,90.7,0.575,0.0,BTC-27DEC19-4500-C,10129.52,0.0,0.5605,8.0,0.59,8.0,117.1,4.65793,-1.65191,14.19658,1e-05,0.96571
10221.75,BTC-27SEP19,1566385141280,open,0.42,713.5,0.402,0.433,0.41679343,95.96,0.362,0.0,BTC-27SEP19-6000-C,10129.52,0.0,0.4035,7.0,0.428,7.0,131.09,2.13506,-2.77796,5.72566,2e-05,0.97123
10134.21,SYN.BTC-23AUG19,1566385141299,open,0.19,5.6,0.161,0.211,0.18452864,107.6,0.128,0.0,BTC-23AUG19-12000-P,10129.52,0.0,0.171,5.0,0.2,5.0,238.94,0.28595,-8.20209,-0.60871,5e-05,-0.98431
10151.72,SYN.BTC-30AUG19,1566385141299,open,0.01,750.0,0.0005,0.0245,0.00887483,90.55,0.0095,0.0,BTC-30AUG19-12000-C,10129.52,92.39,0.0095,8.6,0.0105,3.7,95.24,3.39591,-17.32287,0.30556,0.00015,0.13265
10134.21,SYN.BTC-23AUG19,1566385141299,open,0.01,376.8,0.0005,0.02,0.00511611,89.58,0.0045,0.0,BTC-23AUG19-9500-P,10129.52,85.8,0.0045,12.2,0.0065,28.7,97.54,1.69029,-40.3633,-0.08054,0.00036,-0.14953
10221.75,BTC-27SEP19,1566385141312,open,0.0,330.4,0.0005,0.011,0.00101897,107.85,0.0015,0.0,BTC-27SEP19-4750-P,10129.52,98.57,0.0005,38.8,0.0015,35.0,113.86,0.71531,-1.04599,-0.09355,1e-05,-0.00804
10357.15,BTC-27DEC19,1566385141312,open,0.01,532.8,0.0005,0.0195,0.00893194,90.67,0.009,0.0,BTC-27DEC19-4500-P,10129.52,88.53,0.008,14.0,0.01,10.0,92.97,4.65378,-1.6498,-1.567,1e-05,-0.03425
10357.15,BTC-27DEC19,1566385141314,open,0.71,0.0,0.7025,0.722,0.71239697,100.18,None,0.0,BTC-27DEC19-3000-C,10129.52,0.0,0.0055,0.1,0.961,0.5,500.0,1.41962,-0.55611,10.12686,0.0,0.99148
10221.75,BTC-27SEP19,1566385141314,open,0.49,29.7,0.4455,0.5285,0.48513951,95.12,0.335,0.0,BTC-27SEP19-15000-P,10129.52,0.0,0.1675,0.1,0.958,0.3,500.0,6.94265,-8.95396,-13.97477,7e-05,-0.86809
10221.75,BTC-27SEP19,1566385141317,open,0.71,225.7,0.697,0.7165,0.70656949,125.29,0.693,0.0,BTC-27SEP19-3000-C,10129.52,0.0,0.6985,8.0,0.7135,8.0,228.1,0.06029,-0.10243,3.02484,0.0,0.99948
10357.15,BTC-27DEC19,1566385141317,open,0.0,284.9,0.0005,0.014,0.00396186,109.28,0.005,0.0,BTC-27DEC19-48000-C,10129.52,107.62,0.0035,13.0,0.0045,4.0,111.06,3.0075,-1.28512,0.59329,1e-05,0.02031
10357.15,BTC-27DEC19,1566385141317,open,2.1,0.3,2.032,2.18,2.10152112,101.39,1.875,0.0,BTC-27DEC19-32000-P,10129.52,0.0,0.0,0.0,0.0,0.0,0.0,7.02285,-2.78405,-110.46939,2e-05,-0.94291
10357.15,BTC-27DEC19,1566385141317,open,0.02,145.8,0.0045,0.041,0.01777392,99.67,0.024,0.0,BTC-27DEC19-28000-C,10129.52,98.8,0.017,13.2,0.0195,4.0,101.54,9.29709,-3.62319,2.33552,2e-05,0.08214
10221.75,BTC-27SEP19,1566385141317,open,0.0,401.3,0.0005,0.012,0.00226473,100.18,0.0025,0.0,BTC-27SEP19-5500-P,10129.52,93.93,0.0015,60.1,0.003,44.0,105.05,1.41245,-1.91863,-0.20537,1e-05,-0.01762
10221.75,BTC-27SEP19,1566385141317,open,0.16,290.0,0.118,0.198,0.15864434,88.95,0.156,0.0,BTC-27SEP19-11000-P,10129.52,86.85,0.156,6.0,0.161,4.1,90.82,12.87142,-15.52374,-7.28753,0.00014,-0.54704
10134.21,SYN.BTC-23AUG19,1566385141317,open,0.11,30.0,0.094,0.1345,0.11351551,103.11,0.1345,0.0,BTC-23AUG19-9000-C,10129.52,0.0,0.1005,6.0,0.127,6.0,198.14,0.75191,-20.66735,0.43551,0.00014,0.94978
10151.72,SYN.BTC-30AUG19,1566385141317,open,0.0,403.8,0.0005,0.0105,0.00077112,109.18,0.0015,0.0,BTC-30AUG19-15000-C,10129.52,103.43,0.0005,30.0,0.001,4.9,113.03,0.55188,-3.3944,0.03173,2e-05,0.01363
10221.75,BTC-27SEP19,1566385141325,open,0.0,684.0,0.0005,0.0105,0.00050168,121.17,0.0005,0.0,BTC-27SEP19-30000-C,10129.52,0.0,0.0,0.0,0.001,24.9,130.01,0.43787,-0.7194,0.04254,0.0,0.00462
10357.15,BTC-27DEC19,1566385141325,open,0.0,100.7,0.0005,0.0105,0.00075801,115.35,0.0005,0.0,BTC-27DEC19-2000-P,10129.52,109.84,0.0005,6.0,0.001,11.0,119.43,0.55748,-0.25144,-0.13563,0.0,-0.00298
10221.75,BTC-27SEP19,1566385141325,open,0.24,871.9,0.216,0.2705,0.24349212,88.44,0.235,0.0,BTC-27SEP19-8000-C,10129.52,82.37,0.239,15.1,0.2455,5.0,91.06,7.76446,-9.31112,6.20469,8e-05,0.84432
10221.75,BTC-27SEP19,1566385141325,open,0.01,453.4,0.0005,0.019,0.00662903,101.05,0.0065,0.0,BTC-27SEP19-18000-C,10129.52,99.21,0.006,24.1,0.0075,4.9,103.43,3.59675,-4.92789,0.49605,3e-05,0.05466
10357.15,BTC-27DEC19,1566385141325,open,0.11,439.4,0.0655,0.157,0.11120464,91.26,0.121,0.0,BTC-27DEC19-14000-C,10129.52,89.84,0.108,17.9,0.115,13.9,92.93,23.46405,-8.37255,9.99737,7e-05,0.38672
10151.72,SYN.BTC-30AUG19,1566385141325,open,0.21,23.0,0.1965,0.2355,0.21514095,96.24,0.2,0.0,BTC-30AUG19-8000-C,10129.52,0.0,0.0,0.0,0.0,0.0,0.0,1.58641,-8.60084,1.81843,7e-05,0.95177
10151.72,SYN.BTC-30AUG19,1566385141325,open,0.05,1072.3,0.0195,0.074,0.04623934,86.52,0.0475,0.0,BTC-30AUG19-10000-P,10129.52,83.68,0.0445,22.4,0.0475,1.0,88.58,6.215,-30.291,-1.17303,0.00029,-0.42894
10134.21,SYN.BTC-23AUG19,1566385141325,open,0.02,494.8,0.0015,0.0405,0.01818656,85.32,0.0175,0.0,BTC-23AUG19-10000-P,10129.52,79.23,0.0165,3.7,0.019,3.5,88.25,2.81008,-63.91147,-0.21875,0.00062,-0.40185
10151.72,SYN.BTC-30AUG19,1566385141325,open,0.0,782.9,0.0005,0.0105,0.00012265,125.0,0.001,0.0,BTC-30AUG19-18000-C,10129.52,0.0,0.0,0.0,0.0005,12.0,143.71,0.11168,-0.78643,0.00525,0.0,0.00225
10134.21,SYN.BTC-23AUG19,1566385141332,open,0.58,0.0,0.548,0.611,0.57880993,0.0,None,0.0,BTC-23AUG19-16000-P,10129.52,0.0,0.0,0.0,0.0,0.0,0.0,0.0,0.0,-0.82222,0.0,-1.0
189.6,ETH-27SEP19,1566385141337,open,0.0,2913.0,0.001,0.012,0.002019,115.19,0.003,0.0,ETH-27SEP19-440-C,188.0,105.75,0.001,302.0,0.003,700.0,121.51,0.02561,-0.04001,0.0029,0.00061,0.01716
10221.75,BTC-27SEP19,1566385141345,open,0.06,476.3,0.0285,0.0845,0.05563475,88.24,0.055,0.0,BTC-27SEP19-9000-P,10129.52,86.7,0.054,0.5,0.057,5.0,89.53,10.86482,-12.99988,-3.42717,0.00012,-0.27623
10221.75,BTC-27SEP19,1566385141345,open,0.0,373.7,0.0005,0.0105,0.00077063,110.73,0.001,0.0,BTC-27SEP19-4500-P,10129.52,0.0,0.0,0.0,0.0015,19.8,121.2,0.55957,-0.84015,-0.07083,0.0,-0.00609
10134.21,SYN.BTC-23AUG19,1566385141347,open,0.0,303.4,0.0005,0.0105,0.00097852,96.46,0.0015,0.0,BTC-23AUG19-11500-C,10129.52,96.84,0.001,3.0,0.0015,6.9,104.46,0.58006,-9.91657,0.01846,0.00011,0.03643
10134.21,SYN.BTC-23AUG19,1566385141347,open,0.24,33.7,0.2095,0.261,0.23367288,119.78,0.172,0.0,BTC-23AUG19-12500-P,10129.52,0.0,0.2135,5.0,0.249,5.0,272.14,0.16249,-5.18838,-0.63822,3e-05,-0.99181
10357.15,BTC-27DEC19,1566385141349,open,0.0,1302.5,0.0005,0.0135,0.00372556,112.91,0.004,0.0,BTC-27DEC19-52000-C,10129.52,112.06,0.0035,1.0,0.004,10.0,113.9,2.81034,-1.24074,0.54532,1e-05,0.01875
10357.15,BTC-27DEC19,1566385141361,open,0.66,4.0,0.6555,0.676,0.66516813,94.28,0.666,0.0,BTC-27DEC19-3500-C,10129.52,0.0,0.0075,0.2,0.979,1.0,500.0,2.06591,-0.76155,11.67424,1e-05,0.9869
10151.72,SYN.BTC-30AUG19,1566385141361,open,0.11,148.8,0.076,0.1405,0.10828545,88.11,0.113,0.0,BTC-30AUG19-11000-P,10129.52,82.01,0.105,18.0,0.1105,18.0,92.15,5.5301,-27.45027,-1.98754,0.00025,-0.69685
10151.72,SYN.BTC-30AUG19,1566385141361,open,0.78,0.0,0.7385,0.8105,0.77321799,124.77,None,0.0,BTC-30AUG19-18000-P,10129.52,0.0,0.0,0.0,0.0,0.0,0.0,0.1099,-0.77246,-4.37189,0.0,-0.99779
10134.21,SYN.BTC-23AUG19,1566385141363,open,0.01,375.9,0.0005,0.0305,0.01110454,86.36,0.01,0.0,BTC-23AUG19-10500-C,10129.52,79.77,0.0095,35.8,0.012,4.4,89.96,2.50259,-57.61083,0.14731,0.00055,0.29397
10221.75,BTC-27SEP19,1566385141367,open,0.58,9.2,0.575,0.5945,0.58482403,114.4,0.574,0.0,BTC-27SEP19-4250-C,10129.52,0.0,0.577,8.0,0.592,8.0,171.57,0.44673,-0.69295,4.23871,0.0,0.99527
10221.75,BTC-27SEP19,1566385141382,open,0.02,566.6,0.0045,0.0375,0.01768903,95.13,0.0175,0.0,BTC-27SEP19-15000-C,10129.52,94.11,0.017,24.0,0.0175,2.0,94.85,6.94412,-8.95705,1.17996,7e-05,0.13195
10221.75,BTC-27SEP19,1566385141382,open,1.55,0.0,1.494,1.5985,1.54457909,115.13,None,0.0,BTC-27SEP19-26000-P,10129.52,0.0,0.0,0.0,0.0,0.0,0.0,0.78497,-1.2254,-26.18547,1e-05,-0.99106
10357.15,BTC-27DEC19,1566385141382,open,1.16,4.9,1.097,1.2285,1.15930366,96.34,1.0385,0.0,BTC-27DEC19-22000-P,10129.52,0.0,0.006,2.0,1.926,0.3,500.0,14.30049,-5.38713,-72.905,4e-05,-0.84989
10221.75,BTC-27SEP19,1566385141382,open,0.0,558.2,0.0005,0.012,0.00229993,108.56,0.0025,0.0,BTC-27SEP19-22000-C,10129.52,106.54,0.002,24.0,0.003,6.0,112.68,1.58911,-2.3392,0.18527,1e-05,0.02024
10221.75,BTC-27SEP19,1566385141382,open,0.0,492.7,0.0005,0.0105,7.7e-07,125.0,0.0005,0.0,BTC-27SEP19-2000-P,10129.52,0.0,0.0,0.0,0.0005,23.1,202.93,0.00123,-0.00208,-9e-05,0.0,-1e-05
10151.72,SYN.BTC-30AUG19,1566385141382,open,0.04,111.6,0.0145,0.065,0.03925086,86.52,0.0415,0.0,BTC-30AUG19-10500-C,10129.52,84.47,0.038,18.0,0.0405,0.1,88.56,6.21109,-30.27263,0.95861,0.00029,0.42757
10151.72,SYN.BTC-30AUG19,1566385141382,open,0.13,29.1,0.101,0.153,0.12750073,89.37,0.133,0.0,BTC-30AUG19-9000-C,10129.52,0.0,0.11,6.0,0.1425,6.0,123.03,4.08401,-20.56179,1.72129,0.00018,0.82478
10357.15,BTC-27DEC19,1566385141388,open,0.81,0.0,0.798,0.8175,0.80766159,115.48,None,0.0,BTC-27DEC19-2000-C,10129.52,0.0,0.014,3.0,0.9695,0.5,500.0,0.56099,-0.25331,6.87025,0.0,0.997
10357.15,BTC-27DEC19,1566385141388,open,0.86,0.1,0.846,0.8655,0.85555272,125.18,0.84,0.0,BTC-27DEC19-1500-C,10129.52,0.0,0.019,10.2,0.9745,0.5,500.0,0.28999,-0.14194,5.18876,0.0,0.99855
10134.21,SYN.BTC-23AUG19,1566385141388,open,0.48,0.0,0.4515,0.5105,0.48013445,0.0,None,0.0,BTC-23AUG19-15000-P,10129.52,0.0,0.0,0.0,0.0,0.0,0.0,0.0,0.0,-0.77083,0.0,-1.0
10357.15,BTC-27DEC19,1566385141391,open,0.19,427.1,0.134,0.234,0.18512166,87.99,0.18,0.0,BTC-27DEC19-10000-P,10129.52,86.6,0.182,13.9,0.188,9.9,89.28,23.17745,-7.97443,-20.19863,7e-05,-0.37153
10357.15,BTC-27DEC19,1566385141391,open,0.06,262.9,0.028,0.0845,0.05487143,88.0,0.0515,0.0,BTC-27DEC19-7000-P,10129.52,85.6,0.0515,13.9,0.0555,9.9,88.44,14.64702,-5.03966,-7.63813,4e-05,-0.15563
10151.72,SYN.BTC-30AUG19,1566385141391,open,0.08,49.4,0.0425,0.1045,0.07355648,86.52,0.069,0.0,BTC-30AUG19-10500-P,10129.52,83.15,0.0715,4.2,0.0755,4.6,89.69,6.21108,-30.27174,-1.59468,0.00029,-0.57243
10134.21,SYN.BTC-23AUG19,1566385141391,open,0.0,93.0,0.0005,0.0105,0.0,125.0,0.0005,0.0,BTC-23AUG19-16000-C,10129.52,0.0,0.0,0.0,0.001,21.0,280.41,1e-05,-4e-05,0.0,0.0,0.0
10134.21,SYN.BTC-23AUG19,1566385141391,open,0.38,0.0,0.3545,0.41,0.3814627,124.11,None,0.0,BTC-23AUG19-14000-P,10129.52,0.0,0.0,0.0,0.0,0.0,0.0,0.00465,-0.15383,-0.71936,0.0,-0.99983
10151.72,SYN.BTC-30AUG19,1566385141393,open,0.26,0.0,0.2465,0.281,0.26298746,105.09,None,0.0,BTC-30AUG19-7500-C,10129.52,0.0,0.0,0.0,0.0,0.0,0.0,0.98193,-5.81293,1.75312,4e-05,0.97316
10151.72,SYN.BTC-30AUG19,1566385141393,open,0.68,0.0,0.642,0.7105,0.67484846,122.22,None,0.0,BTC-30AUG19-17000-P,10129.52,0.0,0.0,0.0,0.0,0.0,0.0,0.20953,-1.44259,-4.12334,1e-05,-0.99547
10221.75,BTC-27SEP19,1566385141397,open,0.75,55.9,0.7455,0.765,0.75543437,126.18,0.689,0.0,BTC-27SEP19-2500-C,10129.52,0.0,0.0045,10.0,0.8535,5.0,500.0,0.01321,-0.0226,2.52456,0.0,0.9999
10221.75,BTC-27SEP19,1566385141397,open,0.51,789.2,0.5015,0.524,0.51203428,103.36,0.5015,0.0,BTC-27SEP19-5000-C,10129.52,0.0,0.5025,7.0,0.52,7.0,148.47,0.83724,-1.1734,4.93984,1e-05,0.99038
10357.15,BTC-27DEC19,1566385141400,open,1.35,0.0,1.2815,1.415,1.34455767,97.27,None,0.0,BTC-27DEC19-24000-P,10129.52,0.0,0.006,1.0,2.1115,0.2,500.0,12.30927,-4.68154,-80.6964,3e-05,-0.87936
10357.15,BTC-27DEC19,1566385141407,open,4.03,0.8,3.923,4.135,4.0242324,112.24,3.59,0.0,BTC-27DEC19-52000-P,10129.52,0.0,0.001,1.0,0.0,0.0,0.0,2.71542,-1.19169,-181.65415,1e-05,-0.98199
10151.72,SYN.BTC-30AUG19,1566385141407,open,0.0,27.6,0.0005,0.012,0.00219811,98.57,0.0055,0.0,BTC-30AUG19-13500-C,10129.52,100.83,0.0025,30.0,0.003,5.5,104.26,1.30072,-7.2223,0.08771,5e-05,0.03773
10134.21,SYN.BTC-23AUG19,1566385141409,open,0.34,0.0,0.306,0.36,0.33214013,124.86,None,0.0,BTC-23AUG19-13500-P,10129.52,0.0,0.0,0.0,0.0,0.0,0.0,0.01972,-0.65633,-0.69335,0.0,-0.99921
189.6,ETH-27SEP19,1566385141416,open,0.0,5128.0,0.001,0.011,0.001514,120.51,0.002,0.0,ETH-27SEP19-480-C,188.0,114.86,0.001,280.0,0.002,200.0,124.71,0.01985,-0.03243,0.00215,0.00045,0.01276
10357.15,BTC-27DEC19,1566385141417,open,0.76,0.0,0.7495,0.769,0.75939738,100.27,None,0.0,BTC-27DEC19-2500-C,10129.52,0.0,0.014,3.0,0.965,0.5,500.0,0.65318,-0.25608,8.60148,0.0,0.99645
10221.75,BTC-27SEP19,1566385141419,open,0.56,289.7,0.551,0.5705,0.56053548,110.78,0.588,0.0,BTC-27SEP19-4500-C,10129.52,0.0,0.5525,8.0,0.5675,8.0,161.41,0.56085,-0.84244,4.4753,0.0,0.9939
10151.72,SYN.BTC-30AUG19,1566385141419,open,0.0,434.4,0.0005,0.0145,0.00367048,97.09,0.0035,0.0,BTC-30AUG19-13000-C,10129.52,96.16,0.0035,55.6,0.004,3.4,98.83,1.87703,-10.2662,0.13818,8e-05,0.05964
10221.75,BTC-27SEP19,1566385141423,open,0.0,49.2,0.0005,0.0105,0.00012604,125.0,0.0015,0.0,BTC-27SEP19-3250-P,10129.52,0.0,0.0,0.0,0.001,27.0,156.68,0.11197,-0.18978,-0.01189,0.0,-0.00103
10221.75,BTC-27SEP19,1566385141423,open,0.66,261.1,0.648,0.6675,0.65783925,125.1,0.714,0.0,BTC-27SEP19-3500-C,10129.52,0.0,0.65,8.0,0.665,8.0,203.6,0.19674,-0.33373,3.51385,0.0,0.9981
10134.21,SYN.BTC-23AUG19,1566385141423,open,0.0,208.2,0.0005,0.0105,8.084e-05,124.72,0.0005,0.0,BTC-23AUG19-13000-C,10129.52,0.0,0.0,0.0,0.0005,13.5,153.2,0.06775,-0.81921,0.00155,1e-05,0.00306
10151.72,SYN.BTC-30AUG19,1566385141423,open,0.01,118.2,0.0005,0.018,0.00542914,92.91,0.005,0.0,BTC-30AUG19-12500-C,10129.52,93.19,0.0055,30.0,0.0065,4.0,97.08,2.49167,-13.04078,0.19965,0.00011,0.08631
10134.21,SYN.BTC-23AUG19,1566385141423,open,0.05,200.9,0.0205,0.0735,0.04719854,86.36,0.0525,0.0,BTC-23AUG19-10500-P,10129.52,77.28,0.045,0.1,0.0485,4.0,91.58,2.50257,-57.60924,-0.39227,0.00055,-0.70603
10357.01,BTC-27DEC19,1566385141426,open,0.41,63.0,0.383,0.443,0.41343702,88.02,0.4965,0.0,BTC-27DEC19-6500-C,10129.52,57.66,0.383,7.0,0.444,7.0,111.41,12.55626,-4.32123,16.78035,4e-05,0.87589
10151.72,SYN.BTC-30AUG19,1566385141436,open,0.0,1158.8,0.0005,0.0105,0.00068227,108.32,0.0005,0.0,BTC-30AUG19-7000-P,10129.52,103.91,0.0005,40.0,0.001,35.9,114.42,0.46401,-2.8315,-0.02922,2e-05,-0.01115
10134.21,SYN.BTC-23AUG19,1566385141436,open,0.0,197.0,0.0005,0.0105,7.81e-06,125.0,0.001,0.0,BTC-23AUG19-7500-P,10129.52,0.0,0.0,0.0,0.0005,21.7,187.31,0.00883,-0.07919,-0.00018,0.0,-0.00033
10151.72,SYN.BTC-30AUG19,1566385141436,open,0.0,1401.7,0.0005,0.013,0.00318337,96.23,0.0025,0.0,BTC-30AUG19-8000-P,10129.52,91.57,0.0025,5.3,0.004,40.0,101.15,1.58612,-8.59865,-0.1269,7e-05,-0.04822
10221.74,BTC-27SEP19,1566385142141,open,0.97,0.0,0.919,1.0065,0.96027896,104.39,0.691,0.0,BTC-27SEP19-20000-P,10129.49,0.0,0.0045,10.0,1.383,0.2,499.99,2.311,-3.27102,-19.91684,2e-05,-0.96835
10357.01,BTC-27DEC19,1566385142141,open,3.26,0.0,3.166,3.35,3.25351703,108.08,3.46,0.0,BTC-27DEC19-44000-P,10129.49,0.0,0.0,0.0,0.0,0.0,0.0,3.71582,-1.57031,-153.39225,1e-05,-0.97389
10221.74,BTC-27SEP19,1566385142142,open,0.31,45.0,0.2675,0.3525,0.30947216,91.8,0.237,0.0,BTC-27SEP19-13000-P,10129.49,87.29,0.305,11.3,0.3175,11.3,99.57,10.29952,-12.82044,-10.95287,0.00011,-0.75114
10221.74,BTC-27SEP19,1566385142142,open,0.23,91.6,0.188,0.272,0.23023756,90.74,0.1885,0.0,BTC-27SEP19-12000-P,10129.49,86.21,0.225,6.0,0.2365,11.9,96.08,11.90756,-14.65101,-9.19119,0.00012,-0.65978
10221.71,BTC-27SEP19,1566385142143,open,0.77,1.0,0.728,0.812,0.7675797,101.03,0.575,0.0,BTC-27SEP19-18000-P,10129.49,0.0,0.0045,0.3,1.2105,0.3,500.0,3.5945,-4.92384,-17.6896,3e-05,-0.94538
10221.71,BTC-27SEP19,1566385142144,open,2.14,0.0,2.0695,2.195,2.13099103,124.65,None,0.0,BTC-27SEP19-32000-P,10129.49,0.0,0.0,0.0,0.0,0.0,0.0,0.35508,-0.60014,-32.29575,0.0,-0.99634
10134.21,SYN.BTC-23AUG19,1566385142141,open,0.03,222.2,0.0075,0.055,0.03143013,85.32,0.0285,0.0,BTC-23AUG19-10000-C,10129.49,78.35,0.0295,3.4,0.032,3.1,87.37,2.81009,-63.91191,0.29514,0.00062,0.59815
10151.72,SYN.BTC-30AUG19,1566385142142,open,0.0,227.0,0.0005,0.011,0.00134932,100.39,0.0015,0.0,BTC-30AUG19-14000-C,10129.49,102.04,0.0015,30.0,0.002,5.1,106.85,0.89865,-5.08239,0.05628,4e-05,0.02415
10151.72,SYN.BTC-30AUG19,1566385142145,open,0.01,1194.3,0.0025,0.0325,0.01404873,89.37,0.0145,0.0,BTC-30AUG19-9000-P,10129.49,86.73,0.013,28.9,0.0155,24.2,92.93,4.08394,-20.56082,-0.46722,0.00018,-0.17522
188.08,SYN.ETH-23AUG19,1566385142229,open,0.02,408.0,0.001,0.046,0.020099,86.61,0.016,0.0,ETH-23AUG19-190-C,188.0,79.11,0.018,200.0,0.021,1.0,89.7,0.05332,-1.23094,0.00413,0.03387,0.44732
188.39,SYN.ETH-30AUG19,1566385142439,open,0.01,902.0,0.001,0.028,0.010693,91.15,0.013,0.0,ETH-30AUG19-220-C,188.0,86.39,0.009,200.0,0.012,200.0,94.59,0.06963,-0.35753,0.00655,0.00885,0.15376
188.08,SYN.ETH-23AUG19,1566385142478,open,0.08,300.0,0.035,0.104,0.068991,87.35,0.063,0.0,ETH-23AUG19-200-P,188.0,82.01,0.068,50.0,0.074,250.0,112.27,0.03426,-0.79769,-0.00868,0.02157,-0.82892
188.08,SYN.ETH-23AUG19,1566385142482,open,0.04,429.0,0.004,0.061,0.0303,86.42,0.028,0.0,ETH-23AUG19-190-P,188.0,81.94,0.029,150.0,0.033,200.0,96.04,0.05332,-1.22818,-0.00564,0.03394,-0.55285
188.39,SYN.ETH-30AUG19,1566385142493,open,0.08,939.0,0.045,0.111,0.079671,89.83,0.124,0.0,ETH-30AUG19-180-C,188.0,81.61,0.075,287.0,0.082,150.0,93.81,0.1084,-0.5485,0.02629,0.01398,0.65361
188.39,SYN.ETH-30AUG19,1566385142495,open,0.1,1157.0,0.054,0.13,0.092506,87.97,0.101,0.0,ETH-30AUG19-200-P,188.0,83.71,0.09,150.0,0.098,350.0,97.4,0.10954,-0.54288,-0.03371,0.01443,-0.64339
188.39,SYN.ETH-30AUG19,1566385142501,open,0.07,21.0,0.026,0.093,0.059279,87.87,0.031,0.0,ETH-30AUG19-190-P,188.0,84.26,0.057,150.0,0.062,200.0,92.29,0.11719,-0.58013,-0.02551,0.01545,-0.49752
188.39,SYN.ETH-30AUG19,1566385142505,open,0.11,400.0,0.081,0.146,0.115512,89.85,0.12,0.0,ETH-30AUG19-170-C,188.0,79.4,0.111,50.0,0.118,50.0,95.21,0.0849,-0.42973,0.03085,0.01095,0.789
188.39,SYN.ETH-30AUG19,1566385142510,open,0.11,400.0,0.081,0.146,0.115512,89.85,0.12,0.0,ETH-30AUG19-170-C,188.0,79.4,0.111,169.0,0.118,50.0,95.21,0.0849,-0.42973,0.03085,0.01095,0.789
191.64,ETH-27DEC19,1566385142509,open,0.13,1885.0,0.082,0.172,0.128451,93.89,0.121,0.0,ETH-27DEC19-160-P,188.0,90.1,0.121,40.0,0.128,140.0,93.66,0.3774,-0.13854,-0.2698,0.00312,-0.2734
193.68,SYN.ETH-27MAR20,1566385142535,open,0.0,0.146,0.261,0.207905,92.82,None,0.0,ETH-27MAR20-240-C,188.0,86.69,0.189,120.0,0.234,120.0,101.3,0.59723,-0.12663,0.36751,0.00286,0.52434
10134.21,SYN.BTC-23AUG19,1566385142614,open,0.01,375.9,0.0005,0.0305,0.01110424,86.36,0.01,0.0,BTC-23AUG19-10500-C,10129.49,79.77,0.0095,11.8,0.012,4.4,89.96,2.50258,-57.61019,0.14731,0.00055,0.29397
10357.01,BTC-27DEC19,1566385142758,open,0.06,262.9,0.028,0.0845,0.05488188,88.0,0.0515,0.0,BTC-27DEC19-7000-P,10129.49,85.59,0.0515,13.9,0.0555,5.0,88.44,14.64748,-5.04001,-7.63869,4e-05,-0.15564
10357.01,BTC-27DEC19,1566385142759,open,0.09,421.9,0.0535,0.127,0.08959866,88.0,0.086,0.0,BTC-27DEC19-8000-P,10129.49,85.69,0.0855,21.6,0.09,9.9,88.23,18.37485,-6.32252,-11.40674,6e-05,-0.22477
10357.01,BTC-27DEC19,1566385142761,open,0.09,421.9,0.0535,0.127,0.08959866,88.0,0.086,0.0,BTC-27DEC19-8000-P,10129.49,85.69,0.0855,21.6,0.09,5.0,88.23,18.37485,-6.32252,-11.40674,6e-05,-0.22477
10151.72,SYN.BTC-30AUG19,1566385142762,open,0.02,657.1,0.006,0.048,0.02472667,88.12,0.0255,0.0,BTC-30AUG19-11000-C,10129.49,85.85,0.0235,0.1,0.026,1.1,90.44,5.53014,-27.4512,0.68733,0.00025,0.30316
10357.01,BTC-27DEC19,1566385142839,open,0.31,97.1,0.2535,0.369,0.31250138,89.19,0.27,0.0,BTC-27DEC19-12000-P,10129.49,86.87,0.307,6.0,0.3165,3.6,90.89,24.45364,-8.52819,-29.6976,7e-05,-0.50596
10357.01,BTC-27DEC19,1566385142858,open,0.1,429.2,0.052,0.1395,0.0951229,92.13,0.1,0.0,BTC-27DEC19-15000-C,10129.49,91.62,0.094,3.0,0.0975,0.1,93.22,22.51691,-8.11174,8.96458,7e-05,0.34219
10357.01,BTC-27DEC19,1566385142865,open,0.04,248.9,0.012,0.067,0.03523741,96.4,0.0345,0.0,BTC-27DEC19-22000-C,10129.49,95.49,0.034,3.9,0.0365,14.0,97.3,14.31304,-5.39483,4.17539,4e-05,0.15031
10357.01,BTC-27DEC19,1566385142867,open,0.06,407.0,0.026,0.0985,0.0596947,93.62,0.0585,0.0,BTC-27DEC19-18000-C,10129.49,92.96,0.0585,3.8,0.0615,4.0,94.61,18.86763,-6.90676,6.3848,5e-05,0.23566
10357.01,BTC-27DEC19,1566385142880,open,0.27,165.3,0.2175,0.3065,0.2642966,88.01,0.2785,0.0,BTC-27DEC19-9000-C,10129.49,86.15,0.2605,14.9,0.2655,5.0,88.59,21.25113,-7.31264,15.88065,6e-05,0.70196
10357.01,BTC-27DEC19,1566385142896,open,0.03,271.6,0.0125,0.051,0.02946886,88.0,0.025,0.0,BTC-27DEC19-6000-P,10129.49,86.53,0.028,10.0,0.031,11.0,89.52,10.38978,-3.575,-4.52917,3e-05,-0.09535
10357.01,BTC-27DEC19,1566385142898,open,0.02,145.8,0.0045,0.041,0.01777101,99.67,0.024,0.0,BTC-27DEC19-28000-C,10129.49,98.8,0.017,10.0,0.0195,4.0,101.55,9.2963,-3.62284,2.33528,2e-05,0.08213
10357.01,BTC-27DEC19,1566385142906,open,0.13,267.1,0.0825,0.1775,0.1310384,90.5,0.1505,0.0,BTC-27DEC19-13000-C,10129.49,89.2,0.128,16.7,0.133,5.0,91.34,24.15896,-8.54932,11.13242,7e-05,0.43785
10357.01,BTC-27DEC19,1566385142912,open,0.18,597.4,0.1325,0.2285,0.18270852,88.22,0.186,0.0,BTC-27DEC19-11000-C,10129.49,87.7,0.1815,16.3,0.187,5.0,90.06,24.19797,-8.34727,13.61523,7e-05,0.55794
10357.01,BTC-27DEC19,1566385142933,open,0.22,503.2,0.17,0.2645,0.21961957,88.01,0.227,0.0,BTC-27DEC19-10000-C,10129.49,87.06,0.2175,16.1,0.2225,5.0,89.29,23.17715,-7.97536,14.83487,7e-05,0.62847
10357.01,BTC-27DEC19,1566385142942,open,0.25,219.6,0.189,0.298,0.24479111,88.22,0.24,0.0,BTC-27DEC19-11000-P,10129.49,86.6,0.241,15.1,0.249,3.6,90.02,24.19806,-8.34673,-24.9225,7e-05,-0.44207
10357.01,BTC-27DEC19,1566385142951,open,0.14,533.4,0.089,0.177,0.13327327,88.0,0.1285,0.0,BTC-27DEC19-9000-P,10129.49,85.92,0.129,16.0,0.1345,5.0,88.6,21.25112,-7.31216,-15.64991,6e-05,-0.29804
10357.01,BTC-27DEC19,1566385142972,open,0.02,118.1,0.0075,0.038,0.02055496,88.47,0.0175,0.0,BTC-27DEC19-5500-P,10129.49,87.14,0.0195,10.0,0.022,11.0,90.25,8.29581,-2.86974,-3.31171,2e-05,-0.07072
10134.21,SYN.BTC-23AUG19,1566385142988,open,0.24,33.7,0.2095,0.2605,0.2336734,119.8,0.172,0.0,BTC-23AUG19-12500-P,10129.49,0.0,0.214,5.0,0.249,5.0,272.14,0.16262,-5.19324,-0.63821,3e-05,-0.99181
10151.72,SYN.BTC-30AUG19,1566385143085,open,0.0,1401.7,0.0005,0.013,0.00318346,96.23,0.0025,0.0,BTC-30AUG19-8000-P,10129.49,91.57,0.0025,5.4,0.004,40.0,101.15,1.58612,-8.59865,-0.1269,7e-05,-0.04822
189.6,ETH-27SEP19,1566385143170,open,0.81,296.0,0.743,0.861,0.799351,101.96,0.848,0.0,ETH-27SEP19-340-P,187.99,0.0,0.773,18.0,0.831,18.0,155.47,0.06265,-0.08661,-0.335,0.00169,-0.9495
191.64,ETH-27DEC19,1566385143170,open,0.02,2140.0,0.004,0.037,0.016588,103.81,0.016,0.0,ETH-27DEC19-560-C,187.99,100.58,0.014,200.0,0.018,160.0,105.45,0.16093,-0.06532,0.03936,0.0012,0.07522
191.64,ETH-27DEC19,1566385143170,open,0.01,1965.0,0.001,0.021,0.007974,107.26,0.007,0.0,ETH-27DEC19-720-C,187.99,102.91,0.006,200.0,0.009,160.0,109.26,0.09492,-0.03981,0.02055,0.00069,0.03858
191.64,ETH-27DEC19,1566385143170,open,0.1,525.0,0.057,0.147,0.102914,96.69,0.1,0.0,ETH-27DEC19-280-C,187.99,94.91,0.099,10.0,0.106,320.0,98.09,0.42159,-0.15939,0.16813,0.00339,0.35333
189.6,ETH-27SEP19,1566385143170,open,0.0,6399.0,0.001,0.011,0.001009,123.23,0.001,0.0,ETH-27SEP19-520-C,187.99,0.0,0.0,0.0,0.002,700.0,133.44,0.01416,-0.02366,0.00147,0.00032,0.00866
191.64,ETH-27DEC19,1566385143170,open,0.02,1830.0,0.005,0.042,0.020072,102.41,0.023,0.0,ETH-27DEC19-520-C,187.99,100.18,0.018,200.0,0.022,160.0,104.38,0.18349,-0.07348,0.04664,0.00139,0.08953
189.59,ETH-27SEP19,1566385143170,open,0.0,2951.0,0.001,0.014,0.004542,104.2,0.006,0.0,ETH-27SEP19-360-C,187.99,97.61,0.003,310.0,0.006,500.0,109.25,0.05015,-0.07086,0.00647,0.00133,0.03832
189.59,ETH-27SEP19,1566385143170,open,0.0,3439.0,0.001,0.011,0.000212,130.0,0.001,0.0,ETH-27SEP19-680-C,187.99,0.0,0.0,0.0,0.001,200.0,149.98,0.00375,-0.00662,0.00034,8e-05,0.00196
191.64,ETH-27DEC19,1566385143170,open,0.01,1932.0,0.001,0.023,0.008774,105.25,0.01,0.0,ETH-27DEC19-680-C,187.99,101.7,0.007,200.0,0.01,110.0,107.44,0.10282,-0.04231,0.0227,0.00076,0.04258
189.59,ETH-27SEP19,1566385143170,open,0.01,3837.0,0.003,0.029,0.012607,98.95,0.01,0.0,ETH-27SEP19-300-C,187.99,95.89,0.011,310.0,0.014,508.0,101.45,0.10302,-0.13822,0.01607,0.00287,0.09648
189.59,ETH-27SEP19,1566385143170,open,0.02,2421.0,0.005,0.037,0.018002,96.67,0.025,0.0,ETH-27SEP19-280-C,187.99,93.65,0.016,310.0,0.019,2.0,98.11,0.12905,-0.16915,0.0219,0.00368,0.13233
191.64,ETH-27DEC19,1566385143170,open,0.01,2471.0,0.003,0.032,0.013532,104.64,0.013,0.0,ETH-27DEC19-600-C,187.99,100.95,0.011,200.0,0.015,160.0,106.59,0.13974,-0.05717,0.03297,0.00104,0.06263
191.63,ETH-27DEC19,1566385143170,open,0.03,680.0,0.01,0.059,0.031145,99.66,0.044,0.0,ETH-27DEC19-440-C,187.99,97.94,0.029,310.0,0.033,10.0,101.1,0.24324,-0.09478,0.06811,0.0019,0.13259
189.59,ETH-27SEP19,1566385143171,open,0.01,1938.0,0.001,0.017,0.006102,101.97,0.007,0.0,ETH-27SEP19-340-C,187.99,98.44,0.005,310.0,0.007,200.0,104.58,0.06264,-0.08661,0.0085,0.00169,0.0505
189.59,ETH-27SEP19,1566385143171,open,0.09,5941.0,0.053,0.126,0.089825,92.04,0.088,0.0,ETH-27SEP19-180-P,187.99,89.69,0.087,160.0,0.093,474.0,94.67,0.22814,-0.2847,-0.08867,0.00683,-0.37308
189.59,ETH-27SEP19,1566385143171,open,0.0,7916.0,0.001,0.011,8.2e-05,130.0,0.001,0.0,ETH-27SEP19-760-C,187.99,0.0,0.0,0.0,0.001,200.0,160.81,0.00167,-0.00294,0.00014,4e-05,0.00081
189.59,ETH-27SEP19,1566385143171,open,0.0,839.0,0.001,0.011,0.000183,129.99,0.001,0.0,ETH-27SEP19-60-P,187.99,0.0,0.0,0.0,0.001,200.0,157.29,0.00274,-0.00483,-0.0003,6e-05,-0.00139
191.63,ETH-27DEC19,1566385143171,open,0.2,708.0,0.148,0.249,0.202483,93.9,0.211,0.0,ETH-27DEC19-200-C,187.99,90.67,0.195,196.0,0.208,200.0,96.28,0.44346,-0.16281,0.25321,0.00367,0.57963
189.59,ETH-27SEP19,1566385143171,open,0.0,1897.0,0.001,0.013,0.003533,106.76,0.004,0.0,ETH-27SEP19-380-C,187.99,98.36,0.002,310.0,0.005,500.0,112.8,0.04112,-0.05952,0.00509,0.00106,0.0301
191.63,ETH-27DEC19,1566385143171,open,0.05,5328.0,0.023,0.075,0.047904,93.88,0.045,0.0,ETH-27DEC19-120-P,187.99,89.12,0.042,200.0,0.046,190.0,92.36,0.24162,-0.08869,-0.12032,0.002,-0.13132
189.59,ETH-27SEP19,1566385143171,open,0.0,2698.0,0.001,0.011,0.000131,130.0,0.001,0.0,ETH-27SEP19-720-C,187.99,0.0,0.0,0.0,0.001,421.0,155.57,0.00249,-0.0044,0.00021,5e-05,0.00125
189.59,ETH-27SEP19,1566385143172,open,0.01,9106.0,0.001,0.016,0.006439,94.0,0.007,0.0,ETH-27SEP19-120-P,187.99,89.04,0.005,540.0,0.008,341.0,98.77,0.0586,-0.07469,-0.01013,0.00172,-0.04646
188.39,SYN.ETH-30AUG19,1566385143171,open,0.01,330.0,0.001,0.019,0.006073,92.6,0.009,0.0,ETH-30AUG19-230-C,187.99,83.95,0.004,450.0,0.008,750.0,99.44,0.04969,-0.25921,0.00408,0.00622,0.0951
188.08,SYN.ETH-23AUG19,1566385143171,open,0.0,125.0,0.001,0.011,7e-06,130.0,0.002,0.0,ETH-23AUG19-260-C,187.99,0.0,0.0,0.0,0.001,200.0,210.26,0.00015,-0.00133,0.0,6e-05,0.0003
189.59,ETH-27SEP19,1566385143172,open,0.16,3081.0,0.104,0.192,0.149033,92.13,0.148,0.0,ETH-27SEP19-200-P,187.99,89.74,0.146,120.0,0.152,200.0,94.47,0.24025,-0.30013,-0.12708,0.00718,-0.5144
189.59,ETH-27SEP19,1566385143172,open,0.06,1427.0,0.03,0.093,0.062021,92.75,0.079,0.0,ETH-27SEP19-220-C,187.99,89.36,0.058,497.0,0.066,697.0,96.08,0.22555,-0.28366,0.05717,0.0067,0.36047
191.63,ETH-27DEC19,1566385143172,open,0.01,1929.0,0.002,0.027,0.011021,105.22,0.01,0.0,ETH-27DEC19-640-C,187.99,101.82,0.009,200.0,0.012,110.0,106.73,0.12087,-0.04973,0.02758,0.00089,0.0521
191.63,ETH-27DEC19,1566385143172,open,1.15,16.0,1.046,1.216,1.129021,99.39,1.195,0.0,ETH-27DEC19-400-P,187.99,53.93,1.089,126.0,1.171,126.0,123.7,0.28631,-0.11127,-1.31566,0.00224,-0.83066
189.59,ETH-27SEP19,1566385143172,open,0.0,3419.0,0.001,0.011,0.000346,130.0,0.001,0.0,ETH-27SEP19-640-C,187.99,0.0,0.0,0.0,0.001,637.0,144.01,0.00567,-0.00999,0.00053,0.00012,0.00309
191.63,ETH-27DEC19,1566385143172,open,0.14,1850.0,0.092,0.19,0.143853,95.69,0.14,0.0,ETH-27DEC19-240-C,187.99,92.76,0.137,221.0,0.146,320.0,96.6,0.44956,-0.1682,0.20858,0.00365,0.45454
191.63,ETH-27DEC19,1566385143172,open,0.76,101.0,0.666,0.822,0.744183,97.36,0.513,0.0,ETH-27DEC19-320-P,187.99,80.28,0.713,130.0,0.777,130.0,113.22,0.37759,-0.14374,-0.98722,0.00301,-0.72629
188.08,SYN.ETH-23AUG19,1566385143170,open,0.18,5.0,0.136,0.207,0.170215,103.74,0.098,0.0,ETH-23AUG19-220-P,187.99,0.0,0.166,200.0,0.175,200.0,163.28,0.00631,-0.17439,-0.01112,0.00334,-0.9808
188.08,SYN.ETH-23AUG19,1566385143170,open,0.0,137.0,0.001,0.011,3.4e-05,130.0,0.001,0.0,ETH-23AUG19-250-C,187.99,0.0,0.0,0.0,0.001,300.0,188.8,0.00058,-0.00637,1e-05,0.00025,0.00132
188.39,SYN.ETH-30AUG19,1566385143170,open,0.0,105.0,0.001,0.013,0.003366,93.95,0.002,0.0,ETH-30AUG19-150-P,187.99,91.66,0.003,200.0,0.004,100.0,97.61,0.03112,-0.16467,-0.00252,0.00384,-0.0517
188.39,SYN.ETH-30AUG19,1566385143172,open,0.0,4133.0,0.001,0.011,7e-06,130.0,0.002,0.0,ETH-30AUG19-400-C,187.99,0.0,0.0,0.0,0.001,200.0,196.26,0.00017,-0.00126,1e-05,2e-05,0.00015
188.39,SYN.ETH-30AUG19,1566385143170,open,0.14,0.0,0.093,0.172,0.132698,88.64,None,0.0,ETH-30AUG19-210-P,187.99,78.48,0.128,200.0,0.14,279.0,103.17,0.09065,-0.45266,-0.04104,0.01185,-0.76322
188.08,SYN.ETH-23AUG19,1566385143170,open,0.0,243.0,0.001,0.011,0.000208,130.0,0.002,0.0,ETH-23AUG19-150-P,187.99,0.0,0.0,0.0,0.001,450.0,161.75,0.00252,-0.03913,-7e-05,0.00107,-0.00668
188.39,SYN.ETH-30AUG19,1566385143171,open,0.03,543.0,0.008,0.057,0.030851,88.04,0.049,0.0,ETH-30AUG19-200-C,187.99,83.11,0.028,415.0,0.033,200.0,91.72,0.10956,-0.54336,0.01493,0.01442,0.35676
188.39,SYN.ETH-30AUG19,1566385143172,open,0.0,1064.0,0.001,0.014,0.003544,94.84,0.004,0.0,ETH-30AUG19-240-C,187.99,85.06,0.002,468.0,0.005,750.0,102.06,0.03453,-0.1845,0.00254,0.00422,0.05899
188.08,SYN.ETH-23AUG19,1566385143170,open,0.01,485.0,0.001,0.031,0.009687,91.68,0.009,0.0,ETH-23AUG19-180-P,187.99,83.98,0.008,400.0,0.012,450.0,101.79,0.04207,-1.02806,-0.00243,0.02524,-0.24161
188.39,SYN.ETH-30AUG19,1566385143170,open,0.0,1181.0,0.001,0.011,0.000611,107.37,0.002,0.0,ETH-30AUG19-280-C,187.99,0.0,0.0,0.0,0.001,203.0,114.46,0.00865,-0.0523,0.00049,0.00093,0.01121
188.08,SYN.ETH-23AUG19,1566385143171,open,0.0,392.0,0.001,0.011,0.000964,120.89,0.001,0.0,ETH-23AUG19-160-P,187.99,0.0,0.0,0.0,0.002,950.0,138.69,0.00869,-0.1814,-0.00028,0.00396,-0.02812
188.08,SYN.ETH-23AUG19,1566385143171,open,0.0,1021.0,0.001,0.011,0.000506,128.0,0.001,0.0,ETH-23AUG19-230-C,187.99,0.0,0.0,0.0,0.001,200.0,141.63,0.00537,-0.09512,0.00015,0.00231,0.0159
188.08,SYN.ETH-23AUG19,1566385143171,open,0.0,23.0,0.001,0.011,0.0,130.0,0.002,0.0,ETH-23AUG19-280-C,187.99,0.0,0.0,0.0,0.001,200.0,249.83,1e-05,-4e-05,0.0,0.0,1e-05
188.39,SYN.ETH-30AUG19,1566385143173,open,0.0,2280.0,0.001,0.011,0.000369,130.0,0.003,0.0,ETH-30AUG19-320-C,187.99,0.0,0.0,0.0,0.001,200.0,146.04,0.00499,-0.03657,0.00026,0.00045,0.006
188.39,SYN.ETH-30AUG19,1566385143170,open,0.0,3916.0,0.001,0.011,5.3e-05,130.0,0.001,0.0,ETH-30AUG19-360-C,187.99,0.0,0.0,0.0,0.001,200.0,172.89,0.00098,-0.00718,4e-05,9e-05,0.00099
188.08,SYN.ETH-23AUG19,1566385143172,open,0.0,10.0,0.001,0.011,1.7e-05,130.0,0.001,0.0,ETH-23AUG19-140-P,187.99,0.0,0.0,0.0,0.001,300.0,203.49,0.00031,-0.00315,-1e-05,0.00013,-0.00065
188.08,SYN.ETH-23AUG19,1566385143170,open,0.0,107.0,0.001,0.011,0.000146,130.0,0.001,0.0,ETH-23AUG19-240-C,187.99,0.0,0.0,0.0,0.001,203.0,166.0,0.00198,-0.02754,5e-05,0.00084,0.0051
188.39,SYN.ETH-30AUG19,1566385143172,open,0.0,3.0,0.001,0.011,0.000982,113.91,0.002,0.0,ETH-30AUG19-130-P,187.99,0.0,0.0,0.0,0.002,450.0,127.64,0.01095,-0.0703,-0.00072,0.00111,-0.01473
188.39,SYN.ETH-30AUG19,1566385143171,open,0.05,2.0,0.02,0.08,0.050706,87.92,0.072,0.0,ETH-30AUG19-190-C,187.99,81.96,0.047,318.0,0.053,200.0,91.61,0.11719,-0.58043,0.0207,0.01545,0.50251
188.08,SYN.ETH-23AUG19,1566385143170,open,0.01,610.0,0.001,0.023,0.005621,87.61,0.005,0.0,ETH-23AUG19-200-C,187.99,78.22,0.004,200.0,0.007,400.0,94.89,0.03436,-0.80236,0.00161,0.02157,0.17185
188.08,SYN.ETH-23AUG19,1566385143171,open,0.13,279.0,0.085,0.153,0.11761,87.81,0.105,0.0,ETH-23AUG19-210-P,187.99,0.0,0.114,200.0,0.123,200.0,134.84,0.01226,-0.28695,-0.01039,0.00768,-0.95726
188.08,SYN.ETH-23AUG19,1566385143171,open,0.0,0.0,0.001,0.011,1e-06,130.0,None,0.0,ETH-23AUG19-270-C,187.99,0.0,0.0,0.0,0.001,200.0,230.56,3e-05,-0.00025,0.0,1e-05,6e-05
188.39,SYN.ETH-30AUG19,1566385143171,open,0.0,4065.0,0.001,0.011,0.000141,130.0,0.001,0.0,ETH-30AUG19-340-C,187.99,0.0,0.0,0.0,0.001,200.0,159.97,0.00225,-0.0165,0.00011,0.0002,0.00247
188.39,SYN.ETH-30AUG19,1566385143171,open,0.0,970.0,0.001,0.011,0.001473,100.04,0.001,0.0,ETH-30AUG19-140-P,187.99,0.0,0.0,0.0,0.003,750.0,113.95,0.01648,-0.09288,-0.00116,0.00191,-0.02381
188.39,SYN.ETH-30AUG19,1566385143172,open,0.0,10.0,0.001,0.012,0.002531,100.47,0.004,0.0,ETH-30AUG19-250-C,187.99,86.38,0.001,450.0,0.004,1150.0,109.62,0.02634,-0.14909,0.00181,0.00304,0.04201
188.08,SYN.ETH-23AUG19,1566385143171,open,0.0,3.0,0.001,0.011,0.0,130.0,0.002,0.0,ETH-23AUG19-290-C,187.99,0.0,0.0,0.0,0.001,200.0,268.17,0.0,-1e-05,0.0,0.0,0.0
188.39,SYN.ETH-30AUG19,1566385143172,open,0.0,873.0,0.001,0.011,0.000506,120.4,0.003,0.0,ETH-30AUG19-300-C,187.99,0.0,0.0,0.0,0.001,200.0,130.95,0.00683,-0.04631,0.00037,0.00066,0.00855
188.39,SYN.ETH-30AUG19,1566385143172,open,0.19,599.0,0.138,0.22,0.178514,91.13,0.18,0.0,ETH-30AUG19-220-P,187.99,77.61,0.174,200.0,0.185,200.0,107.17,0.06961,-0.35735,-0.04695,0.00885,-0.8463
188.39,SYN.ETH-30AUG19,1566385143172,open,0.02,782.0,0.003,0.039,0.017961,88.64,0.022,0.0,ETH-30AUG19-210-C,187.99,84.5,0.016,200.0,0.021,400.0,94.83,0.09065,-0.45266,0.01002,0.01185,0.23678
10151.72,SYN.BTC-30AUG19,1566385143195,open,0.03,104.5,0.0075,0.0505,0.02671869,87.65,0.0275,0.0,BTC-30AUG19-9500-P,10129.49,90.04,0.028,1.0,0.0285,4.0,90.97,5.41759,-26.74916,-0.78149,0.00025,-0.28986
10134.21,SYN.BTC-23AUG19,1566385143204,open,0.0,391.9,0.0005,0.016,0.00315905,89.27,0.004,0.0,BTC-23AUG19-11000-C,10129.49,83.98,0.0025,0.5,0.004,4.2,95.36,1.32856,-31.61566,0.05347,0.00028,0.10583
10151.72,SYN.BTC-30AUG19,1566385143213,open,0.09,9.6,0.0615,0.118,0.09091659,87.65,0.141,0.0,BTC-30AUG19-9500-C,10129.49,85.93,0.09,6.0,0.0925,3.7,90.6,5.4176,-26.74947,1.52861,0.00025,0.71014
10151.72,SYN.BTC-30AUG19,1566385143218,open,0.06,404.0,0.032,0.0885,0.06118558,86.52,0.062,0.0,BTC-30AUG19-10000-C,10129.49,84.58,0.06,18.0,0.0635,4.0,90.3,6.21501,-30.2916,1.25866,0.00029,0.57106
10151.72,SYN.BTC-30AUG19,1566385143223,open,0.01,1194.3,0.0025,0.0325,0.01404888,89.37,0.0145,0.0,BTC-30AUG19-9000-P,10129.49,86.73,0.013,29.0,0.0155,24.2,92.93,4.08394,-20.56082,-0.46722,0.00018,-0.17522
10134.21,SYN.BTC-23AUG19,1566385143225,open,0.03,222.2,0.0075,0.055,0.03143002,85.32,0.0285,0.0,BTC-23AUG19-10000-C,10129.49,78.35,0.0295,3.2,0.032,3.1,87.37,2.81009,-63.91191,0.29514,0.00062,0.59815
10134.21,SYN.BTC-23AUG19,1566385143228,open,0.03,222.2,0.0075,0.055,0.03143002,85.32,0.0285,0.0,BTC-23AUG19-10000-C,10129.49,78.35,0.0295,3.2,0.032,3.3,87.37,2.81009,-63.91191,0.29514,0.00062,0.59815
10151.72,SYN.BTC-30AUG19,1566385143241,open,0.05,1072.3,0.0195,0.074,0.04624042,86.52,0.0475,0.0,BTC-30AUG19-10000-P,10129.49,83.68,0.0445,22.5,0.0475,1.0,88.58,6.21501,-30.29132,-1.17303,0.00029,-0.42894
10134.21,SYN.BTC-23AUG19,1566385143247,open,0.02,494.8,0.0015,0.0405,0.01818664,85.32,0.0175,0.0,BTC-23AUG19-10000-P,10129.49,79.23,0.0165,3.8,0.019,3.5,88.25,2.81008,-63.91159,-0.21875,0.00062,-0.40185
10134.21,SYN.BTC-23AUG19,1566385143257,open,0.02,494.8,0.0015,0.0405,0.01818664,85.32,0.0175,0.0,BTC-23AUG19-10000-P,10129.49,79.23,0.0165,3.8,0.019,3.4,88.25,2.81008,-63.91159,-0.21875,0.00062,-0.40185
10151.72,SYN.BTC-30AUG19,1566385143278,open,0.08,49.4,0.0425,0.1045,0.07355789,86.52,0.069,0.0,BTC-30AUG19-10500-P,10129.49,83.15,0.0715,4.2,0.0755,4.5,89.69,6.21108,-30.27213,-1.59468,0.00029,-0.57243
10357.01,BTC-27DEC19,1566385143351,open,0.19,427.1,0.134,0.234,0.1851492,88.0,0.18,0.0,BTC-27DEC19-10000-P,10129.49,86.6,0.182,13.9,0.188,5.0,89.28,23.17724,-7.97486,-20.19927,7e-05,-0.37154
10151.72,SYN.BTC-30AUG19,1566385143352,open,0.09,9.6,0.0615,0.118,0.09091659,87.65,0.141,0.0,BTC-30AUG19-9500-C,10129.49,84.98,0.0895,6.0,0.0925,3.7,90.6,5.4176,-26.74947,1.52861,0.00025,0.71014
188.39,SYN.ETH-30AUG19,1566385143515,open,0.07,21.0,0.026,0.093,0.059279,87.92,0.031,0.0,ETH-30AUG19-190-P,187.99,82.65,0.056,350.0,0.062,200.0,92.29,0.11719,-0.58043,-0.02551,0.01545,-0.49749
10357.01,BTC-27DEC19,1566385143669,open,0.0,160.4,0.0005,0.013,0.00308778,94.22,0.002,0.0,BTC-27DEC19-3500-P,10129.49,88.01,0.002,22.8,0.004,10.0,98.45,2.06124,-0.75936,-0.58616,1e-05,-0.01307
10357.01,BTC-27DEC19,1566385143672,open,0.0,160.4,0.0005,0.013,0.00308778,94.22,0.002,0.0,BTC-27DEC19-3500-P,10129.49,88.01,0.002,32.8,0.004,10.0,98.45,2.06124,-0.75936,-0.58616,1e-05,-0.01307
10221.71,BTC-27SEP19,1566385143856,open,0.0,761.0,0.0005,0.0105,0.00041162,125.0,0.0005,0.0,BTC-27SEP19-32000-C,10129.49,0.0,0.0,0.0,0.001,24.2,136.5,0.36334,-0.61582,0.03448,0.0,0.00375
10151.72,SYN.BTC-30AUG19,1566385143892,open,0.0,702.2,0.0005,0.0105,0.00015932,125.0,0.0005,0.0,BTC-30AUG19-6000-P,10129.49,0.0,0.0,0.0,0.0005,54.5,142.11,0.12694,-0.8939,-0.00679,0.0,-0.00259
10357.01,BTC-27DEC19,1566385143896,open,0.01,349.0,0.0005,0.02,0.00637486,105.47,0.009,0.0,BTC-27DEC19-40000-C,10129.49,101.97,0.005,33.5,0.008,16.0,109.02,4.39852,-1.81388,0.92933,1e-05,0.03199
10134.21,SYN.BTC-23AUG19,1566385143904,open,0.01,376.8,0.0005,0.02,0.00511649,89.58,0.0045,0.0,BTC-23AUG19-9500-P,10129.49,85.8,0.0045,12.2,0.0065,28.6,97.54,1.69031,-40.36412,-0.08054,0.00036,-0.14953
10134.21,SYN.BTC-23AUG19,1566385143915,open,0.0,303.4,0.0005,0.0105,0.00097865,96.47,0.0015,0.0,BTC-23AUG19-11500-C,10129.49,96.84,0.001,3.0,0.0015,7.0,104.46,0.58007,-9.91694,0.01846,0.00011,0.03643
10151.72,SYN.BTC-30AUG19,1566385143925,open,0.0,27.6,0.0005,0.012,0.00219836,98.57,0.0055,0.0,BTC-30AUG19-13500-C,10129.49,100.83,0.0025,30.0,0.003,5.6,104.26,1.30075,-7.22257,0.08771,5e-05,0.03773
10356.58,BTC-27DEC19,1566385144121,open,1.53,0.0,1.4685,1.6045,1.53219783,98.35,None,0.0,BTC-27DEC19-26000-P,10129.49,0.0,0.0045,10.0,2.297,0.2,499.85,10.63921,-4.09123,-88.30387,3e-05,-0.90151
10221.68,BTC-27SEP19,1566385144131,open,0.0,1660.1,0.0005,0.0105,2e-08,125.0,0.0005,0.0,BTC-27SEP19-1500-P,10129.49,0.0,0.0,0.0,0.0005,109.1,238.66,4e-05,-7e-05,0.0,0.0,0.0
10134.18,SYN.BTC-23AUG19,1566385144153,open,0.0,108.5,0.0005,0.0105,1.912e-05,125.0,0.001,0.0,BTC-23AUG19-13500-C,10129.49,0.0,0.0,0.0,0.0005,12.0,172.8,0.01995,-0.19373,0.00041,0.0,0.0008
10356.58,BTC-27DEC19,1566385144176,open,0.01,163.7,0.002,0.031,0.01197644,101.55,0.0175,0.0,BTC-27DEC19-32000-C,10129.49,100.08,0.011,19.2,0.0135,4.0,103.71,7.06034,-2.80341,1.65099,2e-05,0.05748
10221.68,BTC-27SEP19,1566385144176,open,0.08,597.4,0.049,0.115,0.08251029,88.95,0.0805,0.0,BTC-27SEP19-11000-C,10129.49,87.36,0.0805,8.0,0.0845,5.0,90.53,12.87132,-15.52434,3.82562,0.00014,0.45296
10221.68,BTC-27SEP19,1566385144188,open,1.36,0.2,1.302,1.4005,1.34947836,112.48,1.6,0.0,BTC-27SEP19-24000-P,10129.49,0.0,0.0,0.0,0.0,0.0,0.0,1.13083,-1.72467,-24.12236,1e-05,-0.9864
10221.68,BTC-27SEP19,1566385144190,open,1.94,0.0,1.8775,1.996,1.93543132,120.97,None,0.0,BTC-27SEP19-30000-P,10129.49,0.0,0.0,0.0,0.0,0.0,0.0,0.43217,-0.70885,-30.26686,0.0,-0.99545
10221.68,BTC-27SEP19,1566385144190,open,0.03,269.8,0.008,0.0485,0.02552064,93.27,0.0255,0.0,BTC-27SEP19-14000-C,10129.49,92.65,0.025,19.3,0.0275,28.4,95.61,8.54566,-10.80751,1.60237,9e-05,0.18069
10221.68,BTC-27SEP19,1566385144222,open,1.75,0.0,1.686,1.797,1.74001415,119.06,None,0.0,BTC-27SEP19-28000-P,10129.49,0.0,0.0,0.0,0.0,0.0,0.0,0.60829,-0.98202,-28.22674,0.0,-0.99331
10221.68,BTC-27SEP19,1566385144239,open,0.17,366.2,0.141,0.2065,0.17515898,88.25,0.2065,0.0,BTC-27SEP19-9000-C,10129.49,85.74,0.1725,3.8,0.1775,5.0,90.45,10.86498,-13.00055,5.66531,0.00012,0.72376
10356.58,BTC-27DEC19,1566385144239,open,0.01,343.8,0.0005,0.015,0.0053757,92.05,0.006,0.0,BTC-27DEC19-4000-P,10129.49,89.06,0.0045,15.7,0.0065,10.0,95.5,3.18854,-1.14756,-0.98482,1e-05,-0.02177
10221.68,BTC-27SEP19,1566385144246,open,0.01,439.0,0.0025,0.029,0.01237819,96.85,0.012,0.0,BTC-27SEP19-16000-C,10129.49,96.15,0.012,24.0,0.0125,3.0,97.08,5.5564,-7.29699,0.86906,5e-05,0.09653
10356.58,BTC-27DEC19,1566385144248,open,0.01,407.0,0.0005,0.0245,0.00872017,103.85,0.0125,0.0,BTC-27DEC19-36000-C,10129.49,101.47,0.0075,20.0,0.0105,16.0,106.97,5.57559,-2.26399,1.23494,1e-05,0.04276
10151.68,SYN.BTC-30AUG19,1566385144248,open,0.0,356.2,0.0005,0.0105,0.0002584,122.33,0.001,0.0,BTC-30AUG19-17000-C,10129.49,0.0,0.0,0.0,0.0005,12.0,131.31,0.21097,-1.45388,0.01063,1e-05,0.00456
10356.58,BTC-27DEC19,1566385144255,open,0.98,5.7,0.914,1.044,0.97638938,94.93,0.661,0.0,BTC-27DEC19-20000-P,10129.49,0.0,0.0045,5.0,1.466,1.0,319.0,16.45399,-6.10757,-64.93788,5e-05,-0.81334
10356.58,BTC-27DEC19,1566385144257,open,0.47,294.4,0.4,0.5245,0.46293281,91.23,0.45,0.0,BTC-27DEC19-14000-P,10129.49,63.19,0.403,5.0,0.524,5.0,117.57,23.4606,-8.36912,-39.05331,7e-05,-0.6134
10134.18,SYN.BTC-23AUG19,1566385144259,open,0.14,32.4,0.113,0.162,0.13574876,96.41,0.139,0.0,BTC-23AUG19-11500-P,10129.49,0.0,0.131,12.0,0.141,12.0,146.54,0.57885,-14.87584,-0.57256,0.00011,-0.96366
10134.18,SYN.BTC-23AUG19,1566385144259,open,0.0,308.3,0.0005,0.0105,0.00022764,119.81,0.0005,0.0,BTC-23AUG19-12500-C,10129.49,0.0,0.0,0.0,0.0005,12.0,132.42,0.16269,-2.30694,0.00415,3e-05,0.0082
10151.68,SYN.BTC-30AUG19,1566385144255,open,0.09,9.6,0.0615,0.118,0.09091701,87.65,0.141,0.0,BTC-30AUG19-9500-C,10129.49,84.99,0.0895,6.0,0.0925,3.8,90.61,5.41773,-26.75174,1.52856,0.00025,0.71012
10356.58,BTC-27DEC19,1566385144267,open,0.55,206.6,0.48,0.6065,0.54341751,92.11,0.454,0.0,BTC-27DEC19-15000-P,10129.49,60.73,0.482,5.0,0.6035,5.0,118.66,22.51298,-8.10818,-43.58952,7e-05,-0.65794
10134.18,SYN.BTC-23AUG19,1566385144269,open,0.03,222.2,0.0075,0.055,0.03142997,85.33,0.0285,0.0,BTC-23AUG19-10000-C,10129.49,78.35,0.0295,3.1,0.032,3.3,87.38,2.81012,-63.91706,0.29512,0.00062,0.59812
10356.58,BTC-27DEC19,1566385144270,open,0.32,205.5,0.2755,0.3555,0.31717368,88.01,0.32,0.0,BTC-27DEC19-8000-C,10129.49,85.37,0.3125,14.7,0.3215,14.7,90.45,18.37566,-6.32369,16.61878,6e-05,0.7752
10134.18,SYN.BTC-23AUG19,1566385144271,open,0.03,222.2,0.0075,0.055,0.03142997,85.33,0.0285,0.0,BTC-23AUG19-10000-C,10129.49,78.35,0.0295,3.1,0.032,3.4,87.38,2.81012,-63.91706,0.29512,0.00062,0.59812
10134.21,SYN.BTC-23AUG19,1566385144279,open,0.01,376.8,0.0005,0.02,0.00511649,89.58,0.0045,0.0,BTC-23AUG19-9500-P,10129.49,85.8,0.0045,12.3,0.0065,28.6,97.54,1.69031,-40.36412,-0.08054,0.00036,-0.14953
10151.72,SYN.BTC-30AUG19,1566385144283,open,0.05,1072.3,0.0195,0.074,0.04624051,86.52,0.0475,0.0,BTC-30AUG19-10000-P,10129.49,84.49,0.045,3.2,0.0475,1.0,88.58,6.21501,-30.29132,-1.17303,0.00029,-0.42894
10134.21,SYN.BTC-23AUG19,1566385144290,open,0.02,494.8,0.0015,0.0405,0.01818659,85.32,0.0175,0.0,BTC-23AUG19-10000-P,10129.49,79.23,0.0165,3.9,0.019,3.4,88.25,2.81008,-63.91159,-0.21875,0.00062,-0.40185
10134.21,SYN.BTC-23AUG19,1566385144291,open,0.02,494.8,0.0015,0.0405,0.01818659,85.32,0.0175,0.0,BTC-23AUG19-10000-P,10129.49,79.23,0.0165,3.9,0.019,3.3,88.25,2.81008,-63.91159,-0.21875,0.00062,-0.40185
10134.21,SYN.BTC-23AUG19,1566385144302,open,0.01,375.9,0.0005,0.0305,0.01110415,86.36,0.01,0.0,BTC-23AUG19-10500-C,10129.49,79.77,0.0095,11.7,0.012,4.4,89.96,2.50258,-57.61019,0.14731,0.00055,0.29397
10356.58,BTC-27DEC19,1566385144303,open,0.8,12.4,0.735,0.8635,0.79764811,93.58,0.559,0.0,BTC-27DEC19-18000-P,10129.49,0.0,0.0045,5.0,1.557,0.2,500.0,18.85901,-6.90089,-56.68118,5e-05,-0.76452
10134.21,SYN.BTC-23AUG19,1566385144303,open,0.01,375.9,0.0005,0.0305,0.01110415,86.36,0.01,0.0,BTC-23AUG19-10500-C,10129.49,79.77,0.0095,11.7,0.012,4.5,89.96,2.50258,-57.61019,0.14731,0.00055,0.29397
10151.72,SYN.BTC-30AUG19,1566385144306,open,0.08,49.4,0.0425,0.1045,0.07355798,86.52,0.069,0.0,BTC-30AUG19-10500-P,10129.49,83.15,0.0715,4.3,0.0755,4.5,89.69,6.21108,-30.27213,-1.59468,0.00029,-0.57243
10221.68,BTC-27SEP19,1566385144312,open,1.16,0.2,1.1105,1.2035,1.15458168,108.52,1.391,0.0,BTC-27SEP19-22000-P,10129.49,0.0,0.0045,10.0,0.0,0.0,0.0,1.58616,-2.33401,-22.04157,1e-05,-0.9798
10356.58,BTC-27DEC19,1566385144317,open,0.0,175.8,0.0005,0.0105,0.00037512,125.0,0.0005,0.0,BTC-27DEC19-1500-P,10129.49,0.0,0.0,0.0,0.001,22.0,140.35,0.28717,-0.14035,-0.06566,0.0,-0.00143
10134.18,SYN.BTC-23AUG19,1566385144317,open,0.0,86.3,0.0005,0.0105,0.00049218,116.69,0.0005,0.0,BTC-23AUG19-8500-P,10129.49,0.0,0.0,0.0,0.001,25.5,130.56,0.29103,-4.98786,-0.0086,5e-05,-0.01602
10221.68,BTC-27SEP19,1566385144325,open,0.0,406.8,0.0005,0.0105,9.46e-06,125.0,0.0005,0.0,BTC-27SEP19-2500-P,10129.49,0.0,0.0,0.0,0.0005,23.0,175.66,0.01176,-0.01993,-0.00104,0.0,-9e-05
10221.68,BTC-27SEP19,1566385144325,open,0.04,305.2,0.015,0.0645,0.03767439,91.81,0.037,0.0,BTC-27SEP19-13000-C,10129.49,90.63,0.0365,13.3,0.04,18.7,94.1,10.29951,-12.82078,2.18093,0.00011,0.24886
10356.58,BTC-27DEC19,1566385144325,open,2.87,0.0,2.7875,2.9585,2.86849337,105.09,2.58,0.0,BTC-27DEC19-40000-P,10129.49,0.0,0.0005,3.0,0.0,0.0,0.0,4.32551,-1.77737,-139.22584,1e-05,-0.96865
10151.68,SYN.BTC-30AUG19,1566385144325,open,0.15,0.3,0.1165,0.1805,0.14779007,89.27,0.096,0.0,BTC-30AUG19-11500-P,10129.49,79.06,0.1435,17.0,0.1495,1.0,93.08,4.48924,-22.57662,-2.32898,0.0002,-0.79566
10151.72,SYN.BTC-30AUG19,1566385144323,open,0.08,49.4,0.0425,0.1045,0.07355798,86.52,0.069,0.0,BTC-30AUG19-10500-P,10129.49,83.15,0.0715,4.3,0.0755,4.4,89.69,6.21108,-30.27213,-1.59468,0.00029,-0.57243
10221.68,BTC-27SEP19,1566385144346,open,0.0,125.2,0.0005,0.0105,0.00044052,125.0,0.0005,0.0,BTC-27SEP19-3750-P,10129.49,0.0,0.0,0.0,0.001,24.7,138.12,0.31853,-0.53987,-0.038,0.0,-0.00324
10221.68,BTC-27SEP19,1566385144346,open,0.0,143.5,0.0005,0.0105,0.0009982,115.32,0.0015,0.0,BTC-27SEP19-26000-C,10129.49,107.22,0.0005,35.5,0.0015,15.0,120.88,0.79349,-1.24078,0.08314,1e-05,0.00905
189.59,ETH-27SEP19,1566385144351,open,0.0,2913.0,0.001,0.012,0.002018,115.2,0.003,0.0,ETH-27SEP19-440-C,187.99,105.76,0.001,442.0,0.003,700.0,121.52,0.02561,-0.04001,0.0029,0.00061,0.01716
10356.58,BTC-27DEC19,1566385144367,open,0.63,24.3,0.562,0.6895,0.62527894,92.29,0.7285,0.0,BTC-27DEC19-16000-P,10129.49,0.0,0.0045,5.0,1.3735,0.2,500.0,21.32747,-7.69588,-48.07049,6e-05,-0.69957
10356.58,BTC-27DEC19,1566385144390,open,0.35,91.7,0.3085,0.3825,0.34693901,88.01,0.449,0.0,BTC-27DEC19-7500-C,10129.49,61.21,0.307,7.0,0.3815,7.0,108.97,16.60481,-5.71441,16.82177,5e-05,0.81056
10356.58,BTC-27DEC19,1566385144390,open,0.02,233.6,0.006,0.0475,0.02181375,98.44,0.0265,0.0,BTC-27DEC19-26000-C,10129.49,97.64,0.021,13.6,0.0235,4.0,100.05,10.66389,-4.10466,2.79348,3e-05,0.0988
10356.58,BTC-27DEC19,1566385144407,open,0.03,340.6,0.008,0.056,0.02739636,97.34,0.0265,0.0,BTC-27DEC19-24000-C,10129.49,96.58,0.0265,3.9,0.029,4.0,98.67,12.32543,-4.69107,3.39172,3e-05,0.12087
10221.68,BTC-27SEP19,1566385144421,open,0.0,586.8,0.0005,0.0105,5.959e-05,125.0,0.0005,0.0,BTC-27SEP19-3000-P,10129.49,0.0,0.0,0.0,0.001,68.0,167.11,0.05897,-0.09994,-0.0059,0.0,-0.00051
10356.58,BTC-27DEC19,1566385144423,open,0.01,222.0,0.0005,0.0175,0.00524403,108.24,0.007,0.0,BTC-27DEC19-44000-C,10129.49,106.08,0.0045,11.7,0.0065,16.0,111.47,3.74309,-1.5842,0.76553,1e-05,0.02634
188.08,SYN.ETH-23AUG19,1566385144534,open,0.02,408.0,0.001,0.046,0.020099,86.53,0.016,0.0,ETH-23AUG19-190-C,187.99,79.11,0.018,200.0,0.02,1.0,86.18,0.05332,-1.22977,0.00413,0.0339,0.44725
189.59,ETH-27SEP19,1566385144551,open,0.0,5128.0,0.001,0.011,0.001513,120.51,0.002,0.0,ETH-27SEP19-480-C,187.99,114.86,0.001,420.0,0.002,200.0,124.71,0.01984,-0.03243,0.00215,0.00045,0.01276
193.67,SYN.ETH-27MAR20,1566385144886,open,0.0,0.589,0.638,0.614773,97.83,None,0.0,ETH-27MAR20-80-C,187.99,0.0,0.0,0.0,0.0,0.0,0.0,0.18113,-0.04048,0.37647,0.00082,0.93893
193.67,SYN.ETH-27MAR20,1566385144965,open,140.0,0.012,0.046,0.027825,97.8,0.024,0.0,ETH-27MAR20-80-P,187.99,90.11,0.021,140.0,0.034,140.0,104.17,0.18108,-0.04046,-0.10321,0.00082,-0.06104
193.67,SYN.ETH-27MAR20,1566385145049,open,0.0,0.422,0.503,0.465973,94.45,None,0.0,ETH-27MAR20-120-C,187.99,79.89,0.44,1.0,0.477,1.0,100.41,0.35558,-0.07672,0.44155,0.00167,0.84617
193.67,SYN.ETH-27MAR20,1566385145123,open,0.0,0.05,0.121,0.085552,94.43,None,0.0,ETH-27MAR20-120-P,187.99,87.51,0.073,140.0,0.097,140.0,100.62,0.35556,-0.0767,-0.27799,0.00167,-0.15382
10355.98,BTC-27DEC19,1566385145163,open,3.64,0.0,3.5445,3.7415,3.63869505,108.34,None,0.0,BTC-27DEC19-48000-P,10129.13,0.0,0.0,0.0,0.0,0.0,0.0,2.86404,-1.21322,-167.60342,1e-05,-0.98082
10355.98,BTC-27DEC19,1566385145184,open,1.16,4.9,1.097,1.2285,1.15948602,96.31,1.0385,0.0,BTC-27DEC19-22000-P,10129.13,0.0,0.006,2.0,1.9265,0.3,500.0,14.28795,-5.3806,-72.90962,4e-05,-0.85006
10355.98,BTC-27DEC19,1566385145189,open,0.8,12.4,0.735,0.8635,0.79771305,93.57,0.559,0.0,BTC-27DEC19-18000-P,10129.13,0.0,0.0045,5.0,1.5575,0.2,500.0,18.85389,-6.89798,-56.68356,5e-05,-0.76461
10221.31,BTC-27SEP19,1566385145193,open,0.77,1.0,0.728,0.812,0.76759153,100.87,0.575,0.0,BTC-27SEP19-18000-P,10129.13,0.0,0.0045,0.3,1.211,0.3,500.0,3.57642,-4.89144,-17.69258,3e-05,-0.94572
10355.98,BTC-27DEC19,1566385145201,open,0.1,429.2,0.052,0.1395,0.09511299,92.14,0.1,0.0,BTC-27DEC19-15000-C,10129.13,91.63,0.094,3.0,0.097,0.1,93.01,22.51351,-8.11098,8.96247,7e-05,0.34214
193.67,SYN.ETH-27MAR20,1566385145204,open,0.0,0.297,0.4,0.35404,93.7,None,0.0,ETH-27MAR20-160-C,187.99,89.36,0.343,1.0,0.371,1.0,100.4,0.49185,-0.10528,0.44167,0.00233,0.73434
193.67,SYN.ETH-27MAR20,1566385145279,open,0.0,0.125,0.231,0.180145,93.68,None,0.0,ETH-27MAR20-160-P,187.99,85.38,0.159,140.0,0.199,140.0,101.13,0.49185,-0.10526,-0.51774,0.00233,-0.26566
193.67,SYN.ETH-27MAR20,1566385145367,open,0.0,0.207,0.32,0.26848,92.57,None,0.0,ETH-27MAR20-200-C,187.99,84.63,0.245,120.0,0.295,120.0,101.65,0.56961,-0.12045,0.41181,0.00274,0.62307
193.67,SYN.ETH-27MAR20,1566385145459,open,0.0,0.232,0.364,0.301112,92.55,None,0.0,ETH-27MAR20-200-P,187.99,84.4,0.277,120.0,0.321,120.0,99.35,0.56962,-0.12043,-0.78748,0.00274,-0.37696
10134.18,SYN.BTC-23AUG19,1566385145589,open,0.07,33.1,0.0445,0.091,0.06769543,89.58,0.066,0.0,BTC-23AUG19-9500-C,10129.13,71.24,0.065,12.0,0.0695,0.1,99.85,1.69043,-40.36806,0.40765,0.00036,0.85045
10356.34,BTC-27DEC19,1566385145590,open,0.25,219.6,0.189,0.298,0.2448357,88.21,0.24,0.0,BTC-27DEC19-11000-P,10129.13,86.58,0.241,15.1,0.2495,8.6,90.22,24.19698,-8.34609,-24.92421,7e-05,-0.44212
10355.98,BTC-27DEC19,1566385145592,open,0.39,110.4,0.3245,0.446,0.3863208,90.48,0.3295,0.0,BTC-27DEC19-13000-P,10129.13,87.14,0.3785,8.6,0.389,3.6,91.65,24.15511,-8.54555,-34.41563,7e-05,-0.5623
10221.67,BTC-27SEP19,1566385145593,open,0.06,634.3,0.0275,0.0865,0.05627298,90.75,0.0555,0.0,BTC-27SEP19-12000-C,10129.13,88.79,0.054,8.0,0.058,5.5,92.23,11.90756,-14.65186,2.93233,0.00012,0.34022
193.67,SYN.ETH-27MAR20,1566385145621,open,0.0,0.368,0.519,0.447041,92.8,None,0.0,ETH-27MAR20-240-P,187.99,83.07,0.417,120.0,0.468,120.0,99.6,0.5972,-0.1266,-1.0717,0.00286,-0.47575
193.67,SYN.ETH-27MAR20,1566385145707,open,0.0,0.109,0.223,0.169924,95.38,None,0.0,ETH-27MAR20-280-C,187.99,88.85,0.15,120.0,0.189,120.0,101.59,0.59329,-0.12927,0.32336,0.00277,0.44836
193.67,SYN.ETH-27MAR20,1566385145790,open,0.0,0.529,0.697,0.615607,95.35,None,0.0,ETH-27MAR20-280-P,187.99,80.94,0.572,120.0,0.644,120.0,104.58,0.59327,-0.12923,-1.3557,0.00277,-0.55173
193.67,SYN.ETH-27MAR20,1566385145881,open,0.0,0.082,0.191,0.139167,96.76,None,0.0,ETH-27MAR20-320-C,187.99,90.55,0.121,120.0,0.157,120.0,102.74,0.57274,-0.1266,0.28409,0.00263,0.38379
10151.68,SYN.BTC-30AUG19,1566385145898,open,0.01,19.7,0.0005,0.0205,0.00691286,92.42,0.0065,0.0,BTC-30AUG19-8500-P,10129.13,90.85,0.0065,9.0,0.008,30.0,96.39,2.69824,-14.04855,-0.25428,0.00012,-0.09609
193.67,SYN.ETH-27MAR20,1566385145961,open,0.0,0.699,0.879,0.791376,96.73,None,0.0,ETH-27MAR20-320-P,187.99,78.67,0.74,120.0,1.65,1.0,500.0,0.57269,-0.12655,-1.63485,0.00263,-0.61633
193.67,SYN.ETH-27MAR20,1566385146048,open,0.0,0.063,0.167,0.116271,98.21,None,0.0,ETH-27MAR20-360-C,187.99,91.96,0.099,110.0,0.133,110.0,104.08,0.54432,-0.12212,0.25034,0.00246,0.33183
193.67,SYN.ETH-27MAR20,1566385146125,open,0.0,0.879,1.069,0.975007,98.18,None,0.0,ETH-27MAR20-360-P,187.99,63.33,0.891,110.0,1.828,1.0,500.0,0.54423,-0.12206,-1.9085,0.00246,-0.66833
10221.31,BTC-27SEP19,1566385146164,open,0.0,287.3,0.0005,0.0115,0.00154097,112.61,0.003,0.0,BTC-27SEP19-24000-C,10129.13,106.99,0.001,34.0,0.002,3.9,116.36,1.13781,-1.73727,0.12553,1e-05,0.0137
10221.31,BTC-27SEP19,1566385146165,open,0.0,287.3,0.0005,0.0115,0.00154097,112.61,0.003,0.0,BTC-27SEP19-24000-C,10129.13,106.99,0.001,34.0,0.002,4.0,116.36,1.13781,-1.73727,0.12553,1e-05,0.0137
10221.67,BTC-27SEP19,1566385146166,open,0.0,428.2,0.0005,0.0105,0.00075445,119.33,0.0005,0.0,BTC-27SEP19-28000-C,10129.13,0.0,0.0,0.0,0.0015,22.7,128.77,0.61797,-0.99989,0.06254,0.0,0.00681
10355.79,BTC-27DEC19,1566385146168,open,4.03,0.8,3.9235,4.1355,4.02480276,111.9,3.59,0.0,BTC-27DEC19-52000-P,10128.86,0.0,0.001,1.0,0.0,0.0,0.0,2.6672,-1.16704,-181.66447,1e-05,-0.98236
10221.05,BTC-27SEP19,1566385146170,open,0.0,422.0,0.0005,0.0105,0.00024439,124.99,0.0005,0.0,BTC-27SEP19-3500-P,10128.86,0.0,0.0,0.0,0.001,56.4,147.05,0.19557,-0.33145,-0.02203,0.0,-0.00189
10133.82,SYN.BTC-23AUG19,1566385146169,open,0.29,0.0,0.258,0.31,0.28286849,115.61,None,0.0,BTC-23AUG19-13000-P,10128.86,0.0,0.0,0.0,0.0,0.0,0.0,0.03587,-1.10534,-0.66728,1e-05,-0.99848
10355.52,BTC-27DEC19,1566385146170,open,0.01,296.9,0.003,0.0355,0.01466236,100.84,0.0175,0.0,BTC-27DEC19-30000-C,10128.86,99.32,0.0135,20.4,0.0165,20.0,103.1,8.13405,-3.20709,1.96933,2e-05,0.06894
10221.05,BTC-27SEP19,1566385146171,open,0.54,13.5,0.526,0.5475,0.536304,108.01,0.382,0.0,BTC-27SEP19-4750-C,10128.86,0.0,0.5275,7.0,0.5435,7.0,154.0,0.72106,-1.05602,4.70445,1e-05,0.99189
10355.52,BTC-27DEC19,1566385146171,open,1.91,0.2,1.844,1.988,1.91153934,100.67,2.03,0.0,BTC-27DEC19-30000-P,10128.86,0.0,0.005,1.0,0.0,0.0,0.0,8.09315,-3.18577,-103.14561,2e-05,-0.93151
10355.52,BTC-27DEC19,1566385146171,open,0.38,51.5,0.3445,0.4115,0.37896498,88.02,0.377,0.0,BTC-27DEC19-7000-C,10128.86,59.75,0.3435,7.0,0.4125,7.0,110.6,14.65085,-5.04212,16.88135,4e-05,0.84427
10151.32,SYN.BTC-30AUG19,1566385146171,open,0.0,444.1,0.0005,0.0105,0.00037509,114.16,0.0015,0.0,BTC-30AUG19-16000-C,10128.86,117.94,0.0005,30.0,0.001,33.0,128.51,0.30135,-1.93801,0.0159,1e-05,0.00682
10355.52,BTC-27DEC19,1566385146172,open,2.49,1.3,2.41,2.569,2.48496931,103.56,2.2,0.0,BTC-27DEC19-36000-P,10128.86,0.0,0.0005,1.0,0.0,0.0,0.0,5.51145,-2.23174,-124.90528,1e-05,-0.95785
10221.05,BTC-27SEP19,1566385146172,open,0.46,221.9,0.4515,0.478,0.46419244,100.41,0.4675,0.0,BTC-27SEP19-5500-C,10128.86,0.0,0.4615,3.0,0.474,7.0,140.44,1.42505,-1.94013,5.349,1e-05,0.98219
10355.52,BTC-27DEC19,1566385146174,open,3.26,0.0,3.1665,3.3505,3.25384794,107.29,3.46,0.0,BTC-27DEC19-44000-P,10128.86,0.0,0.0,0.0,0.0,0.0,0.0,3.57898,-1.50146,-153.42354,1e-05,-0.97503
10221.05,BTC-27SEP19,1566385146174,open,0.0,1073.7,0.0005,0.0105,0.00060159,114.33,0.0005,0.0,BTC-27SEP19-4250-P,10128.86,0.0,0.0,0.0,0.001,15.0,121.93,0.44542,-0.69052,-0.05485,0.0,-0.00471
10221.05,BTC-27SEP19,1566385146174,open,0.63,0.0,0.624,0.6435,0.63356011,125.29,None,0.0,BTC-27SEP19-3750-C,10128.86,0.0,0.6255,8.0,0.6405,8.0,191.45,0.32342,-0.54945,3.74993,0.0,0.9967
10221.05,BTC-27SEP19,1566385146176,open,0.61,227.5,0.5995,0.619,0.60917841,119.85,0.7065,0.0,BTC-27SEP19-4000-C,10128.86,0.0,0.601,8.0,0.616,8.0,180.03,0.38367,-0.62347,3.99456,0.0,0.99601
10151.32,SYN.BTC-30AUG19,1566385146171,open,0.38,13.0,0.3525,0.412,0.38043169,99.84,0.2895,0.0,BTC-30AUG19-14000-P,10128.86,0.0,0.0,0.0,0.0,0.0,0.0,0.8775,-4.93558,-3.34964,4e-05,-0.97653
10221.05,BTC-27SEP19,1566385146180,open,0.0,427.5,0.0005,0.0105,0.00050405,119.21,0.0005,0.0,BTC-27SEP19-4000-P,10128.86,0.0,0.0,0.0,0.001,61.9,129.76,0.37145,-0.60039,-0.0449,0.0,-0.00384
10151.32,SYN.BTC-30AUG19,1566385146176,open,0.48,0.0,0.449,0.5115,0.47835906,108.2,None,0.0,BTC-30AUG19-15000-P,10128.86,0.0,0.0,0.0,0.0,0.0,0.0,0.52566,-3.20394,-3.61753,2e-05,-0.98712
10151.32,SYN.BTC-30AUG19,1566385146180,open,0.29,17.1,0.256,0.3165,0.28424657,96.85,0.2385,0.0,BTC-30AUG19-13000-P,10128.86,0.0,0.0,0.0,0.0,0.0,0.0,1.86397,-10.16987,-3.02422,8e-05,-0.94088
10151.32,SYN.BTC-30AUG19,1566385146174,open,0.41,0.0,0.397,0.4215,0.40912411,126.6,None,0.0,BTC-30AUG19-6000-C,10128.86,0.0,0.0,0.0,0.0,0.0,0.0,0.13917,-0.99256,1.45149,0.0,0.99713
10133.82,SYN.BTC-23AUG19,1566385146172,open,0.09,175.2,0.0645,0.115,0.08859452,89.0,0.088,0.0,BTC-23AUG19-11000-P,10128.86,74.76,0.087,0.1,0.09,1.0,98.92,1.32097,-31.34119,-0.51222,0.00028,-0.895
10221.05,BTC-27SEP19,1566385146187,open,0.03,748.5,0.0095,0.047,0.02613537,88.42,0.026,0.0,BTC-27SEP19-8000-P,10128.86,86.92,0.025,28.3,0.028,24.3,90.85,7.76464,-9.30938,-1.87773,8e-05,-0.15571
10355.79,BTC-27DEC19,1566385146190,open,0.63,24.3,0.5625,0.6895,0.62536442,92.28,0.7285,0.0,BTC-27DEC19-16000-P,10128.86,0.0,0.0045,5.0,1.374,0.2,500.0,21.32331,-7.69374,-48.07279,6e-05,-0.69965
10221.05,BTC-27SEP19,1566385146189,open,0.1,377.3,0.064,0.1345,0.09925814,87.77,0.101,0.0,BTC-27SEP19-10000-P,10128.86,86.35,0.0975,7.0,0.1025,9.4,90.39,12.65676,-15.0626,-5.29764,0.00014,-0.41377
10355.52,BTC-27DEC19,1566385146198,open,1.35,0.0,1.282,1.415,1.34488884,97.25,None,0.0,BTC-27DEC19-24000-P,10128.86,0.0,0.006,1.0,2.112,0.2,500.0,12.29926,-4.67697,-80.69979,3e-05,-0.87947
10221.05,BTC-27SEP19,1566385146199,open,0.1,377.3,0.064,0.1345,0.09925814,87.77,0.101,0.0,BTC-27SEP19-10000-P,10128.86,86.35,0.0975,7.0,0.1025,9.3,90.39,12.65676,-15.0626,-5.29764,0.00014,-0.41377
193.67,SYN.ETH-27MAR20,1566385146207,open,0.0,0.05,0.147,0.098609,99.58,None,0.0,ETH-27MAR20-400-C,187.99,93.94,0.084,110.0,0.114,110.0,105.28,0.5129,-0.11667,0.22162,0.00229,0.28944
191.63,ETH-27DEC19,1566385146212,open,0.01,2414.0,0.001,0.018,0.006459,107.26,0.006,0.0,ETH-27DEC19-760-C,187.99,103.53,0.005,100.0,0.007,110.0,108.5,0.08135,-0.03412,0.01713,0.00059,0.03197
188.07,SYN.ETH-23AUG19,1566385146214,open,0.09,452.0,0.069,0.128,0.098961,104.07,0.095,0.0,ETH-23AUG19-170-C,187.99,0.0,0.094,50.0,0.1,50.0,112.96,0.02043,-0.56673,0.00792,0.0108,0.91795
10221.05,BTC-27SEP19,1566385146215,open,0.01,511.6,0.001,0.0235,0.01063422,91.03,0.0075,0.0,BTC-27SEP19-7000-P,10128.86,88.4,0.0095,28.2,0.012,44.0,94.04,4.51052,-5.56735,-0.86488,5e-05,-0.07312
189.59,ETH-27SEP19,1566385146218,open,0.03,1891.0,0.009,0.052,0.028198,96.66,0.029,0.0,ETH-27SEP19-260-C,187.99,95.26,0.027,20.0,0.029,160.0,97.58,0.16403,-0.21498,0.03118,0.00467,0.19096
189.59,ETH-27SEP19,1566385146218,open,0.61,851.0,0.541,0.652,0.594964,98.94,0.56,0.0,ETH-27SEP19-300-P,187.99,0.0,0.559,19.0,0.627,19.0,141.53,0.103,-0.13818,-0.28703,0.00287,-0.90354
189.59,ETH-27SEP19,1566385146220,open,0.05,8472.0,0.021,0.074,0.046629,92.12,0.048,0.0,ETH-27SEP19-160-P,187.99,90.44,0.045,160.0,0.048,24.0,93.52,0.18472,-0.23072,-0.05374,0.00552,-0.23393
10221.32,BTC-27SEP19,1566385146218,open,0.12,627.0,0.085,0.154,0.12094442,87.81,0.1245,0.0,BTC-27SEP19-10000-C,10128.86,86.64,0.1195,0.1,0.123,5.0,89.47,12.65676,-15.06912,4.80529,0.00014,0.58628
188.38,SYN.ETH-30AUG19,1566385146220,open,0.31,0.0,0.289,0.333,0.310907,114.52,None,0.0,ETH-30AUG19-130-C,187.99,0.0,0.0,0.0,0.0,0.0,0.0,0.01122,-0.07236,0.03087,0.00114,0.98485
188.07,SYN.ETH-23AUG19,1566385146222,open,0.23,0.0,0.188,0.263,0.223381,125.64,None,0.0,ETH-23AUG19-230-P,187.99,0.0,0.0,0.0,0.0,0.0,0.0,0.00489,-0.16394,-0.01169,0.00214,-0.98572
188.38,SYN.ETH-30AUG19,1566385146222,open,0.39,0.0,0.341,0.428,0.382175,106.63,0.218,0.0,ETH-30AUG19-260-P,187.99,0.0,0.0,0.0,0.0,0.0,0.0,0.02098,-0.12601,-0.06186,0.00228,-0.9682
188.38,SYN.ETH-30AUG19,1566385146222,open,0.93,0.0,0.856,0.97,0.911032,0.0,None,0.0,ETH-30AUG19-360-P,187.99,0.0,0.0,0.0,0.0,0.0,0.0,0.0,0.0,-0.08754,0.0,-1.0
189.59,ETH-27SEP19,1566385146224,open,1.13,79.0,1.049,1.182,1.112843,110.46,0.351,0.0,ETH-27SEP19-400-P,187.99,0.0,0.0,0.0,0.0,0.0,0.0,0.03584,-0.05368,-0.39981,0.00089,-0.97447
189.59,ETH-27SEP19,1566385146224,open,1.98,24.0,1.868,2.047,1.954696,129.99,1.356,0.0,ETH-27SEP19-560-P,187.99,0.0,0.0,0.0,0.0,0.0,0.0,0.01303,-0.02296,-0.56444,0.00028,-0.99212
189.59,ETH-27SEP19,1566385146227,open,0.09,1624.0,0.056,0.128,0.09416,92.16,0.099,0.0,ETH-27SEP19-200-C,187.99,88.88,0.09,312.0,0.097,310.0,94.4,0.24025,-0.30022,0.07498,0.00718,0.48564
191.63,ETH-27DEC19,1566385146229,open,2.8,0.0,2.65,2.891,2.765212,107.26,None,0.0,ETH-27DEC19-720-P,187.99,0.0,0.003,5.0,0.0,0.0,0.0,0.09489,-0.0398,-2.50194,0.00069,-0.96143
188.07,SYN.ETH-23AUG19,1566385146229,open,0.5,0.0,0.446,0.535,0.488717,0.0,None,0.0,ETH-23AUG19-280-P,187.99,0.0,0.0,0.0,0.0,0.0,0.0,0.0,0.0,-0.01439,0.0,-1.0
10221.32,BTC-27SEP19,1566385146227,open,0.17,366.2,0.141,0.2065,0.17515676,88.26,0.2065,0.0,BTC-27SEP19-9000-C,10128.86,85.28,0.172,4.5,0.1775,5.0,90.46,10.86577,-13.00386,5.6645,0.00012,0.7237
189.59,ETH-27SEP19,1566385146243,open,0.32,2594.0,0.255,0.358,0.307285,94.46,0.31,0.0,ETH-27SEP19-240-P,187.99,41.25,0.268,24.0,0.342,24.0,125.6,0.19649,-0.25166,-0.20009,0.00573,-0.73734
10221.32,BTC-27SEP19,1566385146241,open,0.16,290.0,0.118,0.198,0.15865389,88.93,0.156,0.0,BTC-27SEP19-11000-P,10128.86,86.82,0.156,6.0,0.161,3.9,90.8,12.87054,-15.51989,-7.28822,0.00014,-0.54712
10221.32,BTC-27SEP19,1566385146246,open,0.04,305.2,0.015,0.0645,0.03767327,91.81,0.037,0.0,BTC-27SEP19-13000-C,10128.86,90.64,0.0365,13.2,0.04,18.7,94.1,10.29877,-12.82073,2.18069,0.00011,0.24885
191.63,ETH-27DEC19,1566385146247,open,0.03,1251.0,0.008,0.051,0.025622,101.82,0.035,0.0,ETH-27DEC19-480-C,187.99,99.41,0.023,1.0,0.028,160.0,103.89,0.21438,-0.08535,0.05718,0.00164,0.11079
189.59,ETH-27SEP19,1566385146249,open,0.23,2065.0,0.172,0.27,0.222404,92.74,0.214,0.0,ETH-27SEP19-220-P,187.99,87.32,0.216,194.0,0.228,110.0,97.42,0.22554,-0.28361,-0.1651,0.0067,-0.63956
10221.32,BTC-27SEP19,1566385146249,open,0.01,453.4,0.0005,0.019,0.00662854,101.05,0.0065,0.0,BTC-27SEP19-18000-C,10128.86,99.21,0.006,24.1,0.0075,5.0,103.44,3.59632,-4.92751,0.49598,3e-05,0.05466
188.38,SYN.ETH-30AUG19,1566385146249,open,0.29,382.0,0.238,0.32,0.27753,94.49,0.303,0.0,ETH-30AUG19-240-P,187.99,0.0,0.0,0.0,0.0,0.0,0.0,0.03416,-0.18185,-0.05585,0.00419,-0.9418
189.59,ETH-27SEP19,1566385146251,open,0.71,607.0,0.642,0.756,0.696426,100.16,0.761,0.0,ETH-27SEP19-320-P,187.99,0.0,0.67,18.0,0.728,19.0,147.99,0.07981,-0.10839,-0.31176,0.00219,-0.93123
188.07,SYN.ETH-23AUG19,1566385146255,open,0.2,0.0,0.178,0.227,0.202681,132.93,None,0.0,ETH-23AUG19-150-C,187.99,0.0,0.0,0.0,0.247,10.0,469.04,0.00287,-0.10167,0.00763,0.00119,0.99226
191.63,ETH-27DEC19,1566385146257,open,2.17,0.0,2.044,2.254,2.144563,104.64,0.953,0.0,ETH-27DEC19-600-P,187.99,0.0,0.0,0.0,0.0,0.0,0.0,0.13971,-0.05716,-2.06911,0.00104,-0.93738
189.59,ETH-27SEP19,1566385146257,open,1.76,12.0,1.664,1.83,1.74377,123.23,1.193,0.0,ETH-27SEP19-520-P,187.99,0.0,0.0,0.0,0.0,0.0,0.0,0.01416,-0.02365,-0.52389,0.00032,-0.99134
191.63,ETH-27DEC19,1566385146257,open,0.06,413.0,0.023,0.091,0.055372,98.53,0.06,0.0,ETH-27DEC19-360-C,187.99,95.96,0.051,428.0,0.06,150.0,101.17,0.33132,-0.12764,0.10709,0.00261,0.21489
188.38,SYN.ETH-30AUG19,1566385146257,open,0.25,0.0,0.234,0.282,0.258314,100.48,None,0.0,ETH-30AUG19-140-C,187.99,0.0,0.0,0.0,0.0,0.0,0.0,0.01675,-0.0948,0.03286,0.00193,0.97573
191.63,ETH-27DEC19,1566385146259,open,1.55,21.0,1.442,1.626,1.530449,101.82,0.629,0.0,ETH-27DEC19-480-P,187.99,0.0,0.001,7.0,0.0,0.0,0.0,0.21438,-0.08535,-1.62447,0.00164,-0.88921
188.07,SYN.ETH-23AUG19,1566385146259,open,0.55,0.0,0.497,0.589,0.541886,0.0,None,0.0,ETH-23AUG19-290-P,187.99,0.0,0.0,0.0,0.0,0.0,0.0,0.0,0.0,-0.0149,0.0,-1.0
189.59,ETH-27SEP19,1566385146261,open,0.37,47.0,0.35,0.396,0.373497,94.01,0.689,0.0,ETH-27SEP19-120-C,187.99,0.0,0.0,0.0,0.0,0.0,0.0,0.05862,-0.07471,0.1111,0.00172,0.95353
189.59,ETH-27SEP19,1566385146261,open,0.58,0.0,0.566,0.591,0.57853,109.93,None,0.0,ETH-27SEP19-80-C,187.99,0.0,0.003,10.0,0.0,0.0,0.0,0.00729,-0.01087,0.07994,0.00018,0.9959
191.63,ETH-27DEC19,1566385146261,open,1.35,0.0,1.243,1.418,1.327231,99.65,None,0.0,ETH-27DEC19-440-P,187.99,0.0,1.218,110.0,2.253,1.0,500.0,0.24322,-0.09477,-1.47341,0.0019,-0.86742
189.59,ETH-27SEP19,1566385146261,open,1.02,259.0,0.947,1.074,1.007857,106.75,0.94,0.0,ETH-27SEP19-380-P,187.99,0.0,0.009,8.0,0.0,0.0,0.0,0.04111,-0.0595,-0.37882,0.00106,-0.96991
189.59,ETH-27SEP19,1566385146261,open,0.92,233.0,0.845,0.967,0.903375,104.19,0.634,0.0,ETH-27SEP19-360-P,187.99,0.0,0.867,17.0,0.932,17.0,159.04,0.05014,-0.07083,-0.35724,0.00133,-0.96169
188.38,SYN.ETH-30AUG19,1566385146261,open,0.15,0.0,0.128,0.188,0.159061,92.11,None,0.0,ETH-30AUG19-160-C,187.99,0.0,0.0,0.0,0.0,0.0,0.0,0.05646,-0.29299,0.03332,0.0071,0.88656
188.07,SYN.ETH-23AUG19,1566385146261,open,0.25,0.0,0.233,0.277,0.255658,144.23,None,0.0,ETH-23AUG19-140-C,187.99,0.0,0.0,0.0,0.35,5.0,500.0,0.00079,-0.03027,0.00718,0.0003,0.99817
191.63,ETH-27DEC19,1566385146263,open,1.76,37.0,1.642,1.834,1.733631,102.41,0.707,0.0,ETH-27DEC19-520-P,187.99,0.0,0.002,25.0,0.0,0.0,0.0,0.18346,-0.07346,-1.77516,0.00139,-0.91048
188.07,SYN.ETH-23AUG19,1566385146263,open,0.39,0.0,0.343,0.425,0.382387,0.0,None,0.0,ETH-23AUG19-260-P,187.99,0.0,0.0,0.0,0.0,0.0,0.0,0.0,0.0,-0.01336,0.0,-1.0
188.38,SYN.ETH-30AUG19,1566385146263,open,0.71,0.0,0.65,0.753,0.699017,126.25,None,0.0,ETH-30AUG19-320-P,187.99,0.0,0.0,0.0,0.0,0.0,0.0,0.00406,-0.0289,-0.07761,0.00037,-0.99524
188.38,SYN.ETH-30AUG19,1566385146263,open,0.2,0.0,0.18,0.233,0.207125,94.18,None,0.0,ETH-30AUG19-150-C,187.99,0.0,0.0,0.0,0.0,0.0,0.0,0.03132,-0.16619,0.03393,0.00385,0.94786
188.07,SYN.ETH-23AUG19,1566385146263,open,0.05,740.0,0.02,0.082,0.052655,91.85,0.095,0.0,ETH-23AUG19-180-C,187.99,69.56,0.048,50.0,0.055,50.0,102.09,0.04212,-1.03132,0.00681,0.02523,0.75777
188.07,SYN.ETH-23AUG19,1566385146265,open,0.0,302.0,0.001,0.011,0.000509,103.77,0.001,0.0,ETH-23AUG19-220-C,187.99,0.0,0.0,0.0,0.001,200.0,115.4,0.0063,-0.09573,0.00018,0.00334,0.0192
191.63,ETH-27DEC19,1566385146267,open,0.42,0.0,0.385,0.454,0.421707,93.89,None,0.0,ETH-27DEC19-120-C,187.99,0.0,0.1,10.0,2.47,1.0,500.0,0.24163,-0.0887,0.30008,0.002,0.86868
189.59,ETH-27SEP19,1566385146279,open,0.0,5033.0,0.001,0.012,0.002472,104.54,0.002,0.0,ETH-27SEP19-100-P,187.99,101.01,0.002,180.0,0.003,200.0,108.04,0.02699,-0.03826,-0.00397,0.00071,-0.01825
191.64,ETH-27DEC19,1566385146279,open,0.41,812.0,0.325,0.462,0.396248,95.7,0.395,0.0,ETH-27DEC19-240-P,187.99,93.46,0.391,30.0,0.405,120.0,99.43,0.44959,-0.16824,-0.63221,0.00365,-0.54539
188.38,SYN.ETH-30AUG19,1566385146281,open,0.0,328.0,0.001,0.012,0.002023,107.28,0.003,0.0,ETH-30AUG19-260-C,187.99,96.27,0.001,35.0,0.003,1549.0,114.85,0.02146,-0.12968,0.0014,0.00232,0.03269
188.38,SYN.ETH-30AUG19,1566385146281,open,0.01,3210.0,0.001,0.023,0.008385,91.96,0.01,0.0,ETH-30AUG19-160-P,187.99,87.16,0.007,450.0,0.01,250.0,97.17,0.05635,-0.2919,-0.00557,0.0071,-0.1131
188.38,SYN.ETH-30AUG19,1566385146281,open,0.24,2.0,0.187,0.269,0.226976,92.37,0.144,0.0,ETH-30AUG19-230-P,187.99,0.0,0.205,23.0,0.248,23.0,147.68,0.04943,-0.25722,-0.05188,0.0062,-0.90557
189.59,ETH-27SEP19,1566385146283,open,0.47,0.0,0.457,0.493,0.475018,104.54,None,0.0,ETH-27SEP19-100-C,187.99,0.0,0.003,10.0,0.0,0.0,0.0,0.02699,-0.03826,0.09706,0.00071,0.98175
191.64,ETH-27DEC19,1566385146283,open,2.38,0.0,2.246,2.466,2.350787,105.49,None,0.0,ETH-27DEC19-640-P,187.99,0.0,0.0,0.0,0.0,0.0,0.0,0.12202,-0.05033,-2.21432,0.0009,-0.94728
189.59,ETH-27SEP19,1566385146283,open,2.19,27.0,2.073,2.263,2.165295,129.99,1.044,0.0,ETH-27SEP19-600-P,187.99,0.0,0.0,0.0,0.0,0.0,0.0,0.00858,-0.01513,-0.60534,0.00018,-0.99508
191.64,ETH-27DEC19,1566385146285,open,0.08,1041.0,0.036,0.114,0.074375,97.39,0.088,0.0,ETH-27DEC19-320-C,187.99,95.16,0.07,302.0,0.079,110.0,99.72,0.37773,-0.14384,0.13395,0.00301,0.27388
189.59,ETH-27SEP19,1566385146289,open,0.0,2060.0,0.001,0.011,0.000494,109.93,0.003,0.0,ETH-27SEP19-80-P,187.99,0.0,0.0,0.0,0.001,10.0,120.03,0.00729,-0.01087,-0.00088,0.00018,-0.0041
