underlying_price,underlying_index,timestamp,state,settlement_price,open_interest,min_price,max_price,mark_price,mark_iv,last_price,interest_rate,instrument_name,index_price,bid_iv,best_bid_price,best_bid_amount,best_ask_price,best_ask_amount,ask_iv,vega,theta,rho,gamma,delta
7281.68,index_price,1558177139992,open,0.11,0.4,0.0735,0.1625,0.11785287,105.85,0.1205,0,BTC-31MAY19-7750-P,7281.68,100.57,0.114,12.0,0.122,12.0,111.5,5.33241,-21.91802,-1.80484,0.00027,-0.58478
7267.65,BTC-27SEP19,1558177139999,open,0.07,66.3,0.029,0.1085,0.06879453,99.74,0.0795,0.0,BTC-27SEP19-13000-C,7281.68,95.89,0.0615,3.2,0.0755,3.2,103.21,13.92183,-5.26457,4.79505,7e-05,0.25136
7281.68,index_price,1558177140001,open,0.16,0.4,0.1215,0.214,0.16772381,107.35,0.17,0,BTC-31MAY19-8250-P,7281.68,101.23,0.164,4.0,0.172,4.0,113.45,4.77009,-19.88595,-2.22415,0.00024,-0.69791
7281.68,index_price,1558177140003,open,0.19,37.7,0.1475,0.2425,0.19508301,107.55,0.128,0,BTC-31MAY19-8500-P,7281.68,101.49,0.1915,4.0,0.1995,4.0,114.77,4.37422,-18.26955,-2.4197,0.00022,-0.74692
7281.68,index_price,1558177140004,open,0.14,19.1,0.097,0.1875,0.14229903,107.3,0.146,0,BTC-31MAY19-8000-P,7281.68,100.8,0.138,12.0,0.146,12.0,112.24,5.10247,-21.26037,-2.01735,0.00025,-0.64285
7281.68,index_price,1558177140021,open,0.03,153.2,0.0005,0.0735,0.03252799,100.0,0.037,0,BTC-24MAY19-7000-P,7281.68,92.26,0.029,16.0,0.0355,16.0,106.05,3.43627,-29.24046,-0.45328,0.0004,-0.35406
235.52,index_price,1558177140190,open,0.08,1.0,0.038,0.117,0.077736,115.13,0.089,0,ETH-31MAY19-240-C,235.52,106.14,0.071,300.0,0.082,300.0,120.82,0.17643,-0.78882,0.03578,0.00783,0.50837
235.52,index_price,1558177140380,open,0.0,65.0,0.001,0.041,0.001896,145.04,0.004,0,ETH-24MAY19-340-C,235.52,0.0,0.0,0.0,0.004,100.0,164.9,0.01949,-0.24056,0.00101,0.0015,0.02851
235.52,index_price,1558177140478,open,0.01,568.0,0.001,0.048,0.008451,127.73,0.013,0,ETH-24MAY19-290-C,235.52,92.62,0.002,500.0,0.008,500.0,125.87,0.05782,-0.62847,0.00402,0.00507,0.11449
235.52,index_price,1558177140485,open,0.01,1726.0,0.001,0.045,0.005886,130.12,0.008,0,ETH-24MAY19-300-C,235.52,104.49,0.002,1140.0,0.005,500.0,125.37,0.0458,-0.50706,0.00293,0.00394,0.08329
7281.68,index_price,1558177140520,open,0.28,0.0,0.234,0.336,0.28498313,111.14,None,0,BTC-31MAY19-9250-P,7281.68,0.0,0.0,0.0,0.0,0.0,0.0,3.17108,-13.68662,-2.9186,0.00015,-0.85124
235.52,index_price,1558177140524,open,0.22,95.0,0.171,0.25,0.210104,116.35,0.199,0,ETH-31MAY19-190-C,235.52,103.21,0.205,100.0,0.213,100.0,123.18,0.0972,-0.43917,0.05421,0.00427,0.86261
235.52,index_price,1558177140530,open,0.01,318.0,0.001,0.044,0.004301,133.68,0.005,0,ETH-24MAY19-310-C,235.52,0.0,0.0,0.0,0.004,500.0,131.71,0.03668,-0.41729,0.0022,0.00307,0.06236
235.52,index_price,1558177140566,open,0.0,338.0,0.001,0.043,0.003078,136.33,0.006,0,ETH-24MAY19-320-C,235.52,0.0,0.0,0.0,0.003,500.0,135.69,0.0288,-0.33406,0.00162,0.00237,0.04593
235.52,index_price,1558177140570,open,0.02,501.0,0.001,0.052,0.012632,126.87,0.009,0,ETH-24MAY19-280-C,235.52,102.31,0.006,500.0,0.012,500.0,124.8,0.07272,-0.78514,0.00559,0.00642,0.16006
235.52,index_price,1558177140586,open,0.0,243.0,0.001,0.042,0.00213,137.98,0.005,0,ETH-24MAY19-330-C,235.52,0.0,0.0,0.0,0.004,200.0,154.36,0.02197,-0.25796,0.00117,0.00178,0.03295
7281.68,index_price,1558177140660,open,0.44,0.0,0.3895,0.505,0.44731318,117.52,None,0,BTC-31MAY19-10500-P,7281.68,0.0,0.0,0.0,0.0,0.0,0.0,1.64666,-7.51468,-3.56144,7e-05,-0.93918
7276.75,BTC-28JUN19,1558177140676,open,0.07,481.1,0.0225,0.102,0.06226651,102.81,0.0565,0.0,BTC-28JUN19-9000-C,7281.68,99.32,0.058,24.8,0.0665,12.8,106.35,8.7962,-11.06235,2.16526,0.00014,0.3279
235.52,index_price,1558177140736,open,0.29,0.0,0.244,0.323,0.283972,117.58,None,0,ETH-31MAY19-170-C,235.52,0.0,0.0,0.0,0.0,0.0,0.0,0.05012,-0.22887,0.05481,0.00218,0.9437
235.52,index_price,1558177140777,open,0.44,0.0,0.388,0.503,0.44551,145.04,None,0,ETH-24MAY19-340-P,235.52,0.0,0.0,0.0,0.582,1.0,500.0,0.01949,-0.24056,-0.05372,0.0015,-0.97149
7267.35,BTC-27SEP19,1558177140903,open,1.75,0.0,1.671,1.893,1.78220387,111.18,None,0.0,BTC-27SEP19-20000-P,7281.68,0.0,0.0,0.0,0.0,0.0,0.0,8.68073,-3.65938,-69.93136,4e-05,-0.88112
7267.65,BTC-27SEP19,1558177140950,open,0.11,121.1,0.064,0.1435,0.10397167,95.58,0.0955,0.0,BTC-27DEC19-14000-C,7281.68,92.66,0.096,10.0,0.1115,10.0,98.32,19.94989,-4.27763,9.01182,6e-05,0.30699
7267.65,BTC-27SEP19,1558177140968,open,0.12,91.1,0.0765,0.156,0.11601497,94.27,0.1105,0.0,BTC-27DEC19-13000-C,7281.68,90.92,0.1065,10.0,0.1245,10.0,97.24,20.73392,-4.38484,9.80226,7e-05,0.33684
7281.68,index_price,1558177140971,open,0.11,36.6,0.0725,0.161,0.11675268,101.65,0.0995,0,BTC-24MAY19-8000-P,7281.68,94.11,0.114,4.0,0.122,4.0,113.65,2.95464,-25.558,-1.01273,0.00034,-0.74697
235.52,index_price,1558177140973,open,0.27,50.0,0.229,0.33,0.279663,130.12,0.23,0,ETH-24MAY19-300-P,235.52,0.0,0.003,20.0,0.38,1.0,381.0,0.0458,-0.50706,-0.04536,0.00394,-0.91671
7281.68,index_price,1558177140972,open,0.06,131.2,0.0175,0.102,0.05985552,105.89,0.0535,0,BTC-31MAY19-7000-P,7281.68,100.51,0.056,16.0,0.0635,16.0,110.97,5.21942,-21.46219,-1.13736,0.00026,-0.38292
7267.65,BTC-27SEP19,1558177140982,open,0.27,80.4,0.2205,0.3,0.26039272,88.93,0.2475,0.0,BTC-27DEC19-7500-C,7281.68,86.12,0.252,7.0,0.27,5.0,92.17,21.64512,-4.31847,15.9028,8e-05,0.61874
7281.68,index_price,1558177140984,open,0.13,21.3,0.0805,0.16,0.12014655,102.06,0.121,0,BTC-24MAY19-6500-C,7281.68,90.26,0.1165,4.0,0.1225,4.0,109.13,2.36565,-20.54532,0.82837,0.00027,0.82683
7265.61,BTC-27SEP19,1558177140985,open,0.12,171.1,0.08,0.1695,0.12475064,92.77,0.132,0.0,BTC-27SEP19-6000-P,7281.68,88.6,0.1165,6.0,0.131,3.2,95.94,14.3581,-5.05041,-10.28262,8e-05,-0.26696
235.52,index_price,1558177141013,open,0.31,100.0,0.268,0.373,0.320537,133.68,0.223,0,ETH-24MAY19-310-P,235.52,0.0,0.004,10.0,0.454,1.0,464.22,0.03668,-0.41729,-0.0477,0.00307,-0.93764
7281.68,index_price,1558177141020,open,0.08,160.9,0.041,0.1205,0.08080527,105.14,0.0955,0,BTC-31MAY19-7250-C,7281.68,100.2,0.077,12.0,0.0845,13.0,110.28,5.4164,-22.1142,1.20062,0.00028,0.54808
7267.65,BTC-27SEP19,1558177141030,open,0.17,185.2,0.1235,0.2165,0.16981965,88.98,0.158,0.0,BTC-27DEC19-6000-P,7281.68,84.92,0.1595,3.2,0.176,5.0,91.34,18.6561,-3.72409,-19.36981,7e-05,-0.26654
7267.35,BTC-27SEP19,1558177141043,open,2.02,0.0,1.932,2.1755,2.05373734,114.91,None,0.0,BTC-27SEP19-22000-P,7281.68,0.0,0.0,0.0,0.0,0.0,0.0,7.89576,-3.43993,-77.44817,4e-05,-0.89586
235.52,index_price,1558177141043,open,0.02,8.0,0.001,0.057,0.01683,116.35,0.011,0,ETH-31MAY19-190-P,235.52,98.31,0.01,500.0,0.016,500.0,114.32,0.0972,-0.43917,-0.01281,0.00427,-0.13739
235.52,index_price,1558177141092,open,0.02,817.0,0.001,0.06,0.020943,125.44,0.013,0,ETH-31MAY19-300-C,235.52,103.03,0.011,500.0,0.018,500.0,119.35,0.11672,-0.56859,0.01335,0.00476,0.18161
7267.35,BTC-27SEP19,1558177141130,open,0.46,0.2,0.4155,0.495,0.45527088,95.29,0.26,0.0,BTC-27SEP19-4250-C,7281.9,0.0,0.0105,0.1,0.4885,2.0,122.18,8.24916,-2.98019,11.39748,5e-05,0.88934
7276.63,BTC-28JUN19,1558177141130,open,1.73,0.4,1.6405,1.86,1.75020593,124.31,5.076,0.0,BTC-28JUN19-20000-P,7281.9,0.0,0.0,0.0,2.135,2.0,500.0,0.82204,-1.25,-22.30437,1e-05,-0.98687
7276.63,BTC-28JUN19,1558177141130,open,0.0,90.3,0.0005,0.0435,0.00351776,129.7,0.004,0.0,BTC-28JUN19-3250-P,7281.9,113.26,0.0015,16.0,0.0055,16.0,140.82,1.13059,-1.79365,-0.18379,1e-05,-0.01904
7267.35,BTC-27SEP19,1558177141130,open,1.09,0.0,1.0315,1.2,1.11565416,103.18,None,0.0,BTC-27SEP19-15000-P,7281.9,0.0,0.0065,10.1,1.878,0.3,500.0,12.05689,-4.71661,-50.42177,6e-05,-0.80465
7267.35,BTC-27SEP19,1558177141130,open,0.67,56.4,0.6235,0.703,0.66314761,106.47,0.6975,0.0,BTC-27SEP19-2500-C,7281.9,0.0,0.0065,10.1,0.673,2.0,129.66,2.41878,-0.97644,8.22926,1e-05,0.97656
7267.35,BTC-27SEP19,1558177141130,open,0.03,42.8,0.0005,0.0665,0.02568709,96.55,0.027,0.0,BTC-27SEP19-3750-P,7281.9,90.28,0.0205,4.0,0.03,4.0,101.41,6.26658,-2.29399,-2.67854,3e-05,-0.07632
7267.35,BTC-27SEP19,1558177141130,open,1.22,0.0,1.1575,1.3365,1.24703256,104.78,None,0.0,BTC-27SEP19-16000-P,7281.9,0.0,0.0065,10.1,2.01,0.2,500.0,11.22229,-4.45809,-54.43017,6e-05,-0.82593
7267.35,BTC-27SEP19,1558177141130,open,0.8,0.0,0.756,0.8355,0.79590295,97.61,None,0.0,BTC-27DEC19-1500-C,7281.9,0.0,0.014,0.2,0.992,0.5,500.0,1.12615,-0.2466,8.74012,0.0,0.99286
7276.85,BTC-28JUN19,1558177141131,open,0.01,341.7,0.0005,0.046,0.0062679,114.75,0.009,0.0,BTC-28JUN19-15000-C,7281.9,108.65,0.0045,16.0,0.0075,2.0,118.41,2.32281,-3.26042,0.31852,3e-05,0.04535
7276.85,BTC-28JUN19,1558177141132,open,0.24,1890.5,0.1905,0.27,0.23040691,102.06,0.248,0.0,BTC-28JUN19-6000-C,7281.9,83.39,0.212,2.0,0.2505,2.0,121.35,7.41175,-9.25339,4.38936,0.00012,0.76903
7267.35,BTC-27SEP19,1558177141131,open,0.05,96.3,0.007,0.0905,0.0486961,94.64,0.0455,0.0,BTC-27SEP19-4500-P,7281.9,90.09,0.043,6.0,0.053,4.0,97.99,9.23457,-3.31364,-4.68867,5e-05,-0.12987
7267.35,BTC-27SEP19,1558177141132,open,0.06,75.2,0.0165,0.1005,0.05855888,94.19,0.0635,0.0,BTC-27SEP19-4750-P,7281.9,89.83,0.0525,6.0,0.063,4.0,97.33,10.20897,-3.64593,-5.49005,6e-05,-0.15053
7276.85,BTC-28JUN19,1558177141132,open,0.03,360.6,0.0005,0.0665,0.02672888,106.87,0.0245,0.0,BTC-28JUN19-11000-C,7281.9,103.51,0.024,12.8,0.0295,12.8,110.15,6.03066,-7.88364,1.12191,0.0001,0.1644
7267.35,BTC-27SEP19,1558177141130,open,1.78,0.0,1.7,1.9245,1.81203821,101.66,None,0.0,BTC-27DEC19-20000-P,7281.9,0.0,0.0065,5.0,2.67,0.2,500.0,15.41956,-3.51652,-116.34686,5e-05,-0.80982
7281.9,index_price,1558177141130,open,0.01,195.7,0.0005,0.053,0.01271498,113.41,0.011,0,BTC-31MAY19-5750-P,7281.9,106.99,0.0105,21.7,0.0145,20.0,118.27,2.60703,-11.48145,-0.32066,0.00012,-0.11211
7276.85,BTC-28JUN19,1558177141133,open,0.34,692.2,0.2955,0.375,0.33502254,106.7,0.4285,0.0,BTC-28JUN19-5000-C,7281.9,0.0,0.235,0.5,0.36,0.5,141.6,4.56262,-5.95529,4.52709,7e-05,0.89055
7276.85,BTC-28JUN19,1558177141134,open,0.01,226.5,0.0005,0.0535,0.01341892,111.23,0.012,0.0,BTC-28JUN19-4500-P,7281.9,105.6,0.011,16.0,0.0155,16.1,115.73,3.26254,-4.43917,-0.67819,5e-05,-0.0698
7281.9,index_price,1558177141130,open,0.15,3.7,0.1095,0.189,0.14915693,103.96,0.14,0,BTC-24MAY19-6250-C,7281.9,86.53,0.1455,4.0,0.1515,4.0,113.23,1.74171,-15.40854,0.86798,0.0002,0.88961
7267.35,BTC-27SEP19,1558177141134,open,0.06,28.1,0.019,0.0985,0.05890432,101.3,0.0615,0.0,BTC-27SEP19-14000-C,7281.9,97.92,0.053,3.2,0.064,3.2,104.12,12.93279,-4.9672,4.22878,7e-05,0.21996
7276.85,BTC-28JUN19,1558177141134,open,0.46,322.4,0.418,0.4975,0.45787777,116.01,0.451,0.0,BTC-28JUN19-4000-C,7281.9,0.0,0.0605,3.0,0.6,0.1,343.03,2.15476,-3.05772,4.0811,3e-05,0.95867
7276.85,BTC-28JUN19,1558177141134,open,0.5,30.0,0.451,0.5305,0.49068041,120.68,0.298,0.0,BTC-28JUN19-3750-C,7281.9,0.0,0.009,0.3,0.7805,3.0,500.0,1.77616,-2.62192,3.88465,2e-05,0.96737
7276.85,BTC-28JUN19,1558177141135,open,0.01,302.6,0.0005,0.0525,0.01283404,111.73,0.0135,0.0,BTC-28JUN19-13000-C,7281.9,107.06,0.0105,16.0,0.015,16.0,115.68,3.82725,-5.23073,0.59736,6e-05,0.08614
7267.35,BTC-27SEP19,1558177141130,open,1.14,0.0,1.0735,1.2455,1.15938907,97.42,None,0.0,BTC-27DEC19-15000-P,7281.9,0.0,0.0065,10.0,1.992,0.2,499.95,19.2436,-4.20555,-83.22705,6e-05,-0.71612
7276.85,BTC-28JUN19,1558177141135,open,0.01,239.1,0.0005,0.0505,0.01028709,113.88,0.009,0.0,BTC-28JUN19-4250-P,7281.9,107.33,0.008,16.0,0.0125,26.0,119.58,2.69387,-3.7526,-0.52889,4e-05,-0.05461
7267.35,BTC-27SEP19,1558177141135,open,0.09,700.9,0.0415,0.121,0.08141415,98.25,0.071,0.0,BTC-27SEP19-12000-C,7281.9,94.1,0.073,3.2,0.0885,3.2,101.66,14.94835,-5.5684,5.47198,8e-05,0.28981
7267.35,BTC-27SEP19,1558177141131,open,2.31,0.0,2.216,2.4835,2.34990924,106.11,None,0.0,BTC-27DEC19-24000-P,7281.9,0.0,0.0065,10.1,3.215,0.2,500.0,13.38023,-3.18503,-141.89277,4e-05,-0.84762
7276.85,BTC-28JUN19,1558177141135,open,0.29,13.6,0.2475,0.351,0.29908239,102.88,0.2915,0.0,BTC-28JUN19-9000-P,7281.9,0.0,0.0015,1.0,0.7915,1.0,500.0,8.79855,-11.0727,-7.91268,0.00014,-0.67189
7267.35,BTC-27SEP19,1558177141130,open,0.05,114.8,0.0125,0.0965,0.05463253,89.5,0.0585,0.0,BTC-27DEC19-4000-P,7281.9,86.4,0.05,9.0,0.058,0.2,91.71,10.98204,-2.20506,-7.50108,4e-05,-0.1144
7281.9,index_price,1558177141130,open,0.35,0.0,0.308,0.3875,0.34795942,133.89,0.2,0,BTC-24MAY19-4750-C,7281.9,0.0,0.0055,0.2,0.9995,1.0,500.0,0.12552,-1.43022,0.75887,1e-05,0.99534
7267.57,BTC-27SEP19,1558177141132,open,1.52,0.0,1.447,1.6505,1.54873222,100.4,None,0.0,BTC-27DEC19-18000-P,7281.9,0.0,0.0065,5.0,2.3985,0.2,500.0,16.92417,-3.81186,-103.23159,5e-05,-0.7775
7267.57,BTC-27SEP19,1558177141136,open,0.49,238.5,0.4425,0.522,0.48220806,96.11,0.544,0.0,BTC-27SEP19-4000-C,7281.9,0.0,0.165,2.0,0.511,2.0,122.09,7.26884,-2.64878,11.15399,4e-05,0.90699
7276.85,BTC-28JUN19,1558177141136,open,1.05,2.0,0.985,1.15,1.06762771,114.84,2.658,0.0,BTC-28JUN19-15000-P,7281.9,0.0,0.0,0.0,1.508,1.0,500.0,2.32911,-3.27179,-16.4787,3e-05,-0.95449
7267.57,BTC-27SEP19,1558177141136,open,1.49,1.0,1.412,1.6125,1.5124966,107.56,1.5815,0.0,BTC-27SEP19-18000-P,7281.9,0.0,0.0065,0.4,2.274,0.3,500.0,9.73203,-3.96896,-62.29197,5e-05,-0.85981
7281.9,index_price,1558177141135,open,0.0,571.8,0.0005,0.044,0.00423178,123.5,0.0035,0,BTC-31MAY19-5000-P,7281.9,111.53,0.0025,20.0,0.0055,20.0,130.62,1.20754,-5.79121,-0.11674,5e-05,-0.04121
7267.57,BTC-27SEP19,1558177141137,open,0.02,374.8,0.0005,0.061,0.02020307,97.62,0.0155,0.0,BTC-27SEP19-3500-P,7281.9,90.08,0.015,4.0,0.0245,4.0,103.24,5.33541,-1.97468,-2.15712,3e-05,-0.06195
7267.57,BTC-27SEP19,1558177141132,open,0.02,178.6,0.0005,0.056,0.01559472,97.58,0.0125,0.0,BTC-27DEC19-2500-P,7281.9,88.86,0.0105,5.0,0.0205,4.0,104.8,4.6407,-1.01589,-2.3551,1e-05,-0.03748
7281.9,index_price,1558177141136,open,0.0,307.5,0.0005,0.043,0.00295307,128.27,0.0025,0,BTC-31MAY19-4750-P,7281.9,107.43,0.001,20.0,0.0045,30.0,139.22,0.90796,-4.52275,-0.0824,4e-05,-0.02912
7276.85,BTC-28JUN19,1558177141138,open,0.43,10.5,0.3865,0.466,0.42623515,113.86,0.2685,0.0,BTC-28JUN19-4250-C,7281.9,0.0,0.0325,3.0,0.7,3.0,500.0,2.69286,-3.75049,4.23089,4e-05,0.94541
7267.57,BTC-27SEP19,1558177141130,open,0.07,37.7,0.0325,0.112,0.07200316,100.41,0.08,0.0,BTC-27DEC19-18000-C,7281.9,98.45,0.0675,0.9,0.0765,3.2,102.32,16.92651,-3.81283,6.68089,5e-05,0.22255
7281.9,index_price,1558177141130,open,0.0,224.4,0.0005,0.042,0.00232164,115.7,0.0055,0,BTC-24MAY19-9500-C,7281.9,100.81,0.001,20.0,0.0035,59.9,125.01,0.81413,-8.01581,0.04547,8e-05,0.04111
7281.9,index_price,1558177141133,open,0.36,42.8,0.311,0.3905,0.35063108,128.12,0.251,0,BTC-31MAY19-4750-C,7281.9,0.0,0.0035,1.1,0.0,0.0,0.0,0.90445,-4.49971,1.59361,4e-05,0.97101
7267.57,BTC-27SEP19,1558177141132,open,0.04,81.7,0.0005,0.0795,0.03835347,91.74,0.0335,0.0,BTC-27DEC19-3500-P,7281.9,87.2,0.033,9.0,0.0435,5.0,95.92,8.77115,-1.80523,-5.43661,3e-05,-0.08416
7281.9,index_price,1558177141133,open,0.0,101.4,0.0005,0.04,9.811e-05,135.01,0.0005,0,BTC-31MAY19-3500-P,7281.9,0.0,0.0,0.0,0.002,10.1,193.15,0.05775,-0.30276,-0.00354,0.0,-0.00128
7267.57,BTC-27SEP19,1558177141130,open,1.26,0.0,1.194,1.3765,1.28539759,97.46,None,0.0,BTC-27DEC19-16000-P,7281.9,0.0,0.0065,5.0,2.1285,0.2,500.0,18.27615,-3.99583,-90.05535,6e-05,-0.74392
7267.57,BTC-27SEP19,1558177141130,open,0.32,63.9,0.2735,0.353,0.31340076,88.93,0.3025,0.0,BTC-27DEC19-6500-C,7281.9,84.96,0.3025,5.0,0.3215,5.0,91.9,19.91252,-3.97286,16.90345,7e-05,0.69431
7281.9,index_price,1558177141134,open,0.14,43.2,0.1,0.191,0.14552055,102.94,0.1735,0,BTC-24MAY19-8250-P,7281.9,96.83,0.1435,4.0,0.1505,4.0,116.79,2.4795,-21.71889,-1.12406,0.00028,-0.81339
7281.9,index_price,1558177141132,open,0.2,504.0,0.1535,0.233,0.19332421,109.45,0.19,0,BTC-31MAY19-6000-C,7281.9,0.0,0.085,3.0,0.241,3.0,199.53,3.16141,-13.43648,1.69179,0.00015,0.85193
7281.9,index_price,1558177141138,open,0.45,9.0,0.4115,0.491,0.45124423,134.51,0.249,0,BTC-31MAY19-4000-C,7281.9,0.0,0.0165,0.2,0.0,0.0,0.0,0.24111,-1.2594,1.39356,1e-05,0.99375
7267.57,BTC-27SEP19,1558177141132,open,0.04,23.0,0.004,0.0835,0.04362771,108.46,0.04,0.0,BTC-27DEC19-26000-C,7281.9,106.03,0.0395,1.9,0.048,4.0,110.91,12.64091,-3.07571,4.27724,4e-05,0.14001
7281.9,index_price,1558177141130,open,0.2,17.9,0.16,0.2565,0.20828368,109.8,0.1345,0,BTC-24MAY19-8750-P,7281.9,0.0,0.0015,1.0,0.2755,0.1,278.93,1.69023,-15.79274,-1.29226,0.00018,-0.89411
7267.57,BTC-27SEP19,1558177141132,open,0.73,0.0,0.692,0.7715,0.73186061,97.56,None,0.0,BTC-27DEC19-2000-C,7281.9,0.0,0.014,0.1,0.991,0.5,500.0,2.63926,-0.57767,11.05352,1e-05,0.98094
7267.57,BTC-27SEP19,1558177141132,open,0.01,89.9,0.0005,0.047,0.00705272,97.56,0.01,0.0,BTC-27DEC19-2000-P,7281.9,89.64,0.0045,0.1,0.009,20.0,102.57,2.63864,-0.57748,-1.15848,1e-05,-0.01905
7267.57,BTC-27SEP19,1558177141133,open,0.1,65.2,0.0555,0.135,0.09544818,97.45,0.1055,0.0,BTC-27DEC19-15000-C,7281.9,95.37,0.09,1.0,0.101,3.2,99.53,19.24913,-4.20806,8.36894,6e-05,0.28404
7281.9,index_price,1558177141130,open,0.39,20.2,0.3445,0.424,0.38407652,133.38,0.2355,0,BTC-31MAY19-4500-C,7281.9,0.0,0.0055,0.5,0.0,0.0,0.0,0.67209,-3.48119,1.52988,3e-05,0.97965
7281.9,index_price,1558177141133,open,0.0,506.6,0.0005,0.042,0.00235144,124.93,0.002,0,BTC-24MAY19-9750-C,7281.9,115.89,0.0015,0.1,0.003,60.1,130.55,0.78021,-8.29412,0.04298,7e-05,0.03902
7281.9,index_price,1558177141132,open,0.1,20.3,0.0545,0.134,0.0941018,100.99,0.0875,0,BTC-24MAY19-6750-C,7281.9,89.46,0.0895,4.0,0.0965,4.0,106.81,2.97223,-25.54242,0.76194,0.00034,0.7441
7281.9,index_price,1558177141130,open,0.29,0.0,0.241,0.3205,0.28052233,133.92,None,0,BTC-24MAY19-5250-C,7281.9,0.0,0.0035,0.2,0.9995,0.1,500.0,0.48848,-5.56663,0.81738,4e-05,0.97781
7281.9,index_price,1558177141132,open,0.05,140.5,0.006,0.0895,0.04790038,99.18,0.05,0,BTC-24MAY19-7250-P,7281.9,92.43,0.0445,12.0,0.052,12.0,107.32,3.66826,-30.96068,-0.5966,0.00043,-0.46104
7281.9,index_price,1558177141135,open,0.52,0.0,0.4795,0.559,0.5194398,133.06,None,0,BTC-31MAY19-3500-C,7281.9,0.0,0.007,0.2,0.0,0.0,0.0,0.05108,-0.26394,1.23156,0.0,0.99888
7281.9,index_price,1558177141137,open,0.01,194.7,0.0005,0.0475,0.00747534,104.07,0.006,0,BTC-24MAY19-6250-P,7281.9,95.31,0.0055,20.0,0.009,0.4,110.2,1.74413,-15.44609,-0.13842,0.0002,-0.11061
7281.9,index_price,1558177141161,open,0.22,8.0,0.1735,0.253,0.21345739,116.7,0.26,0,BTC-24MAY19-5750-C,7281.9,0.0,0.0025,1.0,0.2655,0.5,301.37,0.91514,-9.08794,0.86628,9e-05,0.95246
7267.57,BTC-27SEP19,1558177141169,open,1.26,0.0,1.194,1.3765,1.28539759,97.46,None,0.0,BTC-27DEC19-16000-P,7281.9,0.0,0.0065,5.0,2.1275,0.2,500.0,18.27615,-3.99583,-90.05535,6e-05,-0.74392
7267.35,BTC-27SEP19,1558177141173,open,0.84,0.0,0.784,0.932,0.8579942,99.96,None,0.0,BTC-27SEP19-13000-P,7281.9,0.0,0.0065,50.1,1.6135,0.3,500.0,13.94742,-5.28622,-42.16225,7e-05,-0.74775
7267.35,BTC-27SEP19,1558177141178,open,1.22,0.0,1.1575,1.3365,1.24703256,104.78,None,0.0,BTC-27SEP19-16000-P,7281.9,0.0,0.0065,10.1,2.009,0.2,500.0,11.22229,-4.45809,-54.43017,6e-05,-0.82593
7267.35,BTC-27SEP19,1558177141181,open,1.09,0.0,1.0315,1.2,1.11565416,103.18,None,0.0,BTC-27SEP19-15000-P,7281.9,0.0,0.0065,10.1,1.877,0.3,500.0,12.05689,-4.71661,-50.42177,6e-05,-0.80465
7267.35,BTC-27SEP19,1558177141189,open,2.05,0.0,1.9585,2.2045,2.08158989,104.65,None,0.0,BTC-27DEC19-22000-P,7281.9,0.0,0.0065,11.0,2.942,0.3,500.0,14.48718,-3.40112,-129.1081,4e-05,-0.82784
7276.63,BTC-28JUN19,1558177141191,open,0.78,0.8,0.7275,0.871,0.79934587,111.68,2.171,0.0,BTC-28JUN19-13000-P,7281.9,0.0,0.07,1.0,1.2635,1.0,500.0,3.82249,-5.22181,-13.96202,6e-05,-0.914
235.52,index_price,1558177141190,open,0.37,0.0,0.318,0.427,0.372233,128.4,None,0,ETH-31MAY19-320-P,235.52,0.0,0.0,0.0,0.0,0.0,0.0,0.09104,-0.45394,-0.10363,0.00362,-0.87503
7267.35,BTC-27SEP19,1558177141194,open,2.31,0.0,2.216,2.4835,2.34990924,106.11,None,0.0,BTC-27DEC19-24000-P,7281.9,0.0,0.0065,10.1,3.2135,0.2,500.0,13.38023,-3.18503,-141.89277,4e-05,-0.84762
235.52,index_price,1558177141313,open,0.07,3.0,0.025,0.104,0.064158,118.93,0.078,0,ETH-31MAY19-250-C,235.52,106.52,0.055,300.0,0.066,300.0,121.42,0.17435,-0.80524,0.03108,0.00749,0.43825
7281.9,index_price,1558177141364,open,0.02,66.1,0.0005,0.0615,0.02107722,101.06,0.019,0,BTC-24MAY19-6750-P,7281.9,93.39,0.018,17.0,0.0235,16.0,106.91,2.97292,-25.56578,-0.32483,0.00034,-0.25602
7281.9,index_price,1558177141371,open,0.0,112.1,0.0005,0.043,0.00310883,116.88,0.0015,0,BTC-24MAY19-5750-P,7281.9,107.03,0.002,0.1,0.0045,30.0,126.84,0.91868,-9.13692,-0.05964,9e-05,-0.04776
235.52,index_price,1558177141614,open,0.29,0.0,0.243,0.346,0.294719,125.44,None,0,ETH-31MAY19-300-P,235.52,0.0,0.0,0.0,0.0,0.0,0.0,0.11672,-0.56858,-0.09248,0.00476,-0.8184
7267.57,BTC-27SEP19,1558177141633,open,0.97,0.0,0.906,1.0645,0.98536711,101.35,None,0.0,BTC-27SEP19-14000-P,7281.9,0.0,0.0065,10.1,1.7455,0.3,500.0,12.9407,-4.97277,-46.35023,7e-05,-0.77982
7281.9,index_price,1558177141725,open,0.01,228.0,0.0005,0.049,0.00896128,116.55,0.009,0,BTC-31MAY19-5500-P,7281.9,109.28,0.007,3.0,0.0105,20.0,121.77,2.07233,-9.37959,-0.23377,0.0001,-0.08204
7267.42,BTC-27SEP19,1558177141762,open,0.35,123.6,0.3045,0.384,0.34423901,88.94,0.369,0.0,BTC-27DEC19-6000-C,7281.9,71.73,0.3,0.3,0.4,0.1,110.84,18.65646,-3.72233,17.27111,7e-05,0.73344
237.31,ETH-28JUN19,1558177141877,open,0.32,1.0,0.276,0.381,0.328619,109.44,0.255,0.0,ETH-28JUN19-300-P,235.52,0.0,0.001,2.0,0.0,0.0,0.0,0.28542,-0.3821,-0.26702,0.00414,-0.67614
240.34,ETH-27SEP19,1558177141877,open,0.07,1219.0,0.031,0.11,0.070407,110.87,0.061,0.0,ETH-27SEP19-480-C,235.52,105.16,0.06,80.0,0.072,80.0,111.72,0.4496,-0.189,0.14769,0.00194,0.24049
240.34,ETH-27SEP19,1558177141877,open,0.21,657.0,0.169,0.248,0.208515,100.63,0.224,0.0,ETH-27SEP19-260-C,235.52,96.6,0.199,60.0,0.213,60.0,102.53,0.56783,-0.21664,0.31255,0.0027,0.56845
237.31,ETH-28JUN19,1558177141877,open,0.35,923.0,0.304,0.383,0.343218,102.67,0.357,0.0,ETH-28JUN19-160-C,235.52,0.0,0.02,2.0,0.69,5.0,500.0,0.13272,-0.16668,0.14968,0.00205,0.90644
240.34,ETH-27SEP19,1558177141877,open,0.0,174.0,0.001,0.042,0.002375,112.45,0.002,0.0,ETH-27SEP19-60-P,235.52,0.0,0.0,0.0,0.005,100.0,127.36,0.03306,-0.01409,-0.00936,0.00014,-0.0084
235.52,index_price,1558177141877,open,0.13,996.0,0.086,0.175,0.13045,123.87,0.13,0,ETH-24MAY19-260-P,235.52,98.63,0.12,100.0,0.131,100.0,125.13,0.10244,-1.07988,-0.03183,0.00926,-0.70905
240.34,ETH-27SEP19,1558177141880,open,0.03,7287.0,0.001,0.065,0.024968,99.58,0.023,0.0,ETH-27SEP19-120-P,235.52,91.98,0.019,100.0,0.024,100.0,98.4,0.19862,-0.07499,-0.08437,0.00096,-0.07219
235.52,index_price,1558177141883,open,0.1,0.0,0.059,0.138,0.098205,116.34,None,0,ETH-31MAY19-230-C,235.52,106.5,0.091,300.0,0.102,300.0,121.53,0.17234,-0.77861,0.04054,0.00757,0.5862
237.31,ETH-28JUN19,1558177141890,open,0.28,3366.0,0.237,0.316,0.276871,102.67,0.259,0.0,ETH-28JUN19-180-C,235.52,94.14,0.27,80.0,0.28,80.0,106.4,0.19671,-0.24704,0.14847,0.00304,0.83555
240.34,ETH-27SEP19,1558177141897,open,0.31,1736.0,0.27,0.349,0.3092,99.58,0.326,0.0,ETH-27SEP19-200-C,235.52,93.47,0.297,20.0,0.313,20.0,101.49,0.47958,-0.18107,0.36352,0.00231,0.72782
237.31,ETH-28JUN19,1558177141910,open,0.01,9841.0,0.001,0.047,0.007229,103.26,0.006,0.0,ETH-28JUN19-140-P,235.52,91.39,0.004,400.0,0.01,400.0,111.35,0.07469,-0.09434,-0.01377,0.00115,-0.04457
237.31,ETH-28JUN19,1558177141918,open,0.67,0.0,0.624,0.703,0.66389,141.63,None,0.0,ETH-28JUN19-80-C,235.52,0.0,0.003,2.0,0.0,0.0,0.0,0.01287,-0.0223,0.08781,0.00014,0.99432
240.34,ETH-27SEP19,1558177141929,open,0.15,387.0,0.107,0.186,0.146594,103.14,0.155,0.0,ETH-27SEP19-320-C,235.52,99.09,0.137,100.0,0.15,60.0,104.58,0.56973,-0.22281,0.25452,0.00265,0.4397
235.52,index_price,1558177141932,open,0.37,0.0,0.325,0.404,0.364245,170.0,None,0,ETH-24MAY19-150-C,235.52,0.0,0.002,9.0,0.0,0.0,0.0,0.01061,-0.1535,0.02358,0.0007,0.98608
7267.42,BTC-27SEP19,1558177141935,open,0.73,28.2,0.6875,0.767,0.72741333,106.42,0.755,0.0,BTC-27SEP19-2000-C,7281.9,0.0,0.0065,5.1,0.7305,1.0,121.7,1.13597,-0.45835,6.90214,1e-05,0.99028
7276.88,BTC-28JUN19,1558177141935,open,0.53,5.7,0.477,0.5995,0.53837386,106.88,1.142,0.0,BTC-28JUN19-11000-P,7281.9,0.0,0.0,0.0,1.024,1.0,500.0,6.03142,-7.88531,-11.1966,0.0001,-0.83557
7267.42,BTC-27SEP19,1558177141944,open,0.31,731.8,0.2595,0.339,0.29904618,92.77,0.2905,0.0,BTC-27SEP19-6000-C,7281.9,0.0,0.01,4.0,0.455,0.3,172.97,14.35768,-5.05024,11.39946,8e-05,0.73319
7281.9,index_price,1558177141976,open,0.0,18.7,0.0005,0.0415,0.00150907,134.23,0.001,0,BTC-24MAY19-5250-P,7281.9,113.96,0.0005,11.0,0.0025,30.0,146.71,0.4927,-5.62785,-0.02805,4e-05,-0.02242
240.34,ETH-27SEP19,1558177141984,open,0.68,31.0,0.623,0.757,0.690288,106.68,0.55,0.0,ETH-27SEP19-380-P,235.52,0.0,0.001,2.0,0.0,0.0,0.0,0.53334,-0.21573,-1.16656,0.0024,-0.65312
7267.42,BTC-27SEP19,1558177141984,open,0.51,27.1,0.4645,0.544,0.50423245,89.5,0.542,0.0,BTC-27DEC19-4000-C,7281.9,0.0,0.014,0.1,0.98,0.5,500.0,10.98212,-2.20512,16.92353,4e-05,0.8856
237.31,ETH-28JUN19,1558177142028,open,0.42,335.0,0.378,0.457,0.417284,103.26,0.3,0.0,ETH-28JUN19-140-C,235.52,0.0,0.02,2.0,0.6,1.0,367.15,0.07469,-0.09434,0.14302,0.00115,0.95543
237.31,ETH-28JUN19,1558177142028,open,0.54,10.0,0.499,0.578,0.538037,109.15,0.265,0.0,ETH-28JUN19-110-C,235.52,0.0,0.028,1.0,0.0,0.0,0.0,0.02315,-0.0309,0.11983,0.00034,0.98892
235.52,index_price,1558177142028,open,0.02,593.0,0.001,0.058,0.018295,125.1,0.013,0,ETH-24MAY19-270-C,235.52,104.05,0.011,400.0,0.018,401.0,124.31,0.08785,-0.93517,0.00754,0.00786,0.21728
240.34,ETH-27SEP19,1558177142049,open,0.36,743.0,0.314,0.393,0.353924,99.58,0.338,0.0,ETH-27SEP19-180-C,235.52,93.36,0.343,20.0,0.356,20.0,100.76,0.42442,-0.16024,0.37257,0.00204,0.78297
235.52,index_price,1558177142049,open,0.03,1531.0,0.001,0.071,0.030357,117.39,0.031,0,ETH-24MAY19-220-P,235.52,100.35,0.023,400.0,0.032,400.0,121.12,0.10347,-1.03366,-0.01242,0.00987,-0.29731
240.34,ETH-27SEP19,1558177142053,open,1.37,0.0,1.29,1.48,1.384855,115.42,None,0.0,ETH-27SEP19-560-P,235.52,0.0,0.0,0.0,0.0,0.0,0.0,0.39391,-0.17237,-1.90462,0.00164,-0.80851
240.34,ETH-27SEP19,1558177142065,open,0.19,697.0,0.145,0.224,0.184698,101.47,0.194,0.0,ETH-27SEP19-280-C,235.52,97.01,0.174,60.0,0.189,60.0,103.27,0.57547,-0.2214,0.29269,0.00272,0.52176
240.34,ETH-27SEP19,1558177142065,open,0.18,1684.0,0.138,0.232,0.185381,99.58,0.185,0.0,ETH-27SEP19-220-P,235.52,95.26,0.176,80.0,0.19,2.0,101.71,0.52153,-0.1969,-0.44531,0.00251,-0.32743
237.31,ETH-28JUN19,1558177142072,open,0.62,0.0,0.582,0.661,0.621581,124.12,None,0.0,ETH-28JUN19-90-C,235.52,0.0,0.003,3.0,0.0,0.0,0.0,0.01252,-0.01901,0.0991,0.00016,0.99449
240.34,ETH-27SEP19,1558177142090,open,0.08,370.0,0.044,0.123,0.083504,109.47,0.072,0.0,ETH-27SEP19-440-C,235.52,104.67,0.074,100.0,0.084,80.0,109.71,0.48425,-0.20098,0.16853,0.00212,0.27758
240.34,ETH-27SEP19,1558177142090,open,0.67,0.0,0.632,0.711,0.671843,101.08,None,0.0,ETH-27SEP19-80-C,235.52,0.0,0.003,10.0,0.0,0.0,0.0,0.06166,-0.02363,0.26998,0.00029,0.98275
237.31,ETH-28JUN19,1558177142090,open,0.38,481.0,0.34,0.419,0.379308,102.61,0.385,0.0,ETH-28JUN19-150-C,235.52,0.0,0.02,2.0,0.49,1.0,256.68,0.10169,-0.12763,0.14746,0.00157,0.93417
235.52,index_price,1558177142092,open,0.0,269.0,0.001,0.041,0.001134,170.0,0.001,0,ETH-24MAY19-150-P,235.52,0.0,0.0,0.0,0.021,104.0,317.87,0.01061,-0.1535,-0.00057,0.0007,-0.01392
235.52,index_price,1558177142102,open,0.03,21.0,0.001,0.067,0.026407,116.34,0.028,0,ETH-31MAY19-200-P,235.52,101.49,0.019,400.0,0.026,400.0,115.56,0.12219,-0.55207,-0.01845,0.00537,-0.19562
237.31,ETH-28JUN19,1558177142132,open,0.02,4448.0,0.001,0.058,0.017446,102.67,0.017,0.0,ETH-28JUN19-160-P,235.52,94.26,0.013,400.0,0.018,3.0,103.66,0.13274,-0.16671,-0.0295,0.00205,-0.09357
7276.88,BTC-28JUN19,1558177142147,open,0.92,1.3,0.856,1.01,0.93315402,114.13,2.415,0.0,BTC-28JUN19-14000-P,7281.9,0.0,0.0,0.0,1.385,1.0,500.0,3.04967,-4.25765,-15.23242,5e-05,-0.93603
7281.9,index_price,1558177142149,open,0.37,0.0,0.3265,0.4365,0.38158416,116.28,None,0,BTC-31MAY19-10000-P,7281.9,0.0,0.0,0.0,0.0,0.0,0.0,2.21357,-9.99494,-3.3188,0.0001,-0.9104
240.34,ETH-27SEP19,1558177142160,open,0.41,400.0,0.365,0.444,0.404697,99.58,0.383,0.0,ETH-27SEP19-160-C,235.52,82.25,0.38,1.0,0.599,10.0,224.15,0.35689,-0.13475,0.37471,0.00172,0.83622
235.52,index_price,1558177142186,open,0.0,95.0,0.001,0.04,0.000141,170.0,0.001,0,ETH-24MAY19-130-P,235.52,0.0,0.0,0.0,0.003,105.0,253.6,0.00198,-0.02863,-8e-05,0.00013,-0.0021
7267.42,BTC-27SEP19,1558177142191,open,0.6,226.1,0.5595,0.639,0.59900982,100.27,0.585,0.0,BTC-27SEP19-3000-C,7281.9,0.0,0.0065,20.1,0.6205,2.0,133.38,3.64257,-1.3848,9.52027,2e-05,0.96158
240.34,ETH-27SEP19,1558177142196,open,0.47,191.0,0.422,0.501,0.4619,99.58,0.5,0.0,ETH-27SEP19-140-C,235.52,0.0,0.044,1.0,0.0,0.0,0.0,0.27982,-0.10565,0.3677,0.00135,0.88534
237.31,ETH-28JUN19,1558177142200,open,0.39,0.0,0.344,0.455,0.399447,111.1,None,0.0,ETH-28JUN19-320-P,235.52,0.0,0.232,10.0,0.0,0.0,0.0,0.26171,-0.35566,-0.30063,0.00374,-0.73178
237.31,ETH-28JUN19,1558177142200,open,0.0,3083.0,0.001,0.041,0.001808,124.12,0.001,0.0,ETH-28JUN19-100-P,235.52,0.0,0.0,0.0,0.004,400.0,141.3,0.02311,-0.03508,-0.00342,0.0003,-0.01106
240.34,ETH-27SEP19,1558177142200,open,0.12,1098.0,0.08,0.159,0.119099,105.18,0.121,0.0,ETH-27SEP19-360-C,235.52,100.71,0.109,100.0,0.122,80.0,106.45,0.54703,-0.21814,0.22077,0.00249,0.37334
235.52,index_price,1558177142200,open,0.07,2675.0,0.027,0.111,0.069142,115.86,0.073,0,ETH-24MAY19-240-P,235.52,101.71,0.062,300.0,0.073,300.0,123.49,0.11903,-1.17354,-0.02241,0.01151,-0.52181
240.34,ETH-27SEP19,1558177142209,open,0.11,1192.0,0.07,0.149,0.109194,106.68,0.115,0.0,ETH-27SEP19-380-C,235.52,104.33,0.104,100.0,0.11,80.0,107.05,0.53334,-0.21573,0.20639,0.0024,0.34688
235.52,index_price,1558177142209,open,0.01,1602.0,0.001,0.049,0.009446,117.39,0.007,0,ETH-24MAY19-200-P,235.52,97.75,0.005,500.0,0.01,2.0,119.54,0.05998,-0.5992,-0.00493,0.00572,-0.12059
235.52,index_price,1558177142212,open,0.02,515.0,0.001,0.056,0.016808,126.91,0.015,0,ETH-31MAY19-310-C,235.52,100.52,0.007,500.0,0.013,500.0,117.79,0.10344,-0.50978,0.01112,0.00417,0.15066
7267.42,BTC-27SEP19,1558177142215,open,0.01,319.4,0.0005,0.047,0.00713898,106.44,0.0055,0.0,BTC-27SEP19-2500-P,7281.9,93.29,0.0035,4.1,0.0105,4.0,115.52,2.41641,-0.97514,-0.80227,1e-05,-0.02341
7267.42,BTC-27SEP19,1558177142215,open,0.56,4.0,0.517,0.5965,0.55676328,91.75,0.59,0.0,BTC-27DEC19-3500-C,7281.9,0.0,0.001,3.0,0.68,3.0,177.56,8.77195,-1.80554,15.93409,3e-05,0.91583
235.52,index_price,1558177142234,open,0.0,86.0,0.001,0.04,0.000435,170.0,0.001,0,ETH-24MAY19-140-P,235.52,0.0,0.0,0.0,0.02,105.0,349.83,0.00499,-0.07217,-0.00024,0.00033,-0.00588
240.34,ETH-27SEP19,1558177142239,open,0.01,3243.0,0.001,0.052,0.011863,99.58,0.005,0.0,ETH-27SEP19-100-P,235.52,91.2,0.008,110.0,0.013,2.0,101.78,0.12156,-0.0459,-0.04403,0.00058,-0.03885
237.31,ETH-28JUN19,1558177142239,open,1.1,0.0,1.033,1.202,1.117497,128.98,None,0.0,ETH-28JUN19-500-P,235.52,0.0,0.0,0.0,0.0,0.0,0.0,0.1012,-0.15966,-0.54536,0.00124,-0.93458
235.52,index_price,1558177142239,open,0.01,979.0,0.001,0.044,0.00446,117.39,0.004,0,ETH-24MAY19-190-P,235.52,87.42,0.001,502.0,0.006,600.0,126.31,0.03775,-0.37714,-0.00262,0.0036,-0.0647
237.31,ETH-28JUN19,1558177142241,open,0.1,3100.0,0.055,0.142,0.098094,102.67,0.105,0.0,ETH-28JUN19-220-P,235.52,95.3,0.089,380.0,0.101,320.0,105.02,0.29336,-0.36841,-0.11841,0.00453,-0.34744
237.31,ETH-28JUN19,1558177142248,open,0.03,1605.0,0.001,0.062,0.022881,119.28,0.019,0.0,ETH-28JUN19-400-C,235.52,112.16,0.018,60.0,0.022,400.0,118.05,0.17142,-0.25012,0.02949,0.00228,0.13385
240.34,ETH-27SEP19,1558177142248,open,0.75,0.0,0.713,0.792,0.752729,112.45,0.01,0.0,ETH-27SEP19-60-C,235.52,0.0,0.003,10.0,0.0,0.0,0.0,0.03306,-0.01409,0.20742,0.00014,0.9916
235.52,index_price,1558177142248,open,0.33,0.0,0.284,0.363,0.323081,168.22,0.196,0,ETH-24MAY19-160-C,235.52,0.0,0.001,11.0,0.427,1.0,500.0,0.01894,-0.2711,0.02462,0.00126,0.97246
240.34,ETH-27SEP19,1558177142250,open,0.9,0.0,0.838,0.99,0.914243,109.47,None,0.0,ETH-27SEP19-440-P,235.52,0.0,0.0,0.0,0.0,0.0,0.0,0.48425,-0.20098,-1.42121,0.00212,-0.72242
235.52,index_price,1558177142250,open,0.08,156.0,0.032,0.111,0.071128,117.39,0.088,0,ETH-24MAY19-230-C,235.52,102.9,0.064,300.0,0.075,300.0,125.25,0.116,-1.15879,0.01976,0.01107,0.59239
237.31,ETH-28JUN19,1558177142273,open,0.0,1501.0,0.001,0.041,0.001002,141.63,0.001,0.0,ETH-28JUN19-80-P,235.52,0.0,0.0,0.0,0.002,18.0,155.99,0.01287,-0.0223,-0.00178,0.00014,-0.00568
237.31,ETH-28JUN19,1558177142289,open,0.14,4629.0,0.098,0.188,0.142905,102.67,0.12,0.0,ETH-28JUN19-240-P,235.52,96.69,0.135,300.0,0.148,240.0,106.52,0.31377,-0.39405,-0.15617,0.00485,-0.44474
237.31,ETH-28JUN19,1558177142289,open,0.2,1659.0,0.151,0.246,0.198512,104.79,0.151,0.0,ETH-28JUN19-260-P,235.52,98.39,0.19,60.0,0.203,240.0,108.16,0.31568,-0.40465,-0.19464,0.00478,-0.53389
237.31,ETH-28JUN19,1558177142321,open,0.14,1220.0,0.092,0.171,0.13157,102.67,0.157,0.0,ETH-28JUN19-240-C,235.52,97.7,0.125,300.0,0.138,240.0,107.53,0.31377,-0.39405,0.1126,0.00485,0.55526
240.34,ETH-27SEP19,1558177142322,open,0.17,1510.0,0.125,0.204,0.164045,102.24,0.181,0.0,ETH-27SEP19-300-C,235.52,98.04,0.154,100.0,0.168,60.0,103.89,0.57551,-0.22308,0.27319,0.0027,0.47865
237.31,ETH-28JUN19,1558177142322,open,0.0,4769.0,0.001,0.043,0.003013,108.69,0.004,0.0,ETH-28JUN19-120-P,235.52,91.8,0.001,100.0,0.005,409.0,119.22,0.03822,-0.05082,-0.00608,0.00056,-0.01986
240.34,ETH-27SEP19,1558177142322,open,0.04,7481.0,0.003,0.086,0.044408,99.58,0.04,0.0,ETH-27SEP19-140-P,235.52,93.96,0.038,100.0,0.047,100.0,101.79,0.27982,-0.10565,-0.13813,0.00135,-0.11466
235.52,index_price,1558177142322,open,0.28,275.0,0.24,0.319,0.279692,133.67,0.256,0,ETH-24MAY19-170-C,235.52,0.0,0.001,17.0,0.395,1.0,500.0,0.01591,-0.18098,0.02646,0.00133,0.97762
7276.88,BTC-28JUN19,1558177142345,open,0.56,0.1,0.517,0.5965,0.55689562,129.69,0.395,0.0,BTC-28JUN19-3250-C,7281.9,0.0,0.002,0.1,0.7985,2.0,500.0,1.13018,-1.79288,3.45591,1e-05,0.98097
7281.9,index_price,1558177142346,open,0.0,390.1,0.0005,0.041,0.00116582,135.0,0.0005,0,BTC-31MAY19-4250-P,7281.9,0.0,0.0,0.0,0.0025,20.0,152.22,0.43364,-2.27332,-0.03436,2e-05,-0.01221
235.52,index_price,1558177142371,open,0.06,7.0,0.012,0.091,0.051722,120.58,0.065,0,ETH-31MAY19-260-C,235.52,106.74,0.042,400.0,0.052,400.0,120.97,0.16748,-0.78419,0.02671,0.0071,0.37319
7267.42,BTC-27SEP19,1558177142421,open,0.0,421.7,0.0005,0.0425,0.00261679,106.44,0.0025,0.0,BTC-27SEP19-2000-P,7281.9,92.81,0.001,10.0,0.003,10.0,108.78,1.13669,-0.45871,-0.32418,1e-05,-0.00973
235.52,index_price,1558177142476,open,0.25,100.0,0.206,0.285,0.245761,116.34,0.256,0,ETH-31MAY19-180-C,235.52,98.56,0.241,100.0,0.249,100.0,126.33,0.07195,-0.32506,0.05517,0.00316,0.90981
7281.9,index_price,1558177142561,open,0.25,22.0,0.2035,0.3035,0.25342543,108.59,0.199,0,BTC-31MAY19-9000-P,7281.9,0.0,0.0015,3.1,0.0,0.0,0.0,3.5188,-14.83868,-2.77156,0.00017,-0.82553
7267.42,BTC-27SEP19,1558177142579,open,0.72,6.1,0.6635,0.8015,0.73262605,98.25,1.781,0.0,BTC-27SEP19-12000-P,7281.9,0.0,0.011,10.0,1.4825,0.3,500.0,14.94885,-5.56872,-37.88414,8e-05,-0.71017
7267.42,BTC-27SEP19,1558177142621,open,0.13,47.5,0.09,0.1805,0.13515138,88.93,0.137,0.0,BTC-27DEC19-5500-P,7281.9,85.25,0.1265,5.0,0.141,5.0,91.41,17.12125,-3.41578,-16.07514,6e-05,-0.2271
235.52,index_price,1558177142804,open,0.33,0.0,0.28,0.386,0.333045,126.91,None,0,ETH-31MAY19-310-P,235.52,0.0,0.0,0.0,0.0,0.0,0.0,0.10344,-0.50978,-0.09823,0.00417,-0.84934
7276.88,BTC-28JUN19,1558177142872,open,0.78,0.8,0.7275,0.871,0.79937408,111.84,2.171,0.0,BTC-28JUN19-13000-P,7281.9,0.0,0.07,1.0,1.263,1.0,500.0,3.83655,-5.24878,-13.95931,6e-05,-0.91358
235.52,index_price,1558177142956,open,0.03,3.0,0.001,0.066,0.026201,124.08,0.034,0,ETH-31MAY19-290-C,235.52,106.37,0.017,400.0,0.023,400.0,118.19,0.13055,-0.62904,0.016,0.00538,0.21876
235.52,index_price,1558177143026,open,0.01,500.0,0.001,0.05,0.010027,116.34,0.011,0,ETH-31MAY19-180-P,235.52,92.6,0.004,500.0,0.01,500.0,116.25,0.07195,-0.32506,-0.00833,0.00316,-0.09019
7281.9,index_price,1558177143035,open,0.04,8.9,0.0005,0.0745,0.03475144,106.98,0.039,0,BTC-31MAY19-8250-C,7281.9,101.97,0.0315,16.0,0.0375,16.0,111.15,4.76443,-19.79364,0.68463,0.00024,0.30128
7267.28,BTC-27SEP19,1558177143129,open,1.75,0.0,1.6705,1.8925,1.78156575,110.63,None,0.0,BTC-27SEP19-20000-P,7282.81,0.0,0.0,0.0,0.0,0.0,0.0,8.58502,-3.60085,-69.96243,4e-05,-0.88297
7267.28,BTC-27SEP19,1558177143130,open,0.44,289.7,0.3895,0.469,0.42949525,94.65,0.4705,0.0,BTC-27SEP19-4500-C,7282.81,0.0,0.0205,4.0,0.467,3.0,122.23,9.2352,-3.31417,11.5693,5e-05,0.87011
7276.9,BTC-28JUN19,1558177143130,open,0.59,43.8,0.55,0.6295,0.58996929,131.16,0.6,0.0,BTC-28JUN19-3000-C,7282.81,0.0,0.002,1.0,0.808,2.0,500.0,0.79367,-1.27339,3.23874,1e-05,0.9874
7276.9,BTC-28JUN19,1558177143130,open,0.66,24.4,0.6175,0.697,0.65722844,134.95,0.5115,0.0,BTC-28JUN19-2500-C,7282.81,0.0,0.0025,0.5,0.8285,1.0,500.0,0.33805,-0.55803,2.75441,0.0,0.99522
7267.28,BTC-27SEP19,1558177143130,open,0.02,28.3,0.0005,0.056,0.01556391,98.78,0.0095,0.0,BTC-27SEP19-3250-P,7282.81,89.76,0.0105,4.0,0.0195,4.0,104.88,4.45081,-1.66688,-1.70166,2e-05,-0.04924
7267.28,BTC-27SEP19,1558177143130,open,0.8,42.8,0.755,0.8345,0.79461032,113.11,0.815,0.0,BTC-27SEP19-1500-C,7282.81,0.0,0.0,0.0,0.0,0.0,0.0,0.5057,-0.21687,5.29054,0.0,0.9961
7267.28,BTC-27SEP19,1558177143131,open,2.02,0.0,1.931,2.175,2.0530302,114.23,None,0.0,BTC-27SEP19-22000-P,7282.81,0.0,0.0,0.0,0.0,0.0,0.0,7.78037,-3.36954,-77.48369,4e-05,-0.89795
7267.28,BTC-27SEP19,1558177143132,open,0.15,359.5,0.107,0.1865,0.14672329,93.96,0.1625,0.0,BTC-27SEP19-9000-C,7282.81,90.09,0.1375,2.4,0.156,2.4,97.84,17.34624,-6.17924,8.2691,0.0001,0.46165
7267.28,BTC-27SEP19,1558177143132,open,0.57,0.0,0.5285,0.608,0.56836194,98.79,None,0.0,BTC-27SEP19-3250-C,7282.81,0.0,0.0075,0.1,0.5945,1.0,132.89,4.45183,-1.66748,10.04011,2e-05,0.95074
7276.9,BTC-28JUN19,1558177143132,open,0.28,139.1,0.24,0.3195,0.27993187,103.98,0.273,0.0,BTC-28JUN19-5500-C,7282.81,74.79,0.2585,2.0,0.3,2.0,126.93,6.01872,-7.65488,4.53239,0.0001,0.8361
7276.9,BTC-28JUN19,1558177143132,open,0.02,287.3,0.0005,0.058,0.01733266,108.87,0.013,0.0,BTC-28JUN19-4750-P,7282.81,103.38,0.0145,16.0,0.0195,16.0,112.83,3.88984,-5.18006,-0.85861,6e-05,-0.08803
7267.28,BTC-27SEP19,1558177143130,open,0.02,99.8,0.0005,0.065,0.02417894,93.01,0.02,0.0,BTC-27DEC19-3000-P,7282.81,88.16,0.02,4.0,0.0285,6.0,97.69,6.49503,-1.35528,-3.60102,2e-05,-0.05697
7276.9,BTC-28JUN19,1558177143132,open,0.0,399.3,0.0005,0.0435,0.00381992,120.71,0.004,0.0,BTC-28JUN19-3500-P,7282.81,112.24,0.0025,17.0,0.004,1.0,121.72,1.27842,-1.8876,-0.21046,2e-05,-0.02201
7276.9,BTC-28JUN19,1558177143133,open,0.19,510.2,0.1475,0.227,0.18738518,101.02,0.1875,0.0,BTC-28JUN19-6500-C,7282.81,96.86,0.1825,9.6,0.192,9.6,104.93,8.56054,-10.57798,4.11648,0.00014,0.69252
7267.28,BTC-27SEP19,1558177143133,open,0.03,157.1,0.0005,0.074,0.03271261,96.22,0.028,0.0,BTC-27SEP19-4000-P,7282.81,91.39,0.028,6.0,0.0365,10.0,99.93,7.27733,-2.65489,-3.30501,4e-05,-0.09316
7276.9,BTC-28JUN19,1558177143133,open,0.37,97.0,0.325,0.4045,0.36458038,108.86,0.1965,0.0,BTC-28JUN19-4750-C,7282.81,0.0,0.121,1.0,0.6795,2.0,500.0,3.88968,-5.17969,4.46088,6e-05,0.91198
7282.81,index_price,1558177143130,open,0.27,13.0,0.223,0.3245,0.27383851,116.62,0.174,0,BTC-24MAY19-9250-P,7282.81,0.0,0.0025,1.0,0.3545,0.1,334.1,1.1227,-11.14148,-1.42127,0.00011,-0.93846
7282.81,index_price,1558177143131,open,0.01,183.2,0.0005,0.0465,0.00664081,109.6,0.0085,0,BTC-24MAY19-8750-C,7282.81,99.53,0.0045,20.0,0.0085,20.0,117.19,1.68706,-15.7348,0.11601,0.00018,0.10559
7268.19,BTC-27SEP19,1558177143130,open,0.46,6.6,0.419,0.4985,0.45869689,89.48,0.498,0.0,BTC-27DEC19-4500-C,7282.81,0.0,0.26,1.4,0.6865,0.1,212.59,13.25833,-2.66156,17.35428,5e-05,0.84973
7282.81,index_price,1558177143129,open,0.37,14.8,0.3205,0.43,0.37510626,129.99,0.3345,0,BTC-24MAY19-10000-P,7282.81,0.0,0.003,1.0,0.4765,0.1,418.38,0.67837,-7.5041,-1.57358,6e-05,-0.96711
7277.81,BTC-28JUN19,1558177143134,open,0.0,783.3,0.0005,0.0415,0.00172635,124.69,0.0015,0.0,BTC-28JUN19-20000-C,7282.81,117.12,0.001,20.0,0.0025,1.0,130.57,0.8378,-1.27788,0.09528,1e-05,0.01342
7268.19,BTC-27SEP19,1558177143134,open,0.24,1021.3,0.1945,0.274,0.23406908,92.59,0.2525,0.0,BTC-27SEP19-7000-C,7282.81,88.36,0.2245,2.4,0.243,2.4,96.55,16.41739,-5.76302,10.53534,9e-05,0.63526
7282.81,index_price,1558177143129,open,0.51,0.0,0.4545,0.575,0.51478305,124.01,None,0,BTC-31MAY19-11000-P,7282.81,0.0,0.0,0.0,0.0,0.0,0.0,1.38949,-6.69133,-3.76556,6e-05,-0.95094
7277.81,BTC-28JUN19,1558177143135,open,0.53,143.2,0.483,0.5625,0.52284257,120.36,0.56,0.0,BTC-28JUN19-3500-C,7282.81,0.0,0.1105,2.0,0.789,3.0,500.0,1.26596,-1.86386,3.71171,2e-05,0.97825
7282.81,index_price,1558177143130,open,0.04,122.6,0.004,0.087,0.04566058,106.56,0.049,0,BTC-31MAY19-6750-P,7282.81,101.81,0.0425,16.0,0.049,16.0,111.54,4.86389,-20.12669,-0.92843,0.00024,-0.31573
7268.19,BTC-27SEP19,1558177143130,open,0.06,20.4,0.0145,0.094,0.05447287,104.7,0.055,0.0,BTC-27DEC19-22000-C,7282.81,102.68,0.0505,1.9,0.0585,3.2,106.69,14.50326,-3.40665,5.23506,4e-05,0.17243
7282.81,index_price,1558177143130,open,0.0,636.8,0.0005,0.042,0.00206491,133.61,0.001,0,BTC-31MAY19-4500-P,7282.81,0.0,0.0,0.0,0.0035,30.0,146.69,0.67561,-3.50529,-0.05791,3e-05,-0.02048
7268.19,BTC-27SEP19,1558177143137,open,0.35,245.5,0.298,0.3775,0.33785687,93.05,0.337,0.0,BTC-27SEP19-5500-C,7282.81,0.0,0.004,0.6,0.39,3.0,122.01,12.87711,-4.54297,11.65624,7e-05,0.78173
7268.19,BTC-27SEP19,1558177143136,open,0.1,716.8,0.0595,0.139,0.09905893,97.37,0.1155,0.0,BTC-27SEP19-11000-C,7282.81,92.75,0.089,3.2,0.1055,3.2,100.28,15.98848,-5.90259,6.2992,9e-05,0.33894
7282.81,index_price,1558177143134,open,0.32,80.9,0.278,0.3575,0.3175963,123.01,0.4,0,BTC-31MAY19-5000-C,7282.81,0.0,0.072,2.0,0.3595,10.0,250.25,1.19389,-5.70283,1.64875,5e-05,0.95937
7282.81,index_price,1558177143129,open,0.4,0.0,0.353,0.465,0.40902212,133.19,None,0,BTC-24MAY19-10250-P,7282.81,0.0,0.003,1.0,0.5145,0.1,439.68,0.5638,-6.39014,-1.62104,5e-05,-0.97368
7268.19,BTC-27SEP19,1558177143137,open,0.52,0.0,0.47,0.5495,0.50969706,96.51,None,0.0,BTC-27SEP19-3750-C,7282.81,0.0,0.0035,0.2,0.547,2.0,133.25,6.26265,-2.29169,10.87311,3e-05,0.92375
7282.81,index_price,1558177143133,open,0.02,243.8,0.0005,0.057,0.01748426,108.55,0.017,0,BTC-31MAY19-9000-C,7282.81,105.43,0.016,16.0,0.017,1.0,107.55,3.51986,-14.83758,0.40344,0.00017,0.17452
7282.81,index_price,1558177143129,open,0.43,0.0,0.3855,0.5005,0.44309703,137.27,None,0,BTC-24MAY19-10500-P,7282.81,0.0,0.004,1.0,0.0,0.0,0.0,0.48541,-5.66993,-1.66603,4e-05,-0.97798
7268.19,BTC-27SEP19,1558177143132,open,0.62,0.0,0.5715,0.651,0.61137937,92.98,None,0.0,BTC-27DEC19-3000-C,7282.81,0.0,0.001,3.0,0.988,0.5,500.0,6.4907,-1.35386,14.72149,2e-05,0.94309
7282.81,index_price,1558177143133,open,0.23,27.1,0.191,0.2895,0.24023831,110.48,0.159,0,BTC-24MAY19-9000-P,7282.81,0.0,0.0015,1.0,0.385,0.1,448.72,1.30655,-12.28291,-1.36622,0.00014,-0.92511
7282.81,index_price,1558177143137,open,0.0,187.9,0.0005,0.042,0.00195759,123.25,0.002,0,BTC-24MAY19-5500-P,7282.81,99.51,0.0005,15.1,0.003,20.0,133.73,0.63719,-6.68294,-0.03804,6e-05,-0.03049
7282.81,index_price,1558177143130,open,0.3,0.0,0.255,0.359,0.30692734,117.1,None,0,BTC-24MAY19-9500-P,7282.81,0.0,0.0685,1.0,0.392,0.1,356.2,0.84765,-8.44655,-1.48155,8e-05,-0.95679
7282.81,index_price,1558177143133,open,0.0,144.0,0.0005,0.0435,0.00356564,115.58,0.0065,0,BTC-24MAY19-9250-C,7282.81,103.49,0.002,20.0,0.005,20.0,124.25,1.09652,-10.78448,0.06582,0.00011,0.05971
7268.19,BTC-27SEP19,1558177143132,open,0.08,115.4,0.035,0.121,0.07789875,89.52,0.07,0.0,BTC-27DEC19-4500-P,7282.81,85.99,0.0715,8.2,0.0835,5.0,92.57,13.26018,-2.663,-10.12785,5e-05,-0.1503
7282.81,index_price,1558177143131,open,0.17,9.2,0.1295,0.223,0.17615017,105.98,0.174,0,BTC-24MAY19-8500-P,7282.81,97.93,0.174,4.0,0.181,4.0,121.76,2.0525,-18.50975,-1.21524,0.00023,-0.86042
7282.81,index_price,1558177143132,open,0.0,241.1,0.0005,0.0405,0.0005678,135.03,0.0005,0,BTC-31MAY19-4000-P,7282.81,0.0,0.0,0.0,0.0015,11.0,154.21,0.24604,-1.29011,-0.01788,1e-05,-0.00639
7268.19,BTC-27SEP19,1558177143133,open,0.21,114.4,0.1635,0.243,0.2034488,90.48,0.1985,0.0,BTC-27DEC19-9000-C,7282.81,88.73,0.198,6.0,0.2125,2.4,93.39,22.62829,-4.59298,14.06757,8e-05,0.52042
7282.81,index_price,1558177143134,open,0.33,0.0,0.288,0.3945,0.34128876,126.42,None,0,BTC-24MAY19-9750-P,7282.81,0.0,0.003,1.0,0.5125,0.1,500.0,0.8131,-8.74732,-1.52437,8e-05,-0.95896
7282.81,index_price,1558177143132,open,0.19,18.6,0.1405,0.22,0.1800219,104.73,0.166,0,BTC-24MAY19-6000-C,7282.81,0.0,0.0035,2.1,0.1845,0.5,127.95,1.15308,-10.27649,0.88666,0.00013,0.93632
7282.81,index_price,1558177143129,open,0.34,0.0,0.295,0.4025,0.34888556,114.87,None,0,BTC-31MAY19-9750-P,7282.81,0.0,0.0,0.0,0.0,0.0,0.0,2.51572,-11.22163,-3.19135,0.00012,-0.89333
7282.81,index_price,1558177143136,open,0.0,125.3,0.0005,0.0405,0.00070164,135.04,0.0005,0,BTC-24MAY19-5000-P,7282.81,0.0,0.0,0.0,0.002,30.0,158.74,0.2736,-3.14405,-0.01405,2e-05,-0.01128
7268.19,BTC-27SEP19,1558177143132,open,0.38,56.9,0.3385,0.418,0.37835658,88.92,0.436,0.0,BTC-27DEC19-5500-C,7282.81,0.0,0.0025,1.0,0.4515,0.5,120.05,17.121,-3.41517,17.51255,6e-05,0.77295
7282.81,index_price,1558177143151,open,0.01,195.7,0.0005,0.053,0.01271109,113.44,0.011,0,BTC-31MAY19-5750-P,7282.81,107.04,0.0105,20.0,0.0145,20.0,118.32,2.60641,-11.48205,-0.32054,0.00012,-0.11206
7282.81,index_price,1558177143154,open,0.19,18.6,0.1405,0.22,0.1800219,104.73,0.166,0,BTC-24MAY19-6000-C,7282.81,0.0,0.0035,2.1,0.185,0.5,130.15,1.15308,-10.27649,0.88666,0.00013,0.93632
7277.81,BTC-28JUN19,1558177143165,open,0.12,115.9,0.0795,0.159,0.11923036,99.28,0.119,0.0,BTC-28JUN19-7500-C,7282.81,97.23,0.1165,9.6,0.122,4.8,101.36,9.68848,-11.76597,3.34898,0.00016,0.53013
235.52,index_price,1558177143178,open,0.04,0.0,0.001,0.08,0.039132,116.34,0.03,0,ETH-31MAY19-210-P,235.52,101.14,0.03,400.0,0.039,400.0,116.13,0.14433,-0.65208,-0.0251,0.00634,-0.263
7268.19,BTC-27SEP19,1558177143185,open,1.01,0.0,0.9495,1.1115,1.03037092,95.66,None,0.0,BTC-27DEC19-14000-P,7282.81,0.0,0.007,1.0,1.8565,0.2,500.0,19.9638,-4.2845,-76.46606,6e-05,-0.69258
7277.81,BTC-28JUN19,1558177143203,open,0.29,13.6,0.2475,0.351,0.29906904,102.98,0.2915,0.0,BTC-28JUN19-9000-P,7282.81,0.0,0.0015,1.0,0.7905,1.0,500.0,8.80405,-11.08984,-7.91035,0.00014,-0.67149
7268.19,BTC-27SEP19,1558177143206,open,2.05,0.0,1.9585,2.2045,2.08170999,104.88,None,0.0,BTC-27DEC19-22000-P,7282.81,0.0,0.0065,11.0,2.9415,0.3,500.0,14.54345,-3.42179,-129.08315,4e-05,-0.82682
7268.19,BTC-27SEP19,1558177143342,open,0.03,12.1,0.0005,0.0655,0.02579098,114.24,0.0225,0.0,BTC-27SEP19-22000-C,7282.81,108.47,0.02,4.0,0.03,4.0,118.02,7.78609,-3.37253,2.00478,4e-05,0.10213
235.52,index_price,1558177143525,open,0.25,0.0,0.208,0.307,0.257518,124.08,None,0,ETH-31MAY19-290-P,235.52,92.11,0.242,100.0,0.252,100.0,113.76,0.13055,-0.62903,-0.0863,0.00538,-0.78124
235.52,index_price,1558177143607,open,0.02,1.0,0.001,0.053,0.013536,128.39,0.02,0,ETH-31MAY19-320-C,235.52,96.81,0.004,500.0,0.01,500.0,118.63,0.09104,-0.4539,0.00926,0.00362,0.12496
7268.19,BTC-27SEP19,1558177144057,open,0.24,1021.3,0.1945,0.274,0.23411142,92.59,0.2525,0.0,BTC-27SEP19-7000-C,7282.81,88.36,0.2245,2.4,0.2435,2.4,96.77,16.41739,-5.76302,10.53534,9e-05,0.63526
240.34,ETH-27SEP19,1558177144139,open,0.06,0.0,0.015,0.094,0.054728,115.36,None,0.0,ETH-27SEP19-560-C,235.54,108.52,0.044,80.0,0.054,80.0,114.91,0.39364,-0.17217,0.11857,0.00164,0.19128
240.34,ETH-27SEP19,1558177144139,open,0.13,513.0,0.094,0.173,0.133192,104.75,0.139,0.0,ETH-27SEP19-340-C,235.54,102.52,0.128,7.0,0.135,80.0,105.52,0.56048,-0.22259,0.23747,0.00256,0.40666
237.32,ETH-28JUN19,1558177144139,open,0.7,0.0,0.641,0.776,0.70844,119.37,None,0.0,ETH-28JUN19-400-P,235.54,0.0,0.0,0.0,0.0,0.0,0.0,0.17166,-0.25066,-0.41841,0.00228,-0.86588
237.32,ETH-28JUN19,1558177144140,open,0.5,50.0,0.458,0.537,0.497346,108.56,0.547,0.0,ETH-28JUN19-120-C,235.54,0.0,0.003,10.0,0.0,0.0,0.0,0.03806,-0.05054,0.12834,0.00056,0.98024
240.36,ETH-27SEP19,1558177144140,open,0.41,36.0,0.356,0.468,0.412276,102.27,0.327,0.0,ETH-27SEP19-300-P,235.54,97.56,0.401,60.0,0.42,60.0,105.49,0.57556,-0.22318,-0.81066,0.0027,-0.52121
240.36,ETH-27SEP19,1558177144140,open,0.23,1176.0,0.185,0.283,0.234304,99.56,0.223,0.0,ETH-27SEP19-240-P,235.54,95.51,0.225,140.0,0.242,80.0,102.92,0.55073,-0.20789,-0.53472,0.00265,-0.38143
240.36,ETH-27SEP19,1558177144140,open,0.0,1723.0,0.001,0.044,0.004705,101.09,0.003,0.0,ETH-27SEP19-80-P,235.54,79.71,0.001,200.0,0.008,100.0,112.05,0.06166,-0.02363,-0.01906,0.00029,-0.01724
240.36,ETH-27SEP19,1558177144140,open,0.53,147.0,0.486,0.565,0.525675,99.54,0.45,0.0,ETH-27SEP19-120-C,235.54,0.0,0.037,5.0,0.0,0.0,0.0,0.19849,-0.07491,0.34928,0.00096,0.92788
237.32,ETH-28JUN19,1558177144140,open,0.2,516.0,0.155,0.234,0.194047,102.65,0.206,0.0,ETH-28JUN19-210-C,235.54,95.69,0.186,240.0,0.198,240.0,106.04,0.27564,-0.34609,0.13478,0.00426,0.70118
237.32,ETH-28JUN19,1558177144140,open,0.03,5511.0,0.001,0.066,0.025363,102.67,0.025,0.0,ETH-28JUN19-170-P,235.54,94.65,0.02,400.0,0.027,400.0,105.01,0.16492,-0.20713,-0.04038,0.00255,-0.12657
237.32,ETH-28JUN19,1558177144140,open,0.04,1505.0,0.001,0.073,0.033613,115.41,0.029,0.0,ETH-28JUN19-360-C,235.54,111.32,0.03,60.0,0.033,320.0,114.73,0.21401,-0.30212,0.04099,0.00294,0.18785
237.32,ETH-28JUN19,1558177144140,open,0.11,2550.0,0.063,0.142,0.102899,104.78,0.105,0.0,ETH-28JUN19-260-C,235.54,98.84,0.095,300.0,0.108,240.0,108.61,0.31569,-0.40462,0.09654,0.00478,0.46614
240.36,ETH-27SEP19,1558177144140,open,0.76,0.0,0.695,0.836,0.765385,108.43,None,0.0,ETH-27SEP19-400-P,235.54,0.0,0.0,0.0,0.0,0.0,0.0,0.51955,-0.21358,-1.25146,0.0023,-0.67567
240.36,ETH-27SEP19,1558177144141,open,0.47,22.0,0.419,0.537,0.47804,103.18,0.412,0.0,ETH-27SEP19-320-P,235.54,98.09,0.466,60.0,0.486,60.0,106.53,0.56982,-0.22291,-0.90159,0.00265,-0.56014
237.34,ETH-28JUN19,1558177144140,open,0.23,2185.0,0.18,0.259,0.219346,102.6,0.23,0.0,ETH-28JUN19-200-C,235.54,94.7,0.211,80.0,0.22,76.0,103.22,0.25312,-0.31768,0.14068,0.00391,0.74864
240.36,ETH-27SEP19,1558177144140,open,0.1,1492.0,0.062,0.141,0.101076,108.36,0.099,0.0,ETH-27SEP19-400-C,235.54,104.59,0.093,100.0,0.101,80.0,108.33,0.5194,-0.21339,0.19367,0.0023,0.32409
237.34,ETH-28JUN19,1558177144140,open,0.54,0.0,0.489,0.612,0.550616,115.61,None,0.0,ETH-28JUN19-360-P,235.54,0.0,0.0,0.0,0.0,0.0,0.0,0.21448,-0.30331,-0.36204,0.00294,-0.8115
240.36,ETH-27SEP19,1558177144141,open,0.61,81.0,0.553,0.681,0.616975,105.22,0.541,0.0,ETH-27SEP19-360-P,235.54,0.0,0.05,20.0,0.0,0.0,0.0,0.54717,-0.21829,-1.07983,0.00249,-0.62646
237.34,ETH-28JUN19,1558177144141,open,0.25,736.0,0.207,0.286,0.24696,102.59,0.24,0.0,ETH-28JUN19-190-C,235.54,95.19,0.24,80.0,0.25,80.0,105.76,0.22645,-0.28419,0.14534,0.0035,0.79379
237.34,ETH-28JUN19,1558177144141,open,0.06,2455.0,0.02,0.104,0.062125,102.7,0.058,0.0,ETH-28JUN19-200-P,235.54,95.02,0.054,380.0,0.064,320.0,104.46,0.25317,-0.31806,-0.08335,0.00391,-0.25146
240.36,ETH-27SEP19,1558177144141,open,0.14,2702.0,0.096,0.187,0.141353,99.6,0.138,0.0,ETH-27SEP19-200-P,235.54,94.91,0.132,80.0,0.146,80.0,101.93,0.47958,-0.1811,-0.35908,0.00231,-0.27213
237.34,ETH-28JUN19,1558177144141,open,0.05,3106.0,0.006,0.089,0.047601,102.7,0.043,0.0,ETH-28JUN19-190-P,235.54,95.68,0.041,320.0,0.048,320.0,103.12,0.22655,-0.28459,-0.0675,0.0035,-0.20635
235.54,index_price,1558177144139,open,0.18,111.0,0.138,0.217,0.177221,116.24,0.16,0,ETH-31MAY19-200-C,235.54,105.89,0.172,100.0,0.18,100.0,121.54,0.1221,-0.55116,0.05213,0.00537,0.80465
240.36,ETH-27SEP19,1558177144141,open,0.29,830.0,0.239,0.341,0.290315,100.65,0.278,0.0,ETH-27SEP19-260-P,235.54,96.29,0.28,60.0,0.298,60.0,103.91,0.56785,-0.2167,-0.6268,0.0027,-0.43145
240.36,ETH-27SEP19,1558177144141,open,0.07,5417.0,0.028,0.113,0.07042,99.59,0.063,0.0,ETH-27SEP19-160-P,235.54,94.55,0.063,80.0,0.073,80.0,101.33,0.35689,-0.13476,-0.20337,0.00172,-0.16376
237.34,ETH-28JUN19,1558177144141,open,0.01,6035.0,0.001,0.05,0.010548,128.96,0.006,0.0,ETH-28JUN19-500-C,235.54,113.1,0.005,60.0,0.01,400.0,127.66,0.10122,-0.15967,0.01459,0.00124,0.06542
240.36,ETH-27SEP19,1558177144141,open,0.27,847.0,0.231,0.31,0.27001,99.56,0.282,0.0,ETH-27SEP19-220-C,235.54,94.5,0.259,60.0,0.275,60.0,101.86,0.52155,-0.19688,0.34963,0.00251,0.67261
237.34,ETH-28JUN19,1558177144141,open,0.05,816.0,0.011,0.09,0.050999,111.07,0.064,0.0,ETH-28JUN19-320-C,235.54,105.55,0.045,60.0,0.053,320.0,112.88,0.26176,-0.35565,0.05775,0.00374,0.26826
237.34,ETH-28JUN19,1558177144141,open,0.58,0.0,0.541,0.62,0.580419,123.58,None,0.0,ETH-28JUN19-100-C,235.54,0.0,0.003,7.0,0.0,0.0,0.0,0.02267,-0.03427,0.10865,0.00029,0.98918
237.34,ETH-28JUN19,1558177144141,open,0.08,2011.0,0.036,0.122,0.078965,102.71,0.093,0.0,ETH-28JUN19-210-P,235.54,94.95,0.07,380.0,0.081,320.0,104.46,0.27564,-0.3463,-0.1004,0.00425,-0.29877
235.54,index_price,1558177144139,open,0.2,2.0,0.154,0.249,0.201489,127.15,0.17,0,ETH-24MAY19-280-P,235.54,81.78,0.191,100.0,0.201,100.0,125.56,0.07295,-0.78936,-0.03946,0.00642,-0.83919
235.54,index_price,1558177144140,open,0.13,1.0,0.082,0.161,0.121125,116.27,0.113,0,ETH-31MAY19-220-C,235.54,105.84,0.114,300.0,0.125,300.0,121.92,0.16147,-0.72908,0.04506,0.0071,0.66339
235.54,index_price,1558177144139,open,0.01,4.0,0.001,0.046,0.005778,117.6,0.007,0,ETH-31MAY19-170-P,235.54,84.69,0.001,500.0,0.006,500.0,118.64,0.05012,-0.22888,-0.00516,0.00218,-0.05629
237.34,ETH-28JUN19,1558177144142,open,0.46,386.0,0.417,0.496,0.456712,104.54,0.321,0.0,ETH-28JUN19-130-C,235.54,0.0,0.14,49.0,0.84,5.0,500.0,0.05255,-0.0672,0.13669,0.0008,0.971
235.54,index_price,1558177144139,open,0.41,1.0,0.367,0.446,0.406005,167.54,0.373,0,ETH-24MAY19-140-C,235.54,0.0,0.006,6.0,0.0,0.0,0.0,0.00457,-0.06521,0.02232,0.00031,0.99467
235.54,index_price,1558177144140,open,0.13,596.0,0.087,0.166,0.126145,117.23,0.118,0,ETH-24MAY19-210-C,235.54,102.04,0.121,100.0,0.129,100.0,125.15,0.08335,-0.83152,0.0256,0.00796,0.80123
235.54,index_price,1558177144141,open,0.1,2227.0,0.055,0.142,0.09863,121.4,0.09,0,ETH-24MAY19-250-P,235.54,101.14,0.089,300.0,0.1,300.0,124.23,0.11364,-1.17391,-0.02731,0.01048,-0.62165
235.54,index_price,1558177144140,open,0.1,399.0,0.057,0.136,0.096252,117.27,0.116,0,ETH-24MAY19-220-C,235.54,100.47,0.089,100.0,0.1,100.0,125.75,0.10343,-1.03216,0.02301,0.00988,0.70302
235.54,index_price,1558177144140,open,0.06,61.0,0.014,0.097,0.055229,116.39,0.05,0,ETH-31MAY19-220-P,235.54,101.37,0.045,400.0,0.055,400.0,116.06,0.16148,-0.72987,-0.03256,0.00709,-0.33669
235.54,index_price,1558177144139,open,0.4,0.0,0.348,0.459,0.403285,139.21,None,0,ETH-24MAY19-330-P,235.54,0.0,0.0,0.0,0.531,1.0,484.29,0.02272,-0.26909,-0.05191,0.00183,-0.96569
235.54,index_price,1558177144139,open,0.04,405.0,0.001,0.072,0.032887,122.82,0.026,0,ETH-31MAY19-280-C,235.54,105.97,0.023,400.0,0.031,400.0,119.72,0.14433,-0.68839,0.01912,0.006,0.26296
237.34,ETH-28JUN19,1558177144143,open,0.0,9747.0,0.001,0.044,0.004519,104.85,0.007,0.0,ETH-28JUN19-130-P,235.54,90.87,0.002,50.0,0.007,400.0,114.64,0.05301,-0.06799,-0.00899,0.0008,-0.02931
235.54,index_price,1558177144139,open,0.36,0.0,0.308,0.416,0.361773,137.23,None,0,ETH-24MAY19-320-P,235.54,0.0,0.0,0.0,0.48,1.0,449.54,0.02942,-0.34355,-0.04985,0.0024,-0.95283
235.54,index_price,1558177144140,open,0.05,1561.0,0.006,0.089,0.04769,117.47,0.034,0,ETH-24MAY19-230-P,235.54,99.79,0.039,300.0,0.048,10.0,118.1,0.116,-1.15951,-0.01726,0.01106,-0.40741
235.54,index_price,1558177144141,open,0.16,79.0,0.119,0.211,0.164693,125.31,0.138,0,ETH-24MAY19-270-P,235.54,96.43,0.155,100.0,0.164,100.0,123.45,0.088,-0.9384,-0.0359,0.00786,-0.7821
235.54,index_price,1558177144140,open,0.19,0.0,0.141,0.235,0.18766,121.77,None,0,ETH-31MAY19-270-P,235.54,98.9,0.173,300.0,0.184,300.0,116.24,0.15708,-0.7428,-0.07254,0.00659,-0.68533
235.54,index_price,1558177144140,open,0.0,991.0,0.001,0.041,0.001499,133.7,0.001,0,ETH-24MAY19-170-P,235.54,0.0,0.0,0.0,0.003,600.0,151.48,0.01591,-0.181,-0.00091,0.00133,-0.02237
235.54,index_price,1558177144141,open,0.02,1347.0,0.001,0.058,0.017789,117.44,0.018,0,ETH-24MAY19-210-P,235.54,100.27,0.012,400.0,0.017,10.0,115.2,0.08344,-0.83393,-0.00822,0.00796,-0.19912
235.54,index_price,1558177144140,open,0.0,1095.0,0.001,0.042,0.002429,168.25,0.003,0,ETH-24MAY19-160-P,235.54,0.0,0.0,0.0,0.005,101.0,193.85,0.01894,-0.27114,-0.00114,0.00126,-0.02754
235.54,index_price,1558177144142,open,0.03,1042.0,0.001,0.066,0.026509,123.82,0.025,0,ETH-24MAY19-260-C,235.54,105.98,0.019,400.0,0.027,400.0,124.94,0.10247,-1.07964,0.01003,0.00927,0.29103
235.54,index_price,1558177144140,open,0.16,0.0,0.11,0.201,0.155661,120.67,None,0,ETH-31MAY19-260-P,235.54,99.66,0.141,300.0,0.153,300.0,116.92,0.16754,-0.78506,-0.06499,0.00709,-0.62651
235.54,index_price,1558177144141,open,0.2,213.0,0.158,0.237,0.197734,117.0,0.211,0,ETH-24MAY19-190-C,235.54,81.86,0.194,100.0,0.202,100.0,139.56,0.03746,-0.37297,0.02799,0.00359,0.93595
235.54,index_price,1558177144142,open,0.24,171.0,0.198,0.277,0.237871,120.11,0.249,0,ETH-24MAY19-180-C,235.54,0.0,0.234,100.0,0.242,100.0,151.78,0.0219,-0.22383,0.02765,0.00204,0.96718
235.54,index_price,1558177144140,open,0.13,2.0,0.081,0.17,0.125637,119.01,0.09,0,ETH-31MAY19-250-P,235.54,100.48,0.112,300.0,0.124,300.0,116.8,0.17439,-0.8059,-0.05709,0.00749,-0.56151
235.54,index_price,1558177144141,open,0.0,577.0,0.001,0.042,0.002137,120.8,0.001,0,ETH-24MAY19-180-P,235.54,0.0,0.0,0.0,0.004,500.0,137.11,0.02229,-0.22915,-0.00135,0.00207,-0.03353
7282.81,index_price,1558177144317,open,0.0,28.1,0.0005,0.041,0.00142533,130.88,0.0035,0,BTC-24MAY19-10250-C,7282.81,0.0,0.0,0.0,0.003,30.0,147.88,0.52415,-5.83747,0.02661,5e-05,0.02413
7282.81,index_price,1558177144381,open,0.02,1.3,0.0005,0.062,0.02238592,108.59,0.0225,0,BTC-31MAY19-8750-C,7282.81,104.14,0.02,16.0,0.0245,16.0,112.42,3.96919,-16.73795,0.48833,0.0002,0.21246
7277.78,BTC-28JUN19,1558177144398,open,0.0,1396.0,0.0005,0.04,1.192e-05,135.0,0.001,0.0,BTC-28JUN19-1500-P,7282.81,0.0,0.0,0.0,0.009,40.0,291.41,0.00954,-0.01576,-0.0009,0.0,-0.0001
7277.78,BTC-28JUN19,1558177144398,open,0.02,360.8,0.0005,0.058,0.01823231,109.22,0.0165,0.0,BTC-28JUN19-12000-C,7282.81,104.93,0.0155,16.0,0.021,16.0,113.27,4.81174,-6.42822,0.81236,7e-05,0.11791
7277.78,BTC-28JUN19,1558177144398,open,0.01,381.5,0.0005,0.049,0.00925186,114.12,0.01,0.0,BTC-28JUN19-14000-C,7282.81,108.31,0.007,16.0,0.0115,16.0,119.16,3.05017,-4.25768,0.44601,5e-05,0.06398
7282.81,index_price,1558177144398,open,0.15,293.0,0.102,0.1815,0.1415695,107.55,0.1615,0,BTC-31MAY19-6500-C,7282.81,100.71,0.1375,4.0,0.1435,1.0,110.75,4.37753,-18.28326,1.55445,0.00022,0.74663
7282.81,index_price,1558177144417,open,0.0,35.6,0.0005,0.044,0.00419373,123.04,0.006,0,BTC-31MAY19-11000-C,7282.81,112.53,0.0025,20.0,0.006,30.0,131.76,1.35549,-6.47639,0.11142,6e-05,0.04756
7282.81,index_price,1558177144417,open,0.42,9.8,0.378,0.4575,0.41759819,135.0,0.212,0,BTC-31MAY19-4250-C,7282.81,0.0,0.006,0.5,0.0,0.0,0.0,0.43321,-2.27109,1.46491,2e-05,0.98781
7282.81,index_price,1558177144467,open,0.03,634.6,0.0005,0.0675,0.0278049,107.55,0.032,0,BTC-31MAY19-8500-C,7282.81,102.83,0.025,16.0,0.0305,16.0,111.99,4.37713,-18.2817,0.57938,0.00022,0.25332
7282.81,index_price,1558177144481,open,0.06,9.0,0.014,0.0935,0.0535941,105.85,0.05,0,BTC-31MAY19-7750-C,7282.81,101.61,0.0505,0.3,0.0565,12.0,109.81,5.33413,-21.92505,0.92983,0.00027,0.41552
7282.81,index_price,1558177144493,open,0.04,129.1,0.0005,0.077,0.0374064,99.22,0.046,0,BTC-24MAY19-7500-C,7282.81,92.38,0.034,12.0,0.0405,3.0,105.41,3.63313,-30.67601,0.46298,0.00043,0.43231
7268.0,BTC-27SEP19,1558177144538,open,0.49,2.1,0.44,0.5595,0.49956028,97.37,0.3915,0.0,BTC-27SEP19-10000-P,7282.81,0.0,0.01,0.1,1.2215,0.3,500.0,16.88138,-6.23218,-28.86612,9e-05,-0.5997
7277.78,BTC-28JUN19,1558177144571,open,0.1,945.5,0.0575,0.137,0.09704429,101.28,0.0965,0.0,BTC-28JUN19-8000-C,7282.81,97.48,0.092,14.6,0.102,9.6,105.02,9.65791,-11.96544,2.92829,0.00016,0.45633
7268.0,BTC-27SEP19,1558177144575,open,0.0,1639.1,0.0005,0.041,0.00101103,113.06,0.0015,0.0,BTC-27SEP19-1500-P,7282.81,0.0,0.0,0.0,0.002,10.0,124.22,0.5044,-0.21622,-0.12861,0.0,-0.00389
7277.78,BTC-28JUN19,1558177144609,open,0.4,42.9,0.3575,0.4705,0.41403955,104.36,0.3035,0.0,BTC-28JUN19-10000-P,7282.81,0.0,0.001,1.0,0.9065,1.0,500.0,7.41467,-9.46479,-9.64143,0.00012,-0.76892
7282.81,index_price,1558177144690,open,0.0,100.7,0.0005,0.04,0.00024993,135.0,0.0005,0,BTC-31MAY19-3750-P,7282.81,0.0,0.0,0.0,0.002,10.0,176.7,0.12625,-0.66184,-0.00842,0.0,-0.00303
7282.81,index_price,1558177144690,open,0.01,192.0,0.0005,0.0525,0.01256718,102.85,0.017,0,BTC-24MAY19-8250-C,7282.81,99.67,0.0115,16.7,0.0135,1.0,105.56,2.48005,-21.70572,0.20408,0.00028,0.18664
7267.82,BTC-27SEP19,1558177144725,open,0.29,57.1,0.246,0.3255,0.2855724,88.94,0.2745,0.0,BTC-27DEC19-7000-C,7282.81,85.27,0.275,5.0,0.2945,5.0,92.05,20.90215,-4.17055,16.43824,7e-05,0.65598
7282.81,index_price,1558177144743,open,0.31,15.0,0.264,0.369,0.31644974,112.61,0.1805,0,BTC-31MAY19-9500-P,7282.81,0.0,0.002,1.1,0.0,0.0,0.0,2.81433,-12.3075,-3.06116,0.00013,-0.87509
7282.81,index_price,1558177144763,open,0.26,529.3,0.214,0.2935,0.25374674,116.55,0.232,0,BTC-31MAY19-5500-C,7282.81,0.0,0.145,2.0,0.287,3.0,199.24,2.07093,-9.37318,1.70663,9e-05,0.91804
7282.81,index_price,1558177144867,open,0.17,307.6,0.127,0.2065,0.1667748,109.06,0.1635,0,BTC-31MAY19-6250-C,7282.81,101.69,0.163,4.0,0.169,4.0,113.28,3.80552,-16.11697,1.63212,0.00019,0.80207
7282.81,index_price,1558177144889,open,0.0,31.4,0.0005,0.043,0.0031765,127.06,0.005,0,BTC-31MAY19-11500-C,7282.81,113.17,0.0015,20.0,0.0045,20.0,134.99,1.08977,-5.3771,0.08518,5e-05,0.03633
7277.74,BTC-28JUN19,1558177144891,open,0.03,337.0,0.0005,0.077,0.0357519,104.01,0.031,0.0,BTC-28JUN19-5500-P,7282.81,100.03,0.0325,12.8,0.0385,12.8,107.3,6.01862,-7.65713,-1.62691,0.0001,-0.16386
237.33,ETH-28JUN19,1558177144897,open,0.31,1131.0,0.27,0.349,0.309024,102.63,0.303,0.0,ETH-28JUN19-170-C,235.54,0.0,0.2,1.0,0.64,5.0,472.02,0.16484,-0.20694,0.15003,0.00255,0.87352
235.54,index_price,1558177144920,open,0.06,412.0,0.011,0.09,0.050154,115.85,0.08,0,ETH-24MAY19-240-C,235.54,103.67,0.044,300.0,0.053,10.0,121.48,0.11905,-1.17362,0.01624,0.01151,0.47842
7267.82,BTC-27SEP19,1558177144937,open,0.09,31.5,0.044,0.1235,0.08387331,97.47,0.0835,0.0,BTC-27DEC19-16000-C,7282.81,94.08,0.0755,3.2,0.092,3.2,100.65,18.27947,-3.99706,7.64541,6e-05,0.25615
7282.81,index_price,1558177144944,open,0.0,13.7,0.0005,0.04,0.00028061,135.0,0.0025,0,BTC-24MAY19-4750-P,7282.81,0.0,0.0,0.0,0.0015,10.3,169.16,0.13193,-1.51557,-0.00611,1e-05,-0.00493
7267.82,BTC-27SEP19,1558177144944,open,0.06,70.8,0.0205,0.1,0.06012657,101.71,0.056,0.0,BTC-27DEC19-20000-C,7282.81,98.51,0.0535,3.2,0.0665,3.2,104.65,15.43367,-3.52161,5.78341,5e-05,0.19045
7267.82,BTC-27SEP19,1558177144953,open,0.05,40.1,0.005,0.0845,0.04490641,104.45,0.045,0.0,BTC-27SEP19-16000-C,7282.81,100.49,0.039,3.2,0.05,3.2,107.69,11.17214,-4.42424,3.35915,6e-05,0.17283
7277.74,BTC-28JUN19,1558177144984,open,0.65,10.0,0.601,0.7335,0.66728616,109.5,1.243,0.0,BTC-28JUN19-12000-P,7282.81,0.0,0.0,0.0,1.143,1.0,500.0,4.83492,-6.47622,-12.62122,7e-05,-0.88129
7282.81,index_price,1558177144984,open,0.0,517.6,0.0005,0.044,0.00397382,105.32,0.004,0,BTC-24MAY19-6000-P,7282.81,95.04,0.0025,20.0,0.0045,0.8,108.51,1.16685,-10.45785,-0.08047,0.00013,-0.06466
7282.81,index_price,1558177145043,open,0.22,0.0,0.175,0.2725,0.22384524,108.59,None,0,BTC-31MAY19-8750-P,7282.81,0.0,0.0005,3.0,0.0,0.0,0.0,3.96919,-16.73795,-2.59831,0.0002,-0.78754
237.33,ETH-28JUN19,1558177145053,open,0.0,4824.0,0.001,0.041,0.001584,109.35,0.002,0.0,ETH-28JUN19-110-P,235.54,0.0,0.0,0.0,0.003,100.0,120.95,0.02332,-0.0312,-0.00339,0.00034,-0.01118
7267.82,BTC-27SEP19,1558177145095,open,0.6,3.2,0.5485,0.677,0.61268807,97.43,0.481,0.0,BTC-27SEP19-11000-P,7282.81,0.0,0.0065,10.1,1.3515,0.3,500.0,15.99081,-5.90676,-33.44276,9e-05,-0.66089
7282.81,index_price,1558177145098,open,0.02,439.2,0.0005,0.058,0.01814138,101.05,0.0185,0,BTC-24MAY19-8000-C,7282.81,95.68,0.016,17.2,0.019,0.9,103.16,2.94823,-25.35237,0.27407,0.00034,0.25192
7282.81,index_price,1558177145120,open,0.06,65.3,0.025,0.1095,0.06722868,99.22,0.058,0,BTC-24MAY19-7500-P,7282.81,92.74,0.064,12.0,0.072,12.0,108.77,3.63313,-30.67601,-0.74435,0.00043,-0.56769
7267.82,BTC-27SEP19,1558177145132,open,0.0,122.6,0.0005,0.042,0.00229631,97.55,0.002,0.0,BTC-27DEC19-1500-P,7282.81,79.88,0.0005,112.0,0.004,10.0,106.74,1.12334,-0.24584,-0.41785,0.0,-0.00712
7282.81,index_price,1558177145144,open,0.32,0.0,0.2745,0.354,0.31415196,135.0,None,0,BTC-24MAY19-5000-C,7282.81,0.0,0.0045,0.2,0.9995,0.1,500.0,0.27321,-3.13866,0.79086,2e-05,0.98873
7277.74,BTC-28JUN19,1558177145147,open,0.73,20.1,0.6855,0.765,0.72530221,131.98,0.578,0.0,BTC-28JUN19-2000-C,7282.81,0.0,0.002,0.5,0.852,1.0,500.0,0.06904,-0.11145,2.23209,0.0,0.99917
7282.81,index_price,1558177145149,open,0.03,142.0,0.0005,0.0665,0.02675256,101.05,0.037,0,BTC-24MAY19-7750-C,7282.81,93.97,0.0235,16.0,0.03,17.0,108.01,3.37392,-29.01294,0.36365,0.00039,0.33694
7267.82,BTC-27SEP19,1558177145191,open,0.04,85.0,0.0005,0.0755,0.03576192,107.58,0.0365,0.0,BTC-27SEP19-18000-C,7282.81,103.5,0.0305,4.0,0.0405,4.0,111.01,9.73519,-3.97075,2.74372,5e-05,0.14025
7267.82,BTC-27SEP19,1558177145191,open,0.16,306.0,0.111,0.1905,0.15055935,92.27,0.1535,0.0,BTC-27DEC19-11000-C,7282.81,88.95,0.1405,10.0,0.1595,12.4,95.19,22.14233,-4.5832,11.7418,7e-05,0.41514
235.54,index_price,1558177145209,open,0.45,0.0,0.409,0.488,0.448218,170.0,None,0,ETH-24MAY19-130-C,235.54,0.0,0.009,4.0,0.0,0.0,0.0,0.00198,-0.0286,0.02084,0.00013,0.9979
7267.82,BTC-27SEP19,1558177145215,open,0.38,15.2,0.33,0.4405,0.38514457,93.98,0.265,0.0,BTC-27SEP19-9000-P,7282.81,89.09,0.3735,2.4,0.395,2.4,98.11,17.34806,-6.1816,-24.24655,0.0001,-0.53822
237.33,ETH-28JUN19,1558177145239,open,0.07,2111.0,0.025,0.104,0.064416,109.4,0.064,0.0,ETH-28JUN19-300-C,235.54,104.86,0.059,60.0,0.067,320.0,111.54,0.28542,-0.38195,0.06895,0.00414,0.32382
240.36,ETH-27SEP19,1558177145239,open,0.1,4900.0,0.059,0.146,0.102834,99.58,0.099,0.0,ETH-27SEP19-180-P,235.54,94.56,0.094,80.0,0.105,80.0,100.81,0.4244,-0.16024,-0.27774,0.00204,-0.21699
237.33,ETH-28JUN19,1558177145239,open,0.01,7228.0,0.001,0.051,0.011412,102.67,0.01,0.0,ETH-28JUN19-150-P,235.54,94.06,0.008,5.0,0.013,20.0,106.27,0.10176,-0.12781,-0.02054,0.00157,-0.06588
237.33,ETH-28JUN19,1558177145248,open,0.09,1254.0,0.042,0.121,0.081054,107.06,0.102,0.0,ETH-28JUN19-280-C,235.54,100.75,0.073,380.0,0.085,320.0,110.13,0.30447,-0.39874,0.08181,0.00451,0.38885
240.36,ETH-27SEP19,1558177145248,open,0.54,31.0,0.486,0.609,0.547758,104.75,0.476,0.0,ETH-27SEP19-340-P,235.54,98.81,0.534,60.0,0.555,60.0,107.84,0.56055,-0.22262,-0.99092,0.00256,-0.59329
240.36,ETH-27SEP19,1558177145248,open,0.6,0.0,0.556,0.635,0.595816,99.58,None,0.0,ETH-27SEP19-100-C,235.54,0.0,0.003,10.0,0.0,0.0,0.0,0.12154,-0.04589,0.31728,0.00058,0.96117
237.33,ETH-28JUN19,1558177145248,open,0.26,60.0,0.211,0.311,0.260896,107.1,0.204,0.0,ETH-28JUN19-280-P,235.54,100.12,0.252,60.0,0.264,240.0,109.52,0.30449,-0.39891,-0.23175,0.00451,-0.61106
235.54,index_price,1558177145250,open,0.04,425.0,0.001,0.077,0.037177,121.27,0.046,0,ETH-24MAY19-250-C,235.54,104.11,0.029,400.0,0.04,400.0,127.1,0.11362,-1.17247,0.01293,0.01049,0.37816
237.33,ETH-28JUN19,1558177145273,open,0.0,2026.0,0.001,0.04,0.000832,124.13,0.001,0.0,ETH-28JUN19-90-P,235.54,0.0,0.0,0.0,0.0,0.0,0.0,0.01252,-0.01901,-0.00169,0.00016,-0.00551
235.54,index_price,1558177145290,open,0.17,549.0,0.121,0.2,0.160321,117.39,0.182,0,ETH-24MAY19-200-C,235.54,98.37,0.156,100.0,0.164,100.0,130.96,0.05994,-0.59879,0.02727,0.00572,0.87954
240.36,ETH-27SEP19,1558177145320,open,0.24,2015.0,0.196,0.275,0.235717,99.52,0.24,0.0,ETH-27SEP19-240-C,235.54,95.29,0.226,60.0,0.242,60.0,102.27,0.55075,-0.20782,0.33244,0.00265,0.61853
240.36,ETH-27SEP19,1558177145320,open,1.06,0.0,0.985,1.15,1.067572,110.95,None,0.0,ETH-27SEP19-480-P,235.54,0.0,0.0,0.0,0.0,0.0,0.0,0.44998,-0.18929,-1.5864,0.00194,-0.75917
237.33,ETH-28JUN19,1558177145320,open,0.04,5200.0,0.001,0.076,0.035363,102.67,0.034,0.0,ETH-28JUN19-180-P,235.54,94.8,0.029,320.0,0.036,320.0,103.44,0.19669,-0.24703,-0.0531,0.00304,-0.16441
7282.81,index_price,1558177145320,open,0.05,669.4,0.004,0.0835,0.04369974,106.98,0.0445,0,BTC-31MAY19-8000-C,7282.81,103.11,0.041,18.0,0.046,16.0,110.26,5.10158,-21.19429,0.80443,0.00025,0.35682
7267.82,BTC-27SEP19,1558177145345,open,0.05,25.1,0.0115,0.091,0.05116641,102.89,0.05,0.0,BTC-27SEP19-15000-C,7282.81,99.39,0.0455,3.2,0.0565,3.2,106.06,12.01646,-4.68783,3.75729,6e-05,0.19425
7277.74,BTC-28JUN19,1558177145345,open,0.01,137.0,0.0005,0.046,0.00601919,120.72,0.0055,0.0,BTC-28JUN19-3750-P,7282.81,108.84,0.0035,16.0,0.008,16.0,128.22,1.77708,-2.62424,-0.31512,2e-05,-0.03265
7282.81,index_price,1558177145346,open,0.01,168.1,0.0005,0.048,0.00832627,116.27,0.007,0,BTC-31MAY19-10000-C,7282.81,109.9,0.0065,21.0,0.01,20.0,121.53,2.21554,-10.0038,0.20903,0.0001,0.08969
7282.81,index_price,1558177145345,open,0.01,127.6,0.0005,0.052,0.01200818,112.61,0.024,0,BTC-31MAY19-9500-C,7282.81,107.21,0.01,21.0,0.014,20.0,117.6,2.81433,-12.3075,0.29005,0.00013,0.12491
7282.81,index_price,1558177145345,open,0.29,116.2,0.2455,0.325,0.28535193,120.03,0.293,0,BTC-31MAY19-5250-C,7282.81,0.0,0.0705,2.0,0.44,4.0,448.69,1.60492,-7.48077,1.68479,7e-05,0.94115
7267.82,BTC-27SEP19,1558177145347,open,0.43,1.0,0.3845,0.499,0.44174859,90.47,0.3375,0.0,BTC-27DEC19-9000-P,7282.81,86.06,0.428,2.4,0.453,2.4,94.09,22.62727,-4.59245,-40.88929,8e-05,-0.47962
237.33,ETH-28JUN19,1558177145349,open,0.18,1728.0,0.132,0.211,0.171055,102.65,0.155,0.0,ETH-28JUN19-220-C,235.54,96.13,0.163,240.0,0.176,240.0,106.65,0.29336,-0.36834,0.128,0.00453,0.65265
7282.81,index_price,1558177145389,open,0.25,0.0,0.207,0.2865,0.24675036,123.2,None,0,BTC-24MAY19-5500-C,7282.81,0.0,0.0035,0.2,0.9995,0.1,500.0,0.63639,-6.67188,0.8474,6e-05,0.96956
235.54,index_price,1558177145400,open,0.22,0.0,0.173,0.27,0.221663,122.85,None,0,ETH-31MAY19-280-P,235.54,95.2,0.206,100.0,0.217,100.0,115.1,0.14435,-0.68864,-0.07965,0.006,-0.73697
7267.82,BTC-27SEP19,1558177145421,open,0.39,794.0,0.3415,0.421,0.38144833,93.73,0.4035,0.0,BTC-27SEP19-5000-C,7282.81,0.0,0.12,0.5,0.4265,2.0,122.01,11.14574,-3.96107,11.72094,6e-05,0.82781
7277.74,BTC-28JUN19,1558177145421,open,0.01,528.2,0.0005,0.0475,0.00757261,116.05,0.0105,0.0,BTC-28JUN19-4000-P,7282.81,108.47,0.0055,16.0,0.0095,10.0,122.19,2.15566,-3.06012,-0.39866,3e-05,-0.04134
7267.82,BTC-27SEP19,1558177145421,open,0.24,23.0,0.199,0.2985,0.24874748,88.95,0.251,0.0,BTC-27DEC19-7000-P,7282.81,85.05,0.2375,8.2,0.2565,5.0,91.65,20.90191,-4.17091,-26.30568,7e-05,-0.34401
7282.81,index_price,1558177145423,open,0.01,212.1,0.0005,0.053,0.01276848,102.06,0.013,0,BTC-24MAY19-6500-P,7282.81,94.86,0.0105,16.0,0.0145,16.0,107.29,2.36332,-20.52481,-0.21762,0.00027,-0.17286
7282.81,index_price,1558177145436,open,0.01,239.0,0.0005,0.044,0.00430565,109.65,0.0065,0,BTC-24MAY19-9000-C,7282.81,101.55,0.003,24.0,0.0045,17.5,110.74,1.2844,-11.98507,0.08081,0.00014,0.07323
7267.82,BTC-27SEP19,1558177145475,open,2.58,0.0,2.4765,2.7655,2.62086679,108.36,None,0.0,BTC-27DEC19-26000-P,7282.81,0.0,0.0,0.0,0.0,0.0,0.0,12.617,-3.06699,-154.49322,4e-05,-0.86038
7277.74,BTC-28JUN19,1558177145479,open,0.8,33.8,0.754,0.8335,0.7938802,0.0,0.7145,0.0,BTC-28JUN19-1500-C,7282.81,0.0,0.002,0.4,0.878,2.0,500.0,0.0,0.0,1.67982,0.0,1.0
7267.82,BTC-27SEP19,1558177145510,open,0.68,0.0,0.632,0.7115,0.67161118,97.58,None,0.0,BTC-27DEC19-2500-C,7282.81,0.0,0.014,0.1,0.9895,0.5,500.0,4.64054,-1.01586,12.91048,1e-05,0.96253
7267.82,BTC-27SEP19,1558177145521,open,0.05,11.7,0.008,0.0875,0.04761217,106.18,0.0495,0.0,BTC-27DEC19-24000-C,7282.81,104.19,0.044,1.9,0.052,0.3,108.51,13.40012,-3.19202,4.66401,4e-05,0.15271
7277.74,BTC-28JUN19,1558177145524,open,0.02,720.7,0.0005,0.063,0.02213957,106.74,0.02,0.0,BTC-28JUN19-5000-P,7282.81,102.44,0.0195,16.0,0.0245,26.0,110.44,4.56291,-5.95769,-1.07243,7e-05,-0.10944
7282.81,index_price,1558177145545,open,0.06,71.7,0.0125,0.092,0.05232636,99.15,0.0605,0,BTC-24MAY19-7250-C,7282.81,90.56,0.048,12.0,0.0555,12.0,105.45,3.66837,-30.9519,0.57097,0.00043,0.53935
7282.81,index_price,1558177145576,open,0.57,0.0,0.519,0.6455,0.58223728,127.06,None,0,BTC-31MAY19-11500-P,7282.81,0.0,0.0,0.0,0.0,0.0,0.0,1.08976,-5.37703,-3.97155,5e-05,-0.96367
7277.74,BTC-28JUN19,1558177145592,open,0.04,1333.8,0.0005,0.0795,0.03982805,104.19,0.045,0.0,BTC-28JUN19-10000-C,7282.81,101.38,0.037,12.8,0.043,5.0,107.27,7.40534,-9.43819,1.55451,0.00012,0.23056
7277.74,BTC-28JUN19,1558177145592,open,0.4,219.6,0.355,0.4345,0.39499848,111.04,0.42,0.0,BTC-28JUN19-4500-C,7282.81,0.0,0.2,1.0,0.55,0.1,320.39,3.25209,-4.41727,4.36444,5e-05,0.9305
7282.81,index_price,1558177145592,open,0.12,249.3,0.079,0.1585,0.11877548,106.49,0.119,0,BTC-31MAY19-6750-C,7282.81,100.06,0.1145,12.0,0.122,12.0,111.31,4.86348,-20.11224,1.45297,0.00024,0.68434
7267.82,BTC-27SEP19,1558177145603,open,0.54,261.1,0.499,0.5785,0.53857286,97.55,0.52,0.0,BTC-27SEP19-3500-C,7282.81,0.0,0.161,1.0,0.552,0.5,114.01,5.32938,-1.971,10.4923,3e-05,0.93814
7282.81,index_price,1558177145603,open,0.49,0.0,0.4455,0.525,0.48533879,135.0,None,0,BTC-31MAY19-3750-C,7282.81,0.0,0.0065,0.5,0.0,0.0,0.0,0.12625,-0.66184,1.31442,0.0,0.99697
235.54,index_price,1558177145634,open,0.15,2.0,0.108,0.187,0.147535,116.34,0.13,0,ETH-31MAY19-210-C,235.54,105.53,0.141,100.0,0.151,100.0,121.96,0.14431,-0.65195,0.04899,0.00634,0.73713
235.54,index_price,1558177145670,open,0.08,301.0,0.032,0.117,0.074722,116.34,0.071,0,ETH-31MAY19-230-P,235.54,101.68,0.064,300.0,0.075,300.0,116.72,0.17234,-0.77858,-0.04058,0.00757,-0.41364
240.36,ETH-27SEP19,1558177145714,open,0.07,0.0,0.022,0.101,0.06183,113.24,None,0.0,ETH-27SEP19-520-C,235.54,106.83,0.051,80.0,0.062,80.0,113.34,0.42074,-0.18064,0.13195,0.00178,0.21377
7282.81,index_price,1558177145810,open,0.02,5.0,0.0005,0.0545,0.01469244,111.14,0.016,0,BTC-31MAY19-9250-C,7282.81,105.95,0.0125,21.0,0.0165,20.0,115.2,3.17401,-13.69918,0.34486,0.00015,0.14893
240.36,ETH-27SEP19,1558177145943,open,0.05,403.0,0.009,0.088,0.04896,117.37,0.039,0.0,ETH-27SEP19-600-C,235.54,109.84,0.038,80.0,0.048,80.0,116.74,0.36917,-0.16428,0.10737,0.00151,0.1726
7282.81,index_price,1558177145996,open,0.01,10.0,0.0005,0.045,0.00534673,117.52,0.005,0,BTC-31MAY19-10500-C,7282.81,111.09,0.004,20.0,0.0065,0.8,122.34,1.64869,-7.5239,0.14274,7e-05,0.06091
7282.81,index_price,1558177146115,open,0.0,31.4,0.0005,0.043,0.00317645,127.06,0.005,0,BTC-31MAY19-11500-C,7282.81,113.17,0.0015,20.0,0.005,30.0,137.62,1.08977,-5.3771,0.08518,5e-05,0.03633
7267.82,BTC-27SEP19,1558177146128,open,0.1,65.8,0.06,0.148,0.10405284,88.93,0.098,0.0,BTC-27DEC19-5000-P,7282.81,85.57,0.097,3.2,0.11,5.0,91.75,15.30593,-3.05348,-12.9555,5e-05,-0.18789
7267.82,BTC-27SEP19,1558177146130,open,0.02,99.8,0.0005,0.065,0.02418224,93.02,0.02,0.0,BTC-27DEC19-3000-P,7282.81,87.56,0.0195,4.0,0.0285,6.0,97.7,6.49545,-1.35552,-3.6014,2e-05,-0.05697
7282.81,index_price,1558177146185,open,0.14,19.1,0.0965,0.1875,0.14217684,106.98,0.146,0,BTC-31MAY19-8000-P,7282.81,100.26,0.1375,12.0,0.146,12.0,112.41,5.10158,-21.19431,-2.01764,0.00025,-0.64318
7282.81,index_price,1558177146187,open,0.15,3.7,0.1095,0.189,0.14927151,104.05,0.14,0,BTC-24MAY19-6250-C,7282.81,85.98,0.1455,4.0,0.152,4.0,114.77,1.74197,-15.42454,0.86795,0.0002,0.8896
7267.66,BTC-27SEP19,1558177146187,open,0.03,0.0,0.0005,0.0695,0.02954106,110.65,None,0.0,BTC-27SEP19-20000-C,7282.81,106.19,0.0245,4.0,0.0345,4.0,114.69,8.59092,-3.6042,2.30014,4e-05,0.11714
235.54,index_price,1558177146190,open,0.08,1.0,0.038,0.117,0.077764,115.12,0.089,0,ETH-31MAY19-240-C,235.54,106.09,0.071,300.0,0.082,300.0,120.78,0.17645,-0.7888,0.03579,0.00783,0.50852
7268.0,BTC-27SEP19,1558177146220,open,0.06,28.1,0.019,0.0985,0.05895667,101.31,0.0615,0.0,BTC-27SEP19-14000-C,7282.81,97.91,0.053,3.2,0.0645,3.2,104.39,12.9371,-4.96947,4.23066,7e-05,0.22005
7282.81,index_price,1558177146236,open,0.17,307.6,0.127,0.2065,0.16677474,109.06,0.1635,0,BTC-31MAY19-6250-C,7282.81,101.69,0.163,4.0,0.1695,4.0,114.21,3.80552,-16.11697,1.63212,0.00019,0.80207
7277.78,BTC-28JUN19,1558177146247,open,0.19,510.2,0.1475,0.227,0.18744942,100.97,0.1875,0.0,BTC-28JUN19-6500-C,7282.81,96.8,0.1825,9.6,0.1925,9.6,105.31,8.55968,-10.57178,4.11821,0.00014,0.69267
7282.81,index_price,1558177146249,open,0.11,0.4,0.0735,0.162,0.11774376,105.85,0.1205,0,BTC-31MAY19-7750-P,7282.81,100.04,0.1135,12.0,0.122,12.0,111.64,5.33413,-21.92505,-1.80405,0.00027,-0.58448
7282.81,index_price,1558177146271,open,0.16,0.4,0.121,0.214,0.16758911,106.98,0.17,0,BTC-31MAY19-8250-P,7282.81,100.66,0.1635,4.0,0.172,4.0,113.65,4.76656,-19.80249,-2.22507,0.00024,-0.69851
7282.81,index_price,1558177146273,open,0.17,9.2,0.129,0.223,0.17602037,105.51,0.174,0,BTC-24MAY19-8500-P,7282.81,95.91,0.1735,4.0,0.181,4.0,121.76,2.04069,-18.32301,-1.21647,0.00023,-0.86159
7277.78,BTC-28JUN19,1558177146282,open,0.1,945.5,0.0575,0.137,0.09704279,101.28,0.0965,0.0,BTC-28JUN19-8000-C,7282.81,97.86,0.0925,9.6,0.102,9.6,105.02,9.65791,-11.96544,2.92829,0.00016,0.45633
7277.74,BTC-28JUN19,1558177146284,open,0.05,351.8,0.013,0.097,0.05491168,102.1,0.052,0.0,BTC-28JUN19-6000-P,7282.81,98.21,0.051,12.8,0.058,12.8,105.09,7.41153,-9.2567,-2.32975,0.00012,-0.23091
235.54,index_price,1558177146380,open,0.0,65.0,0.001,0.041,0.001898,145.04,0.004,0,ETH-24MAY19-340-C,235.54,0.0,0.0,0.0,0.004,100.0,164.87,0.01951,-0.24081,0.00101,0.00151,0.02854
7268.0,BTC-27SEP19,1558177146466,open,0.21,114.4,0.1635,0.243,0.20346785,90.49,0.1985,0.0,BTC-27DEC19-9000-C,7282.81,88.73,0.198,6.0,0.2125,7.4,93.39,22.62764,-4.59342,14.0668,8e-05,0.52044
235.54,index_price,1558177146478,open,0.01,568.0,0.001,0.048,0.008458,127.72,0.013,0,ETH-24MAY19-290-C,235.54,92.59,0.002,500.0,0.008,500.0,125.84,0.05786,-0.62881,0.00402,0.00507,0.11458
235.54,index_price,1558177146487,open,0.01,1726.0,0.001,0.045,0.005891,130.11,0.008,0,ETH-24MAY19-300-C,235.54,104.46,0.002,1140.0,0.005,500.0,125.34,0.04583,-0.50736,0.00294,0.00394,0.08335
240.36,ETH-27SEP19,1558177146497,open,1.22,0.0,1.137,1.314,1.22543,113.34,None,0.0,ETH-27SEP19-520-P,235.54,0.0,0.0,0.0,0.0,0.0,0.0,0.42118,-0.18099,-1.74665,0.00178,-0.78584
7282.81,index_price,1558177146520,open,0.28,0.0,0.2335,0.336,0.28480653,111.14,None,0,BTC-31MAY19-9250-P,7282.81,0.0,0.0,0.0,0.0,0.0,0.0,3.174,-13.69914,-2.91816,0.00015,-0.85107
235.54,index_price,1558177146524,open,0.22,95.0,0.171,0.25,0.210156,116.34,0.199,0,ETH-31MAY19-190-C,235.54,103.05,0.205,100.0,0.213,100.0,123.05,0.09716,-0.43896,0.05422,0.00427,0.86271
235.54,index_price,1558177146530,open,0.01,318.0,0.001,0.044,0.004305,133.67,0.005,0,ETH-24MAY19-310-C,235.54,0.0,0.0,0.0,0.004,500.0,131.67,0.03671,-0.41758,0.0022,0.00308,0.06241
235.54,index_price,1558177146566,open,0.0,338.0,0.001,0.043,0.003081,136.32,0.006,0,ETH-24MAY19-320-C,235.54,0.0,0.0,0.0,0.003,500.0,135.66,0.02882,-0.33432,0.00163,0.00237,0.04597
235.54,index_price,1558177146568,open,0.02,501.0,0.001,0.052,0.012642,126.86,0.009,0,ETH-24MAY19-280-C,235.54,102.27,0.006,500.0,0.012,500.0,124.76,0.07276,-0.78551,0.00559,0.00642,0.16017
235.54,index_price,1558177146586,open,0.0,243.0,0.001,0.042,0.002133,137.98,0.005,0,ETH-24MAY19-330-C,235.54,0.0,0.0,0.0,0.004,200.0,154.33,0.02199,-0.25819,0.00117,0.00178,0.03298
7282.81,index_price,1558177146607,open,0.01,0.0,0.0005,0.0495,0.009961,114.41,None,0,BTC-31MAY19-9750-C,7282.81,108.4,0.008,21.0,0.0115,20.0,118.75,2.49769,-11.09735,0.24573,0.00012,0.10561
7277.78,BTC-28JUN19,1558177146651,open,0.1,945.5,0.0575,0.137,0.09704281,101.28,0.0965,0.0,BTC-28JUN19-8000-C,7282.81,97.86,0.0925,14.6,0.102,9.6,105.02,9.65791,-11.96544,2.92829,0.00016,0.45633
7282.81,index_price,1558177146660,open,0.44,0.0,0.3895,0.5045,0.4470979,117.52,None,0,BTC-31MAY19-10500-P,7282.81,0.0,0.0,0.0,0.0,0.0,0.0,1.64868,-7.52387,-3.56123,7e-05,-0.93909
235.54,index_price,1558177146663,open,0.05,501.0,0.002,0.081,0.041281,121.66,0.051,0,ETH-31MAY19-270-C,235.54,105.83,0.031,400.0,0.04,400.0,119.73,0.15703,-0.74185,0.0227,0.0066,0.31443
235.54,index_price,1558177146711,open,0.1,0.0,0.053,0.14,0.096698,115.12,None,0,ETH-31MAY19-240-P,235.54,102.18,0.087,300.0,0.098,300.0,116.86,0.17645,-0.78879,-0.04887,0.00783,-0.49148
240.36,ETH-27SEP19,1558177146733,open,1.53,0.0,1.444,1.647,1.545422,117.5,None,0.0,ETH-27SEP19-600-P,235.54,0.0,0.0,0.0,0.0,0.0,0.0,0.36983,-0.16476,-2.06021,0.00151,-0.82692
235.54,index_price,1558177146736,open,0.29,0.0,0.245,0.324,0.284026,117.57,None,0,ETH-31MAY19-170-C,235.54,0.0,0.0,0.0,0.0,0.0,0.0,0.05009,-0.2287,0.05482,0.00218,0.94375
235.54,index_price,1558177146777,open,0.44,0.0,0.388,0.503,0.44539,145.04,None,0,ETH-24MAY19-340-P,235.54,0.0,0.0,0.0,0.582,1.0,500.0,0.01951,-0.24081,-0.05372,0.00151,-0.97146
7268.0,BTC-27SEP19,1558177146779,open,0.28,59.7,0.234,0.3365,0.28540491,93.25,0.2745,0.0,BTC-27SEP19-8000-P,7282.81,89.27,0.276,5.0,0.2945,2.4,97.03,17.32525,-6.12508,-19.48633,0.0001,-0.45659
7268.0,BTC-27SEP19,1558177146793,open,0.28,59.7,0.234,0.3365,0.28540491,93.25,0.2745,0.0,BTC-27SEP19-8000-P,7282.81,89.27,0.276,5.0,0.2945,7.4,97.03,17.32525,-6.12508,-19.48633,0.0001,-0.45659
7282.81,index_price,1558177146818,open,0.0,49.3,0.0005,0.041,0.00116802,134.47,0.003,0,BTC-24MAY19-10500-C,7282.81,0.0,0.0,0.0,0.0025,32.0,151.29,0.44256,-5.06429,0.02178,4e-05,0.01975
235.54,index_price,1558177146973,open,0.27,50.0,0.229,0.33,0.27956,130.11,0.23,0,ETH-24MAY19-300-P,235.54,0.0,0.003,20.0,0.38,1.0,381.17,0.04583,-0.50736,-0.04536,0.00394,-0.91665
235.54,index_price,1558177146995,open,0.24,100.0,0.191,0.289,0.239671,127.72,0.213,0,ETH-24MAY19-290-P,235.54,0.0,0.23,100.0,0.239,100.0,124.94,0.05786,-0.62881,-0.04266,0.00507,-0.88542
235.54,index_price,1558177147013,open,0.31,100.0,0.268,0.373,0.32043,133.67,0.223,0,ETH-24MAY19-310-P,235.54,0.0,0.004,10.0,0.454,1.0,464.4,0.03671,-0.41758,-0.0477,0.00308,-0.93759
235.54,index_price,1558177147043,open,0.02,8.0,0.001,0.057,0.016813,116.34,0.011,0,ETH-31MAY19-190-P,235.54,98.34,0.01,500.0,0.016,500.0,114.35,0.09716,-0.43896,-0.0128,0.00427,-0.13729
7282.81,index_price,1558177147083,open,0.0,84.6,0.0005,0.0415,0.00184181,128.14,0.004,0,BTC-24MAY19-10000-C,7282.81,116.73,0.001,50.0,0.0025,0.1,134.91,0.64288,-7.01016,0.03397,6e-05,0.03082
235.54,index_price,1558177147092,open,0.02,817.0,0.001,0.06,0.020952,125.44,0.013,0,ETH-31MAY19-300-C,235.54,103.0,0.011,500.0,0.018,500.0,119.32,0.11676,-0.56875,0.01335,0.00476,0.18168
235.54,index_price,1558177147189,open,0.37,0.0,0.318,0.427,0.372124,128.39,None,0,ETH-31MAY19-320-P,235.54,0.0,0.0,0.0,0.0,0.0,0.0,0.09108,-0.45408,-0.10362,0.00362,-0.87498
235.54,index_price,1558177147313,open,0.07,3.0,0.025,0.104,0.064184,118.92,0.078,0,ETH-31MAY19-250-C,235.54,106.47,0.055,300.0,0.066,300.0,121.37,0.17438,-0.8053,0.03109,0.00749,0.43838
7267.28,BTC-27SEP19,1558177147369,open,0.04,1018.1,0.0005,0.0815,0.04004531,95.26,0.036,0.0,BTC-27SEP19-4250-P,7282.81,90.26,0.0345,6.0,0.044,4.0,98.69,8.24716,-2.97852,-3.95606,5e-05,-0.11062
7282.81,index_price,1558177147369,open,0.01,194.7,0.0005,0.0475,0.00745662,104.05,0.006,0,BTC-24MAY19-6250-P,7282.81,95.37,0.0055,20.0,0.009,0.4,110.27,1.74196,-15.42438,-0.13817,0.0002,-0.11039
7267.28,BTC-27SEP19,1558177147369,open,0.77,1.2,0.7115,0.8535,0.78241865,93.15,0.6345,0.0,BTC-27DEC19-12000-P,7282.81,0.0,0.007,1.0,1.5865,0.3,500.0,21.48912,-4.49054,-62.56304,7e-05,-0.62744
7282.81,index_price,1558177147371,open,0.0,112.1,0.0005,0.043,0.00310272,116.88,0.0015,0,BTC-24MAY19-5750-P,7282.81,107.07,0.002,0.1,0.0045,30.0,126.9,0.91754,-9.12576,-0.05954,9e-05,-0.04768
7282.81,index_price,1558177147371,open,0.0,307.5,0.0005,0.043,0.0029477,128.26,0.0025,0,BTC-31MAY19-4750-P,7282.81,107.45,0.001,20.0,0.0045,30.0,139.25,0.90694,-4.51728,-0.08228,4e-05,-0.02908
7267.28,BTC-27SEP19,1558177147397,open,0.41,13.5,0.365,0.4445,0.40499743,94.23,0.382,0.0,BTC-27SEP19-4750-C,7282.81,0.0,0.01,3.0,0.4635,3.0,133.28,10.21096,-3.64804,11.6693,6e-05,0.84943
7277.74,BTC-28JUN19,1558177147397,open,0.46,322.4,0.418,0.4975,0.45794851,116.04,0.451,0.0,BTC-28JUN19-4000-C,7282.81,0.0,0.0605,3.0,0.6,0.1,342.98,2.15523,-3.05924,4.08098,3e-05,0.95867
7282.81,index_price,1558177147399,open,0.09,155.7,0.052,0.1395,0.09576421,105.34,0.081,0,BTC-31MAY19-7500-P,7282.81,100.31,0.092,12.0,0.1,12.0,111.0,5.45021,-22.29464,-1.58139,0.00028,-0.51978
7277.74,BTC-28JUN19,1558177147417,open,1.05,2.0,0.985,1.15,1.06734098,114.72,2.658,0.0,BTC-28JUN19-15000-P,7282.81,0.0,0.0,0.0,1.508,1.0,500.0,2.32187,-3.25812,-16.47986,3e-05,-0.95468
7282.81,index_price,1558177147417,open,0.45,9.0,0.4115,0.491,0.45132838,135.0,0.249,0,BTC-31MAY19-4000-C,7282.81,0.0,0.0165,0.2,0.0,0.0,0.0,0.24578,-1.28849,1.39317,1e-05,0.99361
7267.28,BTC-27SEP19,1558177147466,open,0.09,700.9,0.0415,0.121,0.0814229,98.26,0.071,0.0,BTC-27SEP19-12000-C,7282.81,94.1,0.073,3.2,0.0885,3.2,101.66,14.94857,-5.56878,5.4721,8e-05,0.28983
7282.81,index_price,1558177147466,open,0.0,571.8,0.0005,0.044,0.00422429,123.49,0.0035,0,BTC-31MAY19-5000-P,7282.81,111.56,0.0025,20.0,0.0055,20.0,130.65,1.20628,-5.78466,-0.11658,5e-05,-0.04115
7277.74,BTC-28JUN19,1558177147493,open,0.43,10.5,0.3865,0.466,0.42630856,113.89,0.2685,0.0,BTC-28JUN19-4250-C,7282.81,0.0,0.0325,3.0,0.7,3.0,500.0,2.69305,-3.75163,4.23083,4e-05,0.94542
7282.81,index_price,1558177147493,open,0.52,0.0,0.48,0.5595,0.51951416,135.0,None,0,BTC-31MAY19-3500-C,7282.81,0.0,0.007,0.2,0.0,0.0,0.0,0.05765,-0.30223,1.23112,0.0,0.99872
7267.28,BTC-27SEP19,1558177147554,open,0.02,374.8,0.0005,0.0605,0.02017522,97.57,0.0155,0.0,BTC-27SEP19-3500-P,7282.81,90.08,0.015,4.0,0.0245,4.0,103.24,5.33235,-1.97269,-2.15519,3e-05,-0.06191
7267.28,BTC-27SEP19,1558177147573,open,0.04,81.7,0.0005,0.0795,0.03834738,91.73,0.0335,0.0,BTC-27DEC19-3500-P,7282.81,87.2,0.033,9.0,0.0435,5.0,95.92,8.77068,-1.80496,-5.43605,3e-05,-0.08415
7267.28,BTC-27SEP19,1558177147573,open,0.42,58.4,0.3765,0.456,0.41609845,88.95,0.393,0.0,BTC-27DEC19-5000-C,7282.81,0.0,0.001,1.0,0.4765,0.5,117.24,15.30699,-3.05457,17.57108,5e-05,0.81206
7277.74,BTC-28JUN19,1558177147575,open,0.01,302.6,0.0005,0.0525,0.01284425,111.73,0.0135,0.0,BTC-28JUN19-13000-C,7282.81,107.04,0.0105,16.0,0.015,16.0,115.67,3.82961,-5.23407,0.59782,6e-05,0.08619
7277.74,BTC-28JUN19,1558177147575,open,0.5,30.0,0.451,0.5305,0.49074735,120.71,0.298,0.0,BTC-28JUN19-3750-C,7282.81,0.0,0.009,0.3,0.7805,3.0,500.0,1.77676,-2.62359,3.88451,2e-05,0.96736
7267.28,BTC-27SEP19,1558177147575,open,0.49,238.5,0.4425,0.522,0.48234679,96.27,0.544,0.0,BTC-27SEP19-4000-C,7282.81,0.0,0.165,2.0,0.511,2.0,122.1,7.28077,-2.65743,11.14434,4e-05,0.90678
7282.81,index_price,1558177147575,open,0.22,8.0,0.174,0.2535,0.2135723,116.88,0.26,0,BTC-24MAY19-5750-C,7282.81,0.0,0.0025,1.0,0.2655,0.5,301.19,0.91754,-9.12576,0.86608,9e-05,0.95232
7267.28,BTC-27SEP19,1558177147577,open,1.78,0.0,1.6995,1.924,1.81191173,101.58,None,0.0,BTC-27DEC19-20000-P,7282.81,0.0,0.0065,5.0,2.67,0.2,500.0,15.40332,-3.51035,-116.35445,5e-05,-0.81014
7277.74,BTC-28JUN19,1558177147608,open,0.07,481.1,0.0225,0.102,0.06230408,102.87,0.0565,0.0,BTC-28JUN19-9000-C,7282.81,99.29,0.058,24.8,0.0665,12.8,106.32,8.80072,-11.07437,2.16718,0.00014,0.32821
7267.28,BTC-27SEP19,1558177147608,open,0.84,0.0,0.7835,0.9315,0.85746532,99.68,None,0.0,BTC-27SEP19-13000-P,7282.81,0.0,0.0065,50.1,1.6135,0.3,500.0,13.91348,-5.25838,-42.17833,7e-05,-0.7489
235.54,index_price,1558177147614,open,0.29,0.0,0.243,0.346,0.294621,125.44,None,0,ETH-31MAY19-300-P,235.54,0.0,0.0,0.0,0.0,0.0,0.0,0.11676,-0.56874,-0.09247,0.00476,-0.81832
7277.74,BTC-28JUN19,1558177147626,open,0.01,239.1,0.0005,0.0505,0.01027784,113.88,0.009,0.0,BTC-28JUN19-4250-P,7282.81,107.35,0.008,16.0,0.0125,26.0,119.61,2.69265,-3.75078,-0.52855,4e-05,-0.05457
7267.28,BTC-27SEP19,1558177147632,open,0.97,0.0,0.906,1.0645,0.98520863,101.22,None,0.0,BTC-27SEP19-14000-P,7282.81,0.0,0.0065,10.1,1.7455,0.3,500.0,12.922,-4.95928,-46.35837,7e-05,-0.78036
7266.95,BTC-27SEP19,1558177147690,open,0.13,889.0,0.084,0.1635,0.12368789,97.4,0.1245,0.0,BTC-27SEP19-10000-C,7282.81,95.81,0.12,1.0,0.1275,3.2,99.04,16.87887,-6.23296,7.2624,9e-05,0.40029
7266.95,BTC-27SEP19,1558177147690,open,0.05,114.8,0.0125,0.0965,0.05462795,89.49,0.0585,0.0,BTC-27DEC19-4000-P,7282.81,86.4,0.05,9.0,0.058,0.2,91.71,10.98179,-2.20478,-7.50069,4e-05,-0.11441
7277.74,BTC-28JUN19,1558177147726,open,0.08,173.5,0.0375,0.1235,0.08057873,101.02,0.094,0.0,BTC-28JUN19-6500-P,7282.81,97.12,0.076,12.8,0.0845,12.8,104.35,8.56006,-10.57747,-3.16178,0.00014,-0.30736
7266.95,BTC-27SEP19,1558177147726,open,1.49,1.0,1.412,1.6125,1.51244059,107.37,1.5815,0.0,BTC-27SEP19-18000-P,7282.81,0.0,0.0065,0.4,2.274,0.3,500.0,9.69718,-3.94764,-62.3041,5e-05,-0.86053
7282.81,index_price,1558177147726,open,0.08,160.9,0.041,0.1205,0.08087828,105.31,0.0955,0,BTC-31MAY19-7250-C,7282.81,100.1,0.077,12.0,0.0845,13.0,110.19,5.41664,-22.15233,1.20121,0.00027,0.54844
7282.81,index_price,1558177147726,open,0.23,301.7,0.1835,0.263,0.22316481,113.4,0.198,0,BTC-31MAY19-5750-C,7282.81,0.0,0.113,2.0,0.2635,3.0,199.75,2.60517,-11.47209,1.70805,0.00012,0.88802
7282.81,index_price,1558177147726,open,0.01,228.0,0.0005,0.049,0.00894957,116.55,0.009,0,BTC-31MAY19-5500-P,7282.81,109.32,0.007,3.0,0.0105,20.0,121.81,2.07091,-9.37306,-0.23354,9e-05,-0.08195
7266.95,BTC-27SEP19,1558177147744,open,0.89,0.0,0.829,0.9805,0.90472606,94.22,None,0.0,BTC-27DEC19-13000-P,7282.81,0.0,0.007,1.0,1.7215,0.3,499.85,20.72596,-4.38107,-69.58349,7e-05,-0.66341
7266.95,BTC-27SEP19,1558177147763,open,0.07,228.1,0.027,0.112,0.06944544,93.74,0.0655,0.0,BTC-27SEP19-5000-P,7282.81,90.16,0.064,6.0,0.074,3.2,96.69,11.14675,-3.96154,-6.34582,6e-05,-0.17225
7282.81,index_price,1558177147763,open,0.14,43.2,0.1,0.191,0.14537163,102.85,0.1735,0,BTC-24MAY19-8250-P,7282.81,97.21,0.1435,4.0,0.1505,4.0,117.09,2.48005,-21.70567,-1.12399,0.00028,-0.81336
7266.95,BTC-27SEP19,1558177147763,open,0.35,123.6,0.3045,0.384,0.3442524,88.95,0.369,0.0,BTC-27DEC19-6000-C,7282.81,71.75,0.3,0.3,0.4,0.1,110.85,18.65619,-3.7229,17.26822,7e-05,0.73341
7266.95,BTC-27SEP19,1558177147763,open,0.02,178.6,0.0005,0.056,0.01557843,97.55,0.0125,0.0,BTC-27DEC19-2500-P,7282.81,88.86,0.0105,5.0,0.0205,4.0,104.79,4.63842,-1.01505,-2.35335,1e-05,-0.03746
7266.95,BTC-27SEP19,1558177147763,open,0.07,37.7,0.0325,0.112,0.07200666,100.42,0.08,0.0,BTC-27DEC19-18000-C,7282.81,98.46,0.0675,0.9,0.0765,3.2,102.32,16.92505,-3.81277,6.68016,5e-05,0.22255
7266.95,BTC-27SEP19,1558177147793,open,0.04,23.0,0.004,0.0835,0.0436302,108.46,0.04,0.0,BTC-27DEC19-26000-C,7282.81,106.03,0.0395,1.9,0.048,4.0,110.92,12.63994,-3.07565,4.27685,4e-05,0.14001
7282.81,index_price,1558177147811,open,0.1,20.3,0.0545,0.134,0.09420207,101.03,0.0875,0,BTC-24MAY19-6750-C,7282.81,89.24,0.0895,4.0,0.0965,4.0,106.62,2.97117,-25.54516,0.7622,0.00034,0.74433
7266.95,BTC-27SEP19,1558177147830,open,1.22,0.0,1.157,1.336,1.24640103,104.29,None,0.0,BTC-27SEP19-16000-P,7282.81,0.0,0.0065,10.1,2.009,0.2,500.0,11.14408,-4.40655,-54.46011,6e-05,-0.82782
7277.74,BTC-28JUN19,1558177147830,open,0.01,341.7,0.0005,0.046,0.0062729,114.75,0.009,0.0,BTC-28JUN19-15000-C,7282.81,108.63,0.0045,16.0,0.0075,2.0,118.39,2.32439,-3.26266,0.31877,3e-05,0.04539
7266.95,BTC-27SEP19,1558177147830,open,0.17,185.2,0.1235,0.2165,0.16980945,88.91,0.158,0.0,BTC-27DEC19-6000-P,7282.81,84.9,0.1595,3.2,0.176,5.0,91.33,18.65655,-3.72136,-19.36495,7e-05,-0.2666
240.36,ETH-27SEP19,1558177147877,open,0.07,1219.0,0.031,0.11,0.070413,110.87,0.061,0.0,ETH-27SEP19-480-C,235.54,105.15,0.06,80.0,0.072,80.0,111.71,0.44966,-0.18901,0.14772,0.00194,0.24051
240.36,ETH-27SEP19,1558177147877,open,0.21,657.0,0.169,0.248,0.208543,100.63,0.224,0.0,ETH-27SEP19-260-C,235.54,96.59,0.199,60.0,0.213,60.0,102.51,0.56786,-0.21665,0.3126,0.0027,0.5685
237.32,ETH-28JUN19,1558177147877,open,0.35,923.0,0.304,0.383,0.343264,102.71,0.357,0.0,ETH-28JUN19-160-C,235.54,0.0,0.02,2.0,0.69,5.0,500.0,0.13278,-0.16681,0.14966,0.00205,0.90639
237.32,ETH-28JUN19,1558177147877,open,0.32,1.0,0.276,0.381,0.328489,109.37,0.255,0.0,ETH-28JUN19-300-P,235.54,0.0,0.001,2.0,0.0,0.0,0.0,0.28537,-0.38178,-0.26704,0.00414,-0.67629
240.36,ETH-27SEP19,1558177147877,open,0.0,174.0,0.001,0.042,0.002374,112.45,0.002,0.0,ETH-27SEP19-60-P,235.54,0.0,0.0,0.0,0.005,100.0,127.37,0.03305,-0.01409,-0.00936,0.00014,-0.0084
235.54,index_price,1558177147877,open,0.13,996.0,0.086,0.175,0.130375,123.86,0.13,0,ETH-24MAY19-260-P,235.54,98.82,0.12,100.0,0.131,100.0,125.3,0.10248,-1.08019,-0.03182,0.00926,-0.70888
240.36,ETH-27SEP19,1558177147880,open,0.03,7287.0,0.001,0.065,0.024958,99.58,0.023,0.0,ETH-27SEP19-120-P,235.54,91.99,0.019,100.0,0.024,100.0,98.41,0.19859,-0.07498,-0.08435,0.00096,-0.07217
235.54,index_price,1558177147883,open,0.1,0.0,0.059,0.138,0.098241,116.34,None,0,ETH-31MAY19-230-C,235.54,106.44,0.091,300.0,0.102,300.0,121.47,0.17234,-0.77856,0.04056,0.00757,0.58636
237.32,ETH-28JUN19,1558177147889,open,0.28,3366.0,0.237,0.316,0.276916,102.69,0.259,0.0,ETH-28JUN19-180-C,235.54,94.11,0.27,80.0,0.28,80.0,106.37,0.19673,-0.24712,0.14846,0.00304,0.83554
240.36,ETH-27SEP19,1558177147897,open,0.31,1736.0,0.27,0.349,0.309231,99.58,0.326,0.0,ETH-27SEP19-200-C,235.54,93.45,0.297,20.0,0.313,20.0,101.47,0.47958,-0.18107,0.36356,0.00231,0.72787
237.32,ETH-28JUN19,1558177147910,open,0.01,9841.0,0.001,0.047,0.007225,103.25,0.006,0.0,ETH-28JUN19-140-P,235.54,91.4,0.004,400.0,0.01,400.0,111.35,0.07466,-0.0943,-0.01376,0.00115,-0.04455
237.32,ETH-28JUN19,1558177147918,open,0.67,0.0,0.624,0.703,0.663918,141.89,None,0.0,ETH-28JUN19-80-C,235.54,0.0,0.003,2.0,0.0,0.0,0.0,0.01299,-0.02255,0.08779,0.00015,0.99426
240.36,ETH-27SEP19,1558177147929,open,0.15,387.0,0.107,0.186,0.146613,103.14,0.155,0.0,ETH-27SEP19-320-C,235.54,99.08,0.137,100.0,0.15,60.0,104.57,0.56979,-0.22282,0.25456,0.00265,0.43974
235.54,index_price,1558177147931,open,0.37,0.0,0.325,0.404,0.364298,170.0,None,0,ETH-24MAY19-150-C,235.54,0.0,0.002,9.0,0.0,0.0,0.0,0.0106,-0.15338,0.02358,0.0007,0.98609
7266.95,BTC-27SEP19,1558177147935,open,0.12,171.1,0.08,0.1695,0.12462981,92.75,0.132,0.0,BTC-27SEP19-6000-P,7282.81,88.63,0.1165,6.0,0.131,3.2,95.97,14.35765,-5.04901,-10.27844,8e-05,-0.26684
7277.74,BTC-28JUN19,1558177147935,open,0.53,5.7,0.477,0.5995,0.53820586,106.87,1.142,0.0,BTC-28JUN19-11000-P,7282.81,0.0,0.0,0.0,1.024,1.0,500.0,6.03358,-7.88763,-11.19606,0.0001,-0.83551
7266.95,BTC-27SEP19,1558177147935,open,0.73,28.2,0.6875,0.767,0.72743022,106.64,0.755,0.0,BTC-27SEP19-2000-C,7282.81,0.0,0.0065,5.1,0.7305,1.0,121.76,1.14532,-0.46306,6.89883,1e-05,0.99019
7266.95,BTC-27SEP19,1558177147944,open,0.31,731.8,0.2595,0.339,0.29907277,92.8,0.2905,0.0,BTC-27SEP19-6000-C,7282.81,0.0,0.01,4.0,0.455,0.3,172.98,14.35796,-5.05184,11.39686,8e-05,0.73314
7282.81,index_price,1558177147944,open,0.02,474.1,0.0005,0.0575,0.01728365,109.49,0.017,0,BTC-31MAY19-6000-P,7282.81,105.31,0.0155,20.0,0.0185,1.0,112.26,3.16092,-13.43988,-0.42465,0.00015,-0.14801
7266.95,BTC-27SEP19,1558177147944,open,0.1,65.2,0.0555,0.135,0.09545269,97.45,0.1055,0.0,BTC-27DEC19-15000-C,7282.81,95.38,0.09,1.0,0.101,3.2,99.53,19.24742,-4.20802,8.36794,6e-05,0.28403
7282.81,index_price,1558177147954,open,0.05,140.5,0.006,0.0895,0.04782115,99.15,0.05,0,BTC-24MAY19-7250-P,7282.81,92.56,0.0445,12.0,0.052,12.0,107.45,3.66837,-30.95184,-0.59612,0.00043,-0.46065
7282.81,index_price,1558177147976,open,0.0,18.7,0.0005,0.0415,0.00150608,134.23,0.001,0,BTC-24MAY19-5250-P,7282.81,114.0,0.0005,11.0,0.0025,30.0,146.75,0.49203,-5.62023,-0.028,4e-05,-0.02238
240.37,ETH-27SEP19,1558177147984,open,0.68,31.0,0.623,0.757,0.690172,106.71,0.55,0.0,ETH-27SEP19-380-P,235.54,0.0,0.001,2.0,0.0,0.0,0.0,0.53349,-0.21584,-1.16647,0.00239,-0.65297
7277.74,BTC-28JUN19,1558177147984,open,0.01,226.5,0.0005,0.0535,0.01338401,111.18,0.012,0.0,BTC-28JUN19-4500-P,7282.81,105.62,0.011,16.0,0.0155,16.1,115.75,3.25871,-4.43176,-0.67703,5e-05,-0.06968
7277.74,BTC-28JUN19,1558177147984,open,0.16,1184.5,0.1115,0.191,0.15115996,100.67,0.154,0.0,BTC-28JUN19-7000-C,7282.81,96.65,0.146,9.6,0.153,5.0,102.1,9.33223,-11.49177,3.75409,0.00016,0.61177
7282.81,index_price,1558177147984,open,0.29,0.0,0.241,0.3205,0.28063048,134.23,None,0,BTC-24MAY19-5250-C,7282.81,0.0,0.0035,0.2,0.9995,0.1,500.0,0.49203,-5.62023,0.81713,4e-05,0.97762
7266.95,BTC-27SEP19,1558177147984,open,0.51,27.1,0.4645,0.544,0.50425659,89.54,0.542,0.0,BTC-27DEC19-4000-C,7282.81,0.0,0.014,0.1,0.98,0.5,500.0,10.98504,-2.20651,16.91901,4e-05,0.88554
7266.95,BTC-27SEP19,1558177147984,open,1.14,0.0,1.073,1.2455,1.1593453,97.36,None,0.0,BTC-27DEC19-15000-P,7282.81,0.0,0.0065,10.0,1.992,0.2,499.78,19.23339,-4.20093,-83.23304,6e-05,-0.7164
237.32,ETH-28JUN19,1558177148028,open,0.42,335.0,0.378,0.457,0.417329,103.33,0.3,0.0,ETH-28JUN19-140-C,235.54,0.0,0.02,2.0,0.6,1.0,367.14,0.0748,-0.09454,0.14299,0.00115,0.95536
237.32,ETH-28JUN19,1558177148028,open,0.54,10.0,0.499,0.578,0.538094,109.54,0.265,0.0,ETH-28JUN19-110-C,235.54,0.0,0.028,1.0,0.0,0.0,0.0,0.0235,-0.03149,0.11976,0.00034,0.98872
235.54,index_price,1558177148028,open,0.02,593.0,0.001,0.058,0.018308,125.09,0.013,0,ETH-24MAY19-270-C,235.54,104.01,0.011,400.0,0.018,401.0,124.26,0.08789,-0.93553,0.00755,0.00787,0.21741
7277.74,BTC-28JUN19,1558177148034,open,0.34,692.2,0.2955,0.375,0.33509785,106.72,0.4285,0.0,BTC-28JUN19-5000-C,7282.81,0.0,0.235,0.5,0.36,0.5,141.53,4.56179,-5.95487,4.52741,7e-05,0.89059
7266.95,BTC-27SEP19,1558177148034,open,1.52,0.0,1.447,1.6505,1.5486778,100.29,None,0.0,BTC-27DEC19-18000-P,7282.81,0.0,0.0065,5.0,2.3985,0.2,499.77,16.89963,-3.80221,-103.24397,5e-05,-0.77803
240.37,ETH-27SEP19,1558177148048,open,0.36,743.0,0.314,0.393,0.353956,99.57,0.338,0.0,ETH-27SEP19-180-C,235.54,93.33,0.343,20.0,0.356,20.0,100.73,0.42439,-0.16021,0.37264,0.00204,0.78304
235.54,index_price,1558177148048,open,0.03,1531.0,0.001,0.071,0.030325,117.38,0.031,0,ETH-24MAY19-220-P,235.54,100.41,0.023,400.0,0.032,400.0,121.18,0.10345,-1.03335,-0.01242,0.00987,-0.2971
240.37,ETH-27SEP19,1558177148053,open,1.37,0.0,1.29,1.479,1.384572,115.41,None,0.0,ETH-27SEP19-560-P,235.54,0.0,0.0,0.0,0.0,0.0,0.0,0.39399,-0.1724,-1.90459,0.00164,-0.80848
240.37,ETH-27SEP19,1558177148064,open,0.19,697.0,0.145,0.224,0.184722,101.47,0.194,0.0,ETH-27SEP19-280-C,235.54,96.99,0.174,60.0,0.189,60.0,103.25,0.57554,-0.22141,0.29276,0.00272,0.52182
240.37,ETH-27SEP19,1558177148066,open,0.18,1684.0,0.138,0.232,0.185334,99.59,0.185,0.0,ETH-27SEP19-220-P,235.54,95.29,0.176,80.0,0.19,2.0,101.74,0.52155,-0.19693,-0.44525,0.00251,-0.32735
7266.95,BTC-27SEP19,1558177148066,open,1.09,0.0,1.0305,1.1995,1.11506955,102.76,None,0.0,BTC-27SEP19-15000-P,7282.81,0.0,0.0065,10.1,1.877,0.3,500.0,11.99318,-4.67271,-50.44765,6e-05,-0.80633
237.32,ETH-28JUN19,1558177148072,open,0.62,0.0,0.582,0.661,0.621613,124.42,None,0.0,ETH-28JUN19-90-C,235.54,0.0,0.003,3.0,0.0,0.0,0.0,0.01268,-0.0193,0.09908,0.00016,0.99441
237.32,ETH-28JUN19,1558177148090,open,0.38,481.0,0.34,0.419,0.379377,102.72,0.385,0.0,ETH-28JUN19-150-C,235.54,0.0,0.02,2.0,0.49,1.0,256.66,0.10186,-0.12798,0.14741,0.00157,0.93403
240.37,ETH-27SEP19,1558177148090,open,0.67,0.0,0.632,0.711,0.671869,101.03,None,0.0,ETH-27SEP19-80-C,235.54,0.0,0.003,10.0,0.0,0.0,0.0,0.06154,-0.02357,0.27003,0.00029,0.9828
240.37,ETH-27SEP19,1558177148090,open,0.08,370.0,0.044,0.123,0.083513,109.46,0.072,0.0,ETH-27SEP19-440-C,235.54,104.66,0.074,100.0,0.084,80.0,109.7,0.48434,-0.201,0.16857,0.00212,0.27761
235.54,index_price,1558177148093,open,0.0,269.0,0.001,0.041,0.001133,170.0,0.001,0,ETH-24MAY19-150-P,235.54,0.0,0.0,0.0,0.021,104.0,317.92,0.0106,-0.15338,-0.00057,0.0007,-0.01391
235.54,index_price,1558177148102,open,0.03,21.0,0.001,0.067,0.026384,116.34,0.028,0,ETH-31MAY19-200-P,235.54,101.52,0.019,400.0,0.026,400.0,115.59,0.12216,-0.55187,-0.01844,0.00537,-0.1955
7282.81,index_price,1558177148120,open,0.35,0.0,0.3085,0.388,0.34805983,135.0,0.2,0,BTC-24MAY19-4750-C,7282.81,0.0,0.0055,0.2,0.9995,1.0,500.0,0.13193,-1.51557,0.75854,1e-05,0.99507
