underlying_price,underlying_index,timestamp,state,settlement_price,open_interest,min_price,max_price,mark_price,mark_iv,last_price,interest_rate,instrument_name,index_price,bid_iv,best_bid_price,best_bid_amount,best_ask_price,best_ask_amount,ask_iv,vega,theta,rho,gamma,delta
12358.39,SYN.BTC-19JUL19,1562669939999,open,0.12,10.1,0.083,0.1725,0.12782544,105.75,0.0955,0.0,BTC-19JUL19-13500-P,12311.43,92.49,0.12,27.5,0.13,24.0,109.36,7.42218,-39.73989,-2.64469,0.00017,-0.6631
12358.39,SYN.BTC-19JUL19,1562669940017,open,0.09,39.6,0.0415,0.121,0.08113645,101.59,0.0865,0.0,BTC-19JUL19-12000-C,12311.43,98.22,0.079,5.0,0.0875,29.0,111.61,7.84095,-40.3307,1.74311,0.00019,0.60244
12391.47,SYN.BTC-26JUL19,1562669940026,open,0.16,160.9,0.11,0.1895,0.14956512,100.84,0.166,0.0,BTC-26JUL19-11000-C,12311.43,98.57,0.148,13.0,0.1565,8.0,110.75,8.562,-25.58186,3.40932,0.00012,0.74465
313.18,SYN.ETH-19JUL19,1562669940026,open,0.0,501.0,0.001,0.042,0.002063,116.63,0.002,0.0,ETH-19JUL19-220-P,311.82,103.69,0.001,9.0,0.003,5.0,124.94,0.0315,-0.18601,-0.00241,0.00102,-0.02639
12358.39,SYN.BTC-19JUL19,1562669940037,open,0.17,3.5,0.1245,0.204,0.16416348,102.57,0.192,0.0,BTC-19JUL19-10500-C,12311.43,99.44,0.163,8.0,0.171,8.0,119.5,4.6718,-24.26015,2.30399,0.00011,0.8532
12940.77,BTC-27DEC19,1562669940040,open,0.54,7.8,0.4895,0.613,0.55118009,100.34,0.725,0.0,BTC-27DEC19-18000-P,12311.43,97.86,0.5445,4.8,0.564,4.8,105.07,34.99168,-10.27358,-66.99343,4e-05,-0.55464
12940.77,BTC-27DEC19,1562669940042,open,0.67,3.7,0.614,0.748,0.68089475,101.7,0.6745,0.0,BTC-27DEC19-20000-P,12311.43,98.68,0.673,4.8,0.6935,4.8,106.47,33.98712,-10.11387,-78.16878,4e-05,-0.60939
12391.47,SYN.BTC-26JUL19,1562669940044,open,0.13,305.4,0.0845,0.164,0.12406213,100.84,0.13,0.0,BTC-26JUL19-11500-C,12311.43,97.52,0.1215,29.0,0.13,0.1,108.48,9.59415,-28.6646,3.15432,0.00013,0.67463
12391.47,SYN.BTC-26JUL19,1562669940052,open,0.05,251.4,0.0105,0.094,0.05211502,100.83,0.0415,0.0,BTC-26JUL19-11500-P,12311.43,95.5,0.048,15.0,0.055,13.5,104.55,9.59408,-28.66255,-2.16262,0.00013,-0.32536
12391.47,SYN.BTC-26JUL19,1562669940080,open,0.19,120.7,0.1385,0.218,0.17811192,100.85,0.2025,0.0,BTC-26JUL19-10500-C,12311.43,98.93,0.177,8.0,0.1855,8.0,113.05,7.26609,-21.71027,3.61139,0.0001,0.80847
313.18,SYN.ETH-19JUL19,1562669940083,open,0.02,90.0,0.001,0.057,0.017067,95.07,0.015,0.0,ETH-19JUL19-360-C,311.82,90.56,0.015,187.0,0.019,200.0,99.07,0.14769,-0.71087,0.01619,0.00585,0.20815
12940.32,BTC-27DEC19,1562669940095,open,0.42,7.1,0.373,0.487,0.42981289,99.44,0.4265,0.0,BTC-27DEC19-16000-P,12311.43,97.15,0.4235,4.8,0.4415,4.8,103.75,35.30818,-10.27393,-55.64222,5e-05,-0.48872
314.17,SYN.ETH-26JUL19,1562669940097,open,0.1,1254.0,0.063,0.142,0.102203,92.76,0.098,0.0,ETH-26JUL19-300-C,311.82,89.98,0.1,173.0,0.11,150.0,102.28,0.25513,-0.70116,0.07661,0.00603,0.6297
313.21,SYN.ETH-19JUL19,1562669940104,open,0.01,140.0,0.001,0.045,0.005998,101.61,0.004,0.0,ETH-19JUL19-400-C,311.82,97.49,0.005,156.0,0.007,250.0,105.42,0.07932,-0.40805,0.00659,0.00294,0.0838
12391.47,SYN.BTC-26JUL19,1562669940103,open,0.11,32.8,0.071,0.16,0.11550047,101.24,0.1175,0.0,BTC-26JUL19-13000-P,12311.43,94.2,0.1095,24.0,0.1195,24.0,105.94,10.56388,-31.68809,-3.78031,0.00015,-0.54434
313.18,SYN.ETH-19JUL19,1562669940110,open,0.01,122.0,0.001,0.049,0.009789,97.59,0.01,0.0,ETH-19JUL19-380-C,311.82,92.2,0.008,229.0,0.012,400.0,103.63,0.1092,-0.53952,0.01022,0.00422,0.13038
314.14,SYN.ETH-26JUL19,1562669940117,open,0.02,1119.0,0.001,0.055,0.01598,100.33,0.018,0.0,ETH-26JUL19-400-C,311.82,96.36,0.014,187.0,0.018,200.0,104.15,0.16145,-0.47995,0.0203,0.00353,0.15573
12358.39,SYN.BTC-19JUL19,1562669940122,open,0.02,25.9,0.0005,0.054,0.01441213,109.9,0.02,0.0,BTC-19JUL19-15000-C,12311.43,105.06,0.0125,42.0,0.017,47.0,116.09,5.01122,-27.88292,0.49765,0.00011,0.16324
314.14,SYN.ETH-26JUL19,1562669940124,open,0.03,3225.0,0.001,0.073,0.033752,96.16,0.032,0.0,ETH-26JUL19-360-C,311.82,90.96,0.03,320.0,0.037,200.0,100.51,0.23092,-0.65789,0.0371,0.00526,0.28921
314.14,SYN.ETH-26JUL19,1562669940129,open,0.01,854.0,0.001,0.047,0.007364,93.57,0.009,0.0,ETH-26JUL19-240-P,311.82,85.14,0.005,360.0,0.009,250.0,98.72,0.09575,-0.26547,-0.01198,0.00224,-0.07514
314.14,SYN.ETH-26JUL19,1562669940136,open,0.0,1238.0,0.001,0.042,0.002402,128.38,0.002,0.0,ETH-26JUL19-560-C,311.82,113.97,0.001,238.0,0.004,420.0,139.0,0.03976,-0.15125,0.00331,0.00068,0.02522
313.18,SYN.ETH-19JUL19,1562669940142,open,0.36,0.0,0.323,0.402,0.362538,130.79,None,0.0,ETH-19JUL19-200-C,311.82,0.0,0.0,0.0,0.0,0.0,0.0,0.0186,-0.12315,0.05281,0.00054,0.98581
314.14,SYN.ETH-26JUL19,1562669940138,open,0.03,953.0,0.001,0.074,0.032848,92.66,0.03,0.0,ETH-26JUL19-280-P,311.82,85.49,0.028,176.0,0.032,1.0,91.45,0.21428,-0.58828,-0.04096,0.00507,-0.2492
314.14,SYN.ETH-26JUL19,1562669940155,open,0.13,463.0,0.088,0.178,0.133,96.0,0.116,0.0,ETH-26JUL19-340-P,311.82,83.83,0.123,204.0,0.131,150.0,93.65,0.25911,-0.73697,-0.10795,0.00592,-0.61029
313.21,SYN.ETH-19JUL19,1562669940166,open,0.09,344.0,0.043,0.122,0.08259,92.24,0.085,0.0,ETH-19JUL19-300-C,311.82,87.94,0.08,329.0,0.09,150.0,104.15,0.19265,-0.89971,0.04727,0.00787,0.64049
314.14,SYN.ETH-26JUL19,1562669940182,open,0.02,1312.0,0.001,0.062,0.022727,97.49,0.022,0.0,ETH-26JUL19-380-C,311.82,92.99,0.02,346.0,0.026,200.0,102.63,0.19519,-0.56382,0.02733,0.00439,0.21095
313.21,SYN.ETH-19JUL19,1562669940187,open,0.04,247.0,0.001,0.082,0.040429,92.09,0.037,0.0,ETH-19JUL19-300-P,311.82,84.93,0.036,149.0,0.042,200.0,94.71,0.19263,-0.89814,-0.03388,0.00788,-0.35939
12358.39,SYN.BTC-19JUL19,1562669940196,open,0.11,8.9,0.065,0.1445,0.10486341,101.6,0.128,0.0,BTC-19JUL19-11500-C,12311.43,99.22,0.1035,5.0,0.1115,24.0,113.03,7.10504,-36.5464,1.97826,0.00017,0.69649
12688.69,BTC-27SEP19,1562669940206,open,0.18,182.4,0.1355,0.215,0.17507338,99.95,0.182,0.0,BTC-27SEP19-13000-C,12311.43,97.72,0.171,5.0,0.181,24.2,103.17,23.2916,-14.57269,11.02631,7e-05,0.57219
313.21,SYN.ETH-19JUL19,1562669940208,open,0.07,166.0,0.03,0.115,0.072528,92.07,0.067,0.0,ETH-19JUL19-320-P,311.82,82.18,0.066,190.0,0.073,240.0,92.87,0.20508,-0.95596,-0.05074,0.00839,-0.52631
12391.47,SYN.BTC-26JUL19,1562669940214,open,0.16,160.9,0.11,0.1895,0.14956066,100.84,0.166,0.0,BTC-26JUL19-11000-C,12311.43,98.57,0.148,5.0,0.1565,8.0,110.75,8.562,-25.58186,3.40932,0.00012,0.74465
12940.77,BTC-27DEC19,1562669940218,open,0.21,50.5,0.17,0.267,0.21842154,98.08,0.217,0.0,BTC-27DEC19-12000-P,12311.43,95.89,0.213,6.4,0.22,0.1,98.72,31.95075,-9.16932,-33.04711,4e-05,-0.32708
313.21,SYN.ETH-19JUL19,1562669940214,open,0.0,0.0,0.001,0.043,0.003774,105.64,None,0.0,ETH-19JUL19-420-C,311.82,101.11,0.003,170.0,0.005,250.0,111.86,0.057,-0.30484,0.00431,0.00203,0.05462
12358.07,SYN.BTC-19JUL19,1562669940220,open,0.15,0.2,0.1125,0.2045,0.15862577,105.98,0.133,0.0,BTC-19JUL19-14000-P,12311.43,91.24,0.151,8.0,0.1615,8.0,111.26,6.65649,-35.7178,-2.98845,0.00015,-0.73513
12940.77,BTC-27DEC19,1562669940223,open,0.04,173.8,0.0005,0.079,0.03906633,111.47,0.04,0.0,BTC-27DEC19-40000-C,12311.43,109.72,0.0365,10.0,0.043,13.0,114.04,19.32675,-6.30397,5.87552,2e-05,0.13605
12358.39,SYN.BTC-19JUL19,1562669940226,open,0.07,37.5,0.03,0.1155,0.07281464,101.53,0.062,0.0,BTC-19JUL19-12500-P,12311.43,93.43,0.0675,34.0,0.0765,34.0,107.15,8.10884,-41.68192,-1.89498,0.00019,-0.49391
314.14,SYN.ETH-26JUL19,1562669940228,open,0.06,628.0,0.015,0.099,0.057151,92.65,0.061,0.0,ETH-26JUL19-300-P,311.82,85.11,0.051,201.0,0.058,312.0,93.74,0.25513,-0.70034,-0.06209,0.00604,-0.37041
312.21,SYN.ETH-12JUL19,1562669940235,open,0.05,103.0,0.004,0.087,0.045628,88.01,0.031,0.0,ETH-12JUL19-320-P,311.82,77.48,0.042,144.0,0.049,233.0,98.03,0.10642,-1.6284,-0.0161,0.01575,-0.60882
312.24,SYN.ETH-12JUL19,1562669940242,open,0.02,412.0,0.001,0.056,0.016226,92.39,0.015,0.0,ETH-12JUL19-300-P,311.82,85.18,0.014,10.0,0.019,328.0,101.4,0.09614,-1.54432,-0.00774,0.01355,-0.29846
314.14,SYN.ETH-26JUL19,1562669940248,open,0.09,288.0,0.047,0.133,0.0898,92.64,0.155,0.0,ETH-26JUL19-320-P,311.82,84.77,0.083,177.0,0.09,91.0,92.93,0.26947,-0.73959,-0.08526,0.00638,-0.4973
12940.77,BTC-27DEC19,1562669940252,open,0.31,33.8,0.2655,0.3705,0.31780873,98.65,0.2975,0.0,BTC-27DEC19-14000-P,12311.43,96.48,0.312,6.4,0.3255,3.5,101.55,34.47182,-9.95077,-44.24724,4e-05,-0.41257
313.21,SYN.ETH-19JUL19,1562669940265,open,0.02,346.0,0.001,0.059,0.019153,92.18,0.016,0.0,ETH-19JUL19-280-P,311.82,85.39,0.016,297.0,0.022,200.0,98.18,0.14746,-0.68825,-0.01921,0.00603,-0.20757
314.14,SYN.ETH-26JUL19,1562669940274,open,0.0,1044.0,0.001,0.044,0.004957,113.3,0.005,0.0,ETH-26JUL19-480-C,311.82,103.57,0.003,282.0,0.007,400.0,121.26,0.07273,-0.24416,0.00695,0.00141,0.05278
331.14,ETH-27DEC19,1562669940323,open,0.28,18.0,0.238,0.317,0.277406,98.83,0.27,0.0,ETH-27DEC19-320-C,311.82,93.94,0.265,161.0,0.289,30.0,103.42,0.83812,-0.24237,0.57956,0.00165,0.65126
312.21,SYN.ETH-12JUL19,1562669940348,open,0.34,0.0,0.292,0.399,0.345315,118.64,None,0.0,ETH-12JUL19-420-P,311.82,0.0,0.0,0.0,0.0,0.0,0.0,0.00243,-0.05009,-0.03302,0.00027,-0.99714
313.18,SYN.ETH-19JUL19,1562669940363,open,0.28,0.0,0.232,0.334,0.283116,101.17,None,0.0,ETH-19JUL19-400-P,311.82,0.0,0.0,0.0,0.0,0.0,0.0,0.07852,-0.40221,-0.10172,0.00292,-0.91731
312.21,SYN.ETH-12JUL19,1562669940397,open,0.0,1498.0,0.001,0.041,0.001569,118.2,0.002,0.0,ETH-12JUL19-260-P,311.82,109.06,0.001,5.0,0.002,4.0,123.9,0.02201,-0.45225,-0.00093,0.00242,-0.03618
313.18,SYN.ETH-19JUL19,1562669940428,open,0.34,0.0,0.291,0.398,0.344748,104.98,None,0.0,ETH-19JUL19-420-P,311.82,0.0,0.0,0.0,0.0,0.0,0.0,0.05594,-0.29731,-0.10943,0.00201,-0.94665
331.14,ETH-27DEC19,1562669940441,open,0.1,34.0,0.064,0.143,0.103234,103.63,0.109,0.0,ETH-27DEC19-600-C,311.82,100.62,0.096,137.0,0.114,40.0,108.01,0.80406,-0.24381,0.32715,0.00151,0.31427
331.14,ETH-27DEC19,1562669940475,open,0.07,337.0,0.034,0.113,0.073417,105.51,0.076,0.0,ETH-27DEC19-720-C,311.82,103.39,0.069,144.0,0.084,40.0,110.4,0.70001,-0.21611,0.25407,0.00129,0.23731
12358.07,SYN.BTC-19JUL19,1562669940478,open,0.01,0.1,0.0005,0.048,0.00826084,114.22,0.01,0.0,BTC-19JUL19-16000-C,12311.43,107.78,0.0065,44.2,0.01,0.1,119.97,3.5712,-20.6522,0.30722,8e-05,0.10014
12940.32,BTC-27DEC19,1562669940503,open,0.89,0.0,0.845,0.9245,0.88479628,130.09,None,0.0,BTC-27DEC19-1500-C,12311.43,0.0,0.0175,0.1,0.988,0.5,500.0,0.58126,-0.22126,6.85319,0.0,0.99792
12940.32,BTC-27DEC19,1562669940535,open,0.1,273.5,0.057,0.1445,0.1007629,98.07,0.1015,0.0,BTC-27DEC19-9000-P,12311.43,96.05,0.097,3.5,0.103,5.0,99.28,24.05283,-6.90261,-17.63497,3e-05,-0.19034
314.14,SYN.ETH-26JUL19,1562669940583,open,0.0,1208.0,0.001,0.041,0.001798,107.82,0.001,0.0,ETH-26JUL19-200-P,311.82,0.0,0.0,0.0,0.003,400.0,117.83,0.03206,-0.1024,-0.0031,0.00065,-0.01953
12940.32,BTC-27DEC19,1562669940607,open,0.27,149.9,0.2215,0.301,0.26110158,98.09,0.2675,0.0,BTC-27DEC19-13000-C,12311.43,96.31,0.2565,5.0,0.2685,5.0,100.95,33.46472,-9.60463,22.2759,4e-05,0.62881
312.21,SYN.ETH-12JUL19,1562669940631,open,0.0,0.0,0.001,0.04,1e-06,129.97,None,0.0,ETH-12JUL19-200-P,311.82,0.0,0.0,0.0,0.002,150.0,262.72,5e-05,-0.00038,0.0,1e-05,-4e-05
331.15,ETH-27DEC19,1562669940652,open,0.91,0.0,0.839,0.991,0.915192,103.66,0.953,0.0,ETH-27DEC19-600-P,311.82,0.0,0.0,0.0,0.0,0.0,0.0,0.80426,-0.24395,-2.48165,0.00151,-0.68558
12940.17,BTC-27DEC19,1562669940656,open,1.5,0.3,1.4305,1.6325,1.53144271,107.7,2.435,0.0,BTC-27DEC19-32000-P,12311.43,0.0,0.0,0.0,0.0,0.0,0.0,24.39773,-7.68854,-141.55161,3e-05,-0.80517
12940.48,BTC-27DEC19,1562669940666,open,0.06,145.4,0.016,0.1,0.05807342,98.07,0.0555,0.0,BTC-27DEC19-7500-P,12311.43,95.89,0.055,11.5,0.061,10.0,100.14,18.26779,-5.24235,-11.1148,2e-05,-0.12541
12358.07,SYN.BTC-19JUL19,1562669940678,open,0.01,0.0,0.0005,0.0505,0.01091691,112.17,None,0.0,BTC-19JUL19-15500-C,12311.43,106.38,0.009,43.2,0.0135,40.0,119.34,4.25621,-24.17169,0.39177,9e-05,0.12809
331.15,ETH-27DEC19,1562669940684,open,1.24,0.0,1.158,1.337,1.247775,105.56,None,0.0,ETH-27DEC19-720-P,311.82,0.0,0.002,1000.0,0.0,0.0,0.0,0.70041,-0.21634,-3.11644,0.00129,-0.76246
313.18,SYN.ETH-19JUL19,1562669940752,open,0.18,61.0,0.139,0.218,0.178572,97.19,0.17,0.0,ETH-19JUL19-260-C,311.82,0.0,0.0,0.0,0.0,0.0,0.0,0.0948,-0.4665,0.06056,0.00368,0.89324
312.21,SYN.ETH-12JUL19,1562669940752,open,0.41,0.0,0.353,0.465,0.409209,0.0,None,0.0,ETH-12JUL19-440-P,311.82,0.0,0.0,0.0,0.0,0.0,0.0,0.0,0.0,-0.03467,0.0,-1.0
12391.14,SYN.BTC-26JUL19,1562669940757,open,0.0,294.9,0.0005,0.0415,0.00185345,118.96,0.0015,0.0,BTC-26JUL19-7500-P,12311.43,108.35,0.001,10.0,0.003,13.5,129.14,1.19479,-4.21109,-0.11531,1e-05,-0.01827
12940.17,BTC-27DEC19,1562669940819,open,0.54,63.0,0.495,0.5745,0.53498258,98.93,0.4965,0.0,BTC-27DEC19-6500-C,12311.43,0.0,0.2425,0.1,0.972,2.0,500.0,14.09235,-4.0795,22.86337,2e-05,0.91239
12688.51,BTC-27SEP19,1562669940852,open,0.02,209.1,0.0005,0.0575,0.01786023,113.84,0.0185,0.0,BTC-27SEP19-30000-C,12311.43,112.68,0.017,5.0,0.019,3.1,115.34,9.52595,-6.78837,1.9638,2e-05,0.08858
312.21,SYN.ETH-12JUL19,1562669940970,open,0.11,448.0,0.069,0.148,0.108026,102.86,0.121,0.0,ETH-12JUL19-280-C,311.82,102.24,0.108,50.0,0.116,50.0,142.15,0.05135,-0.91832,0.01929,0.0065,0.89223
331.14,ETH-27DEC19,1562669940973,open,0.7,37.0,0.635,0.77,0.702599,102.06,0.707,0.0,ETH-27DEC19-520-P,311.82,93.26,0.68,30.0,0.718,30.0,107.9,0.86486,-0.25828,-2.04546,0.00165,-0.61681
331.15,ETH-27DEC19,1562669941032,open,0.8,0.0,0.735,0.878,0.806294,102.33,0.845,0.0,ETH-27DEC19-560-P,311.8,0.0,0.0,0.0,0.0,0.0,0.0,0.83433,-0.24982,-2.26623,0.00159,-0.65552
322.8,ETH-27SEP19,1562669941033,open,1.01,0.0,0.929,1.089,1.008783,105.97,None,0.0,ETH-27SEP19-640-P,311.8,0.0,0.0,0.0,0.0,0.0,0.0,0.31713,-0.21036,-1.32815,0.00131,-0.87136
331.15,ETH-27DEC19,1562669941033,open,0.5,0.0,0.443,0.563,0.5029,100.56,None,0.0,ETH-27DEC19-440-P,311.8,93.24,0.483,110.0,0.518,30.0,106.1,0.90177,-0.26535,-1.59743,0.00175,-0.52751
331.15,ETH-27DEC19,1562669941033,open,0.2,489.0,0.163,0.242,0.202476,100.05,0.188,0.0,ETH-27DEC19-400-C,311.8,98.04,0.197,122.0,0.214,30.0,104.29,0.90193,-0.26406,0.50226,0.00176,0.52646
331.15,ETH-27DEC19,1562669941033,open,0.01,21.0,0.001,0.056,0.015848,106.95,0.013,0.0,ETH-27DEC19-120-P,311.8,101.88,0.013,170.0,0.019,10.0,112.1,0.19444,-0.06085,-0.08626,0.00035,-0.0398
331.15,ETH-27DEC19,1562669941033,open,0.39,0.0,0.351,0.43,0.390283,98.93,None,0.0,ETH-27DEC19-240-C,311.8,0.0,0.001,1.0,0.0,0.0,0.0,0.64898,-0.18786,0.62307,0.00128,0.79219
322.8,ETH-27SEP19,1562669941033,open,0.81,0.0,0.775,0.854,0.814332,129.49,0.01,0.0,ETH-27SEP19-60-C,311.8,0.0,0.004,5.0,0.0,0.0,0.0,0.00524,-0.00425,0.13043,2e-05,0.99897
322.8,ETH-27SEP19,1562669941033,open,1.13,0.0,1.044,1.213,1.128234,107.34,None,0.0,ETH-27SEP19-680-P,311.8,0.0,0.0,0.0,0.0,0.0,0.0,0.28181,-0.18936,-1.42651,0.00115,-0.89115
331.15,ETH-27DEC19,1562669941033,open,0.46,0.0,0.425,0.504,0.464237,99.49,None,0.0,ETH-27DEC19-200-C,311.8,0.0,0.001,1000.0,1.4,1.0,500.0,0.50386,-0.14668,0.61383,0.00099,0.86018
313.18,SYN.ETH-19JUL19,1562669941033,open,0.22,0.0,0.175,0.272,0.223163,97.57,None,0.0,ETH-19JUL19-380-P,311.8,0.0,0.0,0.0,0.0,0.0,0.0,0.10917,-0.53928,-0.0926,0.00422,-0.86967
322.78,ETH-27SEP19,1562669941033,open,0.66,12.0,0.594,0.726,0.660129,101.65,1.193,0.0,ETH-27SEP19-520-P,311.8,0.0,0.0,0.0,0.0,0.0,0.0,0.44954,-0.28604,-1.01576,0.00194,-0.77789
331.13,ETH-27DEC19,1562669941033,open,0.17,84.0,0.135,0.214,0.174156,100.56,0.176,0.0,ETH-27DEC19-440-C,311.8,98.66,0.169,125.0,0.186,30.0,104.9,0.9017,-0.26531,0.46239,0.00175,0.47243
322.78,ETH-27SEP19,1562669941034,open,0.0,8280.0,0.001,0.043,0.003582,112.21,0.003,0.0,ETH-27SEP19-120-P,311.8,102.17,0.002,10.0,0.005,150.0,119.09,0.06005,-0.04218,-0.01375,0.00023,-0.01588
314.14,SYN.ETH-26JUL19,1562669941032,open,0.66,0.0,0.593,0.724,0.658547,120.38,None,0.0,ETH-26JUL19-520-P,311.8,0.0,0.0,0.0,0.0,0.0,0.0,0.05165,-0.18421,-0.23587,0.00094,-0.96545
331.13,ETH-27DEC19,1562669941034,open,0.65,0.0,0.614,0.693,0.653453,106.94,None,0.0,ETH-27DEC19-120-C,311.8,0.0,0.001,1000.0,2.47,1.0,500.0,0.19444,-0.06084,0.47552,0.00035,0.9602
322.78,ETH-27SEP19,1562669941034,open,0.55,0.0,0.488,0.611,0.549881,100.58,None,0.0,ETH-27SEP19-480-P,311.8,0.0,0.0,0.0,0.0,0.0,0.0,0.50069,-0.31523,-0.90297,0.00218,-0.72845
322.78,ETH-27SEP19,1562669941034,open,0.69,0.0,0.653,0.732,0.692257,120.33,None,0.0,ETH-27SEP19-100-C,311.8,0.0,0.004,5.0,0.0,0.0,0.0,0.03692,-0.02781,0.21098,0.00013,0.99094
322.78,ETH-27SEP19,1562669941034,open,0.63,47.0,0.592,0.671,0.631823,112.27,0.689,0.0,ETH-27SEP19-120-C,311.8,0.0,0.0,0.0,0.0,0.0,0.0,0.06016,-0.04228,0.24883,0.00024,0.98409
322.78,ETH-27SEP19,1562669941034,open,0.75,0.0,0.714,0.793,0.753203,129.41,None,0.0,ETH-27SEP19-80-C,311.8,0.0,0.004,5.0,0.0,0.0,0.0,0.02014,-0.01631,0.1711,7e-05,0.99543
322.78,ETH-27SEP19,1562669941034,open,0.06,2314.0,0.018,0.102,0.060011,97.3,0.061,0.0,ETH-27SEP19-240-P,311.8,93.32,0.055,134.0,0.062,160.0,98.86,0.40949,-0.2494,-0.17646,0.00185,-0.1898
313.18,SYN.ETH-19JUL19,1562669941032,open,0.24,0.0,0.197,0.276,0.236866,100.03,None,0.0,ETH-19JUL19-240-C,311.8,0.0,0.0,0.0,0.0,0.0,0.0,0.04848,-0.24551,0.06089,0.00183,0.9554
322.78,ETH-27SEP19,1562669941034,open,0.0,7664.0,0.001,0.045,0.005315,103.33,0.005,0.0,ETH-27SEP19-140-P,311.8,93.26,0.003,150.0,0.008,350.0,112.22,0.08655,-0.05598,-0.02101,0.00037,-0.02443
312.22,SYN.ETH-12JUL19,1562669941033,open,0.0,282.0,0.001,0.04,0.000215,130.0,0.001,0.0,ETH-12JUL19-420-C,311.8,0.0,0.0,0.0,0.002,400.0,175.9,0.00471,-0.06716,0.00014,0.00047,0.006
331.13,ETH-27DEC19,1562669941035,open,0.55,0.0,0.513,0.592,0.552338,101.7,None,0.0,ETH-27DEC19-160-C,311.8,0.0,0.001,1000.0,1.6,1.0,500.0,0.34247,-0.10191,0.56719,0.00066,0.91822
322.78,ETH-27SEP19,1562669941034,open,0.77,24.0,0.704,0.845,0.774176,103.06,1.356,0.0,ETH-27SEP19-560-P,311.8,0.0,0.0,0.0,0.0,0.0,0.0,0.40114,-0.25879,-1.12353,0.00171,-0.81641
322.78,ETH-27SEP19,1562669941035,open,0.51,392.0,0.474,0.553,0.513689,99.82,0.51,0.0,ETH-27SEP19-160-C,311.8,0.0,0.1,10.0,0.0,0.0,0.0,0.13339,-0.08334,0.31438,0.00059,0.95876
314.14,SYN.ETH-26JUL19,1562669941032,open,0.78,0.0,0.714,0.856,0.785059,128.45,None,0.0,ETH-26JUL19-560-P,311.8,0.0,0.0,0.0,0.0,0.0,0.0,0.03987,-0.15175,-0.25559,0.00068,-0.9747
322.78,ETH-27SEP19,1562669941035,open,0.28,1303.0,0.238,0.317,0.277409,97.31,0.265,0.0,ETH-27SEP19-260-C,311.8,78.08,0.25,110.0,0.4,1.0,179.43,0.47059,-0.28666,0.3401,0.00212,0.75889
322.78,ETH-27SEP19,1562669941035,open,0.02,5302.0,0.001,0.057,0.016417,98.4,0.014,0.0,ETH-27SEP19-180-P,311.8,92.48,0.013,400.0,0.02,350.0,104.05,0.19588,-0.12065,-0.05889,0.00087,-0.06695
314.14,SYN.ETH-26JUL19,1562669941034,open,0.3,20.0,0.264,0.343,0.303746,102.31,0.237,0.0,ETH-26JUL19-220-C,311.8,0.0,0.005,1.0,0.0,0.0,0.0,0.06043,-0.18318,0.09504,0.00129,0.95811
314.14,SYN.ETH-26JUL19,1562669941034,open,0.37,0.0,0.326,0.405,0.365134,107.8,None,0.0,ETH-26JUL19-200-C,311.8,0.0,0.005,2.0,0.0,0.0,0.0,0.03203,-0.10229,0.08937,0.00065,0.98049
322.78,ETH-27SEP19,1562669941035,open,0.24,1680.0,0.203,0.282,0.242368,97.31,0.248,0.0,ETH-27SEP19-280-C,311.8,90.87,0.232,120.0,0.246,120.0,99.56,0.52068,-0.31717,0.32706,0.00235,0.70538
322.78,ETH-27SEP19,1562669941035,open,0.46,743.0,0.419,0.498,0.458779,98.42,0.46,0.0,ETH-27SEP19-180-C,311.8,0.0,0.0,0.0,0.609,10.0,257.74,0.19597,-0.12074,0.33498,0.00087,0.93301
322.78,ETH-27SEP19,1562669941035,open,0.36,1096.0,0.32,0.399,0.359703,97.32,0.34,0.0,ETH-27SEP19-220-C,311.8,51.23,0.323,30.0,0.401,30.0,133.31,0.33995,-0.2071,0.35171,0.00153,0.85761
322.78,ETH-27SEP19,1562669941035,open,0.41,1144.0,0.368,0.447,0.407037,97.39,0.405,0.0,ETH-27SEP19-200-C,311.8,0.0,0.369,30.0,0.425,35.0,117.32,0.26605,-0.16218,0.34783,0.0012,0.89946
322.78,ETH-27SEP19,1562669941035,open,0.01,5938.0,0.001,0.049,0.009367,99.78,0.006,0.0,ETH-27SEP19-160-P,311.8,90.69,0.006,490.0,0.013,350.0,107.87,0.13328,-0.08325,-0.03572,0.00059,-0.0412
314.14,SYN.ETH-26JUL19,1562669941034,open,0.18,1047.0,0.133,0.226,0.179668,96.03,0.2,0.0,ETH-26JUL19-360-P,311.8,0.0,0.134,1.0,0.0,0.0,0.0,0.23079,-0.65664,-0.12938,0.00527,-0.71113
312.22,SYN.ETH-12JUL19,1562669941033,open,0.15,0.0,0.11,0.202,0.156111,107.57,None,0.0,ETH-12JUL19-360-P,311.8,0.0,0.0,0.0,0.0,0.0,0.0,0.03899,-0.72917,-0.02661,0.00472,-0.92561
322.78,ETH-27SEP19,1562669941036,open,0.03,3823.0,0.001,0.071,0.031451,104.19,0.028,0.0,ETH-27SEP19-600-C,311.8,100.97,0.028,349.0,0.036,349.0,108.2,0.35502,-0.23154,0.08508,0.00149,0.1519
331.13,ETH-27DEC19,1562669941036,open,1.02,0.0,0.943,1.104,1.023538,103.87,None,0.0,ETH-27DEC19-640-P,311.8,0.0,0.0,0.0,0.0,0.0,0.0,0.7675,-0.23326,-2.69709,0.00144,-0.7163
314.14,SYN.ETH-26JUL19,1562669941032,open,0.53,0.0,0.472,0.594,0.53295,113.32,None,0.0,ETH-26JUL19-480-P,311.8,0.0,0.0,0.0,0.0,0.0,0.0,0.07279,-0.24438,-0.21498,0.00141,-0.94717
314.14,SYN.ETH-26JUL19,1562669941032,open,0.0,1186.0,0.001,0.043,0.003366,121.18,0.013,0.0,ETH-26JUL19-520-C,311.8,111.73,0.002,40.0,0.005,400.0,129.73,0.05294,-0.19008,0.00468,0.00096,0.03561
312.22,SYN.ETH-12JUL19,1562669941034,open,0.28,0.0,0.231,0.333,0.281907,130.01,None,0.0,ETH-12JUL19-400-P,311.8,0.0,0.0,0.0,0.0,0.0,0.0,0.01246,-0.28174,-0.03108,0.00125,-0.98166
322.78,ETH-27SEP19,1562669941036,open,0.0,389.0,0.001,0.04,0.000212,129.84,0.002,0.0,ETH-27SEP19-60-P,311.8,0.0,0.0,0.0,0.002,150.0,170.09,0.00535,-0.00435,-0.0009,2e-05,-0.00106
313.18,SYN.ETH-19JUL19,1562669941033,open,0.17,0.0,0.12,0.213,0.166579,95.04,None,0.0,ETH-19JUL19-360-P,311.8,0.0,0.0,0.0,0.0,0.0,0.0,0.14766,-0.7105,-0.08122,0.00585,-0.79193
314.14,SYN.ETH-26JUL19,1562669941032,open,0.91,0.0,0.835,0.987,0.911164,127.97,None,0.0,ETH-26JUL19-600-P,311.8,0.0,0.0,0.0,0.0,0.0,0.0,0.02323,-0.08809,-0.27563,0.0004,-0.98659
314.14,SYN.ETH-26JUL19,1562669941032,open,0.41,0.0,0.353,0.465,0.408963,106.14,None,0.0,ETH-26JUL19-440-P,311.8,0.0,0.0,0.0,0.0,0.0,0.0,0.10655,-0.33505,-0.19207,0.0022,-0.91344
312.22,SYN.ETH-12JUL19,1562669941033,open,0.0,490.0,0.001,0.04,0.000739,129.97,0.002,0.0,ETH-12JUL19-400-C,311.8,0.0,0.0,0.0,0.003,430.0,164.09,0.01245,-0.23066,0.00043,0.00125,0.01831
312.22,SYN.ETH-12JUL19,1562669941033,open,0.22,0.0,0.17,0.267,0.218328,115.87,None,0.0,ETH-12JUL19-380-P,311.8,0.0,0.0,0.0,0.0,0.0,0.0,0.01964,-0.39565,-0.02919,0.00221,-0.96849
314.14,SYN.ETH-26JUL19,1562669941035,open,0.23,504.0,0.184,0.281,0.232297,97.33,0.168,0.0,ETH-26JUL19-380-P,311.8,0.0,0.0,0.0,0.0,0.0,0.0,0.19493,-0.56214,-0.14841,0.00439,-0.78953
314.14,SYN.ETH-26JUL19,1562669941033,open,0.0,1081.0,0.001,0.041,0.001342,129.99,0.003,0.0,ETH-26JUL19-600-C,311.8,125.3,0.001,10.0,0.003,150.0,145.34,0.02529,-0.09739,0.00195,0.00043,0.0148
312.22,SYN.ETH-12JUL19,1562669941034,open,0.17,100.0,0.129,0.208,0.168813,118.24,0.109,0.0,ETH-12JUL19-260-C,311.8,0.0,0.005,1.0,0.0,0.0,0.0,0.02203,-0.45282,0.01955,0.00243,0.96377
313.18,SYN.ETH-19JUL19,1562669941033,open,0.3,0.0,0.26,0.339,0.299586,116.63,None,0.0,ETH-19JUL19-220-C,311.8,0.0,0.0,0.0,0.0,0.0,0.0,0.0315,-0.186,0.05711,0.00102,0.97361
314.14,SYN.ETH-26JUL19,1562669941035,open,0.29,985.0,0.238,0.34,0.289307,100.32,0.205,0.0,ETH-26JUL19-400-P,311.8,0.0,0.0,0.0,0.0,0.0,0.0,0.16144,-0.47987,-0.16465,0.00353,-0.84429
313.18,SYN.ETH-19JUL19,1562669941033,open,0.0,5.0,0.001,0.041,0.001098,129.81,0.002,0.0,ETH-19JUL19-200-P,311.8,0.0,0.0,0.0,0.003,400.0,153.13,0.018,-0.11828,-0.00125,0.00052,-0.01366
322.78,ETH-27SEP19,1562669941037,open,0.0,1814.0,0.001,0.041,0.001042,129.28,0.002,0.0,ETH-27SEP19-80-P,311.8,0.0,0.0,0.0,0.003,150.0,150.66,0.02004,-0.01622,-0.00394,7e-05,-0.00454
312.22,SYN.ETH-12JUL19,1562669941033,open,0.0,1801.0,0.001,0.04,0.000393,130.0,0.003,0.0,ETH-12JUL19-240-P,311.8,0.0,0.0,0.0,0.001,10.0,148.71,0.0072,-0.12256,-0.00025,0.00072,-0.00971
314.14,SYN.ETH-26JUL19,1562669941033,open,0.19,476.0,0.149,0.228,0.18892,92.69,0.153,0.0,ETH-26JUL19-260-C,311.8,0.0,0.1,20.0,0.275,25.0,226.82,0.15548,-0.42698,0.09643,0.00368,0.85285
312.22,SYN.ETH-12JUL19,1562669941033,open,0.36,0.0,0.32,0.399,0.359417,123.6,None,0.0,ETH-12JUL19-200-C,311.8,0.0,0.0,0.0,0.0,0.0,0.0,2e-05,-0.0005,0.01576,0.0,0.99998
314.14,SYN.ETH-26JUL19,1562669941035,open,0.43,0.0,0.389,0.468,0.428542,126.6,None,0.0,ETH-26JUL19-180-C,311.8,0.0,0.0,0.0,0.0,0.0,0.0,0.02494,-0.09354,0.08088,0.00043,0.98544
312.22,SYN.ETH-12JUL19,1562669941034,open,0.0,1294.0,0.001,0.041,0.001333,117.63,0.004,0.0,ETH-12JUL19-380-C,311.8,0.0,0.0,0.0,0.003,400.0,137.0,0.02074,-0.41633,0.0008,0.0023,0.03366
314.14,SYN.ETH-26JUL19,1562669941034,open,0.0,1010.0,0.001,0.041,0.001539,126.65,0.002,0.0,ETH-26JUL19-180-P,311.8,118.91,0.001,1.0,0.002,50.0,131.97,0.02498,-0.09373,-0.00234,0.00043,-0.01459
312.22,SYN.ETH-12JUL19,1562669941033,open,0.3,0.0,0.256,0.335,0.295457,143.83,None,0.0,ETH-12JUL19-220-C,311.8,0.0,0.005,2.0,0.0,0.0,0.0,0.00216,-0.05397,0.01727,0.0002,0.99749
314.14,SYN.ETH-26JUL19,1562669941034,open,0.24,558.0,0.204,0.283,0.243367,93.58,0.33,0.0,ETH-26JUL19-240-C,311.8,0.0,0.161,5.0,0.0,0.0,0.0,0.09577,-0.26553,0.09898,0.00224,0.92485
12391.14,SYN.BTC-26JUL19,1562669941058,open,0.29,50.3,0.241,0.3205,0.28088102,106.59,0.2035,0.0,BTC-26JUL19-9000-C,12311.43,0.0,0.032,0.1,0.366,1.0,276.55,3.40083,-10.74048,3.74425,4e-05,0.93444
331.15,ETH-27DEC19,1562669941075,open,0.2,489.0,0.163,0.242,0.202476,100.05,0.188,0.0,ETH-27DEC19-400-C,311.8,98.04,0.197,122.0,0.215,30.0,104.66,0.90193,-0.26406,0.50226,0.00176,0.52646
313.18,SYN.ETH-19JUL19,1562669941093,open,0.09,344.0,0.043,0.122,0.08259,92.23,0.085,0.0,ETH-19JUL19-300-C,311.8,88.02,0.08,329.0,0.091,150.0,105.84,0.19267,-0.89974,0.04726,0.00787,0.64028
12391.1,SYN.BTC-26JUL19,1562669941104,open,0.52,0.0,0.4785,0.601,0.53973778,119.74,None,0.0,BTC-26JUL19-19000-P,12311.43,0.0,0.0,0.0,0.0,0.0,0.0,3.28952,-11.66982,-8.4613,4e-05,-0.93719
12688.51,BTC-27SEP19,1562669941119,open,0.0,1657.1,0.0005,0.04,1.123e-05,130.0,0.0005,0.0,BTC-27SEP19-1500-P,12311.43,0.0,0.0,0.0,0.0025,15.0,224.28,0.01635,-0.01331,-0.0022,0.0,-7e-05
12391.1,SYN.BTC-26JUL19,1562669941125,open,0.68,0.0,0.631,0.766,0.69849336,127.8,None,0.0,BTC-26JUL19-21000-P,12311.43,0.0,0.0,0.0,0.0,0.0,0.0,2.17088,-8.21984,-9.51673,2e-05,-0.96266
331.15,ETH-27DEC19,1562669941123,open,0.15,622.0,0.113,0.192,0.152113,101.6,0.151,0.0,ETH-27DEC19-480-C,311.8,99.32,0.146,129.0,0.164,40.0,106.02,0.88835,-0.26411,0.42472,0.0017,0.42607
331.13,ETH-27DEC19,1562669941140,open,0.17,84.0,0.135,0.214,0.174156,100.56,0.176,0.0,ETH-27DEC19-440-C,311.8,98.66,0.169,125.0,0.187,30.0,105.27,0.9017,-0.26531,0.46239,0.00175,0.47243
331.13,ETH-27DEC19,1562669941152,open,0.7,37.0,0.635,0.77,0.702599,102.03,0.707,0.0,ETH-27DEC19-520-P,311.8,93.25,0.68,30.0,0.719,30.0,108.26,0.86475,-0.25817,-2.04553,0.00165,-0.61694
313.18,SYN.ETH-19JUL19,1562669941157,open,0.02,346.0,0.001,0.059,0.019153,92.19,0.016,0.0,ETH-19JUL19-280-P,311.8,85.35,0.016,297.0,0.021,200.0,96.07,0.14752,-0.68855,-0.01923,0.00603,-0.20774
312.22,SYN.ETH-12JUL19,1562669941164,open,0.05,103.0,0.004,0.087,0.045628,88.19,0.031,0.0,ETH-12JUL19-320-P,311.8,77.48,0.042,144.0,0.048,150.0,95.12,0.10644,-1.63216,-0.01609,0.01572,-0.60852
12688.51,BTC-27SEP19,1562669941170,open,0.04,267.7,0.0005,0.0745,0.03463019,108.94,0.0355,0.0,BTC-27SEP19-24000-C,12311.43,106.59,0.032,5.0,0.038,40.4,111.85,14.42207,-9.83473,3.47169,4e-05,0.15966
12940.17,BTC-27DEC19,1562669941173,open,0.77,0.0,0.732,0.8115,0.77193839,111.98,None,0.0,BTC-27DEC19-3000-C,12311.43,0.0,0.0055,0.1,0.982,0.5,500.0,2.56078,-0.83905,13.15053,0.0,0.98902
313.18,SYN.ETH-19JUL19,1562669941170,open,0.07,166.0,0.03,0.115,0.072528,92.07,0.067,0.0,ETH-19JUL19-320-P,311.8,82.09,0.066,190.0,0.072,150.0,91.27,0.20506,-0.95591,-0.05076,0.00839,-0.52654
322.78,ETH-27SEP19,1562669941176,open,0.18,1704.0,0.144,0.223,0.183613,97.31,0.173,0.0,ETH-27SEP19-320-C,311.8,93.66,0.177,174.0,0.188,120.0,99.74,0.58435,-0.35595,0.29228,0.00263,0.5974
314.14,SYN.ETH-26JUL19,1562669941182,open,0.14,711.0,0.102,0.181,0.141519,92.69,0.154,0.0,ETH-26JUL19-280-C,311.8,90.46,0.14,50.0,0.15,50.0,104.89,0.2143,-0.58853,0.08849,0.00507,0.75076
314.14,SYN.ETH-26JUL19,1562669941196,open,0.09,288.0,0.047,0.133,0.0898,92.7,0.155,0.0,ETH-26JUL19-320-P,311.8,84.77,0.083,177.0,0.09,241.0,92.93,0.26947,-0.74012,-0.08526,0.00637,-0.49723
322.78,ETH-27SEP19,1562669941202,open,0.3,101.0,0.246,0.348,0.29695,97.36,0.326,0.0,ETH-27SEP19-380-P,311.8,91.43,0.286,330.0,0.302,120.0,100.08,0.59727,-0.364,-0.59964,0.00269,-0.55196
12940.17,BTC-27DEC19,1562669941218,open,0.6,60.5,0.557,0.6365,0.59658123,99.94,0.567,0.0,BTC-27DEC19-5500-C,12311.43,0.0,0.0055,0.1,0.9745,5.0,500.0,9.92897,-2.90351,21.07292,1e-05,0.94444
314.14,SYN.ETH-26JUL19,1562669941214,open,0.03,3225.0,0.001,0.073,0.033752,96.13,0.032,0.0,ETH-26JUL19-360-C,311.8,90.96,0.03,320.0,0.038,200.0,101.84,0.23089,-0.65759,0.03709,0.00526,0.28913
322.78,ETH-27SEP19,1562669941221,open,0.08,2529.0,0.041,0.12,0.080549,99.21,0.081,0.0,ETH-27SEP19-440-C,311.8,96.51,0.076,132.0,0.086,160.0,102.4,0.54789,-0.34024,0.17733,0.00242,0.3316
12391.1,SYN.BTC-26JUL19,1562669941227,open,0.6,0.0,0.5545,0.6835,0.61883661,123.62,None,0.0,BTC-26JUL19-20000-P,12311.43,0.0,0.0,0.0,0.0,0.0,0.0,2.64347,-9.6819,-9.00142,3e-05,-0.95237
12688.51,BTC-27SEP19,1562669941254,open,0.0,297.6,0.0005,0.0435,0.00351794,111.14,0.0055,0.0,BTC-27SEP19-4750-P,12311.43,105.07,0.0025,15.0,0.0045,15.0,116.07,2.34889,-1.63419,-0.53607,1e-05,-0.01579
12688.51,BTC-27SEP19,1562669941276,open,0.01,555.5,0.0005,0.0495,0.00932963,105.46,0.009,0.0,BTC-27SEP19-6000-P,12311.43,99.09,0.007,56.5,0.011,15.0,109.53,4.98959,-3.29375,-1.33637,1e-05,-0.0388
12325.01,SYN.BTC-12JUL19,1562669941307,open,0.0,305.8,0.0005,0.043,0.00292156,120.69,0.003,0.0,BTC-12JUL19-10500-P,12311.43,111.19,0.002,0.1,0.004,10.8,130.02,1.31387,-27.57062,-0.06171,9e-05,-0.06063
12688.51,BTC-27SEP19,1562669941334,open,0.0,1060.8,0.0005,0.042,0.0023905,115.31,0.0015,0.0,BTC-27SEP19-4250-P,12311.43,107.62,0.0015,18.5,0.0035,15.0,122.67,1.69135,-1.22081,-0.36618,0.0,-0.0108
12391.1,SYN.BTC-26JUL19,1562669941336,open,0.01,351.1,0.0005,0.0515,0.01112711,103.78,0.013,0.0,BTC-26JUL19-9500-P,12311.43,99.2,0.0095,50.0,0.013,25.0,108.71,4.55275,-13.99864,-0.61615,6e-05,-0.09642
12940.32,BTC-27DEC19,1562669941377,open,0.67,3.7,0.614,0.748,0.68096886,101.69,0.6745,0.0,BTC-27DEC19-20000-P,12311.43,98.66,0.673,4.8,0.694,4.8,106.64,33.98492,-10.11262,-78.17032,4e-05,-0.60943
12391.1,SYN.BTC-26JUL19,1562669941379,open,0.44,4.8,0.3965,0.476,0.43634207,125.77,0.455,0.0,BTC-26JUL19-7000-C,12311.43,0.0,0.005,0.1,0.0,0.0,0.0,0.85162,-3.17348,3.15859,1e-05,0.98768
12358.05,SYN.BTC-19JUL19,1562669941388,open,0.22,0.0,0.1795,0.277,0.2281627,109.83,None,0.0,BTC-19JUL19-15000-P,12311.43,0.0,0.001,2.0,0.0,0.0,0.0,5.00655,-27.83845,-3.56151,0.00011,-0.83698
12688.35,BTC-27SEP19,1562669941397,open,0.03,69.9,0.0005,0.0675,0.02753358,110.82,0.028,0.0,BTC-27SEP19-26000-C,12311.43,108.21,0.025,20.0,0.0305,15.0,113.74,12.58107,-8.72747,2.85538,3e-05,0.13037
12358.39,SYN.BTC-19JUL19,1562669941399,open,0.14,12.1,0.093,0.1725,0.13252162,101.59,0.15,0.0,BTC-19JUL19-11000-C,12311.43,99.47,0.1315,8.0,0.139,8.0,114.62,5.9811,-30.76428,2.17307,0.00014,0.78241
12391.1,SYN.BTC-26JUL19,1562669941409,open,0.4,17.0,0.357,0.4365,0.39659831,119.15,0.246,0.0,BTC-26JUL19-7500-C,12311.43,0.0,0.005,0.1,0.0,0.0,0.0,1.20202,-4.24322,3.35145,1e-05,0.9816
12940.17,BTC-27DEC19,1562669941438,open,2.69,0.0,2.588,2.8865,2.73734688,114.63,None,0.0,BTC-27DEC19-48000-P,12311.43,0.0,0.0,0.0,0.0,0.0,0.0,15.58699,-5.22836,-220.32357,2e-05,-0.89957
12358.07,SYN.BTC-19JUL19,1562669941450,open,0.09,22.4,0.0545,0.142,0.0983619,103.07,0.091,0.0,BTC-19JUL19-13000-P,12311.43,93.14,0.092,24.0,0.1015,24.0,107.98,7.92614,-41.36243,-2.28386,0.00019,-0.58469
322.78,ETH-27SEP19,1562669941454,open,0.05,1554.0,0.01,0.089,0.049175,101.68,0.053,0.0,ETH-27SEP19-520-C,311.8,98.64,0.045,297.0,0.053,160.0,104.4,0.44969,-0.28624,0.12225,0.00194,0.22224
314.14,SYN.ETH-26JUL19,1562669941461,open,0.06,628.0,0.015,0.099,0.057151,92.7,0.061,0.0,ETH-26JUL19-300-P,311.8,85.11,0.051,201.0,0.058,112.0,93.75,0.25513,-0.70074,-0.0621,0.00603,-0.37043
12940.32,BTC-27DEC19,1562669941475,open,0.36,5.4,0.3175,0.4265,0.37198763,98.85,0.436,0.0,BTC-27DEC19-15000-P,12311.43,96.84,0.3665,9.8,0.379,0.1,101.46,35.06977,-10.14367,-49.93439,5e-05,-0.45233
313.18,SYN.ETH-19JUL19,1562669941471,open,0.02,346.0,0.001,0.059,0.019153,92.19,0.016,0.0,ETH-19JUL19-280-P,311.8,85.35,0.016,297.0,0.022,200.0,98.13,0.14752,-0.68855,-0.01923,0.00603,-0.20774
331.15,ETH-27DEC19,1562669941479,open,0.24,53.0,0.195,0.293,0.243758,98.83,0.24,0.0,ETH-27DEC19-320-P,311.8,95.38,0.235,90.0,0.256,40.0,103.69,0.83812,-0.24239,-0.91852,0.00165,-0.34872
12358.39,SYN.BTC-19JUL19,1562669941478,open,0.07,37.5,0.03,0.1155,0.07281487,101.53,0.062,0.0,BTC-19JUL19-12500-P,12311.43,93.43,0.0675,34.0,0.0765,10.0,107.15,8.10884,-41.68192,-1.89498,0.00019,-0.49391
12940.77,BTC-27DEC19,1562669941492,open,0.06,53.6,0.019,0.0985,0.05863794,107.75,0.06,0.0,BTC-27DEC19-32000-C,12311.43,106.07,0.0555,10.0,0.063,21.4,110.03,24.41802,-7.69903,8.26591,3e-05,0.19508
12391.1,SYN.BTC-26JUL19,1562669941496,open,0.11,404.1,0.062,0.1415,0.10168897,100.86,0.1095,0.0,BTC-26JUL19-12000-C,12311.43,98.22,0.0995,5.0,0.108,5.0,108.46,10.28579,-30.73588,2.8614,0.00014,0.60115
12688.69,BTC-27SEP19,1562669941494,open,0.3,19.0,0.255,0.359,0.3069797,100.84,0.2845,0.0,BTC-27SEP19-15000-P,12311.43,97.91,0.3015,19.2,0.3165,19.2,106.0,23.51356,-14.84196,-23.72003,7e-05,-0.54732
12940.17,BTC-27DEC19,1562669941545,open,0.17,49.1,0.128,0.2215,0.17490095,98.07,0.218,0.0,BTC-27DEC19-11000-P,12311.43,95.73,0.1695,6.4,0.18,13.5,100.28,29.89517,-8.57891,-27.66502,4e-05,-0.28177
12358.07,SYN.BTC-19JUL19,1562669941547,open,0.09,22.4,0.0545,0.142,0.0983619,103.07,0.091,0.0,BTC-19JUL19-13000-P,12311.43,93.14,0.092,24.0,0.102,24.0,108.76,7.92614,-41.36243,-2.28386,0.00019,-0.58469
12940.17,BTC-27DEC19,1562669941576,open,0.01,75.2,0.0005,0.0515,0.01129013,102.2,0.0105,0.0,BTC-27DEC19-4500-P,12311.43,99.46,0.01,3.6,0.0125,10.0,104.64,6.26213,-1.87276,-2.58833,1e-05,-0.03144
12688.69,BTC-27SEP19,1562669941574,open,0.02,215.2,0.0005,0.0585,0.01800302,102.46,0.015,0.0,BTC-27SEP19-7000-P,12311.43,99.18,0.016,35.5,0.02,15.0,105.6,7.91321,-5.07528,-2.42553,2e-05,-0.06935
12688.35,BTC-27SEP19,1562669941614,open,0.0,421.1,0.0005,0.042,0.00199073,117.99,0.0025,0.0,BTC-27SEP19-4000-P,12311.43,107.21,0.001,72.5,0.003,17.0,125.77,1.43636,-1.06084,-0.30392,0.0,-0.00895
12325.01,SYN.BTC-12JUL19,1562669941649,open,0.24,17.4,0.19,0.2695,0.22964886,130.76,0.199,0.0,BTC-12JUL19-9500-C,12311.43,153.64,0.2305,0.6,0.234,0.6,198.83,0.3091,-7.02743,0.73766,2e-05,0.98931
314.14,SYN.ETH-26JUL19,1562669941723,open,0.03,3225.0,0.001,0.073,0.033752,96.13,0.032,0.0,ETH-26JUL19-360-C,311.8,90.96,0.03,320.0,0.038,331.0,101.84,0.23089,-0.65759,0.03709,0.00526,0.28913
322.78,ETH-27SEP19,1562669941732,open,0.08,2529.0,0.041,0.12,0.080549,99.21,0.081,0.0,ETH-27SEP19-440-C,311.8,96.51,0.076,132.0,0.086,292.0,102.4,0.54789,-0.34024,0.17733,0.00242,0.3316
12688.35,BTC-27SEP19,1562669941789,open,0.48,1.0,0.437,0.556,0.49651879,103.42,1.5815,0.0,BTC-27SEP19-18000-P,12311.43,0.0,0.0035,0.3,1.132,0.3,500.0,21.09423,-13.65634,-32.79863,6e-05,-0.6847
12688.35,BTC-27SEP19,1562669941917,open,0.15,156.5,0.108,0.1875,0.14764971,100.34,0.1475,0.0,BTC-27SEP19-14000-C,12311.43,98.12,0.1435,5.0,0.1535,5.0,103.48,23.67222,-14.86879,10.06198,7e-05,0.51002
314.14,SYN.ETH-26JUL19,1562669941925,open,0.0,562.0,0.001,0.04,0.000506,129.67,0.004,0.0,ETH-26JUL19-160-P,311.8,0.0,0.0,0.0,0.002,150.0,156.62,0.01019,-0.03916,-0.00084,0.00017,-0.00525
12688.35,BTC-27SEP19,1562669941934,open,0.0,122.0,0.0005,0.0415,0.00185225,122.92,0.0015,0.0,BTC-27SEP19-3750-P,12311.43,112.92,0.001,3.0,0.0025,15.0,128.62,1.30622,-1.00508,-0.27457,0.0,-0.00804
331.13,ETH-27DEC19,1562669941981,open,0.59,21.0,0.538,0.665,0.601688,101.59,0.629,0.0,ETH-27DEC19-480-P,311.8,95.73,0.586,10.0,0.617,30.0,107.29,0.88827,-0.26406,-1.82248,0.0017,-0.57399
331.13,ETH-27DEC19,1562669942007,open,0.2,489.0,0.163,0.242,0.202476,100.06,0.188,0.0,ETH-27DEC19-400-C,311.8,98.05,0.197,122.0,0.214,30.0,104.3,0.90188,-0.26406,0.50221,0.00176,0.52644
312.22,SYN.ETH-12JUL19,1562669942014,open,0.06,492.0,0.016,0.095,0.05538,92.68,0.07,0.0,ETH-12JUL19-300-C,311.8,87.98,0.054,50.0,0.063,50.0,116.62,0.09626,-1.5512,0.01587,0.01352,0.70065
12940.03,BTC-27DEC19,1562669942021,open,0.2,161.6,0.1535,0.233,0.19337898,99.47,0.2085,0.0,BTC-27DEC19-16000-C,12311.43,97.5,0.188,5.0,0.2005,5.0,102.08,35.30725,-10.27637,19.26122,5e-05,0.51133
322.78,ETH-27SEP19,1562669942031,open,1.37,0.0,1.275,1.464,1.369427,109.3,None,0.0,ETH-27SEP19-760-P,311.77,0.0,0.0,0.0,0.0,0.0,0.0,0.22004,-0.15055,-1.61864,0.00088,-0.92208
322.78,ETH-27SEP19,1562669942031,open,1.25,0.0,1.16,1.338,1.249007,108.99,None,0.0,ETH-27SEP19-720-P,311.77,0.0,0.0,0.0,0.0,0.0,0.0,0.2525,-0.17226,-1.52248,0.00102,-0.90636
322.78,ETH-27SEP19,1562669942032,open,0.0,4126.0,0.001,0.042,0.002056,120.25,0.001,0.0,ETH-27SEP19-100-P,311.77,108.75,0.001,20.0,0.003,150.0,127.56,0.03681,-0.02771,-0.00783,0.00013,-0.00903
314.12,SYN.ETH-26JUL19,1562669942032,open,0.59,0.0,0.532,0.659,0.595432,115.38,None,0.0,ETH-26JUL19-500-P,311.77,0.0,0.0,0.0,0.0,0.0,0.0,0.05832,-0.19938,-0.22589,0.00111,-0.9599
314.12,SYN.ETH-26JUL19,1562669942032,open,0.0,1843.0,0.001,0.044,0.004075,102.32,0.004,0.0,ETH-26JUL19-220-P,311.77,96.26,0.003,500.0,0.005,400.0,106.86,0.06047,-0.1833,-0.00668,0.0013,-0.04192
313.16,SYN.ETH-19JUL19,1562669942049,open,0.09,344.0,0.043,0.122,0.082541,92.21,0.085,0.0,ETH-19JUL19-300-C,311.77,88.08,0.08,329.0,0.09,150.0,104.28,0.19269,-0.89959,0.04725,0.00788,0.64014
12391.06,SYN.BTC-26JUL19,1562669942077,open,0.03,394.5,0.0005,0.0685,0.02887703,107.25,0.032,0.0,BTC-26JUL19-15000-C,12311.43,103.63,0.0265,15.0,0.0325,47.0,112.61,8.24179,-26.18829,1.1971,0.00011,0.23783
312.2,SYN.ETH-12JUL19,1562669942071,open,0.11,448.0,0.069,0.148,0.108027,102.71,0.121,0.0,ETH-12JUL19-280-C,311.77,96.15,0.107,50.0,0.116,50.0,142.34,0.05128,-0.91582,0.01929,0.0065,0.89241
322.75,ETH-27SEP19,1562669942086,open,0.3,101.0,0.246,0.348,0.296976,97.33,0.326,0.0,ETH-27SEP19-380-P,311.77,91.38,0.286,330.0,0.303,120.0,100.58,0.59719,-0.36384,-0.59971,0.00269,-0.55211
331.13,ETH-27DEC19,1562669942099,open,0.15,622.0,0.113,0.192,0.152122,101.61,0.151,0.0,ETH-27DEC19-480-C,311.77,99.33,0.146,129.0,0.163,40.0,105.66,0.8883,-0.26412,0.42468,0.0017,0.42607
312.2,SYN.ETH-12JUL19,1562669942107,open,0.11,448.0,0.069,0.148,0.108027,102.71,0.121,0.0,ETH-12JUL19-280-C,311.77,96.15,0.107,50.0,0.115,50.0,137.96,0.05128,-0.91582,0.01929,0.0065,0.89241
322.78,ETH-27SEP19,1562669942121,open,0.34,240.0,0.291,0.397,0.344134,98.1,0.405,0.0,ETH-27SEP19-400-P,311.77,91.93,0.333,120.0,0.35,120.0,101.33,0.58558,-0.3596,-0.66268,0.00262,-0.59403
322.78,ETH-27SEP19,1562669942134,open,0.34,240.0,0.291,0.397,0.344134,98.1,0.405,0.0,ETH-27SEP19-400-P,311.77,92.49,0.334,120.0,0.35,120.0,101.33,0.58558,-0.3596,-0.66268,0.00262,-0.59403
312.2,SYN.ETH-12JUL19,1562669942145,open,0.05,103.0,0.004,0.087,0.045627,88.07,0.031,0.0,ETH-12JUL19-320-P,311.77,77.35,0.042,144.0,0.049,233.0,97.91,0.1064,-1.62915,-0.0161,0.01573,-0.60903
312.2,SYN.ETH-12JUL19,1562669942151,open,0.1,302.0,0.054,0.14,0.097072,98.75,0.082,0.0,ETH-12JUL19-340-P,311.77,0.0,0.087,50.0,0.096,50.0,93.97,0.07177,-1.23221,-0.02265,0.00946,-0.8237
331.13,ETH-27DEC19,1562669942164,open,0.41,10.0,0.355,0.466,0.410461,100.06,0.402,0.0,ETH-27DEC19-400-P,311.77,93.29,0.392,110.0,0.425,30.0,105.41,0.90188,-0.26406,-1.3704,0.00176,-0.47356
313.16,SYN.ETH-19JUL19,1562669942166,open,0.07,166.0,0.03,0.115,0.072581,92.1,0.067,0.0,ETH-19JUL19-320-P,311.77,82.04,0.066,190.0,0.073,150.0,92.74,0.20504,-0.95606,-0.05078,0.00839,-0.52668
322.78,ETH-27SEP19,1562669942172,open,0.18,1704.0,0.144,0.223,0.1836,97.3,0.173,0.0,ETH-27SEP19-320-C,311.77,93.66,0.177,174.0,0.187,120.0,99.18,0.58435,-0.35592,0.29229,0.00263,0.59739
12391.06,SYN.BTC-26JUL19,1562669942179,open,0.05,327.6,0.005,0.0845,0.04455387,105.23,0.047,0.0,BTC-26JUL19-14000-C,12311.43,102.6,0.0425,15.0,0.0485,42.0,110.24,9.70553,-30.25962,1.6634,0.00013,0.3349
314.12,SYN.ETH-26JUL19,1562669942178,open,0.14,711.0,0.102,0.181,0.141523,92.75,0.154,0.0,ETH-26JUL19-280-C,311.77,90.51,0.14,50.0,0.149,50.0,103.53,0.21438,-0.58914,0.08845,0.00507,0.75056
314.12,SYN.ETH-26JUL19,1562669942197,open,0.09,288.0,0.047,0.133,0.089796,92.65,0.155,0.0,ETH-26JUL19-320-P,311.77,84.73,0.083,177.0,0.09,91.0,92.89,0.26945,-0.73969,-0.08528,0.00637,-0.4974
331.13,ETH-27DEC19,1562669942208,open,0.32,132.0,0.27,0.375,0.322355,99.01,0.333,0.0,ETH-27DEC19-360-P,311.77,93.27,0.307,288.0,0.337,40.0,104.52,0.88315,-0.25586,-1.14267,0.00174,-0.41476
322.75,ETH-27SEP19,1562669942214,open,0.3,101.0,0.246,0.348,0.296976,97.33,0.326,0.0,ETH-27SEP19-380-P,311.77,91.93,0.287,120.0,0.303,120.0,100.58,0.59719,-0.36384,-0.59971,0.00269,-0.55211
322.75,ETH-27SEP19,1562669942220,open,0.21,294.0,0.165,0.261,0.212715,97.28,0.258,0.0,ETH-27SEP19-340-P,311.77,93.66,0.206,166.0,0.217,120.0,99.59,0.59849,-0.36445,-0.47158,0.0027,-0.45497
12325.0,SYN.BTC-12JUL19,1562669942228,open,0.28,29.7,0.23,0.3095,0.26989139,132.32,0.1845,0.0,BTC-12JUL19-9000-C,12311.43,0.0,0.0,0.0,0.0,0.0,0.0,0.10346,-2.38032,0.70594,1e-05,0.99689
12688.35,BTC-27SEP19,1562669942231,open,0.84,28.2,0.8025,0.882,0.84245676,130.59,0.755,0.0,BTC-27SEP19-2000-C,12311.43,0.0,0.0035,5.0,0.9445,5.0,500.0,0.09264,-0.07573,4.36242,0.0,0.99957
314.12,SYN.ETH-26JUL19,1562669942235,open,0.02,1312.0,0.001,0.062,0.022728,97.49,0.022,0.0,ETH-26JUL19-380-C,311.77,93.01,0.02,346.0,0.025,200.0,101.09,0.19512,-0.56359,0.02732,0.00439,0.21085
314.12,SYN.ETH-26JUL19,1562669942241,open,0.03,3225.0,0.001,0.073,0.033754,96.15,0.032,0.0,ETH-26JUL19-360-C,311.77,90.98,0.03,320.0,0.037,200.0,100.53,0.23086,-0.65767,0.03708,0.00526,0.28909
322.75,ETH-27SEP19,1562669942246,open,0.08,2529.0,0.041,0.12,0.080541,99.22,0.081,0.0,ETH-27SEP19-440-C,311.77,96.53,0.076,132.0,0.085,160.0,101.83,0.54781,-0.34023,0.17729,0.00242,0.33156
12940.32,BTC-27DEC19,1562669942286,open,0.37,434.5,0.323,0.4025,0.3627734,98.09,0.36,0.0,BTC-27DEC19-10000-C,12311.43,92.72,0.3515,5.0,0.4,1.0,115.74,27.2642,-7.82516,24.31331,4e-05,0.76413
12358.03,SYN.BTC-19JUL19,1562669942405,open,0.03,124.2,0.0005,0.0655,0.02579252,106.04,0.034,0.0,BTC-19JUL19-14000-C,12311.43,104.56,0.025,5.0,0.0285,0.5,111.01,6.65817,-35.74567,0.79983,0.00015,0.265
12940.17,BTC-27DEC19,1562669942456,open,0.54,7.8,0.4895,0.613,0.55124823,100.33,0.725,0.0,BTC-27DEC19-18000-P,12311.43,97.85,0.5445,4.8,0.5645,4.8,105.23,34.98922,-10.27154,-66.99546,4e-05,-0.55471
12688.2,BTC-27SEP19,1562669942466,open,0.65,289.7,0.6085,0.688,0.64824457,113.12,0.588,0.0,BTC-27SEP19-4500-C,12311.43,0.0,0.001,1.0,0.742,5.0,299.15,1.99909,-1.41556,9.40351,1e-05,0.98691
12391.47,SYN.BTC-26JUL19,1562669942458,open,0.14,15.4,0.099,0.19,0.14448007,104.03,0.1145,0.0,BTC-26JUL19-13500-P,12311.43,94.32,0.1365,24.0,0.1465,24.0,106.47,10.24583,-31.58033,-4.30464,0.00014,-0.60688
12391.14,SYN.BTC-26JUL19,1562669942472,open,0.19,120.7,0.1385,0.218,0.17809537,100.87,0.2025,0.0,BTC-26JUL19-10500-C,12311.43,98.96,0.177,8.0,0.185,8.0,112.27,7.26753,-21.71903,3.61092,0.0001,0.8084
12358.07,SYN.BTC-19JUL19,1562669942484,open,0.15,0.2,0.1125,0.2045,0.15864906,105.98,0.133,0.0,BTC-19JUL19-14000-P,12311.43,92.25,0.1515,8.0,0.1615,8.0,111.26,6.65649,-35.7178,-2.98845,0.00015,-0.73513
12688.35,BTC-27SEP19,1562669942488,open,0.25,497.4,0.207,0.2865,0.24689825,99.95,0.255,0.0,BTC-27SEP19-11000-C,12311.43,96.91,0.242,10.0,0.252,19.2,103.11,20.47622,-12.81074,12.72328,6e-05,0.70512
12940.17,BTC-27DEC19,1562669942505,open,0.54,7.8,0.4895,0.613,0.55124823,100.33,0.725,0.0,BTC-27DEC19-18000-P,12311.43,98.03,0.545,4.8,0.5645,4.8,105.23,34.98922,-10.27154,-66.99546,4e-05,-0.55471
12940.03,BTC-27DEC19,1562669942512,open,0.81,0.0,0.7695,0.849,0.80918892,116.72,None,0.0,BTC-27DEC19-2500-C,12311.43,0.0,0.0135,0.1,0.9835,0.5,500.0,1.72242,-0.58825,11.13592,0.0,0.99301
12391.47,SYN.BTC-26JUL19,1562669942507,open,0.14,15.4,0.099,0.19,0.14448007,104.03,0.1145,0.0,BTC-26JUL19-13500-P,12311.43,94.32,0.1365,24.0,0.147,24.0,107.08,10.24583,-31.58033,-4.30464,0.00014,-0.60688
12391.1,SYN.BTC-26JUL19,1562669942520,open,0.06,279.1,0.0275,0.1125,0.07011152,100.82,0.0715,0.0,BTC-26JUL19-12000-P,12311.43,94.68,0.065,45.5,0.073,3.5,104.32,10.28575,-30.72515,-2.68658,0.00014,-0.39885
12940.03,BTC-27DEC19,1562669942528,open,0.22,251.7,0.173,0.2525,0.21282448,98.87,0.216,0.0,BTC-27DEC19-15000-C,12311.43,97.46,0.209,5.0,0.22,5.0,101.52,35.06861,-10.1456,20.28707,5e-05,0.54771
12358.39,SYN.BTC-19JUL19,1562669942530,open,0.14,12.1,0.093,0.1725,0.13252196,101.59,0.15,0.0,BTC-19JUL19-11000-C,12311.43,98.43,0.131,13.0,0.139,8.0,114.62,5.9811,-30.76428,2.17307,0.00014,0.78241
12688.51,BTC-27SEP19,1562669942532,open,0.05,327.8,0.0045,0.084,0.04436512,107.01,0.0465,0.0,BTC-27SEP19-22000-C,12311.43,104.78,0.0415,5.0,0.048,40.0,109.76,16.51301,-11.06124,4.26357,4e-05,0.19791
12391.1,SYN.BTC-26JUL19,1562669942543,open,0.16,5.3,0.1275,0.221,0.17438863,105.18,0.192,0.0,BTC-26JUL19-14000-P,12311.43,94.33,0.166,24.0,0.1765,24.0,107.9,9.70446,-30.24351,-4.80982,0.00013,-0.66519
12358.07,SYN.BTC-19JUL19,1562669942550,open,0.02,157.2,0.0005,0.059,0.01935604,108.15,0.0225,0.0,BTC-19JUL19-14500-C,12311.43,104.16,0.0175,10.0,0.022,15.0,113.63,5.84382,-31.99931,0.63446,0.00013,0.20911
12688.51,BTC-27SEP19,1562669942568,open,0.35,24.4,0.3125,0.4215,0.3671628,101.66,0.3675,0.0,BTC-27SEP19-16000-P,12311.43,99.37,0.363,3.5,0.377,19.2,107.09,22.9526,-14.60684,-26.81694,6e-05,-0.59863
12358.05,SYN.BTC-19JUL19,1562669942593,open,0.12,10.1,0.083,0.1725,0.12784922,105.72,0.0955,0.0,BTC-19JUL19-13500-P,12311.43,92.45,0.12,27.5,0.1305,24.0,110.15,7.42091,-39.72089,-2.64504,0.00017,-0.66323
12939.9,BTC-27DEC19,1562669942653,open,0.0,184.7,0.0005,0.042,0.00238125,116.67,0.003,0.0,BTC-27DEC19-2500-P,12311.43,109.04,0.0015,4.8,0.003,10.0,120.99,1.71943,-0.58698,-0.56666,0.0,-0.00697
322.75,ETH-27SEP19,1562669942751,open,0.03,4144.0,0.001,0.067,0.026639,97.35,0.037,0.0,ETH-27SEP19-200-P,311.77,92.82,0.023,349.0,0.03,349.0,101.35,0.266,-0.1621,-0.08982,0.0012,-0.10053
12939.9,BTC-27DEC19,1562669942824,open,0.01,227.8,0.0005,0.048,0.00772022,103.8,0.006,0.0,BTC-27DEC19-4000-P,12311.43,100.29,0.0065,3.7,0.009,11.0,107.18,4.70309,-1.42851,-1.81952,1e-05,-0.02232
12391.06,SYN.BTC-26JUL19,1562669942930,open,0.37,0.0,0.3295,0.44,0.38474129,112.85,None,0.0,BTC-26JUL19-17000-P,12311.43,0.0,0.0,0.0,0.0,0.0,0.0,5.28626,-17.67467,-7.25362,7e-05,-0.88139
12688.2,BTC-27SEP19,1562669942939,open,0.81,55.9,0.7635,0.843,0.8032765,130.33,0.689,0.0,BTC-27SEP19-2500-C,12311.43,0.0,0.0035,10.0,0.936,5.0,500.0,0.2885,-0.23538,5.42086,0.0,0.99851
12939.9,BTC-27DEC19,1562669942978,open,0.57,122.6,0.5255,0.605,0.56507091,99.33,0.58,0.0,BTC-27DEC19-6000-C,12311.43,68.65,0.543,4.0,0.61,0.1,140.57,11.97815,-3.4815,22.06483,2e-05,0.92931
12688.2,BTC-27SEP19,1562669942985,open,0.35,369.6,0.303,0.3825,0.34290755,99.96,0.313,0.0,BTC-27SEP19-9000-C,12311.43,92.62,0.3345,3.3,0.429,1.8,167.55,14.81744,-9.27118,13.62351,4e-05,0.83355
12391.06,SYN.BTC-26JUL19,1562669942993,open,0.0,298.1,0.0005,0.0445,0.00459992,110.0,0.0035,0.0,BTC-26JUL19-8500-P,12311.43,104.04,0.0035,10.0,0.0055,3.5,114.33,2.4561,-8.00497,-0.2754,3e-05,-0.04347
331.11,ETH-27DEC19,1562669943033,open,0.09,21.0,0.051,0.13,0.090764,103.87,0.086,0.0,ETH-27DEC19-640-C,311.78,100.92,0.084,140.0,0.103,40.0,109.06,0.76745,-0.23326,0.29905,0.00144,0.28369
331.11,ETH-27DEC19,1562669943033,open,1.13,0.0,1.05,1.219,1.134528,104.44,None,0.0,ETH-27DEC19-680-P,311.78,0.0,0.001,20.0,0.0,0.0,0.0,0.73179,-0.22363,-2.90895,0.00137,-0.74209
331.12,ETH-27DEC19,1562669943033,open,0.03,211.0,0.001,0.076,0.035532,101.69,0.049,0.0,ETH-27DEC19-160-P,311.78,97.21,0.031,292.0,0.04,50.0,105.93,0.34247,-0.10191,-0.18185,0.00066,-0.08178
322.76,ETH-27SEP19,1562669943035,open,0.14,1040.0,0.096,0.186,0.140643,97.31,0.14,0.0,ETH-27SEP19-300-P,311.78,94.05,0.135,269.0,0.143,160.0,98.67,0.55862,-0.34028,-0.34578,0.00252,-0.34892
322.76,ETH-27SEP19,1562669943035,open,0.04,2620.0,0.001,0.082,0.041266,97.29,0.04,0.0,ETH-27SEP19-220-P,311.78,93.18,0.037,142.0,0.044,200.0,99.87,0.33992,-0.20702,-0.12971,0.00153,-0.14238
312.17,SYN.ETH-12JUL19,1562669943035,open,0.0,219.0,0.001,0.04,5.7e-05,130.03,0.003,0.0,ETH-12JUL19-440-C,311.78,0.0,0.0,0.0,0.005,150.0,233.65,0.00157,-0.0179,4e-05,0.00016,0.00177
312.17,SYN.ETH-12JUL19,1562669943034,open,0.0,250.0,0.001,0.043,0.003157,108.43,0.005,0.0,ETH-12JUL19-360-C,311.78,98.22,0.002,106.0,0.005,400.0,121.34,0.03958,-0.74614,0.00179,0.00475,0.07589
322.77,ETH-27SEP19,1562669943037,open,0.17,812.0,0.129,0.222,0.175041,97.32,0.172,0.0,ETH-27SEP19-320-P,311.78,95.64,0.172,17.0,0.178,160.0,98.96,0.58434,-0.35599,-0.40803,0.00263,-0.40262
314.09,SYN.ETH-26JUL19,1562669943036,open,0.49,0.0,0.452,0.531,0.491147,131.02,None,0.0,ETH-26JUL19-160-C,311.78,0.0,0.0,0.0,0.0,0.0,0.0,0.01084,-0.04206,0.07308,0.00018,0.99438
312.17,SYN.ETH-12JUL19,1562669943033,open,0.0,1500.0,0.001,0.04,3.3e-05,129.97,0.001,0.0,ETH-12JUL19-220-P,311.78,0.0,0.0,0.0,0.001,132.0,190.61,0.00093,-0.01026,-3e-05,9e-05,-0.001
313.13,SYN.ETH-19JUL19,1562669943033,open,0.0,1501.0,0.001,0.043,0.003211,100.02,0.005,0.0,ETH-19JUL19-240-P,311.78,81.02,0.001,500.0,0.005,4.0,110.23,0.04853,-0.24577,-0.00406,0.00183,-0.04467
314.09,SYN.ETH-26JUL19,1562669943033,open,0.0,1841.0,0.001,0.043,0.003782,115.93,0.002,0.0,ETH-26JUL19-500-C,311.78,104.61,0.002,460.0,0.006,410.0,126.12,0.05925,-0.2035,0.00539,0.00112,0.04089
12688.2,BTC-27SEP19,1562669943039,open,1.05,0.0,0.994,1.1595,1.07660019,110.74,None,0.0,BTC-27SEP19-26000-P,12311.43,0.0,0.0,0.0,0.0,0.0,0.0,12.56361,-8.70899,-54.04734,3e-05,-0.86989
314.09,SYN.ETH-26JUL19,1562669943053,open,0.14,711.0,0.102,0.181,0.141484,92.78,0.154,0.0,ETH-26JUL19-280-C,311.78,89.11,0.139,50.0,0.149,50.0,103.6,0.21444,-0.58946,0.08842,0.00507,0.75038
313.13,SYN.ETH-19JUL19,1562669943056,open,0.05,205.0,0.011,0.09,0.05077,92.21,0.059,0.0,ETH-19JUL19-320-C,311.78,89.51,0.049,50.0,0.056,108.0,100.2,0.20502,-0.95717,0.03579,0.00838,0.47319
322.76,ETH-27SEP19,1562669943066,open,0.25,199.0,0.204,0.303,0.253447,97.29,0.327,0.0,ETH-27SEP19-360-P,311.78,93.3,0.246,170.0,0.259,120.0,100.27,0.60231,-0.36682,-0.53565,0.00272,-0.50493
12939.9,BTC-27DEC19,1562669943125,open,0.0,89.4,0.0005,0.042,0.00196727,128.78,0.0005,0.0,BTC-27DEC19-2000-P,12311.43,107.85,0.0005,21.3,0.0035,10.0,141.06,1.33465,-0.50293,-0.43657,0.0,-0.00524
314.09,SYN.ETH-26JUL19,1562669943119,open,0.1,1254.0,0.063,0.142,0.102126,92.75,0.098,0.0,ETH-26JUL19-300-C,311.78,90.14,0.1,173.0,0.109,150.0,101.2,0.25517,-0.70123,0.07655,0.00603,0.62925
312.17,SYN.ETH-12JUL19,1562669943131,open,0.1,302.0,0.054,0.141,0.097131,98.62,0.082,0.0,ETH-12JUL19-340-P,311.78,0.0,0.088,50.0,0.096,50.0,93.56,0.0716,-1.22785,-0.02266,0.00946,-0.82431
331.12,ETH-27DEC19,1562669943139,open,0.17,84.0,0.135,0.214,0.174121,100.55,0.176,0.0,ETH-27DEC19-440-C,311.78,98.66,0.169,125.0,0.186,30.0,104.9,0.90167,-0.26528,0.46235,0.00175,0.47239
12358.01,SYN.BTC-19JUL19,1562669943163,open,0.01,161.7,0.0005,0.0485,0.0083096,105.24,0.005,0.0,BTC-19JUL19-10000-P,12311.43,100.36,0.007,13.5,0.0105,10.0,112.72,3.44005,-18.32907,-0.34597,8e-05,-0.09516
12324.99,SYN.BTC-12JUL19,1562669943173,open,0.28,0.0,0.247,0.3505,0.29868466,129.08,None,0.0,BTC-12JUL19-16000-P,12311.43,0.0,0.0,0.0,0.0,0.0,0.0,0.37105,-8.32781,-1.24826,2e-05,-0.9868
331.12,ETH-27DEC19,1562669943173,open,0.7,37.0,0.635,0.77,0.70272,102.06,0.707,0.0,ETH-27DEC19-520-P,311.78,93.23,0.68,30.0,0.72,30.0,108.62,0.86479,-0.25826,-2.04551,0.00165,-0.61684
331.11,ETH-27DEC19,1562669943205,open,0.5,0.0,0.443,0.563,0.502931,100.53,None,0.0,ETH-27DEC19-440-P,311.78,93.19,0.483,110.0,0.519,30.0,106.42,0.90163,-0.26522,-1.59755,0.00175,-0.52768
331.12,ETH-27DEC19,1562669943214,open,0.7,37.0,0.635,0.77,0.70272,102.06,0.707,0.0,ETH-27DEC19-520-P,311.78,93.63,0.681,30.0,0.72,30.0,108.62,0.86479,-0.25826,-2.04551,0.00165,-0.61684
322.76,ETH-27SEP19,1562669943225,open,0.16,1707.0,0.12,0.199,0.15933,97.31,0.151,0.0,ETH-27SEP19-340-C,311.78,94.43,0.154,114.0,0.163,120.0,99.29,0.5985,-0.36455,0.27248,0.0027,0.5451
313.13,SYN.ETH-19JUL19,1562669943230,open,0.13,130.0,0.086,0.165,0.125069,92.36,0.138,0.0,ETH-19JUL19-280-C,311.78,92.21,0.125,50.0,0.134,50.0,110.47,0.14777,-0.691,0.05647,0.00603,0.79161
331.11,ETH-27DEC19,1562669943236,open,0.09,21.0,0.051,0.13,0.090764,103.87,0.086,0.0,ETH-27DEC19-640-C,311.78,100.92,0.084,140.0,0.102,40.0,108.64,0.76745,-0.23326,0.29905,0.00144,0.28369
12939.9,BTC-27DEC19,1562669943257,open,0.46,206.7,0.413,0.4925,0.45276474,98.09,0.43,0.0,BTC-27DEC19-8000-C,12311.43,0.0,0.3005,0.1,0.999,0.1,500.0,20.30876,-5.82898,24.28302,3e-05,0.85362
12391.03,SYN.BTC-26JUL19,1562669943272,open,0.0,210.2,0.0005,0.0435,0.00377813,128.08,0.004,0.0,BTC-26JUL19-21000-C,12311.43,123.36,0.003,10.0,0.0055,55.1,136.75,2.18855,-8.30523,0.19442,2e-05,0.03771
12391.03,SYN.BTC-26JUL19,1562669943304,open,0.33,36.6,0.279,0.3585,0.31862692,110.04,0.2155,0.0,BTC-26JUL19-8500-C,12311.43,0.0,0.0105,0.1,0.0,0.0,0.0,2.45809,-8.01399,3.65426,3e-05,0.95648
12688.2,BTC-27SEP19,1562669943328,open,0.75,0.0,0.7055,0.785,0.74513371,129.78,None,0.0,BTC-27SEP19-3250-C,12311.43,0.0,0.0035,10.0,0.925,5.0,500.0,0.92395,-0.75059,6.92593,0.0,0.99457
12688.06,BTC-27SEP19,1562669943386,open,0.01,325.6,0.0005,0.0465,0.00642527,107.32,0.008,0.0,BTC-27SEP19-5500-P,12311.43,102.19,0.005,15.3,0.0075,15.0,110.78,3.77674,-2.53708,-0.94686,1e-05,-0.02768
12358.01,SYN.BTC-19JUL19,1562669943403,open,0.0,261.0,0.0005,0.0425,0.00260489,111.07,0.0025,0.0,BTC-19JUL19-9000-P,12311.43,105.8,0.002,13.5,0.003,2.1,114.14,1.52838,-8.59452,-0.12191,3e-05,-0.03386
12939.9,BTC-27DEC19,1562669943433,open,0.09,135.6,0.0455,0.125,0.08540094,104.72,0.078,0.0,BTC-27DEC19-26000-C,12311.43,102.98,0.0815,10.0,0.0905,15.0,106.96,29.22366,-8.95455,11.12626,4e-05,0.26907
12688.06,BTC-27SEP19,1562669943436,open,0.24,63.5,0.201,0.301,0.2510058,100.32,0.2335,0.0,BTC-27SEP19-14000-P,12311.43,97.91,0.2465,8.5,0.2595,22.7,104.88,23.67176,-14.86571,-20.57576,7e-05,-0.49003
12324.99,SYN.BTC-12JUL19,1562669943444,open,0.0,225.4,0.0005,0.0425,0.00270913,115.83,0.0065,0.0,BTC-12JUL19-14500-C,12311.43,103.05,0.0015,61.7,0.004,0.8,126.39,1.3553,-27.29481,0.05863,0.0001,0.06309
12939.9,BTC-27DEC19,1562669943535,open,0.1,158.1,0.0585,0.138,0.09844057,103.65,0.1065,0.0,BTC-27DEC19-24000-C,12311.43,101.99,0.0945,10.0,0.1035,15.0,105.75,30.91129,-9.37512,12.37797,4e-05,0.30277
12324.99,SYN.BTC-12JUL19,1562669943574,open,0.0,136.3,0.0005,0.0455,0.00560138,110.27,0.0035,0.0,BTC-12JUL19-11000-P,12311.43,100.21,0.004,1.0,0.0065,0.1,115.4,2.09665,-40.2003,-0.11514,0.00016,-0.11297
12939.78,BTC-27DEC19,1562669943642,open,2.09,0.0,2.0055,2.255,2.1302119,111.41,None,0.0,BTC-27DEC19-40000-P,12311.43,0.0,0.0005,4.0,0.0,0.0,0.0,19.30155,-6.29231,-181.39478,2e-05,-0.86419
12939.78,BTC-27DEC19,1562669943647,open,0.05,193.8,0.0075,0.087,0.04745764,109.76,0.048,0.0,BTC-27DEC19-36000-C,12311.43,107.97,0.0445,10.0,0.0515,21.4,112.13,21.70163,-6.96979,6.92791,3e-05,0.16182
12939.78,BTC-27DEC19,1562669943652,open,1.21,0.1,1.149,1.3275,1.23824235,105.58,2.02,0.0,BTC-27DEC19-28000-P,12311.43,0.0,0.001,1.0,0.0,0.0,0.0,27.50443,-8.49742,-121.06783,3e-05,-0.7603
12688.06,BTC-27SEP19,1562669943722,open,0.0,290.5,0.0005,0.043,0.00289136,113.03,0.004,0.0,BTC-27SEP19-4500-P,12311.43,106.7,0.002,15.0,0.004,15.0,119.41,1.9934,-1.41045,-0.44261,1e-05,-0.01305
12325.01,SYN.BTC-12JUL19,1562669943733,open,0.01,259.2,0.0005,0.0485,0.00866771,105.82,0.0085,0.0,BTC-12JUL19-13500-C,12311.43,105.08,0.0085,1.9,0.01,1.0,111.43,2.85187,-52.47201,0.16456,0.00023,0.17813
12939.78,BTC-27DEC19,1562669943759,open,0.03,273.6,0.0005,0.0695,0.02873912,99.32,0.0285,0.0,BTC-27DEC19-6000-P,12311.43,96.3,0.026,3.5,0.0315,10.0,102.25,11.97603,-3.48033,-6.0225,2e-05,-0.07068
12391.03,SYN.BTC-26JUL19,1562669943853,open,0.01,438.9,0.0005,0.0525,0.01282706,112.95,0.016,0.0,BTC-26JUL19-17000-C,12311.43,115.64,0.014,20.0,0.015,15.0,117.86,5.29404,-17.71631,0.60746,7e-05,0.11886
12688.06,BTC-27SEP19,1562669943863,open,0.0,612.3,0.0005,0.0405,0.0008346,129.81,0.001,0.0,BTC-27SEP19-3000-P,12311.43,0.0,0.0,0.0,0.001,0.4,132.82,0.65571,-0.53282,-0.12591,0.0,-0.0037
12325.01,SYN.BTC-12JUL19,1562669943877,open,0.01,259.2,0.0005,0.0485,0.00866771,105.82,0.0085,0.0,BTC-12JUL19-13500-C,12311.43,105.08,0.0085,1.9,0.0095,0.1,109.35,2.85187,-52.47201,0.16456,0.00023,0.17813
12358.01,SYN.BTC-19JUL19,1562669943956,open,0.29,0.0,0.251,0.355,0.30295864,114.19,None,0.0,BTC-19JUL19-16000-P,12311.43,0.0,0.0,0.0,0.0,0.0,0.0,3.56938,-20.63651,-4.02205,8e-05,-0.89993
12324.99,SYN.BTC-12JUL19,1562669943984,open,0.4,0.0,0.3515,0.431,0.39148149,143.04,None,0.0,BTC-12JUL19-7500-C,12311.43,0.0,0.0,0.0,0.0,0.0,0.0,0.00161,-0.0401,0.59086,0.0,0.99996
313.13,SYN.ETH-19JUL19,1562669943993,open,0.02,90.0,0.001,0.057,0.017038,95.07,0.015,0.0,ETH-19JUL19-360-C,311.78,90.62,0.015,189.0,0.019,200.0,99.13,0.14755,-0.7102,0.01617,0.00585,0.20787
12939.78,BTC-27DEC19,1562669943994,open,1.36,0.2,1.288,1.4785,1.38318515,106.17,2.2245,0.0,BTC-27DEC19-30000-P,12311.43,0.0,0.0,0.0,0.0,0.0,0.0,25.76424,-8.00408,-131.43501,3e-05,-0.7865
12391.03,SYN.BTC-26JUL19,1562669944010,open,0.0,126.8,0.0005,0.04,9.808e-05,130.0,0.0005,0.0,BTC-26JUL19-5500-P,12311.43,0.0,0.0,0.0,0.0005,53.0,153.8,0.10291,-0.39639,-0.00722,0.0,-0.00116
314.09,SYN.ETH-26JUL19,1562669944006,open,0.1,1254.0,0.063,0.142,0.102079,92.75,0.098,0.0,ETH-26JUL19-300-C,311.78,90.14,0.1,178.0,0.109,150.0,101.2,0.25517,-0.70123,0.07655,0.00603,0.62925
12391.03,SYN.BTC-26JUL19,1562669944021,open,0.0,186.2,0.0005,0.04,0.00028713,129.98,0.0005,0.0,BTC-26JUL19-6000-P,12311.43,0.0,0.0,0.0,0.0005,45.0,138.43,0.2528,-0.97357,-0.01954,0.0,-0.00312
313.13,SYN.ETH-19JUL19,1562669944020,open,0.01,140.0,0.001,0.045,0.005979,101.64,0.004,0.0,ETH-19JUL19-400-C,311.78,97.56,0.005,158.0,0.007,250.0,105.49,0.07919,-0.40749,0.00658,0.00294,0.08364
313.13,SYN.ETH-19JUL19,1562669944028,open,0.01,122.0,0.001,0.049,0.009771,97.59,0.01,0.0,ETH-19JUL19-380-C,311.78,92.25,0.008,230.0,0.012,400.0,103.69,0.10907,-0.53888,0.0102,0.00421,0.13018
12688.06,BTC-27SEP19,1562669944040,open,0.71,0.0,0.6665,0.746,0.70630959,123.02,None,0.0,BTC-27SEP19-3750-C,12311.43,0.0,0.0035,10.0,0.7745,10.0,300.07,1.31111,-1.00969,7.93059,0.0,0.99193
314.09,SYN.ETH-26JUL19,1562669944036,open,0.02,1119.0,0.001,0.055,0.015959,100.33,0.018,0.0,ETH-26JUL19-400-C,311.78,96.39,0.014,189.0,0.018,200.0,104.19,0.16132,-0.47955,0.02027,0.00353,0.15557
12358.01,SYN.BTC-19JUL19,1562669944042,open,0.04,104.4,0.0005,0.075,0.03544469,105.76,0.0465,0.0,BTC-19JUL19-13500-C,12311.43,101.67,0.033,10.1,0.039,15.0,111.64,7.42152,-39.73876,1.00779,0.00017,0.33685
314.09,SYN.ETH-26JUL19,1562669944044,open,0.03,3225.0,0.001,0.073,0.033715,96.16,0.032,0.0,ETH-26JUL19-360-C,311.78,91.01,0.03,322.0,0.037,200.0,100.56,0.23079,-0.65754,0.03706,0.00526,0.28897
314.09,SYN.ETH-26JUL19,1562669944058,open,0.0,1238.0,0.001,0.042,0.002398,128.38,0.002,0.0,ETH-26JUL19-560-C,311.78,113.99,0.001,239.0,0.004,420.0,139.03,0.03972,-0.15107,0.00331,0.00068,0.02519
314.09,SYN.ETH-26JUL19,1562669944060,open,0.13,463.0,0.088,0.178,0.133109,96.0,0.116,0.0,ETH-26JUL19-340-P,311.78,83.7,0.123,203.0,0.131,150.0,93.52,0.25902,-0.73672,-0.10799,0.00592,-0.61056
313.13,SYN.ETH-19JUL19,1562669944068,open,0.09,344.0,0.043,0.122,0.082454,92.24,0.085,0.0,ETH-19JUL19-300-C,311.78,88.16,0.08,336.0,0.09,150.0,104.36,0.19271,-0.89997,0.04722,0.00788,0.63989
314.09,SYN.ETH-26JUL19,1562669944081,open,0.02,1312.0,0.001,0.062,0.0227,97.5,0.022,0.0,ETH-26JUL19-380-C,311.78,93.03,0.02,348.0,0.025,200.0,101.12,0.19505,-0.56342,0.02731,0.00439,0.21075
12358.0,SYN.BTC-19JUL19,1562669944087,open,0.32,0.0,0.2745,0.354,0.31402891,120.23,None,0.0,BTC-19JUL19-8500-C,12311.43,0.0,0.0,0.0,0.0,0.0,0.0,1.11698,-6.79936,2.21598,2e-05,0.97677
12391.0,SYN.BTC-26JUL19,1562669944089,open,0.02,321.9,0.0005,0.0585,0.01897546,109.83,0.0215,0.0,BTC-26JUL19-16000-C,12311.43,106.08,0.017,47.0,0.022,47.0,115.29,6.67654,-21.72506,0.85049,9e-05,0.16743
313.13,SYN.ETH-19JUL19,1562669944085,open,0.04,247.0,0.001,0.082,0.040526,92.1,0.037,0.0,ETH-19JUL19-300-P,311.78,84.78,0.036,148.0,0.042,200.0,94.55,0.19269,-0.89847,-0.03393,0.00789,-0.35999
314.09,SYN.ETH-26JUL19,1562669944102,open,0.0,1208.0,0.001,0.041,0.001801,107.82,0.001,0.0,ETH-26JUL19-200-P,311.78,98.53,0.001,150.0,0.003,400.0,117.8,0.03209,-0.10251,-0.0031,0.00065,-0.01956
12324.99,SYN.BTC-12JUL19,1562669944108,open,0.0,316.3,0.0005,0.0415,0.00154389,120.63,0.001,0.0,BTC-12JUL19-15000-C,12311.43,112.14,0.001,8.3,0.002,5.0,126.45,0.89376,-18.74619,0.03488,6e-05,0.03747
313.13,SYN.ETH-19JUL19,1562669944110,open,0.0,0.0,0.001,0.043,0.003762,105.66,None,0.0,ETH-19JUL19-420-C,311.78,101.18,0.003,171.0,0.005,250.0,111.93,0.0569,-0.30439,0.0043,0.00203,0.05452
312.17,SYN.ETH-12JUL19,1562669944116,open,0.05,103.0,0.004,0.087,0.045732,88.01,0.031,0.0,ETH-12JUL19-320-P,311.78,77.16,0.042,143.0,0.049,233.0,97.74,0.10634,-1.62725,-0.01612,0.01574,-0.60959
12688.06,BTC-27SEP19,1562669944123,open,0.62,793.2,0.5705,0.65,0.61042164,110.47,0.5945,0.0,BTC-27SEP19-5000-C,12311.43,0.0,0.051,1.0,0.7225,5.0,299.49,2.83526,-1.96067,10.27058,1e-05,0.98032
12358.0,SYN.BTC-19JUL19,1562669944128,open,0.24,1.5,0.1965,0.276,0.23613737,108.58,0.167,0.0,BTC-19JUL19-9500-C,12311.43,0.0,0.0,0.0,0.0,0.0,0.0,2.39492,-13.16622,2.35629,5e-05,0.94084
314.09,SYN.ETH-26JUL19,1562669944130,open,0.09,288.0,0.047,0.133,0.089886,92.64,0.155,0.0,ETH-26JUL19-320-P,311.78,84.67,0.083,176.0,0.09,91.0,92.83,0.26943,-0.73949,-0.08531,0.00638,-0.49759
12391.0,SYN.BTC-26JUL19,1562669944150,open,0.37,24.1,0.3175,0.397,0.35746565,115.35,0.38,0.0,BTC-26JUL19-8000-C,12311.43,0.0,0.161,0.3,0.0,0.0,0.0,1.78846,-6.11248,3.51197,2e-05,0.97049
12324.99,SYN.BTC-12JUL19,1562669944150,open,0.0,372.8,0.0005,0.04,1.645e-05,130.0,0.0005,0.0,BTC-12JUL19-8500-P,12311.43,0.0,0.0,0.0,0.0005,11.0,182.48,0.02027,-0.20276,-0.00052,0.0,-0.00052
313.13,SYN.ETH-19JUL19,1562669944152,open,0.02,346.0,0.001,0.059,0.019208,92.19,0.016,0.0,ETH-19JUL19-280-P,311.78,85.28,0.016,296.0,0.022,200.0,98.06,0.14762,-0.68899,-0.01925,0.00604,-0.20803
314.09,SYN.ETH-26JUL19,1562669944157,open,0.0,1044.0,0.001,0.044,0.004951,113.3,0.005,0.0,ETH-26JUL19-480-C,311.78,103.6,0.003,283.0,0.007,400.0,121.29,0.07265,-0.24389,0.00694,0.00141,0.05272
12391.0,SYN.BTC-26JUL19,1562669944186,open,0.01,407.2,0.0005,0.047,0.00718947,106.53,0.009,0.0,BTC-26JUL19-9000-P,12311.43,99.97,0.0055,50.0,0.009,13.5,112.78,3.39698,-10.72172,-0.41624,4e-05,-0.06547
12391.0,SYN.BTC-26JUL19,1562669944189,open,0.19,5.0,0.158,0.254,0.20597266,106.06,0.1535,0.0,BTC-26JUL19-14500-P,12311.43,0.0,0.0,0.0,0.0,0.0,0.0,9.00881,-28.31041,-5.29,0.00012,-0.71741
12324.99,SYN.BTC-12JUL19,1562669944222,open,0.36,1.0,0.311,0.3905,0.35091506,132.88,0.352,0.0,BTC-12JUL19-8000-C,12311.43,0.0,0.0,0.0,0.0,0.0,0.0,0.00426,-0.09848,0.63019,0.0,0.9999
12688.06,BTC-27SEP19,1562669944276,open,1.51,0.0,1.436,1.6385,1.53710448,115.84,None,0.0,BTC-27SEP19-32000-P,12311.43,0.0,0.0,0.0,2.081,1.0,449.98,8.44327,-6.1225,-68.34995,2e-05,-0.92452
12688.06,BTC-27SEP19,1562669944315,open,0.41,901.8,0.3615,0.441,0.40147325,100.84,0.3525,0.0,BTC-27SEP19-8000-C,12311.43,0.0,0.0,0.0,0.42,1.0,120.13,11.33818,-7.1568,13.49655,3e-05,0.88755
12688.06,BTC-27SEP19,1562669944338,open,0.63,13.5,0.5895,0.669,0.6291642,111.22,0.382,0.0,BTC-27SEP19-4750-C,12311.43,0.0,0.0035,10.0,0.732,5.0,299.19,2.35446,-1.63913,9.85711,1e-05,0.98417
12688.06,BTC-27SEP19,1562669944354,open,1.51,0.0,1.436,1.6385,1.53710448,115.84,None,0.0,BTC-27SEP19-32000-P,12311.43,0.0,0.0,0.0,2.0815,1.0,450.3,8.44327,-6.1225,-68.34995,2e-05,-0.92452
12687.93,BTC-27SEP19,1562669944364,open,0.05,141.8,0.0105,0.094,0.05220722,99.93,0.045,0.0,BTC-27SEP19-9000-P,12311.43,98.47,0.0505,3.5,0.055,13.9,102.31,14.81621,-9.26839,-6.07072,4e-05,-0.16643
12324.99,SYN.BTC-12JUL19,1562669944364,open,0.0,148.9,0.0005,0.0405,0.00099966,127.39,0.001,0.0,BTC-12JUL19-15500-C,12311.43,115.29,0.0005,5.4,0.0015,1.0,136.01,0.62619,-12.3208,0.02271,4e-05,0.02439
12687.93,BTC-27SEP19,1562669944368,open,0.02,95.9,0.0005,0.062,0.02235643,112.75,0.0225,0.0,BTC-27SEP19-28000-C,12311.43,109.96,0.02,20.0,0.025,15.0,115.71,11.01768,-7.77615,2.37919,3e-05,0.10804
12358.0,SYN.BTC-19JUL19,1562669944409,open,0.18,0.0,0.145,0.24,0.19268005,108.14,None,0.0,BTC-19JUL19-14500-P,12311.43,0.0,0.001,2.0,0.0,0.0,0.0,5.8428,-31.98823,-3.28893,0.00013,-0.79095
12939.78,BTC-27DEC19,1562669944434,open,0.48,93.8,0.4385,0.518,0.47847962,98.08,0.4485,0.0,BTC-27DEC19-7500-C,12311.46,0.0,0.311,3.0,0.523,1.0,127.83,18.26953,-5.24339,23.99415,2e-05,0.87457
12687.93,BTC-27SEP19,1562669944434,open,0.54,714.8,0.4965,0.576,0.53646128,105.51,0.556,0.0,BTC-27SEP19-6000-C,12311.46,0.0,0.0,0.0,0.8925,3.0,500.0,4.99552,-3.29924,11.7917,1e-05,0.96114
12939.78,BTC-27DEC19,1562669944434,open,3.0,1.0,2.881,3.204,3.04266792,115.96,3.1845,0.0,BTC-27DEC19-52000-P,12311.46,0.0,0.001,1.0,0.0,0.0,0.0,14.07739,-4.7766,-239.59662,2e-05,-0.91251
12939.78,BTC-27DEC19,1562669944434,open,0.51,54.4,0.466,0.5455,0.50577142,98.24,0.45,0.0,BTC-27DEC19-7000-C,12311.46,0.0,0.2155,0.1,0.55,0.1,130.79,16.16871,-4.64798,23.54057,2e-05,0.89437
12687.93,BTC-27SEP19,1562669944434,open,0.03,359.5,0.0005,0.073,0.03196675,100.81,0.0325,0.0,BTC-27SEP19-8000-P,12311.46,99.73,0.031,3.5,0.035,14.8,104.16,11.33587,-7.1536,-4.009,3e-05,-0.11242
12687.93,BTC-27SEP19,1562669944434,open,0.88,42.8,0.842,0.9215,0.88178985,130.9,0.815,0.0,BTC-27SEP19-1500-C,12311.46,0.0,0.0,0.0,0.0,0.0,0.0,0.01779,-0.01458,3.28015,0.0,0.99993
12687.93,BTC-27SEP19,1562669944434,open,0.11,115.6,0.0695,0.158,0.11382397,99.93,0.095,0.0,BTC-27SEP19-11000-P,12311.46,97.56,0.11,3.5,0.116,11.6,101.28,20.4762,-12.80876,-11.34873,6e-05,-0.2949
12939.78,BTC-27DEC19,1562669944434,open,0.67,6.5,0.624,0.7035,0.66353445,102.22,0.54,0.0,BTC-27DEC19-4500-C,12311.46,0.0,0.0115,0.1,0.977,1.0,500.0,6.26458,-1.87379,18.47709,1e-05,0.96855
12939.78,BTC-27DEC19,1562669944434,open,0.0,103.8,0.0005,0.0455,0.00547974,107.48,0.006,0.0,BTC-27DEC19-3500-P,12311.46,103.69,0.0045,3.5,0.007,10.0,112.67,3.5337,-1.11131,-1.29795,0.0,-0.01595
12939.78,BTC-27DEC19,1562669944434,open,0.04,214.4,0.0005,0.0785,0.03727684,98.91,0.0335,0.0,BTC-27DEC19-6500-P,12311.46,96.33,0.0345,3.5,0.04,10.0,101.38,14.09021,-4.07807,-7.5644,2e-05,-0.08759
12687.93,BTC-27SEP19,1562669944434,open,0.0,433.4,0.0005,0.041,0.00138029,124.27,0.0025,0.0,BTC-27SEP19-3500-P,12311.46,119.05,0.001,30.0,0.0015,4.0,125.71,1.02477,-0.79717,-0.20783,0.0,-0.0061
12939.78,BTC-27DEC19,1562669944434,open,0.02,87.0,0.0005,0.062,0.02159912,99.91,0.02,0.0,BTC-27DEC19-5500-P,12311.46,97.12,0.0195,7.0,0.024,10.0,102.98,9.92608,-2.902,-4.6733,1e-05,-0.05555
12391.0,SYN.BTC-26JUL19,1562669944435,open,0.48,0.0,0.4365,0.516,0.47614435,130.01,0.3665,0.0,BTC-26JUL19-6500-C,12311.46,0.0,0.005,0.1,0.0,0.0,0.0,0.53151,-2.04733,2.95996,1e-05,0.99281
12939.81,BTC-27DEC19,1562669944435,open,0.41,184.4,0.3655,0.445,0.40526011,98.08,0.3945,0.0,BTC-27DEC19-9000-C,12311.46,92.53,0.395,3.7,0.468,0.1,131.3,24.05345,-6.9033,24.49671,3e-05,0.80964
12687.96,BTC-27SEP19,1562669944435,open,0.0,46.9,0.0005,0.041,0.00126757,129.64,0.003,0.0,BTC-27SEP19-3250-P,12311.46,125.65,0.001,5.0,0.0015,2.0,132.67,0.91929,-0.74603,-0.18517,0.0,-0.0054
12358.0,SYN.BTC-19JUL19,1562669944434,open,0.01,22.4,0.0005,0.054,0.01379065,102.56,0.011,0.0,BTC-19JUL19-10500-P,12311.46,97.71,0.012,53.5,0.0165,50.0,109.52,4.67221,-24.26025,-0.53704,0.00011,-0.14682
12687.96,BTC-27SEP19,1562669944436,open,0.3,804.7,0.252,0.3315,0.29165882,99.95,0.2845,0.0,BTC-27SEP19-10000-C,12311.46,95.22,0.285,5.0,0.315,10.0,116.21,17.96802,-11.24145,13.31624,5e-05,0.77125
12939.81,BTC-27DEC19,1562669944436,open,0.14,400.1,0.0955,0.175,0.13540187,101.71,0.1395,0.0,BTC-27DEC19-20000-C,12311.46,100.22,0.1315,5.0,0.1405,15.0,103.65,33.98459,-10.11422,15.45996,4e-05,0.39061
12687.96,BTC-27SEP19,1562669944436,open,0.0,439.3,0.0005,0.0445,0.00447953,110.41,0.004,0.0,BTC-27SEP19-5000-P,12311.46,105.7,0.0035,2.0,0.0055,15.0,114.72,2.83036,-1.95621,-0.66982,1e-05,-0.01964
12687.96,BTC-27SEP19,1562669944436,open,1.2,0.0,1.14,1.318,1.22913022,112.7,None,0.0,BTC-27SEP19-28000-P,12311.46,0.0,0.0,0.0,0.0,0.0,0.0,11.00722,-7.76535,-58.89809,3e-05,-0.8921
12687.96,BTC-27SEP19,1562669944436,open,0.76,0.2,0.7075,0.849,0.77825607,106.99,1.391,0.0,BTC-27SEP19-22000-P,12311.46,0.0,0.0035,10.0,0.0,0.0,0.0,16.50678,-11.05455,-43.88285,4e-05,-0.8022
12687.96,BTC-27SEP19,1562669944436,open,0.67,0.2,0.6275,0.707,0.66743801,115.38,0.26,0.0,BTC-27SEP19-4250-C,12311.46,0.0,0.005,0.1,0.7525,5.0,299.43,1.6961,-1.22505,8.93315,0.0,0.98917
12939.81,BTC-27DEC19,1562669944436,open,0.0,161.6,0.0005,0.0435,0.00376488,111.93,0.005,0.0,BTC-27DEC19-3000-P,12311.46,107.79,0.003,3.3,0.005,10.0,117.66,2.55683,-0.83737,-0.89228,0.0,-0.01096
12939.81,BTC-27DEC19,1562669944436,open,0.63,62.9,0.59,0.6695,0.62956206,101.07,0.598,0.0,BTC-27DEC19-5000-C,12311.46,0.0,0.0045,0.1,0.7015,14.0,181.23,8.03625,-2.37668,19.85694,1e-05,0.95735
12391.0,SYN.BTC-26JUL19,1562669944434,open,0.23,10.0,0.19,0.2885,0.23942041,107.23,0.17,0.0,BTC-26JUL19-15000-P,12311.46,0.0,0.0,0.0,0.0,0.0,0.0,8.24073,-26.18075,-5.73836,0.00011,-0.76222
12391.0,SYN.BTC-26JUL19,1562669944435,open,0.25,98.9,0.2045,0.284,0.24444914,103.8,0.1795,0.0,BTC-26JUL19-9500-C,12311.46,73.73,0.236,0.1,0.0,0.0,0.0,4.55402,-14.00497,3.77591,6e-05,0.90354
12939.81,BTC-27DEC19,1562669944437,open,0.7,27.1,0.659,0.7385,0.69859723,103.8,0.542,0.0,BTC-27DEC19-4000-C,12311.46,0.0,0.014,0.1,0.724,0.2,150.34,4.70326,-1.42858,16.90649,1e-05,0.97768
12687.96,BTC-27SEP19,1562669944436,open,1.35,0.0,1.287,1.4775,1.38225761,113.78,None,0.0,BTC-27SEP19-30000-P,12311.46,0.0,0.0,0.0,0.0,0.0,0.0,9.51149,-6.77442,-63.69105,2e-05,-0.91159
12687.96,BTC-27SEP19,1562669944436,open,0.69,227.5,0.647,0.7265,0.68674122,118.07,0.692,0.0,BTC-27SEP19-4000-C,12311.46,0.0,0.111,2.0,0.7635,5.0,300.03,1.44097,-1.06501,8.4484,0.0,0.99101
12939.81,BTC-27DEC19,1562669944437,open,0.93,0.0,0.8755,1.031,0.95314592,103.64,None,0.0,BTC-27DEC19-24000-P,12311.46,0.0,0.005,1.0,1.7375,0.2,500.0,30.90818,-9.37287,-99.98038,4e-05,-0.69729
12358.0,SYN.BTC-19JUL19,1562669944434,open,0.0,43.2,0.0005,0.045,0.00486697,108.57,0.0165,0.0,BTC-19JUL19-9500-P,12311.46,100.92,0.0035,53.5,0.0065,10.0,116.4,2.39406,-13.15936,-0.214,5e-05,-0.05913
12687.96,BTC-27SEP19,1562669944437,open,0.0,425.8,0.0005,0.04,7.747e-05,130.0,0.0005,0.0,BTC-27SEP19-2000-P,12311.46,0.0,0.0,0.0,0.0025,15.0,193.26,0.08892,-0.07236,-0.0137,0.0,-0.00042
12939.81,BTC-27DEC19,1562669944437,open,0.03,227.7,0.0005,0.064,0.02409105,115.99,0.026,0.0,BTC-27DEC19-52000-C,12311.46,114.03,0.022,10.0,0.026,15.0,117.71,14.08999,-4.78233,3.84674,2e-05,0.08759
12939.81,BTC-27DEC19,1562669944438,open,0.02,132.1,0.0005,0.0565,0.01596381,101.07,0.016,0.0,BTC-27DEC19-5000-P,12311.46,98.66,0.0145,3.5,0.0175,10.0,103.49,8.03564,-2.3764,-3.55028,1e-05,-0.04264
12687.96,BTC-27SEP19,1562669944438,open,0.73,261.1,0.686,0.7655,0.7255367,124.38,0.714,0.0,BTC-27SEP19-3500-C,12311.46,0.0,0.161,1.0,0.7855,10.0,299.39,1.02894,-0.80109,7.45047,0.0,0.99387
12324.99,SYN.BTC-12JUL19,1562669944436,open,0.0,729.8,0.0005,0.041,0.00124694,126.75,0.001,0.0,BTC-12JUL19-10000-P,12311.46,109.78,0.0005,22.1,0.0015,12.0,130.98,0.69855,-15.36854,-0.0282,5e-05,-0.02779
12939.81,BTC-27DEC19,1562669944438,open,1.8,1.3,1.7165,1.9425,1.8295212,109.73,2.889,0.0,BTC-27DEC19-36000-P,12311.46,0.0,0.0005,1.0,0.0,0.0,0.0,21.6919,-6.96483,-161.61086,3e-05,-0.83829
12391.0,SYN.BTC-26JUL19,1562669944436,open,0.04,322.7,0.0005,0.0755,0.03577699,106.08,0.039,0.0,BTC-26JUL19-14500-C,12311.46,102.92,0.0335,15.0,0.0395,42.0,111.14,9.00926,-28.31488,1.41416,0.00012,0.28262
12391.0,SYN.BTC-26JUL19,1562669944436,open,0.01,201.4,0.0005,0.0445,0.00482186,123.84,0.0065,0.0,BTC-26JUL19-20000-C,12311.46,119.8,0.004,10.0,0.0065,55.0,131.0,2.65868,-9.75516,0.24723,3e-05,0.04798
12391.0,SYN.BTC-26JUL19,1562669944436,open,0.0,331.0,0.0005,0.041,0.00124738,125.53,0.001,0.0,BTC-26JUL19-7000-P,12311.46,111.11,0.0005,2.0,0.002,3.9,134.95,0.84443,-3.14062,-0.07706,1e-05,-0.0122
12939.81,BTC-27DEC19,1562669944438,open,0.74,4.0,0.695,0.7745,0.73499852,107.48,0.59,0.0,BTC-27DEC19-3500-C,12311.46,0.0,0.0055,0.1,0.78,1.0,192.47,3.53439,-1.1116,15.08706,0.0,0.98405
12939.81,BTC-27DEC19,1562669944439,open,0.0,128.8,0.0005,0.0405,0.0007092,130.0,0.0015,0.0,BTC-27DEC19-1500-P,12311.46,135.75,0.001,10.0,0.003,10.0,159.45,0.57908,-0.22028,-0.16834,0.0,-0.00207
12687.96,BTC-27SEP19,1562669944439,open,0.62,0.0,0.5695,0.6995,0.63448352,105.2,None,0.0,BTC-27SEP19-20000-P,12311.46,0.0,0.0035,10.0,1.2755,0.2,499.99,18.80765,-12.3847,-38.47878,5e-05,-0.75134
12391.0,SYN.BTC-26JUL19,1562669944436,open,0.52,0.0,0.4765,0.556,0.51606721,130.1,None,0.0,BTC-26JUL19-6000-C,12311.46,0.0,0.0005,0.1,0.0,0.0,0.0,0.25435,-0.98041,2.75441,0.0,0.99686
12391.0,SYN.BTC-26JUL19,1562669944437,open,0.45,0.0,0.4035,0.52,0.46158342,116.29,None,0.0,BTC-26JUL19-18000-P,12311.46,0.0,0.0,0.0,0.0,0.0,0.0,4.16803,-14.36047,-7.88292,5e-05,-0.9144
12687.96,BTC-27SEP19,1562669944439,open,0.02,68.8,0.0005,0.055,0.015137,115.97,0.0155,0.0,BTC-27SEP19-32000-C,12311.46,114.23,0.014,5.0,0.017,0.5,118.68,8.47071,-6.14949,1.68455,2e-05,0.07581
12391.0,SYN.BTC-26JUL19,1562669944436,open,0.0,191.6,0.0005,0.0405,0.00071725,129.98,0.001,0.0,BTC-26JUL19-6500-P,12311.46,124.26,0.0005,23.0,0.0015,10.0,143.96,0.53086,-2.04433,-0.04523,1e-05,-0.00718
12391.0,SYN.BTC-26JUL19,1562669944438,open,0.02,247.0,0.0005,0.066,0.02547752,100.84,0.0215,0.0,BTC-26JUL19-10500-P,12311.46,97.43,0.0235,45.5,0.0275,2.0,104.25,7.26659,-21.71009,-1.24343,0.0001,-0.19156
12324.99,SYN.BTC-12JUL19,1562669944437,open,0.32,0.0,0.2705,0.35,0.31036127,130.35,None,0.0,BTC-12JUL19-8500-C,12311.46,0.0,0.0,0.0,0.0,0.0,0.0,0.02085,-0.47261,0.66914,0.0,0.99946
12324.99,SYN.BTC-12JUL19,1562669944437,open,0.2,34.1,0.15,0.2295,0.18988757,126.76,0.2085,0.0,BTC-12JUL19-10000-C,12311.46,136.31,0.1905,0.6,0.194,0.6,171.81,0.69867,-15.39863,0.75966,5e-05,0.9722
12939.81,BTC-27DEC19,1562669944440,open,1.07,0.0,1.011,1.178,1.09466591,104.7,None,0.0,BTC-27DEC19-26000-P,12311.46,0.0,0.0035,10.0,1.888,0.2,500.0,29.21955,-8.95189,-110.59553,4e-05,-0.731
12391.0,SYN.BTC-26JUL19,1562669944437,open,0.3,5.0,0.258,0.3625,0.31022822,109.81,0.2255,0.0,BTC-26JUL19-16000-P,12311.46,0.0,0.0,0.0,0.0,0.0,0.0,6.67565,-21.71969,-6.54723,9e-05,-0.8326
12324.99,SYN.BTC-12JUL19,1562669944437,open,0.02,156.4,0.0005,0.0645,0.02367164,101.06,0.0245,0.0,BTC-12JUL19-12000-P,12311.46,97.54,0.0225,1.0,0.026,1.0,108.01,4.11539,-72.31231,-0.37828,0.00034,-0.36589
12391.0,SYN.BTC-26JUL19,1562669944438,open,0.22,145.5,0.1705,0.25,0.21016437,102.28,0.22,0.0,BTC-26JUL19-10000-C,12311.46,0.0,0.192,5.0,0.243,5.0,160.39,5.90188,-17.88561,3.72851,8e-05,0.86098
12939.81,BTC-27DEC19,1562669944440,open,0.85,0.0,0.8075,0.887,0.84740681,128.79,None,0.0,BTC-27DEC19-2000-C,12311.46,0.0,0.0135,0.1,0.9855,0.5,500.0,1.33521,-0.50319,8.92625,0.0,0.99476
12324.99,SYN.BTC-12JUL19,1562669944438,open,0.0,657.3,0.0005,0.04,9.625e-05,130.0,0.0005,0.0,BTC-12JUL19-9000-P,12311.46,0.0,0.0,0.0,0.0005,7.9,157.23,0.09095,-1.18633,-0.00271,1e-05,-0.0027
12358.0,SYN.BTC-19JUL19,1562669944434,open,0.28,0.0,0.2345,0.314,0.27433367,111.08,None,0.0,BTC-19JUL19-9000-C,12311.46,0.0,0.0,0.0,0.0,0.0,0.0,1.52912,-8.60004,2.31312,3e-05,0.96612
12324.99,SYN.BTC-12JUL19,1562669944437,open,0.17,0.8,0.1325,0.226,0.17917916,115.81,0.145,0.0,BTC-12JUL19-14500-P,12311.46,0.0,0.001,1.0,0.0,0.0,0.0,1.35488,-27.28299,-1.08379,0.0001,-0.93694
12687.96,BTC-27SEP19,1562669944441,open,0.77,225.7,0.7245,0.804,0.76439199,129.85,0.693,0.0,BTC-27SEP19-3000-C,12311.46,0.0,0.0035,20.0,0.9285,5.0,500.0,0.6568,-0.53387,6.43897,0.0,0.99629
12324.99,SYN.BTC-12JUL19,1562669944434,open,0.0,88.6,0.0005,0.0405,0.00051149,129.15,0.002,0.0,BTC-12JUL19-16000-C,12311.46,0.0,0.0,0.0,0.001,16.9,141.87,0.37197,-6.30414,0.01236,2e-05,0.01324
12358.0,SYN.BTC-19JUL19,1562669944434,open,0.0,150.2,0.0005,0.0415,0.00183961,120.2,0.0025,0.0,BTC-19JUL19-8500-P,12311.46,109.11,0.001,13.5,0.003,10.0,131.22,1.11584,-6.79047,-0.08373,2e-05,-0.0232
12391.0,SYN.BTC-26JUL19,1562669944439,open,0.01,378.3,0.0005,0.0485,0.00892381,116.31,0.01,0.0,BTC-26JUL19-18000-C,12311.46,111.89,0.0075,10.0,0.011,15.0,122.16,4.16977,-14.3692,0.43957,5e-05,0.08565
12324.99,SYN.BTC-12JUL19,1562669944434,open,0.0,54.7,0.0005,0.04,1.6e-07,130.0,0.0005,0.0,BTC-12JUL19-7500-P,12311.46,0.0,0.0,0.0,0.001,1.0,259.96,0.00032,-0.00196,-1e-05,0.0,-1e-05
12358.0,SYN.BTC-19JUL19,1562669944438,open,0.25,0.0,0.215,0.3155,0.26515713,112.15,None,0.0,BTC-19JUL19-15500-P,12311.46,0.0,0.001,1.0,0.0,0.0,0.0,4.25474,-24.1585,-3.8022,9e-05,-0.87198
12358.0,SYN.BTC-19JUL19,1562669944434,open,0.05,34.3,0.0065,0.086,0.04641788,103.1,0.059,0.0,BTC-19JUL19-13000-C,12311.46,99.33,0.044,15.0,0.0515,15.0,111.0,7.92622,-41.37533,1.23355,0.00019,0.41534
12324.99,SYN.BTC-12JUL19,1562669944439,open,0.0,262.4,0.0005,0.04,0.00042086,130.0,0.001,0.0,BTC-12JUL19-9500-P,12311.46,133.06,0.0005,100.6,0.001,7.4,147.39,0.30015,-5.18708,-0.01045,2e-05,-0.01034
12324.99,SYN.BTC-12JUL19,1562669944434,open,0.24,0.0,0.2085,0.3085,0.25860616,127.37,None,0.0,BTC-12JUL19-15500-P,12311.46,0.0,0.001,1.5,0.0,0.0,0.0,0.62576,-13.8578,-1.19849,4e-05,-0.97563
12358.0,SYN.BTC-19JUL19,1562669944434,open,0.21,13.0,0.1595,0.239,0.19911972,105.25,0.215,0.0,BTC-19JUL19-10000-C,12311.46,0.0,0.0,0.0,0.0,0.0,0.0,3.44056,-18.33343,2.35962,8e-05,0.90482
12324.99,SYN.BTC-12JUL19,1562669944441,open,0.21,0.0,0.17,0.267,0.21858243,120.62,None,0.0,BTC-12JUL19-15000-P,12311.46,0.0,0.002,1.0,0.0,0.0,0.0,0.8934,-18.7363,-1.14693,6e-05,-0.96255
12687.93,BTC-27SEP19,1562669944477,open,0.48,1.0,0.437,0.556,0.4965783,103.43,1.5815,0.0,BTC-27SEP19-18000-P,12311.46,0.0,0.0035,0.3,1.1325,0.3,500.0,21.094,-13.65782,-32.79874,6e-05,-0.68468
322.78,ETH-27SEP19,1562669945039,open,0.44,0.0,0.387,0.501,0.443768,99.24,None,0.0,ETH-27SEP19-440-P,311.78,0.0,0.0,0.0,0.0,0.0,0.0,0.54797,-0.34042,-0.78551,0.00242,-0.66828
322.78,ETH-27SEP19,1562669945043,open,0.89,27.0,0.815,0.966,0.890407,104.28,1.044,0.0,ETH-27SEP19-600-P,311.78,0.0,0.0,0.0,0.0,0.0,0.0,0.35553,-0.23208,-1.22779,0.0015,-0.84778
12324.99,SYN.BTC-12JUL19,1562669945075,open,0.0,179.0,0.0005,0.04,1.99e-06,130.0,0.0005,0.0,BTC-12JUL19-8000-P,12311.46,0.0,0.0,0.0,0.001,1.0,229.64,0.00316,-0.02452,-7e-05,0.0,-7e-05
322.78,ETH-27SEP19,1562669945104,open,0.57,191.0,0.532,0.611,0.57156,103.24,0.5,0.0,ETH-27SEP19-140-C,311.78,0.0,0.01,50.0,0.0,0.0,0.0,0.08634,-0.05579,0.28543,0.00037,0.97565
322.78,ETH-27SEP19,1562669945104,open,0.14,1579.0,0.099,0.178,0.138113,97.31,0.136,0.0,ETH-27SEP19-360-C,311.78,94.03,0.132,118.0,0.143,120.0,99.92,0.60235,-0.36689,0.2522,0.00272,0.49515
322.78,ETH-27SEP19,1562669945104,open,0.08,1298.0,0.04,0.126,0.082915,97.32,0.084,0.0,ETH-27SEP19-260-P,311.78,93.24,0.077,124.0,0.085,160.0,98.74,0.47059,-0.28667,-0.22888,0.00212,-0.24111
322.78,ETH-27SEP19,1562669945110,open,0.11,880.0,0.066,0.154,0.109841,97.32,0.106,0.0,ETH-27SEP19-280-P,311.78,93.69,0.104,288.0,0.112,160.0,98.66,0.52068,-0.31719,-0.2857,0.00235,-0.29462
322.78,ETH-27SEP19,1562669945124,open,0.32,1745.0,0.277,0.356,0.316446,97.28,0.329,0.0,ETH-27SEP19-240-C,311.78,83.92,0.3,30.0,0.343,30.0,117.57,0.40946,-0.24933,0.34879,0.00185,0.81022
331.13,ETH-27DEC19,1562669945253,open,0.07,0.0,0.026,0.11,0.068224,99.5,None,0.0,ETH-27DEC19-200-P,311.78,96.04,0.063,140.0,0.074,50.0,103.26,0.50391,-0.14671,-0.32255,0.00099,-0.13985
312.18,SYN.ETH-12JUL19,1562669945331,open,0.23,50.0,0.192,0.271,0.231572,128.89,0.245,0.0,ETH-12JUL19-240-C,311.78,0.0,0.15,10.0,0.0,0.0,0.0,0.0069,-0.15458,0.01867,0.0007,0.99075
331.13,ETH-27DEC19,1562669945656,open,0.11,141.0,0.071,0.159,0.115072,98.94,0.115,0.0,ETH-27DEC19-240-P,311.78,95.32,0.108,125.0,0.121,40.0,101.96,0.64899,-0.18789,-0.50057,0.00128,-0.20784
12687.83,BTC-27SEP19,1562669945701,open,0.9,0.2,0.8495,1.003,0.92618177,108.92,1.6,0.0,BTC-27SEP19-24000-P,12311.46,0.0,0.0,0.0,0.0,0.0,0.0,14.41661,-9.82957,-49.05101,4e-05,-0.84042
12939.55,BTC-27DEC19,1562669945705,open,0.8,0.0,0.7425,0.887,0.81488661,102.6,None,0.0,BTC-27DEC19-22000-P,12311.46,0.0,0.005,2.0,1.5875,0.3,499.99,32.53901,-9.76919,-89.17818,4e-05,-0.65726
12687.83,BTC-27SEP19,1562669945727,open,0.47,748.2,0.4265,0.506,0.4663039,102.48,0.446,0.0,BTC-27SEP19-7000-C,12311.46,0.0,0.445,5.0,0.5055,5.0,151.89,7.91639,-5.07822,12.89161,2e-05,0.9306
12939.55,BTC-27DEC19,1562669945830,open,2.39,0.0,2.296,2.5705,2.43321408,113.1,None,0.0,BTC-27DEC19-44000-P,12311.46,0.0,0.0,0.0,0.0,0.0,0.0,17.30353,-5.7266,-200.93906,2e-05,-0.88388
12939.81,BTC-27DEC19,1562669945865,open,0.67,3.7,0.614,0.748,0.68102037,101.71,0.6745,0.0,BTC-27DEC19-20000-P,12311.46,98.83,0.6735,4.8,0.694,4.8,106.62,33.98431,-10.11382,-78.17075,4e-05,-0.6094
12687.96,BTC-27SEP19,1562669945875,open,0.05,327.8,0.0045,0.084,0.04435879,107.01,0.0465,0.0,BTC-27SEP19-22000-C,12311.46,104.78,0.0415,30.6,0.048,40.0,109.77,16.511,-11.05985,4.26287,4e-05,0.19789
12939.55,BTC-27DEC19,1562669945884,open,0.13,134.9,0.0905,0.1805,0.13556711,98.08,0.126,0.0,BTC-27DEC19-10000-P,12311.46,95.67,0.1305,9.9,0.138,5.0,99.23,27.26422,-7.82439,-22.50228,4e-05,-0.2359
12687.96,BTC-27SEP19,1562669945892,open,0.25,497.4,0.207,0.2865,0.2468734,99.94,0.255,0.0,BTC-27SEP19-11000-C,12311.46,96.92,0.242,10.0,0.2515,19.2,102.81,20.47626,-12.80991,12.72299,6e-05,0.7051
322.78,ETH-27SEP19,1562669945901,open,0.03,1805.0,0.001,0.066,0.026119,105.96,0.023,0.0,ETH-27SEP19-640-C,311.78,102.69,0.023,295.0,0.03,350.0,109.79,0.31703,-0.21028,0.07239,0.00131,0.1286
322.78,ETH-27SEP19,1562669945928,open,0.01,2061.0,0.001,0.055,0.01502,109.5,0.017,0.0,ETH-27SEP19-760-C,311.78,106.43,0.013,170.0,0.017,70.0,112.29,0.22115,-0.15159,0.0448,0.00089,0.07844
313.14,SYN.ETH-19JUL19,1562669946026,open,0.0,501.0,0.001,0.042,0.002069,116.66,0.002,0.0,ETH-19JUL19-220-P,311.78,103.66,0.001,9.0,0.003,5.0,124.9,0.03157,-0.18645,-0.00242,0.00102,-0.02646
331.13,ETH-27DEC19,1562669946033,open,0.07,337.0,0.034,0.113,0.073402,105.5,0.076,0.0,ETH-27DEC19-720-C,311.73,103.4,0.069,144.0,0.084,40.0,110.4,0.69994,-0.21608,0.25403,0.00129,0.23727
331.13,ETH-27DEC19,1562669946033,open,0.8,0.0,0.735,0.878,0.806387,102.33,0.845,0.0,ETH-27DEC19-560-P,311.73,0.0,0.0,0.0,0.0,0.0,0.0,0.83426,-0.24981,-2.26627,0.00159,-0.65554
322.78,ETH-27SEP19,1562669946033,open,0.02,1384.0,0.001,0.061,0.021596,107.27,0.02,0.0,ETH-27SEP19-680-C,311.73,102.95,0.018,526.0,0.025,150.0,111.03,0.28133,-0.18891,0.06146,0.00115,0.1086
331.13,ETH-27DEC19,1562669946033,open,0.1,34.0,0.064,0.143,0.103212,103.62,0.109,0.0,ETH-27DEC19-600-C,311.73,100.62,0.096,137.0,0.114,40.0,108.01,0.80399,-0.24377,0.32711,0.00151,0.31422
322.78,ETH-27SEP19,1562669946033,open,0.02,1400.0,0.001,0.058,0.018519,109.16,0.021,0.0,ETH-27SEP19-720-C,311.73,104.43,0.015,529.0,0.022,350.0,113.39,0.25346,-0.17318,0.0534,0.00102,0.09411
331.13,ETH-27DEC19,1562669946033,open,0.46,0.0,0.425,0.504,0.464226,99.49,None,0.0,ETH-27DEC19-200-C,311.73,0.0,0.001,1000.0,1.4,1.0,500.0,0.5039,-0.1467,0.61377,0.00099,0.86016
331.13,ETH-27DEC19,1562669946033,open,0.28,18.0,0.238,0.317,0.277397,98.83,0.27,0.0,ETH-27DEC19-320-C,311.73,93.95,0.265,161.0,0.289,30.0,103.43,0.83811,-0.24237,0.57953,0.00165,0.65124
322.78,ETH-27SEP19,1562669946033,open,1.13,0.0,1.044,1.213,1.128297,107.27,None,0.0,ETH-27SEP19-680-P,311.73,0.0,0.0,0.0,0.0,0.0,0.0,0.28135,-0.18892,-1.42663,0.00115,-0.89139
331.08,ETH-27DEC19,1562669946033,open,0.08,66.0,0.041,0.12,0.080951,104.5,0.078,0.0,ETH-27DEC19-680-C,311.73,101.31,0.074,142.0,0.093,40.0,109.83,0.73204,-0.22384,0.27462,0.00137,0.25813
322.78,ETH-27SEP19,1562669946033,open,1.01,0.0,0.929,1.089,1.008958,106.03,None,0.0,ETH-27SEP19-640-P,311.73,0.0,0.0,0.0,0.0,0.0,0.0,0.31739,-0.21066,-1.32807,0.00131,-0.87119
322.78,ETH-27SEP19,1562669946033,open,0.81,0.0,0.775,0.854,0.814327,129.84,0.01,0.0,ETH-27SEP19-60-C,311.73,0.0,0.004,5.0,0.0,0.0,0.0,0.00535,-0.00435,0.13041,2e-05,0.99894
331.08,ETH-27DEC19,1562669946033,open,0.91,0.0,0.839,0.991,0.915243,103.54,0.953,0.0,ETH-27DEC19-600-P,311.73,0.0,0.0,0.0,0.0,0.0,0.0,0.80344,-0.24343,-2.48212,0.00151,-0.68617
331.08,ETH-27DEC19,1562669946033,open,1.24,0.0,1.158,1.337,1.247841,105.39,None,0.0,ETH-27DEC19-720-P,311.73,0.0,0.002,1000.0,0.0,0.0,0.0,0.69896,-0.21554,-3.11713,0.00129,-0.76326
312.18,SYN.ETH-12JUL19,1562669946033,open,0.0,490.0,0.001,0.04,0.000737,129.98,0.002,0.0,ETH-12JUL19-400-C,311.73,0.0,0.0,0.0,0.003,430.0,164.15,0.01242,-0.22994,0.00043,0.00124,0.01826
314.1,SYN.ETH-26JUL19,1562669946033,open,0.41,0.0,0.353,0.465,0.409105,106.11,None,0.0,ETH-26JUL19-440-P,311.73,0.0,0.0,0.0,0.0,0.0,0.0,0.10641,-0.33453,-0.19209,0.0022,-0.91358
314.1,SYN.ETH-26JUL19,1562669946033,open,0.78,0.0,0.714,0.856,0.785248,128.36,None,0.0,ETH-26JUL19-560-P,311.73,0.0,0.0,0.0,0.0,0.0,0.0,0.03971,-0.15102,-0.25561,0.00068,-0.97482
322.73,ETH-27SEP19,1562669946034,open,0.0,7664.0,0.001,0.045,0.005317,103.31,0.005,0.0,ETH-27SEP19-140-P,311.73,93.24,0.003,150.0,0.008,350.0,112.21,0.08656,-0.05598,-0.02101,0.00037,-0.02444
331.08,ETH-27DEC19,1562669946034,open,0.39,0.0,0.351,0.43,0.390271,98.97,None,0.0,ETH-27DEC19-240-C,311.73,0.0,0.001,1.0,0.0,0.0,0.0,0.64903,-0.18795,0.6228,0.00128,0.79209
331.08,ETH-27DEC19,1562669946034,open,0.01,21.0,0.001,0.056,0.01585,106.93,0.013,0.0,ETH-27DEC19-120-P,311.73,101.86,0.013,170.0,0.019,10.0,112.08,0.19444,-0.06084,-0.08626,0.00035,-0.03981
322.73,ETH-27SEP19,1562669946034,open,0.66,12.0,0.594,0.726,0.660173,101.52,1.193,0.0,ETH-27SEP19-520-P,311.73,0.0,0.0,0.0,0.0,0.0,0.0,0.44882,-0.28522,-1.01603,0.00194,-0.77845
322.73,ETH-27SEP19,1562669946035,open,0.04,1214.0,0.001,0.079,0.039297,103.12,0.036,0.0,ETH-27SEP19-560-C,311.73,100.42,0.036,146.0,0.043,160.0,106.04,0.40124,-0.259,0.10199,0.00171,0.18371
322.73,ETH-27SEP19,1562669946035,open,0.77,24.0,0.704,0.845,0.774225,102.9,1.356,0.0,ETH-27SEP19-560-P,311.73,0.0,0.0,0.0,0.0,0.0,0.0,0.40019,-0.25778,-1.12385,0.00171,-0.81706
322.73,ETH-27SEP19,1562669946035,open,0.0,8280.0,0.001,0.043,0.003582,112.2,0.003,0.0,ETH-27SEP19-120-P,311.73,102.16,0.002,10.0,0.005,150.0,119.08,0.06005,-0.04218,-0.01375,0.00023,-0.01588
322.73,ETH-27SEP19,1562669946035,open,0.63,47.0,0.592,0.671,0.631812,112.51,0.689,0.0,ETH-27SEP19-120-C,311.73,0.0,0.0,0.0,0.0,0.0,0.0,0.06063,-0.0427,0.24869,0.00024,0.98394
331.08,ETH-27DEC19,1562669946035,open,0.17,3.0,0.128,0.221,0.174502,98.91,0.194,0.0,ETH-27DEC19-280-P,311.73,94.78,0.165,109.0,0.184,40.0,103.05,0.76115,-0.2203,-0.70282,0.0015,-0.27894
314.1,SYN.ETH-26JUL19,1562669946033,open,0.91,0.0,0.836,0.988,0.911549,130.15,None,0.0,ETH-26JUL19-600-P,311.73,0.0,0.0,0.0,0.0,0.0,0.0,0.02543,-0.09805,-0.27544,0.00043,-0.9851
313.14,SYN.ETH-19JUL19,1562669946033,open,0.22,0.0,0.175,0.272,0.22333,97.67,None,0.0,ETH-19JUL19-380-P,311.73,0.0,0.0,0.0,0.0,0.0,0.0,0.10923,-0.54013,-0.09259,0.00422,-0.86954
312.18,SYN.ETH-12JUL19,1562669946033,open,0.0,282.0,0.001,0.04,0.000214,129.99,0.001,0.0,ETH-12JUL19-420-C,311.73,0.0,0.0,0.0,0.002,400.0,175.96,0.00469,-0.06687,0.00014,0.00047,0.00597
322.73,ETH-27SEP19,1562669946035,open,0.51,392.0,0.474,0.553,0.513675,99.95,0.51,0.0,ETH-27SEP19-160-C,311.73,0.0,0.1,10.0,0.0,0.0,0.0,0.13384,-0.08374,0.31421,0.00059,0.95858
322.73,ETH-27SEP19,1562669946035,open,0.69,0.0,0.653,0.732,0.692248,120.65,None,0.0,ETH-27SEP19-100-C,311.73,0.0,0.004,5.0,0.0,0.0,0.0,0.03736,-0.02822,0.21086,0.00014,0.99081
314.1,SYN.ETH-26JUL19,1562669946034,open,0.37,0.0,0.326,0.405,0.365068,107.83,None,0.0,ETH-26JUL19-200-C,311.73,0.0,0.005,2.0,0.0,0.0,0.0,0.0321,-0.10256,0.08937,0.00065,0.98043
314.1,SYN.ETH-26JUL19,1562669946033,open,0.53,0.0,0.472,0.594,0.533166,113.53,None,0.0,ETH-26JUL19-480-P,311.73,0.0,0.0,0.0,0.0,0.0,0.0,0.07312,-0.24593,-0.21494,0.00141,-0.94686
313.14,SYN.ETH-19JUL19,1562669946033,open,0.3,0.0,0.26,0.339,0.299507,116.65,None,0.0,ETH-19JUL19-220-C,311.73,0.0,0.0,0.0,0.0,0.0,0.0,0.03156,-0.18638,0.05711,0.00102,0.97355
312.18,SYN.ETH-12JUL19,1562669946033,open,0.34,0.0,0.292,0.399,0.345654,132.76,None,0.0,ETH-12JUL19-420-P,311.73,0.0,0.0,0.0,0.0,0.0,0.0,0.00538,-0.12415,-0.03293,0.00053,-0.99303
312.18,SYN.ETH-12JUL19,1562669946033,open,0.41,0.0,0.354,0.465,0.409565,137.28,None,0.0,ETH-12JUL19-440-P,311.73,0.0,0.0,0.0,0.0,0.0,0.0,0.00248,-0.0592,-0.0346,0.00024,-0.99707
314.1,SYN.ETH-26JUL19,1562669946034,open,0.01,854.0,0.001,0.047,0.007372,93.59,0.009,0.0,ETH-26JUL19-240-P,311.73,85.11,0.005,360.0,0.009,250.0,98.69,0.09586,-0.26582,-0.012,0.00225,-0.07526
313.14,SYN.ETH-19JUL19,1562669946033,open,0.17,0.0,0.121,0.213,0.16669,95.03,None,0.0,ETH-19JUL19-360-P,311.73,0.0,0.0,0.0,0.0,0.0,0.0,0.14754,-0.70986,-0.08124,0.00585,-0.79217
313.14,SYN.ETH-19JUL19,1562669946033,open,0.0,5.0,0.001,0.041,0.0011,129.82,0.002,0.0,ETH-19JUL19-200-P,311.73,0.0,0.0,0.0,0.003,400.0,153.09,0.01802,-0.11845,-0.00125,0.00052,-0.01368
313.14,SYN.ETH-19JUL19,1562669946033,open,0.36,0.0,0.323,0.402,0.362386,129.42,None,0.0,ETH-19JUL19-200-C,311.73,0.0,0.0,0.0,0.0,0.0,0.0,0.01778,-0.11649,0.05288,0.00052,0.98653
312.18,SYN.ETH-12JUL19,1562669946033,open,0.36,0.0,0.32,0.399,0.359316,0.0,None,0.0,ETH-12JUL19-200-C,311.73,0.0,0.0,0.0,0.0,0.0,0.0,0.0,0.0,0.01576,0.0,1.0
313.14,SYN.ETH-19JUL19,1562669946033,open,0.24,0.0,0.197,0.276,0.236757,99.88,None,0.0,ETH-19JUL19-240-C,311.73,0.0,0.0,0.0,0.0,0.0,0.0,0.04834,-0.24446,0.0609,0.00182,0.95555
314.1,SYN.ETH-26JUL19,1562669946033,open,0.66,0.0,0.593,0.725,0.658876,121.24,None,0.0,ETH-26JUL19-520-P,311.73,0.0,0.0,0.0,0.0,0.0,0.0,0.05301,-0.19041,-0.23573,0.00096,-0.96433
313.14,SYN.ETH-19JUL19,1562669946034,open,0.34,0.0,0.292,0.398,0.345063,105.89,None,0.0,ETH-19JUL19-420-P,311.73,0.0,0.0,0.0,0.0,0.0,0.0,0.05727,-0.30705,-0.1093,0.00204,-0.94503
312.18,SYN.ETH-12JUL19,1562669946034,open,0.22,0.0,0.17,0.267,0.21859,117.61,None,0.0,ETH-12JUL19-380-P,311.73,0.0,0.0,0.0,0.0,0.0,0.0,0.02067,-0.42276,-0.02915,0.00229,-0.96646
314.1,SYN.ETH-26JUL19,1562669946035,open,0.23,504.0,0.184,0.281,0.232504,97.48,0.168,0.0,ETH-26JUL19-380-P,311.73,0.0,0.0,0.0,0.0,0.0,0.0,0.19506,-0.56336,-0.14838,0.00439,-0.78925
314.1,SYN.ETH-26JUL19,1562669946034,open,0.19,476.0,0.149,0.228,0.188848,92.7,0.153,0.0,ETH-26JUL19-260-C,311.73,0.0,0.1,20.0,0.275,25.0,226.89,0.15557,-0.42727,0.09641,0.00368,0.8527
312.18,SYN.ETH-12JUL19,1562669946034,open,0.0,1498.0,0.001,0.041,0.001578,118.27,0.002,0.0,ETH-12JUL19-260-P,311.73,109.0,0.001,5.0,0.002,4.0,123.83,0.02209,-0.45419,-0.00093,0.00243,-0.03635
312.18,SYN.ETH-12JUL19,1562669946033,open,0.3,0.0,0.256,0.335,0.295301,129.73,None,0.0,ETH-12JUL19-220-C,311.73,0.0,0.005,2.0,0.0,0.0,0.0,0.00091,-0.02063,0.01731,9e-05,0.99902
314.1,SYN.ETH-26JUL19,1562669946034,open,0.0,1010.0,0.001,0.041,0.001541,126.65,0.002,0.0,ETH-26JUL19-180-P,311.73,118.89,0.001,1.0,0.002,50.0,131.95,0.025,-0.0938,-0.00234,0.00043,-0.0146
313.14,SYN.ETH-19JUL19,1562669946034,open,0.28,0.0,0.233,0.334,0.283408,101.78,None,0.0,ETH-19JUL19-400-P,311.73,0.0,0.0,0.0,0.0,0.0,0.0,0.07945,-0.40941,-0.10162,0.00294,-0.91599
312.18,SYN.ETH-12JUL19,1562669946035,open,0.17,100.0,0.129,0.208,0.168687,117.87,0.109,0.0,ETH-12JUL19-260-C,311.73,0.0,0.005,1.0,0.0,0.0,0.0,0.02187,-0.44813,0.01956,0.00242,0.96409
314.1,SYN.ETH-26JUL19,1562669946033,open,0.0,1186.0,0.001,0.043,0.003361,121.17,0.013,0.0,ETH-26JUL19-520-C,311.73,111.75,0.002,40.0,0.005,400.0,129.75,0.05289,-0.18988,0.00468,0.00096,0.03557
312.18,SYN.ETH-12JUL19,1562669946034,open,0.0,1801.0,0.001,0.04,0.000394,130.0,0.003,0.0,ETH-12JUL19-240-P,311.73,0.0,0.0,0.0,0.001,10.0,148.65,0.00722,-0.12293,-0.00025,0.00072,-0.00974
314.1,SYN.ETH-26JUL19,1562669946034,open,0.0,1081.0,0.001,0.041,0.00134,129.98,0.003,0.0,ETH-26JUL19-600-C,311.73,125.32,0.001,10.0,0.003,150.0,145.36,0.02526,-0.09727,0.00195,0.00043,0.01478
313.14,SYN.ETH-19JUL19,1562669946033,open,0.18,61.0,0.139,0.218,0.178397,96.89,0.17,0.0,ETH-19JUL19-260-C,311.73,0.0,0.0,0.0,0.0,0.0,0.0,0.09448,-0.46345,0.06061,0.00368,0.89373
312.18,SYN.ETH-12JUL19,1562669946034,open,0.28,0.0,0.231,0.333,0.282065,129.98,None,0.0,ETH-12JUL19-400-P,311.73,0.0,0.0,0.0,0.0,0.0,0.0,0.01242,-0.28063,-0.03108,0.00124,-0.98174
313.14,SYN.ETH-19JUL19,1562669946033,open,0.01,1002.0,0.001,0.049,0.008727,96.98,0.012,0.0,ETH-19JUL19-260-P,311.73,87.26,0.006,400.0,0.011,400.0,104.16,0.09461,-0.46456,-0.00976,0.00368,-0.10647
314.1,SYN.ETH-26JUL19,1562669946034,open,0.18,1047.0,0.133,0.227,0.179848,96.14,0.2,0.0,ETH-26JUL19-360-P,311.73,0.0,0.134,1.0,0.0,0.0,0.0,0.2308,-0.65741,-0.12938,0.00526,-0.71103
312.18,SYN.ETH-12JUL19,1562669946034,open,0.0,0.0,0.001,0.04,1e-06,130.01,None,0.0,ETH-12JUL19-200-P,311.73,0.0,0.0,0.0,0.002,150.0,262.65,5e-05,-0.00038,0.0,1e-05,-5e-05
312.18,SYN.ETH-12JUL19,1562669946034,open,0.15,0.0,0.111,0.202,0.15635,108.38,None,0.0,ETH-12JUL19-360-P,311.73,0.0,0.0,0.0,0.0,0.0,0.0,0.03956,-0.7456,-0.02657,0.00475,-0.92414
314.1,SYN.ETH-26JUL19,1562669946034,open,0.3,20.0,0.264,0.343,0.303675,102.33,0.237,0.0,ETH-26JUL19-220-C,311.73,0.0,0.005,1.0,0.0,0.0,0.0,0.06051,-0.18346,0.09503,0.0013,0.95804
12939.55,BTC-27DEC19,1562669946064,open,0.04,192.6,0.005,0.0885,0.04672718,98.23,0.0435,0.0,BTC-27DEC19-7000-P,12311.46,96.03,0.044,3.5,0.0495,10.0,100.43,16.16759,-4.64711,-9.22878,2e-05,-0.10562
12939.81,BTC-27DEC19,1562669946067,open,0.54,7.8,0.4895,0.613,0.55127965,100.35,0.725,0.0,BTC-27DEC19-18000-P,12311.46,98.02,0.545,4.8,0.564,4.8,105.04,34.98885,-10.2735,-66.99577,4e-05,-0.55466
12939.81,BTC-27DEC19,1562669946138,open,0.67,3.7,0.614,0.748,0.68102054,101.71,0.6745,0.0,BTC-27DEC19-20000-P,12311.46,98.64,0.673,4.8,0.694,4.8,106.62,33.98431,-10.11382,-78.17075,4e-05,-0.6094
12687.96,BTC-27SEP19,1562669946139,open,0.35,24.4,0.313,0.4215,0.36720558,101.65,0.3675,0.0,BTC-27SEP19-16000-P,12311.46,99.34,0.363,3.5,0.3765,19.2,106.79,22.95046,-14.60329,-26.81832,6e-05,-0.59871
12687.96,BTC-27SEP19,1562669946157,open,0.25,497.4,0.207,0.2865,0.2468739,99.94,0.255,0.0,BTC-27SEP19-11000-C,12311.46,96.92,0.242,10.0,0.252,19.2,103.12,20.47626,-12.80991,12.72299,6e-05,0.7051
12358.0,SYN.BTC-19JUL19,1562669946177,open,0.12,10.1,0.083,0.1725,0.12785341,105.75,0.0955,0.0,BTC-19JUL19-13500-P,12311.46,92.44,0.12,27.5,0.13,24.0,109.32,7.42134,-39.73473,-2.64492,0.00017,-0.66317
314.1,SYN.ETH-26JUL19,1562669946206,open,0.14,711.0,0.102,0.181,0.141454,92.7,0.154,0.0,ETH-26JUL19-280-C,311.73,90.56,0.14,50.0,0.149,50.0,103.57,0.21436,-0.58874,0.08846,0.00507,0.75057
313.14,SYN.ETH-19JUL19,1562669946216,open,0.13,130.0,0.086,0.165,0.125029,92.22,0.138,0.0,ETH-19JUL19-280-C,311.73,92.16,0.125,50.0,0.133,50.0,108.46,0.14763,-0.68933,0.05651,0.00603,0.79196
322.73,ETH-27SEP19,1562669946230,open,0.21,2924.0,0.172,0.251,0.211171,97.34,0.196,0.0,ETH-27SEP19-300-C,311.73,94.36,0.206,153.0,0.214,120.0,98.98,0.55861,-0.34038,0.31064,0.00252,0.65102
331.08,ETH-27DEC19,1562669946265,open,0.08,66.0,0.041,0.12,0.080951,104.5,0.078,0.0,ETH-27DEC19-680-C,311.73,101.31,0.074,142.0,0.092,40.0,109.4,0.73204,-0.22384,0.27462,0.00137,0.25813
12939.55,BTC-27DEC19,1562669946434,open,0.04,173.8,0.0005,0.079,0.03906005,111.47,0.04,0.0,BTC-27DEC19-40000-C,12311.11,109.73,0.0365,10.0,0.043,13.0,114.05,19.32268,-6.3027,5.87402,2e-05,0.13603
12687.71,BTC-27SEP19,1562669946434,open,0.58,227.0,0.533,0.6125,0.57294478,107.35,0.535,0.0,BTC-27SEP19-5500-C,12311.11,0.0,0.0,0.0,0.615,1.0,186.04,3.77989,-2.5399,11.08816,1e-05,0.9723
12687.71,BTC-27SEP19,1562669946434,open,0.01,555.5,0.0005,0.0495,0.00933205,105.45,0.009,0.0,BTC-27SEP19-6000-P,12311.11,99.09,0.007,56.5,0.011,15.0,109.52,4.99023,-3.29412,-1.3366,1e-05,-0.03881
12687.71,BTC-27SEP19,1562669946434,open,0.0,1060.8,0.0005,0.042,0.00239143,115.31,0.0015,0.0,BTC-27SEP19-4250-P,12311.11,107.61,0.0015,18.5,0.0035,15.0,122.66,1.69174,-1.2211,-0.36628,0.0,-0.0108
12687.71,BTC-27SEP19,1562669946434,open,0.0,297.6,0.0005,0.0435,0.00351951,111.15,0.0055,0.0,BTC-27SEP19-4750-P,12311.11,105.06,0.0025,15.0,0.0045,15.0,116.06,2.3495,-1.63464,-0.53625,1e-05,-0.01579
12939.55,BTC-27DEC19,1562669946434,open,0.6,60.5,0.557,0.6365,0.59655482,99.92,0.567,0.0,BTC-27DEC19-5500-C,12311.11,0.0,0.0055,0.1,0.9745,5.0,500.0,9.92777,-2.90279,21.07382,1e-05,0.94444
12939.55,BTC-27DEC19,1562669946434,open,0.77,0.0,0.732,0.8115,0.7719221,111.95,None,0.0,BTC-27DEC19-3000-C,12311.11,0.0,0.0055,0.1,0.982,0.5,500.0,2.55865,-0.83813,13.15149,0.0,0.98903
12357.99,SYN.BTC-19JUL19,1562669946434,open,0.17,3.5,0.1245,0.204,0.16413929,102.56,0.192,0.0,BTC-19JUL19-10500-C,12311.11,99.5,0.163,8.0,0.171,8.0,119.54,4.67234,-24.2616,2.30389,0.00011,0.85317
12357.99,SYN.BTC-19JUL19,1562669946434,open,0.01,0.0,0.0005,0.0505,0.01091375,112.16,None,0.0,BTC-19JUL19-15500-C,12311.11,106.38,0.009,43.2,0.0135,40.0,119.34,4.25562,-24.16681,0.3917,9e-05,0.12806
12357.99,SYN.BTC-19JUL19,1562669946434,open,0.11,8.9,0.065,0.1445,0.10484702,101.6,0.128,0.0,BTC-19JUL19-11500-C,12311.11,99.25,0.1035,5.0,0.1115,24.0,113.07,7.10555,-36.55004,1.97802,0.00017,0.69642
12939.55,BTC-27DEC19,1562669946435,open,0.89,0.0,0.845,0.9245,0.88478789,130.05,None,0.0,BTC-27DEC19-1500-C,12311.11,0.0,0.0175,0.1,0.988,0.5,500.0,0.5804,-0.22087,6.85349,0.0,0.99793
12687.71,BTC-27SEP19,1562669946435,open,0.03,69.9,0.0005,0.0675,0.02752562,110.82,0.028,0.0,BTC-27SEP19-26000-C,12311.11,108.21,0.025,20.0,0.0305,15.0,113.75,12.57848,-8.72545,2.85464,3e-05,0.13034
12687.71,BTC-27SEP19,1562669946435,open,0.0,1657.1,0.0005,0.04,1.123e-05,130.0,0.0005,0.0,BTC-27SEP19-1500-P,12311.11,0.0,0.0,0.0,0.0025,15.0,224.27,0.01636,-0.01331,-0.0022,0.0,-7e-05
12357.99,SYN.BTC-19JUL19,1562669946434,open,0.02,25.9,0.0005,0.054,0.01440797,109.9,0.02,0.0,BTC-19JUL19-15000-C,12311.11,105.07,0.0125,42.0,0.017,47.0,116.1,5.01019,-27.87719,0.49751,0.00011,0.1632
12687.71,BTC-27SEP19,1562669946436,open,0.0,379.7,0.0005,0.04,0.00030246,130.0,0.0005,0.0,BTC-27SEP19-2500-P,12311.11,0.0,0.0,0.0,0.001,2.0,149.27,0.28336,-0.23059,-0.04906,0.0,-0.00146
12687.71,BTC-27SEP19,1562669946436,open,0.04,267.7,0.0005,0.0745,0.03462036,108.94,0.0355,0.0,BTC-27SEP19-24000-C,12311.11,106.59,0.032,5.0,0.038,40.4,111.85,14.41904,-9.83251,3.47075,4e-05,0.15962
12390.98,SYN.BTC-26JUL19,1562669946434,open,0.03,342.0,0.0005,0.0785,0.03728051,100.84,0.033,0.0,BTC-26JUL19-11000-P,12311.11,96.06,0.034,50.5,0.04,10.0,104.75,8.56255,-25.58213,-1.67677,0.00012,-0.2554
12390.98,SYN.BTC-26JUL19,1562669946434,open,0.56,0.0,0.5165,0.596,0.55622762,130.11,0.4,0.0,BTC-26JUL19-5500-C,12311.11,0.0,0.0005,0.1,0.0,0.0,0.0,0.10364,-0.39953,2.53564,0.0,0.99883
12939.55,BTC-27DEC19,1562669946436,open,1.5,0.3,1.4305,1.6325,1.53162249,107.73,2.435,0.0,BTC-27DEC19-32000-P,12311.11,0.0,0.0,0.0,0.0,0.0,0.0,24.40638,-7.69383,-141.5479,3e-05,-0.80504
12357.99,SYN.BTC-19JUL19,1562669946434,open,0.02,76.1,0.0005,0.0635,0.02261464,101.6,0.0165,0.0,BTC-19JUL19-11000-P,12311.11,97.18,0.0205,13.5,0.0255,42.0,107.48,5.98195,-30.77032,-0.8034,0.00014,-0.21766
12357.99,SYN.BTC-19JUL19,1562669946434,open,0.07,9.0,0.0215,0.101,0.06134315,101.53,0.0635,0.0,BTC-19JUL19-12500-C,12311.11,97.96,0.059,29.0,0.067,5.0,110.16,8.1086,-41.68254,1.48685,0.00019,0.50602
12390.98,SYN.BTC-26JUL19,1562669946434,open,0.68,0.0,0.631,0.766,0.69855623,128.06,None,0.0,BTC-26JUL19-21000-P,12311.11,0.0,0.0,0.0,0.0,0.0,0.0,2.1873,-8.29923,-9.51501,2e-05,-0.96231
12390.98,SYN.BTC-26JUL19,1562669946434,open,0.44,4.8,0.3965,0.476,0.43632136,125.55,0.455,0.0,BTC-26JUL19-7000-C,12311.11,0.0,0.005,0.1,0.0,0.0,0.0,0.84494,-3.14296,3.15932,1e-05,0.98779
12357.99,SYN.BTC-19JUL19,1562669946434,open,0.05,42.2,0.0105,0.094,0.05215448,101.6,0.0545,0.0,BTC-19JUL19-12000-P,12311.11,101.35,0.052,13.6,0.0555,45.5,106.87,7.8411,-40.3335,-1.50396,0.00019,-0.39764
12390.98,SYN.BTC-26JUL19,1562669946436,open,0.29,50.3,0.241,0.3205,0.28085656,106.53,0.2035,0.0,BTC-26JUL19-9000-C,12311.11,0.0,0.032,0.1,0.366,1.0,276.56,3.39745,-10.7239,3.74482,4e-05,0.93452
