underlying_price,underlying_index,timestamp,state,settlement_price,open_interest,min_price,max_price,mark_price,mark_iv,last_price,interest_rate,instrument_name,index_price,bid_iv,best_bid_price,best_bid_amount,best_ask_price,best_ask_amount,ask_iv,vega,theta,rho,gamma,delta
11881.48,SYN.BTC-30AUG19,1565089140107,open,0.03,246.8,0.0055,0.047,0.02332947,108.73,0.0295,0.0,BTC-30AUG19-16000-C,11764.39,105.92,0.0215,10.0,0.026,29.3,112.68,7.85826,-17.89291,1.18562,8e-05,0.17588
11881.48,SYN.BTC-30AUG19,1565089140109,open,0.03,628.9,0.014,0.0635,0.03746875,103.49,0.027,0.0,BTC-30AUG19-10000-P,11764.39,98.15,0.0335,30.3,0.0385,19.3,104.87,8.91775,-19.32722,-1.97473,9e-05,-0.21662
11881.48,SYN.BTC-30AUG19,1565089140132,open,0.16,196.4,0.104,0.176,0.14272385,103.51,0.148,0.0,BTC-30AUG19-11000-C,11764.39,101.65,0.141,23.5,0.1505,14.4,111.81,11.08298,-24.02352,4.05172,0.00012,0.66405
11881.48,SYN.BTC-30AUG19,1565089140143,open,0.16,196.4,0.104,0.176,0.14272385,103.51,0.148,0.0,BTC-30AUG19-11000-C,11764.39,101.65,0.141,23.5,0.15,9.1,111.28,11.08298,-24.02352,4.05172,0.00012,0.66405
12019.01,BTC-27SEP19,1565089140141,open,0.13,85.4,0.1015,0.193,0.14943012,100.55,0.13,0.0,BTC-27SEP19-12000-P,11764.39,96.54,0.1435,14.4,0.1545,14.4,104.0,17.74049,-17.19366,-9.78154,9e-05,-0.4232
11812.77,SYN.BTC-16AUG19,1565089140148,open,0.06,32.2,0.041,0.1115,0.07752456,104.91,0.073,0.0,BTC-16AUG19-12000-P,11764.39,94.22,0.0705,18.0,0.08,28.0,108.7,7.75165,-41.17196,-1.852,0.0002,-0.50193
11812.77,SYN.BTC-16AUG19,1565089140154,open,0.08,1.1,0.0655,0.1405,0.10447885,106.26,0.073,0.0,BTC-16AUG19-12500-P,11764.39,92.91,0.096,18.0,0.1065,18.0,109.45,7.53864,-40.55808,-2.23025,0.00019,-0.59333
11812.77,SYN.BTC-16AUG19,1565089140155,open,0.06,32.2,0.041,0.1115,0.07752456,104.91,0.073,0.0,BTC-16AUG19-12000-P,11764.39,94.98,0.071,10.0,0.08,28.0,108.7,7.75165,-41.17196,-1.852,0.0002,-0.50193
11778.41,SYN.BTC-9AUG19,1565089140160,open,0.03,84.6,0.017,0.0795,0.04907495,108.97,0.046,0.0,BTC-9AUG19-12000-P,11764.39,97.36,0.045,10.4,0.052,10.0,117.35,4.12761,-78.20642,-0.56276,0.00035,-0.55738
11881.48,SYN.BTC-30AUG19,1565089140177,open,0.04,203.8,0.0105,0.061,0.03380639,107.36,0.04,0.0,BTC-30AUG19-15000-C,11764.39,105.06,0.032,10.0,0.0375,29.3,111.95,9.412,-21.16128,1.58995,9e-05,0.23838
12019.01,BTC-27SEP19,1565089140190,open,0.07,304.1,0.026,0.095,0.0598984,103.33,0.0695,0.0,BTC-27SEP19-16000-C,11764.39,104.94,0.062,50.0,0.0645,32.3,106.84,15.62662,-15.56257,4.01099,7e-05,0.2947
11881.48,SYN.BTC-30AUG19,1565089140193,open,0.09,54.7,0.07,0.1485,0.11087977,103.49,0.092,0.0,BTC-30AUG19-12000-P,11764.39,96.24,0.1035,24.4,0.1125,10.0,105.09,12.06867,-26.15513,-4.45408,0.00013,-0.46222
12257.17,BTC-27DEC19,1565089140217,open,0.25,139.0,0.215,0.341,0.28153407,98.82,0.275,0.0,BTC-27DEC19-13000-P,11764.39,96.35,0.2755,4.9,0.2895,4.9,102.09,29.90132,-10.34093,-33.43325,5e-05,-0.41528
11778.41,SYN.BTC-9AUG19,1565089140219,open,0.02,150.1,0.004,0.0545,0.02746927,108.98,0.03,0.0,BTC-9AUG19-11500-P,11764.39,100.23,0.0245,10.4,0.03,10.0,116.46,3.99246,-75.65306,-0.38159,0.00034,-0.38375
11812.77,SYN.BTC-16AUG19,1565089140425,open,0.01,8.0,0.0005,0.0265,0.00924974,111.24,0.0135,0.0,BTC-16AUG19-15000-C,11764.39,107.12,0.008,30.0,0.0125,30.0,120.9,3.70998,-20.89419,0.3296,9e-05,0.11237
12257.23,BTC-27DEC19,1565089140427,open,0.07,272.0,0.028,0.1135,0.06862077,103.87,0.068,0.0,BTC-27DEC19-24000-C,11764.27,102.51,0.066,4.9,0.0745,10.0,106.85,23.79323,-8.64847,8.18128,4e-05,0.23914
12019.19,BTC-27SEP19,1565089140427,open,0.88,42.8,0.8655,0.885,0.87519855,0.0,0.815,0.0,BTC-27SEP19-1500-C,11764.27,0.0,0.0,0.0,0.0,0.0,0.0,0.0,0.0,2.13188,0.0,1.0
12019.19,BTC-27SEP19,1565089140427,open,0.03,227.1,0.017,0.0685,0.04163259,100.56,0.034,0.0,BTC-27SEP19-9000-P,11764.27,96.18,0.0375,14.2,0.0425,19.3,101.47,11.48341,-11.13037,-3.62194,6e-05,-0.1704
12019.19,BTC-27SEP19,1565089140428,open,0.64,289.7,0.6175,0.637,0.62709445,120.69,0.588,0.0,BTC-27SEP19-4500-C,11764.27,0.0,0.002,1.1,0.692,5.0,299.19,1.04762,-1.21867,6.22487,0.0,0.9915
12019.19,BTC-27SEP19,1565089140427,open,0.29,29.6,0.2695,0.374,0.32324307,102.48,0.366,0.0,BTC-27SEP19-15000-P,11764.27,0.0,0.004,10.0,0.8625,0.3,499.64,16.81568,-16.60883,-16.59346,8e-05,-0.64814
12019.19,BTC-27SEP19,1565089140427,open,0.6,789.2,0.576,0.5965,0.58601135,113.51,0.5015,0.0,BTC-27SEP19-5000-C,11764.27,0.0,0.051,1.0,0.6675,5.0,300.1,1.39475,-1.52589,6.87031,1e-05,0.9882
12257.11,BTC-27DEC19,1565089140428,open,1.55,0.3,1.571,1.727,1.64534361,106.43,1.875,0.0,BTC-27DEC19-32000-P,11764.27,0.0,0.005,1.0,0.0,0.0,0.0,16.55553,-6.16617,-120.49797,3e-05,-0.86612
12257.11,BTC-27DEC19,1565089140428,open,0.0,98.9,0.0005,0.0115,0.00150278,131.51,0.001,0.0,BTC-27DEC19-2000-P,11764.27,114.51,0.0005,2.2,0.0035,10.0,149.71,1.00228,-0.46129,-0.2863,0.0,-0.00446
12257.11,BTC-27DEC19,1565089140428,open,0.68,5.7,0.6575,0.806,0.73290511,102.2,0.661,0.0,BTC-27DEC19-20000-P,11764.27,0.0,0.02,1.0,1.466,1.0,482.94,27.69649,-9.90546,-67.41706,5e-05,-0.67222
12019.19,BTC-27SEP19,1565089140428,open,0.7,0.0,0.679,0.6985,0.68888986,132.2,None,0.0,BTC-27SEP19-3750-C,11764.27,0.0,0.004,10.0,0.733,10.0,300.25,0.63776,-0.81261,5.23161,0.0,0.99515
12019.19,BTC-27SEP19,1565089140428,open,0.0,421.5,0.0005,0.0105,0.0006075,133.28,0.0005,0.0,BTC-27SEP19-3500-P,11764.27,0.0,0.0,0.0,0.0005,0.9,130.31,0.4639,-0.59595,-0.06844,0.0,-0.0034
11881.62,SYN.BTC-30AUG19,1565089140427,open,0.47,0.0,0.4875,0.568,0.52559921,110.06,None,0.0,BTC-30AUG19-18000-P,11764.27,0.0,0.0,0.0,0.0,0.0,0.0,4.97345,-11.46298,-11.15024,5e-05,-0.90905
12257.11,BTC-27DEC19,1565089140429,open,0.84,0.0,0.8285,0.848,0.83833293,131.52,None,0.0,BTC-27DEC19-2000-C,11764.27,0.0,0.0135,0.4,0.978,0.5,500.0,1.00261,-0.46147,7.54239,0.0,0.99553
12257.11,BTC-27DEC19,1565089140429,open,0.02,343.2,0.004,0.045,0.01934208,108.49,0.0225,0.0,BTC-27DEC19-40000-C,11764.27,106.46,0.0175,6.0,0.023,10.0,112.22,11.43168,-4.34021,2.92411,2e-05,0.08029
11778.51,SYN.BTC-9AUG19,1565089140427,open,0.0,162.9,0.0005,0.0225,0.00633745,115.33,0.0045,0.0,BTC-9AUG19-10500-P,11764.27,107.45,0.005,0.5,0.008,11.0,124.26,2.09469,-42.00274,-0.11749,0.00017,-0.12027
12019.19,BTC-27SEP19,1565089140430,open,0.01,142.4,0.0005,0.02,0.00688964,108.8,0.0095,0.0,BTC-27SEP19-26000-C,11764.27,104.78,0.0055,24.0,0.009,15.0,114.07,4.43726,-4.65319,0.68284,2e-05,0.04686
12257.11,BTC-27DEC19,1565089140430,open,0.05,97.4,0.016,0.087,0.04802014,105.22,0.054,0.0,BTC-27DEC19-28000-C,11764.27,105.21,0.048,3.0,0.053,14.9,108.22,19.93267,-7.33989,6.20319,3e-05,0.17731
12257.11,BTC-27DEC19,1565089140429,open,0.73,4.0,0.7075,0.727,0.71738915,101.31,0.64,0.0,BTC-27DEC19-3500-C,11764.27,0.0,0.0075,0.2,0.78,1.0,224.06,2.20124,-0.78044,13.03705,0.0,0.98911
12257.11,BTC-27DEC19,1565089140429,open,0.23,239.9,0.16,0.2725,0.22092769,98.82,0.2185,0.0,BTC-27DEC19-13000-C,11764.27,97.01,0.2165,3.6,0.2295,10.0,102.34,29.90132,-10.34054,17.45399,5e-05,0.58471
12019.19,BTC-27SEP19,1565089140429,open,0.31,372.7,0.259,0.324,0.29282286,100.55,0.315,0.0,BTC-27SEP19-9000-C,11764.27,0.0,0.0,0.0,0.35,8.0,155.15,11.48294,-11.12908,9.16964,6e-05,0.82961
12257.11,BTC-27DEC19,1565089140429,open,0.82,3.9,0.8025,0.9525,0.8776732,102.99,0.752,0.0,BTC-27DEC19-22000-P,11764.27,0.0,0.0055,2.0,1.6385,0.3,499.57,25.77346,-9.28946,-76.69922,4e-05,-0.72092
12019.19,BTC-27SEP19,1565089140430,open,0.11,219.2,0.0525,0.1335,0.09480869,101.69,0.1095,0.0,BTC-27SEP19-14000-C,11764.27,99.44,0.0915,11.9,0.1005,26.3,105.55,17.69643,-17.34539,5.52609,8e-05,0.41831
12019.19,BTC-27SEP19,1565089140430,open,0.0,612.2,0.0005,0.0135,0.00391503,102.75,0.0045,0.0,BTC-27SEP19-6000-P,11764.27,95.07,0.0025,15.0,0.005,24.0,107.59,2.50971,-2.48551,-0.46747,1e-05,-0.02345
12019.19,BTC-27SEP19,1565089140430,open,0.13,262.2,0.0745,0.1595,0.11965693,101.02,0.133,0.0,BTC-27SEP19-13000-C,11764.27,97.92,0.115,14.4,0.1255,14.4,104.9,18.07458,-17.5983,6.39104,9e-05,0.49379
12257.11,BTC-27DEC19,1565089140430,open,0.55,122.9,0.512,0.56,0.53602934,98.58,0.46,0.0,BTC-27DEC19-6000-C,11764.27,68.9,0.5165,4.0,0.9585,3.0,500.0,10.43725,-3.60081,18.8426,2e-05,0.92875
11778.51,SYN.BTC-9AUG19,1565089140427,open,0.08,11.0,0.083,0.1435,0.11231912,111.1,0.0775,0.0,BTC-9AUG19-13000-P,11764.27,0.0,0.0,0.0,0.0,0.0,0.0,2.65277,-51.24165,-0.87379,0.00022,-0.82928
11881.62,SYN.BTC-30AUG19,1565089140427,open,0.05,96.5,0.035,0.1015,0.06853414,103.5,0.0525,0.0,BTC-30AUG19-11000-P,11764.27,97.02,0.0625,29.3,0.07,10.0,105.07,11.08287,-24.02217,-3.14352,0.00012,-0.33593
11881.62,SYN.BTC-30AUG19,1565089140430,open,0.36,21.0,0.3145,0.3535,0.3335913,105.28,0.2375,0.0,BTC-30AUG19-8000-C,11764.27,0.0,0.01,1.0,0.0,0.0,0.0,3.35077,-7.38729,4.75668,3e-05,0.94561
11778.51,SYN.BTC-9AUG19,1565089140427,open,0.39,0.0,0.3505,0.376,0.36324383,0.0,None,0.0,BTC-9AUG19-7500-C,11764.27,0.0,0.0,0.0,0.0,0.0,0.0,0.0,0.0,0.5909,0.0,1.0
12257.11,BTC-27DEC19,1565089140431,open,0.21,101.6,0.167,0.285,0.22931754,98.58,0.208,0.0,BTC-27DEC19-12000-P,11764.27,95.9,0.223,4.9,0.236,4.9,101.42,28.8483,-9.95221,-28.55769,5e-05,-0.36589
12257.11,BTC-27DEC19,1565089140431,open,0.8,0.0,0.7875,0.807,0.79726544,112.26,None,0.0,BTC-27DEC19-2500-C,11764.27,0.0,0.0135,0.1,0.975,0.5,500.0,1.00248,-0.39384,9.51281,0.0,0.99553
11812.88,SYN.BTC-16AUG19,1565089140427,open,0.24,0.5,0.2465,0.3155,0.27906191,111.27,0.305,0.0,BTC-16AUG19-15000-P,11764.27,0.0,0.0,0.0,0.0,0.0,0.0,3.71186,-20.91015,-3.72869,9e-05,-0.88755
12257.11,BTC-27DEC19,1565089140431,open,0.42,14.1,0.387,0.528,0.46058728,100.21,0.4715,0.0,BTC-27DEC19-16000-P,11764.27,97.15,0.453,3.6,0.47,3.6,104.0,30.40383,-10.6622,-48.21921,5e-05,-0.54441
12019.19,BTC-27SEP19,1565089140431,open,0.0,671.4,0.0005,0.0135,0.00356864,112.21,0.004,0.0,BTC-27SEP19-30000-C,11764.27,100.2,0.0015,39.0,0.005,16.0,117.9,2.69597,-2.91567,0.3753,1e-05,0.02554
12019.19,BTC-27SEP19,1565089140431,open,1.57,0.0,1.6105,1.7235,1.66486005,112.66,None,0.0,BTC-27SEP19-32000-P,11764.27,0.0,0.0,0.0,0.0,0.0,0.0,2.02159,-2.19519,-45.21162,1e-05,-0.98183
12019.19,BTC-27SEP19,1565089140431,open,0.01,428.1,0.0005,0.0145,0.00442275,108.8,0.006,0.0,BTC-27SEP19-28000-C,11764.27,102.82,0.003,39.0,0.006,43.6,114.12,3.22488,-3.38182,0.46552,1e-05,0.03167
11881.62,SYN.BTC-30AUG19,1565089140428,open,0.26,0.0,0.253,0.3395,0.29627497,107.37,None,0.0,BTC-30AUG19-15000-P,11764.27,0.0,0.01,1.0,0.0,0.0,0.0,9.41307,-21.16585,-8.2217,9e-05,-0.76157
12019.19,BTC-27SEP19,1565089140432,open,0.56,221.9,0.5335,0.5575,0.54475717,104.75,0.51,0.0,BTC-27SEP19-5500-C,11764.27,71.74,0.5425,3.0,0.8315,5.0,500.0,1.69012,-1.70638,7.52484,1e-05,0.98526
12019.19,BTC-27SEP19,1565089140432,open,0.01,277.2,0.0005,0.027,0.01037969,107.96,0.0125,0.0,BTC-27SEP19-24000-C,11764.27,103.92,0.0085,24.0,0.0125,15.0,112.06,5.90788,-6.14774,0.97378,3e-05,0.06738
12019.19,BTC-27SEP19,1565089140432,open,0.26,672.4,0.197,0.2725,0.23735224,100.55,0.247,0.0,BTC-27SEP19-10000-C,11764.27,93.53,0.229,5.0,0.2425,0.1,104.83,14.39681,-13.95286,8.75843,7e-05,0.75007
11812.88,SYN.BTC-16AUG19,1565089140427,open,0.43,0.0,0.3955,0.4215,0.40788165,132.58,None,0.0,BTC-16AUG19-7000-C,11764.27,0.0,0.0,0.0,0.0,0.0,0.0,0.33341,-2.23802,1.87314,1e-05,0.99394
12257.11,BTC-27DEC19,1565089140434,open,0.0,154.5,0.0005,0.0125,0.0029363,101.3,0.003,0.0,BTC-27DEC19-3500-P,11764.27,86.72,0.001,10.0,0.0045,10.0,108.91,2.20059,-0.78015,-0.66312,0.0,-0.01088
12019.19,BTC-27SEP19,1565089140434,open,0.06,308.0,0.0355,0.103,0.06936753,100.56,0.066,0.0,BTC-27SEP19-10000-P,11764.27,96.06,0.064,13.0,0.068,30.0,99.42,14.39711,-13.95459,-5.45447,7e-05,-0.24994
12257.11,BTC-27DEC19,1565089140434,open,1.85,1.3,1.8865,2.0475,1.96268557,107.53,2.2,0.0,BTC-27DEC19-36000-P,11764.27,0.0,0.005,1.0,0.0,0.0,0.0,13.74362,-5.17184,-137.2094,2e-05,-0.89708
12019.19,BTC-27SEP19,1565089140433,open,0.04,401.4,0.0125,0.068,0.03781283,104.5,0.0445,0.0,BTC-27SEP19-18000-C,11764.27,102.31,0.0355,19.3,0.0415,33.2,107.9,12.82934,-12.9224,2.83545,6e-05,0.2038
11812.88,SYN.BTC-16AUG19,1565089140427,open,0.31,0.0,0.266,0.3,0.28222216,106.97,None,0.0,BTC-16AUG19-8500-C,11764.27,0.0,0.0,0.0,0.0,0.0,0.0,1.13908,-6.16931,2.21395,3e-05,0.97491
11881.62,SYN.BTC-30AUG19,1565089140431,open,0.33,0.0,0.3285,0.413,0.36996262,108.74,0.403,0.0,BTC-30AUG19-16000-P,11764.27,0.0,0.01,1.0,0.0,0.0,0.0,7.86002,-17.89968,-9.28007,8e-05,-0.82406
234.38,ETH-27SEP19,1565089140439,open,0.86,0.0,0.827,0.959,0.890548,105.98,None,0.0,ETH-27SEP19-440-P,230.03,0.0,0.0,0.0,0.0,0.0,0.0,0.13667,-0.13961,-0.60168,0.00165,-0.91568
234.38,ETH-27SEP19,1565089140439,open,0.29,770.0,0.237,0.312,0.278284,99.56,0.28,0.0,ETH-27SEP19-180-C,230.03,0.0,0.232,40.0,0.609,10.0,401.52,0.23701,-0.22744,0.1783,0.00305,0.81354
234.38,ETH-27SEP19,1565089140439,open,0.4,497.0,0.355,0.478,0.418779,102.77,0.51,0.0,ETH-27SEP19-320-P,230.03,0.0,0.0,0.0,1.39,1.0,500.0,0.29267,-0.28992,-0.38236,0.00365,-0.72905
238.32,ETH-27DEC19,1565089140439,open,2.16,0.0,2.102,2.327,2.210121,108.84,None,0.0,ETH-27DEC19-760-P,230.03,0.0,0.001,100.0,0.0,0.0,0.0,0.23508,-0.08954,-2.91396,0.00097,-0.9135
238.32,ETH-27DEC19,1565089140439,open,0.04,1581.0,0.012,0.074,0.040526,107.92,0.028,0.0,ETH-27DEC19-600-C,230.03,105.47,0.037,50.0,0.044,296.0,110.24,0.35,-0.13218,0.10355,0.00146,0.15152
230.88,SYN.ETH-16AUG19,1565089140439,open,0.13,2.0,0.079,0.15,0.117464,99.18,0.13,0.0,ETH-16AUG19-210-C,230.03,0.0,0.0,0.0,0.0,0.0,0.0,0.12164,-0.61083,0.03928,0.0085,0.74624
234.38,ETH-27SEP19,1565089140439,open,2.2,0.0,2.148,2.344,2.242521,0.0,None,0.0,ETH-27SEP19-760-P,230.03,0.0,0.0,0.0,0.0,0.0,0.0,0.0,0.0,-1.08015,0.0,-1.0
238.32,ETH-27DEC19,1565089140440,open,1.68,0.0,1.619,1.825,1.719477,108.04,None,0.0,ETH-27DEC19-640-P,230.03,0.0,0.0,0.0,0.0,0.0,0.0,0.31649,-0.11967,-2.41508,0.00132,-0.86936
238.32,ETH-27DEC19,1565089140440,open,1.21,37.0,1.144,1.333,1.238599,106.61,0.707,0.0,ETH-27DEC19-520-P,230.03,0.0,0.002,25.0,0.0,0.0,0.0,0.41934,-0.15645,-1.90035,0.00177,-0.79848
234.38,ETH-27SEP19,1565089140439,open,1.36,24.0,1.321,1.471,1.392857,107.93,1.356,0.0,ETH-27SEP19-560-P,230.03,0.0,0.0,0.0,0.0,0.0,0.0,0.05399,-0.05617,-0.78831,0.00064,-0.97363
234.38,ETH-27SEP19,1565089140440,open,0.75,0.0,0.735,0.754,0.744146,125.93,0.01,0.0,ETH-27SEP19-60-C,230.03,0.0,0.003,10.0,0.0,0.0,0.0,0.00282,-0.00342,0.08491,3e-05,0.99906
238.32,ETH-27DEC19,1565089140440,open,0.53,0.0,0.496,0.553,0.526278,100.11,None,0.0,ETH-27DEC19-120-C,230.03,0.0,0.002,50.0,0.99,5.0,500.0,0.22056,-0.07727,0.36779,0.00099,0.92053
234.38,ETH-27SEP19,1565089140440,open,0.35,392.0,0.309,0.371,0.342079,99.57,0.51,0.0,ETH-27SEP19-160-C,230.03,0.0,0.001,1.0,0.0,0.0,0.0,0.17061,-0.16373,0.18114,0.00219,0.88585
234.38,ETH-27SEP19,1565089140440,open,0.0,3444.0,0.001,0.011,0.000994,108.55,0.001,0.0,ETH-27SEP19-680-C,230.03,0.0,0.0,0.0,0.002,301.0,117.61,0.01987,-0.02079,0.00241,0.00023,0.00824
238.32,ETH-27DEC19,1565089140440,open,1.36,0.0,1.3,1.496,1.396973,106.94,0.845,0.0,ETH-27DEC19-560-P,230.03,0.0,0.0,0.0,0.0,0.0,0.0,0.38158,-0.1428,-2.07469,0.0016,-0.82699
234.38,ETH-27SEP19,1565089140440,open,1.86,0.0,1.817,1.993,1.901399,89.74,None,0.0,ETH-27SEP19-680-P,230.03,0.0,0.0,0.0,0.0,0.0,0.0,0.00417,-0.0036,-0.96601,6e-05,-0.99856
234.38,ETH-27SEP19,1565089140440,open,2.03,0.0,1.982,2.168,2.071906,0.0,None,0.0,ETH-27SEP19-720-P,230.03,0.0,0.0,0.0,0.0,0.0,0.0,0.0,0.0,-1.0233,0.0,-1.0
234.38,ETH-27SEP19,1565089140440,open,0.0,2060.0,0.001,0.011,0.001039,124.96,0.003,0.0,ETH-27SEP19-80-P,230.03,0.0,0.0,0.0,0.005,300.0,159.51,0.01483,-0.01786,-0.00232,0.00015,-0.00591
234.38,ETH-27SEP19,1565089140440,open,1.69,0.0,1.651,1.818,1.731306,99.53,None,0.0,ETH-27SEP19-640-P,230.03,0.0,0.0,0.0,0.0,0.0,0.0,0.0159,-0.01525,-0.9077,0.0002,-0.99361
230.3,SYN.ETH-9AUG19,1565089140439,open,0.24,0.0,0.223,0.299,0.25949,106.82,None,0.0,ETH-9AUG19-290-P,230.03,0.0,0.0,0.0,0.0,0.0,0.0,0.00476,-0.08842,-0.0227,0.00107,-0.99143
234.35,ETH-27SEP19,1565089140441,open,0.5,47.0,0.473,0.51,0.491968,99.92,0.689,0.0,ETH-27SEP19-120-C,230.03,0.0,0.0,0.0,0.0,0.0,0.0,0.0511,-0.04922,0.16099,0.00066,0.97531
232.05,SYN.ETH-30AUG19,1565089140439,open,0.0,773.0,0.001,0.012,0.002134,102.93,0.003,0.0,ETH-30AUG19-140-P,230.03,91.62,0.001,1.0,0.003,200.0,109.18,0.02889,-0.06227,-0.00338,0.0008,-0.02013
230.88,SYN.ETH-16AUG19,1565089140439,open,0.0,0.0,0.001,0.013,0.003443,104.12,None,0.0,ETH-16AUG19-310-C,230.03,94.43,0.002,250.0,0.005,250.0,112.22,0.03982,-0.2099,0.00297,0.00265,0.05104
234.35,ETH-27SEP19,1565089140441,open,0.33,769.0,0.285,0.406,0.348233,102.23,0.45,0.0,ETH-27SEP19-300-P,230.03,0.0,0.048,1.0,0.97,5.0,500.0,0.3188,-0.31413,-0.34013,0.004,-0.67295
234.35,ETH-27SEP19,1565089140442,open,0.0,739.0,0.001,0.011,0.00013,124.98,0.001,0.0,ETH-27SEP19-60-P,230.03,0.0,0.0,0.0,0.002,550.0,171.64,0.00265,-0.00319,-0.00034,3e-05,-0.00088
230.88,SYN.ETH-16AUG19,1565089140439,open,0.21,0.0,0.181,0.268,0.22431,102.33,None,0.0,ETH-16AUG19-280-P,230.03,0.0,0.0,0.0,0.0,0.0,0.0,0.08624,-0.44679,-0.06747,0.00584,-0.85581
230.3,SYN.ETH-9AUG19,1565089140439,open,0.0,0.0,0.001,0.011,0.0,124.94,None,0.0,ETH-9AUG19-140-P,230.03,0.0,0.0,0.0,0.002,300.0,289.55,0.0,-1e-05,0.0,0.0,0.0
234.35,ETH-27SEP19,1565089140442,open,1.19,12.0,1.155,1.299,1.22361,104.83,1.193,0.0,ETH-27SEP19-520-P,230.03,0.0,0.0,0.0,0.0,0.0,0.0,0.06738,-0.06808,-0.72914,0.00082,-0.96555
230.88,SYN.ETH-16AUG19,1565089140439,open,0.28,0.0,0.242,0.289,0.265627,102.0,None,0.0,ETH-16AUG19-170-C,230.03,0.0,0.0,0.0,0.0,0.0,0.0,0.02452,-0.12664,0.04412,0.00167,0.97183
230.3,SYN.ETH-9AUG19,1565089140439,open,0.0,818.0,0.001,0.012,0.001983,106.83,0.004,0.0,ETH-9AUG19-270-C,230.03,94.28,0.001,1.0,0.004,250.0,124.37,0.02161,-0.40142,0.0009,0.00484,0.05158
232.05,SYN.ETH-30AUG19,1565089140441,open,0.41,0.0,0.379,0.419,0.398991,104.25,None,0.0,ETH-30AUG19-140-C,230.03,0.0,0.0,0.0,0.0,0.0,0.0,0.03025,-0.06604,0.088,0.00082,0.97875
232.05,SYN.ETH-30AUG19,1565089140458,open,0.01,3915.0,0.002,0.027,0.011083,104.58,0.009,0.0,ETH-30AUG19-340-C,230.03,99.62,0.009,500.0,0.013,200.0,108.75,0.10244,-0.22435,0.01316,0.00278,0.09776
12019.07,BTC-27SEP19,1565089140550,open,0.0,757.1,0.0005,0.012,0.00241114,112.42,0.002,0.0,BTC-27SEP19-32000-C,11764.27,94.17,0.0005,24.0,0.004,15.0,120.4,1.99907,-2.16616,0.26507,1e-05,0.01793
12257.11,BTC-27DEC19,1565089140561,open,2.78,0.0,2.8415,3.024,2.92762797,110.0,None,0.0,BTC-27DEC19-48000-P,11764.27,0.0,0.0,0.0,6.0,1.0,500.0,7.97893,-3.07137,-186.01915,1e-05,-0.94945
11778.51,SYN.BTC-9AUG19,1565089140576,open,0.22,52.0,0.177,0.2145,0.19472644,130.38,0.219,0.0,BTC-9AUG19-9500-C,11764.27,0.0,0.007,0.1,0.0,0.0,0.0,0.66603,-15.09909,0.72156,5e-05,0.97228
12019.07,BTC-27SEP19,1565089140587,open,0.68,227.5,0.6585,0.678,0.66802208,124.04,0.7065,0.0,BTC-27SEP19-4000-C,11764.27,0.0,0.111,2.0,0.719,5.0,300.02,0.63723,-0.76182,5.5881,0.0,0.99515
12019.07,BTC-27SEP19,1565089140587,open,0.49,1.0,0.4845,0.588,0.53543037,104.5,1.5815,0.0,BTC-27SEP19-18000-P,11764.27,0.0,0.004,0.3,1.079,0.3,499.87,12.82884,-12.92179,-22.74724,6e-05,-0.79621
12019.07,BTC-27SEP19,1565089140643,open,0.02,560.0,0.007,0.0415,0.02209021,100.56,0.0175,0.0,BTC-27SEP19-8000-P,11764.27,94.29,0.018,39.0,0.023,24.0,101.89,8.13913,-7.88872,-2.14099,4e-05,-0.10324
11881.62,SYN.BTC-30AUG19,1565089140668,open,0.43,0.0,0.3995,0.429,0.41340714,110.46,None,0.0,BTC-30AUG19-7000-C,11764.27,0.0,0.01,1.0,0.0,0.0,0.0,1.5952,-3.69011,4.38804,2e-05,0.978
12019.07,BTC-27SEP19,1565089140694,open,0.45,748.2,0.409,0.447,0.4274787,100.55,0.4265,0.0,BTC-27SEP19-7000-C,11764.27,0.0,0.2,1.0,0.458,0.1,153.26,4.90151,-4.75037,8.87298,2e-05,0.94691
238.29,ETH-27DEC19,1565089140730,open,2.0,0.0,1.941,2.16,2.046937,109.29,None,0.0,ETH-27DEC19-720-P,230.03,0.0,0.003,5.0,0.0,0.0,0.0,0.26377,-0.10088,-2.74775,0.00109,-0.89888
234.35,ETH-27SEP19,1565089140741,open,0.7,79.0,0.665,0.794,0.728092,105.53,0.351,0.0,ETH-27SEP19-400-P,230.03,0.0,0.0,0.0,0.0,0.0,0.0,0.18299,-0.18612,-0.53357,0.00222,-0.87389
232.02,SYN.ETH-30AUG19,1565089140741,open,0.54,0.0,0.508,0.612,0.55859,104.68,None,0.0,ETH-30AUG19-360-P,230.03,0.0,0.0,0.0,0.0,0.0,0.0,0.07605,-0.16672,-0.22654,0.00206,-0.93409
12257.16,BTC-27DEC19,1565089140752,open,0.13,380.7,0.0695,0.177,0.12516081,101.45,0.1345,0.0,BTC-27DEC19-18000-C,11764.27,99.92,0.1215,4.9,0.1325,10.0,104.5,29.35049,-10.42013,12.54631,5e-05,0.38665
234.35,ETH-27SEP19,1565089140752,open,0.63,259.0,0.585,0.712,0.648036,104.78,0.94,0.0,ETH-27SEP19-380-P,230.03,0.0,0.009,8.0,0.0,0.0,0.0,0.20821,-0.21028,-0.49814,0.00255,-0.84757
238.29,ETH-27DEC19,1565089140752,open,1.05,21.0,0.988,1.173,1.081783,105.72,0.629,0.0,ETH-27DEC19-480-P,230.03,0.0,0.001,7.0,0.0,0.0,0.0,0.45632,-0.16883,-1.72419,0.00194,-0.76669
12019.07,BTC-27SEP19,1565089140772,open,0.03,635.6,0.006,0.049,0.02418034,105.69,0.029,0.0,BTC-27SEP19-20000-C,11764.27,103.04,0.022,25.0,0.027,14.6,108.96,10.10116,-10.28976,1.98401,5e-05,0.14033
12257.16,BTC-27DEC19,1565089140772,open,0.69,27.2,0.6685,0.691,0.67884837,100.53,0.65,0.0,BTC-27DEC19-4000-C,11764.27,0.0,0.45,1.0,0.967,1.0,500.0,3.40907,-1.19931,14.54079,1e-05,0.98191
12019.07,BTC-27SEP19,1565089140774,open,0.52,713.5,0.4915,0.5195,0.50470586,102.74,0.362,0.0,BTC-27SEP19-6000-C,11764.27,0.0,0.008,10.0,0.7635,0.3,499.53,2.50878,-2.48428,8.06026,1e-05,0.97656
11881.62,SYN.BTC-30AUG19,1565089140774,open,0.02,270.5,0.003,0.0355,0.01558886,109.04,0.0135,0.0,BTC-30AUG19-17000-C,11764.27,105.97,0.014,34.0,0.0185,34.0,114.33,6.29343,-14.37067,0.8588,6e-05,0.12609
12019.07,BTC-27SEP19,1565089140814,open,0.0,325.9,0.0005,0.0115,0.00155394,115.12,0.0025,0.0,BTC-27SEP19-4750-P,11764.27,99.42,0.0005,10.0,0.0025,15.0,123.72,1.12658,-1.25005,-0.18431,0.0,-0.00924
230.88,SYN.ETH-16AUG19,1565089140821,open,0.04,26.0,0.013,0.073,0.042468,98.69,0.037,0.0,ETH-16AUG19-220-P,230.03,89.87,0.037,200.0,0.045,200.0,103.0,0.14103,-0.70467,-0.02467,0.00991,-0.35248
238.29,ETH-27DEC19,1565089140822,open,1.52,0.0,1.46,1.661,1.558424,107.9,0.953,0.0,ETH-27DEC19-600-P,230.03,0.0,0.0,0.0,0.0,0.0,0.0,0.34978,-0.13207,-2.24518,0.00146,-0.84859
234.35,ETH-27SEP19,1565089140822,open,1.03,0.0,0.991,1.128,1.056546,106.4,None,0.0,ETH-27SEP19-480-P,230.03,0.0,0.0,0.0,0.0,0.0,0.0,0.10006,-0.10261,-0.66623,0.0012,-0.94374
12257.16,BTC-27DEC19,1565089140849,open,0.0,208.8,0.0005,0.011,0.00122772,112.25,0.0015,0.0,BTC-27DEC19-2500-P,11764.27,100.5,0.0005,0.1,0.002,10.0,120.22,1.00195,-0.39359,-0.27302,0.0,-0.00446
234.35,ETH-27SEP19,1565089140861,open,1.53,27.0,1.486,1.645,1.562293,106.31,1.044,0.0,ETH-27SEP19-600-P,230.03,0.0,0.0,0.0,0.0,0.0,0.0,0.03531,-0.03618,-0.8481,0.00043,-0.98403
12019.07,BTC-27SEP19,1565089140877,open,0.78,0.2,0.7985,0.899,0.84612253,106.83,1.391,0.0,BTC-27SEP19-22000-P,11764.27,0.0,0.004,10.0,0.0,0.0,0.0,7.76795,-7.99845,-29.88126,4e-05,-0.90315
11778.51,SYN.BTC-9AUG19,1565089140911,open,0.05,2.7,0.045,0.1095,0.0777819,109.41,0.05,0.0,BTC-9AUG19-12500-P,11764.27,93.04,0.073,0.4,0.081,18.0,119.87,3.55834,-67.69317,-0.73429,0.0003,-0.71349
11778.51,SYN.BTC-9AUG19,1565089140927,open,0.11,292.0,0.0505,0.1075,0.08021507,112.42,0.08,0.0,BTC-9AUG19-11000-C,11764.27,106.0,0.0785,0.1,0.088,6.3,139.94,3.18313,-62.217,0.63908,0.00026,0.76889
11778.51,SYN.BTC-9AUG19,1565089140928,open,0.03,415.5,0.001,0.0395,0.0165271,109.38,0.017,0.0,BTC-9AUG19-12500-C,11764.27,109.3,0.0165,1.0,0.0215,10.0,125.47,3.55799,-67.66898,0.25049,0.0003,0.28645
12019.07,BTC-27SEP19,1565089141032,open,0.0,492.7,0.0005,0.0105,1.073e-05,135.0,0.0005,0.0,BTC-27SEP19-2000-P,11764.27,0.0,0.0,0.0,0.0035,15.0,245.74,0.01437,-0.0187,-0.00153,0.0,-8e-05
234.35,ETH-27SEP19,1565089141098,open,0.29,770.0,0.237,0.312,0.278261,99.6,0.28,0.0,ETH-27SEP19-180-C,230.03,0.0,0.231,40.0,0.609,10.0,401.54,0.23711,-0.22763,0.17823,0.00305,0.81338
12019.07,BTC-27SEP19,1565089141240,open,0.17,720.2,0.105,0.1905,0.15101448,100.56,0.152,0.0,BTC-27SEP19-12000-C,11764.27,99.87,0.15,5.0,0.1565,14.4,104.28,17.74051,-17.19432,7.27352,9e-05,0.57681
12257.16,BTC-27DEC19,1565089141242,open,0.12,418.2,0.089,0.1855,0.13928156,98.58,0.12,0.0,BTC-27DEC19-10000-P,11764.27,95.25,0.1325,4.9,0.1415,10.0,99.67,24.95408,-8.60894,-19.23486,4e-05,-0.26162
12257.16,BTC-27DEC19,1565089141244,open,0.31,192.2,0.268,0.4,0.337844,99.19,0.337,0.0,BTC-27DEC19-14000-P,11764.27,96.64,0.3315,3.6,0.347,3.6,102.88,30.45292,-10.57076,-38.36343,5e-05,-0.46174
11812.88,SYN.BTC-16AUG19,1565089141254,open,0.03,179.8,0.0115,0.0655,0.03756488,104.93,0.023,0.0,BTC-16AUG19-11000-P,11764.27,96.12,0.0325,10.0,0.0395,24.0,108.26,6.84311,-36.35431,-1.10693,0.00017,-0.30876
11812.88,SYN.BTC-16AUG19,1565089141264,open,0.03,179.8,0.0115,0.0655,0.03756488,104.93,0.023,0.0,BTC-16AUG19-11000-P,11764.27,96.12,0.0325,10.0,0.0395,34.0,108.26,6.84311,-36.35431,-1.10693,0.00017,-0.30876
11812.88,SYN.BTC-16AUG19,1565089141270,open,0.13,67.5,0.0715,0.137,0.10637789,104.92,0.114,0.0,BTC-16AUG19-11000-C,11764.27,101.67,0.1045,18.0,0.1145,18.0,118.81,6.84295,-36.34833,1.86939,0.00017,0.69126
12255.63,BTC-27DEC19,1565089141427,open,0.04,237.9,0.02,0.072,0.04478003,98.57,0.035,0.0,BTC-27DEC19-7000-P,11762.74,94.49,0.04,5.0,0.0455,10.0,99.17,14.59482,-5.03423,-7.51584,3e-05,-0.11189
12255.63,BTC-27DEC19,1565089141427,open,0.11,537.5,0.0505,0.151,0.10120655,102.21,0.1115,0.0,BTC-27DEC19-20000-C,11762.74,100.79,0.098,4.9,0.1085,10.0,105.42,27.69284,-9.90565,10.86889,5e-05,0.32777
12017.63,BTC-27SEP19,1565089141429,open,0.0,1065.6,0.0005,0.011,0.00112059,122.28,0.001,0.0,BTC-27SEP19-4250-P,11762.74,110.63,0.0005,5.0,0.0015,1.0,127.29,0.82382,-0.97097,-0.12969,0.0,-0.00647
12017.63,BTC-27SEP19,1565089141429,open,1.25,0.0,1.2845,1.3895,1.33405412,107.75,None,0.0,BTC-27SEP19-28000-P,11762.74,0.0,0.0,0.0,0.0,0.0,0.0,3.09261,-3.21186,-39.35144,1e-05,-0.96988
12255.63,BTC-27DEC19,1565089141431,open,0.01,260.0,0.0025,0.0255,0.01238744,98.57,0.011,0.0,BTC-27DEC19-5000-P,11762.74,92.75,0.0095,6.0,0.014,10.0,101.53,6.47604,-2.23388,-2.46634,1e-05,-0.03902
11881.54,SYN.BTC-30AUG19,1565089141429,open,0.01,662.5,0.001,0.027,0.01063793,110.02,0.01,0.0,BTC-30AUG19-18000-C,11762.74,105.94,0.009,34.0,0.013,34.0,115.39,4.96958,-11.45014,0.62346,5e-05,0.09086
234.3,ETH-27SEP19,1565089141436,open,2.03,0.0,1.983,2.169,2.072821,0.0,None,0.0,ETH-27SEP19-720-P,229.99,0.0,0.0,0.0,0.0,0.0,0.0,0.0,0.0,-1.0233,0.0,-1.0
230.27,SYN.ETH-9AUG19,1565089141435,open,0.2,0.0,0.181,0.255,0.216564,103.32,None,0.0,ETH-9AUG19-280-P,229.99,0.0,0.0,0.0,0.0,0.0,0.0,0.00925,-0.16618,-0.02174,0.00214,-0.98153
230.27,SYN.ETH-9AUG19,1565089141435,open,0.0,12.0,0.001,0.011,0.00059,118.55,0.001,0.0,ETH-9AUG19-290-C,229.99,0.0,0.0,0.0,0.002,250.0,143.72,0.00827,-0.1359,0.00028,0.00167,0.01621
230.85,SYN.ETH-16AUG19,1565089141435,open,0.24,0.0,0.197,0.25,0.224299,99.42,None,0.0,ETH-16AUG19-180-C,229.99,0.0,0.0,0.0,0.0,0.0,0.0,0.04189,-0.21087,0.04505,0.00292,0.94557
230.85,SYN.ETH-16AUG19,1565089141435,open,0.0,0.0,0.001,0.011,0.001057,124.66,None,0.0,ETH-16AUG19-150-P,229.99,0.0,0.0,0.0,0.002,300.0,137.81,0.01332,-0.08405,-0.00092,0.00074,-0.01372
230.27,SYN.ETH-9AUG19,1565089141435,open,0.12,0.0,0.097,0.171,0.13319,102.47,None,0.0,ETH-9AUG19-260-P,229.99,0.0,0.0,0.0,0.0,0.0,0.0,0.0355,-0.63243,-0.01877,0.00829,-0.90142
230.85,SYN.ETH-16AUG19,1565089141435,open,0.01,46.0,0.001,0.018,0.005265,103.84,0.008,0.0,ETH-16AUG19-300-C,229.99,97.94,0.004,5.0,0.007,250.0,110.84,0.05306,-0.27893,0.00428,0.00354,0.07373
230.27,SYN.ETH-9AUG19,1565089141435,open,0.16,0.0,0.139,0.213,0.174354,105.06,None,0.0,ETH-9AUG19-270-P,229.99,0.0,0.0,0.0,0.0,0.0,0.0,0.02055,-0.37541,-0.02043,0.00468,-0.95157
230.85,SYN.ETH-16AUG19,1565089141435,open,0.25,0.0,0.222,0.308,0.263989,102.89,None,0.0,ETH-16AUG19-290-P,229.99,0.0,0.0,0.0,0.0,0.0,0.0,0.06822,-0.35535,-0.0725,0.0046,-0.89674
230.85,SYN.ETH-16AUG19,1565089141435,open,0.32,0.0,0.286,0.331,0.308451,114.56,None,0.0,ETH-16AUG19-160-C,229.99,0.0,0.0,0.0,0.0,0.0,0.0,0.01892,-0.10975,0.0419,0.00115,0.97931
12255.63,BTC-27DEC19,1565089141456,open,0.82,3.9,0.8025,0.9525,0.87766983,102.9,0.752,0.0,BTC-27DEC19-22000-P,11762.74,0.0,0.0055,2.0,1.6395,0.3,500.0,25.75065,-9.27281,-76.71082,4e-05,-0.72136
230.27,SYN.ETH-9AUG19,1565089141465,open,0.01,741.0,0.001,0.029,0.00939,102.25,0.017,0.0,ETH-9AUG19-250-C,229.99,92.02,0.007,244.0,0.011,268.0,108.67,0.05631,-1.00106,0.00336,0.01318,0.19476
230.85,SYN.ETH-16AUG19,1565089141467,open,0.06,6.0,0.026,0.098,0.062783,98.75,0.055,0.0,ETH-16AUG19-230-P,229.99,89.89,0.057,150.0,0.066,150.0,103.68,0.15067,-0.75333,-0.03257,0.01058,-0.45859
234.34,ETH-27SEP19,1565089141468,open,0.03,1897.0,0.007,0.051,0.026546,104.81,0.026,0.0,ETH-27SEP19-380-C,229.99,101.88,0.024,200.0,0.029,200.0,107.52,0.20825,-0.21037,0.04194,0.00255,0.15248
11812.78,SYN.BTC-16AUG19,1565089141719,open,0.0,162.0,0.0005,0.0135,0.00369597,104.92,0.0025,0.0,BTC-16AUG19-9000-P,11762.74,92.91,0.002,10.0,0.005,30.0,112.21,1.94773,-10.34658,-0.16602,5e-05,-0.04825
234.3,ETH-27SEP19,1565089141759,open,0.09,2098.0,0.044,0.124,0.086613,101.67,0.082,0.0,ETH-27SEP19-280-C,229.99,98.41,0.082,219.0,0.091,379.0,104.62,0.33948,-0.33268,0.10177,0.00428,0.39234
12019.16,BTC-27SEP19,1565089141920,open,0.02,560.0,0.007,0.0415,0.02208914,100.56,0.0175,0.0,BTC-27SEP19-8000-P,11762.74,95.09,0.0185,24.0,0.023,24.0,101.89,8.13907,-7.88872,-2.14096,4e-05,-0.10324
11778.39,SYN.BTC-9AUG19,1565089142048,open,0.05,2.7,0.045,0.1095,0.07778988,109.37,0.05,0.0,BTC-9AUG19-12500-P,11762.74,91.22,0.0725,0.4,0.081,18.0,119.85,3.55754,-67.64965,-0.7344,0.0003,-0.71362
11778.39,SYN.BTC-9AUG19,1565089142050,open,0.07,215.5,0.0195,0.079,0.05110624,109.03,0.0515,0.0,BTC-9AUG19-11500-C,11762.74,105.74,0.05,0.4,0.0595,7.4,133.64,3.99256,-75.68438,0.5244,0.00034,0.61622
11778.39,SYN.BTC-9AUG19,1565089142060,open,0.11,292.0,0.0505,0.1075,0.08020823,112.46,0.08,0.0,BTC-9AUG19-11000-C,11762.74,106.03,0.0785,0.1,0.088,6.2,139.96,3.18392,-62.2575,0.63897,0.00026,0.76878
11778.39,SYN.BTC-9AUG19,1565089142063,open,0.05,547.6,0.005,0.057,0.03026163,109.02,0.032,0.0,BTC-9AUG19-12000-C,11762.74,105.41,0.029,9.5,0.037,9.1,128.19,4.12766,-78.24195,0.38269,0.00035,0.44266
11778.39,SYN.BTC-9AUG19,1565089142065,open,0.07,215.5,0.0195,0.079,0.05110624,109.03,0.0515,0.0,BTC-9AUG19-11500-C,11762.74,104.26,0.0495,0.4,0.0595,7.4,133.64,3.99256,-75.68438,0.5244,0.00034,0.61622
11778.39,SYN.BTC-9AUG19,1565089142068,open,0.11,292.0,0.0505,0.1075,0.08020823,112.46,0.08,0.0,BTC-9AUG19-11000-C,11762.74,104.11,0.078,0.1,0.088,6.2,139.96,3.18392,-62.2575,0.63897,0.00026,0.76878
11778.39,SYN.BTC-9AUG19,1565089142070,open,0.11,292.0,0.0505,0.1075,0.08020823,112.46,0.08,0.0,BTC-9AUG19-11000-C,11762.74,104.11,0.078,0.1,0.0885,6.3,141.66,3.18392,-62.2575,0.63897,0.00026,0.76878
12019.16,BTC-27SEP19,1565089142376,open,0.09,152.4,0.0635,0.1445,0.10543277,100.56,0.105,0.0,BTC-27SEP19-11000-P,11762.74,96.24,0.0995,19.3,0.108,11.5,102.43,16.52778,-16.01906,-7.54142,8e-05,-0.33605
12257.16,BTC-27DEC19,1565089142379,open,0.42,14.1,0.387,0.528,0.46058906,100.21,0.4715,0.0,BTC-27DEC19-16000-P,11762.74,97.35,0.4535,3.6,0.47,3.6,104.0,30.40408,-10.66269,-48.219,5e-05,-0.5444
12019.16,BTC-27SEP19,1565089142380,open,0.09,152.4,0.0635,0.1445,0.10543277,100.56,0.105,0.0,BTC-27SEP19-11000-P,11762.74,96.61,0.1,11.5,0.108,11.5,102.43,16.52778,-16.01906,-7.54142,8e-05,-0.33605
12255.63,BTC-27DEC19,1565089142382,open,0.04,288.0,0.012,0.0765,0.04022475,105.59,0.0435,0.0,BTC-27DEC19-30000-C,11762.74,104.4,0.0385,4.9,0.045,10.0,108.73,18.09315,-6.68555,5.39625,3e-05,0.15272
12255.79,BTC-27DEC19,1565089142427,open,3.09,1.0,3.161,3.353,3.25163803,110.0,4.454,0.0,BTC-27DEC19-52000-P,11762.07,0.0,0.001,1.0,0.0,0.0,0.0,6.54672,-2.52006,-202.07128,1e-05,-0.96045
12255.79,BTC-27DEC19,1565089142427,open,0.88,0.1,0.8685,0.888,0.87807815,131.95,0.84,0.0,BTC-27DEC19-1500-C,11762.07,0.0,0.019,0.2,0.9,0.1,264.85,0.38598,-0.17823,5.77463,0.0,0.99845
12255.79,BTC-27DEC19,1565089142427,open,0.01,254.8,0.002,0.031,0.01155267,110.03,0.0145,0.0,BTC-27DEC19-48000-C,11762.07,107.54,0.01,6.0,0.013,0.8,112.17,7.98592,-3.07506,1.87406,1e-05,0.05062
12255.79,BTC-27DEC19,1565089142427,open,0.09,181.3,0.037,0.13,0.08279457,103.0,0.092,0.0,BTC-27DEC19-22000-C,11762.07,101.67,0.08,4.9,0.0895,10.0,106.16,25.7698,-9.28895,9.41578,4e-05,0.27906
12255.79,BTC-27DEC19,1565089142427,open,0.77,0.0,0.7475,0.767,0.75712405,105.97,None,0.0,BTC-27DEC19-3000-C,11762.07,0.0,0.0055,0.1,0.972,0.5,500.0,1.50517,-0.55817,11.31315,0.0,0.99294
12017.82,BTC-27SEP19,1565089142427,open,1.09,0.0,1.122,1.2245,1.17010308,108.15,None,0.0,BTC-27SEP19-26000-P,11762.07,0.0,0.0,0.0,0.0,0.0,0.0,4.3427,-4.52698,-36.28676,2e-05,-0.95437
12017.82,BTC-27SEP19,1565089142429,open,0.09,415.5,0.037,0.1125,0.07522335,102.49,0.085,0.0,BTC-27SEP19-15000-C,11762.07,99.81,0.0715,31.8,0.078,5.0,104.47,16.81242,-16.60747,4.72372,8e-05,0.35178
12017.82,BTC-27SEP19,1565089142429,open,0.35,34.4,0.338,0.443,0.39111102,103.24,0.396,0.0,BTC-27SEP19-16000-P,11762.07,0.0,0.004,10.0,0.934,0.2,499.54,15.61606,-15.53844,-18.73332,7e-05,-0.70567
12017.82,BTC-27SEP19,1565089142429,open,0.63,0.0,0.6395,0.7405,0.68819176,105.48,None,0.0,BTC-27SEP19-20000-P,11762.07,0.0,0.004,10.0,1.226,0.2,499.95,10.06602,-10.23408,-26.44999,5e-05,-0.86037
12017.82,BTC-27SEP19,1565089142429,open,0.0,405.8,0.0005,0.0105,6.361e-05,134.99,0.0005,0.0,BTC-27SEP19-2500-P,11762.07,0.0,0.0,0.0,0.0035,15.0,215.21,0.06841,-0.08901,-0.00825,0.0,-0.00042
12255.79,BTC-27DEC19,1565089142430,open,0.55,12.4,0.5185,0.6645,0.59384172,101.46,0.559,0.0,BTC-27DEC19-18000-P,11762.07,0.0,0.004,5.0,1.327,0.2,500.0,29.34625,-10.41933,-57.91581,5e-05,-0.61339
12255.12,BTC-27DEC19,1565089142430,open,0.21,365.2,0.1345,0.248,0.19565175,99.21,0.214,0.0,BTC-27DEC19-14000-C,11762.07,97.74,0.192,3.6,0.2045,10.0,102.78,30.4483,-10.57148,16.43269,5e-05,0.5382
12255.12,BTC-27DEC19,1565089142430,open,0.19,309.8,0.1135,0.227,0.17420244,99.79,0.193,0.0,BTC-27DEC19-15000-C,11762.07,98.31,0.1705,3.6,0.1825,10.0,103.12,30.58663,-10.68198,15.40866,5e-05,0.49541
12255.12,BTC-27DEC19,1565089142430,open,2.78,0.0,2.8425,3.024,2.92811512,109.78,None,0.0,BTC-27DEC19-48000-P,11762.07,0.0,0.0,0.0,6.0,1.0,500.0,7.91379,-3.04021,-186.03664,1e-05,-0.94995
12017.82,BTC-27SEP19,1565089142430,open,0.84,28.2,0.824,0.8435,0.83360975,144.89,0.755,0.0,BTC-27SEP19-2000-C,11762.07,0.0,0.01,1.0,0.912,5.0,500.0,0.03245,-0.04532,2.83879,0.0,0.99981
12255.12,BTC-27DEC19,1565089142431,open,0.02,276.0,0.0095,0.0455,0.02555119,98.58,0.019,0.0,BTC-27DEC19-6000-P,11762.07,93.66,0.0215,6.0,0.027,16.0,100.26,10.43871,-3.60107,-4.64489,2e-05,-0.07127
12255.12,BTC-27DEC19,1565089142431,open,0.26,166.3,0.1905,0.3005,0.25025127,98.59,0.2655,0.0,BTC-27DEC19-12000-C,11762.07,96.36,0.245,3.6,0.258,10.0,101.89,28.84599,-9.95225,18.40987,5e-05,0.63402
11811.26,SYN.BTC-16AUG19,1565089142427,open,0.05,56.9,0.0095,0.063,0.0349442,108.66,0.045,0.0,BTC-16AUG19-13000-C,11762.07,105.37,0.033,10.0,0.0395,10.0,116.26,7.01325,-38.58083,0.93451,0.00017,0.32737
11811.26,SYN.BTC-16AUG19,1565089142427,open,0.01,86.3,0.002,0.033,0.01409542,104.87,0.012,0.0,BTC-16AUG19-10000-P,11762.07,94.88,0.0105,40.0,0.015,30.0,107.24,4.46018,-23.68135,-0.51342,0.00011,-0.14656
11776.87,SYN.BTC-9AUG19,1565089142427,open,0.0,174.0,0.0005,0.0105,1.4e-07,134.97,0.001,0.0,BTC-9AUG19-7000-P,11762.07,0.0,0.0,0.0,0.0005,30.0,247.22,0.00026,-0.00161,-1e-05,0.0,-1e-05
11880.05,SYN.BTC-30AUG19,1565089142427,open,0.01,628.9,0.0005,0.018,0.00690734,105.27,0.0055,0.0,BTC-30AUG19-8000-P,11762.07,97.96,0.005,10.0,0.008,24.0,109.0,3.35274,-7.39141,-0.47673,3e-05,-0.05444
11776.87,SYN.BTC-9AUG19,1565089142427,open,0.0,399.1,0.0005,0.0105,1.87e-06,134.96,0.0005,0.0,BTC-9AUG19-7500-P,11762.07,0.0,0.0,0.0,0.0005,14.0,217.31,0.00276,-0.02203,-6e-05,0.0,-6e-05
11776.87,SYN.BTC-9AUG19,1565089142427,open,0.0,11.0,0.0005,0.011,0.00105404,118.56,0.0025,0.0,BTC-9AUG19-14500-C,11762.07,117.57,0.001,0.5,0.0035,30.0,147.85,0.65509,-12.41334,0.02424,5e-05,0.02717
11880.05,SYN.BTC-30AUG19,1565089142431,open,0.01,604.3,0.004,0.0355,0.01735924,103.46,0.012,0.0,BTC-30AUG19-9000-P,11762.07,97.65,0.0145,34.0,0.019,24.0,106.64,6.03155,-13.06856,-1.05733,6e-05,-0.1187
11811.26,SYN.BTC-16AUG19,1565089142427,open,0.04,57.8,0.0235,0.087,0.05543507,104.83,0.053,0.0,BTC-16AUG19-11500-P,11762.07,101.01,0.053,0.8,0.0575,34.0,108.07,7.52873,-39.95934,-1.4706,0.00019,-0.40474
238.25,ETH-27DEC19,1565089142437,open,0.03,1226.0,0.006,0.053,0.025779,109.64,0.032,0.0,ETH-27DEC19-720-C,229.97,106.11,0.022,50.0,0.03,350.0,113.27,0.26572,-0.10195,0.07124,0.00109,0.10217
238.25,ETH-27DEC19,1565089142437,open,1.84,0.0,1.78,1.993,1.883491,108.73,None,0.0,ETH-27DEC19-680-P,229.97,0.0,0.0,0.0,0.0,0.0,0.0,0.28892,-0.10994,-2.58213,0.0012,-0.88523
234.29,ETH-27SEP19,1565089142437,open,1.86,0.0,1.818,1.993,1.902757,98.4,None,0.0,ETH-27SEP19-680-P,229.97,0.0,0.0,0.0,0.0,0.0,0.0,0.00954,-0.00905,-0.96537,0.00012,-0.99639
238.23,ETH-27DEC19,1565089142438,open,1.36,0.0,1.302,1.497,1.398186,107.17,0.845,0.0,ETH-27DEC19-560-P,229.97,0.0,0.0,0.0,0.0,0.0,0.0,0.38248,-0.14345,-2.07434,0.00161,-0.82624
234.29,ETH-27SEP19,1565089142438,open,2.03,0.0,1.985,2.169,2.073868,110.21,None,0.0,ETH-27SEP19-720-P,229.97,0.0,0.0,0.0,0.0,0.0,0.0,0.01571,-0.01668,-1.02145,0.00018,-0.99369
234.29,ETH-27SEP19,1565089142438,open,0.58,0.0,0.561,0.591,0.575824,115.32,None,0.0,ETH-27SEP19-100-C,229.97,0.0,0.003,10.0,0.0,0.0,0.0,0.03305,-0.03673,0.13632,0.00037,0.98521
234.29,ETH-27SEP19,1565089142438,open,1.69,0.0,1.653,1.819,1.733047,107.36,None,0.0,ETH-27SEP19-640-P,229.97,0.0,0.0,0.0,0.0,0.0,0.0,0.02616,-0.02707,-0.90631,0.00031,-0.98871
234.27,ETH-27SEP19,1565089142438,open,1.19,12.0,1.156,1.3,1.224635,105.78,1.193,0.0,ETH-27SEP19-520-P,229.97,0.0,0.0,0.0,0.0,0.0,0.0,0.06972,-0.07108,-0.72875,0.00084,-0.96407
234.27,ETH-27SEP19,1565089142438,open,1.36,24.0,1.322,1.472,1.393766,107.04,1.356,0.0,ETH-27SEP19-560-P,229.97,0.0,0.0,0.0,0.0,0.0,0.0,0.05183,-0.05347,-0.78866,0.00062,-0.97488
234.27,ETH-27SEP19,1565089142438,open,0.0,9094.0,0.001,0.013,0.003946,99.52,0.002,0.0,ETH-27SEP19-120-P,229.97,88.65,0.002,300.0,0.004,200.0,99.77,0.05054,-0.04848,-0.00943,0.00065,-0.02438
238.23,ETH-27DEC19,1565089142439,open,0.03,503.0,0.007,0.059,0.029825,109.13,0.026,0.0,ETH-27DEC19-680-C,229.97,105.89,0.026,50.0,0.033,300.0,111.66,0.29125,-0.11123,0.08044,0.0012,0.11609
234.27,ETH-27SEP19,1565089142439,open,2.2,0.0,2.15,2.345,2.24404,0.0,None,0.0,ETH-27SEP19-760-P,229.97,0.0,0.0,0.0,0.0,0.0,0.0,0.0,0.0,-1.08015,0.0,-1.0
231.97,SYN.ETH-30AUG19,1565089142437,open,0.23,0.0,0.194,0.295,0.2461,101.72,None,0.0,ETH-30AUG19-280-P,229.97,0.0,0.0,0.0,0.0,0.0,0.0,0.19851,-0.42288,-0.14712,0.00554,-0.72346
238.23,ETH-27DEC19,1565089142439,open,1.68,0.0,1.621,1.827,1.720889,108.37,None,0.0,ETH-27DEC19-640-P,229.97,0.0,0.0,0.0,0.0,0.0,0.0,0.3181,-0.12064,-2.41452,0.00132,-0.86833
230.81,SYN.ETH-16AUG19,1565089142437,open,0.0,267.0,0.001,0.014,0.003918,98.8,0.009,0.0,ETH-16AUG19-180-P,229.97,76.44,0.001,251.0,0.004,250.0,99.26,0.04137,-0.20692,-0.00359,0.0029,-0.05357
238.23,ETH-27DEC19,1565089142440,open,0.61,242.0,0.545,0.712,0.633057,103.18,0.61,0.0,ETH-27DEC19-360-P,229.97,0.0,0.008,4.0,1.59,1.0,500.0,0.56551,-0.20419,-1.17253,0.00247,-0.62431
231.97,SYN.ETH-30AUG19,1565089142437,open,0.19,462.0,0.138,0.211,0.178053,98.76,0.19,0.0,ETH-30AUG19-200-C,229.97,0.0,0.13,2.0,0.0,0.0,0.0,0.18351,-0.37952,0.08864,0.00528,0.76222
231.97,SYN.ETH-30AUG19,1565089142438,open,0.38,0.0,0.345,0.448,0.396107,103.21,None,0.0,ETH-30AUG19-320-P,229.97,0.0,0.0,0.0,0.0,0.0,0.0,0.13115,-0.28347,-0.19082,0.00361,-0.86141
230.23,SYN.ETH-9AUG19,1565089142437,open,0.0,8.0,0.001,0.011,0.000361,125.07,0.002,0.0,ETH-9AUG19-300-C,229.97,0.0,0.0,0.0,0.002,553.0,160.51,0.00541,-0.08305,0.00017,0.00104,0.00993
238.23,ETH-27DEC19,1565089142441,open,2.16,0.0,2.103,2.328,2.2113,108.84,None,0.0,ETH-27DEC19-760-P,229.97,0.0,0.001,100.0,0.0,0.0,0.0,0.23481,-0.08943,-2.91405,0.00097,-0.91359
231.97,SYN.ETH-30AUG19,1565089142437,open,0.7,0.0,0.675,0.784,0.72718,105.56,None,0.0,ETH-30AUG19-400-P,229.97,0.0,0.0,0.0,0.0,0.0,0.0,0.04019,-0.08884,-0.25756,0.00108,-0.97016
231.97,SYN.ETH-30AUG19,1565089142440,open,0.25,757.0,0.209,0.272,0.242388,98.84,0.25,0.0,ETH-30AUG19-180-C,229.97,0.0,0.0,0.0,0.0,0.0,0.0,0.12502,-0.25878,0.09535,0.00359,0.87073
230.81,SYN.ETH-16AUG19,1565089142441,open,0.2,0.0,0.154,0.214,0.185262,99.31,None,0.0,ETH-16AUG19-190-C,229.97,0.0,0.0,0.0,0.0,0.0,0.0,0.06738,-0.33877,0.04454,0.00471,0.89846
12017.82,BTC-27SEP19,1565089142444,open,0.29,29.6,0.2695,0.374,0.3232307,102.39,0.366,0.0,BTC-27SEP19-15000-P,11762.07,0.0,0.004,10.0,0.8635,0.3,500.0,16.80765,-16.58664,-16.59741,8e-05,-0.64849
234.27,ETH-27SEP19,1565089142450,open,0.55,233.0,0.507,0.633,0.569996,104.1,0.634,0.0,ETH-27SEP19-360-P,229.97,89.94,0.557,44.0,0.0,0.0,0.0,0.23531,-0.23609,-0.46133,0.0029,-0.81555
12017.82,BTC-27SEP19,1565089142474,open,0.35,34.4,0.338,0.443,0.39111102,103.24,0.396,0.0,BTC-27SEP19-16000-P,11762.07,0.0,0.004,10.0,0.935,0.2,500.0,15.61606,-15.53844,-18.73332,7e-05,-0.70567
12017.82,BTC-27SEP19,1565089142510,open,0.66,9.2,0.638,0.6575,0.64751842,122.85,0.574,0.0,BTC-27SEP19-4250-C,11762.07,0.0,0.005,0.1,0.705,5.0,299.03,0.84313,-0.99835,5.90702,0.0,0.99336
230.23,SYN.ETH-9AUG19,1565089142871,open,0.08,1.0,0.057,0.133,0.095208,101.49,0.09,0.0,ETH-9AUG19-250-P,229.97,0.0,0.0,0.0,0.098,50.0,113.14,0.05586,-0.98579,-0.01638,0.01318,-0.80771
230.81,SYN.ETH-16AUG19,1565089142872,open,0.11,0.0,0.074,0.16,0.118976,101.85,None,0.0,ETH-16AUG19-250-P,229.97,0.0,0.0,0.0,0.122,150.0,107.03,0.14021,-0.72304,-0.04819,0.00955,-0.65281
230.23,SYN.ETH-9AUG19,1565089142876,open,0.08,1.0,0.057,0.133,0.095208,101.49,0.09,0.0,ETH-9AUG19-250-P,229.97,0.0,0.0,0.0,0.0,0.0,0.0,0.05586,-0.98579,-0.01638,0.01318,-0.80771
230.81,SYN.ETH-16AUG19,1565089142877,open,0.11,0.0,0.074,0.16,0.118976,101.85,None,0.0,ETH-16AUG19-250-P,229.97,0.0,0.0,0.0,0.0,0.0,0.0,0.14021,-0.72304,-0.04819,0.00955,-0.65281
230.23,SYN.ETH-9AUG19,1565089142878,open,0.11,207.0,0.061,0.125,0.094718,102.01,0.104,0.0,ETH-9AUG19-210-C,229.97,63.22,0.089,50.0,0.0,0.0,0.0,0.04644,-0.82367,0.0138,0.0109,0.85564
230.81,SYN.ETH-16AUG19,1565089142883,open,0.13,2.0,0.078,0.149,0.117094,99.08,0.13,0.0,ETH-16AUG19-210-C,229.97,0.0,0.0,0.0,0.121,50.0,106.19,0.12172,-0.61057,0.03925,0.00852,0.74578
230.81,SYN.ETH-16AUG19,1565089142905,open,0.13,2.0,0.078,0.149,0.117094,99.08,0.13,0.0,ETH-16AUG19-210-C,229.97,89.02,0.112,50.0,0.121,50.0,106.19,0.12172,-0.61057,0.03925,0.00852,0.74578
230.23,SYN.ETH-9AUG19,1565089142914,open,0.11,207.0,0.061,0.125,0.094718,102.01,0.104,0.0,ETH-9AUG19-210-C,229.97,63.22,0.089,50.0,0.098,50.0,116.63,0.04644,-0.82367,0.0138,0.0109,0.85564
238.23,ETH-27DEC19,1565089143034,open,0.06,936.0,0.02,0.095,0.056604,106.62,0.036,0.0,ETH-27DEC19-520-C,229.97,103.95,0.052,40.0,0.06,283.0,108.52,0.41902,-0.15634,0.135,0.00177,0.20139
11776.87,SYN.BTC-9AUG19,1565089143081,open,0.07,215.5,0.0195,0.079,0.0510332,109.23,0.0515,0.0,BTC-9AUG19-11500-C,11762.07,104.48,0.0495,0.4,0.0595,7.8,133.85,3.99405,-75.85123,0.52374,0.00033,0.61557
234.29,ETH-27SEP19,1565089143160,open,0.09,2098.0,0.044,0.124,0.0866,101.61,0.082,0.0,ETH-27SEP19-280-C,229.97,98.42,0.082,219.0,0.091,160.0,104.63,0.33941,-0.33241,0.10174,0.00428,0.39215
234.27,ETH-27SEP19,1565089143191,open,0.11,2098.0,0.069,0.157,0.115835,99.49,0.122,0.0,ETH-27SEP19-220-P,229.97,95.41,0.11,171.0,0.12,160.0,102.49,0.33081,-0.31724,-0.15883,0.00426,-0.36126
231.97,SYN.ETH-30AUG19,1565089143193,open,0.06,354.0,0.025,0.09,0.05913,101.25,0.046,0.0,ETH-30AUG19-260-C,229.97,96.92,0.055,211.0,0.062,160.0,104.13,0.22552,-0.47818,0.04836,0.00633,0.37791
230.79,SYN.ETH-16AUG19,1565089143194,open,0.1,500.0,0.05,0.122,0.089431,98.95,0.079,0.0,ETH-16AUG19-220-C,229.97,90.03,0.084,150.0,0.093,150.0,104.77,0.14114,-0.70705,0.03478,0.0099,0.64636
12017.82,BTC-27SEP19,1565089143218,open,0.07,314.6,0.026,0.095,0.05987794,103.33,0.062,0.0,BTC-27SEP19-16000-C,11762.07,104.96,0.062,39.5,0.0645,32.3,106.86,15.62299,-15.55908,4.00952,7e-05,0.29462
11776.87,SYN.BTC-9AUG19,1565089143221,open,0.02,150.1,0.004,0.0545,0.02752359,108.85,0.03,0.0,BTC-9AUG19-11500-P,11762.07,100.07,0.0245,10.4,0.0305,10.0,117.77,3.99325,-75.57727,-0.38195,0.00034,-0.38417
230.81,SYN.ETH-16AUG19,1565089143219,open,0.03,121.0,0.004,0.05,0.025123,102.36,0.032,0.0,ETH-16AUG19-260-C,229.97,94.49,0.021,433.0,0.027,200.0,105.72,0.12474,-0.6464,0.01508,0.00845,0.2666
11880.05,SYN.BTC-30AUG19,1565089143224,open,0.09,54.7,0.07,0.1485,0.11094892,103.43,0.092,0.0,BTC-30AUG19-12000-P,11762.07,96.17,0.1035,24.4,0.113,10.0,105.52,12.06785,-26.13801,-4.45531,0.00013,-0.46244
11776.87,SYN.BTC-9AUG19,1565089143227,open,0.03,84.6,0.0175,0.0795,0.04915487,108.79,0.046,0.0,BTC-9AUG19-12000-P,11762.07,97.13,0.045,10.4,0.0525,10.0,118.54,4.12601,-78.04177,-0.56335,0.00035,-0.55808
231.97,SYN.ETH-30AUG19,1565089143215,open,0.09,1448.0,0.046,0.119,0.085714,98.69,0.082,0.0,ETH-30AUG19-240-C,229.97,95.96,0.083,175.0,0.091,120.0,103.8,0.23668,-0.48918,0.06233,0.00681,0.49659
230.23,SYN.ETH-9AUG19,1565089143225,open,0.07,522.0,0.025,0.093,0.061672,101.72,0.07,0.0,ETH-9AUG19-220-C,229.97,78.61,0.055,50.0,0.065,50.0,112.14,0.07014,-1.24049,0.01173,0.01651,0.70833
12017.15,BTC-27SEP19,1565089143229,open,0.02,560.0,0.007,0.0415,0.02211034,100.53,0.0175,0.0,BTC-27SEP19-8000-P,11762.07,95.84,0.019,15.0,0.023,24.0,101.86,8.13935,-7.88648,-2.14108,4e-05,-0.10327
238.23,ETH-27DEC19,1565089143238,open,0.25,679.0,0.178,0.292,0.243059,100.12,0.245,0.0,ETH-27DEC19-240-C,229.97,95.9,0.233,30.0,0.249,30.0,102.6,0.56822,-0.19909,0.35002,0.00255,0.61844
234.27,ETH-27SEP19,1565089143245,open,0.15,2479.0,0.109,0.21,0.163188,99.48,0.151,0.0,ETH-27SEP19-240-P,229.97,96.06,0.158,262.0,0.169,120.0,103.43,0.34968,-0.3353,-0.20448,0.00451,-0.45102
234.27,ETH-27SEP19,1565089143231,open,0.11,1729.0,0.063,0.148,0.109477,100.54,0.113,0.0,ETH-27SEP19-260-C,229.97,97.52,0.105,199.0,0.114,120.0,103.52,0.35106,-0.34018,0.11868,0.00448,0.46596
234.29,ETH-27SEP19,1565089143251,open,0.21,1264.0,0.16,0.271,0.219244,100.48,0.243,0.0,ETH-27SEP19-260-P,229.97,97.0,0.214,120.0,0.226,120.0,105.01,0.35109,-0.34003,-0.25082,0.00448,-0.53405
230.81,SYN.ETH-16AUG19,1565089143251,open,0.08,51.0,0.029,0.098,0.06646,98.99,0.078,0.0,ETH-16AUG19-230-C,229.97,92.03,0.062,297.0,0.071,150.0,105.82,0.15066,-0.75511,0.02963,0.01056,0.54103
238.25,ETH-27DEC19,1565089143258,open,0.15,2181.0,0.098,0.202,0.154296,100.07,0.174,0.0,ETH-27DEC19-200-P,229.97,95.19,0.144,226.0,0.158,40.0,101.88,0.49892,-0.17473,-0.40192,0.00224,-0.27674
230.81,SYN.ETH-16AUG19,1565089143266,open,0.08,0.0,0.046,0.127,0.088428,99.51,None,0.0,ETH-16AUG19-240-P,229.97,89.75,0.082,150.0,0.092,150.0,105.19,0.14961,-0.75375,-0.04063,0.01043,-0.56225
231.97,SYN.ETH-30AUG19,1565089143267,open,0.11,338.0,0.074,0.161,0.120314,98.5,0.112,0.0,ETH-30AUG19-240-P,229.97,93.41,0.115,120.0,0.125,120.0,103.21,0.23668,-0.48821,-0.09466,0.00683,-0.50362
238.25,ETH-27DEC19,1565089143268,open,0.2,217.0,0.126,0.242,0.191653,101.48,0.177,0.0,ETH-27DEC19-280-C,229.97,97.58,0.182,240.0,0.198,240.0,104.01,0.59349,-0.21076,0.31099,0.00263,0.52517
230.23,SYN.ETH-9AUG19,1565089143274,open,0.03,158.0,0.006,0.067,0.035362,101.09,0.033,0.0,ETH-9AUG19-230-P,229.97,83.35,0.029,150.0,0.037,150.0,105.98,0.0814,-1.43068,-0.0093,0.01928,-0.47769
230.23,SYN.ETH-9AUG19,1565089143279,open,0.07,522.0,0.025,0.093,0.061672,101.72,0.07,0.0,ETH-9AUG19-220-C,229.97,78.61,0.055,50.0,0.064,50.0,108.92,0.07014,-1.24049,0.01173,0.01651,0.70833
238.23,ETH-27DEC19,1565089143284,open,0.48,83.0,0.411,0.57,0.495989,102.6,0.626,0.0,ETH-27DEC19-320-P,229.97,98.99,0.487,30.0,0.507,30.0,107.08,0.58892,-0.21145,-0.98016,0.00258,-0.55518
238.23,ETH-27DEC19,1565089143291,open,0.48,83.0,0.411,0.57,0.495989,102.6,0.626,0.0,ETH-27DEC19-320-P,229.97,98.99,0.487,30.0,0.508,30.0,107.48,0.58892,-0.21145,-0.98016,0.00258,-0.55518
234.29,ETH-27SEP19,1565089143303,open,0.03,1897.0,0.007,0.051,0.026498,104.81,0.026,0.0,ETH-27SEP19-380-C,229.97,100.73,0.023,200.0,0.029,200.0,107.55,0.2081,-0.21024,0.04191,0.00254,0.15237
230.79,SYN.ETH-16AUG19,1565089143305,open,0.33,0.0,0.305,0.392,0.346508,103.32,None,0.0,ETH-16AUG19-310-P,229.97,0.0,0.0,0.0,0.0,0.0,0.0,0.03874,-0.20267,-0.081,0.0026,-0.95065
234.29,ETH-27SEP19,1565089143308,open,0.03,1897.0,0.007,0.051,0.026498,104.81,0.026,0.0,ETH-27SEP19-380-C,229.97,100.73,0.023,488.0,0.029,200.0,107.55,0.2081,-0.21024,0.04191,0.00254,0.15237
234.27,ETH-27SEP19,1565089143307,open,0.15,1844.0,0.089,0.178,0.138729,99.57,0.149,0.0,ETH-27SEP19-240-C,229.97,97.04,0.135,178.0,0.143,120.0,102.4,0.34967,-0.33559,0.13661,0.0045,0.54907
230.21,SYN.ETH-9AUG19,1565089143314,open,0.28,0.0,0.266,0.344,0.30341,119.37,None,0.0,ETH-9AUG19-300-P,229.97,0.0,0.0,0.0,0.0,0.0,0.0,0.00409,-0.0849,-0.02351,0.00082,-0.99278
234.29,ETH-27SEP19,1565089143313,open,0.27,968.0,0.22,0.336,0.2817,101.47,0.38,0.0,ETH-27SEP19-280-P,229.97,97.65,0.276,120.0,0.289,120.0,106.62,0.33933,-0.33187,-0.29626,0.00429,-0.6082
230.81,SYN.ETH-16AUG19,1565089143318,open,0.06,6.0,0.026,0.098,0.062949,98.72,0.055,0.0,ETH-16AUG19-230-P,229.97,89.75,0.057,150.0,0.067,150.0,105.07,0.15066,-0.75301,-0.03259,0.01059,-0.45904
230.23,SYN.ETH-9AUG19,1565089143323,open,0.03,158.0,0.006,0.067,0.035362,101.09,0.033,0.0,ETH-9AUG19-230-P,229.97,83.35,0.029,150.0,0.038,150.0,108.81,0.0814,-1.43068,-0.0093,0.01928,-0.47769
230.81,SYN.ETH-16AUG19,1565089143324,open,0.06,6.0,0.026,0.098,0.062949,98.72,0.055,0.0,ETH-16AUG19-230-P,229.97,89.75,0.057,150.0,0.067,315.0,105.07,0.15066,-0.75301,-0.03259,0.01059,-0.45904
12255.12,BTC-27DEC19,1565089143335,open,0.17,269.3,0.096,0.208,0.15518008,100.22,0.15,0.0,BTC-27DEC19-16000-C,11762.07,98.73,0.1515,3.6,0.1635,10.0,103.56,30.39821,-10.66102,14.40646,5e-05,0.45551
230.79,SYN.ETH-16AUG19,1565089143334,open,0.01,78.0,0.001,0.023,0.008318,98.83,0.009,0.0,ETH-16AUG19-190-P,229.97,86.15,0.005,550.0,0.008,250.0,97.72,0.06696,-0.33502,-0.00681,0.0047,-0.10069
231.97,SYN.ETH-30AUG19,1565089143340,open,0.07,286.0,0.037,0.109,0.074095,98.53,0.071,0.0,ETH-30AUG19-220-P,229.97,93.33,0.069,346.0,0.077,160.0,101.63,0.22368,-0.46152,-0.06712,0.00645,-0.36832
231.97,SYN.ETH-30AUG19,1565089143346,open,0.04,452.0,0.014,0.067,0.040107,98.55,0.03,0.0,ETH-30AUG19-200-P,229.97,93.37,0.036,245.0,0.042,160.0,101.0,0.18338,-0.37845,-0.04211,0.00529,-0.23748
230.23,SYN.ETH-9AUG19,1565089143351,open,0.0,818.0,0.001,0.012,0.001955,106.79,0.004,0.0,ETH-9AUG19-270-C,229.97,94.43,0.001,1.0,0.003,250.0,116.63,0.02146,-0.39854,0.00089,0.00481,0.05116
234.29,ETH-27SEP19,1565089143357,open,0.09,2098.0,0.044,0.124,0.0866,101.61,0.082,0.0,ETH-27SEP19-280-C,229.97,98.42,0.082,219.0,0.09,160.0,103.94,0.33941,-0.33241,0.10174,0.00428,0.39215
230.79,SYN.ETH-16AUG19,1565089143369,open,0.13,2.0,0.078,0.149,0.117094,98.98,0.13,0.0,ETH-16AUG19-210-C,229.97,89.14,0.112,50.0,0.12,50.0,104.44,0.12171,-0.60989,0.03926,0.00853,0.74576
230.79,SYN.ETH-16AUG19,1565089143375,open,0.13,2.0,0.078,0.149,0.117094,98.98,0.13,0.0,ETH-16AUG19-210-C,229.97,87.16,0.111,50.0,0.12,50.0,104.44,0.12171,-0.60989,0.03926,0.00853,0.74576
12017.82,BTC-27SEP19,1565089143402,open,0.18,49.3,0.1495,0.2485,0.20134698,101.03,0.1795,0.0,BTC-27SEP19-13000-P,11762.07,96.8,0.195,14.4,0.2075,14.4,105.11,18.07245,-17.59818,-12.08726,9e-05,-0.50631
12017.36,BTC-27SEP19,1565089143428,open,0.02,467.2,0.003,0.036,0.01570737,106.86,0.0175,0.0,BTC-27SEP19-22000-C,11761.25,104.14,0.014,24.0,0.0185,39.0,111.01,7.76848,-8.00141,1.38639,4e-05,0.09688
12255.3,BTC-27DEC19,1565089143428,open,0.09,306.5,0.0595,0.1425,0.10194636,98.57,0.0895,0.0,BTC-27DEC19-9000-P,11761.25,94.98,0.0955,4.9,0.103,10.0,99.16,22.05267,-7.60741,-14.92965,4e-05,-0.20927
12255.3,BTC-27DEC19,1565089143428,open,0.34,569.4,0.27,0.3685,0.32336184,98.58,0.339,0.0,BTC-27DEC19-10000-C,11761.25,36.49,0.205,1.0,0.3995,0.1,136.17,24.9542,-8.60868,19.90567,4e-05,0.7383
12255.3,BTC-27DEC19,1565089143428,open,0.02,201.3,0.0025,0.0375,0.01496923,109.48,0.0185,0.0,BTC-27DEC19-44000-C,11761.25,106.86,0.013,6.0,0.0185,16.0,113.72,9.58271,-3.6715,2.34271,1e-05,0.0638
12255.3,BTC-27DEC19,1565089143428,open,0.96,0.0,0.9525,1.103,1.02686228,103.83,None,0.0,BTC-27DEC19-24000-P,11761.25,0.0,0.0055,1.0,1.7955,0.2,499.47,23.77765,-8.63988,-85.77156,4e-05,-0.76108
12255.3,BTC-27DEC19,1565089143428,open,0.01,959.3,0.0005,0.0265,0.00921636,110.86,0.011,0.0,BTC-27DEC19-52000-C,11761.25,110.47,0.009,0.1,0.011,15.0,113.92,6.76879,-2.62613,1.53466,1e-05,0.04121
12255.3,BTC-27DEC19,1565089143428,open,0.04,141.0,0.0095,0.069,0.03461674,106.44,0.035,0.0,BTC-27DEC19-32000-C,11761.25,105.23,0.033,6.0,0.039,10.0,109.6,16.55297,-6.16596,4.76201,3e-05,0.13388
12255.3,BTC-27DEC19,1565089143428,open,0.03,384.9,0.006,0.0555,0.02562136,107.55,0.027,0.0,BTC-27DEC19-36000-C,11761.25,106.08,0.024,6.0,0.0295,10.0,110.88,13.7428,-5.1723,3.70883,2e-05,0.10293
12017.36,BTC-27SEP19,1565089143428,open,0.38,884.9,0.33,0.382,0.35642521,100.59,0.3425,0.0,BTC-27SEP19-8000-C,11761.25,0.0,0.14,2.0,0.4775,2.0,233.15,8.1446,-7.89643,9.22669,4e-05,0.89664
12255.3,BTC-27DEC19,1565089143428,open,2.47,0.0,2.5235,2.697,2.60510907,109.3,3.46,0.0,BTC-27DEC19-44000-P,11761.25,0.0,0.0,0.0,0.0,0.0,0.0,9.52849,-3.64459,-169.90636,1e-05,-0.93666
12255.3,BTC-27DEC19,1565089143429,open,0.06,158.9,0.021,0.099,0.05715882,104.57,0.057,0.0,BTC-27DEC19-26000-C,11761.25,103.35,0.055,4.9,0.062,10.0,107.25,21.81014,-7.9813,7.11101,4e-05,0.20539
12255.3,BTC-27DEC19,1565089143429,open,0.46,91.7,0.408,0.478,0.44482038,98.59,0.4355,0.0,BTC-27DEC19-7500-C,11761.25,0.0,0.326,0.5,0.4595,2.5,109.15,16.62143,-5.73494,20.17181,3e-05,0.86531
12255.3,BTC-27DEC19,1565089143429,open,0.3,558.0,0.2275,0.3325,0.28444264,98.59,0.297,0.0,BTC-27DEC19-11000-C,11761.25,95.69,0.278,3.6,0.291,3.6,101.54,27.21334,-9.38902,19.24759,5e-05,0.68567
12017.36,BTC-27SEP19,1565089143429,open,0.0,586.8,0.0005,0.0105,0.00024019,135.0,0.0005,0.0,BTC-27SEP19-3000-P,11761.25,0.0,0.0,0.0,0.0035,15.0,190.8,0.21237,-0.27632,-0.02862,0.0,-0.00144
12254.48,BTC-27DEC19,1565089143429,open,0.62,63.4,0.588,0.622,0.60440343,98.62,0.575,0.0,BTC-27DEC19-5000-C,11761.25,0.0,0.33,1.0,0.613,0.5,112.9,6.48349,-2.23754,17.1016,1e-05,0.96092
11810.63,SYN.BTC-16AUG19,1565089143428,open,0.03,76.0,0.0025,0.041,0.01831624,109.96,0.02,0.0,BTC-16AUG19-14000-C,11761.25,107.05,0.017,34.0,0.022,34.0,117.79,5.40162,-30.07252,0.57334,0.00013,0.19773
12254.48,BTC-27DEC19,1565089143430,open,1.25,0.1,1.2585,1.4115,1.33264303,105.08,2.035,0.0,BTC-27DEC19-28000-P,11761.25,0.0,0.001,1.0,0.0,0.0,0.0,19.88334,-7.31196,-103.41956,3e-05,-0.82332
12254.48,BTC-27DEC19,1565089143430,open,0.43,202.5,0.377,0.4535,0.41756256,98.61,0.365,0.0,BTC-27DEC19-8000-C,11761.25,0.0,0.2005,0.1,0.4275,0.5,105.1,18.55774,-6.40417,20.3248,3e-05,0.84127
12017.36,BTC-27SEP19,1565089143430,open,0.0,372.8,0.0005,0.0115,0.0015021,120.75,0.0015,0.0,BTC-27SEP19-4500-P,11761.25,114.21,0.001,2.0,0.0015,1.0,120.72,1.05052,-1.22261,-0.17133,0.0,-0.00853
11776.21,SYN.BTC-9AUG19,1565089143428,open,0.01,346.9,0.0005,0.0185,0.00423519,112.73,0.01,0.0,BTC-9AUG19-13500-C,11761.25,117.66,0.005,0.4,0.006,20.0,123.62,1.75598,-34.41805,0.08349,0.00014,0.09422
11776.21,SYN.BTC-9AUG19,1565089143428,open,0.26,23.4,0.2205,0.2535,0.23621381,135.61,0.2215,0.0,BTC-9AUG19-9000-C,11761.25,0.0,0.1865,1.0,0.0,0.0,0.0,0.30036,-7.08213,0.69853,2e-05,0.9891
12254.48,BTC-27DEC19,1565089143431,open,2.16,0.0,2.2045,2.3715,2.28309946,108.12,2.58,0.0,BTC-27DEC19-40000-P,11761.25,0.0,0.005,1.0,0.0,0.0,0.0,11.31068,-4.27969,-153.68831,2e-05,-0.92081
11810.63,SYN.BTC-16AUG19,1565089143428,open,0.01,105.1,0.0005,0.0215,0.0076207,104.9,0.0055,0.0,BTC-16AUG19-9500-P,11761.25,100.52,0.0065,8.0,0.0085,30.0,108.15,3.12449,-16.59502,-0.30825,8e-05,-0.08884
12254.48,BTC-27DEC19,1565089143431,open,0.36,8.6,0.326,0.463,0.39811838,99.75,0.386,0.0,BTC-27DEC19-15000-P,11761.25,96.9,0.391,3.6,0.407,3.6,103.31,30.5849,-10.67668,-43.30907,5e-05,-0.50474
12254.48,BTC-27DEC19,1565089143432,open,1.85,1.3,1.8875,2.0475,1.9630085,107.27,2.2,0.0,BTC-27DEC19-36000-P,11761.25,0.0,0.005,1.0,0.0,0.0,0.0,13.65352,-5.12549,-137.23847,2e-05,-0.89798
12254.48,BTC-27DEC19,1565089143432,open,1.55,0.3,1.5715,1.7275,1.64562754,106.24,1.875,0.0,BTC-27DEC19-32000-P,11761.25,0.0,0.005,1.0,0.0,0.0,0.0,16.48813,-6.13015,-120.52172,3e-05,-0.86687
11810.63,SYN.BTC-16AUG19,1565089143428,open,0.03,56.1,0.005,0.051,0.02534989,109.14,0.037,0.0,BTC-16AUG19-13500-C,11761.25,105.62,0.0235,34.0,0.03,34.0,117.75,6.2544,-34.5609,0.7379,0.00015,0.25626
12017.36,BTC-27SEP19,1565089143432,open,0.94,0.2,0.9605,1.0605,1.00751672,108.03,1.6,0.0,BTC-27SEP19-24000-P,11761.25,0.0,0.0,0.0,0.0,0.0,0.0,5.9147,-6.15889,-33.13491,3e-05,-0.9325
11776.21,SYN.BTC-9AUG19,1565089143428,open,0.0,206.2,0.0005,0.0105,0.00042369,133.88,0.0005,0.0,BTC-9AUG19-9000-P,11761.25,0.0,0.0,0.0,0.0005,25.4,136.89,0.28147,-4.98942,-0.00978,2e-05,-0.01012
12254.48,BTC-27DEC19,1565089143433,open,1.4,0.2,1.4145,1.5685,1.48817693,105.5,2.03,0.0,BTC-27DEC19-30000-P,11761.25,0.0,0.005,1.0,0.0,0.0,0.0,18.06179,-6.66819,-112.04746,3e-05,-0.84766
12017.36,BTC-27SEP19,1565089143433,open,0.0,550.0,0.0005,0.012,0.00202013,113.55,0.002,0.0,BTC-27SEP19-5000-P,11761.25,102.73,0.001,18.0,0.0025,24.0,117.4,1.39798,-1.53003,-0.23661,1e-05,-0.01183
11810.63,SYN.BTC-16AUG19,1565089143428,open,0.08,207.2,0.028,0.0925,0.06161917,104.96,0.071,0.0,BTC-16AUG19-12000-C,11761.25,103.25,0.0605,18.0,0.0695,18.0,116.97,7.75021,-41.18513,1.39347,0.0002,0.49768
12017.36,BTC-27SEP19,1565089143433,open,0.0,1660.1,0.0005,0.0105,8.4e-07,135.0,0.0005,0.0,BTC-27SEP19-1500-P,11761.25,0.0,0.0,0.0,0.001,77.1,237.67,0.00145,-0.00188,-0.00013,0.0,-1e-05
11810.63,SYN.BTC-16AUG19,1565089143428,open,0.0,21.2,0.0005,0.0115,0.00156924,121.21,0.0015,0.0,BTC-16AUG19-8000-P,11761.25,102.73,0.0005,4.0,0.002,30.0,126.22,0.94106,-5.77519,-0.06896,2e-05,-0.02001
11810.63,SYN.BTC-16AUG19,1565089143428,open,0.39,0.0,0.352,0.381,0.36586379,127.25,None,0.0,BTC-16AUG19-7500-C,11761.25,0.0,0.0,0.0,0.0,0.0,0.0,0.5839,-3.76188,1.98974,1e-05,0.98852
11776.21,SYN.BTC-9AUG19,1565089143428,open,0.0,139.4,0.0005,0.0105,1.651e-05,134.98,0.0005,0.0,BTC-9AUG19-8000-P,11761.25,0.0,0.0,0.0,0.0005,6.2,189.1,0.0188,-0.19448,-0.00049,0.0,-0.00051
11879.47,SYN.BTC-30AUG19,1565089143429,open,0.51,0.0,0.485,0.508,0.49596593,120.94,None,0.0,BTC-30AUG19-6000-C,11761.25,0.0,0.0,0.0,0.0,0.0,0.0,0.7431,-1.882,3.84626,1e-05,0.99094
11810.63,SYN.BTC-16AUG19,1565089143428,open,0.35,0.0,0.309,0.3415,0.32424969,121.67,None,0.0,BTC-16AUG19-8000-C,11761.25,0.0,0.0,0.0,0.0,0.0,0.0,0.95447,-5.87938,2.09438,2e-05,0.97965
12254.48,BTC-27DEC19,1565089143434,open,0.05,159.2,0.0275,0.0875,0.0567865,98.57,0.044,0.0,BTC-27DEC19-7500-P,11761.25,94.25,0.051,6.0,0.0575,10.0,99.1,16.62052,-5.73348,-9.18504,3e-05,-0.13469
11776.21,SYN.BTC-9AUG19,1565089143428,open,0.02,412.0,0.0005,0.0275,0.00858451,111.1,0.01,0.0,BTC-9AUG19-13000-C,11761.25,112.94,0.009,0.4,0.0105,31.9,119.33,2.64747,-51.14331,0.14998,0.00022,0.17024
11810.63,SYN.BTC-16AUG19,1565089143428,open,0.31,0.0,0.329,0.395,0.35961468,114.33,None,0.0,BTC-16AUG19-16000-P,11761.25,0.0,0.0,0.0,0.0,0.0,0.0,2.44047,-14.12699,-4.1395,6e-05,-0.93577
11810.63,SYN.BTC-16AUG19,1565089143428,open,0.0,77.8,0.0005,0.0115,0.00178579,107.03,0.0015,0.0,BTC-16AUG19-8500-P,11761.25,88.32,0.0005,1.1,0.003,30.0,117.7,1.14318,-6.19442,-0.08625,3e-05,-0.0252
11810.63,SYN.BTC-16AUG19,1565089143428,open,0.02,76.7,0.0015,0.033,0.0130755,110.65,0.021,0.0,BTC-16AUG19-14500-C,11761.25,107.8,0.012,24.0,0.0165,24.0,119.18,4.53094,-25.38272,0.43776,0.00011,0.15007
11810.63,SYN.BTC-16AUG19,1565089143428,open,0.1,50.7,0.0465,0.113,0.08184714,104.97,0.0795,0.0,BTC-16AUG19-11500-C,11761.25,102.85,0.0805,18.0,0.09,18.0,117.75,7.52905,-40.01275,1.64015,0.00019,0.5951
11776.21,SYN.BTC-9AUG19,1565089143428,open,0.47,0.2,0.437,0.4585,0.44807065,212.45,0.4595,0.0,BTC-9AUG19-6500-C,11761.25,0.0,0.0,0.0,0.0,0.0,0.0,0.0215,-0.79426,0.51154,0.0,0.99941
11879.47,SYN.BTC-30AUG19,1565089143435,open,0.14,17.1,0.1205,0.206,0.16493449,104.72,0.162,0.0,BTC-30AUG19-13000-P,11761.25,0.0,0.0,0.0,0.0,0.0,0.0,11.87472,-26.04181,-5.79089,0.00012,-0.58029
11879.47,SYN.BTC-30AUG19,1565089143429,open,0.4,0.0,0.4075,0.489,0.4465462,108.92,None,0.0,BTC-30AUG19-17000-P,11761.25,0.0,0.01,1.0,0.0,0.0,0.0,6.2764,-14.31615,-10.26445,6e-05,-0.87437
11776.21,SYN.BTC-9AUG19,1565089143428,open,0.43,0.0,0.3935,0.417,0.40561468,188.57,None,0.0,BTC-9AUG19-7000-C,11761.25,0.0,0.0,0.0,0.0,0.0,0.0,0.02561,-0.83963,0.55082,0.0,0.99929
234.27,ETH-27SEP19,1565089143441,open,0.47,347.0,0.43,0.555,0.493581,103.59,0.565,0.0,ETH-27SEP19-340-P,229.86,0.0,0.0,0.0,1.19,1.0,500.0,0.26426,-0.26384,-0.42269,0.00327,-0.77593
238.11,ETH-27DEC19,1565089143441,open,1.84,0.0,1.781,1.993,1.883955,107.76,None,0.0,ETH-27DEC19-680-P,229.86,0.0,0.0,0.0,0.0,0.0,0.0,0.2826,-0.10657,-2.58422,0.00118,-0.88864
238.11,ETH-27DEC19,1565089143441,open,0.16,498.0,0.09,0.203,0.152774,102.7,0.16,0.0,ETH-27DEC19-320-C,229.86,99.55,0.145,150.0,0.159,256.0,105.22,0.58863,-0.21156,0.27221,0.00258,0.44483
234.27,ETH-27SEP19,1565089143441,open,0.02,7899.0,0.008,0.045,0.024762,99.52,0.018,0.0,ETH-27SEP19-160-P,229.86,91.25,0.019,493.0,0.024,200.0,98.47,0.1707,-0.16374,-0.04631,0.0022,-0.11432
238.11,ETH-27DEC19,1565089143442,open,0.76,16.0,0.688,0.863,0.778986,104.15,1.195,0.0,ETH-27DEC19-400-P,229.86,0.0,0.001,8.0,1.49,1.0,462.39,0.53211,-0.19394,-1.36071,0.0023,-0.68091
238.11,ETH-27DEC19,1565089143441,open,0.1,853.0,0.048,0.146,0.100077,104.59,0.104,0.0,ETH-27DEC19-400-C,229.86,102.31,0.095,1.0,0.106,294.0,107.22,0.53329,-0.1952,0.20571,0.0023,0.32078
238.11,ETH-27DEC19,1565089143442,open,1.68,0.0,1.62,1.827,1.721106,107.55,None,0.0,ETH-27DEC19-640-P,229.86,0.0,0.0,0.0,0.0,0.0,0.0,0.31281,-0.11773,-2.41636,0.00131,-0.87139
238.11,ETH-27DEC19,1565089143442,open,1.52,0.0,1.461,1.661,1.559031,107.06,0.953,0.0,ETH-27DEC19-600-P,229.86,0.0,0.0,0.0,0.0,0.0,0.0,0.34433,-0.12901,-2.24717,0.00145,-0.85194
238.11,ETH-27DEC19,1565089143442,open,2.16,0.0,2.104,2.329,2.212087,108.03,None,0.0,ETH-27DEC19-760-P,229.86,0.0,0.001,100.0,0.0,0.0,0.0,0.22958,-0.08679,-2.91564,0.00096,-0.91609
238.11,ETH-27DEC19,1565089143443,open,2.0,0.0,1.942,2.161,2.048049,108.27,None,0.0,ETH-27DEC19-720-P,229.86,0.0,0.003,5.0,0.0,0.0,0.0,0.25703,-0.09739,-2.7499,0.00107,-0.9023
234.27,ETH-27SEP19,1565089143442,open,0.02,4842.0,0.005,0.043,0.021421,105.8,0.023,0.0,ETH-27SEP19-400-C,229.86,105.26,0.021,200.0,0.023,200.0,107.78,0.18359,-0.18721,0.03507,0.00222,0.12676
234.16,ETH-27SEP19,1565089143443,open,1.86,0.0,1.819,1.994,1.903375,0.0,None,0.0,ETH-27SEP19-680-P,229.86,0.0,0.0,0.0,0.0,0.0,0.0,0.0,0.0,-0.96645,0.0,-1.0
238.11,ETH-27DEC19,1565089143443,open,1.36,0.0,1.302,1.497,1.398373,106.59,0.845,0.0,ETH-27DEC19-560-P,229.86,0.0,0.0,0.0,0.0,0.0,0.0,0.37885,-0.14132,-2.07575,0.0016,-0.82868
238.11,ETH-27DEC19,1565089143443,open,1.21,37.0,1.144,1.334,1.239368,106.02,0.707,0.0,ETH-27DEC19-520-P,229.86,0.0,0.002,25.0,0.0,0.0,0.0,0.41559,-0.1542,-1.90191,0.00177,-0.80118
230.21,SYN.ETH-9AUG19,1565089143441,open,0.04,1206.0,0.006,0.066,0.036356,101.47,0.042,0.0,ETH-9AUG19-230-C,229.86,106.12,0.038,2.0,0.039,150.0,108.95,0.08139,-1.43597,0.00881,0.01921,0.52196
234.16,ETH-27SEP19,1565089143443,open,1.19,12.0,1.157,1.3,1.225288,104.49,1.193,0.0,ETH-27SEP19-520-P,229.86,0.0,0.0,0.0,0.0,0.0,0.0,0.06619,-0.06665,-0.72935,0.00081,-0.96626
234.16,ETH-27SEP19,1565089143443,open,1.53,27.0,1.488,1.645,1.56327,96.99,1.044,0.0,ETH-27SEP19-600-P,229.86,0.0,0.0,0.0,0.0,0.0,0.0,0.02022,-0.0189,-0.85026,0.00027,-0.99159
238.11,ETH-27DEC19,1565089143444,open,1.05,21.0,0.989,1.174,1.082481,105.36,0.629,0.0,ETH-27DEC19-480-P,229.86,0.0,0.001,7.0,0.0,0.0,0.0,0.45399,-0.16738,-1.72524,0.00194,-0.76852
230.79,SYN.ETH-16AUG19,1565089143441,open,0.29,0.0,0.263,0.35,0.305011,103.28,None,0.0,ETH-16AUG19-300-P,229.86,0.0,0.0,0.0,0.0,0.0,0.0,0.05225,-0.27324,-0.07698,0.00351,-0.9277
234.16,ETH-27SEP19,1565089143444,open,1.36,24.0,1.322,1.473,1.394069,103.03,1.356,0.0,ETH-27SEP19-560-P,229.86,0.0,0.0,0.0,0.0,0.0,0.0,0.04301,-0.04271,-0.79004,0.00054,-0.97985
230.21,SYN.ETH-9AUG19,1565089143441,open,0.01,385.0,0.001,0.042,0.017243,101.25,0.013,0.0,ETH-9AUG19-220-P,229.86,87.03,0.013,249.0,0.018,200.0,103.73,0.07009,-1.23395,-0.0056,0.01658,-0.29129
231.95,SYN.ETH-30AUG19,1565089143441,open,0.46,0.0,0.426,0.529,0.476713,104.19,None,0.0,ETH-30AUG19-340-P,229.86,0.0,0.0,0.0,0.0,0.0,0.0,0.10141,-0.22125,-0.20942,0.00277,-0.90353
230.21,SYN.ETH-9AUG19,1565089143441,open,0.01,1100.0,0.001,0.024,0.006854,101.28,0.003,0.0,ETH-9AUG19-210-P,229.86,85.64,0.004,546.0,0.008,290.0,106.84,0.04614,-0.81241,-0.00272,0.01091,-0.14299
231.95,SYN.ETH-30AUG19,1565089143442,open,0.04,695.0,0.013,0.067,0.039253,101.97,0.04,0.0,ETH-30AUG19-280-C,229.86,98.14,0.036,242.0,0.042,160.0,105.15,0.19868,-0.42428,0.03609,0.00554,0.27709
230.79,SYN.ETH-16AUG19,1565089143441,open,0.01,118.0,0.001,0.03,0.011827,103.14,0.015,0.0,ETH-16AUG19-280-C,229.86,95.21,0.009,528.0,0.014,250.0,108.72,0.08685,-0.45352,0.00837,0.00584,0.14582
230.79,SYN.ETH-16AUG19,1565089143441,open,0.02,176.0,0.002,0.039,0.017247,102.45,0.02,0.0,ETH-16AUG19-270-C,229.86,95.13,0.014,458.0,0.019,200.0,106.22,0.10581,-0.54885,0.01132,0.00717,0.19853
12255.3,BTC-27DEC19,1565089143461,open,0.96,0.0,0.952,1.1035,1.02686228,103.83,None,0.0,BTC-27DEC19-24000-P,11761.25,0.0,0.0055,1.0,1.7965,0.2,500.0,23.77765,-8.63988,-85.77156,4e-05,-0.76108
11879.47,SYN.BTC-30AUG19,1565089143476,open,0.05,96.5,0.035,0.1015,0.06858298,103.48,0.0525,0.0,BTC-30AUG19-11000-P,11761.25,96.94,0.0625,29.3,0.0705,29.3,105.53,11.08388,-24.0183,-3.14515,0.00012,-0.33616
12016.54,BTC-27SEP19,1565089143543,open,1.57,0.0,1.611,1.724,1.66512201,110.65,None,0.0,BTC-27SEP19-32000-P,11761.25,0.0,0.0,0.0,0.0,0.0,0.0,1.83308,-1.95502,-45.23963,1e-05,-0.9838
12016.54,BTC-27SEP19,1565089143572,open,0.0,416.0,0.0005,0.0105,0.00082869,124.06,0.0015,0.0,BTC-27SEP19-4000-P,11761.25,0.0,0.0,0.0,0.0015,10.0,134.25,0.63834,-0.76327,-0.0971,0.0,-0.00486
12016.54,BTC-27SEP19,1565089143654,open,0.21,529.1,0.1455,0.2285,0.19017503,100.6,0.2135,0.0,BTC-27SEP19-11000-C,11761.25,96.1,0.184,14.4,0.195,14.4,104.1,16.52831,-16.02566,8.08777,8e-05,0.66374
12016.54,BTC-27SEP19,1565089143656,open,1.41,0.0,1.448,1.557,1.4998592,111.0,None,0.0,BTC-27SEP19-30000-P,11761.25,0.0,0.0,0.0,0.0,0.0,0.0,2.55974,-2.73859,-42.2838,1e-05,-0.97599
234.16,ETH-27SEP19,1565089143704,open,0.33,769.0,0.286,0.407,0.349236,102.36,0.45,0.0,ETH-27SEP19-300-P,229.86,0.0,0.048,1.0,0.97,5.0,500.0,0.31839,-0.31412,-0.34031,0.00399,-0.67334
234.16,ETH-27SEP19,1565089143709,open,0.4,497.0,0.356,0.479,0.41966,102.61,0.51,0.0,ETH-27SEP19-320-P,229.86,0.0,0.0,0.0,1.39,1.0,500.0,0.29169,-0.28849,-0.38273,0.00365,-0.73036
234.16,ETH-27SEP19,1565089143714,open,1.36,24.0,1.324,1.473,1.395181,108.37,1.356,0.0,ETH-27SEP19-560-P,229.86,0.0,0.0,0.0,0.0,0.0,0.0,0.05469,-0.05712,-0.7882,0.00065,-0.9732
238.11,ETH-27DEC19,1565089143732,open,2.0,0.0,1.944,2.162,2.049534,109.63,None,0.0,ETH-27DEC19-720-P,229.86,0.0,0.003,5.0,0.0,0.0,0.0,0.26521,-0.10174,-2.74729,0.00109,-0.89802
234.16,ETH-27SEP19,1565089143740,open,0.7,79.0,0.665,0.795,0.728844,104.82,0.351,0.0,ETH-27SEP19-400-P,229.86,0.0,0.0,0.0,0.0,0.0,0.0,0.18024,-0.1821,-0.53424,0.00221,-0.87646
231.84,SYN.ETH-30AUG19,1565089143740,open,0.54,0.0,0.509,0.613,0.559257,103.16,None,0.0,ETH-30AUG19-360-P,229.86,0.0,0.0,0.0,0.0,0.0,0.0,0.07271,-0.15706,-0.22702,0.002,-0.93774
231.84,SYN.ETH-30AUG19,1565089143742,open,0.17,0.0,0.129,0.226,0.180032,100.79,0.218,0.0,ETH-30AUG19-260-P,229.86,0.0,0.0,0.0,0.0,0.0,0.0,0.22505,-0.47503,-0.12192,0.00635,-0.62392
234.16,ETH-27SEP19,1565089143744,open,1.19,12.0,1.158,1.301,1.226314,107.89,1.193,0.0,ETH-27SEP19-520-P,229.86,0.0,0.0,0.0,0.0,0.0,0.0,0.07508,-0.07808,-0.72782,0.00089,-0.96064
234.16,ETH-27SEP19,1565089143752,open,0.63,259.0,0.585,0.713,0.648547,103.99,0.94,0.0,ETH-27SEP19-380-P,229.86,0.0,0.009,8.0,0.0,0.0,0.0,0.20527,-0.20574,-0.49892,0.00253,-0.8506
238.11,ETH-27DEC19,1565089143757,open,0.9,0.0,0.836,1.016,0.92866,104.72,None,0.0,ETH-27DEC19-440-P,229.86,0.0,0.001,8.0,0.0,0.0,0.0,0.49353,-0.18086,-1.54499,0.00212,-0.72895
234.16,ETH-27SEP19,1565089143781,open,0.86,0.0,0.827,0.96,0.891473,104.63,None,0.0,ETH-27SEP19-440-P,229.86,0.0,0.0,0.0,0.0,0.0,0.0,0.13184,-0.13296,-0.6027,0.00162,-0.91952
238.11,ETH-27DEC19,1565089143783,open,1.21,37.0,1.146,1.335,1.240395,106.61,0.707,0.0,ETH-27DEC19-520-P,229.86,0.0,0.002,25.0,0.0,0.0,0.0,0.41851,-0.15614,-1.9007,0.00177,-0.79885
238.11,ETH-27DEC19,1565089143794,open,1.68,0.0,1.622,1.828,1.722411,108.53,None,0.0,ETH-27DEC19-640-P,229.86,0.0,0.0,0.0,0.0,0.0,0.0,0.31863,-0.12102,-2.41433,0.00132,-0.86791
238.11,ETH-27DEC19,1565089143794,open,1.84,0.0,1.783,1.994,1.885582,109.11,None,0.0,ETH-27DEC19-680-P,229.86,0.0,0.0,0.0,0.0,0.0,0.0,0.29074,-0.11102,-2.58152,0.0012,-0.88412
234.16,ETH-27SEP19,1565089143820,open,2.03,0.0,1.985,2.171,2.074261,0.0,None,0.0,ETH-27SEP19-720-P,229.86,0.0,0.0,0.0,0.0,0.0,0.0,0.0,0.0,-1.0233,0.0,-1.0
238.11,ETH-27DEC19,1565089143822,open,1.52,0.0,1.462,1.662,1.560244,107.9,0.953,0.0,ETH-27DEC19-600-P,229.86,0.0,0.0,0.0,0.0,0.0,0.0,0.34911,-0.13182,-2.24542,0.00146,-0.84886
234.16,ETH-27SEP19,1565089143822,open,1.03,0.0,0.992,1.129,1.057485,104.75,None,0.0,ETH-27SEP19-480-P,229.86,0.0,0.0,0.0,0.0,0.0,0.0,0.09478,-0.09569,-0.66723,0.00116,-0.94741
238.11,ETH-27DEC19,1565089143832,open,1.36,0.0,1.303,1.498,1.399494,107.29,0.845,0.0,ETH-27DEC19-560-P,229.86,0.0,0.0,0.0,0.0,0.0,0.0,0.38265,-0.14367,-2.07427,0.00161,-0.82598
234.16,ETH-27SEP19,1565089143837,open,1.69,0.0,1.653,1.82,1.733395,89.34,None,0.0,ETH-27SEP19-640-P,229.86,0.0,0.0,0.0,0.0,0.0,0.0,0.00666,-0.00574,-0.90887,0.0001,-0.99758
231.84,SYN.ETH-30AUG19,1565089143838,open,0.11,338.0,0.074,0.161,0.12038,98.33,0.112,0.0,ETH-30AUG19-240-P,229.86,93.05,0.115,256.0,0.125,120.0,102.85,0.23654,-0.48706,-0.0948,0.00684,-0.50472
230.21,SYN.ETH-9AUG19,1565089143840,open,0.03,158.0,0.006,0.067,0.035407,101.21,0.033,0.0,ETH-9AUG19-230-P,229.86,86.05,0.03,181.0,0.038,150.0,108.68,0.0814,-1.43241,-0.00931,0.01926,-0.47807
230.79,SYN.ETH-16AUG19,1565089143850,open,0.01,118.0,0.001,0.03,0.011815,103.14,0.015,0.0,ETH-16AUG19-280-C,229.86,95.21,0.009,250.0,0.014,250.0,108.72,0.08685,-0.45352,0.00837,0.00584,0.14582
234.16,ETH-27SEP19,1565089143861,open,1.53,27.0,1.49,1.646,1.564683,108.37,1.044,0.0,ETH-27SEP19-600-P,229.86,0.0,0.0,0.0,0.0,0.0,0.0,0.03892,-0.04065,-0.84757,0.00046,-0.98209
234.16,ETH-27SEP19,1565089143861,open,2.2,0.0,2.15,2.347,2.245007,0.0,None,0.0,ETH-27SEP19-760-P,229.86,0.0,0.0,0.0,0.0,0.0,0.0,0.0,0.0,-1.08015,0.0,-1.0
234.16,ETH-27SEP19,1565089143863,open,1.86,0.0,1.822,1.995,1.904982,108.53,None,0.0,ETH-27SEP19-680-P,229.86,0.0,0.0,0.0,0.0,0.0,0.0,0.01972,-0.02062,-0.96406,0.00023,-0.99183
231.84,SYN.ETH-30AUG19,1565089143863,open,0.3,0.0,0.267,0.369,0.319002,101.78,None,0.0,ETH-30AUG19-300-P,229.86,0.0,0.0,0.0,0.0,0.0,0.0,0.16343,-0.34832,-0.17047,0.00457,-0.80511
238.11,ETH-27DEC19,1565089143865,open,2.16,0.0,2.106,2.33,2.213661,109.63,None,0.0,ETH-27DEC19-760-P,229.86,0.0,0.001,100.0,0.0,0.0,0.0,0.23919,-0.09176,-2.9127,0.00098,-0.91136
12016.54,BTC-27SEP19,1565089143943,open,0.76,225.7,0.741,0.7605,0.7506014,135.93,0.693,0.0,BTC-27SEP19-3000-C,11761.25,0.0,0.004,20.0,0.884,5.0,500.0,0.22346,-0.29277,4.23344,0.0,0.99848
230.21,SYN.ETH-9AUG19,1565089144066,open,0.01,385.0,0.001,0.042,0.01727,101.25,0.013,0.0,ETH-9AUG19-220-P,229.86,87.03,0.013,249.0,0.019,200.0,106.99,0.07009,-1.23395,-0.0056,0.01658,-0.29129
230.79,SYN.ETH-16AUG19,1565089144068,open,0.01,118.0,0.001,0.03,0.011815,103.14,0.015,0.0,ETH-16AUG19-280-C,229.86,95.21,0.009,250.0,0.013,250.0,106.19,0.08685,-0.45352,0.00837,0.00584,0.14582
12254.71,BTC-27DEC19,1565089144132,open,3.09,1.0,3.1615,3.3535,3.25227748,110.49,4.454,0.0,BTC-27DEC19-52000-P,11761.25,0.0,0.001,1.0,0.0,0.0,0.0,6.67204,-2.57991,-202.03915,1e-05,-0.95952
230.79,SYN.ETH-16AUG19,1565089144149,open,0.02,37.0,0.006,0.053,0.026958,98.81,0.019,0.0,ETH-16AUG19-210-P,229.86,89.29,0.022,200.0,0.028,200.0,100.83,0.12164,-0.60855,-0.01754,0.00854,-0.25397
230.68,SYN.ETH-16AUG19,1565089144149,open,0.14,0.0,0.106,0.194,0.151672,101.49,None,0.0,ETH-16AUG19-260-P,229.86,0.0,0.0,0.0,0.0,0.0,0.0,0.12387,-0.63648,-0.05545,0.00848,-0.73673
230.68,SYN.ETH-16AUG19,1565089144320,open,0.17,0.0,0.142,0.231,0.187132,101.38,None,0.0,ETH-16AUG19-270-P,229.86,0.0,0.0,0.0,0.0,0.0,0.0,0.10454,-0.53657,-0.06194,0.00716,-0.80524
11879.47,SYN.BTC-30AUG19,1565089144401,open,0.16,196.4,0.104,0.176,0.14263564,103.52,0.148,0.0,BTC-30AUG19-11000-C,11761.25,101.74,0.141,9.1,0.15,9.1,111.37,11.08423,-24.03036,4.0497,0.00012,0.66381
11810.63,SYN.BTC-16AUG19,1565089144403,open,0.1,50.7,0.0465,0.113,0.08181959,104.97,0.0795,0.0,BTC-16AUG19-11500-C,11761.25,102.07,0.08,18.0,0.09,18.0,117.75,7.52905,-40.01275,1.64015,0.00019,0.5951
12254.48,BTC-27DEC19,1565089144415,open,0.25,139.0,0.215,0.341,0.28168806,98.79,0.275,0.0,BTC-27DEC19-13000-P,11761.25,96.29,0.2755,4.9,0.29,4.9,102.23,29.89791,-10.33623,-33.43852,5e-05,-0.41547
12254.71,BTC-27DEC19,1565089144427,open,0.52,63.0,0.4755,0.5315,0.50401386,98.6,0.4965,0.0,BTC-27DEC19-6500-C,11760.41,0.0,0.355,1.0,0.957,2.0,500.0,12.52443,-4.32165,19.44068,2e-05,0.90928
12254.71,BTC-27DEC19,1565089144427,open,0.02,93.2,0.006,0.0345,0.01824188,98.58,0.025,0.0,BTC-27DEC19-5500-P,11760.41,92.85,0.0145,6.0,0.02,16.0,101.09,8.40432,-2.89926,-3.46469,1e-05,-0.05398
12254.71,BTC-27DEC19,1565089144427,open,0.06,395.1,0.0365,0.1045,0.07032465,98.57,0.061,0.0,BTC-27DEC19-8000-P,11760.41,94.7,0.0645,4.9,0.071,10.0,99.02,18.55486,-6.40078,-10.98571,3e-05,-0.15869
12016.7,BTC-27SEP19,1565089144427,open,0.72,261.1,0.6995,0.719,0.70936267,133.69,0.714,0.0,BTC-27SEP19-3500-C,11760.41,0.0,0.161,1.0,0.7435,0.1,290.18,0.4727,-0.60909,4.90443,0.0,0.99653
12016.7,BTC-27SEP19,1565089144427,open,0.0,49.2,0.0005,0.0105,0.00041505,134.98,0.0015,0.0,BTC-27SEP19-3250-P,11760.41,0.0,0.0,0.0,0.0035,15.0,180.2,0.33505,-0.43589,-0.04757,0.0,-0.00237
12254.71,BTC-27DEC19,1565089144428,open,0.0,385.4,0.0005,0.0115,0.00190966,105.99,0.0015,0.0,BTC-27DEC19-3000-P,11760.41,89.18,0.0005,5.0,0.003,10.0,113.62,1.50683,-0.5589,-0.43064,0.0,-0.00707
12016.7,BTC-27SEP19,1565089144428,open,0.0,124.2,0.0005,0.0105,0.00089621,132.27,0.004,0.0,BTC-27SEP19-3750-P,11760.41,123.28,0.0005,1.0,0.001,1.0,134.15,0.64032,-0.81636,-0.09855,0.0,-0.00487
12016.7,BTC-27SEP19,1565089144428,open,0.8,55.9,0.7825,0.802,0.79203131,136.87,0.689,0.0,BTC-27SEP19-2500-C,11760.41,0.0,0.004,10.0,0.897,5.0,500.0,0.07788,-0.10274,3.54361,0.0,0.99952
12254.71,BTC-27DEC19,1565089144429,open,0.65,6.5,0.628,0.6565,0.64149581,100.56,0.575,0.0,BTC-27DEC19-4500-C,11760.41,0.0,0.012,0.1,0.9645,1.0,500.0,4.96556,-1.74753,15.84134,1e-05,0.97173
12254.71,BTC-27DEC19,1565089144428,open,0.58,59.3,0.5495,0.5905,0.56945646,98.61,0.51,0.0,BTC-27DEC19-5500-C,11760.41,0.0,0.255,1.0,0.9605,5.0,500.0,8.40859,-2.90166,18.06183,1e-05,0.94598
11809.85,SYN.BTC-16AUG19,1565089144427,open,0.17,0.0,0.1675,0.241,0.20367978,109.8,None,0.0,BTC-16AUG19-14000-P,11760.41,0.0,0.01,1.0,0.0,0.0,0.0,5.39244,-29.97617,-3.21607,0.00013,-0.8028
12016.7,BTC-27SEP19,1565089144429,open,0.0,391.7,0.0005,0.012,0.00236779,104.79,0.0035,0.0,BTC-27SEP19-5500-P,11760.41,92.35,0.001,25.0,0.0035,24.0,111.88,1.69416,-1.7111,-0.2929,1e-05,-0.01478
12254.71,BTC-27DEC19,1565089144429,open,0.49,52.5,0.441,0.504,0.47359457,98.57,0.414,0.0,BTC-27DEC19-7000-C,11760.41,0.0,0.3765,1.0,0.55,0.1,155.5,14.59695,-5.03548,19.88275,3e-05,0.88808
11809.85,SYN.BTC-16AUG19,1565089144427,open,0.0,20.0,0.0005,0.0105,0.0004619,132.76,0.0005,0.0,BTC-16AUG19-7000-P,11760.41,0.0,0.0,0.0,0.001,20.0,146.91,0.33688,-2.2643,-0.02108,1e-05,-0.00614
11809.85,SYN.BTC-16AUG19,1565089144427,open,0.01,22.3,0.0005,0.018,0.0049725,114.69,0.007,0.0,BTC-16AUG19-16000-C,11760.41,106.93,0.0035,30.0,0.0075,30.0,125.53,2.45865,-14.2764,0.19133,6e-05,0.06485
12254.71,BTC-27DEC19,1565089144430,open,0.16,122.9,0.125,0.2335,0.18203101,98.59,0.185,0.0,BTC-27DEC19-11000-P,11760.41,95.42,0.175,4.9,0.1855,10.0,100.15,27.21311,-9.38866,-23.81193,5e-05,-0.31436
12016.7,BTC-27SEP19,1565089144429,open,0.74,0.0,0.72,0.7395,0.72997295,135.51,None,0.0,BTC-27SEP19-3250-C,11760.41,0.0,0.004,10.0,0.878,5.0,500.0,0.34364,-0.44882,4.5701,0.0,0.99756
12254.71,BTC-27DEC19,1565089144430,open,0.03,218.0,0.014,0.058,0.03440501,98.58,0.026,0.0,BTC-27DEC19-6500-P,11760.41,93.66,0.0295,6.0,0.0355,10.0,99.65,12.52239,-4.32021,-6.00116,2e-05,-0.0907
11775.4,SYN.BTC-9AUG19,1565089144427,open,0.11,0.0,0.1245,0.181,0.15060929,112.21,None,0.0,BTC-9AUG19-13500-P,11760.41,0.0,0.01,1.0,0.0,0.0,0.0,1.73909,-33.92927,-0.98118,0.00014,-0.907
12254.71,BTC-27DEC19,1565089144431,open,0.0,173.8,0.0005,0.0105,0.00045604,131.52,0.0005,0.0,BTC-27DEC19-1500-P,11760.41,0.0,0.0,0.0,0.0005,13.9,132.89,0.37818,-0.17406,-0.09468,0.0,-0.00152
12254.71,BTC-27DEC19,1565089144430,open,0.38,171.1,0.32,0.4085,0.36758295,98.59,0.313,0.0,BTC-27DEC19-9000-C,11760.41,0.0,0.24,0.1,0.373,0.1,101.6,22.05364,-7.60917,20.29681,4e-05,0.7907
12016.7,BTC-27SEP19,1565089144431,open,0.23,61.0,0.2065,0.309,0.25974697,101.67,0.4995,0.0,BTC-27SEP19-14000-P,11760.41,0.0,0.004,10.0,0.792,0.3,499.75,17.69021,-17.33466,-14.37541,8e-05,-0.58197
11878.75,SYN.BTC-30AUG19,1565089144428,open,0.12,497.9,0.062,0.135,0.10083105,103.52,0.1105,0.0,BTC-30AUG19-12000-C,11760.41,102.7,0.1,10.0,0.1085,10.0,111.08,12.06681,-26.16027,3.39268,0.00013,0.53746
12016.7,BTC-27SEP19,1565089144431,open,0.62,13.5,0.5965,0.616,0.60626778,115.07,0.382,0.0,BTC-27SEP19-4750-C,11760.41,0.0,0.004,10.0,0.6795,5.0,299.65,1.12517,-1.24791,6.56691,0.0,0.99078
11878.75,SYN.BTC-30AUG19,1565089144428,open,0.0,590.0,0.0005,0.011,0.00101464,120.53,0.001,0.0,BTC-30AUG19-6000-P,11760.41,110.1,0.0005,5.0,0.001,2.0,120.3,0.73145,-1.84634,-0.07706,1e-05,-0.0089
12254.71,BTC-27DEC19,1565089144431,open,1.1,0.0,1.1045,1.2565,1.17881641,104.59,None,0.0,BTC-27DEC19-26000-P,11760.41,0.0,0.004,10.0,1.953,0.2,499.65,21.81225,-7.98342,-94.66256,4e-05,-0.79456
11809.85,SYN.BTC-16AUG19,1565089144427,open,0.02,45.7,0.005,0.0475,0.02393707,104.89,0.0225,0.0,BTC-16AUG19-10500-P,11760.41,96.68,0.02,10.0,0.0225,0.2,101.93,5.77214,-30.65345,-0.78379,0.00015,-0.22135
11878.75,SYN.BTC-30AUG19,1565089144431,open,0.2,0.0,0.183,0.2705,0.22798211,106.54,None,0.0,BTC-30AUG19-14000-P,11760.41,0.0,0.007,1.0,0.0,0.0,0.0,10.86942,-24.25128,-7.05258,0.00011,-0.67966
11775.4,SYN.BTC-9AUG19,1565089144427,open,0.0,147.7,0.0005,0.0155,0.0031674,124.86,0.0025,0.0,BTC-9AUG19-10000-P,11760.41,106.73,0.0015,10.5,0.0035,0.5,127.81,1.29356,-28.08308,-0.06139,9e-05,-0.06301
11775.4,SYN.BTC-9AUG19,1565089144427,open,0.0,15.7,0.0005,0.0105,1e-08,134.98,0.0005,0.0,BTC-9AUG19-6500-P,11760.41,0.0,0.0,0.0,0.0015,10.0,323.86,1e-05,-7e-05,0.0,0.0,0.0
11775.4,SYN.BTC-9AUG19,1565089144427,open,0.3,5.4,0.2635,0.2935,0.2783065,140.7,0.307,0.0,BTC-9AUG19-8500-C,11760.41,0.0,0.0,0.0,0.0,0.0,0.0,0.11731,-2.86989,0.66605,1e-05,0.99623
11809.85,SYN.BTC-16AUG19,1565089144427,open,0.19,16.5,0.14,0.194,0.16742975,105.04,0.174,0.0,BTC-16AUG19-10000-C,11760.41,0.0,0.1195,0.1,0.0,0.0,0.0,4.46973,-23.77147,2.19046,0.00011,0.85294
11878.75,SYN.BTC-30AUG19,1565089144427,open,0.0,924.8,0.0005,0.0125,0.00256324,110.5,0.002,0.0,BTC-30AUG19-7000-P,11760.41,101.29,0.0015,10.0,0.0035,24.0,116.82,1.5994,-3.70104,-0.19148,2e-05,-0.02208
11878.75,SYN.BTC-30AUG19,1565089144427,open,0.28,21.1,0.2335,0.2855,0.25977345,103.57,0.2905,0.0,BTC-30AUG19-9000-C,11760.41,0.0,0.1,0.2,0.305,0.5,174.89,6.04066,-13.10198,4.82729,6e-05,0.88103
11775.4,SYN.BTC-9AUG19,1565089144427,open,0.15,0.0,0.166,0.2205,0.190909,114.26,0.217,0.0,BTC-9AUG19-14000-P,11760.41,0.0,0.01,1.0,0.0,0.0,0.0,1.05916,-21.04171,-1.05948,8e-05,-0.95109
11809.85,SYN.BTC-16AUG19,1565089144427,open,0.01,60.8,0.0005,0.0215,0.00662294,112.43,0.0085,0.0,BTC-16AUG19-15500-C,11760.41,107.81,0.0055,30.0,0.0095,30.0,122.77,2.9999,-17.07689,0.2477,7e-05,0.08414
11809.85,SYN.BTC-16AUG19,1565089144427,open,0.23,5.3,0.1805,0.2265,0.20326574,105.1,0.2025,0.0,BTC-16AUG19-9500-C,11760.41,0.0,0.01,1.0,0.0,0.0,0.0,3.13513,-16.68262,2.26065,8e-05,0.91075
11775.4,SYN.BTC-9AUG19,1565089144427,open,0.0,38.3,0.0005,0.0125,0.0020715,115.16,0.0045,0.0,BTC-9AUG19-14000-C,11760.41,119.57,0.0025,0.5,0.0045,30.0,136.18,1.08333,-21.69102,0.04475,9e-05,0.05031
11775.4,SYN.BTC-9AUG19,1565089144427,open,0.0,82.3,0.0005,0.0105,0.00010069,134.97,0.0005,0.0,BTC-9AUG19-8500-P,11760.41,0.0,0.0,0.0,0.001,17.9,179.14,0.08735,-1.18566,-0.00261,1e-05,-0.00271
11775.4,SYN.BTC-9AUG19,1565089144428,open,0.14,200.6,0.0905,0.14,0.11473322,115.62,0.1225,0.0,BTC-9AUG19-10500-C,11760.41,95.01,0.1115,5.8,0.135,5.8,201.91,2.10705,-42.35636,0.70874,0.00017,0.87868
11809.85,SYN.BTC-16AUG19,1565089144427,open,0.16,0.0,0.103,0.164,0.13490744,105.01,None,0.0,BTC-16AUG19-10500-C,11760.41,0.0,0.0815,0.1,0.0,0.0,0.0,5.77516,-30.70457,2.05633,0.00015,0.77844
11775.4,SYN.BTC-9AUG19,1565089144428,open,0.18,130.6,0.1335,0.177,0.15399776,125.39,0.1855,0.0,BTC-9AUG19-10000-C,11760.41,0.0,0.14,5.9,0.166,5.9,197.39,1.30543,-28.46052,0.72572,0.0001,0.93625
11809.85,SYN.BTC-16AUG19,1565089144428,open,0.2,0.0,0.2065,0.2775,0.24077604,110.44,0.256,0.0,BTC-16AUG19-14500-P,11760.41,0.0,0.01,1.0,0.0,0.0,0.0,4.51825,-25.26438,-3.48717,0.00011,-0.85055
11809.85,SYN.BTC-16AUG19,1565089144427,open,0.27,0.0,0.223,0.262,0.24168048,105.21,None,0.0,BTC-16AUG19-9000-C,11760.41,0.0,0.01,1.0,0.0,0.0,0.0,1.96501,-10.4668,2.26717,5e-05,0.9512
11775.4,SYN.BTC-9AUG19,1565089144427,open,0.34,2.0,0.307,0.335,0.32068083,151.03,0.27,0.0,BTC-9AUG19-8000-C,11760.41,0.0,0.0,0.0,0.0,0.0,0.0,0.05364,-1.40851,0.62876,0.0,0.99841
11809.85,SYN.BTC-16AUG19,1565089144427,open,0.14,0.0,0.1305,0.206,0.16837598,109.01,0.195,0.0,BTC-16AUG19-13500-P,11760.41,0.0,0.01,1.0,0.0,0.0,0.0,6.2482,-34.48344,-2.91597,0.00015,-0.74419
11809.85,SYN.BTC-16AUG19,1565089144427,open,0.11,0.0,0.0965,0.173,0.13559517,108.5,0.164,0.0,BTC-16AUG19-13000-P,11760.41,0.0,0.0,0.0,0.0,0.0,0.0,7.00755,-38.49564,-2.58435,0.00017,-0.67319
11809.85,SYN.BTC-16AUG19,1565089144427,open,0.27,0.0,0.2875,0.355,0.31900001,112.09,0.345,0.0,BTC-16AUG19-15500-P,11760.41,0.0,0.0,0.0,0.0,0.0,0.0,2.9802,-16.91313,-3.94816,7e-05,-0.91659
11775.4,SYN.BTC-9AUG19,1565089144427,open,0.19,0.0,0.2075,0.261,0.23234527,116.97,None,0.0,BTC-9AUG19-14500-P,11760.41,0.0,0.0,0.0,0.0,0.0,0.0,0.61943,-12.59741,-1.11971,5e-05,-0.97458
238.13,ETH-27DEC19,1565089144437,open,0.41,0.0,0.36,0.445,0.407688,100.09,None,0.0,ETH-27DEC19-160-C,229.88,0.0,0.002,100.0,0.98,5.0,500.0,0.37919,-0.13281,0.39222,0.00171,0.82846
234.16,ETH-27SEP19,1565089144437,open,0.04,1837.0,0.014,0.072,0.042373,103.76,0.044,0.0,ETH-27SEP19-340-C,229.88,100.73,0.039,426.0,0.045,160.0,106.07,0.26427,-0.2643,0.06054,0.00327,0.22428
234.16,ETH-27SEP19,1565089144437,open,0.0,2698.0,0.001,0.011,0.000884,112.09,0.001,0.0,ETH-27SEP19-720-C,229.88,0.0,0.0,0.0,0.002,442.0,122.84,0.01765,-0.01907,0.0021,0.0002,0.00721
238.13,ETH-27DEC19,1565089144438,open,0.08,1941.0,0.041,0.115,0.079647,100.12,0.072,0.0,ETH-27DEC19-160-P,229.88,94.0,0.07,294.0,0.079,40.0,99.71,0.37923,-0.13287,-0.23416,0.00171,-0.17156
238.13,ETH-27DEC19,1565089144437,open,0.24,800.0,0.181,0.309,0.250806,100.13,0.24,0.0,ETH-27DEC19-240-P,229.88,96.45,0.242,40.0,0.259,40.0,103.57,0.56809,-0.19906,-0.58968,0.00256,-0.3818
238.13,ETH-27DEC19,1565089144438,open,0.35,432.0,0.288,0.434,0.366995,101.33,0.441,0.0,ETH-27DEC19-280-P,229.88,97.72,0.358,30.0,0.377,30.0,105.35,0.59325,-0.21037,-0.78531,0.00264,-0.47549
230.68,SYN.ETH-16AUG19,1565089144437,open,0.01,261.0,0.001,0.023,0.007909,103.58,0.009,0.0,ETH-16AUG19-290-C,229.88,96.75,0.006,250.0,0.01,250.0,110.24,0.06861,-0.35982,0.00601,0.0046,0.10419
238.15,ETH-27DEC19,1565089144438,open,0.03,2777.0,0.011,0.05,0.029898,100.13,0.023,0.0,ETH-27DEC19-120-P,229.88,92.33,0.023,300.0,0.029,50.0,99.15,0.22081,-0.07737,-0.10213,0.00099,-0.07966
234.18,ETH-27SEP19,1565089144438,open,0.66,0.0,0.648,0.67,0.659401,124.54,None,0.0,ETH-27SEP19-80-C,229.88,0.0,0.003,10.0,0.0,0.0,0.0,0.01463,-0.01756,0.11142,0.00015,0.99417
238.15,ETH-27DEC19,1565089144438,open,0.32,164.0,0.255,0.36,0.314789,100.17,0.288,0.0,ETH-27DEC19-200-C,229.88,0.0,0.001,1000.0,0.5,30.0,192.17,0.4989,-0.17488,0.38059,0.00224,0.72305
234.18,ETH-27SEP19,1565089144438,open,0.0,3419.0,0.001,0.011,0.001505,108.4,0.001,0.0,ETH-27SEP19-640-C,229.88,0.0,0.0,0.0,0.003,337.0,118.18,0.02766,-0.0289,0.00351,0.00033,0.01204
234.18,ETH-27SEP19,1565089144438,open,0.07,3362.0,0.039,0.112,0.076867,99.56,0.066,0.0,ETH-27SEP19-200-P,229.88,94.04,0.07,379.0,0.078,160.0,100.47,0.29277,-0.28094,-0.11598,0.00377,-0.27159
234.18,ETH-27SEP19,1565089144438,open,0.0,4712.0,0.001,0.012,0.002638,115.21,0.002,0.0,ETH-27SEP19-100-P,229.88,0.0,0.0,0.0,0.006,300.0,133.47,0.03299,-0.03663,-0.00579,0.00037,-0.01477
238.15,ETH-27DEC19,1565089144438,open,0.05,1460.0,0.015,0.083,0.047639,107.28,0.047,0.0,ETH-27DEC19-560-C,229.88,104.97,0.044,40.0,0.051,290.0,109.34,0.38273,-0.14368,0.11782,0.00161,0.17403
234.18,ETH-27SEP19,1565089144438,open,0.01,2471.0,0.002,0.03,0.013265,106.1,0.017,0.0,ETH-27SEP19-440-C,229.88,102.03,0.011,500.0,0.015,200.0,108.99,0.13654,-0.13963,0.02364,0.00165,0.08431
234.18,ETH-27SEP19,1565089144438,open,0.42,191.0,0.388,0.437,0.413571,99.99,0.5,0.0,ETH-27SEP19-140-C,229.88,0.0,0.0,0.0,0.0,0.0,0.0,0.10542,-0.1016,0.17515,0.00135,0.93982
234.18,ETH-27SEP19,1565089144438,open,0.0,7916.0,0.001,0.011,0.000887,116.65,0.001,0.0,ETH-27SEP19-760-C,229.88,0.0,0.0,0.0,0.002,100.0,127.64,0.01722,-0.01936,0.00204,0.00019,0.00701
238.15,ETH-27DEC19,1565089144439,open,0.07,789.0,0.026,0.108,0.067538,105.83,0.08,0.0,ETH-27DEC19-480-C,229.88,103.43,0.063,40.0,0.072,275.0,108.13,0.45622,-0.16896,0.15468,0.00194,0.23347
234.18,ETH-27SEP19,1565089144439,open,0.18,1114.0,0.127,0.216,0.176748,99.66,0.153,0.0,ETH-27SEP19-220-C,229.88,94.18,0.169,120.0,0.18,120.0,101.97,0.3308,-0.31777,0.15364,0.00426,0.63837
238.15,ETH-27DEC19,1565089144439,open,0.04,1087.0,0.009,0.065,0.034577,108.52,0.028,0.0,ETH-27DEC19-640-C,229.88,105.78,0.031,50.0,0.038,300.0,111.02,0.3187,-0.12103,0.09091,0.00132,0.1321
231.84,SYN.ETH-30AUG19,1565089144437,open,0.01,3160.0,0.001,0.019,0.007192,105.43,0.007,0.0,ETH-30AUG19-360-C,229.88,98.18,0.005,500.0,0.009,200.0,110.54,0.07713,-0.17031,0.0091,0.00208,0.06718
230.1,SYN.ETH-9AUG19,1565089144437,open,0.05,217.0,0.024,0.098,0.061988,100.98,0.053,0.0,ETH-9AUG19-240-P,229.88,78.7,0.055,150.0,0.065,150.0,110.2,0.07444,-1.30684,-0.01317,0.01767,-0.66468
238.15,ETH-27DEC19,1565089144440,open,0.13,242.0,0.065,0.17,0.1221,103.29,0.102,0.0,ETH-27DEC19-360-C,229.88,100.29,0.115,40.0,0.129,281.0,106.19,0.56542,-0.20439,0.2366,0.00247,0.3759
230.1,SYN.ETH-9AUG19,1565089144437,open,0.24,0.0,0.224,0.301,0.260312,0.0,None,0.0,ETH-9AUG19-290-P,229.88,0.0,0.0,0.0,0.0,0.0,0.0,0.0,0.0,-0.02285,0.0,-1.0
230.1,SYN.ETH-9AUG19,1565089144437,open,0.0,51.0,0.001,0.011,1.3e-05,124.85,0.003,0.0,ETH-9AUG19-160-P,229.88,0.0,0.0,0.0,0.002,300.0,220.28,0.00031,-0.00293,-1e-05,6e-05,-0.00043
230.68,SYN.ETH-16AUG19,1565089144437,open,0.0,0.0,0.001,0.011,0.001748,100.02,None,0.0,ETH-16AUG19-170-P,229.88,0.0,0.0,0.0,0.002,250.0,102.43,0.02317,-0.11734,-0.00175,0.00161,-0.02635
230.68,SYN.ETH-16AUG19,1565089144437,open,0.21,0.0,0.181,0.269,0.225046,101.72,None,0.0,ETH-16AUG19-280-P,229.88,0.0,0.0,0.0,0.0,0.0,0.0,0.08499,-0.43769,-0.06764,0.0058,-0.85869
230.1,SYN.ETH-9AUG19,1565089144437,open,0.36,0.0,0.329,0.368,0.348418,195.61,None,0.0,ETH-9AUG19-150-C,229.88,0.0,0.0,0.0,0.0,0.0,0.0,0.00315,-0.10701,0.01171,0.00039,0.99463
230.1,SYN.ETH-9AUG19,1565089144437,open,0.4,0.0,0.373,0.409,0.391855,222.33,None,0.0,ETH-9AUG19-140-C,229.88,0.0,0.0,0.0,0.0,0.0,0.0,0.00266,-0.10275,0.01094,0.00029,0.99556
231.84,SYN.ETH-30AUG19,1565089144439,open,0.33,0.0,0.291,0.341,0.316694,99.65,None,0.0,ETH-30AUG19-160-C,229.88,0.0,0.0,0.0,0.0,0.0,0.0,0.06762,-0.14111,0.09502,0.00193,0.94324
230.1,SYN.ETH-9AUG19,1565089144438,open,0.0,259.0,0.001,0.011,0.000455,124.77,0.001,0.0,ETH-9AUG19-180-P,229.88,0.0,0.0,0.0,0.002,300.0,158.03,0.00616,-0.10477,-0.00022,0.00118,-0.01153
230.68,SYN.ETH-16AUG19,1565089144437,open,0.0,0.0,0.001,0.011,0.001447,113.28,None,0.0,ETH-16AUG19-160-P,229.88,0.0,0.0,0.0,0.003,300.0,128.73,0.01826,-0.10474,-0.00133,0.00112,-0.01986
230.1,SYN.ETH-9AUG19,1565089144437,open,0.0,264.0,0.001,0.011,0.000751,107.19,0.001,0.0,ETH-9AUG19-280-C,229.88,0.0,0.0,0.0,0.002,255.0,126.38,0.01069,-0.17273,0.00038,0.00239,0.02193
231.84,SYN.ETH-30AUG19,1565089144439,open,0.03,475.0,0.006,0.049,0.025615,102.64,0.03,0.0,ETH-30AUG19-300-C,229.88,98.9,0.023,428.0,0.028,160.0,105.95,0.16476,-0.35415,0.02607,0.00457,0.19751
230.1,SYN.ETH-9AUG19,1565089144437,open,0.27,0.0,0.239,0.284,0.261629,149.64,None,0.0,ETH-9AUG19-170-C,229.88,0.0,0.0,0.0,0.0,0.0,0.0,0.00521,-0.13547,0.01321,0.00083,0.9905
230.1,SYN.ETH-9AUG19,1565089144437,open,0.0,535.0,0.001,0.015,0.003009,109.39,0.002,0.0,ETH-9AUG19-200-P,229.88,87.19,0.001,13.0,0.003,250.0,109.31,0.02676,-0.50891,-0.00128,0.00586,-0.0678
230.1,SYN.ETH-9AUG19,1565089144438,open,0.32,0.0,0.284,0.326,0.30499,170.7,None,0.0,ETH-9AUG19-160-C,229.88,0.0,0.0,0.0,0.0,0.0,0.0,0.00382,-0.11342,0.01248,0.00054,0.99331
230.1,SYN.ETH-9AUG19,1565089144437,open,0.0,162.0,0.001,0.011,0.00089,111.15,0.002,0.0,ETH-9AUG19-190-P,229.88,0.0,0.0,0.0,0.001,4.0,113.33,0.01125,-0.20476,-0.00044,0.00243,-0.02329
230.68,SYN.ETH-16AUG19,1565089144437,open,0.36,0.0,0.33,0.372,0.351117,129.48,None,0.0,ETH-16AUG19-150-C,229.88,0.0,0.0,0.0,0.0,0.0,0.0,0.01575,-0.10327,0.03946,0.00085,0.9833
230.1,SYN.ETH-9AUG19,1565089144437,open,0.15,444.0,0.105,0.163,0.134231,112.85,0.131,0.0,ETH-9AUG19-200-C,229.88,0.0,0.0,0.0,0.0,0.0,0.0,0.02849,-0.55905,0.01436,0.00605,0.92642
230.1,SYN.ETH-9AUG19,1565089144437,open,0.19,200.0,0.149,0.202,0.175551,118.34,0.175,0.0,ETH-9AUG19-190-C,229.88,0.0,0.0,0.0,0.0,0.0,0.0,0.01404,-0.2888,0.0144,0.00284,0.96964
230.1,SYN.ETH-9AUG19,1565089144437,open,0.03,928.0,0.001,0.045,0.019454,102.51,0.031,0.0,ETH-9AUG19-240-C,229.88,94.89,0.017,188.0,0.021,200.0,107.26,0.07468,-1.33108,0.00578,0.01746,0.33815
230.68,SYN.ETH-16AUG19,1565089144437,open,0.01,36.0,0.002,0.036,0.015723,98.65,0.015,0.0,ETH-16AUG19-200-P,229.88,86.61,0.011,481.0,0.016,200.0,99.32,0.09543,-0.47663,-0.01149,0.00672,-0.16838
231.84,SYN.ETH-30AUG19,1565089144438,open,0.13,666.0,0.083,0.16,0.125658,98.87,0.103,0.0,ETH-30AUG19-220-C,229.88,94.03,0.121,120.0,0.13,120.0,103.36,0.22374,-0.46323,0.07659,0.00644,0.63071
230.1,SYN.ETH-9AUG19,1565089144437,open,0.01,362.0,0.001,0.018,0.00419,103.64,0.005,0.0,ETH-9AUG19-260-C,229.88,87.1,0.002,535.0,0.006,550.0,114.34,0.03582,-0.64546,0.00174,0.00829,0.09991
230.1,SYN.ETH-9AUG19,1565089144437,open,0.0,0.0,0.001,0.011,1e-06,124.87,None,0.0,ETH-9AUG19-150-P,229.88,0.0,0.0,0.0,0.001,3.0,227.61,4e-05,-0.00027,0.0,1e-05,-5e-05
231.84,SYN.ETH-30AUG19,1565089144437,open,0.02,618.0,0.004,0.037,0.018233,98.49,0.025,0.0,ETH-30AUG19-180-P,229.88,90.26,0.014,490.0,0.019,200.0,99.9,0.12483,-0.25746,-0.02234,0.0036,-0.12909
230.68,SYN.ETH-16AUG19,1565089144437,open,0.16,121.0,0.113,0.18,0.149129,99.64,0.14,0.0,ETH-16AUG19-200-C,229.88,0.0,0.0,0.0,0.0,0.0,0.0,0.09616,-0.48512,0.04247,0.0067,0.82961
231.84,SYN.ETH-30AUG19,1565089144440,open,0.0,3084.0,0.001,0.013,0.003169,107.45,0.002,0.0,ETH-30AUG19-400-C,229.88,91.24,0.001,750.0,0.005,200.0,115.98,0.04294,-0.09663,0.00443,0.00114,0.03235
230.68,SYN.ETH-16AUG19,1565089144437,open,0.04,78.0,0.009,0.064,0.035807,102.33,0.043,0.0,ETH-16AUG19-250-C,229.88,94.34,0.031,405.0,0.038,200.0,105.93,0.14009,-0.72576,0.01942,0.00951,0.3469
230.1,SYN.ETH-9AUG19,1565089144438,open,0.23,0.0,0.194,0.243,0.218555,136.09,None,0.0,ETH-9AUG19-180-C,229.88,0.0,0.0,0.0,0.0,0.0,0.0,0.00911,-0.21559,0.01384,0.00161,0.98184
231.84,SYN.ETH-30AUG19,1565089144439,open,0.02,997.0,0.003,0.036,0.016869,103.74,0.016,0.0,ETH-30AUG19-320-C,229.88,100.37,0.015,288.0,0.019,200.0,107.4,0.13174,-0.28621,0.01862,0.00361,0.13963
230.1,SYN.ETH-9AUG19,1565089144438,open,0.0,238.0,0.001,0.011,9.1e-05,124.82,0.001,0.0,ETH-9AUG19-170-P,229.88,0.0,0.0,0.0,0.001,5.0,167.96,0.00167,-0.02087,-5e-05,0.00032,-0.00265
230.68,SYN.ETH-16AUG19,1565089144439,open,0.06,374.0,0.016,0.079,0.048577,99.98,0.066,0.0,ETH-16AUG19-240-C,229.88,94.45,0.045,175.0,0.053,150.0,106.79,0.14948,-0.75663,0.02424,0.01038,0.43697
12254.71,BTC-27DEC19,1565089144534,open,0.42,14.1,0.387,0.528,0.46074255,100.19,0.4715,0.0,BTC-27DEC19-16000-P,11760.41,97.27,0.4535,3.6,0.4705,3.6,104.12,30.3964,-10.65781,-48.22551,5e-05,-0.54459
12254.71,BTC-27DEC19,1565089144536,open,0.26,166.3,0.1905,0.3005,0.25021601,98.58,0.2655,0.0,BTC-27DEC19-12000-C,11760.41,96.36,0.245,3.6,0.258,13.6,101.89,28.84582,-9.95123,18.40949,5e-05,0.63399
11878.75,SYN.BTC-30AUG19,1565089144538,open,0.08,187.8,0.0355,0.104,0.07064678,104.78,0.0885,0.0,BTC-30AUG19-13000-C,11760.41,103.63,0.0695,10.0,0.0765,10.0,110.62,11.87408,-26.05495,2.71244,0.00012,0.41973
12254.71,BTC-27DEC19,1565089144546,open,0.04,141.0,0.0095,0.0685,0.03460651,106.44,0.035,0.0,BTC-27DEC19-32000-C,11760.41,104.85,0.0325,6.0,0.039,10.0,109.6,16.54961,-6.16448,4.76083,3e-05,0.13385
12254.71,BTC-27DEC19,1565089144666,open,0.17,269.3,0.096,0.208,0.15516486,100.21,0.15,0.0,BTC-27DEC19-16000-C,11760.41,98.93,0.152,3.6,0.1635,10.0,103.57,30.39683,-10.65979,14.4053,5e-05,0.45546
11775.4,SYN.BTC-9AUG19,1565089144668,open,0.07,215.5,0.0195,0.079,0.0510017,109.12,0.0515,0.0,BTC-9AUG19-11500-C,11760.41,104.69,0.0495,0.4,0.0595,25.8,134.04,3.99484,-75.79631,0.52338,0.00034,0.61515
11878.75,SYN.BTC-30AUG19,1565089144701,open,0.12,497.9,0.062,0.135,0.10083105,103.52,0.1105,0.0,BTC-30AUG19-12000-C,11760.41,102.7,0.1,10.0,0.1085,24.4,111.08,12.06681,-26.16027,3.39268,0.00013,0.53746
11775.4,SYN.BTC-9AUG19,1565089144714,open,0.11,292.0,0.0505,0.1075,0.0800803,112.61,0.08,0.0,BTC-9AUG19-11000-C,11760.41,104.8,0.078,0.1,0.0885,12.3,142.21,3.19101,-62.47829,0.63798,0.00026,0.76775
12254.71,BTC-27DEC19,1565089144728,open,0.31,192.2,0.2685,0.4005,0.33801727,99.19,0.337,0.0,BTC-27DEC19-14000-P,11760.41,96.77,0.332,3.6,0.347,3.6,102.81,30.44769,-10.56952,-38.36967,5e-05,-0.46185
12254.71,BTC-27DEC19,1565089144729,open,0.04,141.0,0.0095,0.0685,0.03460651,106.44,0.035,0.0,BTC-27DEC19-32000-C,11760.41,104.85,0.0325,6.0,0.039,16.0,109.6,16.54961,-6.16448,4.76083,3e-05,0.13385
12254.71,BTC-27DEC19,1565089144731,open,0.23,239.9,0.16,0.2725,0.22085153,98.82,0.2185,0.0,BTC-27DEC19-13000-C,11760.41,97.03,0.2165,3.6,0.2295,13.6,102.37,29.89755,-10.33902,17.44815,5e-05,0.58458
12254.71,BTC-27DEC19,1565089144732,open,0.11,537.5,0.0505,0.151,0.10115965,102.2,0.1115,0.0,BTC-27DEC19-20000-C,11760.41,100.8,0.098,4.9,0.1085,14.9,105.42,27.68757,-9.90249,10.86586,5e-05,0.32767
12254.71,BTC-27DEC19,1565089144749,open,0.42,14.1,0.387,0.528,0.46074255,100.19,0.4715,0.0,BTC-27DEC19-16000-P,11760.41,97.27,0.4535,3.6,0.47,3.6,103.92,30.3964,-10.65781,-48.22551,5e-05,-0.54459
230.7,SYN.ETH-16AUG19,1565089144751,open,0.25,0.0,0.223,0.309,0.265023,103.77,None,0.0,ETH-16AUG19-290-P,229.88,0.0,0.0,0.0,0.0,0.0,0.0,0.06888,-0.36187,-0.07242,0.00461,-0.89525
12254.71,BTC-27DEC19,1565089144755,open,0.04,141.0,0.0095,0.0685,0.03460651,106.44,0.035,0.0,BTC-27DEC19-32000-C,11760.41,105.23,0.033,6.0,0.039,16.0,109.6,16.54961,-6.16448,4.76083,3e-05,0.13385
11809.04,SYN.BTC-16AUG19,1565089145202,open,0.0,2.0,0.0005,0.0105,0.00085224,126.55,0.0005,0.0,BTC-16AUG19-7500-P,11760.41,0.0,0.0,0.0,0.0015,20.0,137.59,0.56959,-3.64937,-0.03838,1e-05,-0.01116
230.12,SYN.ETH-9AUG19,1565089145237,open,0.2,0.0,0.182,0.256,0.217612,109.13,None,0.0,ETH-9AUG19-280-P,229.88,0.0,0.0,0.0,0.0,0.0,0.0,0.01154,-0.21903,-0.02164,0.00254,-0.97598
12254.14,BTC-27DEC19,1565089145426,open,0.0,299.9,0.0005,0.015,0.00519223,100.52,0.0065,0.0,BTC-27DEC19-4000-P,11760.01,88.74,0.0025,16.0,0.0065,10.0,104.92,3.41037,-1.19969,-1.11738,1e-05,-0.0181
12254.14,BTC-27DEC19,1565089145427,open,0.01,513.9,0.0005,0.019,0.00868554,100.52,0.0095,0.0,BTC-27DEC19-4500-P,11760.01,96.12,0.007,2.0,0.0095,10.0,102.49,4.96076,-1.74508,-1.77112,1e-05,-0.02824
12015.71,BTC-27SEP19,1565089145427,open,0.01,441.4,0.0005,0.0225,0.00990221,100.55,0.0075,0.0,BTC-27SEP19-7000-P,11760.01,94.26,0.0075,15.0,0.0115,24.0,104.32,4.90553,-4.75404,-1.07701,2e-05,-0.05316
12015.71,BTC-27SEP19,1565089145427,open,0.13,85.4,0.1015,0.193,0.14954277,100.53,0.13,0.0,BTC-27SEP19-12000-P,11760.01,96.44,0.1435,14.4,0.1545,14.4,103.89,17.73826,-17.18722,-9.78607,9e-05,-0.4235
12015.71,BTC-27SEP19,1565089145427,open,0.78,0.2,0.799,0.899,0.8464856,106.63,1.391,0.0,BTC-27SEP19-22000-P,11760.01,0.0,0.004,10.0,0.0,0.0,0.0,7.72727,-7.94199,-29.89026,4e-05,-0.9038
11809.04,SYN.BTC-16AUG19,1565089145427,open,0.24,0.5,0.247,0.3155,0.27935179,110.98,0.305,0.0,BTC-16AUG19-15000-P,11760.01,0.0,0.0,0.0,0.0,0.0,0.0,3.68646,-20.7137,-3.73167,9e-05,-0.88857
12015.71,BTC-27SEP19,1565089145429,open,0.7,0.0,0.679,0.6985,0.68883077,132.75,None,0.0,BTC-27SEP19-3750-C,11760.01,0.0,0.004,10.0,0.733,10.0,300.4,0.65297,-0.83546,5.22886,0.0,0.99502
12015.31,BTC-27SEP19,1565089145430,open,0.0,421.5,0.0005,0.0105,0.00060821,133.27,0.0005,0.0,BTC-27SEP19-3500-P,11760.01,0.0,0.0,0.0,0.0005,0.9,130.27,0.46424,-0.59632,-0.0685,0.0,-0.0034
12253.74,BTC-27DEC19,1565089145431,open,0.21,101.6,0.167,0.285,0.22943892,98.56,0.208,0.0,BTC-27DEC19-12000-P,11760.01,95.83,0.223,4.9,0.236,4.9,101.35,28.84527,-9.94934,-28.56461,5e-05,-0.36608
12015.31,BTC-27SEP19,1565089145431,open,0.88,42.8,0.8655,0.885,0.87517456,160.49,0.815,0.0,BTC-27SEP19-1500-C,11760.01,0.0,0.0,0.0,0.0,0.0,0.0,0.01649,-0.02551,2.13005,0.0,0.99991
11877.98,SYN.BTC-30AUG19,1565089145429,open,0.26,0.0,0.2535,0.3395,0.29652012,107.27,None,0.0,BTC-30AUG19-15000-P,11760.01,0.0,0.01,1.0,0.0,0.0,0.0,9.39656,-21.10908,-8.22598,9e-05,-0.7622
11877.98,SYN.BTC-30AUG19,1565089145428,open,0.22,173.2,0.162,0.226,0.19568785,103.55,0.218,0.0,BTC-30AUG19-10000-C,11760.01,0.0,0.1305,0.7,0.27,0.2,194.01,8.92488,-19.35327,4.56303,9e-05,0.78297
11809.04,SYN.BTC-16AUG19,1565089145427,open,0.31,0.0,0.266,0.3,0.28205082,107.53,None,0.0,BTC-16AUG19-8500-C,11760.01,0.0,0.0,0.0,0.0,0.0,0.0,1.16339,-6.33342,2.2117,3e-05,0.97426
11774.57,SYN.BTC-9AUG19,1565089145427,open,0.39,0.0,0.3505,0.3755,0.36308094,169.73,None,0.0,BTC-9AUG19-7500-C,11760.01,0.0,0.0,0.0,0.0,0.0,0.0,0.03755,-1.10821,0.58986,0.0,0.99893
11877.98,SYN.BTC-30AUG19,1565089145430,open,0.03,628.9,0.014,0.0635,0.0375275,103.47,0.027,0.0,BTC-30AUG19-10000-P,11760.01,98.05,0.0335,30.3,0.0385,19.3,104.77,8.92236,-19.33429,-1.97701,9e-05,-0.21692
234.18,ETH-27SEP19,1565089145436,open,1.69,0.0,1.655,1.82,1.734674,110.24,None,0.0,ETH-27SEP19-640-P,229.89,0.0,0.0,0.0,0.0,0.0,0.0,0.03055,-0.03246,-0.90568,0.00036,-0.98649
234.18,ETH-27SEP19,1565089145436,open,2.2,0.0,2.153,2.347,2.246529,120.03,None,0.0,ETH-27SEP19-760-P,229.89,0.0,0.0,0.0,0.0,0.0,0.0,0.02097,-0.02425,-1.07762,0.00022,-0.99124
234.18,ETH-27SEP19,1565089145437,open,2.03,0.0,1.987,2.171,2.075701,115.21,None,0.0,ETH-27SEP19-720-P,229.89,0.0,0.0,0.0,0.0,0.0,0.0,0.0213,-0.02366,-1.02071,0.00024,-0.99107
231.86,SYN.ETH-30AUG19,1565089145438,open,0.7,0.0,0.677,0.785,0.72849,108.15,None,0.0,ETH-30AUG19-400-P,229.89,0.0,0.0,0.0,0.0,0.0,0.0,0.04408,-0.09984,-0.25709,0.00116,-0.96661
12253.74,BTC-27DEC19,1565089145455,open,1.1,0.0,1.1045,1.2565,1.17877974,104.48,None,0.0,BTC-27DEC19-26000-P,11760.01,0.0,0.004,10.0,1.954,0.2,500.0,21.78087,-7.96367,-94.67586,4e-05,-0.79503
12015.71,BTC-27SEP19,1565089145464,open,0.49,1.0,0.485,0.588,0.53569732,104.4,1.5815,0.0,BTC-27SEP19-18000-P,11760.01,0.0,0.004,0.3,1.08,0.3,500.0,12.80541,-12.88599,-22.75446,6e-05,-0.79674
11809.04,SYN.BTC-16AUG19,1565089145618,open,0.08,1.1,0.066,0.1405,0.10465415,106.21,0.073,0.0,BTC-16AUG19-12500-P,11760.01,92.55,0.096,18.0,0.1065,18.0,109.1,7.53269,-40.50759,-2.23263,0.00019,-0.5941
234.18,ETH-27SEP19,1565089145956,open,0.01,4039.0,0.001,0.016,0.005613,107.88,0.004,0.0,ETH-27SEP19-520-C,229.89,102.32,0.004,5.0,0.007,200.0,111.92,0.07509,-0.07808,0.01123,0.00089,0.03936
