underlying_price,underlying_index,timestamp,state,settlement_price,open_interest,min_price,max_price,mark_price,mark_iv,last_price,interest_rate,instrument_name,index_price,bid_iv,best_bid_price,best_bid_amount,best_ask_price,best_ask_amount,ask_iv,vega,theta,rho,gamma,delta
178.78,ETH-27MAR20,1574247540009,open,1.23,9.0,1.182,1.35,1.26109,91.4,1.34,0.0,ETH-27MAR20-400-P,174.27,0.0,1.204,7.0,1.308,7.0,122.96,0.20103,-0.07184,-1.34633,0.00196,-0.88841
174.35,SYN.ETH-22NOV19,1574247540015,open,0.21,0.0,0.173,0.221,0.197056,105.0,None,0.0,ETH-22NOV19-140-C,174.27,0.0,0.0,0.0,0.0,0.0,0.0,0.00064,-0.01784,0.00718,0.00039,0.99843
8125.88,BTC-27DEC19,1574247540805,open,0.0,964.7,0.0005,0.014,0.00333479,95.69,0.004,0.0,BTC-27DEC19-15000-C,8055.36,94.14,0.003,12.2,0.004,15.8,98.5,1.8154,-2.35532,0.22876,3e-05,0.0312
8125.88,BTC-27DEC19,1574247540805,open,0.0,801.2,0.0005,0.0105,0.00093187,100.0,0.0025,0.0,BTC-27DEC19-18000-C,8055.36,105.85,0.0015,14.1,0.002,0.4,109.81,0.66174,-0.89725,0.07082,1e-05,0.00956
8298.73,BTC-27MAR20,1574247540805,open,0.01,155.5,0.0015,0.034,0.01103022,95.71,0.01,0.0,BTC-27MAR20-24000-C,8055.36,93.31,0.0095,36.0,0.011,8.4,95.67,5.52534,-2.06784,1.30107,2e-05,0.05578
8125.88,BTC-27DEC19,1574247540805,open,0.04,629.9,0.019,0.0645,0.03770772,60.23,0.038,0.0,BTC-27DEC19-9000-C,8055.36,58.74,0.036,32.0,0.039,36.3,61.35,9.36166,-7.64538,2.40538,0.00023,0.33071
8298.73,BTC-27MAR20,1574247540837,open,2.83,0.0,2.7815,2.951,2.86034496,99.94,None,0.0,BTC-27MAR20-32000-P,8055.26,0.0,0.001,1.0,0.0,0.0,0.0,2.72885,-1.0664,-111.55193,1e-05,-0.97647
8298.73,BTC-27MAR20,1574247540837,open,0.06,1094.7,0.032,0.1025,0.06020269,75.17,0.059,0.0,BTC-27MAR20-12000-C,8055.26,74.04,0.058,12.8,0.062,25.9,76.08,16.30424,-4.79195,6.16074,9e-05,0.2721
8298.73,BTC-27MAR20,1574247540837,open,1.17,0.0,1.135,1.258,1.18928667,85.84,1.23,0.0,BTC-27MAR20-18000-P,8055.26,0.0,0.19,1.0,2.1905,1.0,500.0,8.74973,-2.93669,-60.68424,4e-05,-0.89794
8298.73,BTC-27MAR20,1574247540837,open,0.21,93.7,0.1725,0.27,0.21578126,69.69,0.187,0.0,BTC-27MAR20-9000-P,8055.26,68.3,0.2125,15.0,0.2185,10.0,70.84,19.59519,-5.33916,-20.69986,0.00012,-0.49619
8125.88,BTC-27DEC19,1574247540837,open,0.69,0.0,0.6825,0.702,0.69234197,91.77,None,0.0,BTC-27DEC19-2500-C,8055.26,0.0,0.685,15.0,0.701,15.0,229.7,0.00161,-0.002,2.52561,0.0,0.99999
8298.73,BTC-27MAR20,1574247540837,open,1.41,5.2,1.369,1.498,1.4261283,89.5,1.108,0.0,BTC-27MAR20-20000-P,8055.26,0.0,0.0,0.0,0.0,0.0,0.0,7.39947,-2.58935,-68.17066,3e-05,-0.91859
8125.88,BTC-27DEC19,1574247540837,open,0.57,4.3,0.56,0.5795,0.5695338,99.96,0.5625,0.0,BTC-27DEC19-3500-C,8055.26,0.0,0.5625,12.0,0.5785,12.0,171.6,0.19881,-0.26946,3.51358,0.0,0.99752
8125.88,BTC-27DEC19,1574247540837,open,0.0,449.3,0.0005,0.0105,1e-08,100.0,0.0005,0.0,BTC-27DEC19-44000-C,8055.26,0.0,0.0,0.0,0.0005,15.0,177.65,2e-05,-2e-05,0.0,0.0,0.0
8298.73,BTC-27MAR20,1574247540837,open,0.13,136.7,0.0945,0.178,0.13128148,69.69,0.134,0.0,BTC-27MAR20-9000-C,8055.26,68.93,0.1295,17.3,0.1335,18.0,70.63,19.59519,-5.33928,10.83113,0.00012,0.50382
8125.88,BTC-27DEC19,1574247540837,open,5.35,0.8,5.274,5.5295,5.39932266,151.37,3.59,0.0,BTC-27DEC19-52000-P,8055.26,0.0,0.001,1.0,0.0,0.0,0.0,0.01484,-0.03046,-52.53414,0.0,-0.99985
8125.88,BTC-27DEC19,1574247540837,open,0.96,19.0,0.931,1.019,0.97163563,100.01,1.2,0.0,BTC-27DEC19-16000-P,8055.26,0.0,0.0,0.0,0.0,0.0,0.0,1.47297,-1.99744,-15.98685,2e-05,-0.97572
8125.88,BTC-27DEC19,1574247540837,open,0.33,73.5,0.312,0.351,0.32968156,82.73,0.266,0.0,BTC-27DEC19-5500-C,8055.26,0.0,0.3155,16.0,0.345,14.0,115.18,2.79346,-3.1337,5.06724,5e-05,0.94692
8298.73,BTC-27MAR20,1574247540837,open,0.03,1502.9,0.01,0.059,0.02659234,81.8,0.0255,0.0,BTC-27MAR20-16000-C,8055.26,80.12,0.0245,33.1,0.0285,47.1,83.28,10.53817,-3.37046,3.0842,5e-05,0.13267
8298.73,BTC-27MAR20,1574247540837,open,0.02,267.7,0.007,0.05,0.02028985,85.85,0.021,0.0,BTC-27MAR20-18000-C,8055.26,84.6,0.019,22.0,0.021,9.8,86.52,8.75187,-2.93772,2.37846,4e-05,0.1021
8125.88,BTC-27DEC19,1574247540838,open,0.0,1544.5,0.0005,0.0105,0.0,100.0,0.001,0.0,BTC-27DEC19-52000-C,8055.26,0.0,0.0,0.0,0.0005,49.0,192.37,0.0,0.0,0.0,0.0,0.0
8298.73,BTC-27MAR20,1574247540837,open,0.01,124.2,0.0005,0.0225,0.005762,100.0,0.0085,0.0,BTC-27MAR20-30000-C,8055.26,99.35,0.0055,53.6,0.0075,11.9,103.91,3.37755,-1.32064,0.71583,1e-05,0.03038
8298.73,BTC-27MAR20,1574247540837,open,0.42,1.1,0.396,0.444,0.41725249,73.18,0.4535,0.0,BTC-27MAR20-5000-C,8055.26,49.89,0.4015,12.0,0.4365,12.0,91.81,7.49666,-2.14512,14.53461,4e-05,0.91717
8125.88,BTC-27DEC19,1574247540838,open,2.91,0.3,2.861,3.0185,2.93804578,112.76,2.744,0.0,BTC-27DEC19-32000-P,8055.26,0.0,0.0,0.0,0.0,0.0,0.0,0.01342,-0.02052,-32.32837,0.0,-0.99987
8298.73,BTC-27MAR20,1574247540837,open,0.02,200.0,0.0085,0.0405,0.01975141,73.18,0.02,0.0,BTC-27MAR20-5000-P,8055.26,71.2,0.018,47.6,0.021,17.4,74.54,7.49622,-2.1449,-2.98234,4e-05,-0.08283
8298.73,BTC-27MAR20,1574247540837,open,0.18,273.7,0.1405,0.2235,0.17812064,69.26,0.1795,0.0,BTC-27MAR20-8000-C,8055.26,68.33,0.176,2.2,0.1805,17.0,70.32,18.76496,-5.08202,12.72449,0.00011,0.61578
8125.88,BTC-27DEC19,1574247540837,open,0.0,255.7,0.0005,0.0105,0.0,100.0,0.001,0.0,BTC-27DEC19-1500-P,8055.26,0.0,0.0,0.0,0.0005,89.0,210.11,0.0,0.0,0.0,0.0,0.0
8125.88,BTC-27DEC19,1574247540838,open,0.63,10.0,0.621,0.6405,0.63085327,99.84,0.618,0.0,BTC-27DEC19-3000-C,8055.26,0.0,0.6235,13.0,0.6395,1.0,196.93,0.04468,-0.06048,3.02653,0.0,0.99951
8125.88,BTC-27DEC19,1574247540838,open,0.39,66.8,0.374,0.4085,0.38942566,92.66,0.4645,0.0,BTC-27DEC19-5000-C,8055.26,0.0,0.378,19.0,0.4025,16.0,127.85,2.05374,-2.58039,4.71497,3e-05,0.96376
8125.88,BTC-27DEC19,1574247540837,open,0.82,12.1,0.8055,0.825,0.81540416,0.0,0.8415,0.0,BTC-27DEC19-1500-C,8055.26,0.0,0.8075,1.0,0.824,1.0,325.05,0.0,0.0,1.51544,0.0,1.0
8125.88,BTC-27DEC19,1574247540838,open,0.76,0.0,0.744,0.7635,0.75387237,0.0,None,0.0,BTC-27DEC19-2000-C,8055.26,0.0,0.746,1.0,0.7625,1.0,270.6,0.0,0.0,2.02059,0.0,1.0
8072.33,SYN.BTC-29NOV19,1574247540837,open,0.2,0.6,0.1795,0.2205,0.19822395,90.65,0.243,0.0,BTC-29NOV19-6500-C,8055.26,0.0,0.183,7.0,0.214,7.0,147.82,1.38899,-7.09299,1.46698,0.0001,0.94556
8125.78,BTC-27DEC19,1574247540838,open,0.12,288.6,0.092,0.148,0.11826762,60.35,0.1225,0.0,BTC-27DEC19-7500-C,8055.26,59.21,0.117,14.0,0.1195,9.6,61.46,9.03022,-7.38919,4.74503,0.00022,0.69627
8443.58,SYN.BTC-26JUN20,1574247540837,open,0.08,106.6,0.05,0.1205,0.07913617,73.49,0.0745,0.0,BTC-26JUN20-6000-P,8055.26,71.26,0.0745,10.0,0.0815,31.3,74.62,17.63444,-2.96056,-13.5315,6e-05,-0.18811
8125.78,BTC-27DEC19,1574247540838,open,0.0,496.8,0.0005,0.0105,0.00012238,100.0,0.001,0.0,BTC-27DEC19-22000-C,8055.26,113.33,0.0005,34.1,0.0015,35.4,127.53,0.12349,-0.16744,0.01104,0.0,0.00147
8125.78,BTC-27DEC19,1574247540838,open,1.44,3.6,1.4135,1.514,1.46161311,99.3,1.729,0.0,BTC-27DEC19-20000-P,8055.26,0.0,0.0,0.0,0.0,0.0,0.0,0.27213,-0.3664,-20.1796,0.0,-0.99649
8298.63,BTC-27MAR20,1574247540838,open,3.31,0.0,3.2535,3.438,3.3405697,99.83,None,0.0,BTC-27MAR20-36000-P,8055.26,0.0,0.0,0.0,0.0,0.0,0.0,1.7893,-0.69845,-125.77993,1e-05,-0.98566
8298.63,BTC-27MAR20,1574247540838,open,0.0,88.6,0.0005,0.0155,0.00331279,100.0,0.0065,0.0,BTC-27MAR20-34000-C,8055.26,105.44,0.005,17.0,0.006,13.9,108.09,2.22165,-0.86868,0.44037,1e-05,0.01846
8125.78,BTC-27DEC19,1574247540838,open,4.38,0.0,4.309,4.525,4.41481149,0.0,3.46,0.0,BTC-27DEC19-44000-P,8055.26,0.0,0.001,1.0,0.0,0.0,0.0,0.0,0.0,-44.45289,0.0,-1.0
8125.78,BTC-27DEC19,1574247540839,open,0.02,499.2,0.011,0.0475,0.0248724,63.39,0.023,0.0,BTC-27DEC19-7000-P,8055.26,61.83,0.0235,24.1,0.0255,12.8,64.09,7.23492,-6.21805,-1.84762,0.00017,-0.20019
8125.78,BTC-27DEC19,1574247540838,open,0.0,712.2,0.0005,0.0125,0.00287638,100.0,0.0025,0.0,BTC-27DEC19-4500-P,8055.26,97.63,0.0025,36.0,0.0035,15.9,103.55,1.3444,-1.82284,-0.20246,2e-05,-0.02179
8298.63,BTC-27MAR20,1574247540839,open,0.01,216.8,0.0035,0.038,0.01307795,92.63,0.0125,0.0,BTC-27MAR20-22000-C,8055.26,90.48,0.0115,36.0,0.0135,11.1,93.18,6.3223,-2.28978,1.54653,3e-05,0.06627
8125.78,BTC-27DEC19,1574247540839,open,0.0,868.9,0.0005,0.0105,4.496e-05,100.0,0.0005,0.0,BTC-27DEC19-3000-P,8055.26,0.0,0.0,0.0,0.0005,31.7,126.07,0.0454,-0.06156,-0.00443,0.0,-0.00049
8125.78,BTC-27DEC19,1574247540839,open,2.42,0.2,2.3785,2.516,2.44582549,94.76,2.2765,0.0,BTC-27DEC19-28000-P,8055.26,0.0,0.0,0.0,0.0,0.0,0.0,0.0041,-0.00527,-28.28791,0.0,-0.99996
8125.78,BTC-27DEC19,1574247540839,open,0.01,715.1,0.0005,0.018,0.00518356,83.68,0.0055,0.0,BTC-27DEC19-13000-C,8055.26,81.54,0.0045,61.0,0.006,66.0,86.02,2.71236,-3.07735,0.37734,5e-05,0.05115
8298.63,BTC-27MAR20,1574247540839,open,0.08,108.2,0.054,0.1245,0.08395892,69.26,0.0815,0.0,BTC-27MAR20-7000-P,8055.26,67.74,0.081,20.0,0.0855,17.0,70.05,16.16835,-4.37854,-10.22103,0.0001,-0.2676
8298.63,BTC-27MAR20,1574247540839,open,0.0,607.9,0.0005,0.0115,0.00152608,100.0,0.003,0.0,BTC-27MAR20-40000-C,8055.26,111.62,0.004,1.0,0.0045,12.7,113.28,1.20641,-0.47172,0.22042,1e-05,0.00911
8298.63,BTC-27MAR20,1574247540839,open,1.88,0.0,1.839,1.9815,1.90304907,95.68,None,0.0,BTC-27MAR20-24000-P,8055.26,0.0,0.0005,5.0,0.0,0.0,0.0,5.51787,-2.06426,-82.78362,2e-05,-0.94431
8125.78,BTC-27DEC19,1574247540839,open,0.45,21.6,0.436,0.4655,0.44908431,100.0,0.5285,0.0,BTC-27DEC19-4500-C,8055.26,0.0,0.4405,17.0,0.46,17.0,139.57,1.34465,-1.82329,4.34381,2e-05,0.97821
8125.78,BTC-27DEC19,1574247540839,open,0.0,1560.6,0.0005,0.0155,0.00474515,92.67,0.0045,0.0,BTC-27DEC19-5000-P,8055.26,89.58,0.004,38.0,0.005,16.3,93.66,2.05411,-2.58096,-0.33657,3e-05,-0.03625
8125.78,BTC-27DEC19,1574247540839,open,0.59,99.0,0.57,0.647,0.60501422,83.63,0.638,0.0,BTC-27DEC19-13000-P,8055.26,0.0,0.0,0.0,0.0,0.0,0.0,2.70761,-3.07022,-12.75727,5e-05,-0.94897
8125.78,BTC-27DEC19,1574247540839,open,0.0,979.0,0.0005,0.0105,0.00033517,100.0,0.0015,0.0,BTC-27DEC19-20000-C,8055.26,111.93,0.001,26.5,0.0015,21.0,117.34,0.28806,-0.39059,0.02795,0.0,0.00374
8125.78,BTC-27DEC19,1574247540839,open,0.84,211.2,0.8105,0.895,0.84930892,95.68,0.9295,0.0,BTC-27DEC19-15000-P,8055.26,0.0,0.8245,0.1,0.0,0.0,0.0,1.8145,-2.35391,-14.92577,3e-05,-0.96882
8125.78,BTC-27DEC19,1574247540840,open,0.51,30.9,0.498,0.521,0.508735,100.06,0.5735,0.0,BTC-27DEC19-4000-C,8055.26,0.0,0.5005,11.0,0.519,11.0,154.59,0.59613,-0.80882,3.96335,1e-05,0.99152
8125.78,BTC-27DEC19,1574247540840,open,0.0,728.8,0.0005,0.0105,4.551e-05,100.0,0.0005,0.0,BTC-27DEC19-24000-C,8055.26,121.74,0.0005,14.0,0.001,15.0,130.65,0.05269,-0.07144,0.00439,0.0,0.00058
8125.78,BTC-27DEC19,1574247540840,open,1.2,9.4,1.172,1.2655,1.21608202,99.73,1.1125,0.0,BTC-27DEC19-18000-P,8055.26,0.0,0.0,0.0,0.0,0.0,0.0,0.65063,-0.87982,-18.11578,1e-05,-0.99062
8298.63,BTC-27MAR20,1574247540840,open,0.5,54.1,0.4565,0.568,0.50620011,75.16,0.545,0.0,BTC-27MAR20-12000-P,8055.26,70.37,0.497,2.9,0.513,2.0,78.57,16.30223,-4.79065,-35.88171,9e-05,-0.72796
8443.58,SYN.BTC-26JUN20,1574247540837,open,1.62,0.0,1.572,1.7335,1.64312441,87.62,None,0.0,BTC-26JUN20-22000-P,8055.26,0.0,0.11,1.0,0.0,0.0,0.0,14.68126,-2.9385,-126.64788,4e-05,-0.85818
8298.63,BTC-27MAR20,1574247540840,open,0.53,9.4,0.512,0.5455,0.5262396,79.29,0.585,0.0,BTC-27MAR20-4000-C,8055.26,0.0,0.5135,8.0,0.539,8.0,100.14,3.95073,-1.22486,12.70539,2e-05,0.96324
8298.63,BTC-27MAR20,1574247540840,open,0.04,520.2,0.0225,0.073,0.04247101,69.56,0.043,0.0,BTC-27MAR20-6000-P,8055.26,68.89,0.0415,29.5,0.044,10.0,70.62,11.96166,-3.25342,-5.89274,7e-05,-0.16021
8125.78,BTC-27DEC19,1574247540841,open,1.93,0.0,1.896,2.0145,1.95357904,93.47,None,0.0,BTC-27DEC19-24000-P,8055.26,0.0,0.0,0.0,0.0,0.0,0.0,0.0228,-0.02889,-24.24523,0.0,-0.99976
8125.78,BTC-27DEC19,1574247540841,open,0.04,939.5,0.022,0.0685,0.04125182,60.35,0.041,0.0,BTC-27DEC19-7500-P,8055.26,59.22,0.04,21.1,0.0425,26.8,61.47,9.03013,-7.38867,-2.83208,0.00022,-0.30373
8298.63,BTC-27MAR20,1574247540840,open,0.04,383.7,0.017,0.076,0.03860867,78.46,0.042,0.0,BTC-27MAR20-14000-C,8055.26,76.79,0.036,24.5,0.0405,37.1,79.64,13.14191,-4.03177,4.2763,7e-05,0.18569
8125.78,BTC-27DEC19,1574247540840,open,0.0,812.1,0.0005,0.0105,0.00099059,100.0,0.001,0.0,BTC-27DEC19-4000-P,8055.26,106.03,0.0015,14.0,0.002,25.0,110.76,0.59418,-0.80564,-0.07752,1e-05,-0.00845
8125.78,BTC-27DEC19,1574247540841,open,0.0,435.1,0.0005,0.0125,0.00261328,99.99,0.0035,0.0,BTC-27DEC19-16000-C,8055.26,96.3,0.002,33.0,0.0035,71.3,104.43,1.47116,-1.99448,0.17758,2e-05,0.02424
8443.58,SYN.BTC-26JUN20,1574247540837,open,0.02,75.2,0.007,0.0585,0.02249039,94.78,0.0245,0.0,BTC-26JUN20-30000-C,8055.26,93.11,0.0205,41.6,0.024,10.5,95.99,10.34,-2.23874,3.25883,3e-05,0.08685
8298.63,BTC-27MAR20,1574247540841,open,0.0,116.4,0.0005,0.013,0.00254085,100.0,0.0045,0.0,BTC-27MAR20-36000-C,8055.26,107.28,0.0045,17.0,0.0055,14.0,110.16,1.80775,-0.70684,0.34798,1e-05,0.01451
8072.33,SYN.BTC-29NOV19,1574247540837,open,0.0,499.5,0.0005,0.0145,0.00317501,68.35,0.003,0.0,BTC-29NOV19-9500-C,8055.26,64.93,0.0025,4.0,0.0035,34.0,69.86,1.69295,-6.51826,0.13147,0.00016,0.07015
8125.78,BTC-27DEC19,1574247540841,open,0.01,431.6,0.0005,0.019,0.00653351,82.74,0.006,0.0,BTC-27DEC19-5500-P,8055.26,81.15,0.006,20.0,0.007,18.7,84.07,2.79395,-3.13441,-0.48949,5e-05,-0.05309
8443.58,SYN.BTC-26JUN20,1574247540839,open,0.12,206.4,0.0775,0.1775,0.11996135,77.29,0.123,0.0,BTC-26JUN20-12000-C,8055.26,76.46,0.1175,7.0,0.1225,2.0,78.15,25.02513,-4.41855,13.5041,8e-05,0.38667
8125.78,BTC-27DEC19,1574247540841,open,0.17,69.6,0.1385,0.1915,0.16342591,63.4,0.161,0.0,BTC-27DEC19-7000-C,8055.26,61.78,0.162,14.0,0.166,2.0,66.25,7.23556,-6.21961,5.22411,0.00017,0.79978
8072.33,SYN.BTC-29NOV19,1574247540839,open,0.0,150.7,0.0005,0.0105,0.00014521,100.0,0.0005,0.0,BTC-29NOV19-12500-C,8055.26,0.0,0.0,0.0,0.001,14.0,124.3,0.12214,-0.68807,0.006,1e-05,0.0032
8298.63,BTC-27MAR20,1574247540842,open,0.3,158.2,0.2585,0.364,0.30583685,72.04,0.2675,0.0,BTC-27MAR20-10000-P,8055.26,69.28,0.2995,12.2,0.3085,10.0,73.19,19.10951,-5.3825,-26.00749,0.00011,-0.5887
8125.78,BTC-27DEC19,1574247540842,open,0.28,112.3,0.251,0.2945,0.27098572,74.02,0.27,0.0,BTC-27DEC19-6000-C,8055.26,0.0,0.2545,16.0,0.29,14.0,105.4,3.83108,-3.84511,5.32999,8e-05,0.92024
8125.78,BTC-27DEC19,1574247540842,open,0.0,562.6,0.0005,0.0105,3e-08,100.0,0.0005,0.0,BTC-27DEC19-40000-C,8055.26,0.0,0.0,0.0,0.0005,9.9,169.13,8e-05,-0.00011,0.0,0.0,0.0
8298.63,BTC-27MAR20,1574247540842,open,0.01,57.7,0.0005,0.027,0.00767857,99.97,0.009,0.0,BTC-27MAR20-28000-C,8055.26,97.5,0.0065,50.1,0.0085,12.1,101.55,4.16881,-1.62952,0.91812,2e-05,0.03926
8125.78,BTC-27DEC19,1574247540842,open,0.71,268.3,0.6905,0.771,0.72710285,90.34,0.7205,0.0,BTC-27DEC19-14000-P,8055.26,0.0,0.0,0.0,0.0,0.0,0.0,2.22426,-2.72446,-13.85039,4e-05,-0.96003
8298.63,BTC-27MAR20,1574247540841,open,0.01,1261.0,0.0005,0.021,0.00824242,79.28,0.0075,0.0,BTC-27MAR20-4000-P,8055.26,76.56,0.007,46.8,0.009,21.3,80.84,3.94963,-1.22438,-1.30789,2e-05,-0.03674
8125.78,BTC-27DEC19,1574247540842,open,0.0,604.5,0.0005,0.0105,4.36e-06,100.0,0.0005,0.0,BTC-27DEC19-2500-P,8055.26,0.0,0.0,0.0,0.0005,12.5,147.93,0.00582,-0.00789,-0.00049,0.0,-5e-05
8443.58,SYN.BTC-26JUN20,1574247540837,open,2.78,0.0,2.723,2.9185,2.81051012,96.58,None,0.0,BTC-26JUN20-32000-P,8055.26,0.0,0.0,0.0,0.0,0.0,0.0,9.68752,-2.13734,-188.90409,2e-05,-0.92036
8125.78,BTC-27DEC19,1574247540842,open,3.89,0.0,3.826,4.023,3.92255592,0.0,2.58,0.0,BTC-27DEC19-40000-P,8055.26,0.0,0.001,1.0,0.0,0.0,0.0,0.0,0.0,-40.41172,0.0,-1.0
8072.33,SYN.BTC-29NOV19,1574247540838,open,0.29,5.0,0.2755,0.334,0.30226284,86.79,0.25,0.0,BTC-29NOV19-10500-P,8055.26,0.0,0.0,0.0,0.0,0.0,0.0,0.86583,-4.23338,-2.49661,6e-05,-0.96961
8072.33,SYN.BTC-29NOV19,1574247540837,open,0.0,1093.7,0.0005,0.0105,6.185e-05,100.0,0.0005,0.0,BTC-29NOV19-13000-C,8055.26,0.0,0.0,0.0,0.001,14.0,133.59,0.05961,-0.33582,0.00273,0.0,0.00145
8125.78,BTC-27DEC19,1574247540843,open,0.0,961.6,0.0005,0.0105,2.64e-06,100.0,0.001,0.0,BTC-27DEC19-30000-C,8055.26,0.0,0.0,0.0,0.001,53.9,152.81,0.00421,-0.00571,0.0003,0.0,4e-05
8298.63,BTC-27MAR20,1574247540843,open,0.14,351.3,0.104,0.1905,0.14212336,69.26,0.138,0.0,BTC-27MAR20-8000-P,8055.26,67.88,0.139,16.9,0.1445,10.0,70.31,18.76492,-5.0818,-15.30325,0.00011,-0.38424
8058.95,SYN.BTC-22NOV19,1574247540837,open,0.14,0.0,0.114,0.1525,0.13200435,99.53,None,0.0,BTC-22NOV19-7000-C,8055.26,78.14,0.1315,14.0,0.1335,14.0,125.37,0.30568,-8.11009,0.35027,9e-05,0.97779
8125.78,BTC-27DEC19,1574247540844,open,0.09,542.6,0.057,0.1125,0.08234189,59.18,0.085,0.0,BTC-27DEC19-8000-C,8055.26,58.1,0.081,20.0,0.0835,9.6,60.1,10.14371,-8.13904,4.00536,0.00026,0.57024
8072.33,SYN.BTC-29NOV19,1574247540840,open,0.0,458.4,0.0005,0.0105,1.7e-06,100.0,0.0005,0.0,BTC-29NOV19-15000-C,8055.26,0.0,0.0,0.0,0.0005,17.0,153.76,0.00255,-0.01375,9e-05,0.0,5e-05
8058.95,SYN.BTC-22NOV19,1574247540837,open,0.11,133.8,0.095,0.144,0.11753858,82.8,0.1095,0.0,BTC-22NOV19-9000-P,8055.26,0.0,0.1155,4.1,0.1185,0.1,96.69,0.43117,-9.51682,-0.44892,0.00016,-0.96645
8072.33,SYN.BTC-29NOV19,1574247540839,open,0.09,69.0,0.0605,0.11,0.08174978,59.42,0.0845,0.0,BTC-29NOV19-7500-C,8055.26,56.51,0.0805,14.0,0.083,4.0,62.24,3.52895,-11.8124,1.40899,0.00037,0.79955
8072.33,SYN.BTC-29NOV19,1574247540837,open,0.0,519.1,0.0005,0.0105,0.00097394,92.72,0.0015,0.0,BTC-29NOV19-11000-C,8055.26,84.77,0.0005,40.4,0.0015,42.3,98.91,0.5918,-3.09103,0.03601,4e-05,0.01932
8125.78,BTC-27DEC19,1574247540844,open,0.01,1524.9,0.0005,0.024,0.0093691,74.01,0.009,0.0,BTC-27DEC19-6000-P,8055.26,72.12,0.0085,106.0,0.01,16.0,75.33,3.82976,-3.84299,-0.73141,8e-05,-0.07973
8058.95,SYN.BTC-22NOV19,1574247540837,open,0.01,627.9,0.0015,0.0355,0.01171022,52.95,0.011,0.0,BTC-22NOV19-8000-P,8055.26,48.61,0.0105,0.4,0.0125,27.6,55.77,2.25334,-31.80437,-0.17709,0.00128,-0.4159
8072.33,SYN.BTC-29NOV19,1574247540838,open,0.11,282.9,0.0965,0.153,0.12036207,58.37,0.1125,0.0,BTC-29NOV19-9000-P,8055.26,48.03,0.1175,6.3,0.1225,4.0,64.58,2.59349,-8.52799,-1.95354,0.00028,-0.87485
8443.58,SYN.BTC-26JUN20,1574247540837,open,0.03,8.8,0.009,0.0645,0.02611023,93.91,0.027,0.0,BTC-26JUN20-28000-C,8055.26,93.08,0.025,0.5,0.0275,30.0,94.92,11.42528,-2.45096,3.71125,3e-05,0.09941
8072.33,SYN.BTC-29NOV19,1574247540837,open,0.48,0.0,0.4575,0.5195,0.48690613,100.45,None,0.0,BTC-29NOV19-12000-P,8055.26,0.0,0.0,0.0,0.0,0.0,0.0,0.24809,-1.40391,-2.9048,2e-05,-0.99291
8298.63,BTC-27MAR20,1574247540845,open,0.01,92.5,0.0005,0.031,0.00932548,98.27,0.009,0.0,BTC-27MAR20-26000-C,8055.26,95.89,0.008,36.0,0.0095,8.5,98.57,4.83892,-1.85933,1.10153,2e-05,0.04721
8072.33,SYN.BTC-29NOV19,1574247540839,open,0.0,555.3,0.0005,0.011,0.0014716,99.99,0.0015,0.0,BTC-29NOV19-6000-P,8055.26,93.94,0.001,60.0,0.002,1.0,105.48,0.70613,-3.97733,-0.04962,4e-05,-0.02381
8072.33,SYN.BTC-29NOV19,1574247540837,open,0.0,233.0,0.0005,0.0105,1.058e-05,100.0,0.0005,0.0,BTC-29NOV19-14000-C,8055.26,0.0,0.0,0.0,0.0005,21.0,138.93,0.01293,-0.07285,0.00052,0.0,0.00028
8443.58,SYN.BTC-26JUN20,1574247540839,open,1.85,0.0,1.801,1.968,1.87464737,89.5,None,0.0,BTC-26JUN20-24000-P,8055.26,0.0,0.0,0.0,0.0,0.0,0.0,13.29951,-2.71919,-139.32953,3e-05,-0.87712
8443.58,SYN.BTC-26JUN20,1574247540839,open,0.45,0.0,0.4225,0.483,0.44912709,73.49,None,0.0,BTC-26JUN20-5000-C,8055.26,58.22,0.4285,6.0,0.4735,7.0,88.78,12.61684,-2.11812,22.11744,4e-05,0.88595
8058.95,SYN.BTC-22NOV19,1574247540839,open,0.08,10.9,0.051,0.094,0.07144153,74.13,0.0875,0.0,BTC-22NOV19-7500-C,8055.26,69.91,0.071,14.0,0.0725,14.0,82.82,0.89038,-17.59461,0.3498,0.00036,0.91608
8443.58,SYN.BTC-26JUN20,1574247540840,open,0.17,241.9,0.1205,0.2235,0.16591075,74.46,0.1705,0.0,BTC-26JUN20-10000-C,8055.26,74.49,0.166,0.2,0.17,2.0,75.79,26.08456,-4.43715,16.81337,8e-05,0.49798
8072.33,SYN.BTC-29NOV19,1574247540844,open,0.54,0.0,0.5185,0.582,0.54865895,100.91,None,0.0,BTC-29NOV19-12500-P,8055.26,0.0,0.0,0.0,0.0,0.0,0.0,0.13112,-0.74538,-3.03313,1e-05,-0.99653
8443.58,SYN.BTC-26JUN20,1574247540839,open,0.37,11.1,0.3335,0.4115,0.36853371,73.49,0.37,0.0,BTC-26JUN20-6000-C,8055.26,71.31,0.364,2.0,0.372,2.0,75.15,17.63433,-2.96048,22.44834,6e-05,0.81189
8072.33,SYN.BTC-29NOV19,1574247540838,open,0.14,7.5,0.1175,0.162,0.13831542,73.53,0.135,0.0,BTC-29NOV19-7000-C,8055.26,68.31,0.137,14.0,0.1395,18.2,77.78,2.15625,-8.93215,1.50154,0.00019,0.90326
8058.95,SYN.BTC-22NOV19,1574247540837,open,0.08,206.4,0.0645,0.1125,0.08683954,69.79,0.079,0.0,BTC-22NOV19-8750-P,8055.26,0.0,0.085,4.0,0.088,0.1,82.02,0.62098,-11.55197,-0.42829,0.00027,-0.94733
8058.95,SYN.BTC-22NOV19,1574247540837,open,0.0,310.5,0.0005,0.02,0.00439505,61.22,0.0045,0.0,BTC-22NOV19-7750-P,8055.26,56.3,0.0035,56.4,0.005,16.4,64.36,1.51962,-24.79779,-0.07666,0.00074,-0.1807
8058.95,SYN.BTC-22NOV19,1574247540837,open,0.05,392.3,0.035,0.082,0.05701503,60.0,0.0575,0.0,BTC-22NOV19-8500-P,8055.26,38.1,0.055,4.1,0.057,10.0,59.89,1.09855,-17.56957,-0.39148,0.00055,-0.88827
8072.33,SYN.BTC-29NOV19,1574247540837,open,0.09,11.3,0.069,0.124,0.0919402,54.19,0.0855,0.0,BTC-29NOV19-8750-P,8055.26,47.88,0.0895,4.0,0.094,4.0,59.02,3.31407,-10.11661,-1.78821,0.00039,-0.81904
8072.33,SYN.BTC-29NOV19,1574247540837,open,0.23,34.5,0.215,0.2715,0.2408026,77.12,0.17,0.0,BTC-29NOV19-10000-P,8055.26,0.0,0.2195,4.0,0.26,4.0,140.67,1.14304,-4.96591,-2.35187,9e-05,-0.95733
8443.58,SYN.BTC-26JUN20,1574247540837,open,2.32,0.0,2.2615,2.4435,2.34225506,93.92,None,0.0,BTC-26JUN20-28000-P,8055.26,0.0,0.0,0.0,0.0,0.0,0.0,11.42899,-2.45206,-164.19196,3e-05,-0.90055
8072.33,SYN.BTC-29NOV19,1574247540840,open,0.0,684.9,0.0005,0.0155,0.0034511,90.69,0.0045,0.0,BTC-29NOV19-6500-P,8055.26,84.7,0.0025,54.0,0.0035,16.7,90.97,1.39055,-7.10433,-0.11379,0.0001,-0.05452
8443.58,SYN.BTC-26JUN20,1574247540837,open,0.02,232.4,0.008,0.038,0.01836457,75.19,0.017,0.0,BTC-26JUN20-4000-P,8055.26,73.64,0.017,19.7,0.02,9.1,76.98,7.5546,-1.29757,-3.85186,2e-05,-0.05771
8072.33,SYN.BTC-29NOV19,1574247540845,open,0.0,432.3,0.0005,0.0105,3.622e-05,100.0,0.0005,0.0,BTC-29NOV19-5000-P,8055.26,0.0,0.0,0.0,0.001,30.4,143.24,0.03521,-0.19833,-0.00168,0.0,-0.00082
8072.33,SYN.BTC-29NOV19,1574247540838,open,0.0,229.5,0.0005,0.0105,0.00072243,99.63,0.0005,0.0,BTC-29NOV19-11500-C,8055.26,95.09,0.0005,35.0,0.001,20.0,104.11,0.44631,-2.50496,0.02586,3e-05,0.01389
8443.58,SYN.BTC-26JUN20,1574247540844,open,0.01,90.9,0.0005,0.018,0.00705309,80.12,0.0065,0.0,BTC-26JUN20-3000-P,8055.26,78.82,0.0065,9.4,0.008,28.0,82.21,3.68745,-0.6749,-1.57024,1e-05,-0.02396
8443.58,SYN.BTC-26JUN20,1574247540841,open,0.55,0.5,0.5265,0.569,0.54462959,75.19,0.589,0.0,BTC-26JUN20-4000-C,8055.26,52.91,0.53,8.0,0.5615,8.0,91.58,7.5542,-1.29746,20.13484,2e-05,0.94229
8443.58,SYN.BTC-26JUN20,1574247540843,open,0.04,204.4,0.022,0.0715,0.04129581,73.49,0.04,0.0,BTC-26JUN20-5000-P,8055.26,71.94,0.039,8.0,0.0425,21.1,74.29,12.61709,-2.11822,-7.86584,4e-05,-0.11405
8443.58,SYN.BTC-26JUN20,1574247540838,open,0.05,224.2,0.0195,0.0915,0.04508919,85.84,0.0465,0.0,BTC-26JUN20-20000-C,8055.26,85.27,0.044,0.5,0.0465,54.9,86.56,16.37507,-3.21088,6.18669,4e-05,0.16728
175.86,ETH-27DEC19,1574247540886,open,0.02,6985.0,0.004,0.034,0.014737,78.43,0.014,0.0,ETH-27DEC19-240-C,174.27,75.79,0.013,970.0,0.017,850.0,81.68,0.11874,-0.12628,0.02062,0.00485,0.13079
174.65,SYN.ETH-29NOV19,1574247540886,open,0.0,1948.0,0.001,0.011,0.001584,101.97,0.001,0.0,ETH-29NOV19-240-C,174.27,95.17,0.001,995.0,0.002,3.0,105.89,0.01722,-0.09895,0.0011,0.00228,0.02748
175.86,ETH-27DEC19,1574247540888,open,0.0,4534.0,0.001,0.011,1e-06,105.0,0.002,0.0,ETH-27DEC19-760-C,174.27,0.0,0.0,0.0,0.001,500.0,168.03,3e-05,-4e-05,0.0,0.0,1e-05
175.86,ETH-27DEC19,1574247540888,open,0.0,16677.0,0.001,0.011,8e-06,105.0,0.001,0.0,ETH-27DEC19-640-C,174.27,0.0,0.0,0.0,0.002,800.0,163.32,0.00023,-0.00033,2e-05,1e-05,0.00011
175.86,ETH-27DEC19,1574247540891,open,0.02,3222.0,0.006,0.037,0.017724,72.97,0.015,0.0,ETH-27DEC19-140-P,174.27,71.92,0.017,500.0,0.019,22.0,74.79,0.12188,-0.12059,-0.02728,0.00535,-0.13584
178.79,ETH-27MAR20,1574247540893,open,0.01,5296.0,0.001,0.03,0.010595,104.85,0.008,0.0,ETH-27MAR20-600-C,174.27,102.13,0.009,220.0,0.011,500.0,105.5,0.10992,-0.04506,0.02496,0.00094,0.05044
174.65,SYN.ETH-29NOV19,1574247540896,open,0.0,448.0,0.001,0.011,0.000119,105.0,0.001,0.0,ETH-29NOV19-280-C,174.27,0.0,0.0,0.0,0.001,1.0,132.53,0.00215,-0.01272,0.0001,0.00028,0.00255
174.65,SYN.ETH-29NOV19,1574247540900,open,0.81,0.0,0.779,0.889,0.832213,104.99,None,0.0,ETH-29NOV19-320-P,174.27,0.0,0.0,0.0,0.0,0.0,0.0,0.00016,-0.00093,-0.07781,2e-05,-0.99985
174.65,SYN.ETH-29NOV19,1574247540903,open,0.32,50.0,0.292,0.335,0.313423,104.83,0.344,0.0,ETH-29NOV19-120-C,174.27,0.0,0.0,0.0,0.0,0.0,0.0,0.00643,-0.03799,0.02879,0.00083,0.99129
178.79,ETH-27MAR20,1574247540905,open,0.57,20.0,0.542,0.581,0.560891,86.54,0.613,0.0,ETH-27MAR20-80-C,174.27,0.0,0.552,1.0,0.0,0.0,0.0,0.0797,-0.02697,0.2538,0.00082,0.96608
175.86,ETH-27DEC19,1574247540905,open,0.91,0.0,0.878,1.004,0.937466,104.79,None,0.0,ETH-27DEC19-340-P,174.27,0.0,0.002,50.0,0.0,0.0,0.0,0.04312,-0.06127,-0.33802,0.00132,-0.96507
180.34,SYN.ETH-26JUN20,1574247540905,open,0.06,24.0,0.023,0.1,0.055154,92.7,0.076,0.0,ETH-26JUN20-440-C,174.27,91.18,0.052,140.0,0.06,939.0,94.98,0.37709,-0.07986,0.14418,0.00209,0.18848
175.86,ETH-27DEC19,1574247540909,open,0.8,101.0,0.768,0.889,0.825154,102.1,0.513,0.0,ETH-27DEC19-320-P,174.27,0.0,0.01,50.0,0.0,0.0,0.0,0.05416,-0.07498,-0.31606,0.0017,-0.95375
175.86,ETH-27DEC19,1574247540939,open,0.0,4109.0,0.001,0.013,0.003735,100.69,0.005,0.0,ETH-27DEC19-100-P,174.27,96.77,0.003,500.0,0.005,850.0,106.52,0.03504,-0.04784,-0.00549,0.00111,-0.02719
174.65,SYN.ETH-29NOV19,1574247540939,open,0.01,2557.0,0.001,0.023,0.006835,72.61,0.008,0.0,ETH-29NOV19-200-C,174.27,66.59,0.005,500.0,0.008,800.0,76.08,0.05672,-0.23201,0.00511,0.01053,0.1271
180.34,SYN.ETH-26JUN20,1574247541026,open,0.35,60.0,0.296,0.39,0.34412,79.63,0.378,0.0,ETH-26JUN20-140-C,174.27,70.73,0.323,210.0,0.351,10.0,82.51,0.43025,-0.07826,0.45397,0.00277,0.76391
175.86,ETH-27DEC19,1574247541042,open,0.03,7419.0,0.008,0.048,0.024045,74.17,0.023,0.0,ETH-27DEC19-220-C,174.27,73.0,0.023,30.0,0.025,344.0,75.23,0.15776,-0.15866,0.03174,0.00681,0.20271
178.79,ETH-27MAR20,1574247541046,open,0.01,836.0,0.001,0.02,0.008368,86.6,0.006,0.0,ETH-27MAR20-80-P,174.27,83.39,0.007,500.0,0.01,820.0,90.09,0.07982,-0.02703,-0.02653,0.00082,-0.03399
174.65,SYN.ETH-29NOV19,1574247541048,open,0.0,2585.0,0.001,0.011,1e-05,105.0,0.001,0.0,ETH-29NOV19-100-P,174.27,0.0,0.0,0.0,0.001,99.0,164.16,0.00025,-0.00147,-1e-05,3e-05,-0.00024
180.34,SYN.ETH-26JUN20,1574247541051,open,0.17,408.0,0.118,0.227,0.172178,79.63,0.189,0.0,ETH-26JUN20-220-C,174.27,80.22,0.174,271.0,0.184,10.0,83.45,0.55707,-0.10133,0.34844,0.00359,0.49439
180.34,SYN.ETH-26JUN20,1574247541051,open,0.38,0.0,0.321,0.465,0.392095,79.63,None,0.0,ETH-26JUN20-220-P,174.27,35.73,0.262,1.0,0.454,10.0,99.72,0.55707,-0.10133,-0.97081,0.00359,-0.50561
174.65,SYN.ETH-29NOV19,1574247541056,open,0.58,0.0,0.557,0.653,0.6033,105.0,None,0.0,ETH-29NOV19-280-P,174.27,0.0,0.01,50.0,0.0,0.0,0.0,0.00215,-0.01272,-0.06798,0.00028,-0.99745
175.86,ETH-27DEC19,1574247541064,open,0.23,19.0,0.191,0.252,0.221636,72.97,0.205,0.0,ETH-27DEC19-140-C,174.27,26.83,0.204,51.0,0.621,1.0,500.0,0.12188,-0.12059,0.11416,0.00535,0.86416
175.86,ETH-27DEC19,1574247541064,open,0.0,6668.0,0.001,0.011,0.000202,105.0,0.002,0.0,ETH-27DEC19-480-C,174.27,122.62,0.001,600.0,0.002,315.0,132.92,0.00393,-0.0056,0.00036,0.00012,0.00224
180.34,SYN.ETH-26JUN20,1574247541064,open,0.16,257.0,0.101,0.211,0.155445,82.91,0.16,0.0,ETH-26JUN20-240-C,174.27,80.8,0.149,455.0,0.16,10.0,84.39,0.55285,-0.10471,0.3192,0.00342,0.45061
180.34,SYN.ETH-26JUN20,1574247541069,open,0.03,84.0,0.009,0.066,0.030512,100.73,0.031,0.0,ETH-26JUN20-640-C,174.27,98.22,0.027,440.0,0.034,640.0,103.08,0.26024,-0.05988,0.08448,0.00132,0.10863
174.65,SYN.ETH-29NOV19,1574247541087,open,0.36,0.0,0.335,0.422,0.37574,101.97,None,0.0,ETH-29NOV19-240-P,174.27,0.0,0.01,50.0,0.0,0.0,0.0,0.01722,-0.09895,-0.05726,0.00228,-0.97252
178.79,ETH-27MAR20,1574247541104,open,0.01,2344.0,0.003,0.035,0.013309,99.34,0.012,0.0,ETH-27MAR20-520-C,174.27,96.05,0.011,1030.0,0.015,720.0,101.54,0.13263,-0.05151,0.03177,0.00119,0.06403
180.35,SYN.ETH-26JUN20,1574247541111,open,0.2,391.0,0.149,0.259,0.204313,79.62,0.245,0.0,ETH-26JUN20-200-C,174.27,80.17,0.206,267.0,0.214,10.0,82.79,0.55168,-0.10034,0.38022,0.00355,0.55589
174.65,SYN.ETH-29NOV19,1574247541111,open,0.01,425.0,0.002,0.033,0.01259,70.24,0.011,0.0,ETH-29NOV19-160-P,174.27,64.05,0.01,500.0,0.013,292.0,71.18,0.0754,-0.29834,-0.00887,0.01447,-0.19633
175.86,ETH-27DEC19,1574247541132,open,0.01,1935.0,0.001,0.02,0.006429,96.13,0.006,0.0,ETH-27DEC19-300-C,174.27,91.81,0.005,1170.0,0.008,870.0,100.28,0.06248,-0.08143,0.00869,0.00208,0.05533
175.86,ETH-27DEC19,1574247541155,open,0.0,1027.0,0.001,0.011,0.001732,105.0,0.002,0.0,ETH-27DEC19-380-C,174.27,106.99,0.002,820.0,0.004,800.0,118.06,0.0225,-0.03204,0.00255,0.00069,0.01611
175.86,ETH-27DEC19,1574247541157,open,1.92,37.0,1.871,2.048,1.956985,105.0,0.707,0.0,ETH-27DEC19-520-P,174.27,0.0,0.003,50.0,0.0,0.0,0.0,0.00193,-0.00275,-0.52519,6e-05,-0.99897
175.86,ETH-27DEC19,1574247541170,open,0.09,4730.0,0.061,0.134,0.096079,65.42,0.101,0.0,ETH-27DEC19-180-P,174.27,64.57,0.095,500.0,0.101,10.0,69.31,0.22299,-0.19781,-0.10647,0.01091,-0.50316
180.35,SYN.ETH-26JUN20,1574247541172,open,0.07,642.0,0.03,0.115,0.066634,91.68,0.072,0.0,ETH-26JUN20-400-C,174.27,90.97,0.065,2.0,0.069,140.0,92.7,0.41517,-0.08695,0.16753,0.00232,0.22154
175.86,ETH-27DEC19,1574247541219,open,0.44,0.0,0.415,0.456,0.435101,100.69,None,0.0,ETH-27DEC19-100-C,174.27,0.0,0.431,31.0,0.0,0.0,0.0,0.03504,-0.04785,0.09554,0.00111,0.97281
180.35,SYN.ETH-26JUN20,1574247541219,open,0.07,431.0,0.043,0.112,0.074788,79.63,0.072,0.0,ETH-26JUN20-120-P,174.27,77.14,0.07,997.0,0.079,210.0,81.8,0.34841,-0.06338,-0.26071,0.00224,-0.16627
175.86,ETH-27DEC19,1574247541221,open,0.0,11090.0,0.001,0.011,0.000472,105.0,0.001,0.0,ETH-27DEC19-440-C,174.27,113.63,0.001,780.0,0.003,892.0,130.18,0.00798,-0.01135,0.00079,0.00024,0.00493
178.79,ETH-27MAR20,1574247541221,open,0.81,7.0,0.76,0.913,0.832882,86.71,0.725,0.0,ETH-27MAR20-320-P,174.27,0.0,0.01,50.0,0.857,1.0,100.52,0.28726,-0.09739,-1.02901,0.00296,-0.80991
175.86,ETH-27DEC19,1574247541221,open,0.0,21058.0,0.001,0.011,1.7e-05,105.0,0.001,0.0,ETH-27DEC19-600-C,174.27,0.0,0.0,0.0,0.001,40.0,145.06,0.00047,-0.00067,4e-05,1e-05,0.00022
180.35,SYN.ETH-26JUN20,1574247541229,open,1.05,0.0,0.983,1.173,1.073715,88.96,None,0.0,ETH-26JUN20-360-P,174.27,0.0,0.01,50.0,1.102,1.0,99.81,0.44843,-0.09113,-1.96694,0.00258,-0.74503
175.86,ETH-27DEC19,1574247541235,open,2.37,0.0,2.313,2.517,2.411822,105.0,0.953,0.0,ETH-27DEC19-600-P,174.27,0.0,0.02,50.0,0.0,0.0,0.0,0.00047,-0.00067,-0.60614,1e-05,-0.99978
174.65,SYN.ETH-29NOV19,1574247541235,open,0.7,0.0,0.668,0.771,0.717721,105.0,None,0.0,ETH-29NOV19-300-P,174.27,0.0,0.01,50.0,0.0,0.0,0.0,0.0006,-0.00358,-0.07293,8e-05,-0.99936
180.35,SYN.ETH-26JUN20,1574247541242,open,0.65,0.0,0.59,0.758,0.671876,84.79,None,0.0,ETH-26JUN20-280-P,174.27,35.08,0.56,1.0,0.682,10.0,88.25,0.52558,-0.10181,-1.41194,0.00318,-0.63368
180.35,SYN.ETH-26JUN20,1574247541260,open,0.03,152.0,0.011,0.071,0.033558,99.23,0.034,0.0,ETH-26JUN20-600-C,174.27,97.54,0.031,140.0,0.037,640.0,101.41,0.2777,-0.06295,0.09239,0.00143,0.11898
180.35,SYN.ETH-26JUN20,1574247541266,open,0.01,185.0,0.001,0.022,0.010404,92.06,0.01,0.0,ETH-26JUN20-60-P,174.27,89.19,0.009,10.0,0.012,800.0,95.09,0.09159,-0.01926,-0.04229,0.00051,-0.0287
174.65,SYN.ETH-29NOV19,1574247541282,open,0.0,2073.0,0.001,0.019,0.004693,97.07,0.003,0.0,ETH-29NOV19-220-C,174.27,88.37,0.003,53.0,0.007,350.0,106.61,0.03802,-0.20788,0.00293,0.00528,0.07363
175.86,ETH-27DEC19,1574247541313,open,0.0,836.0,0.001,0.015,0.00411,104.79,0.003,0.0,ETH-27DEC19-340-C,174.27,99.81,0.003,850.0,0.006,850.0,111.62,0.04312,-0.06127,0.00548,0.00132,0.03493
174.65,SYN.ETH-29NOV19,1574247541344,open,0.0,421.0,0.001,0.011,2.7e-05,105.0,0.004,0.0,ETH-29NOV19-300-C,174.27,0.0,0.0,0.0,0.001,1.0,148.62,0.0006,-0.00358,3e-05,8e-05,0.00064
175.86,ETH-27DEC19,1574247541351,open,0.01,6426.0,0.001,0.02,0.007815,84.85,0.007,0.0,ETH-27DEC19-120-P,174.27,82.65,0.007,500.0,0.009,410.0,87.86,0.06688,-0.07694,-0.01211,0.00252,-0.06033
180.35,SYN.ETH-26JUN20,1574247541353,open,0.17,943.0,0.124,0.232,0.176251,79.64,0.166,0.0,ETH-26JUN20-160-P,174.27,76.24,0.167,257.0,0.175,4.0,79.18,0.49108,-0.08934,-0.52335,0.00316,-0.30766
175.86,ETH-27DEC19,1574247541357,open,2.82,1.0,2.755,2.986,2.866716,105.0,2.792,0.0,ETH-27DEC19-680-P,174.27,0.0,0.02,50.0,0.0,0.0,0.0,0.00012,-0.00017,-0.68699,0.0,-0.99995
175.86,ETH-27DEC19,1574247541386,open,0.69,1.0,0.658,0.773,0.712332,96.13,0.494,0.0,ETH-27DEC19-300-P,174.27,0.0,0.02,50.0,0.0,0.0,0.0,0.06248,-0.08143,-0.2944,0.00208,-0.94467
180.35,SYN.ETH-26JUN20,1574247541390,open,0.42,41.0,0.368,0.449,0.409378,79.61,0.469,0.0,ETH-26JUN20-120-C,174.27,67.66,0.387,210.0,0.44,210.0,95.06,0.34838,-0.06336,0.45895,0.00224,0.83375
178.79,ETH-27MAR20,1574247541410,open,0.02,1552.0,0.005,0.043,0.017837,99.24,0.019,0.0,ETH-27MAR20-480-C,174.27,97.14,0.016,20.0,0.017,499.0,98.3,0.16122,-0.06256,0.04059,0.00145,0.08264
175.86,ETH-27DEC19,1574247541429,open,3.27,1.0,3.196,3.455,3.32162,105.0,3.236,0.0,ETH-27DEC19-760-P,174.27,0.0,0.02,50.0,0.0,0.0,0.0,3e-05,-4e-05,-0.76782,0.0,-0.99999
175.86,ETH-27DEC19,1574247541437,open,2.15,0.0,2.092,2.283,2.18439,105.0,0.845,0.0,ETH-27DEC19-560-P,174.27,0.0,0.02,50.0,0.0,0.0,0.0,0.00095,-0.00135,-0.56569,3e-05,-0.99952
174.65,SYN.ETH-29NOV19,1574247541451,open,0.0,569.0,0.001,0.011,6e-06,105.0,0.003,0.0,ETH-29NOV19-320-C,174.27,0.0,0.0,0.0,0.001,1.0,163.39,0.00016,-0.00093,1e-05,2e-05,0.00015
174.65,SYN.ETH-29NOV19,1574247541475,open,0.43,1.0,0.41,0.444,0.427446,105.0,0.46,0.0,ETH-29NOV19-100-C,174.27,0.0,0.0,0.0,0.49,1.0,451.3,0.00025,-0.00147,0.02431,3e-05,0.99976
174.65,SYN.ETH-29NOV19,1574247541475,open,0.47,0.0,0.446,0.537,0.48915,104.65,None,0.0,ETH-29NOV19-260-P,174.27,0.0,0.01,50.0,0.0,0.0,0.0,0.00676,-0.03987,-0.06285,0.00087,-0.99078
174.65,SYN.ETH-29NOV19,1574247541480,open,0.0,1522.0,0.001,0.011,0.000481,104.65,0.001,0.0,ETH-29NOV19-260-C,174.27,0.0,0.0,0.0,0.001,1.0,114.84,0.00676,-0.03987,0.00037,0.00087,0.00922
175.86,ETH-27DEC19,1574247541484,open,0.47,946.0,0.44,0.544,0.489436,85.39,0.3,0.0,ETH-27DEC19-260-P,174.27,0.0,0.478,50.0,0.852,1.0,400.32,0.09518,-0.1102,-0.24758,0.00357,-0.90403
175.86,ETH-27DEC19,1574247541488,open,0.04,12271.0,0.018,0.069,0.040818,69.55,0.04,0.0,ETH-27DEC19-200-C,174.27,68.83,0.04,560.0,0.043,329.0,71.47,0.19956,-0.18819,0.04937,0.00918,0.31871
175.86,ETH-27DEC19,1574247541488,open,0.58,310.0,0.549,0.658,0.600422,90.97,0.49,0.0,ETH-27DEC19-280-P,174.27,0.0,0.002,50.0,1.006,1.0,449.55,0.07637,-0.0942,-0.27163,0.00269,-0.9284
180.35,SYN.ETH-26JUN20,1574247541488,open,0.49,0.0,0.455,0.521,0.488182,81.3,None,0.0,ETH-26JUN20-100-C,174.27,31.59,0.446,1.0,0.0,0.0,0.0,0.25459,-0.04728,0.43957,0.00161,0.89463
180.35,SYN.ETH-26JUN20,1574247541488,open,0.68,1.0,0.662,0.695,0.677699,92.02,0.69,0.0,ETH-26JUN20-60-C,174.27,0.0,0.667,1.0,0.0,0.0,0.0,0.09151,-0.01924,0.31756,0.00051,0.97133
174.65,SYN.ETH-29NOV19,1574247541490,open,0.25,0.0,0.224,0.309,0.264336,97.07,None,0.0,ETH-29NOV19-220-P,174.27,0.0,0.01,50.0,0.0,0.0,0.0,0.03802,-0.20788,-0.05057,0.00528,-0.92637
178.79,ETH-27MAR20,1574247541503,open,0.02,37.0,0.007,0.038,0.019334,81.1,0.016,0.0,ETH-27MAR20-100-P,174.27,78.19,0.017,1120.0,0.022,821.0,84.25,0.14746,-0.04676,-0.05813,0.00162,-0.07347
178.79,ETH-27MAR20,1574247541556,open,0.14,1334.0,0.092,0.184,0.137438,77.07,0.158,0.0,ETH-27MAR20-200-C,174.27,75.19,0.133,267.0,0.138,35.0,77.31,0.42212,-0.1272,0.22268,0.00489,0.49295
178.79,ETH-27MAR20,1574247541556,open,0.03,1164.0,0.007,0.052,0.023704,91.39,0.024,0.0,ETH-27MAR20-400-C,174.27,90.76,0.023,260.0,0.025,501.0,92.53,0.20105,-0.07184,0.05505,0.00196,0.11159
178.79,ETH-27MAR20,1574247541556,open,0.04,583.0,0.012,0.067,0.033747,90.83,0.033,0.0,ETH-27MAR20-360-C,174.27,88.06,0.03,276.0,0.032,500.0,89.56,0.24762,-0.08794,0.07332,0.00243,0.1508
174.65,SYN.ETH-29NOV19,1574247541570,open,0.0,1027.0,0.001,0.011,0.000501,104.83,0.001,0.0,ETH-29NOV19-120-P,174.27,0.0,0.0,0.0,0.001,1.0,115.39,0.00643,-0.03799,-0.00039,0.00083,-0.00871
178.79,ETH-27MAR20,1574247541573,open,0.25,755.0,0.199,0.316,0.256131,77.09,0.207,0.0,ETH-27MAR20-200-P,174.27,74.5,0.25,158.0,0.257,447.0,77.46,0.42212,-0.12724,-0.478,0.00489,-0.50699
180.35,SYN.ETH-26JUN20,1574247541573,open,0.58,0.0,0.554,0.603,0.578232,84.73,None,0.0,ETH-26JUN20-80-C,174.27,0.0,0.556,1.0,0.0,0.0,0.0,0.16324,-0.0316,0.3928,0.00099,0.94143
175.86,ETH-27DEC19,1574247541581,open,0.01,2159.0,0.001,0.018,0.005525,102.1,0.004,0.0,ETH-27DEC19-320-C,174.27,96.67,0.004,1218.0,0.006,500.0,103.61,0.05416,-0.07498,0.00724,0.0017,0.04625
175.86,ETH-27DEC19,1574247541586,open,0.01,3711.0,0.001,0.028,0.010987,85.39,0.01,0.0,ETH-27DEC19-260-C,174.27,83.52,0.01,143.0,0.012,850.0,87.22,0.09518,-0.1102,0.0151,0.00357,0.09597
178.79,ETH-27MAR20,1574247541593,open,0.01,384.0,0.001,0.025,0.008351,105.0,0.009,0.0,ETH-27MAR20-640-C,174.27,104.31,0.008,9.0,0.01,500.0,108.0,0.09271,-0.03806,0.02034,0.00079,0.04082
174.65,SYN.ETH-29NOV19,1574247541593,open,0.03,4377.0,0.009,0.058,0.024869,60.57,0.03,0.0,ETH-29NOV19-180-C,174.27,55.77,0.022,500.0,0.028,727.0,65.78,0.10471,-0.3573,0.01563,0.0233,0.3928
180.35,SYN.ETH-26JUN20,1574247541593,open,0.23,444.0,0.181,0.304,0.240981,79.64,0.24,0.0,ETH-26JUN20-180-P,174.27,76.25,0.231,219.0,0.244,210.0,80.67,0.53077,-0.09656,-0.66911,0.00342,-0.37771
175.86,ETH-27DEC19,1574247541595,open,0.0,1219.0,0.001,0.012,0.002683,105.0,0.002,0.0,ETH-27DEC19-360-C,174.27,106.71,0.003,500.0,0.005,850.0,115.47,0.03142,-0.04473,0.00376,0.00096,0.02387
175.86,ETH-27DEC19,1574247541595,open,0.04,13320.0,0.021,0.074,0.044317,67.57,0.043,0.0,ETH-27DEC19-160-P,174.27,66.36,0.043,540.0,0.047,350.0,70.02,0.19197,-0.17589,-0.05976,0.00909,-0.29204
175.86,ETH-27DEC19,1574247541595,open,0.0,10059.0,0.001,0.011,0.00112,105.0,0.002,0.0,ETH-27DEC19-400-C,174.27,112.8,0.002,800.0,0.004,800.0,124.25,0.016,-0.02278,0.00173,0.00049,0.01085
180.35,SYN.ETH-26JUN20,1574247541595,open,0.3,80.0,0.247,0.382,0.313329,79.64,0.262,0.0,ETH-26JUN20-200-P,174.27,76.59,0.304,165.0,0.318,220.0,81.17,0.55167,-0.10037,-0.81911,0.00355,-0.44406
174.65,SYN.ETH-29NOV19,1574247542206,open,0.01,11.0,0.001,0.022,0.006688,81.69,0.003,0.0,ETH-29NOV19-150-P,174.27,75.33,0.005,500.0,0.007,300.0,82.78,0.04923,-0.22655,-0.00471,0.00813,-0.10415
174.65,SYN.ETH-29NOV19,1574247542206,open,0.01,204.0,0.002,0.032,0.011988,64.93,0.013,0.0,ETH-29NOV19-190-C,174.27,60.48,0.01,10.0,0.013,271.0,67.11,0.08008,-0.2929,0.00872,0.01663,0.21734
174.65,SYN.ETH-29NOV19,1574247542206,open,0.01,3697.0,0.001,0.02,0.005612,85.68,0.005,0.0,ETH-29NOV19-210-C,174.27,74.23,0.003,746.0,0.009,350.0,97.18,0.04591,-0.22161,0.00378,0.00722,0.09466
174.65,SYN.ETH-29NOV19,1574247542206,open,0.09,2.0,0.065,0.137,0.099862,64.93,0.058,0.0,ETH-29NOV19-190-P,174.27,45.08,0.092,10.0,0.16,10.0,170.83,0.08008,-0.2929,-0.03748,0.01663,-0.78266
174.65,SYN.ETH-29NOV19,1574247542206,open,0.02,310.0,0.006,0.052,0.025356,60.58,0.022,0.0,ETH-29NOV19-170-P,174.27,58.27,0.024,500.0,0.028,260.0,65.06,0.10279,-0.35076,-0.01677,0.02288,-0.36954
174.65,SYN.ETH-29NOV19,1574247542206,open,0.3,0.0,0.279,0.364,0.319261,97.08,None,0.0,ETH-29NOV19-230-P,174.27,0.0,0.01,50.0,0.0,0.0,0.0,0.0238,-0.13014,-0.0543,0.0033,-0.95931
174.65,SYN.ETH-29NOV19,1574247542206,open,0.16,0.0,0.118,0.177,0.14784,81.69,None,0.0,ETH-29NOV19-150-C,174.27,0.0,0.141,30.0,0.0,0.0,0.0,0.04923,-0.22655,0.03177,0.00813,0.89585
174.65,SYN.ETH-29NOV19,1574247542206,open,0.0,101.0,0.001,0.012,0.002362,97.08,0.002,0.0,ETH-29NOV19-230-C,174.27,84.42,0.001,602.0,0.004,350.0,107.31,0.0238,-0.13014,0.00163,0.0033,0.04069
174.35,SYN.ETH-22NOV19,1574247542248,open,0.01,135.0,0.001,0.033,0.009332,68.34,0.009,0.0,ETH-22NOV19-170-P,174.27,58.69,0.007,550.0,0.009,1.0,66.99,0.04309,-0.78491,-0.00272,0.04036,-0.29447
174.35,SYN.ETH-22NOV19,1574247542248,open,0.03,756.0,0.011,0.073,0.040182,68.59,0.041,0.0,ETH-22NOV19-180-P,174.27,49.34,0.036,500.0,0.04,500.0,67.82,0.04104,-0.75048,-0.00693,0.0383,-0.73365
174.35,SYN.ETH-22NOV19,1574247542248,open,0.0,1214.0,0.001,0.011,0.001075,104.84,0.002,0.0,ETH-22NOV19-200-C,174.27,103.51,0.001,8.0,0.002,853.0,118.06,0.01007,-0.18742,0.00032,0.00615,0.03684
174.35,SYN.ETH-22NOV19,1574247542248,open,0.0,51.0,0.001,0.011,2e-06,105.0,0.001,0.0,ETH-22NOV19-230-C,174.27,0.0,0.0,0.0,0.001,1.0,184.61,7e-05,-0.00042,0.0,4e-05,0.00013
174.35,SYN.ETH-22NOV19,1574247542248,open,0.08,339.0,0.059,0.129,0.092254,86.95,0.075,0.0,ETH-22NOV19-190-P,174.27,0.0,0.075,20.0,0.111,18.0,183.72,0.0201,-0.46595,-0.00899,0.0148,-0.91115
174.35,SYN.ETH-22NOV19,1574247542248,open,0.0,698.0,0.001,0.017,0.002497,86.95,0.002,0.0,ETH-22NOV19-190-C,174.27,82.4,0.002,5.0,0.003,500.0,91.12,0.0201,-0.43542,0.00077,0.0148,0.08885
174.35,SYN.ETH-22NOV19,1574247542248,open,0.0,378.0,0.001,0.017,0.002505,88.88,0.002,0.0,ETH-22NOV19-160-P,174.27,72.2,0.001,500.0,0.003,500.0,93.18,0.01924,-0.43674,-0.00077,0.01386,-0.08378
174.35,SYN.ETH-22NOV19,1574247542248,open,0.15,0.0,0.114,0.167,0.140204,103.38,None,0.0,ETH-22NOV19-150-C,174.27,0.0,0.0,0.0,0.0,0.0,0.0,0.00589,-0.1623,0.00753,0.00365,0.98063
174.35,SYN.ETH-22NOV19,1574247542248,open,0.0,189.0,0.001,0.011,0.000538,103.38,0.001,0.0,ETH-22NOV19-150-P,174.27,0.0,0.0,0.0,0.001,1.0,114.51,0.00589,-0.09384,-0.00018,0.00365,-0.01937
174.35,SYN.ETH-22NOV19,1574247542248,open,0.0,23.0,0.001,0.011,2.3e-05,105.0,0.001,0.0,ETH-22NOV19-220-C,174.27,0.0,0.0,0.0,0.001,1.0,159.65,0.00047,-0.00409,1e-05,0.00029,0.00114
174.35,SYN.ETH-22NOV19,1574247542250,open,0.3,0.0,0.281,0.36,0.319181,104.97,None,0.0,ETH-22NOV19-230-P,174.27,0.0,0.001,55.0,0.0,0.0,0.0,7e-05,-0.00183,-0.01182,4e-05,-0.99987
174.35,SYN.ETH-22NOV19,1574247542250,open,0.0,86.0,0.001,0.011,0.0,105.0,0.001,0.0,ETH-22NOV19-240-C,174.27,0.0,0.0,0.0,0.001,2.0,207.96,1e-05,-4e-05,0.0,0.0,1e-05
174.35,SYN.ETH-22NOV19,1574247542250,open,0.25,0.0,0.226,0.301,0.261847,105.0,None,0.0,ETH-22NOV19-220-P,174.27,0.0,0.01,50.0,0.0,0.0,0.0,0.00047,-0.01324,-0.0113,0.00029,-0.99886
174.35,SYN.ETH-22NOV19,1574247542250,open,0.36,0.0,0.337,0.42,0.376535,104.72,None,0.0,ETH-22NOV19-240-P,174.27,0.0,0.01,50.0,0.0,0.0,0.0,1e-05,-0.00019,-0.01233,0.0,-0.99999
174.35,SYN.ETH-22NOV19,1574247542250,open,0.13,131.0,0.114,0.186,0.148187,104.84,0.123,0.0,ETH-22NOV19-200-P,174.27,0.0,0.01,30.0,0.218,1.0,430.9,0.01007,-0.28147,-0.00996,0.00615,-0.96316
174.35,SYN.ETH-22NOV19,1574247542250,open,0.0,338.0,0.001,0.011,0.000181,105.0,0.001,0.0,ETH-22NOV19-210-C,174.27,0.0,0.0,0.0,0.001,91.0,132.77,0.00258,-0.03149,7e-05,0.00157,0.00747
178.79,ETH-27MAR20,1574247542616,open,1.23,9.0,1.182,1.35,1.26097,91.5,1.34,0.0,ETH-27MAR20-400-P,174.27,0.0,1.204,7.0,1.307,7.0,122.46,0.20157,-0.07212,-1.34615,0.00197,-0.888
8125.79,BTC-27DEC19,1574247542630,open,0.02,499.2,0.011,0.0475,0.02487413,63.39,0.023,0.0,BTC-27DEC19-7000-P,8055.26,61.83,0.0235,43.2,0.0255,12.8,64.09,7.23506,-6.21843,-1.84769,0.00017,-0.20019
8298.63,BTC-27MAR20,1574247542632,open,0.03,1502.9,0.01,0.059,0.0265914,81.8,0.0255,0.0,BTC-27MAR20-16000-C,8055.26,80.12,0.0245,18.1,0.0285,47.1,83.28,10.53805,-3.37048,3.08415,5e-05,0.13267
178.79,ETH-27MAR20,1574247542703,open,0.61,186.0,0.558,0.702,0.62739,84.17,0.62,0.0,ETH-27MAR20-280-P,174.27,41.19,0.57,13.0,0.649,13.0,94.97,0.34149,-0.11238,-0.85818,0.00362,-0.74259
8443.46,SYN.BTC-26JUN20,1574247542803,open,0.19,162.8,0.147,0.2515,0.19281328,73.49,0.193,0.0,BTC-26JUN20-8000-P,8055.26,71.64,0.1875,2.0,0.195,15.0,74.25,24.27365,-4.07501,-27.59596,8e-05,-0.35222
8443.46,SYN.BTC-26JUN20,1574247542803,open,0.07,77.4,0.0355,0.12,0.06821052,81.41,0.0785,0.0,BTC-26JUN20-16000-C,8055.26,79.65,0.064,30.3,0.0715,24.3,82.76,20.43442,-3.80016,8.81734,6e-05,0.24236
8072.24,SYN.BTC-29NOV19,1574247542903,open,0.06,20.8,0.037,0.0855,0.05752453,55.61,0.07,0.0,BTC-29NOV19-7750-C,8055.26,52.8,0.056,16.0,0.058,4.0,56.48,4.40236,-13.7918,1.25341,0.0005,0.69607
8072.24,SYN.BTC-29NOV19,1574247542903,open,0.01,171.5,0.0005,0.023,0.00730939,65.54,0.008,0.0,BTC-29NOV19-7250-P,8055.26,63.11,0.0065,30.3,0.0075,20.0,66.1,2.73572,-10.10129,-0.27972,0.00026,-0.13519
8072.24,SYN.BTC-29NOV19,1574247542903,open,0.03,48.1,0.0105,0.0515,0.02287923,52.04,0.022,0.0,BTC-29NOV19-8250-C,8055.26,49.76,0.0215,14.0,0.023,22.1,52.23,4.89308,-14.34324,0.75964,0.00059,0.40987
8072.24,SYN.BTC-29NOV19,1574247542903,open,0.0,64.0,0.0005,0.0165,0.00394117,80.33,0.004,0.0,BTC-29NOV19-6750-P,8055.26,75.42,0.003,63.0,0.0045,38.0,82.97,1.65304,-7.4802,-0.14124,0.00013,-0.06801
8072.24,SYN.BTC-29NOV19,1574247542903,open,0.0,174.8,0.0005,0.0155,0.00370819,61.95,0.0035,0.0,BTC-29NOV19-9250-C,8055.26,61.09,0.0035,2.1,0.004,20.0,63.12,1.98775,-6.93721,0.16288,0.0002,0.08668
8072.24,SYN.BTC-29NOV19,1574247542903,open,0.04,260.7,0.027,0.078,0.04488883,52.02,0.0435,0.0,BTC-29NOV19-8250-P,8055.26,49.72,0.0435,14.0,0.045,35.1,52.2,4.89295,-14.33736,-1.24658,0.00059,-0.59017
8072.24,SYN.BTC-29NOV19,1574247542903,open,0.12,12.0,0.087,0.1335,0.10917974,65.58,0.119,0.0,BTC-29NOV19-7250-C,8055.26,61.98,0.108,14.0,0.1105,18.0,69.35,2.73716,-10.11141,1.48303,0.00026,0.8647
8072.24,SYN.BTC-29NOV19,1574247542903,open,0.17,0.0,0.148,0.1905,0.1677515,80.38,None,0.0,BTC-29NOV19-6750-C,8055.26,0.0,0.151,9.0,0.1845,11.2,133.96,1.65506,-7.4938,1.49992,0.00013,0.93188
8072.24,SYN.BTC-29NOV19,1574247542903,open,0.02,772.6,0.006,0.0425,0.01759415,55.59,0.017,0.0,BTC-29NOV19-7750-P,8055.26,53.58,0.0165,14.0,0.0175,25.8,55.42,4.402,-13.78551,-0.63103,0.0005,-0.30388
8072.24,SYN.BTC-29NOV19,1574247542903,open,0.2,2.0,0.185,0.24,0.21007155,71.22,0.161,0.0,BTC-29NOV19-9750-P,8055.26,0.0,0.1895,4.0,0.229,4.0,130.25,1.29836,-5.2091,-2.27712,0.00012,-0.94999
8072.24,SYN.BTC-29NOV19,1574247542903,open,0.01,204.2,0.0005,0.0285,0.00799022,54.19,0.0075,0.0,BTC-29NOV19-8750-C,8055.26,51.73,0.007,41.7,0.0085,16.0,55.42,3.31384,-10.11663,0.33949,0.00039,0.18094
8072.24,SYN.BTC-29NOV19,1574247542905,open,0.0,73.2,0.0005,0.0115,0.00171373,81.88,0.0015,0.0,BTC-29NOV19-10250-C,8055.26,75.03,0.001,50.0,0.002,14.0,84.13,0.98186,-4.52914,0.06613,8e-05,0.0354
8072.24,SYN.BTC-29NOV19,1574247542905,open,0.26,0.0,0.2455,0.3025,0.27148323,81.76,None,0.0,BTC-29NOV19-10250-P,8055.26,0.0,0.0,0.0,0.0,0.0,0.0,0.97669,-4.49848,-2.42677,8e-05,-0.96482
8072.24,SYN.BTC-29NOV19,1574247542905,open,0.14,8.0,0.125,0.1785,0.14959775,61.9,0.098,0.0,BTC-29NOV19-9250-P,8055.26,0.0,0.1445,7.4,0.159,13.0,89.71,1.98425,-6.91886,-2.08682,0.0002,-0.91352
8072.24,SYN.BTC-29NOV19,1574247542905,open,0.0,92.1,0.0005,0.012,0.00224202,71.31,0.002,0.0,BTC-29NOV19-9750-C,8055.26,66.18,0.0015,74.0,0.003,34.5,75.63,1.30302,-5.23428,0.0942,0.00012,0.05023
174.35,SYN.ETH-22NOV19,1574247543015,open,0.0,3.0,0.001,0.011,3.5e-05,105.0,0.001,0.0,ETH-22NOV19-140-P,174.27,0.0,0.0,0.0,0.001,500.0,157.58,0.00064,-0.00604,-1e-05,0.00039,-0.00157
8072.24,SYN.BTC-29NOV19,1574247543075,open,0.0,351.4,0.0005,0.0115,0.00151156,86.69,0.002,0.0,BTC-29NOV19-10500-C,8055.26,81.27,0.001,34.8,0.002,34.0,90.88,0.86166,-4.20778,0.05635,6e-05,0.03022
8298.62,BTC-27MAR20,1574247543078,open,2.12,0.0,2.0745,2.2245,2.1423721,98.26,None,0.0,BTC-27MAR20-26000-P,8055.26,0.0,0.0,0.0,0.0,0.0,0.0,4.8375,-1.85865,-89.98838,2e-05,-0.9528
8125.81,BTC-27DEC19,1574247543091,open,0.01,619.9,0.005,0.033,0.01496207,67.84,0.0145,0.0,BTC-27DEC19-6500-P,8055.26,66.37,0.014,34.0,0.0155,16.0,68.65,5.36124,-4.9317,-1.16134,0.00012,-0.1265
8125.81,BTC-27DEC19,1574247543091,open,0.01,968.7,0.0005,0.022,0.00716454,77.4,0.007,0.0,BTC-27DEC19-12000-C,8055.26,75.84,0.0065,0.1,0.008,41.0,79.26,3.54079,-3.7161,0.53163,7e-05,0.07192
8072.24,SYN.BTC-29NOV19,1574247543091,open,0.26,22.5,0.242,0.2775,0.25819166,100.08,0.2095,0.0,BTC-29NOV19-6000-C,8055.26,0.0,0.2455,7.0,0.272,7.0,170.97,0.70863,-3.99515,1.40918,4e-05,0.97609
8443.46,SYN.BTC-26JUN20,1574247543123,open,0.25,40.7,0.201,0.2995,0.2453479,73.49,0.25,0.0,BTC-26JUN20-8000-C,8055.26,73.72,0.246,14.8,0.248,8.0,74.42,24.27354,-4.07525,20.37634,8e-05,0.64779
8298.62,BTC-27MAR20,1574247543125,open,2.59,0.0,2.5455,2.7085,2.62081632,99.99,None,0.0,BTC-27MAR20-30000-P,8055.26,0.0,0.0,0.0,0.0,0.0,0.0,3.37574,-1.31979,-104.38791,1e-05,-0.96964
8125.81,BTC-27DEC19,1574247543125,open,0.47,73.0,0.4505,0.524,0.48394505,77.41,0.3805,0.0,BTC-27DEC19-12000-P,8055.26,0.0,0.4555,4.0,0.5095,3.0,115.61,3.54201,-3.71789,-11.59166,7e-05,-0.92805
8443.46,SYN.BTC-26JUN20,1574247543125,open,0.2,50.8,0.1545,0.2565,0.19985697,73.49,0.205,0.0,BTC-26JUN20-9000-C,8055.26,73.87,0.201,15.0,0.2035,2.0,74.69,25.69976,-4.31468,18.66193,8e-05,0.56844
8072.24,SYN.BTC-29NOV19,1574247543127,open,0.02,855.3,0.0035,0.043,0.01344142,52.45,0.013,0.0,BTC-29NOV19-8500-C,8055.26,50.63,0.0125,50.0,0.013,1.9,51.6,4.21842,-12.46339,0.51821,0.00051,0.27744
8443.46,SYN.BTC-26JUN20,1574247543127,open,2.55,0.0,2.4915,2.6795,2.57548576,94.74,None,0.0,BTC-26JUN20-30000-P,8055.26,0.0,0.0,0.0,0.0,0.0,0.0,10.32681,-2.23492,-176.64388,3e-05,-0.91329
8298.62,BTC-27MAR20,1574247543130,open,0.24,12.6,0.206,0.282,0.24045201,69.26,0.242,0.0,BTC-27MAR20-7000-C,8055.26,67.75,0.2375,2.0,0.2425,9.0,70.31,16.16846,-4.37878,14.30277,0.0001,0.7324
8072.24,SYN.BTC-29NOV19,1574247543134,open,0.35,13.1,0.3365,0.3955,0.3636536,92.5,0.233,0.0,BTC-29NOV19-11000-P,8055.26,0.0,0.0155,0.1,0.0,0.0,0.0,0.58543,-3.05066,-2.63931,4e-05,-0.98093
8072.24,SYN.BTC-29NOV19,1574247543134,open,0.39,0.3,0.368,0.393,0.38063646,101.55,0.3885,0.0,BTC-29NOV19-5000-C,8055.26,0.0,0.3715,8.0,0.3905,8.0,220.15,0.04064,-0.23248,1.21389,0.0,0.99904
8125.81,BTC-27DEC19,1574247543136,open,4.86,0.0,4.7915,5.0275,4.90712523,148.31,None,0.0,BTC-27DEC19-48000-P,8055.26,0.0,0.0005,1.0,0.0,0.0,0.0,0.02014,-0.0405,-48.49255,0.0,-0.99979
8443.46,SYN.BTC-26JUN20,1574247543136,open,0.04,25.8,0.015,0.081,0.0375825,87.61,0.041,0.0,BTC-26JUN20-22000-C,8055.26,86.1,0.035,18.0,0.04,30.0,88.98,14.6788,-2.93781,5.27611,4e-05,0.14179
8443.46,SYN.BTC-26JUN20,1574247543142,open,1.4,0.0,1.345,1.5015,1.41375333,85.82,None,0.0,BTC-26JUN20-20000-P,8055.26,0.0,0.1,1.0,1.88,0.1,249.45,16.36957,-3.20919,-113.74781,4e-05,-0.83281
8443.46,SYN.BTC-26JUN20,1574247543142,open,0.95,3.0,0.8985,1.0455,0.96314129,81.4,0.95,0.0,BTC-26JUN20-16000-P,8055.26,49.25,0.905,2.0,0.9995,1.0,95.45,20.43178,-3.79914,-87.1297,6e-05,-0.7577
8298.62,BTC-27MAR20,1574247543151,open,2.36,0.0,2.31,2.467,2.38172891,99.96,None,0.0,BTC-27MAR20-28000-P,8055.26,0.0,0.0,0.0,0.0,0.0,0.0,4.16721,-1.62875,-97.1787,2e-05,-0.96076
8058.85,SYN.BTC-22NOV19,1574247543248,open,0.0,282.0,0.0005,0.015,0.00228652,60.01,0.0025,0.0,BTC-22NOV19-8500-C,8055.26,57.84,0.002,37.2,0.0025,14.0,61.54,1.09841,-17.57014,0.04532,0.00055,0.11172
8058.85,SYN.BTC-22NOV19,1574247543248,open,0.11,20.2,0.0825,0.124,0.10167465,90.17,0.101,0.0,BTC-22NOV19-7250-C,8055.26,78.72,0.101,14.0,0.103,14.0,105.45,0.57285,-13.76948,0.35232,0.00019,0.9524
8058.85,SYN.BTC-22NOV19,1574247543248,open,0.0,108.7,0.0005,0.012,0.00129596,90.02,0.001,0.0,BTC-22NOV19-7250-P,8055.26,85.53,0.001,49.0,0.0015,3.2,92.79,0.5702,-10.44396,-0.02014,0.00019,-0.04732
8058.85,SYN.BTC-22NOV19,1574247543248,open,0.2,10.3,0.1865,0.2365,0.20993157,98.29,0.097,0.0,BTC-22NOV19-9750-P,8055.26,0.0,0.192,4.0,0.2255,4.0,256.31,0.06553,-1.71708,-0.4995,2e-05,-0.99619
8058.85,SYN.BTC-22NOV19,1574247543248,open,0.05,29.4,0.021,0.0655,0.0427308,61.27,0.0455,0.0,BTC-22NOV19-7750-C,8055.26,57.29,0.042,17.4,0.044,14.0,67.74,1.52097,-24.84019,0.3215,0.00074,0.81904
8058.85,SYN.BTC-22NOV19,1574247543248,open,0.0,205.2,0.0005,0.0145,0.00208426,74.12,0.002,0.0,BTC-22NOV19-7500-P,8055.26,68.42,0.0015,69.6,0.0025,2.0,77.73,0.89044,-16.79677,-0.03562,0.00036,-0.08393
8058.85,SYN.BTC-22NOV19,1574247543248,open,0.02,65.7,0.004,0.0435,0.01902448,52.97,0.018,0.0,BTC-22NOV19-8000-C,8055.26,49.3,0.018,0.4,0.02,14.0,56.46,2.25351,-31.82127,0.23395,0.00127,0.58394
8058.85,SYN.BTC-22NOV19,1574247543248,open,0.01,199.1,0.0005,0.0265,0.00631588,53.04,0.0065,0.0,BTC-22NOV19-8250-C,8055.26,49.59,0.0055,2.5,0.0065,14.0,53.81,1.92793,-27.25941,0.11131,0.00109,0.27508
8058.85,SYN.BTC-22NOV19,1574247543248,open,0.03,630.6,0.0105,0.0565,0.03002289,52.99,0.026,0.0,BTC-22NOV19-8250-P,8055.26,44.21,0.028,30.1,0.03,14.0,52.89,1.9272,-27.22213,-0.31274,0.00109,-0.72513
8058.85,SYN.BTC-22NOV19,1574247543248,open,0.0,267.4,0.0005,0.011,0.00108957,69.79,0.0015,0.0,BTC-22NOV19-8750-C,8055.26,60.44,0.0005,57.0,0.0015,14.5,74.66,0.62089,-8.78067,0.02136,0.00027,0.05266
8058.85,SYN.BTC-22NOV19,1574247543248,open,0.0,533.2,0.0005,0.0105,0.00047374,92.13,0.0005,0.0,BTC-22NOV19-9250-C,8055.26,0.0,0.0,0.0,0.001,4.6,103.89,0.2794,-3.81778,0.00808,9e-05,0.01997
8058.85,SYN.BTC-22NOV19,1574247543248,open,0.17,24.8,0.156,0.2055,0.17905615,97.01,0.176,0.0,BTC-22NOV19-9500-P,8055.26,0.0,0.1615,4.0,0.194,4.0,231.21,0.15233,-3.93933,-0.4842,5e-05,-0.99012
8058.85,SYN.BTC-22NOV19,1574247543250,open,0.0,340.8,0.0005,0.0105,0.00076732,82.81,0.0015,0.0,BTC-22NOV19-9000-C,8055.26,77.15,0.0005,24.8,0.0015,34.7,93.9,0.43115,-6.18371,0.01358,0.00016,0.03355
8058.85,SYN.BTC-22NOV19,1574247543250,open,0.0,311.5,0.0005,0.0105,2.94e-05,100.01,0.0005,0.0,BTC-22NOV19-10000-C,8055.26,0.0,0.0,0.0,0.0005,0.5,135.63,0.02763,-0.23693,0.0006,1e-05,0.00147
8058.85,SYN.BTC-22NOV19,1574247543250,open,0.0,190.5,0.0005,0.0105,2.2e-06,100.0,0.0005,0.0,BTC-22NOV19-10500-C,8055.26,0.0,0.0,0.0,0.001,15.0,177.7,0.00289,-0.01773,5e-05,0.0,0.00013
8058.85,SYN.BTC-22NOV19,1574247543250,open,0.0,412.7,0.0005,0.0105,0.00024202,97.76,0.0005,0.0,BTC-22NOV19-9500-C,8055.26,0.0,0.0,0.0,0.0005,0.1,107.78,0.15899,-1.95044,0.0042,5e-05,0.01037
8058.85,SYN.BTC-22NOV19,1574247543250,open,0.39,0.0,0.369,0.4245,0.39596413,0.0,None,0.0,BTC-22NOV19-11250-P,8055.26,0.0,0.0005,10.0,0.0,0.0,0.0,0.0,0.0,-0.57813,0.0,-1.0
8058.85,SYN.BTC-22NOV19,1574247543250,open,0.23,5.1,0.217,0.267,0.24088638,94.21,0.124,0.0,BTC-22NOV19-10000-P,8055.26,0.0,0.2225,4.0,0.2575,3.0,283.19,0.01555,-0.3904,-0.51357,0.0,-0.99922
8058.85,SYN.BTC-22NOV19,1574247543250,open,0.32,0.0,0.308,0.3615,0.33392179,0.0,None,0.0,BTC-22NOV19-10750-P,8055.26,0.0,0.0,0.0,0.0,0.0,0.0,0.0,0.0,-0.55243,0.0,-1.0
8058.85,SYN.BTC-22NOV19,1574247543250,open,0.14,50.8,0.1255,0.175,0.14826644,91.72,0.14,0.0,BTC-22NOV19-9250-P,8055.26,0.0,0.13,4.0,0.1635,4.0,209.92,0.27399,-6.69865,-0.46745,9e-05,-0.98048
8058.85,SYN.BTC-22NOV19,1574247543250,open,0.0,346.9,0.0005,0.0105,8.34e-06,100.0,0.001,0.0,BTC-22NOV19-10250-C,8055.26,0.0,0.0,0.0,0.0025,34.2,191.68,0.00934,-0.0672,0.00018,0.0,0.00045
8058.85,SYN.BTC-22NOV19,1574247543250,open,0.26,0.0,0.247,0.2985,0.27188674,0.0,None,0.0,BTC-22NOV19-10250-P,8055.26,0.0,0.0,0.0,0.0,0.0,0.0,0.0,0.0,-0.52674,0.0,-1.0
8058.85,SYN.BTC-22NOV19,1574247543250,open,0.0,331.3,0.0005,0.0105,9.602e-05,100.01,0.0005,0.0,BTC-22NOV19-9750-C,8055.26,0.0,0.0,0.0,0.001,22.7,135.39,0.07421,-0.77379,0.00177,2e-05,0.00438
8058.85,SYN.BTC-22NOV19,1574247543250,open,0.0,98.2,0.0005,0.0105,5.4e-07,100.0,0.001,0.0,BTC-22NOV19-10750-C,8055.26,0.0,0.0,0.0,0.0015,30.0,202.95,0.00083,-0.00437,1e-05,0.0,3e-05
8058.85,SYN.BTC-22NOV19,1574247543252,open,0.29,0.0,0.2775,0.3295,0.30290203,0.0,None,0.0,BTC-22NOV19-10500-P,8055.26,0.0,0.0,0.0,0.0,0.0,0.0,0.0,0.0,-0.53958,0.0,-1.0
8058.85,SYN.BTC-22NOV19,1574247543252,open,0.0,176.8,0.0005,0.0105,3e-08,100.0,0.0005,0.0,BTC-22NOV19-11250-C,8055.26,0.0,0.0,0.0,0.0005,0.1,196.65,5e-05,-0.00022,0.0,0.0,0.0
8058.85,SYN.BTC-22NOV19,1574247543252,open,0.36,0.0,0.3385,0.393,0.3649428,0.0,None,0.0,BTC-22NOV19-11000-P,8055.26,0.0,0.0005,10.0,0.0,0.0,0.0,0.0,0.0,-0.56528,0.0,-1.0
8058.85,SYN.BTC-22NOV19,1574247543252,open,0.0,181.3,0.0005,0.0105,1.3e-07,100.0,0.001,0.0,BTC-22NOV19-11000-C,8055.26,0.0,0.0,0.0,0.0015,30.0,216.12,0.00022,-0.00101,0.0,0.0,1e-05
8298.62,BTC-27MAR20,1574247543269,open,0.71,60.0,0.675,0.7895,0.72563144,78.46,0.7545,0.0,BTC-27MAR20-14000-P,8055.26,0.0,0.6825,3.5,0.7545,3.0,94.87,13.14128,-4.03143,-44.77219,7e-05,-0.81432
8072.24,SYN.BTC-29NOV19,1574247543291,open,0.72,0.0,0.7005,0.7705,0.73432991,0.0,None,0.0,BTC-29NOV19-14000-P,8055.26,0.0,0.0,0.0,0.0,0.0,0.0,0.0,0.0,-3.40438,0.0,-1.0
8072.24,SYN.BTC-29NOV19,1574247543291,open,0.04,366.5,0.0225,0.0715,0.03661474,51.59,0.038,0.0,BTC-29NOV19-8000-C,8055.26,50.59,0.036,14.0,0.038,21.8,53.84,4.96414,-14.42646,1.02814,0.00061,0.56039
8298.62,BTC-27MAR20,1574247543343,open,0.3,158.2,0.2585,0.364,0.30585079,72.04,0.2675,0.0,BTC-27MAR20-10000-P,8055.26,69.28,0.2995,12.2,0.3085,2.0,73.19,19.10967,-5.38293,-26.00734,0.00011,-0.58868
8298.62,BTC-27MAR20,1574247543372,open,0.21,93.7,0.1725,0.27,0.21579238,69.68,0.187,0.0,BTC-27MAR20-9000-P,8055.26,68.29,0.2125,15.0,0.2185,2.0,70.83,19.59494,-5.33884,-20.70022,0.00012,-0.49621
8058.85,SYN.BTC-22NOV19,1574247543373,open,0.0,102.5,0.0005,0.0105,0.00061168,99.72,0.001,0.0,BTC-22NOV19-7000-P,8055.26,96.61,0.0005,32.0,0.001,1.2,108.39,0.30803,-4.92947,-0.00954,9e-05,-0.02242
8125.78,BTC-27DEC19,1574247543439,open,0.04,629.9,0.019,0.0645,0.03770466,60.23,0.038,0.0,BTC-27DEC19-9000-C,8055.26,58.75,0.036,24.0,0.039,36.3,61.35,9.36141,-7.64559,2.40526,0.00023,0.3307
8125.81,BTC-27DEC19,1574247543448,open,2.67,0.2,2.62,2.767,2.69195591,110.63,2.51,0.0,BTC-27DEC19-30000-P,8055.26,0.0,0.0,0.0,0.0,0.0,0.0,0.01968,-0.02953,-30.30727,0.0,-0.9998
8298.62,BTC-27MAR20,1574247543482,open,0.32,19.3,0.291,0.354,0.31946375,69.56,0.406,0.0,BTC-27MAR20-6000-C,8055.26,51.11,0.2955,11.0,0.3325,18.0,78.32,11.96197,-3.25364,15.12761,7e-05,0.83978
8443.45,SYN.BTC-26JUN20,1574247543484,open,0.03,48.0,0.0105,0.07,0.02964141,92.33,0.0305,0.0,BTC-26JUN20-26000-C,8055.26,91.89,0.029,1.0,0.0305,20.7,92.91,12.45979,-2.62796,4.17351,3e-05,0.11207
8298.62,BTC-27MAR20,1574247543486,open,1.64,5.6,1.6035,1.739,1.66411656,92.62,1.545,0.0,BTC-27MAR20-22000-P,8055.26,0.0,0.0,0.0,0.0,0.0,0.0,6.32101,-2.28916,-75.5296,3e-05,-0.93375
8072.24,SYN.BTC-29NOV19,1574247543488,open,0.01,1004.6,0.0005,0.0245,0.00544205,58.37,0.0055,0.0,BTC-29NOV19-9000-C,8055.26,56.97,0.005,51.0,0.0055,20.0,58.55,2.59327,-8.52766,0.23496,0.00028,0.12514
8125.82,BTC-27DEC19,1574247543512,open,3.4,1.3,3.344,3.5205,3.4303441,126.72,3.212,0.0,BTC-27DEC19-36000-P,8055.26,0.0,0.0,0.0,0.0,0.0,0.0,0.02301,-0.03955,-36.36878,0.0,-0.99976
8125.82,BTC-27DEC19,1574247543512,open,2.18,0.0,2.137,2.265,2.19971009,104.27,None,0.0,BTC-27DEC19-26000-P,8055.26,0.0,0.0,0.0,0.0,0.0,0.0,0.0385,-0.05443,-26.26449,0.0,-0.99959
8443.58,SYN.BTC-26JUN20,1574247543519,open,0.04,204.4,0.022,0.0715,0.0412951,73.49,0.04,0.0,BTC-26JUN20-5000-P,8055.26,71.94,0.039,8.0,0.0425,13.1,74.29,12.61709,-2.11822,-7.86584,4e-05,-0.11405
8072.24,SYN.BTC-29NOV19,1574247543519,open,0.42,0.0,0.397,0.4585,0.42534189,99.34,None,0.0,BTC-29NOV19-11500-P,8055.26,0.0,0.0,0.0,0.0,0.0,0.0,0.43958,-2.46003,-2.77104,3e-05,-0.98635
8443.45,SYN.BTC-26JUN20,1574247543521,open,0.74,11.5,0.684,0.826,0.74693172,79.36,0.75,0.0,BTC-26JUN20-14000-P,8055.26,72.55,0.729,2.0,0.7535,2.0,81.77,22.83909,-4.14074,-73.10379,7e-05,-0.6969
8298.62,BTC-27MAR20,1574247543534,open,0.02,458.9,0.005,0.043,0.01613076,89.51,0.015,0.0,BTC-27MAR20-20000-C,8055.26,87.03,0.014,38.8,0.0165,11.6,89.92,7.40176,-2.5905,1.89892,3e-05,0.08144
8072.24,SYN.BTC-29NOV19,1574247543534,open,0.01,413.8,0.001,0.0335,0.01085556,59.43,0.0115,0.0,BTC-29NOV19-7500-P,8055.26,57.45,0.01,14.0,0.0105,2.0,58.61,3.52959,-11.81625,-0.41491,0.00037,-0.20052
8443.45,SYN.BTC-26JUN20,1574247543534,open,0.26,106.5,0.2145,0.33,0.26575555,73.49,0.259,0.0,BTC-26JUN20-9000-P,8055.26,72.09,0.2615,2.0,0.268,8.0,74.23,25.69987,-4.31438,-35.30721,8e-05,-0.43158
8072.24,SYN.BTC-29NOV19,1574247543534,open,0.0,396.7,0.0005,0.0105,0.000333,100.0,0.0005,0.0,BTC-29NOV19-12000-C,8055.26,104.81,0.0005,14.0,0.001,40.5,114.5,0.24099,-1.35759,0.01281,2e-05,0.00686
8443.45,SYN.BTC-26JUN20,1574247543628,open,0.02,13.7,0.0065,0.0555,0.02063049,96.57,0.0225,0.0,BTC-26JUN20-32000-C,8055.26,94.65,0.0185,41.5,0.0225,15.0,98.16,9.68253,-2.13591,2.98514,2e-05,0.07959
8125.82,BTC-27DEC19,1574247543711,open,0.0,690.8,0.0005,0.0105,1.8e-07,100.0,0.0005,0.0,BTC-27DEC19-36000-C,8055.26,0.0,0.0,0.0,0.001,53.0,170.41,0.00037,-0.0005,2e-05,0.0,0.0
8125.82,BTC-27DEC19,1574247543711,open,0.0,530.9,0.0005,0.0105,1.07e-06,100.0,0.0005,0.0,BTC-27DEC19-32000-C,8055.26,0.0,0.0,0.0,0.001,35.0,159.09,0.00185,-0.00251,0.00013,0.0,2e-05
8072.24,SYN.BTC-29NOV19,1574247543714,open,0.0,590.4,0.0005,0.012,0.00200273,77.12,0.0025,0.0,BTC-29NOV19-10000-C,8055.26,73.27,0.0015,14.5,0.0025,34.0,80.41,1.14288,-4.96525,0.07981,9e-05,0.04266
8125.82,BTC-27DEC19,1574247543765,open,0.0,483.6,0.0005,0.0105,0.00025743,100.0,0.0005,0.0,BTC-27DEC19-3500-P,8055.26,107.64,0.0005,34.1,0.0015,41.0,124.16,0.19941,-0.27038,-0.02252,0.0,-0.00249
8125.82,BTC-27DEC19,1574247543858,open,0.06,1019.9,0.0425,0.0985,0.0668576,59.17,0.0645,0.0,BTC-27DEC19-8000-P,8055.36,58.09,0.0655,20.0,0.069,22.6,60.89,10.14372,-8.13875,-4.07688,0.00026,-0.42975
8125.82,BTC-27DEC19,1574247543858,open,1.69,4.9,1.6545,1.764,1.70755143,100.64,1.0385,0.0,BTC-27DEC19-22000-P,8055.36,0.0,0.0,0.0,0.0,0.0,0.0,0.13136,-0.17925,-22.21465,0.0,-0.99843
8125.82,BTC-27DEC19,1574247543858,open,0.22,66.1,0.1925,0.241,0.21504124,67.84,0.355,0.0,BTC-27DEC19-6500-C,8055.36,35.58,0.201,16.0,0.238,14.0,97.41,5.36104,-4.93136,5.40564,0.00012,0.87351
8298.61,BTC-27MAR20,1574247543858,open,3.07,0.0,3.0175,3.1945,3.10037938,99.98,None,0.0,BTC-27MAR20-34000-P,8055.36,0.0,0.0,0.0,0.0,0.0,0.0,2.21928,-0.86759,-118.67723,1e-05,-0.98156
8125.82,BTC-27DEC19,1574247543858,open,0.0,964.9,0.0005,0.016,0.0042081,90.4,0.004,0.0,BTC-27DEC19-14000-C,8055.36,87.67,0.0035,58.0,0.005,41.2,93.14,2.22966,-2.73291,0.29455,4e-05,0.04009
8125.82,BTC-27DEC19,1574247543858,open,0.0,666.5,0.0005,0.0105,1.726e-05,100.0,0.0005,0.0,BTC-27DEC19-26000-C,8055.36,129.38,0.0005,14.0,0.001,34.0,138.68,0.02253,-0.03054,0.00177,0.0,0.00023
8298.61,BTC-27MAR20,1574247543858,open,0.1,573.9,0.0655,0.1475,0.10083154,72.04,0.102,0.0,BTC-27MAR20-10000-C,8055.36,71.46,0.0995,2.0,0.102,20.8,72.55,19.10966,-5.38299,9.02709,0.00011,0.41132
8125.82,BTC-27DEC19,1574247543858,open,0.0,657.0,0.0005,0.0105,6.68e-06,100.0,0.0005,0.0,BTC-27DEC19-28000-C,8055.36,0.0,0.0,0.0,0.001,34.8,146.04,0.00969,-0.01314,0.00072,0.0,9e-05
8125.92,BTC-27DEC19,1574247543859,open,0.24,532.0,0.2175,0.287,0.2491424,64.58,0.236,0.0,BTC-27DEC19-10000-P,8055.36,57.42,0.2435,11.0,0.2585,17.0,74.96,6.82035,-5.97187,-8.7622,0.00016,-0.81817
8298.71,BTC-27MAR20,1574247543859,open,0.94,1.1,0.9025,1.0205,0.95462265,81.81,1.08,0.0,BTC-27MAR20-16000-P,8055.36,0.0,0.0,0.0,1.956,1.0,500.0,10.54171,-3.37224,-52.96959,5e-05,-0.86726
8125.92,BTC-27DEC19,1574247543859,open,0.01,1199.1,0.001,0.028,0.01053136,70.41,0.0105,0.0,BTC-27DEC19-11000-C,8055.36,68.61,0.0095,43.4,0.0115,57.0,72.03,4.76938,-4.55342,0.79411,0.0001,0.10726
8125.92,BTC-27DEC19,1574247543859,open,0.36,247.7,0.332,0.403,0.36424565,70.45,0.3335,0.0,BTC-27DEC19-11000-P,8055.36,0.0,0.335,8.0,0.391,3.0,104.13,4.77387,-4.56007,-10.31813,0.0001,-0.8926
8298.71,BTC-27MAR20,1574247543859,open,3.78,1.0,3.726,3.9265,3.82160446,100.35,2.7125,0.0,BTC-27MAR20-40000-P,8055.36,0.0,0.0005,2.0,0.0,0.0,0.0,1.23643,-0.48516,-139.9113,1e-05,-0.99063
8125.92,BTC-27DEC19,1574247543860,open,0.02,1034.3,0.0065,0.04,0.01849586,64.56,0.017,0.0,BTC-27DEC19-10000-C,8055.36,63.36,0.0175,32.0,0.019,38.7,65.15,6.81823,-5.96817,1.34012,0.00016,0.18174
8125.92,BTC-27DEC19,1574247543861,open,0.0,106.3,0.0005,0.0105,1.7e-07,100.0,0.0005,0.0,BTC-27DEC19-2000-P,8055.36,0.0,0.0,0.0,0.0005,44.7,174.89,0.0003,-0.00041,-2e-05,0.0,0.0
8125.92,BTC-27DEC19,1574247543861,open,0.0,349.0,0.0005,0.0105,0.0,100.0,0.0005,0.0,BTC-27DEC19-48000-C,8055.36,0.0,0.0,0.0,0.0005,14.0,185.35,0.0,-1e-05,0.0,0.0,0.0
8298.71,BTC-27MAR20,1574247543861,open,0.0,57.8,0.0005,0.0185,0.00435151,100.0,0.008,0.0,BTC-27MAR20-32000-C,8055.36,101.87,0.005,50.2,0.0065,8.5,105.66,2.73659,-1.07001,0.56005,1e-05,0.02361
8443.45,SYN.BTC-26JUN20,1574247543858,open,0.53,8.5,0.4805,0.6165,0.54117744,77.29,0.545,0.0,BTC-26JUN20-12000-P,8055.36,72.12,0.526,2.0,0.545,2.0,78.58,25.02455,-4.41844,-58.45554,8e-05,-0.61334
8072.24,SYN.BTC-29NOV19,1574247543858,open,0.06,318.7,0.0475,0.1035,0.06643036,52.44,0.0625,0.0,BTC-29NOV19-8500-P,8055.36,49.67,0.065,14.0,0.068,10.4,55.41,4.21828,-12.46181,-1.54877,0.00051,-0.72258
8443.45,SYN.BTC-26JUN20,1574247543859,open,2.08,0.0,2.0315,2.207,2.10894725,92.33,None,0.0,BTC-26JUN20-26000-P,8055.36,0.0,0.0,0.0,0.0,0.0,0.0,12.45873,-2.62764,-151.73837,3e-05,-0.88794
8072.24,SYN.BTC-29NOV19,1574247543858,open,0.01,1281.3,0.0005,0.0195,0.00548318,73.56,0.007,0.0,BTC-29NOV19-7000-P,8055.36,71.72,0.005,50.0,0.0055,20.0,73.62,2.15768,-8.94121,-0.20084,0.00019,-0.09683
8443.45,SYN.BTC-26JUN20,1574247543858,open,0.03,11.6,0.012,0.0735,0.03223665,89.49,0.0345,0.0,BTC-26JUN20-24000-C,8055.36,88.05,0.03,18.0,0.0345,20.0,90.91,13.29629,-2.71827,4.58739,3e-05,0.12284
8443.45,SYN.BTC-26JUN20,1574247543859,open,0.13,217.6,0.0915,0.181,0.13006935,73.49,0.125,0.0,BTC-26JUN20-7000-P,8055.36,71.12,0.124,13.6,0.127,0.5,72.29,21.60344,-3.62686,-20.23669,7e-05,-0.26961
8072.24,SYN.BTC-29NOV19,1574247543860,open,0.84,0.0,0.822,0.896,0.85820098,0.0,None,0.0,BTC-29NOV19-15000-P,8055.36,0.0,0.0,0.0,0.0,0.0,0.0,0.0,0.0,-3.64755,0.0,-1.0
8443.45,SYN.BTC-26JUN20,1574247543858,open,0.65,14.5,0.6405,0.6675,0.65174889,80.12,0.682,0.0,BTC-26JUN20-3000-C,8055.36,0.0,0.643,9.0,0.663,9.0,99.78,3.68769,-0.67495,16.41941,1e-05,0.97604
8443.45,SYN.BTC-26JUN20,1574247543858,open,0.06,226.5,0.026,0.1035,0.05443351,83.56,0.0625,0.0,BTC-26JUN20-18000-C,8055.36,82.19,0.0515,5.0,0.057,14.8,84.74,18.23282,-3.48041,7.30403,5e-05,0.19869
8443.45,SYN.BTC-26JUN20,1574247543858,open,0.3,9.5,0.26,0.3505,0.30102515,73.49,0.338,0.0,BTC-26JUN20-7000-C,8055.36,71.92,0.297,12.6,0.304,2.0,74.65,21.60345,-3.62688,21.73941,7e-05,0.73039
8443.45,SYN.BTC-26JUN20,1574247543858,open,0.09,201.8,0.0515,0.144,0.08886419,79.37,0.09,0.0,BTC-26JUN20-14000-C,8055.36,78.5,0.0865,7.0,0.0915,15.8,80.34,22.84051,-4.14143,10.8495,7e-05,0.30315
8072.24,SYN.BTC-29NOV19,1574247543858,open,0.6,0.0,0.579,0.644,0.61052022,100.13,None,0.0,BTC-29NOV19-13000-P,8055.36,0.0,0.0,0.0,0.0,0.0,0.0,0.06033,-0.34029,-3.15844,0.0,-0.99853
8072.24,SYN.BTC-29NOV19,1574247543861,open,0.17,117.2,0.155,0.2095,0.18003502,68.29,0.183,0.0,BTC-29NOV19-9500-P,8055.36,0.0,0.158,7.0,0.2005,7.0,124.64,1.68937,-6.49906,-2.179,0.00016,-0.93004
8443.45,SYN.BTC-26JUN20,1574247543859,open,1.17,0.0,1.12,1.271,1.18626145,83.56,None,0.0,BTC-26JUN20-18000-P,8055.36,0.0,0.09,1.0,1.35,1.0,143.02,18.23249,-3.4803,-100.63484,5e-05,-0.80131
8443.45,SYN.BTC-26JUN20,1574247543858,open,0.34,113.2,0.295,0.419,0.35025665,74.46,0.354,0.0,BTC-26JUN20-10000-P,8055.36,72.44,0.344,8.0,0.3535,8.0,75.51,26.08414,-4.43709,-43.15312,8e-05,-0.50203
180.35,SYN.ETH-26JUN20,1574247543886,open,0.04,108.0,0.013,0.077,0.037756,97.97,0.046,0.0,ETH-26JUN20-560-C,174.27,96.28,0.035,140.0,0.041,500.0,99.89,0.29952,-0.06703,0.10258,0.00157,0.13261
175.86,ETH-27DEC19,1574247543891,open,3.05,0.0,2.975,3.221,3.094168,105.0,None,0.0,ETH-27DEC19-720-P,174.27,0.0,0.004,50.0,0.0,0.0,0.0,6e-05,-8e-05,-0.72741,0.0,-0.99998
178.79,ETH-27MAR20,1574247543891,open,0.09,1322.0,0.049,0.133,0.089018,80.49,0.1,0.0,ETH-27MAR20-240-C,174.27,79.11,0.086,100.0,0.089,500.0,80.48,0.3928,-0.12362,0.16475,0.00436,0.35203
178.79,ETH-27MAR20,1574247543891,open,1.67,0.0,1.613,1.804,1.702554,99.24,None,0.0,ETH-27MAR20-480-P,174.27,0.0,0.004,50.0,0.0,0.0,0.0,0.16124,-0.06257,-1.64106,0.00145,-0.91735
180.35,SYN.ETH-26JUN20,1574247543893,open,0.29,53.0,0.236,0.34,0.289039,79.62,0.295,0.0,ETH-26JUN20-160-C,174.27,78.14,0.285,261.0,0.296,10.0,82.18,0.49108,-0.08932,0.43615,0.00316,0.69233
175.86,ETH-27DEC19,1574247543898,open,0.07,1253.0,0.042,0.104,0.07254,65.43,0.08,0.0,ETH-27DEC19-180-C,174.27,64.21,0.071,757.0,0.077,647.0,68.94,0.22299,-0.19782,0.07539,0.01091,0.49684
178.79,ETH-27MAR20,1574247543898,open,0.12,4620.0,0.079,0.169,0.122152,76.51,0.122,0.0,ETH-27MAR20-160-P,174.27,73.6,0.116,262.0,0.124,500.0,77.38,0.37775,-0.113,-0.27608,0.00441,-0.3186
175.86,ETH-27DEC19,1574247543901,open,0.26,2728.0,0.229,0.324,0.27504,74.17,0.274,0.0,ETH-27DEC19-220-P,174.27,67.12,0.269,425.0,0.282,420.0,81.62,0.15776,-0.15866,-0.19052,0.00681,-0.79729
178.79,ETH-27MAR20,1574247543906,open,0.04,1031.0,0.017,0.079,0.04298,86.65,0.048,0.0,ETH-27MAR20-320-C,174.27,84.77,0.04,260.0,0.043,500.0,86.67,0.28703,-0.09725,0.09199,0.00296,0.18984
180.35,SYN.ETH-26JUN20,1574247543909,open,2.53,0.0,2.457,2.718,2.579363,100.86,None,0.0,ETH-26JUN20-640-P,174.27,0.0,0.0,0.0,0.0,0.0,0.0,0.26114,-0.06017,-3.753,0.00133,-0.89086
180.35,SYN.ETH-26JUN20,1574247543914,open,2.1,0.0,2.031,2.27,2.143001,98.07,None,0.0,ETH-26JUN20-560-P,174.27,0.0,0.01,50.0,0.0,0.0,0.0,0.30019,-0.06725,-3.25524,0.00157,-0.86696
175.86,ETH-27DEC19,1574247543984,open,1.14,0.0,1.099,1.233,1.162542,105.0,None,0.0,ETH-27DEC19-380-P,174.27,0.0,0.02,50.0,0.0,0.0,0.0,0.0225,-0.03204,-0.38136,0.00069,-0.98389
178.79,ETH-27MAR20,1574247544007,open,0.47,0.0,0.434,0.487,0.460013,81.09,None,0.0,ETH-27MAR20-100-C,174.27,0.0,0.44,31.0,0.0,0.0,0.0,0.14744,-0.04675,0.29223,0.00162,0.92654
180.35,SYN.ETH-26JUN20,1574247544009,open,1.68,0.0,1.607,1.827,1.710865,95.28,None,0.0,ETH-26JUN20-480-P,174.27,0.0,0.01,50.0,0.0,0.0,0.0,0.35219,-0.07666,-2.7489,0.0019,-0.83091
180.35,SYN.ETH-26JUN20,1574247544026,open,0.24,295.0,0.188,0.296,0.242867,79.62,0.254,0.0,ETH-26JUN20-180-C,174.27,79.67,0.243,263.0,0.251,10.0,82.39,0.53078,-0.09654,0.41031,0.00342,0.62226
180.35,SYN.ETH-26JUN20,1574247544031,open,1.89,0.0,1.818,2.046,1.925373,96.19,None,0.0,ETH-26JUN20-520-P,174.27,0.0,0.01,50.0,0.0,0.0,0.0,0.32134,-0.07061,-3.00471,0.00171,-0.85295
174.65,SYN.ETH-29NOV19,1574247544044,open,0.11,125.0,0.064,0.127,0.096485,70.24,0.13,0.0,ETH-29NOV19-160-C,174.27,0.0,0.083,55.0,0.333,25.0,497.6,0.0754,-0.29833,0.03003,0.01447,0.80367
175.86,ETH-27DEC19,1574247544046,open,1.25,15.0,1.209,1.349,1.275657,105.0,1.248,0.0,ETH-27DEC19-400-P,174.27,0.0,0.002,50.0,0.0,0.0,0.0,0.016,-0.02278,-0.40239,0.00049,-0.98915
178.79,ETH-27MAR20,1574247544051,open,0.33,30.0,0.278,0.405,0.340212,78.69,0.306,0.0,ETH-27MAR20-220-P,174.27,73.38,0.328,300.0,0.343,337.0,79.9,0.41277,-0.12701,-0.57897,0.00468,-0.58411
178.79,ETH-27MAR20,1574247544051,open,0.3,0.0,0.249,0.33,0.290434,76.53,None,0.0,ETH-27MAR20-140-C,174.27,37.2,0.23,31.0,0.301,10.0,82.48,0.31474,-0.09418,0.30558,0.00367,0.77828
175.86,ETH-27DEC19,1574247544062,open,1.7,21.0,1.65,1.815,1.729646,105.0,0.629,0.0,ETH-27DEC19-480-P,174.27,0.0,0.002,50.0,0.0,0.0,0.0,0.00393,-0.0056,-0.48458,0.00012,-0.99776
178.79,ETH-27MAR20,1574247544089,open,1.45,0.0,1.397,1.576,1.48093,95.1,None,0.0,ETH-27MAR20-440-P,174.27,0.0,0.003,50.0,0.0,0.0,0.0,0.17704,-0.06584,-1.49532,0.00166,-0.90631
175.86,ETH-27DEC19,1574247544092,open,1.47,0.0,1.43,1.581,1.502463,105.0,None,0.0,ETH-27DEC19-440-P,174.27,0.0,0.002,50.0,0.0,0.0,0.0,0.00798,-0.01135,-0.44374,0.00024,-0.99507
180.35,SYN.ETH-26JUN20,1574247544118,open,0.47,0.0,0.41,0.565,0.486205,82.91,None,0.0,ETH-26JUN20-240-P,174.27,34.96,0.354,1.0,0.497,10.0,86.42,0.55289,-0.10472,-1.11995,0.00342,-0.54936
178.79,ETH-27MAR20,1574247544169,open,0.18,64.0,0.129,0.222,0.17593,76.32,0.179,0.0,ETH-27MAR20-180-C,174.27,72.89,0.168,260.0,0.179,500.0,77.65,0.4129,-0.12321,0.25531,0.00483,0.58353
8125.82,BTC-27DEC19,1574247544173,open,0.04,629.9,0.019,0.0645,0.03770466,60.23,0.038,0.0,BTC-27DEC19-9000-C,8055.36,58.74,0.036,32.0,0.039,36.3,61.35,9.3614,-7.64507,2.40525,0.00023,0.33069
175.86,ETH-27DEC19,1574247544192,open,0.33,2.0,0.3,0.351,0.325454,84.85,0.346,0.0,ETH-27DEC19-120-C,174.27,0.0,0.317,51.0,0.0,0.0,0.0,0.06688,-0.07694,0.10913,0.00252,0.93967
174.65,SYN.ETH-29NOV19,1574247544213,open,0.21,1.0,0.174,0.227,0.200568,83.67,0.289,0.0,ETH-29NOV19-140-C,174.27,0.0,0.198,30.0,0.0,0.0,0.0,0.02308,-0.10878,0.03229,0.00372,0.96082
178.79,ETH-27MAR20,1574247544221,open,1.89,0.0,1.828,2.028,1.921752,99.34,None,0.0,ETH-27MAR20-520-P,174.27,0.0,0.006,50.0,0.0,0.0,0.0,0.13264,-0.05152,-1.79001,0.00119,-0.93596
178.79,ETH-27MAR20,1574247544221,open,2.1,0.0,2.044,2.256,2.143762,101.89,None,0.0,ETH-27MAR20-560-P,174.27,0.0,0.02,50.0,0.0,0.0,0.0,0.11897,-0.0474,-1.93428,0.00104,-0.94426
8443.45,SYN.BTC-26JUN20,1574247544231,open,0.04,204.4,0.022,0.0715,0.0412951,73.49,0.04,0.0,BTC-26JUN20-5000-P,8055.36,71.94,0.039,8.0,0.0425,21.1,74.29,12.61703,-2.11815,-7.86576,4e-05,-0.11406
180.35,SYN.ETH-26JUN20,1574247544255,open,0.08,687.0,0.037,0.127,0.077497,88.92,0.075,0.0,ETH-26JUN20-360-C,174.27,87.09,0.073,472.0,0.083,472.0,91.11,0.44825,-0.09105,0.19172,0.00258,0.25478
175.86,ETH-27DEC19,1574247544282,open,0.0,12762.0,0.001,0.011,4e-06,105.0,0.001,0.0,ETH-27DEC19-680-C,174.27,0.0,0.0,0.0,0.002,800.0,169.54,0.00012,-0.00017,1e-05,0.0,5e-05
178.79,ETH-27MAR20,1574247544282,open,0.04,1180.0,0.02,0.07,0.041557,79.24,0.042,0.0,ETH-27MAR20-120-P,174.27,75.71,0.037,615.0,0.042,500.0,79.58,0.23445,-0.07264,-0.11313,0.00264,-0.13905
180.35,SYN.ETH-26JUN20,1574247544299,open,2.32,0.0,2.243,2.493,2.360425,99.23,None,0.0,ETH-26JUN20-600-P,174.27,0.0,0.0,0.0,0.0,0.0,0.0,0.27773,-0.06296,-3.50556,0.00143,-0.881
180.35,SYN.ETH-26JUN20,1574247544299,open,1.46,0.0,1.396,1.605,1.494861,92.7,None,0.0,ETH-26JUN20-440-P,174.27,0.0,0.01,50.0,0.0,0.0,0.0,0.37714,-0.07987,-2.4943,0.00209,-0.8115
178.79,ETH-27MAR20,1574247544301,open,2.54,0.0,2.478,2.712,2.587971,105.0,None,0.0,ETH-27MAR20-640-P,174.27,0.0,0.01,50.0,0.0,0.0,0.0,0.09272,-0.03807,-2.22186,0.00079,-0.95917
178.79,ETH-27MAR20,1574247544303,open,0.07,368.0,0.041,0.111,0.073475,76.53,0.07,0.0,ETH-27MAR20-140-P,174.27,73.41,0.068,780.0,0.076,500.0,77.96,0.31474,-0.09418,-0.1849,0.00367,-0.22172
180.35,SYN.ETH-26JUN20,1574247544303,open,0.02,3.0,0.009,0.041,0.021835,84.76,0.02,0.0,ETH-26JUN20-80-P,174.27,82.69,0.02,750.0,0.025,250.0,88.16,0.1633,-0.03162,-0.08698,0.00099,-0.05859
175.86,ETH-27DEC19,1574247544321,open,0.01,1740.0,0.001,0.023,0.008247,90.97,0.009,0.0,ETH-27DEC19-280-C,174.27,87.97,0.007,1133.0,0.01,1170.0,94.8,0.07637,-0.0942,0.01126,0.00269,0.0716
180.35,SYN.ETH-26JUN20,1574247544331,open,0.11,330.0,0.077,0.168,0.120412,79.63,0.096,0.0,ETH-26JUN20-140-P,174.27,76.52,0.113,773.0,0.123,210.0,80.71,0.43024,-0.07826,-0.38552,0.00277,-0.23606
8298.71,BTC-27MAR20,1574247544327,open,0.3,158.2,0.2585,0.364,0.30584107,72.05,0.2675,0.0,BTC-27MAR20-10000-P,8055.36,69.28,0.2995,12.2,0.3085,10.0,73.2,19.11017,-5.38342,-26.00689,0.00011,-0.58865
175.86,ETH-27DEC19,1574247544339,open,0.0,6174.0,0.001,0.011,2e-06,105.0,0.001,0.0,ETH-27DEC19-720-C,174.27,0.0,0.0,0.0,0.002,800.0,175.36,6e-05,-8e-05,0.0,0.0,2e-05
174.65,SYN.ETH-29NOV19,1574247544339,open,0.0,2222.0,0.001,0.012,0.002159,83.67,0.002,0.0,ETH-29NOV19-140-P,174.27,82.44,0.002,500.0,0.003,40.0,89.46,0.02308,-0.10878,-0.00176,0.00372,-0.03918
178.79,ETH-27MAR20,1574247544351,open,0.01,886.0,0.002,0.032,0.011596,101.89,0.015,0.0,ETH-27MAR20-560-C,174.27,99.39,0.01,456.0,0.013,720.0,103.93,0.11897,-0.0474,0.02765,0.00104,0.05574
178.79,ETH-27MAR20,1574247544351,open,0.02,884.0,0.006,0.046,0.019942,95.1,0.018,0.0,ETH-27MAR20-440-C,174.27,93.09,0.018,560.0,0.021,500.0,96.16,0.17704,-0.06583,0.04619,0.00166,0.09369
8298.61,BTC-27MAR20,1574247544362,open,0.21,93.7,0.1725,0.27,0.21579323,69.69,0.187,0.0,BTC-27MAR20-9000-P,8055.36,68.29,0.2125,15.0,0.2185,10.0,70.83,19.59491,-5.33912,-20.70026,0.00012,-0.4962
174.65,SYN.ETH-29NOV19,1574247544370,open,0.14,90.0,0.115,0.192,0.151964,72.61,0.082,0.0,ETH-29NOV19-200-P,174.27,0.0,0.02,55.0,0.152,10.0,72.72,0.05672,-0.232,-0.04353,0.01053,-0.87291
174.65,SYN.ETH-29NOV19,1574247544370,open,0.05,528.0,0.029,0.096,0.055488,60.58,0.051,0.0,ETH-29NOV19-180-P,174.27,56.41,0.053,500.0,0.059,629.0,66.41,0.10471,-0.35731,-0.02814,0.0233,-0.6072
175.86,ETH-27DEC19,1574247544396,open,0.0,11107.0,0.001,0.011,3.9e-05,105.0,0.001,0.0,ETH-27DEC19-560-C,174.27,0.0,0.0,0.0,0.002,800.0,149.39,0.00095,-0.00135,8e-05,3e-05,0.00048
175.86,ETH-27DEC19,1574247544405,open,0.0,13024.0,0.001,0.011,8.8e-05,105.0,0.001,0.0,ETH-27DEC19-520-C,174.27,130.76,0.001,500.0,0.002,800.0,141.53,0.00193,-0.00275,0.00017,6e-05,0.00103
178.79,ETH-27MAR20,1574247544421,open,0.42,125.0,0.366,0.5,0.431375,80.49,0.37,0.0,ETH-27MAR20-240-P,174.27,65.65,0.4,300.0,0.44,10.0,84.38,0.3928,-0.12361,-0.67608,0.00436,-0.64797
178.79,ETH-27MAR20,1574247544427,open,0.37,40.0,0.335,0.405,0.370378,79.24,0.459,0.0,ETH-27MAR20-120-C,174.27,32.86,0.33,1.0,0.0,0.0,0.0,0.23445,-0.07264,0.30729,0.00264,0.86095
180.35,SYN.ETH-26JUN20,1574247544431,open,1.26,0.0,1.189,1.39,1.284551,91.68,None,0.0,ETH-26JUN20-400-P,174.27,0.0,0.01,50.0,0.0,0.0,0.0,0.41519,-0.08696,-2.2311,0.00232,-0.77844
180.35,SYN.ETH-26JUN20,1574247544437,open,0.05,0.0,0.019,0.093,0.049233,95.21,None,0.0,ETH-26JUN20-480-C,174.27,94.05,0.047,13.0,0.052,640.0,96.61,0.35176,-0.07651,0.12927,0.00189,0.16876
8072.24,SYN.BTC-29NOV19,1574247544463,open,0.0,555.3,0.0005,0.011,0.00147165,99.98,0.0015,0.0,BTC-29NOV19-6000-P,8055.36,100.31,0.0015,20.0,0.002,1.0,105.47,0.70616,-3.97741,-0.04962,4e-05,-0.02381
8072.24,SYN.BTC-29NOV19,1574247544468,open,0.09,69.0,0.0605,0.11,0.08174771,59.43,0.0845,0.0,BTC-29NOV19-7500-C,8055.36,56.53,0.0805,14.0,0.0825,4.0,61.14,3.52974,-11.81754,1.40883,0.00037,0.79947
8058.85,SYN.BTC-22NOV19,1574247544470,open,0.11,133.8,0.095,0.144,0.11755187,82.8,0.1095,0.0,BTC-22NOV19-9000-P,8055.36,0.0,0.116,4.0,0.1185,0.1,96.54,0.43107,-9.51506,-0.44893,0.00016,-0.96646
8058.85,SYN.BTC-22NOV19,1574247544470,open,0.08,206.4,0.065,0.1125,0.08685195,69.79,0.079,0.0,BTC-22NOV19-8750-P,8055.36,0.0,0.085,4.1,0.088,0.1,81.92,0.62073,-11.54721,-0.4283,0.00027,-0.94736
8058.85,SYN.BTC-22NOV19,1574247544472,open,0.11,133.8,0.095,0.144,0.11755187,82.8,0.1095,0.0,BTC-22NOV19-9000-P,8055.36,0.0,0.116,4.0,0.119,0.1,102.06,0.43107,-9.51506,-0.44893,0.00016,-0.96646
175.86,ETH-27DEC19,1574247544480,open,0.14,1390.0,0.1,0.168,0.134503,67.57,0.132,0.0,ETH-27DEC19-160-C,174.27,66.19,0.133,540.0,0.139,564.0,71.67,0.19197,-0.17589,0.10189,0.00909,0.70796
178.79,ETH-27MAR20,1574247544488,open,0.17,1595.0,0.131,0.236,0.182697,76.32,0.184,0.0,ETH-27MAR20-180-P,174.27,72.56,0.174,723.0,0.185,400.0,77.31,0.4129,-0.12321,-0.37531,0.00483,-0.41647
180.35,SYN.ETH-26JUN20,1574247544488,open,0.85,1.0,0.782,0.962,0.868801,86.74,0.674,0.0,ETH-26JUN20-320-P,174.27,33.63,0.776,1.0,0.907,1.0,100.32,0.48723,-0.09654,-1.69419,0.00288,-0.69774
180.35,SYN.ETH-26JUN20,1574247544488,open,0.04,30.0,0.021,0.071,0.042682,81.31,0.042,0.0,ETH-26JUN20-100-P,174.27,79.39,0.04,750.0,0.047,548.0,84.33,0.25463,-0.0473,-0.16014,0.00161,-0.10539
180.35,SYN.ETH-26JUN20,1574247544488,open,0.04,41.0,0.015,0.083,0.041937,96.1,0.05,0.0,ETH-26JUN20-520-C,174.27,94.43,0.039,140.0,0.046,640.0,98.34,0.32079,-0.07043,0.11328,0.00171,0.14668
178.79,ETH-27MAR20,1574247544490,open,0.06,1666.0,0.029,0.102,0.061305,84.12,0.06,0.0,ETH-27MAR20-280-C,174.27,82.38,0.058,260.0,0.06,500.0,83.44,0.34136,-0.11228,0.12272,0.00362,0.25723
175.86,ETH-27DEC19,1574247544510,open,1.03,257.0,0.988,1.118,1.049766,105.0,0.995,0.0,ETH-27DEC19-360-P,174.27,0.0,0.02,50.0,0.0,0.0,0.0,0.03142,-0.04473,-0.35994,0.00096,-0.97613
175.86,ETH-27DEC19,1574247544556,open,0.17,3453.0,0.135,0.223,0.178087,69.55,0.139,0.0,ETH-27DEC19-200-P,174.27,64.11,0.172,500.0,0.184,10.0,74.7,0.19956,-0.18819,-0.15269,0.00918,-0.68129
178.79,ETH-27MAR20,1574247544556,open,0.11,288.0,0.067,0.155,0.109717,78.69,0.122,0.0,ETH-27MAR20-220-C,174.27,76.65,0.105,575.0,0.11,500.0,78.82,0.41277,-0.12701,0.19178,0.00468,0.41589
175.86,ETH-27DEC19,1574247544556,open,0.36,2287.0,0.332,0.431,0.379459,78.43,0.302,0.0,ETH-27DEC19-240-P,174.27,0.0,0.364,50.0,0.455,100.0,154.61,0.11875,-0.12628,-0.22185,0.00485,-0.86921
180.35,SYN.ETH-26JUN20,1574247544556,open,0.1,239.0,0.05,0.147,0.094474,86.74,0.102,0.0,ETH-26JUN20-320-C,174.27,85.07,0.09,468.0,0.1,180.0,88.77,0.48723,-0.09654,0.22472,0.00288,0.30226
178.79,ETH-27MAR20,1574247544571,open,2.32,0.0,2.261,2.485,2.366489,104.85,None,0.0,ETH-27MAR20-600-P,174.27,0.0,0.03,50.0,0.0,0.0,0.0,0.10993,-0.04507,-2.0771,0.00094,-0.94955
175.86,ETH-27DEC19,1574247544593,open,2.6,0.0,2.534,2.752,2.639266,105.0,None,0.0,ETH-27DEC19-640-P,174.27,0.0,0.02,50.0,0.0,0.0,0.0,0.00023,-0.00033,-0.64657,1e-05,-0.99989
180.35,SYN.ETH-26JUN20,1574247544593,open,0.12,322.0,0.07,0.174,0.119267,84.77,0.138,0.0,ETH-26JUN20-280-C,174.27,82.95,0.114,462.0,0.124,10.0,86.39,0.52553,-0.10177,0.26706,0.00318,0.36621
178.79,ETH-27MAR20,1574247544595,open,0.23,779.0,0.181,0.271,0.227246,76.51,0.239,0.0,ETH-27MAR20-160-C,174.27,73.08,0.22,253.0,0.229,497.0,77.34,0.37775,-0.113,0.28447,0.00441,0.6814
178.79,ETH-27MAR20,1574247544709,open,1.23,9.0,1.182,1.35,1.26097,91.4,1.34,0.0,ETH-27MAR20-400-P,174.27,0.0,1.203,7.0,1.307,7.0,122.46,0.20107,-0.07186,-1.34632,0.00196,-0.88839
174.65,SYN.ETH-29NOV19,1574247544891,open,0.19,0.0,0.169,0.25,0.207998,85.69,None,0.0,ETH-29NOV19-210-P,174.28,0.0,0.202,30.0,0.444,1.0,499.94,0.04591,-0.22162,-0.04728,0.00722,-0.90534
174.35,SYN.ETH-22NOV19,1574247544891,open,0.01,675.0,0.001,0.029,0.007781,68.59,0.007,0.0,ETH-22NOV19-180-C,174.28,51.38,0.004,500.0,0.007,778.0,65.24,0.04104,-0.75045,0.00232,0.0383,0.26634
174.35,SYN.ETH-22NOV19,1574247544891,open,0.19,0.0,0.17,0.243,0.204648,105.0,None,0.0,ETH-22NOV19-210-P,174.28,0.0,0.001,51.0,0.28,1.0,500.0,0.00258,-0.07217,-0.01073,0.00157,-0.99253
174.35,SYN.ETH-22NOV19,1574247544892,open,0.04,181.0,0.007,0.063,0.034286,68.33,0.043,0.0,ETH-22NOV19-170-C,174.28,58.89,0.032,500.0,0.035,500.0,71.21,0.04309,-0.78486,0.00601,0.04037,0.70554
180.35,SYN.ETH-26JUN20,1574247544903,open,0.65,0.0,0.59,0.758,0.671802,84.77,None,0.0,ETH-26JUN20-280-P,174.28,34.07,0.559,1.0,0.682,10.0,88.25,0.52553,-0.10177,-1.41198,0.00318,-0.63379
178.8,ETH-27MAR20,1574247544909,open,0.81,7.0,0.76,0.913,0.832788,86.71,0.725,0.0,ETH-27MAR20-320-P,174.28,0.0,0.01,50.0,0.856,1.0,100.03,0.2873,-0.09741,-1.02899,0.00296,-0.80988
178.8,ETH-27MAR20,1574247544913,open,0.61,186.0,0.558,0.702,0.627389,84.16,0.62,0.0,ETH-27MAR20-280-P,174.28,41.35,0.57,13.0,0.649,14.0,95.01,0.34153,-0.11239,-0.85816,0.00362,-0.74256
174.65,SYN.ETH-29NOV19,1574247544932,open,0.19,0.0,0.169,0.25,0.207998,85.69,None,0.0,ETH-29NOV19-210-P,174.28,0.0,0.202,30.0,0.445,1.0,500.0,0.04591,-0.22162,-0.04728,0.00722,-0.90534
8058.95,SYN.BTC-22NOV19,1574246159602,open,0.0,346.9,0.0005,0.0105,8.33e-06,100.0,0.001,0.0,BTC-22NOV19-10250-C,8055.16,0.0,0.0,0.0,0.0025,34.2,191.67,0.00934,-0.06716,0.00018,0.0,0.00045
8058.95,SYN.BTC-22NOV19,1574240426731,open,0.0,181.3,0.0005,0.0105,1.3e-07,100.0,0.001,0.0,BTC-22NOV19-11000-C,8055.16,0.0,0.0,0.0,0.0015,30.0,216.11,0.00022,-0.00101,0.0,0.0,1e-05
8058.95,SYN.BTC-22NOV19,1574240426720,open,0.0,98.2,0.0005,0.0105,5.4e-07,100.0,0.001,0.0,BTC-22NOV19-10750-C,8055.16,0.0,0.0,0.0,0.0015,30.0,202.94,0.00083,-0.00437,1e-05,0.0,3e-05
8443.54,SYN.BTC-26JUN20,1574247503274,open,0.09,201.8,0.0515,0.144,0.08886397,79.37,0.09,0.0,BTC-26JUN20-14000-C,8055.16,78.5,0.0865,7.0,0.0915,15.8,80.34,22.84081,-4.14144,10.84971,7e-05,0.30315
8443.54,SYN.BTC-26JUN20,1574247514670,open,0.07,77.4,0.0355,0.12,0.06820754,81.41,0.0785,0.0,BTC-26JUN20-16000-C,8055.16,79.65,0.064,30.3,0.0715,24.3,82.76,20.43438,-3.80006,8.81732,6e-05,0.24235
8443.54,SYN.BTC-26JUN20,1574247377384,open,0.02,13.7,0.0065,0.0555,0.02062953,96.56,0.0225,0.0,BTC-26JUN20-32000-C,8055.16,94.65,0.0185,41.5,0.0225,15.0,98.16,9.68242,-2.13585,2.9851,2e-05,0.07959
8443.54,SYN.BTC-26JUN20,1574247538842,open,0.06,226.5,0.026,0.1035,0.05443329,83.56,0.0625,0.0,BTC-26JUN20-18000-C,8055.16,82.19,0.0515,5.0,0.057,14.8,84.74,18.23305,-3.48042,7.30415,5e-05,0.19869
8443.54,SYN.BTC-26JUN20,1574247503290,open,0.03,11.6,0.012,0.0735,0.03223655,89.49,0.0345,0.0,BTC-26JUN20-24000-C,8055.16,88.05,0.03,18.0,0.0345,20.0,90.91,13.29646,-2.71829,4.58746,3e-05,0.12284
8443.54,SYN.BTC-26JUN20,1574247528067,open,0.03,48.0,0.0105,0.07,0.02964015,92.33,0.0305,0.0,BTC-26JUN20-26000-C,8055.16,91.89,0.029,1.0,0.0305,20.7,92.91,12.45968,-2.6279,4.17347,3e-05,0.11207
8443.54,SYN.BTC-26JUN20,1574247377321,open,0.05,224.2,0.0195,0.0915,0.04508805,85.84,0.0465,0.0,BTC-26JUN20-20000-C,8055.16,85.27,0.044,0.5,0.0465,54.9,86.56,16.37479,-3.21082,6.18655,4e-05,0.16727
8443.54,SYN.BTC-26JUN20,1574247422781,open,0.3,9.5,0.26,0.3505,0.30102465,73.49,0.338,0.0,BTC-26JUN20-7000-C,8055.16,71.92,0.297,12.6,0.304,2.0,74.65,21.60341,-3.62678,21.74001,7e-05,0.73039
8443.54,SYN.BTC-26JUN20,1574247375959,open,0.02,75.2,0.007,0.0585,0.02248942,94.78,0.0245,0.0,BTC-26JUN20-30000-C,8055.16,93.11,0.0205,41.6,0.024,10.5,95.99,10.33969,-2.23866,3.25872,3e-05,0.08685
8443.54,SYN.BTC-26JUN20,1574247379756,open,0.03,8.8,0.009,0.0645,0.02610959,93.91,0.027,0.0,BTC-26JUN20-28000-C,8055.16,93.08,0.025,0.5,0.0275,30.0,94.92,11.42507,-2.45091,3.71117,3e-05,0.09941
8443.54,SYN.BTC-26JUN20,1574247375933,open,0.04,25.8,0.015,0.081,0.03758082,87.61,0.041,0.0,BTC-26JUN20-22000-C,8055.16,86.1,0.035,18.0,0.04,30.0,88.98,14.67868,-2.93773,5.27606,4e-05,0.14178
8125.73,BTC-27DEC19,1574247377448,open,0.01,715.1,0.0005,0.018,0.00518341,83.68,0.0055,0.0,BTC-27DEC19-13000-C,8055.16,81.54,0.0045,61.0,0.006,66.0,86.02,2.71228,-3.07727,0.37732,5e-05,0.05115
8443.54,SYN.BTC-26JUN20,1574247528119,open,0.13,217.6,0.0915,0.181,0.13006985,73.49,0.125,0.0,BTC-26JUN20-7000-P,8055.16,71.12,0.124,13.6,0.127,0.5,72.29,21.60344,-3.62695,-20.23664,7e-05,-0.26961
8125.73,BTC-27DEC19,1574247374868,open,0.0,496.8,0.0005,0.0105,0.00012239,100.0,0.001,0.0,BTC-27DEC19-22000-C,8055.16,113.33,0.0005,34.1,0.0015,35.4,127.53,0.1235,-0.16746,0.01104,0.0,0.00147
8125.73,BTC-27DEC19,1574247379545,open,0.0,666.5,0.0005,0.0105,1.726e-05,100.0,0.0005,0.0,BTC-27DEC19-26000-C,8055.16,129.38,0.0005,14.0,0.001,34.0,138.69,0.02253,-0.03054,0.00177,0.0,0.00023
8125.73,BTC-27DEC19,1574247372461,open,0.0,961.6,0.0005,0.0105,2.64e-06,100.0,0.001,0.0,BTC-27DEC19-30000-C,8055.16,0.0,0.0,0.0,0.001,53.9,152.82,0.00421,-0.00571,0.0003,0.0,4e-05
8443.54,SYN.BTC-26JUN20,1574247528186,open,0.08,106.6,0.05,0.1205,0.07913914,73.49,0.0745,0.0,BTC-26JUN20-6000-P,8055.16,71.26,0.0745,10.0,0.0815,31.3,74.62,17.63454,-2.96061,-13.53174,6e-05,-0.18812
8125.93,BTC-27DEC19,1574247514213,open,0.02,1034.3,0.0065,0.04,0.018498,64.56,0.017,0.0,BTC-27DEC19-10000-C,8055.16,63.36,0.0175,32.0,0.019,38.7,65.15,6.81852,-5.96863,1.34021,0.00016,0.18175
8125.73,BTC-27DEC19,1574247377474,open,0.01,1199.1,0.001,0.028,0.01053266,70.42,0.0105,0.0,BTC-27DEC19-11000-C,8055.16,68.62,0.0095,43.4,0.0115,57.0,72.03,4.7694,-4.55383,0.79412,0.0001,0.10727
8125.73,BTC-27DEC19,1574247511776,open,0.0,435.1,0.0005,0.0125,0.00261344,99.99,0.0035,0.0,BTC-27DEC19-16000-C,8055.16,96.3,0.002,33.0,0.0035,71.3,104.43,1.4712,-1.99456,0.17759,2e-05,0.02425
8125.73,BTC-27DEC19,1574247377437,open,0.0,657.0,0.0005,0.0105,6.68e-06,100.0,0.0005,0.0,BTC-27DEC19-28000-C,8055.16,0.0,0.0,0.0,0.001,34.8,146.04,0.00969,-0.01314,0.00072,0.0,9e-05
8125.73,BTC-27DEC19,1574247397869,open,0.0,1560.6,0.0005,0.0155,0.00474457,92.66,0.0045,0.0,BTC-27DEC19-5000-P,8055.16,89.58,0.004,38.0,0.005,16.3,93.66,2.05397,-2.5807,-0.33654,3e-05,-0.03625
8125.73,BTC-27DEC19,1574247372695,open,0.0,530.9,0.0005,0.0105,1.07e-06,100.0,0.0005,0.0,BTC-27DEC19-32000-C,8055.16,0.0,0.0,0.0,0.001,35.0,159.09,0.00185,-0.00251,0.00013,0.0,2e-05
8298.5,BTC-27MAR20,1574247378589,open,0.06,1094.7,0.032,0.1025,0.06019838,75.17,0.059,0.0,BTC-27MAR20-12000-C,8055.16,74.04,0.058,12.8,0.062,25.9,76.08,16.30327,-4.79172,6.1602,9e-05,0.27208
8298.5,BTC-27MAR20,1574247375942,open,0.02,458.9,0.005,0.043,0.01613114,89.51,0.015,0.0,BTC-27MAR20-20000-C,8055.16,87.03,0.014,38.8,0.0165,11.6,89.92,7.4017,-2.59052,1.8989,3e-05,0.08145
8125.93,BTC-27DEC19,1574247377366,open,0.0,712.2,0.0005,0.0125,0.00287623,100.0,0.0025,0.0,BTC-27DEC19-4500-P,8055.16,97.63,0.0025,36.0,0.0035,15.9,103.55,1.34435,-1.82281,-0.20245,2e-05,-0.02178
8125.73,BTC-27DEC19,1574247376038,open,0.0,690.8,0.0005,0.0105,1.8e-07,100.0,0.0005,0.0,BTC-27DEC19-36000-C,8055.16,0.0,0.0,0.0,0.001,53.0,170.41,0.00037,-0.0005,2e-05,0.0,0.0
8298.5,BTC-27MAR20,1574247529014,open,0.04,520.2,0.0225,0.073,0.04247523,69.56,0.043,0.0,BTC-27MAR20-6000-P,8055.16,68.88,0.0415,29.5,0.044,10.0,70.61,11.962,-3.25354,-5.89308,7e-05,-0.16022
8298.5,BTC-27MAR20,1574247378314,open,0.01,216.8,0.0035,0.038,0.01307628,92.63,0.0125,0.0,BTC-27MAR20-22000-C,8055.16,90.48,0.0115,36.0,0.0135,11.1,93.18,6.32169,-2.28953,1.54636,3e-05,0.06626
8125.93,BTC-27DEC19,1574247468112,open,0.01,431.6,0.0005,0.019,0.00653325,82.74,0.006,0.0,BTC-27DEC19-5500-P,8055.16,81.16,0.006,20.0,0.007,18.7,84.07,2.79387,-3.1344,-0.48947,5e-05,-0.05309
8125.73,BTC-27DEC19,1574247376243,open,0.01,1524.9,0.0005,0.024,0.00936831,74.0,0.009,0.0,BTC-27DEC19-6000-P,8055.16,72.12,0.0085,106.0,0.01,16.0,75.32,3.82964,-3.84271,-0.73138,8e-05,-0.07972
8298.5,BTC-27MAR20,1574247375930,open,0.01,57.7,0.0005,0.027,0.00767821,99.97,0.009,0.0,BTC-27MAR20-28000-C,8055.16,97.5,0.0065,50.1,0.0085,12.1,101.55,4.1686,-1.62945,0.91807,2e-05,0.03926
8298.5,BTC-27MAR20,1574247376008,open,0.04,383.7,0.017,0.076,0.03860721,78.46,0.042,0.0,BTC-27MAR20-14000-C,8055.16,76.79,0.036,24.5,0.0405,37.1,79.65,13.14142,-4.03165,4.27608,7e-05,0.18569
8298.5,BTC-27MAR20,1574247375965,open,0.01,155.5,0.0015,0.034,0.01102901,95.71,0.01,0.0,BTC-27MAR20-24000-C,8055.16,93.31,0.0095,36.0,0.011,8.4,95.67,5.52477,-2.06763,1.30092,2e-05,0.05578
8298.5,BTC-27MAR20,1574247529038,open,0.08,108.2,0.054,0.1245,0.08396547,69.26,0.0815,0.0,BTC-27MAR20-7000-P,8055.16,67.74,0.081,20.0,0.0855,17.0,70.05,16.1685,-4.37862,-10.22144,0.0001,-0.26761
8298.5,BTC-27MAR20,1574247375941,open,0.01,92.5,0.0005,0.031,0.00932487,98.27,0.009,0.0,BTC-27MAR20-26000-C,8055.16,95.89,0.008,36.0,0.0095,8.5,98.57,4.83862,-1.85922,1.10146,2e-05,0.04721
180.35,SYN.ETH-26JUN20,1574247407065,open,0.11,330.0,0.077,0.168,0.120412,79.63,0.096,0.0,ETH-26JUN20-140-P,174.28,76.52,0.113,773.0,0.123,210.0,80.71,0.43024,-0.07826,-0.38552,0.00277,-0.23606
8072.34,SYN.BTC-29NOV19,1574247372784,open,0.0,92.1,0.0005,0.012,0.00224149,71.3,0.002,0.0,BTC-29NOV19-9750-C,8055.16,66.18,0.0015,74.0,0.003,34.5,75.62,1.30291,-5.2333,0.09419,0.00012,0.05022
8298.7,BTC-27MAR20,1574247376657,open,0.01,124.2,0.0005,0.0225,0.00576203,100.0,0.0085,0.0,BTC-27MAR20-30000-C,8055.16,99.35,0.0055,53.6,0.0075,11.9,103.91,3.37755,-1.32064,0.71583,1e-05,0.03038
180.35,SYN.ETH-26JUN20,1574247406184,open,0.17,943.0,0.124,0.232,0.176225,79.63,0.166,0.0,ETH-26JUN20-160-P,174.28,76.24,0.167,257.0,0.175,4.0,79.18,0.49108,-0.08933,-0.52332,0.00316,-0.30767
8298.5,BTC-27MAR20,1574247378405,open,0.02,200.0,0.0085,0.0405,0.01975311,73.18,0.02,0.0,BTC-27MAR20-5000-P,8055.16,71.2,0.018,47.6,0.021,17.4,74.54,7.49651,-2.14495,-2.98252,4e-05,-0.08283
8298.7,BTC-27MAR20,1574247503267,open,0.0,57.8,0.0005,0.0185,0.0043517,100.0,0.008,0.0,BTC-27MAR20-32000-C,8055.16,101.87,0.005,50.2,0.0065,8.5,105.66,2.73667,-1.07005,0.56006,1e-05,0.02362
180.35,SYN.ETH-26JUN20,1574247378757,open,0.2,391.0,0.149,0.259,0.204334,79.63,0.245,0.0,ETH-26JUN20-200-C,174.28,80.17,0.206,267.0,0.214,10.0,82.79,0.55168,-0.10035,0.38022,0.00355,0.5559
180.35,SYN.ETH-26JUN20,1574247441519,open,0.23,444.0,0.181,0.304,0.240947,79.63,0.24,0.0,ETH-26JUN20-180-P,174.28,76.25,0.231,219.0,0.244,210.0,80.67,0.53078,-0.09655,-0.66909,0.00342,-0.37773
174.35,SYN.ETH-22NOV19,1574247370663,open,0.0,1214.0,0.001,0.011,0.001075,104.84,0.002,0.0,ETH-22NOV19-200-C,174.28,103.51,0.001,8.0,0.002,853.0,118.06,0.01007,-0.18742,0.00032,0.00615,0.03684
180.35,SYN.ETH-26JUN20,1574247377216,open,0.24,295.0,0.188,0.296,0.242889,79.63,0.254,0.0,ETH-26JUN20-180-C,174.28,79.67,0.243,263.0,0.251,10.0,82.39,0.53078,-0.09655,0.4103,0.00342,0.62227
175.87,ETH-27DEC19,1574247370429,open,0.02,6985.0,0.004,0.034,0.014744,78.42,0.014,0.0,ETH-27DEC19-240-C,174.28,75.78,0.013,970.0,0.017,850.0,81.67,0.11876,-0.12628,0.02062,0.00485,0.1308
175.87,ETH-27DEC19,1574247371676,open,0.01,3711.0,0.001,0.028,0.010992,85.38,0.01,0.0,ETH-27DEC19-260-C,174.28,83.52,0.01,143.0,0.012,850.0,87.21,0.09519,-0.11021,0.0151,0.00357,0.09597
180.35,SYN.ETH-26JUN20,1574247441506,open,0.08,687.0,0.037,0.127,0.077497,88.92,0.075,0.0,ETH-26JUN20-360-C,174.28,87.09,0.073,472.0,0.083,472.0,91.11,0.44825,-0.09105,0.19172,0.00258,0.25478
175.86,ETH-27DEC19,1574247396881,open,0.14,1390.0,0.1,0.168,0.134504,67.57,0.132,0.0,ETH-27DEC19-160-C,174.28,66.19,0.133,540.0,0.139,564.0,71.67,0.19197,-0.17589,0.10189,0.00909,0.70796
175.87,ETH-27DEC19,1574247371598,open,0.0,11090.0,0.001,0.011,0.000473,104.99,0.001,0.0,ETH-27DEC19-440-C,174.28,113.63,0.001,780.0,0.003,892.0,130.17,0.00798,-0.01136,0.00079,0.00024,0.00493
178.79,ETH-27MAR20,1574247377610,open,0.04,1180.0,0.02,0.07,0.041556,79.24,0.042,0.0,ETH-27MAR20-120-P,174.28,75.71,0.037,615.0,0.042,500.0,79.58,0.23445,-0.07264,-0.11313,0.00264,-0.13905
175.86,ETH-27DEC19,1574247373620,open,0.0,10059.0,0.001,0.011,0.00112,105.0,0.002,0.0,ETH-27DEC19-400-C,174.28,112.8,0.002,800.0,0.004,800.0,124.25,0.016,-0.02278,0.00173,0.00049,0.01085
180.35,SYN.ETH-26JUN20,1574247371725,open,0.1,239.0,0.05,0.147,0.094474,86.74,0.102,0.0,ETH-26JUN20-320-C,174.28,85.07,0.09,468.0,0.1,180.0,88.77,0.48723,-0.09654,0.22472,0.00288,0.30226
175.86,ETH-27DEC19,1574247405302,open,0.04,12271.0,0.018,0.069,0.040819,69.55,0.04,0.0,ETH-27DEC19-200-C,174.28,68.83,0.04,560.0,0.043,329.0,71.47,0.19956,-0.18819,0.04937,0.00918,0.31871
175.87,ETH-27DEC19,1574247371480,open,0.01,1935.0,0.001,0.02,0.006432,96.12,0.006,0.0,ETH-27DEC19-300-C,174.28,91.8,0.005,1170.0,0.008,870.0,100.27,0.06248,-0.08143,0.00869,0.00208,0.05533
180.35,SYN.ETH-26JUN20,1574247375809,open,0.06,24.0,0.023,0.1,0.055163,92.7,0.076,0.0,ETH-26JUN20-440-C,174.28,91.17,0.052,140.0,0.06,939.0,94.98,0.37714,-0.07987,0.1442,0.00209,0.1885
180.35,SYN.ETH-26JUN20,1574247371543,open,0.07,431.0,0.043,0.112,0.074775,79.63,0.072,0.0,ETH-26JUN20-120-P,174.28,77.14,0.07,997.0,0.079,210.0,81.8,0.3484,-0.06337,-0.26068,0.00224,-0.16627
175.87,ETH-27DEC19,1574247370599,open,0.0,4109.0,0.001,0.013,0.003734,100.7,0.005,0.0,ETH-27DEC19-100-P,174.28,96.78,0.003,500.0,0.005,850.0,106.53,0.03504,-0.04785,-0.00549,0.00111,-0.02719
180.35,SYN.ETH-26JUN20,1574247377866,open,0.17,408.0,0.118,0.227,0.172197,79.63,0.189,0.0,ETH-26JUN20-220-C,174.28,80.21,0.174,271.0,0.184,10.0,83.45,0.5571,-0.10134,0.34848,0.00359,0.49442
175.87,ETH-27DEC19,1574247525860,open,0.07,1253.0,0.042,0.104,0.072566,65.41,0.08,0.0,ETH-27DEC19-180-C,174.28,64.19,0.071,757.0,0.077,647.0,68.92,0.223,-0.19777,0.07541,0.01091,0.49693
174.35,SYN.ETH-22NOV19,1574247526781,open,0.01,675.0,0.001,0.029,0.00778,68.59,0.007,0.0,ETH-22NOV19-180-C,174.28,51.38,0.004,500.0,0.007,778.0,65.24,0.04104,-0.75045,0.00232,0.0383,0.26634
175.87,ETH-27DEC19,1574247374457,open,0.03,7419.0,0.008,0.048,0.024055,74.16,0.023,0.0,ETH-27DEC19-220-C,174.28,72.99,0.023,30.0,0.025,344.0,75.22,0.15778,-0.15866,0.03175,0.00681,0.20273
8298.7,BTC-27MAR20,1574247512897,open,0.01,1261.0,0.0005,0.021,0.00824302,79.28,0.0075,0.0,BTC-27MAR20-4000-P,8055.16,76.56,0.007,46.8,0.009,21.3,80.84,3.94978,-1.22446,-1.30796,2e-05,-0.03674
180.35,SYN.ETH-26JUN20,1574247374337,open,0.29,53.0,0.236,0.34,0.289061,79.63,0.295,0.0,ETH-26JUN20-160-C,174.28,78.14,0.285,261.0,0.296,10.0,82.18,0.49108,-0.08933,0.43613,0.00316,0.69233
180.35,SYN.ETH-26JUN20,1574247382291,open,0.12,322.0,0.07,0.174,0.119267,84.77,0.138,0.0,ETH-26JUN20-280-C,174.28,82.95,0.114,462.0,0.124,10.0,86.39,0.52553,-0.10177,0.26706,0.00318,0.36621
178.8,ETH-27MAR20,1574247512928,open,0.18,64.0,0.129,0.222,0.175951,76.31,0.179,0.0,ETH-27MAR20-180-C,174.28,72.88,0.168,260.0,0.179,500.0,77.64,0.41291,-0.1232,0.25535,0.00483,0.58356
178.8,ETH-27MAR20,1574247392062,open,0.12,4620.0,0.079,0.169,0.122126,76.52,0.122,0.0,ETH-27MAR20-160-P,174.28,73.61,0.116,262.0,0.124,500.0,77.39,0.37775,-0.11302,-0.27606,0.00441,-0.31855
175.87,ETH-27DEC19,1574247517097,open,0.0,1219.0,0.001,0.012,0.002684,104.99,0.002,0.0,ETH-27DEC19-360-C,174.28,106.7,0.003,500.0,0.005,850.0,115.46,0.03142,-0.04474,0.00376,0.00096,0.02387
175.87,ETH-27DEC19,1574247371512,open,0.0,1027.0,0.001,0.011,0.001733,104.99,0.002,0.0,ETH-27DEC19-380-C,174.28,106.99,0.002,820.0,0.004,800.0,118.05,0.02251,-0.03204,0.00255,0.00069,0.01611
178.8,ETH-27MAR20,1574247504633,open,0.02,37.0,0.007,0.038,0.019324,81.1,0.016,0.0,ETH-27MAR20-100-P,174.28,78.2,0.017,1120.0,0.022,821.0,84.25,0.14744,-0.04675,-0.05812,0.00162,-0.07345
178.8,ETH-27MAR20,1574247416786,open,0.11,288.0,0.067,0.155,0.109734,78.69,0.122,0.0,ETH-27MAR20-220-C,174.28,76.64,0.105,575.0,0.11,500.0,78.81,0.41279,-0.127,0.19181,0.00468,0.41592
175.87,ETH-27DEC19,1574247370727,open,0.0,6668.0,0.001,0.011,0.000202,104.99,0.002,0.0,ETH-27DEC19-480-C,174.28,122.61,0.001,600.0,0.002,315.0,132.91,0.00393,-0.0056,0.00036,0.00012,0.00224
174.66,SYN.ETH-29NOV19,1574247370700,open,0.01,3697.0,0.001,0.02,0.005612,85.67,0.005,0.0,ETH-29NOV19-210-C,174.28,74.21,0.003,746.0,0.009,350.0,97.16,0.04592,-0.22161,0.00378,0.00723,0.09468
175.86,ETH-27DEC19,1574247375154,open,0.0,6174.0,0.001,0.011,2e-06,105.0,0.001,0.0,ETH-27DEC19-720-C,174.28,0.0,0.0,0.0,0.002,800.0,175.36,6e-05,-8e-05,0.0,0.0,2e-05
174.66,SYN.ETH-29NOV19,1574247373956,open,0.0,101.0,0.001,0.012,0.002362,97.06,0.002,0.0,ETH-29NOV19-230-C,174.28,84.41,0.001,602.0,0.004,350.0,107.29,0.0238,-0.13015,0.00163,0.00331,0.0407
175.87,ETH-27DEC19,1574247375129,open,0.01,1740.0,0.001,0.023,0.008251,90.96,0.009,0.0,ETH-27DEC19-280-C,174.28,87.96,0.007,1133.0,0.01,1170.0,94.79,0.07638,-0.0942,0.01126,0.00269,0.07161
8298.7,BTC-27MAR20,1574247528319,open,0.14,351.3,0.104,0.1905,0.14212245,69.26,0.138,0.0,BTC-27MAR20-8000-P,8055.16,67.88,0.139,16.9,0.1445,10.0,70.31,18.76495,-5.08192,-15.30309,0.00011,-0.38423
180.35,SYN.ETH-26JUN20,1574247371587,open,0.01,185.0,0.001,0.022,0.010402,92.05,0.01,0.0,ETH-26JUN20-60-P,174.28,89.19,0.009,10.0,0.012,800.0,95.09,0.09158,-0.01926,-0.04228,0.00051,-0.0287
178.8,ETH-27MAR20,1574247387785,open,0.02,884.0,0.006,0.046,0.019946,95.1,0.018,0.0,ETH-27MAR20-440-C,174.28,93.08,0.018,560.0,0.021,500.0,96.15,0.17706,-0.06584,0.0462,0.00166,0.09369
178.79,ETH-27MAR20,1574247518720,open,0.17,1595.0,0.131,0.236,0.182696,76.32,0.184,0.0,ETH-27MAR20-180-P,174.28,72.56,0.174,723.0,0.185,400.0,77.31,0.4129,-0.12321,-0.37531,0.00483,-0.41647
178.8,ETH-27MAR20,1574247399112,open,0.07,368.0,0.041,0.111,0.073458,76.54,0.07,0.0,ETH-27MAR20-140-P,174.28,73.41,0.068,780.0,0.076,500.0,77.97,0.31474,-0.0942,-0.1849,0.00367,-0.2217
174.66,SYN.ETH-29NOV19,1574247374363,open,0.01,11.0,0.001,0.022,0.006687,81.71,0.003,0.0,ETH-29NOV19-150-P,174.28,75.35,0.005,500.0,0.007,300.0,82.81,0.04922,-0.22657,-0.00471,0.00812,-0.10412
175.87,ETH-27DEC19,1574247373964,open,0.0,13024.0,0.001,0.011,8.8e-05,105.0,0.001,0.0,ETH-27DEC19-520-C,174.28,130.75,0.001,500.0,0.002,800.0,141.53,0.00193,-0.00275,0.00017,6e-05,0.00103
180.35,SYN.ETH-26JUN20,1574247524779,open,0.16,257.0,0.101,0.211,0.15546,82.91,0.16,0.0,ETH-26JUN20-240-C,174.28,80.8,0.149,455.0,0.16,10.0,84.39,0.55289,-0.10472,0.31924,0.00342,0.45064
175.87,ETH-27DEC19,1574247373725,open,0.0,12762.0,0.001,0.011,4e-06,105.0,0.001,0.0,ETH-27DEC19-680-C,174.28,0.0,0.0,0.0,0.002,800.0,169.54,0.00012,-0.00017,1e-05,0.0,5e-05
178.8,ETH-27MAR20,1574247404422,open,0.14,1334.0,0.092,0.184,0.137475,77.07,0.158,0.0,ETH-27MAR20-200-C,174.28,75.18,0.133,267.0,0.138,35.0,77.3,0.42214,-0.1272,0.22271,0.00489,0.49299
175.87,ETH-27DEC19,1574247371532,open,0.0,836.0,0.001,0.015,0.004112,104.78,0.003,0.0,ETH-27DEC19-340-C,174.28,99.8,0.003,850.0,0.006,850.0,111.61,0.04313,-0.06127,0.00548,0.00132,0.03493
180.35,SYN.ETH-26JUN20,1574247370780,open,0.03,84.0,0.009,0.066,0.030516,100.73,0.031,0.0,ETH-26JUN20-640-C,174.28,98.21,0.027,440.0,0.034,640.0,103.07,0.26028,-0.05989,0.08449,0.00132,0.10864
