underlying_price,underlying_index,timestamp,state,settlement_price,open_interest,min_price,max_price,mark_price,mark_iv,last_price,interest_rate,instrument_name,index_price,bid_iv,best_bid_price,best_bid_amount,best_ask_price,best_ask_amount,ask_iv,vega,theta,rho,gamma,delta
8263.7,BTC-27DEC19,1570618740179,open,0.23,53.6,0.192,0.265,0.22992455,82.68,0.243,0.0,BTC-27DEC19-7000-C,8207.56,62.56,0.2,13.0,0.2415,13.0,90.21,12.61427,-6.6111,8.99592,0.0001,0.73368
8208.89,SYN.BTC-11OCT19,1570618740179,open,0.0,45.3,0.0005,0.0105,9.194e-05,125.0,0.0005,0.0,BTC-11OCT19-10500-C,8207.56,0.0,0.0,0.0,0.0005,10.0,151.69,0.06095,-0.75469,0.00141,1e-05,0.00344
8218.86,SYN.BTC-25OCT19,1570618740179,open,0.16,9.9,0.137,0.1855,0.16143465,78.71,0.144,0.0,BTC-25OCT19-7000-C,8207.56,32.77,0.1485,9.0,0.1815,9.0,115.05,3.89923,-9.66599,2.48084,0.00017,0.85542
8243.76,SYN.BTC-29NOV19,1570618740179,open,0.13,123.0,0.0925,0.1605,0.12776523,76.84,0.124,0.0,BTC-29NOV19-8000-C,8207.56,74.93,0.125,14.4,0.1295,9.0,78.04,11.90643,-8.99148,5.4028,0.00016,0.59796
8218.86,SYN.BTC-25OCT19,1570618740179,open,0.01,96.8,0.0005,0.02,0.00751388,87.25,0.01,0.0,BTC-25OCT19-6500-P,8207.56,85.63,0.007,4.0,0.008,8.0,88.75,2.63743,-7.24762,-0.3262,0.0001,-0.08374
8218.86,SYN.BTC-25OCT19,1570618740179,open,0.04,313.5,0.0205,0.0685,0.04426127,70.75,0.0395,0.0,BTC-25OCT19-8500-C,8207.56,66.78,0.041,18.0,0.0445,16.0,71.04,6.75742,-15.05798,1.41018,0.00033,0.43874
8218.86,SYN.BTC-25OCT19,1570618740179,open,0.0,407.8,0.0005,0.0115,0.00198168,91.08,0.002,0.0,BTC-25OCT19-12000-C,8207.56,87.27,0.0015,30.0,0.0025,25.0,94.58,1.13015,-3.24194,0.09617,4e-05,0.02888
8263.7,BTC-27DEC19,1570618740181,open,0.0,741.6,0.0005,0.0115,0.00174981,109.8,0.002,0.0,BTC-27DEC19-30000-C,8207.56,103.36,0.001,24.1,0.0025,17.5,114.47,1.16343,-0.8098,0.17557,1e-05,0.01158
8358.7,BTC-27MAR20,1570618740181,open,0.02,32.8,0.004,0.039,0.01624814,97.84,0.017,0.0,BTC-27MAR20-28000-C,8207.56,97.01,0.0155,6.0,0.017,0.9,98.65,7.63772,-2.19944,2.08241,2e-05,0.06978
8208.89,SYN.BTC-11OCT19,1570618740181,open,0.01,436.4,0.0005,0.028,0.00978317,70.78,0.011,0.0,BTC-11OCT19-8000-P,8207.56,65.56,0.0085,24.0,0.011,10.0,75.65,2.03636,-38.42271,-0.12937,0.00083,-0.29689
8358.7,BTC-27MAR20,1570618740188,open,2.62,0.0,2.5225,2.6955,2.60381777,100.12,None,0.0,BTC-27MAR20-30000-P,8207.56,0.0,0.005,4.0,0.0,0.0,0.0,7.06378,-2.08159,-137.74339,2e-05,-0.93692
8208.89,SYN.BTC-11OCT19,1570618740188,open,0.0,339.1,0.0005,0.011,0.00121745,77.95,0.0015,0.0,BTC-11OCT19-9000-C,8207.56,66.28,0.0005,47.1,0.002,48.0,86.76,0.63356,-9.99392,0.02175,0.00023,0.05278
8208.89,SYN.BTC-11OCT19,1570618740188,open,0.0,173.9,0.0005,0.0105,2.12e-06,125.0,0.001,0.0,BTC-11OCT19-11500-C,8207.56,0.0,0.0,0.0,0.001,30.0,217.47,0.00234,-0.01737,4e-05,0.0,0.0001
8218.86,SYN.BTC-25OCT19,1570618740188,open,0.27,16.3,0.256,0.294,0.27447735,97.3,0.27,0.0,BTC-25OCT19-6000-C,8207.56,0.0,0.26,9.0,0.287,9.0,138.12,1.74684,-5.35325,2.41751,6e-05,0.95074
187.15,ETH-27MAR20,1570618740190,open,0.66,149.0,0.556,0.725,0.643078,103.17,0.723,0.0,ETH-27MAR20-280-P,184.01,97.46,0.628,24.0,0.656,24.0,108.02,0.49712,-0.15096,-1.07164,0.00296,-0.58725
8218.86,SYN.BTC-25OCT19,1570618740190,open,0.11,29.4,0.0845,0.138,0.11225382,73.52,0.11,0.0,BTC-25OCT19-7500-C,8207.56,70.09,0.11,12.0,0.114,6.0,76.14,5.45021,-12.61989,2.2788,0.00025,0.74972
8263.7,BTC-27DEC19,1570618740194,open,2.16,0.0,2.085,2.2185,2.14879776,104.11,None,0.0,BTC-27DEC19-26000-P,8207.56,0.0,0.006,20.0,2.741,0.2,500.0,1.59822,-1.0548,-55.93129,1e-05,-0.98326
8243.76,SYN.BTC-29NOV19,1570618740194,open,0.29,0.0,0.2695,0.3215,0.29568525,86.54,None,0.0,BTC-29NOV19-6000-C,8207.56,0.0,0.055,0.1,0.0,0.0,0.0,6.37566,-5.42241,6.64366,8e-05,0.87387
8208.89,SYN.BTC-11OCT19,1570618740194,open,0.21,0.2,0.1925,0.225,0.20828883,124.77,0.17,0.0,BTC-11OCT19-6500-C,8207.56,0.0,0.197,6.0,0.2205,6.0,291.74,0.06928,-2.30429,0.3323,2e-05,0.99603
8358.7,BTC-27MAR20,1570618740196,open,0.76,58.9,0.688,0.822,0.75389915,86.79,0.7315,0.0,BTC-27MAR20-14000-P,8207.56,65.54,0.71,2.0,0.7915,2.0,102.3,19.28252,-4.92569,-57.23591,7e-05,-0.71737
8263.7,BTC-27DEC19,1570618740196,open,0.5,74.2,0.445,0.543,0.49282387,82.94,0.496,0.0,BTC-27DEC19-12000-P,8207.56,46.32,0.4565,5.0,0.53,5.0,107.39,11.3523,-5.9688,-22.74296,9e-05,-0.78074
8243.76,SYN.BTC-29NOV19,1570618740196,open,0.37,0.0,0.3225,0.4045,0.36259793,77.91,None,0.0,BTC-29NOV19-11000-P,8207.56,0.0,0.0005,11.0,0.0,0.0,0.0,8.58354,-6.5725,-13.37355,0.00012,-0.80127
8243.76,SYN.BTC-29NOV19,1570618740196,open,0.4,0.0,0.385,0.4245,0.40423346,97.2,None,0.0,BTC-29NOV19-5000-C,8207.56,0.0,0.0005,0.1,0.0,0.0,0.0,3.64042,-3.47758,6.16249,4e-05,0.94054
187.15,ETH-27MAR20,1570618740192,open,0.2,1370.0,0.131,0.241,0.18845,103.09,0.2,0.0,ETH-27MAR20-160-P,184.01,99.86,0.181,286.0,0.194,554.0,105.49,0.43187,-0.13104,-0.41048,0.00257,-0.28281
8208.89,SYN.BTC-11OCT19,1570618740199,open,0.18,0.0,0.161,0.1965,0.17813475,124.92,None,0.0,BTC-11OCT19-6750-C,8207.56,0.0,0.166,6.0,0.191,6.0,263.47,0.19536,-6.50505,0.34127,5e-05,0.98712
8213.88,SYN.BTC-18OCT19,1570618740201,open,0.01,202.6,0.001,0.0265,0.01080593,65.44,0.01,0.0,BTC-18OCT19-9000-C,8207.56,63.57,0.01,2.0,0.0115,26.0,67.02,3.57692,-13.18679,0.37622,0.00033,0.19917
8358.7,BTC-27MAR20,1570618740206,open,0.02,101.3,0.005,0.044,0.01924798,96.51,0.0205,0.0,BTC-27MAR20-26000-C,8207.56,95.28,0.018,6.0,0.0205,18.0,97.71,8.60639,-2.44481,2.4262,3e-05,0.08161
8213.88,SYN.BTC-18OCT19,1570618740206,open,0.35,0.0,0.313,0.3695,0.3399482,85.16,None,0.0,BTC-18OCT19-11000-P,8207.56,0.0,0.0005,0.1,0.0,0.0,0.0,0.52529,-2.51992,-2.64349,4e-05,-0.98354
8208.89,SYN.BTC-11OCT19,1570618740208,open,0.0,266.6,0.0005,0.0105,0.00049602,97.39,0.001,0.0,BTC-11OCT19-9500-C,8207.56,0.0,0.0,0.0,0.001,24.8,108.91,0.28281,-4.07179,0.00815,8e-05,0.01983
8263.7,BTC-27DEC19,1570618740220,open,2.65,0.2,2.5595,2.711,2.63209368,109.86,2.03,0.0,BTC-27DEC19-30000-P,8207.56,0.0,0.009,5.0,0.0,0.0,0.0,1.1676,-0.81317,-64.65307,1e-05,-0.98837
8243.76,SYN.BTC-29NOV19,1570618740224,open,0.71,0.0,0.6675,0.75,0.70647887,85.3,None,0.0,BTC-29NOV19-14000-P,8207.56,0.0,0.0005,0.1,0.0,0.0,0.0,3.96404,-3.32322,-18.84633,5e-05,-0.93367
8243.76,SYN.BTC-29NOV19,1570618740226,open,0.01,146.3,0.001,0.0235,0.01075538,97.21,0.012,0.0,BTC-29NOV19-5000-P,8207.56,95.47,0.01,24.0,0.0115,51.0,98.87,3.6408,-3.47813,-0.8069,4e-05,-0.05947
8213.88,SYN.BTC-18OCT19,1570618740226,open,0.11,0.1,0.079,0.1345,0.10651585,65.45,0.1035,0.0,BTC-18OCT19-9000-P,8207.56,60.67,0.1045,6.0,0.109,6.0,70.98,3.57722,-13.18927,-1.81225,0.00033,-0.80081
8213.88,SYN.BTC-18OCT19,1570618740226,open,0.0,106.2,0.0005,0.0115,0.00174307,70.27,0.0015,0.0,BTC-18OCT19-10000-C,8207.56,63.92,0.001,84.0,0.0025,30.0,75.24,1.1229,-4.44502,0.07812,0.0001,0.04086
8208.89,SYN.BTC-11OCT19,1570618740228,open,0.01,412.7,0.0005,0.0225,0.00669503,67.05,0.007,0.0,BTC-11OCT19-8500-C,8207.56,63.9,0.006,0.5,0.0075,27.4,70.6,1.83618,-32.8168,0.09911,0.00079,0.24164
8263.7,BTC-27DEC19,1570618740233,open,4.83,0.0,4.695,4.9295,4.8090179,125.32,None,0.0,BTC-27DEC19-48000-P,8207.56,0.0,0.001,0.1,0.0,0.0,0.0,0.37026,-0.29414,-103.67878,0.0,-0.99682
8358.72,BTC-27MAR20,1570618740233,open,2.38,0.0,2.2885,2.4535,2.36605948,97.86,None,0.0,BTC-27MAR20-28000-P,8207.56,0.0,0.005,4.0,0.0,0.0,0.0,7.64212,-2.2011,-128.2318,2e-05,-0.93017
8358.72,BTC-27MAR20,1570618740245,open,0.37,10.6,0.3285,0.4075,0.36967775,86.41,0.394,0.0,BTC-27MAR20-6000-C,8207.56,84.46,0.366,9.0,0.3915,15.0,97.85,15.75529,-4.00724,16.90875,6e-05,0.80432
8358.72,BTC-27MAR20,1570618740245,open,0.03,292.0,0.011,0.0655,0.03377347,91.09,0.0325,0.0,BTC-27MAR20-20000-C,8207.56,90.23,0.0325,11.0,0.035,0.5,91.9,12.51621,-3.35574,4.02197,4e-05,0.13716
8208.89,SYN.BTC-11OCT19,1570618740247,open,0.0,130.1,0.0005,0.0105,6e-08,125.0,0.0005,0.0,BTC-11OCT19-5500-P,8207.56,0.0,0.0,0.0,0.0005,4.4,241.65,9e-05,-0.00049,0.0,0.0,0.0
8263.7,BTC-27DEC19,1570618740251,open,3.38,1.3,3.2715,3.4495,3.35741253,115.54,2.2,0.0,BTC-27DEC19-36000-P,8207.56,0.0,0.011,5.0,0.0,0.0,0.0,0.72281,-0.52939,-77.69311,0.0,-0.99327
8213.88,SYN.BTC-18OCT19,1570618740272,open,0.1,7.7,0.0745,0.123,0.09944436,71.7,0.103,0.0,BTC-18OCT19-7500-C,8207.56,65.79,0.097,6.0,0.1015,6.0,76.42,3.5025,-14.14619,1.41448,0.0003,0.80762
8263.7,BTC-27DEC19,1570618740277,open,0.0,336.6,0.0005,0.011,0.00149984,112.36,0.0015,0.0,BTC-27DEC19-32000-C,8207.56,107.66,0.001,24.0,0.002,16.0,116.03,1.01316,-0.72164,0.14966,1e-05,0.00988
8213.88,SYN.BTC-18OCT19,1570618740291,open,0.33,0.0,0.317,0.3465,0.33115143,117.43,None,0.0,BTC-18OCT19-5500-C,8207.56,0.0,0.3205,7.0,0.343,7.0,203.27,0.37821,-2.50184,1.31347,2e-05,0.98875
8263.7,BTC-27DEC19,1570618740301,open,0.0,410.0,0.0005,0.0145,0.00449955,99.31,0.0045,0.0,BTC-27DEC19-22000-C,8207.56,97.64,0.004,10.0,0.005,6.0,100.86,2.56778,-1.61648,0.44403,2e-05,0.02936
8263.7,BTC-27DEC19,1570618740301,open,0.31,121.1,0.284,0.3455,0.31543404,86.96,0.3295,0.0,BTC-27DEC19-6000-C,8207.56,71.48,0.299,12.0,0.3395,12.0,107.1,9.35104,-5.15474,9.36554,7e-05,0.83989
8263.7,BTC-27DEC19,1570618740301,open,0.02,889.7,0.0075,0.0395,0.02099313,94.29,0.0225,0.0,BTC-27DEC19-5000-P,8207.56,92.91,0.02,24.0,0.022,16.0,95.65,6.03299,-3.60582,-1.91157,4e-05,-0.08605
8218.86,SYN.BTC-25OCT19,1570618740301,open,0.01,152.0,0.003,0.03,0.01366121,70.75,0.012,0.0,BTC-25OCT19-9500-C,8207.56,69.54,0.013,24.3,0.014,8.0,71.37,4.52838,-10.09095,0.60163,0.00022,0.18196
8213.88,SYN.BTC-18OCT19,1570618740301,open,0.0,161.1,0.0005,0.0145,0.00424278,67.22,0.0045,0.0,BTC-18OCT19-9500-C,8207.56,64.18,0.0035,46.0,0.005,35.0,70.08,2.09524,-7.93438,0.17306,0.00019,0.09089
8208.89,SYN.BTC-11OCT19,1570618740301,open,0.1,8.1,0.075,0.1225,0.09759192,77.99,0.125,0.0,BTC-11OCT19-9000-P,8207.56,0.0,0.096,6.0,0.0995,6.0,96.8,0.63434,-13.18747,-0.44072,0.00023,-0.94714
8213.88,SYN.BTC-18OCT19,1570618740305,open,0.0,21.2,0.0005,0.0105,0.00099605,76.73,0.002,0.0,BTC-18OCT19-10500-C,8207.56,69.59,0.0005,18.5,0.0015,30.0,81.88,0.7021,-3.03474,0.04427,6e-05,0.02316
8218.86,SYN.BTC-25OCT19,1570618740314,open,0.29,0.0,0.254,0.3145,0.28278148,77.75,None,0.0,BTC-25OCT19-10500-P,8207.56,0.0,0.2645,5.0,0.306,5.0,126.8,2.4617,-6.02824,-4.31244,0.00011,-0.92356
8263.7,BTC-27DEC19,1570618740318,open,0.0,240.6,0.0005,0.012,0.00224662,125.0,0.0025,0.0,BTC-27DEC19-2500-P,8207.56,122.83,0.002,24.0,0.0025,1.0,127.08,0.97319,-0.77114,-0.20862,1e-05,-0.00944
8358.72,BTC-27MAR20,1570618740318,open,0.08,322.5,0.0395,0.122,0.07899306,86.79,0.078,0.0,BTC-27MAR20-14000-C,8207.56,86.14,0.0775,0.1,0.0805,4.9,87.44,19.28228,-4.92551,7.92175,7e-05,0.28262
8263.7,BTC-27DEC19,1570618740318,open,0.01,741.0,0.0005,0.0225,0.00849921,92.17,0.009,0.0,BTC-27DEC19-18000-C,8207.56,91.18,0.008,10.0,0.009,6.0,93.13,4.24265,-2.4789,0.82148,3e-05,0.0545
8263.7,BTC-27DEC19,1570618740318,open,0.01,459.4,0.0005,0.0215,0.00975066,104.29,0.011,0.0,BTC-27DEC19-4000-P,8207.56,103.67,0.0095,24.0,0.01,25.0,104.89,3.37809,-2.23319,-0.90648,2e-05,-0.04101
8213.88,SYN.BTC-18OCT19,1570618740318,open,0.28,0.0,0.2535,0.3075,0.27932429,76.77,None,0.0,BTC-18OCT19-10500-P,8207.56,0.0,0.0005,0.1,0.0,0.0,0.0,0.70365,-3.04307,-2.50889,6e-05,-0.97678
8263.7,BTC-27DEC19,1570618740320,open,0.41,66.8,0.3925,0.44,0.41593581,94.28,0.4155,0.0,BTC-27DEC19-5000-C,8207.56,61.67,0.3985,13.0,0.4325,13.0,114.56,6.03282,-3.60565,8.8934,4e-05,0.91395
8218.86,SYN.BTC-25OCT19,1570618740320,open,0.07,442.4,0.0445,0.0985,0.07231149,70.75,0.07,0.0,BTC-25OCT19-8000-C,8207.56,67.88,0.07,18.0,0.0735,6.0,72.23,6.61659,-14.74405,1.89099,0.00032,0.60129
8213.88,SYN.BTC-18OCT19,1570618740320,open,0.01,191.7,0.002,0.0295,0.01253596,71.7,0.013,0.0,BTC-18OCT19-7500-P,8207.56,69.24,0.0115,24.0,0.0135,3.0,73.94,3.50269,-14.1481,-0.40934,0.0003,-0.1924
8218.86,SYN.BTC-25OCT19,1570618740320,open,0.0,866.3,0.0005,0.0145,0.00450813,97.31,0.005,0.0,BTC-25OCT19-6000-P,8207.56,92.25,0.0035,69.0,0.0055,59.0,101.74,1.74727,-5.35513,-0.19225,6e-05,-0.04927
8208.89,SYN.BTC-11OCT19,1570618740320,open,0.0,197.8,0.0005,0.0105,0.00011484,125.0,0.0005,0.0,BTC-11OCT19-6500-P,8207.56,0.0,0.0,0.0,0.0005,10.0,149.69,0.07016,-0.94272,-0.00175,2e-05,-0.00403
8213.88,SYN.BTC-18OCT19,1570618740320,open,0.0,5.1,0.0005,0.0105,0.00075194,117.47,0.001,0.0,BTC-18OCT19-5500-P,8207.56,111.24,0.0005,19.0,0.001,35.0,122.35,0.37881,-2.50669,-0.02401,2e-05,-0.01127
8263.7,BTC-27DEC19,1570618740325,open,1.44,4.6,1.374,1.4855,1.42647863,96.42,1.466,0.0,BTC-27DEC19-20000-P,8207.56,0.0,0.0065,0.1,2.0545,0.2,500.0,3.32651,-2.03313,-42.61266,2e-05,-0.95976
8213.88,SYN.BTC-18OCT19,1570618740323,open,0.22,0.0,0.194,0.247,0.21919853,70.29,None,0.0,BTC-18OCT19-10000-P,8207.56,0.0,0.0005,0.1,0.0,0.0,0.0,1.12414,-4.45146,-2.35347,0.0001,-0.95909
8358.72,BTC-27MAR20,1570618740339,open,0.01,107.7,0.003,0.0365,0.01473421,100.11,0.015,0.0,BTC-27MAR20-30000-C,8207.56,98.61,0.0135,6.0,0.016,15.0,101.57,7.06134,-2.08065,1.87972,2e-05,0.06305
8263.7,BTC-27DEC19,1570618740339,open,0.01,382.9,0.0005,0.0165,0.00675044,111.78,0.007,0.0,BTC-27DEC19-3500-P,8207.56,110.93,0.0065,24.0,0.007,31.0,112.61,2.45803,-1.74166,-0.6181,1e-05,-0.02786
8358.72,BTC-27MAR20,1570618740339,open,0.01,64.6,0.001,0.03,0.01098469,105.25,0.0105,0.0,BTC-27MAR20-36000-C,8207.56,103.74,0.01,6.0,0.012,15.0,106.73,5.59809,-1.73424,1.40141,2e-05,0.04701
8208.89,SYN.BTC-11OCT19,1570618740339,open,0.0,325.3,0.0005,0.0105,0.00047939,125.0,0.0005,0.0,BTC-11OCT19-10000-C,8207.56,0.0,0.0,0.0,0.001,69.0,139.4,0.22887,-3.93522,0.00632,5e-05,0.01547
8208.89,SYN.BTC-11OCT19,1570618740339,open,0.19,0.6,0.1645,0.214,0.18798693,102.07,0.2185,0.0,BTC-11OCT19-9750-P,8207.56,0.0,0.1715,4.0,0.2045,4.0,246.18,0.16115,-4.38479,-0.4968,5e-05,-0.98968
8263.7,BTC-27DEC19,1570618740343,open,0.84,210.2,0.785,0.883,0.83151751,86.59,0.905,0.0,BTC-27DEC19-15000-P,8207.56,0.0,0.7985,3.0,0.8665,4.0,118.41,6.75641,-3.70855,-30.91555,5e-05,-0.8997
8213.88,SYN.BTC-18OCT19,1570618740343,open,0.17,0.0,0.135,0.1885,0.16082547,67.23,None,0.0,BTC-18OCT19-9500-P,8207.56,0.0,0.0105,0.1,0.0,0.0,0.0,2.09598,-7.93861,-2.13697,0.00019,-0.90907
8263.7,BTC-27DEC19,1570618740349,open,0.72,268.3,0.6695,0.767,0.71615865,85.54,0.7205,0.0,BTC-27DEC19-14000-P,8207.56,0.0,0.6825,4.0,0.7515,4.0,114.41,8.12215,-4.40445,-28.32689,6e-05,-0.8701
8208.89,SYN.BTC-11OCT19,1570618740349,open,0.0,59.9,0.0005,0.0105,0.0004156,125.0,0.0005,0.0,BTC-11OCT19-6750-P,8207.56,128.32,0.0005,30.7,0.001,48.5,142.92,0.196,-3.41162,-0.00563,5e-05,-0.01292
8263.7,BTC-27DEC19,1570618740378,open,0.1,243.7,0.0645,0.139,0.10174391,81.52,0.1045,0.0,BTC-27DEC19-7500-P,8207.56,80.78,0.1005,19.3,0.103,6.0,82.27,13.87841,-7.17221,-7.67476,0.00012,-0.32803
8358.72,BTC-27MAR20,1570618740378,open,0.02,150.6,0.006,0.0495,0.02274765,94.78,0.024,0.0,BTC-27MAR20-24000-C,8207.56,93.68,0.0215,6.0,0.024,8.0,95.84,9.67108,-2.69786,2.82797,3e-05,0.09544
8208.89,SYN.BTC-11OCT19,1570618740381,open,0.0,644.6,0.0005,0.0145,0.0027517,94.56,0.002,0.0,BTC-11OCT19-7500-P,8207.56,87.38,0.002,30.0,0.0035,57.0,100.85,0.92321,-22.58843,-0.03741,0.00028,-0.08593
8243.76,SYN.BTC-29NOV19,1570618740392,open,0.83,0.0,0.7855,0.8705,0.82553472,88.14,None,0.0,BTC-29NOV19-15000-P,8207.56,0.0,0.0005,0.1,0.0,0.0,0.0,3.12386,-2.70595,-20.41337,4e-05,-0.95099
8208.89,SYN.BTC-11OCT19,1570618740412,open,0.0,225.0,0.0005,0.0135,0.00252943,70.21,0.0015,0.0,BTC-11OCT19-8750-C,8207.56,61.5,0.0015,55.3,0.0035,46.0,77.05,1.08409,-20.29031,0.04403,0.00045,0.10691
8263.7,BTC-27DEC19,1570618740418,open,0.61,99.0,0.5555,0.653,0.60266026,84.09,0.638,0.0,BTC-27DEC19-13000-P,8207.56,0.0,0.568,5.0,0.639,5.0,110.71,9.63284,-5.13455,-25.62673,8e-05,-0.83239
8358.72,BTC-27MAR20,1570618740423,open,0.03,126.2,0.008,0.0565,0.02749702,93.04,0.0275,0.0,BTC-27MAR20-22000-C,8207.56,91.88,0.026,17.0,0.029,8.3,94.17,10.97624,-3.00576,3.35179,4e-05,0.11366
8358.72,BTC-27MAR20,1570618740423,open,0.01,54.3,0.0025,0.0335,0.0129986,101.6,0.0115,0.0,BTC-27MAR20-32000-C,8207.56,100.27,0.012,6.0,0.014,10.0,102.88,6.42542,-1.92153,1.66903,2e-05,0.0559
8358.72,BTC-27MAR20,1570618740423,open,1.91,0.0,1.8225,1.975,1.8940144,94.79,None,0.0,BTC-27MAR20-24000-P,8207.56,0.0,0.002,0.1,0.0,0.0,0.0,9.67417,-2.69906,-108.87004,3e-05,-0.90452
8208.89,SYN.BTC-11OCT19,1570618740423,open,0.0,86.0,0.0005,0.0105,4.51e-06,125.0,0.0005,0.0,BTC-11OCT19-6000-P,8207.56,0.0,0.0,0.0,0.0015,29.0,228.75,0.00442,-0.03702,-9e-05,0.0,-0.0002
8358.72,BTC-27MAR20,1570618740426,open,0.55,44.5,0.4805,0.611,0.54611117,85.1,0.585,0.0,BTC-27MAR20-12000-P,8207.56,67.22,0.502,2.0,0.5945,2.0,103.44,21.52576,-5.39196,-45.76359,8e-05,-0.63025
8358.72,BTC-27MAR20,1570618740426,open,1.67,6.1,1.59,1.737,1.65949175,93.05,1.619,0.0,BTC-27MAR20-22000-P,8207.56,0.0,1.6135,1.0,1.709,1.0,121.93,10.97879,-3.00677,-99.0381,4e-05,-0.88631
8263.7,BTC-27DEC19,1570618740438,open,0.0,555.7,0.0005,0.0105,0.00074992,118.92,0.001,0.0,BTC-27DEC19-40000-C,8207.56,0.0,0.0,0.0,0.0015,45.0,127.38,0.55493,-0.41834,0.0758,0.0,0.00499
8263.7,BTC-27DEC19,1570618740438,open,0.0,1542.5,0.0005,0.0105,0.00029566,125.0,0.0005,0.0,BTC-27DEC19-52000-C,8207.56,0.0,0.0,0.0,0.001,16.0,138.9,0.24585,-0.19481,0.03081,0.0,0.00202
8263.7,BTC-27DEC19,1570618740438,open,0.01,483.8,0.0045,0.0295,0.014501,98.96,0.015,0.0,BTC-27DEC19-4500-P,8207.56,98.05,0.014,24.0,0.015,31.0,99.85,4.60116,-2.8863,-1.33792,3e-05,-0.06042
8358.72,BTC-27MAR20,1570618740438,open,0.01,569.3,0.0005,0.0265,0.00923478,108.03,0.008,0.0,BTC-27MAR20-40000-C,8207.56,105.81,0.008,11.0,0.0105,10.0,110.11,4.87012,-1.54852,1.17977,1e-05,0.03956
8243.76,SYN.BTC-29NOV19,1570618740438,open,0.08,143.5,0.0465,0.1105,0.07891862,76.84,0.0745,0.0,BTC-29NOV19-9000-C,8207.56,74.17,0.075,14.4,0.079,10.0,76.9,12.11741,-9.15085,4.09683,0.00017,0.43546
8218.86,SYN.BTC-25OCT19,1570618740438,open,0.83,0.0,0.7895,0.866,0.82582547,117.44,None,0.0,BTC-25OCT19-15000-P,8207.56,0.0,0.0005,0.1,0.0,0.0,0.0,0.44888,-1.66028,-6.49192,1e-05,-0.9902
8243.76,SYN.BTC-29NOV19,1570618740438,open,0.02,90.8,0.0085,0.043,0.02351156,86.54,0.0245,0.0,BTC-29NOV19-6000-P,8207.56,85.22,0.0225,24.0,0.0245,25.0,87.81,6.37592,-5.42286,-1.71958,8e-05,-0.12614
8218.86,SYN.BTC-25OCT19,1570618740438,open,0.02,337.5,0.008,0.0465,0.02536612,70.75,0.024,0.0,BTC-25OCT19-9000-C,8207.56,67.43,0.023,24.0,0.0245,0.5,69.54,5.90561,-13.15991,0.96058,0.00028,0.29408
8243.76,SYN.BTC-29NOV19,1570618740440,open,0.05,88.8,0.0215,0.0745,0.04695902,76.84,0.045,0.0,BTC-29NOV19-10000-C,8207.56,74.93,0.0445,19.3,0.048,10.0,77.64,10.67093,-8.05851,2.88621,0.00015,0.29814
8218.86,SYN.BTC-25OCT19,1570618740455,open,0.71,2.0,0.6705,0.742,0.70440312,109.72,0.372,0.0,BTC-25OCT19-14000-P,8207.56,0.0,0.0015,1.0,1.5,0.5,500.0,0.59063,-2.04103,-6.04484,2e-05,-0.98656
8263.7,BTC-27DEC19,1570618740462,open,0.01,362.2,0.003,0.0305,0.01299885,88.62,0.014,0.0,BTC-27DEC19-16000-C,8207.56,87.9,0.0125,10.0,0.0135,6.0,89.33,5.76926,-3.24103,1.21581,4e-05,0.08108
8208.89,SYN.BTC-11OCT19,1570618740462,open,0.41,0.0,0.3735,0.4295,0.40092505,132.84,None,0.0,BTC-11OCT19-11500-P,8207.56,0.0,0.0025,0.1,0.0,0.0,0.0,0.00527,-0.18666,-0.59087,0.0,-0.99976
8218.86,SYN.BTC-25OCT19,1570618740462,open,0.35,27.9,0.313,0.374,0.3418683,81.61,0.35,0.0,BTC-25OCT19-11000-P,8207.56,0.0,0.32,4.0,0.364,4.0,135.73,1.81884,-4.67467,-4.61166,8e-05,-0.94818
8263.7,BTC-27DEC19,1570618740465,open,2.89,0.3,2.797,2.9575,2.87386663,112.44,1.875,0.0,BTC-27DEC19-32000-P,8207.56,0.0,0.01,4.0,0.0,0.0,0.0,1.01774,-0.72539,-69.00089,1e-05,-0.99007
8263.7,BTC-27DEC19,1570618740465,open,1.2,9.4,1.1375,1.242,1.18670553,92.18,1.1125,0.0,BTC-27DEC19-18000-P,8207.56,0.0,0.0065,0.1,1.828,0.2,500.0,4.24419,-2.48007,-38.07577,3e-05,-0.94547
8208.89,SYN.BTC-11OCT19,1570618740465,open,0.07,0.6,0.0455,0.093,0.06844905,70.23,0.079,0.0,BTC-11OCT19-8750-P,8207.56,57.14,0.067,6.0,0.0705,6.0,83.83,1.08459,-20.30545,-0.40559,0.00045,-0.89302
8358.72,BTC-27MAR20,1570618740468,open,0.04,174.4,0.0165,0.0785,0.0435583,89.63,0.0445,0.0,BTC-27MAR20-18000-C,8207.56,88.43,0.0415,10.0,0.0455,12.9,90.74,14.50496,-3.82657,4.97253,5e-05,0.17138
8218.86,SYN.BTC-25OCT19,1570618740470,open,0.21,0.0,0.1955,0.2385,0.21664721,87.25,None,0.0,BTC-25OCT19-6500-C,8207.56,0.0,0.1995,8.0,0.231,8.0,122.33,2.63707,-7.24603,2.50104,0.0001,0.91628
8263.7,BTC-27DEC19,1570618740474,open,0.36,73.3,0.337,0.392,0.36442502,90.51,0.491,0.0,BTC-27DEC19-5500-C,8207.56,0.0,0.01,5.2,0.4875,1.0,197.12,7.65738,-4.39342,9.2177,6e-05,0.8806
8263.7,BTC-27DEC19,1570618740476,open,0.64,0.0,0.6305,0.6535,0.64121588,118.92,None,0.0,BTC-27DEC19-3000-C,8207.56,0.0,0.01,10.2,0.906,0.5,500.0,1.65696,-1.24912,6.09525,1e-05,0.98254
8263.7,BTC-27DEC19,1570618740476,open,0.01,789.9,0.0005,0.0185,0.00624939,96.4,0.0065,0.0,BTC-27DEC19-20000-C,8207.56,94.46,0.0055,10.0,0.007,64.0,98.2,3.32458,-2.03165,0.60649,2e-05,0.04021
8263.7,BTC-27DEC19,1570618740478,open,0.16,378.3,0.122,0.2005,0.16295237,80.72,0.1605,0.0,BTC-27DEC19-8000-C,8207.56,79.91,0.1615,14.4,0.1645,6.0,81.59,14.7605,-7.55318,7.94711,0.00012,0.60798
8208.89,SYN.BTC-11OCT19,1570618740483,open,0.15,1.2,0.13,0.169,0.14841641,123.16,0.134,0.0,BTC-11OCT19-7000-C,8207.56,0.0,0.136,6.0,0.1605,6.0,228.42,0.42517,-13.95826,0.34563,0.0001,0.96774
8263.7,BTC-27DEC19,1570618740488,open,0.58,4.0,0.57,0.5985,0.58321032,111.77,0.666,0.0,BTC-27DEC19-3500-C,8207.56,0.0,0.021,10.1,0.9345,1.0,500.0,2.45783,-1.74146,6.94539,1e-05,0.97214
8218.86,SYN.BTC-25OCT19,1570618740490,open,0.0,448.2,0.0005,0.0105,0.00099797,109.65,0.0015,0.0,BTC-25OCT19-14000-C,8207.56,100.96,0.0005,55.3,0.0015,31.0,115.72,0.58862,-2.03278,0.0443,2e-05,0.01339
8213.88,SYN.BTC-18OCT19,1570618740498,open,0.0,8.7,0.0005,0.0105,0.00074719,85.1,0.001,0.0,BTC-18OCT19-11000-C,8207.56,80.69,0.0005,10.5,0.001,30.0,88.69,0.5236,-2.51013,0.03126,4e-05,0.0164
8213.88,SYN.BTC-18OCT19,1570618740506,open,0.15,15.0,0.132,0.1745,0.15304667,79.29,0.145,0.0,BTC-18OCT19-7000-C,8207.56,0.0,0.1365,6.0,0.168,6.0,123.55,2.03989,-9.11134,1.51655,0.00016,0.91232
8263.7,BTC-27DEC19,1570618740528,open,0.02,657.5,0.004,0.036,0.01634557,86.58,0.0165,0.0,BTC-27DEC19-15000-C,8207.56,85.54,0.0155,34.0,0.017,6.0,87.38,6.75551,-3.70783,1.49887,5e-05,0.10028
8213.88,SYN.BTC-18OCT19,1570618740528,open,0.03,231.6,0.009,0.0505,0.0284812,65.45,0.03,0.0,BTC-18OCT19-8000-P,8207.56,63.79,0.0275,24.0,0.029,0.9,66.32,4.87086,-17.95791,-0.8128,0.00045,-0.37845
8243.76,SYN.BTC-29NOV19,1570618740540,open,0.01,44.9,0.0005,0.0215,0.00821749,85.29,0.0085,0.0,BTC-29NOV19-14000-C,8207.56,82.64,0.007,34.0,0.0095,52.1,87.85,3.96225,-3.32116,0.66727,5e-05,0.06629
8243.76,SYN.BTC-29NOV19,1570618740540,open,0.01,48.1,0.0005,0.017,0.00596896,88.12,0.006,0.0,BTC-29NOV19-15000-C,8207.56,85.43,0.005,42.0,0.007,34.0,90.72,3.12162,-2.70343,0.49403,4e-05,0.04896
8208.89,SYN.BTC-11OCT19,1570618740540,open,0.33,0.0,0.3165,0.343,0.32999344,0.0,None,0.0,BTC-11OCT19-5500-C,8207.56,0.0,0.01,1.0,0.0,0.0,0.0,0.0,0.0,0.28264,0.0,1.0
8263.7,BTC-27DEC19,1570618740550,open,0.0,245.0,0.0005,0.0105,0.00011392,125.0,0.0005,0.0,BTC-27DEC19-1500-P,8207.56,145.08,0.0005,8.0,0.001,17.0,157.74,0.08393,-0.06651,-0.0132,0.0,-0.00063
8263.7,BTC-27DEC19,1570618740556,open,0.0,96.3,0.0005,0.0105,0.00066218,125.0,0.001,0.0,BTC-27DEC19-2000-P,8207.56,120.98,0.0005,41.0,0.0015,6.0,138.89,0.36692,-0.29075,-0.06802,0.0,-0.00315
8208.89,SYN.BTC-11OCT19,1570618740560,open,0.13,0.2,0.105,0.152,0.12732477,82.29,0.155,0.0,BTC-11OCT19-9250-P,8207.56,0.0,0.1155,4.0,0.143,4.0,195.01,0.3212,-7.0462,-0.46584,0.00011,-0.97695
8263.7,BTC-27DEC19,1570618740572,open,0.02,623.6,0.0065,0.0445,0.02199818,85.54,0.022,0.0,BTC-27DEC19-14000-C,8207.56,85.03,0.0215,5.0,0.0225,13.0,86.05,8.12147,-4.40386,1.92659,6e-05,0.12988
8218.86,SYN.BTC-25OCT19,1570618740572,open,0.95,0.0,0.909,0.9885,0.94708325,117.54,None,0.0,BTC-25OCT19-16000-P,8207.56,0.0,0.0005,0.1,0.0,0.0,0.0,0.23591,-0.8733,-6.94351,1e-05,-0.99527
8263.7,BTC-27DEC19,1570618740574,open,2.4,0.1,2.3225,2.4645,2.39032073,106.65,1.49,0.0,BTC-27DEC19-28000-P,8207.56,0.0,0.009,5.0,0.0,0.0,0.0,1.32261,-0.89417,-60.30341,1e-05,-0.98657
8263.7,BTC-27DEC19,1570618740576,open,0.06,711.5,0.027,0.089,0.05650969,81.66,0.0555,0.0,BTC-27DEC19-11000-C,8207.56,80.7,0.055,19.3,0.058,17.3,82.6,13.07416,-6.76772,4.10682,0.00011,0.28648
8358.72,BTC-27MAR20,1570618740576,open,3.1,0.0,2.9905,3.1785,3.07912665,102.93,None,0.0,BTC-27MAR20-34000-P,8207.56,0.0,0.0055,0.1,0.0,0.0,0.0,5.8615,-1.77585,-156.75151,2e-05,-0.95021
8358.72,BTC-27MAR20,1570618740576,open,1.44,0.8,1.359,1.501,1.42650124,91.1,1.389,0.0,BTC-27MAR20-20000-P,8207.56,0.0,1.3835,1.0,1.4755,1.0,117.58,12.51911,-3.35694,-89.05945,4e-05,-0.86279
8208.89,SYN.BTC-11OCT19,1570618740576,open,0.0,60.4,0.0005,0.0105,1.499e-05,125.0,0.0005,0.0,BTC-11OCT19-11000-C,8207.56,0.0,0.0,0.0,0.001,17.0,193.26,0.0131,-0.12303,0.00026,0.0,0.00064
8358.72,BTC-27MAR20,1570618740578,open,0.03,686.8,0.0105,0.046,0.02625308,93.55,0.0265,0.0,BTC-27MAR20-4000-P,8207.56,92.73,0.0255,155.8,0.027,1.0,94.36,7.67799,-2.11418,-3.75442,3e-05,-0.07026
8263.7,BTC-27DEC19,1570618740578,open,0.96,22.0,0.902,1.002,0.94918676,88.63,1.0275,0.0,BTC-27DEC19-16000-P,8207.56,0.0,0.42,0.2,1.6035,0.2,500.0,5.77143,-3.24273,-33.35928,4e-05,-0.91888
8263.7,BTC-27DEC19,1570618740578,open,0.0,609.7,0.0005,0.0105,0.00099989,115.42,0.0015,0.0,BTC-27DEC19-36000-C,8207.56,108.08,0.0005,63.5,0.0015,21.0,120.35,0.71719,-0.52472,0.10123,0.0,0.00667
8218.86,SYN.BTC-25OCT19,1570618740578,open,0.0,923.8,0.0005,0.0105,0.00029503,125.0,0.0005,0.0,BTC-25OCT19-17000-C,8207.56,0.0,0.0,0.0,0.001,46.8,142.44,0.20014,-0.78791,0.01301,1e-05,0.00394
8243.76,SYN.BTC-29NOV19,1570618740578,open,0.05,139.5,0.0255,0.078,0.05049952,80.24,0.0545,0.0,BTC-29NOV19-7000-P,8207.56,78.96,0.049,19.3,0.052,10.0,81.53,9.63932,-7.60191,-3.37604,0.00013,-0.24331
8218.86,SYN.BTC-25OCT19,1570618740578,open,0.0,479.4,0.0005,0.0105,0.00074852,117.34,0.0005,0.0,BTC-25OCT19-15000-C,8207.56,112.09,0.0005,36.0,0.001,1.0,121.51,0.44663,-1.65059,0.03216,1e-05,0.00974
8358.72,BTC-27MAR20,1570618740580,open,3.34,0.0,3.225,3.422,3.31788482,105.28,None,0.0,BTC-27MAR20-36000-P,8207.56,0.0,0.0055,0.1,0.0,0.0,0.0,5.60465,-1.73678,-166.14535,2e-05,-0.95292
8218.86,SYN.BTC-25OCT19,1570618740580,open,0.01,96.5,0.0005,0.016,0.00522761,77.74,0.0055,0.0,BTC-25OCT19-10500-C,8207.56,75.22,0.0045,30.0,0.006,76.0,80.23,2.46081,-6.02507,0.25443,0.00011,0.0764
8208.89,SYN.BTC-11OCT19,1570618740580,open,0.06,33.4,0.0375,0.083,0.06067688,80.95,0.055,0.0,BTC-11OCT19-7750-C,8207.56,70.33,0.059,6.0,0.0625,6.0,91.1,1.39498,-30.10195,0.33137,0.0005,0.84621
8263.7,BTC-27DEC19,1570618740586,open,0.76,0.0,0.749,0.7685,0.75863925,124.99,None,0.0,BTC-27DEC19-2000-C,8207.56,0.0,0.019,3.2,0.9265,0.5,500.0,0.3667,-0.29053,4.25398,0.0,0.99686
8263.7,BTC-27DEC19,1570618740588,open,0.47,4.1,0.45,0.491,0.46994942,98.95,0.578,0.0,BTC-27DEC19-4500-C,8207.56,0.0,0.0125,6.1,0.8815,1.0,500.0,4.60097,-2.88612,8.38656,3e-05,0.93958
8243.76,SYN.BTC-29NOV19,1570618740588,open,0.26,0.0,0.219,0.301,0.26000286,76.84,None,0.0,BTC-29NOV19-10000-P,8207.56,0.0,0.0015,15.4,0.372,2.2,155.06,10.67116,-8.05908,-11.05224,0.00015,-0.70185
8208.89,SYN.BTC-11OCT19,1570618740593,open,0.27,0.1,0.2545,0.2835,0.2690882,120.85,0.26,0.0,BTC-11OCT19-6000-C,8207.56,0.0,0.2585,6.0,0.2805,6.0,355.39,0.00288,-0.09279,0.30828,0.0,0.99987
8218.86,SYN.BTC-25OCT19,1570618740595,open,0.23,325.4,0.1955,0.2565,0.2249507,74.03,0.231,0.0,BTC-25OCT19-10000-P,8207.56,0.0,0.2025,5.0,0.233,5.0,90.96,3.35538,-7.82328,-3.96291,0.00015,-0.88362
8208.89,SYN.BTC-11OCT19,1570618740595,open,0.01,193.9,0.001,0.036,0.01621027,64.91,0.0165,0.0,BTC-11OCT19-8250-C,8207.56,60.66,0.015,18.0,0.018,10.0,71.18,2.33934,-40.47476,0.18995,0.00104,0.46649
8263.7,BTC-27DEC19,1570618740609,open,0.03,466.7,0.01,0.055,0.02951125,84.08,0.029,0.0,BTC-27DEC19-13000-C,8207.56,83.21,0.0285,19.3,0.0305,6.0,84.93,9.63235,-5.13409,2.46581,8e-05,0.16759
8263.7,BTC-27DEC19,1570618740609,open,3.86,0.0,3.746,3.943,3.84122011,119.27,2.58,0.0,BTC-27DEC19-40000-P,8207.56,0.0,0.0015,0.1,0.0,0.0,0.0,0.56799,-0.42943,-86.36137,0.0,-0.99487
8263.7,BTC-27DEC19,1570618740623,open,0.0,342.0,0.0005,0.0105,0.00046771,125.0,0.0005,0.0,BTC-27DEC19-48000-C,8207.56,0.0,0.0,0.0,0.001,16.0,133.87,0.36186,-0.28673,0.04698,0.0,0.0031
8218.86,SYN.BTC-25OCT19,1570618740625,open,0.0,652.2,0.0005,0.013,0.00347854,81.59,0.0035,0.0,BTC-25OCT19-11000-C,8207.56,79.33,0.003,30.0,0.004,15.0,83.85,1.81769,-4.67069,0.17266,8e-05,0.05178
8213.88,SYN.BTC-18OCT19,1570618740625,open,0.03,164.9,0.008,0.0475,0.02629283,65.44,0.0255,0.0,BTC-18OCT19-8500-C,8207.56,60.75,0.0235,24.0,0.026,2.0,64.95,4.90722,-18.091,0.72248,0.00046,0.38801
8358.72,BTC-27MAR20,1570618740641,open,0.2,219.2,0.147,0.251,0.20029004,84.17,0.2,0.0,BTC-27MAR20-8000-P,8207.56,83.27,0.198,2.0,0.2035,9.4,85.43,21.29499,-5.27559,-21.72347,8e-05,-0.35812
8263.7,BTC-27DEC19,1570618740641,open,0.13,639.0,0.09,0.171,0.13104534,80.73,0.1315,0.0,BTC-27DEC19-8000-P,8207.56,79.86,0.1295,19.3,0.1325,6.0,81.54,14.76049,-7.55337,-9.34076,0.00012,-0.39202
8208.89,SYN.BTC-11OCT19,1570618740643,open,0.16,1.9,0.135,0.1835,0.15778019,97.47,0.1905,0.0,BTC-11OCT19-9500-P,8207.56,0.0,0.1405,4.0,0.174,4.0,222.56,0.28387,-7.37598,-0.48,8e-05,-0.98009
8358.72,BTC-27MAR20,1570618740648,open,0.55,1.1,0.5245,0.5715,0.54770839,93.55,0.5375,0.0,BTC-27MAR20-4000-C,8207.56,0.0,0.012,3.1,0.999,0.1,500.0,7.67771,-2.11404,14.86232,3e-05,0.92975
8263.7,BTC-27DEC19,1570618740653,open,0.52,31.1,0.5095,0.544,0.52570481,104.28,0.6265,0.0,BTC-27DEC19-4000-C,8207.56,0.0,0.019,4.2,0.5525,0.2,150.82,3.37788,-2.233,7.73751,2e-05,0.95899
8263.7,BTC-27DEC19,1570618740653,open,0.0,495.4,0.0005,0.0115,0.00199979,106.6,0.0015,0.0,BTC-27DEC19-28000-C,8207.56,103.14,0.0015,32.4,0.0025,6.0,109.49,1.31879,-0.89117,0.20331,1e-05,0.01339
8213.88,SYN.BTC-18OCT19,1570618740655,open,0.21,0.5,0.193,0.231,0.21141173,92.04,0.18,0.0,BTC-18OCT19-6500-C,8207.56,0.0,0.198,6.0,0.2265,6.0,151.79,1.20008,-6.22259,1.4865,8e-05,0.95564
8243.76,SYN.BTC-29NOV19,1570618740655,open,0.02,172.6,0.005,0.0365,0.01775415,79.91,0.0175,0.0,BTC-29NOV19-12000-C,8207.56,78.33,0.0165,24.0,0.019,50.0,81.44,6.63657,-5.21207,1.33177,9e-05,0.13365
8263.7,BTC-27DEC19,1570618740696,open,0.0,649.0,0.0005,0.013,0.00349959,102.57,0.0035,0.0,BTC-27DEC19-24000-C,8207.56,100.48,0.003,6.0,0.004,34.0,104.46,2.08345,-1.35462,0.34595,1e-05,0.02287
8263.7,BTC-27DEC19,1570618740696,open,0.08,278.9,0.0445,0.1105,0.07700562,82.68,0.079,0.0,BTC-27DEC19-7000-P,8207.56,82.02,0.076,19.3,0.078,6.0,83.33,12.61431,-6.61127,-6.13101,0.0001,-0.26632
8263.7,BTC-27DEC19,1570618740696,open,0.82,10.1,0.809,0.8285,0.81859629,124.91,0.8205,0.0,BTC-27DEC19-1500-C,8207.56,0.0,0.8105,1.0,0.827,1.0,224.05,0.08344,-0.06607,3.22836,0.0,0.99938
8358.72,BTC-27MAR20,1570618740696,open,0.01,49.6,0.0015,0.0305,0.01149865,102.91,0.0105,0.0,BTC-27MAR20-34000-C,8207.56,102.18,0.011,6.0,0.012,0.5,103.61,5.85536,-1.77351,1.48708,2e-05,0.04972
8263.7,BTC-27DEC19,1570618740696,open,0.29,495.6,0.2415,0.3375,0.29000261,80.73,0.2815,0.0,BTC-27DEC19-10000-P,8207.56,79.3,0.2875,0.6,0.3075,17.0,90.54,14.55778,-7.44973,-16.35286,0.00012,-0.62573
8358.72,BTC-27MAR20,1570618740698,open,0.09,244.6,0.052,0.1245,0.08749511,86.42,0.0865,0.0,BTC-27MAR20-6000-P,8207.56,85.36,0.0855,13.9,0.0895,10.0,87.48,15.75538,-4.00736,-11.01625,6e-05,-0.19568
8358.72,BTC-27MAR20,1570618740698,open,0.24,98.0,0.192,0.2895,0.24319979,84.17,0.242,0.0,BTC-27MAR20-8000-C,8207.56,82.52,0.239,3.6,0.2465,7.0,85.46,21.29504,-5.27545,15.50971,8e-05,0.64188
8263.7,BTC-27DEC19,1570618740698,open,0.0,482.1,0.0005,0.012,0.00249971,104.07,0.0025,0.0,BTC-27DEC19-26000-C,8207.56,101.28,0.002,24.0,0.003,6.0,106.51,1.59485,-1.05218,0.25353,1e-05,0.0167
8218.86,SYN.BTC-25OCT19,1570618740698,open,0.0,443.8,0.0005,0.011,0.00149691,102.2,0.001,0.0,BTC-25OCT19-13000-C,8207.56,96.71,0.001,30.0,0.002,61.0,106.64,0.84561,-2.72188,0.06774,3e-05,0.02045
8218.86,SYN.BTC-25OCT19,1570618740698,open,0.17,0.5,0.1395,0.2005,0.16954328,70.76,0.225,0.0,BTC-25OCT19-9500-P,8207.56,49.75,0.16,14.0,0.184,14.0,94.03,4.52876,-10.09267,-3.53032,0.00022,-0.81802
8213.88,SYN.BTC-18OCT19,1570618740698,open,0.01,191.2,0.0005,0.0165,0.00526549,79.3,0.005,0.0,BTC-18OCT19-7000-P,8207.56,78.22,0.005,78.1,0.0055,4.1,80.23,2.04029,-9.1142,-0.18569,0.00016,-0.0877
8263.7,BTC-27DEC19,1570618740700,open,0.0,518.0,0.0005,0.014,0.00425032,118.93,0.0055,0.0,BTC-27DEC19-3000-P,8207.56,117.66,0.004,24.0,0.0045,25.0,120.15,1.65717,-1.24933,-0.38775,1e-05,-0.01746
8213.88,SYN.BTC-18OCT19,1570618740700,open,0.0,159.4,0.0005,0.0125,0.00275778,92.06,0.002,0.0,BTC-18OCT19-6500-P,8207.56,86.41,0.002,107.9,0.0035,50.0,96.81,1.20059,-6.22621,-0.09415,8e-05,-0.04438
8208.89,SYN.BTC-11OCT19,1570618740700,open,0.0,82.2,0.0005,0.012,0.00175031,109.04,0.002,0.0,BTC-11OCT19-7250-P,8207.56,97.64,0.001,30.8,0.0025,42.0,117.99,0.62362,-14.3681,-0.02256,0.00017,-0.05173
8218.86,SYN.BTC-25OCT19,1570618740700,open,0.01,1226.7,0.003,0.029,0.01313723,78.72,0.013,0.0,BTC-25OCT19-7000-P,8207.56,77.36,0.0125,30.1,0.014,3.0,80.51,3.89948,-9.66724,-0.56387,0.00017,-0.1446
8263.7,BTC-27DEC19,1570618740702,open,5.32,0.8,5.1695,5.423,5.2928917,125.5,3.59,0.0,BTC-27DEC19-52000-P,8207.56,0.0,0.0015,0.1,0.0,0.0,0.0,0.25579,-0.2035,-112.33871,0.0,-0.99789
8208.89,SYN.BTC-11OCT19,1570618740705,open,0.22,1.4,0.1945,0.2465,0.21867324,125.11,0.243,0.0,BTC-11OCT19-10000-P,8207.56,0.0,0.199,4.0,0.235,4.0,268.5,0.22983,-7.66479,-0.50753,5e-05,-0.98445
8243.76,SYN.BTC-29NOV19,1570618740705,open,0.48,0.0,0.4345,0.5155,0.47340676,79.92,None,0.0,BTC-29NOV19-12000-P,8207.56,0.0,0.0005,12.0,0.0,0.0,0.0,6.63751,-5.21329,-15.39424,9e-05,-0.86632
8243.76,SYN.BTC-29NOV19,1570618740722,open,0.17,10.6,0.1305,0.21,0.17065807,76.84,0.1875,0.0,BTC-29NOV19-9000-P,8207.56,74.35,0.167,14.4,0.1735,22.4,78.78,12.11745,-9.15123,-8.44784,0.00017,-0.56454
8213.88,SYN.BTC-18OCT19,1570618740728,open,0.0,45.1,0.0005,0.0115,0.00150402,105.38,0.0015,0.0,BTC-18OCT19-6000-P,8207.56,98.72,0.001,9.0,0.002,30.0,110.7,0.70078,-4.16012,-0.04916,4e-05,-0.02311
8358.72,BTC-27MAR20,1570618740743,open,0.11,508.7,0.0645,0.157,0.11047717,85.1,0.109,0.0,BTC-27MAR20-12000-C,8207.56,84.14,0.108,10.1,0.113,4.9,86.08,21.52554,-5.39172,10.08579,8e-05,0.36974
8358.72,BTC-27MAR20,1570618740743,open,1.21,0.0,1.1305,1.2695,1.19701322,89.64,1.23,0.0,BTC-27MAR20-18000-P,8207.56,42.72,1.154,1.0,1.2455,1.0,113.56,14.50704,-3.8275,-78.80087,5e-05,-0.82858
8218.86,SYN.BTC-25OCT19,1570618740743,open,1.08,0.0,1.028,1.1125,1.06871557,125.25,None,0.0,BTC-25OCT19-17000-P,8207.56,0.0,0.0005,0.1,0.0,0.0,0.0,0.20321,-0.80158,-7.38092,1e-05,-0.996
8358.72,BTC-27MAR20,1570618740747,open,0.06,897.9,0.0245,0.096,0.05728546,87.94,0.057,0.0,BTC-27MAR20-16000-C,8207.56,87.05,0.0555,10.0,0.059,4.9,88.79,16.75286,-4.33631,6.21447,6e-05,0.21703
8243.76,SYN.BTC-29NOV19,1570618740747,open,0.2,1.1,0.1685,0.232,0.20136883,80.24,0.2115,0.0,BTC-29NOV19-7000-C,8207.56,52.25,0.171,8.0,0.2105,8.0,87.96,9.63922,-7.60157,6.38103,0.00013,0.75669
8263.7,BTC-27DEC19,1570618740756,open,0.0,442.3,0.0005,0.0105,0.00049994,120.44,0.0005,0.0,BTC-27DEC19-44000-C,8207.56,0.0,0.0,0.0,0.001,23.9,128.36,0.39292,-0.3,0.05171,0.0,0.0034
8358.72,BTC-27MAR20,1570618740756,open,0.98,1.1,0.9055,1.0415,0.97146788,87.95,1.08,0.0,BTC-27MAR20-16000-P,8207.56,60.88,0.9285,1.0,1.0205,1.0,109.94,16.75427,-4.33702,-68.25089,6e-05,-0.78294
8263.7,BTC-27DEC19,1570618740756,open,0.39,260.6,0.339,0.437,0.38763577,81.66,0.4475,0.0,BTC-27DEC19-11000-P,8207.56,54.54,0.35,6.0,0.4265,6.0,104.85,13.07434,-6.76799,-19.66385,0.00011,-0.71351
8263.7,BTC-27DEC19,1570618740758,open,4.35,0.0,4.2205,4.436,4.32501716,120.97,3.46,0.0,BTC-27DEC19-44000-P,8207.56,0.0,0.0015,0.1,0.0,0.0,0.0,0.40845,-0.31323,-95.0291,0.0,-0.99645
8208.89,SYN.BTC-11OCT19,1570618740761,open,0.28,0.0,0.2545,0.3065,0.27919549,125.42,None,0.0,BTC-11OCT19-10500-P,8207.56,0.0,0.001,0.1,0.0,0.0,0.0,0.06252,-2.09026,-0.53813,1e-05,-0.99646
8218.86,SYN.BTC-25OCT19,1570618740776,open,0.12,555.0,0.0895,0.1515,0.12041229,70.76,0.131,0.0,BTC-25OCT19-9000-P,8207.56,67.37,0.118,6.0,0.123,6.0,74.33,5.90575,-13.16105,-2.95393,0.00028,-0.70591
8218.86,SYN.BTC-25OCT19,1570618740776,open,0.01,570.4,0.0005,0.0215,0.00823274,74.02,0.008,0.0,BTC-25OCT19-10000-C,8207.56,72.19,0.0075,30.0,0.009,16.0,75.86,3.35474,-7.82087,0.38649,0.00015,0.11635
8208.89,SYN.BTC-11OCT19,1570618740776,open,0.35,0.0,0.314,0.3675,0.34002823,126.93,None,0.0,BTC-11OCT19-11000-P,8207.56,0.0,0.001,0.1,0.0,0.0,0.0,0.01538,-0.52046,-0.56497,0.0,-0.99924
8213.88,SYN.BTC-18OCT19,1570618740776,open,0.05,29.5,0.0295,0.0785,0.05451683,65.44,0.054,0.0,BTC-18OCT19-8000-C,8207.56,62.03,0.0525,18.0,0.057,26.0,69.62,4.87084,-17.95662,1.13258,0.00045,0.62155
8263.7,BTC-27DEC19,1570618740779,open,0.7,0.0,0.69,0.7095,0.69971796,124.99,None,0.0,BTC-27DEC19-2500-C,8207.56,0.0,0.021,4.1,0.9155,0.5,500.0,0.97299,-0.77095,5.19388,1e-05,0.99057
8263.7,BTC-27DEC19,1570618740779,open,1.92,0.0,1.848,1.974,1.90777473,102.59,None,0.0,BTC-27DEC19-24000-P,8207.56,0.0,0.008,5.0,2.511,0.2,500.0,2.08626,-1.35682,-51.51699,1e-05,-0.97709
8263.7,BTC-27DEC19,1570618740793,open,0.19,203.0,0.154,0.2305,0.19415679,81.52,0.201,0.0,BTC-27DEC19-7500-C,8207.56,80.54,0.1925,14.4,0.1955,6.0,82.32,13.8784,-7.17203,8.53265,0.00012,0.67197
8218.86,SYN.BTC-25OCT19,1570618740793,open,0.0,655.3,0.0005,0.0105,0.00033451,117.34,0.001,0.0,BTC-25OCT19-16000-C,8207.56,0.0,0.0,0.0,0.0005,1.0,122.34,0.23297,-0.86096,0.01548,1e-05,0.00466
8243.76,SYN.BTC-29NOV19,1570618740793,open,0.03,126.2,0.01,0.0515,0.02824971,77.91,0.0285,0.0,BTC-29NOV19-11000-C,8207.56,76.7,0.027,19.3,0.0295,10.0,79.1,8.583,-6.57166,1.95868,0.00012,0.19871
8208.89,SYN.BTC-11OCT19,1570618740793,open,0.0,228.1,0.0005,0.019,0.00477712,80.96,0.005,0.0,BTC-11OCT19-7750-P,8207.56,76.25,0.004,24.0,0.0055,25.0,85.12,1.39522,-30.11219,-0.06691,0.0005,-0.15383
8208.89,SYN.BTC-11OCT19,1570618740795,open,0.0,244.3,0.0005,0.011,0.00115211,123.2,0.001,0.0,BTC-11OCT19-7000-P,8207.56,107.39,0.0005,82.5,0.002,40.0,137.02,0.42563,-9.45757,-0.01411,0.0001,-0.0323
8218.86,SYN.BTC-25OCT19,1570618740795,open,0.47,37.4,0.432,0.496,0.46204324,91.11,0.533,0.0,BTC-25OCT19-12000-P,8207.56,0.0,0.441,4.0,0.4835,4.0,155.77,1.13167,-3.24742,-5.12309,4e-05,-0.97107
8218.86,SYN.BTC-25OCT19,1570618740795,open,0.59,32.0,0.551,0.619,0.58323027,102.25,0.6245,0.0,BTC-25OCT19-13000-P,8207.56,0.0,0.5605,3.0,0.606,3.0,178.4,0.84733,-2.7286,-5.58646,3e-05,-0.9795
8243.76,SYN.BTC-29NOV19,1570618740795,open,0.1,113.8,0.0635,0.1325,0.0982003,76.84,0.097,0.0,BTC-29NOV19-8000-P,8207.56,75.67,0.0965,14.4,0.101,10.0,78.78,11.90643,-8.99179,-5.74808,0.00016,-0.40204
8358.72,BTC-27MAR20,1570618740798,open,0.16,186.6,0.11,0.21,0.16160311,84.17,0.1575,0.0,BTC-27MAR20-10000-C,8207.56,82.66,0.1575,10.0,0.1635,9.0,84.86,22.74217,-5.63394,12.77456,8e-05,0.48998
8358.72,BTC-27MAR20,1570618740798,open,3.82,1.0,3.6935,3.9075,3.79469082,108.09,2.7125,0.0,BTC-27MAR20-40000-P,8207.56,0.0,0.0055,0.1,0.0,0.0,0.0,4.88174,-1.55307,-184.98219,1e-05,-0.96032
8213.88,SYN.BTC-18OCT19,1570618740798,open,0.27,0.0,0.255,0.2885,0.27103074,105.36,None,0.0,BTC-18OCT19-6000-C,8207.56,0.0,0.2595,6.0,0.284,6.0,175.37,0.70021,-4.15587,1.4099,4e-05,0.97691
8208.89,SYN.BTC-11OCT19,1570618740798,open,0.0,271.0,0.0005,0.0105,0.00049545,82.22,0.0015,0.0,BTC-11OCT19-9250-C,8207.56,0.0,0.0,0.0,0.001,10.0,92.46,0.32005,-4.06708,0.00947,0.00011,0.02295
8263.7,BTC-27DEC19,1570618740811,open,0.03,360.5,0.012,0.052,0.02998842,90.51,0.0295,0.0,BTC-27DEC19-5500-P,8207.56,89.44,0.029,24.0,0.031,37.9,91.6,7.65754,-4.39362,-2.66778,6e-05,-0.1194
8263.7,BTC-27DEC19,1570618740811,open,0.27,61.0,0.2355,0.3035,0.27085919,84.74,0.2865,0.0,BTC-27DEC19-6500-C,8207.56,63.1,0.2435,12.0,0.298,12.0,104.4,11.07168,-5.94777,9.27038,9e-05,0.78999
8218.86,SYN.BTC-25OCT19,1570618740811,open,0.03,639.4,0.008,0.0455,0.0247923,73.52,0.0245,0.0,BTC-25OCT19-7500-P,8207.56,72.33,0.024,39.0,0.0255,0.1,74.59,5.45031,-12.62081,-0.98337,0.00025,-0.25029
8208.89,SYN.BTC-11OCT19,1570618740811,open,0.0,28.9,0.0005,0.0105,0.00024792,101.92,0.0005,0.0,BTC-11OCT19-9750-C,8207.56,0.0,0.0,0.0,0.0005,15.0,111.93,0.15983,-2.03515,0.00421,5e-05,0.01022
8243.76,SYN.BTC-29NOV19,1570618740815,open,0.59,0.0,0.55,0.6315,0.58870043,82.43,None,0.0,BTC-29NOV19-13000-P,8207.56,0.0,0.0005,5.0,0.0,0.0,0.0,5.09591,-4.12828,-17.19355,7e-05,-0.90761
184.3,SYN.ETH-25OCT19,1570618741032,open,0.0,4093.0,0.001,0.011,0.001411,140.14,0.004,0.0,ETH-25OCT19-100-P,184.01,133.39,0.001,620.0,0.002,380.0,147.84,0.01253,-0.05531,-0.00112,0.00061,-0.01261
8243.77,SYN.BTC-29NOV19,1570618741066,open,0.42,0.0,0.3775,0.459,0.41700261,78.55,None,0.0,BTC-29NOV19-11500-P,8207.5,0.0,0.008,10.0,0.0,0.0,0.0,7.53346,-5.81599,-14.42683,0.0001,-0.83853
8243.77,SYN.BTC-29NOV19,1570618741066,open,0.54,0.0,0.492,0.5735,0.53079713,81.34,None,0.0,BTC-29NOV19-12500-P,8207.5,0.0,0.006,5.0,0.0,0.0,0.0,5.8413,-4.66952,-16.30935,8e-05,-0.88856
8243.77,SYN.BTC-29NOV19,1570618741066,open,0.1,1.0,0.0665,0.1335,0.10094334,76.84,0.0965,0.0,BTC-29NOV19-8500-C,8207.5,74.53,0.0975,14.4,0.1015,10.0,77.21,12.2702,-9.26624,4.75382,0.00017,0.51466
8243.77,SYN.BTC-29NOV19,1570618741066,open,0.04,0.1,0.0145,0.0615,0.03599696,77.0,0.035,0.0,BTC-29NOV19-10500-C,8207.5,75.71,0.0345,19.3,0.0375,10.0,78.28,9.62492,-7.28322,2.37443,0.00013,0.24264
8243.77,SYN.BTC-29NOV19,1570618741066,open,0.22,0.0,0.1725,0.254,0.21351979,76.85,None,0.0,BTC-29NOV19-9500-P,8207.5,0.0,0.005,10.0,0.0,0.0,0.0,11.54527,-8.71934,-9.77502,0.00016,-0.63718
8243.77,SYN.BTC-29NOV19,1570618741066,open,0.13,0.5,0.094,0.169,0.1320306,76.84,0.1305,0.0,BTC-29NOV19-8500-P,8207.5,74.81,0.129,14.4,0.1335,1.0,77.83,12.27019,-9.26669,-7.09395,0.00017,-0.48534
8243.77,SYN.BTC-29NOV19,1570618741066,open,0.01,8.6,0.0035,0.032,0.01449233,81.33,0.0135,0.0,BTC-29NOV19-12500-C,8207.5,79.9,0.0135,24.0,0.0155,34.0,82.73,5.83971,-4.66756,1.11345,8e-05,0.11139
8243.77,SYN.BTC-29NOV19,1570618741066,open,0.06,0.1,0.032,0.091,0.06112814,76.84,0.058,0.0,BTC-29NOV19-9500-C,8207.5,74.6,0.058,19.3,0.0615,10.0,77.11,11.54512,-8.71871,3.46651,0.00016,0.36281
8243.77,SYN.BTC-29NOV19,1570618741066,open,0.31,0.0,0.269,0.351,0.309693,77.0,None,0.0,BTC-29NOV19-10500-P,8207.5,0.0,0.007,3.0,0.0,0.0,0.0,9.62544,-7.28418,-12.26085,0.00013,-0.75734
8243.77,SYN.BTC-29NOV19,1570618741066,open,0.02,7.1,0.007,0.043,0.02200219,78.55,0.0215,0.0,BTC-29NOV19-11500-C,8207.5,77.44,0.021,19.3,0.023,0.1,79.63,7.53243,-5.81457,1.6022,0.0001,0.16144
8243.77,SYN.BTC-29NOV19,1570618741066,open,0.04,6.4,0.015,0.058,0.03476608,82.96,0.0335,0.0,BTC-29NOV19-6500-P,8207.5,81.66,0.0335,19.3,0.036,10.0,84.22,8.02579,-6.54374,-2.44738,0.0001,-0.17822
8243.77,SYN.BTC-29NOV19,1570618741066,open,0.07,0.1,0.0415,0.1025,0.07149075,78.25,0.0695,0.0,BTC-29NOV19-7500-P,8207.5,76.75,0.0695,19.3,0.0735,10.0,79.75,10.99587,-8.4557,-4.49008,0.00015,-0.31927
8243.77,SYN.BTC-29NOV19,1570618741066,open,0.24,0.0,0.2165,0.275,0.24628758,82.96,None,0.0,BTC-29NOV19-6500-C,8207.5,0.0,0.0095,0.3,0.0,0.0,0.0,8.02554,-6.54318,6.61283,0.0001,0.82179
8243.77,SYN.BTC-29NOV19,1570618741066,open,0.16,0.0,0.1265,0.194,0.16170787,78.24,None,0.0,BTC-29NOV19-7500-C,8207.5,75.83,0.1585,14.4,0.1645,14.4,80.33,10.99583,-8.45526,5.96392,0.00015,0.68073
185.45,ETH-27DEC19,1570618741191,open,0.19,1016.0,0.149,0.243,0.199899,102.11,0.187,0.0,ETH-27DEC19-180-C,184.01,99.91,0.196,340.0,0.204,440.0,104.42,0.32877,-0.21281,0.16755,0.00433,0.61798
185.45,ETH-27DEC19,1570618741217,open,0.15,6491.0,0.107,0.202,0.15815,102.1,0.149,0.0,ETH-27DEC19-200-C,184.01,99.33,0.153,320.0,0.16,266.0,103.11,0.34287,-0.22191,0.14949,0.00452,0.53115
185.45,ETH-27DEC19,1570618741260,open,0.5,946.0,0.411,0.545,0.479451,102.11,0.3,0.0,ETH-27DEC19-260-P,183.99,0.0,0.0,0.0,0.0,0.0,0.0,0.3073,-0.19891,-0.46563,0.00405,-0.68244
185.45,ETH-27DEC19,1570618741260,open,0.01,10821.0,0.001,0.018,0.006379,108.96,0.007,0.0,ETH-27DEC19-520-C,183.99,107.94,0.006,180.0,0.007,160.0,110.55,0.07025,-0.04852,0.01241,0.00087,0.03735
185.45,ETH-27DEC19,1570618741260,open,0.25,447.0,0.204,0.294,0.252878,102.94,0.237,0.0,ETH-27DEC19-160-C,183.99,99.88,0.248,594.0,0.258,774.0,106.15,0.29602,-0.19316,0.18242,0.00387,0.70806
187.15,ETH-27MAR20,1570618741260,open,0.1,1804.0,0.054,0.13,0.0925,106.26,0.114,0.0,ETH-27MAR20-120-P,183.99,104.18,0.089,320.0,0.096,602.0,108.32,0.3165,-0.09898,-0.22398,0.00183,-0.16465
187.15,ETH-27MAR20,1570618741260,open,0.25,1043.0,0.187,0.303,0.250405,102.78,0.25,0.0,ETH-27MAR20-200-C,183.99,100.35,0.244,300.0,0.256,268.0,104.91,0.49295,-0.14913,0.30536,0.00294,0.60098
185.45,ETH-27DEC19,1570618741260,open,0.05,5133.0,0.019,0.069,0.042751,108.5,0.06,0.0,ETH-27DEC19-120-P,183.99,106.73,0.041,180.0,0.045,160.0,110.74,0.18466,-0.12701,-0.07018,0.00229,-0.13237
185.45,ETH-27DEC19,1570618741260,open,0.59,311.0,0.502,0.639,0.570886,102.11,0.71,0.0,ETH-27DEC19-280-P,183.99,0.0,0.001,8.0,0.0,0.0,0.0,0.2819,-0.18247,-0.52368,0.00371,-0.73586
187.15,ETH-27MAR20,1570618741260,open,1.25,3.0,1.116,1.311,1.212676,105.39,1.39,0.0,ETH-27MAR20-400-P,183.99,0.0,0.001,10.0,0.0,0.0,0.0,0.39952,-0.12393,-1.7157,0.00233,-0.75709
187.15,ETH-27MAR20,1570618741260,open,0.33,362.0,0.275,0.381,0.333521,103.09,0.344,0.0,ETH-27MAR20-160-C,183.99,98.97,0.324,264.0,0.339,563.0,105.46,0.43187,-0.13104,0.33418,0.00257,0.71719
185.45,ETH-27DEC19,1570618741260,open,0.0,12462.0,0.001,0.012,0.002087,112.76,0.005,0.0,ETH-27DEC19-680-C,183.99,104.03,0.001,1180.0,0.003,160.0,117.79,0.02947,-0.02106,0.0045,0.00035,0.01332
187.13,ETH-27MAR20,1570618741260,open,0.09,530.0,0.045,0.138,0.091483,104.09,0.086,0.0,ETH-27MAR20-360-C,183.99,102.15,0.087,260.0,0.095,290.0,105.6,0.43384,-0.13292,0.16906,0.00256,0.28559
185.45,ETH-27DEC19,1570618741260,open,0.48,0.0,0.455,0.509,0.48314,113.22,None,0.0,ETH-27DEC19-100-C,183.99,0.0,0.0,0.0,0.0,0.0,0.0,0.12255,-0.08796,0.17691,0.00146,0.92458
185.45,ETH-27DEC19,1570618741260,open,0.18,2641.0,0.118,0.22,0.170511,102.11,0.233,0.0,ETH-27DEC19-180-P,183.99,100.13,0.167,340.0,0.174,412.0,104.08,0.32877,-0.21281,-0.22143,0.00433,-0.38202
187.13,ETH-27MAR20,1570618741260,open,0.85,7.0,0.734,0.913,0.825105,103.58,0.945,0.0,ETH-27MAR20-320-P,183.99,0.0,0.0,0.0,0.0,0.0,0.0,0.46903,-0.143,-1.29132,0.00278,-0.65759
187.13,ETH-27MAR20,1570618741260,open,1.45,0.0,1.314,1.516,1.41319,106.07,None,0.0,ETH-27MAR20-440-P,183.99,0.0,0.002,10.0,0.0,0.0,0.0,0.36398,-0.11364,-1.92213,0.00211,-0.7938
185.45,ETH-27DEC19,1570618741260,open,0.01,5315.0,0.001,0.023,0.008833,107.98,0.01,0.0,ETH-27DEC19-480-C,183.99,106.19,0.008,180.0,0.01,360.0,110.31,0.08908,-0.06097,0.01655,0.00111,0.05012
185.45,ETH-27DEC19,1570618741260,open,0.12,3024.0,0.071,0.158,0.115644,102.94,0.128,0.0,ETH-27DEC19-160-P,183.99,100.66,0.112,602.0,0.12,730.0,105.67,0.29602,-0.19316,-0.16334,0.00387,-0.29194
185.45,ETH-27DEC19,1570618741260,open,0.05,1087.0,0.02,0.082,0.048945,102.68,0.047,0.0,ETH-27DEC19-300-C,183.99,100.52,0.046,448.0,0.051,294.0,104.16,0.25587,-0.16654,0.06892,0.00335,0.22093
185.45,ETH-27DEC19,1570618741260,open,3.17,0.0,2.979,3.23,3.099719,116.87,None,0.0,ETH-27DEC19-760-P,183.99,0.0,0.0,0.0,0.0,0.0,0.0,0.02306,-0.01708,-1.63895,0.00027,-0.98996
185.45,ETH-27DEC19,1570618741260,open,1.0,257.0,0.896,1.043,0.966928,103.98,0.7,0.0,ETH-27DEC19-360-P,183.99,0.0,0.01,2.0,0.0,0.0,0.0,0.18149,-0.11963,-0.73652,0.00235,-0.8709
187.15,ETH-27MAR20,1570618741260,open,0.14,949.0,0.089,0.199,0.146951,103.17,0.15,0.0,ETH-27MAR20-280-C,183.99,100.17,0.139,540.0,0.152,280.0,105.07,0.49712,-0.15096,0.23152,0.00296,0.41275
187.13,ETH-27MAR20,1570618741260,open,1.86,0.0,1.716,1.933,1.821324,106.97,None,0.0,ETH-27MAR20-520-P,183.99,0.0,0.005,10.0,0.0,0.0,0.0,0.2979,-0.09379,-2.32637,0.00171,-0.84982
185.45,ETH-27DEC19,1570618741260,open,0.02,554.0,0.006,0.043,0.021218,104.71,0.022,0.0,ETH-27DEC19-380-C,183.99,102.09,0.019,640.0,0.023,160.0,106.72,0.16134,-0.1071,0.03529,0.00207,0.10928
187.13,ETH-27MAR20,1570618741260,open,0.07,988.0,0.034,0.119,0.075353,105.4,0.08,0.0,ETH-27MAR20-400-C,183.99,102.86,0.07,260.0,0.079,326.0,107.09,0.39947,-0.12392,0.14592,0.00233,0.2429
187.13,ETH-27MAR20,1570618741260,open,0.11,563.0,0.063,0.165,0.115246,103.66,0.115,0.0,ETH-27MAR20-320-C,183.99,101.15,0.109,260.0,0.12,286.0,105.55,0.46918,-0.14315,0.1981,0.00278,0.3427
187.13,ETH-27MAR20,1570618741260,open,2.29,0.0,2.125,2.362,2.239044,109.68,None,0.0,ETH-27MAR20-600-P,183.99,0.0,0.02,10.0,0.0,0.0,0.0,0.25299,-0.08167,-2.71784,0.00142,-0.88159
185.45,ETH-27DEC19,1570618741260,open,0.33,2918.0,0.247,0.371,0.311088,102.11,0.368,0.0,ETH-27DEC19-220-P,183.99,98.25,0.304,96.0,0.315,133.0,104.23,0.34135,-0.22095,-0.3446,0.0045,-0.54878
185.45,ETH-27DEC19,1570618741260,open,0.69,1.0,0.597,0.737,0.666632,102.68,0.494,0.0,ETH-27DEC19-300-P,183.99,0.0,0.001,5.0,0.0,0.0,0.0,0.25587,-0.16654,-0.57937,0.00335,-0.77907
185.45,ETH-27DEC19,1570618741260,open,1.21,16.0,1.1,1.255,1.174545,105.44,1.195,0.0,ETH-27DEC19-400-P,183.99,0.0,0.001,8.0,0.0,0.0,0.0,0.1433,-0.09578,-0.83423,0.00183,-0.90712
185.45,ETH-27DEC19,1570618741260,open,0.02,3328.0,0.008,0.041,0.022369,113.22,0.025,0.0,ETH-27DEC19-100-P,183.99,112.66,0.022,180.0,0.024,360.0,115.66,0.12255,-0.08796,-0.03919,0.00146,-0.07542
185.45,ETH-27DEC19,1570618741260,open,0.0,4670.0,0.001,0.012,0.002054,116.56,0.002,0.0,ETH-27DEC19-720-C,183.99,107.84,0.001,1191.0,0.003,468.0,121.93,0.02846,-0.02103,0.0043,0.00033,0.01279
185.43,ETH-27DEC19,1570618741260,open,0.03,926.0,0.01,0.059,0.031748,103.6,0.03,0.0,ETH-27DEC19-340-C,183.99,101.06,0.029,928.0,0.034,128.0,105.61,0.20481,-0.13451,0.04912,0.00266,0.15433
185.43,ETH-27DEC19,1570618741260,open,0.9,0.0,0.795,0.939,0.865127,103.42,None,0.0,ETH-27DEC19-340-P,183.99,0.0,0.001,5.0,0.0,0.0,0.0,0.20427,-0.13392,-0.68578,0.00266,-0.84629
185.43,ETH-27DEC19,1570618741260,open,0.01,7122.0,0.001,0.014,0.004703,109.95,0.006,0.0,ETH-27DEC19-560-C,183.99,107.49,0.004,180.0,0.006,160.0,113.92,0.05582,-0.03891,0.00944,0.00068,0.02827
187.13,ETH-27MAR20,1570618741260,open,0.44,40.0,0.405,0.49,0.451303,106.28,0.459,0.0,ETH-27MAR20-120-C,183.99,76.74,0.404,20.0,0.0,0.0,0.0,0.31653,-0.09901,0.33443,0.00183,0.8353
185.43,ETH-27DEC19,1570618741260,open,0.02,4510.0,0.005,0.038,0.017629,105.45,0.017,0.0,ETH-27DEC19-400-C,183.99,103.28,0.016,800.0,0.019,160.0,107.19,0.14328,-0.09577,0.03015,0.00183,0.09287
185.43,ETH-27DEC19,1570618741261,open,0.79,101.0,0.695,0.837,0.764822,102.97,0.513,0.0,ETH-27DEC19-320-P,183.99,0.0,0.006,5.0,0.0,0.0,0.0,0.22925,-0.14964,-0.63349,0.003,-0.81609
185.43,ETH-27DEC19,1570618741261,open,0.25,3557.0,0.177,0.292,0.236607,102.07,0.301,0.0,ETH-27DEC19-200-P,183.99,98.5,0.23,96.0,0.24,183.0,103.9,0.34285,-0.22183,-0.28274,0.00452,-0.46898
185.43,ETH-27DEC19,1570618741261,open,0.39,2.0,0.359,0.428,0.395676,108.55,0.346,0.0,ETH-27DEC19-120-C,183.99,0.0,0.101,1.0,0.0,0.0,0.0,0.18475,-0.12712,0.18907,0.00229,0.86752
185.43,ETH-27DEC19,1570618741261,open,0.04,1447.0,0.014,0.069,0.03929,103.12,0.049,0.0,ETH-27DEC19-320-C,183.99,101.25,0.037,320.0,0.042,746.0,105.28,0.22966,-0.15013,0.05816,0.003,0.18444
185.43,ETH-27DEC19,1570618741261,open,0.12,5011.0,0.077,0.168,0.124785,102.13,0.11,0.0,ETH-27DEC19-220-C,183.99,98.44,0.118,369.0,0.126,273.0,102.79,0.34131,-0.22096,0.13079,0.0045,0.45117
187.13,ETH-27MAR20,1570618741261,open,0.04,1165.0,0.012,0.069,0.036264,107.78,0.038,0.0,ETH-27MAR20-560-C,183.99,105.48,0.033,340.0,0.039,240.0,109.64,0.27107,-0.086,0.08225,0.00154,0.1307
184.17,SYN.ETH-18OCT19,1570618741260,open,0.0,2.0,0.001,0.011,0.001862,97.42,0.013,0.0,ETH-18OCT19-140-P,183.99,87.75,0.001,210.0,0.003,200.0,106.7,0.01953,-0.10718,-0.00143,0.00243,-0.02998
187.13,ETH-27MAR20,1570618741261,open,0.06,1131.0,0.026,0.103,0.062134,106.2,0.072,0.0,ETH-27MAR20-440-C,183.99,104.05,0.058,260.0,0.065,329.0,107.66,0.36454,-0.11395,0.12594,0.00211,0.20674
187.13,ETH-27MAR20,1570618741261,open,1.05,6.0,0.922,1.108,1.015074,104.0,1.165,0.0,ETH-27MAR20-360-P,183.99,0.0,0.0,0.0,0.0,0.0,0.0,0.43358,-0.13273,-1.50657,0.00256,-0.71478
184.94,SYN.ETH-29NOV19,1570618741260,open,0.56,0.0,0.483,0.601,0.54137,96.7,None,0.0,ETH-29NOV19-280-P,183.99,0.0,0.0,0.0,0.0,0.0,0.0,0.17236,-0.16381,-0.35443,0.00374,-0.83356
185.43,ETH-27DEC19,1570618741261,open,0.07,2659.0,0.039,0.116,0.077456,102.13,0.082,0.0,ETH-27DEC19-260-C,183.99,100.03,0.074,320.0,0.079,285.0,103.06,0.30726,-0.19891,0.0962,0.00405,0.31754
185.43,ETH-27DEC19,1570618741261,open,0.41,2316.0,0.326,0.456,0.392477,102.05,0.456,0.0,ETH-27DEC19-240-P,183.99,0.0,0.001,15.0,0.0,0.0,0.0,0.3281,-0.21224,-0.40588,0.00433,-0.62042
184.3,SYN.ETH-25OCT19,1570618741260,open,0.15,579.0,0.12,0.186,0.155404,91.38,0.138,0.0,ETH-25OCT19-160-C,183.99,88.96,0.154,180.0,0.159,280.0,97.41,0.10801,-0.31083,0.05157,0.008,0.79877
184.04,SYN.ETH-11OCT19,1570618741260,open,0.34,0.0,0.328,0.367,0.347984,150.01,None,0.0,ETH-11OCT19-120-C,183.99,0.0,0.0,0.0,0.0,0.0,0.0,2e-05,-0.00062,0.00617,1e-05,0.99997
185.43,ETH-27DEC19,1570618741261,open,1.42,0.0,1.307,1.469,1.384802,106.08,None,0.0,ETH-27DEC19-440-P,183.99,0.0,0.001,8.0,0.0,0.0,0.0,0.11069,-0.07444,-0.92914,0.0014,-0.93393
187.13,ETH-27MAR20,1570618741261,open,0.49,167.0,0.392,0.548,0.473483,103.08,0.548,0.0,ETH-27MAR20-240-P,183.99,98.86,0.462,300.0,0.484,24.0,106.94,0.5093,-0.15451,-0.84862,0.00303,-0.5009
185.43,ETH-27DEC19,1570618741261,open,0.0,14630.0,0.001,0.012,0.002597,111.35,0.002,0.0,ETH-27DEC19-640-C,183.99,99.96,0.001,2753.0,0.004,4122.0,117.67,0.03524,-0.02488,0.00553,0.00043,0.0164
187.13,ETH-27MAR20,1570618741261,open,0.04,2285.0,0.015,0.078,0.042804,107.15,0.04,0.0,ETH-27MAR20-520-C,183.99,104.72,0.039,240.0,0.042,50.0,106.65,0.29884,-0.09425,0.09414,0.00171,0.1509
187.13,ETH-27MAR20,1570618741262,open,0.33,1240.0,0.247,0.384,0.319067,102.75,0.334,0.0,ETH-27MAR20-200-P,183.99,99.7,0.311,300.0,0.326,164.0,105.39,0.49293,-0.14908,-0.62549,0.00294,-0.39913
185.43,ETH-27DEC19,1570618741261,open,0.01,7937.0,0.003,0.029,0.012195,106.51,0.013,0.0,ETH-27DEC19-440-C,183.99,106.18,0.012,180.0,0.013,160.0,107.82,0.11203,-0.07564,0.022,0.00142,0.06711
184.17,SYN.ETH-18OCT19,1570618741260,open,0.05,15.0,0.013,0.068,0.038672,80.0,0.046,0.0,ETH-18OCT19-180-P,183.99,70.58,0.033,120.0,0.039,158.0,80.54,0.11116,-0.50096,-0.01977,0.01685,-0.40282
185.43,ETH-27DEC19,1570618741262,open,0.03,1033.0,0.008,0.05,0.025704,103.99,0.033,0.0,ETH-27DEC19-360-C,183.99,102.22,0.024,500.0,0.027,11.0,105.3,0.18146,-0.11962,0.04143,0.00235,0.12909
187.13,ETH-27MAR20,1570618741262,open,0.6,19.0,0.577,0.631,0.605179,112.88,0.542,0.0,ETH-27MAR20-80-C,183.99,0.0,0.07,20.0,0.0,0.0,0.0,0.1682,-0.05588,0.28437,0.00091,0.93169
185.43,ETH-27DEC19,1570618741262,open,0.0,15549.0,0.001,0.013,0.003586,111.14,0.003,0.0,ETH-27DEC19-600-C,183.99,103.3,0.002,1741.0,0.005,1816.0,116.31,0.04521,-0.03185,0.00737,0.00055,0.02198
185.43,ETH-27DEC19,1570618741262,open,2.29,0.0,2.142,2.344,2.238959,109.66,0.953,0.0,ETH-27DEC19-600-P,183.99,0.0,0.0,0.0,0.0,0.0,0.0,0.04218,-0.02932,-1.28977,0.00052,-0.97975
184.3,SYN.ETH-25OCT19,1570618741260,open,0.01,1373.0,0.001,0.019,0.006616,86.77,0.007,0.0,ETH-25OCT19-240-C,183.99,84.83,0.006,180.0,0.008,200.0,90.81,0.06008,-0.16419,0.00633,0.00469,0.08552
185.43,ETH-27DEC19,1570618741262,open,2.95,0.0,2.77,3.008,2.884502,113.62,None,0.0,ETH-27DEC19-720-P,183.99,0.0,0.003,5.0,0.0,0.0,0.0,0.02417,-0.01741,-1.55231,0.00029,-0.9894
185.43,ETH-27DEC19,1570618741262,open,0.31,18.0,0.274,0.356,0.318063,104.87,0.305,0.0,ETH-27DEC19-140-C,183.99,0.0,0.0,0.0,0.0,0.0,0.0,0.24566,-0.16331,0.19069,0.00315,0.79395
185.43,ETH-27DEC19,1570618741262,open,1.64,21.0,1.515,1.687,1.597132,107.4,0.629,0.0,ETH-27DEC19-480-P,183.99,0.0,0.001,7.0,0.0,0.0,0.0,0.08736,-0.05948,-1.0211,0.00109,-0.95108
185.43,ETH-27DEC19,1570618741262,open,0.09,5039.0,0.055,0.139,0.098327,102.13,0.106,0.0,ETH-27DEC19-240-C,183.99,99.11,0.093,508.0,0.101,780.0,103.63,0.32816,-0.21245,0.11279,0.00432,0.37981
184.3,SYN.ETH-25OCT19,1570618741260,open,0.03,1653.0,0.007,0.046,0.023555,91.38,0.024,0.0,ETH-25OCT19-160-P,183.99,92.13,0.024,180.0,0.025,257.0,93.82,0.10801,-0.31083,-0.01802,0.008,-0.20123
184.3,SYN.ETH-25OCT19,1570618741260,open,0.23,483.0,0.168,0.253,0.210288,85.81,0.337,0.0,ETH-25OCT19-220-P,183.99,0.0,0.05,2.0,0.5,1.0,450.7,0.10228,-0.27644,-0.08226,0.00807,-0.81591
184.94,SYN.ETH-29NOV19,1570618741261,open,0.03,112.0,0.009,0.051,0.027355,96.7,0.021,0.0,ETH-29NOV19-280-C,183.99,93.01,0.024,200.0,0.03,295.0,99.49,0.17236,-0.16381,0.03585,0.00374,0.16644
184.17,SYN.ETH-18OCT19,1570618741260,open,0.22,0.0,0.161,0.239,0.199265,80.02,None,0.0,ETH-18OCT19-220-P,183.99,0.0,0.0,0.0,0.0,0.0,0.0,0.04531,-0.20422,-0.04983,0.00686,-0.91343
187.13,ETH-27MAR20,1570618741263,open,0.03,971.0,0.014,0.054,0.032644,112.83,0.034,0.0,ETH-27MAR20-80-P,183.99,110.98,0.031,320.0,0.035,320.0,115.42,0.16812,-0.05583,-0.08788,0.00091,-0.06826
184.3,SYN.ETH-25OCT19,1570618741260,open,0.34,6.0,0.33,0.374,0.352104,117.81,0.36,0.0,ETH-25OCT19-120-C,183.99,0.0,0.0,0.0,0.0,0.0,0.0,0.02673,-0.09916,0.04947,0.00154,0.96921
184.17,SYN.ETH-18OCT19,1570618741260,open,0.01,128.0,0.001,0.014,0.003792,88.71,0.006,0.0,ETH-18OCT19-150-P,183.99,84.21,0.003,300.0,0.005,200.0,94.76,0.03432,-0.17152,-0.00287,0.00469,-0.06024
184.04,SYN.ETH-11OCT19,1570618741260,open,0.16,1.0,0.108,0.178,0.141727,94.29,0.215,0.0,ETH-11OCT19-210-P,183.99,0.0,0.0,0.0,0.0,0.0,0.0,0.00836,-0.21024,-0.01054,0.0051,-0.97245
184.94,SYN.ETH-29NOV19,1570618741260,open,0.37,0.0,0.295,0.407,0.351888,95.19,None,0.0,ETH-29NOV19-240-P,183.99,0.0,0.0,0.0,0.0,0.0,0.0,0.23606,-0.22084,-0.27393,0.0052,-0.71076
187.13,ETH-27MAR20,1570618741263,open,2.08,0.0,1.92,2.146,2.028517,107.56,None,0.0,ETH-27MAR20-560-P,183.99,0.0,0.01,10.0,0.0,0.0,0.0,0.26991,-0.08545,-2.52449,0.00154,-0.87011
187.13,ETH-27MAR20,1570618741263,open,0.19,1282.0,0.129,0.244,0.191089,103.13,0.189,0.0,ETH-27MAR20-240-C,183.99,100.52,0.184,300.0,0.195,275.0,104.56,0.5093,-0.15459,0.26837,0.00303,0.49923
184.3,SYN.ETH-25OCT19,1570618741260,open,0.24,12.0,0.22,0.276,0.248886,101.91,0.192,0.0,ETH-25OCT19-140-C,183.99,0.0,0.0,0.0,0.0,0.0,0.0,0.05757,-0.18477,0.05373,0.00382,0.91921
185.43,ETH-27DEC19,1570618741263,open,1.1,0.0,0.998,1.148,1.070288,104.47,None,0.0,ETH-27DEC19-380-P,183.99,0.0,0.001,5.0,0.0,0.0,0.0,0.16049,-0.10628,-0.78611,0.00207,-0.89151
187.13,ETH-27MAR20,1570618741263,open,0.03,4595.0,0.01,0.064,0.033059,109.94,0.034,0.0,ETH-27MAR20-600-C,183.99,107.63,0.03,240.0,0.035,300.0,111.34,0.25432,-0.08229,0.07511,0.00142,0.1193
184.94,SYN.ETH-29NOV19,1570618741261,open,0.01,167.0,0.001,0.021,0.009801,112.86,0.009,0.0,ETH-29NOV19-100-P,183.99,110.65,0.009,300.0,0.011,55.0,116.01,0.06831,-0.07577,-0.01476,0.00127,-0.04747
184.94,SYN.ETH-29NOV19,1570618741260,open,0.02,6.0,0.007,0.04,0.021649,105.61,0.035,0.0,ETH-29NOV19-120-P,183.99,101.4,0.019,640.0,0.024,640.0,109.19,0.11923,-0.12376,-0.0308,0.00237,-0.09781
184.04,SYN.ETH-11OCT19,1570618741260,open,0.21,0.0,0.161,0.234,0.195919,117.17,None,0.0,ETH-11OCT19-220-P,183.99,0.0,0.0,0.0,0.0,0.0,0.0,0.00602,-0.18798,-0.01113,0.00295,-0.98135
184.04,SYN.ETH-11OCT19,1570618741262,open,0.07,609.0,0.049,0.108,0.079297,87.79,0.076,0.0,ETH-11OCT19-170-C,183.99,0.0,0.075,40.0,0.079,5.0,85.35,0.02282,-0.53413,0.00778,0.01494,0.90195
184.94,SYN.ETH-29NOV19,1570618741261,open,0.2,0.0,0.14,0.239,0.191011,95.19,None,0.0,ETH-29NOV19-200-P,183.99,87.79,0.18,108.0,0.2,108.0,101.23,0.2752,-0.25747,-0.18251,0.00606,-0.51699
184.04,SYN.ETH-11OCT19,1570618741261,open,0.0,54.0,0.001,0.011,0.000535,140.68,0.007,0.0,ETH-11OCT19-230-C,183.99,0.0,0.0,0.0,0.001,2.0,154.14,0.00511,-0.09838,0.00014,0.00209,0.01539
184.17,SYN.ETH-18OCT19,1570618741260,open,0.27,0.0,0.213,0.292,0.25101,80.66,None,0.0,ETH-18OCT19-230-P,183.99,0.0,0.0,0.0,0.0,0.0,0.0,0.02684,-0.12194,-0.05405,0.00403,-0.95579
184.17,SYN.ETH-18OCT19,1570618741260,open,0.05,269.0,0.03,0.091,0.061325,80.0,0.053,0.0,ETH-18OCT19-180-C,183.99,69.5,0.055,148.0,0.062,120.0,81.12,0.11116,-0.50096,0.024,0.01685,0.59718
184.94,SYN.ETH-29NOV19,1570618741261,open,0.15,27.0,0.109,0.191,0.152909,95.19,0.143,0.0,ETH-29NOV19-180-C,183.99,92.48,0.149,1.0,0.157,489.0,98.03,0.26672,-0.24953,0.1153,0.00588,0.6002
184.3,SYN.ETH-25OCT19,1570618741261,open,0.0,5398.0,0.001,0.011,0.001599,95.65,0.003,0.0,ETH-25OCT19-280-C,183.99,89.53,0.001,269.0,0.002,200.0,98.94,0.02088,-0.06291,0.00171,0.00148,0.02292
185.43,ETH-27DEC19,1570618741264,open,0.0,4118.0,0.001,0.011,0.001579,116.87,0.002,0.0,ETH-27DEC19-760-C,183.99,0.0,0.0,0.0,0.003,1849.0,125.82,0.02306,-0.01708,0.00339,0.00027,0.01004
184.17,SYN.ETH-18OCT19,1570618741261,open,0.13,40.0,0.108,0.168,0.139552,82.45,0.132,0.0,ETH-18OCT19-160-C,183.99,0.0,0.123,10.0,0.161,10.0,135.59,0.05856,-0.272,0.03301,0.00861,0.87669
184.04,SYN.ETH-11OCT19,1570618741260,open,0.12,17.0,0.104,0.16,0.132159,116.62,0.1,0.0,ETH-11OCT19-160-C,183.99,0.0,0.097,8.0,0.151,8.0,248.18,0.01206,-0.37506,0.0078,0.00594,0.95696
184.04,SYN.ETH-11OCT19,1570618741262,open,0.0,39.0,0.001,0.011,1.5e-05,150.0,0.001,0.0,ETH-11OCT19-130-P,183.99,0.0,0.0,0.0,0.001,200.0,234.68,0.00024,-0.00272,0.0,9e-05,-0.00051
184.17,SYN.ETH-18OCT19,1570618741261,open,0.08,103.0,0.034,0.102,0.067911,80.0,0.082,0.0,ETH-18OCT19-190-P,183.99,68.64,0.061,120.0,0.068,113.0,80.15,0.11258,-0.50738,-0.02876,0.01706,-0.57431
185.43,ETH-27DEC19,1570618741264,open,0.08,2341.0,0.039,0.107,0.072983,104.81,0.094,0.0,ETH-27DEC19-140-P,183.99,102.55,0.07,587.0,0.076,488.0,107.08,0.24562,-0.16319,-0.11179,0.00315,-0.20599
184.04,SYN.ETH-11OCT19,1570618741260,open,0.01,1215.0,0.001,0.032,0.01056,80.0,0.009,0.0,ETH-11OCT19-190-C,183.99,65.2,0.007,200.0,0.01,469.0,77.74,0.04582,-0.97709,0.00273,0.0329,0.29922
184.94,SYN.ETH-29NOV19,1570618741260,open,0.07,36.0,0.041,0.112,0.077438,95.19,0.072,0.0,ETH-29NOV19-220-C,183.99,89.92,0.07,453.0,0.079,233.0,96.29,0.26247,-0.24555,0.07747,0.00578,0.37799
184.94,SYN.ETH-29NOV19,1570618741260,open,0.13,20.0,0.082,0.169,0.126204,95.19,0.13,0.0,ETH-29NOV19-180-P,183.99,91.59,0.121,320.0,0.132,463.0,99.21,0.26672,-0.24953,-0.13559,0.00588,-0.3998
187.13,ETH-27MAR20,1570618741264,open,1.66,0.0,1.515,1.725,1.616944,107.0,None,0.0,ETH-27MAR20-480-P,183.99,0.0,0.003,10.0,0.0,0.0,0.0,0.33189,-0.10452,-2.1247,0.0019,-0.82264
184.17,SYN.ETH-18OCT19,1570618741260,open,0.17,0.0,0.112,0.189,0.150269,80.0,None,0.0,ETH-18OCT19-210-P,183.99,0.0,0.0,0.0,0.0,0.0,0.0,0.07022,-0.31645,-0.0443,0.01064,-0.83881
184.04,SYN.ETH-11OCT19,1570618741261,open,0.0,176.0,0.001,0.011,1e-06,150.0,0.001,0.0,ETH-11OCT19-120-P,183.99,0.0,0.0,0.0,0.001,100.0,281.71,2e-05,-0.00013,0.0,1e-05,-3e-05
184.17,SYN.ETH-18OCT19,1570618741260,open,0.01,119.0,0.001,0.026,0.010031,80.0,0.009,0.0,ETH-18OCT19-210-C,183.99,71.52,0.007,299.0,0.01,200.0,79.92,0.07022,-0.31645,0.00677,0.01064,0.16119
184.17,SYN.ETH-18OCT19,1570618741260,open,0.02,237.0,0.004,0.042,0.019815,80.0,0.021,0.0,ETH-18OCT19-200-C,183.99,70.47,0.015,264.0,0.019,3.0,78.43,0.09579,-0.43169,0.01142,0.01452,0.27475
184.17,SYN.ETH-18OCT19,1570618741261,open,0.0,20.0,0.001,0.011,0.0009,106.39,0.004,0.0,ETH-18OCT19-130-P,183.99,0.0,0.0,0.0,0.002,200.0,120.93,0.01058,-0.06342,-0.00069,0.00121,-0.01453
184.3,SYN.ETH-25OCT19,1570618741262,open,0.01,2397.0,0.001,0.022,0.008517,101.91,0.014,0.0,ETH-25OCT19-140-P,183.99,100.23,0.008,180.0,0.01,200.0,106.49,0.05757,-0.18477,-0.00716,0.00382,-0.08079
184.3,SYN.ETH-25OCT19,1570618741260,open,0.0,1295.0,0.001,0.012,0.002881,89.81,0.006,0.0,ETH-25OCT19-260-C,183.99,84.43,0.002,720.0,0.004,200.0,95.38,0.03354,-0.09487,0.00303,0.00253,0.04062
184.04,SYN.ETH-11OCT19,1570618741261,open,0.11,0.0,0.056,0.124,0.088986,83.03,0.093,0.0,ETH-11OCT19-200-P,183.99,0.0,0.085,40.0,0.093,40.0,110.81,0.02068,-0.45767,-0.00949,0.01431,-0.91419
184.3,SYN.ETH-25OCT19,1570618741262,open,0.07,1521.0,0.028,0.092,0.059415,85.81,0.069,0.0,ETH-25OCT19-180-P,183.99,84.07,0.058,180.0,0.062,151.0,89.0,0.14963,-0.40439,-0.03782,0.0118,-0.41239
184.3,SYN.ETH-25OCT19,1570618741260,open,0.14,955.0,0.084,0.164,0.124531,85.81,0.178,0.0,ETH-25OCT19-200-P,183.99,78.63,0.119,120.0,0.129,120.0,91.52,0.14334,-0.38738,-0.06155,0.01131,-0.64331
184.94,SYN.ETH-29NOV19,1570618741262,open,0.1,42.0,0.068,0.147,0.109572,95.19,0.096,0.0,ETH-29NOV19-200-C,183.99,90.1,0.102,422.0,0.112,422.0,96.82,0.2752,-0.25747,0.09626,0.00606,0.48301
184.3,SYN.ETH-25OCT19,1570618741262,open,0.33,302.0,0.267,0.354,0.308841,86.77,0.432,0.0,ETH-25OCT19-240-P,183.99,0.0,0.0,0.0,0.0,0.0,0.0,0.06008,-0.16419,-0.09806,0.00469,-0.91448
184.04,SYN.ETH-11OCT19,1570618741260,open,0.28,0.0,0.272,0.314,0.293663,150.0,None,0.0,ETH-11OCT19-130-C,183.99,0.0,0.0,0.0,0.0,0.0,0.0,0.00024,-0.00949,0.00668,9e-05,0.99949
184.17,SYN.ETH-18OCT19,1570618741260,open,0.12,50.0,0.068,0.143,0.105757,80.0,0.118,0.0,ETH-18OCT19-200-P,183.99,66.43,0.099,40.0,0.109,40.0,86.14,0.09579,-0.43169,-0.03722,0.01452,-0.72525
184.04,SYN.ETH-11OCT19,1570618741261,open,0.0,175.0,0.001,0.011,0.000164,150.0,0.001,0.0,ETH-11OCT19-140-P,183.99,0.0,0.0,0.0,0.001,100.0,190.46,0.0018,-0.03014,-5e-05,0.00069,-0.00469
184.04,SYN.ETH-11OCT19,1570618741261,open,0.0,23.0,0.001,0.011,0.000555,117.17,0.002,0.0,ETH-11OCT19-220-C,183.99,0.0,0.0,0.0,0.001,200.0,128.31,0.00602,-0.10206,0.00017,0.00295,0.01865
184.3,SYN.ETH-25OCT19,1570618741260,open,0.08,1106.0,0.048,0.114,0.082746,85.81,0.082,0.0,ETH-25OCT19-180-C,183.99,83.66,0.081,180.0,0.086,273.0,89.82,0.14963,-0.40439,0.04047,0.0118,0.58761
184.04,SYN.ETH-11OCT19,1570618741260,open,0.27,0.0,0.214,0.291,0.250234,140.68,None,0.0,ETH-11OCT19-230-P,183.99,0.0,0.0,0.0,0.0,0.0,0.0,0.00511,-0.19158,-0.01168,0.00209,-0.98461
184.3,SYN.ETH-25OCT19,1570618741260,open,0.45,18.0,0.441,0.475,0.458817,140.13,0.411,0.0,ETH-25OCT19-100-C,183.99,0.0,0.0,0.0,0.0,0.0,0.0,0.01253,-0.05529,0.04237,0.00061,0.9874
184.04,SYN.ETH-11OCT19,1570618741261,open,0.0,312.0,0.001,0.011,0.001515,116.62,0.001,0.0,ETH-11OCT19-160-P,183.99,107.84,0.001,6.0,0.002,200.0,123.46,0.01206,-0.27883,-0.00042,0.00594,-0.04304
184.04,SYN.ETH-11OCT19,1570618741262,open,0.01,132.0,0.001,0.016,0.002988,87.79,0.002,0.0,ETH-11OCT19-170-P,183.99,79.12,0.002,200.0,0.003,1.0,87.89,0.02282,-0.53413,-0.00096,0.01494,-0.09805
184.94,SYN.ETH-29NOV19,1570618741260,open,0.28,1.0,0.248,0.318,0.285352,99.85,0.289,0.0,ETH-29NOV19-140-C,183.99,0.0,0.0,0.0,0.0,0.0,0.0,0.17822,-0.1749,0.13901,0.00374,0.82462
184.3,SYN.ETH-25OCT19,1570618741261,open,0.01,1846.0,0.004,0.036,0.016581,85.81,0.013,0.0,ETH-25OCT19-220-C,183.99,82.91,0.015,180.0,0.017,54.0,86.56,0.10228,-0.27644,0.01343,0.00807,0.18409
184.17,SYN.ETH-18OCT19,1570618741260,open,0.18,1.0,0.162,0.216,0.189336,88.71,0.142,0.0,ETH-18OCT19-150-C,183.99,0.0,0.0,0.0,0.0,0.0,0.0,0.03432,-0.17152,0.03361,0.00469,0.93976
184.3,SYN.ETH-25OCT19,1570618741260,open,0.54,3.0,0.476,0.57,0.520863,95.65,0.645,0.0,ETH-25OCT19-280-P,183.99,0.0,0.0,0.0,0.0,0.0,0.0,0.02088,-0.06291,-0.12008,0.00148,-0.97708
184.04,SYN.ETH-11OCT19,1570618741261,open,0.0,273.0,0.001,0.011,0.000697,94.29,0.003,0.0,ETH-11OCT19-210-C,183.99,0.0,0.0,0.0,0.001,200.0,100.24,0.00836,-0.1282,0.00025,0.0051,0.02755
184.94,SYN.ETH-29NOV19,1570618741260,open,0.08,20.0,0.042,0.111,0.076406,96.51,0.102,0.0,ETH-29NOV19-160-P,183.99,93.0,0.072,525.0,0.08,525.0,99.37,0.23252,-0.22055,-0.09193,0.00505,-0.28023
184.3,SYN.ETH-25OCT19,1570618741261,open,0.44,3.0,0.371,0.46,0.413626,89.81,0.534,0.0,ETH-25OCT19-260-P,183.99,0.0,0.0,0.0,0.0,0.0,0.0,0.03354,-0.09487,-0.11006,0.00253,-0.95938
184.94,SYN.ETH-29NOV19,1570618741261,open,0.46,0.0,0.447,0.491,0.469081,112.86,None,0.0,ETH-29NOV19-100-C,183.99,0.0,0.0,0.0,0.0,0.0,0.0,0.06831,-0.07577,0.12462,0.00127,0.95253
184.17,SYN.ETH-18OCT19,1570618741260,open,0.03,163.0,0.011,0.063,0.036267,80.0,0.031,0.0,ETH-18OCT19-190-C,183.99,69.7,0.03,210.0,0.036,120.0,79.56,0.11258,-0.50738,0.01744,0.01706,0.42569
184.94,SYN.ETH-29NOV19,1570618741261,open,0.36,0.0,0.343,0.401,0.372786,105.61,None,0.0,ETH-29NOV19-120-C,183.99,0.0,0.0,0.0,0.0,0.0,0.0,0.11923,-0.12376,0.13647,0.00237,0.90219
184.94,SYN.ETH-29NOV19,1570618741261,open,0.46,0.0,0.386,0.501,0.443468,95.19,None,0.0,ETH-29NOV19-260-P,183.99,0.0,0.0,0.0,0.0,0.0,0.0,0.20307,-0.18999,-0.31604,0.00447,-0.78255
184.04,SYN.ETH-11OCT19,1570618741260,open,0.0,518.0,0.001,0.011,0.000462,131.89,0.002,0.0,ETH-11OCT19-150-P,183.99,0.0,0.0,0.0,0.001,200.0,148.41,0.00457,-0.08505,-0.00013,0.00199,-0.01353
184.94,SYN.ETH-29NOV19,1570618741261,open,0.05,19.0,0.019,0.069,0.042359,99.85,0.065,0.0,ETH-29NOV19-140-P,183.99,96.33,0.039,602.0,0.046,602.0,103.6,0.17822,-0.1749,-0.05613,0.00374,-0.17538
184.17,SYN.ETH-18OCT19,1570618741260,open,0.0,10.0,0.001,0.012,0.002178,80.66,0.002,0.0,ETH-18OCT19-230-C,183.99,70.68,0.001,2.0,0.003,200.0,85.79,0.02684,-0.12194,0.00188,0.00403,0.04421
184.04,SYN.ETH-11OCT19,1570618741262,open,0.06,36.0,0.012,0.075,0.04292,80.0,0.05,0.0,ETH-11OCT19-190-P,183.99,59.15,0.038,40.0,0.045,40.0,88.24,0.04582,-0.97709,-0.00703,0.0329,-0.70078
184.94,SYN.ETH-29NOV19,1570618741261,open,0.03,77.0,0.014,0.065,0.037597,95.19,0.033,0.0,ETH-29NOV19-260-C,183.99,90.92,0.033,480.0,0.04,335.0,97.36,0.20307,-0.18999,0.04636,0.00447,0.21745
184.17,SYN.ETH-18OCT19,1570618741260,open,0.23,0.0,0.217,0.266,0.241704,97.42,None,0.0,ETH-18OCT19-140-C,183.99,0.0,0.0,0.0,0.0,0.0,0.0,0.01953,-0.10718,0.03262,0.00243,0.97002
184.3,SYN.ETH-25OCT19,1570618741262,open,0.03,1823.0,0.014,0.066,0.039343,85.81,0.031,0.0,ETH-25OCT19-200-C,183.99,81.49,0.036,420.0,0.041,393.0,87.94,0.14334,-0.38738,0.02544,0.01131,0.35669
184.04,SYN.ETH-11OCT19,1570618741260,open,0.23,0.0,0.216,0.262,0.239477,150.0,None,0.0,ETH-11OCT19-140-C,183.99,0.0,0.0,0.0,0.0,0.0,0.0,0.0018,-0.07211,0.00715,0.00069,0.99531
184.94,SYN.ETH-29NOV19,1570618741260,open,0.28,0.0,0.212,0.32,0.26702,95.19,None,0.0,ETH-29NOV19-220-P,183.99,0.0,0.0,0.0,0.0,0.0,0.0,0.26247,-0.24555,-0.22917,0.00578,-0.62201
184.94,SYN.ETH-29NOV19,1570618741262,open,0.2,6.0,0.168,0.248,0.211255,96.51,0.185,0.0,ETH-29NOV19-160-C,183.99,91.52,0.205,466.0,0.216,466.0,100.28,0.23252,-0.22055,0.13108,0.00505,0.71977
184.17,SYN.ETH-18OCT19,1570618741260,open,0.09,31.0,0.062,0.126,0.09581,80.01,0.06,0.0,ETH-18OCT19-170-C,183.99,69.8,0.091,121.0,0.098,40.0,84.47,0.08942,-0.40302,0.02972,0.01355,0.75933
184.17,SYN.ETH-18OCT19,1570618741264,open,0.28,0.0,0.273,0.317,0.295038,106.39,None,0.0,ETH-18OCT19-130-C,183.99,0.0,0.0,0.0,0.0,0.0,0.0,0.01058,-0.06342,0.03092,0.00121,0.98547
184.94,SYN.ETH-29NOV19,1570618741264,open,0.05,37.0,0.024,0.085,0.054161,95.19,0.052,0.0,ETH-29NOV19-240-C,183.99,91.1,0.049,479.0,0.057,479.0,97.4,0.23606,-0.22084,0.0606,0.0052,0.28924
184.17,SYN.ETH-18OCT19,1570618741264,open,0.02,131.0,0.004,0.041,0.01886,80.01,0.023,0.0,ETH-18OCT19-170-P,183.99,71.87,0.015,395.0,0.02,161.0,82.34,0.08942,-0.40302,-0.01162,0.01355,-0.24067
184.04,SYN.ETH-11OCT19,1570618741264,open,0.0,774.0,0.001,0.014,0.002291,83.03,0.002,0.0,ETH-11OCT19-200-C,183.99,69.17,0.001,2.0,0.003,200.0,88.95,0.02068,-0.42161,0.00079,0.01431,0.08581
184.17,SYN.ETH-18OCT19,1570618741260,open,0.0,75.0,0.001,0.016,0.004729,80.02,0.007,0.0,ETH-18OCT19-220-C,183.99,72.19,0.003,300.0,0.005,200.0,81.1,0.04531,-0.20422,0.00367,0.00686,0.08657
184.3,SYN.ETH-25OCT19,1570618741262,open,0.0,3344.0,0.001,0.013,0.003217,117.81,0.005,0.0,ETH-25OCT19-120-P,183.99,108.24,0.002,1020.0,0.005,380.0,128.61,0.02673,-0.09916,-0.00273,0.00154,-0.03079
8358.72,BTC-27MAR20,1570618741278,open,0.36,183.5,0.2955,0.4175,0.35796125,84.17,0.359,0.0,BTC-27MAR20-10000-P,8207.5,81.98,0.352,3.6,0.3615,3.6,85.47,22.74218,-5.63401,-33.76673,8e-05,-0.51002
184.04,SYN.ETH-11OCT19,1570618741433,open,0.0,273.0,0.001,0.011,0.000697,94.29,0.003,0.0,ETH-11OCT19-210-C,183.99,0.0,0.0,0.0,0.002,500.0,114.48,0.00836,-0.1282,0.00025,0.0051,0.02755
184.3,SYN.ETH-25OCT19,1570618741446,open,0.0,3344.0,0.001,0.013,0.003217,117.81,0.005,0.0,ETH-25OCT19-120-P,183.99,108.24,0.002,1020.0,0.004,200.0,122.88,0.02673,-0.09916,-0.00273,0.00154,-0.03079
184.04,SYN.ETH-11OCT19,1570618741556,open,0.17,14.0,0.16,0.21,0.185441,131.89,0.2,0.0,ETH-11OCT19-150-C,183.99,0.0,0.173,9.0,0.19,5.0,205.8,0.00457,-0.16069,0.00758,0.00199,0.98647
184.04,SYN.ETH-11OCT19,1570618741666,open,0.02,509.0,0.001,0.037,0.013314,80.0,0.021,0.0,ETH-11OCT19-180-P,183.99,67.18,0.01,10.0,0.012,1.0,74.97,0.04827,-1.02936,-0.00333,0.03466,-0.33866
184.04,SYN.ETH-11OCT19,1570618741890,open,0.17,14.0,0.16,0.21,0.185441,131.89,0.2,0.0,ETH-11OCT19-150-C,183.99,0.0,0.172,9.0,0.19,5.0,205.8,0.00457,-0.16069,0.00758,0.00199,0.98647
8263.69,BTC-27DEC19,1570618742129,open,0.04,759.4,0.0165,0.07,0.04067581,82.93,0.039,0.0,BTC-27DEC19-12000-C,8207.44,81.7,0.039,19.3,0.042,15.7,83.89,11.35102,-5.9674,3.18827,9e-05,0.21921
8263.69,BTC-27DEC19,1570618742128,open,0.21,738.8,0.1575,0.249,0.20396617,80.72,0.2065,0.0,BTC-27DEC19-9000-P,8207.44,79.39,0.2015,14.4,0.2045,6.0,81.01,15.31316,-7.83592,-12.85486,0.00013,-0.51589
8208.84,SYN.BTC-11OCT19,1570618742129,open,0.09,11.5,0.068,0.1115,0.08910831,94.61,0.0925,0.0,BTC-11OCT19-7500-C,8207.44,69.33,0.087,6.0,0.0905,6.0,105.85,0.92421,-23.3089,0.34795,0.00028,0.91394
8263.63,BTC-27DEC19,1570618742134,open,1.68,4.9,1.611,1.729,1.66673898,99.22,1.0385,0.0,BTC-27DEC19-22000-P,8207.44,0.0,0.008,5.0,2.2825,0.3,500.0,2.55707,-1.60823,-47.0996,2e-05,-0.97078
8208.84,SYN.BTC-11OCT19,1570618742127,open,0.12,5.1,0.099,0.14,0.11856186,109.11,0.11,0.0,BTC-11OCT19-7250-C,8207.44,0.0,0.1165,6.0,0.12,6.0,125.13,0.62482,-18.1735,0.34995,0.00017,0.94814
8208.84,SYN.BTC-11OCT19,1570618742128,open,0.05,86.1,0.018,0.0665,0.04216075,67.04,0.05,0.0,BTC-11OCT19-8500-P,8207.44,59.35,0.0405,6.0,0.044,7.0,75.03,1.83583,-32.80564,-0.33773,0.00079,-0.75844
8208.84,SYN.BTC-11OCT19,1570618742128,open,0.03,219.0,0.012,0.0575,0.03522798,70.79,0.033,0.0,BTC-11OCT19-8000-C,8207.44,63.73,0.0335,18.0,0.0365,0.2,75.87,2.03656,-38.43157,0.28171,0.00083,0.70304
184.02,SYN.ETH-11OCT19,1570618742279,open,0.03,434.0,0.007,0.063,0.035288,80.26,0.026,0.0,ETH-11OCT19-180-C,184.0,59.6,0.03,120.0,0.037,258.0,86.74,0.04832,-1.03388,0.00591,0.0346,0.66022
184.02,SYN.ETH-11OCT19,1570618742276,open,0.06,36.0,0.012,0.075,0.04292,79.67,0.05,0.0,ETH-11OCT19-190-P,184.0,54.04,0.037,40.0,0.045,40.0,87.93,0.04571,-0.97081,-0.00705,0.03297,-0.70227
184.15,SYN.ETH-18OCT19,1570618742284,open,0.05,15.0,0.013,0.068,0.038672,79.92,0.046,0.0,ETH-18OCT19-180-P,184.0,68.84,0.032,120.0,0.039,158.0,80.46,0.11117,-0.5005,-0.01978,0.01687,-0.40311
187.14,ETH-27MAR20,1570618742298,open,0.2,1370.0,0.131,0.241,0.1885,103.1,0.2,0.0,ETH-27MAR20-160-P,184.0,99.85,0.181,254.0,0.194,554.0,105.48,0.43186,-0.13105,-0.41052,0.00257,-0.28283
187.14,ETH-27MAR20,1570618742304,open,0.66,149.0,0.556,0.725,0.643209,103.2,0.723,0.0,ETH-27MAR20-280-P,184.0,97.05,0.627,24.0,0.656,24.0,107.99,0.49711,-0.15099,-1.07164,0.00296,-0.58719
184.15,SYN.ETH-18OCT19,1570618742310,open,0.09,31.0,0.062,0.126,0.09581,80.16,0.06,0.0,ETH-18OCT19-170-C,184.0,69.97,0.091,121.0,0.099,40.0,86.62,0.08953,-0.40428,0.02969,0.01354,0.75873
184.28,SYN.ETH-25OCT19,1570618742325,open,0.08,1106.0,0.048,0.114,0.082746,85.88,0.082,0.0,ETH-25OCT19-180-C,184.0,83.73,0.081,180.0,0.086,153.0,89.89,0.14963,-0.40472,0.04045,0.0118,0.58736
184.28,SYN.ETH-25OCT19,1570618742341,open,0.03,1653.0,0.007,0.046,0.023555,91.33,0.024,0.0,ETH-25OCT19-160-P,184.0,92.09,0.024,180.0,0.025,417.0,93.78,0.10802,-0.31072,-0.01802,0.00801,-0.20131
185.43,ETH-27DEC19,1570618742347,open,0.06,1681.0,0.027,0.096,0.061045,102.12,0.061,0.0,ETH-27DEC19-280-C,184.0,100.11,0.058,448.0,0.06,10.0,101.43,0.28186,-0.18247,0.08137,0.00371,0.26411
184.28,SYN.ETH-25OCT19,1570618742439,open,0.0,4093.0,0.001,0.011,0.001411,140.11,0.004,0.0,ETH-25OCT19-100-P,184.0,133.37,0.001,280.0,0.002,380.0,147.82,0.01253,-0.05528,-0.00112,0.00061,-0.01261
8263.65,BTC-27DEC19,1570618743179,open,0.06,405.4,0.03,0.0875,0.05744172,84.75,0.059,0.0,BTC-27DEC19-6500-P,8207.44,84.05,0.0565,19.3,0.0585,15.0,85.54,11.07202,-5.94839,-4.77636,9e-05,-0.21003
8358.64,BTC-27MAR20,1570618743208,open,2.14,0.0,2.0555,2.214,2.12978711,96.5,None,0.0,BTC-27MAR20-26000-P,8207.44,0.0,0.002,0.1,0.0,0.0,0.0,8.60265,-2.44339,-118.58239,3e-05,-0.91843
8263.65,BTC-27DEC19,1570618743339,open,0.04,1044.0,0.019,0.0675,0.04150231,86.96,0.041,0.0,BTC-27DEC19-6000-P,8207.44,86.07,0.0405,19.3,0.0425,0.1,87.84,9.35113,-5.15479,-3.60039,7e-05,-0.16011
8208.78,SYN.BTC-11OCT19,1570618743420,open,0.02,104.6,0.003,0.043,0.02122811,64.91,0.018,0.0,BTC-11OCT19-8250-P,8207.44,60.6,0.02,18.0,0.022,1.0,67.62,2.33925,-40.47842,-0.23406,0.00104,-0.53362
8218.75,SYN.BTC-25OCT19,1570618743470,open,0.05,1363.4,0.0215,0.0715,0.04568759,70.75,0.046,0.0,BTC-25OCT19-8000-P,8207.44,69.28,0.0445,10.0,0.048,24.0,73.62,6.61665,-14.74388,-1.58873,0.00032,-0.39874
8263.65,BTC-27DEC19,1570618743593,open,0.11,271.5,0.075,0.1525,0.11486702,80.73,0.1115,0.0,BTC-27DEC19-9000-C,8207.44,79.45,0.1125,14.4,0.1155,23.4,81.07,15.31308,-7.83611,6.59386,0.00013,0.48411
8213.76,SYN.BTC-18OCT19,1570618743655,open,0.06,13.7,0.0345,0.088,0.0611329,65.44,0.06,0.0,BTC-18OCT19-8500-P,8207.44,61.01,0.0585,18.0,0.063,18.0,68.55,4.90692,-18.08827,-1.34458,0.00046,-0.61205
184.28,SYN.ETH-25OCT19,1570618743734,open,0.0,4093.0,0.001,0.011,0.001413,140.11,0.004,0.0,ETH-25OCT19-100-P,184.0,133.37,0.001,620.0,0.002,380.0,147.82,0.01253,-0.05528,-0.00112,0.00061,-0.01261
8358.67,BTC-27MAR20,1570618743745,open,2.86,0.0,2.7565,2.937,2.84135437,101.6,None,0.0,BTC-27MAR20-32000-P,8207.44,0.0,0.01,2.0,0.0,0.0,0.0,6.42404,-1.92101,-147.2635,2e-05,-0.94411
184.03,SYN.ETH-11OCT19,1570618744078,open,0.02,509.0,0.001,0.037,0.013333,80.07,0.021,0.0,ETH-11OCT19-180-P,184.0,67.11,0.01,10.0,0.014,1.0,82.54,0.04829,-1.03078,-0.00333,0.03465,-0.33913
184.03,SYN.ETH-11OCT19,1570618744080,open,0.02,509.0,0.001,0.037,0.013333,80.07,0.021,0.0,ETH-11OCT19-180-P,184.0,67.11,0.01,10.0,0.014,180.0,82.54,0.04829,-1.03078,-0.00333,0.03465,-0.33913
184.28,SYN.ETH-25OCT19,1570618744883,open,0.0,4093.0,0.001,0.011,0.001413,140.11,0.004,0.0,ETH-25OCT19-100-P,184.0,133.37,0.001,280.0,0.002,380.0,147.82,0.01253,-0.05528,-0.00112,0.00061,-0.01261
8263.65,BTC-27DEC19,1570618744930,open,0.08,557.3,0.045,0.1155,0.0798851,80.73,0.078,0.0,BTC-27DEC19-10000-C,8207.44,79.94,0.0785,19.3,0.081,8.9,81.36,14.55755,-7.44947,5.25677,0.00012,0.37426
8358.67,BTC-27MAR20,1570618744947,open,0.36,183.5,0.2955,0.4175,0.35796761,84.17,0.359,0.0,BTC-27MAR20-10000-P,8207.44,81.97,0.352,3.6,0.3615,12.6,85.47,22.74203,-5.63397,-33.76689,8e-05,-0.51003
8218.75,SYN.BTC-25OCT19,1570618745122,open,0.08,34.4,0.049,0.108,0.07847829,70.75,0.0825,0.0,BTC-25OCT19-8500-P,8207.44,67.13,0.0755,18.0,0.0795,1.0,72.0,6.75722,-15.05681,-2.28703,0.00033,-0.5613
8263.65,BTC-27DEC19,1570618745151,open,0.04,1044.0,0.019,0.0675,0.04150311,86.96,0.041,0.0,BTC-27DEC19-6000-P,8207.44,86.07,0.0405,19.3,0.0425,10.1,87.84,9.35113,-5.15479,-3.60039,7e-05,-0.16011
184.02,SYN.ETH-11OCT19,1570618745279,open,0.01,1215.0,0.001,0.032,0.010528,80.13,0.009,0.0,ETH-11OCT19-190-C,184.0,65.31,0.007,200.0,0.01,309.0,77.87,0.04579,-0.97802,0.00273,0.03284,0.29888
184.16,SYN.ETH-18OCT19,1570618745868,open,0.01,993.0,0.001,0.023,0.00832,82.47,0.01,0.0,ETH-18OCT19-160-P,184.0,78.19,0.007,288.0,0.01,200.0,87.57,0.05861,-0.27229,-0.0059,0.00862,-0.12346
185.45,ETH-27DEC19,1570618745874,open,1.86,37.0,1.724,1.905,1.810519,109.35,0.707,0.0,ETH-27DEC19-520-P,184.0,0.0,0.002,25.0,0.0,0.0,0.0,0.07128,-0.04941,-1.11109,0.00088,-0.96198
185.45,ETH-27DEC19,1570618745893,open,2.73,0.0,2.561,2.787,2.669041,113.96,None,0.0,ETH-27DEC19-680-P,184.0,0.0,0.002,10.0,0.0,0.0,0.0,0.03141,-0.02269,-1.46463,0.00037,-0.98566
185.45,ETH-27DEC19,1570618745898,open,2.51,0.0,2.351,2.565,2.453847,112.29,None,0.0,ETH-27DEC19-640-P,184.0,0.0,0.0,0.0,0.0,0.0,0.0,0.03697,-0.02632,-1.37719,0.00044,-0.98266
185.45,ETH-27DEC19,1570618745898,open,2.08,0.0,1.933,2.125,2.024546,110.47,0.845,0.0,ETH-27DEC19-560-P,184.0,0.0,0.0,0.0,0.0,0.0,0.0,0.05708,-0.03998,-1.20046,0.0007,-0.97097
187.14,ETH-27MAR20,1570618745942,open,0.05,1150.0,0.02,0.09,0.052149,107.15,0.06,0.0,ETH-27MAR20-480-C,184.0,104.77,0.048,240.0,0.055,571.0,108.73,0.33262,-0.1049,0.10959,0.0019,0.17797
184.29,SYN.ETH-25OCT19,1570618746084,open,0.0,4093.0,0.001,0.011,0.001412,140.14,0.004,0.0,ETH-25OCT19-100-P,184.0,133.38,0.001,620.0,0.002,380.0,147.83,0.01254,-0.05534,-0.00112,0.00061,-0.01262
8263.71,BTC-27DEC19,1570618746136,open,0.27,61.0,0.2355,0.304,0.27086842,84.75,0.2865,0.0,BTC-27DEC19-6500-C,8207.37,63.1,0.2435,12.0,0.298,12.0,104.4,11.07195,-5.94836,9.27008,9e-05,0.78998
8358.71,BTC-27MAR20,1570618746136,open,0.06,897.9,0.0245,0.096,0.05728012,87.94,0.057,0.0,BTC-27MAR20-16000-C,8207.37,87.05,0.0555,10.0,0.059,4.9,88.79,16.75228,-4.33604,6.21419,6e-05,0.21702
8263.71,BTC-27DEC19,1570618746136,open,0.03,360.5,0.012,0.052,0.02999037,90.51,0.0295,0.0,BTC-27DEC19-5500-P,8207.37,89.44,0.029,24.0,0.031,37.9,91.6,7.6577,-4.39382,-2.66788,6e-05,-0.11941
8358.71,BTC-27MAR20,1570618746136,open,1.21,0.0,1.1305,1.2695,1.19700182,89.63,1.23,0.0,BTC-27MAR20-18000-P,8207.37,42.7,1.154,1.0,1.2455,1.0,113.56,14.5051,-3.82664,-78.80172,5e-05,-0.82862
8263.71,BTC-27DEC19,1570618746136,open,0.0,442.3,0.0005,0.0105,0.00049994,120.44,0.0005,0.0,BTC-27DEC19-44000-C,8207.37,0.0,0.0,0.0,0.001,23.9,128.36,0.39293,-0.3,0.05171,0.0,0.0034
8263.71,BTC-27DEC19,1570618746136,open,0.0,649.0,0.0005,0.013,0.00349964,102.57,0.0035,0.0,BTC-27DEC19-24000-C,8207.37,100.48,0.003,6.0,0.004,34.0,104.46,2.08347,-1.35463,0.34596,1e-05,0.02287
8358.71,BTC-27MAR20,1570618746136,open,3.82,1.0,3.6935,3.9075,3.79468746,108.07,2.7125,0.0,BTC-27MAR20-40000-P,8207.37,0.0,0.0055,0.1,0.0,0.0,0.0,4.87865,-1.55186,-184.98303,1e-05,-0.96035
8358.71,BTC-27MAR20,1570618746136,open,0.09,244.6,0.052,0.1245,0.08749567,86.42,0.0865,0.0,BTC-27MAR20-6000-P,8207.37,85.36,0.0855,13.9,0.0895,10.0,87.48,15.75539,-4.00737,-11.01628,6e-05,-0.19568
8358.71,BTC-27MAR20,1570618746136,open,0.11,508.7,0.0645,0.157,0.11048085,85.1,0.109,0.0,BTC-27MAR20-12000-C,8207.37,84.14,0.108,10.1,0.113,4.9,86.08,21.52562,-5.39184,10.08585,8e-05,0.36974
8358.71,BTC-27MAR20,1570618746136,open,0.98,1.1,0.9055,1.0415,0.97146025,87.94,1.08,0.0,BTC-27MAR20-16000-P,8207.37,60.88,0.9285,1.0,1.0205,1.0,109.94,16.75323,-4.33651,-68.2514,6e-05,-0.78296
8263.64,BTC-27DEC19,1570618746136,open,0.13,639.0,0.09,0.171,0.13104644,80.72,0.1315,0.0,BTC-27DEC19-8000-P,8207.37,79.86,0.1295,19.3,0.1325,6.0,81.54,14.76047,-7.55321,-9.34086,0.00012,-0.39203
8263.64,BTC-27DEC19,1570618746136,open,0.0,518.0,0.0005,0.014,0.0042503,118.93,0.0055,0.0,BTC-27DEC19-3000-P,8207.37,117.66,0.004,24.0,0.0045,25.0,120.15,1.65717,-1.24932,-0.38775,1e-05,-0.01746
8263.64,BTC-27DEC19,1570618746136,open,5.32,0.8,5.1695,5.4225,5.29291454,124.74,3.59,0.0,BTC-27DEC19-52000-P,8207.37,0.0,0.0015,0.1,0.0,0.0,0.0,0.24083,-0.19043,-112.34072,0.0,-0.99802
8263.64,BTC-27DEC19,1570618746136,open,1.2,9.4,1.1375,1.242,1.18671341,92.17,1.1125,0.0,BTC-27DEC19-18000-P,8207.37,0.0,0.0065,0.1,1.828,0.2,500.0,4.24183,-2.4783,-38.07631,3e-05,-0.94551
8263.64,BTC-27DEC19,1570618746136,open,0.0,482.1,0.0005,0.012,0.00249974,104.07,0.0025,0.0,BTC-27DEC19-26000-C,8207.37,101.28,0.002,24.0,0.003,6.0,106.51,1.59485,-1.05218,0.25353,1e-05,0.0167
8263.64,BTC-27DEC19,1570618746136,open,0.7,0.0,0.69,0.7095,0.69971691,125.0,None,0.0,BTC-27DEC19-2500-C,8207.37,0.0,0.021,4.1,0.9155,0.5,500.0,0.9733,-0.77125,5.19379,1e-05,0.99056
8358.71,BTC-27MAR20,1570618746136,open,0.37,10.6,0.3285,0.4075,0.36967812,86.41,0.394,0.0,BTC-27MAR20-6000-C,8207.37,84.46,0.366,9.0,0.3915,15.0,97.85,15.75531,-4.00727,16.90868,6e-05,0.80432
8358.71,BTC-27MAR20,1570618746136,open,0.55,44.5,0.4805,0.611,0.54611595,85.11,0.585,0.0,BTC-27MAR20-12000-P,8207.37,67.22,0.502,2.0,0.5945,2.0,103.43,21.52582,-5.39206,-45.76354,8e-05,-0.63025
8358.71,BTC-27MAR20,1570618746136,open,1.44,0.8,1.359,1.501,1.42649489,91.1,1.389,0.0,BTC-27MAR20-20000-P,8207.37,0.0,1.3835,1.0,1.4755,1.0,117.57,12.51751,-3.35628,-89.06009,4e-05,-0.86282
8358.71,BTC-27MAR20,1570618746136,open,0.16,186.6,0.11,0.21,0.16160528,84.17,0.1575,0.0,BTC-27MAR20-10000-C,8207.37,82.66,0.1575,10.0,0.1635,9.0,84.86,22.74215,-5.634,12.77453,8e-05,0.48998
8358.71,BTC-27MAR20,1570618746136,open,0.2,219.2,0.147,0.251,0.20029104,84.17,0.2,0.0,BTC-27MAR20-8000-P,8207.37,83.27,0.198,2.0,0.2035,9.4,85.43,21.29498,-5.27559,-21.72351,8e-05,-0.35812
8263.64,BTC-27DEC19,1570618746137,open,0.01,459.4,0.0005,0.0215,0.00975072,104.29,0.011,0.0,BTC-27DEC19-4000-P,8207.37,103.67,0.0095,24.0,0.01,25.0,104.89,3.3781,-2.23319,-0.90648,2e-05,-0.04101
8263.64,BTC-27DEC19,1570618746136,open,0.02,889.7,0.0075,0.0395,0.02099452,94.29,0.0225,0.0,BTC-27DEC19-5000-P,8207.37,92.91,0.02,24.0,0.022,16.0,95.65,6.03315,-3.60595,-1.91165,4e-05,-0.08606
8263.64,BTC-27DEC19,1570618746136,open,0.0,342.0,0.0005,0.0105,0.0004677,125.0,0.0005,0.0,BTC-27DEC19-48000-C,8207.37,0.0,0.0,0.0,0.001,16.0,133.87,0.36185,-0.28672,0.04698,0.0,0.0031
8263.64,BTC-27DEC19,1570618746136,open,0.1,243.7,0.0645,0.139,0.10174621,81.52,0.1045,0.0,BTC-27DEC19-7500-P,8207.37,80.78,0.1005,19.3,0.103,6.0,82.27,13.87842,-7.17218,-7.67486,0.00012,-0.32804
8263.64,BTC-27DEC19,1570618746136,open,0.0,555.7,0.0005,0.0105,0.00074992,118.92,0.001,0.0,BTC-27DEC19-40000-C,8207.37,0.0,0.0,0.0,0.0015,45.0,127.38,0.55493,-0.41834,0.0758,0.0,0.00499
8263.64,BTC-27DEC19,1570618746136,open,0.0,245.0,0.0005,0.0105,0.00011393,125.0,0.0005,0.0,BTC-27DEC19-1500-P,8207.37,145.08,0.0005,8.0,0.001,17.0,157.74,0.08393,-0.06651,-0.0132,0.0,-0.00063
8263.64,BTC-27DEC19,1570618746136,open,0.76,0.0,0.749,0.7685,0.75863839,125.01,None,0.0,BTC-27DEC19-2000-C,8207.37,0.0,0.019,3.2,0.9265,0.5,500.0,0.36704,-0.29085,4.25391,0.0,0.99685
8263.64,BTC-27DEC19,1570618746136,open,0.39,260.6,0.339,0.437,0.38763838,81.66,0.4475,0.0,BTC-27DEC19-11000-P,8207.37,54.53,0.35,6.0,0.4265,6.0,104.85,13.07381,-6.76743,-19.66411,0.00011,-0.71353
8358.71,BTC-27MAR20,1570618746136,open,1.67,6.1,1.5905,1.737,1.65949521,93.05,1.619,0.0,BTC-27MAR20-22000-P,8207.37,0.0,1.6135,1.0,1.709,1.0,121.93,10.97883,-3.00679,-99.03808,4e-05,-0.88631
8263.64,BTC-27DEC19,1570618746137,open,0.96,22.0,0.902,1.002,0.94918923,88.62,1.0275,0.0,BTC-27DEC19-16000-P,8207.37,0.0,0.42,0.2,1.6035,0.2,500.0,5.76863,-3.24058,-33.36,4e-05,-0.91893
8263.64,BTC-27DEC19,1570618746136,open,0.82,10.1,0.809,0.8285,0.81859607,125.02,0.8205,0.0,BTC-27DEC19-1500-C,8207.37,0.0,0.8105,1.0,0.827,1.0,224.06,0.08406,-0.06662,3.22825,0.0,0.99937
8263.64,BTC-27DEC19,1570618746137,open,0.47,4.1,0.45,0.491,0.46994753,98.96,0.578,0.0,BTC-27DEC19-4500-C,8207.37,0.0,0.0125,6.1,0.8815,1.0,500.0,4.60127,-2.88638,8.38644,3e-05,0.93958
8263.64,BTC-27DEC19,1570618746136,open,0.08,278.9,0.0445,0.1105,0.07700515,82.68,0.079,0.0,BTC-27DEC19-7000-P,8207.37,82.02,0.076,19.3,0.078,6.0,83.33,12.61433,-6.61112,-6.13103,0.0001,-0.26633
8263.64,BTC-27DEC19,1570618746136,open,0.0,495.4,0.0005,0.0115,0.00199979,106.6,0.0015,0.0,BTC-27DEC19-28000-C,8207.37,103.14,0.0015,32.4,0.0025,6.0,109.49,1.31878,-0.89116,0.20331,1e-05,0.01338
8358.71,BTC-27MAR20,1570618746137,open,0.03,686.8,0.0105,0.046,0.02625254,93.55,0.0265,0.0,BTC-27MAR20-4000-P,8207.37,92.73,0.0255,155.8,0.027,1.0,94.36,7.67793,-2.11415,-3.75438,3e-05,-0.07025
8243.72,SYN.BTC-29NOV19,1570618746136,open,0.08,143.5,0.0465,0.1105,0.07892178,76.84,0.0745,0.0,BTC-29NOV19-9000-C,8207.37,74.17,0.075,14.4,0.079,10.0,76.9,12.11737,-9.15119,4.09679,0.00017,0.43546
8263.64,BTC-27DEC19,1570618746136,open,0.58,4.0,0.57,0.5985,0.58320883,111.78,0.666,0.0,BTC-27DEC19-3500-C,8207.37,0.0,0.021,10.1,0.9345,1.0,500.0,2.45814,-1.74175,6.94529,1e-05,0.97214
8263.64,BTC-27DEC19,1570618746136,open,0.01,483.8,0.0045,0.0295,0.01450109,98.96,0.015,0.0,BTC-27DEC19-4500-P,8207.37,98.05,0.014,24.0,0.015,31.0,99.85,4.60118,-2.88629,-1.33792,3e-05,-0.06042
8218.76,SYN.BTC-25OCT19,1570618746136,open,1.08,0.0,1.028,1.1125,1.06873615,125.12,None,0.0,BTC-25OCT19-17000-P,8207.37,0.0,0.0005,0.1,0.0,0.0,0.0,0.20166,-0.79469,-7.38104,1e-05,-0.99603
8358.71,BTC-27MAR20,1570618746138,open,0.01,49.6,0.0015,0.0305,0.01149889,102.91,0.0105,0.0,BTC-27MAR20-34000-C,8207.37,102.18,0.011,6.0,0.012,0.5,103.61,5.85542,-1.77353,1.4871,2e-05,0.04973
8263.64,BTC-27DEC19,1570618746138,open,1.92,0.0,1.848,1.974,1.90778527,102.55,None,0.0,BTC-27DEC19-24000-P,8207.37,0.0,0.008,5.0,2.511,0.2,500.0,2.08204,-1.35353,-51.51778,1e-05,-0.97715
8263.64,BTC-27DEC19,1570618746138,open,0.02,623.6,0.0065,0.0445,0.02199812,85.54,0.022,0.0,BTC-27DEC19-14000-C,8207.37,85.03,0.0215,5.0,0.0225,13.0,86.05,8.12136,-4.40384,1.92656,6e-05,0.12988
8263.64,BTC-27DEC19,1570618746138,open,0.0,96.3,0.0005,0.0105,0.00066219,125.0,0.001,0.0,BTC-27DEC19-2000-P,8207.37,120.98,0.0005,41.0,0.0015,6.0,138.89,0.36693,-0.29075,-0.06802,0.0,-0.00315
8358.71,BTC-27MAR20,1570618746139,open,0.02,32.8,0.004,0.039,0.01624827,97.84,0.017,0.0,BTC-27MAR20-28000-C,8207.37,97.01,0.0155,6.0,0.017,0.9,98.65,7.63777,-2.19945,2.08242,2e-05,0.06978
8263.64,BTC-27DEC19,1570618746138,open,0.23,53.6,0.192,0.265,0.22992184,82.68,0.243,0.0,BTC-27DEC19-7000-C,8207.37,62.57,0.2,13.0,0.2415,13.0,90.22,12.61434,-6.61118,8.99578,0.0001,0.73367
8263.64,BTC-27DEC19,1570618746139,open,0.36,73.3,0.337,0.392,0.36442491,90.51,0.491,0.0,BTC-27DEC19-5500-C,8207.37,0.0,0.01,5.2,0.4875,1.0,197.12,7.65778,-4.39384,9.21746,6e-05,0.88059
8263.64,BTC-27DEC19,1570618746138,open,0.52,31.1,0.5095,0.544,0.52570312,104.29,0.6265,0.0,BTC-27DEC19-4000-C,8207.37,0.0,0.019,4.2,0.5525,0.2,150.83,3.3782,-2.23329,7.73739,2e-05,0.95899
8263.64,BTC-27DEC19,1570618746138,open,2.89,0.3,2.797,2.957,2.87388069,112.32,1.875,0.0,BTC-27DEC19-32000-P,8207.37,0.0,0.01,4.0,0.0,0.0,0.0,1.01086,-0.71975,-69.00201,1e-05,-0.99015
8358.71,BTC-27MAR20,1570618746138,open,0.03,126.2,0.008,0.0565,0.02749753,93.04,0.0275,0.0,BTC-27MAR20-22000-C,8207.37,91.88,0.026,17.0,0.029,8.3,94.17,10.97631,-3.00579,3.35182,4e-05,0.11366
8263.64,BTC-27DEC19,1570618746138,open,4.35,0.0,4.2205,4.4355,4.32502361,120.31,3.46,0.0,BTC-27DEC19-44000-P,8207.37,0.0,0.0015,0.1,0.0,0.0,0.0,0.38901,-0.29667,-95.03187,0.0,-0.99664
8263.64,BTC-27DEC19,1570618746138,open,0.03,466.7,0.01,0.055,0.02950908,84.08,0.029,0.0,BTC-27DEC19-13000-C,8207.37,83.21,0.0285,19.3,0.0305,6.0,84.93,9.63196,-5.13383,2.46568,8e-05,0.16758
8358.71,BTC-27MAR20,1570618746138,open,2.38,0.0,2.2885,2.4535,2.36606368,97.86,None,0.0,BTC-27MAR20-28000-P,8207.37,0.0,0.005,4.0,0.0,0.0,0.0,7.64216,-2.20112,-128.23178,2e-05,-0.93017
8263.64,BTC-27DEC19,1570618746139,open,0.72,268.3,0.6695,0.767,0.71616474,85.54,0.7205,0.0,BTC-27DEC19-14000-P,8207.37,0.0,0.6825,4.0,0.7515,4.0,114.4,8.12102,-4.40355,-28.32723,6e-05,-0.87012
8243.72,SYN.BTC-29NOV19,1570618746138,open,0.01,146.3,0.001,0.0235,0.0107549,97.2,0.012,0.0,BTC-29NOV19-5000-P,8207.37,95.46,0.01,24.0,0.0115,51.0,98.86,3.64073,-3.47801,-0.80688,4e-05,-0.05947
8358.71,BTC-27MAR20,1570618746139,open,0.03,292.0,0.011,0.0655,0.03376973,91.09,0.0325,0.0,BTC-27MAR20-20000-C,8207.37,90.23,0.0325,11.0,0.035,0.5,91.9,12.51554,-3.35547,4.0217,4e-05,0.13715
8263.64,BTC-27DEC19,1570618746139,open,2.65,0.2,2.5595,2.711,2.63210686,109.77,2.03,0.0,BTC-27DEC19-30000-P,8207.37,0.0,0.009,5.0,0.0,0.0,0.0,1.16133,-0.80811,-64.65412,1e-05,-0.98844
8263.64,BTC-27DEC19,1570618746139,open,0.19,203.0,0.154,0.2305,0.19415695,81.52,0.201,0.0,BTC-27DEC19-7500-C,8207.37,80.54,0.1925,14.4,0.1955,6.0,82.32,13.87842,-7.17224,8.53245,0.00012,0.67196
8358.71,BTC-27MAR20,1570618746139,open,0.02,101.3,0.005,0.044,0.01924798,96.51,0.0205,0.0,BTC-27MAR20-26000-C,8207.37,95.28,0.018,6.0,0.0205,18.0,97.71,8.6064,-2.44481,2.42621,3e-05,0.08161
8243.72,SYN.BTC-29NOV19,1570618746136,open,0.07,0.1,0.0415,0.1025,0.0714926,78.25,0.0695,0.0,BTC-29NOV19-7500-P,8207.37,76.75,0.0695,19.3,0.0735,10.0,79.75,10.9959,-8.45568,-4.49015,0.00015,-0.31928
8263.64,BTC-27DEC19,1570618746139,open,0.16,378.3,0.122,0.2005,0.16295122,80.73,0.1605,0.0,BTC-27DEC19-8000-C,8207.37,79.91,0.1615,14.4,0.1645,6.0,81.59,14.76047,-7.55327,7.94695,0.00012,0.60797
8263.64,BTC-27DEC19,1570618746139,open,0.01,382.9,0.0005,0.0165,0.00675049,111.78,0.007,0.0,BTC-27DEC19-3500-P,8207.37,110.92,0.0065,24.0,0.007,31.0,112.61,2.45804,-1.74165,-0.6181,1e-05,-0.02786
8263.64,BTC-27DEC19,1570618746139,open,3.86,0.0,3.746,3.943,3.84122598,118.84,2.58,0.0,BTC-27DEC19-40000-P,8207.37,0.0,0.0015,0.1,0.0,0.0,0.0,0.55164,-0.41556,-86.36381,0.0,-0.99504
8358.71,BTC-27MAR20,1570618746139,open,1.91,0.0,1.8225,1.975,1.8940181,94.79,None,0.0,BTC-27MAR20-24000-P,8207.37,0.0,0.002,0.1,0.0,0.0,0.0,9.67423,-2.69909,-108.87002,3e-05,-0.90452
8263.64,BTC-27DEC19,1570618746139,open,0.06,711.5,0.027,0.089,0.05650746,81.66,0.0555,0.0,BTC-27DEC19-11000-C,8207.37,80.7,0.055,19.3,0.058,17.3,82.6,13.07389,-6.76755,4.10669,0.00011,0.28648
8213.77,SYN.BTC-18OCT19,1570618746137,open,0.03,164.9,0.008,0.0475,0.02628931,65.44,0.0255,0.0,BTC-18OCT19-8500-C,8207.37,60.76,0.0235,24.0,0.026,2.0,64.96,4.907,-18.09069,0.72239,0.00046,0.38797
8263.64,BTC-27DEC19,1570618746139,open,0.01,789.9,0.0005,0.0185,0.00624938,96.4,0.0065,0.0,BTC-27DEC19-20000-C,8207.37,94.47,0.0055,10.0,0.007,64.0,98.2,3.32454,-2.03163,0.60648,2e-05,0.04021
8213.77,SYN.BTC-18OCT19,1570618746138,open,0.17,0.0,0.135,0.1885,0.16083839,67.23,None,0.0,BTC-18OCT19-9500-P,8207.37,0.0,0.0105,0.1,0.0,0.0,0.0,2.09542,-7.93612,-2.13703,0.00019,-0.9091
8243.72,SYN.BTC-29NOV19,1570618746136,open,0.71,0.0,0.6675,0.7505,0.70649221,85.31,None,0.0,BTC-29NOV19-14000-P,8207.37,0.0,0.0005,0.1,0.0,0.0,0.0,3.96557,-3.32499,-18.84602,5e-05,-0.93364
8243.72,SYN.BTC-29NOV19,1570618746136,open,0.42,0.0,0.3775,0.459,0.41700482,78.55,None,0.0,BTC-29NOV19-11500-P,8207.37,0.0,0.008,10.0,0.0,0.0,0.0,7.53257,-5.81488,-14.42709,0.0001,-0.83856
8218.76,SYN.BTC-25OCT19,1570618746139,open,0.27,16.3,0.256,0.294,0.27446931,97.3,0.27,0.0,BTC-25OCT19-6000-C,8207.37,0.0,0.26,9.0,0.287,9.0,138.14,1.74691,-5.3534,2.4175,6e-05,0.95074
8358.71,BTC-27MAR20,1570618746140,open,0.01,569.3,0.0005,0.0265,0.00923714,108.03,0.008,0.0,BTC-27MAR20-40000-C,8207.37,105.81,0.008,11.0,0.0105,10.0,110.11,4.87091,-1.54884,1.17999,1e-05,0.03957
8263.64,BTC-27DEC19,1570618746139,open,0.84,210.2,0.785,0.883,0.83150914,86.56,0.905,0.0,BTC-27DEC19-15000-P,8207.37,0.0,0.7985,3.0,0.8665,4.0,118.4,6.7519,-3.70498,-30.9168,5e-05,-0.89979
8263.64,BTC-27DEC19,1570618746140,open,0.29,495.6,0.2415,0.3375,0.29000418,80.72,0.2815,0.0,BTC-27DEC19-10000-P,8207.37,79.3,0.2875,0.6,0.3075,17.0,90.54,14.55747,-7.44931,-16.35307,0.00012,-0.62575
8263.64,BTC-27DEC19,1570618746140,open,0.0,1542.5,0.0005,0.0105,0.00029566,125.0,0.0005,0.0,BTC-27DEC19-52000-C,8207.37,0.0,0.0,0.0,0.001,16.0,138.9,0.24584,-0.1948,0.0308,0.0,0.00202
8263.64,BTC-27DEC19,1570618746140,open,2.4,0.1,2.3225,2.4645,2.39033303,106.57,1.49,0.0,BTC-27DEC19-28000-P,8207.37,0.0,0.009,5.0,0.0,0.0,0.0,1.31687,-0.88966,-60.3044,1e-05,-0.98664
8213.77,SYN.BTC-18OCT19,1570618746136,open,0.27,0.0,0.255,0.2885,0.27102237,105.37,None,0.0,BTC-18OCT19-6000-C,8207.37,0.0,0.2595,6.0,0.284,6.0,175.4,0.70051,-4.15794,1.40988,4e-05,0.9769
8358.71,BTC-27MAR20,1570618746139,open,3.1,0.0,2.9905,3.1785,3.07913166,102.93,None,0.0,BTC-27MAR20-34000-P,8207.37,0.0,0.0055,0.1,0.0,0.0,0.0,5.86153,-1.77586,-156.7515,2e-05,-0.95021
8208.78,SYN.BTC-11OCT19,1570618746139,open,0.18,0.0,0.161,0.1965,0.1781251,124.99,None,0.0,BTC-11OCT19-6750-C,8207.37,0.0,0.166,6.0,0.191,6.0,263.53,0.19601,-6.53098,0.34125,5e-05,0.98707
8358.71,BTC-27MAR20,1570618746139,open,3.34,0.0,3.225,3.422,3.31789228,105.29,None,0.0,BTC-27MAR20-36000-P,8207.37,0.0,0.0055,0.1,0.0,0.0,0.0,5.60538,-1.73706,-166.14514,2e-05,-0.95292
8263.64,BTC-27DEC19,1570618746140,open,1.44,4.6,1.374,1.4855,1.42648741,96.39,1.466,0.0,BTC-27DEC19-20000-P,8207.37,0.0,0.0065,0.1,2.0545,0.2,500.0,3.32357,-2.03089,-42.61329,2e-05,-0.9598
8263.64,BTC-27DEC19,1570618746140,open,0.64,0.0,0.6305,0.6535,0.64121459,118.93,None,0.0,BTC-27DEC19-3000-C,8207.37,0.0,0.01,10.2,0.906,0.5,500.0,1.65727,-1.24942,6.09516,1e-05,0.98254
8263.64,BTC-27DEC19,1570618746140,open,0.5,74.2,0.445,0.543,0.49279995,82.92,0.496,0.0,BTC-27DEC19-12000-P,8207.37,46.3,0.4565,5.0,0.53,5.0,107.38,11.34908,-5.96537,-22.74425,9e-05,-0.78085
8358.71,BTC-27MAR20,1570618746140,open,0.01,64.6,0.001,0.03,0.01098699,105.26,0.0105,0.0,BTC-27MAR20-36000-C,8207.37,103.74,0.01,6.0,0.012,15.0,106.73,5.59882,-1.73453,1.40162,2e-05,0.04702
8358.71,BTC-27MAR20,1570618746141,open,0.01,54.3,0.0025,0.0335,0.01299875,101.6,0.0115,0.0,BTC-27MAR20-32000-C,8207.37,100.27,0.012,6.0,0.014,10.0,102.88,6.42546,-1.92155,1.66905,2e-05,0.0559
8358.71,BTC-27MAR20,1570618746140,open,0.01,107.7,0.003,0.0365,0.01473667,100.11,0.015,0.0,BTC-27MAR20-30000-C,8207.37,98.61,0.0135,6.0,0.016,15.0,101.57,7.06203,-2.08092,1.87993,2e-05,0.06306
8263.64,BTC-27DEC19,1570618746141,open,0.0,410.0,0.0005,0.0145,0.00449954,99.31,0.0045,0.0,BTC-27DEC19-22000-C,8207.37,97.64,0.004,10.0,0.005,6.0,100.86,2.56776,-1.61647,0.44402,2e-05,0.02936
8208.78,SYN.BTC-11OCT19,1570618746136,open,0.0,225.0,0.0005,0.0135,0.00252379,70.18,0.0015,0.0,BTC-11OCT19-8750-C,8207.37,61.51,0.0015,55.3,0.0035,46.0,77.06,1.08292,-20.25917,0.04397,0.00045,0.10675
8263.64,BTC-27DEC19,1570618746141,open,0.01,741.0,0.0005,0.0225,0.00849919,92.17,0.009,0.0,BTC-27DEC19-18000-C,8207.37,91.18,0.008,10.0,0.009,6.0,93.13,4.2426,-2.47888,0.82147,3e-05,0.0545
8263.64,BTC-27DEC19,1570618746141,open,0.01,362.2,0.003,0.0305,0.0129988,88.62,0.014,0.0,BTC-27DEC19-16000-C,8207.37,87.9,0.0125,10.0,0.0135,6.0,89.33,5.76919,-3.24101,1.21579,4e-05,0.08108
8263.64,BTC-27DEC19,1570618746141,open,0.0,609.7,0.0005,0.0105,0.00099989,115.42,0.0015,0.0,BTC-27DEC19-36000-C,8207.37,108.08,0.0005,63.5,0.0015,21.0,120.35,0.71719,-0.52472,0.10123,0.0,0.00667
8218.76,SYN.BTC-25OCT19,1570618746139,open,0.29,0.0,0.254,0.3145,0.28279701,77.76,None,0.0,BTC-25OCT19-10500-P,8207.37,0.0,0.2645,5.0,0.306,5.0,126.78,2.46185,-6.02904,-4.31242,0.00011,-0.92356
8208.78,SYN.BTC-11OCT19,1570618746138,open,0.0,45.3,0.0005,0.0105,9.19e-05,125.0,0.0005,0.0,BTC-11OCT19-10500-C,8207.37,0.0,0.0,0.0,0.0005,10.0,151.7,0.06092,-0.75435,0.00141,1e-05,0.00344
8358.71,BTC-27MAR20,1570618746141,open,0.04,174.4,0.0165,0.0785,0.04354918,89.63,0.0445,0.0,BTC-27MAR20-18000-C,8207.37,88.43,0.0415,10.0,0.0455,12.9,90.74,14.50367,-3.82601,4.97197,5e-05,0.17136
8358.71,BTC-27MAR20,1570618746141,open,0.08,322.5,0.0395,0.122,0.07899427,86.79,0.078,0.0,BTC-27MAR20-14000-C,8207.37,86.14,0.0775,0.1,0.0805,4.9,87.44,19.28233,-4.92556,7.92178,7e-05,0.28263
8218.76,SYN.BTC-25OCT19,1570618746136,open,0.07,442.4,0.0445,0.0985,0.07230665,70.75,0.07,0.0,BTC-25OCT19-8000-C,8207.37,67.89,0.07,18.0,0.0735,6.0,72.24,6.61665,-14.74451,1.89087,0.00032,0.60126
8243.72,SYN.BTC-29NOV19,1570618746136,open,0.02,7.1,0.007,0.043,0.02200167,78.55,0.0215,0.0,BTC-29NOV19-11500-C,8207.37,77.44,0.021,19.3,0.023,0.1,79.63,7.53228,-5.81448,1.60216,0.0001,0.16143
8218.76,SYN.BTC-25OCT19,1570618746137,open,0.01,96.8,0.0005,0.02,0.00751257,87.24,0.01,0.0,BTC-25OCT19-6500-P,8207.37,85.62,0.007,4.0,0.008,8.0,88.74,2.63726,-7.24654,-0.32617,0.0001,-0.08373
8263.64,BTC-27DEC19,1570618746142,open,0.02,657.5,0.004,0.036,0.01633062,86.57,0.0165,0.0,BTC-27DEC19-15000-C,8207.37,85.54,0.0155,34.0,0.017,6.0,87.38,6.75235,-3.70534,1.49799,5e-05,0.10022
8243.72,SYN.BTC-29NOV19,1570618746136,open,0.01,44.9,0.0005,0.0215,0.00822219,85.3,0.0085,0.0,BTC-29NOV19-14000-C,8207.37,82.64,0.007,34.0,0.0095,52.1,87.85,3.96346,-3.32258,0.66752,5e-05,0.06631
8358.71,BTC-27MAR20,1570618746142,open,0.76,58.9,0.688,0.822,0.75390716,86.79,0.7315,0.0,BTC-27MAR20-14000-P,8207.37,65.54,0.71,2.0,0.7915,2.0,102.3,19.2832,-4.92611,-57.23552,7e-05,-0.71735
8263.64,BTC-27DEC19,1570618746141,open,0.41,66.8,0.3925,0.4405,0.41593501,94.29,0.4155,0.0,BTC-27DEC19-5000-C,8207.37,61.68,0.3985,13.0,0.4325,13.0,114.56,6.03323,-3.60604,8.8932,4e-05,0.91394
8358.71,BTC-27MAR20,1570618746141,open,0.02,150.6,0.006,0.0495,0.02274791,94.78,0.024,0.0,BTC-27MAR20-24000-C,8207.37,93.68,0.0215,6.0,0.024,8.0,95.84,9.67112,-2.69788,2.82798,3e-05,0.09544
8218.76,SYN.BTC-25OCT19,1570618746136,open,0.0,479.4,0.0005,0.0105,0.00074866,117.35,0.0005,0.0,BTC-25OCT19-15000-C,8207.37,112.09,0.0005,36.0,0.001,1.0,121.51,0.44669,-1.65084,0.03216,1e-05,0.00975
