underlying_price,underlying_index,timestamp,state,settlement_price,open_interest,min_price,max_price,mark_price,mark_iv,last_price,interest_rate,instrument_name,index_price,bid_iv,best_bid_price,best_bid_amount,best_ask_price,best_ask_amount,ask_iv,vega,theta,rho,gamma,delta
4950.52,index_price,1554289140015,open,0.11,88.3,0.08721032,0.11103261,0.10573624,69.55,0.1065,0,BTC-26APR19-5250-P,4950.52,65.68,0.102,14.4,0.109,14.4,72.91,4.7918,-7.28428,-2.18598,0.00045,-0.59882
4949.94,BTC-27SEP19,1554289140048,open,0.14,0.0,0.12674739,0.19528091,0.14568384,61.14,None,0.0,BTC-27SEP19-4750-P,4950.34,57.67,0.1365,3.0,0.1545,3.0,64.47,13.10306,-2.26464,-12.57123,0.00018,-0.3784
4949.94,BTC-27SEP19,1554289140048,open,1.43,6.1,1.42606372,1.44431988,1.44259621,78.5,1.9095,0.0,BTC-27SEP19-12000-P,4950.34,0.0,0.0015,20.0,0.0,0.0,0.0,5.54659,-1.2308,-56.45703,6e-05,-0.91106
4954.69,BTC-28JUN19,1554289140048,open,0.1,4.3,0.06603308,0.11237486,0.09505743,60.66,0.1105,0.0,BTC-28JUN19-4750-P,4950.34,59.28,0.0925,0.3,0.0965,14.4,61.44,9.19156,-3.2464,-5.60445,0.00026,-0.38571
4954.69,BTC-28JUN19,1554289140048,open,0.0,855.2,0.00012161,0.00296768,0.00331254,76.45,0.004,0.0,BTC-28JUN19-2500-P,4950.34,72.87,0.0025,10.1,0.004,18.0,79.08,1.221,-0.54346,-0.28539,3e-05,-0.02117
4954.69,BTC-28JUN19,1554289140048,open,0.11,924.4,0.09245421,0.14046703,0.10967218,58.94,0.1145,0.0,BTC-28JUN19-5000-C,4950.34,56.51,0.105,5.0,0.1135,10.8,60.93,9.52872,-3.27001,5.06576,0.00028,0.54423
4954.69,BTC-28JUN19,1554289140049,open,0.5,26.2,0.49554917,0.49839524,0.49809465,73.66,0.5015,0.0,BTC-28JUN19-2500-C,4950.34,0.0,0.0005,1.0,0.5255,0.2,129.18,1.07203,-0.45974,5.63909,3e-05,0.98184
4949.94,BTC-27SEP19,1554289140048,open,0.51,57.5,0.49854639,0.51541845,0.5083853,71.45,0.389,0.0,BTC-27SEP19-2500-C,4950.34,0.0,0.0005,1.0,0.0,0.0,0.0,3.68826,-0.7449,10.5357,4e-05,0.94761
4954.69,BTC-28JUN19,1554289140048,open,0.44,19.5,0.42275451,0.45199051,0.43850752,65.0,0.7515,0.0,BTC-28JUN19-7000-P,4950.34,0.0,0.0,0.0,0.0,0.0,0.0,6.17272,-2.33607,-14.74052,0.00016,-0.82599
4950.34,index_price,1554289140048,open,0.05,336.9,0.04196872,0.05640798,0.05011603,88.55,0.045,0,BTC-5APR19-4750-C,4950.34,76.62,0.0475,0.2,0.0515,6.0,94.58,1.12156,-26.47474,0.17869,0.00101,0.75255
4950.34,index_price,1554289140048,open,0.07,132.8,0.06591836,0.07488619,0.06997242,87.22,0.0915,0,BTC-5APR19-4625-C,4950.34,56.86,0.0665,6.0,0.071,6.0,93.67,0.75741,-17.61025,0.20309,0.00069,0.86832
4950.34,index_price,1554289140048,open,0.0,1415.3,0.0,7.02e-06,3.82e-06,110.27,0.0005,0,BTC-5APR19-3750-P,4950.34,0.0,0.0,0.0,0.0005,29.4,174.41,0.00257,-0.0189,-5e-05,0.0,-0.00019
4949.94,BTC-27SEP19,1554289140049,open,0.21,306.1,0.19225165,0.25779072,0.20970882,60.92,0.2145,0.0,BTC-27SEP19-4500-C,4950.34,57.67,0.2015,3.0,0.2215,3.5,65.59,12.49612,-2.15199,11.01355,0.00017,0.66886
4954.69,BTC-28JUN19,1554289140049,open,0.04,324.3,0.02249316,0.05568937,0.03872066,62.83,0.0345,0.0,BTC-28JUN19-4000-P,4950.34,59.65,0.0345,11.0,0.0375,14.4,61.92,6.65421,-2.43439,-2.74045,0.00018,-0.19637
4949.94,BTC-27SEP19,1554289140049,open,1.23,3.1,1.22559077,1.24972099,1.24713416,78.14,1.9215,0.0,BTC-27SEP19-11000-P,4950.34,0.0,0.0015,30.0,0.0,0.0,0.0,6.72342,-1.48516,-51.12304,7e-05,-0.88415
4954.69,BTC-28JUN19,1554289140049,open,1.82,1.3,1.82560643,1.82598626,1.83168786,104.26,2.415,0.0,BTC-28JUN19-14000-P,4950.34,0.0,0.0,0.0,0.0,0.0,0.0,1.89351,-1.14942,-32.59172,3e-05,-0.96416
4949.94,BTC-27SEP19,1554289140048,open,0.33,35.1,0.25437369,0.45794424,0.31644086,68.02,0.31,0.0,BTC-27DEC19-4000-C,4950.34,54.12,0.2785,3.0,0.32,3.0,69.31,13.633,-1.73089,15.54751,0.00011,0.74442
4954.69,BTC-28JUN19,1554289140049,open,0.6,20.1,0.5963454,0.59680792,0.59816356,89.65,0.578,0.0,BTC-28JUN19-2000-C,4950.34,0.0,0.0005,1.0,0.0,0.0,0.0,0.67506,-0.35236,4.56048,1e-05,0.98938
4950.34,index_price,1554289140048,open,0.17,0.0,0.16198137,0.18331682,0.17288019,90.75,None,0,BTC-12APR19-5750-P,4950.34,0.0,0.0,0.0,0.0,0.0,0.0,1.89151,-9.67021,-1.21719,0.00035,-0.83827
4949.94,BTC-27SEP19,1554289140050,open,0.02,844.9,0.00628498,0.03796939,0.02855276,74.16,0.0155,0.0,BTC-27SEP19-10000-C,4950.34,65.14,0.0165,15.0,0.0485,17.3,85.84,7.47331,-1.56668,2.54822,8e-05,0.13479
4954.69,BTC-28JUN19,1554289140050,open,0.0,364.5,2.1e-07,0.00020327,0.00199929,94.39,0.0005,0.0,BTC-28JUN19-15000-C,4950.34,81.33,0.0005,10.0,0.0035,18.0,101.35,0.87032,-0.47829,0.1427,2e-05,0.01424
4954.69,BTC-28JUN19,1554289140050,open,1.22,5.7,1.22016644,1.22278995,1.22698652,86.69,1.142,0.0,BTC-28JUN19-11000-P,4950.34,0.0,0.0,0.0,0.0,0.0,0.0,2.31287,-1.16744,-25.42583,5e-05,-0.95414
4954.69,BTC-28JUN19,1554289140050,open,0.01,627.3,0.00073395,0.01021836,0.00821536,71.82,0.0085,0.0,BTC-28JUN19-9000-C,4950.34,69.67,0.007,20.0,0.0095,18.1,73.9,2.93255,-1.22628,0.62551,7e-05,0.06187
4954.69,BTC-28JUN19,1554289140050,open,1.02,43.0,1.01847805,1.02349987,1.02624191,80.72,1.0,0.0,BTC-28JUN19-10000-P,4950.34,0.0,0.0,0.0,0.0,0.0,0.0,2.67496,-1.25717,-22.97869,6e-05,-0.94496
4950.34,index_price,1554289140048,open,0.27,0.0,0.26425017,0.27336763,0.27463672,77.4,None,0,BTC-26APR19-6250-P,4950.34,0.0,0.0,0.0,0.0,0.0,0.0,2.68121,-4.53579,-3.53792,0.00023,-0.8657
4949.94,BTC-27SEP19,1554289140050,open,0.85,0.0,0.83009794,0.87113854,0.84878674,67.85,None,0.0,BTC-27SEP19-9000-P,4950.34,0.0,0.0015,20.0,0.0,0.0,0.0,8.09114,-1.55191,-40.71032,0.0001,-0.8484
4949.94,BTC-27SEP19,1554289140050,open,0.09,702.3,0.07964131,0.15044275,0.09364261,59.26,0.1,0.0,BTC-27SEP19-6000-C,4950.34,56.96,0.0875,1.0,0.108,3.5,64.57,13.2895,-2.22628,7.28618,0.00019,0.3974
4950.34,index_price,1554289140048,open,0.0,153.5,4.96e-06,0.00414935,0.00344494,109.49,0.004,0,BTC-5APR19-5500-C,4950.34,109.94,0.0035,33.6,0.005,1.5,121.13,0.6064,-17.05364,0.02365,0.00044,0.09642
4954.51,BTC-28JUN19,1554289140050,open,0.07,58.0,0.0533343,0.096578,0.07150602,60.61,0.0785,0.0,BTC-28JUN19-4500-P,4950.34,58.58,0.068,6.0,0.073,14.4,61.47,8.56746,-3.02338,-4.53626,0.00024,-0.31765
4949.94,BTC-27SEP19,1554289140051,open,0.7,42.8,0.69700726,0.69866778,0.69879532,80.84,0.6235,0.0,BTC-27SEP19-1500-C,4950.34,0.0,0.001,1.0,0.0,0.0,0.0,0.76636,-0.17514,7.02989,1e-05,0.99187
4950.34,index_price,1554289140048,open,0.0,295.4,0.0,2e-08,2.307e-05,110.08,0.0005,0,BTC-26APR19-2000-P,4950.34,0.0,0.0,0.0,0.0005,25.0,146.38,0.01395,-0.03356,-0.00102,0.0,-0.00031
4950.34,index_price,1554289140048,open,0.15,170.2,0.14181524,0.15968247,0.14646749,75.45,0.1,0,BTC-12APR19-4250-C,4950.34,0.0,0.1,0.6,0.0,0.0,0.0,1.22921,-5.2245,0.92194,0.00027,0.91234
4950.34,index_price,1554289140048,open,0.19,226.0,0.19197469,0.19208814,0.19150898,0.0,0.196,0,BTC-5APR19-4000-C,4950.34,0.0,0.15,0.1,0.23,1.1,420.61,0.0,0.0,0.20556,0.0,1.0
4949.94,BTC-27SEP19,1554289140050,open,1.04,2.0,1.02651148,1.05819589,1.05006978,75.01,1.8325,0.0,BTC-27SEP19-10000-P,4950.34,0.0,0.0015,20.0,0.0,0.0,0.0,7.62466,-1.61665,-45.84559,9e-05,-0.8612
4950.34,index_price,1554289140048,open,0.0,446.3,0.0,3.087e-05,1.886e-05,110.3,0.0005,0,BTC-5APR19-3875-P,4950.34,0.0,0.0,0.0,0.0005,10.0,156.14,0.01033,-0.09337,-0.00022,1e-05,-0.00085
4950.34,index_price,1554289140048,open,0.0,41.5,0.0,0.00152339,0.00026001,90.05,0.0005,0,BTC-12APR19-3500-P,4950.34,0.0,0.0,0.0,0.0005,10.0,97.64,0.12263,-0.62213,-0.007,2e-05,-0.00556
4954.51,BTC-28JUN19,1554289140052,open,0.0,1357.9,1e-08,2.664e-05,0.00076152,103.23,0.0005,0.0,BTC-28JUN19-1500-P,4950.34,98.21,0.0005,40.0,0.001,16.0,106.85,0.29666,-0.17831,-0.0577,0.0,-0.00419
4950.34,index_price,1554289140049,open,0.09,910.4,0.07176445,0.09527801,0.08844577,67.8,0.0905,0,BTC-26APR19-4750-C,4950.34,64.15,0.085,0.3,0.0905,14.4,69.97,4.68476,-6.94225,1.67598,0.00045,0.62864
4954.51,BTC-28JUN19,1554289140052,open,1.42,10.0,1.42204776,1.42341619,1.42850667,92.97,1.243,0.0,BTC-28JUN19-12000-P,4950.34,0.0,0.0,0.0,0.0,0.0,0.0,2.12421,-1.14987,-27.82744,4e-05,-0.95873
4950.34,index_price,1554289140048,open,0.22,98.4,0.21722548,0.21725635,0.21671902,0.0,0.2315,0,BTC-5APR19-3875-C,4950.34,0.0,0.0005,10.0,0.296,0.1,500.0,0.0,0.0,0.19913,0.0,1.0
4949.94,BTC-27SEP19,1554289140052,open,0.42,246.8,0.40621853,0.43651577,0.4190686,66.45,0.3115,0.0,BTC-27SEP19-3000-C,4950.34,0.0,0.135,0.1,0.0,0.0,0.0,5.79934,-1.08941,11.6691,7e-05,0.90555
4954.51,BTC-28JUN19,1554289140052,open,2.02,2.0,2.02754481,2.0277478,2.03330663,108.72,2.658,0.0,BTC-28JUN19-15000-P,4950.34,0.0,0.0,0.0,0.0,0.0,0.0,1.7738,-1.12279,-34.97267,3e-05,-0.9669
4949.94,BTC-27SEP19,1554289140052,open,0.47,10.2,0.45681537,0.51963022,0.47286237,61.21,0.8,0.0,BTC-27SEP19-7000-P,4950.34,0.0,0.0015,14.0,0.0,0.0,0.0,11.48066,-1.98652,-28.75277,0.00016,-0.72582
4954.51,BTC-28JUN19,1554289140052,open,0.82,6.6,0.81726039,0.82674286,0.82699977,75.38,1.2875,0.0,BTC-28JUN19-9000-P,4950.34,0.0,0.0,0.0,0.0,0.0,0.0,3.35218,-1.47128,-20.43933,8e-05,-0.92643
4954.51,BTC-28JUN19,1554289140052,open,0.12,121.2,0.10161972,0.14963324,0.12010796,59.6,0.111,0.0,BTC-28JUN19-5000-P,4950.34,57.21,0.1155,5.0,0.124,10.8,61.63,9.52643,-3.30585,-6.70438,0.00028,-0.45504
4950.34,index_price,1554289140050,open,0.45,10.2,0.44448263,0.4445159,0.44462248,85.23,0.006,0,BTC-26APR19-2750-C,4950.34,0.0,0.0,0.0,0.0,0.0,0.0,0.08233,-0.15337,1.71654,1e-05,0.99789
4950.34,index_price,1554289140049,open,0.0,2935.4,1.017e-05,0.00065848,0.00076259,76.51,0.0005,0,BTC-26APR19-3250-P,4950.34,0.0,0.0,0.0,0.001,88.0,79.52,0.35709,-0.5972,-0.0363,3e-05,-0.01094
4950.34,index_price,1554289140048,open,0.3,6.0,0.29297786,0.29450124,0.29276337,0.0,0.287,0,BTC-12APR19-3500-C,4950.34,0.0,0.01,1.0,0.0,0.0,0.0,0.0,0.0,0.85109,0.0,1.0
4950.34,index_price,1554289140048,open,0.07,18.0,0.04953037,0.09169922,0.07009738,79.84,0.0575,0,BTC-12APR19-5125-P,4950.34,73.07,0.066,18.0,0.0715,18.0,82.15,3.00846,-13.53106,-0.78932,0.00063,-0.58561
4950.34,index_price,1554289140050,open,0.0,1796.1,2e-08,3.33e-05,0.00051269,98.3,0.0005,0,BTC-26APR19-2750-P,4950.34,0.0,0.0,0.0,0.001,21.6,107.24,0.21082,-0.45295,-0.02022,1e-05,-0.006
4954.51,BTC-28JUN19,1554289140053,open,0.05,2351.1,0.03254253,0.07533831,0.05009389,60.74,0.0465,0.0,BTC-28JUN19-6000-C,4950.34,60.4,0.0495,15.0,0.0515,0.1,61.57,8.45029,-2.98868,3.00242,0.00024,0.30766
4950.34,index_price,1554289140051,open,0.03,1157.4,0.01472401,0.03547917,0.03523314,74.73,0.0355,0,BTC-26APR19-5500-C,4950.34,68.8,0.03,25.6,0.0335,19.3,72.78,4.42853,-7.23306,0.88171,0.00039,0.31943
4950.34,index_price,1554289140048,open,0.06,181.0,0.03604608,0.07877083,0.05543773,76.89,0.0615,0,BTC-12APR19-4875-C,4950.34,72.9,0.053,7.6,0.0565,18.0,78.63,3.02577,-13.10604,0.62484,0.00066,0.57451
4950.34,index_price,1554289140048,open,0.19,0.0,0.18697107,0.20446458,0.19585743,92.61,None,0,BTC-12APR19-5875-P,4950.34,0.0,0.0,0.0,0.0,0.0,0.0,1.65657,-8.64239,-1.27977,0.0003,-0.86728
4949.76,BTC-27SEP19,1554289140048,open,0.13,84.0,0.06247485,0.26605307,0.12504767,68.2,0.121,0.0,BTC-27DEC19-4000-P,4950.34,57.6,0.096,3.0,0.3995,3.0,173.81,13.63482,-1.73577,-13.83,0.00011,-0.25567
4954.51,BTC-28JUN19,1554289140053,open,1.62,0.8,1.62387507,1.62459278,1.6300857,98.77,2.171,0.0,BTC-28JUN19-13000-P,4950.34,0.0,0.07,1.0,0.0,0.0,0.0,1.98792,-1.14325,-30.21487,3e-05,-0.96196
4950.34,index_price,1554289140051,open,0.55,0.0,0.54548576,0.54548613,0.54529482,0.0,0.429,0,BTC-26APR19-2250-C,4950.34,0.0,0.0,0.0,0.0,0.0,0.0,0.0,0.0,1.41015,0.0,1.0
4950.34,index_price,1554289140052,open,0.07,70.0,0.06098191,0.07239452,0.07025956,105.43,0.071,0,BTC-5APR19-5250-P,4950.34,94.68,0.068,6.0,0.0715,0.2,111.05,1.07676,-30.26128,-0.21383,0.00081,-0.7703
4950.34,index_price,1554289140048,open,0.04,113.4,0.02179693,0.0408011,0.03364998,89.22,0.031,0,BTC-5APR19-4875-C,4950.34,77.74,0.0305,18.2,0.036,18.0,97.72,1.3644,-32.44861,0.14588,0.00121,0.6071
4949.76,BTC-27SEP19,1554289140054,open,0.23,12.1,0.2190243,0.2911314,0.23425139,59.5,0.442,0.0,BTC-27SEP19-5500-P,4950.34,0.0,0.005,3.1,0.253,3.0,66.25,13.73073,-2.30934,-18.06541,0.00019,-0.51891
4949.76,BTC-27SEP19,1554289140049,open,0.04,11.9,0.00396217,0.17771268,0.0421282,72.55,0.031,0.0,BTC-27DEC19-11000-C,4950.34,46.64,0.005,1.0,0.08,0.1,88.08,10.5253,-1.42521,4.46288,8e-05,0.16498
4949.76,BTC-27SEP19,1554289140054,open,0.6,28.2,0.59656034,0.60343584,0.60101102,74.06,0.5015,0.0,BTC-27SEP19-2000-C,4950.34,0.0,0.0005,1.0,0.0,0.0,0.0,1.80345,-0.37757,9.04423,2e-05,0.97807
4949.76,BTC-27SEP19,1554289140054,open,0.12,277.8,0.10785931,0.17996641,0.12241702,59.26,0.125,0.0,BTC-27SEP19-5500-C,4950.34,56.58,0.115,3.0,0.135,3.5,63.79,13.72948,-2.29977,8.58522,0.0002,0.48034
4950.34,index_price,1554289140049,open,0.06,19.3,0.03342924,0.07693159,0.05370224,77.65,0.0525,0,BTC-12APR19-5000-P,4950.34,71.7,0.05,18.0,0.0555,18.0,80.54,3.0789,-13.46879,-0.67704,0.00067,-0.50873
4949.76,BTC-27SEP19,1554289140048,open,0.05,42.0,0.00218299,0.15928537,0.05069601,81.47,0.0305,0.0,BTC-27DEC19-12000-C,4950.34,68.24,0.025,0.5,0.077,1.0,92.25,11.08161,-1.68521,4.65503,8e-05,0.17884
4950.34,index_price,1554289140052,open,0.2,518.6,0.19401471,0.2027392,0.20015812,69.2,0.204,0,BTC-26APR19-4000-C,4950.34,65.05,0.1985,1.0,0.205,11.5,79.64,2.07681,-3.14116,2.19019,0.0002,0.9061
4950.34,index_price,1554289140049,open,0.01,48.1,0.00034213,0.01820935,0.00557055,77.71,0.005,0,BTC-12APR19-4250-P,4950.34,71.24,0.004,10.0,0.006,40.0,79.33,1.28985,-5.64675,-0.1193,0.00028,-0.09353
4949.76,BTC-27SEP19,1554289140048,open,0.09,77.1,0.03224688,0.20584447,0.08187617,68.19,0.067,0.0,BTC-27DEC19-3500-P,4950.34,58.72,0.0605,6.0,0.077,6.0,66.07,11.43142,-1.45499,-9.80298,9e-05,-0.18798
4950.34,index_price,1554289140048,open,0.11,6.0,0.09011813,0.12508915,0.10768837,83.9,0.106,0,BTC-12APR19-5375-P,4950.34,75.85,0.1035,6.0,0.109,6.0,86.36,2.62738,-12.41873,-0.98851,0.00053,-0.71349
4950.34,index_price,1554289140048,open,0.1,704.4,0.09098521,0.09578207,0.09235648,84.0,0.0935,0,BTC-5APR19-4500-C,4950.34,0.0,0.0895,6.0,0.0935,6.0,96.46,0.38479,-8.61575,0.21735,0.00036,0.94675
4950.34,index_price,1554289140051,open,0.07,582.3,0.04529789,0.07026056,0.0628951,67.62,0.0675,0,BTC-26APR19-5000-C,4950.34,64.22,0.0595,0.3,0.0655,14.4,70.23,4.94245,-7.305,1.38791,0.00048,0.51024
4950.34,index_price,1554289140051,open,0.0,1113.3,6.9e-07,0.00017162,0.00051495,84.99,0.001,0,BTC-26APR19-3000-P,4950.34,0.0,0.0,0.0,0.001,23.2,92.85,0.23973,-0.44534,-0.02313,2e-05,-0.00694
4949.76,BTC-27SEP19,1554289140048,open,1.26,0.0,1.22629215,1.40004265,1.26579693,73.17,None,0.0,BTC-27DEC19-11000-P,4950.34,0.0,0.0,0.0,0.0,0.0,0.0,10.66531,-1.45662,-76.19141,8e-05,-0.8316
4950.34,index_price,1554289140051,open,0.5,0.0,0.49498418,0.49498862,0.49490142,0.0,None,0,BTC-26APR19-2500-C,4950.34,0.0,0.0,0.0,0.0,0.0,0.0,0.0,0.0,1.56683,0.0,1.0
4950.34,index_price,1554289140050,open,0.3,32.6,0.29306635,0.29497432,0.2946356,72.65,0.275,0,BTC-26APR19-3500-C,4950.34,0.0,0.0,0.0,0.0,0.0,0.0,0.67284,-1.06838,2.11737,6e-05,0.9771
4950.34,index_price,1554289140048,open,0.13,15.5,0.11726096,0.1407084,0.12477422,76.02,0.13,0,BTC-12APR19-4375-C,4950.34,0.0,0.0005,50.0,0.1305,7.8,91.41,1.67891,-7.18974,0.89066,0.00037,0.86466
4950.34,index_price,1554289140049,open,0.11,219.3,0.09365255,0.12307294,0.10458663,76.37,0.111,0,BTC-12APR19-4500-C,4950.34,65.1,0.1,6.0,0.105,6.0,77.33,2.12692,-9.15096,0.8434,0.00047,0.80521
4950.34,index_price,1554289140050,open,0.16,1635.0,0.14772713,0.16187896,0.15705068,67.44,0.1705,0,BTC-26APR19-4250-C,4950.34,0.0,0.0255,4.0,0.1725,0.1,90.18,3.03507,-4.47392,2.11389,0.00029,0.8384
4950.34,index_price,1554289140053,open,0.35,23.7,0.34348961,0.34413792,0.34380143,68.55,0.1875,0,BTC-26APR19-3250-C,4950.34,0.0,0.0,0.0,0.0,0.0,0.0,0.19746,-0.29586,2.01858,2e-05,0.99442
4950.34,index_price,1554289140048,open,0.24,10.1,0.24247627,0.24248329,0.24197171,0.0,0.169,0,BTC-5APR19-3750-C,4950.34,0.0,0.0005,10.0,0.3265,0.1,500.0,0.0,0.0,0.19271,0.0,1.0
4949.76,BTC-27SEP19,1554289140055,open,0.3,2.2,0.29181063,0.36261099,0.30655283,59.54,0.8415,0.0,BTC-27SEP19-6000-P,4950.34,0.0,0.004,20.0,0.331,3.0,68.54,13.29945,-2.23832,-21.77897,0.00019,-0.60143
4950.34,index_price,1554289140053,open,0.05,62.4,0.0233976,0.06689996,0.04299277,76.56,0.044,0,BTC-12APR19-5000-C,4950.34,74.16,0.0415,6.4,0.045,18.0,79.79,3.07876,-13.27914,0.53865,0.00067,0.49046
4950.34,index_price,1554289140054,open,0.05,43.6,0.03764865,0.05401503,0.04967017,98.43,0.047,0,BTC-5APR19-5125-P,4950.34,87.92,0.047,18.0,0.0515,0.2,105.47,1.27586,-33.47686,-0.18457,0.00103,-0.67585
4950.34,index_price,1554289140054,open,0.05,1031.4,0.0267042,0.05052477,0.04449129,68.79,0.047,0,BTC-26APR19-5250-C,4950.34,64.64,0.0405,34.1,0.047,19.3,71.38,4.7857,-7.19526,1.10077,0.00045,0.39929
4949.76,BTC-27SEP19,1554289140050,open,0.25,10.0,0.19570969,0.42181397,0.24683745,61.47,0.22,0.0,BTC-27DEC19-4500-C,4950.34,55.72,0.229,3.0,0.2655,3.0,67.51,15.32739,-1.75861,15.4284,0.00014,0.67155
4950.34,index_price,1554289140056,open,0.05,288.5,0.03129451,0.05480807,0.04861977,68.48,0.047,0,BTC-26APR19-4750-P,4950.34,65.18,0.0455,13.2,0.051,21.3,70.99,4.68716,-7.0155,-1.30483,0.00045,-0.37195
4950.34,index_price,1554289140055,open,0.01,900.1,0.00204002,0.0107645,0.0087257,70.47,0.009,0,BTC-26APR19-4000-P,4950.34,67.54,0.0075,3.2,0.008,0.2,68.76,2.13366,-3.28661,-0.32931,0.0002,-0.09742
4949.94,BTC-27SEP19,1554289140559,open,0.03,1.0,0.01988688,0.0573331,0.03289114,64.0,0.0425,0.0,BTC-27SEP19-3250-P,4950.34,58.92,0.026,6.0,0.038,20.2,67.56,6.95694,-1.25863,-3.70543,9e-05,-0.12159
166.66,index_price,1554289140850,open,0.0,281.0,8.5e-05,0.009014,0.002459,96.03,0.001,0.2,ETH-12APR19-130-P,166.66,0.0,0.0,0.0,0.002,248.0,92.32,0.02179,-0.11414,-0.00167,0.00336,-0.03868
172.67,ETH-27SEP19,1554289140860,open,0.01,120.0,0.00044,0.02619,0.005579,86.82,0.01,0.0,ETH-27SEP19-60-P,166.66,66.27,0.001,2000.0,0.01,30.0,97.82,0.0585,-0.01436,-0.02151,0.00047,-0.02012
171.44,ETH-28JUN19,1554289140913,open,0.21,497.0,0.182123,0.274192,0.205468,74.23,0.21,0.0,ETH-28JUN19-150-C,166.66,70.93,0.2,20.0,0.209,137.0,76.35,0.28501,-0.12318,0.20319,0.00555,0.70921
172.67,ETH-27SEP19,1554289140976,open,0.55,0.0,0.540277,0.594501,0.552334,82.17,None,0.0,ETH-27SEP19-80-C,166.66,0.0,0.0,0.0,0.0,0.0,0.0,0.12682,-0.02946,0.33153,0.00107,0.94855
172.67,ETH-27SEP19,1554289141134,open,0.01,300.0,0.003588,0.057813,0.015569,82.07,0.026,0.0,ETH-27SEP19-80-P,166.66,61.18,0.004,30.0,0.02,30.0,87.78,0.12654,-0.02936,-0.05596,0.00107,-0.05131
171.44,ETH-28JUN19,1554289141143,open,0.76,0.0,0.753862,0.809507,0.770431,83.89,None,0.0,ETH-28JUN19-300-P,166.66,0.0,0.0,0.0,0.0,0.0,0.0,0.16701,-0.08158,-0.66544,0.00288,-0.87932
4950.34,index_price,1554289141181,open,0.01,126.0,0.00149877,0.01593803,0.01029004,91.38,0.009,0,BTC-5APR19-4750-P,4950.34,76.48,0.007,24.2,0.009,3.5,85.68,1.13607,-27.67237,-0.06711,0.00099,-0.25353
4950.34,index_price,1554289141195,open,0.27,6.0,0.26772712,0.27027861,0.26775503,65.52,0.11,0,BTC-12APR19-3625-C,4950.34,0.0,0.0,0.0,0.0,0.0,0.0,0.02515,-0.09284,0.8803,1e-05,0.99904
171.44,ETH-28JUN19,1554289141214,open,0.18,1046.0,0.148311,0.2473,0.174045,74.27,0.19,0.0,ETH-28JUN19-160-C,166.66,70.92,0.168,18.0,0.178,162.0,76.46,0.30959,-0.13388,0.18996,0.00603,0.64499
4950.34,index_price,1554289141239,open,0.02,24.1,0.00101292,0.02668023,0.01314026,86.32,0.0145,0,BTC-12APR19-5625-C,4950.34,83.58,0.012,7.4,0.014,24.0,88.34,2.08758,-10.15171,0.21162,0.00041,0.18894
166.66,index_price,1554289141359,open,0.34,37.0,0.339974,0.339974,0.3393,0.0,0.369,0,ETH-5APR19-110-C,166.66,0.0,0.001,50.0,0.0,0.0,0.0,0.0,0.0,0.00565,0.0,1.0
172.67,ETH-27SEP19,1554289141363,open,0.03,1533.0,0.014021,0.101398,0.038363,82.07,0.025,0.0,ETH-27SEP19-100-P,166.66,68.2,0.022,30.0,0.04,30.0,83.33,0.22181,-0.05146,-0.12177,0.00187,-0.10716
4950.34,index_price,1554289141388,open,0.0,70.9,6e-08,0.00255154,0.0005194,89.24,0.0015,0,BTC-12APR19-3625-P,4950.34,0.0,0.0,0.0,0.001,20.5,98.04,0.21435,-1.07764,-0.01324,4e-05,-0.01048
4950.34,index_price,1554289141475,open,0.02,262.3,0.00599311,0.04112902,0.02108388,77.84,0.026,0,BTC-12APR19-4625-P,4950.34,70.74,0.0175,8.2,0.0205,0.5,76.69,2.53993,-11.13692,-0.34724,0.00055,-0.26738
171.44,ETH-28JUN19,1554289141556,open,0.13,2187.0,0.095266,0.201038,0.12474,75.24,0.13,0.0,ETH-28JUN19-180-C,166.66,72.27,0.119,18.0,0.126,232.0,75.89,0.33135,-0.14515,0.15924,0.00637,0.51952
172.67,ETH-27SEP19,1554289141602,open,0.06,420.0,0.036368,0.155411,0.073936,82.06,0.078,0.0,ETH-27SEP19-120-P,166.66,70.78,0.054,24.0,0.065,5.0,77.09,0.31331,-0.07268,-0.21089,0.00264,-0.1781
171.44,ETH-28JUN19,1554289141594,open,0.09,1656.0,0.059043,0.163455,0.088822,76.13,0.099,0.0,ETH-28JUN19-200-C,166.66,74.63,0.086,10.0,0.088,290.0,75.69,0.32289,-0.14312,0.12875,0.00613,0.40802
171.44,ETH-28JUN19,1554289141624,open,0.04,754.0,0.01218,0.08863,0.034518,80.28,0.02,0.0,ETH-28JUN19-260-C,166.66,78.35,0.032,24.0,0.036,289.0,81.4,0.22629,-0.10577,0.06306,0.00408,0.19086
171.44,ETH-28JUN19,1554289141637,open,0.02,1223.0,0.006406,0.052912,0.015381,74.81,0.015,0.0,ETH-28JUN19-110-P,166.66,66.67,0.01,30.0,0.017,274.0,77.0,0.12375,-0.0539,-0.03851,0.00239,-0.0801
171.47,ETH-28JUN19,1554289141652,open,0.14,470.0,0.110964,0.21448,0.138951,74.73,0.155,0.0,ETH-28JUN19-170-P,166.66,72.12,0.134,18.0,0.141,207.0,75.81,0.32491,-0.14136,-0.22501,0.00629,-0.41879
171.47,ETH-28JUN19,1554289141660,open,0.08,637.0,0.046017,0.147495,0.074576,76.35,0.084,0.0,ETH-28JUN19-210-C,166.66,74.37,0.071,24.0,0.074,274.0,76.04,0.31075,-0.13815,0.1146,0.00588,0.35863
171.44,ETH-28JUN19,1554289141665,open,0.05,676.0,0.020983,0.108471,0.045838,78.32,0.053,0.0,ETH-28JUN19-240-C,166.66,76.43,0.043,24.0,0.047,272.0,79.08,0.26045,-0.11876,0.07966,0.00481,0.24332
171.44,ETH-28JUN19,1554289141683,open,0.02,0.0,0.003979,0.059624,0.018196,81.41,None,0.0,ETH-28JUN19-300-C,166.66,76.56,0.014,288.0,0.023,311.0,86.35,0.15771,-0.07476,0.03756,0.0028,0.11132
171.44,ETH-28JUN19,1554289141688,open,0.02,0.0,0.003979,0.059624,0.018196,81.41,None,0.0,ETH-28JUN19-300-C,166.66,76.56,0.014,288.0,0.023,310.0,86.35,0.15771,-0.07476,0.03756,0.0028,0.11132
171.44,ETH-28JUN19,1554289141693,open,0.03,57.0,0.006989,0.072598,0.024364,80.3,0.015,0.0,ETH-28JUN19-280-C,166.66,74.12,0.018,288.0,0.028,275.0,83.51,0.1882,-0.08798,0.04805,0.00339,0.14348
171.47,ETH-28JUN19,1554289141710,open,0.07,644.0,0.035614,0.133093,0.063055,76.89,0.071,0.0,ETH-28JUN19-220-C,166.66,75.1,0.06,29.0,0.063,274.0,76.85,0.29545,-0.13226,0.10163,0.00555,0.31498
172.67,ETH-27SEP19,1554289141719,open,0.3,343.0,0.262525,0.407492,0.311403,82.1,0.189,0.0,ETH-27SEP19-140-C,166.66,56.49,0.255,5.0,0.739,1.0,303.6,0.38752,-0.08994,0.36117,0.00327,0.74304
4950.34,index_price,1554289141760,open,0.0,372.5,5.3e-07,0.0040793,0.00067737,83.66,0.0005,0,BTC-12APR19-3750-P,4950.34,0.0,0.0,0.0,0.001,17.5,88.71,0.2776,-1.30834,-0.01782,6e-05,-0.01412
4950.34,index_price,1554289141822,open,0.02,4.2,0.00761617,0.02436756,0.02417455,74.75,0.0225,0,BTC-26APR19-5750-C,4950.34,69.25,0.02,12.1,0.024,19.3,74.53,3.85183,-6.29342,0.66932,0.00034,0.23991
172.67,ETH-27SEP19,1554289141854,open,0.09,548.0,0.032075,0.191087,0.092444,87.78,0.064,0.0,ETH-27SEP19-280-C,166.66,74.85,0.062,24.0,0.087,24.0,85.56,0.4262,-0.10576,0.18508,0.00336,0.31363
4950.34,index_price,1554289141874,open,0.03,76.9,0.01180453,0.0516098,0.02992877,77.9,0.0285,0,BTC-12APR19-4750-P,4950.34,71.01,0.026,7.3,0.0305,24.0,78.89,2.84192,-12.47071,-0.45045,0.00061,-0.34427
166.66,index_price,1554289141896,open,0.22,293.0,0.219969,0.220066,0.219189,0.0,0.254,0,ETH-5APR19-130-C,166.66,0.0,0.216,134.0,0.227,134.0,260.64,0.0,0.0,0.00668,0.0,1.0
172.67,ETH-27SEP19,1554289141985,open,0.71,0.0,0.653665,0.812677,0.713847,87.7,None,0.0,ETH-27SEP19-280-P,166.66,0.0,0.002,1.0,2.5,1.0,500.0,0.426,-0.10561,-1.1719,0.00336,-0.68671
4950.34,index_price,1554289141991,open,0.14,974.8,0.14147312,0.14243226,0.14146127,0.0,0.146,0,BTC-5APR19-4250-C,4950.34,0.0,0.136,0.3,0.164,0.4,272.96,0.0,0.0,0.2184,0.0,1.0
166.66,index_price,1554289142004,open,0.0,778.0,0.0,9.7e-05,1.6e-05,110.44,0.003,0,ETH-5APR19-130-P,166.66,0.0,0.0,0.0,0.001,500.0,175.27,0.00031,-0.00271,-1e-05,0.00019,-0.00074
4950.34,index_price,1554289142071,open,0.18,0.0,0.16915255,0.18590393,0.18649044,75.75,None,0,BTC-26APR19-5750-P,4950.34,0.0,0.0,0.0,0.0,0.0,0.0,3.88377,-6.43031,-2.92539,0.00033,-0.75641
4949.82,BTC-27SEP19,1554289142076,open,0.35,0.0,0.29544368,0.54741726,0.35281881,62.14,None,0.0,BTC-27DEC19-6000-P,4950.34,54.66,0.3275,3.0,0.377,3.0,69.22,16.84019,-1.95308,-32.35962,0.00015,-0.53797
166.66,index_price,1554289142113,open,0.17,142.0,0.159967,0.160985,0.159465,0.0,0.197,0,ETH-5APR19-140-C,166.66,0.0,0.156,182.0,0.167,182.0,199.28,0.0,0.0,0.00719,0.0,1.0
171.45,ETH-28JUN19,1554289142115,open,1.91,0.0,1.916316,1.926031,1.925066,113.03,None,0.0,ETH-28JUN19-500-P,166.66,0.0,0.001,20.0,0.0,0.0,0.0,0.08115,-0.0534,-1.16109,0.00104,-0.95334
172.67,ETH-27SEP19,1554289142118,open,0.08,171.0,0.023528,0.17355,0.079596,88.45,0.051,0.0,ETH-27SEP19-300-C,166.66,75.42,0.051,24.0,0.074,24.0,86.03,0.40309,-0.10079,0.16587,0.00315,0.27783
4954.45,BTC-28JUN19,1554289142148,open,0.36,0.0,0.34581493,0.35803761,0.35298525,62.24,None,0.0,BTC-28JUN19-3250-C,4950.34,0.0,0.3325,5.0,0.3805,5.0,95.6,2.89505,-1.04914,6.8325,8e-05,0.93913
4950.34,index_price,1554289142167,open,0.0,81.5,3.77e-06,0.00625383,0.00110992,80.95,0.001,0,BTC-12APR19-3875-P,4950.34,0.0,0.0,0.0,0.0015,10.0,85.19,0.41408,-1.88832,-0.02851,9e-05,-0.02258
4950.34,index_price,1554289142176,open,0.29,12.0,0.29297786,0.29297805,0.29250345,0.0,0.1375,0,BTC-5APR19-3500-C,4950.34,0.0,0.0005,15.0,0.3865,0.1,500.0,0.0,0.0,0.17986,0.0,1.0
171.45,ETH-28JUN19,1554289142174,open,0.13,2187.0,0.095289,0.20106,0.12474,75.22,0.13,0.0,ETH-28JUN19-180-C,166.66,72.26,0.119,18.0,0.126,233.0,75.88,0.33137,-0.14514,0.15927,0.00637,0.51957
4949.82,BTC-27SEP19,1554289142199,open,0.61,0.0,0.59670589,0.65861068,0.60542444,68.36,None,0.0,BTC-27DEC19-2000-C,4950.34,0.0,0.0,0.0,0.0,0.0,0.0,3.11102,-0.39693,13.13999,3e-05,0.96714
4950.34,index_price,1554289142205,open,0.0,180.6,1e-08,0.00095915,0.00056433,105.39,0.001,0,BTC-5APR19-4250-P,4950.34,0.0,0.0,0.0,0.0005,15.0,103.45,0.17073,-2.79361,-0.00519,0.00013,-0.01985
4949.82,BTC-27SEP19,1554289142215,open,0.38,0.0,0.36330015,0.4007486,0.37589412,63.71,None,0.0,BTC-27SEP19-3250-C,4950.34,0.0,0.0,0.0,0.0,0.0,0.0,6.93023,-1.24806,12.06945,9e-05,0.87907
171.44,ETH-28JUN19,1554289142213,open,0.09,1656.0,0.059043,0.163455,0.088822,76.13,0.099,0.0,ETH-28JUN19-200-C,166.66,74.63,0.086,10.0,0.088,291.0,75.69,0.32289,-0.14312,0.12875,0.00613,0.40802
166.66,index_price,1554289142226,open,0.0,547.0,0.0,0.001018,0.000356,110.58,0.001,0,ETH-5APR19-140-P,166.66,0.0,0.0,0.0,0.001,496.0,129.6,0.00389,-0.05933,-0.00011,0.00247,-0.01259
171.45,ETH-28JUN19,1554289142225,open,0.08,637.0,0.045988,0.147458,0.074576,76.37,0.084,0.0,ETH-28JUN19-210-C,166.66,74.39,0.071,24.0,0.074,275.0,76.05,0.3107,-0.13816,0.11456,0.00588,0.35858
4949.82,BTC-27SEP19,1554289142230,open,0.12,10.5,0.06174994,0.31206754,0.11559431,61.92,0.102,0.0,BTC-27DEC19-6500-C,4950.34,41.68,0.052,7.0,0.1265,6.0,65.19,16.40292,-1.89575,10.4011,0.00015,0.40191
4949.82,BTC-27SEP19,1554289142244,open,0.1,17.0,0.04560743,0.29111358,0.09560875,61.92,0.1025,0.0,BTC-27DEC19-7000-C,4950.34,46.99,0.051,16.0,0.1075,6.0,65.64,15.68995,-1.81347,9.2046,0.00014,0.34899
4954.45,BTC-28JUN19,1554289142288,open,0.01,20.0,0.00179087,0.01401355,0.00975922,63.58,0.0105,0.0,BTC-28JUN19-3250-P,4950.34,58.68,0.007,28.0,0.0115,18.0,66.33,3.01358,-1.11557,-0.86073,8e-05,-0.06408
4950.34,index_price,1554289142263,open,0.07,18.0,0.04953037,0.09169922,0.07009738,79.84,0.0575,0,BTC-12APR19-5125-P,4950.34,73.07,0.066,18.0,0.072,18.0,82.97,3.00846,-13.53106,-0.78932,0.00063,-0.58561
4950.34,index_price,1554289142291,open,0.11,6.0,0.09011813,0.12508915,0.10768837,83.9,0.106,0,BTC-12APR19-5375-P,4950.34,75.85,0.1035,6.0,0.1095,6.0,87.29,2.62738,-12.41873,-0.98851,0.00053,-0.71349
4950.34,index_price,1554289142292,open,0.07,219.1,0.05227447,0.09207975,0.06975476,76.77,0.093,0,BTC-12APR19-4750-C,4950.34,67.53,0.0645,18.0,0.0705,18.0,78.07,2.83723,-12.2707,0.70719,0.00062,0.65724
4950.34,index_price,1554289142317,open,0.01,48.1,0.00034213,0.01820935,0.00557055,77.71,0.005,0,BTC-12APR19-4250-P,4950.34,71.24,0.004,10.0,0.006,10.0,79.33,1.28985,-5.64675,-0.1193,0.00028,-0.09353
4949.82,BTC-27SEP19,1554289142362,open,0.03,0.0,0.0006833,0.12963262,0.03378533,81.51,None,0.0,BTC-27DEC19-14000-C,4950.34,0.0,0.0,0.0,0.0,0.0,0.0,8.83614,-1.34442,3.39367,6e-05,0.12721
4950.34,index_price,1554289142362,open,0.2,48.9,0.19199577,0.20120586,0.19334096,74.53,0.2055,0,BTC-12APR19-4000-C,4950.34,0.0,0.0,0.0,0.0,0.0,0.0,0.51405,-2.15823,0.93585,0.00012,0.97077
4949.82,BTC-27SEP19,1554289142364,open,0.01,34.4,0.00076099,0.06266578,0.0097303,68.75,0.011,0.0,BTC-27DEC19-2000-P,4950.34,60.02,0.005,15.0,0.0,0.0,0.0,3.15257,-0.40456,-1.56662,3e-05,-0.0334
4954.51,BTC-28JUN19,1554289142358,open,0.11,924.4,0.09243819,0.14045171,0.10967218,58.95,0.1145,0.0,BTC-28JUN19-5000-C,4950.34,56.52,0.105,5.0,0.113,10.8,60.68,9.52849,-3.27038,5.0651,0.00028,0.54419
4950.34,index_price,1554289142383,open,0.03,341.0,0.01531517,0.03489084,0.02947286,68.42,0.03,0,BTC-26APR19-4500-P,4950.34,64.1,0.026,21.3,0.0295,0.4,68.45,4.02208,-6.01486,-0.89897,0.00038,-0.26028
4950.34,index_price,1554289142391,open,0.02,14.0,0.00371072,0.01639669,0.01624988,74.77,0.016,0,BTC-26APR19-6000-C,4950.34,71.2,0.014,12.7,0.017,19.3,75.93,3.19722,-5.22533,0.49323,0.00028,0.17523
4950.34,index_price,1554289142393,open,0.0,318.5,0.0,2e-07,8e-08,110.23,0.0005,0,BTC-5APR19-3500-P,4950.34,0.0,0.0,0.0,0.0005,25.0,212.39,8e-05,-0.00039,0.0,0.0,0.0
4949.82,BTC-27SEP19,1554289142397,open,0.43,0.0,0.374929,0.62524661,0.42958835,62.16,None,0.0,BTC-27DEC19-6500-P,4950.34,0.0,0.0,0.0,0.0,0.0,0.0,16.41542,-1.90473,-37.28904,0.00015,-0.59689
4949.82,BTC-27SEP19,1554289142399,open,0.51,0.0,0.45980027,0.70530642,0.51067925,62.2,None,0.0,BTC-27DEC19-7000-P,4950.34,0.0,0.0,0.0,0.0,0.0,0.0,15.71474,-1.82445,-42.14567,0.00014,-0.64949
4954.45,BTC-28JUN19,1554289142422,open,0.27,30.0,0.25216267,0.2770669,0.2679181,61.95,0.1425,0.0,BTC-28JUN19-3750-C,4950.34,40.32,0.249,5.0,0.29,5.0,80.47,5.36728,-1.93603,6.89341,0.00015,0.85929
166.66,index_price,1554289142446,open,0.0,1093.0,9.6e-05,0.00571,0.002351,102.27,0.004,0,ETH-5APR19-150-P,166.66,0.0,0.0,0.0,0.002,230.0,98.5,0.0161,-0.3918,-0.00062,0.01103,-0.07035
172.67,ETH-27SEP19,1554289142452,open,0.16,462.0,0.110129,0.288821,0.1582,77.37,0.178,0.0,ETH-27SEP19-200-C,166.66,72.25,0.144,18.0,0.176,18.0,83.78,0.47953,-0.10487,0.28481,0.00429,0.49859
4949.82,BTC-27SEP19,1554289142473,open,0.3,0.0,0.28573331,0.33662932,0.3004367,61.87,None,0.0,BTC-27SEP19-3750-C,4950.34,0.0,0.0,0.0,0.0,0.0,0.0,9.49822,-1.66133,12.10416,0.00013,0.80506
4950.34,index_price,1554289142495,open,0.12,1220.2,0.11622277,0.11849904,0.1163722,72.97,0.001,0,BTC-5APR19-4375-C,4950.34,0.0,0.002,10.0,0.1215,8.4,142.49,0.08176,-1.59033,0.22263,9e-05,0.99153
4949.82,BTC-27SEP19,1554289142532,open,0.52,0.0,0.49906928,0.59796018,0.51869695,67.9,None,0.0,BTC-27DEC19-2500-C,4950.34,0.0,0.0,0.0,0.0,0.0,0.0,5.78395,-0.73308,14.88874,5e-05,0.92855
4949.82,BTC-27SEP19,1554289142542,open,0.07,10.9,0.02471951,0.25482834,0.0656968,61.93,0.0705,0.0,BTC-27DEC19-8000-C,4950.34,48.28,0.0315,7.0,0.079,6.0,66.58,13.78712,-1.59369,7.10206,0.00012,0.2612
4950.34,index_price,1554289142548,open,0.0,15.8,2.108e-05,0.00923116,0.00190854,79.25,0.002,0,BTC-12APR19-4000-P,4950.34,63.56,0.0005,18.7,0.003,48.3,86.83,0.62415,-2.78639,-0.04683,0.00013,-0.03699
4954.45,BTC-28JUN19,1554289142560,open,0.03,8.7,0.00905798,0.03396222,0.02573422,62.8,0.023,0.0,BTC-28JUN19-3750-P,4950.34,59.78,0.0225,10.1,0.026,18.5,63.04,5.4276,-1.98449,-1.96746,0.00015,-0.14305
171.45,ETH-28JUN19,1554289142562,open,0.0,1556.0,0.000271,0.014629,0.002775,81.72,0.004,0.0,ETH-28JUN19-80-P,166.66,77.53,0.002,140.0,0.003,316.0,82.79,0.03497,-0.01664,-0.00796,0.00062,-0.01695
4949.82,BTC-27SEP19,1554289142604,open,0.06,1.3,0.04333662,0.09423263,0.05851018,62.12,0.0635,0.0,BTC-27SEP19-3750-P,4950.34,57.09,0.049,14.6,0.0655,6.0,65.72,9.512,-1.67033,-6.09045,0.00013,-0.1954
4950.34,index_price,1554289142628,open,0.27,10.7,0.26772707,0.26772837,0.26723625,0.0,0.1955,0,BTC-5APR19-3625-C,4950.34,0.0,0.0005,10.0,0.3565,0.1,500.0,0.0,0.0,0.18628,0.0,1.0
4950.34,index_price,1554289142652,open,0.23,0.0,0.21574868,0.22843466,0.22910125,76.02,None,0,BTC-26APR19-6000-P,4950.34,0.0,0.0,0.0,0.0,0.0,0.0,3.25218,-5.40391,-3.2548,0.00028,-0.81998
171.45,ETH-28JUN19,1554289142698,open,0.38,10.0,0.364816,0.411314,0.372901,73.56,0.265,0.0,ETH-28JUN19-110-C,166.66,0.0,0.007,5.0,0.0,0.0,0.0,0.12067,-0.05168,0.22171,0.00237,0.92252
4954.45,BTC-28JUN19,1554289142701,open,0.2,2.5,0.17084449,0.20872772,0.19639752,62.18,0.166,0.0,BTC-28JUN19-4250-C,4950.34,50.36,0.1785,5.0,0.6,6.0,323.43,7.71453,-2.79308,6.39653,0.00021,0.74514
4949.82,BTC-27SEP19,1554289142701,open,0.68,0.0,0.6409399,0.87104873,0.68292023,62.29,None,0.0,BTC-27DEC19-8000-P,4950.34,0.0,0.0,0.0,0.0,0.0,0.0,13.84654,-1.60985,-51.56685,0.00012,-0.7366
4949.82,BTC-27SEP19,1554289142705,open,0.03,149.7,0.00413815,0.10302905,0.02407928,68.17,0.015,0.0,BTC-27DEC19-2500-P,4950.34,56.44,0.012,14.0,0.025,6.0,68.95,5.81333,-0.73971,-3.4875,5e-05,-0.07192
172.67,ETH-27SEP19,1554289142727,open,0.13,489.0,0.081194,0.2593,0.128725,77.77,0.102,0.0,ETH-27SEP19-220-C,166.66,73.09,0.116,18.0,0.146,18.0,84.06,0.47209,-0.10378,0.25195,0.0042,0.42984
4950.34,index_price,1554289142732,open,0.0,191.1,4.5e-07,0.00227672,0.00074299,92.19,0.0005,0,BTC-5APR19-4375-P,4950.34,0.0,0.0,0.0,0.001,18.3,97.2,0.23176,-3.67807,-0.00745,0.0002,-0.02855
4949.82,BTC-27SEP19,1554289142745,open,0.24,0.0,0.22031845,0.2818959,0.2365287,60.91,None,0.0,BTC-27SEP19-4250-C,4950.34,0.0,0.0,0.0,0.0,0.0,0.0,11.67519,-2.01035,11.50485,0.00016,0.71617
4950.34,index_price,1554289142769,open,0.17,65.4,0.16681787,0.17989128,0.16936012,74.47,0.165,0,BTC-12APR19-4125-C,4950.34,0.0,0.1665,0.4,0.197,0.1,158.95,0.81749,-3.42945,0.93768,0.00018,0.94831
4954.42,BTC-28JUN19,1554289142837,open,0.05,24.1,0.02866062,0.06654443,0.0552602,62.85,0.047,0.0,BTC-28JUN19-4250-P,4950.34,59.14,0.0495,11.0,0.0535,14.4,61.72,7.73388,-2.8303,-3.6292,0.00021,-0.25608
171.45,ETH-28JUN19,1554289142843,open,0.0,1744.0,0.00098,0.024195,0.003925,74.77,0.011,0.0,ETH-28JUN19-90-P,166.66,60.16,0.001,5.0,0.005,251.0,78.29,0.04877,-0.02123,-0.01171,0.00094,-0.0251
4949.82,BTC-27SEP19,1554289142843,open,0.05,50.4,0.01337005,0.22463826,0.04547697,61.93,0.0455,0.0,BTC-27DEC19-9000-C,4950.34,49.39,0.02,11.0,0.0615,10.0,68.36,11.67185,-1.34929,5.41243,0.0001,0.19447
172.67,ETH-27SEP19,1554289142845,open,0.4,0.0,0.3553,0.533407,0.402628,77.69,None,0.0,ETH-27SEP19-220-P,166.66,0.0,0.0,0.0,0.0,0.0,0.0,0.47204,-0.10367,-0.8142,0.00421,-0.57043
4950.34,index_price,1554289142845,open,0.0,307.3,0.0,1.31e-06,6.2e-07,110.25,0.0005,0,BTC-5APR19-3625-P,4950.34,0.0,0.0,0.0,0.0005,27.0,193.14,0.00051,-0.00308,-1e-05,0.0,-3e-05
4949.82,BTC-27SEP19,1554289142877,open,0.45,0.0,0.40743843,0.54507764,0.44164909,67.97,None,0.0,BTC-27DEC19-3000-C,4950.34,0.0,0.0,0.0,0.0,0.0,0.0,8.7216,-1.1065,15.74791,7e-05,0.87515
4949.82,BTC-27SEP19,1554289142885,open,0.09,0.0,0.07893553,0.14051298,0.09566996,61.13,None,0.0,BTC-27SEP19-4250-P,4950.34,57.45,0.087,6.0,0.104,6.0,64.66,11.67875,-2.0183,-9.10717,0.00016,-0.28401
4950.34,index_price,1554289142910,open,0.01,44.5,0.00171063,0.01082809,0.01124988,75.81,0.011,0,BTC-26APR19-6250-C,4950.34,73.37,0.01,12.9,0.013,24.0,79.04,2.6008,-4.30948,0.3638,0.00022,0.12851
4949.88,BTC-27SEP19,1554289142996,open,0.86,0.0,0.83159684,1.04286717,0.86484169,62.41,None,0.0,BTC-27DEC19-9000-P,4950.34,0.0,0.0,0.0,0.0,0.0,0.0,11.77986,-1.37233,-60.57249,0.0001,-0.80256
4950.34,index_price,1554289143007,open,0.35,0.0,0.34347944,0.34394176,0.34329661,0.0,None,0,BTC-12APR19-3250-C,4950.34,0.0,0.0005,50.0,0.0,0.0,0.0,0.0,0.0,0.7903,0.0,1.0
4949.88,BTC-27SEP19,1554289143017,open,0.19,1.0,0.16713435,0.23566845,0.18546325,60.91,0.198,0.0,BTC-27SEP19-4750-C,4950.34,57.72,0.177,3.0,0.197,3.0,65.27,13.10478,-2.25643,10.4572,0.00018,0.62142
4949.88,BTC-27SEP19,1554289143043,open,0.05,100.4,0.01352009,0.15115654,0.04810245,68.18,0.04,0.0,BTC-27DEC19-3000-P,4950.34,59.5,0.0335,6.0,0.0455,6.0,66.7,8.73917,-1.11218,-6.29582,7e-05,-0.12521
166.66,index_price,1554289143108,open,0.02,44.0,0.004083,0.035005,0.019424,99.62,0.029,0.2,ETH-12APR19-190-C,166.66,92.22,0.016,156.0,0.022,142.0,104.95,0.07915,-0.46355,0.00858,0.01176,0.23125
172.67,ETH-27SEP19,1554289143114,open,0.49,1.0,0.449589,0.623467,0.495262,78.22,0.783,0.0,ETH-27SEP19-240-P,166.66,0.0,0.001,10.0,0.0,0.0,0.0,0.45375,-0.10033,-0.94175,0.00402,-0.63023
166.66,index_price,1554289143118,open,0.02,23.0,0.001138,0.02319,0.0128,105.42,0.018,0.2,ETH-12APR19-200-C,166.66,94.7,0.009,189.0,0.014,119.0,108.54,0.06304,-0.38773,0.00593,0.00885,0.15924
4949.88,BTC-27SEP19,1554289143154,open,0.0,2099.5,4.124e-05,0.00170187,0.00202287,82.05,0.0015,0.0,BTC-27SEP19-1500-P,4950.34,74.4,0.001,10.0,0.003,3.0,87.25,0.81757,-0.18963,-0.25854,1e-05,-0.00876
4954.42,BTC-28JUN19,1554289143154,open,0.23,453.0,0.21514309,0.24834454,0.23037204,62.09,0.201,0.0,BTC-28JUN19-4000-C,4950.34,0.0,0.191,5.0,0.28,17.6,96.29,6.61706,-2.39199,6.70306,0.00018,0.80542
4949.88,BTC-27SEP19,1554289143154,open,0.01,711.6,0.00179175,0.02004717,0.01677578,77.08,0.014,0.0,BTC-27SEP19-12000-C,4950.34,67.86,0.0085,23.0,0.015,20.0,75.37,5.29023,-1.15277,1.60026,6e-05,0.08349
4954.42,BTC-28JUN19,1554289143156,open,0.0,730.6,0.0,1.052e-05,0.00049051,98.84,0.001,0.0,BTC-28JUN19-20000-C,4950.34,0.0,0.0,0.0,0.001,14.4,105.82,0.27069,-0.15577,0.03835,0.0,0.00378
166.66,index_price,1554289143163,open,0.01,0.0,0.000269,0.015032,0.008022,108.78,None,0.2,ETH-12APR19-210-C,166.66,101.21,0.006,142.0,0.01,169.0,115.38,0.04752,-0.30013,0.00396,0.00647,0.1058
4954.42,BTC-28JUN19,1554289143168,open,0.0,346.9,1.207e-05,0.00138031,0.00346079,84.54,0.009,0.0,BTC-28JUN19-12000-C,4950.34,78.52,0.002,12.0,0.005,18.0,89.26,1.426,-0.70193,0.2564,3e-05,0.02546
4954.42,BTC-28JUN19,1554289143174,open,0.0,306.5,7.9e-07,0.00038044,0.00246768,91.94,0.0045,0.0,BTC-28JUN19-14000-C,4950.34,82.67,0.001,4.0,0.004,18.0,98.07,1.04305,-0.55836,0.17626,2e-05,0.01759
4949.88,BTC-27SEP19,1554289143193,open,0.65,2.5,0.63876297,0.69062513,0.65922386,65.56,1.278,0.0,BTC-27SEP19-8000-P,4950.34,0.0,0.0055,13.1,0.0,0.0,0.0,9.79196,-1.81481,-34.88052,0.00013,-0.79494
4954.42,BTC-28JUN19,1554289143193,open,0.0,130.3,3.08e-06,0.00072068,0.00295267,88.66,0.0005,0.0,BTC-28JUN19-13000-C,4950.34,81.39,0.0015,3.0,0.0045,18.0,94.06,1.22596,-0.63285,0.21354,2e-05,0.02127
4949.88,BTC-27SEP19,1554289143195,open,0.27,247.3,0.25147674,0.30814401,0.26826344,61.89,0.255,0.0,BTC-27SEP19-4000-C,4950.34,0.0,0.162,0.1,0.279,1.4,66.83,10.68426,-1.86939,11.82227,0.00015,0.76113
4954.42,BTC-28JUN19,1554289143195,open,0.02,690.3,0.00691282,0.0274349,0.01615482,62.9,0.02,0.0,BTC-28JUN19-3500-P,4950.34,60.26,0.014,10.1,0.0175,18.0,64.48,4.16335,-1.52471,-1.33355,0.00011,-0.09825
4954.42,BTC-28JUN19,1554289143195,open,0.31,165.2,0.30047292,0.32099499,0.30884977,61.86,0.2855,0.0,BTC-28JUN19-3500-C,4950.34,0.0,0.1505,5.1,0.3345,5.0,87.51,4.07427,-1.46741,6.94443,0.00011,0.9046
4950.34,index_price,1554289143195,open,0.0,7.2,0.0,0.00046232,0.00025777,107.26,0.001,0,BTC-12APR19-3250-P,4950.34,0.0,0.0,0.0,0.0005,18.6,116.15,0.10498,-0.63434,-0.00593,2e-05,-0.00467
4949.88,BTC-27SEP19,1554289143197,open,0.08,90.8,0.05957714,0.11624441,0.07687025,62.13,0.068,0.0,BTC-27SEP19-4000-P,4950.34,58.23,0.0685,6.0,0.084,6.5,65.41,10.69223,-1.87787,-7.58133,0.00014,-0.23919
4949.88,BTC-27SEP19,1554289143197,open,0.02,638.4,0.00334133,0.02747066,0.02346543,77.08,0.0145,0.0,BTC-27SEP19-11000-C,4950.34,65.79,0.011,25.0,0.0485,16.1,92.85,6.53213,-1.42334,2.10579,7e-05,0.11126
4949.88,BTC-27SEP19,1554289143210,open,0.38,4.8,0.32515492,0.49874685,0.37434521,68.0,0.314,0.0,BTC-27DEC19-3500-C,4950.34,0.0,0.255,1.0,0.0,0.0,0.0,11.42278,-1.44986,15.90822,9e-05,0.81226
166.66,index_price,1554289143217,open,0.0,0.0,0.0,0.001,0.000305,109.49,None,0.2,ETH-5APR19-200-C,166.66,130.01,0.001,161.0,0.002,100.0,146.95,0.00362,-0.05085,0.0001,0.00231,0.01157
4949.88,BTC-27SEP19,1554289143219,open,0.05,278.9,0.03015335,0.07456566,0.04596953,63.9,0.0385,0.0,BTC-27SEP19-3500-P,4950.34,59.98,0.0395,16.0,0.0505,6.0,66.57,8.32447,-1.50373,-4.89908,0.00011,-0.15827
4954.42,BTC-28JUN19,1554289143221,open,0.0,696.5,3.35e-06,0.00046609,0.00233787,93.14,0.0025,0.0,BTC-28JUN19-2000-P,4950.34,82.4,0.001,8.0,0.0025,15.0,94.13,0.79081,-0.42883,-0.17582,1e-05,-0.01275
4949.88,BTC-27SEP19,1554289143223,open,0.06,1244.9,0.04265453,0.10546852,0.05780045,60.82,0.06,0.0,BTC-27SEP19-7000-C,4950.34,58.94,0.0535,20.0,0.071,10.0,66.39,11.43498,-1.96603,5.13768,0.00016,0.27199
4950.34,index_price,1554289143229,open,0.12,1149.5,0.1062867,0.12586236,0.11983433,67.67,0.1225,0,BTC-26APR19-4500-C,4950.34,64.14,0.117,0.1,0.122,4.9,70.33,4.00848,-5.92864,1.92849,0.00039,0.74142
4954.42,BTC-28JUN19,1554289143235,open,0.01,979.5,0.00277594,0.02005933,0.01287924,67.21,0.014,0.0,BTC-28JUN19-8000-C,4950.34,64.84,0.011,25.0,0.0145,0.1,69.12,4.08215,-1.59748,0.9648,0.00011,0.09565
4949.88,BTC-27SEP19,1554289143237,open,0.03,354.7,0.01189325,0.05293274,0.02942142,67.14,0.025,0.0,BTC-27SEP19-9000-C,4950.34,63.61,0.024,25.0,0.0345,10.0,70.19,7.95777,-1.51023,2.84128,0.0001,0.14787
4950.34,index_price,1554289143239,open,0.07,72.0,0.05532952,0.08029219,0.07360458,68.3,0.0745,0,BTC-26APR19-5000-P,4950.34,64.69,0.07,14.4,0.077,14.4,71.7,4.94227,-7.37807,-1.74607,0.00047,-0.48918
4950.34,index_price,1554289143239,open,0.6,0.0,0.59598735,0.59598736,0.59573928,0.0,None,0,BTC-26APR19-2000-C,4950.34,0.0,0.0,0.0,0.0,0.0,0.0,0.0,0.0,1.25346,0.0,1.0
4954.42,BTC-28JUN19,1554289143242,open,0.62,24.8,0.61749572,0.63477912,0.62957649,69.53,1.058,0.0,BTC-28JUN19-8000-P,4950.34,0.0,0.0,0.0,0.0,0.0,0.0,4.37736,-1.77203,-17.76838,0.00011,-0.89475
4950.34,index_price,1554289143244,open,0.4,4.9,0.39398171,0.39415264,0.39408926,71.62,0.3695,0,BTC-26APR19-3000-C,4950.34,0.0,0.0,0.0,0.0,0.0,0.0,0.07748,-0.12128,1.87375,1e-05,0.99803
166.66,index_price,1554289143244,open,0.13,0.0,0.138891,0.142555,0.141725,122.35,None,0.2,ETH-5APR19-190-P,166.66,0.0,0.001,50.0,0.193,1.0,360.79,0.01693,-0.45468,-0.00914,0.00969,-0.9249
4950.34,index_price,1554289143248,open,0.25,224.9,0.24298048,0.24748336,0.24627769,70.55,0.209,0,BTC-26APR19-3750-C,4950.34,59.21,0.244,0.2,0.0,0.0,0.0,1.24521,-1.92012,2.18831,0.00011,0.95161
4950.34,index_price,1554289143248,open,0.04,36.9,0.01424794,0.0564168,0.03412016,78.7,0.0345,0,BTC-12APR19-5125-C,4950.34,76.02,0.0325,7.2,0.0355,18.0,80.97,3.00521,-13.3228,0.45545,0.00064,0.41247
166.66,index_price,1554289143248,open,0.0,100.0,0.0,0.000273,5.1e-05,110.21,0.001,0.2,ETH-12APR19-100-P,166.66,0.0,0.0,0.0,0.001,477.0,153.01,0.00089,-0.0054,-4e-05,0.00012,-0.00101
4950.34,index_price,1554289143269,open,0.0,234.2,0.0,4.44e-06,0.00025616,104.31,0.0005,0,BTC-26APR19-2500-P,4950.34,0.0,0.0,0.0,0.0005,10.0,112.51,0.11372,-0.25926,-0.01013,1e-05,-0.00301
4950.34,index_price,1554289143269,open,0.02,78.1,0.00625402,0.02040585,0.01615374,68.38,0.0195,0,BTC-26APR19-4250-P,4950.34,64.83,0.014,0.4,0.017,12.4,69.73,3.06858,-4.586,-0.56004,0.00029,-0.16436
4954.42,BTC-28JUN19,1554289143284,open,0.03,1451.3,0.009947,0.03917777,0.02389743,63.54,0.025,0.0,BTC-28JUN19-7000-C,4950.34,61.08,0.021,10.0,0.026,14.4,65.24,6.00422,-2.22111,1.66416,0.00016,0.16666
4950.34,index_price,1554289143284,open,0.02,130.9,0.00853173,0.02826995,0.02103863,89.59,0.0245,0,BTC-5APR19-5000-C,4950.34,84.16,0.0195,0.5,0.022,4.1,92.97,1.405,-33.55228,0.10936,0.00125,0.45093
4950.34,index_price,1554289143287,open,0.0,243.5,1.368e-05,0.00481054,0.00199501,91.1,0.001,0,BTC-5APR19-4500-P,4950.34,69.37,0.0005,27.0,0.0015,16.6,85.44,0.46439,-9.87598,-0.01773,0.0004,-0.0677
4954.42,BTC-28JUN19,1554289143360,open,0.0,337.6,4.768e-05,0.00267017,0.0040278,79.6,0.0065,0.0,BTC-28JUN19-11000-C,4950.34,74.32,0.0025,10.0,0.0055,18.0,83.57,1.65998,-0.76934,0.30916,4e-05,0.03055
4954.42,BTC-28JUN19,1554289143360,open,0.01,1179.1,0.00132335,0.01074363,0.00640701,66.48,0.005,0.0,BTC-28JUN19-3000-P,4950.34,61.77,0.0045,4.0,0.008,18.0,69.87,2.19549,-0.8498,-0.57581,6e-05,-0.04299
4949.88,BTC-27SEP19,1554289143360,open,0.01,733.3,0.00360333,0.02047613,0.01376455,71.88,0.0135,0.0,BTC-27SEP19-2500-P,4950.34,69.46,0.012,3.0,0.015,20.3,73.48,3.72866,-0.75759,-1.60418,4e-05,-0.05311
4950.34,index_price,1554289143361,open,0.0,1342.3,0.0005042,0.00500709,0.0043098,72.5,0.0055,0,BTC-26APR19-3750-P,4950.34,69.32,0.0035,0.4,0.005,20.2,74.98,1.32955,-2.10697,-0.17638,0.00012,-0.05254
4950.34,index_price,1554289143362,open,0.0,259.9,0.0,3.7e-07,0.00011408,110.09,0.0005,0,BTC-26APR19-2250-P,4950.34,0.0,0.0,0.0,0.0005,25.0,128.51,0.05511,-0.13261,-0.00456,0.0,-0.00135
172.67,ETH-27SEP19,1554289143362,open,0.59,0.0,0.549514,0.716713,0.592675,78.77,None,0.0,ETH-27SEP19-260-P,166.66,0.0,0.013,1.0,0.0,0.0,0.0,0.42894,-0.09552,-1.06625,0.00377,-0.68161
4950.34,index_price,1554289143361,open,0.0,1917.4,8.85e-05,0.00199647,0.00213223,75.88,0.0035,0,BTC-26APR19-3500-P,4950.34,67.04,0.001,0.4,0.003,44.6,80.83,0.78249,-1.2977,-0.09169,7e-05,-0.02742
4949.88,BTC-27SEP19,1554289143364,open,0.16,773.0,0.14483246,0.21541609,0.15916779,59.24,0.165,0.0,BTC-27SEP19-5000-C,4950.34,57.53,0.1545,3.0,0.164,2.5,61.01,13.52131,-2.26425,9.90518,0.00019,0.57211
4954.42,BTC-28JUN19,1554289143365,open,0.26,35.5,0.24357838,0.28637288,0.26261682,61.61,0.451,0.0,BTC-28JUN19-6000-P,4950.34,0.0,0.0,0.0,0.0,0.0,0.0,8.49739,-3.04837,-11.08534,0.00024,-0.68838
4950.34,index_price,1554289143368,open,0.02,61.0,0.00433413,0.03930515,0.02117569,82.53,0.0215,0,BTC-12APR19-5375-C,4950.34,79.32,0.0195,8.3,0.0215,5.2,83.14,2.61012,-12.13464,0.31468,0.00053,0.28258
166.66,index_price,1554289143360,open,0.35,0.0,0.343176,0.344314,0.342835,0.0,None,0.2,ETH-12APR19-110-C,166.66,0.0,0.001,10.0,0.0,0.0,0.0,0.0,-0.05998,0.02662,0.0,1.0
4954.42,BTC-28JUN19,1554289143376,open,0.7,31.8,0.69724005,0.69726668,0.69763079,95.53,0.6765,0.0,BTC-28JUN19-1500-C,4950.34,0.0,0.0005,1.0,0.0,0.0,0.0,0.18487,-0.10283,3.49572,0.0,0.99752
4949.88,BTC-27SEP19,1554289143376,open,0.34,333.0,0.3230655,0.36747781,0.33843857,63.64,0.324,0.0,BTC-27SEP19-3500-C,4950.34,0.0,0.161,1.0,0.3505,0.5,70.63,8.3052,-1.49405,12.08561,0.00011,0.84229
4954.42,BTC-28JUN19,1554289143376,open,0.4,48.2,0.39580343,0.40522371,0.40014554,64.75,0.295,0.0,BTC-28JUN19-3000-C,4950.34,0.0,0.1795,0.1,0.412,1.0,85.54,2.05781,-0.77581,6.52959,6e-05,0.96031
4954.42,BTC-28JUN19,1554289143376,open,0.01,866.2,0.00018817,0.00520822,0.00537035,75.38,0.0025,0.0,BTC-28JUN19-10000-C,4950.34,71.88,0.004,10.0,0.0065,0.2,77.87,2.1176,-0.92943,0.41665,5e-05,0.04111
4954.42,BTC-28JUN19,1554289143377,open,3.03,0.4,3.03679946,3.03680998,3.04223363,129.05,5.076,0.0,BTC-28JUN19-20000-P,4950.34,0.0,0.0,0.0,0.0,0.0,0.0,1.52869,-1.14865,-46.79602,2e-05,-0.97233
4950.34,index_price,1554289143376,open,0.02,54.4,0.00236622,0.0187326,0.01369296,95.73,0.0195,0,BTC-5APR19-5125-C,4950.34,89.05,0.012,4.0,0.015,3.9,100.8,1.2671,-32.33349,0.07762,0.00105,0.31883
4950.34,index_price,1554289143377,open,0.14,11.1,0.12575881,0.14651397,0.14701357,75.56,0.134,0,BTC-26APR19-5500-P,4950.34,0.0,0.0,0.0,0.34,1.0,271.96,4.44348,-7.3383,-2.55958,0.00038,-0.67798
4950.34,index_price,1554289143387,open,0.01,61.5,0.00044869,0.0118613,0.00901461,102.12,0.008,0,BTC-5APR19-5250-C,4950.34,94.85,0.0075,28.0,0.0105,6.0,108.95,1.05561,-28.73711,0.05413,0.00082,0.22178
4950.34,index_price,1554289143389,open,0.32,0.0,0.31822865,0.31909236,0.31802989,0.0,None,0,BTC-12APR19-3375-C,4950.34,0.0,0.0,0.0,0.0,0.0,0.0,0.0,0.0,0.8207,0.0,1.0
4950.34,index_price,1554289143403,open,0.02,82.3,0.00657778,0.02558194,0.01909172,91.61,0.015,0,BTC-5APR19-4875-P,4950.34,80.37,0.016,24.0,0.018,1.5,87.65,1.36639,-33.36865,-0.10534,0.00118,-0.39498
4950.34,index_price,1554289143405,open,0.04,56.2,0.02082692,0.06355167,0.04087947,77.97,0.038,0,BTC-12APR19-4875-P,4950.34,73.26,0.038,5.2,0.042,18.0,79.8,3.0263,-13.29264,-0.56185,0.00065,-0.42586
171.45,ETH-28JUN19,1554289143415,open,0.25,0.0,0.225581,0.329996,0.256978,76.99,None,0.0,ETH-28JUN19-200-P,166.66,0.0,0.001,10.0,0.0,0.0,0.0,0.32342,-0.14497,-0.34137,0.00607,-0.5893
4950.34,index_price,1554289143423,open,0.01,66.9,5.739e-05,0.00717573,0.00615607,109.21,0.007,0,BTC-5APR19-5375-C,4950.34,102.21,0.005,28.5,0.0075,5.9,116.78,0.8483,-24.69627,0.03805,0.00062,0.15575
166.66,index_price,1554289143444,open,0.0,150.0,0.0,0.001138,0.00033,110.25,0.001,0.2,ETH-12APR19-110-P,166.66,0.0,0.0,0.0,0.001,325.0,127.53,0.00421,-0.02562,-0.00024,0.00057,-0.00569
4950.34,index_price,1554289143503,open,0.01,27.9,0.0001839,0.01767741,0.0082738,90.18,0.008,0,BTC-12APR19-5875-C,4950.34,87.73,0.0075,7.3,0.008,1.3,89.33,1.5945,-8.10074,0.14125,0.0003,0.12561
166.66,index_price,1554289143544,open,0.29,88.0,0.283468,0.287041,0.283659,84.06,0.315,0.2,ETH-12APR19-120-C,166.66,0.0,0.001,10.0,0.376,1.0,390.91,0.00345,-0.08135,0.02885,0.00061,0.99545
171.45,ETH-28JUN19,1554289143574,open,0.44,0.0,0.420816,0.508312,0.447555,79.55,None,0.0,ETH-28JUN19-240-P,166.66,0.0,0.001,10.0,0.0,0.0,0.0,0.2635,-0.12204,-0.48362,0.00479,-0.75137
4950.34,index_price,1554289143574,open,0.01,0.3,0.00044499,0.02178044,0.01056429,88.69,0.013,0,BTC-12APR19-5750-C,4950.34,85.77,0.0095,7.3,0.0115,30.0,91.16,1.84244,-9.20486,0.17433,0.00035,0.15538
4950.34,index_price,1554289143585,open,0.0,138.8,0.0,0.00086371,0.00025878,98.52,0.0005,0,BTC-12APR19-3375-P,4950.34,0.0,0.0,0.0,0.0005,17.5,106.75,0.11323,-0.6284,-0.00643,2e-05,-0.00508
4949.88,BTC-27SEP19,1554289143631,open,0.01,733.3,0.00360333,0.02047613,0.01376455,71.88,0.0135,0.0,BTC-27SEP19-2500-P,4950.34,69.46,0.012,3.0,0.015,20.4,73.48,3.72866,-0.75759,-1.60418,4e-05,-0.05311
4949.88,BTC-27SEP19,1554289143637,open,0.03,631.0,0.01228741,0.04258569,0.02552371,66.78,0.022,0.0,BTC-27SEP19-3000-P,4950.34,61.88,0.02,16.0,0.0285,20.2,69.26,5.83134,-1.10083,-2.8949,7e-05,-0.09516
4949.82,BTC-27SEP19,1554289143644,open,0.03,1.0,0.01988968,0.05733814,0.03289114,64.0,0.0425,0.0,BTC-27SEP19-3250-P,4950.34,58.91,0.026,6.0,0.038,20.3,67.55,6.95697,-1.25859,-3.70546,9e-05,-0.12159
166.66,index_price,1554289143650,open,0.0,253.0,4e-06,0.003577,0.000925,102.78,0.001,0.2,ETH-12APR19-120-P,166.66,0.0,0.0,0.0,0.001,241.0,103.98,0.01006,-0.05677,-0.00066,0.00145,-0.01539
172.67,ETH-27SEP19,1554289143721,open,0.66,0.0,0.652957,0.678707,0.658155,86.99,None,0.0,ETH-27SEP19-60-C,166.66,0.0,0.0,0.0,0.0,0.0,0.0,0.05885,-0.01447,0.26908,0.00047,0.97974
4950.34,index_price,1554289143724,open,0.01,69.2,0.00019762,0.00916546,0.00487868,91.22,0.004,0,BTC-5APR19-4625-P,4950.34,78.49,0.003,0.8,0.004,16.3,85.56,0.79669,-19.37164,-0.03731,0.00069,-0.14179
4950.34,index_price,1554289143729,open,0.01,57.5,0.00103864,0.02448608,0.00914501,77.75,0.009,0,BTC-12APR19-4375-P,4950.34,68.0,0.006,37.8,0.0095,40.0,78.76,1.71934,-7.53022,-0.1797,0.00037,-0.14014
166.66,index_price,1554289143748,open,0.23,1.0,0.223838,0.232768,0.22542,89.3,0.18,0.2,ETH-12APR19-130-C,166.66,0.0,0.217,129.0,0.23,129.0,118.03,0.01743,-0.15571,0.0302,0.00289,0.97052
172.67,ETH-27SEP19,1554289143777,open,0.04,1.0,0.006938,0.120898,0.041902,88.45,0.03,0.0,ETH-27SEP19-380-C,166.65,0.0,0.0,0.0,0.0,0.0,0.0,0.29864,-0.07467,0.10319,0.00234,0.16523
172.67,ETH-27SEP19,1554289143777,open,0.07,118.0,0.017281,0.158016,0.067514,88.45,0.036,0.0,ETH-27SEP19-320-C,166.65,76.38,0.043,24.0,0.062,24.0,85.89,0.37687,-0.09423,0.14751,0.00295,0.2438
172.67,ETH-27SEP19,1554289143777,open,1.24,0.0,1.207668,1.321628,1.242377,88.3,None,0.0,ETH-27SEP19-380-P,166.65,0.0,0.0,0.0,0.0,0.0,0.0,0.29787,-0.07435,-1.73859,0.00233,-0.83543
171.45,ETH-28JUN19,1554289143777,open,0.55,0.0,0.528662,0.605121,0.553121,81.87,None,0.0,ETH-28JUN19-260-P,166.65,0.0,0.02,1.0,0.0,0.0,0.0,0.23118,-0.11019,-0.54677,0.00408,-0.80234
172.66,ETH-27SEP19,1554289143778,open,0.45,0.0,0.434853,0.52224,0.45929,82.14,None,0.0,ETH-27SEP19-100-C,166.65,0.0,0.0,0.0,0.0,0.0,0.0,0.22199,-0.05154,0.36264,0.00187,0.89271
166.65,index_price,1554289143777,open,0.04,325.0,0.018443,0.058636,0.037793,94.37,0.035,0.2,ETH-12APR19-160-P,166.65,86.04,0.033,142.0,0.04,142.0,98.18,0.09633,-0.47664,-0.01574,0.01511,-0.35073
166.65,index_price,1554289143777,open,0.02,1347.0,0.005203,0.035358,0.018222,94.21,0.025,0.2,ETH-12APR19-150-P,166.65,79.44,0.012,144.0,0.018,141.0,93.71,0.07389,-0.37173,-0.00906,0.01161,-0.20524
166.65,index_price,1554289143777,open,0.01,441.0,0.00091,0.019123,0.007201,94.1,0.01,0.2,ETH-12APR19-140-P,166.65,75.5,0.003,165.0,0.007,100.0,93.35,0.04488,-0.22832,-0.00426,0.00706,-0.09783
172.66,ETH-27SEP19,1554289143779,open,0.37,173.0,0.341371,0.460423,0.379049,82.12,0.265,0.0,ETH-27SEP19-120-C,166.65,0.0,0.265,5.0,0.0,0.0,0.0,0.31339,-0.07275,0.37045,0.00264,0.82181
166.65,index_price,1554289143777,open,0.0,0.0,0.0,0.0,0.0,110.22,None,0,ETH-5APR19-100-P,166.65,0.0,0.0,0.0,0.001,500.0,329.99,0.0,0.0,0.0,0.0,0.0
166.65,index_price,1554289143777,open,0.09,947.0,0.063005,0.103198,0.081437,92.78,0.047,0.2,ETH-12APR19-160-C,166.65,85.06,0.077,129.0,0.084,137.0,97.21,0.09618,-0.5547,0.02307,0.01535,0.65077
166.65,index_price,1554289143777,open,0.18,712.0,0.164902,0.183115,0.170389,91.04,0.205,0.2,ETH-12APR19-140-C,166.65,0.0,0.162,168.0,0.176,168.0,110.1,0.04266,-0.28622,0.02992,0.00694,0.90867
166.65,index_price,1554289143777,open,0.28,15.0,0.279928,0.279932,0.279236,0.0,0.16,0,ETH-5APR19-120-C,166.65,0.0,0.003,25.0,0.373,1.0,500.0,0.0,0.0,0.00617,0.0,1.0
166.65,index_price,1554289143777,open,0.06,109.0,0.045656,0.089147,0.06611,92.97,0.046,0.2,ETH-12APR19-170-P,166.65,86.35,0.062,134.0,0.069,130.0,97.61,0.10362,-0.48985,-0.02345,0.01651,-0.51247
166.65,index_price,1554289143778,open,0.13,594.0,0.10948,0.139635,0.121638,92.26,0.12,0.2,ETH-12APR19-150-C,166.65,78.74,0.116,10.0,0.125,231.0,99.77,0.07301,-0.4413,0.02744,0.01172,0.79881
166.65,index_price,1554289143778,open,0.4,0.0,0.39994,0.39994,0.399363,0.0,None,0,ETH-5APR19-100-C,166.65,0.0,0.001,10.0,0.0,0.0,0.0,0.0,0.0,0.00514,0.0,1.0
166.65,index_price,1554289143779,open,0.0,100.0,0.0,0.0,0.0,110.27,0.001,0,ETH-5APR19-110-P,166.65,0.0,0.0,0.0,0.001,500.0,274.54,0.0,0.0,0.0,0.0,0.0
166.65,index_price,1554289143779,open,0.05,265.0,0.030503,0.073994,0.049982,91.4,0.065,0.2,ETH-12APR19-170-C,166.65,84.99,0.046,142.0,0.053,123.0,96.25,0.10361,-0.57332,0.01768,0.01679,0.48634
4950.34,index_price,1554289143824,open,0.11,39.1,0.11103976,0.11518415,0.11522537,115.31,0.0945,0,BTC-5APR19-5500-P,4950.34,73.3,0.1115,0.2,0.119,0.2,139.73,0.66243,-20.36163,-0.256,0.00046,-0.89111
4950.34,index_price,1554289143831,open,0.09,55.2,0.0858414,0.09295974,0.09266876,113.38,0.0895,0,BTC-5APR19-5375-P,4950.34,103.56,0.091,6.0,0.0955,6.0,128.33,0.88275,-26.67963,-0.23586,0.00062,-0.83447
4950.34,index_price,1554289143877,open,0.03,29.3,0.00812379,0.04724851,0.02672092,80.3,0.029,0,BTC-12APR19-5250-C,4950.34,77.28,0.025,7.2,0.028,24.0,82.53,2.83514,-12.82497,0.37964,0.00059,0.3421
4950.34,index_price,1554289144026,open,0.02,28.4,0.00216441,0.0324851,0.01659044,84.27,0.019,0,BTC-12APR19-5500-C,4950.34,80.87,0.015,8.1,0.0175,24.0,86.17,2.34965,-11.15375,0.25809,0.00047,0.23099
4949.98,BTC-27SEP19,1554289144090,open,0.16,57.4,0.10482535,0.33092216,0.15652379,61.66,0.173,0.0,BTC-27DEC19-4500-P,4950.34,57.13,0.1425,3.0,0.17,3.0,66.01,15.3258,-1.76372,-17.6138,0.00014,-0.32833
4950.34,index_price,1554289144104,open,0.02,16.7,0.00268102,0.03210141,0.01422516,77.79,0.014,0,BTC-12APR19-4500-P,4950.34,71.34,0.0115,6.6,0.014,24.0,77.27,2.15145,-9.42759,-0.25608,0.00046,-0.19851
4950.34,index_price,1554289144153,open,0.09,28.6,0.068657,0.10778173,0.08796587,81.54,0.0905,0,BTC-12APR19-5250-P,4950.34,74.57,0.084,18.0,0.0895,18.0,84.2,2.84441,-13.06572,-0.89426,0.00059,-0.65492
4949.98,BTC-27SEP19,1554289144201,open,1.47,0.0,1.4264359,1.5835467,1.47652573,82.17,None,0.0,BTC-27DEC19-12000-P,4950.34,0.0,0.0,0.0,0.0,0.0,0.0,11.22284,-1.7213,-83.33872,8e-05,-0.81752
4950.34,index_price,1554289144255,open,0.35,0.0,0.34347944,0.34347944,0.34303884,0.0,0.17,0,BTC-5APR19-3250-C,4950.34,0.0,0.0005,50.0,0.0,0.0,0.0,0.0,0.0,0.16701,0.0,1.0
4949.98,BTC-27SEP19,1554289144263,open,0.19,8.7,0.14861947,0.38970406,0.19265818,58.14,0.1875,0.0,BTC-27DEC19-5000-C,4950.34,36.54,0.12,11.3,0.219,3.0,66.09,16.4801,-1.78851,14.45334,0.00016,0.59051
4950.34,index_price,1554289144292,open,0.09,224.2,0.07171384,0.10684976,0.08617761,76.61,0.086,0,BTC-12APR19-4625-C,4950.34,67.24,0.0815,6.0,0.0865,6.0,77.24,2.52726,-10.90697,0.78134,0.00055,0.73525
4950.34,index_price,1554289144302,open,0.0,287.1,0.0,0.00011345,7.656e-05,110.34,0.0005,0,BTC-5APR19-4000-P,4950.34,0.0,0.0,0.0,0.0005,17.0,138.26,0.03367,-0.37901,-0.00081,2e-05,-0.00312
4950.34,index_price,1554289144363,open,0.13,0.0,0.11319921,0.14351989,0.12837087,85.83,0.153,0,BTC-12APR19-5500-P,4950.34,0.0,0.0,0.0,0.1785,0.3,175.11,2.37682,-11.49184,-1.07442,0.00046,-0.76417
4949.98,BTC-27SEP19,1554289144427,open,0.2,11.4,0.15872456,0.39980915,0.20342078,58.34,0.197,0.0,BTC-27DEC19-5000-P,4950.34,55.96,0.1955,3.0,0.23,3.0,66.36,16.47664,-1.79421,-22.25294,0.00016,-0.40913
166.65,index_price,1554289144488,open,0.01,437.0,0.003881,0.019891,0.012856,101.61,0.014,0,ETH-5APR19-160-P,166.65,85.02,0.009,77.0,0.012,1.0,98.02,0.03992,-1.08121,-0.00247,0.02752,-0.27577
171.44,ETH-28JUN19,1554289144500,open,0.04,754.0,0.01218,0.08863,0.034518,80.28,0.02,0.0,ETH-28JUN19-260-C,166.65,78.35,0.032,24.0,0.036,290.0,81.4,0.22629,-0.10577,0.06306,0.00408,0.19086
166.65,index_price,1554289144507,open,0.04,134.0,0.029204,0.048441,0.040772,102.65,0.024,0,ETH-5APR19-170-P,166.65,89.02,0.037,83.0,0.041,86.0,103.47,0.04638,-1.26896,-0.00542,0.03166,-0.59238
4950.34,index_price,1554289144517,open,0.0,9.2,0.0,0.0,0.0,110.19,0.001,0,BTC-5APR19-3250-P,4950.34,0.0,0.0,0.0,0.0005,25.0,252.65,0.0,0.0,0.0,0.0,0.0
166.65,index_price,1554289144523,open,0.01,0.0,5.5e-05,0.00955,0.004598,109.7,None,0.2,ETH-12APR19-220-C,166.65,106.59,0.004,138.0,0.007,149.0,120.46,0.03318,-0.21062,0.00247,0.00448,0.06558
4950.34,index_price,1554289144539,open,0.17,717.0,0.1667239,0.16707862,0.16642315,0.0,0.1715,0,BTC-5APR19-4125-C,4950.34,0.0,0.15,1.0,0.197,0.3,345.76,0.0,0.0,0.21198,0.0,1.0
171.45,ETH-28JUN19,1554289144544,open,0.05,676.0,0.020991,0.108487,0.045838,78.31,0.053,0.0,ETH-28JUN19-240-C,166.65,76.42,0.043,24.0,0.047,273.0,79.07,0.26048,-0.11876,0.07967,0.00481,0.24334
4949.98,BTC-27SEP19,1554289144567,open,0.05,48.7,0.00725615,0.19926239,0.04982621,70.32,0.0405,0.0,BTC-27DEC19-10000-C,4950.34,61.03,0.03,11.0,0.0715,10.0,78.93,11.6271,-1.52617,5.20985,9e-05,0.19324
4950.34,index_price,1554289144574,open,0.25,6.0,0.2424768,0.24655557,0.24264526,70.15,0.1135,0,BTC-12APR19-3750-C,4950.34,0.0,0.0,0.0,0.0,0.0,0.0,0.10669,-0.42163,0.90596,3e-05,0.99525
4949.98,BTC-27SEP19,1554289144599,open,0.17,15.0,0.11169047,0.36100609,0.166581,61.07,0.1505,0.0,BTC-27DEC19-5500-C,4950.34,56.95,0.1525,3.0,0.1815,3.0,65.45,16.88675,-1.92505,12.98484,0.00015,0.52401
4950.34,index_price,1554289144638,open,0.15,0.0,0.13729851,0.16296582,0.15018842,88.12,None,0,BTC-12APR19-5625-P,4950.34,0.0,0.0,0.0,0.205,0.3,189.41,2.12557,-10.55106,-1.15033,0.0004,-0.80542
172.67,ETH-27SEP19,1554289144709,open,0.17,116.0,0.125273,0.288626,0.16896,77.04,0.187,0.0,ETH-27SEP19-160-P,166.65,70.41,0.152,24.0,0.181,24.0,81.76,0.44083,-0.096,-0.42655,0.00396,-0.34081
172.66,ETH-27SEP19,1554289144722,open,0.16,462.0,0.11011,0.288803,0.1582,77.37,0.178,0.0,ETH-27SEP19-200-C,166.65,72.26,0.144,18.0,0.175,18.0,83.42,0.4795,-0.10488,0.28478,0.00429,0.49856
172.67,ETH-27SEP19,1554289144731,open,0.09,548.0,0.032075,0.191087,0.092444,87.78,0.064,0.0,ETH-27SEP19-280-C,166.65,74.85,0.062,24.0,0.086,24.0,85.15,0.4262,-0.10576,0.18508,0.00336,0.31363
4950.34,index_price,1554289144741,open,0.32,0.0,0.31822865,0.31822867,0.31777111,0.0,None,0,BTC-5APR19-3375-C,4950.34,0.0,0.0005,10.0,0.4165,0.1,500.0,0.0,0.0,0.17344,0.0,1.0
4949.98,BTC-27SEP19,1554289144744,open,1.06,0.3,1.02746633,1.21947257,1.07135141,70.88,1.4475,0.0,BTC-27DEC19-10000-P,4950.34,0.0,0.02,0.3,0.0,0.0,0.0,11.7433,-1.55363,-68.11281,9e-05,-0.80358
172.66,ETH-27SEP19,1554289144742,open,0.03,1533.0,0.014026,0.101413,0.038363,82.06,0.025,0.0,ETH-27SEP19-100-P,166.65,69.13,0.023,30.0,0.04,30.0,83.33,0.22181,-0.05145,-0.12177,0.00187,-0.10717
172.66,ETH-27SEP19,1554289144759,open,0.24,0.0,0.191023,0.365272,0.23768,77.0,None,0.0,ETH-27SEP19-180-P,166.65,70.53,0.22,18.0,0.252,18.0,82.26,0.47089,-0.10249,-0.55407,0.00423,-0.42453
4949.98,BTC-27SEP19,1554289144765,open,0.28,17.0,0.22280607,0.47212169,0.27841986,61.29,0.3125,0.0,BTC-27DEC19-5500-P,4950.34,55.01,0.257,3.0,0.2985,3.0,67.18,16.8851,-1.93154,-27.38305,0.00015,-0.47535
4950.34,index_price,1554289144765,open,0.0,231.6,0.0,0.00035472,0.00025847,110.27,0.0005,0,BTC-5APR19-4125-P,4950.34,0.0,0.0,0.0,0.0005,16.8,120.72,0.09016,-1.2795,-0.00247,6e-05,-0.00947
166.65,index_price,1554289144766,open,0.11,1626.0,0.100006,0.105627,0.101396,92.24,0.108,0,ETH-5APR19-150-C,166.65,59.54,0.1,10.0,0.108,277.0,145.47,0.01273,-0.31302,0.00725,0.00967,0.94791
171.45,ETH-28JUN19,1554289144774,open,0.0,1744.0,0.00098,0.024195,0.003925,74.77,0.011,0.0,ETH-28JUN19-90-P,166.65,60.16,0.001,5.0,0.005,252.0,78.29,0.04877,-0.02123,-0.01171,0.00094,-0.0251
166.65,index_price,1554289144776,open,0.08,41.0,0.07969,0.090305,0.086297,110.0,0.05,0.2,ETH-5APR19-180-P,166.65,0.0,0.078,10.0,0.088,10.0,118.82,0.03108,-0.8283,-0.00778,0.0198,-0.82246
166.65,index_price,1554289144782,open,0.08,41.0,0.07969,0.090305,0.086297,110.0,0.05,0.2,ETH-5APR19-180-P,166.65,0.0,0.078,10.0,0.087,10.0,113.71,0.03108,-0.8283,-0.00778,0.0198,-0.82246
172.66,ETH-27SEP19,1554289144788,open,0.92,0.0,0.870629,1.011356,0.920545,88.31,None,0.0,ETH-27SEP19-320-P,166.65,0.0,0.002,1.0,2.5,1.0,500.0,0.37627,-0.09393,-1.4035,0.00295,-0.75689
171.44,ETH-28JUN19,1554289144784,open,0.08,1373.0,0.057064,0.149134,0.081585,74.94,0.09,0.0,ETH-28JUN19-150-P,166.65,71.57,0.076,24.0,0.082,264.0,75.19,0.28529,-0.12448,-0.15045,0.00551,-0.2914
166.65,index_price,1554289144790,open,0.0,1414.0,0.0,4e-06,0.0,110.33,0.001,0,ETH-5APR19-120-P,166.65,0.0,0.0,0.0,0.001,500.0,223.27,1e-05,-4e-05,0.0,0.0,-1e-05
166.65,index_price,1554289144787,open,0.06,1489.0,0.043785,0.059795,0.051837,97.74,0.054,0,ETH-5APR19-160-C,166.65,80.94,0.048,10.0,0.058,357.0,122.91,0.03942,-1.02695,0.00582,0.02826,0.73113
166.65,index_price,1554289144792,open,0.1,11.0,0.087114,0.126427,0.107896,98.64,0.084,0.2,ETH-12APR19-180-P,166.65,77.37,0.096,30.0,0.116,30.0,112.53,0.09599,-0.46395,-0.03082,0.01441,-0.65264
171.44,ETH-28JUN19,1554289144789,open,0.01,1958.0,0.002756,0.036914,0.008286,74.79,0.018,0.0,ETH-28JUN19-100-P,166.65,64.22,0.004,30.0,0.01,252.0,78.18,0.08264,-0.03599,-0.02259,0.0016,-0.04773
171.44,ETH-28JUN19,1554289144793,open,0.18,1046.0,0.148311,0.2473,0.174045,74.27,0.19,0.0,ETH-28JUN19-160-C,166.65,71.48,0.169,18.0,0.178,162.0,76.46,0.30959,-0.13388,0.18996,0.00603,0.64499
166.65,index_price,1554289144795,open,0.06,1489.0,0.043785,0.059795,0.051837,97.74,0.054,0,ETH-5APR19-160-C,166.65,80.94,0.048,10.0,0.058,358.0,122.91,0.03942,-1.02695,0.00582,0.02826,0.73113
171.45,ETH-28JUN19,1554289144799,open,0.02,1223.0,0.006403,0.0529,0.015381,74.81,0.015,0.0,ETH-28JUN19-110-P,166.65,68.31,0.011,30.0,0.017,274.0,77.01,0.12375,-0.0539,-0.03851,0.00239,-0.0801
171.44,ETH-28JUN19,1554289144800,open,0.02,0.0,0.003979,0.059624,0.018196,81.41,None,0.0,ETH-28JUN19-300-C,166.65,76.56,0.014,289.0,0.023,310.0,86.35,0.15771,-0.07476,0.03756,0.0028,0.11132
171.44,ETH-28JUN19,1554289144805,open,0.02,0.0,0.003979,0.059624,0.018196,81.41,None,0.0,ETH-28JUN19-300-C,166.65,76.56,0.014,289.0,0.023,311.0,86.35,0.15771,-0.07476,0.03756,0.0028,0.11132
171.45,ETH-28JUN19,1554289144810,open,0.17,1286.0,0.145157,0.250929,0.176081,75.99,0.153,0.0,ETH-28JUN19-180-P,166.65,72.84,0.17,18.0,0.181,1.0,78.53,0.33132,-0.14658,-0.26431,0.0063,-0.47916
171.44,ETH-28JUN19,1554289144824,open,0.11,484.0,0.081582,0.180571,0.10857,74.97,0.116,0.0,ETH-28JUN19-160-P,166.65,71.88,0.103,24.0,0.11,261.0,75.76,0.3096,-0.13513,-0.187,0.00597,-0.35505
171.44,ETH-28JUN19,1554289144828,open,0.21,18.0,0.183556,0.289519,0.215846,76.87,0.183,0.0,ETH-28JUN19-190-P,166.65,72.8,0.208,18.0,0.225,18.0,81.62,0.33043,-0.1479,-0.30308,0.00622,-0.53555
171.44,ETH-28JUN19,1554289144832,open,0.21,18.0,0.183556,0.289519,0.215846,76.87,0.183,0.0,ETH-28JUN19-190-P,166.65,72.8,0.208,18.0,0.224,18.0,81.1,0.33043,-0.1479,-0.30308,0.00622,-0.53555
166.65,index_price,1554289144838,open,0.1,11.0,0.087114,0.126427,0.107896,98.64,0.084,0.2,ETH-12APR19-180-P,166.65,77.37,0.096,30.0,0.115,30.0,110.83,0.09599,-0.46395,-0.03082,0.01441,-0.65264
172.66,ETH-27SEP19,1554289144854,open,0.11,839.0,0.073338,0.218314,0.122104,82.05,0.162,0.0,ETH-27SEP19-140-P,166.65,70.35,0.096,24.0,0.121,24.0,81.56,0.38751,-0.08988,-0.31717,0.00327,-0.25698
4949.98,BTC-27SEP19,1554289144857,open,0.7,0.0,0.69702488,0.7284327,0.69947634,68.9,None,0.0,BTC-27DEC19-1500-C,4950.34,0.0,0.0,0.0,0.0,0.0,0.0,1.15276,-0.14825,10.54588,1e-05,0.98977
172.66,ETH-27SEP19,1554289144859,open,0.06,354.0,0.012713,0.144197,0.057428,88.45,0.037,0.0,ETH-27SEP19-340-C,166.65,76.98,0.036,24.0,0.054,24.0,86.75,0.35024,-0.08758,0.13101,0.00274,0.214
166.65,index_price,1554289144855,open,0.15,0.0,0.13866,0.169572,0.155096,101.92,None,0.2,ETH-12APR19-190-P,166.65,73.71,0.143,10.0,0.161,10.0,113.78,0.08029,-0.37722,-0.03719,0.01166,-0.76268
4954.37,BTC-28JUN19,1554289144861,open,0.08,171.2,0.04688129,0.09377484,0.07550855,60.42,0.0755,0.0,BTC-28JUN19-5500-C,4950.34,57.23,0.0695,5.0,0.077,10.8,61.2,9.37803,-3.29889,3.97867,0.00027,0.41684
4949.98,BTC-27SEP19,1554289144874,open,0.04,0.0,0.00121517,0.14341379,0.04121683,81.48,None,0.0,BTC-27DEC19-13000-C,4950.34,0.0,0.0,0.0,0.0,0.0,0.0,9.9086,-1.50688,3.96956,7e-05,0.15049
4949.98,BTC-27SEP19,1554289144921,open,0.14,35.0,0.08328797,0.33526144,0.13990124,61.91,0.144,0.0,BTC-27DEC19-6000-C,4950.34,58.11,0.127,3.0,0.153,3.0,65.76,16.83715,-1.94568,11.67059,0.00015,0.46116
4950.34,index_price,1554289144946,open,0.22,23.7,0.21722926,0.22347932,0.21781008,73.38,0.199,0,BTC-12APR19-3875-C,4950.34,0.0,0.0,0.0,0.0,0.0,0.0,0.27531,-1.13803,0.92474,6e-05,0.98601
172.66,ETH-27SEP19,1554289144958,open,1.02,0.0,0.981901,1.113385,1.026274,88.28,None,0.0,ETH-27SEP19-340-P,166.65,0.0,0.002,1.0,2.6,1.0,500.0,0.3495,-0.08722,-1.51697,0.00274,-0.78678
4950.34,index_price,1554289144960,open,0.0,24.0,0.0,2e-08,1e-08,110.21,0.0005,0,BTC-5APR19-3375-P,4950.34,0.0,0.0,0.0,0.0005,25.0,232.2,1e-05,-4e-05,0.0,0.0,0.0
172.66,ETH-27SEP19,1554289144978,open,0.24,139.0,0.198624,0.361983,0.242474,77.1,0.24,0.0,ETH-27SEP19-160-C,166.65,72.22,0.23,2.0,0.259,18.0,83.59,0.4408,-0.09607,0.34866,0.00396,0.65918
171.44,ETH-28JUN19,1554289144997,open,0.01,886.0,1.4e-05,0.009726,0.004676,102.66,0.007,0.0,ETH-28JUN19-500-C,166.65,96.6,0.003,292.0,0.006,368.0,106.5,0.05451,-0.03259,0.00968,0.00077,0.02868
4954.37,BTC-28JUN19,1554289145022,open,0.19,10.0,0.15701235,0.2039059,0.18697219,61.12,0.2105,0.0,BTC-28JUN19-5500-P,4950.34,53.69,0.173,5.0,0.2025,5.0,69.27,9.38932,-3.34132,-8.95059,0.00027,-0.58089
4950.08,BTC-27SEP19,1554289145028,open,0.0,42.1,5.64e-05,0.03146265,0.00270514,69.73,0.005,0.0,BTC-27DEC19-1500-P,4950.34,60.45,0.001,25.0,0.0,0.0,0.0,1.20847,-0.15728,-0.49056,1e-05,-0.0108
4954.37,BTC-28JUN19,1554289145049,open,0.1,4.3,0.06606197,0.11240695,0.09505743,60.64,0.1105,0.0,BTC-28JUN19-4750-P,4950.42,59.27,0.0925,0.3,0.0965,14.4,61.42,9.19156,-3.24551,-5.60507,0.00026,-0.3858
4954.37,BTC-28JUN19,1554289145049,open,0.14,1.0,0.10731242,0.1536574,0.13514344,60.02,0.0995,0.0,BTC-28JUN19-4750-C,4950.42,58.32,0.132,6.0,0.1365,10.8,60.75,9.19162,-3.21194,5.584,0.00027,0.61419
4950.08,BTC-27SEP19,1554289145049,open,0.14,0.0,0.12673298,0.19526515,0.14568384,61.15,None,0.0,BTC-27SEP19-4750-P,4950.42,57.68,0.1365,3.0,0.1545,3.0,64.48,13.10312,-2.26486,-12.57088,0.00018,-0.37837
4954.37,BTC-28JUN19,1554289145049,open,0.04,324.3,0.02250481,0.05570722,0.03872066,62.82,0.0345,0.0,BTC-28JUN19-4000-P,4950.42,59.64,0.0345,11.0,0.0375,14.4,61.91,6.65443,-2.43403,-2.74064,0.00018,-0.1964
4954.37,BTC-28JUN19,1554289145049,open,0.5,26.2,0.4955167,0.49836411,0.49809465,73.8,0.5015,0.0,BTC-28JUN19-2500-C,4950.42,0.0,0.0005,1.0,0.5255,0.2,129.22,1.07998,-0.46405,5.63687,3e-05,0.98168
4950.16,BTC-27SEP19,1554289145049,open,0.21,306.1,0.19227291,0.25780919,0.20970882,60.91,0.2145,0.0,BTC-27SEP19-4500-C,4950.42,57.66,0.2015,3.0,0.2215,3.5,65.58,12.4961,-2.1517,11.01497,0.00017,0.66889
4954.37,BTC-28JUN19,1554289145049,open,0.44,19.5,0.4228402,0.45207001,0.43850752,64.93,0.7515,0.0,BTC-28JUN19-7000-P,4950.42,0.0,0.0,0.0,0.0,0.0,0.0,6.1638,-2.33033,-14.74398,0.00016,-0.82637
4954.45,BTC-28JUN19,1554289145050,open,0.6,20.1,0.59632585,0.59678857,0.59816356,89.79,0.578,0.0,BTC-28JUN19-2000-C,4950.42,0.0,0.0005,1.0,0.0,0.0,0.0,0.67969,-0.35533,4.55927,1e-05,0.98929
4950.16,BTC-27SEP19,1554289145049,open,1.85,0.0,1.82887508,1.95783638,1.86392633,82.59,None,0.0,BTC-27DEC19-14000-P,4950.42,0.0,0.0,0.0,0.0,0.0,0.0,9.0797,-1.39967,-99.23919,6e-05,-0.86771
4950.16,BTC-27SEP19,1554289145048,open,0.05,42.0,0.00218424,0.15930193,0.05069601,81.47,0.0305,0.0,BTC-27DEC19-12000-C,4950.42,68.23,0.025,0.5,0.077,1.0,92.24,11.08275,-1.68529,4.65563,8e-05,0.17885
4950.16,BTC-27SEP19,1554289145050,open,0.01,637.0,0.00061991,0.00749294,0.00531442,74.73,0.0075,0.0,BTC-27SEP19-2000-P,4950.42,67.51,0.003,13.2,0.008,13.0,81.1,1.85197,-0.39121,-0.67025,2e-05,-0.02263
4950.16,BTC-27SEP19,1554289145050,open,1.23,3.1,1.22549304,1.24962651,1.24713416,78.21,1.9215,0.0,BTC-27SEP19-11000-P,4950.42,0.0,0.0015,30.0,0.0,0.0,0.0,6.73685,-1.48945,-51.11767,7e-05,-0.88383
4950.16,BTC-27SEP19,1554289145050,open,1.04,2.0,1.02642347,1.05811164,1.05006978,75.06,1.8325,0.0,BTC-27SEP19-10000-P,4950.42,0.0,0.0015,20.0,0.0,0.0,0.0,7.63548,-1.62013,-45.84091,9e-05,-0.86092
4950.16,BTC-27SEP19,1554289145050,open,1.43,6.1,1.42595657,1.44421546,1.44259621,78.59,1.9095,0.0,BTC-27SEP19-12000-P,4950.42,0.0,0.0015,20.0,0.0,0.0,0.0,5.56424,-1.23618,-56.45054,6e-05,-0.91068
4954.45,BTC-28JUN19,1554289145050,open,0.01,627.3,0.00073352,0.01021535,0.00821536,71.82,0.0085,0.0,BTC-28JUN19-9000-C,4950.42,69.68,0.007,20.0,0.0095,18.1,73.91,2.9323,-1.22625,0.62545,7e-05,0.06187
4954.45,BTC-28JUN19,1554289145050,open,1.02,43.0,1.0185757,1.02359594,1.02624191,80.54,1.0,0.0,BTC-28JUN19-10000-P,4950.42,0.0,0.0,0.0,0.0,0.0,0.0,2.6556,-1.24532,-22.9834,6e-05,-0.94546
4954.45,BTC-28JUN19,1554289145050,open,0.0,364.5,2.1e-07,0.00020317,0.00199929,94.39,0.0005,0.0,BTC-28JUN19-15000-C,4950.42,81.33,0.0005,10.0,0.0035,18.0,101.35,0.87026,-0.47827,0.14268,2e-05,0.01424
4950.42,index_price,1554289145049,open,0.3,6.0,0.29298929,0.2945123,0.29276337,0.0,0.287,0,BTC-12APR19-3500-C,4950.42,0.0,0.01,1.0,0.0,0.0,0.0,0.0,0.0,0.85109,0.0,1.0
4950.16,BTC-27SEP19,1554289145051,open,0.51,57.5,0.49856767,0.51543705,0.5083853,71.42,0.389,0.0,BTC-27SEP19-2500-C,4950.42,0.0,0.0005,1.0,0.0,0.0,0.0,3.68542,-0.74405,10.53746,4e-05,0.94767
4954.45,BTC-28JUN19,1554289145051,open,1.82,1.3,1.82574331,1.82612298,1.83168786,103.9,2.415,0.0,BTC-28JUN19-14000-P,4950.42,0.0,0.0,0.0,0.0,0.0,0.0,1.86621,-1.12897,-32.59746,3e-05,-0.96479
4950.42,index_price,1554289145048,open,0.05,336.9,0.04198263,0.05641848,0.05011603,88.5,0.045,0,BTC-5APR19-4750-C,4950.42,76.57,0.0475,0.2,0.0515,6.0,94.53,1.12112,-26.44927,0.17874,0.00101,0.75274
4950.16,BTC-27SEP19,1554289145049,open,0.04,11.9,0.00396429,0.17773035,0.0421282,72.54,0.031,0.0,BTC-27DEC19-11000-C,4950.42,46.64,0.005,1.0,0.08,0.1,88.07,10.52642,-1.42527,4.46349,8e-05,0.16499
4950.16,BTC-27SEP19,1554289145052,open,0.47,10.2,0.45676091,0.51957893,0.47286237,61.23,0.8,0.0,BTC-27SEP19-7000-P,4950.42,0.0,0.0015,14.0,0.0,0.0,0.0,11.48454,-1.98793,-28.75013,0.00016,-0.72566
4950.42,index_price,1554289145048,open,0.24,10.1,0.24248852,0.24249553,0.24197171,0.0,0.169,0,BTC-5APR19-3750-C,4950.42,0.0,0.0005,10.0,0.3265,0.1,500.0,0.0,0.0,0.19271,0.0,1.0
4950.42,index_price,1554289145049,open,0.0,446.3,0.0,3.084e-05,1.886e-05,110.31,0.0005,0,BTC-5APR19-3875-P,4950.42,0.0,0.0,0.0,0.0005,10.0,156.15,0.01033,-0.09337,-0.00022,1e-05,-0.00085
4950.42,index_price,1554289145049,open,0.04,113.4,0.02180771,0.04080997,0.03364998,89.18,0.031,0,BTC-5APR19-4875-C,4950.42,77.71,0.0305,18.2,0.036,18.0,97.69,1.3643,-32.43398,0.14592,0.00121,0.60723
4950.42,index_price,1554289145049,open,0.27,0.0,0.26423032,0.27334908,0.27463672,77.43,None,0,BTC-26APR19-6250-P,4950.42,0.0,0.0,0.0,0.0,0.0,0.0,2.6832,-4.54115,-3.53754,0.00023,-0.86555
4950.42,index_price,1554289145048,open,0.07,132.8,0.06593318,0.07489802,0.06997242,87.14,0.0915,0,BTC-5APR19-4625-C,4950.42,56.66,0.0665,6.0,0.071,6.0,93.59,0.75633,-17.56828,0.20317,0.00069,0.86859
4950.16,BTC-27SEP19,1554289145048,open,0.33,35.1,0.25439669,0.45795787,0.31644086,68.01,0.31,0.0,BTC-27DEC19-4000-C,4950.42,54.11,0.2785,3.0,0.32,3.0,69.31,13.63286,-1.7307,15.54918,0.00011,0.74444
4950.42,index_price,1554289145050,open,0.17,0.0,0.16196288,0.18330138,0.17288019,90.8,None,0,BTC-12APR19-5750-P,4950.42,0.0,0.0,0.0,0.0,0.0,0.0,1.89275,-9.68109,-1.21702,0.00035,-0.83811
4950.42,index_price,1554289145049,open,0.22,98.4,0.21723813,0.21726898,0.21671902,0.0,0.2315,0,BTC-5APR19-3875-C,4950.42,0.0,0.0005,10.0,0.296,0.1,500.0,0.0,0.0,0.19913,0.0,1.0
4950.42,index_price,1554289145048,open,0.0,1415.3,0.0,7.01e-06,3.82e-06,110.28,0.0005,0,BTC-5APR19-3750-P,4950.42,0.0,0.0,0.0,0.0005,29.4,174.42,0.00257,-0.0189,-5e-05,0.0,-0.00019
4950.16,BTC-27SEP19,1554289145049,open,0.13,84.0,0.06245138,0.26601256,0.12504767,68.21,0.121,0.0,BTC-27DEC19-4000-P,4950.42,57.61,0.096,3.0,0.3995,3.0,173.84,13.63479,-1.73605,-13.82964,0.00011,-0.25562
4950.16,BTC-27SEP19,1554289145053,open,0.85,0.0,0.83002018,0.87106486,0.84878674,67.9,None,0.0,BTC-27SEP19-9000-P,4950.42,0.0,0.0015,20.0,0.0,0.0,0.0,8.10078,-1.55481,-40.70585,0.0001,-0.84814
4954.45,BTC-28JUN19,1554289145053,open,0.0,1357.9,1e-08,2.664e-05,0.00076152,103.23,0.0005,0.0,BTC-28JUN19-1500-P,4950.42,98.21,0.0005,40.0,0.001,16.0,106.85,0.29666,-0.17831,-0.0577,0.0,-0.00419
4950.42,index_price,1554289145049,open,0.0,153.5,4.97e-06,0.00415103,0.00344494,109.48,0.004,0,BTC-5APR19-5500-C,4950.42,109.93,0.0035,33.6,0.005,1.5,121.11,0.60645,-17.05391,0.02366,0.00044,0.09643
4950.42,index_price,1554289145051,open,0.06,19.3,0.03341993,0.07692249,0.05370224,77.67,0.0525,0,BTC-12APR19-5000-P,4950.42,71.72,0.05,18.0,0.0555,18.0,80.56,3.07896,-13.47159,-0.67697,0.00067,-0.50867
4950.42,index_price,1554289145052,open,0.5,0.0,0.49499234,0.49499678,0.49490142,0.0,None,0,BTC-26APR19-2500-C,4950.42,0.0,0.0,0.0,0.0,0.0,0.0,0.0,0.0,1.56683,0.0,1.0
4950.16,BTC-27SEP19,1554289145049,open,0.09,77.1,0.03223317,0.20581189,0.08187617,68.2,0.067,0.0,BTC-27DEC19-3500-P,4950.42,58.73,0.0605,6.0,0.077,6.0,66.08,11.43137,-1.45519,-9.80283,9e-05,-0.18795
4950.42,index_price,1554289145049,open,0.0,34.6,9.39e-05,0.01316499,0.00319544,77.69,0.0055,0,BTC-12APR19-4125-P,4950.42,61.91,0.001,39.9,0.004,40.0,81.85,0.90333,-3.95351,-0.07445,0.0002,-0.05865
4950.42,index_price,1554289145049,open,0.13,15.5,0.11727464,0.14071876,0.12477422,75.98,0.13,0,BTC-12APR19-4375-C,4950.42,0.0,0.0005,50.0,0.1305,7.8,91.39,1.67784,-7.18183,0.89083,0.00037,0.86479
4950.42,index_price,1554289145049,open,0.0,295.4,0.0,2e-08,2.307e-05,110.08,0.0005,0,BTC-26APR19-2000-P,4950.42,0.0,0.0,0.0,0.0005,25.0,146.38,0.01395,-0.03356,-0.00102,0.0,-0.00031
4954.45,BTC-28JUN19,1554289145054,open,0.0,855.2,0.00012169,0.00296877,0.00331254,76.44,0.004,0.0,BTC-28JUN19-2500-P,4950.42,72.86,0.0025,10.1,0.004,18.0,79.08,1.22101,-0.54343,-0.28539,3e-05,-0.02117
4950.42,index_price,1554289145048,open,0.19,226.0,0.19198775,0.19210112,0.19150898,0.0,0.196,0,BTC-5APR19-4000-C,4950.42,0.0,0.15,0.1,0.23,1.1,420.56,0.0,0.0,0.20556,0.0,1.0
4950.42,index_price,1554289145049,open,0.11,219.3,0.09366588,0.12308279,0.10458663,76.35,0.111,0,BTC-12APR19-4500-C,4950.42,65.07,0.1,6.0,0.105,6.0,77.31,2.12623,-9.14487,0.84354,0.00047,0.80532
4954.45,BTC-28JUN19,1554289145054,open,1.22,5.7,1.22027395,1.22289655,1.22698652,86.47,1.142,0.0,BTC-28JUN19-11000-P,4950.42,0.0,0.0,0.0,0.0,0.0,0.0,2.29077,-1.15325,-25.43091,5e-05,-0.95468
4950.42,index_price,1554289145049,open,0.0,41.5,0.0,0.00152301,0.00026001,90.06,0.0005,0,BTC-12APR19-3500-P,4950.42,0.0,0.0,0.0,0.0005,10.0,97.64,0.12263,-0.62215,-0.007,2e-05,-0.00556
4950.42,index_price,1554289145051,open,0.15,170.2,0.14182889,0.15969324,0.14646749,75.4,0.1,0,BTC-12APR19-4250-C,4950.42,0.0,0.1,0.6,0.0,0.0,0.0,1.22764,-5.21437,0.92214,0.00027,0.91249
4950.42,index_price,1554289145049,open,0.19,0.0,0.18695202,0.20444824,0.19585743,92.66,None,0,BTC-12APR19-5875-P,4950.42,0.0,0.0,0.0,0.0,0.0,0.0,1.65809,-8.6551,-1.27958,0.0003,-0.8671
4950.16,BTC-27SEP19,1554289145049,open,1.66,0.0,1.62739325,1.76959851,1.66920469,82.37,None,0.0,BTC-27DEC19-13000-P,4950.42,0.0,0.0,0.0,0.0,0.0,0.0,10.10261,-1.55324,-91.34196,7e-05,-0.84506
4950.16,BTC-27SEP19,1554289145049,open,1.26,0.0,1.22611469,1.39988074,1.26579693,73.25,None,0.0,BTC-27DEC19-11000-P,4950.42,0.0,0.0,0.0,0.0,0.0,0.0,10.68495,-1.46087,-76.18081,8e-05,-0.83114
4950.42,index_price,1554289145051,open,0.07,582.3,0.04530513,0.07026776,0.0628951,67.61,0.0675,0,BTC-26APR19-5000-C,4950.42,64.21,0.0595,0.3,0.0655,14.4,70.22,4.94252,-7.30432,1.38804,0.00048,0.51028
4950.42,index_price,1554289145050,open,0.0,1796.1,2e-08,3.329e-05,0.00051269,98.3,0.0005,0,BTC-26APR19-2750-P,4950.42,0.0,0.0,0.0,0.001,21.6,107.25,0.21082,-0.45296,-0.02022,1e-05,-0.006
4950.42,index_price,1554289145052,open,0.16,1635.0,0.14773928,0.16188956,0.15705068,67.42,0.1705,0,BTC-26APR19-4250-C,4950.42,0.0,0.0255,4.0,0.1725,0.1,90.16,3.03418,-4.47141,2.11417,0.00029,0.83847
4950.42,index_price,1554289145053,open,0.0,2935.4,1.017e-05,0.00065831,0.00076259,76.52,0.0005,0,BTC-26APR19-3250-P,4950.42,0.0,0.0,0.0,0.001,88.0,79.52,0.35708,-0.59721,-0.0363,3e-05,-0.01094
4950.42,index_price,1554289145050,open,0.45,10.2,0.4444916,0.44452487,0.44462248,84.68,0.006,0,BTC-26APR19-2750-C,4950.42,0.0,0.0,0.0,0.0,0.0,0.0,0.07834,-0.145,1.71692,1e-05,0.99801
4950.42,index_price,1554289145048,open,0.1,704.4,0.09099988,0.09579481,0.09235648,83.82,0.0935,0,BTC-5APR19-4500-C,4950.42,0.0,0.0895,6.0,0.0935,6.0,96.33,0.38258,-8.54813,0.21745,0.00036,0.94714
4950.42,index_price,1554289145053,open,0.2,518.6,0.19402711,0.20275031,0.20015812,69.17,0.204,0,BTC-26APR19-4000-C,4950.42,65.02,0.1985,1.0,0.205,11.5,79.62,2.07536,-3.13773,2.19051,0.0002,0.90619
4950.42,index_price,1554289145052,open,0.3,32.6,0.29307774,0.29498529,0.2946356,72.57,0.275,0,BTC-26APR19-3500-C,4950.42,0.0,0.0,0.0,0.0,0.0,0.0,0.67,-1.06268,2.11776,6e-05,0.97721
172.66,ETH-27SEP19,1554289145220,open,0.2,401.0,0.148512,0.32276,0.195389,77.08,0.158,0.0,ETH-27SEP19-180-C,166.65,71.81,0.181,18.0,0.213,18.0,83.55,0.47086,-0.10259,0.31813,0.00423,0.57561
171.44,ETH-28JUN19,1554289145233,open,0.3,0.0,0.270892,0.372358,0.301139,77.29,None,0.0,ETH-28JUN19-210-P,166.65,0.0,0.001,10.0,0.0,0.0,0.0,0.31163,-0.14024,-0.3789,0.00583,-0.63822
172.66,ETH-27SEP19,1554289145276,open,0.81,0.0,0.76104,0.911055,0.816813,88.33,None,0.0,ETH-27SEP19-300-P,166.65,0.0,0.002,1.0,2.5,1.0,500.0,0.40264,-0.10053,-1.28816,0.00316,-0.72277
4950.42,index_price,1554289145305,open,0.03,341.0,0.01531161,0.03488585,0.02947286,68.43,0.03,0,BTC-26APR19-4500-P,4950.42,64.11,0.026,21.7,0.0295,0.4,68.46,4.022,-6.01526,-0.89893,0.00038,-0.26026
166.65,index_price,1554289145335,open,0.05,265.0,0.030503,0.073994,0.049982,91.4,0.065,0.2,ETH-12APR19-170-C,166.65,84.99,0.046,142.0,0.053,129.0,96.25,0.10361,-0.57332,0.01768,0.01679,0.48634
166.65,index_price,1554289145338,open,0.04,325.0,0.018443,0.058636,0.037793,94.37,0.035,0.2,ETH-12APR19-160-P,166.65,86.04,0.033,148.0,0.04,142.0,98.18,0.09633,-0.47664,-0.01574,0.01511,-0.35073
166.65,index_price,1554289145341,open,0.04,480.0,0.012247,0.05156,0.031996,96.85,0.036,0.2,ETH-12APR19-180-C,166.65,96.85,0.032,2.0,0.034,160.0,100.32,0.0956,-0.55004,0.01263,0.01462,0.34364
166.65,index_price,1554289145350,open,0.06,109.0,0.045656,0.089147,0.06611,92.97,0.046,0.2,ETH-12APR19-170-P,166.65,86.35,0.062,142.0,0.069,130.0,97.61,0.10362,-0.48985,-0.02345,0.01651,-0.51247
166.65,index_price,1554289145354,open,0.01,437.0,0.003881,0.019891,0.012856,101.61,0.014,0,ETH-5APR19-160-P,166.65,85.02,0.009,83.0,0.012,1.0,98.02,0.03992,-1.08121,-0.00247,0.02752,-0.27577
166.65,index_price,1554289145359,open,0.02,23.0,0.001136,0.023178,0.0128,105.44,0.018,0.2,ETH-12APR19-200-C,166.65,94.72,0.009,189.0,0.014,122.0,108.56,0.06303,-0.38774,0.00593,0.00885,0.15922
166.65,index_price,1554289145367,open,0.11,1626.0,0.100006,0.105627,0.101396,92.24,0.108,0,ETH-5APR19-150-C,166.65,59.54,0.1,10.0,0.108,278.0,145.47,0.01273,-0.31302,0.00725,0.00967,0.94791
166.65,index_price,1554289145370,open,0.03,319.0,0.009102,0.028339,0.01969,99.12,0.021,0,ETH-5APR19-170-C,166.65,96.63,0.019,92.0,0.023,100.0,111.0,0.04626,-1.22216,0.00329,0.0327,0.40339
166.65,index_price,1554289145374,open,0.17,142.0,0.159916,0.160936,0.159465,0.0,0.197,0,ETH-5APR19-140-C,166.65,0.0,0.156,183.0,0.167,182.0,199.63,0.0,0.0,0.00719,0.0,1.0
166.65,index_price,1554289145379,open,0.17,142.0,0.159916,0.160936,0.159465,0.0,0.197,0,ETH-5APR19-140-C,166.65,0.0,0.156,183.0,0.167,183.0,199.63,0.0,0.0,0.00719,0.0,1.0
171.44,ETH-28JUN19,1554289145399,open,0.43,0.0,0.419462,0.453619,0.424208,73.13,None,0.0,ETH-28JUN19-100-C,166.65,0.0,0.001,10.0,0.468,10.0,130.35,0.07859,-0.03346,0.21416,0.00155,0.95516
166.65,index_price,1554289145396,open,0.04,134.0,0.029204,0.048441,0.040772,102.65,0.024,0,ETH-5APR19-170-P,166.65,89.02,0.037,96.0,0.041,86.0,103.47,0.04638,-1.26896,-0.00542,0.03166,-0.59238
166.65,index_price,1554289145402,open,0.01,0.0,5.5e-05,0.00955,0.004598,109.7,None,0.2,ETH-12APR19-220-C,166.65,106.59,0.004,139.0,0.007,149.0,120.46,0.03318,-0.21062,0.00247,0.00448,0.06558
166.65,index_price,1554289145404,open,0.01,0.0,5.5e-05,0.00955,0.004598,109.7,None,0.2,ETH-12APR19-220-C,166.65,106.59,0.004,139.0,0.007,151.0,120.46,0.03318,-0.21062,0.00247,0.00448,0.06558
166.65,index_price,1554289145408,open,0.02,1347.0,0.005203,0.035358,0.018222,94.21,0.025,0.2,ETH-12APR19-150-P,166.65,79.44,0.012,148.0,0.018,141.0,93.71,0.07389,-0.37173,-0.00906,0.01161,-0.20524
166.65,index_price,1554289145413,open,0.09,947.0,0.063005,0.103198,0.081437,92.78,0.047,0.2,ETH-12APR19-160-C,166.65,85.06,0.077,130.0,0.084,137.0,97.21,0.09618,-0.5547,0.02307,0.01535,0.65077
166.65,index_price,1554289145416,open,0.09,947.0,0.063005,0.103198,0.081437,92.78,0.047,0.2,ETH-12APR19-160-C,166.65,85.06,0.077,130.0,0.084,146.0,97.21,0.09618,-0.5547,0.02307,0.01535,0.65077
171.44,ETH-28JUN19,1554289145419,open,0.54,0.0,0.533636,0.547998,0.535513,78.39,None,0.0,ETH-28JUN19-80-C,166.65,0.0,0.001,10.0,0.0,0.0,0.0,0.02985,-0.01362,0.18167,0.00055,0.98591
166.65,index_price,1554289145429,open,0.01,224.0,0.000691,0.011307,0.006262,104.3,0.004,0.2,ETH-5APR19-180-C,166.65,102.81,0.006,151.0,0.009,40.0,118.81,0.0295,-0.83455,0.00135,0.01982,0.16366
166.65,index_price,1554289145442,open,0.02,44.0,0.004077,0.034989,0.019424,99.65,0.029,0.2,ETH-12APR19-190-C,166.65,92.25,0.016,156.0,0.022,146.0,104.98,0.07914,-0.46359,0.00858,0.01176,0.2312
166.65,index_price,1554289145453,open,0.06,1489.0,0.043785,0.059795,0.051837,97.74,0.054,0,ETH-5APR19-160-C,166.65,80.94,0.048,10.0,0.058,373.0,122.91,0.03942,-1.02695,0.00582,0.02826,0.73113
166.65,index_price,1554289145460,open,0.01,0.0,0.000269,0.015024,0.008022,108.8,None,0.2,ETH-12APR19-210-C,166.65,101.23,0.006,142.0,0.01,172.0,115.4,0.04751,-0.30013,0.00396,0.00647,0.10579
166.65,index_price,1554289145464,open,0.0,0.0,1.6e-05,0.003676,0.001689,109.39,None,0.2,ETH-5APR19-190-C,166.65,113.24,0.002,188.0,0.004,70.0,132.76,0.01283,-0.28139,0.00044,0.00822,0.05262
166.65,index_price,1554289145470,open,0.01,441.0,0.00091,0.019123,0.007201,94.1,0.01,0.2,ETH-12APR19-140-P,166.65,75.5,0.003,167.0,0.007,100.0,93.35,0.04488,-0.22832,-0.00426,0.00706,-0.09783
171.44,ETH-28JUN19,1554289145540,open,0.34,0.0,0.318826,0.416288,0.348026,77.91,None,0.0,ETH-28JUN19-220-P,166.65,0.0,0.001,10.0,0.0,0.0,0.0,0.29692,-0.13469,-0.41514,0.00551,-0.68118
172.66,ETH-27SEP19,1554289145589,open,0.31,0.0,0.268456,0.447149,0.316297,77.28,None,0.0,ETH-27SEP19-200-P,166.65,0.0,0.0,0.0,0.0,0.0,0.0,0.4795,-0.10475,-0.6844,0.00429,-0.50169
166.65,index_price,1554289145615,open,0.0,150.0,0.0,0.001139,0.00033,110.23,0.001,0.2,ETH-12APR19-110-P,166.65,0.0,0.0,0.0,0.001,324.0,127.52,0.00421,-0.02562,-0.00024,0.00057,-0.00569
172.66,ETH-27SEP19,1554289145616,open,0.2,401.0,0.148512,0.32276,0.195389,77.08,0.158,0.0,ETH-27SEP19-180-C,166.65,71.81,0.181,18.0,0.212,18.0,83.18,0.47086,-0.10259,0.31813,0.00423,0.57561
171.45,ETH-28JUN19,1554289145618,open,0.03,57.0,0.006992,0.072609,0.024364,80.29,0.015,0.0,ETH-28JUN19-280-C,166.65,74.11,0.018,288.0,0.028,276.0,83.5,0.18821,-0.08799,0.04805,0.00339,0.14349
166.65,index_price,1554289145624,open,0.0,0.0,1.6e-05,0.003676,0.001689,109.39,None,0.2,ETH-5APR19-190-C,166.65,113.24,0.002,189.0,0.004,70.0,132.76,0.01283,-0.28139,0.00044,0.00822,0.05262
166.65,index_price,1554289145625,open,0.15,0.0,0.13866,0.169572,0.155096,101.92,None,0.2,ETH-12APR19-190-P,166.65,73.71,0.143,10.0,0.162,10.0,115.73,0.08029,-0.37722,-0.03719,0.01166,-0.76268
171.44,ETH-28JUN19,1554289145652,open,0.07,644.0,0.035578,0.13304,0.063055,76.91,0.071,0.0,ETH-28JUN19-220-C,166.65,75.13,0.06,29.0,0.063,275.0,76.88,0.29537,-0.13227,0.10159,0.00555,0.31491
166.65,index_price,1554289145659,open,0.0,0.0,0.0,0.000998,0.000305,109.52,None,0.2,ETH-5APR19-200-C,166.65,130.04,0.001,162.0,0.002,100.0,146.99,0.00361,-0.05085,0.0001,0.00231,0.01157
171.44,ETH-28JUN19,1554289145701,open,0.48,0.0,0.476016,0.499236,0.478257,72.15,None,0.0,ETH-28JUN19-90-C,166.65,0.0,0.001,10.0,0.0,0.0,0.0,0.04345,-0.01825,0.20162,0.00087,0.97812
166.65,index_price,1554289145735,open,0.05,265.0,0.030503,0.073994,0.049982,91.4,0.065,0.2,ETH-12APR19-170-C,166.65,84.99,0.046,142.0,0.053,128.0,96.25,0.10361,-0.57332,0.01768,0.01679,0.48634
166.65,index_price,1554289145738,open,0.04,325.0,0.018443,0.058636,0.037793,94.37,0.035,0.2,ETH-12APR19-160-P,166.65,86.04,0.033,147.0,0.04,142.0,98.18,0.09633,-0.47664,-0.01574,0.01511,-0.35073
166.65,index_price,1554289145761,open,0.04,480.0,0.012247,0.05156,0.031996,96.85,0.036,0.2,ETH-12APR19-180-C,166.65,96.85,0.032,2.0,0.034,159.0,100.32,0.0956,-0.55004,0.01263,0.01462,0.34364
166.65,index_price,1554289145778,open,0.06,109.0,0.045656,0.089147,0.06611,92.97,0.046,0.2,ETH-12APR19-170-P,166.65,86.35,0.062,141.0,0.069,130.0,97.61,0.10362,-0.48985,-0.02345,0.01651,-0.51247
166.65,index_price,1554289145784,open,0.01,437.0,0.003881,0.019891,0.012856,101.61,0.014,0,ETH-5APR19-160-P,166.65,85.02,0.009,82.0,0.012,1.0,98.02,0.03992,-1.08121,-0.00247,0.02752,-0.27577
166.65,index_price,1554289145800,open,0.11,1626.0,0.100006,0.105627,0.101396,92.24,0.108,0,ETH-5APR19-150-C,166.65,59.54,0.1,10.0,0.108,277.0,145.47,0.01273,-0.31302,0.00725,0.00967,0.94791
166.65,index_price,1554289145806,open,0.03,319.0,0.009102,0.028339,0.01969,99.12,0.021,0,ETH-5APR19-170-C,166.65,96.63,0.019,92.0,0.023,98.0,111.0,0.04626,-1.22216,0.00329,0.0327,0.40339
166.65,index_price,1554289145812,open,0.04,134.0,0.029204,0.048441,0.040772,102.65,0.024,0,ETH-5APR19-170-P,166.65,89.02,0.037,93.0,0.041,86.0,103.47,0.04638,-1.26896,-0.00542,0.03166,-0.59238
166.65,index_price,1554289145819,open,0.01,0.0,5.5e-05,0.00955,0.004598,109.7,None,0.2,ETH-12APR19-220-C,166.65,106.59,0.004,138.0,0.007,151.0,120.46,0.03318,-0.21062,0.00247,0.00448,0.06558
166.65,index_price,1554289145820,open,0.01,0.0,5.5e-05,0.00955,0.004598,109.7,None,0.2,ETH-12APR19-220-C,166.65,106.59,0.004,138.0,0.007,150.0,120.46,0.03318,-0.21062,0.00247,0.00448,0.06558
166.65,index_price,1554289145824,open,0.02,1347.0,0.005203,0.035358,0.018222,94.21,0.025,0.2,ETH-12APR19-150-P,166.65,79.44,0.012,147.0,0.018,141.0,93.71,0.07389,-0.37173,-0.00906,0.01161,-0.20524
166.65,index_price,1554289145834,open,0.09,947.0,0.063005,0.103198,0.081437,92.78,0.047,0.2,ETH-12APR19-160-C,166.65,85.06,0.077,129.0,0.084,146.0,97.21,0.09618,-0.5547,0.02307,0.01535,0.65077
166.65,index_price,1554289145846,open,0.09,947.0,0.063005,0.103198,0.081437,92.78,0.047,0.2,ETH-12APR19-160-C,166.65,85.06,0.077,129.0,0.084,144.0,97.21,0.09618,-0.5547,0.02307,0.01535,0.65077
166.65,index_price,1554289145879,open,0.02,44.0,0.004077,0.034989,0.019424,99.65,0.029,0.2,ETH-12APR19-190-C,166.65,92.25,0.016,156.0,0.022,145.0,104.98,0.07914,-0.46359,0.00858,0.01176,0.2312
166.65,index_price,1554289145896,open,0.06,1489.0,0.043785,0.059795,0.051837,97.74,0.054,0,ETH-5APR19-160-C,166.65,80.94,0.048,10.0,0.058,370.0,122.91,0.03942,-1.02695,0.00582,0.02826,0.73113
172.66,ETH-27SEP19,1554289145963,open,0.11,753.0,0.059641,0.233515,0.105504,78.29,0.081,0.0,ETH-27SEP19-240-C,166.65,73.49,0.093,24.0,0.122,24.0,84.5,0.45383,-0.10044,0.22134,0.00401,0.37004
171.44,ETH-28JUN19,1554289146009,open,0.33,26.0,0.312907,0.372267,0.324983,73.88,0.191,0.0,ETH-28JUN19-120-C,166.65,0.0,0.11,1.0,0.0,0.0,0.0,0.1664,-0.07158,0.22385,0.00326,0.87994
166.65,index_price,1554289146140,open,0.41,111.0,0.402851,0.403124,0.402328,0.0,0.399,0.2,ETH-12APR19-100-C,166.65,0.0,0.001,10.0,0.0,0.0,0.0,0.0,-0.05453,0.0242,0.0,1.0
4950.42,index_price,1554289146155,open,0.03,1157.4,0.01472729,0.03548377,0.03523314,74.72,0.0355,0,BTC-26APR19-5500-C,4950.42,68.79,0.03,25.6,0.0335,19.3,72.77,4.42868,-7.23282,0.88177,0.00039,0.31944
4950.42,index_price,1554289146155,open,0.05,288.5,0.03128839,0.05480109,0.04861977,68.49,0.047,0,BTC-26APR19-4750-P,4950.42,65.19,0.0455,13.2,0.051,21.3,71.0,4.68712,-7.01618,-1.30476,0.00045,-0.37192
4954.42,BTC-28JUN19,1554289146172,open,2.02,2.0,2.02759981,2.02780276,2.03330663,108.56,2.658,0.0,BTC-28JUN19-15000-P,4950.42,0.0,0.0,0.0,0.0,0.0,0.0,1.76285,-1.11429,-34.97491,3e-05,-0.96714
4950.25,BTC-27SEP19,1554289146174,open,0.12,277.8,0.10789448,0.18000161,0.12241702,59.24,0.125,0.0,BTC-27SEP19-5500-C,4950.42,56.57,0.115,3.0,0.135,3.5,63.78,13.73094,-2.29952,8.58741,0.0002,0.4804
4950.42,index_price,1554289146181,open,0.05,62.4,0.02340462,0.06690718,0.04299277,76.55,0.044,0,BTC-12APR19-5000-C,4950.42,74.15,0.0415,6.4,0.045,18.0,79.78,3.07882,-13.27738,0.53872,0.00067,0.49051
4950.25,BTC-27SEP19,1554289146193,open,0.6,28.2,0.59659981,0.60347229,0.60101102,73.96,0.5015,0.0,BTC-27SEP19-2000-C,4950.42,0.0,0.0005,1.0,0.0,0.0,0.0,1.79537,-0.37535,9.04797,2e-05,0.97819
4954.42,BTC-28JUN19,1554289146197,open,0.82,6.6,0.81729323,0.82677473,0.82699977,75.34,1.2875,0.0,BTC-28JUN19-9000-P,4950.42,0.0,0.0,0.0,0.0,0.0,0.0,3.34636,-1.46781,-20.44089,8e-05,-0.9266
4954.42,BTC-28JUN19,1554289146221,open,0.07,58.0,0.05334076,0.09658571,0.07150602,60.61,0.0785,0.0,BTC-28JUN19-4500-P,4950.42,58.57,0.068,6.0,0.073,14.4,61.47,8.56751,-3.0232,-4.53639,0.00024,-0.31766
4950.25,BTC-27SEP19,1554289146235,open,0.02,844.9,0.00628748,0.03797719,0.02855276,74.16,0.0155,0.0,BTC-27SEP19-10000-C,4950.42,65.14,0.0165,15.0,0.0485,17.3,85.84,7.47398,-1.56673,2.54851,8e-05,0.13479
166.65,index_price,1554289146237,open,0.2,0.0,0.195434,0.217476,0.208245,108.43,None,0.2,ETH-12APR19-200-P,166.65,0.0,0.0,0.0,0.274,1.0,233.73,0.06504,-0.30221,-0.04219,0.00888,-0.83288
172.66,ETH-27SEP19,1554289146242,open,0.09,649.0,0.043742,0.210935,0.087087,78.85,0.067,0.0,ETH-27SEP19-260-C,166.65,74.32,0.076,24.0,0.102,24.0,84.75,0.42909,-0.09564,0.19379,0.00377,0.3187
4950.25,BTC-27SEP19,1554289146261,open,0.7,42.8,0.69702621,0.69868616,0.69879532,80.72,0.6235,0.0,BTC-27SEP19-1500-C,4950.42,0.0,0.001,1.0,0.0,0.0,0.0,0.76122,-0.17371,7.03183,1e-05,0.99193
4954.42,BTC-28JUN19,1554289146269,open,1.42,10.0,1.42209175,1.42345999,1.42850667,92.87,1.243,0.0,BTC-28JUN19-12000-P,4950.42,0.0,0.0,0.0,0.0,0.0,0.0,2.11523,-1.14377,-27.82943,4e-05,-0.95894
4950.25,BTC-27SEP19,1554289146269,open,0.3,2.2,0.29171969,0.36252297,0.30655283,59.57,0.8415,0.0,BTC-27SEP19-6000-P,4950.42,0.0,0.004,20.0,0.331,3.0,68.57,13.30287,-2.24015,-21.77542,0.00019,-0.60119
4950.25,BTC-27SEP19,1554289146281,open,0.09,702.3,0.07965969,0.15046297,0.09364261,59.25,0.1,0.0,BTC-27SEP19-6000-C,4950.42,56.96,0.0875,1.0,0.108,3.5,64.56,13.29058,-2.22619,7.2873,0.00019,0.39743
4950.42,index_price,1554289146283,open,0.0,1113.3,6.9e-07,0.00017157,0.00051495,84.99,0.001,0,BTC-26APR19-3000-P,4950.42,0.0,0.0,0.0,0.001,23.2,92.86,0.23973,-0.44535,-0.02313,2e-05,-0.00694
4950.25,BTC-27SEP19,1554289146290,open,0.42,246.8,0.40625169,0.43654358,0.4190686,66.43,0.3115,0.0,BTC-27SEP19-3000-C,4950.42,0.0,0.135,0.1,0.0,0.0,0.0,5.79612,-1.08838,11.67173,7e-05,0.90562
4950.42,index_price,1554289146307,open,0.55,0.0,0.54549311,0.54549347,0.54529482,0.0,0.429,0,BTC-26APR19-2250-C,4950.42,0.0,0.0,0.0,0.0,0.0,0.0,0.0,0.0,1.41015,0.0,1.0
171.44,ETH-28JUN19,1554289146309,open,0.28,328.0,0.264735,0.336499,0.280941,74.04,0.168,0.0,ETH-28JUN19-130-C,166.65,64.8,0.27,99.0,0.284,99.0,76.5,0.21127,-0.09108,0.22104,0.00413,0.82894
4954.42,BTC-28JUN19,1554289146321,open,1.62,0.8,1.62392273,1.62464034,1.6300857,98.66,2.171,0.0,BTC-28JUN19-13000-P,4950.42,0.0,0.07,1.0,0.0,0.0,0.0,1.9783,-1.13636,-30.21694,3e-05,-0.96218
4950.25,BTC-27SEP19,1554289146321,open,0.23,12.1,0.21894948,0.29105661,0.23425139,59.52,0.442,0.0,BTC-27SEP19-5500-P,4950.42,0.0,0.005,3.1,0.253,3.0,66.28,13.73238,-2.31067,-18.06292,0.00019,-0.51873
166.65,index_price,1554289146330,open,0.26,0.0,0.254281,0.269036,0.263239,112.89,None,0.2,ETH-12APR19-210-P,166.65,0.0,0.0,0.0,0.341,1.0,270.15,0.0506,-0.21702,-0.04651,0.00664,-0.88448
4950.25,BTC-27SEP19,1554289146333,open,0.12,13.2,0.1013266,0.16686175,0.11939148,61.16,0.127,0.0,BTC-27SEP19-4500-P,4950.42,57.44,0.11,3.0,0.128,3.0,64.57,12.49636,-2.16055,-10.80677,0.00017,-0.33111
4950.42,index_price,1554289146358,open,0.05,1031.4,0.02670929,0.05053063,0.04449129,68.78,0.047,0,BTC-26APR19-5250-C,4950.42,64.64,0.0405,34.1,0.047,19.3,71.37,4.78584,-7.19486,1.10086,0.00045,0.39931
4954.42,BTC-28JUN19,1554289146360,open,0.05,2351.1,0.03253854,0.07533304,0.05009389,60.75,0.0465,0.0,BTC-28JUN19-6000-C,4950.42,60.4,0.0495,15.0,0.0515,0.1,61.57,8.45003,-2.98872,3.00226,0.00024,0.30765
4954.42,BTC-28JUN19,1554289146364,open,0.12,121.2,0.10163005,0.14964391,0.12010796,59.6,0.111,0.0,BTC-28JUN19-5000-P,4950.42,57.2,0.1155,5.0,0.124,10.8,61.62,9.52634,-3.30552,-6.70463,0.00028,-0.45507
4950.42,index_price,1554289146374,open,0.35,23.7,0.34350022,0.34414836,0.34380143,68.28,0.1875,0,BTC-26APR19-3250-C,4950.42,0.0,0.0,0.0,0.0,0.0,0.0,0.19283,-0.2878,2.01907,2e-05,0.99457
166.65,index_price,1554289146429,open,0.19,0.0,0.198887,0.199885,0.200344,138.65,None,0.2,ETH-5APR19-200-P,166.65,0.0,0.001,50.0,0.264,1.0,458.44,0.00986,-0.25813,-0.00995,0.00498,-0.96208
172.66,ETH-27SEP19,1554289146453,open,0.05,0.0,0.009378,0.13189,0.048987,88.45,None,0.0,ETH-27SEP19-360-C,166.65,0.0,0.0,0.0,0.0,0.0,0.0,0.324,-0.08102,0.11628,0.00254,0.18796
166.65,index_price,1554289146461,open,0.31,0.0,0.313782,0.323278,0.319587,115.64,None,0.2,ETH-12APR19-220-P,166.65,0.0,0.0,0.0,0.409,1.0,306.29,0.03767,-0.13193,-0.05034,0.00482,-0.92264
171.44,ETH-28JUN19,1554289146620,open,0.25,499.0,0.220987,0.303862,0.241069,74.15,0.248,0.0,ETH-28JUN19-140-C,166.65,73.43,0.24,1.0,0.244,116.0,76.14,0.25171,-0.10868,0.21387,0.00491,0.77128
172.67,ETH-27SEP19,1554289146642,open,1.13,0.0,1.094283,1.216804,1.133647,88.32,None,0.0,ETH-27SEP19-360-P,166.65,0.0,0.0,0.0,0.0,0.0,0.0,0.3234,-0.08074,-1.62853,0.00253,-0.81262
4950.42,index_price,1554289146654,open,0.05,43.6,0.03763422,0.05400369,0.04967017,98.48,0.047,0,BTC-5APR19-5125-P,4950.42,87.97,0.047,18.0,0.0515,0.2,105.52,1.27615,-33.50008,-0.18453,0.00103,-0.67568
4950.42,index_price,1554289146699,open,0.07,70.0,0.06096534,0.07238124,0.07025956,105.49,0.071,0,BTC-5APR19-5250-P,4950.42,94.75,0.068,6.0,0.0715,0.2,111.1,1.07733,-30.2953,-0.21378,0.00081,-0.77009
171.44,ETH-28JUN19,1554289146729,open,0.65,0.0,0.640213,0.705822,0.659782,82.26,None,0.0,ETH-28JUN19-280-P,166.65,0.0,0.0,0.0,0.0,0.0,0.0,0.19518,-0.09348,-0.60837,0.00343,-0.84849
171.44,ETH-28JUN19,1554289146776,open,0.76,0.0,0.753862,0.809507,0.770431,83.89,None,0.0,ETH-28JUN19-300-P,166.66,0.0,0.0,0.0,0.0,0.0,0.0,0.16701,-0.08158,-0.66544,0.00288,-0.87932
171.44,ETH-28JUN19,1554289146777,open,0.21,497.0,0.182123,0.274192,0.205468,74.23,0.21,0.0,ETH-28JUN19-150-C,166.66,70.93,0.2,20.0,0.209,137.0,76.35,0.28501,-0.12318,0.20319,0.00555,0.70921
171.44,ETH-28JUN19,1554289146777,open,0.15,549.0,0.119458,0.222984,0.146018,73.97,0.162,0.0,ETH-28JUN19-170-C,166.66,71.85,0.142,18.0,0.15,194.0,76.07,0.32499,-0.13997,0.17521,0.00635,0.5804
172.67,ETH-27SEP19,1554289146777,open,0.55,0.0,0.540277,0.594501,0.552334,82.17,None,0.0,ETH-27SEP19-80-C,166.66,0.0,0.0,0.0,0.0,0.0,0.0,0.12682,-0.02946,0.33153,0.00107,0.94855
172.67,ETH-27SEP19,1554289146777,open,0.3,343.0,0.262525,0.407492,0.311403,82.1,0.189,0.0,ETH-27SEP19-140-C,166.66,56.49,0.255,5.0,0.739,1.0,303.6,0.38752,-0.08994,0.36117,0.00327,0.74304
172.67,ETH-27SEP19,1554289146778,open,0.01,120.0,0.00044,0.02619,0.005579,86.82,0.01,0.0,ETH-27SEP19-60-P,166.66,66.27,0.001,2000.0,0.01,30.0,97.82,0.0585,-0.01436,-0.02151,0.00047,-0.02012
172.68,ETH-27SEP19,1554289146778,open,0.01,300.0,0.003587,0.057804,0.015569,82.07,0.026,0.0,ETH-27SEP19-80-P,166.66,61.18,0.004,30.0,0.02,30.0,87.79,0.12654,-0.02936,-0.05596,0.00107,-0.0513
166.66,index_price,1554289146777,open,0.34,37.0,0.339974,0.339974,0.3393,0.0,0.369,0,ETH-5APR19-110-C,166.66,0.0,0.001,50.0,0.0,0.0,0.0,0.0,0.0,0.00565,0.0,1.0
166.66,index_price,1554289146777,open,0.0,281.0,8.5e-05,0.009014,0.002459,96.03,0.001,0.2,ETH-12APR19-130-P,166.66,0.0,0.0,0.0,0.002,248.0,92.32,0.02179,-0.11414,-0.00167,0.00336,-0.03868
4950.25,BTC-27SEP19,1554289146799,open,0.01,733.3,0.00360138,0.02046965,0.01376455,71.88,0.0135,0.0,BTC-27SEP19-2500-P,4950.42,69.46,0.012,3.0,0.015,20.3,73.49,3.72866,-0.75766,-1.60418,4e-05,-0.05311
4950.16,BTC-27SEP19,1554289146805,open,0.03,1.0,0.01988175,0.05732386,0.03289114,64.0,0.0425,0.0,BTC-27SEP19-3250-P,4950.42,58.92,0.026,6.0,0.038,20.2,67.56,6.95688,-1.25872,-3.70538,9e-05,-0.12158
4950.25,BTC-27SEP19,1554289146923,open,0.25,10.0,0.19575664,0.42184427,0.24683745,61.46,0.22,0.0,BTC-27DEC19-4500-C,4950.42,55.7,0.229,3.0,0.2655,3.0,67.5,15.32775,-1.75826,15.43215,0.00014,0.67161
4950.25,BTC-27SEP19,1554289146982,open,0.16,773.0,0.14486379,0.21544504,0.15916779,59.23,0.165,0.0,BTC-27SEP19-5000-C,4950.42,57.52,0.1545,3.0,0.164,0.5,61.0,13.52199,-2.26393,9.90721,0.00019,0.57217
166.66,index_price,1554289147048,open,0.05,265.0,0.030529,0.07402,0.049982,91.35,0.065,0.2,ETH-12APR19-170-C,166.66,84.95,0.046,142.0,0.053,123.0,96.21,0.10362,-0.57313,0.01769,0.01679,0.48647
166.66,index_price,1554289147051,open,0.04,325.0,0.018424,0.05861,0.037793,94.41,0.035,0.2,ETH-12APR19-160-P,166.66,86.08,0.033,142.0,0.04,142.0,98.22,0.09632,-0.47684,-0.01574,0.01511,-0.35062
166.66,index_price,1554289147058,open,0.04,480.0,0.01226,0.05158,0.031996,96.81,0.036,0.2,ETH-12APR19-180-C,166.66,96.82,0.032,2.0,0.034,155.0,100.29,0.09562,-0.54995,0.01263,0.01462,0.34371
166.66,index_price,1554289147068,open,0.06,109.0,0.045621,0.089112,0.06611,93.02,0.046,0.2,ETH-12APR19-170-P,166.66,86.41,0.062,134.0,0.069,130.0,97.67,0.10363,-0.49023,-0.02344,0.01649,-0.51226
166.66,index_price,1554289147077,open,0.01,437.0,0.003871,0.019871,0.012856,101.68,0.014,0,ETH-5APR19-160-P,166.66,85.09,0.009,77.0,0.012,1.0,98.09,0.03991,-1.08175,-0.00247,0.0275,-0.27561
166.66,index_price,1554289147105,open,0.02,23.0,0.001138,0.02319,0.0128,105.42,0.018,0.2,ETH-12APR19-200-C,166.66,94.7,0.009,189.0,0.014,119.0,108.54,0.06304,-0.38773,0.00593,0.00885,0.15924
166.66,index_price,1554289147116,open,0.03,319.0,0.009121,0.028364,0.01969,99.04,0.021,0,ETH-5APR19-170-C,166.66,96.55,0.019,92.0,0.023,90.0,110.91,0.04626,-1.22139,0.00329,0.03273,0.40362
166.66,index_price,1554289147122,open,0.17,142.0,0.159967,0.160985,0.159465,0.0,0.197,0,ETH-5APR19-140-C,166.66,0.0,0.156,182.0,0.167,183.0,199.28,0.0,0.0,0.00719,0.0,1.0
