underlying_price,underlying_index,timestamp,state,settlement_price,open_interest,min_price,max_price,mark_price,mark_iv,last_price,interest_rate,instrument_name,index_price,bid_iv,best_bid_price,best_bid_amount,best_ask_price,best_ask_amount,ask_iv,vega,theta,rho,gamma,delta
207.9,SYN.ETH-9AUG19,1564311540466,open,0.02,204.0,0.001,0.062,0.021455,102.64,0.016,0.0,ETH-9AUG19-180-P,208.03,95.47,0.018,200.0,0.023,200.0,105.75,0.10238,-0.44246,-0.01443,0.00709,-0.19189
9448.73,SYN.BTC-2AUG19,1564311540530,open,0.05,233.4,0.009,0.0925,0.05053176,103.38,0.05,0.0,BTC-2AUG19-9500-P,9449.58,101.15,0.0495,1.2,0.0515,0.1,105.48,4.35622,-46.18454,-0.68758,0.00035,-0.49423
9438.97,BTC-27SEP19,1564311540551,open,0.0,1660.1,0.0005,0.04,5.938e-05,145.0,0.0005,0.0,BTC-27SEP19-1500-P,9449.58,0.0,0.0,0.0,0.001,77.1,193.56,0.04713,-0.05613,-0.00619,0.0,-0.00033
207.9,SYN.ETH-9AUG19,1564311540565,open,0.12,200.0,0.082,0.161,0.121837,102.71,0.109,0.0,ETH-9AUG19-190-C,208.03,89.62,0.114,50.0,0.122,50.0,102.98,0.12654,-0.54723,0.04037,0.00876,0.7186
9438.97,BTC-27SEP19,1564311540587,open,0.92,1.0,0.8475,1.0005,0.92398671,105.2,1.5815,0.0,BTC-27SEP19-18000-P,9449.58,0.0,0.005,0.8,1.4935,0.3,499.79,6.71126,-5.79871,-28.73135,4e-05,-0.90109
207.9,SYN.ETH-9AUG19,1564311540648,open,0.03,104.0,0.001,0.077,0.03568,102.64,0.028,0.0,ETH-9AUG19-190-P,208.03,94.88,0.031,200.0,0.038,200.0,106.44,0.12652,-0.54676,-0.02144,0.00877,-0.28131
9438.97,BTC-27SEP19,1564311540655,open,0.19,264.9,0.147,0.242,0.19456608,97.91,0.2,0.0,BTC-27SEP19-10000-P,9449.58,95.72,0.191,3.0,0.1955,0.1,98.48,15.35467,-12.34793,-10.58569,0.00011,-0.47786
9448.73,SYN.BTC-2AUG19,1564311540655,open,0.12,29.7,0.0805,0.17,0.1253471,106.54,0.1255,0.0,BTC-2AUG19-10500-P,9449.58,0.0,0.074,0.1,0.0,0.0,0.0,3.17581,-34.69754,-1.15121,0.00025,-0.78674
9438.97,BTC-27SEP19,1564311540658,open,2.17,0.0,2.0535,2.3075,2.18031434,116.13,None,0.0,BTC-27SEP19-30000-P,9449.58,0.0,0.0,0.0,0.0,0.0,0.0,1.36413,-1.30113,-49.84807,1e-05,-0.98614
9443.85,SYN.BTC-30AUG19,1564311540668,open,0.28,0.0,0.239,0.3185,0.27855399,97.24,None,0.0,BTC-30AUG19-7000-C,9449.58,0.0,0.0,0.0,0.0,0.0,0.0,5.68933,-8.41388,5.11094,7e-05,0.87941
9448.73,SYN.BTC-2AUG19,1564311540683,open,0.0,391.2,0.0005,0.04,0.00034884,145.0,0.002,0.0,BTC-2AUG19-14500-C,9449.58,0.0,0.0,0.0,0.001,0.1,164.8,0.20536,-3.0537,0.00805,1e-05,0.00672
9549.53,BTC-27DEC19,1564311540687,open,0.03,251.8,0.0005,0.075,0.03411517,96.88,0.0305,0.0,BTC-27DEC19-5000-P,9449.58,89.22,0.0265,6.0,0.031,6.0,93.83,9.90774,-3.15992,-4.88594,3e-05,-0.08885
207.38,ETH-27SEP19,1564311540690,open,0.0,739.0,0.001,0.041,0.001048,132.31,0.001,0.0,ETH-27SEP19-60-P,208.03,0.0,0.0,0.0,0.002,250.0,144.78,0.01258,-0.01367,-0.00214,0.00013,-0.00515
208.78,ETH-27DEC19,1564311540690,open,0.2,560.0,0.159,0.238,0.198467,98.16,0.208,0.0,ETH-27DEC19-240-C,208.03,11.65,0.001,1.0,0.205,120.0,100.71,0.53478,-0.17282,0.29534,0.003,0.53844
207.38,ETH-27SEP19,1564311540690,open,0.14,1100.0,0.095,0.174,0.134054,97.57,0.143,0.0,ETH-27SEP19-220-C,208.03,93.85,0.128,120.0,0.138,110.0,99.99,0.33743,-0.27041,0.1336,0.00482,0.52032
207.68,SYN.ETH-30AUG19,1564311540690,open,0.01,278.0,0.001,0.051,0.011184,97.63,0.01,0.0,ETH-30AUG19-320-C,208.03,88.17,0.007,200.0,0.012,200.0,99.25,0.10282,-0.15268,0.0151,0.00271,0.09193
207.38,ETH-27SEP19,1564311540692,open,0.08,1704.0,0.042,0.121,0.081688,99.67,0.087,0.0,ETH-27SEP19-260-C,208.03,94.61,0.074,160.0,0.082,110.0,99.87,0.31757,-0.25997,0.09709,0.00444,0.36241
208.78,ETH-27DEC19,1564311540692,open,0.02,1370.0,0.001,0.055,0.015793,108.03,0.012,0.0,ETH-27DEC19-760-C,208.03,96.67,0.008,50.0,0.016,50.0,108.28,0.17297,-0.06152,0.04369,0.00088,0.06609
9438.97,BTC-27SEP19,1564311540694,open,0.04,368.7,0.003,0.086,0.04450691,97.6,0.042,0.0,BTC-27SEP19-7000-P,9449.58,93.2,0.04,19.3,0.0445,19.3,97.59,9.7999,-7.85561,-3.3963,7e-05,-0.17123
9549.53,BTC-27DEC19,1564311540694,open,0.44,122.9,0.396,0.4755,0.43556417,96.88,0.502,0.0,BTC-27DEC19-6000-C,9449.58,69.63,0.399,4.0,0.88,0.2,443.41,14.06953,-4.48725,16.64843,4e-05,0.85455
9438.97,BTC-27SEP19,1564311540694,open,0.3,752.2,0.263,0.3425,0.30289978,97.6,0.326,0.0,BTC-27SEP19-7000-C,9449.58,0.0,0.12,1.0,0.4025,5.0,183.54,9.79986,-7.85552,8.27852,7e-05,0.82877
207.98,SYN.ETH-2AUG19,1564311540696,open,0.0,522.0,0.001,0.042,0.002453,126.39,0.001,0.0,ETH-2AUG19-270-C,208.03,0.0,0.0,0.0,0.002,258.0,121.88,0.02209,-0.28633,0.00114,0.00302,0.04331
207.98,SYN.ETH-2AUG19,1564311540701,open,0.01,2049.0,0.001,0.052,0.012273,98.22,0.017,0.0,ETH-2AUG19-230-C,208.03,87.72,0.009,200.0,0.015,200.0,106.31,0.06796,-0.68448,0.00531,0.01198,0.2033
207.68,SYN.ETH-30AUG19,1564311540701,open,0.09,228.0,0.051,0.137,0.093782,95.04,0.094,0.0,ETH-30AUG19-200-P,208.03,90.89,0.089,160.0,0.099,280.0,99.56,0.23945,-0.34609,-0.09083,0.00649,-0.39177
207.38,ETH-27SEP19,1564311540703,open,0.49,769.0,0.435,0.554,0.494535,99.67,0.391,0.0,ETH-27SEP19-300-P,208.03,0.0,0.048,1.0,0.53,110.0,125.42,0.26379,-0.21594,-0.43362,0.00369,-0.75916
207.68,SYN.ETH-30AUG19,1564311540703,open,0.0,1420.0,0.001,0.042,0.002935,104.87,0.004,0.0,ETH-30AUG19-400-C,208.03,99.26,0.002,50.0,0.004,200.0,110.0,0.03897,-0.06216,0.00452,0.00096,0.0271
207.38,ETH-27SEP19,1564311540709,open,0.57,497.0,0.517,0.642,0.579682,99.67,0.51,0.0,ETH-27SEP19-320-P,208.03,0.0,0.0,0.0,0.622,110.0,132.56,0.23299,-0.19073,-0.47917,0.00326,-0.8057
207.38,ETH-27SEP19,1564311540712,open,0.26,2475.0,0.213,0.314,0.263509,99.67,0.28,0.0,ETH-27SEP19-240-P,208.03,94.99,0.256,120.0,0.268,110.0,102.45,0.33382,-0.27327,-0.28543,0.00467,-0.56174
207.38,ETH-27SEP19,1564311540714,open,1.69,24.0,1.595,1.811,1.703017,106.34,1.356,0.0,ETH-27SEP19-560-P,208.03,0.0,0.0,0.0,0.0,0.0,0.0,0.03964,-0.03462,-0.92826,0.00052,-0.98078
207.38,ETH-27SEP19,1564311540730,open,0.18,1287.0,0.134,0.213,0.173457,97.52,0.2,0.0,ETH-27SEP19-200-C,208.03,93.39,0.167,120.0,0.179,120.0,101.07,0.32395,-0.25947,0.15242,0.00463,0.61414
208.78,ETH-27DEC19,1564311540730,open,0.02,1072.0,0.001,0.06,0.020624,102.52,0.02,0.0,ETH-27DEC19-640-C,208.03,97.64,0.016,50.0,0.025,50.0,106.6,0.21213,-0.07159,0.05713,0.00114,0.08639
207.38,ETH-27SEP19,1564311540730,open,0.14,3316.0,0.093,0.183,0.13787,97.52,0.138,0.0,ETH-27SEP19-200-P,208.03,94.4,0.133,160.0,0.143,140.0,100.81,0.32395,-0.25947,-0.18115,0.00463,-0.38586
207.98,SYN.ETH-2AUG19,1564311540730,open,0.05,287.0,0.009,0.092,0.05026,97.68,0.051,0.0,ETH-2AUG19-210-P,208.03,90.6,0.047,150.0,0.056,150.0,110.13,0.09585,-0.96016,-0.01561,0.01698,-0.51167
207.68,SYN.ETH-30AUG19,1564311540730,open,0.02,479.0,0.001,0.057,0.017495,97.63,0.018,0.0,ETH-30AUG19-300-C,208.03,90.24,0.013,200.0,0.022,120.0,104.25,0.13449,-0.1997,0.02175,0.00355,0.13379
207.98,SYN.ETH-2AUG19,1564311540730,open,0.0,254.0,0.001,0.041,0.001005,138.0,0.003,0.0,ETH-2AUG19-150-P,208.03,0.0,0.0,0.0,0.002,4.0,154.5,0.00995,-0.14082,-0.00049,0.00125,-0.01664
207.98,SYN.ETH-2AUG19,1564311540730,open,0.0,940.0,0.001,0.042,0.002036,103.4,0.004,0.0,ETH-2AUG19-170-P,208.03,90.94,0.001,16.0,0.003,250.0,112.01,0.02085,-0.22111,-0.00118,0.00349,-0.04033
207.98,SYN.ETH-2AUG19,1564311540730,open,0.08,330.0,0.038,0.124,0.080829,97.67,0.081,0.0,ETH-2AUG19-220-P,208.03,90.85,0.078,150.0,0.087,150.0,112.19,0.087,-0.87137,-0.02087,0.01542,-0.67052
207.98,SYN.ETH-2AUG19,1564311540730,open,0.04,243.0,0.001,0.08,0.040586,97.78,0.035,0.0,ETH-2AUG19-210-C,208.03,85.66,0.035,151.0,0.044,150.0,105.19,0.09586,-0.96119,0.01244,0.01697,0.48839
208.78,ETH-27DEC19,1564311540741,open,0.98,16.0,0.908,1.066,0.987294,100.25,1.195,0.0,ETH-27DEC19-400-P,208.03,0.0,0.001,8.0,1.49,1.0,310.7,0.42577,-0.14052,-1.51133,0.00234,-0.75241
207.38,ETH-27SEP19,1564311540741,open,0.0,7915.0,0.001,0.04,0.000982,118.15,0.001,0.0,ETH-27SEP19-760-C,208.03,0.0,0.0,0.0,0.002,100.0,127.67,0.01678,-0.01629,0.00213,0.0002,0.00713
207.38,ETH-27SEP19,1564311540741,open,0.93,79.0,0.864,1.019,0.941632,100.14,0.351,0.0,ETH-27SEP19-400-P,208.03,0.0,0.0,0.0,0.0,0.0,0.0,0.12648,-0.10402,-0.64372,0.00176,-0.91952
207.68,SYN.ETH-30AUG19,1564311540741,open,0.29,0.0,0.24,0.342,0.290866,95.01,0.218,0.0,ETH-30AUG19-260-P,208.03,0.0,0.0,0.0,0.32,120.0,123.01,0.2019,-0.29173,-0.19296,0.00547,-0.74068
207.38,ETH-27SEP19,1564311540743,open,0.75,233.0,0.688,0.828,0.757721,100.14,0.763,0.0,ETH-27SEP19-360-P,208.03,0.0,0.0,0.0,0.0,0.0,0.0,0.17557,-0.1444,-0.56428,0.00244,-0.87374
207.38,ETH-27SEP19,1564311540743,open,1.5,12.0,1.411,1.611,1.511288,104.98,1.193,0.0,ETH-27SEP19-520-P,208.03,0.0,0.0,0.0,0.0,0.0,0.0,0.05249,-0.04526,-0.85931,0.0007,-0.97318
207.9,SYN.ETH-9AUG19,1564311540743,open,0.09,305.0,0.053,0.132,0.092977,102.7,0.089,0.0,ETH-9AUG19-200-C,208.03,91.07,0.085,150.0,0.094,150.0,104.19,0.14295,-0.6181,0.03556,0.0099,0.61861
208.78,ETH-27DEC19,1564311540746,open,0.05,635.0,0.006,0.085,0.045214,100.85,0.052,0.0,ETH-27DEC19-480-C,208.03,98.22,0.041,40.0,0.049,110.0,103.13,0.34073,-0.11313,0.10836,0.00186,0.16994
207.98,SYN.ETH-2AUG19,1564311540748,open,0.14,0.0,0.1,0.179,0.139557,97.93,None,0.0,ETH-2AUG19-180-C,208.03,0.0,0.0,0.0,0.0,0.0,0.0,0.03944,-0.39609,0.02137,0.00697,0.90874
207.98,SYN.ETH-2AUG19,1564311540750,open,0.19,0.0,0.145,0.224,0.184681,103.79,None,0.0,ETH-2AUG19-170-C,208.03,0.0,0.0,0.0,0.0,0.0,0.0,0.02108,-0.22433,0.02152,0.00351,0.95914
9549.53,BTC-27DEC19,1564311540752,open,0.08,386.9,0.039,0.1185,0.07894858,102.46,0.07,0.0,BTC-27DEC19-18000-C,9449.58,100.82,0.0755,8.9,0.0825,4.9,104.14,20.16964,-6.80384,7.38564,5e-05,0.26482
208.78,ETH-27DEC19,1564311540752,open,0.03,556.0,0.001,0.064,0.024176,101.58,0.037,0.0,ETH-27DEC19-600-C,208.03,97.7,0.02,50.0,0.028,110.0,104.84,0.23579,-0.07885,0.06559,0.00128,0.09968
207.98,SYN.ETH-2AUG19,1564311540752,open,0.3,0.0,0.249,0.352,0.300605,125.8,None,0.0,ETH-2AUG19-270-P,208.03,0.0,0.0,0.0,0.0,0.0,0.0,0.02176,-0.28074,-0.03495,0.00299,-0.95749
207.68,SYN.ETH-30AUG19,1564311540752,open,0.34,0.0,0.296,0.375,0.33546,96.93,None,0.0,ETH-30AUG19-140-C,208.03,0.0,0.0,0.0,0.0,0.0,0.0,0.08059,-0.1188,0.11184,0.00214,0.93334
208.78,ETH-27DEC19,1564311540757,open,1.15,0.0,1.078,1.25,1.164049,100.56,None,0.0,ETH-27DEC19-440-P,208.03,0.0,0.001,8.0,0.0,0.0,0.0,0.38234,-0.12658,-1.70213,0.0021,-0.79528
207.98,SYN.ETH-2AUG19,1564311540760,open,0.12,283.0,0.074,0.162,0.118106,98.05,0.076,0.0,ETH-2AUG19-230-P,208.03,0.0,0.0,0.0,0.7,25.0,500.0,0.06787,-0.68245,-0.02543,0.01198,-0.79714
207.98,SYN.ETH-2AUG19,1564311540771,open,0.0,489.0,0.001,0.041,0.001012,114.14,0.005,0.0,ETH-2AUG19-160-P,208.03,0.0,0.0,0.0,0.002,214.0,128.25,0.01163,-0.13614,-0.00058,0.00176,-0.01999
9549.53,BTC-27DEC19,1564311540773,open,0.02,88.7,0.0005,0.064,0.02309612,96.88,0.0165,0.0,BTC-27DEC19-4500-P,9449.58,87.52,0.016,6.0,0.0205,6.0,93.62,7.78226,-2.48203,-3.48851,2e-05,-0.0647
9549.53,BTC-27DEC19,1564311540773,open,0.0,173.8,0.0005,0.042,0.00214026,137.12,0.001,0.0,BTC-27DEC19-1500-P,9449.58,0.0,0.0,0.0,0.001,8.0,123.32,0.98867,-0.4463,-0.30845,0.0,-0.00562
207.98,SYN.ETH-2AUG19,1564311540773,open,0.0,123.0,0.001,0.043,0.003367,102.53,0.004,0.0,ETH-2AUG19-250-C,208.03,92.22,0.002,4.0,0.005,250.0,112.25,0.03143,-0.33046,0.00179,0.00531,0.06763
207.98,SYN.ETH-2AUG19,1564311540777,open,0.01,326.0,0.001,0.044,0.004122,124.12,0.002,0.0,ETH-2AUG19-260-C,208.03,95.73,0.001,17.0,0.004,4.0,123.32,0.03186,-0.40555,0.0018,0.00444,0.06884
207.98,SYN.ETH-2AUG19,1564311540777,open,0.0,726.0,0.001,0.045,0.004992,97.71,0.006,0.0,ETH-2AUG19-180-P,208.03,78.54,0.002,260.0,0.006,250.0,102.83,0.0393,-0.39375,-0.00266,0.00696,-0.09081
207.38,ETH-27SEP19,1564311540781,open,1.12,0.0,1.045,1.214,1.129282,100.14,None,0.0,ETH-27SEP19-440-P,208.03,0.0,0.0,0.0,0.0,0.0,0.0,0.08878,-0.07302,-0.71881,0.00124,-0.94897
207.38,ETH-27SEP19,1564311540781,open,0.06,1885.0,0.023,0.102,0.062626,99.67,0.068,0.0,ETH-27SEP19-280-C,208.03,94.92,0.056,160.0,0.064,110.0,100.64,0.29296,-0.23982,0.08094,0.0041,0.29664
208.78,ETH-27DEC19,1564311540781,open,0.07,546.0,0.032,0.111,0.071485,100.29,0.07,0.0,ETH-27DEC19-400-C,208.03,97.07,0.065,41.0,0.077,3.0,102.96,0.42592,-0.14063,0.15314,0.00234,0.24777
208.78,ETH-27DEC19,1564311540783,open,1.51,37.0,1.426,1.628,1.526924,101.0,0.707,0.0,ETH-27DEC19-520-P,208.03,0.0,0.002,25.0,0.0,0.0,0.0,0.30152,-0.10026,-2.07254,0.00165,-0.85879
207.68,SYN.ETH-30AUG19,1564311540783,open,0.21,223.0,0.167,0.263,0.215275,95.02,0.179,0.0,ETH-30AUG19-240-P,208.03,0.0,0.155,50.0,1.154,1.0,500.0,0.23266,-0.33623,-0.16042,0.0063,-0.64231
207.38,ETH-27SEP19,1564311540786,open,0.62,0.0,0.58,0.659,0.619305,132.1,None,0.0,ETH-27SEP19-80-C,208.03,0.0,0.003,10.0,0.0,0.0,0.0,0.04257,-0.04619,0.12444,0.00045,0.9791
207.98,SYN.ETH-2AUG19,1564311540789,open,0.23,0.0,0.192,0.271,0.231737,114.79,None,0.0,ETH-2AUG19-160-C,208.03,0.0,0.0,0.0,0.0,0.0,0.0,0.0119,-0.14003,0.02077,0.00179,0.97948
207.38,ETH-27SEP19,1564311540792,open,0.0,3439.0,0.001,0.041,0.001354,113.49,0.003,0.0,ETH-27SEP19-680-C,208.03,0.0,0.0,0.0,0.002,100.0,118.67,0.02235,-0.02083,0.00295,0.00027,0.00989
207.68,SYN.ETH-30AUG19,1564311540792,open,0.26,0.0,0.216,0.295,0.255193,96.89,None,0.0,ETH-30AUG19-160-C,208.03,0.0,0.0,0.0,0.0,0.0,0.0,0.14444,-0.21285,0.11152,0.00384,0.85137
208.78,ETH-27DEC19,1564311540794,open,2.25,0.0,2.144,2.405,2.274182,102.76,None,0.0,ETH-27DEC19-680-P,208.03,0.0,0.0,0.0,0.0,0.0,0.0,0.18781,-0.06354,-2.78049,0.00101,-0.92646
208.78,ETH-27DEC19,1564311540794,open,2.07,0.0,1.963,2.209,2.085909,102.37,None,0.0,ETH-27DEC19-640-P,208.03,0.0,0.0,0.0,0.0,0.0,0.0,0.21132,-0.07122,-2.60615,0.00114,-0.91405
207.68,SYN.ETH-30AUG19,1564311540794,open,0.13,161.0,0.091,0.17,0.130803,95.08,0.139,0.0,ETH-30AUG19-200-C,208.03,92.65,0.128,2.0,0.133,120.0,96.98,0.23945,-0.34624,0.08931,0.00648,0.60823
207.38,ETH-27SEP19,1564311540797,open,0.19,2068.0,0.148,0.242,0.194876,97.55,0.182,0.0,ETH-27SEP19-220-P,208.03,94.55,0.19,120.0,0.201,110.0,101.31,0.33743,-0.27035,-0.23332,0.00482,-0.4797
207.98,SYN.ETH-2AUG19,1564311540797,open,0.0,8.0,0.001,0.041,0.001569,130.09,0.002,0.0,ETH-2AUG19-280-C,208.03,0.0,0.0,0.0,0.005,100.0,160.83,0.0157,-0.2094,0.00075,0.00209,0.02855
9549.53,BTC-27DEC19,1564311540802,open,0.01,310.6,0.0005,0.0495,0.00996769,108.09,0.012,0.0,BTC-27DEC19-40000-C,9449.58,104.58,0.008,10.0,0.012,7.0,111.27,5.73619,-2.04115,1.35308,1e-05,0.04402
208.78,ETH-27DEC19,1564311540804,open,0.34,806.0,0.295,0.401,0.348003,98.16,0.315,0.0,ETH-27DEC19-240-P,208.03,95.04,0.34,30.0,0.359,30.0,102.46,0.53478,-0.17282,-0.70329,0.003,-0.46156
9443.85,SYN.BTC-30AUG19,1564311540804,open,0.09,180.0,0.0475,0.1345,0.09114176,97.09,0.0935,0.0,BTC-30AUG19-9000-P,9449.58,96.53,0.0905,0.2,0.0925,0.2,98.28,10.7736,-15.90839,-3.99005,0.00014,-0.37794
207.68,SYN.ETH-30AUG19,1564311540806,open,0.0,2360.0,0.001,0.044,0.004484,97.63,0.01,0.0,ETH-30AUG19-360-C,208.03,85.99,0.002,200.0,0.006,200.0,102.81,0.05559,-0.08254,0.00697,0.00147,0.04173
207.38,ETH-27SEP19,1564311540808,open,0.03,7780.0,0.001,0.069,0.028555,98.67,0.029,0.0,ETH-27SEP19-140-P,208.03,94.22,0.025,1.0,0.032,140.0,102.82,0.16911,-0.13706,-0.05128,0.00239,-0.11969
207.38,ETH-27SEP19,1564311540810,open,0.01,2060.0,0.001,0.045,0.005053,132.01,0.003,0.0,ETH-27SEP19-80-P,208.03,0.0,0.0,0.0,0.01,5.0,151.73,0.04249,-0.04607,-0.00896,0.00045,-0.02086
207.98,SYN.ETH-2AUG19,1564311540812,open,0.0,197.0,0.001,0.04,0.000939,143.35,0.003,0.0,ETH-2AUG19-300-C,208.03,0.0,0.0,0.0,0.002,3.0,160.3,0.00996,-0.14637,0.00044,0.0012,0.01665
207.38,ETH-27SEP19,1564311540814,open,0.01,4512.0,0.001,0.052,0.012199,125.71,0.007,0.0,ETH-27SEP19-100-P,208.03,88.47,0.002,20.0,0.05,100.0,192.99,0.08275,-0.08544,-0.02038,0.00092,-0.04673
207.38,ETH-27SEP19,1564311540814,open,0.28,392.0,0.243,0.322,0.282116,97.52,0.51,0.0,ETH-27SEP19-160-C,208.03,0.0,0.1,10.0,0.0,0.0,0.0,0.23535,-0.18851,0.17997,0.00336,0.80245
207.98,SYN.ETH-2AUG19,1564311540817,open,0.03,408.0,0.001,0.068,0.027598,97.69,0.024,0.0,ETH-2AUG19-200-P,208.03,89.18,0.024,200.0,0.03,1.0,103.33,0.08842,-0.88584,-0.01031,0.01566,-0.34352
207.98,SYN.ETH-2AUG19,1564311540817,open,0.01,748.0,0.001,0.046,0.006502,100.36,0.006,0.0,ETH-2AUG19-240-C,208.03,93.48,0.005,2.0,0.008,250.0,106.57,0.04799,-0.49397,0.00314,0.00828,0.11968
208.78,ETH-27DEC19,1564311540822,open,1.88,0.0,1.783,2.013,1.898015,101.58,0.953,0.0,ETH-27DEC19-600-P,208.03,0.0,0.0,0.0,0.0,0.0,0.0,0.23579,-0.07885,-2.431,0.00128,-0.90032
207.38,ETH-27SEP19,1564311540824,open,0.33,1264.0,0.282,0.388,0.335378,99.64,0.357,0.0,ETH-27SEP19-260-P,208.03,0.0,0.006,7.0,1.251,1.0,500.0,0.31755,-0.25987,-0.33656,0.00444,-0.63768
207.9,SYN.ETH-9AUG19,1564311540824,open,0.05,62.0,0.013,0.097,0.054917,102.63,0.053,0.0,ETH-9AUG19-200-P,208.03,85.24,0.043,40.0,0.044,1.0,86.7,0.14294,-0.61768,-0.02951,0.0099,-0.38136
207.98,SYN.ETH-2AUG19,1564311540826,open,0.07,248.0,0.027,0.106,0.066004,97.8,0.064,0.0,ETH-2AUG19-200-C,208.03,83.54,0.06,150.0,0.069,150.0,104.82,0.08843,-0.88694,0.0164,0.01565,0.65636
207.38,ETH-27SEP19,1564311540828,open,0.71,0.0,0.672,0.751,0.711724,132.31,0.01,0.0,ETH-27SEP19-60-C,208.03,0.0,0.003,10.0,0.0,0.0,0.0,0.01258,-0.01367,0.09792,0.00013,0.99485
207.98,SYN.ETH-2AUG19,1564311540830,open,0.16,5.0,0.114,0.206,0.160415,100.12,0.113,0.0,ETH-2AUG19-240-P,208.03,0.0,0.0,0.0,0.0,0.0,0.0,0.04782,-0.49098,-0.02893,0.00827,-0.88094
207.38,ETH-27SEP19,1564311540834,open,0.0,3419.0,0.001,0.041,0.001965,113.46,0.003,0.0,ETH-27SEP19-640-C,208.03,105.12,0.001,50.0,0.003,500.0,119.59,0.03002,-0.02797,0.00412,0.00037,0.01389
208.78,ETH-27DEC19,1564311540834,open,0.49,442.0,0.432,0.551,0.49152,98.44,0.485,0.0,ETH-27DEC19-280-P,208.03,95.48,0.484,30.0,0.505,30.0,103.72,0.53168,-0.17231,-0.91135,0.00298,-0.55754
207.68,SYN.ETH-30AUG19,1564311540834,open,0.05,287.0,0.012,0.095,0.053745,96.69,0.057,0.0,ETH-30AUG19-180-P,208.03,90.77,0.048,160.0,0.06,120.0,103.05,0.20286,-0.29833,-0.05901,0.0054,-0.26174
207.68,SYN.ETH-30AUG19,1564311540834,open,0.01,702.0,0.001,0.049,0.009545,96.84,0.012,0.0,ETH-30AUG19-140-P,208.03,89.79,0.007,202.0,0.011,350.0,100.48,0.08047,-0.11851,-0.01423,0.00214,-0.06653
207.38,ETH-27SEP19,1564311540836,open,2.07,0.0,1.965,2.211,2.087939,112.41,None,0.0,ETH-27SEP19-640-P,208.03,0.0,0.0,0.0,0.0,0.0,0.0,0.02841,-0.02622,-1.06353,0.00035,-0.98697
207.68,SYN.ETH-30AUG19,1564311540836,open,0.04,168.0,0.001,0.078,0.038994,95.07,0.042,0.0,ETH-30AUG19-260-C,208.03,37.06,0.001,30.0,0.041,160.0,97.12,0.20198,-0.29203,0.04125,0.00547,0.25951
208.78,ETH-27DEC19,1564311540838,open,0.48,0.0,0.435,0.514,0.474215,98.16,None,0.0,ETH-27DEC19-120-C,208.03,0.0,0.001,1200.0,0.99,5.0,500.0,0.26428,-0.0854,0.35531,0.00148,0.88321
207.38,ETH-27SEP19,1564311540840,open,0.0,2697.0,0.001,0.04,0.000995,114.18,0.001,0.0,ETH-27SEP19-720-C,208.03,0.0,0.0,0.0,0.002,242.0,123.32,0.01737,-0.01629,0.00222,0.00021,0.00742
208.78,ETH-27DEC19,1564311540840,open,0.27,103.0,0.225,0.304,0.264805,98.17,0.276,0.0,ETH-27DEC19-200-C,208.03,96.16,0.26,20.0,0.272,30.0,101.18,0.499,-0.16127,0.33435,0.0028,0.64968
207.38,ETH-27SEP19,1564311540840,open,0.44,47.0,0.394,0.473,0.43351,98.67,0.689,0.0,ETH-27SEP19-120-C,208.03,0.0,0.0,0.0,0.0,0.0,0.0,0.10022,-0.08122,0.17536,0.00142,0.94051
208.78,ETH-27DEC19,1564311540840,open,0.09,240.0,0.05,0.129,0.089876,99.42,0.098,0.0,ETH-27DEC19-360-C,208.03,96.77,0.084,40.0,0.094,3.0,101.26,0.46716,-0.15291,0.1812,0.00259,0.29845
208.78,ETH-27DEC19,1564311540842,open,0.12,1468.0,0.077,0.165,0.120914,98.15,0.103,0.0,ETH-27DEC19-160-P,208.03,94.62,0.114,1.0,0.125,40.0,100.23,0.40953,-0.13233,-0.30537,0.0023,-0.2306
208.78,ETH-27DEC19,1564311540842,open,0.22,2030.0,0.174,0.271,0.222706,98.15,0.216,0.0,ETH-27DEC19-200-P,208.03,94.51,0.214,40.0,0.231,40.0,101.62,0.49901,-0.16124,-0.49782,0.0028,-0.35034
208.78,ETH-27DEC19,1564311540842,open,0.15,217.0,0.111,0.19,0.150445,98.46,0.175,0.0,ETH-27DEC19-280-C,208.03,95.53,0.143,30.0,0.157,120.0,101.03,0.53169,-0.17234,0.25374,0.00298,0.44252
207.98,SYN.ETH-2AUG19,1564311540842,open,0.28,0.0,0.24,0.319,0.27981,138.72,None,0.0,ETH-2AUG19-150-C,208.03,0.0,0.0,0.0,0.0,0.0,0.0,0.01017,-0.14465,0.01953,0.00127,0.98293
207.38,ETH-27SEP19,1564311540844,open,0.53,0.0,0.491,0.57,0.530015,125.77,None,0.0,ETH-27SEP19-100-C,208.03,0.0,0.003,10.0,0.0,0.0,0.0,0.08283,-0.08556,0.14637,0.00092,0.95322
208.78,ETH-27DEC19,1564311540846,open,0.02,205.0,0.001,0.057,0.017168,102.77,0.027,0.0,ETH-27DEC19-680-C,208.03,97.76,0.013,50.0,0.021,50.0,106.79,0.18782,-0.06355,0.04898,0.00101,0.07355
207.68,SYN.ETH-30AUG19,1564311540846,open,0.02,141.0,0.001,0.065,0.025041,95.07,0.021,0.0,ETH-30AUG19-280-C,208.03,89.82,0.021,160.0,0.027,160.0,97.5,0.16516,-0.23879,0.02952,0.00447,0.18284
208.78,ETH-27DEC19,1564311540848,open,0.04,532.0,0.001,0.076,0.036269,101.01,0.044,0.0,ETH-27DEC19-520-C,208.03,97.96,0.032,50.0,0.04,110.0,103.53,0.30154,-0.10027,0.09118,0.00165,0.14123
207.68,SYN.ETH-30AUG19,1564311540848,open,0.02,2588.0,0.001,0.066,0.025575,96.84,0.025,0.0,ETH-30AUG19-160-P,208.03,91.58,0.022,200.0,0.03,150.0,103.06,0.14437,-0.21264,-0.03257,0.00384,-0.14854
207.98,SYN.ETH-2AUG19,1564311540848,open,0.01,504.0,0.001,0.053,0.012948,97.7,0.018,0.0,ETH-2AUG19-190-P,208.03,88.15,0.01,200.0,0.015,200.0,104.01,0.06642,-0.66549,-0.0058,0.01177,-0.1957
207.68,SYN.ETH-30AUG19,1564311540848,open,0.37,0.0,0.319,0.428,0.373211,94.99,None,0.0,ETH-30AUG19-280-P,208.03,0.0,0.0,0.0,0.0,0.0,0.0,0.16501,-0.23837,-0.22272,0.00447,-0.81743
207.38,ETH-27SEP19,1564311540850,open,0.36,191.0,0.314,0.393,0.353491,98.7,0.5,0.0,ETH-27SEP19-140-C,208.03,0.0,0.01,50.0,0.0,0.0,0.0,0.16916,-0.13714,0.1822,0.00239,0.88026
207.38,ETH-27SEP19,1564311540850,open,0.09,5359.0,0.047,0.134,0.090486,97.52,0.067,0.0,ETH-27SEP19-180-P,208.03,53.81,0.032,1.0,0.094,140.0,100.03,0.2897,-0.23204,-0.13145,0.00414,-0.28956
207.98,SYN.ETH-2AUG19,1564311540850,open,0.1,10.0,0.06,0.139,0.099434,97.84,0.1,0.0,ETH-2AUG19-190-C,208.03,79.57,0.094,50.0,0.101,50.0,102.67,0.06648,-0.66702,0.01957,0.01176,0.80401
207.38,ETH-27SEP19,1564311540854,open,0.41,968.0,0.357,0.469,0.412751,99.63,0.38,0.0,ETH-27SEP19-280-P,208.03,0.0,0.001,20.0,1.348,1.0,500.0,0.2929,-0.23968,-0.38608,0.0041,-0.70349
208.78,ETH-27DEC19,1564311540856,open,0.36,0.0,0.315,0.394,0.354594,98.17,None,0.0,ETH-27DEC19-160-C,208.03,0.0,0.001,1000.0,0.98,5.0,500.0,0.40954,-0.13236,0.36035,0.0023,0.76939
207.98,SYN.ETH-2AUG19,1564311540856,open,0.2,0.0,0.158,0.253,0.20536,102.15,None,0.0,ETH-2AUG19-250-P,208.03,0.0,0.0,0.0,0.0,0.0,0.0,0.03114,-0.32625,-0.03163,0.00528,-0.93316
207.98,SYN.ETH-2AUG19,1564311540856,open,0.25,0.0,0.205,0.304,0.254195,123.73,None,0.0,ETH-2AUG19-260-P,208.03,0.0,0.0,0.0,0.0,0.0,0.0,0.03162,-0.40116,-0.03295,0.00442,-0.93185
207.38,ETH-27SEP19,1564311540858,open,0.02,2542.0,0.001,0.061,0.021783,100.14,0.019,0.0,ETH-27SEP19-360-C,208.03,95.48,0.018,200.0,0.023,110.0,101.56,0.17559,-0.14443,0.03614,0.00244,0.12628
207.38,ETH-27SEP19,1564311540858,open,0.01,2575.0,0.001,0.047,0.007574,100.14,0.01,0.0,ETH-27SEP19-440-C,208.03,93.37,0.005,200.0,0.009,110.0,103.3,0.08878,-0.07302,0.01503,0.00124,0.05103
208.78,ETH-27DEC19,1564311540858,open,0.02,1141.0,0.001,0.058,0.018715,108.03,0.012,0.0,ETH-27DEC19-720-C,208.03,96.91,0.01,55.0,0.027,1.0,116.06,0.19381,-0.06893,0.05032,0.00099,0.07664
207.98,SYN.ETH-2AUG19,1564311540858,open,0.02,748.0,0.001,0.063,0.023076,97.79,0.02,0.0,ETH-2AUG19-220-C,208.03,87.92,0.019,200.0,0.026,200.0,104.73,0.08702,-0.87272,0.00852,0.0154,0.32972
207.38,ETH-27SEP19,1564311540860,open,2.65,0.0,2.519,2.812,2.665575,115.81,None,0.0,ETH-27SEP19-760-P,208.03,0.0,0.0,0.0,0.0,0.0,0.0,0.01449,-0.01378,-1.26574,0.00017,-0.99396
207.38,ETH-27SEP19,1564311540862,open,2.26,0.0,2.149,2.411,2.280201,111.96,None,0.0,ETH-27SEP19-680-P,208.03,0.0,0.0,0.0,0.0,0.0,0.0,0.02044,-0.01879,-1.13145,0.00025,-0.99107
207.38,ETH-27SEP19,1564311540862,open,0.02,1897.0,0.001,0.056,0.016694,100.14,0.015,0.0,ETH-27SEP19-380-C,208.03,62.4,0.001,10.0,0.018,110.0,101.92,0.14963,-0.12307,0.02913,0.00208,0.10092
207.38,ETH-27SEP19,1564311540862,open,1.88,27.0,1.78,2.01,1.895065,107.15,1.044,0.0,ETH-27SEP19-600-P,208.03,0.0,0.0,0.0,0.0,0.0,0.0,0.02945,-0.02592,-0.99663,0.00038,-0.98641
207.68,SYN.ETH-30AUG19,1564311540862,open,0.19,757.0,0.148,0.227,0.187064,96.74,0.25,0.0,ETH-30AUG19-180-C,208.03,0.0,0.0,0.0,0.201,120.0,110.81,0.20288,-0.29849,0.1031,0.0054,0.73821
208.78,ETH-27DEC19,1564311540865,open,2.63,0.0,2.51,2.802,2.655816,107.83,None,0.0,ETH-27DEC19-760-P,208.03,0.0,0.001,100.0,0.0,0.0,0.0,0.17186,-0.06101,-3.11898,0.00088,-0.93446
207.68,SYN.ETH-30AUG19,1564311540867,open,0.09,117.0,0.05,0.129,0.089505,95.07,0.096,0.0,ETH-30AUG19-220-C,208.03,88.79,0.082,120.0,0.091,120.0,96.32,0.24822,-0.35891,0.07236,0.00672,0.47635
9438.97,BTC-27SEP19,1564311540885,open,0.27,147.6,0.219,0.32,0.26936368,99.71,0.257,0.0,BTC-27SEP19-11000-P,9449.58,93.54,0.2595,5.0,0.2715,0.2,101.04,15.1519,-12.4087,-13.18826,0.0001,-0.56838
9549.53,BTC-27DEC19,1564311540885,open,0.01,250.9,0.0005,0.055,0.01456576,96.88,0.0125,0.0,BTC-27DEC19-4000-P,9449.58,88.61,0.01,0.4,0.0125,6.0,93.32,5.74457,-1.83214,-2.3311,2e-05,-0.0441
9443.85,SYN.BTC-30AUG19,1564311540885,open,0.01,177.1,0.0005,0.052,0.01240549,105.02,0.0115,0.0,BTC-30AUG19-15000-C,9449.58,100.02,0.01,29.0,0.0135,24.0,107.13,4.79138,-7.6528,0.70278,6e-05,0.09503
9549.53,BTC-27DEC19,1564311540887,open,0.96,12.4,0.8855,1.042,0.9638581,102.46,0.559,0.0,BTC-27DEC19-18000-P,9449.58,0.0,0.005,5.0,1.7405,0.2,500.0,20.16964,-6.80384,-67.51196,5e-05,-0.73518
9549.53,BTC-27DEC19,1564311540887,open,0.01,380.2,0.0005,0.0535,0.0136368,107.41,0.011,0.0,BTC-27DEC19-36000-C,9449.58,104.42,0.0115,10.0,0.0155,6.0,109.79,7.17723,-2.53786,1.77588,2e-05,0.05833
9443.85,SYN.BTC-30AUG19,1564311540887,open,0.04,146.5,0.0015,0.081,0.04133939,100.83,0.041,0.0,BTC-30AUG19-12000-C,9449.58,97.9,0.0385,5.0,0.043,19.3,102.53,9.21159,-14.12648,1.86848,0.00011,0.261
9549.53,BTC-27DEC19,1564311540902,open,0.68,5.6,0.618,0.7525,0.68538266,101.02,0.5485,0.0,BTC-27DEC19-15000-P,9449.58,0.0,0.45,0.2,1.4375,0.2,499.69,22.97335,-7.64058,-52.79304,6e-05,-0.64323
207.9,SYN.ETH-9AUG19,1564311540913,open,0.07,9.0,0.03,0.109,0.069232,102.69,0.075,0.0,ETH-9AUG19-210-C,208.03,100.98,0.068,1.0,0.07,150.0,103.76,0.1495,-0.64639,0.03018,0.01035,0.51533
9438.97,BTC-27SEP19,1564311540925,open,0.02,358.6,0.0005,0.0565,0.01699704,105.19,0.022,0.0,BTC-27SEP19-18000-C,9449.58,103.04,0.0155,24.0,0.019,24.0,107.93,6.71087,-5.79822,1.28945,4e-05,0.09891
207.9,SYN.ETH-9AUG19,1564311541005,open,0.07,123.0,0.037,0.122,0.079269,102.63,0.078,0.0,ETH-9AUG19-210-P,208.03,95.3,0.074,150.0,1.082,5.0,500.0,0.1495,-0.64596,-0.03815,0.01036,-0.4847
9438.97,BTC-27SEP19,1564311541010,open,0.0,405.8,0.0005,0.0405,0.00069157,134.2,0.0005,0.0,BTC-27SEP19-2500-P,9449.58,0.0,0.0,0.0,0.001,10.0,140.51,0.40372,-0.44499,-0.06577,0.0,-0.00349
9438.97,BTC-27SEP19,1564311541031,open,0.0,124.2,0.0005,0.0445,0.00450191,125.58,0.004,0.0,BTC-27SEP19-3750-P,9449.58,91.29,0.0005,11.0,0.0635,1.0,257.06,1.85664,-1.91506,-0.38378,1e-05,-0.01988
9443.85,SYN.BTC-30AUG19,1564311541031,open,0.14,22.1,0.0985,0.178,0.13814006,97.09,0.137,0.0,BTC-30AUG19-9000-C,9449.58,92.58,0.133,14.4,0.1405,14.4,99.16,10.7736,-15.90831,4.1163,0.00014,0.62206
9549.53,BTC-27DEC19,1564311541035,open,0.34,93.7,0.302,0.3815,0.34184154,96.88,0.346,0.0,BTC-27DEC19-7500-C,9449.58,0.0,0.211,0.1,0.3665,2.5,109.09,19.24754,-6.1387,16.52591,5e-05,0.75774
9549.53,BTC-27DEC19,1564311541035,open,0.8,0.0,0.7565,0.836,0.79635061,136.96,None,0.0,BTC-27DEC19-2000-C,9449.58,0.0,0.0155,4.0,0.978,0.5,500.0,2.13151,-0.96109,7.55534,0.0,0.98649
9549.53,BTC-27DEC19,1564311541074,open,0.27,230.3,0.2245,0.326,0.27533726,96.88,0.2685,0.0,BTC-27DEC19-10000-P,9449.58,94.94,0.2705,4.9,0.2755,0.1,96.94,23.88459,-7.61761,-27.06013,6e-05,-0.40567
9549.53,BTC-27DEC19,1564311541130,open,0.0,376.4,0.0005,0.044,0.00421102,96.88,0.0035,0.0,BTC-27DEC19-3000-P,9449.58,91.47,0.003,3.0,0.004,6.0,96.01,2.357,-0.75173,-0.77056,1e-05,-0.01518
207.9,SYN.ETH-9AUG19,1564311541188,open,0.1,3.0,0.065,0.152,0.10848,102.62,0.107,0.0,ETH-9AUG19-220-P,208.03,96.23,0.104,150.0,0.114,150.0,110.44,0.14625,-0.63189,-0.04686,0.01013,-0.58433
207.9,SYN.ETH-9AUG19,1564311541281,open,0.04,1001.0,0.001,0.075,0.0358,102.69,0.041,0.0,ETH-9AUG19-230-C,208.03,93.63,0.03,200.0,0.038,200.0,106.06,0.13504,-0.58382,0.01959,0.00935,0.32538
207.9,SYN.ETH-9AUG19,1564311541368,open,0.14,2.0,0.097,0.187,0.142031,102.61,0.103,0.0,ETH-9AUG19-230-P,208.03,0.0,0.0,0.0,0.0,0.0,0.0,0.13501,-0.58322,-0.05525,0.00936,-0.6748
9438.97,BTC-27SEP19,1564311541384,open,0.0,756.0,0.0005,0.0415,0.00150672,117.51,0.001,0.0,BTC-27SEP19-32000-C,9449.58,104.95,0.0005,13.0,0.0025,24.0,124.68,1.08154,-1.04384,0.14326,1e-05,0.01061
207.9,SYN.ETH-9AUG19,1564311541449,open,0.02,0.0,0.001,0.064,0.024927,102.68,0.051,0.0,ETH-9AUG19-240-C,208.03,42.67,0.001,40.0,0.027,200.0,106.29,0.11852,-0.51241,0.01505,0.00821,0.24746
207.9,SYN.ETH-9AUG19,1564311541541,open,0.17,11.0,0.133,0.226,0.179254,102.59,0.123,0.0,ETH-9AUG19-240-P,208.03,0.0,0.0,0.0,0.0,0.0,0.0,0.11846,-0.51164,-0.06305,0.00821,-0.7528
9447.51,SYN.BTC-9AUG19,1564311541548,open,0.28,0.0,0.23,0.332,0.28100892,105.96,None,0.0,BTC-9AUG19-12000-P,9449.58,0.0,0.0,0.0,0.0,0.0,0.0,3.48625,-15.55259,-3.55681,0.00011,-0.87611
207.9,SYN.ETH-9AUG19,1564311541632,open,0.02,57.0,0.001,0.057,0.01702,102.68,0.02,0.0,ETH-9AUG19-250-C,208.03,96.16,0.014,200.0,0.019,200.0,106.74,0.09952,-0.43026,0.01125,0.00689,0.18328
9447.51,SYN.BTC-9AUG19,1564311541654,open,0.02,30.8,0.0005,0.0585,0.01814867,104.96,0.0195,0.0,BTC-9AUG19-8000-P,9449.58,97.73,0.015,24.0,0.0195,24.0,107.94,4.2343,-18.71144,-0.56373,0.00014,-0.16525
9447.51,SYN.BTC-9AUG19,1564311541696,open,0.11,3.4,0.0645,0.153,0.10881927,102.83,0.1055,0.0,BTC-9AUG19-10000-P,9449.58,101.66,0.108,0.2,0.1115,0.2,106.63,6.645,-28.76777,-2.13149,0.00022,-0.5846
207.9,SYN.ETH-9AUG19,1564311541719,open,0.22,0.0,0.171,0.268,0.219445,102.56,None,0.0,ETH-9AUG19-250-P,208.03,0.0,0.0,0.0,0.0,0.0,0.0,0.09941,-0.42925,-0.07011,0.00689,-0.81706
207.9,SYN.ETH-9AUG19,1564311541800,open,0.01,6.0,0.001,0.051,0.011494,102.89,0.011,0.0,ETH-9AUG19-260-C,208.03,96.12,0.009,250.0,0.014,250.0,109.09,0.08061,-0.3492,0.00822,0.00557,0.13305
207.9,SYN.ETH-9AUG19,1564311541886,open,0.26,0.0,0.212,0.312,0.262016,102.73,None,0.0,ETH-9AUG19-260-P,208.03,0.0,0.0,0.0,0.0,0.0,0.0,0.08044,-0.34791,-0.0764,0.00557,-0.86737
9447.51,SYN.BTC-9AUG19,1564311541888,open,0.01,197.4,0.0005,0.047,0.00736829,107.41,0.0085,0.0,BTC-9AUG19-12500-C,9449.58,98.45,0.005,30.0,0.009,30.0,112.76,2.73963,-12.38918,0.25028,9e-05,0.08879
207.9,SYN.ETH-9AUG19,1564311541967,open,0.01,5.0,0.001,0.047,0.007744,103.39,0.017,0.0,ETH-9AUG19-270-C,208.03,97.33,0.006,250.0,0.01,251.0,110.32,0.06358,-0.27675,0.00593,0.00437,0.0954
9447.51,SYN.BTC-9AUG19,1564311542033,open,0.04,58.7,0.0005,0.0745,0.03462418,102.91,0.0315,0.0,BTC-9AUG19-10500-C,9449.58,96.42,0.0305,24.0,0.0375,0.5,107.36,6.06974,-26.29917,0.86788,0.0002,0.31697
207.9,SYN.ETH-9AUG19,1564311542062,open,0.3,0.0,0.255,0.358,0.306363,103.18,None,0.0,ETH-9AUG19-270-P,208.03,0.0,0.0,0.0,0.0,0.0,0.0,0.06333,-0.27514,-0.08195,0.00436,-0.9051
207.9,SYN.ETH-9AUG19,1564311542142,open,0.01,62.0,0.001,0.045,0.005296,104.41,0.011,0.0,ETH-9AUG19-280-C,208.03,93.27,0.003,250.0,0.007,250.0,111.04,0.04955,-0.2178,0.00428,0.00337,0.06855
207.9,SYN.ETH-9AUG19,1564311542237,open,0.35,0.0,0.298,0.406,0.352012,104.13,None,0.0,ETH-9AUG19-280-P,208.03,0.0,0.0,0.0,0.0,0.0,0.0,0.04922,-0.21581,-0.08686,0.00336,-0.93203
207.9,SYN.ETH-9AUG19,1564311542323,open,0.0,11.0,0.001,0.043,0.003871,106.77,0.009,0.0,ETH-9AUG19-290-C,208.03,95.02,0.002,250.0,0.006,250.0,116.63,0.03952,-0.17766,0.00321,0.00263,0.05137
9447.51,SYN.BTC-9AUG19,1564311542350,open,0.14,0.0,0.1005,0.1915,0.14602811,102.91,None,0.0,BTC-9AUG19-10500-P,9449.58,0.0,0.0,0.0,0.0,0.0,0.0,6.06974,-26.29917,-2.54841,0.0002,-0.68303
207.9,SYN.ETH-9AUG19,1564311542413,open,0.39,0.0,0.343,0.454,0.398683,106.42,None,0.0,ETH-9AUG19-290-P,208.03,0.0,0.0,0.0,0.0,0.0,0.0,0.03913,-0.17531,-0.09118,0.00261,-0.94927
9447.51,SYN.BTC-9AUG19,1564311542436,open,0.03,31.6,0.0005,0.0735,0.03232277,104.96,0.037,0.0,BTC-9AUG19-8500-P,9449.58,96.55,0.0275,24.0,0.034,0.1,107.83,5.49347,-24.27573,-0.88907,0.00018,-0.25691
207.9,SYN.ETH-9AUG19,1564311542538,open,0.28,0.0,0.242,0.321,0.281,102.92,None,0.0,ETH-9AUG19-150-C,208.03,0.0,0.0,0.0,0.0,0.0,0.0,0.02697,-0.11685,0.04647,0.00186,0.96793
9447.51,SYN.BTC-9AUG19,1564311542747,open,0.03,22.0,0.0005,0.063,0.02339403,103.27,0.025,0.0,BTC-9AUG19-11000-C,9449.58,97.95,0.0205,24.0,0.026,0.5,107.91,5.23235,-22.74947,0.64934,0.00017,0.23464
9447.51,SYN.BTC-9AUG19,1564311542881,open,0.1,0.0,0.06,0.1395,0.09971095,104.96,None,0.0,BTC-9AUG19-9000-C,9449.58,93.52,0.092,18.0,0.102,18.0,108.34,6.39235,-28.24789,1.65216,0.00021,0.6372
207.9,SYN.ETH-9AUG19,1564311542913,open,0.0,0.0,0.001,0.042,0.002455,102.65,None,0.0,ETH-9AUG19-150-P,208.03,0.0,0.0,0.0,0.004,250.0,113.04,0.02675,-0.11561,-0.00231,0.00185,-0.03176
9447.51,SYN.BTC-9AUG19,1564311542941,open,0.26,0.0,0.223,0.3025,0.26298596,104.96,None,0.0,BTC-9AUG19-7000-C,9449.58,0.0,0.0,0.0,0.0,0.0,0.0,1.66217,-7.34513,2.12214,5e-05,0.95337
9447.51,SYN.BTC-9AUG19,1564311542967,open,0.33,0.0,0.2775,0.3835,0.330468,107.41,None,0.0,BTC-9AUG19-12500-P,9449.58,0.0,0.0,0.0,0.0,0.0,0.0,2.73965,-12.38926,-3.81674,9e-05,-0.91121
207.9,SYN.ETH-9AUG19,1564311543003,open,0.24,0.0,0.197,0.276,0.2362,102.81,None,0.0,ETH-9AUG19-160-C,208.03,0.0,0.0,0.0,0.0,0.0,0.0,0.04821,-0.20868,0.04719,0.00333,0.93383
207.9,SYN.ETH-9AUG19,1564311543134,open,0.01,1.0,0.001,0.045,0.005755,102.67,0.006,0.0,ETH-9AUG19-160-P,208.03,88.81,0.003,300.0,0.007,250.0,107.8,0.04807,-0.2078,-0.00485,0.00333,-0.06593
9447.51,SYN.BTC-9AUG19,1564311543134,open,0.19,0.1,0.1405,0.235,0.18772192,103.27,0.2195,0.0,BTC-9AUG19-11000-P,9449.58,0.0,0.001,5.0,0.0,0.0,0.0,5.23237,-22.7496,-2.92963,0.00017,-0.76536
207.9,SYN.ETH-9AUG19,1564311543154,open,0.0,0.0,0.001,0.042,0.00252,106.76,None,0.0,ETH-9AUG19-300-C,208.03,92.72,0.001,250.0,0.004,254.0,115.88,0.02919,-0.13119,0.00222,0.00194,0.03531
207.9,SYN.ETH-9AUG19,1564311543166,open,0.33,0.0,0.289,0.368,0.328094,110.99,None,0.0,ETH-9AUG19-140-C,208.03,0.0,0.0,0.0,0.0,0.0,0.0,0.01737,-0.08115,0.04417,0.00111,0.98102
207.9,SYN.ETH-9AUG19,1564311543204,open,0.2,0.0,0.155,0.234,0.194071,102.67,None,0.0,ETH-9AUG19-170-C,208.03,0.0,0.0,0.0,0.0,0.0,0.0,0.07462,-0.32257,0.04646,0.00517,0.88089
9447.51,SYN.BTC-9AUG19,1564311543220,open,0.05,73.1,0.0105,0.094,0.05234286,104.96,0.049,0.0,BTC-9AUG19-9000-P,9449.58,102.97,0.051,4.5,0.0535,0.2,106.67,6.39235,-28.2479,-1.27609,0.00021,-0.3628
9447.51,SYN.BTC-9AUG19,1564311543277,open,0.0,55.9,0.0005,0.044,0.00392191,104.96,0.0065,0.0,BTC-9AUG19-7000-P,9449.58,92.01,0.002,30.0,0.0055,30.0,113.14,1.66216,-7.34512,-0.15539,5e-05,-0.04663
207.9,SYN.ETH-9AUG19,1564311543314,open,0.44,0.0,0.388,0.503,0.445499,106.76,None,0.0,ETH-9AUG19-300-P,208.03,0.0,0.0,0.0,0.0,0.0,0.0,0.02919,-0.13119,-0.09539,0.00194,-0.96469
207.9,SYN.ETH-9AUG19,1564311543328,open,0.0,0.0,0.001,0.041,0.001484,110.99,None,0.0,ETH-9AUG19-140-P,208.03,0.0,0.0,0.0,0.003,253.0,125.39,0.01737,-0.08115,-0.00138,0.00111,-0.01898
9447.51,SYN.BTC-9AUG19,1564311543330,open,0.32,0.0,0.274,0.3535,0.31378685,109.12,None,0.0,BTC-9AUG19-6500-C,9449.58,0.0,0.0,0.0,0.0,0.0,0.0,0.92325,-4.24169,2.0391,3e-05,0.97716
207.9,SYN.ETH-9AUG19,1564311543373,open,0.16,0.0,0.116,0.195,0.155679,102.67,None,0.0,ETH-9AUG19-180-C,208.03,0.0,0.0,0.0,0.0,0.0,0.0,0.1024,-0.44262,0.04413,0.00709,0.80807
9447.51,SYN.BTC-9AUG19,1564311543411,open,0.01,74.2,0.0005,0.045,0.00508611,109.15,0.005,0.0,BTC-9AUG19-13000-C,9449.58,98.55,0.003,30.0,0.0065,30.0,115.01,2.13231,-9.79905,0.18079,7e-05,0.0639
9447.51,SYN.BTC-9AUG19,1564311543414,open,0.0,33.2,0.0005,0.043,0.00323976,109.15,0.0025,0.0,BTC-9AUG19-13500-C,9449.58,96.15,0.0015,30.0,0.0035,0.4,110.69,1.56349,-7.18506,0.12289,5e-05,0.04322
9447.51,SYN.BTC-9AUG19,1564311543488,open,0.02,24.2,0.0005,0.0555,0.01572031,104.09,0.0145,0.0,BTC-9AUG19-11500-C,9449.58,99.09,0.0135,24.0,0.017,0.1,106.85,4.31619,-18.91524,0.47496,0.00014,0.17024
9549.52,BTC-27DEC19,1564311543528,open,0.08,226.7,0.0395,0.1255,0.08256714,96.88,0.072,0.0,BTC-27DEC19-6500-P,9449.58,91.71,0.074,4.9,0.0795,4.9,95.04,15.97595,-5.09526,-10.30174,4e-05,-0.17669
9549.52,BTC-27DEC19,1564311543528,open,0.42,165.3,0.3705,0.4845,0.42754901,98.77,0.4125,0.0,BTC-27DEC19-12000-P,9449.58,96.03,0.4205,8.6,0.4325,3.6,100.69,24.55515,-7.98442,-37.48976,7e-05,-0.51594
9549.52,BTC-27DEC19,1564311543528,open,0.37,54.3,0.331,0.4105,0.3707004,96.88,0.37,0.0,BTC-27DEC19-7000-C,9449.58,78.33,0.337,0.1,0.38,0.1,101.87,17.70967,-5.64822,16.69572,5e-05,0.79087
9438.98,BTC-27SEP19,1564311543528,open,0.08,709.1,0.0395,0.119,0.07927431,100.62,0.0825,0.0,BTC-27SEP19-12000-C,9449.58,98.45,0.076,19.3,0.083,19.3,103.06,14.31389,-11.82905,4.30019,0.0001,0.35243
9438.98,BTC-27SEP19,1564311543528,open,0.0,287.4,0.0005,0.044,0.00420598,107.76,0.006,0.0,BTC-27SEP19-24000-C,9449.58,102.75,0.003,24.0,0.004,0.5,106.98,2.52698,-2.23658,0.38535,2e-05,0.02868
9438.98,BTC-27SEP19,1564311543528,open,0.43,221.9,0.3895,0.469,0.42944602,97.59,0.51,0.0,BTC-27SEP19-5500-C,9449.58,0.0,0.417,3.0,0.8345,5.0,500.0,4.5947,-3.68306,8.03672,3e-05,0.93995
9549.52,BTC-27DEC19,1564311543528,open,0.17,268.3,0.131,0.2105,0.17094266,98.77,0.164,0.0,BTC-27DEC19-12000-C,9449.58,97.43,0.1675,3.6,0.177,3.6,101.12,24.55515,-7.98446,12.44198,7e-05,0.48406
9443.86,SYN.BTC-30AUG19,1564311543530,open,0.01,99.7,0.0005,0.048,0.00848388,106.42,0.0095,0.0,BTC-30AUG19-16000-C,9449.58,101.01,0.0065,29.0,0.0095,24.0,108.92,3.72053,-6.02189,0.50607,4e-05,0.06798
9448.73,SYN.BTC-2AUG19,1564311543530,open,0.05,108.9,0.0055,0.085,0.0451055,103.38,0.0425,0.0,BTC-2AUG19-9500-C,9449.58,98.82,0.043,18.0,0.047,1.0,107.49,4.35622,-46.18435,0.58143,0.00035,0.50577
9448.73,SYN.BTC-2AUG19,1564311543530,open,0.0,174.7,0.0005,0.041,0.00101351,129.07,0.0015,0.0,BTC-2AUG19-13000-C,9449.58,0.0,0.0,0.0,0.002,30.1,143.31,0.51734,-6.84742,0.02332,3e-05,0.01949
9438.98,BTC-27SEP19,1564311543537,open,0.5,13.5,0.462,0.5415,0.50158349,97.59,0.382,0.0,BTC-27SEP19-4750-C,9449.58,0.0,0.005,10.0,0.638,5.0,299.44,2.42416,-1.94317,7.41677,2e-05,0.97271
9438.98,BTC-27SEP19,1564311543537,open,0.61,0.0,0.5675,0.647,0.60721313,125.58,None,0.0,BTC-27SEP19-3750-C,9449.58,0.0,0.005,10.0,0.6925,10.0,299.0,1.85662,-1.91503,5.87058,1e-05,0.98012
9438.98,BTC-27SEP19,1564311543543,open,2.38,0.0,2.2565,2.527,2.39170713,117.54,None,0.0,BTC-27SEP19-32000-P,9449.58,0.0,0.0,0.0,0.0,0.0,0.0,1.0834,-1.04591,-53.22694,1e-05,-0.98937
9438.98,BTC-27SEP19,1564311543551,open,0.0,1060.6,0.0005,0.042,0.00231143,98.19,0.0015,0.0,BTC-27SEP19-4250-P,9449.58,91.95,0.0015,22.0,0.003,24.0,102.48,1.39699,-1.12669,-0.26076,1e-05,-0.01425
9549.52,BTC-27DEC19,1564311543551,open,2.15,2.1,2.038,2.2905,2.16430895,106.19,1.95,0.0,BTC-27DEC19-30000-P,9449.58,0.0,0.001,1.0,0.0,0.0,0.0,10.16538,-3.55366,-122.08035,3e-05,-0.90803
9443.86,SYN.BTC-30AUG19,1564311543551,open,0.4,17.1,0.348,0.46,0.40391104,102.08,0.289,0.0,BTC-30AUG19-13000-P,9449.58,0.0,0.0,0.0,0.0,0.0,0.0,7.60911,-11.8128,-10.35354,9e-05,-0.81328
9549.52,BTC-27DEC19,1564311543561,open,4.01,0.0,3.831,4.233,4.03183238,108.63,None,0.0,BTC-27DEC19-48000-P,9449.58,0.0,0.0,0.0,6.0,1.0,500.0,3.6423,-1.30257,-198.93432,1e-05,-0.97465
9443.86,SYN.BTC-30AUG19,1564311543565,open,0.6,0.0,0.537,0.6645,0.60074023,105.02,None,0.0,BTC-30AUG19-15000-P,9449.58,0.0,0.0,0.0,0.0,0.0,0.0,4.79146,-7.65298,-12.80777,6e-05,-0.90497
9448.73,SYN.BTC-2AUG19,1564311543565,open,0.0,303.5,0.0005,0.041,0.00105685,116.43,0.0015,0.0,BTC-2AUG19-12500-C,9449.58,104.96,0.0005,4.0,0.0015,1.0,122.91,0.57514,-6.8669,0.02655,4e-05,0.02209
9443.86,SYN.BTC-30AUG19,1564311543565,open,0.37,0.0,0.331,0.4105,0.3707097,97.5,None,0.0,BTC-30AUG19-6000-C,9449.58,0.0,0.0,0.0,0.0,0.0,0.0,2.68161,-3.97648,4.97091,3e-05,0.9551
9438.98,BTC-27SEP19,1564311543571,open,0.0,444.0,0.0005,0.0415,0.00153517,98.69,0.002,0.0,BTC-27SEP19-4000-P,9449.58,92.99,0.001,20.0,0.002,2.2,102.65,1.01444,-0.82226,-0.17932,1e-05,-0.00986
9549.52,BTC-27DEC19,1564311543571,open,0.02,283.4,0.0005,0.0625,0.02279308,106.19,0.023,0.0,BTC-27DEC19-30000-C,9449.58,103.97,0.0205,6.0,0.025,6.0,108.21,10.16617,-3.55404,2.74924,3e-05,0.09198
9447.51,SYN.BTC-9AUG19,1564311543571,open,0.07,11.9,0.031,0.1105,0.07092058,102.23,0.0755,0.0,BTC-9AUG19-9500-C,9449.58,94.69,0.0655,23.0,0.075,18.0,107.91,6.78534,-29.20536,1.3951,0.00023,0.52478
9443.86,SYN.BTC-30AUG19,1564311543577,open,0.5,0.0,0.441,0.5605,0.50076317,103.54,None,0.0,BTC-30AUG19-14000-P,9449.58,0.0,0.0,0.0,0.0,0.0,0.0,6.09571,-9.59879,-11.63306,7e-05,-0.86685
9549.52,BTC-27DEC19,1564311543585,open,1.75,0.0,1.646,1.866,1.75588284,105.19,None,0.0,BTC-27DEC19-26000-P,9449.58,0.0,0.005,10.0,2.5525,0.2,500.0,12.87699,-4.45923,-104.42822,3e-05,-0.87221
9448.73,SYN.BTC-2AUG19,1564311543585,open,0.53,0.0,0.474,0.596,0.53494658,145.01,None,0.0,BTC-2AUG19-14500-P,9449.58,0.0,0.0,0.0,0.0,0.0,0.0,0.20542,-3.05466,-1.92887,1e-05,-0.99327
9438.98,BTC-27SEP19,1564311543587,open,0.58,227.5,0.538,0.6175,0.57776012,98.68,0.7065,0.0,BTC-27SEP19-4000-C,9449.58,0.0,0.111,2.0,0.678,5.0,298.99,1.01425,-0.82207,6.49203,1e-05,0.99015
9447.51,SYN.BTC-9AUG19,1564311543592,open,0.22,0.0,0.1755,0.255,0.21520643,104.96,None,0.0,BTC-9AUG19-7500-C,9449.58,0.0,0.0,0.0,0.0,0.0,0.0,2.86731,-12.6706,2.12211,9e-05,0.90558
9438.98,BTC-27SEP19,1564311543610,open,0.0,426.3,0.0005,0.043,0.00307617,125.58,0.0025,0.0,BTC-27SEP19-3500-P,9449.58,97.71,0.0005,0.1,0.003,4.9,125.06,1.39535,-1.43928,-0.27249,1e-05,-0.01423
9448.73,SYN.BTC-2AUG19,1564311543616,open,0.22,1.0,0.1725,0.27,0.2211926,112.53,0.1445,0.0,BTC-2AUG19-11500-P,9449.58,0.0,0.0005,1.1,0.0,0.0,0.0,1.53241,-17.68361,-1.44777,0.00011,-0.92585
9443.86,SYN.BTC-30AUG19,1564311543616,open,0.31,1.6,0.26,0.364,0.31200722,100.83,0.3175,0.0,BTC-30AUG19-12000-P,9449.58,0.0,0.0,0.0,0.0,0.0,0.0,9.21162,-14.12656,-8.93996,0.00011,-0.739
9448.73,SYN.BTC-2AUG19,1564311543617,open,0.03,304.9,0.0005,0.0655,0.02594072,104.97,0.025,0.0,BTC-2AUG19-10000-C,9449.58,100.37,0.024,24.0,0.0245,1.0,101.56,4.0108,-43.17423,0.39904,0.00032,0.3421
9438.98,BTC-27SEP19,1564311543643,open,0.05,183.9,0.0065,0.086,0.0464496,102.25,0.0395,0.0,BTC-27SEP19-14000-C,9449.58,100.26,0.044,19.3,0.0495,19.3,104.68,11.7362,-9.85647,2.90685,8e-05,0.2311
9549.52,BTC-27DEC19,1564311543643,open,2.77,1.3,2.6325,2.9345,2.78345573,107.4,2.2,0.0,BTC-27DEC19-36000-P,9449.58,0.0,0.0005,1.0,0.0,0.0,0.0,7.17593,-2.53728,-148.0197,2e-05,-0.94168
9438.98,BTC-27SEP19,1564311543643,open,0.08,504.7,0.039,0.125,0.08188557,97.6,0.081,0.0,BTC-27SEP19-8000-P,9449.58,93.97,0.077,19.3,0.083,19.3,98.42,12.7342,-10.20774,-5.53194,9e-05,-0.26951
9549.52,BTC-27DEC19,1564311543643,open,0.02,128.2,0.0005,0.059,0.01908453,106.63,0.0195,0.0,BTC-27DEC19-32000-C,9449.58,104.35,0.017,10.0,0.021,6.0,108.6,9.04071,-3.17363,2.36691,2e-05,0.07865
9549.52,BTC-27DEC19,1564311543654,open,0.51,74.0,0.4505,0.571,0.51075361,99.76,0.4375,0.0,BTC-27DEC19-13000-P,9449.58,86.94,0.4785,5.0,1.2375,0.3,500.0,24.27164,-7.97176,-42.6499,6e-05,-0.5626
9438.98,BTC-27SEP19,1564311543654,open,0.43,31.5,0.3805,0.495,0.43786247,101.47,0.3995,0.0,BTC-27SEP19-13000-P,9449.58,79.84,0.41,5.0,0.49,0.1,136.52,13.10809,-10.92507,-18.13386,9e-05,-0.71404
9549.52,BTC-27DEC19,1564311543654,open,0.1,282.6,0.061,0.1405,0.10078295,101.5,0.112,0.0,BTC-27DEC19-16000-C,9449.58,99.86,0.097,8.9,0.102,0.1,102.02,22.09831,-7.38414,8.80729,6e-05,0.32243
9438.98,BTC-27SEP19,1564311543654,open,0.11,510.1,0.064,0.1435,0.10398162,99.71,0.1075,0.0,BTC-27SEP19-11000-C,9449.58,97.54,0.1005,14.4,0.108,14.4,102.21,15.15191,-12.40864,5.15785,0.0001,0.43162
9438.98,BTC-27SEP19,1564311543656,open,0.79,28.2,0.7485,0.828,0.78847284,144.99,0.755,0.0,BTC-27SEP19-2000-C,9449.58,0.0,0.01,1.0,0.9105,5.0,500.0,0.21863,-0.26036,3.30213,0.0,0.99823
9448.73,SYN.BTC-2AUG19,1564311543656,open,0.0,115.7,0.0005,0.04,0.00024945,129.54,0.0005,0.0,BTC-2AUG19-6500-P,9449.58,0.0,0.0,0.0,0.0005,48.9,140.99,0.15891,-2.1111,-0.00667,1e-05,-0.00504
9443.86,SYN.BTC-30AUG19,1564311543656,open,0.1,135.7,0.054,0.1335,0.09373209,98.47,0.089,0.0,BTC-30AUG19-10000-C,9449.58,94.1,0.0885,14.4,0.0955,14.4,99.95,11.2952,-16.91659,3.30024,0.00014,0.48172
9438.98,BTC-27SEP19,1564311543663,open,1.54,0.2,1.445,1.6485,1.54685629,107.77,1.6,0.0,BTC-27SEP19-24000-P,9449.58,0.0,0.0,0.0,0.0,0.0,0.0,2.52803,-2.23772,-39.64232,2e-05,-0.9713
9447.51,SYN.BTC-9AUG19,1564311543663,open,0.0,3.2,0.0005,0.0415,0.00179881,109.12,0.003,0.0,BTC-9AUG19-6500-P,9449.58,90.31,0.0005,0.1,0.003,30.0,119.58,0.92329,-4.24195,-0.07575,3e-05,-0.02284
9549.52,BTC-27DEC19,1564311543683,open,0.13,163.4,0.0825,0.172,0.12722028,96.88,0.1265,0.0,BTC-27DEC19-7500-P,9449.58,92.79,0.119,4.9,0.126,4.9,96.27,19.24754,-6.13868,-14.68142,5e-05,-0.24226
9448.73,SYN.BTC-2AUG19,1564311543683,open,0.17,2.8,0.1255,0.219,0.17222799,111.21,0.111,0.0,BTC-2AUG19-11000-P,9449.58,0.0,0.025,50.0,0.0,0.0,0.0,2.33105,-26.58533,-1.31332,0.00018,-0.8683
9549.52,BTC-27DEC19,1564311543687,open,0.05,170.7,0.0105,0.09,0.05019864,104.0,0.0575,0.0,BTC-27DEC19-22000-C,9449.58,102.4,0.0475,8.9,0.0525,4.9,105.34,16.2641,-5.56857,5.22866,4e-05,0.18179
9549.52,BTC-27DEC19,1564311543687,open,0.12,324.2,0.075,0.1545,0.11462504,101.02,0.1055,0.0,BTC-27DEC19-15000-C,9449.58,99.51,0.111,4.0,0.119,4.9,102.84,22.97334,-7.64059,9.62162,6e-05,0.35677
9549.52,BTC-27DEC19,1564311543687,open,0.51,62.4,0.471,0.5505,0.51052902,96.88,0.533,0.0,BTC-27DEC19-5000-C,9449.58,86.09,0.5,1.0,0.924,5.0,500.0,9.90777,-3.15994,15.91892,3e-05,0.91115
207.38,ETH-27SEP19,1564311543701,open,0.05,7686.0,0.012,0.095,0.053647,97.52,0.052,0.0,ETH-27SEP19-160-P,208.03,94.28,0.05,160.0,0.056,140.0,99.58,0.23535,-0.18851,-0.08688,0.00336,-0.19755
9438.98,BTC-27SEP19,1564311543701,open,1.96,0.0,1.8505,2.0875,1.96890981,113.44,None,0.0,BTC-27SEP19-28000-P,9449.58,0.0,0.0,0.0,0.0,0.0,0.0,1.64115,-1.52912,-46.46762,1e-05,-0.9828
207.98,SYN.ETH-2AUG19,1564311543705,open,0.0,261.0,0.001,0.041,0.001414,140.27,0.001,0.0,ETH-2AUG19-290-C,208.03,0.0,0.0,0.0,0.003,5.0,158.83,0.01378,-0.19828,0.00064,0.0017,0.02444
9448.73,SYN.BTC-2AUG19,1564311543705,open,0.43,0.0,0.3725,0.486,0.42927338,129.52,None,0.0,BTC-2AUG19-13500-P,9449.58,0.0,0.01,10.0,0.0,0.0,0.0,0.30313,-4.02606,-1.79076,2e-05,-0.98952
9443.86,SYN.BTC-30AUG19,1564311543705,open,0.7,0.0,0.635,0.7705,0.70270815,106.42,None,0.0,BTC-30AUG19-16000-P,9449.58,0.0,0.0,0.0,0.0,0.0,0.0,3.72076,-6.02241,-13.90515,4e-05,-0.93202
207.38,ETH-27SEP19,1564311543730,open,0.04,1902.0,0.001,0.076,0.03662,99.67,0.034,0.0,ETH-27SEP19-320-C,208.03,96.38,0.033,160.0,0.038,110.0,100.89,0.23299,-0.19073,0.05454,0.00326,0.1943
207.38,ETH-27SEP19,1564311543730,open,0.01,8193.0,0.001,0.052,0.012158,98.67,0.014,0.0,ETH-27SEP19-120-P,208.03,94.0,0.01,1.0,0.014,200.0,102.36,0.10022,-0.08122,-0.02478,0.00142,-0.05949
207.68,SYN.ETH-30AUG19,1564311543741,open,0.73,0.0,0.669,0.807,0.737927,97.63,None,0.0,ETH-30AUG19-360-P,208.03,0.0,0.0,0.0,0.0,0.0,0.0,0.05558,-0.08252,-0.31729,0.00147,-0.95828
207.68,SYN.ETH-30AUG19,1564311543746,open,0.55,0.0,0.49,0.614,0.55202,97.63,None,0.0,ETH-30AUG19-320-P,208.03,0.0,0.0,0.0,0.0,0.0,0.0,0.10281,-0.15264,-0.27312,0.00271,-0.90809
208.79,ETH-27DEC19,1564311543750,open,0.64,83.0,0.583,0.714,0.648358,98.98,0.626,0.0,ETH-27DEC19-320-P,208.03,0.0,0.006,5.0,1.58,1.0,500.0,0.50547,-0.16472,-1.11637,0.00282,-0.63664
9549.52,BTC-27DEC19,1564311543752,open,2.36,0.3,2.2355,2.5045,2.37003479,106.62,1.875,0.0,BTC-27DEC19-32000-P,9449.58,0.0,0.001,1.0,0.0,0.0,0.0,9.03978,-3.17319,-130.78467,2e-05,-0.92136
208.79,ETH-27DEC19,1564311543752,open,1.33,21.0,1.251,1.438,1.344285,100.92,0.629,0.0,ETH-27DEC19-480-P,208.03,0.0,0.001,7.0,0.0,0.0,0.0,0.3411,-0.11333,-1.88876,0.00186,-0.82978
207.38,ETH-27SEP19,1564311543752,open,0.84,259.0,0.776,0.923,0.849074,100.14,0.94,0.0,ETH-27SEP19-380-P,208.03,0.0,0.009,8.0,0.0,0.0,0.0,0.14961,-0.12305,-0.60465,0.00208,-0.8991
9448.73,SYN.BTC-2AUG19,1564311543752,open,0.01,268.7,0.0005,0.048,0.0080504,111.21,0.008,0.0,BTC-2AUG19-11000-C,9449.58,106.83,0.007,14.0,0.009,0.1,114.98,2.33104,-26.58509,0.15607,0.00018,0.1317
9438.98,BTC-27SEP19,1564311543757,open,0.84,42.8,0.8015,0.881,0.84114373,144.97,0.815,0.0,BTC-27SEP19-1500-C,9449.58,0.0,0.0,0.0,0.0,0.0,0.0,0.04703,-0.056,2.49556,0.0,0.99967
9447.51,SYN.BTC-9AUG19,1564311543757,open,0.43,0.0,0.375,0.489,0.43218767,109.15,None,0.0,BTC-9AUG19-13500-P,9449.58,0.0,0.0,0.0,0.0,0.0,0.0,1.56358,-7.18557,-4.26949,5e-05,-0.95678
9447.51,SYN.BTC-9AUG19,1564311543757,open,0.38,0.0,0.326,0.436,0.38111003,109.15,None,0.0,BTC-9AUG19-13000-P,9449.58,0.0,0.0,0.0,0.0,0.0,0.0,2.13237,-9.79946,-4.0489,7e-05,-0.9361
207.68,SYN.ETH-30AUG19,1564311543760,open,0.14,329.0,0.103,0.194,0.148814,95.06,0.14,0.0,ETH-30AUG19-220-P,208.03,0.0,0.059,30.0,0.155,240.0,100.23,0.24821,-0.35885,-0.12579,0.00672,-0.52368
9549.52,BTC-27DEC19,1564311543771,open,1.15,5.7,1.071,1.243,1.15685486,103.24,1.085,0.0,BTC-27DEC19-20000-P,9449.58,0.0,0.005,5.0,1.466,1.0,230.21,18.1698,-6.17537,-77.01947,5e-05,-0.78146
9438.98,BTC-27SEP19,1564311543773,open,0.01,511.0,0.0005,0.0505,0.01066815,106.51,0.0125,0.0,BTC-27SEP19-20000-C,9449.58,103.16,0.009,24.0,0.0125,24.0,109.87,4.92759,-4.31087,0.86612,3e-05,0.06569
9549.52,BTC-27DEC19,1564311543773,open,0.32,202.5,0.2755,0.355,0.31520375,96.88,0.298,0.0,BTC-27DEC19-8000-C,9449.58,76.34,0.271,0.1,0.999,0.1,500.0,20.57849,-6.56319,16.25705,6e-05,0.72434
9438.98,BTC-27SEP19,1564311543773,open,0.18,384.9,0.139,0.2185,0.17862615,97.6,0.183,0.0,BTC-27SEP19-9000-C,9449.58,95.25,0.175,14.4,0.1835,14.4,100.74,14.61656,-11.71659,7.02786,0.0001,0.62505
9549.52,BTC-27DEC19,1564311543773,open,0.6,27.2,0.556,0.6355,0.59569688,96.88,0.65,0.0,BTC-27DEC19-4000-C,9449.58,0.0,0.0155,10.0,0.967,1.0,500.0,5.74464,-1.83217,14.31278,2e-05,0.9559
9438.98,BTC-27SEP19,1564311543773,open,0.01,508.3,0.0005,0.047,0.00673551,97.6,0.0065,0.0,BTC-27SEP19-5000-P,9449.58,88.02,0.004,29.0,0.007,25.6,98.4,3.07911,-2.46821,-0.6798,2e-05,-0.03645
9448.73,SYN.BTC-2AUG19,1564311543773,open,0.0,214.6,0.0005,0.0405,0.00051337,116.23,0.0005,0.0,BTC-2AUG19-7000-P,9449.58,0.0,0.0,0.0,0.001,29.8,127.97,0.30928,-3.68646,-0.01418,2e-05,-0.01072
9448.73,SYN.BTC-2AUG19,1564311543773,open,0.0,147.3,0.0005,0.044,0.00409784,112.53,0.004,0.0,BTC-2AUG19-11500-C,9449.58,105.21,0.003,38.8,0.0045,0.3,114.95,1.53239,-17.68327,0.08841,0.00011,0.07414
9443.86,SYN.BTC-30AUG19,1564311543773,open,0.06,178.1,0.022,0.1015,0.06199068,99.2,0.0595,0.0,BTC-30AUG19-11000-C,9449.58,95.63,0.058,24.3,0.064,19.3,100.99,10.58439,-15.96947,2.51903,0.00013,0.35813
9448.73,SYN.BTC-2AUG19,1564311543773,open,0.0,228.1,0.0005,0.0405,0.00050997,129.51,0.0005,0.0,BTC-2AUG19-13500-C,9449.58,0.0,0.0,0.0,0.001,1.2,141.43,0.30308,-4.02527,0.01258,2e-05,0.01047
9443.86,SYN.BTC-30AUG19,1564311543773,open,0.01,65.6,0.0005,0.0455,0.00585684,107.73,0.006,0.0,BTC-30AUG19-17000-C,9449.58,100.92,0.004,29.0,0.007,24.0,111.3,2.86763,-4.69859,0.36539,3e-05,0.04881
9438.98,BTC-27SEP19,1564311543775,open,0.39,713.5,0.3445,0.424,0.38433918,97.59,0.362,0.0,BTC-27SEP19-6000-C,9449.58,0.0,0.01,0.5,0.7575,0.3,499.06,6.29916,-5.04936,8.26326,4e-05,0.90924
207.38,ETH-27SEP19,1564311543781,open,0.23,779.0,0.183,0.262,0.222514,97.52,0.227,0.0,ETH-27SEP19-180-C,208.03,0.0,0.132,40.0,0.609,10.0,394.57,0.2897,-0.23204,0.16876,0.00414,0.71044
9438.98,BTC-27SEP19,1564311543783,open,0.72,34.4,0.654,0.7915,0.72285232,103.76,0.6695,0.0,BTC-27SEP19-16000-P,9449.58,0.0,0.005,10.0,1.302,0.2,499.93,9.01532,-7.68348,-24.7499,6e-05,-0.84931
9549.52,BTC-27DEC19,1564311543783,open,1.95,2.0,1.8415,2.0775,1.95946053,105.68,1.563,0.0,BTC-27DEC19-28000-P,9449.58,0.0,0.001,1.0,0.0,0.0,0.0,11.43202,-3.97733,-113.30332,3e-05,-0.89199
207.68,SYN.ETH-30AUG19,1564311543783,open,0.06,1678.0,0.02,0.099,0.059687,95.06,0.054,0.0,ETH-30AUG19-240-C,208.03,39.74,0.007,30.0,0.062,160.0,97.12,0.23268,-0.33639,0.05576,0.0063,0.35779
208.79,ETH-27DEC19,1564311543792,open,0.06,668.0,0.017,0.096,0.056568,100.56,0.087,0.0,ETH-27DEC19-440-C,208.03,98.03,0.052,40.0,0.061,110.0,102.95,0.38236,-0.12658,0.12872,0.0021,0.20473
207.98,SYN.ETH-2AUG19,1564311543797,open,0.39,0.0,0.34,0.451,0.395792,140.27,None,0.0,ETH-2AUG19-290-P,208.03,0.0,0.0,0.0,0.0,0.0,0.0,0.01378,-0.19828,-0.0381,0.0017,-0.97556
9438.98,BTC-27SEP19,1564311543799,open,0.62,29.6,0.5605,0.69,0.62523946,103.28,0.58,0.0,BTC-27SEP19-15000-P,9449.58,0.0,0.005,10.0,1.2075,0.3,500.0,10.3738,-8.79973,-22.63453,7e-05,-0.81255
9438.98,BTC-27SEP19,1564311543799,open,0.03,227.7,0.0005,0.0675,0.02775212,103.76,0.029,0.0,BTC-27SEP19-16000-C,9449.58,101.9,0.026,19.3,0.03,19.3,106.08,9.01508,-7.68313,1.93527,6e-05,0.15068
9448.73,SYN.BTC-2AUG19,1564311543800,open,0.01,213.8,0.0005,0.0525,0.01237488,105.74,0.0105,0.0,BTC-2AUG19-8500-P,9449.58,101.08,0.011,24.0,0.0135,0.2,109.44,2.83521,-30.74441,-0.239,0.00022,-0.17698
9549.52,BTC-27DEC19,1564311543802,open,0.59,16.0,0.533,0.66,0.59659312,100.39,0.5665,0.0,BTC-27DEC19-14000-P,9449.58,85.31,0.56,5.0,1.3375,0.2,500.0,23.71454,-7.83795,-47.75551,6e-05,-0.60525
9549.52,BTC-27DEC19,1564311543802,open,0.06,280.5,0.0215,0.106,0.06386709,96.88,0.058,0.0,BTC-27DEC19-6000-P,9449.58,90.76,0.055,6.0,0.0605,6.0,94.58,14.06952,-4.48724,-8.31743,4e-05,-0.14545
208.79,ETH-27DEC19,1564311543804,open,0.81,241.0,0.742,0.886,0.814168,99.45,0.986,0.0,ETH-27DEC19-360-P,208.03,0.0,0.008,4.0,1.59,1.0,500.0,0.46728,-0.15299,-1.31669,0.00259,-0.70141
207.38,ETH-27SEP19,1564311543804,open,0.01,4422.0,0.001,0.052,0.012805,100.14,0.016,0.0,ETH-27SEP19-400-C,208.03,95.23,0.01,200.0,0.015,110.0,103.59,0.12648,-0.10402,0.02341,0.00176,0.08048
9443.86,SYN.BTC-30AUG19,1564311543804,open,0.01,327.1,0.0005,0.044,0.00411854,109.11,0.005,0.0,BTC-30AUG19-18000-C,9449.58,101.1,0.0025,29.0,0.005,24.0,112.65,2.21382,-3.67381,0.26663,3e-05,0.03546
207.68,SYN.ETH-30AUG19,1564311543806,open,0.92,0.0,0.852,1.006,0.928984,104.87,None,0.0,ETH-30AUG19-400-P,208.03,0.0,0.0,0.0,0.0,0.0,0.0,0.03896,-0.06214,-0.35576,0.00096,-0.97291
9448.73,SYN.BTC-2AUG19,1564311543810,open,0.21,0.0,0.168,0.2475,0.20785118,110.77,None,0.0,BTC-2AUG19-7500-C,9449.58,0.0,0.01,10.0,0.0,0.0,0.0,0.76078,-8.64179,0.96087,6e-05,0.96913
9438.98,BTC-27SEP19,1564311543814,open,0.53,80.9,0.4685,0.5905,0.52966228,102.25,0.5355,0.0,BTC-27SEP19-14000-P,9449.58,71.95,0.498,5.0,1.108,0.5,495.96,11.73633,-9.8567,-20.44269,8e-05,-0.7689
9438.98,BTC-27SEP19,1564311543814,open,0.0,319.7,0.0005,0.045,0.00481637,97.6,0.0035,0.0,BTC-27SEP19-4750-P,9449.58,94.25,0.004,0.1,0.0055,24.0,100.16,2.42431,-1.94333,-0.50545,2e-05,-0.02729
9549.52,BTC-27DEC19,1564311543814,open,0.47,59.5,0.432,0.5115,0.47175747,96.88,0.46,0.0,BTC-27DEC19-5500-C,9449.58,87.18,0.46,0.8,0.51,0.2,125.1,12.02834,-3.83626,16.38174,3e-05,0.88403
9438.98,BTC-27SEP19,1564311543814,open,0.14,751.7,0.0955,0.175,0.13512797,97.91,0.126,0.0,BTC-27SEP19-10000-C,9449.58,96.6,0.133,14.4,0.141,14.4,101.52,15.35469,-12.34787,6.0926,0.00011,0.52214
9549.52,BTC-27DEC19,1564311543814,open,0.27,170.5,0.2285,0.308,0.26805518,96.88,0.272,0.0,BTC-27DEC19-9000-C,9449.58,94.53,0.2625,3.6,0.2725,3.6,98.75,22.61867,-7.21387,15.49873,6e-05,0.6581
208.79,ETH-27DEC19,1564311543817,open,0.03,578.0,0.001,0.069,0.02986,101.58,0.036,0.0,ETH-27DEC19-560-C,208.03,98.47,0.026,50.0,0.034,110.0,104.7,0.26843,-0.08977,0.07777,0.00146,0.11938
9448.73,SYN.BTC-2AUG19,1564311543819,open,0.01,213.8,0.0005,0.0525,0.01237488,105.74,0.0105,0.0,BTC-2AUG19-8500-P,9449.58,101.08,0.011,24.0,0.013,0.1,107.81,2.83521,-30.74441,-0.239,0.00022,-0.17698
207.68,SYN.ETH-30AUG19,1564311543820,open,0.64,0.0,0.579,0.71,0.644239,97.63,None,0.0,ETH-30AUG19-340-P,208.03,0.0,0.0,0.0,0.0,0.0,0.0,0.07643,-0.11349,-0.29592,0.00202,-0.93773
207.38,ETH-27SEP19,1564311543822,open,1.31,0.0,1.227,1.412,1.319599,101.76,None,0.0,ETH-27SEP19-480-P,208.03,0.0,0.0,0.0,0.0,0.0,0.0,0.06546,-0.05471,-0.79018,0.0009,-0.96499
9549.52,BTC-27DEC19,1564311543825,open,0.69,0.0,0.6505,0.73,0.69005941,96.88,None,0.0,BTC-27DEC19-3000-C,9449.58,0.0,0.0055,0.1,0.972,0.5,500.0,2.3571,-0.75177,11.71234,1e-05,0.98482
207.98,SYN.ETH-2AUG19,1564311543825,open,0.34,0.0,0.294,0.401,0.347864,130.08,None,0.0,ETH-2AUG19-280-P,208.03,0.0,0.0,0.0,0.0,0.0,0.0,0.01569,-0.20929,-0.03665,0.00209,-0.97146
208.79,ETH-27DEC19,1564311543840,open,0.12,195.0,0.076,0.155,0.115645,98.95,0.16,0.0,ETH-27DEC19-320-C,208.03,96.19,0.109,40.0,0.121,2.0,101.16,0.50541,-0.16465,0.21511,0.00282,0.36325
9447.51,SYN.BTC-9AUG19,1564311543842,open,0.23,0.0,0.184,0.282,0.23297224,104.09,None,0.0,BTC-9AUG19-11500-P,9449.58,0.0,0.0,0.0,0.0,0.0,0.0,4.31622,-18.91547,-3.26669,0.00014,-0.82976
9549.52,BTC-27DEC19,1564311543851,open,0.0,208.8,0.0005,0.0415,0.00177964,97.06,0.0015,0.0,BTC-27DEC19-2500-P,9449.58,82.49,0.0005,13.0,0.0,0.0,0.0,1.21101,-0.38695,-0.35165,0.0,-0.00707
207.38,ETH-27SEP19,1564311543854,open,0.05,3061.0,0.008,0.087,0.047915,99.67,0.044,0.0,ETH-27SEP19-300-C,208.03,95.74,0.043,160.0,0.049,110.0,100.52,0.26379,-0.21594,0.06673,0.00369,0.24084
207.38,ETH-27SEP19,1564311543856,open,0.66,347.0,0.602,0.734,0.667941,100.14,0.595,0.0,ETH-27SEP19-340-P,208.03,0.0,0.0,0.0,0.716,110.0,140.0,0.20402,-0.1678,-0.5224,0.00284,-0.84242
207.98,SYN.ETH-2AUG19,1564311543856,open,0.44,0.0,0.386,0.501,0.443399,143.33,None,0.0,ETH-2AUG19-300-P,208.03,0.0,0.0,0.0,0.0,0.0,0.0,0.00995,-0.14628,-0.03964,0.0012,-0.98336
207.38,ETH-27SEP19,1564311543860,open,0.11,1828.0,0.067,0.146,0.106213,99.67,0.119,0.0,ETH-27SEP19-240-C,208.03,94.55,0.098,120.0,0.113,110.0,103.88,0.33382,-0.27327,0.11485,0.00467,0.43826
207.38,ETH-27SEP19,1564311543862,open,0.03,1835.0,0.001,0.068,0.028438,100.14,0.039,0.0,ETH-27SEP19-340-C,208.03,96.55,0.025,160.0,0.031,110.0,102.69,0.20402,-0.1678,0.04467,0.00284,0.15758
207.68,SYN.ETH-30AUG19,1564311543862,open,0.46,0.0,0.404,0.52,0.462026,97.63,None,0.0,ETH-30AUG19-300-P,208.03,0.0,0.0,0.0,0.0,0.0,0.0,0.13447,-0.19966,-0.24846,0.00355,-0.86624
9448.73,SYN.BTC-2AUG19,1564311543866,open,0.0,147.3,0.0005,0.044,0.00409784,112.53,0.004,0.0,BTC-2AUG19-11500-C,9449.58,105.21,0.003,38.8,0.0045,0.2,114.95,1.53239,-17.68327,0.08841,0.00011,0.07414
9438.98,BTC-27SEP19,1564311543878,open,1.33,0.2,1.2445,1.431,1.3376304,107.77,1.391,0.0,BTC-27SEP19-22000-P,9449.58,0.0,0.005,10.0,0.0,0.0,0.0,3.6091,-3.19453,-36.10269,2e-05,-0.95568
9549.52,BTC-27DEC19,1564311543885,open,0.06,547.7,0.023,0.1025,0.06251095,103.24,0.066,0.0,BTC-27DEC19-20000-C,9449.58,101.64,0.0595,8.9,0.0655,4.9,104.8,18.17002,-6.17552,6.20019,5e-05,0.21855
9549.52,BTC-27DEC19,1564311543885,open,0.55,6.5,0.512,0.5915,0.55186861,96.88,0.575,0.0,BTC-27DEC19-4500-C,9449.58,0.0,0.0115,0.1,0.965,1.0,500.0,7.78231,-2.48205,15.23585,2e-05,0.9353
9549.52,BTC-27DEC19,1564311543885,open,0.01,121.8,0.0005,0.0485,0.00835873,96.88,0.0085,0.0,BTC-27DEC19-3500-P,9449.58,82.13,0.0035,16.0,0.0075,6.0,94.71,3.90049,-1.244,-1.42542,1e-05,-0.02751
9438.98,BTC-27SEP19,1564311543885,open,0.66,0.0,0.619,0.6985,0.65870714,133.9,None,0.0,BTC-27SEP19-3250-C,9449.58,0.0,0.005,10.0,0.878,5.0,500.0,1.29907,-1.42867,5.16659,1e-05,0.9869
9448.73,SYN.BTC-2AUG19,1564311543885,open,0.0,147.3,0.0005,0.044,0.00409784,112.53,0.004,0.0,BTC-2AUG19-11500-C,9449.58,105.21,0.003,38.8,0.0045,0.3,114.95,1.53239,-17.68327,0.08841,0.00011,0.07414
9448.73,SYN.BTC-2AUG19,1564311543885,open,0.08,14.2,0.0355,0.115,0.07501514,105.71,0.0775,0.0,BTC-2AUG19-9000-C,9449.58,97.18,0.0715,18.0,0.0785,18.0,114.06,3.92048,-42.49873,0.75981,0.00031,0.67701
9448.73,SYN.BTC-2AUG19,1564311543885,open,0.08,149.1,0.041,0.1275,0.08428398,104.97,0.082,0.0,BTC-2AUG19-10000-P,9449.58,105.48,0.0845,0.2,0.0855,0.2,107.82,4.01079,-43.17312,-0.93677,0.00032,-0.6579
9443.86,SYN.BTC-30AUG19,1564311543887,open,0.01,185.2,0.0005,0.046,0.00604379,97.5,0.007,0.0,BTC-30AUG19-6000-P,9449.58,93.64,0.005,0.1,0.0065,24.0,99.08,2.68169,-3.97665,-0.43333,3e-05,-0.0449
9448.73,SYN.BTC-2AUG19,1564311543887,open,0.01,283.7,0.0005,0.0455,0.00535473,110.77,0.007,0.0,BTC-2AUG19-8000-P,9449.58,102.82,0.004,0.1,0.0065,30.0,116.8,1.71831,-19.51869,-0.11565,0.00013,-0.08627
9443.86,SYN.BTC-30AUG19,1564311543887,open,0.02,112.4,0.0005,0.058,0.01831694,103.54,0.0195,0.0,BTC-30AUG19-14000-C,9449.58,99.84,0.016,24.0,0.0195,24.0,105.34,6.09559,-9.59847,0.97677,7e-05,0.13315
9448.73,SYN.BTC-2AUG19,1564311543893,open,0.27,0.0,0.2215,0.323,0.27228122,116.2,None,0.0,BTC-2AUG19-12000-P,9449.58,0.0,0.0,0.0,0.0,0.0,0.0,1.00524,-11.97897,-1.55106,7e-05,-0.95661
9438.98,BTC-27SEP19,1564311543902,open,0.02,670.8,0.0005,0.0605,0.02000176,97.6,0.0175,0.0,BTC-27SEP19-6000-P,9449.58,92.96,0.017,1.5,0.02,24.0,97.59,6.29924,-5.04948,-1.74374,4e-05,-0.09076
9448.73,SYN.BTC-2AUG19,1564311543902,open,0.0,480.1,0.0005,0.0415,0.00160863,110.77,0.0025,0.0,BTC-2AUG19-7500-P,9449.58,91.99,0.0005,50.6,0.0025,0.8,120.46,0.7608,-8.64206,-0.04099,6e-05,-0.03087
9438.98,BTC-27SEP19,1564311543925,open,0.06,211.1,0.021,0.1005,0.06059356,101.47,0.0635,0.0,BTC-27SEP19-13000-C,9449.58,99.6,0.058,19.3,0.064,19.3,103.91,13.10802,-10.9249,3.54787,9e-05,0.28596
9447.51,SYN.BTC-9AUG19,1564311543936,open,0.01,141.6,0.0005,0.049,0.00906638,104.96,0.011,0.0,BTC-9AUG19-7500-P,9449.58,95.9,0.0065,30.0,0.0105,31.0,109.54,2.86733,-12.67078,-0.31811,9e-05,-0.09442
9549.52,BTC-27DEC19,1564311543939,open,3.18,0.0,3.031,3.3665,3.19865553,108.08,2.58,0.0,BTC-27DEC19-40000-P,9449.58,0.0,0.0005,3.0,0.0,0.0,0.0,5.7346,-2.04045,-165.08646,1e-05,-0.956
9438.98,BTC-27SEP19,1564311543939,open,0.0,313.2,0.0005,0.043,0.0033342,97.6,0.003,0.0,BTC-27SEP19-4500-P,9449.58,85.91,0.0015,2.0,0.004,24.0,100.81,1.85076,-1.48357,-0.36423,1e-05,-0.0198
9549.52,BTC-27DEC19,1564311543939,open,0.03,93.8,0.0005,0.067,0.02737905,105.68,0.028,0.0,BTC-27DEC19-28000-C,9449.58,103.65,0.025,10.0,0.0295,6.0,107.42,11.43268,-3.97766,3.20428,3e-05,0.10802
9438.98,BTC-27SEP19,1564311543939,open,0.01,396.3,0.0005,0.0525,0.01213671,97.6,0.0105,0.0,BTC-27SEP19-5500-P,9449.58,90.7,0.009,24.0,0.0125,24.0,98.34,4.59481,-3.6832,-1.13637,3e-05,-0.06005
9549.52,BTC-27DEC19,1564311543939,open,0.15,178.5,0.1095,0.189,0.14943007,99.76,0.137,0.0,BTC-27DEC19-13000-C,9449.58,98.02,0.145,3.6,0.1545,3.6,101.76,24.27165,-7.9718,11.44282,6e-05,0.43741
9549.52,BTC-27DEC19,1564311543939,open,0.01,222.5,0.0005,0.045,0.005407,108.64,0.0045,0.0,BTC-27DEC19-48000-C,9449.58,102.89,0.0035,8.0,0.007,0.2,112.46,3.64469,-1.30359,0.7932,1e-05,0.02537
9438.98,BTC-27SEP19,1564311543943,open,0.69,225.7,0.6445,0.724,0.68414515,134.1,0.693,0.0,BTC-27SEP19-3000-C,9449.58,0.0,0.005,20.0,0.8835,5.0,500.0,0.93426,-1.02901,4.83116,0.0,0.99103
9448.73,SYN.BTC-2AUG19,1564311543956,open,0.26,0.0,0.22,0.2995,0.25967308,116.23,None,0.0,BTC-2AUG19-7000-C,9449.58,0.0,0.01,10.0,0.0,0.0,0.0,0.30925,-3.68607,0.92089,2e-05,0.98928
9443.86,SYN.BTC-30AUG19,1564311543971,open,0.15,152.2,0.107,0.1985,0.152622,98.47,0.1535,0.0,BTC-30AUG19-10000-P,9449.58,95.45,0.149,3.0,0.156,1.7,101.3,11.2952,-16.91664,-5.7068,0.00014,-0.51828
9443.86,SYN.BTC-30AUG19,1564311543971,open,0.2,21.0,0.1605,0.24,0.200285,97.24,0.2375,0.0,BTC-30AUG19-8000-C,9449.58,0.0,0.0,0.0,0.0,0.0,0.0,8.75994,-12.9548,4.78256,0.00011,0.76253
9447.51,SYN.BTC-9AUG19,1564311543990,open,0.08,49.6,0.0335,0.1195,0.07647641,102.23,0.076,0.0,BTC-9AUG19-9500-P,9449.58,98.78,0.074,0.2,0.0795,0.2,106.44,6.78534,-29.20541,-1.69583,0.00023,-0.47522
9549.52,BTC-27DEC19,1564311544001,open,0.2,624.4,0.1575,0.237,0.19745751,98.04,0.235,0.0,BTC-27DEC19-11000-C,9449.58,96.49,0.1935,8.6,0.2035,3.6,100.39,24.46966,-7.89753,13.4872,7e-05,0.53688
9448.73,SYN.BTC-2AUG19,1564311544003,open,0.37,0.0,0.322,0.4315,0.37685975,129.07,None,0.0,BTC-2AUG19-13000-P,9449.58,0.0,0.01,10.0,0.0,0.0,0.0,0.51738,-6.84803,-1.71322,3e-05,-0.98051
9438.98,BTC-27SEP19,1564311544011,open,0.24,901.9,0.1945,0.274,0.23433546,97.6,0.2995,0.0,BTC-27SEP19-8000-C,9449.58,86.88,0.22,2.0,0.3165,5.0,157.41,12.73418,-10.20767,7.8107,9e-05,0.73049
9438.98,BTC-27SEP19,1564311544011,open,0.0,137.4,0.0005,0.0425,0.00298148,109.69,0.0035,0.0,BTC-27SEP19-26000-C,9449.58,100.68,0.0015,24.0,0.0045,24.1,116.13,1.92828,-1.73733,0.28026,1e-05,0.02078
9549.52,BTC-27DEC19,1564311544011,open,0.13,216.1,0.091,0.1705,0.1305525,100.39,0.141,0.0,BTC-27DEC19-14000-C,9449.58,98.76,0.1265,4.9,0.1355,4.9,102.38,23.71458,-7.83802,10.4982,6e-05,0.39476
9549.52,BTC-27DEC19,1564311544011,open,0.01,98.9,0.0005,0.046,0.00578497,136.96,0.001,0.0,BTC-27DEC19-2000-P,9449.58,95.88,0.0005,3.0,0.011,10.0,156.39,2.13151,-0.96109,-0.76662,0.0,-0.01351
9549.52,BTC-27DEC19,1564311544022,open,0.01,845.3,0.0005,0.0445,0.00478417,111.06,0.004,0.0,BTC-27DEC19-52000-C,9449.58,106.91,0.0035,63.7,0.006,6.0,114.34,3.2772,-1.19828,0.69823,1e-05,0.02236
9438.98,BTC-27SEP19,1564311544022,open,0.55,9.2,0.5125,0.592,0.55205042,98.19,0.574,0.0,BTC-27SEP19-4250-C,9449.58,0.0,0.005,10.1,0.6645,5.0,299.62,1.3968,-1.1265,6.82755,1e-05,0.98575
9549.52,BTC-27DEC19,1564311544022,open,0.23,461.5,0.1885,0.268,0.22816489,96.88,0.235,0.0,BTC-27DEC19-10000-C,9449.58,95.61,0.225,3.6,0.235,3.6,99.61,23.88457,-7.6176,14.54962,6e-05,0.59433
9448.73,SYN.BTC-2AUG19,1564311544024,open,0.03,754.1,0.0005,0.0685,0.027524,105.71,0.027,0.0,BTC-2AUG19-9000-P,9449.58,103.23,0.0265,1.2,0.028,0.2,106.85,3.92048,-42.49875,-0.44241,0.00031,-0.323
9549.52,BTC-27DEC19,1564311544031,open,0.35,222.0,0.2955,0.403,0.34934666,98.03,0.36,0.0,BTC-27DEC19-11000-P,9449.58,95.56,0.343,8.6,0.354,3.6,99.85,24.46967,-7.8975,-32.28355,7e-05,-0.46312
9443.86,SYN.BTC-30AUG19,1564311544031,open,0.23,20.5,0.178,0.2755,0.22676959,99.2,0.215,0.0,BTC-30AUG19-11000-P,9449.58,87.63,0.214,5.0,0.2395,1.7,110.43,10.5844,-15.96953,-7.38871,0.00013,-0.64187
9549.52,BTC-27DEC19,1564311544033,open,0.77,7.1,0.7055,0.847,0.77625773,101.5,0.491,0.0,BTC-27DEC19-16000-P,9449.58,0.0,0.005,5.0,1.539,0.2,500.0,22.09821,-7.38404,-57.76841,6e-05,-0.67757
9438.98,BTC-27SEP19,1564311544033,open,0.0,492.7,0.0005,0.04,0.00036036,145.0,0.0005,0.0,BTC-27SEP19-2000-P,9449.58,0.0,0.0,0.0,0.001,11.1,163.45,0.21873,-0.2605,-0.03354,0.0,-0.00177
9549.52,BTC-27DEC19,1564311544033,open,0.64,4.0,0.602,0.6815,0.64184852,96.88,0.64,0.0,BTC-27DEC19-3500-C,9449.58,0.0,0.0075,0.2,0.78,1.0,264.2,3.90058,-1.24404,13.13796,1e-05,0.97249
9443.86,SYN.BTC-30AUG19,1564311544035,open,0.91,0.0,0.834,0.9865,0.91012073,109.12,None,0.0,BTC-30AUG19-18000-P,9449.58,0.0,0.0,0.0,0.0,0.0,0.0,2.21415,-3.67449,-15.946,3e-05,-0.96453
9448.73,SYN.BTC-2AUG19,1564311544035,open,0.16,2.0,0.119,0.1985,0.15868009,110.77,0.185,0.0,BTC-2AUG19-8000-C,9449.58,0.0,0.01,10.0,0.0,0.0,0.0,1.7183,-19.51841,0.953,0.00013,0.91373
9448.73,SYN.BTC-2AUG19,1564311544035,open,0.31,0.0,0.2725,0.352,0.31232633,129.54,None,0.0,BTC-2AUG19-6500-C,9449.58,0.0,0.01,10.0,0.0,0.0,0.0,0.15889,-2.11069,0.8616,1e-05,0.99497
9438.98,BTC-27SEP19,1564311544052,open,0.13,218.1,0.087,0.177,0.13212002,97.6,0.136,0.0,BTC-27SEP19-9000-P,9449.58,94.61,0.1275,19.3,0.1355,19.3,99.78,14.61656,-11.71667,-7.9826,0.0001,-0.37495
9549.52,BTC-27DEC19,1564311544052,open,0.85,0.1,0.8055,0.885,0.84506445,137.12,0.84,0.0,BTC-27DEC19-1500-C,9449.58,0.0,0.0205,10.0,0.981,0.5,500.0,0.98871,-0.44633,5.933,0.0,0.99438
9549.52,BTC-27DEC19,1564311544054,open,1.35,3.9,1.26,1.448,1.35397688,104.0,0.752,0.0,BTC-27DEC19-22000-P,9449.58,0.0,0.0065,2.0,2.1455,0.3,500.0,16.26378,-5.56839,-86.31299,4e-05,-0.81822
9438.98,BTC-27SEP19,1564311544060,open,0.04,392.1,0.0005,0.076,0.03608306,103.28,0.038,0.0,BTC-27SEP19-15000-C,9449.58,101.82,0.0345,0.5,0.038,19.3,105.0,10.37362,-8.79946,2.38283,7e-05,0.18744
9549.52,BTC-27DEC19,1564311544060,open,0.21,301.4,0.1625,0.2585,0.2105098,96.88,0.213,0.0,BTC-27DEC19-9000-P,9449.58,94.13,0.204,4.9,0.208,0.1,95.82,22.61868,-7.21384,-21.95004,6e-05,-0.3419
9438.98,BTC-27SEP19,1564311544060,open,0.01,443.0,0.0005,0.0465,0.00686765,107.76,0.0055,0.0,BTC-27SEP19-22000-C,9449.58,103.94,0.0055,24.0,0.0085,24.0,111.76,3.60832,-3.19366,0.58936,2e-05,0.04431
9438.98,BTC-27SEP19,1564311544066,open,1.75,0.0,1.6475,1.8675,1.75751931,109.71,None,0.0,BTC-27SEP19-26000-P,9449.58,0.0,0.0,0.0,0.0,0.0,0.0,1.92955,-1.7387,-43.08303,1e-05,-0.9792
9438.98,BTC-27SEP19,1564311544066,open,1.12,0.0,1.0445,1.2145,1.12954343,106.52,None,0.0,BTC-27SEP19-20000-P,9449.58,0.0,0.005,10.0,1.6875,0.2,500.0,4.92818,-4.31155,-32.4903,3e-05,-0.9343
9549.52,BTC-27DEC19,1564311544072,open,0.15,248.1,0.107,0.199,0.15294119,96.88,0.1435,0.0,BTC-27DEC19-8000-P,9449.58,93.19,0.145,9.9,0.153,4.9,96.9,20.57849,-6.56316,-17.03073,6e-05,-0.27566
9549.52,BTC-27DEC19,1564311544072,open,0.03,154.0,0.0005,0.073,0.03323576,105.19,0.0305,0.0,BTC-27DEC19-26000-C,9449.58,103.5,0.031,4.0,0.0355,6.0,106.84,12.87752,-4.4595,3.75739,3e-05,0.1278
9438.98,BTC-27SEP19,1564311544074,open,0.74,55.9,0.696,0.7755,0.73583216,134.19,0.689,0.0,BTC-27SEP19-2500-C,9449.58,0.0,0.005,10.0,0.8965,5.0,500.0,0.4036,-0.44484,4.10382,0.0,0.99651
9549.52,BTC-27DEC19,1564311544078,open,3.6,0.0,3.4305,3.7995,3.61496404,108.63,3.46,0.0,BTC-27DEC19-44000-P,9449.58,0.0,0.0,0.0,0.0,0.0,0.0,4.60759,-1.64783,-182.04037,1e-05,-0.96636
9448.73,SYN.BTC-2AUG19,1564311544078,open,0.48,0.0,0.423,0.541,0.48214899,139.32,None,0.0,BTC-2AUG19-14000-P,9449.58,0.0,0.01,10.0,0.0,0.0,0.0,0.26819,-3.83166,-1.85923,2e-05,-0.99089
207.9,SYN.ETH-9AUG19,1564311544097,open,0.05,2.0,0.011,0.09,0.050331,102.67,0.056,0.0,ETH-9AUG19-220-C,208.03,59.63,0.021,30.0,0.052,150.0,105.04,0.14626,-0.63222,0.02472,0.01013,0.41574
9438.98,BTC-27SEP19,1564311544112,open,0.48,790.2,0.4375,0.517,0.4770167,97.59,0.498,0.0,BTC-27SEP19-5000-C,9449.58,0.0,0.051,1.0,0.6255,5.0,299.44,3.07897,-2.46806,7.65938,2e-05,0.96356
9438.98,BTC-27SEP19,1564311544130,open,0.0,617.1,0.0005,0.042,0.00197643,134.1,0.0005,0.0,BTC-27SEP19-3000-P,9449.58,0.0,0.0,0.0,0.001,10.0,121.98,0.93436,-1.02915,-0.17235,0.0,-0.00897
9549.52,BTC-27DEC19,1564311544130,open,0.01,189.7,0.0005,0.047,0.00740743,108.64,0.0055,0.0,BTC-27DEC19-44000-C,9449.58,104.3,0.0055,6.0,0.009,6.0,111.73,4.60955,-1.64869,1.04316,1e-05,0.03366
9549.52,BTC-27DEC19,1564311544130,open,0.1,240.9,0.06,0.1475,0.10372067,96.88,0.101,0.0,BTC-27DEC19-7000-P,9449.58,92.43,0.0955,4.9,0.1015,4.9,95.68,17.70965,-5.64819,-12.43108,5e-05,-0.20913
9549.52,BTC-27DEC19,1564311544130,open,0.04,264.9,0.001,0.0805,0.04063262,104.61,0.041,0.0,BTC-27DEC19-24000-C,9449.58,102.85,0.038,10.0,0.043,6.0,106.15,14.4839,-4.98821,4.42158,4e-05,0.15191
9438.98,BTC-27SEP19,1564311544130,open,0.0,49.2,0.0005,0.043,0.00302436,133.9,0.002,0.0,BTC-27SEP19-3250-P,9449.58,0.0,0.0,0.0,0.006,0.4,151.26,1.29916,-1.4288,-0.25387,1e-05,-0.0131
9438.98,BTC-27SEP19,1564311544130,open,0.35,73.0,0.297,0.4045,0.35059953,100.62,0.332,0.0,BTC-27SEP19-12000-P,9449.58,83.89,0.326,5.0,0.475,1.0,178.33,14.31394,-11.8292,-15.71372,0.0001,-0.64757
9448.73,SYN.BTC-2AUG19,1564311544130,open,0.0,242.2,0.0005,0.042,0.00226922,116.2,0.0025,0.0,BTC-2AUG19-12000-C,9449.58,101.3,0.001,30.6,0.003,0.1,122.53,1.00519,-11.97823,0.0519,7e-05,0.04339
9549.52,BTC-27DEC19,1564311544132,open,4.43,1.0,4.2325,4.668,4.45007834,111.05,4.454,0.0,BTC-27DEC19-52000-P,9449.58,0.0,0.001,1.0,6.0,1.0,500.0,3.27453,-1.19712,-215.67326,1e-05,-0.97767
9549.52,BTC-27DEC19,1564311544132,open,1.54,0.0,1.452,1.6555,1.55384531,104.61,None,0.0,BTC-27DEC19-24000-P,9449.58,0.0,0.0065,1.0,2.349,0.2,500.0,14.48348,-4.98798,-95.44205,4e-05,-0.8481
9443.86,SYN.BTC-30AUG19,1564311544132,open,0.03,80.0,0.0005,0.067,0.02735359,102.07,0.0315,0.0,BTC-30AUG19-13000-C,9449.58,98.46,0.0245,24.3,0.0285,19.3,103.49,7.60901,-11.8125,1.35558,9e-05,0.18672
9549.52,BTC-27DEC19,1564311544134,open,0.74,0.0,0.7,0.7795,0.73998664,97.06,None,0.0,BTC-27DEC19-2500-C,9449.58,0.0,0.0155,3.0,0.975,0.5,500.0,1.21113,-0.387,10.05075,0.0,0.99293
9438.98,BTC-27SEP19,1564311544134,open,0.53,289.7,0.487,0.5665,0.52658727,97.59,0.588,0.0,BTC-27SEP19-4500-C,9449.58,0.0,0.002,1.1,0.651,5.0,299.51,1.8506,-1.4834,7.14103,1e-05,0.9802
9549.52,BTC-27DEC19,1564311544134,open,0.4,63.0,0.362,0.4415,0.40190528,96.88,0.4965,0.0,BTC-27DEC19-6500-C,9449.58,66.79,0.355,1.0,0.957,2.0,500.0,15.97597,-5.09529,16.74458,4e-05,0.82331
9438.98,BTC-27SEP19,1564311544134,open,0.63,261.1,0.5925,0.672,0.63227313,125.58,0.714,0.0,BTC-27SEP19-3500-C,9449.58,0.0,0.161,1.0,0.708,10.0,299.74,1.39528,-1.43918,5.56492,1e-05,0.98577
9443.86,SYN.BTC-30AUG19,1564311544136,open,0.8,0.0,0.734,0.878,0.80597002,107.74,None,0.0,BTC-30AUG19-17000-P,9449.58,0.0,0.0,0.0,0.0,0.0,0.0,2.86789,-4.69915,-14.94653,3e-05,-0.95118
9549.52,BTC-27DEC19,1564311544159,open,0.05,99.3,0.006,0.0895,0.04770197,96.88,0.0425,0.0,BTC-27DEC19-5500-P,9449.58,90.2,0.0395,6.0,0.044,6.0,93.91,12.02829,-3.83622,-6.50359,3e-05,-0.11597
9448.73,SYN.BTC-2AUG19,1564311544159,open,0.0,147.2,0.0005,0.04,0.00046842,139.31,0.0005,0.0,BTC-2AUG19-14000-C,9449.58,0.0,0.0,0.0,0.001,3.1,153.41,0.26814,-3.83081,0.0109,2e-05,0.0091
9443.86,SYN.BTC-30AUG19,1564311544159,open,0.05,135.2,0.006,0.089,0.04739714,97.24,0.051,0.0,BTC-30AUG19-8000-P,9449.58,93.55,0.044,5.5,0.0485,19.3,98.43,8.75995,-12.9549,-2.42308,0.00011,-0.23747
9448.73,SYN.BTC-2AUG19,1564311544159,open,0.01,205.7,0.0005,0.054,0.01408566,106.54,0.013,0.0,BTC-2AUG19-10500-C,9449.58,101.74,0.0125,24.0,0.014,0.1,106.28,3.17574,-34.69581,0.25138,0.00025,0.21325
9448.73,SYN.BTC-2AUG19,1564311544159,open,0.32,0.0,0.2715,0.3765,0.32398592,116.43,None,0.0,BTC-2AUG19-12500-P,9449.58,0.0,0.01,10.0,0.0,0.0,0.0,0.57517,-6.8674,-1.64321,4e-05,-0.97791
9448.73,SYN.BTC-2AUG19,1564311544179,open,0.12,28.6,0.073,0.1525,0.112783,105.74,0.1185,0.0,BTC-2AUG19-8500-C,9449.58,94.3,0.1095,6.0,0.116,6.0,116.11,2.83519,-30.74376,0.89644,0.00022,0.82302
9447.51,SYN.BTC-9AUG19,1564311544192,open,0.01,196.7,0.0005,0.0505,0.01083292,105.96,0.0115,0.0,BTC-9AUG19-12000-C,9449.58,99.3,0.0085,30.0,0.013,30.0,111.6,3.48624,-15.55253,0.34753,0.00011,0.12389
9443.86,SYN.BTC-30AUG19,1564311544194,open,0.02,203.7,0.0005,0.0605,0.01977662,97.24,0.0175,0.0,BTC-30AUG19-7000-P,9449.58,93.38,0.0175,0.1,0.02,24.0,97.61,5.68929,-8.41375,-1.19397,7e-05,-0.12059
9447.51,SYN.BTC-9AUG19,1564311544311,open,0.17,0.0,0.1315,0.211,0.17136467,104.96,None,0.0,BTC-9AUG19-8000-C,9449.58,0.0,0.0,0.0,0.0,0.0,0.0,4.23429,-18.7113,2.03916,0.00014,0.83475
9447.51,SYN.BTC-9AUG19,1564311544343,open,0.05,24.9,0.0105,0.09,0.05033884,102.82,0.05,0.0,BTC-9AUG19-10000-C,9449.58,95.92,0.0455,18.0,0.054,18.0,108.02,6.645,-28.76754,1.12213,0.00022,0.41539
9438.98,BTC-27SEP19,1564311545004,open,0.0,756.0,0.0005,0.0415,0.00150673,117.51,0.001,0.0,BTC-27SEP19-32000-C,9449.58,104.95,0.0005,18.0,0.0025,24.0,124.68,1.08154,-1.04385,0.14326,1e-05,0.01061
9447.51,SYN.BTC-9AUG19,1564311545012,open,0.13,0.0,0.093,0.1725,0.13261475,104.96,None,0.0,BTC-9AUG19-8500-C,9449.58,91.57,0.125,6.0,0.135,6.0,109.04,5.49346,-24.27561,1.87651,0.00018,0.74309
207.91,SYN.ETH-9AUG19,1564311546288,open,0.01,2.0,0.001,0.052,0.01176,102.67,0.017,0.0,ETH-9AUG19-170-P,208.03,91.42,0.008,250.0,0.013,250.0,106.06,0.07462,-0.32259,-0.00885,0.00517,-0.11911
207.91,SYN.ETH-9AUG19,1564311546466,open,0.02,204.0,0.001,0.062,0.021468,102.67,0.016,0.0,ETH-9AUG19-180-P,208.03,95.47,0.018,200.0,0.023,200.0,105.76,0.1024,-0.44265,-0.01444,0.00709,-0.19193
9448.73,SYN.BTC-2AUG19,1564311546530,open,0.05,233.4,0.009,0.0925,0.05053144,103.38,0.05,0.0,BTC-2AUG19-9500-P,9449.58,101.15,0.0495,1.2,0.0515,0.1,105.48,4.35622,-46.18427,-0.68758,0.00035,-0.49423
9438.98,BTC-27SEP19,1564311546551,open,0.0,1660.1,0.0005,0.04,5.938e-05,145.0,0.0005,0.0,BTC-27SEP19-1500-P,9449.58,0.0,0.0,0.0,0.001,77.1,193.56,0.04713,-0.05613,-0.00619,0.0,-0.00033
207.91,SYN.ETH-9AUG19,1564311546565,open,0.12,200.0,0.082,0.161,0.121811,102.66,0.109,0.0,ETH-9AUG19-190-C,208.03,89.61,0.114,50.0,0.122,50.0,102.97,0.12653,-0.54688,0.04037,0.00876,0.71868
9438.98,BTC-27SEP19,1564311546587,open,0.92,1.0,0.8475,1.0005,0.92398326,105.19,1.5815,0.0,BTC-27SEP19-18000-P,9449.58,0.0,0.005,0.8,1.4935,0.3,499.79,6.71099,-5.79835,-28.73142,4e-05,-0.90109
207.91,SYN.ETH-9AUG19,1564311546648,open,0.03,104.0,0.001,0.077,0.035698,102.67,0.028,0.0,ETH-9AUG19-190-P,208.03,94.88,0.031,200.0,0.038,200.0,106.44,0.12653,-0.54697,-0.02145,0.00876,-0.28134
9438.98,BTC-27SEP19,1564311546655,open,0.19,264.9,0.147,0.242,0.19456512,97.91,0.2,0.0,BTC-27SEP19-10000-P,9449.58,95.72,0.191,3.0,0.1955,0.1,98.48,15.35469,-12.34792,-10.58567,0.00011,-0.47786
9448.73,SYN.BTC-2AUG19,1564311546655,open,0.12,29.7,0.0805,0.17,0.12534554,106.54,0.1255,0.0,BTC-2AUG19-10500-P,9449.58,0.0,0.074,0.1,0.0,0.0,0.0,3.17571,-34.69507,-1.15122,0.00025,-0.78675
9438.98,BTC-27SEP19,1564311546658,open,2.17,0.0,2.0535,2.3075,2.18030763,116.11,None,0.0,BTC-27SEP19-30000-P,9449.58,0.0,0.0,0.0,0.0,0.0,0.0,1.36254,-1.29935,-49.84831,1e-05,-0.98615
9443.86,SYN.BTC-30AUG19,1564311546668,open,0.28,0.0,0.239,0.3185,0.27855343,97.24,None,0.0,BTC-30AUG19-7000-C,9449.58,0.0,0.0,0.0,0.0,0.0,0.0,5.68924,-8.4136,5.11097,7e-05,0.87941
9448.73,SYN.BTC-2AUG19,1564311546683,open,0.0,391.2,0.0005,0.04,0.00034884,145.0,0.002,0.0,BTC-2AUG19-14500-C,9449.58,0.0,0.0,0.0,0.001,0.1,164.8,0.20537,-3.05371,0.00805,1e-05,0.00672
9549.52,BTC-27DEC19,1564311546687,open,0.03,251.8,0.0005,0.075,0.03411495,96.88,0.0305,0.0,BTC-27DEC19-5000-P,9449.58,89.22,0.0265,6.0,0.031,6.0,93.83,9.90771,-3.1599,-4.88592,3e-05,-0.08885
207.39,ETH-27SEP19,1564311546690,open,0.14,1100.0,0.095,0.174,0.134053,97.56,0.143,0.0,ETH-27SEP19-220-C,208.03,93.84,0.128,120.0,0.138,110.0,99.98,0.33745,-0.27039,0.13362,0.00482,0.52036
207.39,ETH-27SEP19,1564311546690,open,0.0,739.0,0.001,0.041,0.001048,132.32,0.001,0.0,ETH-27SEP19-60-P,208.03,0.0,0.0,0.0,0.002,250.0,144.78,0.01258,-0.01367,-0.00214,0.00013,-0.00515
208.79,ETH-27DEC19,1564311546690,open,0.2,560.0,0.159,0.238,0.198485,98.16,0.208,0.0,ETH-27DEC19-240-C,208.03,11.64,0.001,1.0,0.205,120.0,100.7,0.5348,-0.17282,0.29537,0.003,0.53847
207.68,SYN.ETH-30AUG19,1564311546690,open,0.01,278.0,0.001,0.051,0.01118,97.62,0.01,0.0,ETH-30AUG19-320-C,208.03,88.16,0.007,200.0,0.012,200.0,99.25,0.10281,-0.15264,0.0151,0.00271,0.09192
207.39,ETH-27SEP19,1564311546692,open,0.08,1704.0,0.042,0.121,0.081686,99.66,0.087,0.0,ETH-27SEP19-260-C,208.03,94.6,0.074,160.0,0.082,110.0,99.86,0.31759,-0.25996,0.0971,0.00444,0.36242
208.79,ETH-27DEC19,1564311546692,open,0.02,1370.0,0.001,0.055,0.015795,108.03,0.012,0.0,ETH-27DEC19-760-C,208.03,96.67,0.008,50.0,0.016,50.0,108.28,0.17299,-0.06153,0.0437,0.00088,0.06609
9438.98,BTC-27SEP19,1564311546694,open,0.3,752.2,0.263,0.3425,0.3029009,97.6,0.326,0.0,BTC-27SEP19-7000-C,9449.58,0.0,0.12,1.0,0.4025,5.0,183.54,9.79988,-7.85557,8.27851,7e-05,0.82877
9438.98,BTC-27SEP19,1564311546694,open,0.04,368.7,0.003,0.086,0.04450646,97.6,0.042,0.0,BTC-27SEP19-7000-P,9449.58,93.2,0.04,19.3,0.0445,19.3,97.59,9.79988,-7.85557,-3.39628,7e-05,-0.17123
207.39,ETH-27SEP19,1564311546694,open,0.0,5703.0,0.001,0.041,0.001964,108.1,0.002,0.0,ETH-27SEP19-600-C,208.03,100.05,0.001,203.0,0.003,40.0,114.04,0.03101,-0.02753,0.00431,0.0004,0.01442
9549.52,BTC-27DEC19,1564311546694,open,0.44,122.9,0.396,0.4755,0.43556324,96.88,0.502,0.0,BTC-27DEC19-6000-C,9449.58,69.63,0.399,4.0,0.88,0.2,443.41,14.06951,-4.48723,16.64845,4e-05,0.85455
207.98,SYN.ETH-2AUG19,1564311546696,open,0.0,522.0,0.001,0.042,0.00245,126.37,0.001,0.0,ETH-2AUG19-270-C,208.03,0.0,0.0,0.0,0.002,258.0,121.88,0.02208,-0.28612,0.00113,0.00302,0.04328
207.98,SYN.ETH-2AUG19,1564311546701,open,0.01,2049.0,0.001,0.052,0.012263,98.18,0.017,0.0,ETH-2AUG19-230-C,208.03,87.72,0.009,200.0,0.015,200.0,106.31,0.06794,-0.68411,0.00531,0.01198,0.20322
207.68,SYN.ETH-30AUG19,1564311546701,open,0.09,228.0,0.051,0.137,0.093805,95.07,0.094,0.0,ETH-30AUG19-200-P,208.03,90.9,0.089,160.0,0.099,280.0,99.57,0.23945,-0.34621,-0.09083,0.00648,-0.39174
207.39,ETH-27SEP19,1564311546703,open,0.49,769.0,0.435,0.554,0.494535,99.71,0.391,0.0,ETH-27SEP19-300-P,208.03,0.0,0.048,1.0,0.53,110.0,125.46,0.26392,-0.21615,-0.43357,0.00369,-0.75896
207.68,SYN.ETH-30AUG19,1564311546703,open,0.0,1420.0,0.001,0.042,0.002934,104.86,0.004,0.0,ETH-30AUG19-400-C,208.03,99.25,0.002,50.0,0.004,200.0,109.99,0.03896,-0.06214,0.00452,0.00096,0.02709
207.39,ETH-27SEP19,1564311546709,open,0.57,497.0,0.517,0.642,0.579681,99.73,0.51,0.0,ETH-27SEP19-320-P,208.03,0.0,0.0,0.0,0.622,110.0,132.61,0.23318,-0.191,-0.47911,0.00326,-0.80546
207.39,ETH-27SEP19,1564311546712,open,0.26,2475.0,0.213,0.314,0.263508,99.69,0.28,0.0,ETH-27SEP19-240-P,208.03,95.02,0.256,120.0,0.268,110.0,102.48,0.33385,-0.27336,-0.28541,0.00467,-0.56164
207.39,ETH-27SEP19,1564311546714,open,1.69,24.0,1.595,1.811,1.703017,107.01,1.356,0.0,ETH-27SEP19-560-P,208.03,0.0,0.0,0.0,0.0,0.0,0.0,0.04094,-0.03598,-0.92804,0.00053,-0.98004
207.39,ETH-27SEP19,1564311546730,open,0.18,1287.0,0.134,0.213,0.173456,97.51,0.2,0.0,ETH-27SEP19-200-C,208.03,93.38,0.167,120.0,0.179,120.0,101.06,0.32395,-0.25944,0.15244,0.00463,0.61418
207.39,ETH-27SEP19,1564311546730,open,0.14,3316.0,0.093,0.183,0.13787,97.54,0.138,0.0,ETH-27SEP19-200-P,208.03,94.42,0.133,160.0,0.143,140.0,100.82,0.32395,-0.25952,-0.18114,0.00463,-0.38581
208.79,ETH-27DEC19,1564311546730,open,0.02,1072.0,0.001,0.06,0.020627,102.51,0.02,0.0,ETH-27DEC19-640-C,208.03,97.64,0.016,50.0,0.025,50.0,106.6,0.21216,-0.0716,0.05714,0.00114,0.0864
207.39,ETH-27SEP19,1564311546730,open,0.01,4476.0,0.001,0.045,0.005008,101.75,0.007,0.0,ETH-27SEP19-480-C,208.03,94.33,0.003,100.0,0.007,340.0,107.42,0.06547,-0.05471,0.01038,0.0009,0.03501
208.79,ETH-27DEC19,1564311546730,open,2.45,0.0,2.329,2.605,2.467158,108.03,None,0.0,ETH-27DEC19-720-P,208.03,0.0,0.003,5.0,0.0,0.0,0.0,0.19384,-0.06894,-2.94557,0.00099,-0.92335
207.98,SYN.ETH-2AUG19,1564311546730,open,0.08,330.0,0.038,0.124,0.080865,97.76,0.081,0.0,ETH-2AUG19-220-P,208.03,90.85,0.078,150.0,0.087,150.0,112.2,0.08702,-0.8724,-0.02087,0.0154,-0.67033
207.98,SYN.ETH-2AUG19,1564311546730,open,0.0,254.0,0.001,0.041,0.001006,138.02,0.003,0.0,ETH-2AUG19-150-P,208.03,0.0,0.0,0.0,0.002,4.0,154.5,0.00996,-0.14092,-0.00049,0.00125,-0.01665
207.98,SYN.ETH-2AUG19,1564311546730,open,0.04,243.0,0.001,0.08,0.040565,97.73,0.035,0.0,ETH-2AUG19-210-C,208.03,85.66,0.035,151.0,0.044,150.0,105.19,0.09586,-0.96071,0.01244,0.01697,0.48837
207.68,SYN.ETH-30AUG19,1564311546730,open,0.02,479.0,0.001,0.057,0.017489,97.62,0.018,0.0,ETH-30AUG19-300-C,208.03,90.24,0.013,200.0,0.022,120.0,104.25,0.13448,-0.19966,0.02175,0.00355,0.13376
207.98,SYN.ETH-2AUG19,1564311546730,open,0.0,940.0,0.001,0.042,0.002038,103.43,0.004,0.0,ETH-2AUG19-170-P,208.03,90.94,0.001,16.0,0.003,250.0,112.01,0.02086,-0.22128,-0.00118,0.00349,-0.04035
207.98,SYN.ETH-2AUG19,1564311546730,open,0.05,287.0,0.009,0.092,0.050287,97.74,0.051,0.0,ETH-2AUG19-210-P,208.03,90.61,0.047,150.0,0.056,150.0,110.13,0.09586,-0.96079,-0.01561,0.01697,-0.51162
207.39,ETH-27SEP19,1564311546741,open,0.93,79.0,0.864,1.019,0.941631,100.28,0.351,0.0,ETH-27SEP19-400-P,208.03,0.0,0.0,0.0,0.0,0.0,0.0,0.12697,-0.10458,-0.64361,0.00177,-0.91911
208.79,ETH-27DEC19,1564311546741,open,0.98,16.0,0.908,1.066,0.987293,100.29,1.195,0.0,ETH-27DEC19-400-P,208.03,0.0,0.001,8.0,1.49,1.0,310.74,0.42597,-0.14064,-1.51123,0.00234,-0.75221
207.39,ETH-27SEP19,1564311546741,open,0.0,7915.0,0.001,0.04,0.000982,118.15,0.001,0.0,ETH-27SEP19-760-C,208.03,0.0,0.0,0.0,0.002,100.0,127.67,0.01678,-0.01629,0.00213,0.0002,0.00713
207.68,SYN.ETH-30AUG19,1564311546741,open,0.29,0.0,0.24,0.342,0.290915,95.08,0.218,0.0,ETH-30AUG19-260-P,208.03,0.0,0.0,0.0,0.32,120.0,123.03,0.20201,-0.29214,-0.19292,0.00547,-0.7404
207.39,ETH-27SEP19,1564311546743,open,0.75,233.0,0.688,0.828,0.757721,100.23,0.763,0.0,ETH-27SEP19-360-P,208.03,0.0,0.0,0.0,0.0,0.0,0.0,0.17589,-0.1448,-0.56419,0.00245,-0.87341
207.39,ETH-27SEP19,1564311546743,open,1.5,12.0,1.411,1.611,1.511408,105.91,1.193,0.0,ETH-27SEP19-520-P,208.03,0.0,0.0,0.0,0.0,0.0,0.0,0.05463,-0.04752,-0.85894,0.00072,-0.97187
207.91,SYN.ETH-9AUG19,1564311546743,open,0.09,305.0,0.053,0.132,0.092955,102.66,0.089,0.0,ETH-9AUG19-200-C,208.03,91.07,0.085,150.0,0.094,150.0,104.18,0.14294,-0.61785,0.03556,0.0099,0.61865
208.79,ETH-27DEC19,1564311546746,open,0.05,635.0,0.006,0.085,0.04522,100.85,0.052,0.0,ETH-27DEC19-480-C,208.03,98.21,0.041,40.0,0.049,110.0,103.13,0.34077,-0.11314,0.10837,0.00186,0.16996
207.98,SYN.ETH-2AUG19,1564311546748,open,0.14,0.0,0.1,0.179,0.13952,97.72,None,0.0,ETH-2AUG19-180-C,208.03,0.0,0.0,0.0,0.0,0.0,0.0,0.0393,-0.39384,0.02138,0.00696,0.90917
207.98,SYN.ETH-2AUG19,1564311546750,open,0.19,0.0,0.145,0.224,0.184644,103.39,None,0.0,ETH-2AUG19-170-C,208.03,0.0,0.0,0.0,0.0,0.0,0.0,0.02084,-0.22102,0.02153,0.00349,0.95969
208.79,ETH-27DEC19,1564311546752,open,0.03,556.0,0.001,0.064,0.02418,101.58,0.037,0.0,ETH-27DEC19-600-C,208.03,97.69,0.02,50.0,0.028,110.0,104.84,0.23583,-0.07887,0.0656,0.00128,0.09969
9549.52,BTC-27DEC19,1564311546752,open,0.08,386.9,0.039,0.1185,0.07894847,102.46,0.07,0.0,BTC-27DEC19-18000-C,9449.58,100.82,0.0755,8.9,0.0825,4.9,104.14,20.1696,-6.80383,7.38562,5e-05,0.26482
207.98,SYN.ETH-2AUG19,1564311546752,open,0.3,0.0,0.249,0.352,0.300665,126.42,None,0.0,ETH-2AUG19-270-P,208.03,0.0,0.0,0.0,0.0,0.0,0.0,0.0221,-0.28657,-0.03493,0.00303,-0.95666
207.68,SYN.ETH-30AUG19,1564311546752,open,0.34,0.0,0.296,0.375,0.335432,96.81,None,0.0,ETH-30AUG19-140-C,208.03,0.0,0.0,0.0,0.0,0.0,0.0,0.08041,-0.1184,0.11188,0.00214,0.93353
208.79,ETH-27DEC19,1564311546757,open,1.15,0.0,1.078,1.25,1.163955,100.56,None,0.0,ETH-27DEC19-440-P,208.03,0.0,0.001,8.0,0.0,0.0,0.0,0.38238,-0.12659,-1.70211,0.0021,-0.79526
207.98,SYN.ETH-2AUG19,1564311546760,open,0.12,283.0,0.074,0.162,0.11815,98.2,0.076,0.0,ETH-2AUG19-230-P,208.03,0.0,0.0,0.0,0.7,25.0,500.0,0.06795,-0.68427,-0.02542,0.01198,-0.79674
207.98,SYN.ETH-2AUG19,1564311546770,open,0.0,489.0,0.001,0.041,0.001013,114.16,0.005,0.0,ETH-2AUG19-160-P,208.03,0.0,0.0,0.0,0.002,214.0,128.25,0.01164,-0.13625,-0.00058,0.00176,-0.02
9549.52,BTC-27DEC19,1564311546772,open,0.02,88.7,0.0005,0.064,0.02309594,96.88,0.0165,0.0,BTC-27DEC19-4500-P,9449.58,87.52,0.016,6.0,0.0205,6.0,93.62,7.78223,-2.48201,-3.48849,2e-05,-0.0647
9549.52,BTC-27DEC19,1564311546772,open,0.0,173.8,0.0005,0.042,0.00214025,137.12,0.001,0.0,BTC-27DEC19-1500-P,9449.58,0.0,0.0,0.0,0.001,8.0,123.32,0.98866,-0.4463,-0.30845,0.0,-0.00562
207.98,SYN.ETH-2AUG19,1564311546774,open,0.0,123.0,0.001,0.043,0.003364,102.51,0.004,0.0,ETH-2AUG19-250-C,208.03,92.22,0.002,4.0,0.005,250.0,112.25,0.03142,-0.33025,0.00178,0.0053,0.06759
207.98,SYN.ETH-2AUG19,1564311546777,open,0.0,726.0,0.001,0.045,0.004997,97.74,0.006,0.0,ETH-2AUG19-180-P,208.03,78.54,0.002,260.0,0.006,250.0,102.83,0.03931,-0.39402,-0.00266,0.00696,-0.09086
207.98,SYN.ETH-2AUG19,1564311546777,open,0.01,326.0,0.001,0.044,0.004119,124.09,0.002,0.0,ETH-2AUG19-260-C,208.03,95.73,0.001,17.0,0.004,4.0,123.31,0.03185,-0.40527,0.0018,0.00444,0.0688
208.79,ETH-27DEC19,1564311546780,open,0.07,546.0,0.032,0.111,0.071492,100.29,0.07,0.0,ETH-27DEC19-400-C,208.03,97.06,0.065,41.0,0.077,3.0,102.96,0.42597,-0.14064,0.15316,0.00234,0.24779
207.39,ETH-27SEP19,1564311546780,open,1.12,0.0,1.045,1.214,1.129282,100.37,None,0.0,ETH-27SEP19-440-P,208.03,0.0,0.0,0.0,0.0,0.0,0.0,0.08949,-0.07378,-0.71867,0.00124,-0.94846
207.39,ETH-27SEP19,1564311546782,open,0.06,1885.0,0.023,0.102,0.062625,99.66,0.068,0.0,ETH-27SEP19-280-C,208.03,94.91,0.056,160.0,0.064,110.0,100.63,0.29298,-0.23982,0.08095,0.0041,0.29665
208.79,ETH-27DEC19,1564311546782,open,1.51,37.0,1.426,1.627,1.526809,101.0,0.707,0.0,ETH-27DEC19-520-P,208.03,0.0,0.002,25.0,0.0,0.0,0.0,0.30155,-0.10027,-2.07252,0.00165,-0.85877
207.68,SYN.ETH-30AUG19,1564311546784,open,0.21,223.0,0.167,0.263,0.215317,95.08,0.179,0.0,ETH-30AUG19-240-P,208.03,0.0,0.155,50.0,1.154,1.0,500.0,0.23271,-0.3365,-0.1604,0.0063,-0.64213
207.39,ETH-27SEP19,1564311546786,open,0.0,2654.0,0.001,0.042,0.00266,106.34,0.004,0.0,ETH-27SEP19-560-C,208.03,94.57,0.001,300.0,0.004,200.0,112.41,0.03964,-0.03462,0.00573,0.00052,0.01922
207.39,ETH-27SEP19,1564311546786,open,0.62,0.0,0.58,0.659,0.619288,131.93,None,0.0,ETH-27SEP19-80-C,208.03,0.0,0.003,10.0,0.0,0.0,0.0,0.0424,-0.04594,0.12449,0.00045,0.9792
207.98,SYN.ETH-2AUG19,1564311546789,open,0.23,0.0,0.192,0.271,0.231701,114.1,None,0.0,ETH-2AUG19-160-C,208.03,0.0,0.0,0.0,0.0,0.0,0.0,0.01162,-0.13593,0.02079,0.00176,0.98004
207.39,ETH-27SEP19,1564311546792,open,0.0,3439.0,0.001,0.041,0.001354,113.48,0.003,0.0,ETH-27SEP19-680-C,208.03,0.0,0.0,0.0,0.002,100.0,118.67,0.02235,-0.02084,0.00295,0.00027,0.00989
207.68,SYN.ETH-30AUG19,1564311546792,open,0.26,0.0,0.216,0.295,0.255165,96.83,None,0.0,ETH-30AUG19-160-C,208.03,0.0,0.0,0.0,0.0,0.0,0.0,0.14435,-0.21259,0.11155,0.00384,0.8515
208.79,ETH-27DEC19,1564311546794,open,2.07,0.0,1.963,2.209,2.085908,102.51,None,0.0,ETH-27DEC19-640-P,208.03,0.0,0.0,0.0,0.0,0.0,0.0,0.21216,-0.0716,-2.60588,0.00114,-0.9136
208.79,ETH-27DEC19,1564311546794,open,2.25,0.0,2.144,2.404,2.274028,102.76,None,0.0,ETH-27DEC19-680-P,208.03,0.0,0.0,0.0,0.0,0.0,0.0,0.18783,-0.06355,-2.78048,0.00101,-0.92645
207.68,SYN.ETH-30AUG19,1564311546794,open,0.13,161.0,0.091,0.17,0.13078,95.05,0.139,0.0,ETH-30AUG19-200-C,208.03,92.64,0.128,2.0,0.133,120.0,96.97,0.23945,-0.34613,0.08932,0.00648,0.60826
207.39,ETH-27SEP19,1564311546798,open,0.19,2068.0,0.148,0.242,0.194908,97.59,0.182,0.0,ETH-27SEP19-220-P,208.03,94.57,0.19,120.0,0.201,110.0,101.33,0.33745,-0.27047,-0.23331,0.00482,-0.4796
207.98,SYN.ETH-2AUG19,1564311546798,open,0.0,8.0,0.001,0.041,0.001568,130.08,0.002,0.0,ETH-2AUG19-280-C,208.03,0.0,0.0,0.0,0.005,100.0,160.83,0.01569,-0.20931,0.00075,0.00209,0.02854
9549.52,BTC-27DEC19,1564311546801,open,0.01,310.6,0.0005,0.0495,0.0099677,108.09,0.012,0.0,BTC-27DEC19-40000-C,9449.58,104.58,0.008,10.0,0.012,7.0,111.28,5.73619,-2.04115,1.35308,1e-05,0.04402
208.79,ETH-27DEC19,1564311546803,open,0.34,806.0,0.295,0.401,0.347966,98.16,0.315,0.0,ETH-27DEC19-240-P,208.03,95.05,0.34,30.0,0.359,30.0,102.47,0.5348,-0.17282,-0.70327,0.003,-0.46153
9443.86,SYN.BTC-30AUG19,1564311546803,open,0.09,180.0,0.0475,0.1345,0.09113951,97.09,0.0935,0.0,BTC-30AUG19-9000-P,9449.58,96.53,0.0905,0.2,0.0925,0.2,98.28,10.7736,-15.9081,-3.99002,0.00014,-0.37794
207.68,SYN.ETH-30AUG19,1564311546805,open,0.0,2360.0,0.001,0.044,0.004482,97.62,0.01,0.0,ETH-30AUG19-360-C,208.03,85.99,0.002,200.0,0.006,200.0,102.81,0.05558,-0.08252,0.00697,0.00147,0.04172
207.39,ETH-27SEP19,1564311546807,open,0.03,7780.0,0.001,0.069,0.028555,98.68,0.029,0.0,ETH-27SEP19-140-P,208.03,94.23,0.025,1.0,0.032,140.0,102.83,0.16911,-0.13707,-0.05127,0.00239,-0.11968
207.39,ETH-27SEP19,1564311546810,open,0.01,2060.0,0.001,0.045,0.005053,132.02,0.003,0.0,ETH-27SEP19-80-P,208.03,0.0,0.0,0.0,0.01,5.0,151.73,0.04249,-0.04607,-0.00896,0.00045,-0.02086
207.39,ETH-27SEP19,1564311546812,open,0.0,3259.0,0.001,0.043,0.003933,105.45,0.006,0.0,ETH-27SEP19-520-C,208.03,96.23,0.002,100.0,0.006,200.0,112.39,0.05357,-0.04639,0.00814,0.00071,0.02748
207.98,SYN.ETH-2AUG19,1564311546812,open,0.0,197.0,0.001,0.04,0.000939,143.33,0.003,0.0,ETH-2AUG19-300-C,208.03,0.0,0.0,0.0,0.002,3.0,160.3,0.00995,-0.14629,0.00044,0.0012,0.01664
207.39,ETH-27SEP19,1564311546814,open,0.28,392.0,0.243,0.322,0.282116,97.5,0.51,0.0,ETH-27SEP19-160-C,208.03,0.0,0.1,10.0,0.0,0.0,0.0,0.23532,-0.18844,0.18,0.00336,0.80251
207.39,ETH-27SEP19,1564311546814,open,0.01,4512.0,0.001,0.052,0.012204,125.73,0.007,0.0,ETH-27SEP19-100-P,208.03,88.48,0.002,20.0,0.05,100.0,193.0,0.08277,-0.08547,-0.02039,0.00092,-0.04674
207.98,SYN.ETH-2AUG19,1564311546816,open,0.01,748.0,0.001,0.046,0.006496,100.34,0.006,0.0,ETH-2AUG19-240-C,208.03,93.48,0.005,2.0,0.008,250.0,106.57,0.04798,-0.49367,0.00314,0.00828,0.11962
207.98,SYN.ETH-2AUG19,1564311546818,open,0.03,408.0,0.001,0.068,0.027616,97.74,0.024,0.0,ETH-2AUG19-200-P,208.03,89.19,0.024,200.0,0.03,1.0,103.33,0.08842,-0.8863,-0.01031,0.01566,-0.34356
207.39,ETH-27SEP19,1564311546820,open,2.46,0.0,2.334,2.611,2.472882,116.06,None,0.0,ETH-27SEP19-720-P,208.03,0.0,0.0,0.0,0.0,0.0,0.0,0.01947,-0.01856,-1.19832,0.00023,-0.99156
208.79,ETH-27DEC19,1564311546822,open,1.88,0.0,1.782,2.013,1.897881,101.58,0.953,0.0,ETH-27DEC19-600-P,208.03,0.0,0.0,0.0,0.0,0.0,0.0,0.23583,-0.07887,-2.43099,0.00128,-0.90031
207.39,ETH-27SEP19,1564311546824,open,0.33,1264.0,0.283,0.388,0.335424,99.7,0.357,0.0,ETH-27SEP19-260-P,208.03,0.0,0.006,7.0,1.251,1.0,500.0,0.31763,-0.26009,-0.33651,0.00444,-0.63746
207.91,SYN.ETH-9AUG19,1564311546824,open,0.05,62.0,0.013,0.097,0.054941,102.68,0.053,0.0,ETH-9AUG19-200-P,208.03,85.24,0.043,40.0,0.044,1.0,86.71,0.14294,-0.61793,-0.02951,0.0099,-0.38136
207.98,SYN.ETH-2AUG19,1564311546826,open,0.07,248.0,0.026,0.105,0.065976,97.73,0.064,0.0,ETH-2AUG19-200-C,208.03,83.53,0.06,150.0,0.069,150.0,104.82,0.08842,-0.88621,0.0164,0.01566,0.65645
207.39,ETH-27SEP19,1564311546828,open,0.71,0.0,0.672,0.751,0.711724,132.08,0.01,0.0,ETH-27SEP19-60-C,208.03,0.0,0.003,10.0,0.0,0.0,0.0,0.01247,-0.01352,0.09795,0.00013,0.9949
207.98,SYN.ETH-2AUG19,1564311546830,open,0.16,5.0,0.115,0.206,0.160465,100.36,0.113,0.0,ETH-2AUG19-240-P,208.03,0.0,0.0,0.0,0.0,0.0,0.0,0.04799,-0.49391,-0.02892,0.00828,-0.88033
208.79,ETH-27DEC19,1564311546832,open,1.7,0.0,1.604,1.82,1.711985,101.58,0.845,0.0,ETH-27DEC19-560-P,208.03,0.0,0.0,0.0,0.0,0.0,0.0,0.26845,-0.08978,-2.25237,0.00146,-0.88061
208.79,ETH-27DEC19,1564311546834,open,0.05,2244.0,0.008,0.09,0.048976,98.16,0.04,0.0,ETH-27DEC19-120-P,208.03,94.98,0.045,1.0,0.052,50.0,100.53,0.26427,-0.0854,-0.144,0.00148,-0.11677
207.39,ETH-27SEP19,1564311546834,open,0.0,3419.0,0.001,0.041,0.001965,113.45,0.003,0.0,ETH-27SEP19-640-C,208.03,105.12,0.001,50.0,0.003,500.0,119.58,0.03002,-0.02797,0.00412,0.00037,0.01389
208.79,ETH-27DEC19,1564311546834,open,0.49,442.0,0.432,0.551,0.491519,98.46,0.485,0.0,ETH-27DEC19-280-P,208.03,95.5,0.484,30.0,0.505,30.0,103.74,0.53172,-0.17235,-0.91131,0.00298,-0.55745
207.68,SYN.ETH-30AUG19,1564311546834,open,0.05,287.0,0.012,0.095,0.05376,96.72,0.057,0.0,ETH-30AUG19-180-P,208.03,90.78,0.048,160.0,0.06,120.0,103.06,0.20287,-0.29842,-0.05902,0.0054,-0.26174
207.68,SYN.ETH-30AUG19,1564311546834,open,0.01,702.0,0.001,0.049,0.009549,96.86,0.012,0.0,ETH-30AUG19-140-P,208.03,89.8,0.007,202.0,0.011,350.0,100.48,0.08048,-0.11855,-0.01423,0.00214,-0.06654
207.39,ETH-27SEP19,1564311546836,open,2.07,0.0,1.965,2.211,2.088087,114.46,None,0.0,ETH-27SEP19-640-P,208.03,0.0,0.0,0.0,0.0,0.0,0.0,0.03159,-0.0297,-1.06304,0.00038,-0.98526
207.68,SYN.ETH-30AUG19,1564311546836,open,0.04,168.0,0.001,0.078,0.038983,95.05,0.042,0.0,ETH-30AUG19-260-C,208.03,37.06,0.001,30.0,0.041,160.0,97.11,0.20197,-0.29197,0.04125,0.00547,0.25949
208.79,ETH-27DEC19,1564311546838,open,0.48,0.0,0.435,0.514,0.474236,98.16,None,0.0,ETH-27DEC19-120-C,208.03,0.0,0.001,1200.0,0.99,5.0,500.0,0.26427,-0.0854,0.35532,0.00148,0.88323
208.79,ETH-27DEC19,1564311546840,open,0.09,240.0,0.05,0.129,0.089875,99.42,0.098,0.0,ETH-27DEC19-360-C,208.03,96.77,0.084,40.0,0.094,3.0,101.25,0.46718,-0.15291,0.18121,0.00259,0.29846
207.39,ETH-27SEP19,1564311546840,open,0.0,2697.0,0.001,0.04,0.000994,114.17,0.001,0.0,ETH-27SEP19-720-C,208.03,0.0,0.0,0.0,0.002,242.0,123.31,0.01737,-0.01629,0.00222,0.00021,0.00742
207.39,ETH-27SEP19,1564311546840,open,0.44,47.0,0.394,0.473,0.43351,98.62,0.689,0.0,ETH-27SEP19-120-C,208.03,0.0,0.0,0.0,0.0,0.0,0.0,0.10011,-0.08109,0.1754,0.00142,0.94059
208.79,ETH-27DEC19,1564311546840,open,0.27,103.0,0.225,0.304,0.264807,98.16,0.276,0.0,ETH-27DEC19-200-C,208.03,96.15,0.26,20.0,0.272,30.0,101.17,0.49901,-0.16126,0.33439,0.0028,0.6497
208.79,ETH-27DEC19,1564311546842,open,0.12,1468.0,0.077,0.165,0.120916,98.16,0.103,0.0,ETH-27DEC19-160-P,208.03,94.63,0.114,1.0,0.125,40.0,100.24,0.40953,-0.13234,-0.30537,0.0023,-0.23058
208.79,ETH-27DEC19,1564311546842,open,0.22,2030.0,0.174,0.271,0.222707,98.16,0.216,0.0,ETH-27DEC19-200-P,208.03,94.52,0.214,40.0,0.231,40.0,101.63,0.49901,-0.16126,-0.49781,0.0028,-0.3503
208.79,ETH-27DEC19,1564311546842,open,0.15,217.0,0.111,0.19,0.150459,98.46,0.175,0.0,ETH-27DEC19-280-C,208.03,95.53,0.143,30.0,0.157,120.0,101.02,0.53172,-0.17235,0.25376,0.00298,0.44255
207.98,SYN.ETH-2AUG19,1564311546842,open,0.28,0.0,0.24,0.319,0.279776,137.96,None,0.0,ETH-2AUG19-150-C,208.03,0.0,0.0,0.0,0.0,0.0,0.0,0.00994,-0.14061,0.01955,0.00125,0.98338
207.39,ETH-27SEP19,1564311546844,open,0.53,0.0,0.49,0.569,0.529997,125.67,None,0.0,ETH-27SEP19-100-C,208.03,0.0,0.003,10.0,0.0,0.0,0.0,0.08269,-0.08535,0.14642,0.00092,0.95331
208.79,ETH-27DEC19,1564311546846,open,0.02,205.0,0.001,0.057,0.017167,102.76,0.027,0.0,ETH-27DEC19-680-C,208.03,97.76,0.013,50.0,0.021,50.0,106.78,0.18783,-0.06355,0.04899,0.00101,0.07355
207.68,SYN.ETH-30AUG19,1564311546846,open,0.02,141.0,0.001,0.065,0.025033,95.05,0.021,0.0,ETH-30AUG19-280-C,208.03,89.82,0.021,160.0,0.027,160.0,97.49,0.16515,-0.23874,0.02951,0.00447,0.18281
207.68,SYN.ETH-30AUG19,1564311546848,open,0.37,0.0,0.319,0.428,0.373268,95.1,None,0.0,ETH-30AUG19-280-P,208.03,0.0,0.0,0.0,0.0,0.0,0.0,0.16523,-0.23897,-0.22266,0.00447,-0.81704
207.98,SYN.ETH-2AUG19,1564311546848,open,0.01,504.0,0.001,0.053,0.012959,97.74,0.018,0.0,ETH-2AUG19-190-P,208.03,88.15,0.01,200.0,0.015,200.0,104.01,0.06643,-0.66585,-0.0058,0.01176,-0.19577
207.68,SYN.ETH-30AUG19,1564311546848,open,0.02,2588.0,0.001,0.066,0.025584,96.86,0.025,0.0,ETH-30AUG19-160-P,208.03,91.59,0.022,200.0,0.03,150.0,103.06,0.14439,-0.2127,-0.03257,0.00384,-0.14855
208.79,ETH-27DEC19,1564311546850,open,0.04,532.0,0.001,0.076,0.036268,101.0,0.044,0.0,ETH-27DEC19-520-C,208.03,97.96,0.032,50.0,0.04,110.0,103.53,0.30155,-0.10027,0.09119,0.00165,0.14123
207.39,ETH-27SEP19,1564311546850,open,0.36,191.0,0.314,0.393,0.353466,98.64,0.5,0.0,ETH-27SEP19-140-C,208.03,0.0,0.01,50.0,0.0,0.0,0.0,0.16905,-0.13696,0.18225,0.00239,0.88038
207.39,ETH-27SEP19,1564311546850,open,0.09,5359.0,0.047,0.134,0.090485,97.53,0.067,0.0,ETH-27SEP19-180-P,208.03,53.82,0.032,1.0,0.094,140.0,100.05,0.2897,-0.23207,-0.13144,0.00414,-0.28953
207.98,SYN.ETH-2AUG19,1564311546850,open,0.1,10.0,0.06,0.139,0.0994,97.73,0.1,0.0,ETH-2AUG19-190-C,208.03,79.56,0.094,50.0,0.101,50.0,102.66,0.06643,-0.66573,0.01958,0.01176,0.80426
207.39,ETH-27SEP19,1564311546854,open,0.41,968.0,0.357,0.469,0.412804,99.71,0.38,0.0,ETH-27SEP19-280-P,208.03,0.0,0.001,20.0,1.348,1.0,500.0,0.29305,-0.23998,-0.38602,0.0041,-0.7032
208.79,ETH-27DEC19,1564311546856,open,0.36,0.0,0.315,0.394,0.354595,98.16,None,0.0,ETH-27DEC19-160-C,208.03,0.0,0.001,1000.0,0.98,5.0,500.0,0.40953,-0.13234,0.36039,0.0023,0.76942
207.98,SYN.ETH-2AUG19,1564311546856,open,0.25,0.0,0.205,0.304,0.254251,124.13,None,0.0,ETH-2AUG19-260-P,208.03,0.0,0.0,0.0,0.0,0.0,0.0,0.03187,-0.40562,-0.03293,0.00444,-0.93115
207.98,SYN.ETH-2AUG19,1564311546856,open,0.2,0.0,0.158,0.253,0.205415,102.54,None,0.0,ETH-2AUG19-250-P,208.03,0.0,0.0,0.0,0.0,0.0,0.0,0.03144,-0.33059,-0.03161,0.00531,-0.93235
207.39,ETH-27SEP19,1564311546858,open,0.02,2542.0,0.001,0.061,0.021777,100.13,0.019,0.0,ETH-27SEP19-360-C,208.03,95.47,0.018,200.0,0.023,110.0,101.56,0.17558,-0.1444,0.03614,0.00244,0.12627
207.39,ETH-27SEP19,1564311546858,open,0.01,2575.0,0.001,0.047,0.007573,100.13,0.01,0.0,ETH-27SEP19-440-C,208.03,93.36,0.005,200.0,0.009,110.0,103.3,0.08879,-0.07302,0.01503,0.00124,0.05103
208.79,ETH-27DEC19,1564311546858,open,0.02,1141.0,0.001,0.058,0.018717,108.03,0.012,0.0,ETH-27DEC19-720-C,208.03,96.91,0.01,55.0,0.027,1.0,116.06,0.19384,-0.06894,0.05033,0.00099,0.07665
207.98,SYN.ETH-2AUG19,1564311546858,open,0.02,748.0,0.001,0.063,0.02306,97.75,0.02,0.0,ETH-2AUG19-220-C,208.03,87.92,0.019,200.0,0.026,200.0,104.72,0.08702,-0.87229,0.00852,0.01541,0.32965
207.39,ETH-27SEP19,1564311546860,open,2.65,0.0,2.52,2.812,2.665752,120.2,None,0.0,ETH-27SEP19-760-P,208.03,0.0,0.0,0.0,0.0,0.0,0.0,0.01896,-0.01871,-1.26512,0.00022,-0.99181
207.68,SYN.ETH-30AUG19,1564311546860,open,0.01,1713.0,0.001,0.047,0.007097,97.62,0.014,0.0,ETH-30AUG19-340-C,208.03,87.82,0.004,200.0,0.008,200.0,99.99,0.07644,-0.11349,0.01032,0.00202,0.06227
207.39,ETH-27SEP19,1564311546862,open,2.26,0.0,2.15,2.411,2.280358,114.89,None,0.0,ETH-27SEP19-680-P,208.03,0.0,0.0,0.0,0.0,0.0,0.0,0.0242,-0.02284,-1.1309,0.00029,-0.98917
207.39,ETH-27SEP19,1564311546862,open,1.88,27.0,1.78,2.011,1.895204,109.01,1.044,0.0,ETH-27SEP19-600-P,208.03,0.0,0.0,0.0,0.0,0.0,0.0,0.03252,-0.02912,-0.99615,0.00042,-0.98475
