underlying_price,underlying_index,timestamp,state,settlement_price,open_interest,min_price,max_price,mark_price,mark_iv,last_price,interest_rate,instrument_name,index_price,bid_iv,best_bid_price,best_bid_amount,best_ask_price,best_ask_amount,ask_iv,vega,theta,rho,gamma,delta
8280.79,index_price,1559300340114,open,0.07,329.0,0.022,0.107,0.06456405,90.58,0.06,0,BTC-7JUN19-8500-P,8280.79,75.64,0.0565,0.6,0.0605,1.0,83.07,4.48474,-29.54196,-0.97242,0.00038,-0.55883
8410.48,BTC-27SEP19,1559300340129,open,0.02,194.4,0.0005,0.0595,0.01985726,95.89,0.018,0.0,BTC-27SEP19-20000-C,8280.78,93.91,0.018,21.0,0.021,6.0,97.05,8.12477,-3.27675,2.06364,4e-05,0.0952
8410.48,BTC-27SEP19,1559300340130,open,0.13,827.7,0.091,0.1705,0.13087015,86.19,0.1335,0.0,BTC-27SEP19-10000-C,8280.78,84.26,0.1265,22.2,0.134,13.6,87.57,19.04111,-6.903,8.95524,0.0001,0.4578
8410.48,BTC-27SEP19,1559300340129,open,0.82,42.8,0.7825,0.862,0.82226542,122.26,0.815,0.0,BTC-27SEP19-1500-C,8280.78,0.0,0.0,0.0,0.0,0.0,0.0,0.35944,-0.18484,4.80264,0.0,0.9976
8410.48,BTC-27SEP19,1559300340130,open,0.01,117.0,0.0005,0.0515,0.01193288,99.7,0.014,0.0,BTC-27SEP19-24000-C,8280.78,96.69,0.01,15.0,0.0135,6.0,101.94,5.68592,-2.38445,1.30502,2e-05,0.05958
8336.55,BTC-28JUN19,1559300340130,open,0.43,97.0,0.393,0.4725,0.43254755,106.21,0.1965,0.0,BTC-28JUN19-4750-C,8280.78,0.0,0.122,1.1,0.4755,1.0,224.82,1.09418,-2.08457,3.48836,2e-05,0.98045
8336.55,BTC-28JUN19,1559300340130,open,0.01,499.7,0.0005,0.051,0.01109068,93.56,0.01,0.0,BTC-28JUN19-12000-C,8280.78,89.04,0.009,24.0,0.012,24.0,95.4,4.0538,-6.80304,0.56835,8e-05,0.10036
8336.55,BTC-28JUN19,1559300340130,open,0.2,959.8,0.152,0.2315,0.1919837,89.2,0.19,0.0,BTC-28JUN19-7000-C,8280.78,82.69,0.187,4.1,0.195,4.1,93.03,6.50157,-10.40275,3.85403,0.00014,0.79732
8336.55,BTC-28JUN19,1559300340130,open,0.0,709.0,0.0005,0.0425,0.0025054,101.81,0.0015,0.0,BTC-28JUN19-15000-C,8280.78,94.7,0.0015,3.0,0.003,25.0,104.63,1.38088,-2.52171,0.14808,3e-05,0.02576
8336.54,BTC-28JUN19,1559300340131,open,0.16,181.8,0.111,0.1905,0.1505374,87.93,0.152,0.0,BTC-28JUN19-7500-C,8280.78,82.03,0.145,5.0,0.1535,4.2,91.06,7.8718,-12.41547,3.5691,0.00017,0.71112
8336.54,BTC-28JUN19,1559300340131,open,0.01,503.5,0.0005,0.046,0.00593684,98.13,0.008,0.0,BTC-28JUN19-5500-P,8280.78,92.5,0.0045,24.0,0.007,27.8,101.85,2.2821,-4.01685,-0.34046,4e-05,-0.04754
8336.54,BTC-28JUN19,1559300340130,open,0.24,43.0,0.1875,0.286,0.23673778,90.52,0.1625,0.0,BTC-28JUN19-10000-P,8280.78,0.0,0.001,1.0,0.6655,1.0,500.0,7.66664,-12.44751,-6.13266,0.00016,-0.72649
8336.54,BTC-28JUN19,1559300340131,open,0.0,789.5,0.0005,0.043,0.0032328,103.46,0.005,0.0,BTC-28JUN19-5000-P,8280.78,95.21,0.002,25.0,0.0045,28.6,110.18,1.42475,-2.64397,-0.19087,3e-05,-0.02675
8336.54,BTC-28JUN19,1559300340132,open,0.0,312.4,0.0005,0.042,0.00232343,106.18,0.0025,0.0,BTC-28JUN19-4750-P,8280.78,93.36,0.001,24.0,0.0035,27.4,114.07,1.09298,-2.08166,-0.13911,2e-05,-0.01953
8336.54,BTC-28JUN19,1559300340132,open,0.0,250.0,0.0005,0.0415,0.0018059,110.62,0.0015,0.0,BTC-28JUN19-4500-P,8280.78,92.74,0.0005,59.9,0.003,24.0,120.28,0.87318,-1.73257,-0.10709,1e-05,-0.01501
8410.48,BTC-27SEP19,1559300340130,open,0.77,0.0,0.699,0.84,0.76937567,87.27,None,0.0,BTC-27DEC19-14000-P,8280.78,0.0,0.0075,3.0,1.5905,0.2,500.0,23.10436,-4.80377,-69.59491,7e-05,-0.66971
8410.48,BTC-27SEP19,1559300340132,open,0.06,78.9,0.0145,0.094,0.05422936,89.62,0.0655,0.0,BTC-27SEP19-14000-C,8280.78,89.2,0.0535,1.0,0.055,1.0,90.07,14.55557,-5.48676,4.80013,7e-05,0.22947
8410.48,BTC-27SEP19,1559300340132,open,0.94,0.0,0.862,1.0165,0.93923135,91.39,None,0.0,BTC-27SEP19-16000-P,8280.78,0.0,0.0065,0.1,1.6935,0.2,499.66,11.93672,-4.58864,-48.58648,6e-05,-0.83453
8336.54,BTC-28JUN19,1559300340132,open,0.05,311.8,0.0085,0.092,0.05018164,87.92,0.052,0.0,BTC-28JUN19-7500-P,8280.78,85.07,0.0475,19.3,0.051,0.4,88.79,7.87165,-12.41379,-2.15864,0.00017,-0.28887
8410.48,BTC-27SEP19,1559300340133,open,0.0,1639.1,0.0005,0.0405,0.00061435,122.26,0.0015,0.0,BTC-27SEP19-1500-P,8280.78,0.0,0.0,0.0,0.001,6.9,129.81,0.35945,-0.18484,-0.08266,0.0,-0.0024
8410.48,BTC-27SEP19,1559300340129,open,2.59,0.0,2.449,2.736,2.59263755,99.55,None,0.0,BTC-27DEC19-30000-P,8280.78,0.0,0.0,0.0,0.0,0.0,0.0,10.82667,-2.56771,-169.11976,3e-05,-0.90443
8336.54,BTC-28JUN19,1559300340133,open,0.01,464.6,0.0005,0.0435,0.00363393,97.65,0.0075,0.0,BTC-28JUN19-14000-C,8280.78,88.96,0.002,24.0,0.0045,24.0,101.27,1.86482,-3.26629,0.2127,4e-05,0.03704
8336.54,BTC-28JUN19,1559300340133,open,0.8,2.8,0.73,0.8735,0.80179792,101.72,0.6485,0.0,BTC-28JUN19-15000-P,8280.78,0.0,0.0,0.0,1.1665,1.0,500.0,1.37551,-2.50964,-11.30835,3e-05,-0.97436
8410.48,BTC-27SEP19,1559300340130,open,1.66,0.0,1.5535,1.7655,1.6593916,93.13,None,0.0,BTC-27DEC19-22000-P,8280.78,0.0,0.0075,2.0,2.5245,0.3,500.0,15.30102,-3.39491,-121.03545,4e-05,-0.84339
8410.48,BTC-27SEP19,1559300340133,open,0.09,578.2,0.0445,0.124,0.08420035,88.54,0.083,0.0,BTC-27SEP19-12000-C,8280.78,87.95,0.083,9.5,0.085,4.9,88.93,17.29823,-6.44175,6.62514,8e-05,0.32607
8336.54,BTC-28JUN19,1559300340133,open,0.41,691.1,0.3635,0.443,0.40347046,103.5,0.427,0.0,BTC-28JUN19-5000-C,8280.78,0.0,0.2355,2.0,0.4465,3.0,211.27,1.42651,-2.64827,3.62742,3e-05,0.97321
8336.54,BTC-28JUN19,1559300340133,open,0.52,322.4,0.4815,0.561,0.52143451,122.69,0.451,0.0,BTC-28JUN19-4000-C,8280.78,0.0,0.001,3.0,0.674,3.0,489.12,0.60127,-1.32321,2.98476,1e-05,0.99024
8280.78,index_price,1559300340129,open,0.0,73.0,0.0005,0.041,0.00098681,114.45,0.0015,0,BTC-7JUN19-6000-P,8280.78,103.92,0.0005,4.3,0.001,4.0,114.68,0.46961,-3.90845,-0.02744,3e-05,-0.0166
8410.48,BTC-27SEP19,1559300340130,open,0.55,27.1,0.514,0.5935,0.55397922,87.95,0.542,0.0,BTC-27DEC19-4000-C,8280.78,0.0,0.0195,0.1,0.707,0.2,200.33,8.92058,-1.86914,17.99904,2e-05,0.92616
8280.78,index_price,1559300340129,open,0.21,9.3,0.164,0.2605,0.2123765,95.16,0.234,0,BTC-7JUN19-10000-P,8280.78,0.0,0.011,1.0,0.264,0.2,226.04,1.7517,-12.12123,-1.76027,0.00014,-0.91608
8410.47,BTC-27SEP19,1559300340130,open,0.03,35.7,0.0005,0.0655,0.02564649,99.54,0.026,0.0,BTC-27DEC19-30000-C,8280.78,96.59,0.022,16.0,0.028,16.0,101.33,10.82376,-2.56676,3.37974,3e-05,0.09553
8410.47,BTC-27SEP19,1559300340136,open,0.39,231.1,0.351,0.4305,0.3905095,88.24,0.3795,0.0,BTC-27SEP19-5500-C,8280.78,0.0,0.004,0.6,0.459,3.0,137.45,10.5111,-3.90092,12.95046,5e-05,0.8633
8410.47,BTC-27SEP19,1559300340133,open,0.46,57.4,0.423,0.5025,0.46275497,85.01,0.4555,0.0,BTC-27DEC19-5000-C,8280.78,0.0,0.0065,0.2,0.94,0.5,464.18,13.45076,-2.72399,19.72186,4e-05,0.87057
8410.47,BTC-27SEP19,1559300340135,open,0.09,92.6,0.0515,0.131,0.0913967,87.81,0.0875,0.0,BTC-27DEC19-15000-C,8280.78,86.7,0.0885,10.0,0.095,24.9,89.18,22.03858,-4.61041,9.89399,6e-05,0.29599
8410.47,BTC-27SEP19,1559300340135,open,0.67,0.5,0.5995,0.7325,0.66589707,86.51,0.584,0.0,BTC-27DEC19-13000-P,8280.78,0.0,0.0075,3.0,1.4745,0.3,500.0,24.04795,-4.95638,-62.7422,7e-05,-0.63149
8280.78,index_price,1559300340148,open,0.07,91.2,0.0275,0.107,0.06747904,90.46,0.0715,0,BTC-7JUN19-8000-C,8280.78,84.68,0.0645,3.5,0.0685,0.6,92.44,4.27961,-28.15327,0.88221,0.00037,0.63304
8280.78,index_price,1559300340170,open,0.04,285.6,0.0005,0.078,0.03809194,90.59,0.037,0,BTC-7JUN19-8500-C,8280.78,83.94,0.0345,18.0,0.0375,0.6,89.49,4.48474,-29.54324,0.62877,0.00038,0.44117
8280.78,index_price,1559300340264,open,3.1,0.009,0.0925,0.05087619,87.03,0.0445,0,BTC-14JUN19-8000-P,8280.78,81.15,0.0465,24.0,0.052,14.2,88.53,6.17922,-19.37737,-1.37723,0.00027,-0.38662
8280.78,index_price,1559300340306,open,0.04,219.6,0.0005,0.0745,0.03357044,90.46,0.026,0,BTC-7JUN19-8000-P,8280.78,78.65,0.0275,0.6,0.0295,4.0,82.56,4.2796,-28.15252,-0.62478,0.00037,-0.36696
255.23,index_price,1559300340339,open,0.04,266.0,0.001,0.072,0.032754,101.43,0.037,0,ETH-7JUN19-270-C,255.23,96.09,0.03,240.0,0.034,88.0,103.83,0.13215,-0.9747,0.01617,0.01062,0.369
255.23,index_price,1559300340562,open,0.0,345.0,0.001,0.041,0.00167,116.21,0.005,0,ETH-7JUN19-350-C,255.23,107.54,0.001,5.0,0.002,170.0,119.67,0.02298,-0.19423,0.0013,0.00161,0.02871
255.23,index_price,1559300340662,open,0.07,392.0,0.025,0.104,0.064465,99.06,0.069,0,ETH-7JUN19-250-C,255.23,94.36,0.062,180.0,0.067,96.0,103.72,0.1364,-0.98254,0.02513,0.01122,0.58717
255.23,index_price,1559300340678,open,0.01,532.0,0.001,0.05,0.010414,105.5,0.009,0,ETH-7JUN19-300-C,255.23,104.18,0.01,5.0,0.011,94.0,107.32,0.08106,-0.62185,0.00663,0.00626,0.1483
255.23,index_price,1559300340725,open,0.0,0.007,0.09,0.048667,99.23,None,0,ETH-14JUN19-240-P,255.23,89.85,0.042,443.0,0.045,25.0,94.08,0.18217,-0.65139,-0.03763,0.00741,-0.33917
255.23,index_price,1559300340730,open,0.0,0.024,0.109,0.066466,99.23,None,0,ETH-14JUN19-250-P,255.23,90.74,0.06,265.0,0.068,104.0,101.25,0.19445,-0.6953,-0.04713,0.00791,-0.41927
255.23,index_price,1559300340735,open,0.05,641.0,0.006,0.085,0.04582,99.04,0.046,0,ETH-7JUN19-260-C,255.23,95.64,0.044,180.0,0.048,82.0,102.97,0.13943,-1.00417,0.02053,0.01147,0.47279
255.23,index_price,1559300340761,open,2.0,0.004,0.083,0.043263,101.93,0.041,0,ETH-14JUN19-280-C,255.23,97.39,0.04,240.0,0.047,90.0,107.01,0.18562,-0.68177,0.03043,0.00735,0.35692
255.23,index_price,1559300340770,open,1.0,0.001,0.074,0.034086,103.2,0.035,0,ETH-14JUN19-290-C,255.23,98.59,0.031,240.0,0.038,228.0,108.95,0.17214,-0.64017,0.02548,0.00674,0.29664
255.23,index_price,1559300340788,open,0.0,0.001,0.075,0.03414,99.2,None,0,ETH-14JUN19-230-P,255.23,91.05,0.029,240.0,0.035,95.0,100.58,0.16229,-0.5801,-0.0288,0.00661,-0.26276
255.23,index_price,1559300340793,open,0.03,303.0,0.001,0.062,0.022577,102.61,0.022,0,ETH-7JUN19-280-C,255.23,96.9,0.02,240.0,0.024,99.0,105.64,0.11762,-0.87765,0.0123,0.00934,0.27851
255.23,index_price,1559300340798,open,0.0,0.029,0.108,0.068797,99.28,None,0,ETH-14JUN19-260-C,255.23,96.92,0.067,86.0,0.075,206.0,107.21,0.19853,-0.7102,0.04188,0.00808,0.50045
255.23,index_price,1559300340810,open,0.0,0.044,0.13,0.087486,99.17,None,0,ETH-14JUN19-260-P,255.23,90.89,0.081,180.0,0.089,106.0,101.18,0.19853,-0.70946,-0.05696,0.00808,-0.49963
255.23,index_price,1559300340817,open,0.0,0.047,0.126,0.086957,99.23,None,0,ETH-14JUN19-250-C,255.23,96.66,0.085,92.0,0.093,194.0,107.16,0.19445,-0.6953,0.04791,0.00791,0.58073
255.23,index_price,1559300340822,open,0.0,0.047,0.126,0.086957,99.23,None,0,ETH-14JUN19-250-C,255.23,96.66,0.085,92.0,0.093,195.0,107.16,0.19445,-0.6953,0.04791,0.00791,0.58073
255.23,index_price,1559300340828,open,0.01,114.0,0.001,0.046,0.006619,105.5,0.01,0,ETH-7JUN19-310-C,255.23,98.44,0.005,300.0,0.007,184.0,107.04,0.06237,-0.47852,0.00459,0.00482,0.102
255.23,index_price,1559300340832,open,0.04,266.0,0.001,0.072,0.032754,101.43,0.037,0,ETH-7JUN19-270-C,255.23,96.09,0.03,240.0,0.034,89.0,103.83,0.13215,-0.9747,0.01617,0.01062,0.369
255.23,index_price,1559300340837,open,0.0,0.001,0.06,0.020681,105.16,None,0,ETH-14JUN19-310-C,255.23,102.01,0.019,240.0,0.024,229.0,111.1,0.13885,-0.52619,0.01729,0.00533,0.19889
255.23,index_price,1559300340847,open,0.3,301.0,0.244,0.347,0.295688,107.28,0.2,0,ETH-7JUN19-330-P,255.23,0.0,0.0,0.0,0.378,2.0,319.69,0.03458,-0.26975,-0.06002,0.00263,-0.95267
8280.78,index_price,1559300341060,open,0.07,91.2,0.0275,0.107,0.06747764,90.46,0.0715,0,BTC-7JUN19-8000-C,8280.78,84.68,0.0645,3.5,0.068,0.6,91.47,4.27961,-28.15327,0.88221,0.00037,0.63304
8336.49,BTC-28JUN19,1559300341129,open,0.11,127.8,0.0635,0.152,0.10775987,87.92,0.109,0.0,BTC-28JUN19-8500-P,8280.77,84.05,0.1035,14.4,0.111,8.5,90.86,9.18301,-14.48176,-3.76395,0.0002,-0.48343
8336.49,BTC-28JUN19,1559300341130,open,0.34,26.3,0.286,0.3925,0.33924384,91.17,0.285,0.0,BTC-28JUN19-11000-P,8280.77,0.0,0.002,1.0,0.762,1.0,500.0,5.71739,-9.35012,-7.4765,0.00012,-0.83507
8410.51,BTC-27SEP19,1559300341130,open,0.02,97.2,0.0005,0.061,0.02058155,90.91,0.0255,0.0,BTC-27SEP19-4500-P,8280.77,88.18,0.0185,6.0,0.0225,10.8,93.33,6.54901,-2.50417,-2.52174,3e-05,-0.07148
8336.49,BTC-28JUN19,1559300341130,open,0.7,24.4,0.6605,0.74,0.70014896,135.54,0.5115,0.0,BTC-28JUN19-2500-C,8280.77,0.0,0.0025,0.5,0.8025,1.0,500.0,0.02815,-0.06843,1.90694,0.0,0.99967
8410.51,BTC-27SEP19,1559300341130,open,0.01,28.3,0.0005,0.0465,0.00666465,99.5,0.007,0.0,BTC-27SEP19-3250-P,8280.77,94.13,0.005,15.0,0.008,4.6,103.3,2.81401,-1.1777,-0.86991,1e-05,-0.02509
8336.49,BTC-28JUN19,1559300341130,open,0.04,1218.9,0.0005,0.077,0.03720747,90.53,0.0355,0.0,BTC-28JUN19-10000-C,8280.77,87.0,0.034,29.3,0.0385,16.8,91.93,7.66694,-12.44942,1.50462,0.00016,0.27353
8410.51,BTC-27SEP19,1559300341130,open,0.03,283.5,0.0005,0.072,0.03079394,89.26,0.025,0.0,BTC-27SEP19-5000-P,8280.77,86.95,0.0285,10.0,0.0325,6.0,90.93,8.4876,-3.18642,-3.61128,4e-05,-0.10104
8410.51,BTC-27SEP19,1559300341131,open,0.41,3.2,0.357,0.4695,0.41339927,87.84,0.481,0.0,BTC-27SEP19-11000-P,8280.77,17.3,0.308,0.1,1.133,0.3,500.0,18.38727,-6.79319,-28.09061,9e-05,-0.61211
8336.49,BTC-28JUN19,1559300341131,open,0.64,43.6,0.6005,0.68,0.6403438,135.14,0.6755,0.0,BTC-28JUN19-3000-C,8280.77,0.0,0.004,0.5,0.7765,2.0,500.0,0.12813,-0.31057,2.27881,0.0,0.99827
8410.51,BTC-27SEP19,1559300341131,open,0.51,6.1,0.451,0.571,0.51099163,88.54,1.781,0.0,BTC-27SEP19-12000-P,8280.77,0.0,0.0105,0.1,1.2445,0.3,500.0,17.29852,-6.44201,-32.4571,8e-05,-0.67392
8336.48,BTC-28JUN19,1559300341132,open,0.55,30.0,0.5115,0.591,0.55114723,128.16,0.298,0.0,BTC-28JUN19-3750-C,8280.77,0.0,0.0015,4.0,0.7415,3.0,500.0,0.47679,-1.09605,2.81,1e-05,0.99251
255.23,index_price,1559300341127,open,0.38,0.0,0.319,0.427,0.372982,116.21,None,0,ETH-7JUN19-350-P,255.23,0.0,0.0,0.0,0.471,2.0,378.9,0.02298,-0.19423,-0.06463,0.00161,-0.97129
8410.51,BTC-27SEP19,1559300341133,open,0.02,1028.2,0.0005,0.057,0.01673066,92.21,0.0175,0.0,BTC-27SEP19-4250-P,8280.77,88.79,0.0145,21.0,0.0185,10.7,94.78,5.66932,-2.19873,-2.08409,3e-05,-0.05935
8280.77,index_price,1559300341128,open,0.0,113.1,0.0005,0.042,0.00193535,100.39,0.0025,0,BTC-7JUN19-6500-P,8280.77,80.74,0.0005,33.9,0.002,3.4,101.01,0.85563,-6.2464,-0.05591,7e-05,-0.03391
8410.5,BTC-27SEP19,1559300341131,open,0.03,134.7,0.0005,0.0705,0.02957764,87.95,0.023,0.0,BTC-27DEC19-4000-P,8280.77,84.99,0.0265,16.0,0.0325,16.0,90.66,8.92072,-1.86921,-5.00118,2e-05,-0.07384
8336.48,BTC-28JUN19,1559300341136,open,0.49,10.5,0.452,0.5315,0.49171426,116.73,0.428,0.0,BTC-28JUN19-4250-C,8280.77,0.0,0.034,2.0,0.667,3.0,500.0,0.73149,-1.53151,3.15825,1e-05,0.98777
8280.77,index_price,1559300341129,open,0.0,0.045,0.1245,0.08478405,87.03,None,0,BTC-14JUN19-8000-C,8280.77,87.32,0.085,18.0,0.09,0.2,94.01,6.17923,-19.37771,1.664,0.00027,0.61338
257.77,ETH-27SEP19,1559300341139,open,1.24,0.0,1.134,1.31,1.221929,111.88,None,0.0,ETH-27SEP19-560-P,255.22,0.0,0.0,0.0,0.0,0.0,0.0,0.39288,-0.18489,-1.70991,0.00162,-0.81484
257.76,ETH-27SEP19,1559300341139,open,0.8,0.0,0.714,0.856,0.785197,105.32,None,0.0,ETH-27SEP19-440-P,255.22,0.0,0.0,0.0,0.0,0.0,0.0,0.49334,-0.21854,-1.26539,0.00216,-0.72213
256.74,ETH-28JUN19,1559300341139,open,0.01,133.0,0.001,0.045,0.005734,122.32,0.015,0.0,ETH-28JUN19-480-C,255.22,110.07,0.003,480.0,0.008,390.0,129.96,0.06879,-0.15094,0.00795,0.00112,0.04629
257.76,ETH-27SEP19,1559300341139,open,0.34,37.0,0.275,0.38,0.327736,97.58,0.221,0.0,ETH-27SEP19-300-P,255.22,93.74,0.319,36.0,0.336,36.0,101.21,0.58684,-0.24085,-0.6929,0.00278,-0.49764
256.73,ETH-28JUN19,1559300341139,open,0.53,50.0,0.494,0.573,0.53361,123.3,0.547,0.0,ETH-28JUN19-120-C,255.22,0.0,0.0,0.0,0.0,0.0,0.0,0.0158,-0.03494,0.08985,0.00025,0.99185
256.73,ETH-28JUN19,1559300341139,open,0.57,10.0,0.533,0.612,0.572554,136.14,0.265,0.0,ETH-28JUN19-110-C,255.22,0.0,0.0,0.0,0.0,0.0,0.0,0.01439,-0.03515,0.08237,0.00021,0.99267
257.76,ETH-27SEP19,1559300341139,open,0.11,1166.0,0.064,0.143,0.103185,101.47,0.1,0.0,ETH-27SEP19-380-C,255.22,99.49,0.099,233.0,0.106,120.0,102.8,0.54582,-0.23296,0.20863,0.00249,0.35171
256.73,ETH-28JUN19,1559300341139,open,0.45,335.0,0.417,0.496,0.456242,106.58,0.481,0.0,ETH-28JUN19-140-C,255.22,0.0,0.021,3.0,0.6,1.0,411.89,0.02484,-0.04748,0.10393,0.00046,0.98631
256.73,ETH-28JUN19,1559300341140,open,0.49,386.0,0.456,0.535,0.495151,117.76,0.321,0.0,ETH-28JUN19-130-C,255.22,0.0,0.14,49.0,0.514,2.0,200.58,0.02233,-0.04717,0.09661,0.00038,0.98789
257.76,ETH-27SEP19,1559300341140,open,0.07,1466.0,0.026,0.105,0.065325,107.13,0.092,0.0,ETH-27SEP19-480-C,255.22,104.08,0.06,142.0,0.07,290.0,109.75,0.4557,-0.20534,0.14535,0.00197,0.23847
256.73,ETH-28JUN19,1559300341140,open,0.14,1488.0,0.103,0.182,0.142372,100.34,0.149,0.0,ETH-28JUN19-240-C,255.22,95.09,0.137,80.0,0.145,144.0,102.9,0.26316,-0.47362,0.09926,0.00521,0.64864
256.73,ETH-28JUN19,1559300341140,open,0.25,2170.0,0.206,0.285,0.245394,100.36,0.239,0.0,ETH-28JUN19-200-C,255.22,88.21,0.238,128.0,0.246,48.0,101.29,0.16497,-0.29696,0.11866,0.00327,0.85061
256.73,ETH-28JUN19,1559300341141,open,0.23,141.0,0.178,0.275,0.226717,104.94,0.265,0.0,ETH-28JUN19-300-P,255.22,101.28,0.223,144.0,0.233,144.0,111.05,0.2621,-0.49333,-0.17239,0.00496,-0.65251
256.73,ETH-28JUN19,1559300341141,open,0.01,7342.0,0.001,0.045,0.005065,125.79,0.004,0.0,ETH-28JUN19-500-C,255.22,115.82,0.003,250.0,0.007,690.0,133.05,0.06189,-0.13966,0.00697,0.00098,0.04061
257.76,ETH-27SEP19,1559300341142,open,0.4,24.0,0.331,0.441,0.386329,98.48,0.408,0.0,ETH-27SEP19-320-P,255.22,94.8,0.378,36.0,0.395,36.0,102.3,0.58369,-0.24177,-0.77878,0.00274,-0.54136
255.22,index_price,1559300341139,open,0.0,0.069,0.148,0.108339,99.26,None,0,ETH-14JUN19-240-C,255.22,94.57,0.105,180.0,0.119,180.0,114.11,0.18218,-0.65163,0.0536,0.00741,0.66073
8410.5,BTC-27SEP19,1559300341369,open,0.57,4.4,0.503,0.628,0.56543554,85.67,0.5765,0.0,BTC-27DEC19-12000-P,8280.77,80.24,0.5495,3.6,0.568,3.6,86.54,24.82216,-5.06642,-55.77806,7e-05,-0.58794
8280.77,index_price,1559300341383,open,0.0,0.0045,0.0875,0.04614463,87.84,None,0,BTC-7JUN19-8250-P,8280.77,76.58,0.04,18.0,0.046,18.0,87.58,4.51532,-28.84349,-0.79528,0.0004,-0.46368
8410.5,BTC-27SEP19,1559300341538,open,0.01,336.3,0.0005,0.054,0.01369775,94.07,0.0135,0.0,BTC-27SEP19-4000-P,8280.77,90.13,0.0115,6.0,0.015,5.0,96.26,4.88598,-1.9332,-1.72254,2e-05,-0.04919
8336.43,BTC-28JUN19,1559300341576,open,0.01,335.5,0.0005,0.046,0.0063036,95.71,0.007,0.0,BTC-28JUN19-13000-C,8280.77,89.78,0.0045,24.0,0.0075,24.0,99.14,2.77546,-4.76492,0.34741,5e-05,0.06087
8336.43,BTC-28JUN19,1559300341609,open,0.07,551.7,0.0265,0.106,0.06645087,88.64,0.0645,0.0,BTC-28JUN19-9000-C,8280.77,85.45,0.063,24.4,0.067,1.0,89.15,9.02617,-14.3512,2.28014,0.00019,0.42459
8410.53,BTC-27SEP19,1559300341762,open,0.01,178.6,0.0005,0.0485,0.0082733,97.98,0.0075,0.0,BTC-27DEC19-2500-P,8280.77,91.89,0.006,10.0,0.01,10.0,102.02,3.41304,-0.79667,-1.48884,1e-05,-0.02251
8410.53,BTC-27SEP19,1559300341899,open,0.11,531.9,0.066,0.1455,0.10550821,87.84,0.108,0.0,BTC-27SEP19-11000-C,8280.77,87.37,0.1045,10.0,0.1065,4.9,88.29,18.38725,-6.79302,7.73492,9e-05,0.38789
8410.53,BTC-27SEP19,1559300341945,open,0.35,718.9,0.307,0.3865,0.3467737,86.51,0.355,0.0,BTC-27SEP19-6000-C,8280.77,81.52,0.3395,5.0,0.353,4.8,90.69,12.41503,-4.51729,13.07368,6e-05,0.82405
8410.53,BTC-27SEP19,1559300342147,open,0.04,282.0,0.003,0.086,0.04445646,88.24,0.0475,0.0,BTC-27SEP19-5500-P,8280.77,86.66,0.0425,10.0,0.046,6.0,89.47,10.51111,-3.90097,-4.96232,5e-05,-0.1367
8280.77,index_price,1559300342162,open,0.0,267.9,0.0005,0.0425,0.00258019,99.7,0.0035,0,BTC-7JUN19-10500-C,8280.77,84.83,0.001,34.7,0.0035,34.0,105.86,1.13034,-8.19501,0.0705,9e-05,0.04778
8280.77,index_price,1559300342164,open,0.0,267.9,0.0005,0.0425,0.00258019,99.7,0.0035,0,BTC-7JUN19-10500-C,8280.77,84.83,0.001,44.7,0.0035,34.0,105.86,1.13034,-8.19501,0.0705,9e-05,0.04778
255.22,index_price,1559300342170,open,0.26,142.0,0.208,0.308,0.258143,106.66,0.169,0,ETH-7JUN19-320-P,255.22,0.0,0.0,0.0,0.333,2.0,291.72,0.0473,-0.36692,-0.0571,0.00361,-0.92947
257.77,ETH-27SEP19,1559300342187,open,0.23,1422.0,0.172,0.268,0.220107,95.53,0.259,0.0,ETH-27SEP19-260-P,255.22,92.31,0.213,48.0,0.226,120.0,98.21,0.56784,-0.22815,-0.51948,0.00275,-0.39867
8410.53,BTC-27SEP19,1559300342190,open,0.07,143.5,0.028,0.1075,0.06782078,89.32,0.067,0.0,BTC-27SEP19-13000-C,8280.77,88.62,0.0665,10.0,0.069,4.9,89.94,15.99983,-6.01099,5.66002,8e-05,0.27445
8280.77,index_price,1559300342193,open,0.0,267.9,0.0005,0.0425,0.00258019,99.7,0.0035,0,BTC-7JUN19-10500-C,8280.77,84.83,0.001,44.7,0.0035,30.0,105.86,1.13034,-8.19501,0.0705,9e-05,0.04778
257.77,ETH-27SEP19,1559300342200,open,0.12,1312.0,0.075,0.154,0.114551,100.26,0.11,0.0,ETH-27SEP19-360-C,255.22,98.16,0.11,230.0,0.117,120.0,101.38,0.56142,-0.23674,0.22532,0.00259,0.38294
8410.53,BTC-27SEP19,1559300342215,open,0.22,1003.6,0.1725,0.252,0.21234082,85.0,0.2145,0.0,BTC-27SEP19-8000-C,8280.77,82.74,0.2075,5.0,0.216,3.6,86.71,18.03773,-6.44868,11.58343,9e-05,0.63522
8410.53,BTC-27SEP19,1559300342215,open,0.24,85.6,0.188,0.2865,0.23713824,85.82,0.2395,0.0,BTC-27SEP19-9000-P,8280.77,83.11,0.231,3.6,0.24,0.5,87.08,19.04006,-6.87241,-19.02952,0.0001,-0.45757
8410.53,BTC-27SEP19,1559300342217,open,0.77,0.0,0.727,0.8065,0.76696346,103.45,None,0.0,BTC-27DEC19-2000-C,8280.77,0.0,0.0175,3.0,0.99,0.5,500.0,2.14927,-0.52971,10.63623,1e-05,0.9869
256.74,ETH-28JUN19,1559300342239,open,0.06,2761.0,0.019,0.098,0.058277,105.03,0.055,0.0,ETH-28JUN19-300-C,255.22,100.81,0.054,272.0,0.06,127.0,106.71,0.26218,-0.49391,0.05676,0.00496,0.34776
257.77,ETH-27SEP19,1559300342239,open,0.07,4775.0,0.027,0.111,0.068834,95.86,0.065,0.0,ETH-27SEP19-180-P,255.22,91.19,0.062,182.0,0.071,168.0,97.32,0.38084,-0.15355,-0.20571,0.00184,-0.17619
8410.53,BTC-27SEP19,1559300342246,open,0.01,42.8,0.0005,0.0505,0.01049099,94.83,0.0115,0.0,BTC-27SEP19-3750-P,8280.77,91.61,0.009,15.0,0.012,4.7,97.86,4.04672,-1.61406,-1.35399,2e-05,-0.03894
256.74,ETH-28JUN19,1559300342250,open,0.02,3715.0,0.001,0.057,0.016728,100.33,0.007,0.0,ETH-28JUN19-190-P,255.22,90.68,0.012,489.0,0.017,389.0,100.85,0.13376,-0.24071,-0.02493,0.00265,-0.1104
8280.77,index_price,1559300342280,open,0.0,0.0415,0.128,0.08471227,91.54,None,0,BTC-7JUN19-8750-P,8280.77,73.05,0.0755,18.0,0.0825,18.0,87.18,4.22487,-28.12422,-1.14061,0.00036,-0.6465
8410.53,BTC-27SEP19,1559300342316,open,0.47,13.1,0.408,0.5245,0.46629017,83.93,0.413,0.0,BTC-27DEC19-11000-P,8280.77,80.01,0.4545,3.6,0.472,3.6,85.83,25.30704,-5.06029,-48.72397,7e-05,-0.54122
257.77,ETH-27SEP19,1559300342320,open,0.25,2038.0,0.205,0.284,0.24429,95.85,0.236,0.0,ETH-27SEP19-240-C,255.22,90.95,0.234,116.0,0.249,116.0,98.09,0.54086,-0.21804,0.34641,0.00261,0.65692
8336.39,BTC-28JUN19,1559300342345,open,0.61,0.1,0.571,0.6505,0.61057352,135.17,0.395,0.0,BTC-28JUN19-3250-C,8280.77,0.0,0.0015,1.4,0.7645,2.0,500.0,0.23459,-0.56874,2.45783,0.0,0.99662
8410.53,BTC-27SEP19,1559300342347,open,0.98,0.0,0.9035,1.0615,0.98241932,88.29,None,0.0,BTC-27DEC19-16000-P,8280.77,0.0,0.0055,5.0,1.8235,0.2,500.0,20.91859,-4.40018,-83.02037,6e-05,-0.73427
8410.53,BTC-27SEP19,1559300342347,open,0.82,0.0,0.784,0.8635,0.82366177,107.58,None,0.0,BTC-27DEC19-1500-C,8280.77,0.0,0.1,0.1,0.991,0.5,500.0,1.05978,-0.27161,8.24509,0.0,0.99415
255.22,index_price,1559300342394,open,0.0,0.253,0.357,0.305192,106.44,None,0,ETH-14JUN19-330-P,255.22,0.0,0.0,0.0,0.0,0.0,0.0,0.10431,-0.40009,-0.11419,0.00396,-0.8717
8410.53,BTC-27SEP19,1559300342422,open,0.0,420.5,0.0005,0.041,0.00130456,112.33,0.0035,0.0,BTC-27SEP19-2000-P,8280.77,99.74,0.0005,25.0,0.002,5.8,119.33,0.72069,-0.3405,-0.17862,0.0,-0.00522
8280.77,index_price,1559300342425,open,0.16,57.0,0.12,0.1995,0.15988197,93.29,0.202,0,BTC-7JUN19-7000-C,8280.77,0.0,0.1545,0.1,0.1875,0.2,178.52,1.75864,-11.9308,1.17889,0.00015,0.91563
8410.53,BTC-27SEP19,1559300342475,open,2.12,0.0,1.9995,2.249,2.12404421,96.56,None,0.0,BTC-27DEC19-26000-P,8280.77,0.0,0.0055,10.0,2.9925,0.2,499.84,12.75445,-2.93417,-145.27986,3e-05,-0.88004
8336.39,BTC-28JUN19,1559300342479,open,0.82,33.8,0.7805,0.86,0.82006823,160.0,0.7145,0.0,BTC-28JUN19-1500-C,8280.77,0.0,0.002,0.4,0.8645,2.0,500.0,0.00205,-0.0059,1.14543,0.0,0.99998
255.22,index_price,1559300342493,open,0.0,0.221,0.3,0.260146,99.23,None,0,ETH-14JUN19-190-C,255.22,0.0,0.0,0.0,0.0,0.0,0.0,0.05328,-0.1905,0.0667,0.00217,0.9476
8410.53,BTC-27SEP19,1559300342510,open,0.71,0.0,0.6715,0.751,0.71102581,97.97,None,0.0,BTC-27DEC19-2500-C,8280.77,0.0,0.0175,3.0,0.988,0.5,500.0,3.41281,-0.79659,12.88634,1e-05,0.97749
8410.53,BTC-27SEP19,1559300342520,open,0.04,34.7,0.0005,0.077,0.03732275,94.81,0.047,0.0,BTC-27DEC19-24000-C,8280.77,92.75,0.034,6.0,0.0395,10.0,96.1,13.90715,-3.14109,4.76518,4e-05,0.13586
8336.39,BTC-28JUN19,1559300342533,open,1.39,0.4,1.304,1.4955,1.39982644,120.94,5.076,0.0,BTC-28JUN19-20000-P,8280.77,0.0,0.0,0.0,1.6995,2.0,499.88,0.45566,-0.98846,-15.23353,1e-05,-0.99288
8410.53,BTC-27SEP19,1559300342544,open,0.49,289.7,0.446,0.5255,0.48553635,90.91,0.51,0.0,BTC-27SEP19-4500-C,8280.77,0.0,0.0215,4.0,0.7215,5.0,299.36,6.5488,-2.50404,12.1343,3e-05,0.92852
8410.53,BTC-27SEP19,1559300342592,open,0.01,615.2,0.0005,0.045,0.00506877,101.63,0.0045,0.0,BTC-27SEP19-3000-P,8280.77,95.16,0.0035,21.0,0.006,4.0,104.93,2.25956,-0.96588,-0.66884,1e-05,-0.01935
8336.39,BTC-28JUN19,1559300342592,open,0.46,219.3,0.4225,0.502,0.46201065,110.68,0.483,0.0,BTC-28JUN19-4500-C,8280.77,0.0,0.2005,2.0,0.55,0.1,322.61,0.87524,-1.73762,3.32933,1e-05,0.98494
8410.53,BTC-27SEP19,1559300342592,open,0.35,63.1,0.3115,0.391,0.35148115,83.67,0.311,0.0,BTC-27DEC19-6500-C,8280.77,19.84,0.2295,0.1,0.98,4.0,500.0,19.58583,-3.90417,20.01133,6e-05,0.76527
8280.77,index_price,1559300342658,open,0.0,0.0005,0.0465,0.00631441,91.38,None,0,BTC-14JUN19-6500-P,8280.77,88.3,0.0055,30.0,0.008,3.8,97.23,2.25757,-7.43407,-0.25221,9e-05,-0.0738
255.22,index_price,1559300342663,open,0.15,18.0,0.107,0.186,0.146758,99.08,0.136,0,ETH-7JUN19-220-C,255.22,96.21,0.146,60.0,0.152,60.0,116.16,0.07131,-0.51378,0.03511,0.00587,0.87698
256.74,ETH-28JUN19,1559300342704,open,0.03,2779.0,0.001,0.065,0.025138,111.71,0.031,0.0,ETH-28JUN19-360-C,255.22,107.17,0.022,292.0,0.027,144.0,114.3,0.18186,-0.36441,0.02908,0.00323,0.17345
255.22,index_price,1559300342736,open,0.0,0.121,0.2,0.160793,99.28,None,0,ETH-14JUN19-220-C,255.22,95.85,0.159,60.0,0.169,60.0,113.99,0.13669,-0.48899,0.06262,0.00556,0.80619
8280.77,index_price,1559300342746,open,0.0,0.0005,0.0535,0.01391301,91.85,None,0,BTC-7JUN19-9250-C,8280.77,86.88,0.012,24.0,0.015,24.0,94.59,3.2529,-21.72786,0.30205,0.00027,0.20755
257.77,ETH-27SEP19,1559300342744,open,0.25,2038.0,0.205,0.284,0.244306,95.85,0.236,0.0,ETH-27SEP19-240-C,255.22,90.95,0.234,116.0,0.248,36.0,97.61,0.54086,-0.21804,0.34641,0.00261,0.65692
256.74,ETH-28JUN19,1559300342750,open,0.02,2566.0,0.001,0.055,0.015222,116.26,0.013,0.0,ETH-28JUN19-400-C,255.22,111.86,0.013,100.0,0.017,390.0,119.56,0.13457,-0.28062,0.01885,0.0023,0.11134
257.77,ETH-27SEP19,1559300342753,open,0.17,1458.0,0.124,0.203,0.163971,97.62,0.195,0.0,ETH-27SEP19-300-C,255.22,95.0,0.158,121.0,0.168,36.0,99.39,0.58686,-0.24096,0.28419,0.00278,0.50248
8336.49,BTC-28JUN19,1559300342764,open,0.05,13.6,0.0095,0.089,0.04944928,89.19,0.0505,0.0,BTC-28JUN19-9500-C,8280.77,86.27,0.0465,29.3,0.0515,15.3,91.2,8.46097,-13.53559,1.86302,0.00018,0.34207
257.77,ETH-27SEP19,1559300342762,open,0.23,1422.0,0.172,0.268,0.220106,95.53,0.259,0.0,ETH-27SEP19-260-P,255.22,92.76,0.214,48.0,0.226,120.0,98.21,0.56784,-0.22815,-0.51948,0.00275,-0.39867
8336.39,BTC-28JUN19,1559300342766,open,0.29,1826.5,0.2515,0.331,0.29122363,94.59,0.288,0.0,BTC-28JUN19-6000-C,8280.77,78.7,0.2855,4.4,0.2915,3.9,95.23,3.5039,-5.94505,3.98753,7e-05,0.91755
8280.77,index_price,1559300342779,open,4.0,0.01,0.0895,0.04986007,87.85,0.05,0,BTC-7JUN19-8250-C,8280.77,83.51,0.0475,18.0,0.0535,18.0,94.52,4.51532,-28.84421,0.75882,0.0004,0.53632
257.77,ETH-27SEP19,1559300342775,open,0.28,818.0,0.242,0.321,0.281105,95.84,0.35,0.0,ETH-27SEP19-220-C,255.22,90.65,0.271,80.0,0.284,12.0,97.34,0.50081,-0.20189,0.36288,0.00241,0.71333
257.77,ETH-27SEP19,1559300342782,open,0.14,1657.0,0.09,0.179,0.134579,95.86,0.144,0.0,ETH-27SEP19-220-P,255.22,91.95,0.127,48.0,0.138,120.0,97.61,0.50081,-0.20193,-0.35366,0.00241,-0.28667
8280.77,index_price,1559300342781,open,0.0,0.0415,0.128,0.08471198,91.54,None,0,BTC-7JUN19-8750-P,8280.77,74.08,0.076,18.0,0.0825,18.0,87.18,4.22487,-28.12422,-1.14061,0.00036,-0.6465
8410.53,BTC-27SEP19,1559300342788,open,0.47,13.1,0.408,0.5245,0.46628774,83.93,0.413,0.0,BTC-27DEC19-11000-P,8280.77,80.17,0.455,3.6,0.472,3.6,85.83,25.30704,-5.06029,-48.72397,7e-05,-0.54122
8280.77,index_price,1559300342793,open,0.0,0.173,0.2705,0.22170168,90.46,None,0,BTC-14JUN19-10000-P,8280.77,0.0,0.0,0.0,0.0,0.0,0.0,3.97947,-12.97193,-3.33214,0.00017,-0.8368
256.74,ETH-28JUN19,1559300342806,open,0.23,141.0,0.178,0.275,0.226785,105.07,0.265,0.0,ETH-28JUN19-300-P,255.22,101.31,0.223,144.0,0.234,144.0,112.04,0.26221,-0.49418,-0.17234,0.00496,-0.65214
8410.5,BTC-27SEP19,1559300342812,open,0.57,4.4,0.503,0.628,0.56543257,85.67,0.5765,0.0,BTC-27DEC19-12000-P,8280.77,80.41,0.55,3.6,0.568,3.6,86.54,24.82216,-5.06642,-55.77806,7e-05,-0.58794
8410.53,BTC-27SEP19,1559300342817,open,0.11,531.9,0.066,0.1455,0.10550888,87.84,0.108,0.0,BTC-27SEP19-11000-C,8280.77,87.37,0.1045,10.0,0.106,4.9,88.06,18.38725,-6.79302,7.73492,9e-05,0.38789
8336.43,BTC-28JUN19,1559300342818,open,0.15,98.2,0.1005,0.1915,0.14604416,88.63,0.137,0.0,BTC-28JUN19-9000-P,8280.77,83.97,0.141,14.4,0.1495,18.7,91.82,9.02606,-14.34889,-4.59338,0.00019,-0.57544
255.22,index_price,1559300342819,open,0.0,0.154,0.25,0.201936,103.94,None,0,ETH-14JUN19-300-P,255.22,90.39,0.194,60.0,0.206,60.0,110.54,0.15578,-0.58349,-0.09302,0.00605,-0.75689
255.22,index_price,1559300342826,open,0.05,621.0,0.003,0.085,0.043989,98.98,0.042,0,ETH-7JUN19-250-P,255.22,89.63,0.039,180.0,0.043,73.0,97.12,0.1364,-0.98175,-0.02197,0.01123,-0.41292
255.22,index_price,1559300342832,open,0.01,114.0,0.001,0.046,0.006616,105.51,0.01,0,ETH-7JUN19-310-C,255.22,93.51,0.004,300.0,0.007,184.0,107.05,0.06237,-0.47853,0.00459,0.00482,0.10199
255.22,index_price,1559300342838,open,0.0,0.186,0.284,0.235313,105.06,None,0,ETH-14JUN19-310-P,255.22,88.55,0.227,60.0,0.239,60.0,111.74,0.13871,-0.52514,-0.10059,0.00533,-0.80144
255.22,index_price,1559300342840,open,0.01,114.0,0.001,0.046,0.006616,105.51,0.01,0,ETH-7JUN19-310-C,255.22,93.51,0.004,448.0,0.007,184.0,107.05,0.06237,-0.47853,0.00459,0.00482,0.10199
255.22,index_price,1559300342857,open,0.23,249.0,0.173,0.27,0.221254,105.32,0.228,0,ETH-7JUN19-310-P,255.22,0.0,0.214,60.0,0.222,60.0,108.48,0.06216,-0.47606,-0.05383,0.00481,-0.89847
255.22,index_price,1559300342859,open,0.0,0.093,0.172,0.132968,99.23,None,0,ETH-14JUN19-230-C,255.22,94.53,0.13,60.0,0.143,60.0,114.71,0.16232,-0.58043,0.05862,0.00661,0.73713
257.77,ETH-27SEP19,1559300342873,open,0.21,963.0,0.172,0.251,0.211455,95.52,0.203,0.0,ETH-27SEP19-260-C,255.22,92.15,0.204,194.0,0.217,36.0,98.05,0.56784,-0.22814,0.32731,0.00275,0.60132
8280.77,index_price,1559300342893,open,0.01,149.1,0.0005,0.045,0.00521371,93.29,0.005,0,BTC-7JUN19-7000-P,8280.77,84.48,0.0035,30.0,0.005,0.2,92.27,1.75859,-11.93035,-0.13973,0.00015,-0.08436
256.74,ETH-28JUN19,1559300342911,open,0.12,2319.0,0.073,0.162,0.11741,100.34,0.127,0.0,ETH-28JUN19-260-P,255.22,97.21,0.114,144.0,0.121,88.0,103.59,0.28183,-0.50722,-0.11379,0.00558,-0.4629
255.22,index_price,1559300342923,open,0.0,0.007,0.09,0.048682,99.21,None,0,ETH-14JUN19-240-P,255.22,91.24,0.043,240.0,0.045,25.0,94.06,0.18217,-0.65126,-0.03763,0.00742,-0.33922
8280.77,index_price,1559300342931,open,0.0,0.047,0.1265,0.08663833,90.52,None,0,BTC-7JUN19-7750-C,8280.77,85.82,0.0845,6.0,0.0905,6.0,98.84,3.7978,-24.99861,0.99451,0.00032,0.72419
8280.77,index_price,1559300343059,open,0.02,269.3,0.0005,0.0595,0.01989615,91.54,0.0195,0,BTC-7JUN19-9000-C,8280.77,85.1,0.017,27.5,0.02,0.7,91.77,3.78698,-25.20912,0.39672,0.00032,0.27422
8410.56,BTC-27SEP19,1559300343130,open,0.02,279.1,0.0005,0.0545,0.01496232,97.55,0.0155,0.0,BTC-27SEP19-22000-C,8280.75,94.99,0.013,15.0,0.0165,6.0,99.43,6.70369,-2.75057,1.60871,3e-05,0.07369
8336.39,BTC-28JUN19,1559300343130,open,0.0,94.5,0.0005,0.04,0.00042589,135.0,0.002,0.0,BTC-28JUN19-3250-P,8280.75,0.0,0.0,0.0,0.001,7.2,149.81,0.23278,-0.56366,-0.02404,0.0,-0.00335
8410.56,BTC-27SEP19,1559300343130,open,1.4,0.0,1.302,1.4935,1.39783431,95.9,None,0.0,BTC-27SEP19-20000-P,8280.75,0.0,0.0055,10.0,2.148,0.2,500.0,8.12789,-3.27849,-63.07277,4e-05,-0.90476
8410.56,BTC-27SEP19,1559300343130,open,0.51,0.2,0.4715,0.551,0.51141106,92.2,0.26,0.0,BTC-27SEP19-4250-C,8280.75,0.0,0.0115,0.1,0.731,5.0,299.39,5.66896,-2.19852,11.7578,3e-05,0.94065
8336.39,BTC-28JUN19,1559300343130,open,0.02,514.3,0.0005,0.0595,0.01974883,91.18,0.02,0.0,BTC-28JUN19-11000-C,8280.75,90.09,0.019,10.0,0.02,1.0,91.55,5.71781,-9.35184,0.92449,0.00012,0.16496
8410.56,BTC-27SEP19,1559300343130,open,1.63,0.0,1.526,1.7355,1.6307371,97.57,None,0.0,BTC-27SEP19-22000-P,8280.75,0.0,0.0055,10.0,0.0,0.0,0.0,6.70758,-2.75272,-70.04129,3e-05,-0.92625
8410.56,BTC-27SEP19,1559300343130,open,0.44,793.5,0.3965,0.476,0.43630013,89.25,0.4755,0.0,BTC-27SEP19-5000-C,8280.75,0.0,0.1105,2.0,0.5105,0.1,150.22,8.48732,-3.18623,12.67327,4e-05,0.89896
8336.39,BTC-28JUN19,1559300343130,open,0.45,10.0,0.393,0.5085,0.45055335,93.55,1.243,0.0,BTC-28JUN19-12000-P,8280.75,0.0,0.0005,1.0,0.8605,1.0,500.0,4.052,-6.79888,-8.59658,8e-05,-0.8997
8336.39,BTC-28JUN19,1559300343130,open,0.03,897.2,0.0005,0.0725,0.0316598,89.2,0.032,0.0,BTC-28JUN19-7000-P,8280.75,87.06,0.03,19.3,0.0335,17.0,91.54,6.50167,-10.40227,-1.49204,0.00014,-0.20269
8410.56,BTC-27SEP19,1559300343130,open,0.59,261.1,0.5535,0.633,0.59319745,99.31,0.52,0.0,BTC-27SEP19-3500-C,8280.75,0.0,0.161,1.0,0.601,0.5,114.91,3.58647,-1.49805,10.22279,2e-05,0.9664
8410.56,BTC-27SEP19,1559300343130,open,0.0,332.9,0.0005,0.0425,0.00250252,104.98,0.002,0.0,BTC-27SEP19-2500-P,8280.75,97.32,0.0015,15.0,0.0035,0.9,110.84,1.28448,-0.56715,-0.34375,1e-05,-0.01005
8410.56,BTC-27SEP19,1559300343130,open,0.83,0.0,0.7555,0.9015,0.8285278,90.86,None,0.0,BTC-27SEP19-15000-P,8280.75,0.0,0.0065,0.1,1.5815,0.3,500.0,13.26967,-5.07146,-44.7217,6e-05,-0.80412
8410.56,BTC-27SEP19,1559300343130,open,0.03,124.3,0.0005,0.066,0.02632139,93.47,0.041,0.0,BTC-27SEP19-18000-C,8280.75,91.43,0.024,15.0,0.028,6.0,94.9,9.77541,-3.84332,2.65104,5e-05,0.1231
8336.39,BTC-28JUN19,1559300343130,open,0.0,685.1,0.0005,0.04,3.357e-05,135.0,0.001,0.0,BTC-28JUN19-2500-P,8280.75,0.0,0.0,0.0,0.001,10.0,188.96,0.027,-0.06539,-0.00225,0.0,-0.00032
8410.56,BTC-27SEP19,1559300343130,open,0.38,1.1,0.322,0.4315,0.37668702,83.68,0.357,0.0,BTC-27DEC19-10000-P,8280.75,79.81,0.365,3.6,0.381,3.6,85.11,25.41793,-5.06721,-41.53958,7e-05,-0.48226
8280.75,index_price,1559300343130,open,0.0,537.4,0.0005,0.0415,0.00164807,106.35,0.0045,0,BTC-7JUN19-11000-C,8280.75,89.5,0.0005,63.2,0.002,14.0,109.84,0.78559,-6.07563,0.04512,6e-05,0.03058
8280.75,index_price,1559300343129,open,0.0,0.0005,0.063,0.02254163,90.52,None,0,BTC-7JUN19-7750-P,8280.75,79.3,0.0175,24.0,0.0215,24.0,88.24,3.79782,-24.99829,-0.4654,0.00032,-0.27582
8336.37,BTC-28JUN19,1559300343131,open,0.68,1.3,0.616,0.75,0.68300882,97.59,2.415,0.0,BTC-28JUN19-14000-P,8280.75,0.0,0.0,0.0,1.0625,1.0,499.72,1.86062,-3.25707,-10.47991,4e-05,-0.96306
8410.56,BTC-27SEP19,1559300343132,open,0.11,78.4,0.061,0.149,0.1048986,85.56,0.0895,0.0,BTC-27SEP19-7000-P,8280.75,83.21,0.1005,26.7,0.108,4.9,87.21,15.79912,-5.6854,-10.20328,8e-05,-0.26759
8410.56,BTC-27SEP19,1559300343132,open,0.71,55.9,0.6655,0.745,0.70525609,104.97,0.689,0.0,BTC-27SEP19-2500-C,8280.75,0.0,0.0065,0.1,0.955,5.0,500.0,1.28414,-0.56696,7.79853,1e-05,0.98996
8280.75,index_price,1559300343130,open,0.0,0.2255,0.3275,0.27656249,91.57,None,0,BTC-14JUN19-10500-P,8280.75,0.0,0.0,0.0,0.0,0.0,0.0,2.98335,-9.84369,-3.68062,0.00012,-0.89264
8410.56,BTC-27SEP19,1559300343132,open,0.46,13.5,0.4205,0.5,0.46045439,89.92,0.382,0.0,BTC-27SEP19-4750-C,8280.75,0.0,0.0115,0.1,0.712,5.0,299.03,7.49211,-2.83363,12.44131,4e-05,0.91465
8410.54,BTC-27SEP19,1559300343132,open,1.17,1.0,1.08,1.253,1.16649567,93.48,1.5815,0.0,BTC-27SEP19-18000-P,8280.75,0.0,0.0065,0.1,1.9205,0.3,500.0,9.77583,-3.84358,-55.97245,5e-05,-0.87689
8336.37,BTC-28JUN19,1559300343132,open,0.01,1197.5,0.0005,0.051,0.01095918,94.57,0.0105,0.0,BTC-28JUN19-6000-P,8280.75,92.25,0.01,46.4,0.0115,4.3,95.85,3.5028,-5.94195,-0.5945,7e-05,-0.08242
8410.54,BTC-27SEP19,1559300343133,open,0.04,61.6,0.0005,0.0765,0.03684317,91.39,0.0425,0.0,BTC-27SEP19-16000-C,8280.75,89.36,0.034,14.9,0.0385,4.9,92.55,11.93688,-4.58868,3.52348,6e-05,0.16547
8336.37,BTC-28JUN19,1559300343133,open,0.0,1396.0,0.0005,0.04,7e-08,135.0,0.001,0.0,BTC-28JUN19-1500-P,8280.75,0.0,0.0,0.0,0.0005,90.1,245.29,0.0001,-0.00024,-1e-05,0.0,0.0
8410.54,BTC-27SEP19,1559300343130,open,0.03,11.0,0.0005,0.0685,0.02865243,97.99,0.036,0.0,BTC-27DEC19-28000-C,8280.75,95.27,0.025,16.0,0.0305,10.0,99.3,11.69066,-2.72914,3.74916,3e-05,0.10618
8410.54,BTC-27SEP19,1559300343133,open,0.17,161.4,0.117,0.21,0.16353217,85.0,0.16,0.0,BTC-27SEP19-8000-P,8280.75,82.89,0.159,19.6,0.1685,4.9,87.32,18.03772,-6.4488,-14.47156,9e-05,-0.36478
8410.54,BTC-27SEP19,1559300343133,open,0.32,5.7,0.2675,0.3725,0.31986195,86.19,0.334,0.0,BTC-27SEP19-10000-P,8280.75,83.6,0.314,3.6,0.3265,3.6,89.12,19.04131,-6.90326,-23.61326,0.0001,-0.54219
8410.54,BTC-27SEP19,1559300343130,open,3.3,0.0,3.1275,3.471,3.29921648,103.27,None,0.0,BTC-27DEC19-36000-P,8280.75,0.0,0.0,0.0,0.0,0.0,0.0,8.69628,-2.13948,-204.45947,2e-05,-0.92858
8336.37,BTC-28JUN19,1559300343135,open,0.58,143.2,0.541,0.6205,0.58091086,133.91,0.56,0.0,BTC-28JUN19-3500-C,8280.75,0.0,0.15,0.1,0.5885,0.4,198.32,0.37429,-0.89901,2.6319,1e-05,0.9943
8280.75,index_price,1559300343130,open,0.0,0.0825,0.162,0.12231051,87.2,None,0,BTC-14JUN19-7500-C,8280.75,0.0,0.0,0.0,0.1565,1.0,138.88,5.15489,-16.19795,1.96891,0.00023,0.74776
8410.54,BTC-27SEP19,1559300343133,open,0.32,53.7,0.2815,0.361,0.32105231,83.67,0.33,0.0,BTC-27DEC19-7000-C,8280.75,55.47,0.2505,0.1,0.3745,0.3,105.02,21.1677,-4.21952,19.67704,6e-05,0.72793
8410.54,BTC-27SEP19,1559300343131,open,1.2,0.0,1.116,1.292,1.2041309,89.97,None,0.0,BTC-27DEC19-18000-P,8280.75,0.0,0.0055,5.0,2.0565,0.2,499.91,18.85564,-4.04169,-95.98162,5e-05,-0.78057
8410.54,BTC-27SEP19,1559300343130,open,0.66,0.0,0.6165,0.696,0.65648118,93.52,None,0.0,BTC-27DEC19-3000-C,8280.75,0.0,0.0065,0.4,0.987,0.5,500.0,4.96055,-1.10518,14.90657,1e-05,0.96472
8280.75,index_price,1559300343130,open,0.11,41.1,0.069,0.1485,0.10856113,90.54,0.114,0,BTC-7JUN19-7500-C,8280.75,0.0,0.0775,0.1,0.1165,0.1,110.35,3.13498,-20.6404,1.08613,0.00027,0.80485
8280.75,index_price,1559300343130,open,0.27,41.9,0.22,0.321,0.27057812,99.68,0.209,0,BTC-7JUN19-10500-P,8280.75,0.0,0.0,0.0,0.305,0.1,209.6,1.12952,-8.18721,-1.9075,9e-05,-0.95227
8280.75,index_price,1559300343130,open,0.33,402.5,0.277,0.383,0.33002695,106.32,0.32,0,BTC-7JUN19-11000-P,8280.75,0.0,0.0,0.0,0.3645,0.2,229.58,0.78464,-6.06639,-2.02707,6e-05,-0.96947
8410.54,BTC-27SEP19,1559300343132,open,1.43,0.0,1.334,1.528,1.43121939,92.06,None,0.0,BTC-27DEC19-20000-P,8280.75,0.0,0.0055,5.0,2.2905,0.2,500.0,17.09449,-3.74922,-108.56889,5e-05,-0.81376
8410.54,BTC-27SEP19,1559300343134,open,0.07,48.0,0.024,0.1035,0.06395662,89.97,0.065,0.0,BTC-27DEC19-18000-C,8280.75,88.42,0.0605,10.0,0.067,14.9,91.32,18.85537,-4.04158,7.51858,5e-05,0.21943
8280.75,index_price,1559300343130,open,0.02,256.8,0.0005,0.0545,0.014274,90.53,0.013,0,BTC-7JUN19-7500-P,8280.75,81.58,0.011,24.6,0.014,24.0,89.81,3.13485,-20.63825,-0.32666,0.00027,-0.19514
8410.54,BTC-27SEP19,1559300343133,open,0.87,0.0,0.8,0.9495,0.87487751,87.81,None,0.0,BTC-27DEC19-15000-P,8280.75,0.0,0.0055,10.0,1.707,0.2,500.0,22.03907,-4.61056,-76.35599,6e-05,-0.70401
8410.54,BTC-27SEP19,1559300343132,open,0.16,337.7,0.1185,0.198,0.15840346,83.93,0.166,0.0,BTC-27DEC19-11000-C,8280.75,83.3,0.1565,10.0,0.166,13.6,86.45,25.30706,-5.06024,14.52625,7e-05,0.45878
8410.54,BTC-27SEP19,1559300343134,open,0.06,77.2,0.015,0.0995,0.05725216,85.01,0.0545,0.0,BTC-27DEC19-5000-P,8280.75,82.96,0.054,10.0,0.06,16.0,86.72,13.45076,-2.72402,-9.02824,4e-05,-0.12943
8410.54,BTC-27SEP19,1559300343134,open,0.14,138.4,0.099,0.1785,0.13864463,85.67,0.1425,0.0,BTC-27DEC19-12000-C,8280.75,84.1,0.134,10.0,0.1425,13.6,86.98,24.82224,-5.06636,13.22224,7e-05,0.41205
8410.54,BTC-27SEP19,1559300343131,open,0.12,138.1,0.0805,0.16,0.12020314,86.51,0.1235,0.0,BTC-27DEC19-13000-C,8280.75,85.21,0.1165,10.0,0.1235,14.9,87.66,24.04814,-4.95635,12.00819,7e-05,0.36851
8410.54,BTC-27SEP19,1559300343133,open,0.02,87.4,0.0005,0.0605,0.02014971,90.32,0.02,0.0,BTC-27DEC19-3500-P,8280.75,86.95,0.0175,16.0,0.0225,16.0,93.15,6.82128,-1.4677,-3.5056,2e-05,-0.05234
255.22,index_price,1559300343325,open,1.0,0.001,0.066,0.02648,104.01,0.025,0,ETH-14JUN19-300-C,255.22,99.89,0.024,240.0,0.03,221.0,109.68,0.15584,-0.58405,0.02103,0.00605,0.24328
255.22,index_price,1559300343479,open,0.0,0.001,0.048,0.008455,99.23,None,0,ETH-14JUN19-200-P,255.22,90.7,0.006,300.0,0.009,92.0,100.97,0.07907,-0.28273,-0.0093,0.00322,-0.08741
257.77,ETH-27SEP19,1559300343498,open,1.09,0.0,0.991,1.156,1.073869,109.63,None,0.0,ETH-27SEP19-520-P,255.22,0.0,0.0,0.0,0.0,0.0,0.0,0.42315,-0.19513,-1.56533,0.00178,-0.79068
255.22,index_price,1559300343611,open,0.0,253.0,0.001,0.042,0.002135,111.98,0.014,0,ETH-7JUN19-340-C,255.22,0.0,0.0,0.0,0.002,164.0,110.73,0.02819,-0.22951,0.00167,0.00205,0.03677
257.77,ETH-27SEP19,1559300343660,open,0.14,1657.0,0.09,0.179,0.134579,95.86,0.144,0.0,ETH-27SEP19-220-P,255.22,91.95,0.127,159.0,0.138,120.0,97.61,0.50081,-0.20193,-0.35366,0.00241,-0.28667
255.22,index_price,1559300343806,open,0.07,392.0,0.025,0.104,0.064441,99.01,0.069,0,ETH-7JUN19-250-C,255.22,94.4,0.062,180.0,0.067,95.0,103.76,0.1364,-0.98215,0.02513,0.01123,0.58707
255.22,index_price,1559300343814,open,0.01,1363.0,0.001,0.049,0.008758,98.98,0.008,0,ETH-7JUN19-220-P,255.22,88.37,0.006,300.0,0.008,182.0,96.21,0.07122,-0.5126,-0.00633,0.00586,-0.1228
255.22,index_price,1559300343834,open,0.05,621.0,0.003,0.085,0.043988,98.98,0.042,0,ETH-7JUN19-250-P,255.22,89.63,0.039,180.0,0.043,68.0,97.12,0.1364,-0.98175,-0.02197,0.01123,-0.41292
255.22,index_price,1559300343851,open,0.07,338.0,0.022,0.107,0.06453,98.97,0.07,0,ETH-7JUN19-260-P,255.22,88.84,0.059,180.0,0.064,82.0,98.0,0.13942,-1.00342,-0.02846,0.01148,-0.52738
255.22,index_price,1559300343856,open,0.0,0.001,0.048,0.008455,99.23,None,0,ETH-14JUN19-200-P,255.22,90.7,0.006,300.0,0.009,90.0,100.97,0.07907,-0.28273,-0.0093,0.00322,-0.08741
255.22,index_price,1559300343862,open,0.0,0.016,0.095,0.055424,101.55,None,0,ETH-14JUN19-270-C,255.22,97.05,0.052,180.0,0.059,86.0,106.21,0.19514,-0.71411,0.036,0.00776,0.42649
255.22,index_price,1559300343885,open,0.0,0.024,0.109,0.066485,99.23,None,0,ETH-14JUN19-250-P,255.22,90.72,0.06,265.0,0.068,99.0,101.22,0.19445,-0.6953,-0.04714,0.00791,-0.41935
255.22,index_price,1559300343919,open,1.0,0.001,0.055,0.015932,105.87,0.023,0,ETH-14JUN19-320-C,255.22,101.69,0.014,240.0,0.019,224.0,112.1,0.1213,-0.46275,0.01402,0.00463,0.16045
255.22,index_price,1559300343936,open,0.0,0.001,0.063,0.022795,99.23,None,0,ETH-14JUN19-220-P,255.22,91.98,0.019,240.0,0.024,102.0,101.47,0.13665,-0.48862,-0.02101,0.00556,-0.19372
255.22,index_price,1559300343969,open,0.0,0.001,0.063,0.022795,99.23,None,0,ETH-14JUN19-220-P,255.22,91.98,0.019,240.0,0.024,99.0,101.47,0.13665,-0.48862,-0.02101,0.00556,-0.19372
255.22,index_price,1559300343976,open,0.0,0.069,0.157,0.113335,101.54,None,0,ETH-14JUN19-270-P,255.22,90.59,0.105,180.0,0.112,89.0,99.79,0.19514,-0.71397,-0.06664,0.00776,-0.57354
255.22,index_price,1559300343982,open,0.04,609.0,0.001,0.069,0.028,98.95,0.034,0,ETH-7JUN19-240-P,255.22,88.39,0.023,240.0,0.027,70.0,96.88,0.12203,-0.87809,-0.01583,0.01005,-0.3013
255.22,index_price,1559300343987,open,0.04,609.0,0.001,0.069,0.028,98.95,0.034,0,ETH-7JUN19-240-P,255.22,88.39,0.023,240.0,0.028,99.0,98.97,0.12203,-0.87809,-0.01583,0.01005,-0.3013
255.22,index_price,1559300343993,open,2.0,0.001,0.054,0.014359,99.22,0.011,0,ETH-14JUN19-210-P,255.22,90.91,0.011,300.0,0.015,89.0,100.74,0.10783,-0.38552,-0.01445,0.00439,-0.13462
255.22,index_price,1559300344000,open,0.0,0.001,0.044,0.004602,99.23,None,0,ETH-14JUN19-190-P,255.22,83.98,0.002,450.0,0.006,118.0,105.48,0.05328,-0.1905,-0.00553,0.00217,-0.0524
255.22,index_price,1559300344005,open,0.0,0.001,0.075,0.034151,99.23,None,0,ETH-14JUN19-230-P,255.22,91.03,0.029,240.0,0.035,92.0,100.56,0.16232,-0.58043,-0.02882,0.00661,-0.26287
255.22,index_price,1559300344016,open,0.0,0.029,0.108,0.06878,99.23,None,0,ETH-14JUN19-260-C,255.22,95.66,0.066,288.0,0.075,206.0,107.23,0.19852,-0.70986,0.04187,0.00808,0.50033
255.22,index_price,1559300344036,open,0.0,0.045,0.131,0.087509,99.2,None,0,ETH-14JUN19-260-P,255.22,90.86,0.081,180.0,0.089,101.0,101.15,0.19852,-0.70965,-0.05697,0.00808,-0.49969
255.22,index_price,1559300344047,open,0.01,1942.0,0.001,0.044,0.004168,98.96,0.003,0,ETH-7JUN19-210-P,255.22,84.42,0.002,300.0,0.003,90.0,91.82,0.04512,-0.32467,-0.00339,0.00372,-0.06633
255.22,index_price,1559300344052,open,0.0,0.047,0.126,0.086938,99.23,None,0,ETH-14JUN19-250-C,255.22,96.69,0.085,86.0,0.093,195.0,107.19,0.19445,-0.6953,0.0479,0.00791,0.58065
255.22,index_price,1559300344058,open,0.1,255.0,0.048,0.134,0.090651,101.43,0.107,0,ETH-7JUN19-270-P,255.22,88.43,0.084,180.0,0.089,84.0,98.23,0.13213,-0.97455,-0.0347,0.01062,-0.63111
255.22,index_price,1559300344083,open,0.04,266.0,0.001,0.072,0.03274,101.43,0.037,0,ETH-7JUN19-270-C,255.22,96.11,0.03,240.0,0.034,88.0,103.86,0.13213,-0.97456,0.01616,0.01062,0.36889
255.22,index_price,1559300344088,open,0.02,816.0,0.001,0.057,0.016431,98.97,0.016,0,ETH-7JUN19-230-P,255.22,89.84,0.013,240.0,0.015,67.0,95.23,0.09871,-0.71043,-0.01051,0.00813,-0.20218
257.77,ETH-27SEP19,1559300344139,open,0.06,44.0,0.017,0.096,0.056494,109.59,0.072,0.0,ETH-27SEP19-520-C,255.23,106.81,0.052,48.0,0.06,193.0,111.7,0.42296,-0.19496,0.12816,0.00178,0.20915
256.74,ETH-28JUN19,1559300344139,open,0.01,208.0,0.001,0.049,0.009047,118.99,0.008,0.0,ETH-28JUN19-440-C,255.23,109.87,0.006,484.0,0.011,390.0,123.97,0.09555,-0.20393,0.012,0.0016,0.07027
256.74,ETH-28JUN19,1559300344139,open,0.0,4694.0,0.001,0.041,0.000971,135.25,0.001,0.0,ETH-28JUN19-110-P,255.23,0.0,0.0,0.0,0.002,270.0,149.91,0.01392,-0.03377,-0.00157,0.0002,-0.00705
256.74,ETH-28JUN19,1559300344139,open,0.61,0.0,0.572,0.651,0.611469,149.31,None,0.0,ETH-28JUN19-100-C,255.23,0.0,0.0,0.0,0.0,0.0,0.0,0.01271,-0.03403,0.07493,0.00017,0.99364
257.77,ETH-27SEP19,1559300344139,open,0.13,546.0,0.089,0.168,0.128342,99.27,0.175,0.0,ETH-27SEP19-340-C,255.23,97.32,0.124,127.0,0.131,120.0,100.46,0.57461,-0.23992,0.24368,0.00267,0.4186
257.78,ETH-27SEP19,1559300344140,open,0.19,892.0,0.146,0.225,0.185987,96.63,0.201,0.0,ETH-27SEP19-280-C,255.23,93.54,0.179,197.0,0.191,36.0,98.85,0.58227,-0.23666,0.30565,0.00278,0.55005
256.74,ETH-28JUN19,1559300344140,open,0.28,586.0,0.237,0.316,0.276674,100.32,0.334,0.0,ETH-28JUN19-190-C,255.23,0.0,0.011,10.0,0.6,23.0,500.0,0.13375,-0.24066,0.12018,0.00265,0.88962
256.74,ETH-28JUN19,1559300344140,open,0.58,0.0,0.511,0.636,0.573219,116.26,None,0.0,ETH-28JUN19-400-P,255.23,0.0,0.0,0.0,0.0,0.0,0.0,0.13457,-0.28062,-0.28664,0.0023,-0.88866
255.23,index_price,1559300344139,open,0.0,4.0,0.001,0.041,0.001108,107.97,0.003,0,ETH-7JUN19-190-P,255.23,0.0,0.0,0.0,0.002,170.0,119.31,0.01655,-0.12994,-0.00099,0.00125,-0.01943
257.78,ETH-27SEP19,1559300344140,open,0.95,0.0,0.851,1.004,0.927436,107.16,None,0.0,ETH-27SEP19-480-P,255.23,0.0,0.0,0.0,0.0,0.0,0.0,0.45588,-0.20547,-1.41787,0.00197,-0.7614
257.78,ETH-27SEP19,1559300344140,open,0.77,0.0,0.729,0.808,0.768858,117.37,0.01,0.0,ETH-27SEP19-60-C,255.23,0.0,0.003,10.0,0.0,0.0,0.0,0.02507,-0.01238,0.18901,0.0001,0.99398
256.75,ETH-28JUN19,1559300344140,open,0.42,481.0,0.379,0.458,0.418256,103.15,0.46,0.0,ETH-28JUN19-150-C,255.23,0.0,0.021,4.0,0.5,200.0,283.98,0.03621,-0.06701,0.1099,0.0007,0.97872
256.75,ETH-28JUN19,1559300344140,open,0.0,7787.0,0.001,0.042,0.002505,103.32,0.002,0.0,ETH-28JUN19-150-P,255.23,89.61,0.001,301.0,0.004,490.0,112.43,0.03641,-0.06748,-0.00469,0.0007,-0.02142
257.78,ETH-27SEP19,1559300344140,open,0.05,233.0,0.01,0.089,0.049603,111.98,0.053,0.0,ETH-27SEP19-560-C,255.23,111.58,0.049,66.0,0.052,148.0,113.54,0.39339,-0.18528,0.11412,0.00162,0.18553
257.78,ETH-27SEP19,1559300344140,open,0.46,31.0,0.39,0.505,0.447348,99.29,0.368,0.0,ETH-27SEP19-340-P,255.23,95.98,0.44,36.0,0.457,36.0,103.6,0.57466,-0.23998,-0.86362,0.00267,-0.58132
256.75,ETH-28JUN19,1559300344140,open,0.88,0.0,0.801,0.95,0.875329,122.59,None,0.0,ETH-28JUN19-480-P,255.23,0.0,0.0,0.0,0.0,0.0,0.0,0.06931,-0.15241,-0.35856,0.00112,-0.95328
256.75,ETH-28JUN19,1559300344140,open,0.0,2026.0,0.001,0.04,0.000441,149.96,0.001,0.0,ETH-28JUN19-90-P,255.23,0.0,0.0,0.0,0.001,120.0,165.64,0.00669,-0.018,-0.00069,9e-05,-0.0031
255.23,index_price,1559300344139,open,0.13,32.0,0.075,0.164,0.119659,102.64,0.078,0,ETH-7JUN19-280-P,255.23,87.65,0.113,60.0,0.122,60.0,107.67,0.11763,-0.87797,-0.04044,0.00934,-0.72142
255.23,index_price,1559300344139,open,0.19,123.0,0.139,0.233,0.185866,105.63,0.215,0,ETH-7JUN19-300-P,255.23,79.37,0.179,60.0,0.186,60.0,106.05,0.08118,-0.62355,-0.04987,0.00626,-0.85137
257.78,ETH-27SEP19,1559300344140,open,0.0,174.0,0.001,0.041,0.001624,117.46,0.002,0.0,ETH-27SEP19-60-P,255.23,0.0,0.0,0.0,0.003,150.0,128.89,0.02516,-0.01243,-0.00643,0.0001,-0.00604
257.78,ETH-27SEP19,1559300344140,open,0.55,47.0,0.509,0.588,0.548347,96.67,0.564,0.0,ETH-27SEP19-120-C,255.23,0.0,0.007,10.0,0.642,2.0,200.5,0.14754,-0.05999,0.33865,0.00071,0.95172
256.75,ETH-28JUN19,1559300344140,open,0.0,3083.0,0.001,0.041,0.000968,149.32,0.001,0.0,ETH-28JUN19-100-P,255.23,0.0,0.0,0.0,0.002,270.0,165.38,0.01271,-0.03403,-0.00144,0.00017,-0.00636
257.78,ETH-27SEP19,1559300344140,open,0.01,3443.0,0.001,0.047,0.007008,100.14,0.005,0.0,ETH-27SEP19-100-P,255.23,93.78,0.005,150.0,0.009,60.0,105.53,0.08892,-0.03745,-0.02773,0.00041,-0.02603
257.78,ETH-27SEP19,1559300344140,open,0.05,1125.0,0.005,0.084,0.044146,114.31,0.046,0.0,ETH-27SEP19-600-C,255.23,111.34,0.04,48.0,0.047,150.0,116.29,0.36706,-0.17648,0.10257,0.00148,0.16631
256.75,ETH-28JUN19,1559300344140,open,0.19,1593.0,0.15,0.229,0.189256,100.29,0.184,0.0,ETH-28JUN19-220-C,255.23,91.79,0.182,80.0,0.191,48.0,102.3,0.22219,-0.3997,0.11128,0.0044,0.75676
257.78,ETH-27SEP19,1559300344140,open,0.69,0.0,0.654,0.733,0.693098,106.81,None,0.0,ETH-27SEP19-80-C,255.23,0.0,0.003,10.0,0.0,0.0,0.0,0.04944,-0.02221,0.2467,0.00021,0.98694
256.75,ETH-28JUN19,1559300344141,open,0.3,51.0,0.239,0.341,0.290191,107.46,0.211,0.0,ETH-28JUN19-320-P,255.23,0.0,0.001,50.0,0.0,0.0,0.0,0.23741,-0.45759,-0.19876,0.00439,-0.72344
256.75,ETH-28JUN19,1559300344141,open,0.96,0.0,0.875,1.03,0.952557,126.08,None,0.0,ETH-28JUN19-500-P,255.23,0.0,0.0,0.0,0.0,0.0,0.0,0.06244,-0.14122,-0.37482,0.00098,-0.95895
256.75,ETH-28JUN19,1559300344141,open,0.22,661.0,0.177,0.256,0.216204,100.29,0.21,0.0,ETH-28JUN19-210-C,255.23,90.54,0.209,128.0,0.217,48.0,101.33,0.19492,-0.35063,0.11568,0.00386,0.80615
257.78,ETH-27SEP19,1559300344141,open,0.62,0.0,0.58,0.659,0.619065,100.1,None,0.0,ETH-27SEP19-100-C,255.23,0.0,0.003,10.0,0.0,0.0,0.0,0.08882,-0.03739,0.298,0.00041,0.97401
257.78,ETH-27SEP19,1559300344141,open,0.11,2717.0,0.055,0.142,0.098929,95.86,0.108,0.0,ETH-27SEP19-200-P,255.23,93.01,0.094,15.0,0.102,48.0,97.63,0.44717,-0.1803,-0.27651,0.00216,-0.23043
255.23,index_price,1559300344139,open,0.0,0.185,0.264,0.224818,99.14,None,0,ETH-14JUN19-200-C,255.23,96.44,0.224,60.0,0.234,60.0,124.36,0.07894,-0.28203,0.06675,0.00322,0.91278
257.78,ETH-27SEP19,1559300344141,open,0.59,28.0,0.515,0.64,0.577367,101.49,0.419,0.0,ETH-27SEP19-380-P,255.23,0.0,0.001,50.0,0.0,0.0,0.0,0.54593,-0.23304,-1.02892,0.00249,-0.64818
257.78,ETH-27SEP19,1559300344141,open,0.1,1861.0,0.054,0.133,0.093714,102.81,0.09,0.0,ETH-27SEP19-400-C,255.23,101.0,0.09,100.0,0.096,120.0,103.92,0.52908,-0.22879,0.19367,0.00238,0.3244
257.78,ETH-27SEP19,1559300344141,open,0.05,5371.0,0.003,0.086,0.044545,95.86,0.032,0.0,ETH-27SEP19-160-P,255.23,91.08,0.039,203.0,0.045,2.0,96.24,0.30458,-0.1228,-0.14321,0.00147,-0.12603
256.75,ETH-28JUN19,1559300344141,open,0.0,5036.0,0.001,0.044,0.003938,100.42,0.009,0.0,ETH-28JUN19-160-P,255.23,79.91,0.001,360.0,0.006,390.0,109.47,0.05181,-0.09332,-0.00718,0.00102,-0.03267
256.75,ETH-28JUN19,1559300344141,open,0.0,1541.0,0.001,0.04,0.000166,150.0,0.001,0.0,ETH-28JUN19-80-P,255.23,0.0,0.0,0.0,0.001,134.0,183.23,0.00296,-0.00796,-0.00028,4e-05,-0.00126
255.23,index_price,1559300344139,open,0.18,200.0,0.142,0.221,0.181349,98.81,0.142,0,ETH-7JUN19-210-C,255.23,96.78,0.181,60.0,0.187,60.0,124.58,0.04495,-0.32298,0.03619,0.00371,0.93399
257.78,ETH-27SEP19,1559300344141,open,0.0,1723.0,0.001,0.043,0.003452,106.87,0.003,0.0,ETH-27SEP19-80-P,255.23,98.03,0.002,120.0,0.005,210.0,114.05,0.04955,-0.02227,-0.01389,0.00021,-0.01309
255.23,index_price,1559300344139,open,0.16,259.0,0.106,0.197,0.151773,104.35,0.18,0,ETH-7JUN19-290-P,255.23,85.49,0.145,60.0,0.153,60.0,107.46,0.09984,-0.75765,-0.04547,0.0078,-0.79392
257.78,ETH-27SEP19,1559300344141,open,0.53,81.0,0.451,0.571,0.511155,100.28,0.428,0.0,ETH-27SEP19-360-P,255.23,0.0,0.001,50.0,0.0,0.0,0.0,0.56149,-0.23683,-0.94711,0.00259,-0.61695
256.75,ETH-28JUN19,1559300344142,open,0.34,1130.0,0.305,0.384,0.344613,100.24,0.32,0.0,ETH-28JUN19-170-C,255.23,0.0,0.1,5.0,0.45,1.0,277.69,0.07536,-0.13549,0.11834,0.00149,0.94812
257.78,ETH-27SEP19,1559300344142,open,0.32,1738.0,0.284,0.363,0.323043,95.84,0.307,0.0,ETH-27SEP19-200-C,255.23,89.44,0.312,12.0,0.326,12.0,97.55,0.44716,-0.18026,0.3749,0.00216,0.76958
257.78,ETH-27SEP19,1559300344142,open,0.08,558.0,0.039,0.118,0.078248,105.34,0.087,0.0,ETH-27SEP19-440-C,255.23,103.11,0.074,100.0,0.082,48.0,107.29,0.4935,-0.21866,0.16771,0.00216,0.27801
257.78,ETH-27SEP19,1559300344142,open,0.66,0.0,0.58,0.711,0.645485,102.84,None,0.0,ETH-27SEP19-400-P,255.23,0.0,0.001,50.0,0.0,0.0,0.0,0.52915,-0.22889,-1.10904,0.00238,-0.67549
255.23,index_price,1559300344141,open,0.01,549.0,0.001,0.042,0.002734,107.26,0.006,0,ETH-7JUN19-330-C,255.23,90.57,0.001,378.0,0.003,114.0,109.17,0.03456,-0.26957,0.00214,0.00263,0.0473
256.75,ETH-28JUN19,1559300344142,open,0.69,0.0,0.649,0.728,0.688566,148.92,None,0.0,ETH-28JUN19-80-C,255.23,0.0,0.002,5.0,0.0,0.0,0.0,0.00279,-0.00746,0.06083,4e-05,0.99881
256.75,ETH-28JUN19,1559300344142,open,0.0,10453.0,0.001,0.041,0.001499,105.94,0.001,0.0,ETH-28JUN19-140-P,255.23,0.0,0.0,0.0,0.003,566.0,118.53,0.02419,-0.04597,-0.0029,0.00045,-0.01328
257.78,ETH-27SEP19,1559300344142,open,0.02,7297.0,0.001,0.054,0.013878,96.71,0.01,0.0,ETH-27SEP19-120-P,255.23,91.41,0.011,150.0,0.017,60.0,101.9,0.14763,-0.06005,-0.05222,0.00071,-0.04832
257.78,ETH-27SEP19,1559300344142,open,0.37,743.0,0.331,0.41,0.370528,95.84,0.331,0.0,ETH-27SEP19-180-C,255.23,0.0,0.23,1.0,0.5,1.0,178.51,0.38081,-0.15351,0.38058,0.00184,0.82384
255.23,index_price,1559300344139,open,0.22,252.0,0.179,0.258,0.218522,102.81,0.178,0,ETH-7JUN19-200-C,255.23,97.62,0.218,60.0,0.224,60.0,137.01,0.02772,-0.20728,0.03584,0.0022,0.96396
256.75,ETH-28JUN19,1559300344142,open,0.65,0.0,0.61,0.689,0.649891,149.43,None,0.0,ETH-28JUN19-90-C,255.23,0.0,0.002,5.0,0.0,0.0,0.0,0.00654,-0.01753,0.06806,9e-05,0.99697
256.75,ETH-28JUN19,1559300344143,open,0.38,923.0,0.341,0.42,0.380739,100.3,0.357,0.0,ETH-28JUN19-160-C,255.23,0.0,0.1,3.0,0.0,0.0,0.0,0.05163,-0.09288,0.11505,0.00102,0.96746
256.75,ETH-28JUN19,1559300344142,open,0.0,9802.0,0.001,0.041,0.001461,117.1,0.001,0.0,ETH-28JUN19-130-P,255.23,0.0,0.0,0.0,0.003,509.0,131.29,0.02178,-0.04574,-0.00259,0.00037,-0.01176
255.23,index_price,1559300344139,open,0.0,0.124,0.217,0.170351,103.26,None,0,ETH-14JUN19-290-P,255.23,90.53,0.162,180.0,0.175,180.0,110.06,0.17217,-0.64062,-0.08476,0.00673,-0.70323
255.23,index_price,1559300344139,open,0.0,0.152,0.231,0.191539,99.17,None,0,ETH-14JUN19-210-C,255.23,95.45,0.19,60.0,0.2,60.0,117.67,0.10776,-0.38507,0.06539,0.00439,0.86552
255.23,index_price,1559300344139,open,0.0,0.219,0.32,0.269752,105.95,None,0,ETH-14JUN19-320-P,255.23,0.0,0.0,0.0,0.0,0.0,0.0,0.12144,-0.46363,-0.10761,0.00463,-0.83928
255.23,index_price,1559300344140,open,0.34,106.0,0.281,0.387,0.334319,112.43,0.189,0,ETH-7JUN19-340-P,255.23,0.0,0.0,0.0,0.436,1.0,371.87,0.0286,-0.23383,-0.06235,0.00207,-0.96257
255.23,index_price,1559300344139,open,0.01,152.0,0.001,0.044,0.004323,106.65,0.008,0,ETH-7JUN19-320-C,255.23,91.5,0.002,450.0,0.005,209.0,110.17,0.04731,-0.36689,0.00318,0.00361,0.07053
255.23,index_price,1559300344139,open,0.09,110.0,0.048,0.127,0.087635,98.92,0.094,0,ETH-7JUN19-240-C,255.23,93.38,0.085,60.0,0.094,60.0,112.08,0.12201,-0.87771,0.02939,0.01005,0.69883
255.23,index_price,1559300344139,open,0.26,50.0,0.217,0.296,0.256652,107.52,0.223,0,ETH-7JUN19-190-C,255.23,0.0,0.255,1.0,0.337,3.0,386.81,0.01627,-0.12725,0.03482,0.00123,0.98095
255.23,index_price,1559300344139,open,0.0,391.0,0.001,0.042,0.002159,103.09,0.002,0,ETH-7JUN19-200-P,255.23,0.0,0.0,0.0,0.002,156.0,101.61,0.02795,-0.20954,-0.00185,0.00221,-0.0364
255.23,index_price,1559300344139,open,0.12,330.0,0.076,0.155,0.115248,98.9,0.115,0,ETH-7JUN19-230-C,255.23,95.64,0.114,60.0,0.121,60.0,113.24,0.09865,-0.70949,0.03283,0.00813,0.79804
8280.75,index_price,1559300344149,open,0.01,360.3,0.0005,0.0495,0.00950767,92.04,0.01,0,BTC-7JUN19-9500-C,8280.75,87.24,0.008,24.0,0.01,1.1,93.55,2.68367,-17.96261,0.22365,0.00023,0.15288
8336.33,BTC-28JUN19,1559300344177,open,0.03,154.6,0.0005,0.067,0.02744606,91.17,0.026,0.0,BTC-28JUN19-10500-C,8280.75,88.73,0.0255,10.0,0.0285,18.0,92.47,6.72762,-11.00136,1.19275,0.00014,0.21479
8280.75,index_price,1559300344358,open,0.2,0.0005,0.069,0.02802399,87.2,0.027,0,BTC-14JUN19-7500-P,8280.75,83.11,0.0255,24.0,0.03,4.1,90.36,5.15484,-16.19733,-0.88224,0.00023,-0.25223
8336.29,BTC-28JUN19,1559300344369,open,0.0,1279.1,0.0005,0.0405,0.00073513,121.46,0.001,0.0,BTC-28JUN19-20000-C,8280.75,116.67,0.0005,6.0,0.001,6.8,125.65,0.46907,-1.0219,0.04216,1e-05,0.00736
8336.29,BTC-28JUN19,1559300344369,open,0.24,509.1,0.1995,0.279,0.23929093,91.39,0.232,0.0,BTC-28JUN19-6500-C,8280.75,82.93,0.2345,4.1,0.2415,4.1,95.04,4.95557,-8.12323,3.99519,0.0001,0.86682
8410.57,BTC-27SEP19,1559300344369,open,0.57,0.0,0.525,0.6045,0.56462171,94.83,None,0.0,BTC-27SEP19-3750-C,8280.75,0.0,0.0055,10.2,0.751,10.0,299.31,4.04639,-1.61387,10.85942,2e-05,0.96106
8410.57,BTC-27SEP19,1559300344369,open,0.12,56.3,0.0795,0.169,0.12432271,83.67,0.114,0.0,BTC-27DEC19-6500-P,8280.75,80.52,0.117,14.9,0.1265,4.9,84.61,19.58583,-3.90423,-17.36382,6e-05,-0.23472
8280.75,index_price,1559300344410,open,0.22,20.7,0.177,0.2565,0.21698199,100.39,0.255,0,BTC-7JUN19-6500-C,8280.75,0.0,0.0005,3.0,0.25,0.2,228.86,0.85556,-6.24563,1.16853,7e-05,0.9661
8280.75,index_price,1559300344428,open,0.1,0.0005,0.063,0.02321772,89.97,0.025,0,BTC-14JUN19-9500-C,8280.75,87.13,0.0215,24.0,0.0265,10.0,95.26,5.05803,-16.39834,0.69323,0.00022,0.24343
8410.57,BTC-27SEP19,1559300344447,open,0.02,10.0,0.0005,0.0585,0.01886794,103.26,0.0245,0.0,BTC-27DEC19-36000-C,8280.75,100.35,0.016,6.0,0.0215,16.0,105.71,8.69495,-2.13905,2.54077,2e-05,0.07141
8336.29,BTC-28JUN19,1559300344465,open,0.0,396.3,0.0005,0.0405,0.00075489,133.84,0.0005,0.0,BTC-28JUN19-3500-P,8280.75,0.0,0.0,0.0,0.0015,7.1,146.8,0.37327,-0.89612,-0.04099,1e-05,-0.00568
8336.29,BTC-28JUN19,1559300344485,open,0.29,0.0,0.236,0.338,0.28698406,91.15,None,0.0,BTC-28JUN19-10500-P,8280.75,0.0,0.002,2.0,0.0,0.0,0.0,6.72642,-10.99728,-6.8266,0.00014,-0.78527
8410.57,BTC-27SEP19,1559300344488,open,2.36,0.0,2.2235,2.492,2.35780858,98.0,None,0.0,BTC-27DEC19-28000-P,8280.75,0.0,0.0,0.0,0.0,0.0,0.0,11.69326,-2.72999,-157.25038,3e-05,-0.89379
8410.57,BTC-27SEP19,1559300344553,open,0.01,376.8,0.0005,0.0495,0.00934237,99.31,0.0065,0.0,BTC-27SEP19-3500-P,8280.75,98.5,0.009,1.0,0.0095,4.3,99.68,3.58674,-1.49822,-1.17637,2e-05,-0.0336
8410.57,BTC-27SEP19,1559300344576,open,0.54,233.5,0.4985,0.578,0.5381032,94.07,0.58,0.0,BTC-27SEP19-4000-C,8280.75,0.0,0.1655,1.1,0.59,0.1,156.18,4.88557,-1.93297,11.30514,2e-05,0.95082
8410.57,BTC-27SEP19,1559300344581,open,1.87,0.0,1.751,1.98,1.86548866,99.71,None,0.0,BTC-27SEP19-24000-P,8280.75,0.0,0.0,0.0,0.0,0.0,0.0,5.68702,-2.38502,-76.85953,2e-05,-0.94041
8280.75,index_price,1559300344604,open,0.16,20.8,0.1105,0.203,0.15674674,92.04,0.1565,0,BTC-7JUN19-9500-P,8280.75,0.0,0.147,0.1,0.207,0.2,203.74,2.68367,-17.96261,-1.56592,0.00023,-0.84712
8410.57,BTC-27SEP19,1559300344609,open,0.61,0.0,0.549,0.678,0.61350107,89.32,None,0.0,BTC-27SEP19-13000-P,8280.75,0.0,0.0065,0.1,1.3565,0.3,500.0,16.00032,-6.01136,-36.67901,8e-05,-0.72553
8336.29,BTC-28JUN19,1559300344626,open,0.0,259.1,0.0005,0.0415,0.00151835,116.68,0.0015,0.0,BTC-28JUN19-4250-P,8280.75,100.62,0.0005,5.1,0.0025,28.9,126.16,0.73044,-1.52876,-0.0874,1e-05,-0.01221
8410.57,BTC-27SEP19,1559300344628,open,0.27,126.5,0.228,0.3075,0.26799832,83.67,0.2825,0.0,BTC-27DEC19-8000-C,8280.75,84.03,0.269,5.0,0.2735,3.6,85.64,23.52327,-4.68905,18.66697,7e-05,0.65399
8410.57,BTC-27SEP19,1559300344633,open,0.72,0.0,0.6505,0.7875,0.71880574,89.62,None,0.0,BTC-27SEP19-14000-P,8280.75,0.0,0.0065,0.1,1.4685,0.3,500.0,14.55617,-5.48707,-40.79575,7e-05,-0.77052
8336.29,BTC-28JUN19,1559300344725,open,0.02,490.6,0.0005,0.0595,0.0190068,91.38,0.018,0.0,BTC-28JUN19-6500-P,8280.75,87.94,0.017,24.0,0.02,1.5,93.03,4.95491,-8.12105,-0.96877,0.0001,-0.13316
8410.6,BTC-27SEP19,1559300344742,open,0.28,822.0,0.233,0.3125,0.27261006,85.55,0.268,0.0,BTC-27SEP19-7000-C,8280.75,81.49,0.265,5.1,0.281,5.1,90.01,15.79907,-5.68525,12.59501,8e-05,0.73241
8336.29,BTC-28JUN19,1559300344762,open,0.0,520.6,0.0005,0.04,2.74e-06,135.0,0.001,0.0,BTC-28JUN19-2000-P,8280.75,0.0,0.0,0.0,0.001,14.8,222.61,0.00293,-0.00709,-0.00021,0.0,-3e-05
8336.29,BTC-28JUN19,1559300344762,open,0.35,148.2,0.3065,0.386,0.34617853,98.15,0.331,0.0,BTC-28JUN19-5500-C,8280.75,0.0,0.0015,3.0,0.391,3.0,189.71,2.28364,-4.02046,3.85968,4e-05,0.95242
8410.6,BTC-27SEP19,1559300344762,open,0.39,122.6,0.345,0.4245,0.38477584,83.67,0.385,0.0,BTC-27DEC19-6000-C,8280.75,0.0,0.0045,0.1,0.45,0.1,114.07,17.73582,-3.53536,20.18761,5e-05,0.80221
8410.6,BTC-27SEP19,1559300344792,open,0.04,198.9,0.0005,0.0725,0.0326704,96.56,0.0345,0.0,BTC-27DEC19-26000-C,8280.75,94.76,0.03,0.1,0.0345,10.0,97.75,12.75245,-2.93347,4.21983,3e-05,0.11993
8410.6,BTC-27SEP19,1559300344811,open,0.17,376.8,0.1275,0.207,0.16704966,85.81,0.1675,0.0,BTC-27SEP19-9000-C,8280.75,83.8,0.1625,5.0,0.1695,3.6,86.9,19.0402,-6.8723,10.28251,0.0001,0.54243
8410.6,BTC-27SEP19,1559300344811,open,0.62,0.0,0.5805,0.66,0.62024434,99.49,None,0.0,BTC-27SEP19-3250-C,8280.75,0.0,0.0075,0.1,0.9475,5.0,500.0,2.81329,-1.17729,9.71521,1e-05,0.97491
8410.6,BTC-27SEP19,1559300344813,open,0.19,45.4,0.138,0.232,0.18502913,83.67,0.161,0.0,BTC-27DEC19-7500-P,8280.75,80.86,0.1775,5.0,0.1865,4.9,84.22,22.47769,-4.48072,-23.90612,7e-05,-0.3093
8280.75,index_price,1559300344823,open,0.0,0.0005,0.068,0.02804559,91.54,None,0,BTC-7JUN19-8750-C,8280.75,84.53,0.0245,24.0,0.0295,24.0,94.38,4.22481,-28.12331,0.50766,0.00036,0.35349
8410.6,BTC-27SEP19,1559300344830,open,0.1,180.3,0.0545,0.142,0.09816642,83.67,0.102,0.0,BTC-27DEC19-6000-P,8280.75,81.22,0.093,14.9,0.101,4.9,85.02,17.73591,-3.53548,-14.31284,5e-05,-0.19779
8410.6,BTC-27SEP19,1559300344830,open,0.05,33.2,0.004,0.0835,0.04359887,93.13,0.045,0.0,BTC-27DEC19-22000-C,8280.75,91.11,0.04,4.9,0.0465,10.0,94.7,15.29996,-3.39447,5.4645,4e-05,0.15659
8280.75,index_price,1559300344872,open,0.0,0.124,0.217,0.17045701,89.97,None,0,BTC-14JUN19-9500-P,8280.75,0.0,0.0,0.0,0.0,0.0,0.0,5.05804,-16.39844,-2.91825,0.00022,-0.75657
8410.6,BTC-27SEP19,1559300344935,open,0.06,259.1,0.018,0.1025,0.06016507,86.51,0.057,0.0,BTC-27SEP19-6000-P,8280.75,84.35,0.057,4.9,0.0625,4.9,88.08,12.41501,-4.51735,-6.46751,6e-05,-0.17594
8410.6,BTC-27SEP19,1559300344935,open,0.76,28.2,0.724,0.8035,0.76350763,112.31,0.755,0.0,BTC-27SEP19-2000-C,8280.75,0.0,0.0075,0.1,0.9605,5.0,500.0,0.72005,-0.34013,6.33531,0.0,0.99479
8410.6,BTC-27SEP19,1559300344935,open,0.08,49.0,0.0405,0.12,0.0800385,88.29,0.0895,0.0,BTC-27DEC19-16000-C,8280.75,87.06,0.077,20.0,0.0835,10.0,89.67,20.91853,-4.40006,8.9799,6e-05,0.26572
8410.6,BTC-27SEP19,1559300344944,open,0.05,120.1,0.0135,0.093,0.05323998,92.06,0.054,0.0,BTC-27DEC19-20000-C,8280.75,91.44,0.052,10.0,0.054,1.0,92.43,17.09323,-3.74871,6.43089,5e-05,0.18622
8410.6,BTC-27SEP19,1559300345020,open,0.42,54.9,0.3825,0.462,0.42227222,84.29,0.416,0.0,BTC-27DEC19-5500-C,8280.75,0.0,0.0065,1.0,0.982,5.0,500.0,15.67751,-3.14837,20.07921,5e-05,0.83747
8410.6,BTC-27SEP19,1559300345020,open,0.51,6.6,0.467,0.5465,0.50663604,86.1,0.498,0.0,BTC-27DEC19-4500-C,8280.75,0.0,0.26,1.4,0.984,1.0,500.0,11.15272,-2.28776,19.04714,3e-05,0.90049
8280.75,index_price,1559300345062,open,0.01,393.8,0.0005,0.0445,0.0047615,95.16,0.006,0,BTC-7JUN19-10000-C,8280.75,88.74,0.0035,30.0,0.0055,1.0,98.53,1.75181,-12.12258,0.12349,0.00014,0.08393
8410.6,BTC-27SEP19,1559300345068,open,0.04,91.2,0.0005,0.083,0.04167897,86.11,0.0425,0.0,BTC-27DEC19-4500-P,8280.75,83.68,0.0385,16.0,0.0445,26.0,88.21,11.15302,-2.2879,-6.8283,3e-05,-0.09952
8280.75,index_price,1559300345108,open,0.0,0.1815,0.261,0.22136191,91.39,None,0,BTC-14JUN19-6500-C,8280.75,0.0,0.0,0.0,0.2585,1.0,177.47,2.25767,-7.43451,2.21879,9e-05,0.92619
8410.6,BTC-27SEP19,1559300345132,open,0.0,102.1,0.0005,0.042,0.00201022,107.58,0.002,0.0,BTC-27DEC19-1500-P,8280.75,103.15,0.0015,1.1,0.0025,0.1,111.21,1.05998,-0.27168,-0.38003,0.0,-0.00585
8336.29,BTC-28JUN19,1559300345147,open,0.76,20.1,0.7205,0.8,0.76009016,139.99,0.578,0.0,BTC-28JUN19-2000-C,8280.75,0.0,0.004,0.2,0.832,1.0,500.0,0.00489,-0.01227,1.52707,0.0,0.99995
8410.6,BTC-27SEP19,1559300345147,open,0.03,135.2,0.0005,0.066,0.02522397,89.93,0.02,0.0,BTC-27SEP19-4750-P,8280.75,87.39,0.023,16.0,0.027,6.0,91.89,7.49248,-2.8339,-3.02906,4e-05,-0.08536
257.78,ETH-27SEP19,1559300345159,open,0.42,401.0,0.384,0.463,0.423854,95.85,0.38,0.0,ETH-27SEP19-160-C,255.23,0.0,0.26,1.0,0.599,10.0,223.95,0.30457,-0.12279,0.3779,0.00147,0.87397
8410.6,BTC-27SEP19,1559300345191,open,0.65,226.1,0.6085,0.688,0.64837391,101.62,0.585,0.0,BTC-27SEP19-3000-C,8280.75,0.0,0.0065,0.1,0.95,5.0,500.0,2.25902,-0.96558,9.10197,1e-05,0.98066
257.78,ETH-27SEP19,1559300345197,open,0.48,191.0,0.444,0.523,0.483034,95.83,0.5,0.0,ETH-27SEP19-140-C,255.23,0.0,0.01,50.0,0.0,0.0,0.0,0.22347,-0.09008,0.36491,0.00108,0.91768
8410.6,BTC-27SEP19,1559300345216,open,0.19,438.8,0.148,0.2275,0.18770118,83.68,0.194,0.0,BTC-27DEC19-10000-C,8280.75,82.62,0.1845,10.0,0.1945,3.6,85.93,25.41805,-5.06712,15.96077,7e-05,0.51773
8410.6,BTC-27SEP19,1559300345215,open,0.6,4.0,0.5645,0.644,0.60400478,90.31,0.59,0.0,BTC-27DEC19-3500-C,8280.75,0.0,0.0065,1.1,0.995,1.0,500.0,6.8208,-1.46754,16.61985,2e-05,0.94767
8410.6,BTC-27SEP19,1559300345215,open,0.0,85.9,0.0005,0.0445,0.00476131,103.46,0.0025,0.0,BTC-27DEC19-2000-P,8280.75,95.62,0.003,10.0,0.0065,11.9,109.66,2.14946,-0.52978,-0.86391,1e-05,-0.0131
256.75,ETH-28JUN19,1559300345248,open,0.17,374.0,0.122,0.215,0.168591,102.64,0.205,0.0,ETH-28JUN19-280-P,255.23,99.34,0.165,144.0,0.175,144.0,108.52,0.27929,-0.5142,-0.14385,0.0054,-0.56505
256.75,ETH-28JUN19,1559300345274,open,0.73,0.0,0.654,0.791,0.722843,119.17,None,0.0,ETH-28JUN19-440-P,255.23,0.0,0.0,0.0,0.0,0.0,0.0,0.09594,-0.20506,-0.32397,0.0016,-0.92936
256.75,ETH-28JUN19,1559300345320,open,0.01,7102.0,0.001,0.051,0.010932,100.33,0.009,0.0,ETH-28JUN19-180-P,255.23,89.58,0.007,485.0,0.012,390.0,102.92,0.10335,-0.18598,-0.01741,0.00205,-0.07787
256.75,ETH-28JUN19,1559300345320,open,0.0,4769.0,0.001,0.041,0.000973,122.42,0.001,0.0,ETH-28JUN19-120-P,255.23,0.0,0.0,0.0,0.002,337.0,135.81,0.01524,-0.03346,-0.00172,0.00025,-0.00782
8410.6,BTC-27SEP19,1559300345346,open,0.05,79.2,0.0055,0.085,0.04504974,90.86,0.05,0.0,BTC-27SEP19-15000-C,8280.75,89.87,0.0435,10.0,0.0465,4.9,91.77,13.26912,-5.07102,4.1311,6e-05,0.19586
8336.26,BTC-28JUN19,1559300345346,open,0.0,137.0,0.0005,0.041,0.00097434,128.11,0.001,0.0,BTC-28JUN19-3750-P,8280.75,0.0,0.0,0.0,0.002,6.5,142.01,0.47579,-1.09327,-0.0538,1e-05,-0.00748
8410.6,BTC-27SEP19,1559300345346,open,1.66,0.0,1.553,1.7655,1.65936433,93.14,None,0.0,BTC-27DEC19-22000-P,8280.75,0.0,0.0075,2.0,2.5245,0.3,500.0,15.30288,-3.39549,-121.03463,4e-05,-0.84336
8410.6,BTC-27SEP19,1559300345346,open,0.29,80.7,0.2535,0.333,0.29329091,83.67,0.3235,0.0,BTC-27DEC19-7500-C,8280.75,76.84,0.275,5.0,0.3015,2.5,86.75,22.47773,-4.4806,19.21926,7e-05,0.6907
8410.6,BTC-27SEP19,1559300345346,open,0.29,0.4,0.2425,0.3455,0.29412196,83.67,0.263,0.0,BTC-27DEC19-9000-P,8280.75,79.75,0.2825,3.6,0.297,3.6,84.65,24.88572,-4.96077,-34.37326,7e-05,-0.41664
8336.26,BTC-28JUN19,1559300345412,open,0.56,0.8,0.5035,0.628,0.56573028,95.64,2.171,0.0,BTC-28JUN19-13000-P,8280.75,0.0,0.07,1.0,0.961,1.0,500.0,2.76908,-4.75029,-9.5819,5e-05,-0.93931
8410.6,BTC-27SEP19,1559300345412,open,0.22,46.0,0.1705,0.2675,0.21918564,83.67,0.2205,0.0,BTC-27DEC19-8000-P,8280.75,80.57,0.2105,7.0,0.2205,5.0,84.14,23.52325,-4.68915,-27.33325,7e-05,-0.34601
8336.26,BTC-28JUN19,1559300345421,open,0.0,517.5,0.0005,0.041,0.00124615,122.63,0.005,0.0,BTC-28JUN19-4000-P,8280.75,108.96,0.0005,4.7,0.002,28.2,131.54,0.60008,-1.31999,-0.06995,1e-05,-0.00974
8410.6,BTC-27SEP19,1559300345422,open,0.15,42.2,0.1075,0.199,0.15334159,83.67,0.133,0.0,BTC-27DEC19-7000-P,8280.75,81.15,0.147,5.0,0.155,4.9,84.33,21.1677,-4.21958,-20.57306,6e-05,-0.27206
255.23,index_price,1559300345493,open,0.0,0.095,0.185,0.140313,101.9,None,0,ETH-14JUN19-280-P,255.23,90.31,0.132,180.0,0.146,180.0,109.66,0.18561,-0.6815,-0.07602,0.00736,-0.64315
8280.75,index_price,1559300345517,open,0.21,9.3,0.164,0.2605,0.21238158,95.16,0.234,0,BTC-7JUN19-10000-P,8280.75,0.0,0.011,1.0,0.264,0.2,226.03,1.75181,-12.12258,-1.76026,0.00014,-0.91607
8336.26,BTC-28JUN19,1559300345524,open,0.0,789.5,0.0005,0.043,0.00323347,103.46,0.005,0.0,BTC-28JUN19-5000-P,8280.75,95.2,0.002,25.0,0.0045,28.6,110.18,1.42494,-2.64427,-0.1909,3e-05,-0.02675
8410.6,BTC-27SEP19,1559300345533,open,1.89,0.0,1.7755,2.0065,1.89088506,94.82,None,0.0,BTC-27DEC19-24000-P,8280.75,0.0,0.0075,1.0,2.7585,0.2,500.0,13.9109,-3.14233,-133.23371,4e-05,-0.86409
8410.6,BTC-27SEP19,1559300345533,open,0.01,148.7,0.0005,0.0535,0.01317674,93.52,0.0135,0.0,BTC-27DEC19-3000-P,8280.75,88.73,0.0105,16.0,0.0155,16.0,97.31,4.9606,-1.1052,-2.34353,1e-05,-0.03528
8336.26,BTC-28JUN19,1559300345544,open,0.0,849.9,0.0005,0.04,0.00020536,135.0,0.001,0.0,BTC-28JUN19-3000-P,8280.75,0.0,0.0,0.0,0.001,8.9,161.72,0.12715,-0.30788,-0.01224,0.0,-0.00172
255.23,index_price,1559300345577,open,15.0,0.001,0.052,0.012195,106.44,0.019,0,ETH-14JUN19-330-C,255.23,100.84,0.01,300.0,0.015,146.0,113.0,0.10434,-0.40021,0.01127,0.00396,0.12835
256.75,ETH-28JUN19,1559300345592,open,0.08,5996.0,0.035,0.12,0.077168,100.33,0.094,0.0,ETH-28JUN19-240-P,255.23,95.29,0.072,80.0,0.08,364.0,103.1,0.26315,-0.47359,-0.08401,0.00521,-0.35125
8410.6,BTC-27SEP19,1559300345606,open,2.59,0.0,2.449,2.736,2.59259091,99.55,None,0.0,BTC-27DEC19-30000-P,8280.75,0.0,0.0,0.0,0.0,0.0,0.0,10.82785,-2.56805,-169.11933,3e-05,-0.90442
8410.6,BTC-27SEP19,1559300345621,open,0.08,63.2,0.0335,0.119,0.07621359,84.3,0.062,0.0,BTC-27DEC19-5500-P,8280.75,82.57,0.073,10.0,0.079,4.9,85.79,15.67767,-3.1485,-11.54624,5e-05,-0.16254
8280.75,index_price,1559300345707,open,1.0,0.0165,0.096,0.05607618,87.03,0.0555,0,BTC-14JUN19-8500-C,8280.75,86.93,0.056,18.0,0.061,0.2,93.37,6.42572,-20.15035,1.31066,0.00028,0.47243
255.23,index_price,1559300345897,open,0.0,0.093,0.172,0.132991,99.23,None,0,ETH-14JUN19-230-C,255.23,94.49,0.13,60.0,0.142,60.0,113.16,0.16231,-0.58037,0.05862,0.0066,0.73719
8336.26,BTC-28JUN19,1559300345932,open,0.09,36.5,0.0485,0.128,0.08814359,87.93,0.086,0.0,BTC-28JUN19-8500-C,8280.75,85.08,0.085,14.4,0.091,11.8,90.52,9.18279,-14.48281,2.72735,0.0002,0.51653
256.75,ETH-28JUN19,1559300345933,open,0.03,4827.0,0.001,0.065,0.024385,100.32,0.027,0.0,ETH-28JUN19-200-P,255.23,91.61,0.019,407.0,0.024,143.0,99.72,0.16489,-0.2967,-0.03405,0.00326,-0.14926
256.75,ETH-28JUN19,1559300345935,open,0.0,9802.0,0.001,0.041,0.001461,117.09,0.001,0.0,ETH-28JUN19-130-P,255.23,0.0,0.0,0.0,0.003,508.0,131.29,0.02177,-0.04572,-0.00259,0.00037,-0.01176
256.75,ETH-28JUN19,1559300345937,open,0.05,1822.0,0.004,0.083,0.043803,107.41,0.04,0.0,ETH-28JUN19-320-C,255.23,103.26,0.04,272.0,0.046,134.0,109.78,0.23736,-0.45731,0.04562,0.00439,0.27644
256.75,ETH-28JUN19,1559300345971,open,0.01,6850.0,0.001,0.047,0.006759,100.32,0.005,0.0,ETH-28JUN19-170-P,255.23,89.66,0.004,476.0,0.008,390.0,104.36,0.07549,-0.13584,-0.01152,0.00149,-0.05199
255.23,index_price,1559300345988,open,0.18,200.0,0.142,0.221,0.181378,98.81,0.142,0,ETH-7JUN19-210-C,255.23,90.39,0.18,60.0,0.187,60.0,124.58,0.04495,-0.32298,0.03619,0.00371,0.93399
256.75,ETH-28JUN19,1559300345987,open,0.04,3822.0,0.001,0.075,0.034143,100.32,0.036,0.0,ETH-28JUN19-210-P,255.23,93.42,0.029,80.0,0.034,328.0,100.13,0.19495,-0.35079,-0.04472,0.00386,-0.1939
255.23,index_price,1559300345990,open,0.16,259.0,0.106,0.197,0.151735,104.26,0.18,0,ETH-7JUN19-290-P,255.23,88.53,0.146,60.0,0.153,60.0,107.46,0.09977,-0.75641,-0.04548,0.0078,-0.79417
256.75,ETH-28JUN19,1559300346010,open,0.01,7102.0,0.001,0.051,0.010929,100.33,0.009,0.0,ETH-28JUN19-180-P,255.23,89.58,0.007,486.0,0.012,390.0,102.92,0.10335,-0.18598,-0.01741,0.00205,-0.07787
255.23,index_price,1559300346006,open,0.0,0.154,0.249,0.201899,104.07,None,0,ETH-14JUN19-300-P,255.23,90.46,0.194,60.0,0.207,60.0,112.17,0.15593,-0.58472,-0.09299,0.00605,-0.75649
255.23,index_price,1559300346036,open,0.1,255.0,0.047,0.134,0.090622,101.48,0.107,0,ETH-7JUN19-270-P,255.23,90.46,0.085,180.0,0.089,84.0,98.29,0.13216,-0.97529,-0.03469,0.01061,-0.63091
255.23,index_price,1559300346052,open,0.0,0.124,0.217,0.170317,103.21,None,0,ETH-14JUN19-290-P,255.23,90.53,0.162,180.0,0.176,180.0,111.51,0.17214,-0.64018,-0.08477,0.00674,-0.70335
256.75,ETH-28JUN19,1559300346059,open,0.17,374.0,0.122,0.215,0.168562,102.64,0.205,0.0,ETH-28JUN19-280-P,255.23,99.34,0.165,144.0,0.176,144.0,109.44,0.27929,-0.5142,-0.14385,0.0054,-0.56505
255.23,index_price,1559300346067,open,0.19,123.0,0.139,0.233,0.185825,105.63,0.215,0,ETH-7JUN19-300-P,255.23,79.37,0.179,60.0,0.187,60.0,109.12,0.08118,-0.62355,-0.04987,0.00626,-0.85137
256.75,ETH-28JUN19,1559300346071,open,0.05,5163.0,0.005,0.087,0.046143,100.33,0.052,0.0,ETH-28JUN19-220-P,255.23,94.32,0.041,80.0,0.047,320.0,101.31,0.22221,-0.39989,-0.05675,0.0044,-0.24329
257.78,ETH-27SEP19,1559300346073,open,0.28,582.0,0.222,0.323,0.272198,96.65,0.316,0.0,ETH-27SEP19-280-P,255.23,93.45,0.265,36.0,0.28,36.0,100.09,0.58226,-0.2367,-0.60628,0.00278,-0.44991
255.23,index_price,1559300346079,open,0.0,0.185,0.264,0.224844,99.14,None,0,ETH-14JUN19-200-C,255.23,96.44,0.224,60.0,0.233,60.0,121.91,0.07894,-0.28203,0.06675,0.00322,0.91278
255.23,index_price,1559300346088,open,0.0,0.095,0.185,0.140313,101.9,None,0,ETH-14JUN19-280-P,255.23,90.31,0.132,180.0,0.147,180.0,111.01,0.18561,-0.6815,-0.07602,0.00736,-0.64315
8280.75,index_price,1559300346092,open,0.0,0.129,0.2085,0.1689267,89.4,None,0,BTC-14JUN19-7000-C,8280.75,0.0,0.0,0.0,0.204,1.0,153.88,3.70729,-11.9429,2.15468,0.00016,0.85339
255.23,index_price,1559300346094,open,0.12,330.0,0.076,0.155,0.115274,98.97,0.115,0,ETH-7JUN19-230-C,255.23,95.64,0.114,60.0,0.12,60.0,110.82,0.09869,-0.71026,0.03282,0.00813,0.79791
256.75,ETH-28JUN19,1559300346100,open,0.19,1593.0,0.15,0.229,0.189278,100.32,0.184,0.0,ETH-28JUN19-220-C,255.23,91.79,0.182,80.0,0.19,48.0,101.15,0.2222,-0.39983,0.11127,0.0044,0.75673
255.23,index_price,1559300346111,open,0.15,18.0,0.107,0.186,0.146785,98.87,0.136,0,ETH-7JUN19-220-C,255.23,92.29,0.145,60.0,0.152,60.0,116.08,0.07111,-0.51126,0.03513,0.00586,0.87748
8280.75,index_price,1559300346114,open,0.2,0.0395,0.1255,0.08255314,87.03,0.0755,0,BTC-14JUN19-8500-P,8280.75,79.86,0.077,0.2,0.0825,3.9,86.96,6.42572,-20.15031,-1.92067,0.00028,-0.52757
257.78,ETH-27SEP19,1559300346116,open,0.34,37.0,0.275,0.38,0.327767,97.62,0.221,0.0,ETH-27SEP19-300-P,255.23,94.21,0.32,36.0,0.336,36.0,101.23,0.58688,-0.24097,-0.69285,0.00278,-0.49749
255.23,index_price,1559300346121,open,0.0,0.185,0.264,0.224844,99.23,None,0,ETH-14JUN19-200-C,255.23,92.95,0.223,60.0,0.233,60.0,121.91,0.07905,-0.28266,0.06673,0.00322,0.91262
255.23,index_price,1559300346125,open,0.0,0.069,0.148,0.108338,99.23,None,0,ETH-14JUN19-240-C,255.23,94.54,0.105,180.0,0.118,180.0,112.7,0.18217,-0.65138,0.05361,0.00741,0.66083
257.78,ETH-27SEP19,1559300346139,open,1.4,0.0,1.277,1.466,1.371802,114.37,None,0.0,ETH-27SEP19-600-P,255.19,0.0,0.0,0.0,0.0,0.0,0.0,0.36738,-0.17673,-1.85144,0.00148,-0.83346
257.78,ETH-27SEP19,1559300346140,open,0.07,1466.0,0.026,0.105,0.065318,107.12,0.092,0.0,ETH-27SEP19-480-C,255.19,104.07,0.06,142.0,0.07,290.0,109.74,0.45573,-0.20533,0.14536,0.00197,0.23846
256.75,ETH-28JUN19,1559300346140,open,0.14,1488.0,0.103,0.182,0.14239,100.32,0.149,0.0,ETH-28JUN19-240-C,255.19,95.05,0.137,80.0,0.145,144.0,102.86,0.26315,-0.47351,0.09929,0.00521,0.64876
257.78,ETH-27SEP19,1559300346140,open,1.24,0.0,1.134,1.31,1.222009,111.99,None,0.0,ETH-27SEP19-560-P,255.19,0.0,0.0,0.0,0.0,0.0,0.0,0.39342,-0.18531,-1.70971,0.00162,-0.81444
257.78,ETH-27SEP19,1559300346140,open,0.11,1166.0,0.064,0.143,0.103194,101.47,0.1,0.0,ETH-27SEP19-380-C,255.19,99.48,0.099,233.0,0.106,120.0,102.79,0.54588,-0.23297,0.20867,0.00249,0.35174
256.71,ETH-28JUN19,1559300346140,open,0.01,133.0,0.001,0.045,0.005735,122.34,0.015,0.0,ETH-28JUN19-480-C,255.19,110.09,0.003,480.0,0.008,390.0,129.98,0.06879,-0.15095,0.00795,0.00112,0.04629
257.74,ETH-27SEP19,1559300346140,open,0.8,0.0,0.714,0.856,0.785138,105.23,None,0.0,ETH-27SEP19-440-P,255.19,0.0,0.0,0.0,0.0,0.0,0.0,0.49296,-0.21818,-1.26557,0.00217,-0.72252
255.19,index_price,1559300346139,open,0.38,0.0,0.319,0.427,0.372982,113.76,None,0,ETH-7JUN19-350-P,255.19,0.0,0.0,0.0,0.471,2.0,378.56,0.02106,-0.17426,-0.06476,0.00151,-0.97413
256.71,ETH-28JUN19,1559300346141,open,0.57,10.0,0.533,0.612,0.572538,136.43,0.265,0.0,ETH-28JUN19-110-C,255.19,0.0,0.0,0.0,0.0,0.0,0.0,0.01456,-0.03562,0.08235,0.00021,0.99258
256.71,ETH-28JUN19,1559300346142,open,0.53,50.0,0.494,0.573,0.533592,123.59,0.547,0.0,ETH-28JUN19-120-C,255.19,0.0,0.0,0.0,0.0,0.0,0.0,0.01599,-0.03545,0.08982,0.00026,0.99174
255.19,index_price,1559300346139,open,0.3,301.0,0.244,0.347,0.295687,105.79,0.2,0,ETH-7JUN19-330-P,255.19,0.0,0.0,0.0,0.378,2.0,319.38,0.03306,-0.25432,-0.06013,0.00255,-0.95524
256.71,ETH-28JUN19,1559300346142,open,0.45,335.0,0.417,0.496,0.456221,106.79,0.481,0.0,ETH-28JUN19-140-C,255.19,0.0,0.021,3.0,0.6,1.0,411.93,0.02506,-0.048,0.1039,0.00047,0.98617
256.71,ETH-28JUN19,1559300346142,open,0.49,386.0,0.456,0.535,0.495132,117.98,0.321,0.0,ETH-28JUN19-130-C,255.19,0.0,0.14,49.0,0.514,2.0,200.68,0.02252,-0.04766,0.09658,0.00038,0.98777
256.71,ETH-28JUN19,1559300346142,open,0.43,0.0,0.371,0.484,0.427291,111.44,None,0.0,ETH-28JUN19-360-P,255.19,0.0,0.402,1.0,0.0,0.0,0.0,0.18126,-0.36232,-0.24599,0.00323,-0.82742
255.19,index_price,1559300346139,open,0.0,345.0,0.001,0.041,0.001669,116.25,0.005,0,ETH-7JUN19-350-C,255.19,107.58,0.001,5.0,0.002,170.0,119.72,0.02297,-0.1942,0.0013,0.00161,0.0287
255.23,index_price,1559300346137,open,0.22,252.0,0.179,0.258,0.218551,103.08,0.178,0,ETH-7JUN19-200-C,255.23,83.5,0.217,60.0,0.224,60.0,137.01,0.02794,-0.20941,0.03582,0.00221,0.96362
255.19,index_price,1559300346150,open,0.0,0.095,0.185,0.140313,101.73,None,0,ETH-14JUN19-280-P,255.19,91.55,0.133,180.0,0.147,180.0,110.85,0.18546,-0.67983,-0.07607,0.00736,-0.64379
255.19,index_price,1559300346158,open,0.12,330.0,0.076,0.155,0.115274,99.25,0.115,0,ETH-7JUN19-230-C,255.19,93.27,0.113,60.0,0.12,60.0,111.07,0.09892,-0.71395,0.03277,0.00813,0.79704
255.19,index_price,1559300346164,open,0.0,0.186,0.284,0.235273,104.84,None,0,ETH-14JUN19-310-P,255.19,90.45,0.228,60.0,0.239,60.0,111.53,0.13836,-0.52272,-0.10065,0.00533,-0.80222
255.19,index_price,1559300346167,open,0.07,392.0,0.025,0.104,0.06446,99.12,0.069,0,ETH-7JUN19-250-C,255.19,94.52,0.062,180.0,0.067,97.0,103.87,0.13642,-0.98332,0.0251,0.01122,0.5867
255.19,index_price,1559300346178,open,0.01,152.0,0.001,0.044,0.004325,106.72,0.008,0,ETH-7JUN19-320-C,255.19,91.55,0.002,450.0,0.005,210.0,110.22,0.0473,-0.36703,0.00318,0.00361,0.07052
255.19,index_price,1559300346181,open,0.01,1363.0,0.001,0.049,0.008752,98.9,0.008,0,ETH-7JUN19-220-P,255.19,88.31,0.006,300.0,0.008,183.0,96.15,0.07122,-0.51216,-0.00632,0.00587,-0.12281
8410.62,BTC-27SEP19,1559300346187,open,0.02,194.4,0.0005,0.0595,0.0198572,95.88,0.018,0.0,BTC-27SEP19-20000-C,8280.75,93.91,0.018,21.0,0.021,6.0,97.05,8.12495,-3.27678,2.06369,4e-05,0.0952
255.19,index_price,1559300346183,open,0.23,249.0,0.173,0.27,0.22121,104.78,0.228,0,ETH-7JUN19-310-P,255.19,58.33,0.215,60.0,0.222,60.0,107.97,0.06151,-0.46864,-0.05389,0.00479,-0.89991
255.19,index_price,1559300346202,open,0.05,621.0,0.003,0.085,0.043969,98.84,0.042,0,ETH-7JUN19-250-P,255.19,89.53,0.039,180.0,0.043,69.0,97.02,0.13641,-0.98042,-0.02198,0.01125,-0.41321
255.19,index_price,1559300346206,open,1.0,0.001,0.066,0.026489,104.06,0.025,0,ETH-14JUN19-300-C,255.19,99.93,0.024,240.0,0.03,222.0,109.72,0.15581,-0.58426,0.02103,0.00605,0.24325
255.19,index_price,1559300346217,open,0.0,0.016,0.095,0.055439,101.61,None,0,ETH-14JUN19-270-C,255.19,97.11,0.052,180.0,0.059,87.0,106.26,0.1951,-0.71438,0.03598,0.00776,0.42635
8336.26,BTC-28JUN19,1559300346227,open,0.11,127.8,0.0635,0.152,0.10777101,87.92,0.109,0.0,BTC-28JUN19-8500-P,8280.75,84.04,0.1035,14.4,0.111,8.5,90.85,9.1828,-14.48066,-3.76423,0.0002,-0.48348
8280.75,index_price,1559300346232,open,0.0,0.086,0.176,0.13096066,91.85,None,0,BTC-7JUN19-9250-P,8280.75,0.0,0.0,0.0,0.0,0.0,0.0,3.25281,-21.72697,-1.44044,0.00027,-0.79246
255.19,index_price,1559300346242,open,0.0,0.024,0.109,0.066465,99.13,None,0,ETH-14JUN19-250-P,255.19,90.64,0.06,266.0,0.068,99.0,101.14,0.19445,-0.6946,-0.04715,0.00792,-0.41959
255.19,index_price,1559300346251,open,0.0,0.024,0.109,0.066465,99.13,None,0,ETH-14JUN19-250-P,255.19,90.64,0.06,266.0,0.068,100.0,101.14,0.19445,-0.6946,-0.04715,0.00792,-0.41959
255.19,index_price,1559300346261,open,0.05,641.0,0.006,0.085,0.045817,99.09,0.046,0,ETH-7JUN19-260-C,255.19,95.77,0.044,180.0,0.048,83.0,103.09,0.13939,-1.00446,0.02051,0.01147,0.47238
255.19,index_price,1559300346273,open,0.02,370.0,0.001,0.055,0.015505,104.33,0.014,0,ETH-7JUN19-290-C,255.19,97.75,0.013,240.0,0.016,88.0,105.59,0.09972,-0.75659,0.00914,0.00779,0.20571
255.19,index_price,1559300346280,open,1.0,0.001,0.055,0.015938,105.91,0.023,0,ETH-14JUN19-320-C,255.19,101.73,0.014,240.0,0.019,225.0,112.14,0.12127,-0.4628,0.01402,0.00463,0.16042
255.19,index_price,1559300346295,open,0.0,0.001,0.063,0.022786,99.17,None,0,ETH-14JUN19-220-P,255.19,91.94,0.019,240.0,0.024,100.0,101.42,0.13665,-0.48832,-0.02101,0.00557,-0.19377
255.19,index_price,1559300346323,open,0.04,609.0,0.001,0.069,0.027986,98.86,0.034,0,ETH-7JUN19-240-P,255.19,88.31,0.023,240.0,0.028,100.0,98.89,0.12205,-0.87745,-0.01584,0.01006,-0.30149
255.19,index_price,1559300346328,open,2.0,0.001,0.054,0.014353,99.18,0.011,0,ETH-14JUN19-210-P,255.19,90.87,0.011,300.0,0.015,90.0,100.7,0.10785,-0.38541,-0.01446,0.00439,-0.13466
255.19,index_price,1559300346343,open,0.0,0.001,0.075,0.034139,99.16,None,0,ETH-14JUN19-230-P,255.19,90.98,0.029,240.0,0.035,93.0,100.51,0.16233,-0.58003,-0.02882,0.00661,-0.26297
255.19,index_price,1559300346349,open,0.0,0.029,0.108,0.068796,99.32,None,0,ETH-14JUN19-260-C,255.19,97.01,0.067,82.0,0.075,206.0,107.29,0.1985,-0.71039,0.04185,0.00807,0.50016
255.19,index_price,1559300346354,open,0.0,0.029,0.108,0.068796,99.32,None,0,ETH-14JUN19-260-C,255.19,97.01,0.067,82.0,0.075,207.0,107.29,0.1985,-0.71039,0.04185,0.00807,0.50016
8410.62,BTC-27SEP19,1559300346394,open,0.03,10.0,0.0005,0.0625,0.02296599,100.84,0.0285,0.0,BTC-27DEC19-32000-C,8280.75,97.79,0.0195,16.0,0.0255,16.0,102.9,10.01959,-2.40703,3.05287,2e-05,0.08609
8280.75,index_price,1559300346496,open,0.28,8.4,0.2365,0.316,0.27641441,114.44,0.25,0,BTC-7JUN19-6000-C,8280.75,0.0,0.0505,2.0,0.308,0.2,268.15,0.46951,-3.90736,1.10282,3e-05,0.9834
8280.75,index_price,1559300346500,open,0.9,0.0005,0.0545,0.01426076,89.4,0.0135,0,BTC-14JUN19-7000-P,8280.75,86.54,0.013,30.0,0.016,3.7,93.21,3.70729,-11.9429,-0.50641,0.00016,-0.14661
8280.75,index_price,1559300346560,open,0.0,0.0005,0.077,0.03719142,89.48,None,0,BTC-14JUN19-9000-C,8280.75,86.43,0.035,24.0,0.04,10.0,93.36,5.96907,-19.24711,0.97908,0.00026,0.34821
8280.75,index_price,1559300346599,open,0.11,14.9,0.0625,0.151,0.10675282,91.54,0.108,0,BTC-7JUN19-9000-P,8280.75,74.9,0.0995,0.6,0.104,0.6,85.42,3.78689,-25.20808,-1.29868,0.00032,-0.72579
8336.22,BTC-28JUN19,1559300346876,open,0.19,22.1,0.1415,0.2365,0.18903338,89.18,0.125,0.0,BTC-28JUN19-9500-P,8280.75,0.0,0.1395,0.1,0.0,0.0,0.0,8.45995,-13.53218,-5.39273,0.00018,-0.65801
255.19,index_price,1559300346943,open,1.0,0.001,0.066,0.026455,104.06,0.025,0,ETH-14JUN19-300-C,255.19,99.93,0.024,240.0,0.03,223.0,109.72,0.15581,-0.58426,0.02103,0.00605,0.24325
8280.75,index_price,1559300346949,open,0.0,73.0,0.0005,0.041,0.00098639,114.44,0.0015,0,BTC-7JUN19-6000-P,8280.75,103.92,0.0005,4.3,0.001,4.0,114.68,0.46948,-3.90713,-0.02743,3e-05,-0.0166
8280.75,index_price,1559300346969,open,0.0,0.0795,0.169,0.12404958,89.48,None,0,BTC-14JUN19-9000-P,8280.75,78.85,0.1165,0.2,0.122,4.3,86.63,5.96907,-19.24714,-2.44232,0.00026,-0.65179
255.19,index_price,1559300346975,open,0.0,0.024,0.109,0.066541,99.13,None,0,ETH-14JUN19-250-P,255.19,90.64,0.06,269.0,0.068,100.0,101.14,0.19445,-0.6946,-0.04715,0.00792,-0.41959
255.19,index_price,1559300346979,open,0.0,0.024,0.109,0.066541,99.13,None,0,ETH-14JUN19-250-P,255.19,90.64,0.06,269.0,0.068,99.0,101.14,0.19445,-0.6946,-0.04715,0.00792,-0.41959
255.19,index_price,1559300346986,open,0.0,253.0,0.001,0.042,0.00213,112.02,0.014,0,ETH-7JUN19-340-C,255.19,0.0,0.0,0.0,0.002,165.0,110.77,0.02818,-0.22959,0.00167,0.00205,0.03678
255.19,index_price,1559300346995,open,0.05,641.0,0.006,0.085,0.045749,99.09,0.046,0,ETH-7JUN19-260-C,255.19,95.77,0.044,180.0,0.048,86.0,103.09,0.13939,-1.00446,0.02051,0.01147,0.47238
255.19,index_price,1559300347001,open,1.0,0.001,0.055,0.015915,105.91,0.023,0,ETH-14JUN19-320-C,255.19,101.73,0.014,240.0,0.019,226.0,112.14,0.12127,-0.4628,0.01402,0.00463,0.16042
255.19,index_price,1559300347012,open,0.0,0.001,0.063,0.02282,99.17,None,0,ETH-14JUN19-220-P,255.19,91.94,0.019,240.0,0.024,99.0,101.42,0.13665,-0.48832,-0.02101,0.00557,-0.19377
255.19,index_price,1559300347018,open,0.0,0.029,0.108,0.068728,99.23,None,0,ETH-14JUN19-260-C,255.19,97.01,0.067,82.0,0.075,210.0,107.29,0.1985,-0.70977,0.04185,0.00808,0.50009
255.19,index_price,1559300347034,open,0.0,0.045,0.131,0.087577,99.11,None,0,ETH-14JUN19-260-P,255.19,90.77,0.081,263.0,0.089,101.0,101.06,0.1985,-0.70892,-0.05699,0.00809,-0.5
255.19,index_price,1559300347041,open,0.0,0.045,0.131,0.087577,99.11,None,0,ETH-14JUN19-260-P,255.19,90.77,0.081,263.0,0.089,102.0,101.06,0.1985,-0.70892,-0.05699,0.00809,-0.5
8410.65,BTC-27SEP19,1559300347043,open,0.01,117.0,0.0005,0.0515,0.01193303,99.7,0.014,0.0,BTC-27SEP19-24000-C,8280.75,96.69,0.01,15.0,0.0135,6.0,101.94,5.68613,-2.38451,1.30507,2e-05,0.05958
255.19,index_price,1559300347044,open,0.0,0.047,0.126,0.086879,99.33,None,0,ETH-14JUN19-250-C,255.19,96.76,0.085,87.0,0.093,195.0,107.26,0.19445,-0.69602,0.04787,0.00791,0.58041
255.19,index_price,1559300347049,open,0.0,0.047,0.126,0.086879,99.33,None,0,ETH-14JUN19-250-C,255.19,96.76,0.085,87.0,0.093,200.0,107.26,0.19445,-0.69602,0.04787,0.00791,0.58041
257.74,ETH-27SEP19,1559300347069,open,0.03,7561.0,0.001,0.067,0.026166,95.83,0.017,0.0,ETH-27SEP19-140-P,255.19,90.89,0.022,150.0,0.029,60.0,99.06,0.22352,-0.0901,-0.09108,0.00108,-0.08236
255.19,index_price,1559300347101,open,0.04,266.0,0.001,0.072,0.0327,101.53,0.037,0,ETH-7JUN19-270-C,255.19,96.19,0.03,240.0,0.034,92.0,103.93,0.1321,-0.97529,0.01615,0.01061,0.36875
8410.65,BTC-27SEP19,1559300347129,open,0.01,28.3,0.0005,0.0465,0.00666392,99.5,0.007,0.0,BTC-27SEP19-3250-P,8280.69,94.13,0.005,15.0,0.008,4.6,103.3,2.81385,-1.17762,-0.86984,1e-05,-0.02509
8336.22,BTC-28JUN19,1559300347129,open,0.7,24.4,0.6605,0.74,0.7001389,135.44,0.5115,0.0,BTC-28JUN19-2500-C,8280.69,0.0,0.0025,0.5,0.8025,1.0,500.0,0.02793,-0.06784,1.90696,0.0,0.99967
8410.65,BTC-27SEP19,1559300347129,open,0.51,6.1,0.451,0.571,0.51097439,88.54,1.781,0.0,BTC-27SEP19-12000-P,8280.69,0.0,0.0105,0.1,1.2445,0.3,500.0,17.29917,-6.44234,-32.45672,8e-05,-0.67391
8336.22,BTC-28JUN19,1559300347129,open,0.04,1218.9,0.0005,0.077,0.03719766,90.53,0.0355,0.0,BTC-28JUN19-10000-C,8280.69,87.01,0.034,29.3,0.0385,16.8,91.94,7.66599,-12.44756,1.50431,0.00016,0.27348
8336.22,BTC-28JUN19,1559300347129,open,0.41,691.1,0.3635,0.443,0.40344657,103.49,0.427,0.0,BTC-28JUN19-5000-C,8280.69,0.0,0.2355,2.0,0.4465,3.0,211.3,1.42631,-2.64759,3.62746,3e-05,0.97322
8410.65,BTC-27SEP19,1559300347129,open,0.35,718.9,0.307,0.3865,0.34677823,86.51,0.355,0.0,BTC-27SEP19-6000-C,8280.69,81.51,0.3395,5.0,0.353,4.8,90.68,12.41478,-4.51712,13.074,6e-05,0.82406
8336.22,BTC-28JUN19,1559300347129,open,0.64,43.6,0.6005,0.68,0.64033178,135.11,0.6755,0.0,BTC-28JUN19-3000-C,8280.69,0.0,0.004,0.5,0.7765,2.0,500.0,0.12796,-0.3101,2.27883,0.0,0.99827
8280.69,index_price,1559300347128,open,0.04,219.6,0.0005,0.0745,0.03356735,90.45,0.026,0,BTC-7JUN19-8000-P,8280.69,78.64,0.0275,0.6,0.0295,4.0,82.55,4.27963,-28.14825,-0.6248,0.00037,-0.36698
8336.22,BTC-28JUN19,1559300347130,open,0.2,959.8,0.152,0.2315,0.19196064,89.21,0.19,0.0,BTC-28JUN19-7000-C,8280.69,82.72,0.187,4.1,0.195,4.1,93.06,6.50222,-10.40393,3.85372,0.00014,0.79727
8280.69,index_price,1559300347129,open,0.0,0.045,0.1245,0.08478152,87.03,None,0,BTC-14JUN19-8000-C,8280.69,87.32,0.085,18.0,0.09,0.2,94.01,6.17928,-19.37864,1.66392,0.00027,0.61335
8410.65,BTC-27SEP19,1559300347130,open,0.02,97.2,0.0005,0.061,0.0205801,90.91,0.0255,0.0,BTC-27SEP19-4500-P,8280.69,88.18,0.0185,6.0,0.0225,10.8,93.33,6.54882,-2.5041,-2.52162,3e-05,-0.07148
8410.65,BTC-27SEP19,1559300347129,open,0.55,27.1,0.514,0.5935,0.55398571,87.95,0.542,0.0,BTC-27DEC19-4000-C,8280.69,0.0,0.0195,0.1,0.707,0.2,200.33,8.92026,-1.86906,17.99935,2e-05,0.92617
8336.16,BTC-28JUN19,1559300347131,open,0.0,709.0,0.0005,0.0425,0.002504,101.81,0.0015,0.0,BTC-28JUN19-15000-C,8280.69,94.71,0.0015,3.0,0.003,25.0,104.63,1.38026,-2.52052,0.14801,3e-05,0.02575
8336.16,BTC-28JUN19,1559300347131,open,0.0,312.4,0.0005,0.042,0.0023242,106.18,0.0025,0.0,BTC-28JUN19-4750-P,8280.69,93.35,0.001,24.0,0.0035,27.4,114.06,1.09322,-2.08208,-0.13915,2e-05,-0.01953
8336.16,BTC-28JUN19,1559300347132,open,0.01,503.5,0.0005,0.046,0.00593852,98.13,0.008,0.0,BTC-28JUN19-5500-P,8280.69,92.49,0.0045,24.0,0.007,27.8,101.84,2.28249,-4.01742,-0.34054,4e-05,-0.04755
8336.16,BTC-28JUN19,1559300347132,open,0.01,335.5,0.0005,0.046,0.00630145,95.71,0.007,0.0,BTC-28JUN19-13000-C,8280.69,89.78,0.0045,24.0,0.0075,24.0,99.14,2.77476,-4.76365,0.3473,5e-05,0.06085
8336.16,BTC-28JUN19,1559300347132,open,0.12,706.9,0.0765,0.156,0.11626712,87.93,0.1175,0.0,BTC-28JUN19-8000-C,8280.69,84.84,0.113,14.4,0.1195,4.3,90.99,8.80985,-13.89481,3.17155,0.00019,0.61443
8410.65,BTC-27SEP19,1559300347132,open,0.94,0.0,0.862,1.0165,0.93920489,91.4,None,0.0,BTC-27SEP19-16000-P,8280.69,0.0,0.0065,0.1,1.6935,0.2,499.69,11.93867,-4.58972,-48.58574,6e-05,-0.83449
8410.65,BTC-27SEP19,1559300347132,open,0.41,3.2,0.357,0.4695,0.41338434,87.84,0.481,0.0,BTC-27SEP19-11000-P,8280.69,17.62,0.308,0.1,1.133,0.3,500.0,18.3878,-6.79346,-28.09023,9e-05,-0.61209
8336.16,BTC-28JUN19,1559300347131,open,0.43,97.0,0.393,0.4725,0.43252637,106.25,0.1965,0.0,BTC-28JUN19-4750-C,8280.69,0.0,0.122,1.1,0.4755,1.0,224.86,1.09576,-2.08826,3.48812,2e-05,0.98041
8410.65,BTC-27SEP19,1559300347131,open,0.82,42.8,0.7825,0.862,0.82226768,122.23,0.815,0.0,BTC-27SEP19-1500-C,8280.69,0.0,0.0,0.0,0.0,0.0,0.0,0.35889,-0.18451,4.80279,0.0,0.9976
8410.65,BTC-27SEP19,1559300347129,open,0.11,136.4,0.065,0.1445,0.10478429,87.27,0.1015,0.0,BTC-27DEC19-14000-C,8280.69,86.25,0.102,10.0,0.108,14.9,88.44,23.10485,-4.80375,10.9057,7e-05,0.33029
8336.16,BTC-28JUN19,1559300347132,open,0.52,322.4,0.4815,0.561,0.52141652,122.74,0.451,0.0,BTC-28JUN19-4000-C,8280.69,0.0,0.001,3.0,0.674,3.0,489.14,0.6025,-1.32642,2.98459,1e-05,0.99021
8336.16,BTC-28JUN19,1559300347132,open,0.24,43.0,0.1875,0.286,0.2367729,90.51,0.1625,0.0,BTC-28JUN19-10000-P,8280.69,0.0,0.001,1.0,0.6655,1.0,500.0,7.66504,-12.4436,-6.13318,0.00016,-0.72658
8280.69,index_price,1559300347128,open,0.0,0.0045,0.0875,0.04614314,87.83,None,0,BTC-7JUN19-8250-P,8280.69,76.57,0.04,18.0,0.046,18.0,87.57,4.51531,-28.83958,-0.79532,0.0004,-0.46372
8410.65,BTC-27SEP19,1559300347132,open,0.01,336.3,0.0005,0.054,0.01369632,94.07,0.0135,0.0,BTC-27SEP19-4000-P,8280.69,90.13,0.0115,6.0,0.015,5.0,96.27,4.88575,-1.9331,-1.72243,2e-05,-0.04918
8336.16,BTC-28JUN19,1559300347132,open,0.49,10.5,0.452,0.5315,0.49169935,116.77,0.428,0.0,BTC-28JUN19-4250-C,8280.69,0.0,0.034,2.0,0.667,3.0,500.0,0.73294,-1.53516,3.15804,1e-05,0.98774
8410.65,BTC-27SEP19,1559300347132,open,0.03,283.5,0.0005,0.072,0.03079157,89.26,0.025,0.0,BTC-27SEP19-5000-P,8280.69,86.96,0.0285,10.0,0.0325,6.0,90.93,8.48737,-3.18633,-3.61111,4e-05,-0.10104
8410.65,BTC-27SEP19,1559300347132,open,0.13,827.7,0.091,0.1705,0.13087459,86.19,0.1335,0.0,BTC-27SEP19-10000-C,8280.69,84.26,0.1265,22.2,0.134,13.6,87.57,19.04156,-6.90309,8.95567,0.0001,0.45781
8336.16,BTC-28JUN19,1559300347132,open,0.8,2.8,0.73,0.8735,0.80186558,101.64,0.6485,0.0,BTC-28JUN19-15000-P,8280.69,0.0,0.0,0.0,1.1665,1.0,500.0,1.37026,-2.49809,-11.309,3e-05,-0.97447
8336.16,BTC-28JUN19,1559300347133,open,0.07,551.7,0.0265,0.106,0.06643772,88.64,0.0645,0.0,BTC-28JUN19-9000-C,8280.69,85.46,0.063,24.4,0.067,1.0,89.16,9.02564,-14.35013,2.27981,0.00019,0.42453
8410.65,BTC-27SEP19,1559300347133,open,0.02,1028.2,0.0005,0.057,0.01672937,92.21,0.0175,0.0,BTC-27SEP19-4250-P,8280.69,88.8,0.0145,21.0,0.0185,10.7,94.78,5.66914,-2.19866,-2.08399,3e-05,-0.05935
8336.16,BTC-28JUN19,1559300347133,open,0.01,499.7,0.0005,0.051,0.0110861,93.56,0.01,0.0,BTC-28JUN19-12000-C,8280.69,89.05,0.009,24.0,0.012,24.0,95.4,4.0526,-6.80097,0.56814,8e-05,0.10032
8410.65,BTC-27SEP19,1559300347133,open,0.09,578.2,0.0445,0.124,0.08420254,88.54,0.083,0.0,BTC-27SEP19-12000-C,8280.69,87.95,0.083,9.5,0.085,4.9,88.92,17.29878,-6.44186,6.62547,8e-05,0.32608
8336.16,BTC-28JUN19,1559300347133,open,0.16,181.8,0.111,0.1905,0.15051276,87.93,0.152,0.0,BTC-28JUN19-7500-C,8280.69,82.06,0.145,5.0,0.1535,4.2,91.09,7.87228,-12.41636,3.56868,0.00017,0.71106
8336.16,BTC-28JUN19,1559300347133,open,0.05,311.8,0.0085,0.092,0.05019355,87.92,0.052,0.0,BTC-28JUN19-7500-P,8280.69,85.06,0.0475,19.3,0.051,0.4,88.77,7.87205,-12.4139,-2.159,0.00017,-0.28893
8336.16,BTC-28JUN19,1559300347134,open,0.01,464.6,0.0005,0.0435,0.00363188,97.65,0.0075,0.0,BTC-28JUN19-14000-C,8280.69,88.97,0.002,24.0,0.0045,24.0,101.28,1.864,-3.26479,0.21259,4e-05,0.03702
8336.16,BTC-28JUN19,1559300347134,open,0.0,250.0,0.0005,0.0415,0.0018065,110.62,0.0015,0.0,BTC-28JUN19-4500-P,8280.69,92.73,0.0005,59.9,0.003,24.0,120.27,0.87338,-1.73292,-0.10712,1e-05,-0.01502
8410.59,BTC-27SEP19,1559300347129,open,0.03,35.7,0.0005,0.0655,0.02564647,99.54,0.026,0.0,BTC-27DEC19-30000-C,8280.69,96.59,0.022,16.0,0.028,16.0,101.33,10.82395,-2.56679,3.37981,3e-05,0.09553
8336.16,BTC-28JUN19,1559300347134,open,0.34,26.3,0.286,0.3925,0.33927864,91.16,0.285,0.0,BTC-28JUN19-11000-P,8280.69,0.0,0.002,1.0,0.762,1.0,500.0,5.71501,-9.34448,-7.47704,0.00012,-0.83516
8280.69,index_price,1559300347129,open,0.07,91.2,0.0275,0.107,0.06747129,90.46,0.0715,0,BTC-7JUN19-8000-C,8280.69,84.7,0.0645,3.5,0.068,0.6,91.48,4.27968,-28.15277,0.88217,0.00037,0.63301
8410.59,BTC-27SEP19,1559300347134,open,0.0,1639.1,0.0005,0.0405,0.00061407,122.26,0.0015,0.0,BTC-27SEP19-1500-P,8280.69,0.0,0.0,0.0,0.001,6.9,129.81,0.35933,-0.18478,-0.08263,0.0,-0.0024
8410.59,BTC-27SEP19,1559300347133,open,0.09,92.6,0.0515,0.131,0.09140103,87.81,0.0875,0.0,BTC-27DEC19-15000-C,8280.69,86.7,0.0885,10.0,0.095,24.9,89.18,22.03923,-4.61057,9.8944,6e-05,0.296
8336.16,BTC-28JUN19,1559300347135,open,0.55,30.0,0.5115,0.591,0.55113404,128.23,0.298,0.0,BTC-28JUN19-3750-C,8280.69,0.0,0.0015,4.0,0.7415,3.0,500.0,0.47813,-1.09969,2.80983,1e-05,0.99248
8280.69,index_price,1559300347129,open,3.1,0.009,0.0925,0.05087759,87.02,0.0445,0,BTC-14JUN19-8000-P,8280.69,81.15,0.0465,24.0,0.052,14.2,88.52,6.17926,-19.37648,-1.37729,0.00027,-0.38664
8410.59,BTC-27SEP19,1559300347132,open,0.77,0.0,0.699,0.84,0.76935043,87.27,None,0.0,BTC-27DEC19-14000-P,8280.69,0.0,0.0075,3.0,1.5905,0.2,500.0,23.10456,-4.80368,-69.59477,7e-05,-0.66972
8410.59,BTC-27SEP19,1559300347131,open,0.03,134.7,0.0005,0.0705,0.02957641,87.95,0.023,0.0,BTC-27DEC19-4000-P,8280.69,84.99,0.0265,16.0,0.0325,16.0,90.66,8.9206,-1.86918,-5.00105,2e-05,-0.07383
8410.59,BTC-27SEP19,1559300347136,open,0.39,231.1,0.351,0.4305,0.39051585,88.23,0.3795,0.0,BTC-27SEP19-5500-C,8280.69,0.0,0.004,0.6,0.459,3.0,137.45,10.51091,-3.90083,12.95065,5e-05,0.8633
8410.59,BTC-27SEP19,1559300347132,open,0.01,178.6,0.0005,0.0485,0.00827255,97.98,0.0075,0.0,BTC-27DEC19-2500-P,8280.69,91.89,0.006,10.0,0.01,10.0,102.02,3.41289,-0.79662,-1.48875,1e-05,-0.02251
8410.59,BTC-27SEP19,1559300347135,open,0.46,57.4,0.423,0.5025,0.4627603,85.01,0.4555,0.0,BTC-27DEC19-5000-C,8280.69,0.0,0.0065,0.2,0.94,0.5,464.18,13.45059,-2.72395,19.72213,4e-05,0.87057
8410.59,BTC-27SEP19,1559300347134,open,0.67,0.5,0.5995,0.7325,0.66587354,86.51,0.584,0.0,BTC-27DEC19-13000-P,8280.69,0.0,0.0075,3.0,1.4745,0.3,500.0,24.0483,-4.95635,-62.74193,7e-05,-0.63149
8280.69,index_price,1559300347130,open,0.0,113.1,0.0005,0.042,0.00193461,100.38,0.0025,0,BTC-7JUN19-6500-P,8280.69,80.74,0.0005,33.9,0.002,3.4,101.01,0.85546,-6.24449,-0.0559,7e-05,-0.0339
255.19,index_price,1559300347151,open,2.0,0.004,0.083,0.043214,101.96,0.041,0,ETH-14JUN19-280-C,255.19,97.45,0.04,240.0,0.047,93.0,107.08,0.18555,-0.68174,0.03041,0.00735,0.3567
255.19,index_price,1559300347163,open,0.02,370.0,0.001,0.055,0.015475,104.33,0.014,0,ETH-7JUN19-290-C,255.19,97.75,0.013,240.0,0.016,90.0,105.59,0.09972,-0.75659,0.00914,0.00779,0.20571
255.19,index_price,1559300347168,open,1.0,0.001,0.074,0.034046,103.27,0.035,0,ETH-14JUN19-290-C,255.19,98.65,0.031,240.0,0.038,230.0,109.01,0.17208,-0.64034,0.02546,0.00673,0.29653
255.19,index_price,1559300347193,open,0.03,303.0,0.001,0.062,0.022536,102.57,0.022,0,ETH-7JUN19-280-C,255.19,96.99,0.02,240.0,0.024,102.0,105.73,0.1175,-0.87637,0.01228,0.00934,0.27803
255.19,index_price,1559300347216,open,0.01,549.0,0.001,0.042,0.002728,107.32,0.006,0,ETH-7JUN19-330-C,255.19,90.62,0.001,378.0,0.003,116.0,109.23,0.03455,-0.26968,0.00214,0.00262,0.0473
255.19,index_price,1559300347221,open,0.01,114.0,0.001,0.046,0.006604,105.5,0.01,0,ETH-7JUN19-310-C,255.19,93.56,0.004,448.0,0.007,186.0,107.1,0.06228,-0.47779,0.00458,0.00481,0.10181
255.19,index_price,1559300347226,open,0.0,0.001,0.06,0.020654,105.14,None,0,ETH-14JUN19-310-C,255.19,102.06,0.019,240.0,0.024,231.0,111.15,0.13872,-0.52555,0.01726,0.00533,0.19861
255.19,index_price,1559300347319,open,0.07,392.0,0.025,0.104,0.064378,99.12,0.069,0,ETH-7JUN19-250-C,255.19,94.52,0.062,180.0,0.066,69.0,102.0,0.13642,-0.98332,0.0251,0.01122,0.5867
256.75,ETH-28JUN19,1559300347321,open,0.01,208.0,0.001,0.049,0.009049,118.99,0.008,0.0,ETH-28JUN19-440-C,255.19,109.86,0.006,483.0,0.011,390.0,123.96,0.09557,-0.20397,0.01201,0.0016,0.07028
255.19,index_price,1559300347337,open,0.01,152.0,0.001,0.044,0.004314,106.72,0.008,0,ETH-7JUN19-320-C,255.19,91.55,0.002,450.0,0.005,212.0,110.22,0.0473,-0.36703,0.00318,0.00361,0.07052
255.19,index_price,1559300347348,open,0.01,532.0,0.001,0.05,0.010393,105.57,0.009,0,ETH-7JUN19-300-C,255.19,104.25,0.01,5.0,0.011,97.0,107.39,0.08102,-0.62196,0.00662,0.00626,0.14823
255.19,index_price,1559300347369,open,1.0,0.001,0.066,0.026455,104.06,0.025,0,ETH-14JUN19-300-C,255.19,99.93,0.024,240.0,0.03,224.0,109.72,0.15581,-0.58426,0.02103,0.00605,0.24325
