underlying_price,underlying_index,timestamp,state,settlement_price,open_interest,min_price,max_price,mark_price,mark_iv,last_price,interest_rate,instrument_name,index_price,bid_iv,best_bid_price,best_bid_amount,best_ask_price,best_ask_amount,ask_iv,vega,theta,rho,gamma,delta
9764.5,SYN.BTC-26JUN20,1572260339992,open,0.16,29.3,0.1015,0.212,0.15791687,86.24,0.146,0.0,BTC-26JUN20-14000-C,9437.56,83.33,0.1485,12.8,0.1675,12.8,89.26,31.29654,-5.57937,17.97285,6e-05,0.43557
9764.5,SYN.BTC-26JUN20,1572260340008,open,0.16,29.3,0.1015,0.212,0.15791687,86.24,0.146,0.0,BTC-26JUN20-14000-C,9437.56,83.33,0.1485,12.8,0.1715,12.8,90.5,31.29654,-5.57937,17.97285,6e-05,0.43557
9764.5,SYN.BTC-26JUN20,1572260340030,open,0.16,29.3,0.1015,0.212,0.15791687,86.24,0.146,0.0,BTC-26JUN20-14000-C,9437.56,83.33,0.1485,12.8,0.1675,12.8,89.26,31.29654,-5.57937,17.97285,6e-05,0.43557
9764.5,SYN.BTC-26JUN20,1572260340041,open,0.16,29.3,0.1015,0.212,0.15791687,86.24,0.146,0.0,BTC-26JUN20-14000-C,9437.56,83.33,0.1485,12.8,0.1715,12.8,90.5,31.29654,-5.57937,17.97285,6e-05,0.43557
184.65,SYN.ETH-1NOV19,1572260340055,open,0.05,1286.0,0.018,0.078,0.048699,85.42,0.042,0.0,ETH-1NOV19-180-C,184.54,78.45,0.046,264.0,0.053,120.0,96.43,0.07179,-0.79113,0.01141,0.02322,0.63076
184.91,SYN.ETH-8NOV19,1572260340065,open,0.01,15.0,0.001,0.02,0.006963,94.64,0.008,0.0,ETH-8NOV19-150-P,184.54,90.98,0.006,200.0,0.008,500.0,98.33,0.05034,-0.21904,-0.00515,0.00522,-0.08655
9764.5,SYN.BTC-26JUN20,1572260340063,open,0.16,29.3,0.1015,0.212,0.15791687,86.24,0.146,0.0,BTC-26JUN20-14000-C,9437.56,83.33,0.1485,12.8,0.1675,12.8,89.26,31.29654,-5.57937,17.97285,6e-05,0.43557
9682.36,BTC-27MAR20,1572260340078,open,1.71,0.0,1.642,1.7905,1.71195625,99.43,None,0.0,BTC-27MAR20-26000-P,9437.56,0.0,0.0015,1.0,0.0,0.0,0.0,11.71896,-3.86148,-104.13048,3e-05,-0.88982
185.67,SYN.ETH-29NOV19,1572260340083,open,0.05,1432.0,0.02,0.073,0.045608,89.94,0.042,0.0,ETH-29NOV19-220-C,184.54,86.43,0.042,382.0,0.048,382.0,92.23,0.19265,-0.27178,0.04232,0.00711,0.30663
185.67,SYN.ETH-29NOV19,1572260340095,open,0.01,419.0,0.003,0.028,0.012051,108.75,0.013,0.0,ETH-29NOV19-300-C,184.54,104.32,0.01,460.0,0.013,160.0,110.67,0.09011,-0.15371,0.01286,0.00275,0.09138
186.69,ETH-27DEC19,1572260340103,open,0.04,2648.0,0.019,0.068,0.041687,93.35,0.042,0.0,ETH-27DEC19-140-P,184.54,91.7,0.04,128.0,0.044,416.0,95.59,0.19206,-0.14972,-0.06513,0.0036,-0.17099
9764.5,SYN.BTC-26JUN20,1572260340105,open,0.16,29.3,0.1015,0.212,0.15791687,86.24,0.146,0.0,BTC-26JUN20-14000-C,9437.56,83.33,0.1485,12.8,0.1705,12.8,90.19,31.29654,-5.57937,17.97285,6e-05,0.43557
186.69,ETH-27DEC19,1572260340109,open,0.08,11322.0,0.042,0.11,0.075904,91.05,0.077,0.0,ETH-27DEC19-160-P,184.54,88.89,0.073,128.0,0.079,397.0,93.34,0.25155,-0.19126,-0.10696,0.00483,-0.27334
188.66,ETH-27MAR20,1572260340116,open,0.08,672.0,0.042,0.127,0.084293,95.69,0.077,0.0,ETH-27MAR20-320-C,184.54,91.88,0.076,550.0,0.087,550.0,96.92,0.4157,-0.13183,0.161,0.00295,0.29075
9445.48,SYN.BTC-1NOV19,1572260340122,open,0.14,2.0,0.1165,0.1765,0.14506523,106.97,0.127,0.0,BTC-1NOV19-10750-P,9437.56,0.0,0.124,1.0,0.1635,1.0,171.32,2.07721,-28.66581,-1.01639,0.0002,-0.86833
9559.91,BTC-27DEC19,1572260340124,open,0.32,73.4,0.27,0.3655,0.31787177,87.91,0.3635,0.0,BTC-27DEC19-12000-P,9437.56,59.8,0.2805,2.0,0.362,2.0,116.94,13.89339,-10.19927,-15.60816,0.00011,-0.6774
9682.36,BTC-27MAR20,1572260340124,open,2.11,0.0,2.044,2.2035,2.11894674,103.45,None,0.0,BTC-27MAR20-30000-P,9437.56,0.0,0.0,0.0,0.0,0.0,0.0,9.74691,-3.34166,-121.39886,2e-05,-0.91429
9766.77,SYN.BTC-26JUN20,1572260340126,open,2.11,0.0,2.0285,2.211,2.11482614,95.61,None,0.0,BTC-26JUN20-30000-P,9437.56,0.0,0.0,0.0,2.1145,1.0,95.43,18.22487,-3.60198,-192.1324,3e-05,-0.85376
9682.28,BTC-27MAR20,1572260340122,open,0.17,38.0,0.1245,0.222,0.17414035,84.92,0.1715,0.0,BTC-27MAR20-9000-P,9437.56,82.11,0.1675,12.9,0.1805,18.9,87.62,22.8618,-6.43407,-20.65985,7e-05,-0.34207
9764.5,SYN.BTC-26JUN20,1572260340122,open,0.16,29.3,0.1015,0.212,0.15791687,86.24,0.146,0.0,BTC-26JUN20-14000-C,9437.56,83.33,0.1485,12.8,0.1675,12.8,89.26,31.29654,-5.57937,17.97285,6e-05,0.43557
9559.91,BTC-27DEC19,1572260340134,open,4.01,0.0,3.924,4.126,4.02236399,147.88,None,0.0,BTC-27DEC19-48000-P,9437.56,0.0,0.0005,1.0,0.0,0.0,0.0,0.87824,-1.08451,-78.6321,0.0,-0.99168
9502.69,SYN.BTC-29NOV19,1572260340134,open,0.21,13.1,0.1685,0.2485,0.20854212,89.0,0.233,0.0,BTC-29NOV19-11000-P,9437.56,51.23,0.172,2.0,0.2165,2.0,96.3,10.23643,-14.29027,-7.24535,0.00015,-0.66452
9764.5,SYN.BTC-26JUN20,1572260340135,open,0.16,29.3,0.1015,0.212,0.15791687,86.24,0.146,0.0,BTC-26JUN20-14000-C,9437.56,83.33,0.1485,12.8,0.17,12.8,90.03,31.29654,-5.57937,17.97285,6e-05,0.43557
9766.77,SYN.BTC-26JUN20,1572260340142,open,1.13,0.0,1.0555,1.2165,1.1342978,89.73,None,0.0,BTC-26JUN20-20000-P,9437.56,0.0,0.1,1.0,2.0,1.0,500.0,26.23685,-4.86669,-120.72882,5e-05,-0.73105
9766.77,SYN.BTC-26JUN20,1572260340142,open,0.77,0.0,0.689,0.842,0.76545963,87.51,None,0.0,BTC-26JUN20-16000-P,9437.56,0.0,0.08,1.0,0.95,1.0,145.04,29.97091,-5.422,-90.43384,5e-05,-0.63181
9682.36,BTC-27MAR20,1572260340151,open,1.91,0.0,1.8425,1.997,1.91499958,101.41,None,0.0,BTC-27MAR20-28000-P,9437.56,0.0,0.0,0.0,0.0,0.0,0.0,10.62942,-3.57211,-112.81124,3e-05,-0.90367
9764.5,SYN.BTC-26JUN20,1572260340149,open,0.16,29.3,0.1015,0.212,0.15791687,86.24,0.146,0.0,BTC-26JUN20-14000-C,9437.56,83.33,0.1485,12.8,0.1675,12.8,89.26,31.29654,-5.57937,17.97285,6e-05,0.43557
9764.5,SYN.BTC-26JUN20,1572260340163,open,0.16,29.3,0.1015,0.212,0.15791687,86.24,0.146,0.0,BTC-26JUN20-14000-C,9437.56,83.33,0.1485,12.8,0.1695,12.8,89.88,31.29654,-5.57937,17.97285,6e-05,0.43557
9764.5,SYN.BTC-26JUN20,1572260340175,open,0.16,29.3,0.1015,0.212,0.15791687,86.24,0.146,0.0,BTC-26JUN20-14000-C,9437.56,83.33,0.1485,12.8,0.1675,12.8,89.26,31.29654,-5.57937,17.97285,6e-05,0.43557
9500.46,SYN.BTC-29NOV19,1572260340188,open,0.1,263.3,0.0665,0.131,0.09998801,84.88,0.098,0.0,BTC-29NOV19-9500-C,9437.56,81.61,0.096,10.6,0.1045,4.0,88.88,11.11251,-14.79508,3.73483,0.00017,0.54998
9559.52,BTC-27DEC19,1572260340187,open,0.02,451.8,0.006,0.044,0.02113147,95.6,0.0265,0.0,BTC-27DEC19-16000-C,9437.56,92.43,0.0185,46.0,0.023,32.0,97.8,8.09707,-6.46424,1.67414,6e-05,0.12786
9457.68,SYN.BTC-8NOV19,1572260340209,open,0.17,61.7,0.14,0.1865,0.16305537,85.46,0.1595,0.0,BTC-8NOV19-8000-C,9437.56,0.0,0.143,3.0,0.1815,3.0,130.44,3.13826,-12.33046,2.03957,0.00014,0.88655
9500.46,SYN.BTC-29NOV19,1572260340208,open,0.07,85.5,0.0425,0.1045,0.07323163,85.16,0.067,0.0,BTC-29NOV19-9000-P,9437.56,81.21,0.069,10.9,0.0735,5.0,85.26,10.56837,-14.11718,-3.65054,0.00016,-0.3666
9559.52,BTC-27DEC19,1572260340216,open,0.17,502.1,0.125,0.2,0.16427293,85.14,0.183,0.0,BTC-27DEC19-9000-C,9437.56,80.76,0.1575,31.4,0.1665,4.0,86.68,14.5422,-10.33948,7.3965,0.00011,0.63582
9459.78,SYN.BTC-8NOV19,1572260340218,open,0.04,175.4,0.0135,0.063,0.03686208,86.35,0.035,0.0,BTC-8NOV19-9000-P,9437.56,78.63,0.032,20.0,0.0375,12.0,87.35,5.99213,-23.78658,-1.06602,0.00026,-0.34134
9559.91,BTC-27DEC19,1572260340229,open,0.11,790.2,0.068,0.143,0.10584263,85.29,0.11,0.0,BTC-27DEC19-9000-P,9437.56,81.78,0.1005,15.5,0.109,25.2,87.37,14.54222,-10.35791,-7.37031,0.00011,-0.36413
9680.25,BTC-27MAR20,1572260340244,open,0.2,460.5,0.1515,0.249,0.20244512,84.87,0.223,0.0,BTC-27MAR20-10000-C,9437.56,82.71,0.197,11.4,0.207,11.4,86.7,24.27067,-6.82661,15.28583,7e-05,0.58445
9443.42,SYN.BTC-1NOV19,1572260340256,open,0.08,72.5,0.0455,0.1065,0.07608258,95.06,0.0855,0.0,BTC-1NOV19-10000-P,9437.56,79.51,0.071,9.0,0.075,1.2,91.22,3.36325,-41.24378,-0.7824,0.00037,-0.70391
9766.77,SYN.BTC-26JUN20,1572260340251,open,0.13,22.7,0.074,0.18,0.12687056,87.39,0.124,0.0,BTC-26JUN20-16000-C,9437.56,84.65,0.1185,13.3,0.1365,13.3,90.51,29.95585,-5.41159,15.58218,5e-05,0.36763
9443.42,SYN.BTC-1NOV19,1572260340268,open,0.08,72.5,0.0455,0.1065,0.07608258,95.06,0.0855,0.0,BTC-1NOV19-10000-P,9437.56,79.51,0.071,9.8,0.075,1.2,91.22,3.36325,-41.24378,-0.7824,0.00037,-0.70391
9557.49,BTC-27DEC19,1572260340268,open,0.03,277.5,0.012,0.0515,0.02949936,85.47,0.0285,0.0,BTC-27DEC19-7000-P,9437.56,83.8,0.028,19.4,0.032,19.0,88.18,8.68669,-6.19959,-2.6841,7e-05,-0.1417
9457.68,SYN.BTC-8NOV19,1572260340268,open,0.08,7.3,0.046,0.11,0.07844074,88.74,0.066,0.0,BTC-8NOV19-9750-P,9437.56,78.23,0.0715,11.7,0.079,9.0,89.23,6.46453,-26.37241,-1.76768,0.00027,-0.54861
9445.48,SYN.BTC-1NOV19,1572260340278,open,0.0,74.6,0.0005,0.015,0.00306755,118.71,0.004,0.0,BTC-1NOV19-11500-C,9437.56,109.09,0.002,45.0,0.004,1.5,125.7,1.17215,-17.95115,0.05794,0.0001,0.06084
9457.68,SYN.BTC-8NOV19,1572260340289,open,0.09,10.4,0.0625,0.129,0.09611194,89.93,0.102,0.0,BTC-8NOV19-10000-P,9437.56,77.93,0.0885,9.6,0.0965,9.0,90.14,6.25978,-25.87975,-1.99301,0.00026,-0.61087
9500.46,SYN.BTC-29NOV19,1572260340291,open,0.07,85.5,0.0425,0.1045,0.07323163,85.16,0.067,0.0,BTC-29NOV19-9000-P,9437.56,79.41,0.067,9.7,0.0735,5.0,85.26,10.56837,-14.11718,-3.65054,0.00016,-0.3666
9766.77,SYN.BTC-26JUN20,1572260340293,open,0.13,22.7,0.074,0.18,0.12687056,87.39,0.124,0.0,BTC-26JUN20-16000-C,9437.56,84.65,0.1185,13.3,0.142,3.0,92.28,29.95585,-5.41159,15.58218,5e-05,0.36763
9764.5,SYN.BTC-26JUN20,1572260340294,open,0.16,29.3,0.1015,0.212,0.15791687,86.24,0.146,0.0,BTC-26JUN20-14000-C,9437.56,83.33,0.1485,12.8,0.1695,12.8,89.88,31.29654,-5.57937,17.97285,6e-05,0.43557
9445.48,SYN.BTC-1NOV19,1572260340303,open,0.0,74.6,0.0005,0.015,0.00306755,118.71,0.004,0.0,BTC-1NOV19-11500-C,9437.56,109.09,0.002,30.0,0.004,1.5,125.7,1.17215,-17.95115,0.05794,0.0001,0.06084
9764.5,SYN.BTC-26JUN20,1572260340304,open,0.07,29.0,0.041,0.106,0.07259136,84.05,0.074,0.0,BTC-26JUN20-6000-P,9437.56,79.07,0.0635,16.8,0.0785,3.0,87.16,18.19884,-3.16209,-14.14798,3e-05,-0.14597
9500.46,SYN.BTC-29NOV19,1572260340299,open,0.02,222.0,0.007,0.0395,0.02098493,85.56,0.02,0.0,BTC-29NOV19-7500-P,9437.56,83.23,0.0195,14.5,0.0235,14.5,89.16,6.37616,-8.55765,-1.37126,9e-05,-0.14423
9559.52,BTC-27DEC19,1572260340306,open,0.04,363.7,0.02,0.0695,0.04313557,85.3,0.0455,0.0,BTC-27DEC19-7500-P,9437.56,82.84,0.0405,18.6,0.0455,9.7,87.39,10.53328,-7.50329,-3.66909,8e-05,-0.19078
9502.69,SYN.BTC-29NOV19,1572260340308,open,0.16,725.5,0.124,0.1865,0.15643608,84.88,0.174,0.0,BTC-29NOV19-8500-C,9437.56,79.93,0.1515,8.9,0.161,4.0,89.42,9.5236,-12.68068,4.64074,0.00014,0.71564
9500.46,SYN.BTC-29NOV19,1572260340309,open,0.02,222.0,0.007,0.0395,0.02098493,85.56,0.02,0.0,BTC-29NOV19-7500-P,9437.56,82.47,0.019,12.0,0.0235,14.5,89.16,6.37616,-8.55765,-1.37126,9e-05,-0.14423
9559.91,BTC-27DEC19,1572260340311,open,0.16,498.0,0.1205,0.2065,0.16436183,85.47,0.156,0.0,BTC-27DEC19-10000-P,9437.56,82.21,0.1595,7.2,0.17,18.1,88.71,15.43263,-11.01426,-10.15577,0.00012,-0.48283
9680.25,BTC-27MAR20,1572260340313,open,0.12,351.2,0.079,0.163,0.12110999,84.88,0.11,0.0,BTC-27MAR20-8000-P,9437.56,81.98,0.115,4.0,0.1265,20.6,87.43,20.45941,-5.75513,-15.52633,6e-05,-0.2669
9559.52,BTC-27DEC19,1572260340314,open,0.02,451.8,0.006,0.044,0.02113147,95.6,0.0265,0.0,BTC-27DEC19-16000-C,9437.56,92.43,0.0185,46.0,0.023,12.0,97.8,8.09707,-6.46424,1.67414,6e-05,0.12786
9500.46,SYN.BTC-29NOV19,1572260340316,open,0.08,450.9,0.0475,0.1105,0.07954429,85.85,0.08,0.0,BTC-29NOV19-10000-C,9437.56,82.53,0.0755,19.4,0.0835,5.0,89.34,11.16895,-15.04122,3.24118,0.00017,0.47006
9443.42,SYN.BTC-1NOV19,1572260340320,open,0.03,284.9,0.0045,0.048,0.02431822,91.61,0.022,0.0,BTC-1NOV19-9750-C,9437.56,87.3,0.0225,12.0,0.025,0.8,93.65,3.7209,-43.97386,0.36222,0.00043,0.38543
9500.46,SYN.BTC-29NOV19,1572260340329,open,0.13,349.9,0.092,0.157,0.1259088,84.85,0.1285,0.0,BTC-29NOV19-9000-C,9437.56,80.15,0.1205,17.7,0.13,4.0,88.69,10.5672,-14.06482,4.21306,0.00016,0.63352
9559.91,BTC-27DEC19,1572260340331,open,0.11,790.2,0.068,0.143,0.10584263,85.29,0.11,0.0,BTC-27DEC19-9000-P,9437.56,81.45,0.1,9.7,0.109,25.2,87.37,14.54222,-10.35791,-7.37031,0.00011,-0.36413
9459.78,SYN.BTC-8NOV19,1572260340333,open,0.04,175.4,0.0135,0.063,0.03686208,86.35,0.035,0.0,BTC-8NOV19-9000-P,9437.56,78.63,0.032,5.0,0.0375,12.0,87.35,5.99213,-23.78658,-1.06602,0.00026,-0.34134
9680.25,BTC-27MAR20,1572260340334,open,0.2,460.5,0.1515,0.249,0.20244512,84.87,0.223,0.0,BTC-27MAR20-10000-C,9437.56,82.71,0.197,11.4,0.21,9.0,87.89,24.27067,-6.82661,15.28583,7e-05,0.58445
9559.91,BTC-27DEC19,1572260340354,open,0.04,666.2,0.013,0.063,0.03519655,91.64,0.0345,0.0,BTC-27DEC19-14000-C,9437.56,88.87,0.032,36.0,0.037,9.7,93.31,10.83467,-8.29128,2.58352,8e-05,0.19983
9459.78,SYN.BTC-8NOV19,1572260340357,open,0.09,78.8,0.055,0.113,0.08525475,86.01,0.107,0.0,BTC-8NOV19-9000-C,9437.56,79.26,0.081,9.0,0.0885,9.0,91.12,5.98966,-23.68488,1.61729,0.00026,0.65903
9457.68,SYN.BTC-8NOV19,1572260340360,open,0.12,96.6,0.093,0.147,0.12079917,85.75,0.117,0.0,BTC-8NOV19-8500-C,9437.56,79.52,0.1175,3.0,0.124,3.0,92.46,4.74712,-18.71382,1.87743,0.00021,0.78678
9764.5,SYN.BTC-26JUN20,1572260340356,open,0.16,29.3,0.1015,0.212,0.15791687,86.24,0.146,0.0,BTC-26JUN20-14000-C,9437.56,83.33,0.1485,12.8,0.1675,12.8,89.26,31.29654,-5.57937,17.97285,6e-05,0.43557
9500.46,SYN.BTC-29NOV19,1572260340365,open,0.1,263.3,0.0665,0.131,0.09998801,84.88,0.098,0.0,BTC-29NOV19-9500-C,9437.56,81.61,0.096,10.6,0.1045,14.6,88.88,11.11251,-14.79508,3.73483,0.00017,0.54998
186.73,ETH-27DEC19,1572260340377,open,0.02,1445.0,0.007,0.047,0.023906,101.82,0.034,0.0,ETH-27DEC19-320-C,184.55,99.62,0.022,160.0,0.026,780.0,104.15,0.16477,-0.1401,0.03424,0.00283,0.13568
188.66,ETH-27MAR20,1572260340377,open,2.44,0.0,2.302,2.541,2.416044,112.37,None,0.0,ETH-27MAR20-640-P,184.55,0.0,0.0,0.0,0.0,0.0,0.0,0.19993,-0.07445,-2.59236,0.00121,-0.90817
186.73,ETH-27DEC19,1572260340377,open,1.06,0.0,0.98,1.123,1.048913,108.72,None,0.0,ETH-27DEC19-380-P,184.55,0.0,0.001,5.0,0.0,0.0,0.0,0.11429,-0.10376,-0.60258,0.00184,-0.91825
186.73,ETH-27DEC19,1572260340379,open,1.59,21.0,1.497,1.666,1.577518,118.47,0.629,0.0,ETH-27DEC19-480-P,184.55,0.0,0.001,7.0,0.0,0.0,0.0,0.06782,-0.0671,-0.77667,0.001,-0.95798
190.3,SYN.ETH-26JUN20,1572260340376,open,1.61,0.0,1.487,1.706,1.595132,97.82,None,0.0,ETH-26JUN20-480-P,184.55,0.0,0.0,0.0,0.0,0.0,0.0,0.46168,-0.09336,-2.99196,0.00197,-0.77748
190.3,SYN.ETH-26JUN20,1572260340378,open,2.02,0.0,1.885,2.124,2.001307,100.81,None,0.0,ETH-26JUN20-560-P,184.55,83.16,1.969,1.0,2.061,1.0,124.71,0.41035,-0.08551,-3.55433,0.0017,-0.81726
188.66,ETH-27MAR20,1572260340381,open,1.6,0.0,1.486,1.683,1.581495,103.56,None,0.0,ETH-27MAR20-480-P,184.55,0.0,0.003,10.0,0.0,0.0,0.0,0.27309,-0.09372,-1.90212,0.00179,-0.85761
190.3,SYN.ETH-26JUN20,1572260340376,open,2.23,0.0,2.085,2.334,2.205987,102.09,None,0.0,ETH-26JUN20-600-P,184.55,0.0,0.0,0.0,0.0,0.0,0.0,0.3875,-0.08178,-3.83233,0.00158,-0.83303
190.3,SYN.ETH-26JUN20,1572260340377,open,0.07,0.0,0.032,0.116,0.072481,97.71,None,0.0,ETH-26JUN20-480-C,184.55,95.42,0.067,297.0,0.078,297.0,99.96,0.46106,-0.09313,0.18855,0.00197,0.222
9559.52,BTC-27DEC19,1572260340373,open,0.02,451.8,0.006,0.044,0.02113147,95.6,0.0265,0.0,BTC-27DEC19-16000-C,9437.56,92.43,0.0185,46.0,0.023,32.0,97.8,8.09707,-6.46424,1.67414,6e-05,0.12786
190.3,SYN.ETH-26JUN20,1572260340377,open,1.81,0.0,1.684,1.912,1.795618,98.52,None,0.0,ETH-26JUN20-520-P,184.55,0.0,0.0,0.0,0.0,0.0,0.0,0.42974,-0.08752,-3.27698,0.00182,-0.80301
9559.91,BTC-27DEC19,1572260340393,open,0.16,498.0,0.1205,0.2065,0.16436183,85.47,0.156,0.0,BTC-27DEC19-10000-P,9437.56,82.21,0.1595,7.2,0.1695,7.2,88.4,15.43263,-11.01426,-10.15577,0.00012,-0.48283
9457.68,SYN.BTC-8NOV19,1572260340397,open,0.07,30.7,0.0405,0.098,0.07007893,85.62,0.0995,0.0,BTC-8NOV19-9250-C,9437.56,79.82,0.066,23.4,0.0735,9.0,90.98,6.35139,-25.0014,1.46194,0.00028,0.58867
190.3,SYN.ETH-26JUN20,1572260340400,open,0.4,0.0,0.315,0.459,0.390467,89.53,None,0.0,ETH-26JUN20-220-P,184.55,0.0,0.0,0.0,0.408,1.0,95.02,0.60961,-0.11282,-1.04009,0.00284,-0.43432
9457.68,SYN.BTC-8NOV19,1572260340411,open,0.08,7.3,0.046,0.11,0.07844074,88.74,0.066,0.0,BTC-8NOV19-9750-P,9437.56,78.23,0.0715,11.7,0.0785,9.0,88.5,6.46453,-26.37241,-1.76768,0.00027,-0.54861
9500.46,SYN.BTC-29NOV19,1572260340401,open,0.07,85.5,0.0425,0.1045,0.07323163,85.16,0.067,0.0,BTC-29NOV19-9000-P,9437.56,81.21,0.069,10.9,0.0735,5.0,85.26,10.56837,-14.11718,-3.65054,0.00016,-0.3666
188.66,ETH-27MAR20,1572260340409,open,0.15,4423.0,0.095,0.189,0.143287,90.3,0.143,0.0,ETH-27MAR20-160-P,184.55,86.49,0.135,560.0,0.148,560.0,92.47,0.41038,-0.12281,-0.3324,0.00309,-0.28295
9457.68,SYN.BTC-8NOV19,1572260340413,open,0.12,96.6,0.093,0.147,0.12079917,85.75,0.117,0.0,BTC-8NOV19-8500-C,9437.56,79.52,0.1175,3.0,0.1245,3.0,93.42,4.74712,-18.71382,1.87743,0.00021,0.78678
9443.42,SYN.BTC-1NOV19,1572260340420,open,0.1,8.2,0.0675,0.1285,0.0976096,98.4,0.0995,0.0,BTC-1NOV19-10250-P,9437.56,77.5,0.092,3.0,0.096,0.1,92.05,2.91369,-36.9891,-0.87595,0.00031,-0.77565
9459.78,SYN.BTC-8NOV19,1572260340413,open,0.04,175.4,0.0135,0.063,0.03686208,86.35,0.035,0.0,BTC-8NOV19-9000-P,9437.56,78.63,0.032,20.0,0.0375,12.0,87.35,5.99213,-23.78658,-1.06602,0.00026,-0.34134
9559.91,BTC-27DEC19,1572260340423,open,0.11,790.2,0.068,0.143,0.10584263,85.29,0.11,0.0,BTC-27DEC19-9000-P,9437.56,81.78,0.1005,15.5,0.109,25.2,87.37,14.54222,-10.35791,-7.37031,0.00011,-0.36413
9680.25,BTC-27MAR20,1572260340428,open,0.2,460.5,0.1515,0.249,0.20244512,84.87,0.223,0.0,BTC-27MAR20-10000-C,9437.56,82.71,0.197,11.4,0.207,11.4,86.7,24.27067,-6.82661,15.28583,7e-05,0.58445
9557.49,BTC-27DEC19,1572260340447,open,0.39,102.4,0.3645,0.4065,0.38498939,88.38,0.4,0.0,BTC-27DEC19-6000-C,9437.56,0.0,0.3655,4.0,0.3985,4.0,109.63,5.16866,-3.81473,8.55302,4e-05,0.9305
9559.91,BTC-27DEC19,1572260340448,open,2.13,0.2,2.0765,2.212,2.14075402,120.1,2.03,0.0,BTC-27DEC19-30000-P,9437.56,0.0,0.0,0.0,0.0,0.0,0.0,1.67525,-1.68013,-48.97964,1e-05,-0.98248
9766.77,SYN.BTC-26JUN20,1572260340441,open,0.13,22.7,0.074,0.18,0.12687056,87.39,0.124,0.0,BTC-26JUN20-16000-C,9437.56,84.65,0.1185,13.3,0.1365,13.3,90.51,29.95585,-5.41159,15.58218,5e-05,0.36763
186.73,ETH-27DEC19,1572260340460,open,0.04,2648.0,0.019,0.068,0.041688,93.4,0.042,0.0,ETH-27DEC19-140-P,184.55,90.76,0.039,128.0,0.044,416.0,95.63,0.19205,-0.14978,-0.06512,0.00359,-0.17092
185.7,SYN.ETH-29NOV19,1572260340462,open,0.03,1999.0,0.01,0.054,0.030141,93.93,0.031,0.0,ETH-29NOV19-240-C,184.55,91.43,0.028,128.0,0.032,128.0,96.06,0.16085,-0.23699,0.03017,0.00569,0.21615
9764.5,SYN.BTC-26JUN20,1572260340457,open,0.16,29.3,0.1015,0.212,0.15791687,86.24,0.146,0.0,BTC-26JUN20-14000-C,9437.56,83.33,0.1485,12.8,0.169,12.8,89.72,31.29654,-5.57937,17.97285,6e-05,0.43557
185.7,SYN.ETH-29NOV19,1572260340468,open,0.03,1999.0,0.01,0.054,0.030141,93.93,0.031,0.0,ETH-29NOV19-240-C,184.55,91.43,0.028,128.0,0.032,412.0,96.06,0.16085,-0.23699,0.03017,0.00569,0.21615
9500.46,SYN.BTC-29NOV19,1572260340467,open,0.02,222.0,0.007,0.0395,0.02098493,85.56,0.02,0.0,BTC-29NOV19-7500-P,9437.56,82.47,0.019,26.5,0.0235,14.5,89.16,6.37616,-8.55765,-1.37126,9e-05,-0.14423
9500.46,SYN.BTC-29NOV19,1572260340475,open,0.1,263.3,0.0665,0.131,0.09998801,84.88,0.098,0.0,BTC-29NOV19-9500-C,9437.56,81.61,0.096,18.6,0.1045,14.6,88.88,11.11251,-14.79508,3.73483,0.00017,0.54998
9457.68,SYN.BTC-8NOV19,1572260340488,open,0.09,10.4,0.0625,0.129,0.09611194,89.93,0.102,0.0,BTC-8NOV19-10000-P,9437.56,77.16,0.088,18.6,0.0965,9.0,90.14,6.25978,-25.87975,-1.99301,0.00026,-0.61087
9682.36,BTC-27MAR20,1572260340500,open,0.91,0.0,0.852,0.9865,0.91726226,91.31,1.23,0.0,BTC-27MAR20-18000-P,9437.79,0.0,0.0,0.0,0.0,0.0,0.0,18.56721,-5.61854,-67.81598,5e-05,-0.77717
9559.91,BTC-27DEC19,1572260340500,open,0.34,66.1,0.316,0.364,0.33991013,86.85,0.355,0.0,BTC-27DEC19-6500-C,9437.79,0.0,0.32,4.0,0.356,4.0,106.89,6.87368,-4.98522,8.75866,5e-05,0.89841
9682.36,BTC-27MAR20,1572260340500,open,0.73,1.1,0.663,0.795,0.72797862,89.21,1.08,0.0,BTC-27MAR20-16000-P,9437.79,0.0,0.0,0.0,0.0,0.0,0.0,20.87983,-6.1728,-58.03472,6e-05,-0.72206
9559.91,BTC-27DEC19,1572260340501,open,0.0,544.0,0.0005,0.0135,0.0035703,101.13,0.005,0.0,BTC-27DEC19-4500-P,9437.79,95.2,0.0025,25.0,0.005,41.0,107.59,1.91081,-1.61363,-0.37677,1e-05,-0.02045
9559.91,BTC-27DEC19,1572260340501,open,3.59,0.0,3.512,3.698,3.60395269,141.31,3.46,0.0,BTC-27DEC19-44000-P,9437.79,0.0,0.001,1.0,0.0,0.0,0.0,0.9072,-1.07055,-72.06551,0.0,-0.99137
9559.91,BTC-27DEC19,1572260340501,open,0.0,106.3,0.0005,0.0105,3.742e-05,120.0,0.0005,0.0,BTC-27DEC19-2000-P,9437.79,0.0,0.0,0.0,0.001,34.1,166.14,0.03859,-0.03867,-0.00479,0.0,-0.00027
9559.91,BTC-27DEC19,1572260340501,open,1.93,0.1,1.873,2.0,1.93296174,120.92,1.49,0.0,BTC-27DEC19-28000-P,9437.79,0.0,0.0,0.0,0.0,0.0,0.0,2.31017,-2.33266,-45.59393,1e-05,-0.97438
9559.91,BTC-27DEC19,1572260340501,open,2.76,1.3,2.6915,2.8475,2.76676835,121.96,2.2,0.0,BTC-27DEC19-36000-P,9437.79,0.0,0.0,0.0,0.0,0.0,0.0,0.79236,-0.80698,-58.95579,0.0,-0.9926
9559.91,BTC-27DEC19,1572260340501,open,0.89,9.4,0.8505,0.9505,0.89743344,101.04,1.1125,0.0,BTC-27DEC19-18000-P,9437.79,0.0,0.0,0.0,0.0,0.0,0.0,6.27961,-5.29826,-28.34728,4e-05,-0.91016
9559.91,BTC-27DEC19,1572260340501,open,0.0,342.0,0.0005,0.0105,0.00012512,120.0,0.0005,0.0,BTC-27DEC19-48000-C,9437.79,0.0,0.0,0.0,0.0015,24.7,148.98,0.1358,-0.13608,0.01443,0.0,0.00105
9559.91,BTC-27DEC19,1572260340501,open,0.0,941.1,0.0005,0.0125,0.0025181,119.34,0.004,0.0,BTC-27DEC19-30000-C,9437.79,112.2,0.0015,20.0,0.0035,30.5,124.5,1.61765,-1.61209,0.22429,1e-05,0.01682
9559.91,BTC-27DEC19,1572260340501,open,0.5,268.3,0.4525,0.5495,0.4996985,91.78,0.7205,0.0,BTC-27DEC19-14000-P,9437.79,0.0,0.0,0.0,0.0,0.0,0.0,10.8512,-8.31634,-20.37698,8e-05,-0.79966
9682.36,BTC-27MAR20,1572260340502,open,2.32,0.0,2.245,2.4115,2.32294452,104.91,None,0.0,BTC-27MAR20-32000-P,9437.79,0.0,0.001,1.0,0.0,0.0,0.0,8.86746,-3.08283,-129.96705,2e-05,-0.92438
9560.14,BTC-27DEC19,1572260340502,open,4.43,0.8,4.334,4.5525,4.44082751,155.8,3.59,0.0,BTC-27DEC19-52000-P,9437.79,0.0,0.001,1.0,0.0,0.0,0.0,0.93504,-1.21653,-85.18699,0.0,-0.99107
9560.14,BTC-27DEC19,1572260340502,open,1.51,0.0,1.462,1.578,1.51646297,113.56,None,0.0,BTC-27DEC19-24000-P,9437.79,0.0,0.0,0.0,0.0,0.0,0.0,3.2177,-3.05127,-38.8651,2e-05,-0.96175
9502.69,SYN.BTC-29NOV19,1572260340501,open,0.34,0.0,0.3025,0.384,0.34232758,93.84,None,0.0,BTC-29NOV19-12500-P,9437.79,0.0,0.0125,1.0,0.0,0.0,0.0,7.8064,-11.49021,-9.49931,0.00011,-0.80234
9560.14,BTC-27DEC19,1572260340503,open,0.0,579.4,0.0005,0.013,0.00332696,117.66,0.0035,0.0,BTC-27DEC19-28000-C,9437.79,110.27,0.002,20.0,0.0045,29.0,122.66,2.02169,-1.98639,0.29072,1e-05,0.02186
9560.14,BTC-27DEC19,1572260340503,open,3.18,0.0,3.1035,3.2735,3.18564785,136.03,2.58,0.0,BTC-27DEC19-40000-P,9437.79,0.0,0.001,1.0,0.0,0.0,0.0,1.04141,-1.18295,-65.48396,1e-05,-0.9899
9682.36,BTC-27MAR20,1572260340503,open,2.72,0.0,2.6495,2.8275,2.73311924,108.72,None,0.0,BTC-27MAR20-36000-P,9437.79,0.0,0.0,0.0,0.0,0.0,0.0,7.71325,-2.77904,-146.88442,2e-05,-0.9369
9682.36,BTC-27MAR20,1572260340503,open,2.52,0.0,2.4465,2.619,2.52731322,106.17,None,0.0,BTC-27MAR20-34000-P,9437.79,0.0,0.0,0.0,0.0,0.0,0.0,8.07625,-2.84152,-138.49333,2e-05,-0.93305
9502.69,SYN.BTC-29NOV19,1572260340501,open,0.48,0.3,0.4635,0.489,0.4756875,107.73,0.4955,0.0,BTC-29NOV19-5000-C,9437.79,0.0,0.468,4.0,0.4845,4.0,150.91,1.04928,-1.77305,4.2286,1e-05,0.98523
9682.36,BTC-27MAR20,1572260340504,open,0.02,46.1,0.006,0.0495,0.0225123,100.83,0.044,0.0,BTC-27MAR20-28000-C,9437.79,98.92,0.0205,20.0,0.0255,15.0,103.5,10.47476,-3.50005,2.87825,3e-05,0.09443
9682.36,BTC-27MAR20,1572260340504,open,0.36,10.5,0.315,0.3905,0.35434849,84.82,0.281,0.0,BTC-27MAR20-7000-C,9437.79,70.88,0.3305,12.0,0.3665,12.0,91.65,17.04635,-4.79166,18.12325,5e-05,0.80717
9682.36,BTC-27MAR20,1572260340504,open,1.5,0.0,1.442,1.586,1.50986608,97.3,None,0.0,BTC-27MAR20-24000-P,9437.79,0.0,0.0015,1.0,0.0,0.0,0.0,12.99252,-4.18943,-95.34905,3e-05,-0.8725
9682.36,BTC-27MAR20,1572260340504,open,3.13,1.0,3.0515,3.2475,3.14341332,111.12,2.7125,0.0,BTC-27MAR20-40000-P,9437.79,0.0,0.0005,2.0,0.0,0.0,0.0,6.59596,-2.42902,-163.76091,2e-05,-0.94828
9560.14,BTC-27DEC19,1572260340504,open,2.34,0.3,2.283,2.423,2.34993565,125.87,1.875,0.0,BTC-27DEC19-32000-P,9437.79,0.0,0.0,0.0,0.0,0.0,0.0,1.65019,-1.73446,-52.26617,1e-05,-0.98278
9459.78,SYN.BTC-8NOV19,1572260340501,open,0.3,0.0,0.271,0.339,0.30304241,108.33,None,0.0,BTC-8NOV19-12250-P,9437.79,0.0,0.0,0.0,0.0,0.0,0.0,2.83915,-14.13961,-3.39456,0.0001,-0.90127
9682.36,BTC-27MAR20,1572260340505,open,1.11,0.2,1.046,1.183,1.11144337,93.18,1.478,0.0,BTC-27MAR20-20000-P,9437.79,0.0,0.0,0.0,0.0,0.0,0.0,16.39514,-5.06292,-77.25918,5e-05,-0.81893
9459.78,SYN.BTC-8NOV19,1572260340501,open,0.0,131.0,0.0005,0.0125,0.00265003,91.71,0.0045,0.0,BTC-8NOV19-7250-P,9437.79,86.91,0.002,0.1,0.0035,15.0,97.07,1.38478,-5.83837,-0.11802,6e-05,-0.03922
9766.77,SYN.BTC-26JUN20,1572260340504,open,0.59,0.0,0.517,0.664,0.5916823,86.36,None,0.0,BTC-26JUN20-14000-P,9437.79,0.0,0.07,1.0,0.6365,0.1,100.23,31.31137,-5.58954,-74.78742,6e-05,-0.56384
9560.14,BTC-27DEC19,1572260340506,open,1.3,4.9,1.2575,1.367,1.30884586,109.31,1.0385,0.0,BTC-27DEC19-22000-P,9437.79,0.0,0.0,0.0,0.0,0.0,0.0,3.8879,-3.54903,-35.45077,2e-05,-0.95165
9445.48,SYN.BTC-1NOV19,1572260340501,open,0.17,0.0,0.1425,0.2015,0.16997503,111.85,None,0.0,BTC-1NOV19-11000-P,9437.79,0.0,0.025,15.0,0.0,0.0,0.0,1.74596,-25.19257,-1.07007,0.00016,-0.89695
9560.14,BTC-27DEC19,1572260340508,open,1.72,0.0,1.6665,1.788,1.72388469,115.02,None,0.0,BTC-27DEC19-26000-P,9437.79,0.0,0.0,0.0,0.0,0.0,0.0,2.47047,-2.37288,-42.28253,1e-05,-0.97223
9502.69,SYN.BTC-29NOV19,1572260340503,open,0.29,0.0,0.2555,0.337,0.29593034,92.23,None,0.0,BTC-29NOV19-12000-P,9437.79,0.0,0.012,1.0,0.0,0.0,0.0,8.64639,-12.50901,-8.79756,0.00012,-0.76417
9459.78,SYN.BTC-8NOV19,1572260340500,open,0.2,0.0,0.171,0.2395,0.20431457,98.99,None,0.0,BTC-8NOV19-11250-P,9437.79,0.0,0.0,0.0,0.0,0.0,0.0,4.23153,-19.25678,-2.89718,0.00016,-0.82354
9459.78,SYN.BTC-8NOV19,1572260340503,open,0.03,99.3,0.01,0.0565,0.03165139,90.84,0.032,0.0,BTC-8NOV19-10250-C,9437.79,86.58,0.029,16.0,0.033,12.0,92.98,5.9308,-24.76826,0.84776,0.00024,0.33242
9502.69,SYN.BTC-29NOV19,1572260340505,open,0.25,0.0,0.2105,0.292,0.25112853,90.56,None,0.0,BTC-29NOV19-11500-P,9437.79,0.0,0.01,1.0,0.0,0.0,0.0,9.4739,-13.45743,-8.04859,0.00013,-0.71873
9445.48,SYN.BTC-1NOV19,1572260340503,open,0.26,8.3,0.244,0.2735,0.25901458,108.6,0.2155,0.0,BTC-1NOV19-7000-C,9437.79,0.0,0.2505,2.0,0.271,2.0,242.89,0.09266,-1.29824,0.74003,1e-05,0.99686
9459.78,SYN.BTC-8NOV19,1572260340500,open,0.0,67.5,0.0005,0.0105,0.00080979,120.05,0.0005,0.0,BTC-8NOV19-6000-P,9437.79,0.0,0.0,0.0,0.002,24.0,137.71,0.46184,-2.54896,-0.03246,1e-05,-0.0107
9502.69,SYN.BTC-29NOV19,1572260340503,open,0.0,449.7,0.0005,0.0115,0.00197796,108.82,0.0015,0.0,BTC-29NOV19-5000-P,9437.79,104.3,0.0015,15.0,0.003,10.0,116.59,1.09281,-1.86544,-0.1449,1e-05,-0.01548
9459.78,SYN.BTC-8NOV19,1572260340501,open,0.0,59.8,0.0005,0.0105,0.00099164,113.64,0.001,0.0,BTC-8NOV19-6250-P,9437.79,0.0,0.0,0.0,0.002,15.0,126.9,0.56551,-2.95462,-0.04091,2e-05,-0.01352
9459.78,SYN.BTC-8NOV19,1572260340500,open,0.13,0.0,0.1015,0.17,0.13583695,92.38,None,0.0,BTC-8NOV19-10500-P,9437.79,0.0,0.0,0.0,0.0,0.0,0.0,5.52339,-23.4585,-2.40439,0.00022,-0.71718
9459.78,SYN.BTC-8NOV19,1572260340502,open,0.27,0.0,0.2455,0.3135,0.27770615,105.46,None,0.0,BTC-8NOV19-12000-P,9437.79,0.0,0.0,0.0,0.0,0.0,0.0,3.11179,-15.08743,-3.28554,0.00011,-0.88793
9766.77,SYN.BTC-26JUN20,1572260340500,open,0.7,0.0,0.69,0.716,0.70210197,91.11,None,0.0,BTC-26JUN20-3000-C,9437.79,0.0,0.6925,3.0,0.711,3.0,106.83,4.62508,-0.87108,17.67143,1e-05,0.97514
9502.69,SYN.BTC-29NOV19,1572260340502,open,0.01,261.9,0.0015,0.027,0.01104153,102.83,0.0165,0.0,BTC-29NOV19-15000-C,9437.79,100.58,0.01,19.9,0.0115,2.0,103.79,4.50258,-7.26255,0.64259,6e-05,0.08847
9459.78,SYN.BTC-8NOV19,1572260340500,open,0.01,6.0,0.0005,0.023,0.00779911,107.36,0.013,0.0,BTC-8NOV19-12250-C,9437.79,100.87,0.006,30.0,0.0095,38.0,112.86,2.79072,-13.7744,0.24986,0.0001,0.09644
9459.78,SYN.BTC-8NOV19,1572260340503,open,0.25,0.0,0.2205,0.289,0.25297417,103.6,None,0.0,BTC-8NOV19-11750-P,9437.79,0.0,0.015,25.0,0.0,0.0,0.0,3.46808,-16.51896,-3.16319,0.00013,-0.86925
9502.69,SYN.BTC-29NOV19,1572260340511,open,0.59,0.0,0.551,0.6335,0.58991292,103.61,None,0.0,BTC-29NOV19-15000-P,9437.79,0.0,0.02,1.0,0.0,0.0,0.0,4.57843,-7.44079,-12.44342,6e-05,-0.90952
9766.77,SYN.BTC-26JUN20,1572260340503,open,1.52,0.0,1.44,1.6095,1.521477,92.6,None,0.0,BTC-26JUN20-24000-P,9437.79,0.0,0.0,0.0,0.0,0.0,0.0,22.74063,-4.3531,-149.77659,4e-05,-0.79268
9766.77,SYN.BTC-26JUN20,1572260340501,open,1.32,0.0,1.2465,1.4125,1.32706217,91.41,None,0.0,BTC-26JUN20-22000-P,9437.79,0.0,0.11,1.0,0.0,0.0,0.0,24.4896,-4.62759,-135.33725,4e-05,-0.764
9459.78,SYN.BTC-8NOV19,1572260340504,open,0.23,0.0,0.1955,0.264,0.22827686,100.91,None,0.0,BTC-8NOV19-11500-P,9437.79,0.0,0.0,0.0,0.0,0.0,0.0,3.81648,-17.70556,-3.03778,0.00014,-0.84946
9766.77,SYN.BTC-26JUN20,1572260340505,open,1.91,0.0,1.831,2.008,1.91503411,94.32,None,0.0,BTC-26JUN20-28000-P,9437.79,0.0,0.0,0.0,0.0,0.0,0.0,19.47398,-3.79712,-178.2045,3e-05,-0.83836
9445.48,SYN.BTC-1NOV19,1572260340500,open,0.12,1.3,0.0915,0.152,0.12088999,102.55,0.1095,0.0,BTC-1NOV19-10500-P,9437.79,0.0,0.101,2.0,0.1405,2.0,164.35,2.4758,-32.75502,-0.95231,0.00025,-0.82862
9459.78,SYN.BTC-8NOV19,1572260340503,open,0.29,0.5,0.272,0.305,0.28782131,99.74,0.2365,0.0,BTC-8NOV19-6750-C,9437.79,0.0,0.278,3.0,0.3,3.0,164.03,0.80255,-3.67999,1.95002,3e-05,0.97964
9459.78,SYN.BTC-8NOV19,1572260340500,open,0.0,130.9,0.0005,0.011,0.00110147,105.75,0.001,0.0,BTC-8NOV19-6500-P,9437.79,94.67,0.0005,10.0,0.0015,15.0,110.99,0.65,-3.16004,-0.04791,2e-05,-0.0159
9445.48,SYN.BTC-1NOV19,1572260340503,open,0.22,0.8,0.194,0.253,0.22084614,120.8,0.2405,0.0,BTC-1NOV19-11500-P,9437.79,0.0,0.0055,1.0,0.0,0.0,0.0,1.22523,-19.09406,-1.15986,0.00011,-0.9356
9764.5,SYN.BTC-26JUN20,1572260340499,open,0.07,29.0,0.041,0.106,0.07259136,84.05,0.074,0.0,BTC-26JUN20-6000-P,9437.56,79.07,0.0635,16.8,0.0785,16.8,87.16,18.19884,-3.16209,-14.14798,3e-05,-0.14597
9459.78,SYN.BTC-8NOV19,1572260340504,open,0.18,0.0,0.147,0.216,0.18066056,96.55,None,0.0,BTC-8NOV19-11000-P,9437.79,0.0,0.0,0.0,0.0,0.0,0.0,4.64765,-20.63013,-2.74837,0.00018,-0.7944
9445.48,SYN.BTC-1NOV19,1572260340505,open,0.31,0.8,0.298,0.325,0.31172674,0.0,0.23,0.0,BTC-1NOV19-6500-C,9437.79,0.0,0.304,2.0,0.323,2.0,281.59,0.0,0.0,0.69019,0.0,1.0
9445.48,SYN.BTC-1NOV19,1572260340505,open,0.19,0.0,0.168,0.2275,0.19534181,116.91,None,0.0,BTC-1NOV19-11250-P,9437.79,0.0,0.008,1.0,0.0,0.0,0.0,1.47561,-22.25501,-1.11653,0.00013,-0.9179
9459.78,SYN.BTC-8NOV19,1572260340504,open,0.16,0.6,0.124,0.193,0.15803127,94.83,0.1265,0.0,BTC-8NOV19-10750-P,9437.79,0.0,0.0,0.0,0.0,0.0,0.0,5.10155,-22.24112,-2.58143,0.0002,-0.7578
9766.77,SYN.BTC-26JUN20,1572260340504,open,0.4,1.3,0.3515,0.4375,0.39664608,83.97,0.3915,0.0,BTC-26JUN20-7000-C,9437.79,71.6,0.3685,6.0,0.4205,6.0,94.27,22.49368,-3.90441,25.87677,4e-05,0.79646
9766.77,SYN.BTC-26JUN20,1572260340541,open,2.11,0.0,2.0285,2.2105,2.11482614,95.61,None,0.0,BTC-26JUN20-30000-P,9437.79,0.0,0.0,0.0,2.114,1.0,95.16,18.22487,-3.60198,-192.1324,3e-05,-0.85376
9766.77,SYN.BTC-26JUN20,1572260340537,open,0.16,29.3,0.1015,0.212,0.15791687,86.25,0.146,0.0,BTC-26JUN20-14000-C,9437.79,83.31,0.1485,12.8,0.1675,12.8,89.24,31.30612,-5.58187,17.98187,6e-05,0.43575
9682.36,BTC-27MAR20,1572260340560,open,0.55,58.9,0.484,0.6125,0.54838061,87.73,0.5,0.0,BTC-27MAR20-14000-P,9437.79,67.72,0.503,1.0,0.591,0.1,105.06,23.17648,-6.7383,-47.76066,7e-05,-0.64496
9560.14,BTC-27DEC19,1572260340561,open,0.23,493.5,0.188,0.2565,0.22358088,85.19,0.2525,0.0,BTC-27DEC19-8000-C,9437.79,79.19,0.216,13.0,0.2335,13.0,92.9,12.18448,-8.66787,8.32702,0.0001,0.75455
190.3,SYN.ETH-26JUN20,1572260340567,open,0.32,0.0,0.247,0.382,0.317647,89.47,None,0.0,ETH-26JUN20-200-P,184.55,86.05,0.307,169.0,0.327,169.0,92.48,0.59154,-0.1094,-0.88439,0.00276,-0.38367
9559.91,BTC-27DEC19,1572260340558,open,0.16,498.0,0.121,0.2065,0.16436183,85.22,0.156,0.0,BTC-27DEC19-10000-P,9437.79,82.21,0.1595,7.2,0.169,10.9,88.09,15.43322,-10.98245,-10.15499,0.00012,-0.48318
9502.69,SYN.BTC-29NOV19,1572260340571,open,0.07,85.5,0.0425,0.1045,0.07323163,85.11,0.067,0.0,BTC-29NOV19-9000-P,9437.79,79.95,0.0675,10.9,0.0735,5.0,85.35,10.56729,-14.10754,-3.647,0.00016,-0.36623
190.3,SYN.ETH-26JUN20,1572260340580,open,0.19,101.0,0.133,0.241,0.189046,89.46,0.192,0.0,ETH-26JUN20-160-P,184.55,86.13,0.18,405.0,0.196,255.0,92.03,0.5155,-0.09533,-0.5833,0.0024,-0.27351
188.66,ETH-27MAR20,1572260340591,open,0.29,736.0,0.243,0.338,0.295134,90.27,0.289,0.0,ETH-27MAR20-160-C,184.55,86.07,0.286,558.0,0.3,258.0,92.51,0.41038,-0.12277,0.32903,0.00309,0.71705
186.72,ETH-27DEC19,1572260340602,open,0.22,1373.0,0.176,0.255,0.218868,90.99,0.215,0.0,ETH-27DEC19-160-C,184.55,85.12,0.211,243.0,0.225,583.0,95.53,0.2515,-0.19109,0.1556,0.00483,0.72686
9502.69,SYN.BTC-29NOV19,1572260340600,open,0.07,85.5,0.0425,0.1045,0.07323163,85.11,0.067,0.0,BTC-29NOV19-9000-P,9437.79,81.3,0.069,10.9,0.0735,5.0,85.35,10.56729,-14.10754,-3.647,0.00016,-0.36623
9682.36,BTC-27MAR20,1572260340614,open,0.55,58.9,0.484,0.6125,0.54838061,87.73,0.5,0.0,BTC-27MAR20-14000-P,9437.79,67.72,0.503,1.0,0.5905,1.0,104.86,23.17648,-6.7383,-47.76066,7e-05,-0.64496
9682.36,BTC-27MAR20,1572260340611,open,0.2,460.5,0.1515,0.249,0.20244512,84.84,0.223,0.0,BTC-27MAR20-10000-C,9437.79,82.67,0.197,11.4,0.2095,11.4,87.66,24.27449,-6.8253,15.29323,7e-05,0.58456
186.73,ETH-27DEC19,1572260340613,open,0.12,10345.0,0.076,0.157,0.118687,91.14,0.107,0.0,ETH-27DEC19-200-C,184.55,88.86,0.115,96.0,0.123,363.0,93.81,0.30172,-0.22963,0.11663,0.00579,0.49943
185.7,SYN.ETH-29NOV19,1572260340622,open,0.18,119.0,0.142,0.21,0.178534,85.58,0.192,0.0,ETH-29NOV19-160-C,184.55,79.44,0.173,133.0,0.185,320.0,92.58,0.16949,-0.22753,0.09476,0.00658,0.76284
186.73,ETH-27DEC19,1572260340624,open,0.09,6415.0,0.049,0.124,0.087755,92.48,0.08,0.0,ETH-27DEC19-220-C,184.55,90.08,0.084,128.0,0.091,404.0,94.55,0.2924,-0.22582,0.09599,0.00553,0.40113
186.73,ETH-27DEC19,1572260340634,open,0.13,2955.0,0.082,0.168,0.125576,90.56,0.114,0.0,ETH-27DEC19-180-P,184.55,88.26,0.122,128.0,0.129,128.0,92.77,0.28984,-0.21919,-0.15744,0.0056,-0.38841
188.66,ETH-27MAR20,1572260340636,open,0.29,736.0,0.243,0.338,0.295134,90.27,0.289,0.0,ETH-27MAR20-160-C,184.55,86.07,0.286,558.0,0.301,300.0,92.97,0.41038,-0.12277,0.32903,0.00309,0.71705
9682.36,BTC-27MAR20,1572260340630,open,0.2,460.5,0.1515,0.249,0.20244512,84.84,0.223,0.0,BTC-27MAR20-10000-C,9437.79,82.67,0.197,11.4,0.207,11.4,86.66,24.27449,-6.8253,15.29323,7e-05,0.58456
188.66,ETH-27MAR20,1572260340637,open,0.29,736.0,0.243,0.338,0.295134,90.27,0.289,0.0,ETH-27MAR20-160-C,184.55,86.07,0.286,558.0,0.3,258.0,92.51,0.41038,-0.12277,0.32903,0.00309,0.71705
9766.77,SYN.BTC-26JUN20,1572260340654,open,0.13,22.7,0.074,0.18,0.12687056,87.39,0.124,0.0,BTC-26JUN20-16000-C,9437.79,84.65,0.1185,13.3,0.141,13.3,91.96,29.95585,-5.41159,15.58218,5e-05,0.36763
9766.77,SYN.BTC-26JUN20,1572260340672,open,0.13,22.7,0.074,0.18,0.12687056,87.39,0.124,0.0,BTC-26JUN20-16000-C,9437.79,84.65,0.1185,13.3,0.1365,13.3,90.51,29.95585,-5.41159,15.58218,5e-05,0.36763
9766.77,SYN.BTC-26JUN20,1572260340691,open,0.16,29.3,0.1015,0.212,0.15791687,86.25,0.146,0.0,BTC-26JUN20-14000-C,9437.79,83.31,0.1485,12.8,0.1685,12.8,89.55,31.30612,-5.58187,17.98187,6e-05,0.43575
190.3,SYN.ETH-26JUN20,1572260340704,open,0.26,142.0,0.204,0.318,0.266543,89.43,0.284,0.0,ETH-26JUN20-200-C,184.55,87.33,0.26,418.0,0.275,268.0,92.16,0.59157,-0.10936,0.44101,0.00276,0.61626
9459.78,SYN.BTC-8NOV19,1572260340705,open,0.09,10.4,0.0625,0.129,0.09595474,89.79,0.102,0.0,BTC-8NOV19-10000-P,9437.79,78.18,0.0885,9.6,0.0965,9.0,90.37,6.2625,-25.85063,-1.99194,0.00026,-0.61058
9766.77,SYN.BTC-26JUN20,1572260340726,open,0.16,29.3,0.1015,0.2125,0.15798157,86.25,0.146,0.0,BTC-26JUN20-14000-C,9437.79,83.31,0.1485,12.8,0.1675,12.8,89.24,31.30612,-5.58187,17.98187,6e-05,0.43575
9502.69,SYN.BTC-29NOV19,1572260340741,open,0.07,85.5,0.0425,0.1045,0.07312791,85.11,0.067,0.0,BTC-29NOV19-9000-P,9437.79,79.95,0.0675,10.9,0.0735,5.0,85.35,10.56729,-14.10754,-3.647,0.00016,-0.36623
9502.69,SYN.BTC-29NOV19,1572260340753,open,0.07,85.5,0.0425,0.1045,0.07312791,85.11,0.067,0.0,BTC-29NOV19-9000-P,9437.79,81.3,0.069,10.9,0.0735,5.0,85.35,10.56729,-14.10754,-3.647,0.00016,-0.36623
9682.36,BTC-27MAR20,1572260340775,open,0.2,460.5,0.1515,0.249,0.20252863,84.84,0.223,0.0,BTC-27MAR20-10000-C,9437.79,82.67,0.197,11.4,0.2095,11.4,87.66,24.27449,-6.8253,15.29323,7e-05,0.58456
9682.36,BTC-27MAR20,1572260340798,open,0.2,460.5,0.1515,0.249,0.20252863,84.84,0.223,0.0,BTC-27MAR20-10000-C,9437.79,82.67,0.197,11.4,0.207,11.4,86.66,24.27449,-6.8253,15.29323,7e-05,0.58456
185.7,SYN.ETH-29NOV19,1572260340809,open,0.36,0.0,0.337,0.383,0.360363,97.71,None,0.0,ETH-29NOV19-120-C,184.55,0.0,0.344,5.0,0.375,5.0,133.5,0.05551,-0.08508,0.09582,0.00189,0.9512
9766.77,SYN.BTC-26JUN20,1572260340806,open,0.13,22.7,0.074,0.18,0.12692667,87.39,0.124,0.0,BTC-26JUN20-16000-C,9437.79,84.65,0.1185,13.3,0.14,13.3,91.64,29.95585,-5.41159,15.58218,5e-05,0.36763
9766.77,SYN.BTC-26JUN20,1572260340814,open,0.13,22.7,0.074,0.18,0.12692667,87.39,0.124,0.0,BTC-26JUN20-16000-C,9437.79,84.65,0.1185,13.3,0.1365,13.3,90.51,29.95585,-5.41159,15.58218,5e-05,0.36763
9766.77,SYN.BTC-26JUN20,1572260340824,open,0.16,29.3,0.1015,0.2125,0.15798157,86.25,0.146,0.0,BTC-26JUN20-14000-C,9437.79,83.31,0.1485,12.8,0.1685,12.8,89.55,31.30612,-5.58187,17.98187,6e-05,0.43575
186.74,ETH-27DEC19,1572260340891,open,2.88,0.0,2.744,2.979,2.857425,131.22,None,0.0,ETH-27DEC19-720-P,184.55,0.0,0.003,5.0,0.0,0.0,0.0,0.02276,-0.02494,-1.17814,0.0003,-0.9885
9682.36,BTC-27MAR20,1572260340890,open,0.08,984.0,0.037,0.1175,0.07547724,89.18,0.0815,0.0,BTC-27MAR20-16000-C,9437.79,88.05,0.073,21.8,0.08,3.0,91.28,20.87565,-6.16976,8.10026,6e-05,0.27782
184.68,SYN.ETH-1NOV19,1572260340968,open,0.13,642.0,0.108,0.164,0.136529,95.01,0.155,0.0,ETH-1NOV19-160-C,184.55,0.0,0.119,1.0,0.155,1.0,178.83,0.02412,-0.29571,0.01566,0.00701,0.93502
9767.08,SYN.BTC-26JUN20,1572260340968,open,1.52,0.0,1.4395,1.609,1.52093947,92.4,None,0.0,BTC-26JUN20-24000-P,9437.79,0.0,0.0,0.0,0.0,0.0,0.0,22.67933,-4.33202,-149.80837,4e-05,-0.79364
9445.48,SYN.BTC-1NOV19,1572260340992,open,0.08,72.5,0.0455,0.106,0.07591243,94.76,0.0855,0.0,BTC-1NOV19-10000-P,9437.79,80.04,0.071,9.8,0.0745,0.4,90.28,3.36447,-41.1316,-0.7822,0.00037,-0.70381
9445.48,SYN.BTC-1NOV19,1572260340993,open,0.1,8.2,0.0675,0.128,0.09741895,98.02,0.0995,0.0,BTC-1NOV19-10250-P,9437.79,78.29,0.092,3.0,0.0955,0.1,91.01,2.91175,-36.82203,-0.87619,0.00031,-0.776
9445.48,SYN.BTC-1NOV19,1572260341006,open,0.06,106.7,0.027,0.0855,0.05663662,92.3,0.0415,0.0,BTC-1NOV19-9750-P,9437.79,80.07,0.052,9.0,0.0555,1.2,89.04,3.72727,-44.38085,-0.67135,0.00043,-0.61259
9445.73,SYN.BTC-1NOV19,1572260341008,open,0.11,450.9,0.083,0.1285,0.10551681,88.99,0.105,0.0,BTC-1NOV19-8500-C,9437.79,96.02,0.107,0.1,0.1085,0.8,102.58,1.89856,-21.79718,0.78101,0.00023,0.8842
190.3,SYN.ETH-26JUN20,1572260341005,open,0.08,10.0,0.039,0.129,0.083363,96.56,0.041,0.0,ETH-26JUN20-440-C,184.55,94.07,0.077,444.0,0.09,294.0,99.09,0.49267,-0.09834,0.21062,0.00213,0.25038
9766.77,SYN.BTC-26JUN20,1572260341032,open,0.16,29.3,0.1015,0.2125,0.15798157,86.25,0.146,0.0,BTC-26JUN20-14000-C,9437.79,83.31,0.1485,12.8,0.1675,12.8,89.24,31.30612,-5.58187,17.98187,6e-05,0.43575
186.72,ETH-27DEC19,1572260341029,open,0.05,3576.0,0.021,0.08,0.049599,95.88,0.037,0.0,ETH-27DEC19-260-C,184.55,93.87,0.047,128.0,0.052,739.0,97.71,0.24292,-0.19449,0.06296,0.00443,0.25515
9445.48,SYN.BTC-1NOV19,1572260341048,open,0.08,72.5,0.0455,0.106,0.07591243,94.76,0.0855,0.0,BTC-1NOV19-10000-P,9437.79,80.04,0.071,9.8,0.074,0.8,88.85,3.36447,-41.1316,-0.7822,0.00037,-0.70381
9502.69,SYN.BTC-29NOV19,1572260341048,open,0.07,85.5,0.0425,0.1045,0.07312791,85.11,0.067,0.0,BTC-29NOV19-9000-P,9437.79,79.95,0.0675,10.9,0.0735,5.0,85.35,10.56729,-14.10754,-3.647,0.00016,-0.36623
190.3,SYN.ETH-26JUN20,1572260341052,open,0.07,0.0,0.032,0.116,0.072481,97.71,None,0.0,ETH-26JUN20-480-C,184.55,95.42,0.067,447.0,0.078,297.0,99.96,0.46106,-0.09313,0.18855,0.00197,0.222
9560.48,BTC-27DEC19,1572260341056,open,1.93,0.1,1.8715,2.0,1.9322248,118.47,1.49,0.0,BTC-27DEC19-28000-P,9437.79,0.0,0.0,0.0,0.0,0.0,0.0,2.09238,-2.06997,-45.62981,1e-05,-0.97723
9502.69,SYN.BTC-29NOV19,1572260341085,open,0.07,85.5,0.0425,0.1045,0.07312791,85.11,0.067,0.0,BTC-29NOV19-9000-P,9437.79,81.3,0.069,10.9,0.0735,5.0,85.35,10.56729,-14.10754,-3.647,0.00016,-0.36623
9682.36,BTC-27MAR20,1572260341098,open,0.2,460.5,0.1515,0.249,0.20252863,84.84,0.223,0.0,BTC-27MAR20-10000-C,9437.79,82.67,0.197,11.4,0.2095,11.4,87.66,24.27449,-6.8253,15.29323,7e-05,0.58456
186.73,ETH-27DEC19,1572260341106,open,0.01,895.0,0.003,0.031,0.013769,108.52,0.016,0.0,ETH-27DEC19-380-C,184.55,105.51,0.012,460.0,0.015,490.0,110.5,0.11377,-0.1031,0.02067,0.00183,0.08125
9682.36,BTC-27MAR20,1572260341114,open,0.2,460.5,0.1515,0.249,0.20252863,84.84,0.223,0.0,BTC-27MAR20-10000-C,9437.79,82.67,0.197,11.4,0.207,11.4,86.66,24.27449,-6.8253,15.29323,7e-05,0.58456
9766.77,SYN.BTC-26JUN20,1572260341121,open,0.13,22.7,0.074,0.18,0.12692667,87.39,0.124,0.0,BTC-26JUN20-16000-C,9437.79,84.65,0.1185,13.3,0.14,13.3,91.64,29.95585,-5.41159,15.58218,5e-05,0.36763
9766.77,SYN.BTC-26JUN20,1572260341140,open,0.13,22.7,0.074,0.18,0.12692667,87.39,0.124,0.0,BTC-26JUN20-16000-C,9437.79,84.65,0.1185,13.3,0.1365,13.3,90.51,29.95585,-5.41159,15.58218,5e-05,0.36763
9766.77,SYN.BTC-26JUN20,1572260341142,open,0.16,29.3,0.1015,0.2125,0.15798157,86.25,0.146,0.0,BTC-26JUN20-14000-C,9437.79,83.31,0.1485,12.8,0.168,12.8,89.39,31.30612,-5.58187,17.98187,6e-05,0.43575
9766.77,SYN.BTC-26JUN20,1572260341155,open,0.16,29.3,0.1015,0.2125,0.15798157,86.25,0.146,0.0,BTC-26JUN20-14000-C,9437.79,83.31,0.1485,12.8,0.1685,12.8,89.55,31.30612,-5.58187,17.98187,6e-05,0.43575
9559.91,BTC-27DEC19,1572260341171,open,0.09,927.3,0.05,0.1215,0.08583804,86.46,0.083,0.0,BTC-27DEC19-11000-C,9437.79,83.38,0.081,37.5,0.0895,24.5,88.78,15.05881,-10.87245,5.09546,0.00012,0.41076
9767.08,SYN.BTC-26JUN20,1572260341183,open,0.01,22.2,0.0005,0.0195,0.00932929,91.24,0.012,0.0,BTC-26JUN20-3000-P,9437.79,84.72,0.0065,18.0,0.0105,3.0,93.63,4.64133,-0.87544,-2.21961,1e-05,-0.02496
9459.78,SYN.BTC-8NOV19,1572260341192,open,0.09,10.4,0.0625,0.129,0.09595474,89.79,0.102,0.0,BTC-8NOV19-10000-P,9437.79,77.41,0.088,18.6,0.0965,9.0,90.37,6.2625,-25.85063,-1.99194,0.00026,-0.61058
9560.14,BTC-27DEC19,1572260341194,open,0.05,516.9,0.02,0.077,0.04657695,89.74,0.044,0.0,BTC-27DEC19-13000-C,9437.79,87.78,0.044,18.8,0.0495,28.5,92.02,12.3925,-9.28696,3.24438,9e-05,0.2534
9766.77,SYN.BTC-26JUN20,1572260341201,open,0.16,29.3,0.1015,0.2125,0.15798157,86.25,0.146,0.0,BTC-26JUN20-14000-C,9437.79,83.31,0.1485,12.8,0.1675,12.8,89.24,31.30612,-5.58187,17.98187,6e-05,0.43575
9502.69,SYN.BTC-29NOV19,1572260341210,open,0.07,85.5,0.0425,0.1045,0.07312791,85.11,0.067,0.0,BTC-29NOV19-9000-P,9437.79,80.4,0.068,10.9,0.0735,5.0,85.35,10.56729,-14.10754,-3.647,0.00016,-0.36623
9682.78,BTC-27MAR20,1572260341246,open,2.72,0.0,2.648,2.8275,2.7323189,107.9,None,0.0,BTC-27MAR20-36000-P,9437.79,0.0,0.0,0.0,0.0,0.0,0.0,7.51745,-2.68818,-146.94077,2e-05,-0.93895
9445.48,SYN.BTC-1NOV19,1572260341258,open,0.08,72.5,0.0455,0.106,0.07591243,94.76,0.0855,0.0,BTC-1NOV19-10000-P,9437.79,80.04,0.071,9.0,0.074,0.8,88.85,3.36447,-41.1316,-0.7822,0.00037,-0.70381
9502.69,SYN.BTC-29NOV19,1572260341260,open,0.07,85.5,0.0425,0.1045,0.07312791,85.11,0.067,0.0,BTC-29NOV19-9000-P,9437.79,81.3,0.069,10.9,0.0735,5.0,85.35,10.56729,-14.10754,-3.647,0.00016,-0.36623
9682.36,BTC-27MAR20,1572260341262,open,0.2,460.5,0.1515,0.249,0.20252863,84.84,0.223,0.0,BTC-27MAR20-10000-C,9437.79,82.67,0.197,11.4,0.2095,11.4,87.66,24.27449,-6.8253,15.29323,7e-05,0.58456
9502.69,SYN.BTC-29NOV19,1572260341281,open,0.13,349.9,0.0925,0.157,0.12602815,84.91,0.1285,0.0,BTC-29NOV19-9000-C,9437.79,80.04,0.1205,17.7,0.1305,4.0,89.03,10.56652,-14.07326,4.21528,0.00016,0.63385
186.74,ETH-27DEC19,1572260341299,open,0.27,2728.0,0.21,0.319,0.26599,92.55,0.274,0.0,ETH-27DEC19-220-P,184.55,88.72,0.26,96.0,0.27,96.0,95.11,0.29247,-0.22604,-0.26486,0.00552,-0.59864
9560.48,BTC-27DEC19,1572260341306,open,0.17,502.1,0.125,0.2,0.16430325,85.21,0.183,0.0,BTC-27DEC19-9000-C,9437.79,80.73,0.1575,31.4,0.167,4.0,86.98,14.5422,-10.34703,7.39672,0.00011,0.63593
185.7,SYN.ETH-29NOV19,1572260341301,open,0.11,3799.0,0.077,0.147,0.114283,84.8,0.108,0.0,ETH-29NOV19-180-C,184.55,82.8,0.112,96.0,0.119,96.0,88.92,0.21221,-0.28226,0.07854,0.00831,0.5986
184.68,SYN.ETH-1NOV19,1572260341308,open,0.03,404.0,0.004,0.05,0.023605,85.82,0.021,0.0,ETH-1NOV19-180-P,184.55,76.5,0.02,327.0,0.025,160.0,89.41,0.07179,-0.79485,-0.0077,0.0231,-0.36899
186.74,ETH-27DEC19,1572260341316,open,0.13,2955.0,0.082,0.168,0.125576,90.58,0.114,0.0,ETH-27DEC19-180-P,184.55,87.63,0.121,128.0,0.129,128.0,92.78,0.28984,-0.21923,-0.15743,0.00559,-0.38835
9767.08,SYN.BTC-26JUN20,1572260341321,open,1.91,0.0,1.8305,2.007,1.91439405,94.05,None,0.0,BTC-26JUN20-28000-P,9437.79,0.0,0.0,0.0,0.0,0.0,0.0,19.37581,-3.76686,-178.24998,3e-05,-0.83961
185.7,SYN.ETH-29NOV19,1572260341321,open,0.04,188.0,0.017,0.066,0.040276,85.73,0.04,0.0,ETH-29NOV19-160-P,184.55,82.12,0.037,360.0,0.041,128.0,86.52,0.16959,-0.22807,-0.04503,0.00657,-0.23742
184.94,SYN.ETH-8NOV19,1572260341326,open,0.1,20.0,0.071,0.137,0.105932,85.81,0.178,0.0,ETH-8NOV19-170-C,184.55,84.14,0.105,40.0,0.111,40.0,94.73,0.1036,-0.40872,0.03493,0.01185,0.73975
9682.36,BTC-27MAR20,1572260341332,open,0.12,351.2,0.0785,0.163,0.12102564,84.92,0.11,0.0,BTC-27MAR20-8000-P,9437.79,81.79,0.1145,4.0,0.1265,20.6,87.47,20.4592,-5.7575,-15.52454,6e-05,-0.26678
9445.73,SYN.BTC-1NOV19,1572260341332,open,0.01,51.4,0.0005,0.023,0.00673345,105.94,0.008,0.0,BTC-1NOV19-10750-C,9437.79,100.02,0.0055,15.0,0.0075,0.5,109.4,2.05019,-28.0211,0.12282,0.0002,0.12919
9502.69,SYN.BTC-29NOV19,1572260341334,open,0.16,725.5,0.124,0.1865,0.15656746,84.88,0.174,0.0,BTC-29NOV19-8500-C,9437.79,79.93,0.1515,8.9,0.1615,4.0,89.91,9.5236,-12.68068,4.64074,0.00014,0.71564
9503.11,SYN.BTC-29NOV19,1572260341335,open,0.08,450.9,0.0475,0.1105,0.07963622,85.96,0.08,0.0,BTC-29NOV19-10000-C,9437.79,82.44,0.0755,19.4,0.084,5.0,89.67,11.17331,-15.06547,3.24511,0.00016,0.47065
9460.08,SYN.BTC-8NOV19,1572260341336,open,0.35,0.0,0.322,0.3905,0.35390903,112.86,None,0.0,BTC-8NOV19-12750-P,9437.79,0.0,0.0,0.0,0.0,0.0,0.0,2.32829,-12.08108,-3.60293,8e-05,-0.92429
184.68,SYN.ETH-1NOV19,1572260341337,open,0.05,1286.0,0.018,0.078,0.048794,85.42,0.042,0.0,ETH-1NOV19-180-C,184.55,80.79,0.047,120.0,0.053,120.0,96.19,0.07176,-0.79076,0.01143,0.0232,0.63145
184.94,SYN.ETH-8NOV19,1572260341340,open,0.05,374.0,0.018,0.076,0.047058,85.68,0.054,0.0,ETH-8NOV19-190-C,184.55,82.67,0.045,120.0,0.051,120.0,91.43,0.1266,-0.49871,0.02257,0.0145,0.45672
9559.91,BTC-27DEC19,1572260341335,open,0.01,394.0,0.0005,0.02,0.00864219,92.41,0.0075,0.0,BTC-27DEC19-5500-P,9437.79,90.76,0.008,30.0,0.01,20.0,95.62,3.86791,-2.98488,-0.88915,3e-05,-0.04804
184.94,SYN.ETH-8NOV19,1572260341378,open,0.05,2.0,0.018,0.076,0.045814,85.83,0.05,0.0,ETH-8NOV19-180-P,184.55,78.49,0.041,160.0,0.047,160.0,87.5,0.12323,-0.48626,-0.0245,0.01409,-0.39872
186.74,ETH-27DEC19,1572260341383,open,3.1,0.0,2.952,3.198,3.070805,127.03,None,0.0,ETH-27DEC19-760-P,184.61,0.0,0.0,0.0,0.0,0.0,0.0,0.01425,-0.01512,-1.24496,0.0002,-0.99326
188.66,ETH-27MAR20,1572260341383,open,0.43,174.0,0.349,0.49,0.422533,92.55,0.651,0.0,ETH-27MAR20-240-P,184.61,84.87,0.403,300.0,0.455,4.0,105.24,0.48114,-0.14758,-0.75264,0.00353,-0.54259
188.66,ETH-27MAR20,1572260341383,open,1.81,0.0,1.688,1.895,1.787761,105.07,None,0.0,ETH-27MAR20-520-P,184.61,0.0,0.005,10.0,0.0,0.0,0.0,0.24604,-0.08567,-2.07856,0.00159,-0.8776
186.74,ETH-27DEC19,1572260341383,open,0.65,1.0,0.574,0.701,0.636768,100.08,0.494,0.0,ETH-27DEC19-300-P,184.61,0.0,0.001,5.0,0.0,0.0,0.0,0.18908,-0.15802,-0.4503,0.0033,-0.83318
188.72,ETH-27MAR20,1572260341383,open,2.44,0.0,2.301,2.54,2.415515,112.86,None,0.0,ETH-27MAR20-640-P,184.61,0.0,0.0,0.0,0.0,0.0,0.0,0.20251,-0.07574,-2.59155,0.00122,-0.90661
188.72,ETH-27MAR20,1572260341383,open,2.02,0.0,1.892,2.109,1.996466,108.27,None,0.0,ETH-27MAR20-560-P,184.61,0.0,0.01,10.0,0.0,0.0,0.0,0.23152,-0.08307,-2.24992,0.00145,-0.88772
186.74,ETH-27DEC19,1572260341384,open,2.24,0.0,2.119,2.32,2.215326,120.0,0.953,0.0,ETH-27DEC19-600-P,184.61,0.0,0.0,0.0,0.0,0.0,0.0,0.02937,-0.02943,-0.98023,0.00043,-0.98456
188.72,ETH-27MAR20,1572260341384,open,1.19,3.0,1.085,1.263,1.172147,99.15,1.39,0.0,ETH-27MAR20-400-P,184.61,0.0,0.001,10.0,0.0,0.0,0.0,0.33453,-0.10993,-1.54235,0.00229,-0.805
186.74,ETH-27DEC19,1572260341384,open,0.85,0.0,0.775,0.909,0.840238,104.01,None,0.0,ETH-27DEC19-340-P,184.61,0.0,0.001,5.0,0.0,0.0,0.0,0.1448,-0.12577,-0.52917,0.00243,-0.8872
186.74,ETH-27DEC19,1572260341385,open,0.96,257.0,0.877,1.016,0.944008,106.17,0.7,0.0,ETH-27DEC19-360-P,184.61,0.0,0.01,2.0,0.0,0.0,0.0,0.12768,-0.1132,-0.56646,0.0021,-0.90515
186.74,ETH-27DEC19,1572260341385,open,0.75,101.0,0.674,0.804,0.737549,101.85,0.513,0.0,ETH-27DEC19-320-P,184.61,0.0,0.006,5.0,0.0,0.0,0.0,0.16488,-0.14023,-0.49067,0.00283,-0.8642
188.72,ETH-27MAR20,1572260341385,open,2.23,0.0,2.098,2.328,2.20817,112.7,None,0.0,ETH-27MAR20-600-P,184.61,0.0,0.02,10.0,0.0,0.0,0.0,0.22604,-0.08442,-2.41795,0.00136,-0.89142
186.8,ETH-27DEC19,1572260341385,open,0.36,2287.0,0.292,0.408,0.350784,94.35,0.354,0.0,ETH-27DEC19-240-P,184.61,0.0,0.001,15.0,0.0,0.0,0.0,0.27094,-0.21347,-0.31554,0.00502,-0.67893
186.8,ETH-27DEC19,1572260341385,open,1.38,0.0,1.29,1.447,1.364988,116.07,None,0.0,ETH-27DEC19-440-P,184.61,0.0,0.001,8.0,0.0,0.0,0.0,0.08562,-0.08299,-0.70748,0.00129,-0.94379
188.72,ETH-27MAR20,1572260341386,open,1.39,0.0,1.285,1.472,1.376052,101.85,None,0.0,ETH-27MAR20-440-P,184.61,0.0,0.002,10.0,0.0,0.0,0.0,0.30378,-0.10253,-1.7231,0.00203,-0.8328
186.8,ETH-27DEC19,1572260341386,open,1.81,37.0,1.704,1.883,1.789645,122.95,0.707,0.0,ETH-27DEC19-520-P,184.61,0.0,0.002,25.0,0.0,0.0,0.0,0.05899,-0.06057,-0.84399,0.00084,-0.96461
188.72,ETH-27MAR20,1572260341386,open,0.99,6.0,0.889,1.06,0.974306,97.88,1.165,0.0,ETH-27MAR20-360-P,184.61,0.0,0.0,0.0,0.0,0.0,0.0,0.37577,-0.12189,-1.3542,0.00261,-0.76166
186.8,ETH-27DEC19,1572260341386,open,2.88,0.0,2.743,2.977,2.856394,132.83,None,0.0,ETH-27DEC19-720-P,184.61,0.0,0.003,5.0,0.0,0.0,0.0,0.02462,-0.02731,-1.17787,0.00032,-0.98742
190.31,SYN.ETH-26JUN20,1572260341383,open,1.41,0.0,1.291,1.501,1.395566,96.61,None,0.0,ETH-26JUN20-440-P,184.61,0.0,0.0,0.0,0.0,0.0,0.0,0.49297,-0.09845,-2.70497,0.00213,-0.74935
9682.36,BTC-27MAR20,1572260341388,open,0.2,460.5,0.1515,0.249,0.20252863,84.84,0.223,0.0,BTC-27MAR20-10000-C,9437.79,82.67,0.197,11.4,0.207,11.4,86.66,24.27449,-6.8253,15.29323,7e-05,0.58456
185.72,SYN.ETH-29NOV19,1572260341386,open,0.74,0.0,0.676,0.795,0.733118,114.58,None,0.0,ETH-29NOV19-320-P,184.61,0.0,0.0,0.0,0.0,0.0,0.0,0.0779,-0.14001,-0.26888,0.00226,-0.92473
190.31,SYN.ETH-26JUN20,1572260341385,open,1.21,0.0,1.098,1.299,1.198874,95.34,None,0.0,ETH-26JUN20-400-P,184.61,0.0,0.0,0.0,0.0,0.0,0.0,0.52566,-0.1036,-2.41402,0.0023,-0.71533
188.72,ETH-27MAR20,1572260341402,open,0.61,158.0,0.518,0.672,0.596571,94.78,0.62,0.0,ETH-27MAR20-280-P,184.61,78.69,0.559,42.0,0.598,1.0,95.37,0.45643,-0.14336,-0.96005,0.00327,-0.63412
9459.78,SYN.BTC-8NOV19,1572260341403,open,0.06,30.6,0.032,0.091,0.06137043,86.07,0.062,0.0,BTC-8NOV19-9500-P,9437.79,78.81,0.0565,13.8,0.0625,9.0,87.53,6.50758,-25.74994,-1.53126,0.00028,-0.48176
184.69,SYN.ETH-1NOV19,1572260341394,open,0.1,0.0,0.057,0.131,0.094239,93.04,0.094,0.0,ETH-1NOV19-200-P,184.61,74.18,0.089,40.0,0.095,40.0,95.54,0.0559,-0.67096,-0.01721,0.01659,-0.78307
9560.48,BTC-27DEC19,1572260341407,open,1.1,3.6,1.0535,1.157,1.10190847,104.66,1.729,0.0,BTC-27DEC19-20000-P,9437.79,0.0,0.0,0.0,0.0,0.0,0.0,4.79769,-4.19306,-31.97527,3e-05,-0.9369
184.95,SYN.ETH-8NOV19,1572260341411,open,0.07,254.0,0.039,0.103,0.072505,85.67,0.07,0.0,ETH-8NOV19-180-C,184.61,81.91,0.07,120.0,0.077,120.0,92.41,0.12322,-0.48531,0.02915,0.01411,0.60153
9766.77,SYN.BTC-26JUN20,1572260341408,open,0.13,22.7,0.074,0.18,0.12692667,87.39,0.124,0.0,BTC-26JUN20-16000-C,9437.79,84.65,0.1185,13.3,0.14,13.3,91.64,29.95585,-5.41159,15.58218,5e-05,0.36763
186.74,ETH-27DEC19,1572260341416,open,0.16,1341.0,0.117,0.2,0.161532,90.49,0.178,0.0,ETH-27DEC19-180-C,184.61,88.22,0.158,96.0,0.166,352.0,93.37,0.28985,-0.21902,0.13788,0.0056,0.61162
188.72,ETH-27MAR20,1572260341419,open,0.79,7.0,0.698,0.861,0.780497,95.92,0.945,0.0,ETH-27MAR20-320-P,184.61,0.0,0.0,0.0,0.79,1.0,100.17,0.41659,-0.13243,-1.16125,0.00295,-0.70812
186.8,ETH-27DEC19,1572260341429,open,3.1,0.0,2.952,3.198,3.070805,139.21,None,0.0,ETH-27DEC19-760-P,184.61,0.0,0.0,0.0,0.0,0.0,0.0,0.02643,-0.03073,-1.24324,0.00033,-0.98634
9766.77,SYN.BTC-26JUN20,1572260341425,open,0.13,22.7,0.074,0.18,0.12692667,87.39,0.124,0.0,BTC-26JUN20-16000-C,9437.79,84.65,0.1185,13.3,0.1365,13.3,90.51,29.95585,-5.41159,15.58218,5e-05,0.36763
186.8,ETH-27DEC19,1572260341437,open,2.02,0.0,1.912,2.101,2.002366,124.78,0.845,0.0,ETH-27DEC19-560-P,184.61,0.0,0.0,0.0,0.0,0.0,0.0,0.04781,-0.04982,-0.91161,0.00067,-0.97255
9766.77,SYN.BTC-26JUN20,1572260341433,open,0.16,29.3,0.1015,0.2125,0.15798157,86.25,0.146,0.0,BTC-26JUN20-14000-C,9437.79,83.31,0.1485,12.8,0.1685,12.8,89.55,31.30612,-5.58187,17.98187,6e-05,0.43575
9445.48,SYN.BTC-1NOV19,1572260341446,open,0.08,72.5,0.0455,0.106,0.07591243,94.76,0.0855,0.0,BTC-1NOV19-10000-P,9437.79,80.04,0.071,9.8,0.074,0.8,88.85,3.36447,-41.1316,-0.7822,0.00037,-0.70381
9766.77,SYN.BTC-26JUN20,1572260341447,open,0.16,29.3,0.1015,0.2125,0.15798157,86.25,0.146,0.0,BTC-26JUN20-14000-C,9437.79,83.31,0.1485,12.8,0.1675,12.8,89.24,31.30612,-5.58187,17.98187,6e-05,0.43575
9502.69,SYN.BTC-29NOV19,1572260341457,open,0.07,85.5,0.0425,0.1045,0.07312791,85.11,0.067,0.0,BTC-29NOV19-9000-P,9437.79,80.4,0.068,10.9,0.0735,5.0,85.35,10.56729,-14.10754,-3.647,0.00016,-0.36623
185.72,SYN.ETH-29NOV19,1572260341469,open,0.46,0.0,0.446,0.483,0.464405,111.96,None,0.0,ETH-29NOV19-100-C,184.61,0.0,0.453,1.0,0.474,1.0,152.0,0.02753,-0.04834,0.08348,0.00082,0.97915
186.8,ETH-27DEC19,1572260341484,open,0.45,946.0,0.382,0.502,0.442058,96.27,0.3,0.0,ETH-27DEC19-260-P,184.61,0.0,0.0,0.0,0.0,0.0,0.0,0.24387,-0.19605,-0.36318,0.00443,-0.74313
9502.69,SYN.BTC-29NOV19,1572260341478,open,0.07,85.5,0.0425,0.1045,0.07312791,85.11,0.067,0.0,BTC-29NOV19-9000-P,9437.79,81.3,0.069,10.9,0.0735,5.0,85.35,10.56729,-14.10754,-3.647,0.00016,-0.36623
186.8,ETH-27DEC19,1572260341489,open,0.55,311.0,0.476,0.6,0.537729,98.26,0.71,0.0,ETH-27DEC19-280-P,184.61,0.0,0.001,8.0,0.0,0.0,0.0,0.21599,-0.17723,-0.40788,0.00384,-0.79334
9682.36,BTC-27MAR20,1572260341502,open,0.2,460.5,0.1515,0.249,0.20252863,84.84,0.223,0.0,BTC-27MAR20-10000-C,9437.79,82.67,0.197,11.4,0.209,11.4,87.46,24.27449,-6.8253,15.29323,7e-05,0.58456
9560.48,BTC-27DEC19,1572260341507,open,4.43,0.8,4.3315,4.5495,4.43931951,132.41,3.59,0.0,BTC-27DEC19-52000-P,9437.89,0.0,0.001,1.0,0.0,0.0,0.0,0.23729,-0.26236,-85.27626,0.0,-0.99807
9560.48,BTC-27DEC19,1572260341507,open,1.3,4.9,1.257,1.366,1.30821835,107.94,1.0385,0.0,BTC-27DEC19-22000-P,9437.89,0.0,0.0,0.0,0.0,0.0,0.0,3.71811,-3.35134,-35.48329,2e-05,-0.95427
9560.58,BTC-27DEC19,1572260341507,open,1.51,0.0,1.4615,1.577,1.51577498,111.8,None,0.0,BTC-27DEC19-24000-P,9437.89,0.0,0.0,0.0,0.0,0.0,0.0,3.02291,-2.82216,-38.90024,2e-05,-0.96456
9560.58,BTC-27DEC19,1572260341507,open,3.59,0.0,3.5115,3.6975,3.60278772,129.2,3.46,0.0,BTC-27DEC19-44000-P,9437.89,0.0,0.001,1.0,0.0,0.0,0.0,0.45457,-0.49044,-72.12555,0.0,-0.99604
9682.78,BTC-27MAR20,1572260341507,open,1.5,0.0,1.4415,1.5855,1.50934662,96.99,None,0.0,BTC-27MAR20-24000-P,9437.89,0.0,0.0015,1.0,0.0,0.0,0.0,12.91055,-4.14969,-95.3789,3e-05,-0.87366
9682.78,BTC-27MAR20,1572260341507,open,1.3,6.0,1.2425,1.3825,1.30894515,94.95,1.5845,0.0,BTC-27MAR20-22000-P,9437.89,0.0,0.0,0.0,0.0,0.0,0.0,14.47336,-4.55411,-86.43656,4e-05,-0.85064
9560.58,BTC-27DEC19,1572260341507,open,0.69,19.0,0.6485,0.7455,0.69475395,95.72,1.2,0.0,BTC-27DEC19-16000-P,9437.89,0.0,0.42,0.2,0.0,0.0,0.0,8.1174,-6.48824,-24.56733,6e-05,-0.87169
9560.58,BTC-27DEC19,1572260341509,open,3.18,0.0,3.101,3.2715,3.18448857,123.98,2.58,0.0,BTC-27DEC19-40000-P,9437.89,0.0,0.001,1.0,0.0,0.0,0.0,0.52704,-0.54564,-65.554,0.0,-0.99533
9682.78,BTC-27MAR20,1572260341508,open,2.32,0.0,2.2445,2.4105,2.32223629,104.28,None,0.0,BTC-27MAR20-32000-P,9437.89,0.0,0.001,1.0,0.0,0.0,0.0,8.70863,-3.00958,-130.01535,2e-05,-0.92615
9682.78,BTC-27MAR20,1572260341509,open,1.71,0.0,1.6415,1.7905,1.71138887,99.05,None,0.0,BTC-27MAR20-26000-P,9437.89,0.0,0.0015,1.0,0.0,0.0,0.0,11.61868,-3.81392,-104.16501,3e-05,-0.89114
9682.78,BTC-27MAR20,1572260341509,open,1.91,0.0,1.842,1.9965,1.91438505,100.96,None,0.0,BTC-27MAR20-28000-P,9437.89,0.0,0.0,0.0,0.0,0.0,0.0,10.51026,-3.51635,-112.85037,3e-05,-0.90514
9560.58,BTC-27DEC19,1572260341509,open,0.24,247.3,0.1895,0.282,0.23645663,86.48,0.215,0.0,BTC-27DEC19-11000-P,9437.89,64.75,0.203,2.0,0.275,2.0,110.64,15.06109,-10.87711,-12.94766,0.00012,-0.5891
9682.78,BTC-27MAR20,1572260341510,open,2.11,0.0,2.043,2.2035,2.11828525,102.92,None,0.0,BTC-27MAR20-30000-P,9437.89,0.0,0.0,0.0,0.0,0.0,0.0,9.6092,-3.27757,-121.44234,2e-05,-0.91591
9560.58,BTC-27DEC19,1572260341510,open,2.34,0.3,2.281,2.4235,2.34901046,120.86,1.875,0.0,BTC-27DEC19-32000-P,9437.89,0.0,0.0,0.0,0.0,0.0,0.0,1.30519,-1.31731,-52.31856,1e-05,-0.9869
9460.08,SYN.BTC-8NOV19,1572260341507,open,0.32,0.0,0.2965,0.364,0.32787444,108.75,None,0.0,BTC-8NOV19-12500-P,9437.89,0.0,0.0,0.0,0.0,0.0,0.0,2.47757,-12.38709,-3.5113,9e-05,-0.91781
9560.58,BTC-27DEC19,1572260341512,open,4.01,0.0,3.9215,4.123,4.02097212,130.26,None,0.0,BTC-27DEC19-48000-P,9437.89,0.0,0.0005,1.0,0.0,0.0,0.0,0.31126,-0.33859,-78.70546,0.0,-0.9974
9503.11,SYN.BTC-29NOV19,1572260341507,open,0.39,0.0,0.3505,0.4315,0.38979054,95.18,None,0.0,BTC-29NOV19-13000-P,9437.89,0.0,0.013,1.0,0.0,0.0,0.0,6.97666,-10.41624,-10.16304,9e-05,-0.8348
9445.73,SYN.BTC-1NOV19,1572260341509,open,0.27,0.8,0.2455,0.303,0.27184986,120.46,0.294,0.0,BTC-1NOV19-12000-P,9437.89,0.0,0.0035,1.0,0.0,0.0,0.0,0.68073,-10.57884,-1.24454,6e-05,-0.96899
9503.11,SYN.BTC-29NOV19,1572260341508,open,0.17,0.0,0.1295,0.2075,0.16915425,87.97,0.3575,0.0,BTC-29NOV19-10500-P,9437.89,58.83,0.137,3.0,0.1765,3.0,94.37,10.84862,-14.96907,-6.38468,0.00016,-0.60016
9503.11,SYN.BTC-29NOV19,1572260341507,open,0.49,0.0,0.449,0.5295,0.48757815,97.52,None,0.0,BTC-29NOV19-14000-P,9437.89,0.0,0.014,1.0,0.0,0.0,0.0,5.45147,-8.33909,-11.39109,7e-05,-0.88499
9767.08,SYN.BTC-26JUN20,1572260341509,open,2.11,0.0,2.028,2.21,2.11413618,95.29,None,0.0,BTC-26JUN20-30000-P,9437.89,0.0,0.0,0.0,2.114,1.0,95.22,18.10846,-3.567,-192.18411,3e-05,-0.85516
9767.08,SYN.BTC-26JUN20,1572260341509,open,1.71,0.0,1.634,1.8065,1.71627817,92.99,None,0.0,BTC-26JUN20-26000-P,9437.89,0.0,0.0,0.0,0.0,0.0,0.0,20.87117,-4.01191,-164.15041,4e-05,-0.81989
9445.73,SYN.BTC-1NOV19,1572260341507,open,0.24,0.0,0.2195,0.2775,0.24612038,120.29,None,0.0,BTC-1NOV19-11750-P,9437.89,0.0,0.004,1.0,0.0,0.0,0.0,0.91683,-14.22787,-1.20505,8e-05,-0.95535
9460.08,SYN.BTC-8NOV19,1572260341527,open,0.11,14.0,0.081,0.149,0.11525231,90.98,0.09,0.0,BTC-8NOV19-10250-P,9437.89,78.37,0.1075,9.0,0.1155,9.0,91.38,5.93389,-24.82067,-2.20547,0.00024,-0.66717
9460.08,SYN.BTC-8NOV19,1572260341530,open,0.03,48.5,0.0065,0.0495,0.02568509,92.04,0.035,0.0,BTC-8NOV19-10500-C,9437.89,87.38,0.023,15.0,0.027,0.1,94.29,5.51559,-23.3394,0.7224,0.00022,0.28197
9767.08,SYN.BTC-26JUN20,1572260341544,open,0.43,0.1,0.356,0.4915,0.42536953,84.02,0.4105,0.0,BTC-26JUN20-12000-P,9437.89,70.66,0.382,1.0,0.4495,1.0,91.47,31.69279,-5.50441,-58.83657,6e-05,-0.48367
9503.11,SYN.BTC-29NOV19,1572260341525,open,0.13,349.9,0.092,0.157,0.12602815,85.0,0.1285,0.0,BTC-29NOV19-9000-C,9437.89,80.02,0.1205,17.7,0.1305,13.7,89.02,10.56669,-14.08801,4.21472,0.00016,0.63388
9445.73,SYN.BTC-1NOV19,1572260341554,open,0.08,72.5,0.0455,0.106,0.07591243,94.34,0.0855,0.0,BTC-1NOV19-10000-P,9437.89,80.11,0.071,0.8,0.074,0.8,88.91,3.35998,-40.89481,-0.78293,0.00038,-0.70469
9445.73,SYN.BTC-1NOV19,1572260341559,open,0.04,100.4,0.0135,0.066,0.0390031,87.49,0.0395,0.0,BTC-1NOV19-9500-P,9437.89,78.97,0.0355,9.0,0.039,0.8,87.48,3.8824,-43.82093,-0.548,0.00047,-0.50737
9460.08,SYN.BTC-8NOV19,1572260341562,open,0.09,10.4,0.0625,0.129,0.09595474,89.58,0.102,0.0,BTC-8NOV19-10000-P,9437.89,77.45,0.088,18.6,0.096,9.0,89.65,6.26129,-25.78676,-1.99242,0.00026,-0.61089
9560.58,BTC-27DEC19,1572260341546,open,0.17,502.1,0.125,0.2,0.16430325,85.2,0.183,0.0,BTC-27DEC19-9000-C,9437.89,80.73,0.1575,31.4,0.167,19.2,86.97,14.5422,-10.34664,7.39698,0.00011,0.63595
9445.73,SYN.BTC-1NOV19,1572260341567,open,0.06,106.7,0.0275,0.0855,0.05663662,91.97,0.0415,0.0,BTC-1NOV19-9750-P,9437.89,78.83,0.0515,9.8,0.0555,1.2,89.09,3.72623,-44.21231,-0.67163,0.00043,-0.613
9445.73,SYN.BTC-1NOV19,1572260341568,open,0.05,224.8,0.02,0.0725,0.04686859,87.42,0.0465,0.0,BTC-1NOV19-9250-C,9437.89,83.95,0.0455,9.4,0.0485,0.8,91.54,3.7364,-42.13776,0.56411,0.00045,0.6093
9460.08,SYN.BTC-8NOV19,1572260341571,open,0.11,14.0,0.081,0.149,0.11525231,90.98,0.09,0.0,BTC-8NOV19-10250-P,9437.89,77.53,0.107,9.0,0.1155,9.0,91.38,5.93389,-24.82067,-2.20547,0.00024,-0.66717
9560.48,BTC-27DEC19,1572260341573,open,0.16,498.0,0.1205,0.2065,0.1643615,85.24,0.156,0.0,BTC-27DEC19-10000-P,9437.89,81.92,0.159,7.2,0.169,10.9,88.11,15.43397,-10.98604,-10.15398,0.00012,-0.48308
9682.78,BTC-27MAR20,1572260341563,open,0.12,351.2,0.0785,0.163,0.12102564,84.89,0.11,0.0,BTC-27MAR20-8000-P,9437.89,81.79,0.1145,15.6,0.1265,20.6,87.47,20.4587,-5.7552,-15.52041,6e-05,-0.26675
186.8,ETH-27DEC19,1572260341593,open,2.45,0.0,2.328,2.539,2.429172,129.75,None,0.0,ETH-27DEC19-640-P,184.61,0.0,0.0,0.0,0.0,0.0,0.0,0.03466,-0.03756,-1.04507,0.00047,-0.98126
9503.11,SYN.BTC-29NOV19,1572260341586,open,0.16,725.5,0.124,0.1865,0.15656746,84.99,0.174,0.0,BTC-29NOV19-8500-C,9437.89,79.91,0.1515,8.9,0.1615,12.9,89.89,9.52526,-12.69887,4.6392,0.00014,0.71557
9503.11,SYN.BTC-29NOV19,1572260341615,open,0.08,450.9,0.0475,0.1105,0.07963622,85.96,0.08,0.0,BTC-29NOV19-10000-C,9437.89,82.44,0.0755,19.4,0.084,16.4,89.67,11.17331,-15.06547,3.24511,0.00016,0.47065
9682.78,BTC-27MAR20,1572260341626,open,0.24,164.5,0.18,0.288,0.23533468,84.89,0.24,0.0,BTC-27MAR20-10000-P,9437.89,82.17,0.2285,2.0,0.245,16.9,88.75,24.27423,-6.82881,-26.04309,7e-05,-0.41534
9460.08,SYN.BTC-8NOV19,1572260341632,open,0.02,583.8,0.0045,0.04,0.01948713,86.23,0.0215,0.0,BTC-8NOV19-8500-P,9437.89,79.13,0.016,6.0,0.0195,12.0,86.25,4.75547,-18.85143,-0.6575,0.00021,-0.21377
9503.11,SYN.BTC-29NOV19,1572260341635,open,0.1,263.3,0.0665,0.1315,0.10009386,85.0,0.098,0.0,BTC-29NOV19-9500-C,9437.89,81.5,0.096,18.6,0.1045,4.0,88.77,11.1138,-14.81795,3.73788,0.00017,0.55049
185.72,SYN.ETH-29NOV19,1572260341639,open,0.46,0.0,0.446,0.483,0.464405,111.96,None,0.0,ETH-29NOV19-100-C,184.61,0.0,0.452,1.0,0.474,1.0,152.0,0.02753,-0.04834,0.08348,0.00082,0.97915
9560.58,BTC-27DEC19,1572260341640,open,0.12,701.2,0.0795,0.155,0.11833613,85.2,0.115,0.0,BTC-27DEC19-10000-C,9437.89,81.9,0.113,23.5,0.1215,5.0,87.16,15.43419,-10.98165,6.25061,0.00012,0.51688
9682.78,BTC-27MAR20,1572260341642,open,0.17,38.0,0.124,0.222,0.17402806,84.89,0.1715,0.0,BTC-27MAR20-9000-P,9437.89,82.12,0.1675,3.0,0.1805,18.9,87.63,22.86265,-6.43157,-20.65591,7e-05,-0.34205
188.72,ETH-27MAR20,1572260341641,open,0.42,40.0,0.385,0.458,0.423857,92.68,0.459,0.0,ETH-27MAR20-120-C,184.61,69.81,0.393,7.0,0.442,7.0,104.73,0.27665,-0.08497,0.33627,0.00203,0.85492
9682.78,BTC-27MAR20,1572260341644,open,0.2,460.5,0.1515,0.249,0.20252863,84.87,0.223,0.0,BTC-27MAR20-10000-C,9437.89,82.67,0.197,11.4,0.207,11.4,86.66,24.27459,-6.82747,15.29342,7e-05,0.58463
9767.08,SYN.BTC-26JUN20,1572260341664,open,0.13,22.7,0.074,0.18,0.12692667,87.41,0.124,0.0,BTC-26JUN20-16000-C,9437.89,84.64,0.1185,13.3,0.14,13.3,91.63,29.95918,-5.41317,15.58477,5e-05,0.36772
9767.08,SYN.BTC-26JUN20,1572260341683,open,0.13,22.7,0.074,0.18,0.12692667,87.41,0.124,0.0,BTC-26JUN20-16000-C,9437.89,84.64,0.1185,13.3,0.1365,13.3,90.51,29.95918,-5.41317,15.58477,5e-05,0.36772
9767.08,SYN.BTC-26JUN20,1572260341693,open,0.16,29.3,0.1015,0.2125,0.15798157,86.27,0.146,0.0,BTC-26JUN20-14000-C,9437.89,83.3,0.1485,12.8,0.168,12.8,89.39,31.30823,-5.58338,17.98386,6e-05,0.43584
9767.08,SYN.BTC-26JUN20,1572260341712,open,0.16,29.3,0.1015,0.2125,0.15799047,86.27,0.146,0.0,BTC-26JUN20-14000-C,9437.89,83.3,0.1485,12.8,0.1675,12.8,89.23,31.30823,-5.58338,17.98386,6e-05,0.43584
9503.11,SYN.BTC-29NOV19,1572260341714,open,0.07,85.5,0.0425,0.104,0.07310874,85.03,0.067,0.0,BTC-29NOV19-9000-P,9437.89,80.87,0.0685,10.9,0.0735,5.0,85.37,10.56684,-14.09431,-3.64551,0.00016,-0.36614
9767.37,SYN.BTC-26JUN20,1572260341720,open,1.32,0.0,1.2465,1.4115,1.32650985,91.24,None,0.0,BTC-26JUN20-22000-P,9437.89,0.0,0.11,1.0,0.0,0.0,0.0,24.44489,-4.61061,-135.36211,4e-05,-0.76481
184.69,SYN.ETH-1NOV19,1572260341727,open,0.01,830.0,0.001,0.031,0.011291,92.84,0.01,0.0,ETH-1NOV19-200-C,184.61,85.01,0.009,450.0,0.013,160.0,98.38,0.05581,-0.66845,0.00402,0.0166,0.21636
184.69,SYN.ETH-1NOV19,1572260341739,open,0.02,1723.0,0.003,0.048,0.023139,85.61,0.019,0.0,ETH-1NOV19-190-C,184.61,80.18,0.021,389.0,0.026,160.0,92.81,0.07307,-0.80692,0.00721,0.02356,0.39084
9503.11,SYN.BTC-29NOV19,1572260341736,open,0.07,85.5,0.0425,0.104,0.07310874,85.03,0.067,0.0,BTC-29NOV19-9000-P,9437.89,81.32,0.069,10.9,0.0735,5.0,85.37,10.56684,-14.09431,-3.64551,0.00016,-0.36614
9682.78,BTC-27MAR20,1572260341744,open,0.2,460.5,0.1515,0.249,0.20254545,84.87,0.223,0.0,BTC-27MAR20-10000-C,9437.89,82.67,0.197,11.4,0.2085,11.4,87.25,24.27459,-6.82747,15.29342,7e-05,0.58463
9682.78,BTC-27MAR20,1572260341764,open,0.2,460.5,0.1515,0.249,0.20254545,84.87,0.223,0.0,BTC-27MAR20-10000-C,9437.89,82.67,0.197,11.4,0.207,11.4,86.66,24.27459,-6.82747,15.29342,7e-05,0.58463
9767.08,SYN.BTC-26JUN20,1572260341790,open,0.13,22.7,0.074,0.18,0.12693454,87.41,0.124,0.0,BTC-26JUN20-16000-C,9437.89,84.64,0.1185,13.3,0.14,13.3,91.63,29.95918,-5.41317,15.58477,5e-05,0.36772
9767.08,SYN.BTC-26JUN20,1572260341809,open,0.13,22.7,0.074,0.18,0.12693454,87.41,0.124,0.0,BTC-26JUN20-16000-C,9437.89,84.64,0.1185,13.3,0.1365,13.3,90.51,29.95918,-5.41317,15.58477,5e-05,0.36772
9445.73,SYN.BTC-1NOV19,1572260341821,open,0.01,91.1,0.0005,0.027,0.0095922,87.63,0.0105,0.0,BTC-1NOV19-8750-P,9437.89,81.69,0.008,12.4,0.01,0.8,89.08,2.60745,-29.47645,-0.19625,0.00031,-0.18607
184.69,SYN.ETH-1NOV19,1572260341832,open,0.02,1723.0,0.003,0.048,0.023139,85.61,0.019,0.0,ETH-1NOV19-190-C,184.61,80.18,0.021,389.0,0.026,161.0,92.81,0.07307,-0.80692,0.00721,0.02356,0.39084
9503.11,SYN.BTC-29NOV19,1572260341829,open,0.07,85.5,0.0425,0.104,0.07310874,85.03,0.067,0.0,BTC-29NOV19-9000-P,9437.89,80.87,0.0685,10.9,0.0735,5.0,85.37,10.56684,-14.09431,-3.64551,0.00016,-0.36614
9503.11,SYN.BTC-29NOV19,1572260341851,open,0.07,85.5,0.0425,0.104,0.07310874,85.03,0.067,0.0,BTC-29NOV19-9000-P,9437.89,81.32,0.069,10.9,0.0735,5.0,85.37,10.56684,-14.09431,-3.64551,0.00016,-0.36614
9682.78,BTC-27MAR20,1572260341870,open,0.2,460.5,0.1515,0.249,0.20254545,84.87,0.223,0.0,BTC-27MAR20-10000-C,9437.89,82.67,0.197,11.4,0.2085,11.4,87.25,24.27459,-6.82747,15.29342,7e-05,0.58463
9682.78,BTC-27MAR20,1572260341886,open,0.24,164.5,0.18,0.288,0.23530671,84.89,0.24,0.0,BTC-27MAR20-10000-P,9437.89,81.97,0.228,2.0,0.245,16.9,88.75,24.27423,-6.82881,-26.04309,7e-05,-0.41534
9682.78,BTC-27MAR20,1572260341883,open,0.2,460.5,0.1515,0.249,0.20254545,84.87,0.223,0.0,BTC-27MAR20-10000-C,9437.89,82.67,0.197,11.4,0.207,11.4,86.66,24.27459,-6.82747,15.29342,7e-05,0.58463
9767.08,SYN.BTC-26JUN20,1572260341889,open,0.13,22.7,0.074,0.18,0.12693454,87.41,0.124,0.0,BTC-26JUN20-16000-C,9437.89,84.64,0.1185,13.3,0.14,13.3,91.63,29.95918,-5.41317,15.58477,5e-05,0.36772
9767.08,SYN.BTC-26JUN20,1572260341908,open,0.13,22.7,0.074,0.18,0.12693454,87.41,0.124,0.0,BTC-26JUN20-16000-C,9437.89,84.64,0.1185,13.3,0.1365,13.3,90.51,29.95918,-5.41317,15.58477,5e-05,0.36772
9682.78,BTC-27MAR20,1572260341930,open,0.2,460.5,0.1515,0.249,0.20254545,84.87,0.223,0.0,BTC-27MAR20-10000-C,9437.89,82.67,0.197,11.4,0.208,11.4,87.06,24.27459,-6.82747,15.29342,7e-05,0.58463
9682.78,BTC-27MAR20,1572260341952,open,0.24,164.5,0.18,0.288,0.23530671,84.89,0.24,0.0,BTC-27MAR20-10000-P,9437.89,81.97,0.228,9.9,0.245,16.9,88.75,24.27423,-6.82881,-26.04309,7e-05,-0.41534
9682.78,BTC-27MAR20,1572260341954,open,0.2,460.5,0.1515,0.249,0.20254545,84.87,0.223,0.0,BTC-27MAR20-10000-C,9437.89,82.67,0.197,11.4,0.207,11.4,86.66,24.27459,-6.82747,15.29342,7e-05,0.58463
9767.08,SYN.BTC-26JUN20,1572260341963,open,0.13,22.7,0.074,0.18,0.12693454,87.41,0.124,0.0,BTC-26JUN20-16000-C,9437.89,84.64,0.1185,13.3,0.14,13.3,91.63,29.95918,-5.41317,15.58477,5e-05,0.36772
9767.08,SYN.BTC-26JUN20,1572260341980,open,0.13,22.7,0.074,0.18,0.12693454,87.41,0.124,0.0,BTC-26JUN20-16000-C,9437.89,84.64,0.1185,13.3,0.1365,13.3,90.51,29.95918,-5.41317,15.58477,5e-05,0.36772
9682.78,BTC-27MAR20,1572260341999,open,0.2,460.5,0.1515,0.249,0.20254545,84.87,0.223,0.0,BTC-27MAR20-10000-C,9437.89,82.67,0.197,11.4,0.2075,11.4,86.86,24.27459,-6.82747,15.29342,7e-05,0.58463
9682.78,BTC-27MAR20,1572260342013,open,0.2,460.5,0.1515,0.249,0.20254545,84.87,0.223,0.0,BTC-27MAR20-10000-C,9437.89,82.67,0.197,11.4,0.207,11.4,86.66,24.27459,-6.82747,15.29342,7e-05,0.58463
9767.08,SYN.BTC-26JUN20,1572260342022,open,0.13,22.7,0.074,0.18,0.12693454,87.41,0.124,0.0,BTC-26JUN20-16000-C,9437.89,84.64,0.1185,13.3,0.1395,13.3,91.47,29.95918,-5.41317,15.58477,5e-05,0.36772
9767.08,SYN.BTC-26JUN20,1572260342039,open,0.13,22.7,0.074,0.18,0.12693454,87.41,0.124,0.0,BTC-26JUN20-16000-C,9437.89,84.64,0.1185,13.3,0.1365,13.3,90.51,29.95918,-5.41317,15.58477,5e-05,0.36772
9767.08,SYN.BTC-26JUN20,1572260342051,open,0.13,22.7,0.074,0.18,0.12693454,87.41,0.124,0.0,BTC-26JUN20-16000-C,9437.89,84.64,0.1185,13.3,0.1395,13.3,91.47,29.95918,-5.41317,15.58477,5e-05,0.36772
9445.85,SYN.BTC-1NOV19,1572260342067,open,0.1,8.2,0.0675,0.128,0.09739546,97.44,0.0995,0.0,BTC-1NOV19-10250-P,9437.89,78.44,0.092,3.0,0.096,0.1,92.82,2.90134,-36.47193,-0.87743,0.00031,-0.77742
9445.73,SYN.BTC-1NOV19,1572260342068,open,0.06,106.7,0.027,0.0855,0.05661857,91.97,0.0415,0.0,BTC-1NOV19-9750-P,9437.89,78.83,0.0515,9.8,0.0555,0.8,89.09,3.72623,-44.21231,-0.67163,0.00043,-0.613
9767.08,SYN.BTC-26JUN20,1572260342064,open,0.13,22.7,0.074,0.18,0.12693454,87.41,0.124,0.0,BTC-26JUN20-16000-C,9437.89,84.64,0.1185,13.3,0.1365,13.3,90.51,29.95918,-5.41317,15.58477,5e-05,0.36772
9683.11,BTC-27MAR20,1572260342083,open,1.11,0.2,1.0455,1.182,1.11093943,92.97,1.478,0.0,BTC-27MAR20-20000-P,9437.89,0.0,0.0,0.0,0.0,0.0,0.0,16.34747,-5.03684,-77.27946,5e-05,-0.8198
9445.73,SYN.BTC-1NOV19,1572260342084,open,0.11,450.9,0.083,0.1285,0.1055376,88.99,0.105,0.0,BTC-1NOV19-8500-C,9437.89,93.72,0.1065,0.1,0.1085,0.8,102.58,1.89856,-21.79718,0.78101,0.00023,0.8842
9767.08,SYN.BTC-26JUN20,1572260342112,open,0.13,22.7,0.074,0.18,0.12693454,87.41,0.124,0.0,BTC-26JUN20-16000-C,9437.89,84.64,0.1185,13.3,0.139,13.3,91.31,29.95918,-5.41317,15.58477,5e-05,0.36772
9767.08,SYN.BTC-26JUN20,1572260342129,open,0.13,22.7,0.074,0.18,0.12693454,87.41,0.124,0.0,BTC-26JUN20-16000-C,9437.89,84.64,0.1185,13.3,0.1365,13.3,90.51,29.95918,-5.41317,15.58477,5e-05,0.36772
9767.08,SYN.BTC-26JUN20,1572260342137,open,0.13,22.7,0.074,0.18,0.12693454,87.41,0.124,0.0,BTC-26JUN20-16000-C,9437.89,84.64,0.1185,13.3,0.1385,13.3,91.15,29.95918,-5.41317,15.58477,5e-05,0.36772
9767.08,SYN.BTC-26JUN20,1572260342154,open,0.13,22.7,0.074,0.18,0.12693454,87.41,0.124,0.0,BTC-26JUN20-16000-C,9437.89,84.64,0.1185,13.3,0.1365,13.3,90.51,29.95918,-5.41317,15.58477,5e-05,0.36772
9767.08,SYN.BTC-26JUN20,1572260342174,open,0.13,22.7,0.074,0.18,0.12693454,87.41,0.124,0.0,BTC-26JUN20-16000-C,9437.89,84.64,0.1185,13.3,0.138,13.3,90.99,29.95918,-5.41317,15.58477,5e-05,0.36772
9767.08,SYN.BTC-26JUN20,1572260342184,open,0.13,22.7,0.074,0.18,0.12693454,87.41,0.124,0.0,BTC-26JUN20-16000-C,9437.89,84.64,0.1185,13.3,0.1365,13.3,90.51,29.95918,-5.41317,15.58477,5e-05,0.36772
9445.73,SYN.BTC-1NOV19,1572260342258,open,0.08,72.5,0.0455,0.106,0.07589147,94.34,0.0855,0.0,BTC-1NOV19-10000-P,9437.89,78.6,0.0705,9.8,0.074,0.8,88.91,3.35998,-40.89481,-0.78293,0.00038,-0.70469
9445.73,SYN.BTC-1NOV19,1572260342269,open,0.08,72.5,0.0455,0.106,0.07589147,94.34,0.0855,0.0,BTC-1NOV19-10000-P,9437.89,80.11,0.071,0.8,0.074,0.8,88.91,3.35998,-40.89481,-0.78293,0.00038,-0.70469
9767.08,SYN.BTC-26JUN20,1572260342302,open,0.13,22.7,0.074,0.18,0.12693454,87.41,0.124,0.0,BTC-26JUN20-16000-C,9437.89,84.64,0.1185,13.3,0.1375,13.3,90.83,29.95918,-5.41317,15.58477,5e-05,0.36772
9767.08,SYN.BTC-26JUN20,1572260342310,open,0.13,22.7,0.074,0.18,0.12693454,87.41,0.124,0.0,BTC-26JUN20-16000-C,9437.89,84.64,0.1185,13.3,0.1365,13.3,90.51,29.95918,-5.41317,15.58477,5e-05,0.36772
9560.58,BTC-27DEC19,1572260342336,open,0.04,666.2,0.013,0.063,0.03520772,91.72,0.0345,0.0,BTC-27DEC19-14000-C,9437.89,88.86,0.032,36.0,0.0375,9.7,93.73,10.84723,-8.30844,2.58772,8e-05,0.2002
9445.73,SYN.BTC-1NOV19,1572260342351,open,0.01,91.1,0.0005,0.027,0.0095922,87.63,0.0105,0.0,BTC-1NOV19-8750-P,9437.89,83.58,0.0085,12.0,0.01,0.8,89.08,2.60745,-29.47645,-0.19625,0.00031,-0.18607
9767.08,SYN.BTC-26JUN20,1572260342356,open,0.13,22.7,0.074,0.18,0.12693454,87.41,0.124,0.0,BTC-26JUN20-16000-C,9437.89,84.64,0.1185,13.3,0.137,13.3,90.67,29.95918,-5.41317,15.58477,5e-05,0.36772
9767.08,SYN.BTC-26JUN20,1572260342370,open,0.13,22.7,0.074,0.18,0.12693454,87.41,0.124,0.0,BTC-26JUN20-16000-C,9437.89,84.64,0.1185,13.3,0.1365,13.3,90.51,29.95918,-5.41317,15.58477,5e-05,0.36772
188.72,ETH-27MAR20,1572260342385,open,0.24,15.0,0.19,0.289,0.24362,88.86,0.237,0.0,ETH-27MAR20-180-C,184.61,84.9,0.234,262.0,0.25,262.0,91.58,0.45228,-0.13319,0.31222,0.00346,0.64373
9683.11,BTC-27MAR20,1572260342381,open,0.08,38.0,0.0445,0.112,0.0774,84.88,0.082,0.0,BTC-27MAR20-7000-P,9437.89,82.09,0.0725,17.1,0.081,22.1,86.92,17.04901,-4.79588,-10.81714,5e-05,-0.19285
186.8,ETH-27DEC19,1572260342391,open,0.0,11024.0,0.001,0.015,0.005033,120.0,0.005,0.0,ETH-27DEC19-520-C,184.62,116.1,0.004,660.0,0.007,360.0,126.2,0.05318,-0.05329,0.00802,0.00077,0.0312
186.8,ETH-27DEC19,1572260342391,open,3.1,0.0,2.949,3.195,3.069063,120.0,None,0.0,ETH-27DEC19-760-P,184.62,0.0,0.0,0.0,0.0,0.0,0.0,0.00915,-0.00917,-1.24564,0.00013,-0.99591
186.8,ETH-27DEC19,1572260342391,open,0.0,9302.0,0.001,0.013,0.003391,120.0,0.004,0.0,ETH-27DEC19-560-C,184.62,118.08,0.003,460.0,0.006,160.0,130.08,0.03956,-0.03965,0.00567,0.00058,0.0219
188.72,ETH-27MAR20,1572260342391,open,0.11,1598.0,0.064,0.158,0.1125,94.62,0.138,0.0,ETH-27MAR20-280-C,184.62,89.82,0.101,544.0,0.119,284.0,97.29,0.45618,-0.14304,0.19718,0.00328,0.36527
186.8,ETH-27DEC19,1572260342391,open,0.0,6174.0,0.001,0.011,0.000766,119.98,0.002,0.0,ETH-27DEC19-720-C,184.62,132.8,0.002,160.0,0.004,460.0,144.5,0.01219,-0.01221,0.0015,0.00018,0.00564
186.8,ETH-27DEC19,1572260342391,open,0.04,1529.0,0.014,0.066,0.038246,97.78,0.034,0.0,ETH-27DEC19-280-C,184.62,95.81,0.036,128.0,0.04,424.0,99.29,0.21494,-0.1755,0.05109,0.00384,0.20496
188.73,ETH-27MAR20,1572260342391,open,0.06,578.0,0.03,0.105,0.066165,97.6,0.039,0.0,ETH-27MAR20-360-C,184.62,93.92,0.059,260.0,0.069,555.0,99.02,0.37477,-0.12122,0.13341,0.00261,0.23717
188.73,ETH-27MAR20,1572260342391,open,0.03,886.0,0.008,0.056,0.028189,107.51,0.028,0.0,ETH-27MAR20-560-C,184.62,103.89,0.024,240.0,0.03,540.0,108.99,0.22778,-0.08116,0.06362,0.00144,0.10975
188.73,ETH-27MAR20,1572260342391,open,0.04,1161.0,0.013,0.069,0.037268,103.55,0.037,0.0,ETH-27MAR20-480-C,184.62,99.04,0.031,540.0,0.04,540.0,105.41,0.27333,-0.0938,0.08209,0.00179,0.1425
186.8,ETH-27DEC19,1572260342391,open,0.02,1086.0,0.004,0.035,0.01612,106.02,0.015,0.0,ETH-27DEC19-360-C,184.62,102.8,0.014,460.0,0.018,480.0,108.7,0.12745,-0.11284,0.02404,0.0021,0.09457
188.73,ETH-27MAR20,1572260342392,open,0.21,1331.0,0.153,0.256,0.208926,91.26,0.216,0.0,ETH-27MAR20-200-C,184.62,86.93,0.198,566.0,0.216,241.0,94.08,0.475,-0.14366,0.28724,0.00354,0.57712
186.8,ETH-27DEC19,1572260342392,open,0.29,19.0,0.255,0.324,0.291925,93.18,0.205,0.0,ETH-27DEC19-140-C,184.62,0.0,0.0,0.0,0.0,0.0,0.0,0.1917,-0.14917,0.16478,0.00359,0.82966
186.8,ETH-27DEC19,1572260342392,open,0.01,10187.0,0.002,0.028,0.011854,110.75,0.014,0.0,ETH-27DEC19-400-C,184.62,107.2,0.01,780.0,0.013,160.0,112.8,0.10198,-0.09432,0.01793,0.00161,0.07036
188.73,ETH-27MAR20,1572260342392,open,0.03,2444.0,0.01,0.061,0.031509,105.07,0.031,0.0,ETH-27MAR20-520-C,184.62,101.48,0.027,540.0,0.033,240.0,106.2,0.24627,-0.08575,0.07098,0.00159,0.12249
186.8,ETH-27DEC19,1572260342392,open,0.0,15074.0,0.001,0.011,0.001581,119.97,0.003,0.0,ETH-27DEC19-640-C,184.62,123.26,0.002,460.0,0.004,10.0,134.41,0.02187,-0.02191,0.00288,0.00032,0.01097
186.8,ETH-27DEC19,1572260342391,open,2.45,0.0,2.326,2.537,2.427708,120.0,None,0.0,ETH-27DEC19-640-P,184.62,0.0,0.0,0.0,0.0,0.0,0.0,0.0219,-0.02194,-1.04699,0.00032,-0.98901
186.8,ETH-27DEC19,1572260342393,open,0.01,9934.0,0.001,0.023,0.008771,114.38,0.01,0.0,ETH-27DEC19-440-C,184.62,110.04,0.007,780.0,0.01,160.0,117.08,0.08155,-0.07789,0.01351,0.00125,0.05286
188.73,ETH-27MAR20,1572260342392,open,0.04,966.0,0.016,0.077,0.043814,101.38,0.039,0.0,ETH-27MAR20-440-C,184.62,96.97,0.037,560.0,0.047,560.0,103.35,0.30163,-0.10134,0.09482,0.00202,0.16536
188.73,ETH-27MAR20,1572260342393,open,2.44,0.0,2.3,2.54,2.414458,112.03,None,0.0,ETH-27MAR20-640-P,184.62,0.0,0.0,0.0,0.0,0.0,0.0,0.19851,-0.0737,-2.59281,0.0012,-0.90909
186.8,ETH-27DEC19,1572260342393,open,2.02,0.0,1.911,2.101,2.001249,120.0,0.845,0.0,ETH-27DEC19-560-P,184.62,0.0,0.0,0.0,0.0,0.0,0.0,0.03956,-0.03965,-0.91297,0.00058,-0.9781
186.8,ETH-27DEC19,1572260342393,open,0.0,12670.0,0.001,0.011,0.001096,119.98,0.004,0.0,ETH-27DEC19-680-C,184.62,128.19,0.002,160.0,0.005,460.0,143.88,0.0163,-0.01633,0.00207,0.00024,0.00785
188.73,ETH-27MAR20,1572260342393,open,0.1,1.0,0.058,0.135,0.096612,91.37,0.092,0.0,ETH-27MAR20-140-P,184.62,88.34,0.091,320.0,0.1,276.0,93.19,0.35091,-0.10625,-0.24016,0.00261,-0.21123
186.8,ETH-27DEC19,1572260342393,open,1.17,16.0,1.083,1.231,1.153851,111.96,1.195,0.0,ETH-27DEC19-400-P,184.62,0.0,0.001,8.0,0.0,0.0,0.0,0.10513,-0.09829,-0.63758,0.00164,-0.9268
188.73,ETH-27MAR20,1572260342393,open,0.17,0.0,0.12,0.223,0.175264,91.26,None,0.0,ETH-27MAR20-220-C,184.62,87.26,0.165,271.0,0.179,271.0,92.72,0.48383,-0.14633,0.26332,0.0036,0.5128
188.73,ETH-27MAR20,1572260342393,open,0.04,30.0,0.015,0.055,0.033672,95.36,0.052,0.0,ETH-27MAR20-100-P,184.62,92.76,0.031,320.0,0.036,300.0,97.57,0.19658,-0.06212,-0.09626,0.0014,-0.08971
186.8,ETH-27DEC19,1572260342393,open,0.01,5623.0,0.001,0.019,0.006838,118.09,0.005,0.0,ETH-27DEC19-480-C,184.62,112.47,0.005,665.0,0.008,360.0,121.17,0.06712,-0.06619,0.01061,0.00099,0.04146
186.8,ETH-27DEC19,1572260342393,open,2.67,0.0,2.536,2.758,2.642522,130.07,None,0.0,ETH-27DEC19-680-P,184.62,0.0,0.002,10.0,0.0,0.0,0.0,0.02749,-0.02986,-1.11181,0.00037,-0.98571
185.01,SYN.ETH-8NOV19,1572260342391,open,0.14,0.0,0.115,0.178,0.14818,88.6,None,0.0,ETH-8NOV19-160-C,184.62,0.0,0.126,1.0,0.168,1.0,130.71,0.07526,-0.30657,0.03855,0.00833,0.84756
188.73,ETH-27MAR20,1572260342393,open,0.35,0.0,0.308,0.394,0.354772,91.35,None,0.0,ETH-27MAR20-140-C,184.62,72.73,0.321,7.0,0.375,7.0,102.14,0.35089,-0.10622,0.33859,0.00261,0.78878
186.81,ETH-27DEC19,1572260342393,open,1.59,21.0,1.497,1.665,1.577246,120.63,0.629,0.0,ETH-27DEC19-480-P,184.62,0.0,0.001,7.0,0.0,0.0,0.0,0.07271,-0.07325,-0.77576,0.00105,-0.95422
188.73,ETH-27MAR20,1572260342393,open,0.5,0.0,0.473,0.531,0.503787,95.33,None,0.0,ETH-27MAR20-100-C,184.62,67.45,0.48,7.0,0.519,7.0,109.07,0.19652,-0.06209,0.31715,0.0014,0.91032
186.81,ETH-27DEC19,1572260342393,open,0.47,0.0,0.452,0.497,0.474742,106.08,None,0.0,ETH-27DEC19-100-C,184.62,0.0,0.0,0.0,0.0,0.0,0.0,0.07494,-0.06639,0.1464,0.00123,0.95247
188.73,ETH-27MAR20,1572260342394,open,0.06,1180.0,0.031,0.09,0.059922,92.83,0.065,0.0,ETH-27MAR20-120-P,184.62,89.44,0.055,320.0,0.064,289.0,95.59,0.27685,-0.08517,-0.16004,0.00203,-0.14522
188.73,ETH-27MAR20,1572260342394,open,0.02,357.0,0.006,0.049,0.02319,111.86,0.022,0.0,ETH-27MAR20-640-C,184.62,108.69,0.02,243.0,0.024,17.0,112.63,0.19768,-0.07328,0.05243,0.0012,0.09039
188.73,ETH-27MAR20,1572260342394,open,1.81,0.0,1.689,1.895,1.787761,105.82,None,0.0,ETH-27MAR20-520-P,184.62,0.0,0.005,10.0,0.0,0.0,0.0,0.25004,-0.08769,-2.07716,0.0016,-0.87482
188.73,ETH-27MAR20,1572260342394,open,0.02,828.0,0.006,0.032,0.017164,100.16,0.02,0.0,ETH-27MAR20-80-P,184.62,95.09,0.014,320.0,0.02,620.0,104.36,0.12311,-0.04086,-0.0516,0.00083,-0.04898
186.81,ETH-27DEC19,1572260342394,open,0.37,2.0,0.349,0.406,0.378452,97.86,0.346,0.0,ETH-27DEC19-120-C,184.62,0.0,0.101,1.0,0.0,0.0,0.0,0.12716,-0.10391,0.16158,0.00227,0.90573
186.81,ETH-27DEC19,1572260342394,open,2.24,0.0,2.12,2.319,2.215326,126.55,0.953,0.0,ETH-27DEC19-600-P,184.62,0.0,0.0,0.0,0.0,0.0,0.0,0.03922,-0.04144,-0.97869,0.00054,-0.97832
184.75,SYN.ETH-1NOV19,1572260342391,open,0.35,0.0,0.331,0.369,0.350275,0.0,None,0.0,ETH-1NOV19-120-C,184.62,0.0,0.0,0.0,0.0,0.0,0.0,0.0,0.0,0.01274,0.0,1.0
186.81,ETH-27DEC19,1572260342394,open,2.88,0.0,2.741,2.976,2.855157,122.88,None,0.0,ETH-27DEC19-720-P,184.62,0.0,0.003,5.0,0.0,0.0,0.0,0.01457,-0.01495,-1.17929,0.00021,-0.99309
188.73,ETH-27MAR20,1572260342394,open,0.35,0.0,0.272,0.404,0.341012,91.29,None,0.0,ETH-27MAR20-220-P,184.62,76.85,0.304,4.0,0.36,300.0,98.7,0.48383,-0.14637,-0.64607,0.0036,-0.48714
184.75,SYN.ETH-1NOV19,1572260342392,open,0.0,196.0,0.001,0.019,0.004555,118.43,0.003,0.0,ETH-1NOV19-220-C,184.62,107.76,0.003,200.0,0.006,500.0,126.82,0.02972,-0.45412,0.00159,0.00692,0.08537
186.81,ETH-27DEC19,1572260342395,open,0.01,3965.0,0.001,0.022,0.010246,106.58,0.008,0.0,ETH-27DEC19-100-P,184.62,103.41,0.009,160.0,0.012,460.0,110.75,0.07567,-0.06734,-0.01788,0.00124,-0.04811
186.81,ETH-27DEC19,1572260342394,open,0.0,4534.0,0.001,0.011,0.000541,120.0,0.002,0.0,ETH-27DEC19-760-C,184.62,127.32,0.001,160.0,0.003,672.0,143.8,0.00915,-0.00917,0.00109,0.00013,0.00409
184.75,SYN.ETH-1NOV19,1572260342392,open,0.25,0.0,0.21,0.289,0.247416,123.9,None,0.0,ETH-1NOV19-230-P,184.62,0.0,0.0,0.0,0.0,0.0,0.0,0.01941,-0.3102,-0.0235,0.00432,-0.95073
185.01,SYN.ETH-8NOV19,1572260342393,open,0.37,0.0,0.314,0.405,0.357534,114.01,None,0.0,ETH-8NOV19-250-P,184.62,0.0,0.0,0.0,0.0,0.0,0.0,0.04573,-0.2397,-0.07064,0.00393,-0.92385
190.37,SYN.ETH-26JUN20,1572260342392,open,0.01,182.0,0.003,0.023,0.012537,95.51,0.018,0.0,ETH-26JUN20-60-P,184.62,81.71,0.006,300.0,0.016,1.0,101.33,0.10685,-0.0211,-0.05427,0.00047,-0.03048
188.73,ETH-27MAR20,1572260342396,open,0.03,5496.0,0.008,0.056,0.027871,111.86,0.022,0.0,ETH-27MAR20-600-C,184.62,108.44,0.024,240.0,0.03,300.0,113.64,0.22201,-0.0823,0.06088,0.00135,0.1059
185.01,SYN.ETH-8NOV19,1572260342393,open,0.21,0.0,0.161,0.246,0.203005,96.22,None,0.0,ETH-8NOV19-220-P,184.62,0.0,0.0,0.0,0.0,0.0,0.0,0.08037,-0.35556,-0.05702,0.00819,-0.83144
184.75,SYN.ETH-1NOV19,1572260342391,open,0.0,293.0,0.001,0.011,6.9e-05,120.1,0.002,0.0,ETH-1NOV19-130-P,184.62,0.0,0.0,0.0,0.002,303.0,184.42,0.00113,-0.01273,-4e-05,0.00026,-0.00185
184.75,SYN.ETH-1NOV19,1572260342393,open,0.0,94.0,0.001,0.012,0.002098,119.86,0.003,0.0,ETH-1NOV19-230-C,184.62,118.81,0.002,200.0,0.005,500.0,143.28,0.01754,-0.27128,0.00081,0.00404,0.04345
185.01,SYN.ETH-8NOV19,1572260342391,open,0.3,0.0,0.276,0.322,0.299269,109.9,None,0.0,ETH-8NOV19-130-C,184.62,0.0,0.0,0.0,0.0,0.0,0.0,0.01885,-0.09523,0.03723,0.00168,0.97471
185.78,SYN.ETH-29NOV19,1572260342393,open,0.64,0.0,0.573,0.686,0.627454,109.78,None,0.0,ETH-29NOV19-300-P,184.62,0.0,0.0,0.0,0.0,0.0,0.0,0.09226,-0.15887,-0.24874,0.00279,-0.90574
185.78,SYN.ETH-29NOV19,1572260342394,open,0.53,0.0,0.47,0.579,0.523237,104.39,None,0.0,ETH-29NOV19-280-P,184.62,0.0,0.0,0.0,0.0,0.0,0.0,0.10974,-0.17971,-0.22768,0.00349,-0.88012
190.37,SYN.ETH-26JUN20,1572260342391,open,2.23,0.0,2.085,2.334,2.205503,102.41,None,0.0,ETH-26JUN20-600-P,184.62,0.0,0.0,0.0,0.0,0.0,0.0,0.38988,-0.08254,-3.83125,0.00159,-0.83153
190.37,SYN.ETH-26JUN20,1572260342391,open,1.02,0.0,0.91,1.101,1.006348,94.33,None,0.0,ETH-26JUN20-360-P,184.62,0.0,0.0,0.0,1.025,1.0,100.57,0.55976,-0.10916,-2.11739,0.00247,-0.67211
185.01,SYN.ETH-8NOV19,1572260342391,open,0.26,0.0,0.211,0.298,0.253502,102.34,None,0.0,ETH-8NOV19-230-P,184.62,0.0,0.0,0.0,0.0,0.0,0.0,0.06623,-0.31159,-0.06214,0.00635,-0.87367
190.37,SYN.ETH-26JUN20,1572260342392,open,0.06,11.0,0.026,0.104,0.062767,98.38,0.048,0.0,ETH-26JUN20-520-C,184.62,96.23,0.058,449.0,0.067,1.0,100.23,0.4292,-0.08728,0.16865,0.00182,0.19646
184.75,SYN.ETH-1NOV19,1572260342393,open,0.29,0.0,0.275,0.317,0.296193,0.0,None,0.0,ETH-1NOV19-130-C,184.62,0.0,0.0,0.0,0.0,0.0,0.0,0.0,0.0,0.0138,0.0,1.0
190.37,SYN.ETH-26JUN20,1572260342391,open,0.53,0.0,0.496,0.564,0.532107,92.77,None,0.0,ETH-26JUN20-100-C,184.62,0.0,0.0,0.0,0.0,0.0,0.0,0.29012,-0.05564,0.45233,0.0013,0.89067
185.01,SYN.ETH-8NOV19,1572260342393,open,0.0,1704.0,0.001,0.011,0.000981,117.92,0.001,0.0,ETH-8NOV19-120-P,184.62,0.0,0.0,0.0,0.002,200.0,131.79,0.01064,-0.05766,-0.00077,0.00088,-0.01292
9560.58,BTC-27DEC19,1572260342387,open,0.04,666.2,0.013,0.063,0.03520772,91.72,0.0345,0.0,BTC-27DEC19-14000-C,9437.89,88.86,0.032,36.0,0.0375,29.0,93.73,10.84723,-8.30844,2.58772,8e-05,0.2002
190.37,SYN.ETH-26JUN20,1572260342392,open,0.14,236.0,0.081,0.189,0.137469,92.84,0.126,0.0,ETH-26JUN20-320-C,184.62,90.75,0.131,284.0,0.145,284.0,95.27,0.58936,-0.11311,0.30413,0.00264,0.37855
185.01,SYN.ETH-8NOV19,1572260342391,open,0.35,0.0,0.332,0.373,0.352149,113.97,None,0.0,ETH-8NOV19-120-C,184.62,0.0,0.0,0.0,0.0,0.0,0.0,0.00907,-0.04752,0.03512,0.00078,0.98924
185.78,SYN.ETH-29NOV19,1572260342392,open,0.26,1.0,0.232,0.29,0.262525,88.61,0.289,0.0,ETH-29NOV19-140-C,184.62,0.0,0.242,5.0,0.282,5.0,118.34,0.10516,-0.14616,0.10133,0.00394,0.88712
185.78,SYN.ETH-29NOV19,1572260342391,open,0.01,778.0,0.001,0.016,0.006655,98.08,0.009,0.0,ETH-29NOV19-120-P,184.62,88.08,0.004,460.0,0.007,500.0,99.21,0.05589,-0.08599,-0.00906,0.00189,-0.04919
190.37,SYN.ETH-26JUN20,1572260342393,open,0.05,32.0,0.018,0.087,0.048494,103.36,0.049,0.0,ETH-26JUN20-640-C,184.62,99.88,0.042,152.0,0.053,300.0,105.65,0.36736,-0.07849,0.13283,0.00148,0.15379
185.01,SYN.ETH-8NOV19,1572260342392,open,0.24,0.0,0.221,0.272,0.246816,101.1,None,0.0,ETH-8NOV19-140-C,184.62,0.0,0.0,0.0,0.0,0.0,0.0,0.03083,-0.1433,0.03898,0.00299,0.95396
190.37,SYN.ETH-26JUN20,1572260342391,open,0.46,0.0,0.417,0.499,0.461699,91.0,None,0.0,ETH-26JUN20-120-C,184.62,76.13,0.433,150.0,0.496,150.0,108.01,0.37748,-0.07101,0.47688,0.00173,0.83973
184.75,SYN.ETH-1NOV19,1572260342393,open,0.2,0.0,0.157,0.237,0.195729,120.79,None,0.0,ETH-1NOV19-220-P,184.62,0.0,0.0,0.0,0.0,0.0,0.0,0.03092,-0.48181,-0.02169,0.00706,-0.90999
184.75,SYN.ETH-1NOV19,1572260342393,open,0.24,40.0,0.219,0.265,0.242418,107.56,0.127,0.0,ETH-1NOV19-140-C,184.62,0.0,0.0,0.0,0.0,0.0,0.0,0.00288,-0.04,0.01476,0.00074,0.99473
185.01,SYN.ETH-8NOV19,1572260342392,open,0.19,0.0,0.167,0.223,0.195887,93.72,None,0.0,ETH-8NOV19-150-C,184.62,0.0,0.0,0.0,0.0,0.0,0.0,0.04933,-0.21255,0.03969,0.00516,0.91583
184.75,SYN.ETH-1NOV19,1572260342391,open,0.0,0.0,0.001,0.011,6e-06,120.09,None,0.0,ETH-1NOV19-120-P,184.62,0.0,0.0,0.0,0.002,300.0,220.16,0.00014,-0.00113,0.0,3e-05,-0.00019
190.37,SYN.ETH-26JUN20,1572260342393,open,0.61,0.0,0.585,0.636,0.611582,95.39,None,0.0,ETH-26JUN20-80-C,184.62,0.0,0.0,0.0,0.0,0.0,0.0,0.19931,-0.0393,0.40648,0.00087,0.9338
185.78,SYN.ETH-29NOV19,1572260342392,open,0.33,0.0,0.272,0.373,0.322483,94.38,None,0.0,ETH-29NOV19-240-P,184.62,0.0,0.0,0.0,0.0,0.0,0.0,0.16173,-0.23942,-0.17918,0.00569,-0.78194
184.75,SYN.ETH-1NOV19,1572260342393,open,0.18,162.0,0.163,0.214,0.188669,96.1,0.221,0.0,ETH-1NOV19-150-C,184.62,0.0,0.0,0.0,0.0,0.0,0.0,0.00747,-0.09258,0.01561,0.00214,0.98437
190.37,SYN.ETH-26JUN20,1572260342393,open,0.34,5.0,0.291,0.395,0.348223,89.4,0.275,0.0,ETH-26JUN20-160-C,184.62,81.95,0.328,150.0,0.357,263.0,92.64,0.51556,-0.09528,0.47737,0.0024,0.72663
190.37,SYN.ETH-26JUN20,1572260342394,open,2.02,0.0,1.885,2.123,2.000858,101.08,None,0.0,ETH-26JUN20-560-P,184.62,83.87,1.969,1.0,2.061,1.0,125.08,0.41242,-0.08618,-3.55335,0.0017,-0.81589
190.37,SYN.ETH-26JUN20,1572260342393,open,0.47,0.0,0.389,0.543,0.468974,90.07,None,0.0,ETH-26JUN20-240-P,184.62,0.0,0.0,0.0,0.486,1.0,95.33,0.61744,-0.11496,-1.1969,0.00285,-0.47981
184.75,SYN.ETH-1NOV19,1572260342391,open,0.0,1431.0,0.001,0.011,0.000438,119.07,0.001,0.0,ETH-1NOV19-140-P,184.62,0.0,0.0,0.0,0.001,200.0,134.1,0.00512,-0.07872,-0.00021,0.00119,-0.01012
190.37,SYN.ETH-26JUN20,1572260342392,open,0.06,5.0,0.03,0.086,0.057576,92.88,0.061,0.0,ETH-26JUN20-100-P,184.62,89.85,0.053,150.0,0.061,294.0,95.11,0.29032,-0.05574,-0.21069,0.0013,-0.10944
188.73,ETH-27MAR20,1572260342402,open,0.24,15.0,0.19,0.289,0.24362,88.9,0.237,0.0,ETH-27MAR20-180-C,184.62,84.89,0.234,262.0,0.25,562.0,91.57,0.45228,-0.13325,0.3122,0.00346,0.64381
185.01,SYN.ETH-8NOV19,1572260342393,open,0.31,0.0,0.262,0.351,0.30505,107.92,None,0.0,ETH-8NOV19-240-P,184.62,0.0,0.0,0.0,0.0,0.0,0.0,0.05445,-0.27017,-0.06664,0.00495,-0.90386
185.78,SYN.ETH-29NOV19,1572260342391,open,0.02,2233.0,0.005,0.033,0.016365,89.03,0.017,0.0,ETH-29NOV19-140-P,184.62,84.76,0.014,452.0,0.017,160.0,90.14,0.10574,-0.14768,-0.02111,0.00394,-0.11376
185.78,SYN.ETH-29NOV19,1572260342392,open,0.43,0.0,0.369,0.474,0.420997,99.1,None,0.0,ETH-29NOV19-260-P,184.62,0.0,0.0,0.0,0.0,0.0,0.0,0.13267,-0.20624,-0.20485,0.00444,-0.84166
184.75,SYN.ETH-1NOV19,1572260342394,open,0.0,719.0,0.001,0.011,0.000833,101.84,0.001,0.0,ETH-1NOV19-150-P,184.62,0.0,0.0,0.0,0.002,204.0,118.76,0.00952,-0.12505,-0.00042,0.00258,-0.02077
190.37,SYN.ETH-26JUN20,1572260342392,open,0.7,0.0,0.681,0.714,0.697256,95.33,None,0.0,ETH-26JUN20-60-C,184.62,0.0,0.0,0.0,0.0,0.0,0.0,0.10644,-0.02098,0.34364,0.00046,0.96966
185.78,SYN.ETH-29NOV19,1572260342391,open,0.01,265.0,0.001,0.024,0.009919,114.2,0.009,0.0,ETH-29NOV19-320-C,184.62,109.32,0.008,160.0,0.011,460.0,116.72,0.07738,-0.13861,0.01049,0.00225,0.07458
185.01,SYN.ETH-8NOV19,1572260342394,open,0.01,47.0,0.001,0.022,0.007387,106.47,0.006,0.0,ETH-8NOV19-240-C,184.62,101.39,0.006,200.0,0.009,200.0,111.83,0.05302,-0.25954,0.0047,0.00488,0.09273
185.01,SYN.ETH-8NOV19,1572260342394,open,0.0,1285.0,0.001,0.012,0.00217,112.06,0.006,0.0,ETH-8NOV19-130-P,184.62,98.74,0.001,230.0,0.003,500.0,118.98,0.02013,-0.10373,-0.00163,0.00176,-0.02737
185.01,SYN.ETH-8NOV19,1572260342394,open,0.16,120.0,0.114,0.197,0.155325,91.74,0.104,0.0,ETH-8NOV19-210-P,184.62,0.0,0.0,0.0,0.0,0.0,0.0,0.09824,-0.41436,-0.05071,0.0105,-0.76454
185.01,SYN.ETH-8NOV19,1572260342394,open,0.01,120.0,0.001,0.019,0.005801,112.2,0.004,0.0,ETH-8NOV19-250-C,184.62,108.7,0.005,200.0,0.007,200.0,116.99,0.04404,-0.22714,0.00368,0.00385,0.07247
190.37,SYN.ETH-26JUN20,1572260342395,open,2.44,0.0,2.286,2.545,2.411494,103.91,None,0.0,ETH-26JUN20-640-P,184.62,0.0,0.0,0.0,0.0,0.0,0.0,0.37106,-0.07971,-4.10665,0.00149,-0.84386
185.01,SYN.ETH-8NOV19,1572260342392,open,0.01,33.0,0.001,0.026,0.009908,101.2,0.007,0.0,ETH-8NOV19-230-C,184.62,95.53,0.008,215.0,0.011,200.0,104.24,0.06511,-0.30292,0.00625,0.00631,0.12328
185.01,SYN.ETH-8NOV19,1572260342391,open,0.01,19.0,0.002,0.032,0.01348,95.33,0.013,0.0,ETH-8NOV19-220-C,184.62,91.82,0.012,160.0,0.015,160.0,98.8,0.07956,-0.3487,0.0084,0.00818,0.16592
185.01,SYN.ETH-8NOV19,1572260342392,open,0.02,166.0,0.004,0.042,0.019869,91.04,0.021,0.0,ETH-8NOV19-210-C,184.62,87.46,0.018,160.0,0.022,160.0,95.02,0.09777,-0.40922,0.01177,0.01053,0.2334
185.78,SYN.ETH-29NOV19,1572260342396,open,0.02,287.0,0.004,0.034,0.015557,103.56,0.011,0.0,ETH-29NOV19-280-C,184.62,100.82,0.014,160.0,0.017,460.0,105.99,0.10821,-0.17579,0.01654,0.00347,0.11752
185.78,SYN.ETH-29NOV19,1572260342393,open,0.24,0.0,0.182,0.277,0.230319,90.27,None,0.0,ETH-29NOV19-220-P,184.62,0.0,0.0,0.0,0.0,0.0,0.0,0.19324,-0.2736,-0.14958,0.0071,-0.69164
184.75,SYN.ETH-1NOV19,1572260342394,open,0.15,0.0,0.106,0.183,0.143539,105.9,None,0.0,ETH-1NOV19-210-P,184.62,0.0,0.0,0.0,0.0,0.0,0.0,0.0406,-0.55464,-0.01985,0.01058,-0.86849
184.75,SYN.ETH-1NOV19,1572260342392,open,0.0,478.0,0.001,0.014,0.003012,96.16,0.004,0.0,ETH-1NOV19-160-P,184.62,87.77,0.002,212.0,0.004,200.0,103.06,0.02461,-0.30535,-0.00137,0.00706,-0.06666
190.37,SYN.ETH-26JUN20,1572260342395,open,0.06,11.0,0.023,0.099,0.058233,100.65,0.056,0.0,ETH-26JUN20-560-C,184.62,97.68,0.052,450.0,0.063,300.0,102.83,0.40967,-0.08524,0.15632,0.00169,0.18215
185.01,SYN.ETH-8NOV19,1572260342394,open,0.02,134.0,0.002,0.031,0.013289,89.29,0.013,0.0,ETH-8NOV19-160-P,184.62,86.09,0.012,160.0,0.015,437.0,93.38,0.07578,-0.31108,-0.00922,0.00832,-0.15403
185.01,SYN.ETH-8NOV19,1572260342392,open,0.0,401.0,0.001,0.013,0.003787,102.55,0.004,0.0,ETH-8NOV19-140-P,184.62,97.71,0.003,200.0,0.005,501.0,109.07,0.03195,-0.15063,-0.00286,0.00305,-0.04813
185.78,SYN.ETH-29NOV19,1572260342395,open,0.0,2535.0,0.001,0.012,0.002904,112.29,0.002,0.0,ETH-29NOV19-100-P,184.62,95.25,0.001,171.0,0.003,160.0,112.93,0.02777,-0.04891,-0.00389,0.00082,-0.02106
190.37,SYN.ETH-26JUN20,1572260342394,open,0.03,0.0,0.015,0.052,0.031957,95.52,None,0.0,ETH-26JUN20-80-P,184.62,90.65,0.027,450.0,0.037,451.0,100.21,0.1996,-0.03941,-0.12399,0.00087,-0.06633
190.37,SYN.ETH-26JUN20,1572260342394,open,0.05,26.0,0.02,0.092,0.05269,101.92,0.042,0.0,ETH-26JUN20-600-C,184.62,99.04,0.047,150.0,0.057,300.0,104.0,0.38665,-0.08146,0.14333,0.00158,0.16631
9560.58,BTC-27DEC19,1572260342404,open,0.04,666.2,0.013,0.063,0.03520772,91.72,0.0345,0.0,BTC-27DEC19-14000-C,9437.89,88.86,0.032,36.0,0.037,9.7,93.3,10.84723,-8.30844,2.58772,8e-05,0.2002
190.37,SYN.ETH-26JUN20,1572260342411,open,0.47,0.0,0.389,0.543,0.468974,90.07,None,0.0,ETH-26JUN20-240-P,184.62,0.0,0.0,0.0,0.485,1.0,95.02,0.61744,-0.11496,-1.1969,0.00285,-0.47981
190.37,SYN.ETH-26JUN20,1572260342424,open,0.65,0.0,0.551,0.72,0.638711,91.57,None,0.0,ETH-26JUN20-280-P,184.62,0.0,0.0,0.0,0.65,1.0,95.07,0.61177,-0.1158,-1.50916,0.00278,-0.55761
190.37,SYN.ETH-26JUN20,1572260342435,open,0.83,0.0,0.726,0.908,0.818969,93.02,None,0.0,ETH-26JUN20-320-P,184.62,0.0,0.0,0.0,0.841,1.0,100.05,0.58972,-0.11339,-1.81615,0.00264,-0.62069
9682.78,BTC-27MAR20,1572260342451,open,0.1,316.0,0.0575,0.1475,0.10220351,87.62,0.115,0.0,BTC-27MAR20-14000-C,9437.89,86.28,0.099,21.2,0.1075,13.2,89.83,23.16773,-6.72707,10.10345,7e-05,0.35462
9560.9,BTC-27DEC19,1572260342514,open,0.74,0.0,0.729,0.7485,0.73872923,120.0,None,0.0,BTC-27DEC19-2500-C,9439.91,0.0,0.7305,6.0,0.7465,6.0,200.28,0.17012,-0.17047,4.0768,0.0,0.99866
9683.11,BTC-27MAR20,1572260342514,open,0.02,78.4,0.0085,0.04,0.0219186,85.98,0.023,0.0,BTC-27MAR20-5000-P,9439.91,83.73,0.02,15.0,0.025,10.0,89.44,8.40573,-2.39522,-3.69955,3e-05,-0.07051
9560.9,BTC-27DEC19,1572260342514,open,0.0,1544.5,0.0005,0.0105,6.865e-05,120.0,0.001,0.0,BTC-27DEC19-52000-C,9439.91,0.0,0.0,0.0,0.0015,26.2,155.0,0.08076,-0.08092,0.00825,0.0,0.00059
9560.9,BTC-27DEC19,1572260342514,open,0.0,446.0,0.0005,0.0105,0.00023402,120.0,0.0005,0.0,BTC-27DEC19-44000-C,9439.91,0.0,0.0,0.0,0.0015,30.4,142.34,0.23194,-0.23241,0.02579,0.0,0.00188
9560.9,BTC-27DEC19,1572260342514,open,0.79,0.0,0.781,0.8005,0.79084288,117.46,None,0.0,BTC-27DEC19-2000-C,9439.91,0.0,0.7825,6.0,0.7985,6.0,230.82,0.0308,-0.03021,3.27711,0.0,0.99979
9560.9,BTC-27DEC19,1572260342514,open,0.64,4.3,0.625,0.6445,0.63488833,108.07,0.5625,0.0,BTC-27DEC19-3500-C,9439.91,0.0,0.626,5.0,0.642,5.0,153.34,0.65422,-0.59041,5.63298,0.0,0.99404
9560.9,BTC-27DEC19,1572260342515,open,0.0,255.7,0.0005,0.0105,3.05e-06,120.0,0.001,0.0,BTC-27DEC19-1500-P,9439.91,0.0,0.0,0.0,0.0005,96.0,180.73,0.00417,-0.00418,-0.00044,0.0,-3e-05
9683.11,BTC-27MAR20,1572260342515,open,0.04,230.5,0.0125,0.07,0.03677684,94.88,0.0405,0.0,BTC-27MAR20-22000-C,9439.91,93.34,0.0345,23.0,0.04,15.0,97.0,14.45765,-4.54604,4.49609,4e-05,0.14911
9683.11,BTC-27MAR20,1572260342515,open,0.02,58.4,0.004,0.041,0.01725929,104.12,0.017,0.0,BTC-27MAR20-32000-C,9439.91,102.1,0.0155,20.0,0.0185,0.3,105.48,8.66878,-2.99123,2.24714,2e-05,0.0734
9560.9,BTC-27DEC19,1572260342514,open,0.59,211.2,0.5495,0.646,0.59597932,93.72,0.9295,0.0,BTC-27DEC19-15000-P,9439.91,0.0,0.0,0.0,0.0,0.0,0.0,9.40059,-7.35677,-22.53057,7e-05,-0.84055
9560.9,BTC-27DEC19,1572260342514,open,0.01,913.6,0.0005,0.026,0.00989122,104.51,0.009,0.0,BTC-27DEC19-20000-C,9439.91,101.61,0.0085,6.1,0.0105,6.0,105.71,4.77831,-4.17019,0.82932,3e-05,0.06277
9560.9,BTC-27DEC19,1572260342515,open,0.0,555.7,0.0005,0.0105,0.00044956,120.0,0.0015,0.0,BTC-27DEC19-40000-C,9439.91,0.0,0.0,0.0,0.0015,1.5,135.0,0.40165,-0.40247,0.04704,0.0,0.00345
9685.13,BTC-27MAR20,1572260342515,open,1.3,6.0,1.2425,1.382,1.3088516,95.23,1.5845,0.0,BTC-27MAR20-22000-P,9439.91,0.0,0.0,0.0,0.0,0.0,0.0,14.55772,-4.5945,-86.40365,4e-05,-0.84939
9685.13,BTC-27MAR20,1572260342515,open,2.72,0.0,2.6485,2.827,2.73215964,108.83,None,0.0,BTC-27MAR20-36000-P,9439.91,0.0,0.0,0.0,0.0,0.0,0.0,7.74756,-2.79429,-146.87452,2e-05,-0.93656
9560.9,BTC-27DEC19,1572260342515,open,0.89,9.4,0.85,0.9495,0.89684837,100.43,1.1125,0.0,BTC-27DEC19-18000-P,9439.91,0.0,0.0,0.0,0.0,0.0,0.0,6.19314,-5.19376,-28.36724,4e-05,-0.91183
9560.9,BTC-27DEC19,1572260342515,open,0.58,30.9,0.5735,0.5945,0.58347564,103.66,0.5735,0.0,BTC-27DEC19-4000-C,9439.91,0.0,0.574,5.0,0.591,5.0,139.27,1.13414,-0.98172,6.35799,1e-05,0.98886
9685.13,BTC-27MAR20,1572260342516,open,1.91,0.0,1.842,1.996,1.91426286,101.47,None,0.0,BTC-27MAR20-28000-P,9439.91,0.0,0.0,0.0,0.0,0.0,0.0,10.65539,-3.58306,-112.80269,3e-05,-0.90339
9685.13,BTC-27MAR20,1572260342516,open,2.11,0.0,2.0435,2.203,2.11815359,103.53,None,0.0,BTC-27MAR20-30000-P,9439.91,0.0,0.0,0.0,0.0,0.0,0.0,9.77477,-3.3536,-121.39005,2e-05,-0.914
9685.13,BTC-27MAR20,1572260342515,open,0.6,1.3,0.582,0.6125,0.59626882,88.68,0.493,0.0,BTC-27MAR20-4000-C,9439.91,0.0,0.5825,4.0,0.6065,4.0,106.37,4.6046,-1.35328,14.83481,1e-05,0.96682
9560.9,BTC-27DEC19,1572260342515,open,0.0,493.5,0.0005,0.0105,0.00097491,108.25,0.0015,0.0,BTC-27DEC19-3500-P,9439.91,99.73,0.0005,10.0,0.0015,1.0,114.79,0.65987,-0.59649,-0.10963,0.0,-0.00601
9562.92,BTC-27DEC19,1572260342516,open,3.18,0.0,3.102,3.272,3.18429615,134.72,2.58,0.0,BTC-27DEC19-40000-P,9439.91,0.0,0.001,1.0,0.0,0.0,0.0,0.97741,-1.09959,-65.49295,0.0,-0.99061
9685.13,BTC-27MAR20,1572260342516,open,0.06,263.4,0.025,0.097,0.05785009,91.1,0.055,0.0,BTC-27MAR20-18000-C,9439.91,89.86,0.0555,22.4,0.064,14.4,94.26,18.5347,-5.59561,6.573,5e-05,0.22203
9562.92,BTC-27DEC19,1572260342516,open,0.0,808.1,0.0005,0.0115,0.0018603,103.8,0.0025,0.0,BTC-27DEC19-4000-P,9439.91,95.09,0.001,34.3,0.0025,11.0,108.67,1.13965,-0.98784,-0.20493,1e-05,-0.0112
9562.92,BTC-27DEC19,1572260342516,open,0.01,1179.8,0.0005,0.015,0.00523358,95.12,0.006,0.0,BTC-27DEC19-5000-P,9439.91,94.27,0.005,30.0,0.0055,2.5,96.06,2.66011,-2.11293,-0.55805,2e-05,-0.03034
9562.92,BTC-27DEC19,1572260342516,open,2.76,1.3,2.692,2.8465,2.76635144,129.43,2.2,0.0,BTC-27DEC19-36000-P,9439.91,0.0,0.0,0.0,0.0,0.0,0.0,1.18376,-1.2794,-58.90029,1e-05,-0.9883
9685.13,BTC-27MAR20,1572260342516,open,0.01,105.9,0.003,0.036,0.01421914,107.68,0.016,0.0,BTC-27MAR20-36000-C,9439.91,105.37,0.0125,20.0,0.016,1.5,109.91,7.47016,-2.66582,1.85457,2e-05,0.06054
9685.13,BTC-27MAR20,1572260342516,open,0.02,116.2,0.005,0.0455,0.01986983,102.77,0.025,0.0,BTC-27MAR20-30000-C,9439.91,100.29,0.0175,20.0,0.022,15.3,104.87,9.57737,-3.26199,2.55505,2e-05,0.08369
9685.13,BTC-27MAR20,1572260342517,open,0.05,396.5,0.0175,0.081,0.04541693,92.91,0.0575,0.0,BTC-27MAR20-20000-C,9439.91,91.47,0.043,22.7,0.0505,14.7,95.86,16.3419,-5.03197,5.38979,5e-05,0.18005
9562.92,BTC-27DEC19,1572260342517,open,4.01,0.0,3.922,4.124,4.02074109,147.39,None,0.0,BTC-27DEC19-48000-P,9439.91,0.0,0.0005,1.0,0.0,0.0,0.0,0.85881,-1.05699,-78.63472,0.0,-0.99189
