underlying_price,underlying_index,timestamp,state,settlement_price,open_interest,min_price,max_price,mark_price,mark_iv,last_price,interest_rate,instrument_name,index_price,bid_iv,best_bid_price,best_bid_amount,best_ask_price,best_ask_amount,ask_iv,vega,theta,rho,gamma,delta
225.44,ETH-27DEC19,1563793140077,open,1.18,21.0,1.116,1.291,1.203473,108.5,0.629,0.0,ETH-27DEC19-480-P,221.92,0.0,1.114,110.0,2.117,1.0,500.0,0.46222,-0.15883,-1.91339,0.00194,-0.75876
223.38,ETH-27SEP19,1563793140077,open,0.01,4110.0,0.001,0.045,0.005162,108.48,0.012,0.0,ETH-27SEP19-100-P,221.92,98.41,0.003,300.0,0.005,200.0,107.82,0.05555,-0.04505,-0.01227,0.00056,-0.02482
223.38,ETH-27SEP19,1563793140077,open,0.29,779.0,0.241,0.32,0.280075,108.48,0.227,0.0,ETH-27SEP19-180-C,221.92,66.47,0.227,99.0,0.609,10.0,362.82,0.29916,-0.24263,0.19526,0.00302,0.75715
223.38,ETH-27SEP19,1563793140078,open,0.11,1914.0,0.066,0.145,0.105792,109.81,0.109,0.0,ETH-27SEP19-280-C,221.92,108.13,0.103,120.0,0.108,287.0,111.14,0.37012,-0.30388,0.12164,0.00369,0.403
225.43,ETH-27DEC19,1563793140078,open,0.43,441.0,0.383,0.497,0.439936,105.74,0.454,0.0,ETH-27DEC19-280-P,221.92,101.57,0.429,150.0,0.447,30.0,108.44,0.59109,-0.19795,-0.9025,0.00254,-0.48565
223.37,ETH-27SEP19,1563793140079,open,0.16,1936.0,0.116,0.195,0.155611,108.58,0.167,0.0,ETH-27SEP19-240-C,221.92,107.05,0.153,120.0,0.157,271.0,109.4,0.38028,-0.30872,0.15365,0.00383,0.53104
223.37,ETH-27SEP19,1563793140079,open,0.0,2060.0,0.001,0.042,0.002463,119.34,0.002,0.0,ETH-27SEP19-80-P,221.92,104.87,0.001,267.0,0.004,529.0,129.36,0.0293,-0.02615,-0.00581,0.00027,-0.01174
222.77,SYN.ETH-30AUG19,1563793140077,open,0.03,1419.0,0.001,0.063,0.023206,116.05,0.039,0.0,ETH-30AUG19-360-C,221.92,114.38,0.022,200.0,0.025,513.0,118.48,0.16225,-0.24218,0.02784,0.00265,0.14055
222.01,SYN.ETH-26JUL19,1563793140077,open,0.02,3027.0,0.001,0.066,0.02548,119.46,0.021,0.0,ETH-26JUL19-210-P,221.92,104.02,0.02,428.0,0.021,412.0,106.88,0.07999,-1.23281,-0.00776,0.01279,-0.3038
222.77,SYN.ETH-30AUG19,1563793140078,open,0.31,0.0,0.273,0.378,0.32534,114.33,None,0.0,ETH-30AUG19-280-P,221.92,0.0,0.0,0.0,0.0,0.0,0.0,0.26486,-0.38946,-0.23499,0.00438,-0.66503
223.37,ETH-27SEP19,1563793140080,open,0.74,0.0,0.693,0.772,0.732395,132.83,0.01,0.0,ETH-27SEP19-60-C,221.92,0.0,0.003,10.0,0.0,0.0,0.0,0.01311,-0.01302,0.10759,0.00011,0.99529
222.01,SYN.ETH-26JUL19,1563793140077,open,0.06,1039.0,0.012,0.091,0.05131,114.02,0.054,0.0,ETH-26JUL19-220-C,221.92,105.89,0.048,294.0,0.054,193.0,120.63,0.09042,-1.33012,0.01186,0.01515,0.55421
222.77,SYN.ETH-30AUG19,1563793140077,open,0.06,955.0,0.017,0.1,0.05836,113.98,0.055,0.0,ETH-30AUG19-180-P,221.92,109.48,0.054,160.0,0.06,160.0,115.65,0.21743,-0.31873,-0.06697,0.00361,-0.22388
222.17,SYN.ETH-2AUG19,1563793140077,open,0.26,0.0,0.224,0.325,0.274616,117.34,None,0.0,ETH-2AUG19-280-P,221.92,0.0,0.0,0.0,0.0,0.0,0.0,0.089,-0.48012,-0.07452,0.00516,-0.85105
222.17,SYN.ETH-2AUG19,1563793140078,open,0.22,0.0,0.186,0.284,0.235024,116.95,None,0.0,ETH-2AUG19-270-P,221.92,0.0,0.0,0.0,0.0,0.0,0.0,0.10525,-0.5659,-0.06894,0.00612,-0.80647
222.17,SYN.ETH-2AUG19,1563793140077,open,0.15,0.0,0.097,0.176,0.136307,116.87,None,0.0,ETH-2AUG19-200-C,221.92,103.78,0.129,220.0,0.137,167.0,118.08,0.12609,-0.67746,0.0395,0.00734,0.73299
222.01,SYN.ETH-26JUL19,1563793140078,open,0.0,1117.0,0.001,0.04,0.0,145.01,0.001,0.0,ETH-26JUL19-440-C,221.92,0.0,0.0,0.0,0.001,300.0,273.96,0.0,-2e-05,0.0,0.0,0.0
222.77,SYN.ETH-30AUG19,1563793140078,open,0.32,0.0,0.274,0.353,0.31373,114.02,None,0.0,ETH-30AUG19-160-C,221.92,0.0,0.0,0.0,0.0,0.0,0.0,0.16266,-0.23854,0.12936,0.0027,0.85893
222.17,SYN.ETH-2AUG19,1563793140077,open,0.15,0.0,0.116,0.208,0.162005,116.61,None,0.0,ETH-2AUG19-250-P,221.92,0.0,0.0,0.0,0.0,0.0,0.0,0.13597,-0.72893,-0.05616,0.00793,-0.68643
222.17,SYN.ETH-2AUG19,1563793140218,open,0.01,186.0,0.001,0.047,0.007183,117.48,0.015,0.0,ETH-2AUG19-300-C,221.92,108.51,0.005,250.0,0.009,765.0,123.94,0.05906,-0.31902,0.00507,0.00342,0.08384
10571.68,SYN.BTC-30AUG19,1563793140260,open,0.22,1.4,0.176,0.2735,0.22467236,106.71,0.2,0.0,BTC-30AUG19-12000-P,10484.94,74.1,0.184,2.5,0.271,2.5,142.54,13.51839,-18.55249,-9.00709,0.00011,-0.57526
223.38,ETH-27SEP19,1563793140447,open,0.03,7577.0,0.001,0.07,0.029752,108.48,0.038,0.0,ETH-27SEP19-140-P,221.92,104.95,0.027,1.0,0.029,200.0,107.53,0.17718,-0.14371,-0.05629,0.00179,-0.10779
222.77,SYN.ETH-30AUG19,1563793140449,open,0.09,211.0,0.051,0.138,0.094653,113.97,0.094,0.0,ETH-30AUG19-200-P,221.92,109.97,0.09,160.0,0.097,240.0,115.99,0.25899,-0.37965,-0.09769,0.0043,-0.31708
10764.58,BTC-27DEC19,1563793140525,open,0.29,461.0,0.245,0.3245,0.28451906,99.55,0.283,0.0,BTC-27DEC19-10000-C,10484.94,96.82,0.278,8.0,0.2865,8.0,100.38,25.63886,-8.08363,17.94795,5e-05,0.66999
222.01,SYN.ETH-26JUL19,1563793140530,open,0.0,841.0,0.001,0.041,0.001185,133.31,0.002,0.0,ETH-26JUL19-170-P,221.92,0.0,0.0,0.0,0.001,168.0,129.73,0.01206,-0.20744,-0.00055,0.00173,-0.02212
10764.58,BTC-27DEC19,1563793140559,open,0.2,188.4,0.1545,0.234,0.19433195,100.96,0.21,0.0,BTC-27DEC19-13000-C,10484.94,99.11,0.1895,8.0,0.1965,4.3,101.78,28.21124,-9.02016,15.11973,6e-05,0.51906
10571.68,SYN.BTC-30AUG19,1563793140613,open,0.04,120.5,0.0005,0.0755,0.03574948,108.67,0.038,0.0,BTC-30AUG19-15000-C,10484.94,106.79,0.034,8.0,0.0375,30.3,110.52,9.9208,-13.86547,1.95291,8e-05,0.20919
10509.21,SYN.BTC-2AUG19,1563793140615,open,0.0,169.1,0.0005,0.0435,0.00338445,117.31,0.0045,0.0,BTC-2AUG19-7500-P,10484.94,110.67,0.0025,34.1,0.004,3.2,121.38,1.51848,-8.18943,-0.13146,4e-05,-0.0386
10764.58,BTC-27DEC19,1563793140642,open,2.7,0.0,2.5855,2.8835,2.73441843,110.29,2.58,0.0,BTC-27DEC19-40000-P,10484.94,0.0,2.6175,2.5,2.872,2.5,188.06,9.9149,-3.46324,-170.43368,2e-05,-0.92604
10493.59,SYN.BTC-26JUL19,1563793140757,open,0.05,178.0,0.0065,0.086,0.04639017,113.62,0.047,0.0,BTC-26JUL19-10500-C,10484.94,110.23,0.045,0.2,0.048,3.1,117.54,4.3077,-63.1413,0.52912,0.00032,0.52126
225.43,ETH-27DEC19,1563793140934,open,0.11,591.0,0.068,0.156,0.112335,105.02,0.109,0.0,ETH-27DEC19-160-P,221.92,100.5,0.104,267.0,0.114,40.0,105.94,0.41504,-0.13805,-0.3045,0.0018,-0.19998
225.44,ETH-27DEC19,1563793140944,open,0.31,692.0,0.26,0.364,0.312325,105.04,0.452,0.0,ETH-27DEC19-240-P,221.92,101.37,0.303,160.0,0.32,160.0,108.06,0.5726,-0.19048,-0.69405,0.00248,-0.39944
225.43,ETH-27DEC19,1563793140953,open,0.43,441.0,0.383,0.497,0.440017,105.74,0.454,0.0,ETH-27DEC19-280-P,221.92,101.57,0.429,150.0,0.448,150.0,108.82,0.59109,-0.19795,-0.9025,0.00254,-0.48565
223.37,ETH-27SEP19,1563793140968,open,0.22,2369.0,0.181,0.279,0.230045,108.56,0.207,0.0,ETH-27SEP19-240-P,221.92,106.2,0.226,120.0,0.232,289.0,109.72,0.38028,-0.30865,-0.28608,0.00383,-0.469
223.38,ETH-27SEP19,1563793140979,open,0.05,1696.0,0.011,0.09,0.050621,112.31,0.049,0.0,ETH-27SEP19-360-C,221.92,109.46,0.047,160.0,0.054,380.0,114.91,0.28743,-0.24135,0.07175,0.0028,0.22592
222.17,SYN.ETH-2AUG19,1563793140987,open,0.09,137.0,0.056,0.143,0.099717,115.55,0.1,0.0,ETH-2AUG19-230-P,221.92,110.18,0.096,150.0,0.102,208.0,118.92,0.15257,-0.81055,-0.04165,0.00898,-0.5295
222.77,SYN.ETH-30AUG19,1563793140994,open,0.19,201.0,0.147,0.242,0.194338,113.49,0.23,0.0,ETH-30AUG19-240-P,221.92,110.95,0.191,120.0,0.198,260.0,116.33,0.29001,-0.42331,-0.16625,0.00483,-0.50635
222.77,SYN.ETH-30AUG19,1563793141008,open,0.07,266.0,0.029,0.108,0.068499,114.38,0.083,0.0,ETH-30AUG19-280-C,221.92,112.26,0.066,160.0,0.07,470.0,115.63,0.2649,-0.38968,0.06325,0.00438,0.3351
222.77,SYN.ETH-30AUG19,1563793141016,open,0.12,515.0,0.078,0.157,0.117007,113.53,0.128,0.0,ETH-30AUG19-240-C,221.92,111.2,0.114,120.0,0.117,267.0,113.51,0.29001,-0.42345,0.08938,0.00483,0.4937
222.77,SYN.ETH-30AUG19,1563793141025,open,0.25,0.0,0.207,0.306,0.256361,113.57,None,0.0,ETH-30AUG19-260-P,221.92,110.95,0.253,120.0,0.264,120.0,119.61,0.28237,-0.41246,-0.20118,0.0047,-0.59157
222.77,SYN.ETH-30AUG19,1563793141032,open,0.16,115.0,0.112,0.191,0.151755,113.07,0.159,0.0,ETH-30AUG19-220-C,221.92,110.88,0.149,120.0,0.152,243.0,113.24,0.28321,-0.41184,0.10314,0.00474,0.58646
223.37,ETH-27SEP19,1563793141049,open,0.14,1656.0,0.089,0.168,0.128667,109.5,0.145,0.0,ETH-27SEP19-260-C,221.92,107.91,0.126,120.0,0.129,274.0,109.67,0.37991,-0.31101,0.13734,0.0038,0.46428
223.37,ETH-27SEP19,1563793141103,open,0.24,1289.0,0.192,0.271,0.231114,108.51,0.225,0.0,ETH-27SEP19-200-C,221.92,97.94,0.215,265.0,0.232,259.0,109.06,0.34152,-0.27706,0.18406,0.00344,0.68088
223.37,ETH-27SEP19,1563793141113,open,0.24,1289.0,0.192,0.271,0.231114,108.51,0.225,0.0,ETH-27SEP19-200-C,221.92,97.94,0.215,265.0,0.232,258.0,109.06,0.34152,-0.27706,0.18406,0.00344,0.68088
10493.58,SYN.BTC-26JUL19,1563793141125,open,0.98,0.0,0.9215,1.081,1.00119829,0.0,None,0.0,BTC-26JUL19-21000-P,10484.94,0.0,0.0,0.0,0.0,0.0,0.0,0.0,0.0,-2.22985,0.0,-1.0
223.38,ETH-27SEP19,1563793141123,open,0.12,3311.0,0.082,0.171,0.126469,108.48,0.124,0.0,ETH-27SEP19-200-P,221.92,106.21,0.123,10.0,0.128,282.0,109.48,0.34152,-0.277,-0.18236,0.00344,-0.31908
223.37,ETH-27SEP19,1563793141139,open,0.22,2369.0,0.181,0.279,0.230045,108.56,0.207,0.0,ETH-27SEP19-240-P,221.92,106.2,0.226,120.0,0.232,285.0,109.72,0.38028,-0.30865,-0.28608,0.00383,-0.469
223.38,ETH-27SEP19,1563793141165,open,0.17,2083.0,0.128,0.221,0.17447,108.32,0.17,0.0,ETH-27SEP19-220-P,221.92,105.61,0.17,305.0,0.177,271.0,109.85,0.36832,-0.29828,-0.23332,0.00372,-0.39562
223.38,ETH-27SEP19,1563793141218,open,0.08,4976.0,0.043,0.129,0.085877,108.48,0.094,0.0,ETH-27SEP19-180-P,221.92,104.83,0.081,380.0,0.087,268.0,109.32,0.29916,-0.24263,-0.13454,0.00302,-0.24285
223.38,ETH-27SEP19,1563793141228,open,0.04,1702.0,0.003,0.082,0.042052,112.53,0.04,0.0,ETH-27SEP19-380-C,221.92,110.78,0.04,160.0,0.045,389.0,115.01,0.26305,-0.22132,0.06232,0.00256,0.19431
223.37,ETH-27SEP19,1563793141244,open,0.16,1936.0,0.116,0.195,0.155594,108.58,0.167,0.0,ETH-27SEP19-240-C,221.92,107.05,0.153,120.0,0.157,270.0,109.4,0.38028,-0.30872,0.15365,0.00383,0.53104
10764.58,BTC-27DEC19,1563793141258,open,0.33,118.7,0.2815,0.388,0.33484826,100.53,0.315,0.0,BTC-27DEC19-12000-P,10484.94,98.85,0.3305,3.6,0.3405,6.1,102.72,27.85576,-8.86911,-35.7968,6e-05,-0.43397
222.0,SYN.ETH-26JUL19,1563793141285,open,0.04,684.0,0.001,0.072,0.032862,116.62,0.034,0.0,ETH-26JUL19-230-C,221.92,119.46,0.034,682.0,0.035,213.0,121.96,0.08879,-1.33586,0.00883,0.01455,0.40734
10764.58,BTC-27DEC19,1563793141470,open,0.04,276.7,0.0005,0.077,0.03727103,107.64,0.0465,0.0,BTC-27DEC19-30000-C,10484.94,106.4,0.0355,8.0,0.0395,14.0,109.17,15.52869,-5.29397,4.64468,3e-05,0.13703
10764.58,BTC-27DEC19,1563793141494,open,0.06,223.6,0.02,0.1045,0.06242217,99.55,0.0525,0.0,BTC-27DEC19-6500-P,10484.94,95.38,0.0565,11.0,0.061,6.0,98.55,15.45919,-4.87385,-9.24476,3e-05,-0.13613
10493.58,SYN.BTC-26JUL19,1563793141496,open,0.01,686.5,0.0005,0.0485,0.00896056,118.44,0.0105,0.0,BTC-26JUL19-12000-C,10484.94,114.35,0.008,0.1,0.01,33.1,122.68,2.51686,-38.45705,0.15672,0.00018,0.14961
10571.65,SYN.BTC-30AUG19,1563793141522,open,0.22,6.4,0.1745,0.254,0.21449175,105.71,0.2395,0.0,BTC-30AUG19-9000-C,10484.94,99.09,0.2075,9.0,0.2325,4.0,122.47,11.22209,-15.25806,5.90127,9e-05,0.7386
10493.58,SYN.BTC-26JUL19,1563793141525,open,0.0,313.8,0.0005,0.04,3.5e-07,145.0,0.001,0.0,BTC-26JUL19-20000-C,10484.94,0.0,0.0,0.0,0.0005,12.0,240.83,0.00053,-0.00362,1e-05,0.0,1e-05
10509.2,SYN.BTC-2AUG19,1563793141531,open,0.2,0.0,0.1625,0.2585,0.21053288,111.76,None,0.0,BTC-2AUG19-12500-P,10484.94,0.0,0.01,10.0,0.0,0.0,0.0,5.24341,-26.94056,-3.12976,0.00014,-0.78895
10764.55,BTC-27DEC19,1563793141576,open,0.02,76.0,0.0005,0.058,0.01733211,99.55,0.0155,0.0,BTC-27DEC19-4500-P,10484.94,95.1,0.0145,5.0,0.017,6.0,99.04,7.12659,-2.24681,-3.06537,1e-05,-0.0485
10509.2,SYN.BTC-2AUG19,1563793141599,open,0.01,195.7,0.0005,0.0445,0.00495943,114.2,0.0055,0.0,BTC-2AUG19-14500-C,10484.94,109.41,0.004,11.0,0.0055,30.0,116.68,2.23011,-11.70854,0.18008,6e-05,0.06247
10634.07,BTC-27SEP19,1563793141614,open,0.0,429.0,0.0005,0.0415,0.00170805,107.87,0.0025,0.0,BTC-27SEP19-4000-P,10484.94,100.16,0.001,5.0,0.0025,18.9,114.31,1.1521,-0.92919,-0.21694,1e-05,-0.00943
10634.07,BTC-27SEP19,1563793141645,open,0.63,227.5,0.586,0.6655,0.62556316,107.91,0.7065,0.0,BTC-27SEP19-4000-C,10484.94,0.0,0.564,8.0,0.6845,8.0,252.95,1.15411,-0.93117,7.11145,1e-05,0.99056
222.76,SYN.ETH-30AUG19,1563793141658,open,0.21,145.0,0.157,0.236,0.196896,114.02,0.168,0.0,ETH-30AUG19-200-C,221.92,103.76,0.185,120.0,0.196,236.0,113.25,0.259,-0.37981,0.11529,0.0043,0.68284
10634.07,BTC-27SEP19,1563793141660,open,0.19,152.7,0.1445,0.239,0.19175757,100.97,0.196,0.0,BTC-27SEP19-11000-P,10484.94,99.63,0.1895,0.1,0.1945,4.3,102.59,17.98761,-13.57861,-12.4103,9e-05,-0.4452
10634.07,BTC-27SEP19,1563793141668,open,0.0,432.4,0.0005,0.041,0.00118753,115.61,0.002,0.0,BTC-27SEP19-3500-P,10484.94,103.83,0.0005,20.0,0.0015,15.0,119.39,0.81173,-0.70164,-0.1465,0.0,-0.00633
10571.65,SYN.BTC-30AUG19,1563793141675,open,0.36,0.0,0.314,0.3935,0.35389474,106.27,None,0.0,BTC-30AUG19-7000-C,10484.94,0.0,0.3025,4.0,0.4015,4.0,176.45,5.44358,-7.44054,6.30003,4e-05,0.91341
10634.07,BTC-27SEP19,1563793141698,open,0.61,9.2,0.5625,0.642,0.60240843,104.6,0.574,0.0,BTC-27SEP19-4250-C,10484.94,0.0,0.542,8.0,0.6605,8.0,238.67,1.37366,-1.07425,7.52189,1e-05,0.98847
10571.65,SYN.BTC-30AUG19,1563793141698,open,0.29,17.1,0.2445,0.3475,0.29609919,107.65,0.289,0.0,BTC-30AUG19-13000-P,10484.94,68.62,0.2535,2.5,0.3445,2.5,146.55,12.63944,-17.50002,-10.76717,0.0001,-0.66015
10509.2,SYN.BTC-2AUG19,1563793141736,open,0.28,0.0,0.243,0.346,0.2945843,111.86,None,0.0,BTC-2AUG19-13500-P,10484.94,0.0,0.01,10.0,0.0,0.0,0.0,3.52076,-18.10635,-3.69376,0.0001,-0.88502
10493.58,SYN.BTC-26JUL19,1563793141736,open,0.0,279.1,0.0005,0.04,2.128e-05,145.0,0.0005,0.0,BTC-26JUL19-6500-P,10484.94,0.0,0.0,0.0,0.0005,12.0,197.56,0.01987,-0.2233,-0.0006,0.0,-0.00052
10764.55,BTC-27DEC19,1563793141765,open,1.45,0.0,1.369,1.5655,1.46725134,106.55,None,0.0,BTC-27DEC19-26000-P,10484.94,0.0,1.389,2.5,1.5585,2.5,149.41,18.7023,-6.31131,-106.4052,4e-05,-0.81806
10764.55,BTC-27DEC19,1563793141778,open,2.34,1.3,2.234,2.503,2.36844863,109.35,2.2,0.0,BTC-27DEC19-36000-P,10484.94,0.0,2.263,2.5,2.4925,2.5,176.97,11.83321,-4.09815,-152.47995,2e-05,-0.90642
10764.55,BTC-27DEC19,1563793141782,open,0.01,181.4,0.0005,0.054,0.01437502,111.0,0.024,0.0,BTC-27DEC19-44000-C,10484.94,109.16,0.013,10.0,0.016,8.0,113.03,8.31735,-2.92384,2.07537,1e-05,0.05895
10634.07,BTC-27SEP19,1563793141789,open,0.71,1.0,0.658,0.7955,0.72669834,104.82,1.5815,0.0,BTC-27SEP19-18000-P,10484.94,0.0,0.005,0.5,1.329,0.3,500.0,11.57876,-9.0742,-30.30342,5e-05,-0.82861
10509.2,SYN.BTC-2AUG19,1563793141825,open,0.06,83.9,0.017,0.0965,0.05655207,110.41,0.0575,0.0,BTC-2AUG19-11000-C,10484.94,106.67,0.054,18.0,0.058,3.5,112.54,7.16221,-36.35642,1.20909,0.0002,0.44267
223.36,ETH-27SEP19,1563793141843,open,0.0,2115.0,0.001,0.043,0.003011,117.68,0.003,0.0,ETH-27SEP19-720-C,221.92,111.89,0.002,10.0,0.004,110.0,122.17,0.04461,-0.03925,0.0066,0.00041,0.01915
10571.65,SYN.BTC-30AUG19,1563793141866,open,0.03,59.9,0.0005,0.066,0.02604688,108.94,0.0305,0.0,BTC-30AUG19-16000-C,10484.94,106.34,0.024,27.3,0.0275,20.3,110.74,8.45011,-11.84004,1.52656,7e-05,0.16162
222.0,SYN.ETH-26JUL19,1563793141915,open,0.69,504.0,0.644,0.78,0.711611,0.0,0.168,0.0,ETH-26JUL19-380-P,221.92,0.0,0.0,0.0,0.0,0.0,0.0,0.0,0.0,-0.04035,0.0,-1.0
222.0,SYN.ETH-26JUL19,1563793141928,open,0.0,1146.0,0.001,0.04,0.000502,125.38,0.001,0.0,ETH-26JUL19-300-C,221.92,0.0,0.0,0.0,0.001,239.0,137.66,0.00701,-0.11142,0.00026,0.00107,0.01173
10634.07,BTC-27SEP19,1563793141934,open,0.0,124.0,0.0005,0.041,0.00129364,110.1,0.0015,0.0,BTC-27SEP19-3750-P,10484.94,97.69,0.0005,26.0,0.002,15.0,117.21,0.90895,-0.74822,-0.16542,0.0,-0.0072
223.36,ETH-27SEP19,1563793141964,open,0.49,496.0,0.446,0.565,0.505434,111.15,0.44,0.0,ETH-27SEP19-320-P,221.92,76.11,0.459,25.0,0.516,110.0,118.12,0.33357,-0.27722,-0.49237,0.00328,-0.69769
222.0,SYN.ETH-26JUL19,1563793141968,open,0.0,3965.0,0.001,0.04,3.1e-05,145.01,0.001,0.0,ETH-26JUL19-360-C,221.92,0.0,0.0,0.0,0.001,300.0,204.62,0.00062,-0.00685,2e-05,8e-05,0.00079
10764.55,BTC-27DEC19,1563793141990,open,0.03,104.3,0.0005,0.0715,0.03186114,108.11,0.031,0.0,BTC-27DEC19-32000-C,10484.94,106.67,0.03,8.0,0.034,6.0,109.71,14.13094,-4.83811,4.08642,3e-05,0.11963
10571.63,SYN.BTC-30AUG19,1563793142012,open,0.01,158.4,0.0005,0.046,0.00582266,107.32,0.0075,0.0,BTC-30AUG19-6000-P,10484.94,101.9,0.0045,10.5,0.007,24.0,111.61,2.76191,-3.81235,-0.47704,2e-05,-0.03654
10764.55,BTC-27DEC19,1563793142021,open,0.14,166.5,0.097,0.1765,0.13690864,102.41,0.138,0.0,BTC-27DEC19-16000-C,10484.94,100.87,0.133,8.0,0.14,14.2,103.62,27.36265,-8.87436,12.27897,5e-05,0.40063
222.0,SYN.ETH-26JUL19,1563793142039,open,0.16,867.0,0.131,0.224,0.17718,118.18,0.163,0.0,ETH-26JUL19-260-P,221.92,0.0,0.132,25.0,0.217,25.0,250.1,0.0425,-0.64792,-0.0252,0.00687,-0.89185
10764.55,BTC-27DEC19,1563793142075,open,0.04,85.9,0.0005,0.077,0.03587117,99.55,0.0295,0.0,BTC-27DEC19-5500-P,10484.94,94.8,0.031,8.1,0.035,6.0,98.71,11.30807,-3.56511,-5.76859,2e-05,-0.08802
10764.55,BTC-27DEC19,1563793142075,open,0.4,73.8,0.346,0.458,0.40198503,100.95,0.3905,0.0,BTC-27DEC19-13000-P,10484.94,99.24,0.3975,3.6,0.409,6.1,103.63,28.21121,-9.01968,-41.11,6e-05,-0.48095
10634.07,BTC-27SEP19,1563793142097,open,0.13,222.5,0.0925,0.183,0.13782129,100.97,0.1435,0.0,BTC-27SEP19-10000-P,10484.94,98.27,0.1335,29.6,0.139,4.2,101.7,17.02996,-12.85581,-9.70033,8e-05,-0.36004
10571.63,SYN.BTC-30AUG19,1563793142106,open,0.02,31.4,0.0005,0.0595,0.01950664,110.01,0.02,0.0,BTC-30AUG19-17000-C,10484.94,109.25,0.019,0.3,0.02,25.0,110.73,7.15676,-10.1257,1.20335,5e-05,0.12638
10634.07,BTC-27SEP19,1563793142113,open,0.05,504.2,0.0145,0.0985,0.05668356,100.97,0.052,0.0,BTC-27SEP19-8000-P,10484.94,99.52,0.055,0.2,0.057,4.0,101.24,12.38732,-9.35122,-4.82354,6e-05,-0.19088
223.36,ETH-27SEP19,1563793142129,open,1.14,0.0,1.08,1.252,1.166265,113.61,None,0.0,ETH-27SEP19-480-P,221.92,0.0,0.0,0.0,0.0,0.0,0.0,0.1575,-0.13378,-0.84898,0.00152,-0.90824
10493.58,SYN.BTC-26JUL19,1563793142149,open,0.01,315.2,0.0005,0.0445,0.00454497,118.55,0.0045,0.0,BTC-26JUL19-12500-C,10484.94,111.61,0.0035,10.0,0.0055,32.8,124.22,1.68503,-25.77114,0.08983,0.00012,0.08516
10509.19,SYN.BTC-2AUG19,1563793142169,open,0.03,58.1,0.0005,0.07,0.0300122,111.79,0.0335,0.0,BTC-2AUG19-12000-C,10484.94,107.4,0.0275,5.0,0.032,27.3,115.2,6.07739,-31.23333,0.77423,0.00017,0.27726
10493.58,SYN.BTC-26JUL19,1563793142177,open,0.01,315.2,0.0005,0.0445,0.00454497,118.55,0.0045,0.0,BTC-26JUL19-12500-C,10484.94,111.61,0.0035,10.0,0.0055,32.9,124.22,1.68503,-25.77114,0.08983,0.00012,0.08516
10493.58,SYN.BTC-26JUL19,1563793142179,open,0.0,496.0,0.0005,0.0405,0.00079094,128.39,0.001,0.0,BTC-26JUL19-14000-C,10484.94,120.75,0.0005,33.0,0.001,2.9,132.77,0.46278,-7.66506,0.0184,3e-05,0.0173
10764.55,BTC-27DEC19,1563793142193,open,0.6,6.5,0.5595,0.639,0.59929784,99.55,0.575,0.0,BTC-27DEC19-4500-C,10484.94,0.0,0.5375,8.0,0.655,8.0,161.38,7.12741,-2.24723,16.39822,1e-05,0.95149
10634.07,BTC-27SEP19,1563793142197,open,0.25,86.3,0.205,0.3045,0.25479673,101.88,0.259,0.0,BTC-27SEP19-12000-P,10484.94,100.24,0.252,0.1,0.2585,0.1,104.05,18.12756,-13.80748,-15.1653,9e-05,-0.52356
10571.63,SYN.BTC-30AUG19,1563793142208,open,0.06,55.1,0.0235,0.108,0.06581322,105.7,0.065,0.0,BTC-30AUG19-9000-P,10484.94,103.05,0.063,19.3,0.068,4.2,107.76,11.22188,-15.25608,-3.68428,9e-05,-0.2614
10634.03,BTC-27SEP19,1563793142231,open,0.81,28.2,0.7725,0.852,0.81217519,143.31,0.755,0.0,BTC-27SEP19-2000-C,10484.94,0.0,0.7435,8.0,0.8795,8.0,449.86,0.18399,-0.19715,3.63576,0.0,0.99878
10493.58,SYN.BTC-26JUL19,1563793142269,open,0.0,930.3,0.0005,0.0425,0.00257668,122.42,0.0025,0.0,BTC-26JUL19-13000-C,10484.94,116.69,0.002,3.1,0.003,32.5,126.17,1.13362,-17.90299,0.054,8e-05,0.05104
10509.21,SYN.BTC-2AUG19,1563793142308,open,0.03,78.5,0.0005,0.061,0.02111237,111.79,0.0225,0.0,BTC-2AUG19-12500-C,10484.94,107.48,0.019,24.0,0.0225,24.0,114.54,5.24464,-26.95465,0.59501,0.00014,0.21113
10509.19,SYN.BTC-2AUG19,1563793142311,open,0.02,70.5,0.0005,0.0545,0.01466699,111.91,0.015,0.0,BTC-2AUG19-13000-C,10484.94,107.81,0.013,29.0,0.0155,1.0,113.89,4.36982,-22.48256,0.44749,0.00012,0.15757
10509.19,SYN.BTC-2AUG19,1563793142326,open,0.0,54.9,0.0005,0.041,0.00100778,129.9,0.001,0.0,BTC-2AUG19-6500-P,10484.94,118.27,0.0005,12.5,0.0015,6.1,137.84,0.56952,-3.4011,-0.04096,1e-05,-0.01207
10509.21,SYN.BTC-2AUG19,1563793142331,open,0.03,78.5,0.0005,0.061,0.02111237,111.79,0.0225,0.0,BTC-2AUG19-12500-C,10484.94,107.48,0.019,24.0,0.022,0.1,113.55,5.24464,-26.95465,0.59501,0.00014,0.21113
10634.03,BTC-27SEP19,1563793142347,open,0.68,261.1,0.6325,0.712,0.67205918,115.66,0.714,0.0,BTC-27SEP19-3500-C,10484.94,0.0,0.609,8.0,0.733,8.0,286.19,0.81342,-0.70339,6.26587,0.0,0.99365
10764.55,BTC-27DEC19,1563793142358,open,1.27,0.0,1.2,1.383,1.29145726,105.92,None,0.0,BTC-27DEC19-24000-P,10484.94,0.0,1.219,2.5,1.3765,2.5,144.26,20.46369,-6.86434,-96.86457,4e-05,-0.78894
10571.63,SYN.BTC-30AUG19,1563793142373,open,0.05,75.3,0.0095,0.089,0.04915521,108.54,0.056,0.0,BTC-30AUG19-14000-C,10484.94,106.05,0.0465,29.0,0.051,29.3,110.24,11.38638,-15.89488,2.47534,9e-05,0.269
10634.03,BTC-27SEP19,1563793142467,open,0.58,289.7,0.54,0.6195,0.57964761,103.57,0.588,0.0,BTC-27SEP19-4500-C,10484.94,0.0,0.52,8.0,0.6365,8.0,225.41,1.75584,-1.35957,7.89147,1e-05,0.98467
10634.03,BTC-27SEP19,1563793142486,open,0.89,0.0,0.8275,0.9795,0.90348524,105.93,None,0.0,BTC-27SEP19-20000-P,10484.94,0.0,0.0045,10.0,1.5,0.2,500.0,9.19704,-7.28378,-34.71557,4e-05,-0.87828
10764.55,BTC-27DEC19,1563793142491,open,0.16,298.9,0.1135,0.193,0.15314454,101.86,0.16,0.0,BTC-27DEC19-15000-C,10484.94,100.25,0.149,8.0,0.156,14.3,102.96,27.88258,-8.99441,13.18379,5e-05,0.4363
10571.63,SYN.BTC-30AUG19,1563793142494,open,0.53,0.0,0.478,0.601,0.53951858,108.93,None,0.0,BTC-30AUG19-16000-P,10484.94,0.0,0.0,0.0,0.0,0.0,0.0,8.44842,-11.83598,-15.51525,7e-05,-0.83842
10634.03,BTC-27SEP19,1563793142498,open,0.0,49.2,0.0005,0.041,0.00101363,120.38,0.0015,0.0,BTC-27SEP19-3250-P,10484.94,110.44,0.0005,20.0,0.0015,20.2,126.92,0.68871,-0.61985,-0.12226,0.0,-0.00526
10493.58,SYN.BTC-26JUL19,1563793142500,open,0.43,1.0,0.3885,0.468,0.42822484,146.37,0.354,0.0,BTC-26JUL19-6000-C,10484.94,0.0,0.375,4.0,0.4795,4.0,500.0,0.00338,-0.0639,0.63701,0.0,0.99992
10493.58,SYN.BTC-26JUL19,1563793142516,open,0.01,686.5,0.0005,0.0485,0.00895885,118.44,0.0105,0.0,BTC-26JUL19-12000-C,10484.94,114.35,0.008,0.1,0.01,33.0,122.68,2.51686,-38.45705,0.15672,0.00018,0.14961
10509.19,SYN.BTC-2AUG19,1563793142525,open,0.1,1.0,0.0595,0.147,0.10324781,110.4,0.1125,0.0,BTC-2AUG19-11000-P,10484.94,104.16,0.099,18.0,0.1045,3.5,112.24,7.16217,-36.35299,-2.06854,0.0002,-0.55734
10493.58,SYN.BTC-26JUL19,1563793142535,open,0.01,686.5,0.0005,0.0485,0.00895885,118.44,0.0105,0.0,BTC-26JUL19-12000-C,10484.94,114.35,0.008,0.1,0.01,33.1,122.68,2.51686,-38.45705,0.15672,0.00018,0.14961
10493.58,SYN.BTC-26JUL19,1563793142536,open,0.51,5.0,0.464,0.5855,0.52486989,144.88,0.2255,0.0,BTC-26JUL19-16000-P,10484.94,0.0,0.0,0.0,0.0,0.0,0.0,0.09811,-1.83383,-1.69577,1e-05,-0.99703
10764.51,BTC-27DEC19,1563793142541,open,0.0,353.0,0.0005,0.043,0.00330701,100.08,0.0025,0.0,BTC-27DEC19-3000-P,10484.94,95.68,0.0025,10.0,0.004,5.0,103.36,2.14664,-0.68039,-0.69394,0.0,-0.0116
10509.19,SYN.BTC-2AUG19,1563793142570,open,0.37,0.0,0.3295,0.44,0.38470036,114.18,None,0.0,BTC-2AUG19-14500-P,10484.94,0.0,0.0005,3.0,0.0,0.0,0.0,2.22923,-11.70226,-4.14049,6e-05,-0.93756
10764.51,BTC-27DEC19,1563793142577,open,0.1,161.9,0.053,0.1405,0.09683824,99.55,0.0895,0.0,BTC-27DEC19-7500-P,10484.94,96.26,0.091,5.0,0.096,4.9,99.08,19.18799,-6.0494,-13.33775,4e-05,-0.18962
10571.63,SYN.BTC-30AUG19,1563793142581,open,0.09,64.6,0.05,0.1295,0.08957806,106.72,0.095,0.0,BTC-30AUG19-12000-C,10484.94,104.7,0.087,22.4,0.091,4.0,107.83,13.51845,-18.55469,3.774,0.00011,0.42476
10764.51,BTC-27DEC19,1563793142630,open,0.11,375.9,0.0705,0.15,0.11047001,103.43,0.1115,0.0,BTC-27DEC19-18000-C,10484.94,101.98,0.107,8.0,0.114,14.9,104.89,25.90546,-8.48565,10.63185,5e-05,0.33882
10764.51,BTC-27DEC19,1563793142630,open,0.12,240.7,0.0725,0.1615,0.11684157,99.55,0.118,0.0,BTC-27DEC19-8000-P,10484.94,96.52,0.111,4.9,0.1165,4.9,99.37,20.82395,-6.56516,-15.56647,4e-05,-0.21749
10634.03,BTC-27SEP19,1563793142644,open,0.46,29.6,0.4165,0.534,0.47518904,103.26,0.58,0.0,BTC-27SEP19-15000-P,10484.94,64.3,0.427,2.5,0.5305,2.5,138.59,15.54728,-12.00259,-23.11802,7e-05,-0.71134
10764.51,BTC-27DEC19,1563793142653,open,0.0,205.7,0.0005,0.0415,0.00149157,100.87,0.002,0.0,BTC-27DEC19-2500-P,10484.94,95.62,0.001,10.0,0.002,2.0,105.21,1.1437,-0.36537,-0.33316,0.0,-0.00566
10634.03,BTC-27SEP19,1563793142682,open,1.61,0.0,1.5335,1.744,1.63860191,110.28,None,0.0,BTC-27SEP19-28000-P,10484.94,0.0,0.0,0.0,0.0,0.0,0.0,3.49858,-2.88475,-50.73241,2e-05,-0.96523
10634.03,BTC-27SEP19,1563793142701,open,1.25,0.2,1.177,1.358,1.26740679,107.59,1.6,0.0,BTC-27SEP19-24000-P,10484.94,0.0,0.0,0.0,0.0,0.0,0.0,5.57156,-4.48187,-42.9673,2e-05,-0.93788
10764.51,BTC-27DEC19,1563793142705,open,1.1,3.9,1.0335,1.2025,1.1181618,105.19,0.752,0.0,BTC-27DEC19-22000-P,10484.94,59.34,1.051,2.5,1.197,2.5,139.26,22.30113,-7.42929,-87.17168,4e-05,-0.75407
10634.03,BTC-27SEP19,1563793142728,open,0.38,748.2,0.3325,0.412,0.37235985,100.98,0.395,0.0,BTC-27SEP19-7000-C,10484.94,85.85,0.3605,4.0,0.389,4.0,119.32,9.01418,-6.80546,9.9239,4e-05,0.8817
10634.03,BTC-27SEP19,1563793142733,open,0.03,351.0,0.0005,0.0715,0.0306165,100.97,0.023,0.0,BTC-27SEP19-7000-P,10484.94,97.84,0.028,24.0,0.031,5.0,101.42,9.01348,-6.80434,-2.90118,4e-05,-0.11829
10509.19,SYN.BTC-2AUG19,1563793142733,open,0.02,15.4,0.0005,0.0615,0.0211108,111.42,0.0225,0.0,BTC-2AUG19-9000-P,10484.94,107.87,0.0195,24.0,0.0225,6.5,114.43,4.81738,-24.67697,-0.64063,0.00013,-0.18348
10634.03,BTC-27SEP19,1563793142735,open,0.07,381.3,0.025,0.1045,0.06463907,103.27,0.076,0.0,BTC-27SEP19-15000-C,10484.94,102.14,0.063,21.3,0.066,19.3,104.2,15.54819,-12.00456,4.36553,7e-05,0.2887
10764.51,BTC-27DEC19,1563793142749,open,0.68,4.0,0.6415,0.721,0.68116629,99.56,0.64,0.0,BTC-27DEC19-3500-C,10484.94,0.0,0.6165,8.0,0.7415,8.0,193.61,3.50233,-1.1043,13.88988,1e-05,0.97949
10509.19,SYN.BTC-2AUG19,1563793142752,open,0.02,15.4,0.0005,0.0615,0.0211108,111.42,0.0225,0.0,BTC-2AUG19-9000-P,10484.94,107.87,0.0195,24.0,0.0225,6.6,114.43,4.81738,-24.67697,-0.64063,0.00013,-0.18348
222.0,SYN.ETH-26JUL19,1563793142760,open,0.09,177.0,0.04,0.119,0.079608,119.58,0.11,0.0,ETH-26JUL19-210-C,221.92,106.64,0.075,185.0,0.081,196.0,123.43,0.08002,-1.23449,0.01453,0.01279,0.69593
10764.51,BTC-27DEC19,1563793142777,open,0.0,148.7,0.0005,0.0405,0.0007463,124.22,0.0005,0.0,BTC-27DEC19-1500-P,10484.94,118.49,0.0005,21.1,0.001,5.3,128.88,0.52858,-0.20795,-0.14627,0.0,-0.0024
10764.51,BTC-27DEC19,1563793142777,open,0.18,214.9,0.133,0.2125,0.17250535,101.52,0.175,0.0,BTC-27DEC19-14000-C,10484.94,99.8,0.168,8.0,0.1745,4.3,102.28,28.19285,-9.06419,14.13813,6e-05,0.47616
10509.19,SYN.BTC-2AUG19,1563793142785,open,0.21,0.0,0.164,0.2435,0.20354297,113.19,None,0.0,BTC-2AUG19-8500-C,10484.94,0.0,0.158,2.5,0.245,2.5,206.09,3.59204,-18.69305,2.12362,0.0001,0.88172
10764.51,BTC-27DEC19,1563793142820,open,0.21,178.5,0.165,0.262,0.21348001,99.55,0.215,0.0,BTC-27DEC19-10000-P,10484.94,97.46,0.2085,4.9,0.216,4.3,100.6,25.63896,-8.08314,-25.30535,5e-05,-0.33002
10764.51,BTC-27DEC19,1563793142824,open,0.01,250.0,0.0005,0.051,0.01094488,99.55,0.01,0.0,BTC-27DEC19-4000-P,10484.94,94.17,0.0085,10.1,0.0115,11.0,100.68,5.2023,-1.64014,-2.04264,1e-05,-0.03293
10764.51,BTC-27DEC19,1563793142830,open,3.07,0.0,2.938,3.2655,3.10183916,110.94,None,0.0,BTC-27DEC19-44000-P,10484.94,0.0,0.0005,10.0,0.0,0.0,0.0,8.30271,-2.91727,-188.24473,1e-05,-0.94118
10634.03,BTC-27SEP19,1563793142840,open,0.2,807.3,0.1575,0.237,0.19745698,100.97,0.1965,0.0,BTC-27SEP19-10000-C,10484.94,97.88,0.1925,8.1,0.1985,4.1,101.63,17.02992,-12.85666,8.62153,8e-05,0.63995
10493.58,SYN.BTC-26JUL19,1563793142895,open,0.01,653.8,0.0005,0.0535,0.01320259,117.09,0.012,0.0,BTC-26JUL19-9500-P,10484.94,108.97,0.011,39.0,0.014,27.0,119.94,2.91656,-44.05523,-0.22434,0.00021,-0.18814
10764.51,BTC-27DEC19,1563793142898,open,0.61,7.1,0.5585,0.688,0.62325807,102.4,0.491,0.0,BTC-27DEC19-16000-P,10484.94,80.91,0.5705,2.5,0.6845,2.5,126.05,27.36213,-8.87366,-56.92718,5e-05,-0.59939
222.75,SYN.ETH-30AUG19,1563793142915,open,0.01,19.0,0.001,0.055,0.014784,113.97,0.014,0.0,ETH-30AUG19-140-P,221.92,105.31,0.011,676.0,0.015,200.0,114.43,0.10364,-0.15192,-0.02147,0.00172,-0.0757
10493.58,SYN.BTC-26JUL19,1563793142930,open,0.6,0.0,0.5555,0.6845,0.62006859,144.74,None,0.0,BTC-26JUL19-17000-P,10484.94,0.0,0.0,0.0,0.0,0.0,0.0,0.02927,-0.54658,-1.80427,0.0,-0.99921
10634.03,BTC-27SEP19,1563793142939,open,0.77,55.9,0.7255,0.805,0.76531388,131.01,0.689,0.0,BTC-27SEP19-2500-C,10484.94,0.0,0.6985,8.0,0.8305,8.0,378.73,0.30222,-0.29603,4.53157,0.0,0.9979
10509.19,SYN.BTC-2AUG19,1563793142943,open,0.3,0.0,0.25,0.3295,0.28972483,117.32,None,0.0,BTC-2AUG19-7500-C,10484.94,0.0,0.2415,2.5,0.3345,2.5,258.33,1.51891,-8.1926,2.10322,4e-05,0.96139
10509.19,SYN.BTC-2AUG19,1563793142946,open,0.16,0.0,0.125,0.2185,0.17186802,111.78,None,0.0,BTC-2AUG19-12000-P,10484.94,0.0,0.1325,1.5,0.2145,1.5,179.4,6.07728,-31.23169,-2.80137,0.00017,-0.72275
10634.03,BTC-27SEP19,1563793142954,open,1.06,0.2,1.001,1.1675,1.08416039,106.79,1.391,0.0,BTC-27SEP19-22000-P,10484.94,0.0,0.0045,10.0,0.0,0.0,0.0,7.18345,-5.73522,-38.91977,3e-05,-0.91339
10764.51,BTC-27DEC19,1563793142954,open,3.8,1.0,3.647,4.0335,3.8402689,113.18,4.454,0.0,BTC-27DEC19-52000-P,10484.94,0.0,0.001,1.0,0.0,0.0,0.0,6.17437,-2.2131,-223.4747,1e-05,-0.9594
10493.58,SYN.BTC-26JUL19,1563793142962,open,0.02,448.1,0.0005,0.056,0.01636617,117.32,0.016,0.0,BTC-26JUL19-11500-C,10484.94,113.03,0.015,8.5,0.018,11.0,122.33,3.38322,-51.20494,0.25237,0.00025,0.24286
10509.21,SYN.BTC-2AUG19,1563793142963,open,0.01,4.2,0.0005,0.0525,0.01235707,113.19,0.011,0.0,BTC-2AUG19-8500-P,10484.94,109.13,0.011,30.0,0.013,5.8,115.05,3.5917,-18.68992,-0.40902,0.0001,-0.11826
10764.51,BTC-27DEC19,1563793142977,open,0.5,122.9,0.451,0.5305,0.49076183,99.55,0.502,0.0,BTC-27DEC19-6000-C,10484.94,76.58,0.465,8.0,0.541,8.0,136.52,13.41724,-4.23026,18.53214,3e-05,0.88879
10493.58,SYN.BTC-26JUL19,1563793142977,open,0.27,32.3,0.2365,0.339,0.28779063,123.46,0.29,0.0,BTC-26JUL19-13500-P,10484.94,0.0,0.2455,2.5,0.334,2.5,319.98,0.68742,-10.94922,-1.40411,5e-05,-0.97235
10493.58,SYN.BTC-26JUL19,1563793142980,open,0.7,0.0,0.647,0.7835,0.71534062,143.44,None,0.0,BTC-26JUL19-18000-P,10484.94,0.0,0.0,0.0,0.0,0.0,0.0,0.00719,-0.13307,-1.91111,0.0,-0.99983
10571.61,SYN.BTC-30AUG19,1563793142985,open,0.28,20.0,0.239,0.3185,0.2789606,106.26,0.2245,0.0,BTC-30AUG19-8000-C,10484.94,0.0,0.23,4.0,0.3235,4.0,156.34,8.53896,-11.66971,6.26932,7e-05,0.83575
10764.51,BTC-27DEC19,1563793142988,open,0.57,62.4,0.5215,0.601,0.56112823,99.55,0.533,0.0,BTC-27DEC19-5000-C,10484.94,0.0,0.5,8.0,0.615,8.0,150.96,9.18915,-2.89724,17.31475,2e-05,0.93301
10493.58,SYN.BTC-26JUL19,1563793142993,open,0.0,582.8,0.0005,0.0425,0.00276413,127.93,0.004,0.0,BTC-26JUL19-8500-P,10484.94,119.85,0.002,0.5,0.003,32.2,130.17,1.08005,-17.82532,-0.0566,7e-05,-0.04803
10509.19,SYN.BTC-2AUG19,1563793143034,open,0.24,0.0,0.202,0.3015,0.25167751,111.9,None,0.0,BTC-2AUG19-13000-P,10484.94,0.0,0.01,10.0,0.0,0.0,0.0,4.36953,-22.47986,-3.42609,0.00012,-0.84244
10634.03,BTC-27SEP19,1563793143039,open,1.43,0.0,1.3545,1.5505,1.45254976,109.0,None,0.0,BTC-27SEP19-26000-P,10484.94,0.0,0.0,0.0,0.0,0.0,0.0,4.40614,-3.5907,-46.88497,2e-05,-0.95381
10764.51,BTC-27DEC19,1563793143125,open,0.0,98.9,0.0005,0.041,0.0012477,113.23,0.001,0.0,BTC-27DEC19-2000-P,10484.94,101.16,0.0005,20.0,0.002,14.1,121.02,0.8832,-0.31672,-0.25541,0.0,-0.00424
10509.19,SYN.BTC-2AUG19,1563793143221,open,0.33,0.0,0.286,0.3925,0.33907668,112.54,None,0.0,BTC-2AUG19-14000-P,10484.94,0.0,0.01,10.0,0.0,0.0,0.0,2.79543,-14.46304,-3.93041,8e-05,-0.9161
10764.51,BTC-27DEC19,1563793143231,open,0.33,172.0,0.286,0.3655,0.32594831,99.55,0.3225,0.0,BTC-27DEC19-9000-C,10484.94,93.19,0.312,8.0,0.3275,8.0,100.26,23.57939,-7.43413,18.62727,5e-05,0.72602
10493.58,SYN.BTC-26JUL19,1563793143245,open,0.39,0.0,0.341,0.4205,0.38059536,145.22,0.3665,0.0,BTC-26JUL19-6500-C,10484.94,0.0,0.3295,4.0,0.4295,4.0,500.0,0.02018,-0.37811,0.68958,0.0,0.99947
225.42,ETH-27DEC19,1563793143255,open,2.01,0.0,1.929,2.172,2.050252,110.44,None,0.0,ETH-27DEC19-680-P,221.92,0.0,0.001,100.0,0.0,0.0,0.0,0.30287,-0.10594,-2.85351,0.00125,-0.87635
10764.51,BTC-27DEC19,1563793143257,open,0.38,205.5,0.334,0.4135,0.37366596,99.55,0.359,0.0,BTC-27DEC19-8000-C,10484.94,70.21,0.3185,8.0,0.419,8.0,122.85,20.82402,-6.56543,19.03602,4e-05,0.78251
222.15,SYN.ETH-2AUG19,1563793143270,open,0.01,640.0,0.001,0.054,0.013858,116.79,0.015,0.0,ETH-2AUG19-180-P,221.92,105.37,0.01,539.0,0.014,250.0,117.19,0.07947,-0.42672,-0.00927,0.00463,-0.12621
10493.58,SYN.BTC-26JUL19,1563793143272,open,0.0,375.4,0.0005,0.04,7e-08,145.0,0.001,0.0,BTC-26JUL19-21000-C,10484.94,0.0,0.0,0.0,0.0005,12.0,256.39,0.00013,-0.00075,0.0,0.0,0.0
10493.58,SYN.BTC-26JUL19,1563793143304,open,0.2,42.9,0.153,0.2325,0.19274561,127.93,0.19,0.0,BTC-26JUL19-8500-C,10484.94,0.0,0.1485,4.0,0.2335,4.0,309.54,1.08017,-17.82791,0.84595,7e-05,0.95196
225.42,ETH-27DEC19,1563793143323,open,0.16,172.0,0.12,0.199,0.159787,106.44,0.159,0.0,ETH-27DEC19-320-C,221.92,103.82,0.153,342.0,0.166,372.0,108.83,0.58478,-0.19712,0.27339,0.0025,0.44018
10764.51,BTC-27DEC19,1563793143327,open,0.08,157.7,0.0345,0.114,0.07442952,105.2,0.082,0.0,BTC-27DEC19-22000-C,10484.94,103.53,0.071,8.0,0.077,14.9,106.43,22.30316,-7.43067,7.98724,4e-05,0.24598
10509.19,SYN.BTC-2AUG19,1563793143353,open,0.05,44.0,0.002,0.0815,0.0415908,111.26,0.0435,0.0,BTC-2AUG19-11500-C,10484.94,107.21,0.039,5.0,0.043,3.2,113.45,6.75049,-34.53001,0.97996,0.00018,0.35454
10634.0,BTC-27SEP19,1563793143359,open,0.0,490.7,0.0005,0.04,0.00024853,143.19,0.0005,0.0,BTC-27SEP19-2000-P,10484.94,0.0,0.0,0.0,0.0005,8.1,154.31,0.18284,-0.19574,-0.02846,0.0,-0.00121
10764.51,BTC-27DEC19,1563793143373,open,0.47,91.3,0.4145,0.5315,0.4730622,101.51,0.485,0.0,BTC-27DEC19-14000-P,10484.94,99.77,0.4685,3.6,0.4805,3.6,104.35,28.19279,-9.06372,-46.41699,6e-05,-0.52386
10634.0,BTC-27SEP19,1563793143386,open,0.01,336.1,0.0005,0.0485,0.00856639,101.28,0.0095,0.0,BTC-27SEP19-5500-P,10484.94,99.76,0.008,4.0,0.0095,5.0,103.69,4.01352,-3.03925,-0.9686,2e-05,-0.04115
10634.0,BTC-27SEP19,1563793143438,open,0.39,78.3,0.3415,0.4525,0.39708242,102.71,0.4045,0.0,BTC-27SEP19-14000-P,10484.94,97.2,0.3885,7.5,0.4495,2.5,134.79,16.72481,-12.84372,-20.54726,8e-05,-0.6575
10634.0,BTC-27SEP19,1563793143460,open,0.02,382.9,0.0005,0.055,0.0153535,106.82,0.015,0.0,BTC-27SEP19-22000-C,10484.94,104.77,0.014,23.0,0.0165,24.0,108.48,7.18911,-5.74159,1.3902,3e-05,0.08671
10634.0,BTC-27SEP19,1563793143462,open,0.0,403.8,0.0005,0.04,0.00040555,130.92,0.0005,0.0,BTC-27SEP19-2500-P,10484.94,0.0,0.0,0.0,0.0005,4.9,134.01,0.30081,-0.29443,-0.04869,0.0,-0.00209
222.0,SYN.ETH-26JUL19,1563793143462,open,0.0,372.0,0.001,0.043,0.003122,118.64,0.006,0.0,ETH-26JUL19-270-C,221.92,108.62,0.002,255.0,0.004,217.0,125.18,0.02789,-0.42686,0.00138,0.00449,0.0618
223.35,ETH-27SEP19,1563793143475,open,2.36,0.0,2.269,2.541,2.40482,116.7,None,0.0,ETH-27SEP19-760-P,221.92,0.0,0.001,100.0,0.0,0.0,0.0,0.03378,-0.02948,-1.38767,0.00032,-0.98616
10493.58,SYN.BTC-26JUL19,1563793143478,open,0.48,0.0,0.436,0.5155,0.47587055,153.01,0.4,0.0,BTC-26JUL19-5500-C,10484.94,0.0,0.421,4.0,0.529,4.0,500.0,0.0007,-0.0139,0.58399,0.0,0.99999
10571.61,SYN.BTC-30AUG19,1563793143480,open,0.1,49.9,0.064,0.152,0.10790104,105.69,0.114,0.0,BTC-30AUG19-10000-P,10484.94,103.34,0.105,19.3,0.1095,4.1,106.99,13.01892,-17.69739,-5.37351,0.0001,-0.36933
10764.51,BTC-27DEC19,1563793143485,open,0.01,117.4,0.0005,0.0515,0.01160661,112.07,0.0115,0.0,BTC-27DEC19-48000-C,10484.94,109.53,0.01,18.0,0.013,8.0,114.1,7.12338,-2.52824,1.7167,1e-05,0.04848
10764.48,BTC-27DEC19,1563793143503,open,0.86,0.1,0.8215,0.901,0.86140042,124.25,0.84,0.0,BTC-27DEC19-1500-C,10484.94,0.0,0.7905,8.0,0.931,8.0,370.06,0.52922,-0.20825,6.34156,0.0,0.9976
10764.48,BTC-27DEC19,1563793143516,open,0.93,5.7,0.8705,1.026,0.94835714,104.44,1.085,0.0,BTC-27DEC19-20000-P,10484.94,71.81,0.886,2.5,1.021,2.5,134.53,24.16619,-7.99372,-77.2932,5e-05,-0.71171
10764.48,BTC-27DEC19,1563793143535,open,0.16,291.7,0.116,0.2085,0.16202218,99.55,0.177,0.0,BTC-27DEC19-9000-P,10484.94,96.8,0.156,4.9,0.1635,15.0,100.22,23.57942,-7.43386,-20.30071,5e-05,-0.27399
10764.48,BTC-27DEC19,1563793143535,open,0.06,246.7,0.022,0.1015,0.06194027,105.93,0.0655,0.0,BTC-27DEC19-24000-C,10484.94,104.37,0.059,12.9,0.064,4.9,107.01,20.4664,-6.86608,6.94529,4e-05,0.21111
10764.48,BTC-27DEC19,1563793143563,open,0.05,90.6,0.004,0.0835,0.04394322,107.19,0.0525,0.0,BTC-27DEC19-28000-C,10484.94,105.63,0.0415,8.0,0.046,4.9,108.47,17.06942,-5.79464,5.301,3e-05,0.1578
222.0,SYN.ETH-26JUL19,1563793143603,open,0.13,3.0,0.092,0.182,0.13696,116.61,0.1,0.0,ETH-26JUL19-250-P,221.92,0.0,0.093,25.0,0.179,25.0,238.88,0.05932,-0.89236,-0.02264,0.00972,-0.82338
10509.19,SYN.BTC-2AUG19,1563793143607,open,0.34,0.0,0.296,0.3755,0.33571835,122.58,None,0.0,BTC-2AUG19-7000-C,10484.94,0.0,0.2855,2.5,0.3825,2.5,293.47,0.92913,-5.23608,2.01318,2e-05,0.97863
10509.19,SYN.BTC-2AUG19,1563793143622,open,0.03,40.1,0.0005,0.0755,0.03431758,110.75,0.036,0.0,BTC-2AUG19-9500-P,10484.94,106.64,0.032,24.0,0.0355,3.0,112.83,5.95786,-30.33406,-0.94169,0.00016,-0.26641
222.0,SYN.ETH-26JUL19,1563793143644,open,0.38,0.0,0.33,0.409,0.369443,153.61,None,0.0,ETH-26JUL19-140-C,221.92,0.0,0.0,0.0,0.0,0.0,0.0,0.00104,-0.02058,0.01483,0.00013,0.99861
10764.48,BTC-27DEC19,1563793143647,open,0.02,220.3,0.0005,0.064,0.02417451,109.39,0.026,0.0,BTC-27DEC19-36000-C,10484.94,107.36,0.022,32.0,0.026,6.0,111.01,11.84279,-4.10273,3.23616,2e-05,0.09368
10764.48,BTC-27DEC19,1563793143652,open,1.62,2.0,1.5395,1.7505,1.64506654,107.17,1.563,0.0,BTC-27DEC19-28000-P,10484.94,0.0,1.5615,2.5,1.7425,2.5,154.68,17.06527,-5.79241,-115.81072,3e-05,-0.84226
225.42,ETH-27DEC19,1563793143652,open,1.68,0.0,1.6,1.816,1.707954,110.29,0.953,0.0,ETH-27DEC19-600-P,221.92,0.0,0.001,100.0,0.0,0.0,0.0,0.36338,-0.12692,-2.48254,0.0015,-0.83818
10493.58,SYN.BTC-26JUL19,1563793143654,open,0.04,307.5,0.0055,0.0885,0.04699506,113.6,0.048,0.0,BTC-26JUL19-10500-P,10484.94,106.31,0.044,23.3,0.0485,2.9,117.27,4.3077,-63.13243,-0.5858,0.00032,-0.47874
10764.48,BTC-27DEC19,1563793143656,open,1.98,0.3,1.8845,2.1245,2.00457281,108.08,1.875,0.0,BTC-27DEC19-32000-P,10484.94,0.0,1.9105,2.5,2.1155,2.5,165.76,14.12457,-4.83498,-134.32737,3e-05,-0.88045
225.42,ETH-27DEC19,1563793143683,open,2.18,0.0,2.095,2.352,2.223828,111.23,None,0.0,ETH-27DEC19-720-P,221.92,0.0,0.003,5.0,0.0,0.0,0.0,0.2804,-0.09877,-3.03518,0.00115,-0.8891
10634.0,BTC-27SEP19,1563793143722,open,0.1,207.5,0.061,0.1405,0.10058332,102.13,0.108,0.0,BTC-27SEP19-13000-C,10484.94,101.18,0.099,8.0,0.102,19.3,102.99,17.63959,-13.46965,5.92729,8e-05,0.4048
10634.0,BTC-27SEP19,1563793143722,open,0.0,309.3,0.0005,0.0425,0.00281265,103.54,0.0035,0.0,BTC-27SEP19-4500-P,10484.94,98.08,0.002,12.5,0.0035,5.0,107.43,1.75404,-1.3578,-0.35304,1e-05,-0.01531
10493.58,SYN.BTC-26JUL19,1563793143725,open,0.0,319.0,0.0005,0.041,0.00129063,123.48,0.0025,0.0,BTC-26JUL19-13500-C,10484.94,118.68,0.001,1.0,0.002,34.5,132.87,0.68771,-10.95496,0.02938,5e-05,0.02766
10493.58,SYN.BTC-26JUL19,1563793143728,open,0.0,64.9,0.0005,0.04,0.00025402,144.86,0.0005,0.0,BTC-26JUL19-15500-C,10484.94,0.0,0.0,0.0,0.0005,6.7,156.41,0.17199,-2.66563,0.00592,1e-05,0.00557
10493.58,SYN.BTC-26JUL19,1563793143757,open,0.0,723.7,0.0005,0.04,0.00047608,142.71,0.0005,0.0,BTC-26JUL19-7500-P,10484.94,0.0,0.0,0.0,0.001,8.3,158.4,0.26796,-4.93326,-0.01078,2e-05,-0.0092
10634.0,BTC-27SEP19,1563793143759,open,0.86,42.8,0.819,0.8985,0.85899323,145.34,0.815,0.0,BTC-27SEP19-1500-C,10484.94,0.0,0.7885,8.0,0.9285,8.0,500.0,0.04577,-0.04974,2.74206,0.0,0.99973
10764.48,BTC-27DEC19,1563793143759,open,0.05,277.4,0.0065,0.09,0.04814392,99.55,0.046,0.0,BTC-27DEC19-6000-P,10484.94,95.36,0.043,8.0,0.047,6.0,98.63,13.41686,-4.22995,-7.41958,3e-05,-0.11121
10634.0,BTC-27SEP19,1563793143763,open,0.72,225.7,0.679,0.7585,0.71875478,125.65,0.693,0.0,BTC-27SEP19-3000-C,10484.94,0.0,0.6535,8.0,0.782,8.0,327.53,0.58409,-0.54871,5.39449,0.0,0.99563
222.15,SYN.ETH-2AUG19,1563793143774,open,0.03,102.0,0.001,0.067,0.027108,116.88,0.035,0.0,ETH-2AUG19-260-C,221.92,111.11,0.024,200.0,0.029,180.0,120.31,0.1215,-0.65291,0.01466,0.00707,0.24862
10764.48,BTC-27DEC19,1563793143782,open,0.02,256.0,0.0005,0.0585,0.01857212,110.34,0.02,0.0,BTC-27DEC19-40000-C,10484.94,108.02,0.0165,28.0,0.0205,14.0,112.37,9.92831,-3.46945,2.58484,2e-05,0.07409
10634.0,BTC-27SEP19,1563793143782,open,0.02,463.8,0.0005,0.0625,0.0227515,105.95,0.0235,0.0,BTC-27SEP19-20000-C,10484.94,103.89,0.021,28.9,0.024,24.0,107.38,9.20093,-7.28854,1.92967,4e-05,0.12179
222.75,SYN.ETH-30AUG19,1563793143793,open,0.39,0.0,0.344,0.455,0.39909,114.87,None,0.0,ETH-30AUG19-300-P,221.92,0.0,0.0,0.0,0.0,0.0,0.0,0.24126,-0.35645,-0.2674,0.00397,-0.72798
10764.48,BTC-27DEC19,1563793143799,open,0.77,12.4,0.7115,0.8535,0.78261987,103.42,0.559,0.0,BTC-27DEC19-18000-P,10484.94,77.72,0.7255,2.5,0.8495,2.5,130.06,25.90461,-8.48483,-67.22517,5e-05,-0.66121
10764.48,BTC-27DEC19,1563793143819,open,0.46,63.0,0.419,0.4985,0.45859122,99.55,0.4965,0.0,BTC-27DEC19-6500-C,10484.94,45.44,0.4005,8.0,0.507,8.0,131.51,15.45956,-4.87414,18.86955,3e-05,0.86386
10571.61,SYN.BTC-30AUG19,1563793143823,open,0.03,78.2,0.0005,0.077,0.03569953,106.25,0.036,0.0,BTC-30AUG19-8000-P,10484.94,105.38,0.035,0.3,0.037,23.2,107.85,8.53865,-11.66861,-2.25123,7e-05,-0.16424
10634.0,BTC-27SEP19,1563793143852,open,0.0,533.9,0.0005,0.044,0.00414039,111.53,0.004,0.0,BTC-27SEP19-30000-C,10484.94,108.96,0.0035,15.0,0.005,1.1,114.6,2.79935,-2.33426,0.43699,1e-05,0.02657
10493.58,SYN.BTC-26JUL19,1563793143852,open,0.0,626.2,0.0005,0.04,3.156e-05,145.0,0.0005,0.0,BTC-26JUL19-17000-C,10484.94,0.0,0.0,0.0,0.0005,12.0,187.69,0.02982,-0.33117,0.00086,0.0,0.0008
225.42,ETH-27DEC19,1563793143889,open,0.04,424.0,0.001,0.079,0.039357,110.36,0.039,0.0,ETH-27DEC19-640-C,221.92,107.32,0.035,350.0,0.043,50.0,112.78,0.33194,-0.11602,0.09933,0.00137,0.14123
223.35,ETH-27SEP19,1563793143898,open,0.0,2988.0,0.001,0.044,0.004017,117.49,0.004,0.0,ETH-27SEP19-680-C,221.92,107.41,0.002,500.0,0.006,840.0,124.42,0.0556,-0.04884,0.00853,0.00052,0.02485
10571.61,SYN.BTC-30AUG19,1563793143915,open,0.44,0.0,0.3985,0.478,0.43826857,107.34,None,0.0,BTC-30AUG19-6000-C,10484.94,0.0,0.384,4.0,0.4895,4.0,209.8,2.76289,-3.81421,5.91327,2e-05,0.96344
10764.48,BTC-27DEC19,1563793143939,open,0.09,541.3,0.0505,0.13,0.09041191,104.45,0.0915,0.0,BTC-27DEC19-20000-C,10484.94,102.92,0.087,11.0,0.0935,14.9,105.82,24.16743,-7.99472,9.21469,5e-05,0.28832
10634.0,BTC-27SEP19,1563793143975,open,0.13,716.3,0.0865,0.166,0.12635897,101.88,0.13,0.0,BTC-27SEP19-12000-C,10484.94,100.21,0.1235,19.8,0.1275,18.5,102.55,18.12747,-13.80844,6.82114,9e-05,0.47645
10764.48,BTC-27DEC19,1563793143975,open,0.22,205.1,0.1805,0.26,0.22009095,100.54,0.2245,0.0,BTC-27DEC19-12000-C,10484.94,98.38,0.2145,8.0,0.2225,4.4,101.47,27.85546,-8.86946,16.10713,6e-05,0.56603
222.15,SYN.ETH-2AUG19,1563793143975,open,0.19,0.0,0.15,0.245,0.197455,116.85,None,0.0,ETH-2AUG19-260-P,221.92,0.0,0.0,0.0,0.0,0.0,0.0,0.12148,-0.65257,-0.06281,0.00707,-0.75147
10764.48,BTC-27DEC19,1563793143994,open,1.8,2.1,1.7115,1.937,1.82418786,107.63,1.95,0.0,BTC-27DEC19-30000-P,10484.94,0.0,1.7355,2.5,1.9285,2.5,160.24,15.52321,-5.29121,-125.11816,3e-05,-0.86304
10493.58,SYN.BTC-26JUL19,1563793143996,open,0.0,163.5,0.0005,0.04,1.61e-06,145.0,0.0005,0.0,BTC-26JUL19-19000-C,10484.94,0.0,0.0,0.0,0.0005,12.0,224.29,0.00216,-0.01692,5e-05,0.0,5e-05
225.42,ETH-27DEC19,1563793144004,open,2.36,0.0,2.262,2.533,2.397407,111.46,None,0.0,ETH-27DEC19-760-P,221.92,0.0,0.001,100.0,0.0,0.0,0.0,0.2569,-0.09068,-3.21673,0.00105,-0.90172
10509.18,SYN.BTC-2AUG19,1563793144006,open,0.01,3.3,0.0005,0.05,0.01001117,111.91,0.012,0.0,BTC-2AUG19-13500-C,10484.94,107.24,0.0085,45.0,0.01,0.2,111.88,3.52322,-18.12671,0.32906,0.0001,0.1151
10493.58,SYN.BTC-26JUL19,1563793144010,open,0.0,126.8,0.0005,0.04,1.8e-07,145.0,0.001,0.0,BTC-26JUL19-5500-P,10484.94,0.0,0.0,0.0,0.0005,12.0,259.61,0.00027,-0.00184,-1e-05,0.0,-1e-05
10493.58,SYN.BTC-26JUL19,1563793144010,open,0.03,384.8,0.0005,0.068,0.02840247,115.96,0.03,0.0,BTC-26JUL19-11000-C,10484.94,109.75,0.026,34.4,0.03,2.9,120.06,4.07884,-61.01822,0.37943,0.0003,0.36893
10571.59,SYN.BTC-30AUG19,1563793144012,open,0.7,0.0,0.6485,0.785,0.71679065,109.99,None,0.0,BTC-30AUG19-18000-P,10484.94,0.0,0.0,0.0,0.0,0.0,0.0,5.88797,-8.32913,-18.24668,4e-05,-0.90374
10493.58,SYN.BTC-26JUL19,1563793144021,open,0.0,214.7,0.0005,0.04,2.46e-06,145.0,0.0005,0.0,BTC-26JUL19-6000-P,10484.94,0.0,0.0,0.0,0.0005,16.7,227.37,0.00297,-0.0258,-8e-05,0.0,-7e-05
10493.58,SYN.BTC-26JUL19,1563793144026,open,0.23,28.7,0.192,0.291,0.24142874,122.41,0.3305,0.0,BTC-26JUL19-13000-P,10484.94,0.0,0.2,2.5,0.286,2.5,293.56,1.13341,-17.89863,-1.3264,8e-05,-0.94897
10764.48,BTC-27DEC19,1563793144033,open,0.64,27.2,0.5995,0.679,0.63935586,99.55,0.65,0.0,BTC-27DEC19-4000-C,10484.94,0.0,0.5765,8.0,0.6975,8.0,175.52,5.20311,-1.64051,15.25836,1e-05,0.96707
10634.0,BTC-27SEP19,1563793144041,open,0.65,0.0,0.609,0.6885,0.64865487,110.14,None,0.0,BTC-27SEP19-3750-C,10484.94,0.0,0.5865,8.0,0.7085,8.0,268.41,0.91067,-0.74993,6.705,0.0,0.99279
10493.58,SYN.BTC-26JUL19,1563793144058,open,0.16,60.4,0.1085,0.188,0.14839558,121.0,0.1745,0.0,BTC-26JUL19-9000-C,10484.94,0.0,0.106,4.0,0.188,4.0,266.73,1.868,-29.15863,0.83985,0.00013,0.90213
225.42,ETH-27DEC19,1563793144082,open,1.84,0.0,1.764,1.993,1.878376,110.27,None,0.0,ETH-27DEC19-640-P,221.92,0.0,0.001,100.0,0.0,0.0,0.0,0.33144,-0.11575,-2.66908,0.00137,-0.85908
10571.59,SYN.BTC-30AUG19,1563793144082,open,0.07,17.8,0.0265,0.106,0.06641361,107.67,0.0725,0.0,BTC-30AUG19-13000-C,10484.94,105.22,0.0635,27.3,0.0685,10.0,109.41,12.63987,-17.50328,3.07916,0.0001,0.33988
10493.58,SYN.BTC-26JUL19,1563793144090,open,0.0,512.6,0.0005,0.04,0.00012958,145.0,0.0005,0.0,BTC-26JUL19-16000-C,10484.94,0.0,0.0,0.0,0.0005,8.0,167.27,0.09875,-1.35971,0.00319,1e-05,0.00299
222.75,SYN.ETH-30AUG19,1563793144100,open,0.03,360.0,0.001,0.073,0.031937,113.98,0.028,0.0,ETH-30AUG19-160-P,221.92,108.48,0.028,276.0,0.032,200.0,114.07,0.16265,-0.23844,-0.04105,0.0027,-0.14108
10493.58,SYN.BTC-26JUL19,1563793144104,open,0.79,0.0,0.7385,0.883,0.81063164,136.55,None,0.0,BTC-26JUL19-19000-P,10484.94,0.0,0.0,0.0,0.0,0.0,0.0,0.00079,-0.0139,-2.01747,0.0,-0.99998
10634.0,BTC-27SEP19,1563793144119,open,0.0,1657.1,0.0005,0.04,4.876e-05,145.0,0.0005,0.0,BTC-27SEP19-1500-P,10484.94,0.0,0.0,0.0,0.0005,12.0,180.91,0.04472,-0.04848,-0.0061,0.0,-0.00026
10764.48,BTC-27DEC19,1563793144123,open,0.27,55.6,0.22,0.321,0.27043333,99.53,0.27,0.0,BTC-27DEC19-11000-P,10484.94,98.16,0.267,4.9,0.274,4.4,100.95,27.04683,-8.52551,-30.48425,5e-05,-0.38429
10634.0,BTC-27SEP19,1563793144123,open,0.54,790.2,0.495,0.5745,0.53478561,101.84,0.498,0.0,BTC-27SEP19-5000-C,10484.94,0.0,0.4765,8.0,0.5895,8.0,202.75,2.71763,-2.06924,8.56446,1e-05,0.97436
225.42,ETH-27DEC19,1563793144127,open,0.52,0.0,0.476,0.555,0.515353,105.05,None,0.0,ETH-27DEC19-120-C,221.92,0.0,0.001,1200.0,0.99,5.0,500.0,0.26808,-0.08919,0.37095,0.00116,0.8958
10493.58,SYN.BTC-26JUL19,1563793144150,open,0.25,41.7,0.1995,0.279,0.23900241,138.54,0.1785,0.0,BTC-26JUL19-8000-C,10484.94,0.0,0.193,4.0,0.2815,4.0,361.6,0.61733,-11.03382,0.82085,4e-05,0.97569
10634.0,BTC-27SEP19,1563793144181,open,0.01,288.9,0.0005,0.0505,0.01052662,107.64,0.0105,0.0,BTC-27SEP19-24000-C,10484.94,105.63,0.0095,15.0,0.0115,0.9,109.45,5.5792,-4.49003,1.00739,3e-05,0.06223
10764.48,BTC-27DEC19,1563793144181,open,0.73,0.0,0.685,0.7645,0.72461525,100.09,None,0.0,BTC-27DEC19-3000-C,10484.94,0.0,0.659,8.0,0.7875,8.0,218.06,2.14767,-0.68081,12.28173,0.0,0.9884
222.15,SYN.ETH-2AUG19,1563793144184,open,0.02,7.0,0.001,0.059,0.019753,117.06,0.019,0.0,ETH-2AUG19-270-C,221.92,113.3,0.018,200.0,0.022,662.0,121.71,0.1053,-0.56668,0.01151,0.00612,0.19371
10493.58,SYN.BTC-26JUL19,1563793144186,open,0.01,838.8,0.0005,0.046,0.00606243,120.99,0.007,0.0,BTC-26JUL19-9000-P,10484.94,114.78,0.005,0.6,0.0065,30.0,123.41,1.86793,-29.15683,-0.1158,0.00013,-0.09786
10493.58,SYN.BTC-26JUL19,1563793144189,open,0.37,10.8,0.3275,0.4375,0.38253866,140.18,0.166,0.0,BTC-26JUL19-14500-P,10484.94,0.0,0.3365,2.5,0.4315,2.5,372.38,0.41269,-7.46344,-1.52362,3e-05,-0.98486
10634.0,BTC-27SEP19,1563793144206,open,0.55,34.4,0.4945,0.6185,0.55667662,103.84,0.6695,0.0,BTC-27SEP19-16000-P,10484.94,44.79,0.506,2.5,0.6145,2.5,142.68,14.24455,-11.05933,-25.59631,7e-05,-0.75705
10509.18,SYN.BTC-2AUG19,1563793144214,open,0.39,0.0,0.343,0.4225,0.38250203,129.92,None,0.0,BTC-2AUG19-6500-C,10484.94,0.0,0.331,2.5,0.4315,2.5,333.7,0.56992,-3.40398,1.89578,1e-05,0.98792
10764.48,BTC-27DEC19,1563793144218,open,0.53,59.5,0.485,0.5645,0.52493697,99.55,0.49,0.0,BTC-27DEC19-5500-C,10484.94,0.0,0.465,8.0,0.577,8.0,142.87,11.30862,-3.56544,18.02037,2e-05,0.91197
222.75,SYN.ETH-30AUG19,1563793144221,open,0.46,0.0,0.418,0.535,0.476708,115.56,None,0.0,ETH-30AUG19-320-P,221.92,0.0,0.0,0.0,0.0,0.0,0.0,0.21529,-0.31998,-0.29814,0.00353,-0.77994
10493.58,SYN.BTC-26JUL19,1563793144227,open,0.89,0.0,0.83,0.982,0.90592669,0.0,None,0.0,BTC-26JUL19-20000-P,10484.94,0.0,0.0,0.0,0.0,0.0,0.0,0.0,0.0,-2.12367,0.0,-1.0
10571.59,SYN.BTC-30AUG19,1563793144229,open,0.44,0.0,0.3965,0.5125,0.45463479,108.66,None,0.0,BTC-30AUG19-15000-P,10484.94,0.0,0.0005,3.0,0.0,0.0,0.0,9.91957,-13.86234,-14.02375,8e-05,-0.79085
10633.93,BTC-27SEP19,1563793144241,open,0.5,221.9,0.4515,0.531,0.49136108,101.3,0.51,0.0,BTC-27SEP19-5500-C,10484.94,0.0,0.4345,8.0,0.544,8.0,184.43,4.01519,-3.04105,9.10801,2e-05,0.95883
10633.93,BTC-27SEP19,1563793144249,open,0.45,714.8,0.41,0.4895,0.44959035,100.99,0.434,0.0,BTC-27SEP19-6000-C,10484.94,0.0,0.3945,8.0,0.5005,8.0,170.0,5.54736,-4.18857,9.52033,3e-05,0.93822
10633.93,BTC-27SEP19,1563793144254,open,0.0,303.7,0.0005,0.0435,0.00361382,101.86,0.004,0.0,BTC-27SEP19-4750-P,10484.94,95.73,0.0025,39.0,0.0045,5.0,105.97,2.14759,-1.6356,-0.44838,1e-05,-0.0194
10764.48,BTC-27DEC19,1563793144263,open,0.01,714.5,0.0005,0.0495,0.00962904,113.26,0.0105,0.0,BTC-27DEC19-52000-C,10484.94,110.26,0.008,10.0,0.0105,7.9,114.73,6.19461,-2.22204,1.44945,1e-05,0.04076
10633.93,BTC-27SEP19,1563793144276,open,1.98,0.0,1.892,2.1325,2.01237426,112.7,None,0.0,BTC-27SEP19-32000-P,10484.94,0.0,0.0,0.0,0.0,0.0,0.0,2.2554,-1.90047,-58.29146,1e-05,-0.97945
10633.93,BTC-27SEP19,1563793144276,open,0.01,596.3,0.0005,0.054,0.01381458,100.98,0.0125,0.0,BTC-27SEP19-6000-P,10484.94,97.39,0.012,24.0,0.015,5.0,103.21,5.54603,-4.18697,-1.47242,3e-05,-0.06176
10764.48,BTC-27DEC19,1563793144288,open,0.43,54.4,0.3885,0.468,0.42839355,99.55,0.4345,0.0,BTC-27DEC19-7000-C,10484.94,59.4,0.371,8.0,0.4755,8.0,127.81,17.39329,-5.48379,19.05287,3e-05,0.8376
222.75,SYN.ETH-30AUG19,1563793144297,open,0.26,557.0,0.211,0.29,0.250337,114.0,0.233,0.0,ETH-30AUG19-180-C,221.92,89.07,0.227,120.0,0.27,120.0,133.72,0.21747,-0.31886,0.12472,0.00361,0.77601
222.0,SYN.ETH-26JUL19,1563793144297,open,0.16,0.0,0.112,0.191,0.151035,126.73,None,0.0,ETH-26JUL19-190-C,221.92,0.0,0.0,0.0,0.0,0.0,0.0,0.0414,-0.67694,0.01755,0.00624,0.89567
222.0,SYN.ETH-26JUL19,1563793144308,open,0.0,0.0,0.001,0.04,3.3e-05,145.0,None,0.0,ETH-26JUL19-140-P,221.92,0.0,0.0,0.0,0.001,300.0,209.51,0.00062,-0.0074,-2e-05,8e-05,-0.00079
10509.18,SYN.BTC-2AUG19,1563793144311,open,0.17,0.0,0.125,0.2045,0.16471844,111.42,None,0.0,BTC-2AUG19-9000-C,10484.94,0.0,0.121,2.5,0.2055,2.5,189.44,4.81749,-24.67822,2.04102,0.00013,0.81652
10633.93,BTC-27SEP19,1563793144315,open,0.31,901.9,0.2645,0.344,0.30438756,100.98,0.32,0.0,BTC-27SEP19-8000-C,10484.94,46.32,0.2535,4.0,0.321,4.0,114.91,12.38787,-9.3524,9.83361,6e-05,0.8091
225.42,ETH-27DEC19,1563793144320,open,0.11,525.0,0.068,0.147,0.107033,107.52,0.11,0.0,ETH-27DEC19-400-C,221.92,104.95,0.101,366.0,0.113,296.0,110.03,0.5327,-0.1814,0.21125,0.00225,0.32369
222.0,SYN.ETH-26JUL19,1563793144320,open,1.67,0.0,1.595,1.81,1.702661,0.0,None,0.0,ETH-26JUL19-600-P,221.92,0.0,0.001,100.0,0.0,0.0,0.0,0.0,0.0,-0.06371,0.0,-1.0
225.42,ETH-27DEC19,1563793144325,open,0.05,1911.0,0.006,0.089,0.047669,105.03,0.046,0.0,ETH-27DEC19-120-P,221.92,100.18,0.042,285.0,0.048,50.0,105.31,0.26805,-0.08916,-0.14805,0.00116,-0.10418
10633.93,BTC-27SEP19,1563793144334,open,0.0,1061.8,0.0005,0.042,0.00206249,104.56,0.0015,0.0,BTC-27SEP19-4250-P,10484.94,94.34,0.001,30.0,0.003,20.0,110.99,1.37165,-1.07228,-0.26453,1e-05,-0.01151
10633.93,BTC-27SEP19,1563793144338,open,0.56,13.5,0.517,0.5965,0.5569363,101.89,0.382,0.0,BTC-27SEP19-4750-C,10484.94,0.0,0.498,8.0,0.613,8.0,213.73,2.14965,-1.63764,8.25408,1e-05,0.98058
10633.93,BTC-27SEP19,1563793144364,open,0.09,192.8,0.049,0.136,0.09252526,100.97,0.0955,0.0,BTC-27SEP19-9000-P,10484.94,98.14,0.0885,11.9,0.094,4.6,102.0,15.14857,-11.4356,-7.13257,7e-05,-0.27356
10633.93,BTC-27SEP19,1563793144368,open,0.01,193.2,0.0005,0.0455,0.00557517,110.38,0.0125,0.0,BTC-27SEP19-28000-C,10484.94,106.89,0.0045,15.0,0.007,35.7,114.39,3.51037,-2.89685,0.5717,2e-05,0.03492
10493.58,SYN.BTC-26JUL19,1563793144379,open,0.0,564.7,0.0005,0.04,7.29e-06,145.0,0.0005,0.0,BTC-26JUL19-18000-C,10484.94,0.0,0.0,0.0,0.0005,12.0,206.63,0.00829,-0.07646,0.00022,0.0,0.0002
10493.58,SYN.BTC-26JUL19,1563793144379,open,0.14,306.5,0.1065,0.1985,0.15251468,118.43,0.16,0.0,BTC-26JUL19-12000-P,10484.94,80.2,0.1455,2.5,0.1595,2.5,144.52,2.5166,-38.44996,-1.1175,0.00018,-0.85041
10493.58,SYN.BTC-26JUL19,1563793144379,open,0.34,4.8,0.2935,0.373,0.33305086,145.05,0.455,0.0,BTC-26JUL19-7000-C,10484.94,0.0,0.2835,4.0,0.38,4.0,483.96,0.08965,-1.67752,0.74015,1e-05,0.99731
223.35,ETH-27SEP19,1563793144381,open,2.01,0.0,1.927,2.17,2.04843,116.93,None,0.0,ETH-27SEP19-680-P,221.92,0.0,0.0,0.0,0.0,0.0,0.0,0.05434,-0.0475,-1.2376,0.00051,-0.97582
10633.93,BTC-27SEP19,1563793144397,open,0.01,103.7,0.0005,0.0475,0.00759623,109.06,0.012,0.0,BTC-27SEP19-26000-C,10484.94,106.3,0.0065,15.0,0.009,32.0,112.27,4.41572,-3.6007,0.75442,2e-05,0.04632
222.0,SYN.ETH-26JUL19,1563793144399,open,0.33,0.0,0.285,0.364,0.324501,145.16,None,0.0,ETH-26JUL19-150-C,221.92,0.0,0.0,0.0,0.0,0.0,0.0,0.00241,-0.04516,0.01584,0.00032,0.99649
222.0,SYN.ETH-26JUL19,1563793144406,open,1.31,0.0,1.249,1.435,1.342306,0.0,None,0.0,ETH-26JUL19-520-P,221.92,0.0,0.0,0.0,0.0,0.0,0.0,0.0,0.0,-0.05522,0.0,-1.0
10493.58,SYN.BTC-26JUL19,1563793144409,open,0.29,17.0,0.246,0.3255,0.28575371,142.73,0.246,0.0,BTC-26JUL19-7500-C,10484.94,0.0,0.238,4.0,0.331,4.0,421.89,0.26813,-4.93703,0.78559,2e-05,0.99079
10509.18,SYN.BTC-2AUG19,1563793144415,open,0.25,0.0,0.2055,0.285,0.24529307,114.29,None,0.0,BTC-2AUG19-8000-C,10484.94,0.0,0.1985,2.5,0.2885,2.5,229.39,2.41543,-12.6918,2.14643,6e-05,0.93076
222.75,SYN.ETH-30AUG19,1563793144424,open,0.03,1221.0,0.001,0.07,0.030484,115.79,0.032,0.0,ETH-30AUG19-340-C,221.92,114.01,0.029,160.0,0.033,650.0,118.72,0.18817,-0.28022,0.03456,0.00308,0.17614
10633.93,BTC-27SEP19,1563793144437,open,0.0,551.1,0.0005,0.043,0.00317835,112.89,0.0035,0.0,BTC-27SEP19-32000-C,10484.94,109.46,0.0025,15.0,0.004,2.1,116.44,2.27463,-1.91983,0.34255,1e-05,0.02076
10764.48,BTC-27DEC19,1563793144437,open,3.43,0.0,3.292,3.6495,3.47067498,112.0,None,0.0,BTC-27DEC19-48000-P,10484.94,0.0,0.0,0.0,0.0,0.0,0.0,7.10745,-2.52118,-205.90502,1e-05,-0.95166
222.15,SYN.ETH-2AUG19,1563793144458,open,0.03,5.0,0.001,0.077,0.036523,116.81,0.045,0.0,ETH-2AUG19-200-P,221.92,108.77,0.032,433.0,0.038,375.0,119.41,0.12609,-0.67715,-0.02009,0.00734,-0.26704
10493.58,SYN.BTC-26JUL19,1563793144461,open,0.46,0.0,0.4185,0.536,0.47734694,144.8,None,0.0,BTC-26JUL19-15500-P,10484.94,0.0,0.0,0.0,0.0,0.0,0.0,0.17154,-3.20447,-1.63994,1e-05,-0.99445
10633.93,BTC-27SEP19,1563793144468,open,0.04,321.3,0.0005,0.074,0.0340441,104.84,0.0355,0.0,BTC-27SEP19-18000-C,10484.95,103.87,0.033,8.0,0.035,19.3,105.71,11.58101,-9.07757,2.67706,5e-05,0.17144
10633.93,BTC-27SEP19,1563793144468,open,1.8,0.0,1.7125,1.938,1.82527204,111.43,None,0.0,BTC-27SEP19-30000-P,10484.95,0.0,0.0,0.0,0.0,0.0,0.0,2.78745,-2.32224,-54.53144,1e-05,-0.97357
10764.48,BTC-27DEC19,1563793144468,open,0.77,0.0,0.7295,0.809,0.76924699,100.88,None,0.0,BTC-27DEC19-2500-C,10484.95,0.0,0.702,8.0,0.8345,8.0,250.57,1.14406,-0.36551,10.48012,0.0,0.99433
10633.93,BTC-27SEP19,1563793144468,open,0.25,377.8,0.2065,0.286,0.2461871,100.97,0.2695,0.0,BTC-27SEP19-9000-C,10484.95,96.97,0.2405,8.1,0.2475,4.4,101.9,15.14867,-11.43642,9.35708,7e-05,0.72644
10633.93,BTC-27SEP19,1563793144469,open,0.32,31.5,0.2705,0.3755,0.323068,102.12,0.306,0.0,BTC-27SEP19-13000-P,10484.95,97.54,0.3155,2.5,0.373,2.5,131.74,17.63915,-13.4681,-17.89173,8e-05,-0.59523
10764.48,BTC-27DEC19,1563793144469,open,0.41,93.7,0.3605,0.44,0.40010667,99.55,0.346,0.0,BTC-27DEC19-7500-C,10484.95,66.13,0.344,8.0,0.4145,8.0,107.57,19.18808,-6.04955,19.10219,4e-05,0.81037
10764.48,BTC-27DEC19,1563793144470,open,0.25,436.7,0.209,0.2885,0.24856107,99.53,0.25,0.0,BTC-27DEC19-11000-C,10484.95,97.72,0.244,8.0,0.252,4.4,100.9,27.04675,-8.52573,17.09457,5e-05,0.61571
10633.94,BTC-27SEP19,1563793144471,open,0.08,171.9,0.041,0.1205,0.08056309,102.72,0.086,0.0,BTC-27SEP19-14000-C,10484.95,101.41,0.0785,20.8,0.082,19.3,103.63,16.72512,-12.84507,5.10385,8e-05,0.34252
10633.94,BTC-27SEP19,1563793144471,open,0.7,0.0,0.6555,0.735,0.69539023,120.41,None,0.0,BTC-27SEP19-3250-C,10484.95,0.0,0.631,8.0,0.7575,8.0,305.77,0.68954,-0.62074,5.83225,0.0,0.99473
10764.48,BTC-27DEC19,1563793144471,open,0.01,115.8,0.0005,0.0465,0.00630568,99.55,0.0065,0.0,BTC-27DEC19-3500-P,10484.95,95.27,0.005,10.0,0.0065,5.0,100.14,3.50136,-1.10389,-1.24842,1e-05,-0.02051
10764.48,BTC-27DEC19,1563793144471,open,0.05,151.9,0.012,0.0915,0.05194065,106.57,0.057,0.0,BTC-27DEC19-26000-C,10484.95,105.15,0.0495,8.0,0.054,4.9,107.74,18.70581,-6.31337,6.05564,4e-05,0.182
10764.49,BTC-27DEC19,1563793144471,open,0.54,5.6,0.485,0.608,0.54660795,101.85,0.5485,0.0,BTC-27DEC19-15000-P,10484.95,81.93,0.496,2.5,0.605,2.5,124.2,27.88231,-8.99413,-51.69685,5e-05,-0.56371
10633.94,BTC-27SEP19,1563793144472,open,0.06,173.2,0.0125,0.092,0.05208235,103.85,0.0605,0.0,BTC-27SEP19-16000-C,10484.95,102.67,0.0505,21.7,0.053,19.3,104.54,14.24553,-11.06126,3.71943,7e-05,0.24298
10764.49,BTC-27DEC19,1563793144472,open,0.03,236.7,0.0005,0.0665,0.02561364,99.55,0.0225,0.0,BTC-27DEC19-5000-P,10484.95,95.81,0.0225,4.0,0.025,6.0,98.83,9.18861,-2.89693,-4.31164,2e-05,-0.06699
10764.49,BTC-27DEC19,1563793144472,open,0.82,0.0,0.7755,0.855,0.81545203,113.23,None,0.0,BTC-27DEC19-2000-C,10484.95,0.0,0.7465,8.0,0.8825,8.0,296.8,0.88339,-0.3168,8.39525,0.0,0.99576
10509.18,SYN.BTC-2AUG19,1563793144468,open,0.0,90.2,0.0005,0.0415,0.00180106,122.57,0.0025,0.0,BTC-2AUG19-7000-P,10484.95,111.81,0.001,0.2,0.0025,4.9,129.7,0.92874,-5.23328,-0.07253,2e-05,-0.02136
10493.58,SYN.BTC-26JUL19,1563793144470,open,0.0,542.3,0.0005,0.04,0.00012508,145.0,0.0005,0.0,BTC-26JUL19-7000-P,10484.95,0.0,0.0,0.0,0.0005,7.6,169.76,0.08943,-1.31253,-0.00313,1e-05,-0.00268
10633.94,BTC-27SEP19,1563793144473,open,0.16,501.1,0.1175,0.197,0.15735416,100.97,0.1615,0.0,BTC-27SEP19-11000-C,10484.95,99.29,0.1545,8.0,0.1595,14.4,102.24,17.9874,-13.57946,7.74372,9e-05,0.5548
10509.18,SYN.BTC-2AUG19,1563793144468,open,0.11,15.1,0.0605,0.14,0.10045004,109.87,0.1045,0.0,BTC-2AUG19-10000-C,10484.95,106.08,0.098,18.0,0.102,3.4,112.27,6.791,-34.30349,1.68745,0.00019,0.63934
10493.58,SYN.BTC-26JUL19,1563793144469,open,0.41,10.0,0.373,0.487,0.42992474,144.32,0.17,0.0,BTC-26JUL19-15000-P,10484.95,0.0,0.3825,2.5,0.481,2.5,398.94,0.28704,-5.3445,-1.58219,2e-05,-0.99005
10493.58,SYN.BTC-26JUL19,1563793144470,open,0.0,434.3,0.0005,0.0405,0.00074206,140.2,0.001,0.0,BTC-26JUL19-14500-C,10484.95,133.21,0.0005,2.0,0.001,5.7,146.12,0.41301,-7.47033,0.01605,3e-05,0.01515
10571.59,SYN.BTC-30AUG19,1563793144471,open,0.36,0.0,0.319,0.428,0.37345479,108.53,None,0.0,BTC-30AUG19-14000-P,10484.95,51.26,0.328,2.5,0.4245,2.5,152.12,11.38605,-15.89393,-12.436,9e-05,-0.73102
10571.59,SYN.BTC-30AUG19,1563793144471,open,0.02,264.3,0.0005,0.054,0.01412396,110.01,0.0135,0.0,BTC-30AUG19-18000-C,10484.95,107.0,0.0125,18.0,0.014,0.1,109.78,5.89004,-8.33342,0.9253,4e-05,0.0963
10493.58,SYN.BTC-26JUL19,1563793144470,open,0.32,10.8,0.282,0.388,0.33493965,128.38,0.484,0.0,BTC-26JUL19-14000-P,10484.95,0.0,0.2905,2.5,0.3825,2.5,346.14,0.46256,-7.66074,-1.46818,3e-05,-0.98271
10571.59,SYN.BTC-30AUG19,1563793144474,open,0.61,0.0,0.5625,0.6925,0.62758317,110.0,None,0.0,BTC-30AUG19-17000-P,10484.95,0.0,0.0,0.0,0.0,0.0,0.0,7.15557,-10.12312,-16.9034,5e-05,-0.87365
10493.58,SYN.BTC-26JUL19,1563793144469,open,0.18,55.9,0.148,0.2435,0.19574916,118.54,0.1925,0.0,BTC-26JUL19-12500-P,10484.95,0.0,0.156,2.5,0.239,2.5,267.79,1.68475,-25.7649,-1.23749,0.00012,-0.91486
10571.59,SYN.BTC-30AUG19,1563793144472,open,0.02,137.6,0.0005,0.0565,0.01603248,106.25,0.015,0.0,BTC-30AUG19-7000-P,10484.95,104.22,0.015,0.2,0.017,24.0,108.11,5.44217,-7.43714,-1.15514,4e-05,-0.08656
10493.58,SYN.BTC-26JUL19,1563793144474,open,0.0,680.6,0.0005,0.04,0.00047966,144.34,0.0005,0.0,BTC-26JUL19-15000-C,10484.95,0.0,0.0,0.0,0.001,9.4,158.81,0.28728,-5.03334,0.01057,2e-05,0.00996
225.42,ETH-27DEC19,1563793144537,open,0.41,0.0,0.363,0.442,0.40258,105.05,None,0.0,ETH-27DEC19-160-C,221.92,0.0,0.001,1100.0,0.98,5.0,500.0,0.41506,-0.13808,0.38749,0.0018,0.8
225.42,ETH-27DEC19,1563793144543,open,0.86,16.0,0.807,0.956,0.88142,107.49,1.195,0.0,ETH-27DEC19-400-P,221.92,75.32,0.814,110.0,1.49,1.0,375.43,0.53261,-0.18132,-1.51895,0.00225,-0.67644
222.15,SYN.ETH-2AUG19,1563793144582,open,0.02,6.0,0.001,0.054,0.01434,117.47,0.031,0.0,ETH-2AUG19-280-C,221.92,114.07,0.013,2.0,0.016,424.0,121.53,0.08909,-0.48116,0.00893,0.00516,0.1492
222.75,SYN.ETH-30AUG19,1563793144614,open,0.54,0.0,0.495,0.619,0.55681,115.74,None,0.0,ETH-30AUG19-340-P,221.92,0.0,0.0,0.0,0.0,0.0,0.0,0.18808,-0.27997,-0.3276,0.00307,-0.82399
222.15,SYN.ETH-2AUG19,1563793144653,open,0.12,0.0,0.069,0.148,0.108271,116.5,None,0.0,ETH-2AUG19-210-C,221.92,111.39,0.105,150.0,0.109,180.0,117.64,0.14231,-0.76222,0.03574,0.00831,0.64814
222.15,SYN.ETH-2AUG19,1563793144843,open,0.05,5.0,0.012,0.095,0.05356,116.49,0.058,0.0,ETH-2AUG19-210-P,221.92,109.36,0.049,200.0,0.055,182.0,118.74,0.14231,-0.76215,-0.02684,0.00831,-0.35186
223.35,ETH-27SEP19,1563793144892,open,0.8,79.0,0.753,0.898,0.825789,112.64,0.351,0.0,ETH-27SEP19-400-P,221.92,0.0,0.01,1.0,0.0,0.0,0.0,0.23885,-0.20116,-0.67896,0.00232,-0.83335
223.35,ETH-27SEP19,1563793144892,open,1.48,24.0,1.416,1.616,1.516328,114.77,1.356,0.0,ETH-27SEP19-560-P,221.92,0.0,0.0,0.0,0.0,0.0,0.0,0.10177,-0.08733,-1.00845,0.00097,-0.94797
223.35,ETH-27SEP19,1563793144896,open,0.0,489.0,0.001,0.041,0.000996,132.62,0.002,0.0,ETH-27SEP19-60-P,221.92,0.0,0.0,0.0,0.002,580.0,146.03,0.01301,-0.0129,-0.00232,0.00011,-0.00467
222.0,SYN.ETH-26JUL19,1563793144896,open,0.6,1047.0,0.557,0.686,0.621627,143.39,0.2,0.0,ETH-26JUL19-360-P,221.92,0.0,0.005,1.0,0.0,0.0,0.0,0.00055,-0.01016,-0.03821,7e-05,-0.99931
222.0,SYN.ETH-26JUL19,1563793144896,open,0.29,0.0,0.24,0.319,0.279799,140.84,None,0.0,ETH-26JUL19-160-C,221.92,0.0,0.0,0.0,0.0,0.0,0.0,0.00606,-0.11003,0.01674,0.00082,0.99008
223.35,ETH-27SEP19,1563793144906,open,0.42,769.0,0.374,0.488,0.430992,110.64,0.391,0.0,ETH-27SEP19-300-P,221.92,101.02,0.416,110.0,0.442,110.0,117.51,0.35399,-0.29281,-0.44251,0.0035,-0.65034
222.0,SYN.ETH-26JUL19,1563793144925,open,0.0,2266.0,0.001,0.04,0.000509,140.77,0.001,0.0,ETH-26JUL19-160-P,221.92,0.0,0.0,0.0,0.001,241.0,154.96,0.00604,-0.1097,-0.00025,0.00082,-0.00989
225.42,ETH-27DEC19,1563793144941,open,1.02,0.0,0.96,1.122,1.041147,108.22,None,0.0,ETH-27DEC19-440-P,221.92,61.17,0.963,110.0,0.0,0.0,0.0,0.49877,-0.17095,-1.71748,0.0021,-0.72033
222.0,SYN.ETH-26JUL19,1563793144959,open,0.2,100.0,0.152,0.231,0.191906,126.89,0.143,0.0,ETH-26JUL19-180-C,221.92,0.0,0.0,0.0,0.0,0.0,0.0,0.02265,-0.37084,0.01793,0.00341,0.95248
225.42,ETH-27DEC19,1563793144962,open,0.32,90.0,0.276,0.355,0.315016,105.04,0.324,0.0,ETH-27DEC19-200-C,221.92,0.0,0.001,1000.0,0.322,278.0,108.09,0.51703,-0.17199,0.3734,0.00224,0.69798
222.0,SYN.ETH-26JUL19,1563793144967,open,0.09,1348.0,0.057,0.144,0.100488,116.57,0.078,0.0,ETH-26JUL19-240-P,221.92,100.14,0.095,50.0,0.103,50.0,123.75,0.07674,-1.15403,-0.01939,0.01258,-0.72202
223.35,ETH-27SEP19,1563793144970,open,1.31,12.0,1.248,1.434,1.340866,114.64,1.193,0.0,ETH-27SEP19-520-P,221.92,0.0,0.0,0.0,0.0,0.0,0.0,0.12818,-0.10987,-0.92935,0.00122,-0.93013
223.35,ETH-27SEP19,1563793144970,open,0.72,259.0,0.674,0.813,0.743328,112.48,0.94,0.0,ETH-27SEP19-380-P,221.92,0.0,0.009,8.0,0.0,0.0,0.0,0.2628,-0.22099,-0.63401,0.00256,-0.80596
222.0,SYN.ETH-26JUL19,1563793144970,open,0.0,1780.0,0.001,0.04,2e-06,145.0,0.001,0.0,ETH-26JUL19-400-C,221.92,0.0,0.0,0.0,0.001,300.0,241.5,5e-05,-0.00041,0.0,1e-05,6e-05
223.35,ETH-27SEP19,1563793144975,open,0.48,47.0,0.437,0.516,0.476769,108.52,0.689,0.0,ETH-27SEP19-120-C,221.92,0.0,0.001,100.0,0.0,0.0,0.0,0.11127,-0.09028,0.19028,0.00112,0.94175
222.0,SYN.ETH-26JUL19,1563793144975,open,0.12,151.0,0.073,0.152,0.112627,121.77,0.129,0.0,ETH-26JUL19-200-C,221.92,103.97,0.108,127.0,0.113,176.0,123.12,0.06117,-0.961,0.01654,0.0096,0.81448
223.35,ETH-27SEP19,1563793144977,open,0.64,233.0,0.596,0.728,0.662353,112.26,0.763,0.0,ETH-27SEP19-360-P,221.92,0.0,0.0,0.0,0.99,1.0,313.46,0.28721,-0.24105,-0.58793,0.0028,-0.77433
222.0,SYN.ETH-26JUL19,1563793144977,open,0.25,867.0,0.213,0.313,0.262814,119.27,0.42,0.0,ETH-26JUL19-280-P,221.92,0.0,0.214,25.0,0.306,25.0,298.82,0.0172,-0.26457,-0.02897,0.00275,-0.96616
223.35,ETH-27SEP19,1563793144979,open,0.65,0.0,0.605,0.684,0.644298,119.46,None,0.0,ETH-27SEP19-80-C,221.92,0.0,0.003,10.0,0.0,0.0,0.0,0.02943,-0.02629,0.14073,0.00027,0.9882
222.0,SYN.ETH-26JUL19,1563793144979,open,0.51,1130.0,0.471,0.592,0.531625,144.53,0.6,0.0,ETH-26JUL19-340-P,221.92,0.0,0.482,25.0,0.584,25.0,443.1,0.00187,-0.03496,-0.03604,0.00025,-0.99734
222.15,SYN.ETH-2AUG19,1563793144979,open,0.01,262.0,0.001,0.05,0.010195,117.47,0.012,0.0,ETH-2AUG19-290-C,221.92,110.45,0.008,250.0,0.012,757.0,122.75,0.07331,-0.39594,0.00678,0.00424,0.11258
222.0,SYN.ETH-26JUL19,1563793144986,open,0.0,1920.0,0.001,0.04,8e-06,145.0,0.001,0.0,ETH-26JUL19-380-C,221.92,0.0,0.0,0.0,0.001,300.0,223.68,0.00018,-0.00171,0.0,2e-05,0.00021
222.0,SYN.ETH-26JUL19,1563793145002,open,0.0,1872.0,0.001,0.04,0.000117,145.0,0.001,0.0,ETH-26JUL19-340-C,221.92,0.0,0.0,0.0,0.001,300.0,184.12,0.00192,-0.02607,6e-05,0.00025,0.00273
222.0,SYN.ETH-26JUL19,1563793145012,open,0.01,84.0,0.001,0.047,0.006878,126.72,0.005,0.0,ETH-26JUL19-190-P,221.92,102.22,0.003,703.0,0.006,250.0,121.88,0.0414,-0.67678,-0.00262,0.00624,-0.1043
222.0,SYN.ETH-26JUL19,1563793145037,open,0.06,288.0,0.027,0.111,0.068866,116.57,0.068,0.0,ETH-26JUL19-230-P,221.92,104.35,0.064,194.0,0.071,338.0,121.9,0.08879,-1.33529,-0.0156,0.01455,-0.59272
223.35,ETH-27SEP19,1563793145039,open,0.97,0.0,0.915,1.074,0.994321,113.04,None,0.0,ETH-27SEP19-440-P,221.92,0.0,0.0,0.0,0.0,0.0,0.0,0.19475,-0.16458,-0.76573,0.00188,-0.87686
223.35,ETH-27SEP19,1563793145041,open,0.56,0.0,0.518,0.597,0.557457,108.55,None,0.0,ETH-27SEP19-100-C,221.92,0.0,0.003,10.0,0.0,0.0,0.0,0.05569,-0.0452,0.17091,0.00056,0.9751
222.0,SYN.ETH-26JUL19,1563793145041,open,0.42,517.0,0.385,0.499,0.441828,144.31,0.425,0.0,ETH-26JUL19-320-P,221.92,0.0,0.386,25.0,0.491,25.0,397.98,0.00532,-0.09901,-0.03379,0.0007,-0.99145
222.15,SYN.ETH-2AUG19,1563793145041,open,0.09,36.0,0.044,0.123,0.083675,115.08,0.092,0.0,ETH-2AUG19-220-C,221.92,111.15,0.081,150.0,0.085,181.0,117.03,0.15131,-0.80054,0.03146,0.00894,0.55896
222.0,SYN.ETH-26JUL19,1563793145041,open,0.33,659.0,0.298,0.405,0.351832,125.25,0.34,0.0,ETH-26JUL19-300-P,221.92,0.0,0.3,25.0,0.403,25.0,364.13,0.00697,-0.11256,-0.03159,0.00106,-0.98835
222.0,SYN.ETH-26JUL19,1563793145041,open,0.0,1986.0,0.001,0.04,0.000409,144.47,0.001,0.0,ETH-26JUL19-320-C,221.92,0.0,0.0,0.0,0.001,300.0,161.91,0.00535,-0.09084,0.00019,0.00071,0.00862
223.35,ETH-27SEP19,1563793145043,open,1.66,27.0,1.586,1.8,1.692932,115.03,1.044,0.0,ETH-27SEP19-600-P,221.92,0.0,0.0,0.0,0.0,0.0,0.0,0.08093,-0.0696,-1.086,0.00077,-0.96087
222.0,SYN.ETH-26JUL19,1563793145043,open,0.78,985.0,0.73,0.873,0.801776,0.0,0.205,0.0,ETH-26JUL19-400-P,221.92,0.0,0.0,0.0,0.0,0.0,0.0,0.0,0.0,-0.04247,0.0,-1.0
223.35,ETH-27SEP19,1563793145046,open,0.35,392.0,0.298,0.377,0.337256,108.5,0.51,0.0,ETH-27SEP19-160-C,221.92,0.0,0.1,10.0,0.0,0.0,0.0,0.24279,-0.19695,0.20126,0.00245,0.82906
222.0,SYN.ETH-26JUL19,1563793145071,open,0.0,1703.0,0.001,0.042,0.002704,126.87,0.005,0.0,ETH-26JUL19-180-P,221.92,105.47,0.001,146.0,0.002,129.0,119.4,0.02264,-0.37063,-0.00118,0.00341,-0.0475
222.0,SYN.ETH-26JUL19,1563793145071,open,0.02,1438.0,0.001,0.059,0.019424,116.58,0.018,0.0,ETH-26JUL19-240-C,221.92,106.48,0.016,578.0,0.021,144.0,121.1,0.07674,-1.15415,0.0061,0.01258,0.278
222.0,SYN.ETH-26JUL19,1563793145075,open,0.0,0.0,0.001,0.04,0.000166,145.0,None,0.0,ETH-26JUL19-150-P,221.92,0.0,0.0,0.0,0.001,300.0,181.47,0.00239,-0.03689,-9e-05,0.00032,-0.00348
223.35,ETH-27SEP19,1563793145092,open,0.74,0.0,0.693,0.772,0.732372,132.83,0.01,0.0,ETH-27SEP19-60-C,221.92,0.0,0.003,10.0,0.0,0.0,0.0,0.01312,-0.01303,0.10759,0.00011,0.99529
223.35,ETH-27SEP19,1563793145104,open,0.41,191.0,0.363,0.442,0.402973,108.51,0.5,0.0,ETH-27SEP19-140-C,221.92,0.0,0.01,50.0,0.0,0.0,0.0,0.17726,-0.14381,0.20017,0.00179,0.89213
223.35,ETH-27SEP19,1563793145104,open,0.28,1373.0,0.241,0.344,0.292692,109.46,0.26,0.0,ETH-27SEP19-260-P,221.92,106.11,0.287,120.0,0.299,230.0,113.16,0.37986,-0.31086,-0.33907,0.0038,-0.53587
223.35,ETH-27SEP19,1563793145108,open,0.01,2302.0,0.001,0.052,0.012786,114.83,0.015,0.0,ETH-27SEP19-520-C,221.92,111.6,0.011,200.0,0.016,476.0,120.06,0.12877,-0.11055,0.02353,0.00123,0.07029
223.35,ETH-27SEP19,1563793145110,open,0.35,971.0,0.305,0.413,0.359347,109.79,0.346,0.0,ETH-27SEP19-280-P,221.92,105.94,0.353,120.0,0.366,230.0,113.79,0.37003,-0.30373,-0.39143,0.00369,-0.59718
222.0,SYN.ETH-26JUL19,1563793145110,open,0.06,1039.0,0.012,0.091,0.051262,113.97,0.054,0.0,ETH-26JUL19-220-C,221.92,105.96,0.048,294.0,0.054,193.0,120.69,0.09042,-1.3295,0.01185,0.01516,0.55405
222.15,SYN.ETH-2AUG19,1563793145122,open,0.29,0.0,0.244,0.323,0.283546,117.2,None,0.0,ETH-2AUG19-160-C,221.92,0.0,0.0,0.0,0.0,0.0,0.0,0.03465,-0.18671,0.04462,0.00201,0.95759
223.35,ETH-27SEP19,1563793145129,open,0.57,345.0,0.52,0.645,0.582673,111.62,0.76,0.0,ETH-27SEP19-340-P,221.92,69.15,0.535,110.0,0.625,110.0,139.96,0.31064,-0.25923,-0.54091,0.00305,-0.73912
222.0,SYN.ETH-26JUL19,1563793145129,open,0.04,2572.0,0.001,0.083,0.042238,113.96,0.045,0.0,ETH-26JUL19-220-P,221.92,106.01,0.039,138.0,0.045,348.0,120.74,0.09042,-1.32942,-0.01151,0.01516,-0.44595
222.0,SYN.ETH-26JUL19,1563793145132,open,0.01,903.0,0.001,0.046,0.006078,118.45,0.009,0.0,ETH-26JUL19-260-C,221.92,112.59,0.005,250.0,0.007,213.0,123.1,0.04266,-0.65182,0.00242,0.00688,0.10872
225.42,ETH-27DEC19,1563793145137,open,0.08,626.0,0.035,0.114,0.074288,108.5,0.083,0.0,ETH-27DEC19-480-C,221.92,105.89,0.069,385.0,0.079,150.0,110.77,0.46214,-0.1588,0.16275,0.00194,0.2412
222.15,SYN.ETH-2AUG19,1563793145189,open,0.3,0.0,0.263,0.368,0.315594,117.45,None,0.0,ETH-2AUG19-290-P,221.92,0.0,0.0,0.0,0.0,0.0,0.0,0.07328,-0.39568,-0.07964,0.00424,-0.88749
222.0,SYN.ETH-26JUL19,1563793145241,open,0.0,1183.0,0.001,0.04,0.0,145.0,0.001,0.0,ETH-26JUL19-560-C,221.92,0.0,0.0,0.0,0.001,324.0,353.13,0.0,0.0,0.0,0.0,0.0
225.42,ETH-27DEC19,1563793145253,open,0.2,1842.0,0.155,0.25,0.202249,105.04,0.207,0.0,ETH-27DEC19-200-P,221.92,101.01,0.193,195.0,0.206,155.0,106.67,0.51703,-0.17199,-0.49167,0.00224,-0.30202
222.75,SYN.ETH-30AUG19,1563793145265,open,0.13,238.0,0.094,0.184,0.139346,113.04,0.144,0.0,ETH-30AUG19-220-P,221.92,110.41,0.136,120.0,0.143,241.0,115.91,0.2832,-0.41173,-0.1312,0.00474,-0.41366
222.15,SYN.ETH-2AUG19,1563793145283,open,0.07,2.0,0.032,0.116,0.073978,115.07,0.093,0.0,ETH-2AUG19-220-P,221.92,109.23,0.07,150.0,0.076,177.0,118.04,0.15131,-0.80046,-0.03409,0.00894,-0.44104
222.15,SYN.ETH-2AUG19,1563793145312,open,0.0,355.0,0.001,0.043,0.003766,117.17,0.004,0.0,ETH-2AUG19-160-P,221.92,92.67,0.001,195.0,0.004,250.0,118.64,0.03462,-0.18651,-0.00305,0.00201,-0.04237
222.0,SYN.ETH-26JUL19,1563793145340,open,0.96,0.0,0.903,1.061,0.981951,0.0,None,0.0,ETH-26JUL19-440-P,221.92,0.0,0.0,0.0,0.0,0.0,0.0,0.0,0.0,-0.04672,0.0,-1.0
223.34,ETH-27SEP19,1563793145358,open,2.18,0.0,2.098,2.355,2.226649,116.95,None,0.0,ETH-27SEP19-720-P,221.92,0.0,0.0,0.0,0.0,0.0,0.0,0.04311,-0.03769,-1.31284,0.0004,-0.98161
225.42,ETH-27DEC19,1563793145373,open,1.18,21.0,1.116,1.291,1.203646,108.5,0.629,0.0,ETH-27DEC19-480-P,221.92,0.0,1.114,110.0,2.117,1.0,500.0,0.46214,-0.1588,-1.91343,0.00194,-0.7588
223.35,ETH-27SEP19,1563793145417,open,0.14,1656.0,0.089,0.168,0.128652,109.49,0.145,0.0,ETH-27SEP19-260-C,221.92,107.34,0.125,120.0,0.129,274.0,109.69,0.37986,-0.31095,0.13731,0.0038,0.46419
225.42,ETH-27DEC19,1563793145463,open,0.25,553.0,0.208,0.287,0.247708,105.04,0.262,0.0,ETH-27DEC19-240-C,221.92,102.4,0.241,120.0,0.255,150.0,107.91,0.57257,-0.19047,0.34399,0.00248,0.60051
222.15,SYN.ETH-2AUG19,1563793145523,open,0.07,48.0,0.025,0.104,0.064432,115.6,0.079,0.0,ETH-2AUG19-230-C,221.92,112.06,0.062,150.0,0.066,217.0,117.88,0.15256,-0.8108,0.02687,0.00897,0.47043
222.15,SYN.ETH-2AUG19,1563793145555,open,0.25,0.0,0.203,0.282,0.24232,116.83,None,0.0,ETH-2AUG19-170-C,221.92,0.0,0.0,0.0,0.0,0.0,0.0,0.05522,-0.29662,0.04508,0.00321,0.92329
10493.58,SYN.BTC-26JUL19,1563793145631,open,0.08,396.7,0.0335,0.113,0.07340621,114.99,0.0705,0.0,BTC-26JUL19-10000-C,10484.95,107.06,0.0705,20.5,0.0745,2.7,117.95,3.87022,-57.41212,0.67516,0.00029,0.67934
222.75,SYN.ETH-30AUG19,1563793145701,open,0.39,0.0,0.347,0.426,0.386303,114.02,None,0.0,ETH-30AUG19-140-C,221.92,0.0,0.001,100.0,0.0,0.0,0.0,0.10371,-0.15208,0.12762,0.00172,0.92423
10493.58,SYN.BTC-26JUL19,1563793145725,open,0.12,96.0,0.068,0.1475,0.10788655,117.09,0.1055,0.0,BTC-26JUL19-9500-C,10484.95,106.35,0.105,9.1,0.109,3.2,121.05,2.91664,-44.05814,0.78439,0.00021,0.81185
222.0,SYN.ETH-26JUL19,1563793145765,open,1.49,0.0,1.422,1.623,1.522483,0.0,None,0.0,ETH-26JUL19-560-P,221.92,0.0,0.0,0.0,0.0,0.0,0.0,0.0,0.0,-0.05946,0.0,-1.0
223.35,ETH-27SEP19,1563793145777,open,0.2,1000.0,0.15,0.229,0.189563,108.33,0.214,0.0,ETH-27SEP19-220-C,221.92,106.78,0.187,120.0,0.192,271.0,109.81,0.3683,-0.29829,0.16971,0.00372,0.60428
222.75,SYN.ETH-30AUG19,1563793145787,open,0.1,112.0,0.05,0.129,0.089229,113.61,0.115,0.0,ETH-30AUG19-260-C,221.92,111.85,0.087,120.0,0.09,256.0,114.21,0.28234,-0.41254,0.07572,0.0047,0.4084
223.35,ETH-27SEP19,1563793145790,open,0.14,1656.0,0.089,0.168,0.128652,109.49,0.145,0.0,ETH-27SEP19-260-C,221.92,107.34,0.125,120.0,0.129,277.0,109.69,0.37986,-0.31095,0.13731,0.0038,0.46419
225.42,ETH-27DEC19,1563793145801,open,1.34,37.0,1.275,1.464,1.369647,109.06,0.707,0.0,ETH-27DEC19-520-P,221.92,0.0,0.001,500.0,0.0,0.0,0.0,0.42717,-0.14755,-2.10579,0.00178,-0.79008
222.0,SYN.ETH-26JUL19,1563793145809,open,0.0,1074.0,0.001,0.04,0.0,145.0,0.001,0.0,ETH-26JUL19-480-C,221.92,0.0,0.0,0.0,0.001,300.0,302.99,0.0,0.0,0.0,0.0,0.0
222.0,SYN.ETH-26JUL19,1563793145832,open,0.25,0.0,0.196,0.275,0.235433,133.36,None,0.0,ETH-26JUL19-170-C,221.92,0.0,0.0,0.0,0.0,0.0,0.0,0.01209,-0.20795,0.0175,0.00173,0.97783
222.0,SYN.ETH-26JUL19,1563793145855,open,0.01,600.0,0.001,0.05,0.010897,116.8,0.011,0.0,ETH-26JUL19-250-C,221.92,109.47,0.009,200.0,0.012,140.0,120.85,0.05941,-0.8951,0.00392,0.00972,0.17705
222.15,SYN.ETH-2AUG19,1563793145862,open,0.01,936.0,0.001,0.047,0.007554,116.81,0.007,0.0,ETH-2AUG19-170-P,221.92,105.54,0.005,300.0,0.007,250.0,114.54,0.0552,-0.29646,-0.00558,0.00321,-0.07668
223.35,ETH-27SEP19,1563793145862,open,0.24,1289.0,0.192,0.271,0.231093,108.49,0.225,0.0,ETH-27SEP19-200-C,221.92,97.96,0.215,266.0,0.232,258.0,109.09,0.34152,-0.27703,0.18404,0.00344,0.68081
223.35,ETH-27SEP19,1563793145869,open,0.24,1289.0,0.192,0.271,0.231093,108.49,0.225,0.0,ETH-27SEP19-200-C,221.92,97.96,0.215,266.0,0.232,262.0,109.09,0.34152,-0.27703,0.18404,0.00344,0.68081
225.42,ETH-27DEC19,1563793145888,open,0.2,286.0,0.158,0.237,0.197932,105.77,0.205,0.0,ETH-27DEC19-280-C,221.92,103.13,0.191,338.0,0.205,656.0,108.47,0.59106,-0.19799,0.30857,0.00254,0.51441
223.35,ETH-27SEP19,1563793145889,open,0.12,3311.0,0.082,0.171,0.126528,108.47,0.124,0.0,ETH-27SEP19-200-P,221.92,106.17,0.123,10.0,0.128,281.0,109.44,0.34152,-0.27696,-0.18239,0.00344,-0.31919
223.35,ETH-27SEP19,1563793145906,open,0.22,2369.0,0.181,0.279,0.230106,108.55,0.207,0.0,ETH-27SEP19-240-P,221.92,106.16,0.226,120.0,0.232,284.0,109.69,0.38026,-0.30862,-0.28611,0.00383,-0.46907
223.34,ETH-27SEP19,1563793145928,open,0.0,4679.0,0.001,0.042,0.002241,117.68,0.002,0.0,ETH-27SEP19-760-C,221.92,107.52,0.001,605.0,0.003,200.0,121.98,0.03549,-0.03122,0.00508,0.00033,0.01466
223.35,ETH-27SEP19,1563793145926,open,0.0,2988.0,0.001,0.044,0.004017,117.49,0.004,0.0,ETH-27SEP19-680-C,221.92,107.41,0.002,500.0,0.006,841.0,124.42,0.0556,-0.04884,0.00853,0.00052,0.02485
10633.88,BTC-27SEP19,1563793145939,open,0.0,481.2,0.0005,0.045,0.00497121,101.82,0.005,0.0,BTC-27SEP19-5000-P,10484.95,97.78,0.004,25.0,0.006,19.4,105.64,2.71629,-2.06785,-0.59621,1e-05,-0.02563
223.35,ETH-27SEP19,1563793145939,open,0.17,2083.0,0.128,0.221,0.174545,108.3,0.17,0.0,ETH-27SEP19-220-P,221.92,105.56,0.17,305.0,0.177,270.0,109.81,0.3683,-0.29822,-0.23336,0.00372,-0.39574
222.15,SYN.ETH-2AUG19,1563793145944,open,0.06,2.0,0.009,0.088,0.048663,115.71,0.074,0.0,ETH-2AUG19-240-C,221.92,111.66,0.046,200.0,0.05,190.0,117.73,0.14681,-0.78093,0.0224,0.00863,0.38703
223.35,ETH-27SEP19,1563793145954,open,0.11,1914.0,0.066,0.145,0.105752,109.82,0.109,0.0,ETH-27SEP19-280-C,221.92,108.15,0.103,120.0,0.108,289.0,111.17,0.37005,-0.30384,0.1216,0.00369,0.40291
223.34,ETH-27SEP19,1563793145985,open,0.01,2495.0,0.001,0.045,0.005139,116.41,0.006,0.0,ETH-27SEP19-640-C,221.92,108.02,0.003,500.0,0.007,218.0,122.0,0.06718,-0.05847,0.01066,0.00063,0.03119
223.35,ETH-27SEP19,1563793146004,open,0.08,4976.0,0.043,0.129,0.08592,108.47,0.094,0.0,ETH-27SEP19-180-P,221.92,104.8,0.081,380.0,0.087,267.0,109.29,0.29917,-0.24262,-0.13457,0.00302,-0.24293
225.42,ETH-27DEC19,1563793146018,open,0.05,166.0,0.014,0.093,0.05319,109.39,0.06,0.0,ETH-27DEC19-560-C,221.92,106.94,0.049,439.0,0.057,110.0,111.54,0.39263,-0.13602,0.12625,0.00163,0.18268
223.35,ETH-27SEP19,1563793146038,open,0.16,1936.0,0.116,0.195,0.155559,108.58,0.167,0.0,ETH-27SEP19-240-C,221.92,107.07,0.153,120.0,0.157,273.0,109.42,0.38025,-0.3087,0.15362,0.00383,0.53097
225.42,ETH-27DEC19,1563793146049,open,0.03,178.0,0.001,0.073,0.03379,110.54,0.035,0.0,ETH-27DEC19-680-C,221.92,107.64,0.03,350.0,0.038,50.0,113.57,0.30345,-0.10623,0.08794,0.00125,0.12398
223.35,ETH-27SEP19,1563793146046,open,0.09,3020.0,0.048,0.127,0.087857,110.67,0.089,0.0,ETH-27SEP19-300-C,221.92,108.86,0.085,160.0,0.091,631.0,112.64,0.35403,-0.29294,0.10718,0.0035,0.34977
222.0,SYN.ETH-26JUL19,1563793146066,open,0.0,2112.0,0.001,0.04,0.0,145.0,0.001,0.0,ETH-26JUL19-500-C,221.92,0.0,0.0,0.0,0.001,300.0,316.42,0.0,0.0,0.0,0.0,0.0
222.15,SYN.ETH-2AUG19,1563793146071,open,0.21,0.0,0.164,0.243,0.203611,116.83,None,0.0,ETH-2AUG19-180-C,221.92,0.0,0.0,0.0,0.0,0.0,0.0,0.0795,-0.427,0.04436,0.00463,0.87372
225.42,ETH-27DEC19,1563793146076,open,0.05,537.0,0.007,0.086,0.046368,110.36,0.05,0.0,ETH-27DEC19-600-C,221.9,108.87,0.044,8.0,0.049,110.0,111.97,0.36378,-0.12714,0.11282,0.0015,0.16208
225.42,ETH-27DEC19,1563793146076,open,0.03,801.0,0.001,0.069,0.029928,111.34,0.029,0.0,ETH-27DEC19-720-C,221.9,108.93,0.027,10.0,0.034,50.0,114.5,0.28107,-0.09911,0.07931,0.00115,0.11127
225.42,ETH-27DEC19,1563793146077,open,0.13,236.0,0.091,0.17,0.130122,106.98,0.132,0.0,ETH-27DEC19-360-C,221.9,104.52,0.124,355.0,0.136,395.0,109.33,0.56307,-0.19078,0.24064,0.00239,0.37693
225.42,ETH-27DEC19,1563793146077,open,0.71,241.0,0.659,0.796,0.727141,106.98,0.986,0.0,ETH-27DEC19-360-P,221.9,83.37,0.671,110.0,1.588,1.0,500.0,0.56307,-0.19078,-1.31649,0.00239,-0.62307
225.42,ETH-27DEC19,1563793146077,open,0.09,715.0,0.05,0.129,0.089235,108.22,0.088,0.0,ETH-27DEC19-440-C,221.9,105.37,0.083,376.0,0.094,40.0,110.36,0.49877,-0.17095,0.18568,0.0021,0.27967
223.34,ETH-27SEP19,1563793146077,open,1.83,0.0,1.756,1.985,1.870597,115.98,None,0.0,ETH-27SEP19-640-P,221.9,0.0,0.0,0.0,0.0,0.0,0.0,0.06609,-0.05731,-1.16215,0.00062,-0.96942
222.15,SYN.ETH-2AUG19,1563793146077,open,0.34,0.0,0.287,0.366,0.326635,119.55,None,0.0,ETH-2AUG19-150-C,221.9,0.0,0.001,100.0,0.0,0.0,0.0,0.02045,-0.11238,0.04309,0.00116,0.97758
222.15,SYN.ETH-2AUG19,1563793146076,open,0.01,186.0,0.001,0.047,0.007175,117.47,0.015,0.0,ETH-2AUG19-300-C,221.9,108.53,0.005,250.0,0.009,765.0,123.96,0.05902,-0.31876,0.00507,0.00342,0.08377
223.32,ETH-27SEP19,1563793146078,open,0.29,779.0,0.241,0.32,0.28001,108.53,0.227,0.0,ETH-27SEP19-180-C,221.9,66.61,0.227,99.0,0.609,10.0,362.87,0.29922,-0.24279,0.19514,0.00302,0.75694
222.0,SYN.ETH-26JUL19,1563793146076,open,1.13,0.0,1.076,1.248,1.162134,0.0,None,0.0,ETH-26JUL19-480-P,221.9,0.0,0.0,0.0,0.0,0.0,0.0,0.0,0.0,-0.05097,0.0,-1.0
222.15,SYN.ETH-2AUG19,1563793146079,open,0.26,0.0,0.224,0.325,0.274734,117.45,None,0.0,ETH-2AUG19-280-P,221.9,0.0,0.0,0.0,0.0,0.0,0.0,0.08906,-0.48092,-0.07451,0.00516,-0.85087
223.32,ETH-27SEP19,1563793146080,open,0.0,2060.0,0.001,0.042,0.002464,119.33,0.002,0.0,ETH-27SEP19-80-P,221.9,104.85,0.001,267.0,0.004,529.0,129.33,0.02932,-0.02616,-0.00582,0.00027,-0.01175
222.0,SYN.ETH-26JUL19,1563793146077,open,0.0,841.0,0.001,0.041,0.001187,133.33,0.002,0.0,ETH-26JUL19-170-P,221.9,0.0,0.0,0.0,0.001,168.0,129.71,0.01207,-0.20768,-0.00055,0.00173,-0.02215
222.0,SYN.ETH-26JUL19,1563793146076,open,0.0,1186.0,0.001,0.04,0.0,145.0,0.001,0.0,ETH-26JUL19-520-C,221.9,0.0,0.0,0.0,0.001,300.0,329.22,0.0,0.0,0.0,0.0,0.0
222.75,SYN.ETH-30AUG19,1563793146077,open,0.03,1419.0,0.001,0.063,0.02319,116.05,0.039,0.0,ETH-30AUG19-360-C,221.9,114.4,0.022,200.0,0.025,513.0,118.5,0.16217,-0.24205,0.02782,0.00264,0.14047
222.15,SYN.ETH-2AUG19,1563793146078,open,0.22,0.0,0.186,0.284,0.235133,117.04,None,0.0,ETH-2AUG19-270-P,221.9,0.0,0.0,0.0,0.0,0.0,0.0,0.10528,-0.56648,-0.06894,0.00612,-0.80635
225.4,ETH-27DEC19,1563793146082,open,1.51,0.0,1.436,1.638,1.537442,109.26,0.845,0.0,ETH-27DEC19-560-P,221.9,0.0,0.001,100.0,0.0,0.0,0.0,0.39192,-0.13562,-2.29624,0.00163,-0.81783
222.0,SYN.ETH-26JUL19,1563793146077,open,0.0,1076.0,0.001,0.04,0.0,145.0,0.005,0.0,ETH-26JUL19-600-C,221.9,0.0,0.0,0.0,0.001,300.0,375.1,0.0,0.0,0.0,0.0,0.0
222.15,SYN.ETH-2AUG19,1563793146077,open,0.34,0.0,0.304,0.411,0.357599,117.44,None,0.0,ETH-2AUG19-300-P,221.9,0.0,0.001,100.0,0.0,0.0,0.0,0.05898,-0.31844,-0.08432,0.00342,-0.91631
222.75,SYN.ETH-30AUG19,1563793146077,open,0.31,0.0,0.273,0.378,0.325479,114.34,None,0.0,ETH-30AUG19-280-P,221.9,0.0,0.0,0.0,0.0,0.0,0.0,0.2648,-0.38942,-0.23501,0.00438,-0.66511
222.15,SYN.ETH-2AUG19,1563793146077,open,0.0,250.0,0.001,0.041,0.001847,119.5,0.006,0.0,ETH-2AUG19-150-P,221.9,108.49,0.001,209.0,0.002,250.0,121.12,0.02041,-0.11215,-0.0016,0.00116,-0.02237
222.15,SYN.ETH-2AUG19,1563793146077,open,0.15,0.0,0.116,0.208,0.162093,116.66,None,0.0,ETH-2AUG19-250-P,221.9,0.0,0.0,0.0,0.0,0.0,0.0,0.13595,-0.72918,-0.05617,0.00793,-0.68644
222.75,SYN.ETH-30AUG19,1563793146077,open,0.04,255.0,0.001,0.08,0.040161,115.6,0.052,0.0,ETH-30AUG19-320-C,221.9,114.39,0.039,160.0,0.043,642.0,118.51,0.21533,-0.32016,0.0427,0.00352,0.22016
222.75,SYN.ETH-30AUG19,1563793146077,open,0.62,0.0,0.574,0.704,0.639342,115.99,None,0.0,ETH-30AUG19-360-P,221.9,0.0,0.001,100.0,0.0,0.0,0.0,0.16204,-0.24174,-0.35564,0.00264,-0.85969
222.15,SYN.ETH-2AUG19,1563793146078,open,0.04,9.0,0.001,0.076,0.03674,116.67,0.037,0.0,ETH-2AUG19-250-C,221.9,112.17,0.034,200.0,0.038,173.0,118.73,0.13596,-0.72929,0.01833,0.00792,0.31358
222.75,SYN.ETH-30AUG19,1563793146078,open,0.06,955.0,0.017,0.1,0.058399,113.98,0.055,0.0,ETH-30AUG19-180-P,221.9,109.45,0.054,160.0,0.06,160.0,115.62,0.21746,-0.31879,-0.06699,0.00361,-0.22399
222.0,SYN.ETH-26JUL19,1563793146077,open,1.22,0.0,1.163,1.342,1.252223,0.0,None,0.0,ETH-26JUL19-500-P,221.9,0.0,0.0,0.0,0.0,0.0,0.0,0.0,0.0,-0.05309,0.0,-1.0
222.0,SYN.ETH-26JUL19,1563793146076,open,0.0,1117.0,0.001,0.04,0.0,145.0,0.001,0.0,ETH-26JUL19-440-C,221.9,0.0,0.0,0.0,0.001,300.0,273.97,0.0,-2e-05,0.0,0.0,0.0
222.15,SYN.ETH-2AUG19,1563793146079,open,0.18,0.0,0.129,0.208,0.168069,116.82,None,0.0,ETH-2AUG19-190-C,221.9,0.0,0.0,0.0,0.0,0.0,0.0,0.10423,-0.55979,0.04246,0.00607,0.8095
222.15,SYN.ETH-2AUG19,1563793146078,open,0.15,0.0,0.097,0.176,0.136242,116.82,None,0.0,ETH-2AUG19-200-C,221.9,103.85,0.129,220.0,0.137,167.0,118.15,0.1261,-0.67724,0.0395,0.00734,0.73294
222.15,SYN.ETH-2AUG19,1563793146078,open,0.12,0.0,0.084,0.174,0.129002,115.69,None,0.0,ETH-2AUG19-240-P,221.9,108.09,0.124,150.0,0.131,176.0,118.71,0.1468,-0.78083,-0.04911,0.00863,-0.61299
222.0,SYN.ETH-26JUL19,1563793146077,open,0.2,0.0,0.171,0.268,0.21932,118.6,None,0.0,ETH-26JUL19-270-P,221.9,0.0,0.172,25.0,0.261,25.0,274.14,0.02786,-0.42622,-0.02729,0.00449,-0.93829
222.75,SYN.ETH-30AUG19,1563793146080,open,0.32,0.0,0.274,0.353,0.313651,114.01,None,0.0,ETH-30AUG19-160-C,221.9,0.0,0.0,0.0,0.0,0.0,0.0,0.16268,-0.23854,0.12935,0.0027,0.85887
222.0,SYN.ETH-26JUL19,1563793146077,open,0.02,3027.0,0.001,0.066,0.025509,119.49,0.021,0.0,ETH-26JUL19-210-P,221.9,103.97,0.02,428.0,0.021,412.0,106.83,0.08001,-1.23343,-0.00777,0.0128,-0.30399
10509.17,SYN.BTC-2AUG19,1563793146173,open,0.08,51.4,0.0355,0.115,0.07537529,109.03,0.078,0.0,BTC-2AUG19-10500-C,10484.95,106.29,0.0735,18.0,0.077,3.1,111.4,7.20184,-36.09921,1.4528,0.0002,0.53933
10571.52,SYN.BTC-30AUG19,1563793146260,open,0.22,1.4,0.176,0.2735,0.22469149,106.71,0.2,0.0,BTC-30AUG19-12000-P,10484.95,74.09,0.184,2.5,0.271,2.5,142.53,13.51816,-18.55321,-9.00722,0.00011,-0.57527
10764.4,BTC-27DEC19,1563793146525,open,0.29,461.0,0.245,0.3245,0.28450447,99.55,0.283,0.0,BTC-27DEC19-10000-C,10484.95,96.82,0.278,8.0,0.2865,8.0,100.39,25.63881,-8.08333,17.94778,5e-05,0.66998
10764.4,BTC-27DEC19,1563793146560,open,0.2,188.4,0.1545,0.234,0.19432495,100.96,0.21,0.0,BTC-27DEC19-13000-C,10484.95,99.12,0.1895,8.0,0.1965,4.3,101.79,28.21081,-9.01997,15.11926,6e-05,0.51905
10571.52,SYN.BTC-30AUG19,1563793146613,open,0.04,120.5,0.0005,0.0755,0.03574514,108.66,0.038,0.0,BTC-30AUG19-15000-C,10484.95,106.79,0.034,8.0,0.0375,30.3,110.52,9.92016,-13.86433,1.95273,8e-05,0.20917
10509.17,SYN.BTC-2AUG19,1563793146615,open,0.0,169.1,0.0005,0.0435,0.00338486,117.31,0.0045,0.0,BTC-2AUG19-7500-P,10484.95,110.67,0.0025,34.1,0.004,3.2,121.37,1.51858,-8.19013,-0.13147,4e-05,-0.0386
10493.58,SYN.BTC-26JUL19,1563793146631,open,0.1,276.9,0.068,0.1565,0.11227442,117.32,0.1235,0.0,BTC-26JUL19-11500-P,10484.95,94.86,0.1055,14.2,0.1235,3.5,150.03,3.38323,-51.20529,-0.96874,0.00025,-0.75714
10764.4,BTC-27DEC19,1563793146642,open,2.7,0.0,2.5855,2.8835,2.73449651,110.31,2.58,0.0,BTC-27DEC19-40000-P,10484.95,0.0,2.6175,2.5,2.872,2.5,188.04,9.91957,-3.46545,-170.43227,2e-05,-0.926
10493.58,SYN.BTC-26JUL19,1563793146757,open,0.05,178.0,0.0065,0.086,0.04638303,113.6,0.047,0.0,BTC-26JUL19-10500-C,10484.95,110.23,0.045,0.2,0.048,3.1,117.54,4.3077,-63.13204,0.52912,0.00032,0.52126
10633.83,BTC-27SEP19,1563793146864,open,0.0,597.1,0.0005,0.0405,0.00086603,125.6,0.0005,0.0,BTC-27SEP19-3000-P,10484.95,117.6,0.0005,20.0,0.0015,22.6,135.09,0.58283,-0.54729,-0.10188,0.0,-0.00436
10509.17,SYN.BTC-2AUG19,1563793146877,open,0.07,5.7,0.032,0.117,0.07450169,109.03,0.0925,0.0,BTC-2AUG19-10500-P,10484.95,104.65,0.0715,18.0,0.076,3.3,111.21,7.20184,-36.09871,-1.67582,0.0002,-0.46067
225.39,ETH-27DEC19,1563793147078,open,0.11,591.0,0.068,0.156,0.112376,105.03,0.109,0.0,ETH-27DEC19-160-P,221.89,100.47,0.104,267.0,0.114,40.0,105.91,0.41506,-0.13806,-0.30458,0.0018,-0.20005
223.31,ETH-27SEP19,1563793147077,open,0.49,496.0,0.446,0.565,0.505596,111.08,0.44,0.0,ETH-27SEP19-320-P,221.89,75.84,0.459,25.0,0.516,110.0,117.95,0.3333,-0.27681,-0.49248,0.00328,-0.69808
221.98,SYN.ETH-26JUL19,1563793147078,open,0.69,504.0,0.644,0.78,0.711702,0.0,0.168,0.0,ETH-26JUL19-380-P,221.89,0.0,0.0,0.0,0.0,0.0,0.0,0.0,0.0,-0.04035,0.0,-1.0
222.73,SYN.ETH-30AUG19,1563793147077,open,0.21,145.0,0.157,0.236,0.196834,114.02,0.168,0.0,ETH-30AUG19-200-C,221.89,103.82,0.185,120.0,0.196,236.0,113.31,0.25901,-0.37985,0.11526,0.0043,0.6827
221.98,SYN.ETH-26JUL19,1563793147078,open,0.0,3965.0,0.001,0.04,3.1e-05,145.02,0.001,0.0,ETH-26JUL19-360-C,221.89,0.0,0.0,0.0,0.001,300.0,204.66,0.00062,-0.00684,2e-05,8e-05,0.00079
221.98,SYN.ETH-26JUL19,1563793147076,open,0.04,684.0,0.001,0.072,0.032844,116.66,0.034,0.0,ETH-26JUL19-230-C,221.89,119.55,0.034,682.0,0.035,213.0,122.05,0.08877,-1.33604,0.00882,0.01454,0.40709
221.98,SYN.ETH-26JUL19,1563793147078,open,0.0,1146.0,0.001,0.04,0.000501,125.39,0.001,0.0,ETH-26JUL19-300-C,221.89,0.0,0.0,0.0,0.001,239.0,137.7,0.007,-0.11128,0.00026,0.00107,0.01172
222.73,SYN.ETH-30AUG19,1563793147077,open,0.09,211.0,0.051,0.138,0.09472,113.95,0.094,0.0,ETH-30AUG19-200-P,221.89,109.89,0.09,160.0,0.097,240.0,115.91,0.25901,-0.37961,-0.09773,0.0043,-0.31727
222.73,SYN.ETH-30AUG19,1563793147079,open,0.16,115.0,0.112,0.191,0.1517,113.08,0.159,0.0,ETH-30AUG19-220-C,221.89,110.96,0.149,120.0,0.152,243.0,113.32,0.28318,-0.41186,0.10308,0.00474,0.58624
221.98,SYN.ETH-26JUL19,1563793147079,open,0.16,867.0,0.131,0.224,0.177236,117.95,0.163,0.0,ETH-26JUL19-260-P,221.89,0.0,0.132,25.0,0.217,25.0,249.86,0.04231,-0.64373,-0.02521,0.00686,-0.8925
10493.58,SYN.BTC-26JUL19,1563793147125,open,0.98,0.0,0.9215,1.081,1.00122397,0.0,None,0.0,BTC-26JUL19-21000-P,10484.95,0.0,0.0,0.0,0.0,0.0,0.0,0.0,0.0,-2.22985,0.0,-1.0
10571.5,SYN.BTC-30AUG19,1563793147221,open,0.13,87.1,0.0805,0.16,0.12036042,105.7,0.1235,0.0,BTC-30AUG19-11000-C,10484.95,103.88,0.118,14.4,0.1225,3.9,107.34,13.74126,-18.68017,4.53176,0.00011,0.52284
10764.4,BTC-27DEC19,1563793147258,open,0.33,118.7,0.2815,0.388,0.33486575,100.54,0.315,0.0,BTC-27DEC19-12000-P,10484.95,98.85,0.3305,3.6,0.3405,6.1,102.71,27.85537,-8.86915,-35.79731,6e-05,-0.43398
10493.58,SYN.BTC-26JUL19,1563793147285,open,0.02,598.1,0.0005,0.067,0.02636963,114.99,0.024,0.0,BTC-26JUL19-10000-P,10484.95,108.53,0.024,5.0,0.0275,3.1,118.04,3.87023,-57.41219,-0.38668,0.00029,-0.32066
10493.58,SYN.BTC-26JUL19,1563793147317,open,0.07,387.0,0.034,0.1195,0.07666206,115.96,0.0805,0.0,BTC-26JUL19-11000-P,10484.95,109.08,0.074,2.5,0.078,2.5,119.39,4.07883,-61.01731,-0.78859,0.0003,-0.63108
10509.16,SYN.BTC-2AUG19,1563793147384,open,0.13,1.0,0.0905,0.181,0.13587071,111.26,0.1445,0.0,BTC-2AUG19-11500-P,10484.95,98.04,0.1275,1.5,0.141,9.9,119.19,6.75039,-34.5282,-2.44666,0.00018,-0.64547
10764.4,BTC-27DEC19,1563793147471,open,0.04,276.7,0.0005,0.077,0.03726938,107.64,0.0465,0.0,BTC-27DEC19-30000-C,10484.95,106.4,0.0355,8.0,0.0395,14.0,109.17,15.52803,-5.29374,4.64444,3e-05,0.13702
10764.4,BTC-27DEC19,1563793147494,open,0.06,223.6,0.02,0.1045,0.06242425,99.55,0.0525,0.0,BTC-27DEC19-6500-P,10484.95,95.38,0.0565,11.0,0.061,6.0,98.55,15.45931,-4.87384,-9.24492,3e-05,-0.13614
10571.5,SYN.BTC-30AUG19,1563793147522,open,0.22,6.4,0.1745,0.254,0.21447807,105.71,0.2395,0.0,BTC-30AUG19-9000-C,10484.95,99.09,0.2075,9.0,0.2325,4.0,122.48,11.22213,-15.25731,5.90123,9e-05,0.73859
10493.58,SYN.BTC-26JUL19,1563793147525,open,0.0,313.8,0.0005,0.04,3.5e-07,145.0,0.001,0.0,BTC-26JUL19-20000-C,10484.95,0.0,0.0,0.0,0.0005,12.0,240.83,0.00053,-0.00362,1e-05,0.0,1e-05
10509.16,SYN.BTC-2AUG19,1563793147531,open,0.2,0.0,0.1625,0.2585,0.2105478,111.78,None,0.0,BTC-2AUG19-12500-P,10484.95,0.0,0.01,10.0,0.0,0.0,0.0,5.24417,-26.94996,-3.12963,0.00014,-0.7889
10764.37,BTC-27DEC19,1563793147576,open,0.02,76.0,0.0005,0.058,0.01733283,99.55,0.0155,0.0,BTC-27DEC19-4500-P,10484.95,95.1,0.0145,5.0,0.017,6.0,99.04,7.1267,-2.24684,-3.06544,1e-05,-0.04851
10509.16,SYN.BTC-2AUG19,1563793147599,open,0.01,195.7,0.0005,0.0445,0.00495819,114.19,0.0055,0.0,BTC-2AUG19-14500-C,10484.95,109.41,0.004,11.0,0.0055,30.0,116.68,2.22978,-11.70634,0.18005,6e-05,0.06246
10633.77,BTC-27SEP19,1563793147614,open,0.0,429.0,0.0005,0.0415,0.00170839,107.87,0.0025,0.0,BTC-27SEP19-4000-P,10484.95,100.16,0.001,5.0,0.0025,18.9,114.31,1.15225,-0.9293,-0.21697,1e-05,-0.00943
225.4,ETH-27DEC19,1563793147638,open,0.03,788.0,0.001,0.066,0.026063,111.59,0.025,0.0,ETH-27DEC19-760-C,221.89,108.82,0.023,300.0,0.03,50.0,114.91,0.25761,-0.09104,0.07078,0.00105,0.09866
10633.77,BTC-27SEP19,1563793147645,open,0.63,227.5,0.586,0.6655,0.6255543,107.93,0.7065,0.0,BTC-27SEP19-4000-C,10484.95,0.0,0.564,8.0,0.6845,8.0,252.96,1.15487,-0.9319,7.11128,1e-05,0.99055
10633.77,BTC-27SEP19,1563793147660,open,0.19,152.7,0.1445,0.239,0.19177294,100.97,0.196,0.0,BTC-27SEP19-11000-P,10484.95,99.62,0.1895,0.1,0.1945,4.3,102.58,17.98727,-13.57816,-12.41079,9e-05,-0.44522
10633.77,BTC-27SEP19,1563793147669,open,0.0,432.4,0.0005,0.041,0.00118738,115.61,0.002,0.0,BTC-27SEP19-3500-P,10484.95,103.83,0.0005,20.0,0.0015,15.0,119.39,0.81166,-0.70155,-0.14649,0.0,-0.00633
10571.5,SYN.BTC-30AUG19,1563793147675,open,0.36,0.0,0.314,0.3935,0.35388101,106.26,None,0.0,BTC-30AUG19-7000-C,10484.95,0.0,0.3025,4.0,0.4015,4.0,176.46,5.44308,-7.43914,6.30018,4e-05,0.91342
10633.77,BTC-27SEP19,1563793147698,open,0.61,9.2,0.5625,0.642,0.60239889,104.61,0.574,0.0,BTC-27SEP19-4250-C,10484.95,0.0,0.542,8.0,0.6605,8.0,238.68,1.37439,-1.07493,7.52172,1e-05,0.98846
10571.5,SYN.BTC-30AUG19,1563793147698,open,0.29,17.1,0.2445,0.3475,0.29612251,107.66,0.289,0.0,BTC-30AUG19-13000-P,10484.95,68.6,0.2535,2.5,0.3445,2.5,146.54,12.6393,-17.50105,-10.76722,0.0001,-0.66015
221.98,SYN.ETH-26JUL19,1563793147717,open,0.02,3027.0,0.001,0.066,0.02551,119.41,0.021,0.0,ETH-26JUL19-210-P,221.89,103.9,0.02,427.0,0.021,412.0,106.75,0.08002,-1.23278,-0.00777,0.01281,-0.30415
223.31,ETH-27SEP19,1563793147730,open,0.01,2302.0,0.001,0.052,0.012776,114.83,0.015,0.0,ETH-27SEP19-520-C,221.89,111.61,0.011,200.0,0.016,477.0,120.07,0.12868,-0.11048,0.02351,0.00123,0.07024
10509.16,SYN.BTC-2AUG19,1563793147736,open,0.28,0.0,0.243,0.346,0.29460179,111.9,None,0.0,BTC-2AUG19-13500-P,10484.95,0.0,0.01,10.0,0.0,0.0,0.0,3.52276,-18.12307,-3.69352,0.0001,-0.88492
10493.58,SYN.BTC-26JUL19,1563793147736,open,0.0,279.1,0.0005,0.04,2.129e-05,145.0,0.0005,0.0,BTC-26JUL19-6500-P,10484.95,0.0,0.0,0.0,0.0005,12.0,197.56,0.01988,-0.22338,-0.0006,0.0,-0.00052
225.39,ETH-27DEC19,1563793147737,open,0.07,515.0,0.023,0.102,0.062829,109.06,0.063,0.0,ETH-27DEC19-520-C,221.89,106.48,0.058,323.0,0.067,150.0,111.24,0.42706,-0.14751,0.14336,0.00178,0.20988
10764.37,BTC-27DEC19,1563793147765,open,1.45,0.0,1.369,1.5655,1.4672956,106.56,None,0.0,BTC-27DEC19-26000-P,10484.95,0.0,1.389,2.5,1.5585,2.5,149.39,18.70247,-6.31157,-106.40513,4e-05,-0.81805
10764.37,BTC-27DEC19,1563793147778,open,2.34,1.3,2.234,2.503,2.36851223,109.36,2.2,0.0,BTC-27DEC19-36000-P,10484.95,0.0,2.263,2.5,2.4925,2.5,176.95,11.83499,-4.09907,-152.47937,2e-05,-0.9064
10764.37,BTC-27DEC19,1563793147782,open,0.01,181.4,0.0005,0.054,0.01437436,111.0,0.024,0.0,BTC-27DEC19-44000-C,10484.95,109.16,0.013,10.0,0.016,8.0,113.03,8.31694,-2.9237,2.07526,1e-05,0.05895
10633.77,BTC-27SEP19,1563793147789,open,0.71,1.0,0.658,0.7955,0.72673629,104.81,1.5815,0.0,BTC-27SEP19-18000-P,10484.95,0.0,0.005,0.5,1.329,0.3,500.0,11.57695,-9.07231,-30.30398,5e-05,-0.82865
10571.5,SYN.BTC-30AUG19,1563793147822,open,0.16,23.2,0.1145,0.207,0.16088503,105.69,0.172,0.0,BTC-30AUG19-11000-P,10484.95,103.86,0.1585,14.4,0.1625,4.0,106.93,13.74127,-18.67893,-7.18418,0.00011,-0.47717
10509.16,SYN.BTC-2AUG19,1563793147825,open,0.06,83.9,0.017,0.0965,0.05654526,110.41,0.0575,0.0,BTC-2AUG19-11000-C,10484.95,106.67,0.054,18.0,0.058,3.5,112.54,7.16214,-36.35344,1.20905,0.0002,0.44266
10571.5,SYN.BTC-30AUG19,1563793147866,open,0.03,59.9,0.0005,0.066,0.02604299,108.94,0.0305,0.0,BTC-30AUG19-16000-C,10484.95,106.34,0.024,27.3,0.0275,20.3,110.74,8.44939,-11.83878,1.52639,7e-05,0.16161
10633.77,BTC-27SEP19,1563793147934,open,0.0,124.0,0.0005,0.041,0.00129379,110.1,0.0015,0.0,BTC-27SEP19-3750-P,10484.95,97.69,0.0005,26.0,0.002,15.0,117.21,0.90901,-0.74826,-0.16543,0.0,-0.0072
10764.37,BTC-27DEC19,1563793147990,open,0.03,104.3,0.0005,0.0715,0.03185967,108.11,0.031,0.0,BTC-27DEC19-32000-C,10484.95,106.67,0.03,8.0,0.034,6.0,109.71,14.13032,-4.83789,4.0862,3e-05,0.11962
10571.46,SYN.BTC-30AUG19,1563793148012,open,0.01,158.4,0.0005,0.046,0.00582313,107.32,0.0075,0.0,BTC-30AUG19-6000-P,10484.95,101.9,0.0045,10.5,0.007,24.0,111.61,2.76204,-3.8125,-0.47707,2e-05,-0.03655
10764.37,BTC-27DEC19,1563793148021,open,0.14,166.5,0.097,0.1765,0.13690282,102.41,0.138,0.0,BTC-27DEC19-16000-C,10484.95,100.87,0.133,8.0,0.14,14.2,103.62,27.36198,-8.87409,12.2785,5e-05,0.40062
10764.37,BTC-27DEC19,1563793148075,open,0.4,73.8,0.346,0.458,0.40200219,100.95,0.3905,0.0,BTC-27DEC19-13000-P,10484.95,99.24,0.3975,3.6,0.409,6.1,103.62,28.21076,-9.01962,-41.11048,6e-05,-0.48096
10764.37,BTC-27DEC19,1563793148075,open,0.04,85.9,0.0005,0.077,0.03587268,99.55,0.0295,0.0,BTC-27DEC19-5500-P,10484.95,94.8,0.031,8.1,0.035,6.0,98.71,11.30821,-3.56513,-5.76873,2e-05,-0.08803
10509.15,SYN.BTC-2AUG19,1563793148078,open,0.01,36.7,0.0005,0.0465,0.00653075,114.28,0.007,0.0,BTC-2AUG19-8000-P,10484.95,109.62,0.0055,52.0,0.007,2.8,116.29,2.41518,-12.68966,-0.23725,6e-05,-0.06924
221.97,SYN.ETH-26JUL19,1563793148092,open,0.01,7158.0,0.001,0.054,0.013533,121.73,0.01,0.0,ETH-26JUL19-200-P,221.89,104.34,0.009,626.0,0.01,98.0,108.37,0.06121,-0.96125,-0.0047,0.00961,-0.18575
10633.77,BTC-27SEP19,1563793148097,open,0.13,222.5,0.0925,0.183,0.13783327,100.97,0.1435,0.0,BTC-27SEP19-10000-P,10484.95,98.26,0.1335,29.6,0.139,4.2,101.7,17.02988,-12.85558,-9.70077,8e-05,-0.36007
10571.46,SYN.BTC-30AUG19,1563793148106,open,0.02,31.4,0.0005,0.0595,0.01950515,110.01,0.02,0.0,BTC-30AUG19-17000-C,10484.95,109.26,0.019,0.3,0.02,25.0,110.73,7.15631,-10.12509,1.20325,5e-05,0.12637
10633.77,BTC-27SEP19,1563793148113,open,0.05,504.2,0.0145,0.0985,0.05668947,100.97,0.052,0.0,BTC-27SEP19-8000-P,10484.95,99.51,0.055,0.2,0.057,4.0,101.23,12.38763,-9.35136,-4.82384,6e-05,-0.1909
223.31,ETH-27SEP19,1563793148129,open,1.14,0.0,1.081,1.253,1.166915,113.87,None,0.0,ETH-27SEP19-480-P,221.89,0.0,0.0,0.0,0.0,0.0,0.0,0.15825,-0.13472,-0.8488,0.00152,-0.90763
10509.15,SYN.BTC-2AUG19,1563793148169,open,0.03,58.1,0.0005,0.07,0.03001097,111.79,0.0335,0.0,BTC-2AUG19-12000-C,10484.95,107.4,0.0275,5.0,0.032,27.3,115.2,6.07728,-31.23264,0.7742,0.00017,0.27725
10493.57,SYN.BTC-26JUL19,1563793148179,open,0.0,496.0,0.0005,0.0405,0.00079087,128.39,0.001,0.0,BTC-26JUL19-14000-C,10484.95,120.75,0.0005,33.0,0.001,2.9,132.77,0.46274,-7.66445,0.0184,3e-05,0.0173
10764.37,BTC-27DEC19,1563793148193,open,0.6,6.5,0.5595,0.639,0.5992904,99.55,0.575,0.0,BTC-27DEC19-4500-C,10484.95,0.0,0.5375,8.0,0.655,8.0,161.39,7.12731,-2.24714,16.39828,1e-05,0.95149
10633.77,BTC-27SEP19,1563793148196,open,0.25,86.3,0.205,0.305,0.25481541,101.87,0.259,0.0,BTC-27SEP19-12000-P,10484.95,100.22,0.252,0.1,0.2585,0.1,104.04,18.12697,-13.80677,-15.16582,9e-05,-0.52359
10571.46,SYN.BTC-30AUG19,1563793148208,open,0.06,55.1,0.0235,0.108,0.06581724,105.7,0.065,0.0,BTC-30AUG19-9000-P,10484.95,103.04,0.063,19.3,0.068,4.2,107.75,11.22201,-15.25609,-3.68442,9e-05,-0.26141
10633.77,BTC-27SEP19,1563793148231,open,0.81,28.2,0.7725,0.852,0.81217151,143.37,0.755,0.0,BTC-27SEP19-2000-C,10484.95,0.0,0.7435,8.0,0.8795,8.0,449.87,0.18449,-0.19775,3.63567,0.0,0.99878
10493.57,SYN.BTC-26JUL19,1563793148269,open,0.0,930.3,0.0005,0.0425,0.00257653,122.41,0.0025,0.0,BTC-26JUL19-13000-C,10484.95,116.69,0.002,3.1,0.003,32.5,126.17,1.13358,-17.90219,0.05399,8e-05,0.05104
