underlying_price,underlying_index,timestamp,state,settlement_price,open_interest,min_price,max_price,mark_price,mark_iv,last_price,interest_rate,instrument_name,index_price,bid_iv,best_bid_price,best_bid_amount,best_ask_price,best_ask_amount,ask_iv,vega,theta,rho,gamma,delta
232.93,SYN.ETH-9AUG19,1565002739991,open,0.07,160.0,0.022,0.096,0.060175,103.55,0.077,0.0,ETH-9AUG19-240-P,232.6,90.84,0.055,150.0,0.064,150.0,113.34,0.09332,-1.24662,-0.01607,0.01564,-0.5898
232.93,SYN.ETH-9AUG19,1565002740000,open,0.06,523.0,0.037,0.105,0.074156,101.74,0.069,0.0,ETH-9AUG19-220-C,232.6,92.09,0.071,50.0,0.079,50.0,115.26,0.08012,-1.05162,0.01609,0.01367,0.72476
237.18,ETH-27SEP19,1565002740005,open,0.05,5421.0,0.017,0.069,0.042315,97.34,0.041,0.0,ETH-27SEP19-180-P,232.6,92.91,0.038,412.0,0.045,160.0,100.05,0.23374,-0.21516,-0.07509,0.00295,-0.17623
232.93,SYN.ETH-9AUG19,1565002740017,open,0.02,915.0,0.004,0.058,0.029806,103.99,0.029,0.0,ETH-9AUG19-240-C,232.6,94.29,0.026,150.0,0.034,362.0,114.26,0.09335,-1.25234,0.00942,0.01558,0.41076
237.19,ETH-27SEP19,1565002740023,open,0.02,1897.0,0.007,0.05,0.025948,101.46,0.026,0.0,ETH-27SEP19-380-C,232.6,99.24,0.024,298.0,0.027,200.0,102.61,0.21247,-0.20386,0.04335,0.00257,0.15213
233.53,SYN.ETH-16AUG19,1565002740028,open,0.13,0.0,0.067,0.152,0.111383,98.99,None,0.0,ETH-16AUG19-250-P,232.6,86.26,0.103,150.0,0.113,150.0,101.65,0.15312,-0.69688,-0.05109,0.00952,-0.62296
233.54,SYN.ETH-16AUG19,1565002740039,open,0.02,35.0,0.002,0.034,0.014884,97.2,0.026,0.0,ETH-16AUG19-200-P,232.6,90.0,0.012,265.0,0.016,200.0,99.86,0.09677,-0.43242,-0.01194,0.00613,-0.15672
11888.26,BTC-27SEP19,1565002740172,open,0.06,254.7,0.0235,0.0905,0.05610716,101.37,0.055,0.0,BTC-27SEP19-16000-C,11650.05,99.33,0.0535,32.7,0.0585,19.3,103.22,15.2834,-14.64988,3.88989,7e-05,0.28198
240.61,ETH-27DEC19,1565002740214,open,0.25,798.0,0.17,0.294,0.2373,96.81,0.297,0.0,ETH-27DEC19-240-P,232.6,93.37,0.229,160.0,0.246,2.0,100.49,0.57473,-0.19335,-0.58446,0.0026,-0.37901
11886.41,BTC-27SEP19,1565002740426,open,0.7,0.0,0.657,0.758,0.70557937,104.77,None,0.0,BTC-27SEP19-20000-P,11650.24,0.0,0.0045,10.0,1.2475,0.2,499.46,9.79582,-9.70453,-27.05343,5e-05,-0.86554
12103.89,BTC-27DEC19,1565002740426,open,3.29,1.0,3.2135,3.408,3.3054245,111.32,4.454,0.0,BTC-27DEC19-52000-P,11650.24,0.0,0.001,1.0,0.0,0.0,0.0,6.71538,-2.59791,-203.44808,1e-05,-0.95874
11886.41,BTC-27SEP19,1565002740426,open,0.01,441.4,0.002,0.026,0.01196762,102.66,0.01,0.0,BTC-27SEP19-7000-P,11650.24,100.5,0.011,24.0,0.0135,44.0,105.93,5.42542,-5.26684,-1.2481,3e-05,-0.06052
11886.41,BTC-27SEP19,1565002740427,open,1.02,0.2,0.9815,1.0825,1.02903234,107.27,1.6,0.0,BTC-27SEP19-24000-P,11650.24,0.0,0.0,0.0,0.0,0.0,0.0,5.71176,-5.79361,-33.8253,3e-05,-0.93536
12103.89,BTC-27DEC19,1565002740427,open,0.64,6.5,0.624,0.6555,0.63899689,103.87,0.575,0.0,BTC-27DEC19-4500-C,11650.24,0.0,0.012,0.1,0.9645,1.0,500.0,5.54414,-2.00123,15.6666,1e-05,0.96736
12103.89,BTC-27DEC19,1565002740427,open,0.02,343.2,0.004,0.0445,0.01901569,108.58,0.0225,0.0,BTC-27DEC19-40000-C,11650.24,107.46,0.018,6.0,0.021,12.4,110.67,11.17758,-4.21768,2.85617,2e-05,0.07888
12103.89,BTC-27DEC19,1565002740428,open,2.31,0.0,2.245,2.4125,2.32379846,108.64,2.58,0.0,BTC-27DEC19-40000-P,11650.24,0.0,0.0005,3.0,0.0,0.0,0.0,11.19739,-4.22769,-154.80989,2e-05,-0.92094
11698.67,SYN.BTC-16AUG19,1565002740426,open,0.05,48.1,0.016,0.0745,0.0453009,104.92,0.0515,0.0,BTC-16AUG19-12500-C,11650.24,99.93,0.042,34.0,0.047,24.0,107.48,7.75669,-37.41655,1.20699,0.00018,0.39156
11886.41,BTC-27SEP19,1565002740428,open,0.54,1.0,0.499,0.6005,0.54890984,102.14,1.5815,0.0,BTC-27SEP19-18000-P,11650.24,0.0,0.0045,0.3,1.0995,0.3,500.0,12.32951,-11.90904,-23.37649,6e-05,-0.80867
11761.25,SYN.BTC-30AUG19,1565002740426,open,0.02,242.4,0.005,0.044,0.02143234,105.92,0.0215,0.0,BTC-30AUG19-16000-C,11650.24,103.68,0.02,19.3,0.023,19.3,108.31,7.61688,-16.21671,1.14948,8e-05,0.16484
11886.41,BTC-27SEP19,1565002740428,open,0.0,756.1,0.0005,0.0125,0.00262905,113.65,0.0035,0.0,BTC-27SEP19-32000-C,11650.24,109.76,0.002,10.0,0.0035,3.9,118.1,2.10412,-2.26122,0.28318,1e-05,0.01907
11698.67,SYN.BTC-16AUG19,1565002740425,open,0.02,52.1,0.003,0.037,0.01687005,102.68,0.0165,0.0,BTC-16AUG19-10000-P,11650.24,99.44,0.0155,24.0,0.0185,24.0,106.43,5.01441,-23.67149,-0.63425,0.00012,-0.16508
12103.89,BTC-27DEC19,1565002740429,open,1.35,0.1,1.286,1.438,1.35907774,104.45,2.035,0.0,BTC-27DEC19-28000-P,11650.24,0.0,0.001,1.0,0.0,0.0,0.0,19.28933,-7.00211,-104.40438,3e-05,-0.82918
11698.67,SYN.BTC-16AUG19,1565002740426,open,0.01,51.7,0.0005,0.0255,0.00988574,104.19,0.0085,0.0,BTC-16AUG19-9500-P,11650.24,101.33,0.009,30.0,0.0105,0.1,106.11,3.69995,-17.7225,-0.40433,9e-05,-0.10611
11886.41,BTC-27SEP19,1565002740429,open,0.0,1060.6,0.0005,0.0115,0.00155768,125.5,0.0025,0.0,BTC-27SEP19-4250-P,11650.24,118.12,0.001,5.0,0.002,40.0,130.18,1.03294,-1.22585,-0.17112,0.0,-0.00838
12103.89,BTC-27DEC19,1565002740429,open,0.01,949.3,0.0005,0.0275,0.0096328,111.94,0.011,0.0,BTC-27DEC19-52000-C,11650.24,109.86,0.0085,10.0,0.011,7.0,114.25,6.87389,-2.67404,1.56646,1e-05,0.04247
11886.41,BTC-27SEP19,1565002740429,open,0.0,548.0,0.0005,0.012,0.00212022,112.01,0.001,0.0,BTC-27SEP19-5000-P,11650.24,106.37,0.0015,15.0,0.0035,44.0,121.58,1.45424,-1.54032,-0.2501,1e-05,-0.0124
11886.41,BTC-27SEP19,1565002740430,open,1.69,0.0,1.6395,1.7535,1.69436022,111.14,None,0.0,BTC-27SEP19-32000-P,11650.24,0.0,0.0,0.0,0.0,0.0,0.0,1.86878,-1.96399,-46.10901,1e-05,-0.9834
11886.6,BTC-27SEP19,1565002740430,open,0.5,713.5,0.4865,0.516,0.50046654,106.02,0.362,0.0,BTC-27SEP19-6000-C,11650.24,0.0,0.008,10.0,0.765,0.3,499.54,2.99129,-2.99885,8.10268,1e-05,0.97102
11667.37,SYN.BTC-9AUG19,1565002740426,open,0.0,176.1,0.0005,0.011,0.00138884,133.66,0.001,0.0,BTC-9AUG19-9000-P,11650.24,114.32,0.0005,1.7,0.002,1.9,142.61,0.71157,-12.26962,-0.03316,4e-05,-0.02538
11886.6,BTC-27SEP19,1565002740430,open,0.0,421.4,0.0005,0.0105,0.00078205,134.94,0.0015,0.0,BTC-27SEP19-3500-P,11650.24,127.95,0.0005,0.1,0.0015,15.0,147.01,0.55713,-0.71088,-0.08539,0.0,-0.00418
12103.89,BTC-27DEC19,1565002740430,open,1.67,0.3,1.6025,1.7585,1.67679077,105.78,1.875,0.0,BTC-27DEC19-32000-P,11650.24,0.0,0.0,0.0,0.0,0.0,0.0,15.97717,-5.87329,-121.56512,3e-05,-0.87115
11761.25,SYN.BTC-30AUG19,1565002740429,open,0.41,0.0,0.3935,0.424,0.40794646,110.24,None,0.0,BTC-30AUG19-7000-C,11650.24,0.0,0.0,0.0,0.0,0.0,0.0,1.84105,-4.07961,4.53905,2e-05,0.97422
11698.67,SYN.BTC-16AUG19,1565002740426,open,0.0,0.0,0.0005,0.011,0.0011485,123.57,None,0.0,BTC-16AUG19-7500-P,11650.24,0.0,0.0,0.0,0.002,30.0,134.88,0.73083,-4.15182,-0.0536,1e-05,-0.01423
11698.67,SYN.BTC-16AUG19,1565002740426,open,0.36,0.0,0.346,0.376,0.36012282,124.72,None,0.0,BTC-16AUG19-7500-C,11650.24,0.0,0.0,0.0,0.0,0.0,0.0,0.76039,-4.35983,2.17853,1e-05,0.9851
11667.37,SYN.BTC-9AUG19,1565002740447,open,0.05,225.9,0.02,0.0815,0.05241116,110.01,0.0565,0.0,BTC-9AUG19-11500-C,11650.24,106.52,0.051,1.0,0.0565,2.0,120.12,4.71572,-66.92535,0.64501,0.0003,0.57305
11667.37,SYN.BTC-9AUG19,1565002740462,open,0.11,219.5,0.084,0.138,0.11137045,114.32,0.1145,0.0,BTC-9AUG19-10500-C,11650.24,93.99,0.1065,1.0,0.135,5.0,191.34,3.04336,-44.88328,0.89019,0.00018,0.82991
11698.67,SYN.BTC-16AUG19,1565002740479,open,0.28,0.0,0.259,0.297,0.27711701,114.12,None,0.0,BTC-16AUG19-8500-C,11650.24,0.0,0.0,0.0,0.0,0.0,0.0,1.83537,-9.62908,2.37091,4e-05,0.95728
11886.41,BTC-27SEP19,1565002740492,open,0.7,0.0,0.657,0.758,0.70557937,104.77,None,0.0,BTC-27SEP19-20000-P,11650.24,0.0,0.0045,10.0,1.2485,0.2,500.0,9.79582,-9.70453,-27.05343,5e-05,-0.86554
233.53,SYN.ETH-16AUG19,1565002740514,open,0.1,0.0,0.042,0.12,0.082526,97.06,None,0.0,ETH-16AUG19-240-P,232.6,87.69,0.076,274.0,0.085,150.0,100.81,0.16032,-0.71534,-0.04273,0.01016,-0.53158
237.19,ETH-27SEP19,1565002740743,open,0.57,233.0,0.488,0.611,0.549426,99.62,0.634,0.0,ETH-27SEP19-360-P,232.6,89.59,0.54,44.0,0.0,0.0,0.0,0.23788,-0.22409,-0.47013,0.00293,-0.8188
12103.89,BTC-27DEC19,1565002740813,open,0.36,171.1,0.3135,0.403,0.36159158,97.84,0.313,0.0,BTC-27DEC19-9000-C,11650.24,85.38,0.339,5.0,0.3685,5.1,101.6,22.19891,-7.54782,20.20561,4e-05,0.78509
12103.89,BTC-27DEC19,1565002740939,open,0.01,242.8,0.002,0.0325,0.01206867,111.17,0.0155,0.0,BTC-27DEC19-48000-C,11650.24,109.53,0.011,6.0,0.014,16.0,113.93,8.0992,-3.12917,1.91023,1e-05,0.05211
12103.7,BTC-27DEC19,1565002740997,open,0.07,393.2,0.038,0.107,0.07258719,97.83,0.0705,0.0,BTC-27DEC19-8000-P,11650.24,96.15,0.07,4.9,0.0745,14.9,99.06,18.73223,-6.36843,-11.251,3e-05,-0.16323
11886.14,BTC-27SEP19,1565002741011,open,0.01,142.4,0.0005,0.0205,0.0070329,109.34,0.008,0.0,BTC-27SEP19-26000-C,11650.24,106.45,0.006,39.0,0.0085,24.0,113.04,4.45534,-4.60665,0.69154,2e-05,0.04719
12103.89,BTC-27DEC19,1565002741101,open,0.28,629.1,0.221,0.3265,0.27855389,97.84,0.2805,0.0,BTC-27DEC19-11000-C,11650.24,95.59,0.2735,8.6,0.282,3.6,99.37,27.23763,-9.26111,19.07007,5e-05,0.67825
12103.89,BTC-27DEC19,1565002741103,open,0.47,9.3,0.3985,0.539,0.47191754,99.28,0.466,0.0,BTC-27DEC19-16000-P,11650.24,97.3,0.467,3.6,0.4785,3.6,101.93,30.03744,-10.36344,-48.9529,5e-05,-0.55411
11761.25,SYN.BTC-30AUG19,1565002741122,open,0.12,9.6,0.075,0.153,0.11549973,100.13,0.1115,0.0,BTC-30AUG19-12000-P,11650.24,95.8,0.111,14.4,0.117,14.4,101.57,12.23139,-24.61661,-4.76159,0.00013,-0.47854
11667.37,SYN.BTC-9AUG19,1565002741136,open,0.08,290.6,0.0465,0.1075,0.07879987,111.45,0.0855,0.0,BTC-9AUG19-11000-C,11650.24,107.72,0.0775,0.1,0.084,6.0,126.11,4.07652,-58.61472,0.78912,0.00025,0.71576
11886.14,BTC-27SEP19,1565002741153,open,0.11,150.5,0.067,0.149,0.10934486,98.83,0.11,0.0,BTC-27SEP19-11000-P,11650.24,96.45,0.106,19.3,0.1125,19.3,101.07,16.69994,-15.60676,-7.8538,8e-05,-0.34677
11761.25,SYN.BTC-30AUG19,1565002741222,open,0.05,193.6,0.018,0.076,0.0463365,103.91,0.049,0.0,BTC-30AUG19-14000-C,11650.24,100.79,0.0435,10.0,0.048,19.3,105.72,10.77336,-22.50107,2.08279,0.00011,0.30618
11698.76,SYN.BTC-16AUG19,1565002741371,open,0.18,0.0,0.141,0.216,0.17854499,106.51,None,0.0,BTC-16AUG19-13500-P,11650.24,0.0,0.0,0.0,0.0,0.0,0.0,6.36289,-31.15793,-3.2505,0.00015,-0.75395
11886.14,BTC-27SEP19,1565002741428,open,0.58,789.2,0.571,0.5925,0.5814649,112.03,0.5015,0.0,BTC-27SEP19-5000-C,11649.09,0.0,0.051,1.0,0.666,5.0,299.17,1.4554,-1.54182,6.9929,1e-05,0.98758
11886.14,BTC-27SEP19,1565002741428,open,0.71,261.1,0.6965,0.716,0.70632233,134.95,0.714,0.0,BTC-27SEP19-3500-C,11649.09,0.0,0.161,2.0,0.7435,0.1,293.4,0.55756,-0.7115,4.98481,0.0,0.99582
11886.14,BTC-27SEP19,1565002741428,open,0.0,49.2,0.0005,0.0105,0.00048672,135.0,0.0015,0.0,BTC-27SEP19-3250-P,11649.09,0.0,0.0,0.0,0.003,15.0,172.62,0.37805,-0.48261,-0.0551,0.0,-0.00271
12103.89,BTC-27DEC19,1565002741428,open,0.72,4.0,0.706,0.727,0.71564558,108.79,0.64,0.0,BTC-27DEC19-3500-C,11649.09,0.0,0.0075,1.2,0.78,1.0,226.19,2.95349,-1.11661,12.82926,0.0,0.98454
12102.74,BTC-27DEC19,1565002741428,open,0.03,275.9,0.0105,0.0485,0.02770719,99.27,0.025,0.0,BTC-27DEC19-6000-P,11649.09,97.33,0.026,6.0,0.0295,5.0,101.26,10.78859,-3.72195,-4.91396,2e-05,-0.0753
11886.14,BTC-27SEP19,1565002741428,open,0.4,34.4,0.3495,0.4535,0.40216677,101.36,0.6695,0.0,BTC-27SEP19-16000-P,11649.09,0.0,0.0045,10.0,0.9525,0.2,499.97,15.27622,-14.64236,-19.29133,7e-05,-0.71819
11698.76,SYN.BTC-16AUG19,1565002741427,open,0.03,40.1,0.007,0.052,0.02729656,101.73,0.0255,0.0,BTC-16AUG19-10500-P,11649.09,97.42,0.025,24.0,0.029,24.0,104.88,6.29043,-29.41978,-0.93485,0.00015,-0.24089
11886.14,BTC-27SEP19,1565002741429,open,0.62,289.7,0.6135,0.633,0.62319829,121.41,0.588,0.0,BTC-27SEP19-4500-C,11649.09,0.0,0.002,1.1,0.691,5.0,299.24,1.1871,-1.36283,6.31895,0.0,0.99018
12102.74,BTC-27DEC19,1565002741429,open,0.17,309.8,0.109,0.2215,0.16886485,98.91,0.1705,0.0,BTC-27DEC19-15000-C,11649.09,97.57,0.1655,7.6,0.1725,10.0,100.36,30.29518,-10.41357,15.12939,5e-05,0.486
11886.14,BTC-27SEP19,1565002741429,open,0.27,61.0,0.2155,0.318,0.26854111,100.35,0.4995,0.0,BTC-27SEP19-14000-P,11649.09,83.82,0.2445,5.0,0.293,5.0,116.76,17.54597,-16.65032,-14.85008,9e-05,-0.59389
12102.74,BTC-27DEC19,1565002741428,open,0.0,208.8,0.0005,0.012,0.00200351,118.89,0.0015,0.0,BTC-27DEC19-2500-P,11649.09,108.03,0.001,10.0,0.003,16.0,126.55,1.37899,-0.56977,-0.40368,0.0,-0.00646
12102.74,BTC-27DEC19,1565002741430,open,0.19,316.5,0.1295,0.2425,0.19048277,98.5,0.192,0.0,BTC-27DEC19-14000-C,11649.09,97.11,0.187,3.6,0.1955,8.6,100.51,30.23153,-10.34885,16.1683,5e-05,0.52939
12102.74,BTC-27DEC19,1565002741430,open,0.84,0.0,0.827,0.8465,0.83666947,134.8,None,0.0,BTC-27DEC19-2000-C,11649.09,0.0,0.0135,1.4,0.9775,0.5,500.0,1.17285,-0.54943,7.53525,0.0,0.99462
11698.76,SYN.BTC-16AUG19,1565002741427,open,0.06,41.2,0.028,0.093,0.061206,101.73,0.055,0.0,BTC-16AUG19-11500-P,11649.09,95.52,0.057,18.0,0.063,18.0,104.38,7.91898,-37.037,-1.69993,0.00019,-0.42646
11698.76,SYN.BTC-16AUG19,1565002741428,open,0.01,65.5,0.0015,0.0325,0.01306289,108.63,0.01,0.0,BTC-16AUG19-14500-C,11649.09,104.59,0.0115,31.8,0.014,30.0,110.96,4.63714,-23.15869,0.46555,0.0001,0.14662
11886.14,BTC-27SEP19,1565002741430,open,0.67,227.5,0.655,0.6745,0.66475154,128.83,0.7065,0.0,BTC-27SEP19-4000-C,11649.09,0.0,0.111,3.0,0.7175,5.0,299.16,0.86249,-1.05075,5.65501,0.0,0.99317
11886.14,BTC-27SEP19,1565002741430,open,0.6,13.5,0.5925,0.612,0.60230465,116.42,0.382,0.0,BTC-27SEP19-4750-C,11649.09,0.0,0.0045,10.0,0.6785,5.0,299.52,1.30663,-1.43845,6.65903,1e-05,0.98903
12102.74,BTC-27DEC19,1565002741430,open,0.53,122.9,0.507,0.557,0.53199878,99.32,0.46,0.0,BTC-27DEC19-6000-C,11649.09,69.23,0.511,4.0,0.9585,3.0,500.0,10.79531,-3.72624,18.73166,2e-05,0.92464
12102.74,BTC-27DEC19,1565002741430,open,0.0,98.9,0.0005,0.0115,0.0019056,134.64,0.001,0.0,BTC-27DEC19-2000-P,11649.09,113.31,0.0005,22.2,0.0035,10.0,148.13,1.16671,-0.54589,-0.34609,0.0,-0.00535
12102.74,BTC-27DEC19,1565002741430,open,0.41,202.5,0.3705,0.448,0.41166183,97.87,0.365,0.0,BTC-27DEC19-8000-C,11649.09,0.0,0.2005,0.1,0.999,0.1,500.0,18.73594,-6.37235,20.27706,3e-05,0.8367
11886.14,BTC-27SEP19,1565002741430,open,0.01,293.7,0.0005,0.0265,0.01022401,107.9,0.0115,0.0,BTC-27SEP19-24000-C,11649.09,105.3,0.009,39.0,0.0115,24.0,110.42,5.80913,-5.927,0.96157,3e-05,0.06607
11886.14,BTC-27SEP19,1565002741430,open,0.0,372.8,0.0005,0.0115,0.0017905,121.41,0.0015,0.0,BTC-27SEP19-4500-P,11649.09,111.94,0.001,2.0,0.0025,39.0,127.77,1.1871,-1.36283,-0.19997,0.0,-0.00982
11886.14,BTC-27SEP19,1565002741430,open,0.35,884.9,0.324,0.3775,0.35108259,100.47,0.3425,0.0,BTC-27SEP19-8000-C,11649.09,0.0,0.14,2.0,0.4775,2.0,234.58,8.50573,-8.08057,9.27985,4e-05,0.89002
11761.22,SYN.BTC-30AUG19,1565002741430,open,0.02,610.9,0.005,0.037,0.01862956,101.1,0.019,0.0,BTC-30AUG19-9000-P,11649.09,98.03,0.017,34.0,0.0195,24.0,102.7,6.35346,-12.91059,-1.15877,7e-05,-0.12593
11886.14,BTC-27SEP19,1565002741431,open,1.35,0.0,1.3105,1.416,1.36024176,109.38,None,0.0,BTC-27SEP19-28000-P,11649.09,0.0,0.0,0.0,0.0,0.0,0.0,3.26011,-3.37193,-40.08696,1e-05,-0.96784
11761.22,SYN.BTC-30AUG19,1565002741428,open,0.33,21.0,0.308,0.349,0.32799641,105.22,0.2375,0.0,BTC-30AUG19-8000-C,11649.09,0.0,0.0,0.0,0.0,0.0,0.0,3.74039,-7.9104,4.89159,4e-05,0.93826
11886.14,BTC-27SEP19,1565002741431,open,1.52,0.0,1.4755,1.5855,1.52756056,112.41,None,0.0,BTC-27SEP19-30000-P,11649.09,0.0,0.0,0.0,0.0,0.0,0.0,2.69637,-2.86621,-43.08102,1e-05,-0.97441
11886.14,BTC-27SEP19,1565002741431,open,0.09,220.3,0.0495,0.129,0.09069868,100.35,0.093,0.0,BTC-27SEP19-14000-C,11649.09,97.5,0.0865,36.5,0.0925,19.3,101.57,17.54597,-16.65032,5.43101,9e-05,0.40611
11698.76,SYN.BTC-16AUG19,1565002741427,open,0.24,0.0,0.216,0.2585,0.23662238,108.2,None,0.0,BTC-16AUG19-9000-C,11649.09,0.0,0.0,0.0,0.0,0.0,0.0,2.6253,-13.05983,2.42698,6e-05,0.93287
12102.74,BTC-27DEC19,1565002741431,open,0.03,141.0,0.009,0.0665,0.03321901,105.94,0.035,0.0,BTC-27DEC19-32000-C,11649.09,105.01,0.032,6.0,0.0355,10.0,107.64,16.02306,-5.89924,4.58853,3e-05,0.1294
12102.74,BTC-27DEC19,1565002741432,open,0.12,381.6,0.0655,0.1705,0.1196516,100.16,0.1225,0.0,BTC-27DEC19-18000-C,11649.09,99.05,0.117,4.9,0.1235,10.0,101.78,28.83054,-10.03571,12.21576,5e-05,0.37571
11667.53,SYN.BTC-9AUG19,1565002741428,open,0.01,346.3,0.0005,0.022,0.00605753,111.83,0.0075,0.0,BTC-9AUG19-13500-C,11649.09,106.26,0.005,30.5,0.0075,0.8,118.77,2.31137,-33.34581,0.13306,0.00014,0.11346
11761.22,SYN.BTC-30AUG19,1565002741428,open,0.54,0.0,0.503,0.583,0.54083317,109.08,None,0.0,BTC-30AUG19-18000-P,11649.09,0.0,0.0,0.0,0.0,0.0,0.0,4.91074,-10.76682,-11.64386,5e-05,-0.91182
11698.76,SYN.BTC-16AUG19,1565002741427,open,0.01,116.4,0.0005,0.018,0.0059409,108.23,0.005,0.0,BTC-16AUG19-9000-P,11649.09,101.38,0.0045,30.0,0.007,40.0,112.77,2.62663,-13.06983,-0.25487,6e-05,-0.06718
11761.22,SYN.BTC-30AUG19,1565002741431,open,0.26,26.2,0.2265,0.279,0.25340458,101.1,0.2065,0.0,BTC-30AUG19-9000-C,11649.09,70.52,0.24,5.0,0.273,5.0,133.19,6.35366,-12.9114,4.97491,7e-05,0.87406
11667.53,SYN.BTC-9AUG19,1565002741428,open,0.12,3.0,0.0945,0.1585,0.12558516,111.88,0.119,0.0,BTC-9AUG19-13000-P,11649.09,0.0,0.0,0.0,0.0,0.0,0.0,3.25554,-46.9892,-1.15992,0.0002,-0.81067
11698.76,SYN.BTC-16AUG19,1565002741427,open,0.21,0.0,0.1785,0.252,0.21467412,107.58,None,0.0,BTC-16AUG19-14000-P,11649.09,0.0,0.0005,1.0,0.0,0.0,0.0,5.49785,-27.19141,-3.56829,0.00013,-0.80899
11667.53,SYN.BTC-9AUG19,1565002741428,open,0.36,0.0,0.344,0.3705,0.35720436,130.12,None,0.0,BTC-9AUG19-7500-C,11649.09,0.0,0.0,0.0,0.0,0.0,0.0,0.0168,-0.28206,0.79588,0.0,0.99961
12102.74,BTC-27DEC19,1565002741464,open,1.04,0.0,0.974,1.124,1.04798677,102.71,None,0.0,BTC-27DEC19-24000-P,11649.09,0.0,0.0055,1.0,1.822,0.2,500.0,23.06633,-8.2334,-86.73548,4e-05,-0.77012
233.54,SYN.ETH-16AUG19,1565002741657,open,0.01,11.0,0.001,0.026,0.009863,100.7,0.009,0.0,ETH-16AUG19-290-C,232.6,95.16,0.008,298.0,0.012,250.0,106.52,0.08219,-0.38051,0.00789,0.00502,0.12329
233.54,SYN.ETH-16AUG19,1565002741751,open,0.27,0.0,0.208,0.296,0.251599,100.7,None,0.0,ETH-16AUG19-290-P,232.6,0.0,0.0,0.0,0.0,0.0,0.0,0.08219,-0.38051,-0.07852,0.00502,-0.87671
233.54,SYN.ETH-16AUG19,1565002741813,open,0.35,0.0,0.338,0.379,0.358848,122.75,None,0.0,ETH-16AUG19-150-C,232.6,0.0,0.0,0.0,0.0,0.0,0.0,0.01444,-0.08151,0.04364,0.00072,0.98594
232.94,SYN.ETH-9AUG19,1565002741886,open,0.14,0.0,0.086,0.165,0.125262,104.41,None,0.0,ETH-9AUG19-260-P,232.6,0.0,0.0,0.0,0.0,0.0,0.0,0.05995,-0.80747,-0.02371,0.00997,-0.83344
233.54,SYN.ETH-16AUG19,1565002741899,open,0.0,0.0,0.001,0.011,0.001125,122.75,None,0.0,ETH-16AUG19-150-P,232.6,0.0,0.0,0.0,0.002,300.0,134.39,0.01444,-0.08151,-0.00106,0.00072,-0.01406
233.54,SYN.ETH-16AUG19,1565002741943,open,0.31,0.0,0.249,0.336,0.291138,100.7,None,0.0,ETH-16AUG19-300-P,232.6,0.0,0.0,0.0,0.0,0.0,0.0,0.06433,-0.29782,-0.08373,0.00393,-0.91209
233.54,SYN.ETH-16AUG19,1565002741994,open,0.3,0.0,0.294,0.337,0.315964,105.86,None,0.0,ETH-16AUG19-160-C,232.6,0.0,0.0,0.0,0.0,0.0,0.0,0.01557,-0.07575,0.04653,0.0009,0.98466
232.94,SYN.ETH-9AUG19,1565002742062,open,0.18,0.0,0.126,0.204,0.163911,106.06,None,0.0,ETH-9AUG19-270-P,232.6,0.0,0.0,0.0,0.0,0.0,0.0,0.04133,-0.56544,-0.02638,0.00676,-0.90258
233.54,SYN.ETH-16AUG19,1565002742081,open,0.0,0.0,0.001,0.011,0.00106,105.86,None,0.0,ETH-16AUG19-160-P,232.6,0.0,0.0,0.0,0.002,250.0,117.25,0.01557,-0.07575,-0.00114,0.0009,-0.01534
232.94,SYN.ETH-9AUG19,1565002742142,open,0.0,264.0,0.001,0.012,0.002294,106.22,0.001,0.0,ETH-9AUG19-280-C,232.6,0.0,0.0,0.0,0.003,4.0,112.19,0.02551,-0.34953,0.00123,0.00417,0.05191
233.54,SYN.ETH-16AUG19,1565002742198,open,0.26,0.0,0.25,0.297,0.273725,97.52,None,0.0,ETH-16AUG19-170-C,232.6,0.0,0.0,0.0,0.0,0.0,0.0,0.02307,-0.10342,0.04884,0.00146,0.97562
232.94,SYN.ETH-9AUG19,1565002742237,open,0.23,0.0,0.168,0.244,0.204339,106.22,None,0.0,ETH-9AUG19-280-P,232.6,0.0,0.0,0.0,0.0,0.0,0.0,0.02551,-0.34953,-0.0285,0.00417,-0.94809
233.54,SYN.ETH-16AUG19,1565002742318,open,0.0,0.0,0.001,0.011,0.001639,97.52,None,0.0,ETH-16AUG19-170-P,232.6,0.0,0.0,0.0,0.003,250.0,108.9,0.02307,-0.10342,-0.00181,0.00146,-0.02438
232.94,SYN.ETH-9AUG19,1565002742323,open,0.0,12.0,0.001,0.011,0.001152,108.13,0.001,0.0,ETH-9AUG19-290-C,232.6,0.0,0.0,0.0,0.002,4.0,118.83,0.01543,-0.21519,0.00066,0.00248,0.02801
234.76,SYN.ETH-30AUG19,1565002742365,open,0.0,748.0,0.001,0.012,0.002379,104.78,0.005,0.0,ETH-30AUG19-140-P,232.6,91.6,0.001,1.0,0.004,500.0,115.08,0.03136,-0.06605,-0.0038,0.0008,-0.02135
232.94,SYN.ETH-9AUG19,1565002742413,open,0.27,0.0,0.209,0.287,0.246127,108.13,None,0.0,ETH-9AUG19-290-P,232.6,0.0,0.0,0.0,0.0,0.0,0.0,0.01543,-0.21518,-0.03013,0.00248,-0.97199
233.54,SYN.ETH-16AUG19,1565002742419,open,0.22,0.0,0.206,0.259,0.233085,97.19,None,0.0,ETH-16AUG19-180-C,232.6,0.0,0.0,0.0,0.0,0.0,0.0,0.04218,-0.18845,0.04983,0.00267,0.9491
240.63,ETH-27DEC19,1565002742435,open,0.18,217.0,0.124,0.237,0.187351,98.05,0.177,0.0,ETH-27DEC19-280-C,232.61,96.31,0.183,213.0,0.196,243.0,101.51,0.60156,-0.20498,0.31986,0.00269,0.52458
237.19,ETH-27SEP19,1565002742435,open,2.26,0.0,2.111,2.306,2.205205,116.21,None,0.0,ETH-27SEP19-760-P,232.61,0.0,0.0,0.0,0.0,0.0,0.0,0.01967,-0.02161,-1.0986,0.00021,-0.99206
237.2,ETH-27SEP19,1565002742435,open,2.09,0.0,1.948,2.132,2.036565,113.12,None,0.0,ETH-27SEP19-720-P,232.61,0.0,0.0,0.0,0.0,0.0,0.0,0.02205,-0.02359,-1.04031,0.00024,-0.99095
237.2,ETH-27SEP19,1565002742435,open,0.08,3363.0,0.035,0.105,0.070947,97.35,0.071,0.0,ETH-27SEP19-200-P,232.61,93.33,0.066,368.0,0.075,160.0,100.63,0.29241,-0.26919,-0.11346,0.00369,-0.25926
232.94,SYN.ETH-9AUG19,1565002742434,open,0.02,315.0,0.002,0.044,0.018648,101.41,0.014,0.0,ETH-9AUG19-220-P,232.61,90.61,0.015,410.0,0.022,410.0,111.05,0.08003,-1.04708,-0.00725,0.0137,-0.27458
232.94,SYN.ETH-9AUG19,1565002742434,open,0.3,0.0,0.292,0.333,0.313172,125.0,None,0.0,ETH-9AUG19-160-C,232.61,0.0,0.0,0.0,0.0,0.0,0.0,0.00113,-0.01819,0.01695,0.00016,0.99856
233.54,SYN.ETH-16AUG19,1565002742434,open,0.0,267.0,0.001,0.013,0.003818,97.19,0.009,0.0,ETH-16AUG19-180-P,232.61,85.36,0.002,250.0,0.006,250.0,107.89,0.04218,-0.18845,-0.00381,0.00267,-0.0509
240.64,ETH-27DEC19,1565002742436,open,1.74,0.0,1.592,1.793,1.690176,104.35,None,0.0,ETH-27DEC19-640-P,232.61,0.0,0.0,0.0,0.0,0.0,0.0,0.3056,-0.11082,-2.43614,0.00128,-0.87809
237.2,ETH-27SEP19,1565002742436,open,1.92,0.0,1.784,1.959,1.868077,109.7,None,0.0,ETH-27SEP19-680-P,232.61,0.0,0.0,0.0,0.0,0.0,0.0,0.02479,-0.02571,-0.98197,0.00028,-0.98965
237.2,ETH-27SEP19,1565002742436,open,1.75,0.0,1.62,1.787,1.700047,109.28,None,0.0,ETH-27SEP19-640-P,232.61,0.0,0.0,0.0,0.0,0.0,0.0,0.03357,-0.03469,-0.92274,0.00038,-0.98531
232.94,SYN.ETH-9AUG19,1565002742435,open,0.39,0.0,0.381,0.416,0.398979,125.04,None,0.0,ETH-9AUG19-140-C,232.61,0.0,0.0,0.0,0.0,0.0,0.0,3e-05,-0.00049,0.01486,0.0,0.99997
240.64,ETH-27DEC19,1565002742437,open,2.07,0.0,1.911,2.125,2.014572,105.6,None,0.0,ETH-27DEC19-720-P,232.61,0.0,0.003,5.0,0.0,0.0,0.0,0.25168,-0.09236,-2.77113,0.00104,-0.90685
232.94,SYN.ETH-9AUG19,1565002742435,open,0.34,0.0,0.337,0.375,0.356056,125.01,None,0.0,ETH-9AUG19-150-C,232.61,0.0,0.0,0.0,0.0,0.0,0.0,0.00022,-0.00361,0.01592,3e-05,0.99975
237.2,ETH-27SEP19,1565002742438,open,0.02,7465.0,0.007,0.041,0.022224,97.35,0.025,0.0,ETH-27SEP19-160-P,232.61,92.59,0.019,288.0,0.024,200.0,99.86,0.16533,-0.1522,-0.04407,0.00208,-0.10604
232.94,SYN.ETH-9AUG19,1565002742435,open,0.31,0.0,0.251,0.331,0.289008,120.9,None,0.0,ETH-9AUG19-300-P,232.61,0.0,0.0,0.0,0.0,0.0,0.0,0.01379,-0.21511,-0.03128,0.00198,-0.9755
232.94,SYN.ETH-9AUG19,1565002742435,open,0.26,0.0,0.248,0.292,0.270448,125.0,None,0.0,ETH-9AUG19-170-C,232.61,0.0,0.0,0.0,0.0,0.0,0.0,0.00411,-0.06622,0.0179,0.00057,0.99396
232.94,SYN.ETH-9AUG19,1565002742435,open,0.0,0.0,0.001,0.011,1e-06,125.0,None,0.0,ETH-9AUG19-140-P,232.61,0.0,0.0,0.0,0.002,300.0,254.42,3e-05,-0.0002,0.0,0.0,-3e-05
233.54,SYN.ETH-16AUG19,1565002742434,open,0.01,78.0,0.001,0.022,0.007959,97.18,0.009,0.0,ETH-16AUG19-190-P,232.61,85.96,0.005,542.0,0.01,256.0,103.87,0.06784,-0.30309,-0.00713,0.0043,-0.09443
233.54,SYN.ETH-16AUG19,1565002742434,open,0.18,0.0,0.164,0.222,0.194408,97.18,None,0.0,ETH-16AUG19-190-C,232.61,0.0,0.0,0.0,0.0,0.0,0.0,0.06784,-0.30309,0.04949,0.0043,0.90557
232.94,SYN.ETH-9AUG19,1565002742435,open,0.0,0.0,0.001,0.011,8e-06,125.0,None,0.0,ETH-9AUG19-150-P,232.61,0.0,0.0,0.0,0.001,3.0,201.03,0.00022,-0.00195,-1e-05,3e-05,-0.00025
232.94,SYN.ETH-9AUG19,1565002742435,open,0.21,0.0,0.204,0.251,0.227658,110.32,None,0.0,ETH-9AUG19-180-C,232.61,0.0,0.0,0.0,0.0,0.0,0.0,0.00642,-0.09138,0.01885,0.00101,0.98996
232.94,SYN.ETH-9AUG19,1565002742435,open,0.0,51.0,0.001,0.011,5.5e-05,125.0,0.003,0.0,ETH-9AUG19-160-P,232.61,0.0,0.0,0.0,0.002,300.0,195.24,0.00113,-0.01273,-4e-05,0.00016,-0.00144
233.54,SYN.ETH-16AUG19,1565002742434,open,0.15,121.0,0.124,0.189,0.158507,97.18,0.14,0.0,ETH-16AUG19-200-C,232.61,0.0,0.0,0.0,0.0,0.0,0.0,0.09675,-0.43226,0.04765,0.00613,0.84331
234.76,SYN.ETH-30AUG19,1565002742435,open,0.04,694.0,0.014,0.07,0.042124,99.82,0.03,0.0,ETH-30AUG19-280-C,232.61,97.44,0.04,251.0,0.045,160.0,103.01,0.21065,-0.42265,0.04007,0.00562,0.29255
233.54,SYN.ETH-16AUG19,1565002742435,open,0.12,0.0,0.088,0.158,0.126164,97.18,0.105,0.0,ETH-16AUG19-210-C,232.61,0.0,0.08,1.0,0.0,0.0,0.0,0.12434,-0.55555,0.04434,0.00787,0.76341
233.54,SYN.ETH-16AUG19,1565002742434,open,0.03,6.0,0.005,0.05,0.025352,97.18,0.027,0.0,ETH-16AUG19-210-P,232.61,88.86,0.021,429.0,0.027,200.0,100.26,0.12434,-0.55555,-0.01823,0.00787,-0.23659
232.94,SYN.ETH-9AUG19,1565002742434,open,0.0,238.0,0.001,0.011,0.00026,125.0,0.001,0.0,ETH-9AUG19-170-P,232.61,0.0,0.0,0.0,0.001,5.0,149.76,0.00411,-0.06067,-0.00016,0.00057,-0.00604
11666.36,SYN.BTC-9AUG19,1565002742441,open,0.0,82.3,0.0005,0.0105,0.000464,134.96,0.0015,0.0,BTC-9AUG19-8500-P,11649.09,0.0,0.0,0.0,0.0015,2.3,160.53,0.30569,-5.32225,-0.01231,2e-05,-0.00948
237.2,ETH-27SEP19,1565002742447,open,0.0,2894.0,0.001,0.014,0.00425,108.46,0.005,0.0,ETH-27SEP19-560-C,232.61,103.14,0.003,300.0,0.006,250.0,114.42,0.06215,-0.06374,0.00899,0.0007,0.03042
11697.56,SYN.BTC-16AUG19,1565002742493,open,0.1,45.8,0.067,0.1325,0.10185768,101.82,0.1045,0.0,BTC-16AUG19-11000-C,11649.09,98.84,0.1,18.0,0.1065,18.0,109.21,7.31954,-34.26281,1.97745,0.00018,0.6692
11697.56,SYN.BTC-16AUG19,1565002742618,open,0.11,0.1,0.0745,0.15,0.11375306,104.75,0.1495,0.0,BTC-16AUG19-12500-P,11649.09,94.49,0.107,18.0,0.114,18.0,105.12,7.75324,-37.33852,-2.51887,0.00018,-0.60893
11697.56,SYN.BTC-16AUG19,1565002742622,open,0.32,0.0,0.3025,0.3345,0.31778524,114.39,None,0.0,BTC-16AUG19-8000-C,11649.09,0.0,0.0,0.0,0.0,0.0,0.0,1.04117,-5.47555,2.30274,2e-05,0.97846
12102.74,BTC-27DEC19,1565002742660,open,0.28,116.9,0.223,0.3495,0.2897524,98.15,0.32,0.0,BTC-27DEC19-13000-P,11649.09,96.45,0.2855,3.6,0.295,3.6,100.32,29.75983,-10.15122,-34.04002,5e-05,-0.42384
11666.36,SYN.BTC-9AUG19,1565002742881,open,0.23,23.4,0.213,0.2495,0.23001984,134.9,0.2215,0.0,BTC-9AUG19-9000-C,11649.09,0.0,0.0,0.0,0.0,0.0,0.0,0.73598,-12.80891,0.9211,4e-05,0.97357
11697.56,SYN.BTC-16AUG19,1565002742936,open,0.04,36.6,0.0145,0.071,0.04212821,101.66,0.0405,0.0,BTC-16AUG19-11000-P,11649.09,96.65,0.039,24.0,0.0435,24.0,103.85,7.31827,-34.2049,-1.29931,0.00018,-0.33065
11666.36,SYN.BTC-9AUG19,1565002742967,open,0.09,0.0,0.057,0.124,0.09093469,109.97,0.175,0.0,BTC-9AUG19-12500-P,11649.09,92.57,0.085,6.0,0.092,0.4,112.97,4.11729,-58.41297,-0.99176,0.00026,-0.70966
11697.56,SYN.BTC-16AUG19,1565002743078,open,0.04,31.6,0.009,0.0605,0.03345575,105.61,0.0385,0.0,BTC-16AUG19-13000-C,11649.09,100.73,0.0305,34.0,0.035,24.0,108.12,7.15126,-34.72073,0.9736,0.00017,0.31279
11886.14,BTC-27SEP19,1565002743086,open,0.06,254.7,0.0235,0.0905,0.05606113,101.36,0.055,0.0,BTC-27SEP19-16000-C,11649.09,99.36,0.0535,37.7,0.0585,19.3,103.25,15.27622,-14.64236,3.88705,7e-05,0.28181
11666.36,SYN.BTC-9AUG19,1565002743277,open,0.0,174.0,0.0005,0.0105,3.12e-06,134.97,0.001,0.0,BTC-9AUG19-7000-P,11649.09,0.0,0.0,0.0,0.0005,30.0,209.44,0.00437,-0.03643,-0.00012,0.0,-9e-05
11697.56,SYN.BTC-16AUG19,1565002743315,open,0.08,40.6,0.043,0.109,0.07819189,101.8,0.082,0.0,BTC-16AUG19-11500-C,11649.09,98.56,0.076,18.0,0.0825,18.0,108.16,7.91903,-37.06244,1.72569,0.00019,0.5733
11666.36,SYN.BTC-9AUG19,1565002743330,open,0.44,0.0,0.432,0.4535,0.44289871,189.41,None,0.0,BTC-9AUG19-6500-C,11649.09,0.0,0.0,0.0,0.0,0.0,0.0,0.03997,-0.97661,0.6889,0.0,0.99901
240.64,ETH-27DEC19,1565002743435,open,0.02,1224.0,0.005,0.047,0.022426,105.48,0.016,0.0,ETH-27DEC19-720-C,232.6,102.04,0.019,300.0,0.026,50.0,108.77,0.25094,-0.09198,0.06673,0.00104,0.09278
237.2,ETH-27SEP19,1565002743435,open,0.01,7790.0,0.001,0.021,0.009797,97.34,0.013,0.0,ETH-27SEP19-140-P,232.6,90.07,0.007,300.0,0.011,200.0,100.15,0.09881,-0.09095,-0.02188,0.00125,-0.05388
237.2,ETH-27SEP19,1565002743435,open,0.74,0.0,0.738,0.757,0.74718,125.0,0.01,0.0,ETH-27SEP19-60-C,232.6,0.0,0.003,10.0,0.0,0.0,0.0,0.00271,-0.0032,0.08657,3e-05,0.99912
240.64,ETH-27DEC19,1565002743435,open,2.24,0.0,2.072,2.292,2.177699,106.09,None,0.0,ETH-27DEC19-760-P,232.6,0.0,0.001,100.0,0.0,0.0,0.0,0.22826,-0.08416,-2.9367,0.00094,-0.91827
237.2,ETH-27SEP19,1565002743435,open,0.9,0.0,0.805,0.935,0.867639,102.52,None,0.0,ETH-27SEP19-440-P,232.6,0.0,0.0,0.0,0.0,0.0,0.0,0.13739,-0.1332,-0.6134,0.00164,-0.91748
240.64,ETH-27DEC19,1565002743435,open,1.41,0.0,1.277,1.466,1.370317,103.28,0.845,0.0,ETH-27DEC19-560-P,232.6,0.0,0.0,0.0,0.0,0.0,0.0,0.37347,-0.13405,-2.09287,0.00158,-0.83606
240.64,ETH-27DEC19,1565002743435,open,0.15,2181.0,0.09,0.19,0.143981,96.85,0.174,0.0,ETH-27DEC19-200-P,232.6,93.01,0.136,179.0,0.149,40.0,99.26,0.50094,-0.1686,-0.39412,0.00227,-0.27151
240.64,ETH-27DEC19,1565002743435,open,0.4,0.0,0.362,0.444,0.407548,96.83,None,0.0,ETH-27DEC19-160-C,232.6,0.0,0.002,100.0,0.98,5.0,500.0,0.3746,-0.12605,0.40574,0.00169,0.8353
240.64,ETH-27DEC19,1565002743435,open,0.52,0.0,0.499,0.553,0.527481,96.84,None,0.0,ETH-27DEC19-120-C,232.6,0.0,0.002,50.0,0.99,5.0,500.0,0.21114,-0.07106,0.37826,0.00096,0.92625
240.64,ETH-27DEC19,1565002743435,open,0.31,164.0,0.255,0.357,0.312829,96.83,0.288,0.0,ETH-27DEC19-200-C,232.6,90.19,0.299,180.0,0.332,180.0,106.05,0.50094,-0.16857,0.39428,0.00227,0.72849
237.2,ETH-27SEP19,1565002743435,open,0.01,4039.0,0.001,0.017,0.005932,106.48,0.004,0.0,ETH-27SEP19-520-C,232.6,100.06,0.004,300.0,0.008,240.0,112.06,0.08009,-0.08064,0.01221,0.00092,0.04146
240.64,ETH-27DEC19,1565002743436,open,0.06,783.0,0.024,0.102,0.062881,102.12,0.062,0.0,ETH-27DEC19-480-C,232.6,100.03,0.059,281.0,0.068,40.0,104.8,0.45277,-0.16068,0.15349,0.00194,0.2247
240.64,ETH-27DEC19,1565002743436,open,0.04,1450.0,0.013,0.077,0.043093,103.22,0.047,0.0,ETH-27DEC19-560-C,232.6,101.19,0.04,296.0,0.048,40.0,106.31,0.37312,-0.13384,0.1144,0.00158,0.1637
237.2,ETH-27SEP19,1565002743436,open,0.01,4810.0,0.001,0.022,0.008496,104.42,0.007,0.0,ETH-27SEP19-480-C,232.6,100.83,0.007,300.0,0.011,200.0,109.71,0.10422,-0.10291,0.01689,0.00122,0.05765
237.2,ETH-27SEP19,1565002743436,open,0.04,1837.0,0.013,0.069,0.040262,98.85,0.044,0.0,ETH-27SEP19-340-C,232.6,96.83,0.038,273.0,0.043,160.0,101.25,0.26801,-0.25053,0.06211,0.00333,0.221
237.2,ETH-27SEP19,1565002743436,open,0.5,347.0,0.412,0.533,0.473659,98.86,0.565,0.0,ETH-27SEP19-340-P,232.6,46.39,0.435,110.0,1.19,1.0,500.0,0.26803,-0.25056,-0.43043,0.00333,-0.77898
237.2,ETH-27SEP19,1565002743436,open,0.02,4592.0,0.005,0.041,0.020092,101.45,0.021,0.0,ETH-27SEP19-400-C,232.6,98.68,0.018,300.0,0.022,200.0,103.86,0.18372,-0.17624,0.03535,0.00222,0.12296
237.2,ETH-27SEP19,1565002743436,open,0.17,1114.0,0.132,0.219,0.180773,97.34,0.153,0.0,ETH-27SEP19-220-C,232.6,92.53,0.174,230.0,0.185,120.0,100.34,0.334,-0.30744,0.16163,0.00421,0.65115
240.64,ETH-27DEC19,1565002743436,open,0.14,198.0,0.088,0.197,0.148418,99.34,0.13,0.0,ETH-27DEC19-320-C,232.6,97.15,0.143,230.0,0.156,260.0,102.39,0.59642,-0.2059,0.27876,0.00263,0.4423
237.2,ETH-27SEP19,1565002743436,open,1.41,24.0,1.293,1.444,1.365129,108.46,1.356,0.0,ETH-27SEP19-560-P,232.6,0.0,0.0,0.0,0.0,0.0,0.0,0.06216,-0.06375,-0.80225,0.0007,-0.96957
237.2,ETH-27SEP19,1565002743436,open,0.41,191.0,0.395,0.442,0.419578,97.34,0.5,0.0,ETH-27SEP19-140-C,232.6,0.0,0.0,0.0,0.0,0.0,0.0,0.09881,-0.09095,0.18093,0.00125,0.94612
237.2,ETH-27SEP19,1565002743436,open,0.0,3444.0,0.001,0.011,0.001178,108.51,0.001,0.0,ETH-27SEP19-680-C,232.6,0.0,0.0,0.0,0.002,301.0,115.43,0.02311,-0.02372,0.00288,0.00026,0.00955
237.19,ETH-27SEP19,1565002743436,open,1.07,0.0,0.967,1.103,1.032105,104.23,None,0.0,ETH-27SEP19-480-P,232.6,0.0,0.0,0.0,0.0,0.0,0.0,0.10361,-0.10212,-0.67858,0.00122,-0.94278
237.19,ETH-27SEP19,1565002743436,open,0.0,3419.0,0.001,0.011,0.001789,108.46,0.001,0.0,ETH-27SEP19-640-C,232.6,0.0,0.0,0.0,0.003,137.0,115.86,0.03217,-0.03299,0.00419,0.00036,0.01397
237.19,ETH-27SEP19,1565002743436,open,0.27,770.0,0.243,0.316,0.283443,97.37,0.28,0.0,ETH-27SEP19-180-C,232.6,0.0,0.241,40.0,0.609,10.0,395.08,0.23375,-0.21522,0.18566,0.00295,0.82376
237.19,ETH-27SEP19,1565002743436,open,0.66,0.0,0.653,0.674,0.663766,125.22,None,0.0,ETH-27SEP19-80-C,232.6,0.0,0.003,10.0,0.0,0.0,0.0,0.0151,-0.01788,0.11351,0.00015,0.99411
237.19,ETH-27SEP19,1565002743436,open,0.34,392.0,0.315,0.376,0.347683,97.38,0.51,0.0,ETH-27SEP19-160-C,232.6,0.0,0.001,1.0,0.0,0.0,0.0,0.1654,-0.1523,0.18768,0.00208,0.8939
237.19,ETH-27SEP19,1565002743436,open,0.0,4612.0,0.001,0.013,0.003861,123.39,0.004,0.0,ETH-27SEP19-100-P,232.6,110.74,0.002,100.0,0.006,300.0,133.98,0.04194,-0.04893,-0.00787,0.00042,-0.01905
237.19,ETH-27SEP19,1565002743436,open,0.03,2762.0,0.009,0.057,0.031661,99.63,0.035,0.0,ETH-27SEP19-360-C,232.6,97.96,0.03,285.0,0.034,160.0,101.93,0.23789,-0.22412,0.05139,0.00293,0.18122
237.19,ETH-27SEP19,1565002743436,open,0.0,2698.0,0.001,0.011,0.001024,111.69,0.001,0.0,ETH-27SEP19-720-C,232.6,0.0,0.0,0.0,0.002,242.0,120.53,0.02025,-0.02139,0.00247,0.00022,0.00821
237.19,ETH-27SEP19,1565002743436,open,0.0,8193.0,0.001,0.013,0.003533,98.2,0.009,0.0,ETH-27SEP19-120-P,232.6,89.27,0.002,401.0,0.005,200.0,104.76,0.04778,-0.04437,-0.00885,0.0006,-0.02222
237.19,ETH-27SEP19,1565002743436,open,0.13,1840.0,0.093,0.181,0.141903,97.29,0.139,0.0,ETH-27SEP19-240-C,232.6,94.69,0.138,184.0,0.146,120.0,100.02,0.35594,-0.32745,0.14398,0.00449,0.56093
234.77,SYN.ETH-30AUG19,1565002743435,open,0.4,0.0,0.386,0.426,0.406024,104.59,None,0.0,ETH-30AUG19-140-C,232.6,0.0,0.0,0.0,0.0,0.0,0.0,0.03115,-0.06549,0.09165,0.00079,0.97882
237.19,ETH-27SEP19,1565002743437,open,0.57,0.0,0.566,0.597,0.582276,123.49,None,0.0,ETH-27SEP19-100-C,232.6,0.0,0.003,10.0,0.0,0.0,0.0,0.04205,-0.0491,0.13697,0.00042,0.98089
237.19,ETH-27SEP19,1565002743437,open,1.58,27.0,1.457,1.615,1.532365,108.46,1.044,0.0,ETH-27SEP19-600-P,232.6,0.0,0.0,0.0,0.0,0.0,0.0,0.0448,-0.04595,-0.86306,0.00051,-0.97941
240.63,ETH-27DEC19,1565002743437,open,0.02,1375.0,0.004,0.042,0.019323,105.95,0.019,0.0,ETH-27DEC19-760-C,232.6,102.25,0.016,300.0,0.023,50.0,109.66,0.22739,-0.08373,0.05881,0.00094,0.08132
240.63,ETH-27DEC19,1565002743437,open,0.64,241.0,0.528,0.692,0.61425,100.18,0.986,0.0,ETH-27DEC19-360-P,232.6,77.51,0.563,110.0,1.59,1.0,500.0,0.57151,-0.19897,-1.1781,0.0025,-0.6278
237.19,ETH-27SEP19,1565002743437,open,0.01,2471.0,0.002,0.029,0.012664,102.53,0.01,0.0,ETH-27SEP19-440-C,232.6,99.55,0.011,300.0,0.015,200.0,106.38,0.13738,-0.13319,0.024,0.00164,0.08252
237.19,ETH-27SEP19,1565002743436,open,0.0,2060.0,0.001,0.011,0.001035,125.0,0.003,0.0,ETH-27SEP19-80-P,232.6,0.0,0.0,0.0,0.005,300.0,159.62,0.01496,-0.01768,-0.00236,0.00015,-0.00583
240.63,ETH-27DEC19,1565002743437,open,0.03,1087.0,0.008,0.059,0.030495,104.27,0.028,0.0,ETH-27DEC19-640-C,232.6,101.43,0.027,300.0,0.035,50.0,107.7,0.30506,-0.11054,0.08642,0.00128,0.12161
240.63,ETH-27DEC19,1565002743437,open,0.03,1581.0,0.01,0.067,0.035958,103.64,0.028,0.0,ETH-27DEC19-600-C,232.6,101.48,0.033,300.0,0.041,50.0,107.13,0.3368,-0.1213,0.099,0.00142,0.14033
240.63,ETH-27DEC19,1565002743438,open,0.03,2376.0,0.009,0.045,0.026156,96.84,0.029,0.0,ETH-27DEC19-120-P,232.6,88.18,0.019,350.0,0.027,50.0,97.8,0.21115,-0.07106,-0.09477,0.00096,-0.07376
240.63,ETH-27DEC19,1565002743437,open,0.02,503.0,0.006,0.052,0.025648,104.52,0.026,0.0,ETH-27DEC19-680-C,232.6,102.13,0.023,300.0,0.03,50.0,108.19,0.27424,-0.09961,0.07503,0.00115,0.10475
240.63,ETH-27DEC19,1565002743438,open,1.9,0.0,1.751,1.958,1.851446,104.42,None,0.0,ETH-27DEC19-680-P,232.6,0.0,0.0,0.0,0.0,0.0,0.0,0.27359,-0.09928,-2.60561,0.00115,-0.89559
240.63,ETH-27DEC19,1565002743438,open,0.78,16.0,0.669,0.84,0.757753,101.13,1.195,0.0,ETH-27DEC19-400-P,232.6,70.31,0.697,110.0,1.49,1.0,476.24,0.53635,-0.18849,-1.3689,0.00232,-0.68545
237.19,ETH-27SEP19,1565002743438,open,0.49,47.0,0.48,0.515,0.497631,98.3,0.689,0.0,ETH-27SEP19-120-C,232.6,0.0,0.0,0.0,0.0,0.0,0.0,0.04795,-0.04457,0.16495,0.0006,0.97769
237.19,ETH-27SEP19,1565002743438,open,0.65,259.0,0.566,0.691,0.627976,101.38,0.94,0.0,ETH-27SEP19-380-P,232.6,0.0,0.009,8.0,0.0,0.0,0.0,0.21221,-0.20342,-0.50721,0.00257,-0.84816
237.19,ETH-27SEP19,1565002743438,open,0.0,739.0,0.001,0.011,0.000131,125.0,0.001,0.0,ETH-27SEP19-60-P,232.6,0.0,0.0,0.0,0.002,550.0,171.46,0.00271,-0.0032,-0.00035,3e-05,-0.00088
237.19,ETH-27SEP19,1565002743438,open,0.22,1290.0,0.182,0.264,0.227762,97.36,0.2,0.0,ETH-27SEP19-200-C,232.6,0.0,0.0,0.0,0.425,11.0,253.7,0.29242,-0.26922,0.17625,0.00369,0.7407
237.19,ETH-27SEP19,1565002743438,open,0.35,769.0,0.27,0.387,0.33139,97.88,0.45,0.0,ETH-27SEP19-300-P,232.6,74.47,0.301,110.0,0.97,5.0,500.0,0.3263,-0.302,-0.34463,0.00409,-0.6716
240.63,ETH-27DEC19,1565002743438,open,0.07,624.0,0.033,0.119,0.077139,101.63,0.068,0.0,ETH-27DEC19-440-C,232.6,99.61,0.073,271.0,0.083,40.0,104.45,0.49523,-0.17491,0.17858,0.00213,0.26541
237.19,ETH-27SEP19,1565002743438,open,0.42,497.0,0.339,0.459,0.400832,98.33,0.51,0.0,ETH-27SEP19-320-P,232.6,66.37,0.366,110.0,1.39,1.0,500.0,0.29846,-0.27751,-0.38858,0.00372,-0.73007
240.63,ETH-27DEC19,1565002743438,open,1.57,0.0,1.434,1.629,1.52931,103.56,0.953,0.0,ETH-27DEC19-600-P,232.6,0.0,0.0,0.0,0.0,0.0,0.0,0.33635,-0.12106,-2.26624,0.00142,-0.85995
237.19,ETH-27SEP19,1565002743438,open,1.24,12.0,1.13,1.273,1.198174,106.21,1.193,0.0,ETH-27SEP19-520-P,232.6,0.0,0.0,0.0,0.0,0.0,0.0,0.07932,-0.07966,-0.74123,0.00092,-0.95904
237.19,ETH-27SEP19,1565002743438,open,0.1,1731.0,0.064,0.149,0.11058,97.33,0.11,0.0,ETH-27SEP19-260-C,232.6,94.97,0.107,205.0,0.115,120.0,100.25,0.35945,-0.33083,0.12523,0.00453,0.47503
237.19,ETH-27SEP19,1565002743439,open,0.08,2100.0,0.044,0.122,0.085866,97.55,0.067,0.0,ETH-27SEP19-280-C,232.6,95.59,0.083,225.0,0.09,160.0,100.36,0.34807,-0.32107,0.10689,0.00438,0.39694
233.55,SYN.ETH-16AUG19,1565002743435,open,0.05,0.0,0.012,0.07,0.039972,97.21,0.068,0.0,ETH-16AUG19-220-P,232.6,89.21,0.035,187.0,0.042,200.0,100.45,0.14598,-0.6524,-0.02574,0.00924,-0.3299
237.19,ETH-27SEP19,1565002743439,open,0.0,7916.0,0.001,0.011,0.001023,116.21,0.001,0.0,ETH-27SEP19-760-C,232.6,0.0,0.0,0.0,0.002,100.0,125.31,0.01967,-0.02162,0.00238,0.00021,0.00795
240.63,ETH-27DEC19,1565002743439,open,0.08,1901.0,0.037,0.106,0.072459,96.83,0.08,0.0,ETH-27DEC19-160-P,232.6,91.34,0.064,289.0,0.074,40.0,97.82,0.37462,-0.12607,-0.22497,0.00169,-0.16473
234.77,SYN.ETH-30AUG19,1565002743435,open,0.33,0.0,0.254,0.355,0.305639,100.48,None,0.0,ETH-30AUG19-300-P,232.6,0.0,0.0,0.0,0.0,0.0,0.0,0.17706,-0.35761,-0.17517,0.00469,-0.78915
234.77,SYN.ETH-30AUG19,1565002743436,open,0.74,0.0,0.655,0.764,0.70754,106.16,None,0.0,ETH-30AUG19-400-P,232.6,0.0,0.0,0.0,0.0,0.0,0.0,0.04978,-0.10622,-0.26726,0.00125,-0.9628
234.77,SYN.ETH-30AUG19,1565002743436,open,0.02,485.0,0.007,0.052,0.027735,100.41,0.028,0.0,ETH-30AUG19-300-C,232.6,98.09,0.026,276.0,0.03,160.0,103.38,0.17695,-0.35713,0.02926,0.00469,0.21063
233.55,SYN.ETH-16AUG19,1565002743435,open,0.05,372.0,0.021,0.086,0.054857,97.18,0.039,0.0,ETH-16AUG19-240-C,232.6,97.39,0.055,2.0,0.059,150.0,103.21,0.16034,-0.71639,0.0288,0.01015,0.46875
233.55,SYN.ETH-16AUG19,1565002743435,open,0.01,41.0,0.001,0.02,0.006584,100.69,0.004,0.0,ETH-16AUG19-300-C,232.6,94.54,0.005,300.0,0.008,5.0,105.58,0.06434,-0.29782,0.00566,0.00393,0.08792
232.95,SYN.ETH-9AUG19,1565002743435,open,0.01,361.0,0.001,0.028,0.009078,104.38,0.005,0.0,ETH-9AUG19-260-C,232.6,95.93,0.007,200.0,0.011,292.0,111.6,0.05996,-0.8074,0.0039,0.00997,0.16659
234.77,SYN.ETH-30AUG19,1565002743436,open,0.57,0.0,0.491,0.596,0.541683,104.07,None,0.0,ETH-30AUG19-360-P,232.6,0.0,0.0,0.0,0.0,0.0,0.0,0.08698,-0.18194,-0.23463,0.00223,-0.92475
240.63,ETH-27DEC19,1565002743440,open,1.25,37.0,1.121,1.305,1.212682,102.59,0.707,0.0,ETH-27DEC19-520-P,232.6,0.0,0.002,25.0,0.0,0.0,0.0,0.41127,-0.14663,-1.91761,0.00176,-0.80902
234.77,SYN.ETH-30AUG19,1565002743436,open,0.25,0.0,0.183,0.283,0.234835,99.87,None,0.0,ETH-30AUG19-280-P,232.6,0.0,0.0,0.0,0.0,0.0,0.0,0.21071,-0.42297,-0.15074,0.00562,-0.70727
240.63,ETH-27DEC19,1565002743440,open,0.94,0.0,0.816,0.991,0.905596,101.6,None,0.0,ETH-27DEC19-440-P,232.6,53.5,0.835,110.0,0.0,0.0,0.0,0.49508,-0.1748,-1.55589,0.00214,-0.73474
232.95,SYN.ETH-9AUG19,1565002743436,open,0.0,555.0,0.001,0.014,0.003112,101.44,0.005,0.0,ETH-9AUG19-200-P,232.6,80.57,0.001,263.0,0.005,250.0,114.19,0.03057,-0.40008,-0.00169,0.00523,-0.06538
240.63,ETH-27DEC19,1565002743441,open,1.09,21.0,0.967,1.147,1.057569,102.08,0.629,0.0,ETH-27DEC19-480-P,232.6,0.0,0.977,110.0,0.0,0.0,0.0,0.45256,-0.16055,-1.73867,0.00194,-0.77547
233.55,SYN.ETH-16AUG19,1565002743435,open,0.01,118.0,0.002,0.033,0.014036,99.51,0.013,0.0,ETH-16AUG19-280-C,232.6,94.64,0.012,284.0,0.016,200.0,103.96,0.10047,-0.45963,0.01058,0.00621,0.16601
234.77,SYN.ETH-30AUG19,1565002743436,open,0.24,757.0,0.218,0.279,0.250609,98.13,0.25,0.0,ETH-30AUG19-180-C,232.6,48.4,0.234,120.0,0.0,0.0,0.0,0.12404,-0.24465,0.10038,0.00336,0.878
234.77,SYN.ETH-30AUG19,1565002743435,open,0.01,3915.0,0.002,0.028,0.012146,102.48,0.009,0.0,ETH-30AUG19-340-C,232.6,100.02,0.011,300.0,0.014,200.0,106.25,0.11188,-0.23047,0.01495,0.00291,0.10557
233.55,SYN.ETH-16AUG19,1565002743435,open,0.02,176.0,0.003,0.043,0.020303,99.17,0.02,0.0,ETH-16AUG19-270-C,232.6,94.63,0.018,266.0,0.022,200.0,102.43,0.12035,-0.54873,0.01412,0.00747,0.22318
234.77,SYN.ETH-30AUG19,1565002743435,open,0.18,465.0,0.146,0.219,0.186187,98.15,0.162,0.0,ETH-30AUG19-200-C,232.6,79.22,0.172,120.0,0.0,0.0,0.0,0.18405,-0.3631,0.09413,0.00499,0.77448
232.95,SYN.ETH-9AUG19,1565002743435,open,0.17,200.0,0.16,0.211,0.185634,107.23,0.148,0.0,ETH-9AUG19-190-C,232.6,0.0,0.001,100.0,0.0,0.0,0.0,0.01577,-0.21809,0.01943,0.00255,0.97125
232.95,SYN.ETH-9AUG19,1565002743435,open,0.04,1205.0,0.014,0.078,0.048017,101.36,0.045,0.0,ETH-9AUG19-230-C,232.6,93.91,0.045,150.0,0.054,308.0,116.13,0.09432,-1.23339,0.01289,0.01615,0.56911
234.77,SYN.ETH-30AUG19,1565002743438,open,0.0,3084.0,0.001,0.013,0.003668,105.81,0.002,0.0,ETH-30AUG19-400-C,232.6,96.31,0.002,300.0,0.005,200.0,111.58,0.04919,-0.10462,0.00528,0.00124,0.03666
234.77,SYN.ETH-30AUG19,1565002743435,open,0.12,666.0,0.09,0.168,0.133337,98.16,0.103,0.0,ETH-30AUG19-220-C,232.6,93.67,0.129,240.0,0.138,120.0,102.97,0.22733,-0.44851,0.08245,0.00617,0.64865
232.95,SYN.ETH-9AUG19,1565002743436,open,0.13,444.0,0.116,0.172,0.144509,101.16,0.101,0.0,ETH-9AUG19-200-C,232.6,0.0,0.0,0.0,0.334,3.0,500.0,0.03039,-0.39662,0.01956,0.00521,0.93512
232.95,SYN.ETH-9AUG19,1565002743436,open,0.0,818.0,0.001,0.019,0.004796,106.04,0.004,0.0,ETH-9AUG19-270-C,232.6,94.78,0.003,250.0,0.007,550.0,117.4,0.04133,-0.56542,0.00229,0.00676,0.09743
233.55,SYN.ETH-16AUG19,1565002743435,open,0.16,0.0,0.097,0.184,0.142388,99.25,None,0.0,ETH-16AUG19-260-P,232.6,0.0,0.0,0.0,0.0,0.0,0.0,0.13898,-0.63414,-0.05901,0.00862,-0.70556
233.55,SYN.ETH-16AUG19,1565002743436,open,0.19,0.0,0.131,0.219,0.176401,99.27,None,0.0,ETH-16AUG19-270-P,232.6,0.0,0.0,0.0,0.0,0.0,0.0,0.12044,-0.54964,-0.06632,0.00746,-0.77655
233.55,SYN.ETH-16AUG19,1565002743435,open,0.04,78.0,0.012,0.07,0.04089,99.17,0.036,0.0,ETH-16AUG19-250-C,232.6,97.81,0.04,10.0,0.043,200.0,102.37,0.1532,-0.69843,0.02343,0.0095,0.37754
234.77,SYN.ETH-30AUG19,1565002743438,open,0.04,421.0,0.013,0.064,0.038123,98.19,0.05,0.0,ETH-30AUG19-200-P,232.6,92.88,0.034,393.0,0.04,160.0,100.58,0.18409,-0.36333,-0.04219,0.00499,-0.22559
237.19,ETH-27SEP19,1565002743442,open,0.0,5783.0,0.001,0.012,0.002748,108.46,0.002,0.0,ETH-27SEP19-600-C,232.6,95.85,0.001,1577.0,0.003,80.0,109.76,0.04481,-0.04596,0.00613,0.00051,0.02059
232.95,SYN.ETH-9AUG19,1565002743436,open,0.09,207.0,0.073,0.137,0.106854,101.28,0.095,0.0,ETH-9AUG19-210-C,232.6,0.0,0.0,0.0,0.0,0.0,0.0,0.05542,-0.72417,0.01844,0.0095,0.85218
233.55,SYN.ETH-16AUG19,1565002743435,open,0.07,1.0,0.024,0.093,0.059025,97.21,0.068,0.0,ETH-16AUG19-230-P,232.6,88.33,0.053,148.0,0.061,150.0,100.13,0.15838,-0.70785,-0.03406,0.01002,-0.43043
234.77,SYN.ETH-30AUG19,1565002743435,open,0.06,354.0,0.028,0.095,0.063346,99.45,0.046,0.0,ETH-30AUG19-260-C,232.6,96.11,0.06,220.0,0.067,160.0,103.07,0.23617,-0.47207,0.05325,0.00632,0.39613
232.95,SYN.ETH-9AUG19,1565002743436,open,0.0,162.0,0.001,0.011,0.001307,107.74,0.002,0.0,ETH-9AUG19-190-P,232.6,102.92,0.001,4.0,0.002,3.0,116.59,0.01602,-0.2227,-0.00076,0.00258,-0.02931
232.95,SYN.ETH-9AUG19,1565002743436,open,0.01,742.0,0.001,0.041,0.016989,104.05,0.016,0.0,ETH-9AUG19-250-C,232.6,95.14,0.014,200.0,0.02,259.0,112.7,0.07973,-1.07025,0.00632,0.0133,0.27248
234.77,SYN.ETH-30AUG19,1565002743440,open,0.02,986.0,0.004,0.039,0.01873,102.06,0.013,0.0,ETH-30AUG19-320-C,232.6,99.19,0.017,294.0,0.02,200.0,104.11,0.14397,-0.29535,0.02127,0.00376,0.1517
234.77,SYN.ETH-30AUG19,1565002743435,open,0.31,0.0,0.299,0.349,0.324679,98.1,None,0.0,ETH-30AUG19-160-C,232.6,0.0,0.0,0.0,0.0,0.0,0.0,0.06527,-0.12869,0.09972,0.00177,0.94795
234.77,SYN.ETH-30AUG19,1565002743435,open,0.01,2909.0,0.001,0.016,0.006227,98.2,0.009,0.0,ETH-30AUG19-160-P,232.6,89.29,0.004,500.0,0.008,200.0,104.17,0.06542,-0.12913,-0.00935,0.00177,-0.05221
234.77,SYN.ETH-30AUG19,1565002743438,open,0.48,0.0,0.41,0.513,0.460437,102.61,None,0.0,ETH-30AUG19-340-P,232.6,0.0,0.0,0.0,0.0,0.0,0.0,0.11215,-0.23131,-0.21672,0.00291,-0.89408
234.77,SYN.ETH-30AUG19,1565002743436,open,0.4,0.0,0.331,0.433,0.381827,102.16,None,0.0,ETH-30AUG19-320-P,232.6,0.0,0.0,0.0,0.0,0.0,0.0,0.14415,-0.29599,-0.19678,0.00376,-0.84802
234.77,SYN.ETH-30AUG19,1565002743436,open,0.08,1448.0,0.051,0.126,0.09233,98.16,0.082,0.0,ETH-30AUG19-240-C,232.6,95.92,0.09,187.0,0.097,120.0,102.65,0.24429,-0.482,0.06792,0.00663,0.51681
232.95,SYN.ETH-9AUG19,1565002743435,open,0.0,264.0,0.001,0.011,0.000401,110.33,0.001,0.0,ETH-9AUG19-180-P,232.6,0.0,0.0,0.0,0.001,1.0,125.91,0.00642,-0.09139,-0.00026,0.00101,-0.01004
237.19,ETH-27SEP19,1565002743444,open,0.73,79.0,0.644,0.771,0.706433,101.36,0.351,0.0,ETH-27SEP19-400-P,232.6,0.0,0.0,0.0,0.0,0.0,0.0,0.1834,-0.17579,-0.54419,0.00222,-0.87733
11697.52,SYN.BTC-16AUG19,1565002743499,open,0.14,0.0,0.1055,0.182,0.14468436,105.42,None,0.0,BTC-16AUG19-13000-P,11649.09,0.0,0.0,0.0,0.0,0.0,0.0,7.1469,-34.63645,-2.90106,0.00017,-0.68765
12102.9,BTC-27DEC19,1565002743528,open,0.24,166.4,0.185,0.2945,0.2445101,97.84,0.239,0.0,BTC-27DEC19-12000-C,11649.09,96.16,0.2405,5.0,0.249,8.6,99.73,28.79164,-9.78963,18.1955,5e-05,0.62591
11884.43,BTC-27SEP19,1565002743528,open,0.54,221.9,0.5285,0.5545,0.54080683,109.93,0.51,0.0,BTC-27SEP19-5500-C,11649.09,0.0,0.537,3.0,0.8335,5.0,500.0,2.20403,-2.29113,7.55873,1e-05,0.97985
12102.9,BTC-27DEC19,1565002743528,open,0.47,52.5,0.435,0.499,0.46815844,98.02,0.414,0.0,BTC-27DEC19-7000-C,11649.09,0.0,0.3765,1.0,0.55,0.1,157.6,14.80112,-5.04178,19.85914,3e-05,0.88443
12102.9,BTC-27DEC19,1565002743528,open,0.23,101.6,0.1735,0.292,0.23602111,97.85,0.255,0.0,BTC-27DEC19-12000-P,11649.09,96.16,0.232,4.9,0.2405,4.9,99.73,28.79148,-9.79012,-29.10642,5e-05,-0.37408
11884.43,BTC-27SEP19,1565002743550,open,0.0,439.8,0.0005,0.015,0.00455434,109.38,0.0055,0.0,BTC-27SEP19-28000-C,11649.09,107.28,0.004,39.0,0.0055,2.0,112.63,3.2582,-3.37011,0.4749,1e-05,0.03214
11884.43,BTC-27SEP19,1565002743550,open,0.0,1660.1,0.0005,0.0105,1.12e-06,135.0,0.0005,0.0,BTC-27SEP19-1500-P,11649.09,0.0,0.0,0.0,0.001,92.1,234.12,0.00186,-0.00237,-0.00018,0.0,-1e-05
11759.85,SYN.BTC-30AUG19,1565002743552,open,0.17,17.1,0.1285,0.2135,0.17250775,102.51,0.289,0.0,BTC-30AUG19-13000-P,11649.09,0.0,0.0,0.0,0.0,0.0,0.0,11.89764,-24.51538,-6.1525,0.00012,-0.59515
12102.9,BTC-27DEC19,1565002743561,open,2.97,0.0,2.891,3.076,2.97811,111.25,None,0.0,BTC-27DEC19-48000-P,11649.09,0.0,0.0,0.0,6.0,1.0,500.0,8.11875,-3.13895,-187.29088,1e-05,-0.94773
11759.85,SYN.BTC-30AUG19,1565002743565,open,0.3,0.0,0.2645,0.3495,0.30683166,104.61,None,0.0,BTC-30AUG19-15000-P,11649.09,0.0,0.0,0.0,0.0,0.0,0.0,9.21337,-19.37265,-8.66844,9e-05,-0.77474
12102.9,BTC-27DEC19,1565002743571,open,0.04,285.9,0.0115,0.0745,0.0386082,105.06,0.04,0.0,BTC-27DEC19-30000-C,11649.09,104.29,0.0375,6.0,0.041,10.0,106.68,17.53262,-6.401,5.20308,3e-05,0.14767
11884.43,BTC-27SEP19,1565002743571,open,0.0,416.0,0.0005,0.011,0.00127794,128.82,0.0015,0.0,BTC-27SEP19-4000-P,11649.09,114.53,0.0005,10.0,0.002,25.0,137.34,0.86246,-1.05058,-0.13958,0.0,-0.00683
11666.35,SYN.BTC-9AUG19,1565002743571,open,0.19,54.7,0.1695,0.2105,0.18867712,127.39,0.193,0.0,BTC-9AUG19-9500-C,11649.09,87.16,0.186,0.3,0.192,0.2,152.27,1.26944,-20.86288,0.94124,7e-05,0.9485
11759.85,SYN.BTC-30AUG19,1565002743577,open,0.23,0.0,0.1925,0.279,0.23665485,103.76,None,0.0,BTC-30AUG19-14000-P,11649.09,0.0,0.0,0.0,0.0,0.0,0.0,10.76334,-22.44665,-7.46193,0.00011,-0.69438
12102.9,BTC-27DEC19,1565002743687,open,1.99,1.3,1.9235,2.0845,1.99931114,107.31,2.2,0.0,BTC-27DEC19-36000-P,11649.09,0.0,0.0005,1.0,0.0,0.0,0.0,13.34247,-4.97563,-138.31463,2e-05,-0.89993
11884.43,BTC-27SEP19,1565002743687,open,0.21,38.4,0.157,0.2555,0.20846104,99.47,0.265,0.0,BTC-27SEP19-13000-P,11649.09,97.52,0.2055,14.4,0.2135,14.4,102.79,18.02505,-16.95472,-12.52447,9e-05,-0.51901
11884.43,BTC-27SEP19,1565002743687,open,0.83,28.2,0.822,0.8415,0.83173408,139.43,0.755,0.0,BTC-27SEP19-2000-C,11649.09,0.0,0.012,4.0,0.9125,5.0,500.0,0.02542,-0.03352,2.89443,0.0,0.99985
12102.9,BTC-27DEC19,1565002743687,open,0.6,63.4,0.584,0.621,0.60187252,101.66,0.575,0.0,BTC-27DEC19-5000-C,11649.09,0.0,0.33,1.0,0.9275,5.0,500.0,7.09579,-2.50682,16.88615,1e-05,0.95583
12102.9,BTC-27DEC19,1565002743687,open,0.08,170.1,0.035,0.125,0.07892713,101.96,0.082,0.0,BTC-27DEC19-22000-C,11649.09,101.02,0.077,4.9,0.082,10.0,103.43,25.11383,-8.89834,9.10451,4e-05,0.26977
11666.35,SYN.BTC-9AUG19,1565002743687,open,0.0,15.7,0.0005,0.0105,2.9e-07,134.98,0.0005,0.0,BTC-9AUG19-6500-P,11649.09,0.0,0.0,0.0,0.0005,30.0,236.98,0.00052,-0.00341,-1e-05,0.0,-1e-05
11884.43,BTC-27SEP19,1565002743694,open,0.42,748.2,0.403,0.444,0.42305956,102.85,0.422,0.0,BTC-27SEP19-7000-C,11649.09,0.0,0.2,1.0,0.0,0.0,0.0,5.44591,-5.29638,8.88572,3e-05,0.93918
11759.85,SYN.BTC-30AUG19,1565002743705,open,0.38,0.0,0.3415,0.4245,0.38181677,105.68,None,0.0,BTC-30AUG19-16000-P,11649.09,0.0,0.0,0.0,0.0,0.0,0.0,7.59108,-16.12408,-9.76031,8e-05,-0.83599
11666.35,SYN.BTC-9AUG19,1565002743757,open,0.16,0.0,0.135,0.195,0.16311626,111.3,None,0.0,BTC-9AUG19-13500-P,11649.09,0.0,0.0,0.0,0.0,0.0,0.0,2.29102,-32.8949,-1.302,0.00014,-0.88792
12102.9,BTC-27DEC19,1565002743772,open,0.01,412.4,0.001,0.0225,0.01078826,103.88,0.012,0.0,BTC-27DEC19-4500-P,11649.09,100.98,0.0095,99.0,0.012,11.0,106.46,5.54664,-2.0024,-2.07282,1e-05,-0.03266
12102.9,BTC-27DEC19,1565002743772,open,0.68,27.2,0.665,0.69,0.67659563,105.3,0.65,0.0,BTC-27DEC19-4000-C,11649.09,0.0,0.45,1.0,0.967,1.0,500.0,4.05958,-1.48554,14.35686,1e-05,0.97753
12102.9,BTC-27DEC19,1565002743772,open,0.0,173.8,0.0005,0.0105,0.00060765,134.64,0.0005,0.0,BTC-27DEC19-1500-P,11649.09,0.0,0.0,0.0,0.0005,13.9,131.63,0.46206,-0.21621,-0.12012,0.0,-0.00191
11884.43,BTC-27SEP19,1565002743772,open,0.29,377.7,0.252,0.318,0.28637966,99.2,0.285,0.0,BTC-27SEP19-9000-C,11649.09,91.05,0.2785,14.1,0.2955,14.1,108.22,11.76326,-11.03403,9.23085,6e-05,0.82255
11884.43,BTC-27SEP19,1565002743772,open,0.02,623.1,0.0055,0.0475,0.02322782,105.08,0.0245,0.0,BTC-27SEP19-20000-C,11649.09,104.81,0.023,10.0,0.0245,24.0,106.6,9.83867,-9.77637,1.9304,5e-05,0.13535
11884.43,BTC-27SEP19,1565002743798,open,0.33,29.6,0.28,0.384,0.33337313,100.82,0.58,0.0,BTC-27SEP19-15000-P,11649.09,0.0,0.0045,10.0,0.88,0.3,499.87,16.55776,-15.78618,-17.11723,8e-05,-0.66087
12102.9,BTC-27DEC19,1565002743814,open,0.57,59.3,0.545,0.5885,0.5662621,100.36,0.51,0.0,BTC-27DEC19-5500-C,11649.09,0.0,0.255,1.0,0.9605,5.0,500.0,8.88409,-3.09854,17.89743,2e-05,0.94141
11884.43,BTC-27SEP19,1565002743814,open,0.23,673.4,0.19,0.2665,0.23106661,99.17,0.23,0.0,BTC-27SEP19-10000-C,11649.09,92.99,0.2235,14.5,0.2365,14.5,103.56,14.64596,-13.73451,8.77746,7e-05,0.7409
11884.43,BTC-27SEP19,1565002743814,open,0.0,325.9,0.0005,0.0115,0.0019298,116.4,0.0025,0.0,BTC-27SEP19-4750-P,11649.09,106.09,0.001,16.0,0.003,39.0,124.82,1.30663,-1.43824,-0.22205,1e-05,-0.01097
11666.35,SYN.BTC-9AUG19,1565002743817,open,0.0,21.8,0.0005,0.017,0.00371421,116.7,0.0045,0.0,BTC-9AUG19-14000-C,11649.09,107.29,0.0025,30.5,0.005,0.5,125.06,1.66109,-25.00865,0.08542,0.0001,0.07267
11697.52,SYN.BTC-16AUG19,1565002743820,open,0.16,10.5,0.1335,0.189,0.162098,102.9,0.168,0.0,BTC-16AUG19-10000-C,11649.09,0.0,0.1095,0.1,0.0,0.0,0.0,5.02475,-23.77005,2.34315,0.00012,0.83436
12102.9,BTC-27DEC19,1565002743824,open,0.76,0.0,0.7455,0.765,0.75520384,112.72,None,0.0,BTC-27DEC19-3000-C,11649.09,0.0,0.01,1.0,0.972,0.5,500.0,2.03258,-0.79622,11.19948,0.0,0.98996
11884.43,BTC-27SEP19,1565002743877,open,0.86,0.2,0.8185,0.9185,0.86592599,105.75,1.391,0.0,BTC-27SEP19-22000-P,11649.09,0.0,0.0045,10.0,0.0,0.0,0.0,7.46424,-7.46413,-30.54114,3e-05,-0.90803
11697.52,SYN.BTC-16AUG19,1565002743879,open,0.25,0.0,0.218,0.2895,0.25251132,108.33,None,0.0,BTC-16AUG19-14500-P,11649.09,0.0,0.0,0.0,0.0,0.0,0.0,4.61744,-22.9976,-3.85767,0.0001,-0.85428
12102.9,BTC-27DEC19,1565002743885,open,0.01,289.7,0.0005,0.017,0.0070993,105.31,0.009,0.0,BTC-27DEC19-4000-P,11649.09,101.88,0.006,10.0,0.008,5.0,107.91,4.06093,-1.48621,-1.41097,1e-05,-0.02248
12102.9,BTC-27DEC19,1565002743885,open,0.0,138.5,0.0005,0.0145,0.0048107,108.79,0.006,0.0,BTC-27DEC19-3500-P,11649.09,102.92,0.0035,10.0,0.006,16.0,113.36,2.95409,-1.11685,-0.96729,0.0,-0.01546
12102.9,BTC-27DEC19,1565002743885,open,0.09,543.6,0.0475,0.1455,0.09665254,101.08,0.0995,0.0,BTC-27DEC19-20000-C,11649.09,100.12,0.0945,4.9,0.1,10.0,102.57,27.09108,-9.51653,10.54525,5e-05,0.31769
11697.52,SYN.BTC-16AUG19,1565002743885,open,0.0,41.5,0.0005,0.0135,0.00361773,113.59,0.003,0.0,BTC-16AUG19-8500-P,11649.09,109.4,0.003,2.0,0.0045,40.0,118.94,1.81449,-9.47543,-0.15942,4e-05,-0.04212
12102.9,BTC-27DEC19,1565002743887,open,0.02,384.9,0.006,0.054,0.02478525,107.28,0.027,0.0,BTC-27DEC19-36000-C,11649.09,106.1,0.0235,6.0,0.027,10.0,109.24,13.33338,-4.97089,3.58724,2e-05,0.09998
11759.85,SYN.BTC-30AUG19,1565002743887,open,0.0,589.8,0.0005,0.011,0.00149281,123.08,0.001,0.0,BTC-30AUG19-6000-P,11649.09,116.27,0.001,0.2,0.002,24.3,128.7,0.96365,-2.38401,-0.10869,1e-05,-0.01207
12102.9,BTC-27DEC19,1565002743902,open,0.4,8.6,0.336,0.4735,0.40822374,98.9,0.404,0.0,BTC-27DEC19-15000-P,11649.09,97.02,0.4035,3.6,0.4145,3.6,101.41,30.29555,-10.41295,-43.99725,5e-05,-0.51401
11884.43,BTC-27SEP19,1565002743902,open,0.01,619.7,0.0005,0.015,0.00517225,105.74,0.0035,0.0,BTC-27SEP19-6000-P,11649.09,102.94,0.0045,24.0,0.006,1.0,108.91,2.97083,-2.97043,-0.584,1e-05,-0.02875
11666.35,SYN.BTC-9AUG19,1565002743936,open,0.0,384.1,0.0005,0.0105,2.248e-05,134.97,0.0005,0.0,BTC-9AUG19-7500-P,11649.09,0.0,0.0,0.0,0.0005,29.2,183.65,0.0247,-0.26223,-0.00075,0.0,-0.00058
12102.9,BTC-27DEC19,1565002743939,open,0.21,212.6,0.155,0.267,0.2156156,98.18,0.214,0.0,BTC-27DEC19-13000-C,11649.09,96.71,0.212,5.0,0.2205,8.6,100.17,29.75947,-10.15376,17.20283,5e-05,0.57621
11884.43,BTC-27SEP19,1565002743939,open,0.0,392.2,0.0005,0.0135,0.00353064,109.57,0.0045,0.0,BTC-27SEP19-5500-P,11649.09,103.36,0.0025,39.0,0.0045,44.0,114.48,2.17982,-2.25852,-0.4032,1e-05,-0.01989
11884.43,BTC-27SEP19,1565002743939,open,0.0,671.4,0.0005,0.0135,0.00361258,112.43,0.004,0.0,BTC-27SEP19-30000-C,11649.09,106.91,0.0025,39.0,0.005,39.0,117.91,2.69579,-2.86597,0.37836,1e-05,0.02559
11884.43,BTC-27SEP19,1565002743943,open,0.75,225.7,0.738,0.7575,0.74788979,136.69,0.693,0.0,BTC-27SEP19-3000-C,11649.09,0.0,0.0045,21.0,0.8855,5.0,500.0,0.26449,-0.34187,4.30892,0.0,0.99817
11759.85,SYN.BTC-30AUG19,1565002743971,open,0.04,526.8,0.015,0.0655,0.0393068,100.32,0.04,0.0,BTC-30AUG19-10000-P,11649.09,99.93,0.039,0.2,0.04,19.3,101.2,9.24545,-18.64208,-2.13152,0.0001,-0.22665
11697.52,SYN.BTC-16AUG19,1565002743979,open,0.03,34.1,0.005,0.0495,0.024569,106.54,0.0215,0.0,BTC-16AUG19-13500-C,11649.09,103.63,0.023,1.0,0.026,24.0,109.15,6.36073,-31.15593,0.77159,0.00015,0.24594
11884.43,BTC-27SEP19,1565002744010,open,0.0,405.8,0.0005,0.0105,7.75e-05,134.99,0.0005,0.0,BTC-27SEP19-2500-P,11649.09,0.0,0.0,0.0,0.001,25.0,176.18,0.08022,-0.1024,-0.00992,0.0,-0.0005
12102.9,BTC-27DEC19,1565002744035,open,0.44,91.7,0.402,0.473,0.43902774,97.87,0.4355,0.0,BTC-27DEC19-7500-C,11649.09,0.0,0.211,0.1,0.455,2.5,109.08,16.8088,-5.71715,20.14372,3e-05,0.86126
11884.43,BTC-27SEP19,1565002744052,open,0.04,210.1,0.0185,0.071,0.04356408,99.09,0.041,0.0,BTC-27SEP19-9000-P,11649.09,97.5,0.042,19.3,0.0455,24.3,101.03,11.75664,-11.01558,-3.80239,6e-05,-0.1773
11884.43,BTC-27SEP19,1565002744059,open,0.07,419.6,0.034,0.108,0.0713991,100.95,0.071,0.0,BTC-27SEP19-15000-C,11649.09,99.59,0.0695,0.8,0.0735,19.3,102.46,16.56484,-15.81334,4.61588,8e-05,0.33951
11884.43,BTC-27SEP19,1565002744059,open,0.01,467.3,0.003,0.035,0.01503074,106.17,0.0165,0.0,BTC-27SEP19-22000-C,11649.09,104.52,0.014,24.0,0.0165,24.0,108.44,7.53267,-7.56263,1.34421,3e-05,0.09311
11884.43,BTC-27SEP19,1565002744066,open,1.19,0.0,1.146,1.2495,1.19444758,108.49,None,0.0,BTC-27SEP19-26000-P,11649.09,0.0,0.0,0.0,0.0,0.0,0.0,4.33066,-4.44272,-36.99599,2e-05,-0.95444
12102.9,BTC-27DEC19,1565002744072,open,0.05,158.9,0.0195,0.095,0.05431381,103.63,0.057,0.0,BTC-27DEC19-26000-C,11649.09,102.87,0.053,4.9,0.057,10.0,105.15,21.12348,-7.60714,6.83904,4e-05,0.19767
11884.43,BTC-27SEP19,1565002744074,open,0.79,55.9,0.78,0.7995,0.78974849,138.92,0.689,0.0,BTC-27SEP19-2500-C,11649.09,0.0,0.0045,11.0,0.8985,5.0,500.0,0.1035,-0.13596,3.60845,0.0,0.99934
12102.9,BTC-27DEC19,1565002744078,open,2.64,0.0,2.568,2.7435,2.65053173,109.97,3.46,0.0,BTC-27DEC19-44000-P,11649.09,0.0,0.0,0.0,0.0,0.0,0.0,9.48675,-3.62551,-171.11683,1e-05,-0.93628
11697.52,SYN.BTC-16AUG19,1565002744128,open,0.29,0.0,0.259,0.3285,0.29171689,109.49,None,0.0,BTC-16AUG19-15000-P,11649.09,0.0,0.0,0.0,0.0,0.0,0.0,3.82145,-19.23626,-4.11533,9e-05,-0.889
12102.9,BTC-27DEC19,1565002744130,open,0.06,272.0,0.026,0.1085,0.06515349,102.81,0.068,0.0,BTC-27DEC19-24000-C,11649.09,101.94,0.0635,4.9,0.068,10.0,104.29,23.08945,-8.2495,7.87821,4e-05,0.23029
11884.43,BTC-27SEP19,1565002744130,open,0.0,586.8,0.0005,0.0105,0.00028459,134.99,0.0005,0.0,BTC-27SEP19-3000-P,11649.09,0.0,0.0,0.0,0.0025,15.0,177.62,0.24218,-0.30913,-0.03349,0.0,-0.00166
12102.9,BTC-27DEC19,1565002744130,open,0.0,376.4,0.0005,0.013,0.00308159,112.74,0.004,0.0,BTC-27DEC19-3000-P,11649.09,105.43,0.002,10.0,0.004,6.0,117.78,2.03391,-0.79688,-0.62644,0.0,-0.01005
12102.9,BTC-27DEC19,1565002744132,open,0.8,0.0,0.7855,0.805,0.79543951,118.88,None,0.0,BTC-27DEC19-2500-C,11649.09,0.0,0.014,1.0,0.9745,0.5,500.0,1.37815,-0.56935,9.45112,0.0,0.99355
12102.9,BTC-27DEC19,1565002744132,open,3.29,1.0,3.2145,3.4085,3.30617485,112.03,4.454,0.0,BTC-27DEC19-52000-P,11649.09,0.0,0.001,1.0,0.0,0.0,0.0,6.89623,-2.68499,-203.40135,1e-05,-0.95736
11759.85,SYN.BTC-30AUG19,1565002744132,open,0.07,221.6,0.033,0.0995,0.06718029,102.64,0.0725,0.0,BTC-30AUG19-13000-C,11649.09,99.49,0.064,15.0,0.069,14.4,104.44,11.89944,-24.54945,2.70826,0.00012,0.40509
11759.85,SYN.BTC-30AUG19,1565002744136,open,0.46,0.0,0.4215,0.5025,0.46030751,107.26,None,0.0,BTC-30AUG19-17000-P,11649.09,0.0,0.0,0.0,0.0,0.0,0.0,6.13356,-13.22363,-10.74381,6e-05,-0.88021
11759.85,SYN.BTC-30AUG19,1565002744159,open,0.01,628.1,0.0005,0.0205,0.00819615,105.19,0.0085,0.0,BTC-30AUG19-8000-P,11649.09,99.55,0.0065,35.0,0.0085,24.0,106.13,3.74023,-7.90774,-0.56059,4e-05,-0.06175
11759.85,SYN.BTC-30AUG19,1565002744194,open,0.0,915.5,0.0005,0.013,0.00304891,109.76,0.003,0.0,BTC-30AUG19-7000-P,11649.09,102.1,0.002,24.0,0.004,24.0,115.44,1.81597,-4.0062,-0.22769,2e-05,-0.02536
11697.52,SYN.BTC-16AUG19,1565002744287,open,0.33,0.0,0.3,0.369,0.33240266,112.55,None,0.0,BTC-16AUG19-15500-P,11649.09,0.0,0.0,0.0,0.0,0.0,0.0,3.2316,-16.7221,-4.33639,7e-05,-0.91174
11666.35,SYN.BTC-9AUG19,1565002744344,open,0.15,137.0,0.126,0.1725,0.14842273,118.62,0.15,0.0,BTC-9AUG19-10000-C,11649.09,127.33,0.15,1.0,0.0,0.0,0.0,2.0016,-30.63154,0.9396,0.00012,0.90691
11759.85,SYN.BTC-30AUG19,1565002715614,open,0.02,188.6,0.0025,0.034,0.01486698,107.58,0.0145,0.0,BTC-30AUG19-17000-C,11649.09,104.89,0.0135,24.0,0.016,24.0,109.69,6.16495,-13.33111,0.84777,6e-05,0.12066
11759.85,SYN.BTC-30AUG19,1565002691261,open,0.02,610.9,0.005,0.0375,0.01864636,101.07,0.019,0.0,BTC-30AUG19-9000-P,11649.09,98.0,0.017,34.0,0.0195,24.0,102.66,6.35397,-12.90768,-1.15892,7e-05,-0.12597
11666.35,SYN.BTC-9AUG19,1565002682919,open,0.01,346.3,0.0005,0.022,0.00604831,111.89,0.0075,0.0,BTC-9AUG19-13500-C,11649.09,106.32,0.005,30.5,0.0075,0.8,118.83,2.31076,-33.35582,0.13301,0.00014,0.11343
12102.9,BTC-27DEC19,1565002744481,open,0.03,275.9,0.0105,0.0485,0.02771564,99.28,0.025,0.0,BTC-27DEC19-6000-P,11649.09,97.91,0.0265,6.0,0.0295,5.0,101.26,10.79,-3.7229,-4.91505,2e-05,-0.07531
11884.43,BTC-27SEP19,1565002744489,open,0.54,1.0,0.4995,0.601,0.54934682,102.29,1.5815,0.0,BTC-27SEP19-18000-P,11649.09,0.0,0.0045,0.3,1.1,0.3,500.0,12.34165,-11.93728,-23.37283,6e-05,-0.80831
11884.43,BTC-27SEP19,1565002744498,open,0.04,395.5,0.011,0.0635,0.03476009,102.37,0.035,0.0,BTC-27SEP19-18000-C,11649.09,101.13,0.0335,33.5,0.0355,6.8,103.06,12.35269,-11.9577,2.70619,6e-05,0.19197
11697.5,SYN.BTC-16AUG19,1565002744571,open,0.08,5.1,0.0475,0.119,0.08447708,101.63,0.079,0.0,BTC-16AUG19-12000-P,11649.09,95.11,0.08,18.0,0.0855,0.1,103.12,8.0419,-37.57434,-2.11752,0.00019,-0.52306
11666.34,SYN.BTC-9AUG19,1565002744599,open,0.2,0.0,0.1765,0.235,0.20362533,115.83,None,0.0,BTC-9AUG19-14000-P,11649.09,0.0,0.0,0.0,0.0,0.0,0.0,1.63266,-24.39785,-1.403,0.0001,-0.92895
11666.34,SYN.BTC-9AUG19,1565002744654,open,0.0,139.4,0.0005,0.0105,0.00011686,134.96,0.0005,0.0,BTC-9AUG19-8000-P,11649.09,0.0,0.0,0.0,0.0005,4.3,159.35,0.09999,-1.36338,-0.00349,1e-05,-0.0027
11697.5,SYN.BTC-16AUG19,1565002744680,open,0.13,0.0,0.0975,0.159,0.12976332,101.85,None,0.0,BTC-16AUG19-10500-C,11649.09,0.0,0.0815,0.1,0.0,0.0,0.0,6.29527,-29.47781,2.19219,0.00015,0.75872
11666.34,SYN.BTC-9AUG19,1565002744696,open,0.0,129.2,0.0005,0.02,0.00550202,118.11,0.005,0.0,BTC-9AUG19-10000-P,11649.09,111.97,0.0045,0.6,0.006,1.0,120.98,1.98794,-30.2918,-0.12107,0.00012,-0.09223
11697.5,SYN.BTC-16AUG19,1565002744776,open,0.02,56.0,0.0025,0.04,0.01795768,107.6,0.017,0.0,BTC-16AUG19-14000-C,11649.09,104.45,0.0165,1.3,0.019,24.0,109.8,5.49549,-27.18522,0.60282,0.00013,0.19091
234.76,SYN.ETH-30AUG19,1565002744949,open,0.0,748.0,0.001,0.012,0.002379,104.76,0.005,0.0,ETH-30AUG19-140-P,232.6,91.6,0.001,151.0,0.004,500.0,115.08,0.03135,-0.06601,-0.00379,0.0008,-0.02134
11666.34,SYN.BTC-9AUG19,1565002745012,open,0.27,5.4,0.257,0.2885,0.27194655,137.65,0.225,0.0,BTC-9AUG19-8500-C,11649.09,0.0,0.0,0.0,0.0,0.0,0.0,0.33801,-6.00249,0.88872,2e-05,0.98937
11697.5,SYN.BTC-16AUG19,1565002745114,open,0.2,2.0,0.174,0.222,0.19784602,104.47,0.1515,0.0,BTC-16AUG19-9500-C,11649.09,0.0,0.0,0.0,0.0,0.0,0.0,3.71529,-17.84356,2.42384,9e-05,0.89327
11666.34,SYN.BTC-9AUG19,1565002745351,open,0.01,142.9,0.0005,0.031,0.0112365,113.95,0.0095,0.0,BTC-9AUG19-10500-P,11649.09,107.11,0.0095,1.0,0.013,34.4,120.58,3.03749,-44.65321,-0.22401,0.00018,-0.1696
11884.34,BTC-27SEP19,1565002745426,open,0.7,0.0,0.6575,0.7585,0.70608613,105.05,None,0.0,BTC-27SEP19-20000-P,11649.15,0.0,0.0045,10.0,1.2485,0.2,500.0,9.8332,-9.76783,-27.04396,5e-05,-0.86475
12103.04,BTC-27DEC19,1565002745426,open,0.04,237.6,0.021,0.074,0.04653798,98.02,0.046,0.0,BTC-27DEC19-7000-P,11649.15,96.76,0.045,6.0,0.049,21.0,100.02,14.80161,-5.04227,-7.73398,3e-05,-0.11557
12103.04,BTC-27DEC19,1565002745426,open,0.1,306.1,0.062,0.1465,0.10518858,97.84,0.1,0.0,BTC-27DEC19-9000-P,11649.15,95.83,0.1015,4.9,0.107,14.9,98.83,22.19955,-7.54854,-15.27291,4e-05,-0.21495
11884.34,BTC-27SEP19,1565002745426,open,0.0,124.2,0.0005,0.0105,0.00084327,128.83,0.004,0.0,BTC-27SEP19-3750-P,11649.15,121.0,0.0005,1.0,0.001,1.0,131.67,0.61842,-0.7534,-0.09536,0.0,-0.0047
12103.04,BTC-27DEC19,1565002745426,open,0.5,63.0,0.47,0.527,0.49910011,98.39,0.4965,0.0,BTC-27DEC19-6500-C,11649.15,0.0,0.355,1.0,0.957,2.0,500.0,12.76576,-4.36514,19.40164,2e-05,0.90578
12103.04,BTC-27DEC19,1565002745426,open,0.02,93.2,0.007,0.0385,0.02070362,100.37,0.025,0.0,BTC-27DEC19-5500-P,11649.15,98.01,0.019,6.0,0.0225,11.0,102.77,8.88499,-3.0991,-3.78307,2e-05,-0.05859
12103.04,BTC-27DEC19,1565002745426,open,0.31,605.8,0.264,0.3625,0.31736569,97.84,0.2715,0.0,BTC-27DEC19-10000-C,11649.15,41.14,0.205,1.0,0.3355,5.0,106.61,25.04693,-8.51636,19.76541,4e-05,0.73167
11884.34,BTC-27SEP19,1565002745426,open,0.0,492.7,0.0005,0.0105,1.357e-05,135.0,0.0005,0.0,BTC-27SEP19-2000-P,11649.15,0.0,0.0,0.0,0.0025,15.0,229.04,0.0175,-0.02234,-0.00191,0.0,-0.0001
12103.1,BTC-27DEC19,1565002745426,open,0.01,201.3,0.0025,0.0375,0.01499227,109.91,0.0185,0.0,BTC-27DEC19-44000-C,11649.15,108.61,0.014,6.0,0.017,16.0,112.38,9.46943,-3.61687,2.31745,1e-05,0.06357
12103.1,BTC-27DEC19,1565002745427,open,0.88,0.1,0.867,0.8865,0.87667039,134.59,0.84,0.0,BTC-27DEC19-1500-C,11649.15,0.0,0.019,1.2,0.9,0.1,267.56,0.46096,-0.21561,5.79292,0.0,0.99809
11884.34,BTC-27SEP19,1565002745427,open,0.87,42.8,0.864,0.8835,0.87378556,139.62,0.815,0.0,BTC-27SEP19-1500-C,11649.15,0.0,0.0,0.0,0.0,0.0,0.0,0.00315,-0.00415,2.17266,0.0,0.99998
11697.48,SYN.BTC-16AUG19,1565002745426,open,0.05,48.1,0.016,0.0745,0.04522579,104.86,0.0515,0.0,BTC-16AUG19-12500-C,11649.15,99.98,0.042,34.0,0.047,24.0,107.54,7.75414,-37.38278,1.20603,0.00018,0.39125
11666.33,SYN.BTC-9AUG19,1565002745426,open,0.02,391.4,0.0015,0.0435,0.01955813,110.2,0.0225,0.0,BTC-9AUG19-12500-C,11649.15,104.31,0.0175,0.4,0.021,30.0,114.26,4.12036,-58.57797,0.33601,0.00026,0.2908
11884.34,BTC-27SEP19,1565002745428,open,0.65,9.2,0.634,0.6535,0.64395004,125.55,0.574,0.0,BTC-27SEP19-4250-C,11649.15,0.0,0.005,1.1,0.704,5.0,299.18,1.03543,-1.22928,5.98514,0.0,0.9916
12103.1,BTC-27DEC19,1565002745427,open,0.06,155.7,0.0285,0.09,0.05867943,97.85,0.066,0.0,BTC-27DEC19-7500-P,11649.15,96.27,0.0565,6.0,0.061,21.0,99.51,16.80661,-5.71509,-9.41687,3e-05,-0.13871
11884.34,BTC-27SEP19,1565002745428,open,0.73,0.0,0.7175,0.737,0.72702013,135.06,None,0.0,BTC-27SEP19-3250-C,11649.15,0.0,0.0045,11.0,0.8795,5.0,500.0,0.37943,-0.48461,4.65278,0.0,0.99728
11759.76,SYN.BTC-30AUG19,1565002745428,open,0.02,242.4,0.005,0.044,0.02139715,105.9,0.0215,0.0,BTC-30AUG19-16000-C,11649.15,103.71,0.02,19.3,0.023,19.3,108.34,7.61022,-16.19847,1.14809,8e-05,0.16465
12103.1,BTC-27DEC19,1565002745428,open,0.74,5.7,0.6745,0.822,0.7491523,101.09,1.085,0.0,BTC-27DEC19-20000-P,11649.15,0.0,0.0045,5.0,1.466,1.0,462.58,27.09356,-9.51854,-68.28935,5e-05,-0.68225
12103.1,BTC-27DEC19,1565002745429,open,1.35,0.1,1.286,1.438,1.35921769,104.45,2.035,0.0,BTC-27DEC19-28000-P,11649.15,0.0,0.001,1.0,0.0,0.0,0.0,19.28574,-7.00068,-104.40579,3e-05,-0.82922
12103.1,BTC-27DEC19,1565002745429,open,0.01,257.7,0.0045,0.0295,0.01500132,101.67,0.0125,0.0,BTC-27DEC19-5000-P,11649.15,99.04,0.0135,6.0,0.0165,6.0,104.17,7.09682,-2.50742,-2.82345,1e-05,-0.04418
11884.34,BTC-27SEP19,1565002745429,open,0.0,1060.6,0.0005,0.0115,0.0015608,125.52,0.0025,0.0,BTC-27SEP19-4250-P,11649.15,118.1,0.001,5.0,0.002,40.0,130.16,1.03426,-1.22758,-0.17138,0.0,-0.00839
11697.48,SYN.BTC-16AUG19,1565002745426,open,0.01,51.7,0.0005,0.0255,0.00990972,104.23,0.0085,0.0,BTC-16AUG19-9500-P,11649.15,101.3,0.009,30.0,0.0105,0.1,106.07,3.704,-17.74847,-0.40499,9e-05,-0.10628
11884.34,BTC-27SEP19,1565002745429,open,0.01,441.4,0.002,0.026,0.01199136,102.68,0.01,0.0,BTC-27SEP19-7000-P,11649.15,100.47,0.011,24.0,0.0135,44.0,105.9,5.43054,-5.27305,-1.24978,3e-05,-0.0606
11884.34,BTC-27SEP19,1565002745429,open,1.02,0.2,0.9825,1.083,1.02966498,107.87,1.6,0.0,BTC-27SEP19-24000-P,11649.15,0.0,0.0,0.0,0.0,0.0,0.0,5.8003,-5.91633,-33.80776,3e-05,-0.93405
11884.34,BTC-27SEP19,1565002745429,open,0.0,756.1,0.0005,0.0125,0.00262392,113.63,0.0035,0.0,BTC-27SEP19-32000-C,11649.15,109.77,0.002,10.0,0.0035,3.9,118.12,2.10076,-2.25736,0.28267,1e-05,0.01904
11759.76,SYN.BTC-30AUG19,1565002745426,open,0.03,202.5,0.0095,0.0575,0.031431,104.77,0.0305,0.0,BTC-30AUG19-15000-C,11649.15,101.64,0.029,29.3,0.033,19.3,106.76,9.22414,-19.4253,1.55719,9e-05,0.22573
12103.1,BTC-27DEC19,1565002745429,open,0.64,6.5,0.624,0.6555,0.63897595,103.87,0.575,0.0,BTC-27DEC19-4500-C,11649.15,0.0,0.012,0.1,0.9645,1.0,500.0,5.54493,-2.00153,15.66618,1e-05,0.96735
12103.1,BTC-27DEC19,1565002745429,open,1.2,0.0,1.129,1.28,1.20256154,103.65,None,0.0,BTC-27DEC19-26000-P,11649.15,0.0,0.0045,10.0,1.981,0.2,500.0,21.12955,-7.61081,-95.64522,4e-05,-0.80224
11697.48,SYN.BTC-16AUG19,1565002745426,open,0.0,20.0,0.0005,0.0105,0.00076214,132.64,0.0005,0.0,BTC-16AUG19-7000-P,11649.15,0.0,0.0,0.0,0.0015,50.4,146.19,0.50079,-3.0538,-0.03476,1e-05,-0.00921
11884.34,BTC-27SEP19,1565002745430,open,0.0,548.0,0.0005,0.012,0.0021254,112.03,0.001,0.0,BTC-27SEP19-5000-P,11649.15,106.35,0.0015,15.0,0.0035,44.0,121.56,1.45646,-1.54298,-0.25057,1e-05,-0.01243
11884.34,BTC-27SEP19,1565002745430,open,0.69,0.0,0.6755,0.695,0.68530437,128.88,None,0.0,BTC-27SEP19-3750-C,11649.15,0.0,0.0045,11.0,0.7315,10.0,299.46,0.61963,-0.75514,5.33686,0.0,0.99529
11759.76,SYN.BTC-30AUG19,1565002745426,open,0.02,188.6,0.0025,0.034,0.01486695,107.56,0.0145,0.0,BTC-30AUG19-17000-C,11649.15,104.9,0.0135,24.0,0.016,24.0,109.69,6.16256,-13.32322,0.84734,6e-05,0.12059
11884.34,BTC-27SEP19,1565002745431,open,1.69,0.0,1.6405,1.755,1.69522256,113.52,None,0.0,BTC-27SEP19-32000-P,11649.15,0.0,0.0,0.0,0.0,0.0,0.0,2.08966,-2.24315,-46.07578,1e-05,-0.98108
12103.1,BTC-27DEC19,1565002745431,open,1.51,0.2,1.444,1.5975,1.51735476,105.08,2.03,0.0,BTC-27DEC19-30000-P,11649.15,0.0,0.0,0.0,0.0,0.0,0.0,17.54179,-6.40607,-113.04754,3e-05,-0.85222
11759.76,SYN.BTC-30AUG19,1565002745429,open,0.41,0.0,0.393,0.424,0.4078067,109.81,None,0.0,BTC-30AUG19-7000-C,11649.15,0.0,0.0,0.0,0.0,0.0,0.0,1.8187,-4.01402,4.54256,2e-05,0.97459
11697.48,SYN.BTC-16AUG19,1565002745426,open,0.4,0.0,0.3895,0.4165,0.4023445,132.69,None,0.0,BTC-16AUG19-7000-C,11649.15,0.0,0.0,0.0,0.0,0.0,0.0,0.50167,-3.06029,2.05092,1e-05,0.99077
11666.33,SYN.BTC-9AUG19,1565002745426,open,0.4,0.0,0.388,0.412,0.39998749,138.41,None,0.0,BTC-9AUG19-7000-C,11649.15,0.0,0.0,0.0,0.0,0.0,0.0,0.00607,-0.10845,0.74312,0.0,0.99987
11697.48,SYN.BTC-16AUG19,1565002745426,open,0.02,52.1,0.003,0.037,0.01690882,102.73,0.0165,0.0,BTC-16AUG19-10000-P,11649.15,99.4,0.0155,24.0,0.0185,24.0,106.39,5.01849,-23.70165,-0.63513,0.00012,-0.16532
11666.33,SYN.BTC-9AUG19,1565002745426,open,0.02,335.3,0.0025,0.0465,0.02155669,111.25,0.019,0.0,BTC-9AUG19-11000-P,11649.15,103.87,0.019,20.0,0.0215,0.3,111.09,4.07605,-58.50197,-0.3788,0.00025,-0.28423
11697.48,SYN.BTC-16AUG19,1565002745426,open,0.01,10.0,0.0005,0.023,0.00746745,113.03,0.0075,0.0,BTC-16AUG19-15500-C,11649.15,113.15,0.0075,0.1,0.008,30.0,114.91,3.26015,-16.94148,0.28524,7e-05,0.08931
11697.48,SYN.BTC-16AUG19,1565002745426,open,0.0,0.0,0.0005,0.011,0.00115158,123.59,None,0.0,BTC-16AUG19-7500-P,11649.15,0.0,0.0,0.0,0.002,30.0,134.85,0.73213,-4.16006,-0.05372,1e-05,-0.01426
11666.33,SYN.BTC-9AUG19,1565002745426,open,0.0,164.6,0.0005,0.014,0.00290785,126.68,0.003,0.0,BTC-9AUG19-9500-P,11649.15,117.36,0.002,1.2,0.0035,0.2,131.93,1.25199,-20.4606,-0.0663,7e-05,-0.05061
11666.33,SYN.BTC-9AUG19,1565002745426,open,0.0,176.1,0.0005,0.011,0.00139382,133.7,0.001,0.0,BTC-9AUG19-9000-P,11649.15,114.29,0.0005,1.7,0.002,1.9,142.57,0.71321,-12.3018,-0.03325,4e-05,-0.02545
11759.76,SYN.BTC-30AUG19,1565002745427,open,0.01,647.5,0.0005,0.0265,0.01037441,109.09,0.0125,0.0,BTC-30AUG19-18000-C,11649.15,108.19,0.01,0.2,0.0115,24.0,111.72,4.90827,-10.76241,0.62321,5e-05,0.08813
11697.48,SYN.BTC-16AUG19,1565002745426,open,0.06,207.3,0.026,0.089,0.05868285,101.73,0.0605,0.0,BTC-16AUG19-12000-C,11649.15,99.28,0.057,18.0,0.0625,18.0,107.28,8.04199,-37.61083,1.45812,0.00019,0.47703
11759.76,SYN.BTC-30AUG19,1565002745430,open,0.19,163.9,0.155,0.2195,0.18898711,100.36,0.1955,0.0,BTC-30AUG19-10000-C,11649.15,97.18,0.1865,13.6,0.2,13.6,114.06,9.2471,-18.65378,4.68286,0.0001,0.77328
11666.33,SYN.BTC-9AUG19,1565002745426,open,0.06,8.8,0.0275,0.0935,0.06163217,110.2,0.0555,0.0,BTC-9AUG19-12000-P,11649.15,96.18,0.056,18.0,0.0625,0.4,112.35,4.70874,-66.94187,-0.78983,0.0003,-0.57596
11666.33,SYN.BTC-9AUG19,1565002745426,open,0.03,569.7,0.0065,0.0605,0.03303217,110.2,0.037,0.0,BTC-9AUG19-12000-C,11649.15,103.92,0.0305,0.5,0.0365,12.4,118.77,4.70874,-66.94321,0.48438,0.0003,0.42405
11697.48,SYN.BTC-16AUG19,1565002745426,open,0.0,6.2,0.0005,0.0115,0.00162072,113.62,0.002,0.0,BTC-16AUG19-8000-P,11649.15,105.37,0.001,30.0,0.002,0.2,117.71,1.01528,-5.30331,-0.07854,2e-05,-0.02091
11759.76,SYN.BTC-30AUG19,1565002745428,open,0.1,523.5,0.0575,0.129,0.0952255,100.2,0.102,0.0,BTC-30AUG19-12000-C,11649.15,99.99,0.095,10.0,0.099,14.4,103.84,12.23006,-24.63272,3.41505,0.00013,0.52133
11759.76,SYN.BTC-30AUG19,1565002745428,open,0.49,0.0,0.4795,0.5045,0.49128397,123.15,None,0.0,BTC-30AUG19-6000-C,11649.15,0.0,0.0,0.0,0.0,0.0,0.0,0.96592,-2.39091,3.98016,1e-05,0.9879
11697.48,SYN.BTC-16AUG19,1565002745426,open,0.36,0.0,0.346,0.3755,0.35998869,123.61,None,0.0,BTC-16AUG19-7500-C,11649.15,0.0,0.0,0.0,0.0,0.0,0.0,0.73255,-4.16298,2.18098,1e-05,0.98573
11666.33,SYN.BTC-9AUG19,1565002745426,open,0.32,2.0,0.3005,0.329,0.31438409,135.09,0.27,0.0,BTC-9AUG19-8000-C,11649.15,0.0,0.0,0.0,0.0,0.0,0.0,0.10069,-1.75487,0.84595,1e-05,0.99728
11697.48,SYN.BTC-16AUG19,1565002745426,open,0.01,0.5,0.0005,0.0265,0.00951876,109.87,0.011,0.0,BTC-16AUG19-15000-C,11649.15,105.07,0.008,30.0,0.0105,30.0,112.79,3.84437,-19.41942,0.35695,9e-05,0.11193
12103.1,BTC-27DEC19,1565002745453,open,0.28,629.1,0.221,0.3265,0.27852909,97.84,0.2805,0.0,BTC-27DEC19-11000-C,11649.15,95.61,0.2735,5.0,0.282,3.6,99.38,27.23718,-9.26102,19.06821,5e-05,0.67821
12103.04,BTC-27DEC19,1565002745454,open,0.47,9.3,0.3985,0.539,0.47198353,99.28,0.466,0.0,BTC-27DEC19-16000-P,11649.15,97.47,0.4675,3.6,0.4785,3.6,101.9,30.03479,-10.36228,-48.95509,5e-05,-0.55416
11884.34,BTC-27SEP19,1565002745456,open,0.18,520.1,0.139,0.222,0.1839113,98.89,0.172,0.0,BTC-27SEP19-11000-C,11649.15,95.39,0.179,15.2,0.1855,14.4,100.02,16.70013,-15.6165,8.07724,8e-05,0.65308
11666.33,SYN.BTC-9AUG19,1565002745465,open,0.19,54.7,0.1695,0.2105,0.18859984,126.69,0.193,0.0,BTC-9AUG19-9500-C,11649.15,0.0,0.1855,0.3,0.192,0.2,152.27,1.25222,-20.46572,0.94242,7e-05,0.94937
12103.1,BTC-27DEC19,1565002745466,open,1.04,0.0,0.974,1.124,1.04813613,102.82,None,0.0,BTC-27DEC19-24000-P,11649.15,0.0,0.0055,1.0,1.8215,0.2,500.0,23.09229,-8.25122,-86.7237,4e-05,-0.76967
11759.76,SYN.BTC-30AUG19,1565002745465,open,0.12,9.6,0.075,0.153,0.11564633,100.2,0.1115,0.0,BTC-30AUG19-12000-P,11649.15,95.73,0.111,14.4,0.1175,14.4,101.98,12.23007,-24.6309,-4.76325,0.00013,-0.47868
11666.33,SYN.BTC-9AUG19,1565002745483,open,0.09,0.0,0.057,0.124,0.09101515,110.19,0.175,0.0,BTC-9AUG19-12500-P,11649.15,94.08,0.0855,6.0,0.092,0.4,112.97,4.12028,-58.57347,-0.9913,0.00026,-0.70921
240.63,ETH-27DEC19,1565002745494,open,0.09,552.0,0.045,0.14,0.09551,101.16,0.093,0.0,ETH-27DEC19-400-C,232.6,98.66,0.09,259.0,0.101,40.0,103.6,0.53644,-0.18858,0.20787,0.00232,0.31467
11759.76,SYN.BTC-30AUG19,1565002745484,open,0.05,193.6,0.018,0.076,0.04627174,103.88,0.049,0.0,BTC-30AUG19-14000-C,11649.15,100.83,0.0435,10.0,0.0475,19.3,105.21,10.76803,-22.48239,2.08101,0.00011,0.30592
11666.33,SYN.BTC-9AUG19,1565002745497,open,0.08,290.6,0.0465,0.1075,0.07867497,111.26,0.0855,0.0,BTC-9AUG19-11000-C,11649.15,107.88,0.0775,0.1,0.0835,6.0,124.88,4.07612,-58.50651,0.78921,0.00025,0.71576
11697.48,SYN.BTC-16AUG19,1565002746003,open,0.01,116.4,0.0005,0.018,0.00594799,108.23,0.005,0.0,BTC-16AUG19-9000-P,11649.15,103.83,0.005,30.0,0.007,40.0,112.73,2.62845,-13.0784,-0.25511,6e-05,-0.06725
12103.04,BTC-27DEC19,1565002746005,open,0.1,306.1,0.062,0.1465,0.10518858,97.84,0.1,0.0,BTC-27DEC19-9000-P,11649.15,96.1,0.102,4.9,0.107,14.9,98.83,22.19955,-7.54854,-15.27291,4e-05,-0.21495
232.94,SYN.ETH-9AUG19,1565002746154,open,0.0,8.0,0.001,0.011,0.001104,120.92,0.002,0.0,ETH-9AUG19-300-C,232.6,0.0,0.0,0.0,0.002,550.0,133.33,0.0138,-0.21525,0.00058,0.00198,0.02451
233.54,SYN.ETH-16AUG19,1565002746189,open,0.09,500.0,0.058,0.131,0.097989,97.22,0.079,0.0,ETH-16AUG19-220-C,232.6,89.2,0.093,150.0,0.102,150.0,103.61,0.146,-0.65254,0.0398,0.00924,0.67
11666.33,SYN.BTC-9AUG19,1565002746460,open,0.06,8.8,0.0275,0.0935,0.06163267,110.2,0.0555,0.0,BTC-9AUG19-12000-P,11649.15,96.18,0.056,18.0,0.063,0.4,113.58,4.70874,-66.94187,-0.78983,0.0003,-0.57596
233.54,SYN.ETH-16AUG19,1565002746461,open,0.07,49.0,0.036,0.106,0.07422,97.21,0.07,0.0,ETH-16AUG19-230-C,232.6,93.94,0.072,162.0,0.078,150.0,102.78,0.15838,-0.70784,0.03446,0.01003,0.56947
12103.1,BTC-27DEC19,1565002746474,open,0.17,309.8,0.109,0.2215,0.16884481,98.9,0.1705,0.0,BTC-27DEC19-15000-C,11649.15,97.56,0.1655,7.6,0.1725,10.0,100.36,30.29603,-10.41239,15.1302,5e-05,0.48598
11697.45,SYN.BTC-16AUG19,1565002746479,open,0.28,0.0,0.259,0.297,0.27697044,113.63,None,0.0,BTC-16AUG19-8500-C,11649.15,0.0,0.0,0.0,0.0,0.0,0.0,1.81634,-9.4886,2.37306,4e-05,0.95782
11666.36,SYN.BTC-9AUG19,1565002746488,open,0.05,225.9,0.02,0.081,0.05230898,109.87,0.0565,0.0,BTC-9AUG19-11500-C,11649.15,106.63,0.051,1.0,0.0565,2.0,120.23,4.7159,-66.84206,0.64475,0.0003,0.57279
12103.16,BTC-27DEC19,1565002746528,open,0.03,217.8,0.015,0.0605,0.03615949,98.4,0.036,0.0,BTC-27DEC19-6500-P,11649.15,97.29,0.035,6.0,0.0385,11.0,100.6,12.76624,-4.36554,-6.22049,2e-05,-0.09423
11883.69,BTC-27SEP19,1565002746528,open,0.01,293.7,0.0005,0.0265,0.01021559,107.9,0.0115,0.0,BTC-27SEP19-24000-C,11649.15,105.33,0.009,39.0,0.0115,24.0,110.45,5.80452,-5.92265,0.96066,3e-05,0.06602
11883.69,BTC-27SEP19,1565002746538,open,0.6,13.5,0.5925,0.612,0.60224812,116.63,0.382,0.0,BTC-27SEP19-4750-C,11649.15,0.0,0.0045,10.0,0.6785,5.0,299.6,1.31776,-1.45331,6.65674,1e-05,0.98892
11883.69,BTC-27SEP19,1565002746587,open,0.67,227.5,0.655,0.6745,0.66470176,129.08,0.7065,0.0,BTC-27SEP19-4000-C,11649.15,0.0,0.111,3.0,0.7175,5.0,299.26,0.87123,-1.06343,5.65333,0.0,0.99309
11666.36,SYN.BTC-9AUG19,1565002746592,open,0.36,0.0,0.3445,0.37,0.35714702,134.22,None,0.0,BTC-9AUG19-7500-C,11649.15,0.0,0.0,0.0,0.0,0.0,0.0,0.02334,-0.40419,0.79567,0.0,0.99945
11883.69,BTC-27SEP19,1565002746610,open,0.0,421.4,0.0005,0.0105,0.00078369,134.94,0.0015,0.0,BTC-27SEP19-3500-P,11649.15,127.93,0.0005,0.1,0.0015,15.0,146.98,0.5579,-0.71191,-0.08553,0.0,-0.00418
12103.16,BTC-27DEC19,1565002746643,open,0.03,141.0,0.009,0.0665,0.03321347,105.94,0.035,0.0,BTC-27DEC19-32000-C,11649.15,105.01,0.032,6.0,0.0355,10.0,107.63,16.02252,-5.89866,4.58834,3e-05,0.12939
11883.69,BTC-27SEP19,1565002746643,open,0.09,220.3,0.0495,0.129,0.09064929,100.36,0.093,0.0,BTC-27SEP19-14000-C,11649.15,97.55,0.0865,36.5,0.0925,19.3,101.62,17.54037,-16.64676,5.42757,9e-05,0.40593
11883.69,BTC-27SEP19,1565002746658,open,1.52,0.0,1.4755,1.5855,1.5279397,111.8,None,0.0,BTC-27SEP19-30000-P,11649.15,0.0,0.0,0.0,0.0,0.0,0.0,2.6257,-2.77593,-43.09231,1e-05,-0.9752
240.63,ETH-27DEC19,1565002746690,open,0.23,432.0,0.177,0.288,0.239872,96.84,0.24,0.0,ETH-27DEC19-240-C,232.6,94.8,0.235,195.0,0.249,227.0,100.67,0.57473,-0.19342,0.36158,0.0026,0.62108
12103.16,BTC-27DEC19,1565002746694,open,0.53,122.9,0.507,0.557,0.53197334,99.28,0.46,0.0,BTC-27DEC19-6000-C,11649.15,69.19,0.511,4.0,0.9585,3.0,500.0,10.78925,-3.72251,18.73633,2e-05,0.9247
11883.69,BTC-27SEP19,1565002746701,open,1.35,0.0,1.3105,1.4165,1.36059464,108.91,None,0.0,BTC-27SEP19-28000-P,11649.15,0.0,0.0,0.0,0.0,0.0,0.0,3.19816,-3.2937,-40.09734,1e-05,-0.96857
237.2,ETH-27SEP19,1565002746712,open,0.16,2475.0,0.101,0.199,0.153733,97.29,0.28,0.0,ETH-27SEP19-240-P,232.6,94.14,0.149,138.0,0.159,2.0,100.8,0.35595,-0.32748,-0.20368,0.00449,-0.43902
237.2,ETH-27SEP19,1565002746730,open,0.05,1794.0,0.02,0.083,0.051751,98.36,0.047,0.0,ETH-27SEP19-320-C,232.6,96.16,0.049,260.0,0.055,160.0,100.92,0.29855,-0.27768,0.07502,0.00372,0.27007
11697.45,SYN.BTC-16AUG19,1565002746733,open,0.06,41.2,0.028,0.093,0.06125536,101.72,0.055,0.0,BTC-16AUG19-11500-P,11649.15,95.44,0.057,18.0,0.063,18.0,104.3,7.91903,-37.03437,-1.70078,0.00019,-0.42671
234.76,SYN.ETH-30AUG19,1565002746741,open,0.19,0.0,0.121,0.216,0.170863,99.48,0.218,0.0,ETH-30AUG19-260-P,232.6,91.61,0.163,120.0,0.174,120.0,102.59,0.23617,-0.47221,-0.12395,0.00632,-0.60385
237.2,ETH-27SEP19,1565002746743,open,0.57,233.0,0.488,0.611,0.549426,99.68,0.634,0.0,ETH-27SEP19-360-P,232.6,89.66,0.54,44.0,0.0,0.0,0.0,0.23807,-0.22441,-0.47007,0.00293,-0.81857
240.63,ETH-27DEC19,1565002746750,open,0.5,83.0,0.395,0.55,0.47825,99.34,0.626,0.0,ETH-27DEC19-320-P,232.6,94.79,0.467,140.0,0.488,30.0,103.26,0.59639,-0.20589,-0.98264,0.00263,-0.55773
12103.16,BTC-27DEC19,1565002746752,open,1.67,0.3,1.603,1.759,1.6771642,105.95,1.875,0.0,BTC-27DEC19-32000-P,11649.15,0.0,0.0,0.0,0.0,0.0,0.0,16.02555,-5.90033,-121.5482,3e-05,-0.87058
12103.16,BTC-27DEC19,1565002746752,open,0.12,381.6,0.0655,0.1705,0.11963574,100.15,0.1225,0.0,BTC-27DEC19-18000-C,11649.15,99.05,0.117,4.9,0.1235,10.0,101.77,28.83115,-10.03487,12.21616,5e-05,0.3757
233.55,SYN.ETH-16AUG19,1565002746754,open,0.1,0.0,0.042,0.12,0.0825,97.22,None,0.0,ETH-16AUG19-240-P,232.6,87.74,0.076,274.0,0.085,150.0,100.86,0.16033,-0.7166,-0.04271,0.01015,-0.5313
11666.36,SYN.BTC-9AUG19,1565002746757,open,0.12,3.0,0.0945,0.1585,0.12566932,111.85,0.119,0.0,BTC-9AUG19-13000-P,11649.15,0.0,0.0,0.0,0.0,0.0,0.0,3.25184,-46.9213,-1.1603,0.0002,-0.81098
234.76,SYN.ETH-30AUG19,1565002746760,open,0.08,314.0,0.034,0.105,0.070467,98.19,0.121,0.0,ETH-30AUG19-220-P,232.6,92.53,0.065,330.0,0.074,160.0,101.83,0.22734,-0.44867,-0.0675,0.00616,-0.35139
12103.16,BTC-27DEC19,1565002746772,open,0.41,202.5,0.3705,0.448,0.41163451,97.84,0.365,0.0,BTC-27DEC19-8000-C,11649.15,0.0,0.2005,0.1,0.999,0.1,500.0,18.73368,-6.36981,20.28093,3e-05,0.83674
11883.69,BTC-27SEP19,1565002746774,open,0.5,713.5,0.486,0.516,0.50031138,105.86,0.362,0.0,BTC-27SEP19-6000-C,11649.15,0.0,0.008,10.0,0.765,0.3,499.59,2.98131,-2.98436,8.10523,1e-05,0.97113
11883.69,BTC-27SEP19,1565002746783,open,0.4,34.4,0.35,0.4535,0.40233642,101.32,0.6695,0.0,BTC-27SEP19-16000-P,11649.15,0.0,0.0045,10.0,0.9525,0.2,499.76,15.26434,-14.62407,-19.29602,7e-05,-0.71853
234.76,SYN.ETH-30AUG19,1565002746783,open,0.13,339.0,0.07,0.155,0.114654,98.19,0.173,0.0,ETH-30AUG19-240-P,232.6,92.76,0.109,249.0,0.118,120.0,101.41,0.24429,-0.48213,-0.09566,0.00662,-0.4832
12103.16,BTC-27DEC19,1565002746802,open,0.34,131.7,0.2775,0.41,0.3471902,98.49,0.3475,0.0,BTC-27DEC19-14000-P,11649.15,96.82,0.343,3.6,0.353,8.6,100.82,30.23258,-10.34808,-39.01567,5e-05,-0.47061
240.63,ETH-27DEC19,1565002746804,open,0.25,798.0,0.17,0.294,0.237254,96.84,0.297,0.0,ETH-27DEC19-240-P,232.6,93.39,0.229,160.0,0.246,2.0,100.51,0.57473,-0.19342,-0.58445,0.0026,-0.37892
11759.63,SYN.BTC-30AUG19,1565002746804,open,0.02,610.9,0.005,0.0375,0.01864724,101.09,0.019,0.0,BTC-30AUG19-9000-P,11649.15,98.0,0.017,34.0,0.0195,24.0,102.66,6.35611,-12.91552,-1.15955,7e-05,-0.12603
11883.69,BTC-27SEP19,1565002746814,open,0.27,61.0,0.2155,0.318,0.26867012,100.32,0.4995,0.0,BTC-27SEP19-14000-P,11649.15,83.69,0.2445,5.0,0.293,5.0,116.64,17.53925,-16.63846,-14.85421,9e-05,-0.59418
12103.16,BTC-27DEC19,1565002746814,open,0.36,171.1,0.3135,0.403,0.36157225,97.84,0.313,0.0,BTC-27DEC19-9000-C,11649.15,85.4,0.339,5.0,0.3685,5.1,101.61,22.19939,-7.54824,20.20386,4e-05,0.78506
237.2,ETH-27SEP19,1565002746824,open,0.22,1264.0,0.149,0.257,0.206733,97.34,0.243,0.0,ETH-27SEP19-260-P,232.6,93.56,0.201,120.0,0.214,120.0,102.13,0.35947,-0.33088,-0.25141,0.00453,-0.52491
240.63,ETH-27DEC19,1565002746834,open,0.37,432.0,0.274,0.416,0.350966,98.05,0.441,0.0,ETH-27DEC19-280-P,232.6,94.47,0.342,150.0,0.361,30.0,102.07,0.60156,-0.20498,-0.78384,0.00269,-0.47542
234.76,SYN.ETH-30AUG19,1565002746834,open,0.02,618.0,0.004,0.035,0.017351,98.19,0.025,0.0,ETH-30AUG19-180-P,232.6,93.62,0.015,482.0,0.019,200.0,101.25,0.12412,-0.24496,-0.02232,0.00337,-0.12212
240.63,ETH-27DEC19,1565002746849,open,0.05,936.0,0.018,0.088,0.051772,102.64,0.036,0.0,ETH-27DEC19-520-C,232.6,100.4,0.048,289.0,0.056,40.0,105.07,0.41153,-0.14679,0.13223,0.00176,0.19118
237.2,ETH-27SEP19,1565002746849,open,0.05,5421.0,0.017,0.069,0.042305,97.35,0.041,0.0,ETH-27SEP19-180-P,232.6,92.93,0.038,412.0,0.045,160.0,100.07,0.23372,-0.21516,-0.07508,0.00295,-0.17619
12103.16,BTC-27DEC19,1565002746849,open,0.0,208.8,0.0005,0.012,0.00200405,118.9,0.0015,0.0,BTC-27DEC19-2500-P,11649.15,108.04,0.001,10.0,0.003,16.0,126.55,1.37925,-0.56992,-0.40378,0.0,-0.00646
237.2,ETH-27SEP19,1565002746861,open,0.02,1897.0,0.007,0.05,0.025947,101.44,0.026,0.0,ETH-27SEP19-380-C,232.6,99.23,0.024,298.0,0.027,200.0,102.61,0.21243,-0.20377,0.04334,0.00257,0.15207
12103.16,BTC-27DEC19,1565002746887,open,0.6,12.4,0.532,0.6775,0.60685802,100.16,0.559,0.0,BTC-27DEC19-18000-P,11649.15,0.0,0.0045,5.0,0.6685,3.0,125.35,28.83142,-10.03528,-58.73606,5e-05,-0.62429
11883.69,BTC-27SEP19,1565002746939,open,0.0,372.8,0.0005,0.0115,0.0017922,121.4,0.0015,0.0,BTC-27SEP19-4500-P,11649.15,111.92,0.001,2.0,0.0025,39.0,127.74,1.1878,-1.36355,-0.20012,0.0,-0.00983
12103.16,BTC-27DEC19,1565002746939,open,2.31,0.0,2.2445,2.413,2.32395208,108.6,2.58,0.0,BTC-27DEC19-40000-P,11649.15,0.0,0.0005,3.0,0.0,0.0,0.0,11.18145,-4.2199,-154.81467,2e-05,-0.92108
12103.16,BTC-27DEC19,1565002746939,open,0.01,242.8,0.002,0.0325,0.0120675,111.18,0.0155,0.0,BTC-27DEC19-48000-C,11649.15,109.54,0.011,6.0,0.014,16.0,113.93,8.09809,-3.12879,1.90993,1e-05,0.0521
11759.63,SYN.BTC-30AUG19,1565002746971,open,0.33,21.0,0.308,0.3485,0.32791849,105.23,0.2375,0.0,BTC-30AUG19-8000-C,11649.15,0.0,0.0,0.0,0.0,0.0,0.0,3.74376,-7.91866,4.89089,4e-05,0.93817
233.55,SYN.ETH-16AUG19,1565002746976,open,0.13,0.0,0.067,0.152,0.111353,99.2,None,0.0,ETH-16AUG19-250-P,232.6,86.32,0.103,150.0,0.113,150.0,101.71,0.15319,-0.69863,-0.05107,0.0095,-0.62247
232.94,SYN.ETH-9AUG19,1565002747005,open,0.01,677.0,0.001,0.026,0.008388,101.42,0.01,0.0,ETH-9AUG19-210-P,232.6,90.81,0.006,516.0,0.01,250.0,107.98,0.05552,-0.7264,-0.00387,0.0095,-0.14821
11883.69,BTC-27SEP19,1565002747010,open,0.35,884.9,0.324,0.3775,0.35100076,100.51,0.3425,0.0,BTC-27SEP19-8000-C,11649.15,0.0,0.14,2.0,0.4775,2.0,234.65,8.51317,-8.09093,9.27649,4e-05,0.88985
12103.16,BTC-27DEC19,1565002747010,open,0.19,316.5,0.1295,0.2425,0.19046176,98.49,0.192,0.0,BTC-27DEC19-14000-C,11649.15,97.1,0.187,3.6,0.1955,8.6,100.51,30.23261,-10.34785,16.16956,5e-05,0.52939
11883.69,BTC-27SEP19,1565002747010,open,0.01,142.4,0.0005,0.0205,0.00702004,109.33,0.008,0.0,BTC-27SEP19-26000-C,11649.15,106.48,0.006,39.0,0.0085,24.0,113.06,4.44899,-4.59958,0.69038,2e-05,0.04712
12103.16,BTC-27DEC19,1565002747010,open,0.0,98.9,0.0005,0.0115,0.00190613,134.64,0.001,0.0,BTC-27DEC19-2000-P,11649.15,113.32,0.0005,22.2,0.0035,10.0,148.14,1.16694,-0.54603,-0.34617,0.0,-0.00535
12103.16,BTC-27DEC19,1565002747022,open,0.01,949.3,0.0005,0.0275,0.0096282,111.93,0.011,0.0,BTC-27DEC19-52000-C,11649.15,109.87,0.0085,10.0,0.011,7.0,114.25,6.87129,-2.67291,1.56579,1e-05,0.04245
12103.16,BTC-27DEC19,1565002747031,open,0.18,182.7,0.13,0.239,0.18739388,97.84,0.1845,0.0,BTC-27DEC19-11000-P,11649.15,95.89,0.183,9.9,0.19,10.0,99.0,27.23713,-9.26139,-24.29179,5e-05,-0.32178
11759.63,SYN.BTC-30AUG19,1565002747031,open,0.07,101.2,0.0375,0.1045,0.07164084,100.2,0.068,0.0,BTC-30AUG19-11000-P,11649.15,96.43,0.068,10.0,0.0725,19.3,101.09,11.36784,-22.89425,-3.37699,0.00012,-0.34972
11759.63,SYN.BTC-30AUG19,1565002747031,open,0.26,26.2,0.2265,0.279,0.2533258,101.11,0.2065,0.0,BTC-30AUG19-9000-C,11649.15,70.82,0.24,5.0,0.273,5.0,133.3,6.35716,-12.91977,4.97387,7e-05,0.87394
12103.16,BTC-27DEC19,1565002747033,open,0.72,4.0,0.706,0.727,0.71562794,108.78,0.64,0.0,BTC-27DEC19-3500-C,11649.15,0.0,0.0075,1.2,0.78,1.0,226.21,2.95337,-1.1165,12.82931,0.0,0.98454
12103.16,BTC-27DEC19,1565002747035,open,0.84,0.0,0.827,0.8465,0.83665842,134.63,None,0.0,BTC-27DEC19-2000-C,11649.15,0.0,0.0135,1.4,0.9775,0.5,500.0,1.16631,-0.54567,7.53766,0.0,0.99465
11759.63,SYN.BTC-30AUG19,1565002747035,open,0.54,0.0,0.503,0.5835,0.5410168,109.05,None,0.0,BTC-30AUG19-18000-P,11649.15,0.0,0.0,0.0,0.0,0.0,0.0,4.90376,-10.74839,-11.64498,5e-05,-0.91197
12103.16,BTC-27DEC19,1565002747055,open,0.89,3.9,0.822,0.971,0.8966494,101.96,0.752,0.0,BTC-27DEC19-22000-P,11649.15,0.0,0.0055,2.0,1.6625,0.3,499.97,25.11589,-8.89953,-77.61406,4e-05,-0.7302
233.55,SYN.ETH-16AUG19,1565002747059,open,0.02,108.0,0.006,0.055,0.029109,99.18,0.028,0.0,ETH-16AUG19-260-C,232.6,93.9,0.026,244.0,0.031,200.0,102.35,0.13893,-0.63349,0.01845,0.00862,0.29421
12103.16,BTC-27DEC19,1565002747073,open,0.14,461.1,0.0925,0.1905,0.14360929,97.84,0.1375,0.0,BTC-27DEC19-10000-P,11649.15,95.86,0.1395,4.9,0.1455,10.0,98.76,25.04693,-8.51674,-19.65276,4e-05,-0.26833
12103.16,BTC-27DEC19,1565002747073,open,0.07,393.2,0.038,0.1075,0.07262219,97.84,0.0705,0.0,BTC-27DEC19-8000-P,11649.15,96.14,0.07,4.9,0.0745,14.9,99.05,18.73382,-6.37,-11.25372,3e-05,-0.16326
11883.69,BTC-27SEP19,1565002747098,open,0.06,254.7,0.0235,0.09,0.0560269,101.37,0.055,0.0,BTC-27SEP19-16000-C,11649.15,99.4,0.0535,32.7,0.0585,19.3,103.29,15.26916,-14.63697,3.88426,7e-05,0.28166
232.94,SYN.ETH-9AUG19,1565002747097,open,0.06,523.0,0.037,0.105,0.074186,101.41,0.069,0.0,ETH-9AUG19-220-C,232.6,92.0,0.071,50.0,0.079,50.0,115.18,0.08003,-1.04703,0.01611,0.0137,0.72543
11883.69,BTC-27SEP19,1565002747112,open,0.58,789.2,0.571,0.5925,0.58140389,112.22,0.5015,0.0,BTC-27SEP19-5000-C,11649.15,0.0,0.051,1.0,0.666,5.0,299.25,1.46648,-1.55612,6.99058,1e-05,0.98747
11883.69,BTC-27SEP19,1565002747130,open,0.0,49.2,0.0005,0.0105,0.00048721,134.99,0.0015,0.0,BTC-27SEP19-3250-P,11649.15,0.0,0.0,0.0,0.003,15.0,172.59,0.37829,-0.4829,-0.05514,0.0,-0.00272
11883.69,BTC-27SEP19,1565002747134,open,0.62,289.7,0.6135,0.633,0.62314265,121.61,0.588,0.0,BTC-27SEP19-4500-C,11649.15,0.0,0.002,1.1,0.691,5.0,299.32,1.19662,-1.37601,6.31701,0.0,0.99008
11883.69,BTC-27SEP19,1565002747134,open,0.71,261.1,0.6965,0.716,0.70627849,135.28,0.714,0.0,BTC-27SEP19-3500-C,11649.15,0.0,0.161,2.0,0.7435,0.1,293.51,0.56581,-0.72383,4.98332,0.0,0.99575
11697.45,SYN.BTC-16AUG19,1565002747297,open,0.24,0.0,0.216,0.2585,0.23655144,108.24,None,0.0,BTC-16AUG19-9000-C,11649.15,0.0,0.0,0.0,0.0,0.0,0.0,2.62885,-13.08131,2.42651,6e-05,0.93274
232.94,SYN.ETH-9AUG19,1565002747368,open,0.04,3.0,0.007,0.066,0.035412,101.42,0.099,0.0,ETH-9AUG19-230-P,232.6,90.52,0.031,296.0,0.039,146.0,110.28,0.09433,-1.23418,-0.01154,0.01614,-0.43106
11697.39,SYN.BTC-16AUG19,1565002747371,open,0.18,0.0,0.141,0.216,0.17863968,106.49,None,0.0,BTC-16AUG19-13500-P,11649.15,0.0,0.0,0.0,0.0,0.0,0.0,6.35841,-31.12816,-3.25139,0.00015,-0.75422
11759.63,SYN.BTC-30AUG19,1565002747427,open,0.04,526.8,0.015,0.0655,0.03934302,100.35,0.04,0.0,BTC-30AUG19-10000-P,11649.15,100.56,0.0395,0.2,0.04,19.3,101.19,9.24698,-18.65177,-2.13233,0.0001,-0.22672
232.94,SYN.ETH-9AUG19,1565002747449,open,0.02,915.0,0.004,0.058,0.029823,103.83,0.029,0.0,ETH-9AUG19-240-C,232.6,94.25,0.026,150.0,0.034,362.0,114.21,0.09335,-1.25038,0.00942,0.01561,0.41072
232.94,SYN.ETH-9AUG19,1565002747541,open,0.07,160.0,0.022,0.096,0.060147,103.83,0.077,0.0,ETH-9AUG19-240-P,232.6,90.92,0.055,150.0,0.064,150.0,113.42,0.09335,-1.25048,-0.01606,0.0156,-0.58927
233.55,SYN.ETH-16AUG19,1565002747657,open,0.01,11.0,0.001,0.026,0.009864,100.69,0.009,0.0,ETH-16AUG19-290-C,232.6,95.16,0.008,298.0,0.012,250.0,106.51,0.0822,-0.38051,0.00789,0.00502,0.1233
232.94,SYN.ETH-9AUG19,1565002747719,open,0.11,0.0,0.05,0.128,0.090244,104.1,None,0.0,ETH-9AUG19-250-P,232.6,88.17,0.085,50.0,0.094,50.0,114.85,0.07973,-1.07069,-0.02023,0.01329,-0.72753
233.55,SYN.ETH-16AUG19,1565002747751,open,0.27,0.0,0.208,0.296,0.251599,100.75,None,0.0,ETH-16AUG19-290-P,232.6,0.0,0.0,0.0,0.0,0.0,0.0,0.08228,-0.38111,-0.07851,0.00502,-0.87653
233.55,SYN.ETH-16AUG19,1565002747813,open,0.35,0.0,0.338,0.379,0.358848,122.56,None,0.0,ETH-16AUG19-150-C,232.6,0.0,0.0,0.0,0.0,0.0,0.0,0.01435,-0.08085,0.04365,0.00072,0.98604
232.94,SYN.ETH-9AUG19,1565002747886,open,0.14,0.0,0.086,0.165,0.125262,104.43,None,0.0,ETH-9AUG19-260-P,232.6,0.0,0.0,0.0,0.0,0.0,0.0,0.05996,-0.80788,-0.02371,0.00997,-0.83337
233.55,SYN.ETH-16AUG19,1565002747899,open,0.0,0.0,0.001,0.011,0.001125,122.75,None,0.0,ETH-16AUG19-150-P,232.6,0.0,0.0,0.0,0.002,300.0,134.4,0.01444,-0.0815,-0.00106,0.00072,-0.01406
233.55,SYN.ETH-16AUG19,1565002747943,open,0.31,0.0,0.249,0.336,0.291138,100.78,None,0.0,ETH-16AUG19-300-P,232.6,0.0,0.0,0.0,0.0,0.0,0.0,0.06444,-0.29857,-0.08372,0.00393,-0.91188
233.55,SYN.ETH-16AUG19,1565002747994,open,0.3,0.0,0.294,0.337,0.315964,105.68,None,0.0,ETH-16AUG19-160-C,232.6,0.0,0.0,0.0,0.0,0.0,0.0,0.01545,-0.07507,0.04654,0.0009,0.98479
11666.34,SYN.BTC-9AUG19,1565002748033,open,0.11,219.5,0.0835,0.138,0.11122933,114.02,0.1145,0.0,BTC-9AUG19-10500-C,11649.15,94.31,0.1065,1.0,0.135,5.0,191.5,3.03896,-44.70189,0.89073,0.00018,0.83028
232.94,SYN.ETH-9AUG19,1565002748062,open,0.18,0.0,0.126,0.204,0.163911,106.1,None,0.0,ETH-9AUG19-270-P,232.6,0.0,0.0,0.0,0.0,0.0,0.0,0.04136,-0.56608,-0.02638,0.00677,-0.90248
233.55,SYN.ETH-16AUG19,1565002748081,open,0.0,0.0,0.001,0.011,0.001059,105.86,None,0.0,ETH-16AUG19-160-P,232.6,0.0,0.0,0.0,0.002,250.0,117.25,0.01556,-0.07575,-0.00114,0.0009,-0.01534
11697.39,SYN.BTC-16AUG19,1565002748105,open,0.03,40.1,0.007,0.052,0.02732363,101.72,0.0255,0.0,BTC-16AUG19-10500-P,11649.15,97.37,0.025,24.0,0.029,24.0,104.82,6.29246,-29.42692,-0.93551,0.00015,-0.24108
232.94,SYN.ETH-9AUG19,1565002748142,open,0.0,264.0,0.001,0.012,0.002294,106.22,0.001,0.0,ETH-9AUG19-280-C,232.6,0.0,0.0,0.0,0.003,4.0,112.19,0.02551,-0.34953,0.00123,0.00417,0.05192
11697.39,SYN.BTC-16AUG19,1565002748179,open,0.21,0.0,0.1785,0.252,0.21477783,107.54,None,0.0,BTC-16AUG19-14000-P,11649.15,0.0,0.0005,1.0,0.0,0.0,0.0,5.49254,-27.15646,-3.56916,0.00013,-0.80925
234.76,SYN.ETH-30AUG19,1565002748186,open,0.0,748.0,0.001,0.012,0.002379,104.77,0.005,0.0,ETH-30AUG19-140-P,232.6,91.6,0.001,1.0,0.004,500.0,115.08,0.03136,-0.06604,-0.0038,0.0008,-0.02135
233.55,SYN.ETH-16AUG19,1565002748198,open,0.26,0.0,0.25,0.297,0.273725,97.39,None,0.0,ETH-16AUG19-170-C,232.6,0.0,0.0,0.0,0.0,0.0,0.0,0.02296,-0.1028,0.04885,0.00145,0.97576
232.94,SYN.ETH-9AUG19,1565002748237,open,0.23,0.0,0.168,0.244,0.204339,106.28,None,0.0,ETH-9AUG19-280-P,232.6,0.0,0.0,0.0,0.0,0.0,0.0,0.02555,-0.35039,-0.0285,0.00417,-0.94797
233.55,SYN.ETH-16AUG19,1565002748318,open,0.0,0.0,0.001,0.011,0.001639,97.52,None,0.0,ETH-16AUG19-170-P,232.6,0.0,0.0,0.0,0.003,250.0,108.91,0.02307,-0.10342,-0.00181,0.00146,-0.02438
232.94,SYN.ETH-9AUG19,1565002748323,open,0.0,12.0,0.001,0.011,0.001152,108.12,0.001,0.0,ETH-9AUG19-290-C,232.6,0.0,0.0,0.0,0.002,4.0,118.83,0.01542,-0.21515,0.00066,0.00248,0.02801
232.94,SYN.ETH-9AUG19,1565002748413,open,0.27,0.0,0.209,0.287,0.246127,108.24,None,0.0,ETH-9AUG19-290-P,232.6,0.0,0.0,0.0,0.0,0.0,0.0,0.01549,-0.2163,-0.03013,0.00248,-0.97185
233.55,SYN.ETH-16AUG19,1565002748419,open,0.22,0.0,0.206,0.259,0.233086,97.12,None,0.0,ETH-16AUG19-180-C,232.6,0.0,0.0,0.0,0.0,0.0,0.0,0.0421,-0.18797,0.04983,0.00267,0.94921
11666.32,SYN.BTC-9AUG19,1565002748436,open,0.0,82.3,0.0005,0.0105,0.00046502,134.99,0.0015,0.0,BTC-9AUG19-8500-P,11649.15,0.0,0.0,0.0,0.0015,2.3,160.52,0.30615,-5.33171,-0.01234,2e-05,-0.00949
11697.32,SYN.BTC-16AUG19,1565002748493,open,0.1,45.8,0.067,0.1325,0.10179517,101.74,0.1045,0.0,BTC-16AUG19-11000-C,11649.15,98.86,0.1,18.0,0.1065,18.0,109.23,7.31909,-34.23323,1.97775,0.00018,0.66924
233.55,SYN.ETH-16AUG19,1565002748509,open,0.0,267.0,0.001,0.013,0.003818,97.2,0.009,0.0,ETH-16AUG19-180-P,232.6,85.37,0.002,250.0,0.006,250.0,107.9,0.04218,-0.18847,-0.00381,0.00267,-0.0509
232.94,SYN.ETH-9AUG19,1565002748538,open,0.34,0.0,0.337,0.375,0.356056,119.57,None,0.0,ETH-9AUG19-150-C,232.6,0.0,0.0,0.0,0.0,0.0,0.0,0.00013,-0.00201,0.01592,2e-05,0.99986
233.55,SYN.ETH-16AUG19,1565002748606,open,0.18,0.0,0.164,0.222,0.194408,97.14,None,0.0,ETH-16AUG19-190-C,232.6,0.0,0.0,0.0,0.0,0.0,0.0,0.06778,-0.30269,0.0495,0.00429,0.90568
11697.32,SYN.BTC-16AUG19,1565002748618,open,0.11,0.1,0.0745,0.15,0.11383114,104.85,0.1495,0.0,BTC-16AUG19-12500-P,11649.15,94.47,0.107,18.0,0.114,18.0,105.1,7.75374,-37.37507,-2.51868,0.00018,-0.60881
11697.32,SYN.BTC-16AUG19,1565002748622,open,0.32,0.0,0.3025,0.3345,0.31771277,113.72,None,0.0,BTC-16AUG19-8000-C,11649.15,0.0,0.0,0.0,0.0,0.0,0.0,1.01885,-5.32673,2.30484,2e-05,0.979
11697.48,SYN.BTC-16AUG19,1565002748645,open,0.08,40.6,0.043,0.109,0.0781373,101.73,0.082,0.0,BTC-16AUG19-11500-C,11649.15,98.57,0.076,18.0,0.082,18.0,107.43,7.91903,-37.03687,1.72581,0.00019,0.57329
11697.32,SYN.BTC-16AUG19,1565002748647,open,0.1,45.8,0.067,0.1325,0.10179517,101.74,0.1045,0.0,BTC-16AUG19-11000-C,11649.15,98.86,0.1,18.0,0.106,18.0,108.43,7.31909,-34.23323,1.97775,0.00018,0.66924
11697.32,SYN.BTC-16AUG19,1565002748653,open,0.11,0.1,0.0745,0.15,0.11383114,104.85,0.1495,0.0,BTC-16AUG19-12500-P,11649.15,95.23,0.1075,18.0,0.114,18.0,105.1,7.75374,-37.37507,-2.51868,0.00018,-0.60881
12103.16,BTC-27DEC19,1565002748662,open,0.21,212.6,0.155,0.267,0.21562883,98.18,0.214,0.0,BTC-27DEC19-13000-C,11649.15,96.71,0.212,5.0,0.22,3.6,99.96,29.75987,-10.15404,17.20343,5e-05,0.57622
12103.16,BTC-27DEC19,1565002748664,open,0.4,8.6,0.336,0.4735,0.4081924,98.9,0.404,0.0,BTC-27DEC19-15000-P,11649.15,97.22,0.404,3.6,0.4145,3.6,101.42,30.29623,-10.41308,-43.9966,5e-05,-0.514
233.55,SYN.ETH-16AUG19,1565002748704,open,0.01,78.0,0.001,0.022,0.007958,97.19,0.009,0.0,ETH-16AUG19-190-P,232.6,85.97,0.005,542.0,0.01,256.0,103.88,0.06783,-0.30308,-0.00712,0.00429,-0.09442
233.55,SYN.ETH-16AUG19,1565002748815,open,0.15,121.0,0.124,0.189,0.158505,97.15,0.14,0.0,ETH-16AUG19-200-C,232.6,0.0,0.0,0.0,0.0,0.0,0.0,0.09671,-0.43196,0.04766,0.00613,0.84341
11666.32,SYN.BTC-9AUG19,1565002748881,open,0.23,23.4,0.213,0.2495,0.22994314,133.72,0.2215,0.0,BTC-9AUG19-9000-C,11649.15,0.0,0.0,0.0,0.0,0.0,0.0,0.71353,-12.30881,0.92238,4e-05,0.97454
233.55,SYN.ETH-16AUG19,1565002748913,open,0.02,35.0,0.002,0.034,0.014875,97.19,0.026,0.0,ETH-16AUG19-200-P,232.6,90.01,0.012,265.0,0.016,200.0,99.87,0.09674,-0.43226,-0.01194,0.00612,-0.15667
232.94,SYN.ETH-9AUG19,1565002748913,open,0.0,0.0,0.001,0.011,8e-06,125.0,None,0.0,ETH-9AUG19-150-P,232.6,0.0,0.0,0.0,0.001,3.0,201.04,0.00022,-0.00195,-1e-05,3e-05,-0.00025
11697.32,SYN.BTC-16AUG19,1565002748936,open,0.04,36.6,0.0145,0.071,0.0421689,101.72,0.0405,0.0,BTC-16AUG19-11000-P,11649.15,96.64,0.039,24.0,0.0435,24.0,103.84,7.31893,-34.22581,-1.29975,0.00018,-0.33075
232.94,SYN.ETH-9AUG19,1565002749003,open,0.3,0.0,0.292,0.333,0.313172,124.08,None,0.0,ETH-9AUG19-160-C,232.6,0.0,0.0,0.0,0.0,0.0,0.0,0.00106,-0.01695,0.01695,0.00015,0.99866
233.55,SYN.ETH-16AUG19,1565002749010,open,0.12,0.0,0.088,0.158,0.126163,97.16,0.105,0.0,ETH-16AUG19-210-C,232.6,0.0,0.08,1.0,0.0,0.0,0.0,0.12432,-0.55532,0.04435,0.00787,0.76349
11697.32,SYN.BTC-16AUG19,1565002749078,open,0.04,31.6,0.009,0.0605,0.03342396,105.56,0.0385,0.0,BTC-16AUG19-13000-C,11649.15,100.74,0.0305,34.0,0.035,24.0,108.13,7.14979,-34.6995,0.97322,0.00017,0.31265
233.55,SYN.ETH-16AUG19,1565002749094,open,0.03,6.0,0.005,0.05,0.02535,97.19,0.027,0.0,ETH-16AUG19-210-P,232.6,88.86,0.021,429.0,0.027,200.0,100.27,0.12434,-0.55556,-0.01823,0.00787,-0.23656
232.94,SYN.ETH-9AUG19,1565002749102,open,0.0,51.0,0.001,0.011,5.5e-05,125.0,0.003,0.0,ETH-9AUG19-160-P,232.6,0.0,0.0,0.0,0.002,300.0,195.24,0.00113,-0.01273,-4e-05,0.00016,-0.00144
