underlying_price,underlying_index,timestamp,state,settlement_price,open_interest,min_price,max_price,mark_price,mark_iv,last_price,interest_rate,instrument_name,index_price,bid_iv,best_bid_price,best_bid_amount,best_ask_price,best_ask_amount,ask_iv,vega,theta,rho,gamma,delta
193.45,ETH-27MAR20,1572346740085,open,1.95,0.0,1.82,2.029,1.920071,103.58,None,0.0,ETH-27MAR20-560-P,188.14,0.0,1.861,1.0,1.967,1.0,134.54,0.22091,-0.07634,-2.23829,0.00139,-0.89787
9853.87,SYN.BTC-26JUN20,1572346740106,open,0.15,76.1,0.0945,0.2005,0.1482151,82.62,0.1445,0.0,BTC-26JUN20-14000-C,9466.94,81.29,0.144,3.0,0.153,6.0,84.12,31.37757,-5.38121,18.03601,6e-05,0.42557
9853.87,SYN.BTC-26JUN20,1572346740109,open,0.15,76.1,0.0945,0.2005,0.1482151,82.62,0.1445,0.0,BTC-26JUN20-14000-C,9466.94,81.29,0.144,3.0,0.153,18.9,84.12,31.37757,-5.38121,18.03601,6e-05,0.42557
9474.71,SYN.BTC-1NOV19,1572346740157,open,0.1,450.9,0.085,0.1265,0.1051808,84.18,0.106,0.0,BTC-1NOV19-8500-C,9466.94,82.59,0.105,5.1,0.108,0.1,103.86,1.10508,-16.17356,0.61715,0.00019,0.93193
9474.71,SYN.BTC-1NOV19,1572346740168,open,0.08,239.0,0.0585,0.1025,0.0806408,78.09,0.085,0.0,BTC-1NOV19-8750-C,9466.94,77.28,0.0805,5.1,0.0835,0.1,92.71,1.66713,-22.63531,0.59785,0.0003,0.88153
9544.76,SYN.BTC-29NOV19,1572346740167,open,0.01,1046.0,0.0005,0.0215,0.00932305,82.17,0.01,0.0,BTC-29NOV19-7000-P,9466.94,78.95,0.008,45.0,0.01,26.0,83.74,4.05853,-5.40072,-0.70707,6e-05,-0.07825
9853.87,SYN.BTC-26JUN20,1572346740194,open,0.15,76.1,0.0945,0.2005,0.1482151,82.62,0.1445,0.0,BTC-26JUN20-14000-C,9466.94,81.29,0.144,3.0,0.153,12.9,84.12,31.37757,-5.38121,18.03601,6e-05,0.42557
9614.69,BTC-27DEC19,1572346740187,open,0.02,277.5,0.009,0.0435,0.02422645,81.25,0.0285,0.0,BTC-27DEC19-7000-P,9466.94,79.17,0.0225,43.6,0.0255,20.0,82.75,8.08226,-5.57657,-2.36113,7e-05,-0.12802
9768.63,BTC-27MAR20,1572346740198,open,0.19,470.5,0.1455,0.239,0.1944307,80.55,0.197,0.0,BTC-27MAR20-10000-C,9466.94,78.58,0.1895,2.5,0.2,19.8,82.78,24.41386,-6.56053,15.63555,8e-05,0.58423
188.68,SYN.ETH-8NOV19,1572346740207,open,0.01,20.0,0.002,0.031,0.012426,90.13,0.012,0.0,ETH-8NOV19-220-C,188.14,86.6,0.011,160.0,0.014,459.0,93.86,0.07796,-0.35574,0.00794,0.00898,0.16806
193.45,ETH-27MAR20,1572346740210,open,0.25,15.0,0.198,0.295,0.250972,88.1,0.237,0.0,ETH-27MAR20-180-C,188.14,82.58,0.238,260.0,0.255,560.0,89.8,0.45469,-0.13363,0.32415,0.00336,0.65907
9768.63,BTC-27MAR20,1572346740209,open,0.07,997.0,0.0325,0.107,0.0675433,84.93,0.0705,0.0,BTC-27MAR20-16000-C,9466.94,83.46,0.0645,8.0,0.0715,26.0,86.8,20.41832,-5.78492,7.83418,6e-05,0.26285
9768.63,BTC-27MAR20,1572346740230,open,0.19,470.5,0.1455,0.239,0.1944307,80.55,0.197,0.0,BTC-27MAR20-10000-C,9466.94,78.38,0.189,6.0,0.2,19.8,82.78,24.41386,-6.56053,15.63555,8e-05,0.58423
9768.63,BTC-27MAR20,1572346740233,open,0.19,470.5,0.1455,0.239,0.1944307,80.55,0.197,0.0,BTC-27MAR20-10000-C,9466.94,78.38,0.189,17.3,0.2,19.8,82.78,24.41386,-6.56053,15.63555,8e-05,0.58423
9853.87,SYN.BTC-26JUN20,1572346740276,open,0.02,122.3,0.0065,0.0315,0.01693505,82.46,0.016,0.0,BTC-26JUN20-4000-P,9466.94,78.58,0.014,15.0,0.02,8.0,86.2,7.7767,-1.33112,-4.11857,1e-05,-0.0464
9853.87,SYN.BTC-26JUN20,1572346740276,open,0.39,1.5,0.3475,0.429,0.39019273,79.73,0.419,0.0,BTC-26JUN20-7000-C,9466.94,70.43,0.3695,5.0,0.4105,5.0,88.66,22.21814,-3.6769,26.83413,4e-05,0.80284
9853.87,SYN.BTC-26JUN20,1572346740276,open,0.01,49.2,0.0005,0.0165,0.0067922,86.24,0.004,0.0,BTC-26JUN20-3000-P,9466.94,81.35,0.005,15.0,0.0085,24.0,90.27,3.92324,-0.70231,-1.76105,1e-05,-0.02029
9853.87,SYN.BTC-26JUN20,1572346740276,open,0.03,43.8,0.016,0.057,0.0347359,80.37,0.035,0.0,BTC-26JUN20-5000-P,9466.94,77.38,0.031,14.9,0.0385,21.9,83.27,12.56984,-2.09693,-7.85365,2e-05,-0.08604
9853.87,SYN.BTC-26JUN20,1572346740276,open,0.45,0.0,0.419,0.487,0.4537804,79.8,None,0.0,BTC-26JUN20-6000-C,9466.94,72.19,0.4405,5.0,0.4735,5.0,90.52,17.64217,-2.92235,26.54703,3e-05,0.86201
9853.87,SYN.BTC-26JUN20,1572346740276,open,0.2,65.9,0.148,0.2535,0.20188792,79.72,0.2015,0.0,BTC-26JUN20-9000-P,9466.94,76.67,0.193,9.8,0.206,9.8,81.14,28.67885,-4.74593,-34.02921,6e-05,-0.32141
9768.05,BTC-27MAR20,1572346740277,open,0.03,233.1,0.0095,0.0585,0.02958435,89.48,0.031,0.0,BTC-27MAR20-22000-C,9466.94,88.29,0.028,12.0,0.0305,0.3,90.16,13.1982,-3.93997,4.00313,4e-05,0.12939
9768.05,BTC-27MAR20,1572346740277,open,0.03,149.5,0.007,0.0515,0.02457083,91.82,0.033,0.0,BTC-27MAR20-24000-C,9466.94,90.04,0.0225,3.0,0.027,13.0,93.8,11.66626,-3.57347,3.3726,3e-05,0.10866
9614.11,BTC-27DEC19,1572346740277,open,0.22,492.5,0.186,0.25,0.2191809,79.93,0.2205,0.0,BTC-27DEC19-8000-C,9466.94,73.58,0.2115,12.0,0.2265,12.0,85.85,11.77519,-7.99351,8.51447,0.0001,0.76822
9768.63,BTC-27MAR20,1572346740277,open,0.01,85.8,0.0015,0.03,0.01139454,100.21,0.014,0.0,BTC-27MAR20-34000-C,9466.94,96.48,0.009,15.0,0.014,26.0,103.77,6.71175,-2.2439,1.64891,2e-05,0.0525
9768.63,BTC-27MAR20,1572346740277,open,0.07,997.0,0.0325,0.107,0.0675433,84.93,0.0705,0.0,BTC-27MAR20-16000-C,9466.94,83.22,0.064,8.0,0.0715,26.0,86.8,20.41832,-5.78492,7.83418,6e-05,0.26285
9768.05,BTC-27MAR20,1572346740277,open,0.05,263.4,0.021,0.0865,0.05049192,86.73,0.05,0.0,BTC-27MAR20-18000-C,9466.94,85.07,0.0475,11.0,0.054,17.5,88.63,17.81237,-5.1538,6.21906,5e-05,0.20554
9768.63,BTC-27MAR20,1572346740277,open,0.01,55.8,0.0025,0.0325,0.01275885,98.44,0.0135,0.0,BTC-27MAR20-32000-C,9466.94,95.26,0.0105,15.0,0.015,11.0,101.29,7.33224,-2.40803,1.8438,2e-05,0.05873
9768.05,BTC-27MAR20,1572346740277,open,0.35,10.5,0.314,0.3855,0.35084864,80.74,0.281,0.0,BTC-27MAR20-7000-C,9466.94,67.11,0.3285,7.5,0.365,7.5,88.93,16.61419,-4.47501,18.68363,5e-05,0.81667
9768.63,BTC-27MAR20,1572346740277,open,0.04,396.5,0.014,0.07,0.03801699,87.99,0.0355,0.0,BTC-27MAR20-20000-C,9466.94,86.69,0.036,12.0,0.04,0.2,89.24,15.31427,-4.49543,4.94705,4e-05,0.16135
9544.76,SYN.BTC-29NOV19,1572346740277,open,0.07,451.4,0.0415,0.0995,0.07090343,78.31,0.0735,0.0,BTC-29NOV19-10000-C,9466.94,76.22,0.0685,21.9,0.073,10.0,80.12,11.02936,-13.98603,3.17276,0.00018,0.46386
9544.76,SYN.BTC-29NOV19,1572346740277,open,0.19,373.8,0.1605,0.214,0.18788941,78.26,0.2,0.0,BTC-29NOV19-8000-C,9466.94,59.48,0.1745,8.0,0.2095,4.0,103.99,7.45678,-9.45059,5.04809,0.00012,0.81312
9768.63,BTC-27MAR20,1572346740277,open,0.11,307.6,0.069,0.148,0.10838325,80.72,0.1135,0.0,BTC-27MAR20-8000-P,9466.94,77.88,0.1025,8.5,0.112,14.3,82.46,20.28558,-5.46261,-14.75793,6e-05,-0.25954
9768.63,BTC-27MAR20,1572346740277,open,0.02,117.2,0.0035,0.036,0.01476346,96.96,0.015,0.0,BTC-27MAR20-30000-C,9466.94,92.77,0.0115,10.0,0.017,10.0,99.53,8.16641,-2.64165,2.11281,2e-05,0.06744
9768.63,BTC-27MAR20,1572346740277,open,0.01,111.8,0.0005,0.027,0.00990115,101.3,0.0105,0.0,BTC-27MAR20-36000-C,9466.94,97.08,0.0075,11.0,0.012,28.0,104.5,6.04131,-2.04172,1.44881,2e-05,0.04602
9768.63,BTC-27MAR20,1572346740277,open,0.13,637.3,0.086,0.178,0.13302766,81.74,0.136,0.0,BTC-27MAR20-12000-C,9466.94,79.95,0.1285,6.0,0.137,8.5,83.3,24.75945,-6.75133,12.63085,8e-05,0.44792
9544.76,SYN.BTC-29NOV19,1572346740277,open,0.23,68.3,0.206,0.254,0.23021146,80.03,0.2115,0.0,BTC-29NOV19-7500-C,9466.94,40.43,0.215,4.0,0.2435,4.0,100.02,5.70291,-7.39119,5.20898,9e-05,0.87537
9768.63,BTC-27MAR20,1572346740286,open,0.02,117.2,0.0035,0.036,0.01476346,96.96,0.015,0.0,BTC-27MAR20-30000-C,9466.94,93.46,0.012,15.0,0.017,10.0,99.53,8.16641,-2.64165,2.11281,2e-05,0.06744
9544.76,SYN.BTC-29NOV19,1572346740291,open,0.04,420.8,0.019,0.0685,0.04274515,81.39,0.044,0.0,BTC-29NOV19-11000-C,9466.94,79.21,0.0405,12.5,0.0435,16.0,82.12,9.86475,-13.00274,2.20011,0.00016,0.31524
9768.63,BTC-27MAR20,1572346740302,open,0.01,111.8,0.0005,0.027,0.00990115,101.3,0.0105,0.0,BTC-27MAR20-36000-C,9466.94,97.08,0.0075,26.0,0.012,28.0,104.5,6.04131,-2.04172,1.44881,2e-05,0.04602
9614.69,BTC-27DEC19,1572346740305,open,0.11,692.2,0.074,0.1455,0.11074943,79.77,0.1165,0.0,BTC-27DEC19-10000-C,9466.94,77.43,0.107,20.3,0.113,22.0,81.18,15.39433,-10.42903,6.26908,0.00013,0.51498
9768.63,BTC-27MAR20,1572346740310,open,0.13,637.3,0.086,0.178,0.13302766,81.74,0.136,0.0,BTC-27MAR20-12000-C,9466.94,79.95,0.1285,18.4,0.137,8.5,83.3,24.75945,-6.75133,12.63085,8e-05,0.44792
9614.11,BTC-27DEC19,1572346740316,open,0.04,369.6,0.0155,0.059,0.03565838,80.15,0.037,0.0,BTC-27DEC19-7500-P,9466.94,78.54,0.034,17.0,0.037,16.0,81.44,9.97369,-6.78861,-3.27559,8e-05,-0.17556
9492.23,SYN.BTC-8NOV19,1572346740333,open,0.06,41.7,0.0355,0.0885,0.06272502,75.55,0.064,0.0,BTC-8NOV19-9250-C,9466.94,73.61,0.0615,5.0,0.0655,4.0,79.93,6.00577,-22.9722,1.39651,0.00033,0.60648
9492.23,SYN.BTC-8NOV19,1572346740343,open,0.05,228.6,0.0235,0.0745,0.04915607,75.55,0.046,0.0,BTC-8NOV19-9500-C,9466.94,73.78,0.048,25.0,0.052,15.0,79.89,6.21936,-23.78915,1.21478,0.00034,0.52215
9474.71,SYN.BTC-1NOV19,1572346740351,open,0.06,241.4,0.034,0.081,0.05826662,74.92,0.059,0.0,BTC-1NOV19-9000-C,9466.94,75.82,0.0585,0.8,0.061,0.9,85.21,2.42406,-31.57487,0.54618,0.00046,0.78995
9544.76,SYN.BTC-29NOV19,1572346740399,open,0.09,266.6,0.0605,0.121,0.09164322,77.29,0.091,0.0,BTC-29NOV19-9500-C,9466.94,75.42,0.0895,16.0,0.0945,21.0,79.77,10.97687,-13.73849,3.72519,0.00018,0.55302
9492.23,SYN.BTC-8NOV19,1572346740407,open,0.12,96.8,0.092,0.141,0.11682251,76.13,0.115,0.0,BTC-8NOV19-8500-C,9466.94,74.15,0.116,5.0,0.121,9.0,85.65,3.98852,-15.37417,1.82515,0.00021,0.82748
9492.23,SYN.BTC-8NOV19,1572346740410,open,0.12,96.8,0.092,0.141,0.11682251,76.13,0.115,0.0,BTC-8NOV19-8500-C,9466.94,74.15,0.116,5.0,0.1205,5.0,84.55,3.98852,-15.37417,1.82515,0.00021,0.82748
191.27,ETH-27DEC19,1572346740428,open,1.33,0.0,1.235,1.386,1.30736,108.48,None,0.0,ETH-27DEC19-440-P,188.12,0.0,0.001,8.0,0.0,0.0,0.0,0.07294,-0.06719,-0.69796,0.00114,-0.9549
191.27,ETH-27DEC19,1572346740428,open,2.17,0.0,2.046,2.24,2.139229,118.99,0.953,0.0,ETH-27DEC19-600-P,188.12,0.0,0.0,0.0,0.0,0.0,0.0,0.03017,-0.03048,-0.9637,0.00043,-0.98435
195.14,SYN.ETH-26JUN20,1572346740428,open,1.75,0.0,1.619,1.841,1.727416,97.05,None,0.0,ETH-26JUN20-520-P,188.12,0.0,0.0,0.0,0.0,0.0,0.0,0.44104,-0.08885,-3.25742,0.00181,-0.80206
193.43,ETH-27MAR20,1572346740429,open,2.36,0.0,2.218,2.447,2.32789,106.65,None,0.0,ETH-27MAR20-640-P,188.12,0.0,0.0,0.0,0.0,0.0,0.0,0.18323,-0.06519,-2.58014,0.00112,-0.9206
191.27,ETH-27DEC19,1572346740429,open,2.59,0.0,2.452,2.668,2.556171,117.85,None,0.0,ETH-27DEC19-680-P,188.12,0.0,0.002,10.0,0.0,0.0,0.0,0.0155,-0.01551,-1.09492,0.00022,-0.99272
195.14,SYN.ETH-26JUN20,1572346740430,open,2.36,0.0,2.205,2.458,2.327285,101.73,None,0.0,ETH-26JUN20-640-P,188.12,0.0,0.0,0.0,0.0,0.0,0.0,0.37438,-0.07906,-4.08789,0.00146,-0.84708
191.27,ETH-27DEC19,1572346740432,open,2.8,0.0,2.655,2.883,2.764935,116.84,None,0.0,ETH-27DEC19-720-P,188.12,0.0,0.003,5.0,0.0,0.0,0.0,0.01071,-0.01062,-1.1601,0.00016,-0.9952
195.14,SYN.ETH-26JUN20,1572346740427,open,2.16,0.0,2.008,2.251,2.125909,99.98,None,0.0,ETH-26JUN20-600-P,188.12,0.0,0.0,0.0,0.0,0.0,0.0,0.39247,-0.08145,-3.81387,0.00156,-0.83567
195.14,SYN.ETH-26JUN20,1572346740432,open,1.95,0.0,1.813,2.046,1.926525,98.74,None,0.0,ETH-26JUN20-560-P,188.12,82.67,1.897,1.0,1.987,1.0,123.06,0.41678,-0.08543,-3.53619,0.00168,-0.81943
195.14,SYN.ETH-26JUN20,1572346740431,open,1.56,0.0,1.427,1.641,1.532083,96.27,None,0.0,ETH-26JUN20-480-P,188.12,0.0,0.0,0.0,0.0,0.0,0.0,0.47385,-0.09469,-2.97272,0.00196,-0.77632
9614.04,BTC-27DEC19,1572346740447,open,2.13,0.2,2.06,2.188,2.12146668,108.12,2.03,0.0,BTC-27DEC19-30000-P,9466.94,0.0,0.0,0.0,0.0,0.0,0.0,0.85722,-0.78708,-48.28109,1e-05,-0.99188
9768.05,BTC-27MAR20,1572346740505,open,0.03,149.5,0.007,0.0515,0.02456529,91.82,0.033,0.0,BTC-27MAR20-24000-C,9466.94,89.6,0.022,10.0,0.027,13.0,93.8,11.66626,-3.57347,3.3726,3e-05,0.10866
9614.04,BTC-27DEC19,1572346740512,open,2.75,1.3,2.6715,2.824,2.74531274,119.16,2.2,0.0,BTC-27DEC19-36000-P,9466.94,0.0,0.0005,0.1,0.0,0.0,0.0,0.64433,-0.65202,-57.99032,0.0,-0.99413
9614.04,BTC-27DEC19,1572346740512,open,1.71,0.0,1.652,1.7655,1.70615488,102.9,None,0.0,BTC-27DEC19-26000-P,9466.94,0.0,0.0,0.0,0.0,0.0,0.0,1.36757,-1.19505,-41.75119,1e-05,-0.98612
9544.76,SYN.BTC-29NOV19,1572346740512,open,0.19,373.8,0.1605,0.214,0.18789017,78.26,0.2,0.0,BTC-29NOV19-8000-C,9466.94,59.48,0.1745,4.0,0.2095,4.0,103.99,7.45678,-9.45059,5.04809,0.00012,0.81312
9492.23,SYN.BTC-8NOV19,1572346740541,open,0.06,41.7,0.0355,0.0885,0.06272416,75.55,0.064,0.0,BTC-8NOV19-9250-C,9466.94,72.82,0.061,15.0,0.0655,4.0,79.93,6.00577,-22.9722,1.39651,0.00033,0.60648
9491.63,SYN.BTC-8NOV19,1572346740542,open,0.05,228.6,0.0235,0.0745,0.04915607,75.59,0.046,0.0,BTC-8NOV19-9500-C,9466.94,73.83,0.048,25.0,0.052,20.0,79.93,6.21913,-23.80229,1.21422,0.00034,0.52196
9491.63,SYN.BTC-8NOV19,1572346740639,open,0.05,228.6,0.0235,0.0745,0.04915607,75.59,0.046,0.0,BTC-8NOV19-9500-C,9466.94,73.83,0.048,25.0,0.0515,5.0,79.17,6.21913,-23.80229,1.21422,0.00034,0.52196
9614.04,BTC-27DEC19,1572346740836,open,1.3,4.9,1.244,1.3455,1.29195727,97.53,1.0385,0.0,BTC-27DEC19-22000-P,9466.1,0.0,0.0,0.0,0.0,0.0,0.0,2.4502,-2.02941,-35.11534,2e-05,-0.97241
9767.85,BTC-27MAR20,1572346740836,open,0.01,611.3,0.0005,0.023,0.00782157,103.66,0.009,0.0,BTC-27MAR20-40000-C,9466.1,99.82,0.006,21.0,0.0095,28.0,106.72,5.02955,-1.73937,1.15878,1e-05,0.03671
9614.04,BTC-27DEC19,1572346740836,open,0.68,19.0,0.637,0.727,0.67964816,88.45,1.2,0.0,BTC-27DEC19-16000-P,9466.1,0.0,0.42,0.2,0.0,0.0,0.0,6.99759,-5.25633,-24.4268,5e-05,-0.89549
9613.2,BTC-27DEC19,1572346740836,open,1.92,0.1,1.856,1.976,1.91366875,102.35,1.49,0.0,BTC-27DEC19-28000-P,9466.1,0.0,0.0,0.0,0.0,0.0,0.0,0.8749,-0.7605,-45.0517,1e-05,-0.99169
9767.85,BTC-27MAR20,1572346740837,open,1.89,0.0,1.816,1.9625,1.88459516,96.2,None,0.0,BTC-27MAR20-28000-P,9466.1,0.0,0.0,0.0,0.0,0.0,0.0,9.37062,-3.00741,-112.4585,2e-05,-0.91926
9613.2,BTC-27DEC19,1572346740836,open,1.5,0.0,1.448,1.555,1.49863274,97.88,None,0.0,BTC-27DEC19-24000-P,9466.1,0.0,0.0,0.0,0.0,0.0,0.0,1.59096,-1.32247,-38.48816,1e-05,-0.98345
9767.85,BTC-27MAR20,1572346740837,open,1.09,5.2,1.024,1.153,1.08550035,87.96,1.108,0.0,BTC-27MAR20-20000-P,9466.1,0.0,0.0,0.0,0.0,0.0,0.0,15.30404,-4.49112,-77.18085,4e-05,-0.8388
9613.2,BTC-27DEC19,1572346740838,open,3.17,0.0,3.0795,3.2465,3.16097606,98.54,2.58,0.0,BTC-27DEC19-40000-P,9466.1,0.0,0.001,1.0,0.0,0.0,0.0,0.04681,-0.03917,-64.51665,0.0,-0.99967
9613.2,BTC-27DEC19,1572346740838,open,4.0,0.0,3.8955,4.0945,3.9927781,0.0,None,0.0,BTC-27DEC19-48000-P,9466.1,0.0,0.0005,1.0,0.0,0.0,0.0,0.0,0.0,-77.42557,0.0,-1.0
9613.2,BTC-27DEC19,1572346740839,open,3.58,0.0,3.4875,3.67,3.57682584,0.0,3.46,0.0,BTC-27DEC19-44000-P,9466.1,0.0,0.001,1.0,0.0,0.0,0.0,0.0,0.0,-70.97344,0.0,-1.0
9767.85,BTC-27MAR20,1572346740838,open,0.02,111.4,0.0065,0.0335,0.01785284,82.27,0.02,0.0,BTC-27MAR20-5000-P,9466.1,79.19,0.0155,13.0,0.0205,10.1,85.53,7.70029,-2.11331,-3.22388,2e-05,-0.06253
9613.2,BTC-27DEC19,1572346740839,open,2.33,0.3,2.2635,2.399,2.32921145,104.43,1.875,0.0,BTC-27DEC19-32000-P,9466.1,0.0,0.0005,0.1,0.0,0.0,0.0,0.45084,-0.39984,-51.56307,0.0,-0.99606
9613.2,BTC-27DEC19,1572346740840,open,1.09,3.6,1.041,1.1375,1.08631392,95.41,1.729,0.0,BTC-27DEC19-20000-P,9466.1,0.0,0.0005,0.1,0.0,0.0,0.0,3.50782,-2.8423,-31.68915,2e-05,-0.9573
9491.63,SYN.BTC-8NOV19,1572346740837,open,0.17,0.0,0.14,0.202,0.17011513,84.83,None,0.0,BTC-8NOV19-11000-P,9466.1,0.0,0.0,0.0,0.0,0.0,0.0,3.8263,-16.43405,-2.58952,0.00019,-0.83822
9491.63,SYN.BTC-8NOV19,1572346740837,open,0.03,109.6,0.01,0.054,0.03061585,78.97,0.0285,0.0,BTC-8NOV19-10000-C,9466.1,75.54,0.0285,25.0,0.032,31.0,81.2,5.88527,-23.52992,0.86686,0.00031,0.36816
9853.08,SYN.BTC-26JUN20,1572346740866,open,0.57,0.0,0.4975,0.6385,0.56897459,82.59,None,0.0,BTC-26JUN20-14000-P,9466.1,0.0,0.07,1.0,0.6255,0.1,100.14,31.37256,-5.37844,-74.3594,6e-05,-0.5746
9474.13,SYN.BTC-1NOV19,1572346740867,open,0.16,559.0,0.1385,0.176,0.15653519,100.96,0.155,0.0,BTC-1NOV19-8000-C,9466.1,0.0,0.1555,0.1,0.1715,3.0,205.19,0.51888,-9.10828,0.60968,7e-05,0.97333
9853.08,SYN.BTC-26JUN20,1572346740868,open,0.15,76.1,0.0945,0.2005,0.14821319,82.63,0.1445,0.0,BTC-26JUN20-14000-C,9466.1,81.14,0.1435,3.0,0.153,12.9,84.13,31.37475,-5.38113,18.03334,6e-05,0.42555
9544.12,SYN.BTC-29NOV19,1572346740895,open,0.16,5.0,0.1185,0.1915,0.15543822,80.07,0.15,0.0,BTC-29NOV19-10500-P,9466.1,62.18,0.136,3.0,0.1875,3.0,108.37,10.60753,-13.75485,-6.22328,0.00017,-0.61539
9491.63,SYN.BTC-8NOV19,1572346740920,open,0.12,96.8,0.092,0.141,0.11682251,76.24,0.115,0.0,BTC-8NOV19-8500-C,9466.1,74.26,0.116,5.0,0.12,4.0,83.54,3.99437,-15.41777,1.82398,0.00021,0.82706
9614.04,BTC-27DEC19,1572346741071,open,0.15,511.0,0.1095,0.1905,0.15081803,79.74,0.151,0.0,BTC-27DEC19-10000-P,9466.1,77.98,0.148,12.0,0.154,19.0,81.73,15.39347,-10.4244,-9.86247,0.00013,-0.48515
9544.12,SYN.BTC-29NOV19,1572346741086,open,0.23,68.3,0.206,0.254,0.2302122,80.11,0.2115,0.0,BTC-29NOV19-7500-C,9466.1,35.81,0.2145,4.0,0.2435,4.0,100.07,5.71,-7.40721,5.20673,9e-05,0.87513
9614.04,BTC-27DEC19,1572346741084,open,0.11,692.2,0.074,0.1455,0.11074289,79.78,0.1165,0.0,BTC-27DEC19-10000-C,9466.1,77.45,0.107,32.3,0.113,22.0,81.19,15.39338,-10.43009,6.26773,0.00013,0.51491
9767.85,BTC-27MAR20,1572346741166,open,0.01,85.8,0.0015,0.03,0.01139427,100.22,0.014,0.0,BTC-27MAR20-34000-C,9466.1,95.62,0.0085,15.0,0.014,26.0,103.78,6.71093,-2.24373,1.64868,2e-05,0.0525
9614.04,BTC-27DEC19,1572346741169,open,0.0,676.9,0.0005,0.012,0.00245241,100.07,0.0025,0.0,BTC-27DEC19-24000-C,9466.1,94.07,0.0015,59.0,0.003,20.0,102.82,1.78868,-1.52016,0.25639,1e-05,0.01899
9853.08,SYN.BTC-26JUN20,1572346741195,open,0.03,43.8,0.016,0.057,0.03473677,80.36,0.035,0.0,BTC-26JUN20-5000-P,9466.1,77.38,0.031,14.9,0.0385,7.0,83.26,12.56989,-2.09676,-7.8537,2e-05,-0.08605
9613.2,BTC-27DEC19,1572346741198,open,0.16,514.7,0.1205,0.192,0.15771958,79.8,0.154,0.0,BTC-27DEC19-9000-C,9466.1,76.65,0.153,4.0,0.1585,21.0,80.32,14.40543,-9.76235,7.52159,0.00012,0.64278
9767.85,BTC-27MAR20,1572346741199,open,0.07,38.0,0.0375,0.0995,0.06742478,80.71,0.073,0.0,BTC-27MAR20-7000-P,9466.1,77.49,0.062,23.3,0.07,3.0,82.22,16.61229,-4.47283,-10.0565,5e-05,-0.18331
9766.88,BTC-27MAR20,1572346741246,open,2.7,0.0,2.6155,2.785,2.69538353,100.59,None,0.0,BTC-27MAR20-36000-P,9466.1,0.0,0.0,0.0,0.0,0.0,0.0,5.8697,-1.96967,-146.42079,1e-05,-0.95559
9767.85,BTC-27MAR20,1572346741257,open,0.01,85.8,0.0015,0.03,0.01139427,100.22,0.014,0.0,BTC-27MAR20-34000-C,9466.1,96.48,0.009,1.0,0.014,26.0,103.78,6.71093,-2.24373,1.64868,2e-05,0.0525
188.67,SYN.ETH-8NOV19,1572346741273,open,0.11,20.0,0.081,0.144,0.114425,80.64,0.178,0.0,ETH-8NOV19-170-C,188.12,75.14,0.112,40.0,0.118,40.0,88.21,0.08614,-0.35169,0.03514,0.01109,0.80284
188.29,SYN.ETH-1NOV19,1572346741275,open,0.02,1736.0,0.003,0.05,0.023882,79.3,0.02,0.0,ETH-1NOV19-190-C,188.12,71.06,0.021,120.0,0.027,323.0,88.08,0.06639,-0.91543,0.00651,0.02997,0.46297
191.27,ETH-27DEC19,1572346741280,open,0.03,2609.0,0.013,0.054,0.031461,88.47,0.041,0.0,ETH-27DEC19-140-P,188.12,84.63,0.028,453.0,0.032,160.0,89.05,0.1755,-0.13185,-0.0546,0.00336,-0.14551
9767.85,BTC-27MAR20,1572346741276,open,0.01,85.8,0.0015,0.03,0.01139427,100.22,0.014,0.0,BTC-27MAR20-34000-C,9466.1,96.48,0.009,11.0,0.014,26.0,103.78,6.71093,-2.24373,1.64868,2e-05,0.0525
9613.2,BTC-27DEC19,1572346741324,open,0.16,514.7,0.1205,0.192,0.15771958,79.8,0.154,0.0,BTC-27DEC19-9000-C,9466.1,76.31,0.1525,9.0,0.1585,21.0,80.32,14.40543,-9.76235,7.52159,0.00012,0.64278
9613.2,BTC-27DEC19,1572346741326,open,0.16,514.7,0.1205,0.192,0.15771958,79.8,0.154,0.0,BTC-27DEC19-9000-C,9466.1,76.31,0.1525,24.1,0.1585,21.0,80.32,14.40543,-9.76235,7.52159,0.00012,0.64278
9767.85,BTC-27MAR20,1572346741326,open,0.07,38.0,0.0375,0.0995,0.06742478,80.71,0.073,0.0,BTC-27MAR20-7000-P,9466.1,77.49,0.062,23.3,0.071,7.0,82.8,16.61229,-4.47283,-10.0565,5e-05,-0.18331
9767.85,BTC-27MAR20,1572346741335,open,0.07,38.0,0.0375,0.0995,0.06742478,80.71,0.073,0.0,BTC-27MAR20-7000-P,9466.1,77.49,0.062,23.3,0.0705,13.3,82.51,16.61229,-4.47283,-10.0565,5e-05,-0.18331
9853.08,SYN.BTC-26JUN20,1572346741428,open,0.39,1.5,0.3475,0.429,0.39015671,79.74,0.419,0.0,BTC-26JUN20-7000-C,9466.1,70.45,0.3695,8.0,0.4105,5.0,88.67,22.21934,-3.6777,26.82935,4e-05,0.8028
9766.88,BTC-27MAR20,1572346741667,open,1.49,0.0,1.4175,1.5535,1.48160374,91.61,None,0.0,BTC-27MAR20-24000-P,9466.1,0.0,0.0015,1.0,0.0,0.0,0.0,11.60403,-3.54657,-95.19767,3e-05,-0.89213
9544.12,SYN.BTC-29NOV19,1572346741756,open,0.19,373.8,0.1605,0.214,0.18784803,78.32,0.2,0.0,BTC-29NOV19-8000-C,9466.1,58.75,0.174,4.0,0.2095,4.0,104.03,7.46131,-9.46297,5.04609,0.00012,0.81291
9767.85,BTC-27MAR20,1572346741787,open,0.22,178.5,0.1655,0.2685,0.21816293,80.53,0.229,0.0,BTC-27MAR20-10000-P,9466.1,77.29,0.21,23.1,0.224,6.0,82.89,24.41313,-6.55859,-25.42782,8e-05,-0.41586
9613.19,BTC-27DEC19,1572346741836,open,4.42,0.8,4.3035,4.5195,4.40881961,0.0,3.59,0.0,BTC-27DEC19-52000-P,9466.1,0.0,0.001,1.0,0.0,0.0,0.0,0.0,0.0,-83.8777,0.0,-1.0
9766.88,BTC-27MAR20,1572346741843,open,3.11,1.0,3.0165,3.199,3.10288622,102.86,2.7125,0.0,BTC-27MAR20-40000-P,9466.05,0.0,0.0005,2.0,0.0,0.0,0.0,4.85751,-1.66687,-163.13334,1e-05,-0.96481
9766.88,BTC-27MAR20,1572346741843,open,2.29,0.0,2.2155,2.372,2.28880843,98.01,None,0.0,BTC-27MAR20-32000-P,9466.05,0.0,0.001,1.0,0.0,0.0,0.0,7.21732,-2.35991,-129.58755,2e-05,-0.94243
9766.83,BTC-27MAR20,1572346741845,open,2.5,0.0,2.4155,2.5785,2.49219796,99.69,None,0.0,BTC-27MAR20-34000-P,9466.05,0.0,0.0,0.0,0.0,0.0,0.0,6.57775,-2.18751,-137.99919,2e-05,-0.9488
9766.83,BTC-27MAR20,1572346741845,open,1.29,6.0,1.22,1.351,1.28204816,89.45,1.5845,0.0,BTC-27MAR20-22000-P,9466.05,0.0,0.0,0.0,0.0,0.0,0.0,13.18368,-3.93414,-86.33837,4e-05,-0.87079
9766.83,BTC-27MAR20,1572346741849,open,2.09,0.0,2.0155,2.166,2.08631859,96.9,None,0.0,BTC-27MAR20-30000-P,9466.05,0.0,0.0,0.0,0.0,0.0,0.0,8.14335,-2.63237,-121.07967,2e-05,-0.93279
9852.11,SYN.BTC-26JUN20,1572346741843,open,1.89,0.0,1.803,1.972,1.88330755,90.45,None,0.0,BTC-26JUN20-28000-P,9466.05,0.0,0.0,0.0,0.0,0.0,0.0,18.31686,-3.43887,-177.9797,3e-05,-0.85411
9852.11,SYN.BTC-26JUN20,1572346741843,open,1.69,0.0,1.608,1.773,1.686471,89.38,None,0.0,BTC-26JUN20-26000-P,9466.05,0.0,0.0,0.0,0.0,0.0,0.0,19.8803,-3.68843,-163.92848,3e-05,-0.83483
9852.11,SYN.BTC-26JUN20,1572346741845,open,2.09,0.0,2.0005,2.1765,2.08364385,92.81,None,0.0,BTC-26JUN20-30000-P,9466.05,0.0,0.0,0.0,0.0,0.0,0.0,17.43677,-3.35916,-191.66893,3e-05,-0.86432
9766.88,BTC-27MAR20,1572346741869,open,0.16,49.0,0.112,0.205,0.15914267,80.7,0.171,0.0,BTC-27MAR20-9000-P,9466.05,78.93,0.155,1.0,0.163,7.5,82.34,22.8919,-6.1629,-19.95588,7e-05,-0.33845
9852.11,SYN.BTC-26JUN20,1572346741851,open,1.49,0.0,1.414,1.5745,1.49078083,88.09,None,0.0,BTC-26JUN20-24000-P,9466.05,0.0,0.0,0.0,0.0,0.0,0.0,21.55674,-3.94178,-149.73979,4e-05,-0.81229
9613.2,BTC-27DEC19,1572346741842,open,0.22,492.5,0.1855,0.25,0.21908667,79.94,0.2205,0.0,BTC-27DEC19-8000-C,9466.1,73.63,0.2115,21.0,0.2265,12.0,85.89,11.77698,-7.99554,8.51272,0.0001,0.76812
9543.24,SYN.BTC-29NOV19,1572346741882,open,0.15,743.6,0.12,0.178,0.15022592,77.34,0.1455,0.0,BTC-29NOV19-8500-C,9466.05,75.0,0.148,4.0,0.149,26.9,76.06,9.09645,-11.39336,4.71834,0.00015,0.73471
9766.83,BTC-27MAR20,1572346741884,open,0.11,307.6,0.069,0.148,0.10841406,80.7,0.1135,0.0,BTC-27MAR20-8000-P,9466.05,77.85,0.1025,17.5,0.112,14.3,82.43,20.28613,-5.46155,-14.76071,6e-05,-0.25964
9766.88,BTC-27MAR20,1572346742015,open,0.16,49.0,0.112,0.205,0.15914267,80.7,0.171,0.0,BTC-27MAR20-9000-P,9466.05,78.93,0.155,1.0,0.163,17.6,82.34,22.8919,-6.1629,-19.95588,7e-05,-0.33845
9543.24,SYN.BTC-29NOV19,1572346742034,open,0.19,373.8,0.1605,0.214,0.18784803,78.34,0.2,0.0,BTC-29NOV19-8000-C,9466.05,58.86,0.174,12.0,0.2095,4.0,104.09,7.46439,-9.46924,5.04474,0.00012,0.81276
9852.11,SYN.BTC-26JUN20,1572346742044,open,0.02,122.3,0.0065,0.0315,0.0169406,82.45,0.016,0.0,BTC-26JUN20-4000-P,9466.05,78.57,0.014,18.0,0.02,8.0,86.19,7.77762,-1.33115,-4.11931,1e-05,-0.04642
9852.11,SYN.BTC-26JUN20,1572346742083,open,0.03,43.8,0.016,0.057,0.03474641,80.36,0.035,0.0,BTC-26JUN20-5000-P,9466.05,77.37,0.031,17.9,0.0385,7.0,83.25,12.57097,-2.09689,-7.85494,2e-05,-0.08607
9543.24,SYN.BTC-29NOV19,1572346742100,open,0.23,68.3,0.206,0.254,0.23016867,80.13,0.2115,0.0,BTC-29NOV19-7500-C,9466.05,36.75,0.2145,12.0,0.2435,4.0,100.15,5.71404,-7.41488,5.20545,9e-05,0.87499
9852.11,SYN.BTC-26JUN20,1572346742123,open,0.01,49.2,0.0005,0.0165,0.00679453,86.23,0.004,0.0,BTC-26JUN20-3000-P,9466.05,81.34,0.005,18.0,0.0085,24.0,90.26,3.92379,-0.70236,-1.76138,1e-05,-0.0203
9473.28,SYN.BTC-1NOV19,1572346742207,open,0.01,330.0,0.0005,0.0275,0.00971438,81.26,0.0085,0.0,BTC-1NOV19-10000-C,9466.05,78.64,0.009,1.0,0.01,0.4,82.3,2.5996,-36.73077,0.17007,0.00045,0.23759
9473.28,SYN.BTC-1NOV19,1572346742255,open,0.1,450.9,0.085,0.1265,0.1051275,84.78,0.106,0.0,BTC-1NOV19-8500-C,9466.05,83.69,0.105,5.0,0.108,0.1,104.56,1.12497,-16.58316,0.6159,0.00019,0.93033
9490.77,SYN.BTC-8NOV19,1572346742256,open,0.1,82.3,0.0695,0.1215,0.09650986,75.67,0.096,0.0,BTC-8NOV19-8750-C,9466.05,73.67,0.0955,5.0,0.1,5.0,82.42,4.82264,-18.47517,1.71083,0.00026,0.76275
9852.11,SYN.BTC-26JUN20,1572346742259,open,0.45,0.0,0.419,0.4865,0.45374435,79.82,None,0.0,BTC-26JUN20-6000-C,9466.05,72.23,0.4405,8.0,0.4735,5.0,90.55,17.64651,-2.92382,26.53902,3e-05,0.86193
9613.19,BTC-27DEC19,1572346742258,open,0.11,692.2,0.074,0.1455,0.11071541,79.79,0.1165,0.0,BTC-27DEC19-10000-C,9466.05,77.47,0.107,20.3,0.113,22.0,81.22,15.39217,-10.42994,6.26601,0.00013,0.51481
9473.28,SYN.BTC-1NOV19,1572346742267,open,0.01,330.0,0.0005,0.0275,0.00971438,81.26,0.0085,0.0,BTC-1NOV19-10000-C,9466.05,78.64,0.009,1.0,0.0105,0.4,84.1,2.5996,-36.73077,0.17007,0.00045,0.23759
9490.77,SYN.BTC-8NOV19,1572346742331,open,0.1,82.3,0.0695,0.1215,0.09650986,75.67,0.096,0.0,BTC-8NOV19-8750-C,9466.05,73.67,0.0955,5.0,0.0995,4.0,81.46,4.82264,-18.47517,1.71083,0.00026,0.76275
9766.88,BTC-27MAR20,1572346742383,open,0.16,49.0,0.112,0.205,0.15919203,80.7,0.171,0.0,BTC-27MAR20-9000-P,9466.05,78.93,0.155,1.0,0.163,7.5,82.34,22.8919,-6.1629,-19.95588,7e-05,-0.33845
9543.24,SYN.BTC-29NOV19,1572346742383,open,0.03,304.3,0.0085,0.0475,0.02571551,84.22,0.0275,0.0,BTC-29NOV19-12000-C,9466.05,82.12,0.024,8.0,0.0265,16.0,85.14,7.95876,-10.85468,1.47296,0.00012,0.20819
9766.83,BTC-27MAR20,1572346742385,open,0.03,149.5,0.007,0.0515,0.02455476,91.82,0.033,0.0,BTC-27MAR20-24000-C,9466.05,89.17,0.0215,10.0,0.027,13.0,93.81,11.66253,-3.57243,3.37129,3e-05,0.10863
9766.88,BTC-27MAR20,1572346742386,open,0.07,997.0,0.032,0.107,0.06750711,84.93,0.0705,0.0,BTC-27MAR20-16000-C,9466.05,82.99,0.0635,8.0,0.0715,26.0,86.82,20.41196,-5.78371,7.83072,6e-05,0.26278
9766.83,BTC-27MAR20,1572346742386,open,0.03,149.5,0.007,0.0515,0.02455476,91.82,0.033,0.0,BTC-27MAR20-24000-C,9466.05,89.17,0.0215,25.0,0.027,13.0,93.81,11.66253,-3.57243,3.37129,3e-05,0.10863
9766.88,BTC-27MAR20,1572346742399,open,0.07,997.0,0.032,0.107,0.06750711,84.93,0.0705,0.0,BTC-27MAR20-16000-C,9466.05,82.99,0.0635,22.0,0.0715,26.0,86.82,20.41196,-5.78371,7.83072,6e-05,0.26278
9852.11,SYN.BTC-26JUN20,1572346742465,open,0.06,5.2,0.0285,0.108,0.06462626,87.0,0.063,0.0,BTC-26JUN20-22000-C,9466.05,84.81,0.0595,14.6,0.07,1.0,89.21,23.49328,-4.24258,9.88739,4e-05,0.21671
9852.11,SYN.BTC-26JUN20,1572346742468,open,0.06,5.2,0.0285,0.108,0.06462626,87.0,0.063,0.0,BTC-26JUN20-22000-C,9466.05,84.81,0.0595,14.6,0.07,15.6,89.21,23.49328,-4.24258,9.88739,4e-05,0.21671
9852.11,SYN.BTC-26JUN20,1572346742477,open,0.06,5.2,0.0285,0.108,0.06462626,87.0,0.063,0.0,BTC-26JUN20-22000-C,9466.05,84.81,0.0595,14.6,0.07,21.6,89.21,23.49328,-4.24258,9.88739,4e-05,0.21671
9543.24,SYN.BTC-29NOV19,1572346742522,open,0.16,5.0,0.1185,0.1915,0.1555605,80.06,0.15,0.0,BTC-29NOV19-10500-P,9466.05,61.64,0.1355,3.0,0.1875,3.0,108.31,10.60497,-13.74858,-6.2247,0.00017,-0.61559
9543.24,SYN.BTC-29NOV19,1572346742565,open,0.06,119.0,0.034,0.0895,0.06140465,77.25,0.064,0.0,BTC-29NOV19-9000-P,9466.05,74.6,0.0585,20.0,0.063,21.0,78.76,10.32822,-12.92083,-3.3572,0.00017,-0.3545
9473.28,SYN.BTC-1NOV19,1572346742647,open,0.07,72.5,0.0385,0.0925,0.06529416,80.92,0.066,0.0,BTC-1NOV19-10000-P,9466.05,70.57,0.0625,0.8,0.065,0.1,80.11,2.59341,-36.48872,-0.61848,0.00045,-0.76344
9766.88,BTC-27MAR20,1572346742653,open,0.01,85.8,0.0015,0.03,0.01138697,100.22,0.014,0.0,BTC-27MAR20-34000-C,9466.05,95.63,0.0085,11.0,0.014,26.0,103.78,6.70889,-2.24307,1.6481,2e-05,0.05249
9766.88,BTC-27MAR20,1572346742655,open,0.01,85.8,0.0015,0.03,0.01138697,100.22,0.014,0.0,BTC-27MAR20-34000-C,9466.05,95.63,0.0085,26.0,0.014,26.0,103.78,6.70889,-2.24307,1.6481,2e-05,0.05249
9766.83,BTC-27MAR20,1572346742666,open,0.22,178.5,0.1655,0.2685,0.21822885,80.52,0.229,0.0,BTC-27MAR20-10000-P,9466.05,77.26,0.21,23.1,0.224,2.0,82.86,24.41175,-6.5577,-25.43072,8e-05,-0.41595
9543.24,SYN.BTC-29NOV19,1572346742670,open,0.06,119.0,0.034,0.0895,0.06140465,77.25,0.064,0.0,BTC-29NOV19-9000-P,9466.05,74.6,0.0585,20.0,0.063,25.0,78.76,10.32822,-12.92083,-3.3572,0.00017,-0.3545
9473.28,SYN.BTC-1NOV19,1572346742692,open,0.01,330.0,0.0005,0.0275,0.00969411,81.26,0.0085,0.0,BTC-1NOV19-10000-C,9466.05,78.64,0.009,1.0,0.01,0.4,82.3,2.5996,-36.73077,0.17007,0.00045,0.23759
9543.24,SYN.BTC-29NOV19,1572346742697,open,0.06,119.0,0.034,0.0895,0.06140465,77.25,0.064,0.0,BTC-29NOV19-9000-P,9466.05,74.6,0.0585,20.0,0.063,21.0,78.76,10.32822,-12.92083,-3.3572,0.00017,-0.3545
9766.71,BTC-27MAR20,1572346742699,open,0.29,263.2,0.246,0.329,0.28934798,80.74,0.293,0.0,BTC-27MAR20-8000-C,9466.05,78.38,0.2845,5.0,0.2925,12.9,82.24,20.28709,-5.46478,18.0839,6e-05,0.74033
9473.23,SYN.BTC-1NOV19,1572346742707,open,0.13,246.5,0.1115,0.1505,0.13049571,91.41,0.13,0.0,BTC-1NOV19-8250-C,9466.05,0.0,0.118,3.0,0.147,3.0,188.49,0.73238,-11.64011,0.61871,0.00011,0.95947
9473.23,SYN.BTC-1NOV19,1572346742678,open,0.04,226.1,0.0155,0.063,0.03966086,74.92,0.041,0.0,BTC-1NOV19-9250-C,9466.05,77.47,0.0405,1.0,0.042,1.2,82.01,3.10663,-40.46727,0.45734,0.00059,0.65242
9490.72,SYN.BTC-8NOV19,1572346742709,open,0.0,21.0,0.0005,0.0145,0.00372391,100.32,0.003,0.0,BTC-8NOV19-12500-C,9466.05,93.01,0.0025,25.0,0.0045,40.5,104.27,1.7692,-8.98597,0.13504,7e-05,0.05631
9490.77,SYN.BTC-8NOV19,1572346742717,open,0.02,118.2,0.006,0.0465,0.02420086,81.07,0.0245,0.0,BTC-8NOV19-10250-C,9466.05,79.8,0.0235,0.2,0.0245,7.0,81.54,5.46721,-22.43895,0.72064,0.00028,0.30486
9473.23,SYN.BTC-1NOV19,1572346742730,open,0.04,226.1,0.0155,0.063,0.03966086,74.92,0.041,0.0,BTC-1NOV19-9250-C,9466.05,77.47,0.0405,1.0,0.0415,3.3,80.5,3.10663,-40.46727,0.45734,0.00059,0.65242
9851.93,SYN.BTC-26JUN20,1572346742764,open,0.92,0.0,0.8465,0.997,0.92102561,84.63,None,0.0,BTC-26JUN20-18000-P,9466.05,0.0,0.09,1.0,1.35,1.0,224.14,27.70296,-4.86682,-105.58362,5e-05,-0.70293
9473.23,SYN.BTC-1NOV19,1572346742830,open,0.04,226.1,0.0155,0.063,0.03966086,74.92,0.041,0.0,BTC-1NOV19-9250-C,9466.05,77.47,0.0405,1.0,0.041,3.3,78.99,3.10663,-40.46727,0.45734,0.00059,0.65242
9613.13,BTC-27DEC19,1572346742850,open,0.34,66.1,0.3175,0.3635,0.34027281,83.55,0.355,0.0,BTC-27DEC19-6500-C,9464.91,0.0,0.321,8.0,0.3545,8.0,102.63,6.3271,-4.48953,8.81712,5e-05,0.90889
9613.13,BTC-27DEC19,1572346742850,open,0.74,0.0,0.7305,0.75,0.74012514,120.02,None,0.0,BTC-27DEC19-2500-C,9464.91,0.0,0.7325,12.0,0.748,12.0,203.17,0.15388,-0.15684,4.01106,0.0,0.9988
9613.13,BTC-27DEC19,1572346742850,open,0.0,449.3,0.0005,0.0105,0.00021902,120.0,0.0005,0.0,BTC-27DEC19-44000-C,9464.91,0.0,0.0,0.0,0.001,19.0,137.31,0.21997,-0.22418,0.02418,0.0,0.00178
9613.13,BTC-27DEC19,1572346742850,open,4.42,0.8,4.304,4.52,4.40932594,119.26,3.59,0.0,BTC-27DEC19-52000-P,9464.91,0.0,0.001,1.0,0.0,0.0,0.0,0.06986,-0.07075,-83.87069,0.0,-0.99949
9613.13,BTC-27DEC19,1572346742850,open,0.0,1544.5,0.0005,0.0105,6.32e-05,120.0,0.001,0.0,BTC-27DEC19-52000-C,9464.91,0.0,0.0,0.0,0.001,19.0,149.73,0.07541,-0.07685,0.00761,0.0,0.00055
9613.13,BTC-27DEC19,1572346742850,open,0.79,0.0,0.782,0.8015,0.79198345,120.06,None,0.0,BTC-27DEC19-2000-C,9464.91,0.0,0.7845,13.0,0.8,13.0,235.8,0.03405,-0.03472,3.22192,0.0,0.99976
9611.99,BTC-27DEC19,1572346742850,open,3.17,0.0,3.0795,3.248,3.16139558,0.0,2.58,0.0,BTC-27DEC19-40000-P,9464.91,0.0,0.001,1.0,0.0,0.0,0.0,0.0,0.0,-64.52131,0.0,-1.0
9611.99,BTC-27DEC19,1572346742850,open,0.64,4.3,0.627,0.6465,0.63689363,110.39,0.5625,0.0,BTC-27DEC19-3500-C,9464.91,0.0,0.6295,10.0,0.6435,10.0,153.56,0.6762,-0.63394,5.53356,0.0,0.9938
9611.99,BTC-27DEC19,1572346742850,open,0.0,106.3,0.0005,0.0105,3.202e-05,119.99,0.0005,0.0,BTC-27DEC19-2000-P,9464.91,0.0,0.0,0.0,0.001,14.1,168.12,0.03387,-0.03451,-0.00412,0.0,-0.00023
9611.99,BTC-27DEC19,1572346742850,open,0.58,211.2,0.538,0.628,0.58123478,86.88,0.9295,0.0,BTC-27DEC19-15000-P,9464.91,0.0,0.0,0.0,0.0,0.0,0.0,8.40046,-6.19778,-22.41624,6e-05,-0.86456
9611.99,BTC-27DEC19,1572346742850,open,0.0,578.4,0.0005,0.011,0.00128177,105.13,0.0025,0.0,BTC-27DEC19-28000-C,9464.91,95.29,0.0005,39.0,0.002,20.0,110.74,1.04113,-0.92949,0.13729,1e-05,0.01014
9611.99,BTC-27DEC19,1572346742850,open,0.26,299.6,0.2255,0.284,0.25551347,80.23,0.255,0.0,BTC-27DEC19-7500-C,9464.91,50.84,0.2295,12.0,0.269,12.0,92.73,9.98357,-6.80219,8.81565,8e-05,0.8241
9611.99,BTC-27DEC19,1572346742851,open,0.0,883.1,0.0005,0.0105,0.00068078,119.99,0.0005,0.0,BTC-27DEC19-3000-P,9464.91,0.0,0.0,0.0,0.0015,20.0,132.99,0.45114,-0.4597,-0.07163,0.0,-0.00394
9611.99,BTC-27DEC19,1572346742850,open,0.0,255.7,0.0005,0.0105,2.5e-06,119.99,0.001,0.0,BTC-27DEC19-1500-P,9464.91,0.0,0.0,0.0,0.0005,96.0,182.79,0.00351,-0.00358,-0.00037,0.0,-2e-05
9611.99,BTC-27DEC19,1572346742851,open,0.0,350.0,0.0005,0.0105,0.00011619,120.01,0.0005,0.0,BTC-27DEC19-48000-C,9464.91,0.0,0.0,0.0,0.001,19.0,143.82,0.12783,-0.13028,0.01342,0.0,0.00098
9611.99,BTC-27DEC19,1572346742851,open,0.88,9.4,0.838,0.93,0.88150464,91.34,1.1125,0.0,BTC-27DEC19-18000-P,9464.91,0.0,0.0,0.0,0.0,0.0,0.0,4.80175,-3.72474,-28.18849,4e-05,-0.93659
9765.57,BTC-27MAR20,1572346742851,open,3.11,1.0,3.017,3.1995,3.10329004,102.57,2.7125,0.0,BTC-27MAR20-40000-P,9464.91,0.0,0.0005,2.0,0.0,0.0,0.0,4.79465,-1.6407,-163.14964,1e-05,-0.96536
9611.99,BTC-27DEC19,1572346742851,open,2.75,1.3,2.672,2.825,2.74569001,110.97,2.2,0.0,BTC-27DEC19-36000-P,9464.91,0.0,0.0005,0.1,0.0,0.0,0.0,0.3609,-0.34012,-58.02724,0.0,-0.99693
9765.57,BTC-27MAR20,1572346742851,open,1.69,0.0,1.617,1.758,1.6832548,94.05,None,0.0,BTC-27MAR20-26000-P,9464.91,0.0,0.0015,1.0,0.0,0.0,0.0,10.39868,-3.26274,-103.87363,3e-05,-0.90716
9765.57,BTC-27MAR20,1572346742851,open,0.36,52.6,0.3025,0.419,0.36161655,81.69,0.355,0.0,BTC-27MAR20-12000-P,9464.91,66.88,0.3245,5.0,0.392,5.0,93.62,24.74852,-6.74446,-36.65404,8e-05,-0.55247
9611.99,BTC-27DEC19,1572346742852,open,0.22,247.3,0.178,0.266,0.22251697,81.1,0.215,0.0,BTC-27DEC19-11000-P,9464.91,75.91,0.2145,9.0,0.26,10.0,104.88,14.92237,-10.27779,-12.74007,0.00012,-0.59919
9611.99,BTC-27DEC19,1572346742852,open,0.48,66.8,0.4705,0.5,0.48460062,94.9,0.4085,0.0,BTC-27DEC19-5000-C,9464.91,0.0,0.474,8.0,0.4935,8.0,119.86,2.50773,-2.02115,7.5511,2e-05,0.97163
9765.57,BTC-27MAR20,1572346742852,open,0.51,1.0,0.4855,0.527,0.5059256,82.34,0.551,0.0,BTC-27MAR20-5000-C,9464.91,49.96,0.4895,5.0,0.52,5.0,98.07,7.71413,-2.11896,17.29822,2e-05,0.93731
9611.99,BTC-27DEC19,1572346742852,open,0.39,99.0,0.347,0.438,0.39182465,83.94,0.638,0.0,BTC-27DEC19-13000-P,9464.91,75.61,0.382,4.0,0.43,4.0,112.12,11.82366,-8.42849,-17.95781,9e-05,-0.76641
9490.72,SYN.BTC-8NOV19,1572346742850,open,0.01,172.5,0.0005,0.016,0.00512199,78.48,0.006,0.0,BTC-8NOV19-8000-P,9464.91,77.99,0.005,50.0,0.0055,1.0,79.96,2.37602,-9.44052,-0.22508,0.00012,-0.08253
9611.99,BTC-27DEC19,1572346742853,open,0.49,268.3,0.441,0.5315,0.48493947,85.49,0.7205,0.0,BTC-27DEC19-14000-P,9464.91,0.0,0.0,0.0,0.0,0.0,0.0,10.05336,-7.29869,-20.26574,8e-05,-0.82215
9611.99,BTC-27DEC19,1572346742853,open,4.0,0.0,3.8955,4.0955,3.99328179,0.0,None,0.0,BTC-27DEC19-48000-P,9464.91,0.0,0.0005,1.0,0.0,0.0,0.0,0.0,0.0,-77.42557,0.0,-1.0
9611.99,BTC-27DEC19,1572346742853,open,2.13,0.2,2.06,2.1885,2.12178078,103.57,2.03,0.0,BTC-27DEC19-30000-P,9464.91,0.0,0.0,0.0,0.0,0.0,0.0,0.6302,-0.5543,-48.31265,0.0,-0.99427
9611.99,BTC-27DEC19,1572346742854,open,0.31,73.4,0.2585,0.349,0.30399248,82.72,0.3635,0.0,BTC-27DEC19-12000-P,9464.91,57.51,0.2715,6.0,0.3425,7.0,108.68,13.57896,-9.53912,-15.44381,0.00011,-0.6921
9611.99,BTC-27DEC19,1572346742854,open,1.71,0.0,1.652,1.766,1.70642651,100.63,None,0.0,BTC-27DEC19-26000-P,9464.91,0.0,0.0,0.0,0.0,0.0,0.0,1.19758,-1.02341,-41.77707,1e-05,-0.98809
9490.72,SYN.BTC-8NOV19,1572346742850,open,0.01,21.1,0.0005,0.022,0.0074576,90.02,0.0065,0.0,BTC-8NOV19-11500-C,9464.91,86.85,0.0065,25.0,0.008,30.5,91.74,2.94901,-13.44126,0.26514,0.00013,0.11071
9765.57,BTC-27MAR20,1572346742854,open,0.53,58.9,0.466,0.589,0.52758885,83.54,0.5,0.0,BTC-27MAR20-14000-P,9464.91,67.01,0.4905,3.5,0.5745,3.0,102.81,22.99768,-6.40976,-47.51369,7e-05,-0.65731
9490.72,SYN.BTC-8NOV19,1572346742851,open,0.35,0.0,0.3175,0.3795,0.34655933,102.48,None,0.0,BTC-8NOV19-12750-P,9464.91,0.0,0.0,0.0,0.0,0.0,0.0,1.55225,-8.05421,-3.33515,6e-05,-0.95224
9473.23,SYN.BTC-1NOV19,1572346742850,open,0.0,580.5,0.0005,0.0105,0.00043617,118.7,0.0005,0.0,BTC-1NOV19-7500-P,9464.91,0.0,0.0,0.0,0.001,26.5,134.25,0.25537,-4.13196,-0.009,3e-05,-0.01162
9490.72,SYN.BTC-8NOV19,1572346742851,open,0.22,0.0,0.19,0.2515,0.21916064,90.0,None,0.0,BTC-8NOV19-11500-P,9464.91,0.0,0.0,0.0,0.0,0.0,0.0,2.94784,-13.43276,-2.84652,0.00013,-0.88935
9765.57,BTC-27MAR20,1572346742855,open,1.89,0.0,1.816,1.9625,1.8849456,95.88,None,0.0,BTC-27MAR20-28000-P,9464.91,0.0,0.0,0.0,0.0,0.0,0.0,9.27579,-2.96711,-112.48859,2e-05,-0.92031
9473.23,SYN.BTC-1NOV19,1572346742852,open,0.26,8.3,0.246,0.2765,0.26114065,120.71,0.2155,0.0,BTC-1NOV19-7000-C,9464.91,0.0,0.2525,3.0,0.2705,3.0,264.94,0.05344,-1.12153,0.54996,1e-05,0.99799
9473.23,SYN.BTC-1NOV19,1572346742852,open,0.0,194.2,0.0005,0.0105,9.4e-07,120.0,0.0005,0.0,BTC-1NOV19-6250-P,9464.91,0.0,0.0,0.0,0.001,8.9,221.95,0.00133,-0.00889,-3e-05,0.0,-4e-05
9543.19,SYN.BTC-29NOV19,1572346742853,open,0.48,0.0,0.442,0.517,0.47757973,91.13,None,0.0,BTC-29NOV19-14000-P,9464.91,0.0,0.014,1.0,0.0,0.0,0.0,4.6741,-6.89781,-11.16492,7e-05,-0.90547
9490.72,SYN.BTC-8NOV19,1572346742850,open,0.01,522.0,0.0005,0.0215,0.00787943,76.65,0.011,0.0,BTC-8NOV19-8250-P,9464.91,75.49,0.0075,25.0,0.009,14.5,79.97,3.12568,-12.13016,-0.32877,0.00017,-0.12015
9473.23,SYN.BTC-1NOV19,1572346742851,open,0.22,0.8,0.1905,0.243,0.21485437,109.25,0.2405,0.0,BTC-1NOV19-11500-P,9464.91,0.0,0.0005,0.6,0.0,0.0,0.0,0.50024,-9.50201,-0.88766,6e-05,-0.97446
9473.23,SYN.BTC-1NOV19,1572346742850,open,0.23,9.2,0.2195,0.251,0.23487013,120.3,0.22,0.0,BTC-1NOV19-7250-C,9464.91,0.0,0.2345,0.5,0.245,3.0,247.2,0.12723,-2.66123,0.56714,1e-05,0.99474
9490.72,SYN.BTC-8NOV19,1572346742851,open,0.37,0.0,0.355,0.383,0.3683396,120.03,None,0.0,BTC-8NOV19-6000-C,9464.91,0.0,0.36,4.0,0.377,4.0,197.76,0.33218,-2.01875,1.60216,1e-05,0.99227
9473.23,SYN.BTC-1NOV19,1572346742852,open,0.16,0.0,0.139,0.19,0.16271376,96.92,None,0.0,BTC-1NOV19-11000-P,9464.91,0.0,0.025,15.0,0.0,0.0,0.0,0.79903,-13.46509,-0.83411,0.00012,-0.95486
9490.72,SYN.BTC-8NOV19,1572346742853,open,0.0,190.2,0.0005,0.012,0.00225497,84.24,0.0025,0.0,BTC-8NOV19-7500-P,9464.91,82.33,0.002,25.1,0.0035,42.5,92.22,1.30459,-5.5643,-0.1047,6e-05,-0.03852
9473.23,SYN.BTC-1NOV19,1572346742850,open,0.24,0.0,0.2165,0.269,0.24096347,112.85,None,0.0,BTC-1NOV19-11750-P,9464.91,0.0,0.0005,0.1,0.0,0.0,0.0,0.36971,-7.25423,-0.91288,5e-05,-0.98214
9490.72,SYN.BTC-8NOV19,1572346742852,open,0.0,114.8,0.0005,0.0105,0.00076583,96.64,0.001,0.0,BTC-8NOV19-6750-P,9464.91,91.15,0.0005,2.2,0.0015,25.0,107.14,0.52604,-2.57378,-0.0356,2e-05,-0.0131
9543.19,SYN.BTC-29NOV19,1572346742850,open,0.28,9.7,0.255,0.297,0.27583329,82.18,0.107,0.0,BTC-29NOV19-7000-C,9464.91,0.0,0.2595,4.0,0.292,4.0,112.39,4.06248,-5.40649,5.21332,6e-05,0.92163
9851.93,SYN.BTC-26JUN20,1572346742852,open,0.74,0.0,0.667,0.8135,0.74036518,83.42,None,0.0,BTC-26JUN20-16000-P,9464.91,0.0,0.08,1.0,0.94,0.2,145.94,29.74137,-5.14996,-90.18934,6e-05,-0.64682
9473.23,SYN.BTC-1NOV19,1572346742850,open,0.29,0.5,0.273,0.3015,0.28748774,121.86,0.285,0.0,BTC-1NOV19-6750-C,9464.91,0.0,0.279,4.0,0.297,4.0,290.34,0.02086,-0.44196,0.53125,0.0,0.99928
9490.72,SYN.BTC-8NOV19,1572346742850,open,0.0,131.0,0.0005,0.0115,0.00159559,88.49,0.002,0.0,BTC-8NOV19-7250-P,9464.91,81.9,0.001,25.0,0.0025,30.5,96.12,0.98028,-4.39185,-0.07405,5e-05,-0.02724
9490.72,SYN.BTC-8NOV19,1572346742851,open,0.15,0.6,0.1165,0.1785,0.14698125,83.12,0.1265,0.0,BTC-8NOV19-10750-P,9464.91,0.0,0.0,0.0,0.0,0.0,0.0,4.36603,-18.37459,-2.43261,0.00022,-0.80034
9473.23,SYN.BTC-1NOV19,1572346742851,open,0.0,183.7,0.0005,0.0105,4.46e-06,120.0,0.0005,0.0,BTC-1NOV19-6500-P,9464.91,0.0,0.0,0.0,0.0005,11.0,184.73,0.00534,-0.04222,-0.00013,0.0,-0.00017
9473.23,SYN.BTC-1NOV19,1572346742850,open,0.0,186.1,0.0005,0.0105,0.00063341,113.02,0.001,0.0,BTC-1NOV19-11750-C,9464.91,109.35,0.0005,10.0,0.001,25.5,121.0,0.37227,-6.00042,0.01296,5e-05,0.018
9473.23,SYN.BTC-1NOV19,1572346742855,open,0.27,0.8,0.242,0.2955,0.26722788,118.41,0.294,0.0,BTC-1NOV19-12000-P,9464.91,0.0,0.0005,0.1,0.0,0.0,0.0,0.30029,-6.18246,-0.93535,4e-05,-0.98599
9490.72,SYN.BTC-8NOV19,1572346742853,open,0.25,0.0,0.215,0.276,0.24396766,91.64,None,0.0,BTC-8NOV19-11750-P,9464.91,0.0,0.015,25.0,0.0,0.0,0.0,2.53344,-11.75435,-2.96345,0.00011,-0.91008
9490.72,SYN.BTC-8NOV19,1572346742850,open,0.0,103.0,0.0005,0.013,0.00314944,102.53,0.0035,0.0,BTC-8NOV19-12750-C,9464.91,98.3,0.0025,30.0,0.004,42.5,107.37,1.55432,-8.0685,0.11477,6e-05,0.04784
9490.72,SYN.BTC-8NOV19,1572346742852,open,0.0,59.8,0.0005,0.0105,0.00077105,115.87,0.001,0.0,BTC-8NOV19-6250-P,9464.91,0.0,0.0,0.0,0.001,25.0,120.24,0.45559,-2.67271,-0.03048,2e-05,-0.0111
9490.72,SYN.BTC-8NOV19,1572346742851,open,0.16,68.6,0.141,0.1835,0.16219813,78.5,0.163,0.0,BTC-8NOV19-8000-C,9464.91,0.0,0.148,3.0,0.165,0.1,88.61,2.37699,-9.44657,1.93933,0.00012,0.91743
9543.19,SYN.BTC-29NOV19,1572346742853,open,0.33,0.0,0.2935,0.369,0.33014454,85.92,None,0.0,BTC-29NOV19-12500-P,9464.91,0.0,0.0125,1.0,0.0,0.0,0.0,7.0176,-9.76447,-9.36733,0.00011,-0.83023
9490.72,SYN.BTC-8NOV19,1572346742850,open,0.13,0.6,0.0935,0.1565,0.12479392,81.7,0.1175,0.0,BTC-8NOV19-10500-P,9464.91,70.0,0.119,0.6,0.0,0.0,0.0,4.92605,-20.37517,-2.25479,0.00025,-0.75328
9851.93,SYN.BTC-26JUN20,1572346742851,open,0.41,2.1,0.339,0.47,0.40617428,80.68,0.415,0.0,BTC-26JUN20-12000-P,9464.91,68.12,0.3655,2.0,0.448,2.0,93.62,31.91732,-5.34497,-58.22265,6e-05,-0.48934
9765.57,BTC-27MAR20,1572346742887,open,0.09,316.0,0.0525,0.137,0.09416572,83.62,0.101,0.0,BTC-27MAR20-14000-C,9464.91,82.28,0.091,10.0,0.0965,1.0,84.61,23.0059,-6.41808,9.97848,7e-05,0.34301
9765.57,BTC-27MAR20,1572346742917,open,0.04,438.7,0.017,0.0605,0.03692781,80.72,0.0405,0.0,BTC-27MAR20-6000-P,9464.91,77.93,0.0335,26.5,0.04,9.3,83.16,12.14712,-3.27126,-6.09257,4e-05,-0.11501
9765.57,BTC-27MAR20,1572346742921,open,0.04,438.7,0.017,0.0605,0.03692781,80.72,0.0405,0.0,BTC-27MAR20-6000-P,9464.91,77.93,0.0335,26.5,0.04,23.8,83.16,12.14712,-3.27126,-6.09257,4e-05,-0.11501
9473.23,SYN.BTC-1NOV19,1572346742930,open,0.06,241.4,0.034,0.081,0.0581564,74.92,0.059,0.0,BTC-1NOV19-9000-C,9464.91,74.31,0.058,5.1,0.061,0.9,85.61,2.42843,-31.63515,0.54566,0.00046,0.78925
9490.72,SYN.BTC-8NOV19,1572346742932,open,0.01,71.5,0.0015,0.028,0.01124929,84.99,0.011,0.0,BTC-8NOV19-11000-C,9464.91,84.37,0.011,0.1,0.012,20.0,86.83,3.83141,-16.48715,0.38746,0.00018,0.16214
9766.71,BTC-27MAR20,1572346742932,open,0.22,178.5,0.1655,0.2685,0.21822885,80.55,0.229,0.0,BTC-27MAR20-10000-P,9464.91,77.26,0.21,23.1,0.2245,4.0,83.06,24.41112,-6.55942,-25.43205,8e-05,-0.41593
9611.99,BTC-27DEC19,1572346742948,open,0.02,277.5,0.009,0.044,0.02425239,81.23,0.0285,0.0,BTC-27DEC19-7000-P,9464.91,79.72,0.023,20.0,0.0255,20.0,82.7,8.08606,-5.57781,-2.36301,7e-05,-0.12816
9543.19,SYN.BTC-29NOV19,1572346742950,open,0.02,1074.8,0.004,0.034,0.01608836,87.51,0.018,0.0,BTC-29NOV19-13000-C,9464.91,85.79,0.015,9.0,0.0165,20.0,88.15,6.13168,-8.68967,0.98792,9e-05,0.13847
9766.71,BTC-27MAR20,1572346742969,open,0.16,49.0,0.112,0.205,0.15919203,80.72,0.171,0.0,BTC-27MAR20-9000-P,9464.91,78.93,0.155,1.0,0.163,2.5,82.34,22.89162,-6.16415,-19.95769,7e-05,-0.33846
9543.19,SYN.BTC-29NOV19,1572346742967,open,0.04,246.2,0.019,0.065,0.04085479,77.29,0.039,0.0,BTC-29NOV19-8500-P,9464.91,75.33,0.039,16.0,0.04,10.0,76.39,9.09481,-11.38273,-2.47071,0.00015,-0.2652
9473.23,SYN.BTC-1NOV19,1572346742977,open,0.01,179.0,0.0005,0.021,0.00588082,84.44,0.007,0.0,BTC-1NOV19-10250-C,9464.91,82.62,0.0055,0.1,0.006,0.4,85.0,2.00618,-29.45398,0.11152,0.00034,0.15529
9543.19,SYN.BTC-29NOV19,1572346742973,open,0.06,203.6,0.0285,0.083,0.05530552,80.12,0.0575,0.0,BTC-29NOV19-10500-C,9464.91,77.59,0.0525,4.0,0.0565,26.0,81.2,10.60617,-13.76134,2.65801,0.00017,0.38457
9473.23,SYN.BTC-1NOV19,1572346742978,open,0.02,183.2,0.0015,0.0365,0.01609091,74.9,0.015,0.0,BTC-1NOV19-9250-P,9464.91,68.49,0.014,26.3,0.0165,0.4,76.15,3.10655,-40.45758,-0.27141,0.00059,-0.34756
9473.23,SYN.BTC-1NOV19,1572346742982,open,0.0,65.5,0.0005,0.0135,0.00251499,94.01,0.0025,0.0,BTC-1NOV19-10750-C,9464.91,89.45,0.002,0.9,0.0025,0.5,93.89,1.13296,-18.51971,0.05061,0.00017,0.07032
9543.19,SYN.BTC-29NOV19,1572346742980,open,0.02,232.0,0.005,0.032,0.01600575,80.03,0.0195,0.0,BTC-29NOV19-7500-P,9464.91,78.33,0.015,1.0,0.0165,5.5,80.85,5.7066,-7.39594,-1.13651,9e-05,-0.12478
9473.23,SYN.BTC-1NOV19,1572346743001,open,0.06,241.4,0.034,0.081,0.0581564,74.92,0.059,0.0,BTC-1NOV19-9000-C,9464.91,74.31,0.058,5.0,0.061,0.9,85.61,2.42843,-31.63515,0.54566,0.00046,0.78925
9490.72,SYN.BTC-8NOV19,1572346743093,open,0.02,118.2,0.0065,0.0465,0.02420086,81.02,0.0245,0.0,BTC-8NOV19-10250-C,9464.91,79.8,0.0235,0.2,0.025,32.6,82.41,5.46616,-22.42326,0.72037,0.00028,0.30473
9851.93,SYN.BTC-26JUN20,1572346743105,open,0.06,5.2,0.0285,0.108,0.06462626,86.99,0.063,0.0,BTC-26JUN20-22000-C,9464.91,84.81,0.0595,14.6,0.07,14.6,89.21,23.49079,-4.24188,9.88603,4e-05,0.21668
9473.23,SYN.BTC-1NOV19,1572346743189,open,0.06,241.4,0.034,0.081,0.0581564,74.92,0.059,0.0,BTC-1NOV19-9000-C,9464.91,74.31,0.058,5.8,0.061,0.9,85.61,2.42843,-31.63515,0.54566,0.00046,0.78925
9611.99,BTC-27DEC19,1572346743200,open,0.06,885.2,0.027,0.0865,0.05570108,82.83,0.0565,0.0,BTC-27DEC19-12000-C,9464.91,81.26,0.0535,16.1,0.0565,16.0,83.39,13.58621,-9.55641,3.91608,0.00011,0.30828
9766.71,BTC-27MAR20,1572346743214,open,0.13,637.3,0.086,0.178,0.13296815,81.74,0.136,0.0,BTC-27MAR20-12000-C,9464.91,79.97,0.1285,12.4,0.137,8.5,83.33,24.75339,-6.74975,12.62492,8e-05,0.44777
9766.71,BTC-27MAR20,1572346743214,open,0.16,49.0,0.112,0.205,0.15919203,80.72,0.171,0.0,BTC-27MAR20-9000-P,9464.91,78.93,0.155,1.0,0.1635,5.0,82.55,22.89162,-6.16415,-19.95769,7e-05,-0.33846
9766.71,BTC-27MAR20,1572346743224,open,0.16,49.0,0.112,0.205,0.15919203,80.72,0.171,0.0,BTC-27MAR20-9000-P,9464.91,78.93,0.155,1.0,0.1635,15.1,82.55,22.89162,-6.16415,-19.95769,7e-05,-0.33846
9543.19,SYN.BTC-29NOV19,1572346743226,open,0.06,203.6,0.0285,0.083,0.05530552,80.12,0.0575,0.0,BTC-29NOV19-10500-C,9464.91,77.14,0.052,16.0,0.0565,26.0,81.2,10.60617,-13.76134,2.65801,0.00017,0.38457
9611.99,BTC-27DEC19,1572346743225,open,0.15,511.0,0.11,0.191,0.15091693,79.72,0.151,0.0,BTC-27DEC19-10000-P,9464.91,77.9,0.148,12.0,0.154,7.0,81.64,15.39062,-10.41947,-9.86652,0.00013,-0.48545
9543.19,SYN.BTC-29NOV19,1572346743229,open,0.02,232.0,0.005,0.032,0.01600575,80.03,0.0195,0.0,BTC-29NOV19-7500-P,9464.91,78.33,0.015,1.0,0.017,20.0,81.68,5.7066,-7.39594,-1.13651,9e-05,-0.12478
9613.13,BTC-27DEC19,1572346743233,open,0.1,815.9,0.059,0.129,0.09388885,79.77,0.0935,0.0,BTC-27DEC19-9000-P,9464.91,77.17,0.09,16.0,0.095,16.0,80.51,14.40535,-9.75848,-6.99501,0.00012,-0.35722
9490.72,SYN.BTC-8NOV19,1572346743241,open,0.05,228.6,0.0235,0.0745,0.04908367,75.55,0.046,0.0,BTC-8NOV19-9500-C,9464.91,73.9,0.048,10.0,0.0515,5.0,79.24,6.21881,-23.78789,1.21347,0.00034,0.52164
9611.99,BTC-27DEC19,1572346743305,open,0.04,369.6,0.0155,0.059,0.03569559,80.14,0.037,0.0,BTC-27DEC19-7500-P,9464.91,78.5,0.034,33.0,0.037,16.0,81.39,9.97722,-6.79024,-3.27791,8e-05,-0.17572
9473.23,SYN.BTC-1NOV19,1572346743319,open,0.08,239.0,0.0585,0.1025,0.08051805,78.1,0.085,0.0,BTC-1NOV19-8750-C,9464.91,78.0,0.0805,5.0,0.0835,0.1,93.27,1.67169,-22.70101,0.59748,0.0003,0.88105
9490.72,SYN.BTC-8NOV19,1572346743318,open,0.01,172.5,0.0005,0.016,0.00512199,78.48,0.006,0.0,BTC-8NOV19-8000-P,9464.91,77.99,0.005,75.0,0.0055,1.0,79.96,2.37602,-9.44052,-0.22508,0.00012,-0.08253
9473.23,SYN.BTC-1NOV19,1572346743332,open,0.09,8.5,0.062,0.1155,0.08787087,84.41,0.087,0.0,BTC-1NOV19-10250-P,9464.91,69.14,0.085,0.8,0.088,5.9,85.02,2.00546,-29.43399,-0.6961,0.00034,-0.84479
9473.23,SYN.BTC-1NOV19,1572346743345,open,0.01,179.0,0.0005,0.021,0.00588082,84.44,0.007,0.0,BTC-1NOV19-10250-C,9464.91,82.62,0.0055,0.1,0.006,0.5,85.0,2.00618,-29.45398,0.11152,0.00034,0.15529
9766.71,BTC-27MAR20,1572346743412,open,0.07,38.0,0.0375,0.0995,0.067474,80.72,0.073,0.0,BTC-27MAR20-7000-P,9464.91,77.48,0.062,32.3,0.0705,13.3,82.49,16.61445,-4.47396,-10.06008,5e-05,-0.18338
191.27,ETH-27DEC19,1572346743448,open,3.01,0.0,2.859,3.097,2.974018,120.0,None,0.0,ETH-27DEC19-760-P,188.09,0.0,0.0,0.0,0.0,0.0,0.0,0.00986,-0.01005,-1.22473,0.00014,-0.99562
191.27,ETH-27DEC19,1572346743448,open,0.0,11024.0,0.001,0.014,0.004173,115.62,0.005,0.0,ETH-27DEC19-520-C,188.09,110.47,0.003,360.0,0.005,160.0,118.7,0.04837,-0.04749,0.00714,0.00071,0.02733
191.24,ETH-27DEC19,1572346743449,open,0.02,5563.0,0.005,0.029,0.014865,93.01,0.015,0.0,ETH-27DEC19-120-P,188.09,87.77,0.012,820.0,0.015,160.0,93.24,0.10953,-0.08651,-0.02795,0.002,-0.07573
193.4,ETH-27MAR20,1572346743449,open,0.04,966.0,0.015,0.073,0.040761,97.92,0.039,0.0,ETH-27MAR20-440-C,188.09,94.78,0.036,560.0,0.045,560.0,100.58,0.30097,-0.09832,0.09433,0.002,0.15954
193.4,ETH-27MAR20,1572346743449,open,0.32,0.0,0.246,0.373,0.312157,88.04,None,0.0,ETH-27MAR20-220-P,188.09,75.07,0.279,4.0,0.327,300.0,93.86,0.4937,-0.14501,-0.62797,0.00365,-0.4786
191.24,ETH-27DEC19,1572346743449,open,0.01,4105.0,0.001,0.016,0.006577,100.48,0.009,0.0,ETH-27DEC19-100-P,188.09,91.1,0.004,820.0,0.007,160.0,101.81,0.05973,-0.05097,-0.01291,0.00101,-0.03527
191.24,ETH-27DEC19,1572346743449,open,1.75,37.0,1.641,1.813,1.722843,113.89,0.707,0.0,ETH-27DEC19-520-P,188.09,0.0,0.002,25.0,0.0,0.0,0.0,0.04505,-0.04357,-0.83219,0.00067,-0.9749
193.4,ETH-27MAR20,1572346743449,open,0.4,169.0,0.32,0.456,0.390507,89.5,0.4,0.0,ETH-27MAR20-240-P,188.09,80.23,0.367,300.0,0.429,4.0,104.57,0.49242,-0.14702,-0.73556,0.00358,-0.53573
193.4,ETH-27MAR20,1572346743449,open,0.13,4423.0,0.082,0.171,0.127642,88.06,0.143,0.0,ETH-27MAR20-160-P,188.09,84.44,0.12,565.0,0.132,265.0,90.12,0.40843,-0.11999,-0.31439,0.00302,-0.26825
193.4,ETH-27MAR20,1572346743450,open,0.57,158.0,0.481,0.63,0.557531,91.2,0.62,0.0,ETH-27MAR20-280-P,188.09,78.63,0.528,42.0,0.567,1.0,95.1,0.46649,-0.14193,-0.94578,0.00333,-0.63343
193.4,ETH-27MAR20,1572346743450,open,0.75,7.0,0.657,0.814,0.735652,92.19,0.945,0.0,ETH-27MAR20-320-P,188.09,0.0,0.0,0.0,0.753,1.0,99.92,0.42336,-0.1302,-1.14904,0.00299,-0.71125
195.12,SYN.ETH-26JUN20,1572346743449,open,0.08,10.0,0.039,0.128,0.083053,95.02,0.041,0.0,ETH-26JUN20-440-C,188.09,92.66,0.077,294.0,0.088,444.0,96.91,0.50605,-0.09981,0.21782,0.00212,0.25222
189.77,SYN.ETH-29NOV19,1572346743449,open,0.18,100.0,0.153,0.219,0.188308,83.31,0.185,0.0,ETH-29NOV19-160-C,188.09,61.84,0.172,320.0,0.205,320.0,102.64,0.15662,-0.21129,0.09746,0.00617,0.79544
195.12,SYN.ETH-26JUN20,1572346743448,open,0.46,0.0,0.425,0.504,0.468169,89.7,None,0.0,ETH-26JUN20-120-C,188.09,72.66,0.437,150.0,0.5,150.0,106.07,0.37148,-0.06917,0.49016,0.00165,0.84883
195.12,SYN.ETH-26JUN20,1572346743449,open,0.27,142.0,0.21,0.322,0.271031,88.21,0.284,0.0,ETH-26JUN20-200-C,188.09,85.93,0.264,267.0,0.279,417.0,90.81,0.60005,-0.10987,0.45831,0.00271,0.62696
195.12,SYN.ETH-26JUN20,1572346743449,open,0.21,206.0,0.149,0.262,0.210107,88.43,0.227,0.0,ETH-26JUN20-240-C,188.09,86.85,0.205,273.0,0.219,423.0,91.19,0.63076,-0.11578,0.40972,0.00284,0.5283
195.12,SYN.ETH-26JUN20,1572346743449,open,0.07,0.0,0.032,0.116,0.072389,96.32,None,0.0,ETH-26JUN20-480-C,188.09,93.65,0.066,296.0,0.078,446.0,98.6,0.47403,-0.09478,0.19506,0.00196,0.22388
195.12,SYN.ETH-26JUN20,1572346743448,open,0.18,123.0,0.121,0.224,0.174343,88.36,0.174,0.0,ETH-26JUN20-160-P,188.09,84.83,0.165,410.0,0.179,260.0,90.12,0.51678,-0.09478,-0.56263,0.00233,-0.2626
195.12,SYN.ETH-26JUN20,1572346743449,open,0.98,0.0,0.865,1.052,0.959598,92.49,None,0.0,ETH-26JUN20-360-P,188.09,0.0,0.0,0.0,0.982,1.0,99.96,0.57414,-0.11023,-2.09814,0.00247,-0.66984
195.12,SYN.ETH-26JUN20,1572346743450,open,0.06,11.0,0.023,0.097,0.05689,98.81,0.056,0.0,ETH-26JUN20-560-C,188.09,95.5,0.05,450.0,0.061,300.0,100.7,0.41713,-0.08555,0.15959,0.00168,0.18083
195.12,SYN.ETH-26JUN20,1572346743449,open,0.11,185.0,0.063,0.164,0.114559,92.49,0.133,0.0,ETH-26JUN20-360-C,188.09,90.25,0.108,288.0,0.121,438.0,94.67,0.57414,-0.11023,0.27762,0.00247,0.33016
195.12,SYN.ETH-26JUN20,1572346743449,open,0.03,0.0,0.013,0.047,0.028749,94.85,None,0.0,ETH-26JUN20-80-P,188.09,90.95,0.025,150.0,0.033,450.0,99.05,0.19247,-0.03789,-0.1162,0.00081,-0.06149
188.65,SYN.ETH-8NOV19,1572346743450,open,0.01,134.0,0.001,0.021,0.00725,84.02,0.013,0.0,ETH-8NOV19-160-P,188.09,75.83,0.005,501.0,0.008,200.0,86.5,0.05591,-0.23782,-0.00566,0.00691,-0.10367
195.12,SYN.ETH-26JUN20,1572346743449,open,0.09,300.0,0.049,0.144,0.09651,93.65,0.085,0.0,ETH-26JUN20-400-C,188.09,91.28,0.09,291.0,0.102,441.0,95.62,0.53963,-0.10491,0.24486,0.00229,0.28667
195.12,SYN.ETH-26JUN20,1572346743451,open,0.4,50.0,0.357,0.448,0.406577,88.64,0.325,0.0,ETH-26JUN20-140-C,188.09,77.94,0.382,150.0,0.42,150.0,94.43,0.45141,-0.08306,0.49911,0.00203,0.79419
188.65,SYN.ETH-8NOV19,1572346743452,open,0.0,142.0,0.001,0.016,0.004589,106.48,0.004,0.0,ETH-8NOV19-250-C,188.09,97.89,0.003,200.0,0.006,200.0,112.82,0.03899,-0.21019,0.00304,0.0038,0.06425
193.4,ETH-27MAR20,1572346743458,open,0.75,7.0,0.657,0.814,0.735652,92.19,0.945,0.0,ETH-27MAR20-320-P,188.09,0.0,0.0,0.0,0.754,1.0,100.36,0.42336,-0.1302,-1.14904,0.00299,-0.71125
195.12,SYN.ETH-26JUN20,1572346743460,open,0.98,0.0,0.865,1.052,0.959598,92.49,None,0.0,ETH-26JUN20-360-P,188.09,0.0,0.0,0.0,0.983,1.0,100.29,0.57414,-0.11023,-2.09814,0.00247,-0.66984
193.4,ETH-27MAR20,1572346743464,open,0.19,1699.0,0.128,0.232,0.1815,88.05,0.18,0.0,ETH-27MAR20-180-P,188.09,82.75,0.169,243.0,0.186,543.0,89.97,0.45467,-0.13356,-0.41504,0.00336,-0.34113
9543.19,SYN.BTC-29NOV19,1572346743469,open,0.16,5.0,0.1185,0.1915,0.15556469,80.12,0.15,0.0,BTC-29NOV19-10500-P,9464.91,61.16,0.135,3.0,0.1875,3.0,108.31,10.60605,-13.76019,-6.2241,0.00017,-0.61545
9765.57,BTC-27MAR20,1572346743484,open,0.35,10.5,0.314,0.385,0.35069926,80.75,0.281,0.0,BTC-27MAR20-7000-C,9464.91,67.19,0.3285,16.5,0.365,7.5,88.99,16.61855,-4.47713,18.67638,5e-05,0.81651
9489.58,SYN.BTC-8NOV19,1572346743494,open,0.05,228.6,0.0235,0.0745,0.04908106,75.63,0.046,0.0,BTC-8NOV19-9500-C,9464.91,73.22,0.0475,15.0,0.0515,5.0,79.33,6.21836,-23.81222,1.21242,0.00034,0.52129
9766.71,BTC-27MAR20,1572346743524,open,0.13,637.3,0.086,0.178,0.13296423,81.74,0.136,0.0,BTC-27MAR20-12000-C,9464.91,79.97,0.1285,21.4,0.137,8.5,83.33,24.75339,-6.74975,12.62492,8e-05,0.44777
9766.71,BTC-27MAR20,1572346743549,open,0.07,997.0,0.032,0.107,0.06750371,84.93,0.0705,0.0,BTC-27MAR20-16000-C,9464.91,82.99,0.0635,30.0,0.0715,26.0,86.82,20.40982,-5.78258,7.82956,6e-05,0.26274
9490.72,SYN.BTC-8NOV19,1572346743593,open,0.06,41.7,0.035,0.0885,0.06263801,75.55,0.064,0.0,BTC-8NOV19-9250-C,9464.91,72.96,0.061,15.0,0.0655,19.0,80.07,6.00689,-22.97751,1.39524,0.00033,0.60598
9490.72,SYN.BTC-8NOV19,1572346743611,open,0.08,78.8,0.051,0.104,0.07844781,75.55,0.107,0.0,BTC-8NOV19-9000-C,9464.91,73.05,0.077,15.0,0.0815,19.0,80.76,5.52526,-21.13547,1.56446,0.0003,0.6877
9765.41,BTC-27MAR20,1572346743633,open,0.04,396.5,0.0135,0.07,0.03797748,87.99,0.0355,0.0,BTC-27MAR20-20000-C,9464.91,86.71,0.036,20.0,0.04,0.2,89.27,15.30056,-4.49145,4.94139,4e-05,0.16121
9490.72,SYN.BTC-8NOV19,1572346743644,open,0.07,7.3,0.0375,0.0955,0.06649608,77.76,0.066,0.0,BTC-8NOV19-9750-P,9464.91,71.6,0.0625,15.0,0.067,15.0,78.54,6.16127,-24.25766,-1.60449,0.00033,-0.55834
9473.23,SYN.BTC-1NOV19,1572346743654,open,0.09,8.5,0.062,0.1155,0.08787582,84.41,0.087,0.0,BTC-1NOV19-10250-P,9464.91,69.14,0.085,0.8,0.088,0.9,85.02,2.00546,-29.43399,-0.6961,0.00034,-0.84479
9766.71,BTC-27MAR20,1572346743678,open,0.29,263.2,0.246,0.329,0.28934799,80.72,0.293,0.0,BTC-27MAR20-8000-C,9464.91,78.14,0.284,5.0,0.2925,12.9,82.24,20.28657,-5.46292,18.08653,6e-05,0.74034
9611.99,BTC-27DEC19,1572346743730,open,0.11,692.2,0.0735,0.1455,0.1106289,79.8,0.1165,0.0,BTC-27DEC19-10000-C,9464.91,77.5,0.107,20.3,0.1125,12.0,80.94,15.39045,-10.42996,6.26358,0.00013,0.51467
9542.04,SYN.BTC-29NOV19,1572346743737,open,0.12,349.9,0.087,0.1475,0.11832587,77.35,0.1285,0.0,BTC-29NOV19-9000-C,9464.91,75.2,0.116,16.0,0.121,21.0,79.81,10.32977,-12.93844,4.25295,0.00017,0.64522
9473.23,SYN.BTC-1NOV19,1572346743744,open,0.01,204.0,0.0005,0.0245,0.00819767,74.9,0.008,0.0,BTC-1NOV19-9000-P,9464.91,72.16,0.0075,20.8,0.008,0.9,74.13,2.42805,-31.62184,-0.16337,0.00046,-0.21069
9473.23,SYN.BTC-1NOV19,1572346743746,open,0.05,103.8,0.019,0.0715,0.04529407,78.84,0.0475,0.0,BTC-1NOV19-9750-P,9464.91,68.74,0.042,0.8,0.045,0.4,77.96,3.12499,-42.83633,-0.5165,0.00056,-0.64674
9542.04,SYN.BTC-29NOV19,1572346743766,open,0.12,349.9,0.087,0.1475,0.11832587,77.35,0.1285,0.0,BTC-29NOV19-9000-C,9464.91,75.2,0.116,4.0,0.121,21.0,79.81,10.32977,-12.93844,4.25295,0.00017,0.64522
9490.72,SYN.BTC-8NOV19,1572346743773,open,0.11,14.0,0.0725,0.1355,0.10420143,81.01,0.1015,0.0,BTC-8NOV19-10250-P,9464.91,71.8,0.099,15.0,0.104,5.0,80.67,5.46593,-22.41951,-2.05299,0.00028,-0.69529
9490.72,SYN.BTC-8NOV19,1572346743774,open,0.07,7.3,0.0375,0.0955,0.06649608,77.76,0.066,0.0,BTC-8NOV19-9750-P,9464.91,71.6,0.0625,15.0,0.067,20.0,78.54,6.16127,-24.25766,-1.60449,0.00033,-0.55834
9473.23,SYN.BTC-1NOV19,1572346743796,open,0.01,204.0,0.0005,0.0245,0.00819767,74.9,0.008,0.0,BTC-1NOV19-9000-P,9464.91,72.16,0.0075,20.8,0.0085,0.9,76.08,2.42805,-31.62184,-0.16337,0.00046,-0.21069
9611.99,BTC-27DEC19,1572346743805,open,0.11,692.2,0.0735,0.1455,0.1106289,79.8,0.1165,0.0,BTC-27DEC19-10000-C,9464.91,77.5,0.107,20.3,0.112,10.0,80.62,15.39045,-10.42996,6.26358,0.00013,0.51467
9490.72,SYN.BTC-8NOV19,1572346743813,open,0.09,30.5,0.0535,0.1145,0.0842227,78.93,0.08,0.0,BTC-8NOV19-10000-P,9464.91,72.07,0.08,15.0,0.0845,15.0,79.38,5.88278,-23.50772,-1.83969,0.00031,-0.63221
9765.41,BTC-27MAR20,1572346743840,open,0.03,149.5,0.007,0.0515,0.02454383,91.81,0.033,0.0,BTC-27MAR20-24000-C,9464.91,89.18,0.0215,33.0,0.027,13.0,93.82,11.65547,-3.57002,3.36881,3e-05,0.10856
9543.19,SYN.BTC-29NOV19,1572346743846,open,0.15,743.6,0.12,0.178,0.15016877,77.29,0.1455,0.0,BTC-29NOV19-8500-C,9464.91,74.47,0.1475,4.0,0.149,26.9,76.06,9.09497,-11.38373,4.71941,0.00015,0.73479
9472.09,SYN.BTC-1NOV19,1572346743848,open,0.1,450.9,0.0845,0.1265,0.10504959,85.0,0.106,0.0,BTC-1NOV19-8500-C,9464.91,80.11,0.1045,5.1,0.108,0.1,105.14,1.13355,-16.75243,0.61535,0.00019,0.92962
9765.57,BTC-27MAR20,1572346743870,open,0.05,263.4,0.021,0.0865,0.05044256,86.73,0.05,0.0,BTC-27MAR20-18000-C,9464.91,85.09,0.0475,19.0,0.054,17.5,88.65,17.80242,-5.15124,6.21444,5e-05,0.20544
9765.41,BTC-27MAR20,1572346743878,open,0.89,0.0,0.832,0.959,0.89345589,86.6,1.23,0.0,BTC-27MAR20-18000-P,9464.96,0.0,0.0,0.0,0.0,0.0,0.0,17.7704,-5.13401,-67.71175,5e-05,-0.79518
9765.41,BTC-27MAR20,1572346743878,open,1.09,5.2,1.024,1.153,1.08576435,87.83,1.108,0.0,BTC-27MAR20-20000-P,9464.96,0.0,0.0,0.0,0.0,0.0,0.0,15.25638,-4.47008,-77.20049,4e-05,-0.8395
9612.05,BTC-27DEC19,1572346743878,open,3.58,0.0,3.4875,3.672,3.57729224,0.0,3.46,0.0,BTC-27DEC19-44000-P,9464.96,0.0,0.001,1.0,0.0,0.0,0.0,0.0,0.0,-70.97344,0.0,-1.0
9612.05,BTC-27DEC19,1572346743879,open,0.0,439.1,0.0005,0.0105,0.00076904,109.87,0.001,0.0,BTC-27DEC19-32000-C,9464.96,0.0,0.0,0.0,0.0015,39.0,117.96,0.66852,-0.6238,0.08305,0.0,0.00613
9612.05,BTC-27DEC19,1572346743878,open,4.42,0.8,4.3035,4.52,4.40933157,0.0,3.59,0.0,BTC-27DEC19-52000-P,9464.96,0.0,0.001,1.0,0.0,0.0,0.0,0.0,0.0,-83.8777,0.0,-1.0
9765.41,BTC-27MAR20,1572346743878,open,0.71,1.1,0.644,0.7695,0.7057217,84.83,1.08,0.0,BTC-27MAR20-16000-P,9464.96,0.0,0.0,0.0,0.0,0.0,0.0,20.38706,-5.76976,-57.88174,6e-05,-0.73777
9612.05,BTC-27DEC19,1572346743879,open,1.3,4.9,1.245,1.3455,1.29259305,98.18,1.0385,0.0,BTC-27DEC19-22000-P,9464.96,0.0,0.0,0.0,0.0,0.0,0.0,2.51939,-2.10055,-35.10328,2e-05,-0.97147
9765.41,BTC-27MAR20,1572346743879,open,2.7,0.0,2.617,2.7855,2.69631018,101.21,None,0.0,BTC-27MAR20-36000-P,9464.96,0.0,0.0,0.0,0.0,0.0,0.0,6.01127,-2.02961,-146.38204,2e-05,-0.95425
9612.05,BTC-27DEC19,1572346743879,open,0.59,30.9,0.576,0.5965,0.58555716,103.85,0.5735,0.0,BTC-27DEC19-4000-C,9464.96,0.0,0.578,10.0,0.5925,10.0,138.74,1.06745,-0.94147,6.26402,1e-05,0.98957
9612.05,BTC-27DEC19,1572346743879,open,0.39,102.4,0.367,0.4065,0.38635946,85.74,0.4,0.0,BTC-27DEC19-6000-C,9464.96,0.0,0.37,8.0,0.398,8.0,105.68,4.69962,-3.42188,8.55776,4e-05,0.93831
9612.05,BTC-27DEC19,1572346743879,open,0.0,502.5,0.0005,0.0105,0.00097946,109.78,0.0015,0.0,BTC-27DEC19-3500-P,9464.96,101.08,0.0005,15.4,0.0015,19.0,116.33,0.65691,-0.61242,-0.1083,0.0,-0.00601
9489.58,SYN.BTC-8NOV19,1572346743878,open,0.01,567.1,0.002,0.029,0.01232156,76.08,0.0125,0.0,BTC-8NOV19-8500-P,9464.96,74.11,0.0115,21.0,0.0135,28.0,78.84,3.99354,-15.38234,-0.47568,0.00022,-0.17294
9612.05,BTC-27DEC19,1572346743879,open,0.53,11.6,0.523,0.5475,0.53453434,97.84,0.441,0.0,BTC-27DEC19-4500-C,9464.96,0.0,0.5255,9.0,0.5415,9.0,125.24,1.60056,-1.32984,6.95836,1e-05,0.98333
9765.41,BTC-27MAR20,1572346743879,open,2.29,0.0,2.216,2.3725,2.28956258,98.37,None,0.0,BTC-27MAR20-32000-P,9464.96,0.0,0.001,1.0,0.0,0.0,0.0,7.30563,-2.39756,-129.56183,2e-05,-0.94152
9765.46,BTC-27MAR20,1572346743880,open,0.6,1.3,0.585,0.6135,0.59823432,86.54,0.493,0.0,BTC-27MAR20-4000-C,9464.96,0.0,0.5865,6.0,0.6065,6.0,102.29,4.21036,-1.21561,14.92349,1e-05,0.9704
9765.46,BTC-27MAR20,1572346743880,open,3.11,1.0,3.018,3.1995,3.10383553,103.57,2.7125,0.0,BTC-27MAR20-40000-P,9464.96,0.0,0.0005,2.0,0.0,0.0,0.0,5.00503,-1.72932,-163.09495,1e-05,-0.9635
9612.1,BTC-27DEC19,1572346743880,open,0.43,73.5,0.4185,0.452,0.43449397,88.71,0.266,0.0,BTC-27DEC19-5500-C,9464.96,0.0,0.421,8.0,0.4465,8.0,114.62,3.35918,-2.53062,8.14032,3e-05,0.95952
9765.46,BTC-27MAR20,1572346743880,open,0.42,19.3,0.394,0.4505,0.42254391,80.74,0.4265,0.0,BTC-27MAR20-6000-C,9464.96,60.43,0.4005,5.0,0.4375,5.0,92.17,12.14976,-3.27277,18.54206,4e-05,0.88495
9765.46,BTC-27MAR20,1572346743880,open,1.49,0.0,1.418,1.554,1.48215767,91.79,None,0.0,BTC-27MAR20-24000-P,9464.96,0.0,0.0015,1.0,0.0,0.0,0.0,11.64893,-3.56711,-95.18189,3e-05,-0.89153
9612.1,BTC-27DEC19,1572346743880,open,0.69,10.0,0.679,0.6985,0.68860761,120.69,0.618,0.0,BTC-27DEC19-3000-C,9464.96,0.0,0.681,11.0,0.696,11.0,177.26,0.46649,-0.47812,4.76462,0.0,0.99591
9612.1,BTC-27DEC19,1572346743880,open,2.33,0.3,2.2645,2.3995,2.32994437,110.41,1.875,0.0,BTC-27DEC19-32000-P,9464.96,0.0,0.0005,0.1,0.0,0.0,0.0,0.69294,-0.64975,-51.53067,0.0,-0.99362
9612.1,BTC-27DEC19,1572346743881,open,0.0,604.5,0.0005,0.0105,0.00018601,120.0,0.0015,0.0,BTC-27DEC19-2500-P,9464.96,0.0,0.0,0.0,0.001,150.0,144.77,0.15381,-0.15675,-0.02151,0.0,-0.0012
9765.46,BTC-27MAR20,1572346743881,open,2.5,0.0,2.4165,2.579,2.49300103,100.16,None,0.0,BTC-27MAR20-34000-P,9464.96,0.0,0.0,0.0,0.0,0.0,0.0,6.69011,-2.2354,-137.96745,2e-05,-0.94769
9612.1,BTC-27DEC19,1572346743881,open,0.0,695.6,0.0005,0.0105,0.00081516,119.56,0.0005,0.0,BTC-27DEC19-36000-C,9464.96,114.09,0.0005,0.5,0.001,0.5,122.05,0.65994,-0.67005,0.08096,0.0,0.00604
9612.1,BTC-27DEC19,1572346743881,open,0.3,65.6,0.2695,0.322,0.29601431,81.24,0.3125,0.0,BTC-27DEC19-7000-C,9464.96,42.33,0.2735,8.0,0.315,8.0,101.81,8.08718,-5.5796,8.92766,7e-05,0.87182
9850.62,SYN.BTC-26JUN20,1572346743878,open,0.53,0.0,0.5015,0.553,0.52724597,80.41,None,0.0,BTC-26JUN20-5000-C,9464.96,63.74,0.5085,5.0,0.545,5.0,93.41,12.58059,-2.0998,25.13075,2e-05,0.91383
9612.1,BTC-27DEC19,1572346743882,open,0.0,562.6,0.0005,0.0105,0.0004239,120.0,0.001,0.0,BTC-27DEC19-40000-C,9464.96,0.0,0.0,0.0,0.001,19.0,130.12,0.38361,-0.39093,0.04441,0.0,0.00329
9612.1,BTC-27DEC19,1572346743882,open,1.92,0.1,1.8565,1.9765,1.91430912,105.42,1.49,0.0,BTC-27DEC19-28000-P,9464.96,0.0,0.0,0.0,0.0,0.0,0.0,1.05985,-0.94886,-45.02488,1e-05,-0.98965
9612.1,BTC-27DEC19,1572346743883,open,0.0,941.1,0.0005,0.011,0.0010514,108.37,0.004,0.0,BTC-27DEC19-30000-C,9464.96,100.52,0.0005,19.0,0.0015,20.0,112.71,0.8697,-0.80039,0.11166,1e-05,0.00825
9472.09,SYN.BTC-1NOV19,1572346743879,open,0.0,441.1,0.0005,0.0105,0.0001802,119.95,0.0005,0.0,BTC-1NOV19-7250-P,9464.96,0.0,0.0,0.0,0.0005,0.5,136.22,0.12524,-1.70685,-0.00399,1e-05,-0.00517
9489.58,SYN.BTC-8NOV19,1572346743879,open,0.29,0.5,0.2745,0.3055,0.28954508,98.1,0.2365,0.0,BTC-8NOV19-6750-C,9464.96,0.0,0.28,4.0,0.301,4.0,168.64,0.56385,-2.8005,1.78768,2e-05,0.9858
9489.58,SYN.BTC-8NOV19,1572346743882,open,0.32,10.8,0.3015,0.331,0.31572844,104.49,0.305,0.0,BTC-8NOV19-6500-C,9464.96,0.0,0.306,4.0,0.3255,4.0,175.09,0.45511,-2.40771,1.72845,2e-05,0.98891
9472.09,SYN.BTC-1NOV19,1572346743878,open,0.0,245.6,0.0005,0.0105,0.0007099,111.61,0.0005,0.0,BTC-1NOV19-7750-P,9464.96,105.93,0.0005,61.8,0.001,0.5,117.92,0.38964,-6.7242,-0.01471,5e-05,-0.019
9612.1,BTC-27DEC19,1572346743885,open,4.0,0.0,3.8965,4.096,3.99387908,123.64,None,0.0,BTC-27DEC19-48000-P,9464.96,0.0,0.0005,1.0,0.0,0.0,0.0,0.1761,-0.1849,-77.40666,0.0,-0.99861
9542.04,SYN.BTC-29NOV19,1572346743880,open,0.24,0.0,0.2005,0.276,0.23809574,82.63,None,0.0,BTC-29NOV19-11500-P,9464.96,0.0,0.01,5.0,0.319,4.0,158.06,8.92558,-11.94325,-7.92909,0.00014,-0.74424
9850.62,SYN.BTC-26JUN20,1572346743883,open,1.11,0.0,1.032,1.1855,1.10677995,85.51,None,0.0,BTC-26JUN20-20000-P,9464.96,0.0,0.1,1.0,2.0,1.0,500.0,25.46888,-4.52065,-120.65706,5e-05,-0.74927
9542.04,SYN.BTC-29NOV19,1572346743882,open,0.32,0.3,0.307,0.343,0.32450946,86.51,0.31,0.0,BTC-29NOV19-6500-C,9464.96,0.0,0.3115,4.0,0.339,4.0,121.21,2.83096,-3.96621,5.0543,4e-05,0.95068
9489.58,SYN.BTC-8NOV19,1572346743879,open,0.32,0.0,0.292,0.354,0.32079926,99.49,None,0.0,BTC-8NOV19-12500-P,9464.96,0.0,0.0,0.0,0.0,0.0,0.0,1.72632,-8.69578,-3.25106,7e-05,-0.9454
9489.58,SYN.BTC-8NOV19,1572346743880,open,0.02,13.9,0.0025,0.033,0.01430123,83.18,0.016,0.0,BTC-8NOV19-10750-C,9464.96,80.31,0.013,20.0,0.015,0.1,84.69,4.36485,-18.38276,0.47578,0.00022,0.19961
9472.09,SYN.BTC-1NOV19,1572346743882,open,0.31,0.8,0.3,0.3275,0.31386076,151.93,0.23,0.0,BTC-1NOV19-6500-C,9464.96,0.0,0.3055,4.0,0.322,4.0,304.01,0.0562,-1.48455,0.51046,1e-05,0.99788
9472.09,SYN.BTC-1NOV19,1572346743881,open,0.0,107.6,0.0005,0.0105,0.0009142,109.42,0.001,0.0,BTC-1NOV19-11500-C,9464.96,100.07,0.0005,9.0,0.0015,25.5,118.82,0.5022,-8.65941,0.01847,6e-05,0.02566
9489.58,SYN.BTC-8NOV19,1572346743878,open,0.0,67.5,0.0005,0.0105,0.00053254,119.91,0.0005,0.0,BTC-8NOV19-6000-P,9464.96,0.0,0.0,0.0,0.002,26.0,145.39,0.33076,-2.00801,-0.02113,1e-05,-0.0077
9489.58,SYN.BTC-8NOV19,1572346743881,open,0.0,278.4,0.0005,0.011,0.00101366,91.23,0.0015,0.0,BTC-8NOV19-7000-P,9464.96,82.42,0.0005,25.3,0.002,41.5,102.16,0.6827,-3.15345,-0.04817,3e-05,-0.01775
9489.58,SYN.BTC-8NOV19,1572346743880,open,0.01,36.7,0.0005,0.017,0.00503613,94.67,0.0055,0.0,BTC-8NOV19-12000-C,9464.96,90.02,0.004,25.0,0.0055,0.2,96.59,2.24184,-10.74506,0.18334,0.0001,0.07644
9489.58,SYN.BTC-8NOV19,1572346743881,open,0.14,125.0,0.1155,0.1615,0.13861026,76.92,0.1535,0.0,BTC-8NOV19-8250-C,9464.96,0.0,0.12,3.0,0.143,3.1,89.11,3.14241,-12.23844,1.90077,0.00017,0.87891
9472.09,SYN.BTC-1NOV19,1572346743879,open,0.0,355.0,0.0005,0.0105,6.069e-05,119.96,0.0005,0.0,BTC-1NOV19-7000-P,9464.96,0.0,0.0,0.0,0.0005,2.0,151.91,0.05097,-0.5749,-0.00147,1e-05,-0.0019
9489.58,SYN.BTC-8NOV19,1572346743881,open,0.26,1.2,0.2475,0.2805,0.26345127,92.43,0.1775,0.0,BTC-8NOV19-7000-C,9464.96,0.0,0.253,4.0,0.274,4.0,152.3,0.71986,-3.36883,1.84265,3e-05,0.98111
9489.58,SYN.BTC-8NOV19,1572346743879,open,0.34,0.0,0.328,0.3575,0.34223323,117.44,None,0.0,BTC-8NOV19-6250-C,9464.96,0.0,0.333,4.0,0.3515,4.0,187.76,0.48612,-2.89039,1.65815,2e-05,0.98804
9489.58,SYN.BTC-8NOV19,1572346743880,open,0.24,16.9,0.221,0.256,0.23769188,89.33,0.2615,0.0,BTC-8NOV19-7250-C,9464.96,0.0,0.226,3.0,0.249,3.0,143.48,1.01371,-4.58492,1.88445,5e-05,0.97164
9850.62,SYN.BTC-26JUN20,1572346743878,open,1.3,0.0,1.2215,1.379,1.29768761,86.88,None,0.0,BTC-26JUN20-22000-P,9464.96,0.0,0.11,1.0,0.0,0.0,0.0,23.44714,-4.22829,-135.32311,4e-05,-0.78396
9542.04,SYN.BTC-29NOV19,1572346743882,open,0.48,0.3,0.466,0.49,0.47737865,105.24,0.4955,0.0,BTC-29NOV19-5000-C,9464.96,0.0,0.4695,5.0,0.485,5.0,148.17,0.8525,-1.45284,4.12343,1e-05,0.98823
9489.58,SYN.BTC-8NOV19,1572346743878,open,0.04,42.9,0.0155,0.064,0.03917704,77.84,0.037,0.0,BTC-8NOV19-9750-C,9464.96,74.49,0.037,20.0,0.0405,11.0,79.88,6.15993,-24.27723,1.03274,0.00032,0.4414
9472.09,SYN.BTC-1NOV19,1572346743883,open,0.14,2.0,0.113,0.165,0.13729067,92.92,0.127,0.0,BTC-1NOV19-10750-P,9464.96,0.0,0.122,2.0,0.155,2.0,177.73,1.10004,-17.77212,-0.79821,0.00017,-0.93231
9472.09,SYN.BTC-1NOV19,1572346743878,open,0.11,1.3,0.087,0.1395,0.11204678,87.57,0.1095,0.0,BTC-1NOV19-10500-P,9464.96,0.0,0.0965,2.0,0.131,2.0,167.1,1.46609,-22.32324,-0.75591,0.00024,-0.90087
9542.04,SYN.BTC-29NOV19,1572346743881,open,0.0,460.7,0.0005,0.011,0.00131263,104.52,0.001,0.0,BTC-29NOV19-5000-P,9464.96,92.01,0.0005,11.5,0.0015,20.0,106.59,0.82696,-1.39973,-0.10234,1e-05,-0.01137
9472.09,SYN.BTC-1NOV19,1572346743879,open,0.21,120.8,0.1925,0.2265,0.20873198,121.95,0.214,0.0,BTC-1NOV19-7500-C,9464.96,0.0,0.1985,3.0,0.2185,3.0,223.17,0.29129,-6.1767,0.5804,3e-05,0.98647
9472.09,SYN.BTC-1NOV19,1572346743882,open,0.0,138.0,0.0005,0.011,0.00136601,91.29,0.002,0.0,BTC-1NOV19-8250-P,9464.96,86.12,0.001,28.8,0.002,0.5,98.64,0.73135,-11.60822,-0.03122,0.00011,-0.04047
9472.09,SYN.BTC-1NOV19,1572346743880,open,0.0,55.1,0.0005,0.011,0.00122302,104.03,0.0015,0.0,BTC-1NOV19-11250-C,9464.96,90.39,0.0005,40.5,0.0015,26.5,107.86,0.64391,-11.58459,0.02493,9e-05,0.03462
9489.58,SYN.BTC-8NOV19,1572346743878,open,0.0,6.1,0.0005,0.0155,0.00432092,97.58,0.0035,0.0,BTC-8NOV19-12250-C,9464.96,93.44,0.0035,25.0,0.005,30.5,100.69,1.98982,-9.8303,0.15696,8e-05,0.06545
9542.04,SYN.BTC-29NOV19,1572346743883,open,0.58,0.0,0.543,0.6195,0.57911776,94.48,None,0.0,BTC-29NOV19-15000-P,9464.96,0.0,0.02,1.0,0.0,0.0,0.0,3.54781,-5.42836,-12.21594,5e-05,-0.93431
9489.58,SYN.BTC-8NOV19,1572346743884,open,0.21,23.7,0.194,0.231,0.21200989,84.89,0.216,0.0,BTC-8NOV19-7500-C,9464.96,0.0,0.1995,3.0,0.2255,3.0,138.68,1.33544,-5.73985,1.92142,6e-05,0.96035
9542.04,SYN.BTC-29NOV19,1572346743880,open,0.37,22.5,0.3595,0.391,0.37453547,90.92,0.2095,0.0,BTC-29NOV19-6000-C,9464.96,0.0,0.3635,4.0,0.386,4.0,127.81,1.8674,-2.74944,4.80965,3e-05,0.9704
9850.62,SYN.BTC-26JUN20,1572346743880,open,0.61,0.0,0.5935,0.63,0.61093639,82.52,None,0.0,BTC-26JUN20-4000-C,9464.96,59.26,0.5975,5.0,0.623,5.0,96.05,7.78991,-1.33432,22.26814,1e-05,0.95348
9489.58,SYN.BTC-8NOV19,1572346743884,open,0.19,42.0,0.1675,0.2065,0.1866692,80.93,0.18,0.0,BTC-8NOV19-7750-C,9464.96,0.0,0.1725,3.0,0.1945,3.0,111.3,1.7658,-7.23565,1.94403,9e-05,0.94382
9472.09,SYN.BTC-1NOV19,1572346743882,open,0.0,122.1,0.0005,0.012,0.00231442,84.09,0.003,0.0,BTC-1NOV19-8500-P,9464.96,81.3,0.002,27.1,0.003,0.5,89.57,1.10837,-16.20426,-0.05274,0.00019,-0.06835
9542.04,SYN.BTC-29NOV19,1572346743872,open,0.09,91.4,0.0555,0.1185,0.08704156,77.23,0.0905,0.0,BTC-29NOV19-9500-P,9464.91,74.59,0.084,16.0,0.089,5.0,78.93,10.97568,-13.72717,-4.31469,0.00018,-0.4475
9489.58,SYN.BTC-8NOV19,1572346743880,open,0.05,37.1,0.024,0.077,0.05005859,75.45,0.0505,0.0,BTC-8NOV19-9500-P,9464.96,70.78,0.047,20.0,0.0515,20.0,77.65,6.21841,-23.75458,-1.35783,0.00034,-0.47878
9472.09,SYN.BTC-1NOV19,1572346743880,open,0.0,397.0,0.0005,0.0105,0.00089207,99.96,0.001,0.0,BTC-1NOV19-8000-P,9464.96,91.23,0.0005,39.4,0.0015,13.7,109.67,0.50294,-8.44976,-0.01985,7e-05,-0.0257
9850.62,SYN.BTC-26JUN20,1572346743879,open,0.7,0.0,0.6915,0.7145,0.70228894,86.33,None,0.0,BTC-26JUN20-3000-C,9464.96,0.0,0.6945,6.0,0.711,6.0,103.59,3.93738,-0.7056,18.02842,1e-05,0.97962
9472.09,SYN.BTC-1NOV19,1572346743881,open,0.34,0.0,0.327,0.353,0.34024739,165.22,0.36,0.0,BTC-1NOV19-6250-C,9464.96,0.0,0.3325,4.0,0.349,4.0,335.1,0.04885,-1.40323,0.491,0.0,0.99818
9472.09,SYN.BTC-1NOV19,1572346743880,open,0.0,171.2,0.0005,0.0105,1.778e-05,119.96,0.002,0.0,BTC-1NOV19-6750-P,9464.96,0.0,0.0,0.0,0.0015,26.0,197.55,0.0179,-0.16842,-0.00047,0.0,-0.00061
9472.09,SYN.BTC-1NOV19,1572346743881,open,0.0,153.9,0.0005,0.0115,0.00155345,97.05,0.0025,0.0,BTC-1NOV19-11000-C,9464.96,89.66,0.001,1.2,0.002,26.5,101.96,0.80034,-13.50557,0.0326,0.00012,0.04524
9489.58,SYN.BTC-8NOV19,1572346743882,open,0.0,96.1,0.0005,0.013,0.00325613,80.4,0.004,0.0,BTC-8NOV19-7750-P,9464.96,78.98,0.003,25.0,0.0045,40.5,86.64,1.73893,-7.07874,-0.14984,9e-05,-0.0551
9489.58,SYN.BTC-8NOV19,1572346743897,open,0.16,68.6,0.141,0.1835,0.16219405,78.84,0.163,0.0,BTC-8NOV19-8000-C,9464.96,0.0,0.148,3.0,0.1645,0.1,87.23,2.39796,-9.57176,1.93658,0.00012,0.91644
9612.1,BTC-27DEC19,1572346743911,open,0.05,736.5,0.026,0.079,0.05131081,79.9,0.0515,0.0,BTC-27DEC19-8000-P,9464.96,77.6,0.0485,33.0,0.052,16.0,80.46,11.77691,-7.99144,-4.39147,0.0001,-0.23193
9765.46,BTC-27MAR20,1572346743922,open,0.22,178.5,0.1655,0.2685,0.21823641,80.52,0.229,0.0,BTC-27MAR20-10000-P,9464.96,77.22,0.21,23.1,0.225,4.0,83.22,24.40986,-6.55668,-25.43472,8e-05,-0.41607
9765.41,BTC-27MAR20,1572346743911,open,0.03,233.1,0.0095,0.0585,0.02956438,89.49,0.031,0.0,BTC-27MAR20-22000-C,9464.96,88.31,0.028,20.0,0.0305,0.3,90.18,13.18907,-3.93747,3.9997,4e-05,0.12931
9765.46,BTC-27MAR20,1572346743925,open,0.22,178.5,0.1655,0.2685,0.21823641,80.52,0.229,0.0,BTC-27MAR20-10000-P,9464.96,77.22,0.21,23.1,0.225,12.1,83.22,24.40986,-6.55668,-25.43472,8e-05,-0.41607
9765.46,BTC-27MAR20,1572346743947,open,0.01,55.8,0.0025,0.0325,0.01274949,98.45,0.0135,0.0,BTC-27MAR20-32000-C,9464.96,95.28,0.0105,20.0,0.015,11.0,101.31,7.32585,-2.40612,1.84193,2e-05,0.05868
9489.58,SYN.BTC-8NOV19,1572346743982,open,0.05,37.1,0.024,0.077,0.05005859,75.45,0.0505,0.0,BTC-8NOV19-9500-P,9464.96,70.78,0.047,20.0,0.0515,15.0,77.65,6.21841,-23.75458,-1.35783,0.00034,-0.47878
9765.46,BTC-27MAR20,1572346743978,open,0.01,111.8,0.0005,0.027,0.00989364,101.31,0.0105,0.0,BTC-27MAR20-36000-C,9464.96,97.1,0.0075,31.0,0.012,28.0,104.52,6.03586,-2.04002,1.44731,2e-05,0.04599
9765.46,BTC-27MAR20,1572346744035,open,0.02,117.2,0.0035,0.036,0.01474631,96.96,0.015,0.0,BTC-27MAR20-30000-C,9464.96,93.48,0.012,20.0,0.017,10.0,99.55,8.15735,-2.63872,2.11007,2e-05,0.06737
9489.58,SYN.BTC-8NOV19,1572346744039,open,0.11,14.0,0.073,0.1355,0.10420143,80.85,0.1015,0.0,BTC-8NOV19-10250-P,9464.96,71.62,0.099,20.0,0.104,5.0,80.5,5.45919,-22.34775,-2.05471,0.00028,-0.69606
9472.09,SYN.BTC-1NOV19,1572346744040,open,0.09,8.5,0.062,0.1155,0.08787582,83.9,0.087,0.0,BTC-1NOV19-10250-P,9464.96,68.4,0.085,0.8,0.088,0.1,84.49,1.98847,-29.00843,-0.69748,0.00034,-0.84675
9542.04,SYN.BTC-29NOV19,1572346744042,open,0.12,349.9,0.087,0.1475,0.11832587,77.35,0.1285,0.0,BTC-29NOV19-9000-C,9464.96,74.73,0.1155,12.0,0.121,21.0,79.81,10.32977,-12.93844,4.25295,0.00017,0.64522
9489.58,SYN.BTC-8NOV19,1572346744044,open,0.11,14.0,0.073,0.1355,0.10420143,80.85,0.1015,0.0,BTC-8NOV19-10250-P,9464.96,71.62,0.099,20.0,0.1045,15.0,81.37,5.45919,-22.34775,-2.05471,0.00028,-0.69606
9489.58,SYN.BTC-8NOV19,1572346744057,open,0.09,30.5,0.0535,0.1145,0.0842227,78.79,0.08,0.0,BTC-8NOV19-10000-P,9464.96,71.93,0.08,15.0,0.0845,20.0,79.24,5.87865,-23.45166,-1.84114,0.00031,-0.63285
9612.05,BTC-27DEC19,1572346744082,open,0.1,815.9,0.059,0.129,0.09388916,79.73,0.0935,0.0,BTC-27DEC19-9000-P,9464.96,77.47,0.0905,9.0,0.095,16.0,80.47,14.40548,-9.75446,-6.99615,0.00012,-0.35734
9489.58,SYN.BTC-8NOV19,1572346744080,open,0.05,37.1,0.024,0.077,0.05005859,75.45,0.0505,0.0,BTC-8NOV19-9500-P,9464.96,70.78,0.047,20.0,0.0515,20.0,77.65,6.21841,-23.75458,-1.35783,0.00034,-0.47878
9765.41,BTC-27MAR20,1572346744087,open,0.01,85.8,0.0015,0.03,0.01138622,100.22,0.014,0.0,BTC-27MAR20-34000-C,9464.96,95.64,0.0085,31.0,0.014,26.0,103.79,6.70581,-2.24209,1.64723,2e-05,0.05247
9542.04,SYN.BTC-29NOV19,1572346744090,open,0.03,502.1,0.01,0.046,0.02608129,78.23,0.0275,0.0,BTC-29NOV19-8000-P,9464.96,76.84,0.025,0.1,0.027,16.0,79.4,7.46117,-9.45231,-1.72112,0.00012,-0.18715
9612.05,BTC-27DEC19,1572346744110,open,0.04,529.7,0.016,0.0675,0.03950862,84.07,0.0375,0.0,BTC-27DEC19-13000-C,9464.96,82.43,0.0375,17.0,0.0405,20.0,84.87,11.83805,-8.45184,3.01705,9e-05,0.2341
9489.58,SYN.BTC-8NOV19,1572346744127,open,0.03,177.6,0.008,0.049,0.02674231,75.48,0.027,0.0,BTC-8NOV19-9000-P,9464.96,71.61,0.0245,25.0,0.0275,11.0,76.78,5.52622,-21.11793,-0.87107,0.0003,-0.31252
9542.04,SYN.BTC-29NOV19,1572346744135,open,0.03,163.3,0.013,0.057,0.0330476,82.78,0.035,0.0,BTC-29NOV19-11500-C,9464.96,81.12,0.0315,12.5,0.034,21.5,83.8,8.93538,-11.97873,1.80205,0.00014,0.2563
9542.04,SYN.BTC-29NOV19,1572346744141,open,0.01,229.8,0.001,0.0255,0.01057244,91.17,0.0105,0.0,BTC-29NOV19-14000-C,9464.96,87.83,0.009,46.1,0.011,25.5,92.03,4.67465,-6.90139,0.67792,7e-05,0.09456
9765.41,BTC-27MAR20,1572346744149,open,0.13,637.3,0.086,0.178,0.13296423,81.75,0.136,0.0,BTC-27MAR20-12000-C,9464.96,79.99,0.1285,23.9,0.137,8.5,83.34,24.74966,-6.74997,12.62128,8e-05,0.44772
9542.04,SYN.BTC-29NOV19,1572346744157,open,0.04,246.2,0.019,0.065,0.04085653,77.25,0.039,0.0,BTC-29NOV19-8500-P,9464.96,75.3,0.039,20.0,0.04,10.0,76.35,9.09568,-11.3784,-2.47133,0.00015,-0.26532
9765.46,BTC-27MAR20,1572346744159,open,0.01,1296.1,0.0005,0.0175,0.00779317,86.43,0.008,0.0,BTC-27MAR20-4000-P,9464.96,84.53,0.007,20.0,0.0095,26.0,90.2,4.1967,-1.2101,-1.49467,1e-05,-0.02948
9612.1,BTC-27DEC19,1572346744166,open,0.02,540.1,0.005,0.0325,0.01644058,83.55,0.016,0.0,BTC-27DEC19-6500-P,9464.96,82.1,0.0155,10.0,0.0175,24.0,85.14,6.32877,-4.49052,-1.66826,5e-05,-0.09116
9489.58,SYN.BTC-8NOV19,1572346744174,open,0.08,78.8,0.0505,0.104,0.07844781,75.67,0.107,0.0,BTC-8NOV19-9000-C,9464.96,73.18,0.077,15.0,0.0815,24.0,80.88,5.52877,-21.18249,1.56288,0.0003,0.68715
9612.1,BTC-27DEC19,1572346744190,open,0.08,929.5,0.0445,0.1115,0.07821522,81.16,0.08,0.0,BTC-27DEC19-11000-C,9464.96,79.09,0.075,4.0,0.0795,11.0,81.99,14.92437,-10.28721,5.00467,0.00012,0.401
9489.58,SYN.BTC-8NOV19,1572346744193,open,0.01,567.1,0.002,0.029,0.01232156,76.08,0.0125,0.0,BTC-8NOV19-8500-P,9464.96,74.11,0.0115,21.0,0.0135,33.5,78.84,3.99354,-15.38234,-0.47568,0.00022,-0.17294
9542.04,SYN.BTC-29NOV19,1572346744202,open,0.03,304.3,0.0085,0.0475,0.02571433,84.23,0.0275,0.0,BTC-29NOV19-12000-C,9464.96,82.15,0.024,18.0,0.0265,16.0,85.16,7.95492,-10.85021,1.47191,0.00012,0.20807
9489.58,SYN.BTC-8NOV19,1572346744273,open,0.04,61.0,0.0145,0.0625,0.03727403,75.47,0.0415,0.0,BTC-8NOV19-9250-P,9464.96,71.08,0.0345,25.0,0.0385,25.0,77.4,6.00746,-22.95332,-1.10816,0.00033,-0.39433
9472.09,SYN.BTC-1NOV19,1572346744277,open,0.31,0.8,0.3,0.328,0.31386076,151.93,0.23,0.0,BTC-1NOV19-6500-C,9464.96,0.0,0.305,4.0,0.322,4.0,304.01,0.0562,-1.48455,0.51046,1e-05,0.99788
193.4,ETH-27MAR20,1572346744301,open,2.36,0.0,2.22,2.448,2.328896,107.18,None,0.0,ETH-27MAR20-640-P,188.09,0.0,0.0,0.0,0.0,0.0,0.0,0.18581,-0.06644,-2.57935,0.00113,-0.9191
9542.04,SYN.BTC-29NOV19,1572346744328,open,0.16,5.0,0.1185,0.1915,0.15556469,80.04,0.15,0.0,BTC-29NOV19-10500-P,9464.96,60.59,0.1345,3.0,0.1875,3.0,108.23,10.60154,-13.74069,-6.22659,0.00017,-0.61585
9765.46,BTC-27MAR20,1572346744341,open,0.01,1296.1,0.0005,0.0175,0.00779317,86.43,0.008,0.0,BTC-27MAR20-4000-P,9464.96,84.53,0.007,10.0,0.0095,26.0,90.2,4.1967,-1.2101,-1.49467,1e-05,-0.02948
9612.1,BTC-27DEC19,1572346744344,open,0.08,929.5,0.0445,0.1115,0.07821865,81.16,0.08,0.0,BTC-27DEC19-11000-C,9464.96,78.77,0.0745,27.0,0.0795,11.0,81.99,14.92437,-10.28721,5.00467,0.00012,0.401
9542.04,SYN.BTC-29NOV19,1572346744348,open,0.03,304.3,0.0085,0.0475,0.02569232,84.23,0.0275,0.0,BTC-29NOV19-12000-C,9464.96,82.15,0.024,8.0,0.0265,16.0,85.16,7.95492,-10.85021,1.47191,0.00012,0.20807
9612.1,BTC-27DEC19,1572346744346,open,0.08,929.5,0.0445,0.1115,0.07821865,81.16,0.08,0.0,BTC-27DEC19-11000-C,9464.96,78.77,0.0745,44.3,0.0795,11.0,81.99,14.92437,-10.28721,5.00467,0.00012,0.401
188.62,SYN.ETH-8NOV19,1572346744423,open,0.02,166.0,0.004,0.041,0.019168,85.85,0.019,0.0,ETH-8NOV19-210-C,188.09,81.6,0.017,160.0,0.021,170.0,89.35,0.09757,-0.42409,0.01153,0.01181,0.24516
188.62,SYN.ETH-8NOV19,1572346744425,open,0.2,0.0,0.182,0.234,0.208375,90.95,None,0.0,ETH-8NOV19-150-C,188.09,0.0,0.0,0.0,0.0,0.0,0.0,0.03408,-0.15692,0.03764,0.00389,0.94588
193.4,ETH-27MAR20,1572346744427,open,0.43,40.0,0.393,0.462,0.430198,89.96,0.459,0.0,ETH-27MAR20-120-C,188.09,66.18,0.401,7.0,0.45,7.0,103.84,0.26519,-0.07958,0.34754,0.00192,0.86783
188.24,SYN.ETH-1NOV19,1572346744427,open,0.36,0.0,0.343,0.381,0.362631,181.93,None,0.0,ETH-1NOV19-120-C,188.09,0.0,0.0,0.0,0.0,0.0,0.0,0.00109,-0.03441,0.00942,0.00021,0.99794
195.09,SYN.ETH-26JUN20,1572346744431,open,1.17,0.0,1.048,1.244,1.146553,93.55,None,0.0,ETH-26JUN20-400-P,188.09,0.0,0.0,0.0,0.0,0.0,0.0,0.53903,-0.10467,-2.39524,0.00229,-0.7139
9765.46,BTC-27MAR20,1572346744436,open,0.29,263.2,0.246,0.3285,0.28929027,80.75,0.293,0.0,BTC-27MAR20-8000-C,9464.96,77.93,0.2835,5.0,0.2925,12.9,82.26,20.28778,-5.46513,18.08043,6e-05,0.74025
191.24,ETH-27DEC19,1572346744437,open,1.96,0.0,1.844,2.027,1.931819,119.73,0.845,0.0,ETH-27DEC19-560-P,188.09,0.0,0.0,0.0,0.0,0.0,0.0,0.04198,-0.04269,-0.89728,0.00059,-0.97692
189.74,SYN.ETH-29NOV19,1572346744451,open,0.01,377.0,0.001,0.021,0.008012,107.85,0.008,0.0,ETH-29NOV19-320-C,188.09,105.03,0.007,160.0,0.009,160.0,110.43,0.07048,-0.12309,0.00924,0.00215,0.06561
188.24,SYN.ETH-1NOV19,1572346744451,open,0.0,0.0,0.001,0.011,0.0,119.96,None,0.0,ETH-1NOV19-120-P,188.09,0.0,0.0,0.0,0.002,300.0,265.22,1e-05,-4e-05,0.0,0.0,-1e-05
9489.58,SYN.BTC-8NOV19,1572346744454,open,0.09,30.5,0.0535,0.1145,0.08430884,78.79,0.08,0.0,BTC-8NOV19-10000-P,9464.96,71.93,0.08,15.0,0.0845,5.0,79.24,5.87865,-23.45166,-1.84114,0.00031,-0.63285
188.62,SYN.ETH-8NOV19,1572346744463,open,0.15,0.0,0.129,0.187,0.159111,84.41,None,0.0,ETH-8NOV19-160-C,188.09,0.0,0.139,1.0,0.179,1.0,135.27,0.05635,-0.24081,0.03756,0.00693,0.89518
9472.09,SYN.BTC-1NOV19,1572346744468,open,0.08,239.0,0.058,0.1025,0.08041758,78.62,0.085,0.0,BTC-1NOV19-8750-C,9464.96,75.67,0.08,5.1,0.0835,0.1,93.69,1.68938,-23.09379,0.59606,0.0003,0.87924
188.24,SYN.ETH-1NOV19,1572346744471,open,0.25,40.0,0.234,0.278,0.256477,132.55,0.127,0.0,ETH-1NOV19-140-C,188.09,0.0,0.0,0.0,0.0,0.0,0.0,0.00242,-0.05573,0.01095,0.00065,0.99499
188.24,SYN.ETH-1NOV19,1572346744471,open,0.0,155.0,0.001,0.019,0.004396,96.94,0.005,0.0,ETH-1NOV19-210-C,188.09,87.84,0.003,201.0,0.005,200.0,100.46,0.03136,-0.52862,0.00156,0.01159,0.10972
189.74,SYN.ETH-29NOV19,1572346744474,open,0.47,0.0,0.458,0.492,0.47478,108.81,None,0.0,ETH-29NOV19-100-C,188.09,0.0,0.464,1.0,0.484,1.0,154.24,0.02036,-0.03587,0.08197,0.00061,0.98545
189.74,SYN.ETH-29NOV19,1572346744474,open,0.4,0.0,0.34,0.44,0.389185,92.89,None,0.0,ETH-29NOV19-260-P,188.09,0.0,0.0,0.0,0.0,0.0,0.0,0.12941,-0.19468,-0.19869,0.00457,-0.8487
191.24,ETH-27DEC19,1572346744480,open,0.22,1374.0,0.184,0.259,0.224159,86.29,0.21,0.0,ETH-27DEC19-160-C,188.09,81.38,0.218,235.0,0.228,575.0,89.31,0.24185,-0.17722,0.16352,0.00475,0.75425
188.62,SYN.ETH-8NOV19,1572346744480,open,0.03,471.0,0.009,0.056,0.030683,82.53,0.028,0.0,ETH-8NOV19-200-C,188.09,78.14,0.028,160.0,0.033,160.0,86.29,0.11585,-0.4841,0.01671,0.01458,0.35804
189.74,SYN.ETH-29NOV19,1572346744480,open,0.02,1266.0,0.005,0.038,0.01912,93.21,0.023,0.0,ETH-29NOV19-260-C,188.09,90.04,0.017,428.0,0.021,428.0,95.9,0.13,-0.19623,0.02138,0.00458,0.15234
191.24,ETH-27DEC19,1572346744483,open,0.42,946.0,0.348,0.462,0.405487,90.02,0.3,0.0,ETH-27DEC19-260-P,188.09,0.0,0.0,0.0,0.0,0.0,0.0,0.24501,-0.1873,-0.35588,0.00461,-0.74819
191.24,ETH-27DEC19,1572346744487,open,0.12,10495.0,0.077,0.154,0.117903,85.62,0.109,0.0,ETH-27DEC19-200-C,188.09,83.18,0.114,264.0,0.12,96.0,86.93,0.30615,-0.2226,0.123,0.00606,0.51662
195.09,SYN.ETH-26JUN20,1572346744487,open,0.06,11.0,0.026,0.104,0.062752,97.11,0.048,0.0,ETH-26JUN20-520-C,188.09,94.52,0.057,298.0,0.068,298.0,99.4,0.44122,-0.08895,0.17433,0.00181,0.19816
191.24,ETH-27DEC19,1572346744489,open,0.51,311.0,0.441,0.559,0.499175,92.34,0.71,0.0,ETH-27DEC19-280-P,188.09,0.0,0.001,8.0,0.0,0.0,0.0,0.21485,-0.16849,-0.40085,0.00394,-0.80027
193.4,ETH-27MAR20,1572346744489,open,0.11,1598.0,0.063,0.154,0.109978,91.3,0.138,0.0,ETH-27MAR20-280-C,188.09,88.39,0.103,543.0,0.115,283.0,93.37,0.46664,-0.14212,0.20405,0.00333,0.36693
9542.04,SYN.BTC-29NOV19,1572346744479,open,0.07,451.4,0.0415,0.0995,0.07079124,78.35,0.0735,0.0,BTC-29NOV19-10000-C,9464.96,76.32,0.0685,21.9,0.073,22.0,80.22,11.02513,-13.98793,3.16889,0.00018,0.46343
195.09,SYN.ETH-26JUN20,1572346744489,open,0.7,0.0,0.688,0.719,0.703557,94.93,None,0.0,ETH-26JUN20-60-C,188.09,0.0,0.0,0.0,0.0,0.0,0.0,0.10114,-0.01993,0.3459,0.00042,0.97223
195.09,SYN.ETH-26JUN20,1572346744489,open,0.05,5.0,0.026,0.078,0.051368,91.53,0.061,0.0,ETH-26JUN20-100-P,188.09,87.76,0.046,150.0,0.054,297.0,93.34,0.28207,-0.05359,-0.19738,0.00123,-0.10194
188.24,SYN.ETH-1NOV19,1572346744489,open,0.0,293.0,0.001,0.011,6e-06,119.95,0.002,0.0,ETH-1NOV19-130-P,188.09,0.0,0.0,0.0,0.002,303.0,223.86,0.00013,-0.00107,0.0,4e-05,-0.00021
189.74,SYN.ETH-29NOV19,1572346744489,open,0.21,0.0,0.158,0.249,0.204294,85.0,None,0.0,ETH-29NOV19-220-P,188.09,0.0,0.0,0.0,0.0,0.0,0.0,0.19668,-0.27073,-0.14235,0.0076,-0.68257
195.09,SYN.ETH-26JUN20,1572346744489,open,0.54,0.0,0.505,0.569,0.538858,91.58,None,0.0,ETH-26JUN20-100-C,188.09,0.0,0.0,0.0,0.0,0.0,0.0,0.28218,-0.05364,0.46238,0.00123,0.898
193.4,ETH-27MAR20,1572346744491,open,1.14,3.0,1.033,1.206,1.117836,95.78,1.39,0.0,ETH-27MAR20-400-P,188.09,0.0,0.001,10.0,0.0,0.0,0.0,0.33654,-0.10754,-1.53079,0.00229,-0.80978
9542.04,SYN.BTC-29NOV19,1572346744490,open,0.12,60.1,0.084,0.153,0.11878496,78.24,0.125,0.0,BTC-29NOV19-10000-P,9464.96,75.03,0.115,12.0,0.1205,4.0,79.79,11.02468,-13.96793,-5.29061,0.00018,-0.53674
193.4,ETH-27MAR20,1572346744503,open,0.03,30.0,0.012,0.047,0.027698,92.49,0.052,0.0,ETH-27MAR20-100-P,188.09,89.59,0.025,320.0,0.031,620.0,95.91,0.18317,-0.05652,-0.08504,0.00129,-0.07939
9489.58,SYN.BTC-8NOV19,1572346744501,open,0.11,14.0,0.073,0.1355,0.10429766,80.85,0.1015,0.0,BTC-8NOV19-10250-P,9464.96,72.53,0.0995,15.0,0.1045,15.0,81.37,5.45919,-22.34775,-2.05471,0.00028,-0.69606
188.24,SYN.ETH-1NOV19,1572346744507,open,0.0,1431.0,0.001,0.011,7.4e-05,119.94,0.001,0.0,ETH-1NOV19-140-P,188.09,0.0,0.0,0.0,0.002,300.0,184.99,0.0012,-0.01399,-4e-05,0.00036,-0.00229
191.24,ETH-27DEC19,1572346744509,open,0.91,257.0,0.833,0.965,0.896181,100.55,0.7,0.0,ETH-27DEC19-360-P,188.09,0.0,0.01,7.0,0.0,0.0,0.0,0.1208,-0.10316,-0.55833,0.00204,-0.91378
188.62,SYN.ETH-8NOV19,1572346744529,open,0.0,1704.0,0.001,0.011,0.000451,115.98,0.001,0.0,ETH-8NOV19-120-P,188.09,0.0,0.0,0.0,0.002,300.0,143.67,0.00592,-0.03475,-0.00037,0.00053,-0.00683
193.4,ETH-27MAR20,1572346744556,open,0.06,578.0,0.028,0.101,0.062915,94.16,0.06,0.0,ETH-27MAR20-360-C,188.09,91.61,0.058,554.0,0.068,554.0,96.72,0.37927,-0.11913,0.13527,0.00262,0.23326
193.4,ETH-27MAR20,1572346744556,open,0.05,1040.0,0.02,0.084,0.049584,95.78,0.048,0.0,ETH-27MAR20-400-C,188.09,93.1,0.045,558.0,0.055,298.0,98.84,0.33654,-0.10754,0.11169,0.00229,0.19022
193.4,ETH-27MAR20,1572346744556,open,0.17,0.0,0.121,0.221,0.174741,88.09,None,0.0,ETH-27MAR20-220-C,188.09,85.06,0.167,270.0,0.181,270.0,90.54,0.49369,-0.14508,0.27538,0.00365,0.52151
193.4,ETH-27MAR20,1572346744556,open,0.21,1331.0,0.155,0.255,0.209355,88.09,0.216,0.0,ETH-27MAR20-200-C,188.09,85.14,0.202,565.0,0.216,265.0,90.76,0.48229,-0.14173,0.30081,0.00356,0.58815
191.24,ETH-27DEC19,1572346744556,open,0.33,2287.0,0.261,0.371,0.317329,88.43,0.354,0.0,ETH-27DEC19-240-P,188.09,0.0,0.001,15.0,0.0,0.0,0.0,0.27541,-0.20683,-0.30701,0.00528,-0.67792
188.62,SYN.ETH-8NOV19,1572346744556,open,0.29,0.0,0.237,0.323,0.278371,100.33,None,0.0,ETH-8NOV19-240-P,188.09,0.0,0.0,0.0,0.0,0.0,0.0,0.04794,-0.24352,-0.06094,0.00496,-0.91579
188.24,SYN.ETH-1NOV19,1572346744556,open,0.0,273.0,0.001,0.015,0.003084,115.4,0.002,0.0,ETH-1NOV19-220-C,188.09,105.34,0.002,18.0,0.004,200.0,122.53,0.02261,-0.45361,0.001,0.00702,0.0707
195.09,SYN.ETH-26JUN20,1572346744556,open,0.14,236.0,0.082,0.189,0.138143,91.33,0.126,0.0,ETH-26JUN20-320-C,188.09,89.34,0.132,283.0,0.144,433.0,93.21,0.60514,-0.11472,0.31601,0.00264,0.3836
193.4,ETH-27MAR20,1572346744570,open,2.16,0.0,2.021,2.241,2.126046,106.89,None,0.0,ETH-27MAR20-600-P,188.09,0.0,0.02,10.0,0.0,0.0,0.0,0.2095,-0.07471,-2.40705,0.00128,-0.90498
189.74,SYN.ETH-29NOV19,1572346744570,open,0.0,778.0,0.001,0.013,0.00398,93.07,0.009,0.0,ETH-29NOV19-120-P,188.09,88.22,0.003,460.0,0.005,160.0,97.45,0.04141,-0.06241,-0.00606,0.00146,-0.03377
195.09,SYN.ETH-26JUN20,1572346744572,open,0.62,0.0,0.593,0.642,0.618741,94.9,None,0.0,ETH-26JUN20-80-C,188.09,0.0,0.0,0.0,0.0,0.0,0.0,0.19262,-0.03794,0.41159,0.00081,0.93844
188.62,SYN.ETH-8NOV19,1572346744572,open,0.31,0.0,0.29,0.334,0.31223,115.05,None,0.0,ETH-8NOV19-130-C,188.09,0.0,0.0,0.0,0.0,0.0,0.0,0.01479,-0.08615,0.0341,0.00134,0.98036
191.24,ETH-27DEC19,1572346744586,open,0.04,3580.0,0.019,0.075,0.04612,90.16,0.045,0.0,ETH-27DEC19-260-C,188.09,86.9,0.042,418.0,0.047,128.0,90.84,0.24527,-0.18779,0.06361,0.00461,0.25232
188.62,SYN.ETH-8NOV19,1572346744586,open,0.01,36.0,0.001,0.026,0.009329,97.92,0.008,0.0,ETH-8NOV19-230-C,188.09,93.86,0.008,12.0,0.01,500.0,99.87,0.06382,-0.31638,0.0059,0.00677,0.12486
191.24,ETH-27DEC19,1572346744593,open,2.38,0.0,2.249,2.455,2.347748,115.17,None,0.0,ETH-27DEC19-640-P,188.09,0.0,0.0,0.0,0.0,0.0,0.0,0.01804,-0.01764,-1.03003,0.00027,-0.99135
195.09,SYN.ETH-26JUN20,1572346744593,open,0.24,3.0,0.171,0.289,0.232345,88.33,0.24,0.0,ETH-26JUN20-180-P,188.09,84.77,0.222,234.0,0.237,234.0,89.93,0.56589,-0.10375,-0.70962,0.00255,-0.31884
193.4,ETH-27MAR20,1572346744595,open,0.3,736.0,0.251,0.342,0.300403,88.09,0.289,0.0,ETH-27MAR20-160-C,188.09,84.58,0.293,556.0,0.306,556.0,90.74,0.40844,-0.12003,0.34254,0.00302,0.73175
195.09,SYN.ETH-26JUN20,1572346744595,open,0.3,1.0,0.228,0.358,0.296052,88.18,0.294,0.0,ETH-26JUN20-200-P,188.09,83.95,0.283,336.0,0.304,186.0,90.77,0.60003,-0.10983,-0.8616,0.00271,-0.37318
188.62,SYN.ETH-8NOV19,1572346744595,open,0.02,472.0,0.003,0.035,0.015498,80.5,0.014,0.0,ETH-8NOV19-170-P,188.09,74.91,0.013,160.0,0.016,160.0,81.59,0.08617,-0.35119,-0.01086,0.01112,-0.19736
195.09,SYN.ETH-26JUN20,1572346744595,open,0.17,310.0,0.11,0.222,0.169432,90.13,0.165,0.0,ETH-26JUN20-280-C,188.09,88.13,0.163,279.0,0.176,429.0,92.17,0.62714,-0.11733,0.36033,0.00277,0.44931
9489.58,SYN.BTC-8NOV19,1572346744609,open,0.09,30.5,0.0535,0.1145,0.08430884,78.79,0.08,0.0,BTC-8NOV19-10000-P,9464.96,71.93,0.08,20.0,0.0845,5.0,79.24,5.87865,-23.45166,-1.84114,0.00031,-0.63285
9489.58,SYN.BTC-8NOV19,1572346744611,open,0.09,30.5,0.0535,0.1145,0.08430884,78.79,0.08,0.0,BTC-8NOV19-10000-P,9464.96,71.93,0.08,20.0,0.085,15.0,80.05,5.87865,-23.45166,-1.84114,0.00031,-0.63285
9542.04,SYN.BTC-29NOV19,1572346744622,open,0.12,60.1,0.084,0.153,0.11878496,78.24,0.125,0.0,BTC-29NOV19-10000-P,9464.96,75.03,0.115,16.0,0.1205,4.0,79.79,11.02468,-13.96793,-5.29061,0.00018,-0.53674
9542.04,SYN.BTC-29NOV19,1572346744642,open,0.12,60.1,0.084,0.153,0.11878496,78.24,0.125,0.0,BTC-29NOV19-10000-P,9464.96,75.03,0.115,16.0,0.121,12.0,80.22,11.02468,-13.96793,-5.29061,0.00018,-0.53674
9472.09,SYN.BTC-1NOV19,1572346587690,open,0.0,171.2,0.0005,0.0105,1.786e-05,119.96,0.002,0.0,BTC-1NOV19-6750-P,9464.96,0.0,0.0,0.0,0.0015,26.0,197.55,0.0179,-0.16842,-0.00047,0.0,-0.00061
9612.05,BTC-27DEC19,1572346713887,open,0.0,599.8,0.0005,0.0115,0.00179373,103.03,0.0025,0.0,BTC-27DEC19-26000-C,9464.96,96.31,0.001,39.0,0.0025,20.0,107.41,1.37622,-1.20421,0.18899,1e-05,0.01398
9765.46,BTC-27MAR20,1572346719944,open,0.01,611.3,0.0005,0.023,0.00781212,103.66,0.009,0.0,BTC-27MAR20-40000-C,9464.96,99.83,0.006,21.0,0.0095,28.0,106.74,5.02417,-1.73744,1.15738,1e-05,0.03668
9612.03,BTC-27DEC19,1572346587322,open,0.0,883.1,0.0005,0.0105,0.0006813,120.0,0.0005,0.0,BTC-27DEC19-3000-P,9464.96,0.0,0.0,0.0,0.0015,20.0,132.99,0.45138,-0.45999,-0.07168,0.0,-0.00394
9542.04,SYN.BTC-29NOV19,1572346680453,open,0.01,310.7,0.0005,0.02,0.00730859,94.99,0.007,0.0,BTC-29NOV19-15000-C,9464.96,91.31,0.006,35.0,0.008,35.5,96.76,3.59866,-5.53552,0.48101,5e-05,0.06691
188.24,SYN.ETH-1NOV19,1572340251172,open,0.0,293.0,0.001,0.011,6e-06,119.95,0.002,0.0,ETH-1NOV19-130-P,188.09,0.0,0.0,0.0,0.002,303.0,223.86,0.00013,-0.00107,0.0,4e-05,-0.00021
195.09,SYN.ETH-26JUN20,1572346739216,open,0.05,5.0,0.026,0.078,0.051392,91.53,0.061,0.0,ETH-26JUN20-100-P,188.09,87.76,0.046,150.0,0.054,297.0,93.34,0.28207,-0.05359,-0.19738,0.00123,-0.10194
188.24,SYN.ETH-1NOV19,1572340251194,open,0.0,1431.0,0.001,0.011,7.5e-05,119.94,0.001,0.0,ETH-1NOV19-140-P,188.09,0.0,0.0,0.0,0.002,300.0,184.99,0.0012,-0.01399,-4e-05,0.00036,-0.00229
188.24,SYN.ETH-1NOV19,1572345884430,open,0.0,249.0,0.001,0.011,0.001366,120.08,0.002,0.0,ETH-1NOV19-230-C,188.09,113.98,0.001,200.0,0.003,500.0,139.08,0.01258,-0.25812,0.00048,0.00375,0.0339
9612.03,BTC-27DEC19,1572346587624,open,0.0,429.9,0.0005,0.0135,0.00378528,98.12,0.005,0.0,BTC-27DEC19-22000-C,9464.96,94.89,0.003,38.0,0.0045,20.0,100.71,2.51338,-2.0944,0.38239,2e-05,0.02845
195.09,SYN.ETH-26JUN20,1572346737416,open,0.24,3.0,0.171,0.289,0.232429,88.33,0.24,0.0,ETH-26JUN20-180-P,188.09,84.77,0.222,234.0,0.237,234.0,89.93,0.56589,-0.10375,-0.70962,0.00255,-0.31884
195.09,SYN.ETH-26JUN20,1572346737479,open,0.3,1.0,0.228,0.358,0.296155,88.18,0.294,0.0,ETH-26JUN20-200-P,188.09,83.95,0.283,336.0,0.304,186.0,90.77,0.60003,-0.10983,-0.8616,0.00271,-0.37318
188.24,SYN.ETH-1NOV19,1572346620222,open,0.01,565.0,0.001,0.032,0.011161,79.94,0.014,0.0,ETH-1NOV19-180-P,188.09,72.31,0.009,160.0,0.013,388.0,86.48,0.05338,-0.74192,-0.00391,0.02392,-0.25252
195.09,SYN.ETH-26JUN20,1572346737188,open,0.14,236.0,0.082,0.189,0.138105,91.33,0.126,0.0,ETH-26JUN20-320-C,188.09,89.34,0.132,283.0,0.144,433.0,93.21,0.60514,-0.11472,0.31601,0.00264,0.3836
195.09,SYN.ETH-26JUN20,1572346737342,open,0.21,206.0,0.149,0.262,0.210057,88.45,0.227,0.0,ETH-26JUN20-240-C,188.09,86.87,0.205,273.0,0.219,423.0,91.2,0.63066,-0.11579,0.40961,0.00284,0.52826
195.09,SYN.ETH-26JUN20,1572346737289,open,0.11,185.0,0.063,0.164,0.114526,92.51,0.133,0.0,ETH-26JUN20-360-C,188.09,90.26,0.108,288.0,0.121,438.0,94.68,0.57404,-0.11023,0.27755,0.00247,0.33014
195.09,SYN.ETH-26JUN20,1572346737601,open,0.06,11.0,0.023,0.097,0.05687,98.82,0.056,0.0,ETH-26JUN20-560-C,188.09,95.5,0.05,450.0,0.061,300.0,100.71,0.41705,-0.08554,0.15956,0.00168,0.18082
195.09,SYN.ETH-26JUN20,1572346737541,open,0.09,300.0,0.049,0.144,0.09648,93.67,0.085,0.0,ETH-26JUN20-400-C,188.09,91.29,0.09,291.0,0.102,441.0,95.64,0.53953,-0.1049,0.2448,0.00229,0.28665
195.09,SYN.ETH-26JUN20,1572346737144,open,0.17,310.0,0.11,0.222,0.169388,90.13,0.165,0.0,ETH-26JUN20-280-C,188.09,88.13,0.163,279.0,0.176,429.0,92.17,0.62714,-0.11733,0.36033,0.00277,0.44931
9489.58,SYN.BTC-8NOV19,1572346587920,open,0.0,67.5,0.0005,0.0105,0.00053353,119.91,0.0005,0.0,BTC-8NOV19-6000-P,9464.96,0.0,0.0,0.0,0.002,26.0,145.39,0.33076,-2.00801,-0.02113,1e-05,-0.0077
195.09,SYN.ETH-26JUN20,1572346737659,open,0.08,10.0,0.039,0.128,0.083026,95.03,0.041,0.0,ETH-26JUN20-440-C,188.09,92.67,0.077,294.0,0.088,444.0,96.92,0.50596,-0.0998,0.21777,0.00212,0.2522
195.09,SYN.ETH-26JUN20,1572346737046,open,0.27,142.0,0.21,0.321,0.270974,88.23,0.284,0.0,ETH-26JUN20-200-C,188.09,85.95,0.264,267.0,0.279,417.0,90.83,0.59999,-0.10988,0.45817,0.00271,0.62691
195.09,SYN.ETH-26JUN20,1572346737490,open,0.06,11.0,0.026,0.104,0.062731,97.11,0.048,0.0,ETH-26JUN20-520-C,188.09,94.52,0.057,298.0,0.068,298.0,99.4,0.44122,-0.08895,0.17433,0.00181,0.19816
195.09,SYN.ETH-26JUN20,1572344993666,open,0.01,182.0,0.002,0.021,0.01107,94.84,0.018,0.0,ETH-26JUN20-60-P,188.09,77.55,0.004,300.0,0.015,1.0,101.89,0.10092,-0.01987,-0.04991,0.00042,-0.0277
195.09,SYN.ETH-26JUN20,1572346737782,open,0.07,0.0,0.032,0.116,0.072366,96.33,None,0.0,ETH-26JUN20-480-C,188.09,93.66,0.066,296.0,0.078,446.0,98.61,0.47394,-0.09477,0.19501,0.00196,0.22386
191.24,ETH-27DEC19,1572346737006,open,0.01,4105.0,0.001,0.016,0.006583,100.5,0.009,0.0,ETH-27DEC19-100-P,188.09,91.1,0.004,820.0,0.007,160.0,101.81,0.05976,-0.051,-0.01292,0.00101,-0.03529
188.24,SYN.ETH-1NOV19,1572340251169,open,0.0,0.0,0.001,0.011,0.0,119.96,None,0.0,ETH-1NOV19-120-P,188.09,0.0,0.0,0.0,0.002,300.0,265.22,1e-05,-4e-05,0.0,0.0,-1e-05
195.09,SYN.ETH-26JUN20,1572346737173,open,0.03,0.0,0.013,0.047,0.028763,94.83,None,0.0,ETH-26JUN20-80-P,188.09,90.93,0.025,150.0,0.033,450.0,99.03,0.19247,-0.03789,-0.11619,0.00081,-0.0615
191.24,ETH-27DEC19,1572346737264,open,0.02,5563.0,0.005,0.03,0.014878,93.03,0.015,0.0,ETH-27DEC19-120-P,188.09,87.77,0.012,820.0,0.015,160.0,93.24,0.10957,-0.08657,-0.02796,0.002,-0.07577
191.24,ETH-27DEC19,1572346739402,open,0.12,10495.0,0.077,0.154,0.117839,85.62,0.109,0.0,ETH-27DEC19-200-C,188.09,83.18,0.114,264.0,0.12,96.0,86.93,0.30615,-0.2226,0.123,0.00606,0.51662
191.24,ETH-27DEC19,1572346739206,open,0.22,1374.0,0.184,0.259,0.224075,86.29,0.21,0.0,ETH-27DEC19-160-C,188.09,81.38,0.218,235.0,0.228,575.0,89.31,0.24185,-0.17722,0.16352,0.00475,0.75425
191.24,ETH-27DEC19,1572344763413,open,0.0,6174.0,0.001,0.011,0.000818,120.0,0.002,0.0,ETH-27DEC19-720-C,188.09,122.45,0.001,160.0,0.003,460.0,138.55,0.01314,-0.01339,0.00161,0.00019,0.00604
193.4,ETH-27MAR20,1572346739149,open,0.11,1598.0,0.063,0.154,0.109938,91.3,0.138,0.0,ETH-27MAR20-280-C,188.09,88.39,0.103,543.0,0.115,283.0,93.37,0.46664,-0.14212,0.20405,0.00333,0.36693
193.4,ETH-27MAR20,1572346736156,open,0.13,4423.0,0.082,0.171,0.127704,88.09,0.143,0.0,ETH-27MAR20-160-P,188.09,84.44,0.12,565.0,0.132,265.0,90.12,0.40844,-0.12003,-0.31444,0.00302,-0.26825
193.4,ETH-27MAR20,1572346739219,open,0.21,1331.0,0.155,0.255,0.209355,88.09,0.216,0.0,ETH-27MAR20-200-C,188.09,85.14,0.202,565.0,0.216,265.0,90.76,0.48229,-0.14173,0.30081,0.00356,0.58815
191.24,ETH-27DEC19,1572344612334,open,0.0,4534.0,0.001,0.011,0.000576,120.0,0.002,0.0,ETH-27DEC19-760-C,188.09,0.0,0.0,0.0,0.003,1132.0,143.07,0.00985,-0.01004,0.00117,0.00014,0.00437
193.4,ETH-27MAR20,1572346737346,open,0.17,0.0,0.121,0.221,0.174742,88.09,None,0.0,ETH-27MAR20-220-C,188.09,85.06,0.167,270.0,0.181,270.0,90.54,0.49369,-0.14508,0.27538,0.00365,0.52151
193.4,ETH-27MAR20,1572346737493,open,0.04,966.0,0.015,0.073,0.040742,97.91,0.039,0.0,ETH-27MAR20-440-C,188.09,94.78,0.036,560.0,0.045,560.0,100.58,0.30091,-0.09828,0.0943,0.002,0.15949
193.4,ETH-27MAR20,1572346739213,open,0.03,30.0,0.012,0.047,0.027698,92.49,0.052,0.0,ETH-27MAR20-100-P,188.09,89.59,0.025,320.0,0.031,620.0,95.91,0.18317,-0.05652,-0.08504,0.00129,-0.07939
191.24,ETH-27DEC19,1572346739483,open,0.04,3580.0,0.019,0.075,0.04612,90.16,0.045,0.0,ETH-27DEC19-260-C,188.09,86.9,0.042,418.0,0.047,128.0,90.84,0.24527,-0.18779,0.06361,0.00461,0.25232
188.62,SYN.ETH-8NOV19,1572346304207,open,0.0,1704.0,0.001,0.011,0.000452,115.98,0.001,0.0,ETH-8NOV19-120-P,188.09,0.0,0.0,0.0,0.002,300.0,143.67,0.00592,-0.03475,-0.00037,0.00053,-0.00683
193.4,ETH-27MAR20,1572346737418,open,0.05,1040.0,0.02,0.084,0.049584,95.78,0.048,0.0,ETH-27MAR20-400-C,188.09,93.1,0.045,558.0,0.055,298.0,98.84,0.33654,-0.10754,0.11169,0.00229,0.19022
189.74,SYN.ETH-29NOV19,1572346736991,open,0.02,1266.0,0.005,0.038,0.019099,93.21,0.023,0.0,ETH-29NOV19-260-C,188.09,90.04,0.017,428.0,0.021,428.0,95.9,0.13,-0.19623,0.02138,0.00458,0.15234
