underlying_price,underlying_index,timestamp,state,settlement_price,open_interest,min_price,max_price,mark_price,mark_iv,last_price,interest_rate,instrument_name,index_price,bid_iv,best_bid_price,best_bid_amount,best_ask_price,best_ask_amount,ask_iv,vega,theta,rho,gamma,delta
186.05,SYN.ETH-22NOV19,1573297140015,open,0.25,0.0,0.225,0.272,0.24901,80.44,None,0.0,ETH-22NOV19-140-C,185.4,0.0,0.0,0.0,0.0,0.0,0.0,0.02051,-0.06408,0.04764,0.00209,0.97487
186.05,SYN.ETH-22NOV19,1573297140015,open,0.0,0.0,0.001,0.011,0.001473,80.07,None,0.0,ETH-22NOV19-140-P,185.4,0.0,0.0,0.0,0.003,1.0,91.29,0.02018,-0.06274,-0.00171,0.00206,-0.02465
187.81,ETH-27DEC19,1573297140243,open,0.0,4100.0,0.001,0.012,0.002986,93.49,0.004,0.0,ETH-27DEC19-100-P,185.4,78.96,0.001,47.0,0.005,1.0,102.84,0.03452,-0.03371,-0.00594,0.0008,-0.02115
8865.75,SYN.BTC-22NOV19,1573297140248,open,0.05,15.4,0.0275,0.0745,0.04681098,53.68,0.046,0.0,BTC-22NOV19-8750-C,8840.48,49.19,0.0435,18.0,0.049,0.5,56.65,6.53536,-13.62399,1.64164,0.00044,0.57172
8865.75,SYN.BTC-22NOV19,1573297140248,open,0.02,49.8,0.0095,0.048,0.02298815,53.68,0.0215,0.0,BTC-22NOV19-9250-C,8840.48,49.38,0.02,8.0,0.0225,0.1,52.98,6.20261,-12.93026,1.04007,0.00042,0.35555
8865.75,SYN.BTC-22NOV19,1573297140250,open,0.0,320.2,0.0005,0.0165,0.00541163,59.29,0.007,0.0,BTC-22NOV19-10250-C,8840.48,54.9,0.004,13.0,0.0065,33.1,62.32,3.05191,-7.02638,0.31507,0.00019,0.10616
187.81,ETH-27DEC19,1573297140252,open,0.0,4100.0,0.001,0.012,0.002986,93.49,0.004,0.0,ETH-27DEC19-100-P,185.4,78.96,0.001,407.0,0.005,1.0,102.84,0.03452,-0.03371,-0.00594,0.0008,-0.02115
8879.49,SYN.BTC-29NOV19,1573297140291,open,0.11,341.9,0.094,0.1445,0.11593466,58.99,0.117,0.0,BTC-29NOV19-8000-C,8840.48,52.84,0.112,10.0,0.1185,4.0,62.8,5.87436,-8.71719,3.28709,0.00023,0.79575
8879.49,SYN.BTC-29NOV19,1573297140291,open,0.58,0.0,0.546,0.6145,0.57842148,92.93,None,0.0,BTC-29NOV19-14000-P,8840.48,0.0,0.014,1.0,0.0,0.0,0.0,1.13847,-2.66143,-7.51973,3e-05,-0.97677
8852.01,SYN.BTC-15NOV19,1573297140357,open,0.26,0.0,0.251,0.2815,0.26596456,99.76,None,0.0,BTC-15NOV19-6500-C,8840.48,0.0,0.2535,4.0,0.279,4.0,207.51,0.19519,-1.65693,1.03722,2e-05,0.99385
8852.01,SYN.BTC-15NOV19,1573297140357,open,0.35,0.0,0.3375,0.363,0.3504397,100.5,None,0.0,BTC-15NOV19-5750-C,8840.48,0.0,0.34,5.0,0.3615,5.0,255.72,0.01177,-0.10067,0.92521,0.0,0.99972
8852.01,SYN.BTC-15NOV19,1573297140357,open,0.0,0.1,0.0005,0.0105,9.784e-05,100.0,0.002,0.0,BTC-15NOV19-6250-P,8840.48,0.0,0.0,0.0,0.0005,1.1,120.42,0.08723,-0.74231,-0.0037,1e-05,-0.0025
8852.01,SYN.BTC-15NOV19,1573297140357,open,0.0,0.1,0.0005,0.0105,3.161e-05,100.0,0.0015,0.0,BTC-15NOV19-6000-P,8840.48,0.0,0.0,0.0,0.0005,2.0,132.98,0.03357,-0.27979,-0.0013,0.0,-0.00088
8852.01,SYN.BTC-15NOV19,1573297140357,open,0.0,0.1,0.0005,0.0105,8.83e-06,100.0,0.001,0.0,BTC-15NOV19-5750-P,8840.48,0.0,0.0,0.0,0.001,0.1,160.41,0.01111,-0.07815,-0.00039,0.0,-0.00027
8852.01,SYN.BTC-15NOV19,1573297140357,open,0.32,0.0,0.3085,0.3355,0.32222034,100.18,None,0.0,BTC-15NOV19-6000-C,8840.48,0.0,0.3105,5.0,0.334,5.0,239.6,0.03413,-0.29099,0.96455,0.0,0.99911
8852.01,SYN.BTC-15NOV19,1573297140357,open,0.0,4.8,0.0005,0.0105,0.0002601,99.72,0.001,0.0,BTC-15NOV19-6500-P,8840.48,0.0,0.0,0.0,0.0005,0.1,108.27,0.1948,-1.6531,-0.00911,2e-05,-0.00614
8852.01,SYN.BTC-15NOV19,1573297140357,open,0.24,0.0,0.222,0.2545,0.23794978,96.16,None,0.0,BTC-15NOV19-6750-C,8840.48,0.0,0.225,4.0,0.252,4.0,193.59,0.33077,-2.70665,1.06992,3e-05,0.98879
8852.01,SYN.BTC-15NOV19,1573297140357,open,0.0,54.8,0.0005,0.0105,0.00050229,85.05,0.0005,0.0,BTC-15NOV19-7000-P,8840.48,0.0,0.0,0.0,0.001,0.1,94.32,0.37338,-2.70226,-0.01909,3e-05,-0.0129
8852.01,SYN.BTC-15NOV19,1573297140357,open,0.21,0.0,0.1935,0.227,0.20972247,85.07,None,0.0,BTC-15NOV19-7000-C,8840.48,0.0,0.1955,4.0,0.2245,4.0,177.34,0.37377,-2.70567,1.10773,3e-05,0.98709
8852.01,SYN.BTC-15NOV19,1573297140357,open,0.29,0.0,0.28,0.3085,0.29404444,100.07,None,0.0,BTC-15NOV19-6250-C,8840.48,0.0,0.2815,1.0,0.3065,4.0,223.54,0.0877,-0.74683,1.00238,1e-05,0.99748
8852.01,SYN.BTC-15NOV19,1573297140357,open,0.0,8.1,0.0005,0.0105,0.00048745,96.14,0.001,0.0,BTC-15NOV19-6750-P,8840.48,0.0,0.0,0.0,0.001,10.1,106.78,0.33042,-2.70326,-0.01666,3e-05,-0.0112
8865.75,SYN.BTC-22NOV19,1573297140373,open,0.0,0.0,0.0005,0.012,0.00247993,75.4,None,0.0,BTC-22NOV19-7000-P,8840.48,68.62,0.0015,20.0,0.0035,0.2,81.01,1.46393,-4.28664,-0.13598,7e-05,-0.041
8865.75,SYN.BTC-22NOV19,1573297140373,open,0.21,0.0,0.195,0.2315,0.21292548,75.41,None,0.0,BTC-22NOV19-7000-C,8840.48,0.0,0.001,1.3,0.0,0.0,0.0,1.46414,-4.28748,2.33331,7e-05,0.95899
191.04,ETH-27MAR20,1573297140413,open,0.07,354.0,0.041,0.107,0.073648,84.09,0.068,0.0,ETH-27MAR20-140-P,185.4,61.28,0.037,31.0,0.072,320.0,83.12,0.32518,-0.09845,-0.19548,0.00278,-0.19528
9104.48,BTC-27MAR20,1573297140482,open,0.37,19.3,0.346,0.4,0.37314326,71.18,0.406,0.0,BTC-27MAR20-6000-C,8840.48,47.21,0.349,6.0,0.386,12.0,81.01,11.30916,-2.8982,17.51847,5e-05,0.87886
9104.48,BTC-27MAR20,1573297140484,open,0.01,113.7,0.002,0.0295,0.01178017,92.08,0.0095,0.0,BTC-27MAR20-26000-C,8840.48,73.02,0.0025,12.0,0.0135,5.0,94.36,6.60064,-2.18835,1.63507,2e-05,0.05898
9263.36,SYN.BTC-26JUN20,1573297140484,open,0.03,40.2,0.011,0.066,0.03353896,87.41,0.0375,0.0,BTC-26JUN20-26000-C,8840.48,84.89,0.0295,8.0,0.0375,2.0,89.75,15.29813,-2.9086,5.45021,3e-05,0.12696
9104.48,BTC-27MAR20,1573297140486,open,1.44,6.0,1.3745,1.4995,1.43320332,86.8,1.5845,0.0,BTC-27MAR20-22000-P,8840.48,0.0,0.0,0.0,0.0,0.0,0.0,8.64386,-2.70129,-81.38635,3e-05,-0.91623
8879.49,SYN.BTC-29NOV19,1573297140488,open,0.04,360.2,0.0295,0.079,0.04520801,55.21,0.0475,0.0,BTC-29NOV19-9000-C,8840.48,52.84,0.043,0.8,0.047,12.5,57.14,8.25965,-11.47186,2.12148,0.00035,0.48396
8934.45,BTC-27DEC19,1573297140512,open,1.92,0.0,1.8535,1.971,1.91036528,100.1,None,0.0,BTC-27DEC19-26000-P,8840.48,0.0,0.0,0.0,0.0,0.0,0.0,0.28226,-0.29509,-34.07319,0.0,-0.99715
8879.49,SYN.BTC-29NOV19,1573297140519,open,0.3,0.0,0.271,0.3305,0.29949444,69.64,None,0.0,BTC-29NOV19-11500-P,8840.48,0.0,0.01,1.0,0.0,0.0,0.0,2.64295,-4.62992,-5.96665,9e-05,-0.9345
9263.37,SYN.BTC-26JUN20,1573297140521,open,0.62,0.8,0.548,0.6785,0.61330128,74.64,0.55,0.0,BTC-26JUN20-14000-P,8840.48,0.0,0.07,1.0,0.66,1.0,90.11,27.06094,-4.39302,-74.0416,7e-05,-0.65583
8934.45,BTC-27DEC19,1573297140534,open,0.0,481.1,0.0005,0.0145,0.00473011,85.41,0.004,0.0,BTC-27DEC19-16000-C,8840.48,83.04,0.004,16.0,0.0055,8.0,87.68,2.89571,-2.583,0.43567,3e-05,0.04191
8879.49,SYN.BTC-29NOV19,1573297140534,open,0.0,360.2,0.0005,0.013,0.00347188,74.78,0.004,0.0,BTC-29NOV19-12000-C,8840.48,72.76,0.003,2.0,0.004,19.0,76.86,2.15889,-4.06114,0.22808,7e-05,0.05064
8879.49,SYN.BTC-29NOV19,1573297140534,open,0.01,335.5,0.0005,0.022,0.00862047,63.49,0.01,0.0,BTC-29NOV19-7500-P,8840.48,59.71,0.007,34.0,0.01,20.0,66.5,3.958,-6.32199,-0.58537,0.00015,-0.11244
8934.45,BTC-27DEC19,1573297140570,open,0.47,99.0,0.4305,0.5055,0.46654929,73.55,0.638,0.0,BTC-27DEC19-13000-P,8840.48,0.0,0.01,1.0,0.0,0.0,0.0,5.72888,-4.40072,-16.00036,7e-05,-0.89879
8934.45,BTC-27DEC19,1573297140598,open,0.0,1495.2,0.0005,0.013,0.00348952,89.42,0.004,0.0,BTC-27DEC19-5000-P,8840.48,87.03,0.003,50.0,0.004,16.0,91.71,1.91191,-1.78544,-0.33771,2e-05,-0.02533
9263.37,SYN.BTC-26JUN20,1573297140628,open,2.49,0.0,2.3945,2.5725,2.4783509,92.12,None,0.0,BTC-26JUN20-32000-P,8840.48,0.0,0.0,0.0,0.0,0.0,0.0,12.10819,-2.42614,-197.57654,2e-05,-0.90827
9263.37,SYN.BTC-26JUN20,1573297140628,open,0.02,4.8,0.0065,0.052,0.02388145,92.12,0.025,0.0,BTC-26JUN20-32000-C,8840.48,90.24,0.0215,8.0,0.0265,3.0,94.07,12.10713,-2.42585,3.95791,2e-05,0.09172
8934.45,BTC-27DEC19,1573297140668,open,0.0,811.0,0.0005,0.011,0.00110731,100.0,0.0015,0.0,BTC-27DEC19-4000-P,8840.48,90.41,0.0005,61.0,0.002,25.0,108.95,0.72465,-0.7568,-0.10905,1e-05,-0.0082
8934.45,BTC-27DEC19,1573297140711,open,0.0,695.7,0.0005,0.0105,9.94e-06,100.0,0.0005,0.0,BTC-27DEC19-36000-C,8840.48,0.0,0.0,0.0,0.0005,0.9,132.46,0.01553,-0.01622,0.00132,0.0,0.00012
8934.45,BTC-27DEC19,1573297140711,open,0.03,656.8,0.011,0.047,0.02722603,63.72,0.026,0.0,BTC-27DEC19-7500-P,8840.48,61.95,0.0255,12.9,0.029,13.1,65.5,8.8124,-5.86408,-2.55874,0.00013,-0.19112
8934.45,BTC-27DEC19,1573297140711,open,0.0,447.1,0.0005,0.0105,3.608e-05,100.0,0.0005,0.0,BTC-27DEC19-32000-C,8840.48,0.0,0.0,0.0,0.001,1.0,131.51,0.04854,-0.05069,0.00446,0.0,0.00042
8934.45,BTC-27DEC19,1573297140711,open,0.0,604.5,0.0005,0.0105,1.033e-05,100.0,0.0005,0.0,BTC-27DEC19-2500-P,8840.48,0.0,0.0,0.0,0.0005,12.5,139.86,0.01386,-0.01448,-0.0014,0.0,-0.00011
8879.49,SYN.BTC-29NOV19,1573297140743,open,0.1,137.0,0.0735,0.1335,0.09522839,55.21,0.104,0.0,BTC-29NOV19-9500-P,8840.48,50.71,0.0915,17.0,0.0985,12.5,59.08,7.4369,-10.32928,-3.73484,0.00031,-0.67719
8879.49,SYN.BTC-29NOV19,1573297140759,open,0.7,0.0,0.6565,0.728,0.69052031,99.43,None,0.0,BTC-29NOV19-15000-P,8840.48,0.0,0.02,1.0,0.0,0.0,0.0,0.83046,-2.07713,-8.09658,2e-05,-0.98398
8934.45,BTC-27DEC19,1573297140764,open,0.0,503.5,0.0005,0.0105,0.00034045,100.0,0.0005,0.0,BTC-27DEC19-3500-P,8840.48,104.42,0.0005,22.2,0.0,0.0,0.0,0.27946,-0.29186,-0.03697,0.0,-0.00281
8934.46,BTC-27DEC19,1573297140805,open,0.01,899.5,0.0005,0.017,0.00599757,81.36,0.0065,0.0,BTC-27DEC19-15000-C,8840.48,80.07,0.0055,4.1,0.0065,7.0,82.6,3.5257,-2.99574,0.55759,4e-05,0.05358
9104.48,BTC-27MAR20,1573297140805,open,0.01,148.3,0.004,0.0375,0.01610601,92.08,0.014,0.0,BTC-27MAR20-24000-C,8840.48,80.34,0.0075,12.0,0.0265,1.0,102.16,8.14624,-2.70078,2.12488,3e-05,0.07745
8934.46,BTC-27DEC19,1573297140805,open,0.08,518.6,0.0565,0.114,0.08589144,61.86,0.0915,0.0,BTC-27DEC19-9000-C,8840.48,60.89,0.0845,10.2,0.0875,0.5,62.97,12.8683,-8.3129,5.22369,0.0002,0.53164
8934.46,BTC-27DEC19,1573297140805,open,0.0,791.7,0.0005,0.013,0.00349212,94.08,0.0025,0.0,BTC-27DEC19-18000-C,8840.48,89.58,0.0025,21.0,0.0045,19.5,97.88,2.18291,-2.14485,0.30703,2e-05,0.02969
9104.48,BTC-27MAR20,1573297140838,open,0.01,110.3,0.0005,0.017,0.00530445,99.98,0.006,0.0,BTC-27MAR20-36000-C,8840.48,76.87,0.0005,23.5,0.0075,5.0,104.99,3.54065,-1.27446,0.76443,1e-05,0.02737
8934.46,BTC-27DEC19,1573297140858,open,1.03,9.4,0.976,1.0655,1.01816566,94.09,1.1125,0.0,BTC-27DEC19-18000-P,8840.48,0.0,0.0,0.0,0.0,0.0,0.0,2.1838,-2.14594,-23.30275,2e-05,-0.97029
9263.37,SYN.BTC-26JUN20,1573297140871,open,0.03,180.2,0.0135,0.05,0.02984549,72.49,0.026,0.0,BTC-26JUN20-5000-P,8840.48,57.03,0.013,1.0,0.032,3.0,74.19,11.64008,-1.83543,-6.81673,3e-05,-0.087
8934.46,BTC-27DEC19,1573297140888,open,0.15,507.5,0.119,0.176,0.14866357,63.37,0.1505,0.0,BTC-27DEC19-8000-C,8840.48,59.07,0.1435,8.5,0.151,8.5,65.3,10.80758,-7.15274,6.74761,0.00016,0.72445
8879.49,SYN.BTC-29NOV19,1573297140931,open,0.0,154.6,0.0005,0.012,0.00248532,77.85,0.0025,0.0,BTC-29NOV19-12500-C,8840.48,75.08,0.002,5.0,0.003,10.2,80.45,1.66059,-3.25214,0.16492,5e-05,0.03659
9104.48,BTC-27MAR20,1573297140939,open,0.01,57.8,0.0005,0.024,0.00852844,99.98,0.01,0.0,BTC-27MAR20-32000-C,8840.48,71.23,0.0005,23.0,0.009,5.0,100.82,5.01759,-1.80608,1.15334,2e-05,0.04182
8934.46,BTC-27DEC19,1573297140959,open,0.58,268.3,0.5385,0.6145,0.57471616,76.78,0.7205,0.0,BTC-27DEC19-14000-P,8840.48,0.0,0.0,0.0,0.0,0.0,0.0,4.34237,-3.48204,-17.63432,5e-05,-0.93005
9263.37,SYN.BTC-26JUN20,1573297140967,open,1.64,0.0,1.5535,1.703,1.6242504,82.75,None,0.0,BTC-26JUN20-24000-P,8840.48,0.0,0.0,0.0,0.0,0.0,0.0,15.64096,-2.81521,-145.45236,3e-05,-0.86892
9263.37,SYN.BTC-26JUN20,1573297141009,open,0.2,136.7,0.1465,0.244,0.19765229,72.49,0.2025,0.0,BTC-26JUN20-10000-C,8840.48,71.33,0.194,0.5,0.2045,3.5,74.69,28.97914,-4.56948,21.22431,7e-05,0.56145
8879.49,SYN.BTC-29NOV19,1573297141009,open,0.0,372.3,0.0005,0.011,0.00123367,99.42,0.001,0.0,BTC-29NOV19-15000-C,8840.48,89.02,0.0005,124.5,0.002,22.0,106.33,0.83011,-2.07607,0.07148,2e-05,0.01602
8934.46,BTC-27DEC19,1573297141039,open,0.01,1295.5,0.0005,0.016,0.00648377,73.68,0.006,0.0,BTC-27DEC19-6000-P,8840.48,69.58,0.005,26.1,0.008,42.0,77.41,3.44459,-2.65062,-0.68571,4e-05,-0.05203
191.04,ETH-27MAR20,1573297141043,open,0.55,158.0,0.481,0.622,0.552297,85.91,0.62,0.0,ETH-27MAR20-280-P,185.4,78.87,0.537,42.0,0.573,1.0,95.05,0.4236,-0.13102,-0.89279,0.00355,-0.67597
8934.46,BTC-27DEC19,1573297141091,open,0.69,211.2,0.6475,0.7265,0.68489219,81.36,0.9295,0.0,BTC-27DEC19-15000-P,8840.48,0.0,0.0,0.0,0.0,0.0,0.0,3.52633,-2.99646,-19.11723,4e-05,-0.94641
8934.46,BTC-27DEC19,1573297141093,open,0.5,21.6,0.4865,0.511,0.4983247,94.32,0.5285,0.0,BTC-27DEC19-4500-C,8840.48,0.0,0.4875,1.0,0.5085,1.0,134.42,1.20289,-1.18485,5.7071,1e-05,0.98532
8934.46,BTC-27DEC19,1573297141093,open,0.55,30.9,0.5435,0.5645,0.55340207,99.99,0.5735,0.0,BTC-27DEC19-4000-C,8840.48,0.0,0.5445,9.0,0.562,1.0,146.15,0.72443,-0.75653,5.13765,1e-05,0.99181
8934.46,BTC-27DEC19,1573297141093,open,0.0,879.8,0.0005,0.012,0.00243333,100.0,0.002,0.0,BTC-27DEC19-20000-C,8840.48,97.42,0.002,16.0,0.004,23.0,107.36,1.59866,-1.66959,0.21151,2e-05,0.02048
9263.37,SYN.BTC-26JUN20,1573297141095,open,0.0,69.9,0.0005,0.0145,0.00460487,78.04,0.005,0.0,BTC-26JUN20-3000-P,8840.48,72.51,0.003,45.6,0.006,3.0,81.98,3.03343,-0.51489,-1.23583,1e-05,-0.01658
8934.46,BTC-27DEC19,1573297141103,open,1.7,0.0,1.634,1.7435,1.68679673,100.05,None,0.0,BTC-27DEC19-24000-P,8840.6,0.0,0.0,0.0,0.0,0.0,0.0,0.50534,-0.52804,-31.42268,0.0,-0.99455
9104.48,BTC-27MAR20,1573297141103,open,0.09,1050.2,0.0495,0.1255,0.08720119,74.32,0.0855,0.0,BTC-27MAR20-12000-C,8840.6,72.93,0.084,4.0,0.09,14.0,75.54,20.89801,-5.59218,9.26079,9e-05,0.35454
8934.46,BTC-27DEC19,1573297141103,open,4.84,0.8,4.7065,4.9385,4.8201681,120.83,3.59,0.0,BTC-27DEC19-52000-P,8840.6,0.0,0.001,1.0,0.0,0.0,0.0,0.00923,-0.01165,-68.20572,0.0,-0.99993
8934.46,BTC-27DEC19,1573297141103,open,3.94,0.0,3.8285,4.025,3.92475842,110.23,3.46,0.0,BTC-27DEC19-44000-P,8840.6,0.0,0.001,1.0,0.0,0.0,0.0,0.00967,-0.01113,-57.71237,0.0,-0.99993
8934.46,BTC-27DEC19,1573297141103,open,0.19,292.5,0.1605,0.2135,0.18777847,63.72,0.2,0.0,BTC-27DEC19-7500-C,8840.6,40.21,0.168,7.0,0.195,13.0,70.83,8.8123,-5.86392,7.27878,0.00013,0.80889
8934.46,BTC-27DEC19,1573297141103,open,0.0,685.2,0.0005,0.0105,0.00056534,100.0,0.001,0.0,BTC-27DEC19-24000-C,8840.6,106.17,0.001,16.0,0.002,27.0,115.14,0.50335,-0.52568,0.05698,0.0,0.00543
8934.46,BTC-27DEC19,1573297141103,open,0.05,860.5,0.022,0.0685,0.04407404,63.37,0.044,0.0,BTC-27DEC19-8000-P,8840.6,62.48,0.043,15.0,0.0455,11.5,64.55,10.80761,-7.15285,-3.74573,0.00016,-0.27555
9104.48,BTC-27MAR20,1573297141103,open,1.01,0.0,0.9495,1.066,1.00498407,81.51,1.23,0.0,BTC-27MAR20-18000-P,8840.6,0.0,0.0,0.0,0.0,0.0,0.0,12.177,-3.57354,-64.7869,5e-05,-0.86526
9104.48,BTC-27MAR20,1573297141103,open,0.01,117.2,0.001,0.029,0.01092313,99.98,0.008,0.0,BTC-27MAR20-30000-C,8840.6,89.93,0.0055,13.0,0.0175,1.0,108.61,5.98057,-2.15271,1.42479,2e-05,0.05205
8934.46,BTC-27DEC19,1573297141103,open,0.0,449.3,0.0005,0.0105,8.8e-07,100.0,0.0005,0.0,BTC-27DEC19-44000-C,8840.6,0.0,0.0,0.0,0.0005,1.0,148.47,0.00175,-0.00182,0.00013,0.0,1e-05
8934.46,BTC-27DEC19,1573297141103,open,0.83,12.1,0.8225,0.842,0.83211055,0.0,0.8415,0.0,BTC-27DEC19-1500-C,8840.6,0.0,0.824,1.0,0.84,1.0,296.18,0.0,0.0,1.96749,0.0,1.0
8934.46,BTC-27DEC19,1573297141103,open,0.01,390.4,0.0005,0.0145,0.0049859,82.09,0.005,0.0,BTC-27DEC19-5500-P,8840.6,80.4,0.0045,49.0,0.0055,35.0,83.78,2.64524,-2.26784,-0.49782,3e-05,-0.03749
8934.46,BTC-27DEC19,1573297141104,open,0.0,868.9,0.0005,0.0105,7.545e-05,100.0,0.0005,0.0,BTC-27DEC19-3000-P,8840.6,0.0,0.0,0.0,0.001,9.3,131.29,0.07856,-0.08204,-0.0091,0.0,-0.0007
9104.48,BTC-27MAR20,1573297141104,open,0.07,77.7,0.036,0.0945,0.06423915,71.18,0.062,0.0,BTC-27MAR20-7000-P,8840.6,62.63,0.0495,8.0,0.0655,5.0,71.89,16.03094,-4.10829,-9.38275,7e-05,-0.20662
9104.48,BTC-27MAR20,1573297141104,open,0.01,156.2,0.004,0.027,0.0135217,72.38,0.014,0.0,BTC-27MAR20-5000-P,8840.6,67.96,0.0105,12.0,0.0165,18.0,76.32,6.57827,-1.71436,-2.50273,3e-05,-0.05873
8934.58,BTC-27DEC19,1573297141105,open,0.61,4.3,0.599,0.6185,0.60859837,99.82,0.5625,0.0,BTC-27DEC19-3500-C,8840.6,0.0,0.6,1.0,0.6165,1.0,161.65,0.27605,-0.28778,4.55436,0.0,0.99722
9104.48,BTC-27MAR20,1573297141104,open,0.57,9.4,0.5535,0.5805,0.5662551,78.06,0.585,0.0,BTC-27MAR20-4000-C,8840.6,0.0,0.555,7.0,0.5785,1.0,101.66,3.35427,-0.94272,14.13654,1e-05,0.97434
9104.48,BTC-27MAR20,1573297141104,open,0.01,85.8,0.0005,0.02,0.00670436,99.98,0.009,0.0,BTC-27MAR20-34000-C,8840.6,74.15,0.0005,23.0,0.008,5.0,102.62,4.2125,-1.51629,0.93716,1e-05,0.03376
8934.58,BTC-27DEC19,1573297141105,open,0.0,562.6,0.0005,0.0105,2.89e-06,100.0,0.0005,0.0,BTC-27DEC19-40000-C,8840.6,0.0,0.0,0.0,0.0005,10.0,140.91,0.00512,-0.00535,0.00041,0.0,4e-05
9104.48,BTC-27MAR20,1573297141105,open,0.03,484.8,0.0145,0.054,0.0321602,71.18,0.034,0.0,BTC-27MAR20-6000-P,8840.6,65.19,0.025,11.0,0.034,5.0,72.65,11.30925,-2.89824,-5.31048,5e-05,-0.12114
8934.58,BTC-27DEC19,1573297141105,open,0.02,332.1,0.006,0.034,0.01774166,67.16,0.0185,0.0,BTC-27DEC19-7000-P,8840.6,65.52,0.0165,1.0,0.019,31.0,68.78,6.85686,-4.80921,-1.73515,0.0001,-0.13032
9104.48,BTC-27MAR20,1573297141105,open,0.03,1511.4,0.013,0.063,0.0346641,76.41,0.04,0.0,BTC-27MAR20-16000-C,8840.6,70.13,0.0255,10.0,0.04,14.4,79.75,14.12311,-3.88511,4.63133,6e-05,0.16836
8934.58,BTC-27DEC19,1573297141106,open,0.44,66.8,0.43,0.459,0.44385795,89.38,0.4645,0.0,BTC-27DEC19-5000-C,8840.6,0.0,0.431,1.0,0.456,8.0,124.77,1.9093,-1.78228,6.22118,2e-05,0.97471
9104.48,BTC-27MAR20,1573297141106,open,1.23,5.2,1.1615,1.283,1.21895809,85.06,1.108,0.0,BTC-27MAR20-20000-P,8840.6,0.0,0.0,0.0,0.0,0.0,0.0,10.41777,-3.19046,-73.12728,4e-05,-0.89205
8934.58,BTC-27DEC19,1573297141106,open,0.72,0.0,0.7105,0.73,0.72019456,96.81,None,0.0,BTC-27DEC19-2500-C,8840.6,0.0,0.712,1.0,0.7285,1.0,214.98,0.00916,-0.00927,3.27826,0.0,0.99993
9104.48,BTC-27MAR20,1573297141106,open,1.66,0.0,1.589,1.7235,1.65217379,92.09,None,0.0,BTC-27MAR20-24000-P,8840.6,0.0,0.0005,5.0,0.0,0.0,0.0,8.14705,-2.70114,-89.1904,3e-05,-0.92254
9104.48,BTC-27MAR20,1573297141107,open,0.03,260.0,0.009,0.0545,0.02793324,81.51,0.0275,0.0,BTC-27MAR20-18000-C,8840.6,78.47,0.024,11.0,0.0315,16.0,84.1,12.17658,-3.57335,3.69958,5e-05,0.13473
9104.48,BTC-27MAR20,1573297141107,open,0.11,328.4,0.0715,0.1475,0.10947313,71.18,0.1145,0.0,BTC-27MAR20-8000-P,8840.6,69.34,0.1055,0.3,0.1135,12.0,73.05,19.6311,-5.03091,-14.30914,9e-05,-0.3036
8934.58,BTC-27DEC19,1573297141107,open,0.0,255.7,0.0005,0.0105,1e-08,100.0,0.001,0.0,BTC-27DEC19-1500-P,8840.6,0.0,0.0,0.0,0.0005,96.0,194.71,3e-05,-3e-05,0.0,0.0,0.0
8934.58,BTC-27DEC19,1573297141107,open,0.0,438.0,0.0005,0.011,0.00116554,100.0,0.0015,0.0,BTC-27DEC19-22000-C,8840.6,103.02,0.0015,16.0,0.002,8.0,106.76,0.90184,-0.94184,0.1097,1e-05,0.01053
9104.48,BTC-27MAR20,1573297141107,open,0.06,351.5,0.026,0.0905,0.05633989,76.41,0.056,0.0,BTC-27MAR20-14000-C,8840.6,73.37,0.0505,9.0,0.062,14.0,79.26,17.81175,-4.89981,6.67719,7e-05,0.24909
8934.58,BTC-27DEC19,1573297141108,open,2.59,0.3,2.5115,2.655,2.58167793,106.45,1.875,0.0,BTC-27DEC19-32000-P,8840.6,0.0,0.0,0.0,0.0,0.0,0.0,0.10043,-0.11165,-41.96352,0.0,-0.99908
8934.58,BTC-27DEC19,1573297141108,open,1.25,3.6,1.195,1.2915,1.24095949,100.18,1.729,0.0,BTC-27DEC19-20000-P,8840.6,0.0,0.0,0.0,0.0,0.0,0.0,1.61297,-1.68756,-26.01959,2e-05,-0.9793
9263.37,SYN.BTC-26JUN20,1573297141105,open,0.41,7.0,0.3775,0.443,0.41108397,72.49,0.41,0.0,BTC-26JUN20-6000-C,8840.6,56.05,0.383,4.0,0.4385,4.0,86.84,17.03148,-2.68555,25.68968,4e-05,0.85143
9263.37,SYN.BTC-26JUN20,1573297141104,open,0.14,149.9,0.094,0.191,0.14380034,74.63,0.1415,0.0,BTC-26JUN20-12000-C,8840.6,72.78,0.138,5.5,0.1505,0.5,76.77,29.03828,-4.71399,17.51325,7e-05,0.44399
9263.37,SYN.BTC-26JUN20,1573297141104,open,0.06,74.9,0.0235,0.094,0.05528852,82.75,0.053,0.0,BTC-26JUN20-20000-C,8840.6,80.79,0.051,1.0,0.059,10.0,84.4,20.54529,-3.69786,8.40882,5e-05,0.19942
8879.49,SYN.BTC-29NOV19,1573297141105,open,0.16,68.8,0.1425,0.1865,0.16397749,63.49,0.159,0.0,BTC-29NOV19-7500-C,8840.6,0.0,0.1425,6.0,0.1865,6.0,102.76,3.95799,-6.32196,3.49867,0.00015,0.88756
9263.37,SYN.BTC-26JUN20,1573297141104,open,0.06,92.6,0.032,0.088,0.05879699,72.49,0.0565,0.0,BTC-26JUN20-6000-P,8840.6,57.83,0.0335,6.0,0.061,9.0,73.69,17.03152,-2.68557,-12.09817,4e-05,-0.14858
9263.37,SYN.BTC-26JUN20,1573297141106,open,0.03,73.0,0.0075,0.054,0.02533587,89.82,0.027,0.0,BTC-26JUN20-30000-C,8840.6,82.17,0.016,8.0,0.0345,8.0,95.95,12.72572,-2.48614,4.2475,3e-05,0.09814
8879.49,SYN.BTC-29NOV19,1573297141105,open,0.03,309.4,0.0185,0.064,0.03296522,56.62,0.0365,0.0,BTC-29NOV19-8500-P,8840.6,54.92,0.0315,1.0,0.0345,4.5,58.4,7.64101,-10.88378,-1.8315,0.00031,-0.34582
8879.49,SYN.BTC-29NOV19,1573297141105,open,0.19,5.0,0.1645,0.2245,0.19082849,59.5,0.15,0.0,BTC-29NOV19-10500-P,8840.6,0.0,0.005,0.2,0.3,0.1,194.38,4.32613,-6.47486,-5.14115,0.00017,-0.87244
8879.49,SYN.BTC-29NOV19,1573297141108,open,0.41,0.0,0.3805,0.443,0.41022419,77.85,None,0.0,BTC-29NOV19-12500-P,8840.6,0.0,0.0125,1.0,0.0,0.0,0.0,1.66085,-3.2528,-6.64179,5e-05,-0.9634
9263.37,SYN.BTC-26JUN20,1573297141103,open,1.43,0.0,1.3475,1.495,1.41773718,82.75,None,0.0,BTC-26JUN20-22000-P,8840.6,0.0,0.11,1.0,0.0,0.0,0.0,17.98747,-3.23754,-131.63668,4e-05,-0.83862
8879.49,SYN.BTC-29NOV19,1573297141105,open,0.36,0.0,0.326,0.387,0.35490059,74.78,None,0.0,BTC-29NOV19-12000-P,8840.6,0.0,0.012,1.0,0.0,0.0,0.0,2.1589,-4.06115,-6.30639,7e-05,-0.94936
9263.37,SYN.BTC-26JUN20,1573297141103,open,0.01,199.6,0.002,0.0235,0.01178405,72.49,0.0105,0.0,BTC-26JUN20-4000-P,8840.6,65.57,0.0075,8.0,0.0145,11.0,76.25,6.37221,-1.00478,-3.038,2e-05,-0.04029
9263.37,SYN.BTC-26JUN20,1573297141104,open,0.49,0.0,0.4655,0.515,0.49008464,72.49,None,0.0,BTC-26JUN20-5000-C,8840.6,52.52,0.4695,4.0,0.511,4.0,87.69,11.64,-1.83541,24.67317,3e-05,0.913
8879.49,SYN.BTC-29NOV19,1573297141106,open,0.02,415.2,0.0135,0.0555,0.02534699,55.21,0.0235,0.0,BTC-29NOV19-9500-C,8840.6,51.78,0.0225,10.0,0.027,16.5,57.18,7.43689,-10.32917,1.43828,0.00031,0.32281
8879.49,SYN.BTC-29NOV19,1573297141104,open,0.0,1094.2,0.0005,0.012,0.00222608,83.42,0.002,0.0,BTC-29NOV19-13000-C,8840.6,78.46,0.0015,10.0,0.003,4.3,87.69,1.46301,-3.07006,0.14092,4e-05,0.03137
8879.49,SYN.BTC-29NOV19,1573297141104,open,0.0,435.5,0.0005,0.011,0.00149693,85.25,0.0015,0.0,BTC-29NOV19-6000-P,8840.6,80.12,0.001,26.6,0.002,1.0,89.45,0.97054,-2.08147,-0.10024,3e-05,-0.01923
8879.49,SYN.BTC-29NOV19,1573297141104,open,0.0,658.9,0.0005,0.0125,0.00293318,79.01,0.004,0.0,BTC-29NOV19-6500-P,8840.6,73.55,0.002,16.0,0.004,20.0,84.16,1.6833,-3.34581,-0.19409,5e-05,-0.03721
8879.49,SYN.BTC-29NOV19,1573297141106,open,0.0,224.2,0.0005,0.0115,0.00175571,92.94,0.0015,0.0,BTC-29NOV19-14000-C,8840.6,85.93,0.001,3.0,0.0025,17.0,98.09,1.1389,-2.66268,0.10387,3e-05,0.02324
9263.37,SYN.BTC-26JUN20,1573297141103,open,0.04,10.5,0.0115,0.0645,0.03339831,82.75,0.04,0.0,BTC-26JUN20-24000-C,8840.6,70.99,0.0165,8.0,0.0425,3.0,87.84,15.64033,-2.81504,5.69851,3e-05,0.13108
9263.37,SYN.BTC-26JUN20,1573297141105,open,0.03,4.3,0.009,0.06,0.02930162,88.85,0.039,0.0,BTC-26JUN20-28000-C,8840.6,86.25,0.0255,8.0,0.033,3.0,91.23,14.00031,-2.70577,4.82305,3e-05,0.11197
192.71,SYN.ETH-26JUN20,1573297141119,open,0.44,0.0,0.359,0.505,0.434934,85.26,None,0.0,ETH-26JUN20-240-P,185.4,49.95,0.325,1.0,0.6,2.0,138.61,0.61005,-0.11313,-1.12793,0.00306,-0.49443
186.4,SYN.ETH-29NOV19,1573297141213,open,0.25,1.0,0.227,0.277,0.252867,78.24,0.289,0.0,ETH-29NOV19-140-C,185.4,0.0,0.248,51.0,0.269,17.0,121.74,0.04382,-0.08625,0.07091,0.00296,0.95145
191.04,ETH-27MAR20,1573297141222,open,0.74,6.0,0.661,0.809,0.735255,86.66,0.725,0.0,ETH-27MAR20-320-P,185.4,48.97,0.682,1.0,0.763,1.0,100.23,0.36853,-0.11498,-1.08493,0.00306,-0.75735
192.71,SYN.ETH-26JUN20,1573297141229,open,0.96,0.0,0.867,1.043,0.955507,85.84,None,0.0,ETH-26JUN20-360-P,185.4,0.0,0.0,0.0,0.996,1.0,100.2,0.51661,-0.09645,-2.03103,0.00257,-0.71796
187.8,ETH-27DEC19,1573297141350,open,0.0,4100.0,0.001,0.012,0.002987,93.49,0.004,0.0,ETH-27DEC19-100-P,185.4,78.95,0.001,47.0,0.005,1.0,102.83,0.03453,-0.03372,-0.00595,0.0008,-0.02115
187.8,ETH-27DEC19,1573297141358,open,0.0,4100.0,0.001,0.012,0.002987,93.49,0.004,0.0,ETH-27DEC19-100-P,185.4,78.95,0.001,407.0,0.005,1.0,102.83,0.03453,-0.03372,-0.00595,0.0008,-0.02115
186.4,SYN.ETH-29NOV19,1573297141370,open,0.11,121.0,0.073,0.147,0.105092,64.21,0.109,0.0,ETH-29NOV19-200-P,185.4,59.42,0.101,120.0,0.112,36.0,72.14,0.16049,-0.25924,-0.07701,0.01321,-0.65365
191.04,ETH-27MAR20,1573297141427,open,0.41,40.0,0.379,0.444,0.413414,84.76,0.459,0.0,ETH-27MAR20-120-C,185.4,54.64,0.382,22.0,0.429,22.0,96.52,0.24245,-0.07399,0.33558,0.00206,0.87509
187.8,ETH-27DEC19,1573297141483,open,0.41,946.0,0.354,0.455,0.403961,76.92,0.3,0.0,ETH-27DEC19-260-P,185.4,0.0,0.384,50.0,0.0,0.0,0.0,0.15989,-0.12843,-0.30843,0.00449,-0.84815
187.8,ETH-27DEC19,1573297141556,open,0.31,2287.0,0.259,0.356,0.307478,74.09,0.302,0.0,ETH-27DEC19-240-P,185.4,0.0,0.277,61.0,0.346,11.0,106.04,0.20019,-0.1549,-0.26844,0.00584,-0.78227
185.69,SYN.ETH-15NOV19,1573297142106,open,0.02,276.0,0.003,0.039,0.016016,57.78,0.02,0.0,ETH-15NOV19-180-P,185.4,46.51,0.011,187.0,0.02,20.0,66.43,0.0845,-0.41543,-0.01011,0.02635,-0.32221
185.69,SYN.ETH-15NOV19,1573297142106,open,0.04,531.0,0.019,0.075,0.046682,57.78,0.048,0.0,ETH-15NOV19-180-C,185.4,47.28,0.042,25.0,0.05,140.0,65.0,0.0845,-0.41543,0.01887,0.02635,0.67779
185.69,SYN.ETH-15NOV19,1573297142108,open,0.19,0.0,0.151,0.224,0.186236,74.52,None,0.0,ETH-15NOV19-220-P,185.4,0.0,0.001,1.0,0.249,1.0,249.98,0.02048,-0.1299,-0.03425,0.00495,-0.95956
185.69,SYN.ETH-15NOV19,1573297142108,open,0.09,80.0,0.059,0.117,0.089543,62.34,0.091,0.0,ETH-15NOV19-170-C,185.4,0.0,0.084,70.0,0.093,40.0,74.37,0.04819,-0.25566,0.02351,0.01392,0.87614
185.69,SYN.ETH-15NOV19,1573297142108,open,0.04,303.0,0.016,0.074,0.042603,57.78,0.056,0.0,ETH-15NOV19-190-P,185.4,48.24,0.038,120.0,0.048,20.0,68.77,0.09048,-0.44485,-0.01947,0.02821,-0.60874
186.05,SYN.ETH-22NOV19,1573297142132,open,0.06,50.0,0.033,0.091,0.063085,61.06,0.06,0.0,ETH-22NOV19-180-C,185.41,52.39,0.057,120.0,0.067,20.0,66.59,0.13133,-0.31142,0.03754,0.01761,0.63509
186.05,SYN.ETH-22NOV19,1573297142132,open,0.01,37.0,0.002,0.028,0.011991,67.1,0.011,0.0,ETH-22NOV19-210-C,185.41,63.0,0.01,160.0,0.014,1.0,71.01,0.09314,-0.24267,0.01133,0.01137,0.18457
186.05,SYN.ETH-22NOV19,1573297142132,open,0.14,0.0,0.117,0.174,0.146467,66.74,None,0.0,ETH-22NOV19-160-C,185.41,24.16,0.14,31.0,0.0,0.0,0.0,0.06257,-0.16217,0.04927,0.00768,0.8972
9104.59,BTC-27MAR20,1573297142141,open,0.0,609.0,0.0005,0.013,0.00338708,100.0,0.004,0.0,BTC-27MAR20-40000-C,8840.6,100.4,0.0035,14.0,0.005,0.1,105.08,2.5166,-0.90606,0.5152,1e-05,0.01826
185.69,SYN.ETH-15NOV19,1573297142146,open,0.04,531.0,0.019,0.075,0.046682,57.78,0.048,0.0,ETH-15NOV19-180-C,185.41,47.28,0.042,25.0,0.049,20.0,62.83,0.0845,-0.41543,0.01887,0.02635,0.67779
186.4,SYN.ETH-29NOV19,1573297142149,open,0.0,569.0,0.001,0.011,0.001386,103.56,0.003,0.0,ETH-29NOV19-320-C,185.41,0.0,0.0,0.0,0.002,1.0,109.0,0.01852,-0.04824,0.0016,0.00095,0.01719
186.05,SYN.ETH-22NOV19,1573297142162,open,0.14,0.0,0.117,0.174,0.146467,66.74,None,0.0,ETH-22NOV19-160-C,185.41,24.16,0.14,1.0,0.0,0.0,0.0,0.06257,-0.16217,0.04927,0.00768,0.8972
8879.62,SYN.BTC-29NOV19,1573297142171,open,0.01,517.2,0.0005,0.0165,0.00574898,64.28,0.006,0.0,BTC-29NOV19-11000-C,8840.6,60.73,0.0045,16.0,0.007,20.0,67.48,3.31205,-5.35601,0.39822,0.00012,0.08811
185.69,SYN.ETH-15NOV19,1573297142167,open,0.19,0.0,0.151,0.224,0.186236,74.52,None,0.0,ETH-15NOV19-220-P,185.41,0.0,0.001,1.0,0.25,1.0,252.09,0.02048,-0.1299,-0.03425,0.00495,-0.95956
191.05,ETH-27MAR20,1573297142176,open,0.49,0.0,0.47,0.519,0.495737,84.73,None,0.0,ETH-27MAR20-100-C,185.41,49.95,0.478,24.0,0.51,23.0,100.65,0.15264,-0.04656,0.318,0.0013,0.93319
185.69,SYN.ETH-15NOV19,1573297142179,open,0.04,303.0,0.016,0.074,0.042603,57.78,0.056,0.0,ETH-15NOV19-190-P,185.41,48.24,0.038,120.0,0.049,158.0,70.79,0.09048,-0.44485,-0.01947,0.02821,-0.60874
8879.62,SYN.BTC-29NOV19,1573297142236,open,0.21,7.4,0.197,0.2365,0.21660981,70.86,0.25,0.0,BTC-29NOV19-7000-C,8840.6,0.0,0.1985,6.0,0.235,6.0,113.04,2.59966,-4.63417,3.47788,9e-05,0.93588
8934.57,BTC-27DEC19,1573297142243,open,0.78,0.0,0.7665,0.786,0.77615131,101.65,None,0.0,BTC-27DEC19-2000-C,8840.6,0.0,0.768,1.0,0.7845,1.0,251.38,0.00155,-0.00164,2.62319,0.0,0.99999
8934.57,BTC-27DEC19,1573297142304,open,3.49,0.0,3.3895,3.5685,3.47699006,0.0,2.58,0.0,BTC-27DEC19-40000-P,8840.6,0.0,0.001,1.0,0.0,0.0,0.0,0.0,0.0,-52.46651,0.0,-1.0
9104.59,BTC-27MAR20,1573297142315,open,2.53,0.0,2.4475,2.608,2.52328166,100.05,None,0.0,BTC-27MAR20-32000-P,8840.6,0.0,0.001,1.0,0.0,0.0,0.0,5.03336,-1.81314,-120.59655,2e-05,-0.95802
8879.62,SYN.BTC-29NOV19,1573297142317,open,0.14,33.7,0.1155,0.177,0.14126551,58.14,0.1145,0.0,BTC-29NOV19-10000-P,8840.6,0.0,0.1145,4.0,0.172,4.0,97.34,5.96423,-8.72334,-4.50514,0.00024,-0.79045
8934.57,BTC-27DEC19,1573297142328,open,0.8,19.0,0.757,0.8385,0.79554912,85.48,1.2,0.0,BTC-27DEC19-16000-P,8840.6,0.0,0.4,0.2,0.0,0.0,0.0,2.90393,-2.59236,-20.54948,3e-05,-0.95795
9104.59,BTC-27MAR20,1573297142328,open,0.46,1.0,0.4455,0.484,0.46434143,72.38,0.551,0.0,BTC-27MAR20-5000-C,8840.6,0.0,0.448,6.0,0.483,6.0,93.51,6.57678,-1.71378,16.52216,3e-05,0.94129
9104.59,BTC-27MAR20,1573297142328,open,0.01,1259.6,0.0005,0.0155,0.00559967,78.06,0.005,0.0,BTC-27MAR20-4000-P,8840.6,73.31,0.004,23.0,0.007,6.0,81.63,3.35442,-0.94279,-1.08278,1e-05,-0.02566
9104.59,BTC-27MAR20,1573297142328,open,0.02,219.1,0.0045,0.038,0.0168079,86.8,0.016,0.0,BTC-27MAR20-22000-C,8840.6,79.28,0.0105,12.0,0.023,12.0,92.78,8.64328,-2.70099,2.31936,3e-05,0.08376
8934.57,BTC-27DEC19,1573297142328,open,0.0,1544.5,0.0005,0.0105,9e-08,100.0,0.001,0.0,BTC-27DEC19-52000-C,8840.6,0.0,0.0,0.0,0.0005,35.0,161.52,0.00022,-0.00023,2e-05,0.0,0.0
8934.57,BTC-27DEC19,1573297142328,open,0.01,675.6,0.002,0.0265,0.01150586,73.55,0.012,0.0,BTC-27DEC19-13000-C,8840.6,72.75,0.011,0.1,0.012,23.0,74.31,5.7287,-4.40033,1.05121,7e-05,0.10121
9104.59,BTC-27MAR20,1573297142328,open,0.23,257.8,0.1895,0.268,0.23078439,71.18,0.223,0.0,BTC-27MAR20-8000-C,8840.6,67.1,0.222,6.0,0.2365,12.0,73.83,19.63103,-5.03069,16.12995,9e-05,0.69641
8879.62,SYN.BTC-29NOV19,1573297142330,open,0.06,270.9,0.0405,0.0955,0.05877988,55.22,0.066,0.0,BTC-29NOV19-9000-P,8840.6,53.31,0.057,5.0,0.0615,12.5,58.14,8.25981,-11.47396,-2.77916,0.00035,-0.51598
8879.62,SYN.BTC-29NOV19,1573297142330,open,0.0,235.7,0.0005,0.014,0.00437474,69.63,0.0045,0.0,BTC-29NOV19-11500-C,8840.6,66.52,0.0035,3.0,0.0055,39.1,73.19,2.64289,-4.62949,0.29555,9e-05,0.0655
8879.62,SYN.BTC-29NOV19,1573297142330,open,0.02,733.7,0.0065,0.0395,0.01688659,58.99,0.018,0.0,BTC-29NOV19-8000-P,8840.6,56.1,0.015,27.1,0.0185,16.0,61.4,5.87416,-8.71748,-1.06916,0.00023,-0.20423
9104.59,BTC-27MAR20,1573297142353,open,0.14,571.0,0.0895,0.17,0.13094452,68.63,0.142,0.0,BTC-27MAR20-10000-C,8840.6,68.45,0.1305,7.0,0.1415,6.0,72.92,22.4035,-5.53604,12.64775,0.0001,0.49605
8934.57,BTC-27DEC19,1573297142362,open,1.47,4.9,1.4145,1.517,1.46350862,99.97,1.0385,0.0,BTC-27DEC19-22000-P,8840.6,0.0,0.0,0.0,0.0,0.0,0.0,0.9004,-0.94009,-28.74708,1e-05,-0.98949
9104.59,BTC-27MAR20,1573297142415,open,0.17,125.3,0.121,0.1975,0.16082945,63.77,0.1805,0.0,BTC-27MAR20-9000-C,8840.6,54.9,0.1395,6.0,0.1815,12.0,72.41,21.83945,-5.01406,14.84681,0.00011,0.58942
8934.57,BTC-27DEC19,1573297142415,open,0.26,247.2,0.2225,0.2955,0.25859541,65.46,0.226,0.0,BTC-27DEC19-11000-P,8840.6,0.0,0.14,3.9,0.3775,1.0,154.37,9.68064,-6.6181,-12.12433,0.00014,-0.77598
9263.49,SYN.BTC-26JUN20,1573297142448,open,0.28,111.5,0.22,0.3315,0.27717316,72.5,0.28,0.0,BTC-26JUN20-10000-P,8840.6,62.73,0.2465,3.0,0.287,3.5,75.64,28.97933,-4.56971,-41.75496,7e-05,-0.43853
8879.62,SYN.BTC-29NOV19,1573297142458,open,0.47,0.0,0.436,0.5,0.46627383,83.54,None,0.0,BTC-29NOV19-13000-P,8840.6,0.0,0.013,1.0,0.0,0.0,0.0,1.47137,-3.09212,-6.93714,4e-05,-0.96841
187.8,ETH-27DEC19,1573297142460,open,0.0,4100.0,0.001,0.012,0.002987,93.5,0.004,0.0,ETH-27DEC19-100-P,185.41,78.95,0.001,47.0,0.005,1.0,102.83,0.03454,-0.03373,-0.00595,0.0008,-0.02116
187.8,ETH-27DEC19,1573297142467,open,0.0,4100.0,0.001,0.012,0.002987,93.5,0.004,0.0,ETH-27DEC19-100-P,185.41,78.95,0.001,407.0,0.005,1.0,102.83,0.03454,-0.03373,-0.00595,0.0008,-0.02116
8934.57,BTC-27DEC19,1573297142593,open,0.03,949.6,0.0105,0.0485,0.02742132,65.46,0.0295,0.0,BTC-27DEC19-11000-C,8840.6,63.67,0.0255,13.0,0.0295,14.0,67.36,9.68052,-6.6179,2.30391,0.00014,0.22402
8934.57,BTC-27DEC19,1573297142593,open,0.0,657.3,0.0005,0.0105,0.00013874,100.0,0.001,0.0,BTC-27DEC19-28000-C,8840.6,0.0,0.0,0.0,0.001,11.0,119.89,0.15549,-0.16239,0.01566,0.0,0.00147
8934.57,BTC-27DEC19,1573297142593,open,0.28,66.1,0.262,0.3035,0.28279206,69.15,0.355,0.0,BTC-27DEC19-6500-C,8840.6,0.0,0.263,7.0,0.3035,7.0,98.85,4.87606,-3.52163,7.45059,7e-05,0.91855
9263.48,SYN.BTC-26JUN20,1573297142593,open,0.34,1.5,0.3015,0.381,0.34319699,72.49,0.419,0.0,BTC-26JUN20-7000-C,8840.6,57.58,0.309,4.0,0.376,4.0,86.33,21.72593,-3.42568,25.52596,6e-05,0.78073
8934.57,BTC-27DEC19,1573297142595,open,0.0,106.3,0.0005,0.0105,6.6e-07,100.0,0.0005,0.0,BTC-27DEC19-2000-P,8840.6,0.0,0.0,0.0,0.0005,13.1,163.63,0.00117,-0.00123,-0.0001,0.0,-1e-05
9263.48,SYN.BTC-26JUN20,1573297142595,open,0.06,75.6,0.032,0.1105,0.06882665,81.44,0.0645,0.0,BTC-26JUN20-18000-C,8840.6,69.9,0.0425,8.1,0.0965,1.0,92.05,22.87958,-4.05279,10.01548,5e-05,0.2405
8879.61,SYN.BTC-29NOV19,1573297142595,open,0.01,1002.2,0.0005,0.0145,0.00494322,70.9,0.0045,0.0,BTC-29NOV19-7000-P,8840.6,67.51,0.004,15.0,0.006,20.0,74.34,2.60251,-4.64172,-0.33439,9e-05,-0.06421
9263.48,SYN.BTC-26JUN20,1573297142595,open,0.11,114.8,0.0585,0.1465,0.10197139,74.63,0.1065,0.0,BTC-26JUN20-14000-C,8840.6,68.01,0.083,6.0,0.12,9.0,80.72,27.06129,-4.393,14.13018,7e-05,0.34417
9263.48,SYN.BTC-26JUN20,1573297142601,open,0.44,2.6,0.3755,0.501,0.43922554,74.64,0.451,0.0,BTC-26JUN20-12000-P,8840.6,61.97,0.4,2.5,0.4605,2.0,81.4,29.03887,-4.71434,-58.06168,7e-05,-0.55599
9104.59,BTC-27MAR20,1573297142621,open,2.75,0.0,2.6625,2.8285,2.74112965,100.07,None,0.0,BTC-27MAR20-34000-P,8840.6,0.0,0.0,0.0,0.0,0.0,0.0,4.23092,-1.52439,-128.42185,1e-05,-0.96606
8934.57,BTC-27DEC19,1573297142624,open,0.0,349.0,0.0005,0.0105,2.8e-07,100.0,0.0005,0.0,BTC-27DEC19-48000-C,8840.6,0.0,0.0,0.0,0.0015,23.7,172.31,0.00062,-0.00064,4e-05,0.0,0.0
9263.48,SYN.BTC-26JUN20,1573297142674,open,0.68,0.0,0.671,0.692,0.68074863,78.03,None,0.0,BTC-26JUN20-3000-C,8840.6,0.0,0.673,5.0,0.691,1.0,99.82,3.03191,-0.51455,17.65886,1e-05,0.98343
8934.57,BTC-27DEC19,1573297142676,open,0.17,526.0,0.132,0.202,0.16729845,63.0,0.174,0.0,BTC-27DEC19-10000-P,8840.6,41.86,0.1405,6.0,0.1885,6.5,78.42,12.0113,-7.90257,-9.55357,0.00018,-0.64791
9104.59,BTC-27MAR20,1573297142678,open,0.8,1.1,0.739,0.849,0.7920408,76.42,1.08,0.0,BTC-27MAR20-16000-P,8840.6,0.0,0.0,0.0,0.0,0.0,0.0,14.12686,-3.88679,-56.24408,6e-05,-0.83157
9104.59,BTC-27MAR20,1573297142678,open,3.41,1.0,3.308,3.494,3.39682835,100.19,2.7125,0.0,BTC-27MAR20-40000-P,8840.6,0.0,0.0005,2.0,0.0,0.0,0.0,2.54378,-0.91759,-151.67115,1e-05,-0.98151
8852.13,SYN.BTC-15NOV19,1573297142691,open,0.0,22.5,0.0005,0.011,0.00122619,85.05,0.002,0.0,BTC-15NOV19-7250-P,8840.6,73.78,0.0005,13.8,0.002,3.3,93.11,0.7312,-5.29225,-0.04228,7e-05,-0.02845
8852.13,SYN.BTC-15NOV19,1573297142691,open,0.0,318.6,0.0005,0.015,0.00415409,64.99,0.006,0.0,BTC-15NOV19-8000-P,8840.6,64.31,0.004,0.1,0.0045,0.1,66.5,2.00379,-11.08262,-0.15167,0.00024,-0.10228
8852.13,SYN.BTC-15NOV19,1573297142691,open,0.15,1.9,0.136,0.174,0.15445536,77.47,0.181,0.0,BTC-15NOV19-7500-C,8840.6,0.0,0.138,4.0,0.1715,4.0,150.8,0.9938,-6.55151,1.14601,0.0001,0.95867
8852.13,SYN.BTC-15NOV19,1573297142691,open,0.18,0.0,0.1645,0.201,0.18220342,84.92,None,0.0,BTC-15NOV19-7250-C,8840.6,0.0,0.1675,4.0,0.198,4.0,164.46,0.72724,-5.25525,1.12508,7e-05,0.97174
8852.13,SYN.BTC-15NOV19,1573297142691,open,0.1,0.5,0.079,0.1215,0.10040483,64.94,0.096,0.0,BTC-15NOV19-8000-C,8840.6,36.79,0.0965,4.0,0.103,4.0,75.28,2.00128,-11.05951,1.13642,0.00024,0.89789
8852.13,SYN.BTC-15NOV19,1573297142698,open,0.01,358.5,0.002,0.032,0.0136254,59.13,0.0125,0.0,BTC-15NOV19-8500-P,8840.6,57.66,0.013,0.2,0.0145,2.0,61.16,3.79006,-19.07003,-0.42046,0.00051,-0.28143
8852.13,SYN.BTC-15NOV19,1573297142698,open,0.05,59.2,0.03,0.076,0.0533918,59.1,0.055,0.0,BTC-15NOV19-8500-C,8840.6,47.25,0.0485,5.0,0.055,0.5,62.82,3.78949,-19.05737,0.948,0.00051,0.71866
8852.13,SYN.BTC-15NOV19,1573297142698,open,0.02,183.3,0.0065,0.046,0.02076164,51.93,0.02,0.0,BTC-15NOV19-8750-P,8840.6,50.39,0.02,8.5,0.0215,2.0,53.42,4.38377,-19.37026,-0.62408,0.00067,-0.41719
8852.13,SYN.BTC-15NOV19,1573297142698,open,0.02,178.6,0.0055,0.043,0.01918718,52.35,0.018,0.0,BTC-15NOV19-9000-C,8840.6,49.94,0.018,1.0,0.0205,2.0,55.0,4.37713,-19.49824,0.56319,0.00066,0.41441
8852.13,SYN.BTC-15NOV19,1573297142698,open,0.0,21.0,0.0005,0.0115,0.00172029,77.57,0.0015,0.0,BTC-15NOV19-7500-P,8840.6,75.54,0.0015,98.8,0.002,0.2,79.95,0.99751,-6.58469,-0.06161,0.0001,-0.04152
8852.13,SYN.BTC-15NOV19,1573297142698,open,0.0,500.3,0.0005,0.013,0.00322727,67.82,0.003,0.0,BTC-15NOV19-10000-C,8840.6,66.64,0.003,109.5,0.0035,15.2,69.17,1.74332,-10.06047,0.11612,0.0002,0.08472
8852.13,SYN.BTC-15NOV19,1573297142698,open,0.07,39.6,0.0525,0.098,0.07579305,62.26,0.0735,0.0,BTC-15NOV19-8250-C,8840.6,47.51,0.0715,4.0,0.076,4.0,62.89,2.90419,-15.38717,1.06639,0.00037,0.82414
8852.13,SYN.BTC-15NOV19,1573297142698,open,0.12,0.0,0.107,0.1465,0.12671203,68.39,None,0.0,BTC-15NOV19-7750-C,8840.6,0.0,0.1095,4.0,0.1455,4.0,137.72,1.29453,-7.53347,1.16245,0.00015,0.94247
8852.13,SYN.BTC-15NOV19,1573297142698,open,0.01,287.2,0.001,0.031,0.01078384,53.42,0.013,0.0,BTC-15NOV19-9250-C,8840.6,50.31,0.0095,2.0,0.012,0.5,56.29,3.70901,-16.85951,0.36844,0.00055,0.26934
8934.57,BTC-27DEC19,1573297142700,open,0.1,823.5,0.062,0.124,0.09322752,61.86,0.0935,0.0,BTC-27DEC19-9000-P,8840.6,59.27,0.0895,0.5,0.0965,8.5,64.13,12.86839,-8.31365,-6.58105,0.0002,-0.46834
8852.13,SYN.BTC-15NOV19,1573297142700,open,0.16,1.8,0.1355,0.1865,0.15980069,69.43,0.103,0.0,BTC-15NOV19-10250-P,8840.6,0.0,0.0,0.0,0.0,0.0,0.0,1.20538,-7.1212,-1.57781,0.00014,-0.94744
8852.13,SYN.BTC-15NOV19,1573297142700,open,0.14,3.1,0.108,0.1595,0.13291385,67.89,0.13,0.0,BTC-15NOV19-10000-P,8840.6,0.0,0.0,0.0,0.2,0.1,232.25,1.74732,-10.09509,-1.49331,0.0002,-0.91502
8852.13,SYN.BTC-15NOV19,1573297142700,open,0.0,256.9,0.0005,0.0215,0.00565618,54.28,0.005,0.0,BTC-15NOV19-9500-C,8840.6,50.39,0.0045,11.0,0.007,20.0,58.45,2.74136,-12.6614,0.22105,0.0004,0.16078
8852.13,SYN.BTC-15NOV19,1573297142700,open,0.03,50.5,0.0145,0.058,0.03228589,51.9,0.033,0.0,BTC-15NOV19-8750-C,8840.6,46.26,0.0295,5.0,0.034,2.0,55.36,4.3837,-19.35986,0.78454,0.00067,0.58284
8852.13,SYN.BTC-15NOV19,1573297142700,open,0.25,0.0,0.2185,0.271,0.24336041,81.16,None,0.0,BTC-15NOV19-11000-P,8840.6,0.0,0.0,0.0,0.0,0.0,0.0,0.53881,-3.72114,-1.74359,5e-05,-0.98022
8852.13,SYN.BTC-15NOV19,1573297142700,open,0.08,17.5,0.0555,0.1065,0.07885843,54.32,0.0965,0.0,BTC-15NOV19-9500-P,8840.6,45.97,0.0765,4.0,0.083,4.0,66.45,2.74386,-12.68387,-1.30795,0.0004,-0.839
8852.13,SYN.BTC-15NOV19,1573297142700,open,0.0,246.1,0.0005,0.011,0.00140131,74.08,0.003,0.0,BTC-15NOV19-10500-C,8840.6,69.9,0.001,3.0,0.002,5.1,79.16,0.93666,-5.90473,0.05275,0.0001,0.03842
8852.13,SYN.BTC-15NOV19,1573297142700,open,0.06,89.4,0.033,0.084,0.05574392,53.45,0.0505,0.0,BTC-15NOV19-9250-P,8840.6,44.12,0.052,4.0,0.057,2.0,56.41,3.71,-16.87465,-1.12043,0.00055,-0.73052
8852.13,SYN.BTC-15NOV19,1573297142700,open,0.0,87.4,0.0005,0.012,0.00221912,68.47,0.002,0.0,BTC-15NOV19-7750-P,8840.6,58.37,0.001,32.0,0.0035,3.0,76.21,1.29813,-7.56335,-0.08544,0.00015,-0.05774
8852.13,SYN.BTC-15NOV19,1573297142700,open,0.0,187.0,0.0005,0.0115,0.00187194,69.31,0.0015,0.0,BTC-15NOV19-10250-C,8840.6,61.72,0.001,33.0,0.003,17.1,76.58,1.19982,-7.07659,0.0718,0.00014,0.05226
8852.13,SYN.BTC-15NOV19,1573297142700,open,0.04,336.4,0.0165,0.0635,0.0359051,52.38,0.033,0.0,BTC-15NOV19-9000-P,8840.6,47.5,0.0335,1.0,0.037,2.0,54.59,4.37727,-19.50927,-0.88555,0.00066,-0.58553
8852.13,SYN.BTC-15NOV19,1573297142700,open,0.01,246.6,0.0005,0.022,0.00778448,62.3,0.0075,0.0,BTC-15NOV19-8250-P,8840.6,61.43,0.0075,0.1,0.0085,3.0,64.45,2.90561,-15.40424,-0.26189,0.00037,-0.176
8852.13,SYN.BTC-15NOV19,1573297142700,open,0.0,418.1,0.0005,0.0145,0.00356116,58.62,0.005,0.0,BTC-15NOV19-9750-C,8840.6,56.07,0.003,0.1,0.004,0.1,60.5,2.02162,-10.08536,0.14247,0.00027,0.10354
8934.57,BTC-27DEC19,1573297142702,open,0.05,827.1,0.024,0.073,0.04803662,62.99,0.0475,0.0,BTC-27DEC19-10000-C,8840.6,60.72,0.045,11.0,0.051,24.3,65.18,12.01084,-7.90098,3.56279,0.00018,0.35205
8852.13,SYN.BTC-15NOV19,1573297142702,open,0.19,0.0,0.163,0.2145,0.18757221,74.23,None,0.0,BTC-15NOV19-10500-P,8840.6,0.0,0.0,0.0,0.0,0.0,0.0,0.94297,-5.95667,-1.63708,0.0001,-0.96126
8852.13,SYN.BTC-15NOV19,1573297142702,open,0.22,0.0,0.191,0.243,0.21563866,80.56,None,0.0,BTC-15NOV19-10750-P,8840.6,0.0,0.008,0.1,0.0,0.0,0.0,0.81022,-5.55403,-1.6864,8e-05,-0.9678
8852.13,SYN.BTC-15NOV19,1573297142702,open,0.0,108.2,0.0005,0.011,0.00122559,80.37,0.001,0.0,BTC-15NOV19-10750-C,8840.6,77.73,0.001,19.8,0.0015,0.1,83.21,0.80367,-5.4968,0.04369,8e-05,0.03188
8852.13,SYN.BTC-15NOV19,1573297142702,open,0.0,89.0,0.0005,0.0105,0.00070518,80.88,0.0005,0.0,BTC-15NOV19-11000-C,8840.6,77.06,0.0005,13.0,0.001,2.0,85.25,0.5306,-3.65184,0.02668,5e-05,0.01943
9263.48,SYN.BTC-26JUN20,1573297142718,open,0.1,148.0,0.062,0.1365,0.09886135,72.5,0.1,0.0,BTC-26JUN20-7000-P,8840.6,66.54,0.085,6.0,0.097,0.1,71.7,21.72611,-3.42589,-18.56051,6e-05,-0.21928
9263.48,SYN.BTC-26JUN20,1573297142721,open,1.85,0.0,1.7645,1.9245,1.84029227,87.43,None,0.0,BTC-26JUN20-26000-P,8840.6,0.0,0.0,0.0,0.0,0.0,0.0,15.30592,-2.91074,-158.29349,3e-05,-0.87295
8934.57,BTC-27DEC19,1573297142734,open,0.0,599.8,0.0005,0.0105,0.00027803,100.0,0.001,0.0,BTC-27DEC19-26000-C,8840.6,105.59,0.0005,19.5,0.003,19.0,129.17,0.27975,-0.29216,0.02976,0.0,0.00282
9104.59,BTC-27MAR20,1573297142759,open,0.24,155.0,0.181,0.276,0.22930456,68.64,0.25,0.0,BTC-27MAR20-10000-P,8840.6,53.65,0.1925,4.0,0.2475,9.0,76.03,22.40351,-5.53647,-25.40038,0.0001,-0.50394
9104.59,BTC-27MAR20,1573297142759,open,0.16,43.3,0.108,0.1895,0.14935366,63.77,0.172,0.0,BTC-27MAR20-9000-P,8840.6,53.86,0.1255,5.0,0.173,10.0,73.66,21.83938,-5.01444,-19.39674,0.00011,-0.41058
8934.57,BTC-27DEC19,1573297142759,open,0.0,704.9,0.0005,0.0115,0.00199307,94.32,0.0025,0.0,BTC-27DEC19-4500-P,8840.6,85.28,0.001,10.0,0.003,35.0,100.87,1.20309,-1.18512,-0.19543,1e-05,-0.01468
9263.48,SYN.BTC-26JUN20,1573297142764,open,1.01,0.0,0.942,1.0855,1.01196358,81.45,None,0.0,BTC-26JUN20-18000-P,8840.6,0.0,0.09,1.0,1.35,1.0,193.19,22.88211,-4.05371,-103.34639,5e-05,-0.75945
9263.48,SYN.BTC-26JUN20,1573297142803,open,0.15,165.4,0.104,0.194,0.14937456,72.5,0.145,0.0,BTC-26JUN20-8000-P,8840.6,70.71,0.1445,0.5,0.151,3.5,73.09,25.31435,-3.99172,-25.85076,6e-05,-0.29372
9263.48,SYN.BTC-26JUN20,1573297142803,open,0.09,59.1,0.0455,0.132,0.08721907,79.97,0.084,0.0,BTC-26JUN20-16000-C,8840.6,77.86,0.0815,0.8,0.093,9.0,82.07,25.29722,-4.40033,12.02261,6e-05,0.29329
8852.13,SYN.BTC-15NOV19,1573297143020,open,0.28,0.0,0.246,0.299,0.27138408,83.88,None,0.0,BTC-15NOV19-11250-P,8840.6,0.0,0.0,0.0,0.0,0.0,0.0,0.39911,-2.84872,-1.79187,4e-05,-0.98607
8852.13,SYN.BTC-15NOV19,1573297143020,open,0.0,61.3,0.0005,0.0105,0.00048668,83.49,0.0005,0.0,BTC-15NOV19-11250-C,8840.6,0.0,0.0,0.0,0.001,2.0,92.49,0.38983,-2.76967,0.01862,4e-05,0.01356
8879.61,SYN.BTC-29NOV19,1573297143075,open,0.01,310.2,0.0005,0.0255,0.00832849,59.49,0.008,0.0,BTC-29NOV19-10500-C,8840.6,56.67,0.007,14.0,0.01,20.0,62.79,4.32634,-6.47484,0.57656,0.00017,0.12757
9104.59,BTC-27MAR20,1573297143078,open,1.88,0.0,1.803,1.9405,1.86748075,92.08,None,0.0,BTC-27MAR20-26000-P,8840.6,0.0,0.0,0.0,0.0,0.0,0.0,6.60014,-2.1881,-97.29022,2e-05,-0.94103
8934.57,BTC-27DEC19,1573297143091,open,0.02,939.2,0.0045,0.0335,0.01649739,68.6,0.015,0.0,BTC-27DEC19-12000-C,8840.6,66.75,0.015,31.0,0.018,22.0,70.4,7.33728,-5.25704,1.493,0.0001,0.1439
8934.57,BTC-27DEC19,1573297143091,open,0.01,516.5,0.0005,0.0225,0.01031102,69.17,0.0085,0.0,BTC-27DEC19-6500-P,8840.6,65.71,0.0085,34.1,0.012,32.0,72.16,4.87766,-3.52351,-1.07572,7e-05,-0.08148
8879.61,SYN.BTC-29NOV19,1573297143091,open,0.32,22.5,0.311,0.3415,0.32578259,85.17,0.2095,0.0,BTC-29NOV19-6000-C,8840.6,0.0,0.3125,6.0,0.3395,6.0,140.73,0.96684,-2.07156,3.16746,3e-05,0.98085
191.05,ETH-27MAR20,1573297143117,open,0.41,40.0,0.379,0.444,0.413439,84.74,0.459,0.0,ETH-27MAR20-120-C,185.41,53.22,0.381,22.0,0.429,22.0,96.5,0.2424,-0.07395,0.33563,0.00206,0.87514
9104.59,BTC-27MAR20,1573297143123,open,0.01,47.5,0.003,0.0335,0.01339124,99.07,0.009,0.0,BTC-27MAR20-28000-C,8840.6,91.75,0.0085,12.1,0.02,1.0,106.78,6.91985,-2.46815,1.70645,2e-05,0.06265
9263.48,SYN.BTC-26JUN20,1573297143123,open,0.29,12.4,0.239,0.328,0.28575814,72.49,0.281,0.0,BTC-26JUN20-8000-C,8840.6,70.02,0.279,4.5,0.2875,3.5,73.13,25.31437,-3.99151,24.53352,6e-05,0.70628
9104.59,BTC-27MAR20,1573297143125,open,2.32,0.0,2.233,2.388,2.30600428,100.04,None,0.0,BTC-27MAR20-30000-P,8840.6,0.0,0.0,0.0,0.0,0.0,0.0,5.99388,-2.15879,-112.71596,2e-05,-0.9478
8934.57,BTC-27DEC19,1573297143125,open,0.36,73.4,0.324,0.397,0.35959354,68.6,0.31,0.0,BTC-27DEC19-12000-P,8840.6,0.0,0.19,0.1,0.45,0.3,144.76,7.33701,-5.25671,-14.24703,0.0001,-0.85611
8879.61,SYN.BTC-29NOV19,1573297143125,open,0.0,436.2,0.0005,0.0105,0.00039341,100.0,0.001,0.0,BTC-29NOV19-5000-P,8840.6,0.0,0.0,0.0,0.0015,2.0,119.49,0.29811,-0.74996,-0.02594,1e-05,-0.00497
9263.48,SYN.BTC-26JUN20,1573297143125,open,0.24,39.2,0.1875,0.283,0.23766078,72.49,0.237,0.0,BTC-26JUN20-9000-C,8840.6,70.43,0.2315,5.5,0.242,0.5,73.95,27.7016,-4.36794,23.02053,7e-05,0.63225
8879.61,SYN.BTC-29NOV19,1573297143127,open,0.07,829.2,0.0555,0.1085,0.07570326,56.61,0.0725,0.0,BTC-29NOV19-8500-C,8840.6,51.7,0.0715,7.0,0.0765,1.0,57.54,7.64068,-10.88157,2.79738,0.00031,0.65424
9263.48,SYN.BTC-26JUN20,1573297143127,open,2.28,0.0,2.1835,2.354,2.26389745,89.85,None,0.0,BTC-26JUN20-30000-P,8840.6,0.0,0.0,0.0,0.0,0.0,0.0,12.7364,-2.489,-184.6872,3e-05,-0.90175
9104.59,BTC-27MAR20,1573297143130,open,0.29,10.5,0.26,0.3285,0.29538661,71.18,0.281,0.0,BTC-27MAR20-7000-C,8840.6,51.96,0.2635,6.0,0.305,12.0,76.58,16.03053,-4.10797,17.25162,7e-05,0.79339
8934.57,BTC-27DEC19,1573297143134,open,0.23,64.6,0.21,0.258,0.23426675,67.16,0.255,0.0,BTC-27DEC19-7000-C,8840.6,0.0,0.21,7.0,0.2575,7.0,93.46,6.85669,-4.80896,7.44656,0.0001,0.86969
8934.57,BTC-27DEC19,1573297143134,open,4.39,0.0,4.2675,4.482,4.37245704,133.04,None,0.0,BTC-27DEC19-48000-P,8840.6,0.0,0.0005,1.0,0.0,0.0,0.0,0.06602,-0.09173,-62.95379,0.0,-0.99942
8879.61,SYN.BTC-29NOV19,1573297143134,open,0.25,13.1,0.2165,0.275,0.24455861,64.33,0.233,0.0,BTC-29NOV19-11000-P,8840.6,0.0,0.009,1.0,0.0,0.0,0.0,3.31674,-5.36735,-5.59098,0.00012,-0.91173
8879.61,SYN.BTC-29NOV19,1573297143134,open,0.44,0.3,0.4255,0.4495,0.43729813,99.77,0.4955,0.0,BTC-29NOV19-5000-C,8840.6,0.0,0.427,1.0,0.4475,1.0,173.7,0.29402,-0.73797,2.69716,1e-05,0.9951
9263.48,SYN.BTC-26JUN20,1573297143137,open,0.04,24.8,0.016,0.0775,0.04278943,82.75,0.0435,0.0,BTC-26JUN20-22000-C,8840.6,69.36,0.0205,1.0,0.049,3.0,85.85,17.98727,-3.23743,6.91844,4e-05,0.16138
191.05,ETH-27MAR20,1573297143139,open,0.09,1614.0,0.046,0.126,0.086648,85.91,0.09,0.0,ETH-27MAR20-280-C,185.4,80.58,0.075,260.0,0.081,1.0,83.35,0.42364,-0.13104,0.17258,0.00355,0.32406
187.81,ETH-27DEC19,1573297143139,open,0.51,310.0,0.454,0.559,0.504974,80.88,0.49,0.0,ETH-27DEC19-280-P,185.4,0.0,0.001,8.0,0.0,0.0,0.0,0.12942,-0.10933,-0.34319,0.00346,-0.88817
187.81,ETH-27DEC19,1573297143139,open,0.0,9372.0,0.001,0.011,0.000384,105.0,0.002,0.0,ETH-27DEC19-560-C,185.4,115.5,0.001,2000.0,0.003,101.0,131.53,0.00742,-0.00814,0.0008,0.00015,0.00365
191.05,ETH-27MAR20,1573297143139,open,2.37,0.0,2.256,2.479,2.362777,103.84,None,0.0,ETH-27MAR20-640-P,185.4,0.0,0.0,0.0,0.0,0.0,0.0,0.13769,-0.05148,-2.40188,0.00095,-0.94146
187.81,ETH-27DEC19,1573297143139,open,0.0,6174.0,0.001,0.011,3.7e-05,105.0,0.001,0.0,ETH-27DEC19-720-C,185.4,0.0,0.0,0.0,0.002,49.0,148.03,0.00101,-0.00111,9e-05,2e-05,0.00041
191.04,ETH-27MAR20,1573297143139,open,0.14,268.0,0.102,0.196,0.152279,84.1,0.148,0.0,ETH-27MAR20-220-C,185.4,75.04,0.13,300.0,0.142,36.0,79.92,0.47007,-0.14234,0.24907,0.00403,0.49493
191.04,ETH-27MAR20,1573297143139,open,0.16,1725.0,0.119,0.219,0.171085,84.08,0.15,0.0,ETH-27MAR20-180-P,185.4,64.97,0.127,51.0,0.167,300.0,82.3,0.43834,-0.1327,-0.38179,0.00375,-0.35417
187.81,ETH-27DEC19,1573297143139,open,0.01,2008.0,0.001,0.023,0.009497,90.97,0.008,0.0,ETH-27DEC19-320-C,185.4,87.86,0.008,10.0,0.011,320.0,93.84,0.09448,-0.08976,0.01568,0.00224,0.07316
187.81,ETH-27DEC19,1573297143139,open,0.61,1.0,0.556,0.666,0.608906,86.36,0.494,0.0,ETH-27DEC19-300-P,185.4,0.0,0.01,5.0,0.0,0.0,0.0,0.1104,-0.09956,-0.37419,0.00276,-0.91006
191.04,ETH-27MAR20,1573297143139,open,1.74,0.0,1.649,1.839,1.740399,96.83,None,0.0,ETH-27MAR20-520-P,185.4,0.0,0.005,10.0,0.0,0.0,0.0,0.18196,-0.06344,-1.93077,0.00135,-0.91587
191.04,ETH-27MAR20,1573297143139,open,0.23,749.0,0.175,0.288,0.233656,84.08,0.199,0.0,ETH-27MAR20-200-P,185.4,73.54,0.208,300.0,0.262,18.0,95.82,0.46329,-0.14025,-0.48394,0.00397,-0.43214
187.81,ETH-27DEC19,1573297143139,open,1.99,0.0,1.896,2.075,1.98228,108.5,0.845,0.0,ETH-27DEC19-560-P,185.4,0.0,0.0,0.0,0.0,0.0,0.0,0.00964,-0.01092,-0.73346,0.00019,-0.99511
191.04,ETH-27MAR20,1573297143139,open,0.93,6.0,0.853,1.008,0.929258,88.74,1.165,0.0,ETH-27MAR20-360-P,185.4,0.0,0.0,0.0,0.0,0.0,0.0,0.31812,-0.10164,-1.26538,0.00258,-0.8116
187.81,ETH-27DEC19,1573297143139,open,1.78,37.0,1.689,1.857,1.769612,107.1,0.707,0.0,ETH-27DEC19-520-P,185.4,0.0,0.002,25.0,0.0,0.0,0.0,0.01411,-0.01578,-0.68042,0.00028,-0.99249
191.04,ETH-27MAR20,1573297143139,open,0.18,1330.0,0.135,0.231,0.186789,84.09,0.174,0.0,ETH-27MAR20-200-C,185.4,73.91,0.162,300.0,0.209,1.0,93.28,0.46329,-0.14027,0.27701,0.00397,0.56789
187.81,ETH-27DEC19,1573297143139,open,0.0,11024.0,0.001,0.011,0.000709,105.0,0.005,0.0,ETH-27DEC19-520-C,185.4,118.01,0.002,2000.0,0.004,49.0,129.29,0.01228,-0.01347,0.00141,0.00025,0.00642
187.81,ETH-27DEC19,1573297143139,open,2.2,0.0,2.102,2.294,2.195099,110.58,0.953,0.0,ETH-27DEC19-600-P,185.4,0.0,0.0,0.0,0.0,0.0,0.0,0.00709,-0.00819,-0.78624,0.00014,-0.99653
187.81,ETH-27DEC19,1573297143139,open,2.42,0.0,2.309,2.513,2.407998,113.36,None,0.0,ETH-27DEC19-640-P,185.4,0.0,0.0,0.0,0.0,0.0,0.0,0.00568,-0.00672,-0.83887,0.00011,-0.99729
187.81,ETH-27DEC19,1573297143139,open,0.14,3493.0,0.097,0.178,0.137917,68.71,0.141,0.0,ETH-27DEC19-200-P,185.4,65.28,0.133,96.0,0.147,96.0,75.04,0.26913,-0.19313,-0.16972,0.00847,-0.55104
187.81,ETH-27DEC19,1573297143139,open,0.07,10430.0,0.041,0.103,0.073011,68.71,0.07,0.0,ETH-27DEC19-200-C,185.4,64.51,0.067,96.0,0.079,320.0,72.88,0.26913,-0.19313,0.09261,0.00847,0.44896
187.81,ETH-27DEC19,1573297143139,open,3.06,1.0,2.929,3.172,3.04688,124.5,3.236,0.0,ETH-27DEC19-760-P,185.4,0.0,0.0,0.0,0.0,0.0,0.0,0.00436,-0.00566,-0.99642,8e-05,-0.99798
187.81,ETH-27DEC19,1573297143139,open,0.02,3454.0,0.006,0.038,0.01951,76.91,0.025,0.0,ETH-27DEC19-260-C,185.4,75.1,0.018,320.0,0.021,2.0,78.63,0.1599,-0.12843,0.03261,0.00449,0.15187
187.81,ETH-27DEC19,1573297143139,open,0.72,101.0,0.658,0.773,0.713438,91.15,0.513,0.0,ETH-27DEC19-320-P,185.4,0.0,0.006,5.0,0.0,0.0,0.0,0.09496,-0.0904,-0.40395,0.00225,-0.92635
187.81,ETH-27DEC19,1573297143139,open,0.01,515.0,0.001,0.019,0.007492,94.1,0.013,0.0,ETH-27DEC19-340-C,185.4,90.33,0.006,320.0,0.009,321.0,97.5,0.07899,-0.07763,0.01246,0.00181,0.05809
191.04,ETH-27MAR20,1573297143139,open,0.27,719.0,0.232,0.32,0.279882,84.11,0.277,0.0,ETH-27MAR20-160-C,185.4,72.91,0.257,300.0,0.289,23.0,88.54,0.39239,-0.11882,0.32437,0.00336,0.72614
187.81,ETH-27DEC19,1573297143139,open,0.0,6668.0,0.001,0.011,0.001326,105.0,0.003,0.0,ETH-27DEC19-480-C,185.4,101.67,0.001,248.0,0.004,48.0,121.16,0.02028,-0.02224,0.00248,0.00042,0.01138
187.81,ETH-27DEC19,1573297143139,open,0.04,12108.0,0.015,0.059,0.035852,68.68,0.036,0.0,ETH-27DEC19-160-P,185.4,66.0,0.033,159.0,0.039,340.0,71.58,0.20194,-0.14484,-0.06328,0.00636,-0.22104
187.81,ETH-27DEC19,1573297143139,open,0.47,0.0,0.452,0.489,0.470506,93.35,None,0.0,ETH-27DEC19-100-C,185.4,0.0,0.467,31.0,0.0,0.0,0.0,0.03435,-0.03349,0.12526,0.0008,0.97898
187.81,ETH-27DEC19,1573297143139,open,0.0,17258.0,0.001,0.011,0.000211,105.0,0.002,0.0,ETH-27DEC19-600-C,185.4,121.58,0.001,6000.0,0.003,41.0,138.17,0.00449,-0.00492,0.00046,9e-05,0.00209
191.04,ETH-27MAR20,1573297143139,open,0.3,0.0,0.24,0.363,0.30381,84.08,None,0.0,ETH-27MAR20-220-P,185.4,73.57,0.278,300.0,0.305,300.0,84.56,0.47007,-0.14229,-0.58799,0.00403,-0.50513
187.81,ETH-27DEC19,1573297143139,open,0.0,11035.0,0.001,0.012,0.002508,104.99,0.004,0.0,ETH-27DEC19-440-C,185.4,101.9,0.002,381.0,0.005,1.0,116.01,0.03327,-0.03649,0.00437,0.00068,0.02024
191.04,ETH-27MAR20,1573297143139,open,0.04,1180.0,0.019,0.066,0.041555,84.76,0.065,0.0,ETH-27MAR20-120-P,185.4,76.09,0.031,320.0,0.052,37.0,92.74,0.24245,-0.07399,-0.121,0.00206,-0.12491
191.04,ETH-27MAR20,1573297143139,open,1.13,3.0,1.05,1.216,1.130804,92.55,1.39,0.0,ETH-27MAR20-400-P,185.4,0.0,0.001,10.0,0.0,0.0,0.0,0.28257,-0.09416,-1.43508,0.0022,-0.84351
191.04,ETH-27MAR20,1573297143140,open,0.03,964.0,0.009,0.054,0.028425,93.76,0.022,0.0,ETH-27MAR20-440-C,185.4,90.12,0.024,260.0,0.033,260.0,97.25,0.24174,-0.0816,0.06975,0.00186,0.12438
187.81,ETH-27DEC19,1573297143139,open,0.04,6942.0,0.021,0.072,0.045543,70.97,0.041,0.0,ETH-27DEC19-220-C,185.4,67.39,0.041,448.0,0.05,320.0,74.41,0.24101,-0.17863,0.06592,0.00734,0.31313
191.04,ETH-27MAR20,1573297143139,open,0.02,5415.0,0.004,0.035,0.015462,103.06,0.012,0.0,ETH-27MAR20-600-C,185.4,99.9,0.013,220.0,0.018,220.0,106.02,0.15666,-0.05813,0.03899,0.00109,0.06911
187.81,ETH-27DEC19,1573297143140,open,0.18,1371.0,0.149,0.214,0.183882,68.63,0.213,0.0,ETH-27DEC19-160-C,185.4,56.1,0.171,19.0,0.191,340.0,75.14,0.20189,-0.14471,0.14662,0.00636,0.77906
191.04,ETH-27MAR20,1573297143140,open,0.02,886.0,0.004,0.036,0.016436,99.65,0.028,0.0,ETH-27MAR20-560-C,185.4,96.72,0.014,220.0,0.019,220.0,102.48,0.16613,-0.0596,0.04228,0.0012,0.0746
191.04,ETH-27MAR20,1573297143139,open,0.02,1360.0,0.007,0.048,0.023944,96.46,0.025,0.0,ETH-27MAR20-480-C,185.4,91.8,0.019,220.0,0.029,220.0,100.74,0.21499,-0.07466,0.05927,0.00161,0.10548
191.04,ETH-27MAR20,1573297143139,open,1.95,0.0,1.851,2.053,1.947606,99.47,None,0.0,ETH-27MAR20-560-P,185.4,0.0,0.01,10.0,0.0,0.0,0.0,0.16525,-0.05918,-2.08868,0.0012,-0.92591
191.04,ETH-27MAR20,1573297143139,open,0.04,578.0,0.018,0.076,0.044935,88.8,0.06,0.0,ETH-27MAR20-360-C,185.4,85.78,0.04,260.0,0.05,298.0,91.78,0.31839,-0.1018,0.10447,0.00258,0.18866
187.81,ETH-27DEC19,1573297143139,open,0.01,1534.0,0.004,0.03,0.014026,80.77,0.013,0.0,ETH-27DEC19-280-C,185.4,79.25,0.013,320.0,0.015,1.0,82.16,0.12908,-0.10889,0.02399,0.00345,0.11142
187.81,ETH-27DEC19,1573297143139,open,0.0,4534.0,0.001,0.011,2.2e-05,105.0,0.002,0.0,ETH-27DEC19-760-C,185.4,0.0,0.0,0.0,0.002,1.0,152.86,0.00062,-0.00068,6e-05,1e-05,0.00025
191.04,ETH-27MAR20,1573297143139,open,2.16,0.0,2.054,2.268,2.156162,103.05,None,0.0,ETH-27MAR20-600-P,185.4,0.0,0.02,10.0,0.0,0.0,0.0,0.15665,-0.05812,-2.2439,0.00109,-0.9309
187.81,ETH-27DEC19,1573297143139,open,0.0,12762.0,0.001,0.011,6.6e-05,105.0,0.001,0.0,ETH-27DEC19-680-C,185.4,0.0,0.0,0.0,0.002,49.0,142.87,0.00166,-0.00182,0.00016,3e-05,0.0007
186.4,SYN.ETH-29NOV19,1573297143139,open,0.01,1777.0,0.003,0.031,0.013014,67.75,0.011,0.0,ETH-29NOV19-220-C,185.4,65.98,0.012,160.0,0.014,20.0,69.42,0.10848,-0.18489,0.01555,0.00846,0.16619
187.81,ETH-27DEC19,1573297143141,open,0.01,1206.0,0.001,0.017,0.006483,98.3,0.008,0.0,ETH-27DEC19-360-C,185.4,93.99,0.005,320.0,0.008,321.0,102.15,0.06961,-0.07146,0.0106,0.00153,0.04951
187.81,ETH-27DEC19,1573297143140,open,1.56,21.0,1.482,1.639,1.557101,105.0,0.629,0.0,ETH-27DEC19-480-P,185.4,0.0,0.001,7.0,0.0,0.0,0.0,0.02029,-0.02225,-0.62712,0.00042,-0.98862
187.81,ETH-27DEC19,1573297143140,open,0.01,6274.0,0.001,0.017,0.007462,83.84,0.007,0.0,ETH-27DEC19-120-P,185.4,79.83,0.006,402.0,0.009,361.0,87.65,0.07222,-0.06324,-0.01461,0.00186,-0.05186
191.04,ETH-27MAR20,1573297143140,open,0.02,2444.0,0.005,0.039,0.01846,96.84,0.021,0.0,ETH-27MAR20-520-C,185.4,94.15,0.016,270.0,0.021,220.0,99.41,0.18198,-0.06345,0.04774,0.00135,0.08414
187.81,ETH-27DEC19,1573297143140,open,1.14,16.0,1.069,1.206,1.13472,105.39,1.195,0.0,ETH-27DEC19-400-P,185.4,0.0,0.001,8.0,0.0,0.0,0.0,0.05468,-0.06018,-0.51683,0.00112,-0.96327
191.04,ETH-27MAR20,1573297143141,open,0.01,380.0,0.003,0.03,0.012695,103.6,0.011,0.0,ETH-27MAR20-640-C,185.4,101.13,0.011,265.0,0.015,220.0,106.67,0.13658,-0.05094,0.03289,0.00095,0.05794
187.81,ETH-27DEC19,1573297143141,open,0.37,2.0,0.345,0.391,0.368519,83.84,0.346,0.0,ETH-27DEC19-120-C,185.4,0.0,0.361,70.0,0.384,19.0,113.9,0.07222,-0.06324,0.14279,0.00186,0.94814
187.81,ETH-27DEC19,1573297143141,open,0.08,4702.0,0.043,0.108,0.07518,66.98,0.08,0.0,ETH-27DEC19-180-P,185.4,63.96,0.071,128.0,0.08,340.0,70.47,0.2597,-0.18167,-0.11299,0.00838,-0.38347
191.04,ETH-27MAR20,1573297143141,open,0.13,1229.0,0.08,0.172,0.128521,85.92,0.14,0.0,ETH-27MAR20-240-C,185.4,76.99,0.107,300.0,0.15,1.0,94.72,0.46372,-0.14344,0.22224,0.00389,0.43427
187.81,ETH-27DEC19,1573297143141,open,0.01,1577.0,0.002,0.026,0.011466,86.22,0.012,0.0,ETH-27DEC19-300-C,185.4,81.74,0.009,320.0,0.014,203.0,90.33,0.11001,-0.09905,0.01922,0.00276,0.08951
191.04,ETH-27MAR20,1573297143141,open,0.06,684.0,0.027,0.095,0.060223,86.66,0.06,0.0,ETH-27MAR20-320-C,185.4,84.45,0.056,260.0,0.065,296.0,89.11,0.36854,-0.11499,0.13262,0.00306,0.24267
187.81,ETH-27DEC19,1573297143141,open,2.63,1.0,2.516,2.733,2.620746,105.0,2.792,0.0,ETH-27DEC19-680-P,185.4,0.0,0.0,0.0,0.0,0.0,0.0,0.00166,-0.00182,-0.89177,3e-05,-0.9993
187.81,ETH-27DEC19,1573297143141,open,0.0,10159.0,0.001,0.014,0.004794,104.99,0.004,0.0,ETH-27DEC19-400-C,185.4,97.8,0.003,300.0,0.007,1.0,111.8,0.05389,-0.05909,0.00771,0.00111,0.03608
186.4,SYN.ETH-29NOV19,1573297143139,open,0.4,0.0,0.356,0.446,0.399368,84.95,None,0.0,ETH-29NOV19-260-P,185.4,0.0,0.0,0.0,0.0,0.0,0.0,0.04983,-0.10648,-0.13624,0.0031,-0.94292
191.04,ETH-27MAR20,1573297143141,open,1.54,0.0,1.449,1.631,1.536375,96.34,None,0.0,ETH-27MAR20-480-P,185.4,0.0,0.003,10.0,0.0,0.0,0.0,0.21438,-0.07436,-1.76724,0.0016,-0.89493
187.8,ETH-27DEC19,1573297143141,open,0.01,907.0,0.001,0.016,0.0055,101.64,0.007,0.0,ETH-27DEC19-380-C,185.4,96.54,0.004,320.0,0.007,321.0,105.95,0.0607,-0.06444,0.00893,0.00129,0.04177
187.8,ETH-27DEC19,1573297143141,open,0.12,1126.0,0.081,0.148,0.116764,67.0,0.11,0.0,ETH-27DEC19-180-C,185.4,62.83,0.111,96.0,0.122,340.0,70.79,0.2597,-0.18172,0.12309,0.00838,0.61644
192.71,SYN.ETH-26JUN20,1573297143139,open,0.6,0.0,0.515,0.674,0.59723,85.28,None,0.0,ETH-26JUN20-280-P,185.4,49.61,0.496,1.0,0.7,2.0,117.91,0.59634,-0.11061,-1.43435,0.00299,-0.58461
187.8,ETH-27DEC19,1573297143141,open,0.22,2728.0,0.171,0.262,0.216954,70.94,0.274,0.0,ETH-27DEC19-220-P,185.4,37.12,0.18,14.0,0.257,13.0,100.56,0.24094,-0.17851,-0.22268,0.00734,-0.68704
191.04,ETH-27MAR20,1573297143142,open,0.59,20.0,0.572,0.606,0.588771,87.17,0.613,0.0,ETH-27MAR20-80-C,185.4,60.19,0.582,26.0,0.6,1.0,108.21,0.07915,-0.02484,0.27744,0.00065,0.97046
191.04,ETH-27MAR20,1573297143141,open,0.01,830.0,0.001,0.017,0.00751,87.12,0.009,0.0,ETH-27MAR20-80-P,185.4,80.38,0.005,320.0,0.01,320.0,92.69,0.07903,-0.02479,-0.02689,0.00065,-0.02948
192.71,SYN.ETH-26JUN20,1573297143139,open,0.52,0.0,0.487,0.544,0.517141,81.13,None,0.0,ETH-26JUN20-100-C,185.4,48.45,0.486,1.0,0.0,0.0,0.0,0.24833,-0.04382,0.47681,0.00131,0.91001
191.04,ETH-27MAR20,1573297143141,open,0.02,31.0,0.007,0.035,0.01916,84.75,0.014,0.0,ETH-27MAR20-100-P,185.4,77.87,0.014,320.0,0.02,320.0,85.79,0.15272,-0.0466,-0.06253,0.0013,-0.06686
191.04,ETH-27MAR20,1573297143142,open,0.39,169.0,0.317,0.448,0.384737,85.89,0.4,0.0,ETH-27MAR20-240-P,185.4,70.11,0.347,300.0,0.431,38.0,104.79,0.4637,-0.14339,-0.69093,0.00389,-0.56582
187.8,ETH-27DEC19,1573297143141,open,1.35,0.0,1.275,1.422,1.345302,104.29,None,0.0,ETH-27DEC19-440-P,185.4,0.0,0.001,8.0,0.0,0.0,0.0,0.03216,-0.03503,-0.57293,0.00067,-0.98055
187.8,ETH-27DEC19,1573297143141,open,0.93,257.0,0.863,0.989,0.923316,98.04,0.995,0.0,ETH-27DEC19-360-P,185.4,0.0,0.01,7.0,0.0,0.0,0.0,0.06897,-0.07062,-0.46171,0.00152,-0.95105
192.71,SYN.ETH-26JUN20,1573297143139,open,0.11,236.0,0.062,0.157,0.110796,85.28,0.11,0.0,ETH-26JUN20-320-C,185.4,80.82,0.098,180.0,0.114,180.0,86.37,0.56069,-0.104,0.27882,0.00281,0.34053
191.04,ETH-27MAR20,1573297143141,open,0.04,1080.0,0.013,0.066,0.037008,92.56,0.028,0.0,ETH-27MAR20-400-C,185.4,89.06,0.032,260.0,0.042,40.0,95.84,0.28259,-0.09417,0.08686,0.0022,0.1565
191.04,ETH-27MAR20,1573297143142,open,1.33,0.0,1.248,1.421,1.331487,93.67,None,0.0,ETH-27MAR20-440-P,185.4,0.0,0.002,10.0,0.0,0.0,0.0,0.24125,-0.08136,-1.60454,0.00185,-0.87598
191.04,ETH-27MAR20,1573297143142,open,0.22,21.0,0.178,0.272,0.228923,84.1,0.232,0.0,ETH-27MAR20-180-C,185.4,65.49,0.186,54.0,0.223,300.0,81.52,0.43833,-0.13273,0.30305,0.00375,0.64585
191.04,ETH-27MAR20,1573297143142,open,0.11,4598.0,0.074,0.159,0.117359,84.08,0.103,0.0,ETH-27MAR20-160-P,185.4,72.66,0.094,300.0,0.117,26.0,83.91,0.39239,-0.11879,-0.28436,0.00336,-0.27386
187.8,ETH-27DEC19,1573297143142,open,0.27,19.0,0.241,0.297,0.270179,73.62,0.205,0.0,ETH-27DEC19-140-C,185.4,0.0,0.254,51.0,0.0,0.0,0.0,0.12657,-0.09731,0.15307,0.00372,0.89158
192.71,SYN.ETH-26JUN20,1573297143139,open,0.1,120.0,0.063,0.14,0.102028,79.22,0.114,0.0,ETH-26JUN20-140-P,185.4,73.41,0.089,210.0,0.109,210.0,82.3,0.43498,-0.07495,-0.37308,0.00235,-0.20537
187.8,ETH-27DEC19,1573297143142,open,0.0,15674.0,0.001,0.011,0.000117,105.0,0.001,0.0,ETH-27DEC19-640-C,185.4,127.21,0.001,1003.0,0.002,49.0,137.35,0.00272,-0.00298,0.00027,6e-05,0.00121
192.71,SYN.ETH-26JUN20,1573297143139,open,0.14,320.0,0.09,0.193,0.144248,85.28,0.15,0.0,ETH-26JUN20-280-C,185.4,79.01,0.125,180.0,0.15,180.0,87.13,0.59634,-0.11061,0.32908,0.00299,0.41539
187.8,ETH-27DEC19,1573297143142,open,0.02,2839.0,0.005,0.031,0.015613,73.56,0.013,0.0,ETH-27DEC19-140-P,185.4,69.54,0.013,399.0,0.018,364.0,77.01,0.12645,-0.09714,-0.03052,0.00372,-0.10827
187.8,ETH-27DEC19,1573297143143,open,1.03,0.0,0.966,1.097,1.028821,101.31,None,0.0,ETH-27DEC19-380-P,185.4,0.0,0.001,5.0,0.0,0.0,0.0,0.05998,-0.06346,-0.48962,0.00128,-0.95885
191.04,ETH-27MAR20,1573297143143,open,0.33,0.0,0.299,0.377,0.340842,84.11,None,0.0,ETH-27MAR20-140-C,185.4,58.41,0.3,22.0,0.359,22.0,94.61,0.32519,-0.09847,0.33717,0.00278,0.80471
186.4,SYN.ETH-29NOV19,1573297143139,open,0.0,2585.0,0.001,0.011,0.000314,105.0,0.002,0.0,ETH-29NOV19-100-P,185.4,0.0,0.0,0.0,0.005,49.0,157.94,0.00499,-0.01319,-0.00042,0.00025,-0.00386
187.8,ETH-27DEC19,1573297143143,open,0.03,6248.0,0.011,0.052,0.029533,74.1,0.031,0.0,ETH-27DEC19-240-C,185.4,70.72,0.026,448.0,0.033,320.0,77.29,0.20021,-0.15493,0.04637,0.00584,0.21777
186.4,SYN.ETH-29NOV19,1573297143139,open,0.0,421.0,0.001,0.012,0.002492,101.61,0.004,0.0,ETH-29NOV19-300-C,185.4,89.18,0.001,200.0,0.004,1.0,109.87,0.02916,-0.07455,0.00274,0.00152,0.02947
187.8,ETH-27DEC19,1573297143143,open,0.82,0.0,0.76,0.88,0.817835,93.89,None,0.0,ETH-27DEC19-340-P,185.4,0.0,0.001,5.0,0.0,0.0,0.0,0.07842,-0.07689,-0.43361,0.00181,-0.94244
187.8,ETH-27DEC19,1573297143144,open,2.84,0.0,2.722,2.953,2.833699,0.0,None,0.0,ETH-27DEC19-720-P,185.4,0.0,0.003,5.0,0.0,0.0,0.0,0.0,0.0,-0.9444,0.0,-1.0
192.71,SYN.ETH-26JUN20,1573297143140,open,0.06,24.0,0.028,0.103,0.063911,90.19,0.076,0.0,ETH-26JUN20-440-C,185.4,86.67,0.056,140.0,0.072,140.0,93.62,0.44456,-0.08721,0.18107,0.00211,0.21311
8934.57,BTC-27DEC19,1573297143145,open,0.0,962.5,0.0005,0.0105,7.024e-05,100.0,0.0005,0.0,BTC-27DEC19-30000-C,8840.6,0.0,0.0,0.0,0.0005,3.1,117.55,0.08667,-0.09052,0.00831,0.0,0.00078
192.71,SYN.ETH-26JUN20,1573297143141,open,0.21,477.0,0.15,0.259,0.206994,79.22,0.224,0.0,ETH-26JUN20-180-P,185.4,73.03,0.189,210.0,0.219,210.0,83.38,0.55793,-0.09614,-0.65926,0.00301,-0.3362
186.4,SYN.ETH-29NOV19,1573297143139,open,0.0,2218.0,0.001,0.013,0.003954,78.24,0.007,0.0,ETH-29NOV19-140-P,185.4,68.38,0.002,203.0,0.006,2.0,86.02,0.04382,-0.08625,-0.00533,0.00296,-0.04855
192.71,SYN.ETH-26JUN20,1573297143140,open,0.04,93.0,0.014,0.072,0.039427,96.72,0.045,0.0,ETH-26JUN20-600-C,185.4,93.48,0.034,140.0,0.045,140.0,99.83,0.33468,-0.07041,0.1179,0.00148,0.13657
192.71,SYN.ETH-26JUN20,1573297143141,open,0.77,0.0,0.686,0.854,0.771347,85.28,None,0.0,ETH-26JUN20-320-P,185.4,49.65,0.684,1.0,0.816,1.0,100.15,0.56069,-0.104,-1.73653,0.00281,-0.65947
192.71,SYN.ETH-26JUN20,1573297143139,open,0.15,661.0,0.102,0.196,0.150398,79.22,0.149,0.0,ETH-26JUN20-160-P,185.4,64.97,0.113,1.0,0.158,210.0,82.11,0.50647,-0.08727,-0.51127,0.00273,-0.27087
192.71,SYN.ETH-26JUN20,1573297143142,open,0.07,633.0,0.035,0.115,0.073909,88.03,0.07,0.0,ETH-26JUN20-400-C,185.4,84.79,0.066,140.0,0.082,140.0,91.23,0.47886,-0.09169,0.20547,0.00233,0.2432
192.71,SYN.ETH-26JUN20,1573297143141,open,1.75,0.0,1.643,1.857,1.746826,93.32,None,0.0,ETH-26JUN20-520-P,185.4,0.0,0.0,0.0,0.0,0.0,0.0,0.38112,-0.07736,-3.13225,0.00175,-0.834
192.71,SYN.ETH-26JUN20,1573297143142,open,0.27,42.0,0.218,0.318,0.272933,79.22,0.27,0.0,ETH-26JUN20-180-C,185.4,76.83,0.266,210.0,0.291,210.0,85.48,0.55793,-0.09614,0.47438,0.00301,0.6638
192.71,SYN.ETH-26JUN20,1573297143139,open,1.35,0.0,1.251,1.446,1.34717,90.19,None,0.0,ETH-26JUN20-440-P,185.4,0.0,0.0,0.0,0.0,0.0,0.0,0.44456,-0.08721,-2.59003,0.00211,-0.78689
192.71,SYN.ETH-26JUN20,1573297143140,open,0.34,0.0,0.272,0.403,0.340671,79.22,None,0.0,ETH-26JUN20-220-P,185.4,0.0,0.14,50.0,0.406,1.0,100.17,0.60684,-0.10457,-0.97019,0.00328,-0.45872
186.4,SYN.ETH-29NOV19,1573297143139,open,0.0,1226.0,0.001,0.014,0.004491,84.95,0.005,0.0,ETH-29NOV19-260-C,185.4,78.73,0.003,200.0,0.006,51.0,90.15,0.04983,-0.10648,0.00534,0.0031,0.05708
192.71,SYN.ETH-26JUN20,1573297143141,open,0.04,108.0,0.016,0.078,0.043927,95.31,0.046,0.0,ETH-26JUN20-560-C,185.4,92.01,0.038,140.0,0.05,140.0,98.48,0.35814,-0.07424,0.12994,0.00161,0.15099
192.71,SYN.ETH-26JUN20,1573297143141,open,0.19,237.0,0.131,0.24,0.189568,85.28,0.179,0.0,ETH-26JUN20-240-C,185.4,78.46,0.168,180.0,0.192,180.0,86.04,0.61005,-0.11315,0.38358,0.00306,0.50562
192.71,SYN.ETH-26JUN20,1573297143139,open,0.05,41.0,0.019,0.084,0.048429,93.32,0.052,0.0,ETH-26JUN20-520-C,185.4,89.97,0.042,140.0,0.055,140.0,96.55,0.38112,-0.07736,0.14269,0.00175,0.166
186.4,SYN.ETH-29NOV19,1573297143142,open,0.72,0.0,0.667,0.773,0.718158,103.56,None,0.0,ETH-29NOV19-320-P,185.4,0.0,0.0,0.0,0.0,0.0,0.0,0.01852,-0.04824,-0.17265,0.00095,-0.98281
192.71,SYN.ETH-26JUN20,1573297143141,open,0.06,0.0,0.023,0.093,0.055418,91.86,None,0.0,ETH-26JUN20-480-C,185.4,88.78,0.049,140.0,0.062,140.0,94.88,0.41158,-0.08224,0.16026,0.00192,0.18746
192.71,SYN.ETH-26JUN20,1573297143139,open,0.27,60.0,0.207,0.329,0.270757,79.22,0.271,0.0,ETH-26JUN20-200-P,185.4,73.45,0.253,210.0,0.287,210.0,84.54,0.59055,-0.10176,-0.81318,0.00319,-0.39926
192.71,SYN.ETH-26JUN20,1573297143139,open,0.02,1.0,0.008,0.034,0.019528,85.76,0.017,0.0,ETH-26JUN20-80-P,185.4,81.36,0.016,250.0,0.023,250.0,89.78,0.16109,-0.03005,-0.08601,0.0008,-0.05134
186.4,SYN.ETH-29NOV19,1573297143141,open,0.36,0.0,0.337,0.379,0.358189,98.77,None,0.0,ETH-29NOV19-120-C,185.4,0.0,0.356,50.0,0.37,18.0,149.9,0.02229,-0.05539,0.06297,0.00119,0.97861
192.71,SYN.ETH-26JUN20,1573297143142,open,1.55,0.0,1.446,1.651,1.546245,91.86,None,0.0,ETH-26JUN20-480-P,185.4,0.0,0.0,0.0,0.0,0.0,0.0,0.41158,-0.08224,-2.86277,0.00192,-0.81254
186.4,SYN.ETH-29NOV19,1573297143139,open,0.0,1027.0,0.001,0.011,0.001978,98.77,0.003,0.0,ETH-29NOV19-120-P,185.4,88.82,0.001,500.0,0.003,1.0,106.27,0.02229,-0.05539,-0.00237,0.00119,-0.02139
186.4,SYN.ETH-29NOV19,1573297143141,open,0.0,448.0,0.001,0.013,0.003343,94.11,0.003,0.0,ETH-29NOV19-280-C,185.4,86.47,0.002,200.0,0.005,47.0,101.29,0.03798,-0.08991,0.00379,0.00213,0.04065
192.71,SYN.ETH-26JUN20,1573297143139,open,0.03,73.0,0.011,0.065,0.033946,96.98,0.038,0.0,ETH-26JUN20-640-C,185.4,94.42,0.03,140.0,0.038,140.0,99.46,0.306,-0.06455,0.10449,0.00135,0.12004
192.71,SYN.ETH-26JUN20,1573297143141,open,0.23,383.0,0.177,0.28,0.232912,79.22,0.229,0.0,ETH-26JUN20-200-C,185.4,74.69,0.219,210.0,0.248,210.0,84.16,0.59055,-0.10176,0.44642,0.00319,0.60074
186.4,SYN.ETH-29NOV19,1573297143139,open,0.62,0.0,0.563,0.665,0.611965,101.61,None,0.0,ETH-29NOV19-300-P,185.4,0.0,0.0,0.0,0.0,0.0,0.0,0.02916,-0.07455,-0.16062,0.00152,-0.97053
192.71,SYN.ETH-26JUN20,1573297143140,open,2.36,0.0,2.238,2.481,2.35505,96.98,None,0.0,ETH-26JUN20-640-P,185.4,0.0,0.0,0.0,0.0,0.0,0.0,0.306,-0.06455,-3.92621,0.00135,-0.87996
186.4,SYN.ETH-29NOV19,1573297143141,open,0.03,2162.0,0.014,0.062,0.03211,64.21,0.03,0.0,ETH-29NOV19-200-C,185.4,61.75,0.03,1.0,0.034,220.0,66.4,0.16049,-0.25924,0.03189,0.01321,0.34635
192.71,SYN.ETH-26JUN20,1573297143139,open,2.16,0.0,2.04,2.274,2.152962,96.72,None,0.0,ETH-26JUN20-600-P,185.4,0.0,0.0,0.0,0.0,0.0,0.0,0.33468,-0.07041,-3.66088,0.00148,-0.86343
186.4,SYN.ETH-29NOV19,1573297143144,open,0.01,1921.0,0.001,0.018,0.006593,75.03,0.008,0.0,ETH-29NOV19-240-C,185.4,70.44,0.005,420.0,0.008,43.0,78.64,0.06918,-0.13058,0.00821,0.00487,0.08752
186.4,SYN.ETH-29NOV19,1573297143139,open,0.2,0.0,0.154,0.235,0.193295,67.75,None,0.0,ETH-29NOV19-220-P,185.4,0.0,0.18,50.0,0.0,0.0,0.0,0.10848,-0.18489,-0.10425,0.00846,-0.83381
186.4,SYN.ETH-29NOV19,1573297143139,open,0.46,1.0,0.447,0.48,0.463823,105.0,0.46,0.0,ETH-29NOV19-100-C,185.4,0.0,0.454,1.0,0.473,1.0,181.15,0.00499,-0.01319,0.05403,0.00025,0.99614
186.4,SYN.ETH-29NOV19,1573297143141,open,0.15,125.0,0.124,0.184,0.154493,67.54,0.141,0.0,ETH-29NOV19-160-C,185.4,54.0,0.148,320.0,0.177,17.0,103.11,0.10023,-0.1703,0.07086,0.00784,0.85261
192.71,SYN.ETH-26JUN20,1573297143139,open,0.04,5.0,0.017,0.058,0.036063,81.13,0.061,0.0,ETH-26JUN20-100-P,185.4,77.92,0.032,250.0,0.04,250.0,84.14,0.24833,-0.04382,-0.15299,0.00131,-0.08999
192.71,SYN.ETH-26JUN20,1573297143139,open,0.6,0.0,0.582,0.625,0.60439,85.76,None,0.0,ETH-26JUN20-80-C,185.4,49.77,0.586,1.0,0.0,0.0,0.0,0.16109,-0.03005,0.41783,0.0008,0.94866
192.71,SYN.ETH-26JUN20,1573297143139,open,0.7,0.0,0.682,0.711,0.696477,89.24,None,0.0,ETH-26JUN20-60-C,185.4,0.0,0.688,1.0,0.0,0.0,0.0,0.0823,-0.01598,0.34087,0.00039,0.97734
192.71,SYN.ETH-26JUN20,1573297143141,open,0.06,421.0,0.034,0.092,0.062869,79.22,0.061,0.0,ETH-26JUN20-120-P,185.4,75.34,0.056,210.0,0.067,210.0,81.51,0.345,-0.05945,-0.24962,0.00186,-0.14281
192.71,SYN.ETH-26JUN20,1573297143141,open,0.32,5.0,0.269,0.363,0.320122,79.22,0.275,0.0,ETH-26JUN20-160-C,185.4,70.04,0.296,25.0,0.343,210.0,87.94,0.50647,-0.08727,0.4964,0.00273,0.72913
192.71,SYN.ETH-26JUN20,1573297143141,open,0.01,184.0,0.001,0.017,0.007831,89.24,0.007,0.0,ETH-26JUN20-60-P,185.4,63.85,0.001,57.0,0.015,1.0,103.29,0.0823,-0.01598,-0.03701,0.00039,-0.02266
186.4,SYN.ETH-29NOV19,1573297143141,open,0.3,0.0,0.253,0.338,0.294172,75.03,None,0.0,ETH-29NOV19-240-P,185.4,0.0,0.0,0.0,0.0,0.0,0.0,0.06918,-0.13058,-0.12247,0.00487,-0.91248
186.4,SYN.ETH-29NOV19,1573297143143,open,0.01,301.0,0.003,0.031,0.012879,67.54,0.015,0.0,ETH-29NOV19-160-P,185.4,63.95,0.011,320.0,0.015,2.0,71.39,0.10023,-0.1703,-0.01627,0.00784,-0.14739
9263.48,SYN.BTC-26JUN20,1573297143144,open,1.22,0.0,1.144,1.29,1.21432955,82.76,None,0.0,BTC-26JUN20-20000-P,8840.6,0.0,0.1,1.0,1.88,0.1,326.55,20.54931,-3.69908,-117.54835,5e-05,-0.80052
186.4,SYN.ETH-29NOV19,1573297143142,open,0.51,0.0,0.46,0.556,0.505518,94.11,None,0.0,ETH-29NOV19-280-P,185.4,0.0,0.0,0.0,0.0,0.0,0.0,0.03798,-0.08991,-0.14868,0.00213,-0.95935
192.71,SYN.ETH-26JUN20,1573297143142,open,0.09,188.0,0.044,0.13,0.087386,85.84,0.093,0.0,ETH-26JUN20-360-C,185.4,83.05,0.08,180.0,0.095,180.0,88.64,0.51661,-0.09645,0.23624,0.00257,0.28204
192.71,SYN.ETH-26JUN20,1573297143140,open,0.44,1.0,0.402,0.473,0.440162,79.22,0.478,0.0,ETH-26JUN20-120-C,185.4,72.85,0.429,210.0,0.46,210.0,90.0,0.345,-0.05945,0.50613,0.00186,0.85719
192.71,SYN.ETH-26JUN20,1573297143141,open,1.15,0.0,1.057,1.243,1.149599,88.03,None,0.0,ETH-26JUN20-400-P,185.4,0.0,0.0,0.0,0.0,0.0,0.0,0.47886,-0.09169,-2.31372,0.00233,-0.7568
186.4,SYN.ETH-29NOV19,1573297143140,open,0.04,418.0,0.022,0.077,0.041111,61.94,0.044,0.0,ETH-29NOV19-180-P,185.4,59.56,0.039,100.0,0.044,320.0,65.2,0.16519,-0.25741,-0.04242,0.0141,-0.37682
192.71,SYN.ETH-26JUN20,1573297143142,open,0.2,336.0,0.143,0.247,0.199042,79.22,0.196,0.0,ETH-26JUN20-220-C,185.4,78.25,0.196,180.0,0.219,180.0,85.57,0.60684,-0.10457,0.41536,0.00328,0.54128
192.71,SYN.ETH-26JUN20,1573297143142,open,1.95,0.0,1.841,2.066,1.949893,95.31,None,0.0,ETH-26JUN20-560-P,185.4,0.0,0.0,0.0,0.0,0.0,0.0,0.35814,-0.07424,-3.39692,0.00161,-0.84901
9263.48,SYN.BTC-26JUN20,1573297143145,open,0.82,0.0,0.7455,0.885,0.8144519,79.98,None,0.0,BTC-26JUN20-16000-P,8840.6,0.0,0.08,1.0,0.88,0.5,102.44,25.29876,-4.40102,-88.74378,6e-05,-0.70667
192.71,SYN.ETH-26JUN20,1573297143141,open,0.37,50.0,0.33,0.414,0.375537,79.22,0.325,0.0,ETH-26JUN20-140-C,185.4,72.73,0.361,210.0,0.399,210.0,89.53,0.43498,-0.07495,0.50864,0.00235,0.79463
9104.59,BTC-27MAR20,1573297143151,open,2.1,0.0,2.0185,2.168,2.08876039,99.06,None,0.0,BTC-27MAR20-28000-P,8840.6,0.0,0.0,0.0,0.0,0.0,0.0,6.91903,-2.46777,-104.82857,2e-05,-0.93736
8852.13,SYN.BTC-15NOV19,1573297143151,open,0.0,105.1,0.0005,0.0105,0.00048644,89.97,0.0005,0.0,BTC-15NOV19-11500-C,8840.6,0.0,0.0,0.0,0.001,0.4,99.48,0.36839,-2.82046,0.0174,3e-05,0.0127
8852.13,SYN.BTC-15NOV19,1573297143151,open,0.3,0.0,0.274,0.328,0.29962601,90.39,None,0.0,BTC-15NOV19-11500-P,8840.6,0.0,0.0,0.0,0.0,0.0,0.0,0.37742,-2.90304,-1.83336,3e-05,-0.98694
191.04,ETH-27MAR20,1573297143162,open,0.49,0.0,0.47,0.52,0.495737,84.79,None,0.0,ETH-27MAR20-100-C,185.4,50.08,0.478,23.0,0.51,23.0,100.67,0.15281,-0.04665,0.3179,0.0013,0.93309
8865.87,SYN.BTC-22NOV19,1573297143249,open,0.01,215.2,0.005,0.0375,0.01529386,53.71,0.0135,0.0,BTC-22NOV19-9500-C,8840.6,49.89,0.013,10.0,0.017,16.5,56.46,5.4321,-11.32894,0.77439,0.00036,0.2629
8865.87,SYN.BTC-22NOV19,1573297143249,open,0.04,79.3,0.017,0.062,0.03375396,53.69,0.0385,0.0,BTC-22NOV19-8750-P,8840.6,49.95,0.031,12.0,0.0365,7.5,57.41,6.53531,-13.6257,-1.44486,0.00044,-0.42823
8865.87,SYN.BTC-22NOV19,1573297143249,open,0.05,111.2,0.0285,0.0785,0.0485303,53.69,0.0505,0.0,BTC-22NOV19-9000-P,8840.6,48.95,0.045,12.0,0.0515,12.5,57.67,6.61096,-13.78401,-1.8382,0.00044,-0.53922
8865.87,SYN.BTC-22NOV19,1573297143249,open,0.11,12.2,0.0845,0.1305,0.10815998,59.98,0.1075,0.0,BTC-22NOV19-8000-C,8840.6,52.85,0.105,4.0,0.1105,4.0,64.82,4.15565,-9.67881,2.26892,0.00025,0.83363
8865.87,SYN.BTC-22NOV19,1573297143249,open,0.0,5.0,0.0005,0.013,0.00347565,71.08,0.0045,0.0,BTC-22NOV19-7250-P,8840.6,66.2,0.0025,14.0,0.0045,0.1,75.49,1.92527,-5.31439,-0.19152,0.0001,-0.05776
8865.87,SYN.BTC-22NOV19,1573297143249,open,0.0,19.1,0.0005,0.0135,0.00384105,60.97,0.0055,0.0,BTC-22NOV19-10500-C,8840.6,55.52,0.0025,33.0,0.0055,33.0,66.5,2.42383,-5.73869,0.23131,0.00014,0.0778
8865.87,SYN.BTC-22NOV19,1573297143249,open,0.01,2.1,0.0005,0.015,0.00506037,67.42,0.007,0.0,BTC-22NOV19-7500-P,8840.6,65.42,0.0045,2.1,0.006,0.1,70.57,2.54741,-6.66943,-0.2757,0.00014,-0.08309
8865.87,SYN.BTC-22NOV19,1573297143249,open,0.09,0.8,0.063,0.1185,0.08683293,53.73,0.0625,0.0,BTC-22NOV19-9500-P,8840.6,48.14,0.0835,4.0,0.09,0.5,58.79,5.43321,-11.33626,-2.57653,0.00036,-0.737
8865.87,SYN.BTC-22NOV19,1573297143249,open,0.03,20.3,0.0165,0.06,0.03338802,53.67,0.031,0.0,BTC-22NOV19-9000-C,8840.6,48.45,0.0295,19.0,0.0345,0.2,55.16,6.61092,-13.77919,1.33658,0.00044,0.46075
8865.87,SYN.BTC-22NOV19,1573297143249,open,0.01,43.1,0.0005,0.0185,0.00683658,62.42,0.008,0.0,BTC-22NOV19-7750-P,8840.6,61.48,0.0065,1.1,0.007,0.2,62.87,3.21049,-7.78254,-0.37767,0.00019,-0.11392
8865.87,SYN.BTC-22NOV19,1573297143249,open,0.01,16.0,0.001,0.0245,0.01050868,60.0,0.0115,0.0,BTC-22NOV19-8000-P,8840.6,56.71,0.009,27.0,0.012,0.1,63.12,4.15714,-9.6865,-0.55348,0.00025,-0.16646
8865.87,SYN.BTC-22NOV19,1573297143249,open,0.01,406.3,0.0005,0.022,0.00702696,56.05,0.0065,0.0,BTC-22NOV19-10000-C,8840.6,52.17,0.0055,32.0,0.0085,20.0,59.48,3.66387,-7.97412,0.40854,0.00024,0.13765
8865.87,SYN.BTC-22NOV19,1573297143249,open,0.18,0.0,0.1665,0.2055,0.18572215,71.03,None,0.0,BTC-22NOV19-7250-C,8840.6,0.0,0.01,1.0,0.0,0.0,0.0,1.92214,-5.30195,2.36639,0.0001,0.94236
8865.87,SYN.BTC-22NOV19,1573297143249,open,0.02,91.9,0.0045,0.035,0.01574744,57.53,0.017,0.0,BTC-22NOV19-8250-P,8840.6,53.58,0.0135,26.0,0.0175,10.0,60.53,5.12499,-11.44928,-0.78627,0.00032,-0.23566
8865.87,SYN.BTC-22NOV19,1573297143249,open,0.03,23.8,0.009,0.047,0.02319452,55.26,0.0235,0.0,BTC-22NOV19-8500-P,8840.6,51.24,0.0205,24.0,0.0255,9.8,58.66,5.98187,-12.83734,-1.08431,0.00039,-0.32351
8865.87,SYN.BTC-22NOV19,1573297143249,open,0.11,6.7,0.085,0.141,0.10989061,54.4,0.118,0.0,BTC-22NOV19-9750-P,8840.6,49.5,0.1075,4.0,0.1135,4.0,61.16,4.5134,-9.53497,-2.87811,0.0003,-0.81036
8865.87,SYN.BTC-22NOV19,1573297143249,open,0.13,0.0,0.111,0.154,0.13268628,62.39,None,0.0,BTC-22NOV19-7750-C,8840.6,0.0,0.01,1.0,0.0,0.0,0.0,3.20828,-7.77311,2.3566,0.00019,0.88619
8865.87,SYN.BTC-22NOV19,1573297143249,open,0.08,2.0,0.0615,0.11,0.08520035,57.51,0.11,0.0,BTC-22NOV19-8250-C,8840.6,50.92,0.0815,4.0,0.088,4.0,62.27,5.12413,-11.44304,2.12426,0.00032,0.76442
8865.87,SYN.BTC-22NOV19,1573297143249,open,0.16,0.0,0.1385,0.18,0.15910847,67.38,None,0.0,BTC-22NOV19-7500-C,8840.6,0.0,0.01,1.0,0.0,0.0,0.0,2.54479,-6.65863,2.37038,0.00014,0.91702
8865.87,SYN.BTC-22NOV19,1573297143249,open,0.06,14.8,0.0425,0.091,0.06444904,55.24,0.062,0.0,BTC-22NOV19-8500-C,8840.6,50.09,0.061,12.0,0.067,0.5,59.01,5.98153,-12.83216,1.91432,0.00039,0.67654
8865.87,SYN.BTC-22NOV19,1573297143251,open,0.16,0.0,0.1355,0.1895,0.16154567,59.33,None,0.0,BTC-22NOV19-10250-P,8840.6,0.0,0.011,1.0,0.0,0.0,0.0,3.05598,-7.04058,-3.30014,0.00019,-0.89365
8865.87,SYN.BTC-22NOV19,1573297143251,open,0.0,21.7,0.0005,0.0125,0.00265921,62.22,0.0045,0.0,BTC-22NOV19-10750-C,8840.6,58.86,0.002,14.0,0.0035,20.0,65.9,1.8753,-4.53115,0.1664,0.00011,0.05586
8865.87,SYN.BTC-22NOV19,1573297143251,open,0.07,56.3,0.044,0.0975,0.0663281,53.7,0.073,0.0,BTC-22NOV19-9250-P,8840.6,48.17,0.0625,12.0,0.069,0.5,57.49,6.20326,-12.93468,-2.22269,0.00042,-0.64436
8865.87,SYN.BTC-22NOV19,1573297143251,open,0.0,28.2,0.0005,0.0115,0.00199807,69.68,0.0025,0.0,BTC-22NOV19-11250-C,8840.6,62.15,0.001,34.0,0.003,14.0,75.18,1.4255,-3.85699,0.11784,7e-05,0.03968
8865.87,SYN.BTC-22NOV19,1573297143251,open,0.22,0.0,0.1895,0.243,0.21519026,62.3,None,0.0,BTC-22NOV19-10750-P,8840.6,0.0,0.013,1.0,0.0,0.0,0.0,1.88164,-4.55212,-3.62506,0.00011,-0.9439
8865.87,SYN.BTC-22NOV19,1573297143251,open,0.19,0.0,0.162,0.216,0.18817371,61.03,None,0.0,BTC-22NOV19-10500-P,8840.6,0.0,0.012,1.0,0.0,0.0,0.0,2.4289,-5.75623,-3.47204,0.00014,-0.92198
8865.87,SYN.BTC-22NOV19,1573297143251,open,0.01,562.3,0.0005,0.029,0.01015314,54.37,0.0115,0.0,BTC-22NOV19-9750-C,8840.6,51.03,0.0085,27.0,0.012,27.0,57.91,4.51131,-9.52543,0.56089,0.0003,0.18949
8865.87,SYN.BTC-22NOV19,1573297143251,open,0.0,33.6,0.0005,0.012,0.00245124,66.88,0.0025,0.0,BTC-22NOV19-11000-C,8840.6,61.18,0.0015,14.0,0.0035,14.0,71.84,1.6912,-4.39249,0.14573,9e-05,0.04905
8865.87,SYN.BTC-22NOV19,1573297143251,open,0.27,0.0,0.2445,0.3,0.27092592,69.78,None,0.0,BTC-22NOV19-11250-P,8840.6,0.0,0.0,0.0,0.0,0.0,0.0,1.43271,-3.88242,-3.84998,7e-05,-0.96008
8865.87,SYN.BTC-22NOV19,1573297143251,open,0.14,5.0,0.1095,0.1645,0.13496283,56.08,0.1135,0.0,BTC-22NOV19-10000-P,8840.6,0.0,0.01,1.0,0.0,0.0,0.0,3.66702,-7.98622,-3.11856,0.00024,-0.86217
8865.87,SYN.BTC-22NOV19,1573297143251,open,0.25,0.0,0.217,0.272,0.24318069,66.97,None,0.0,BTC-22NOV19-11000-P,8840.6,0.0,0.0,0.0,0.0,0.0,0.0,1.69773,-4.41525,-3.73393,9e-05,-0.95072
9104.59,BTC-27MAR20,1573297143269,open,0.6,58.9,0.5395,0.6505,0.59402684,76.41,0.6005,0.0,BTC-27MAR20-14000-P,8840.6,0.0,0.4,0.5,0.7,1.0,123.49,17.81216,-4.89988,-46.58998,7e-05,-0.7509
8934.57,BTC-27DEC19,1573297143448,open,2.37,0.2,2.292,2.427,2.35781062,99.6,2.03,0.0,BTC-27DEC19-30000-P,8840.6,0.0,0.0,0.0,0.0,0.0,0.0,0.0829,-0.08624,-39.34196,0.0,-0.99926
8934.57,BTC-27DEC19,1573297143512,open,3.04,1.3,2.9505,3.112,3.02929839,96.7,2.2,0.0,BTC-27DEC19-36000-P,8840.6,0.0,0.0,0.0,0.0,0.0,0.0,0.0093,-0.00939,-47.21909,0.0,-0.99993
9104.59,BTC-27MAR20,1573297143534,open,0.02,455.0,0.0065,0.0465,0.02223484,85.06,0.023,0.0,BTC-27MAR20-20000-C,8840.6,82.59,0.0195,11.0,0.0245,11.0,86.99,10.41737,-3.19022,2.96885,4e-05,0.10794
9263.48,SYN.BTC-26JUN20,1573297143534,open,0.21,125.6,0.157,0.2595,0.20922921,72.5,0.211,0.0,BTC-26JUN20-9000-P,8840.6,70.92,0.2045,3.8,0.2155,3.5,74.6,27.70148,-4.36816,-33.66155,7e-05,-0.36775
187.81,ETH-27DEC19,1573297143564,open,0.0,4100.0,0.001,0.012,0.002987,93.51,0.004,0.0,ETH-27DEC19-100-P,185.4,78.96,0.001,47.0,0.005,1.0,102.84,0.03454,-0.03373,-0.00595,0.0008,-0.02116
187.81,ETH-27DEC19,1573297143573,open,0.0,4100.0,0.001,0.012,0.002987,93.51,0.004,0.0,ETH-27DEC19-100-P,185.4,78.96,0.001,407.0,0.005,1.0,102.84,0.03454,-0.03373,-0.00595,0.0008,-0.02116
8879.61,SYN.BTC-29NOV19,1573297143714,open,0.01,700.3,0.0055,0.0385,0.01507489,58.12,0.0145,0.0,BTC-29NOV19-10000-C,8840.6,57.26,0.0145,0.5,0.0155,16.0,58.75,5.96238,-8.71713,0.9398,0.00024,0.20944
8934.56,BTC-27DEC19,1573297143939,open,0.39,73.5,0.3735,0.4065,0.38939186,82.07,0.266,0.0,BTC-27DEC19-5500-C,8840.6,0.0,0.3735,8.0,0.403,8.0,113.53,2.64324,-2.26552,6.71681,3e-05,0.96254
8879.61,SYN.BTC-29NOV19,1573297143944,open,0.27,0.3,0.254,0.289,0.27090936,78.96,0.31,0.0,BTC-29NOV19-6500-C,8840.6,0.0,0.2555,6.0,0.2865,6.0,126.02,1.68012,-3.33741,3.34588,5e-05,0.96288
8934.56,BTC-27DEC19,1573297144056,open,2.14,0.2,2.0725,2.199,2.13402976,99.59,2.084,0.0,BTC-27DEC19-28000-P,8840.6,0.0,0.0,0.0,0.0,0.0,0.0,0.14924,-0.15522,-36.71158,0.0,-0.99859
8934.46,BTC-27DEC19,1573297144129,open,0.66,10.0,0.6545,0.674,0.6643014,100.5,0.618,0.0,BTC-27DEC19-3000-C,8840.5,0.0,0.656,1.0,0.6725,1.0,185.91,0.08216,-0.08624,3.92543,0.0,0.99926
9104.48,BTC-27MAR20,1573297144130,open,2.97,0.0,2.8775,3.05,2.95934998,99.84,None,0.0,BTC-27MAR20-36000-P,8840.5,0.0,0.0,0.0,0.0,0.0,0.0,3.51761,-1.26447,-136.21446,1e-05,-0.97284
9104.48,BTC-27MAR20,1573297144130,open,0.41,52.6,0.351,0.459,0.4052199,74.32,0.355,0.0,BTC-27MAR20-12000-P,8840.5,65.09,0.3845,0.5,0.455,1.0,95.32,20.89748,-5.59158,-36.39736,9e-05,-0.64549
8934.46,BTC-27DEC19,1573297144131,open,0.33,112.4,0.317,0.3535,0.33493485,73.7,0.385,0.0,BTC-27DEC19-6000-C,8840.5,0.0,0.318,7.0,0.352,7.0,105.16,3.44679,-2.65307,7.18368,4e-05,0.94793
9263.48,SYN.BTC-26JUN20,1573297144128,open,0.58,0.0,0.5645,0.597,0.57997576,72.49,None,0.0,BTC-26JUN20-4000-C,8840.5,0.0,0.567,5.0,0.596,5.0,91.31,6.37083,-1.00447,22.15479,2e-05,0.95972
9263.48,SYN.BTC-26JUN20,1573297144130,open,2.06,0.0,1.974,2.1395,2.05195911,88.88,None,0.0,BTC-26JUN20-28000-P,8840.5,0.0,0.0,0.0,0.0,0.0,0.0,14.00944,-2.70825,-171.51618,3e-05,-0.88793
185.7,SYN.ETH-15NOV19,1573297144147,open,0.01,335.0,0.001,0.022,0.006887,59.93,0.005,0.0,ETH-15NOV19-200-C,185.41,50.25,0.004,160.0,0.01,46.0,68.9,0.06059,-0.309,0.00501,0.01821,0.17432
185.7,SYN.ETH-15NOV19,1573297144147,open,0.14,0.0,0.1,0.172,0.134783,71.77,None,0.0,ETH-15NOV19-210-P,185.41,0.0,0.13,50.0,0.186,1.0,201.51,0.04013,-0.24506,-0.03105,0.01007,-0.90401
185.7,SYN.ETH-15NOV19,1573297144147,open,0.24,0.0,0.223,0.27,0.24678,104.12,None,0.0,ETH-15NOV19-140-C,185.41,0.0,0.0,0.0,0.29,1.0,301.24,0.00828,-0.07332,0.02211,0.00143,0.98626
185.7,SYN.ETH-15NOV19,1573297144147,open,0.24,0.0,0.203,0.28,0.240082,90.54,None,0.0,ETH-15NOV19-230-P,185.41,0.0,0.001,10.0,0.314,1.0,300.49,0.01844,-0.14208,-0.03601,0.00367,-0.96445
185.7,SYN.ETH-15NOV19,1573297144147,open,0.02,806.0,0.003,0.043,0.019418,57.74,0.022,0.0,ETH-15NOV19-190-C,185.41,50.68,0.016,30.0,0.022,6.0,63.01,0.0905,-0.44462,0.01112,0.02823,0.39145
185.7,SYN.ETH-15NOV19,1573297144147,open,0.0,900.0,0.001,0.011,0.000706,105.02,0.001,0.0,ETH-15NOV19-140-P,185.41,0.0,0.0,0.0,0.002,4.0,124.38,0.0086,-0.07687,-0.00045,0.00148,-0.01437
185.7,SYN.ETH-15NOV19,1573297144147,open,0.19,0.0,0.168,0.218,0.193189,85.86,None,0.0,ETH-15NOV19-150-C,185.41,0.0,0.0,0.0,0.235,1.0,251.17,0.01235,-0.09026,0.02346,0.00259,0.97803
185.7,SYN.ETH-15NOV19,1573297144147,open,0.01,963.0,0.001,0.018,0.005025,62.37,0.005,0.0,ETH-15NOV19-170-P,185.41,58.24,0.004,156.0,0.006,6.0,66.0,0.04818,-0.25572,-0.00385,0.01391,-0.12381
185.7,SYN.ETH-15NOV19,1573297144147,open,0.0,129.0,0.001,0.011,0.001489,89.86,0.001,0.0,ETH-15NOV19-230-C,185.41,84.18,0.001,15.0,0.002,92.0,94.68,0.01796,-0.13734,0.00098,0.0036,0.03443
185.7,SYN.ETH-15NOV19,1573297144147,open,0.0,296.0,0.001,0.011,0.001494,74.51,0.002,0.0,ETH-15NOV19-220-C,185.41,0.0,0.0,0.0,0.003,1.0,85.53,0.02049,-0.1299,0.00116,0.00495,0.04045
186.41,SYN.ETH-29NOV19,1573297144149,open,0.07,4035.0,0.05,0.112,0.075426,61.91,0.085,0.0,ETH-29NOV19-180-C,185.41,56.9,0.071,120.0,0.078,20.0,64.81,0.16517,-0.25724,0.05562,0.0141,0.62336
185.7,SYN.ETH-15NOV19,1573297144147,open,0.0,318.0,0.001,0.012,0.002001,73.34,0.002,0.0,ETH-15NOV19-160-P,185.41,64.17,0.001,20.0,0.003,16.0,80.2,0.02419,-0.15098,-0.00155,0.00594,-0.04972
185.7,SYN.ETH-15NOV19,1573297144147,open,0.0,267.0,0.001,0.011,0.000967,86.5,0.002,0.0,ETH-15NOV19-150-P,185.41,0.0,0.0,0.0,0.002,1.0,98.42,0.01271,-0.09356,-0.00071,0.00265,-0.02273
185.7,SYN.ETH-15NOV19,1573297144147,open,0.0,318.0,0.001,0.015,0.003894,71.48,0.007,0.0,ETH-15NOV19-210-C,185.41,67.06,0.003,2.0,0.005,58.0,76.34,0.03984,-0.24234,0.00273,0.01004,0.09505
185.7,SYN.ETH-15NOV19,1573297144147,open,0.14,0.0,0.113,0.167,0.140371,72.98,None,0.0,ETH-15NOV19-160-C,185.41,0.0,0.138,50.0,0.179,1.0,200.48,0.02389,-0.14836,0.02423,0.0059,0.95106
185.7,SYN.ETH-15NOV19,1573297144159,open,0.04,531.0,0.019,0.075,0.046682,57.7,0.048,0.0,ETH-15NOV19-180-C,185.41,47.2,0.042,25.0,0.05,140.0,64.93,0.08445,-0.41468,0.01888,0.02636,0.67824
186.41,SYN.ETH-29NOV19,1573297144164,open,0.0,569.0,0.001,0.011,0.001386,103.55,0.003,0.0,ETH-29NOV19-320-C,185.41,0.0,0.0,0.0,0.003,1.0,115.88,0.01852,-0.04824,0.0016,0.00095,0.01719
186.06,SYN.ETH-22NOV19,1573297144178,open,0.14,0.0,0.117,0.174,0.146467,66.62,None,0.0,ETH-22NOV19-160-C,185.41,0.0,0.14,31.0,0.0,0.0,0.0,0.06237,-0.16137,0.0493,0.00767,0.89765
185.7,SYN.ETH-15NOV19,1573297144183,open,0.19,0.0,0.151,0.224,0.186236,75.08,None,0.0,ETH-15NOV19-220-P,185.41,0.0,0.001,1.0,0.249,1.0,250.08,0.02099,-0.13412,-0.03422,0.00504,-0.95832
191.05,ETH-27MAR20,1573297144190,open,0.49,0.0,0.47,0.519,0.495714,84.76,None,0.0,ETH-27MAR20-100-C,185.41,49.95,0.478,24.0,0.51,23.0,100.65,0.15272,-0.0466,0.31796,0.0013,0.93314
185.7,SYN.ETH-15NOV19,1573297144194,open,0.04,303.0,0.016,0.074,0.042604,57.85,0.056,0.0,ETH-15NOV19-190-P,185.41,48.31,0.038,120.0,0.048,20.0,68.84,0.09051,-0.44557,-0.01946,0.02818,-0.60829
187.81,ETH-27DEC19,1573297144669,open,0.0,4100.0,0.001,0.012,0.002987,93.51,0.004,0.0,ETH-27DEC19-100-P,185.41,78.96,0.001,47.0,0.005,1.0,102.84,0.03454,-0.03373,-0.00595,0.0008,-0.02116
187.81,ETH-27DEC19,1573297144679,open,0.0,4100.0,0.001,0.012,0.002987,93.51,0.004,0.0,ETH-27DEC19-100-P,185.41,78.96,0.001,407.0,0.005,1.0,102.84,0.03454,-0.03373,-0.00595,0.0008,-0.02116
191.05,ETH-27MAR20,1573297144885,open,0.07,354.0,0.041,0.107,0.073649,84.1,0.068,0.0,ETH-27MAR20-140-P,185.41,60.61,0.036,31.0,0.072,320.0,83.13,0.32517,-0.09846,-0.19547,0.00278,-0.19526
8934.67,BTC-27DEC19,1573297145134,open,0.01,974.7,0.0005,0.02,0.00774862,76.78,0.0075,0.0,BTC-27DEC19-14000-C,8840.7,75.19,0.007,16.1,0.0085,11.9,78.28,4.34228,-3.48173,0.72894,5e-05,0.06995
8852.03,SYN.BTC-15NOV19,1573297145131,open,0.11,7.1,0.081,0.131,0.10499197,58.58,0.069,0.0,BTC-15NOV19-9750-P,8840.7,44.53,0.1025,4.0,0.109,4.0,73.35,2.01862,-10.06278,-1.42735,0.00027,-0.89667
186.06,SYN.ETH-22NOV19,1573297145248,open,0.01,104.0,0.001,0.019,0.006466,66.74,0.008,0.0,ETH-22NOV19-160-P,185.41,58.65,0.004,201.0,0.009,201.0,73.78,0.06254,-0.16209,-0.00717,0.00767,-0.10272
186.06,SYN.ETH-22NOV19,1573297145248,open,0.0,11.0,0.001,0.013,0.003963,72.82,0.004,0.0,ETH-22NOV19-230-C,185.41,68.68,0.003,200.0,0.005,11.0,76.72,0.04649,-0.13148,0.00428,0.00523,0.06918
186.06,SYN.ETH-22NOV19,1573297145248,open,0.03,11.0,0.01,0.056,0.030571,61.07,0.033,0.0,ETH-22NOV19-180-P,185.41,54.56,0.026,160.0,0.031,3.0,61.67,0.13132,-0.3114,-0.02594,0.01761,-0.36473
186.06,SYN.ETH-22NOV19,1573297145248,open,0.1,90.0,0.069,0.129,0.100581,62.6,0.093,0.0,ETH-22NOV19-170-C,185.41,51.45,0.095,40.0,0.104,40.0,68.85,0.09909,-0.24089,0.04562,0.01296,0.79569
186.06,SYN.ETH-22NOV19,1573297145248,open,0.0,30.0,0.001,0.013,0.003439,74.9,0.004,0.0,ETH-22NOV19-150-P,185.41,59.2,0.001,201.0,0.006,201.0,85.52,0.03866,-0.11243,-0.00381,0.00423,-0.05461
186.06,SYN.ETH-22NOV19,1573297145248,open,0.2,0.0,0.17,0.223,0.197228,74.9,None,0.0,ETH-22NOV19-150-C,185.41,0.0,0.0,0.0,0.0,0.0,0.0,0.03866,-0.11243,0.0491,0.00423,0.94539
186.06,SYN.ETH-22NOV19,1573297145248,open,0.01,0.0,0.003,0.032,0.014287,62.6,None,0.0,ETH-22NOV19-170-P,185.41,56.22,0.011,160.0,0.018,160.0,69.38,0.09909,-0.24089,-0.01435,0.01296,-0.20431
186.06,SYN.ETH-22NOV19,1573297145248,open,0.06,0.0,0.028,0.089,0.057587,61.07,None,0.0,ETH-22NOV19-190-P,185.41,54.89,0.053,120.0,0.065,140.0,71.02,0.13831,-0.328,-0.03988,0.01855,-0.54996
186.06,SYN.ETH-22NOV19,1573297145248,open,0.01,17.0,0.001,0.02,0.007016,70.44,0.01,0.0,ETH-22NOV19-220-C,185.41,64.49,0.005,200.0,0.009,2.0,75.59,0.06781,-0.18548,0.00708,0.00788,0.11495
186.06,SYN.ETH-22NOV19,1573297145248,open,0.02,371.0,0.005,0.04,0.020015,62.54,0.024,0.0,ETH-22NOV19-200-C,185.41,57.77,0.017,160.0,0.022,10.0,65.6,0.11941,-0.28998,0.01765,0.01564,0.28891
186.06,SYN.ETH-22NOV19,1573297145248,open,0.03,168.0,0.013,0.061,0.036386,61.07,0.038,0.0,ETH-22NOV19-190-C,185.41,60.55,0.036,30.0,0.038,1.0,63.24,0.13831,-0.328,0.02715,0.01855,0.45004
186.06,SYN.ETH-22NOV19,1573297145250,open,0.3,0.0,0.253,0.334,0.291942,73.54,None,0.0,ETH-22NOV19-240-P,185.41,0.0,0.0,0.0,0.0,0.0,0.0,0.02889,-0.08252,-0.0823,0.00322,-0.96198
186.06,SYN.ETH-22NOV19,1573297145250,open,0.19,0.0,0.151,0.229,0.189459,70.44,None,0.0,ETH-22NOV19-220-P,185.41,0.0,0.0,0.0,0.0,0.0,0.0,0.06781,-0.18548,-0.07052,0.00788,-0.88505
186.06,SYN.ETH-22NOV19,1573297145250,open,0.1,40.0,0.06,0.13,0.094964,62.54,0.105,0.0,ETH-22NOV19-200-P,185.41,57.85,0.092,40.0,0.103,40.0,74.68,0.11941,-0.28998,-0.0529,0.01564,-0.71109
186.06,SYN.ETH-22NOV19,1573297145250,open,0.24,0.0,0.202,0.281,0.240153,72.82,None,0.0,ETH-22NOV19-230-P,185.41,0.0,0.0,0.0,0.0,0.0,0.0,0.04649,-0.13148,-0.07685,0.00523,-0.93082
186.06,SYN.ETH-22NOV19,1573297145250,open,0.14,0.0,0.103,0.179,0.140696,67.1,None,0.0,ETH-22NOV19-210-P,185.41,0.0,0.128,30.0,0.0,0.0,0.0,0.09318,-0.24278,-0.06275,0.01137,-0.81532
186.06,SYN.ETH-22NOV19,1573297145250,open,0.0,20.0,0.001,0.012,0.002004,73.54,0.004,0.0,ETH-22NOV19-240-C,185.41,65.69,0.001,220.0,0.003,35.0,79.21,0.02889,-0.08252,0.00236,0.00322,0.03802
187.81,ETH-27DEC19,1573297145773,open,0.0,4100.0,0.001,0.012,0.002986,93.51,0.004,0.0,ETH-27DEC19-100-P,185.41,78.96,0.001,47.0,0.005,1.0,102.84,0.03454,-0.03373,-0.00595,0.0008,-0.02116
187.81,ETH-27DEC19,1573297145781,open,0.0,4100.0,0.001,0.012,0.002986,93.51,0.004,0.0,ETH-27DEC19-100-P,185.41,78.96,0.001,407.0,0.005,1.0,102.84,0.03454,-0.03373,-0.00595,0.0008,-0.02116
186.06,SYN.ETH-22NOV19,1573297146016,open,0.25,0.0,0.225,0.272,0.24901,80.08,None,0.0,ETH-22NOV19-140-C,185.41,0.0,0.0,0.0,0.0,0.0,0.0,0.02018,-0.06275,0.04767,0.00206,0.97536
186.06,SYN.ETH-22NOV19,1573297146016,open,0.0,0.0,0.001,0.011,0.001474,80.08,None,0.0,ETH-22NOV19-140-P,185.41,0.0,0.0,0.0,0.003,1.0,91.3,0.02018,-0.06275,-0.00171,0.00206,-0.02464
9104.67,BTC-27MAR20,1573297146138,open,1.01,0.0,0.9495,1.066,1.00498176,81.54,1.23,0.0,BTC-27MAR20-18000-P,8840.71,0.0,0.0,0.0,0.0,0.0,0.0,12.18508,-3.57712,-64.7838,5e-05,-0.86514
9104.67,BTC-27MAR20,1573297146138,open,0.01,85.8,0.0005,0.02,0.00670441,99.98,0.009,0.0,BTC-27MAR20-34000-C,8840.71,74.15,0.0005,23.0,0.008,5.0,102.62,4.21263,-1.51632,0.9372,1e-05,0.03376
9104.67,BTC-27MAR20,1573297146138,open,0.09,1050.2,0.0495,0.1255,0.0872012,74.32,0.0855,0.0,BTC-27MAR20-12000-C,8840.71,72.92,0.084,4.0,0.09,14.0,75.54,20.89859,-5.59215,9.26122,9e-05,0.35455
9104.67,BTC-27MAR20,1573297146138,open,0.03,1511.4,0.013,0.063,0.03466415,76.4,0.04,0.0,BTC-27MAR20-16000-C,8840.71,70.12,0.0255,10.0,0.04,14.4,79.75,14.12357,-3.88515,4.63152,6e-05,0.16836
8934.65,BTC-27DEC19,1573297146138,open,0.72,0.0,0.7105,0.73,0.72019519,95.09,None,0.0,BTC-27DEC19-2500-C,8840.71,0.0,0.712,1.0,0.7285,1.0,214.97,0.00721,-0.00716,3.27847,0.0,0.99995
8934.65,BTC-27DEC19,1573297146138,open,0.0,449.3,0.0005,0.0105,8.8e-07,100.0,0.0005,0.0,BTC-27DEC19-44000-C,8840.71,0.0,0.0,0.0,0.0005,1.0,148.47,0.00175,-0.00182,0.00013,0.0,1e-05
8934.65,BTC-27DEC19,1573297146138,open,0.01,1295.5,0.0005,0.016,0.00648366,73.68,0.006,0.0,BTC-27DEC19-6000-P,8840.71,69.58,0.005,26.1,0.008,42.0,77.41,3.44452,-2.65067,-0.68569,4e-05,-0.05203
8934.65,BTC-27DEC19,1573297146138,open,0.01,390.4,0.0005,0.0145,0.00498582,82.09,0.005,0.0,BTC-27DEC19-5500-P,8840.71,80.41,0.0045,49.0,0.0055,35.0,83.78,2.6452,-2.26788,-0.49781,3e-05,-0.03749
8934.65,BTC-27DEC19,1573297146138,open,0.0,685.2,0.0005,0.0105,0.00056535,100.0,0.001,0.0,BTC-27DEC19-24000-C,8840.71,106.17,0.001,16.0,0.002,27.0,115.13,0.50337,-0.5257,0.05699,0.0,0.00543
8934.65,BTC-27DEC19,1573297146138,open,2.59,0.3,2.5115,2.655,2.58166991,108.09,1.875,0.0,BTC-27DEC19-32000-P,8840.71,0.0,0.0,0.0,0.0,0.0,0.0,0.11836,-0.13361,-41.96165,0.0,-0.99891
8934.65,BTC-27DEC19,1573297146138,open,0.05,860.5,0.022,0.0685,0.04407357,63.38,0.044,0.0,BTC-27DEC19-8000-P,8840.71,62.49,0.043,15.0,0.0455,11.5,64.55,10.80743,-7.15332,-3.74555,0.00016,-0.27553
9104.67,BTC-27MAR20,1573297146138,open,0.01,117.2,0.001,0.029,0.0109241,99.98,0.008,0.0,BTC-27MAR20-30000-C,8840.71,89.93,0.0055,13.0,0.0175,1.0,108.61,5.98106,-2.15289,1.42492,2e-05,0.05206
8934.65,BTC-27DEC19,1573297146139,open,0.19,292.5,0.1605,0.2135,0.1877938,63.72,0.2,0.0,BTC-27DEC19-7500-C,8840.71,40.19,0.168,7.0,0.195,13.0,70.82,8.81194,-5.86388,7.27899,0.00013,0.80891
8934.65,BTC-27DEC19,1573297146138,open,0.0,562.6,0.0005,0.0105,2.89e-06,100.0,0.0005,0.0,BTC-27DEC19-40000-C,8840.71,0.0,0.0,0.0,0.0005,10.0,140.91,0.00512,-0.00535,0.00041,0.0,4e-05
8934.65,BTC-27DEC19,1573297146139,open,0.08,518.6,0.0565,0.114,0.08589228,61.85,0.0915,0.0,BTC-27DEC19-9000-C,8840.71,60.88,0.0845,10.2,0.0875,0.5,62.97,12.86849,-8.31221,5.22417,0.0002,0.53167
9104.67,BTC-27MAR20,1573297146138,open,0.57,9.4,0.5535,0.5805,0.56625541,78.04,0.585,0.0,BTC-27MAR20-4000-C,8840.71,0.0,0.555,7.0,0.5785,1.0,101.65,3.35132,-0.94162,14.13777,1e-05,0.97437
8934.65,BTC-27DEC19,1573297146138,open,0.69,211.2,0.6475,0.7265,0.68488854,81.44,0.9295,0.0,BTC-27DEC19-15000-P,8840.71,0.0,0.0,0.0,0.0,0.0,0.0,3.53726,-3.00864,-19.11515,4e-05,-0.9462
9104.67,BTC-27MAR20,1573297146139,open,1.44,6.0,1.3745,1.4995,1.43314903,86.79,1.5845,0.0,BTC-27MAR20-22000-P,8840.71,0.0,0.0,0.0,0.0,0.0,0.0,8.64305,-2.70086,-81.38661,3e-05,-0.91624
8934.65,BTC-27DEC19,1573297146138,open,0.83,12.1,0.8225,0.842,0.83211093,0.0,0.8415,0.0,BTC-27DEC19-1500-C,8840.71,0.0,0.824,1.0,0.84,1.0,296.16,0.0,0.0,1.96749,0.0,1.0
8934.65,BTC-27DEC19,1573297146138,open,0.55,30.9,0.5435,0.5645,0.55340305,99.89,0.5735,0.0,BTC-27DEC19-4000-C,8840.71,0.0,0.5445,9.0,0.562,1.0,146.12,0.72069,-0.75184,5.13831,1e-05,0.99185
8934.65,BTC-27DEC19,1573297146139,open,0.0,791.7,0.0005,0.013,0.00349219,94.08,0.0025,0.0,BTC-27DEC19-18000-C,8840.71,89.58,0.0025,21.0,0.0045,19.5,97.88,2.18301,-2.14491,0.30705,2e-05,0.02969
9104.67,BTC-27MAR20,1573297146139,open,0.11,328.4,0.0715,0.1475,0.10947272,71.18,0.1145,0.0,BTC-27MAR20-8000-P,8840.71,69.34,0.1055,0.3,0.1135,12.0,73.05,19.63107,-5.03117,-14.30889,9e-05,-0.30358
8934.66,BTC-27DEC19,1573297146139,open,0.0,438.0,0.0005,0.011,0.00116577,100.0,0.0015,0.0,BTC-27DEC19-22000-C,8840.71,103.02,0.0015,16.0,0.002,8.0,106.76,0.90198,-0.942,0.10971,1e-05,0.01053
8934.66,BTC-27DEC19,1573297146139,open,1.7,0.0,1.634,1.7435,1.68679072,100.98,None,0.0,BTC-27DEC19-24000-P,8840.71,0.0,0.0,0.0,0.0,0.0,0.0,0.54064,-0.57014,-31.41826,1e-05,-0.99412
8934.66,BTC-27DEC19,1573297146139,open,0.0,1495.2,0.0005,0.013,0.00348879,89.42,0.004,0.0,BTC-27DEC19-5000-P,8840.71,87.03,0.003,50.0,0.004,16.0,91.71,1.91167,-1.78521,-0.33766,2e-05,-0.02532
9104.67,BTC-27MAR20,1573297146139,open,0.07,77.7,0.0355,0.0945,0.06423889,71.18,0.062,0.0,BTC-27MAR20-7000-P,8840.71,62.63,0.0495,8.0,0.0655,5.0,71.9,16.03087,-4.10844,-9.38263,7e-05,-0.20661
8934.66,BTC-27DEC19,1573297146139,open,0.0,868.9,0.0005,0.0105,7.543e-05,100.0,0.0005,0.0,BTC-27DEC19-3000-P,8840.71,0.0,0.0,0.0,0.001,9.3,131.29,0.07854,-0.08203,-0.00909,0.0,-0.0007
8934.66,BTC-27DEC19,1573297146139,open,0.15,507.5,0.119,0.176,0.148678,63.37,0.1505,0.0,BTC-27DEC19-8000-C,8840.71,59.06,0.1435,8.5,0.151,8.5,65.29,10.80724,-7.15265,6.74794,0.00016,0.72448
9104.67,BTC-27MAR20,1573297146139,open,0.03,484.8,0.0145,0.054,0.03216006,71.18,0.034,0.0,BTC-27MAR20-6000-P,8840.71,65.19,0.025,11.0,0.034,5.0,72.65,11.30919,-2.89833,-5.31044,5e-05,-0.12114
8934.66,BTC-27DEC19,1573297146139,open,0.0,255.7,0.0005,0.0105,1e-08,100.0,0.001,0.0,BTC-27DEC19-1500-P,8840.71,0.0,0.0,0.0,0.0005,96.0,194.71,3e-05,-3e-05,0.0,0.0,0.0
8934.66,BTC-27DEC19,1573297146139,open,1.92,0.0,1.8535,1.971,1.91035552,101.83,None,0.0,BTC-27DEC19-26000-P,8840.71,0.0,0.0,0.0,0.0,0.0,0.0,0.32636,-0.34706,-34.06804,0.0,-0.99666
8934.66,BTC-27DEC19,1573297146139,open,4.84,0.8,4.7065,4.939,4.82015507,144.72,3.59,0.0,BTC-27DEC19-52000-P,8840.71,0.0,0.001,1.0,0.0,0.0,0.0,0.10623,-0.16055,-68.19652,0.0,-0.99903
9104.67,BTC-27MAR20,1573297146139,open,0.01,57.8,0.0005,0.024,0.00852849,99.98,0.01,0.0,BTC-27MAR20-32000-C,8840.71,71.23,0.0005,23.0,0.009,5.0,100.82,5.01775,-1.80612,1.15338,2e-05,0.04182
8934.66,BTC-27DEC19,1573297146139,open,0.61,4.3,0.599,0.6185,0.60859924,99.73,0.5625,0.0,BTC-27DEC19-3500-C,8840.71,0.0,0.6,1.0,0.6165,1.0,161.64,0.27447,-0.28589,4.5546,0.0,0.99724
8934.66,BTC-27DEC19,1573297146140,open,0.0,503.5,0.0005,0.0105,0.00034037,100.0,0.0005,0.0,BTC-27DEC19-3500-P,8840.71,104.42,0.0005,22.2,0.0,0.0,0.0,0.27941,-0.29181,-0.03696,0.0,-0.00281
9104.67,BTC-27MAR20,1573297146140,open,0.01,148.3,0.004,0.0375,0.01610865,92.09,0.014,0.0,BTC-27MAR20-24000-C,8840.71,80.34,0.0075,12.0,0.0265,1.0,102.16,8.14721,-2.70115,2.12518,3e-05,0.07746
8934.66,BTC-27DEC19,1573297146140,open,1.25,3.6,1.195,1.2915,1.24095451,100.26,1.729,0.0,BTC-27DEC19-20000-P,8840.71,0.0,0.0,0.0,0.0,0.0,0.0,1.61957,-1.69586,-26.01859,2e-05,-0.9792
8934.66,BTC-27DEC19,1573297146140,open,0.58,268.3,0.5385,0.6145,0.57467911,76.77,0.7205,0.0,BTC-27DEC19-14000-P,8840.71,0.0,0.0,0.0,0.0,0.0,0.0,4.34197,-3.48141,-17.6344,5e-05,-0.93006
9104.67,BTC-27MAR20,1573297146140,open,0.01,156.2,0.004,0.027,0.01352159,72.39,0.014,0.0,BTC-27MAR20-5000-P,8840.71,67.96,0.0105,12.0,0.0165,18.0,76.33,6.57824,-1.71439,-2.50272,3e-05,-0.05872
8934.66,BTC-27DEC19,1573297146140,open,0.02,332.1,0.006,0.034,0.01774134,67.16,0.0185,0.0,BTC-27DEC19-7000-P,8840.71,65.52,0.0165,1.0,0.019,31.0,68.78,6.85677,-4.80924,-1.73511,0.0001,-0.13032
8934.66,BTC-27DEC19,1573297146140,open,0.5,21.6,0.4865,0.511,0.4983367,94.32,0.5285,0.0,BTC-27DEC19-4500-C,8840.71,0.0,0.4875,1.0,0.5085,1.0,134.39,1.20316,-1.18522,5.70704,1e-05,0.98532
8934.66,BTC-27DEC19,1573297146140,open,0.47,99.0,0.4305,0.5055,0.46651413,73.55,0.638,0.0,BTC-27DEC19-13000-P,8840.71,0.0,0.01,1.0,0.0,0.0,0.0,5.72893,-4.40047,-16.00035,7e-05,-0.89879
8934.66,BTC-27DEC19,1573297146140,open,1.03,9.4,0.976,1.0655,1.01816122,94.25,1.1125,0.0,BTC-27DEC19-18000-P,8840.71,0.0,0.0,0.0,0.0,0.0,0.0,2.20005,-2.16566,-23.30011,2e-05,-0.97003
9104.67,BTC-27MAR20,1573297146140,open,1.66,0.0,1.589,1.7235,1.65217218,92.15,None,0.0,BTC-27MAR20-24000-P,8840.71,0.0,0.0005,5.0,0.0,0.0,0.0,8.16221,-2.70788,-89.1857,3e-05,-0.92236
