underlying_price,underlying_index,timestamp,state,settlement_price,open_interest,min_price,max_price,mark_price,mark_iv,last_price,interest_rate,instrument_name,index_price,bid_iv,best_bid_price,best_bid_amount,best_ask_price,best_ask_amount,ask_iv,vega,theta,rho,gamma,delta
172.45,SYN.ETH-27MAR20,1567249140048,open,0.07,26.0,0.031,0.108,0.068217,90.32,0.076,0.0,ETH-27MAR20-360-C,168.49,87.58,0.062,1.0,0.074,220.0,92.8,0.39708,-0.08585,0.16064,0.00258,0.231
169.49,SYN.ETH-25OCT19,1567249140058,open,0.02,52.0,0.008,0.04,0.021986,86.45,0.02,0.0,ETH-25OCT19-120-P,168.49,83.78,0.02,240.0,0.025,240.0,90.36,0.12797,-0.1008,-0.03504,0.00343,-0.11552
9728.55,BTC-27DEC19,1567249140058,open,0.0,305.3,0.0005,0.0115,0.00183248,107.49,0.0015,0.0,BTC-27DEC19-48000-C,9588.16,101.01,0.001,2.1,0.0025,22.5,111.25,1.53907,-0.70173,0.27269,0.0,0.01051
9728.55,BTC-27DEC19,1567249140061,open,0.0,209.9,0.0005,0.0115,0.00161457,110.1,0.002,0.0,BTC-27DEC19-2500-P,9588.16,94.89,0.0005,36.6,0.002,28.3,113.56,1.00709,-0.47032,-0.25449,0.0,-0.00649
9728.56,BTC-27DEC19,1567249140071,open,0.27,220.4,0.2275,0.3045,0.26776097,80.25,0.303,0.0,BTC-27DEC19-8000-C,9588.16,76.53,0.261,13.6,0.27,16.6,81.47,17.77448,-6.05024,14.97526,7e-05,0.74441
9728.56,BTC-27DEC19,1567249140072,open,0.34,49.4,0.2995,0.365,0.33323166,80.45,0.384,0.0,BTC-27DEC19-7000-C,9588.16,77.14,0.3285,8.0,0.336,14.0,82.35,14.06477,-4.79931,15.56303,6e-05,0.82858
9728.56,BTC-27DEC19,1567249140074,open,0.05,223.9,0.02,0.081,0.04785405,85.01,0.046,0.0,BTC-27DEC19-16000-C,9588.16,83.59,0.0455,14.0,0.0495,7.0,86.0,16.16608,-5.82965,5.26011,6e-05,0.21528
9630.96,BTC-27SEP19,1567249140087,open,0.03,1160.5,0.0085,0.045,0.02463474,84.52,0.0265,0.0,BTC-27SEP19-8000-P,9588.16,82.9,0.0235,13.0,0.0255,5.4,85.74,6.80535,-10.70094,-1.43577,0.00012,-0.17783
9608.65,SYN.BTC-13SEP19,1567249140101,open,0.01,18.5,0.0005,0.0215,0.00825142,82.64,0.008,0.0,BTC-13SEP19-8000-P,9588.16,80.38,0.0075,6.0,0.0095,0.1,86.21,3.26288,-10.47058,-0.38108,0.00012,-0.10418
170.7,ETH-27DEC19,1567249140121,open,0.44,0.0,0.411,0.467,0.440042,86.43,None,0.0,ETH-27DEC19-100-C,168.49,0.0,0.0,0.0,0.0,0.0,0.0,0.1589,-0.05825,0.25849,0.00195,0.90894
169.49,SYN.ETH-25OCT19,1567249140125,open,0.22,0.0,0.186,0.258,0.224282,83.7,None,0.0,ETH-25OCT19-140-C,168.49,0.0,0.0,0.0,0.229,1.0,87.72,0.19772,-0.15079,0.14001,0.00547,0.77374
168.71,SYN.ETH-13SEP19,1567249140133,open,0.18,0.0,0.151,0.212,0.182469,94.79,None,0.0,ETH-13SEP19-140-C,168.49,0.0,0.0,0.0,0.0,0.0,0.0,0.06624,-0.24383,0.04105,0.00696,0.8722
168.59,SYN.ETH-6SEP19,1567249140135,open,0.09,205.0,0.048,0.12,0.084102,80.03,0.095,0.0,ETH-6SEP19-180-P,168.49,67.54,0.079,300.0,0.087,40.0,86.75,0.07153,-0.48709,-0.02193,0.01953,-0.7238
170.7,ETH-27DEC19,1567249140193,open,0.03,200.0,0.01,0.045,0.025865,86.43,0.026,0.0,ETH-27DEC19-100-P,168.49,84.4,0.024,200.0,0.029,40.0,89.73,0.1589,-0.05825,-0.06445,0.00195,-0.09106
169.49,SYN.ETH-25OCT19,1567249140193,open,0.05,0.0,0.024,0.078,0.050297,83.7,None,0.0,ETH-25OCT19-140-P,168.49,81.73,0.048,240.0,0.053,1.0,86.01,0.19772,-0.15079,-0.07047,0.00547,-0.22626
172.45,SYN.ETH-27MAR20,1567249140208,open,0.05,211.0,0.021,0.089,0.052707,90.37,0.05,0.0,ETH-27MAR20-400-C,168.49,86.99,0.046,220.0,0.059,220.0,93.4,0.35061,-0.07585,0.13258,0.00228,0.18705
170.7,ETH-27DEC19,1567249140214,open,0.08,3062.0,0.042,0.118,0.080365,85.29,0.083,0.0,ETH-27DEC19-240-C,168.49,84.13,0.078,32.0,0.083,1.0,86.58,0.34805,-0.12592,0.13351,0.00434,0.32255
168.95,ETH-27SEP19,1567249140214,open,0.02,1465.0,0.004,0.035,0.016716,85.42,0.018,0.0,ETH-27SEP19-220-C,168.49,82.69,0.015,440.0,0.019,400.0,88.89,0.10836,-0.1722,0.01697,0.00604,0.15311
168.95,ETH-27SEP19,1567249140218,open,0.01,1752.0,0.001,0.015,0.00509,91.38,0.006,0.0,ETH-27SEP19-260-C,168.49,87.42,0.004,832.0,0.006,160.0,94.33,0.04968,-0.08447,0.00599,0.00259,0.05322
168.95,ETH-27SEP19,1567249140224,open,0.01,9308.0,0.001,0.018,0.007468,89.93,0.008,0.0,ETH-27SEP19-120-P,168.49,85.36,0.006,260.0,0.009,310.0,94.25,0.05726,-0.0958,-0.00886,0.00303,-0.06375
168.95,ETH-27SEP19,1567249140224,open,1.37,79.0,1.299,1.443,1.368454,124.69,0.351,0.0,ETH-27SEP19-400-P,168.49,0.0,0.0,0.0,0.0,0.0,0.0,0.01082,-0.0251,-0.29356,0.00041,-0.9913
170.7,ETH-27DEC19,1567249140228,open,3.22,0.0,3.096,3.356,3.22082,104.14,None,0.0,ETH-27DEC19-720-P,168.49,0.0,0.003,5.0,0.0,0.0,0.0,0.03952,-0.01746,-2.31781,0.0004,-0.98367
9728.55,BTC-27DEC19,1567249140238,open,0.2,396.2,0.1475,0.2445,0.19690956,80.13,0.206,0.0,BTC-27DEC19-10000-P,9588.16,78.61,0.1935,3.6,0.198,4.3,80.62,21.74947,-7.39291,-19.80879,9e-05,-0.43358
168.95,ETH-27SEP19,1567249140242,open,0.43,2548.0,0.383,0.479,0.429653,88.53,0.435,0.0,ETH-27SEP19-240-P,168.49,0.0,0.053,5.0,0.43,1.0,89.31,0.07441,-0.12256,-0.16666,0.004,-0.91006
168.95,ETH-27SEP19,1567249140242,open,0.06,943.0,0.033,0.094,0.064075,83.53,0.062,0.0,ETH-27SEP19-180-C,168.49,79.7,0.06,240.0,0.067,1.0,86.26,0.18039,-0.28031,0.04602,0.01028,0.434
168.95,ETH-27SEP19,1567249140244,open,0.22,2866.0,0.171,0.261,0.216322,83.53,0.216,0.0,ETH-27SEP19-200-P,168.49,71.34,0.206,200.0,0.219,1.0,86.52,0.14987,-0.23289,-0.11847,0.00854,-0.736
9608.65,SYN.BTC-13SEP19,1567249140240,open,0.09,4.4,0.0655,0.1215,0.09459933,79.29,0.091,0.0,BTC-13SEP19-9000-C,9588.16,74.54,0.0915,9.1,0.096,2.8,81.42,6.30915,-19.42691,2.03959,0.00024,0.69633
168.95,ETH-27SEP19,1567249140249,open,0.32,1768.0,0.273,0.366,0.318877,85.42,0.33,0.0,ETH-27SEP19-220-P,168.49,59.22,0.306,240.0,0.321,1.0,88.65,0.10836,-0.1722,-0.14502,0.00604,-0.84689
168.95,ETH-27SEP19,1567249140249,open,0.0,2200.0,0.001,0.012,0.00273,93.01,0.004,0.0,ETH-27SEP19-280-C,168.49,80.63,0.001,420.0,0.004,160.0,99.03,0.03151,-0.05453,0.00344,0.00161,0.03037
168.59,SYN.ETH-6SEP19,1567249140249,open,0.01,87.0,0.001,0.021,0.006515,80.72,0.01,0.0,ETH-6SEP19-190-C,168.49,70.52,0.004,201.0,0.009,400.0,89.29,0.04578,-0.31446,0.00341,0.01239,0.1322
168.95,ETH-27SEP19,1567249140251,open,0.9,607.0,0.84,0.956,0.895435,102.3,0.761,0.0,ETH-27SEP19-320-P,168.49,0.0,0.0,0.0,1.39,1.0,500.0,0.01766,-0.03361,-0.23389,0.00082,-0.9847
168.95,ETH-27SEP19,1567249140255,open,0.0,2907.0,0.001,0.011,0.000382,125.0,0.001,0.0,ETH-27SEP19-440-C,168.49,0.0,0.0,0.0,0.001,394.0,137.97,0.00543,-0.01262,0.00045,0.00021,0.004
170.7,ETH-27DEC19,1567249140257,open,0.03,874.0,0.008,0.048,0.024678,91.21,0.029,0.0,ETH-27DEC19-360-C,168.49,89.7,0.023,3.0,0.026,220.0,92.36,0.1928,-0.07459,0.05194,0.00225,0.1189
170.7,ETH-27DEC19,1567249140257,open,2.52,0.0,2.414,2.635,2.519634,99.5,0.953,0.0,ETH-27DEC19-600-P,168.49,0.0,0.0,0.0,0.0,0.0,0.0,0.0589,-0.02486,-1.92585,0.00063,-0.97384
168.95,ETH-27SEP19,1567249140257,open,2.08,12.0,1.989,2.173,2.077904,125.0,1.193,0.0,ETH-27SEP19-520-P,168.49,0.0,0.0,0.0,0.0,0.0,0.0,0.0013,-0.00303,-0.38279,5e-05,-0.99917
170.7,ETH-27DEC19,1567249140259,open,1.36,16.0,1.281,1.445,1.359728,91.43,1.195,0.0,ETH-27DEC19-400-P,168.49,0.0,0.001,8.0,0.0,0.0,0.0,0.14951,-0.05798,-1.25459,0.00174,-0.91608
168.95,ETH-27SEP19,1567249140261,open,0.53,0.0,0.512,0.541,0.526978,112.57,None,0.0,ETH-27SEP19-80-C,168.49,0.0,0.003,10.0,0.0,0.0,0.0,0.00622,-0.01304,0.05827,0.00026,0.99534
168.95,ETH-27SEP19,1567249140261,open,1.13,233.0,1.069,1.2,1.132127,117.06,0.634,0.0,ETH-27SEP19-360-P,168.49,0.0,0.5,44.0,0.0,0.0,0.0,0.01547,-0.03368,-0.26361,0.00063,-0.98688
168.95,ETH-27SEP19,1567249140261,open,0.3,52.0,0.271,0.322,0.297199,89.93,0.302,0.0,ETH-27SEP19-120-C,168.49,0.0,0.0,0.0,0.297,1.0,89.34,0.05726,-0.0958,0.0795,0.00303,0.93625
168.95,ETH-27SEP19,1567249140261,open,1.25,259.0,1.184,1.322,1.250483,123.73,0.94,0.0,ETH-27SEP19-380-P,168.49,0.0,0.009,8.0,0.0,0.0,0.0,0.01467,-0.03376,-0.27843,0.00056,-0.98766
170.7,ETH-27DEC19,1567249140263,open,0.28,2.0,0.231,0.315,0.276705,84.46,0.275,0.0,ETH-27DEC19-140-C,168.49,0.0,0.0,0.0,0.284,1.0,88.43,0.31268,-0.11201,0.25713,0.00393,0.74314
170.7,ETH-27DEC19,1567249140267,open,0.35,2.0,0.312,0.384,0.350448,84.52,0.346,0.0,ETH-27DEC19-120-C,168.49,0.0,0.101,1.0,0.358,1.0,89.8,0.24086,-0.08635,0.26709,0.00303,0.83494
170.7,ETH-27DEC19,1567249140279,open,0.05,6935.0,0.027,0.082,0.053435,84.52,0.051,0.0,ETH-27DEC19-120-P,168.49,82.79,0.051,260.0,0.056,1.0,86.33,0.24086,-0.08635,-0.12045,0.00303,-0.16506
168.95,ETH-27SEP19,1567249140279,open,0.0,5774.0,0.001,0.012,0.002102,99.99,0.004,0.0,ETH-27SEP19-100-P,168.49,89.27,0.001,200.0,0.004,360.0,112.1,0.02153,-0.04005,-0.00266,0.00102,-0.01929
170.7,ETH-27DEC19,1567249140279,open,0.49,814.0,0.419,0.551,0.486341,85.29,0.366,0.0,ETH-27DEC19-240-P,168.49,71.29,0.459,240.0,0.494,1.0,89.02,0.34805,-0.12592,-0.64157,0.00434,-0.67745
9728.56,BTC-27DEC19,1567249140280,open,0.17,488.8,0.1235,0.2105,0.16900715,80.13,0.166,0.0,BTC-27DEC19-10000-C,9588.16,78.79,0.166,0.2,0.17,2.6,80.58,21.74948,-7.3929,12.48595,9e-05,0.56642
9728.56,BTC-27DEC19,1567249140282,open,0.27,246.6,0.2125,0.317,0.26577826,80.9,0.274,0.0,BTC-27DEC19-11000-P,9588.16,79.23,0.262,3.6,0.2685,7.4,82.1,22.04055,-7.56352,-24.5266,9e-05,-0.51487
168.95,ETH-27SEP19,1567249140283,open,0.41,2.0,0.391,0.429,0.410211,99.99,0.414,0.0,ETH-27SEP19-100-C,168.49,0.0,0.003,10.0,0.0,0.0,0.0,0.02153,-0.04005,0.07097,0.00102,0.98071
170.7,ETH-27DEC19,1567249140283,open,2.75,0.0,2.641,2.874,2.752744,99.5,None,0.0,ETH-27DEC19-640-P,168.49,0.0,0.0,0.0,0.0,0.0,0.0,0.04689,-0.01979,-2.05777,0.0005,-0.98004
170.7,ETH-27DEC19,1567249140285,open,0.01,810.0,0.002,0.028,0.011865,92.74,0.011,0.0,ETH-27DEC19-440-C,168.49,89.94,0.01,420.0,0.014,220.0,95.65,0.1195,-0.04701,0.02799,0.00137,0.06263
170.7,ETH-27DEC19,1567249140285,open,0.04,1034.0,0.012,0.062,0.03432,88.64,0.038,0.0,ETH-27DEC19-320-C,168.49,85.42,0.03,255.0,0.038,220.0,91.25,0.23575,-0.08864,0.06912,0.00283,0.15971
168.95,ETH-27SEP19,1567249140287,open,0.0,3419.0,0.001,0.011,6e-06,125.0,0.001,0.0,ETH-27SEP19-640-C,168.49,0.0,0.0,0.0,0.001,437.0,181.94,0.00016,-0.00037,1e-05,1e-05,9e-05
170.7,ETH-27DEC19,1567249140287,open,0.3,2818.0,0.241,0.36,0.30272,84.5,0.296,0.0,ETH-27DEC19-200-P,168.49,81.08,0.295,24.0,0.306,200.0,85.95,0.38544,-0.13815,-0.46224,0.00485,-0.53578
9630.96,BTC-27SEP19,1567249140284,open,0.07,653.6,0.0425,0.102,0.07284999,82.41,0.074,0.0,BTC-27SEP19-10000-C,9588.16,80.7,0.071,5.0,0.074,10.0,83.48,10.40936,-15.95979,2.86984,0.00018,0.47754
168.95,ETH-27SEP19,1567249140289,open,3.27,0.0,3.138,3.393,3.261617,125.0,None,0.0,ETH-27SEP19-720-P,168.49,0.0,0.0,0.0,0.0,0.0,0.0,4e-05,-9e-05,-0.53015,0.0,-0.99998
168.95,ETH-27SEP19,1567249140289,open,0.0,2060.0,0.001,0.011,0.00049,112.57,0.003,0.0,ETH-27SEP19-80-P,168.49,0.0,0.0,0.0,0.001,10.0,123.16,0.00622,-0.01304,-0.00064,0.00026,-0.00466
168.95,ETH-27SEP19,1567249140291,open,0.12,496.0,0.08,0.149,0.116833,83.53,0.12,0.0,ETH-27SEP19-160-C,168.49,80.74,0.114,336.0,0.12,1.0,86.64,0.17182,-0.26699,0.06485,0.00979,0.63813
170.7,ETH-27DEC19,1567249140291,open,0.02,2041.0,0.004,0.035,0.016435,91.43,0.016,0.0,ETH-27DEC19-400-C,168.49,88.53,0.014,420.0,0.019,220.0,94.24,0.14951,-0.05798,0.0372,0.00174,0.08392
170.7,ETH-27DEC19,1567249140296,open,0.0,2672.0,0.001,0.012,0.002868,100.7,0.002,0.0,ETH-27DEC19-680-C,168.49,89.6,0.001,200.0,0.005,240.0,108.11,0.04011,-0.01713,0.00758,0.00042,0.01662
168.95,ETH-27SEP19,1567249140298,open,0.0,2951.0,0.001,0.011,0.001319,117.06,0.006,0.0,ETH-27SEP19-360-C,168.49,0.0,0.0,0.0,0.002,200.0,123.46,0.01547,-0.03368,0.00147,0.00063,0.01312
168.95,ETH-27SEP19,1567249140298,open,0.0,5728.0,0.001,0.011,0.00089,124.69,0.001,0.0,ETH-27SEP19-400-C,168.49,0.0,0.0,0.0,0.001,309.0,126.34,0.01082,-0.0251,0.00097,0.00041,0.0087
168.95,ETH-27SEP19,1567249140315,open,0.0,1897.0,0.001,0.011,0.001297,123.73,0.004,0.0,ETH-27SEP19-380-C,168.49,0.0,0.0,0.0,0.001,200.0,119.99,0.01467,-0.03376,0.00137,0.00056,0.01234
170.7,ETH-27DEC19,1567249140315,open,0.13,813.0,0.084,0.173,0.131073,84.5,0.134,0.0,ETH-27DEC19-200-C,168.49,82.69,0.127,24.0,0.134,200.0,85.79,0.38544,-0.13815,0.18366,0.00485,0.46422
168.95,ETH-27SEP19,1567249140315,open,3.5,0.0,3.368,3.637,3.498373,125.0,None,0.0,ETH-27SEP19-760-P,168.49,0.0,0.0,0.0,0.0,0.0,0.0,2e-05,-5e-05,-0.5596,0.0,-0.99999
168.95,ETH-27SEP19,1567249140315,open,0.0,1938.0,0.001,0.011,0.001006,106.06,0.003,0.0,ETH-27SEP19-340-C,168.49,0.0,0.0,0.0,0.002,202.0,115.76,0.01341,-0.02646,0.00126,0.0006,0.01113
168.95,ETH-27SEP19,1567249140317,open,1.84,0.0,1.759,1.929,1.84124,125.0,None,0.0,ETH-27SEP19-480-P,168.49,0.0,0.0,0.0,0.0,0.0,0.0,0.00266,-0.00618,-0.35323,0.0001,-0.99819
168.95,ETH-27SEP19,1567249140320,open,1.02,294.0,0.954,1.077,1.013436,106.06,1.024,0.0,ETH-27SEP19-340-P,168.49,0.0,0.988,5.0,1.048,5.0,200.87,0.01341,-0.02646,-0.24909,0.0006,-0.98887
168.95,ETH-27SEP19,1567249140320,open,0.0,3756.0,0.001,0.011,0.001568,95.22,0.002,0.0,ETH-27SEP19-300-C,168.49,0.0,0.0,0.0,0.003,360.0,104.62,0.02046,-0.03624,0.00207,0.00102,0.01817
168.95,ETH-27SEP19,1567249140323,open,0.13,6520.0,0.088,0.169,0.129479,83.53,0.127,0.0,ETH-27SEP19-180-P,168.49,81.2,0.127,2.0,0.13,10.0,84.01,0.18039,-0.28031,-0.08652,0.01028,-0.566
170.7,ETH-27DEC19,1567249140325,open,0.0,2573.0,0.001,0.012,0.002894,104.14,0.003,0.0,ETH-27DEC19-720-C,168.49,92.68,0.001,690.0,0.004,200.0,108.39,0.03952,-0.01746,0.00741,0.0004,0.01633
168.95,ETH-27SEP19,1567249140325,open,0.0,6399.0,0.001,0.011,7.1e-05,125.0,0.001,0.0,ETH-27SEP19-520-C,168.49,0.0,0.0,0.0,0.001,440.0,157.9,0.0013,-0.00303,9e-05,5e-05,0.00083
170.7,ETH-27DEC19,1567249140325,open,3.45,0.0,3.323,3.598,3.455093,107.01,None,0.0,ETH-27DEC19-760-P,168.49,0.0,0.0,0.0,0.0,0.0,0.0,0.03823,-0.01736,-2.4473,0.00038,-0.98429
169.49,SYN.ETH-25OCT19,1567249140333,open,0.1,1.0,0.06,0.137,0.098967,83.5,0.104,0.0,ETH-25OCT19-160-P,168.49,80.78,0.095,240.0,0.102,200.0,85.58,0.24747,-0.18828,-0.11873,0.00686,-0.36699
9728.4,BTC-27DEC19,1567249140347,open,0.88,12.4,0.828,0.9425,0.882916,86.24,0.559,0.0,BTC-27DEC19-18000-P,9588.0,71.3,0.8655,1.1,0.898,1.1,96.47,13.23781,-4.8427,-54.251,5e-05,-0.84386
168.59,SYN.ETH-6SEP19,1567249140357,open,0.14,611.0,0.097,0.171,0.133506,80.72,0.15,0.0,ETH-6SEP19-190-P,168.49,30.0,0.127,200.0,0.139,200.0,98.58,0.04578,-0.31446,-0.02717,0.01239,-0.8678
170.7,ETH-27DEC19,1567249140397,open,0.17,218.0,0.118,0.209,0.167368,83.84,0.17,0.0,ETH-27DEC19-180-C,168.49,82.35,0.164,24.0,0.172,202.0,85.91,0.38389,-0.13653,0.2112,0.00487,0.55049
169.49,SYN.ETH-25OCT19,1567249140410,open,0.1,1.0,0.065,0.139,0.103843,83.5,0.101,0.0,ETH-25OCT19-180-C,168.49,80.37,0.099,336.0,0.108,240.0,86.19,0.2621,-0.19941,0.09851,0.00727,0.49044
169.49,SYN.ETH-25OCT19,1567249140478,open,0.17,0.0,0.119,0.211,0.165862,83.5,None,0.0,ETH-25OCT19-180-P,168.49,81.0,0.162,240.0,0.167,200.0,84.24,0.2621,-0.19941,-0.17211,0.00727,-0.50956
168.59,SYN.ETH-6SEP19,1567249140506,open,0.0,652.0,0.001,0.012,0.002515,82.92,0.004,0.0,ETH-6SEP19-200-C,168.49,69.95,0.001,1.0,0.004,205.0,91.78,0.02483,-0.17525,0.00151,0.00655,0.05807
170.7,ETH-27DEC19,1567249140531,open,0.1,203.0,0.06,0.143,0.102574,84.94,0.107,0.0,ETH-27DEC19-220-C,168.49,83.3,0.099,32.0,0.106,200.0,86.51,0.37168,-0.13392,0.15741,0.00465,0.38811
169.49,SYN.ETH-25OCT19,1567249140547,open,0.07,2.0,0.035,0.1,0.068372,83.83,0.066,0.0,ETH-25OCT19-200-C,168.49,80.81,0.064,368.0,0.072,1.0,86.31,0.24688,-0.18857,0.07543,0.00682,0.36439
170.7,ETH-27DEC19,1567249140606,open,0.39,2.0,0.326,0.453,0.391384,84.94,0.389,0.0,ETH-27DEC19-220-P,168.49,81.54,0.384,240.0,0.399,241.0,88.43,0.37168,-0.13392,-0.55308,0.00465,-0.61189
169.49,SYN.ETH-25OCT19,1567249140610,open,0.25,1.0,0.196,0.298,0.248393,83.83,0.232,0.0,ETH-25OCT19-200-P,168.49,76.61,0.238,240.0,0.252,200.0,86.3,0.24688,-0.18857,-0.22526,0.00682,-0.63561
172.45,SYN.ETH-27MAR20,1567249140641,open,1.81,0.0,1.717,1.927,1.818497,92.17,None,0.0,ETH-27MAR20-480-P,168.49,0.0,0.003,10.0,0.0,0.0,0.0,0.27811,-0.06136,-2.65175,0.00177,-0.86854
168.71,SYN.ETH-13SEP19,1567249140644,open,0.02,9.0,0.005,0.042,0.0203,85.22,0.02,0.0,ETH-13SEP19-150-P,168.49,78.96,0.017,200.0,0.023,200.0,90.17,0.09073,-0.30028,-0.01357,0.0106,-0.20771
168.71,SYN.ETH-13SEP19,1567249140861,open,0.06,2.0,0.027,0.087,0.057776,81.88,0.048,0.0,ETH-13SEP19-170-C,168.49,76.84,0.054,1.0,0.062,200.0,87.52,0.12637,-0.40177,0.02697,0.01537,0.51092
168.71,SYN.ETH-13SEP19,1567249140936,open,0.07,0.0,0.032,0.099,0.06542,81.88,None,0.0,ETH-13SEP19-170-P,168.49,74.64,0.06,2.0,0.068,200.0,85.32,0.12637,-0.40177,-0.033,0.01537,-0.48908
172.45,SYN.ETH-27MAR20,1567249140974,open,2.27,0.0,2.161,2.389,2.27033,92.55,None,0.0,ETH-27MAR20-560-P,168.49,0.0,0.01,10.0,0.0,0.0,0.0,0.21429,-0.04748,-3.13718,0.00136,-0.9086
170.7,ETH-27DEC19,1567249141112,open,0.0,2410.0,0.001,0.013,0.003477,99.5,0.002,0.0,ETH-27DEC19-640-C,168.49,86.31,0.001,300.0,0.002,200.0,93.06,0.04689,-0.01979,0.00909,0.0005,0.01996
170.7,ETH-27DEC19,1567249141132,open,0.0,2410.0,0.001,0.013,0.003477,99.5,0.002,0.0,ETH-27DEC19-640-C,168.49,86.31,0.001,500.0,0.002,200.0,93.06,0.04689,-0.01979,0.00909,0.0005,0.01996
172.45,SYN.ETH-27MAR20,1567249141176,open,2.49,0.0,2.384,2.622,2.498279,92.86,None,0.0,ETH-27MAR20-600-P,168.49,0.0,0.02,10.0,0.0,0.0,0.0,0.18892,-0.04199,-3.37607,0.0012,-0.92272
168.71,SYN.ETH-13SEP19,1567249141241,open,0.15,0.0,0.106,0.187,0.146749,81.91,None,0.0,ETH-13SEP19-190-P,168.49,63.92,0.137,200.0,0.152,200.0,90.58,0.09925,-0.31569,-0.05376,0.01207,-0.75665
168.71,SYN.ETH-13SEP19,1567249141320,open,0.01,316.0,0.002,0.029,0.011849,83.06,0.01,0.0,ETH-13SEP19-200-C,168.49,78.8,0.01,200.0,0.015,400.0,89.77,0.07571,-0.24418,0.00856,0.00908,0.15562
9630.82,BTC-27SEP19,1567249141419,open,0.27,99.7,0.233,0.3065,0.26884453,84.38,0.296,0.0,BTC-27SEP19-12000-P,9588.0,76.27,0.263,4.0,0.2745,7.7,91.59,7.28855,-11.44117,-7.58852,0.00013,-0.80126
168.59,SYN.ETH-6SEP19,1567249141523,open,0.0,30.0,0.001,0.011,0.000405,125.0,0.001,0.0,ETH-6SEP19-250-C,168.49,0.0,0.0,0.0,0.001,250.0,139.98,0.00473,-0.05035,0.00021,0.00083,0.00809
168.71,SYN.ETH-13SEP19,1567249141548,open,0.25,0.0,0.211,0.294,0.251138,83.31,None,0.0,ETH-13SEP19-210-P,168.49,0.0,0.0,0.0,0.0,0.0,0.0,0.05284,-0.17096,-0.06891,0.00632,-0.90672
168.59,SYN.ETH-6SEP19,1567249141618,open,0.49,0.0,0.44,0.531,0.483288,125.0,None,0.0,ETH-6SEP19-250-P,168.49,0.0,0.0,0.0,0.0,0.0,0.0,0.00473,-0.05035,-0.04004,0.00083,-0.99191
9728.4,BTC-27DEC19,1567249141869,open,0.0,319.4,0.0005,0.012,0.00200465,103.71,0.0015,0.0,BTC-27DEC19-44000-C,9588.0,100.5,0.0015,1.1,0.0025,1.0,106.34,1.69283,-0.7447,0.3055,1e-05,0.01173
9608.51,SYN.BTC-13SEP19,1567249141881,open,0.03,14.9,0.011,0.055,0.03125364,79.28,0.031,0.0,BTC-13SEP19-9000-P,9588.0,75.07,0.0285,4.0,0.033,5.6,81.93,6.30923,-19.42486,-1.13529,0.00024,-0.30369
9630.82,BTC-27SEP19,1567249141888,open,0.36,45.1,0.328,0.3995,0.36241072,85.8,0.2775,0.0,BTC-27SEP19-13000-P,9588.0,72.14,0.356,3.0,0.3685,5.7,96.06,5.24542,-8.37261,-8.80618,9e-05,-0.87942
172.45,SYN.ETH-27MAR20,1567249142049,open,0.4,2.0,0.354,0.437,0.398994,85.75,0.388,0.0,ETH-27MAR20-120-C,168.49,0.0,0.05,2.0,0.413,1.0,92.55,0.35231,-0.07232,0.40707,0.00241,0.81148
172.45,SYN.ETH-27MAR20,1567249142123,open,0.09,16.0,0.057,0.132,0.094847,85.75,0.091,0.0,ETH-27MAR20-120-P,168.49,82.88,0.089,240.0,0.099,1.0,87.78,0.35231,-0.07232,-0.27965,0.00241,-0.18852
172.45,SYN.ETH-27MAR20,1567249142279,open,0.21,34.0,0.152,0.264,0.210614,85.75,0.205,0.0,ETH-27MAR20-160-P,168.49,82.97,0.203,240.0,0.218,1.0,88.45,0.47245,-0.09698,-0.53353,0.00324,-0.33002
172.45,SYN.ETH-27MAR20,1567249142459,open,0.36,157.0,0.292,0.429,0.363254,86.37,0.352,0.0,ETH-27MAR20-200-P,168.49,83.29,0.354,240.0,0.373,241.0,89.62,0.51785,-0.10707,-0.81267,0.00352,-0.46023
172.45,SYN.ETH-27MAR20,1567249142621,open,0.54,130.0,0.46,0.613,0.538927,86.44,0.417,0.0,ETH-27MAR20-240-P,168.49,83.43,0.53,240.0,0.551,240.0,90.49,0.51221,-0.10599,-1.09519,0.00348,-0.57084
168.59,SYN.ETH-6SEP19,1567249142700,open,0.02,462.0,0.003,0.043,0.019192,80.25,0.015,0.0,ETH-6SEP19-160-P,168.49,72.75,0.016,20.0,0.017,2.0,75.13,0.07276,-0.49689,-0.00829,0.01982,-0.28618
9597.52,SYN.BTC-6SEP19,1567249142711,open,0.12,50.9,0.098,0.145,0.1216333,87.61,0.124,0.0,BTC-6SEP19-8500-C,9588.0,63.25,0.1165,12.0,0.1255,5.0,101.23,2.51329,-18.73749,1.16322,0.00019,0.87453
168.59,SYN.ETH-6SEP19,1567249142973,open,0.02,663.0,0.002,0.038,0.016426,80.03,0.014,0.0,ETH-6SEP19-180-C,168.49,69.25,0.012,160.0,0.013,2.0,71.76,0.07153,-0.48709,0.00705,0.01953,0.2762
168.71,SYN.ETH-13SEP19,1567249143050,open,0.01,200.0,0.001,0.016,0.005225,95.98,0.004,0.0,ETH-13SEP19-130-P,168.49,84.96,0.003,200.0,0.007,200.0,103.14,0.03886,-0.14482,-0.00402,0.00403,-0.06226
172.45,SYN.ETH-27MAR20,1567249143125,open,1.15,0.0,1.065,1.249,1.155779,90.32,None,0.0,ETH-27MAR20-360-P,168.49,0.0,0.0,0.0,0.0,0.0,0.0,0.39708,-0.08585,-1.8995,0.00258,-0.76901
168.59,SYN.ETH-6SEP19,1567249143206,open,0.0,5.0,0.001,0.011,0.000188,125.0,0.002,0.0,ETH-6SEP19-260-C,168.49,0.0,0.0,0.0,0.001,250.0,151.58,0.00253,-0.02694,0.0001,0.00044,0.004
170.7,ETH-27DEC19,1567249143212,open,0.0,3790.0,0.001,0.012,0.002837,107.01,0.002,0.0,ETH-27DEC19-760-C,168.49,95.57,0.001,700.0,0.004,200.0,111.6,0.03823,-0.01735,0.0071,0.00038,0.01571
168.95,ETH-27SEP19,1567249143219,open,0.0,839.0,0.001,0.011,6.3e-05,125.0,0.001,0.0,ETH-27SEP19-60-P,168.49,0.0,0.0,0.0,0.001,200.0,166.71,0.00102,-0.00237,-9e-05,4e-05,-0.00064
168.95,ETH-27SEP19,1567249143219,open,0.78,850.0,0.725,0.834,0.777241,95.22,0.8,0.0,ETH-27SEP19-300-P,168.49,0.0,0.049,15.0,1.82,5.0,500.0,0.02046,-0.03624,-0.21883,0.00102,-0.98183
168.95,ETH-27SEP19,1567249143219,open,0.0,6011.0,0.001,0.011,1.4e-05,125.0,0.002,0.0,ETH-27SEP19-600-C,168.49,0.0,0.0,0.0,0.001,499.0,174.54,0.00032,-0.00073,2e-05,1e-05,0.00018
168.95,ETH-27SEP19,1567249143221,open,0.06,8203.0,0.033,0.096,0.063859,83.53,0.061,0.0,ETH-27SEP19-160-P,168.49,80.71,0.061,240.0,0.067,1.0,86.61,0.17182,-0.26699,-0.05296,0.00979,-0.36187
170.7,ETH-27DEC19,1567249143223,open,0.91,101.0,0.837,0.984,0.908954,88.64,0.513,0.0,ETH-27DEC19-320-P,168.49,0.0,0.006,5.0,0.0,0.0,0.0,0.23574,-0.08864,-0.96431,0.00283,-0.84029
168.95,ETH-27SEP19,1567249143223,open,2.32,24.0,2.219,2.417,2.314621,125.0,1.356,0.0,ETH-27SEP19-560-P,168.49,0.0,0.0,0.0,0.0,0.0,0.0,0.00064,-0.00149,-0.4123,2e-05,-0.99961
168.95,ETH-27SEP19,1567249143228,open,0.03,1695.0,0.012,0.056,0.03254,83.53,0.036,0.0,ETH-27SEP19-200-C,168.49,79.48,0.029,328.0,0.031,2.0,81.78,0.14987,-0.23289,0.02879,0.00854,0.264
168.95,ETH-27SEP19,1567249143244,open,0.0,5439.0,0.001,0.011,0.000163,125.0,0.001,0.0,ETH-27SEP19-480-C,168.49,0.0,0.0,0.0,0.001,200.0,148.42,0.00266,-0.00618,0.00021,0.0001,0.00181
168.95,ETH-27SEP19,1567249143251,open,0.0,3828.0,0.001,0.011,3.1e-05,125.0,0.001,0.0,ETH-27SEP19-560-C,168.49,0.0,0.0,0.0,0.001,299.0,166.56,0.00064,-0.00149,4e-05,2e-05,0.00039
168.95,ETH-27SEP19,1567249143251,open,0.0,2205.0,0.001,0.011,0.001384,102.29,0.002,0.0,ETH-27SEP19-320-C,168.49,0.0,0.0,0.0,0.002,200.0,107.47,0.01766,-0.03361,0.00173,0.00082,0.0153
9825.99,SYN.BTC-27MAR20,1567249143251,open,1.29,0.0,1.2195,1.368,1.2907932,87.6,None,0.0,BTC-27MAR20-22000-P,9588.0,0.0,0.0,0.0,0.0,0.0,0.0,20.0452,-4.20326,-118.23649,4e-05,-0.81192
170.7,ETH-27DEC19,1567249143259,open,1.82,21.0,1.733,1.917,1.820973,94.43,0.629,0.0,ETH-27DEC19-480-P,168.49,0.0,0.001,7.0,0.0,0.0,0.0,0.09784,-0.03919,-1.52832,0.0011,-0.95138
9825.99,SYN.BTC-27MAR20,1567249143259,open,1.88,0.0,1.8045,1.963,1.87933506,90.11,None,0.0,BTC-27MAR20-28000-P,9588.0,0.0,0.0,0.0,0.0,0.0,0.0,14.51378,-3.13059,-155.38554,3e-05,-0.88404
9660.85,SYN.BTC-25OCT19,1567249143259,open,0.02,26.0,0.0045,0.0365,0.01707276,84.85,0.018,0.0,BTC-25OCT19-15000-C,9588.0,83.45,0.016,11.0,0.018,1.0,86.03,7.51312,-5.80866,1.5015,6e-05,0.12045
170.7,ETH-27DEC19,1567249143261,open,1.59,0.0,1.506,1.68,1.589487,92.74,None,0.0,ETH-27DEC19-440-P,168.49,0.0,0.001,8.0,0.0,0.0,0.0,0.1195,-0.04701,-1.39298,0.00137,-0.93737
168.95,ETH-27SEP19,1567249143261,open,0.0,7916.0,0.001,0.011,1e-06,125.0,0.001,0.0,ETH-27SEP19-760-C,168.49,0.0,0.0,0.0,0.001,200.0,201.31,2e-05,-5e-05,0.0,0.0,1e-05
169.49,SYN.ETH-25OCT19,1567249143261,open,0.15,0.0,0.113,0.191,0.15495,83.5,None,0.0,ETH-25OCT19-160-C,168.49,80.11,0.15,336.0,0.16,241.0,86.96,0.24747,-0.18828,0.12182,0.00686,0.63301
170.7,ETH-27DEC19,1567249143263,open,2.05,37.0,1.959,2.154,2.052644,94.59,0.707,0.0,ETH-27DEC19-520-P,168.49,0.0,0.002,25.0,0.0,0.0,0.0,0.0761,-0.03053,-1.66318,0.00085,-0.96435
168.95,ETH-27SEP19,1567249143265,open,0.0,3439.0,0.001,0.011,3e-06,125.0,0.001,0.0,ETH-27SEP19-680-C,168.49,0.0,0.0,0.0,0.001,200.0,188.82,8e-05,-0.00018,0.0,0.0,4e-05
168.71,SYN.ETH-13SEP19,1567249143281,open,0.01,25.0,0.002,0.029,0.012293,94.78,0.013,0.0,ETH-13SEP19-140-P,168.49,88.72,0.01,2.0,0.013,200.0,96.57,0.06624,-0.24382,-0.00834,0.00696,-0.1278
168.95,ETH-27SEP19,1567249143283,open,2.56,27.0,2.448,2.661,2.551361,125.0,1.044,0.0,ETH-27SEP19-600-P,168.49,0.0,0.0,0.0,0.0,0.0,0.0,0.00032,-0.00073,-0.44177,1e-05,-0.99982
170.7,ETH-27DEC19,1567249143287,open,0.0,3347.0,0.001,0.014,0.004696,99.5,0.003,0.0,ETH-27DEC19-600-C,168.49,93.83,0.003,200.0,0.007,440.0,105.32,0.0589,-0.02486,0.01184,0.00063,0.02617
170.7,ETH-27DEC19,1567249143289,open,2.99,0.0,2.868,3.114,2.986465,100.7,None,0.0,ETH-27DEC19-680-P,168.49,0.0,0.002,10.0,0.0,0.0,0.0,0.04011,-0.01713,-2.18846,0.00042,-0.98338
170.7,ETH-27DEC19,1567249143289,open,2.29,0.0,2.186,2.393,2.285549,95.86,0.845,0.0,ETH-27DEC19-560-P,168.49,0.0,0.0,0.0,0.0,0.0,0.0,0.06262,-0.02546,-1.7957,0.00069,-0.97184
168.95,ETH-27SEP19,1567249143296,open,2.79,0.0,2.678,2.905,2.788109,125.0,None,0.0,ETH-27SEP19-640-P,168.49,0.0,0.0,0.0,0.0,0.0,0.0,0.00016,-0.00037,-0.47124,1e-05,-0.99991
170.7,ETH-27DEC19,1567249143298,open,1.13,257.0,1.058,1.215,1.133641,91.21,0.947,0.0,ETH-27DEC19-360-P,168.49,0.0,0.008,4.0,1.59,1.0,313.6,0.19279,-0.07459,-1.11067,0.00225,-0.8811
168.95,ETH-27SEP19,1567249143301,open,0.64,0.0,0.634,0.655,0.644929,125.0,0.01,0.0,ETH-27SEP19-60-C,168.49,0.0,0.003,10.0,0.0,0.0,0.0,0.00102,-0.00237,0.04409,4e-05,0.99936
168.95,ETH-27SEP19,1567249143308,open,1.61,0.0,1.529,1.686,1.604703,125.0,None,0.0,ETH-27SEP19-440-P,168.49,0.0,0.0,0.0,0.0,0.0,0.0,0.00543,-0.01262,-0.32353,0.00021,-0.996
170.7,ETH-27DEC19,1567249143315,open,0.69,432.0,0.623,0.764,0.693192,87.72,0.66,0.0,ETH-27DEC19-280-P,168.49,60.55,0.655,240.0,1.642,1.0,500.0,0.29355,-0.10923,-0.80738,0.00356,-0.7714
168.95,ETH-27SEP19,1567249143315,open,0.01,3591.0,0.001,0.022,0.009114,88.53,0.008,0.0,ETH-27SEP19-240-C,168.49,85.92,0.008,638.0,0.01,380.0,90.5,0.07441,-0.12256,0.01006,0.004,0.08994
168.95,ETH-27SEP19,1567249143315,open,0.66,727.0,0.61,0.714,0.660025,93.01,0.534,0.0,ETH-27SEP19-280-P,168.49,0.0,0.002,20.0,0.9,5.0,373.73,0.03151,-0.05453,-0.20273,0.00161,-0.96963
168.95,ETH-27SEP19,1567249143315,open,0.0,2698.0,0.001,0.011,1e-06,125.0,0.001,0.0,ETH-27SEP19-720-C,168.49,0.0,0.0,0.0,0.001,421.0,195.26,4e-05,-9e-05,0.0,0.0,2e-05
170.7,ETH-27DEC19,1567249143317,open,0.01,2883.0,0.001,0.017,0.006364,94.59,0.005,0.0,ETH-27DEC19-520-C,168.49,91.29,0.005,200.0,0.008,200.0,98.0,0.0761,-0.03053,0.01615,0.00085,0.03565
168.95,ETH-27SEP19,1567249143317,open,0.55,1238.0,0.496,0.596,0.544007,91.38,0.421,0.0,ETH-27SEP19-260-P,168.49,0.0,0.007,15.0,0.0,0.0,0.0,0.04968,-0.08447,-0.18546,0.00259,-0.94679
168.95,ETH-27SEP19,1567249143317,open,0.03,8495.0,0.009,0.047,0.02555,86.51,0.022,0.0,ETH-27SEP19-140-P,168.49,82.87,0.023,388.0,0.028,260.0,89.92,0.12,-0.19313,-0.02548,0.0066,-0.17929
170.7,ETH-27DEC19,1567249143317,open,0.01,2473.0,0.001,0.014,0.00494,95.86,0.004,0.0,ETH-27DEC19-560-C,168.49,93.11,0.004,200.0,0.007,200.0,100.85,0.06262,-0.02546,0.0128,0.00069,0.02816
170.7,ETH-27DEC19,1567249143320,open,0.22,129.0,0.167,0.258,0.216545,84.39,0.229,0.0,ETH-27DEC19-160-C,168.49,84.61,0.217,1.0,0.229,24.0,90.29,0.36075,-0.12914,0.23679,0.00454,0.64608
170.7,ETH-27DEC19,1567249143323,open,0.05,748.0,0.023,0.086,0.052887,87.72,0.052,0.0,ETH-27DEC19-280-C,168.49,84.84,0.048,272.0,0.056,440.0,89.52,0.29355,-0.10923,0.09687,0.00356,0.2286
168.95,ETH-27SEP19,1567249143325,open,0.2,193.0,0.163,0.227,0.196903,86.51,0.194,0.0,ETH-27SEP19-140-C,168.49,0.0,0.0,0.0,0.197,1.0,86.64,0.12,-0.19313,0.0776,0.0066,0.82071
168.95,ETH-27SEP19,1567249143325,open,3.03,0.0,2.908,3.149,3.024862,125.0,None,0.0,ETH-27SEP19-680-P,168.49,0.0,0.0,0.0,0.0,0.0,0.0,8e-05,-0.00018,-0.50069,0.0,-0.99996
172.45,SYN.ETH-27MAR20,1567249143329,open,1.37,0.0,1.279,1.47,1.372219,90.37,None,0.0,ETH-27MAR20-400-P,168.49,0.0,0.001,10.0,0.0,0.0,0.0,0.35061,-0.07585,-2.15647,0.00228,-0.81295
170.7,ETH-27DEC19,1567249143331,open,0.1,2.0,0.058,0.135,0.096858,84.46,0.093,0.0,ETH-27DEC19-140-P,168.49,82.35,0.093,260.0,0.1,200.0,86.17,0.31268,-0.11201,-0.19499,0.00393,-0.25686
9597.37,SYN.BTC-6SEP19,1567249143345,open,0.02,366.5,0.0045,0.0435,0.02206416,76.57,0.019,0.0,BTC-6SEP19-10000-C,9588.0,71.1,0.0195,18.6,0.023,0.1,78.55,4.52901,-29.51186,0.5129,0.0004,0.35405
168.59,SYN.ETH-6SEP19,1567249143362,open,0.55,0.0,0.498,0.591,0.542386,125.0,None,0.0,ETH-6SEP19-260-P,168.49,0.0,0.0,0.0,0.0,0.0,0.0,0.00253,-0.02694,-0.04175,0.00044,-0.996
9660.86,SYN.BTC-25OCT19,1567249143367,open,0.39,0.0,0.37,0.408,0.38835816,87.05,None,0.0,BTC-25OCT19-6000-C,9588.0,0.0,0.09,1.0,0.0,0.0,0.0,4.28964,-3.40241,8.05507,4e-05,0.94294
9660.86,SYN.BTC-25OCT19,1567249143372,open,0.15,2.0,0.104,0.184,0.14451745,80.5,0.143,0.0,BTC-25OCT19-10000-P,9588.0,78.23,0.141,8.2,0.1465,5.9,81.79,14.92861,-10.95025,-9.09754,0.00013,-0.48184
168.71,SYN.ETH-13SEP19,1567249143395,open,0.13,0.0,0.097,0.162,0.131202,85.22,None,0.0,ETH-13SEP19-150-C,168.49,75.2,0.126,40.0,0.141,40.0,102.63,0.09073,-0.30028,0.03934,0.0106,0.79229
172.45,SYN.ETH-27MAR20,1567249143410,open,0.04,10.0,0.015,0.074,0.041595,90.69,0.041,0.0,ETH-27MAR20-440-C,168.49,86.86,0.035,220.0,0.048,220.0,94.15,0.30861,-0.06699,0.11024,0.002,0.15331
9597.37,SYN.BTC-6SEP19,1567249143414,open,0.0,95.5,0.0005,0.0105,0.00024783,104.4,0.0005,0.0,BTC-6SEP19-13500-C,9588.0,0.0,0.0,0.0,0.0005,1.0,113.27,0.20835,-1.851,0.00895,1e-05,0.00604
168.59,SYN.ETH-6SEP19,1567249143433,open,0.23,0.0,0.206,0.254,0.229858,102.26,None,0.0,ETH-6SEP19-130-C,168.49,0.0,0.0,0.0,0.0,0.0,0.0,0.01005,-0.08746,0.02038,0.00215,0.9807
170.7,ETH-27DEC19,1567249143464,open,0.22,2.0,0.165,0.274,0.221848,83.84,0.217,0.0,ETH-27DEC19-180-P,168.49,81.25,0.216,240.0,0.225,200.0,85.25,0.38389,-0.13653,-0.3701,0.00487,-0.44951
9597.37,SYN.BTC-6SEP19,1567249143478,open,0.3,0.0,0.277,0.333,0.30341662,99.92,None,0.0,BTC-6SEP19-12500-P,9588.0,0.0,0.29,1.1,0.311,1.1,151.87,0.63047,-5.36104,-1.98029,4e-05,-0.97835
172.45,SYN.ETH-27MAR20,1567249143482,open,1.59,0.0,1.496,1.696,1.593059,90.69,None,0.0,ETH-27MAR20-440-P,168.49,0.0,0.002,10.0,0.0,0.0,0.0,0.30861,-0.06699,-2.40771,0.002,-0.84669
9608.52,SYN.BTC-13SEP19,1567249143498,open,0.03,34.2,0.008,0.0495,0.02679933,79.9,0.0245,0.0,BTC-13SEP19-10500-C,9588.0,76.37,0.0245,4.0,0.0285,11.4,82.48,6.30151,-19.55205,0.9357,0.00024,0.30286
172.45,SYN.ETH-27MAR20,1567249143558,open,0.04,28.0,0.012,0.065,0.035081,92.17,0.034,0.0,ETH-27MAR20-480-C,168.49,89.56,0.031,2.0,0.039,200.0,94.54,0.27811,-0.06136,0.09511,0.00177,0.13146
9826.0,SYN.BTC-27MAR20,1567249143565,open,2.27,0.0,2.2,2.3675,2.27870342,91.92,None,0.0,BTC-27MAR20-32000-P,9588.0,0.0,0.0,0.0,2.4405,1.0,164.86,11.91594,-2.62187,-179.38938,2e-05,-0.91155
168.59,SYN.ETH-6SEP19,1567249143598,open,0.19,11.0,0.153,0.228,0.188821,82.92,0.195,0.0,ETH-6SEP19-200-P,168.49,0.0,0.0,0.0,0.195,200.0,112.25,0.02483,-0.17525,-0.03069,0.00655,-0.94193
9597.37,SYN.BTC-6SEP19,1567249143610,open,0.01,387.0,0.0005,0.022,0.00727901,87.61,0.007,0.0,BTC-6SEP19-8500-P,9588.0,86.53,0.007,11.5,0.0075,4.1,88.44,2.51349,-18.73787,-0.20512,0.00019,-0.12549
9608.52,SYN.BTC-13SEP19,1567249143610,open,0.13,0.1,0.106,0.1575,0.13238236,81.03,0.1275,0.0,BTC-13SEP19-8500-C,9588.0,76.25,0.13,4.8,0.136,2.0,87.97,4.88154,-15.36088,2.30013,0.00018,0.81099
9660.86,SYN.BTC-25OCT19,1567249143644,open,0.57,0.0,0.5285,0.6145,0.56970852,84.83,None,0.0,BTC-25OCT19-15000-P,9588.0,0.0,0.12,1.0,0.0,0.0,0.0,7.50907,-5.80373,-21.05121,6e-05,-0.87964
9826.0,SYN.BTC-27MAR20,1567249143656,open,0.06,74.3,0.0295,0.0855,0.05625357,81.47,0.0565,0.0,BTC-27MAR20-6000-P,9588.0,78.21,0.051,18.0,0.059,7.0,83.14,16.04128,-3.12825,-10.68757,4e-05,-0.13381
9660.86,SYN.BTC-25OCT19,1567249143675,open,0.08,0.0,0.0425,0.108,0.07549326,81.16,None,0.0,BTC-25OCT19-11000-C,9588.0,78.49,0.0715,10.0,0.079,15.3,83.5,14.4655,-10.69735,4.70323,0.00013,0.39931
9660.86,SYN.BTC-25OCT19,1567249143680,open,0.01,37.2,0.0005,0.021,0.00941247,87.03,0.011,0.0,BTC-25OCT19-6000-P,9588.0,83.73,0.008,8.0,0.011,14.8,90.48,4.28787,-3.4003,-0.96504,4e-05,-0.05703
9608.52,SYN.BTC-13SEP19,1567249143685,open,0.0,13.1,0.0005,0.0165,0.00498246,90.13,0.005,0.0,BTC-13SEP19-12500-C,9588.0,90.2,0.005,6.9,0.0055,10.0,92.11,2.44558,-8.55923,0.22325,8e-05,0.07085
170.7,ETH-27DEC19,1567249143689,open,0.06,2.0,0.03,0.098,0.063103,85.59,0.064,0.0,ETH-27DEC19-260-C,168.49,84.46,0.061,32.0,0.065,1.0,86.6,0.31895,-0.11579,0.1124,0.00396,0.267
169.49,SYN.ETH-25OCT19,1567249143689,open,0.04,1.0,0.019,0.072,0.044445,84.2,0.043,0.0,ETH-25OCT19-220-C,168.49,82.25,0.042,220.0,0.047,2.0,86.21,0.21421,-0.16434,0.05556,0.00589,0.26248
168.59,SYN.ETH-6SEP19,1567249143689,open,0.0,195.0,0.001,0.012,0.002003,96.72,0.003,0.0,ETH-6SEP19-210-C,168.49,86.03,0.001,1.0,0.003,400.0,104.49,0.01916,-0.1577,0.00108,0.00433,0.04196
9826.0,SYN.BTC-27MAR20,1567249143705,open,0.08,5.1,0.0415,0.1285,0.08292935,86.8,0.0855,0.0,BTC-27MAR20-18000-C,9588.0,84.84,0.078,0.1,0.0875,17.0,88.59,24.86431,-5.16632,10.87884,5e-05,0.2764
168.71,SYN.ETH-13SEP19,1567249143715,open,0.09,0.0,0.055,0.121,0.09003,83.34,None,0.0,ETH-13SEP19-160-C,168.49,71.54,0.082,120.0,0.1,120.0,97.74,0.11589,-0.37506,0.03402,0.01385,0.66163
9728.4,BTC-27DEC19,1567249143723,open,0.2,396.2,0.1475,0.2445,0.19691688,80.13,0.206,0.0,BTC-27DEC19-10000-P,9588.0,78.83,0.194,3.6,0.198,4.3,80.62,21.74932,-7.39238,-19.80908,9e-05,-0.4336
172.45,SYN.ETH-27MAR20,1567249143725,open,0.03,36.0,0.009,0.055,0.028014,92.17,0.059,0.0,ETH-27MAR20-520-C,168.49,86.82,0.021,200.0,0.033,200.0,95.56,0.24296,-0.05361,0.07947,0.00155,0.10854
168.95,ETH-27SEP19,1567249143743,open,1.02,294.0,0.954,1.077,1.013435,106.06,1.024,0.0,ETH-27SEP19-340-P,168.49,0.0,0.988,5.0,1.049,5.0,202.4,0.01341,-0.02646,-0.24909,0.0006,-0.98887
170.7,ETH-27DEC19,1567249143772,open,0.59,0.0,0.518,0.654,0.586243,85.59,None,0.0,ETH-27DEC19-260-P,168.49,67.21,0.555,240.0,1.525,1.0,500.0,0.31895,-0.11579,-0.72726,0.00396,-0.733
169.49,SYN.ETH-25OCT19,1567249143774,open,0.34,0.0,0.289,0.395,0.342468,84.2,None,0.0,ETH-25OCT19-220-P,168.49,0.0,0.0,0.0,0.347,1.0,87.74,0.21421,-0.16434,-0.2752,0.00589,-0.73752
9826.0,SYN.BTC-27MAR20,1567249143785,open,0.04,16.9,0.016,0.0795,0.04331396,88.88,0.0455,0.0,BTC-27MAR20-24000-C,9588.0,87.06,0.04,12.0,0.0465,18.0,90.58,18.13065,-3.85755,6.59549,4e-05,0.16061
168.59,SYN.ETH-6SEP19,1567249143787,open,0.25,0.0,0.21,0.289,0.247624,96.72,None,0.0,ETH-6SEP19-210-P,168.49,0.0,0.0,0.0,0.0,0.0,0.0,0.01916,-0.1577,-0.03272,0.00433,-0.95804
9826.0,SYN.BTC-27MAR20,1567249143787,open,0.02,19.0,0.007,0.053,0.02487242,90.57,0.0275,0.0,BTC-27MAR20-30000-C,9588.0,89.13,0.023,13.0,0.027,0.9,92.15,12.96366,-2.8107,4.17648,3e-05,0.09915
168.71,SYN.ETH-13SEP19,1567249143789,open,0.04,0.0,0.014,0.066,0.038401,83.34,None,0.0,ETH-13SEP19-160-P,168.49,75.43,0.033,200.0,0.041,200.0,87.11,0.11589,-0.37506,-0.02242,0.01385,-0.33837
172.45,SYN.ETH-27MAR20,1567249143809,open,2.04,0.0,1.939,2.156,2.04338,92.17,None,0.0,ETH-27MAR20-520-P,168.49,0.0,0.005,10.0,0.0,0.0,0.0,0.24296,-0.05361,-2.89629,0.00155,-0.89146
9597.37,SYN.BTC-6SEP19,1567249143809,open,0.0,274.1,0.0005,0.0115,0.0018181,81.37,0.002,0.0,BTC-6SEP19-11500-C,9588.0,78.56,0.0015,20.1,0.002,0.7,82.86,1.14496,-7.92831,0.06602,9e-05,0.04455
9608.52,SYN.BTC-13SEP19,1567249143824,open,0.12,0.2,0.087,0.1515,0.11956303,79.88,0.1195,0.0,BTC-13SEP19-10500-P,9588.0,75.15,0.1165,2.0,0.124,12.0,86.55,6.30085,-19.54401,-2.76845,0.00024,-0.69721
9597.37,SYN.BTC-6SEP19,1567249143833,open,0.27,0.0,0.256,0.2875,0.27112215,110.04,0.312,0.0,BTC-6SEP19-7000-C,9588.0,0.0,0.266,1.1,0.28,1.1,191.2,0.32163,-3.01159,1.1108,2e-05,0.9901
169.49,SYN.ETH-25OCT19,1567249143843,open,0.01,2.0,0.004,0.032,0.014632,89.56,0.014,0.0,ETH-25OCT19-280-C,168.49,85.55,0.012,220.0,0.017,220.0,92.87,0.11675,-0.09527,0.02218,0.00302,0.10169
170.7,ETH-27DEC19,1567249143846,open,0.04,1.0,0.017,0.073,0.042558,88.24,0.043,0.0,ETH-27DEC19-300-C,168.49,85.9,0.039,32.0,0.046,220.0,90.43,0.26419,-0.09888,0.0819,0.00318,0.19112
169.49,SYN.ETH-25OCT19,1567249143852,open,0.03,1.0,0.01,0.054,0.029825,85.68,0.031,0.0,ETH-25OCT19-240-C,168.49,83.92,0.028,348.0,0.032,1.0,87.73,0.17786,-0.13885,0.04061,0.00481,0.18918
9826.0,SYN.BTC-27MAR20,1567249143877,open,0.4,24.8,0.3335,0.463,0.39955166,83.66,0.3935,0.0,BTC-27MAR20-12000-P,9588.0,80.99,0.3915,7.0,0.4115,11.0,87.62,29.65407,-5.93837,-50.56903,6e-05,-0.49977
172.45,SYN.ETH-27MAR20,1567249143894,open,0.02,324.0,0.007,0.047,0.023012,92.55,0.03,0.0,ETH-27MAR20-560-C,168.49,88.25,0.018,200.0,0.028,200.0,96.36,0.21429,-0.04748,0.06749,0.00136,0.0914
169.49,SYN.ETH-25OCT19,1567249143922,open,0.45,0.0,0.391,0.501,0.44585,85.68,None,0.0,ETH-25OCT19-240-P,168.49,0.0,0.0,0.0,0.449,1.0,88.63,0.17786,-0.13885,-0.32022,0.00481,-0.81082
9597.37,SYN.BTC-6SEP19,1567249143924,open,0.22,0.0,0.203,0.2375,0.21947296,97.39,0.2645,0.0,BTC-6SEP19-7500-C,9588.0,0.0,0.2145,1.1,0.229,1.1,163.38,0.58533,-4.85116,1.17525,4e-05,0.98017
168.59,SYN.ETH-6SEP19,1567249143924,open,0.0,366.0,0.001,0.011,0.001,100.9,0.001,0.0,ETH-6SEP19-220-C,168.49,0.0,0.0,0.0,0.002,454.0,112.79,0.0112,-0.09621,0.00057,0.00243,0.02195
9597.37,SYN.BTC-6SEP19,1567249143926,open,0.06,224.1,0.036,0.092,0.06400031,76.54,0.0625,0.0,BTC-6SEP19-10000-P,9588.0,71.21,0.0615,28.0,0.0655,6.2,79.71,4.52865,-29.49607,-1.09698,0.0004,-0.64603
170.7,ETH-27DEC19,1567249143934,open,0.8,0.0,0.729,0.873,0.800028,88.24,None,0.0,ETH-27DEC19-300-P,168.49,0.0,0.0,0.0,0.0,0.0,0.0,0.26419,-0.09888,-0.88694,0.00318,-0.80888
9597.37,SYN.BTC-6SEP19,1567249143946,open,0.41,0.0,0.3795,0.437,0.40686162,103.34,None,0.0,BTC-6SEP19-13500-P,9588.0,0.0,0.393,1.1,0.415,1.1,181.8,0.19463,-1.71158,-2.1649,1e-05,-0.9944
169.49,SYN.ETH-25OCT19,1567249143948,open,0.67,0.0,0.61,0.727,0.666662,89.56,None,0.0,ETH-25OCT19-280-P,168.49,0.0,0.0,0.0,0.0,0.0,0.0,0.11675,-0.09527,-0.39878,0.00302,-0.89831
9660.86,SYN.BTC-25OCT19,1567249143980,open,0.3,0.0,0.2725,0.3235,0.29797068,82.94,None,0.0,BTC-25OCT19-7000-C,9588.0,0.0,0.08,1.0,0.0,0.0,0.0,7.60268,-5.74541,8.41746,7e-05,0.8775
9660.86,SYN.BTC-25OCT19,1567249143982,open,0.21,0.0,0.1705,0.2565,0.21409283,81.15,None,0.0,BTC-25OCT19-11000-P,9588.0,57.66,0.18,1.0,0.2545,1.0,107.7,14.46525,-10.69585,-11.83482,0.00013,-0.60072
169.49,SYN.ETH-25OCT19,1567249144001,open,0.02,0.0,0.006,0.04,0.020098,86.95,None,0.0,ETH-25OCT19-260-C,168.49,84.41,0.018,580.0,0.022,1.0,89.16,0.14308,-0.11336,0.02942,0.00381,0.13555
170.7,ETH-27DEC19,1567249144013,open,0.03,0.0,0.009,0.053,0.028188,89.32,None,0.0,ETH-27DEC19-340-C,168.49,86.67,0.025,220.0,0.031,220.0,91.55,0.21049,-0.07975,0.05881,0.0025,0.13488
168.71,SYN.ETH-13SEP19,1567249144013,open,0.04,12.0,0.012,0.061,0.035427,81.91,0.035,0.0,ETH-13SEP19-180-C,168.49,75.59,0.031,200.0,0.039,200.0,86.94,0.11915,-0.37897,0.01964,0.01449,0.36538
168.59,SYN.ETH-6SEP19,1567249144041,open,0.31,0.0,0.267,0.348,0.305937,100.9,None,0.0,ETH-6SEP19-220-P,168.49,0.0,0.0,0.0,0.0,0.0,0.0,0.0112,-0.09621,-0.03485,0.00243,-0.97805
9826.0,SYN.BTC-27MAR20,1567249144063,open,0.02,2.0,0.005,0.0435,0.01902513,92.58,0.0205,0.0,BTC-27MAR20-34000-C,9588.0,89.69,0.016,19.0,0.022,19.0,95.18,10.78653,-2.39055,3.28732,2e-05,0.07749
9608.52,SYN.BTC-13SEP19,1567249144065,open,0.3,0.0,0.2765,0.339,0.30589162,90.05,None,0.0,BTC-13SEP19-12500-P,9588.0,0.0,0.285,1.0,0.332,1.0,151.7,2.44068,-8.53497,-4.1868,8e-05,-0.92934
169.49,SYN.ETH-25OCT19,1567249144069,open,0.56,0.0,0.499,0.612,0.554126,86.95,None,0.0,ETH-25OCT19-260-P,168.49,0.0,0.0,0.0,0.0,0.0,0.0,0.14308,-0.11336,-0.36148,0.00381,-0.86445
172.45,SYN.ETH-27MAR20,1567249144072,open,0.02,980.0,0.005,0.041,0.01901,92.86,0.024,0.0,ETH-27MAR20-600-C,168.49,87.89,0.014,200.0,0.024,200.0,97.12,0.18892,-0.04199,0.0575,0.0012,0.07728
170.7,ETH-27DEC19,1567249144082,open,1.02,0.0,0.946,1.098,1.019986,89.32,None,0.0,ETH-27DEC19-340-P,168.49,0.0,0.0,0.0,0.0,0.0,0.0,0.21049,-0.07975,-1.03921,0.0025,-0.86512
168.71,SYN.ETH-13SEP19,1567249144091,open,0.1,0.0,0.064,0.14,0.102345,81.91,None,0.0,ETH-13SEP19-180-P,168.49,68.45,0.093,200.0,0.107,200.0,88.46,0.11915,-0.37897,-0.04386,0.01449,-0.63462
9597.37,SYN.BTC-6SEP19,1567249144107,open,0.08,45.0,0.0515,0.103,0.07817112,80.59,0.081,0.0,BTC-6SEP19-9000-C,9588.0,77.65,0.077,0.1,0.0815,11.0,88.72,3.85604,-26.44353,1.04048,0.00032,0.75163
9608.52,SYN.BTC-13SEP19,1567249144107,open,0.02,40.8,0.004,0.0355,0.01700059,81.01,0.017,0.0,BTC-13SEP19-8500-P,9588.0,78.02,0.0155,5.0,0.0185,7.1,83.93,4.88055,-15.35294,-0.69807,0.00018,-0.18895
9630.85,BTC-27SEP19,1567249144113,open,0.43,221.9,0.4175,0.445,0.4306803,103.03,0.446,0.0,BTC-27SEP19-5500-C,9588.0,0.0,0.4195,8.0,0.441,8.0,151.2,1.04777,-2.00834,3.92359,1e-05,0.98397
9630.85,BTC-27SEP19,1567249144113,open,0.02,1026.8,0.007,0.044,0.02286006,84.4,0.022,0.0,BTC-27SEP19-12000-C,9588.0,81.9,0.021,36.1,0.024,28.4,85.89,7.29019,-11.4464,1.24774,0.00013,0.19881
9728.42,BTC-27DEC19,1567249144113,open,0.34,68.8,0.287,0.396,0.34233279,81.9,0.2975,0.0,BTC-27DEC19-12000-P,9588.0,78.12,0.334,13.0,0.3455,6.0,83.33,21.53686,-7.48198,-29.17708,9e-05,-0.58635
9728.42,BTC-27DEC19,1567249144113,open,0.11,297.6,0.0665,0.15,0.10883088,81.9,0.109,0.0,BTC-27DEC19-12000-C,9588.0,80.39,0.1055,19.0,0.1105,6.2,82.65,21.53681,-7.48186,9.57653,9e-05,0.41364
9630.85,BTC-27SEP19,1567249144113,open,0.0,428.2,0.0005,0.0105,7.605e-05,120.0,0.0005,0.0,BTC-27SEP19-28000-C,9588.0,0.0,0.0,0.0,0.001,31.0,151.16,0.08156,-0.18208,0.00599,0.0,0.00092
9728.42,BTC-27DEC19,1567249144113,open,0.01,310.3,0.0005,0.019,0.00631689,95.28,0.006,0.0,BTC-27DEC19-30000-C,9588.0,93.35,0.0055,6.1,0.007,18.0,96.78,4.29448,-1.73571,0.90825,1e-05,0.03523
9728.42,BTC-27DEC19,1567249144113,open,0.04,225.3,0.018,0.0635,0.03887723,81.02,0.038,0.0,BTC-27DEC19-6500-P,9588.0,79.07,0.0365,20.0,0.0395,4.0,81.53,11.96458,-4.11207,-5.44283,5e-05,-0.13436
9630.85,BTC-27SEP19,1567249144116,open,0.0,761.0,0.0005,0.0105,1.601e-05,120.0,0.0005,0.0,BTC-27SEP19-32000-C,9588.0,0.0,0.0,0.0,0.0005,12.0,155.73,0.0209,-0.04667,0.00139,0.0,0.00021
9630.85,BTC-27SEP19,1567249144116,open,0.0,1118.7,0.0005,0.0105,0.00041275,120.0,0.0005,0.0,BTC-27SEP19-4250-P,9588.0,0.0,0.0,0.0,0.001,54.7,133.82,0.2912,-0.65012,-0.02942,0.0,-0.00374
9630.85,BTC-27SEP19,1567249144116,open,0.0,287.3,0.0005,0.0105,0.0003815,120.0,0.001,0.0,BTC-27SEP19-24000-C,9588.0,0.0,0.0,0.0,0.001,12.0,132.62,0.31855,-0.71116,0.02658,0.0,0.00413
9630.85,BTC-27SEP19,1567249144125,open,0.61,0.0,0.601,0.6205,0.61073514,119.88,None,0.0,BTC-27SEP19-3750-C,9588.0,0.0,0.005,10.0,0.64,10.0,300.1,0.09591,-0.21391,2.75264,0.0,0.9989
9630.85,BTC-27SEP19,1567249144125,open,2.32,0.0,2.258,2.3905,2.3226822,123.84,None,0.0,BTC-27SEP19-32000-P,9588.0,0.0,0.0,0.0,0.0,0.0,0.0,0.03162,-0.07286,-23.5601,0.0,-0.99967
9630.85,BTC-27SEP19,1567249144131,open,0.0,1660.1,0.0005,0.0105,0.0,120.0,0.0005,0.0,BTC-27SEP19-1500-P,9588.0,0.0,0.0,0.0,0.0005,109.1,270.83,0.0,0.0,0.0,0.0,0.0
9826.0,SYN.BTC-27MAR20,1567249144133,open,0.33,17.0,0.2765,0.367,0.3241386,81.47,0.312,0.0,BTC-27MAR20-8000-C,9588.0,66.49,0.2875,7.0,0.357,7.0,94.85,24.13555,-4.70701,23.35475,5e-05,0.73948
9728.42,BTC-27DEC19,1567249144136,open,2.09,0.2,2.0245,2.163,2.09007167,95.3,2.03,0.0,BTC-27DEC19-30000-P,9588.0,0.0,0.0,0.0,0.0,0.0,0.0,4.29723,-1.73708,-95.97522,1e-05,-0.96475
9728.42,BTC-27DEC19,1567249144138,open,3.93,0.0,3.8375,4.0415,3.93583991,107.55,None,0.0,BTC-27DEC19-48000-P,9588.0,0.0,0.0,0.0,0.0,0.0,0.0,1.54508,-0.70489,-154.74075,0.0,-0.98944
168.59,SYN.ETH-6SEP19,1567249144141,open,0.0,271.0,0.001,0.011,0.000498,104.47,0.001,0.0,ETH-6SEP19-230-C,168.49,0.0,0.0,0.0,0.001,246.0,114.74,0.00639,-0.05676,0.0003,0.00134,0.01139
9630.85,BTC-27SEP19,1567249144146,open,0.0,422.0,0.0005,0.0105,5.028e-05,120.0,0.0005,0.0,BTC-27SEP19-3500-P,9588.0,0.0,0.0,0.0,0.0005,31.0,149.88,0.04946,-0.11043,-0.00415,0.0,-0.00054
9630.85,BTC-27SEP19,1567249144148,open,0.87,1.0,0.833,0.9125,0.87056489,102.21,0.575,0.0,BTC-27SEP19-18000-P,9588.0,0.0,0.8565,1.1,0.8845,1.0,151.62,1.1109,-2.11247,-13.14319,2e-05,-0.98284
9630.85,BTC-27SEP19,1567249144151,open,0.51,13.5,0.497,0.5195,0.50777014,116.62,0.382,0.0,BTC-27SEP19-4750-C,9588.0,0.0,0.005,10.0,0.5645,5.0,299.67,0.5969,-1.29509,3.43114,1e-05,0.99162
9630.85,BTC-27SEP19,1567249144151,open,0.0,454.6,0.0005,0.0105,0.00022111,120.0,0.001,0.0,BTC-27SEP19-4000-P,9588.0,0.0,0.0,0.0,0.0005,10.0,131.18,0.17393,-0.3883,-0.01653,0.0,-0.00211
9630.85,BTC-27SEP19,1567249144153,open,0.58,227.5,0.575,0.5945,0.58488783,119.93,0.606,0.0,BTC-27SEP19-4000-C,9588.0,0.0,0.111,2.0,0.6195,5.0,298.05,0.17317,-0.38638,2.92883,0.0,0.9979
170.7,ETH-27DEC19,1567249144158,open,0.02,0.0,0.006,0.041,0.019991,91.21,None,0.0,ETH-27DEC19-380-C,168.49,88.07,0.017,220.0,0.022,220.0,93.18,0.16953,-0.06559,0.04379,0.00198,0.09943
168.71,SYN.ETH-13SEP19,1567249144169,open,0.02,314.0,0.005,0.042,0.020559,81.91,0.019,0.0,ETH-13SEP19-190-C,168.49,77.49,0.018,200.0,0.021,4.0,82.66,0.09925,-0.31569,0.01326,0.01207,0.24335
9608.52,SYN.BTC-13SEP19,1567249144171,open,0.02,206.3,0.004,0.039,0.01854083,84.45,0.018,0.0,BTC-13SEP19-11000-C,9588.0,83.48,0.018,65.9,0.0185,5.5,84.38,5.33883,-17.50913,0.68171,0.00019,0.21967
9728.42,BTC-27DEC19,1567249144175,open,0.01,148.8,0.0005,0.0165,0.00526209,96.88,0.0055,0.0,BTC-27DEC19-32000-C,9588.0,93.28,0.004,28.6,0.0065,31.0,99.91,3.71574,-1.52702,0.76334,1e-05,0.02956
9728.42,BTC-27DEC19,1567249144175,open,0.42,110.3,0.3675,0.479,0.42331931,82.32,0.3545,0.0,BTC-27DEC19-13000-P,9588.0,78.58,0.4155,12.0,0.4285,12.8,84.77,20.47393,-7.14916,-33.7265,8e-05,-0.65017
9630.85,BTC-27SEP19,1567249144175,open,0.04,799.4,0.0175,0.0665,0.04080104,82.68,0.039,0.0,BTC-27SEP19-11000-C,9588.0,80.8,0.039,6.0,0.0425,7.4,84.43,9.28995,-14.28951,1.94803,0.00016,0.3155
9728.42,BTC-27DEC19,1567249144175,open,0.06,434.6,0.027,0.0945,0.05850229,84.42,0.058,0.0,BTC-27DEC19-15000-C,9588.0,82.76,0.0555,20.0,0.061,13.0,85.78,17.70709,-6.34052,6.13437,7e-05,0.25375
9630.85,BTC-27SEP19,1567249144177,open,0.11,505.5,0.0765,0.1455,0.11117741,82.41,0.113,0.0,BTC-27SEP19-10000-P,9588.0,81.32,0.11,0.2,0.1125,5.7,83.64,10.40921,-15.95995,-4.49351,0.00018,-0.52248
9630.85,BTC-27SEP19,1567249144188,open,1.49,0.2,1.4435,1.5445,1.49238115,120.23,1.6,0.0,BTC-27SEP19-24000-P,9588.0,0.0,0.0,0.0,0.0,0.0,0.0,0.32342,-0.72343,-17.64467,0.0,-0.9958
9728.42,BTC-27DEC19,1567249144190,open,0.41,122.9,0.3855,0.4375,0.4115442,82.38,0.469,0.0,BTC-27DEC19-6000-C,9588.0,69.97,0.4,13.0,0.431,9.0,99.9,9.8918,-3.45671,15.26166,4e-05,0.89731
9728.42,BTC-27DEC19,1567249144190,open,0.07,235.8,0.039,0.1025,0.06992205,80.28,0.072,0.0,BTC-27DEC19-7500-P,9588.0,78.5,0.067,4.9,0.0705,4.2,80.63,16.03678,-5.46079,-8.86783,7e-05,-0.21233
9630.85,BTC-27SEP19,1567249144190,open,0.01,445.7,0.0005,0.02,0.00746326,88.69,0.007,0.0,BTC-27SEP19-14000-C,9588.0,86.11,0.0065,6.0,0.008,24.0,90.05,3.72838,-6.15177,0.48441,6e-05,0.07577
9630.85,BTC-27SEP19,1567249144190,open,0.28,722.3,0.262,0.3035,0.28240072,89.82,0.279,0.0,BTC-27SEP19-7000-C,9588.0,83.22,0.28,4.8,0.285,7.0,96.14,3.74525,-6.25848,4.54824,6e-05,0.92378
9728.42,BTC-27DEC19,1567249144190,open,0.02,264.0,0.0045,0.038,0.01683838,89.12,0.0185,0.0,BTC-27DEC19-22000-C,9588.0,87.61,0.0155,7.0,0.018,17.0,90.39,8.77237,-3.31626,2.21205,3e-05,0.08725
9630.85,BTC-27SEP19,1567249144190,open,2.12,0.0,2.054,2.1785,2.1150342,122.04,None,0.0,BTC-27SEP19-30000-P,9588.0,0.0,0.0,0.0,0.0,0.0,0.0,0.05044,-0.11452,-22.08605,0.0,-0.99945
9630.85,BTC-27SEP19,1567249144192,open,0.01,739.7,0.0005,0.0215,0.00923394,89.83,0.01,0.0,BTC-27SEP19-7000-P,9588.0,86.55,0.008,51.0,0.0095,4.6,90.51,3.74567,-6.25958,-0.60609,6e-05,-0.07624
9630.85,BTC-27SEP19,1567249144192,open,0.79,28.2,0.7825,0.802,0.79233338,0.0,0.755,0.0,BTC-27SEP19-2000-C,9588.0,0.0,0.01,1.0,0.8465,5.0,500.0,0.0,0.0,1.47264,0.0,1.0
9728.42,BTC-27DEC19,1567249144195,open,0.01,261.5,0.0035,0.0265,0.01303137,84.96,0.014,0.0,BTC-27DEC19-5000-P,9588.0,82.38,0.0115,8.0,0.014,21.5,86.52,5.93766,-2.13979,-2.06239,2e-05,-0.05261
9728.42,BTC-27DEC19,1567249144203,open,2.7,1.3,2.6285,2.7865,2.70389009,98.4,2.2,0.0,BTC-27DEC19-36000-P,9588.0,0.0,0.0,0.0,0.0,0.0,0.0,2.64106,-1.10237,-115.74905,1e-05,-0.98031
9826.0,SYN.BTC-27MAR20,1567249144203,open,0.91,0.0,0.843,0.989,0.91477414,86.79,0.8095,0.0,BTC-27MAR20-18000-P,9588.0,0.0,0.0005,6.0,1.037,1.0,130.01,24.8618,-5.16509,-92.12987,5e-05,-0.72366
9728.42,BTC-27DEC19,1567249144207,open,0.5,65.4,0.481,0.5185,0.49907224,84.96,0.608,0.0,BTC-27DEC19-5000-C,9588.0,0.0,0.4835,9.0,0.5135,9.0,104.77,5.93744,-2.13967,14.08508,2e-05,0.94739
168.59,SYN.ETH-6SEP19,1567249144213,open,0.0,18.0,0.001,0.011,0.000957,102.26,0.004,0.0,ETH-6SEP19-130-P,168.49,0.0,0.0,0.0,0.002,54.0,115.96,0.01005,-0.08746,-0.00055,0.00215,-0.0193
9630.85,BTC-27SEP19,1567249144216,open,0.66,0.5,0.653,0.6725,0.66256245,119.55,0.694,0.0,BTC-27SEP19-3250-C,9588.0,0.0,0.005,10.0,0.782,5.0,500.0,0.02195,-0.04882,2.39132,0.0,0.99978
9630.85,BTC-27SEP19,1567249144222,open,1.91,0.0,1.8505,1.967,1.90740897,121.02,None,0.0,BTC-27SEP19-28000-P,9588.0,0.0,0.0,0.0,0.0,0.0,0.0,0.08925,-0.20094,-20.61037,0.0,-0.99898
9728.42,BTC-27DEC19,1567249144234,open,0.03,453.5,0.0115,0.0615,0.0326896,86.26,0.035,0.0,BTC-27DEC19-18000-C,9588.0,84.63,0.0305,26.9,0.0345,22.0,87.58,13.24237,-4.84545,3.88121,5e-05,0.15623
168.59,SYN.ETH-6SEP19,1567249144237,open,0.37,0.0,0.325,0.408,0.36475,104.47,None,0.0,ETH-6SEP19-230-P,168.49,0.0,0.0,0.0,0.0,0.0,0.0,0.00639,-0.05676,-0.03673,0.00134,-0.98861
9728.42,BTC-27DEC19,1567249144239,open,0.01,357.8,0.0005,0.015,0.00539719,90.2,0.0065,0.0,BTC-27DEC19-4000-P,9588.0,85.35,0.004,22.4,0.0065,23.1,93.54,3.04422,-1.16474,-0.90122,1e-05,-0.02329
9630.85,BTC-27SEP19,1567249144247,open,0.0,413.4,0.0005,0.0125,0.00282887,93.9,0.0035,0.0,BTC-27SEP19-16000-C,9588.0,89.06,0.002,30.2,0.0035,24.0,97.2,1.83209,-3.2005,0.20049,3e-05,0.0311
9728.42,BTC-27DEC19,1567249144247,open,0.0,173.5,0.0005,0.013,0.00318983,93.35,0.003,0.0,BTC-27DEC19-3500-P,9588.0,86.7,0.002,24.9,0.004,4.0,97.04,1.99488,-0.78993,-0.54574,1e-05,-0.01418
9630.85,BTC-27SEP19,1567249144247,open,0.46,54.0,0.4275,0.4985,0.46112972,88.7,0.466,0.0,BTC-27SEP19-14000-P,9588.0,0.0,0.4495,1.1,0.4735,3.0,113.15,3.72956,-6.15454,-9.82388,6e-05,-0.9242
9728.42,BTC-27DEC19,1567249144247,open,0.22,169.6,0.169,0.254,0.21352687,80.25,0.2145,0.0,BTC-27DEC19-9000-C,9588.0,78.09,0.209,8.0,0.214,2.8,80.47,20.37061,-6.93386,13.86798,8e-05,0.65493
170.7,ETH-27DEC19,1567249144247,open,1.25,0.0,1.169,1.329,1.246119,91.21,None,0.0,ETH-27DEC19-380-P,168.49,0.0,0.0,0.0,0.0,0.0,0.0,0.16953,-0.06559,-1.18341,0.00198,-0.90057
9630.85,BTC-27SEP19,1567249144247,open,0.0,718.9,0.0005,0.011,0.00100625,110.06,0.0015,0.0,BTC-27SEP19-20000-C,9588.0,101.8,0.0005,0.2,0.0015,34.4,115.58,0.74444,-1.52429,0.0694,1e-05,0.01079
9728.42,BTC-27DEC19,1567249144247,open,0.0,425.3,0.0005,0.013,0.00338435,98.37,0.0025,0.0,BTC-27DEC19-36000-C,9588.0,94.76,0.0025,4.1,0.0045,19.0,102.1,2.637,-1.10036,0.51103,1e-05,0.01965
9728.42,BTC-27DEC19,1567249144257,open,0.45,73.3,0.432,0.4765,0.45371016,82.87,0.4875,0.0,BTC-27DEC19-5500-C,9588.0,44.98,0.4355,9.0,0.4705,9.0,101.39,7.74839,-2.72377,14.83735,3e-05,0.92597
9728.42,BTC-27DEC19,1567249144257,open,0.03,257.5,0.0115,0.049,0.02829516,82.38,0.03,0.0,BTC-27DEC19-6000-P,9588.0,81.1,0.027,0.1,0.029,20.0,83.08,9.89196,-3.45681,-4.11527,4e-05,-0.10269
9728.42,BTC-27DEC19,1567249144257,open,0.51,291.5,0.454,0.5675,0.51026638,83.44,0.558,0.0,BTC-27DEC19-14000-P,9588.0,73.83,0.492,4.0,0.5215,4.0,89.05,19.15941,-6.7809,-38.09139,8e-05,-0.70215
9728.42,BTC-27DEC19,1567249144257,open,0.6,27.2,0.582,0.608,0.59422989,90.2,0.63,0.0,BTC-27DEC19-4000-C,9588.0,0.0,0.45,1.0,0.6285,0.2,150.1,3.04395,-1.1646,12.01677,1e-05,0.97671
9728.42,BTC-27DEC19,1567249144257,open,1.88,0.1,1.8235,1.957,1.88645538,94.71,1.49,0.0,BTC-27DEC19-28000-P,9588.0,0.0,0.001,1.0,0.0,0.0,0.0,5.2428,-2.10616,-89.27101,2e-05,-0.95497
9728.42,BTC-27DEC19,1567249144257,open,0.0,352.3,0.0005,0.0125,0.00276976,102.12,0.003,0.0,BTC-27DEC19-40000-C,9588.0,98.32,0.002,0.1,0.0035,19.0,105.08,2.20468,-0.95497,0.41348,1e-05,0.01593
9630.85,BTC-27SEP19,1567249144264,open,0.0,1079.3,0.0005,0.013,0.00319701,98.36,0.0025,0.0,BTC-27SEP19-6000-P,9588.0,90.61,0.002,42.0,0.0035,4.3,100.04,1.69411,-3.10017,-0.22337,3e-05,-0.0283
9630.85,BTC-27SEP19,1567249144264,open,0.66,34.4,0.6295,0.703,0.66416197,93.93,0.396,0.0,BTC-27SEP19-16000-P,9588.0,0.0,0.6515,1.1,0.678,1.1,133.1,1.83419,-3.20509,-11.58036,3e-05,-0.96886
9826.0,SYN.BTC-27MAR20,1567249144264,open,2.07,0.0,2.0015,2.1635,2.07794707,90.54,None,0.0,BTC-27MAR20-30000-P,9588.0,0.0,0.0,0.0,0.0,0.0,0.0,12.94996,-2.80656,-167.50743,3e-05,-0.901
9728.42,BTC-27DEC19,1567249144268,open,0.6,206.6,0.544,0.6585,0.60037968,84.42,0.454,0.0,BTC-27DEC19-15000-P,9588.0,73.44,0.5815,1.1,0.6125,1.1,90.9,17.70736,-6.34075,-42.30756,7e-05,-0.74624
9630.85,BTC-27SEP19,1567249144270,open,0.84,42.8,0.8345,0.854,0.84425002,0.0,0.815,0.0,BTC-27SEP19-1500-C,9588.0,0.0,0.0,0.0,0.0,0.0,0.0,0.0,0.0,1.10448,0.0,1.0
9728.42,BTC-27DEC19,1567249144280,open,0.55,6.5,0.531,0.5625,0.54593601,87.21,0.575,0.0,BTC-27DEC19-4500-C,9588.0,0.0,0.5325,9.0,0.5575,9.0,107.82,4.33779,-1.60464,13.14529,2e-05,0.96434
9826.0,SYN.BTC-27MAR20,1567249144283,open,1.48,0.0,1.4135,1.5655,1.48577368,88.86,None,0.0,BTC-27MAR20-24000-P,9588.0,0.0,0.0,0.0,0.0,0.0,0.0,18.1234,-3.85508,-130.75073,4e-05,-0.83949
9630.85,BTC-27SEP19,1567249144312,open,1.29,0.2,1.24,1.334,1.28501623,116.99,1.391,0.0,BTC-27SEP19-22000-P,9588.0,0.0,0.005,10.0,0.0,0.0,0.0,0.52689,-1.1468,-16.15235,1e-05,-0.99272
9728.42,BTC-27DEC19,1567249144312,open,0.01,565.1,0.0005,0.019,0.00849923,87.21,0.006,0.0,BTC-27DEC19-4500-P,9588.0,83.68,0.007,26.0,0.0095,22.3,89.39,4.33804,-1.60478,-1.38744,2e-05,-0.03566
9630.85,BTC-27SEP19,1567249144312,open,0.0,331.4,0.0005,0.0105,0.0009784,116.65,0.0005,0.0,BTC-27SEP19-4750-P,9588.0,107.12,0.0005,19.0,0.0015,35.3,123.9,0.59753,-1.29673,-0.06646,1e-05,-0.00839
9630.85,BTC-27SEP19,1567249144314,open,0.56,31.7,0.528,0.5995,0.56190316,90.89,0.449,0.0,BTC-27SEP19-15000-P,9588.0,0.0,0.55,1.1,0.575,1.1,122.63,2.5719,-4.34912,-10.74168,4e-05,-0.95285
9728.42,BTC-27DEC19,1567249144314,open,0.69,0.0,0.684,0.7035,0.69367554,99.32,None,0.0,BTC-27DEC19-3000-C,9588.0,0.0,0.0065,0.1,0.9535,0.5,500.0,1.34064,-0.56478,9.34199,0.0,0.99102
9728.42,BTC-27DEC19,1567249144317,open,0.01,147.5,0.0005,0.023,0.00828426,94.7,0.0075,0.0,BTC-27DEC19-28000-C,9588.0,93.2,0.0075,6.1,0.009,18.0,95.99,5.2405,-2.10499,1.15359,2e-05,0.045
9728.42,BTC-27DEC19,1567249144317,open,2.29,0.3,2.226,2.371,2.29460052,96.9,1.875,0.0,BTC-27DEC19-32000-P,9588.0,0.0,0.0,0.0,0.0,0.0,0.0,3.71885,-1.52858,-102.57901,1e-05,-0.97041
9630.85,BTC-27SEP19,1567249144317,open,0.69,225.7,0.679,0.6985,0.6885076,118.95,0.693,0.0,BTC-27SEP19-3000-C,9588.0,0.0,0.005,20.0,0.7935,5.0,500.0,0.00839,-0.01856,2.20835,0.0,0.99992
9630.85,BTC-27SEP19,1567249144317,open,0.0,643.1,0.0005,0.0115,0.00176355,103.05,0.0015,0.0,BTC-27SEP19-5500-P,9588.0,94.73,0.001,93.0,0.0025,16.7,109.09,1.04843,-2.00993,-0.12627,1e-05,-0.01604
9728.42,BTC-27DEC19,1567249144317,open,0.09,268.6,0.0485,0.1265,0.08702558,82.32,0.0885,0.0,BTC-27DEC19-13000-C,9588.0,80.88,0.084,24.9,0.089,1.0,83.26,20.47382,-7.14901,8.25655,8e-05,0.34983
9728.42,BTC-27DEC19,1567249144317,open,0.0,176.8,0.0005,0.0105,0.00023568,120.0,0.001,0.0,BTC-27DEC19-1500-P,9588.0,0.0,0.0,0.0,0.001,15.0,141.4,0.19063,-0.09703,-0.03965,0.0,-0.00103
9728.42,BTC-27DEC19,1567249144325,open,0.0,107.3,0.0005,0.0105,0.00095096,118.94,0.0015,0.0,BTC-27DEC19-2000-P,9588.0,110.1,0.0005,0.5,0.0015,31.5,126.38,0.61074,-0.30813,-0.14612,0.0,-0.0037
9728.42,BTC-27DEC19,1567249144325,open,0.07,475.4,0.036,0.109,0.0711807,83.44,0.068,0.0,BTC-27DEC19-14000-C,9588.0,81.81,0.068,20.0,0.0735,2.8,84.61,19.15922,-6.78071,7.1211,8e-05,0.29784
9630.85,BTC-27SEP19,1567249144325,open,0.0,406.8,0.0005,0.0105,6.2e-07,120.0,0.0005,0.0,BTC-27SEP19-2500-P,9588.0,0.0,0.0,0.0,0.0005,42.0,197.3,0.00099,-0.0022,-6e-05,0.0,-1e-05
9728.42,BTC-27DEC19,1567249144325,open,3.11,0.0,3.0315,3.2045,3.1144428,102.15,2.58,0.0,BTC-27DEC19-40000-P,9588.0,0.0,0.0,0.0,0.0,0.0,0.0,2.20939,-0.95736,-128.76438,1e-05,-0.98403
9630.85,BTC-27SEP19,1567249144325,open,0.19,871.3,0.1665,0.2205,0.19397074,84.52,0.176,0.0,BTC-27SEP19-8000-C,9588.0,79.51,0.1905,6.3,0.197,7.0,88.74,6.80542,-10.70063,4.45477,0.00012,0.82216
9630.85,BTC-27SEP19,1567249144325,open,0.01,456.6,0.003,0.0285,0.0125773,85.83,0.012,0.0,BTC-27SEP19-13000-C,9588.0,83.81,0.0115,27.1,0.013,30.0,86.6,5.24873,-8.38101,0.76663,9e-05,0.12068
9630.85,BTC-27SEP19,1567249144325,open,0.0,684.0,0.0005,0.0105,3.464e-05,120.0,0.0005,0.0,BTC-27SEP19-30000-C,9588.0,0.0,0.0,0.0,0.0005,31.0,148.56,0.04122,-0.09202,0.00287,0.0,0.00044
9630.85,BTC-27SEP19,1567249144325,open,0.0,577.2,0.0005,0.0115,0.00156514,102.16,0.001,0.0,BTC-27SEP19-18000-C,9588.0,96.48,0.001,0.5,0.002,29.8,105.64,1.10811,-2.10612,0.11027,2e-05,0.01711
9728.42,BTC-27DEC19,1567249144325,open,0.14,621.5,0.0905,0.177,0.13507892,80.9,0.135,0.0,BTC-27DEC19-11000-C,9588.0,79.1,0.131,21.6,0.1365,5.9,81.53,22.0402,-7.56328,10.99718,9e-05,0.48511
9660.87,SYN.BTC-25OCT19,1567249144327,open,0.05,0.0,0.0245,0.0825,0.05226049,82.32,None,0.0,BTC-25OCT19-12000-C,9588.0,79.52,0.0485,15.9,0.055,7.0,84.34,13.05635,-9.79302,3.62209,0.00011,0.30164
9597.37,SYN.BTC-6SEP19,1567249144329,open,0.0,65.8,0.0005,0.0105,0.00047762,109.7,0.0005,0.0,BTC-6SEP19-7000-P,9588.0,0.0,0.0,0.0,0.001,19.7,121.84,0.31656,-2.95497,-0.01575,2e-05,-0.00972
9608.53,SYN.BTC-13SEP19,1567249144337,open,0.27,0.0,0.257,0.291,0.27341078,91.99,None,0.0,BTC-13SEP19-7000-C,9588.0,0.0,0.259,2.0,0.287,2.0,149.7,1.1407,-4.07504,2.36971,4e-05,0.97254
168.59,SYN.ETH-6SEP19,1567249144339,open,0.0,250.0,0.001,0.011,0.000496,116.54,0.001,0.0,ETH-6SEP19-240-C,168.49,0.0,0.0,0.0,0.001,250.0,127.74,0.00586,-0.05812,0.00027,0.0011,0.01032
9630.85,BTC-27SEP19,1567249144346,open,0.0,125.2,0.0005,0.0105,0.00011008,120.0,0.0005,0.0,BTC-27SEP19-3750-P,9588.0,0.0,0.0,0.0,0.0005,30.0,140.21,0.09673,-0.21595,-0.00864,0.0,-0.00111
9630.85,BTC-27SEP19,1567249144346,open,0.0,393.7,0.0005,0.0105,0.00072298,119.99,0.001,0.0,BTC-27SEP19-4500-P,9588.0,0.0,0.0,0.0,0.0015,42.0,132.5,0.45834,-1.02314,-0.04919,1e-05,-0.00621
9630.85,BTC-27SEP19,1567249144346,open,0.0,146.6,0.0005,0.0105,0.00016925,120.0,0.0005,0.0,BTC-27SEP19-26000-C,9588.0,0.0,0.0,0.0,0.001,31.0,142.31,0.16147,-0.36047,0.01258,0.0,0.00194
9630.85,BTC-27SEP19,1567249144346,open,0.06,1125.3,0.0305,0.086,0.05740002,82.55,0.059,0.0,BTC-27SEP19-9000-P,9588.0,80.13,0.055,10.5,0.0595,11.7,84.66,9.56775,-14.69359,-2.81297,0.00017,-0.33927
9728.42,BTC-27DEC19,1567249144361,open,0.64,4.0,0.6335,0.6545,0.64341838,93.35,0.666,0.0,BTC-27DEC19-3500-C,9588.0,0.0,0.0205,0.1,0.973,1.0,500.0,1.99457,-0.78978,10.75751,1e-05,0.98582
9630.85,BTC-27SEP19,1567249144367,open,0.56,9.2,0.5495,0.569,0.55912114,119.95,0.574,0.0,BTC-27SEP19-4250-C,9588.0,0.0,0.005,10.1,0.6005,5.0,298.59,0.29051,-0.64832,3.10002,0.0,0.99627
9728.42,BTC-27DEC19,1567249144367,open,0.69,23.1,0.637,0.751,0.6925202,85.02,0.715,0.0,BTC-27DEC19-16000-P,9588.0,73.27,0.6745,1.1,0.7055,1.1,92.52,16.16578,-5.82966,-46.41155,6e-05,-0.78472
9660.87,SYN.BTC-25OCT19,1567249144376,open,0.02,35.1,0.008,0.0415,0.02253637,82.93,0.022,0.0,BTC-25OCT19-7000-P,9588.0,80.96,0.021,8.0,0.025,14.2,86.01,7.60186,-5.74417,-2.10627,7e-05,-0.12248
9728.42,BTC-27DEC19,1567249144382,open,0.14,575.1,0.095,0.181,0.13865291,80.25,0.143,0.0,BTC-27DEC19-9000-P,9588.0,78.74,0.1355,8.0,0.139,4.3,80.41,20.37061,-6.93392,-15.1973,8e-05,-0.34507
9630.85,BTC-27SEP19,1567249144382,open,0.0,580.7,0.0005,0.014,0.00440334,90.88,0.0045,0.0,BTC-27SEP19-15000-C,9588.0,87.26,0.0035,23.4,0.005,24.0,93.03,2.57023,-4.34544,0.30289,4e-05,0.04712
9630.85,BTC-27SEP19,1567249144382,open,0.0,657.5,0.0005,0.0105,0.00068318,116.86,0.0005,0.0,BTC-27SEP19-22000-C,9588.0,0.0,0.0,0.0,0.001,8.9,121.92,0.52291,-1.13685,0.0463,1e-05,0.00721
9630.85,BTC-27SEP19,1567249144382,open,1.7,0.0,1.647,1.7555,1.69983553,120.49,None,0.0,BTC-27SEP19-26000-P,9588.0,0.0,0.0,0.0,0.0,0.0,0.0,0.16769,-0.3759,-19.13122,0.0,-0.99797
9630.85,BTC-27SEP19,1567249144382,open,0.0,492.7,0.0005,0.0105,2e-08,120.0,0.0005,0.0,BTC-27SEP19-2000-P,9588.0,0.0,0.0,0.0,0.0005,62.0,229.14,4e-05,-9e-05,0.0,0.0,0.0
9728.42,BTC-27DEC19,1567249144382,open,1.28,4.9,1.2225,1.341,1.27825853,89.13,1.0385,0.0,BTC-27DEC19-22000-P,9588.0,0.0,0.006,2.0,2.034,0.3,500.0,8.77365,-3.31693,-68.83592,3e-05,-0.91274
9728.42,BTC-27DEC19,1567249144388,open,0.85,0.1,0.8365,0.856,0.84604794,119.98,0.84,0.0,BTC-27DEC19-1500-C,9588.0,0.0,0.021,0.1,0.969,0.5,500.0,0.19044,-0.09692,4.80461,0.0,0.99897
9728.42,BTC-27DEC19,1567249144388,open,0.8,0.0,0.7855,0.805,0.79536731,118.94,None,0.0,BTC-27DEC19-2000-C,9588.0,0.0,0.015,3.0,0.963,0.5,500.0,0.61055,-0.30802,6.31288,0.0,0.9963
9728.42,BTC-27DEC19,1567249144390,open,0.3,91.7,0.2615,0.3335,0.29898303,80.28,0.3515,0.0,BTC-27DEC19-7500-C,9588.0,76.93,0.2935,9.0,0.301,9.0,81.5,16.03672,-5.46069,15.35331,7e-05,0.78767
9728.42,BTC-27DEC19,1567249144390,open,0.09,580.7,0.0545,0.1265,0.09008653,80.25,0.093,0.0,BTC-27DEC19-8000-P,9588.0,78.28,0.0865,4.9,0.09,4.2,80.2,17.77458,-6.05026,-10.86081,7e-05,-0.2556
9728.42,BTC-27DEC19,1567249144390,open,0.01,234.0,0.001,0.027,0.01052832,93.35,0.0095,0.0,BTC-27DEC19-26000-C,9588.0,91.7,0.0095,4.9,0.0115,28.2,94.82,6.25139,-2.47523,1.43336,2e-05,0.05615
9728.42,BTC-27DEC19,1567249144392,open,0.05,300.7,0.027,0.0815,0.05276574,80.45,0.0505,0.0,BTC-27DEC19-7000-P,9588.0,78.87,0.0505,4.9,0.0535,4.1,80.95,14.06498,-4.79937,-7.04352,6e-05,-0.17142
9728.42,BTC-27DEC19,1567249144392,open,0.0,384.1,0.0005,0.012,0.00205101,99.32,0.003,0.0,BTC-27DEC19-3000-P,9588.0,89.86,0.001,26.4,0.003,26.7,105.4,1.34091,-0.56492,-0.34651,0.0,-0.00898
9630.85,BTC-27SEP19,1567249144396,open,0.74,55.9,0.7305,0.75,0.74041732,0.0,0.689,0.0,BTC-27SEP19-2500-C,9588.0,0.0,0.005,10.0,0.8185,5.0,500.0,0.0,0.0,1.8408,0.0,1.0
9630.85,BTC-27SEP19,1567249144396,open,1.08,0.0,1.0365,1.123,1.07767262,110.14,0.691,0.0,BTC-27SEP19-20000-P,9588.0,0.0,1.0625,1.1,1.093,1.1,171.4,0.74781,-1.53235,-14.65665,1e-05,-0.98915
9630.85,BTC-27SEP19,1567249144396,open,0.48,789.2,0.4705,0.4945,0.48201884,111.82,0.5015,0.0,BTC-27SEP19-5000-C,9588.0,0.0,0.051,1.0,0.547,5.0,299.3,0.71977,-1.49733,3.59957,1e-05,0.98962
9825.99,SYN.BTC-27MAR20,1567249144396,open,0.02,17.4,0.004,0.039,0.01630616,92.98,0.014,0.0,BTC-27MAR20-36000-C,9588.0,90.54,0.014,19.0,0.0185,19.0,95.12,9.70814,-2.16075,2.88056,2e-05,0.06753
9728.42,BTC-27DEC19,1567249144399,open,1.48,0.0,1.422,1.5445,1.4795358,90.47,None,0.0,BTC-27DEC19-24000-P,9588.0,0.0,0.006,1.0,2.231,0.2,500.0,7.16745,-2.75048,-75.79959,3e-05,-0.93311
9728.42,BTC-27DEC19,1567249144399,open,3.52,0.0,3.4345,3.6225,3.52484499,103.76,3.46,0.0,BTC-27DEC19-44000-P,9588.0,0.0,0.0,0.0,0.0,0.0,0.0,1.69847,-0.74757,-141.7901,1e-05,-0.98823
168.71,SYN.ETH-13SEP19,1567249144402,open,0.2,0.0,0.157,0.239,0.197313,83.06,None,0.0,ETH-13SEP19-200-P,168.49,50.74,0.187,200.0,0.204,200.0,96.75,0.07571,-0.24418,-0.062,0.00908,-0.84438
9597.37,SYN.BTC-6SEP19,1567249144405,open,0.2,1.0,0.175,0.228,0.20006339,81.37,0.142,0.0,BTC-6SEP19-11500-P,9588.0,0.0,0.1885,1.1,0.2085,1.1,122.49,1.14499,-7.92865,-1.78522,9e-05,-0.95545
9728.42,BTC-27DEC19,1567249144407,open,0.01,344.0,0.003,0.0305,0.01253198,90.46,0.012,0.0,BTC-27DEC19-24000-C,9588.0,89.73,0.012,11.0,0.013,0.5,91.09,7.16581,-2.74965,1.70725,3e-05,0.06687
9728.42,BTC-27DEC19,1567249144407,open,4.34,0.8,4.241,4.4605,4.34673325,110.05,3.59,0.0,BTC-27DEC19-52000-P,9588.0,0.0,0.001,1.0,0.0,0.0,0.0,1.33806,-0.62463,-167.70042,0.0,-0.99104
9728.42,BTC-27DEC19,1567249144417,open,0.74,0.0,0.735,0.7545,0.7446347,110.09,None,0.0,BTC-27DEC19-2500-C,9588.0,0.0,0.0205,0.1,0.958,0.5,500.0,1.00675,-0.47012,7.81929,0.0,0.99352
9630.85,BTC-27SEP19,1567249144420,open,0.0,586.8,0.0005,0.0105,7.56e-06,120.0,0.0005,0.0,BTC-27SEP19-3000-P,9588.0,0.0,0.0,0.0,0.0005,44.0,171.54,0.0094,-0.02098,-0.00069,0.0,-9e-05
9630.85,BTC-27SEP19,1567249144420,open,0.53,289.7,0.5235,0.5445,0.53347304,119.96,0.588,0.0,BTC-27SEP19-4500-C,9588.0,0.0,0.002,1.1,0.5825,5.0,299.88,0.45771,-1.02147,3.26433,1e-05,0.9938
9630.85,BTC-27SEP19,1567249144423,open,0.64,261.1,0.627,0.6465,0.63663367,119.78,0.714,0.0,BTC-27SEP19-3500-C,9588.0,0.0,0.161,1.0,0.66,10.0,298.64,0.04858,-0.10827,2.57305,0.0,0.99948
9630.85,BTC-27SEP19,1567249144423,open,0.0,49.2,0.0005,0.0105,2.073e-05,120.0,0.0015,0.0,BTC-27SEP19-3250-P,9588.0,0.0,0.0,0.0,0.0005,40.0,160.28,0.02289,-0.05111,-0.0018,0.0,-0.00023
9728.42,BTC-27DEC19,1567249144426,open,0.37,63.0,0.341,0.3995,0.37073011,81.02,0.4965,0.0,BTC-27DEC19-6500-C,9588.0,67.74,0.3555,8.0,0.394,8.0,98.78,11.96444,-4.11195,15.54885,5e-05,0.86564
168.59,SYN.ETH-6SEP19,1567249144433,open,0.43,0.0,0.383,0.469,0.424063,116.54,None,0.0,ETH-6SEP19-240-P,168.49,0.0,0.0,0.0,0.0,0.0,0.0,0.00586,-0.05812,-0.03837,0.0011,-0.98968
9728.42,BTC-27DEC19,1567249144435,open,0.02,132.2,0.007,0.036,0.01906519,82.87,0.0195,0.0,BTC-27DEC19-5500-P,9588.0,80.87,0.0175,24.0,0.0205,23.0,84.65,7.74858,-2.72388,-2.92485,3e-05,-0.07403
9597.37,SYN.BTC-6SEP19,1567249144435,open,0.01,279.9,0.0005,0.026,0.00973229,76.56,0.009,0.0,BTC-6SEP19-10500-C,9588.0,72.91,0.0085,15.4,0.01,0.1,77.34,3.30769,-21.55027,0.27899,0.00029,0.19031
9597.37,SYN.BTC-6SEP19,1567249144454,open,0.0,204.2,0.0005,0.0105,0.00092542,97.2,0.001,0.0,BTC-6SEP19-7500-P,9588.0,88.75,0.0005,39.6,0.0015,2.0,105.31,0.58062,-4.80245,-0.03178,4e-05,-0.01964
168.71,SYN.ETH-13SEP19,1567249144476,open,0.01,90.0,0.001,0.019,0.006402,83.32,0.007,0.0,ETH-13SEP19-210-C,168.49,78.57,0.005,200.0,0.009,200.0,90.95,0.05284,-0.17097,0.00517,0.00632,0.09329
9825.99,SYN.BTC-27MAR20,1567249144534,open,2.47,0.0,2.398,2.5705,2.47923871,92.59,None,0.0,BTC-27MAR20-34000-P,9588.0,0.0,0.0,0.0,0.0,0.0,0.0,10.78729,-2.39078,-191.28155,2e-05,-0.92251
9825.99,SYN.BTC-27MAR20,1567249144609,open,0.14,130.3,0.093,0.1825,0.13829914,81.47,0.137,0.0,BTC-27MAR20-8000-P,9588.0,79.31,0.133,7.0,0.1415,7.0,82.77,24.13554,-4.70686,-22.42589,5e-05,-0.26052
9608.53,SYN.BTC-13SEP19,1567249144609,open,0.16,0.0,0.131,0.1965,0.16335559,84.45,None,0.0,BTC-13SEP19-11000-P,9588.0,0.0,0.138,2.0,0.193,2.0,131.33,5.33871,-17.50814,-3.19866,0.00019,-0.78034
168.71,SYN.ETH-13SEP19,1567249144621,open,0.0,0.0,0.001,0.013,0.00329,83.32,None,0.0,ETH-13SEP19-220-C,168.49,76.03,0.002,200.0,0.005,3.0,90.81,0.03414,-0.11046,0.00295,0.00408,0.05282
9660.87,SYN.BTC-25OCT19,1567249144640,open,0.29,0.0,0.2505,0.3385,0.29438791,82.32,None,0.0,BTC-25OCT19-12000-P,9588.0,0.0,0.02,1.0,0.0,0.0,0.0,13.05652,-9.79346,-14.41915,0.00011,-0.69835
9597.37,SYN.BTC-6SEP19,1567249144645,open,0.02,278.7,0.0025,0.0355,0.01591789,80.56,0.0175,0.0,BTC-6SEP19-9000-P,9588.0,78.26,0.015,39.0,0.0165,5.1,82.01,3.85555,-26.43157,-0.40822,0.00032,-0.24831
9608.53,SYN.BTC-13SEP19,1567249144648,open,0.0,19.3,0.0005,0.0115,0.00193132,92.0,0.002,0.0,BTC-13SEP19-7000-P,9588.0,88.09,0.0015,17.0,0.0025,4.2,96.43,1.14108,-4.07681,-0.09965,4e-05,-0.02747
9825.99,SYN.BTC-27MAR20,1567249144658,open,0.13,56.3,0.082,0.1825,0.13280018,83.76,0.1375,0.0,BTC-27MAR20-14000-C,9588.0,82.29,0.1285,15.0,0.1365,0.2,85.02,28.79886,-5.7742,15.27336,6e-05,0.40442
168.71,SYN.ETH-13SEP19,1567249144693,open,0.31,0.0,0.267,0.35,0.3073,83.32,None,0.0,ETH-13SEP19-220-P,168.49,0.0,0.0,0.0,0.0,0.0,0.0,0.03414,-0.11046,-0.07466,0.00408,-0.94718
9825.99,SYN.BTC-27MAR20,1567249144695,open,0.07,35.4,0.029,0.107,0.06482546,87.05,0.0665,0.0,BTC-27MAR20-20000-C,9588.0,85.57,0.0615,11.0,0.068,6.0,88.43,22.38326,-4.66398,9.0974,5e-05,0.22661
9660.87,SYN.BTC-25OCT19,1567249144739,open,0.22,0.0,0.1875,0.2515,0.22057531,81.7,None,0.0,BTC-25OCT19-8000-C,9588.0,0.0,0.05,1.0,0.0,0.0,0.0,11.24774,-8.37341,8.04599,0.0001,0.77453
9825.99,SYN.BTC-27MAR20,1567249144750,open,0.04,1.6,0.012,0.0685,0.03558993,89.43,0.0375,0.0,BTC-27MAR20-26000-C,9588.0,87.2,0.032,19.0,0.039,19.0,91.46,16.19337,-3.46675,5.62736,3e-05,0.13567
168.59,SYN.ETH-6SEP19,1567249144856,open,0.17,0.0,0.145,0.198,0.172067,91.73,None,0.0,ETH-6SEP19-140-C,168.49,0.0,0.0,0.0,0.0,0.0,0.0,0.0217,-0.1694,0.02114,0.00517,0.95102
172.45,SYN.ETH-27MAR20,1567249144887,open,0.56,1.0,0.537,0.588,0.563433,88.4,0.569,0.0,ETH-27MAR20-80-C,168.49,0.0,0.07,20.0,0.0,0.0,0.0,0.17332,-0.03668,0.3627,0.00115,0.93095
9597.37,SYN.BTC-6SEP19,1567249144932,open,0.0,303.6,0.0005,0.011,0.00149885,93.18,0.0015,0.0,BTC-6SEP19-12000-C,9588.0,87.26,0.001,0.1,0.002,10.7,98.02,0.90941,-7.21118,0.04956,7e-05,0.03358
9597.37,SYN.BTC-6SEP19,1567249144944,open,0.17,6.0,0.15,0.1905,0.16957409,94.93,0.1705,0.0,BTC-6SEP19-8000-C,9588.0,0.0,0.1635,1.1,0.1785,1.1,137.07,1.41284,-11.41375,1.19334,0.0001,0.94198
9660.87,SYN.BTC-25OCT19,1567249144944,open,0.04,2.0,0.014,0.062,0.03580728,83.1,0.0345,0.0,BTC-25OCT19-13000-C,9588.0,81.09,0.0335,17.0,0.038,1.0,84.98,11.19384,-8.47576,2.72713,0.0001,0.22357
9608.53,SYN.BTC-13SEP19,1567249144950,open,0.01,157.9,0.0015,0.0275,0.01112831,84.45,0.012,0.0,BTC-13SEP19-11500-C,9588.0,80.54,0.0095,105.0,0.012,8.7,86.44,4.13273,-13.55268,0.45722,0.00015,0.14602
168.59,SYN.ETH-6SEP19,1567249144950,open,0.0,13.0,0.001,0.012,0.002482,91.73,0.006,0.0,ETH-6SEP19-140-P,168.49,0.0,0.0,0.0,0.005,400.0,107.83,0.0217,-0.1694,-0.0014,0.00517,-0.04898
9825.99,SYN.BTC-27MAR20,1567249144950,open,0.01,78.4,0.0025,0.033,0.01278785,94.45,0.0125,0.0,BTC-27MAR20-40000-C,9588.0,92.19,0.011,14.0,0.015,19.0,96.99,8.14493,-1.84146,2.31515,2e-05,0.05396
9608.53,SYN.BTC-13SEP19,1567249144962,open,0.22,0.0,0.2045,0.243,0.22323157,85.64,None,0.0,BTC-13SEP19-7500-C,9588.0,0.0,0.2065,2.0,0.2395,2.0,136.62,1.93615,-6.43894,2.45476,7e-05,0.94746
172.45,SYN.ETH-27MAR20,1567249144965,open,0.03,182.0,0.012,0.046,0.027335,88.4,0.027,0.0,ETH-27MAR20-80-P,168.49,83.95,0.023,240.0,0.032,240.0,92.91,0.17332,-0.03668,-0.09511,0.00115,-0.06905
9825.99,SYN.BTC-27MAR20,1567249145052,open,2.68,0.0,2.5965,2.774,2.68006286,92.98,None,0.0,BTC-27MAR20-36000-P,9588.0,0.0,0.0,0.0,0.0,0.0,0.0,9.70945,-2.16113,-203.13337,2e-05,-0.93245
9660.87,SYN.BTC-25OCT19,1567249145079,open,0.05,1.0,0.024,0.076,0.04866025,81.71,0.0445,0.0,BTC-25OCT19-8000-P,9588.0,79.41,0.046,8.0,0.051,6.6,83.71,11.24783,-8.37367,-3.98164,0.0001,-0.22547
9597.37,SYN.BTC-6SEP19,1567249145093,open,0.0,61.7,0.0005,0.0105,0.00041889,100.23,0.0005,0.0,BTC-6SEP19-13000-C,9588.0,0.0,0.0,0.0,0.0005,1.0,102.46,0.3273,-2.7916,0.01495,2e-05,0.0101
9825.99,SYN.BTC-27MAR20,1567249145112,open,0.24,31.1,0.1815,0.284,0.2354138,81.47,0.2215,0.0,BTC-27MAR20-10000-C,9588.0,78.75,0.2275,15.0,0.24,0.2,83.05,28.51678,-5.56125,21.07057,6e-05,0.61013
9825.99,SYN.BTC-27MAR20,1567249145142,open,0.61,0.0,0.59,0.6225,0.60543375,81.9,None,0.0,BTC-27MAR20-4000-C,9588.0,0.0,0.2,1.0,0.0,0.0,0.0,6.29748,-1.23464,19.98393,1e-05,0.96083
9597.37,SYN.BTC-6SEP19,1567249145175,open,0.04,271.7,0.0185,0.0685,0.04382614,76.56,0.0415,0.0,BTC-6SEP19-9500-C,9588.0,71.91,0.0415,26.2,0.0425,2.0,73.91,4.80094,-31.27892,0.79904,0.00042,0.56102
9825.99,SYN.BTC-27MAR20,1567249145183,open,0.56,17.7,0.4885,0.6255,0.55759445,83.76,0.575,0.0,BTC-27MAR20-14000-P,9588.0,67.58,0.5115,3.0,0.5985,3.0,97.53,28.7989,-5.77424,-64.84332,6e-05,-0.59558
9825.99,SYN.BTC-27MAR20,1567249145191,open,1.1,0.0,1.029,1.176,1.10024585,87.05,None,0.0,BTC-27MAR20-20000-P,9588.0,0.0,0.0005,2.0,1.3505,1.0,175.01,22.38351,-4.66408,-105.35491,5e-05,-0.77338
172.45,SYN.ETH-27MAR20,1567249145203,open,0.28,222.0,0.227,0.329,0.282809,85.75,0.279,0.0,ETH-27MAR20-160-C,168.49,81.81,0.272,24.0,0.294,1.0,89.84,0.47245,-0.09698,0.38208,0.00324,0.66998
9608.53,SYN.BTC-13SEP19,1567249145222,open,0.07,15.5,0.036,0.091,0.06415974,78.37,0.064,0.0,BTC-13SEP19-9500-C,9588.0,74.11,0.061,3.0,0.0665,0.2,81.53,7.11819,-21.66357,1.68038,0.00028,0.55992
9597.37,SYN.BTC-6SEP19,1567249145245,open,0.1,139.2,0.076,0.1325,0.10378298,76.56,0.1015,0.0,BTC-6SEP19-10500-P,9588.0,68.05,0.101,6.0,0.107,6.0,85.49,3.30777,-21.55139,-1.41127,0.00029,-0.80968
168.59,SYN.ETH-6SEP19,1567249145245,open,0.12,40.0,0.086,0.146,0.117547,85.27,0.117,0.0,ETH-6SEP19-150-C,168.49,70.21,0.114,40.0,0.122,40.0,100.57,0.04486,-0.32547,0.02047,0.0115,0.87162
9660.87,SYN.BTC-25OCT19,1567249145252,open,0.01,41.1,0.003,0.0295,0.01279448,87.11,0.012,0.0,BTC-25OCT19-16000-C,9588.0,83.37,0.0105,17.9,0.015,37.8,90.41,6.21461,-4.93281,1.15966,5e-05,0.09264
9825.99,SYN.BTC-27MAR20,1567249145272,open,1.68,0.0,1.6085,1.763,1.68163643,89.44,None,0.0,BTC-27MAR20-26000-P,9588.0,0.0,0.0,0.0,1.828,1.0,150.04,16.19394,-3.46693,-143.16057,3e-05,-0.86433
9660.87,SYN.BTC-25OCT19,1567249145288,open,0.38,0.0,0.338,0.426,0.38144532,83.1,None,0.0,BTC-25OCT19-13000-P,9588.0,0.0,0.08,1.0,0.0,0.0,0.0,11.1942,-8.47636,-16.81751,0.0001,-0.77642
9608.53,SYN.BTC-13SEP19,1567249145303,open,0.21,0.0,0.177,0.241,0.20798347,84.45,None,0.0,BTC-13SEP19-11500-P,9588.0,0.0,0.1855,1.0,0.237,1.0,137.0,4.13298,-13.55418,-3.59946,0.00015,-0.85396
9630.86,BTC-27SEP19,1567249145362,open,0.18,301.8,0.146,0.2195,0.18296481,82.68,0.1945,0.0,BTC-27SEP19-11000-P,9588.15,79.59,0.18,5.0,0.1885,11.4,88.36,9.29005,-14.28997,-6.15146,0.00016,-0.68449
9728.43,BTC-27DEC19,1567249145362,open,0.02,703.6,0.007,0.048,0.02317247,87.73,0.024,0.0,BTC-27DEC19-20000-C,9588.15,86.66,0.022,7.0,0.0245,0.2,88.91,10.78402,-4.01308,2.91016,4e-05,0.1158
9826.0,SYN.BTC-27MAR20,1567249145361,open,0.02,3.4,0.006,0.0485,0.02208926,91.96,0.0235,0.0,BTC-27MAR20-32000-C,9588.15,89.31,0.019,19.0,0.025,19.0,94.28,11.93122,-2.62645,3.74016,2e-05,0.0886
9728.43,BTC-27DEC19,1567249145363,open,1.68,0.0,1.623,1.751,1.68311039,93.35,None,0.0,BTC-27DEC19-26000-P,9588.15,0.0,0.005,10.0,2.4285,0.2,500.0,6.25239,-2.47575,-82.53262,2e-05,-0.94384
9826.0,SYN.BTC-27MAR20,1567249145361,open,0.05,9.4,0.021,0.0905,0.05186933,87.62,0.0595,0.0,BTC-27MAR20-22000-C,9588.15,84.93,0.0465,18.0,0.057,18.0,90.08,20.05079,-4.20528,7.66392,4e-05,0.18816
9728.58,BTC-27DEC19,1567249145364,open,0.34,49.4,0.2995,0.365,0.33322377,80.44,0.384,0.0,BTC-27DEC19-7000-C,9588.15,77.14,0.3285,8.0,0.336,14.0,82.35,14.06424,-4.79875,15.56365,6e-05,0.82859
9728.58,BTC-27DEC19,1567249145364,open,0.27,220.4,0.2275,0.3045,0.26775256,80.24,0.303,0.0,BTC-27DEC19-8000-C,9588.15,76.53,0.261,13.6,0.27,16.6,81.47,17.77431,-6.0498,14.97573,7e-05,0.74441
9826.0,SYN.BTC-27MAR20,1567249145361,open,0.03,1.4,0.009,0.0605,0.02979698,90.14,0.0325,0.0,BTC-27MAR20-28000-C,9588.15,87.84,0.0265,18.0,0.0325,5.0,91.93,14.52543,-3.13422,4.85257,3e-05,0.11609
9728.58,BTC-27DEC19,1567249145365,open,0.0,209.9,0.0005,0.0115,0.00161416,110.09,0.002,0.0,BTC-27DEC19-2500-P,9588.15,94.89,0.0005,36.6,0.002,28.3,113.56,1.00693,-0.47023,-0.25444,0.0,-0.00648
9631.01,BTC-27SEP19,1567249145365,open,0.38,713.5,0.365,0.3965,0.38019869,98.31,0.416,0.0,BTC-27SEP19-6000-C,9588.15,0.0,0.367,7.0,0.3855,7.0,120.66,1.69082,-3.09233,4.1951,3e-05,0.97177
9660.88,SYN.BTC-25OCT19,1567249145362,open,0.09,7.0,0.055,0.1235,0.08923165,80.93,0.089,0.0,BTC-25OCT19-9000-P,9588.15,78.68,0.086,8.0,0.091,5.9,82.16,13.88878,-10.24091,-6.39367,0.00012,-0.35096
9597.37,SYN.BTC-6SEP19,1567249145362,open,0.35,0.0,0.3285,0.3845,0.35495754,100.26,None,0.0,BTC-6SEP19-13000-P,9588.15,0.0,0.3415,1.1,0.363,1.1,167.36,0.3278,-2.79664,-2.07773,2e-05,-0.98988
9728.58,BTC-27DEC19,1567249145367,open,1.08,5.7,1.024,1.14,1.07900477,87.76,0.661,0.0,BTC-27DEC19-20000-P,9588.15,66.31,1.0615,1.1,1.095,1.1,100.43,10.79186,-4.01733,-61.67663,4e-05,-0.88408
9597.37,SYN.BTC-6SEP19,1567249145361,open,0.0,159.4,0.0005,0.0105,0.00099611,100.23,0.001,0.0,BTC-6SEP19-12500-C,9588.15,91.04,0.0005,16.5,0.0015,18.4,106.84,0.63886,-5.44891,0.03243,4e-05,0.02199
9597.37,SYN.BTC-6SEP19,1567249145361,open,0.25,20.0,0.226,0.281,0.25184223,93.19,0.247,0.0,BTC-6SEP19-12000-P,9588.15,0.0,0.239,1.1,0.2595,1.1,137.21,0.90972,-7.21439,-1.88215,7e-05,-0.96641
9597.37,SYN.BTC-6SEP19,1567249145361,open,0.0,190.7,0.0005,0.0155,0.00404739,77.89,0.004,0.0,BTC-6SEP19-11000-C,9588.15,75.18,0.0035,0.1,0.0045,5.0,80.0,2.00365,-13.28035,0.13529,0.00017,0.09161
9826.0,SYN.BTC-27MAR20,1567249145361,open,0.18,20.0,0.1235,0.2295,0.17831612,83.66,0.1765,0.0,BTC-27MAR20-12000-C,9588.15,80.57,0.169,16.0,0.183,16.0,85.21,29.65407,-5.9387,18.10243,6e-05,0.50025
9826.0,SYN.BTC-27MAR20,1567249145361,open,0.73,0.0,0.6625,0.8055,0.73372799,85.88,None,0.0,BTC-27MAR20-16000-P,9588.15,0.0,0.0005,5.0,0.8635,1.0,130.03,27.08586,-5.5682,-78.64089,6e-05,-0.66482
9608.53,SYN.BTC-13SEP19,1567249145362,open,0.08,7.2,0.0515,0.113,0.0824416,78.4,0.0835,0.0,BTC-13SEP19-10000-P,9588.15,75.75,0.0805,2.0,0.084,5.3,80.52,7.06041,-21.4952,-2.23962,0.00028,-0.57831
9608.53,SYN.BTC-13SEP19,1567249145362,open,0.26,0.0,0.2265,0.29,0.25659224,88.24,None,0.0,BTC-13SEP19-12000-P,9588.15,0.0,0.235,1.0,0.2835,1.0,143.73,3.2622,-11.1777,-3.9062,0.00011,-0.89585
9608.53,SYN.BTC-13SEP19,1567249145362,open,0.01,4.7,0.0005,0.0215,0.00770052,88.23,0.0075,0.0,BTC-13SEP19-12000-C,9588.15,87.64,0.0075,2.9,0.008,8.1,89.1,3.26184,-11.17576,0.32685,0.00011,0.10413
9660.88,SYN.BTC-25OCT19,1567249145362,open,0.47,0.0,0.4315,0.5185,0.47350474,83.67,None,0.0,BTC-25OCT19-14000-P,9588.15,0.0,0.1,1.0,0.0,0.0,0.0,9.23395,-7.03965,-19.03116,8e-05,-0.83677
9608.53,SYN.BTC-13SEP19,1567249145362,open,0.04,9.7,0.0175,0.067,0.04169849,78.4,0.045,0.0,BTC-13SEP19-10000-C,9588.15,74.04,0.0385,4.0,0.044,11.6,81.53,7.06039,-21.49459,1.28797,0.00028,0.42169
9660.88,SYN.BTC-25OCT19,1567249145361,open,0.67,0.0,0.628,0.7145,0.66896273,87.12,None,0.0,BTC-25OCT19-16000-P,9588.15,0.0,0.2,1.0,0.0,0.0,0.0,6.21576,-4.93413,-22.89517,5e-05,-0.90734
9826.0,SYN.BTC-27MAR20,1567249145362,open,0.25,87.1,0.195,0.3085,0.25312333,81.47,0.26,0.0,BTC-27MAR20-10000-P,9588.15,80.05,0.249,7.0,0.2605,7.2,84.01,28.51678,-5.56128,-36.15564,6e-05,-0.38987
9826.0,SYN.BTC-27MAR20,1567249145362,open,3.08,1.0,2.9945,3.1835,3.08362458,94.45,2.7125,0.0,BTC-27MAR20-40000-P,9588.15,0.0,0.0,0.0,0.0,0.0,0.0,8.14658,-1.84194,-226.58918,2e-05,-0.94603
9826.0,SYN.BTC-27MAR20,1567249145361,open,0.45,0.1,0.412,0.4775,0.44563135,81.47,0.4775,0.0,BTC-27MAR20-6000-C,9588.15,0.0,0.283,1.0,0.0,0.0,0.0,16.04146,-3.12835,23.64789,4e-05,0.86618
9597.37,SYN.BTC-6SEP19,1567249145362,open,0.03,265.8,0.011,0.0585,0.03368137,76.56,0.034,0.0,BTC-6SEP19-9500-P,9588.15,75.2,0.033,0.1,0.0355,4.4,80.2,4.80094,-31.27943,-0.73025,0.00042,-0.43898
9608.53,SYN.BTC-13SEP19,1567249145362,open,0.05,7.0,0.026,0.0805,0.05286572,78.37,0.0535,0.0,BTC-13SEP19-9500-P,9588.15,75.18,0.0505,3.0,0.0545,5.5,80.58,7.11819,-21.66405,-1.67083,0.00028,-0.44008
9660.88,SYN.BTC-25OCT19,1567249145361,open,0.02,37.0,0.008,0.047,0.02435759,83.67,0.024,0.0,BTC-25OCT19-14000-C,9588.15,82.23,0.023,17.0,0.0255,1.0,84.85,9.23335,-7.03884,2.01688,8e-05,0.16322
9826.0,SYN.BTC-27MAR20,1567249145361,open,0.11,85.6,0.0585,0.154,0.10539334,85.88,0.1085,0.0,BTC-27MAR20-16000-C,9588.15,83.91,0.1,10.1,0.1105,16.0,87.72,27.08577,-5.56814,12.921,6e-05,0.33518
9608.53,SYN.BTC-13SEP19,1567249145362,open,0.0,0.4,0.0005,0.0135,0.00378932,85.65,0.004,0.0,BTC-13SEP19-7500-P,9588.15,84.18,0.0035,7.0,0.0045,0.5,89.02,1.93647,-6.44045,-0.19097,7e-05,-0.05255
9660.88,SYN.BTC-25OCT19,1567249145362,open,0.11,2.0,0.073,0.1435,0.10942092,80.51,0.1125,0.0,BTC-25OCT19-10000-C,9588.15,78.29,0.106,8.2,0.1135,17.3,83.15,14.92862,-10.95086,5.93692,0.00013,0.51817
9608.53,SYN.BTC-13SEP19,1567249145362,open,0.18,0.0,0.153,0.1985,0.17565893,82.63,None,0.0,BTC-13SEP19-8000-C,9588.15,0.0,0.156,2.0,0.195,2.0,127.08,3.26306,-10.47092,2.44096,0.00012,0.89581
9826.0,SYN.BTC-27MAR20,1567249145361,open,0.01,35.5,0.003,0.025,0.01251777,81.9,0.0115,0.0,BTC-27MAR20-4000-P,9588.15,76.88,0.0095,21.0,0.0155,6.0,86.32,6.29757,-1.23467,-2.90661,1e-05,-0.03917
9597.37,SYN.BTC-6SEP19,1567249145362,open,0.15,44.2,0.1245,0.1785,0.15019548,77.89,0.162,0.0,BTC-6SEP19-11000-P,9588.15,0.0,0.146,13.0,0.1585,4.1,108.13,2.00383,-13.28218,-1.63546,0.00017,-0.90838
172.45,SYN.ETH-27MAR20,1567249145372,open,0.21,495.0,0.145,0.253,0.203498,86.37,0.202,0.0,ETH-27MAR20-200-C,168.49,83.21,0.194,240.0,0.211,1.0,88.87,0.51785,-0.10707,0.33186,0.00352,0.53977
9597.37,SYN.BTC-6SEP19,1567249145362,open,0.0,239.5,0.0005,0.013,0.00313647,94.94,0.004,0.0,BTC-6SEP19-8000-P,9588.15,90.36,0.0025,99.8,0.0035,3.9,97.34,1.41296,-11.41513,-0.09449,0.0001,-0.05803
9660.88,SYN.BTC-25OCT19,1567249145362,open,0.16,0.0,0.1205,0.1915,0.15763705,80.92,None,0.0,BTC-25OCT19-9000-C,9588.15,77.35,0.1525,6.1,0.162,10.3,83.96,13.88878,-10.24067,7.13737,0.00012,0.64904
9728.58,BTC-27DEC19,1567249145376,open,1.08,5.7,1.024,1.14,1.07900477,87.76,0.661,0.0,BTC-27DEC19-20000-P,9588.15,66.31,1.0615,1.1,1.0955,1.1,100.78,10.79186,-4.01733,-61.67663,4e-05,-0.88408
9728.58,BTC-27DEC19,1567249145409,open,0.88,12.4,0.828,0.943,0.88293881,86.28,0.559,0.0,BTC-27DEC19-18000-P,9588.15,71.33,0.8655,1.1,0.898,1.1,96.49,13.24792,-4.84866,-54.24717,5e-05,-0.84368
168.59,SYN.ETH-6SEP19,1567249145473,open,0.01,459.0,0.001,0.023,0.007276,85.27,0.008,0.0,ETH-6SEP19-150-P,168.49,76.1,0.005,210.0,0.01,200.0,94.91,0.04486,-0.32548,-0.00368,0.0115,-0.12838
172.45,SYN.ETH-27MAR20,1567249145535,open,0.15,274.0,0.093,0.196,0.147219,86.44,0.148,0.0,ETH-27MAR20-240-C,168.49,84.34,0.141,240.0,0.153,1.0,88.38,0.51221,-0.10599,0.27824,0.00348,0.42916
168.59,SYN.ETH-6SEP19,1567249145598,open,0.07,0.0,0.037,0.1,0.070147,80.25,None,0.0,ETH-6SEP19-160-C,168.49,70.46,0.066,40.0,0.075,40.0,91.32,0.07276,-0.49689,0.01747,0.01982,0.71382
9630.86,BTC-27SEP19,1567249145666,open,0.28,722.3,0.262,0.3035,0.28240244,89.82,0.279,0.0,BTC-27SEP19-7000-C,9588.15,81.71,0.2795,6.8,0.285,7.0,96.14,3.74543,-6.25896,4.5482,6e-05,0.92377
9630.86,BTC-27SEP19,1567249145682,open,0.12,465.3,0.0905,0.1525,0.12290178,82.55,0.1185,0.0,BTC-27SEP19-9000-C,9588.15,79.12,0.1195,5.8,0.125,22.4,84.66,9.56773,-14.69322,3.81395,0.00017,0.66073
9630.86,BTC-27SEP19,1567249145690,open,0.19,871.3,0.1665,0.2205,0.19397265,84.52,0.176,0.0,BTC-27SEP19-8000-C,9588.15,79.5,0.1905,5.8,0.197,7.0,88.74,6.80549,-10.70097,4.45474,0.00012,0.82216
9630.86,BTC-27SEP19,1567249145703,open,0.27,99.7,0.233,0.3065,0.26885635,84.4,0.296,0.0,BTC-27SEP19-12000-P,9588.15,76.28,0.263,4.0,0.275,7.7,92.21,7.29038,-11.44696,-7.58805,0.00013,-0.80118
172.45,SYN.ETH-27MAR20,1567249145707,open,0.11,238.0,0.06,0.154,0.10812,86.63,0.112,0.0,ETH-27MAR20-280-C,168.49,85.13,0.104,220.0,0.112,1.0,88.02,0.4781,-0.09914,0.22901,0.00324,0.34018
168.71,SYN.ETH-13SEP19,1567249145769,open,0.29,0.0,0.267,0.313,0.290565,97.12,None,0.0,ETH-13SEP19-120-C,168.49,0.0,0.0,0.0,0.0,0.0,0.0,0.01856,-0.06999,0.04073,0.0019,0.97494
172.45,SYN.ETH-27MAR20,1567249145790,open,0.73,81.0,0.648,0.812,0.731779,86.63,0.582,0.0,ETH-27MAR20-280-P,168.49,0.0,0.0,0.0,0.0,0.0,0.0,0.4781,-0.09914,-1.37333,0.00324,-0.65982
168.59,SYN.ETH-6SEP19,1567249145795,open,0.04,817.0,0.011,0.064,0.036602,80.0,0.031,0.0,ETH-6SEP19-170-C,168.49,70.9,0.032,1.0,0.041,417.0,88.69,0.08529,-0.58066,0.01224,0.0233,0.48753
169.49,SYN.ETH-25OCT19,1567249145841,open,0.42,0.0,0.395,0.439,0.417332,89.41,None,0.0,ETH-25OCT19-100-C,168.49,0.0,0.0,0.0,0.0,0.0,0.0,0.06231,-0.05076,0.137,0.00161,0.95498
168.59,SYN.ETH-6SEP19,1567249145878,open,0.05,348.0,0.016,0.076,0.044962,80.0,0.05,0.0,ETH-6SEP19-170-P,168.49,72.17,0.041,2.0,0.048,320.0,86.0,0.08529,-0.58066,-0.01513,0.0233,-0.51247
172.45,SYN.ETH-27MAR20,1567249145881,open,0.08,187.0,0.041,0.125,0.08261,87.66,0.084,0.0,ETH-27MAR20-320-C,168.49,87.41,0.082,1.0,0.083,1.0,87.81,0.43451,-0.09117,0.18887,0.00291,0.274
168.71,SYN.ETH-13SEP19,1567249145891,open,0.0,0.0,0.001,0.011,0.001843,97.12,None,0.0,ETH-13SEP19-120-P,168.49,88.0,0.001,200.0,0.003,3.0,106.16,0.01856,-0.06999,-0.0016,0.0019,-0.02506
169.49,SYN.ETH-25OCT19,1567249145914,open,0.01,200.0,0.001,0.017,0.007343,89.41,0.008,0.0,ETH-25OCT19-100-P,168.49,88.47,0.007,200.0,0.011,160.0,98.36,0.06231,-0.05076,-0.01334,0.00161,-0.04502
172.45,SYN.ETH-27MAR20,1567249145961,open,0.94,1.0,0.851,1.025,0.93822,87.66,0.827,0.0,ETH-27MAR20-320-P,168.49,0.0,0.0,0.0,0.0,0.0,0.0,0.43451,-0.09117,-1.64237,0.00291,-0.726
168.71,SYN.ETH-13SEP19,1567249145976,open,0.23,0.0,0.208,0.261,0.234673,95.98,None,0.0,ETH-13SEP19-130-C,168.49,0.0,0.0,0.0,0.0,0.0,0.0,0.03885,-0.14482,0.04184,0.00403,0.93774
169.49,SYN.ETH-25OCT19,1567249145986,open,0.31,0.0,0.283,0.342,0.313974,86.45,None,0.0,ETH-25OCT19-120-C,168.49,0.0,0.0,0.0,0.316,1.0,89.1,0.12797,-0.10081,0.14537,0.00343,0.88448
172.45,SYN.ETH-27MAR20,1567249146048,open,0.07,26.0,0.031,0.108,0.068217,90.32,0.076,0.0,ETH-27MAR20-360-C,168.49,87.58,0.062,1.0,0.074,220.0,92.8,0.39708,-0.08585,0.16064,0.00258,0.23099
169.49,SYN.ETH-25OCT19,1567249146058,open,0.02,52.0,0.008,0.04,0.021987,86.45,0.02,0.0,ETH-25OCT19-120-P,168.49,83.78,0.02,240.0,0.025,240.0,90.36,0.12797,-0.10081,-0.03504,0.00343,-0.11552
170.7,ETH-27DEC19,1567249146121,open,0.44,0.0,0.411,0.467,0.440043,86.43,None,0.0,ETH-27DEC19-100-C,168.49,0.0,0.0,0.0,0.0,0.0,0.0,0.1589,-0.05826,0.25849,0.00195,0.90894
169.49,SYN.ETH-25OCT19,1567249146125,open,0.22,0.0,0.186,0.258,0.224283,83.7,None,0.0,ETH-25OCT19-140-C,168.49,0.0,0.0,0.0,0.229,1.0,87.72,0.19772,-0.15079,0.14001,0.00547,0.77374
168.71,SYN.ETH-13SEP19,1567249146133,open,0.18,0.0,0.151,0.212,0.182468,94.78,None,0.0,ETH-13SEP19-140-C,168.49,0.0,0.0,0.0,0.0,0.0,0.0,0.06624,-0.24382,0.04105,0.00696,0.8722
168.59,SYN.ETH-6SEP19,1567249146135,open,0.09,205.0,0.048,0.12,0.084102,80.03,0.095,0.0,ETH-6SEP19-180-P,168.49,67.54,0.079,300.0,0.087,40.0,86.75,0.07153,-0.48709,-0.02193,0.01953,-0.7238
170.7,ETH-27DEC19,1567249146193,open,0.03,200.0,0.01,0.045,0.025866,86.43,0.026,0.0,ETH-27DEC19-100-P,168.49,84.4,0.024,200.0,0.029,40.0,89.73,0.1589,-0.05826,-0.06446,0.00195,-0.09106
169.49,SYN.ETH-25OCT19,1567249146193,open,0.05,0.0,0.024,0.078,0.050298,83.7,None,0.0,ETH-25OCT19-140-P,168.49,81.73,0.048,240.0,0.053,1.0,86.01,0.19772,-0.15079,-0.07047,0.00547,-0.22626
172.45,SYN.ETH-27MAR20,1567249146208,open,0.05,211.0,0.021,0.089,0.052706,90.37,0.05,0.0,ETH-27MAR20-400-C,168.49,86.99,0.046,220.0,0.059,220.0,93.4,0.35061,-0.07585,0.13258,0.00228,0.18705
170.7,ETH-27DEC19,1567249146212,open,0.08,3062.0,0.042,0.118,0.080365,85.29,0.083,0.0,ETH-27DEC19-240-C,168.49,84.13,0.078,32.0,0.083,1.0,86.58,0.34805,-0.12592,0.13351,0.00434,0.32255
168.95,ETH-27SEP19,1567249146212,open,0.02,1465.0,0.004,0.035,0.016717,85.42,0.018,0.0,ETH-27SEP19-220-C,168.49,82.69,0.015,440.0,0.019,400.0,88.89,0.10836,-0.1722,0.01697,0.00604,0.15311
168.95,ETH-27SEP19,1567249146217,open,0.01,1752.0,0.001,0.015,0.00509,91.38,0.006,0.0,ETH-27SEP19-260-C,168.49,87.42,0.004,832.0,0.006,160.0,94.33,0.04968,-0.08447,0.00599,0.00259,0.05321
168.95,ETH-27SEP19,1567249146223,open,1.37,79.0,1.299,1.443,1.368454,124.69,0.351,0.0,ETH-27SEP19-400-P,168.49,0.0,0.0,0.0,0.0,0.0,0.0,0.01082,-0.02509,-0.29356,0.00041,-0.9913
168.95,ETH-27SEP19,1567249146223,open,0.01,9308.0,0.001,0.018,0.007468,89.93,0.008,0.0,ETH-27SEP19-120-P,168.49,85.36,0.006,260.0,0.009,310.0,94.25,0.05726,-0.0958,-0.00886,0.00303,-0.06375
170.7,ETH-27DEC19,1567249146223,open,0.0,2410.0,0.001,0.013,0.003477,99.5,0.002,0.0,ETH-27DEC19-640-C,168.49,86.31,0.001,500.0,0.002,200.0,93.06,0.04689,-0.01979,0.00909,0.0005,0.01996
170.7,ETH-27DEC19,1567249146228,open,3.22,0.0,3.096,3.356,3.220819,104.14,None,0.0,ETH-27DEC19-720-P,168.49,0.0,0.003,5.0,0.0,0.0,0.0,0.03951,-0.01745,-2.31781,0.0004,-0.98367
168.95,ETH-27SEP19,1567249146242,open,0.06,943.0,0.033,0.094,0.064075,83.53,0.062,0.0,ETH-27SEP19-180-C,168.49,79.7,0.06,240.0,0.067,1.0,86.26,0.18039,-0.28031,0.04602,0.01028,0.434
168.95,ETH-27SEP19,1567249146242,open,0.43,2548.0,0.383,0.479,0.429653,88.53,0.435,0.0,ETH-27SEP19-240-P,168.49,0.0,0.053,5.0,0.43,1.0,89.31,0.07441,-0.12256,-0.16666,0.004,-0.91006
168.95,ETH-27SEP19,1567249146244,open,0.22,2866.0,0.171,0.261,0.216322,83.53,0.216,0.0,ETH-27SEP19-200-P,168.49,71.34,0.206,200.0,0.219,1.0,86.52,0.14987,-0.23289,-0.11847,0.00854,-0.736
168.95,ETH-27SEP19,1567249146249,open,0.32,1768.0,0.273,0.366,0.318877,85.42,0.33,0.0,ETH-27SEP19-220-P,168.49,59.22,0.306,240.0,0.321,1.0,88.65,0.10836,-0.1722,-0.14502,0.00604,-0.84689
168.95,ETH-27SEP19,1567249146249,open,0.0,2200.0,0.001,0.012,0.00273,93.01,0.004,0.0,ETH-27SEP19-280-C,168.49,80.63,0.001,420.0,0.004,160.0,99.03,0.03151,-0.05453,0.00344,0.00161,0.03037
168.59,SYN.ETH-6SEP19,1567249146249,open,0.01,87.0,0.001,0.021,0.006515,80.72,0.01,0.0,ETH-6SEP19-190-C,168.49,70.52,0.004,201.0,0.009,400.0,89.29,0.04578,-0.31446,0.00341,0.01239,0.1322
168.95,ETH-27SEP19,1567249146251,open,0.9,607.0,0.84,0.956,0.895435,102.29,0.761,0.0,ETH-27SEP19-320-P,168.49,0.0,0.0,0.0,1.39,1.0,500.0,0.01766,-0.0336,-0.23389,0.00082,-0.9847
168.95,ETH-27SEP19,1567249146255,open,0.0,2907.0,0.001,0.011,0.000382,125.0,0.001,0.0,ETH-27SEP19-440-C,168.49,0.0,0.0,0.0,0.001,394.0,137.97,0.00543,-0.01262,0.00045,0.00021,0.004
168.95,ETH-27SEP19,1567249146257,open,2.08,12.0,1.989,2.173,2.077904,125.0,1.193,0.0,ETH-27SEP19-520-P,168.49,0.0,0.0,0.0,0.0,0.0,0.0,0.0013,-0.00303,-0.38279,5e-05,-0.99917
170.7,ETH-27DEC19,1567249146257,open,0.03,874.0,0.008,0.048,0.024678,91.21,0.029,0.0,ETH-27DEC19-360-C,168.49,89.7,0.023,3.0,0.026,220.0,92.36,0.19279,-0.07459,0.05194,0.00225,0.1189
170.7,ETH-27DEC19,1567249146257,open,2.52,0.0,2.414,2.635,2.519635,99.5,0.953,0.0,ETH-27DEC19-600-P,168.49,0.0,0.0,0.0,0.0,0.0,0.0,0.0589,-0.02486,-1.92585,0.00063,-0.97383
170.7,ETH-27DEC19,1567249146259,open,1.36,16.0,1.281,1.445,1.359728,91.43,1.195,0.0,ETH-27DEC19-400-P,168.49,0.0,0.001,8.0,0.0,0.0,0.0,0.14951,-0.05798,-1.25459,0.00174,-0.91608
168.95,ETH-27SEP19,1567249146261,open,0.3,52.0,0.271,0.322,0.297199,89.93,0.302,0.0,ETH-27SEP19-120-C,168.49,0.0,0.0,0.0,0.297,1.0,89.34,0.05726,-0.0958,0.0795,0.00303,0.93625
168.95,ETH-27SEP19,1567249146261,open,1.25,259.0,1.184,1.322,1.250482,123.72,0.94,0.0,ETH-27SEP19-380-P,168.49,0.0,0.009,8.0,0.0,0.0,0.0,0.01466,-0.03375,-0.27843,0.00056,-0.98767
168.95,ETH-27SEP19,1567249146261,open,1.13,233.0,1.069,1.2,1.132127,117.06,0.634,0.0,ETH-27SEP19-360-P,168.49,0.0,0.5,44.0,0.0,0.0,0.0,0.01546,-0.03367,-0.26361,0.00063,-0.98689
168.95,ETH-27SEP19,1567249146261,open,0.53,0.0,0.512,0.541,0.526978,112.57,None,0.0,ETH-27SEP19-80-C,168.49,0.0,0.003,10.0,0.0,0.0,0.0,0.00622,-0.01304,0.05827,0.00026,0.99534
170.7,ETH-27DEC19,1567249146263,open,0.28,2.0,0.231,0.315,0.276705,84.46,0.275,0.0,ETH-27DEC19-140-C,168.49,0.0,0.0,0.0,0.284,1.0,88.43,0.31268,-0.11201,0.25713,0.00393,0.74315
170.7,ETH-27DEC19,1567249146267,open,0.35,2.0,0.312,0.384,0.350448,84.52,0.346,0.0,ETH-27DEC19-120-C,168.49,0.0,0.101,1.0,0.358,1.0,89.8,0.24086,-0.08635,0.26709,0.00303,0.83494
170.7,ETH-27DEC19,1567249146279,open,0.49,814.0,0.419,0.551,0.486341,85.29,0.366,0.0,ETH-27DEC19-240-P,168.49,71.29,0.459,240.0,0.494,1.0,89.02,0.34805,-0.12592,-0.64157,0.00434,-0.67745
170.7,ETH-27DEC19,1567249146279,open,0.05,6935.0,0.027,0.082,0.053436,84.52,0.051,0.0,ETH-27DEC19-120-P,168.49,82.79,0.051,260.0,0.056,1.0,86.33,0.24086,-0.08635,-0.12045,0.00303,-0.16506
168.95,ETH-27SEP19,1567249146279,open,0.0,5774.0,0.001,0.012,0.002103,99.99,0.004,0.0,ETH-27SEP19-100-P,168.49,89.27,0.001,200.0,0.004,360.0,112.1,0.02153,-0.04006,-0.00266,0.00102,-0.0193
168.95,ETH-27SEP19,1567249146283,open,0.41,2.0,0.391,0.429,0.410212,99.99,0.414,0.0,ETH-27SEP19-100-C,168.49,0.0,0.003,10.0,0.0,0.0,0.0,0.02153,-0.04006,0.07097,0.00102,0.9807
170.7,ETH-27DEC19,1567249146283,open,2.75,0.0,2.641,2.874,2.752745,99.5,None,0.0,ETH-27DEC19-640-P,168.49,0.0,0.0,0.0,0.0,0.0,0.0,0.04689,-0.01979,-2.05777,0.0005,-0.98004
170.7,ETH-27DEC19,1567249146283,open,0.15,2438.0,0.105,0.2,0.153862,84.39,0.149,0.0,ETH-27DEC19-160-P,168.49,82.56,0.15,5.0,0.157,200.0,85.88,0.36075,-0.12914,-0.27992,0.00454,-0.35392
170.7,ETH-27DEC19,1567249146285,open,0.01,810.0,0.002,0.028,0.011866,92.74,0.011,0.0,ETH-27DEC19-440-C,168.49,89.94,0.01,420.0,0.014,220.0,95.65,0.1195,-0.04701,0.02799,0.00137,0.06263
170.7,ETH-27DEC19,1567249146285,open,0.04,1034.0,0.012,0.062,0.03432,88.64,0.038,0.0,ETH-27DEC19-320-C,168.49,85.42,0.03,255.0,0.038,220.0,91.25,0.23574,-0.08864,0.06912,0.00283,0.15971
168.95,ETH-27SEP19,1567249146287,open,0.0,3419.0,0.001,0.011,6e-06,125.0,0.001,0.0,ETH-27SEP19-640-C,168.49,0.0,0.0,0.0,0.001,437.0,181.94,0.00016,-0.00037,1e-05,1e-05,9e-05
170.7,ETH-27DEC19,1567249146287,open,0.3,2818.0,0.241,0.36,0.302719,84.5,0.296,0.0,ETH-27DEC19-200-P,168.49,81.08,0.295,24.0,0.306,200.0,85.95,0.38544,-0.13815,-0.46224,0.00485,-0.53578
168.95,ETH-27SEP19,1567249146289,open,0.0,2060.0,0.001,0.011,0.00049,112.57,0.003,0.0,ETH-27SEP19-80-P,168.49,0.0,0.0,0.0,0.001,10.0,123.16,0.00622,-0.01304,-0.00064,0.00026,-0.00466
168.95,ETH-27SEP19,1567249146289,open,3.27,0.0,3.138,3.393,3.261617,125.0,None,0.0,ETH-27SEP19-720-P,168.49,0.0,0.0,0.0,0.0,0.0,0.0,4e-05,-9e-05,-0.53015,0.0,-0.99998
168.95,ETH-27SEP19,1567249146291,open,0.12,496.0,0.08,0.149,0.116833,83.53,0.12,0.0,ETH-27SEP19-160-C,168.49,80.74,0.114,336.0,0.12,1.0,86.64,0.17182,-0.26699,0.06485,0.00979,0.63813
170.7,ETH-27DEC19,1567249146291,open,0.02,2041.0,0.004,0.035,0.016436,91.43,0.016,0.0,ETH-27DEC19-400-C,168.49,88.53,0.014,420.0,0.019,220.0,94.24,0.14951,-0.05798,0.0372,0.00174,0.08392
170.7,ETH-27DEC19,1567249146296,open,0.0,2672.0,0.001,0.012,0.002868,100.7,0.002,0.0,ETH-27DEC19-680-C,168.49,89.6,0.001,200.0,0.005,240.0,108.11,0.04011,-0.01713,0.00758,0.00042,0.01662
168.95,ETH-27SEP19,1567249146298,open,0.0,2951.0,0.001,0.011,0.001319,117.06,0.006,0.0,ETH-27SEP19-360-C,168.49,0.0,0.0,0.0,0.002,200.0,123.46,0.01546,-0.03367,0.00147,0.00063,0.01311
168.95,ETH-27SEP19,1567249146298,open,0.0,5728.0,0.001,0.011,0.00089,124.69,0.001,0.0,ETH-27SEP19-400-C,168.49,0.0,0.0,0.0,0.001,309.0,126.34,0.01082,-0.02509,0.00097,0.00041,0.0087
170.7,ETH-27DEC19,1567249146315,open,0.13,813.0,0.084,0.173,0.131072,84.5,0.134,0.0,ETH-27DEC19-200-C,168.49,82.69,0.127,24.0,0.134,200.0,85.79,0.38544,-0.13815,0.18366,0.00485,0.46422
168.95,ETH-27SEP19,1567249146315,open,3.5,0.0,3.368,3.637,3.498373,125.0,None,0.0,ETH-27SEP19-760-P,168.49,0.0,0.0,0.0,0.0,0.0,0.0,2e-05,-5e-05,-0.5596,0.0,-0.99999
168.95,ETH-27SEP19,1567249146315,open,0.0,1938.0,0.001,0.011,0.001006,106.06,0.003,0.0,ETH-27SEP19-340-C,168.49,0.0,0.0,0.0,0.002,202.0,115.76,0.01341,-0.02646,0.00126,0.0006,0.01113
168.95,ETH-27SEP19,1567249146315,open,0.0,1897.0,0.001,0.011,0.001296,123.72,0.004,0.0,ETH-27SEP19-380-C,168.49,0.0,0.0,0.0,0.001,200.0,119.99,0.01466,-0.03375,0.00137,0.00056,0.01233
168.95,ETH-27SEP19,1567249146317,open,1.84,0.0,1.759,1.929,1.84124,125.0,None,0.0,ETH-27SEP19-480-P,168.49,0.0,0.0,0.0,0.0,0.0,0.0,0.00266,-0.00618,-0.35323,0.0001,-0.99819
168.95,ETH-27SEP19,1567249146320,open,0.0,3756.0,0.001,0.011,0.001568,95.22,0.002,0.0,ETH-27SEP19-300-C,168.49,0.0,0.0,0.0,0.003,360.0,104.62,0.02046,-0.03624,0.00207,0.00102,0.01817
168.95,ETH-27SEP19,1567249146323,open,0.13,6520.0,0.088,0.169,0.129479,83.53,0.127,0.0,ETH-27SEP19-180-P,168.49,81.2,0.127,2.0,0.13,10.0,84.01,0.18039,-0.28031,-0.08652,0.01028,-0.566
170.7,ETH-27DEC19,1567249146325,open,3.45,0.0,3.323,3.598,3.455092,107.01,None,0.0,ETH-27DEC19-760-P,168.49,0.0,0.0,0.0,0.0,0.0,0.0,0.03823,-0.01735,-2.4473,0.00038,-0.98429
170.7,ETH-27DEC19,1567249146325,open,0.0,2573.0,0.001,0.012,0.002893,104.14,0.003,0.0,ETH-27DEC19-720-C,168.49,92.68,0.001,690.0,0.004,200.0,108.39,0.03951,-0.01745,0.00741,0.0004,0.01633
168.95,ETH-27SEP19,1567249146325,open,0.0,6399.0,0.001,0.011,7.1e-05,125.0,0.001,0.0,ETH-27SEP19-520-C,168.49,0.0,0.0,0.0,0.001,440.0,157.9,0.0013,-0.00303,9e-05,5e-05,0.00083
169.49,SYN.ETH-25OCT19,1567249146331,open,0.1,1.0,0.06,0.137,0.098966,83.5,0.104,0.0,ETH-25OCT19-160-P,168.49,80.78,0.095,240.0,0.102,200.0,85.58,0.24747,-0.18828,-0.11873,0.00686,-0.36699
168.59,SYN.ETH-6SEP19,1567249146356,open,0.14,611.0,0.097,0.171,0.133506,80.72,0.15,0.0,ETH-6SEP19-190-P,168.49,30.0,0.127,200.0,0.139,200.0,98.58,0.04578,-0.31446,-0.02717,0.01239,-0.8678
170.7,ETH-27DEC19,1567249146397,open,0.17,218.0,0.118,0.209,0.167367,83.84,0.17,0.0,ETH-27DEC19-180-C,168.49,82.35,0.164,24.0,0.172,202.0,85.91,0.38389,-0.13653,0.2112,0.00487,0.55049
169.49,SYN.ETH-25OCT19,1567249146410,open,0.1,1.0,0.065,0.139,0.103843,83.5,0.101,0.0,ETH-25OCT19-180-C,168.49,80.37,0.099,336.0,0.108,240.0,86.19,0.2621,-0.19941,0.09851,0.00727,0.49044
169.49,SYN.ETH-25OCT19,1567249146478,open,0.17,0.0,0.119,0.211,0.165862,83.5,None,0.0,ETH-25OCT19-180-P,168.49,81.0,0.162,240.0,0.167,200.0,84.24,0.2621,-0.19941,-0.17211,0.00727,-0.50956
168.59,SYN.ETH-6SEP19,1567249146506,open,0.0,652.0,0.001,0.012,0.002515,82.92,0.004,0.0,ETH-6SEP19-200-C,168.49,69.95,0.001,1.0,0.004,205.0,91.78,0.02483,-0.17525,0.00151,0.00655,0.05807
170.7,ETH-27DEC19,1567249146531,open,0.1,203.0,0.06,0.143,0.102574,84.94,0.107,0.0,ETH-27DEC19-220-C,168.49,83.3,0.099,32.0,0.106,200.0,86.51,0.37168,-0.13392,0.15741,0.00465,0.38811
169.49,SYN.ETH-25OCT19,1567249146547,open,0.07,2.0,0.035,0.1,0.068371,83.83,0.066,0.0,ETH-25OCT19-200-C,168.49,80.81,0.064,368.0,0.072,1.0,86.31,0.24688,-0.18857,0.07543,0.00682,0.36439
170.7,ETH-27DEC19,1567249146606,open,0.39,2.0,0.326,0.453,0.391384,84.94,0.389,0.0,ETH-27DEC19-220-P,168.49,81.54,0.384,240.0,0.399,241.0,88.43,0.37168,-0.13392,-0.55308,0.00465,-0.61189
169.49,SYN.ETH-25OCT19,1567249146610,open,0.25,1.0,0.196,0.298,0.248393,83.83,0.232,0.0,ETH-25OCT19-200-P,168.49,76.61,0.238,240.0,0.252,200.0,86.3,0.24688,-0.18857,-0.22526,0.00682,-0.63561
172.45,SYN.ETH-27MAR20,1567249146641,open,1.81,0.0,1.717,1.927,1.818497,92.17,None,0.0,ETH-27MAR20-480-P,168.49,0.0,0.003,10.0,0.0,0.0,0.0,0.27811,-0.06136,-2.65175,0.00177,-0.86854
168.71,SYN.ETH-13SEP19,1567249146643,open,0.02,9.0,0.005,0.042,0.0203,85.22,0.02,0.0,ETH-13SEP19-150-P,168.49,78.96,0.017,200.0,0.023,200.0,90.17,0.09073,-0.30028,-0.01357,0.0106,-0.20771
170.7,ETH-27DEC19,1567249146730,open,0.0,2410.0,0.001,0.013,0.003477,99.5,0.002,0.0,ETH-27DEC19-640-C,168.49,86.31,0.001,300.0,0.002,200.0,93.06,0.04689,-0.01979,0.00909,0.0005,0.01996
170.7,ETH-27DEC19,1567249146854,open,0.0,2410.0,0.001,0.013,0.003477,99.5,0.002,0.0,ETH-27DEC19-640-C,168.49,86.31,0.001,500.0,0.002,200.0,93.06,0.04689,-0.01979,0.00909,0.0005,0.01996
168.71,SYN.ETH-13SEP19,1567249146861,open,0.06,2.0,0.027,0.087,0.057774,81.87,0.048,0.0,ETH-13SEP19-170-C,168.49,76.84,0.054,1.0,0.062,200.0,87.52,0.12637,-0.40176,0.02697,0.01537,0.51092
168.71,SYN.ETH-13SEP19,1567249146936,open,0.07,0.0,0.032,0.099,0.065418,81.87,None,0.0,ETH-13SEP19-170-P,168.49,74.64,0.06,2.0,0.068,200.0,85.32,0.12637,-0.40176,-0.033,0.01537,-0.48908
172.45,SYN.ETH-27MAR20,1567249146975,open,2.27,0.0,2.161,2.389,2.27033,92.55,None,0.0,ETH-27MAR20-560-P,168.49,0.0,0.01,10.0,0.0,0.0,0.0,0.21429,-0.04748,-3.13718,0.00136,-0.9086
172.45,SYN.ETH-27MAR20,1567249147176,open,2.49,0.0,2.384,2.622,2.498279,92.86,None,0.0,ETH-27MAR20-600-P,168.49,0.0,0.02,10.0,0.0,0.0,0.0,0.18892,-0.04199,-3.37607,0.0012,-0.92272
168.71,SYN.ETH-13SEP19,1567249147241,open,0.15,0.0,0.106,0.187,0.146749,81.91,None,0.0,ETH-13SEP19-190-P,168.49,63.92,0.137,200.0,0.152,200.0,90.58,0.09925,-0.31569,-0.05377,0.01207,-0.75665
168.71,SYN.ETH-13SEP19,1567249147320,open,0.01,316.0,0.002,0.029,0.01185,83.06,0.01,0.0,ETH-13SEP19-200-C,168.49,78.8,0.01,200.0,0.015,400.0,89.77,0.07571,-0.24419,0.00856,0.00908,0.15563
168.59,SYN.ETH-6SEP19,1567249147523,open,0.0,30.0,0.001,0.011,0.000405,125.0,0.001,0.0,ETH-6SEP19-250-C,168.49,0.0,0.0,0.0,0.001,250.0,139.98,0.00473,-0.05035,0.00021,0.00083,0.00809
168.71,SYN.ETH-13SEP19,1567249147548,open,0.25,0.0,0.211,0.294,0.251139,83.32,None,0.0,ETH-13SEP19-210-P,168.49,0.0,0.0,0.0,0.0,0.0,0.0,0.05284,-0.17098,-0.06891,0.00632,-0.90671
