underlying_price,underlying_index,timestamp,state,settlement_price,open_interest,min_price,max_price,mark_price,mark_iv,last_price,interest_rate,instrument_name,index_price,bid_iv,best_bid_price,best_bid_amount,best_ask_price,best_ask_amount,ask_iv,vega,theta,rho,gamma,delta
188.66,SYN.ETH-6SEP19,1566644340206,open,0.0,0.0,0.001,0.012,0.002945,94.69,None,0.0,ETH-6SEP19-260-C,188.3,79.62,0.001,200.0,0.005,200.0,104.84,0.0325,-0.11952,0.00268,0.00273,0.04321
191.89,ETH-27DEC19,1566644340212,open,0.0,2514.0,0.001,0.014,0.0048,104.11,0.007,0.0,ETH-27DEC19-760-C,188.3,98.04,0.003,200.0,0.007,150.0,109.72,0.06615,-0.02758,0.01343,0.0005,0.02525
191.89,ETH-27DEC19,1566644340214,open,0.14,2149.0,0.085,0.18,0.135332,92.97,0.135,0.0,ETH-27DEC19-240-C,188.3,91.09,0.131,100.0,0.139,318.0,94.55,0.44343,-0.16506,0.20298,0.00379,0.44452
189.23,ETH-27SEP19,1566644340214,open,0.06,1430.0,0.024,0.082,0.052923,89.19,0.056,0.0,ETH-27SEP19-220-C,188.3,86.56,0.05,521.0,0.056,649.0,91.95,0.21069,-0.27738,0.05002,0.00711,0.33775
188.46,SYN.ETH-30AUG19,1566644340214,open,0.0,2280.0,0.001,0.011,2.3e-05,125.0,0.003,0.0,ETH-30AUG19-320-C,188.3,0.0,0.0,0.0,0.001,250.0,179.38,0.00047,-0.00427,2e-05,7e-05,0.00056
188.46,SYN.ETH-30AUG19,1566644340216,open,0.07,1156.0,0.044,0.116,0.07992,81.49,0.066,0.0,ETH-30AUG19-200-P,188.3,72.43,0.076,240.0,0.086,642.0,94.95,0.0832,-0.57698,-0.02365,0.01786,-0.6995
188.46,SYN.ETH-30AUG19,1566644340216,open,0.01,1445.0,0.001,0.026,0.008981,83.64,0.016,0.0,ETH-30AUG19-210-C,188.3,80.49,0.008,1.0,0.01,160.0,86.79,0.05979,-0.42556,0.00479,0.0125,0.16687
189.23,ETH-27SEP19,1566644340218,open,0.57,851.0,0.542,0.65,0.594419,96.13,0.56,0.0,ETH-27SEP19-300-P,188.3,0.0,0.048,1.0,0.97,5.0,442.49,0.08306,-0.11785,-0.26654,0.0026,-0.92323
189.23,ETH-27SEP19,1566644340220,open,0.04,8525.0,0.018,0.067,0.040681,89.11,0.04,0.0,ETH-27SEP19-160-P,188.3,87.27,0.039,200.0,0.043,555.0,91.64,0.17311,-0.22769,-0.04675,0.00585,-0.22549
189.23,ETH-27SEP19,1566644340220,open,0.0,839.0,0.001,0.011,7.6e-05,124.99,0.001,0.0,ETH-27SEP19-60-P,188.3,0.0,0.0,0.0,0.001,200.0,163.85,0.00134,-0.00248,-0.00013,3e-05,-0.00067
188.46,SYN.ETH-30AUG19,1566644340220,open,0.35,0.0,0.34,0.424,0.380032,106.38,0.218,0.0,ETH-30AUG19-260-P,188.3,0.0,0.0,0.0,0.0,0.0,0.0,0.00652,-0.05901,-0.04156,0.00107,-0.98974
188.46,SYN.ETH-30AUG19,1566644340220,open,0.32,0.0,0.289,0.332,0.310635,125.0,None,0.0,ETH-30AUG19-130-C,188.3,0.0,0.0,0.0,0.0,0.0,0.0,0.00509,-0.05416,0.02068,0.00071,0.99226
188.46,SYN.ETH-30AUG19,1566644340220,open,0.87,0.0,0.855,0.969,0.91019,124.95,None,0.0,ETH-30AUG19-360-P,188.3,0.0,0.0,0.0,0.0,0.0,0.0,3e-05,-0.00034,-0.05795,0.0,-0.99997
188.46,SYN.ETH-30AUG19,1566644340220,open,0.05,824.0,0.011,0.065,0.037448,81.49,0.045,0.0,ETH-30AUG19-190-C,188.3,74.68,0.034,633.0,0.041,753.0,88.51,0.09536,-0.66128,0.01371,0.02047,0.48929
10006.36,SYN.BTC-6SEP19,1566644340222,open,0.1,0.0,0.0935,0.159,0.12632767,82.74,None,0.0,BTC-6SEP19-11000-P,9987.95,77.56,0.123,38.4,0.132,26.4,91.31,6.50985,-20.91563,-2.92555,0.00022,-0.70248
189.23,ETH-27SEP19,1566644340224,open,0.0,9106.0,0.001,0.015,0.00533,93.82,0.005,0.0,ETH-27SEP19-120-P,188.3,92.57,0.005,200.0,0.006,160.0,96.23,0.05092,-0.07052,-0.00818,0.00163,-0.04124
189.23,ETH-27SEP19,1566644340224,open,1.08,79.0,1.053,1.184,1.115663,107.77,0.351,0.0,ETH-27SEP19-400-P,188.3,0.0,0.0,0.0,0.0,0.0,0.0,0.02453,-0.03902,-0.36854,0.00068,-0.98282
191.89,ETH-27DEC19,1566644340224,open,0.01,2129.0,0.001,0.021,0.0082,101.45,0.008,0.0,ETH-27DEC19-640-C,188.3,96.79,0.006,200.0,0.01,110.0,104.7,0.09971,-0.04051,0.02188,0.00078,0.04153
189.23,ETH-27SEP19,1566644340242,open,0.28,2554.0,0.251,0.351,0.301225,90.19,0.28,0.0,ETH-27SEP19-240-P,188.3,41.7,0.27,5.0,0.41,1.0,187.35,0.17649,-0.23493,-0.18754,0.00589,-0.7666
191.89,ETH-27DEC19,1566644340246,open,0.02,1252.0,0.006,0.045,0.021661,99.19,0.02,0.0,ETH-27DEC19-480-C,188.3,96.48,0.019,200.0,0.023,110.0,100.49,0.19481,-0.07737,0.05044,0.00156,0.0985
188.46,SYN.ETH-30AUG19,1566644340246,open,0.0,873.0,0.001,0.011,9.7e-05,125.0,0.003,0.0,ETH-30AUG19-300-C,188.3,0.0,0.0,0.0,0.001,250.0,160.82,0.00163,-0.01739,6e-05,0.00023,0.00217
188.46,SYN.ETH-30AUG19,1566644340246,open,0.0,10.0,0.001,0.011,0.000461,95.4,0.002,0.0,ETH-30AUG19-250-C,188.3,0.0,0.0,0.0,0.001,50.0,106.04,0.00719,-0.05838,0.00033,0.00132,0.01149
189.23,ETH-27SEP19,1566644340248,open,0.2,2065.0,0.167,0.262,0.215468,89.14,0.193,0.0,ETH-27SEP19-220-P,188.3,83.27,0.209,200.0,0.223,110.0,95.84,0.21065,-0.27715,-0.15418,0.00711,-0.6624
188.46,SYN.ETH-30AUG19,1566644340248,open,0.25,382.0,0.237,0.315,0.274374,91.9,0.303,0.0,ETH-30AUG19-240-P,188.3,0.0,0.0,0.0,0.0,0.0,0.0,0.01253,-0.09801,-0.038,0.00238,-0.97804
189.23,ETH-27SEP19,1566644340250,open,0.01,2476.0,0.003,0.03,0.01351,93.85,0.018,0.0,ETH-27SEP19-280-C,188.3,92.95,0.013,200.0,0.015,160.0,96.39,0.10828,-0.14999,0.01692,0.00347,0.10983
189.23,ETH-27SEP19,1566644340252,open,0.67,607.0,0.644,0.756,0.697691,99.61,0.761,0.0,ETH-27SEP19-320-P,188.3,0.0,0.0,0.0,1.39,1.0,500.0,0.06606,-0.09712,-0.28813,0.002,-0.94289
188.46,SYN.ETH-30AUG19,1566644340252,open,0.0,4133.0,0.001,0.011,0.0,125.0,0.002,0.0,ETH-30AUG19-400-C,188.3,0.0,0.0,0.0,0.001,250.0,241.1,0.0,-1e-05,0.0,0.0,0.0
189.23,ETH-27SEP19,1566644340255,open,0.0,2913.0,0.001,0.011,0.001892,119.41,0.003,0.0,ETH-27SEP19-440-C,188.3,110.55,0.001,2.0,0.003,1060.0,127.01,0.02341,-0.04126,0.00253,0.00059,0.01627
191.89,ETH-27DEC19,1566644340257,open,2.08,0.0,2.039,2.246,2.137726,101.97,0.953,0.0,ETH-27DEC19-600-P,188.3,0.0,0.0,0.0,0.0,0.0,0.0,0.12189,-0.04977,-2.0249,0.00095,-0.94665
191.89,ETH-27DEC19,1566644340257,open,0.05,414.0,0.02,0.083,0.049718,96.21,0.051,0.0,ETH-27DEC19-360-C,188.3,93.29,0.045,32.0,0.05,700.0,96.38,0.31553,-0.12155,0.09957,0.0026,0.20138
188.46,SYN.ETH-30AUG19,1566644340257,open,0.27,0.0,0.235,0.28,0.257673,105.34,None,0.0,ETH-30AUG19-140-C,188.3,0.0,0.0,0.0,0.0,0.0,0.0,0.00691,-0.06198,0.02219,0.00115,0.98902
191.89,ETH-27DEC19,1566644340259,open,1.48,21.0,1.437,1.617,1.523355,99.45,0.629,0.0,ETH-27DEC19-480-P,188.3,0.0,0.001,7.0,0.0,0.0,0.0,0.19602,-0.07806,-1.59138,0.00156,-0.90066
189.23,ETH-27SEP19,1566644340261,open,0.59,0.0,0.565,0.591,0.577767,115.5,None,0.0,ETH-27SEP19-80-C,188.3,0.0,0.003,10.0,0.0,0.0,0.0,0.00738,-0.01258,0.07339,0.00019,0.99564
189.23,ETH-27SEP19,1566644340261,open,0.0,7916.0,0.001,0.011,2.4e-05,125.0,0.001,0.0,ETH-27SEP19-760-C,188.3,0.0,0.0,0.0,0.001,200.0,167.97,0.00058,-0.00106,4e-05,1e-05,0.00027
189.23,ETH-27SEP19,1566644340261,open,0.87,233.0,0.848,0.968,0.905597,102.84,0.634,0.0,ETH-27SEP19-360-P,188.3,0.0,0.5,44.0,0.0,0.0,0.0,0.0381,-0.05783,-0.32958,0.00111,-0.97103
189.23,ETH-27SEP19,1566644340261,open,0.38,47.0,0.348,0.393,0.371215,93.94,0.689,0.0,ETH-27SEP19-120-C,188.3,0.0,0.0,0.0,0.0,0.0,0.0,0.05109,-0.07084,0.10316,0.00164,0.95859
189.23,ETH-27SEP19,1566644340261,open,0.97,259.0,0.95,1.076,1.010465,105.02,0.94,0.0,ETH-27SEP19-380-P,188.3,0.0,0.009,8.0,0.0,0.0,0.0,0.02995,-0.04642,-0.34927,0.00086,-0.97827
188.46,SYN.ETH-30AUG19,1566644340261,open,0.17,0.0,0.126,0.182,0.15456,89.75,None,0.0,ETH-30AUG19-160-C,188.3,0.0,0.0,0.0,0.0,0.0,0.0,0.03121,-0.23836,0.0236,0.00608,0.93252
191.89,ETH-27DEC19,1566644340263,open,1.68,37.0,1.637,1.824,1.726642,99.87,0.707,0.0,ETH-27DEC19-520-P,188.3,0.0,0.002,25.0,0.0,0.0,0.0,0.16464,-0.06583,-1.73845,0.00131,-0.92141
188.46,SYN.ETH-30AUG19,1566644340263,open,0.22,0.0,0.18,0.23,0.205511,97.75,None,0.0,ETH-30AUG19-150-C,188.3,0.0,0.0,0.0,0.0,0.0,0.0,0.01561,-0.12989,0.02324,0.00279,0.97145
188.46,SYN.ETH-30AUG19,1566644340263,open,0.67,0.0,0.649,0.75,0.697968,125.0,None,0.0,ETH-30AUG19-320-P,188.3,0.0,0.0,0.0,0.0,0.0,0.0,0.00047,-0.00501,-0.0515,7e-05,-0.99944
189.23,ETH-27SEP19,1566644340265,open,0.0,3439.0,0.001,0.011,7.2e-05,125.0,0.001,0.0,ETH-27SEP19-680-C,188.3,0.0,0.0,0.0,0.001,200.0,156.68,0.00152,-0.0028,0.00012,4e-05,0.00077
10174.98,BTC-27DEC19,1566644340265,open,0.02,119.2,0.008,0.0385,0.02098293,88.02,0.0215,0.0,BTC-27DEC19-5500-P,9988.46,87.42,0.0205,3.9,0.0235,6.0,91.04,8.26976,-2.91437,-3.27862,3e-05,-0.0732
10174.98,BTC-27DEC19,1566644340265,open,0.23,209.6,0.197,0.3055,0.25252541,87.26,0.2505,0.0,BTC-27DEC19-11000-P,9988.46,85.96,0.2495,3.4,0.2565,1.6,88.97,23.61876,-8.25214,-24.77599,8e-05,-0.4592
10036.32,BTC-27SEP19,1566644340265,open,0.21,91.6,0.2005,0.282,0.24125505,89.43,0.1885,0.0,BTC-27SEP19-12000-P,9988.46,85.86,0.2375,8.3,0.249,8.3,96.61,10.65696,-14.0664,-8.75229,0.00013,-0.69836
10036.32,BTC-27SEP19,1566644340265,open,0.03,360.2,0.0105,0.054,0.02960555,90.98,0.03,0.0,BTC-27SEP19-13000-C,9988.46,90.29,0.029,24.8,0.0315,80.9,93.1,8.89341,-11.94259,1.71135,0.0001,0.21333
10036.32,BTC-27SEP19,1566644340265,open,0.0,143.5,0.0005,0.0105,0.00076969,118.89,0.0015,0.0,BTC-27SEP19-26000-C,9988.46,113.74,0.0005,6.5,0.0015,56.2,128.16,0.61117,-1.07253,0.05994,1e-05,0.0072
10174.98,BTC-27DEC19,1566644340265,open,0.02,232.1,0.0045,0.0415,0.01826714,97.28,0.017,0.0,BTC-27DEC19-26000-C,9988.46,95.88,0.017,7.0,0.02,6.0,99.12,9.36187,-3.6465,2.36615,3e-05,0.08624
10174.98,BTC-27DEC19,1566644340266,open,0.17,417.0,0.1395,0.2395,0.19063283,87.0,0.1855,0.0,BTC-27DEC19-10000-P,9988.46,85.6,0.1875,19.6,0.1945,1.8,88.73,22.77503,-7.9337,-20.08966,7e-05,-0.38647
10036.32,BTC-27SEP19,1566644340267,open,0.0,287.3,0.0005,0.011,0.00117054,115.7,0.003,0.0,BTC-27SEP19-24000-C,9988.46,105.5,0.0005,9.3,0.002,57.5,123.53,0.87169,-1.48862,0.08973,1e-05,0.0108
10036.32,BTC-27SEP19,1566644340266,open,0.0,330.4,0.0005,0.011,0.00139979,115.04,0.001,0.0,BTC-27SEP19-4750-P,9988.46,109.77,0.001,6.8,0.002,30.0,121.35,0.84689,-1.43799,-0.11039,1e-05,-0.01045
10174.98,BTC-27DEC19,1566644340267,open,0.01,344.8,0.0005,0.016,0.00635321,94.58,0.0065,0.0,BTC-27DEC19-4000-P,9988.46,91.97,0.0055,4.6,0.0075,6.0,97.81,3.44946,-1.30635,-1.08283,1e-05,-0.02475
10174.98,BTC-27DEC19,1566644340267,open,0.15,197.3,0.0945,0.1885,0.14290879,88.12,0.155,0.0,BTC-27DEC19-12000-C,9988.46,86.66,0.1395,23.7,0.147,3.6,89.88,23.69692,-8.36109,11.56536,8e-05,0.47514
10174.98,BTC-27DEC19,1566644340268,open,0.09,437.1,0.044,0.1265,0.0841648,90.07,0.093,0.0,BTC-27DEC19-15000-C,9988.46,89.27,0.0825,3.4,0.0865,0.2,91.19,21.22777,-7.65589,8.14079,7e-05,0.31802
10036.32,BTC-27SEP19,1566644340267,open,0.0,573.4,0.0005,0.0115,0.00176216,111.59,0.001,0.0,BTC-27SEP19-5000-P,9988.46,102.85,0.001,157.1,0.0025,30.0,117.95,1.03888,-1.71115,-0.13961,1e-05,-0.01323
10036.32,BTC-27SEP19,1566644340268,open,0.43,713.5,0.3915,0.4245,0.40713859,102.5,0.416,0.0,BTC-27SEP19-6000-C,9988.46,0.0,0.0095,10.0,0.5135,0.3,288.24,2.39819,-3.62816,5.19032,3e-05,0.96436
10174.98,BTC-27DEC19,1566644340267,open,1.49,0.0,1.5105,1.6445,1.57348189,97.2,None,0.0,BTC-27DEC19-26000-P,9988.46,0.0,0.0045,10.0,2.333,0.2,499.85,9.34174,-3.63569,-86.59249,3e-05,-0.91401
10036.83,BTC-27SEP19,1566644340268,open,0.0,734.1,0.0005,0.0145,0.00496013,102.48,0.0055,0.0,BTC-27SEP19-6000-P,9988.46,98.22,0.004,54.5,0.006,20.0,106.61,2.39627,-3.6245,-0.3779,3e-05,-0.03561
10175.49,BTC-27DEC19,1566644340268,open,0.22,502.1,0.159,0.252,0.20785792,87.0,0.2115,0.0,BTC-27DEC19-10000-C,9988.46,85.95,0.2055,21.9,0.21,0.8,87.96,22.77546,-7.93416,14.12402,7e-05,0.61357
10175.49,BTC-27DEC19,1566644340268,open,0.01,250.3,0.0045,0.0285,0.01437828,89.43,0.016,0.0,BTC-27DEC19-5000-P,9988.46,88.82,0.014,3.9,0.015,0.1,90.41,6.39357,-2.28938,-2.33263,2e-05,-0.05263
10175.49,BTC-27DEC19,1566644340268,open,0.01,348.0,0.0005,0.017,0.00518745,104.76,0.005,0.0,BTC-27DEC19-40000-C,9988.46,101.21,0.004,2.0,0.0065,9.9,108.1,3.70468,-1.55399,0.75779,1e-05,0.02696
10175.49,BTC-27DEC19,1566644340269,open,0.27,165.1,0.206,0.2945,0.25236472,87.0,0.2615,0.0,BTC-27DEC19-9000-C,9988.46,85.13,0.2485,3.5,0.256,7.0,88.77,20.99941,-7.31539,15.23316,7e-05,0.68994
10175.49,BTC-27DEC19,1566644340268,open,0.36,110.4,0.3355,0.4545,0.39597848,88.4,0.3295,0.0,BTC-27DEC19-13000-P,9988.46,85.99,0.3905,9.9,0.4045,4.9,92.12,23.20049,-8.2117,-34.15813,7e-05,-0.58521
10175.49,BTC-27DEC19,1566644340269,open,0.01,298.3,0.002,0.0295,0.01152301,98.91,0.013,0.0,BTC-27DEC19-30000-C,9988.46,97.34,0.0105,2.6,0.013,1.0,101.04,6.8192,-2.70061,1.58657,2e-05,0.0571
10036.83,BTC-27SEP19,1566644340270,open,0.0,555.2,0.0005,0.0115,0.00166042,110.63,0.0025,0.0,BTC-27SEP19-22000-C,9988.46,104.01,0.001,124.9,0.0025,55.6,116.79,1.1834,-1.93231,0.12784,1e-05,0.01538
9996.35,SYN.BTC-30AUG19,1566644340269,open,0.0,138.7,0.0005,0.0105,0.00095374,111.47,0.001,0.0,BTC-30AUG19-7500-P,9988.46,101.56,0.0005,5.0,0.0015,14.9,119.95,0.55527,-5.26723,-0.03013,3e-05,-0.01777
191.89,ETH-27DEC19,1566644340272,open,0.43,0.0,0.382,0.448,0.417253,90.88,None,0.0,ETH-27DEC19-120-C,188.3,0.0,0.1,10.0,2.47,1.0,500.0,0.23143,-0.08421,0.30032,0.00202,0.8747
9996.35,SYN.BTC-30AUG19,1566644340267,open,0.0,76.7,0.0005,0.015,0.00406432,92.15,0.002,0.0,BTC-30AUG19-8500-P,9988.46,88.87,0.0035,3.2,0.0055,55.6,99.65,1.78043,-13.96199,-0.12592,0.00012,-0.07418
9996.35,SYN.BTC-30AUG19,1566644340268,open,0.12,1.5,0.129,0.1855,0.15586458,85.75,0.148,0.0,BTC-30AUG19-11500-P,9988.46,64.69,0.152,12.0,0.1615,12.0,106.02,2.36432,-17.25249,-1.68512,0.00017,-0.89132
10006.36,SYN.BTC-6SEP19,1566644340265,open,0.13,0.0,0.1345,0.2,0.16695206,84.29,None,0.0,BTC-6SEP19-11500-P,9988.46,76.75,0.163,11.8,0.1735,11.8,95.78,5.44587,-17.82529,-3.37099,0.00018,-0.78805
188.46,SYN.ETH-30AUG19,1566644340269,open,0.0,355.0,0.001,0.011,0.001919,88.76,0.002,0.0,ETH-30AUG19-230-C,188.3,79.36,0.001,205.0,0.003,200.0,96.86,0.02202,-0.16632,0.00126,0.00434,0.04342
188.46,SYN.ETH-30AUG19,1566644340273,open,0.0,1076.0,0.001,0.011,0.000915,91.9,0.002,0.0,ETH-30AUG19-240-C,188.3,0.0,0.0,0.0,0.002,590.0,104.4,0.01253,-0.09801,0.00064,0.00238,0.02196
191.89,ETH-27DEC19,1566644340278,open,0.37,812.0,0.317,0.451,0.386179,93.02,0.395,0.0,ETH-27DEC19-240-P,188.3,89.04,0.377,24.0,0.396,120.0,97.27,0.44346,-0.16517,-0.6181,0.00378,-0.55532
191.89,ETH-27DEC19,1566644340278,open,0.04,5328.0,0.02,0.068,0.042676,90.93,0.037,0.0,ETH-27DEC19-120-P,188.3,89.53,0.041,400.0,0.043,140.0,91.2,0.23153,-0.0843,-0.11032,0.00202,-0.12537
189.23,ETH-27SEP19,1566644340278,open,0.0,5253.0,0.001,0.011,0.001454,100.09,0.002,0.0,ETH-27SEP19-100-P,188.3,94.89,0.001,200.0,0.003,760.0,112.42,0.01854,-0.02739,-0.00244,0.00056,-0.01241
188.46,SYN.ETH-30AUG19,1566644340280,open,0.2,2.0,0.185,0.262,0.222317,88.76,0.144,0.0,ETH-30AUG19-230-P,188.3,0.0,0.0,0.0,0.0,0.0,0.0,0.02202,-0.16632,-0.03577,0.00434,-0.95658
188.46,SYN.ETH-30AUG19,1566644340280,open,0.0,367.0,0.001,0.011,0.000452,106.38,0.001,0.0,ETH-30AUG19-260-C,188.3,0.0,0.0,0.0,0.001,278.0,118.18,0.00652,-0.05901,0.0003,0.00107,0.01026
188.46,SYN.ETH-30AUG19,1566644340280,open,0.12,400.0,0.075,0.137,0.107705,86.55,0.12,0.0,ETH-30AUG19-170-C,188.3,65.34,0.102,40.0,0.11,40.0,93.73,0.05822,-0.42875,0.02221,0.01176,0.83985
188.46,SYN.ETH-30AUG19,1566644340280,open,0.0,3240.0,0.001,0.014,0.003533,89.75,0.004,0.0,ETH-30AUG19-160-P,188.3,79.16,0.002,400.0,0.005,200.0,97.87,0.03121,-0.23836,-0.00215,0.00608,-0.06748
191.89,ETH-27DEC19,1566644340282,open,0.11,1909.0,0.076,0.162,0.120012,90.93,0.12,0.0,ETH-27DEC19-160-P,188.3,87.83,0.114,200.0,0.122,5.0,91.96,0.37229,-0.13554,-0.25717,0.00325,-0.27171
188.46,SYN.ETH-30AUG19,1566644340282,open,0.02,933.0,0.003,0.041,0.018704,81.49,0.021,0.0,ETH-30AUG19-200-C,188.3,75.28,0.016,698.0,0.021,658.0,86.64,0.0832,-0.57698,0.00855,0.01786,0.3005
189.23,ETH-27SEP19,1566644340284,open,0.48,0.0,0.456,0.49,0.473024,100.38,None,0.0,ETH-27SEP19-100-C,188.3,0.0,0.003,10.0,0.0,0.0,0.0,0.01877,-0.02781,0.09034,0.00056,0.98741
189.23,ETH-27SEP19,1566644340286,open,0.0,3419.0,0.001,0.011,0.000128,125.0,0.001,0.0,ETH-27SEP19-640-C,188.3,0.0,0.0,0.0,0.001,637.0,150.45,0.00248,-0.00458,0.00021,6e-05,0.00131
188.46,SYN.ETH-30AUG19,1566644340286,open,0.0,4065.0,0.001,0.011,5e-06,125.0,0.001,0.0,ETH-30AUG19-340-C,188.3,0.0,0.0,0.0,0.001,250.0,196.49,0.00013,-0.00095,0.0,2e-05,0.00014
189.23,ETH-27SEP19,1566644340288,open,0.0,2060.0,0.001,0.011,0.000511,114.92,0.003,0.0,ETH-27SEP19-80-P,188.3,0.0,0.0,0.0,0.001,10.0,124.98,0.00716,-0.01214,-0.00083,0.00019,-0.00422
191.89,ETH-27DEC19,1566644340288,open,0.01,2519.0,0.001,0.026,0.010609,101.45,0.01,0.0,ETH-27DEC19-600-C,188.3,96.91,0.008,200.0,0.012,110.0,103.6,0.11969,-0.04862,0.02727,0.00094,0.05214
191.89,ETH-27DEC19,1566644340290,open,1.88,0.0,1.838,2.036,1.932465,101.85,0.845,0.0,ETH-27DEC19-560-P,188.3,0.0,0.0,0.0,0.0,0.0,0.0,0.14541,-0.0593,-1.8813,0.00113,-0.93317
189.23,ETH-27SEP19,1566644340290,open,0.2,392.0,0.158,0.227,0.195194,89.16,0.213,0.0,ETH-27SEP19-160-C,188.3,0.0,0.1,42.0,0.0,0.0,0.0,0.17314,-0.22786,0.10173,0.00584,0.77443
191.89,ETH-27DEC19,1566644340292,open,0.04,1916.0,0.014,0.069,0.038611,98.36,0.043,0.0,ETH-27DEC19-400-C,188.3,97.93,0.038,1.0,0.04,110.0,99.32,0.27454,-0.10812,0.08055,0.00222,0.1613
188.46,SYN.ETH-30AUG19,1566644340292,open,1.08,0.0,1.061,1.187,1.122432,123.96,None,0.0,ETH-30AUG19-400-P,188.3,0.0,0.0,0.0,0.0,0.0,0.0,0.0,-2e-05,-0.06439,0.0,-1.0
188.46,SYN.ETH-30AUG19,1566644340292,open,0.46,0.0,0.443,0.534,0.486087,124.77,None,0.0,ETH-30AUG19-280-P,188.3,0.0,0.0,0.0,0.0,0.0,0.0,0.00508,-0.05398,-0.04485,0.00071,-0.99227
188.46,SYN.ETH-30AUG19,1566644340292,open,0.0,3.0,0.001,0.011,0.000426,125.0,0.002,0.0,ETH-30AUG19-130-P,188.3,0.0,0.0,0.0,0.001,253.0,140.51,0.00509,-0.05416,-0.00025,0.00071,-0.00774
188.46,SYN.ETH-30AUG19,1566644340295,open,0.0,314.0,0.001,0.011,0.001423,97.75,0.002,0.0,ETH-30AUG19-150-P,188.3,104.03,0.002,6.0,0.003,1050.0,112.82,0.01561,-0.12989,-0.00091,0.00279,-0.02855
191.89,ETH-27DEC19,1566644340297,open,0.01,1932.0,0.001,0.018,0.006426,101.55,0.01,0.0,ETH-27DEC19-680-C,188.3,98.0,0.005,533.0,0.008,110.0,104.92,0.08346,-0.03394,0.01771,0.00065,0.0334
189.23,ETH-27SEP19,1566644340297,open,0.0,5619.0,0.001,0.011,0.001945,108.61,0.002,0.0,ETH-27SEP19-400-C,188.3,99.95,0.001,260.0,0.003,160.0,115.33,0.02553,-0.04093,0.00282,0.00071,0.01801
189.23,ETH-27SEP19,1566644340297,open,0.0,2951.0,0.001,0.013,0.003251,103.33,0.006,0.0,ETH-27SEP19-360-C,188.3,96.27,0.002,800.0,0.005,360.0,110.72,0.03887,-0.05929,0.00464,0.00113,0.02967
191.89,ETH-27DEC19,1566644340297,open,0.89,257.0,0.848,1.007,0.925988,96.33,0.947,0.0,ETH-27DEC19-360-P,188.3,0.0,0.008,4.0,1.011,110.0,139.62,0.31598,-0.12187,-1.13189,0.0026,-0.79813
10036.32,BTC-27SEP19,1566644340298,open,0.47,221.9,0.4415,0.47,0.45515721,107.77,0.4675,0.0,BTC-27SEP19-5500-C,9988.46,0.0,0.4515,3.0,0.7405,5.0,500.0,1.66353,-2.64605,4.86121,2e-05,0.97704
189.23,ETH-27SEP19,1566644340300,open,0.69,0.0,0.674,0.693,0.683018,127.17,0.01,0.0,ETH-27SEP19-60-C,188.3,0.0,0.003,10.0,0.0,0.0,0.0,0.00157,-0.00294,0.05553,4e-05,0.99921
189.23,ETH-27SEP19,1566644340308,open,1.29,0.0,1.258,1.402,1.326982,118.39,None,0.0,ETH-27SEP19-440-P,188.3,0.0,0.0,0.0,0.0,0.0,0.0,0.02236,-0.03907,-0.40597,0.00057,-0.98458
189.23,ETH-27SEP19,1566644340315,open,0.0,1938.0,0.001,0.014,0.004337,100.5,0.007,0.0,ETH-27SEP19-340-C,188.3,94.73,0.003,800.0,0.006,160.0,106.33,0.04881,-0.0724,0.00611,0.00146,0.03914
189.23,ETH-27SEP19,1566644340315,open,0.04,2464.0,0.012,0.057,0.032994,90.26,0.038,0.0,ETH-27SEP19-240-C,188.3,88.1,0.031,755.0,0.036,683.0,93.44,0.17659,-0.23525,0.03524,0.00589,0.23365
189.23,ETH-27SEP19,1566644340315,open,0.0,2698.0,0.001,0.011,4.1e-05,125.0,0.001,0.0,ETH-27SEP19-720-C,188.3,0.0,0.0,0.0,0.001,421.0,162.5,0.00093,-0.00172,7e-05,2e-05,0.00045
191.89,ETH-27DEC19,1566644340315,open,0.2,786.0,0.141,0.238,0.193556,90.89,0.199,0.0,ETH-27DEC19-200-C,188.3,88.04,0.187,290.0,0.199,290.0,93.27,0.43993,-0.16011,0.25012,0.00384,0.57455
189.23,ETH-27SEP19,1566644340315,open,0.0,1897.0,0.001,0.012,0.002432,105.68,0.004,0.0,ETH-27SEP19-380-C,188.3,94.16,0.001,400.0,0.004,160.0,113.79,0.03084,-0.04811,0.00352,0.00088,0.0225
189.23,ETH-27SEP19,1566644340315,open,0.47,727.0,0.442,0.547,0.493113,93.72,0.534,0.0,ETH-27SEP19-280-P,188.3,0.0,0.002,100.0,0.0,0.0,0.0,0.10798,-0.14937,-0.24301,0.00347,-0.89059
191.89,ETH-27DEC19,1566644340315,open,0.53,432.0,0.48,0.625,0.553604,93.77,0.55,0.0,ETH-27DEC19-280-P,188.3,0.0,0.0,0.0,1.456,1.0,500.0,0.41088,-0.15426,-0.79727,0.00348,-0.66082
188.46,SYN.ETH-30AUG19,1566644340315,open,0.01,1059.0,0.001,0.016,0.004213,86.32,0.005,0.0,ETH-30AUG19-220-C,188.3,79.78,0.003,200.0,0.005,200.0,90.07,0.03793,-0.27863,0.00252,0.00769,0.08722
188.46,SYN.ETH-30AUG19,1566644340315,open,0.0,970.0,0.001,0.011,0.000524,105.34,0.001,0.0,ETH-30AUG19-140-P,188.3,0.0,0.0,0.0,0.001,53.0,115.66,0.00691,-0.06198,-0.00035,0.00115,-0.01098
188.46,SYN.ETH-30AUG19,1566644340315,open,0.02,918.0,0.004,0.048,0.022878,83.98,0.023,0.0,ETH-30AUG19-180-P,188.3,77.53,0.02,200.0,0.026,554.0,90.87,0.08483,-0.60621,-0.01022,0.01767,-0.31402
189.23,ETH-27SEP19,1566644340317,open,1.49,0.0,1.463,1.618,1.537871,123.42,None,0.0,ETH-27SEP19-480-P,188.3,0.0,0.0,0.0,0.0,0.0,0.0,0.0168,-0.03061,-0.44377,0.00041,-0.98892
189.23,ETH-27SEP19,1566644340317,open,0.37,1239.0,0.345,0.447,0.394865,91.9,0.4,0.0,ETH-27SEP19-260-P,188.3,0.0,0.006,7.0,0.0,0.0,0.0,0.14021,-0.19019,-0.21689,0.00459,-0.84009
191.89,ETH-27DEC19,1566644340317,open,0.02,1829.0,0.004,0.036,0.016474,99.53,0.016,0.0,ETH-27DEC19-520-C,188.3,96.49,0.014,200.0,0.018,110.0,101.29,0.16309,-0.065,0.04015,0.0013,0.07762
191.89,ETH-27DEC19,1566644340317,open,0.01,2140.0,0.003,0.032,0.013822,101.45,0.012,0.0,ETH-27DEC19-560-C,188.3,100.33,0.013,100.0,0.014,110.0,101.69,0.14359,-0.05833,0.03409,0.00112,0.06576
191.89,ETH-27DEC19,1566644340320,open,0.3,5.0,0.237,0.327,0.286114,90.89,0.26,0.0,ETH-27DEC19-160-C,188.3,85.66,0.276,267.0,0.293,267.0,94.43,0.37228,-0.13547,0.2903,0.00325,0.7283
189.23,ETH-27SEP19,1566644340320,open,0.01,3838.0,0.001,0.022,0.00913,96.32,0.01,0.0,ETH-27SEP19-300-C,188.3,93.66,0.008,201.0,0.01,160.0,98.24,0.08347,-0.11866,0.01196,0.00261,0.07726
189.23,ETH-27SEP19,1566644340320,open,0.77,296.0,0.746,0.861,0.800997,100.13,0.848,0.0,ETH-27SEP19-340-P,188.3,0.0,0.0,0.0,1.19,1.0,475.91,0.04815,-0.07117,-0.30954,0.00145,-0.9615
188.46,SYN.ETH-30AUG19,1566644340320,open,0.0,1381.0,0.001,0.011,0.000385,124.77,0.001,0.0,ETH-30AUG19-280-C,188.3,0.0,0.0,0.0,0.001,249.0,140.55,0.00508,-0.05398,0.00022,0.00071,0.00773
189.23,ETH-27SEP19,1566644340322,open,0.07,6106.0,0.047,0.117,0.081865,88.37,0.077,0.0,ETH-27SEP19-180-P,188.3,85.02,0.078,688.0,0.086,488.0,91.95,0.21848,-0.28497,-0.08012,0.00744,-0.37435
188.46,SYN.ETH-30AUG19,1566644340322,open,0.56,0.0,0.546,0.642,0.591921,125.0,None,0.0,ETH-30AUG19-300-P,188.3,0.0,0.0,0.0,0.0,0.0,0.0,0.00163,-0.01738,-0.04823,0.00023,-0.99783
191.89,ETH-27DEC19,1566644340324,open,0.1,531.0,0.051,0.136,0.094282,93.7,0.104,0.0,ETH-27DEC19-280-C,188.3,90.74,0.088,374.0,0.099,342.0,95.89,0.41075,-0.1541,0.1606,0.00348,0.33891
189.23,ETH-27SEP19,1566644340324,open,0.29,191.0,0.247,0.305,0.276836,90.98,0.5,0.0,ETH-27SEP19-140-C,188.3,0.0,0.0,0.0,0.0,0.0,0.0,0.10851,-0.14572,0.10766,0.00359,0.88984
188.46,SYN.ETH-30AUG19,1566644340324,open,0.01,629.0,0.001,0.027,0.009738,86.55,0.007,0.0,ETH-30AUG19-170-P,188.3,80.74,0.008,200.0,0.012,760.0,93.63,0.05822,-0.42875,-0.00515,0.01176,-0.16015
191.89,ETH-27DEC19,1566644340326,open,0.01,2417.0,0.001,0.015,0.005312,102.3,0.006,0.0,ETH-27DEC19-720-C,188.3,98.48,0.004,200.0,0.007,110.0,106.39,0.07216,-0.02956,0.01491,0.00056,0.02802
189.23,ETH-27SEP19,1566644340326,open,2.53,0.0,2.489,2.704,2.593393,0.0,None,0.0,ETH-27SEP19-680-P,188.3,0.0,0.0,0.0,0.0,0.0,0.0,0.0,0.0,-0.63111,0.0,-1.0
188.46,SYN.ETH-30AUG19,1566644340326,open,0.3,0.0,0.288,0.369,0.326981,95.4,None,0.0,ETH-30AUG19-250-P,188.3,0.0,0.0,0.0,0.0,0.0,0.0,0.00719,-0.05838,-0.03991,0.00132,-0.98851
188.46,SYN.ETH-30AUG19,1566644340326,open,0.0,3916.0,0.001,0.011,1e-06,125.0,0.001,0.0,ETH-30AUG19-360-C,188.3,0.0,0.0,0.0,0.001,250.0,212.38,3e-05,-0.00021,0.0,0.0,3e-05
188.46,SYN.ETH-30AUG19,1566644340328,open,0.77,0.0,0.752,0.859,0.804072,124.99,None,0.0,ETH-30AUG19-340-P,188.3,0.0,0.0,0.0,0.0,0.0,0.0,0.00013,-0.00134,-0.05473,2e-05,-0.99986
189.22,ETH-27SEP19,1566644340330,open,2.11,27.0,2.079,2.269,2.170806,0.0,1.044,0.0,ETH-27SEP19-600-P,188.29,0.0,0.0,0.0,0.0,0.0,0.0,0.0,0.0,-0.55686,0.0,-1.0
189.22,ETH-27SEP19,1566644340331,open,0.14,866.0,0.092,0.165,0.130692,88.44,0.137,0.0,ETH-27SEP19-180-C,188.29,84.37,0.126,443.0,0.134,443.0,91.3,0.21849,-0.28519,0.08691,0.00743,0.62556
189.22,ETH-27SEP19,1566644340331,open,0.02,1911.0,0.006,0.041,0.020948,92.01,0.023,0.0,ETH-27SEP19-260-C,188.29,90.72,0.02,200.0,0.023,128.0,94.72,0.14039,-0.19065,0.02446,0.00459,0.16023
189.22,ETH-27SEP19,1566644340331,open,0.13,3129.0,0.097,0.183,0.141006,88.44,0.116,0.0,ETH-27SEP19-200-P,188.29,84.31,0.136,618.0,0.145,418.0,91.73,0.22939,-0.29944,-0.11754,0.00781,-0.52828
189.22,ETH-27SEP19,1566644340331,open,2.32,0.0,2.284,2.486,2.382077,0.0,None,0.0,ETH-27SEP19-640-P,188.29,0.0,0.0,0.0,0.0,0.0,0.0,0.0,0.0,-0.59398,0.0,-1.0
191.88,ETH-27DEC19,1566644340331,open,2.48,0.0,2.442,2.669,2.550492,101.98,None,0.0,ETH-27DEC19-680-P,188.29,0.0,0.0,0.0,0.0,0.0,0.0,0.085,-0.03471,-2.30837,0.00066,-0.96584
191.88,ETH-27DEC19,1566644340331,open,2.69,0.0,2.644,2.882,2.757852,102.82,None,0.0,ETH-27DEC19-720-P,188.29,0.0,0.003,5.0,0.0,0.0,0.0,0.0739,-0.03042,-2.44799,0.00057,-0.97116
191.88,ETH-27DEC19,1566644340331,open,0.07,1039.0,0.031,0.105,0.067494,94.85,0.069,0.0,ETH-27DEC19-320-C,188.29,91.92,0.062,32.0,0.072,472.0,97.2,0.36378,-0.13816,0.12613,0.00304,0.25963
191.88,ETH-27DEC19,1566644340331,open,2.28,0.0,2.241,2.457,2.343792,101.79,None,0.0,ETH-27DEC19-640-P,188.29,0.0,0.0,0.0,0.0,0.0,0.0,0.10103,-0.04117,-2.16739,0.00079,-0.95779
194.52,SYN.ETH-27MAR20,1566644340330,open,0.11,4.0,0.055,0.151,0.103898,94.07,0.121,0.0,ETH-27MAR20-360-C,188.29,91.51,0.097,557.0,0.11,667.0,96.3,0.5295,-0.11537,0.23983,0.00252,0.31236
194.52,SYN.ETH-27MAR20,1566644340330,open,1.87,0.0,1.816,2.041,1.924635,98.8,None,0.0,ETH-27MAR20-560-P,188.29,0.0,0.0,0.0,0.0,0.0,0.0,0.35771,-0.08185,-3.18544,0.00162,-0.84418
194.52,SYN.ETH-27MAR20,1566644340330,open,2.06,0.0,2.011,2.245,2.124174,99.4,None,0.0,ETH-27MAR20-600-P,188.29,0.0,0.0,0.0,0.0,0.0,0.0,0.32906,-0.07576,-3.43597,0.00148,-0.86241
194.52,SYN.ETH-27MAR20,1566644340330,open,1.67,0.0,1.622,1.839,1.727683,98.77,None,0.0,ETH-27MAR20-520-P,188.29,0.0,0.0,0.0,0.0,0.0,0.0,0.39278,-0.08986,-2.93083,0.00178,-0.81982
188.66,SYN.ETH-6SEP19,1566644340330,open,0.03,3.0,0.007,0.049,0.025447,85.38,0.027,0.0,ETH-6SEP19-210-C,188.29,79.82,0.022,727.0,0.029,527.0,90.94,0.1189,-0.39421,0.01682,0.01109,0.2782
188.66,SYN.ETH-6SEP19,1566644340330,open,0.04,5.0,0.014,0.067,0.039641,84.78,0.043,0.0,ETH-6SEP19-200-C,188.29,79.7,0.036,686.0,0.044,686.0,90.82,0.13565,-0.44663,0.02312,0.01274,0.38705
194.52,SYN.ETH-27MAR20,1566644340330,open,1.48,0.0,1.429,1.64,1.532338,98.55,None,0.0,ETH-27MAR20-480-P,188.29,0.0,0.0,0.0,0.0,0.0,0.0,0.42888,-0.09789,-2.67392,0.00194,-0.79186
188.66,SYN.ETH-6SEP19,1566644340330,open,0.21,0.0,0.188,0.271,0.228663,86.19,None,0.0,ETH-6SEP19-230-P,188.29,0.0,0.0,0.0,0.0,0.0,0.0,0.07355,-0.24615,-0.07335,0.0068,-0.87351
188.66,SYN.ETH-6SEP19,1566644340330,open,0.06,1.0,0.034,0.101,0.067241,84.69,0.052,0.0,ETH-6SEP19-190-P,188.29,79.03,0.063,666.0,0.071,200.0,89.71,0.14127,-0.46463,-0.03682,0.01329,-0.48606
194.52,SYN.ETH-27MAR20,1566644340330,open,0.02,140.0,0.008,0.036,0.020911,91.02,0.024,0.0,ETH-27MAR20-80-P,188.29,80.48,0.013,600.0,0.024,740.0,94.65,0.16085,-0.03391,-0.08468,0.00079,-0.05269
194.52,SYN.ETH-27MAR20,1566644340330,open,0.74,1.0,0.683,0.857,0.772147,92.92,0.827,0.0,ETH-27MAR20-320-P,188.29,0.0,0.0,0.0,1.655,1.0,500.0,0.56342,-0.12126,-1.61635,0.00271,-0.6328
188.66,SYN.ETH-6SEP19,1566644340330,open,0.36,0.0,0.339,0.427,0.381106,94.69,None,0.0,ETH-6SEP19-260-P,188.29,0.0,0.0,0.0,0.0,0.0,0.0,0.0325,-0.11952,-0.08904,0.00273,-0.95679
188.66,SYN.ETH-6SEP19,1566644340330,open,0.01,104.0,0.001,0.025,0.009521,86.19,0.011,0.0,ETH-6SEP19-230-C,188.29,82.14,0.008,200.0,0.011,1.0,89.87,0.07355,-0.24615,0.00778,0.0068,0.12649
188.66,SYN.ETH-6SEP19,1566644340330,open,0.02,222.0,0.003,0.035,0.015744,85.71,0.017,0.0,ETH-6SEP19-220-C,188.29,82.24,0.014,200.0,0.018,5.0,90.03,0.09646,-0.32106,0.01166,0.00896,0.19099
10006.36,SYN.BTC-6SEP19,1566644340337,open,0.0,4.5,0.0005,0.013,0.00331478,91.69,0.0045,0.0,BTC-6SEP19-13500-C,9988.46,89.99,0.003,1.0,0.0045,11.9,97.36,1.9127,-6.81008,0.16187,6e-05,0.04917
10006.36,SYN.BTC-6SEP19,1566644340339,open,0.04,17.1,0.008,0.05,0.02694379,82.61,0.0265,0.0,BTC-6SEP19-11000-C,9988.46,81.93,0.0265,4.5,0.028,0.2,84.23,6.50619,-20.8717,0.95379,0.00022,0.29715
10313.86,SYN.BTC-27MAR20,1566644340796,open,0.49,7.6,0.4545,0.599,0.52807787,90.38,0.475,0.0,BTC-27MAR20-14000-P,9988.46,87.08,0.518,3.6,0.5525,3.6,98.36,31.50969,-6.59579,-64.95013,6e-05,-0.5367
10006.36,SYN.BTC-6SEP19,1566644340800,open,0.14,0.0,0.095,0.15,0.12320552,84.37,None,0.0,BTC-6SEP19-9000-C,9988.46,68.27,0.1145,6.0,0.132,6.0,99.47,5.66734,-18.56735,2.29319,0.00019,0.77282
10313.86,SYN.BTC-27MAR20,1566644340809,open,0.18,0.1,0.1125,0.2255,0.17068112,90.38,0.1825,0.0,BTC-27MAR20-14000-C,9988.46,87.38,0.1615,42.4,0.173,42.4,91.14,31.50981,-6.59617,17.85163,6e-05,0.46332
10313.86,SYN.BTC-27MAR20,1566644340815,open,0.49,7.6,0.4545,0.599,0.52807787,90.38,0.475,0.0,BTC-27MAR20-14000-P,9988.46,86.92,0.5175,3.6,0.5525,3.6,98.36,31.50969,-6.59579,-64.95013,6e-05,-0.5367
9996.35,SYN.BTC-30AUG19,1566644341021,open,0.01,204.1,0.004,0.0425,0.02053406,82.41,0.022,0.0,BTC-30AUG19-9500-P,9988.46,83.42,0.021,3.0,0.023,51.1,87.95,4.37491,-30.68128,-0.50751,0.00033,-0.29483
10313.86,SYN.BTC-27MAR20,1566644341023,open,0.11,2.0,0.0585,0.159,0.10768485,90.88,0.1195,0.0,BTC-27MAR20-18000-C,9988.46,89.0,0.1025,45.2,0.114,45.2,93.14,28.63035,-6.02621,13.39728,5e-05,0.3273
10036.74,BTC-27SEP19,1566644341247,open,0.37,69.1,0.3755,0.4555,0.41408382,92.4,0.391,0.0,BTC-27SEP19-14000-P,9988.46,0.0,0.378,5.0,0.8735,0.3,500.0,7.09106,-9.67037,-11.78627,8e-05,-0.8512
10175.33,BTC-27DEC19,1566644341255,open,0.94,5.7,0.9435,1.069,1.0035665,92.86,0.661,0.0,BTC-27DEC19-20000-P,9988.46,0.0,0.0045,5.0,1.466,1.0,307.28,14.79639,-5.5015,-63.99145,4e-05,-0.83461
10175.33,BTC-27DEC19,1566644341257,open,0.03,269.7,0.013,0.0525,0.03044805,87.79,0.024,0.0,BTC-27DEC19-6000-P,9988.46,86.36,0.029,3.3,0.0325,6.0,89.78,10.39352,-3.65335,-4.51768,3e-05,-0.09932
10175.33,BTC-27DEC19,1566644341257,open,1.67,0.1,1.702,1.8395,1.76653584,98.57,1.49,0.0,BTC-27DEC19-28000-P,9988.46,0.0,0.0045,1.0,0.0,0.0,0.0,8.09121,-3.19348,-93.83305,2e-05,-0.92886
10175.33,BTC-27DEC19,1566644341267,open,0.52,206.6,0.497,0.6205,0.5583626,90.09,0.454,0.0,BTC-27DEC19-15000-P,9988.46,0.0,0.0045,10.0,1.3005,0.2,499.77,21.23108,-7.65855,-43.17605,7e-05,-0.68189
9996.85,SYN.BTC-30AUG19,1566644341267,open,0.31,0.0,0.324,0.3815,0.35112329,106.12,None,0.0,BTC-30AUG19-13500-P,9988.46,0.0,0.0,0.0,0.0,0.0,0.0,0.48672,-4.39514,-2.14981,3e-05,-0.98477
10314.15,SYN.BTC-27MAR20,1566644341283,open,1.32,0.0,1.3115,1.473,1.38918832,93.59,None,0.0,BTC-27MAR20-24000-P,9988.46,0.0,0.0,0.0,0.0,0.0,0.0,22.73012,-4.9272,-133.05867,4e-05,-0.79203
9996.85,SYN.BTC-30AUG19,1566644341300,open,0.0,851.5,0.0005,0.0125,0.00271989,88.76,0.003,0.0,BTC-30AUG19-12000-C,9988.46,87.24,0.0025,30.0,0.0035,3.7,93.65,1.48576,-11.22159,0.09013,0.0001,0.05873
10175.33,BTC-27DEC19,1566644341303,open,0.77,12.4,0.7605,0.886,0.82149196,92.36,0.559,0.0,BTC-27DEC19-18000-P,9988.46,0.0,0.0045,5.0,1.58,0.2,499.76,17.4371,-6.44823,-55.89102,5e-05,-0.784
10036.74,BTC-27SEP19,1566644341312,open,1.12,0.2,1.1495,1.2425,1.19369879,111.39,1.391,0.0,BTC-27SEP19-22000-P,9988.46,0.0,0.0045,10.0,0.0,0.0,0.0,1.22774,-2.01854,-20.28496,1e-05,-0.98394
10036.74,BTC-27SEP19,1566644341314,open,0.46,29.7,0.4695,0.5495,0.50755248,94.7,0.335,0.0,BTC-27SEP19-15000-P,9988.46,0.0,0.1675,0.1,0.9575,0.3,500.0,5.59514,-7.82032,-13.05636,6e-05,-0.89408
10036.74,BTC-27SEP19,1566644341317,open,0.14,290.7,0.1265,0.2055,0.16632845,88.14,0.1315,0.0,BTC-27SEP19-11000-P,9988.46,84.92,0.1625,28.8,0.1715,28.8,92.48,11.93972,-15.53325,-6.97079,0.00014,-0.582
10036.74,BTC-27SEP19,1566644341317,open,0.0,457.3,0.0005,0.013,0.00320116,107.98,0.0025,0.0,BTC-27SEP19-5500-P,9988.46,103.46,0.0025,50.0,0.004,4.4,112.46,1.67413,-2.66817,-0.24529,2e-05,-0.02313
10175.33,BTC-27DEC19,1566644341317,open,0.0,175.8,0.0005,0.0105,0.0002477,120.0,0.0005,0.0,BTC-27DEC19-1500-P,9988.46,0.0,0.0,0.0,0.001,11.5,140.71,0.20778,-0.09983,-0.04483,0.0,-0.00104
10175.33,BTC-27DEC19,1566644341325,open,0.18,607.0,0.122,0.217,0.17146259,87.26,0.19,0.0,BTC-27DEC19-11000-C,9988.46,86.2,0.169,22.8,0.1745,2.0,88.57,23.61937,-8.25267,12.85866,8e-05,0.54083
10036.74,BTC-27SEP19,1566644341325,open,0.25,874.9,0.2025,0.258,0.23071329,89.87,0.2445,0.0,BTC-27SEP19-8000-C,9988.46,87.61,0.229,4.7,0.2335,5.5,93.48,7.65528,-10.15467,5.60853,9e-05,0.8328
10175.33,BTC-27DEC19,1566644341325,open,2.8,0.0,2.855,3.0265,2.93639851,105.13,2.58,0.0,BTC-27DEC19-40000-P,9988.46,0.0,0.0005,3.0,0.0,0.0,0.0,3.76829,-1.58622,-136.07762,1e-05,-0.97249
10036.74,BTC-27SEP19,1566644341325,open,0.0,684.0,0.0005,0.0105,0.00024212,120.0,0.0005,0.0,BTC-27SEP19-30000-C,9988.46,0.0,0.0,0.0,0.001,62.3,137.57,0.23373,-0.41397,0.02065,0.0,0.00246
10006.84,SYN.BTC-6SEP19,1566644341330,open,0.0,0.0005,0.011,0.00144924,97.22,None,0.0,BTC-6SEP19-7000-P,9988.46,91.76,0.001,11.0,0.003,6.8,110.52,0.92021,-3.47424,-0.07665,3e-05,-0.02026
10036.74,BTC-27SEP19,1566644341347,open,0.0,373.7,0.0005,0.011,0.00105807,117.95,0.001,0.0,BTC-27SEP19-4500-P,9988.46,107.3,0.0005,11.7,0.002,87.7,129.31,0.66522,-1.15812,-0.08374,1e-05,-0.00793
9996.85,SYN.BTC-30AUG19,1566644341360,open,0.74,0.0,0.7655,0.8375,0.80065987,153.48,None,0.0,BTC-30AUG19-18000-P,9988.46,0.0,0.0,0.0,0.0,0.0,0.0,0.07068,-0.92309,-2.89496,0.0,-0.99826
9996.85,SYN.BTC-30AUG19,1566644341362,open,0.08,149.4,0.0825,0.1405,0.11103659,82.34,0.111,0.0,BTC-30AUG19-11000-P,9988.46,71.54,0.1075,35.7,0.114,1.0,90.52,3.48643,-24.42787,-1.47571,0.00026,-0.80597
10175.33,BTC-27DEC19,1566644341367,open,0.6,23.1,0.583,0.7075,0.64449791,91.13,0.6755,0.0,BTC-27DEC19-16000-P,9988.46,0.0,0.0045,5.0,1.3935,0.2,499.82,20.03746,-7.31142,-47.49874,6e-05,-0.71992
10175.33,BTC-27DEC19,1566644341382,open,0.12,568.1,0.092,0.1805,0.13687494,87.02,0.13,0.0,BTC-27DEC19-9000-P,9988.46,85.38,0.1335,26.1,0.137,5.0,87.08,20.99938,-7.31639,-15.55933,7e-05,-0.31007
10036.74,BTC-27SEP19,1566644341382,open,1.5,0.0,1.54,1.645,1.5913606,120.59,None,0.0,BTC-27SEP19-26000-P,9988.46,0.0,0.0,0.0,0.0,0.0,0.0,0.67274,-1.19735,-24.06397,1e-05,-0.99197
10175.33,BTC-27DEC19,1566644341382,open,1.12,4.9,1.1315,1.2595,1.19209488,95.04,1.0385,0.0,BTC-27DEC19-22000-P,9988.46,0.0,0.006,2.0,1.956,0.3,500.0,12.83495,-4.88398,-71.6585,4e-05,-0.86633
10036.74,BTC-27SEP19,1566644341382,open,0.01,571.1,0.003,0.03,0.01298077,94.58,0.012,0.0,BTC-27SEP19-15000-C,9988.46,93.71,0.0125,24.0,0.0145,50.0,97.24,5.58239,-7.79326,0.86264,6e-05,0.10559
9996.85,SYN.BTC-30AUG19,1566644341382,open,0.03,564.3,0.004,0.043,0.02127713,80.41,0.02,0.0,BTC-30AUG19-10500-C,9988.46,78.72,0.0205,4.5,0.023,37.2,84.13,4.61265,-31.56326,0.50244,0.00036,0.33349
9996.85,SYN.BTC-30AUG19,1566644341382,open,0.13,52.7,0.084,0.1325,0.1086372,84.91,0.101,0.0,BTC-30AUG19-9000-C,9988.46,67.37,0.104,6.0,0.1125,6.0,97.11,2.98036,-21.53506,1.19022,0.00022,0.84824
10175.33,BTC-27DEC19,1566644341390,open,0.35,91.7,0.297,0.371,0.33540166,87.0,0.449,0.0,BTC-27DEC19-7500-C,9988.46,85.2,0.3325,3.6,0.338,1.0,88.6,16.48955,-5.74398,16.29309,5e-05,0.80343
9996.85,SYN.BTC-30AUG19,1566644341392,open,0.65,0.0,0.6675,0.7365,0.70063287,140.71,None,0.0,BTC-30AUG19-17000-P,9988.46,0.0,0.0,0.0,0.0,0.0,0.0,0.0789,-0.94476,-2.73363,0.0,-0.99804
10036.74,BTC-27SEP19,1566644341396,open,0.93,0.0,0.954,1.0405,0.99509685,104.64,0.691,0.0,BTC-27SEP19-20000-P,9988.46,0.0,0.0045,10.0,1.3905,0.2,500.0,1.6394,-2.53197,-18.37437,2e-05,-0.97744
10175.33,BTC-27DEC19,1566644341399,open,3.18,0.0,3.2405,3.4245,3.32810268,106.47,3.46,0.0,BTC-27DEC19-44000-P,9988.46,0.0,0.0,0.0,0.0,0.0,0.0,2.96525,-1.26411,-149.95138,1e-05,-0.97931
10175.33,BTC-27DEC19,1566644341399,open,1.3,0.0,1.3205,1.451,1.38193512,96.24,None,0.0,BTC-27DEC19-24000-P,9988.46,0.0,0.006,1.0,2.144,0.2,499.93,10.96884,-4.22699,-79.19684,3e-05,-0.89303
9996.85,SYN.BTC-30AUG19,1566644341407,open,0.0,59.8,0.0005,0.0105,0.00063038,104.68,0.0005,0.0,BTC-30AUG19-13500-C,9988.46,101.59,0.0005,44.0,0.001,8.7,111.6,0.45445,-4.04827,0.02162,3e-05,0.01406
9996.85,SYN.BTC-30AUG19,1566644341423,open,0.0,136.7,0.0005,0.011,0.00148037,93.0,0.0035,0.0,BTC-30AUG19-12500-C,9988.46,87.27,0.001,30.8,0.002,5.0,98.03,0.94007,-7.43976,0.05116,6e-05,0.03327
9996.85,SYN.BTC-30AUG19,1566644341437,open,0.0,1456.0,0.0005,0.0115,0.00180948,100.05,0.0025,0.0,BTC-30AUG19-8000-P,9988.46,90.21,0.001,89.9,0.003,62.9,110.63,0.96778,-8.23953,-0.05838,6e-05,-0.03447
10006.84,SYN.BTC-6SEP19,1566644341454,open,0.0,1.5,0.0005,0.013,0.00302333,92.5,0.0025,0.0,BTC-6SEP19-7500-P,9988.46,92.36,0.003,4.7,0.0035,0.2,95.31,1.63105,-5.85893,-0.1531,5e-05,-0.04035
10006.81,SYN.BTC-6SEP19,1566644341932,open,0.01,15.6,0.0015,0.028,0.0113778,85.64,0.014,0.0,BTC-6SEP19-12000-C,9988.46,83.57,0.0105,5.6,0.0135,51.6,90.38,4.3256,-14.38488,0.47915,0.00014,0.14711
10313.92,SYN.BTC-27MAR20,1566644341950,open,0.02,3.4,0.0055,0.0485,0.02132928,99.04,0.019,0.0,BTC-27MAR20-40000-C,9988.46,96.01,0.018,50.0,0.025,50.0,102.08,11.89688,-2.72891,3.63643,2e-05,0.08094
10036.74,BTC-27SEP19,1566644341957,open,0.47,221.9,0.4415,0.4705,0.45521338,107.84,0.4675,0.0,BTC-27SEP19-5500-C,9988.46,0.0,0.452,3.0,0.7405,5.0,500.0,1.66704,-2.65349,4.86056,2e-05,0.97698
10006.81,SYN.BTC-6SEP19,1566644342093,open,0.01,2.1,0.0005,0.016,0.00479614,89.03,0.0065,0.0,BTC-6SEP19-13000-C,9988.46,85.69,0.004,5.0,0.0065,56.2,95.31,2.50274,-8.65251,0.22753,8e-05,0.06925
10313.92,SYN.BTC-27MAR20,1566644342112,open,0.29,24.1,0.218,0.325,0.27451076,87.35,0.275,0.0,BTC-27MAR20-10000-C,9988.46,85.24,0.2685,39.2,0.2795,39.2,89.1,29.41856,-5.9516,22.8274,5e-05,0.64873
10313.92,SYN.BTC-27MAR20,1566644342143,open,0.64,0.0,0.6105,0.6445,0.62658806,87.34,None,0.0,BTC-27MAR20-4000-C,9988.46,0.0,0.2,2.0,0.0,0.0,0.0,6.8919,-1.39425,20.31344,1e-05,0.95959
10313.92,SYN.BTC-27MAR20,1566644342190,open,0.97,0.0,0.9515,1.1085,1.02857831,92.15,None,0.0,BTC-27MAR20-20000-P,9988.46,0.0,0.0005,2.0,0.0,0.0,0.0,26.74225,-5.70748,-106.60956,5e-05,-0.7191
194.53,SYN.ETH-27MAR20,1566644342203,open,0.36,1.0,0.292,0.393,0.347329,91.01,0.357,0.0,ETH-27MAR20-160-C,188.29,86.51,0.336,488.0,0.348,488.0,91.28,0.48966,-0.10322,0.44646,0.0024,0.73538
10313.92,SYN.BTC-27MAR20,1566644342272,open,1.5,0.0,1.495,1.6585,1.57295848,93.93,None,0.0,BTC-27MAR20-26000-P,9988.46,0.0,0.0,0.0,0.0,0.0,0.0,20.74803,-4.51379,-146.0269,4e-05,-0.8209
10175.33,BTC-27DEC19,1566644342338,open,0.23,209.6,0.197,0.3055,0.25252142,87.28,0.2505,0.0,BTC-27DEC19-11000-P,9988.46,86.18,0.25,16.3,0.2565,1.6,88.98,23.61919,-8.25412,-24.77538,8e-05,-0.45914
10175.33,BTC-27DEC19,1566644342348,open,0.23,209.6,0.197,0.3055,0.25252142,87.28,0.2505,0.0,BTC-27DEC19-11000-P,9988.46,85.97,0.2495,19.7,0.2565,1.6,88.98,23.61919,-8.25412,-24.77538,8e-05,-0.45914
194.53,SYN.ETH-27MAR20,1566644342367,open,0.27,360.0,0.203,0.314,0.263468,90.96,0.259,0.0,ETH-27MAR20-200-C,188.29,88.07,0.255,500.0,0.267,670.0,92.17,0.56881,-0.11983,0.41223,0.00279,0.62176
10006.81,SYN.BTC-6SEP19,1566644342426,open,0.0,9.9,0.0005,0.019,0.00680647,91.02,0.005,0.0,BTC-6SEP19-8000-P,9988.46,88.09,0.006,5.5,0.0085,54.3,96.71,2.83493,-10.02058,-0.3119,9e-05,-0.08155
10006.81,SYN.BTC-6SEP19,1566644342459,open,0.17,20.0,0.1795,0.244,0.21061538,85.76,0.2,0.0,BTC-6SEP19-12000-P,9988.46,0.0,0.05,1.0,0.0,0.0,0.0,4.33363,-14.4327,-3.75271,0.00014,-0.85248
10313.92,SYN.BTC-27MAR20,1566644342677,open,0.08,1.8,0.034,0.1205,0.07412162,92.84,0.0725,0.0,BTC-27MAR20-22000-C,9988.46,90.67,0.069,47.3,0.0795,47.3,95.06,24.69691,-5.31036,10.16083,4e-05,0.24069
10313.92,SYN.BTC-27MAR20,1566644342677,open,0.01,1.4,0.0045,0.028,0.0144157,87.35,0.015,0.0,BTC-27MAR20-4000-P,9988.46,81.91,0.011,50.0,0.0175,50.0,91.76,6.8924,-1.39441,-3.34454,1e-05,-0.04041
10313.7,SYN.BTC-27MAR20,1566644342778,open,0.05,0.5,0.0175,0.087,0.04742067,96.14,0.0455,0.0,BTC-27MAR20-28000-C,9988.46,94.58,0.0445,0.1,0.05,49.4,97.49,19.55531,-4.3545,7.06689,3e-05,0.16327
10006.78,SYN.BTC-6SEP19,1566644342787,open,0.26,0.0,0.2745,0.337,0.3039703,89.25,None,0.0,BTC-6SEP19-13000-P,9988.46,0.0,0.0,0.0,0.0,0.0,0.0,2.51776,-8.72592,-4.35662,8e-05,-0.93021
10006.78,SYN.BTC-6SEP19,1566644342794,open,0.03,14.4,0.0155,0.064,0.03849573,82.91,0.0405,0.0,BTC-6SEP19-9500-P,9988.46,81.46,0.0375,5.0,0.041,44.0,86.54,6.88895,-22.1791,-1.33718,0.00024,-0.34031
189.22,ETH-27SEP19,1566644342821,open,0.13,3129.0,0.097,0.183,0.141077,88.44,0.116,0.0,ETH-27SEP19-200-P,188.29,84.31,0.136,618.0,0.146,514.0,92.56,0.22939,-0.29944,-0.11754,0.00781,-0.52828
189.22,ETH-27SEP19,1566644342823,open,0.09,1648.0,0.049,0.117,0.084107,88.53,0.086,0.0,ETH-27SEP19-200-C,188.29,85.11,0.08,680.0,0.088,590.0,91.71,0.2294,-0.29976,0.06809,0.0078,0.47187
188.46,SYN.ETH-30AUG19,1566644342832,open,0.05,824.0,0.011,0.065,0.037448,81.49,0.045,0.0,ETH-30AUG19-190-C,188.29,74.68,0.034,200.0,0.041,753.0,88.51,0.09536,-0.66128,0.01371,0.02047,0.48929
189.22,ETH-27SEP19,1566644342833,open,0.13,3129.0,0.097,0.183,0.141077,88.44,0.116,0.0,ETH-27SEP19-200-P,188.29,84.31,0.136,618.0,0.146,96.0,92.56,0.22939,-0.29944,-0.11754,0.00781,-0.52828
189.22,ETH-27SEP19,1566644342834,open,0.13,3129.0,0.097,0.183,0.141077,88.44,0.116,0.0,ETH-27SEP19-200-P,188.29,84.31,0.136,618.0,0.146,514.0,92.56,0.22939,-0.29944,-0.11754,0.00781,-0.52828
189.22,ETH-27SEP19,1566644342972,open,0.13,3129.0,0.097,0.183,0.141077,88.44,0.116,0.0,ETH-27SEP19-200-P,188.29,84.31,0.136,200.0,0.146,514.0,92.56,0.22939,-0.29944,-0.11754,0.00781,-0.52828
10006.78,SYN.BTC-6SEP19,1566644342973,open,0.01,12.3,0.0005,0.021,0.00723725,86.9,0.0065,0.0,BTC-6SEP19-12500-C,9988.46,84.61,0.0065,5.6,0.009,49.6,91.98,3.29932,-11.13443,0.32758,0.00011,0.10004
194.54,SYN.ETH-27MAR20,1566644342974,open,0.06,12.0,0.021,0.093,0.054187,98.63,0.051,0.0,ETH-27MAR20-520-C,188.29,97.55,0.052,1.0,0.056,110.0,99.53,0.39204,-0.08956,0.14432,0.00178,0.17961
189.22,ETH-27SEP19,1566644343066,open,0.09,1648.0,0.049,0.117,0.084107,88.53,0.086,0.0,ETH-27SEP19-200-C,188.29,85.11,0.08,680.0,0.088,480.0,91.71,0.2294,-0.29976,0.06809,0.0078,0.47187
10313.7,SYN.BTC-27MAR20,1566644343093,open,0.04,2.6,0.0115,0.071,0.03586498,97.44,0.035,0.0,BTC-27MAR20-32000-C,9988.46,95.3,0.0325,0.5,0.039,50.0,99.35,16.59391,-3.74515,5.61617,3e-05,0.12793
10006.78,SYN.BTC-6SEP19,1566644343096,open,0.19,0.0,0.1385,0.188,0.1633201,87.46,None,0.0,BTC-6SEP19-8500-C,9988.46,0.0,0.0,0.0,0.0,0.0,0.0,4.20456,-14.28033,2.45555,0.00014,0.85895
194.54,SYN.ETH-27MAR20,1566644343125,open,0.92,0.0,0.862,1.046,0.954629,94.14,None,0.0,ETH-27MAR20-360-P,188.29,0.0,0.0,0.0,1.833,1.0,500.0,0.52983,-0.11552,-1.88915,0.00251,-0.68727
10313.7,SYN.BTC-27MAR20,1566644343179,open,0.49,0.0,0.443,0.51,0.47715774,87.35,None,0.0,BTC-27MAR20-6000-C,9988.46,0.0,0.283,2.0,0.0,0.0,0.0,16.4796,-3.33413,24.1663,3e-05,0.87333
10313.7,SYN.BTC-27MAR20,1566644343216,open,0.64,0.0,0.61,0.76,0.68546845,90.38,None,0.0,BTC-27MAR20-16000-P,9988.46,0.0,0.0005,5.0,0.0,0.0,0.0,30.39037,-6.36161,-79.13789,5e-05,-0.61189
191.89,ETH-27DEC19,1566644343222,open,0.71,101.0,0.659,0.811,0.735213,94.9,0.513,0.0,ETH-27DEC19-320-P,188.29,0.0,0.006,5.0,1.638,1.0,500.0,0.36396,-0.13829,-0.96858,0.00304,-0.74015
188.45,SYN.ETH-30AUG19,1566644343222,open,0.04,44.0,0.016,0.077,0.045603,81.44,0.042,0.0,ETH-30AUG19-190-P,188.29,74.32,0.042,1697.0,0.049,200.0,88.16,0.09535,-0.66085,-0.01688,0.02048,-0.51091
189.25,ETH-27SEP19,1566644343224,open,1.91,24.0,1.874,2.052,1.959934,134.74,1.356,0.0,ETH-27SEP19-560-P,188.29,0.0,0.0,0.0,0.0,0.0,0.0,0.01178,-0.02343,-0.51859,0.00026,-0.99261
188.65,SYN.ETH-6SEP19,1566644343249,open,0.07,0.0,0.029,0.09,0.060123,84.71,None,0.0,ETH-6SEP19-190-C,188.29,80.54,0.057,200.0,0.064,644.0,89.89,0.14127,-0.46473,0.0302,0.01328,0.51387
10313.7,SYN.BTC-27MAR20,1566644343251,open,1.14,0.0,1.13,1.289,1.20717369,92.82,None,0.0,BTC-27MAR20-22000-P,9988.46,0.0,0.0,0.0,0.0,0.0,0.0,24.69258,-5.30872,-119.95837,4e-05,-0.75938
188.45,SYN.ETH-30AUG19,1566644343255,open,0.15,599.0,0.135,0.211,0.171551,86.08,0.18,0.0,ETH-30AUG19-220-P,188.29,0.0,0.166,200.0,0.178,200.0,111.55,0.0377,-0.27617,-0.03292,0.00766,-0.91348
189.25,ETH-27SEP19,1566644343257,open,1.7,12.0,1.669,1.835,1.748885,131.24,1.193,0.0,ETH-27SEP19-520-P,188.29,0.0,0.0,0.0,0.0,0.0,0.0,0.0153,-0.02964,-0.48107,0.00035,-0.99005
191.89,ETH-27DEC19,1566644343259,open,1.08,16.0,1.042,1.209,1.123254,98.44,1.195,0.0,ETH-27DEC19-400-P,188.29,0.0,0.001,8.0,2.048,1.0,500.0,0.27489,-0.10835,-1.28782,0.00222,-0.83838
10313.7,SYN.BTC-27MAR20,1566644343259,open,1.68,0.0,1.6815,1.851,1.76221416,96.12,None,0.0,BTC-27MAR20-28000-P,9988.46,0.0,0.0,0.0,0.0,0.0,0.0,19.54768,-4.3518,-158.5398,3e-05,-0.83683
191.89,ETH-27DEC19,1566644343261,open,1.28,0.0,1.239,1.412,1.322342,99.3,None,0.0,ETH-27DEC19-440-P,188.29,0.0,0.001,8.0,2.252,1.0,500.0,0.23422,-0.09312,-1.44094,0.00187,-0.87253
191.89,ETH-27DEC19,1566644343285,open,0.03,682.0,0.009,0.056,0.029242,99.2,0.031,0.0,ETH-27DEC19-440-C,188.29,98.17,0.028,100.0,0.03,110.0,99.82,0.23377,-0.09285,0.06426,0.00187,0.12712
10175.04,BTC-27DEC19,1566644343286,open,0.0,241.7,0.0005,0.0135,0.00377026,105.96,0.003,0.0,BTC-27DEC19-44000-C,9988.57,98.29,0.002,33.4,0.005,3.8,109.88,2.88757,-1.22505,0.56668,1e-05,0.02005
10175.04,BTC-27DEC19,1566644343286,open,0.42,63.0,0.372,0.4325,0.4027259,87.04,0.4965,0.0,BTC-27DEC19-6500-C,9988.57,0.0,0.355,1.0,0.937,2.0,500.0,12.47136,-4.34643,16.32792,4e-05,0.87177
10036.59,BTC-27SEP19,1566644343286,open,0.66,261.1,0.6415,0.661,0.65140394,120.46,0.714,0.0,BTC-27SEP19-3500-C,9988.57,0.0,0.161,1.0,0.682,10.0,298.84,0.11502,-0.20451,3.23665,0.0,0.99887
10175.04,BTC-27DEC19,1566644343287,open,0.0,100.7,0.0005,0.0105,0.00076257,115.57,0.0005,0.0,BTC-27DEC19-2000-P,9988.57,109.97,0.0005,4.0,0.001,1.0,119.56,0.54936,-0.25421,-0.13201,0.0,-0.00303
10175.04,BTC-27DEC19,1566644343286,open,0.05,262.0,0.0285,0.0855,0.05580465,87.03,0.0455,0.0,BTC-27DEC19-7000-P,9988.57,85.76,0.054,3.2,0.058,4.9,88.55,14.55504,-5.07173,-7.55625,5e-05,-0.16126
10036.59,BTC-27SEP19,1566644343286,open,0.0,492.7,0.0005,0.0105,1.7e-07,120.0,0.0005,0.0,BTC-27SEP19-2000-P,9988.57,0.0,0.0,0.0,0.0005,73.1,209.38,0.00032,-0.00056,-2e-05,0.0,0.0
10036.59,BTC-27SEP19,1566644343287,open,0.0,49.2,0.0005,0.0105,5.796e-05,120.0,0.0015,0.0,BTC-27SEP19-3250-P,9988.57,0.0,0.0,0.0,0.001,102.0,160.99,0.05866,-0.10389,-0.0056,0.0,-0.00054
10175.04,BTC-27DEC19,1566644343287,open,0.76,0.0,0.7455,0.765,0.75522668,102.46,None,0.0,BTC-27DEC19-2500-C,9988.57,0.0,0.0145,3.0,0.963,0.5,500.0,0.72449,-0.29721,8.37736,0.0,0.99588
10036.59,BTC-27SEP19,1566644343287,open,0.0,700.4,0.0005,0.012,0.00233547,104.13,0.0025,0.0,BTC-27SEP19-20000-C,9988.57,101.92,0.002,74.0,0.003,20.0,107.96,1.60227,-2.4626,0.18279,2e-05,0.02196
10036.59,BTC-27SEP19,1566644343287,open,0.0,125.2,0.0005,0.0105,0.00023897,120.0,0.0005,0.0,BTC-27SEP19-3750-P,9988.57,0.0,0.0,0.0,0.001,30.0,141.64,0.19519,-0.34572,-0.021,0.0,-0.00202
10036.59,BTC-27SEP19,1566644343287,open,0.0,586.8,0.0005,0.0105,2.475e-05,120.0,0.0005,0.0,BTC-27SEP19-3000-P,9988.57,0.0,0.0,0.0,0.0005,30.0,157.97,0.028,-0.0496,-0.00251,0.0,-0.00024
10175.04,BTC-27DEC19,1566644343287,open,0.01,410.2,0.0005,0.0225,0.00760709,104.02,0.0085,0.0,BTC-27DEC19-36000-C,9988.57,102.74,0.007,0.3,0.0085,8.8,105.8,4.93497,-2.05542,1.06333,1e-05,0.03815
10175.04,BTC-27DEC19,1566644343287,open,0.0,384.0,0.0005,0.012,0.00239257,102.36,0.0015,0.0,BTC-27DEC19-3000-P,9988.57,95.56,0.0015,6.5,0.0035,9.1,108.83,1.53913,-0.6308,-0.4196,0.0,-0.00966
10175.04,BTC-27DEC19,1566644343287,open,3.94,0.8,4.0105,4.2245,4.11310239,110.28,3.59,0.0,BTC-27DEC19-52000-P,9988.57,0.0,0.001,1.0,0.0,0.0,0.0,2.08156,-0.91914,-177.51802,1e-05,-0.98632
10175.04,BTC-27DEC19,1566644343287,open,0.11,446.3,0.057,0.1445,0.10057824,89.72,0.106,0.0,BTC-27DEC19-14000-C,9988.57,88.31,0.0975,29.5,0.1045,4.9,91.5,22.36575,-8.03438,9.197,7e-05,0.36477
10006.78,SYN.BTC-6SEP19,1566644343286,open,0.08,0.3,0.0335,0.0895,0.0620492,82.47,0.0595,0.0,BTC-6SEP19-10000-C,9988.57,79.72,0.06,5.6,0.0645,37.0,85.75,7.47291,-23.93181,1.66105,0.00026,0.53261
10036.59,BTC-27SEP19,1566644343287,open,0.02,875.3,0.0105,0.049,0.02781029,89.9,0.0265,0.0,BTC-27SEP19-8000-P,9988.57,88.17,0.0265,49.0,0.03,49.0,92.74,7.65724,-10.16061,-1.81714,9e-05,-0.16727
10006.78,SYN.BTC-6SEP19,1566644343286,open,0.28,0.0,0.236,0.2725,0.25353435,92.52,None,0.0,BTC-6SEP19-7500-C,9988.57,0.0,0.0,0.0,0.0,0.0,0.0,1.63191,-5.86303,2.49249,5e-05,0.95963
10036.59,BTC-27SEP19,1566644343287,open,0.52,789.2,0.492,0.516,0.50359197,111.67,0.5015,0.0,BTC-27SEP19-5000-C,9988.57,0.0,0.051,1.0,0.5795,5.0,299.5,1.0415,-1.71655,4.50047,1e-05,0.98674
10175.04,BTC-27DEC19,1566644343287,open,0.06,408.9,0.022,0.089,0.05245236,92.33,0.0585,0.0,BTC-27DEC19-18000-C,9988.57,91.77,0.0515,3.3,0.0535,2.0,92.94,17.43007,-6.44358,5.68842,5e-05,0.21586
10036.59,BTC-27SEP19,1566644343287,open,0.04,444.8,0.03,0.0865,0.05750212,87.84,0.058,0.0,BTC-27SEP19-9000-P,9988.57,85.93,0.0555,49.5,0.061,48.5,91.16,10.53651,-13.66013,-3.27602,0.00013,-0.29419
10175.04,BTC-27DEC19,1566644343287,open,0.58,6.5,0.5525,0.5845,0.56760974,92.05,0.575,0.0,BTC-27DEC19-4500-C,9988.57,0.0,0.012,0.1,0.949,1.0,500.0,4.83057,-1.78031,13.75829,1e-05,0.96283
10313.7,SYN.BTC-27MAR20,1566644343286,open,1.86,0.0,1.8675,2.0395,1.94880189,96.21,None,0.0,BTC-27MAR20-30000-P,9988.57,0.0,0.0,0.0,0.0,0.0,0.0,17.79134,-3.96449,-171.23726,3e-05,-0.8584
10175.15,BTC-27DEC19,1566644343288,open,0.08,219.6,0.035,0.1125,0.07201983,91.11,0.0795,0.0,BTC-27DEC19-16000-C,9988.57,90.08,0.07,3.2,0.072,0.2,91.1,20.03354,-7.30821,7.23923,6e-05,0.27997
10175.15,BTC-27DEC19,1566644343288,open,2.05,0.3,2.0855,2.2325,2.15449349,100.13,1.875,0.0,BTC-27DEC19-32000-P,9988.57,0.0,0.0,0.0,0.0,0.0,0.0,5.95081,-2.38571,-108.13912,2e-05,-0.9519
10036.59,BTC-27SEP19,1566644343288,open,1.88,0.0,1.9305,2.0505,1.98926056,117.93,None,0.0,BTC-27SEP19-30000-P,9988.57,0.0,0.0,0.0,0.0,0.0,0.0,0.19954,-0.34732,-27.82564,0.0,-0.99794
10036.59,BTC-27SEP19,1566644343288,open,0.0,454.6,0.0005,0.0105,0.00043341,120.0,0.001,0.0,BTC-27SEP19-4000-P,9988.57,0.0,0.0,0.0,0.001,10.0,132.93,0.31929,-0.56551,-0.03641,0.0,-0.00347
10175.15,BTC-27DEC19,1566644343288,open,0.54,65.4,0.5045,0.543,0.52299343,89.44,0.608,0.0,BTC-27DEC19-5000-C,9988.57,0.0,0.33,1.0,0.9015,5.0,500.0,6.39526,-2.29024,14.77273,2e-05,0.94735
10175.15,BTC-27DEC19,1566644343288,open,0.46,122.9,0.4145,0.4675,0.44078229,87.79,0.469,0.0,BTC-27DEC19-6000-C,9988.57,69.69,0.4245,4.0,0.494,0.5,132.16,10.39424,-3.65376,16.00928,3e-05,0.90066
10175.15,BTC-27DEC19,1566644343288,open,0.81,0.0,0.7945,0.814,0.80420874,115.63,None,0.0,BTC-27DEC19-2000-C,9988.57,0.0,0.0145,3.0,0.968,0.5,500.0,0.5511,-0.25516,6.71,0.0,0.99696
10175.15,BTC-27DEC19,1566644343288,open,2.43,1.3,2.47,2.63,2.54557588,103.89,2.2,0.0,BTC-27DEC19-36000-P,9988.57,0.0,0.0005,1.0,0.0,0.0,0.0,4.90916,-2.04211,-122.10808,1e-05,-0.96209
10036.59,BTC-27SEP19,1566644343288,open,0.62,227.5,0.592,0.6115,0.60189763,120.18,0.606,0.0,BTC-27SEP19-4000-C,9988.57,0.0,0.111,2.0,0.6455,5.0,299.06,0.32242,-0.57194,3.67559,0.0,0.99649
10036.59,BTC-27SEP19,1566644343288,open,0.64,0.0,0.617,0.6365,0.62661168,120.28,None,0.0,BTC-27SEP19-3750-C,9988.57,0.0,0.0045,10.0,0.6635,10.0,299.09,0.19855,-0.3525,3.45897,0.0,0.99795
10036.59,BTC-27SEP19,1566644343288,open,0.01,411.4,0.0005,0.0225,0.00879095,96.39,0.008,0.0,BTC-27SEP19-16000-C,9988.57,95.71,0.0085,24.0,0.01,2.0,99.1,4.31708,-6.14183,0.61438,5e-05,0.07475
10175.15,BTC-27DEC19,1566644343288,open,0.02,147.5,0.0035,0.0355,0.01468964,98.46,0.0185,0.0,BTC-27DEC19-28000-C,9988.57,96.25,0.013,7.5,0.0165,6.0,100.67,8.06226,-3.17832,1.95372,2e-05,0.07081
10175.15,BTC-27DEC19,1566644343289,open,0.06,235.8,0.0405,0.106,0.07249469,87.01,0.07,0.0,BTC-27DEC19-7500-P,9988.57,85.46,0.07,3.4,0.075,4.9,88.55,16.49014,-5.74465,-9.3673,5e-05,-0.19659
10036.59,BTC-27SEP19,1566644343289,open,0.01,446.1,0.0005,0.015,0.00478571,101.94,0.0045,0.0,BTC-27SEP19-18000-C,9988.57,100.88,0.0045,1.0,0.006,56.8,106.07,2.75215,-4.14097,0.34858,3e-05,0.04221
9996.82,SYN.BTC-30AUG19,1566644343287,open,0.0,782.9,0.0005,0.0105,2.65e-06,120.0,0.001,0.0,BTC-30AUG19-18000-C,9988.57,0.0,0.0,0.0,0.0005,17.0,180.69,0.0039,-0.02652,0.00012,0.0,8e-05
10175.15,BTC-27DEC19,1566644343288,open,0.01,533.8,0.0005,0.021,0.00985584,92.02,0.008,0.0,BTC-27DEC19-4500-P,9988.57,91.26,0.0095,3.3,0.011,6.0,94.37,4.82748,-1.77868,-1.63589,1e-05,-0.03714
9996.82,SYN.BTC-30AUG19,1566644343287,open,0.0,404.0,0.0005,0.0105,0.00019953,118.75,0.0005,0.0,BTC-30AUG19-15000-C,9988.57,0.0,0.0,0.0,0.001,68.3,143.49,0.16441,-1.66139,0.0068,1e-05,0.00442
10036.59,BTC-27SEP19,1566644343289,open,0.59,9.2,0.5675,0.587,0.57723053,118.76,0.574,0.0,BTC-27SEP19-4250-C,9988.57,0.0,0.005,0.1,0.628,5.0,298.84,0.46526,-0.81557,3.88876,0.0,0.99471
10036.59,BTC-27SEP19,1566644343289,open,0.55,34.4,0.5655,0.645,0.60293406,96.33,0.396,0.0,BTC-27SEP19-16000-P,9988.57,0.0,0.005,1.0,1.0425,0.2,500.0,4.31087,-6.12947,-14.23633,5e-05,-0.92539
10036.59,BTC-27SEP19,1566644343289,open,0.05,703.6,0.0205,0.0735,0.04562015,89.44,0.0455,0.0,BTC-27SEP19-12000-C,9988.57,88.38,0.0445,4.6,0.048,42.7,91.67,10.65852,-14.07077,2.38553,0.00013,0.30172
10036.59,BTC-27SEP19,1566644343289,open,0.57,289.7,0.543,0.5625,0.55270502,118.05,0.588,0.0,BTC-27SEP19-4500-C,9988.57,0.0,0.002,1.1,0.6115,5.0,299.53,0.66791,-1.16374,4.09231,1e-05,0.99203
10036.59,BTC-27SEP19,1566644343289,open,0.02,309.4,0.0055,0.0395,0.01915583,92.32,0.019,0.0,BTC-27SEP19-14000-C,9988.57,92.1,0.019,19.3,0.02,20.0,93.51,7.08294,-9.65177,1.20528,8e-05,0.14855
10175.15,BTC-27DEC19,1566644343289,open,0.67,4.0,0.65,0.6715,0.6598682,97.43,0.666,0.0,BTC-27DEC19-3500-C,9988.57,0.0,0.01,2.0,0.977,1.0,500.0,2.31576,-0.9034,11.30168,1e-05,0.98452
10036.59,BTC-27SEP19,1566644343289,open,0.81,28.2,0.791,0.8105,0.80073228,139.31,0.755,0.0,BTC-27SEP19-2000-C,9988.57,0.0,0.01,1.0,0.8665,5.0,500.0,0.00388,-0.00798,1.85589,0.0,0.99997
10036.59,BTC-27SEP19,1566644343289,open,0.0,1073.7,0.0005,0.0105,0.00067479,118.63,0.0005,0.0,BTC-27SEP19-4250-P,9988.57,114.43,0.0005,9.6,0.001,1.0,124.76,0.46225,-0.80937,-0.05525,0.0,-0.00526
10175.15,BTC-27DEC19,1566644343289,open,0.38,51.5,0.333,0.401,0.36786627,87.04,0.39,0.0,BTC-27DEC19-7000-C,9988.57,85.37,0.3655,3.6,0.3715,3.5,89.56,14.5557,-5.07255,16.39171,5e-05,0.83873
10036.59,BTC-27SEP19,1566644343289,open,0.0,406.8,0.0005,0.0105,3.03e-06,120.0,0.0005,0.0,BTC-27SEP19-2500-P,9988.57,0.0,0.0,0.0,0.0005,42.0,180.96,0.00435,-0.0077,-0.00034,0.0,-3e-05
9996.82,SYN.BTC-30AUG19,1566644343288,open,0.09,35.3,0.0425,0.096,0.07021966,82.36,0.0645,0.0,BTC-30AUG19-9500-C,9988.57,78.41,0.0685,5.2,0.072,4.5,86.41,4.37345,-30.65295,1.0222,0.00033,0.70542
10036.59,BTC-27SEP19,1566644343290,open,1.31,0.2,1.3445,1.443,1.39238557,115.29,1.6,0.0,BTC-27SEP19-24000-P,9988.57,0.0,0.0,0.0,0.0,0.0,0.0,0.85295,-1.45139,-22.18685,1e-05,-0.98946
10175.15,BTC-27DEC19,1566644343290,open,3.56,0.0,3.625,3.8235,3.72011008,106.73,None,0.0,BTC-27DEC19-48000-P,9988.57,0.0,0.0,0.0,0.0,0.0,0.0,2.24115,-0.95775,-163.79655,1e-05,-0.9851
10175.15,BTC-27DEC19,1566644343290,open,0.0,304.9,0.0005,0.0125,0.00281835,107.11,0.0025,0.0,BTC-27DEC19-48000-C,9988.57,99.88,0.0015,3.5,0.004,2.9,111.73,2.28924,-0.98174,0.43361,1e-05,0.01527
10175.15,BTC-27DEC19,1566644343290,open,0.63,27.7,0.601,0.6275,0.61324551,94.61,0.62,0.0,BTC-27DEC19-4000-C,9988.57,0.0,0.45,1.0,0.63,0.5,128.53,3.45153,-1.30744,12.60132,1e-05,0.97523
10006.78,SYN.BTC-6SEP19,1566644343286,open,0.01,5.3,0.0025,0.0295,0.01278005,87.55,0.008,0.0,BTC-6SEP19-8500-P,9988.57,86.88,0.0125,3.0,0.0145,50.0,91.55,4.20858,-14.30792,-0.54373,0.00014,-0.14125
10175.15,BTC-27DEC19,1566644343290,open,0.13,273.0,0.0725,0.163,0.11837317,88.39,0.1365,0.0,BTC-27DEC19-13000-C,9988.57,87.57,0.1165,24.6,0.121,1.6,89.54,23.19911,-8.21057,10.31704,7e-05,0.41474
10036.59,BTC-27SEP19,1566644343289,open,0.86,42.8,0.841,0.8605,0.85054909,160.84,0.815,0.0,BTC-27SEP19-1500-C,9988.57,0.0,0.0,0.0,0.0,0.0,0.0,0.00247,-0.00587,1.39196,0.0,0.99998
10175.15,BTC-27DEC19,1566644343290,open,0.86,0.1,0.843,0.8625,0.85283229,120.13,0.84,0.0,BTC-27DEC19-1500-C,9988.57,0.0,0.02,50.0,0.973,0.5,500.0,0.20936,-0.1007,5.08665,0.0,0.99895
10036.59,BTC-27SEP19,1566644343290,open,1.69,0.0,1.7355,1.8475,1.79019632,118.82,None,0.0,BTC-27SEP19-28000-P,9988.57,0.0,0.0,0.0,0.0,0.0,0.0,0.36103,-0.63316,-25.95348,0.0,-0.99601
10036.59,BTC-27SEP19,1566644343290,open,0.08,641.5,0.039,0.1015,0.07032411,88.12,0.0695,0.0,BTC-27SEP19-11000-C,9988.57,86.59,0.0685,39.0,0.0735,39.0,90.79,11.93911,-15.52865,3.23793,0.00014,0.41793
10175.15,BTC-27DEC19,1566644343290,open,0.44,294.4,0.415,0.537,0.47645499,89.7,0.45,0.0,BTC-27DEC19-14000-P,9988.57,0.0,0.006,3.0,1.208,0.2,499.96,22.36523,-8.03308,-38.70088,7e-05,-0.63526
10036.59,BTC-27SEP19,1566644343290,open,0.0,422.0,0.0005,0.0105,0.00012275,120.0,0.0005,0.0,BTC-27SEP19-3500-P,9988.57,0.0,0.0,0.0,0.001,91.1,150.96,0.11144,-0.19737,-0.0113,0.0,-0.00109
10036.59,BTC-27SEP19,1566644343290,open,0.76,55.9,0.741,0.7605,0.75091817,125.99,0.689,0.0,BTC-27SEP19-2500-C,9988.57,0.0,0.0045,10.0,0.8435,5.0,500.0,0.00849,-0.01578,2.31955,0.0,0.99993
10175.15,BTC-27DEC19,1566644343290,open,1.86,0.2,1.8935,2.035,1.9598308,98.83,2.03,0.0,BTC-27DEC19-30000-P,9988.57,0.0,0.005,1.0,0.0,0.0,0.0,6.80073,-2.69126,-101.056,2e-05,-0.9431
10175.15,BTC-27DEC19,1566644343290,open,0.0,208.9,0.0005,0.0105,0.00091896,102.36,0.001,0.0,BTC-27DEC19-2500-P,9988.57,95.15,0.0005,14.7,0.001,0.9,103.47,0.72073,-0.29539,-0.17469,0.0,-0.0041
10036.59,BTC-27SEP19,1566644343290,open,2.08,0.0,2.126,2.2535,2.18841857,115.96,None,0.0,BTC-27SEP19-32000-P,9988.57,0.0,0.0,0.0,0.0,0.0,0.0,0.09815,-0.16798,-29.69119,0.0,-0.99905
10175.15,BTC-27DEC19,1566644343290,open,0.03,255.2,0.0095,0.059,0.02993221,94.98,0.03,0.0,BTC-27DEC19-22000-C,9988.57,93.83,0.0285,4.0,0.032,6.0,96.6,12.82064,-4.87573,3.60401,4e-05,0.13346
10036.59,BTC-27SEP19,1566644343290,open,0.0,1660.1,0.0005,0.0105,0.0,120.0,0.0005,0.0,BTC-27SEP19-1500-P,9988.57,0.0,0.0,0.0,0.0005,109.1,246.61,1e-05,-1e-05,0.0,0.0,0.0
10036.59,BTC-27SEP19,1566644343290,open,0.0,761.0,0.0005,0.0105,0.00013233,120.0,0.0005,0.0,BTC-27SEP19-32000-C,9988.57,0.0,0.0,0.0,0.001,62.0,144.33,0.1401,-0.24815,0.01181,0.0,0.0014
10175.15,BTC-27DEC19,1566644343290,open,0.5,73.3,0.4585,0.5035,0.4804602,88.03,0.4875,0.0,BTC-27DEC19-5500-C,9988.57,0.0,0.255,1.0,0.943,5.0,500.0,8.27131,-2.91538,15.5373,3e-05,0.92678
10036.59,BTC-27SEP19,1566644343290,open,0.71,225.7,0.6915,0.711,0.70112291,121.49,0.693,0.0,BTC-27SEP19-3000-C,9988.57,0.0,0.0045,20.0,0.823,5.0,500.0,0.03199,-0.05737,2.7814,0.0,0.99972
10175.15,BTC-27DEC19,1566644343290,open,0.32,220.4,0.2635,0.3435,0.30541763,87.01,0.303,0.0,BTC-27DEC19-8000-C,9988.57,85.1,0.302,3.5,0.309,3.6,89.01,18.22911,-6.351,16.04746,6e-05,0.7664
10313.7,SYN.BTC-27MAR20,1566644343287,open,0.03,1.1,0.0095,0.0635,0.03089973,97.64,0.0305,0.0,BTC-27MAR20-34000-C,9988.57,95.61,0.028,0.5,0.0335,50.0,99.37,15.15824,-3.42786,4.9787,2e-05,0.11252
10036.59,BTC-27SEP19,1566644343290,open,0.34,748.2,0.293,0.3365,0.31429658,93.86,0.3625,0.0,BTC-27SEP19-7000-C,9988.57,90.93,0.313,5.6,0.3165,5.3,98.53,4.55826,-6.3149,5.63937,5e-05,0.91971
10175.15,BTC-27DEC19,1566644343291,open,0.72,0.0,0.698,0.7175,0.70756183,102.39,None,0.0,BTC-27DEC19-3000-C,9988.57,0.0,0.0055,0.1,0.959,0.5,500.0,1.54124,-0.63189,9.84345,0.0,0.99032
10175.15,BTC-27DEC19,1566644343291,open,0.04,204.0,0.0195,0.067,0.04152582,87.03,0.034,0.0,BTC-27DEC19-6500-P,9988.57,85.36,0.0395,3.4,0.043,2.0,88.23,12.46984,-4.34523,-5.90879,4e-05,-0.12821
10175.15,BTC-27DEC19,1566644343291,open,0.01,153.7,0.0005,0.026,0.00963234,100.22,0.0125,0.0,BTC-27DEC19-32000-C,9988.57,97.28,0.008,3.6,0.0115,6.0,103.23,5.97194,-2.39644,1.34644,2e-05,0.04831
10313.7,SYN.BTC-27MAR20,1566644343286,open,0.8,0.0,0.7765,0.93,0.85286665,90.86,None,0.0,BTC-27MAR20-18000-P,9988.57,0.0,0.0005,6.0,0.0,0.0,0.0,28.62621,-6.02394,-93.06474,5e-05,-0.6728
10036.7,BTC-27SEP19,1566644343291,open,0.54,13.5,0.5175,0.539,0.52813828,115.06,0.382,0.0,BTC-27SEP19-4750-C,9988.57,0.0,0.0045,10.0,0.595,5.0,299.08,0.84753,-1.43938,4.29799,1e-05,0.98954
10036.7,BTC-27SEP19,1566644343291,open,0.28,45.1,0.285,0.3665,0.32485285,90.97,0.286,0.0,BTC-27SEP19-13000-P,9988.57,85.94,0.3205,6.1,0.333,6.1,99.83,8.89414,-11.94267,-10.35376,0.0001,-0.78665
9996.82,SYN.BTC-30AUG19,1566644343290,open,0.21,0.0,0.226,0.281,0.25187589,92.98,None,0.0,BTC-30AUG19-12500-P,9988.57,0.0,0.0,0.0,0.0,0.0,0.0,0.93925,-7.4316,-1.96112,6e-05,-0.96676
10313.7,SYN.BTC-27MAR20,1566644343286,open,2.78,1.0,2.8085,3.002,2.89958353,98.96,2.7125,0.0,BTC-27MAR20-40000-P,9988.57,0.0,0.0,0.0,0.0,0.0,0.0,11.87062,-2.72095,-232.94902,2e-05,-0.91929
10006.78,SYN.BTC-6SEP19,1566644343286,open,0.02,28.4,0.004,0.0375,0.01762075,84.16,0.018,0.0,BTC-6SEP19-11500-C,9988.57,83.01,0.017,4.4,0.0195,44.6,87.56,5.44086,-17.78167,0.68476,0.00018,0.2116
10175.15,BTC-27DEC19,1566644343292,open,0.04,653.8,0.0135,0.0705,0.03805729,92.88,0.039,0.0,BTC-27DEC19-20000-C,9988.57,92.5,0.0375,7.5,0.039,16.4,93.53,14.80071,-5.50439,4.43526,4e-05,0.16546
10313.7,SYN.BTC-27MAR20,1566644343286,open,2.22,0.0,2.2425,2.4225,2.32734199,97.54,None,0.0,BTC-27MAR20-34000-P,9988.57,0.0,0.0,0.0,0.0,0.0,0.0,15.12197,-3.41623,-196.12518,2e-05,-0.88786
9996.82,SYN.BTC-30AUG19,1566644343289,open,0.36,13.0,0.373,0.431,0.40072292,104.53,0.2895,0.0,BTC-30AUG19-14000-P,9988.57,0.0,0.0,0.0,0.0,0.0,0.0,0.23765,-2.11382,-2.24336,1e-05,-0.9933
9996.82,SYN.BTC-30AUG19,1566644343287,open,0.0,361.7,0.0005,0.011,0.00118713,102.44,0.0015,0.0,BTC-30AUG19-13000-C,9988.57,99.8,0.001,1.6,0.0015,9.6,106.32,0.74694,-6.51115,0.03869,5e-05,0.02523
9996.82,SYN.BTC-30AUG19,1566644343289,open,0.45,0.0,0.471,0.533,0.50067222,118.48,None,0.0,BTC-30AUG19-15000-P,9988.57,0.0,0.0,0.0,0.0,0.0,0.0,0.1617,-1.63024,-2.408,1e-05,-0.99566
189.25,ETH-27SEP19,1566644343293,open,2.74,0.0,2.695,2.923,2.805136,155.59,None,0.0,ETH-27SEP19-720-P,188.29,0.0,0.0,0.0,0.0,0.0,0.0,0.0082,-0.01884,-0.66748,0.00016,-0.99509
10006.78,SYN.BTC-6SEP19,1566644343286,open,0.11,0.0,0.059,0.117,0.08912515,82.89,None,0.0,BTC-6SEP19-9500-C,9988.57,80.52,0.0875,5.3,0.0915,28.8,86.33,6.88876,-22.17299,2.01416,0.00024,0.65971
10006.78,SYN.BTC-6SEP19,1566644343287,open,0.0,0.2865,0.3185,0.30192714,97.26,None,0.0,BTC-6SEP19-7000-C,9988.57,0.0,0.0,0.0,0.0,0.0,0.0,0.92164,-3.48097,2.39252,3e-05,0.9797
9996.82,SYN.BTC-30AUG19,1566644343287,open,0.05,116.1,0.0425,0.1005,0.07162417,80.44,0.075,0.0,BTC-30AUG19-10500-P,9988.57,74.71,0.069,44.4,0.0735,1.6,84.49,4.61298,-31.57738,-1.18776,0.00036,-0.66645
10036.7,BTC-27SEP19,1566644343294,open,0.74,1.0,0.7595,0.842,0.79819672,101.91,0.575,0.0,BTC-27SEP19-18000-P,9988.57,0.0,0.0045,0.3,1.215,0.3,500.0,2.74973,-4.1362,-16.35761,3e-05,-0.95784
10313.7,SYN.BTC-27MAR20,1566644343287,open,2.04,0.0,2.055,2.232,2.13848612,97.41,None,0.0,BTC-27MAR20-32000-P,9988.57,0.0,0.0,0.0,0.0,0.0,0.0,16.58297,-3.74153,-183.64917,3e-05,-0.87219
10313.7,SYN.BTC-27MAR20,1566644343286,open,0.05,20.1,0.0315,0.089,0.05889921,87.35,0.062,0.0,BTC-27MAR20-6000-P,9988.57,83.29,0.0525,53.1,0.0625,48.1,89.58,16.47902,-3.3338,-11.31917,3e-05,-0.12666
9996.82,SYN.BTC-30AUG19,1566644343289,open,0.06,500.9,0.0155,0.0655,0.04055091,80.45,0.042,0.0,BTC-30AUG19-10000-C,9988.57,77.38,0.039,3.9,0.0425,34.3,84.31,5.05425,-34.60127,0.77013,0.00039,0.51911
9996.82,SYN.BTC-30AUG19,1566644343289,open,0.32,0.0,0.286,0.315,0.30004725,113.96,None,0.0,BTC-30AUG19-7000-C,9988.57,0.0,0.0,0.0,0.0,0.0,0.0,0.20262,-1.96498,1.11741,1e-05,0.99441
9996.82,SYN.BTC-30AUG19,1566644343289,open,0.01,257.3,0.0005,0.0185,0.0053696,85.41,0.0045,0.0,BTC-30AUG19-11500-C,9988.57,85.96,0.0055,10.1,0.006,33.0,88.03,2.35018,-17.08152,0.1648,0.00017,0.10777
10006.78,SYN.BTC-6SEP19,1566644343286,open,0.05,15.2,0.017,0.0675,0.04164992,82.5,0.056,0.0,BTC-6SEP19-10500-C,9988.57,80.23,0.04,5.2,0.0435,38.0,85.03,7.29711,-23.37729,1.29274,0.00025,0.40787
10036.7,BTC-27SEP19,1566644343295,open,0.0,428.2,0.0005,0.0105,0.00044586,119.93,0.0005,0.0,BTC-27SEP19-28000-C,9988.57,0.0,0.0,0.0,0.0015,62.0,136.36,0.38882,-0.68829,0.03618,0.0,0.00433
10006.78,SYN.BTC-6SEP19,1566644343286,open,0.01,14.5,0.0065,0.044,0.02262188,84.45,0.0225,0.0,BTC-6SEP19-9000-P,9988.57,82.46,0.0215,5.7,0.025,48.1,88.61,5.66895,-18.59118,-0.88215,0.00019,-0.22728
10313.7,SYN.BTC-27MAR20,1566644343286,open,0.35,12.3,0.3085,0.4415,0.37674184,88.51,0.3285,0.0,BTC-27MAR20-12000-P,9988.57,86.62,0.371,29.2,0.386,24.2,91.55,31.42415,-6.44189,-50.61916,6e-05,-0.45309
9996.82,SYN.BTC-30AUG19,1566644343291,open,0.55,0.0,0.5695,0.6345,0.60055762,119.09,0.403,0.0,BTC-30AUG19-16000-P,9988.57,0.0,0.0,0.0,0.0,0.0,0.0,0.05027,-0.50946,-2.5738,0.0,-0.99881
9996.82,SYN.BTC-30AUG19,1566644343290,open,0.01,1210.7,0.0005,0.025,0.00895778,85.03,0.0095,0.0,BTC-30AUG19-9000-P,9988.57,83.49,0.0085,5.4,0.0095,0.1,86.83,2.9845,-21.59605,-0.25915,0.00022,-0.15208
9996.82,SYN.BTC-30AUG19,1566644343287,open,0.27,0.0,0.235,0.268,0.25071506,111.49,0.256,0.0,BTC-30AUG19-7500-C,9988.57,0.0,0.0,0.0,0.0,0.0,0.0,0.55519,-5.26713,1.17721,3e-05,0.98224
10313.7,SYN.BTC-27MAR20,1566644343286,open,0.37,0.1,0.313,0.4055,0.36149908,87.35,0.366,0.0,BTC-27MAR20-8000-C,9988.57,83.99,0.3535,38.2,0.3635,38.2,88.2,24.5227,-4.9616,24.45454,4e-05,0.7624
9996.82,SYN.BTC-30AUG19,1566644343290,open,0.18,0.0,0.133,0.1755,0.15378691,92.13,0.171,0.0,BTC-30AUG19-8500-C,9988.57,0.0,0.0,0.0,0.0,0.0,0.0,1.77878,-13.94618,1.24255,0.00012,0.92591
9996.82,SYN.BTC-30AUG19,1566644343288,open,0.0,314.0,0.0005,0.0105,0.00028174,104.7,0.0005,0.0,BTC-30AUG19-14000-C,9988.57,0.0,0.0,0.0,0.0005,4.0,112.02,0.24019,-2.13997,0.01045,1e-05,0.00678
9996.82,SYN.BTC-30AUG19,1566644343289,open,0.0,702.2,0.0005,0.0105,1.223e-05,120.0,0.0005,0.0,BTC-30AUG19-6000-P,9988.57,0.0,0.0,0.0,0.0005,62.0,170.01,0.01415,-0.12221,-0.00051,0.0,-0.0003
10006.78,SYN.BTC-6SEP19,1566644343286,open,0.22,0.0,0.2265,0.2895,0.25644306,87.06,None,0.0,BTC-6SEP19-12500-P,9988.57,0.0,0.051,1.0,0.0,0.0,0.0,3.31053,-11.19281,-4.08044,0.00011,-0.8995
9996.82,SYN.BTC-30AUG19,1566644343287,open,0.23,23.0,0.184,0.221,0.20155567,100.05,0.2,0.0,BTC-30AUG19-8000-C,9988.57,0.0,0.0,0.0,0.0,0.0,0.0,0.96799,-8.24173,1.22943,6e-05,0.96552
9996.82,SYN.BTC-30AUG19,1566644343291,open,0.26,17.1,0.275,0.332,0.3015968,102.39,0.2385,0.0,BTC-30AUG19-13000-P,9988.57,0.0,0.0,0.0,0.0,0.0,0.0,0.7454,-6.49455,-2.05412,5e-05,-0.97483
10006.78,SYN.BTC-6SEP19,1566644343286,open,0.04,17.1,0.0325,0.091,0.0613881,82.49,0.06,0.0,BTC-6SEP19-10000-P,9988.57,80.63,0.06,5.1,0.0645,43.9,86.66,7.4729,-23.93817,-1.86656,0.00026,-0.46739
9996.82,SYN.BTC-30AUG19,1566644343290,open,0.17,51.2,0.177,0.2325,0.203101,88.75,0.1595,0.0,BTC-30AUG19-12000-P,9988.57,0.0,0.0135,0.1,0.0,0.0,0.0,1.48556,-11.21976,-1.84162,0.0001,-0.94128
10006.78,SYN.BTC-6SEP19,1566644343286,open,0.23,0.0,0.186,0.2295,0.20734707,91.02,None,0.0,BTC-6SEP19-8000-C,9988.57,0.0,0.0,0.0,0.0,0.0,0.0,2.83467,-10.01898,2.51021,9e-05,0.91846
10313.7,SYN.BTC-27MAR20,1566644343286,open,0.1,19.8,0.0445,0.1385,0.0894453,92.15,0.0925,0.0,BTC-27MAR20-20000-C,9988.57,90.03,0.084,46.3,0.0935,46.3,93.7,26.74105,-5.70717,11.67777,5e-05,0.28089
9996.82,SYN.BTC-30AUG19,1566644343287,open,0.0,1176.8,0.0005,0.0105,0.00026784,113.86,0.0005,0.0,BTC-30AUG19-7000-P,9988.57,0.0,0.0,0.0,0.0005,28.1,122.98,0.20152,-1.95254,-0.00938,1e-05,-0.00556
9996.82,SYN.BTC-30AUG19,1566644343291,open,0.42,0.0,0.388,0.4115,0.39982315,121.18,None,0.0,BTC-30AUG19-6000-C,9988.57,0.0,0.0,0.0,0.0,0.0,0.0,0.01578,-0.16274,0.9653,0.0,0.99966
10313.7,SYN.BTC-27MAR20,1566644343287,open,2.41,0.0,2.431,2.6165,2.51832309,98.6,None,0.0,BTC-27MAR20-36000-P,9988.57,0.0,0.0,0.0,0.0,0.0,0.0,14.13945,-3.22919,-208.38331,2e-05,-0.89783
9996.82,SYN.BTC-30AUG19,1566644343293,open,0.0,356.2,0.0005,0.0105,1.218e-05,120.0,0.001,0.0,BTC-30AUG19-17000-C,9988.57,0.0,0.0,0.0,0.0005,17.0,165.51,0.01505,-0.12179,0.0005,0.0,0.00032
10006.78,SYN.BTC-6SEP19,1566644343287,open,0.31,0.0,0.323,0.3855,0.3523974,91.66,None,0.0,BTC-6SEP19-13500-P,9988.57,0.0,0.0,0.0,0.0,0.0,0.0,1.91203,-6.80593,-4.60044,6e-05,-0.95085
189.25,ETH-27SEP19,1566644343315,open,2.95,0.0,2.9,3.141,3.016513,161.27,None,0.0,ETH-27SEP19-760-P,188.29,0.0,0.0,0.0,0.0,0.0,0.0,0.00816,-0.01942,-0.70462,0.00015,-0.99512
188.45,SYN.ETH-30AUG19,1566644343324,open,0.11,1.0,0.086,0.161,0.123257,83.51,0.102,0.0,ETH-30AUG19-210-P,188.29,68.47,0.119,200.0,0.129,200.0,100.13,0.05967,-0.424,-0.02903,0.0125,-0.83366
191.89,ETH-27DEC19,1566644343326,open,2.89,0.0,2.846,3.095,2.965404,104.12,None,0.0,ETH-27DEC19-760-P,188.29,0.0,0.0,0.0,0.0,0.0,0.0,0.06617,-0.02759,-2.58672,0.0005,-0.97474
194.54,SYN.ETH-27MAR20,1566644343328,open,1.1,0.0,1.048,1.241,1.144294,95.91,None,0.0,ETH-27MAR20-400-P,188.29,0.0,0.0,0.0,2.037,1.0,500.0,0.49601,-0.11019,-2.15487,0.00231,-0.72855
188.65,SYN.ETH-6SEP19,1566644343351,open,0.16,0.0,0.141,0.224,0.181952,85.79,None,0.0,ETH-6SEP19-220-P,188.3,73.23,0.176,200.0,0.189,200.0,98.77,0.09652,-0.32155,-0.06593,0.00896,-0.80881
194.54,SYN.ETH-27MAR20,1566644343351,open,0.05,11.0,0.017,0.081,0.04548,98.64,0.056,0.0,ETH-27MAR20-560-C,188.3,96.14,0.041,1.0,0.048,110.0,100.0,0.35678,-0.08151,0.12622,0.00162,0.15518
194.54,SYN.ETH-27MAR20,1566644343351,open,0.04,128.0,0.014,0.073,0.039361,99.22,0.045,0.0,ETH-27MAR20-600-C,188.3,97.19,0.036,1.0,0.042,110.0,100.76,0.32792,-0.07536,0.1122,0.00148,0.13688
194.54,SYN.ETH-27MAR20,1566644343351,open,0.07,1.0,0.032,0.114,0.071691,95.83,0.084,0.0,ETH-27MAR20-440-C,188.3,92.47,0.064,576.0,0.076,110.0,97.66,0.45427,-0.10083,0.18213,0.00212,0.22998
194.54,SYN.ETH-27MAR20,1566644343351,open,1.29,0.0,1.235,1.435,1.333452,95.84,None,0.0,ETH-27MAR20-440-P,188.3,0.0,0.0,0.0,2.241,1.0,500.0,0.45431,-0.10084,-2.42019,0.00212,-0.76998
188.65,SYN.ETH-6SEP19,1566644343351,open,0.01,44.0,0.001,0.018,0.005735,87.03,0.005,0.0,ETH-6SEP19-240-C,188.3,84.36,0.005,200.0,0.007,400.0,91.26,0.05372,-0.18157,0.00508,0.00492,0.08212
188.65,SYN.ETH-6SEP19,1566644343351,open,0.12,0.0,0.098,0.179,0.13864,85.43,None,0.0,ETH-6SEP19-210-P,188.3,76.24,0.133,200.0,0.145,200.0,95.29,0.11892,-0.39451,-0.05725,0.01109,-0.72171
188.65,SYN.ETH-6SEP19,1566644343351,open,0.09,0.0,0.061,0.138,0.099817,84.82,None,0.0,ETH-6SEP19-200-P,188.3,79.49,0.096,200.0,0.103,200.0,89.24,0.13565,-0.44683,-0.04743,0.01274,-0.61295
189.26,ETH-27SEP19,1566644343359,open,0.0,6011.0,0.001,0.011,0.000229,124.98,0.002,0.0,ETH-27SEP19-600-C,188.3,0.0,0.0,0.0,0.001,299.0,143.73,0.00408,-0.00752,0.00036,0.0001,0.00226
189.26,ETH-27SEP19,1566644343364,open,0.0,3828.0,0.001,0.011,0.000416,124.98,0.001,0.0,ETH-27SEP19-560-C,188.3,0.0,0.0,0.0,0.001,200.0,136.5,0.00671,-0.01238,0.00062,0.00016,0.00392
189.26,ETH-27SEP19,1566644343518,open,0.13,3129.0,0.097,0.183,0.140936,88.61,0.116,0.0,ETH-27SEP19-200-P,188.3,84.42,0.136,200.0,0.146,418.0,92.67,0.22947,-0.30012,-0.11747,0.00779,-0.5277
10313.7,SYN.BTC-27MAR20,1566644344268,open,0.49,7.6,0.4545,0.599,0.52809583,90.38,0.475,0.0,BTC-27MAR20-14000-P,9988.57,87.08,0.518,3.6,0.5525,3.6,98.35,31.50916,-6.59576,-64.95064,6e-05,-0.5367
10036.62,BTC-27SEP19,1566644344273,open,0.12,604.4,0.073,0.1405,0.10789182,87.68,0.128,0.0,BTC-27SEP19-10000-C,9988.57,85.69,0.1055,40.0,0.111,35.0,90.27,12.06666,-15.61658,4.19771,0.00015,0.55853
9996.82,SYN.BTC-30AUG19,1566644344288,open,0.13,52.7,0.084,0.1325,0.10867199,85.04,0.101,0.0,BTC-30AUG19-9000-C,9988.57,65.1,0.1035,6.0,0.1125,6.0,97.12,2.98479,-21.60044,1.18961,0.00022,0.8479
9996.92,SYN.BTC-30AUG19,1566644344335,open,0.05,116.1,0.0425,0.1005,0.07162662,80.46,0.075,0.0,BTC-30AUG19-10500-P,9988.59,74.72,0.069,44.4,0.0735,2.5,84.5,4.61349,-31.58912,-1.18763,0.00036,-0.66636
188.66,SYN.ETH-6SEP19,1566644344358,open,0.27,0.0,0.236,0.285,0.260671,93.24,None,0.0,ETH-6SEP19-140-C,188.29,0.0,0.0,0.0,0.0,0.0,0.0,0.02843,-0.10294,0.04677,0.00243,0.96336
188.66,SYN.ETH-6SEP19,1566644344358,open,0.0,30.0,0.001,0.015,0.004558,93.1,0.005,0.0,ETH-6SEP19-250-C,188.29,85.71,0.003,200.0,0.007,800.0,102.32,0.04437,-0.16039,0.00395,0.0038,0.06395
194.54,SYN.ETH-27MAR20,1566644344358,open,0.47,0.0,0.418,0.496,0.460322,91.02,None,0.0,ETH-27MAR20-120-C,188.29,0.0,0.0,0.0,0.0,0.0,0.0,0.34746,-0.07325,0.44937,0.00171,0.85088
188.66,SYN.ETH-6SEP19,1566644344358,open,0.31,0.0,0.288,0.375,0.329756,93.51,None,0.0,ETH-6SEP19-250-P,188.29,0.0,0.0,0.0,0.0,0.0,0.0,0.04487,-0.16293,-0.08418,0.00382,-0.93511
188.66,SYN.ETH-6SEP19,1566644344358,open,0.26,0.0,0.237,0.321,0.277928,87.35,None,0.0,ETH-6SEP19-240-P,188.29,0.0,0.0,0.0,0.0,0.0,0.0,0.05418,-0.18379,-0.07952,0.00494,-0.91696
194.54,SYN.ETH-27MAR20,1566644344358,open,0.62,0.0,0.587,0.631,0.609677,91.02,None,0.0,ETH-27MAR20-80-C,188.29,0.0,0.0,0.0,0.0,0.0,0.0,0.16083,-0.0339,0.3885,0.00079,0.94733
194.54,SYN.ETH-27MAR20,1566644344358,open,0.16,2.0,0.117,0.219,0.169822,91.02,0.151,0.0,ETH-27MAR20-160-P,188.29,87.91,0.162,486.0,0.176,486.0,93.47,0.48966,-0.10323,-0.49984,0.0024,-0.2646
188.66,SYN.ETH-6SEP19,1566644344359,open,0.0,0.0,0.001,0.012,0.002782,93.6,None,0.0,ETH-6SEP19-140-P,188.29,87.99,0.002,200.0,0.004,5.0,100.81,0.02874,-0.10448,-0.00266,0.00245,-0.03714
188.66,SYN.ETH-6SEP19,1566644344358,open,0.22,0.0,0.183,0.237,0.21057,88.35,None,0.0,ETH-6SEP19-150-C,188.29,0.0,0.0,0.0,0.0,0.0,0.0,0.04834,-0.16586,0.04778,0.00436,0.92853
194.54,SYN.ETH-27MAR20,1566644344358,open,0.07,1.0,0.044,0.111,0.077161,91.02,0.076,0.0,ETH-27MAR20-120-P,188.29,85.83,0.068,562.0,0.08,562.0,92.6,0.34746,-0.07325,-0.26036,0.00171,-0.14912
10175.01,BTC-27DEC19,1566644344449,open,0.29,71.1,0.2635,0.3785,0.32224941,88.11,0.326,0.0,BTC-27DEC19-12000-P,9988.59,86.07,0.3175,3.6,0.329,5.7,91.01,23.69691,-8.36026,-29.48967,8e-05,-0.52488
10175.03,BTC-27DEC19,1566644344451,open,0.38,51.5,0.333,0.401,0.36785799,87.03,0.39,0.0,BTC-27DEC19-7000-C,9988.59,85.38,0.3655,3.7,0.3715,3.5,89.56,14.55571,-5.07245,16.39169,5e-05,0.83873
10175.03,BTC-27DEC19,1566644344464,open,0.38,51.5,0.333,0.401,0.36785799,87.03,0.39,0.0,BTC-27DEC19-7000-C,9988.59,85.38,0.3655,3.7,0.3715,3.6,89.56,14.55571,-5.07245,16.39169,5e-05,0.83873
10036.64,BTC-27SEP19,1566644344473,open,0.05,703.6,0.0205,0.0735,0.0456165,89.44,0.0455,0.0,BTC-27SEP19-12000-C,9988.59,88.38,0.0445,4.4,0.048,42.7,91.67,10.65844,-14.06994,2.3855,0.00013,0.30171
10036.62,BTC-27SEP19,1566644344481,open,0.0,422.0,0.0005,0.0105,0.00012277,120.0,0.0005,0.0,BTC-27SEP19-3500-P,9988.59,0.0,0.0,0.0,0.001,91.0,150.96,0.11145,-0.1974,-0.0113,0.0,-0.00109
10175.01,BTC-27DEC19,1566644344515,open,0.08,219.6,0.035,0.1125,0.07201587,91.11,0.0795,0.0,BTC-27DEC19-16000-C,9988.59,90.08,0.07,3.3,0.072,0.2,91.1,20.03288,-7.30792,7.23888,6e-05,0.27996
10175.01,BTC-27DEC19,1566644344522,open,0.01,250.3,0.0045,0.0285,0.0143792,89.43,0.016,0.0,BTC-27DEC19-5000-P,9988.59,88.82,0.014,4.0,0.015,0.1,90.4,6.39375,-2.28936,-2.33272,2e-05,-0.05263
10036.62,BTC-27SEP19,1566644344524,open,0.34,748.2,0.293,0.3365,0.3142876,93.84,0.3625,0.0,BTC-27SEP19-7000-C,9988.59,90.93,0.313,4.5,0.3165,5.3,98.53,4.5564,-6.31072,5.63988,5e-05,0.91975
188.66,SYN.ETH-6SEP19,1566644344530,open,0.13,0.0,0.088,0.154,0.122828,85.77,None,0.0,ETH-6SEP19-170-C,188.29,67.82,0.113,40.0,0.13,40.0,98.01,0.10852,-0.36145,0.04284,0.01008,0.76645
10036.62,BTC-27SEP19,1566644344540,open,0.34,748.2,0.293,0.3365,0.3142876,93.84,0.3625,0.0,BTC-27SEP19-7000-C,9988.59,90.93,0.313,4.5,0.3165,5.1,98.53,4.5564,-6.31072,5.63988,5e-05,0.91975
10175.01,BTC-27DEC19,1566644344549,open,0.01,344.8,0.0005,0.016,0.00635374,94.59,0.0065,0.0,BTC-27DEC19-4000-P,9988.59,93.53,0.006,2.6,0.0075,6.0,97.81,3.44962,-1.30644,-1.0829,1e-05,-0.02475
10036.62,BTC-27SEP19,1566644344556,open,0.12,604.4,0.073,0.1405,0.10789182,87.68,0.128,0.0,BTC-27SEP19-10000-C,9988.59,85.69,0.1055,39.6,0.111,35.0,90.27,12.06666,-15.61658,4.19771,0.00015,0.55853
10036.62,BTC-27SEP19,1566644344570,open,0.18,373.6,0.127,0.192,0.16078868,87.84,0.18,0.0,BTC-27SEP19-9000-C,9988.59,85.66,0.1585,5.5,0.164,31.2,90.89,10.53654,-13.66073,5.07686,0.00013,0.70581
10036.62,BTC-27SEP19,1566644344576,open,0.18,373.6,0.127,0.192,0.16078868,87.84,0.18,0.0,BTC-27SEP19-9000-C,9988.59,85.66,0.1585,36.7,0.164,31.2,90.89,10.53654,-13.66073,5.07686,0.00013,0.70581
10175.01,BTC-27DEC19,1566644344582,open,0.32,220.4,0.2635,0.3435,0.30540953,87.01,0.303,0.0,BTC-27DEC19-8000-C,9988.59,85.11,0.302,3.6,0.309,3.6,89.01,18.22919,-6.35096,16.04726,6e-05,0.76639
10175.01,BTC-27DEC19,1566644344589,open,0.32,220.4,0.2635,0.3435,0.30540953,87.01,0.303,0.0,BTC-27DEC19-8000-C,9988.59,85.11,0.302,3.6,0.309,3.7,89.01,18.22919,-6.35096,16.04726,6e-05,0.76639
10175.01,BTC-27DEC19,1566644344596,open,0.0,160.4,0.0005,0.0135,0.00383778,97.4,0.002,0.0,BTC-27DEC19-3500-P,9988.59,93.45,0.003,4.5,0.005,17.9,102.12,2.31372,-0.90236,-0.67195,1e-05,-0.01546
10036.64,BTC-27SEP19,1566644344607,open,0.03,360.2,0.0105,0.054,0.029609,90.98,0.03,0.0,BTC-27SEP19-13000-C,9988.59,90.29,0.029,24.7,0.0315,80.9,93.09,8.89428,-11.94341,1.7116,0.0001,0.21335
10036.64,BTC-27SEP19,1566644344621,open,0.25,874.9,0.2025,0.258,0.23072985,89.9,0.2445,0.0,BTC-27SEP19-8000-C,9988.59,86.95,0.2285,5.4,0.2335,5.5,93.49,7.65715,-10.16049,5.60771,9e-05,0.83274
10036.64,BTC-27SEP19,1566644344625,open,0.25,874.9,0.2025,0.258,0.23072985,89.9,0.2445,0.0,BTC-27SEP19-8000-C,9988.59,86.95,0.2285,5.4,0.2335,5.4,93.49,7.65715,-10.16049,5.60771,9e-05,0.83274
10036.64,BTC-27SEP19,1566644344631,open,0.04,444.8,0.03,0.0865,0.05750758,87.84,0.058,0.0,BTC-27SEP19-9000-P,9988.59,86.41,0.056,4.5,0.061,48.5,91.16,10.53658,-13.66128,-3.27609,0.00013,-0.29419
10036.64,BTC-27SEP19,1566644344637,open,0.04,444.8,0.03,0.0865,0.05750758,87.84,0.058,0.0,BTC-27SEP19-9000-P,9988.59,86.41,0.056,4.5,0.061,43.9,91.16,10.53658,-13.66128,-3.27609,0.00013,-0.29419
10036.64,BTC-27SEP19,1566644344661,open,0.0,555.2,0.0005,0.0115,0.00166072,110.63,0.0025,0.0,BTC-27SEP19-22000-C,9988.59,104.01,0.001,124.8,0.0025,55.6,116.79,1.18351,-1.93258,0.12785,1e-05,0.01539
10175.03,BTC-27DEC19,1566644344663,open,0.08,450.1,0.055,0.129,0.09163873,87.01,0.09,0.0,BTC-27DEC19-8000-P,9988.59,85.25,0.0885,3.6,0.0945,4.9,88.6,18.22899,-6.35047,-11.3222,6e-05,-0.23361
10036.62,BTC-27SEP19,1566644344896,open,0.08,430.4,0.0685,0.1395,0.10423983,87.68,0.1105,0.0,BTC-27SEP19-10000-P,9988.59,85.82,0.102,42.3,0.1075,36.9,90.39,12.06667,-15.61629,-5.0833,0.00015,-0.44147
10036.62,BTC-27SEP19,1566644344902,open,0.28,45.1,0.285,0.3665,0.3248665,90.97,0.286,0.0,BTC-27SEP19-13000-P,9988.59,87.11,0.3215,6.1,0.333,6.1,99.82,8.89346,-11.94113,-10.35395,0.0001,-0.78668
10036.62,BTC-27SEP19,1566644344910,open,0.28,45.1,0.285,0.3665,0.3248665,90.97,0.286,0.0,BTC-27SEP19-13000-P,9988.59,87.11,0.3215,6.1,0.3335,6.1,100.34,8.89346,-11.94113,-10.35395,0.0001,-0.78668
10036.62,BTC-27SEP19,1566644344917,open,0.34,748.2,0.293,0.3365,0.31428948,93.84,0.3625,0.0,BTC-27SEP19-7000-C,9988.59,90.93,0.313,4.4,0.3165,5.1,98.53,4.5564,-6.31072,5.63988,5e-05,0.91975
10036.62,BTC-27SEP19,1566644344922,open,0.34,748.2,0.293,0.3365,0.31428948,93.84,0.3625,0.0,BTC-27SEP19-7000-C,9988.59,90.93,0.313,4.4,0.3165,5.7,98.53,4.5564,-6.31072,5.63988,5e-05,0.91975
10036.64,BTC-27SEP19,1566644344991,open,0.21,91.6,0.2005,0.282,0.2412372,89.44,0.1885,0.0,BTC-27SEP19-12000-P,9988.59,85.89,0.2375,8.3,0.2495,8.3,97.09,10.65872,-14.07118,-8.75161,0.00013,-0.69827
10313.6,SYN.BTC-27MAR20,1566644345130,open,0.49,7.6,0.4545,0.599,0.52810667,90.38,0.475,0.0,BTC-27MAR20-14000-P,9988.59,87.07,0.518,3.6,0.552,3.6,98.19,31.50892,-6.59602,-64.95087,6e-05,-0.53669
9996.92,SYN.BTC-30AUG19,1566644345151,open,0.05,116.1,0.0425,0.1005,0.07161967,80.46,0.075,0.0,BTC-30AUG19-10500-P,9988.59,74.72,0.069,62.4,0.0735,2.5,84.5,4.61349,-31.58912,-1.18763,0.00036,-0.66636
9996.92,SYN.BTC-30AUG19,1566644345194,open,0.13,52.7,0.084,0.1325,0.10867924,85.01,0.101,0.0,BTC-30AUG19-9000-C,9988.59,67.34,0.104,6.0,0.1125,6.0,97.1,2.9835,-21.58306,1.18979,0.00022,0.848
10036.62,BTC-27SEP19,1566644345195,open,0.02,875.3,0.0105,0.049,0.02781286,89.91,0.0265,0.0,BTC-27SEP19-8000-P,9988.59,88.17,0.0265,68.3,0.03,49.0,92.74,7.65746,-10.16143,-1.81724,9e-05,-0.16727
189.27,ETH-27SEP19,1566644345365,open,0.0,2698.0,0.001,0.011,4.1e-05,125.0,0.001,0.0,ETH-27SEP19-720-C,188.28,0.0,0.0,0.0,0.001,421.0,162.48,0.00094,-0.00173,7e-05,2e-05,0.00045
189.27,ETH-27SEP19,1566644345365,open,0.01,3838.0,0.001,0.022,0.009137,96.3,0.01,0.0,ETH-27SEP19-300-C,188.28,93.63,0.008,201.0,0.01,160.0,98.21,0.08353,-0.11873,0.01198,0.00261,0.07732
189.27,ETH-27SEP19,1566644345365,open,0.77,296.0,0.745,0.861,0.800718,100.5,0.848,0.0,ETH-27SEP19-340-P,188.28,0.0,0.0,0.0,1.19,1.0,476.19,0.04887,-0.07248,-0.30943,0.00146,-0.96081
189.27,ETH-27SEP19,1566644345365,open,0.01,7879.0,0.005,0.033,0.016624,90.94,0.014,0.0,ETH-27SEP19-140-P,188.28,89.84,0.016,200.0,0.018,160.0,93.31,0.10837,-0.14546,-0.02223,0.00358,-0.10993
191.9,ETH-27DEC19,1566644345365,open,0.3,5.0,0.237,0.327,0.286183,90.91,0.26,0.0,ETH-27DEC19-160-C,188.28,85.65,0.276,267.0,0.293,267.0,94.42,0.37228,-0.13551,0.29029,0.00325,0.72833
189.27,ETH-27SEP19,1566644345365,open,0.29,191.0,0.247,0.305,0.276901,90.87,0.5,0.0,ETH-27SEP19-140-C,188.28,0.0,0.0,0.0,0.0,0.0,0.0,0.10828,-0.14522,0.10773,0.00358,0.89021
191.89,ETH-27DEC19,1566644345365,open,0.01,2417.0,0.001,0.015,0.005316,102.31,0.006,0.0,ETH-27DEC19-720-C,188.28,98.48,0.004,200.0,0.007,110.0,106.39,0.07219,-0.02957,0.01492,0.00056,0.02804
191.89,ETH-27DEC19,1566644345365,open,0.22,2640.0,0.176,0.291,0.235824,90.89,0.213,0.0,ETH-27DEC19-200-P,188.28,87.92,0.229,24.0,0.243,366.0,94.03,0.43993,-0.16011,-0.43413,0.00384,-0.42545
191.89,ETH-27DEC19,1566644345365,open,1.68,37.0,1.636,1.824,1.726227,99.38,0.707,0.0,ETH-27DEC19-520-P,188.28,0.0,0.002,25.0,0.0,0.0,0.0,0.16237,-0.06461,-1.73912,0.0013,-0.92283
189.27,ETH-27SEP19,1566644345365,open,2.95,0.0,2.899,3.139,3.015452,125.0,None,0.0,ETH-27SEP19-760-P,188.28,0.0,0.0,0.0,0.0,0.0,0.0,0.00058,-0.00107,-0.70531,1e-05,-0.99973
191.89,ETH-27DEC19,1566644345365,open,2.08,0.0,2.039,2.245,2.137243,101.2,0.953,0.0,ETH-27DEC19-600-P,188.28,0.0,0.0,0.0,0.0,0.0,0.0,0.11862,-0.04806,-2.02577,0.00093,-0.94845
191.89,ETH-27DEC19,1566644345365,open,1.88,0.0,1.838,2.035,1.932017,101.26,0.845,0.0,ETH-27DEC19-560-P,188.28,0.0,0.0,0.0,0.0,0.0,0.0,0.14273,-0.05787,-1.88205,0.00112,-0.93476
189.27,ETH-27SEP19,1566644345365,open,0.04,2464.0,0.012,0.058,0.033027,90.25,0.038,0.0,ETH-27SEP19-240-C,188.28,88.06,0.031,755.0,0.036,683.0,93.39,0.17671,-0.23538,0.03528,0.00589,0.23385
191.89,ETH-27DEC19,1566644345365,open,0.1,531.0,0.051,0.136,0.094319,93.72,0.104,0.0,ETH-27DEC19-280-C,188.28,90.74,0.088,374.0,0.099,342.0,95.89,0.41078,-0.15414,0.16062,0.00348,0.33898
189.26,ETH-27SEP19,1566644345366,open,1.49,0.0,1.463,1.617,1.537604,124.87,None,0.0,ETH-27SEP19-480-P,188.28,0.0,0.0,0.0,0.0,0.0,0.0,0.01805,-0.03326,-0.44362,0.00043,-0.98797
191.89,ETH-27DEC19,1566644345366,open,0.89,257.0,0.847,1.006,0.925715,96.16,0.947,0.0,ETH-27DEC19-360-P,188.28,0.0,0.008,4.0,1.011,110.0,139.62,0.31535,-0.12142,-1.13216,0.0026,-0.79881
191.89,ETH-27DEC19,1566644345366,open,2.69,0.0,2.644,2.881,2.75727,101.78,None,0.0,ETH-27DEC19-720-P,188.28,0.0,0.003,5.0,0.0,0.0,0.0,0.07042,-0.0287,-2.4488,0.00055,-0.97279
189.26,ETH-27SEP19,1566644345366,open,2.32,0.0,2.283,2.486,2.381719,125.0,None,0.0,ETH-27SEP19-640-P,188.28,0.0,0.0,0.0,0.0,0.0,0.0,0.00249,-0.00459,-0.59378,6e-05,-0.99869
191.89,ETH-27DEC19,1566644345366,open,0.01,2129.0,0.001,0.021,0.008205,101.46,0.008,0.0,ETH-27DEC19-640-C,188.28,96.79,0.006,200.0,0.01,110.0,104.7,0.09975,-0.04052,0.02189,0.00078,0.04155
191.89,ETH-27DEC19,1566644345366,open,0.53,432.0,0.48,0.624,0.553413,93.68,0.55,0.0,ETH-27DEC19-280-P,188.28,0.0,0.0,0.0,1.456,1.0,500.0,0.41072,-0.15406,-0.79737,0.00348,-0.66116
189.26,ETH-27SEP19,1566644345366,open,0.0,1938.0,0.001,0.014,0.004341,100.5,0.007,0.0,ETH-27SEP19-340-C,188.28,94.7,0.003,800.0,0.006,160.0,106.31,0.04885,-0.07246,0.00612,0.00146,0.03917
189.26,ETH-27SEP19,1566644345366,open,0.37,1239.0,0.344,0.446,0.394735,91.99,0.4,0.0,ETH-27SEP19-260-P,188.28,0.0,0.006,7.0,0.0,0.0,0.0,0.14049,-0.19074,-0.21682,0.00459,-0.83965
189.26,ETH-27SEP19,1566644345366,open,0.69,0.0,0.674,0.693,0.683052,125.0,0.01,0.0,ETH-27SEP19-60-C,188.28,0.0,0.003,10.0,0.0,0.0,0.0,0.00134,-0.00248,0.05555,3e-05,0.99933
189.27,ETH-27SEP19,1566644345365,open,0.0,2060.0,0.001,0.011,0.00051,114.93,0.003,0.0,ETH-27SEP19-80-P,188.28,0.0,0.0,0.0,0.001,10.0,125.01,0.00715,-0.01214,-0.00083,0.00019,-0.00421
189.26,ETH-27SEP19,1566644345366,open,0.0,7916.0,0.001,0.011,2.4e-05,125.0,0.001,0.0,ETH-27SEP19-760-C,188.28,0.0,0.0,0.0,0.001,200.0,167.95,0.00058,-0.00107,4e-05,1e-05,0.00027
189.26,ETH-27SEP19,1566644345366,open,0.2,392.0,0.158,0.227,0.195256,89.13,0.213,0.0,ETH-27SEP19-160-C,188.28,0.0,0.1,42.0,0.0,0.0,0.0,0.17307,-0.22768,0.10177,0.00584,0.77466
189.26,ETH-27SEP19,1566644345366,open,0.59,0.0,0.565,0.591,0.577811,114.92,None,0.0,ETH-27SEP19-80-C,188.28,0.0,0.003,10.0,0.0,0.0,0.0,0.00715,-0.01213,0.07342,0.00019,0.99579
191.89,ETH-27DEC19,1566644345366,open,0.2,786.0,0.141,0.239,0.193615,90.92,0.199,0.0,ETH-27DEC19-200-C,188.28,88.04,0.187,290.0,0.199,290.0,93.27,0.43992,-0.16015,0.25011,0.00384,0.57458
189.26,ETH-27SEP19,1566644345366,open,0.0,1897.0,0.001,0.012,0.002435,105.67,0.004,0.0,ETH-27SEP19-380-C,188.28,94.14,0.001,400.0,0.004,160.0,113.77,0.03087,-0.04814,0.00353,0.00088,0.02252
189.26,ETH-27SEP19,1566644345366,open,0.0,9106.0,0.001,0.015,0.005326,93.83,0.005,0.0,ETH-27SEP19-120-P,188.28,92.6,0.005,200.0,0.006,160.0,96.26,0.0509,-0.07049,-0.00817,0.00163,-0.0412
188.46,SYN.ETH-30AUG19,1566644345365,open,0.0,970.0,0.001,0.011,0.000524,105.32,0.001,0.0,ETH-30AUG19-140-P,188.28,0.0,0.0,0.0,0.001,53.0,115.65,0.00691,-0.06195,-0.00035,0.00115,-0.01098
188.46,SYN.ETH-30AUG19,1566644345365,open,0.0,367.0,0.001,0.011,0.000452,106.39,0.001,0.0,ETH-30AUG19-260-C,188.28,0.0,0.0,0.0,0.001,278.0,118.19,0.00652,-0.05904,0.0003,0.00107,0.01027
191.89,ETH-27DEC19,1566644345366,open,0.01,2140.0,0.003,0.032,0.01383,101.46,0.012,0.0,ETH-27DEC19-560-C,188.28,100.33,0.013,100.0,0.014,110.0,101.69,0.14364,-0.05835,0.03411,0.00112,0.06578
189.26,ETH-27SEP19,1566644345366,open,2.11,27.0,2.078,2.269,2.170471,125.0,1.044,0.0,ETH-27SEP19-600-P,188.28,0.0,0.0,0.0,0.0,0.0,0.0,0.00408,-0.00753,-0.5565,0.0001,-0.99774
189.26,ETH-27SEP19,1566644345366,open,0.0,5128.0,0.001,0.011,0.00141,124.87,0.002,0.0,ETH-27SEP19-480-C,188.28,120.03,0.001,50.0,0.002,360.0,130.32,0.01805,-0.03326,0.00187,0.00043,0.01203
189.26,ETH-27SEP19,1566644345366,open,0.38,47.0,0.349,0.393,0.371277,93.83,0.689,0.0,ETH-27SEP19-120-C,188.28,0.0,0.0,0.0,0.0,0.0,0.0,0.0509,-0.07049,0.1032,0.00163,0.9588
189.26,ETH-27SEP19,1566644345366,open,0.47,727.0,0.442,0.547,0.492967,93.85,0.534,0.0,ETH-27SEP19-280-P,188.28,0.0,0.002,100.0,0.0,0.0,0.0,0.10835,-0.15008,-0.24294,0.00347,-0.89009
189.26,ETH-27SEP19,1566644345367,open,0.97,259.0,0.95,1.076,1.010255,105.67,0.94,0.0,ETH-27SEP19-380-P,188.28,0.0,0.009,8.0,0.0,0.0,0.0,0.03087,-0.04814,-0.34915,0.00088,-0.97748
189.26,ETH-27SEP19,1566644345366,open,2.53,0.0,2.489,2.704,2.593013,125.0,None,0.0,ETH-27SEP19-680-P,188.28,0.0,0.0,0.0,0.0,0.0,0.0,0.00152,-0.00281,-0.63099,4e-05,-0.99923
191.89,ETH-27DEC19,1566644345366,open,0.02,1829.0,0.004,0.036,0.016483,99.54,0.016,0.0,ETH-27DEC19-520-C,188.28,96.49,0.014,200.0,0.018,110.0,101.29,0.16314,-0.06502,0.04016,0.0013,0.07765
188.46,SYN.ETH-30AUG19,1566644345366,open,0.0,3.0,0.001,0.011,0.000425,124.99,0.002,0.0,ETH-30AUG19-130-P,188.28,0.0,0.0,0.0,0.001,253.0,140.5,0.00509,-0.05415,-0.00025,0.00071,-0.00774
191.89,ETH-27DEC19,1566644345366,open,1.48,21.0,1.437,1.616,1.522976,99.08,0.629,0.0,ETH-27DEC19-480-P,188.28,0.0,0.001,7.0,0.0,0.0,0.0,0.19426,-0.07706,-1.59193,0.00156,-0.90188
189.26,ETH-27SEP19,1566644345367,open,0.07,6106.0,0.047,0.117,0.081816,88.39,0.077,0.0,ETH-27SEP19-180-P,188.28,85.08,0.078,688.0,0.086,488.0,92.01,0.21847,-0.28503,-0.08009,0.00744,-0.37413
189.26,ETH-27SEP19,1566644345367,open,0.0,3419.0,0.001,0.011,0.000128,125.0,0.001,0.0,ETH-27SEP19-640-C,188.28,0.0,0.0,0.0,0.001,637.0,150.43,0.00249,-0.00459,0.00021,6e-05,0.00131
189.26,ETH-27SEP19,1566644345366,open,0.67,607.0,0.644,0.756,0.697517,99.85,0.761,0.0,ETH-27SEP19-320-P,188.28,0.0,0.0,0.0,1.39,1.0,500.0,0.06661,-0.09817,-0.28804,0.00201,-0.9423
191.89,ETH-27DEC19,1566644345367,open,2.28,0.0,2.241,2.456,2.343448,101.46,None,0.0,ETH-27DEC19-640-P,188.28,0.0,0.0,0.0,0.0,0.0,0.0,0.09974,-0.04052,-2.16771,0.00078,-0.95846
191.89,ETH-27DEC19,1566644345367,open,0.04,1916.0,0.014,0.069,0.038624,98.37,0.043,0.0,ETH-27DEC19-400-C,188.28,97.93,0.038,1.0,0.04,110.0,99.32,0.27458,-0.10815,0.08056,0.00222,0.16134
189.26,ETH-27SEP19,1566644345367,open,0.57,851.0,0.542,0.65,0.594258,96.31,0.56,0.0,ETH-27SEP19-300-P,188.28,0.0,0.048,1.0,0.97,5.0,442.67,0.08353,-0.11873,-0.26646,0.00261,-0.92269
191.89,ETH-27DEC19,1566644345367,open,0.01,2519.0,0.001,0.026,0.010612,101.46,0.01,0.0,ETH-27DEC19-600-C,188.28,96.91,0.008,200.0,0.012,110.0,103.6,0.11971,-0.04863,0.02727,0.00094,0.05216
191.89,ETH-27DEC19,1566644345367,open,0.05,414.0,0.02,0.083,0.049738,96.22,0.051,0.0,ETH-27DEC19-360-C,188.28,93.29,0.045,32.0,0.05,700.0,96.38,0.31558,-0.12158,0.09959,0.0026,0.20143
189.26,ETH-27SEP19,1566644345366,open,0.0,2951.0,0.001,0.013,0.003254,103.33,0.006,0.0,ETH-27SEP19-360-C,188.28,96.25,0.002,800.0,0.005,360.0,110.7,0.03891,-0.05934,0.00465,0.00113,0.0297
189.26,ETH-27SEP19,1566644345367,open,1.29,0.0,1.258,1.402,1.326738,119.4,None,0.0,ETH-27SEP19-440-P,188.28,0.0,0.0,0.0,0.0,0.0,0.0,0.02343,-0.04129,-0.40584,0.00059,-0.98372
189.26,ETH-27SEP19,1566644345367,open,0.0,5253.0,0.001,0.011,0.001453,100.1,0.002,0.0,ETH-27SEP19-100-P,188.28,94.91,0.001,200.0,0.003,760.0,112.45,0.01853,-0.02738,-0.00243,0.00056,-0.0124
189.26,ETH-27SEP19,1566644345367,open,0.0,839.0,0.001,0.011,7.6e-05,125.0,0.001,0.0,ETH-27SEP19-60-P,188.28,0.0,0.0,0.0,0.001,200.0,163.87,0.00134,-0.00248,-0.00013,3e-05,-0.00067
189.26,ETH-27SEP19,1566644345367,open,0.02,1911.0,0.006,0.041,0.020964,91.99,0.023,0.0,ETH-27SEP19-260-C,188.28,90.68,0.02,200.0,0.023,128.0,94.68,0.14049,-0.19074,0.02448,0.00459,0.16035
194.52,SYN.ETH-27MAR20,1566644345365,open,0.21,52.0,0.144,0.258,0.205669,92.28,0.207,0.0,ETH-27MAR20-240-C,188.28,89.13,0.196,516.0,0.207,50.0,92.72,0.59577,-0.12734,0.36559,0.00288,0.52344
191.89,ETH-27DEC19,1566644345367,open,0.37,812.0,0.317,0.451,0.38608,92.98,0.395,0.0,ETH-27DEC19-240-P,188.28,89.04,0.377,24.0,0.396,120.0,97.27,0.44344,-0.16509,-0.61811,0.00379,-0.55544
189.26,ETH-27SEP19,1566644345367,open,0.87,233.0,0.848,0.968,0.905399,103.33,0.634,0.0,ETH-27SEP19-360-P,188.28,0.0,0.5,44.0,0.0,0.0,0.0,0.03891,-0.05934,-0.32947,0.00113,-0.9703
191.89,ETH-27DEC19,1566644345367,open,0.0,2514.0,0.001,0.014,0.004802,104.12,0.007,0.0,ETH-27DEC19-760-C,188.28,98.04,0.003,200.0,0.007,150.0,109.72,0.06617,-0.02759,0.01343,0.0005,0.02526
189.26,ETH-27SEP19,1566644345367,open,0.0,2913.0,0.001,0.011,0.001894,119.4,0.003,0.0,ETH-27SEP19-440-C,188.28,110.53,0.001,2.0,0.003,1060.0,126.99,0.02343,-0.04129,0.00253,0.00059,0.01628
188.46,SYN.ETH-30AUG19,1566644345366,open,0.35,0.0,0.34,0.424,0.380007,104.56,0.218,0.0,ETH-30AUG19-260-P,188.28,0.0,0.0,0.0,0.0,0.0,0.0,0.0059,-0.05246,-0.04159,0.00099,-0.99085
188.46,SYN.ETH-30AUG19,1566644345365,open,1.08,0.0,1.061,1.187,1.122393,0.0,None,0.0,ETH-30AUG19-400-P,188.28,0.0,0.0,0.0,0.0,0.0,0.0,0.0,0.0,-0.06439,0.0,-1.0
189.26,ETH-27SEP19,1566644345368,open,0.04,8525.0,0.018,0.067,0.040654,89.13,0.04,0.0,ETH-27SEP19-160-P,188.28,87.32,0.039,200.0,0.043,555.0,91.68,0.17307,-0.22768,-0.04672,0.00584,-0.22534
189.26,ETH-27SEP19,1566644345367,open,0.28,2554.0,0.251,0.351,0.301113,90.25,0.28,0.0,ETH-27SEP19-240-P,188.28,42.49,0.27,5.0,0.41,1.0,187.48,0.17668,-0.23534,-0.18748,0.00589,-0.76621
191.89,ETH-27DEC19,1566644345368,open,0.14,2149.0,0.085,0.18,0.135364,92.98,0.135,0.0,ETH-27DEC19-240-C,188.28,91.09,0.131,100.0,0.139,318.0,94.55,0.44344,-0.16509,0.20299,0.00379,0.44456
191.89,ETH-27DEC19,1566644345367,open,0.01,1932.0,0.001,0.018,0.006428,101.56,0.01,0.0,ETH-27DEC19-680-C,188.28,98.0,0.005,533.0,0.008,110.0,104.92,0.08349,-0.03395,0.01772,0.00065,0.03342
191.89,ETH-27DEC19,1566644345368,open,0.43,0.0,0.382,0.448,0.4173,90.92,None,0.0,ETH-27DEC19-120-C,188.28,0.0,0.1,10.0,2.47,1.0,500.0,0.2315,-0.08427,0.30025,0.00202,0.87465
188.46,SYN.ETH-30AUG19,1566644345366,open,0.0,355.0,0.001,0.011,0.00192,88.78,0.002,0.0,ETH-30AUG19-230-C,188.28,79.37,0.001,205.0,0.003,200.0,96.87,0.02202,-0.16638,0.00126,0.00434,0.04343
189.26,ETH-27SEP19,1566644345368,open,0.48,0.0,0.456,0.49,0.473079,100.1,None,0.0,ETH-27SEP19-100-C,188.28,0.0,0.003,10.0,0.0,0.0,0.0,0.01853,-0.02738,0.09038,0.00056,0.9876
191.89,ETH-27DEC19,1566644345368,open,2.48,0.0,2.442,2.668,2.550125,101.56,None,0.0,ETH-27DEC19-680-P,188.28,0.0,0.0,0.0,0.0,0.0,0.0,0.08349,-0.03395,-2.30873,0.00065,-0.96658
189.26,ETH-27SEP19,1566644345368,open,0.2,2065.0,0.167,0.262,0.215375,89.18,0.193,0.0,ETH-27SEP19-220-P,188.28,83.4,0.209,200.0,0.223,110.0,95.96,0.21077,-0.27743,-0.15413,0.00711,-0.66207
191.89,ETH-27DEC19,1566644345368,open,0.04,5328.0,0.02,0.068,0.042658,90.92,0.037,0.0,ETH-27DEC19-120-P,188.28,89.53,0.041,400.0,0.043,140.0,91.2,0.2315,-0.08427,-0.1103,0.00202,-0.12535
191.89,ETH-27DEC19,1566644345368,open,0.07,1039.0,0.031,0.105,0.067513,94.86,0.069,0.0,ETH-27DEC19-320-C,188.28,91.91,0.062,32.0,0.072,472.0,97.2,0.36384,-0.13818,0.12616,0.00304,0.25968
194.52,SYN.ETH-27MAR20,1566644345365,open,0.74,1.0,0.683,0.857,0.771859,92.82,0.827,0.0,ETH-27MAR20-320-P,188.28,0.0,0.0,0.0,1.655,1.0,500.0,0.56321,-0.12108,-1.61651,0.00271,-0.63323
189.26,ETH-27SEP19,1566644345368,open,1.08,79.0,1.053,1.184,1.115442,108.61,0.351,0.0,ETH-27SEP19-400-P,188.28,0.0,0.0,0.0,0.0,0.0,0.0,0.02555,-0.04096,-0.36842,0.00071,-0.98197
188.46,SYN.ETH-30AUG19,1566644345366,open,0.02,918.0,0.004,0.048,0.022872,83.95,0.023,0.0,ETH-30AUG19-180-P,188.28,77.52,0.02,200.0,0.026,554.0,90.85,0.08483,-0.60599,-0.01022,0.01768,-0.31405
188.46,SYN.ETH-30AUG19,1566644345367,open,0.25,382.0,0.237,0.315,0.274352,91.06,0.303,0.0,ETH-30AUG19-240-P,188.28,0.0,0.0,0.0,0.0,0.0,0.0,0.01204,-0.09327,-0.03803,0.00231,-0.97906
189.26,ETH-27SEP19,1566644345368,open,0.0,3439.0,0.001,0.011,7.2e-05,125.0,0.001,0.0,ETH-27SEP19-680-C,188.28,0.0,0.0,0.0,0.001,200.0,156.66,0.00152,-0.00281,0.00012,4e-05,0.00077
191.89,ETH-27DEC19,1566644345368,open,0.02,1252.0,0.006,0.045,0.021669,99.2,0.02,0.0,ETH-27DEC19-480-C,188.28,96.48,0.019,200.0,0.023,110.0,100.49,0.19485,-0.07739,0.05046,0.00156,0.09852
189.26,ETH-27SEP19,1566644345368,open,0.01,2061.0,0.001,0.018,0.006721,99.85,0.008,0.0,ETH-27SEP19-320-C,188.28,97.74,0.006,11.0,0.007,160.0,100.64,0.06661,-0.09817,0.00895,0.00201,0.0577
189.26,ETH-27SEP19,1566644345369,open,0.0,5619.0,0.001,0.011,0.001947,108.61,0.002,0.0,ETH-27SEP19-400-C,188.28,99.94,0.001,260.0,0.003,160.0,115.31,0.02555,-0.04096,0.00282,0.00071,0.01803
188.46,SYN.ETH-30AUG19,1566644345367,open,0.0,4133.0,0.001,0.011,0.0,125.01,0.002,0.0,ETH-30AUG19-400-C,188.28,0.0,0.0,0.0,0.001,250.0,241.1,0.0,-1e-05,0.0,0.0,0.0
194.52,SYN.ETH-27MAR20,1566644345365,open,1.67,0.0,1.621,1.839,1.727159,98.51,None,0.0,ETH-27MAR20-520-P,188.28,0.0,0.0,0.0,0.0,0.0,0.0,0.39119,-0.08926,-2.93156,0.00177,-0.82098
188.46,SYN.ETH-30AUG19,1566644345367,open,0.12,400.0,0.075,0.137,0.107719,86.65,0.12,0.0,ETH-30AUG19-170-C,188.28,65.43,0.102,40.0,0.11,40.0,93.79,0.05829,-0.42981,0.0222,0.01177,0.83953
188.66,SYN.ETH-6SEP19,1566644345366,open,0.1,0.0,0.053,0.119,0.087643,84.81,None,0.0,ETH-6SEP19-180-C,188.28,78.14,0.083,413.0,0.094,413.0,93.87,0.13178,-0.43401,0.03716,0.01238,0.64602
188.46,SYN.ETH-30AUG19,1566644345367,open,0.0,1076.0,0.001,0.011,0.000916,91.92,0.002,0.0,ETH-30AUG19-240-C,188.28,0.0,0.0,0.0,0.002,590.0,104.41,0.01254,-0.09805,0.00064,0.00239,0.02197
188.66,SYN.ETH-6SEP19,1566644345365,open,0.03,3.0,0.007,0.049,0.025458,85.39,0.027,0.0,ETH-6SEP19-210-C,188.28,79.82,0.022,727.0,0.029,527.0,90.93,0.11892,-0.39431,0.01682,0.01109,0.27825
194.52,SYN.ETH-27MAR20,1566644345365,open,0.13,1.0,0.074,0.177,0.126953,92.88,0.141,0.0,ETH-27MAR20-320-C,188.28,91.16,0.122,545.0,0.133,50.0,94.96,0.56333,-0.12119,0.27619,0.00271,0.36702
188.46,SYN.ETH-30AUG19,1566644345365,open,0.0,1381.0,0.001,0.011,0.000385,124.79,0.001,0.0,ETH-30AUG19-280-C,188.28,0.0,0.0,0.0,0.001,249.0,140.56,0.00508,-0.05399,0.00022,0.00071,0.00773
188.66,SYN.ETH-6SEP19,1566644345365,open,0.0,0.0,0.001,0.012,0.002947,94.7,None,0.0,ETH-6SEP19-260-C,188.28,79.62,0.001,200.0,0.005,200.0,104.84,0.03252,-0.11958,0.00268,0.00273,0.04323
188.66,SYN.ETH-6SEP19,1566644345365,open,0.03,81.0,0.016,0.071,0.041716,84.76,0.038,0.0,ETH-6SEP19-180-P,188.28,80.87,0.039,200.0,0.044,1.0,88.03,0.13178,-0.43376,-0.02633,0.01238,-0.35394
188.66,SYN.ETH-6SEP19,1566644345366,open,0.06,1.0,0.034,0.101,0.067218,84.67,0.052,0.0,ETH-6SEP19-190-P,188.28,79.04,0.063,666.0,0.071,200.0,89.72,0.14127,-0.4645,-0.03682,0.01329,-0.48605
188.46,SYN.ETH-30AUG19,1566644345366,open,0.08,939.0,0.035,0.098,0.067795,84.04,0.08,0.0,ETH-30AUG19-180-C,188.28,70.95,0.062,508.0,0.071,120.0,91.11,0.08485,-0.60678,0.01875,0.01766,0.6858
194.52,SYN.ETH-27MAR20,1566644345365,open,0.17,0.0,0.102,0.212,0.160204,92.44,None,0.0,ETH-27MAR20-280-C,188.28,90.39,0.154,532.0,0.165,582.0,94.02,0.5895,-0.12621,0.31919,0.00285,0.43764
188.66,SYN.ETH-6SEP19,1566644345366,open,0.0,10.0,0.001,0.017,0.005684,88.55,0.006,0.0,ETH-6SEP19-150-P,188.28,85.81,0.005,200.0,0.008,5.0,96.84,0.04856,-0.16697,-0.00516,0.00437,-0.07188
188.46,SYN.ETH-30AUG19,1566644345367,open,0.17,0.0,0.126,0.182,0.154575,89.95,None,0.0,ETH-30AUG19-160-C,188.28,0.0,0.0,0.0,0.0,0.0,0.0,0.03137,-0.24011,0.02359,0.0061,0.93208
194.52,SYN.ETH-27MAR20,1566644345365,open,0.09,2.0,0.043,0.134,0.087969,95.84,0.102,0.0,ETH-27MAR20-400-C,188.28,94.67,0.085,1.0,0.091,110.0,97.03,0.49563,-0.11003,0.21068,0.00231,0.27109
188.46,SYN.ETH-30AUG19,1566644345366,open,0.77,0.0,0.752,0.859,0.804039,0.0,None,0.0,ETH-30AUG19-340-P,188.28,0.0,0.0,0.0,0.0,0.0,0.0,0.0,0.0,-0.05473,0.0,-1.0
188.46,SYN.ETH-30AUG19,1566644345366,open,0.02,933.0,0.003,0.041,0.018709,81.52,0.021,0.0,ETH-30AUG19-200-C,188.28,75.3,0.016,698.0,0.021,658.0,86.66,0.0832,-0.57714,0.00855,0.01785,0.30049
188.46,SYN.ETH-30AUG19,1566644345365,open,0.56,0.0,0.546,0.642,0.591892,112.61,None,0.0,ETH-30AUG19-300-P,188.28,0.0,0.0,0.0,0.0,0.0,0.0,0.0006,-0.00578,-0.04827,9e-05,-0.99927
194.52,SYN.ETH-27MAR20,1566644345365,open,0.58,50.0,0.515,0.679,0.599496,92.39,0.605,0.0,ETH-27MAR20-280-P,188.28,85.58,0.579,24.0,0.636,120.0,104.36,0.58945,-0.12613,-1.33688,0.00285,-0.56254
188.66,SYN.ETH-6SEP19,1566644345366,open,0.01,194.0,0.002,0.029,0.012269,86.89,0.01,0.0,ETH-6SEP19-160-P,188.28,83.76,0.011,200.0,0.014,1.0,90.99,0.07794,-0.263,-0.00997,0.00714,-0.1376
188.46,SYN.ETH-30AUG19,1566644345366,open,0.0,314.0,0.001,0.011,0.001423,97.74,0.002,0.0,ETH-30AUG19-150-P,188.28,104.02,0.002,6.0,0.003,1050.0,112.81,0.01561,-0.12987,-0.00091,0.00279,-0.02855
188.46,SYN.ETH-30AUG19,1566644345368,open,0.27,0.0,0.235,0.28,0.257687,106.19,None,0.0,ETH-30AUG19-140-C,188.28,0.0,0.0,0.0,0.0,0.0,0.0,0.0072,-0.06504,0.02217,0.00119,0.9885
188.46,SYN.ETH-30AUG19,1566644345366,open,0.0,10.0,0.001,0.011,0.000461,95.42,0.002,0.0,ETH-30AUG19-250-C,188.28,0.0,0.0,0.0,0.001,50.0,106.05,0.00719,-0.05841,0.00033,0.00132,0.01149
194.52,SYN.ETH-27MAR20,1566644345365,open,0.02,140.0,0.008,0.036,0.020903,91.01,0.024,0.0,ETH-27MAR20-80-P,188.28,80.48,0.013,600.0,0.024,740.0,94.65,0.16083,-0.0339,-0.08465,0.00079,-0.05268
188.46,SYN.ETH-30AUG19,1566644345366,open,0.0,3916.0,0.001,0.011,1e-06,125.01,0.001,0.0,ETH-30AUG19-360-C,188.28,0.0,0.0,0.0,0.001,250.0,212.39,3e-05,-0.00021,0.0,0.0,3e-05
194.52,SYN.ETH-27MAR20,1566644345365,open,1.87,0.0,1.815,2.04,1.924066,98.49,None,0.0,ETH-27MAR20-560-P,188.28,0.0,0.0,0.0,0.0,0.0,0.0,0.35569,-0.08113,-3.18632,0.00161,-0.84552
