underlying_price,underlying_index,timestamp,state,settlement_price,open_interest,min_price,max_price,mark_price,mark_iv,last_price,interest_rate,instrument_name,index_price,bid_iv,best_bid_price,best_bid_amount,best_ask_price,best_ask_amount,ask_iv,vega,theta,rho,gamma,delta
8780.03,BTC-27SEP19,1559386740394,open,0.02,10.0,0.0005,0.062,0.02238658,98.3,0.0285,0.0,BTC-27DEC19-32000-C,8552.61,95.77,0.0195,6.0,0.0255,6.0,100.83,10.40462,-2.44828,3.18422,2e-05,0.08576
268.85,index_price,1559386740459,open,0.26,106.0,0.218,0.318,0.267834,111.41,0.189,0,ETH-7JUN19-340-P,268.85,0.0,0.0,0.0,0.436,1.0,500.0,0.03842,-0.36426,-0.05245,0.00296,-0.94412
268.85,index_price,1559386740459,open,0.18,0.0,0.14,0.233,0.186498,111.99,None,0,ETH-14JUN19-310-P,268.85,78.29,0.167,60.0,0.18,60.0,101.54,0.17105,-0.7439,-0.08562,0.00599,-0.71631
8552.61,index_price,1559386740777,open,0.01,325.5,0.0005,0.046,0.00612513,87.89,0.006,0,BTC-7JUN19-7500-P,8552.61,80.58,0.0045,30.0,0.007,0.8,91.49,2.02307,-15.13122,-0.15809,0.0002,-0.1087
8658.31,BTC-28JUN19,1559386740876,open,0.15,23.1,0.1075,0.1995,0.15336792,85.81,0.175,0.0,BTC-28JUN19-9500-P,8552.61,79.17,0.1465,14.4,0.156,14.4,88.34,9.0076,-14.38017,-4.87323,0.00019,-0.61103
8780.03,BTC-27SEP19,1559386740903,open,1.29,0.0,1.2045,1.3875,1.29602917,91.1,None,0.0,BTC-27SEP19-20000-P,8552.61,0.0,0.0055,10.0,2.0495,0.2,499.94,8.20527,-3.17073,-62.50795,4e-05,-0.90846
285.62,ETH-27SEP19,1559386741045,open,0.18,436.0,0.134,0.213,0.17371,96.5,0.172,0.0,ETH-27SEP19-320-C,268.85,94.88,0.17,100.0,0.181,100.0,99.75,0.64609,-0.26446,0.32563,0.00254,0.52669
268.85,index_price,1559386741058,open,0.17,0.0,0.125,0.204,0.164535,100.5,None,0,ETH-14JUN19-230-C,268.85,101.59,0.165,60.0,0.176,60.0,122.64,0.13179,-0.51431,0.06232,0.00514,0.82154
268.85,index_price,1559386741087,open,0.09,0.0,0.052,0.131,0.091676,100.65,None,0,ETH-14JUN19-260-C,268.85,99.71,0.091,180.0,0.105,180.0,119.07,0.19415,-0.75883,0.04888,0.00757,0.60703
268.85,index_price,1559386741094,open,0.11,0.0,0.074,0.153,0.113007,100.55,None,0,ETH-14JUN19-250-C,268.85,99.14,0.112,180.0,0.125,180.0,118.42,0.17958,-0.70122,0.05417,0.007,0.68415
268.85,index_price,1559386741100,open,0.04,10.0,0.001,0.073,0.033338,111.83,0.018,0,ETH-14JUN19-310-C,268.85,101.64,0.027,240.0,0.039,240.0,120.59,0.17095,-0.74238,0.02371,0.006,0.28331
285.62,ETH-27SEP19,1559386741109,open,0.33,818.0,0.285,0.364,0.324316,95.06,0.35,0.0,ETH-27SEP19-220-C,268.85,90.8,0.317,80.0,0.327,80.0,96.67,0.48757,-0.1966,0.41519,0.00195,0.77437
285.62,ETH-27SEP19,1559386741123,open,0.39,81.0,0.344,0.455,0.399607,98.53,0.428,0.0,ETH-27SEP19-360-P,268.85,93.73,0.389,36.0,0.407,36.0,101.75,0.6418,-0.26822,-0.87887,0.00247,-0.55306
285.62,ETH-27SEP19,1559386741133,open,0.07,66.0,0.029,0.108,0.068333,107.02,0.063,0.0,ETH-27SEP19-520-C,268.85,104.03,0.063,48.0,0.075,48.0,110.69,0.51348,-0.23309,0.16566,0.00182,0.24789
274.59,ETH-28JUN19,1559386741148,open,0.01,3955.0,0.001,0.049,0.008967,99.82,0.006,0.0,ETH-28JUN19-190-P,268.85,83.05,0.004,100.0,0.007,240.0,93.94,0.09724,-0.18059,-0.01545,0.00175,-0.06747
268.85,index_price,1559386741155,open,0.16,249.0,0.119,0.211,0.16511,110.53,0.228,0,ETH-7JUN19-310-P,268.85,68.24,0.155,60.0,0.163,60.0,103.43,0.08704,-0.8187,-0.04298,0.00677,-0.82777
274.59,ETH-28JUN19,1559386741166,open,0.23,1593.0,0.187,0.266,0.226865,99.78,0.233,0.0,ETH-28JUN19-220-C,268.85,89.44,0.22,80.0,0.224,48.0,95.59,0.18858,-0.35009,0.12194,0.0034,0.82996
8658.31,BTC-28JUN19,1559386741366,open,0.08,123.9,0.04,0.126,0.08292427,85.76,0.0815,0.0,BTC-28JUN19-8500-P,8552.69,81.12,0.078,5.0,0.085,14.4,87.71,9.19527,-14.67045,-3.22185,0.00019,-0.42244
8658.31,BTC-28JUN19,1559386741366,open,0.06,13.8,0.0165,0.096,0.05613296,85.79,0.06,0.0,BTC-28JUN19-9500-C,8552.69,82.77,0.053,20.3,0.059,11.0,88.54,9.00726,-14.37591,2.12163,0.00019,0.38892
8658.31,BTC-28JUN19,1559386741366,open,0.65,43.6,0.614,0.6935,0.65362587,134.58,0.6755,0.0,BTC-28JUN19-3000-C,8552.69,0.0,0.004,0.5,0.7785,2.0,500.0,0.08038,-0.20126,2.20175,0.0,0.99898
8780.11,BTC-27SEP19,1559386741366,open,1.74,0.0,1.634,1.853,1.74331256,93.87,None,0.0,BTC-27SEP19-24000-P,8552.69,0.0,0.0,0.0,0.0,0.0,0.0,5.37429,-2.13995,-76.28968,2e-05,-0.9472
8658.31,BTC-28JUN19,1559386741366,open,0.0,849.9,0.0005,0.04,0.00011781,135.0,0.001,0.0,BTC-28JUN19-3000-P,8552.69,0.0,0.0,0.0,0.001,1.0,170.46,0.08253,-0.20729,-0.00743,0.0,-0.00105
8780.11,BTC-27SEP19,1559386741365,open,2.21,0.0,2.089,2.346,2.21738936,95.6,None,0.0,BTC-27DEC19-28000-P,8552.69,0.0,0.0,0.0,0.0,0.0,0.0,12.25315,-2.80408,-156.27628,3e-05,-0.89288
8780.11,BTC-27SEP19,1559386741366,open,0.02,200.4,0.0005,0.058,0.01812027,91.09,0.016,0.0,BTC-27SEP19-20000-C,8552.69,88.17,0.0155,6.0,0.021,6.0,94.05,8.20245,-3.16915,2.08061,4e-05,0.0915
8658.31,BTC-28JUN19,1559386741367,open,0.06,573.4,0.0155,0.0995,0.05740359,87.03,0.055,0.0,BTC-28JUN19-8000-P,8552.69,84.57,0.055,12.5,0.0585,19.3,88.15,8.45923,-13.69687,-2.43985,0.00018,-0.3253
8658.31,BTC-28JUN19,1559386741367,open,0.63,0.1,0.585,0.6645,0.62488838,134.76,0.395,0.0,BTC-28JUN19-3250-C,8552.69,0.0,0.0015,1.4,0.7655,2.0,500.0,0.15585,-0.39074,2.37804,0.0,0.9979
8780.11,BTC-27SEP19,1559386741366,open,0.0,420.5,0.0005,0.043,0.00333559,133.6,0.0035,0.0,BTC-27SEP19-2000-P,8552.69,103.09,0.0005,5.0,0.2265,4.2,500.0,1.32447,-0.75058,-0.37682,0.0,-0.00995
8658.39,BTC-28JUN19,1559386741367,open,0.0,685.1,0.0005,0.04,1.74e-05,135.0,0.001,0.0,BTC-28JUN19-2500-P,8552.69,0.0,0.0,0.0,0.1145,16.5,500.0,0.01577,-0.03961,-0.00123,0.0,-0.00018
8658.39,BTC-28JUN19,1559386741368,open,0.73,2.8,0.665,0.8035,0.73424023,93.73,0.6485,0.0,BTC-28JUN19-15000-P,8552.69,0.0,0.0,0.0,1.0985,1.0,499.73,1.18559,-2.0673,-10.9225,2e-05,-0.979
8780.11,BTC-27SEP19,1559386741367,open,0.83,42.8,0.7905,0.87,0.83024165,134.99,0.815,0.0,BTC-27SEP19-1500-C,8552.69,0.0,0.0,0.0,0.0,0.0,0.0,0.53844,-0.3083,4.71131,0.0,0.9964
8780.11,BTC-27SEP19,1559386741367,open,0.36,3.2,0.31,0.4185,0.36408397,85.12,0.481,0.0,BTC-27SEP19-11000-P,8552.69,80.77,0.3545,3.6,0.369,3.6,87.34,19.41192,-7.00884,-27.01539,9e-05,-0.58867
8658.39,BTC-28JUN19,1559386741368,open,0.4,10.0,0.341,0.4525,0.39682212,87.7,1.243,0.0,BTC-28JUN19-12000-P,8552.69,0.0,0.0005,1.0,0.8075,1.0,500.0,4.2783,-6.98072,-8.23449,9e-05,-0.89479
8658.39,BTC-28JUN19,1559386741368,open,0.01,1270.7,0.0005,0.0475,0.00768674,95.76,0.0075,0.0,BTC-28JUN19-6000-P,8552.69,88.59,0.0055,34.0,0.0085,24.0,98.16,2.85723,-5.09022,-0.44178,5e-05,-0.06161
8780.11,BTC-27SEP19,1559386741368,open,0.03,283.5,0.0005,0.066,0.02506169,89.09,0.0295,0.0,BTC-27SEP19-5000-P,8552.69,86.16,0.0225,16.0,0.027,10.0,91.23,7.83835,-2.9621,-3.15157,4e-05,-0.08608
8780.11,BTC-27SEP19,1559386741367,open,0.64,0.0,0.596,0.6755,0.63567804,101.34,None,0.0,BTC-27SEP19-3250-C,8552.69,0.0,0.0075,0.1,0.948,5.0,500.0,2.62134,-1.12684,9.70586,1e-05,0.97797
8658.39,BTC-28JUN19,1559386741368,open,0.04,337.0,0.0005,0.0775,0.03644881,87.03,0.032,0.0,BTC-28JUN19-7500-P,8552.69,82.24,0.0325,29.3,0.038,19.3,88.89,7.20037,-11.65886,-1.72324,0.00015,-0.23385
8658.39,BTC-28JUN19,1559386741368,open,0.43,691.1,0.3855,0.465,0.42538081,109.67,0.427,0.0,BTC-28JUN19-5000-C,8552.69,0.0,0.2355,2.0,0.5,10.0,282.19,1.28411,-2.62003,3.51624,2e-05,0.97692
8552.69,index_price,1559386741365,open,0.04,305.4,0.005,0.0845,0.04479032,82.55,0.046,0,BTC-7JUN19-8500-C,8552.69,80.98,0.044,18.0,0.0495,0.5,91.92,4.30232,-30.22348,0.68778,0.00044,0.54434
8658.39,BTC-28JUN19,1559386741368,open,0.6,143.2,0.5565,0.636,0.59625818,134.66,0.56,0.0,BTC-28JUN19-3500-C,8552.69,0.0,0.15,0.1,0.597,0.4,151.3,0.27149,-0.68017,2.54919,0.0,0.99611
8780.11,BTC-27SEP19,1559386741368,open,0.07,148.7,0.0305,0.11,0.07019132,86.17,0.0655,0.0,BTC-27SEP19-13000-C,8552.69,83.99,0.066,14.9,0.0745,10.0,88.37,17.04905,-6.23157,6.20141,8e-05,0.2889
8780.11,BTC-27SEP19,1559386741368,open,0.01,42.8,0.0005,0.049,0.00912245,96.6,0.0115,0.0,BTC-27SEP19-3750-P,8552.69,91.31,0.007,6.0,0.0115,6.0,101.81,3.76991,-1.54466,-1.22436,2e-05,-0.03406
8780.11,BTC-27SEP19,1559386741368,open,0.46,793.5,0.416,0.4955,0.4555891,89.09,0.4755,0.0,BTC-27SEP19-5000-C,8552.69,0.0,0.1105,2.0,0.5245,0.1,150.45,7.83793,-2.96181,12.99606,4e-05,0.91392
8658.39,BTC-28JUN19,1559386741368,open,0.77,20.1,0.7295,0.809,0.76900661,0.0,0.578,0.0,BTC-28JUN19-2000-C,8552.69,0.0,0.004,0.2,0.834,1.0,500.0,0.0,0.0,1.47264,0.0,1.0
8658.39,BTC-28JUN19,1559386741368,open,0.0,520.6,0.0005,0.04,1.24e-06,135.0,0.001,0.0,BTC-28JUN19-2000-P,8552.69,0.0,0.0,0.0,0.001,4.8,232.58,0.00149,-0.00373,-0.0001,0.0,-1e-05
8658.39,BTC-28JUN19,1559386741369,open,0.29,26.3,0.2405,0.3435,0.29194133,87.01,0.285,0.0,BTC-28JUN19-11000-P,8552.69,0.0,0.002,1.0,0.7135,1.0,500.0,6.27523,-10.15775,-7.05599,0.00013,-0.81482
8780.11,BTC-27SEP19,1559386741368,open,0.0,1639.1,0.0005,0.041,0.00108312,135.0,0.0005,0.0,BTC-27SEP19-1500-P,8552.69,0.0,0.0,0.0,0.003,0.1,156.57,0.53871,-0.30848,-0.13297,0.0,-0.00361
8780.11,BTC-27SEP19,1559386741368,open,0.55,0.0,0.489,0.6125,0.55081733,86.17,None,0.0,BTC-27SEP19-13000-P,8552.69,0.0,0.0065,0.1,1.293,0.3,500.0,17.04944,-6.23197,-35.78149,8e-05,-0.71109
8552.69,index_price,1559386741365,open,0.03,17.0,0.0005,0.073,0.03323596,85.61,0.0345,0,BTC-7JUN19-8750-C,8552.69,80.13,0.0305,18.0,0.0365,4.0,92.12,4.27694,-31.15676,0.55747,0.00042,0.43814
8658.39,BTC-28JUN19,1559386741369,open,0.0,396.3,0.0005,0.0405,0.00050112,135.0,0.0005,0.0,BTC-28JUN19-3500-P,8552.69,0.0,0.0,0.0,0.0015,1.0,155.54,0.2757,-0.69245,-0.02843,0.0,-0.00396
8780.19,BTC-27SEP19,1559386741369,open,0.72,55.9,0.6775,0.757,0.71710346,104.0,0.689,0.0,BTC-27SEP19-2500-C,8552.69,0.0,0.0065,0.1,0.9555,5.0,500.0,1.06216,-0.46856,7.80222,0.0,0.99226
8780.19,BTC-27SEP19,1559386741369,open,0.66,226.1,0.623,0.7025,0.66289514,104.02,0.585,0.0,BTC-27SEP19-3000-C,8552.69,0.0,0.0065,0.1,0.9505,5.0,500.0,2.13861,-0.94359,9.0673,1e-05,0.98267
8780.19,BTC-27SEP19,1559386741369,open,0.14,161.4,0.0945,0.185,0.1398254,84.31,0.172,0.0,BTC-27SEP19-8000-P,8552.69,81.01,0.133,9.9,0.1435,4.9,86.09,18.11838,-6.47966,-13.38509,9e-05,-0.33222
8780.19,BTC-27SEP19,1559386741366,open,0.05,144.2,0.0145,0.094,0.05433385,89.96,0.0565,0.0,BTC-27DEC19-20000-C,8552.69,89.07,0.0525,1.0,0.0565,11.0,91.0,18.15933,-3.91071,6.93366,5e-05,0.19233
8658.39,BTC-28JUN19,1559386741370,open,0.2,43.0,0.149,0.2445,0.19668388,86.8,0.1625,0.0,BTC-28JUN19-10000-P,8552.69,0.0,0.001,1.0,0.622,1.0,500.0,8.2969,-13.39775,-5.64847,0.00017,-0.6893
8552.69,index_price,1559386741365,open,0.14,0.0,0.095,0.1855,0.14029452,90.88,None,0,BTC-14JUN19-9500-P,8552.69,0.0,0.0,0.0,0.185,3.0,154.56,5.56855,-19.65272,-2.54112,0.00024,-0.70196
8552.69,index_price,1559386741365,open,0.03,18.2,0.0005,0.0665,0.02574092,82.57,0.025,0,BTC-7JUN19-8250-P,8552.69,72.35,0.021,24.0,0.0245,0.2,79.91,4.00209,-28.12005,-0.51172,0.00041,-0.34593
8552.69,index_price,1559386741365,open,0.3,8.4,0.2595,0.339,0.29921875,129.4,0.25,0,BTC-7JUN19-6000-C,8552.69,0.0,0.0505,2.0,0.329,3.2,302.4,0.35131,-3.8685,0.94761,2e-05,0.98749
8658.39,BTC-28JUN19,1559386741370,open,0.01,502.8,0.0005,0.0505,0.01085381,87.64,0.0125,0.0,BTC-28JUN19-12000-C,8552.69,84.81,0.0095,24.0,0.0125,0.1,90.87,4.27289,-6.96716,0.60037,9e-05,0.10502
8658.39,BTC-28JUN19,1559386741370,open,0.57,30.0,0.528,0.6075,0.56779461,134.78,0.298,0.0,BTC-28JUN19-3750-C,8552.69,0.0,0.0015,4.0,0.743,3.0,500.0,0.44279,-1.11029,2.71249,1e-05,0.99326
8780.19,BTC-27SEP19,1559386741366,open,0.62,4.0,0.5795,0.659,0.61929815,91.47,0.59,0.0,BTC-27DEC19-3500-C,8552.69,0.0,0.0065,1.1,0.995,1.0,500.0,6.51368,-1.42616,16.76976,2e-05,0.95305
8552.69,index_price,1559386741365,open,0.13,42.1,0.0895,0.169,0.12919973,87.86,0.129,0,BTC-7JUN19-7500-C,8552.69,0.0,0.0775,0.1,0.1655,0.1,192.38,2.02191,-15.11723,1.04938,0.0002,0.89139
8552.69,index_price,1559386741365,open,0.16,0.0,0.1165,0.196,0.15608443,91.82,None,0,BTC-7JUN19-7250-C,8552.69,0.0,0.0,0.0,0.1875,3.2,197.64,1.45498,-11.36807,1.0657,0.00013,0.93013
8780.19,BTC-27SEP19,1559386741371,open,0.01,1028.2,0.0005,0.054,0.01393709,92.96,0.0175,0.0,BTC-27SEP19-4250-P,8552.69,88.67,0.0115,16.0,0.016,10.0,96.33,5.20745,-2.05334,-1.8342,2e-05,-0.05075
8780.19,BTC-27SEP19,1559386741371,open,0.56,233.5,0.516,0.5955,0.55578216,94.74,0.58,0.0,BTC-27SEP19-4000-C,8552.69,0.0,0.1655,1.1,0.59,0.1,142.34,4.46137,-1.79285,11.40897,2e-05,0.95814
8780.19,BTC-27SEP19,1559386741366,open,0.01,178.6,0.0005,0.0475,0.00761837,99.78,0.0095,0.0,BTC-27DEC19-2500-P,8552.69,92.0,0.005,6.0,0.01,6.0,105.68,3.29685,-0.78748,-1.41759,1e-05,-0.02059
8780.19,BTC-27SEP19,1559386741367,open,0.0,85.9,0.0005,0.0445,0.00434095,104.98,0.0025,0.0,BTC-27DEC19-2000-P,8552.69,92.65,0.002,6.0,0.0065,1.9,113.13,2.06177,-0.51812,-0.81678,0.0,-0.01191
8780.19,BTC-27SEP19,1559386741366,open,0.72,0.0,0.683,0.7625,0.72288202,99.77,None,0.0,BTC-27DEC19-2500-C,8552.69,0.0,0.017,3.0,0.988,0.5,500.0,3.29581,-0.78714,12.88957,1e-05,0.97941
8552.69,index_price,1559386741365,open,0.1,10.0,0.054,0.1415,0.09773235,87.22,0.088,0,BTC-7JUN19-9250-P,8552.69,59.15,0.0875,6.0,0.095,6.0,80.4,3.49806,-25.96362,-1.15764,0.00034,-0.74309
8552.69,index_price,1559386741365,open,0.1,0.0,0.0585,0.138,0.09816533,83.47,None,0,BTC-14JUN19-8000-C,8552.69,87.75,0.101,6.0,0.108,6.0,98.18,5.64263,-18.2899,1.79478,0.00026,0.69305
8780.19,BTC-27SEP19,1559386741368,open,1.33,0.0,1.239,1.4255,1.33222002,89.98,None,0.0,BTC-27DEC19-20000-P,8552.69,0.0,0.0055,5.0,2.1905,0.2,499.42,18.16343,-3.91225,-107.51677,5e-05,-0.8076
8780.19,BTC-27SEP19,1559386741366,open,0.28,121.4,0.2395,0.319,0.27921725,81.82,0.274,0.0,BTC-27DEC19-8000-C,8552.69,81.38,0.278,8.6,0.2905,5.0,85.99,23.83951,-4.66939,19.99594,7e-05,0.67718
8780.19,BTC-27SEP19,1559386741369,open,0.7,0.0,0.636,0.772,0.70415312,85.65,None,0.0,BTC-27DEC19-14000-P,8552.69,0.0,0.0075,3.0,1.521,0.2,500.0,24.49856,-5.0229,-68.24074,6e-05,-0.65399
8780.19,BTC-27SEP19,1559386741371,open,0.83,0.0,0.7915,0.871,0.83117568,110.57,None,0.0,BTC-27DEC19-1500-C,8552.69,0.0,0.1,0.1,0.991,0.5,500.0,1.07761,-0.28523,8.19674,0.0,0.99431
8780.19,BTC-27SEP19,1559386741369,open,1.55,0.0,1.449,1.6525,1.55061956,91.4,None,0.0,BTC-27DEC19-22000-P,8552.69,0.0,0.0075,2.0,2.415,0.3,500.0,16.34862,-3.57692,-119.97469,4e-05,-0.83714
8780.19,BTC-27SEP19,1559386741367,open,0.03,201.9,0.0005,0.0725,0.03257058,94.23,0.03,0.0,BTC-27DEC19-26000-C,8552.69,92.17,0.0295,6.0,0.036,6.0,96.42,13.41821,-3.02659,4.47789,3e-05,0.12169
8780.19,BTC-27SEP19,1559386741368,open,0.57,27.1,0.5305,0.61,0.57028789,88.63,0.542,0.0,BTC-27DEC19-4000-C,8552.69,0.0,0.0195,0.1,0.714,0.2,200.07,8.50155,-1.80367,18.28525,2e-05,0.9342
8780.19,BTC-27SEP19,1559386741368,open,0.44,54.9,0.3975,0.477,0.43741967,82.95,0.416,0.0,BTC-27DEC19-5500-C,8552.69,0.0,0.0065,1.0,0.982,5.0,500.0,15.12205,-3.00273,20.99352,4e-05,0.85524
8780.19,BTC-27SEP19,1559386741369,open,0.03,134.8,0.0005,0.0665,0.02586512,88.64,0.024,0.0,BTC-27DEC19-4000-P,8552.69,85.61,0.023,16.0,0.0285,6.0,91.31,8.50232,-1.80397,-4.60594,2e-05,-0.0658
8780.19,BTC-27SEP19,1559386741368,open,0.02,87.4,0.0005,0.0585,0.01792823,91.47,0.02,0.0,BTC-27DEC19-3500-P,8552.69,87.37,0.015,16.0,0.0205,6.0,94.84,6.51454,-1.42646,-3.26007,2e-05,-0.04695
8780.19,BTC-27SEP19,1559386741367,open,0.04,35.5,0.0005,0.0775,0.03794218,92.82,0.044,0.0,BTC-27DEC19-24000-C,8552.69,91.04,0.035,6.0,0.0415,6.0,94.89,14.77191,-3.28206,5.11976,4e-05,0.13984
8780.11,BTC-27SEP19,1559386741409,open,0.86,0.0,0.7855,0.934,0.85974844,88.25,None,0.0,BTC-27SEP19-16000-P,8552.69,0.0,0.0065,0.1,1.6155,0.2,500.0,12.72669,-4.76403,-47.85298,6e-05,-0.82788
8552.69,index_price,1559386741409,open,0.24,20.7,0.2015,0.281,0.24120851,111.16,0.255,0,BTC-7JUN19-6500-C,8552.69,0.0,0.0005,3.0,0.271,3.2,255.41,0.56696,-5.36329,1.01457,4e-05,0.97812
274.63,ETH-28JUN19,1559386741459,open,0.12,374.0,0.075,0.163,0.118919,99.9,0.167,0.0,ETH-28JUN19-280-P,268.87,96.27,0.115,80.0,0.123,144.0,103.68,0.29669,-0.55139,-0.11999,0.00535,-0.47445
285.61,ETH-27SEP19,1559386741460,open,0.04,4775.0,0.004,0.087,0.045797,95.09,0.065,0.0,ETH-27SEP19-180-P,268.87,88.46,0.038,160.0,0.046,60.0,95.26,0.34408,-0.13879,-0.16252,0.00137,-0.1304
274.63,ETH-28JUN19,1559386741460,open,0.49,335.0,0.452,0.531,0.491698,118.34,0.481,0.0,ETH-28JUN19-140-C,268.87,0.0,0.021,3.0,0.6,1.0,387.38,0.02318,-0.05104,0.10037,0.00035,0.98805
274.63,ETH-28JUN19,1559386741460,open,0.32,586.0,0.278,0.357,0.317093,99.75,0.334,0.0,ETH-28JUN19-190-C,268.87,0.0,0.308,1.0,0.6,23.0,500.0,0.09705,-0.18011,0.12449,0.00175,0.93272
285.61,ETH-27SEP19,1559386741460,open,0.26,954.0,0.212,0.291,0.251293,95.11,0.252,0.0,ETH-27SEP19-260-C,268.87,92.04,0.245,80.0,0.257,80.0,97.89,0.58672,-0.23669,0.38759,0.00234,0.6715
274.63,ETH-28JUN19,1559386741460,open,0.03,5023.0,0.001,0.069,0.02806,99.86,0.019,0.0,ETH-28JUN19-220-P,268.87,87.58,0.02,80.0,0.022,154.0,90.74,0.18861,-0.35039,-0.04006,0.0034,-0.17004
274.63,ETH-28JUN19,1559386741460,open,0.08,2407.0,0.038,0.123,0.080407,99.88,0.07,0.0,ETH-28JUN19-260-P,268.87,91.65,0.072,272.0,0.081,192.0,100.46,0.28084,-0.52185,-0.09065,0.00506,-0.36787
285.61,ETH-27SEP19,1559386741460,open,0.02,7561.0,0.001,0.056,0.016123,95.11,0.017,0.0,ETH-27SEP19-140-P,268.87,84.52,0.01,60.0,0.017,60.0,96.46,0.18309,-0.07386,-0.06651,0.00073,-0.05598
274.63,ETH-28JUN19,1559386741460,open,0.34,0.0,0.291,0.397,0.344208,109.62,None,0.0,ETH-28JUN19-360-P,268.87,37.63,0.311,1.0,0.0,0.0,0.0,0.22251,-0.45378,-0.22668,0.00366,-0.77675
285.61,ETH-27SEP19,1559386741460,open,1.0,0.0,0.94,1.101,1.020296,109.23,None,0.0,ETH-27SEP19-560-P,268.87,0.0,0.0,0.0,0.0,0.0,0.0,0.47981,-0.22232,-1.66111,0.00167,-0.78062
285.61,ETH-27SEP19,1559386741460,open,0.34,31.0,0.292,0.399,0.345258,97.33,0.368,0.0,ETH-27SEP19-340-P,268.87,93.24,0.336,36.0,0.353,36.0,100.74,0.64703,-0.26712,-0.79385,0.00252,-0.5154
274.63,ETH-28JUN19,1559386741460,open,0.0,4769.0,0.001,0.04,0.000599,126.79,0.001,0.0,ETH-28JUN19-120-P,268.87,0.0,0.0,0.0,0.001,100.0,135.32,0.0107,-0.02524,-0.00112,0.00015,-0.00496
274.63,ETH-28JUN19,1559386741460,open,0.0,9802.0,0.001,0.04,0.000786,119.36,0.001,0.0,ETH-28JUN19-130-P,268.87,0.0,0.0,0.0,0.0,0.0,0.0,0.01404,-0.03117,-0.00152,0.00021,-0.00674
285.61,ETH-27SEP19,1559386741460,open,0.03,5371.0,0.001,0.069,0.028625,95.09,0.032,0.0,ETH-27SEP19-160-P,268.87,86.35,0.021,60.0,0.029,60.0,95.5,0.26297,-0.10607,-0.10916,0.00105,-0.08972
285.61,ETH-27SEP19,1559386741460,open,0.19,582.0,0.154,0.249,0.201209,95.09,0.316,0.0,ETH-27SEP19-280-P,268.87,91.76,0.194,80.0,0.208,128.0,98.23,0.61773,-0.24916,-0.53559,0.00247,-0.37946
285.61,ETH-27SEP19,1559386741460,open,0.09,1956.0,0.051,0.138,0.09457,95.09,0.086,0.0,ETH-27SEP19-220-P,268.87,91.23,0.088,80.0,0.096,48.0,95.93,0.4876,-0.19668,-0.29538,0.00195,-0.22567
285.61,ETH-27SEP19,1559386741460,open,0.47,401.0,0.429,0.508,0.46844,95.11,0.38,0.0,ETH-27SEP19-160-C,268.87,0.0,0.26,1.0,0.599,10.0,205.16,0.26303,-0.10612,0.40751,0.00105,0.91025
285.61,ETH-27SEP19,1559386741461,open,0.29,4.0,0.243,0.345,0.29408,96.51,0.297,0.0,ETH-27SEP19-320-P,268.87,92.5,0.285,36.0,0.301,36.0,99.57,0.64607,-0.26448,-0.70783,0.00254,-0.47332
274.63,ETH-28JUN19,1559386741461,open,0.29,2170.0,0.246,0.325,0.285405,99.77,0.248,0.0,ETH-28JUN19-200-C,268.87,77.86,0.277,80.0,0.317,80.0,153.65,0.1266,-0.23498,0.12516,0.00228,0.90434
274.63,ETH-28JUN19,1559386741461,open,0.14,2377.0,0.094,0.173,0.133541,99.75,0.127,0.0,ETH-28JUN19-260-C,268.87,95.3,0.129,80.0,0.134,144.0,100.19,0.28083,-0.52113,0.10083,0.00507,0.63216
274.63,ETH-28JUN19,1559386741461,open,0.22,51.0,0.175,0.271,0.223064,105.73,0.211,0.0,ETH-28JUN19-320-P,268.87,99.64,0.217,144.0,0.228,144.0,110.62,0.27558,-0.54208,-0.17686,0.00469,-0.65154
274.63,ETH-28JUN19,1559386741461,open,0.01,7102.0,0.001,0.045,0.00557,99.85,0.009,0.0,ETH-28JUN19-180-P,268.87,73.62,0.001,100.0,0.004,240.0,93.21,0.07071,-0.13135,-0.01024,0.00128,-0.04506
285.61,ETH-27SEP19,1559386741461,open,0.24,36.0,0.196,0.294,0.245093,95.39,0.23,0.0,ETH-27SEP19-300-P,268.87,91.77,0.237,36.0,0.253,36.0,98.94,0.63707,-0.25777,-0.62124,0.00254,-0.42843
285.61,ETH-27SEP19,1559386741461,open,0.5,0.0,0.454,0.575,0.514566,100.8,None,0.0,ETH-27SEP19-400-P,268.87,95.42,0.503,36.0,0.521,36.0,103.76,0.61872,-0.26454,-1.04514,0.00233,-0.61854
274.63,ETH-28JUN19,1559386741461,open,0.05,6011.0,0.009,0.092,0.05008,99.87,0.041,0.0,ETH-28JUN19-240-P,268.87,88.32,0.04,272.0,0.047,192.0,96.38,0.24334,-0.45212,-0.06339,0.00439,-0.26341
274.63,ETH-28JUN19,1559386741461,open,0.57,50.0,0.524,0.603,0.563631,126.36,0.547,0.0,ETH-28JUN19-120-C,268.87,0.0,0.0,0.0,0.0,0.0,0.0,0.01049,-0.02467,0.08726,0.00015,0.99515
285.61,ETH-27SEP19,1559386741462,open,0.08,1466.0,0.039,0.118,0.078676,104.38,0.092,0.0,ETH-27SEP19-480-C,268.87,101.92,0.074,48.0,0.085,100.0,107.65,0.54771,-0.2425,0.18701,0.00199,0.28142
274.63,ETH-28JUN19,1559386741462,open,0.53,386.0,0.488,0.567,0.527405,119.02,0.321,0.0,ETH-28JUN19-130-C,268.87,0.0,0.14,49.0,0.541,2.0,201.31,0.01383,-0.03061,0.09423,0.00021,0.99338
285.61,ETH-27SEP19,1559386741461,open,0.12,1862.0,0.075,0.154,0.114104,100.82,0.103,0.0,ETH-27SEP19-400-C,268.87,97.99,0.108,100.0,0.121,48.0,103.99,0.61875,-0.26461,0.24667,0.00233,0.38154
274.63,ETH-28JUN19,1559386741461,open,0.0,4694.0,0.001,0.04,0.000335,130.24,0.001,0.0,ETH-28JUN19-110-P,268.87,0.0,0.0,0.0,0.0,0.0,0.0,0.00649,-0.01572,-0.00064,9e-05,-0.00284
268.87,index_price,1559386741459,open,0.03,586.0,0.001,0.065,0.025705,107.57,0.029,0,ETH-7JUN19-290-C,268.87,101.51,0.023,1.0,0.03,240.0,117.01,0.12093,-1.10703,0.01246,0.00966,0.31347
274.65,ETH-28JUN19,1559386741462,open,0.04,2752.0,0.001,0.073,0.033183,109.39,0.04,0.0,ETH-28JUN19-360-C,268.87,105.4,0.03,292.0,0.036,192.0,112.83,0.22219,-0.45219,0.03832,0.00366,0.22267
274.63,ETH-28JUN19,1559386741462,open,0.0,7787.0,0.001,0.042,0.002444,116.28,0.002,0.0,ETH-28JUN19-150-P,268.87,101.52,0.001,111.0,0.004,100.0,126.86,0.03457,-0.07479,-0.00434,0.00054,-0.01902
285.63,ETH-27SEP19,1559386741463,open,0.37,1738.0,0.328,0.407,0.367562,95.09,0.307,0.0,ETH-27SEP19-200-C,268.87,38.99,0.304,1.0,0.583,4.0,234.35,0.42033,-0.16953,0.42079,0.00168,0.82374
274.65,ETH-28JUN19,1559386741463,open,0.17,141.0,0.122,0.215,0.16833,103.19,0.265,0.0,ETH-28JUN19-300-P,268.87,97.24,0.162,144.0,0.173,144.0,107.56,0.29279,-0.56207,-0.14923,0.00511,-0.56958
274.65,ETH-28JUN19,1559386741463,open,0.06,1822.0,0.018,0.097,0.057817,105.67,0.062,0.0,ETH-28JUN19-320-C,268.87,101.84,0.054,80.0,0.061,192.0,108.83,0.27559,-0.54176,0.05877,0.0047,0.34841
285.63,ETH-27SEP19,1559386741463,open,0.07,2732.0,0.026,0.11,0.067819,95.12,0.094,0.0,ETH-27SEP19-200-P,268.87,89.75,0.06,100.0,0.068,48.0,95.24,0.42038,-0.16962,-0.22518,0.00168,-0.1763
268.87,index_price,1559386741459,open,0.07,691.0,0.029,0.108,0.068404,100.91,0.081,0,ETH-7JUN19-260-C,268.87,95.89,0.066,180.0,0.071,1.0,106.31,0.12905,-1.1081,0.02421,0.01099,0.6278
268.87,index_price,1559386741459,open,0.02,15.0,0.001,0.06,0.02095,113.2,0.019,0,ETH-14JUN19-330-C,268.87,105.32,0.017,240.0,0.025,240.0,120.78,0.13951,-0.61328,0.01657,0.00483,0.19565
268.87,index_price,1559386741459,open,0.02,895.0,0.001,0.062,0.021948,101.04,0.062,0,ETH-7JUN19-250-P,268.87,83.73,0.015,240.0,0.022,240.0,101.17,0.11148,-0.95852,-0.01237,0.00948,-0.26379
268.87,index_price,1559386741459,open,0.0,4.0,0.001,0.04,0.00052,120.77,0.003,0,ETH-7JUN19-190-P,268.87,0.0,0.0,0.0,0.001,50.0,132.45,0.00875,-0.08997,-0.00044,0.00062,-0.00958
268.87,index_price,1559386741459,open,0.01,255.0,0.001,0.047,0.007771,110.16,0.007,0,ETH-7JUN19-320-C,268.87,102.78,0.006,300.0,0.011,300.0,121.96,0.06818,-0.63914,0.00485,0.00532,0.11985
268.87,index_price,1559386741459,open,0.21,0.0,0.169,0.265,0.216777,112.74,None,0,ETH-14JUN19-320-P,268.87,71.85,0.197,60.0,0.21,60.0,100.57,0.15588,-0.68243,-0.09294,0.00542,-0.7631
268.87,index_price,1559386741461,open,0.25,0.0,0.199,0.298,0.2484,113.38,None,0,ETH-14JUN19-330-P,268.87,0.0,0.0,0.0,0.0,0.0,0.0,0.13971,-0.6151,-0.09981,0.00483,-0.80389
268.87,index_price,1559386741459,open,0.02,240.0,0.001,0.06,0.020031,100.68,0.015,0,ETH-14JUN19-230-P,268.87,83.12,0.012,240.0,0.02,240.0,100.61,0.13191,-0.5157,-0.01885,0.00514,-0.1787
8780.19,BTC-27SEP19,1559386741585,open,0.34,1.1,0.282,0.388,0.33494773,81.83,0.357,0.0,BTC-27DEC19-10000-P,8552.69,77.19,0.321,3.6,0.336,3.6,82.18,26.3674,-5.16492,-39.96395,7e-05,-0.46042
8658.39,BTC-28JUN19,1559386741587,open,0.01,593.4,0.0005,0.053,0.01297107,91.1,0.0105,0.0,BTC-28JUN19-6500-P,8552.69,85.67,0.0105,34.0,0.014,24.0,93.23,4.11284,-6.97033,-0.71802,8e-05,-0.09965
8552.69,index_price,1559386741613,open,0.08,103.7,0.041,0.1205,0.08066707,82.55,0.085,0,BTC-7JUN19-8000-C,8552.69,85.86,0.082,6.0,0.0885,6.0,101.46,3.41149,-23.96355,0.92838,0.00035,0.75497
8780.19,BTC-27SEP19,1559386741615,open,0.04,33.2,0.005,0.0845,0.04493933,91.38,0.045,0.0,BTC-27DEC19-22000-C,8552.69,89.78,0.042,4.9,0.0485,4.9,93.26,16.34236,-3.57472,5.92016,4e-05,0.16276
8780.19,BTC-27SEP19,1559386741617,open,0.07,69.2,0.027,0.1065,0.06673405,88.39,0.0625,0.0,BTC-27DEC19-18000-C,8552.69,86.75,0.063,4.9,0.071,10.0,90.23,20.16197,-4.26599,8.1968,5e-05,0.22987
8658.39,BTC-28JUN19,1559386741618,open,0.11,103.2,0.071,0.16,0.11549113,85.77,0.1135,0.0,BTC-28JUN19-9000-P,8552.69,79.76,0.109,14.4,0.1175,14.4,87.63,9.36138,-14.93771,-4.05082,0.0002,-0.5199
8780.11,BTC-27SEP19,1559386741625,open,0.23,1005.5,0.189,0.2685,0.22867093,84.31,0.2225,0.0,BTC-27SEP19-8000-C,8552.69,82.77,0.2255,5.0,0.2345,5.0,87.13,18.11838,-6.47934,12.4507,9e-05,0.66777
8658.39,BTC-28JUN19,1559386741629,open,0.11,103.2,0.071,0.16,0.11549113,85.77,0.1135,0.0,BTC-28JUN19-9000-P,8552.69,79.3,0.1085,14.4,0.1175,14.4,87.63,9.36138,-14.93771,-4.05082,0.0002,-0.5199
8780.11,BTC-27SEP19,1559386741641,open,0.36,3.2,0.31,0.4185,0.36408397,85.12,0.481,0.0,BTC-27SEP19-11000-P,8552.69,80.54,0.354,3.6,0.369,3.6,87.34,19.41192,-7.00884,-27.01539,9e-05,-0.58867
8552.69,index_price,1559386741642,open,0.01,371.6,0.0005,0.0505,0.01067549,87.2,0.01,0,BTC-7JUN19-9500-C,8552.69,83.67,0.0095,1.0,0.011,0.1,88.15,2.90254,-21.53754,0.24086,0.00028,0.18562
8658.31,BTC-28JUN19,1559386741654,open,0.15,23.1,0.1075,0.199,0.1533467,85.79,0.175,0.0,BTC-28JUN19-9500-P,8552.69,78.68,0.146,14.4,0.156,14.4,88.34,9.00729,-14.37626,-4.87339,0.00019,-0.61107
8552.69,index_price,1559386741662,open,0.1,0.0,0.0585,0.138,0.09816533,83.47,None,0,BTC-14JUN19-8000-C,8552.69,87.75,0.101,6.0,0.1085,6.0,98.92,5.64263,-18.2899,1.79478,0.00026,0.69305
8552.69,index_price,1559386741663,open,0.04,23.4,0.007,0.0865,0.04671208,90.87,0.048,0,BTC-14JUN19-9000-C,8552.69,85.79,0.043,5.0,0.0485,18.0,93.3,6.26419,-22.1037,1.11269,0.00027,0.41552
8658.43,BTC-28JUN19,1559386741762,open,0.37,148.2,0.33,0.4095,0.36950922,102.42,0.36,0.0,BTC-28JUN19-5500-C,8552.69,0.0,0.3645,0.1,0.613,5.0,500.0,1.95071,-3.71684,3.77599,3e-05,0.96179
268.87,index_price,1559386741936,open,0.21,0.0,0.169,0.265,0.216704,112.61,None,0,ETH-14JUN19-320-P,268.87,71.85,0.197,60.0,0.209,60.0,98.68,0.15576,-0.68116,-0.09296,0.00542,-0.76342
274.63,ETH-28JUN19,1559386741949,open,0.22,51.0,0.175,0.271,0.223032,105.73,0.211,0.0,ETH-28JUN19-320-P,268.87,99.64,0.217,144.0,0.227,144.0,109.63,0.27558,-0.54208,-0.17686,0.00469,-0.65154
285.61,ETH-27SEP19,1559386741964,open,0.2,1460.0,0.155,0.234,0.194733,95.41,0.198,0.0,ETH-27SEP19-300-C,268.87,94.18,0.192,101.0,0.203,100.0,99.11,0.63706,-0.25781,0.34759,0.00253,0.57159
268.87,index_price,1559386741959,open,0.13,123.0,0.089,0.179,0.134026,110.36,0.215,0,ETH-7JUN19-300-P,268.87,78.52,0.123,60.0,0.131,60.0,102.3,0.10559,-0.99165,-0.03878,0.00822,-0.76189
268.87,index_price,1559386742003,open,0.16,0.0,0.112,0.203,0.157586,111.19,None,0,ETH-14JUN19-300-P,268.87,81.11,0.138,180.0,0.151,180.0,101.38,0.18444,-0.7964,-0.07782,0.0065,-0.66282
8780.19,BTC-27SEP19,1559386742020,open,0.52,6.6,0.484,0.5635,0.5236376,86.46,0.498,0.0,BTC-27DEC19-4500-C,8552.69,0.0,0.26,1.4,0.984,1.0,500.0,10.66747,-2.20786,19.47975,3e-05,0.91133
268.87,index_price,1559386742046,open,0.07,691.0,0.029,0.108,0.068446,100.91,0.081,0,ETH-7JUN19-260-C,268.87,97.98,0.067,180.0,0.071,1.0,106.31,0.12905,-1.1081,0.02421,0.01099,0.6278
268.87,index_price,1559386742053,open,0.15,202.0,0.111,0.19,0.150958,100.74,0.156,0,ETH-7JUN19-230-C,268.87,101.18,0.151,60.0,0.157,60.0,124.56,0.05956,-0.5106,0.03245,0.00508,0.9007
268.87,index_price,1559386742060,open,0.03,25.0,0.001,0.071,0.030009,100.68,0.045,0,ETH-14JUN19-240-P,268.87,84.83,0.021,240.0,0.03,240.0,100.63,0.15821,-0.61856,-0.02594,0.00616,-0.24345
268.87,index_price,1559386742068,open,0.14,0.0,0.098,0.177,0.137384,100.57,None,0,ETH-14JUN19-240-C,268.87,101.69,0.138,60.0,0.149,60.0,119.84,0.15815,-0.61763,0.05875,0.00617,0.75672
268.87,index_price,1559386742074,open,0.17,0.0,0.125,0.204,0.164584,100.55,None,0,ETH-14JUN19-230-C,268.87,103.51,0.166,60.0,0.176,60.0,122.56,0.13179,-0.51459,0.06232,0.00514,0.82155
268.87,index_price,1559386742079,open,0.11,0.0,0.074,0.153,0.11305,100.58,None,0,ETH-14JUN19-250-C,268.87,100.57,0.113,180.0,0.125,180.0,118.36,0.17957,-0.7014,0.05418,0.007,0.68426
268.87,index_price,1559386742084,open,0.11,0.0,0.074,0.153,0.11305,100.58,None,0,ETH-14JUN19-250-C,268.87,100.57,0.113,180.0,0.126,180.0,119.82,0.17957,-0.7014,0.05418,0.007,0.68426
268.87,index_price,1559386742099,open,0.06,11.0,0.013,0.092,0.052237,110.49,0.031,0,ETH-14JUN19-290-C,268.87,100.47,0.045,180.0,0.059,180.0,119.81,0.19472,-0.83546,0.03271,0.00691,0.39712
268.87,index_price,1559386742105,open,0.18,0.0,0.139,0.233,0.18633,111.94,None,0,ETH-14JUN19-310-P,268.87,76.43,0.166,60.0,0.18,60.0,101.65,0.17106,-0.7436,-0.08562,0.00599,-0.71632
268.87,index_price,1559386742112,open,0.04,10.0,0.001,0.073,0.033356,111.8,0.018,0,ETH-14JUN19-310-C,268.87,103.25,0.028,240.0,0.039,240.0,120.56,0.17097,-0.7423,0.02371,0.006,0.28336
285.61,ETH-27SEP19,1559386742133,open,0.04,4775.0,0.004,0.087,0.045803,95.09,0.065,0.0,ETH-27SEP19-180-P,268.87,88.46,0.038,100.0,0.046,60.0,95.26,0.34408,-0.13879,-0.16252,0.00137,-0.1304
8780.19,BTC-27SEP19,1559386742147,open,0.04,282.0,0.0005,0.077,0.03599223,87.52,0.0425,0.0,BTC-27SEP19-5500-P,8552.69,84.81,0.033,6.0,0.0385,6.0,89.74,9.81594,-3.64417,-4.34372,5e-05,-0.1172
285.61,ETH-27SEP19,1559386742144,open,0.34,31.0,0.292,0.399,0.345198,97.33,0.368,0.0,ETH-27SEP19-340-P,268.87,92.8,0.335,36.0,0.353,36.0,100.74,0.64703,-0.26712,-0.79385,0.00252,-0.5154
285.63,ETH-27SEP19,1559386742171,open,0.5,0.0,0.455,0.575,0.514606,100.85,None,0.0,ETH-27SEP19-400-P,268.87,94.98,0.502,36.0,0.521,36.0,103.79,0.61887,-0.26475,-1.04504,0.00233,-0.61831
285.61,ETH-27SEP19,1559386742179,open,0.07,66.0,0.029,0.108,0.068327,107.04,0.063,0.0,ETH-27SEP19-520-C,268.87,104.61,0.064,48.0,0.075,48.0,110.7,0.51354,-0.23317,0.16569,0.00182,0.24797
274.63,ETH-28JUN19,1559386742186,open,0.01,3955.0,0.001,0.049,0.008956,99.85,0.006,0.0,ETH-28JUN19-190-P,268.87,83.08,0.004,100.0,0.006,240.0,90.67,0.09722,-0.18059,-0.01545,0.00175,-0.06743
274.65,ETH-28JUN19,1559386742207,open,0.14,2377.0,0.094,0.173,0.133614,99.78,0.127,0.0,ETH-28JUN19-260-C,268.87,95.27,0.129,80.0,0.135,144.0,101.14,0.28083,-0.52132,0.10084,0.00507,0.63226
274.65,ETH-28JUN19,1559386742214,open,0.17,141.0,0.122,0.214,0.16825,103.11,0.265,0.0,ETH-28JUN19-300-P,268.87,97.24,0.162,144.0,0.172,144.0,106.63,0.29277,-0.56163,-0.14924,0.00511,-0.56971
274.63,ETH-28JUN19,1559386742219,open,0.1,2232.0,0.06,0.139,0.099279,99.76,0.112,0.0,ETH-28JUN19-280-C,268.87,97.71,0.097,81.0,0.104,144.0,104.19,0.29669,-0.55064,0.08619,0.00536,0.52544
274.65,ETH-28JUN19,1559386742226,open,0.22,51.0,0.175,0.271,0.223032,105.76,0.211,0.0,ETH-28JUN19-320-P,268.87,98.69,0.216,144.0,0.227,144.0,109.7,0.27565,-0.54238,-0.17683,0.00469,-0.65137
8780.19,BTC-27SEP19,1559386742246,open,0.53,0.2,0.49,0.5695,0.52988814,92.95,0.26,0.0,BTC-27SEP19-4250-C,8552.69,0.0,0.0115,0.1,0.737,5.0,299.66,5.20663,-2.05285,11.89147,2e-05,0.94926
268.87,index_price,1559386742243,open,0.1,393.0,0.053,0.132,0.092109,100.88,0.081,0,ETH-7JUN19-250-C,268.87,95.86,0.09,60.0,0.099,60.0,117.25,0.11142,-0.95644,0.02789,0.00949,0.73648
268.87,index_price,1559386742252,open,0.19,18.0,0.145,0.224,0.184691,101.1,0.136,0,ETH-7JUN19-220-C,268.87,103.33,0.185,60.0,0.192,60.0,139.44,0.03617,-0.31113,0.03305,0.00307,0.94824
268.87,index_price,1559386742255,open,0.03,586.0,0.001,0.065,0.025726,107.62,0.029,0,ETH-7JUN19-290-C,268.87,101.51,0.023,1.0,0.031,240.0,119.18,0.12095,-1.10767,0.01246,0.00966,0.31357
268.87,index_price,1559386742265,open,0.05,255.0,0.012,0.095,0.05332,101.07,0.107,0,ETH-7JUN19-270-P,268.87,84.55,0.045,180.0,0.055,180.0,104.31,0.13603,-1.16994,-0.02341,0.01156,-0.48747
268.87,index_price,1559386742271,open,0.16,249.0,0.119,0.211,0.165036,110.42,0.228,0,ETH-7JUN19-310-P,268.87,68.81,0.155,60.0,0.162,60.0,100.3,0.087,-0.81746,-0.04298,0.00677,-0.82792
268.87,index_price,1559386742278,open,0.0,306.0,0.001,0.043,0.003057,110.42,0.003,0,ETH-7JUN19-340-C,268.87,101.97,0.002,300.0,0.006,350.0,127.79,0.03752,-0.35256,0.00221,0.00292,0.05422
274.63,ETH-28JUN19,1559386742283,open,0.08,2407.0,0.038,0.123,0.080342,99.88,0.07,0.0,ETH-28JUN19-260-P,268.87,91.65,0.072,80.0,0.081,192.0,100.46,0.28084,-0.52185,-0.09065,0.00506,-0.36787
285.63,ETH-27SEP19,1559386742288,open,0.16,1294.0,0.116,0.208,0.16161,95.11,0.162,0.0,ETH-27SEP19-260-P,268.87,91.41,0.154,80.0,0.166,48.0,97.25,0.58672,-0.23672,-0.45205,0.00234,-0.32845
268.87,index_price,1559386742293,open,0.07,1.0,0.035,0.12,0.07758,100.65,0.062,0,ETH-14JUN19-270-P,268.87,83.83,0.065,180.0,0.075,1.0,97.2,0.20093,-0.78534,-0.05205,0.00783,-0.47117
274.63,ETH-28JUN19,1559386742297,open,0.26,661.0,0.216,0.295,0.255307,99.66,0.21,0.0,ETH-28JUN19-210-C,268.87,88.12,0.249,80.0,0.253,48.0,95.72,0.15747,-0.29196,0.12436,0.00285,0.87021
268.87,index_price,1559386742307,open,0.1,393.0,0.053,0.132,0.092109,100.88,0.081,0,ETH-7JUN19-250-C,268.87,98.31,0.091,60.0,0.099,60.0,117.25,0.11142,-0.95644,0.02789,0.00949,0.73648
8780.26,BTC-27SEP19,1559386742365,open,1.52,0.0,1.4185,1.6195,1.51888258,92.59,None,0.0,BTC-27SEP19-22000-P,8553.51,0.0,0.0055,10.0,0.0,0.0,0.0,6.6319,-2.60457,-69.46551,3e-05,-0.93092
8780.26,BTC-27SEP19,1559386742366,open,0.61,261.1,0.569,0.6485,0.60872529,98.9,0.52,0.0,BTC-27SEP19-3500-C,8553.51,0.0,0.161,1.0,0.616,0.5,115.57,3.16686,-1.32856,10.31246,1e-05,0.97241
8658.43,BTC-28JUN19,1559386742366,open,0.0,94.5,0.0005,0.04,0.00025462,135.0,0.002,0.0,BTC-28JUN19-3250-P,8553.51,0.0,0.0,0.0,0.356,2.5,500.0,0.15782,-0.39639,-0.01521,0.0,-0.00213
8780.26,BTC-27SEP19,1559386742366,open,0.01,28.3,0.0005,0.046,0.0058344,101.35,0.007,0.0,BTC-27SEP19-3250-P,8553.51,92.38,0.0035,9.0,0.008,6.0,107.98,2.62173,-1.12709,-0.79007,1e-05,-0.02203
8658.43,BTC-28JUN19,1559386742366,open,0.62,1.3,0.5555,0.685,0.62025359,92.29,2.415,0.0,BTC-28JUN19-14000-P,8553.51,0.0,0.0,0.0,1.0,1.0,499.97,1.87668,-3.22232,-10.09737,4e-05,-0.96355
8658.43,BTC-28JUN19,1559386742366,open,0.0,854.3,0.0005,0.0425,0.00286705,109.75,0.004,0.0,BTC-28JUN19-5000-P,8553.51,103.28,0.002,3.0,0.0035,24.0,113.76,1.28722,-2.62829,-0.16586,2e-05,-0.02315
8780.26,BTC-27SEP19,1559386742366,open,0.01,121.4,0.0005,0.0495,0.0098494,93.85,0.01,0.0,BTC-27SEP19-24000-C,8553.51,89.69,0.0075,6.0,0.0125,6.0,97.88,5.37044,-2.13793,1.21661,2e-05,0.05275
8553.51,index_price,1559386742365,open,0.02,31.8,0.0005,0.056,0.01619335,87.15,0.0195,0,BTC-7JUN19-9250-C,8553.51,81.69,0.014,2.0,0.018,24.0,91.51,3.49886,-25.947,0.33153,0.00034,0.25697
8553.51,index_price,1559386742366,open,0.0,546.3,0.0005,0.041,0.00119798,98.99,0.001,0,BTC-7JUN19-11000-C,8553.51,87.31,0.0005,54.9,0.002,41.0,107.79,0.65928,-5.55345,0.0344,6e-05,0.02618
8781.08,BTC-27SEP19,1559386742368,open,0.65,0.0,0.585,0.7165,0.65093581,86.91,None,0.0,BTC-27SEP19-14000-P,8553.51,0.0,0.0065,0.1,1.4,0.3,500.0,15.60848,-5.75376,-39.93439,7e-05,-0.75728
8659.25,BTC-28JUN19,1559386742368,open,0.02,507.5,0.0005,0.061,0.02147429,86.95,0.0215,0.0,BTC-28JUN19-11000-C,8553.51,84.89,0.02,19.3,0.022,0.1,87.68,6.27426,-10.14986,1.0433,0.00013,0.1851
8659.25,BTC-28JUN19,1559386742369,open,0.13,700.9,0.0935,0.173,0.13343615,86.97,0.129,0.0,BTC-28JUN19-8000-C,8553.51,83.45,0.13,5.0,0.1375,19.4,91.12,8.45781,-13.68516,3.45248,0.00018,0.67492
8781.08,BTC-27SEP19,1559386742369,open,0.01,336.3,0.0005,0.0515,0.01135864,94.76,0.011,0.0,BTC-27SEP19-4000-P,8553.51,89.85,0.009,16.0,0.0135,16.0,98.8,4.46244,-1.79369,-1.50943,2e-05,-0.04187
8659.25,BTC-28JUN19,1559386742369,open,0.26,509.1,0.2225,0.302,0.26225094,90.96,0.232,0.0,BTC-28JUN19-6500-C,8553.51,0.0,0.249,0.1,0.2855,1.0,130.86,4.10269,-6.94242,4.07072,8e-05,0.9007
8781.08,BTC-27SEP19,1559386742369,open,0.75,0.0,0.6845,0.824,0.75422518,87.66,None,0.0,BTC-27SEP19-15000-P,8553.51,0.0,0.0065,0.1,1.5075,0.3,500.0,14.15623,-5.26374,-43.94851,6e-05,-0.79554
8553.51,index_price,1559386742365,open,0.02,292.6,0.0005,0.0635,0.02352759,86.48,0.0225,0,BTC-7JUN19-9000-C,8553.51,82.1,0.0215,3.6,0.025,0.5,89.63,3.98226,-29.30431,0.43756,0.00039,0.3413
8781.08,BTC-27SEP19,1559386742366,open,1.99,0.0,1.8745,2.1135,1.99378339,94.42,None,0.0,BTC-27DEC19-26000-P,8553.51,0.0,0.0055,10.0,2.8635,0.2,500.0,13.48133,-3.04698,-144.28486,3e-05,-0.87751
8553.51,index_price,1559386742365,open,0.29,402.5,0.236,0.3385,0.28734304,100.54,0.32,0,BTC-7JUN19-11000-P,8553.51,0.0,0.0,0.0,0.3335,0.1,259.63,0.70099,-5.99726,-1.73378,6e-05,-0.97182
8553.51,index_price,1559386742366,open,0.0,14.0,0.0005,0.043,0.00314604,89.54,0.0055,0,BTC-14JUN19-6500-P,8553.51,82.02,0.002,30.0,0.004,1.0,94.19,1.46861,-5.10634,-0.13931,6e-05,-0.04302
8553.51,index_price,1559386742366,open,0.0,305.2,0.0005,0.042,0.00211706,92.51,0.003,0,BTC-7JUN19-10500-C,8553.51,86.93,0.0015,8.0,0.003,35.3,99.06,1.04135,-8.19776,0.06,0.0001,0.04569
8553.51,index_price,1559386742366,open,0.07,3.5,0.0255,0.105,0.06542154,83.42,0.066,0,BTC-14JUN19-8500-C,8553.51,86.88,0.068,0.1,0.074,18.0,94.95,6.36429,-20.61581,1.45344,0.0003,0.54712
8553.51,index_price,1559386742365,open,0.18,57.0,0.144,0.2235,0.1837166,94.25,0.202,0,BTC-7JUN19-7000-C,8553.51,0.0,0.0005,3.0,0.193,0.1,144.0,0.95972,-7.69758,1.0671,9e-05,0.9587
8781.08,BTC-27SEP19,1559386742366,open,3.11,0.0,2.954,3.283,3.11856946,101.28,None,0.0,BTC-27DEC19-36000-P,8553.51,0.0,0.0,0.0,0.0,0.0,0.0,9.14984,-2.21838,-203.32484,2e-05,-0.92763
8553.51,index_price,1559386742365,open,0.02,276.5,0.0005,0.0565,0.01605173,82.62,0.016,0,BTC-7JUN19-8000-P,8553.51,77.41,0.014,3.0,0.0165,1.0,83.75,3.41098,-23.98285,-0.35933,0.00035,-0.24491
8553.51,index_price,1559386742366,open,0.23,41.9,0.181,0.2785,0.22980099,93.46,0.209,0,BTC-7JUN19-10500-P,8553.51,0.0,0.0,0.0,0.2755,0.1,235.09,1.07401,-8.54185,-1.62796,0.0001,-0.95252
8781.08,BTC-27SEP19,1559386742366,open,0.37,63.1,0.325,0.4045,0.3648287,81.81,0.311,0.0,BTC-27DEC19-6500-C,8553.51,39.97,0.2815,0.1,0.98,2.0,500.0,19.31284,-3.78196,21.20609,5e-05,0.78683
8781.08,BTC-27SEP19,1559386742366,open,2.44,0.0,2.3045,2.5795,2.44192202,97.3,None,0.0,BTC-27DEC19-30000-P,8553.51,0.0,0.0,0.0,0.0,0.0,0.0,11.36535,-2.64703,-168.1056,3e-05,-0.90341
8781.08,BTC-27SEP19,1559386742366,open,0.07,63.3,0.0215,0.106,0.06383529,82.97,0.0795,0.0,BTC-27DEC19-5500-P,8553.51,81.31,0.061,16.0,0.065,0.1,83.64,15.12229,-3.00333,-10.48131,4e-05,-0.14474
8553.51,index_price,1559386742367,open,0.24,0.0,0.2035,0.283,0.24315123,89.11,None,0,BTC-14JUN19-6500-C,8553.51,0.0,0.0,0.0,0.28,3.0,191.73,1.44998,-5.0175,2.15588,6e-05,0.95765
8781.08,BTC-27SEP19,1559386742368,open,0.48,57.4,0.439,0.5185,0.47894642,84.32,0.4555,0.0,BTC-27DEC19-5000-C,8553.51,0.0,0.0065,0.2,0.94,0.5,462.48,12.87078,-2.59778,20.41893,3e-05,0.88529
8781.08,BTC-27SEP19,1559386742367,open,0.02,42.7,0.0005,0.065,0.02513946,97.03,0.025,0.0,BTC-27DEC19-30000-C,8553.51,94.91,0.0225,6.0,0.028,6.0,99.19,11.28214,-2.6204,3.54218,3e-05,0.09563
8781.08,BTC-27SEP19,1559386742369,open,0.0,102.1,0.0005,0.042,0.0020174,110.6,0.002,0.0,BTC-27DEC19-1500-P,8553.51,105.98,0.0015,1.1,0.0025,0.1,114.27,1.07854,-0.28555,-0.3876,0.0,-0.0057
8781.08,BTC-27SEP19,1559386742367,open,0.78,0.0,0.737,0.8165,0.7765552,104.89,None,0.0,BTC-27DEC19-2000-C,8553.51,0.0,0.017,3.0,0.99,0.5,500.0,2.05537,-0.51606,10.63177,0.0,0.98813
8781.08,BTC-27SEP19,1559386742379,open,0.28,5.7,0.2285,0.33,0.27920489,84.34,0.334,0.0,BTC-27SEP19-10000-P,8553.51,80.72,0.271,3.6,0.2845,3.6,86.68,19.89792,-7.11881,-22.45359,9e-05,-0.51258
8553.51,index_price,1559386742396,open,0.24,0.0,0.2035,0.283,0.24315123,89.11,None,0,BTC-14JUN19-6500-C,8553.51,0.0,0.0,0.0,0.2805,3.0,192.76,1.44998,-5.0175,2.15588,6e-05,0.95765
8553.51,index_price,1559386742399,open,0.06,7.9,0.0215,0.101,0.0611288,82.44,0.064,0,BTC-7JUN19-8250-C,8553.51,82.17,0.061,18.0,0.0675,4.0,95.95,4.0003,-28.06362,0.81713,0.00041,0.65458
8659.25,BTC-28JUN19,1559386742412,open,0.51,0.8,0.4475,0.5675,0.50744542,90.66,2.171,0.0,BTC-28JUN19-13000-P,8553.51,0.0,0.07,1.0,0.903,1.0,500.0,2.91395,-4.91477,-9.20866,6e-05,-0.93683
8781.08,BTC-27SEP19,1559386742416,open,0.11,66.3,0.061,0.149,0.10513158,81.84,0.102,0.0,BTC-27DEC19-6500-P,8553.51,79.96,0.101,10.0,0.1085,4.9,83.37,19.31397,-3.78375,-15.99579,5e-05,-0.21319
8781.08,BTC-27SEP19,1559386742431,open,1.77,0.0,1.661,1.882,1.77136993,92.98,None,0.0,BTC-27DEC19-24000-P,8553.51,0.0,0.0075,1.0,2.639,0.2,500.0,14.82452,-3.2994,-132.20083,4e-05,-0.85945
274.65,ETH-28JUN19,1559386742460,open,0.75,0.0,0.685,0.825,0.754973,119.29,None,0.0,ETH-28JUN19-480-P,268.88,0.0,0.0,0.0,0.0,0.0,0.0,0.08766,-0.19455,-0.34297,0.00132,-0.94096
285.64,ETH-27SEP19,1559386742460,open,0.05,1174.0,0.013,0.092,0.052773,111.47,0.041,0.0,ETH-27SEP19-600-C,268.88,109.03,0.049,48.0,0.058,48.0,114.73,0.44934,-0.21245,0.13239,0.00153,0.19629
268.88,index_price,1559386742459,open,0.01,816.0,0.001,0.046,0.00639,101.01,0.016,0,ETH-7JUN19-230-P,268.88,76.19,0.002,300.0,0.007,300.0,103.7,0.05978,-0.51382,-0.0046,0.00508,-0.09979
268.88,index_price,1559386742459,open,0.01,0.0,0.001,0.05,0.010608,116.3,None,0,ETH-14JUN19-360-C,268.88,105.08,0.007,300.0,0.015,300.0,127.78,0.09492,-0.42869,0.00942,0.0032,0.10994
268.88,index_price,1559386742460,open,0.01,0.0,0.001,0.053,0.013266,115.18,None,0,ETH-14JUN19-350-C,268.88,106.61,0.01,300.0,0.017,300.0,123.94,0.10872,-0.48626,0.01139,0.0037,0.13335
268.88,index_price,1559386742460,open,0.26,0.0,0.221,0.3,0.260242,100.51,None,0,ETH-14JUN19-200-C,268.88,0.0,0.0,0.0,0.0,0.0,0.0,0.05062,-0.19758,0.06559,0.00197,0.95175
268.88,index_price,1559386742460,open,0.04,22.0,0.002,0.081,0.041805,111.09,0.04,0,ETH-14JUN19-300-C,268.88,101.03,0.035,240.0,0.048,240.0,120.03,0.18442,-0.79554,0.028,0.00651,0.33703
268.88,index_price,1559386742459,open,0.02,710.0,0.001,0.058,0.018245,110.17,0.035,0,ETH-7JUN19-300-C,268.88,106.97,0.017,2.0,0.022,240.0,119.52,0.10551,-0.98913,0.0095,0.00823,0.23774
268.88,index_price,1559386742460,open,0.01,549.0,0.001,0.044,0.004902,110.18,0.005,0,ETH-7JUN19-330-C,268.88,98.98,0.003,300.0,0.008,300.0,124.47,0.05141,-0.48201,0.00331,0.00401,0.08145
268.88,index_price,1559386742459,open,0.05,248.0,0.01,0.089,0.049117,100.96,0.049,0,ETH-7JUN19-270-C,268.88,106.66,0.052,1.0,0.057,180.0,116.54,0.13603,-1.16866,0.02006,0.01158,0.5126
268.88,index_price,1559386742460,open,0.02,0.0,0.001,0.056,0.016826,114.52,None,0,ETH-14JUN19-340-C,268.88,105.83,0.013,240.0,0.021,240.0,123.18,0.1242,-0.55234,0.01383,0.00425,0.16266
268.88,index_price,1559386742460,open,0.3,0.0,0.256,0.335,0.295563,101.82,None,0,ETH-14JUN19-190-C,268.88,0.0,0.0,0.0,0.0,0.0,0.0,0.03243,-0.12823,0.06416,0.00125,0.97202
268.88,index_price,1559386742460,open,0.0,0.0,0.001,0.042,0.002224,102.04,None,0,ETH-14JUN19-190-P,268.88,0.0,0.0,0.0,0.004,300.0,114.26,0.03266,-0.1294,-0.00289,0.00125,-0.02822
268.88,index_price,1559386742460,open,0.26,252.0,0.218,0.297,0.257186,115.43,0.178,0,ETH-7JUN19-200-C,268.88,0.0,0.001,30.0,0.342,2.0,431.22,0.0152,-0.14926,0.03137,0.00113,0.98187
268.88,index_price,1559386742460,open,0.1,0.0,0.059,0.146,0.102701,105.23,None,0,ETH-14JUN19-280-P,268.88,84.06,0.087,180.0,0.101,180.0,102.94,0.20034,-0.81863,-0.06118,0.00747,-0.5423
274.66,ETH-28JUN19,1559386742468,open,0.34,0.0,0.291,0.397,0.344045,109.57,None,0.0,ETH-28JUN19-360-P,268.88,0.0,0.31,1.0,0.0,0.0,0.0,0.22251,-0.45358,-0.22667,0.00366,-0.77679
8781.08,BTC-27SEP19,1559386742533,open,0.01,148.7,0.0005,0.052,0.01181035,94.83,0.0135,0.0,BTC-27DEC19-3000-P,8553.51,90.32,0.0095,6.0,0.014,10.0,98.73,4.73625,-1.07517,-2.18864,1e-05,-0.03174
8659.25,BTC-28JUN19,1559386742593,open,0.48,219.3,0.442,0.5215,0.4818541,115.91,0.463,0.0,BTC-28JUN19-4500-C,8553.51,0.0,0.463,2.0,0.55,0.1,305.69,0.76545,-1.65056,3.22337,1e-05,0.9874
285.64,ETH-27SEP19,1559386742618,open,0.16,1294.0,0.116,0.208,0.16161,95.12,0.162,0.0,ETH-27SEP19-260-P,268.88,91.42,0.154,80.0,0.166,128.0,97.26,0.58673,-0.23674,-0.45204,0.00234,-0.32842
8659.23,BTC-28JUN19,1559386743365,open,0.24,0.0,0.1935,0.2925,0.24287793,87.08,None,0.0,BTC-28JUN19-10500-P,8553.42,0.0,0.002,2.0,0.0,0.0,0.0,7.34975,-11.90765,-6.37686,0.00015,-0.75726
8659.23,BTC-28JUN19,1559386743366,open,0.0,557.5,0.0005,0.0445,0.00473928,102.48,0.005,0.0,BTC-28JUN19-5500-P,8553.42,99.05,0.004,3.0,0.0055,27.3,105.72,1.95309,-3.72378,-0.2742,3e-05,-0.03827
8659.23,BTC-28JUN19,1559386743366,open,0.04,1256.0,0.002,0.0815,0.04173781,86.77,0.0455,0.0,BTC-28JUN19-10000-C,8553.42,83.37,0.0385,19.3,0.0445,10.0,89.64,8.29857,-13.39672,1.71535,0.00017,0.31077
8659.23,BTC-28JUN19,1559386743366,open,0.03,146.1,0.0005,0.07,0.03018695,86.95,0.028,0.0,BTC-28JUN19-10500-C,8553.42,83.74,0.0275,19.3,0.033,29.3,90.23,7.34248,-11.87783,1.35239,0.00015,0.2423
8659.23,BTC-28JUN19,1559386743366,open,0.32,1826.5,0.275,0.3545,0.31477738,95.76,0.3035,0.0,BTC-28JUN19-6000-C,8553.42,0.0,0.0705,4.0,0.35,2.5,165.4,2.8558,-5.0876,3.97645,5e-05,0.93844
8659.23,BTC-28JUN19,1559386743366,open,0.83,33.8,0.787,0.8665,0.82677486,152.73,0.7145,0.0,BTC-28JUN19-1500-C,8553.42,0.0,0.002,0.4,0.867,2.0,500.0,0.0005,-0.00141,1.10445,0.0,1.0
8553.42,index_price,1559386743365,open,0.0,210.2,0.0005,0.042,0.0021683,94.9,0.0025,0,BTC-7JUN19-7000-P,8553.42,88.45,0.0015,5.0,0.003,1.0,101.54,0.97844,-7.90194,-0.06122,9e-05,-0.04229
8781.09,BTC-27SEP19,1559386743366,open,0.58,0.0,0.5425,0.622,0.58202717,96.51,None,0.0,BTC-27SEP19-3750-C,8553.42,0.0,0.0055,10.2,0.7565,10.0,299.26,3.76122,-1.53975,10.89003,2e-05,0.96604
8781.09,BTC-27SEP19,1559386743366,open,0.0,615.2,0.0005,0.0445,0.0045755,104.03,0.0045,0.0,BTC-27SEP19-3000-P,8553.42,93.96,0.0025,6.0,0.0065,6.0,111.15,2.13922,-0.94402,-0.62135,1e-05,-0.01734
8781.09,BTC-27SEP19,1559386743366,open,0.51,289.7,0.465,0.5445,0.50458979,91.48,0.51,0.0,BTC-27SEP19-4500-C,8553.42,0.0,0.022,0.1,0.727,5.0,299.04,6.0269,-2.33865,12.31725,3e-05,0.93893
8659.23,BTC-28JUN19,1559386743366,open,0.0,717.3,0.0005,0.0415,0.00177287,93.39,0.0005,0.0,BTC-28JUN19-15000-C,8553.42,86.53,0.001,2.0,0.0025,2.0,98.19,1.16695,-2.02754,0.12009,2e-05,0.02061
8659.23,BTC-28JUN19,1559386743366,open,0.0,137.0,0.0005,0.0405,0.00091106,135.0,0.001,0.0,BTC-28JUN19-3750-P,8553.42,0.0,0.0,0.0,0.0155,1.0,226.11,0.44631,-1.12092,-0.04916,1e-05,-0.0068
8781.09,BTC-27SEP19,1559386743367,open,0.04,62.1,0.0005,0.077,0.03745503,88.24,0.037,0.0,BTC-27SEP19-16000-C,8553.42,86.17,0.0345,4.9,0.0405,4.9,90.31,12.72972,-4.76487,3.81974,6e-05,0.17215
8659.14,BTC-28JUN19,1559386743367,open,0.22,927.7,0.174,0.2535,0.21363858,88.3,0.226,0.0,BTC-28JUN19-7000-C,8553.42,80.93,0.209,5.0,0.233,5.0,115.43,5.64291,-9.27039,4.01371,0.00012,0.84315
8659.14,BTC-28JUN19,1559386743367,open,0.0,250.0,0.0005,0.0415,0.00158441,116.52,0.0015,0.0,BTC-28JUN19-4500-P,8553.42,99.78,0.0005,1.0,0.0025,24.0,125.22,0.78294,-1.69719,-0.09255,1e-05,-0.01293
8781.09,BTC-27SEP19,1559386743367,open,0.06,87.1,0.0165,0.096,0.05643885,86.81,0.0605,0.0,BTC-27SEP19-14000-C,8553.42,84.86,0.053,4.9,0.0605,14.9,89.08,15.59504,-5.74284,5.27179,7e-05,0.24234
8659.14,BTC-28JUN19,1559386743368,open,0.02,1016.4,0.0005,0.0625,0.02202268,88.29,0.019,0.0,BTC-28JUN19-7000-P,8553.42,84.35,0.0195,29.3,0.0235,19.3,90.53,5.64213,-9.26746,-1.14025,0.00012,-0.15682
8781.09,BTC-27SEP19,1559386743368,open,0.2,85.6,0.1565,0.2525,0.20445817,84.34,0.208,0.0,BTC-27SEP19-9000-P,8553.42,80.77,0.1965,3.6,0.2085,3.6,86.15,19.55819,-6.99654,-17.85996,9e-05,-0.42534
8553.42,index_price,1559386743365,open,0.24,0.0,0.189,0.2875,0.23811985,90.84,None,0,BTC-14JUN19-10500-P,8553.42,0.0,0.0,0.0,0.2875,3.0,176.89,3.43645,-12.12243,-3.33716,0.00015,-0.86789
8781.09,BTC-27SEP19,1559386743368,open,0.02,97.2,0.0005,0.0575,0.01706252,91.49,0.0255,0.0,BTC-27SEP19-4500-P,8553.42,87.63,0.0145,16.0,0.019,10.0,94.25,6.0281,-2.33941,-2.21603,3e-05,-0.06108
8781.09,BTC-27SEP19,1559386743368,open,0.05,85.5,0.006,0.0855,0.04582109,87.54,0.049,0.0,BTC-27SEP19-15000-C,8553.42,85.77,0.043,4.9,0.049,4.9,89.5,14.13584,-5.24923,4.48481,6e-05,0.20397
8781.09,BTC-27SEP19,1559386743366,open,0.04,91.2,0.0005,0.0775,0.03614755,86.47,0.0425,0.0,BTC-27DEC19-4500-P,8553.42,83.84,0.033,16.0,0.039,6.0,88.79,10.66681,-2.20783,-6.27133,3e-05,-0.08865
8659.14,BTC-28JUN19,1559386743368,open,0.54,322.4,0.4995,0.579,0.5394532,132.88,0.48,0.0,BTC-28JUN19-4000-C,8553.42,0.0,0.05,1.0,0.674,3.0,481.9,0.63236,-1.56332,2.87193,1e-05,0.98989
8659.14,BTC-28JUN19,1559386743368,open,0.0,259.1,0.0005,0.041,0.0010741,118.89,0.0015,0.0,BTC-28JUN19-4250-P,8553.42,0.0,0.0,0.0,0.002,24.0,130.23,0.5687,-1.25783,-0.06395,1e-05,-0.00896
8781.09,BTC-27SEP19,1559386743365,open,0.02,22.0,0.0005,0.058,0.01843583,100.89,0.019,0.0,BTC-27DEC19-36000-C,8553.42,98.42,0.016,6.0,0.0215,6.0,103.73,9.03379,-2.18167,2.65013,2e-05,0.07117
8659.14,BTC-28JUN19,1559386743369,open,0.51,10.5,0.4705,0.55,0.51026947,118.98,0.428,0.0,BTC-28JUN19-4250-C,8553.42,0.0,0.034,2.0,0.6705,3.0,500.0,0.57089,-1.26369,3.06512,1e-05,0.991
8553.42,index_price,1559386743365,open,0.0,0.0,0.0005,0.0435,0.00377111,91.85,None,0,BTC-7JUN19-7250-P,8553.42,83.62,0.0025,30.0,0.005,30.0,98.6,1.45473,-11.37086,-0.10137,0.00013,-0.06985
8659.14,BTC-28JUN19,1559386743369,open,0.01,347.5,0.0005,0.046,0.00600383,90.19,0.007,0.0,BTC-28JUN19-13000-C,8553.42,85.29,0.0045,24.0,0.008,24.0,95.74,2.87291,-4.82058,0.35724,6e-05,0.06203
8781.09,BTC-27SEP19,1559386743369,open,0.11,533.7,0.0715,0.151,0.11125321,85.11,0.115,0.0,BTC-27SEP19-11000-C,8553.42,82.95,0.1065,10.0,0.1165,13.6,87.47,19.41456,-7.00858,8.51091,9e-05,0.41137
8781.09,BTC-27SEP19,1559386743369,open,0.01,377.8,0.0005,0.0475,0.00734966,98.92,0.0065,0.0,BTC-27SEP19-3500-P,8553.42,91.72,0.005,6.0,0.0095,6.0,104.48,3.16757,-1.3291,-0.99099,1e-05,-0.0276
8659.14,BTC-28JUN19,1559386743369,open,0.0,312.4,0.0005,0.0415,0.0018561,110.5,0.0025,0.0,BTC-28JUN19-4750-P,8553.42,0.0,0.0,0.0,0.003,24.0,119.67,0.92429,-1.90014,-0.1118,2e-05,-0.01568
8659.14,BTC-28JUN19,1559386743370,open,0.0,479.7,0.0005,0.043,0.00332814,92.26,0.0115,0.0,BTC-28JUN19-14000-C,8553.42,85.14,0.002,24.0,0.005,24.0,99.05,1.87558,-3.21933,0.21097,4e-05,0.03642
8781.09,BTC-27SEP19,1559386743367,open,0.8,0.0,0.732,0.876,0.80408469,86.29,None,0.0,BTC-27DEC19-15000-P,8553.42,0.0,0.0055,10.0,1.6325,0.2,500.0,23.45807,-4.84556,-75.0439,6e-05,-0.6893
8781.09,BTC-27SEP19,1559386743366,open,0.08,112.6,0.0445,0.124,0.08444977,86.99,0.087,0.0,BTC-27DEC19-16000-C,8553.42,85.23,0.08,4.9,0.0895,14.9,88.96,22.36243,-4.65658,9.82849,6e-05,0.28004
8553.42,index_price,1559386743366,open,0.01,17.8,0.0005,0.0475,0.00759886,86.26,0.009,0,BTC-14JUN19-7000-P,8553.42,80.91,0.006,30.0,0.009,33.0,90.56,2.68852,-9.00552,-0.30575,0.00012,-0.09373
8781.09,BTC-27SEP19,1559386743370,open,0.09,578.2,0.048,0.1275,0.08753193,85.33,0.09,0.0,BTC-27SEP19-12000-C,8553.42,83.64,0.084,10.0,0.092,12.0,87.46,18.36585,-6.64776,7.27323,9e-05,0.34401
8553.42,index_price,1559386743365,open,0.06,0.4,0.0145,0.0985,0.05625058,85.6,0.0665,0,BTC-7JUN19-8750-P,8553.42,75.07,0.051,3.0,0.0545,18.0,82.1,4.27782,-31.16128,-0.85066,0.00042,-0.56155
8553.42,index_price,1559386743366,open,0.03,50.8,0.0005,0.0745,0.03351649,83.47,0.034,0,BTC-14JUN19-8000-P,8553.42,75.8,0.0285,24.0,0.034,24.0,84.21,5.64159,-18.2872,-1.02673,0.00026,-0.30676
8553.42,index_price,1559386743365,open,0.18,9.3,0.1265,0.22,0.17343,87.41,0.234,0,BTC-7JUN19-10000-P,8553.42,0.0,0.011,1.0,0.2175,0.2,207.67,1.73245,-12.88665,-1.4946,0.00017,-0.91204
8553.42,index_price,1559386743366,open,0.1,1.2,0.055,0.1425,0.09894997,90.86,0.0815,0,BTC-14JUN19-9000-P,8553.42,69.5,0.0835,18.0,0.091,18.0,79.95,6.26536,-22.10639,-2.06156,0.00027,-0.5843
8781.0,BTC-27SEP19,1559386743368,open,0.05,77.2,0.0065,0.09,0.04839346,84.34,0.0545,0.0,BTC-27DEC19-5000-P,8553.42,82.35,0.0455,16.0,0.05,0.1,85.44,12.87367,-2.59919,-8.19805,3e-05,-0.11475
8553.42,index_price,1559386743366,open,0.04,341.8,0.0005,0.08,0.03858731,82.55,0.0385,0,BTC-7JUN19-8500-P,8553.42,76.41,0.0355,0.8,0.039,18.0,83.37,4.30229,-30.22316,-0.68009,0.00044,-0.45534
8781.0,BTC-27SEP19,1559386743366,open,0.11,136.4,0.07,0.1495,0.10966005,85.65,0.1135,0.0,BTC-27DEC19-14000-C,8553.42,83.79,0.1045,4.9,0.115,10.0,87.55,24.50151,-5.02316,11.8781,6e-05,0.34604
8553.42,index_price,1559386743365,open,0.01,30.9,0.0005,0.05,0.00984058,84.41,0.0125,0,BTC-7JUN19-7750-P,8553.42,80.05,0.0085,3.9,0.0105,1.0,86.48,2.69267,-19.34102,-0.24058,0.00027,-0.16488
8553.42,index_price,1559386743365,open,0.08,17.6,0.033,0.1185,0.07575759,86.52,0.068,0,BTC-7JUN19-9000-P,8553.42,64.81,0.066,18.0,0.0735,18.0,81.64,3.98254,-29.32282,-1.01118,0.00039,-0.65862
8781.0,BTC-27SEP19,1559386743369,open,0.4,122.6,0.3605,0.44,0.40010761,82.52,0.41,0.0,BTC-27DEC19-6000-C,8553.42,0.0,0.0045,0.1,0.45,0.1,107.14,17.32143,-3.42158,21.1894,5e-05,0.82178
8553.42,index_price,1559386743366,open,0.19,0.0,0.14,0.2345,0.18708414,90.85,None,0,BTC-14JUN19-10000-P,8553.42,0.0,0.0,0.0,0.2335,3.0,163.49,4.53992,-16.01674,-2.96881,0.00019,-0.79685
8553.42,index_price,1559386743366,open,0.12,20.8,0.0765,0.166,0.12134897,87.17,0.1565,0,BTC-7JUN19-9500-P,8553.42,0.0,0.0005,1.0,0.163,0.2,183.81,2.90406,-21.54275,-1.28824,0.00028,-0.81425
8553.42,index_price,1559386743366,open,0.0,118.6,0.0005,0.0405,0.00075758,129.56,0.001,0,BTC-7JUN19-6000-P,8553.42,122.43,0.0005,0.8,0.001,11.0,134.91,0.35286,-3.89018,-0.01835,2e-05,-0.01257
8781.0,BTC-27SEP19,1559386743366,open,0.67,0.0,0.6305,0.71,0.6701623,94.83,None,0.0,BTC-27DEC19-3000-C,8553.42,0.0,0.0065,0.4,0.987,0.5,500.0,4.73598,-1.07507,14.97941,1e-05,0.96826
8553.42,index_price,1559386743365,open,0.0,124.1,0.0005,0.041,0.00120801,111.27,0.0015,0,BTC-7JUN19-6500-P,8553.42,97.55,0.0005,5.0,0.002,42.0,121.41,0.56826,-5.38039,-0.03187,4e-05,-0.02194
8781.0,BTC-27SEP19,1559386743367,open,1.11,0.0,1.032,1.201,1.11661471,88.38,None,0.0,BTC-27DEC19-18000-P,8553.42,0.0,0.0055,5.0,1.967,0.2,499.89,20.16435,-4.26618,-94.8091,5e-05,-0.77012
8781.0,BTC-27SEP19,1559386743366,open,0.42,13.1,0.3615,0.474,0.41777987,81.95,0.413,0.0,BTC-27DEC19-11000-P,8553.42,77.04,0.403,3.6,0.419,3.6,82.36,26.46252,-5.19123,-47.18982,7e-05,-0.52131
8553.42,index_price,1559386743366,open,0.14,0.0,0.1,0.1795,0.13962395,83.49,None,0,BTC-14JUN19-7500-C,8553.42,37.87,0.124,0.1,0.1775,3.0,149.45,4.211,-13.6532,2.0538,0.0002,0.8203
8553.42,index_price,1559386743366,open,0.02,56.9,0.0005,0.0575,0.01797344,90.87,0.0155,0,BTC-14JUN19-10000-C,8553.42,84.11,0.0145,24.0,0.0175,0.1,89.98,4.54089,-16.02422,0.55896,0.00019,0.20323
8553.42,index_price,1559386743367,open,0.1,3.0,0.064,0.1435,0.10377979,84.44,0.1065,0,BTC-7JUN19-7750-C,8553.42,30.86,0.094,0.1,0.1555,0.1,211.65,2.69349,-19.35382,1.00688,0.00027,0.83504
8781.0,BTC-27SEP19,1559386743366,open,0.26,0.4,0.2085,0.309,0.25874185,81.82,0.263,0.0,BTC-27DEC19-9000-P,8553.42,77.63,0.2465,4.9,0.26,4.9,82.26,25.55392,-5.00519,-32.78533,7e-05,-0.3937
8781.0,BTC-27SEP19,1559386743366,open,0.9,0.0,0.8305,0.9825,0.906701,87.04,None,0.0,BTC-27DEC19-16000-P,8553.42,0.0,0.0055,5.0,1.7435,0.2,499.64,22.37201,-4.66147,-81.72761,6e-05,-0.71971
8553.42,index_price,1559386743366,open,0.01,3.2,0.0005,0.0505,0.01055362,90.87,0.0105,0,BTC-14JUN19-10500-C,8553.42,84.15,0.008,30.0,0.011,0.3,91.97,3.43819,-12.13288,0.36706,0.00015,0.13221
8553.42,index_price,1559386743366,open,0.03,10.8,0.0005,0.0695,0.02955026,90.87,0.03,0,BTC-14JUN19-9500-C,8553.42,83.78,0.025,24.0,0.0305,24.0,92.33,5.57031,-19.65707,0.81056,0.00024,0.29819
8781.0,BTC-27SEP19,1559386743368,open,0.08,185.3,0.0405,0.1265,0.08339486,82.52,0.089,0.0,BTC-27DEC19-6000-P,8553.42,80.54,0.0795,14.9,0.087,4.9,84.34,17.32124,-3.42142,-13.14587,5e-05,-0.17821
8781.0,BTC-27SEP19,1559386743373,open,0.33,53.7,0.294,0.3735,0.33377721,81.83,0.33,0.0,BTC-27DEC19-7000-C,8553.42,45.96,0.2505,0.1,0.3725,0.2,97.93,21.09151,-4.13133,20.9347,6e-05,0.75039
8553.42,index_price,1559386743427,open,0.06,7.9,0.0215,0.101,0.0611858,82.58,0.064,0,BTC-7JUN19-8250-C,8553.42,82.18,0.061,18.0,0.067,4.0,94.91,4.00118,-28.11583,0.81675,0.00041,0.65436
274.67,ETH-28JUN19,1559386743460,open,0.02,2580.0,0.001,0.059,0.019137,112.36,0.017,0.0,ETH-28JUN19-400-C,268.89,108.73,0.017,240.0,0.022,510.0,116.96,0.16587,-0.34674,0.02444,0.00266,0.13998
285.64,ETH-27SEP19,1559386743459,open,1.13,0.0,1.068,1.239,1.153403,111.52,None,0.0,ETH-27SEP19-600-P,268.89,0.0,0.0,0.0,0.0,0.0,0.0,0.44961,-0.21268,-1.80519,0.00153,-0.80352
274.67,ETH-28JUN19,1559386743460,open,0.61,0.0,0.55,0.678,0.614012,116.98,None,0.0,ETH-28JUN19-440-P,268.89,0.0,0.0,0.0,0.0,0.0,0.0,0.12349,-0.26876,-0.30772,0.0019,-0.90753
285.64,ETH-27SEP19,1559386743460,open,0.87,0.0,0.814,0.964,0.888819,107.04,None,0.0,ETH-27SEP19-520-P,268.89,0.0,0.0,0.0,0.0,0.0,0.0,0.51364,-0.23321,-1.51359,0.00182,-0.75199
285.64,ETH-27SEP19,1559386743460,open,0.06,255.0,0.02,0.099,0.059655,109.27,0.049,0.0,ETH-27SEP19-560-C,268.89,107.07,0.056,48.0,0.065,48.0,112.4,0.48009,-0.22252,0.14751,0.00167,0.21956
274.67,ETH-28JUN19,1559386743460,open,0.46,481.0,0.417,0.496,0.456312,116.13,0.46,0.0,ETH-28JUN19-150-C,268.89,0.0,0.021,4.0,0.5,200.0,243.55,0.03437,-0.07426,0.10614,0.00053,0.98111
274.67,ETH-28JUN19,1559386743460,open,0.82,0.0,0.753,0.898,0.825876,119.6,None,0.0,ETH-28JUN19-500-P,268.89,0.0,0.0,0.0,0.0,0.0,0.0,0.07208,-0.16039,-0.35994,0.00108,-0.95386
274.67,ETH-28JUN19,1559386743460,open,0.0,10453.0,0.001,0.041,0.001545,119.18,0.001,0.0,ETH-28JUN19-140-P,268.89,0.0,0.0,0.0,0.003,100.0,132.54,0.02389,-0.05298,-0.00281,0.00036,-0.01237
285.64,ETH-27SEP19,1559386743460,open,0.74,0.0,0.689,0.829,0.759179,104.4,None,0.0,ETH-27SEP19-480-P,268.89,0.0,0.0,0.0,0.0,0.0,0.0,0.5479,-0.24264,-1.36304,0.00199,-0.71843
285.64,ETH-27SEP19,1559386743460,open,0.1,558.0,0.055,0.134,0.094674,102.89,0.086,0.0,ETH-27SEP19-440-C,268.89,100.11,0.089,100.0,0.101,148.0,105.95,0.58613,-0.2558,0.21486,0.00216,0.3276
274.67,ETH-28JUN19,1559386743460,open,0.0,1541.0,0.001,0.04,7.4e-05,150.0,0.001,0.0,ETH-28JUN19-80-P,268.89,0.0,0.0,0.0,0.001,14.0,196.91,0.00159,-0.00444,-0.00014,2e-05,-0.00061
285.64,ETH-27SEP19,1559386743460,open,0.16,556.0,0.115,0.194,0.154786,97.3,0.124,0.0,ETH-27SEP19-340-C,268.89,95.62,0.151,100.0,0.162,100.0,100.48,0.6471,-0.26706,0.30424,0.00252,0.4846
274.67,ETH-28JUN19,1559386743460,open,0.0,2026.0,0.001,0.04,6.4e-05,134.49,0.001,0.0,ETH-28JUN19-90-P,268.89,0.0,0.0,0.0,0.0,0.0,0.0,0.00156,-0.00391,-0.00013,2e-05,-0.0006
274.67,ETH-28JUN19,1559386743460,open,0.01,133.0,0.001,0.047,0.007172,118.9,0.015,0.0,ETH-28JUN19-480-C,268.89,111.31,0.005,240.0,0.01,240.0,127.02,0.08685,-0.1921,0.01035,0.00131,0.05833
274.67,ETH-28JUN19,1559386743460,open,0.01,446.0,0.001,0.051,0.011973,116.72,0.008,0.0,ETH-28JUN19-440-C,268.89,112.11,0.01,1.0,0.014,240.0,121.08,0.12289,-0.26687,0.01616,0.0019,0.09187
285.64,ETH-27SEP19,1559386743460,open,0.79,0.0,0.751,0.83,0.790143,98.54,0.01,0.0,ETH-27SEP19-60-C,268.89,0.0,0.003,10.0,0.0,0.0,0.0,0.00588,-0.00246,0.19259,2e-05,0.99892
285.64,ETH-27SEP19,1559386743460,open,0.59,47.0,0.548,0.627,0.587714,95.06,0.564,0.0,ETH-27SEP19-120-C,268.89,0.0,0.007,10.0,0.666,2.0,200.03,0.11157,-0.04499,0.35231,0.00045,0.96963
274.67,ETH-28JUN19,1559386743461,open,0.71,0.0,0.669,0.748,0.708805,148.06,None,0.0,ETH-28JUN19-80-C,268.89,0.0,0.002,5.0,0.0,0.0,0.0,0.00141,-0.00389,0.05878,2e-05,0.99946
274.67,ETH-28JUN19,1559386743460,open,0.0,3083.0,0.001,0.04,0.000163,132.96,0.001,0.0,ETH-28JUN19-100-P,268.89,0.0,0.0,0.0,0.0,0.0,0.0,0.0035,-0.00865,-0.00032,5e-05,-0.00144
274.67,ETH-28JUN19,1559386743461,open,0.47,0.0,0.417,0.534,0.475487,112.46,None,0.0,ETH-28JUN19-400-P,268.89,0.0,0.0,0.0,0.0,0.0,0.0,0.16608,-0.34747,-0.27005,0.00266,-0.85976
285.64,ETH-27SEP19,1559386743461,open,0.66,0.0,0.614,0.693,0.65332,96.75,None,0.0,ETH-27SEP19-100-C,268.89,0.0,0.003,10.0,0.0,0.0,0.0,0.05965,-0.02448,0.30644,0.00023,0.98552
285.64,ETH-27SEP19,1559386743461,open,0.0,1743.0,0.001,0.041,0.001089,97.96,0.005,0.0,ETH-27SEP19-80-P,268.89,0.0,0.0,0.0,0.0,0.0,0.0,0.02417,-0.01004,-0.00577,9e-05,-0.00517
285.65,ETH-27SEP19,1559386743461,open,0.14,1312.0,0.1,0.179,0.139214,98.46,0.11,0.0,ETH-27SEP19-360-C,268.89,96.59,0.135,100.0,0.146,100.0,101.48,0.64185,-0.26807,0.28378,0.00247,0.44684
285.65,ETH-27SEP19,1559386743461,open,0.53,191.0,0.486,0.565,0.525983,95.08,0.5,0.0,ETH-27SEP19-140-C,268.89,0.0,0.01,50.0,0.0,0.0,0.0,0.18295,-0.07378,0.3857,0.00073,0.94408
268.89,index_price,1559386743459,open,0.22,200.0,0.181,0.26,0.220247,102.09,0.142,0,ETH-7JUN19-210-C,268.89,111.05,0.221,60.0,0.227,60.0,151.74,0.01942,-0.16874,0.0327,0.00163,0.97577
285.65,ETH-27SEP19,1559386743461,open,0.72,0.0,0.682,0.761,0.721016,97.85,None,0.0,ETH-27SEP19-80-C,268.89,0.0,0.003,10.0,0.0,0.0,0.0,0.02402,-0.00997,0.25263,9e-05,0.99487
274.67,ETH-28JUN19,1559386743461,open,0.42,923.0,0.381,0.46,0.420265,107.66,0.357,0.0,ETH-28JUN19-160-C,268.89,0.0,0.1,3.0,0.0,0.0,0.0,0.04058,-0.08127,0.1126,0.00068,0.97703
274.67,ETH-28JUN19,1559386743461,open,0.18,1490.0,0.137,0.216,0.176193,99.79,0.159,0.0,ETH-28JUN19-240-C,268.89,92.74,0.17,80.0,0.174,48.0,97.31,0.24325,-0.45162,0.11339,0.00439,0.73685
285.65,ETH-27SEP19,1559386743461,open,0.42,743.0,0.376,0.455,0.415621,95.09,0.331,0.0,ETH-27SEP19-180-C,268.89,0.0,0.23,1.0,0.5,1.0,157.44,0.34401,-0.13875,0.41886,0.00137,0.86967
285.65,ETH-27SEP19,1559386743461,open,0.62,0.0,0.57,0.7,0.635075,102.91,None,0.0,ETH-27SEP19-440-P,268.89,0.0,0.0,0.0,0.0,0.0,0.0,0.58622,-0.2559,-1.20605,0.00216,-0.6723
285.65,ETH-27SEP19,1559386743462,open,0.0,174.0,0.001,0.04,0.000205,98.9,0.002,0.0,ETH-27SEP19-60-P,268.89,0.0,0.0,0.0,0.0,0.0,0.0,0.00604,-0.00254,-0.00122,2e-05,-0.00112
285.65,ETH-27SEP19,1559386743462,open,0.12,1554.0,0.081,0.17,0.125905,95.11,0.168,0.0,ETH-27SEP19-240-P,268.89,90.42,0.117,128.0,0.129,128.0,96.73,0.54338,-0.21921,-0.37148,0.00217,-0.27679
274.68,ETH-28JUN19,1559386743462,open,0.0,5036.0,0.001,0.042,0.002824,107.95,0.009,0.0,ETH-28JUN19-160-P,268.89,91.72,0.001,100.0,0.1,10.0,316.11,0.04093,-0.0822,-0.00527,0.00068,-0.02321
285.65,ETH-27SEP19,1559386743462,open,0.0,3445.0,0.001,0.043,0.003411,96.75,0.006,0.0,ETH-27SEP19-100-P,268.89,80.64,0.001,105.0,0.005,60.0,103.51,0.05965,-0.02448,-0.01651,0.00023,-0.01448
268.89,index_price,1559386743461,open,0.23,0.0,0.187,0.266,0.226445,100.56,None,0,ETH-14JUN19-210-C,268.89,105.88,0.228,60.0,0.238,60.0,133.79,0.07527,-0.29391,0.06576,0.00293,0.91974
274.68,ETH-28JUN19,1559386743462,open,0.39,1130.0,0.345,0.424,0.3843,99.57,0.32,0.0,ETH-28JUN19-170-C,268.89,0.0,0.1,5.0,0.45,1.0,243.57,0.0479,-0.08874,0.11886,0.00087,0.97199
268.89,index_price,1559386743459,open,0.31,0.0,0.263,0.367,0.314966,115.29,None,0,ETH-14JUN19-350-P,268.89,0.0,0.0,0.0,0.0,0.0,0.0,0.10891,-0.48763,-0.11205,0.0037,-0.86632
268.89,index_price,1559386743460,open,0.01,2.0,0.001,0.047,0.007463,100.66,0.011,0,ETH-14JUN19-210-P,268.89,75.1,0.002,300.0,0.009,300.0,105.91,0.0754,-0.29473,-0.00834,0.00294,-0.08045
268.89,index_price,1559386743459,open,0.04,0.0,0.002,0.084,0.042854,100.67,None,0,ETH-14JUN19-250-P,268.89,84.19,0.032,240.0,0.044,240.0,102.38,0.17957,-0.70198,-0.03401,0.00699,-0.31569
268.89,index_price,1559386743460,open,0.35,0.0,0.296,0.403,0.349499,116.44,None,0,ETH-14JUN19-360-P,268.89,0.0,0.0,0.0,0.0,0.0,0.0,0.09515,-0.43023,-0.11754,0.0032,-0.8897
268.89,index_price,1559386743459,open,0.23,301.0,0.183,0.281,0.232218,110.42,0.2,0,ETH-7JUN19-330-P,268.89,0.0,0.0,0.0,0.3,2.0,289.26,0.05167,-0.4855,-0.04979,0.00402,-0.918
268.89,index_price,1559386743460,open,0.03,1.0,0.001,0.066,0.026546,112.6,0.023,0,ETH-14JUN19-320-C,268.89,102.72,0.021,240.0,0.032,240.0,121.78,0.1558,-0.68124,0.01993,0.00542,0.23666
268.89,index_price,1559386743459,open,0.0,0.0,0.001,0.044,0.004094,100.66,None,0,ETH-14JUN19-200-P,268.89,0.0,0.0,0.0,0.006,300.0,109.76,0.05079,-0.19852,-0.00498,0.00198,-0.04844
268.89,index_price,1559386743459,open,0.0,417.0,0.001,0.041,0.001958,111.51,0.005,0,ETH-7JUN19-350-C,268.89,0.0,0.0,0.0,0.004,70.0,127.57,0.02729,-0.25898,0.0015,0.0021,0.03651
268.89,index_price,1559386743460,open,0.01,0.0,0.001,0.053,0.012621,100.66,None,0,ETH-14JUN19-220-P,268.89,80.99,0.006,300.0,0.013,300.0,101.64,0.10329,-0.40376,-0.01294,0.00402,-0.12385
268.89,index_price,1559386743460,open,0.3,0.0,0.252,0.355,0.303653,111.98,None,0,ETH-7JUN19-350-P,268.89,0.0,0.0,0.0,0.403,2.0,383.74,0.02769,-0.26391,-0.05482,0.00212,-0.96283
268.89,index_price,1559386743460,open,0.0,2132.0,0.001,0.041,0.001265,102.49,0.002,0,ETH-7JUN19-210-P,268.89,0.0,0.0,0.0,0.003,450.0,120.41,0.0197,-0.17182,-0.00112,0.00165,-0.02464
268.89,index_price,1559386743460,open,0.0,1364.0,0.001,0.043,0.002928,101.11,0.004,0,ETH-7JUN19-220-P,268.89,0.0,0.0,0.0,0.004,350.0,108.44,0.03615,-0.31102,-0.00237,0.00307,-0.05172
268.89,index_price,1559386743460,open,0.28,0.0,0.231,0.332,0.281336,114.62,None,0,ETH-14JUN19-340-P,268.89,0.0,0.0,0.0,0.0,0.0,0.0,0.12436,-0.55352,-0.10608,0.00425,-0.83703
268.89,index_price,1559386743460,open,0.04,306.0,0.001,0.076,0.036047,105.04,0.038,0,ETH-7JUN19-280-C,268.89,98.83,0.033,180.0,0.04,50.0,113.05,0.13233,-1.18285,0.01603,0.01082,0.40627
268.89,index_price,1559386743459,open,0.01,123.0,0.001,0.052,0.012069,110.17,0.008,0,ETH-7JUN19-310-C,268.89,103.56,0.01,240.0,0.015,240.0,118.91,0.08685,-0.81425,0.00691,0.00677,0.1716
268.89,index_price,1559386743459,open,0.01,960.0,0.001,0.052,0.01244,101.01,0.01,0,ETH-7JUN19-240-P,268.89,82.61,0.007,310.0,0.012,300.0,99.64,0.0866,-0.74437,-0.00793,0.00737,-0.17082
8781.09,BTC-27SEP19,1559386743719,open,0.61,0.5,0.5435,0.6715,0.60730264,85.22,0.584,0.0,BTC-27DEC19-13000-P,8553.42,76.34,0.582,3.6,0.6,3.6,82.68,25.43635,-5.18865,-61.30528,7e-05,-0.61268
8659.23,BTC-28JUN19,1559386743761,open,0.15,23.1,0.1075,0.199,0.15333602,85.86,0.175,0.0,BTC-28JUN19-9500-P,8553.42,78.76,0.146,14.4,0.1555,14.4,87.93,9.01043,-14.39264,-4.87174,0.00019,-0.61074
8781.0,BTC-27SEP19,1559386743786,open,0.23,137.0,0.194,0.2735,0.23381098,81.83,0.236,0.0,BTC-27DEC19-9000-C,8553.42,81.89,0.234,5.0,0.2455,5.0,85.85,25.55382,-5.00537,18.71806,7e-05,0.60631
8781.0,BTC-27SEP19,1559386743787,open,0.42,13.1,0.3615,0.474,0.41777987,81.95,0.413,0.0,BTC-27DEC19-11000-P,8553.42,76.87,0.4025,3.6,0.419,3.6,82.36,26.46252,-5.19123,-47.18982,7e-05,-0.52131
8553.42,index_price,1559386743789,open,0.06,0.2,0.017,0.1015,0.0592118,83.47,0.0755,0,BTC-14JUN19-8500-P,8553.42,72.44,0.051,18.0,0.058,18.0,81.84,6.36425,-20.62925,-1.54518,0.0003,-0.4529
8781.0,BTC-27SEP19,1559386743929,open,0.03,11.0,0.0005,0.068,0.02835787,95.59,0.036,0.0,BTC-27DEC19-28000-C,8553.42,93.49,0.0255,6.0,0.0315,6.0,97.78,12.25353,-2.80388,3.95727,3e-05,0.10711
268.89,index_price,1559386744169,open,0.06,22.0,0.017,0.101,0.058691,100.65,0.055,0,ETH-14JUN19-260-P,268.89,84.42,0.047,240.0,0.06,240.0,102.46,0.19414,-0.75878,-0.04281,0.00756,-0.39267
8659.14,BTC-28JUN19,1559386744366,open,0.1,55.2,0.0615,0.141,0.10125583,85.76,0.107,0.0,BTC-28JUN19-8500-C,8553.51,83.63,0.099,3.0,0.1055,5.0,89.76,9.1954,-14.67094,3.03789,0.00019,0.57772
8659.14,BTC-28JUN19,1559386744367,open,0.0,1396.0,0.0005,0.04,2e-08,135.0,0.001,0.0,BTC-28JUN19-1500-P,8553.51,0.0,0.0,0.0,0.0005,80.1,255.32,4e-05,-0.0001,0.0,0.0,0.0
8781.02,BTC-27SEP19,1559386744367,open,1.07,1.0,0.9925,1.158,1.07539573,89.55,1.5815,0.0,BTC-27SEP19-18000-P,8553.51,0.0,0.0065,0.1,1.832,0.3,500.0,10.20642,-3.87708,-55.3419,5e-05,-0.87615
8659.14,BTC-28JUN19,1559386744367,open,0.45,97.0,0.4135,0.493,0.4533085,110.55,0.1965,0.0,BTC-28JUN19-4750-C,8553.51,0.0,0.122,1.1,0.6465,2.0,500.0,0.92608,-1.90473,3.38546,2e-05,0.98429
8659.14,BTC-28JUN19,1559386744367,open,0.08,544.3,0.0365,0.116,0.07605892,85.76,0.0755,0.0,BTC-28JUN19-9000-C,8553.51,82.47,0.0725,14.4,0.0805,24.4,89.86,9.36235,-14.93716,2.57699,0.0002,0.48024
8659.14,BTC-28JUN19,1559386744367,open,0.17,182.5,0.1305,0.21,0.17028871,87.03,0.167,0.0,BTC-28JUN19-7500-C,8553.51,76.19,0.1615,5.0,0.187,5.0,106.5,7.19908,-11.6568,3.79988,0.00015,0.76626
8781.02,BTC-27SEP19,1559386744368,open,0.0,332.9,0.0005,0.0415,0.00183871,104.03,0.002,0.0,BTC-27SEP19-2500-P,8553.51,87.96,0.0005,46.0,0.0025,0.9,108.97,1.06345,-0.46929,-0.27186,0.0,-0.00775
8781.02,BTC-27SEP19,1559386744369,open,0.37,718.9,0.3285,0.408,0.36825535,87.52,0.355,0.0,BTC-27SEP19-6000-C,8553.51,0.0,0.0105,0.1,0.45,8.6,142.62,11.90108,-4.41825,13.51381,5e-05,0.8448
8781.02,BTC-27SEP19,1559386744370,open,0.29,822.0,0.25,0.3295,0.28990429,84.38,0.2815,0.0,BTC-27SEP19-7000-C,8553.51,0.0,0.055,2.4,0.34,5.0,112.37,15.44498,-5.52799,13.38544,7e-05,0.76192
8781.02,BTC-27SEP19,1559386744370,open,0.48,13.5,0.44,0.5195,0.47992785,90.36,0.382,0.0,BTC-27SEP19-4750-C,8553.51,0.0,0.0115,0.1,0.718,5.0,299.1,6.92384,-2.65372,12.67636,3e-05,0.92694
8781.02,BTC-27SEP19,1559386744370,open,0.03,134.4,0.0005,0.0655,0.02553631,89.57,0.0245,0.0,BTC-27SEP19-18000-C,8553.51,87.33,0.023,6.0,0.0285,6.3,92.05,10.20951,-3.87886,2.78963,5e-05,0.12391
8781.02,BTC-27SEP19,1559386744370,open,0.77,28.2,0.736,0.8155,0.77557204,133.61,0.755,0.0,BTC-27SEP19-2000-C,8553.51,0.0,0.0075,0.1,0.9605,5.0,500.0,1.32461,-0.75073,6.08207,0.0,0.99005
8781.11,BTC-27SEP19,1559386744372,open,0.41,231.1,0.37,0.4495,0.40962907,87.52,0.3795,0.0,BTC-27SEP19-5500-C,8553.51,37.58,0.3745,0.1,0.459,3.0,126.61,9.8143,-3.64347,13.41973,5e-05,0.88285
8781.11,BTC-27SEP19,1559386744367,open,0.31,80.7,0.2655,0.345,0.30529534,81.82,0.3235,0.0,BTC-27DEC19-7500-C,8553.51,76.47,0.2915,5.0,0.3175,5.0,86.57,22.60053,-4.42672,20.52337,6e-05,0.71371
8553.51,index_price,1559386744367,open,0.0,427.4,0.0005,0.044,0.00431847,87.46,0.0055,0,BTC-7JUN19-10000-C,8553.51,80.38,0.003,30.0,0.006,30.0,95.11,1.73474,-12.91143,0.11538,0.00017,0.08811
8553.51,index_price,1559386744396,open,0.06,7.9,0.0215,0.101,0.06117971,82.55,0.064,0,BTC-7JUN19-8250-C,8553.51,82.17,0.061,18.0,0.0675,4.0,95.95,4.00091,-28.10499,0.81687,0.00041,0.65443
274.68,ETH-28JUN19,1559386744877,open,0.01,4907.0,0.001,0.054,0.013665,99.83,0.009,0.0,ETH-28JUN19-200-P,268.89,88.83,0.009,80.0,0.01,240.0,91.37,0.12661,-0.23514,-0.02211,0.00228,-0.09565
285.64,ETH-27SEP19,1559386744880,open,0.01,7297.0,0.001,0.048,0.007837,95.1,0.01,0.0,ETH-27SEP19-120-P,268.89,79.43,0.003,160.0,0.009,60.0,97.97,0.11167,-0.04505,-0.03527,0.00045,-0.0304
274.68,ETH-28JUN19,1559386744890,open,0.35,3366.0,0.311,0.39,0.350246,99.82,0.364,0.0,ETH-28JUN19-180-C,268.89,0.0,0.006,20.0,0.0,0.0,0.0,0.0706,-0.1311,0.12232,0.00127,0.95504
274.68,ETH-28JUN19,1559386744890,open,0.64,0.0,0.597,0.676,0.63609,131.88,None,0.0,ETH-28JUN19-100-C,268.89,0.0,0.0,0.0,0.0,0.0,0.0,0.00328,-0.00804,0.07333,4e-05,0.99866
268.89,index_price,1559386744989,open,0.3,50.0,0.254,0.333,0.293909,120.75,0.223,0,ETH-7JUN19-190-C,268.89,0.0,0.0,0.0,0.386,3.0,492.12,0.00874,-0.08977,0.03015,0.00062,0.99045
274.68,ETH-28JUN19,1559386744998,open,0.01,7342.0,0.001,0.045,0.00538,119.1,0.006,0.0,ETH-28JUN19-500-C,268.89,113.28,0.004,1.0,0.007,100.0,124.88,0.07107,-0.15748,0.00808,0.00107,0.04534
274.68,ETH-28JUN19,1559386745028,open,0.6,10.0,0.56,0.639,0.599853,129.6,0.265,0.0,ETH-28JUN19-110-C,268.89,0.0,0.0,0.0,0.0,0.0,0.0,0.00627,-0.01513,0.08038,9e-05,0.99727
274.68,ETH-28JUN19,1559386745072,open,0.67,0.0,0.633,0.712,0.672398,132.22,None,0.0,ETH-28JUN19-90-C,268.89,0.0,0.002,5.0,0.0,0.0,0.0,0.00133,-0.00327,0.06616,2e-05,0.9995
274.68,ETH-28JUN19,1559386745080,open,0.0,6850.0,0.001,0.043,0.003246,99.82,0.005,0.0,ETH-28JUN19-170-P,268.89,82.44,0.001,100.0,0.003,240.0,98.39,0.04828,-0.08967,-0.00638,0.00087,-0.02828
268.89,index_price,1559386745120,open,0.06,64.0,0.022,0.101,0.061335,105.2,0.054,0,ETH-14JUN19-280-C,268.89,100.72,0.058,180.0,0.071,180.0,118.15,0.20034,-0.81841,0.0376,0.00747,0.45774
268.89,index_price,1559386745170,open,0.2,142.0,0.15,0.245,0.197867,110.19,0.169,0,ETH-7JUN19-320-P,268.89,0.0,0.188,60.0,0.195,60.0,97.76,0.06826,-0.64012,-0.04665,0.00532,-0.87995
274.68,ETH-28JUN19,1559386745239,open,0.08,2479.0,0.036,0.115,0.075976,103.1,0.08,0.0,ETH-28JUN19-300-C,268.89,99.37,0.072,80.0,0.08,224.0,106.87,0.29282,-0.56166,0.07169,0.00511,0.43043
285.64,ETH-27SEP19,1559386745320,open,0.29,2038.0,0.246,0.325,0.285687,95.1,0.236,0.0,ETH-27SEP19-240-C,268.89,91.05,0.278,80.0,0.29,80.0,97.37,0.54338,-0.21919,0.40358,0.00217,0.72319
8781.12,BTC-27SEP19,1559386745365,open,0.45,6.1,0.396,0.512,0.45411427,85.34,1.781,0.0,BTC-27SEP19-12000-P,8553.56,0.0,0.0105,0.1,1.186,0.3,500.0,18.36645,-6.64846,-31.48004,9e-05,-0.65597
8781.12,BTC-27SEP19,1559386745365,open,0.01,279.1,0.0005,0.053,0.01322521,92.53,0.0155,0.0,BTC-27SEP19-22000-C,8553.56,89.43,0.011,6.0,0.016,6.0,96.02,6.62242,-2.59928,1.58017,3e-05,0.06895
8659.21,BTC-28JUN19,1559386745366,open,1.31,0.4,1.2185,1.4025,1.3104251,119.31,5.076,0.0,BTC-28JUN19-20000-P,8553.56,0.0,0.0,0.0,1.6095,2.0,500.0,0.49685,-1.10284,-14.6822,1e-05,-0.99232
8659.26,BTC-28JUN19,1559386745368,open,0.0,517.5,0.0005,0.041,0.00138721,132.81,0.005,0.0,BTC-28JUN19-4000-P,8553.56,0.0,0.0,0.0,0.0035,0.6,153.78,0.63069,-1.5583,-0.07312,1e-05,-0.01008
8659.26,BTC-28JUN19,1559386745368,open,0.71,24.4,0.6715,0.751,0.71130511,132.56,0.5115,0.0,BTC-28JUN19-2500-C,8553.56,0.0,0.0025,0.5,0.8045,1.0,500.0,0.01273,-0.03141,1.83982,0.0,0.99986
8553.56,index_price,1559386745365,open,0.19,0.0,0.1495,0.229,0.18922132,86.25,None,0,BTC-14JUN19-7000-C,8553.56,0.0,0.0,0.0,0.226,3.0,166.6,2.68772,-9.0018,2.16369,0.00012,0.90631
268.89,index_price,1559386745501,open,0.1,259.0,0.061,0.148,0.104257,107.62,0.18,0,ETH-7JUN19-290-P,268.89,83.84,0.094,180.0,0.103,180.0,104.82,0.12099,-1.10808,-0.03422,0.00966,-0.68623
8781.17,BTC-27SEP19,1559386745812,open,0.15,153.9,0.107,0.1865,0.14691961,84.6,0.1505,0.0,BTC-27DEC19-12000-C,8553.56,82.77,0.1415,1.5,0.1525,10.0,86.47,26.12944,-5.29136,14.39028,7e-05,0.43329
8781.12,BTC-27SEP19,1559386745826,open,0.14,161.4,0.0945,0.185,0.13976988,84.31,0.172,0.0,BTC-27SEP19-8000-P,8553.56,81.03,0.133,9.9,0.143,4.9,85.87,18.11857,-6.47952,-13.38267,9e-05,-0.33214
8553.56,index_price,1559386745838,open,0.1,0.0,0.0585,0.138,0.09822793,83.47,None,0,BTC-14JUN19-8000-C,8553.56,88.41,0.1015,6.0,0.1085,6.0,98.84,5.64139,-18.28658,1.79545,0.00026,0.69327
8781.17,BTC-27SEP19,1559386745841,open,0.26,0.4,0.2085,0.309,0.25873988,81.83,0.263,0.0,BTC-27DEC19-9000-P,8553.56,77.63,0.2465,4.9,0.2595,4.9,82.09,25.55409,-5.00545,-32.78496,7e-05,-0.39368
8659.21,BTC-28JUN19,1559386745842,open,0.06,573.4,0.0155,0.0995,0.05735871,87.03,0.055,0.0,BTC-28JUN19-8000-P,8553.56,84.61,0.055,12.5,0.058,19.3,87.68,8.45837,-13.69465,-2.43878,0.00018,-0.32514
8781.12,BTC-27SEP19,1559386745864,open,0.18,377.9,0.1395,0.219,0.17947004,84.31,0.1755,0.0,BTC-27SEP19-9000-C,8553.56,83.65,0.178,5.0,0.1855,3.9,87.02,19.55857,-6.99446,11.20602,9e-05,0.57463
8659.21,BTC-28JUN19,1559386745866,open,0.06,13.8,0.0165,0.096,0.05616661,85.79,0.06,0.0,BTC-28JUN19-9500-C,8553.56,83.22,0.0535,19.3,0.059,11.0,88.51,9.00932,-14.37904,2.12272,0.00019,0.38909
8781.12,BTC-27SEP19,1559386745880,open,0.11,533.7,0.0715,0.151,0.11128238,85.12,0.115,0.0,BTC-27SEP19-11000-C,8553.56,82.95,0.1065,13.6,0.1165,13.6,87.47,19.41512,-7.00983,8.51136,9e-05,0.41142
8781.12,BTC-27SEP19,1559386745881,open,0.02,135.2,0.0005,0.0615,0.02086369,90.35,0.02,0.0,BTC-27SEP19-4750-P,8553.56,87.28,0.0185,10.0,0.023,16.0,93.01,6.92336,-2.65344,-2.66334,3e-05,-0.07305
8781.12,BTC-27SEP19,1559386745883,open,0.17,363.7,0.1255,0.205,0.16508755,81.95,0.1675,0.0,BTC-27DEC19-11000-C,8553.56,82.26,0.166,2.0,0.1775,10.0,86.07,26.46294,-5.19148,15.7595,7e-05,0.4787
8553.56,index_price,1559386745884,open,0.02,56.9,0.0005,0.0575,0.01797304,90.87,0.0155,0,BTC-14JUN19-10000-C,8553.56,85.11,0.015,24.0,0.0175,0.1,89.97,4.54105,-16.02367,0.55899,0.00019,0.20323
8781.17,BTC-27SEP19,1559386745895,open,0.51,4.4,0.453,0.574,0.51348944,84.6,0.5765,0.0,BTC-27DEC19-12000-P,8553.56,76.65,0.49,3.6,0.507,3.6,82.42,26.12957,-5.29159,-54.28105,7e-05,-0.5667
8781.12,BTC-27SEP19,1559386745897,open,0.07,148.7,0.0305,0.11,0.07021504,86.17,0.0655,0.0,BTC-27SEP19-13000-C,8553.56,84.24,0.0665,4.9,0.0745,10.0,88.36,17.05315,-6.23302,6.20364,8e-05,0.28897
8781.12,BTC-27SEP19,1559386745899,open,0.36,3.2,0.3095,0.4185,0.36398116,85.12,0.481,0.0,BTC-27SEP19-11000-P,8553.56,80.59,0.354,3.6,0.3685,3.6,87.16,19.4153,-7.01031,-27.01267,9e-05,-0.58857
8781.17,BTC-27SEP19,1559386745904,open,0.42,13.1,0.3615,0.474,0.41777656,81.96,0.413,0.0,BTC-27DEC19-11000-P,8553.56,76.88,0.4025,3.6,0.4185,3.6,82.2,26.46313,-5.19166,-47.18913,7e-05,-0.52129
8553.56,index_price,1559386745922,open,0.1,10.0,0.054,0.1415,0.09764365,87.21,0.088,0,BTC-7JUN19-9250-P,8553.56,59.46,0.0875,6.0,0.0945,6.0,79.34,3.50036,-25.97836,-1.15726,0.00034,-0.74282
8781.17,BTC-27SEP19,1559386745931,open,0.34,1.1,0.2815,0.388,0.3348517,81.83,0.357,0.0,BTC-27DEC19-10000-P,8553.56,77.39,0.3215,3.6,0.336,3.6,82.21,26.36991,-5.16527,-39.96029,7e-05,-0.46036
8781.12,BTC-27SEP19,1559386745933,open,0.23,1005.5,0.189,0.2685,0.22871882,84.31,0.2225,0.0,BTC-27SEP19-8000-C,8553.56,82.75,0.2255,5.0,0.2345,8.6,87.11,18.11858,-6.47932,12.45324,9e-05,0.66786
8781.17,BTC-27SEP19,1559386745935,open,0.61,0.5,0.5435,0.6715,0.60729841,85.22,0.584,0.0,BTC-27DEC19-13000-P,8553.56,76.52,0.5825,3.6,0.6,3.6,82.69,25.43688,-5.18891,-61.30486,7e-05,-0.61267
8659.21,BTC-28JUN19,1559386745937,open,0.11,103.2,0.071,0.16,0.11541219,85.75,0.1135,0.0,BTC-28JUN19-9000-P,8553.56,79.82,0.109,14.4,0.1175,14.4,87.68,9.36243,-14.93636,-4.04981,0.0002,-0.51976
8781.12,BTC-27SEP19,1559386745947,open,0.36,3.2,0.3095,0.4185,0.36398116,85.12,0.481,0.0,BTC-27SEP19-11000-P,8553.56,80.82,0.3545,3.6,0.3685,3.6,87.16,19.4153,-7.01031,-27.01267,9e-05,-0.58857
8781.17,BTC-27SEP19,1559386745950,open,0.1,172.3,0.056,0.1355,0.09586737,86.29,0.0915,0.0,BTC-27DEC19-15000-C,8553.56,84.46,0.091,4.9,0.101,14.9,88.2,23.45826,-4.84553,10.79555,6e-05,0.3107
8781.12,BTC-27SEP19,1559386745961,open,0.02,135.2,0.0005,0.0615,0.02086369,90.35,0.02,0.0,BTC-27SEP19-4750-P,8553.56,87.28,0.0185,16.0,0.023,16.0,93.01,6.92336,-2.65344,-2.66334,3e-05,-0.07305
8781.17,BTC-27SEP19,1559386745962,open,0.23,137.0,0.194,0.2735,0.23381251,81.83,0.236,0.0,BTC-27DEC19-9000-C,8553.56,81.89,0.234,5.0,0.2455,8.6,85.85,25.55416,-5.00531,18.71879,7e-05,0.60632
8659.21,BTC-28JUN19,1559386745964,open,0.15,23.1,0.1075,0.199,0.15327325,85.8,0.175,0.0,BTC-28JUN19-9500-P,8553.56,79.25,0.1465,14.4,0.1555,14.4,87.93,9.00945,-14.38068,-4.87226,0.00019,-0.61089
8781.17,BTC-27SEP19,1559386745970,open,0.42,13.1,0.3615,0.474,0.41777656,81.96,0.413,0.0,BTC-27DEC19-11000-P,8553.56,77.05,0.403,3.6,0.4185,3.6,82.2,26.46313,-5.19166,-47.18913,7e-05,-0.52129
8781.12,BTC-27SEP19,1559386745971,open,0.16,45.4,0.1135,0.2055,0.15940671,81.83,0.1775,0.0,BTC-27DEC19-7500-P,8553.56,78.56,0.151,9.9,0.1615,4.9,82.64,22.60052,-4.42684,-22.39652,6e-05,-0.28629
8781.17,BTC-27SEP19,1559386745973,open,0.14,829.0,0.1005,0.18,0.14031407,84.31,0.1365,0.0,BTC-27SEP19-10000-C,8553.56,84.61,0.141,50.0,0.144,1.0,85.93,19.898,-7.11577,9.84121,9e-05,0.48734
8781.17,BTC-27SEP19,1559386745974,open,0.13,162.1,0.087,0.1665,0.1268451,85.21,0.123,0.0,BTC-27DEC19-13000-C,8553.56,83.36,0.1215,12.0,0.132,14.9,86.99,25.43653,-5.18857,13.08894,7e-05,0.38731
8553.56,index_price,1559386745976,open,0.06,0.2,0.017,0.1015,0.0592118,83.48,0.0755,0,BTC-14JUN19-8500-P,8553.56,73.12,0.0515,18.0,0.058,18.0,81.85,6.36427,-20.6321,-1.54507,0.0003,-0.45285
8781.17,BTC-27SEP19,1559386745995,open,0.51,4.4,0.453,0.574,0.51348944,84.6,0.5765,0.0,BTC-27DEC19-12000-P,8553.56,76.82,0.4905,3.6,0.507,3.6,82.42,26.12957,-5.29159,-54.28105,7e-05,-0.5667
268.89,index_price,1559386746048,open,0.13,0.0,0.086,0.176,0.130771,110.52,None,0,ETH-14JUN19-290-P,268.89,82.65,0.111,180.0,0.125,180.0,102.52,0.19476,-0.83589,-0.06957,0.00691,-0.60269
268.89,index_price,1559386746320,open,0.0,391.0,0.001,0.041,0.001038,115.9,0.002,0,ETH-7JUN19-200-P,268.89,0.0,0.0,0.0,0.002,50.0,129.38,0.01544,-0.1523,-0.00084,0.00114,-0.01848
8781.17,BTC-27SEP19,1559386746366,open,1.74,0.0,1.6335,1.8525,1.74299104,93.88,None,0.0,BTC-27SEP19-24000-P,8553.54,0.0,0.0,0.0,0.0,0.0,0.0,5.37798,-2.14154,-76.2887,2e-05,-0.94716
8659.24,BTC-28JUN19,1559386746366,open,0.08,123.9,0.04,0.126,0.08286832,85.76,0.0815,0.0,BTC-28JUN19-8500-P,8553.54,81.17,0.078,5.0,0.085,14.4,87.76,9.19542,-14.67042,-3.22069,0.00019,-0.42226
8781.17,BTC-27SEP19,1559386746366,open,0.02,200.4,0.0005,0.058,0.01812939,91.09,0.016,0.0,BTC-27SEP19-20000-C,8553.54,88.16,0.0155,6.0,0.021,6.0,94.04,8.20605,-3.17056,2.08171,4e-05,0.09154
8781.17,BTC-27SEP19,1559386746366,open,1.29,0.0,1.204,1.3875,1.29574318,91.1,None,0.0,BTC-27SEP19-20000-P,8553.54,0.0,0.0055,10.0,2.0495,0.2,500.0,8.20913,-3.17223,-62.50676,4e-05,-0.90842
8553.54,index_price,1559386746365,open,0.02,1.9,0.0005,0.057,0.01645582,83.48,0.017,0,BTC-14JUN19-7500-P,8553.54,78.37,0.014,24.0,0.018,25.0,86.58,4.21017,-13.64799,-0.59168,0.0002,-0.17964
8659.24,BTC-28JUN19,1559386746367,open,0.63,0.1,0.585,0.6645,0.62493145,134.93,0.395,0.0,BTC-28JUN19-3250-C,8553.54,0.0,0.0015,1.4,0.7655,2.0,500.0,0.15712,-0.3944,2.37791,0.0,0.99788
8781.15,BTC-27SEP19,1559386746368,open,0.83,42.8,0.7905,0.87,0.83026152,134.99,0.815,0.0,BTC-27SEP19-1500-C,8553.54,0.0,0.0,0.0,0.0,0.0,0.0,0.53835,-0.30826,4.71134,0.0,0.9964
8781.15,BTC-27SEP19,1559386746365,open,0.02,10.0,0.0005,0.062,0.0223947,98.3,0.0285,0.0,BTC-27DEC19-32000-C,8553.54,95.76,0.0195,6.0,0.0255,6.0,100.83,10.40838,-2.44916,3.18557,2e-05,0.08579
8781.15,BTC-27SEP19,1559386746367,open,0.0,420.5,0.0005,0.043,0.00333419,133.6,0.0035,0.0,BTC-27SEP19-2000-P,8553.54,103.1,0.0005,5.0,0.2265,4.2,500.0,1.32418,-0.75042,-0.37672,0.0,-0.00995
8659.24,BTC-28JUN19,1559386746368,open,0.73,2.8,0.665,0.803,0.73403241,93.43,0.6485,0.0,BTC-28JUN19-15000-P,8553.54,0.0,0.0,0.0,1.0985,1.0,499.87,1.16952,-2.03294,-10.92441,2e-05,-0.97934
8659.24,BTC-28JUN19,1559386746368,open,0.0,849.9,0.0005,0.04,0.00011767,135.0,0.001,0.0,BTC-28JUN19-3000-P,8553.54,0.0,0.0,0.0,0.001,1.0,170.47,0.08246,-0.2071,-0.00742,0.0,-0.00105
8781.15,BTC-27SEP19,1559386746368,open,0.05,266.1,0.0095,0.0935,0.05154095,87.52,0.056,0.0,BTC-27SEP19-6000-P,8553.54,86.38,0.05,0.1,0.0525,6.0,88.23,11.90072,-4.418,-5.86262,5e-05,-0.15519
8781.15,BTC-27SEP19,1559386746369,open,0.66,226.1,0.623,0.7025,0.66293326,104.03,0.585,0.0,BTC-27SEP19-3000-C,8553.54,0.0,0.0065,0.1,0.9505,5.0,500.0,2.13887,-0.94382,9.0672,1e-05,0.98267
8659.24,BTC-28JUN19,1559386746369,open,0.0,1280.1,0.0005,0.0405,0.00072701,118.98,0.001,0.0,BTC-28JUN19-20000-C,8553.54,114.39,0.0005,45.0,0.001,1.0,123.28,0.48784,-1.07987,0.04332,1e-05,0.00752
8659.24,BTC-28JUN19,1559386746369,open,0.01,1270.7,0.0005,0.0475,0.00767778,95.75,0.0075,0.0,BTC-28JUN19-6000-P,8553.54,88.61,0.0055,34.0,0.0085,24.0,98.19,2.85546,-5.08672,-0.4414,5e-05,-0.06155
8781.15,BTC-27SEP19,1559386746369,open,0.09,79.1,0.044,0.1305,0.08707069,84.38,0.09,0.0,BTC-27SEP19-7000-P,8553.54,82.06,0.083,10.0,0.091,4.9,86.61,15.44482,-5.52783,-9.22047,7e-05,-0.23807
8659.24,BTC-28JUN19,1559386746369,open,0.04,337.0,0.0005,0.0775,0.03641525,87.03,0.032,0.0,BTC-28JUN19-7500-P,8553.54,82.27,0.0325,29.3,0.038,19.3,88.93,7.19865,-11.65495,-1.72229,0.00015,-0.23371
8659.22,BTC-28JUN19,1559386746369,open,0.65,43.6,0.614,0.6935,0.65366774,135.17,0.6755,0.0,BTC-28JUN19-3000-C,8553.54,0.0,0.004,0.5,0.7785,2.0,500.0,0.08331,-0.20951,2.20146,0.0,0.99894
8781.15,BTC-27SEP19,1559386746366,open,0.62,4.0,0.5795,0.659,0.61933782,91.47,0.59,0.0,BTC-27DEC19-3500-C,8553.54,0.0,0.0065,1.1,0.995,1.0,500.0,6.51317,-1.42611,16.77016,2e-05,0.95306
8781.15,BTC-27SEP19,1559386746366,open,0.72,0.0,0.683,0.7625,0.72291458,99.78,None,0.0,BTC-27DEC19-2500-C,8553.54,0.0,0.017,3.0,0.988,0.5,500.0,3.29624,-0.78734,12.88932,1e-05,0.97941
8659.22,BTC-28JUN19,1559386746370,open,0.6,143.2,0.5565,0.636,0.59630897,135.06,0.56,0.0,BTC-28JUN19-3500-C,8553.54,0.0,0.15,0.1,0.597,0.4,150.65,0.2762,-0.694,2.54864,0.0,0.99603
8781.15,BTC-27SEP19,1559386746366,open,2.21,0.0,2.0885,2.3455,2.21699994,95.59,None,0.0,BTC-27DEC19-28000-P,8553.54,0.0,0.0,0.0,0.0,0.0,0.0,12.25238,-2.80346,-156.27658,3e-05,-0.89291
8553.54,index_price,1559386746365,open,0.01,325.5,0.0005,0.046,0.00611176,87.89,0.006,0,BTC-7JUN19-7500-P,8553.54,80.63,0.0045,30.0,0.007,0.8,91.55,2.02074,-15.11313,-0.15782,0.0002,-0.10851
8553.54,index_price,1559386746365,open,0.03,17.0,0.0005,0.073,0.03328127,85.62,0.0345,0,BTC-7JUN19-8750-C,8553.54,80.05,0.0305,18.0,0.0365,4.0,92.04,4.27799,-31.16812,0.55798,0.00042,0.43852
8553.54,index_price,1559386746366,open,0.13,42.1,0.0895,0.169,0.12928387,87.9,0.129,0,BTC-7JUN19-7500-C,8553.54,0.0,0.0775,0.1,0.1655,0.1,192.24,2.02102,-15.11668,1.04948,0.0002,0.89147
8781.15,BTC-27SEP19,1559386746371,open,0.03,283.5,0.0005,0.066,0.02504735,89.09,0.0295,0.0,BTC-27SEP19-5000-P,8553.54,86.18,0.0225,16.0,0.027,10.0,91.25,7.83664,-2.96141,-3.15044,4e-05,-0.08605
8553.54,index_price,1559386746365,open,0.04,305.4,0.005,0.0845,0.04484662,82.57,0.046,0,BTC-7JUN19-8500-C,8553.54,80.88,0.044,18.0,0.0495,0.5,91.82,4.30229,-30.22811,0.68828,0.00044,0.54471
8781.15,BTC-27SEP19,1559386746372,open,0.0,1639.1,0.0005,0.041,0.00108253,135.0,0.0005,0.0,BTC-27SEP19-1500-P,8553.54,0.0,0.0,0.0,0.003,0.1,156.58,0.53854,-0.30838,-0.13292,0.0,-0.0036
8553.54,index_price,1559386746365,open,0.3,8.4,0.2595,0.339,0.29929518,129.6,0.25,0,BTC-7JUN19-6000-C,8553.54,0.0,0.0505,2.0,0.329,3.2,302.2,0.35333,-3.89665,0.94749,2e-05,0.98741
8781.15,BTC-27SEP19,1559386746370,open,1.33,0.0,1.239,1.425,1.33195217,89.96,None,0.0,BTC-27DEC19-20000-P,8553.54,0.0,0.0055,5.0,2.1905,0.2,499.75,18.16349,-3.91155,-107.51674,5e-05,-0.80763
8553.54,index_price,1559386746365,open,0.16,0.0,0.1165,0.196,0.15617037,91.87,None,0,BTC-7JUN19-7250-C,8553.54,0.0,0.0,0.0,0.1875,3.2,197.48,1.45498,-11.37462,1.0657,0.00013,0.93014
8553.54,index_price,1559386746366,open,0.14,0.0,0.095,0.1855,0.14019975,90.87,None,0,BTC-14JUN19-9500-P,8553.54,0.0,0.0,0.0,0.185,3.0,154.66,5.57044,-19.65568,-2.54062,0.00024,-0.70181
8553.54,index_price,1559386746366,open,0.03,18.2,0.0005,0.0665,0.0257004,82.56,0.025,0,BTC-7JUN19-8250-P,8553.54,72.43,0.021,24.0,0.0245,0.2,79.99,4.00094,-28.10931,-0.51121,0.00041,-0.34557
8781.15,BTC-27SEP19,1559386746370,open,0.7,0.0,0.636,0.772,0.70398312,85.64,None,0.0,BTC-27DEC19-14000-P,8553.54,0.0,0.0075,3.0,1.521,0.2,500.0,24.50197,-5.02315,-68.23827,6e-05,-0.65396
8781.15,BTC-27SEP19,1559386746367,open,0.0,85.9,0.0005,0.0445,0.00433879,104.98,0.0025,0.0,BTC-27DEC19-2000-P,8553.54,92.66,0.002,6.0,0.0065,1.9,113.14,2.06125,-0.51798,-0.81651,0.0,-0.01191
8781.15,BTC-27SEP19,1559386746367,open,0.05,144.2,0.0145,0.094,0.05435135,89.97,0.0565,0.0,BTC-27DEC19-20000-C,8553.54,89.07,0.0525,1.0,0.0565,11.0,91.0,18.16417,-3.9118,6.93603,5e-05,0.19238
8781.15,BTC-27SEP19,1559386746369,open,0.01,178.6,0.0005,0.0475,0.00761468,99.78,0.0095,0.0,BTC-27DEC19-2500-P,8553.54,92.01,0.005,6.0,0.01,6.0,105.68,3.29609,-0.78729,-1.41715,1e-05,-0.02059
8553.54,index_price,1559386746444,open,0.1,10.0,0.054,0.1415,0.09763867,87.2,0.088,0,BTC-7JUN19-9250-P,8553.54,59.45,0.0875,6.0,0.095,6.0,80.62,3.49997,-25.97039,-1.15733,0.00034,-0.74287
268.89,index_price,1559386746557,open,0.12,110.0,0.08,0.159,0.119875,100.99,0.124,0,ETH-7JUN19-240-C,268.89,98.24,0.119,60.0,0.126,60.0,118.92,0.08658,-0.74409,0.0307,0.00737,0.82923
268.89,index_price,1559386746888,open,0.09,0.0,0.052,0.131,0.091753,100.65,None,0,ETH-14JUN19-260-C,268.89,99.61,0.091,180.0,0.105,180.0,118.97,0.19414,-0.75878,0.0489,0.00756,0.60733
8781.15,BTC-27SEP19,1559386746934,open,0.01,1028.2,0.0005,0.054,0.01392911,92.96,0.0175,0.0,BTC-27SEP19-4250-P,8553.54,88.68,0.0115,16.0,0.016,16.0,96.34,5.20609,-2.05278,-1.83351,2e-05,-0.05073
8659.24,BTC-28JUN19,1559386747120,open,0.08,544.3,0.0365,0.116,0.07605907,85.75,0.0755,0.0,BTC-28JUN19-9000-C,8553.54,82.92,0.073,14.4,0.0805,24.4,89.86,9.36247,-14.93642,2.57711,0.0002,0.48025
8781.17,BTC-27SEP19,1559386747128,open,0.28,5.7,0.228,0.33,0.27911707,84.31,0.334,0.0,BTC-27SEP19-10000-P,8553.54,80.73,0.271,3.6,0.284,3.6,86.46,19.89801,-7.11604,-22.45348,9e-05,-0.51265
8781.15,BTC-27SEP19,1559386747129,open,0.61,0.5,0.5435,0.6715,0.6072928,85.21,0.584,0.0,BTC-27DEC19-13000-P,8553.54,76.52,0.5825,3.6,0.5995,3.6,82.51,25.43649,-5.18859,-61.30517,7e-05,-0.61268
8553.54,index_price,1559386747131,open,0.04,341.8,0.0005,0.08,0.03858621,82.56,0.0385,0,BTC-7JUN19-8500-P,8553.54,76.43,0.0355,0.8,0.0385,18.0,82.39,4.30229,-30.2264,-0.68003,0.00044,-0.45529
8553.54,index_price,1559386747140,open,0.06,7.9,0.0215,0.101,0.06118847,82.57,0.064,0,BTC-7JUN19-8250-C,8553.54,83.23,0.0615,18.0,0.0675,4.0,95.95,4.00097,-28.11115,0.81684,0.00041,0.65442
8781.15,BTC-27SEP19,1559386747171,open,0.08,185.3,0.0405,0.1265,0.08339262,82.52,0.089,0.0,BTC-27DEC19-6000-P,8553.54,80.54,0.0795,14.9,0.0865,4.9,84.09,17.32115,-3.42144,-13.14564,5e-05,-0.17821
8553.54,index_price,1559386747173,open,0.1,10.0,0.054,0.1415,0.09764058,87.2,0.088,0,BTC-7JUN19-9250-P,8553.54,59.45,0.0875,6.0,0.0945,6.0,79.34,3.49997,-25.97039,-1.15733,0.00034,-0.74287
8781.15,BTC-27SEP19,1559386747182,open,0.34,1.1,0.2815,0.388,0.3348482,81.83,0.357,0.0,BTC-27DEC19-10000-P,8553.54,77.22,0.321,3.6,0.336,3.6,82.21,26.3699,-5.16511,-39.96031,7e-05,-0.46036
8781.15,BTC-27SEP19,1559386747184,open,0.61,0.5,0.5435,0.6715,0.6072928,85.21,0.584,0.0,BTC-27DEC19-13000-P,8553.54,76.34,0.582,3.6,0.5995,3.6,82.51,25.43649,-5.18859,-61.30517,7e-05,-0.61268
8659.24,BTC-28JUN19,1559386747185,open,0.11,103.2,0.071,0.16,0.11541125,85.76,0.1135,0.0,BTC-28JUN19-9000-P,8553.54,79.36,0.1085,14.4,0.1175,14.4,87.69,9.36248,-14.937,-4.04977,0.0002,-0.51975
8659.21,BTC-28JUN19,1559386747204,open,0.15,23.1,0.1075,0.199,0.15326712,85.79,0.175,0.0,BTC-28JUN19-9500-P,8553.54,78.76,0.146,14.4,0.1555,14.4,87.93,9.00936,-14.37953,-4.8723,0.00019,-0.6109
8781.15,BTC-27SEP19,1559386747216,open,0.13,162.1,0.087,0.1665,0.1268489,85.22,0.123,0.0,BTC-27DEC19-13000-C,8553.54,83.36,0.1215,12.0,0.132,10.0,86.99,25.43658,-5.18868,13.08899,7e-05,0.38732
8553.54,index_price,1559386747217,open,0.06,0.2,0.017,0.1015,0.05921001,83.48,0.0755,0,BTC-14JUN19-8500-P,8553.54,72.45,0.051,18.0,0.058,18.0,81.85,6.36427,-20.6307,-1.54508,0.0003,-0.45286
8553.54,index_price,1559386747232,open,0.02,31.8,0.0005,0.056,0.01621698,87.2,0.0195,0,BTC-7JUN19-9250-C,8553.54,81.69,0.014,2.0,0.0185,24.2,92.7,3.50009,-25.97313,0.33174,0.00034,0.25714
268.89,index_price,1559386747274,open,0.26,106.0,0.217,0.318,0.26752,110.46,0.189,0,ETH-7JUN19-340-P,268.89,0.0,0.0,0.0,0.436,1.0,500.0,0.03759,-0.35331,-0.05251,0.00292,-0.94566
8659.21,BTC-28JUN19,1559386747366,open,0.0,94.5,0.0005,0.04,0.00025436,135.0,0.002,0.0,BTC-28JUN19-3250-P,8554.18,0.0,0.0,0.0,0.356,2.5,500.0,0.15771,-0.39609,-0.0152,0.0,-0.00213
8781.16,BTC-27SEP19,1559386747366,open,0.01,28.3,0.0005,0.046,0.00583092,101.35,0.007,0.0,BTC-27SEP19-3250-P,8554.18,92.39,0.0035,9.0,0.008,6.0,107.99,2.62091,-1.12671,-0.78975,1e-05,-0.02202
8659.21,BTC-28JUN19,1559386747366,open,0.0,854.3,0.0005,0.0425,0.00286409,109.75,0.004,0.0,BTC-28JUN19-5000-P,8554.18,103.3,0.002,3.0,0.0035,24.0,113.78,1.2864,-2.62651,-0.16573,2e-05,-0.02313
8659.21,BTC-28JUN19,1559386747365,open,0.0,685.1,0.0005,0.04,1.738e-05,135.0,0.001,0.0,BTC-28JUN19-2500-P,8554.18,0.0,0.0,0.0,0.1145,16.5,500.0,0.01575,-0.03957,-0.00123,0.0,-0.00018
8659.21,BTC-28JUN19,1559386747366,open,0.77,20.1,0.7295,0.809,0.76903408,138.74,0.578,0.0,BTC-28JUN19-2000-C,8554.18,0.0,0.004,0.2,0.834,1.0,500.0,0.00227,-0.00585,1.47248,0.0,0.99998
8781.16,BTC-27SEP19,1559386747365,open,0.53,0.2,0.49,0.5695,0.52993851,92.96,0.26,0.0,BTC-27SEP19-4250-C,8554.18,0.0,0.0115,0.1,0.737,5.0,299.64,5.20612,-2.05279,11.89173,2e-05,0.94927
8781.16,BTC-27SEP19,1559386747365,open,0.72,55.9,0.6775,0.757,0.71713849,104.04,0.689,0.0,BTC-27SEP19-2500-C,8554.18,0.0,0.0065,0.1,0.9555,5.0,500.0,1.06353,-0.46933,7.80179,0.0,0.99225
8781.16,BTC-27SEP19,1559386747366,open,0.56,233.5,0.516,0.5955,0.55583239,94.75,0.58,0.0,BTC-27SEP19-4000-C,8554.18,0.0,0.1655,1.1,0.59,0.1,142.3,4.46138,-1.79307,11.40896,2e-05,0.95814
8659.21,BTC-28JUN19,1559386747366,open,0.01,593.4,0.0005,0.053,0.01295583,91.09,0.0105,0.0,BTC-28JUN19-6500-P,8554.18,85.69,0.0105,34.0,0.014,24.0,93.25,4.11063,-6.96585,-0.71744,8e-05,-0.09957
8781.16,BTC-27SEP19,1559386747366,open,0.01,42.8,0.0005,0.049,0.00911735,96.6,0.0115,0.0,BTC-27SEP19-3750-P,8554.18,91.32,0.007,6.0,0.0115,6.0,101.82,3.76888,-1.54424,-1.22389,2e-05,-0.03404
8781.16,BTC-27SEP19,1559386747366,open,0.46,793.5,0.416,0.4955,0.45564706,89.09,0.4755,0.0,BTC-27SEP19-5000-C,8554.18,0.0,0.1105,2.0,0.5245,0.1,150.41,7.8367,-2.96146,12.99687,4e-05,0.91395
8781.16,BTC-27SEP19,1559386747366,open,0.61,261.1,0.569,0.6485,0.60876905,98.92,0.52,0.0,BTC-27SEP19-3500-C,8554.18,0.0,0.161,1.0,0.616,0.5,115.5,3.16757,-1.32911,10.31216,1e-05,0.9724
8781.16,BTC-27SEP19,1559386747366,open,1.52,0.0,1.418,1.619,1.51858722,92.53,None,0.0,BTC-27SEP19-22000-P,8554.18,0.0,0.0055,10.0,0.0,0.0,0.0,6.62198,-2.59903,-69.46832,3e-05,-0.93106
8659.21,BTC-28JUN19,1559386747366,open,0.01,502.8,0.0005,0.0505,0.01086579,87.65,0.0125,0.0,BTC-28JUN19-12000-C,8554.18,84.8,0.0095,24.0,0.0125,0.1,90.85,4.27599,-6.9727,0.60093,9e-05,0.10512
8659.21,BTC-28JUN19,1559386747366,open,0.0,396.3,0.0005,0.0405,0.00050056,135.0,0.0005,0.0,BTC-28JUN19-3500-P,8554.18,0.0,0.0,0.0,0.0015,1.0,155.55,0.27548,-0.69188,-0.0284,0.0,-0.00395
8659.21,BTC-28JUN19,1559386747366,open,0.62,1.3,0.5555,0.6845,0.62009836,92.23,2.415,0.0,BTC-28JUN19-14000-P,8554.18,0.0,0.0,0.0,1.0,1.0,500.0,1.87374,-3.21524,-10.09777,4e-05,-0.96363
8659.21,BTC-28JUN19,1559386747366,open,0.4,10.0,0.341,0.4525,0.3966687,87.64,1.243,0.0,BTC-28JUN19-12000-P,8554.18,0.0,0.0005,1.0,0.8075,1.0,500.0,4.2751,-6.97049,-8.23507,9e-05,-0.89491
8659.21,BTC-28JUN19,1559386747366,open,0.29,26.3,0.2405,0.343,0.29180974,86.97,0.285,0.0,BTC-28JUN19-11000-P,8554.18,0.0,0.002,1.0,0.7135,1.0,500.0,6.27538,-10.15367,-7.05595,0.00013,-0.81484
8781.16,BTC-27SEP19,1559386747367,open,0.55,0.0,0.489,0.6125,0.55066234,86.17,None,0.0,BTC-27SEP19-13000-P,8554.18,0.0,0.0065,0.1,1.293,0.3,500.0,17.05356,-6.23332,-35.77926,8e-05,-0.71101
8781.16,BTC-27SEP19,1559386747367,open,0.64,0.0,0.596,0.6755,0.63572079,101.35,None,0.0,BTC-27SEP19-3250-C,8554.18,0.0,0.0075,0.1,0.948,5.0,500.0,2.62101,-1.12677,9.70599,1e-05,0.97798
8659.85,BTC-28JUN19,1559386747367,open,0.43,691.1,0.3855,0.465,0.42544621,109.49,0.427,0.0,BTC-28JUN19-5000-C,8554.18,0.0,0.2355,2.0,0.5,10.0,282.09,1.27548,-2.59801,3.51762,2e-05,0.97711
8659.85,BTC-28JUN19,1559386747367,open,0.37,148.2,0.33,0.4095,0.36957967,102.3,0.36,0.0,BTC-28JUN19-5500-C,8554.18,0.0,0.3645,0.1,0.613,5.0,500.0,1.94301,-3.69787,3.77739,3e-05,0.96198
8659.85,BTC-28JUN19,1559386747367,open,0.0,520.6,0.0005,0.04,1.24e-06,135.01,0.001,0.0,BTC-28JUN19-2000-P,8554.18,0.0,0.0,0.0,0.001,4.8,232.61,0.00148,-0.00373,-0.0001,0.0,-1e-05
8781.16,BTC-27SEP19,1559386747366,open,0.04,35.5,0.0005,0.0775,0.03795544,92.82,0.044,0.0,BTC-27DEC19-24000-C,8554.18,91.03,0.035,6.0,0.0415,6.0,94.88,14.77642,-3.2831,5.12167,4e-05,0.13988
8781.16,BTC-27SEP19,1559386747367,open,0.04,282.0,0.0005,0.077,0.03597377,87.52,0.0425,0.0,BTC-27SEP19-5500-P,8554.18,84.83,0.033,6.0,0.0385,6.0,89.76,9.81431,-3.64351,-4.34237,5e-05,-0.11715
8659.85,BTC-28JUN19,1559386747367,open,0.2,43.0,0.149,0.244,0.19657299,86.84,0.1625,0.0,BTC-28JUN19-10000-P,8554.18,0.0,0.001,1.0,0.622,1.0,500.0,8.30261,-13.41317,-5.64635,0.00017,-0.68893
8659.85,BTC-28JUN19,1559386747367,open,0.57,30.0,0.528,0.6075,0.56784766,134.41,0.298,0.0,BTC-28JUN19-3750-C,8554.18,0.0,0.0015,4.0,0.743,3.0,500.0,0.43609,-1.09051,2.71335,1e-05,0.99338
8781.16,BTC-27SEP19,1559386747367,open,0.86,0.0,0.7855,0.9335,0.85953711,88.24,None,0.0,BTC-27SEP19-16000-P,8554.18,0.0,0.0065,0.1,1.6155,0.2,500.0,12.72978,-4.76483,-47.85177,6e-05,-0.82785
8554.18,index_price,1559386747365,open,0.24,20.7,0.2015,0.281,0.24128869,110.43,0.255,0,BTC-7JUN19-6500-C,8554.18,0.0,0.0005,3.0,0.271,3.2,255.08,0.55147,-5.18213,1.01562,4e-05,0.97883
8781.8,BTC-27SEP19,1559386747369,open,0.01,336.3,0.0005,0.0515,0.01135268,94.76,0.011,0.0,BTC-27SEP19-4000-P,8554.18,89.86,0.009,16.0,0.0135,16.0,98.81,4.46132,-1.79318,-1.5089,2e-05,-0.04185
8781.8,BTC-27SEP19,1559386747366,open,0.37,63.1,0.325,0.4045,0.36487523,81.81,0.311,0.0,BTC-27DEC19-6500-C,8554.18,39.94,0.2815,0.1,0.98,2.0,500.0,19.31257,-3.78215,21.20725,5e-05,0.78687
8781.8,BTC-27SEP19,1559386747368,open,0.04,33.2,0.005,0.0845,0.04495432,91.38,0.045,0.0,BTC-27DEC19-22000-C,8554.18,89.76,0.042,4.9,0.0485,4.9,93.25,16.34856,-3.57593,5.92296,4e-05,0.16281
8659.85,BTC-28JUN19,1559386747369,open,0.02,507.5,0.0005,0.061,0.02149003,86.96,0.0215,0.0,BTC-28JUN19-11000-C,8554.18,84.88,0.02,19.3,0.022,0.1,87.66,6.27679,-10.15466,1.04391,0.00013,0.1852
8554.18,index_price,1559386747365,open,0.02,292.6,0.0005,0.0635,0.02355874,86.49,0.0225,0,BTC-7JUN19-9000-C,8554.18,82.04,0.0215,3.6,0.025,0.5,89.57,3.98387,-29.32066,0.43795,0.00039,0.3416
8781.8,BTC-27SEP19,1559386747366,open,0.83,0.0,0.7915,0.871,0.83119609,110.5,None,0.0,BTC-27DEC19-1500-C,8554.18,0.0,0.1,0.1,0.991,0.5,500.0,1.07397,-0.28407,8.19837,0.0,0.99433
8554.18,index_price,1559386747365,open,0.18,57.0,0.144,0.2235,0.18379362,94.4,0.202,0,BTC-7JUN19-7000-C,8554.18,0.0,0.0005,3.0,0.193,0.1,143.79,0.96286,-7.73462,1.06685,9e-05,0.95854
8659.85,BTC-28JUN19,1559386747369,open,0.26,509.1,0.2225,0.302,0.26231112,90.99,0.232,0.0,BTC-28JUN19-6500-C,8554.18,0.0,0.249,0.1,0.2855,1.0,130.8,4.10351,-6.94639,4.0705,8e-05,0.90068
8554.18,index_price,1559386747366,open,0.0,14.0,0.0005,0.043,0.00314125,89.53,0.0055,0,BTC-14JUN19-6500-P,8554.18,82.04,0.002,30.0,0.004,1.0,94.21,1.46726,-5.10124,-0.13915,6e-05,-0.04297
8781.8,BTC-27SEP19,1559386747366,open,0.02,87.4,0.0005,0.0585,0.01791996,91.48,0.02,0.0,BTC-27DEC19-3500-P,8554.18,87.39,0.015,16.0,0.0205,6.0,94.86,6.51341,-1.42629,-3.25921,2e-05,-0.04693
8554.18,index_price,1559386747365,open,0.02,276.5,0.0005,0.0565,0.01602642,82.61,0.016,0,BTC-7JUN19-8000-P,8554.18,77.46,0.014,3.0,0.0165,1.0,83.8,3.40928,-23.96737,-0.35896,0.00035,-0.24465
8554.18,index_price,1559386747365,open,0.29,402.5,0.236,0.3385,0.28721778,100.21,0.32,0,BTC-7JUN19-11000-P,8554.18,0.0,0.0,0.0,0.3335,0.1,259.83,0.69302,-5.90985,-1.73427,6e-05,-0.97221
8554.18,index_price,1559386747365,open,0.08,103.7,0.041,0.1205,0.08074115,82.44,0.085,0,BTC-7JUN19-8000-C,8554.18,85.57,0.082,6.0,0.0885,6.0,101.2,3.40634,-23.89573,0.9295,0.00035,0.75574
8781.8,BTC-27SEP19,1559386747366,open,1.99,0.0,1.874,2.113,1.99346963,94.37,None,0.0,BTC-27DEC19-26000-P,8554.18,0.0,0.0055,10.0,2.8635,0.2,500.0,13.46833,-3.0424,-144.2901,3e-05,-0.87769
8781.8,BTC-27SEP19,1559386747366,open,0.44,54.9,0.3975,0.477,0.4374697,82.94,0.416,0.0,BTC-27DEC19-5500-C,8554.18,0.0,0.0065,1.0,0.982,5.0,500.0,15.11886,-3.00154,20.99912,4e-05,0.85532
8781.8,BTC-27SEP19,1559386747367,open,1.55,0.0,1.4485,1.652,1.55032093,91.47,None,0.0,BTC-27DEC19-22000-P,8554.18,0.0,0.0075,2.0,2.415,0.3,500.0,16.37785,-3.58624,-119.96148,4e-05,-0.83674
8781.8,BTC-27SEP19,1559386747366,open,0.07,63.3,0.0215,0.106,0.06381135,82.96,0.0795,0.0,BTC-27DEC19-5500-P,8554.18,81.32,0.061,16.0,0.065,0.1,83.65,15.12111,-3.00296,-10.47924,4e-05,-0.14471
8781.8,BTC-27SEP19,1559386747368,open,0.52,6.6,0.484,0.5635,0.52368504,86.44,0.498,0.0,BTC-27DEC19-4500-C,8554.18,0.0,0.26,1.4,0.984,1.0,500.0,10.66314,-2.20646,19.48447,3e-05,0.9114
8781.8,BTC-27SEP19,1559386747366,open,0.07,69.2,0.027,0.1065,0.06675454,88.39,0.0625,0.0,BTC-27DEC19-18000-C,8554.18,86.74,0.063,4.9,0.071,10.0,90.22,20.16877,-4.26723,8.20046,5e-05,0.22993
8781.8,BTC-27SEP19,1559386747366,open,0.57,27.1,0.5305,0.61,0.57033247,88.61,0.542,0.0,BTC-27DEC19-4000-C,8554.18,0.0,0.0195,0.1,0.714,0.2,200.05,8.49683,-1.80221,18.28951,2e-05,0.93427
