underlying_price,underlying_index,timestamp,state,settlement_price,open_interest,min_price,max_price,mark_price,mark_iv,last_price,interest_rate,instrument_name,index_price,bid_iv,best_bid_price,best_bid_amount,best_ask_price,best_ask_amount,ask_iv,vega,theta,rho,gamma,delta
247.13,index_price,1558004339991,open,0.03,59.0,0.021,0.105,0.063092,147.43,0.07,0,ETH-17MAY19-260-P,247.13,130.24,0.06,64.0,0.069,450.0,186.26,0.03866,-3.25459,-0.0048,0.0179,-0.74758
7858.76,index_price,1558004339996,open,0.0,0.0005,0.053,0.01302078,113.7,None,0,BTC-31MAY19-10500-C,7858.76,108.67,0.011,25.0,0.0165,25.0,121.62,3.27639,-12.52109,0.3605,0.00011,0.12557
247.13,index_price,1558004339996,open,0.01,677.0,0.001,0.066,0.025681,120.7,0.014,0,ETH-24MAY19-220-P,247.13,100.3,0.017,68.0,0.025,668.0,119.16,0.10976,-0.84107,-0.01354,0.0069,-0.22827
247.13,index_price,1558004340000,open,0.01,677.0,0.001,0.066,0.025681,120.7,0.014,0,ETH-24MAY19-220-P,247.13,100.3,0.017,68.0,0.025,665.0,119.16,0.10976,-0.84107,-0.01354,0.0069,-0.22827
247.13,index_price,1558004340004,open,0.0,269.0,0.001,0.04,0.000714,150.65,0.001,0,ETH-24MAY19-150-P,247.13,157.81,0.001,85.0,0.004,118.0,198.51,0.0088,-0.08414,-0.00052,0.00044,-0.00897
247.13,index_price,1558004340006,open,0.0,269.0,0.001,0.04,0.000714,150.65,0.001,0,ETH-24MAY19-150-P,247.13,157.81,0.001,85.0,0.004,117.0,198.51,0.0088,-0.08414,-0.00052,0.00044,-0.00897
253.3,ETH-28JUN19,1558004340024,open,0.04,1405.0,0.001,0.071,0.031876,117.46,0.04,0.0,ETH-28JUN19-400-C,247.13,112.87,0.028,60.0,0.039,60.0,125.13,0.22399,-0.30682,0.04264,0.00253,0.17525
253.3,ETH-28JUN19,1558004340030,open,0.12,949.0,0.058,0.137,0.097955,101.18,0.1,0.0,ETH-28JUN19-280-C,247.13,95.91,0.091,115.0,0.107,60.0,107.69,0.34404,-0.40594,0.10588,0.00451,0.45399
7949.89,BTC-27SEP19,1558004340129,open,0.0,1.4485,1.652,1.55002241,106.85,None,0.0,BTC-27SEP19-20000-P,7855.67,0.0,0.0,0.0,0.0,0.0,0.0,10.46514,-4.17643,-70.41283,4e-05,-0.86478
7949.89,BTC-27SEP19,1558004340129,open,0.0,1.685,1.908,1.7964277,109.86,None,0.0,BTC-27SEP19-22000-P,7855.67,0.0,0.0,0.0,0.0,0.0,0.0,9.38019,-3.84863,-78.16969,4e-05,-0.8844
7949.89,BTC-27SEP19,1558004340130,open,0.48,3.2,0.4415,0.5615,0.50153145,94.82,0.481,0.0,BTC-27SEP19-11000-P,7855.67,0.0,0.006,10.0,1.232,0.3,500.0,18.47759,-6.54329,-32.40067,8e-05,-0.60965
7855.67,index_price,1558004340129,open,0.0,0.0005,0.047,0.00702875,119.33,None,0,BTC-31MAY19-11500-C,7855.67,113.44,0.0055,25.0,0.01,35.0,129.09,2.17421,-8.72038,0.20778,7e-05,0.07193
7949.89,BTC-27SEP19,1558004340130,open,0.85,0.0,0.801,0.9505,0.8757215,92.2,None,0.0,BTC-27DEC19-14000-P,7855.67,0.0,0.006,10.0,1.696,0.2,500.0,22.79134,-4.67225,-75.3554,6e-05,-0.6628
7855.67,index_price,1558004340129,open,0.01,27.3,0.0005,0.0455,0.0055075,126.8,0.005,0,BTC-24MAY19-10500-C,7855.67,118.64,0.004,25.0,0.008,10.0,138.05,1.57499,-12.67852,0.11188,9e-05,0.07151
7936.41,BTC-28JUN19,1558004340131,open,0.02,355.1,0.0005,0.061,0.02026389,99.51,0.017,0.0,BTC-28JUN19-5500-P,7855.67,95.0,0.0175,20.0,0.0235,30.0,104.52,4.99464,-5.79607,-1.18111,7e-05,-0.10643
7855.67,index_price,1558004340130,open,0.03,69.6,0.0005,0.081,0.03955548,103.95,0.0345,0,BTC-24MAY19-7500-P,7855.67,92.79,0.0335,22.8,0.0415,2.8,107.52,4.28325,-28.26813,-0.6638,0.00031,-0.35206
7936.41,BTC-28JUN19,1558004340131,open,0.81,33.8,0.7715,0.851,0.81101342,141.65,0.7145,0.0,BTC-28JUN19-1500-C,7855.67,0.0,0.001,1.0,0.889,2.0,500.0,0.0127,-0.02098,1.76076,0.0,0.99988
7855.67,index_price,1558004340129,open,0.0,55.7,0.0005,0.04,4.389e-05,135.25,0.0005,0,BTC-17MAY19-9500-C,7855.67,0.0,0.0,0.0,0.001,9.0,197.77,0.02754,-0.34479,0.00042,1e-05,0.00229
7949.89,BTC-27SEP19,1558004340133,open,0.06,30.1,0.0125,0.092,0.05226616,100.6,0.0565,0.0,BTC-27SEP19-16000-C,7855.67,97.12,0.0465,20.4,0.0615,14.5,105.89,13.45977,-5.05726,4.29377,6e-05,0.19952
7855.67,index_price,1558004340130,open,0.01,3.6,0.0005,0.052,0.012241,115.42,0.0165,0,BTC-24MAY19-9500-C,7855.67,110.18,0.0105,20.0,0.0155,22.6,124.5,2.69095,-19.71747,0.23357,0.00018,0.15004
7949.89,BTC-27SEP19,1558004340133,open,0.82,42.8,0.773,0.8525,0.81260935,122.41,0.815,0.0,BTC-27SEP19-1500-C,7855.67,0.0,0.0,0.0,0.0,0.0,0.0,0.62026,-0.28356,5.336,0.0,0.99561
7949.89,BTC-27SEP19,1558004340133,open,0.09,170.6,0.0475,0.134,0.09074861,90.66,0.088,0.0,BTC-27SEP19-6000-P,7855.67,86.27,0.083,19.0,0.0965,19.0,93.89,14.0918,-4.77137,-8.93359,7e-05,-0.21563
7949.89,BTC-27SEP19,1558004340133,open,0.01,365.8,0.0005,0.0545,0.01416854,97.34,0.0105,0.0,BTC-27SEP19-3500-P,7855.67,89.6,0.01,15.0,0.017,5.4,102.0,4.63371,-1.68458,-1.75037,2e-05,-0.04586
7855.67,index_price,1558004340131,open,0.0,156.7,0.0005,0.04,0.0,134.86,0.001,0,BTC-17MAY19-5500-P,7855.67,0.0,0.0,0.0,0.0005,10.0,318.67,0.0,0.0,0.0,0.0,0.0
7949.89,BTC-27SEP19,1558004340134,open,0.8,0.0,0.757,0.9025,0.82969083,97.46,None,0.0,BTC-27SEP19-14000-P,7855.67,0.0,0.006,10.0,1.591,0.3,500.0,15.41181,-5.61,-45.96058,7e-05,-0.74652
7936.41,BTC-28JUN19,1558004340134,open,0.87,2.0,0.8235,0.975,0.89934314,109.32,2.658,0.0,BTC-28JUN19-15000-P,7855.67,0.0,0.0,0.0,1.3695,1.0,500.0,3.46173,-4.41326,-17.09816,4e-05,-0.93469
7855.67,index_price,1558004340130,open,0.03,90.3,0.0005,0.0655,0.02573507,110.08,0.037,0,BTC-24MAY19-8750-C,7855.67,105.5,0.0235,2.6,0.0295,20.0,117.6,3.87732,-27.09587,0.42921,0.00026,0.27895
7946.8,BTC-27SEP19,1558004340134,open,1.27,1.0,1.214,1.3975,1.30574507,103.19,1.5815,0.0,BTC-27SEP19-18000-P,7855.67,0.0,0.006,0.3,2.0735,0.3,499.51,11.69518,-4.50745,-62.55215,5e-05,-0.84031
7933.32,BTC-28JUN19,1558004340134,open,0.48,10.5,0.4305,0.51,0.47028237,111.77,0.2685,0.0,BTC-28JUN19-4250-C,7855.67,0.0,0.0315,0.5,0.7225,3.0,500.0,2.06719,-2.69445,4.61669,3e-05,0.96568
7946.8,BTC-27SEP19,1558004340135,open,0.38,2.1,0.3425,0.4535,0.39797063,92.36,0.3915,0.0,BTC-27SEP19-10000-P,7855.67,85.24,0.381,3.0,0.4205,3.0,101.73,19.03573,-6.5662,-27.69474,9e-05,-0.55219
7946.8,BTC-27SEP19,1558004340135,open,0.69,0.0,0.6475,0.7845,0.71609837,96.0,None,0.0,BTC-27SEP19-13000-P,7855.67,0.0,0.006,50.0,1.4705,0.3,499.44,16.45153,-5.89832,-41.59213,7e-05,-0.71086
7933.32,BTC-28JUN19,1558004340135,open,0.51,340.6,0.461,0.5405,0.50065406,116.19,0.0005,0.0,BTC-28JUN19-4000-C,7855.67,0.0,0.0605,4.1,0.6,0.1,302.23,1.72159,-2.3327,4.39706,2e-05,0.97249
7933.32,BTC-28JUN19,1558004340135,open,0.54,30.0,0.4915,0.571,0.53141734,121.94,0.298,0.0,BTC-28JUN19-3750-C,7855.67,0.0,0.0055,1.0,0.7985,3.0,500.0,1.46262,-2.07992,4.15568,2e-05,0.97735
7855.67,index_price,1558004340133,open,0.0,13.7,0.0005,0.04,0.00027255,134.9,0.0025,0,BTC-24MAY19-4750-P,7855.67,144.91,0.0005,2.6,0.0015,2.0,168.71,0.14194,-1.21566,-0.00753,1e-05,-0.00417
7946.8,BTC-27SEP19,1558004340136,open,0.53,238.5,0.4775,0.557,0.51714741,92.36,0.544,0.0,BTC-27SEP19-4000-C,7855.67,0.0,0.165,2.0,0.545,2.0,122.49,6.16845,-2.12772,12.15284,3e-05,0.93409
7855.67,index_price,1558004340134,open,0.0,107.3,0.0005,0.0405,0.00061104,134.89,0.001,0,BTC-24MAY19-5000-P,7855.67,131.46,0.0005,3.4,0.002,10.0,160.74,0.27161,-2.32605,-0.01574,2e-05,-0.00868
7855.67,index_price,1558004340130,open,0.0,0.353,0.4655,0.40920424,114.92,None,0,BTC-31MAY19-11000-P,7855.67,0.0,0.0,0.0,0.0,0.0,0.0,2.59473,-10.02242,-4.22064,9e-05,-0.90909
7855.67,index_price,1558004340134,open,0.22,15.0,0.1855,0.284,0.23480423,108.37,0.1805,0,BTC-31MAY19-9500-P,7855.67,0.0,0.002,1.1,0.0,0.0,0.0,4.74222,-17.27367,-3.23675,0.00017,-0.77617
7855.67,index_price,1558004340133,open,0.0,18.7,0.0005,0.041,0.00108906,132.09,0.001,0,BTC-24MAY19-5250-P,7855.67,0.0,0.0,0.0,0.002,10.0,145.55,0.43331,-3.63377,-0.02702,2e-05,-0.01485
7855.67,index_price,1558004340129,open,0.0,0.412,0.529,0.47036394,117.2,None,0,BTC-31MAY19-11500-P,7855.67,0.0,0.0,0.0,0.0,0.0,0.0,2.07734,-8.18332,-4.49049,7e-05,-0.93221
7946.8,BTC-27SEP19,1558004340133,open,1.3,0.0,1.246,1.4325,1.33929297,95.05,None,0.0,BTC-27DEC19-18000-P,7855.67,0.0,0.006,5.0,2.1905,0.2,498.65,19.16306,-4.04991,-103.0319,5e-05,-0.76511
7946.8,BTC-27SEP19,1558004340138,open,0.07,23.1,0.029,0.1085,0.06871112,97.53,0.0705,0.0,BTC-27SEP19-14000-C,7855.67,95.07,0.064,28.9,0.0765,28.9,101.48,15.40742,-5.61205,5.38687,7e-05,0.25353
7946.8,BTC-27SEP19,1558004340136,open,0.32,54.7,0.276,0.3555,0.31568681,87.24,0.2965,0.0,BTC-27DEC19-7000-C,7855.67,80.04,0.296,5.0,0.3245,5.0,90.48,21.6507,-4.1997,18.87114,6e-05,0.70113
7855.67,index_price,1558004340131,open,0.08,38.4,0.0485,0.1355,0.09193465,106.19,0.0685,0,BTC-24MAY19-8250-P,7855.67,88.6,0.082,15.0,0.0945,15.0,110.69,4.47711,-30.18376,-1.16146,0.00032,-0.59328
7946.8,BTC-27SEP19,1558004340131,open,1.07,0.0,1.0225,1.191,1.10673616,94.46,None,0.0,BTC-27DEC19-16000-P,7855.67,0.0,0.006,5.0,1.943,0.2,498.98,21.11433,-4.43437,-89.27805,6e-05,-0.71675
7946.8,BTC-27SEP19,1558004340133,open,0.01,178.6,0.0005,0.051,0.01070191,95.68,0.0085,0.0,BTC-27DEC19-2500-P,7855.67,88.7,0.0075,15.0,0.013,1.4,100.06,3.97444,-0.84553,-1.88121,1e-05,-0.02772
7946.8,BTC-27SEP19,1558004340131,open,0.42,56.9,0.371,0.4505,0.41099413,87.26,0.436,0.0,BTC-27DEC19-5500-C,7855.67,0.0,0.001,0.2,0.482,0.5,120.17,16.89864,-3.27862,19.56037,5e-05,0.81051
7855.67,index_price,1558004340130,open,0.0,0.2955,0.403,0.34910962,112.53,None,0,BTC-31MAY19-10500-P,7855.67,0.0,0.0,0.0,0.0,0.0,0.0,3.21516,-12.16109,-3.92775,0.00011,-0.8777
7855.67,index_price,1558004340136,open,0.0,256.4,0.0005,0.0455,0.00563034,116.94,0.0045,0,BTC-31MAY19-5500-P,7855.67,111.36,0.0045,25.0,0.0065,2.0,120.86,1.68129,-6.60866,-0.18374,6e-05,-0.05176
7855.67,index_price,1558004340137,open,0.5,9.0,0.4515,0.531,0.49142779,141.48,0.249,0,BTC-31MAY19-4000-C,7855.67,0.0,0.0155,0.2,0.0,0.0,0.0,0.2739,-1.30251,1.60869,1e-05,0.99389
7855.67,index_price,1558004340133,open,0.14,26.4,0.089,0.1685,0.12854433,106.15,0.1565,0,BTC-24MAY19-7000-C,7855.67,99.98,0.126,5.0,0.137,5.0,125.48,3.29565,-22.20952,1.12662,0.00023,0.7932
7855.67,index_price,1558004340135,open,0.2,303.8,0.1525,0.232,0.19241931,105.66,0.192,0,BTC-31MAY19-6500-C,7855.67,74.97,0.1795,0.5,0.203,0.5,125.9,3.85763,-13.70017,2.07351,0.00015,0.84007
7946.8,BTC-27SEP19,1558004340131,open,0.96,0.0,0.9075,1.066,0.9868252,91.96,None,0.0,BTC-27DEC19-15000-P,7855.67,0.0,0.006,10.0,1.8195,0.2,499.37,21.74631,-4.4464,-82.49882,6e-05,-0.6982
7855.67,index_price,1558004340132,open,0.2,0.0,0.1725,0.2695,0.22108311,114.02,None,0,BTC-24MAY19-9500-P,7855.67,0.0,0.0635,1.0,0.0,0.0,0.0,2.64976,-19.18035,-1.82126,0.00017,-0.85338
7855.67,index_price,1558004340134,open,0.0,138.5,0.0005,0.045,0.00528059,110.94,0.0055,0,BTC-24MAY19-6250-P,7855.67,103.91,0.004,2.0,0.006,13.7,114.52,1.52924,-10.77047,-0.12561,0.0001,-0.06882
7946.8,BTC-27SEP19,1558004340130,open,2.02,0.0,1.943,2.188,2.0654786,99.39,None,0.0,BTC-27DEC19-24000-P,7855.67,0.0,0.006,10.0,2.935,0.2,498.48,14.69102,-3.24669,-142.62975,4e-05,-0.84771
7946.8,BTC-27SEP19,1558004340130,open,0.12,184.9,0.086,0.176,0.13097134,87.12,0.104,0.0,BTC-27DEC19-6000-P,7855.67,83.1,0.1215,15.0,0.137,5.0,89.68,18.74356,-3.63087,-17.46609,6e-05,-0.22577
7946.8,BTC-27SEP19,1558004340136,open,0.63,1.2,0.5915,0.7235,0.65754242,90.65,0.6345,0.0,BTC-27DEC19-12000-P,7855.67,82.7,0.6335,3.0,0.685,3.0,99.57,24.27103,-4.89221,-61.00115,7e-05,-0.58839
7946.8,BTC-27SEP19,1558004340131,open,0.0,2.181,2.4455,2.31343037,101.88,None,0.0,BTC-27DEC19-26000-P,7855.67,0.0,0.0,0.0,0.0,0.0,0.0,13.85244,-3.13799,-155.39384,3e-05,-0.86046
7855.67,index_price,1558004340134,open,0.13,159.1,0.084,0.1635,0.12395684,102.95,0.155,0,BTC-31MAY19-7250-C,7855.67,99.5,0.1215,15.0,0.1345,15.0,117.59,5.61121,-19.41678,1.80559,0.00022,0.68792
7946.8,BTC-27SEP19,1558004340132,open,1.54,0.0,1.4765,1.682,1.57931424,96.84,None,0.0,BTC-27DEC19-20000-P,7855.67,0.0,0.006,5.0,2.4385,0.2,498.66,17.57242,-3.78373,-116.38875,5e-05,-0.7979
7855.67,index_price,1558004340133,open,0.0,88.8,0.0005,0.0425,0.00246541,121.44,0.0015,0,BTC-24MAY19-5750-P,7855.67,104.21,0.001,25.0,0.0035,12.8,130.07,0.84948,-6.54917,-0.06011,5e-05,-0.033
7946.8,BTC-27SEP19,1558004340130,open,1.78,0.0,1.71,1.935,1.82239771,98.68,None,0.0,BTC-27DEC19-22000-P,7855.67,0.0,0.006,10.0,2.687,0.3,499.04,16.18672,-3.55144,-129.52591,4e-05,-0.82314
7946.8,BTC-27SEP19,1558004340130,open,0.05,9.6,0.007,0.0865,0.04661068,100.05,0.05,0.0,BTC-27DEC19-24000-C,7855.67,97.8,0.0425,0.1,0.05,0.2,101.83,14.86936,-3.30771,5.31133,4e-05,0.15509
7855.67,index_price,1558004340137,open,0.38,80.9,0.3265,0.406,0.3664007,124.66,0.4,0,BTC-31MAY19-5000-C,7855.67,0.0,0.0705,0.7,0.404,10.0,251.13,0.99962,-4.18856,1.94093,3e-05,0.97264
7855.67,index_price,1558004340134,open,0.41,0.0,0.356,0.4355,0.3958515,145.28,0.2,0,BTC-24MAY19-4750-C,7855.67,0.0,0.0045,1.1,0.0,0.0,0.0,0.22105,-2.03879,1.01242,1e-05,0.99313
7855.67,index_price,1558004340130,open,0.01,61.4,0.0005,0.055,0.01447755,107.46,0.0135,0,BTC-31MAY19-6250-P,7855.67,103.79,0.013,25.0,0.015,3.1,108.73,3.21932,-11.6284,-0.43864,0.00012,-0.12253
7855.67,index_price,1558004340134,open,0.07,344.3,0.0135,0.093,0.05302763,124.99,0.052,0,BTC-17MAY19-7500-C,7855.67,102.51,0.05,5.0,0.059,5.0,163.9,1.12585,-80.34603,0.13786,0.00061,0.78448
7855.67,index_price,1558004340134,open,0.13,279.7,0.0705,0.15,0.11028168,142.63,0.1355,0,BTC-17MAY19-7000-C,7855.67,0.0,0.1085,5.0,0.118,5.0,235.59,0.37075,-30.19277,0.15903,0.00018,0.95407
7855.67,index_price,1558004340132,open,0.34,12.3,0.292,0.3715,0.33195568,329.02,0.271,0,BTC-17MAY19-5250-C,7855.67,0.0,0.002,2.1,0.428,0.1,500.0,0.05486,-10.30703,0.12498,1e-05,0.99508
7855.67,index_price,1558004340139,open,0.0,156.2,0.0005,0.0405,0.000521,135.22,0.002,0,BTC-17MAY19-9000-C,7855.67,150.37,0.001,49.0,0.002,9.3,171.55,0.1995,-4.0928,0.00399,0.0001,0.02168
7946.8,BTC-27SEP19,1558004340137,open,0.06,19.6,0.0155,0.095,0.05510211,99.22,0.064,0.0,BTC-27DEC19-22000-C,7855.67,95.4,0.0475,10.0,0.064,10.0,103.42,16.32706,-3.602,6.08043,4e-05,0.17929
7946.8,BTC-27SEP19,1558004340150,open,1.07,0.0,1.0225,1.191,1.10673616,94.46,None,0.0,BTC-27DEC19-16000-P,7855.67,0.0,0.006,5.0,1.944,0.2,500.0,21.11433,-4.43437,-89.27805,6e-05,-0.71675
7946.8,BTC-27SEP19,1558004340163,open,1.3,0.0,1.246,1.4325,1.33929297,95.05,None,0.0,BTC-27DEC19-18000-P,7855.67,0.0,0.006,5.0,2.1915,0.2,500.0,19.16306,-4.04991,-103.0319,5e-05,-0.76511
7946.8,BTC-27SEP19,1558004340164,open,0.69,0.0,0.6475,0.7845,0.71609837,96.0,None,0.0,BTC-27SEP19-13000-P,7855.67,0.0,0.006,50.0,1.4715,0.3,500.0,16.45153,-5.89832,-41.59213,7e-05,-0.71086
7946.8,BTC-27SEP19,1558004340170,open,1.27,1.0,1.214,1.3975,1.30574507,103.19,1.5815,0.0,BTC-27SEP19-18000-P,7855.67,0.0,0.006,0.3,2.0745,0.3,500.0,11.69518,-4.50745,-62.55215,5e-05,-0.84031
7946.8,BTC-27SEP19,1558004340179,open,0.74,0.0,0.694,0.8345,0.76428315,91.04,None,0.0,BTC-27DEC19-13000-P,7855.67,0.0,0.006,10.0,1.573,0.3,500.0,23.55391,-4.76764,-68.25783,7e-05,-0.62987
7946.8,BTC-27SEP19,1558004340211,open,1.78,0.0,1.71,1.935,1.82239771,98.68,None,0.0,BTC-27DEC19-22000-P,7855.67,0.0,0.006,10.0,2.688,0.3,500.0,16.18672,-3.55144,-129.52591,4e-05,-0.82314
7946.8,BTC-27SEP19,1558004340226,open,0.96,0.0,0.9075,1.066,0.9868252,91.96,None,0.0,BTC-27DEC19-15000-P,7855.67,0.0,0.006,10.0,1.82,0.2,500.0,21.74631,-4.4464,-82.49882,6e-05,-0.6982
7855.67,index_price,1558004340227,open,0.02,79.2,0.0005,0.074,0.03300325,114.83,0.022,0,BTC-17MAY19-8000-P,7855.67,73.53,0.0255,15.0,0.0325,1.0,112.13,1.46944,-96.34247,-0.12236,0.00086,-0.61622
7946.8,BTC-27SEP19,1558004340228,open,1.54,0.0,1.4765,1.682,1.57931424,96.84,None,0.0,BTC-27DEC19-20000-P,7855.67,0.0,0.006,5.0,2.4395,0.2,500.0,17.57242,-3.78373,-116.38875,5e-05,-0.7979
7946.8,BTC-27SEP19,1558004340231,open,2.02,0.0,1.943,2.188,2.0654786,99.39,None,0.0,BTC-27DEC19-24000-P,7855.67,0.0,0.006,10.0,2.9365,0.2,500.0,14.69102,-3.24669,-142.62975,4e-05,-0.84771
7946.8,BTC-27SEP19,1558004340236,open,0.53,238.5,0.4775,0.557,0.51714741,92.36,0.544,0.0,BTC-27SEP19-4000-C,7855.67,0.0,0.165,2.0,0.5445,2.0,122.01,6.16845,-2.12772,12.15284,3e-05,0.93409
7946.8,BTC-27SEP19,1558004340251,open,0.55,0.0,0.505,0.5845,0.54466573,93.91,None,0.0,BTC-27SEP19-3750-C,7855.67,0.0,0.003,1.0,0.578,2.0,133.1,5.29678,-1.85771,11.69031,2e-05,0.94574
7855.67,index_price,1558004340258,open,0.16,203.3,0.1045,0.184,0.14444445,103.0,0.146,0,BTC-31MAY19-7000-C,7855.67,99.99,0.1425,5.0,0.1505,1.0,112.23,5.09338,-17.63416,1.92246,0.0002,0.74491
253.29,ETH-28JUN19,1558004340270,open,0.02,3880.0,0.001,0.056,0.01692,129.92,0.013,0.0,ETH-28JUN19-500-C,247.13,122.75,0.013,137.0,0.024,20.0,141.0,0.14788,-0.22406,0.02353,0.00151,0.09602
253.29,ETH-28JUN19,1558004340272,open,0.03,2318.0,0.003,0.085,0.044005,100.06,0.023,0.0,ETH-28JUN19-200-P,247.13,85.76,0.031,177.0,0.043,60.0,98.99,0.23921,-0.27912,-0.07106,0.00317,-0.19482
253.29,ETH-28JUN19,1558004340282,open,0.0,9747.0,0.001,0.043,0.00329,105.67,0.003,0.0,ETH-28JUN19-130-P,247.13,87.85,0.001,100.0,0.005,121.0,114.18,0.04477,-0.05517,-0.00739,0.00056,-0.02155
253.29,ETH-28JUN19,1558004340288,open,0.08,972.0,0.022,0.101,0.061473,104.43,0.085,0.0,ETH-28JUN19-320-C,247.13,96.42,0.052,109.0,0.069,60.0,110.4,0.30949,-0.37689,0.07618,0.00393,0.31766
247.13,index_price,1558004340299,open,0.0,615.0,0.001,0.043,0.003279,130.04,0.002,0,ETH-24MAY19-180-P,247.13,105.64,0.001,61.0,0.002,54.0,118.44,0.03106,-0.25641,-0.00229,0.00181,-0.03965
253.29,ETH-28JUN19,1558004340325,open,0.0,9841.0,0.001,0.044,0.004296,100.06,0.006,0.0,ETH-28JUN19-140-P,247.13,78.94,0.001,386.0,0.006,94.0,106.94,0.05692,-0.06642,-0.00982,0.00075,-0.02869
247.13,index_price,1558004340331,open,0.02,1425.0,0.001,0.08,0.039036,120.7,0.026,0,ETH-24MAY19-230-P,247.13,101.05,0.029,67.0,0.038,71.0,118.7,0.1282,-0.98232,-0.01865,0.00806,-0.31072
247.13,index_price,1558004340348,open,0.06,534.0,0.001,0.078,0.03865,124.44,0.045,0,ETH-24MAY19-270-C,247.13,121.39,0.037,68.0,0.047,66.0,139.64,0.13407,-1.05916,0.01645,0.00818,0.34723
7855.67,index_price,1558004340354,open,0.03,69.6,0.0005,0.081,0.03955548,103.95,0.0345,0,BTC-24MAY19-7500-P,7855.67,92.79,0.0335,32.8,0.0415,2.8,107.52,4.28325,-28.26813,-0.6638,0.00031,-0.35206
247.13,index_price,1558004340353,open,0.06,534.0,0.001,0.078,0.03865,124.44,0.045,0,ETH-24MAY19-270-C,247.13,121.39,0.037,68.0,0.046,61.0,137.84,0.13407,-1.05916,0.01645,0.00818,0.34723
7855.67,index_price,1558004340356,open,0.01,37.2,0.0005,0.048,0.00810097,121.23,0.0145,0,BTC-24MAY19-10000-C,7855.67,114.83,0.0065,25.0,0.011,35.0,131.49,2.065,-15.89339,0.16037,0.00013,0.10271
253.3,ETH-28JUN19,1558004340376,open,0.02,3096.0,0.001,0.074,0.033051,100.07,0.017,0.0,ETH-28JUN19-190-P,247.13,81.6,0.019,60.0,0.032,600.0,98.77,0.20798,-0.2427,-0.05633,0.00276,-0.15627
7855.67,index_price,1558004340370,open,0.01,7.0,0.0005,0.0465,0.00673242,124.37,0.005,0,BTC-24MAY19-10250-C,7855.67,116.31,0.005,25.0,0.0095,35.0,135.36,1.8137,-14.32089,0.13461,0.00011,0.08614
253.3,ETH-28JUN19,1558004340382,open,0.0,7229.0,0.001,0.047,0.007179,100.06,0.008,0.0,ETH-28JUN19-150-P,247.13,70.62,0.001,171.0,0.008,660.0,102.53,0.08176,-0.09541,-0.01542,0.00108,-0.04464
7936.41,BTC-28JUN19,1558004340383,open,0.03,234.1,0.0005,0.073,0.03212733,97.13,0.031,0.0,BTC-28JUN19-6000-P,7855.67,93.28,0.029,34.9,0.0355,5.1,101.17,6.538,-7.40545,-1.76364,9e-05,-0.15705
253.3,ETH-28JUN19,1558004340388,open,0.09,2105.0,0.04,0.119,0.07956,104.29,0.083,0.0,ETH-28JUN19-300-C,247.13,98.49,0.072,60.0,0.087,110.0,109.96,0.33163,-0.40333,0.09063,0.00422,0.38413
7936.41,BTC-28JUN19,1558004340407,open,0.07,74.0,0.0295,0.115,0.07213381,95.5,0.07,0.0,BTC-28JUN19-7000-P,7855.67,91.13,0.067,14.7,0.0775,19.4,100.05,9.34255,-10.40486,-3.39573,0.00013,-0.29211
7946.8,BTC-27SEP19,1558004340422,open,0.19,18.0,0.1485,0.244,0.19618995,87.11,0.18,0.0,BTC-27DEC19-7000-P,7855.67,83.19,0.1855,15.0,0.204,15.0,89.98,21.65337,-4.19395,-24.24232,6e-05,-0.29895
247.13,index_price,1558004340541,open,0.12,0.0,0.119,0.211,0.164721,129.77,None,0,ETH-24MAY19-280-P,247.13,0.0,0.133,450.0,0.165,450.0,131.39,0.12382,-1.02015,-0.04673,0.00724,-0.71218
247.13,index_price,1558004340543,open,0.08,0.0,0.09,0.179,0.13447,135.09,None,0,ETH-17MAY19-280-P,247.13,0.0,0.116,150.0,0.137,150.0,188.48,0.00866,-0.66779,-0.00653,0.00437,-0.96814
259.35,ETH-27SEP19,1558004340548,open,0.12,1312.0,0.072,0.151,0.111097,104.06,0.126,0.0,ETH-27SEP19-400-C,247.13,99.55,0.101,100.0,0.126,120.0,110.61,0.58464,-0.22722,0.23184,0.00228,0.3548
247.13,index_price,1558004340556,open,0.15,100.0,0.166,0.262,0.214045,0.0,0.177,0,ETH-17MAY19-300-P,247.13,0.0,0.194,150.0,0.215,150.0,203.06,0.0,0.0,-0.0072,0.0,-1.0
247.13,index_price,1558004340596,open,0.09,446.0,0.026,0.105,0.065391,120.7,0.074,0,ETH-24MAY19-250-C,247.13,118.32,0.064,1.0,0.085,450.0,154.19,0.14478,-1.1094,0.02368,0.0091,0.50938
247.13,index_price,1558004340622,open,0.0,845.0,0.001,0.04,4e-05,150.65,0.001,0,ETH-17MAY19-200-P,247.13,0.0,0.0,0.0,0.001,107.0,223.58,0.00071,-0.00993,-1e-05,0.00032,-0.00184
247.13,index_price,1558004340634,open,0.01,415.0,0.001,0.057,0.016814,150.54,0.02,0,ETH-17MAY19-240-P,247.13,140.28,0.015,70.0,0.02,70.0,168.31,0.04395,-3.77782,-0.00207,0.01993,-0.33218
247.13,index_price,1558004340639,open,0.01,415.0,0.001,0.057,0.016814,150.54,0.02,0,ETH-17MAY19-240-P,247.13,140.28,0.015,70.0,0.02,71.0,168.31,0.04395,-3.77782,-0.00207,0.01993,-0.33218
247.13,index_price,1558004340644,open,0.01,448.0,0.001,0.077,0.035749,150.54,0.027,0,ETH-17MAY19-250-P,247.13,141.52,0.034,70.0,0.039,69.0,167.28,0.04795,-4.12112,-0.00346,0.02174,-0.54765
247.13,index_price,1558004340648,open,0.01,448.0,0.001,0.077,0.035749,150.54,0.027,0,ETH-17MAY19-250-P,247.13,141.52,0.034,70.0,0.039,57.0,167.28,0.04795,-4.12112,-0.00346,0.02174,-0.54765
247.13,index_price,1558004340649,open,0.12,395.0,0.036,0.115,0.075536,150.54,0.138,0,ETH-17MAY19-230-C,247.13,115.93,0.072,150.0,0.09,150.0,252.16,0.02896,-2.48958,0.00456,0.01313,0.84402
253.3,ETH-28JUN19,1558004340654,open,0.04,1736.0,0.015,0.099,0.056946,100.07,0.033,0.0,ETH-28JUN19-210-P,247.13,88.55,0.045,117.0,0.056,60.0,99.16,0.26763,-0.31231,-0.08727,0.00355,-0.23635
247.13,index_price,1558004340654,open,0.2,1135.0,0.111,0.19,0.150571,150.65,0.221,0,ETH-17MAY19-210-C,247.13,0.0,0.149,152.0,0.166,150.0,361.31,0.0039,-0.33555,0.00496,0.00177,0.98756
247.13,index_price,1558004340665,open,0.02,1203.0,0.001,0.044,0.004322,150.57,0.013,0,ETH-17MAY19-270-C,247.13,183.08,0.008,45.0,0.013,600.0,219.82,0.02455,-1.0682,0.0007,0.01113,0.12238
247.13,index_price,1558004340672,open,0.01,40.0,0.001,0.041,0.001463,150.65,0.024,0,ETH-17MAY19-280-C,247.13,175.74,0.003,96.0,0.009,750.0,237.99,0.01227,-0.36154,0.00028,0.00556,0.04892
247.13,index_price,1558004340686,open,0.02,162.0,0.001,0.051,0.011792,140.52,0.016,0,ETH-24MAY19-320-C,247.13,130.76,0.009,72.0,0.016,67.0,153.52,0.07487,-0.66794,0.00606,0.00404,0.12534
247.13,index_price,1558004340697,open,0.02,162.0,0.001,0.051,0.011792,140.52,0.016,0,ETH-24MAY19-320-C,247.13,130.76,0.009,72.0,0.016,72.0,153.52,0.07487,-0.66794,0.00606,0.00404,0.12534
247.13,index_price,1558004340704,open,0.0,1095.0,0.001,0.041,0.001654,150.65,0.001,0,ETH-24MAY19-160-P,247.13,139.49,0.001,73.0,0.004,77.0,176.41,0.01681,-0.16081,-0.0011,0.00085,-0.01898
253.3,ETH-28JUN19,1558004340707,open,0.08,4009.0,0.064,0.152,0.107935,99.85,0.11,0.0,ETH-28JUN19-240-P,247.13,92.39,0.098,117.0,0.114,60.0,104.74,0.32813,-0.38209,-0.14248,0.00436,-0.37119
247.13,index_price,1558004340708,open,0.0,1095.0,0.001,0.041,0.001654,150.65,0.001,0,ETH-24MAY19-160-P,247.13,139.49,0.001,73.0,0.004,75.0,176.41,0.01681,-0.16081,-0.0011,0.00085,-0.01898
247.13,index_price,1558004340712,open,0.23,376.0,0.151,0.23,0.19075,150.65,0.196,0,ETH-17MAY19-200-C,247.13,0.0,0.189,152.0,0.206,150.0,427.13,0.00071,-0.06119,0.00479,0.00032,0.99816
253.3,ETH-28JUN19,1558004340715,open,0.0,2026.0,0.001,0.041,0.00172,142.12,0.001,0.0,ETH-28JUN19-90-P,247.13,0.0,0.0,0.0,0.003,234.0,154.96,0.02099,-0.03479,-0.00317,0.0002,-0.00895
247.13,index_price,1558004340730,open,0.11,50.0,0.127,0.22,0.173899,0.0,0.123,0,ETH-17MAY19-290-P,247.13,0.0,0.155,150.0,0.175,150.0,185.03,0.0,0.0,-0.00696,0.0,-1.0
247.13,index_price,1558004340735,open,0.2,148.0,0.127,0.206,0.166077,120.7,0.199,0,ETH-24MAY19-210-C,247.13,95.16,0.158,150.0,0.185,150.0,168.29,0.08723,-0.6684,0.0361,0.00548,0.84302
259.35,ETH-27SEP19,1558004340762,open,0.3,35.0,0.284,0.39,0.336977,97.89,0.279,0.0,ETH-27SEP19-300-P,247.13,87.11,0.311,90.0,0.373,90.0,112.84,0.62581,-0.2288,-0.77696,0.00259,-0.47973
7946.89,BTC-27SEP19,1558004340903,open,0.0,1.4485,1.652,1.55002241,106.16,None,0.0,BTC-27SEP19-20000-P,7855.67,0.0,0.0,0.0,0.0,0.0,0.0,10.32227,-4.09253,-70.46218,4e-05,-0.86739
253.3,ETH-28JUN19,1558004340965,open,0.01,4448.0,0.001,0.051,0.011283,100.06,0.01,0.0,ETH-28JUN19-160-P,247.13,69.9,0.002,50.0,0.011,697.0,99.41,0.11059,-0.12905,-0.02282,0.00147,-0.06539
247.13,index_price,1558004340973,open,0.01,535.0,0.001,0.056,0.015832,120.7,0.007,0,ETH-24MAY19-210-P,247.13,99.58,0.009,55.0,0.015,750.0,118.32,0.08723,-0.6684,-0.00922,0.00548,-0.15698
247.13,index_price,1558004340978,open,0.0,712.0,0.001,0.041,0.001712,150.65,0.001,0,ETH-17MAY19-220-P,247.13,135.32,0.001,91.0,0.004,80.0,184.63,0.01315,-0.42297,-0.00033,0.00596,-0.05339
247.13,index_price,1558004340979,open,0.0,712.0,0.001,0.041,0.001712,150.65,0.001,0,ETH-17MAY19-220-P,247.13,135.32,0.001,91.0,0.004,77.0,184.63,0.01315,-0.42297,-0.00033,0.00596,-0.05339
253.3,ETH-28JUN19,1558004340985,open,0.02,3096.0,0.001,0.074,0.033051,100.07,0.017,0.0,ETH-28JUN19-190-P,247.13,81.6,0.019,165.0,0.032,600.0,98.77,0.20798,-0.2427,-0.05633,0.00276,-0.15627
253.3,ETH-28JUN19,1558004340990,open,0.0,3083.0,0.001,0.042,0.002414,135.48,0.001,0.0,ETH-28JUN19-100-P,247.13,0.0,0.0,0.0,0.005,143.0,153.51,0.02857,-0.04514,-0.00451,0.00028,-0.01275
247.13,index_price,1558004341006,open,0.03,1470.0,0.001,0.059,0.019624,136.72,0.019,0,ETH-24MAY19-300-C,247.13,132.64,0.018,15.0,0.024,72.0,147.22,0.09963,-0.86479,0.00927,0.00553,0.19354
7936.41,BTC-28JUN19,1558004341011,open,0.24,519.8,0.1905,0.27,0.23009299,95.8,0.227,0.0,BTC-28JUN19-6500-C,7855.67,87.69,0.222,4.6,0.236,6.9,101.56,8.05355,-8.99703,5.12683,0.00011,0.78002
7936.41,BTC-28JUN19,1558004341024,open,0.24,519.8,0.1905,0.27,0.23009299,95.8,0.227,0.0,BTC-28JUN19-6500-C,7855.67,87.69,0.222,4.6,0.236,6.8,101.56,8.05355,-8.99703,5.12683,0.00011,0.78002
7855.67,index_price,1558004341036,open,0.01,251.1,0.0005,0.0565,0.01626894,115.19,0.016,0,BTC-17MAY19-7750-P,7855.67,108.44,0.015,2.4,0.0185,24.0,126.99,1.48081,-97.39081,-0.07737,0.00087,-0.39426
7855.67,index_price,1558004341038,open,0.01,251.1,0.0005,0.0565,0.01626894,115.19,0.016,0,BTC-17MAY19-7750-P,7855.67,108.44,0.015,2.4,0.0185,23.8,126.99,1.48081,-97.39081,-0.07737,0.00087,-0.39426
7946.89,BTC-27SEP19,1558004341043,open,0.0,1.685,1.908,1.7964277,108.99,None,0.0,BTC-27SEP19-22000-P,7855.67,0.0,0.0,0.0,0.0,0.0,0.0,9.20481,-3.7469,-78.22656,4e-05,-0.88736
7946.8,BTC-27SEP19,1558004341062,open,0.19,18.0,0.1485,0.244,0.19618995,87.11,0.18,0.0,BTC-27DEC19-7000-P,7855.67,83.19,0.1855,5.0,0.204,15.0,89.98,21.65337,-4.19395,-24.24232,6e-05,-0.29895
7855.67,index_price,1558004341064,open,0.03,69.6,0.0005,0.081,0.03955548,103.95,0.0345,0,BTC-24MAY19-7500-P,7855.67,92.79,0.0335,22.8,0.0415,2.8,107.52,4.28325,-28.26813,-0.6638,0.00031,-0.35206
7946.89,BTC-27SEP19,1558004341129,open,0.0,0.0005,0.069,0.02909124,109.88,None,0.0,BTC-27SEP19-22000-C,7855.46,106.28,0.025,5.0,0.0385,5.0,117.31,9.37512,-3.84744,2.52086,4e-05,0.11558
7946.89,BTC-27SEP19,1558004341129,open,0.0,1.449,1.653,1.55096203,106.88,None,0.0,BTC-27SEP19-20000-P,7855.46,0.0,0.0,0.0,0.0,0.0,0.0,10.45848,-4.17461,-70.41513,4e-05,-0.86483
7946.89,BTC-27SEP19,1558004341129,open,0.0,1.686,1.909,1.79747079,109.88,None,0.0,BTC-27SEP19-22000-P,7855.46,0.0,0.0,0.0,0.0,0.0,0.0,9.37528,-3.84754,-78.17128,4e-05,-0.88442
7946.89,BTC-27SEP19,1558004341129,open,0.0,0.0005,0.074,0.03425309,106.87,None,0.0,BTC-27SEP19-20000-C,7855.46,103.13,0.0295,5.0,0.044,5.0,113.85,10.45832,-4.17451,2.94136,4e-05,0.13516
7946.89,BTC-27SEP19,1558004341129,open,0.58,6.1,0.5445,0.6725,0.60835125,96.07,1.781,0.0,BTC-27SEP19-12000-P,7855.46,0.0,0.01,10.0,1.351,0.3,499.74,17.59818,-6.31399,-37.02305,8e-05,-0.66183
7933.2,BTC-28JUN19,1558004341129,open,0.63,0.8,0.5905,0.7225,0.65665936,105.35,2.171,0.0,BTC-28JUN19-13000-P,7855.46,0.0,0.07,1.0,1.1475,1.0,500.0,5.36025,-6.58521,-14.34292,7e-05,-0.88245
7933.2,BTC-28JUN19,1558004341129,open,0.4,5.7,0.366,0.4795,0.42281801,99.87,1.142,0.0,BTC-28JUN19-11000-P,7855.46,0.0,0.0,0.0,0.929,1.0,499.54,7.97926,-9.29345,-11.24049,0.00011,-0.78338
7933.2,BTC-28JUN19,1558004341129,open,1.48,0.4,1.4225,1.624,1.52309095,115.52,5.076,0.0,BTC-28JUN19-20000-P,7855.46,0.0,0.0,0.0,1.94,2.0,499.55,1.10439,-1.48773,-23.36087,1e-05,-0.98372
7855.46,index_price,1558004341129,open,0.0,0.4125,0.5295,0.47091423,119.1,None,0,BTC-31MAY19-11500-P,7855.46,0.0,0.0,0.0,0.0,0.0,0.0,2.1635,-8.6609,-4.48036,7e-05,-0.92853
7933.2,BTC-28JUN19,1558004341130,open,0.01,682.1,0.0005,0.053,0.01275613,103.74,0.009,0.0,BTC-28JUN19-5000-P,7855.46,97.42,0.01,39.0,0.015,30.0,108.44,3.64897,-4.41432,-0.77079,5e-05,-0.06996
7946.89,BTC-27SEP19,1558004341130,open,0.02,47.8,0.0005,0.057,0.01635844,93.61,0.0165,0.0,BTC-27SEP19-3750-P,7855.46,89.12,0.0135,15.0,0.017,4.0,94.57,5.26915,-1.84226,-2.04793,2e-05,-0.0539
7932.99,BTC-28JUN19,1558004341130,open,0.69,24.4,0.646,0.7255,0.68551046,138.72,0.5115,0.0,BTC-28JUN19-2500-C,7855.46,0.0,0.0015,1.0,0.8435,1.0,500.0,0.30997,-0.50144,2.89492,0.0,0.99617
7932.99,BTC-28JUN19,1558004341130,open,0.01,273.9,0.0005,0.05,0.0098911,105.9,0.007,0.0,BTC-28JUN19-4750-P,7855.46,99.25,0.0075,20.0,0.0115,10.0,109.95,3.04247,-3.75751,-0.60854,4e-05,-0.05541
7946.89,BTC-27SEP19,1558004341130,open,0.04,71.2,0.002,0.0815,0.04159285,103.81,0.044,0.0,BTC-27SEP19-18000-C,7855.46,99.93,0.036,4.0,0.05,14.9,109.25,11.80741,-4.57782,3.51076,5e-05,0.16204
7946.89,BTC-27SEP19,1558004341131,open,1.03,0.0,0.9825,1.147,1.06487107,100.18,None,0.0,BTC-27SEP19-16000-P,7855.46,0.0,0.006,10.0,1.8315,0.2,499.42,13.37882,-5.00595,-54.42517,6e-05,-0.80234
7946.89,BTC-27SEP19,1558004341130,open,0.09,66.0,0.041,0.1205,0.08089738,96.32,0.0775,0.0,BTC-27SEP19-13000-C,7855.46,93.94,0.076,28.6,0.0895,28.6,100.42,16.48701,-5.93111,6.10854,7e-05,0.29047
7932.99,BTC-28JUN19,1558004341131,open,0.52,10.0,0.477,0.5995,0.53826249,103.11,1.243,0.0,BTC-28JUN19-12000-P,7855.46,0.0,0.0,0.0,1.0375,1.0,499.79,6.61522,-7.95407,-12.84369,9e-05,-0.84001
7855.46,index_price,1558004341128,open,0.29,0.0,0.2595,0.3635,0.31149141,124.09,None,0,BTC-24MAY19-10250-P,7855.46,0.0,0.003,1.0,0.0,0.0,0.0,1.80475,-14.21844,-2.07791,0.00011,-0.91442
7946.89,BTC-27SEP19,1558004341131,open,0.92,0.0,0.869,1.024,0.94659494,98.79,None,0.0,BTC-27SEP19-15000-P,7855.46,0.0,0.006,10.0,1.711,0.3,499.52,14.35529,-5.29654,-50.24379,6e-05,-0.77716
7932.99,BTC-28JUN19,1558004341131,open,0.01,340.6,0.0005,0.049,0.00948151,109.75,0.011,0.0,BTC-28JUN19-15000-C,7855.46,104.95,0.0075,20.0,0.0115,4.5,114.09,3.49249,-4.46977,0.52759,4e-05,0.0661
7946.89,BTC-27SEP19,1558004341132,open,1.27,1.0,1.2145,1.3985,1.3066087,103.79,1.5815,0.0,BTC-27SEP19-18000-P,7855.46,0.0,0.006,0.3,2.0745,0.3,500.0,11.80483,-4.57619,-62.5111,5e-05,-0.83801
7932.99,BTC-28JUN19,1558004341132,open,0.3,42.9,0.2635,0.3685,0.31601077,98.86,0.3035,0.0,BTC-28JUN19-10000-P,7855.46,0.0,0.001,1.0,0.8225,1.0,499.65,9.50478,-10.95788,-9.43403,0.00013,-0.69637
7932.99,BTC-28JUN19,1558004341134,open,0.0,756.7,0.0005,0.043,0.00305986,121.86,0.002,0.0,BTC-28JUN19-20000-C,7855.46,115.23,0.002,4.0,0.004,1.0,126.55,1.45289,-2.06471,0.18091,2e-05,0.02247
7946.89,BTC-27SEP19,1558004341134,open,0.12,718.7,0.078,0.1575,0.11788026,94.87,0.118,0.0,BTC-27SEP19-11000-C,7855.46,93.84,0.1155,10.0,0.123,15.0,97.06,18.46959,-6.54398,7.93975,8e-05,0.39028
7946.89,BTC-27SEP19,1558004341133,open,0.03,1018.1,0.0005,0.066,0.02525322,91.14,0.027,0.0,BTC-27SEP19-4250-P,7855.46,88.58,0.023,21.0,0.0255,4.0,91.42,7.10737,-2.41937,-3.04737,3e-05,-0.0793
7946.68,BTC-27SEP19,1558004341132,open,0.69,0.0,0.6485,0.785,0.7166945,96.27,None,0.0,BTC-27SEP19-13000-P,7855.46,0.0,0.006,50.0,1.4715,0.3,500.0,16.48096,-5.92594,-41.57645,7e-05,-0.70974
7855.46,index_price,1558004341129,open,0.12,37.7,0.0905,0.1805,0.13550144,105.8,0.128,0,BTC-31MAY19-8500-P,7855.46,90.21,0.1235,15.0,0.135,0.4,105.15,6.11253,-21.73686,-2.36592,0.00023,-0.6035
7946.68,BTC-27SEP19,1558004341131,open,1.78,0.0,1.711,1.936,1.82346224,99.18,None,0.0,BTC-27DEC19-22000-P,7855.46,0.0,0.006,10.0,2.688,0.3,500.0,16.31532,-3.59783,-129.46652,4e-05,-0.82091
7946.68,BTC-27SEP19,1558004341134,open,0.8,0.0,0.757,0.9025,0.82973686,97.16,None,0.0,BTC-27SEP19-14000-P,7855.46,0.0,0.006,10.0,1.591,0.3,499.84,15.35823,-5.57299,-45.98643,7e-05,-0.748
7946.68,BTC-27SEP19,1558004341131,open,1.07,0.0,1.0235,1.1915,1.10747034,94.72,None,0.0,BTC-27DEC19-16000-P,7855.46,0.0,0.006,5.0,1.944,0.2,500.0,21.15833,-4.45611,-89.25176,6e-05,-0.71551
7932.99,BTC-28JUN19,1558004341136,open,0.01,235.1,0.0005,0.0455,0.00576036,110.84,0.0025,0.0,BTC-28JUN19-4250-P,7855.46,103.24,0.004,20.0,0.007,14.6,115.45,2.02257,-2.61443,-0.3651,2e-05,-0.03342
7946.68,BTC-27SEP19,1558004341135,open,0.76,28.2,0.7115,0.791,0.75121937,114.49,0.755,0.0,BTC-27SEP19-2000-C,7855.46,0.0,0.006,5.0,0.753,1.0,124.19,1.25318,-0.53587,6.96742,0.0,0.99026
7855.46,index_price,1558004341129,open,0.26,0.0,0.23,0.332,0.28102987,120.97,None,0,BTC-24MAY19-10000-P,7855.46,0.0,0.003,1.0,0.0,0.0,0.0,2.05641,-15.79319,-1.99823,0.00013,-0.89787
7946.68,BTC-27SEP19,1558004341129,open,0.0,2.1825,2.447,2.31470756,102.58,None,0.0,BTC-27DEC19-26000-P,7855.46,0.0,0.0,0.0,0.0,0.0,0.0,14.04507,-3.20349,-155.31334,4e-05,-0.85759
7946.68,BTC-27SEP19,1558004341137,open,0.0,1669.1,0.0005,0.041,0.00129087,122.37,0.0005,0.0,BTC-27SEP19-1500-P,7855.46,0.0,0.0,0.0,0.0025,83.5,134.67,0.62006,-0.28339,-0.16568,0.0,-0.00439
7855.46,index_price,1558004341129,open,0.01,105.4,0.0005,0.043,0.0030343,125.68,0.0035,0,BTC-17MAY19-8500-C,7855.46,125.3,0.003,2.2,0.0055,2.7,149.78,0.7026,-23.83582,0.01933,0.00038,0.10561
7855.46,index_price,1558004341131,open,0.35,119.4,0.296,0.3755,0.33593021,121.91,0.33,0,BTC-31MAY19-5250-C,7855.46,0.0,0.0705,0.4,0.459,1.1,403.44,1.34335,-5.50452,2.00064,4e-05,0.96083
7946.68,BTC-27SEP19,1558004341132,open,1.54,0.0,1.4775,1.6835,1.58030668,97.27,None,0.0,BTC-27DEC19-20000-P,7855.46,0.0,0.006,5.0,2.4395,0.2,500.0,17.67547,-3.82287,-116.33796,5e-05,-0.79591
7946.68,BTC-27SEP19,1558004341130,open,0.02,95.9,0.0005,0.0585,0.01792748,92.75,0.021,0.0,BTC-27DEC19-3000-P,7855.46,87.12,0.014,10.0,0.0215,5.0,97.42,5.84594,-1.20563,-3.05021,2e-05,-0.04437
7855.46,index_price,1558004341132,open,0.38,3.0,0.324,0.4035,0.36351705,283.8,0.2015,0,BTC-17MAY19-5000-C,7855.46,0.0,0.002,1.1,0.0,0.0,0.0,0.00621,-1.00706,0.11987,0.0,0.99955
7946.68,BTC-27SEP19,1558004341131,open,0.96,0.0,0.9085,1.067,0.98750365,92.2,None,0.0,BTC-27DEC19-15000-P,7855.46,0.0,0.006,10.0,1.82,0.2,500.0,21.78194,-4.46524,-82.47628,6e-05,-0.69708
7855.46,index_price,1558004341132,open,0.23,319.4,0.179,0.2585,0.21892763,107.64,0.2555,0,BTC-31MAY19-6250-C,7855.46,0.0,0.0125,1.1,0.0,0.0,0.0,3.22542,-11.66927,2.10726,0.00012,0.87713
7932.99,BTC-28JUN19,1558004341139,open,0.87,2.0,0.824,0.975,0.89950483,107.85,2.658,0.0,BTC-28JUN19-15000-P,7855.46,0.0,0.0,0.0,1.3695,1.0,499.78,3.32118,-4.17704,-17.12355,4e-05,-0.93804
7946.68,BTC-27SEP19,1558004341129,open,1.3,0.0,1.247,1.4335,1.34013992,95.39,None,0.0,BTC-27DEC19-18000-P,7855.46,0.0,0.006,5.0,2.1915,0.2,500.0,19.23441,-4.07942,-102.99374,5e-05,-0.76352
7855.46,index_price,1558004341132,open,0.23,0.0,0.201,0.3005,0.25085674,117.55,None,0,BTC-24MAY19-9750-P,7855.46,0.0,0.003,1.0,0.0,0.0,0.0,2.33567,-17.43118,-1.91335,0.00015,-0.87797
7855.46,index_price,1558004341132,open,0.0,100.7,0.0005,0.04,0.0001896,135.0,0.0005,0,BTC-31MAY19-3750-P,7855.46,150.12,0.0005,3.0,0.0015,13.3,173.51,0.10912,-0.49515,-0.00761,0.0,-0.00219
7946.68,BTC-27SEP19,1558004341134,open,0.74,0.0,0.6945,0.835,0.76484459,91.22,None,0.0,BTC-27DEC19-13000-P,7855.46,0.0,0.006,10.0,1.573,0.3,500.0,23.56967,-4.78038,-68.246,7e-05,-0.62909
7855.46,index_price,1558004341132,open,0.0,101.4,0.0005,0.04,7.76e-05,135.0,0.0005,0,BTC-31MAY19-3500-P,7855.46,0.0,0.0,0.0,0.0015,16.5,188.26,0.05137,-0.23309,-0.00332,0.0,-0.00096
7855.46,index_price,1558004341129,open,0.0,0.3535,0.466,0.40972159,116.36,None,0,BTC-31MAY19-11000-P,7855.46,0.0,0.0,0.0,0.0,0.0,0.0,2.66194,-10.41094,-4.21194,9e-05,-0.90589
7932.99,BTC-28JUN19,1558004341141,open,0.57,143.2,0.5225,0.602,0.56237036,128.68,0.56,0.0,BTC-28JUN19-3500-C,7855.46,0.0,0.1095,0.1,0.807,3.0,500.0,1.25761,-1.88716,3.90153,1e-05,0.98105
7946.68,BTC-27SEP19,1558004341134,open,0.38,123.6,0.3365,0.416,0.37609446,87.19,0.369,0.0,BTC-27DEC19-6000-C,7855.46,53.87,0.3,0.3,0.4,0.1,97.3,18.7443,-3.63367,19.49136,6e-05,0.77421
7855.46,index_price,1558004341134,open,0.0,399.6,0.0005,0.04,1e-08,134.99,0.0005,0,BTC-17MAY19-5750-P,7855.46,0.0,0.0,0.0,0.0005,10.0,283.0,2e-05,-0.0001,0.0,0.0,0.0
7855.46,index_price,1558004341129,open,0.18,264.2,0.1275,0.207,0.16724658,103.71,0.168,0,BTC-31MAY19-6750-C,7855.46,101.52,0.166,5.0,0.179,5.0,123.46,4.48664,-15.64059,2.01445,0.00017,0.79646
7946.68,BTC-27SEP19,1558004341134,open,0.63,1.2,0.592,0.724,0.65806309,90.82,0.6345,0.0,BTC-27DEC19-12000-P,7855.46,82.69,0.6335,3.0,0.685,3.0,99.56,24.2797,-4.90282,-60.99387,7e-05,-0.58774
7946.68,BTC-27SEP19,1558004341129,open,2.02,0.0,1.944,2.189,2.06665048,100.0,None,0.0,BTC-27DEC19-24000-P,7855.46,0.0,0.006,10.0,2.9365,0.2,500.0,14.8561,-3.30321,-142.55791,4e-05,-0.84511
7946.68,BTC-27SEP19,1558004341129,open,0.85,0.0,0.801,0.9505,0.87574324,91.99,None,0.0,BTC-27DEC19-14000-P,7855.46,0.0,0.006,10.0,1.696,0.2,499.59,22.75179,-4.65354,-75.38252,6e-05,-0.66395
7855.46,index_price,1558004341140,open,0.04,62.6,0.015,0.099,0.0570968,120.38,0.021,0,BTC-17MAY19-8250-P,7855.46,0.0,0.0495,5.0,0.0595,5.0,136.65,1.11319,-76.51261,-0.15939,0.00062,-0.78862
7855.46,index_price,1558004341137,open,0.47,9.8,0.42,0.4995,0.45982216,135.31,0.212,0,BTC-31MAY19-4250-C,7855.46,0.0,0.005,0.5,0.0,0.0,0.0,0.36772,-1.67235,1.70208,1e-05,0.99147
7946.68,BTC-27SEP19,1558004341132,open,0.23,113.6,0.186,0.2655,0.22583237,87.85,0.227,0.0,BTC-27DEC19-9000-C,7855.46,82.9,0.2105,5.0,0.2355,5.0,90.99,24.55048,-4.79562,16.61748,7e-05,0.56525
7855.46,index_price,1558004341132,open,0.27,0.0,0.24,0.3425,0.29119183,111.23,None,0,BTC-31MAY19-10000-P,7855.46,0.0,0.0,0.0,0.0,0.0,0.0,3.98073,-14.88317,-3.59633,0.00014,-0.83213
7855.46,index_price,1558004341129,open,0.32,0.0,0.2885,0.3955,0.3420959,126.5,None,0,BTC-24MAY19-10500-P,7855.46,0.0,0.0035,1.0,0.0,0.0,0.0,1.56564,-12.57349,-2.15456,9e-05,-0.92904
7946.68,BTC-27SEP19,1558004341131,open,0.59,4.0,0.5485,0.628,0.58814806,91.25,0.59,0.0,BTC-27DEC19-3500-C,7855.46,0.0,0.0,0.0,0.68,3.0,163.43,8.04226,-1.63163,16.91218,2e-05,0.93358
7946.68,BTC-27SEP19,1558004341132,open,0.05,115.4,0.0165,0.1005,0.05841247,88.34,0.0545,0.0,BTC-27DEC19-4500-P,7855.46,84.57,0.0525,15.0,0.0645,15.0,92.14,12.59746,-2.47446,-8.81535,4e-05,-0.12164
7946.68,BTC-27SEP19,1558004341132,open,0.07,66.4,0.024,0.1035,0.06357038,97.29,0.067,0.0,BTC-27DEC19-20000-C,7855.46,93.57,0.0555,10.0,0.073,10.0,101.42,17.67955,-3.82442,6.88361,5e-05,0.20417
7855.46,index_price,1558004341131,open,0.07,16.6,0.042,0.128,0.08505531,125.36,0.069,0,BTC-17MAY19-8500-P,7855.46,0.0,0.0775,5.0,0.088,5.0,153.67,0.69962,-50.07595,-0.18471,0.00038,-0.89501
7855.46,index_price,1558004341136,open,0.56,0.0,0.515,0.5945,0.55453953,136.72,None,0,BTC-31MAY19-3500-C,7855.46,0.0,0.006,0.5,0.0,0.0,0.0,0.05734,-0.2635,1.42269,0.0,0.99892
7855.46,index_price,1558004341134,open,0.17,13.0,0.1455,0.2405,0.19286566,112.79,0.174,0,BTC-24MAY19-9250-P,7855.46,0.0,0.0025,1.0,0.0,0.0,0.0,3.06079,-21.91782,-1.71148,0.0002,-0.81686
253.32,ETH-28JUN19,1558004341147,open,0.9,0.0,0.912,1.07,0.990867,130.18,None,0.0,ETH-28JUN19-500-P,247.15,0.0,0.0,0.0,0.0,0.0,0.0,0.14862,-0.22562,-0.56366,0.00151,-0.90335
253.32,ETH-28JUN19,1558004341147,open,0.63,0.0,0.568,0.647,0.60761,135.07,None,0.0,ETH-28JUN19-100-C,247.15,0.0,0.003,7.0,0.0,0.0,0.0,0.02823,-0.04446,0.11302,0.00028,0.98743
259.42,ETH-27SEP19,1558004341147,open,0.15,512.0,0.104,0.183,0.143344,99.06,0.149,0.0,ETH-27SEP19-340-C,247.15,94.3,0.132,100.0,0.157,100.0,104.76,0.61969,-0.22928,0.2823,0.00253,0.44003
259.42,ETH-27SEP19,1558004341147,open,0.08,1237.0,0.039,0.118,0.078609,107.22,0.088,0.0,ETH-27SEP19-480-C,247.15,101.77,0.068,100.0,0.092,100.0,113.8,0.51624,-0.20673,0.17893,0.00195,0.26666
253.32,ETH-28JUN19,1558004341147,open,0.14,2294.0,0.086,0.165,0.125098,100.02,0.12,0.0,ETH-28JUN19-260-C,247.15,87.48,0.108,60.0,0.142,360.0,112.46,0.34479,-0.40217,0.12288,0.00457,0.53803
259.42,ETH-27SEP19,1558004341147,open,0.51,191.0,0.451,0.53,0.490624,95.48,0.5,0.0,ETH-27SEP19-140-C,247.15,0.0,0.044,1.0,0.0,0.0,0.0,0.25001,-0.08915,0.40134,0.00106,0.91242
259.42,ETH-27SEP19,1558004341147,open,0.35,1746.0,0.296,0.375,0.335439,95.53,0.321,0.0,ETH-27SEP19-200-C,247.15,70.75,0.291,30.0,0.353,30.0,105.04,0.47705,-0.17021,0.4135,0.00202,0.77001
259.42,ETH-27SEP19,1558004341147,open,0.01,3243.0,0.001,0.047,0.007259,95.62,0.005,0.0,ETH-27SEP19-100-P,247.15,76.23,0.002,43.0,0.008,116.0,97.56,0.09627,-0.03438,-0.03208,0.00041,-0.02645
247.15,index_price,1558004341146,open,0.01,2.0,0.001,0.047,0.007376,145.19,0.017,0,ETH-24MAY19-340-C,247.15,133.48,0.005,75.0,0.011,76.0,159.82,0.05521,-0.50888,0.004,0.00288,0.08243
259.42,ETH-27SEP19,1558004341148,open,0.0,1723.0,0.001,0.043,0.003057,99.2,0.004,0.0,ETH-27SEP19-80-P,247.15,84.32,0.001,50.0,0.007,141.0,115.2,0.04892,-0.01812,-0.01429,0.0002,-0.01196
259.42,ETH-27SEP19,1558004341148,open,0.09,2299.0,0.063,0.15,0.106598,95.65,0.09,0.0,ETH-27SEP19-200-P,247.15,86.56,0.09,200.0,0.11,130.0,97.49,0.47712,-0.17043,-0.32032,0.00202,-0.23004
259.42,ETH-27SEP19,1558004341148,open,0.57,147.0,0.514,0.593,0.553597,95.43,0.45,0.0,ETH-27SEP19-120-C,247.15,0.0,0.037,5.0,0.0,0.0,0.0,0.16795,-0.05986,0.37499,0.00071,0.9477
253.32,ETH-28JUN19,1558004341148,open,0.7,0.0,0.646,0.725,0.685263,147.41,None,0.0,ETH-28JUN19-80-C,247.15,0.0,0.003,2.0,0.0,0.0,0.0,0.01397,-0.02402,0.09198,0.00013,0.99436
253.32,ETH-28JUN19,1558004341148,open,0.66,0.0,0.607,0.686,0.64641,141.86,None,0.0,ETH-28JUN19-90-C,247.15,0.0,0.003,3.0,0.0,0.0,0.0,0.02081,-0.03443,0.10258,0.00019,0.99114
253.32,ETH-28JUN19,1558004341148,open,0.44,481.0,0.375,0.454,0.414996,99.93,0.45,0.0,ETH-28JUN19-150-C,247.15,0.0,0.01,100.0,0.5,200.0,235.17,0.08147,-0.09494,0.16085,0.00108,0.95556
259.42,ETH-27SEP19,1558004341148,open,0.4,792.0,0.342,0.421,0.381561,95.52,0.39,0.0,ETH-27SEP19-180-C,247.15,0.0,0.222,100.0,0.41,30.0,113.1,0.41012,-0.14631,0.41859,0.00174,0.82149
253.32,ETH-28JUN19,1558004341148,open,0.51,386.0,0.451,0.53,0.490045,105.34,0.321,0.0,ETH-28JUN19-130-C,247.15,0.0,0.14,49.0,0.0,0.0,0.0,0.04427,-0.05439,0.14542,0.00056,0.97874
259.42,ETH-27SEP19,1558004341148,open,0.06,4900.0,0.033,0.118,0.075604,95.64,0.069,0.0,ETH-27SEP19-180-P,247.15,84.26,0.058,100.0,0.07,105.0,92.07,0.41028,-0.14655,-0.2419,0.00174,-0.17862
259.42,ETH-27SEP19,1558004341148,open,0.78,0.0,0.73,0.809,0.76975,104.58,0.01,0.0,ETH-27SEP19-60-C,247.15,0.0,0.003,10.0,0.0,0.0,0.0,0.01982,-0.00774,0.215,8e-05,0.99571
259.42,ETH-27SEP19,1558004341149,open,0.0,174.0,0.001,0.041,0.001097,105.38,0.001,0.0,ETH-27SEP19-60-P,247.15,0.0,0.0,0.0,0.002,154.0,114.56,0.02062,-0.00812,-0.00531,8e-05,-0.00449
247.15,index_price,1558004341147,open,0.0,880.0,0.001,0.04,0.0,150.68,0.001,0,ETH-17MAY19-150-P,247.15,0.0,0.0,0.0,0.001,150.0,473.32,0.0,0.0,0.0,0.0,0.0
253.34,ETH-28JUN19,1558004341150,open,0.37,1162.0,0.306,0.385,0.345672,99.86,0.387,0.0,ETH-28JUN19-170-C,247.15,0.0,0.08,1.0,0.0,0.0,0.0,0.14176,-0.16509,0.16774,0.00188,0.90935
247.15,index_price,1558004341148,open,0.07,518.0,0.011,0.09,0.05077,123.06,0.068,0,ETH-24MAY19-260-C,247.15,107.74,0.042,450.0,0.068,450.0,152.8,0.14224,-1.1113,0.01994,0.00877,0.42465
253.34,ETH-28JUN19,1558004341150,open,0.55,50.0,0.491,0.57,0.53038,121.34,0.547,0.0,ETH-28JUN19-120-C,247.15,0.0,0.003,10.0,0.0,0.0,0.0,0.04644,-0.06572,0.13306,0.00051,0.9775
247.15,index_price,1558004341146,open,0.0,1463.0,0.001,0.04,3e-06,150.7,0.001,0,ETH-17MAY19-190-P,247.15,0.0,0.0,0.0,0.001,150.0,269.42,7e-05,-0.00073,0.0,3e-05,-0.00016
247.15,index_price,1558004341148,open,0.27,720.0,0.192,0.271,0.231177,0.0,0.216,0,ETH-17MAY19-190-C,247.15,0.0,0.229,150.0,0.247,150.0,500.0,0.0,0.0,0.00456,0.0,1.0
247.15,index_price,1558004341147,open,0.0,95.0,0.001,0.04,8.6e-05,150.67,0.001,0,ETH-24MAY19-130-P,247.15,0.0,0.0,0.0,0.002,150.0,219.42,0.00155,-0.01478,-7e-05,8e-05,-0.00129
247.15,index_price,1558004341148,open,0.46,109.0,0.394,0.473,0.433497,0.0,0.34,0,ETH-17MAY19-140-C,247.15,0.0,0.007,2.0,0.0,0.0,0.0,0.0,0.0,0.00336,0.0,1.0
247.15,index_price,1558004341147,open,0.0,86.0,0.001,0.04,0.000269,150.67,0.001,0,ETH-24MAY19-140-P,247.15,0.0,0.0,0.0,0.002,55.0,196.71,0.00401,-0.03833,-0.00021,0.0002,-0.0037
247.15,index_price,1558004341147,open,0.0,1394.0,0.001,0.049,0.009044,120.73,0.005,0,ETH-24MAY19-200-P,247.15,84.4,0.002,78.0,0.009,826.0,120.56,0.06365,-0.48789,-0.00581,0.004,-0.09987
247.15,index_price,1558004341147,open,0.31,614.0,0.232,0.311,0.271639,0.0,0.307,0,ETH-17MAY19-180-C,247.15,0.0,0.011,8.0,0.5,2.0,500.0,0.0,0.0,0.00432,0.0,1.0
259.42,ETH-27SEP19,1558004341153,open,0.31,848.0,0.255,0.334,0.294555,95.54,0.332,0.0,ETH-27SEP19-220-C,247.15,79.14,0.261,60.0,0.304,60.0,100.15,0.53154,-0.18967,0.40203,0.00225,0.71707
253.34,ETH-28JUN19,1558004341156,open,0.41,924.0,0.34,0.419,0.379599,99.81,0.41,0.0,ETH-28JUN19-160-C,247.15,0.0,0.01,100.0,0.0,0.0,0.0,0.11003,-0.12806,0.1653,0.00146,0.93505
247.15,index_price,1558004341145,open,0.03,522.0,0.001,0.051,0.011015,150.42,0.04,0,ETH-17MAY19-260-C,247.15,143.93,0.01,1.0,0.023,8.0,220.71,0.03907,-2.72225,0.00146,0.01772,0.25748
247.15,index_price,1558004341149,open,0.0,1853.0,0.001,0.04,0.0,150.69,0.001,0,ETH-17MAY19-180-P,247.15,0.0,0.0,0.0,0.001,150.0,316.87,0.0,-3e-05,0.0,0.0,-1e-05
247.15,index_price,1558004341146,open,0.54,0.0,0.475,0.554,0.514426,0.0,None,0,ETH-17MAY19-120-C,247.15,0.0,0.006,3.0,0.0,0.0,0.0,0.0,0.0,0.00288,0.0,1.0
247.15,index_price,1558004341148,open,0.0,1075.0,0.001,0.04,0.0,150.68,0.01,0,ETH-17MAY19-140-P,247.15,0.0,0.0,0.0,0.001,150.0,500.0,0.0,0.0,0.0,0.0,0.0
247.15,index_price,1558004341150,open,0.5,0.0,0.435,0.514,0.474047,141.96,None,0,ETH-24MAY19-130-C,247.15,0.0,0.008,2.0,0.0,0.0,0.0,0.00091,-0.00818,0.02801,5e-05,0.99928
247.15,index_price,1558004341148,open,0.0,0.0,0.001,0.04,0.0,150.67,None,0,ETH-17MAY19-120-P,247.15,0.0,0.0,0.0,0.001,150.0,500.0,0.0,0.0,0.0,0.0,0.0
247.15,index_price,1558004341148,open,0.0,2134.0,0.001,0.046,0.006221,150.65,0.006,0,ETH-17MAY19-230-P,247.15,139.85,0.005,46.0,0.008,50.0,165.21,0.02896,-1.5375,-0.00096,0.01312,-0.15589
247.15,index_price,1558004341147,open,0.0,1525.0,0.001,0.04,0.0,150.69,0.002,0,ETH-17MAY19-170-P,247.15,0.0,0.0,0.0,0.001,150.0,366.4,0.0,0.0,0.0,0.0,0.0
247.15,index_price,1558004341151,open,0.5,0.0,0.434,0.513,0.473961,0.0,None,0,ETH-17MAY19-130-C,247.15,0.0,0.006,7.0,0.0,0.0,0.0,0.0,0.0,0.00312,0.0,1.0
7946.68,BTC-27SEP19,1558004341171,open,0.04,94.8,0.0005,0.0825,0.04123868,89.13,0.042,0.0,BTC-27DEC19-4000-P,7855.46,85.39,0.0365,15.0,0.0445,5.2,91.63,10.26197,-2.03374,-6.50342,3e-05,-0.09159
7933.2,BTC-28JUN19,1558004341189,open,1.48,0.4,1.4225,1.624,1.52309095,115.52,5.076,0.0,BTC-28JUN19-20000-P,7855.46,0.0,0.0,0.0,1.941,2.0,500.0,1.10439,-1.48773,-23.36087,1e-05,-0.98372
7855.46,index_price,1558004341194,open,0.2,303.8,0.1525,0.232,0.19216394,105.18,0.192,0,BTC-31MAY19-6500-C,7855.46,73.51,0.179,0.5,0.203,0.5,125.93,3.84415,-13.58958,2.07698,0.00015,0.84091
7932.99,BTC-28JUN19,1558004341200,open,0.87,2.0,0.824,0.975,0.89950483,107.85,2.658,0.0,BTC-28JUN19-15000-P,7855.46,0.0,0.0,0.0,1.37,1.0,500.0,3.32118,-4.17704,-17.12355,4e-05,-0.93804
7946.89,BTC-27SEP19,1558004341205,open,1.03,0.0,0.9825,1.147,1.06487107,100.18,None,0.0,BTC-27SEP19-16000-P,7855.46,0.0,0.006,10.0,1.8325,0.2,500.0,13.37882,-5.00595,-54.42517,6e-05,-0.80234
7946.89,BTC-27SEP19,1558004341229,open,0.43,794.5,0.3785,0.458,0.41839885,90.84,0.426,0.0,BTC-27SEP19-5000-C,7855.46,78.75,0.4035,0.5,0.462,2.0,122.04,10.2859,-3.48972,13.10674,5e-05,0.86806
7855.46,index_price,1558004341232,open,0.2,303.8,0.1525,0.232,0.19216394,105.18,0.192,0,BTC-31MAY19-6500-C,7855.46,73.51,0.179,0.5,0.2025,0.5,125.02,3.84415,-13.58958,2.07698,0.00015,0.84091
7946.89,BTC-27SEP19,1558004341233,open,0.61,0.0,0.5625,0.642,0.60221117,99.16,None,0.0,BTC-27SEP19-3250-C,7855.46,0.0,0.007,0.2,0.624,1.0,133.14,3.87475,-1.43503,10.52207,2e-05,0.9632
7932.99,BTC-28JUN19,1558004341236,open,0.2,1231.1,0.1505,0.23,0.19013856,95.7,0.193,0.0,BTC-28JUN19-7000-C,7855.46,87.91,0.181,5.0,0.1905,5.0,96.01,9.34761,-10.43258,4.81908,0.00013,0.70728
7932.99,BTC-28JUN19,1558004341246,open,0.57,143.2,0.5225,0.602,0.56237036,128.68,0.56,0.0,BTC-28JUN19-3500-C,7855.46,0.0,0.1095,0.1,0.8065,3.0,500.0,1.25761,-1.88716,3.90153,1e-05,0.98105
253.32,ETH-28JUN19,1558004341274,open,0.05,2328.0,0.03,0.114,0.071931,100.08,0.049,0.0,ETH-28JUN19-220-P,247.15,91.42,0.062,115.0,0.074,60.0,101.87,0.2923,-0.34114,-0.10474,0.00387,-0.28007
247.15,index_price,1558004341289,open,0.05,391.0,0.001,0.071,0.031715,130.79,0.05,0,ETH-24MAY19-280-C,247.15,123.31,0.028,66.0,0.037,66.0,141.15,0.12426,-1.03181,0.01377,0.00721,0.28996
247.15,index_price,1558004341295,open,0.05,391.0,0.001,0.071,0.031715,130.79,0.05,0,ETH-24MAY19-280-C,247.15,123.31,0.028,66.0,0.037,70.0,141.15,0.12426,-1.03181,0.01377,0.00721,0.28996
7855.46,index_price,1558004341303,open,0.0,156.2,0.0005,0.0405,0.00051272,134.91,0.002,0,BTC-17MAY19-9000-C,7855.46,150.39,0.001,49.0,0.002,9.4,171.57,0.19743,-4.02764,0.00394,0.0001,0.02142
7855.46,index_price,1558004341305,open,0.04,168.6,0.0005,0.077,0.03705392,107.03,0.04,0,BTC-31MAY19-9000-C,7855.46,101.93,0.0335,38.8,0.0425,35.3,114.68,5.52238,-19.86653,0.8451,0.00021,0.30102
7855.46,index_price,1558004341321,open,0.02,143.3,0.0005,0.06,0.01959177,105.13,0.01,0,BTC-31MAY19-6500-P,7855.46,100.78,0.0175,20.0,0.0205,3.4,106.97,3.84286,-13.57915,-0.57178,0.00015,-0.15901
7932.99,BTC-28JUN19,1558004341322,open,0.34,139.1,0.2875,0.367,0.32726083,99.91,0.328,0.0,BTC-28JUN19-5500-C,7855.46,90.25,0.3215,4.6,0.332,6.7,107.11,5.02259,-5.85164,5.26898,7e-05,0.89268
7946.89,BTC-27SEP19,1558004341354,open,0.35,732.9,0.2965,0.376,0.33602615,90.76,0.343,0.0,BTC-27SEP19-6000-C,7855.46,84.5,0.325,5.9,0.347,5.7,96.91,14.09694,-4.77828,13.06024,7e-05,0.7841
7855.46,index_price,1558004341362,open,0.0,240.9,0.0005,0.0435,0.00370647,116.68,0.0025,0,BTC-24MAY19-6000-P,7855.46,107.67,0.0025,1.5,0.0045,13.0,121.76,1.16483,-8.62834,-0.08879,7e-05,-0.04867
7855.46,index_price,1558004341363,open,0.06,219.4,0.013,0.0925,0.05283809,104.27,0.0525,0,BTC-24MAY19-8000-C,7855.46,101.13,0.051,12.6,0.059,2.6,114.79,4.59926,-30.44455,0.72923,0.00033,0.48306
7855.46,index_price,1558004341381,open,0.06,219.4,0.013,0.0925,0.05283809,104.27,0.0525,0,BTC-24MAY19-8000-C,7855.46,101.13,0.051,12.6,0.059,2.7,114.79,4.59926,-30.44455,0.72923,0.00033,0.48306
7855.46,index_price,1558004341629,open,0.0,318.0,0.0005,0.04,0.00022828,134.98,0.001,0,BTC-17MAY19-6750-P,7855.46,150.66,0.0005,2.7,0.0015,14.7,181.88,0.10238,-1.79324,-0.00192,5e-05,-0.00998
247.15,index_price,1558004341659,open,0.2,1135.0,0.111,0.19,0.150571,146.01,0.221,0,ETH-17MAY19-210-C,247.15,0.0,0.149,152.0,0.167,150.0,369.28,0.00333,-0.27723,0.00498,0.00155,0.98965
7855.46,index_price,1558004341673,open,0.03,69.6,0.0005,0.081,0.03970956,104.22,0.0345,0,BTC-24MAY19-7500-P,7855.46,92.77,0.0335,22.9,0.0415,2.8,107.5,4.28435,-28.34703,-0.66451,0.00031,-0.35234
7855.46,index_price,1558004341675,open,0.03,69.6,0.0005,0.081,0.03970956,104.22,0.0345,0,BTC-24MAY19-7500-P,7855.46,92.77,0.0335,22.9,0.0415,2.7,107.5,4.28435,-28.34703,-0.66451,0.00031,-0.35234
247.15,index_price,1558004341678,open,0.23,376.0,0.151,0.23,0.19075,0.0,0.196,0,ETH-17MAY19-200-C,247.15,0.0,0.189,152.0,0.207,150.0,436.07,0.0,0.0,0.0048,0.0,1.0
7946.89,BTC-27SEP19,1558004341687,open,0.22,976.0,0.174,0.2535,0.2138704,90.72,0.2135,0.0,BTC-27SEP19-8000-C,7855.46,87.14,0.2055,10.9,0.222,5.0,94.21,18.54971,-6.28536,11.35894,9e-05,0.60357
7933.2,BTC-28JUN19,1558004341694,open,0.0,680.4,0.0005,0.0405,0.00051435,134.95,0.001,0.0,BTC-28JUN19-2500-P,7855.46,134.52,0.0005,7.2,0.002,2.8,161.2,0.26271,-0.41346,-0.0345,0.0,-0.00319
7855.46,index_price,1558004341696,open,0.05,37.8,0.012,0.096,0.05412512,104.21,0.0395,0,BTC-24MAY19-7750-P,7855.46,95.35,0.049,2.6,0.0565,10.0,108.32,4.5413,-30.04618,-0.82828,0.00033,-0.43454
7855.46,index_price,1558004341748,open,0.08,38.4,0.049,0.1355,0.09220414,106.63,0.0685,0,BTC-24MAY19-8250-P,7855.46,88.56,0.082,15.0,0.09,0.5,102.76,4.47852,-30.31852,-1.16093,0.00032,-0.59272
7855.46,index_price,1558004341762,open,0.32,529.4,0.266,0.3455,0.30552164,117.13,0.31,0,BTC-31MAY19-5500-C,7855.46,0.0,0.1015,1.1,0.315,3.0,151.1,1.68758,-6.64392,2.05689,6e-05,0.94799
253.34,ETH-28JUN19,1558004341779,open,0.0,7229.0,0.001,0.047,0.00718,100.08,0.008,0.0,ETH-28JUN19-150-P,247.15,70.64,0.001,111.0,0.008,660.0,102.56,0.08175,-0.09541,-0.01542,0.00108,-0.04462
253.34,ETH-28JUN19,1558004341918,open,0.0,7229.0,0.001,0.047,0.007171,100.08,0.008,0.0,ETH-28JUN19-150-P,247.15,70.64,0.001,171.0,0.008,660.0,102.56,0.08175,-0.09541,-0.01542,0.00108,-0.04462
7855.46,index_price,1558004341939,open,0.31,30.0,0.26,0.3395,0.29986876,228.88,0.2555,0,BTC-17MAY19-5500-C,7855.46,0.0,0.0405,1.1,0.39,0.1,500.0,0.00818,-1.06901,0.13184,0.0,0.99939
7933.2,BTC-28JUN19,1558004341963,open,0.0,680.4,0.0005,0.0405,0.00051435,134.95,0.001,0.0,BTC-28JUN19-2500-P,7855.46,134.52,0.0005,7.2,0.002,2.9,161.2,0.26271,-0.41346,-0.0345,0.0,-0.00319
7855.46,index_price,1558004341965,open,0.08,520.5,0.0345,0.114,0.07440787,102.65,0.076,0,BTC-31MAY19-8000-C,7855.46,99.04,0.0715,18.6,0.0825,3.5,112.7,6.32588,-21.82666,1.38251,0.00025,0.50624
7855.46,index_price,1558004341978,open,0.0,55.7,0.0005,0.04,4.302e-05,135.02,0.0005,0,BTC-17MAY19-9500-C,7855.46,0.0,0.0,0.0,0.001,9.1,197.79,0.02712,-0.3379,0.00042,1e-05,0.00225
7855.46,index_price,1558004341979,open,0.01,3.6,0.0005,0.052,0.01218707,115.27,0.0165,0,BTC-24MAY19-9500-C,7855.46,110.19,0.0105,20.0,0.0155,22.7,124.51,2.68616,-19.65731,0.23299,0.00018,0.14964
7932.89,BTC-28JUN19,1558004341984,open,0.01,222.1,0.0005,0.048,0.00794752,109.39,0.006,0.0,BTC-28JUN19-4500-P,7855.46,101.08,0.0055,20.0,0.01,20.0,115.39,2.55881,-3.26425,-0.4897,3e-05,-0.0446
7855.46,index_price,1558004341984,open,0.34,0.0,0.293,0.3725,0.33278821,132.52,None,0,BTC-24MAY19-5250-C,7855.46,0.0,0.0025,2.1,0.0,0.0,0.0,0.43946,-3.69727,1.10533,2e-05,0.9849
7946.89,BTC-27SEP19,1558004341996,open,0.0,421.8,0.0005,0.043,0.00288809,114.44,0.005,0.0,BTC-27SEP19-2000-P,7855.46,90.37,0.0005,36.2,0.004,4.4,120.81,1.25087,-0.53463,-0.36739,0.0,-0.00972
7855.46,index_price,1558004341998,open,0.03,132.9,0.0005,0.0765,0.03528392,102.63,0.03,0,BTC-31MAY19-7000-P,7855.46,96.73,0.0315,20.0,0.037,20.6,105.27,5.08811,-17.55142,-0.92806,0.0002,-0.2546
7855.46,index_price,1558004342012,open,0.01,105.4,0.0005,0.043,0.0030343,125.68,0.0035,0,BTC-17MAY19-8500-C,7855.46,125.3,0.003,2.1,0.0055,2.7,149.78,0.7026,-23.83582,0.01933,0.00038,0.10561
7946.78,BTC-27SEP19,1558004342021,open,0.5,6.6,0.4525,0.532,0.49221681,88.39,0.498,0.0,BTC-27DEC19-4500-C,7855.46,0.0,0.003,0.2,0.9865,1.0,500.0,12.60101,-2.47645,18.90316,4e-05,0.87831
7932.89,BTC-28JUN19,1558004342034,open,0.39,692.2,0.343,0.4225,0.38274836,104.33,0.4285,0.0,BTC-28JUN19-5000-C,7855.46,0.0,0.23,1.9,0.5,10.0,261.14,3.68406,-4.48244,5.09182,5e-05,0.92916
7932.89,BTC-28JUN19,1558004342129,open,0.06,1399.6,0.016,0.0955,0.05589438,99.23,0.056,0.0,BTC-28JUN19-10000-C,7855.28,96.81,0.053,16.0,0.058,10.0,100.98,9.52006,-11.01674,2.31888,0.00013,0.30474
7932.89,BTC-28JUN19,1558004342129,open,0.63,43.8,0.584,0.6635,0.62354462,134.14,0.6,0.0,BTC-28JUN19-3000-C,7855.28,0.0,0.001,1.0,0.824,2.0,500.0,0.69372,-1.08515,3.41938,1e-05,0.99049
7932.89,BTC-28JUN19,1558004342130,open,0.45,219.6,0.401,0.4805,0.4407323,109.53,0.42,0.0,BTC-28JUN19-4500-C,7855.28,0.0,0.2,1.0,0.715,0.1,500.0,2.56588,-3.27729,4.79452,3e-05,0.95524
7932.89,BTC-28JUN19,1558004342129,open,0.63,0.8,0.591,0.7235,0.65728106,106.17,2.171,0.0,BTC-28JUN19-13000-P,7855.28,0.0,0.07,1.0,1.1475,1.0,500.0,5.43618,-6.73081,-14.32606,7e-05,-0.88008
7946.78,BTC-27SEP19,1558004342129,open,0.7,56.4,0.6525,0.732,0.69204661,112.19,0.6975,0.0,BTC-27SEP19-2500-C,7855.28,0.0,0.006,10.0,0.6985,2.0,129.9,2.38779,-1.00047,8.37608,1e-05,0.97942
7932.89,BTC-28JUN19,1558004342130,open,1.48,0.4,1.4235,1.625,1.52410277,121.28,5.076,0.0,BTC-28JUN19-20000-P,7855.28,0.0,0.0,0.0,1.941,2.0,500.0,1.41897,-2.0068,-23.31741,2e-05,-0.97815
7855.28,index_price,1558004342130,open,0.25,14.1,0.2,0.2795,0.23990785,116.8,0.231,0,BTC-24MAY19-6000-C,7855.28,0.0,0.0035,2.1,0.0,0.0,0.0,1.16798,-8.6605,1.20554,8e-05,0.95116
7946.78,BTC-27SEP19,1558004342130,open,1.03,0.0,0.983,1.148,1.06560161,100.6,None,0.0,BTC-27SEP19-16000-P,7855.28,0.0,0.006,10.0,1.8325,0.2,500.0,13.44711,-5.05247,-54.39674,6e-05,-0.80066
7855.28,index_price,1558004342131,open,0.1,16.8,0.071,0.1595,0.11527408,132.52,0.114,0,BTC-17MAY19-8750-P,7855.28,0.0,0.1075,5.0,0.1185,5.0,176.13,0.40701,-30.79638,-0.20046,0.00021,-0.94838
7932.89,BTC-28JUN19,1558004342131,open,0.52,10.0,0.4775,0.6,0.53887315,103.81,1.243,0.0,BTC-28JUN19-12000-P,7855.28,0.0,0.0,0.0,1.0375,1.0,499.77,6.67544,-8.08162,-12.82834,9e-05,-0.83777
7946.78,BTC-27SEP19,1558004342132,open,0.92,0.0,0.8695,1.025,0.94726956,99.15,None,0.0,BTC-27SEP19-15000-P,7855.28,0.0,0.006,10.0,1.711,0.3,499.5,14.40885,-5.33566,-50.21994,6e-05,-0.77569
7932.71,BTC-28JUN19,1558004342132,open,0.75,1.3,0.707,0.8485,0.77771467,107.5,2.415,0.0,BTC-28JUN19-14000-P,7855.28,0.0,0.0,0.0,1.258,1.0,499.94,4.31573,-5.41015,-15.75199,5e-05,-0.91271
7932.71,BTC-28JUN19,1558004342132,open,0.4,5.7,0.3665,0.48,0.4233528,100.33,1.142,0.0,BTC-28JUN19-11000-P,7855.28,0.0,0.0,0.0,0.929,1.0,499.48,8.00967,-9.37154,-11.23122,0.00011,-0.78192
7946.78,BTC-27SEP19,1558004342133,open,0.8,0.0,0.7575,0.9035,0.83037403,97.5,None,0.0,BTC-27SEP19-14000-P,7855.28,0.0,0.006,10.0,1.591,0.3,499.86,15.40351,-5.60895,-45.96459,7e-05,-0.7466
7932.71,BTC-28JUN19,1558004342133,open,0.87,2.0,0.8245,0.976,0.90029527,109.54,2.658,0.0,BTC-28JUN19-15000-P,7855.28,0.0,0.0,0.0,1.37,1.0,500.0,3.47357,-4.43733,-17.096,4e-05,-0.93436
7946.78,BTC-27SEP19,1558004342133,open,0.02,160.6,0.0005,0.061,0.02032105,92.13,0.0195,0.0,BTC-27SEP19-4000-P,7855.28,89.06,0.018,21.0,0.0205,4.0,92.36,6.14703,-2.11518,-2.5048,3e-05,-0.06561
7855.28,index_price,1558004342129,open,0.26,506.7,0.2065,0.286,0.24645993,109.18,0.246,0,BTC-31MAY19-6000-C,7855.28,0.0,0.076,1.0,0.263,3.0,149.83,2.60344,-9.55377,2.12003,9e-05,0.90867
7855.28,index_price,1558004342129,open,0.0,0.0005,0.049,0.00945705,116.47,None,0,BTC-31MAY19-11000-C,7855.28,112.0,0.008,25.0,0.0125,25.0,124.84,2.66667,-10.43931,0.27176,9e-05,0.09434
7855.28,index_price,1558004342131,open,0.0,298.7,0.0005,0.04,0.0,134.99,0.0005,0,BTC-17MAY19-5250-P,7855.28,0.0,0.0,0.0,0.0005,19.1,355.64,0.0,0.0,0.0,0.0,0.0
7946.6,BTC-27SEP19,1558004342129,open,0.0,0.003,0.0825,0.04295048,102.61,None,0.0,BTC-27DEC19-26000-C,7855.28,98.51,0.036,5.0,0.0525,5.0,107.76,14.05258,-3.2061,4.87523,4e-05,0.14253
7855.28,index_price,1558004342129,open,0.22,350.9,0.1645,0.244,0.20437913,153.57,0.225,0,BTC-17MAY19-6250-C,7855.28,0.0,0.105,0.1,0.255,0.5,500.0,0.01351,-1.18461,0.14975,1e-05,0.99895
7855.28,index_price,1558004342129,open,0.16,10.0,0.131,0.2245,0.17768198,132.13,0.118,0,BTC-17MAY19-9250-P,7855.28,0.0,0.002,1.1,0.233,0.3,500.0,0.06865,-5.17914,-0.22075,4e-05,-0.99366
7946.6,BTC-27SEP19,1558004342136,open,0.45,13.5,0.4015,0.481,0.44120281,90.71,0.382,0.0,BTC-27SEP19-4750-C,7855.28,0.0,0.001,1.0,0.497,3.0,133.32,9.21818,-3.12308,12.99719,4e-05,0.88713
7946.6,BTC-27SEP19,1558004342132,open,0.85,0.0,0.8015,0.951,0.87634583,92.2,None,0.0,BTC-27DEC19-14000-P,7855.28,0.0,0.006,10.0,1.696,0.2,499.56,22.77591,-4.66886,-75.36599,6e-05,-0.66303
7855.28,index_price,1558004342129,open,0.19,0.0,0.1615,0.2575,0.20939289,123.52,None,0,BTC-17MAY19-9500-P,7855.28,0.0,0.002,1.1,0.2835,0.2,500.0,0.01211,-0.85422,-0.22775,1e-05,-0.99907
7855.28,index_price,1558004342133,open,0.1,5.2,0.0705,0.1595,0.11491828,108.21,0.076,0,BTC-24MAY19-8500-P,7855.28,87.29,0.104,15.0,0.117,15.0,112.07,4.22037,-28.99333,-1.31613,0.00029,-0.66158
7946.6,BTC-27SEP19,1558004342132,open,0.03,80.0,0.0005,0.0695,0.02857819,91.24,0.025,0.0,BTC-27DEC19-3500-P,7855.28,87.1,0.0245,10.0,0.0315,5.0,94.08,8.0417,-1.6314,-4.65068,2e-05,-0.06641
7946.6,BTC-27SEP19,1558004342133,open,0.1,24.7,0.0545,0.134,0.09408129,94.73,0.105,0.0,BTC-27DEC19-16000-C,7855.28,92.81,0.089,3.0,0.1025,10.0,97.86,21.15999,-4.45703,9.32487,6e-05,0.28454
7855.28,index_price,1558004342129,open,0.13,7.4,0.1005,0.192,0.14621209,133.84,0.134,0,BTC-17MAY19-9000-P,7855.28,0.0,0.1385,5.0,0.1495,5.0,197.91,0.19071,-14.57463,-0.21214,0.0001,-0.97944
7855.28,index_price,1558004342133,open,0.05,102.7,0.002,0.0815,0.04199792,106.68,0.046,0,BTC-24MAY19-8250-C,7855.28,102.29,0.0395,10.0,0.0475,17.9,116.3,4.47845,-30.33155,0.61916,0.00032,0.40729
7855.28,index_price,1558004342130,open,0.19,16.2,0.1415,0.221,0.18123087,109.96,0.174,0,BTC-24MAY19-6500-C,7855.28,0.0,0.0025,3.1,0.0,0.0,0.0,2.09895,-14.65256,1.20971,0.00014,0.89495
7855.28,index_price,1558004342130,open,0.41,1.6,0.3555,0.435,0.39532504,309.33,0.241,0,BTC-17MAY19-4750-C,7855.28,0.0,0.002,1.1,0.0,0.0,0.0,0.00481,-0.84929,0.11389,0.0,0.99966
7855.28,index_price,1558004342132,open,0.25,131.3,0.1965,0.276,0.23620034,175.57,0.245,0,BTC-17MAY19-6000-C,7855.28,0.0,0.0315,4.3,0.4895,0.1,500.0,0.0099,-0.99252,0.14381,0.0,0.99925
7855.28,index_price,1558004342134,open,0.28,8.0,0.231,0.3105,0.27050524,121.71,0.26,0,BTC-24MAY19-5750-C,7855.28,0.0,0.0015,2.1,0.0,0.0,0.0,0.85573,-6.61229,1.18003,5e-05,0.96671
7855.28,index_price,1558004342129,open,0.0,0.296,0.4035,0.34962412,113.63,None,0,BTC-31MAY19-10500-P,7855.28,0.0,0.0,0.0,0.0,0.0,0.0,3.26468,-12.46911,-3.92053,0.00011,-0.87499
7946.6,BTC-27SEP19,1558004342135,open,0.46,58.4,0.4095,0.489,0.44919916,87.38,0.323,0.0,BTC-27DEC19-5000-C,7855.28,79.91,0.4355,0.5,0.5125,15.0,120.09,14.81454,-2.87827,19.41539,4e-05,0.84576
7855.28,index_price,1558004342129,open,0.12,327.8,0.0655,0.145,0.10527205,102.65,0.1025,0,BTC-31MAY19-7500-C,7855.28,99.02,0.1025,15.0,0.1155,15.0,116.02,5.99724,-20.69298,1.67396,0.00023,0.62815
7855.28,index_price,1558004342134,open,0.28,63.5,0.2285,0.308,0.26802506,200.35,0.236,0,BTC-17MAY19-5750-C,7855.28,0.0,0.027,10.5,0.3515,0.2,500.0,0.00838,-0.95852,0.13783,0.0,0.99938
7946.6,BTC-27SEP19,1558004342131,open,0.82,0.0,0.7765,0.856,0.81616731,116.46,None,0.0,BTC-27DEC19-1500-C,7855.28,0.0,0.0125,5.0,0.9925,0.5,500.0,1.84556,-0.4779,8.44823,0.0,0.98873
7946.6,BTC-27SEP19,1558004342130,open,0.13,91.0,0.089,0.1685,0.12896277,91.23,0.13,0.0,BTC-27DEC19-13000-C,7855.28,89.21,0.123,20.0,0.138,10.0,94.26,23.57004,-4.78088,11.84699,7e-05,0.37094
7946.6,BTC-27SEP19,1558004342132,open,0.54,27.1,0.498,0.5775,0.53789028,89.14,0.542,0.0,BTC-27DEC19-4000-C,7855.28,0.0,0.0125,5.0,0.98,0.5,500.0,10.26283,-2.03409,18.13943,3e-05,0.90839
7855.28,index_price,1558004342133,open,0.0,243.3,0.0005,0.04,0.0,134.99,0.0005,0,BTC-17MAY19-5000-P,7855.28,0.0,0.0,0.0,0.0005,18.0,394.2,0.0,0.0,0.0,0.0,0.0
259.44,ETH-27SEP19,1558004342142,open,0.72,0.0,0.716,0.858,0.786984,104.79,None,0.0,ETH-27SEP19-440-P,247.14,0.0,0.0,0.0,0.0,0.0,0.0,0.54896,-0.21484,-1.4119,0.00212,-0.69676
259.43,ETH-27SEP19,1558004342143,open,0.02,7481.0,0.001,0.071,0.030403,95.6,0.023,0.0,ETH-27SEP19-140-P,247.14,77.58,0.015,150.0,0.027,67.0,92.0,0.25033,-0.08938,-0.11241,0.00106,-0.08773
253.34,ETH-28JUN19,1558004342143,open,0.48,335.0,0.412,0.491,0.451632,99.87,0.3,0.0,ETH-28JUN19-140-C,247.14,0.0,0.01,100.0,1.0,102.0,500.0,0.05657,-0.06588,0.15472,0.00075,0.97153
253.34,ETH-28JUN19,1558004342141,open,0.03,2318.0,0.003,0.085,0.043978,100.08,0.023,0.0,ETH-28JUN19-200-P,247.15,85.81,0.031,176.0,0.043,60.0,99.04,0.23916,-0.27912,-0.07102,0.00317,-0.19469
247.14,index_price,1558004342142,open,0.02,198.0,0.001,0.055,0.015077,138.27,0.02,0,ETH-24MAY19-310-C,247.14,129.09,0.012,77.0,0.02,69.0,151.57,0.08659,-0.76013,0.00747,0.00475,0.15524
247.14,index_price,1558004342142,open,0.0,1181.0,0.001,0.043,0.003296,149.59,0.001,0,ETH-24MAY19-170-P,247.14,122.16,0.001,101.0,0.005,57.0,162.92,0.02802,-0.26606,-0.00204,0.00142,-0.03495
7932.71,BTC-28JUN19,1558004342159,open,0.4,5.7,0.3665,0.48,0.4233528,100.33,1.142,0.0,BTC-28JUN19-11000-P,7855.28,0.0,0.0,0.0,0.93,1.0,500.0,8.00967,-9.37154,-11.23122,0.00011,-0.78192
7946.78,BTC-27SEP19,1558004342164,open,0.92,0.0,0.8695,1.025,0.94726956,99.15,None,0.0,BTC-27SEP19-15000-P,7855.28,0.0,0.006,10.0,1.712,0.3,500.0,14.40885,-5.33566,-50.21994,6e-05,-0.77569
247.14,index_price,1558004342163,open,0.07,60.0,0.059,0.146,0.102794,123.07,0.052,0,ETH-24MAY19-260-P,247.14,104.19,0.092,72.0,0.102,68.0,121.69,0.14223,-1.11126,-0.03617,0.00877,-0.57543
7946.6,BTC-27SEP19,1558004342174,open,1.54,0.0,1.4775,1.6835,1.58034275,97.28,None,0.0,BTC-27DEC19-20000-P,7855.28,0.0,0.006,5.0,2.44,0.2,500.0,17.6764,-3.82329,-116.3375,5e-05,-0.79589
247.14,index_price,1558004342171,open,0.07,60.0,0.059,0.146,0.102794,123.07,0.052,0,ETH-24MAY19-260-P,247.14,104.19,0.092,72.0,0.102,69.0,121.69,0.14223,-1.11126,-0.03617,0.00877,-0.57543
247.14,index_price,1558004342178,open,0.03,59.0,0.021,0.105,0.063028,150.34,0.07,0,ETH-17MAY19-260-P,247.14,130.48,0.06,62.0,0.069,450.0,186.44,0.03904,-3.35157,-0.00478,0.01772,-0.74281
247.14,index_price,1558004342192,open,0.06,534.0,0.001,0.078,0.038676,124.47,0.045,0,ETH-24MAY19-270-C,247.14,121.37,0.037,69.0,0.046,61.0,137.82,0.13409,-1.05958,0.01646,0.00817,0.34736
247.14,index_price,1558004342197,open,0.01,415.0,0.001,0.057,0.016786,150.46,0.02,0,ETH-17MAY19-240-P,247.14,140.36,0.015,69.0,0.02,71.0,168.39,0.04394,-3.77498,-0.00207,0.01993,-0.33192
7855.28,index_price,1558004342216,open,0.0,338.6,0.0005,0.04,3e-07,134.99,0.0015,0,BTC-17MAY19-6000-P,7855.28,0.0,0.0,0.0,0.0005,10.0,248.54,0.00033,-0.00232,0.0,0.0,-2e-05
7932.71,BTC-28JUN19,1558004342345,open,0.0,137.0,0.0005,0.044,0.00389408,120.76,0.0055,0.0,BTC-28JUN19-3750-P,7855.28,108.02,0.002,20.0,0.0055,3.9,128.86,1.418,-1.99688,-0.23976,2e-05,-0.02184
259.43,ETH-27SEP19,1558004342368,open,0.41,1.0,0.396,0.512,0.454041,99.11,1.043,0.0,ETH-27SEP19-340-P,247.14,88.55,0.429,90.0,0.5,90.0,118.22,0.61976,-0.22942,-0.96471,0.00253,-0.55979
247.14,index_price,1558004342392,open,0.12,395.0,0.036,0.115,0.075599,150.81,0.138,0,ETH-17MAY19-230-C,247.14,102.37,0.071,150.0,0.09,150.0,251.99,0.029,-2.49709,0.00455,0.01312,0.84374
247.14,index_price,1558004342407,open,0.2,1135.0,0.111,0.19,0.150639,152.73,0.221,0,ETH-17MAY19-210-C,247.14,0.0,0.149,2.0,0.167,150.0,369.51,0.00416,-0.36293,0.00496,0.00186,0.98659
247.14,index_price,1558004342424,open,0.07,60.0,0.059,0.146,0.102794,123.07,0.052,0,ETH-24MAY19-260-P,247.14,104.19,0.092,71.0,0.102,69.0,121.69,0.14223,-1.11126,-0.03617,0.00877,-0.57543
247.14,index_price,1558004342427,open,0.07,60.0,0.059,0.146,0.102794,123.07,0.052,0,ETH-24MAY19-260-P,247.14,104.19,0.092,71.0,0.102,70.0,121.69,0.14223,-1.11126,-0.03617,0.00877,-0.57543
247.14,index_price,1558004342436,open,0.0,403.0,0.001,0.04,0.000109,150.68,0.009,0,ETH-17MAY19-300-C,247.14,201.0,0.001,99.0,0.006,750.0,287.73,0.00169,-0.02704,3e-05,0.00077,0.00481
247.14,index_price,1558004342444,open,0.12,383.0,0.046,0.125,0.08503,120.73,0.109,0,ETH-24MAY19-240-C,247.14,103.02,0.075,450.0,0.105,450.0,155.86,0.14023,-1.07486,0.02747,0.00881,0.60024
247.14,index_price,1558004342437,open,0.03,59.0,0.021,0.105,0.063028,150.34,0.07,0,ETH-17MAY19-260-P,247.14,130.48,0.06,59.0,0.069,450.0,186.44,0.03904,-3.35157,-0.00478,0.01772,-0.74281
247.14,index_price,1558004342447,open,0.0,615.0,0.001,0.043,0.003275,130.02,0.002,0,ETH-24MAY19-180-P,247.14,105.65,0.001,60.0,0.002,54.0,118.45,0.03104,-0.2562,-0.00229,0.00181,-0.03961
247.14,index_price,1558004342451,open,0.02,1425.0,0.001,0.08,0.039007,120.67,0.026,0,ETH-24MAY19-230-P,247.14,101.08,0.029,66.0,0.038,71.0,118.72,0.12818,-0.982,-0.01864,0.00806,-0.31061
247.14,index_price,1558004342457,open,0.02,1425.0,0.001,0.08,0.039007,120.67,0.026,0,ETH-24MAY19-230-P,247.14,101.08,0.029,66.0,0.038,72.0,118.72,0.12818,-0.982,-0.01864,0.00806,-0.31061
247.14,index_price,1558004342484,open,0.06,534.0,0.001,0.078,0.038676,124.47,0.045,0,ETH-24MAY19-270-C,247.14,121.37,0.037,70.0,0.046,61.0,137.82,0.13409,-1.05958,0.01646,0.00817,0.34736
247.14,index_price,1558004342486,open,0.07,518.0,0.011,0.09,0.050801,123.14,0.068,0,ETH-24MAY19-260-C,247.14,106.01,0.041,450.0,0.068,450.0,152.83,0.14224,-1.11198,0.01994,0.00876,0.42466
247.14,index_price,1558004342491,open,0.06,534.0,0.001,0.078,0.038676,124.47,0.045,0,ETH-24MAY19-270-C,247.14,121.37,0.037,70.0,0.046,60.0,137.82,0.13409,-1.05958,0.01646,0.00817,0.34736
247.14,index_price,1558004342496,open,0.0,845.0,0.001,0.04,4e-05,150.63,0.001,0,ETH-17MAY19-200-P,247.14,0.0,0.0,0.0,0.001,108.0,223.61,0.00071,-0.00989,-1e-05,0.00032,-0.00183
247.14,index_price,1558004342497,open,0.01,415.0,0.001,0.057,0.016786,150.46,0.02,0,ETH-17MAY19-240-P,247.14,140.36,0.015,68.0,0.02,71.0,168.39,0.04394,-3.77498,-0.00207,0.01993,-0.33192
7946.6,BTC-27SEP19,1558004342510,open,0.7,0.0,0.6565,0.736,0.69612092,95.72,None,0.0,BTC-27DEC19-2500-C,7855.28,0.0,0.0125,5.0,0.99,0.5,500.0,3.97793,-0.84659,13.51888,1e-05,0.97225
247.14,index_price,1558004342504,open,0.01,415.0,0.001,0.057,0.016786,150.46,0.02,0,ETH-17MAY19-240-P,247.14,140.36,0.015,68.0,0.02,73.0,168.39,0.04394,-3.77498,-0.00207,0.01993,-0.33192
247.14,index_price,1558004342513,open,0.03,522.0,0.001,0.051,0.011035,150.61,0.04,0,ETH-17MAY19-260-C,247.14,143.99,0.01,1.0,0.023,608.0,220.78,0.03908,-2.72717,0.00146,0.01771,0.2576
247.14,index_price,1558004342514,open,0.01,448.0,0.001,0.077,0.035703,150.42,0.027,0,ETH-17MAY19-250-P,247.14,141.64,0.034,67.0,0.039,57.0,167.4,0.04795,-4.11836,-0.00346,0.02175,-0.54749
247.14,index_price,1558004342518,open,0.2,1135.0,0.111,0.19,0.150639,152.73,0.221,0,ETH-17MAY19-210-C,247.14,0.0,0.149,2.0,0.166,150.0,361.07,0.00416,-0.36293,0.00496,0.00186,0.98659
247.14,index_price,1558004342525,open,0.2,1135.0,0.111,0.19,0.150639,152.73,0.221,0,ETH-17MAY19-210-C,247.14,0.0,0.148,152.0,0.166,150.0,361.07,0.00416,-0.36293,0.00496,0.00186,0.98659
259.43,ETH-27SEP19,1558004342523,open,0.35,2.0,0.34,0.451,0.395284,98.99,0.953,0.0,ETH-27SEP19-320-P,247.14,88.06,0.369,90.0,0.435,90.0,115.43,0.62602,-0.23144,-0.87098,0.00256,-0.52005
247.14,index_price,1558004342519,open,0.01,448.0,0.001,0.077,0.035703,150.42,0.027,0,ETH-17MAY19-250-P,247.14,141.64,0.034,67.0,0.039,60.0,167.4,0.04795,-4.11836,-0.00346,0.02175,-0.54749
247.14,index_price,1558004342530,open,0.08,0.0,0.09,0.179,0.134382,149.76,None,0,ETH-17MAY19-280-P,247.14,0.0,0.117,150.0,0.137,150.0,188.98,0.01207,-1.03245,-0.00644,0.0055,-0.95205
247.14,index_price,1558004342531,open,0.01,535.0,0.001,0.056,0.015818,120.68,0.007,0,ETH-24MAY19-210-P,247.14,96.07,0.008,76.0,0.015,750.0,118.34,0.0872,-0.66807,-0.00921,0.00548,-0.15689
247.14,index_price,1558004342535,open,0.12,0.0,0.119,0.211,0.164651,130.76,None,0,ETH-24MAY19-280-P,247.14,47.1,0.134,450.0,0.165,450.0,131.46,0.12423,-1.03134,-0.04665,0.00721,-0.71017
247.14,index_price,1558004342542,open,0.23,376.0,0.151,0.23,0.190815,159.6,0.196,0,ETH-17MAY19-200-C,247.14,0.0,0.189,152.0,0.206,150.0,426.88,0.00111,-0.10135,0.00478,0.00048,0.99699
7932.71,BTC-28JUN19,1558004342579,open,0.0,90.2,0.0005,0.0425,0.0025239,131.42,0.003,0.0,BTC-28JUN19-3250-P,7855.28,114.85,0.001,6.2,0.004,3.8,142.04,0.95114,-1.45769,-0.151,1e-05,-0.01368
247.14,index_price,1558004342574,open,0.09,79.0,0.086,0.176,0.13113,124.38,0.085,0,ETH-24MAY19-270-P,247.14,69.79,0.104,450.0,0.134,450.0,129.65,0.13407,-1.05873,-0.0418,0.00818,-0.65278
247.14,index_price,1558004342593,open,0.27,720.0,0.192,0.271,0.231239,181.26,0.216,0,ETH-17MAY19-190-C,247.14,0.0,0.229,150.0,0.246,150.0,493.14,0.00053,-0.05456,0.00455,0.0002,0.99868
7946.6,BTC-27SEP19,1558004342603,open,0.58,261.1,0.534,0.6135,0.5737687,97.37,0.52,0.0,BTC-27SEP19-3500-C,7855.28,0.0,0.161,1.0,0.5855,0.5,114.81,4.63957,-1.68717,11.08378,2e-05,0.95404
253.33,ETH-28JUN19,1558004342601,open,0.31,734.0,0.243,0.322,0.282997,100.03,0.31,0.0,ETH-28JUN19-190-C,247.14,25.49,0.25,120.0,0.296,120.0,115.19,0.20789,-0.24251,0.16691,0.00276,0.84387
247.14,index_price,1558004342722,open,0.01,230.0,0.001,0.049,0.009359,143.09,0.013,0,ETH-24MAY19-330-C,247.14,133.44,0.007,70.0,0.013,36.0,155.97,0.06462,-0.587,0.00494,0.00343,0.10195
247.14,index_price,1558004342726,open,0.01,230.0,0.001,0.049,0.009359,143.09,0.013,0,ETH-24MAY19-330-C,247.14,133.44,0.007,70.0,0.013,35.0,155.97,0.06462,-0.587,0.00494,0.00343,0.10195
247.14,index_price,1558004342732,open,0.07,60.0,0.059,0.146,0.102794,123.07,0.052,0,ETH-24MAY19-260-P,247.14,104.19,0.092,70.0,0.102,70.0,121.69,0.14223,-1.11126,-0.03617,0.00877,-0.57543
247.14,index_price,1558004342740,open,0.07,60.0,0.059,0.146,0.102794,123.07,0.052,0,ETH-24MAY19-260-P,247.14,104.19,0.092,70.0,0.102,71.0,121.69,0.14223,-1.11126,-0.03617,0.00877,-0.57543
247.14,index_price,1558004342747,open,0.03,59.0,0.021,0.105,0.063028,150.34,0.07,0,ETH-17MAY19-260-P,247.14,130.48,0.06,56.0,0.069,450.0,186.44,0.03904,-3.35157,-0.00478,0.01772,-0.74281
247.14,index_price,1558004342768,open,0.02,1425.0,0.001,0.08,0.039007,120.67,0.026,0,ETH-24MAY19-230-P,247.14,101.08,0.029,66.0,0.038,73.0,118.72,0.12818,-0.982,-0.01864,0.00806,-0.31061
247.14,index_price,1558004342773,open,0.06,534.0,0.001,0.078,0.038676,124.47,0.045,0,ETH-24MAY19-270-C,247.14,121.37,0.037,70.0,0.046,59.0,137.82,0.13409,-1.05958,0.01646,0.00817,0.34736
247.14,index_price,1558004342781,open,0.01,415.0,0.001,0.057,0.016786,150.46,0.02,0,ETH-17MAY19-240-P,247.14,140.36,0.015,67.0,0.02,73.0,168.39,0.04394,-3.77498,-0.00207,0.01993,-0.33192
247.14,index_price,1558004342786,open,0.01,415.0,0.001,0.057,0.016786,150.46,0.02,0,ETH-17MAY19-240-P,247.14,140.36,0.015,67.0,0.019,39.0,162.84,0.04394,-3.77498,-0.00207,0.01993,-0.33192
247.14,index_price,1558004342796,open,0.01,448.0,0.001,0.077,0.035703,150.42,0.027,0,ETH-17MAY19-250-P,247.14,141.64,0.034,65.0,0.039,60.0,167.4,0.04795,-4.11836,-0.00346,0.02175,-0.54749
247.14,index_price,1558004342801,open,0.01,448.0,0.001,0.077,0.035703,150.42,0.027,0,ETH-17MAY19-250-P,247.14,141.64,0.034,65.0,0.039,62.0,167.4,0.04795,-4.11836,-0.00346,0.02175,-0.54749
247.14,index_price,1558004342809,open,0.01,677.0,0.001,0.066,0.025671,120.67,0.014,0,ETH-24MAY19-220-P,247.14,100.32,0.017,66.0,0.025,665.0,119.18,0.10974,-0.84073,-0.01354,0.0069,-0.22817
247.14,index_price,1558004342817,open,0.01,677.0,0.001,0.066,0.025671,120.67,0.014,0,ETH-24MAY19-220-P,247.14,100.32,0.017,66.0,0.025,666.0,119.18,0.10974,-0.84073,-0.01354,0.0069,-0.22817
247.14,index_price,1558004342826,open,0.01,2.0,0.001,0.047,0.007379,145.23,0.017,0,ETH-24MAY19-340-C,247.14,133.5,0.005,71.0,0.011,76.0,159.83,0.05523,-0.50919,0.004,0.00289,0.08248
247.14,index_price,1558004342835,open,0.01,2.0,0.001,0.047,0.007379,145.23,0.017,0,ETH-24MAY19-340-C,247.14,133.5,0.005,71.0,0.011,80.0,159.83,0.05523,-0.50919,0.004,0.00289,0.08248
247.14,index_price,1558004343040,open,0.01,230.0,0.001,0.049,0.009356,143.09,0.013,0,ETH-24MAY19-330-C,247.14,133.44,0.007,71.0,0.013,35.0,155.97,0.06462,-0.587,0.00494,0.00343,0.10195
247.14,index_price,1558004343044,open,0.01,230.0,0.001,0.049,0.009356,143.09,0.013,0,ETH-24MAY19-330-C,247.14,133.44,0.007,71.0,0.013,34.0,155.97,0.06462,-0.587,0.00494,0.00343,0.10195
253.33,ETH-28JUN19,1558004343060,open,0.03,2318.0,0.003,0.085,0.043968,100.07,0.023,0.0,ETH-28JUN19-200-P,247.14,85.8,0.031,175.0,0.043,60.0,99.03,0.23916,-0.27909,-0.07103,0.00317,-0.1947
247.14,index_price,1558004343074,open,0.07,60.0,0.059,0.146,0.102822,123.07,0.052,0,ETH-24MAY19-260-P,247.14,104.19,0.092,68.0,0.102,71.0,121.69,0.14223,-1.11126,-0.03617,0.00877,-0.57543
247.14,index_price,1558004343079,open,0.07,60.0,0.059,0.146,0.102822,123.07,0.052,0,ETH-24MAY19-260-P,247.14,104.19,0.092,68.0,0.101,58.0,119.95,0.14223,-1.11126,-0.03617,0.00877,-0.57543
253.34,ETH-28JUN19,1558004343094,open,0.0,9747.0,0.001,0.043,0.003285,105.68,0.003,0.0,ETH-28JUN19-130-P,247.14,87.87,0.001,100.0,0.005,122.0,114.21,0.04474,-0.05514,-0.00738,0.00056,-0.02153
7946.71,BTC-27SEP19,1558004343129,open,0.58,6.1,0.545,0.673,0.60887782,96.29,1.781,0.0,BTC-27SEP19-12000-P,7855.33,0.0,0.01,10.0,1.351,0.3,499.71,17.6146,-6.33467,-37.0131,8e-05,-0.66099
7932.64,BTC-28JUN19,1558004343130,open,0.42,97.0,0.3715,0.451,0.4111469,106.02,0.1965,0.0,BTC-28JUN19-4750-C,7855.33,0.0,0.12,0.5,0.7035,2.0,500.0,3.04949,-3.77033,4.96921,4e-05,0.94442
7946.71,BTC-27SEP19,1558004343130,open,0.76,0.0,0.7165,0.796,0.75638541,106.39,None,0.0,BTC-27DEC19-2000-C,7855.33,0.0,0.0125,5.0,0.9915,0.5,500.0,2.92269,-0.69135,10.98514,1e-05,0.98076
7855.33,index_price,1558004343129,open,0.0,513.0,0.0005,0.0415,0.00147526,134.08,0.001,0,BTC-31MAY19-4500-P,7855.33,126.7,0.001,3.3,0.002,10.0,140.62,0.57054,-2.5712,-0.04997,2e-05,-0.01413
7855.33,index_price,1558004343129,open,0.04,365.9,0.0005,0.0695,0.02985405,116.03,0.054,0,BTC-17MAY19-7750-C,7855.33,95.47,0.026,15.0,0.036,15.0,148.42,1.48165,-98.15787,0.10837,0.00086,0.60486
7855.33,index_price,1558004343129,open,0.17,22.0,0.1355,0.23,0.18276753,107.03,0.199,0,BTC-31MAY19-9000-P,7855.33,88.1,0.17,15.0,0.1855,15.0,110.89,5.52204,-19.86507,-2.82297,0.00021,-0.69901
7932.69,BTC-28JUN19,1558004343134,open,0.02,300.6,0.0005,0.0585,0.01859182,106.26,0.02,0.0,BTC-28JUN19-13000-C,7855.33,101.56,0.0155,39.9,0.022,19.9,111.04,5.44375,-6.74577,0.94642,7e-05,0.12016
7932.69,BTC-28JUN19,1558004343135,open,0.05,153.3,0.0075,0.091,0.04918044,95.75,0.0425,0.0,BTC-28JUN19-6500-P,7855.33,91.6,0.045,33.0,0.054,17.0,100.46,8.05726,-8.99665,-2.51144,0.00011,-0.22033
7946.76,BTC-27SEP19,1558004343135,open,0.14,43.6,0.1035,0.195,0.14913348,90.66,0.1525,0.0,BTC-27SEP19-7000-P,7855.33,86.6,0.1405,5.0,0.156,16.2,93.89,16.89669,-5.72128,-13.28282,8e-05,-0.30658
7932.69,BTC-28JUN19,1558004343135,open,0.01,400.0,0.0005,0.0525,0.01292987,107.61,0.015,0.0,BTC-28JUN19-14000-C,7855.33,103.92,0.011,20.0,0.0155,2.0,112.1,4.32603,-5.42861,0.69552,5e-05,0.08757
7855.33,index_price,1558004343131,open,0.38,0.0,0.3245,0.404,0.36410062,134.88,None,0,BTC-24MAY19-5000-C,7855.33,0.0,0.0035,1.1,0.0,0.0,0.0,0.27164,-2.32614,1.06312,2e-05,0.99132
7932.69,BTC-28JUN19,1558004343135,open,0.0,399.3,0.0005,0.0435,0.00338595,127.52,0.002,0.0,BTC-28JUN19-3500-P,7855.33,117.04,0.002,5.2,0.005,30.0,136.84,1.21944,-1.81341,-0.20188,1e-05,-0.01828
7855.33,index_price,1558004343134,open,0.0,240.1,0.0005,0.04,0.00041611,135.0,0.001,0,BTC-31MAY19-4000-P,7855.33,150.75,0.001,1.6,0.0015,13.8,159.7,0.20844,-0.94585,-0.01572,1e-05,-0.00449
7855.33,index_price,1558004343134,open,0.29,301.7,0.236,0.3155,0.27586316,113.75,0.3225,0,BTC-31MAY19-5750-C,7855.33,0.0,0.1015,1.0,0.2885,3.0,150.67,2.13667,-8.16934,2.09318,7e-05,0.92968
7855.33,index_price,1558004343130,open,0.02,210.3,0.0005,0.0545,0.01486716,116.18,0.0185,0,BTC-17MAY19-8000-C,7855.33,114.22,0.0145,2.5,0.0185,2.7,135.44,1.47082,-97.56628,0.06977,0.00086,0.38505
7855.33,index_price,1558004343135,open,0.1,189.8,0.0405,0.12,0.08006975,129.72,0.13,0,BTC-17MAY19-7250-C,7855.33,98.74,0.078,5.0,0.0875,5.0,196.26,0.66467,-49.23078,0.15493,0.00035,0.90214
7855.33,index_price,1558004343135,open,0.0,523.5,0.0005,0.0425,0.00264582,122.74,0.003,0,BTC-31MAY19-5000-P,7855.33,116.95,0.002,25.0,0.003,4.5,125.56,0.95045,-3.921,-0.09095,3e-05,-0.02576
7946.76,BTC-27SEP19,1558004343135,open,0.11,59.8,0.06,0.1395,0.09994718,92.21,0.112,0.0,BTC-27DEC19-15000-C,7855.33,88.53,0.09,10.0,0.1095,1.0,95.65,21.78354,-4.46596,9.93941,6e-05,0.30296
259.45,ETH-27SEP19,1558004343141,open,0.27,1963.0,0.219,0.298,0.258624,95.58,0.263,0.0,ETH-27SEP19-240-C,247.26,81.32,0.227,60.0,0.27,60.0,100.74,0.57296,-0.20453,0.38599,0.00243,0.66424
259.45,ETH-27SEP19,1558004343140,open,0.09,380.0,0.051,0.13,0.090901,104.72,0.104,0.0,ETH-27SEP19-440-C,247.26,98.51,0.078,100.0,0.105,100.0,111.28,0.5488,-0.21465,0.20186,0.00212,0.30303
259.45,ETH-27SEP19,1558004343141,open,0.59,0.0,0.587,0.719,0.653016,104.11,None,0.0,ETH-27SEP19-400-P,247.26,0.0,0.0,0.0,0.0,0.0,0.0,0.58511,-0.22752,-1.23501,0.00228,-0.64478
253.35,ETH-28JUN19,1558004343141,open,0.28,0.0,0.272,0.377,0.324687,104.37,None,0.0,ETH-28JUN19-320-P,247.26,0.0,0.001,3.0,0.0,0.0,0.0,0.30959,-0.3768,-0.29968,0.00393,-0.68227
253.35,ETH-28JUN19,1558004343141,open,0.0,1501.0,0.001,0.041,0.001106,148.08,0.001,0.0,ETH-28JUN19-80-P,247.26,0.0,0.0,0.0,0.002,118.0,160.93,0.01429,-0.02467,-0.00205,0.00013,-0.00578
259.57,ETH-27SEP19,1558004343141,open,0.53,31.0,0.521,0.647,0.583805,102.15,0.55,0.0,ETH-27SEP19-380-P,247.26,0.0,0.001,2.0,0.0,0.0,0.0,0.59832,-0.22827,-1.14655,0.00237,-0.62048
259.57,ETH-27SEP19,1558004343141,open,0.71,0.0,0.655,0.734,0.694685,98.33,None,0.0,ETH-27SEP19-80-C,247.26,0.0,0.003,10.0,0.0,0.0,0.0,0.04723,-0.01734,0.27975,0.00019,0.98852
259.57,ETH-27SEP19,1558004343141,open,0.14,1283.0,0.09,0.169,0.129336,100.0,0.156,0.0,ETH-27SEP19-360-C,247.26,94.29,0.116,100.0,0.142,100.0,105.36,0.60974,-0.22773,0.26362,0.00247,0.40623
259.57,ETH-27SEP19,1558004343141,open,0.64,0.0,0.582,0.661,0.621788,95.08,None,0.0,ETH-27SEP19-100-C,247.26,0.0,0.003,10.0,0.0,0.0,0.0,0.09471,-0.03363,0.3354,0.0004,0.97408
253.35,ETH-28JUN19,1558004343141,open,0.34,3388.0,0.274,0.353,0.313485,99.99,0.305,0.0,ETH-28JUN19-180-C,247.26,0.0,0.079,100.0,0.32,2.0,109.06,0.17498,-0.20404,0.16822,0.00232,0.87874
259.57,ETH-27SEP19,1558004343142,open,0.01,7287.0,0.001,0.056,0.01627,95.65,0.024,0.0,ETH-27SEP19-120-P,247.26,67.04,0.003,271.0,0.015,116.0,93.66,0.16844,-0.06017,-0.06543,0.00071,-0.05246
247.26,index_price,1558004343141,open,0.43,0.0,0.354,0.433,0.39377,140.95,None,0,ETH-24MAY19-150-C,247.26,0.0,0.002,9.0,0.0,0.0,0.0,0.00609,-0.05452,0.03203,0.00033,0.99409
259.57,ETH-27SEP19,1558004343142,open,0.24,754.0,0.186,0.265,0.225001,94.67,0.235,0.0,ETH-27SEP19-260-C,247.26,83.09,0.198,60.0,0.241,60.0,101.59,0.60239,-0.21299,0.36817,0.00257,0.61171
247.26,index_price,1558004343141,open,0.17,208.0,0.096,0.175,0.135487,120.0,0.187,0,ETH-24MAY19-220-C,247.26,99.96,0.127,150.0,0.154,150.0,159.69,0.10931,-0.83272,0.03405,0.00691,0.77362
253.35,ETH-28JUN19,1558004343143,open,0.59,10.0,0.529,0.608,0.568509,124.87,0.265,0.0,ETH-28JUN19-110-C,247.26,0.0,0.028,1.0,0.0,0.0,0.0,0.03337,-0.04859,0.12387,0.00035,0.98474
247.26,index_price,1558004343140,open,0.21,0.0,0.219,0.32,0.269422,139.78,None,0,ETH-24MAY19-310-P,247.26,0.0,0.0,0.0,0.0,0.0,0.0,0.088,-0.78096,-0.05924,0.00477,-0.84102
247.26,index_price,1558004343141,open,0.35,234.0,0.276,0.355,0.315428,146.73,0.219,0,ETH-24MAY19-170-C,247.26,0.0,0.001,17.0,0.0,0.0,0.0,0.02637,-0.24566,0.03479,0.00136,0.96755
247.26,index_price,1558004343140,open,0.0,220.0,0.001,0.04,0.0,150.77,0.002,0,ETH-17MAY19-130-P,247.26,0.0,0.0,0.0,0.001,150.0,500.0,0.0,0.0,0.0,0.0,0.0
247.26,index_price,1558004343141,open,0.39,731.0,0.313,0.392,0.352594,0.0,0.29,0,ETH-17MAY19-160-C,247.26,0.0,0.05,2.0,0.0,0.0,0.0,0.0,0.0,0.00384,0.0,1.0
247.26,index_price,1558004343140,open,0.31,0.0,0.328,0.438,0.383118,147.98,None,0,ETH-24MAY19-340-P,247.26,0.0,0.0,0.0,0.0,0.0,0.0,0.05773,-0.54237,-0.06913,0.00296,-0.91255
247.26,index_price,1558004343141,open,0.46,1.0,0.394,0.473,0.433788,0.0,0.373,0,ETH-24MAY19-140-C,247.26,0.0,0.006,6.0,0.0,0.0,0.0,0.0,0.0,0.03021,0.0,1.0
247.26,index_price,1558004343140,open,0.28,0.0,0.291,0.398,0.344631,145.35,None,0,ETH-24MAY19-330-P,247.26,0.0,0.0,0.0,0.0,0.0,0.0,0.06673,-0.61578,-0.06606,0.00348,-0.89348
247.26,index_price,1558004343140,open,0.39,0.0,0.315,0.394,0.354247,145.87,0.196,0,ETH-24MAY19-160-C,247.26,0.0,0.001,11.0,0.0,0.0,0.0,0.01472,-0.13634,0.03359,0.00077,0.98376
247.26,index_price,1558004343141,open,0.0,106.0,0.001,0.04,0.000428,150.27,0.007,0,ETH-17MAY19-290-C,247.26,194.31,0.002,60.0,0.007,750.0,260.64,0.00501,-0.10593,0.0001,0.00227,0.01661
247.26,index_price,1558004343141,open,0.24,0.0,0.255,0.358,0.30661,142.39,None,0,ETH-24MAY19-320-P,247.26,0.0,0.0,0.0,0.0,0.0,0.0,0.07666,-0.69303,-0.0628,0.00408,-0.87042
247.26,index_price,1558004343141,open,0.35,398.0,0.273,0.352,0.312131,0.0,0.35,0,ETH-17MAY19-170-C,247.26,0.0,0.001,25.0,0.42,2.0,500.0,0.0,0.0,0.00408,0.0,1.0
247.26,index_price,1558004343141,open,0.31,133.0,0.235,0.314,0.274945,127.3,0.26,0,ETH-24MAY19-180-C,247.26,0.0,0.001,21.0,0.0,0.0,0.0,0.02912,-0.23536,0.03673,0.00173,0.96338
7932.69,BTC-28JUN19,1558004343153,open,0.34,139.1,0.287,0.3665,0.32699686,99.52,0.328,0.0,BTC-28JUN19-5500-C,7855.33,90.29,0.3215,4.6,0.332,6.8,107.15,5.00148,-5.80465,5.27701,7e-05,0.8933
7855.33,index_price,1558004343168,open,0.05,102.7,0.002,0.0815,0.04198997,106.66,0.046,0,BTC-24MAY19-8250-C,7855.33,102.29,0.0395,10.0,0.047,2.6,115.42,4.47845,-30.32643,0.61916,0.00032,0.40728
7946.76,BTC-27SEP19,1558004343190,open,1.54,0.0,1.4775,1.6835,1.58036686,97.31,None,0.0,BTC-27DEC19-20000-P,7855.33,0.0,0.006,5.0,2.4395,0.2,500.0,17.68487,-3.82639,-116.33332,5e-05,-0.79573
7946.76,BTC-27SEP19,1558004343224,open,0.04,94.8,0.0005,0.0825,0.04124161,89.14,0.042,0.0,BTC-27DEC19-4000-P,7855.33,85.4,0.0365,10.0,0.0445,5.2,91.63,10.2622,-2.03386,-6.5037,3e-05,-0.0916
247.26,index_price,1558004343358,open,0.07,60.0,0.059,0.146,0.102822,123.69,0.052,0,ETH-24MAY19-260-P,247.26,104.78,0.092,67.0,0.101,58.0,120.52,0.14242,-1.11836,-0.03609,0.00873,-0.57365
247.26,index_price,1558004343361,open,0.07,60.0,0.059,0.146,0.102822,123.69,0.052,0,ETH-24MAY19-260-P,247.26,104.78,0.092,67.0,0.101,59.0,120.52,0.14242,-1.11836,-0.03609,0.00873,-0.57365
247.26,index_price,1558004343403,open,0.06,534.0,0.001,0.078,0.038665,124.17,0.045,0,ETH-24MAY19-270-C,247.26,121.09,0.037,70.0,0.047,73.0,139.34,0.13423,-1.05809,0.01649,0.00819,0.34783
253.35,ETH-28JUN19,1558004343426,open,0.12,949.0,0.058,0.137,0.097996,101.02,0.1,0.0,ETH-28JUN19-280-C,247.26,95.86,0.091,109.0,0.107,60.0,107.63,0.3441,-0.40535,0.10592,0.00452,0.45391
253.35,ETH-28JUN19,1558004343450,open,0.0,4770.0,0.001,0.044,0.004141,121.83,0.001,0.0,ETH-28JUN19-120-P,247.26,97.48,0.001,100.0,0.004,96.0,121.06,0.04703,-0.06681,-0.00803,0.00051,-0.02283
247.26,index_price,1558004343455,open,0.02,198.0,0.001,0.055,0.015072,138.06,0.02,0,ETH-24MAY19-310-C,247.26,128.91,0.012,77.0,0.02,70.0,151.37,0.08668,-0.75976,0.00749,0.00476,0.15537
247.26,index_price,1558004343466,open,0.05,391.0,0.001,0.071,0.031725,130.58,0.05,0,ETH-24MAY19-280-C,247.26,123.09,0.028,70.0,0.037,70.0,140.91,0.1244,-1.03129,0.0138,0.00722,0.29035
247.26,index_price,1558004343483,open,0.05,391.0,0.001,0.071,0.031725,130.58,0.05,0,ETH-24MAY19-280-C,247.26,123.09,0.028,70.0,0.037,66.0,140.91,0.1244,-1.03129,0.0138,0.00722,0.29035
7932.69,BTC-28JUN19,1558004343489,open,0.34,139.1,0.287,0.3665,0.32699686,99.52,0.328,0.0,BTC-28JUN19-5500-C,7855.33,90.29,0.3215,4.6,0.332,6.7,107.15,5.00148,-5.80465,5.27701,7e-05,0.8933
7855.33,index_price,1558004343502,open,0.02,210.3,0.0005,0.0545,0.01486716,116.18,0.0185,0,BTC-17MAY19-8000-C,7855.33,114.22,0.0145,2.3,0.0185,2.7,135.44,1.47082,-97.56628,0.06977,0.00086,0.38505
7855.33,index_price,1558004343503,open,0.02,210.3,0.0005,0.0545,0.01486716,116.18,0.0185,0,BTC-17MAY19-8000-C,7855.33,114.22,0.0145,2.3,0.018,2.0,132.8,1.47082,-97.56628,0.06977,0.00086,0.38505
7855.33,index_price,1558004343513,open,0.0,194.3,0.0005,0.043,0.00301585,129.79,0.005,0,BTC-17MAY19-7250-P,7855.33,140.71,0.004,2.0,0.005,13.0,150.74,0.66523,-23.69046,-0.01903,0.00035,-0.09798
7932.64,BTC-28JUN19,1558004343515,open,0.0,680.4,0.0005,0.0405,0.00051607,135.0,0.001,0.0,BTC-28JUN19-2500-P,7855.33,134.51,0.0005,7.2,0.002,2.8,161.19,0.26334,-0.41457,-0.03459,0.0,-0.0032
7932.64,BTC-28JUN19,1558004343517,open,0.07,74.0,0.0295,0.115,0.07231943,95.51,0.07,0.0,BTC-28JUN19-7000-P,7855.33,90.98,0.067,14.7,0.0775,19.3,99.9,9.34565,-10.40945,-3.40058,0.00013,-0.29262
253.35,ETH-28JUN19,1558004343662,open,0.02,3880.0,0.001,0.056,0.016934,129.92,0.013,0.0,ETH-28JUN19-500-C,247.26,122.72,0.013,138.0,0.024,20.0,140.97,0.148,-0.22423,0.02356,0.00151,0.09609
253.35,ETH-28JUN19,1558004343664,open,0.03,2318.0,0.003,0.085,0.043968,100.08,0.023,0.0,ETH-28JUN19-200-P,247.26,85.82,0.031,174.0,0.043,60.0,99.05,0.23915,-0.2791,-0.07102,0.00317,-0.19466
253.35,ETH-28JUN19,1558004343724,open,0.05,2328.0,0.03,0.114,0.07189,100.08,0.049,0.0,ETH-28JUN19-220-P,247.26,91.45,0.062,112.0,0.074,60.0,101.91,0.29227,-0.34112,-0.10471,0.00387,-0.27995
253.35,ETH-28JUN19,1558004343774,open,0.0,7229.0,0.001,0.047,0.007174,100.07,0.008,0.0,ETH-28JUN19-150-P,247.26,70.64,0.001,111.0,0.008,660.0,102.56,0.08171,-0.09535,-0.01541,0.00108,-0.0446
7855.33,index_price,1558004343788,open,0.01,37.2,0.0005,0.048,0.00805967,121.09,0.0145,0,BTC-24MAY19-10000-C,7855.33,114.84,0.0065,25.0,0.011,25.0,131.51,2.05986,-15.83529,0.15985,0.00013,0.10237
259.45,ETH-27SEP19,1558004343783,open,0.41,1.0,0.396,0.512,0.454002,99.13,1.043,0.0,ETH-27SEP19-340-P,247.26,88.59,0.429,90.0,0.499,90.0,117.83,0.61983,-0.22948,-0.96465,0.00253,-0.55969
253.35,ETH-28JUN19,1558004343787,open,0.0,7229.0,0.001,0.047,0.007174,100.07,0.008,0.0,ETH-28JUN19-150-P,247.26,70.64,0.001,171.0,0.008,660.0,102.56,0.08171,-0.09535,-0.01541,0.00108,-0.0446
7932.64,BTC-28JUN19,1558004343803,open,0.03,234.1,0.0005,0.0735,0.03222381,97.14,0.031,0.0,BTC-28JUN19-6000-P,7855.33,93.17,0.029,16.0,0.0355,5.1,101.06,6.54464,-7.41358,-1.76703,9e-05,-0.15741
7932.69,BTC-28JUN19,1558004343809,open,0.09,25.0,0.057,0.145,0.10099624,95.49,0.096,0.0,BTC-28JUN19-7500-P,7855.33,90.07,0.094,12.0,0.105,0.9,98.58,10.25457,-11.41859,-4.37777,0.00015,-0.3688
247.26,index_price,1558004343806,open,0.12,0.0,0.118,0.21,0.164262,131.67,None,0,ETH-24MAY19-280-P,247.26,50.89,0.134,450.0,0.164,450.0,130.31,0.12482,-1.04344,-0.04653,0.00719,-0.70753
247.26,index_price,1558004343811,open,0.08,0.0,0.089,0.179,0.1339,160.27,None,0,ETH-17MAY19-280-P,247.26,0.0,0.117,150.0,0.136,150.0,182.93,0.01465,-1.34093,-0.00637,0.00623,-0.9388
247.26,index_price,1558004343817,open,0.12,395.0,0.036,0.115,0.075942,147.3,0.138,0,ETH-17MAY19-230-C,247.26,110.49,0.072,150.0,0.09,150.0,250.0,0.02816,-2.36874,0.0046,0.01303,0.85059
247.26,index_price,1558004343828,open,0.2,1135.0,0.112,0.191,0.151011,0.0,0.221,0,ETH-17MAY19-210-C,247.26,0.0,0.149,150.0,0.166,150.0,358.25,0.0,0.0,0.00504,0.0,1.0
247.26,index_price,1558004343842,open,0.15,100.0,0.165,0.261,0.213409,189.74,0.177,0,ETH-17MAY19-300-P,247.26,0.0,0.194,150.0,0.214,150.0,189.9,0.00611,-0.66161,-0.00708,0.00219,-0.97902
247.26,index_price,1558004343864,open,0.12,383.0,0.046,0.125,0.085259,120.25,0.109,0,ETH-24MAY19-240-C,247.26,104.34,0.076,450.0,0.105,450.0,155.44,0.14019,-1.07029,0.02755,0.00884,0.60142
247.26,index_price,1558004343872,open,0.07,518.0,0.011,0.09,0.05097,122.8,0.068,0,ETH-24MAY19-260-C,247.26,107.46,0.042,450.0,0.068,450.0,152.51,0.14235,-1.10979,0.01998,0.00879,0.42531
247.26,index_price,1558004343890,open,0.03,522.0,0.001,0.051,0.011146,149.79,0.04,0,ETH-17MAY19-260-C,247.26,143.25,0.01,1.0,0.023,8.0,219.93,0.03916,-2.72613,0.00147,0.01783,0.25846
247.26,index_price,1558004343912,open,0.2,1135.0,0.112,0.191,0.151011,0.0,0.221,0,ETH-17MAY19-210-C,247.26,0.0,0.15,2.0,0.166,150.0,358.25,0.0,0.0,0.00504,0.0,1.0
247.26,index_price,1558004343922,open,0.12,395.0,0.036,0.115,0.075942,147.3,0.138,0,ETH-17MAY19-230-C,247.26,110.49,0.072,150.0,0.091,150.0,256.3,0.02816,-2.36874,0.0046,0.01303,0.85059
247.26,index_price,1558004343931,open,0.2,1135.0,0.112,0.191,0.151011,0.0,0.221,0,ETH-17MAY19-210-C,247.26,0.0,0.15,2.0,0.167,150.0,366.77,0.0,0.0,0.00504,0.0,1.0
259.57,ETH-27SEP19,1558004343933,open,0.35,2.0,0.339,0.45,0.394757,99.18,0.953,0.0,ETH-27SEP19-320-P,247.26,87.85,0.368,90.0,0.435,90.0,115.64,0.62642,-0.23203,-0.8706,0.00256,-0.51919
247.26,index_price,1558004343960,open,0.07,60.0,0.059,0.146,0.102494,123.69,0.052,0,ETH-24MAY19-260-P,247.26,104.78,0.092,65.0,0.101,59.0,120.52,0.14242,-1.11836,-0.03609,0.00873,-0.57365
247.26,index_price,1558004343964,open,0.07,60.0,0.059,0.146,0.102494,123.69,0.052,0,ETH-24MAY19-260-P,247.26,104.78,0.092,65.0,0.101,60.0,120.52,0.14242,-1.11836,-0.03609,0.00873,-0.57365
247.26,index_price,1558004343973,open,0.08,0.0,0.089,0.179,0.1339,160.27,None,0,ETH-17MAY19-280-P,247.26,0.0,0.116,150.0,0.136,150.0,182.93,0.01465,-1.34093,-0.00637,0.00623,-0.9388
247.26,index_price,1558004343978,open,0.12,0.0,0.118,0.21,0.164262,131.67,None,0,ETH-24MAY19-280-P,247.26,42.64,0.133,450.0,0.164,450.0,130.31,0.12482,-1.04344,-0.04653,0.00719,-0.70753
247.26,index_price,1558004343985,open,0.0,403.0,0.001,0.04,0.000112,150.32,0.009,0,ETH-17MAY19-300-C,247.26,200.58,0.001,101.0,0.006,750.0,287.21,0.00169,-0.02701,3e-05,0.00077,0.00481
247.26,index_price,1558004343993,open,0.23,376.0,0.152,0.231,0.191174,0.0,0.196,0,ETH-17MAY19-200-C,247.26,0.0,0.189,152.0,0.207,150.0,433.33,0.0,0.0,0.0048,0.0,1.0
247.26,index_price,1558004343998,open,0.03,59.0,0.021,0.105,0.062671,150.55,0.07,0,ETH-17MAY19-260-P,247.26,133.22,0.06,43.0,0.069,450.0,188.59,0.03926,-3.37451,-0.00476,0.01778,-0.74036
253.35,ETH-28JUN19,1558004344005,open,0.08,972.0,0.022,0.101,0.061533,104.29,0.085,0.0,ETH-28JUN19-320-C,247.26,96.37,0.052,110.0,0.069,60.0,110.35,0.30951,-0.37643,0.07619,0.00394,0.31752
247.26,index_price,1558004344017,open,0.02,1425.0,0.001,0.08,0.038852,121.02,0.026,0,ETH-24MAY19-230-P,247.26,101.38,0.029,63.0,0.038,73.0,119.05,0.12813,-0.98448,-0.01862,0.00803,-0.30997
247.26,index_price,1558004344021,open,0.09,79.0,0.086,0.176,0.130783,125.14,0.085,0,ETH-24MAY19-270-P,247.26,68.44,0.103,450.0,0.134,450.0,130.34,0.13446,-1.06826,-0.0417,0.00814,-0.65051
247.26,index_price,1558004344027,open,0.11,50.0,0.127,0.22,0.173291,171.15,0.123,0,ETH-17MAY19-290-P,247.26,0.0,0.154,150.0,0.175,150.0,197.05,0.00857,-0.83721,-0.00678,0.00341,-0.96856
247.26,index_price,1558004344033,open,0.02,1425.0,0.001,0.08,0.038852,121.02,0.026,0,ETH-24MAY19-230-P,247.26,101.38,0.029,63.0,0.037,58.0,117.11,0.12813,-0.98448,-0.01862,0.00803,-0.30997
247.26,index_price,1558004344032,open,0.2,148.0,0.127,0.206,0.166433,119.76,0.199,0,ETH-24MAY19-210-C,247.26,93.73,0.158,150.0,0.186,150.0,169.87,0.08644,-0.65722,0.03624,0.00547,0.84529
247.26,index_price,1558004344052,open,0.06,534.0,0.001,0.078,0.038815,124.17,0.045,0,ETH-24MAY19-270-C,247.26,121.09,0.037,73.0,0.047,73.0,139.34,0.13423,-1.05809,0.01649,0.00819,0.34783
7932.69,BTC-28JUN19,1558004344068,open,0.34,139.1,0.287,0.3665,0.32699686,99.52,0.328,0.0,BTC-28JUN19-5500-C,7855.33,90.29,0.3215,4.7,0.332,6.7,107.15,5.00148,-5.80465,5.27701,7e-05,0.8933
247.26,index_price,1558004344058,open,0.27,720.0,0.192,0.271,0.231581,0.0,0.216,0,ETH-17MAY19-190-C,247.26,0.0,0.229,150.0,0.247,150.0,500.0,0.0,0.0,0.00456,0.0,1.0
253.35,ETH-28JUN19,1558004344074,open,0.31,734.0,0.244,0.323,0.283064,100.0,0.31,0.0,ETH-28JUN19-190-C,247.26,41.3,0.251,120.0,0.296,120.0,115.14,0.20782,-0.24236,0.16694,0.00276,0.84397
247.26,index_price,1558004344099,open,0.03,522.0,0.001,0.051,0.011146,149.79,0.04,0,ETH-17MAY19-260-C,247.26,143.25,0.01,1.0,0.024,608.0,225.48,0.03916,-2.72613,0.00147,0.01783,0.25846
247.26,index_price,1558004344103,open,0.2,1135.0,0.112,0.191,0.151011,0.0,0.221,0,ETH-17MAY19-210-C,247.26,0.0,0.149,152.0,0.167,150.0,366.77,0.0,0.0,0.00504,0.0,1.0
7932.64,BTC-28JUN19,1558004344112,open,0.0,680.4,0.0005,0.0405,0.00051611,135.0,0.001,0.0,BTC-28JUN19-2500-P,7855.33,134.51,0.0005,7.2,0.002,2.9,161.19,0.26334,-0.41457,-0.03459,0.0,-0.0032
7932.64,BTC-28JUN19,1558004344114,open,0.07,74.0,0.0295,0.115,0.07232263,95.51,0.07,0.0,BTC-28JUN19-7000-P,7855.33,90.98,0.067,14.7,0.0775,19.4,99.9,9.34565,-10.40945,-3.40058,0.00013,-0.29262
7946.85,BTC-27SEP19,1558004344130,open,0.64,226.1,0.5915,0.671,0.63133276,101.63,0.585,0.0,BTC-27SEP19-3000-C,7855.3,0.0,0.006,20.0,0.6485,2.0,133.34,3.21548,-1.22049,9.89039,1e-05,0.97065
7855.3,index_price,1558004344132,open,0.02,135.2,0.0005,0.069,0.02799124,104.24,0.0205,0,BTC-24MAY19-7250-P,7855.3,94.94,0.0235,20.0,0.0305,12.9,109.33,3.8444,-25.44054,-0.51214,0.00028,-0.27416
7946.82,BTC-27SEP19,1558004344133,open,0.65,0.0,0.6005,0.68,0.64043951,92.79,None,0.0,BTC-27DEC19-3000-C,7855.3,0.0,0.001,1.0,0.989,0.5,500.0,5.84901,-1.20667,15.43025,2e-05,0.9556
253.47,ETH-28JUN19,1558004344140,open,0.9,0.0,0.911,1.07,0.990495,131.44,None,0.0,ETH-28JUN19-500-P,247.33,0.0,0.0,0.0,0.0,0.0,0.0,0.15222,-0.23332,-0.56295,0.00153,-0.90022
259.57,ETH-27SEP19,1558004344140,open,0.86,0.0,0.852,1.005,0.92875,107.63,None,0.0,ETH-27SEP19-480-P,247.33,0.0,0.0,0.0,0.0,0.0,0.0,0.51839,-0.20838,-1.5806,0.00195,-0.73144
259.57,ETH-27SEP19,1558004344140,open,0.45,374.0,0.394,0.473,0.43361,95.6,0.45,0.0,ETH-27SEP19-160-C,247.33,61.78,0.397,1.0,0.5,5.0,142.79,0.33299,-0.11889,0.41523,0.00141,0.86975
253.47,ETH-28JUN19,1558004344140,open,0.54,0.0,0.547,0.675,0.61075,118.14,None,0.0,ETH-28JUN19-400-P,247.33,0.0,0.0,0.0,0.0,0.0,0.0,0.22609,-0.31149,-0.42669,0.00254,-0.82233
253.47,ETH-28JUN19,1558004344140,open,0.4,0.0,0.407,0.523,0.464716,112.15,None,0.0,ETH-28JUN19-360-P,247.33,0.0,0.0,0.0,0.0,0.0,0.0,0.26732,-0.34962,-0.36597,0.00316,-0.76442
259.64,ETH-27SEP19,1558004344141,open,0.47,51.0,0.457,0.577,0.516908,100.41,0.488,0.0,ETH-27SEP19-360-P,247.33,92.29,0.498,40.0,0.566,90.0,120.99,0.61046,-0.22893,-1.05628,0.00246,-0.59226
259.64,ETH-27SEP19,1558004344142,open,0.59,0.0,0.587,0.719,0.652916,104.49,None,0.0,ETH-27SEP19-400-P,247.33,0.0,0.0,0.0,0.0,0.0,0.0,0.58657,-0.22891,-1.23413,0.00227,-0.64301
247.33,index_price,1558004344141,open,0.43,273.0,0.354,0.433,0.393351,0.0,0.262,0,ETH-17MAY19-150-C,247.33,0.0,0.001,20.0,0.0,0.0,0.0,0.0,0.0,0.0036,0.0,1.0
253.54,ETH-28JUN19,1558004344294,open,0.02,3880.0,0.001,0.056,0.01694,129.83,0.013,0.0,ETH-28JUN19-500-C,247.33,122.62,0.013,137.0,0.024,20.0,140.86,0.1482,-0.22438,0.0236,0.00151,0.09617
247.33,index_price,1558004344296,open,0.0,845.0,0.001,0.04,3.9e-05,150.84,0.001,0,ETH-17MAY19-200-P,247.33,0.0,0.0,0.0,0.001,109.0,224.3,0.0007,-0.0097,-1e-05,0.00031,-0.0018
247.33,index_price,1558004344298,open,0.01,415.0,0.001,0.057,0.016633,151.1,0.02,0,ETH-17MAY19-240-P,247.33,141.83,0.015,62.0,0.019,39.0,164.38,0.0438,-3.77914,-0.00205,0.01975,-0.32871
247.33,index_price,1558004344319,open,0.01,415.0,0.001,0.057,0.016633,151.1,0.02,0,ETH-17MAY19-240-P,247.33,141.83,0.015,62.0,0.019,44.0,164.38,0.0438,-3.77914,-0.00205,0.01975,-0.32871
247.33,index_price,1558004344326,open,0.01,448.0,0.001,0.076,0.035445,151.39,0.027,0,ETH-17MAY19-250-P,247.33,143.95,0.034,57.0,0.039,62.0,169.67,0.04805,-4.1536,-0.00343,0.02163,-0.54289
247.33,index_price,1558004344335,open,0.01,448.0,0.001,0.076,0.035445,151.39,0.027,0,ETH-17MAY19-250-P,247.33,143.95,0.034,57.0,0.039,70.0,169.67,0.04805,-4.1536,-0.00343,0.02163,-0.54289
7932.61,BTC-28JUN19,1558004344378,open,0.34,139.1,0.287,0.3665,0.32699548,99.53,0.328,0.0,BTC-28JUN19-5500-C,7855.3,90.3,0.3215,4.6,0.332,6.7,107.15,5.00201,-5.80566,5.27681,7e-05,0.89328
7855.3,index_price,1558004344461,open,0.13,7.4,0.1005,0.192,0.14623071,134.72,0.134,0,BTC-17MAY19-9000-P,7855.3,0.0,0.1385,5.0,0.15,5.0,204.16,0.1961,-15.08425,-0.21202,0.0001,-0.97875
7946.82,BTC-27SEP19,1558004344487,open,0.34,1.0,0.3045,0.4125,0.35836822,87.85,0.3375,0.0,BTC-27DEC19-9000-P,7855.3,81.6,0.339,3.0,0.3795,3.0,94.72,24.5508,-4.7957,-38.83084,7e-05,-0.43474
253.54,ETH-28JUN19,1558004344567,open,0.02,3880.0,0.001,0.056,0.01694,129.83,0.013,0.0,ETH-28JUN19-500-C,247.33,122.62,0.013,138.0,0.024,20.0,140.86,0.1482,-0.22438,0.0236,0.00151,0.09617
247.33,index_price,1558004344570,open,0.01,230.0,0.001,0.049,0.009401,142.98,0.013,0,ETH-24MAY19-330-C,247.33,133.18,0.007,71.0,0.013,32.0,155.68,0.06487,-0.58884,0.00496,0.00344,0.1024
247.33,index_price,1558004344592,open,0.07,60.0,0.059,0.146,0.102494,123.45,0.052,0,ETH-24MAY19-260-P,247.33,105.12,0.092,62.0,0.101,60.0,120.85,0.14248,-1.11671,-0.03607,0.00874,-0.57332
