underlying_price,underlying_index,timestamp,state,settlement_price,open_interest,min_price,max_price,mark_price,mark_iv,last_price,interest_rate,instrument_name,index_price,bid_iv,best_bid_price,best_bid_amount,best_ask_price,best_ask_amount,ask_iv,vega,theta,rho,gamma,delta
11054.92,BTC-27SEP19,1561287539988,open,0.59,58.5,0.5385,0.618,0.57825045,99.41,0.4475,0.0,BTC-27DEC19-5000-C,10522.74,0.0,0.0045,10.0,0.695,14.0,195.5,10.69396,-2.84429,19.87346,2e-05,0.92937
10672.02,BTC-28JUN19,1561287540015,open,0.26,600.6,0.211,0.2905,0.25085349,111.08,0.245,0.0,BTC-28JUN19-8000-C,10522.74,0.0,0.2245,5.0,0.2765,5.0,271.29,0.34237,-3.90012,1.05303,2e-05,0.98952
11054.92,BTC-27SEP19,1561287540024,open,0.9,0.0,0.848,1.0015,0.92491177,103.83,None,0.0,BTC-27DEC19-20000-P,10522.74,0.0,0.0045,5.0,1.711,0.2,499.92,28.81343,-8.00461,-89.99621,4e-05,-0.66513
10672.02,BTC-28JUN19,1561287540049,open,0.0,884.7,0.0005,0.04,0.0,109.99,0.0005,0.0,BTC-28JUN19-5500-P,10522.74,0.0,0.0,0.0,0.002,0.1,286.8,0.0,-2e-05,0.0,0.0,0.0
11054.92,BTC-27SEP19,1561287540063,open,1.55,0.1,1.4935,1.701,1.5972357,107.59,2.02,0.0,BTC-27DEC19-28000-P,10522.74,0.0,0.0,0.0,0.0,0.0,0.0,22.50413,-6.4779,-135.37478,3e-05,-0.79455
11054.92,BTC-27SEP19,1561287540065,open,0.51,0.0,0.474,0.596,0.5350141,102.34,None,0.0,BTC-27SEP19-16000-P,10522.74,0.0,0.0045,10.0,1.208,0.2,499.89,20.49423,-10.93801,-35.02001,6e-05,-0.67098
10672.02,BTC-28JUN19,1561287540073,open,0.35,810.5,0.3045,0.384,0.34412646,122.53,0.364,0.0,BTC-28JUN19-7000-C,10522.74,0.0,0.313,5.0,0.386,5.0,423.46,0.04717,-0.59271,0.93336,0.0,0.99885
11054.92,BTC-27SEP19,1561287540099,open,0.55,56.8,0.5045,0.584,0.54407759,99.4,0.545,0.0,BTC-27DEC19-5500-C,10522.74,0.0,0.0045,10.0,0.978,5.0,500.0,12.90665,-3.43246,20.67841,2e-05,0.90942
10672.02,BTC-28JUN19,1561287540151,open,0.08,11.0,0.0295,0.109,0.06934173,107.2,0.0665,0.0,BTC-26JUL19-12500-C,10522.74,103.36,0.065,5.0,0.0735,5.0,110.86,12.09821,-19.7249,2.89474,0.00011,0.37049
11054.92,BTC-27SEP19,1561287540151,open,1.89,0.3,1.8285,2.0635,1.94589316,109.67,2.435,0.0,BTC-27DEC19-32000-P,10522.74,0.0,0.0,0.0,0.0,0.0,0.0,19.86697,-5.82976,-157.22725,3e-05,-0.83198
11054.92,BTC-27SEP19,1561287540181,open,0.73,225.7,0.69,0.7695,0.72963455,110.09,0.693,0.0,BTC-27SEP19-3000-C,10522.74,0.0,0.0045,20.0,0.9395,5.0,500.0,0.78223,-0.44909,7.71311,0.0,0.99525
10672.02,BTC-28JUN19,1561287540181,open,0.32,17.0,0.274,0.3535,0.31353759,103.1,0.246,0.0,BTC-26JUL19-7500-C,10522.74,0.0,0.005,0.1,0.0,0.0,0.0,5.52709,-8.66688,5.65914,5e-05,0.90228
11054.92,BTC-27SEP19,1561287540183,open,1.06,0.0,1.005,1.1715,1.08835264,104.72,None,0.0,BTC-27DEC19-22000-P,10522.74,0.0,0.0055,2.0,1.8875,0.3,499.95,27.22025,-7.62673,-101.59947,4e-05,-0.70669
10672.02,BTC-28JUN19,1561287540194,open,0.04,919.8,0.0005,0.0715,0.03195066,97.63,0.0345,0.0,BTC-28JUN19-11000-C,10522.74,89.96,0.0285,5.3,0.036,5.0,106.59,4.81155,-48.17454,0.54766,0.00032,0.41612
11054.92,BTC-27SEP19,1561287540225,open,0.0,77.0,0.0005,0.043,0.00323251,109.29,0.0045,0.0,BTC-27SEP19-3750-P,10522.74,84.47,0.0005,20.0,0.0055,6.0,120.08,1.96494,-1.11988,-0.48714,1e-05,-0.01354
10672.02,BTC-28JUN19,1561287540234,open,0.0,850.0,0.0005,0.04,0.0,110.0,0.0005,0.0,BTC-28JUN19-3000-P,10522.74,0.0,0.0,0.0,0.002,3.0,500.0,0.0,0.0,0.0,0.0,0.0
10672.02,BTC-28JUN19,1561287540236,open,0.25,27.8,0.2005,0.28,0.24039587,103.08,0.1925,0.0,BTC-26JUL19-8500-C,10522.74,96.26,0.235,7.0,0.262,7.0,128.57,8.59697,-13.4777,5.50729,8e-05,0.81334
10672.02,BTC-28JUN19,1561287540270,open,0.34,0.0,0.3,0.408,0.35412581,108.89,None,0.0,BTC-26JUL19-14000-P,10522.74,0.0,0.0,0.0,0.0,0.0,0.0,10.22818,-16.93934,-10.59074,9e-05,-0.74766
11054.92,BTC-27SEP19,1561287540274,open,0.83,0.0,0.783,0.931,0.85709385,104.72,None,0.0,BTC-27SEP19-20000-P,10522.74,0.0,0.0045,10.0,1.5445,0.2,500.0,15.93399,-8.70211,-48.07532,5e-05,-0.79849
10672.02,BTC-28JUN19,1561287540284,open,0.45,1675.0,0.398,0.4775,0.43780803,156.16,0.4595,0.0,BTC-28JUN19-6000-C,10522.74,0.0,0.4015,5.0,0.4835,5.0,500.0,0.02263,-0.36244,0.80071,0.0,0.99948
11054.92,BTC-27SEP19,1561287540291,open,0.7,4.0,0.6535,0.733,0.693322,102.69,0.59,0.0,BTC-27DEC19-3500-C,10522.74,0.0,0.0045,10.0,0.78,1.0,215.26,4.87576,-1.33965,15.85005,1e-05,0.97336
10672.02,BTC-28JUN19,1561287540295,open,0.0,685.1,0.0005,0.04,0.0,110.0,0.001,0.0,BTC-28JUN19-2500-P,10522.74,0.0,0.0,0.0,0.0005,8.0,497.5,0.0,0.0,0.0,0.0,0.0
10672.02,BTC-28JUN19,1561287540309,open,0.2,1.8,0.1725,0.2695,0.22083773,103.31,0.2075,0.0,BTC-28JUN19-13000-P,10522.74,0.0,0.1855,5.0,0.2325,5.0,158.11,1.38373,-14.65966,-1.66115,9e-05,-0.94441
10672.02,BTC-28JUN19,1561287540310,open,0.7,0.1,0.6555,0.735,0.6954816,302.26,0.395,0.0,BTC-28JUN19-3250-C,10522.74,0.0,0.0015,1.0,0.0,0.0,0.0,0.00816,-0.25308,0.43387,0.0,0.99983
10672.02,BTC-28JUN19,1561287540310,open,0.45,0.0,0.4015,0.481,0.4411195,106.29,None,0.0,BTC-26JUL19-6000-C,10522.74,0.0,0.0035,1.0,0.0,0.0,0.0,1.85451,-2.99794,5.1345,2e-05,0.97528
11054.92,BTC-27SEP19,1561287540310,open,1.22,0.0,1.166,1.3455,1.25574886,105.79,None,0.0,BTC-27DEC19-24000-P,10522.74,0.0,0.0055,1.0,2.0645,0.2,500.0,25.61991,-7.2514,-113.00125,4e-05,-0.74074
10671.76,BTC-28JUN19,1561287540735,open,0.02,45.0,0.0005,0.0695,0.02879549,101.57,0.0225,0.0,BTC-28JUN19-10250-P,10522.74,94.97,0.026,28.8,0.032,24.0,109.07,4.53828,-47.26884,-0.53111,0.00029,-0.34377
11054.76,BTC-27SEP19,1561287540942,open,0.03,12.4,0.0005,0.0635,0.02366671,109.99,0.0305,0.0,BTC-27SEP19-26000-C,10522.81,107.1,0.021,6.0,0.028,6.0,114.34,10.53849,-6.04469,2.459,3e-05,0.10835
11054.76,BTC-27SEP19,1561287540942,open,1.33,0.0,1.2805,1.4705,1.37550739,109.89,None,0.0,BTC-27SEP19-26000-P,10522.81,0.0,0.0,0.0,0.0,0.0,0.0,10.51894,-6.02845,-65.84158,3e-05,-0.89193
10671.76,BTC-28JUN19,1561287540942,open,0.01,94.1,0.0005,0.0545,0.01422407,101.6,0.011,0.0,BTC-28JUN19-9750-P,10522.81,91.42,0.011,24.0,0.016,34.0,106.95,3.49261,-36.38991,-0.31086,0.00023,-0.20384
10671.76,BTC-28JUN19,1561287540942,open,0.01,78.0,0.0005,0.0445,0.00469479,98.88,0.0075,0.0,BTC-28JUN19-12500-C,10522.81,89.05,0.003,5.0,0.007,30.0,109.82,2.04117,-20.69673,0.12492,0.00014,0.09232
11054.76,BTC-27SEP19,1561287540942,open,0.44,2.0,0.401,0.517,0.45900173,101.27,0.4325,0.0,BTC-27SEP19-15000-P,10522.81,98.67,0.454,3.6,0.471,3.6,107.41,21.41563,-11.30984,-31.58579,7e-05,-0.62874
11054.76,BTC-27SEP19,1561287540943,open,0.11,175.4,0.0625,0.142,0.10217171,101.29,0.111,0.0,BTC-27SEP19-15000-C,10522.81,98.61,0.097,4.9,0.11,8.9,105.31,21.4172,-11.31363,7.81613,7e-05,0.37134
10671.83,BTC-28JUN19,1561287540944,open,0.08,3.7,0.052,0.139,0.09535053,97.46,0.088,0.0,BTC-28JUN19-11500-P,10522.81,88.53,0.092,6.0,0.1,6.0,109.3,4.0922,-40.89843,-1.17393,0.00028,-0.72815
11054.76,BTC-27SEP19,1561287540944,open,0.37,2.0,0.331,0.441,0.38601652,100.18,0.356,0.0,BTC-27SEP19-14000-P,10522.81,98.17,0.382,3.6,0.3985,3.6,106.38,22.14057,-11.56678,-28.06749,7e-05,-0.58057
11054.76,BTC-27SEP19,1561287540944,open,1.16,0.2,1.113,1.289,1.20098124,108.82,1.6,0.0,BTC-27SEP19-24000-P,10522.81,0.0,0.0,0.0,0.0,0.0,0.0,12.19227,-6.91901,-60.04224,3e-05,-0.86674
11054.76,BTC-27SEP19,1561287540944,open,0.15,189.5,0.103,0.1825,0.14260648,99.95,0.143,0.0,BTC-27SEP19-13000-C,10522.81,96.96,0.1365,3.6,0.1505,3.6,103.82,22.56202,-11.76041,9.67998,7e-05,0.47596
10671.83,BTC-28JUN19,1561287540944,open,0.12,16.1,0.089,0.179,0.1339831,98.67,0.1255,0.0,BTC-28JUN19-12000-P,10522.81,87.59,0.131,6.0,0.1375,6.0,110.23,3.06921,-31.0545,-1.38045,0.0002,-0.83438
11054.76,BTC-27SEP19,1561287540944,open,0.1,47.7,0.059,0.147,0.10308244,99.01,0.098,0.0,BTC-27SEP19-9000-P,10522.81,95.92,0.098,5.4,0.105,0.1,100.18,18.1918,-9.3934,-10.39682,6e-05,-0.25496
11054.76,BTC-27SEP19,1561287540942,open,0.03,3.1,0.0005,0.07,0.03031654,110.0,0.042,0.0,BTC-27DEC19-40000-C,10522.81,110.88,0.0315,6.0,0.04,6.0,116.8,14.62136,-4.30316,4.36362,2e-05,0.10741
10671.83,BTC-28JUN19,1561287540945,open,0.68,143.0,0.6325,0.712,0.6720396,265.21,0.55,0.0,BTC-28JUN19-3500-C,10522.81,0.0,0.0005,0.1,0.0,0.0,0.0,0.00374,-0.10159,0.46742,0.0,0.99992
11054.76,BTC-27SEP19,1561287540946,open,0.06,265.3,0.025,0.1095,0.06730246,99.02,0.0635,0.0,BTC-27SEP19-8000-P,10522.81,96.24,0.0635,4.9,0.0705,8.0,101.33,15.19709,-7.84751,-7.3685,5e-05,-0.18645
10671.83,BTC-28JUN19,1561287540946,open,0.65,30.0,0.609,0.6885,0.64861385,250.33,0.298,0.0,BTC-28JUN19-3750-C,10522.81,0.0,0.0015,1.0,0.0,0.0,0.0,0.0042,-0.10774,0.5008,0.0,0.99991
11054.76,BTC-27SEP19,1561287540944,open,0.16,69.3,0.119,0.2115,0.16535169,97.78,0.1625,0.0,BTC-27DEC19-9000-P,10522.81,93.97,0.1565,4.9,0.1665,10.0,98.28,25.65093,-6.71104,-24.06725,4e-05,-0.25987
10671.83,BTC-28JUN19,1561287540943,open,0.16,0.0,0.1245,0.218,0.17123199,103.97,None,0.0,BTC-26JUL19-11500-P,10522.81,86.1,0.15,14.4,0.161,14.4,95.38,12.73283,-20.13311,-6.77191,0.00012,-0.53328
10671.83,BTC-28JUN19,1561287540942,open,0.02,1.1,0.0005,0.0525,0.01288187,110.02,0.016,0.0,BTC-05JUL19-13500-C,10522.81,106.48,0.0115,24.0,0.018,11.0,121.99,4.26135,-19.73964,0.43752,0.0001,0.13889
11054.83,BTC-27SEP19,1561287540946,open,0.19,49.4,0.1495,0.245,0.19732268,99.01,0.178,0.0,BTC-27SEP19-11000-P,10522.81,96.57,0.1925,4.9,0.2065,4.9,103.66,21.83185,-11.27283,-17.23111,7e-05,-0.39607
10671.83,BTC-28JUN19,1561287540942,open,0.03,21.6,0.0005,0.0655,0.02589399,110.03,0.0435,0.0,BTC-05JUL19-12500-C,10522.81,104.82,0.023,24.0,0.033,24.0,122.23,6.02133,-27.89355,0.75296,0.00015,0.24275
10671.83,BTC-28JUN19,1561287540947,open,0.0,266.4,0.0005,0.04,0.0,110.0,0.0005,0.0,BTC-28JUN19-4250-P,10522.81,0.0,0.0,0.0,0.009,1.0,500.0,0.0,0.0,0.0,0.0,0.0
11054.83,BTC-27SEP19,1561287540947,open,0.0,1044.2,0.0005,0.0445,0.00465417,103.94,0.0045,0.0,BTC-27SEP19-4250-P,10522.81,90.32,0.002,6.0,0.0075,6.0,114.04,2.70373,-1.46562,-0.70606,1e-05,-0.01966
11054.83,BTC-27SEP19,1561287540947,open,0.0,432.4,0.0005,0.042,0.00232948,109.9,0.004,0.0,BTC-27SEP19-3500-P,10522.81,0.0,0.0,0.0,0.005,6.0,124.96,1.52007,-0.87121,-0.36023,0.0,-0.01008
11054.83,BTC-27SEP19,1561287540942,open,2.58,0.0,2.503,2.794,2.64850372,109.89,None,0.0,BTC-27DEC19-40000-P,10522.81,0.0,0.0,0.0,0.0,0.0,0.0,14.58586,-4.28854,-200.44419,2e-05,-0.89295
11054.83,BTC-27SEP19,1561287540946,open,1.38,0.0,1.3285,1.522,1.42511803,106.53,None,0.0,BTC-27DEC19-26000-P,10522.81,0.0,0.0045,10.0,2.241,0.2,499.71,23.98267,-6.83555,-124.27743,4e-05,-0.77062
11054.83,BTC-27SEP19,1561287540945,open,0.18,234.2,0.135,0.2145,0.17473956,98.53,0.197,0.0,BTC-27DEC19-15000-C,10522.81,98.45,0.1745,5.0,0.187,6.0,102.84,31.45504,-8.29253,16.59729,5e-05,0.46798
10671.83,BTC-28JUN19,1561287540942,open,0.11,94.8,0.0695,0.1585,0.11397076,103.01,0.105,0.0,BTC-26JUL19-10500-P,10522.81,88.55,0.097,19.3,0.1035,4.0,94.08,12.50628,-19.59305,-5.11313,0.00012,-0.41797
10671.83,BTC-28JUN19,1561287540942,open,0.18,6.0,0.1345,0.214,0.17439268,105.69,0.206,0.0,BTC-05JUL19-9000-C,10522.81,101.32,0.1725,6.0,0.1825,6.0,123.06,4.70867,-20.95209,2.30657,0.00012,0.83869
11054.83,BTC-27SEP19,1561287540946,open,0.06,152.3,0.0175,0.097,0.05729228,108.67,0.058,0.0,BTC-27DEC19-30000-C,10522.81,106.12,0.0525,4.9,0.0625,4.9,111.35,21.14049,-6.14681,7.24903,3e-05,0.18537
11054.83,BTC-27SEP19,1561287540946,open,0.06,176.5,0.0245,0.1095,0.06693337,97.82,0.0595,0.0,BTC-27DEC19-6500-P,10522.81,95.91,0.064,6.0,0.0695,10.0,99.48,17.06767,-4.46713,-11.36033,3e-05,-0.13378
11054.83,BTC-27SEP19,1561287540945,open,1.72,0.2,1.6605,1.8815,1.77101612,108.66,2.2245,0.0,BTC-27DEC19-30000-P,10522.81,0.0,0.0,0.0,0.0,0.0,0.0,21.13712,-6.14518,-146.34887,3e-05,-0.81468
10671.83,BTC-28JUN19,1561287540943,open,0.01,116.2,0.0005,0.05,0.00985645,103.03,0.007,0.0,BTC-26JUL19-7000-P,10522.81,94.86,0.007,24.0,0.0105,3.0,104.71,4.0345,-6.32181,-0.7143,4e-05,-0.06446
11054.83,BTC-27SEP19,1561287540944,open,0.44,3.6,0.4025,0.5185,0.46043757,97.98,0.514,0.0,BTC-27DEC19-14000-P,10522.81,93.27,0.447,3.6,0.4675,3.6,100.45,31.5538,-8.27181,-54.05231,5e-05,-0.49456
11054.83,BTC-27SEP19,1561287540943,open,0.12,319.9,0.076,0.1555,0.11581135,103.85,0.12,0.0,BTC-27DEC19-20000-C,10522.81,101.22,0.109,7.0,0.122,4.9,106.21,28.81575,-8.00675,12.40285,4e-05,0.33495
11054.83,BTC-27SEP19,1561287540945,open,2.24,1.3,2.164,2.4275,2.2958223,109.98,2.889,0.0,BTC-27DEC19-36000-P,10522.81,0.0,0.0,0.0,0.0,0.0,0.0,17.10238,-5.03246,-178.9473,2e-05,-0.86582
11054.83,BTC-27SEP19,1561287540942,open,0.09,135.7,0.045,0.1245,0.08483655,105.82,0.0905,0.0,BTC-27DEC19-24000-C,10522.81,103.27,0.079,2.0,0.0905,4.9,108.23,25.62598,-7.25513,9.87902,4e-05,0.25938
11054.83,BTC-27SEP19,1561287540943,open,0.04,81.0,0.0005,0.083,0.04157837,99.38,0.034,0.0,BTC-27DEC19-5500-P,10522.81,97.15,0.039,6.0,0.0445,10.0,101.86,12.90522,-3.4316,-7.4793,2e-05,-0.09057
11054.83,BTC-27SEP19,1561287540945,open,0.01,96.6,0.0005,0.05,0.00991451,102.67,0.011,0.0,BTC-27DEC19-3500-P,10522.81,100.55,0.009,6.0,0.01,4.0,102.86,4.8736,-1.33879,-2.06825,1e-05,-0.02663
10671.83,BTC-28JUN19,1561287540946,open,0.23,13.0,0.191,0.29,0.24061281,107.17,0.191,0.0,BTC-26JUL19-12500-P,10522.81,82.45,0.2135,14.4,0.225,14.4,93.17,12.09709,-19.71796,-8.36457,0.00011,-0.62959
11054.83,BTC-27SEP19,1561287540947,open,0.17,198.8,0.125,0.2045,0.16454998,101.43,0.165,0.0,BTC-27DEC19-16000-C,10522.81,98.93,0.1575,7.0,0.1725,3.6,104.24,31.21968,-8.4724,15.68899,5e-05,0.44174
10671.83,BTC-28JUN19,1561287540942,open,0.01,51.5,0.0005,0.0485,0.00891223,110.02,0.0115,0.0,BTC-05JUL19-14000-C,10522.81,107.11,0.008,3.0,0.0145,30.0,125.48,3.43451,-15.90928,0.32423,8e-05,0.10229
311.22,ETH-28JUN19,1561287540985,open,0.21,0.0,0.176,0.273,0.224643,110.99,None,0.0,ETH-28JUN19-380-P,305.87,0.0,0.0,0.0,0.309,1.0,349.14,0.04712,-0.53636,-0.04809,0.00328,-0.9322
11054.83,BTC-27SEP19,1561287540986,open,0.28,347.6,0.2355,0.315,0.27538578,97.8,0.292,0.0,BTC-27DEC19-11000-C,10522.81,97.09,0.2735,5.0,0.286,10.0,101.77,29.6086,-7.74756,20.60593,5e-05,0.63945
311.22,ETH-28JUN19,1561287541001,open,0.28,0.0,0.245,0.348,0.296229,109.92,None,0.0,ETH-05JUL19-400-P,305.87,0.0,0.0,0.0,0.0,0.0,0.0,0.1134,-0.52481,-0.11893,0.00327,-0.87832
311.22,ETH-28JUN19,1561287541054,open,0.07,6.0,0.027,0.112,0.069759,99.97,0.064,0.0,ETH-05JUL19-310-P,305.87,0.0,0.0,0.0,0.0,0.0,0.0,0.22256,-0.93676,-0.05318,0.00706,-0.45543
311.22,ETH-28JUN19,1561287541129,open,0.31,0.0,0.273,0.378,0.325905,109.97,None,0.0,ETH-05JUL19-410-P,305.87,0.0,0.0,0.0,0.0,0.0,0.0,0.09739,-0.45089,-0.12429,0.00281,-0.90157
10671.83,BTC-28JUN19,1561287541366,open,0.04,2.5,0.0005,0.075,0.03542747,108.96,0.0375,0.0,BTC-26JUL19-14500-C,10522.81,105.03,0.032,19.3,0.038,19.3,111.82,9.47037,-15.69314,1.76912,8e-05,0.21948
311.21,ETH-28JUN19,1561287541490,open,0.09,0.0,0.05,0.137,0.093282,107.54,None,0.0,ETH-05JUL19-320-P,305.87,0.0,0.0,0.0,0.0,0.0,0.0,0.2237,-1.01288,-0.06195,0.0066,-0.51858
311.21,ETH-28JUN19,1561287541548,open,0.17,0.0,0.118,0.197,0.157356,108.65,None,0.0,ETH-05JUL19-270-C,305.87,0.0,0.0,0.0,0.0,0.0,0.0,0.15964,-0.73032,0.06453,0.00466,0.79468
327.02,ETH-27SEP19,1561287541648,open,0.2,648.0,0.148,0.242,0.19487,102.73,0.205,0.0,ETH-27SEP19-320-P,305.87,99.73,0.189,110.0,0.214,1.0,112.57,0.63836,-0.34199,-0.49413,0.00221,-0.38039
311.21,ETH-28JUN19,1561287541695,open,0.06,1.0,0.014,0.093,0.053276,107.93,0.052,0.0,ETH-05JUL19-330-C,305.87,97.56,0.046,11.0,0.0,0.0,0.0,0.21934,-0.9967,0.03706,0.00645,0.41925
11054.83,BTC-27SEP19,1561287541745,open,0.2,90.8,0.167,0.2635,0.215364,97.78,0.1875,0.0,BTC-27DEC19-10000-P,10522.81,93.7,0.205,4.9,0.2165,5.0,98.24,27.94339,-7.31083,-29.78776,5e-05,-0.31095
11054.76,BTC-27SEP19,1561287541747,open,0.59,0.0,0.5475,0.676,0.61188642,101.41,None,0.0,BTC-27DEC19-16000-P,10522.81,93.27,0.589,3.6,0.611,3.6,101.11,31.21867,-8.4705,-66.22994,5e-05,-0.55833
10671.83,BTC-28JUN19,1561287541749,open,0.16,121.4,0.1135,0.193,0.15309003,103.05,0.1655,0.0,BTC-26JUL19-10000-C,10522.81,103.85,0.154,14.4,0.165,14.4,113.67,11.95445,-18.7358,4.70324,0.00011,0.6424
10671.76,BTC-28JUN19,1561287541762,open,0.16,1.4,0.129,0.223,0.17600376,98.55,0.166,0.0,BTC-28JUN19-12500-P,10522.81,79.13,0.173,6.0,0.18,6.0,116.83,2.02839,-20.4999,-1.54586,0.00014,-0.90846
11054.83,BTC-27SEP19,1561287541765,open,0.08,95.9,0.04,0.1265,0.0832239,97.79,0.0795,0.0,BTC-27DEC19-7000-P,10522.81,95.34,0.079,6.0,0.0855,10.0,99.11,19.08413,-4.99311,-13.64967,3e-05,-0.15795
11054.76,BTC-27SEP19,1561287541767,open,0.3,0.1,0.266,0.371,0.31855837,99.94,0.38,0.0,BTC-27SEP19-13000-P,10522.81,97.46,0.3135,3.6,0.33,3.6,105.55,22.56193,-11.75893,-24.46761,7e-05,-0.52406
11054.76,BTC-27SEP19,1561287541800,open,0.59,0.0,0.5475,0.676,0.61188642,101.41,None,0.0,BTC-27DEC19-16000-P,10522.81,93.09,0.5885,3.6,0.611,3.6,101.11,31.21867,-8.4705,-66.22994,5e-05,-0.55833
11054.76,BTC-27SEP19,1561287541802,open,0.09,103.5,0.048,0.1275,0.08772002,102.36,0.086,0.0,BTC-27SEP19-16000-C,10522.81,99.52,0.0825,8.0,0.0945,4.9,105.99,20.49517,-10.94037,7.00819,6e-05,0.32907
11054.76,BTC-27SEP19,1561287541804,open,0.3,374.3,0.249,0.3285,0.2889676,99.02,0.285,0.0,BTC-27SEP19-9000-C,10522.81,93.86,0.2805,1.3,0.295,6.3,102.68,18.19203,-9.39468,13.24301,6e-05,0.74503
311.21,ETH-28JUN19,1561287541889,open,0.06,828.0,0.008,0.087,0.047466,98.92,0.039,0.0,ETH-28JUN19-310-C,305.87,104.44,0.05,5.0,0.1,2.0,213.59,0.1429,-1.44955,0.02032,0.01117,0.53635
327.06,ETH-27SEP19,1561287541892,open,0.4,861.0,0.352,0.431,0.39152,109.96,0.37,0.0,ETH-27SEP19-220-C,305.87,0.0,0.25,1.0,0.56,10.0,234.84,0.41153,-0.23598,0.38338,0.00133,0.83778
327.06,ETH-27SEP19,1561287541892,open,0.36,0.0,0.314,0.422,0.36821,107.49,None,0.0,ETH-27SEP19-400-P,305.87,0.0,0.0,0.0,0.0,0.0,0.0,0.66602,-0.37336,-0.77667,0.00221,-0.53585
311.21,ETH-28JUN19,1561287541895,open,0.02,633.0,0.001,0.052,0.012897,109.86,0.022,0.0,ETH-28JUN19-350-C,305.87,56.59,0.001,104.0,0.035,1.0,169.56,0.099,-1.11538,0.00755,0.00697,0.19445
311.21,ETH-28JUN19,1561287541895,open,0.22,144.0,0.184,0.282,0.233089,109.94,0.216,0.0,ETH-26JUL19-360-P,305.87,0.0,0.0,0.0,0.0,0.0,0.0,0.35864,-0.59967,-0.23601,0.00374,-0.60889
327.06,ETH-27SEP19,1561287541905,open,0.16,113.0,0.116,0.208,0.162326,103.82,0.166,0.0,ETH-27SEP19-300-P,305.87,99.89,0.155,110.0,0.0,0.0,0.0,0.6101,-0.33032,-0.42656,0.00209,-0.3342
311.21,ETH-28JUN19,1561287541911,open,0.02,270.0,0.001,0.065,0.024992,108.76,0.036,0.0,ETH-05JUL19-270-P,305.87,0.0,0.0,0.0,0.045,2.0,145.3,0.15972,-0.73139,-0.02334,0.00466,-0.20549
311.21,ETH-28JUN19,1561287541958,open,0.43,0.0,0.387,0.466,0.426655,110.08,None,0.0,ETH-26JUL19-180-C,305.87,0.0,0.0,0.0,0.0,0.0,0.0,0.07079,-0.11852,0.15113,0.00074,0.96581
311.21,ETH-28JUN19,1561287541958,open,0.11,0.0,0.07,0.158,0.113619,107.88,None,0.0,ETH-05JUL19-330-P,305.87,0.0,0.0,0.0,0.0,0.0,0.0,0.21934,-0.99622,-0.07032,0.00645,-0.58082
311.21,ETH-28JUN19,1561287541961,open,0.37,2185.0,0.318,0.397,0.357374,122.25,0.27,0.0,ETH-28JUN19-200-C,305.87,0.0,0.002,15.0,0.38,2.0,351.96,0.00086,-0.01075,0.02669,5e-05,0.99931
327.06,ETH-27SEP19,1561287541961,open,0.23,1507.0,0.177,0.256,0.21634,102.71,0.227,0.0,ETH-27SEP19-320-C,305.87,95.39,0.202,110.0,0.24,2.0,114.89,0.63839,-0.34197,0.34652,0.00221,0.61969
311.21,ETH-28JUN19,1561287541964,open,0.15,8.0,0.119,0.212,0.165411,110.3,0.317,0.0,ETH-28JUN19-360-P,305.87,0.0,0.001,2.0,0.234,1.0,287.53,0.0802,-0.90724,-0.04261,0.00562,-0.85962
327.06,ETH-27SEP19,1561287541964,open,0.08,1558.0,0.044,0.13,0.086629,110.01,0.074,0.0,ETH-27SEP19-240-P,305.87,94.07,0.064,140.0,0.0,0.0,0.0,0.47353,-0.27168,-0.24885,0.00153,-0.20303
311.21,ETH-28JUN19,1561287541964,open,0.01,6252.0,0.001,0.048,0.008524,109.87,0.001,0.0,ETH-28JUN19-360-C,305.87,67.38,0.001,50.0,0.012,48.0,122.53,0.07979,-0.89903,0.00544,0.00561,0.13932
311.21,ETH-28JUN19,1561287541966,open,0.18,1758.0,0.129,0.208,0.1687,110.16,0.174,0.0,ETH-28JUN19-260-C,305.87,0.0,0.1,40.0,0.17,5.0,117.99,0.04829,-0.54556,0.03165,0.00339,0.93
311.21,ETH-28JUN19,1561287541966,open,0.03,38.0,0.001,0.076,0.035361,109.99,0.036,0.0,ETH-26JUL19-240-P,305.87,94.31,0.024,20.0,0.12,1.0,207.54,0.2368,-0.39613,-0.05771,0.00247,-0.17051
311.21,ETH-28JUN19,1561287541968,open,0.0,4695.0,0.001,0.04,0.0,110.0,0.001,0.0,ETH-28JUN19-110-P,305.87,0.0,0.0,0.0,0.0,0.0,0.0,0.0,0.0,0.0,0.0,0.0
311.21,ETH-28JUN19,1561287541968,open,0.08,2814.0,0.037,0.116,0.076351,109.97,0.09,0.0,ETH-26JUL19-360-C,305.87,106.19,0.072,150.0,0.0,0.0,0.0,0.35866,-0.59988,0.08825,0.00374,0.39118
327.06,ETH-27SEP19,1561287541970,open,0.32,27.0,0.272,0.377,0.324043,107.54,0.48,0.0,ETH-27SEP19-380-P,305.87,0.0,0.0,0.0,0.0,0.0,0.0,0.66872,-0.37504,-0.70678,0.00221,-0.49865
327.06,ETH-27SEP19,1561287541970,open,0.65,12.0,0.604,0.736,0.670125,110.0,1.193,0.0,ETH-27SEP19-520-P,305.87,0.0,0.0,0.0,0.0,0.0,0.0,0.57781,-0.33147,-1.18189,0.00187,-0.70561
311.21,ETH-28JUN19,1561287541970,open,0.56,335.0,0.511,0.59,0.5501,0.0,0.481,0.0,ETH-28JUN19-140-C,305.87,0.0,0.01,100.0,0.99,1.0,500.0,0.0,0.0,0.0187,0.0,1.0
311.21,ETH-28JUN19,1561287541970,open,0.05,739.0,0.008,0.087,0.047852,110.01,0.053,0.0,ETH-26JUL19-400-C,305.87,105.11,0.043,150.0,0.091,4.0,150.03,0.31213,-0.52222,0.06391,0.00325,0.27586
311.21,ETH-28JUN19,1561287541974,open,0.75,0.0,0.703,0.782,0.742914,0.0,None,0.0,ETH-28JUN19-80-C,305.87,0.0,0.002,5.0,0.0,0.0,0.0,0.0,0.0,0.01069,0.0,1.0
311.21,ETH-28JUN19,1561287541974,open,0.0,649.0,0.001,0.04,1.3e-05,110.01,0.001,0.0,ETH-28JUN19-480-C,305.87,0.0,0.0,0.0,0.001,200.0,166.43,0.00053,-0.00412,2e-05,4e-05,0.00041
311.21,ETH-28JUN19,1561287541974,open,0.38,0.0,0.329,0.408,0.368336,110.05,None,0.0,ETH-26JUL19-200-C,305.87,0.0,0.0,0.0,0.0,0.0,0.0,0.12026,-0.20128,0.15847,0.00125,0.9337
311.21,ETH-28JUN19,1561287541976,open,0.0,24.0,0.001,0.042,0.001967,109.99,0.001,0.0,ETH-28JUN19-250-P,305.87,0.0,0.0,0.0,0.003,3.0,119.75,0.0291,-0.32819,-0.00162,0.00204,-0.03702
327.06,ETH-27SEP19,1561287541976,open,0.06,2646.0,0.022,0.106,0.064262,110.02,0.055,0.0,ETH-27SEP19-220-P,305.87,95.01,0.046,140.0,0.138,500.0,165.22,0.41163,-0.23618,-0.19462,0.00133,-0.16228
311.21,ETH-28JUN19,1561287541976,open,0.65,214.0,0.607,0.686,0.646507,0.0,0.552,0.0,ETH-28JUN19-110-C,305.87,0.0,0.0,0.0,0.0,0.0,0.0,0.0,0.0,0.01469,0.0,1.0
311.21,ETH-28JUN19,1561287541976,open,0.0,1389.0,0.001,0.04,0.000317,110.03,0.001,0.0,ETH-28JUN19-230-P,305.87,0.0,0.0,0.0,0.002,5.0,144.63,0.00729,-0.08222,-0.00032,0.00051,-0.00732
311.21,ETH-28JUN19,1561287541976,open,0.08,491.0,0.038,0.123,0.080638,109.99,0.076,0.0,ETH-26JUL19-280-P,305.87,85.61,0.055,120.0,0.166,1.0,189.45,0.33123,-0.55408,-0.11056,0.00345,-0.31377
327.06,ETH-27SEP19,1561287541978,open,0.27,81.0,0.231,0.332,0.281681,107.49,0.409,0.0,ETH-27SEP19-360-P,305.87,0.0,0.0,0.0,0.0,0.0,0.0,0.6653,-0.37295,-0.63689,0.0022,-0.45967
327.06,ETH-27SEP19,1561287541978,open,0.76,0.0,0.716,0.795,0.755912,109.3,None,0.0,ETH-27SEP19-80-C,305.87,0.0,0.003,10.0,0.0,0.0,0.0,0.0135,-0.0077,0.20746,4e-05,0.9974
327.06,ETH-27SEP19,1561287541978,open,0.48,743.0,0.44,0.519,0.479888,109.94,0.337,0.0,ETH-27SEP19-180-C,305.87,0.0,0.222,100.0,0.61,9.0,233.18,0.27189,-0.15588,0.36963,0.00088,0.91014
311.21,ETH-28JUN19,1561287541980,open,0.52,481.0,0.478,0.557,0.517964,0.0,0.46,0.0,ETH-28JUN19-150-C,305.87,0.0,0.01,100.0,0.0,0.0,0.0,0.0,0.0,0.02004,0.0,1.0
311.21,ETH-28JUN19,1561287541980,open,0.18,0.0,0.141,0.235,0.187804,109.6,None,0.0,ETH-26JUL19-340-P,305.87,0.0,0.0,0.0,0.0,0.0,0.0,0.37058,-0.61774,-0.20446,0.00388,-0.54162
311.21,ETH-28JUN19,1561287541986,open,0.06,889.0,0.021,0.1,0.060594,110.0,0.079,0.0,ETH-26JUL19-380-C,305.87,103.87,0.054,150.0,0.0,0.0,0.0,0.33825,-0.56589,0.07552,0.00352,0.33002
311.21,ETH-28JUN19,1561287541995,open,0.0,270.0,0.001,0.041,0.001908,109.99,0.003,0.0,ETH-26JUL19-160-P,305.87,100.09,0.001,100.0,0.0,0.0,0.0,0.03459,-0.05786,-0.00463,0.00036,-0.01461
327.06,ETH-27SEP19,1561287542000,open,0.0,1814.0,0.001,0.04,0.000545,110.0,0.002,0.0,ETH-27SEP19-80-P,305.87,0.0,0.0,0.0,0.0,0.0,0.0,0.01405,-0.00806,-0.00281,5e-05,-0.00272
327.06,ETH-27SEP19,1561287542002,open,0.29,2050.0,0.238,0.317,0.277259,105.3,0.272,0.0,ETH-27SEP19-280-C,305.87,96.57,0.262,110.0,0.32,10.0,129.75,0.57241,-0.31433,0.37304,0.00193,0.71148
327.06,ETH-27SEP19,1561287542009,open,0.07,764.0,0.026,0.105,0.065383,109.99,0.031,0.0,ETH-27SEP19-560-C,305.87,65.42,0.01,10.0,0.0,0.0,0.0,0.53349,-0.306,0.15923,0.00173,0.25073
311.21,ETH-28JUN19,1561287542011,open,0.0,7876.0,0.001,0.04,0.0,109.99,0.001,0.0,ETH-28JUN19-170-P,305.87,0.0,0.0,0.0,0.001,200.0,238.3,0.0,-1e-05,0.0,0.0,0.0
311.21,ETH-28JUN19,1561287542017,open,0.15,149.0,0.101,0.18,0.140188,109.69,0.129,0.0,ETH-28JUN19-270-C,305.87,0.0,0.009,1.0,0.0,0.0,0.0,0.0712,-0.80092,0.03083,0.00502,0.88177
311.21,ETH-28JUN19,1561287542036,open,0.71,0.0,0.671,0.75,0.710778,0.0,None,0.0,ETH-28JUN19-90-C,305.87,0.0,0.0,0.0,0.0,0.0,0.0,0.0,0.0,0.01202,0.0,1.0
311.21,ETH-28JUN19,1561287542039,open,0.33,770.0,0.286,0.365,0.325265,115.44,0.237,0.0,ETH-28JUN19-210-C,305.87,0.0,0.006,20.0,0.0,0.0,0.0,0.00152,-0.01804,0.028,0.0001,0.99872
327.06,ETH-27SEP19,1561287542039,open,0.0,4116.0,0.001,0.042,0.001945,110.01,0.004,0.0,ETH-27SEP19-100-P,305.87,110.47,0.002,10.0,0.0,0.0,0.0,0.03904,-0.0224,-0.00904,0.00013,-0.00857
311.21,ETH-28JUN19,1561287542039,open,0.24,1071.0,0.19,0.269,0.229585,108.51,0.225,0.0,ETH-28JUN19-240-C,305.87,0.0,0.11,50.0,0.252,85.0,241.77,0.01471,-0.16363,0.03135,0.00105,0.9836
311.21,ETH-28JUN19,1561287542039,open,0.1,622.0,0.051,0.13,0.090316,109.84,0.076,0.0,ETH-28JUN19-290-C,305.87,0.0,0.01,11.0,0.155,1.0,265.65,0.11844,-1.33404,0.02668,0.00833,0.73221
327.06,ETH-27SEP19,1561287542039,open,0.46,0.0,0.409,0.525,0.467055,110.06,None,0.0,ETH-27SEP19-440-P,305.87,0.0,0.0,0.0,0.0,0.0,0.0,0.64913,-0.37258,-0.91355,0.0021,-0.59633
311.21,ETH-28JUN19,1561287542039,open,0.0,5456.0,0.001,0.04,2.9e-05,110.03,0.001,0.0,ETH-28JUN19-210-P,305.87,0.0,0.0,0.0,0.003,3.0,194.82,0.00098,-0.00888,-3e-05,7e-05,-0.0008
327.06,ETH-27SEP19,1561287542039,open,0.21,1043.0,0.156,0.235,0.195802,104.36,0.2,0.0,ETH-27SEP19-340-C,305.87,93.03,0.173,110.0,0.41,73.0,216.64,0.65614,-0.3571,0.32771,0.00224,0.57726
311.21,ETH-28JUN19,1561287542039,open,0.12,485.0,0.077,0.156,0.116988,108.06,0.118,0.0,ETH-26JUL19-320-C,305.87,103.88,0.112,120.0,0.0,0.0,0.0,0.37153,-0.61059,0.11588,0.00394,0.5304
311.21,ETH-28JUN19,1561287542039,open,0.05,947.0,0.014,0.097,0.055233,109.99,0.053,0.0,ETH-26JUL19-260-P,305.87,88.63,0.036,120.0,0.16,8.0,216.45,0.28966,-0.48454,-0.08246,0.00302,-0.23895
311.21,ETH-28JUN19,1561287542041,open,0.02,255.0,0.001,0.063,0.022253,110.07,0.008,0.0,ETH-28JUN19-290-P,305.87,38.25,0.001,2.0,0.047,1.0,171.63,0.11852,-1.33778,-0.01207,0.00832,-0.26814
327.06,ETH-27SEP19,1561287542041,open,0.7,0.0,0.657,0.736,0.696153,109.7,None,0.0,ETH-27SEP19-100-C,305.87,0.0,0.003,10.0,0.0,0.0,0.0,0.03856,-0.02206,0.25377,0.00013,0.99155
311.21,ETH-28JUN19,1561287542041,open,0.0,8702.0,0.001,0.04,0.0,110.02,0.001,0.0,ETH-28JUN19-180-P,305.87,0.0,0.0,0.0,0.001,300.0,217.87,1e-05,-5e-05,0.0,0.0,-1e-05
311.21,ETH-28JUN19,1561287542041,open,0.12,53.0,0.093,0.183,0.137648,110.2,0.282,0.0,ETH-28JUN19-350-P,305.87,0.0,0.0,0.0,0.17,1.0,194.47,0.09926,-1.12178,-0.03918,0.00696,-0.8047
311.21,ETH-28JUN19,1561287542041,open,0.19,471.0,0.141,0.22,0.180953,110.01,0.188,0.0,ETH-26JUL19-280-C,305.87,93.98,0.164,120.0,0.244,33.0,168.7,0.33124,-0.55423,0.14163,0.00345,0.68622
311.21,ETH-28JUN19,1561287542041,open,0.1,259.0,0.068,0.155,0.111493,109.98,0.11,0.0,ETH-26JUL19-300-P,305.87,83.54,0.081,120.0,0.147,1.0,140.87,0.35867,-0.5999,-0.14091,0.00374,-0.39121
311.21,ETH-28JUN19,1561287542041,open,0.13,243.0,0.1,0.191,0.1452,108.03,0.176,0.0,ETH-26JUL19-320-P,305.87,89.46,0.123,120.0,0.161,1.0,121.28,0.37153,-0.61044,-0.17234,0.00394,-0.46963
311.21,ETH-28JUN19,1561287542043,open,0.0,5711.0,0.001,0.04,0.0,110.02,0.001,0.0,ETH-28JUN19-160-P,305.87,0.0,0.0,0.0,0.001,10.0,259.9,0.0,0.0,0.0,0.0,0.0
311.21,ETH-28JUN19,1561287542043,open,0.52,60.0,0.481,0.604,0.542529,135.25,0.757,0.0,ETH-28JUN19-480-P,305.87,0.0,0.0,0.0,0.0,0.0,0.0,0.00381,-0.05287,-0.06398,0.00022,-0.99647
327.06,ETH-27SEP19,1561287542043,open,0.87,27.0,0.813,0.963,0.888232,110.14,1.519,0.0,ETH-27SEP19-600-P,305.87,0.0,0.0,0.0,0.0,0.0,0.0,0.48841,-0.28053,-1.43836,0.00158,-0.78603
327.06,ETH-27SEP19,1561287542043,open,0.15,2219.0,0.106,0.185,0.145193,107.49,0.168,0.0,ETH-27SEP19-400-C,305.87,102.97,0.136,140.0,0.15,25.0,109.85,0.66602,-0.37336,0.27402,0.00221,0.46415
311.21,ETH-28JUN19,1561287542043,open,0.32,0.0,0.28,0.386,0.333253,110.1,None,0.0,ETH-26JUL19-400-P,305.87,0.0,0.0,0.0,0.0,0.0,0.0,0.31228,-0.52291,-0.29632,0.00325,-0.72387
327.06,ETH-27SEP19,1561287542045,open,0.53,395.0,0.49,0.569,0.529478,110.0,0.5,0.0,ETH-27SEP19-160-C,305.87,0.0,0.1,10.0,0.7,15.0,294.64,0.20114,-0.11538,0.3522,0.00065,0.93944
311.21,ETH-28JUN19,1561287542045,open,0.27,0.0,0.236,0.338,0.286736,111.59,0.463,0.0,ETH-28JUN19-400-P,305.87,0.0,0.0,0.0,0.385,1.0,409.39,0.02443,-0.27957,-0.05225,0.00169,-0.97006
311.21,ETH-28JUN19,1561287542045,open,0.07,120.0,0.041,0.127,0.084,100.88,0.103,0.0,ETH-28JUN19-330-P,305.87,0.0,0.001,5.0,0.109,1.0,158.11,0.13,-1.34481,-0.03141,0.00996,-0.67167
311.21,ETH-28JUN19,1561287542070,open,0.02,720.0,0.001,0.057,0.017964,106.98,0.022,0.0,ETH-28JUN19-340-C,305.87,84.08,0.01,2.0,0.03,20.0,137.52,0.11589,-1.27139,0.00992,0.00837,0.25664
311.21,ETH-28JUN19,1561287542072,open,0.27,658.0,0.225,0.304,0.264202,110.02,0.222,0.0,ETH-26JUL19-240-C,305.87,0.0,0.2,1.0,0.4,20.0,263.05,0.23684,-0.39631,0.15844,0.00247,0.82945
311.21,ETH-28JUN19,1561287542075,open,0.04,1.0,0.002,0.085,0.043674,99.13,0.053,0.0,ETH-28JUN19-310-P,305.87,5.37,0.001,5.0,0.063,1.0,141.24,0.1429,-1.45261,-0.02109,0.01114,-0.46363
10671.58,BTC-28JUN19,1561287542075,open,0.04,33.5,0.0045,0.088,0.0462491,105.61,0.04,0.0,BTC-05JUL19-10000-P,10522.81,93.68,0.0385,24.0,0.046,2.0,105.23,6.9816,-31.04242,-1.31072,0.00018,-0.33125
311.21,ETH-28JUN19,1561287542086,open,0.4,553.0,0.35,0.429,0.389422,0.0,0.28,0.0,ETH-28JUN19-190-C,305.87,0.0,0.002,10.0,0.0,0.0,0.0,0.0,0.0,0.02538,0.0,1.0
311.21,ETH-28JUN19,1561287542091,open,0.0,2027.0,0.001,0.04,0.0,110.01,0.001,0.0,ETH-28JUN19-90-P,305.87,0.0,0.0,0.0,0.0,0.0,0.0,0.0,0.0,0.0,0.0,0.0
327.06,ETH-27SEP19,1561287542091,open,0.82,0.0,0.777,0.856,0.816612,107.26,0.01,0.0,ETH-27SEP19-60-C,305.87,0.0,0.003,10.0,0.0,0.0,0.0,0.00237,-0.00132,0.15721,1e-05,0.99961
311.21,ETH-28JUN19,1561287542093,open,0.01,403.0,0.001,0.051,0.010978,110.02,0.012,0.0,ETH-26JUL19-200-P,305.87,91.65,0.005,150.0,0.0,0.0,0.0,0.12021,-0.20114,-0.02165,0.00125,-0.06627
327.06,ETH-27SEP19,1561287542103,open,0.11,868.0,0.068,0.156,0.112478,110.01,0.1,0.0,ETH-27SEP19-260-P,305.87,94.08,0.087,140.0,0.179,1.0,151.02,0.52747,-0.30262,-0.30749,0.00171,-0.24545
311.21,ETH-28JUN19,1561287542103,open,0.0,3084.0,0.001,0.04,0.0,110.01,0.001,0.0,ETH-28JUN19-100-P,305.87,0.0,0.0,0.0,0.0,0.0,0.0,0.0,0.0,0.0,0.0,0.0
327.06,ETH-27SEP19,1561287542103,open,0.03,5035.0,0.001,0.071,0.030299,110.0,0.04,0.0,ETH-27SEP19-180-P,305.87,95.28,0.019,140.0,0.138,500.0,213.28,0.27206,-0.15607,-0.10329,0.00088,-0.08993
327.06,ETH-27SEP19,1561287542103,open,0.19,1584.0,0.141,0.22,0.180922,107.47,0.2,0.0,ETH-27SEP19-360-C,305.87,94.27,0.154,140.0,0.23,1.0,131.75,0.66531,-0.37288,0.30874,0.0022,0.5403
311.21,ETH-28JUN19,1561287542103,open,0.0,7787.0,0.001,0.04,0.0,110.01,0.001,0.0,ETH-28JUN19-150-P,305.87,0.0,0.0,0.0,0.001,519.0,282.86,0.0,0.0,0.0,0.0,0.0
311.21,ETH-28JUN19,1561287542105,open,0.05,81.0,0.021,0.105,0.062691,101.07,0.064,0.0,ETH-28JUN19-320-P,305.87,0.0,0.001,33.0,0.097,1.0,175.9,0.14119,-1.46339,-0.02636,0.0108,-0.57143
311.21,ETH-28JUN19,1561287542105,open,0.27,35.0,0.222,0.301,0.261195,106.71,0.159,0.0,ETH-28JUN19-230-C,305.87,0.0,0.0,0.0,0.0,0.0,0.0,0.0061,-0.06672,0.03046,0.00044,0.99402
311.21,ETH-28JUN19,1561287542105,open,0.0,7937.0,0.001,0.04,1e-06,109.99,0.001,0.0,ETH-28JUN19-190-P,305.87,0.0,0.0,0.0,0.001,100.0,198.46,6e-05,-0.00037,0.0,0.0,-4e-05
327.06,ETH-27SEP19,1561287542105,open,0.59,191.0,0.543,0.622,0.582327,110.0,0.5,0.0,ETH-27SEP19-140-C,305.87,0.0,0.01,50.0,0.0,0.0,0.0,0.13548,-0.07772,0.32706,0.00044,0.96303
311.21,ETH-28JUN19,1561287542105,open,0.0,6504.0,0.001,0.04,0.000843,110.04,0.002,0.0,ETH-28JUN19-240-P,305.87,0.0,0.0,0.0,0.004,4.0,146.38,0.0156,-0.17603,-0.00077,0.0011,-0.01757
327.06,ETH-27SEP19,1561287542105,open,0.17,1381.0,0.123,0.202,0.162034,107.47,0.159,0.0,ETH-27SEP19-380-C,305.87,95.71,0.138,140.0,0.173,25.0,112.84,0.66872,-0.3748,0.29138,0.00221,0.50121
311.21,ETH-28JUN19,1561287542105,open,0.21,556.0,0.159,0.238,0.198579,109.2,0.153,0.0,ETH-28JUN19-250-C,305.87,0.0,0.16,5.0,0.219,2.0,212.41,0.02848,-0.31897,0.03182,0.00202,0.96394
311.21,ETH-28JUN19,1561287542107,open,0.03,1243.0,0.001,0.063,0.023618,100.87,0.03,0.0,ETH-28JUN19-330-C,305.87,38.45,0.002,200.0,0.036,100.0,129.7,0.12999,-1.3446,0.01267,0.00996,0.32831
327.06,ETH-27SEP19,1561287542107,open,0.08,912.0,0.041,0.12,0.080202,110.0,0.08,0.0,ETH-27SEP19-520-C,305.87,43.79,0.002,10.0,0.0,0.0,0.0,0.57781,-0.33147,0.18401,0.00187,0.29439
311.21,ETH-28JUN19,1561287542110,open,0.08,5536.0,0.03,0.109,0.069782,109.87,0.06,0.0,ETH-28JUN19-300-C,305.87,87.06,0.06,15.0,0.082,228.0,137.84,0.13486,-1.51946,0.02361,0.00949,0.63773
327.06,ETH-27SEP19,1561287542110,open,0.01,7525.0,0.001,0.05,0.010389,110.01,0.01,0.0,ETH-27SEP19-140-P,305.87,94.54,0.005,1.0,0.0,0.0,0.0,0.13551,-0.07775,-0.0407,0.00044,-0.03699
327.06,ETH-27SEP19,1561287542110,open,0.13,556.0,0.089,0.178,0.133423,105.33,0.15,0.0,ETH-27SEP19-280-P,305.87,93.07,0.112,110.0,0.0,0.0,0.0,0.57241,-0.31442,-0.36249,0.00193,-0.28853
311.21,ETH-28JUN19,1561287542110,open,0.32,20.0,0.274,0.353,0.313898,110.03,0.237,0.0,ETH-26JUL19-220-C,305.87,0.0,0.0,0.0,0.0,0.0,0.0,0.17802,-0.29791,0.1609,0.00185,0.8879
311.21,ETH-28JUN19,1561287542123,open,0.0,3080.0,0.001,0.044,0.004131,110.04,0.002,0.0,ETH-28JUN19-260-P,305.87,82.51,0.001,58.0,0.025,20.0,195.76,0.0482,-0.54391,-0.00307,0.00339,-0.06982
311.21,ETH-28JUN19,1561287542123,open,0.01,488.0,0.001,0.048,0.007853,110.05,0.007,0.0,ETH-28JUN19-270-P,305.87,0.0,0.0,0.0,0.026,2.0,172.79,0.0715,-0.80692,-0.00527,0.00502,-0.11893
311.21,ETH-28JUN19,1561287542123,open,0.0,6081.0,0.001,0.041,0.001306,109.96,0.002,0.0,ETH-28JUN19-400-C,305.87,0.0,0.0,0.0,0.004,9.0,134.87,0.0231,-0.26043,0.00111,0.00162,0.02798
311.21,ETH-28JUN19,1561287542123,open,0.12,1650.0,0.074,0.153,0.113916,109.78,0.109,0.0,ETH-28JUN19-280-C,305.87,0.0,0.02,20.0,0.116,5.0,116.4,0.09602,-1.081,0.02914,0.00676,0.81497
327.06,ETH-27SEP19,1561287542123,open,0.36,2154.0,0.313,0.392,0.352729,109.95,0.36,0.0,ETH-27SEP19-240-C,305.87,0.0,0.2,1.0,0.35,1.0,108.06,0.47347,-0.27149,0.38168,0.00153,0.79701
311.21,ETH-28JUN19,1561287542123,open,0.58,60.0,0.543,0.671,0.606791,146.14,0.83,0.0,ETH-28JUN19-500-P,305.87,0.0,0.0,0.0,0.0,0.0,0.0,0.00352,-0.05281,-0.06666,0.00019,-0.99676
311.21,ETH-28JUN19,1561287542123,open,0.31,0.0,0.256,0.335,0.295805,110.16,None,0.0,ETH-05JUL19-220-C,305.87,0.0,0.0,0.0,0.0,0.0,0.0,0.04085,-0.18945,0.06801,0.00118,0.96747
311.21,ETH-28JUN19,1561287542129,open,0.0,1541.0,0.001,0.04,0.0,110.01,0.001,0.0,ETH-28JUN19-80-P,305.87,0.0,0.0,0.0,0.001,14.0,500.0,0.0,0.0,0.0,0.0,0.0
327.06,ETH-27SEP19,1561287542129,open,0.55,0.0,0.504,0.629,0.566403,110.08,None,0.0,ETH-27SEP19-480-P,305.87,0.0,0.0,0.0,0.0,0.0,0.0,0.61782,-0.35467,-1.04901,0.002,-0.65466
311.21,ETH-28JUN19,1561287542129,open,0.02,489.0,0.001,0.061,0.020793,109.99,0.02,0.0,ETH-26JUL19-220-P,305.87,90.85,0.011,150.0,0.0,0.0,0.0,0.17795,-0.29769,-0.03723,0.00185,-0.11204
311.21,ETH-28JUN19,1561287542131,open,0.01,1085.0,0.001,0.054,0.013717,110.06,0.012,0.0,ETH-28JUN19-280-P,305.87,61.25,0.002,1.0,0.72,9.0,500.0,0.09619,-1.08567,-0.00828,0.00676,-0.18556
311.21,ETH-28JUN19,1561287542131,open,0.0,5105.0,0.001,0.04,0.000103,110.03,0.002,0.0,ETH-28JUN19-220-P,305.87,0.0,0.0,0.0,0.003,3.0,175.14,0.00292,-0.03218,-0.00011,0.00021,-0.00263
327.06,ETH-27SEP19,1561287542131,open,0.26,2770.0,0.206,0.285,0.245011,103.79,0.27,0.0,ETH-27SEP19-300-C,305.87,88.28,0.216,110.0,0.27,2.0,117.23,0.61011,-0.33024,0.36149,0.00209,0.66579
311.21,ETH-28JUN19,1561287542131,open,0.0,4774.0,0.001,0.04,0.0,110.01,0.02,0.0,ETH-28JUN19-120-P,305.87,0.0,0.0,0.0,0.019,194.0,500.0,0.0,0.0,0.0,0.0,0.0
311.21,ETH-28JUN19,1561287542131,open,0.39,0.0,0.358,0.47,0.41412,117.85,0.61,0.0,ETH-28JUN19-440-P,305.87,0.0,0.0,0.0,0.0,0.0,0.0,0.00672,-0.08122,-0.05851,0.00044,-0.99333
311.21,ETH-28JUN19,1561287542131,open,0.23,501.0,0.18,0.259,0.219811,110.02,0.22,0.0,ETH-26JUL19-260-C,305.87,89.15,0.201,120.0,0.237,22.0,128.14,0.28968,-0.4847,0.15171,0.00302,0.76102
311.21,ETH-28JUN19,1561287542133,open,0.3,1722.0,0.254,0.333,0.293117,99.6,0.3,0.0,ETH-28JUN19-220-C,305.87,0.0,0.0,0.0,0.0,0.0,0.0,0.00129,-0.01314,0.02934,0.0001,0.99893
10671.58,BTC-28JUN19,1561287542180,open,0.0,64.4,0.0005,0.042,0.00198933,101.63,0.002,0.0,BTC-28JUN19-8750-P,10522.81,89.74,0.001,5.1,0.002,5.0,101.73,1.06609,-11.1107,-0.06007,7e-05,-0.04015
311.21,ETH-28JUN19,1561287542180,open,0.05,251.0,0.004,0.083,0.043303,108.26,0.052,0.0,ETH-05JUL19-340-C,305.87,28.88,0.001,105.0,0.0,0.0,0.0,0.21024,-0.95826,0.03218,0.00616,0.36112
10671.58,BTC-28JUN19,1561287542311,open,0.02,129.2,0.0005,0.058,0.01770519,105.61,0.013,0.0,BTC-05JUL19-9000-P,10522.81,93.17,0.0125,30.0,0.02,30.0,110.72,4.70647,-20.92724,-0.62118,0.00012,-0.1612
311.21,ETH-28JUN19,1561287542410,open,0.13,0.0,0.091,0.181,0.135778,108.21,None,0.0,ETH-05JUL19-340-P,305.87,0.0,0.0,0.0,0.0,0.0,0.0,0.21022,-0.95771,-0.07845,0.00617,-0.63898
311.21,ETH-28JUN19,1561287542446,open,0.0,0.0,0.001,0.042,0.0027,109.99,None,0.0,ETH-05JUL19-220-P,305.87,0.0,0.0,0.0,0.008,1.0,139.12,0.04065,-0.18825,-0.00355,0.00117,-0.03235
311.21,ETH-28JUN19,1561287542507,open,0.0,581.0,0.001,0.045,0.005029,110.02,0.006,0.0,ETH-26JUL19-180-P,305.87,83.9,0.001,101.0,0.01,3.0,128.0,0.07069,-0.11828,-0.01098,0.00074,-0.03413
311.21,ETH-28JUN19,1561287542528,open,0.0,581.0,0.001,0.045,0.005029,110.02,0.006,0.0,ETH-26JUL19-180-P,305.87,83.9,0.001,251.0,0.01,3.0,128.0,0.07069,-0.11828,-0.01098,0.00074,-0.03413
327.06,ETH-27SEP19,1561287542624,open,0.2,648.0,0.148,0.242,0.194873,102.78,0.205,0.0,ETH-27SEP19-320-P,305.87,99.77,0.189,110.0,0.215,1.0,113.12,0.63837,-0.34216,-0.4941,0.00221,-0.38026
311.21,ETH-28JUN19,1561287542627,open,0.04,11.0,0.001,0.074,0.03498,108.62,0.039,0.0,ETH-05JUL19-350-C,305.87,36.26,0.001,5.0,0.0,0.0,0.0,0.19747,-0.90306,0.02764,0.00577,0.30797
311.21,ETH-28JUN19,1561287542654,open,0.28,0.0,0.226,0.305,0.26568,110.08,None,0.0,ETH-05JUL19-230-C,305.87,0.0,0.0,0.0,0.0,0.0,0.0,0.06008,-0.27847,0.06905,0.00173,0.94762
10671.35,BTC-28JUN19,1561287542660,open,0.15,21.0,0.114,0.2065,0.16036145,109.94,0.112,0.0,BTC-05JUL19-12000-P,10522.81,91.49,0.149,18.0,0.162,18.0,112.5,6.80184,-31.48425,-2.94848,0.00017,-0.68884
311.21,ETH-28JUN19,1561287542668,open,0.14,0.0,0.095,0.174,0.134145,107.59,None,0.0,ETH-05JUL19-280-C,305.87,0.0,0.0,0.0,0.0,0.0,0.0,0.18229,-0.82572,0.06129,0.00538,0.73943
11054.76,BTC-27SEP19,1561287542710,open,0.59,0.0,0.5475,0.676,0.61188655,101.41,None,0.0,BTC-27DEC19-16000-P,10522.81,93.09,0.5885,3.6,0.6105,3.6,100.94,31.21867,-8.4705,-66.22994,5e-05,-0.55833
10671.83,BTC-28JUN19,1561287542712,open,0.11,50.8,0.061,0.1405,0.1006135,101.62,0.1005,0.0,BTC-28JUN19-9750-C,10522.81,88.51,0.0965,6.0,0.1025,9.0,107.31,3.49287,-36.39975,0.99151,0.00023,0.79614
10671.76,BTC-28JUN19,1561287542714,open,0.17,1127.8,0.1205,0.2,0.16018466,101.76,0.1675,0.0,BTC-28JUN19-9000-C,10522.81,0.0,0.156,6.0,0.162,6.0,112.71,1.57977,-16.48592,1.10329,0.0001,0.93415
10671.58,BTC-28JUN19,1561287542716,open,0.16,1.4,0.129,0.223,0.17600384,98.74,0.166,0.0,BTC-28JUN19-12500-P,10522.81,78.96,0.173,6.0,0.1795,6.0,114.74,2.03559,-20.61285,-1.54529,0.00014,-0.90802
11054.76,BTC-27SEP19,1561287542782,open,0.3,0.1,0.266,0.371,0.31855894,99.94,0.38,0.0,BTC-27SEP19-13000-P,10522.81,97.46,0.3135,3.6,0.3295,3.6,105.3,22.56193,-11.75893,-24.46761,7e-05,-0.52406
10671.83,BTC-28JUN19,1561287542785,open,0.12,21.3,0.0695,0.149,0.10920269,105.62,0.114,0.0,BTC-05JUL19-10000-C,10522.81,100.71,0.106,18.0,0.119,18.0,120.5,6.98148,-31.04586,1.94298,0.00018,0.66878
11054.76,BTC-27SEP19,1561287542800,open,0.09,103.5,0.048,0.1275,0.08772024,102.36,0.086,0.0,BTC-27SEP19-16000-C,10522.81,99.52,0.0825,12.9,0.0945,4.9,105.99,20.49517,-10.94037,7.00819,6e-05,0.32907
11054.54,BTC-27SEP19,1561287542812,open,0.31,5.4,0.277,0.383,0.32988611,97.79,0.32,0.0,BTC-27DEC19-12000-P,10522.81,93.34,0.3175,4.9,0.336,4.9,99.99,30.71403,-8.03582,-41.76582,5e-05,-0.40805
10671.35,BTC-28JUN19,1561287542833,open,0.2,21.1,0.1585,0.255,0.20674759,107.11,0.198,0.0,BTC-26JUL19-12000-P,10522.81,84.38,0.1805,14.4,0.192,14.4,94.44,12.51289,-20.38433,-7.57102,0.00011,-0.58094
311.21,ETH-28JUN19,1561287542865,open,0.03,35.0,0.001,0.075,0.033831,107.54,0.045,0.0,ETH-05JUL19-280-P,305.87,0.0,0.0,0.0,0.0,0.0,0.0,0.18227,-0.82523,-0.0298,0.00538,-0.2605
11054.54,BTC-27SEP19,1561287542864,open,0.25,123.3,0.2045,0.284,0.24438774,97.8,0.254,0.0,BTC-27DEC19-12000-C,10522.81,96.4,0.2405,3.6,0.256,1.0,101.99,30.71368,-8.03657,19.67223,5e-05,0.59197
11054.54,BTC-27SEP19,1561287542922,open,0.14,62.7,0.101,0.1925,0.14667631,99.02,0.149,0.0,BTC-27SEP19-10000-P,10522.81,96.21,0.1415,4.9,0.154,9.9,102.98,20.41421,-10.54135,-13.722,6e-05,-0.32589
11054.54,BTC-27SEP19,1561287542922,open,0.65,231.1,0.603,0.6825,0.64266013,109.32,0.61,0.0,BTC-27SEP19-4000-C,10522.81,0.0,0.111,2.0,0.7575,5.0,299.03,2.5207,-1.43705,9.85043,1e-05,0.98189
11054.54,BTC-27SEP19,1561287542922,open,0.05,24.2,0.0115,0.091,0.0513391,109.72,0.055,0.0,BTC-27DEC19-32000-C,10522.81,107.26,0.047,4.9,0.0565,4.9,112.53,19.88047,-5.83635,6.6145,3e-05,0.16821
11054.54,BTC-27SEP19,1561287542924,open,0.38,3.7,0.338,0.449,0.3936803,97.95,0.371,0.0,BTC-27DEC19-13000-P,10522.81,93.3,0.3805,3.6,0.4,3.6,100.18,31.33281,-8.21128,-47.89712,5e-05,-0.45259
311.21,ETH-28JUN19,1561287542940,open,0.0,0.0,0.001,0.044,0.004707,109.96,None,0.0,ETH-05JUL19-230-P,305.87,0.0,0.0,0.0,0.005,3.0,111.46,0.05993,-0.27744,-0.00576,0.00173,-0.05221
10671.35,BTC-28JUN19,1561287542968,open,0.15,0.0,0.1,0.1795,0.13953583,105.67,0.137,0.0,BTC-05JUL19-9500-C,10522.81,104.71,0.139,4.0,0.1485,10.0,121.28,5.9881,-26.64094,2.15321,0.00015,0.75969
10671.35,BTC-28JUN19,1561287542968,open,0.09,17.0,0.05,0.137,0.09340058,105.58,0.0875,0.0,BTC-05JUL19-11000-P,10522.81,93.17,0.0845,18.0,0.094,2.0,106.42,7.6634,-34.06578,-2.14897,0.0002,-0.52554
10671.35,BTC-28JUN19,1561287542970,open,0.01,255.6,0.0005,0.0495,0.00939713,101.61,0.0065,0.0,BTC-28JUN19-9500-P,10522.81,92.14,0.007,1.0,0.0095,15.0,101.99,2.83887,-29.58066,-0.22314,0.00018,-0.14714
11054.54,BTC-27SEP19,1561287542970,open,0.25,964.8,0.2025,0.282,0.2420886,99.03,0.2375,0.0,BTC-27SEP19-10000-C,10522.81,94.92,0.2345,5.0,0.246,5.0,101.14,20.41416,-10.54236,12.54485,6e-05,0.67411
10671.35,BTC-28JUN19,1561287542970,open,0.0,278.7,0.0005,0.04,0.0,110.0,0.0005,0.0,BTC-28JUN19-4500-P,10522.81,0.0,0.0,0.0,0.0005,0.5,302.99,0.0,0.0,0.0,0.0,0.0
11054.54,BTC-27SEP19,1561287542972,open,0.71,0.0,0.668,0.7475,0.7075777,110.06,None,0.0,BTC-27SEP19-3250-C,10522.81,0.0,0.0045,10.0,0.9365,5.0,500.0,1.11742,-0.64135,8.2851,0.0,0.9929
11054.54,BTC-27SEP19,1561287542972,open,0.0,179.7,0.0005,0.044,0.00401291,110.0,0.0075,0.0,BTC-27DEC19-2500-P,10522.81,98.42,0.002,6.0,0.0085,6.0,126.86,2.33363,-0.6868,-0.86313,0.0,-0.01124
11054.54,BTC-27SEP19,1561287542972,open,0.52,122.6,0.471,0.5505,0.51092727,98.76,0.525,0.0,BTC-27DEC19-6000-C,10522.81,0.0,0.0045,0.1,0.54,0.1,119.09,15.0279,-3.97098,21.3643,2e-05,0.8884
11054.54,BTC-27SEP19,1561287542972,open,0.1,160.5,0.0575,0.145,0.10132004,97.79,0.0905,0.0,BTC-27DEC19-7500-P,10522.81,95.24,0.0965,4.9,0.104,10.0,99.2,20.96596,-5.48562,-16.08761,3e-05,-0.18292
11054.54,BTC-27SEP19,1561287542972,open,0.1,42.6,0.0585,0.138,0.09834191,104.74,0.093,0.0,BTC-27DEC19-22000-C,10522.81,101.94,0.0915,2.0,0.1045,4.9,107.22,27.2231,-7.6293,11.03951,4e-05,0.29339
11054.54,BTC-27SEP19,1561287542972,open,0.14,224.3,0.098,0.1775,0.13795173,102.96,0.15,0.0,BTC-27DEC19-18000-C,10522.81,101.14,0.133,0.1,0.144,4.9,105.16,30.22625,-8.32648,13.95964,5e-05,0.3846
10671.35,BTC-28JUN19,1561287542972,open,0.03,101.9,0.0005,0.078,0.03684452,103.03,0.039,0.0,BTC-26JUL19-8500-P,10522.81,93.02,0.029,19.3,0.0345,0.1,100.1,8.59581,-13.46928,-2.14809,8e-05,-0.18664
10671.35,BTC-28JUN19,1561287542974,open,0.0,520.6,0.0005,0.04,0.0,110.0,0.0005,0.0,BTC-28JUN19-2000-P,10522.81,0.0,0.0,0.0,0.001,4.8,500.0,0.0,0.0,0.0,0.0,0.0
10671.35,BTC-28JUN19,1561287542987,open,0.0,1155.6,0.0005,0.04,0.00044351,109.98,0.0005,0.0,BTC-28JUN19-8000-P,10522.81,0.0,0.0,0.0,0.015,5.0,224.42,0.32583,-3.67501,-0.01474,2e-05,-0.0099
11054.54,BTC-27SEP19,1561287543009,open,0.01,409.1,0.0005,0.0495,0.00918799,100.88,0.014,0.0,BTC-27SEP19-5000-P,10522.81,95.16,0.007,6.0,0.0105,8.0,103.97,4.52906,-2.38272,-1.3261,1e-05,-0.03648
10671.35,BTC-28JUN19,1561287543013,open,0.08,27.8,0.0285,0.108,0.06834569,101.69,0.0695,0.0,BTC-28JUN19-10250-C,10522.81,89.02,0.063,18.0,0.0715,18.0,109.07,4.53932,-47.33624,0.83767,0.00029,0.65599
11054.54,BTC-27SEP19,1561287543015,open,0.03,128.5,0.0005,0.0715,0.03052776,99.39,0.027,0.0,BTC-27DEC19-5000-P,10522.81,97.8,0.029,6.0,0.032,0.1,100.9,10.69267,-2.84355,-5.72474,2e-05,-0.07062
11054.54,BTC-27SEP19,1561287543024,open,0.36,144.9,0.3115,0.391,0.3512448,97.8,0.365,0.0,BTC-27DEC19-9000-C,10522.81,95.54,0.346,1.3,0.364,1.3,103.3,25.65076,-6.71188,22.00961,4e-05,0.74012
10671.35,BTC-28JUN19,1561287543026,open,0.49,0.0,0.447,0.5265,0.48657272,110.19,0.4,0.0,BTC-26JUL19-5500-C,10522.81,0.0,0.0015,1.0,0.0,0.0,0.0,1.21405,-2.03456,4.79058,1e-05,0.98498
11054.54,BTC-27SEP19,1561287543042,open,0.87,42.8,0.8245,0.904,0.86432172,111.79,0.815,0.0,BTC-27SEP19-1500-C,10522.81,0.0,0.0,0.0,0.0,0.0,0.0,0.01835,-0.0107,3.93739,0.0,0.99992
311.21,ETH-28JUN19,1561287543042,open,0.12,178.0,0.073,0.152,0.112344,105.63,0.127,0.0,ETH-05JUL19-290-C,305.87,69.84,0.09,1.0,0.125,22.0,125.04,0.20093,-0.8936,0.05741,0.00604,0.6793
11054.54,BTC-27SEP19,1561287543042,open,0.04,126.2,0.0005,0.079,0.03935232,110.0,0.04,0.0,BTC-27DEC19-36000-C,10522.81,109.11,0.038,6.0,0.0465,6.0,114.43,17.10711,-5.03466,5.37024,2e-05,0.13424
11054.54,BTC-27SEP19,1561287543042,open,0.4,206.7,0.3575,0.437,0.39742984,97.8,0.3325,0.0,BTC-27DEC19-8000-C,10522.81,82.82,0.367,5.0,0.4485,5.0,122.56,22.69308,-5.93799,22.31003,4e-05,0.79161
10671.35,BTC-28JUN19,1561287543049,open,0.03,55.6,0.0005,0.078,0.03694223,97.37,0.0335,0.0,BTC-28JUN19-10500-P,10522.81,90.85,0.034,23.0,0.0405,0.1,105.24,4.82287,-48.15708,-0.65236,0.00033,-0.4207
11054.54,BTC-27SEP19,1561287543049,open,0.02,351.4,0.0005,0.0625,0.02168325,100.88,0.017,0.0,BTC-27SEP19-6000-P,10522.81,97.8,0.0195,0.1,0.0235,8.0,103.35,8.00956,-4.21377,-2.8037,2e-05,-0.07487
10671.35,BTC-28JUN19,1561287543051,open,0.24,0.0,0.188,0.2675,0.22774918,109.21,None,0.0,BTC-28JUN19-8250-C,10522.81,0.0,0.001,10.0,0.326,0.1,477.15,0.54022,-6.05015,1.07549,3e-05,0.98222
10671.35,BTC-28JUN19,1561287543051,open,0.0,1868.1,0.0005,0.04,6e-08,109.99,0.0005,0.0,BTC-28JUN19-6000-P,10522.81,0.0,0.0,0.0,0.004,0.2,285.36,0.00013,-0.00061,0.0,0.0,0.0
11054.54,BTC-27SEP19,1561287543051,open,0.05,221.8,0.012,0.0955,0.05367885,98.75,0.051,0.0,BTC-27DEC19-6000-P,10522.81,96.4,0.0505,6.0,0.057,10.0,101.18,15.02707,-3.97041,-9.35383,2e-05,-0.11159
10671.35,BTC-28JUN19,1561287543063,open,0.0,1002.4,0.0005,0.04,0.00017146,110.01,0.0005,0.0,BTC-28JUN19-15000-C,10522.81,0.0,0.0,0.0,0.0015,10.0,144.35,0.16139,-1.8207,0.00613,1e-05,0.00447
10671.35,BTC-28JUN19,1561287543063,open,0.0,318.6,0.0005,0.04,0.0,109.99,0.0015,0.0,BTC-28JUN19-4750-P,10522.81,0.0,0.0,0.0,0.0035,0.3,376.63,0.0,0.0,0.0,0.0,0.0
10671.35,BTC-28JUN19,1561287543063,open,0.05,32.6,0.0205,0.105,0.06267741,97.53,0.065,0.0,BTC-28JUN19-11000-P,10522.81,89.35,0.059,18.0,0.0675,18.0,108.19,4.81033,-48.11135,-0.92216,0.00032,-0.58423
11054.54,BTC-27SEP19,1561287543063,open,0.05,276.5,0.008,0.0875,0.04798148,104.75,0.051,0.0,BTC-27SEP19-20000-C,10522.81,103.01,0.0455,4.9,0.051,0.8,106.82,15.9377,-8.70657,4.46069,5e-05,0.2016
10671.35,BTC-28JUN19,1561287543063,open,0.02,115.9,0.0005,0.0565,0.01628046,103.03,0.0115,0.0,BTC-26JUL19-7500-P,10522.81,94.26,0.012,24.0,0.015,1.0,100.52,5.52337,-8.6551,-1.095,5e-05,-0.09764
311.21,ETH-28JUN19,1561287543066,open,0.02,42.0,0.001,0.054,0.014026,110.01,0.054,0.0,ETH-26JUL19-500-C,305.87,88.65,0.005,80.0,0.052,30.0,161.1,0.16612,-0.27793,0.02462,0.00173,0.10185
11054.54,BTC-27SEP19,1561287543073,open,0.49,716.2,0.439,0.5185,0.47893062,100.89,0.4505,0.0,BTC-27SEP19-6000-C,10522.81,0.0,0.15,0.4,0.55,1.0,175.59,8.01113,-4.21522,12.95581,2e-05,0.92511
10671.35,BTC-28JUN19,1561287543073,open,0.07,75.8,0.027,0.112,0.069276,103.03,0.0615,0.0,BTC-26JUL19-9500-P,10522.81,90.64,0.0565,19.3,0.065,19.3,98.9,11.09882,-17.39083,-3.52857,0.00011,-0.29783
10671.35,BTC-28JUN19,1561287543076,open,0.22,26.1,0.1685,0.248,0.20817062,103.07,0.232,0.0,BTC-26JUL19-9000-C,10522.81,107.15,0.212,4.9,0.221,4.9,116.59,9.96299,-15.61752,5.30114,9e-05,0.7597
10671.35,BTC-28JUN19,1561287543091,open,0.14,72.3,0.0905,0.17,0.1301099,103.06,0.13,0.0,BTC-26JUL19-10500-C,10522.81,104.25,0.1315,5.0,0.141,14.4,112.36,12.50597,-19.602,4.34334,0.00012,0.58199
11054.54,BTC-27SEP19,1561287543099,open,0.62,6.5,0.576,0.6555,0.61577361,101.3,0.54,0.0,BTC-27DEC19-4500-C,10522.81,0.0,0.251,2.0,0.9805,1.0,500.0,8.74034,-2.36892,18.65981,1e-05,0.94546
10671.35,BTC-28JUN19,1561287543104,open,0.56,97.1,0.515,0.5945,0.55490004,209.29,0.485,0.0,BTC-28JUN19-4750-C,10522.81,0.0,0.0005,0.1,0.0,0.0,0.0,0.01207,-0.25896,0.63411,0.0,0.99974
11054.54,BTC-27SEP19,1561287543104,open,0.74,0.0,0.6965,0.776,0.7364666,109.98,None,0.0,BTC-27DEC19-3000-C,10522.81,0.0,0.0045,10.0,0.984,0.5,500.0,3.85328,-1.13389,13.77531,1e-05,0.97986
11054.54,BTC-27SEP19,1561287543106,open,0.66,27.1,0.6145,0.694,0.65417902,102.68,0.542,0.0,BTC-27DEC19-4000-C,10522.81,0.0,0.0135,10.0,0.693,0.2,150.51,6.81315,-1.87179,17.31011,1e-05,0.96002
11054.54,BTC-27SEP19,1561287543108,open,0.74,3.6,0.696,0.8365,0.76620804,102.95,0.698,0.0,BTC-27DEC19-18000-P,10522.81,93.01,0.7395,3.6,0.7625,3.6,101.59,30.22515,-8.32517,-78.19901,5e-05,-0.61545
10671.35,BTC-28JUN19,1561287543111,open,0.03,60.6,0.0005,0.0695,0.02959237,108.96,0.0325,0.0,BTC-26JUL19-15000-C,10522.81,105.09,0.0265,19.3,0.0325,1.0,112.48,8.69261,-14.40553,1.54238,8e-05,0.19006
10671.35,BTC-28JUN19,1561287543124,open,0.54,688.2,0.4915,0.571,0.53147372,197.31,0.5,0.0,BTC-28JUN19-5000-C,10522.81,0.0,0.25,1.9,0.6,10.0,500.0,0.01333,-0.26967,0.66746,0.0,0.99971
10671.35,BTC-28JUN19,1561287543136,open,0.29,2.4,0.2605,0.365,0.31269712,108.49,0.5245,0.0,BTC-28JUN19-14000-P,10522.81,0.0,0.0,0.0,0.3775,0.1,342.38,0.53955,-6.00266,-1.84593,3e-05,-0.98225
11054.54,BTC-27SEP19,1561287543136,open,0.99,0.2,0.947,1.109,1.02804086,107.12,1.391,0.0,BTC-27SEP19-22000-P,10522.81,0.0,0.0045,10.0,0.0,0.0,0.0,13.99731,-7.81974,-54.13267,4e-05,-0.8362
10671.35,BTC-28JUN19,1561287543136,open,0.06,340.5,0.0135,0.093,0.05304051,97.46,0.0575,0.0,BTC-28JUN19-10500-C,10522.81,89.62,0.0495,18.0,0.056,7.8,104.01,4.82295,-48.20303,0.75013,0.00033,0.57927
11054.54,BTC-27SEP19,1561287543136,open,0.0,105.4,0.0005,0.0405,0.00048434,110.0,0.0005,0.0,BTC-27DEC19-1500-P,10522.81,110.4,0.0005,1.0,0.101,18.0,450.19,0.42983,-0.1265,-0.12295,0.0,-0.00169
11054.54,BTC-27SEP19,1561287543139,open,0.02,95.2,0.0005,0.0635,0.02283547,101.29,0.018,0.0,BTC-27DEC19-4500-P,10522.81,98.27,0.0205,6.0,0.025,10.0,103.97,8.7387,-2.36816,-4.37832,1e-05,-0.05452
311.21,ETH-28JUN19,1561287543147,open,0.03,0.0,0.001,0.068,0.028109,109.01,None,0.0,ETH-05JUL19-360-C,305.87,43.18,0.001,5.0,0.0,0.0,0.0,0.1822,-0.83619,0.02351,0.0053,0.26031
11054.54,BTC-27SEP19,1561287543149,open,0.07,234.1,0.0255,0.105,0.06517797,104.07,0.0625,0.0,BTC-27SEP19-18000-C,10522.81,101.22,0.0605,12.9,0.071,4.9,107.54,18.33038,-9.94892,5.6198,5e-05,0.25872
11054.54,BTC-27SEP19,1561287543149,open,0.01,225.5,0.0005,0.046,0.00586397,102.66,0.004,0.0,BTC-27SEP19-4500-P,10522.81,93.4,0.0035,6.0,0.009,6.0,112.14,3.23878,-1.73403,-0.8773,1e-05,-0.02435
11054.54,BTC-27SEP19,1561287543149,open,0.01,282.7,0.0005,0.0475,0.00752615,102.13,0.005,0.0,BTC-27SEP19-4750-P,10522.81,94.16,0.005,6.0,0.011,6.0,111.03,3.89356,-2.07375,-1.10018,1e-05,-0.03036
10671.35,BTC-28JUN19,1561287543149,open,0.82,20.1,0.773,0.8525,0.81258949,400.75,0.578,0.0,BTC-28JUN19-2000-C,10522.81,0.0,0.0005,0.1,0.0,0.0,0.0,0.00301,-0.1238,0.26707,0.0,0.99994
11054.54,BTC-27SEP19,1561287543149,open,0.01,307.4,0.0005,0.055,0.0145636,100.88,0.0115,0.0,BTC-27SEP19-5500-P,10522.81,95.12,0.0115,6.0,0.016,8.0,103.39,6.19697,-3.26019,-1.98619,2e-05,-0.05384
11054.54,BTC-27SEP19,1561287543151,open,0.22,164.0,0.178,0.2575,0.21772392,97.96,0.225,0.0,BTC-27DEC19-13000-C,10522.81,97.17,0.2155,5.0,0.2295,6.0,102.12,31.33257,-8.21214,18.66105,5e-05,0.54744
10671.35,BTC-28JUN19,1561287543155,open,0.22,10.0,0.1735,0.253,0.21312661,105.7,0.169,0.0,BTC-05JUL19-8500-C,10522.81,0.0,0.0005,0.1,0.0,0.0,0.0,3.34811,-14.90055,2.38907,9e-05,0.90121
10671.35,BTC-28JUN19,1561287543155,open,0.5,0.0,0.46,0.581,0.52053907,109.91,None,0.0,BTC-26JUL19-16000-P,10522.81,0.0,0.0,0.0,0.0,0.0,0.0,7.26223,-12.13944,-13.23188,6e-05,-0.8561
10671.35,BTC-28JUN19,1561287543158,open,0.13,29.0,0.0955,0.186,0.14074651,103.02,0.108,0.0,BTC-26JUL19-11000-P,10522.81,87.36,0.122,14.4,0.1325,14.4,96.13,12.75638,-19.98767,-5.94217,0.00012,-0.47747
311.21,ETH-28JUN19,1561287543178,open,0.25,0.0,0.197,0.276,0.236562,109.99,None,0.0,ETH-05JUL19-240-C,305.87,0.0,0.0,0.0,0.0,0.0,0.0,0.08302,-0.38445,0.06926,0.0024,0.92055
11054.54,BTC-27SEP19,1561287543181,open,0.26,33.3,0.22,0.321,0.2704124,97.79,0.255,0.0,BTC-27DEC19-11000-P,10522.81,93.54,0.259,4.9,0.2745,5.0,99.31,29.60863,-7.74668,-35.7127,5e-05,-0.36058
11054.54,BTC-27SEP19,1561287543181,open,0.43,93.7,0.383,0.4625,0.4228819,97.8,0.419,0.0,BTC-27DEC19-7500-C,10522.81,0.0,0.311,3.0,0.4465,0.1,110.14,20.9663,-5.48618,22.31033,3e-05,0.81707
11054.54,BTC-27SEP19,1561287543183,open,0.63,0.2,0.5805,0.66,0.62020483,103.97,0.26,0.0,BTC-27SEP19-4250-C,10522.81,0.0,0.0045,10.0,0.7475,5.0,299.29,2.70642,-1.46751,10.45665,1e-05,0.98032
11054.54,BTC-27SEP19,1561287543185,open,0.82,0.0,0.781,0.8605,0.820747,110.04,None,0.0,BTC-27DEC19-2000-C,10522.81,0.0,0.0135,3.0,0.9875,0.5,500.0,1.17595,-0.34623,9.8534,0.0,0.99484
10671.35,BTC-28JUN19,1561287543194,open,0.0,1695.2,0.0005,0.04,1.226e-05,109.99,0.001,0.0,BTC-28JUN19-7000-P,10522.81,0.0,0.0,0.0,0.0005,10.1,156.99,0.01624,-0.13088,-0.00053,0.0,-0.00036
10671.35,BTC-28JUN19,1561287543194,open,0.22,122.7,0.165,0.2445,0.20488089,106.77,0.21,0.0,BTC-28JUN19-8500-C,10522.81,0.0,0.1975,5.0,0.238,5.0,260.0,0.80134,-8.77433,1.09298,5e-05,0.97162
11054.54,BTC-27SEP19,1561287543194,open,0.0,47.1,0.0005,0.0415,0.00156871,110.0,0.0025,0.0,BTC-27SEP19-3250-P,10522.81,103.5,0.001,0.5,0.0045,6.0,130.02,1.1147,-0.63945,-0.25103,0.0,-0.00708
10671.35,BTC-28JUN19,1561287543194,open,0.05,138.2,0.0095,0.0935,0.05151239,103.03,0.036,0.0,BTC-26JUL19-9000-P,10522.81,92.12,0.0415,19.3,0.048,19.3,99.25,9.9619,-15.60964,-2.80436,9e-05,-0.24025
11054.54,BTC-27SEP19,1561287543196,open,0.24,6.6,0.2045,0.304,0.25429075,99.01,0.224,0.0,BTC-27SEP19-12000-P,10522.81,96.91,0.25,3.6,0.2625,0.1,103.05,22.50713,-11.6219,-20.83817,7e-05,-0.46334
311.21,ETH-28JUN19,1561287543196,open,0.02,0.0,0.001,0.057,0.01782,109.65,None,0.0,ETH-05JUL19-380-C,305.87,55.94,0.001,5.0,0.0,0.0,0.0,0.14792,-0.68288,0.01654,0.00428,0.1812
11054.54,BTC-27SEP19,1561287543207,open,0.0,340.7,0.0005,0.04,0.00033734,110.0,0.0015,0.0,BTC-27SEP19-2500-P,10522.81,0.0,0.0,0.0,0.171,12.0,500.0,0.31937,-0.18321,-0.06082,0.0,-0.00176
11054.54,BTC-27SEP19,1561287543225,open,0.0,419.5,0.0005,0.04,7.885e-05,110.0,0.001,0.0,BTC-27SEP19-2000-P,10522.81,0.0,0.0,0.0,0.001,3.6,143.35,0.09301,-0.05336,-0.01562,0.0,-0.00046
11054.54,BTC-27SEP19,1561287543225,open,0.0,604.3,0.0005,0.041,0.00100077,110.0,0.0005,0.0,BTC-27SEP19-3000-P,10522.81,101.13,0.0005,9.9,0.1075,6.1,360.47,0.77896,-0.44685,-0.16626,0.0,-0.00473
10671.35,BTC-28JUN19,1561287543225,open,0.58,216.2,0.5385,0.618,0.57832635,221.81,0.508,0.0,BTC-28JUN19-4500-C,10522.81,0.0,0.4,1.0,0.0,0.0,0.0,0.0109,-0.24796,0.60075,0.0,0.99976
11054.54,BTC-27SEP19,1561287543225,open,0.69,261.1,0.646,0.7255,0.68572397,109.95,0.612,0.0,BTC-27SEP19-3500-C,10522.81,0.0,0.161,1.0,0.696,0.1,151.37,1.52273,-0.87309,8.83255,0.0,0.9899
11054.54,BTC-27SEP19,1561287543230,open,0.49,63.1,0.439,0.5185,0.47895411,97.83,0.415,0.0,BTC-27DEC19-6500-C,10522.81,0.0,0.0005,2.0,0.976,2.0,500.0,17.0684,-4.46759,21.91762,3e-05,0.86621
10671.35,BTC-28JUN19,1561287543234,open,0.0,94.5,0.0005,0.04,0.0,110.0,0.0005,0.0,BTC-28JUN19-3250-P,10522.81,0.0,0.0,0.0,0.003,1.0,500.0,0.0,0.0,0.0,0.0,0.0
11054.54,BTC-27SEP19,1561287543234,open,0.87,0.0,0.825,0.9045,0.86479704,110.09,None,0.0,BTC-27DEC19-1500-C,10522.81,0.0,0.1,5.0,0.9895,0.5,500.0,0.43208,-0.12727,7.55612,0.0,0.9983
10671.35,BTC-28JUN19,1561287543236,open,0.72,43.6,0.679,0.7585,0.71888423,313.16,0.6755,0.0,BTC-28JUN19-3000-C,10522.81,0.0,0.0035,1.0,0.0,0.0,0.0,0.0055,-0.17657,0.40056,0.0,0.99989
11054.54,BTC-27SEP19,1561287543236,open,0.61,289.7,0.559,0.6385,0.5987995,102.69,0.51,0.0,BTC-27SEP19-4500-C,10522.81,0.0,0.0005,20.0,0.738,5.0,299.71,3.24126,-1.73582,10.94211,1e-05,0.97563
10671.35,BTC-28JUN19,1561287543236,open,0.01,54.6,0.0005,0.0455,0.00551749,103.03,0.005,0.0,BTC-26JUL19-6500-P,10522.81,94.15,0.0035,24.0,0.0075,7.0,110.18,2.72536,-4.27072,-0.4316,3e-05,-0.03939
11054.54,BTC-27SEP19,1561287543236,open,0.78,0.0,0.738,0.8175,0.77786742,110.03,None,0.0,BTC-27DEC19-2500-C,10522.81,0.0,0.0135,3.0,0.986,0.5,500.0,2.33566,-0.68758,11.9356,0.0,0.98875
10671.35,BTC-28JUN19,1561287543253,open,0.09,1315.0,0.044,0.1235,0.08360039,101.7,0.085,0.0,BTC-28JUN19-10000-C,10522.81,88.05,0.0785,6.0,0.086,7.0,107.92,4.08115,-42.56345,0.92085,0.00026,0.72959
311.21,ETH-28JUN19,1561287543262,open,0.04,15.0,0.003,0.085,0.044161,105.58,0.031,0.0,ETH-05JUL19-290-P,305.87,0.0,0.0,0.0,0.0,0.0,0.0,0.20092,-0.89316,-0.03694,0.00604,-0.32066
11054.54,BTC-27SEP19,1561287543280,open,0.07,20.1,0.0245,0.104,0.06449946,107.62,0.0655,0.0,BTC-27DEC19-28000-C,10522.81,105.13,0.0595,4.9,0.07,4.9,110.28,22.51294,-6.48272,7.98587,3e-05,0.2056
11054.54,BTC-27SEP19,1561287543280,open,0.08,183.1,0.0335,0.113,0.07322299,106.54,0.076,0.0,BTC-27DEC19-26000-C,10522.81,103.86,0.0675,4.9,0.0795,4.9,109.39,23.984,-6.83658,8.84014,4e-05,0.22941
10671.35,BTC-28JUN19,1561287543284,open,0.36,6.8,0.314,0.3935,0.35392925,103.11,0.223,0.0,BTC-26JUL19-7000-C,10522.81,0.0,0.005,0.1,1.1,0.1,500.0,4.04119,-6.33739,5.58897,4e-05,0.9354
10671.35,BTC-28JUN19,1561287543291,open,0.0,472.2,0.0005,0.041,0.00137556,106.36,0.001,0.0,BTC-28JUN19-8500-P,10522.81,90.78,0.0005,2.1,0.002,0.9,113.88,0.7909,-8.62672,-0.04178,5e-05,-0.02793
11054.54,BTC-27SEP19,1561287543291,open,0.56,793.4,0.517,0.5965,0.55689411,100.9,0.361,0.0,BTC-27SEP19-5000-C,10522.81,0.0,0.11,1.0,0.587,0.1,150.88,4.53132,-2.38442,11.80665,1e-05,0.9635
10671.35,BTC-28JUN19,1561287543294,open,0.07,161.8,0.019,0.0985,0.05851268,107.51,0.0555,0.0,BTC-26JUL19-13000-C,10522.81,103.78,0.0545,5.0,0.0625,24.3,111.17,11.54414,-18.87546,2.5729,0.0001,0.3262
11054.54,BTC-27SEP19,1561287543296,open,0.78,55.9,0.7345,0.814,0.77419041,110.15,0.689,0.0,BTC-27SEP19-2500-C,10522.81,0.0,0.0045,10.0,0.946,5.0,500.0,0.32247,-0.18525,6.50533,0.0,0.99822
10671.35,BTC-28JUN19,1561287543296,open,0.0,133.4,0.0005,0.04,0.0,110.0,0.0005,0.0,BTC-28JUN19-3750-P,10522.81,0.0,0.0,0.0,0.015,0.5,500.0,0.0,0.0,0.0,0.0,0.0
11054.54,BTC-27SEP19,1561287543309,open,0.35,906.9,0.304,0.3835,0.34363719,99.03,0.35,0.0,BTC-27SEP19-8000-C,10522.81,0.0,0.2,4.0,0.37,0.1,117.71,15.19786,-7.84873,13.64432,5e-05,0.81353
11054.54,BTC-27SEP19,1561287543309,open,0.04,308.1,0.0005,0.0775,0.0379479,107.16,0.055,0.0,BTC-27SEP19-22000-C,10522.81,104.38,0.0345,4.9,0.0425,4.9,110.66,14.00343,-7.82544,3.65747,4e-05,0.16391
10671.35,BTC-28JUN19,1561287543309,open,0.85,0.6,0.7995,0.949,0.87410513,0.0,1.1775,0.0,BTC-28JUN19-20000-P,10522.81,0.0,0.0,0.0,0.0,0.0,0.0,0.0,0.0,-2.67161,0.0,-1.0
10671.35,BTC-28JUN19,1561287543309,open,0.0,538.3,0.0005,0.04,0.0,110.0,0.0005,0.0,BTC-28JUN19-4000-P,10522.81,0.0,0.0,0.0,0.0005,2.1,341.71,0.0,0.0,0.0,0.0,0.0
10671.35,BTC-28JUN19,1561287543309,open,0.0,990.2,0.0005,0.04,0.0,109.99,0.0005,0.0,BTC-28JUN19-5000-P,10522.81,0.0,0.0,0.0,0.003,0.3,345.76,0.0,0.0,0.0,0.0,0.0
10671.35,BTC-28JUN19,1561287543309,open,0.86,33.8,0.8195,0.899,0.85944212,461.04,0.7145,0.0,BTC-28JUN19-1500-C,10522.81,0.0,0.0005,0.1,0.0,0.0,0.0,0.00202,-0.09571,0.20031,0.0,0.99996
10671.35,BTC-28JUN19,1561287543309,open,0.77,24.4,0.726,0.8055,0.76573686,352.96,0.5115,0.0,BTC-28JUN19-2500-C,10522.81,0.0,0.0005,0.1,0.0,0.0,0.0,0.00416,-0.15072,0.33382,0.0,0.99992
10671.35,BTC-28JUN19,1561287543309,open,0.06,6.8,0.01,0.0895,0.04958259,108.07,0.047,0.0,BTC-26JUL19-13500-C,10522.81,104.54,0.046,5.0,0.053,19.3,111.39,10.90554,-17.92467,2.28002,0.0001,0.2868
11054.54,BTC-27SEP19,1561287543309,open,0.0,87.9,0.0005,0.0415,0.0016634,110.0,0.0055,0.0,BTC-27DEC19-2000-P,10522.81,94.44,0.0005,5.0,0.0065,6.0,138.05,1.17377,-0.34545,-0.38549,0.0,-0.00515
11054.54,BTC-27SEP19,1561287543309,open,0.2,309.5,0.1545,0.234,0.19403153,97.98,0.207,0.0,BTC-27DEC19-14000-C,10522.81,97.27,0.192,3.6,0.207,1.0,102.53,31.55298,-8.2721,17.62517,5e-05,0.50544
11054.54,BTC-27SEP19,1561287543311,open,0.11,117.2,0.0765,0.1655,0.12109558,97.79,0.106,0.0,BTC-27DEC19-8000-P,10522.81,94.81,0.115,4.9,0.123,10.0,98.72,22.69289,-5.93739,-18.64779,4e-05,-0.20838
11054.54,BTC-27SEP19,1561287543311,open,0.01,168.7,0.0005,0.048,0.00784274,109.97,0.0095,0.0,BTC-27DEC19-3000-P,10522.81,100.8,0.005,6.0,0.0115,6.0,119.43,3.85183,-1.1333,-1.58351,1e-05,-0.02014
311.21,ETH-28JUN19,1561287543348,open,0.17,0.0,0.138,0.232,0.184847,108.94,None,0.0,ETH-05JUL19-360-P,305.87,0.0,0.0,0.0,0.0,0.0,0.0,0.18214,-0.83544,-0.09363,0.00531,-0.73984
311.21,ETH-28JUN19,1561287543376,open,0.34,0.0,0.287,0.366,0.32668,110.25,None,0.0,ETH-05JUL19-210-C,305.87,0.0,0.0,0.0,0.0,0.0,0.0,0.02589,-0.12016,0.06627,0.00075,0.98112
311.21,ETH-28JUN19,1561287543378,open,0.22,0.0,0.19,0.288,0.238822,109.57,None,0.0,ETH-05JUL19-380-P,305.87,0.0,0.0,0.0,0.0,0.0,0.0,0.1478,-0.68185,-0.10711,0.00428,-0.81902
10671.35,BTC-28JUN19,1561287543411,open,0.31,0.0,0.26,0.3395,0.29958852,109.19,None,0.0,BTC-05JUL19-7500-C,10522.81,0.0,0.0005,0.1,0.0,0.0,0.0,1.28957,-5.92849,2.32963,3e-05,0.97056
311.21,ETH-28JUN19,1561287543443,open,0.01,0.0,0.001,0.045,0.00553,110.01,None,0.0,ETH-28JUN19-370-C,305.87,0.0,0.0,0.0,0.034,1.0,202.6,0.06185,-0.69782,0.00381,0.00435,0.09726
311.21,ETH-28JUN19,1561287543458,open,0.1,71.0,0.053,0.132,0.092091,102.99,0.09,0.0,ETH-05JUL19-300-C,305.87,99.96,0.09,21.0,0.0,0.0,0.0,0.2147,-0.93099,0.05287,0.00662,0.61423
311.21,ETH-28JUN19,1561287543466,open,0.02,0.0,0.001,0.054,0.014031,109.83,None,0.0,ETH-05JUL19-390-C,305.87,61.89,0.001,5.0,0.0,0.0,0.0,0.13039,-0.60294,0.01368,0.00377,0.14915
311.21,ETH-28JUN19,1561287543488,open,0.0,0.0,0.001,0.043,0.003493,110.01,None,0.0,ETH-28JUN19-380-C,305.87,0.0,0.0,0.0,0.03,1.0,207.69,0.04609,-0.52001,0.00259,0.00324,0.0659
311.21,ETH-28JUN19,1561287543488,open,0.01,200.0,0.001,0.05,0.010964,109.93,0.015,0.0,ETH-05JUL19-400-C,305.87,67.59,0.001,5.0,0.0,0.0,0.0,0.11339,-0.52481,0.01121,0.00327,0.12167
10671.35,BTC-28JUN19,1561287543544,open,0.06,8.9,0.025,0.11,0.06750017,105.59,0.0635,0.0,BTC-05JUL19-10500-P,10522.81,93.58,0.059,18.0,0.0715,18.0,111.24,7.55544,-33.58816,-1.7221,0.00019,-0.42849
311.21,ETH-28JUN19,1561287543602,open,0.03,102.0,0.001,0.062,0.022459,109.37,0.026,0.0,ETH-05JUL19-370-C,305.87,49.72,0.001,5.0,0.0,0.0,0.0,0.16541,-0.76168,0.01981,0.0048,0.21815
10671.35,BTC-28JUN19,1561287543614,open,0.04,919.8,0.0005,0.0715,0.03192645,97.63,0.0345,0.0,BTC-28JUN19-11000-C,10522.81,90.01,0.0285,5.0,0.036,5.0,106.64,4.81068,-48.1657,0.54735,0.00032,0.4159
10671.14,BTC-28JUN19,1561287543625,open,0.0,143.2,0.0005,0.046,0.00591557,101.6,0.003,0.0,BTC-28JUN19-9250-P,10522.81,81.73,0.0025,60.0,0.006,50.0,102.02,2.18058,-22.72053,-0.15243,0.00014,-0.10102
10671.14,BTC-28JUN19,1561287543637,open,0.05,12.1,0.0085,0.088,0.04848961,109.26,0.051,0.0,BTC-05JUL19-11500-C,10522.81,103.47,0.0445,4.0,0.053,4.0,115.75,7.38166,-33.95608,1.18344,0.00018,0.38934
311.21,ETH-28JUN19,1561287543662,open,0.05,3.0,0.014,0.098,0.05604,102.95,0.065,0.0,ETH-05JUL19-300-P,305.87,0.0,0.0,0.0,0.0,0.0,0.0,0.2147,-0.93058,-0.04473,0.00662,-0.38575
10671.14,BTC-28JUN19,1561287543662,open,0.03,17.9,0.0005,0.0705,0.02972992,105.59,0.024,0.0,BTC-05JUL19-9500-P,10522.81,93.3,0.023,24.0,0.0325,24.0,110.49,5.98675,-26.61456,-0.93725,0.00015,-0.24022
10671.14,BTC-28JUN19,1561287543668,open,0.02,32.6,0.0005,0.058,0.01837574,110.02,0.023,0.0,BTC-05JUL19-13000-C,10522.81,110.28,0.0185,19.9,0.0215,1.0,116.33,5.14241,-23.82046,0.57941,0.00013,0.18526
311.21,ETH-28JUN19,1561287543696,open,0.22,0.0,0.169,0.248,0.208697,109.83,None,0.0,ETH-05JUL19-250-C,305.87,0.0,0.0,0.0,0.0,0.0,0.0,0.10841,-0.5013,0.06856,0.00313,0.88581
311.21,ETH-28JUN19,1561287543762,open,0.0,0.0,0.001,0.041,0.001444,109.99,None,0.0,ETH-05JUL19-210-P,305.87,0.0,0.0,0.0,0.0,0.0,0.0,0.02565,-0.11876,-0.00204,0.00074,-0.01868
10671.14,BTC-28JUN19,1561287543777,open,0.0,40.4,0.0005,0.0405,0.00081752,108.61,0.0005,0.0,BTC-28JUN19-8250-P,10522.81,0.0,0.0,0.0,0.0015,3.0,119.87,0.52808,-5.88161,-0.02584,3e-05,-0.01731
311.21,ETH-28JUN19,1561287543857,open,0.09,21.0,0.034,0.113,0.073677,99.99,0.092,0.0,ETH-05JUL19-310-C,305.87,99.04,0.073,33.0,0.0,0.0,0.0,0.22255,-0.93692,0.04767,0.00706,0.5445
311.21,ETH-28JUN19,1561287543870,open,0.18,0.0,0.147,0.242,0.194399,109.82,None,0.0,ETH-28JUN19-370-P,305.87,0.0,0.0,0.0,0.0,0.0,0.0,0.06165,-0.69435,-0.04563,0.00434,-0.90317
311.21,ETH-28JUN19,1561287543905,open,0.01,178.0,0.001,0.052,0.011987,109.75,0.017,0.0,ETH-05JUL19-250-P,305.87,0.0,0.0,0.0,0.0,0.0,0.0,0.10832,-0.50055,-0.01276,0.00313,-0.11406
311.21,ETH-28JUN19,1561287543929,open,0.25,0.0,0.217,0.317,0.267164,109.74,None,0.0,ETH-05JUL19-390-P,305.87,0.0,0.0,0.0,0.0,0.0,0.0,0.13024,-0.60173,-0.11323,0.00377,-0.8511
311.21,ETH-28JUN19,1561287543950,open,0.0,1239.0,0.001,0.04,0.000148,110.0,0.002,0.0,ETH-28JUN19-440-C,305.86,0.0,0.0,0.0,0.002,48.0,153.14,0.00417,-0.04603,0.00016,0.00029,0.0039
311.21,ETH-28JUN19,1561287543950,open,0.68,0.0,0.639,0.718,0.678674,125.0,None,0.0,ETH-28JUN19-100-C,305.86,0.0,0.0,0.0,0.0,0.0,0.0,0.0,0.0,0.01336,0.0,1.0
311.21,ETH-28JUN19,1561287543950,open,0.0,9803.0,0.001,0.04,0.0,110.0,0.001,0.0,ETH-28JUN19-130-P,305.86,0.0,0.0,0.0,0.03,2.0,500.0,0.0,0.0,0.0,0.0,0.0
327.04,ETH-27SEP19,1561287543950,open,0.32,1413.0,0.278,0.357,0.317473,110.0,0.31,0.0,ETH-27SEP19-260-C,305.86,0.0,0.05,5.0,0.3,5.0,99.11,0.52747,-0.3026,0.37544,0.00171,0.75452
311.21,ETH-28JUN19,1561287543951,open,0.59,386.0,0.543,0.622,0.582276,110.0,0.534,0.0,ETH-28JUN19-130-C,305.86,0.0,0.0,0.0,0.0,0.0,0.0,0.0,0.0,0.01737,0.0,1.0
311.21,ETH-28JUN19,1561287543950,open,0.04,5370.0,0.001,0.074,0.034385,100.94,0.052,0.0,ETH-28JUN19-320-C,305.86,80.1,0.025,20.0,0.044,95.0,122.04,0.14118,-1.46134,0.01638,0.01081,0.42841
327.04,ETH-27SEP19,1561287543951,open,0.76,24.0,0.707,0.848,0.777629,109.94,1.356,0.0,ETH-27SEP19-560-P,305.86,0.0,0.0,0.0,0.0,0.0,0.0,0.53324,-0.30574,-1.31184,0.00173,-0.74946
311.21,ETH-28JUN19,1561287543951,open,0.49,0.0,0.448,0.527,0.487786,110.0,None,0.0,ETH-26JUL19-160-C,305.86,0.0,0.0,0.0,0.0,0.0,0.0,0.03459,-0.05787,0.13948,0.00036,0.98538
327.04,ETH-27SEP19,1561287543951,open,0.06,2916.0,0.014,0.093,0.053501,110.01,0.07,0.0,ETH-27SEP19-600-C,305.86,107.63,0.05,5.0,0.07,5.0,120.56,0.48772,-0.2798,0.13742,0.00158,0.21347
311.21,ETH-28JUN19,1561287543951,open,0.43,3454.0,0.382,0.461,0.421613,110.0,0.289,0.0,ETH-28JUN19-180-C,305.86,0.0,0.001,1.0,0.0,0.0,0.0,1e-05,-0.00012,0.02404,0.0,0.99999
311.21,ETH-28JUN19,1561287543951,open,0.03,957.0,0.001,0.075,0.033816,110.0,0.039,0.0,ETH-28JUN19-300-P,305.86,0.0,0.0,0.0,0.075,3.0,203.43,0.13487,-1.52135,-0.01647,0.00948,-0.36237
311.21,ETH-28JUN19,1561287543952,open,0.46,1118.0,0.414,0.493,0.453745,110.0,0.354,0.0,ETH-28JUN19-170-C,305.86,0.0,0.006,2.0,0.49,6.0,500.0,0.0,-1e-05,0.02271,0.0,1.0
311.21,ETH-28JUN19,1561287543952,open,0.0,10453.0,0.001,0.04,0.0,110.0,0.001,0.0,ETH-28JUN19-140-P,305.86,0.0,0.0,0.0,0.001,499.0,307.37,0.0,0.0,0.0,0.0,0.0
311.21,ETH-28JUN19,1561287543950,open,0.02,206.0,0.001,0.058,0.017714,109.44,0.015,0.0,ETH-05JUL19-260-P,305.86,0.0,0.0,0.0,0.0,0.0,0.0,0.13455,-0.61996,-0.01763,0.0039,-0.15638
311.2,ETH-28JUN19,1561287543950,open,0.19,0.0,0.143,0.222,0.182286,109.54,None,0.0,ETH-05JUL19-260-C,305.86,0.0,0.0,0.0,0.0,0.0,0.0,0.13466,-0.62105,0.06694,0.0039,0.84341
311.2,ETH-28JUN19,1561287543954,open,0.62,50.0,0.575,0.654,0.614408,239.35,0.547,0.0,ETH-28JUN19-120-C,305.86,0.0,0.0,0.0,0.0,0.0,0.0,0.00023,-0.00574,0.01602,1e-05,0.99983
327.04,ETH-27SEP19,1561287543955,open,0.0,389.0,0.001,0.04,8.7e-05,110.0,0.002,0.0,ETH-27SEP19-60-P,305.86,0.0,0.0,0.0,0.0,0.0,0.0,0.00299,-0.00171,-0.00051,1e-05,-0.0005
311.2,ETH-28JUN19,1561287543955,open,0.1,20.0,0.067,0.154,0.110498,106.97,0.093,0.0,ETH-28JUN19-340-P,305.86,0.0,0.0,0.0,0.142,1.0,183.09,0.11586,-1.27095,-0.0355,0.00837,-0.74347
311.2,ETH-28JUN19,1561287543951,open,0.27,0.0,0.231,0.332,0.281625,109.96,None,0.0,ETH-26JUL19-380-P,305.86,0.0,0.0,0.0,0.0,0.0,0.0,0.33819,-0.5656,-0.26677,0.00353,-0.67011
327.04,ETH-27SEP19,1561287543956,open,0.44,1743.0,0.394,0.473,0.433945,110.03,0.367,0.0,ETH-27SEP19-200-C,305.86,0.0,0.125,30.0,0.583,4.0,233.28,0.34358,-0.19714,0.37954,0.00111,0.87576
327.04,ETH-27SEP19,1561287543956,open,0.0,8150.0,0.001,0.045,0.004992,109.99,0.003,0.0,ETH-27SEP19-120-P,305.86,100.63,0.003,60.0,0.0,0.0,0.0,0.08006,-0.04593,-0.0212,0.00026,-0.01968
327.04,ETH-27SEP19,1561287543956,open,0.04,3045.0,0.004,0.087,0.045454,109.99,0.041,0.0,ETH-27SEP19-200-P,305.86,95.49,0.031,140.0,0.138,500.0,187.82,0.3435,-0.19704,-0.14574,0.00111,-0.1242
311.2,ETH-28JUN19,1561287543956,open,0.49,924.0,0.446,0.525,0.485878,173.11,0.35,0.0,ETH-28JUN19-160-C,305.86,0.0,0.01,100.0,0.0,0.0,0.0,0.00041,-0.00722,0.02136,2e-05,0.99969
327.04,ETH-27SEP19,1561287543956,open,0.02,5672.0,0.001,0.059,0.018685,109.99,0.009,0.0,ETH-27SEP19-160-P,305.86,73.97,0.003,100.0,0.138,500.0,242.59,0.20114,-0.11538,-0.06808,0.00065,-0.06057
311.2,ETH-28JUN19,1561287543956,open,0.0,8276.0,0.001,0.04,4e-06,110.01,0.001,0.0,ETH-28JUN19-500-C,305.86,0.0,0.0,0.0,0.001,474.0,179.5,0.00017,-0.00115,0.0,1e-05,0.00012
311.2,ETH-28JUN19,1561287543951,open,0.15,686.0,0.108,0.187,0.14753,110.0,0.168,0.0,ETH-26JUL19-300-C,305.86,98.27,0.134,120.0,0.168,10.0,127.79,0.35866,-0.60004,0.12928,0.00374,0.60876
311.2,ETH-28JUN19,1561287543949,open,0.07,21.0,0.026,0.105,0.065057,107.59,0.071,0.0,ETH-05JUL19-320-C,305.86,100.55,0.06,11.0,0.12,3.0,184.01,0.2237,-1.01327,0.04215,0.0066,0.48139
10671.14,BTC-28JUN19,1561287543964,open,0.0,1.5,0.0005,0.0415,0.00164783,108.36,0.002,0.0,BTC-28JUN19-13500-C,10522.81,90.49,0.0005,0.1,0.003,30.0,120.97,0.94778,-10.53214,0.04721,6e-05,0.03477
10671.14,BTC-28JUN19,1561287543966,open,0.01,14.0,0.0005,0.05,0.00962057,105.6,0.01,0.0,BTC-05JUL19-8500-P,10522.81,88.79,0.005,30.0,0.012,30.0,112.85,3.34371,-14.86595,-0.37578,9e-05,-0.09861
10671.14,BTC-28JUN19,1561287543996,open,0.01,4.0,0.0005,0.046,0.00609133,110.02,0.008,0.0,BTC-05JUL19-14500-C,10522.81,107.62,0.0055,4.0,0.0115,34.0,128.03,2.70017,-12.5073,0.23618,7e-05,0.07412
10671.14,BTC-28JUN19,1561287544019,open,0.42,0.0,0.378,0.4925,0.43516209,108.86,None,0.0,BTC-26JUL19-15000-P,10522.81,0.0,0.0,0.0,0.0,0.0,0.0,8.68289,-14.37521,-11.9706,8e-05,-0.81028
10671.14,BTC-28JUN19,1561287544143,open,0.0,12.9,0.0005,0.042,0.00237329,108.92,0.0045,0.0,BTC-05JUL19-7500-P,10522.81,85.7,0.0005,2.0,0.004,2.0,120.51,1.27967,-5.86853,-0.10953,3e-05,-0.02917
10671.14,BTC-28JUN19,1561287544316,open,0.12,6.2,0.0815,0.171,0.12609529,109.16,0.1005,0.0,BTC-05JUL19-11500-P,10522.81,92.93,0.115,18.0,0.1285,18.0,112.63,7.38078,-33.92175,-2.55855,0.00018,-0.61082
10671.14,BTC-28JUN19,1561287544396,open,0.07,29.6,0.023,0.1025,0.06264953,105.66,0.0685,0.0,BTC-05JUL19-11000-C,10522.81,103.36,0.061,11.0,0.071,4.0,117.28,7.66329,-34.08976,1.42992,0.0002,0.4745
10671.14,BTC-28JUN19,1561287544478,open,0.22,0.0,0.1875,0.2855,0.23653717,109.86,None,0.0,BTC-05JUL19-13000-P,10522.81,0.0,0.0,0.0,0.0,0.0,0.0,5.13501,-23.7513,-3.65151,0.00013,-0.81517
10670.93,BTC-28JUN19,1561287544651,open,0.18,0.0,0.1495,0.245,0.19720892,109.9,None,0.0,BTC-05JUL19-12500-P,10522.81,88.46,0.186,6.0,0.1985,6.0,112.17,6.01456,-27.82918,-3.31542,0.00015,-0.75772
10670.93,BTC-28JUN19,1561287544780,open,0.26,0.0,0.2155,0.295,0.25502862,105.83,None,0.0,BTC-05JUL19-8000-C,10522.81,0.0,0.0005,0.1,0.0,0.0,0.0,2.11953,-9.44429,2.39796,5e-05,0.9457
10670.93,BTC-28JUN19,1561287544826,open,0.25,0.0,0.2165,0.317,0.26668937,107.48,None,0.0,BTC-28JUN19-13500-P,10522.81,0.0,0.0,0.0,0.322,0.1,298.91,0.92041,-10.14471,-1.75775,6e-05,-0.96645
10670.93,BTC-28JUN19,1561287544942,open,0.15,10.5,0.0995,0.179,0.13911278,101.78,0.128,0.0,BTC-28JUN19-9250-C,10522.99,71.83,0.1345,6.0,0.141,6.0,110.47,2.1866,-22.82282,1.08259,0.00014,0.89859
11054.28,BTC-27SEP19,1561287544942,open,0.82,28.2,0.7795,0.859,0.81915772,110.49,0.755,0.0,BTC-27SEP19-2000-C,10522.99,0.0,0.0045,5.0,0.953,5.0,500.0,0.09689,-0.05583,5.23712,0.0,0.99952
10670.93,BTC-28JUN19,1561287544942,open,0.0,716.5,0.0005,0.04,8.837e-05,109.99,0.0005,0.0,BTC-28JUN19-7500-P,10522.99,0.0,0.0,0.0,0.001,10.0,147.38,0.08785,-0.94297,-0.00337,1e-05,-0.00227
10671.11,BTC-28JUN19,1561287544942,open,0.35,0.0,0.3105,0.419,0.36483886,109.77,None,0.0,BTC-05JUL19-14500-P,10522.99,0.0,0.0,0.0,0.0,0.0,0.0,2.68594,-12.41392,-4.48312,7e-05,-0.92639
10671.11,BTC-28JUN19,1561287544942,open,0.0,40.0,0.0005,0.0445,0.00468331,105.61,0.0025,0.0,BTC-05JUL19-8000-P,10522.99,79.17,0.001,30.0,0.0075,30.0,118.2,2.10902,-9.37741,-0.2036,5e-05,-0.05396
10671.11,BTC-28JUN19,1561287544942,open,0.3,0.0,0.268,0.3735,0.3207991,109.83,None,0.0,BTC-05JUL19-14000-P,10522.99,0.0,0.0,0.0,0.0,0.0,0.0,3.42188,-15.82369,-4.23238,8e-05,-0.89822
10671.11,BTC-28JUN19,1561287544945,open,0.49,148.3,0.445,0.5245,0.48460129,168.18,0.402,0.0,BTC-28JUN19-5500-C,10522.99,0.0,0.0015,2.0,0.52,5.0,500.0,0.0105,-0.18116,0.73435,0.0,0.99977
10671.11,BTC-28JUN19,1561287544942,open,0.26,0.0,0.227,0.329,0.27791224,109.87,None,0.0,BTC-05JUL19-13500-P,10522.99,0.0,0.0,0.0,0.0,0.0,0.0,4.25147,-19.66737,-3.95625,0.0001,-0.86157
10671.11,BTC-28JUN19,1561287544946,open,0.0,752.4,0.0005,0.0405,0.00082287,109.46,0.0005,0.0,BTC-28JUN19-14000-C,10522.99,102.29,0.0005,10.0,0.0015,12.0,119.91,0.56212,-6.30972,0.02538,3e-05,0.01863
10671.11,BTC-28JUN19,1561287544946,open,0.0,402.3,0.0005,0.04,0.0,110.0,0.0005,0.0,BTC-28JUN19-3500-P,10522.99,0.0,0.0,0.0,0.0005,0.1,385.69,0.0,0.0,0.0,0.0,0.0
11054.28,BTC-27SEP19,1561287544946,open,0.0,384.5,0.0005,0.0445,0.00449567,109.28,0.003,0.0,BTC-27SEP19-4000-P,10522.99,98.98,0.0025,3.1,0.0065,6.0,117.17,2.5185,-1.43537,-0.65576,1e-05,-0.01809
11054.28,BTC-27SEP19,1561287544946,open,0.67,1.0,0.626,0.761,0.69346456,104.05,1.5815,0.0,BTC-27SEP19-18000-P,10522.99,0.0,0.0045,0.3,1.376,0.3,500.0,18.32638,-9.9446,-41.66309,5e-05,-0.74138
10671.11,BTC-28JUN19,1561287544946,open,0.39,4.6,0.35,0.462,0.40580413,107.75,0.6335,0.0,BTC-28JUN19-15000-P,10522.99,0.0,0.0,0.0,0.537,0.1,500.0,0.1386,-1.53155,-1.99853,1e-05,-0.99623
11054.28,BTC-27SEP19,1561287544946,open,0.67,0.0,0.6245,0.704,0.66400635,109.33,None,0.0,BTC-27SEP19-3750-C,10522.99,0.0,0.006,6.1,0.7685,10.0,299.66,1.96822,-1.12221,9.36208,1e-05,0.98643
10671.11,BTC-28JUN19,1561287544947,open,0.0,460.3,0.0005,0.0435,0.00353465,101.62,0.003,0.0,BTC-28JUN19-9000-P,10522.99,94.01,0.0025,2.0,0.0035,2.0,101.39,1.57642,-16.42877,-0.09866,0.0001,-0.06568
11054.28,BTC-27SEP19,1561287544947,open,0.03,203.6,0.0005,0.0695,0.02999888,108.85,0.0265,0.0,BTC-27SEP19-24000-C,10522.99,105.58,0.0265,6.0,0.034,6.0,112.37,12.19684,-6.92349,3.00072,3e-05,0.13334
10671.11,BTC-28JUN19,1561287544947,open,0.01,966.5,0.0005,0.0495,0.00953812,98.74,0.0115,0.0,BTC-28JUN19-12000-C,10522.99,96.85,0.009,1.5,0.011,2.0,103.69,3.06967,-31.08235,0.22257,0.0002,0.16568
10671.11,BTC-28JUN19,1561287544947,open,0.02,298.1,0.0005,0.061,0.02066417,101.62,0.0205,0.0,BTC-28JUN19-10000-P,10522.99,90.52,0.0165,24.0,0.0235,35.0,108.96,4.08055,-42.52284,-0.41481,0.00026,-0.27034
11054.28,BTC-27SEP19,1561287544947,open,0.59,13.5,0.538,0.6175,0.57783932,102.16,0.382,0.0,BTC-27SEP19-4750-C,10522.99,0.0,0.0045,10.0,0.728,5.0,299.14,3.89657,-2.07594,11.37565,1e-05,0.96961
10671.11,BTC-28JUN19,1561287544947,open,0.61,10.6,0.562,0.6415,0.60173736,226.48,0.535,0.0,BTC-28JUN19-4250-C,10522.99,0.0,0.0005,0.1,0.0,0.0,0.0,0.00634,-0.14733,0.56752,0.0,0.99987
10671.11,BTC-28JUN19,1561287544947,open,0.63,322.4,0.5855,0.665,0.62516458,239.91,0.62,0.0,BTC-28JUN19-4000-C,10522.99,0.0,0.0005,0.1,0.65,0.1,500.0,0.00569,-0.14009,0.53414,0.0,0.99988
10671.11,BTC-28JUN19,1561287544947,open,0.0,1270.8,0.0005,0.04,0.0,110.0,0.025,0.0,BTC-28JUN19-1500-P,10522.99,0.0,0.0,0.0,0.0235,0.4,500.0,0.0,0.0,0.0,0.0,0.0
10671.11,BTC-28JUN19,1561287544947,open,0.0,1453.3,0.0005,0.04,1e-08,110.0,0.0005,0.0,BTC-28JUN19-20000-C,10522.99,0.0,0.0,0.0,0.0005,10.0,209.92,3e-05,-0.00014,0.0,0.0,0.0
10671.11,BTC-28JUN19,1561287544947,open,0.0,565.9,0.0005,0.0425,0.00274945,103.73,0.003,0.0,BTC-28JUN19-13000-C,10522.99,92.55,0.0015,8.5,0.0045,30.0,115.36,1.39742,-14.86508,0.07633,9e-05,0.0563
10671.11,BTC-28JUN19,1561287544947,open,0.4,504.3,0.351,0.4305,0.39089354,129.92,0.292,0.0,BTC-28JUN19-6500-C,10522.99,0.0,0.0505,2.0,0.0,0.0,0.0,0.01646,-0.21927,0.86773,0.0,0.99963
10671.11,BTC-28JUN19,1561287544948,open,0.31,174.1,0.2575,0.337,0.29727195,111.8,0.287,0.0,BTC-28JUN19-7500-C,10522.99,0.0,0.2,1.0,0.6995,0.1,500.0,0.09935,-1.13899,0.99799,1e-05,0.99739
11054.46,BTC-27SEP19,1561287544948,open,0.53,230.7,0.4775,0.557,0.51703178,100.89,0.42,0.0,BTC-27SEP19-5500-C,10522.99,0.0,0.0045,8.0,0.85,2.9,480.95,6.19792,-3.26094,12.46039,2e-05,0.94615
11054.46,BTC-27SEP19,1561287544948,open,0.0,1647.1,0.0005,0.04,9.87e-06,110.0,0.001,0.0,BTC-27SEP19-1500-P,10522.99,0.0,0.0,0.0,0.012,50.0,258.49,0.01505,-0.00863,-0.00219,0.0,-7e-05
10671.11,BTC-28JUN19,1561287544947,open,0.27,14.4,0.226,0.3275,0.27671577,107.48,0.221,0.0,BTC-26JUL19-13000-P,10522.99,0.0,0.0,0.0,0.0,0.0,0.0,11.54237,-18.86713,-9.13694,0.0001,-0.67391
10671.11,BTC-28JUN19,1561287544947,open,0.09,152.8,0.047,0.1335,0.09015658,103.03,0.065,0.0,BTC-26JUL19-10000-P,10522.99,89.48,0.075,19.3,0.0805,4.0,94.4,11.95456,-18.73292,-4.30437,0.00011,-0.35768
10671.11,BTC-28JUN19,1561287544946,open,0.12,218.9,0.07,0.1495,0.1099769,103.06,0.1095,0.0,BTC-26JUL19-11000-C,10522.99,103.07,0.11,5.0,0.1195,0.1,111.03,12.75609,-19.99324,3.96523,0.00012,0.52253
10671.11,BTC-28JUN19,1561287544948,open,0.28,24.2,0.236,0.3155,0.27550697,103.06,0.28,0.0,BTC-26JUL19-8000-C,10522.99,70.28,0.2575,5.0,0.327,5.0,169.0,7.08382,-11.10354,5.63016,7e-05,0.86128
10671.11,BTC-28JUN19,1561287544946,open,0.05,57.9,0.0025,0.082,0.0423303,108.96,0.04,0.0,BTC-26JUL19-14000-C,10522.99,106.51,0.04,2.8,0.0455,19.3,112.24,10.22969,-16.95222,2.01957,9e-05,0.25245
11054.46,BTC-27SEP19,1561287544946,open,0.46,55.1,0.4105,0.49,0.45000662,97.79,0.4705,0.0,BTC-27DEC19-7000-C,10522.99,0.0,0.0005,2.0,0.463,0.1,105.24,19.08484,-4.99368,22.18782,3e-05,0.84203
10671.11,BTC-28JUN19,1561287544942,open,0.02,56.7,0.0005,0.061,0.02126194,110.01,0.0225,0.0,BTC-26JUL19-16000-C,10522.99,111.8,0.0225,1.0,0.0245,24.0,114.62,7.2712,-12.16536,1.18132,6e-05,0.14417
10671.11,BTC-28JUN19,1561287544942,open,0.04,16.1,0.0005,0.0755,0.03589931,110.02,0.0365,0.0,BTC-05JUL19-12000-C,10522.99,103.84,0.032,34.0,0.0435,24.0,121.75,6.80297,-31.51207,0.95615,0.00017,0.31129
10671.11,BTC-28JUN19,1561287544942,open,0.38,0.0,0.3385,0.4495,0.39417261,108.9,None,0.0,BTC-26JUL19-14500-P,10522.99,0.0,0.0,0.0,0.0,0.0,0.0,9.46392,-15.67412,-11.29284,8e-05,-0.78076
10671.11,BTC-28JUN19,1561287544948,open,0.02,89.2,0.0005,0.066,0.02517781,103.04,0.017,0.0,BTC-26JUL19-8000-P,10522.99,93.31,0.019,24.0,0.0225,1.0,98.93,7.08235,-11.09849,-1.5749,7e-05,-0.13868
10671.11,BTC-28JUN19,1561287544947,open,0.0,31.2,0.0005,0.042,0.001949,109.99,0.0035,0.0,BTC-26JUL19-5500-P,10522.99,91.27,0.0005,40.0,0.0035,4.0,121.32,1.20536,-2.01632,-0.16187,1e-05,-0.01489
10671.11,BTC-28JUN19,1561287544947,open,0.09,80.2,0.0425,0.122,0.08227659,107.15,0.0805,0.0,BTC-26JUL19-12000-C,10522.99,103.07,0.0775,5.0,0.0865,5.0,110.75,12.51288,-20.39128,3.23742,0.00011,0.4191
327.04,ETH-27SEP19,1561287544974,open,0.64,47.0,0.599,0.678,0.638066,110.0,0.564,0.0,ETH-27SEP19-120-C,305.86,0.0,0.0,0.0,0.654,2.0,151.93,0.08008,-0.04594,0.29401,0.00026,0.98031
311.2,ETH-28JUN19,1561287545002,open,0.1,1553.0,0.056,0.135,0.095316,109.63,0.097,0.0,ETH-26JUL19-340-C,305.86,101.79,0.086,150.0,0.093,1.0,107.69,0.37057,-0.61788,0.10177,0.00387,0.45839
311.2,ETH-28JUN19,1561287545061,open,0.0,270.0,0.001,0.041,0.001909,110.0,0.003,0.0,ETH-26JUL19-160-P,305.86,100.09,0.001,250.0,0.0,0.0,0.0,0.0346,-0.05788,-0.00463,0.00036,-0.01462
327.04,ETH-27SEP19,1561287545129,open,0.23,237.0,0.187,0.284,0.235438,104.37,0.238,0.0,ETH-27SEP19-340-P,305.86,89.76,0.206,110.0,0.276,1.0,124.73,0.65611,-0.35713,-0.56543,0.00224,-0.42277
311.2,ETH-28JUN19,1561287545429,open,0.0,581.0,0.001,0.045,0.005027,110.0,0.006,0.0,ETH-26JUL19-180-P,305.86,83.9,0.001,101.0,0.01,3.0,128.0,0.07067,-0.11823,-0.01097,0.00074,-0.03412
311.2,ETH-28JUN19,1561287545451,open,0.0,581.0,0.001,0.045,0.005027,110.0,0.006,0.0,ETH-26JUL19-180-P,305.86,83.9,0.001,251.0,0.01,3.0,128.0,0.07067,-0.11823,-0.01097,0.00074,-0.03412
311.2,ETH-28JUN19,1561287545949,open,0.15,0.0,0.114,0.206,0.159641,108.6,None,0.0,ETH-05JUL19-350-P,305.86,0.0,0.0,0.0,0.0,0.0,0.0,0.19744,-0.9028,-0.08624,0.00577,-0.69212
311.2,ETH-28JUN19,1561287545950,open,0.2,0.0,0.163,0.259,0.211361,109.3,None,0.0,ETH-05JUL19-370-P,305.87,0.0,0.0,0.0,0.0,0.0,0.0,0.1653,-0.76067,-0.10059,0.0048,-0.78209
311.21,ETH-28JUN19,1561287545950,open,0.01,1.0,0.001,0.048,0.008503,109.96,0.019,0.0,ETH-05JUL19-410-C,305.87,0.0,0.0,0.0,0.0,0.0,0.0,0.09735,-0.45067,0.0091,0.00281,0.09838
311.21,ETH-28JUN19,1561287545949,open,0.01,10.0,0.001,0.048,0.007723,109.91,0.008,0.0,ETH-05JUL19-240-P,305.87,0.0,0.0,0.0,0.0,0.0,0.0,0.08291,-0.38367,-0.00881,0.00239,-0.07931
311.21,ETH-28JUN19,1561287545950,open,0.6,0.0,0.556,0.685,0.620704,110.09,None,0.0,ETH-26JUL19-500-P,305.87,0.0,0.0,0.0,0.0,0.0,0.0,0.16638,-0.27859,-0.42568,0.00173,-0.89793
11054.34,BTC-27SEP19,1561287545969,open,0.42,757.7,0.367,0.4465,0.40650588,99.02,0.4095,0.0,BTC-27SEP19-7000-C,10522.99,45.45,0.3685,5.0,0.451,5.0,137.34,11.61258,-5.99664,13.62585,4e-05,0.87577
10670.91,BTC-28JUN19,1561287545971,open,0.0,1151.2,0.0005,0.04,1.1e-06,110.0,0.0005,0.0,BTC-28JUN19-6500-P,10522.99,0.0,0.0,0.0,0.0005,0.1,181.72,0.00191,-0.01175,-5e-05,0.0,-4e-05
11054.34,BTC-27SEP19,1561287545971,open,0.02,143.1,0.0005,0.0565,0.01601561,102.67,0.012,0.0,BTC-27DEC19-4000-P,10522.99,99.3,0.014,6.0,0.018,10.0,105.81,6.81204,-1.87128,-3.16864,1e-05,-0.03997
10670.91,BTC-28JUN19,1561287545973,open,0.3,0.0,0.2625,0.367,0.31466455,108.04,None,0.0,BTC-26JUL19-13500-P,10522.99,0.0,0.0,0.0,0.0,0.0,0.0,10.90284,-17.91536,-9.8804,0.0001,-0.71333
10670.91,BTC-28JUN19,1561287545973,open,0.4,0.0,0.3565,0.436,0.39639926,103.08,0.3665,0.0,BTC-26JUL19-6500-C,10522.99,0.0,0.005,0.3,0.0,0.0,0.0,2.72921,-4.27879,5.42218,3e-05,0.96054
11054.34,BTC-27SEP19,1561287545987,open,0.04,204.1,0.0005,0.081,0.03974477,99.02,0.036,0.0,BTC-27SEP19-7000-P,10522.99,97.35,0.038,1.0,0.0425,8.0,101.62,11.61287,-5.99699,-4.76149,4e-05,-0.12424
11054.34,BTC-27SEP19,1561287545987,open,0.59,58.5,0.5385,0.618,0.57822499,99.4,0.4475,0.0,BTC-27DEC19-5000-C,10522.99,0.0,0.0045,10.0,0.695,14.0,195.51,10.69368,-2.84401,19.87372,2e-05,0.92937
10670.91,BTC-28JUN19,1561287546015,open,0.26,600.6,0.211,0.2905,0.2507565,110.45,0.245,0.0,BTC-28JUN19-8000-C,10522.99,0.0,0.2245,5.0,0.2765,5.0,271.52,0.33315,-3.77339,1.05352,2e-05,0.98984
11054.34,BTC-27SEP19,1561287546024,open,0.37,2.0,0.331,0.4415,0.38607477,100.19,0.356,0.0,BTC-27SEP19-14000-P,10522.99,98.15,0.382,3.6,0.3985,3.6,106.37,22.13974,-11.56759,-28.06808,7e-05,-0.58056
11054.34,BTC-27SEP19,1561287546024,open,0.9,0.0,0.8485,1.002,0.92505221,103.85,None,0.0,BTC-27DEC19-20000-P,10522.99,0.0,0.0045,5.0,1.711,0.2,499.8,28.81408,-8.00648,-89.99581,4e-05,-0.66507
11054.34,BTC-27SEP19,1561287546026,open,0.44,3.6,0.4025,0.5185,0.46049444,97.98,0.514,0.0,BTC-27DEC19-14000-P,10522.99,93.26,0.447,3.6,0.4675,3.6,100.44,31.55242,-8.27188,-54.05376,5e-05,-0.49457
11054.34,BTC-27SEP19,1561287546042,open,0.01,96.6,0.0005,0.05,0.00991601,102.67,0.011,0.0,BTC-27DEC19-3500-P,10522.99,100.54,0.009,6.0,0.01,4.0,102.86,4.87393,-1.33888,-2.06844,1e-05,-0.02663
10670.91,BTC-28JUN19,1561287546049,open,0.0,884.7,0.0005,0.04,0.0,110.0,0.0005,0.0,BTC-28JUN19-5500-P,10522.99,0.0,0.0,0.0,0.002,0.1,286.76,0.0,-2e-05,0.0,0.0,0.0
11054.34,BTC-27SEP19,1561287546063,open,1.55,0.1,1.494,1.701,1.5974092,107.61,2.02,0.0,BTC-27DEC19-28000-P,10522.99,0.0,0.0,0.0,0.0,0.0,0.0,22.50813,-6.48047,-135.37298,3e-05,-0.79447
11054.34,BTC-27SEP19,1561287546065,open,0.51,0.0,0.474,0.5965,0.53511359,102.36,None,0.0,BTC-27SEP19-16000-P,10522.99,0.0,0.0045,10.0,1.208,0.2,499.83,20.49393,-10.93994,-35.02018,6e-05,-0.67095
10670.91,BTC-28JUN19,1561287546067,open,0.16,0.0,0.1245,0.218,0.17129207,103.97,None,0.0,BTC-26JUL19-11500-P,10522.99,86.05,0.15,14.4,0.161,14.4,95.32,12.73144,-20.13079,-6.77297,0.00012,-0.53339
10670.91,BTC-28JUN19,1561287546073,open,0.35,810.5,0.3045,0.384,0.34403555,115.99,0.364,0.0,BTC-28JUN19-7000-C,10522.99,0.0,0.313,5.0,0.386,5.0,423.66,0.02829,-0.33652,0.93409,0.0,0.99934
10670.91,BTC-28JUN19,1561287546073,open,0.12,16.1,0.089,0.179,0.1340663,98.66,0.1255,0.0,BTC-28JUN19-12000-P,10522.99,87.24,0.131,6.0,0.1375,6.0,109.98,3.06666,-31.02836,-1.38072,0.0002,-0.83457
11054.34,BTC-27SEP19,1561287546073,open,0.12,319.9,0.076,0.1555,0.11580181,103.85,0.12,0.0,BTC-27DEC19-20000-C,10522.99,101.22,0.109,7.0,0.122,4.9,106.22,28.81375,-8.0062,12.40163,4e-05,0.33492
11054.34,BTC-27SEP19,1561287546099,open,0.55,56.8,0.5045,0.584,0.54405142,99.39,0.545,0.0,BTC-27DEC19-5500-C,10522.99,0.0,0.0045,10.0,0.978,5.0,500.0,12.9066,-3.43224,20.67848,2e-05,0.90942
11054.34,BTC-27SEP19,1561287546126,open,0.44,2.0,0.401,0.517,0.45909252,101.29,0.4325,0.0,BTC-27SEP19-15000-P,10522.99,98.65,0.454,3.6,0.471,3.6,107.39,21.41581,-11.31278,-31.58568,7e-05,-0.62869
11054.34,BTC-27SEP19,1561287546149,open,0.15,189.5,0.103,0.1825,0.14258257,99.94,0.143,0.0,BTC-27SEP19-13000-C,10522.99,96.96,0.1365,3.6,0.1505,3.6,103.82,22.56102,-11.75924,9.67908,7e-05,0.47592
11054.34,BTC-27SEP19,1561287546151,open,1.89,0.3,1.8285,2.0635,1.94609487,109.7,2.435,0.0,BTC-27DEC19-32000-P,10522.99,0.0,0.0,0.0,0.0,0.0,0.0,19.87412,-5.83352,-157.22432,3e-05,-0.83187
10670.91,BTC-28JUN19,1561287546151,open,0.08,11.0,0.0295,0.109,0.06929987,107.19,0.0665,0.0,BTC-26JUL19-12500-C,10522.99,103.38,0.065,5.0,0.0735,5.0,110.88,12.09543,-19.71866,2.89347,0.00011,0.37035
10670.91,BTC-28JUN19,1561287546151,open,0.01,116.2,0.0005,0.05,0.00986675,103.04,0.007,0.0,BTC-26JUL19-7000-P,10522.99,94.84,0.007,24.0,0.0105,3.0,104.69,4.03661,-6.32573,-0.71482,4e-05,-0.06451
11054.34,BTC-27SEP19,1561287546151,open,0.28,347.6,0.2355,0.315,0.2753547,97.79,0.292,0.0,BTC-27DEC19-11000-C,10522.99,97.1,0.2735,5.0,0.286,10.0,101.78,29.60816,-7.747,20.60502,5e-05,0.63942
11054.34,BTC-27SEP19,1561287546181,open,0.73,225.7,0.69,0.7695,0.72961292,109.98,0.693,0.0,BTC-27SEP19-3000-C,10522.99,0.0,0.0045,20.0,0.9395,5.0,500.0,0.77831,-0.4464,7.7141,0.0,0.99528
10670.91,BTC-28JUN19,1561287546181,open,0.32,17.0,0.2735,0.353,0.31345592,103.06,0.246,0.0,BTC-26JUL19-7500-C,10522.99,0.0,0.005,0.1,0.0,0.0,0.0,5.52622,-8.6622,5.65941,5e-05,0.90228
11054.34,BTC-27SEP19,1561287546181,open,0.32,431.7,0.271,0.3505,0.31076414,97.79,0.3305,0.0,BTC-27DEC19-10000-C,10522.99,95.71,0.3055,3.6,0.322,5.0,102.25,27.9428,-7.31125,21.40902,5e-05,0.68904
11054.34,BTC-27SEP19,1561287546183,open,1.06,0.0,1.005,1.172,1.0885112,104.75,None,0.0,BTC-27DEC19-22000-P,10522.99,0.0,0.0055,2.0,1.8875,0.3,499.82,27.22257,-7.62928,-101.59819,4e-05,-0.70661
10670.91,BTC-28JUN19,1561287546194,open,0.08,3.7,0.052,0.139,0.095459,97.56,0.088,0.0,BTC-28JUN19-11500-P,10522.99,88.33,0.092,6.0,0.1,6.0,109.13,4.09174,-40.93485,-1.17401,0.00028,-0.72816
10670.91,BTC-28JUN19,1561287546217,open,0.19,54.0,0.1395,0.219,0.17904662,103.05,0.1855,0.0,BTC-26JUL19-9500-C,10522.99,105.89,0.182,5.0,0.1915,4.9,114.95,11.09947,-17.39611,5.02724,0.00011,0.7021
10670.91,BTC-28JUN19,1561287546225,open,0.02,420.4,0.0005,0.0575,0.01777864,97.6,0.0155,0.0,BTC-28JUN19-11500-C,10522.99,90.22,0.015,5.0,0.02,10.0,103.32,4.0925,-40.95986,0.36229,0.00028,0.27194
11054.34,BTC-27SEP19,1561287546225,open,0.0,77.0,0.0005,0.043,0.00323389,109.29,0.0045,0.0,BTC-27SEP19-3750-P,10522.99,84.47,0.0005,20.0,0.0055,6.0,120.07,1.96543,-1.12019,-0.4873,1e-05,-0.01355
10670.91,BTC-28JUN19,1561287546234,open,0.0,850.0,0.0005,0.04,0.0,110.0,0.0005,0.0,BTC-28JUN19-3000-P,10522.99,0.0,0.0,0.0,0.002,3.0,500.0,0.0,0.0,0.0,0.0,0.0
10670.91,BTC-28JUN19,1561287546236,open,0.11,94.8,0.0695,0.1585,0.11404453,103.03,0.105,0.0,BTC-26JUL19-10500-P,10522.99,88.51,0.097,19.3,0.1035,4.0,94.04,12.50586,-19.59692,-5.11436,0.00012,-0.41807
11054.34,BTC-27SEP19,1561287546236,open,0.09,135.7,0.045,0.1245,0.08482096,105.81,0.0905,0.0,BTC-27DEC19-24000-C,10522.99,103.27,0.079,2.0,0.0905,4.9,108.24,25.62313,-7.25409,9.87756,4e-05,0.25935
10670.91,BTC-28JUN19,1561287546236,open,0.25,27.8,0.2005,0.28,0.24031641,103.06,0.1925,0.0,BTC-26JUL19-8500-C,10522.99,96.34,0.235,7.0,0.262,7.0,128.63,8.59759,-13.47545,5.50697,8e-05,0.81328
11054.34,BTC-27SEP19,1561287546253,open,0.04,81.0,0.0005,0.083,0.04158821,99.39,0.034,0.0,BTC-27DEC19-5500-P,10522.99,97.15,0.039,6.0,0.0445,10.0,101.86,12.9061,-3.43195,-7.4803,2e-05,-0.09058
10670.91,BTC-28JUN19,1561287546270,open,0.34,0.0,0.3005,0.408,0.3542793,108.93,None,0.0,BTC-26JUL19-14000-P,10522.99,0.0,0.0,0.0,0.0,0.0,0.0,10.22747,-16.94447,-10.59096,9e-05,-0.74764
11054.34,BTC-27SEP19,1561287546275,open,0.83,0.0,0.783,0.9315,0.85722908,104.76,None,0.0,BTC-27SEP19-20000-P,10522.99,0.0,0.0045,10.0,1.5445,0.2,500.0,15.93771,-8.70693,-48.07393,5e-05,-0.79839
10670.91,BTC-28JUN19,1561287546284,open,0.45,1675.0,0.398,0.4775,0.43773428,146.16,0.4595,0.0,BTC-28JUN19-6000-C,10522.99,0.0,0.4015,5.0,0.4835,5.0,500.0,0.01104,-0.16547,0.80113,0.0,0.99976
11054.34,BTC-27SEP19,1561287546290,open,0.19,49.4,0.1495,0.245,0.19737449,99.02,0.178,0.0,BTC-27SEP19-11000-P,10522.99,96.56,0.1925,4.9,0.2065,4.9,103.65,21.8312,-11.27397,-17.23247,7e-05,-0.3961
11054.34,BTC-27SEP19,1561287546290,open,0.1,47.7,0.059,0.147,0.10311451,99.02,0.098,0.0,BTC-27SEP19-9000-P,10522.99,95.91,0.098,5.4,0.105,0.1,100.17,18.19222,-9.39468,-10.39821,6e-05,-0.25499
11054.34,BTC-27SEP19,1561287546290,open,0.7,4.0,0.6535,0.733,0.69330172,102.68,0.59,0.0,BTC-27DEC19-3500-C,10522.99,0.0,0.0045,10.0,0.78,1.0,215.27,4.87478,-1.33922,15.85063,1e-05,0.97336
10670.91,BTC-28JUN19,1561287546295,open,0.0,685.1,0.0005,0.04,0.0,110.0,0.001,0.0,BTC-28JUN19-2500-P,10522.99,0.0,0.0,0.0,0.0005,8.0,497.46,0.0,0.0,0.0,0.0,0.0
10670.91,BTC-28JUN19,1561287546295,open,0.1,23.0,0.054,0.1335,0.09361599,103.98,0.0925,0.0,BTC-26JUL19-11500-C,10522.99,103.05,0.0925,5.0,0.102,5.0,111.0,12.73151,-20.13418,3.58518,0.00012,0.46663
10670.91,BTC-28JUN19,1561287546309,open,0.13,396.8,0.0795,0.159,0.11914128,101.64,0.128,0.0,BTC-28JUN19-9500-C,10522.99,82.11,0.1145,6.0,0.121,6.0,108.41,2.84067,-29.60879,1.04566,0.00018,0.85272
10670.91,BTC-28JUN19,1561287546309,open,0.2,1.8,0.1725,0.2695,0.22101056,103.71,0.2075,0.0,BTC-28JUN19-13000-P,10522.99,0.0,0.1855,5.0,0.2325,5.0,157.71,1.39614,-14.84791,-1.66031,9e-05,-0.94377
10670.91,BTC-28JUN19,1561287546309,open,0.7,0.1,0.6555,0.735,0.69543423,247.89,0.395,0.0,BTC-28JUN19-3250-C,10522.99,0.0,0.0015,1.0,0.0,0.0,0.0,0.00049,-0.01246,0.43412,0.0,0.99999
11054.34,BTC-27SEP19,1561287546309,open,1.22,0.0,1.166,1.346,1.25589321,105.8,None,0.0,BTC-27DEC19-24000-P,10522.99,0.0,0.0055,1.0,2.0645,0.2,500.0,25.62117,-7.25293,-113.00061,4e-05,-0.74069
10670.91,BTC-28JUN19,1561287546309,open,0.45,0.0,0.4015,0.481,0.4410453,106.18,None,0.0,BTC-26JUL19-6000-C,10522.99,0.0,0.0035,1.0,0.0,0.0,0.0,1.84944,-2.98673,5.13542,2e-05,0.97535
11054.34,BTC-27SEP19,1561287546311,open,0.11,175.4,0.0625,0.142,0.10215204,101.29,0.111,0.0,BTC-27SEP19-15000-C,10522.99,98.62,0.097,4.9,0.11,8.9,105.32,21.41558,-11.31223,7.81515,7e-05,0.3713
11054.34,BTC-27SEP19,1561287546420,open,0.03,3.1,0.0005,0.07,0.03031097,110.0,0.042,0.0,BTC-27DEC19-40000-C,10522.99,110.89,0.0315,6.0,0.04,6.0,116.8,14.61927,-4.30247,4.36288,2e-05,0.1074
10670.73,BTC-28JUN19,1561287546735,open,0.02,45.0,0.0005,0.07,0.02885373,101.62,0.0225,0.0,BTC-28JUN19-10250-P,10522.99,94.88,0.026,28.8,0.032,24.0,108.99,4.53961,-47.30703,-0.53165,0.00029,-0.34413
11054.22,BTC-27SEP19,1561287546793,open,1.33,0.0,1.281,1.4705,1.375692,109.97,None,0.0,BTC-27SEP19-26000-P,10522.99,0.0,0.0,0.0,0.0,0.0,0.0,10.53384,-6.04125,-65.83734,3e-05,-0.89171
311.21,ETH-28JUN19,1561287546985,open,0.21,0.0,0.176,0.273,0.224569,110.25,None,0.0,ETH-28JUN19-380-P,305.87,0.0,0.0,0.0,0.309,1.0,349.08,0.04634,-0.5239,-0.04815,0.00325,-0.93365
311.21,ETH-28JUN19,1561287547001,open,0.28,0.0,0.245,0.348,0.296266,109.92,None,0.0,ETH-05JUL19-400-P,305.87,0.0,0.0,0.0,0.0,0.0,0.0,0.11337,-0.52469,-0.11894,0.00327,-0.87835
311.21,ETH-28JUN19,1561287547054,open,0.07,6.0,0.027,0.112,0.069772,99.97,0.064,0.0,ETH-05JUL19-310-P,305.87,0.0,0.0,0.0,0.0,0.0,0.0,0.22255,-0.9367,-0.05319,0.00706,-0.45551
311.21,ETH-28JUN19,1561287547129,open,0.31,0.0,0.273,0.378,0.325945,109.97,None,0.0,ETH-05JUL19-410-P,305.87,0.0,0.0,0.0,0.0,0.0,0.0,0.09736,-0.45078,-0.1243,0.00281,-0.9016
10670.73,BTC-28JUN19,1561287547140,open,0.02,1.1,0.0005,0.0525,0.0128644,110.01,0.016,0.0,BTC-05JUL19-13500-C,10522.99,106.51,0.0115,24.0,0.018,11.0,122.02,4.2579,-19.72165,0.43704,0.0001,0.13874
11054.22,BTC-27SEP19,1561287547192,open,2.58,0.0,2.503,2.7945,2.64876,109.94,None,0.0,BTC-27DEC19-40000-P,10522.99,0.0,0.0,0.0,0.0,0.0,0.0,14.59919,-4.29426,-200.43949,2e-05,-0.89281
10670.73,BTC-28JUN19,1561287547197,open,0.01,78.0,0.0005,0.0445,0.00468177,98.85,0.0075,0.0,BTC-28JUN19-12500-C,10522.99,89.09,0.003,5.0,0.007,30.0,109.87,2.03775,-20.65699,0.12464,0.00014,0.09213
10670.73,BTC-28JUN19,1561287547284,open,0.01,51.5,0.0005,0.0485,0.00889929,110.01,0.0115,0.0,BTC-05JUL19-14000-C,10522.99,107.14,0.008,3.0,0.0145,30.0,125.51,3.43129,-15.89287,0.32384,8e-05,0.10217
10670.73,BTC-28JUN19,1561287547366,open,0.04,2.5,0.0005,0.075,0.03541571,108.96,0.0375,0.0,BTC-26JUL19-14500-C,10522.99,105.05,0.032,19.3,0.038,19.3,111.84,9.46769,-15.68987,1.76839,8e-05,0.21941
311.21,ETH-28JUN19,1561287547436,open,0.0,270.0,0.001,0.041,0.001909,110.0,0.003,0.0,ETH-26JUL19-160-P,305.87,100.09,0.001,100.0,0.0,0.0,0.0,0.0346,-0.05788,-0.00463,0.00036,-0.01462
10670.73,BTC-28JUN19,1561287547477,open,0.19,0.0,0.1425,0.222,0.18202102,101.91,None,0.0,BTC-28JUN19-8750-C,10522.99,0.0,0.178,6.0,0.184,6.0,118.0,1.07576,-11.24268,1.10807,7e-05,0.9594
311.21,ETH-28JUN19,1561287547490,open,0.09,0.0,0.05,0.137,0.093302,107.57,None,0.0,ETH-05JUL19-320-P,305.87,0.0,0.0,0.0,0.0,0.0,0.0,0.22371,-1.01314,-0.06195,0.0066,-0.51856
311.21,ETH-28JUN19,1561287547548,open,0.17,0.0,0.118,0.197,0.157417,108.77,None,0.0,ETH-05JUL19-270-C,305.87,0.0,0.0,0.0,0.0,0.0,0.0,0.15973,-0.73152,0.06451,0.00466,0.79448
10670.55,BTC-28JUN19,1561287547630,open,0.18,6.0,0.1345,0.214,0.17431859,105.7,0.206,0.0,BTC-05JUL19-9000-C,10522.99,101.51,0.1725,6.0,0.1825,6.0,123.21,4.71149,-20.96712,2.30594,0.00012,0.83851
311.21,ETH-28JUN19,1561287547696,open,0.06,1.0,0.014,0.093,0.053264,107.91,0.052,0.0,ETH-05JUL19-330-C,305.87,97.56,0.046,11.0,0.0,0.0,0.0,0.21934,-0.99653,0.03706,0.00645,0.41923
311.21,ETH-28JUN19,1561287547763,open,0.0,581.0,0.001,0.045,0.005026,110.01,0.006,0.0,ETH-26JUL19-180-P,305.87,83.9,0.001,101.0,0.01,3.0,128.0,0.07067,-0.11823,-0.01097,0.00074,-0.03412
311.21,ETH-28JUN19,1561287547784,open,0.0,581.0,0.001,0.045,0.005026,110.01,0.006,0.0,ETH-26JUL19-180-P,305.87,83.9,0.001,251.0,0.01,3.0,128.0,0.07067,-0.11823,-0.01097,0.00074,-0.03412
311.21,ETH-28JUN19,1561287547889,open,0.06,828.0,0.008,0.087,0.047513,99.02,0.039,0.0,ETH-28JUN19-310-C,305.87,104.44,0.05,5.0,0.1,2.0,213.59,0.1429,-1.45105,0.02032,0.01115,0.53636
327.04,ETH-27SEP19,1561287547892,open,0.36,0.0,0.314,0.423,0.368292,107.5,None,0.0,ETH-27SEP19-400-P,305.87,0.0,0.0,0.0,0.0,0.0,0.0,0.66598,-0.37338,-0.77671,0.00221,-0.53586
327.04,ETH-27SEP19,1561287547892,open,0.4,861.0,0.352,0.431,0.391534,109.99,0.37,0.0,ETH-27SEP19-220-C,305.87,0.0,0.25,1.0,0.56,10.0,234.85,0.4116,-0.23609,0.3833,0.00133,0.83773
311.21,ETH-28JUN19,1561287547895,open,0.02,633.0,0.001,0.052,0.012915,109.92,0.022,0.0,ETH-28JUN19-350-C,305.87,56.59,0.001,104.0,0.035,1.0,169.56,0.09904,-1.11642,0.00755,0.00696,0.19459
311.21,ETH-28JUN19,1561287547895,open,0.22,144.0,0.184,0.282,0.233115,109.96,0.216,0.0,ETH-26JUL19-360-P,305.87,0.0,0.0,0.0,0.0,0.0,0.0,0.35866,-0.59982,-0.23601,0.00374,-0.60884
327.04,ETH-27SEP19,1561287547906,open,0.16,113.0,0.116,0.208,0.162353,103.82,0.166,0.0,ETH-27SEP19-300-P,305.87,99.88,0.155,110.0,0.0,0.0,0.0,0.6101,-0.33031,-0.4266,0.00209,-0.33424
311.21,ETH-28JUN19,1561287547911,open,0.02,270.0,0.001,0.065,0.024998,108.77,0.036,0.0,ETH-05JUL19-270-P,305.87,0.0,0.0,0.0,0.045,2.0,145.3,0.15973,-0.73151,-0.02334,0.00466,-0.20551
311.21,ETH-28JUN19,1561287547949,open,0.0,5105.0,0.001,0.04,0.000103,110.01,0.002,0.0,ETH-28JUN19-220-P,305.86,0.0,0.0,0.0,0.003,3.0,175.14,0.00292,-0.03213,-0.00011,0.0002,-0.00262
327.04,ETH-27SEP19,1561287547950,open,0.26,2770.0,0.206,0.285,0.245034,103.82,0.27,0.0,ETH-27SEP19-300-C,305.86,88.3,0.216,110.0,0.27,2.0,117.24,0.6101,-0.33031,0.36142,0.00209,0.66576
311.21,ETH-28JUN19,1561287547950,open,0.02,255.0,0.001,0.063,0.022234,110.02,0.008,0.0,ETH-28JUN19-290-P,305.86,38.25,0.001,2.0,0.047,1.0,171.63,0.1185,-1.33701,-0.01207,0.00833,-0.26806
311.21,ETH-28JUN19,1561287547950,open,0.3,1722.0,0.254,0.333,0.293162,107.36,0.3,0.0,ETH-28JUN19-220-C,305.86,0.0,0.0,0.0,0.0,0.0,0.0,0.00242,-0.02665,0.0293,0.00017,0.99786
311.21,ETH-28JUN19,1561287547950,open,0.0,6504.0,0.001,0.04,0.000842,110.01,0.002,0.0,ETH-28JUN19-240-P,305.86,0.0,0.0,0.0,0.004,4.0,146.38,0.01559,-0.17584,-0.00076,0.0011,-0.01756
311.21,ETH-28JUN19,1561287547950,open,0.15,8.0,0.119,0.211,0.165345,110.05,0.317,0.0,ETH-28JUN19-360-P,305.86,0.0,0.001,2.0,0.234,1.0,287.53,0.07996,-0.90239,-0.04264,0.00562,-0.86025
311.21,ETH-28JUN19,1561287547950,open,0.33,770.0,0.286,0.365,0.325221,98.8,0.237,0.0,ETH-28JUN19-210-C,305.86,0.0,0.006,20.0,0.0,0.0,0.0,0.00031,-0.00316,0.02804,2e-05,0.99977
311.21,ETH-28JUN19,1561287547950,open,0.0,4774.0,0.001,0.04,0.0,110.0,0.02,0.0,ETH-28JUN19-120-P,305.86,0.0,0.0,0.0,0.019,194.0,500.0,0.0,0.0,0.0,0.0,0.0
311.21,ETH-28JUN19,1561287547950,open,0.01,1085.0,0.001,0.054,0.013704,110.02,0.012,0.0,ETH-28JUN19-280-P,305.86,61.25,0.002,1.0,0.72,9.0,500.0,0.09617,-1.08498,-0.00828,0.00676,-0.18548
311.21,ETH-28JUN19,1561287547950,open,0.39,0.0,0.358,0.47,0.41403,113.06,0.61,0.0,ETH-28JUN19-440-P,305.86,0.0,0.0,0.0,0.0,0.0,0.0,0.00508,-0.05889,-0.05858,0.00035,-0.99513
311.21,ETH-28JUN19,1561287547950,open,0.4,553.0,0.35,0.429,0.389461,0.0,0.28,0.0,ETH-28JUN19-190-C,305.86,0.0,0.002,10.0,0.0,0.0,0.0,0.0,0.0,0.02538,0.0,1.0
311.21,ETH-28JUN19,1561287547950,open,0.12,1650.0,0.074,0.153,0.113961,109.93,0.109,0.0,ETH-28JUN19-280-C,305.86,0.0,0.02,20.0,0.116,5.0,116.4,0.09611,-1.08343,0.02913,0.00676,0.81469
327.04,ETH-27SEP19,1561287547950,open,0.06,2646.0,0.022,0.106,0.064255,110.01,0.055,0.0,ETH-27SEP19-220-P,305.86,95.0,0.046,140.0,0.138,500.0,165.2,0.41162,-0.23614,-0.19461,0.00133,-0.16229
327.04,ETH-27SEP19,1561287547950,open,0.11,868.0,0.068,0.156,0.112467,109.99,0.1,0.0,ETH-27SEP19-260-P,305.86,94.07,0.087,140.0,0.179,1.0,151.01,0.52747,-0.30257,-0.30749,0.00171,-0.24548
