underlying_price,underlying_index,timestamp,state,settlement_price,open_interest,min_price,max_price,mark_price,mark_iv,last_price,interest_rate,instrument_name,index_price,bid_iv,best_bid_price,best_bid_amount,best_ask_price,best_ask_amount,ask_iv,vega,theta,rho,gamma,delta
157.37,ETH-28JUN19,1556449140270,open,0.07,1350.0,0.066259,0.155531,0.069398,61.97,0.077,0.0,ETH-28JUN19-170-C,155.75,59.84,0.066,108.0,0.072,108.0,63.58,0.25234,-0.12845,0.09442,0.00986,0.42918
157.38,ETH-28JUN19,1556449140646,open,0.79,0.0,0.780156,0.811779,0.787862,84.05,None,0.0,ETH-28JUN19-280-P,155.77,0.0,0.0,0.0,0.0,0.0,0.0,0.08241,-0.05689,-0.45197,0.00237,-0.93406
157.38,ETH-28JUN19,1556449140646,open,0.01,1015.0,0.000443,0.024708,0.0076,89.14,0.01,0.0,ETH-28JUN19-300-C,155.77,87.81,0.007,333.0,0.008,180.0,90.0,0.07244,-0.05304,0.01268,0.00197,0.05592
158.51,ETH-27SEP19,1556449140646,open,0.02,998.0,0.002434,0.031711,0.017167,82.82,0.02,0.0,ETH-27SEP19-380-C,155.77,80.59,0.015,240.0,0.019,180.0,84.59,0.15971,-0.04355,0.04502,0.00184,0.08543
157.38,ETH-28JUN19,1556449140646,open,0.67,0.0,0.654383,0.695304,0.662704,79.11,None,0.0,ETH-28JUN19-260-P,155.77,0.0,0.0,0.0,0.0,0.0,0.0,0.09728,-0.06321,-0.41493,0.00298,-0.91808
157.38,ETH-28JUN19,1556449140646,open,0.43,0.0,0.428849,0.448103,0.430576,72.03,None,0.0,ETH-28JUN19-90-C,155.77,0.0,0.002,1.0,0.0,0.0,0.0,0.03157,-0.01868,0.14413,0.00106,0.97966
158.51,ETH-27SEP19,1556449140646,open,0.15,136.0,0.149512,0.23716,0.15302,61.38,0.156,0.0,ETH-27SEP19-160-C,155.77,59.8,0.149,108.0,0.158,168.0,63.35,0.40176,-0.08119,0.2745,0.00626,0.5692
157.38,ETH-28JUN19,1556449140646,open,2.18,0.0,2.177024,2.178871,2.178475,111.84,None,0.0,ETH-28JUN19-500-P,155.77,0.0,0.0,0.0,0.0,0.0,0.0,0.01811,-0.01664,-0.8315,0.00039,-0.98934
157.38,ETH-28JUN19,1556449140646,open,0.16,369.0,0.157587,0.235931,0.15883,60.91,0.152,0.0,ETH-28JUN19-140-C,155.77,57.35,0.154,36.0,0.162,36.0,63.23,0.21484,-0.10748,0.14835,0.00854,0.72401
158.51,ETH-27SEP19,1556449140646,open,0.01,1620.0,0.004206,0.028071,0.007878,68.08,0.011,0.0,ETH-27SEP19-80-P,155.77,64.29,0.006,180.0,0.01,180.0,71.83,0.08417,-0.01887,-0.03014,0.00118,-0.03782
157.38,ETH-28JUN19,1556449140646,open,0.0,1501.0,0.00015,0.010999,0.001956,82.39,0.004,0.0,ETH-28JUN19-80-P,155.77,74.7,0.001,1999.0,0.003,180.0,88.38,0.02386,-0.01615,-0.00436,0.0007,-0.01466
157.38,ETH-28JUN19,1556449140646,open,0.0,1785.0,0.000713,0.019967,0.00244,72.03,0.004,0.0,ETH-28JUN19-90-P,155.77,62.81,0.001,180.0,0.004,180.0,78.69,0.03157,-0.01868,-0.00598,0.00106,-0.02034
158.51,ETH-27SEP19,1556449140646,open,0.03,356.0,0.015918,0.075396,0.032716,72.27,0.049,0.0,ETH-27SEP19-280-C,155.77,70.52,0.03,145.0,0.035,144.0,73.69,0.25052,-0.05961,0.08508,0.00332,0.16172
157.38,ETH-28JUN19,1556449140646,open,0.0,512.0,6e-06,0.006456,0.004029,107.05,0.007,0.0,ETH-28JUN19-400-C,155.77,97.4,0.002,190.0,0.006,180.0,113.67,0.04098,-0.03603,0.00622,0.00093,0.02774
157.38,ETH-28JUN19,1556449140646,open,0.2,401.0,0.201579,0.270034,0.203201,61.49,0.197,0.0,ETH-28JUN19-130-C,155.77,56.64,0.198,36.0,0.206,36.0,64.0,0.17306,-0.0874,0.1599,0.00681,0.81238
157.38,ETH-28JUN19,1556449140646,open,0.01,2193.0,0.006512,0.049585,0.009791,66.37,0.012,0.0,ETH-28JUN19-110-P,155.77,61.03,0.007,70.0,0.013,60.0,71.7,0.0887,-0.04835,-0.02161,0.00324,-0.07255
158.51,ETH-27SEP19,1556449140646,open,0.05,383.0,0.034126,0.109117,0.04914,68.03,0.053,0.0,ETH-27SEP19-240-C,155.77,66.43,0.046,204.0,0.052,144.0,69.47,0.31345,-0.07021,0.12191,0.00441,0.23398
157.38,ETH-28JUN19,1556449140646,open,0.01,2535.0,0.002437,0.032718,0.005379,69.87,0.008,0.0,ETH-28JUN19-100-P,155.77,62.27,0.003,360.0,0.008,60.0,76.34,0.05721,-0.03283,-0.01234,0.00198,-0.04163
157.38,ETH-28JUN19,1556449140646,open,0.08,4891.0,0.073592,0.158785,0.075044,60.94,0.078,0.0,ETH-28JUN19-150-P,155.77,58.33,0.071,144.0,0.076,3.0,61.55,0.24381,-0.12203,-0.11825,0.00969,-0.37546
158.51,ETH-27SEP19,1556449140646,open,0.02,185.0,0.003522,0.037467,0.0187,80.58,0.02,0.0,ETH-27SEP19-360-C,155.77,77.98,0.016,240.0,0.021,240.0,82.65,0.1711,-0.04539,0.04948,0.00203,0.09372
157.38,ETH-28JUN19,1556449140646,open,0.01,1315.0,0.001023,0.032646,0.008616,83.84,0.02,0.0,ETH-28JUN19-280-C,155.77,80.55,0.007,60.0,0.01,240.0,86.39,0.08182,-0.05634,0.01489,0.00236,0.06533
157.38,ETH-28JUN19,1556449140646,open,0.02,1837.0,0.014418,0.070707,0.01585,61.84,0.017,0.0,ETH-28JUN19-120-P,155.77,59.45,0.014,680.0,0.018,240.0,64.49,0.1248,-0.06338,-0.03436,0.00489,-0.11506
158.51,ETH-27SEP19,1556449140646,open,0.02,482.0,0.005114,0.044406,0.021034,78.62,0.023,0.0,ETH-27SEP19-340-C,155.77,76.84,0.019,180.0,0.024,240.0,81.06,0.18646,-0.04826,0.05566,0.00227,0.10542
158.51,ETH-27SEP19,1556449140646,open,0.03,496.0,0.010879,0.06299,0.027601,74.35,0.028,0.0,ETH-27SEP19-300-C,155.77,72.48,0.025,240.0,0.03,180.0,76.01,0.2251,-0.0551,0.07266,0.0029,0.13776
158.51,ETH-27SEP19,1556449140646,open,0.01,481.0,0.000408,0.014393,0.012111,92.12,0.011,0.0,ETH-27SEP19-480-C,155.77,89.16,0.01,240.0,0.014,240.0,94.52,0.11943,-0.03622,0.03061,0.00124,0.05852
158.51,ETH-27SEP19,1556449140646,open,2.05,0.0,2.028608,2.042593,2.040502,92.38,None,0.0,ETH-27SEP19-480-P,155.77,0.0,0.0,0.0,0.0,0.0,0.0,0.12054,-0.03666,-1.96633,0.00125,-0.94079
158.51,ETH-27SEP19,1556449140646,open,0.01,312.0,0.000823,0.019576,0.012623,87.36,0.014,0.0,ETH-27SEP19-440-C,155.77,86.57,0.012,180.0,0.013,5.0,87.83,0.12655,-0.0364,0.03323,0.00139,0.06301
158.51,ETH-27SEP19,1556449140646,open,0.11,293.0,0.104698,0.194563,0.110879,62.42,0.116,0.0,ETH-27SEP19-180-C,155.77,60.9,0.107,108.0,0.115,60.0,64.03,0.40525,-0.08328,0.2266,0.00621,0.45445
157.38,ETH-28JUN19,1556449140647,open,1.3,0.0,1.287492,1.298382,1.292517,100.8,None,0.0,ETH-28JUN19-360-P,155.77,0.0,0.0,0.0,0.0,0.0,0.0,0.05036,-0.04169,-0.5924,0.00121,-0.9644
157.38,ETH-28JUN19,1556449140647,open,0.01,417.0,3.5e-05,0.010925,0.00506,100.8,0.005,0.0,ETH-28JUN19-360-C,155.77,97.24,0.004,60.0,0.006,180.0,103.58,0.05036,-0.04169,0.00802,0.00121,0.0356
158.51,ETH-27SEP19,1556449140646,open,0.5,0.0,0.499506,0.523371,0.503146,68.02,None,0.0,ETH-27SEP19-80-C,155.77,0.0,0.0,0.0,0.0,0.0,0.0,0.084,-0.01881,0.30283,0.00118,0.96228
158.51,ETH-27SEP19,1556449140646,open,0.02,1291.0,0.017376,0.061955,0.021684,64.17,0.023,0.0,ETH-27SEP19-100-P,155.77,62.58,0.02,180.0,0.024,240.0,66.28,0.17073,-0.03607,-0.07593,0.00254,-0.09344
157.38,ETH-28JUN19,1556449140647,open,0.03,2182.0,0.023879,0.101606,0.031934,66.79,0.031,0.0,ETH-28JUN19-200-C,155.77,65.22,0.03,5.0,0.033,60.0,67.65,0.19468,-0.1068,0.05172,0.00706,0.22899
158.51,ETH-27SEP19,1556449140647,open,1.55,0.0,1.525189,1.550422,1.539813,85.39,None,0.0,ETH-27SEP19-400-P,155.77,0.0,0.0,0.0,0.0,0.0,0.0,0.15202,-0.04274,-1.62238,0.0017,-0.91999
157.38,ETH-28JUN19,1556449140647,open,0.01,330.0,0.000191,0.018759,0.006567,93.4,0.009,0.0,ETH-28JUN19-320-C,155.77,89.21,0.005,60.0,0.008,240.0,96.74,0.06362,-0.0488,0.01074,0.00165,0.04749
155.77,index_price,1556449140646,open,0.29,0.0,0.293831,0.296495,0.295186,97.84,None,0,ETH-10MAY19-110-C,155.77,0.0,0.0,0.0,0.385,2.0,343.6,0.01344,-0.05539,0.03472,0.00174,0.98028
155.77,index_price,1556449140646,open,0.0,0.0,0.0,0.002664,0.001446,98.87,None,0,ETH-10MAY19-110-P,155.77,0.0,0.0,0.0,0.003,300.0,112.51,0.014,-0.05826,-0.00112,0.00179,-0.02068
158.51,ETH-27SEP19,1556449140646,open,1.17,0.0,1.150089,1.189381,1.166144,78.73,None,0.0,ETH-27SEP19-340-P,155.77,0.0,0.0,0.0,1.182,1.0,90.37,0.18706,-0.04849,-1.35886,0.00227,-0.89411
158.51,ETH-27SEP19,1556449140646,open,0.57,142.0,0.548226,0.623217,0.563336,68.08,0.527,0.0,ETH-27SEP19-240-P,155.77,0.0,0.052,15.0,0.612,1.0,90.29,0.31364,-0.0703,-0.87662,0.00441,-0.76577
158.51,ETH-27SEP19,1556449140647,open,0.62,0.0,0.62193,0.630239,0.622703,67.91,0.01,0.0,ETH-27SEP19-60-C,155.77,0.0,0.0,0.0,0.0,0.0,0.0,0.02095,-0.00468,0.24396,0.0003,0.99259
157.38,ETH-28JUN19,1556449140647,open,0.37,0.0,0.367033,0.397313,0.369934,69.75,None,0.0,ETH-28JUN19-100-C,155.77,0.0,0.006,5.0,0.0,0.0,0.0,0.05698,-0.03265,0.15451,0.00198,0.95857
157.4,ETH-28JUN19,1556449140647,open,1.55,0.0,1.541302,1.547756,1.545808,108.83,None,0.0,ETH-28JUN19-400-P,155.77,0.0,0.0,0.0,0.0,0.0,0.0,0.04411,-0.03942,-0.66036,0.00098,-0.96969
158.53,ETH-27SEP19,1556449140647,open,0.45,745.0,0.437628,0.519705,0.451882,66.63,0.38,0.0,ETH-27SEP19-220-P,155.77,41.16,0.404,60.0,0.505,60.0,89.1,0.35117,-0.07703,-0.7651,0.00504,-0.70799
157.4,ETH-28JUN19,1556449140647,open,0.54,1719.0,0.529997,0.582233,0.539216,74.98,0.528,0.0,ETH-28JUN19-240-P,155.77,0.0,0.005,25.0,0.54,1.0,75.98,0.12115,-0.07461,-0.3751,0.00391,-0.88964
157.4,ETH-28JUN19,1556449140647,open,1.04,0.0,1.033228,1.051807,1.039989,94.33,None,0.0,ETH-28JUN19-320-P,155.77,0.0,0.0,0.0,0.0,0.0,0.0,0.06582,-0.05099,-0.52252,0.00169,-0.95045
157.4,ETH-28JUN19,1556449140647,open,0.31,10.0,0.307647,0.350702,0.31084,66.22,0.265,0.0,ETH-28JUN19-110-C,155.77,0.0,0.002,8.0,0.0,0.0,0.0,0.08831,-0.04803,0.16198,0.00323,0.92788
157.4,ETH-28JUN19,1556449140647,open,0.12,539.0,0.120549,0.205732,0.121905,60.88,0.125,0.0,ETH-28JUN19-150-C,155.77,58.35,0.118,1.0,0.124,108.0,62.23,0.2438,-0.1219,0.13201,0.00969,0.62476
158.53,ETH-27SEP19,1556449140647,open,1.8,0.0,1.776324,1.795084,1.788648,88.0,None,0.0,ETH-27SEP19-440-P,155.77,0.0,0.0,0.0,0.0,0.0,0.0,0.12959,-0.03754,-1.79666,0.00141,-0.93505
157.4,ETH-28JUN19,1556449140647,open,0.15,5296.0,0.146378,0.235652,0.149655,62.05,0.164,0.0,ETH-28JUN19-170-P,155.77,59.76,0.146,108.0,0.154,108.0,64.75,0.25245,-0.12865,-0.18901,0.00985,-0.57033
158.53,ETH-27SEP19,1556449140647,open,0.0,174.0,0.000455,0.008759,0.001252,68.1,0.003,0.0,ETH-27SEP19-60-P,155.77,66.07,0.001,1946.0,0.0,0.0,0.0,0.02123,-0.00476,-0.00579,0.0003,-0.00752
155.77,index_price,1556449140646,open,0.02,3.0,0.006085,0.044821,0.018785,69.52,0.016,0,ETH-10MAY19-170-C,155.77,64.7,0.016,240.0,0.022,20.0,74.89,0.09166,-0.26826,0.01237,0.0167,0.26289
158.53,ETH-27SEP19,1556449140647,open,1.42,1.0,1.399459,1.428747,1.414644,83.26,1.285,0.0,ETH-27SEP19-380-P,155.77,0.0,0.0,0.0,0.0,0.0,0.0,0.16198,-0.0444,-1.53538,0.00186,-0.91296
157.4,ETH-28JUN19,1556449140647,open,0.05,2373.0,0.047901,0.135095,0.053097,63.46,0.053,0.0,ETH-28JUN19-180-C,155.77,61.41,0.05,146.0,0.056,144.0,65.38,0.23784,-0.12398,0.07767,0.00907,0.34898
157.4,ETH-28JUN19,1556449140647,open,0.49,0.0,0.491891,0.502732,0.493601,81.76,None,0.0,ETH-28JUN19-80-C,155.77,0.0,0.002,1.0,0.0,0.0,0.0,0.02312,-0.01552,0.12923,0.00068,0.98587
158.53,ETH-27SEP19,1556449140647,open,0.02,255.0,0.007455,0.05282,0.023738,76.38,0.037,0.0,ETH-27SEP19-320-C,155.77,75.8,0.023,2.0,0.024,4.0,76.58,0.20355,-0.05118,0.06294,0.00255,0.11915
158.53,ETH-27SEP19,1556449140647,open,0.29,147.0,0.289099,0.353605,0.291794,61.58,0.283,0.0,ETH-27SEP19-120-C,155.77,0.0,0.0,0.0,0.0,0.0,0.0,0.2722,-0.05518,0.34568,0.00423,0.81584
157.4,ETH-28JUN19,1556449140648,open,0.01,1554.0,0.005219,0.057456,0.014239,74.71,0.015,0.0,ETH-28JUN19-240-C,155.77,71.67,0.012,180.0,0.016,240.0,76.96,0.12036,-0.07386,0.02497,0.0039,0.10936
158.53,ETH-27SEP19,1556449140648,open,0.09,834.0,0.072544,0.160024,0.086824,65.94,0.082,0.0,ETH-27SEP19-200-C,155.77,63.12,0.08,10.0,0.086,144.0,65.6,0.38588,-0.08377,0.18636,0.0056,0.36934
158.53,ETH-27SEP19,1556449140648,open,0.92,1.0,0.903273,0.955397,0.920346,74.59,1.018,0.0,ETH-27SEP19-300-P,155.77,0.0,0.0,0.0,0.947,2.0,90.62,0.22644,-0.0556,-1.17508,0.0029,-0.86106
157.4,ETH-28JUN19,1556449140648,open,0.3,1941.0,0.294549,0.372291,0.302743,66.9,0.237,0.0,ETH-28JUN19-200-P,155.77,0.0,0.063,25.0,0.314,1.0,75.6,0.19501,-0.10716,-0.28171,0.00705,-0.77036
155.77,index_price,1556449140646,open,0.16,173.0,0.155595,0.164247,0.158268,81.37,0.192,0,ETH-3MAY19-180-P,155.77,0.0,0.155,60.0,0.16,60.0,91.37,0.02366,-0.19745,-0.02268,0.00897,-0.93192
155.77,index_price,1556449140646,open,0.41,0.0,0.412339,0.412394,0.412671,119.67,None,0,ETH-3MAY19-220-P,155.77,0.0,0.0,0.0,0.529,1.0,500.0,0.00378,-0.04637,-0.02924,0.00097,-0.99239
158.53,ETH-27SEP19,1556449140648,open,0.06,386.0,0.049878,0.131955,0.063869,66.51,0.066,0.0,ETH-27SEP19-220-C,155.77,64.29,0.059,148.0,0.066,204.0,67.47,0.35084,-0.07682,0.15009,0.00504,0.29141
157.4,ETH-28JUN19,1556449140648,open,0.92,0.0,0.906416,0.930694,0.913814,89.65,None,0.0,ETH-28JUN19-300-P,155.77,0.0,0.0,0.0,0.0,0.0,0.0,0.07377,-0.05432,-0.48739,0.00199,-0.94278
157.4,ETH-28JUN19,1556449140649,open,0.25,25.0,0.252014,0.308283,0.253364,61.73,0.315,0.0,ETH-28JUN19-120-C,155.77,0.0,0.002,10.0,0.0,0.0,0.0,0.1245,-0.06313,0.1659,0.00488,0.88534
155.77,index_price,1556449140646,open,0.01,1359.0,0.001041,0.019356,0.006338,71.16,0.007,0,ETH-3MAY19-170-C,155.77,66.05,0.005,240.0,0.008,240.0,76.98,0.04262,-0.31099,0.00306,0.01848,0.15345
155.77,index_price,1556449140646,open,0.0,581.0,0.0,5.5e-05,0.000151,109.96,0.001,0,ETH-3MAY19-220-C,155.77,0.0,0.0,0.0,0.002,350.0,152.76,0.00213,-0.02359,8e-05,0.0006,0.00399
155.77,index_price,1556449140646,open,0.23,0.0,0.229646,0.237289,0.231458,80.45,None,0,ETH-10MAY19-120-C,155.77,0.0,0.0,0.0,0.308,3.0,269.34,0.0195,-0.06604,0.03739,0.00307,0.96928
157.4,ETH-28JUN19,1556449140649,open,0.0,2437.0,0.0,0.001849,0.00125,109.99,0.002,0.0,ETH-28JUN19-500-C,155.77,107.38,0.001,190.0,0.004,180.0,126.77,0.01627,-0.0147,0.00215,0.00036,0.00942
155.77,index_price,1556449140646,open,0.0,3.0,1.3e-05,0.007655,0.001924,81.23,0.001,0,ETH-10MAY19-120-P,155.77,0.0,0.0,0.0,0.004,300.0,94.1,0.02011,-0.06876,-0.00171,0.00314,-0.03188
155.77,index_price,1556449140646,open,0.02,725.0,0.01018,0.038931,0.019074,65.85,0.021,0,ETH-3MAY19-160-C,155.77,61.1,0.017,240.0,0.022,240.0,72.48,0.06837,-0.46165,0.00744,0.03203,0.37675
155.77,index_price,1556449140646,open,0.0,0.0,0.0,0.000822,0.000823,110.03,None,0,ETH-3MAY19-120-P,155.77,0.0,0.0,0.0,0.002,300.0,127.69,0.00767,-0.08656,-0.00038,0.00215,-0.01721
155.77,index_price,1556449140646,open,0.11,20.0,0.097438,0.136174,0.110278,69.75,0.122,0,ETH-10MAY19-170-P,155.77,58.61,0.104,60.0,0.114,60.0,75.95,0.09181,-0.26962,-0.0429,0.01667,-0.73627
155.77,index_price,1556449140646,open,0.05,78.0,0.04402,0.070441,0.052027,66.16,0.052,0,ETH-3MAY19-150-C,155.77,63.58,0.051,15.0,0.055,60.0,73.5,0.06235,-0.42305,0.01354,0.02908,0.70258
155.77,index_price,1556449140646,open,0.1,187.0,0.092393,0.110709,0.097831,71.67,0.1,0,ETH-3MAY19-170-P,155.77,60.3,0.095,60.0,0.1,60.0,79.13,0.04296,-0.31574,-0.01961,0.01849,-0.84468
155.77,index_price,1556449140646,open,0.05,487.0,0.037335,0.066086,0.046361,66.15,0.051,0,ETH-3MAY19-160-P,155.77,58.43,0.043,180.0,0.049,180.0,72.13,0.06841,-0.46401,-0.01392,0.03191,-0.62257
155.77,index_price,1556449140646,open,0.0,1293.0,4.6e-05,0.008697,0.00257,80.38,0.002,0,ETH-3MAY19-180-C,155.77,76.26,0.002,100.0,0.003,7.0,83.18,0.02298,-0.18942,0.00131,0.00882,0.06555
155.77,index_price,1556449140646,open,0.07,36.0,0.048161,0.094404,0.063809,67.28,0.066,0,ETH-10MAY19-160-P,155.77,59.08,0.058,180.0,0.068,181.0,73.17,0.11067,-0.31348,-0.0318,0.02083,-0.5636
155.77,index_price,1556449140646,open,0.02,847.0,0.006978,0.033399,0.015109,66.47,0.018,0,ETH-3MAY19-150-P,155.77,58.59,0.012,240.0,0.017,240.0,71.15,0.06242,-0.4255,-0.00652,0.02897,-0.29815
157.4,ETH-28JUN19,1556449140655,open,0.36,1513.0,0.350752,0.422306,0.359273,68.38,0.232,0.0,ETH-28JUN19-210-P,155.77,0.0,0.013,25.0,0.367,1.0,75.12,0.17213,-0.09667,-0.30801,0.00609,-0.81404
158.53,ETH-27SEP19,1556449140656,open,0.92,1.0,0.903273,0.955397,0.920346,74.59,1.018,0.0,ETH-27SEP19-300-P,155.77,0.0,0.0,0.0,0.946,1.0,90.09,0.22644,-0.0556,-1.17508,0.0029,-0.86106
158.53,ETH-27SEP19,1556449140667,open,0.92,1.0,0.903273,0.955397,0.920346,74.59,1.018,0.0,ETH-27SEP19-300-P,155.77,0.0,0.0,0.0,0.946,2.0,90.09,0.22644,-0.0556,-1.17508,0.0029,-0.86106
5194.39,index_price,1556449140686,open,0.04,40.3,0.04263822,0.07066674,0.04654147,51.25,0.0485,0,BTC-3MAY19-5000-C,5194.39,42.62,0.0435,5.0,0.047,5.0,52.49,1.909,-10.03291,0.4879,0.00103,0.7497
5194.39,index_price,1556449140692,open,0.02,32.5,0.01480061,0.0588156,0.0185488,56.06,0.0145,0,BTC-10MAY19-5500-C,5194.39,49.5,0.0145,20.0,0.017,0.2,53.59,3.27404,-7.72791,0.48134,0.00067,0.30335
5194.39,index_price,1556449140823,open,0.01,366.8,0.00521515,0.03324368,0.0091184,51.25,0.0125,0,BTC-3MAY19-5000-P,5194.39,53.63,0.01,1.0,0.0115,28.4,57.58,1.909,-10.03291,-0.18,0.00103,-0.2503
5194.39,index_price,1556449140844,open,0.01,138.5,0.00385478,0.02634711,0.00581685,57.42,0.0055,0,BTC-3MAY19-4875-P,5194.39,54.46,0.005,20.0,0.007,20.0,61.48,1.46813,-8.64527,-0.11592,0.00071,-0.16124
5145.31,BTC-28JUN19,1556449140959,open,0.01,0.0,0.00163863,0.0241164,0.01146066,65.38,None,0.0,BTC-28JUN19-7500-C,5194.39,63.29,0.01,25.0,0.0125,15.0,66.8,3.70614,-1.99032,0.76567,0.00013,0.10068
5194.39,index_price,1556449140996,open,0.0,10.2,0.00037102,0.01657329,0.00164005,63.32,0.003,0,BTC-10MAY19-4250-P,5194.39,58.03,0.001,25.0,0.0025,4.9,68.78,0.72111,-1.9223,-0.06164,0.00013,-0.03483
5194.39,index_price,1556449140996,open,0.02,209.1,0.01367722,0.04578214,0.01845983,50.54,0.0165,0,BTC-3MAY19-5250-C,5194.39,44.03,0.0155,15.0,0.0185,15.3,50.63,2.36715,-12.26859,0.29191,0.0013,0.43916
5194.39,index_price,1556449141004,open,0.16,0.0,0.15735068,0.1871158,0.16081517,62.39,None,0,BTC-10MAY19-6000-P,5194.39,0.0,0.0,0.0,0.218,0.2,162.72,1.76509,-4.63616,-1.77545,0.00032,-0.88971
5194.39,index_price,1556449141010,open,0.09,6.2,0.0852117,0.10623136,0.0865871,56.62,0.09,0,BTC-3MAY19-5625-P,5194.39,58.39,0.087,5.0,0.091,5.0,72.92,1.18788,-6.89745,-0.67197,0.00058,-0.88185
5194.39,index_price,1556449141062,open,0.01,2.8,0.007296,0.04350235,0.01034735,56.84,0.012,0,BTC-10MAY19-4750-P,5194.39,53.91,0.009,20.0,0.012,20.0,60.28,2.44003,-5.83911,-0.31806,0.00049,-0.17785
5194.39,index_price,1556449141140,open,0.26,0.0,0.25135002,0.2535701,0.25224889,94.51,None,0,BTC-3MAY19-6500-P,5194.39,0.0,0.001,1000.0,0.3275,0.2,338.11,0.3254,-3.15388,-0.85304,0.0001,-0.97714
5194.39,index_price,1556449141230,open,0.01,127.0,0.00617007,0.04373358,0.00907162,56.71,0.011,0,BTC-10MAY19-5750-C,5194.39,53.19,0.0075,20.0,0.0105,26.0,59.73,2.39782,-5.72509,0.27708,0.00048,0.17302
5194.39,index_price,1556449141275,open,0.01,401.1,0.00247419,0.0279383,0.00591329,52.87,0.0045,0,BTC-3MAY19-5500-C,5194.39,48.05,0.0045,20.0,0.007,20.0,56.33,1.59035,-8.62327,0.1227,0.00083,0.18275
5194.39,index_price,1556449141305,open,0.08,0.5,0.07363523,0.11765023,0.07738336,56.06,0.1,0,BTC-10MAY19-5500-P,5194.39,55.45,0.077,5.0,0.0825,5.0,64.02,3.27404,-7.72788,-1.30815,0.00067,-0.69665
5194.39,index_price,1556449141310,open,0.21,0.0,0.20322153,0.2077379,0.20403645,79.36,None,0,BTC-3MAY19-6250-P,5194.39,0.0,0.001,10.0,0.2655,0.1,280.07,0.34321,-2.79305,-0.81855,0.00012,-0.97565
5194.39,index_price,1556449141330,open,0.03,81.7,0.03019353,0.05958008,0.03051243,50.72,0.0255,0,BTC-3MAY19-5125-C,5194.39,42.8,0.027,15.0,0.0305,15.0,50.69,2.31621,-12.04626,0.3966,0.00127,0.60208
5194.39,index_price,1556449141357,open,0.0,171.1,6e-08,0.00280823,0.0006862,85.27,0.001,0,BTC-3MAY19-4250-P,5194.39,0.0,0.0,0.0,0.0015,26.0,97.2,0.27229,-2.38107,-0.01333,9e-05,-0.01852
5194.39,index_price,1556449141419,open,0.07,83.6,0.06130882,0.08677293,0.06474791,52.87,0.0665,0,BTC-3MAY19-5500-P,5194.39,53.69,0.065,5.0,0.069,5.0,65.62,1.59035,-8.62327,-0.61199,0.00083,-0.81725
5194.39,index_price,1556449141500,open,0.0,100.0,0.00073078,0.02311873,0.00297723,64.25,0.003,0,BTC-10MAY19-6250-C,5194.39,61.99,0.0025,1.5,0.0035,5.5,66.52,1.14491,-3.09724,0.09973,0.0002,0.06199
5194.39,index_price,1556449141564,open,0.0,208.0,0.00023893,0.01607937,0.00260329,61.71,0.0025,0,BTC-3MAY19-5750-C,5194.39,54.56,0.0015,25.0,0.0035,25.0,66.45,0.91257,-5.77492,0.05536,0.00041,0.08239
5194.39,index_price,1556449141579,open,0.06,10.0,0.05711392,0.10113342,0.0596955,53.98,0.046,0,BTC-10MAY19-5000-C,5194.39,45.13,0.054,15.0,0.059,15.0,52.91,3.39239,-7.70945,1.03176,0.00072,0.67019
155.77,index_price,1556449141699,open,0.17,0.0,0.165771,0.183208,0.169496,70.54,None,0,ETH-10MAY19-130-C,155.77,63.56,0.168,60.0,0.176,60.0,91.93,0.03722,-0.11053,0.03861,0.00668,0.93122
5194.39,index_price,1556449141982,open,0.16,3.8,0.15510473,0.16384211,0.15645162,70.6,0.16,0,BTC-3MAY19-6000-P,5194.39,0.0,0.0005,10.3,0.208,0.2,230.68,0.53994,-3.90932,-0.77317,0.00021,-0.95784
155.77,index_price,1556449142281,open,0.17,0.0,0.156855,0.184491,0.166253,75.24,None,0,ETH-10MAY19-180-P,155.77,58.55,0.16,60.0,0.168,60.0,79.13,0.06817,-0.21595,-0.05103,0.01148,-0.84071
155.77,index_price,1556449142353,open,0.11,60.0,0.10463,0.1362,0.113773,68.47,0.11,0,ETH-10MAY19-140-C,155.77,64.6,0.112,60.0,0.119,60.0,79.07,0.07301,-0.21045,0.03593,0.01351,0.82279
5194.39,index_price,1556449142618,open,0.03,13.7,0.03105921,0.07780456,0.03391437,53.98,0.033,0,BTC-10MAY19-5250-C,5194.39,48.52,0.03,0.2,0.0335,15.0,53.4,3.73102,-8.47898,0.74681,0.00079,0.4758
5145.21,BTC-28JUN19,1556449142729,open,0.02,458.4,0.00995226,0.05072475,0.0256358,60.62,0.027,0.0,BTC-28JUN19-6500-C,5194.39,59.2,0.024,12.0,0.027,12.0,61.78,5.98776,-2.98139,1.5479,0.00022,0.20602
5194.39,index_price,1556449142810,open,0.0,96.3,0.00045168,0.01320117,0.00275986,71.09,0.002,0,BTC-3MAY19-4625-P,5194.39,69.43,0.0025,40.0,0.0035,25.0,75.45,0.83197,-6.06498,-0.05253,0.00032,-0.07294
5194.39,index_price,1556449142857,open,0.23,0.1,0.23211038,0.25082549,0.23636617,63.29,0.239,0,BTC-31MAY19-4000-C,5194.39,0.0,0.04,20.0,0.0,0.0,0.0,2.10935,-2.03039,3.24194,0.00014,0.92929
5140.56,BTC-27SEP19,1556449142857,open,0.11,47.9,0.06094042,0.21781704,0.10172942,63.81,0.105,0.0,BTC-27DEC19-7000-C,5194.39,62.43,0.0975,10.0,0.105,12.0,64.87,15.82697,-2.07902,9.16261,0.00014,0.3696
5140.56,BTC-27SEP19,1556449142857,open,0.03,60.9,0.00420657,0.09130797,0.02996498,72.58,0.0315,0.0,BTC-27DEC19-12000-C,5194.39,71.11,0.0275,15.0,0.032,15.0,73.76,8.77714,-1.31152,3.3543,7e-05,0.12803
5140.56,BTC-27SEP19,1556449142861,open,0.0,1666.6,9.4e-06,0.00076775,0.00123116,85.02,0.003,0.0,BTC-27SEP19-1500-P,5194.39,76.03,0.0005,120.1,0.002,2.6,91.06,0.55257,-0.15466,-0.15179,1e-05,-0.00587
5140.56,BTC-27SEP19,1556449142861,open,0.39,0.1,0.3440838,0.50457121,0.38727028,63.8,0.311,0.0,BTC-27DEC19-6500-P,5194.39,0.0,0.002,0.3,0.0,0.0,0.0,16.42771,-2.15776,-32.9353,0.00015,-0.57558
5145.21,BTC-28JUN19,1556449142875,open,0.29,6.0,0.27326318,0.31403568,0.28890744,60.59,0.285,0.0,BTC-28JUN19-6500-P,5194.39,0.0,0.0005,0.2,0.0,0.0,0.0,5.98483,-2.97827,-9.29409,0.00022,-0.79415
5145.21,BTC-28JUN19,1556449142899,open,0.0,137.0,1.8e-07,0.00016788,0.00151131,93.61,0.0015,0.0,BTC-28JUN19-13000-C,5194.39,82.94,0.0005,59.2,0.0025,35.3,99.72,0.69203,-0.53205,0.09651,2e-05,0.01276
5145.21,BTC-28JUN19,1556449142899,open,0.28,30.0,0.27388254,0.29564276,0.28307314,63.57,0.298,0.0,BTC-28JUN19-3750-C,5194.39,0.0,0.027,0.1,0.0,0.0,0.0,3.37849,-1.76409,5.39011,0.00012,0.91119
5145.21,BTC-28JUN19,1556449142899,open,0.24,355.8,0.23198053,0.25358463,0.24123155,61.94,0.249,0.0,BTC-28JUN19-4000-C,5194.39,39.04,0.226,0.9,0.2985,0.2,114.7,4.46811,-2.2731,5.3873,0.00016,0.86903
5145.21,BTC-28JUN19,1556449142899,open,0.01,421.4,0.00191809,0.012468,0.00783062,66.5,0.0075,0.0,BTC-28JUN19-3500-P,5194.39,64.75,0.007,25.0,0.008,0.1,66.85,2.50431,-1.36793,-0.5824,9e-05,-0.06004
5194.39,index_price,1556449142899,open,0.05,123.7,0.04185984,0.08775092,0.04925221,56.5,0.051,0,BTC-31MAY19-5000-P,5194.39,56.71,0.0495,16.0,0.054,0.4,60.65,5.92795,-5.09354,-2.00074,0.00043,-0.37838
5140.56,BTC-27SEP19,1556449142915,open,0.02,650.7,0.00257466,0.02290482,0.01688397,74.72,0.0165,0.0,BTC-27SEP19-11000-C,5194.39,72.88,0.015,15.0,0.0185,15.0,76.22,5.4103,-1.33096,1.57622,7e-05,0.09057
5145.21,BTC-28JUN19,1556449142918,open,0.2,4.5,0.18683899,0.22493674,0.20035196,58.85,0.2105,0.0,BTC-28JUN19-4250-C,5194.39,0.0,0.02,0.1,0.0,0.0,0.0,5.5131,-2.66488,5.31766,0.00021,0.82003
5145.21,BTC-28JUN19,1556449142925,open,0.07,179.0,0.04617485,0.10251845,0.06638249,57.7,0.067,0.0,BTC-28JUN19-5500-C,5194.39,57.15,0.0655,0.1,0.068,5.0,58.7,8.26922,-3.91879,3.15811,0.00032,0.4344
5145.21,BTC-28JUN19,1556449142929,open,0.04,108.7,0.02928273,0.06202703,0.03895079,57.69,0.042,0.0,BTC-28JUN19-4500-P,5194.39,57.34,0.0385,0.1,0.041,17.1,59.28,6.62297,-3.13832,-2.44698,0.00026,-0.2462
5140.56,BTC-27SEP19,1556449142929,open,0.03,327.8,0.01939118,0.05527748,0.02990561,62.52,0.0305,0.0,BTC-27SEP19-3500-P,5194.39,61.83,0.029,15.0,0.0315,0.1,63.72,6.79104,-1.39777,-3.29383,0.0001,-0.12409
5194.39,index_price,1556449142972,open,0.18,0.0,0.16953629,0.20928594,0.17683241,58.44,None,0,BTC-31MAY19-6000-P,5194.39,0.0,0.0005,0.3,0.0,0.0,0.0,4.74922,-4.22102,-4.42351,0.00033,-0.76864
5194.39,index_price,1556449142978,open,0.01,238.8,0.00861258,0.04320232,0.01485834,59.06,0.0145,0,BTC-31MAY19-6250-C,5194.39,57.24,0.0135,6.9,0.0155,16.0,59.9,3.94154,-3.54058,0.72478,0.00027,0.16977
5194.39,index_price,1556449142983,open,0.11,191.7,0.0953904,0.14245954,0.10512878,58.44,0.1085,0,BTC-31MAY19-5500-P,5194.39,58.33,0.105,12.3,0.111,12.3,63.46,6.04516,-5.37283,-3.27172,0.00043,-0.59416
155.77,index_price,1556449142985,open,0.07,1.0,0.053667,0.097478,0.06821,67.17,0.057,0,ETH-10MAY19-150-C,155.77,60.87,0.064,180.0,0.074,180.0,75.75,0.10459,-0.29579,0.02924,0.01972,0.6451
5140.56,BTC-27SEP19,1556449142994,open,0.39,0.0,0.3798247,0.40901239,0.39014364,64.57,None,0.0,BTC-27SEP19-3250-C,5194.39,0.0,0.003,0.2,0.0,0.0,0.0,5.61575,-1.1938,11.00714,8e-05,0.90474
5194.39,index_price,1556449142994,open,0.0,58.7,0.00067433,0.01263251,0.00323823,64.97,0.007,0,BTC-31MAY19-3750-P,5194.39,59.35,0.002,5.0,0.004,0.4,67.83,1.30176,-1.28623,-0.19519,8e-05,-0.03848
5194.39,index_price,1556449143006,open,0.05,463.3,0.03655577,0.08362491,0.04629415,58.44,0.041,0,BTC-31MAY19-5500-C,5194.39,53.87,0.041,13.2,0.0435,16.4,56.03,6.04516,-5.37283,1.68215,0.00043,0.40584
5194.39,index_price,1556449143006,open,0.31,0.0,0.30226891,0.32648384,0.3072159,62.23,None,0,BTC-31MAY19-6750-P,5194.39,0.0,0.0005,0.3,0.0,0.0,0.0,2.63936,-2.49799,-5.67045,0.00017,-0.90478
5140.56,BTC-27SEP19,1556449143015,open,0.02,153.8,0.00433646,0.05595857,0.01578761,66.51,0.016,0.0,BTC-27DEC19-2500-P,5194.39,64.48,0.014,15.0,0.0175,8.1,68.36,4.65096,-0.63677,-2.41434,4e-05,-0.05479
5194.39,index_price,1556449143022,open,0.0,5.7,0.00199074,0.02788691,0.00472426,61.38,0.0055,0,BTC-10MAY19-4500-P,5194.39,60.59,0.0045,5.0,0.0055,25.6,63.97,1.49954,-3.87495,-0.15714,0.00028,-0.08826
5140.56,BTC-27SEP19,1556449143024,open,0.06,76.1,0.02068349,0.15058425,0.05543272,66.72,0.058,0.0,BTC-27DEC19-9000-C,5194.39,65.72,0.053,22.0,0.057,0.4,67.36,12.56258,-1.72561,5.78548,0.00011,0.22457
5140.56,BTC-27SEP19,1556449143059,open,0.52,57.5,0.5153599,0.52664867,0.5215642,71.3,0.389,0.0,BTC-27SEP19-2500-C,5194.39,0.0,0.001,0.4,0.5525,1.0,110.4,2.63046,-0.61744,9.4606,3e-05,0.96386
5140.56,BTC-27SEP19,1556449143068,open,0.01,333.0,0.00168824,0.01297701,0.00788591,71.29,0.009,0.0,BTC-27SEP19-2500-P,5194.39,69.5,0.007,15.0,0.009,6.0,73.39,2.62931,-0.61706,-0.94129,3e-05,-0.03612
5140.56,BTC-27SEP19,1556449143068,open,0.04,47.2,0.00710177,0.10719634,0.03574508,70.66,0.0375,0.0,BTC-27DEC19-11000-C,5194.39,69.46,0.0335,22.0,0.038,12.0,71.82,9.82488,-1.4291,3.94593,8e-05,0.1511
5194.39,index_price,1556449143068,open,0.06,80.4,0.05492693,0.10273545,0.06268766,56.48,0.0555,0,BTC-31MAY19-5250-C,5194.39,51.31,0.0565,17.0,0.061,0.3,55.07,6.21772,-5.34122,2.08695,0.00045,0.50875
5145.17,BTC-28JUN19,1556449143071,open,0.51,24.4,0.51411462,0.51476279,0.51596422,86.63,0.5115,0.0,BTC-28JUN19-2500-C,5194.39,0.0,0.001,0.2,0.0,0.0,0.0,0.71808,-0.51096,4.03938,2e-05,0.98669
5140.56,BTC-27SEP19,1556449143071,open,0.03,30.5,0.00251371,0.0782166,0.02678352,75.15,0.0275,0.0,BTC-27DEC19-13000-C,5194.39,74.33,0.0255,10.0,0.0275,15.0,75.61,8.07581,-1.24946,2.9745,6e-05,0.11374
5145.17,BTC-28JUN19,1556449143084,open,0.0,321.9,7.05e-06,0.00094333,0.00226993,83.74,0.001,0.0,BTC-28JUN19-11000-C,5194.39,79.32,0.0015,15.0,0.003,1.0,87.08,1.02372,-0.70415,0.15341,3e-05,0.02015
5194.39,index_price,1556449143086,open,0.01,79.4,0.00152354,0.02119832,0.00598377,64.53,0.0075,0,BTC-31MAY19-7000-C,5194.39,60.75,0.0045,20.4,0.007,20.0,66.84,2.19373,-2.15295,0.32019,0.00014,0.07442
5145.17,BTC-28JUN19,1556449143092,open,0.01,70.2,0.00029187,0.00930489,0.00550492,70.98,0.006,0.0,BTC-28JUN19-3250-P,5194.39,68.07,0.0045,15.0,0.007,25.0,74.82,1.87758,-1.09455,-0.40618,6e-05,-0.04183
5140.56,BTC-27SEP19,1556449143094,open,0.03,97.0,0.01338627,0.09091988,0.03135246,64.53,0.0305,0.0,BTC-27DEC19-3000-P,5194.39,62.85,0.029,20.0,0.0335,20.0,66.02,7.31436,-0.97167,-4.46457,6e-05,-0.09917
5140.56,BTC-27SEP19,1556449143113,open,0.71,0.0,0.70828007,0.72009022,0.71177217,78.93,None,0.0,BTC-27DEC19-1500-C,5194.39,0.0,0.007,0.2,0.0,0.0,0.0,1.37644,-0.22365,9.4244,1e-05,0.98729
5194.39,index_price,1556449143113,open,0.0,65.9,0.00016287,0.00704024,0.00193636,69.6,0.0045,0,BTC-31MAY19-3500-P,5194.39,62.69,0.001,25.0,0.003,20.4,75.26,0.85085,-0.90066,-0.11688,5e-05,-0.02304
5194.39,index_price,1556449143126,open,0.01,226.7,0.00569541,0.03227217,0.01148476,61.11,0.0125,0,BTC-31MAY19-4250-P,5194.39,60.28,0.011,4.9,0.012,0.4,61.97,3.07887,-2.86148,-0.60509,0.00021,-0.11785
5194.39,index_price,1556449143126,open,0.4,0.0,0.39654848,0.41230865,0.40086826,67.94,None,0,BTC-31MAY19-7250-P,5194.39,0.0,0.0005,0.3,0.0,0.0,0.0,1.92002,-1.98406,-6.26115,0.00012,-0.93738
5145.17,BTC-28JUN19,1556449143130,open,0.38,19.5,0.36733296,0.38975841,0.37705318,62.66,0.7515,0.0,BTC-28JUN19-7000-P,5194.39,0.0,0.0015,0.2,0.0,0.0,0.0,4.7038,-2.421,-10.60526,0.00017,-0.85881
5140.56,BTC-27SEP19,1556449143130,open,0.53,0.0,0.51800812,0.56963023,0.5294659,66.51,None,0.0,BTC-27DEC19-2500-C,5194.39,0.0,0.0005,0.2,0.0,0.0,0.0,4.65182,-0.63696,14.22031,4e-05,0.94519
5140.56,BTC-27SEP19,1556449143130,open,0.37,5.8,0.34998753,0.45269493,0.37400239,63.05,0.37,0.0,BTC-27DEC19-3500-C,5194.39,0.0,0.255,1.0,0.68,3.0,209.66,10.10038,-1.31103,16.02347,9e-05,0.84244
155.77,index_price,1556449143134,open,0.17,100.0,0.165439,0.169483,0.166838,88.02,0.146,0,ETH-3MAY19-130-C,155.77,0.0,0.164,60.0,0.17,60.0,113.29,0.0135,-0.12183,0.01663,0.00473,0.96626
5194.39,index_price,1556449143136,open,0.13,5.2,0.13369209,0.14133963,0.13574863,78.67,0.134,0,BTC-3MAY19-4500-C,5194.39,0.0,0.0005,10.2,0.193,0.2,266.21,0.64084,-5.1697,0.56345,0.00023,0.94779
5145.17,BTC-28JUN19,1556449143147,open,0.08,286.5,0.06684961,0.10641203,0.07770512,56.86,0.0845,0.0,BTC-28JUN19-5000-P,5194.39,55.15,0.075,9.0,0.08,14.0,58.31,8.146,-3.80421,-4.14577,0.00032,-0.40541
5140.56,BTC-27SEP19,1556449143147,open,0.26,10.2,0.2217008,0.36292578,0.25596582,62.06,0.2335,0.0,BTC-27DEC19-4500-C,5194.39,56.1,0.239,5.0,0.2715,5.0,67.51,14.64359,-1.87084,15.08858,0.00013,0.69708
5140.56,BTC-27SEP19,1556449143171,open,0.24,0.1,0.23103591,0.28477015,0.24454626,60.71,0.225,0.0,BTC-27SEP19-4250-C,5194.39,52.97,0.229,3.0,0.252,3.0,64.34,10.48653,-2.0958,10.85985,0.00016,0.75226
5140.56,BTC-27SEP19,1556449143173,open,0.11,62.5,0.09839515,0.16012758,0.11263635,59.99,0.094,0.0,BTC-27SEP19-4750-P,5194.39,58.67,0.1095,12.0,0.115,3.0,60.99,12.22296,-2.41409,-9.79799,0.00019,-0.34543
5194.39,index_price,1556449143183,open,0.36,0.0,0.34913125,0.36880602,0.35359147,64.53,None,0,BTC-31MAY19-7000-P,5194.39,0.0,0.0005,0.3,0.0,0.0,0.0,2.19373,-2.15295,-5.98474,0.00014,-0.92558
5145.17,BTC-28JUN19,1556449143187,open,0.02,1559.5,0.0068337,0.02925915,0.01659094,62.7,0.015,0.0,BTC-28JUN19-7000-C,5194.39,61.5,0.0155,15.1,0.017,2.9,63.15,4.70814,-2.4248,1.07086,0.00017,0.14138
5140.56,BTC-27SEP19,1556449143216,open,0.02,17.6,0.01205153,0.04123923,0.02236187,64.56,0.021,0.0,BTC-27SEP19-3250-P,5194.39,62.83,0.0205,15.0,0.024,21.0,66.04,5.61495,-1.19348,-2.51546,8e-05,-0.09524
5140.56,BTC-27SEP19,1556449143216,open,0.25,18.8,0.20446237,0.3637201,0.24355257,62.05,0.2585,0.0,BTC-27DEC19-5500-P,5194.39,60.34,0.238,9.0,0.2465,5.0,62.97,16.60968,-2.12185,-23.80604,0.00015,-0.45241
5194.39,index_price,1556449143270,open,0.0,120.4,1.133e-05,0.00765888,0.00206792,78.67,0.002,0,BTC-3MAY19-4500-P,5194.39,78.11,0.002,10.6,0.0025,1.0,81.99,0.64085,-5.1698,-0.03766,0.00023,-0.05221
155.77,index_price,1556449143301,open,0.03,21.0,0.016625,0.060437,0.031168,67.17,0.043,0,ETH-10MAY19-150-P,155.77,59.42,0.026,240.0,0.032,5.0,68.41,0.10459,-0.29579,-0.01957,0.01972,-0.3549
5194.39,index_price,1556449143321,open,0.07,0.1,0.06534227,0.0878346,0.06730449,57.42,0.068,0,BTC-3MAY19-4875-C,5194.39,41.49,0.0635,5.0,0.067,5.0,56.34,1.46814,-8.64543,0.53529,0.00071,0.83876
155.77,index_price,1556449143385,open,0.1,641.0,0.101602,0.114728,0.104929,71.82,0.101,0,ETH-3MAY19-140-C,155.77,60.01,0.103,60.0,0.108,60.0,85.83,0.02976,-0.21923,0.01671,0.01279,0.9078
155.77,index_price,1556449143452,open,0.23,60.0,0.229633,0.230455,0.230455,109.98,0.22,0,ETH-3MAY19-120-C,155.77,0.0,0.0,0.0,0.307,2.0,417.41,0.00766,-0.08637,0.01566,0.00215,0.98282
5194.39,index_price,1556449143500,open,0.18,0.0,0.18218063,0.19838289,0.18344974,63.32,None,0,BTC-10MAY19-4250-C,5194.39,0.0,0.002,0.1,0.251,0.2,219.15,0.72114,-1.92238,1.32115,0.00013,0.96517
5194.39,index_price,1556449143504,open,0.0,97.3,0.00231265,0.02333231,0.00368789,56.62,0.004,0,BTC-3MAY19-5625-C,5194.39,50.99,0.0025,25.0,0.0045,25.0,60.03,1.18785,-6.89723,0.07942,0.00058,0.11815
5194.39,index_price,1556449143508,open,0.01,52.0,0.00225836,0.03202348,0.00572266,62.38,0.005,0,BTC-10MAY19-6000-C,5194.39,58.59,0.0045,3.1,0.0065,25.0,64.61,1.76506,-4.63605,0.17671,0.00032,0.11028
5194.39,index_price,1556449143605,open,0.0,140.0,1e-08,0.00222009,0.00089875,94.51,0.0025,0,BTC-3MAY19-6500-C,5194.39,86.9,0.0005,25.0,0.001,10.0,96.07,0.32537,-3.15351,0.01523,0.0001,0.02285
155.77,index_price,1556449143629,open,0.04,8.0,0.021006,0.067249,0.036574,67.17,0.039,0,ETH-10MAY19-160-C,155.77,63.54,0.034,180.0,0.042,180.0,74.79,0.11066,-0.31293,0.02025,0.02087,0.43622
5194.39,index_price,1556449143638,open,0.18,0.0,0.18180967,0.18461784,0.18249584,85.27,None,0,BTC-3MAY19-4250-C,5194.39,0.0,0.0005,10.0,0.2495,0.3,337.84,0.2723,-2.38116,0.55439,9e-05,0.98148
5140.54,BTC-27SEP19,1556449143648,open,0.6,2.5,0.57713043,0.6247706,0.59648345,65.86,1.278,0.0,BTC-27SEP19-8000-P,5193.9,0.0,0.004,0.3,0.0,0.0,0.0,9.38487,-2.03494,-29.79192,0.00013,-0.79633
5144.68,BTC-28JUN19,1556449143649,open,0.61,20.1,0.61124895,0.6113023,0.61226015,101.81,0.578,0.0,BTC-28JUN19-2000-C,5193.9,0.0,0.006,0.1,0.0,0.0,0.0,0.38689,-0.32354,3.27064,1e-05,0.99343
5140.54,BTC-27SEP19,1556449143647,open,1.18,0.0,1.14695462,1.2470486,1.1755882,70.65,None,0.0,BTC-27DEC19-11000-P,5193.9,0.0,0.0005,0.2,0.0,0.0,0.0,9.82365,-1.42882,-69.25011,8e-05,-0.84892
5193.9,index_price,1556449143647,open,0.14,0.0,0.13559476,0.16150868,0.13840509,61.63,None,0,BTC-10MAY19-4500-C,5193.9,0.0,0.0,0.0,0.1965,0.2,176.54,1.51141,-3.92166,1.30525,0.00028,0.91079
5193.9,index_price,1556449143647,open,0.21,0.0,0.20406341,0.22643529,0.20619841,63.76,None,0,BTC-10MAY19-6250-P,5193.9,0.0,0.0,0.0,0.2675,0.1,182.34,1.12089,-3.00887,-1.93639,0.0002,-0.93967
5140.05,BTC-27SEP19,1556449143649,open,0.62,0.0,0.611777,0.64037364,0.61835032,70.74,None,0.0,BTC-27DEC19-2000-C,5193.9,0.0,0.0005,0.2,0.0,0.0,0.0,2.62628,-0.38246,12.12451,2e-05,0.97284
5140.05,BTC-27SEP19,1556449143647,open,0.09,0.0,0.04653033,0.11809256,0.08546021,64.2,None,0.0,BTC-27DEC19-7500-C,5193.9,63.19,0.0825,10.0,0.0895,22.0,65.57,15.0505,-1.98921,8.12088,0.00013,0.3229
5193.9,index_price,1556449143647,open,0.11,0.0,0.10998602,0.12275114,0.11237626,71.56,None,0,BTC-3MAY19-4625-C,5193.9,0.0,0.001,1.0,0.1655,0.2,233.78,0.84436,-6.19656,0.56423,0.00033,0.92562
5193.9,index_price,1556449143647,open,0.02,39.7,0.01972291,0.06375287,0.02227229,53.93,0.0245,0,BTC-10MAY19-5000-P,5193.9,51.97,0.021,20.0,0.025,20.0,58.08,3.39304,-7.70362,-0.59538,0.00072,-0.33005
5193.9,index_price,1556449143647,open,0.02,56.6,0.01687394,0.04626671,0.01715374,50.63,0.018,0,BTC-3MAY19-5125-P,5193.9,52.52,0.018,0.1,0.0195,15.0,55.87,2.31675,-12.02815,-0.28832,0.00127,-0.3984
5140.05,BTC-27SEP19,1556449143647,open,0.99,0.3,0.95758314,1.07211155,0.98988393,68.96,1.4475,0.0,BTC-27DEC19-10000-P,5193.9,0.0,0.1,0.3,0.0,0.0,0.0,11.13841,-1.58129,-61.7803,9e-05,-0.81642
5193.9,index_price,1556449143648,open,0.03,153.4,0.02444025,0.0565412,0.02916529,50.42,0.0315,0,BTC-3MAY19-5250-P,5193.9,48.96,0.0285,15.0,0.032,15.0,56.63,2.36615,-12.23356,-0.40993,0.0013,-0.56168
5140.05,BTC-27SEP19,1556449143648,open,0.64,0.0,0.59191158,0.73676639,0.62926538,64.85,None,0.0,BTC-27DEC19-8000-P,5193.9,0.0,0.001,0.5,0.0,0.0,0.0,14.20544,-1.89662,-46.01943,0.00012,-0.71623
5193.9,index_price,1556449143647,open,0.11,25.6,0.10730547,0.12312702,0.10956671,61.15,0.1175,0,BTC-3MAY19-5750-P,5193.9,0.0,0.001,0.5,0.1395,0.2,152.59,0.89399,-5.60617,-0.71419,0.00041,-0.91982
5193.9,index_price,1556449143647,open,0.0,224.9,1.231e-05,0.00873721,0.00135937,70.64,0.001,0,BTC-3MAY19-6000-C,5193.9,66.87,0.001,2.9,0.002,10.0,76.14,0.53971,-3.90977,0.0283,0.00021,0.04215
5140.05,BTC-27SEP19,1556449143647,open,0.02,7.0,0.00092283,0.05826875,0.01998228,78.04,0.0205,0.0,BTC-27DEC19-15000-C,5193.9,76.45,0.018,15.0,0.022,15.0,79.57,6.59671,-1.05977,2.26683,5e-05,0.08626
5140.05,BTC-27SEP19,1556449143648,open,1.56,0.0,1.53167034,1.60735954,1.55568961,75.0,None,0.0,BTC-27DEC19-13000-P,5193.9,0.0,0.0005,0.2,0.0,0.0,0.0,8.03673,-1.24085,-83.54668,6e-05,-0.88701
5140.05,BTC-27SEP19,1556449143648,open,0.81,0.0,0.77162926,0.90151621,0.80621232,66.66,None,0.0,BTC-27DEC19-9000-P,5193.9,0.0,0.001,0.5,0.0,0.0,0.0,12.54748,-1.72185,-54.11114,0.00011,-0.77587
5140.05,BTC-27SEP19,1556449143652,open,0.42,10.2,0.40330278,0.46187778,0.42262782,63.16,0.8,0.0,BTC-27SEP19-7000-P,5193.9,59.42,0.4145,1.5,0.4315,1.5,67.12,11.3438,-2.3589,-24.23088,0.00016,-0.71031
5193.9,index_price,1556449143650,open,0.01,194.4,0.00496748,0.03422467,0.01043544,60.3,0.0105,0,BTC-31MAY19-6500-C,5193.9,57.9,0.009,20.4,0.0115,20.0,61.98,3.21327,-2.94663,0.53712,0.00022,0.12525
5193.9,index_price,1556449143648,open,0.12,0.0,0.11322539,0.15077263,0.11603503,56.52,None,0,BTC-10MAY19-5750-P,5193.9,0.0,0.0,0.0,0.164,0.2,134.48,2.38742,-5.68083,-1.59554,0.00048,-0.82813
5140.05,BTC-27SEP19,1556449143649,open,0.55,0.0,0.5056601,0.57722234,0.5444443,64.15,None,0.0,BTC-27DEC19-7500-P,5193.9,0.0,0.0,0.0,0.0,0.0,0.0,15.04522,-1.98697,-41.78947,0.00013,-0.67738
5144.68,BTC-28JUN19,1556449143671,open,0.21,35.4,0.19493251,0.23107427,0.20805181,59.52,0.2,0.0,BTC-28JUN19-6000-P,5193.9,55.22,0.202,1.5,0.215,1.5,64.31,7.35532,-3.59573,-7.75192,0.00028,-0.69539
5193.9,index_price,1556449143679,open,0.0,146.1,3.6e-07,0.00450943,0.00081537,79.39,0.001,0,BTC-3MAY19-6250-C,5193.9,73.85,0.0005,26.0,0.001,1.1,82.01,0.3431,-2.79337,0.01632,0.00012,0.02434
157.38,ETH-28JUN19,1556449143823,open,0.09,1374.0,0.09022,0.17899,0.0918,60.97,0.09,0.0,ETH-28JUN19-160-C,155.77,58.64,0.088,168.0,0.095,2.0,62.94,0.25598,-0.12819,0.11324,0.01016,0.5232
158.53,ETH-27SEP19,1556449143833,open,0.04,635.0,0.023326,0.090578,0.039528,70.1,0.042,0.0,ETH-27SEP19-260-C,155.77,68.65,0.037,144.0,0.042,144.0,71.48,0.27988,-0.06459,0.10102,0.00382,0.19267
157.38,ETH-28JUN19,1556449143833,open,0.01,2097.0,0.00233,0.043252,0.010661,79.13,0.012,0.0,ETH-28JUN19-260-C,155.77,76.32,0.009,240.0,0.012,180.0,81.23,0.09732,-0.06325,0.01872,0.00298,0.08197
158.53,ETH-27SEP19,1556449143857,open,1.3,0.0,1.274389,1.308345,1.289578,80.59,None,0.0,ETH-27SEP19-360-P,155.77,0.0,0.0,0.0,1.302,1.0,90.63,0.1712,-0.04542,-1.44844,0.00203,-0.90622
158.53,ETH-27SEP19,1556449143898,open,0.05,2982.0,0.046053,0.110559,0.048848,61.64,0.052,0.0,ETH-27SEP19-120-P,155.77,60.56,0.047,3.0,0.051,144.0,62.88,0.27231,-0.05526,-0.15379,0.00422,-0.18429
158.53,ETH-27SEP19,1556449143968,open,0.68,1.0,0.663395,0.730647,0.679596,70.1,0.573,0.0,ETH-27SEP19-260-P,155.77,0.0,0.5,1.0,0.72,1.0,90.24,0.27988,-0.06459,-0.98084,0.00382,-0.80733
157.38,ETH-28JUN19,1556449144004,open,0.02,638.0,0.011359,0.076371,0.020303,70.36,0.02,0.0,ETH-28JUN19-220-C,155.77,67.92,0.018,144.0,0.022,144.0,72.09,0.1521,-0.08791,0.03493,0.00523,0.1534
158.53,ETH-27SEP19,1556449144042,open,0.39,0.0,0.386568,0.431134,0.390867,64.16,None,0.0,ETH-27SEP19-100-C,155.77,0.0,0.004,50.0,0.0,0.0,0.0,0.17066,-0.03605,0.34021,0.00254,0.90662
157.38,ETH-28JUN19,1556449144046,open,0.42,1137.0,0.409249,0.474262,0.418016,70.18,0.372,0.0,ETH-28JUN19-220-P,155.77,0.0,0.011,25.0,0.423,1.0,75.13,0.15157,-0.08737,-0.33215,0.00523,-0.84741
158.53,ETH-27SEP19,1556449144049,open,0.8,0.0,0.782156,0.841648,0.798968,72.27,None,0.0,ETH-27SEP19-280-P,155.77,0.0,0.0,0.0,0.832,2.0,90.36,0.25065,-0.05964,-1.07993,0.00332,-0.83819
157.38,ETH-28JUN19,1556449144049,open,0.25,2406.0,0.241307,0.324436,0.24587,63.4,0.194,0.0,ETH-28JUN19-190-P,155.77,0.0,0.011,25.0,0.26,1.0,73.41,0.21442,-0.11165,-0.25486,0.00819,-0.7251
158.53,ETH-27SEP19,1556449144051,open,0.02,165.0,0.001691,0.026933,0.016166,85.23,0.017,0.0,ETH-27SEP19-400-C,155.77,82.87,0.014,184.0,0.018,240.0,87.1,0.1513,-0.04245,0.04177,0.0017,0.07949
157.38,ETH-28JUN19,1556449144054,open,0.11,3007.0,0.106868,0.195638,0.108319,60.89,0.13,0.0,ETH-28JUN19-160-P,155.77,58.85,0.105,108.0,0.112,108.0,63.16,0.25598,-0.12802,-0.15361,0.01018,-0.4769
157.38,ETH-28JUN19,1556449144054,open,0.02,855.0,0.016555,0.088092,0.024868,68.19,0.027,0.0,ETH-28JUN19-210-C,155.77,66.45,0.023,144.0,0.027,60.0,70.12,0.17155,-0.09608,0.04203,0.00609,0.18498
158.53,ETH-27SEP19,1556449144058,open,0.21,201.0,0.210206,0.289573,0.21335,61.39,0.216,0.0,ETH-27SEP19-140-C,155.77,59.02,0.208,108.0,0.218,108.0,63.45,0.35787,-0.07233,0.31813,0.00557,0.69563
157.38,ETH-28JUN19,1556449144064,open,0.04,595.0,0.034038,0.117167,0.038754,63.51,0.042,0.0,ETH-28JUN19-190-C,155.77,62.96,0.038,144.0,0.043,144.0,66.59,0.21462,-0.11195,0.06212,0.00818,0.27541
158.53,ETH-27SEP19,1556449144072,open,0.1,3194.0,0.093319,0.172686,0.096464,61.39,0.089,0.0,ETH-27SEP19-140-P,155.77,59.41,0.092,144.0,0.1,144.0,62.96,0.35787,-0.07233,-0.2644,0.00557,-0.30437
157.38,ETH-28JUN19,1556449144573,open,0.36,1513.0,0.350905,0.422441,0.359198,68.03,0.232,0.0,ETH-28JUN19-210-P,155.77,0.0,0.013,25.0,0.368,1.0,75.83,0.17114,-0.09563,-0.30836,0.00609,-0.81574
155.77,index_price,1556449144725,open,0.0,722.0,1e-06,0.003558,0.00102,87.2,0.001,0,ETH-3MAY19-190-C,155.77,0.0,0.0,0.0,0.002,300.0,97.98,0.01135,-0.10153,0.00055,0.00402,0.02738
155.77,index_price,1556449144748,open,0.01,31.0,0.000211,0.018161,0.006195,80.18,0.006,0,ETH-10MAY19-190-C,155.77,72.31,0.004,300.0,0.009,300.0,88.49,0.04807,-0.16228,0.00458,0.00759,0.09659
155.77,index_price,1556449144852,open,0.22,931.0,0.219748,0.223305,0.220767,87.2,0.182,0,ETH-3MAY19-190-P,155.77,0.0,0.0,0.0,0.287,1.0,300.72,0.01135,-0.10153,-0.02483,0.00402,-0.97262
158.53,ETH-27SEP19,1556449144906,open,0.16,4187.0,0.158837,0.24648,0.162371,61.39,0.159,0.0,ETH-27SEP19-160-P,155.77,59.67,0.158,108.0,0.166,108.0,62.83,0.40178,-0.08121,-0.39118,0.00626,-0.43066
155.77,index_price,1556449144950,open,0.01,59.0,0.001305,0.028941,0.010703,75.24,0.012,0,ETH-10MAY19-180-C,155.77,68.73,0.008,240.0,0.013,20.0,80.31,0.06817,-0.21595,0.00753,0.01148,0.15929
155.77,index_price,1556449144980,open,0.0,818.0,0.0,0.001337,0.001011,105.29,0.001,0,ETH-3MAY19-200-C,155.77,0.0,0.0,0.0,0.002,300.0,117.71,0.00986,-0.10645,0.00046,0.00289,0.02313
155.77,index_price,1556449145026,open,0.0,101.0,0.000334,0.017771,0.00406,70.54,0.004,0,ETH-10MAY19-130-P,155.77,60.38,0.002,300.0,0.006,5.0,77.91,0.03722,-0.11053,-0.00369,0.00668,-0.06878
155.77,index_price,1556449145099,open,0.23,0.0,0.219958,0.237908,0.225942,80.18,None,0,ETH-10MAY19-190-P,155.77,0.0,0.0,0.0,0.304,2.0,217.83,0.04807,-0.16228,-0.05724,0.00759,-0.90341
155.77,index_price,1556449145108,open,0.29,50.0,0.283944,0.285282,0.284955,105.29,0.206,0,ETH-3MAY19-200-P,155.77,0.0,0.0,0.0,0.369,1.0,375.23,0.00986,-0.10645,-0.02626,0.00289,-0.97687
155.77,index_price,1556449145241,open,0.0,610.0,0.0,0.000466,0.000466,110.0,0.001,0,ETH-3MAY19-210-C,155.77,0.0,0.0,0.0,0.002,300.0,135.88,0.00526,-0.05938,0.00022,0.00148,0.01112
155.77,index_price,1556449145375,open,0.35,0.0,0.348141,0.348608,0.348607,110.0,None,0,ETH-3MAY19-210-P,155.77,0.0,0.0,0.0,0.443,1.0,428.38,0.00526,-0.05938,-0.02783,0.00148,-0.98888
155.77,index_price,1556449145668,open,0.01,1.0,0.003391,0.034961,0.012534,68.47,0.016,0,ETH-10MAY19-140-P,155.77,62.88,0.01,240.0,0.015,240.0,73.59,0.07301,-0.21045,-0.00962,0.01351,-0.17721
5144.68,BTC-28JUN19,1556449145805,open,0.14,69.4,0.11520463,0.17154471,0.13539857,57.65,0.1365,0.0,BTC-28JUN19-5500-P,5193.9,55.89,0.1325,0.1,0.137,14.0,58.69,8.2673,-3.91457,-6.01689,0.00032,-0.5659
5144.65,BTC-28JUN19,1556449145848,open,0.0,780.7,0.0,5.7e-07,0.00030536,109.99,0.0005,0.0,BTC-28JUN19-20000-C,5193.9,0.0,0.0,0.0,0.001,12.3,122.85,0.16711,-0.15096,0.01942,0.0,0.00257
5140.1,BTC-27SEP19,1556449145848,open,1.94,0.0,1.91915406,1.97650113,1.93823501,78.05,None,0.0,BTC-27DEC19-15000-P,5193.9,0.0,0.0,0.0,0.0,0.0,0.0,6.60067,-1.06063,-97.54349,5e-05,-0.91367
5140.1,BTC-27SEP19,1556449145850,open,1.37,0.1,1.33878915,1.42587746,1.36456139,72.59,0.001,0.0,BTC-27DEC19-12000-P,5193.9,0.0,0.002,1.0,0.0,0.0,0.0,8.77766,-1.31181,-76.495,7e-05,-0.87195
5140.1,BTC-27SEP19,1556449145857,open,0.19,12.5,0.17432823,0.23606585,0.1885722,59.99,0.226,0.0,BTC-27SEP19-4750-C,5193.9,58.49,0.185,9.0,0.1915,3.0,61.22,12.22299,-2.41412,9.9648,0.00019,0.65448
5140.1,BTC-27SEP19,1556449145861,open,0.31,0.0,0.29976362,0.34216317,0.31184997,61.99,None,0.0,BTC-27SEP19-3750-C,5193.9,0.0,0.0315,0.1,0.0,0.0,0.0,8.11553,-1.65631,11.26466,0.00012,0.83854
5193.9,index_price,1556449145866,open,0.03,111.5,0.02435098,0.06564254,0.03068923,56.5,0.033,0,BTC-31MAY19-4750-P,5193.9,56.81,0.031,21.0,0.0345,0.4,60.3,5.15758,-4.43159,-1.40841,0.00038,-0.27037
5144.65,BTC-28JUN19,1556449145871,open,0.0,335.3,1.14e-06,0.00039602,0.0017781,88.65,0.0015,0.0,BTC-28JUN19-12000-C,5193.9,82.72,0.001,15.5,0.0025,3.0,92.68,0.81589,-0.59404,0.11726,2e-05,0.01544
5140.1,BTC-27SEP19,1556449145883,open,0.01,698.7,0.00129001,0.01614493,0.0141148,77.87,0.0125,0.0,BTC-27SEP19-12000-C,5193.9,76.05,0.0125,6.0,0.0155,15.0,79.34,4.71184,-1.20788,1.31043,6e-05,0.07538
5144.65,BTC-28JUN19,1556449145899,open,0.76,6.6,0.74964099,0.75475819,0.75396852,72.94,0.704,0.0,BTC-28JUN19-9000-P,5193.9,0.0,0.0005,0.4,0.0,0.0,0.0,1.8819,-1.12747,-14.68976,6e-05,-0.95805
5144.65,BTC-28JUN19,1556449145901,open,0.0,312.6,3e-08,7.172e-05,0.00085681,93.61,0.001,0.0,BTC-28JUN19-14000-C,5193.9,0.0,0.0,0.0,0.001,45.9,95.19,0.44038,-0.3386,0.05789,1e-05,0.0076
5193.9,index_price,1556449145901,open,0.19,8.0,0.18743581,0.21402556,0.19322939,61.11,0.1625,0,BTC-31MAY19-4250-C,5193.9,0.0,0.1815,0.8,0.0,0.0,0.0,3.08045,-2.86296,3.22242,0.00021,0.88205
5140.1,BTC-27SEP19,1556449145918,open,0.06,120.8,0.04207514,0.09049771,0.0546513,61.09,0.058,0.0,BTC-27SEP19-4000-P,5193.9,59.9,0.0525,12.0,0.057,18.0,62.37,9.34635,-1.87961,-5.49556,0.00014,-0.2023
5144.65,BTC-28JUN19,1556449145918,open,0.33,143.4,0.32160245,0.33215958,0.32752502,66.52,0.36,0.0,BTC-28JUN19-3500-C,5193.9,0.0,0.003,0.4,0.0,0.0,0.0,2.50643,-1.36932,5.25432,9e-05,0.93989
5193.9,index_price,1556449145918,open,0.26,0.0,0.25643555,0.28569274,0.26189258,60.28,None,0,BTC-31MAY19-6500-P,5193.9,0.0,0.0005,0.3,0.0,0.0,0.0,3.21182,-2.94444,-5.31778,0.00022,-0.87483
5193.9,index_price,1556449145922,open,0.33,0.0,0.32629579,0.33317869,0.32807135,69.6,None,0,BTC-31MAY19-3500-C,5193.9,0.0,0.001,2.0,0.0,0.0,0.0,0.85155,-0.90141,3.03547,5e-05,0.97693
5144.65,BTC-28JUN19,1556449145925,open,1.92,2.0,1.91565024,1.91568128,1.91614222,93.64,2.658,0.0,BTC-28JUN19-15000-P,5193.9,0.0,0.0005,0.2,0.0,0.0,0.0,0.28012,-0.21543,-24.98246,1e-05,-0.99544
5140.1,BTC-27SEP19,1556449145930,open,0.97,2.0,0.95065127,0.97822676,0.96745045,72.24,1.8325,0.0,BTC-27SEP19-10000-P,5193.9,0.0,0.008,0.2,0.0,0.0,0.0,6.47569,-1.54007,-39.59842,8e-05,-0.88399
5144.65,BTC-28JUN19,1556449145940,open,0.95,43.0,0.9438096,0.94601808,0.94682255,78.4,0.89,0.0,BTC-28JUN19-10000-P,5193.9,0.0,0.0005,2.5,0.0,0.0,0.0,1.33811,-0.86169,-16.46676,4e-05,-0.97229
5193.9,index_price,1556449145948,open,0.08,500.0,0.06568594,0.11349551,0.07344644,56.48,0.0775,0,BTC-31MAY19-5250-P,5193.9,57.36,0.0745,12.0,0.0795,12.3,61.54,6.21721,-5.34076,-2.64278,0.00045,-0.49147
5193.9,index_price,1556449145960,open,0.03,108.2,0.023381,0.06752199,0.03208661,58.44,0.031,0,BTC-31MAY19-5750-C,5193.9,53.57,0.027,16.0,0.0305,16.0,56.94,5.50902,-4.89627,1.30604,0.00039,0.31127
5140.1,BTC-27SEP19,1556449145965,open,0.61,28.2,0.61112269,0.61506367,0.61463128,78.47,0.608,0.0,BTC-27SEP19-2000-C,5193.9,0.0,0.001,0.3,0.6375,1.0,122.58,1.4042,-0.36275,7.87669,2e-05,0.98291
5140.1,BTC-27SEP19,1556449145972,open,0.21,32.8,0.17338001,0.32610921,0.21100293,62.06,0.2045,0.0,BTC-27DEC19-5000-C,5193.9,61.09,0.208,15.0,0.215,14.0,63.34,15.95397,-2.03814,14.01769,0.00015,0.62084
5140.1,BTC-27SEP19,1556449145978,open,0.06,950.8,0.04145024,0.10002592,0.06090758,63.22,0.0615,0.0,BTC-27SEP19-7000-C,5193.9,61.9,0.058,12.0,0.063,10.0,64.17,11.34978,-2.36237,4.89998,0.00016,0.29001
5193.9,index_price,1556449145985,open,0.05,0.4,0.04489331,0.07312317,0.04576927,52.21,0.0705,0,BTC-3MAY19-5375-P,5193.9,50.27,0.045,5.0,0.049,5.0,60.14,2.07238,-11.09597,-0.52064,0.0011,-0.70464
5140.1,BTC-27SEP19,1556449145987,open,0.18,88.3,0.14612373,0.29885293,0.18375611,62.06,0.1815,0.0,BTC-27DEC19-5000-P,5193.9,60.69,0.1795,15.0,0.187,17.0,63.1,15.95392,-2.03824,-19.25315,0.00015,-0.37915
5144.65,BTC-28JUN19,1556449145991,open,0.0,515.7,5e-08,5.34e-05,0.00097494,101.32,0.001,0.0,BTC-28JUN19-2000-P,5193.9,93.31,0.0005,42.0,0.0015,5.0,107.48,0.37743,-0.31411,-0.06315,1e-05,-0.00638
5140.1,BTC-27SEP19,1556449145991,open,0.02,647.0,0.00516383,0.03273931,0.02194409,72.22,0.0205,0.0,BTC-27SEP19-10000-C,5193.9,71.06,0.0205,4.8,0.023,15.0,73.05,6.47302,-1.53912,2.01033,8e-05,0.11594
5193.9,index_price,1556449145991,open,0.01,78.7,0.0008105,0.01656085,0.00512618,67.94,0.0045,0,BTC-31MAY19-7250-C,5193.9,66.19,0.0045,8.5,0.0055,0.9,68.94,1.91846,-1.98243,0.26868,0.00012,0.06256
5144.65,BTC-28JUN19,1556449145994,open,0.57,24.6,0.55639303,0.56768391,0.56356896,68.64,0.609,0.0,BTC-28JUN19-8000-P,5193.9,0.0,0.0005,0.4,0.0,0.0,0.0,2.9946,-1.68829,-12.76668,0.0001,-0.92432
5144.65,BTC-28JUN19,1556449145994,open,0.01,1307.5,0.00137957,0.01267045,0.00871265,68.91,0.008,0.0,BTC-28JUN19-8000-C,5193.9,67.67,0.008,14.6,0.009,10.1,69.39,3.02341,-1.71121,0.58281,0.0001,0.07664
5140.1,BTC-27SEP19,1556449146006,open,0.09,102.1,0.05857167,0.18301181,0.0877701,62.15,0.087,0.0,BTC-27DEC19-4000-P,5193.9,60.82,0.0845,12.0,0.0905,5.0,63.26,12.64422,-1.6179,-10.77263,0.00012,-0.22719
5140.1,BTC-27SEP19,1556449146024,open,0.08,43.0,0.03550798,0.18036388,0.07299343,64.9,0.076,0.0,BTC-27DEC19-8000-C,5193.9,64.0,0.0705,10.0,0.077,12.0,66.34,14.21226,-1.89891,7.21866,0.00012,0.28405
5140.1,BTC-27SEP19,1556449146028,open,0.03,324.8,0.01039264,0.04718422,0.02903371,69.17,0.032,0.0,BTC-27SEP19-9000-C,5193.9,68.48,0.028,5.0,0.03,30.0,69.81,7.76377,-1.76798,2.60781,0.0001,0.15096
5140.1,BTC-27SEP19,1556449146035,open,0.71,42.8,0.7081863,0.70894506,0.70940602,84.99,0.6235,0.0,BTC-27SEP19-1500-C,5193.9,0.0,0.1,0.1,0.8,1.0,248.88,0.55195,-0.15444,6.08988,1e-05,0.99414
5193.9,index_price,1556449146035,open,0.01,107.2,0.0021754,0.02090176,0.00643484,63.29,0.0075,0,BTC-31MAY19-4000-P,5193.9,60.9,0.0055,5.0,0.007,0.4,64.65,2.11066,-2.03165,-0.36119,0.00014,-0.07077
5140.1,BTC-27SEP19,1556449146035,open,0.32,11.2,0.27099932,0.43256014,0.31567208,63.81,0.2565,0.0,BTC-27DEC19-6000-P,5193.9,57.14,0.294,5.0,1.1695,0.2,500.0,16.71596,-2.1959,-28.40191,0.00015,-0.51472
5140.1,BTC-27SEP19,1556449146035,open,0.06,74.5,0.03086122,0.13358353,0.05487666,63.05,0.056,0.0,BTC-27DEC19-3500-P,5193.9,61.83,0.0525,12.0,0.057,5.0,64.12,10.10107,-1.31107,-7.26712,9e-05,-0.15759
5140.1,BTC-27SEP19,1556449146049,open,1.75,0.0,1.72519775,1.79102373,1.74615755,76.28,None,0.0,BTC-27DEC19-14000-P,5193.9,0.0,0.0005,0.2,0.0,0.0,0.0,7.19278,-1.1295,-90.611,5e-05,-0.90306
5144.64,BTC-28JUN19,1556449146051,open,0.0,564.8,0.00025084,0.00536797,0.00458858,72.97,0.0045,0.0,BTC-28JUN19-9000-C,5193.9,69.75,0.0035,77.0,0.0055,1.2,75.33,1.88441,-1.12941,0.32119,6e-05,0.04202
5144.64,BTC-28JUN19,1556449146051,open,0.06,152.1,0.03856448,0.09010014,0.05596428,57.04,0.0595,0.0,BTC-28JUN19-4750-P,5193.9,55.35,0.0535,17.0,0.058,17.0,58.42,7.54349,-3.53396,-3.25236,0.0003,-0.32308
5140.1,BTC-27SEP19,1556449146051,open,0.09,50.8,0.07661621,0.13482324,0.0898747,59.98,0.0785,0.0,BTC-27SEP19-4500-P,5193.9,58.91,0.0875,12.0,0.0925,3.0,61.16,11.45027,-2.26102,-8.24377,0.00017,-0.29557
5140.1,BTC-27SEP19,1556449146051,open,0.0,42.0,7.714e-05,0.01189076,0.00356543,78.91,0.002,0.0,BTC-27DEC19-1500-P,5193.9,74.49,0.0025,2.0,0.0045,15.0,82.16,1.37554,-0.22345,-0.55633,1e-05,-0.0127
5193.9,index_price,1556449146056,open,0.02,241.3,0.01263081,0.04714842,0.01984156,59.52,0.0235,0,BTC-31MAY19-4500-P,5193.9,57.84,0.0185,16.0,0.0205,0.4,60.34,4.17705,-3.78124,-0.96372,0.00029,-0.18616
5140.1,BTC-27SEP19,1556449146059,open,0.43,227.1,0.42329602,0.44593222,0.43240667,66.4,0.456,0.0,BTC-27SEP19-3000-C,5193.9,0.0,0.135,0.1,0.487,2.0,112.25,4.48125,-0.97959,10.62958,6e-05,0.9294
5144.64,BTC-28JUN19,1556449146068,open,0.0,405.2,0.0,3.104e-05,0.00050898,93.94,0.001,0.0,BTC-28JUN19-15000-C,5193.9,0.0,0.0,0.0,0.001,25.1,100.66,0.28736,-0.22173,0.03594,1e-05,0.0047
5140.1,BTC-27SEP19,1556449146068,open,0.02,13.8,0.00151533,0.06734131,0.02244864,76.26,0.024,0.0,BTC-27DEC19-14000-C,5193.9,74.46,0.02,17.0,0.0245,15.0,77.69,7.18833,-1.12852,2.54491,5e-05,0.09686
5144.64,BTC-28JUN19,1556449146092,open,1.14,5.7,1.1381547,1.13909006,1.14039877,83.66,1.142,0.0,BTC-28JUN19-11000-P,5193.9,0.0,0.0005,0.4,0.0,0.0,0.0,1.01785,-0.69939,-18.19369,3e-05,-0.97999
5144.64,BTC-28JUN19,1556449146102,open,0.0,871.5,0.0001991,0.00364965,0.00382771,75.67,0.0035,0.0,BTC-28JUN19-3000-P,5193.9,72.37,0.003,15.0,0.005,15.0,79.72,1.37931,-0.85729,-0.27939,4e-05,-0.02873
5140.1,BTC-27SEP19,1556449146113,open,0.1,736.0,0.08053708,0.1465943,0.09843864,61.15,0.095,0.0,BTC-27SEP19-6000-C,5193.9,59.78,0.095,19.0,0.101,0.6,62.16,12.97853,-2.61264,6.93549,0.00019,0.42271
5140.1,BTC-27SEP19,1556449146113,open,0.04,20.8,0.02932141,0.07172096,0.04139552,61.99,0.045,0.0,BTC-27SEP19-3750-P,5193.9,60.78,0.0395,12.0,0.0435,18.0,63.31,8.11494,-1.65598,-4.33836,0.00012,-0.16145
5193.9,index_price,1556449146113,open,0.12,58.5,0.10981662,0.15110819,0.11615487,56.5,0.1165,0,BTC-31MAY19-4750-C,5193.9,50.19,0.11,5.0,0.1135,0.1,53.8,5.15758,-4.43159,2.86993,0.00038,0.72963
5140.1,BTC-27SEP19,1556449146113,open,0.17,39.3,0.13450596,0.29376791,0.1736026,62.06,0.179,0.0,BTC-27DEC19-5500-C,5193.9,60.94,0.17,5.0,0.177,5.0,63.11,16.60852,-2.12177,12.78922,0.00015,0.54752
5144.64,BTC-28JUN19,1556449146126,open,1.34,10.0,1.33252587,1.33292073,1.33428469,88.53,1.243,0.0,BTC-28JUN19-12000-P,5193.9,0.0,0.0005,0.4,0.0,0.0,0.0,0.81015,-0.5891,-19.89759,2e-05,-0.98468
5144.64,BTC-28JUN19,1556449146126,open,0.13,117.0,0.11527344,0.1668091,0.13271652,57.07,0.137,0.0,BTC-28JUN19-4750-C,5193.9,55.21,0.13,14.0,0.1355,5.0,58.96,7.5439,-3.53598,4.66909,0.0003,0.67688
5144.64,BTC-28JUN19,1556449146128,open,0.0,681.3,7.23e-06,0.00065607,0.00184413,86.53,0.0015,0.0,BTC-28JUN19-2500-P,5193.9,79.23,0.001,40.0,0.003,19.2,93.62,0.71497,-0.50815,-0.12951,2e-05,-0.01325
5140.1,BTC-27SEP19,1556449146132,open,0.01,51.0,0.00087821,0.02947405,0.00741317,70.66,0.0095,0.0,BTC-27DEC19-2000-P,5193.9,66.6,0.0055,15.0,0.0095,18.0,74.49,2.61903,-0.38101,-1.17937,2e-05,-0.02707
5144.64,BTC-28JUN19,1556449146147,open,0.02,356.6,0.00941375,0.03102843,0.01863518,61.9,0.0185,0.0,BTC-28JUN19-4000-P,5193.9,61.16,0.018,50.0,0.019,10.1,62.32,4.46697,-2.27104,-1.28347,0.00016,-0.13095
5144.64,BTC-28JUN19,1556449146147,open,2.9,0.4,2.88754121,2.88754178,2.88744633,0.0,5.076,0.0,BTC-28JUN19-20000-P,5193.9,0.0,0.0005,0.2,0.0,0.0,0.0,0.0,0.0,-33.35654,0.0,-1.0
5140.1,BTC-27SEP19,1556449146147,open,0.47,0.0,0.42276112,0.57963195,0.46355834,63.81,None,0.0,BTC-27DEC19-7000-P,5193.9,0.0,0.001,0.5,0.0,0.0,0.0,15.82491,-2.07888,-37.41825,0.00014,-0.63045
5144.64,BTC-28JUN19,1556449146156,open,0.71,33.3,0.70843441,0.70843546,0.70868236,111.43,0.7165,0.0,BTC-28JUN19-1500-C,5193.9,0.0,0.007,0.1,0.0,0.0,0.0,0.11262,-0.10308,2.48535,0.0,0.99834
5193.9,index_price,1556449146156,open,0.05,105.9,0.04181887,0.0885639,0.04467359,53.98,0.044,0,BTC-10MAY19-5250-P,5193.9,53.04,0.044,15.0,0.049,15.0,60.0,3.73045,-8.47763,-0.96199,0.00079,-0.52458
5140.1,BTC-27SEP19,1556449146163,open,0.78,0.0,0.76133133,0.79812292,0.77983417,69.08,None,0.0,BTC-27SEP19-9000-P,5193.9,0.0,0.002,0.3,0.0,0.0,0.0,7.74806,-1.76207,-34.84784,0.0001,-0.8495
5140.1,BTC-27SEP19,1556449146163,open,0.21,290.4,0.20114686,0.25935389,0.21448029,60.01,0.205,0.0,BTC-27SEP19-4500-C,5193.9,52.57,0.198,3.0,0.2215,3.0,63.16,11.45079,-2.26239,10.47841,0.00017,0.7044
5144.64,BTC-28JUN19,1556449146169,open,1.73,1.3,1.72127888,1.72135056,1.72185598,89.86,2.415,0.0,BTC-28JUN19-14000-P,5193.9,0.0,0.0005,0.2,0.0,0.0,0.0,0.32918,-0.24295,-23.30758,1e-05,-0.99453
5193.9,index_price,1556449146169,open,0.14,75.7,0.13044891,0.1745899,0.13915452,58.44,0.1485,0,BTC-31MAY19-5750-P,5193.9,0.0,0.05,0.2,0.148,0.1,66.61,5.50902,-4.89627,-3.873,0.00039,-0.68873
5140.1,BTC-27SEP19,1556449146171,open,0.0,411.8,0.00022018,0.00416116,0.00369546,78.35,0.004,0.0,BTC-27SEP19-2000-P,5193.9,73.42,0.0025,15.0,0.005,2.5,82.73,1.39674,-0.36026,-0.44229,2e-05,-0.01698
157.38,ETH-28JUN19,1556449146172,open,0.15,5296.0,0.14647,0.235742,0.149609,61.9,0.164,0.0,ETH-28JUN19-170-P,155.77,59.71,0.146,108.0,0.154,108.0,64.69,0.25235,-0.1283,-0.1891,0.00987,-0.57092
5144.64,BTC-28JUN19,1556449146173,open,0.37,0.1,0.36856695,0.37758641,0.37384604,71.14,0.395,0.0,BTC-28JUN19-3250-C,5193.9,0.0,0.0035,0.2,0.0,0.0,0.0,1.88963,-1.10419,5.01083,6e-05,0.95783
5140.1,BTC-27SEP19,1556449146173,open,0.02,603.3,0.00694225,0.02957845,0.01600295,66.34,0.0185,0.0,BTC-27SEP19-3000-P,5193.9,64.58,0.0145,15.0,0.0175,6.0,68.03,4.4753,-0.97744,-1.84968,6e-05,-0.07048
5140.1,BTC-27SEP19,1556449146173,open,1.16,3.1,1.14260909,1.16293303,1.15673558,74.55,1.9215,0.0,BTC-27SEP19-11000-P,5193.9,0.0,0.002,0.3,0.0,0.0,0.0,5.37857,-1.32016,-44.20578,7e-05,-0.91013
5140.1,BTC-27SEP19,1556449146177,open,0.31,37.5,0.28037669,0.40481683,0.30956755,62.15,0.303,0.0,BTC-27DEC19-4000-C,5193.9,53.66,0.289,5.0,0.3265,5.0,68.98,12.64411,-1.61781,15.84427,0.00012,0.77281
5140.1,BTC-27SEP19,1556449146179,open,1.35,6.1,1.33587494,1.35072986,1.34850575,77.65,1.9095,0.0,BTC-27SEP19-12000-P,5193.9,0.0,0.012,0.1,0.0,0.0,0.0,4.67601,-1.19542,-48.63321,5e-05,-0.92537
5140.1,BTC-27SEP19,1556449146183,open,0.27,9.5,0.24782955,0.31388676,0.26566211,61.12,0.235,0.0,BTC-27SEP19-6000-P,5193.9,58.87,0.26,1.5,0.272,1.5,63.62,12.97786,-2.61134,-18.03111,0.00019,-0.57739
5193.9,index_price,1556449146183,open,0.15,15.2,0.14622984,0.18074745,0.15344059,59.52,0.132,0,BTC-31MAY19-4500-C,5193.9,31.28,0.136,5.0,0.1565,5.0,63.25,4.17705,-3.78124,3.08944,0.00029,0.81384
5140.1,BTC-27SEP19,1556449146183,open,0.45,0.0,0.42974694,0.50729456,0.44771519,64.53,None,0.0,BTC-27DEC19-3000-C,5193.9,0.0,0.1,10.0,0.0,0.0,0.0,7.3151,-0.97173,15.49703,6e-05,0.90081
5144.64,BTC-28JUN19,1556449146187,open,0.01,86.7,0.00271994,0.02449298,0.0118877,63.53,0.0105,0.0,BTC-28JUN19-3750-P,5193.9,62.15,0.011,15.0,0.013,10.0,65.19,3.37652,-1.7618,-0.8635,0.00012,-0.08875
5144.64,BTC-28JUN19,1556449146189,open,0.04,2302.4,0.02867744,0.06481865,0.04190959,59.6,0.042,0.0,BTC-28JUN19-6000-C,5193.9,58.61,0.0405,0.1,0.0425,12.0,60.01,7.35891,-3.60226,2.25699,0.00028,0.30495
5144.64,BTC-28JUN19,1556449146194,open,1.53,0.8,1.52690197,1.52706946,1.52815236,91.54,2.171,0.0,BTC-28JUN19-13000-P,5193.9,0.0,0.07,1.0,0.0,0.0,0.0,0.60537,-0.45518,-21.59865,1e-05,-0.98906
5144.64,BTC-28JUN19,1556449146216,open,0.42,43.8,0.41706792,0.42051847,0.4207566,75.9,0.433,0.0,BTC-28JUN19-3000-C,5193.9,0.0,0.004,0.2,0.0,0.0,0.0,1.39159,-0.86748,4.72093,4e-05,0.97096
5144.64,BTC-28JUN19,1556449146216,open,0.0,852.0,4.277e-05,0.00225122,0.00325217,79.14,0.002,0.0,BTC-28JUN19-10000-C,5193.9,73.78,0.002,15.8,0.0045,165.0,83.29,1.39253,-0.9052,0.22149,4e-05,0.02907
5193.9,index_price,1556449146216,open,0.01,164.2,0.00278585,0.02698848,0.0077288,62.23,0.0075,0,BTC-31MAY19-6750-C,5193.9,59.71,0.0065,20.4,0.009,25.0,64.64,2.63737,-2.49611,0.4089,0.00017,0.09513
5193.9,index_price,1556449146216,open,0.28,0.0,0.27867475,0.29064138,0.28124115,64.97,None,0,BTC-31MAY19-3750-C,5193.9,0.0,0.1,30.0,0.0,0.0,0.0,1.30271,-1.28715,3.18226,8e-05,0.96148
5140.1,BTC-27SEP19,1556449146216,open,0.13,47.4,0.07960547,0.24009,0.12280466,63.81,0.117,0.0,BTC-27DEC19-6500-C,5193.9,61.99,0.117,20.0,0.124,9.0,64.18,16.42587,-2.15767,10.31442,0.00015,0.42437
5193.9,index_price,1556449146219,open,0.22,0.0,0.21193644,0.24651361,0.21817812,59.06,None,0,BTC-31MAY19-6250-P,5193.9,0.0,0.0005,0.3,0.0,0.0,0.0,3.93913,-3.53839,-4.90525,0.00027,-0.83036
155.77,index_price,1556449146241,open,0.0,0.0,2.6e-05,0.011108,0.004071,86.45,None,0,ETH-10MAY19-200-C,155.77,75.43,0.002,400.0,0.006,300.0,94.16,0.03505,-0.12757,0.00302,0.00514,0.06365
157.38,ETH-28JUN19,1556449146252,open,0.2,4550.0,0.191593,0.278779,0.196825,63.42,0.22,0.0,ETH-28JUN19-180-P,155.77,60.27,0.192,108.0,0.201,108.0,66.24,0.23772,-0.12382,-0.22261,0.00907,-0.65137
155.77,index_price,1556449146269,open,0.0,267.0,3e-06,0.004046,0.001402,88.02,0.004,0,ETH-3MAY19-130-P,155.77,82.92,0.001,5.0,0.002,300.0,94.23,0.0135,-0.12184,-0.00073,0.00473,-0.03374
5193.9,index_price,1556449146403,open,0.09,9.0,0.08591454,0.10273737,0.0890781,62.61,0.0815,0,BTC-3MAY19-4750-C,5193.9,0.0,0.085,5.0,0.089,5.0,62.23,1.06799,-6.85685,0.56131,0.00047,0.89811
155.77,index_price,1556449146490,open,0.29,0.0,0.283971,0.295052,0.288015,86.45,None,0,ETH-10MAY19-200-P,155.77,0.0,0.0,0.0,0.378,2.0,253.67,0.03505,-0.12757,-0.06205,0.00514,-0.93635
5140.1,BTC-27SEP19,1556449146495,open,0.04,933.4,0.02086379,0.06849623,0.04021796,65.87,0.041,0.0,BTC-27SEP19-8000-C,5193.9,64.64,0.038,12.0,0.042,12.0,66.83,9.38407,-2.03509,3.49549,0.00013,0.20367
5193.9,index_price,1556449146521,open,0.09,0.0,0.09277649,0.12900007,0.095831,56.84,None,0,BTC-10MAY19-4750-C,5193.9,41.4,0.0895,5.0,0.0945,5.0,53.95,2.44189,-5.84362,1.227,0.00049,0.82191
155.77,index_price,1556449146521,open,0.0,251.0,0.000363,0.013489,0.00369,71.82,0.004,0,ETH-3MAY19-140-P,155.77,61.74,0.002,300.0,0.005,300.0,78.23,0.02976,-0.21922,-0.002,0.01279,-0.0922
5193.9,index_price,1556449146542,open,0.0,208.9,0.00044889,0.01727172,0.00361246,62.61,0.005,0,BTC-3MAY19-4750-P,5193.9,56.76,0.0025,25.0,0.0045,25.0,66.72,1.06799,-6.85685,-0.0732,0.00047,-0.10189
157.4,ETH-28JUN19,1556449146647,open,0.67,0.0,0.654176,0.695114,0.662704,79.44,None,0.0,ETH-28JUN19-260-P,155.76,0.0,0.0,0.0,0.0,0.0,0.0,0.09829,-0.06413,-0.41469,0.00299,-0.91696
157.4,ETH-28JUN19,1556449146647,open,0.54,1719.0,0.529997,0.582233,0.539216,74.97,0.528,0.0,ETH-28JUN19-240-P,155.76,0.0,0.005,25.0,0.54,1.0,75.98,0.12115,-0.0746,-0.3751,0.00391,-0.88964
158.54,ETH-27SEP19,1556449146647,open,0.5,0.0,0.499596,0.523446,0.503234,68.02,None,0.0,ETH-27SEP19-80-C,155.76,0.0,0.0,0.0,0.0,0.0,0.0,0.08395,-0.0188,0.30285,0.00118,0.96232
158.54,ETH-27SEP19,1556449146647,open,0.01,312.0,0.000824,0.019588,0.012632,87.36,0.014,0.0,ETH-27SEP19-440-C,155.76,86.56,0.012,180.0,0.013,5.0,87.82,0.12664,-0.03642,0.03326,0.00139,0.06305
158.54,ETH-27SEP19,1556449146647,open,2.05,0.0,2.028036,2.04203,2.039938,92.38,None,0.0,ETH-27SEP19-480-P,155.76,0.0,0.0,0.0,0.0,0.0,0.0,0.12062,-0.03668,-1.96631,0.00125,-0.94075
158.54,ETH-27SEP19,1556449146647,open,0.02,185.0,0.003527,0.037488,0.018714,80.58,0.02,0.0,ETH-27SEP19-360-C,155.76,77.97,0.016,240.0,0.021,240.0,82.64,0.17121,-0.04542,0.04952,0.00203,0.09378
157.4,ETH-28JUN19,1556449146647,open,0.49,0.0,0.491891,0.502732,0.493632,81.97,None,0.0,ETH-28JUN19-80-C,155.76,0.0,0.002,1.0,0.0,0.0,0.0,0.02336,-0.01573,0.12918,0.00069,0.9857
158.53,ETH-27SEP19,1556449146647,open,0.02,1291.0,0.017364,0.061929,0.021663,64.16,0.023,0.0,ETH-27SEP19-100-P,155.76,62.59,0.02,180.0,0.024,240.0,66.29,0.17066,-0.03605,-0.07589,0.00254,-0.09338
157.4,ETH-28JUN19,1556449146647,open,0.07,1350.0,0.066328,0.155602,0.069421,61.93,0.077,0.0,ETH-28JUN19-170-C,155.76,59.8,0.066,108.0,0.072,108.0,63.54,0.25241,-0.12839,0.09449,0.00986,0.42936
157.4,ETH-28JUN19,1556449146647,open,1.3,0.0,1.287201,1.298098,1.292517,101.68,None,0.0,ETH-28JUN19-360-P,155.76,0.0,0.0,0.0,0.0,0.0,0.0,0.05216,-0.04356,-0.59207,0.00124,-0.96285
157.4,ETH-28JUN19,1556449146647,open,0.01,1315.0,0.001024,0.032662,0.008619,83.83,0.02,0.0,ETH-28JUN19-280-C,155.76,80.53,0.007,60.0,0.01,240.0,86.38,0.08185,-0.05636,0.01489,0.00236,0.06536
158.54,ETH-27SEP19,1556449146647,open,0.05,383.0,0.034156,0.109164,0.049175,68.03,0.053,0.0,ETH-27SEP19-240-C,155.76,66.41,0.046,204.0,0.052,144.0,69.45,0.31361,-0.07024,0.122,0.00441,0.23411
157.4,ETH-28JUN19,1556449146647,open,0.08,4891.0,0.073535,0.158718,0.075044,60.97,0.078,0.0,ETH-28JUN19-150-P,155.76,58.36,0.071,144.0,0.076,3.0,61.59,0.24381,-0.1221,-0.11822,0.00968,-0.37528
157.4,ETH-28JUN19,1556449146647,open,0.01,2535.0,0.002434,0.032699,0.005376,69.87,0.008,0.0,ETH-28JUN19-100-P,155.76,62.29,0.003,360.0,0.008,60.0,76.36,0.05719,-0.03282,-0.01233,0.00198,-0.04161
157.4,ETH-28JUN19,1556449146647,open,0.92,0.0,0.906416,0.930694,0.913814,89.65,None,0.0,ETH-28JUN19-300-P,155.76,0.0,0.0,0.0,0.0,0.0,0.0,0.07377,-0.05432,-0.48739,0.00199,-0.94278
158.53,ETH-27SEP19,1556449146647,open,0.01,481.0,0.000408,0.014399,0.01212,92.13,0.011,0.0,ETH-27SEP19-480-C,155.76,89.15,0.01,240.0,0.014,240.0,94.52,0.1195,-0.03625,0.03063,0.00124,0.05855
158.53,ETH-27SEP19,1556449146647,open,0.06,386.0,0.049878,0.131955,0.063913,66.53,0.066,0.0,ETH-27SEP19-220-C,155.76,64.29,0.059,148.0,0.066,204.0,67.47,0.35089,-0.07686,0.15013,0.00504,0.29151
158.53,ETH-27SEP19,1556449146647,open,0.15,136.0,0.149564,0.237207,0.153099,61.39,0.156,0.0,ETH-27SEP19-160-C,155.76,59.78,0.149,108.0,0.158,168.0,63.33,0.40178,-0.08121,0.27457,0.00626,0.56934
158.53,ETH-27SEP19,1556449146647,open,1.17,0.0,1.149823,1.189127,1.165755,78.62,None,0.0,ETH-27SEP19-340-P,155.76,0.0,0.0,0.0,1.182,1.0,90.54,0.18657,-0.04829,-1.35904,0.00227,-0.89451
158.53,ETH-27SEP19,1556449146647,open,0.02,998.0,0.002436,0.031724,0.01718,82.83,0.02,0.0,ETH-27SEP19-380-C,155.76,80.59,0.015,240.0,0.019,180.0,84.58,0.1598,-0.04357,0.04505,0.00184,0.08548
157.4,ETH-28JUN19,1556449146647,open,0.01,330.0,0.000191,0.01877,0.006567,93.39,0.009,0.0,ETH-28JUN19-320-C,155.76,89.19,0.005,60.0,0.008,240.0,96.73,0.06363,-0.04881,0.01074,0.00165,0.0475
157.4,ETH-28JUN19,1556449146647,open,0.02,1837.0,0.014403,0.070672,0.01585,61.86,0.017,0.0,ETH-28JUN19-120-P,155.76,59.47,0.014,680.0,0.018,240.0,64.51,0.12479,-0.0634,-0.03436,0.00488,-0.11502
158.53,ETH-27SEP19,1556449146647,open,1.8,0.0,1.776324,1.795084,1.788132,87.36,None,0.0,ETH-27SEP19-440-P,155.76,0.0,0.0,0.0,0.0,0.0,0.0,0.12662,-0.03642,-1.79757,0.00139,-0.93695
157.4,ETH-28JUN19,1556449146647,open,0.01,1015.0,0.000444,0.024722,0.0076,89.13,0.01,0.0,ETH-28JUN19-300-C,155.76,87.8,0.007,333.0,0.008,180.0,89.99,0.07245,-0.05304,0.01269,0.00197,0.05592
157.4,ETH-28JUN19,1556449146647,open,0.79,0.0,0.779931,0.811569,0.787752,84.26,None,0.0,ETH-28JUN19-280-P,155.76,0.0,0.0,0.0,0.0,0.0,0.0,0.08303,-0.05746,-0.45184,0.00238,-0.93342
157.4,ETH-28JUN19,1556449146647,open,0.0,1501.0,0.00015,0.010992,0.001956,82.4,0.004,0.0,ETH-28JUN19-80-P,155.76,74.71,0.001,1999.0,0.003,180.0,88.4,0.02386,-0.01615,-0.00436,0.0007,-0.01466
158.53,ETH-27SEP19,1556449146647,open,0.25,4226.0,0.240173,0.330038,0.246376,62.43,0.234,0.0,ETH-27SEP19-180-P,155.76,60.32,0.241,108.0,0.252,108.0,64.63,0.40532,-0.0833,-0.52229,0.00621,-0.5454
157.4,ETH-28JUN19,1556449146647,open,0.0,2437.0,0.0,0.001849,0.00125,109.99,0.002,0.0,ETH-28JUN19-500-C,155.76,107.38,0.001,190.0,0.004,180.0,126.77,0.01627,-0.0147,0.00215,0.00036,0.00942
155.76,index_price,1556449146647,open,0.0,0.0,0.0,0.000823,0.000821,109.96,None,0,ETH-3MAY19-120-P,155.76,0.0,0.0,0.0,0.002,300.0,127.66,0.00766,-0.08636,-0.00037,0.00215,-0.01718
158.53,ETH-27SEP19,1556449146647,open,0.29,147.0,0.289099,0.353605,0.291893,61.64,0.283,0.0,ETH-27SEP19-120-C,155.76,0.0,0.0,0.0,0.0,0.0,0.0,0.27231,-0.05526,0.34553,0.00422,0.81571
158.53,ETH-27SEP19,1556449146647,open,0.92,1.0,0.903273,0.955397,0.920008,74.35,1.018,0.0,ETH-27SEP19-300-P,155.76,0.0,0.0,0.0,0.946,2.0,90.09,0.22521,-0.05513,-1.17559,0.0029,-0.86216
157.4,ETH-28JUN19,1556449146648,open,0.3,1941.0,0.294549,0.372291,0.302742,66.9,0.237,0.0,ETH-28JUN19-200-P,155.76,0.0,0.063,25.0,0.314,1.0,75.6,0.19501,-0.10716,-0.28171,0.00705,-0.77037
158.53,ETH-27SEP19,1556449146648,open,0.01,1620.0,0.004202,0.028057,0.00787,68.08,0.011,0.0,ETH-27SEP19-80-P,155.76,64.3,0.006,180.0,0.01,180.0,71.85,0.08412,-0.01885,-0.03011,0.00118,-0.03778
157.4,ETH-28JUN19,1556449146647,open,0.43,0.0,0.428921,0.448163,0.430576,71.68,None,0.0,ETH-28JUN19-90-C,155.76,0.0,0.002,1.0,0.0,0.0,0.0,0.03099,-0.01825,0.14426,0.00105,0.9801
157.4,ETH-28JUN19,1556449146647,open,2.18,0.0,2.17662,2.178469,2.178273,113.51,None,0.0,ETH-28JUN19-500-P,155.76,0.0,0.0,0.0,0.0,0.0,0.0,0.01988,-0.01853,-0.83123,0.00042,-0.98814
158.53,ETH-27SEP19,1556449146648,open,0.0,174.0,0.000455,0.008759,0.001251,68.09,0.003,0.0,ETH-27SEP19-60-P,155.76,66.07,0.001,1946.0,0.0,0.0,0.0,0.02121,-0.00475,-0.00578,0.0003,-0.00751
157.4,ETH-28JUN19,1556449146648,open,0.16,369.0,0.15766,0.235988,0.158865,60.88,0.152,0.0,ETH-28JUN19-140-C,155.76,57.3,0.154,36.0,0.162,36.0,63.17,0.21478,-0.10741,0.14842,0.00854,0.72423
157.4,ETH-28JUN19,1556449146648,open,0.0,512.0,6e-06,0.00646,0.004029,107.04,0.007,0.0,ETH-28JUN19-400-C,155.76,97.39,0.002,190.0,0.006,180.0,113.66,0.04099,-0.03603,0.00623,0.00093,0.02775
157.4,ETH-28JUN19,1556449146648,open,0.0,1785.0,0.000712,0.019954,0.00244,72.05,0.004,0.0,ETH-28JUN19-90-P,155.76,62.82,0.001,180.0,0.004,180.0,78.71,0.03156,-0.01868,-0.00598,0.00106,-0.02033
157.4,ETH-28JUN19,1556449146648,open,0.03,2182.0,0.023901,0.101643,0.031933,66.77,0.031,0.0,ETH-28JUN19-200-C,155.76,65.2,0.03,5.0,0.033,60.0,67.63,0.19473,-0.10679,0.05174,0.00706,0.22903
158.53,ETH-27SEP19,1556449146648,open,0.03,496.0,0.010887,0.063011,0.027622,74.35,0.028,0.0,ETH-27SEP19-300-C,155.76,72.47,0.025,240.0,0.03,180.0,76.0,0.22521,-0.05513,0.0727,0.0029,0.13784
157.4,ETH-28JUN19,1556449146648,open,0.01,1554.0,0.005219,0.057456,0.014244,74.72,0.015,0.0,ETH-28JUN19-240-C,155.76,71.67,0.012,180.0,0.016,240.0,76.96,0.12038,-0.07388,0.02498,0.0039,0.10938
158.53,ETH-27SEP19,1556449146648,open,0.11,293.0,0.104742,0.194606,0.110944,62.43,0.116,0.0,ETH-27SEP19-180-C,155.76,60.89,0.107,108.0,0.115,60.0,64.01,0.40532,-0.0833,0.22669,0.00621,0.4546
155.76,index_price,1556449146647,open,0.11,20.0,0.097499,0.136223,0.110168,69.47,0.122,0,ETH-10MAY19-170-P,155.76,58.5,0.104,60.0,0.114,60.0,75.86,0.0916,-0.26792,-0.04295,0.0167,-0.73743
157.4,ETH-28JUN19,1556449146648,open,0.37,0.0,0.36711,0.397375,0.369972,69.65,None,0.0,ETH-28JUN19-100-C,155.76,0.0,0.006,5.0,0.0,0.0,0.0,0.05674,-0.03246,0.15458,0.00197,0.9588
158.53,ETH-27SEP19,1556449146648,open,0.02,482.0,0.005118,0.044423,0.02105,78.62,0.023,0.0,ETH-27SEP19-340-C,155.76,76.83,0.019,180.0,0.024,240.0,81.05,0.18657,-0.04829,0.0557,0.00227,0.10549
157.4,ETH-28JUN19,1556449146648,open,0.2,401.0,0.201657,0.270094,0.203201,61.41,0.197,0.0,ETH-28JUN19-130-C,155.76,56.56,0.198,36.0,0.206,36.0,63.93,0.17289,-0.08721,0.16001,0.00681,0.81272
158.53,ETH-27SEP19,1556449146648,open,0.35,1593.0,0.334134,0.421615,0.34847,65.96,0.284,0.0,ETH-27SEP19-200-P,155.76,48.99,0.309,60.0,0.4,60.0,86.55,0.38591,-0.08381,-0.64581,0.00559,-0.63056
158.53,ETH-27SEP19,1556449146648,open,0.02,255.0,0.007455,0.05282,0.023756,76.39,0.037,0.0,ETH-27SEP19-320-C,155.76,75.8,0.023,2.0,0.024,4.0,76.58,0.20362,-0.05121,0.06297,0.00255,0.11921
157.4,ETH-28JUN19,1556449146648,open,0.05,2373.0,0.047901,0.135095,0.053097,63.46,0.053,0.0,ETH-28JUN19-180-C,155.76,61.41,0.05,146.0,0.056,144.0,65.38,0.23784,-0.12398,0.07767,0.00907,0.34898
158.53,ETH-27SEP19,1556449146648,open,0.62,0.0,0.621978,0.630282,0.622773,68.09,0.01,0.0,ETH-27SEP19-60-C,155.76,0.0,0.0,0.0,0.0,0.0,0.0,0.02121,-0.00475,0.24388,0.0003,0.99249
155.76,index_price,1556449146647,open,0.16,173.0,0.155669,0.164313,0.158128,79.96,0.192,0,ETH-3MAY19-180-P,155.76,0.0,0.155,60.0,0.16,60.0,91.02,0.02266,-0.18579,-0.02276,0.00874,-0.93561
157.4,ETH-28JUN19,1556449146648,open,1.04,0.0,1.033228,1.051807,1.039862,94.02,None,0.0,ETH-28JUN19-320-P,155.76,0.0,0.0,0.0,0.0,0.0,0.0,0.0651,-0.05028,-0.52267,0.00168,-0.95112
157.4,ETH-28JUN19,1556449146648,open,0.01,417.0,3.5e-05,0.010932,0.00506,100.79,0.005,0.0,ETH-28JUN19-360-C,155.76,97.22,0.004,60.0,0.006,180.0,103.57,0.05037,-0.04169,0.00802,0.00121,0.0356
157.39,ETH-28JUN19,1556449146649,open,0.05,5209.0,0.047134,0.12547,0.048432,60.95,0.045,0.0,ETH-28JUN19-140-P,155.76,59.17,0.046,500.0,0.05,144.0,62.1,0.21485,-0.10756,-0.08516,0.00853,-0.27598
158.53,ETH-27SEP19,1556449146649,open,0.57,142.0,0.548055,0.623057,0.563084,68.04,0.527,0.0,ETH-27SEP19-240-P,155.76,0.0,0.052,15.0,0.612,1.0,90.35,0.31358,-0.07024,-0.87665,0.00441,-0.7659
157.39,ETH-28JUN19,1556449146649,open,0.12,539.0,0.120517,0.205705,0.121937,60.92,0.125,0.0,ETH-28JUN19-150-C,155.76,58.37,0.118,1.0,0.124,108.0,62.25,0.24381,-0.12199,0.13196,0.00969,0.62464
158.53,ETH-27SEP19,1556449146649,open,1.05,1.0,1.026001,1.071365,1.042301,76.39,0.93,0.0,ETH-27SEP19-320-P,155.76,0.0,0.0,0.0,1.063,1.0,90.22,0.20362,-0.05121,-1.26854,0.00255,-0.88079
158.53,ETH-27SEP19,1556449146649,open,1.42,1.0,1.399459,1.428747,1.414203,82.83,1.285,0.0,ETH-27SEP19-380-P,155.76,0.0,0.0,0.0,0.0,0.0,0.0,0.1598,-0.04357,-1.53612,0.00184,-0.91452
158.53,ETH-27SEP19,1556449146649,open,1.55,0.0,1.524872,1.550115,1.539347,85.23,None,0.0,ETH-27SEP19-400-P,155.76,0.0,0.0,0.0,0.0,0.0,0.0,0.1513,-0.04245,-1.62262,0.0017,-0.92051
157.39,ETH-28JUN19,1556449146649,open,1.55,0.0,1.541464,1.547915,1.545648,107.66,None,0.0,ETH-28JUN19-400-P,155.76,0.0,0.0,0.0,0.0,0.0,0.0,0.04204,-0.03718,-0.66072,0.00095,-0.97139
157.39,ETH-28JUN19,1556449146649,open,0.01,2193.0,0.006508,0.049572,0.009786,66.37,0.012,0.0,ETH-28JUN19-110-P,155.76,61.04,0.007,70.0,0.013,60.0,71.71,0.08868,-0.04834,-0.02161,0.00323,-0.07252
155.76,index_price,1556449146647,open,0.23,0.0,0.229597,0.237245,0.231553,81.56,None,0,ETH-10MAY19-120-C,155.76,0.0,0.0,0.0,0.308,3.0,269.4,0.02038,-0.06998,0.0373,0.00317,0.96759
155.76,index_price,1556449146647,open,0.01,1359.0,0.001038,0.01934,0.006357,71.27,0.007,0,ETH-3MAY19-170-C,155.76,66.09,0.005,240.0,0.008,240.0,77.02,0.04265,-0.3117,0.00306,0.01847,0.15365
157.39,ETH-28JUN19,1556449146649,open,0.31,10.0,0.307607,0.350671,0.31084,66.29,0.265,0.0,ETH-28JUN19-110-C,155.76,0.0,0.002,8.0,0.0,0.0,0.0,0.0885,-0.04818,0.16192,0.00323,0.92767
158.53,ETH-27SEP19,1556449146649,open,0.45,745.0,0.437628,0.519705,0.451663,66.53,0.38,0.0,ETH-27SEP19-220-P,155.76,41.16,0.404,60.0,0.505,60.0,89.1,0.35089,-0.07686,-0.76528,0.00504,-0.70849
155.76,index_price,1556449146647,open,0.1,187.0,0.09246,0.110763,0.09771,71.01,0.1,0,ETH-3MAY19-170-P,155.76,60.01,0.095,60.0,0.1,60.0,78.94,0.04248,-0.30931,-0.01966,0.01846,-0.84729
155.76,index_price,1556449146647,open,0.02,3.0,0.006076,0.0448,0.018816,69.59,0.016,0,ETH-10MAY19-170-C,155.76,64.72,0.016,240.0,0.022,20.0,74.91,0.09167,-0.2686,0.01237,0.01669,0.263
155.76,index_price,1556449146647,open,0.0,1293.0,4.5e-05,0.008689,0.002578,80.46,0.002,0,ETH-3MAY19-180-C,155.76,76.29,0.002,100.0,0.003,7.0,83.21,0.02301,-0.18986,0.00131,0.00882,0.06567
158.53,ETH-27SEP19,1556449146650,open,0.09,834.0,0.072544,0.160024,0.086879,65.96,0.082,0.0,ETH-27SEP19-200-C,155.76,63.12,0.08,10.0,0.086,144.0,65.6,0.38591,-0.08381,0.18639,0.00559,0.36944
158.53,ETH-27SEP19,1556449146650,open,0.03,356.0,0.015929,0.07542,0.03274,72.27,0.049,0.0,ETH-27SEP19-280-C,155.76,70.51,0.03,145.0,0.035,144.0,73.68,0.25065,-0.05964,0.08514,0.00332,0.16181
155.76,index_price,1556449146647,open,0.07,36.0,0.048203,0.094443,0.06373,67.11,0.066,0,ETH-10MAY19-160-P,155.76,59.02,0.058,180.0,0.068,181.0,73.11,0.11064,-0.31261,-0.03182,0.02088,-0.56408
157.39,ETH-28JUN19,1556449146650,open,0.25,25.0,0.251973,0.308252,0.253364,61.79,0.315,0.0,ETH-28JUN19-120-C,155.76,0.0,0.002,10.0,0.0,0.0,0.0,0.12465,-0.06326,0.16584,0.00488,0.88514
5145.0,BTC-28JUN19,1556449146650,open,0.47,0.0,0.45936316,0.48183409,0.46926885,65.51,None,0.0,BTC-28JUN19-7500-P,5194.26,0.0,0.0,0.0,0.0,0.0,0.0,3.71842,-2.00062,-11.73978,0.00013,-0.89885
5145.0,BTC-28JUN19,1556449146650,open,0.01,0.0,0.00163721,0.02410815,0.01144957,65.38,None,0.0,BTC-28JUN19-7500-C,5194.26,63.3,0.01,25.0,0.0125,15.0,66.81,3.70396,-1.98891,0.7651,0.00013,0.10061
155.76,index_price,1556449146647,open,0.02,847.0,0.006993,0.033424,0.015069,66.32,0.018,0,ETH-3MAY19-150-P,155.76,58.54,0.012,240.0,0.017,240.0,71.1,0.06241,-0.42447,-0.00652,0.02904,-0.29809
155.76,index_price,1556449146647,open,0.0,3.0,1.3e-05,0.007661,0.001919,81.18,0.001,0,ETH-10MAY19-120-P,155.76,0.0,0.0,0.0,0.004,300.0,94.08,0.02008,-0.06864,-0.00171,0.00313,-0.03184
155.76,index_price,1556449146647,open,0.02,725.0,0.010161,0.038905,0.01912,66.0,0.021,0,ETH-3MAY19-160-C,155.76,61.15,0.017,240.0,0.022,240.0,72.53,0.06837,-0.46273,0.00744,0.03196,0.37679
155.76,index_price,1556449146647,open,0.0,581.0,0.0,5.5e-05,0.000152,110.02,0.001,0,ETH-3MAY19-220-C,155.76,0.0,0.0,0.0,0.002,350.0,152.79,0.00213,-0.02366,8e-05,0.0006,0.004
155.76,index_price,1556449146647,open,0.05,78.0,0.043973,0.070404,0.052111,66.48,0.052,0,ETH-3MAY19-150-C,155.76,63.69,0.051,15.0,0.055,60.0,73.6,0.06245,-0.4257,0.01351,0.02899,0.70155
5194.26,index_price,1556449146649,open,0.07,83.6,0.06133256,0.08679138,0.06483093,53.07,0.0665,0,BTC-3MAY19-5500-P,5194.26,53.62,0.065,5.0,0.069,5.0,65.56,1.59492,-8.68061,-0.61144,0.00083,-0.8164
5194.26,index_price,1556449146649,open,0.01,366.8,0.00522025,0.03325347,0.00914317,51.3,0.0125,0,BTC-3MAY19-5000-P,5194.26,53.61,0.01,1.0,0.0115,28.4,57.56,1.91026,-10.04927,-0.18024,0.00103,-0.25062
5194.26,index_price,1556449146649,open,0.0,10.2,0.00037132,0.01657726,0.00164367,63.33,0.003,0,BTC-10MAY19-4250-P,5194.26,58.02,0.001,25.0,0.0025,4.9,68.78,0.72207,-1.92544,-0.06174,0.00013,-0.03489
155.76,index_price,1556449146647,open,0.0,0.0,0.0,0.002666,0.001443,98.83,None,0,ETH-10MAY19-110-P,155.76,0.0,0.0,0.0,0.003,300.0,112.49,0.01398,-0.05817,-0.00112,0.00179,-0.02066
5194.26,index_price,1556449146649,open,0.0,171.1,6e-08,0.00280956,0.0006881,85.3,0.001,0,BTC-3MAY19-4250-P,5194.26,0.0,0.0,0.0,0.0015,26.0,97.19,0.27279,-2.38615,-0.01336,9e-05,-0.01856
155.76,index_price,1556449146647,open,0.29,0.0,0.293785,0.296452,0.295274,99.33,None,0,ETH-10MAY19-110-C,155.76,0.0,0.0,0.0,0.385,2.0,343.65,0.01425,-0.05959,0.03464,0.00182,0.97887
155.76,index_price,1556449146647,open,0.41,0.0,0.412429,0.412484,0.412491,100.99,None,0,ETH-3MAY19-220-P,155.76,0.0,0.0,0.0,0.529,1.0,500.0,0.00107,-0.01109,-0.02935,0.00033,-0.99813
5194.26,index_price,1556449146650,open,0.04,40.3,0.04261922,0.07065245,0.04647542,51.12,0.0485,0,BTC-3MAY19-5000-C,5194.26,42.68,0.0435,5.0,0.047,5.0,52.54,1.90746,-9.99902,0.48819,0.00104,0.75007
5194.26,index_price,1556449146649,open,0.26,0.0,0.25138134,0.25360036,0.25236462,95.83,None,0,BTC-3MAY19-6500-P,5194.26,0.0,0.001,1000.0,0.3275,0.2,338.05,0.3445,-3.38555,-0.85198,0.0001,-0.97554
5194.26,index_price,1556449146649,open,0.0,208.0,0.00023857,0.016074,0.00259563,61.68,0.0025,0,BTC-3MAY19-5750-C,5194.26,54.57,0.0015,25.0,0.0035,25.0,66.46,0.91113,-5.76282,0.05525,0.00041,0.08222
5194.26,index_price,1556449146649,open,0.01,401.1,0.00247144,0.02793025,0.00589641,52.83,0.0045,0,BTC-3MAY19-5500-C,5194.26,48.07,0.0045,20.0,0.007,20.0,56.34,1.58864,-8.60741,0.1225,0.00083,0.18244
5194.26,index_price,1556449146651,open,0.16,0.0,0.15737814,0.18713858,0.16091392,62.6,None,0,BTC-10MAY19-6000-P,5194.26,0.0,0.0,0.0,0.218,0.2,162.69,1.7744,-4.67651,-1.77419,0.00032,-0.8889
5194.26,index_price,1556449146649,open,0.0,100.0,0.00073023,0.02311392,0.00297171,64.23,0.003,0,BTC-10MAY19-6250-C,5194.26,61.99,0.0025,1.5,0.0035,5.5,66.53,1.14367,-3.09299,0.09959,0.0002,0.0619
5194.26,index_price,1556449146649,open,0.08,0.5,0.07365515,0.11766739,0.07745604,56.15,0.1,0,BTC-10MAY19-5500-P,5194.26,55.42,0.077,5.0,0.0825,5.0,63.99,3.2751,-7.74206,-1.30784,0.00066,-0.69641
5194.26,index_price,1556449146649,open,0.03,81.7,0.03017919,0.0595674,0.03045843,50.63,0.0255,0,BTC-3MAY19-5125-C,5194.26,42.83,0.027,15.0,0.0305,15.0,50.72,2.3162,-12.02504,0.3966,0.00127,0.60206
5194.26,index_price,1556449146650,open,0.01,138.5,0.00385813,0.02635511,0.00583292,57.46,0.0055,0,BTC-3MAY19-4875-P,5194.26,54.45,0.005,20.0,0.007,20.0,61.47,1.46962,-8.66038,-0.1161,0.00071,-0.1615
5194.26,index_price,1556449146650,open,0.09,6.2,0.08523664,0.10625161,0.08667817,56.91,0.09,0,BTC-3MAY19-5625-P,5194.26,58.29,0.087,5.0,0.091,5.0,72.85,1.19632,-6.9822,-0.67118,0.00058,-0.88065
155.76,index_price,1556449146647,open,0.05,487.0,0.037382,0.066126,0.046275,65.85,0.051,0,ETH-3MAY19-160-P,155.76,58.33,0.043,180.0,0.049,180.0,72.03,0.06835,-0.46155,-0.01394,0.03203,-0.62355
5194.26,index_price,1556449146650,open,0.02,209.1,0.0136671,0.04577098,0.01841953,50.47,0.0165,0,BTC-3MAY19-5250-C,5194.26,44.05,0.0155,15.0,0.0185,15.3,50.65,2.36684,-12.25111,0.29174,0.0013,0.43888
5194.26,index_price,1556449146650,open,0.01,127.0,0.00616673,0.04372592,0.00905605,56.68,0.011,0,BTC-10MAY19-5750-C,5194.26,53.2,0.0075,20.0,0.0105,26.0,59.74,2.39617,-5.71865,0.2768,0.00048,0.17284
5194.26,index_price,1556449146650,open,0.21,0.0,0.20325164,0.20776608,0.20414778,80.56,None,0,BTC-3MAY19-6250-P,5194.26,0.0,0.001,10.0,0.2655,0.1,280.02,0.36431,-3.00964,-0.81736,0.00013,-0.97385
5194.26,index_price,1556449146650,open,0.06,10.0,0.05709833,0.10112061,0.05963756,53.91,0.046,0,BTC-10MAY19-5000-C,5194.26,45.15,0.054,15.0,0.059,15.0,52.93,3.39207,-7.69939,1.03193,0.00072,0.67024
5194.26,index_price,1556449146650,open,0.01,2.8,0.00729993,0.04351086,0.01036535,56.87,0.012,0,BTC-10MAY19-4750-P,5194.26,53.9,0.009,20.0,0.012,20.0,60.27,2.44144,-5.8454,-0.31837,0.00049,-0.17802
5194.26,index_price,1556449146651,open,0.02,32.5,0.01479402,0.05880627,0.01852152,56.03,0.0145,0,BTC-10MAY19-5500-C,5194.26,49.51,0.0145,20.0,0.017,0.2,53.6,3.27295,-7.72093,0.48102,0.00067,0.30314
157.39,ETH-28JUN19,1556449146661,open,0.36,1513.0,0.350828,0.422373,0.359198,68.24,0.232,0.0,ETH-28JUN19-210-P,155.76,0.0,0.013,25.0,0.367,1.0,75.05,0.17173,-0.09625,-0.30816,0.00609,-0.81473
5194.26,index_price,1556449146662,open,0.0,146.1,3.6e-07,0.00451479,0.0008131,79.33,0.001,0,BTC-3MAY19-6250-C,5194.26,73.83,0.0005,26.0,0.0015,1.1,87.84,0.34259,-2.78719,0.0163,0.00012,0.0243
5145.0,BTC-28JUN19,1556449146696,open,0.21,35.4,0.19487421,0.23102031,0.20814485,59.62,0.2,0.0,BTC-28JUN19-6000-P,5194.26,55.26,0.202,1.5,0.2145,1.5,64.01,7.3617,-3.60515,-7.74846,0.00028,-0.69484
155.76,index_price,1556449147699,open,0.17,0.0,0.165718,0.183165,0.169447,70.54,None,0,ETH-10MAY19-130-C,155.76,63.82,0.168,60.0,0.176,60.0,92.05,0.03724,-0.11061,0.0386,0.00669,0.93116
5194.26,index_price,1556449147982,open,0.16,3.8,0.15513361,0.16386768,0.15647974,70.61,0.16,0,BTC-3MAY19-6000-P,5194.26,0.0,0.0005,10.3,0.208,0.2,230.63,0.53969,-3.90767,-0.77319,0.00021,-0.95786
155.76,index_price,1556449148281,open,0.17,0.0,0.156927,0.18455,0.166317,75.24,None,0,ETH-10MAY19-180-P,155.76,58.32,0.16,60.0,0.168,60.0,78.99,0.06813,-0.21583,-0.05104,0.01147,-0.84083
155.76,index_price,1556449148353,open,0.11,60.0,0.104578,0.136162,0.113727,68.47,0.11,0,ETH-10MAY19-140-C,155.76,64.7,0.112,60.0,0.119,60.0,79.16,0.07304,-0.21054,0.03593,0.01351,0.82265
5140.52,BTC-27SEP19,1556449148394,open,0.04,336.2,0.01208268,0.12662484,0.04456941,69.04,0.046,0.0,BTC-27DEC19-10000-C,5194.26,68.08,0.0425,10.0,0.0465,12.0,69.93,11.15754,-1.58578,4.77165,9e-05,0.18406
157.39,ETH-28JUN19,1556449148605,open,0.12,539.0,0.120517,0.205705,0.121969,60.92,0.125,0.0,ETH-28JUN19-150-C,155.76,58.37,0.118,1.0,0.125,108.0,62.89,0.24381,-0.12199,0.13196,0.00969,0.62464
5194.26,index_price,1556449148618,open,0.03,13.7,0.0310482,0.07779347,0.03390283,53.98,0.033,0,BTC-10MAY19-5250-C,5194.26,48.54,0.03,0.2,0.0335,15.0,53.42,3.73087,-8.47853,0.74664,0.00079,0.4757
155.75,index_price,1556449148646,open,0.07,1.0,0.053585,0.097412,0.068174,67.22,0.057,0,ETH-10MAY19-150-C,155.75,60.98,0.064,180.0,0.074,180.0,75.85,0.10463,-0.29614,0.02921,0.01972,0.64463
155.75,index_price,1556449148646,open,0.23,60.0,0.229535,0.230359,0.230406,110.95,0.22,0,ETH-3MAY19-120-C,155.75,0.0,0.0,0.0,0.307,2.0,417.59,0.00796,-0.09053,0.01564,0.00221,0.98203
155.75,index_price,1556449148646,open,0.03,21.0,0.016667,0.060494,0.031194,67.13,0.043,0,ETH-10MAY19-150-P,155.75,59.35,0.026,240.0,0.032,5.0,68.33,0.10462,-0.2957,-0.01958,0.01974,-0.35525
155.75,index_price,1556449148646,open,0.1,641.0,0.101489,0.114638,0.104877,72.09,0.101,0,ETH-3MAY19-140-C,155.75,60.8,0.103,60.0,0.108,60.0,86.23,0.03,-0.22182,0.01668,0.01284,0.90678
155.75,index_price,1556449148646,open,0.17,100.0,0.165332,0.169385,0.166787,88.61,0.146,0,ETH-3MAY19-130-C,155.75,0.0,0.164,60.0,0.17,60.0,113.88,0.01381,-0.12549,0.01661,0.00481,0.9653
155.75,index_price,1556449148646,open,0.04,8.0,0.020959,0.067195,0.036549,67.21,0.039,0,ETH-10MAY19-160-C,155.75,63.61,0.034,180.0,0.042,180.0,74.86,0.11063,-0.31302,0.02024,0.02086,0.43586
157.38,ETH-28JUN19,1556449148652,open,0.36,1513.0,0.350905,0.422441,0.359124,68.1,0.232,0.0,ETH-28JUN19-210-P,155.75,0.0,0.013,25.0,0.368,1.0,75.83,0.17132,-0.09583,-0.3083,0.00609,-0.81542
5144.96,BTC-28JUN19,1556449148729,open,0.02,458.4,0.00994696,0.0507131,0.02561001,60.61,0.027,0.0,BTC-28JUN19-6500-C,5194.26,59.21,0.024,12.0,0.027,12.0,61.79,5.98523,-2.97941,1.54694,0.00022,0.20589
5194.26,index_price,1556449148810,open,0.0,96.3,0.00045221,0.01320584,0.00276214,71.09,0.002,0,BTC-3MAY19-4625-P,5194.26,69.41,0.0025,40.0,0.0035,25.0,75.43,0.83237,-6.06812,-0.05256,0.00032,-0.07299
5194.26,index_price,1556449148857,open,0.23,0.1,0.23209202,0.25081012,0.23634852,63.29,0.239,0,BTC-31MAY19-4000-C,5194.26,0.0,0.04,20.0,0.0,0.0,0.0,2.10966,-2.03066,3.24187,0.00014,0.92928
5140.58,BTC-27SEP19,1556449148857,open,0.11,47.9,0.06094131,0.21781819,0.10173306,63.81,0.105,0.0,BTC-27DEC19-7000-C,5194.26,62.43,0.0975,10.0,0.105,12.0,64.87,15.82713,-2.07907,9.16277,0.00014,0.3696
5140.58,BTC-27SEP19,1556449148857,open,0.03,60.9,0.00420667,0.09130864,0.02996254,72.58,0.0315,0.0,BTC-27DEC19-12000-C,5194.26,71.11,0.0275,15.0,0.032,15.0,73.76,8.77685,-1.31144,3.35417,7e-05,0.12802
5140.58,BTC-27SEP19,1556449148861,open,0.0,1666.6,9.4e-06,0.00076773,0.00123134,85.02,0.003,0.0,BTC-27SEP19-1500-P,5194.26,76.03,0.0005,120.1,0.002,2.6,91.06,0.55262,-0.15468,-0.15181,1e-05,-0.00587
5140.58,BTC-27SEP19,1556449148861,open,0.39,0.1,0.34407996,0.50456749,0.38730061,63.81,0.311,0.0,BTC-27DEC19-6500-P,5194.26,0.0,0.002,0.3,0.0,0.0,0.0,16.42817,-2.15818,-32.93477,0.00015,-0.57553
5144.96,BTC-28JUN19,1556449148874,open,0.29,6.0,0.27331927,0.31408541,0.28898511,60.61,0.285,0.0,BTC-28JUN19-6500-P,5194.26,0.0,0.0005,0.2,0.0,0.0,0.0,5.98544,-2.97963,-9.29386,0.00022,-0.7941
5140.58,BTC-27SEP19,1556449148883,open,0.07,901.0,0.05779294,0.11152686,0.0712999,60.71,0.075,0.0,BTC-27SEP19-4250-P,5194.26,59.58,0.069,3.0,0.0735,12.0,61.78,10.48644,-2.09573,-6.82412,0.00016,-0.24774
5194.26,index_price,1556449148883,open,0.01,194.4,0.00497253,0.03423917,0.01043232,60.28,0.0105,0,BTC-31MAY19-6500-C,5194.26,57.89,0.009,20.4,0.0115,20.0,61.97,3.21344,-2.94591,0.53716,0.00022,0.12525
5144.96,BTC-28JUN19,1556449148885,open,0.0,1413.4,0.0,1.05e-06,0.00021797,110.0,0.0005,0.0,BTC-28JUN19-1500-P,5194.26,0.0,0.0,0.0,0.0005,93.0,120.18,0.10235,-0.09247,-0.01472,0.0,-0.0015
5144.96,BTC-28JUN19,1556449148899,open,0.28,30.0,0.27384896,0.2956148,0.28302814,63.55,0.298,0.0,BTC-28JUN19-3750-C,5194.26,0.0,0.027,0.1,0.0,0.0,0.0,3.37746,-1.76294,5.3905,0.00012,0.91123
5144.96,BTC-28JUN19,1556449148899,open,0.01,421.4,0.00191932,0.01247245,0.00783494,66.51,0.0075,0.0,BTC-28JUN19-3500-P,5194.26,64.74,0.007,25.0,0.008,0.1,66.84,2.50504,-1.36837,-0.58263,9e-05,-0.06006
5144.96,BTC-28JUN19,1556449148899,open,0.0,137.0,1.8e-07,0.00016779,0.00151048,93.6,0.0015,0.0,BTC-28JUN19-13000-C,5194.26,82.94,0.0005,59.2,0.0025,35.3,99.72,0.69171,-0.53179,0.09646,2e-05,0.01275
5144.96,BTC-28JUN19,1556449148899,open,0.24,355.8,0.23194763,0.25355637,0.24118616,61.92,0.249,0.0,BTC-28JUN19-4000-C,5194.26,39.12,0.226,0.9,0.2985,0.2,114.72,4.46765,-2.27224,5.38752,0.00016,0.86904
5194.26,index_price,1556449148899,open,0.05,123.7,0.04187018,0.0877629,0.04926235,56.5,0.051,0,BTC-31MAY19-5000-P,5194.26,56.7,0.0495,16.0,0.054,0.4,60.64,5.92807,-5.0936,-2.001,0.00043,-0.37844
5140.58,BTC-27SEP19,1556449148915,open,0.02,650.7,0.00257474,0.02290516,0.01687702,74.72,0.0165,0.0,BTC-27SEP19-11000-C,5194.26,72.88,0.015,15.0,0.0185,15.0,76.22,5.40917,-1.33056,1.57582,7e-05,0.09055
5140.58,BTC-27SEP19,1556449148918,open,0.28,238.2,0.26393157,0.31234562,0.27649651,61.08,0.2725,0.0,BTC-27SEP19-4000-C,5194.26,0.0,0.165,2.0,0.2835,0.7,64.89,9.34511,-1.87922,11.15016,0.00014,0.79778
5144.96,BTC-28JUN19,1556449148918,open,0.2,4.5,0.18680573,0.22491011,0.20030763,58.84,0.2105,0.0,BTC-28JUN19-4250-C,5194.26,0.0,0.02,0.1,0.0,0.0,0.0,5.51308,-2.66427,5.31767,0.00021,0.82002
5144.96,BTC-28JUN19,1556449148925,open,0.07,179.0,0.04615799,0.10249993,0.06635585,57.69,0.067,0.0,BTC-28JUN19-5500-C,5194.26,57.16,0.0655,0.1,0.068,5.0,58.72,8.26848,-3.91807,3.15736,0.00032,0.43431
5144.96,BTC-28JUN19,1556449148929,open,0.04,108.7,0.02929504,0.06204353,0.0389726,57.7,0.042,0.0,BTC-28JUN19-4500-P,5194.26,57.33,0.0385,0.1,0.041,17.1,59.27,6.62381,-3.13905,-2.44773,0.00026,-0.24628
5140.58,BTC-27SEP19,1556449148929,open,0.03,327.8,0.01939071,0.05527665,0.02990946,62.52,0.0305,0.0,BTC-27SEP19-3500-P,5194.26,61.83,0.029,15.0,0.0315,0.1,63.72,6.79131,-1.3979,-3.29405,0.0001,-0.12409
5140.58,BTC-27SEP19,1556449148934,open,0.6,2.5,0.57711922,0.6247601,0.59649398,65.87,1.278,0.0,BTC-27SEP19-8000-P,5194.26,0.0,0.004,0.3,0.0,0.0,0.0,9.38682,-2.03572,-29.79092,0.00013,-0.79627
5140.58,BTC-27SEP19,1556449148942,open,1.56,0.0,1.5314113,1.60711472,1.55570823,75.17,None,0.0,BTC-27DEC19-13000-P,5194.26,0.0,0.0005,0.2,0.0,0.0,0.0,8.07994,-1.25039,-83.52732,6e-05,-0.88618
5140.58,BTC-27SEP19,1556449148950,open,0.15,64.6,0.10373737,0.26529766,0.14840401,63.81,0.143,0.0,BTC-27DEC19-6000-C,5194.26,61.22,0.14,5.0,0.148,14.0,63.68,16.71762,-2.19604,11.52529,0.00015,0.48534
5194.26,index_price,1556449148972,open,0.18,0.0,0.16956086,0.20930757,0.17685528,58.44,None,0,BTC-31MAY19-6000-P,5194.26,0.0,0.0005,0.3,0.0,0.0,0.0,4.74856,-4.22037,-4.42373,0.00033,-0.76869
5194.26,index_price,1556449148978,open,0.01,238.8,0.00860971,0.04319611,0.01485388,59.06,0.0145,0,BTC-31MAY19-6250-C,5194.26,57.25,0.0135,6.9,0.0155,16.0,59.91,3.94085,-3.53991,0.7246,0.00027,0.16973
5194.26,index_price,1556449148982,open,0.11,191.7,0.09540831,0.14247638,0.10514527,58.44,0.1085,0,BTC-31MAY19-5500-P,5194.26,58.31,0.105,12.3,0.111,12.3,63.45,6.04479,-5.37242,-3.27198,0.00043,-0.59422
5140.58,BTC-27SEP19,1556449148994,open,0.42,10.2,0.40318265,0.46176488,0.4226366,63.22,0.8,0.0,BTC-27SEP19-7000-P,5194.26,59.47,0.4145,1.5,0.4315,1.5,67.17,11.352,-2.36273,-24.22538,0.00016,-0.70993
5140.58,BTC-27SEP19,1556449148994,open,0.39,0.0,0.37982684,0.4090142,0.39009639,64.53,None,0.0,BTC-27SEP19-3250-C,5194.26,0.0,0.003,0.2,0.0,0.0,0.0,5.61112,-1.19198,11.01049,8e-05,0.90485
5194.26,index_price,1556449148994,open,0.0,58.7,0.00067466,0.01263508,0.00323887,64.97,0.007,0,BTC-31MAY19-3750-P,5194.26,59.34,0.002,5.0,0.004,0.4,67.83,1.30193,-1.28637,-0.19523,8e-05,-0.03849
5194.26,index_price,1556449149006,open,0.05,463.3,0.03654718,0.08361526,0.04628414,58.44,0.041,0,BTC-31MAY19-5500-C,5194.26,53.88,0.041,13.2,0.0435,16.4,56.04,6.04479,-5.37242,1.68189,0.00043,0.40578
5194.26,index_price,1556449149006,open,0.31,0.0,0.30230032,0.32651199,0.30724626,62.23,None,0,BTC-31MAY19-6750-P,5194.26,0.0,0.0005,0.3,0.0,0.0,0.0,2.63884,-2.4975,-5.67056,0.00017,-0.9048
5140.58,BTC-27SEP19,1556449149015,open,0.02,153.8,0.00433635,0.05595797,0.01578905,66.51,0.016,0.0,BTC-27DEC19-2500-P,5194.26,64.48,0.014,15.0,0.0175,8.1,68.36,4.65115,-0.63682,-2.41449,4e-05,-0.0548
5194.26,index_price,1556449149022,open,0.0,5.7,0.00199206,0.02789294,0.00472703,61.38,0.0055,0,BTC-10MAY19-4500-P,5194.26,60.58,0.0045,5.0,0.0055,25.6,63.96,1.50002,-3.8763,-0.15721,0.00028,-0.0883
5140.58,BTC-27SEP19,1556449149024,open,0.06,76.1,0.02068388,0.15058519,0.0554284,66.72,0.058,0.0,BTC-27DEC19-9000-C,5194.26,65.72,0.053,22.0,0.057,0.4,67.36,12.56231,-1.72552,5.78531,0.00011,0.22456
5140.58,BTC-27SEP19,1556449149058,open,0.52,57.5,0.51536173,0.52665032,0.52152394,71.22,0.389,0.0,BTC-27SEP19-2500-C,5194.26,0.0,0.001,0.4,0.5525,1.0,110.4,2.62314,-0.61501,9.46413,3e-05,0.96398
5140.58,BTC-27SEP19,1556449149068,open,0.01,333.0,0.00168818,0.01297677,0.00789012,71.29,0.009,0.0,BTC-27SEP19-2500-P,5194.26,69.5,0.007,15.0,0.009,6.0,73.39,2.63004,-0.6173,-0.94164,3e-05,-0.03613
5194.26,index_price,1556449149068,open,0.06,80.4,0.05491576,0.10272455,0.06267594,56.48,0.0555,0,BTC-31MAY19-5250-C,5194.26,51.32,0.0565,17.0,0.061,0.3,55.08,6.21758,-5.34106,2.08668,0.00045,0.50869
5140.58,BTC-27SEP19,1556449149068,open,0.04,47.2,0.00710193,0.10719709,0.03574264,70.65,0.0375,0.0,BTC-27DEC19-11000-C,5194.26,69.46,0.0335,22.0,0.038,12.0,71.82,9.82465,-1.42903,3.94581,8e-05,0.1511
5140.58,BTC-27SEP19,1556449149070,open,0.03,30.5,0.00251378,0.0782172,0.02678119,75.15,0.0275,0.0,BTC-27DEC19-13000-C,5194.26,74.33,0.0255,10.0,0.0275,15.0,75.61,8.07551,-1.24939,2.97437,6e-05,0.11374
5144.94,BTC-28JUN19,1556449149070,open,0.51,24.4,0.5140929,0.51474137,0.51590316,86.35,0.5115,0.0,BTC-28JUN19-2500-C,5194.26,0.0,0.001,0.2,0.0,0.0,0.0,0.70839,-0.50239,4.0415,2e-05,0.98689
5144.94,BTC-28JUN19,1556449149084,open,0.0,321.9,7.05e-06,0.00094292,0.00226882,83.74,0.001,0.0,BTC-28JUN19-11000-C,5194.26,79.33,0.0015,15.0,0.003,1.0,87.08,1.02331,-0.70385,0.15334,3e-05,0.02014
5194.26,index_price,1556449149086,open,0.01,79.4,0.00152288,0.02119469,0.00598167,64.53,0.0075,0,BTC-31MAY19-7000-C,5194.26,60.76,0.0045,20.4,0.007,20.0,66.84,2.1932,-2.15239,0.32009,0.00014,0.0744
5144.94,BTC-28JUN19,1556449149092,open,0.01,70.2,0.0002921,0.00930791,0.00550817,70.98,0.006,0.0,BTC-28JUN19-3250-P,5194.26,68.07,0.0045,15.0,0.007,25.0,74.81,1.8782,-1.09496,-0.40636,6e-05,-0.04185
5140.58,BTC-27SEP19,1556449149094,open,0.03,97.0,0.01338597,0.09091897,0.03135507,64.53,0.0305,0.0,BTC-27DEC19-3000-P,5194.26,62.85,0.029,20.0,0.0335,20.0,66.02,7.31457,-0.97173,-4.46479,6e-05,-0.09917
5140.58,BTC-27SEP19,1556449149114,open,0.81,0.0,0.77145909,0.90136039,0.80622404,66.73,None,0.0,BTC-27DEC19-9000-P,5194.26,0.0,0.001,0.5,0.0,0.0,0.0,12.56387,-1.72595,-54.10087,0.00011,-0.77539
5194.26,index_price,1556449149114,open,0.0,65.9,0.00016296,0.0070418,0.00193709,69.6,0.0045,0,BTC-31MAY19-3500-P,5194.26,62.69,0.001,25.0,0.003,20.4,75.26,0.85106,-0.90089,-0.11691,5e-05,-0.02305
5140.58,BTC-27SEP19,1556449149114,open,0.71,0.0,0.7082812,0.7200912,0.71176617,78.9,None,0.0,BTC-27DEC19-1500-C,5194.26,0.0,0.007,0.2,0.0,0.0,0.0,1.37478,-0.2233,9.42525,1e-05,0.98731
5140.58,BTC-27SEP19,1556449149114,open,0.62,0.0,0.61181642,0.64040466,0.61834768,70.66,None,0.0,BTC-27DEC19-2000-C,5194.26,0.0,0.0005,0.2,0.0,0.0,0.0,2.61825,-0.38088,12.12936,2e-05,0.97294
5140.58,BTC-27SEP19,1556449149126,open,0.2,18.6,0.18071366,0.24745163,0.19669425,60.21,0.2015,0.0,BTC-27SEP19-5500-P,5194.26,58.58,0.1925,9.0,0.1995,3.0,61.3,13.22609,-2.62171,-14.72991,0.0002,-0.49195
5194.26,index_price,1556449149126,open,0.4,0.0,0.39658303,0.4123406,0.40090154,67.94,None,0,BTC-31MAY19-7250-P,5194.26,0.0,0.0005,0.3,0.0,0.0,0.0,1.91957,-1.98357,-6.26123,0.00012,-0.9374
5194.26,index_price,1556449149126,open,0.01,226.7,0.00569753,0.03227774,0.01148801,61.11,0.0125,0,BTC-31MAY19-4250-P,5194.26,60.28,0.011,4.9,0.012,0.4,61.97,3.07929,-2.86188,-0.60522,0.00021,-0.11787
5140.58,BTC-27SEP19,1556449149126,open,1.18,0.0,1.14693829,1.24703345,1.17560397,70.67,None,0.0,BTC-27DEC19-11000-P,5194.26,0.0,0.0005,0.2,0.0,0.0,0.0,9.82766,-1.42973,-69.24807,8e-05,-0.84883
5140.58,BTC-27SEP19,1556449149128,open,0.64,0.0,0.59176696,0.73663336,0.62927501,64.91,None,0.0,BTC-27DEC19-8000-P,5194.26,0.0,0.001,0.5,0.0,0.0,0.0,14.21587,-1.89958,-46.0117,0.00012,-0.71586
5144.94,BTC-28JUN19,1556449149130,open,0.38,19.5,0.36739051,0.38981173,0.37712708,62.68,0.7515,0.0,BTC-28JUN19-7000-P,5194.26,0.0,0.0015,0.2,0.0,0.0,0.0,4.70489,-2.42235,-10.60493,0.00017,-0.85875
5140.58,BTC-27SEP19,1556449149130,open,0.37,5.8,0.34998957,0.45269632,0.37399217,63.04,0.37,0.0,BTC-27DEC19-3500-C,5194.26,0.0,0.255,1.0,0.68,3.0,209.66,10.09986,-1.31084,16.02434,9e-05,0.84246
5140.58,BTC-27SEP19,1556449149130,open,0.53,0.0,0.5180099,0.56963152,0.52945693,66.5,None,0.0,BTC-27DEC19-2500-C,5194.26,0.0,0.0005,0.2,0.0,0.0,0.0,4.65041,-0.63666,14.2214,4e-05,0.94521
5194.26,index_price,1556449149136,open,0.13,5.2,0.13367043,0.14132106,0.13572859,78.67,0.134,0,BTC-3MAY19-4500-C,5194.26,0.0,0.0005,10.2,0.193,0.2,266.25,0.64116,-5.17243,0.56343,0.00023,0.94776
5144.94,BTC-28JUN19,1556449149147,open,0.08,286.5,0.06687067,0.10643479,0.07773398,56.86,0.0845,0.0,BTC-28JUN19-5000-P,5194.26,55.14,0.075,9.0,0.08,14.0,58.29,8.14601,-3.80453,-4.14647,0.00032,-0.40549
5140.58,BTC-27SEP19,1556449149147,open,0.26,10.2,0.22170267,0.36292716,0.25595638,62.05,0.2335,0.0,BTC-27DEC19-4500-C,5194.26,56.1,0.239,5.0,0.2715,5.0,67.51,14.64358,-1.87072,15.08907,0.00013,0.69708
5140.58,BTC-27SEP19,1556449149147,open,0.99,0.3,0.95738922,1.07193314,0.9898979,69.05,1.4475,0.0,BTC-27DEC19-10000-P,5194.26,0.0,0.1,0.3,0.0,0.0,0.0,11.16106,-1.58662,-61.76768,9e-05,-0.81585
5144.94,BTC-28JUN19,1556449149169,open,0.61,20.1,0.61126859,0.61132191,0.6122209,101.02,0.578,0.0,BTC-28JUN19-2000-C,5194.26,0.0,0.006,0.1,0.0,0.0,0.0,0.37148,-0.30822,3.27368,1e-05,0.99373
5140.58,BTC-27SEP19,1556449149171,open,0.24,0.1,0.23103798,0.2847719,0.24449974,60.68,0.225,0.0,BTC-27SEP19-4250-C,5194.26,52.97,0.229,3.0,0.252,3.0,64.34,10.48569,-2.09481,10.86172,0.00016,0.7523
5140.58,BTC-27SEP19,1556449149173,open,0.11,62.5,0.09839343,0.16012563,0.11267761,60.01,0.094,0.0,BTC-27SEP19-4750-P,5194.26,58.67,0.1095,12.0,0.115,3.0,60.99,12.22298,-2.41483,-9.79886,0.00019,-0.34543
5194.26,index_price,1556449149185,open,0.36,0.0,0.34916432,0.36883612,0.3536231,64.53,None,0,BTC-31MAY19-7000-P,5194.26,0.0,0.0005,0.3,0.0,0.0,0.0,2.1932,-2.15239,-5.98484,0.00014,-0.9256
5144.94,BTC-28JUN19,1556449149188,open,0.02,1559.5,0.00683043,0.02925164,0.01658287,62.7,0.015,0.0,BTC-28JUN19-7000-C,5194.26,61.5,0.0155,15.1,0.017,2.9,63.16,4.70676,-2.42398,1.07044,0.00017,0.14133
5144.94,BTC-28JUN19,1556449149216,open,0.16,216.2,0.15465026,0.18739908,0.16433703,57.71,0.164,0.0,BTC-28JUN19-4500-C,5194.26,47.39,0.1515,5.0,0.167,5.0,59.76,6.62411,-3.13958,5.05721,0.00026,0.7537
5140.58,BTC-27SEP19,1556449149216,open,0.02,17.6,0.01205122,0.04123858,0.02237242,64.57,0.021,0.0,BTC-27SEP19-3250-P,5194.26,62.83,0.0205,15.0,0.024,21.0,66.04,5.61593,-1.19388,-2.51616,8e-05,-0.09526
5140.58,BTC-27SEP19,1556449149216,open,0.25,18.8,0.20445969,0.36371724,0.24356746,62.06,0.2585,0.0,BTC-27DEC19-5500-P,5194.26,60.34,0.238,9.0,0.2465,5.0,62.97,16.60966,-2.12204,-23.80608,0.00015,-0.45239
5194.26,index_price,1556449149269,open,0.0,120.4,1.135e-05,0.00766198,0.00206952,78.67,0.002,0,BTC-3MAY19-4500-P,5194.26,78.1,0.002,10.6,0.0025,1.0,81.98,0.64116,-5.17243,-0.03768,0.00023,-0.05224
5194.26,index_price,1556449149321,open,0.07,0.1,0.06532213,0.08781911,0.06728547,57.42,0.068,0,BTC-3MAY19-4875-C,5194.26,41.61,0.0635,5.0,0.067,5.0,56.41,1.46867,-8.64873,0.53522,0.00071,0.83866
5194.26,index_price,1556449149501,open,0.18,0.0,0.18216045,0.19836639,0.18343035,63.32,None,0,BTC-10MAY19-4250-C,5194.26,0.0,0.002,0.1,0.251,0.2,219.17,0.72145,-1.92325,1.32111,0.00013,0.96515
5140.58,BTC-27SEP19,1556449149504,open,0.35,261.1,0.33853369,0.37441963,0.34905073,62.49,0.38,0.0,BTC-27SEP19-3500-C,5194.26,0.0,0.161,1.0,0.3595,1.5,70.07,6.7881,-1.39648,11.27212,0.0001,0.87599
