underlying_price,underlying_index,timestamp,state,settlement_price,open_interest,min_price,max_price,mark_price,mark_iv,last_price,interest_rate,instrument_name,index_price,bid_iv,best_bid_price,best_bid_amount,best_ask_price,best_ask_amount,ask_iv,vega,theta,rho,gamma,delta
202.19,ETH-27SEP19,1566212339993,open,0.0,5128.0,0.001,0.012,0.002059,114.95,0.002,0.0,ETH-27SEP19-480-C,200.92,105.33,0.001,440.0,0.003,200.0,120.91,0.028,-0.0414,0.00325,0.00056,0.01713
10736.73,SYN.BTC-30AUG19,1566212339994,open,0.02,59.8,0.003,0.0375,0.0168695,95.0,0.014,0.0,BTC-30AUG19-12500-C,10705.39,93.19,0.016,24.0,0.018,1.0,97.33,5.17257,-22.59085,0.5826,0.00016,0.19897
10716.83,SYN.BTC-23AUG19,1566212340092,open,0.05,299.6,0.02,0.073,0.04718361,88.87,0.0445,0.0,BTC-23AUG19-10500-C,10705.39,82.14,0.0445,18.4,0.048,2.0,90.98,4.24906,-48.7151,0.63596,0.00039,0.60603
201.28,SYN.ETH-30AUG19,1566212340100,open,0.04,11.0,0.012,0.065,0.036992,91.18,0.05,0.0,ETH-30AUG19-190-P,200.92,86.36,0.034,397.0,0.04,200.0,95.98,0.12554,-0.52624,-0.0219,0.01141,-0.32816
10736.73,SYN.BTC-30AUG19,1566212340189,open,0.02,59.8,0.003,0.0375,0.0168695,95.0,0.014,0.0,BTC-30AUG19-12500-C,10705.39,93.19,0.016,31.0,0.018,1.0,97.33,5.17257,-22.59085,0.5826,0.00016,0.19897
201.05,SYN.ETH-23AUG19,1566212340190,open,0.31,0.0,0.283,0.324,0.303762,130.0,None,0.0,ETH-23AUG19-140-C,200.92,0.0,0.0,0.0,0.0,0.0,0.0,0.00179,-0.03002,0.0148,0.00032,0.99718
10716.83,SYN.BTC-23AUG19,1566212340194,open,0.05,299.6,0.02,0.073,0.04718361,88.87,0.0445,0.0,BTC-23AUG19-10500-C,10705.39,82.14,0.0445,25.4,0.048,2.0,90.98,4.24906,-48.7151,0.63596,0.00039,0.60603
201.05,SYN.ETH-23AUG19,1566212340256,open,0.02,366.0,0.002,0.041,0.016805,95.48,0.019,0.0,ETH-23AUG19-190-P,200.92,93.09,0.016,4.0,0.019,433.0,101.9,0.06805,-0.83818,-0.00605,0.0166,-0.26645
201.28,SYN.ETH-30AUG19,1566212340269,open,0.04,68.0,0.016,0.072,0.043272,89.04,0.035,0.0,ETH-30AUG19-210-C,200.92,82.69,0.039,199.0,0.044,150.0,90.11,0.13588,-0.55621,0.02266,0.01264,0.42103
201.05,SYN.ETH-23AUG19,1566212340379,open,0.0,10.0,0.001,0.011,0.000118,130.0,0.001,0.0,ETH-23AUG19-140-P,200.92,0.0,0.0,0.0,0.001,150.0,169.12,0.00179,-0.02366,-6e-05,0.00032,-0.00282
201.28,SYN.ETH-30AUG19,1566212340390,open,0.25,0.0,0.208,0.292,0.2489,91.43,None,0.0,ETH-30AUG19-250-P,200.92,0.0,0.0,0.0,0.0,0.0,0.0,0.05996,-0.25203,-0.06904,0.00543,-0.90228
201.05,SYN.ETH-23AUG19,1566212340471,open,0.03,399.0,0.008,0.064,0.033762,88.58,0.04,0.0,ETH-23AUG19-200-P,200.92,84.27,0.032,150.0,0.04,150.0,103.83,0.08221,-0.93945,-0.01052,0.02163,-0.45905
11027.18,BTC-27DEC19,1566212340528,open,0.19,188.7,0.1315,0.231,0.18331628,91.6,0.1725,0.0,BTC-27DEC19-12000-C,10705.39,90.2,0.18,16.6,0.1865,5.0,92.95,26.05812,-9.1897,14.27634,7e-05,0.54716
201.28,SYN.ETH-30AUG19,1566212340545,open,0.09,0.0,0.049,0.124,0.086619,89.04,None,0.0,ETH-30AUG19-210-P,200.92,85.15,0.084,150.0,0.092,150.0,96.98,0.13588,-0.55621,-0.03992,0.01264,-0.57897
10815.64,BTC-27SEP19,1566212340551,open,0.0,1070.7,0.0005,0.0105,0.00081294,122.54,0.0005,0.0,BTC-27SEP19-4250-P,10705.39,115.52,0.0005,14.0,0.001,30.0,125.87,0.56559,-0.89138,-0.07401,0.0,-0.00561
10736.27,SYN.BTC-30AUG19,1566212340551,open,0.22,17.1,0.1905,0.2565,0.22213344,96.23,0.2385,0.0,BTC-30AUG19-13000-P,10705.39,0.0,0.0,0.0,0.0,0.0,0.0,4.1765,-18.47692,-3.45348,0.00013,-0.85741
201.05,SYN.ETH-23AUG19,1566212340582,open,0.02,577.0,0.002,0.043,0.019101,88.58,0.016,0.0,ETH-23AUG19-210-C,200.92,77.45,0.015,427.0,0.021,200.0,93.62,0.07529,-0.86039,0.0067,0.01981,0.33297
10815.64,BTC-27SEP19,1566212340610,open,0.0,422.0,0.0005,0.0105,0.00019456,124.99,0.0005,0.0,BTC-27SEP19-3500-P,10705.39,0.0,0.0,0.0,0.001,30.0,150.36,0.17123,-0.27528,-0.01941,0.0,-0.00149
10815.64,BTC-27SEP19,1566212340625,open,0.68,261.1,0.667,0.6865,0.67660527,125.98,0.714,0.0,BTC-27SEP19-3500-C,10705.44,0.0,0.6675,10.0,0.686,10.0,219.61,0.18174,-0.29448,3.70705,0.0,0.99841
10815.64,BTC-27SEP19,1566212340625,open,0.0,49.2,0.0005,0.0105,0.00010095,124.99,0.0015,0.0,BTC-27SEP19-3250-P,10705.44,0.0,0.0,0.0,0.001,55.0,159.76,0.0982,-0.15787,-0.01052,0.0,-0.00081
10815.64,BTC-27SEP19,1566212340625,open,0.0,488.8,0.0005,0.013,0.00329026,104.61,0.0045,0.0,BTC-27SEP19-22000-C,10705.44,100.51,0.0025,50.0,0.0045,24.0,109.79,2.27581,-3.06183,0.286,2e-05,0.02812
11027.18,BTC-27DEC19,1566212340625,open,0.05,257.3,0.0235,0.0755,0.04785562,91.19,0.05,0.0,BTC-27DEC19-7000-P,10705.44,88.57,0.0445,29.5,0.049,6.0,92.08,14.21317,-4.98998,-7.1378,4e-05,-0.13406
11027.18,BTC-27DEC19,1566212340625,open,1.04,4.9,0.978,1.1135,1.04289941,98.67,1.0385,0.0,BTC-27DEC19-22000-P,10705.44,0.0,0.0055,2.0,1.8065,0.3,500.0,17.8293,-6.77258,-72.71683,4e-05,-0.81036
11027.18,BTC-27DEC19,1566212340625,open,0.0,175.8,0.0005,0.0105,0.00029785,125.0,0.0005,0.0,BTC-27DEC19-1500-P,10705.44,0.0,0.0,0.0,0.001,10.0,143.86,0.25195,-0.12125,-0.05685,0.0,-0.00115
10815.64,BTC-27SEP19,1566212340625,open,0.77,55.9,0.759,0.7785,0.76887262,132.91,0.689,0.0,BTC-27SEP19-2500-C,10705.44,0.0,0.0045,10.0,0.864,5.0,500.0,0.02209,-0.03777,2.66062,0.0,0.99984
11027.18,BTC-27DEC19,1566212340625,open,0.02,113.1,0.0065,0.0355,0.0187585,92.47,0.023,0.0,BTC-27DEC19-5500-P,10705.44,90.72,0.0175,16.0,0.02,6.0,94.15,8.05505,-2.86751,-3.17492,2e-05,-0.06216
11027.18,BTC-27DEC19,1566212340625,open,3.71,0.8,3.6245,3.8285,3.72127062,114.52,3.59,0.0,BTC-27DEC19-52000-P,10705.44,0.0,0.001,1.0,0.0,0.0,0.0,4.08537,-1.80119,-184.1952,1e-05,-0.97312
10815.64,BTC-27SEP19,1566212340625,open,0.0,401.3,0.0005,0.0125,0.00250713,107.25,0.0025,0.0,BTC-27SEP19-5500-P,10705.44,103.41,0.002,50.0,0.0035,44.0,113.57,1.52947,-2.10966,-0.2311,1e-05,-0.01755
10815.64,BTC-27SEP19,1566212340625,open,0.5,34.4,0.4585,0.545,0.49983961,97.9,0.396,0.0,BTC-27SEP19-16000-P,10705.44,0.0,0.005,1.0,0.9815,0.2,499.78,7.97885,-10.04633,-15.62758,7e-05,-0.85677
10815.64,BTC-27SEP19,1566212340625,open,0.02,590.1,0.008,0.0435,0.02339411,95.25,0.023,0.0,BTC-27SEP19-8000-P,10705.44,93.21,0.022,40.0,0.025,38.4,97.55,7.47447,-9.15658,-1.7692,6e-05,-0.13019
11027.18,BTC-27DEC19,1566212340625,open,0.01,349.0,0.0005,0.028,0.01017823,108.31,0.0075,0.0,BTC-27DEC19-40000-C,10705.44,108.0,0.01,6.0,0.0125,24.0,112.0,6.49166,-2.70674,1.4573,1e-05,0.04732
10815.64,BTC-27SEP19,1566212340625,open,0.22,366.1,0.1815,0.2455,0.21455801,93.7,0.17,0.0,BTC-27SEP19-9000-C,10705.44,91.08,0.212,13.0,0.219,13.9,98.2,10.59879,-12.77318,6.45062,9e-05,0.77453
10815.64,BTC-27SEP19,1566212340625,open,0.0,586.8,0.0005,0.0105,4.81e-05,125.0,0.0005,0.0,BTC-27SEP19-3000-P,10705.44,0.0,0.0,0.0,0.0005,30.0,156.24,0.05191,-0.08345,-0.00525,0.0,-0.00041
11027.18,BTC-27DEC19,1566212340625,open,2.27,1.3,2.204,2.3615,2.27797381,106.31,2.2,0.0,BTC-27DEC19-36000-P,10705.44,0.0,0.0005,1.0,0.0,0.0,0.0,7.91051,-3.2376,-126.23595,2e-05,-0.93927
11027.18,BTC-27DEC19,1566212340626,open,0.03,271.6,0.0105,0.046,0.02594304,91.25,0.03,0.0,BTC-27DEC19-6000-P,10705.44,89.08,0.024,20.0,0.028,6.0,93.49,9.98394,-3.50748,-4.24439,3e-05,-0.08223
11027.18,BTC-27DEC19,1566212340626,open,0.38,91.7,0.3455,0.416,0.38172097,91.19,0.449,0.0,BTC-27DEC19-7500-C,10705.44,64.16,0.3455,12.0,0.4085,12.0,108.8,16.22523,-5.69622,17.84838,4e-05,0.8366
10815.64,BTC-27SEP19,1566212340626,open,0.02,456.6,0.0055,0.0425,0.02057429,98.0,0.019,0.0,BTC-27SEP19-16000-C,10705.44,95.83,0.019,42.0,0.0225,54.8,100.56,7.99087,-10.07175,1.41666,7e-05,0.14355
11027.18,BTC-27DEC19,1566212340626,open,0.01,401.1,0.0025,0.034,0.01329546,106.29,0.0135,0.0,BTC-27DEC19-36000-C,10705.44,105.87,0.013,16.3,0.0155,10.0,109.22,7.90427,-3.23429,1.85892,2e-05,0.06067
11027.18,BTC-27DEC19,1566212340626,open,0.01,282.7,0.0005,0.02,0.00623712,111.4,0.0045,0.0,BTC-27DEC19-48000-C,10705.44,110.81,0.006,6.0,0.0085,24.0,116.42,4.47262,-1.91818,0.93142,1e-05,0.02998
10815.64,BTC-27SEP19,1566212340626,open,0.0,492.7,0.0005,0.0105,6.6e-07,125.0,0.0005,0.0,BTC-27SEP19-2000-P,10705.44,0.0,0.0,0.0,0.0005,50.0,204.42,0.00114,-0.00183,-9e-05,0.0,-1e-05
11027.23,BTC-27DEC19,1566212340626,open,0.01,217.0,0.0005,0.0235,0.00786216,109.87,0.007,0.0,BTC-27DEC19-44000-C,10705.44,109.12,0.0075,6.0,0.0105,30.0,114.82,5.34744,-2.26196,1.15266,1e-05,0.03724
11027.23,BTC-27DEC19,1566212340626,open,0.06,211.4,0.0325,0.0935,0.0618623,91.19,0.0605,0.0,BTC-27DEC19-7500-P,10705.44,88.21,0.0575,28.2,0.0625,4.9,91.63,16.22542,-5.69649,-8.83866,4e-05,-0.1634
10815.64,BTC-27SEP19,1566212340626,open,0.29,871.9,0.257,0.31,0.28376145,95.3,0.235,0.0,BTC-27SEP19-8000-C,10705.44,85.78,0.2775,20.4,0.2885,20.4,101.95,7.47831,-9.16642,6.74997,6e-05,0.86972
10815.64,BTC-27SEP19,1566212340626,open,0.0,373.7,0.0005,0.011,0.00106195,119.63,0.001,0.0,BTC-27SEP19-4500-P,10705.44,108.86,0.0005,13.3,0.0015,30.0,125.51,0.71526,-1.1005,-0.09652,0.0,-0.00732
10716.39,SYN.BTC-23AUG19,1566212340625,open,0.26,0.0,0.2385,0.2695,0.25374556,117.15,None,0.0,BTC-23AUG19-8000-C,10705.44,0.0,0.0,0.0,0.0,0.0,0.0,0.20244,-3.05951,0.84173,1e-05,0.99347
11027.23,BTC-27DEC19,1566212340627,open,0.55,24.3,0.4875,0.618,0.5529476,94.75,0.7285,0.0,BTC-27DEC19-16000-P,10705.44,66.71,0.4955,1.0,0.6125,1.0,120.68,24.45069,-8.9185,-47.06528,6e-05,-0.64655
10815.64,BTC-27SEP19,1566212340627,open,0.01,444.3,0.001,0.0265,0.01066041,100.08,0.0085,0.0,BTC-27SEP19-18000-C,10705.44,97.64,0.0095,40.0,0.0125,44.0,103.67,5.31252,-6.83801,0.8139,4e-05,0.08131
10815.64,BTC-27SEP19,1566212340627,open,1.22,0.2,1.176,1.2705,1.22086398,106.1,1.6,0.0,BTC-27SEP19-24000-P,10705.44,0.0,0.0,0.0,0.0,0.0,0.0,1.46081,-1.9934,-25.39184,1e-05,-0.98336
11027.23,BTC-27DEC19,1566212340627,open,0.48,122.9,0.4575,0.5065,0.4818341,91.25,0.469,0.0,BTC-27DEC19-6000-C,10705.44,69.7,0.4655,13.0,0.508,9.0,116.71,9.98375,-3.50738,17.10517,3e-05,0.91777
10815.64,BTC-27SEP19,1566212340628,open,0.41,29.7,0.373,0.461,0.41572502,96.92,0.335,0.0,BTC-27SEP19-15000-P,10705.44,0.0,0.1675,0.1,0.903,0.3,499.86,9.59574,-11.96136,-14.11346,8e-05,-0.80944
11027.23,BTC-27DEC19,1566212340627,open,0.71,12.4,0.6445,0.777,0.70974057,95.86,0.559,0.0,BTC-27DEC19-18000-P,10705.44,61.2,0.6515,1.0,0.769,1.0,123.21,22.29418,-8.22761,-55.94272,5e-05,-0.71601
10815.64,BTC-27SEP19,1566212340627,open,1.77,0.0,1.7195,1.832,1.77451346,117.41,None,0.0,BTC-27SEP19-30000-P,10705.44,0.0,0.0,0.0,0.0,0.0,0.0,0.66504,-1.00424,-31.88368,0.0,-0.99326
10815.64,BTC-27SEP19,1566212340628,open,0.59,289.7,0.5755,0.595,0.58501858,119.94,0.588,0.0,BTC-27SEP19-4500-C,10705.44,0.0,0.576,9.0,0.594,9.0,176.6,0.72462,-1.11782,4.69488,0.0,0.99257
10815.64,BTC-27SEP19,1566212340628,open,0.05,462.8,0.022,0.074,0.04664476,93.66,0.046,0.0,BTC-27SEP19-9000-P,10705.44,91.98,0.045,17.0,0.0485,1.0,95.55,10.59717,-12.76545,-3.13399,9e-05,-0.22541
10815.64,BTC-27SEP19,1566212340628,open,0.08,371.7,0.049,0.1165,0.08257515,93.33,0.08,0.0,BTC-27SEP19-10000-P,10705.44,90.75,0.0795,33.3,0.0855,25.0,95.77,12.94798,-15.54151,-4.87947,0.00011,-0.341
11027.23,BTC-27DEC19,1566212340628,open,0.0,208.8,0.0005,0.011,0.00130064,110.9,0.0015,0.0,BTC-27DEC19-2500-P,10705.44,98.52,0.0005,13.2,0.002,21.0,117.86,0.95527,-0.40786,-0.24818,0.0,-0.00502
10736.27,SYN.BTC-30AUG19,1566212340625,open,0.01,15.6,0.0005,0.019,0.00631919,100.39,0.009,0.0,BTC-30AUG19-8500-P,10705.44,94.74,0.005,58.0,0.0075,37.0,105.0,2.64257,-12.19627,-0.26245,8e-05,-0.07572
11027.23,BTC-27DEC19,1566212340629,open,0.08,420.3,0.044,0.113,0.077882,91.19,0.0875,0.0,BTC-27DEC19-8000-P,10705.44,88.21,0.073,27.9,0.0785,4.9,91.57,18.0994,-6.35442,-10.68204,5e-05,-0.19436
10815.69,BTC-27SEP19,1566212340629,open,0.36,748.2,0.3435,0.384,0.36313536,98.36,0.3625,0.0,BTC-27SEP19-7000-C,10705.44,82.11,0.3575,21.6,0.3675,21.6,108.1,4.46301,-5.6457,6.59038,4e-05,0.93523
10736.27,SYN.BTC-30AUG19,1566212340627,open,0.0,356.2,0.0005,0.0105,0.00076751,113.17,0.001,0.0,BTC-30AUG19-17000-C,10705.44,0.0,0.0,0.0,0.002,63.0,129.08,0.58164,-3.02617,0.03615,1e-05,0.01207
10716.39,SYN.BTC-23AUG19,1566212340625,open,0.17,34.7,0.144,0.197,0.16866531,91.84,0.1895,0.0,BTC-23AUG19-12500-P,10705.44,0.0,0.147,1.0,0.1885,1.0,177.72,1.26564,-14.9961,-1.26483,0.00011,-0.94288
10716.39,SYN.BTC-23AUG19,1566212340625,open,0.01,237.5,0.0005,0.0195,0.00537258,90.44,0.005,0.0,BTC-23AUG19-12000-C,10705.44,86.09,0.0045,41.5,0.0055,1.8,91.05,2.22889,-26.00596,0.13219,0.0002,0.12154
10736.27,SYN.BTC-30AUG19,1566212340625,open,0.0,1155.6,0.0005,0.0105,0.0008481,114.27,0.001,0.0,BTC-30AUG19-7000-P,10705.44,106.48,0.0005,14.0,0.0015,30.0,124.43,0.56611,-2.97417,-0.04013,1e-05,-0.0117
10815.69,BTC-27SEP19,1566212340630,open,0.0,406.8,0.0005,0.0105,7.82e-06,125.0,0.0005,0.0,BTC-27SEP19-2500-P,10705.44,0.0,0.0,0.0,0.0005,30.0,177.77,0.01052,-0.01692,-0.00094,0.0,-7e-05
10736.27,SYN.BTC-30AUG19,1566212340625,open,0.0,1401.3,0.0005,0.013,0.00321633,103.61,0.0025,0.0,BTC-30AUG19-8000-P,10705.44,98.61,0.0025,2.0,0.004,37.0,108.43,1.64342,-7.82855,-0.14285,5e-05,-0.04144
10716.39,SYN.BTC-23AUG19,1566212340625,open,0.03,295.0,0.005,0.049,0.02550641,89.47,0.0255,0.0,BTC-23AUG19-11000-C,10705.44,85.7,0.024,0.9,0.0265,1.0,91.96,4.2832,-49.43969,0.43324,0.00039,0.40624
10736.27,SYN.BTC-30AUG19,1566212340625,open,0.0,369.0,0.0005,0.012,0.00241881,102.9,0.0025,0.0,BTC-30AUG19-15000-C,10705.44,99.68,0.002,30.0,0.003,1.6,106.85,1.47889,-6.99593,0.10872,4e-05,0.0364
10736.27,SYN.BTC-30AUG19,1566212340625,open,0.03,575.7,0.0065,0.049,0.02526188,94.36,0.026,0.0,BTC-30AUG19-12000-C,10705.44,91.26,0.0235,42.0,0.0275,28.0,98.22,6.16885,-26.75979,0.79462,0.00019,0.27366
10736.27,SYN.BTC-30AUG19,1566212340629,open,0.0,702.2,0.0005,0.0105,0.00017134,124.95,0.0005,0.0,BTC-30AUG19-6000-P,10705.44,0.0,0.0,0.0,0.0005,51.0,140.8,0.14441,-0.82954,-0.00858,0.0,-0.00251
10716.39,SYN.BTC-23AUG19,1566212340625,open,0.0,69.9,0.0005,0.0105,0.00021544,125.01,0.0005,0.0,BTC-23AUG19-15000-C,10705.44,0.0,0.0,0.0,0.001,16.0,150.97,0.17234,-2.3087,0.00595,1e-05,0.00545
10736.27,SYN.BTC-30AUG19,1566212340626,open,0.06,528.4,0.0245,0.0815,0.05332657,93.16,0.0545,0.0,BTC-30AUG19-11000-C,10705.44,90.5,0.0515,18.0,0.054,0.1,94.14,7.37507,-31.58777,1.33902,0.00023,0.4719
11027.23,BTC-27DEC19,1566212340655,open,0.34,110.4,0.275,0.3955,0.33640391,92.49,0.371,0.0,BTC-27DEC19-13000-P,10705.44,89.59,0.3295,8.0,0.3415,3.6,94.63,26.23522,-9.34181,-33.16969,7e-05,-0.50895
10815.64,BTC-27SEP19,1566212340660,open,0.5,221.9,0.482,0.5075,0.49400967,107.42,0.4675,0.0,BTC-27SEP19-5500-C,10705.44,63.79,0.4915,9.0,0.5055,9.0,152.74,1.53892,-2.12624,5.62513,1e-05,0.98232
204.15,ETH-27DEC19,1566212340690,open,0.18,1832.0,0.117,0.221,0.173235,98.71,0.157,0.0,ETH-27DEC19-240-C,200.92,95.25,0.165,127.0,0.178,30.0,100.71,0.48573,-0.18458,0.24306,0.00332,0.50784
202.2,ETH-27SEP19,1566212340690,open,0.09,1427.0,0.052,0.124,0.089266,94.98,0.082,0.0,ETH-27SEP19-220-C,200.92,91.68,0.085,313.0,0.091,120.0,96.32,0.26146,-0.31939,0.07841,0.00632,0.45335
202.2,ETH-27SEP19,1566212340690,open,0.0,839.0,0.001,0.011,0.000139,130.01,0.001,0.0,ETH-27SEP19-60-P,200.92,0.0,0.0,0.0,0.002,600.0,177.65,0.00232,-0.00389,-0.00026,4e-05,-0.00105
201.28,SYN.ETH-30AUG19,1566212340690,open,0.0,2280.0,0.001,0.011,0.001028,118.37,0.003,0.0,ETH-30AUG19-320-C,200.92,0.0,0.0,0.0,0.002,550.0,130.01,0.01324,-0.07207,0.00084,0.00093,0.01512
204.15,ETH-27DEC19,1566212340692,open,0.01,2014.0,0.001,0.026,0.010405,110.32,0.009,0.0,ETH-27DEC19-760-C,200.92,103.84,0.007,350.0,0.013,50.0,114.41,0.1208,-0.05131,0.02704,0.00074,0.04762
202.2,ETH-27SEP19,1566212340694,open,0.0,6011.0,0.001,0.011,0.00102,127.98,0.002,0.0,ETH-27SEP19-600-C,200.92,0.0,0.0,0.0,0.002,628.0,138.21,0.01494,-0.0246,0.00157,0.00027,0.0083
201.05,SYN.ETH-23AUG19,1566212340696,open,0.06,177.0,0.029,0.098,0.063635,88.58,0.099,0.0,ETH-23AUG19-210-P,200.92,86.88,0.063,150.0,0.071,150.0,107.85,0.07529,-0.86039,-0.0156,0.01981,-0.66703
202.2,ETH-27SEP19,1566212340701,open,0.04,8457.0,0.015,0.06,0.035699,95.1,0.042,0.0,ETH-27SEP19-160-P,200.92,91.93,0.033,416.0,0.038,160.0,97.75,0.1741,-0.21294,-0.04679,0.0042,-0.18157
201.28,SYN.ETH-30AUG19,1566212340701,open,0.06,1157.0,0.026,0.091,0.057943,89.04,0.115,0.0,ETH-30AUG19-200-P,200.92,84.73,0.055,150.0,0.063,150.0,96.43,0.13764,-0.56341,-0.03064,0.01281,-0.45295
202.2,ETH-27SEP19,1566212340703,open,0.5,851.0,0.45,0.561,0.504302,98.55,0.56,0.0,ETH-27SEP19-300-P,200.92,0.0,0.465,1.0,0.544,1.0,141.42,0.14918,-0.18908,-0.29312,0.00348,-0.85675
201.28,SYN.ETH-30AUG19,1566212340703,open,0.0,4133.0,0.001,0.011,9.7e-05,130.0,0.002,0.0,ETH-30AUG19-400-C,200.92,0.0,0.0,0.0,0.002,300.0,179.3,0.0018,-0.01073,9e-05,0.00011,0.0016
202.2,ETH-27SEP19,1566212340709,open,0.59,607.0,0.542,0.656,0.597287,100.0,0.761,0.0,ETH-27SEP19-320-P,200.92,0.0,0.0,0.0,1.39,1.0,500.0,0.12151,-0.15628,-0.32098,0.00279,-0.89316
204.15,ETH-27DEC19,1566212340730,open,0.02,1729.0,0.004,0.038,0.016927,108.24,0.021,0.0,ETH-27DEC19-640-C,200.92,103.19,0.013,350.0,0.02,50.0,111.75,0.17058,-0.07108,0.04144,0.00106,0.07398
202.2,ETH-27SEP19,1566212340730,open,0.02,2042.0,0.004,0.032,0.014617,99.87,0.015,0.0,ETH-27SEP19-320-C,200.92,97.09,0.013,110.0,0.016,200.0,102.12,0.1212,-0.15568,0.01978,0.00279,0.10647
202.2,ETH-27SEP19,1566212340730,open,0.01,9106.0,0.001,0.015,0.005353,98.33,0.006,0.0,ETH-27SEP19-120-P,200.92,96.97,0.005,1.0,0.006,200.0,100.71,0.05339,-0.06752,-0.00913,0.00125,-0.03702
202.2,ETH-27SEP19,1566212340730,open,0.13,1594.0,0.086,0.163,0.127361,94.47,0.118,0.0,ETH-27SEP19-200-C,200.92,89.5,0.121,110.0,0.13,120.0,96.53,0.25857,-0.31417,0.09645,0.00629,0.5752
201.28,SYN.ETH-30AUG19,1566212340730,open,0.0,873.0,0.001,0.011,0.001034,104.48,0.003,0.0,ETH-30AUG19-300-C,200.92,0.0,0.0,0.0,0.002,250.0,115.07,0.01456,-0.06995,0.00095,0.00115,0.01688
204.15,ETH-27DEC19,1566212340740,open,1.02,16.0,0.933,1.105,1.017971,103.46,1.195,0.0,ETH-27DEC19-400-P,200.92,81.75,0.985,1.0,1.073,1.0,131.46,0.35804,-0.14261,-1.30802,0.00233,-0.78268
202.2,ETH-27SEP19,1566212340740,open,0.0,7916.0,0.001,0.011,0.0002,130.0,0.001,0.0,ETH-27SEP19-760-C,200.92,0.0,0.0,0.0,0.002,400.0,162.3,0.00383,-0.0064,0.00035,7e-05,0.00181
202.2,ETH-27SEP19,1566212340742,open,0.98,79.0,0.922,1.05,0.982936,107.13,0.351,0.0,ETH-27SEP19-400-P,200.92,0.0,0.0,0.0,0.0,0.0,0.0,0.05434,-0.07487,-0.4189,0.00116,-0.96217
202.2,ETH-27SEP19,1566212340742,open,1.57,12.0,1.497,1.656,1.573852,124.2,1.193,0.0,ETH-27SEP19-520-P,200.92,0.0,0.0,0.0,0.0,0.0,0.0,0.02738,-0.04373,-0.55071,0.00051,-0.98332
201.28,SYN.ETH-30AUG19,1566212340742,open,0.79,0.0,0.737,0.846,0.789045,130.0,None,0.0,ETH-30AUG19-360-P,200.92,0.0,0.0,0.0,0.0,0.0,0.0,0.00642,-0.03837,-0.1069,0.00041,-0.99341
201.28,SYN.ETH-30AUG19,1566212340742,open,0.29,0.0,0.255,0.34,0.296182,93.61,0.218,0.0,ETH-30AUG19-260-P,200.92,0.0,0.0,0.0,0.0,0.0,0.0,0.04476,-0.19265,-0.07376,0.00396,-0.93364
204.15,ETH-27DEC19,1566212340746,open,0.04,1231.0,0.013,0.069,0.037565,105.6,0.026,0.0,ETH-27DEC19-480-C,200.92,102.96,0.034,110.0,0.04,349.0,107.34,0.28223,-0.11474,0.0807,0.0018,0.14865
201.28,SYN.ETH-30AUG19,1566212340746,open,0.59,0.0,0.544,0.642,0.59089,118.37,None,0.0,ETH-30AUG19-320-P,200.92,0.0,0.0,0.0,0.0,0.0,0.0,0.01324,-0.07207,-0.0945,0.00093,-0.98489
204.15,ETH-27DEC19,1566212340752,open,0.02,2271.0,0.005,0.043,0.020279,107.53,0.021,0.0,ETH-27DEC19-600-C,200.92,102.7,0.016,350.0,0.023,50.0,110.32,0.19268,-0.07976,0.0484,0.00121,0.08691
202.2,ETH-27SEP19,1566212340752,open,0.88,259.0,0.826,0.949,0.885093,104.34,0.94,0.0,ETH-27SEP19-380-P,200.92,0.0,0.009,8.0,0.0,0.0,0.0,0.06393,-0.0858,-0.39602,0.00141,-0.95376
201.28,SYN.ETH-30AUG19,1566212340752,open,0.31,0.0,0.284,0.327,0.305439,101.29,None,0.0,ETH-30AUG19-140-C,200.92,0.0,0.0,0.0,0.0,0.0,0.0,0.01334,-0.06212,0.04074,0.00109,0.98476
204.15,ETH-27DEC19,1566212340757,open,1.2,0.0,1.115,1.293,1.201848,104.54,None,0.0,ETH-27DEC19-440-P,200.92,0.0,1.11,110.0,0.0,0.0,0.0,0.31828,-0.12809,-1.46952,0.00205,-0.82113
201.28,SYN.ETH-30AUG19,1566212340760,open,0.12,599.0,0.081,0.161,0.121035,89.04,0.19,0.0,ETH-30AUG19-220-P,200.92,85.66,0.119,50.0,0.127,50.0,98.7,0.1222,-0.50021,-0.04877,0.01137,-0.69215
202.2,ETH-27SEP19,1566212340781,open,1.17,0.0,1.114,1.25,1.178729,109.17,None,0.0,ETH-27SEP19-440-P,200.92,0.0,0.0,0.0,0.0,0.0,0.0,0.03533,-0.0496,-0.46436,0.00074,-0.97748
204.15,ETH-27DEC19,1566212340781,open,0.06,1447.0,0.025,0.096,0.058628,103.46,0.059,0.0,ETH-27DEC19-400-C,200.92,101.95,0.056,150.0,0.061,281.0,104.8,0.35804,-0.14261,0.11527,0.00233,0.21732
202.2,ETH-27SEP19,1566212340781,open,0.03,2121.0,0.01,0.053,0.029227,97.07,0.022,0.0,ETH-27SEP19-280-C,200.92,94.54,0.027,390.0,0.031,160.0,99.04,0.18044,-0.22528,0.03514,0.00427,0.19238
201.28,SYN.ETH-30AUG19,1566212340783,open,0.01,1039.0,0.001,0.028,0.010847,89.9,0.007,0.0,ETH-30AUG19-240-C,200.92,82.24,0.008,539.0,0.012,250.0,92.77,0.07934,-0.3279,0.00807,0.00731,0.1454
201.28,SYN.ETH-30AUG19,1566212340783,open,0.2,382.0,0.162,0.245,0.203243,89.9,0.303,0.0,ETH-30AUG19-240-P,200.92,0.0,0.0,0.0,0.0,0.0,0.0,0.07934,-0.3279,-0.06344,0.00731,-0.8546
202.2,ETH-27SEP19,1566212340786,open,0.61,0.0,0.593,0.617,0.605302,124.16,None,0.0,ETH-27SEP19-80-C,200.92,0.0,0.003,10.0,0.0,0.0,0.0,0.01183,-0.0189,0.08363,0.00022,0.99363
202.2,ETH-27SEP19,1566212340786,open,0.0,3828.0,0.001,0.011,0.001232,123.71,0.001,0.0,ETH-27SEP19-560-C,200.92,0.0,0.0,0.0,0.002,200.0,130.99,0.0178,-0.02832,0.00192,0.00033,0.01014
204.15,ETH-27DEC19,1566212340794,open,2.15,0.0,2.049,2.264,2.151876,108.24,None,0.0,ETH-27DEC19-640-P,200.92,0.0,0.0,0.0,0.0,0.0,0.0,0.17058,-0.07108,-2.23583,0.00106,-0.92602
204.15,ETH-27DEC19,1566212340794,open,2.35,0.0,2.238,2.464,2.345976,110.04,None,0.0,ETH-27DEC19-680-P,200.92,0.0,0.0,0.0,0.0,0.0,0.0,0.15657,-0.06633,-2.38249,0.00096,-0.93382
201.28,SYN.ETH-30AUG19,1566212340794,open,0.07,497.0,0.031,0.095,0.064279,89.04,0.047,0.0,ETH-30AUG19-200-C,200.92,82.78,0.06,160.0,0.066,150.0,91.55,0.13764,-0.56341,0.02895,0.01281,0.54705
202.2,ETH-27SEP19,1566212340798,open,0.18,1944.0,0.129,0.223,0.177352,95.02,0.205,0.0,ETH-27SEP19-220-P,200.92,92.43,0.174,120.0,0.185,120.0,100.93,0.26146,-0.31954,-0.15591,0.00632,-0.54657
204.15,ETH-27DEC19,1566212340804,open,0.84,257.0,0.756,0.921,0.838533,102.42,0.947,0.0,ETH-27DEC19-360-P,200.92,86.22,0.809,1.0,0.903,1.0,132.67,0.40014,-0.15778,-1.14183,0.00263,-0.73334
204.15,ETH-27DEC19,1566212340804,open,0.35,781.0,0.279,0.413,0.348841,98.71,0.499,0.0,ETH-27DEC19-240-P,200.92,95.41,0.341,30.0,0.359,30.0,102.98,0.48573,-0.18458,-0.61092,0.00332,-0.49216
201.28,SYN.ETH-30AUG19,1566212340806,open,0.98,0.0,0.93,1.049,0.987425,130.0,None,0.0,ETH-30AUG19-400-P,200.92,0.0,0.0,0.0,0.0,0.0,0.0,0.0018,-0.01073,-0.1191,0.00011,-0.9984
201.28,SYN.ETH-30AUG19,1566212340806,open,0.0,3916.0,0.001,0.011,0.00045,130.0,0.001,0.0,ETH-30AUG19-360-C,200.92,0.0,0.0,0.0,0.002,350.0,156.44,0.00642,-0.03837,0.00037,0.00041,0.00659
202.2,ETH-27SEP19,1566212340814,open,0.0,4762.0,0.001,0.011,0.00111,98.33,0.003,0.0,ETH-27SEP19-100-P,200.92,0.0,0.0,0.0,0.002,200.0,107.24,0.01647,-0.02082,-0.00224,0.00038,-0.00927
202.2,ETH-27SEP19,1566212340814,open,0.25,392.0,0.208,0.276,0.244364,95.05,0.329,0.0,ETH-27SEP19-160-C,200.92,0.0,0.001,1.0,0.0,0.0,0.0,0.17405,-0.21278,0.12365,0.00421,0.81851
10815.64,BTC-27SEP19,1566212340815,open,0.0,428.2,0.0005,0.011,0.00112513,115.64,0.0005,0.0,BTC-27SEP19-28000-C,10705.44,106.11,0.0005,11.1,0.002,50.0,123.85,0.92917,-1.382,0.10061,1e-05,0.00986
204.15,ETH-27DEC19,1566212340817,open,0.03,1952.0,0.007,0.05,0.024811,107.06,0.016,0.0,ETH-27DEC19-560-C,200.92,102.33,0.02,350.0,0.028,350.0,109.93,0.21942,-0.09043,0.05729,0.00138,0.10368
201.28,SYN.ETH-30AUG19,1566212340820,open,0.69,0.0,0.641,0.744,0.69005,127.58,None,0.0,ETH-30AUG19-340-P,200.92,0.0,0.0,0.0,0.0,0.0,0.0,0.01053,-0.06176,-0.10066,0.00068,-0.98841
202.2,ETH-27SEP19,1566212340822,open,1.37,0.0,1.305,1.453,1.376064,115.78,None,0.0,ETH-27SEP19-480-P,200.92,0.0,0.0,0.0,0.0,0.0,0.0,0.02909,-0.04331,-0.50785,0.00058,-0.98209
202.2,ETH-27SEP19,1566212340824,open,0.33,1239.0,0.275,0.38,0.327893,95.84,0.4,0.0,ETH-27SEP19-260-P,200.92,0.0,0.006,7.0,0.0,0.0,0.0,0.21347,-0.26312,-0.23027,0.00512,-0.74134
202.2,ETH-27SEP19,1566212340827,open,0.7,0.0,0.694,0.713,0.703389,128.67,0.01,0.0,ETH-27SEP19-60-C,200.92,0.0,0.003,10.0,0.0,0.0,0.0,0.00214,-0.00353,0.06367,4e-05,0.99904
204.15,ETH-27DEC19,1566212340832,open,0.04,4879.0,0.019,0.066,0.041464,96.55,0.036,0.0,ETH-27DEC19-120-P,200.92,88.9,0.033,282.0,0.039,50.0,94.38,0.23348,-0.08678,-0.11223,0.00163,-0.11303
204.15,ETH-27DEC19,1566212340832,open,1.77,0.0,1.672,1.871,1.767892,107.06,0.845,0.0,ETH-27DEC19-560-P,200.92,0.0,0.0,0.0,0.0,0.0,0.0,0.21942,-0.09043,-1.93532,0.00138,-0.89632
201.28,SYN.ETH-30AUG19,1566212340835,open,0.0,970.0,0.001,0.011,0.001004,101.29,0.001,0.0,ETH-30AUG19-140-P,200.92,0.0,0.0,0.0,0.002,250.0,113.19,0.01334,-0.06212,-0.00097,0.00109,-0.01524
201.05,SYN.ETH-23AUG19,1566212340835,open,0.01,293.0,0.001,0.026,0.008218,88.84,0.006,0.0,ETH-23AUG19-220-C,200.92,80.01,0.006,481.0,0.01,210.0,95.35,0.05322,-0.60992,0.00354,0.01396,0.17404
204.15,ETH-27DEC19,1566212340837,open,0.46,0.0,0.419,0.484,0.453661,96.55,None,0.0,ETH-27DEC19-120-C,200.92,0.0,0.1,10.0,2.47,1.0,500.0,0.23348,-0.08678,0.31476,0.00163,0.88697
202.2,ETH-27SEP19,1566212340837,open,2.16,0.0,2.074,2.264,2.166085,132.57,None,0.0,ETH-27SEP19-640-P,200.92,0.0,0.0,0.0,0.0,0.0,0.0,0.01319,-0.02249,-0.6803,0.00023,-0.9928
204.15,ETH-27DEC19,1566212340840,open,0.08,408.0,0.035,0.116,0.075124,102.42,0.073,0.0,ETH-27DEC19-360-C,200.92,99.78,0.07,110.0,0.079,309.0,104.39,0.40014,-0.15778,0.13913,0.00263,0.26666
204.15,ETH-27DEC19,1566212340840,open,0.24,707.0,0.179,0.281,0.234627,96.55,0.226,0.0,ETH-27DEC19-200-C,200.92,92.3,0.225,30.0,0.241,30.0,99.38,0.46104,-0.17137,0.28495,0.00322,0.62689
202.2,ETH-27SEP19,1566212340840,open,0.41,47.0,0.39,0.433,0.411852,98.22,0.689,0.0,ETH-27SEP19-120-C,200.92,0.0,0.0,0.0,0.0,0.0,0.0,0.05323,-0.06725,0.11872,0.00124,0.96311
202.2,ETH-27SEP19,1566212340840,open,0.0,2698.0,0.001,0.011,0.000307,130.0,0.001,0.0,ETH-27SEP19-720-C,200.92,0.0,0.0,0.0,0.001,221.0,145.38,0.0055,-0.0092,0.00052,0.0001,0.00271
204.15,ETH-27DEC19,1566212340842,open,0.11,1886.0,0.068,0.152,0.111224,96.55,0.155,0.0,ETH-27DEC19-160-P,200.92,92.09,0.103,40.0,0.114,247.0,98.05,0.3773,-0.14024,-0.25406,0.00264,-0.23852
202.2,ETH-27SEP19,1566212340849,open,0.32,191.0,0.294,0.349,0.322416,95.03,0.5,0.0,ETH-27SEP19-140-C,200.92,0.0,0.0,0.0,0.0,0.0,0.0,0.10721,-0.13104,0.12653,0.00259,0.90994
202.2,ETH-27SEP19,1566212340854,open,0.41,827.0,0.36,0.469,0.414063,97.15,0.421,0.0,ETH-27SEP19-280-P,200.92,0.0,0.375,1.0,0.447,1.0,129.56,0.18059,-0.22564,-0.26305,0.00427,-0.80737
204.15,ETH-27DEC19,1566212340857,open,0.33,6.0,0.278,0.369,0.327486,96.55,0.303,0.0,ETH-27DEC19-160-C,200.92,70.26,0.28,40.0,0.366,40.0,117.26,0.3773,-0.14024,0.31526,0.00264,0.76148
202.2,ETH-27SEP19,1566212340857,open,0.69,296.0,0.636,0.752,0.69211,101.45,0.848,0.0,ETH-27SEP19-340-P,200.92,0.0,0.668,1.0,0.732,1.0,154.67,0.09823,-0.12817,-0.34716,0.00222,-0.91986
204.15,ETH-27DEC19,1566212340859,open,0.01,1749.0,0.003,0.03,0.012399,110.04,0.013,0.0,ETH-27DEC19-720-C,200.92,104.47,0.009,350.0,0.013,50.0,110.92,0.13682,-0.05796,0.03145,0.00084,0.0557
202.2,ETH-27SEP19,1566212340861,open,2.75,0.0,2.65,2.875,2.75904,137.46,None,0.0,ETH-27SEP19-760-P,200.92,0.0,0.0,0.0,0.0,0.0,0.0,0.00639,-0.01129,-0.80886,0.00011,-0.99681
202.2,ETH-27SEP19,1566212340861,open,1.96,27.0,1.881,2.061,1.968526,129.87,1.044,0.0,ETH-27SEP19-600-P,200.92,0.0,0.0,0.0,0.0,0.0,0.0,0.01647,-0.02751,-0.63731,0.00029,-0.99072
202.2,ETH-27SEP19,1566212340863,open,2.36,0.0,2.266,2.468,2.363649,133.77,None,0.0,ETH-27SEP19-680-P,200.92,0.0,0.0,0.0,0.0,0.0,0.0,0.00994,-0.0171,-0.72327,0.00017,-0.99476
201.28,SYN.ETH-30AUG19,1566212340863,open,0.49,0.0,0.448,0.539,0.491529,104.48,None,0.0,ETH-30AUG19-300-P,200.92,0.0,0.0,0.0,0.0,0.0,0.0,0.01456,-0.06995,-0.08844,0.00115,-0.98312
204.15,ETH-27DEC19,1566212340865,open,2.73,0.0,2.617,2.86,2.733158,110.32,None,0.0,ETH-27DEC19-760-P,200.92,0.0,0.0,0.0,0.0,0.0,0.0,0.1208,-0.05131,-2.67722,0.00074,-0.95238
201.05,SYN.ETH-23AUG19,1566212341001,open,0.1,11.0,0.066,0.14,0.102491,88.84,0.103,0.0,ETH-23AUG19-220-P,200.92,90.74,0.103,50.0,0.11,50.0,114.28,0.05322,-0.60992,-0.01982,0.01396,-0.82596
201.28,SYN.ETH-30AUG19,1566212341105,open,0.16,0.0,0.119,0.201,0.160172,89.04,None,0.0,ETH-30AUG19-230-P,200.92,0.0,0.0,0.0,0.0,0.0,0.0,0.10136,-0.41489,-0.05672,0.00943,-0.78558
201.05,SYN.ETH-23AUG19,1566212341215,open,0.15,0.0,0.112,0.185,0.147085,88.88,None,0.0,ETH-23AUG19-230-P,200.92,0.0,0.0,0.0,0.0,0.0,0.0,0.03002,-0.34417,-0.02284,0.00787,-0.92267
201.05,SYN.ETH-23AUG19,1566212341313,open,0.0,101.0,0.001,0.011,0.001596,96.17,0.001,0.0,ETH-23AUG19-240-C,200.92,88.7,0.001,6.0,0.002,400.0,100.34,0.01827,-0.22668,0.00084,0.00443,0.04115
201.05,SYN.ETH-23AUG19,1566212341419,open,0.19,0.0,0.16,0.234,0.195349,96.24,None,0.0,ETH-23AUG19-240-P,200.92,0.0,0.0,0.0,0.0,0.0,0.0,0.01831,-0.22732,-0.02464,0.00443,-0.95874
10815.58,BTC-27SEP19,1566212341625,open,0.19,91.6,0.147,0.2325,0.19035548,93.82,0.2205,0.0,BTC-27SEP19-12000-P,10705.78,86.48,0.181,7.0,0.196,7.0,98.23,13.83941,-16.70034,-8.80372,0.00012,-0.57389
11027.28,BTC-27DEC19,1566212341625,open,0.04,340.6,0.0135,0.0725,0.03852258,99.98,0.033,0.0,BTC-27DEC19-24000-C,10705.78,99.27,0.0375,4.9,0.04,9.9,101.0,15.82537,-6.0915,4.6595,4e-05,0.15727
11027.28,BTC-27DEC19,1566212341625,open,0.78,0.0,0.765,0.7845,0.77458805,110.88,None,0.0,BTC-27DEC19-2500-C,10705.78,0.0,0.0135,3.1,0.9675,0.5,500.0,0.95424,-0.40733,8.64774,0.0,0.99498
10716.43,SYN.BTC-23AUG19,1566212341625,open,0.12,5.6,0.0985,0.154,0.12514749,90.43,0.118,0.0,BTC-23AUG19-12000-P,10705.78,0.0,0.103,1.0,0.145,1.0,159.29,2.22878,-26.00293,-1.14202,0.0002,-0.87847
10736.28,SYN.BTC-30AUG19,1566212341627,open,0.4,0.0,0.37,0.433,0.39955107,102.9,None,0.0,BTC-30AUG19-15000-P,10705.78,0.0,0.0,0.0,0.0,0.0,0.0,1.47915,-6.9975,-4.36072,4e-05,-0.96359
10815.58,BTC-27SEP19,1566212341627,open,0.26,43.0,0.2155,0.304,0.25980377,95.21,0.2965,0.0,BTC-27SEP19-13000-P,10705.78,83.27,0.246,9.0,0.288,1.0,118.3,12.80111,-15.67579,-10.69736,0.00011,-0.66882
10815.58,BTC-27SEP19,1566212341627,open,0.0,684.0,0.0005,0.0105,0.00089059,119.52,0.0005,0.0,BTC-27SEP19-30000-C,10705.78,0.0,0.0,0.0,0.0015,24.0,126.7,0.75232,-1.15646,0.07901,1e-05,0.00775
10815.58,BTC-27SEP19,1566212341627,open,0.0,330.4,0.0005,0.011,0.0010717,112.92,0.0015,0.0,BTC-27SEP19-4750-P,10705.78,102.57,0.0005,22.0,0.0015,30.0,118.36,0.75856,-1.10165,-0.10245,1e-05,-0.00782
10815.58,BTC-27SEP19,1566212341627,open,0.54,789.2,0.5285,0.5505,0.53922755,111.83,0.5015,0.0,BTC-27SEP19-5000-C,10705.78,0.0,0.5295,9.0,0.5495,9.0,163.78,1.00792,-1.4497,5.18321,1e-05,0.98918
10716.43,SYN.BTC-23AUG19,1566212341625,open,0.0,208.5,0.0005,0.0115,0.00187649,101.37,0.001,0.0,BTC-23AUG19-9000-P,10705.78,97.08,0.0015,0.5,0.0025,2.0,107.55,0.99812,-13.05373,-0.05041,8e-05,-0.04243
10716.43,SYN.BTC-23AUG19,1566212341625,open,0.0,369.4,0.0005,0.019,0.0052018,96.92,0.0055,0.0,BTC-23AUG19-9500-P,10705.78,93.05,0.0045,0.4,0.006,31.0,101.07,2.00093,-25.01838,-0.12482,0.00017,-0.10449
10716.43,SYN.BTC-23AUG19,1566212341625,open,0.03,177.9,0.006,0.0515,0.02696816,88.92,0.0275,0.0,BTC-23AUG19-10500-P,10705.78,87.74,0.0265,0.2,0.029,16.9,94.04,4.24949,-48.74987,-0.47921,0.00039,-0.39417
11027.62,BTC-27DEC19,1566212341629,open,1.56,0.1,1.498,1.64,1.56492787,102.25,1.49,0.0,BTC-27DEC19-28000-P,10705.78,0.0,0.0045,1.0,0.0,0.0,0.0,12.42778,-4.89237,-96.3001,3e-05,-0.88927
10716.43,SYN.BTC-23AUG19,1566212341625,open,0.4,0.0,0.3725,0.43,0.39993989,125.31,None,0.0,BTC-23AUG19-15000-P,10705.78,0.0,0.0,0.0,0.0,0.0,0.0,0.17511,-2.83076,-1.58669,1e-05,-0.99445
10716.43,SYN.BTC-23AUG19,1566212341625,open,0.3,0.0,0.286,0.3145,0.30022799,124.66,None,0.0,BTC-23AUG19-7500-C,10705.78,0.0,0.0,0.0,0.0,0.0,0.0,0.07756,-1.24736,0.79373,1e-05,0.99776
10815.92,BTC-27SEP19,1566212341630,open,1.58,0.0,1.5385,1.645,1.58995677,116.27,None,0.0,BTC-27SEP19-28000-P,10705.78,0.0,0.0,0.0,0.0,0.0,0.0,0.96126,-1.43743,-29.71797,1e-05,-0.98975
10716.43,SYN.BTC-23AUG19,1566212341625,open,0.3,0.0,0.281,0.336,0.30690934,113.33,None,0.0,BTC-23AUG19-14000-P,10705.78,0.0,0.0,0.0,0.0,0.0,0.0,0.36622,-5.35408,-1.47251,3e-05,-0.98714
10736.28,SYN.BTC-30AUG19,1566212341625,open,0.02,83.6,0.005,0.043,0.02124568,96.86,0.0235,0.0,BTC-30AUG19-9500-P,10705.78,93.29,0.0195,31.0,0.0225,0.2,99.38,5.30274,-23.61265,-0.73159,0.00016,-0.20745
10716.43,SYN.BTC-23AUG19,1566212341626,open,0.44,0.0,0.4185,0.4765,0.44647651,125.62,None,0.0,BTC-23AUG19-15500-P,10705.78,0.0,0.0,0.0,0.0,0.0,0.0,0.09078,-1.47116,-1.64292,1e-05,-0.99734
10736.28,SYN.BTC-30AUG19,1566212341625,open,0.14,9.6,0.1075,0.164,0.13639434,96.85,0.11,0.0,BTC-30AUG19-9500-C,10705.78,85.55,0.131,11.0,0.142,11.0,107.9,5.30266,-23.61163,2.09909,0.00016,0.79256
10736.28,SYN.BTC-30AUG19,1566212341625,open,0.22,0.0,0.1935,0.237,0.2146136,100.4,None,0.0,BTC-30AUG19-8500-C,10705.78,0.0,0.0,0.0,0.314,5.0,316.8,2.64301,-12.1995,2.27019,8e-05,0.92426
10736.28,SYN.BTC-30AUG19,1566212341625,open,0.0,87.9,0.0005,0.0115,0.00157372,107.58,0.002,0.0,BTC-30AUG19-7500-P,10705.78,100.18,0.001,1.0,0.0025,37.0,116.59,0.95218,-4.70924,-0.07366,3e-05,-0.02145
10736.28,SYN.BTC-30AUG19,1566212341625,open,0.08,21.8,0.0435,0.104,0.07497099,93.13,0.074,0.0,BTC-30AUG19-10500-C,10705.78,90.2,0.073,25.0,0.0755,0.1,93.92,7.21855,-30.90827,1.63671,0.00023,0.5866
10716.43,SYN.BTC-23AUG19,1566212341625,open,0.0,203.9,0.0005,0.011,0.00111887,97.03,0.001,0.0,BTC-23AUG19-13000-C,10705.78,85.89,0.0005,12.9,0.0015,0.5,102.0,0.74974,-9.38528,0.03277,6e-05,0.02992
10716.43,SYN.BTC-23AUG19,1566212341625,open,0.21,0.0,0.1895,0.242,0.21421358,97.09,None,0.0,BTC-23AUG19-13000-P,10705.78,0.0,0.0,0.0,1.2145,3.0,500.0,0.7515,-9.41338,-1.34752,6e-05,-0.96999
10716.43,SYN.BTC-23AUG19,1566212341625,open,0.0,86.1,0.0005,0.0105,0.00071252,108.93,0.0005,0.0,BTC-23AUG19-8500-P,10705.78,103.47,0.0005,0.7,0.001,2.9,114.86,0.46528,-6.53879,-0.02014,4e-05,-0.01699
10716.43,SYN.BTC-23AUG19,1566212341625,open,0.35,0.0,0.327,0.384,0.35353908,125.02,None,0.0,BTC-23AUG19-14500-P,10705.78,0.0,0.0,0.0,0.0,0.0,0.0,0.32545,-5.24909,-1.52743,2e-05,-0.98878
10716.43,SYN.BTC-23AUG19,1566212341625,open,0.01,283.7,0.001,0.0315,0.01230234,89.83,0.013,0.0,BTC-23AUG19-11500-C,10705.78,85.67,0.011,24.0,0.0135,2.4,93.55,3.40903,-39.50543,0.25564,0.00031,0.23696
10716.43,SYN.BTC-23AUG19,1566212341625,open,0.21,8.8,0.191,0.2255,0.20753521,108.87,0.1455,0.0,BTC-23AUG19-8500-C,10705.78,0.0,0.0,0.0,0.221,0.5,211.07,0.4641,-6.51834,0.88248,3e-05,0.98306
10736.28,SYN.BTC-30AUG19,1566212341625,open,0.04,40.6,0.0125,0.063,0.03673367,93.14,0.037,0.0,BTC-30AUG19-11500-C,10705.78,90.45,0.035,41.0,0.0375,0.1,94.32,6.96131,-29.80696,1.04781,0.00022,0.36427
10716.43,SYN.BTC-23AUG19,1566212341625,open,0.49,0.0,0.464,0.524,0.49307988,126.27,None,0.0,BTC-23AUG19-16000-P,10705.78,0.0,0.0,0.0,0.0,0.0,0.0,0.04674,-0.76139,-1.69753,0.0,-0.99872
10736.28,SYN.BTC-30AUG19,1566212341625,open,0.26,0.0,0.2345,0.2985,0.26477342,96.96,None,0.0,BTC-30AUG19-13500-P,10705.78,0.0,0.0,0.0,0.0,0.0,0.0,3.2387,-14.43763,-3.72799,0.0001,-0.90058
10736.28,SYN.BTC-30AUG19,1566212341627,open,0.31,13.0,0.2795,0.344,0.30963771,101.49,0.2895,0.0,BTC-30AUG19-14000-P,10705.78,0.0,0.0,0.0,0.0,0.0,0.0,2.669,-12.45331,-3.94415,8e-05,-0.92328
10736.28,SYN.BTC-30AUG19,1566212341625,open,0.18,0.0,0.148,0.216,0.18113979,95.01,None,0.0,BTC-30AUG19-12500-P,10705.78,0.0,0.0,0.0,0.283,5.0,257.08,5.17199,-22.59209,-3.14206,0.00016,-0.80105
10716.43,SYN.BTC-23AUG19,1566212341625,open,0.0,12.2,0.0005,0.0105,9.436e-05,125.0,0.001,0.0,BTC-23AUG19-15500-C,10705.78,0.0,0.0,0.0,0.001,16.0,163.18,0.0872,-1.01117,0.00279,1e-05,0.00255
10716.43,SYN.BTC-23AUG19,1566212341625,open,0.12,20.6,0.0965,0.142,0.11870951,96.9,0.139,0.0,BTC-23AUG19-9500-C,10705.78,0.0,0.101,4.0,0.137,4.3,168.3,2.00042,-25.0077,0.88397,0.00017,0.89554
10716.43,SYN.BTC-23AUG19,1566212341625,open,0.0,214.9,0.0005,0.0105,0.00049966,113.19,0.001,0.0,BTC-23AUG19-14000-C,10705.78,0.0,0.0,0.0,0.001,35.0,124.66,0.36392,-5.3141,0.01396,3e-05,0.01277
10736.28,SYN.BTC-30AUG19,1566212341625,open,0.3,0.0,0.2875,0.32,0.30300687,107.56,None,0.0,BTC-30AUG19-7500-C,10705.78,0.0,0.0,0.0,0.0,0.0,0.0,0.95178,-4.70675,2.16111,3e-05,0.97856
10736.28,SYN.BTC-30AUG19,1566212341625,open,0.11,0.0,0.0735,0.142,0.10786951,93.14,0.16,0.0,BTC-30AUG19-11500-P,10705.78,87.13,0.104,28.0,0.112,28.0,99.47,6.96134,-29.80791,-2.37877,0.00022,-0.63572
10716.43,SYN.BTC-23AUG19,1566212341625,open,0.0,93.0,0.0005,0.0105,4.023e-05,125.0,0.0005,0.0,BTC-23AUG19-16000-C,10705.78,0.0,0.0,0.0,0.0005,5.0,160.09,0.04241,-0.43118,0.00127,0.0,0.00115
10716.43,SYN.BTC-23AUG19,1566212341625,open,0.0,78.2,0.0005,0.0105,0.00023533,115.49,0.0005,0.0,BTC-23AUG19-8000-P,10705.78,0.0,0.0,0.0,0.0005,11.0,126.97,0.18598,-2.52195,-0.00702,1e-05,-0.00594
10716.43,SYN.BTC-23AUG19,1566212341625,open,0.0,108.5,0.0005,0.0105,0.0005142,100.32,0.001,0.0,BTC-23AUG19-13500-C,10705.78,0.0,0.0,0.0,0.001,0.5,110.41,0.40739,-5.27228,0.01597,3e-05,0.01455
10736.28,SYN.BTC-30AUG19,1566212341625,open,0.01,13.9,0.0005,0.022,0.00735308,96.96,0.0075,0.0,BTC-30AUG19-13500-C,10705.78,95.77,0.007,30.0,0.008,3.0,99.06,3.23831,-14.43493,0.29448,0.0001,0.09941
10716.43,SYN.BTC-23AUG19,1566212341626,open,0.08,220.5,0.0525,0.105,0.07933611,92.18,0.079,0.0,BTC-23AUG19-10000-C,10705.78,82.57,0.0765,0.1,0.08,1.0,94.35,3.26026,-38.77182,0.79855,0.00029,0.7811
10736.28,SYN.BTC-30AUG19,1566212341625,open,0.01,433.4,0.0015,0.029,0.01133064,96.35,0.011,0.0,BTC-30AUG19-13000-C,10705.78,94.18,0.0105,32.0,0.012,1.2,98.05,4.18335,-18.53002,0.42101,0.00013,0.14294
201.05,SYN.ETH-23AUG19,1566212341630,open,0.24,0.0,0.208,0.285,0.244535,106.03,None,0.0,ETH-23AUG19-250-P,200.92,0.0,0.0,0.0,0.0,0.0,0.0,0.01259,-0.17225,-0.02601,0.00277,-0.9738
10716.43,SYN.BTC-23AUG19,1566212341626,open,0.26,0.0,0.2355,0.288,0.2602664,100.43,None,0.0,BTC-23AUG19-13500-P,10705.78,0.0,0.0,0.0,0.0,0.0,0.0,0.40976,-5.30922,-1.4174,3e-05,-0.98535
10716.43,SYN.BTC-23AUG19,1566212341675,open,0.0,197.0,0.0005,0.0105,9.033e-05,125.0,0.001,0.0,BTC-23AUG19-7500-P,10705.78,0.0,0.0,0.0,0.0005,5.0,151.62,0.0792,-0.96798,-0.00271,1e-05,-0.00229
201.05,SYN.ETH-23AUG19,1566212342213,open,0.26,0.0,0.231,0.277,0.254365,125.67,None,0.0,ETH-23AUG19-150-C,200.92,0.0,0.0,0.0,0.0,0.0,0.0,0.00552,-0.08947,0.0157,0.00102,0.99001
202.2,ETH-27SEP19,1566212342499,open,0.0,6259.0,0.001,0.012,0.002014,123.24,0.001,0.0,ETH-27SEP19-520-C,200.92,113.45,0.001,140.0,0.003,540.0,129.84,0.02625,-0.04161,0.00299,0.00049,0.01588
10815.8,BTC-27SEP19,1566212342625,open,0.04,263.5,0.0165,0.069,0.04063913,95.85,0.039,0.0,BTC-27SEP19-14000-C,10705.5,93.78,0.0385,35.3,0.0435,35.3,98.58,11.26217,-13.88418,2.43379,9e-05,0.25191
10815.52,BTC-27SEP19,1566212342627,open,1.03,0.2,0.995,1.085,1.03739165,104.55,1.391,0.0,BTC-27SEP19-22000-P,10705.5,0.0,0.0045,10.0,0.0,0.0,0.0,2.27019,-3.05256,-23.14674,2e-05,-0.97197
11027.36,BTC-27DEC19,1566212342626,open,0.01,532.8,0.0005,0.0185,0.00834234,94.55,0.009,0.0,BTC-27DEC19-4500-P,10705.5,91.15,0.007,17.0,0.01,30.0,98.37,4.5572,-1.65884,-1.53037,1e-05,-0.03066
11027.36,BTC-27DEC19,1566212342627,open,0.05,246.9,0.0185,0.085,0.04789103,98.71,0.0435,0.0,BTC-27DEC19-22000-C,10705.5,98.15,0.047,4.9,0.0495,9.8,99.69,17.83863,-6.77866,5.5682,4e-05,0.1898
10815.52,BTC-27SEP19,1566212342626,open,0.0,590.6,0.0005,0.0135,0.00383955,102.32,0.007,0.0,BTC-27SEP19-6000-P,10705.5,97.86,0.003,55.1,0.005,44.0,107.65,2.18053,-2.86956,-0.35194,2e-05,-0.02671
10815.52,BTC-27SEP19,1566212342626,open,0.61,9.2,0.598,0.6175,0.60786161,122.58,0.574,0.0,BTC-27SEP19-4250-C,10705.5,0.0,0.599,10.0,0.617,10.0,186.37,0.56678,-0.8936,4.45243,0.0,0.99437
10815.52,BTC-27SEP19,1566212342627,open,0.08,623.1,0.0465,0.1145,0.08084915,93.83,0.083,0.0,BTC-27SEP19-12000-C,10705.5,91.6,0.078,29.4,0.0835,17.0,95.9,13.83935,-16.70113,3.97729,0.00012,0.42612
11027.36,BTC-27DEC19,1566212342627,open,0.06,629.4,0.0265,0.101,0.06067504,97.48,0.0615,0.0,BTC-27DEC19-20000-C,10705.5,96.83,0.0595,0.1,0.0625,15.1,98.48,20.05834,-7.52764,6.71253,5e-05,0.23175
11027.36,BTC-27DEC19,1566212342627,open,0.0,160.4,0.0005,0.013,0.00303467,98.27,0.002,0.0,BTC-27DEC19-3500-P,10705.5,92.08,0.002,27.0,0.0045,27.0,105.12,2.084,-0.78844,-0.59773,0.0,-0.0122
11027.36,BTC-27DEC19,1566212342627,open,0.01,249.3,0.003,0.0255,0.01256791,92.96,0.015,0.0,BTC-27DEC19-5000-P,10705.5,90.06,0.011,22.0,0.014,6.0,95.46,6.14857,-2.20047,-2.22851,2e-05,-0.04423
11027.36,BTC-27DEC19,1566212342628,open,0.73,0.0,0.72,0.7395,0.72978559,102.52,None,0.0,BTC-27DEC19-3000-C,10705.5,0.0,0.0055,0.1,0.9635,0.5,500.0,1.3557,-0.5351,10.30998,0.0,0.99254
11027.36,BTC-27DEC19,1566212342628,open,0.64,27.7,0.6315,0.655,0.64246732,96.23,0.6705,0.0,BTC-27DEC19-4000-C,10705.5,0.0,0.6315,10.0,0.655,10.0,126.15,3.18603,-1.18038,13.24377,1e-05,0.97999
11027.36,BTC-27DEC19,1566212342628,open,3.35,0.0,3.2685,3.4595,3.35907841,111.48,None,0.0,BTC-27DEC19-48000-P,10705.5,0.0,0.0,0.0,0.0,0.0,0.0,4.48766,-1.92595,-169.86049,1e-05,-0.9699
11027.36,BTC-27DEC19,1566212342628,open,1.38,0.0,1.3235,1.463,1.38923469,101.23,None,0.0,BTC-27DEC19-26000-P,10705.5,0.0,0.0045,10.0,2.1545,0.2,499.83,14.03895,-5.47121,-88.58207,3e-05,-0.86833
11027.36,BTC-27DEC19,1566212342629,open,0.4,294.3,0.342,0.467,0.40544269,93.34,0.42,0.0,BTC-27DEC19-14000-P,10705.5,89.53,0.3965,6.6,0.4105,3.6,95.49,25.94744,-9.32397,-37.87147,6e-05,-0.55973
11027.36,BTC-27DEC19,1566212342629,open,0.02,159.2,0.0045,0.0425,0.01814955,104.32,0.0135,0.0,BTC-27DEC19-32000-C,10705.5,104.15,0.018,6.0,0.02,10.0,106.34,9.83594,-3.95014,2.45103,2e-05,0.08062
11027.36,BTC-27DEC19,1566212342630,open,0.01,338.6,0.0005,0.015,0.00519291,96.2,0.0065,0.0,BTC-27DEC19-4000-P,10705.5,91.76,0.004,27.0,0.0065,16.0,100.45,3.18305,-1.17891,-0.98798,1e-05,-0.01999
10815.52,BTC-27SEP19,1566212342630,open,0.72,225.7,0.713,0.7325,0.7226792,126.97,0.693,0.0,BTC-27SEP19-3000-C,10705.5,0.0,0.7135,11.0,0.732,11.0,246.33,0.06044,-0.0987,3.18906,0.0,0.99952
10736.59,SYN.BTC-30AUG19,1566212342627,open,0.0,781.6,0.0005,0.0105,0.00049994,118.84,0.0005,0.0,BTC-30AUG19-18000-C,10705.5,0.0,0.0,0.0,0.001,1.5,129.18,0.39913,-2.18075,0.02349,1e-05,0.00784
11027.36,BTC-27DEC19,1566212342632,open,0.41,51.5,0.3805,0.4445,0.41306387,91.19,0.377,0.0,BTC-27DEC19-7000-C,10705.5,64.1,0.3825,12.0,0.443,12.0,113.1,14.21263,-4.98962,17.77044,4e-05,0.86595
10736.59,SYN.BTC-30AUG19,1566212342627,open,0.18,29.1,0.1485,0.1985,0.17340646,97.47,0.133,0.0,BTC-30AUG19-9000-C,10705.5,80.82,0.168,11.0,0.181,11.0,116.6,3.89236,-17.44161,2.2328,0.00012,0.87135
202.2,ETH-27SEP19,1566212342708,open,0.0,5128.0,0.001,0.012,0.00206,114.95,0.002,0.0,ETH-27SEP19-480-C,200.92,105.32,0.001,300.0,0.003,200.0,120.9,0.02801,-0.04141,0.00325,0.00056,0.01713
201.28,SYN.ETH-30AUG19,1566212342717,open,0.01,213.0,0.002,0.028,0.011037,92.83,0.012,0.0,ETH-30AUG19-170-P,200.92,86.99,0.009,534.0,0.013,250.0,98.1,0.07286,-0.31098,-0.00836,0.0065,-0.12838
10815.52,BTC-27SEP19,1566212342865,open,0.0,428.2,0.0005,0.011,0.0011251,115.64,0.0005,0.0,BTC-27SEP19-28000-C,10705.5,106.11,0.0005,0.1,0.002,50.0,123.85,0.92907,-1.38185,0.1006,1e-05,0.00986
201.28,SYN.ETH-30AUG19,1566212342888,open,0.09,0.0,0.057,0.125,0.093011,91.16,None,0.0,ETH-30AUG19-190-C,200.92,79.82,0.086,137.0,0.093,150.0,91.15,0.12554,-0.52614,0.03472,0.01141,0.67188
201.05,SYN.ETH-23AUG19,1566212342937,open,0.11,740.0,0.079,0.141,0.111247,97.73,0.051,0.0,ETH-23AUG19-180-C,200.92,0.0,0.091,19.0,0.127,19.0,156.56,0.04274,-0.53886,0.0163,0.01019,0.87461
201.05,SYN.ETH-23AUG19,1566212343047,open,0.01,436.0,0.001,0.023,0.006562,97.75,0.008,0.0,ETH-23AUG19-180-P,200.92,95.06,0.006,1.0,0.008,275.0,104.26,0.04275,-0.53911,-0.00282,0.01019,-0.12544
201.05,SYN.ETH-23AUG19,1566212343156,open,0.07,576.0,0.037,0.102,0.071751,95.47,0.056,0.0,ETH-23AUG19-190-C,200.92,71.27,0.064,50.0,0.071,50.0,93.25,0.06804,-0.83805,0.01413,0.01661,0.73358
201.28,SYN.ETH-30AUG19,1566212343197,open,0.01,0.0,0.001,0.02,0.00682,91.43,None,0.0,ETH-30AUG19-250-C,200.92,84.87,0.005,250.0,0.008,250.0,95.24,0.05996,-0.25202,0.00545,0.00543,0.09773
11027.36,BTC-27DEC19,1566212343261,open,0.19,188.7,0.1315,0.231,0.18332384,91.61,0.1725,0.0,BTC-27DEC19-12000-C,10705.5,90.2,0.18,16.6,0.187,5.0,93.16,26.05839,-9.19024,14.27671,7e-05,0.54718
201.05,SYN.ETH-23AUG19,1566212343359,open,0.04,543.0,0.011,0.067,0.038967,88.57,0.037,0.0,ETH-23AUG19-200-C,200.92,76.42,0.034,150.0,0.04,99.0,91.09,0.08221,-0.93938,0.01072,0.02163,0.54097
201.05,SYN.ETH-23AUG19,1566212343449,open,0.02,366.0,0.002,0.041,0.016805,95.49,0.019,0.0,ETH-23AUG19-190-P,200.92,93.1,0.016,4.0,0.019,200.0,101.9,0.06804,-0.83822,-0.00605,0.0166,-0.26645
10815.42,BTC-27SEP19,1566212343587,open,0.63,227.5,0.621,0.6405,0.63075161,125.08,0.7065,0.0,BTC-27SEP19-4000-C,10705.5,0.0,0.6215,10.0,0.64,10.0,196.73,0.43079,-0.69301,4.20587,0.0,0.99586
10815.42,BTC-27SEP19,1566212343625,open,0.03,552.8,0.0095,0.054,0.02890838,96.99,0.028,0.0,BTC-27SEP19-15000-C,10705.52,95.39,0.0275,35.3,0.031,24.3,99.32,9.60282,-11.97952,1.86479,8e-05,0.19079
11027.43,BTC-27DEC19,1566212343625,open,0.26,503.3,0.2045,0.299,0.25418677,91.2,0.2445,0.0,BTC-27DEC19-10000-C,10705.52,88.78,0.249,20.0,0.259,11.0,93.44,23.69632,-8.31963,16.48397,6e-05,0.67429
11027.43,BTC-27DEC19,1566212343625,open,0.14,435.6,0.086,0.184,0.1359039,93.35,0.1315,0.0,BTC-27DEC19-14000-C,10705.52,91.69,0.132,20.6,0.1415,11.7,95.73,25.94801,-9.3254,11.94434,6e-05,0.44031
11027.43,BTC-27DEC19,1566212343625,open,0.12,530.1,0.074,0.1575,0.11576598,91.19,0.1125,0.0,BTC-27DEC19-9000-P,10705.52,88.2,0.11,21.3,0.117,4.9,91.83,21.3075,-7.48032,-14.71741,5e-05,-0.25931
11027.43,BTC-27DEC19,1566212343625,open,0.69,4.0,0.676,0.696,0.68564991,98.3,0.666,0.0,BTC-27DEC19-3500-C,10705.52,0.0,0.0075,0.2,0.98,1.0,500.0,2.08636,-0.78958,11.85526,0.0,0.98779
11027.43,BTC-27DEC19,1566212343625,open,0.03,233.6,0.01,0.063,0.03151873,101.27,0.0265,0.0,BTC-27DEC19-26000-C,10705.52,100.47,0.0305,6.0,0.034,14.0,103.19,14.05081,-5.47819,3.93623,3e-05,0.13184
11027.43,BTC-27DEC19,1566212343625,open,0.0,384.0,0.0005,0.0115,0.00182982,102.47,0.0015,0.0,BTC-27DEC19-3000-P,10705.52,94.33,0.001,21.1,0.003,16.0,110.55,1.35265,-0.53363,-0.36373,0.0,-0.00744
11027.43,BTC-27DEC19,1566212343625,open,0.21,219.4,0.1585,0.265,0.21284977,91.19,0.222,0.0,BTC-27DEC19-11000-P,10705.52,88.85,0.2075,7.0,0.217,4.9,93.0,25.25772,-8.86699,-23.69642,6e-05,-0.39106
11027.43,BTC-27DEC19,1566212343625,open,2.99,0.0,2.9135,3.0925,2.99783762,109.72,3.46,0.0,BTC-27DEC19-44000-P,10705.52,0.0,0.0,0.0,0.0,0.0,0.0,5.31482,-2.24498,-155.41779,1e-05,-0.96304
11027.43,BTC-27DEC19,1566212343625,open,0.0,100.7,0.0005,0.0105,0.00079833,119.55,0.0005,0.0,BTC-27DEC19-2000-P,10705.52,113.12,0.0005,1.0,0.001,1.0,122.99,0.59721,-0.27487,-0.14804,0.0,-0.00297
11027.43,BTC-27DEC19,1566212343625,open,1.21,0.0,1.1495,1.287,1.21487727,99.96,None,0.0,BTC-27DEC19-24000-P,10705.52,0.0,0.0055,1.0,1.9805,0.2,500.0,15.81919,-6.08752,-80.74052,4e-05,-0.84282
10815.42,BTC-27SEP19,1566212343625,open,0.13,275.5,0.09,0.169,0.13028337,92.93,0.15,0.0,BTC-27SEP19-11000-P,10705.52,90.79,0.1275,26.4,0.1345,12.0,96.19,14.01687,-16.75373,-6.82065,0.00012,-0.46182
11027.43,BTC-27DEC19,1566212343625,open,0.45,63.0,0.418,0.4745,0.4464382,91.2,0.4965,0.0,BTC-27DEC19-6500-C,10705.52,61.69,0.42,9.0,0.473,9.0,113.45,12.11039,-4.25207,17.52944,3e-05,0.89318
11027.43,BTC-27DEC19,1566212343625,open,0.22,592.5,0.164,0.262,0.2153562,91.2,0.206,0.0,BTC-27DEC19-11000-C,10705.52,89.51,0.2115,21.2,0.222,11.2,94.1,25.25755,-8.86773,15.44382,6e-05,0.60895
11027.45,BTC-27DEC19,1566212343627,open,2.63,0.0,2.5585,2.7265,2.63752135,108.36,2.58,0.0,BTC-27DEC19-40000-P,10705.52,0.0,0.0005,3.0,0.0,0.0,0.0,6.5042,-2.71326,-140.869,1e-05,-0.95257
10815.42,BTC-27SEP19,1566212343627,open,0.33,68.8,0.291,0.38,0.33504616,95.82,0.4015,0.0,BTC-27SEP19-14000-P,10705.52,64.31,0.307,5.0,0.8255,0.4,500.0,11.25844,-13.8749,-12.47868,9e-05,-0.74823
10815.42,BTC-27SEP19,1566212343626,open,0.0,125.2,0.0005,0.0105,0.00034937,125.0,0.0005,0.0,BTC-27SEP19-3750-P,10705.52,0.0,0.0,0.0,0.001,32.0,141.64,0.27899,-0.44851,-0.03341,0.0,-0.00255
11027.45,BTC-27DEC19,1566212343626,open,0.0,1260.8,0.0005,0.0185,0.00562506,114.45,0.0065,0.0,BTC-27DEC19-52000-C,10705.52,114.11,0.0055,27.0,0.007,21.0,117.91,4.07351,-1.79489,0.83047,1e-05,0.02679
10815.42,BTC-27SEP19,1566212343627,open,0.45,713.5,0.435,0.4645,0.44908141,102.35,0.362,0.0,BTC-27SEP19-6000-C,10705.52,0.0,0.4365,13.0,0.461,13.0,140.5,2.18227,-2.87257,6.03823,2e-05,0.97326
11027.45,BTC-27DEC19,1566212343626,open,0.82,0.0,0.8095,0.829,0.81943136,119.52,None,0.0,BTC-27DEC19-2000-C,10705.52,0.0,0.0135,3.4,0.9715,0.5,500.0,0.5965,-0.27448,6.96865,0.0,0.99703
11027.45,BTC-27DEC19,1566212343627,open,0.35,204.5,0.3125,0.3895,0.35240825,91.19,0.4065,0.0,BTC-27DEC19-8000-C,10705.52,78.46,0.332,12.0,0.368,12.2,100.57,18.09899,-6.35403,17.78463,5e-05,0.80565
11027.45,BTC-27DEC19,1566212343628,open,0.02,142.8,0.0075,0.0545,0.02576033,102.18,0.02,0.0,BTC-27DEC19-28000-C,10705.52,101.95,0.0255,6.0,0.0275,10.0,103.7,12.40615,-4.88016,3.32353,3e-05,0.11046
10815.42,BTC-27SEP19,1566212343628,open,0.86,42.8,0.8515,0.871,0.86131043,151.47,0.815,0.0,BTC-27SEP19-1500-C,10705.52,0.0,0.0,0.0,0.0,0.0,0.0,0.00173,-0.00337,1.59749,0.0,0.99999
10815.42,BTC-27SEP19,1566212343627,open,0.12,517.8,0.076,0.148,0.1132264,92.94,0.112,0.0,BTC-27SEP19-11000-C,10705.52,90.84,0.1105,14.0,0.115,0.2,94.31,14.01685,-16.75501,4.89528,0.00012,0.53819
10815.42,BTC-27SEP19,1566212343628,open,0.06,292.6,0.028,0.0895,0.05784204,95.22,0.055,0.0,BTC-27SEP19-13000-C,10705.52,92.81,0.055,35.3,0.061,30.3,97.88,12.8011,-15.67746,3.14878,0.00011,0.33119
11027.45,BTC-27DEC19,1566212343628,open,0.08,380.3,0.038,0.1205,0.07741121,95.86,0.076,0.0,BTC-27DEC19-18000-C,10705.52,94.91,0.0755,4.9,0.0795,3.0,96.88,22.29427,-8.22719,8.10562,5e-05,0.28399
10815.42,BTC-27SEP19,1566212343628,open,0.01,507.6,0.0005,0.023,0.01031866,98.29,0.011,0.0,BTC-27SEP19-7000-P,10705.52,96.27,0.0095,1.0,0.0115,20.0,101.09,4.45815,-5.63586,-0.8639,4e-05,-0.06468
11027.45,BTC-27DEC19,1566212343628,open,0.6,6.5,0.5865,0.616,0.60026619,94.54,0.575,0.0,BTC-27DEC19-4500-C,10705.52,0.0,0.586,10.0,0.6155,10.0,122.32,4.55618,-1.65833,14.48216,1e-05,0.96935
11027.45,BTC-27DEC19,1566212343628,open,0.87,5.7,0.809,0.9435,0.87430538,97.47,0.661,0.0,BTC-27DEC19-20000-P,10705.52,0.0,0.0045,5.0,1.466,1.0,375.03,20.05578,-7.52553,-64.4534,5e-05,-0.76831
10815.42,BTC-27SEP19,1566212343628,open,0.67,1.0,0.6345,0.72,0.67493143,100.04,0.575,0.0,BTC-27SEP19-18000-P,10705.52,0.0,0.0045,0.3,1.1415,0.3,500.0,5.30728,-6.82876,-18.35867,4e-05,-0.91879
10815.44,BTC-27SEP19,1566212343629,open,1.95,0.0,1.901,2.0205,1.95947071,123.41,None,0.0,BTC-27SEP19-32000-P,10705.52,0.0,0.0,0.0,0.0,0.0,0.0,0.63113,-1.00173,-34.01814,0.0,-0.99365
11027.45,BTC-27DEC19,1566212343629,open,0.1,219.6,0.0565,0.148,0.10198575,94.74,0.1065,0.0,BTC-27DEC19-16000-C,10705.52,93.39,0.099,18.9,0.107,12.1,96.99,24.45096,-8.91804,9.8667,6e-05,0.35344
10716.47,SYN.BTC-23AUG19,1566212343625,open,0.16,30.0,0.1435,0.1825,0.16206901,101.61,0.1345,0.0,BTC-23AUG19-9000-C,10705.52,0.0,0.146,4.0,0.178,4.0,188.34,1.00441,-13.16593,0.90484,8e-05,0.95724
10736.28,SYN.BTC-30AUG19,1566212343627,open,0.49,0.0,0.4615,0.527,0.49192615,111.71,0.403,0.0,BTC-30AUG19-16000-P,10705.52,0.0,0.0,0.0,0.0,0.0,0.0,1.05655,-5.42605,-4.69507,3e-05,-0.97573
10815.44,BTC-27SEP19,1566212343629,open,0.85,0.0,0.8145,0.902,0.85566968,104.37,0.691,0.0,BTC-27SEP19-20000-P,10705.52,0.0,0.0045,10.0,1.3035,0.2,500.0,3.70294,-4.97081,-20.78776,3e-05,-0.94892
11027.45,BTC-27DEC19,1566212343629,open,0.27,97.1,0.213,0.3275,0.27152628,91.61,0.271,0.0,BTC-27DEC19-12000-P,10705.52,88.85,0.265,15.6,0.2765,3.6,93.71,26.05857,-9.19018,-28.42189,7e-05,-0.45281
10815.44,BTC-27SEP19,1566212343630,open,0.01,669.5,0.0005,0.019,0.00647519,104.41,0.006,0.0,BTC-27SEP19-20000-C,10705.52,103.0,0.006,5.0,0.0075,29.0,107.28,3.70751,-4.97885,0.51475,3e-05,0.05116
10815.44,BTC-27SEP19,1566212343630,open,0.0,1660.1,0.0005,0.0105,2e-08,125.0,0.0005,0.0,BTC-27SEP19-1500-P,10705.52,0.0,0.0,0.0,0.0005,20.0,239.36,4e-05,-7e-05,0.0,0.0,0.0
10736.28,SYN.BTC-30AUG19,1566212343629,open,0.26,23.0,0.2405,0.2775,0.25810155,103.76,0.2,0.0,BTC-30AUG19-8000-C,10705.52,0.0,0.0,0.0,0.0,0.0,0.0,1.64965,-7.86932,2.24018,5e-05,0.95837
10815.44,BTC-27SEP19,1566212343630,open,0.0,761.0,0.0005,0.0105,0.00075953,123.78,0.0005,0.0,BTC-27SEP19-32000-C,10705.52,0.0,0.0,0.0,0.0015,26.0,133.3,0.6449,-1.02666,0.06621,0.0,0.00651
10716.47,SYN.BTC-23AUG19,1566212343625,open,0.0,261.4,0.0005,0.012,0.00227484,92.23,0.002,0.0,BTC-23AUG19-12500-C,10705.52,85.0,0.0015,52.5,0.0025,2.0,94.07,1.28001,-15.23081,0.06335,0.00011,0.05795
10736.28,SYN.BTC-30AUG19,1566212343626,open,0.03,1067.2,0.012,0.0605,0.03452781,94.83,0.0335,0.0,BTC-30AUG19-10000-P,10705.52,93.12,0.0335,14.4,0.036,0.1,97.26,6.4723,-28.21624,-1.07968,0.0002,-0.30297
10736.28,SYN.BTC-30AUG19,1566212343625,open,0.58,0.0,0.5525,0.6195,0.58413768,112.3,None,0.0,BTC-30AUG19-17000-P,10705.52,0.0,0.0,0.0,0.0,0.0,0.0,0.55711,-2.87621,-5.03097,1e-05,-0.98852
10736.28,SYN.BTC-30AUG19,1566212343628,open,0.01,225.6,0.0005,0.0185,0.00564846,101.49,0.005,0.0,BTC-30AUG19-14000-C,10705.52,98.8,0.005,4.9,0.0065,58.0,104.79,2.66905,-12.45368,0.22736,8e-05,0.07672
10736.28,SYN.BTC-30AUG19,1566212343628,open,0.01,1153.6,0.002,0.0285,0.01168145,97.51,0.011,0.0,BTC-30AUG19-9000-P,10705.52,97.01,0.0115,0.1,0.0125,6.0,99.74,3.89494,-17.46114,-0.44934,0.00012,-0.12878
10716.47,SYN.BTC-23AUG19,1566212343625,open,0.0,113.5,0.0005,0.0105,0.00047228,124.87,0.0005,0.0,BTC-23AUG19-14500-C,10705.52,0.0,0.0,0.0,0.001,35.0,138.15,0.32336,-5.06113,0.01214,2e-05,0.01114
10736.28,SYN.BTC-30AUG19,1566212343631,open,0.11,378.6,0.0715,0.132,0.10313359,94.87,0.0865,0.0,BTC-30AUG19-10000-C,10705.52,91.32,0.101,7.0,0.108,40.6,102.89,6.47286,-28.23213,1.89969,0.0002,0.69697
10716.47,SYN.BTC-23AUG19,1566212343626,open,0.01,440.0,0.001,0.032,0.01247811,92.17,0.013,0.0,BTC-23AUG19-10000-P,10705.52,92.24,0.0125,0.2,0.013,1.0,93.88,3.25995,-38.76312,-0.26324,0.00029,-0.21886
10736.28,SYN.BTC-30AUG19,1566212343628,open,0.67,0.0,0.644,0.7135,0.67700976,117.49,None,0.0,BTC-30AUG19-18000-P,10705.52,0.0,0.0,0.0,0.0,0.0,0.0,0.37073,-2.00246,-5.34173,1e-05,-0.99279
10736.28,SYN.BTC-30AUG19,1566212343632,open,0.35,0.0,0.335,0.364,0.34887243,114.64,None,0.0,BTC-30AUG19-7000-C,10705.52,0.0,0.0,0.0,0.0,0.0,0.0,0.57459,-3.02832,2.04491,1e-05,0.9881
10736.28,SYN.BTC-30AUG19,1566212343631,open,0.0,436.3,0.0005,0.0115,0.0016954,112.15,0.0015,0.0,BTC-30AUG19-16000-C,10705.52,110.12,0.0015,18.0,0.002,7.4,115.03,1.07431,-5.53895,0.07378,3e-05,0.02476
202.21,ETH-27SEP19,1566212343692,open,0.04,1731.0,0.017,0.07,0.041984,95.77,0.031,0.0,ETH-27SEP19-260-C,200.92,92.92,0.039,369.0,0.044,160.0,97.67,0.21342,-0.26289,0.04663,0.00512,0.25851
202.21,ETH-27SEP19,1566212343712,open,0.25,2594.0,0.196,0.298,0.248187,95.17,0.31,0.0,ETH-27SEP19-240-P,200.92,58.7,0.208,9.0,0.287,9.0,126.36,0.24338,-0.29789,-0.19432,0.00587,-0.65408
202.21,ETH-27SEP19,1566212343714,open,1.77,24.0,1.689,1.858,1.770768,125.21,1.356,0.0,ETH-27SEP19-560-P,200.92,0.0,0.0,0.0,0.0,0.0,0.0,0.0192,-0.03091,-0.59436,0.00035,-0.98894
204.15,ETH-27DEC19,1566212343730,open,2.54,0.0,2.428,2.661,2.539217,110.04,None,0.0,ETH-27DEC19-720-P,200.92,0.0,0.003,5.0,0.0,0.0,0.0,0.13681,-0.05796,-2.53048,0.00084,-0.94431
202.21,ETH-27SEP19,1566212343730,open,0.12,3054.0,0.074,0.157,0.116503,94.51,0.183,0.0,ETH-27SEP19-200-P,200.92,92.55,0.114,120.0,0.123,120.0,99.59,0.25857,-0.3143,-0.11656,0.00628,-0.42471
202.21,ETH-27SEP19,1566212343744,open,0.79,233.0,0.731,0.85,0.788123,102.97,0.634,0.0,ETH-27SEP19-360-P,200.92,0.0,0.749,1.0,0.825,1.0,158.17,0.0794,-0.10516,-0.37202,0.00177,-0.93923
204.15,ETH-27DEC19,1566212343750,open,0.67,101.0,0.585,0.742,0.664601,101.03,0.513,0.0,ETH-27DEC19-320-P,200.92,88.76,0.639,1.0,0.696,1.0,115.2,0.44014,-0.1712,-0.97066,0.00294,-0.67164
204.15,ETH-27DEC19,1566212343752,open,1.39,21.0,1.299,1.484,1.388777,105.6,0.629,0.0,ETH-27DEC19-480-P,200.92,0.0,0.001,12.0,0.0,0.0,0.0,0.28223,-0.11474,-1.62726,0.0018,-0.85135
202.21,ETH-27SEP19,1566212343780,open,0.18,788.0,0.138,0.215,0.179446,95.06,0.14,0.0,ETH-27SEP19-180-C,200.92,88.45,0.172,110.0,0.609,10.0,499.63,0.22876,-0.27969,0.11254,0.00553,0.702
204.15,ETH-27DEC19,1566212343782,open,1.58,37.0,1.486,1.678,1.57834,107.02,0.707,0.0,ETH-27DEC19-520-P,200.92,0.0,0.002,25.0,0.0,0.0,0.0,0.25211,-0.10387,-1.7814,0.00159,-0.87398
204.15,ETH-27DEC19,1566212343792,open,0.05,654.0,0.018,0.081,0.046571,104.54,0.034,0.0,ETH-27DEC19-440-C,200.92,103.52,0.045,110.0,0.049,431.0,106.08,0.31828,-0.12809,0.0961,0.00205,0.17887
202.21,ETH-27SEP19,1566212343792,open,0.0,3439.0,0.001,0.011,0.000476,130.0,0.001,0.0,ETH-27SEP19-680-C,200.92,0.0,0.0,0.0,0.002,300.0,151.07,0.00793,-0.01326,0.00077,0.00014,0.00407
201.28,SYN.ETH-30AUG19,1566212343792,open,0.21,0.0,0.182,0.237,0.210437,95.02,None,0.0,ETH-30AUG19-160-C,200.92,0.0,0.14,1.0,0.0,0.0,0.0,0.04627,-0.20212,0.0432,0.00403,0.93074
202.21,ETH-27SEP19,1566212343804,open,0.01,5419.0,0.001,0.014,0.0046,106.76,0.003,0.0,ETH-27SEP19-400-C,200.92,99.91,0.003,110.0,0.006,500.0,111.61,0.05365,-0.07367,0.00703,0.00115,0.03724
202.21,ETH-27SEP19,1566212343808,open,0.01,7957.0,0.004,0.03,0.014829,95.1,0.015,0.0,ETH-27SEP19-140-P,200.92,91.56,0.013,298.0,0.016,100.0,97.27,0.1073,-0.13123,-0.02261,0.00259,-0.09015
202.21,ETH-27SEP19,1566212343811,open,0.0,2060.0,0.001,0.011,0.000969,124.49,0.003,0.0,ETH-27SEP19-80-P,200.92,0.0,0.0,0.0,0.002,310.0,137.89,0.01199,-0.01921,-0.0016,0.00022,-0.00647
202.21,ETH-27SEP19,1566212343820,open,2.55,0.0,2.457,2.671,2.561138,135.39,None,0.0,ETH-27SEP19-720-P,200.92,0.0,0.0,0.0,0.0,0.0,0.0,0.00779,-0.01357,-0.76611,0.00013,-0.99601
204.15,ETH-27DEC19,1566212343822,open,1.96,0.0,1.86,2.067,1.959293,107.53,0.953,0.0,ETH-27DEC19-600-P,200.92,0.0,0.0,0.0,0.0,0.0,0.0,0.19267,-0.07976,-2.08654,0.00121,-0.91309
202.21,ETH-27SEP19,1566212343834,open,0.0,3419.0,0.001,0.011,0.000745,130.0,0.001,0.0,ETH-27SEP19-640-C,200.92,0.0,0.0,0.0,0.002,737.0,144.88,0.01146,-0.01916,0.00116,0.0002,0.00615
204.15,ETH-27DEC19,1566212343834,open,0.5,432.0,0.423,0.571,0.499107,99.42,0.382,0.0,ETH-27DEC19-280-P,200.92,96.78,0.493,30.0,0.513,30.0,105.4,0.47246,-0.18084,-0.79357,0.0032,-0.59335
201.28,SYN.ETH-30AUG19,1566212343834,open,0.02,867.0,0.005,0.044,0.021179,91.78,0.025,0.0,ETH-30AUG19-180-P,200.92,87.42,0.019,200.0,0.024,200.0,97.28,0.1019,-0.42995,-0.01425,0.0092,-0.21638
201.28,SYN.ETH-30AUG19,1566212343836,open,0.02,310.0,0.003,0.038,0.017458,89.03,0.013,0.0,ETH-30AUG19-230-C,200.92,84.04,0.015,266.0,0.018,205.0,90.1,0.10136,-0.41488,0.01181,0.00943,0.21443
201.28,SYN.ETH-30AUG19,1566212343836,open,0.0,328.0,0.001,0.015,0.004418,93.61,0.002,0.0,ETH-30AUG19-260-C,200.92,80.35,0.002,550.0,0.006,250.0,100.15,0.04476,-0.19264,0.00371,0.00396,0.06636
204.15,ETH-27DEC19,1566212343840,open,0.1,1029.0,0.051,0.141,0.097126,101.03,0.088,0.0,ETH-27DEC19-320-C,200.92,98.17,0.091,110.0,0.102,294.0,103.28,0.44014,-0.1712,0.16798,0.00294,0.32836
204.15,ETH-27DEC19,1566212343842,open,0.22,2470.0,0.155,0.269,0.214299,96.55,0.211,0.0,ETH-27DEC19-200-P,200.92,93.76,0.208,40.0,0.224,40.0,100.85,0.46104,-0.17137,-0.4267,0.00322,-0.37311
204.15,ETH-27DEC19,1566212343842,open,0.13,521.0,0.076,0.174,0.127566,99.42,0.134,0.0,ETH-27DEC19-280-C,200.92,96.58,0.121,120.0,0.132,235.0,101.34,0.47246,-0.18084,0.20273,0.0032,0.40665
202.21,ETH-27SEP19,1566212343844,open,0.51,0.0,0.491,0.522,0.50655,98.03,None,0.0,ETH-27SEP19-100-C,200.92,0.0,0.003,10.0,0.0,0.0,0.0,0.01622,-0.02045,0.10431,0.00038,0.99089
204.15,ETH-27DEC19,1566212343846,open,0.02,1933.0,0.004,0.035,0.015091,110.04,0.013,0.0,ETH-27DEC19-680-C,200.92,104.2,0.011,350.0,0.017,50.0,112.44,0.15656,-0.06632,0.03711,0.00096,0.06617
201.28,SYN.ETH-30AUG19,1566212343846,open,0.0,1181.0,0.001,0.011,0.001833,97.24,0.002,0.0,ETH-30AUG19-280-C,200.92,0.0,0.0,0.0,0.003,250.0,105.75,0.02356,-0.10533,0.00168,0.00201,0.02988
202.21,ETH-27SEP19,1566212343849,open,0.07,5932.0,0.037,0.103,0.069653,95.1,0.102,0.0,ETH-27SEP19-180-P,200.92,91.87,0.066,359.0,0.074,359.0,98.94,0.22877,-0.27982,-0.07919,0.00552,-0.29804
204.15,ETH-27DEC19,1566212343849,open,0.03,1380.0,0.01,0.06,0.031193,107.02,0.029,0.0,ETH-27DEC19-520-C,200.92,103.51,0.027,110.0,0.033,50.0,108.46,0.25211,-0.10387,0.06888,0.00159,0.12602
201.28,SYN.ETH-30AUG19,1566212343849,open,0.01,3212.0,0.001,0.017,0.005369,95.07,0.009,0.0,ETH-30AUG19-160-P,200.92,88.69,0.004,255.0,0.007,250.0,101.72,0.04632,-0.20243,-0.00448,0.00404,-0.06935
201.28,SYN.ETH-30AUG19,1566212343849,open,0.39,0.0,0.351,0.438,0.392962,97.41,None,0.0,ETH-30AUG19-280-P,200.92,0.0,0.0,0.0,0.0,0.0,0.0,0.02371,-0.1062,-0.08174,0.00202,-0.96989
202.21,ETH-27SEP19,1566212343854,open,0.02,3742.0,0.006,0.041,0.020554,98.45,0.015,0.0,ETH-27SEP19-300-C,200.92,94.89,0.018,526.0,0.022,200.0,100.38,0.14898,-0.18865,0.02636,0.00347,0.14296
202.21,ETH-27SEP19,1566212343857,open,0.0,2912.0,0.001,0.012,0.002559,108.54,0.002,0.0,ETH-27SEP19-440-C,200.92,96.33,0.001,642.0,0.004,200.0,115.81,0.03439,-0.04801,0.00415,0.00073,0.02181
202.21,ETH-27SEP19,1566212343859,open,0.01,2952.0,0.001,0.02,0.007708,102.75,0.005,0.0,ETH-27SEP19-360-C,200.92,98.06,0.006,110.0,0.009,200.0,105.92,0.0789,-0.10426,0.01132,0.00176,0.06028
202.21,ETH-27SEP19,1566212343859,open,0.06,2213.0,0.03,0.093,0.061243,95.12,0.057,0.0,ETH-27SEP19-240-C,200.92,92.41,0.058,344.0,0.064,160.0,97.4,0.24335,-0.2977,0.06128,0.00587,0.34578
201.28,SYN.ETH-30AUG19,1566212343859,open,0.0,4065.0,0.001,0.011,0.000822,127.58,0.001,0.0,ETH-30AUG19-340-C,200.92,0.0,0.0,0.0,0.002,300.0,143.74,0.01053,-0.06177,0.00065,0.00068,0.01159
202.21,ETH-27SEP19,1566212343861,open,0.01,1897.0,0.001,0.016,0.005674,104.05,0.004,0.0,ETH-27SEP19-380-C,200.92,98.13,0.004,310.0,0.007,200.0,108.02,0.06333,-0.08476,0.00862,0.0014,0.0457
202.21,ETH-27SEP19,1566212343863,open,0.01,1938.0,0.001,0.025,0.010527,101.27,0.007,0.0,ETH-27SEP19-340-C,200.92,97.99,0.009,110.0,0.012,200.0,104.22,0.09785,-0.12745,0.0149,0.00222,0.07972
201.28,SYN.ETH-30AUG19,1566212343863,open,0.13,939.0,0.092,0.158,0.126881,91.76,0.124,0.0,ETH-30AUG19-180-C,200.92,30.24,0.106,28.0,0.148,28.0,130.54,0.10188,-0.42978,0.03939,0.0092,0.78366
201.28,SYN.ETH-30AUG19,1566212343867,open,0.03,887.0,0.007,0.053,0.028005,89.03,0.023,0.0,ETH-30AUG19-220-C,200.92,84.03,0.025,235.0,0.029,200.0,90.66,0.1222,-0.50019,0.01678,0.01137,0.30787
201.05,SYN.ETH-23AUG19,1566212344105,open,0.0,1011.0,0.001,0.014,0.003071,88.84,0.003,0.0,ETH-23AUG19-230-C,200.92,70.85,0.001,336.0,0.004,400.0,94.66,0.02999,-0.3437,0.00158,0.00787,0.07724
201.05,SYN.ETH-23AUG19,1566212344518,open,0.0,137.0,0.001,0.011,0.001043,105.93,0.001,0.0,ETH-23AUG19-250-C,200.92,0.0,0.0,0.0,0.002,250.0,118.31,0.01255,-0.17146,0.00053,0.00276,0.02608
10815.35,BTC-27SEP19,1566212344634,open,0.0,143.5,0.0005,0.0115,0.00162222,112.88,0.0015,0.0,BTC-27SEP19-26000-C,10705.55,106.61,0.001,16.0,0.0025,35.0,119.32,1.26087,-1.83049,0.14277,1e-05,0.01402
10815.35,BTC-27SEP19,1566212344634,open,1.4,0.0,1.357,1.458,1.40559728,112.74,None,0.0,BTC-27SEP19-26000-P,10705.55,0.0,0.0,0.0,0.0,0.0,0.0,1.25245,-1.81612,-27.55058,1e-05,-0.98609
11027.52,BTC-27DEC19,1566212344634,open,0.86,0.1,0.8545,0.874,0.86427337,124.95,0.84,0.0,BTC-27DEC19-1500-C,10705.55,0.0,0.019,0.2,0.9,0.1,306.6,0.25124,-0.12086,5.28069,0.0,0.99885
11027.52,BTC-27DEC19,1566212344634,open,0.16,268.1,0.106,0.2055,0.15750205,92.49,0.134,0.0,BTC-27DEC19-13000-C,10705.55,91.02,0.154,25.1,0.162,12.5,94.38,26.23592,-9.3416,13.08814,7e-05,0.49106
11027.55,BTC-27DEC19,1566212344636,open,1.73,0.2,1.674,1.8195,1.74208266,103.38,2.03,0.0,BTC-27DEC19-30000-P,10705.55,0.0,0.005,1.0,0.0,0.0,0.0,11.0613,-4.40256,-103.89376,2e-05,-0.90566
11027.55,BTC-27DEC19,1566212344636,open,1.91,0.3,1.85,1.999,1.91999853,104.34,1.875,0.0,BTC-27DEC19-32000-P,10705.55,0.0,0.0,0.0,0.0,0.0,0.0,9.8439,-3.95439,-111.41025,2e-05,-0.9193
10815.35,BTC-27SEP19,1566212344636,open,0.0,287.3,0.0005,0.0115,0.00196495,106.9,0.003,0.0,BTC-27SEP19-24000-C,10705.55,98.37,0.001,46.0,0.003,24.0,113.25,1.51902,-2.08844,0.17796,1e-05,0.01741
10815.35,BTC-27SEP19,1566212344636,open,0.56,13.5,0.552,0.572,0.5618849,112.97,0.382,0.0,BTC-27SEP19-4750-C,10705.55,0.0,0.553,9.0,0.5715,9.0,169.27,0.76036,-1.10477,4.95643,1e-05,0.99216
11027.55,BTC-27DEC19,1566212344636,open,0.04,205.9,0.016,0.06,0.03586879,91.19,0.04,0.0,BTC-27DEC19-6500-P,10705.55,88.55,0.033,29.8,0.0375,6.0,92.67,12.10948,-4.25145,-5.59833,3e-05,-0.1068
11027.55,BTC-27DEC19,1566212344636,open,0.48,206.6,0.413,0.541,0.47773668,94.06,0.454,0.0,BTC-27DEC19-15000-P,10705.55,70.11,0.425,1.0,0.54,1.0,120.62,25.31846,-9.16844,-42.50713,6e-05,-0.60556
11027.55,BTC-27DEC19,1566212344637,open,0.12,429.2,0.0695,0.165,0.11749278,94.06,0.1085,0.0,BTC-27DEC19-15000-C,10705.55,92.75,0.1145,14.0,0.123,16.8,96.45,25.31809,-9.1677,10.86618,6e-05,0.39442
11027.55,BTC-27DEC19,1566212344640,open,0.52,73.3,0.4995,0.542,0.52000377,92.47,0.4875,0.0,BTC-27DEC19-5500-C,10705.55,0.0,0.4995,9.0,0.541,9.0,116.99,8.05436,-2.86721,16.39581,2e-05,0.93785
11027.55,BTC-27DEC19,1566212344640,open,0.56,65.4,0.5425,0.5775,0.55915302,92.95,0.608,0.0,BTC-27DEC19-5000-C,10705.55,0.0,0.5415,10.0,0.5775,10.0,119.39,6.14741,-2.19989,15.56328,2e-05,0.95578
11027.55,BTC-27DEC19,1566212344640,open,0.02,296.9,0.0055,0.048,0.02159877,103.36,0.0175,0.0,BTC-27DEC19-30000-C,10705.55,102.76,0.021,17.0,0.0235,10.0,105.21,11.05461,-4.39885,2.85132,2e-05,0.09426
10815.35,BTC-27SEP19,1566212344641,open,0.65,0.0,0.644,0.6635,0.65362293,125.11,None,0.0,BTC-27SEP19-3750-C,10705.55,0.0,0.6445,10.0,0.663,10.0,207.79,0.28072,-0.4517,3.96043,0.0,0.99743
10815.38,BTC-27SEP19,1566212344643,open,0.0,422.5,0.0005,0.0105,0.00059054,124.99,0.001,0.0,BTC-27SEP19-4000-P,10705.55,122.58,0.0005,5.0,0.001,28.0,133.5,0.42906,-0.68976,-0.05422,0.0,-0.00412
10815.38,BTC-27SEP19,1566212344643,open,0.82,28.2,0.8055,0.825,0.81507985,131.3,0.755,0.0,BTC-27SEP19-2000-C,10705.55,0.0,0.01,1.0,0.8835,5.0,500.0,0.00253,-0.00428,2.12997,0.0,0.99998
10736.27,SYN.BTC-30AUG19,1566212344635,open,0.05,9.8,0.0245,0.0825,0.05296391,93.14,0.072,0.0,BTC-30AUG19-10500-P,10705.55,90.21,0.051,25.1,0.056,26.0,97.65,7.21855,-30.90842,-1.49192,0.00023,-0.4134
10736.27,SYN.BTC-30AUG19,1566212344643,open,0.44,0.0,0.43,0.453,0.44131859,124.99,None,0.0,BTC-30AUG19-6000-C,10705.55,0.0,0.0,0.0,0.0,0.0,0.0,0.14474,-0.8317,1.77918,0.0,0.99748
10736.27,SYN.BTC-30AUG19,1566212344642,open,0.14,56.3,0.1085,0.1775,0.14295746,94.34,0.207,0.0,BTC-30AUG19-12000-P,10705.55,87.32,0.139,3.9,0.1705,3.0,138.87,6.16828,-26.75187,-2.78108,0.00019,-0.7264
201.05,SYN.ETH-23AUG19,1566212344728,open,0.0,125.0,0.001,0.011,0.000888,118.61,0.002,0.0,ETH-23AUG19-260-C,200.92,0.0,0.0,0.0,0.002,350.0,135.07,0.01026,-0.15699,0.00042,0.00202,0.02054
201.05,SYN.ETH-23AUG19,1566212344830,open,0.29,0.0,0.256,0.336,0.294114,118.73,None,0.0,ETH-23AUG19-260-P,200.92,0.0,0.0,0.0,0.0,0.0,0.0,0.01031,-0.15789,-0.02719,0.00202,-0.97935
201.28,SYN.ETH-30AUG19,1566212344851,open,0.36,0.0,0.335,0.375,0.355072,118.15,None,0.0,ETH-30AUG19-130-C,200.92,0.0,0.0,0.0,0.0,0.0,0.0,0.01114,-0.06051,0.03794,0.00078,0.98763
201.05,SYN.ETH-23AUG19,1566212344935,open,0.0,0.0,0.001,0.011,0.000627,126.77,None,0.0,ETH-23AUG19-270-C,200.92,0.0,0.0,0.0,0.001,50.0,135.29,0.00748,-0.12235,0.00029,0.00137,0.01419
202.21,ETH-27SEP19,1566212345023,open,0.0,6259.0,0.001,0.012,0.002015,123.24,0.001,0.0,ETH-27SEP19-520-C,200.92,0.0,0.0,0.0,0.003,540.0,129.83,0.02625,-0.04162,0.00299,0.00049,0.01589
201.05,SYN.ETH-23AUG19,1566212345039,open,0.34,0.0,0.304,0.387,0.343592,126.95,None,0.0,ETH-23AUG19-270-P,200.92,0.0,0.0,0.0,0.0,0.0,0.0,0.00753,-0.1234,-0.02838,0.00138,-0.98569
201.28,SYN.ETH-30AUG19,1566212345048,open,0.0,3.0,0.001,0.011,0.000944,118.31,0.002,0.0,ETH-30AUG19-130-P,200.92,0.0,0.0,0.0,0.002,600.0,132.92,0.01121,-0.06097,-0.0008,0.00078,-0.01246
201.05,SYN.ETH-23AUG19,1566212345142,open,0.0,23.0,0.001,0.011,0.000344,130.0,0.002,0.0,ETH-23AUG19-280-C,200.92,0.0,0.0,0.0,0.002,360.0,165.69,0.00458,-0.06916,0.00016,0.00082,0.00807
202.21,ETH-27SEP19,1566212345184,open,0.0,5128.0,0.001,0.012,0.00206,114.95,0.002,0.0,ETH-27SEP19-480-C,200.92,105.32,0.001,440.0,0.003,200.0,120.9,0.02802,-0.04142,0.00325,0.00056,0.01714
201.28,SYN.ETH-30AUG19,1566212345207,open,0.26,0.0,0.233,0.281,0.257037,96.75,None,0.0,ETH-30AUG19-150-C,200.92,0.0,0.0,0.0,0.0,0.0,0.0,0.02531,-0.11256,0.04261,0.00217,0.96743
201.05,SYN.ETH-23AUG19,1566212345291,open,0.39,0.0,0.353,0.437,0.393049,130.3,None,0.0,ETH-23AUG19-280-P,200.92,0.0,0.0,0.0,0.0,0.0,0.0,0.00464,-0.07801,-0.02956,0.00083,-0.9918
201.05,SYN.ETH-23AUG19,1566212345317,open,0.0,243.0,0.001,0.011,0.000461,125.81,0.002,0.0,ETH-23AUG19-150-P,200.92,0.0,0.0,0.0,0.001,300.0,140.6,0.00555,-0.09006,-0.00022,0.00103,-0.01006
201.28,SYN.ETH-30AUG19,1566212345374,open,0.0,1.0,0.001,0.012,0.002275,96.84,0.009,0.0,ETH-30AUG19-150-P,200.92,84.22,0.001,250.0,0.004,250.0,108.4,0.02537,-0.11295,-0.0021,0.00217,-0.03268
201.05,SYN.ETH-23AUG19,1566212345390,open,0.0,3.0,0.001,0.011,0.000152,130.0,0.002,0.0,ETH-23AUG19-290-C,200.92,0.0,0.0,0.0,0.001,60.0,162.17,0.00235,-0.03054,8e-05,0.00042,0.00382
201.05,SYN.ETH-23AUG19,1566212345434,open,0.21,1.0,0.18,0.231,0.205547,119.67,0.14,0.0,ETH-23AUG19-160-C,200.92,0.0,0.0,0.0,0.0,0.0,0.0,0.01324,-0.20445,0.01637,0.00258,0.97217
201.05,SYN.ETH-23AUG19,1566212345490,open,0.44,0.0,0.401,0.488,0.442596,130.6,None,0.0,ETH-23AUG19-290-P,200.92,0.0,0.0,0.0,0.0,0.0,0.0,0.00244,-0.04105,-0.03071,0.00043,-0.99603
201.05,SYN.ETH-23AUG19,1566212345539,open,0.0,388.0,0.001,0.011,0.001378,119.73,0.004,0.0,ETH-23AUG19-160-P,200.92,113.44,0.001,1.0,0.002,800.0,128.13,0.01327,-0.20491,-0.00062,0.00258,-0.02789
201.28,SYN.ETH-30AUG19,1566212345556,open,0.17,400.0,0.135,0.196,0.166433,92.8,0.12,0.0,ETH-30AUG19-170-C,200.92,0.0,0.0,0.0,0.0,0.0,0.0,0.07283,-0.31072,0.0423,0.0065,0.87171
11027.61,BTC-27DEC19,1566212345625,open,0.02,113.1,0.0065,0.0355,0.01875863,92.47,0.023,0.0,BTC-27DEC19-5500-P,10705.28,90.72,0.0175,16.0,0.02,6.0,94.15,8.05509,-2.86767,-3.17494,2e-05,-0.06215
11027.61,BTC-27DEC19,1566212345625,open,0.05,257.3,0.0235,0.0755,0.04784964,91.19,0.05,0.0,BTC-27DEC19-7000-P,10705.28,88.57,0.0445,29.5,0.049,6.0,92.08,14.21269,-4.98986,-7.13728,4e-05,-0.13404
10815.29,BTC-27SEP19,1566212345625,open,0.68,261.1,0.667,0.6865,0.67658056,125.11,0.714,0.0,BTC-27SEP19-3500-C,10705.28,0.0,0.6675,10.0,0.686,10.0,219.66,0.1725,-0.27757,3.70824,0.0,0.9985
10815.29,BTC-27SEP19,1566212345625,open,0.77,55.9,0.759,0.7785,0.76885489,126.24,0.689,0.0,BTC-27SEP19-2500-C,10705.28,0.0,0.0045,10.0,0.864,5.0,500.0,0.01193,-0.01937,2.66164,0.0,0.99992
10815.29,BTC-27SEP19,1566212345625,open,0.0,488.8,0.0005,0.013,0.00328864,104.6,0.0045,0.0,BTC-27SEP19-22000-C,10705.28,100.52,0.0025,50.0,0.0045,24.0,109.8,2.27496,-3.06058,0.28588,2e-05,0.02811
11027.61,BTC-27DEC19,1566212345625,open,3.71,0.8,3.624,3.8285,3.72110117,114.56,3.59,0.0,BTC-27DEC19-52000-P,10705.28,0.0,0.001,1.0,0.0,0.0,0.0,4.09257,-1.80494,-184.19356,1e-05,-0.97306
10815.29,BTC-27SEP19,1566212345626,open,0.0,49.2,0.0005,0.0105,0.00010102,125.0,0.0015,0.0,BTC-27SEP19-3250-P,10705.28,0.0,0.0,0.0,0.001,55.0,159.75,0.09825,-0.15796,-0.01053,0.0,-0.00081
10815.29,BTC-27SEP19,1566212345626,open,0.0,586.8,0.0005,0.0105,4.814e-05,125.0,0.0005,0.0,BTC-27SEP19-3000-P,10705.28,0.0,0.0,0.0,0.0005,30.0,156.23,0.05194,-0.0835,-0.00525,0.0,-0.00041
11027.61,BTC-27DEC19,1566212345626,open,1.04,4.9,0.978,1.1135,1.04290326,98.72,1.0385,0.0,BTC-27DEC19-22000-P,10705.28,0.0,0.0055,2.0,1.8065,0.3,500.0,17.842,-6.78063,-72.71167,4e-05,-0.81015
10815.29,BTC-27SEP19,1566212345626,open,0.29,871.9,0.257,0.31,0.28371661,95.27,0.235,0.0,BTC-27SEP19-8000-C,10705.28,85.81,0.2775,20.4,0.2885,20.4,101.98,7.47625,-9.1603,6.75079,6e-05,0.86976
10815.29,BTC-27SEP19,1566212345626,open,0.0,401.3,0.0005,0.0125,0.00250899,107.25,0.0025,0.0,BTC-27SEP19-5500-P,10705.28,103.4,0.002,50.0,0.0035,44.0,113.56,1.53017,-2.1108,-0.23123,1e-05,-0.01756
11027.61,BTC-27DEC19,1566212345626,open,2.27,1.3,2.204,2.3615,2.27784966,106.31,2.2,0.0,BTC-27DEC19-36000-P,10705.28,0.0,0.0005,1.0,0.0,0.0,0.0,7.91202,-3.23827,-126.23554,2e-05,-0.93926
10736.28,SYN.BTC-30AUG19,1566212345625,open,0.0,1401.3,0.0005,0.013,0.00321828,103.63,0.0025,0.0,BTC-30AUG19-8000-P,10705.28,98.61,0.0025,2.0,0.004,37.0,108.43,1.64396,-7.8321,-0.14291,5e-05,-0.04145
10815.29,BTC-27SEP19,1566212345626,open,0.0,373.7,0.0005,0.011,0.00106251,119.63,0.001,0.0,BTC-27SEP19-4500-P,10705.28,108.86,0.0005,13.3,0.0015,30.0,125.5,0.71551,-1.10093,-0.09656,0.0,-0.00732
10815.02,BTC-27SEP19,1566212345627,open,0.22,366.1,0.181,0.2455,0.21451516,93.69,0.17,0.0,BTC-27SEP19-9000-C,10705.28,91.11,0.212,13.0,0.219,13.9,98.23,10.59926,-12.77225,6.45027,9e-05,0.77449
11027.61,BTC-27DEC19,1566212345627,open,0.0,175.8,0.0005,0.0105,0.0002978,125.0,0.0005,0.0,BTC-27DEC19-1500-P,10705.28,0.0,0.0,0.0,0.001,10.0,143.87,0.25192,-0.12123,-0.05684,0.0,-0.00115
11027.61,BTC-27DEC19,1566212345627,open,0.01,217.0,0.0005,0.0235,0.00786362,109.88,0.007,0.0,BTC-27DEC19-44000-C,10705.28,109.11,0.0075,6.0,0.0105,30.0,114.82,5.34831,-2.26235,1.15288,1e-05,0.03724
10815.02,BTC-27SEP19,1566212345627,open,0.5,34.4,0.4585,0.545,0.49994395,97.93,0.396,0.0,BTC-27SEP19-16000-P,10705.28,0.0,0.005,1.0,0.9815,0.2,499.72,7.98119,-10.05298,-15.62703,7e-05,-0.85669
11027.34,BTC-27DEC19,1566212345627,open,0.01,349.0,0.0005,0.028,0.01018112,108.31,0.0075,0.0,BTC-27DEC19-40000-C,10705.28,108.0,0.01,6.0,0.0125,24.0,112.0,6.49293,-2.70737,1.45762,1e-05,0.04733
10815.02,BTC-27SEP19,1566212345628,open,0.01,444.3,0.001,0.0265,0.01065547,100.08,0.0085,0.0,BTC-27SEP19-18000-C,10705.28,97.65,0.0095,40.0,0.0125,44.0,103.68,5.31068,-6.83551,0.81355,4e-05,0.08128
11027.34,BTC-27DEC19,1566212345628,open,0.48,122.9,0.4575,0.5065,0.48185117,91.27,0.469,0.0,BTC-27DEC19-6000-C,10705.28,69.7,0.4655,13.0,0.508,9.0,116.7,9.98541,-3.5085,17.104,3e-05,0.91776
10815.02,BTC-27SEP19,1566212345628,open,0.0,1070.7,0.0005,0.0105,0.00081332,122.54,0.0005,0.0,BTC-27SEP19-4250-P,10705.28,115.51,0.0005,14.0,0.001,30.0,125.86,0.56577,-0.89166,-0.07404,0.0,-0.00561
11027.34,BTC-27DEC19,1566212345628,open,0.01,401.1,0.0025,0.034,0.0132986,106.29,0.0135,0.0,BTC-27DEC19-36000-C,10705.28,105.87,0.013,16.3,0.0155,10.0,109.22,7.90554,-3.23492,1.85927,2e-05,0.06068
11027.34,BTC-27DEC19,1566212345628,open,0.01,282.7,0.0005,0.02,0.00623841,111.4,0.0045,0.0,BTC-27DEC19-48000-C,10705.28,110.81,0.006,6.0,0.0085,24.0,116.42,4.47332,-1.91852,0.93159,1e-05,0.02998
10815.02,BTC-27SEP19,1566212345628,open,0.59,289.7,0.575,0.5945,0.58498721,119.82,0.588,0.0,BTC-27SEP19-4500-C,10705.28,0.0,0.576,9.0,0.594,9.0,176.68,0.72124,-1.11149,4.69542,0.0,0.99261
11027.34,BTC-27DEC19,1566212345628,open,0.71,12.4,0.6445,0.777,0.7096851,95.84,0.559,0.0,BTC-27DEC19-18000-P,10705.28,61.22,0.6515,1.0,0.769,1.0,123.22,22.29152,-8.22487,-55.9441,5e-05,-0.71608
10736.28,SYN.BTC-30AUG19,1566212345625,open,0.0,369.0,0.0005,0.012,0.00241747,102.89,0.0025,0.0,BTC-30AUG19-15000-C,10705.28,99.68,0.002,30.0,0.003,1.6,106.85,1.4784,-6.99294,0.10867,4e-05,0.03639
10736.28,SYN.BTC-30AUG19,1566212345627,open,0.03,575.7,0.0065,0.049,0.02525163,94.34,0.026,0.0,BTC-30AUG19-12000-C,10705.28,91.26,0.0235,42.0,0.0275,28.0,98.21,6.16833,-26.75234,0.7945,0.00019,0.27361
11027.34,BTC-27DEC19,1566212345629,open,0.3,165.3,0.254,0.341,0.29963165,91.2,0.2785,0.0,BTC-27DEC19-9000-C,10705.28,88.54,0.2945,19.8,0.303,19.8,92.94,21.30766,-7.48106,17.3058,5e-05,0.74068
10736.28,SYN.BTC-30AUG19,1566212345625,open,0.02,59.8,0.003,0.0375,0.01686192,95.01,0.014,0.0,BTC-30AUG19-12500-C,10705.28,93.21,0.016,31.0,0.018,1.0,97.35,5.17183,-22.59068,0.58247,0.00016,0.19894
10815.02,BTC-27SEP19,1566212345629,open,0.0,422.0,0.0005,0.0105,0.00019468,125.0,0.0005,0.0,BTC-27SEP19-3500-P,10705.28,0.0,0.0,0.0,0.001,30.0,150.36,0.17131,-0.27541,-0.01942,0.0,-0.00149
11027.34,BTC-27DEC19,1566212345630,open,0.0,208.8,0.0005,0.011,0.00130032,110.9,0.0015,0.0,BTC-27DEC19-2500-P,10705.28,98.52,0.0005,13.2,0.002,21.0,117.86,0.95512,-0.40778,-0.24813,0.0,-0.00502
11027.34,BTC-27DEC19,1566212345630,open,0.06,211.4,0.0325,0.0935,0.06185422,91.19,0.0605,0.0,BTC-27DEC19-7500-P,10705.28,88.21,0.0575,28.2,0.0625,4.9,91.63,16.22499,-5.69609,-8.83808,4e-05,-0.16339
10716.5,SYN.BTC-23AUG19,1566212345625,open,0.05,161.0,0.0235,0.0805,0.05195024,89.44,0.0565,0.0,BTC-23AUG19-11000-P,10705.28,83.29,0.0495,0.4,0.0545,12.4,95.8,4.28321,-49.41978,-0.73477,0.00039,-0.59377
10716.5,SYN.BTC-23AUG19,1566212345625,open,0.01,237.5,0.0005,0.0195,0.00536827,90.41,0.005,0.0,BTC-23AUG19-12000-C,10705.28,86.08,0.0045,41.5,0.0055,1.8,91.04,2.22824,-25.9908,0.13213,0.0002,0.12149
10716.5,SYN.BTC-23AUG19,1566212345625,open,0.0,69.9,0.0005,0.0105,0.00021527,125.0,0.0005,0.0,BTC-23AUG19-15000-C,10705.28,0.0,0.0,0.0,0.001,16.0,150.96,0.17225,-2.30689,0.00595,1e-05,0.00544
10716.5,SYN.BTC-23AUG19,1566212345625,open,0.03,295.0,0.005,0.049,0.02549363,89.43,0.0255,0.0,BTC-23AUG19-11000-C,10705.28,85.69,0.024,0.9,0.0265,1.0,91.95,4.28319,-49.4168,0.43324,0.00039,0.40623
10716.5,SYN.BTC-23AUG19,1566212345625,open,0.17,34.7,0.144,0.197,0.16870119,92.24,0.1895,0.0,BTC-23AUG19-12500-P,10705.28,0.0,0.147,1.0,0.1885,1.0,177.75,1.28023,-15.23412,-1.26393,0.00011,-0.94204
10716.5,SYN.BTC-23AUG19,1566212345625,open,0.26,0.0,0.2385,0.2695,0.2537214,115.41,None,0.0,BTC-23AUG19-8000-C,10705.28,0.0,0.0,0.0,0.0,0.0,0.0,0.18514,-2.75656,0.84248,1e-05,0.99409
10736.28,SYN.BTC-30AUG19,1566212345627,open,0.06,528.4,0.0245,0.0815,0.05330845,93.14,0.0545,0.0,BTC-30AUG19-11000-C,10705.28,90.5,0.0515,18.0,0.054,0.1,94.14,7.37504,-31.57855,1.339,0.00023,0.47187
10736.28,SYN.BTC-30AUG19,1566212345625,open,0.0,1155.6,0.0005,0.0105,0.00084884,114.29,0.001,0.0,BTC-30AUG19-7000-P,10705.28,106.48,0.0005,14.0,0.0015,30.0,124.43,0.56644,-2.97624,-0.04016,1e-05,-0.0117
10736.28,SYN.BTC-30AUG19,1566212345629,open,0.22,17.1,0.1905,0.2565,0.22217936,96.35,0.2385,0.0,BTC-30AUG19-13000-P,10705.28,0.0,0.0,0.0,0.0,0.0,0.0,4.18341,-18.53059,-3.45252,0.00013,-0.85706
10736.28,SYN.BTC-30AUG19,1566212345625,open,0.01,15.6,0.0005,0.019,0.00632259,100.4,0.009,0.0,BTC-30AUG19-8500-P,10705.28,94.74,0.005,58.0,0.0075,37.0,105.0,2.64322,-12.201,-0.26254,8e-05,-0.07574
10716.5,SYN.BTC-23AUG19,1566212345625,open,0.05,299.6,0.02,0.073,0.04716518,88.92,0.0445,0.0,BTC-23AUG19-10500-C,10705.28,82.18,0.0445,25.4,0.048,2.0,91.02,4.24942,-48.74531,0.63575,0.00039,0.60587
201.05,SYN.ETH-23AUG19,1566212345668,open,0.16,452.0,0.129,0.184,0.156867,103.56,0.095,0.0,ETH-23AUG19-170-C,200.92,0.0,0.04,2.0,0.0,0.0,0.0,0.02206,-0.29477,0.01689,0.00496,0.94795
201.05,SYN.ETH-23AUG19,1566212345818,open,0.0,193.0,0.001,0.012,0.002438,103.6,0.003,0.0,ETH-23AUG19-170-P,200.92,99.4,0.002,1.0,0.003,349.0,108.44,0.02208,-0.29515,-0.00116,0.00497,-0.05211
10815.02,BTC-27SEP19,1566212346031,open,0.0,428.2,0.0005,0.011,0.0011248,115.64,0.0005,0.0,BTC-27SEP19-28000-C,10705.28,106.12,0.0005,11.1,0.002,50.0,123.85,0.92879,-1.38143,0.10056,1e-05,0.00986
201.28,SYN.ETH-30AUG19,1566212346100,open,0.04,11.0,0.012,0.065,0.036987,91.18,0.05,0.0,ETH-30AUG19-190-P,200.92,86.38,0.034,397.0,0.04,200.0,96.0,0.12554,-0.52626,-0.0219,0.0114,-0.32811
201.05,SYN.ETH-23AUG19,1566212346190,open,0.31,0.0,0.283,0.324,0.303765,129.61,None,0.0,ETH-23AUG19-140-C,200.92,0.0,0.0,0.0,0.0,0.0,0.0,0.00175,-0.02928,0.0148,0.00031,0.99725
201.28,SYN.ETH-30AUG19,1566212346269,open,0.04,68.0,0.016,0.072,0.043277,89.03,0.035,0.0,ETH-30AUG19-210-C,200.92,82.67,0.039,199.0,0.044,150.0,90.1,0.13589,-0.55619,0.02266,0.01264,0.42109
10815.02,BTC-27SEP19,1566212346305,open,0.0,428.2,0.0005,0.011,0.0011248,115.64,0.0005,0.0,BTC-27SEP19-28000-C,10705.28,106.12,0.0005,0.1,0.002,50.0,123.85,0.92879,-1.38143,0.10056,1e-05,0.00986
10716.5,SYN.BTC-23AUG19,1566212346307,open,0.16,30.0,0.1435,0.1825,0.16204973,101.36,0.1345,0.0,BTC-23AUG19-9000-C,10705.28,0.0,0.146,4.0,0.1785,4.5,190.32,0.99756,-13.04416,0.90527,8e-05,0.9576
201.05,SYN.ETH-23AUG19,1566212346379,open,0.0,10.0,0.001,0.011,0.000118,130.0,0.001,0.0,ETH-23AUG19-140-P,200.92,0.0,0.0,0.0,0.001,150.0,169.12,0.00179,-0.02366,-6e-05,0.00032,-0.00282
201.28,SYN.ETH-30AUG19,1566212346390,open,0.25,0.0,0.208,0.292,0.248884,91.49,None,0.0,ETH-30AUG19-250-P,200.92,0.0,0.0,0.0,0.0,0.0,0.0,0.06003,-0.25251,-0.06903,0.00544,-0.9021
201.05,SYN.ETH-23AUG19,1566212346471,open,0.03,399.0,0.008,0.064,0.033759,88.58,0.04,0.0,ETH-23AUG19-200-P,200.92,84.28,0.032,150.0,0.04,150.0,103.84,0.08221,-0.93951,-0.01052,0.02162,-0.45901
201.28,SYN.ETH-30AUG19,1566212346523,open,0.04,11.0,0.012,0.065,0.036982,91.18,0.05,0.0,ETH-30AUG19-190-P,200.92,86.38,0.034,200.0,0.04,200.0,96.0,0.12554,-0.52626,-0.0219,0.0114,-0.32811
10815.02,BTC-27SEP19,1566212346526,open,0.0,428.2,0.0005,0.011,0.0011248,115.64,0.0005,0.0,BTC-27SEP19-28000-C,10705.28,106.12,0.0005,11.1,0.002,50.0,123.85,0.92879,-1.38143,0.10056,1e-05,0.00986
201.28,SYN.ETH-30AUG19,1566212346545,open,0.09,0.0,0.049,0.124,0.08661,89.05,None,0.0,ETH-30AUG19-210-P,200.92,85.18,0.084,150.0,0.092,150.0,97.01,0.13589,-0.55633,-0.03991,0.01264,-0.57888
201.05,SYN.ETH-23AUG19,1566212346582,open,0.02,577.0,0.002,0.043,0.019102,88.57,0.016,0.0,ETH-23AUG19-210-C,200.92,77.44,0.015,427.0,0.021,200.0,93.61,0.0753,-0.86039,0.0067,0.01981,0.333
11027.42,BTC-27DEC19,1566212346625,open,0.08,420.3,0.044,0.113,0.07787084,91.19,0.0875,0.0,BTC-27DEC19-8000-P,10705.67,88.21,0.073,27.9,0.0785,4.9,91.57,18.099,-6.35401,-10.6813,5e-05,-0.19435
11027.42,BTC-27DEC19,1566212346625,open,0.38,91.7,0.3455,0.416,0.38174203,91.2,0.449,0.0,BTC-27DEC19-7500-C,10705.67,64.15,0.3455,12.0,0.4085,12.0,108.79,16.22553,-5.6968,17.84797,4e-05,0.8366
10814.95,BTC-27SEP19,1566212346625,open,0.0,492.7,0.0005,0.0105,6.6e-07,125.0,0.0005,0.0,BTC-27SEP19-2000-P,10705.67,0.0,0.0,0.0,0.0005,50.0,204.41,0.00114,-0.00183,-9e-05,0.0,-1e-05
11027.42,BTC-27DEC19,1566212346625,open,0.78,0.0,0.765,0.7845,0.77459658,110.94,None,0.0,BTC-27DEC19-2500-C,10705.67,0.0,0.0135,3.1,0.9675,0.5,500.0,0.95701,-0.40875,8.64687,0.0,0.99497
11027.42,BTC-27DEC19,1566212346625,open,0.04,340.6,0.0135,0.0725,0.03852752,99.99,0.033,0.0,BTC-27DEC19-24000-C,10705.67,99.27,0.0375,4.9,0.04,9.9,101.0,15.82651,-6.09209,4.65992,4e-05,0.15729
10814.95,BTC-27SEP19,1566212346625,open,0.19,91.6,0.147,0.2325,0.19038009,93.81,0.2205,0.0,BTC-27SEP19-12000-P,10705.67,86.45,0.181,7.0,0.196,7.0,98.19,13.8379,-16.69575,-8.80472,0.00012,-0.57399
11027.81,BTC-27DEC19,1566212346626,open,0.34,110.4,0.275,0.3955,0.33636603,92.49,0.371,0.0,BTC-27DEC19-13000-P,10705.67,89.61,0.3295,8.0,0.3415,3.6,94.65,26.23666,-9.3426,-33.16818,7e-05,-0.50891
10814.95,BTC-27SEP19,1566212346625,open,0.05,462.8,0.022,0.074,0.04666729,93.67,0.046,0.0,BTC-27SEP19-9000-P,10705.67,91.96,0.045,17.0,0.0485,1.0,95.53,10.59836,-12.7676,-3.13486,9e-05,-0.22548
10814.95,BTC-27SEP19,1566212346626,open,0.41,29.7,0.373,0.461,0.4158264,96.95,0.335,0.0,BTC-27SEP19-15000-P,10705.67,0.0,0.1675,0.1,0.903,0.3,499.79,9.59614,-11.96508,-14.11335,8e-05,-0.80941
10814.95,BTC-27SEP19,1566212346626,open,1.77,0.0,1.7195,1.8325,1.77474089,118.22,None,0.0,BTC-27SEP19-30000-P,10705.67,0.0,0.0,0.0,0.0,0.0,0.0,0.69741,-1.06037,-31.87996,0.0,-0.99289
10814.95,BTC-27SEP19,1566212346626,open,0.02,456.6,0.0055,0.0425,0.02056448,98.0,0.019,0.0,BTC-27SEP19-16000-C,10705.67,95.84,0.019,42.0,0.0225,54.8,100.57,7.98835,-10.0683,1.41606,7e-05,0.1435
11027.81,BTC-27DEC19,1566212346626,open,0.03,271.6,0.0105,0.046,0.02594244,91.26,0.03,0.0,BTC-27DEC19-6000-P,10705.67,89.08,0.024,20.0,0.028,6.0,93.5,9.98385,-3.50768,-4.24433,3e-05,-0.08222
10814.95,BTC-27SEP19,1566212346627,open,0.0,406.8,0.0005,0.0105,7.83e-06,125.0,0.0005,0.0,BTC-27SEP19-2500-P,10705.67,0.0,0.0,0.0,0.0005,30.0,177.76,0.01053,-0.01693,-0.00094,0.0,-7e-05
11027.81,BTC-27DEC19,1566212346627,open,0.55,24.3,0.4875,0.618,0.55289598,94.75,0.7285,0.0,BTC-27DEC19-16000-P,10705.67,66.75,0.4955,1.0,0.6125,1.0,120.71,24.4533,-8.91994,-47.06362,6e-05,-0.6465
10814.95,BTC-27SEP19,1566212346627,open,1.22,0.2,1.176,1.271,1.22104537,106.4,1.6,0.0,BTC-27SEP19-24000-P,10705.67,0.0,0.0,0.0,0.0,0.0,0.0,1.48194,-2.02794,-25.38905,1e-05,-0.98308
10716.22,SYN.BTC-23AUG19,1566212346625,open,0.0,208.5,0.0005,0.0115,0.00187622,101.36,0.001,0.0,BTC-23AUG19-9000-P,10705.67,97.07,0.0015,0.5,0.0025,2.0,107.54,0.99809,-13.05173,-0.05041,8e-05,-0.04243
10716.22,SYN.BTC-23AUG19,1566212346625,open,0.0,369.4,0.0005,0.019,0.00520078,96.9,0.0055,0.0,BTC-23AUG19-9500-P,10705.67,93.03,0.0045,0.4,0.006,31.0,101.06,2.00087,-25.01329,-0.12482,0.00017,-0.10449
10815.34,BTC-27SEP19,1566212346628,open,0.5,221.9,0.4815,0.5075,0.49395768,107.15,0.4675,0.0,BTC-27SEP19-5500-C,10705.67,66.23,0.4915,9.0,0.5055,9.0,152.78,1.5248,-2.10141,5.62775,1e-05,0.98251
10735.98,SYN.BTC-30AUG19,1566212346625,open,0.0,356.2,0.0005,0.0105,0.0007673,113.17,0.001,0.0,BTC-30AUG19-17000-C,10705.67,0.0,0.0,0.0,0.002,63.0,129.09,0.5815,-3.02547,0.03614,1e-05,0.01206
10716.22,SYN.BTC-23AUG19,1566212346625,open,0.21,8.8,0.191,0.2255,0.20754294,109.39,0.1455,0.0,BTC-23AUG19-8500-C,10705.67,0.0,0.0,0.0,0.221,0.5,211.14,0.47384,-6.68725,0.88198,4e-05,0.98265
10815.34,BTC-27SEP19,1566212346628,open,0.7,0.0,0.69,0.7095,0.69959305,123.99,None,0.0,BTC-27SEP19-3250-C,10705.67,0.0,0.6905,10.0,0.709,10.0,232.44,0.09154,-0.14598,3.4518,0.0,0.99925
10735.98,SYN.BTC-30AUG19,1566212346625,open,0.04,40.6,0.013,0.063,0.03673369,93.15,0.037,0.0,BTC-30AUG19-11500-C,10705.67,90.47,0.035,41.0,0.0375,0.1,94.33,6.96088,-29.80967,1.04766,0.00022,0.36424
10716.22,SYN.BTC-23AUG19,1566212346625,open,0.35,0.0,0.327,0.384,0.35352581,123.67,None,0.0,BTC-23AUG19-14500-P,10705.67,0.0,0.0,0.0,0.0,0.0,0.0,0.30629,-4.88682,-1.52824,2e-05,-0.98953
10716.22,SYN.BTC-23AUG19,1566212346625,open,0.4,0.0,0.3725,0.43,0.39992609,122.59,None,0.0,BTC-23AUG19-15000-P,10705.67,0.0,0.0,0.0,0.0,0.0,0.0,0.15034,-2.37762,-1.58764,1e-05,-0.99533
10735.98,SYN.BTC-30AUG19,1566212346625,open,0.26,0.0,0.2345,0.2985,0.26477266,96.85,None,0.0,BTC-30AUG19-13500-P,10705.67,0.0,0.0,0.0,0.0,0.0,0.0,3.23095,-14.3865,-3.72891,0.0001,-0.9009
10716.22,SYN.BTC-23AUG19,1566212346625,open,0.0,78.2,0.0005,0.0105,0.00023529,115.48,0.0005,0.0,BTC-23AUG19-8000-P,10705.67,0.0,0.0,0.0,0.0005,11.0,126.97,0.18597,-2.52146,-0.00702,1e-05,-0.00594
10815.34,BTC-27SEP19,1566212346629,open,0.36,748.2,0.3435,0.384,0.36307428,98.25,0.3625,0.0,BTC-27SEP19-7000-C,10705.67,82.19,0.3575,21.6,0.3675,21.6,108.13,4.45506,-5.62972,6.59256,4e-05,0.93538
10735.98,SYN.BTC-30AUG19,1566212346625,open,0.01,433.4,0.0015,0.029,0.01133064,96.36,0.011,0.0,BTC-30AUG19-13000-C,10705.67,94.19,0.0105,32.0,0.012,1.2,98.06,4.18301,-18.53037,0.42096,0.00013,0.14293
10716.22,SYN.BTC-23AUG19,1566212346625,open,0.49,0.0,0.464,0.524,0.49306512,99.68,None,0.0,BTC-23AUG19-16000-P,10705.67,0.0,0.0,0.0,0.0,0.0,0.0,0.00265,-0.0341,-1.69887,0.0,-0.99994
10735.98,SYN.BTC-30AUG19,1566212346625,open,0.0,87.9,0.0005,0.0115,0.00157394,107.57,0.002,0.0,BTC-30AUG19-7500-P,10705.67,100.17,0.001,1.0,0.0025,37.0,116.58,0.95228,-4.70954,-0.07367,3e-05,-0.02146
10735.98,SYN.BTC-30AUG19,1566212346625,open,0.18,0.0,0.148,0.216,0.18113917,94.95,None,0.0,BTC-30AUG19-12500-P,10705.67,0.0,0.0,0.0,0.283,5.0,257.04,5.16836,-22.56224,-3.14268,0.00016,-0.80127
10735.98,SYN.BTC-30AUG19,1566212346628,open,0.4,0.0,0.37,0.433,0.39955007,102.61,None,0.0,BTC-30AUG19-15000-P,10705.67,0.0,0.0,0.0,0.0,0.0,0.0,1.46407,-6.90676,-4.36204,4e-05,-0.96404
10735.98,SYN.BTC-30AUG19,1566212346625,open,0.02,83.6,0.005,0.043,0.02124515,96.84,0.0235,0.0,BTC-30AUG19-9500-P,10705.67,93.27,0.0195,31.0,0.0225,0.2,99.37,5.30291,-23.60997,-0.73164,0.00016,-0.20747
10716.22,SYN.BTC-23AUG19,1566212346625,open,0.0,214.9,0.0005,0.0105,0.00049978,113.2,0.001,0.0,BTC-23AUG19-14000-C,10705.67,0.0,0.0,0.0,0.001,35.0,124.67,0.36395,-5.31514,0.01396,3e-05,0.01277
10735.98,SYN.BTC-30AUG19,1566212346625,open,0.11,0.0,0.0735,0.142,0.10786866,93.1,0.16,0.0,BTC-30AUG19-11500-P,10705.67,87.1,0.104,28.0,0.112,28.0,99.44,6.96028,-29.79257,-2.37913,0.00022,-0.63586
10716.22,SYN.BTC-23AUG19,1566212346625,open,0.0,12.2,0.0005,0.0105,9.438e-05,125.01,0.001,0.0,BTC-23AUG19-15500-C,10705.67,0.0,0.0,0.0,0.001,16.0,163.19,0.08721,-1.01142,0.00279,1e-05,0.00255
10716.22,SYN.BTC-23AUG19,1566212346625,open,0.0,86.1,0.0005,0.0105,0.0007124,108.92,0.0005,0.0,BTC-23AUG19-8500-P,10705.67,103.46,0.0005,0.7,0.001,2.9,114.85,0.46525,-6.53767,-0.02014,4e-05,-0.01699
10716.22,SYN.BTC-23AUG19,1566212346625,open,0.12,5.6,0.0985,0.154,0.12513704,90.29,0.118,0.0,BTC-23AUG19-12000-P,10705.67,0.0,0.103,1.0,0.145,1.0,159.24,2.2229,-25.89263,-1.1425,0.0002,-0.87892
10735.98,SYN.BTC-30AUG19,1566212346627,open,0.0,702.2,0.0005,0.0105,0.00017145,124.95,0.0005,0.0,BTC-30AUG19-6000-P,10705.67,0.0,0.0,0.0,0.0005,51.0,140.79,0.14448,-0.82997,-0.00859,0.0,-0.00251
10735.98,SYN.BTC-30AUG19,1566212346625,open,0.3,0.0,0.2875,0.32,0.30300766,107.79,None,0.0,BTC-30AUG19-7500-C,10705.67,0.0,0.0,0.0,0.0,0.0,0.0,0.9594,-4.75425,2.16039,3e-05,0.97835
10716.22,SYN.BTC-23AUG19,1566212346625,open,0.03,177.9,0.006,0.0515,0.02696381,88.89,0.0275,0.0,BTC-23AUG19-10500-P,10705.67,87.72,0.0265,0.2,0.029,16.9,94.02,4.24958,-48.73341,-0.47926,0.00039,-0.39422
10716.22,SYN.BTC-23AUG19,1566212346625,open,0.0,108.5,0.0005,0.0105,0.00051432,100.33,0.001,0.0,BTC-23AUG19-13500-C,10705.67,0.0,0.0,0.0,0.001,0.5,110.42,0.40742,-5.27326,0.01597,3e-05,0.01455
10716.22,SYN.BTC-23AUG19,1566212346625,open,0.0,203.9,0.0005,0.011,0.00111899,97.04,0.001,0.0,BTC-23AUG19-13000-C,10705.67,85.89,0.0005,12.9,0.0015,0.5,102.01,0.74972,-9.38606,0.03277,6e-05,0.02992
10716.22,SYN.BTC-23AUG19,1566212346626,open,0.21,0.0,0.1895,0.242,0.21420169,96.59,None,0.0,BTC-23AUG19-13000-P,10705.67,0.0,0.0,0.0,1.2145,3.0,500.0,0.73662,-9.17876,-1.34829,6e-05,-0.97071
10735.98,SYN.BTC-30AUG19,1566212346625,open,0.08,21.8,0.0435,0.104,0.07497115,93.16,0.074,0.0,BTC-30AUG19-10500-C,10705.67,90.22,0.073,25.0,0.0755,0.1,93.94,7.21864,-30.91588,1.63643,0.00023,0.58653
10735.98,SYN.BTC-30AUG19,1566212346625,open,0.14,9.6,0.1075,0.164,0.13639453,96.89,0.11,0.0,BTC-30AUG19-9500-C,10705.67,85.59,0.131,11.0,0.142,11.0,107.94,5.30433,-23.62832,2.09864,0.00016,0.79244
10716.22,SYN.BTC-23AUG19,1566212346625,open,0.01,283.7,0.001,0.0315,0.01230449,89.85,0.013,0.0,BTC-23AUG19-11500-C,10705.67,85.69,0.011,24.0,0.0135,2.4,93.56,3.4089,-39.513,0.25562,0.00031,0.23695
10716.22,SYN.BTC-23AUG19,1566212346626,open,0.0,93.0,0.0005,0.0105,4.025e-05,125.01,0.0005,0.0,BTC-23AUG19-16000-C,10705.67,0.0,0.0,0.0,0.0005,5.0,160.1,0.04242,-0.43128,0.00127,0.0,0.00115
10716.22,SYN.BTC-23AUG19,1566212346626,open,0.08,27.7,0.0565,0.115,0.08541611,89.76,0.095,0.0,BTC-23AUG19-11500-P,10705.67,81.95,0.083,0.1,0.088,0.1,97.7,3.40697,-39.45198,-0.96573,0.00031,-0.76329
10716.22,SYN.BTC-23AUG19,1566212346625,open,0.12,20.6,0.0965,0.142,0.11871726,97.03,0.139,0.0,BTC-23AUG19-9500-C,10705.67,0.0,0.101,4.0,0.137,4.3,168.34,2.00457,-25.0915,0.8836,0.00017,0.89524
10716.22,SYN.BTC-23AUG19,1566212346625,open,0.3,0.0,0.281,0.336,0.30689654,112.17,None,0.0,BTC-23AUG19-14000-P,10705.67,0.0,0.0,0.0,0.0,0.0,0.0,0.34683,-5.01911,-1.47336,3e-05,-0.98792
10735.98,SYN.BTC-30AUG19,1566212346625,open,0.01,13.9,0.0005,0.022,0.00735336,96.97,0.0075,0.0,BTC-30AUG19-13500-C,10705.67,95.78,0.007,30.0,0.008,3.0,99.07,3.23811,-14.43545,0.29446,0.0001,0.0994
10716.22,SYN.BTC-23AUG19,1566212346625,open,0.3,0.0,0.286,0.3145,0.30023489,127.29,None,0.0,BTC-23AUG19-7500-C,10705.67,0.0,0.0,0.0,0.0,0.0,0.0,0.09084,-1.49176,0.79322,1e-05,0.99733
10735.98,SYN.BTC-30AUG19,1566212346631,open,0.31,13.0,0.2795,0.344,0.30963684,101.35,0.2895,0.0,BTC-30AUG19-14000-P,10705.67,0.0,0.0,0.0,0.0,0.0,0.0,2.65966,-12.39219,-3.94515,8e-05,-0.92363
10735.98,SYN.BTC-30AUG19,1566212346625,open,0.22,0.0,0.1935,0.237,0.21461408,100.48,None,0.0,BTC-30AUG19-8500-C,10705.67,0.0,0.0,0.0,0.314,5.0,316.83,2.64751,-12.2304,2.26957,8e-05,0.92409
10815.34,BTC-27SEP19,1566212346655,open,0.26,43.0,0.2155,0.304,0.25983834,95.22,0.2965,0.0,BTC-27SEP19-13000-P,10705.67,83.25,0.246,9.0,0.288,1.0,118.29,12.80094,-15.67753,-10.69743,0.00011,-0.66882
204.15,ETH-27DEC19,1566212346690,open,0.18,1832.0,0.117,0.221,0.173235,98.71,0.157,0.0,ETH-27DEC19-240-C,200.92,95.25,0.165,127.0,0.178,30.0,100.71,0.48573,-0.18458,0.24306,0.00332,0.50784
202.21,ETH-27SEP19,1566212346690,open,0.09,1427.0,0.052,0.124,0.089303,94.99,0.082,0.0,ETH-27SEP19-220-C,200.92,91.66,0.085,313.0,0.091,120.0,96.31,0.26148,-0.31947,0.07842,0.00632,0.45344
202.21,ETH-27SEP19,1566212346690,open,0.0,839.0,0.001,0.011,0.000139,130.0,0.001,0.0,ETH-27SEP19-60-P,200.92,0.0,0.0,0.0,0.002,600.0,177.65,0.00232,-0.00388,-0.00026,4e-05,-0.00105
201.28,SYN.ETH-30AUG19,1566212346690,open,0.0,2280.0,0.001,0.011,0.001028,118.36,0.003,0.0,ETH-30AUG19-320-C,200.92,0.0,0.0,0.0,0.002,550.0,130.01,0.01325,-0.07208,0.00085,0.00093,0.01512
204.15,ETH-27DEC19,1566212346692,open,0.01,2014.0,0.001,0.026,0.010404,110.32,0.009,0.0,ETH-27DEC19-760-C,200.92,103.84,0.007,350.0,0.013,50.0,114.41,0.1208,-0.05131,0.02704,0.00074,0.04762
201.05,SYN.ETH-23AUG19,1566212346696,open,0.06,177.0,0.029,0.098,0.063631,88.58,0.099,0.0,ETH-23AUG19-210-P,200.92,86.9,0.063,150.0,0.071,150.0,107.87,0.0753,-0.86055,-0.0156,0.01981,-0.66697
10815.34,BTC-27SEP19,1566212346701,open,1.58,0.0,1.5385,1.645,1.59011677,116.51,None,0.0,BTC-27SEP19-28000-P,10705.67,0.0,0.0,0.0,0.0,0.0,0.0,0.97344,-1.45868,-29.71649,1e-05,-0.9896
202.21,ETH-27SEP19,1566212346701,open,0.04,8457.0,0.015,0.06,0.035678,95.09,0.042,0.0,ETH-27SEP19-160-P,200.92,91.95,0.033,416.0,0.038,160.0,97.76,0.17407,-0.21288,-0.04677,0.0042,-0.1815
201.28,SYN.ETH-30AUG19,1566212346701,open,0.06,1157.0,0.026,0.091,0.057936,89.05,0.115,0.0,ETH-30AUG19-200-P,200.92,84.75,0.055,150.0,0.063,150.0,96.45,0.13764,-0.56348,-0.03064,0.0128,-0.45288
202.21,ETH-27SEP19,1566212346703,open,0.5,851.0,0.45,0.561,0.504166,98.46,0.56,0.0,ETH-27SEP19-300-P,200.92,0.0,0.465,1.0,0.544,1.0,141.48,0.149,-0.18868,-0.29316,0.00347,-0.85701
201.28,SYN.ETH-30AUG19,1566212346703,open,0.0,4133.0,0.001,0.011,9.7e-05,130.0,0.002,0.0,ETH-30AUG19-400-C,200.92,0.0,0.0,0.0,0.002,300.0,179.29,0.0018,-0.01073,9e-05,0.00011,0.0016
202.21,ETH-27SEP19,1566212346709,open,0.59,607.0,0.542,0.655,0.597139,99.87,0.761,0.0,ETH-27SEP19-320-P,200.92,0.0,0.0,0.0,1.39,1.0,500.0,0.12125,-0.15575,-0.32104,0.00279,-0.89348
202.21,ETH-27SEP19,1566212346730,open,0.13,1594.0,0.086,0.163,0.127406,94.49,0.118,0.0,ETH-27SEP19-200-C,200.92,89.48,0.121,110.0,0.13,120.0,96.52,0.25857,-0.31423,0.09646,0.00628,0.57527
202.21,ETH-27SEP19,1566212346730,open,0.01,9106.0,0.001,0.015,0.005349,98.32,0.006,0.0,ETH-27SEP19-120-P,200.92,96.98,0.005,1.0,0.006,200.0,100.72,0.05337,-0.06749,-0.00912,0.00125,-0.037
204.15,ETH-27DEC19,1566212346730,open,0.02,1729.0,0.004,0.038,0.016926,108.24,0.021,0.0,ETH-27DEC19-640-C,200.92,103.19,0.013,350.0,0.02,50.0,111.75,0.17058,-0.07108,0.04144,0.00106,0.07397
201.28,SYN.ETH-30AUG19,1566212346730,open,0.0,873.0,0.001,0.011,0.001034,104.48,0.003,0.0,ETH-30AUG19-300-C,200.92,0.0,0.0,0.0,0.002,250.0,115.06,0.01457,-0.06996,0.00095,0.00115,0.01689
202.21,ETH-27SEP19,1566212346740,open,0.0,7916.0,0.001,0.011,0.0002,130.0,0.001,0.0,ETH-27SEP19-760-C,200.92,0.0,0.0,0.0,0.002,400.0,162.29,0.00383,-0.00641,0.00035,7e-05,0.00182
204.15,ETH-27DEC19,1566212346742,open,1.02,16.0,0.933,1.105,1.017971,103.46,1.195,0.0,ETH-27DEC19-400-P,200.92,81.75,0.985,1.0,1.073,1.0,131.46,0.35804,-0.14261,-1.30802,0.00233,-0.78268
202.21,ETH-27SEP19,1566212346742,open,0.98,79.0,0.922,1.049,0.982743,106.77,0.351,0.0,ETH-27SEP19-400-P,200.92,0.0,0.0,0.0,0.0,0.0,0.0,0.05366,-0.07369,-0.419,0.00115,-0.96275
201.28,SYN.ETH-30AUG19,1566212346742,open,0.29,0.0,0.255,0.34,0.296164,93.69,0.218,0.0,ETH-30AUG19-260-P,200.92,0.0,0.0,0.0,0.0,0.0,0.0,0.04486,-0.19324,-0.07375,0.00397,-0.93345
201.28,SYN.ETH-30AUG19,1566212346742,open,0.79,0.0,0.737,0.846,0.78902,130.76,None,0.0,ETH-30AUG19-360-P,200.92,0.0,0.0,0.0,0.0,0.0,0.0,0.00668,-0.04014,-0.10688,0.00042,-0.99311
202.21,ETH-27SEP19,1566212346744,open,1.57,12.0,1.497,1.655,1.573599,123.24,1.193,0.0,ETH-27SEP19-520-P,200.92,0.0,0.0,0.0,0.0,0.0,0.0,0.02626,-0.04162,-0.55086,0.00049,-0.98411
204.15,ETH-27DEC19,1566212346746,open,0.04,1231.0,0.013,0.069,0.037564,105.6,0.026,0.0,ETH-27DEC19-480-C,200.92,102.96,0.034,110.0,0.04,349.0,107.34,0.28223,-0.11474,0.08069,0.0018,0.14865
201.28,SYN.ETH-30AUG19,1566212346746,open,0.59,0.0,0.544,0.642,0.590868,118.7,None,0.0,ETH-30AUG19-320-P,200.92,0.0,0.0,0.0,0.0,0.0,0.0,0.01344,-0.07333,-0.09449,0.00094,-0.98463
204.15,ETH-27DEC19,1566212346752,open,0.02,2271.0,0.005,0.043,0.020277,107.53,0.021,0.0,ETH-27DEC19-600-C,200.92,102.7,0.016,350.0,0.023,50.0,110.32,0.19267,-0.07976,0.0484,0.00121,0.08691
202.21,ETH-27SEP19,1566212346752,open,0.88,259.0,0.826,0.949,0.88491,104.05,0.94,0.0,ETH-27SEP19-380-P,200.92,0.0,0.009,8.0,0.0,0.0,0.0,0.06335,-0.08478,-0.39611,0.0014,-0.95429
201.28,SYN.ETH-30AUG19,1566212346752,open,0.31,0.0,0.284,0.327,0.305448,101.15,None,0.0,ETH-30AUG19-140-C,200.92,0.0,0.0,0.0,0.0,0.0,0.0,0.01325,-0.06163,0.04075,0.00109,0.98487
204.15,ETH-27DEC19,1566212346757,open,1.2,0.0,1.115,1.293,1.201849,104.54,None,0.0,ETH-27DEC19-440-P,200.92,0.0,1.11,110.0,0.0,0.0,0.0,0.31828,-0.12809,-1.46952,0.00205,-0.82113
201.28,SYN.ETH-30AUG19,1566212346760,open,0.12,599.0,0.081,0.161,0.121024,89.05,0.19,0.0,ETH-30AUG19-220-P,200.92,85.7,0.119,50.0,0.127,50.0,98.74,0.12222,-0.5004,-0.04876,0.01137,-0.69204
202.21,ETH-27SEP19,1566212346781,open,0.03,2121.0,0.01,0.053,0.029243,97.08,0.022,0.0,ETH-27SEP19-280-C,200.92,94.53,0.027,390.0,0.031,160.0,99.03,0.18049,-0.22536,0.03515,0.00427,0.19245
204.15,ETH-27DEC19,1566212346781,open,0.06,1447.0,0.025,0.096,0.058627,103.46,0.059,0.0,ETH-27DEC19-400-C,200.92,101.95,0.056,150.0,0.061,281.0,104.8,0.35804,-0.14261,0.11527,0.00233,0.21732
202.21,ETH-27SEP19,1566212346781,open,1.17,0.0,1.113,1.25,1.178516,108.55,None,0.0,ETH-27SEP19-440-P,200.92,0.0,0.0,0.0,0.0,0.0,0.0,0.0344,-0.04802,-0.46449,0.00073,-0.97818
11027.81,BTC-27DEC19,1566212346783,open,1.56,0.1,1.498,1.64,1.5648,102.18,1.49,0.0,BTC-27DEC19-28000-P,10705.67,0.0,0.0045,1.0,0.0,0.0,0.0,12.40772,-4.88084,-96.30662,3e-05,-0.88952
201.28,SYN.ETH-30AUG19,1566212346783,open,0.01,1039.0,0.001,0.028,0.010847,89.89,0.007,0.0,ETH-30AUG19-240-C,200.92,82.23,0.008,539.0,0.012,250.0,92.76,0.07934,-0.3279,0.00807,0.00731,0.14542
201.28,SYN.ETH-30AUG19,1566212346783,open,0.2,382.0,0.162,0.245,0.203227,89.93,0.303,0.0,ETH-30AUG19-240-P,200.92,0.0,0.0,0.0,0.0,0.0,0.0,0.07939,-0.32825,-0.06343,0.00731,-0.85445
202.21,ETH-27SEP19,1566212346786,open,0.61,0.0,0.593,0.618,0.60534,124.49,None,0.0,ETH-27SEP19-80-C,200.92,0.0,0.003,10.0,0.0,0.0,0.0,0.01199,-0.0192,0.08361,0.00022,0.99353
204.15,ETH-27DEC19,1566212346794,open,2.35,0.0,2.238,2.464,2.345974,110.04,None,0.0,ETH-27DEC19-680-P,200.92,0.0,0.0,0.0,0.0,0.0,0.0,0.15656,-0.06632,-2.3825,0.00096,-0.93383
204.15,ETH-27DEC19,1566212346794,open,2.15,0.0,2.049,2.264,2.151876,108.24,None,0.0,ETH-27DEC19-640-P,200.92,0.0,0.0,0.0,0.0,0.0,0.0,0.17058,-0.07108,-2.23583,0.00106,-0.92603
201.28,SYN.ETH-30AUG19,1566212346794,open,0.07,497.0,0.031,0.095,0.064286,89.03,0.047,0.0,ETH-30AUG19-200-C,200.92,82.76,0.06,160.0,0.066,150.0,91.53,0.13764,-0.56335,0.02896,0.01281,0.54712
202.21,ETH-27SEP19,1566212346797,open,0.18,1944.0,0.129,0.223,0.177281,94.99,0.205,0.0,ETH-27SEP19-220-P,200.92,92.46,0.174,120.0,0.185,120.0,100.96,0.26148,-0.31947,-0.15589,0.00632,-0.54656
204.15,ETH-27DEC19,1566212346804,open,0.35,781.0,0.279,0.413,0.348841,98.71,0.499,0.0,ETH-27DEC19-240-P,200.92,95.41,0.341,30.0,0.359,30.0,102.98,0.48573,-0.18458,-0.61092,0.00332,-0.49216
204.15,ETH-27DEC19,1566212346804,open,0.84,257.0,0.756,0.921,0.838532,102.42,0.947,0.0,ETH-27DEC19-360-P,200.92,86.22,0.809,1.0,0.903,1.0,132.67,0.40013,-0.15778,-1.14183,0.00263,-0.73335
201.28,SYN.ETH-30AUG19,1566212346806,open,0.0,3916.0,0.001,0.011,0.00045,130.0,0.001,0.0,ETH-30AUG19-360-C,200.92,0.0,0.0,0.0,0.002,350.0,156.43,0.00642,-0.03837,0.00037,0.00041,0.00659
