underlying_price,underlying_index,timestamp,state,settlement_price,open_interest,min_price,max_price,mark_price,mark_iv,last_price,interest_rate,instrument_name,index_price,bid_iv,best_bid_price,best_bid_amount,best_ask_price,best_ask_amount,ask_iv,vega,theta,rho,gamma,delta
213.26,SYN.ETH-9AUG19,1564657140204,open,0.21,0.0,0.179,0.234,0.20706,104.44,None,0.0,ETH-9AUG19-170-C,213.04,0.0,0.005,5.0,0.0,0.0,0.0,0.03734,-0.24757,0.03372,0.00364,0.93996
213.26,SYN.ETH-9AUG19,1564657140328,open,0.0,0.0,0.001,0.011,0.000549,124.82,None,0.0,ETH-9AUG19-140-P,213.04,0.0,0.0,0.0,0.002,300.0,151.12,0.00724,-0.05733,-0.00042,0.00059,-0.00849
10071.52,BTC-27SEP19,1564657140426,open,0.0,671.4,0.0005,0.011,0.00102247,106.14,0.0015,0.0,BTC-27SEP19-30000-C,9949.99,98.68,0.0005,0.1,0.0015,39.0,110.77,0.89976,-0.83955,0.11416,1e-05,0.0083
10071.52,BTC-27SEP19,1564657140427,open,0.15,676.8,0.1045,0.188,0.14936877,93.43,0.148,0.0,BTC-27SEP19-10000-C,9949.99,90.28,0.1445,14.4,0.151,14.4,94.49,15.53491,-12.76019,6.76955,0.00011,0.58072
10238.96,BTC-27DEC19,1564657140428,open,0.81,0.0,0.796,0.8155,0.80592356,113.64,None,0.0,BTC-27DEC19-2000-C,9949.99,0.0,0.0145,3.0,0.977,0.5,500.0,0.84176,-0.32345,7.86793,0.0,0.99559
10238.96,BTC-27DEC19,1564657140430,open,1.57,0.0,1.5,1.65,1.57146329,100.79,None,0.0,BTC-27DEC19-26000-P,9949.99,0.0,0.0045,10.0,2.367,0.2,500.0,13.70174,-4.66939,-101.3247,3e-05,-0.87115
10071.52,BTC-27SEP19,1564657140430,open,0.05,529.9,0.0245,0.082,0.05279505,93.44,0.055,0.0,BTC-27SEP19-8000-P,9949.99,90.52,0.0495,32.5,0.053,19.3,93.62,11.43658,-9.39406,-4.1138,8e-05,-0.20933
10011.92,SYN.BTC-30AUG19,1564657140429,open,0.01,165.6,0.0005,0.014,0.00444763,100.95,0.0045,0.0,BTC-30AUG19-17000-C,9949.99,96.96,0.0035,34.0,0.005,24.0,103.05,2.54805,-4.45415,0.30125,3e-05,0.04248
10011.92,SYN.BTC-30AUG19,1564657140429,open,0.24,1.6,0.201,0.286,0.24414454,97.47,0.3175,0.0,BTC-30AUG19-12000-P,9949.99,0.0,0.0,0.0,0.0,0.0,0.0,9.79513,-16.5317,-7.47602,0.00013,-0.69973
10011.92,SYN.BTC-30AUG19,1564657140431,open,0.4,0.0,0.389,0.4195,0.40365585,100.07,None,0.0,BTC-30AUG19-6000-C,9949.99,0.0,0.0,0.0,0.0,0.0,0.0,1.64622,-2.85253,4.52532,2e-05,0.97499
213.26,SYN.ETH-9AUG19,1564657140466,open,0.01,262.0,0.001,0.025,0.009138,103.0,0.008,0.0,ETH-9AUG19-180-P,213.04,95.15,0.007,294.0,0.011,250.0,109.27,0.0611,-0.39956,-0.00575,0.00605,-0.11579
214.62,ETH-27SEP19,1564657140690,open,0.0,739.0,0.001,0.011,0.000393,125.0,0.001,0.0,ETH-27SEP19-60-P,213.04,0.0,0.0,0.0,0.002,550.0,153.74,0.00617,-0.00678,-0.00091,7e-05,-0.00233
218.11,ETH-27DEC19,1564657140690,open,0.22,561.0,0.147,0.262,0.212256,98.94,0.205,0.0,ETH-27DEC19-240-C,213.04,96.05,0.205,119.0,0.218,204.0,101.23,0.54653,-0.18284,0.31148,0.00287,0.56475
214.62,ETH-27SEP19,1564657140692,open,0.09,1704.0,0.043,0.122,0.085475,99.0,0.091,0.0,ETH-27SEP19-260-C,213.04,96.02,0.081,226.0,0.09,496.0,101.99,0.32355,-0.2816,0.09978,0.00455,0.38384
213.06,SYN.ETH-2AUG19,1564657140701,open,0.0,1402.0,0.001,0.016,0.002144,112.36,0.001,0.0,ETH-2AUG19-230-C,213.04,94.76,0.001,92.0,0.004,250.0,132.98,0.01646,-0.45678,0.00043,0.01345,0.08656
213.06,SYN.ETH-2AUG19,1564657140705,open,0.0,261.0,0.001,0.011,0.0,125.0,0.001,0.0,ETH-2AUG19-290-C,213.04,0.0,0.0,0.0,0.002,300.0,328.9,0.0,0.0,0.0,0.0,0.0
214.62,ETH-27SEP19,1564657140709,open,0.52,497.0,0.467,0.594,0.531811,101.78,0.51,0.0,ETH-27SEP19-320-P,213.04,56.59,0.495,110.0,0.574,110.0,134.51,0.24674,-0.22078,-0.44078,0.00338,-0.7862
214.62,ETH-27SEP19,1564657140712,open,0.22,2475.0,0.169,0.28,0.22812,97.94,0.28,0.0,ETH-27SEP19-240-P,213.04,93.39,0.221,230.0,0.233,120.0,101.05,0.33644,-0.28968,-0.25626,0.00479,-0.53815
213.06,SYN.ETH-2AUG19,1564657140730,open,0.04,189.0,0.006,0.075,0.041138,105.59,0.047,0.0,ETH-2AUG19-220-P,213.04,78.64,0.037,50.0,0.045,50.0,128.36,0.03491,-1.84304,-0.00391,0.03036,-0.72359
213.06,SYN.ETH-2AUG19,1564657140730,open,0.01,244.0,0.001,0.041,0.014089,105.59,0.019,0.0,ETH-2AUG19-210-P,213.04,94.33,0.012,5.0,0.016,49.0,115.8,0.03973,-2.0975,-0.00201,0.03455,-0.37981
214.62,ETH-27SEP19,1564657140741,open,0.0,7915.0,0.001,0.011,0.001,119.75,0.001,0.0,ETH-27SEP19-760-C,213.04,0.0,0.0,0.0,0.002,100.0,129.23,0.01729,-0.0182,0.00213,0.0002,0.00738
218.11,ETH-27DEC19,1564657140741,open,0.9,16.0,0.821,0.997,0.911564,100.75,1.195,0.0,ETH-27DEC19-400-P,213.04,63.75,0.85,110.0,0.982,110.0,131.62,0.45556,-0.15519,-1.45414,0.00235,-0.73404
213.84,SYN.ETH-30AUG19,1564657140741,open,0.68,0.0,0.636,0.748,0.689689,105.85,None,0.0,ETH-30AUG19-360-P,213.04,0.0,0.0,0.0,0.0,0.0,0.0,0.06665,-0.12216,-0.27659,0.00174,-0.94527
213.26,SYN.ETH-9AUG19,1564657140743,open,0.1,305.0,0.054,0.126,0.093719,101.13,0.094,0.0,ETH-9AUG19-200-C,213.04,91.9,0.089,150.0,0.098,150.0,109.38,0.10994,-0.70586,0.02761,0.01108,0.6937
218.11,ETH-27DEC19,1564657140746,open,0.05,746.0,0.017,0.084,0.049149,101.17,0.055,0.0,ETH-27DEC19-480-C,213.04,98.67,0.045,110.0,0.053,110.0,103.41,0.3684,-0.12602,0.11851,0.00189,0.18326
213.84,SYN.ETH-30AUG19,1564657140746,open,0.5,0.0,0.457,0.564,0.509744,103.32,None,0.0,ETH-30AUG19-320-P,213.04,0.0,0.0,0.0,0.0,0.0,0.0,0.111,-0.19858,-0.23728,0.00297,-0.89283
218.11,ETH-27DEC19,1564657140751,open,0.03,1471.0,0.006,0.052,0.026128,101.66,0.023,0.0,ETH-27DEC19-600-C,213.04,98.91,0.023,110.0,0.029,110.0,104.04,0.25664,-0.08822,0.07184,0.00131,0.10743
218.11,ETH-27DEC19,1564657140757,open,1.07,0.0,0.988,1.168,1.07888,100.98,None,0.0,ETH-27DEC19-440-P,213.04,0.0,1.008,110.0,2.015,1.0,500.0,0.4116,-0.14053,-1.64215,0.00211,-0.77949
213.06,SYN.ETH-2AUG19,1564657140760,open,0.08,231.0,0.049,0.117,0.08163,112.36,0.1,0.0,ETH-2AUG19-230-P,213.04,0.0,0.078,50.0,0.085,50.0,146.9,0.01646,-0.92484,-0.00509,0.01345,-0.91344
213.06,SYN.ETH-2AUG19,1564657140771,open,0.0,489.0,0.001,0.011,0.0,125.0,0.005,0.0,ETH-2AUG19-160-P,213.04,0.0,0.0,0.0,0.001,1.0,290.08,0.0,0.0,0.0,0.0,0.0
213.06,SYN.ETH-2AUG19,1564657140773,open,0.0,248.0,0.001,0.011,9.4e-05,125.0,0.001,0.0,ETH-2AUG19-250-C,213.04,0.0,0.0,0.0,0.001,10.0,171.58,0.00149,-0.01996,2e-05,0.0011,0.00493
218.11,ETH-27DEC19,1564657140781,open,0.08,536.0,0.033,0.12,0.077543,100.71,0.071,0.0,ETH-27DEC19-400-C,213.04,98.03,0.072,110.0,0.082,376.0,102.83,0.45541,-0.15508,0.16635,0.00235,0.26579
214.62,ETH-27SEP19,1564657140781,open,0.07,2090.0,0.029,0.101,0.066069,99.61,0.072,0.0,ETH-27SEP19-280-C,213.04,96.69,0.062,244.0,0.07,514.0,102.39,0.30125,-0.2638,0.08349,0.00421,0.31572
218.11,ETH-27DEC19,1564657140783,open,1.41,37.0,1.33,1.521,1.42382,101.45,0.707,0.0,ETH-27DEC19-520-P,213.04,0.0,0.002,25.0,0.0,0.0,0.0,0.32831,-0.11262,-2.0064,0.00168,-0.84677
213.84,SYN.ETH-30AUG19,1564657140783,open,0.19,222.0,0.138,0.236,0.189641,100.02,0.21,0.0,ETH-30AUG19-240-P,213.04,93.86,0.183,120.0,0.2,120.0,109.54,0.23139,-0.40076,-0.13464,0.00639,-0.60624
214.62,ETH-27SEP19,1564657140786,open,0.0,2654.0,0.001,0.013,0.003511,111.04,0.004,0.0,ETH-27SEP19-560-C,213.04,103.08,0.002,100.0,0.005,300.0,116.86,0.04865,-0.04749,0.00701,0.00061,0.02448
218.11,ETH-27DEC19,1564657140792,open,0.06,623.0,0.023,0.1,0.061457,100.93,0.057,0.0,ETH-27DEC19-440-C,213.04,98.54,0.057,110.0,0.066,427.0,103.31,0.41138,-0.14039,0.14036,0.00211,0.2203
218.11,ETH-27DEC19,1564657140794,open,2.12,0.0,2.032,2.249,2.136125,102.73,None,0.0,ETH-27DEC19-680-P,213.04,0.0,0.0,0.0,0.0,0.0,0.0,0.20438,-0.07099,-2.70145,0.00103,-0.92103
214.62,ETH-27SEP19,1564657140797,open,0.16,2067.0,0.113,0.215,0.167678,97.7,0.172,0.0,ETH-27SEP19-220-P,213.04,93.43,0.161,230.0,0.173,230.0,101.11,0.3352,-0.2879,-0.20618,0.00478,-0.44882
213.06,SYN.ETH-2AUG19,1564657140797,open,0.0,14.0,0.001,0.011,0.0,125.0,0.001,0.0,ETH-2AUG19-280-C,213.04,0.0,0.0,0.0,0.001,4.0,267.08,0.0,-1e-05,0.0,0.0,0.0
214.62,ETH-27SEP19,1564657140812,open,0.01,3439.0,0.001,0.015,0.005002,109.73,0.006,0.0,ETH-27SEP19-520-C,213.04,101.85,0.003,190.0,0.007,640.0,115.76,0.06374,-0.06148,0.00966,0.00081,0.03388
218.11,ETH-27DEC19,1564657140817,open,0.03,1449.0,0.009,0.061,0.031863,101.37,0.028,0.0,ETH-27DEC19-560-C,213.04,98.37,0.028,460.0,0.035,110.0,103.68,0.28961,-0.09927,0.08443,0.00148,0.12741
213.06,SYN.ETH-2AUG19,1564657140817,open,0.0,265.0,0.001,0.02,0.003354,112.78,0.006,0.0,ETH-2AUG19-200-P,213.04,97.54,0.002,5.0,0.005,320.0,128.26,0.02092,-0.71454,-0.00063,0.01703,-0.12038
213.84,SYN.ETH-30AUG19,1564657140820,open,0.59,0.0,0.546,0.655,0.598855,104.23,None,0.0,ETH-30AUG19-340-P,213.04,0.0,0.0,0.0,0.0,0.0,0.0,0.08568,-0.15463,-0.25769,0.00227,-0.92438
213.06,SYN.ETH-2AUG19,1564657140826,open,0.07,216.0,0.033,0.094,0.06467,112.78,0.062,0.0,ETH-2AUG19-200-C,213.04,0.0,0.06,50.0,0.067,50.0,134.13,0.02092,-1.1799,0.00417,0.01703,0.87962
218.11,ETH-27DEC19,1564657140834,open,0.44,432.0,0.363,0.517,0.445966,99.26,0.441,0.0,ETH-27DEC19-280-P,213.04,95.72,0.437,150.0,0.456,120.0,103.22,0.5521,-0.1853,-0.86388,0.00289,-0.53166
214.62,ETH-27SEP19,1564657140834,open,0.0,3419.0,0.001,0.012,0.002001,114.69,0.003,0.0,ETH-27SEP19-640-C,213.04,105.98,0.001,50.0,0.003,437.0,120.68,0.03093,-0.03119,0.00414,0.00038,0.01437
213.84,SYN.ETH-30AUG19,1564657140836,open,0.05,328.0,0.017,0.076,0.046944,102.58,0.045,0.0,ETH-30AUG19-260-C,213.04,100.57,0.045,9.0,0.049,160.0,104.68,0.20816,-0.36972,0.0423,0.00561,0.29696
214.62,ETH-27SEP19,1564657140840,open,0.0,2697.0,0.001,0.011,0.001,115.46,0.001,0.0,ETH-27SEP19-720-C,213.04,0.0,0.0,0.0,0.002,242.0,124.7,0.01774,-0.01801,0.00221,0.00021,0.0076
218.11,ETH-27DEC19,1564657140842,open,0.28,164.0,0.216,0.325,0.27832,97.96,0.288,0.0,ETH-27DEC19-200-C,213.04,94.34,0.27,30.0,0.286,2.0,101.31,0.50034,-0.16572,0.34958,0.00265,0.67393
213.06,SYN.ETH-2AUG19,1564657140848,open,0.0,749.0,0.001,0.011,0.000678,124.69,0.002,0.0,ETH-2AUG19-190-P,213.04,0.0,0.0,0.0,0.002,250.0,154.03,0.00677,-0.14456,-0.00015,0.00498,-0.0283
218.11,ETH-27DEC19,1564657140850,open,0.04,936.0,0.012,0.072,0.039592,101.37,0.036,0.0,ETH-27DEC19-520-C,213.04,98.93,0.036,110.0,0.043,110.0,103.6,0.32791,-0.1124,0.10017,0.00168,0.15295
214.62,ETH-27SEP19,1564657140858,open,0.03,2762.0,0.006,0.048,0.024507,102.36,0.028,0.0,ETH-27SEP19-360-C,213.04,98.24,0.021,605.0,0.027,200.0,105.13,0.18903,-0.1701,0.03879,0.00257,0.14051
213.06,SYN.ETH-2AUG19,1564657140858,open,0.01,815.0,0.001,0.031,0.008586,105.59,0.007,0.0,ETH-2AUG19-220-C,213.04,89.24,0.006,232.0,0.008,2.0,101.98,0.03491,-1.82947,0.00137,0.03036,0.27641
214.62,ETH-27SEP19,1564657140860,open,0.11,1827.0,0.063,0.148,0.109864,97.94,0.117,0.0,ETH-27SEP19-240-C,213.04,95.47,0.106,205.0,0.115,315.0,101.22,0.33644,-0.28968,0.11771,0.00479,0.46185
214.62,ETH-27SEP19,1564657140862,open,0.02,1897.0,0.004,0.04,0.019415,103.11,0.023,0.0,ETH-27SEP19-380-C,213.04,98.45,0.016,610.0,0.022,610.0,106.38,0.16449,-0.14911,0.03198,0.00222,0.11505
213.26,SYN.ETH-9AUG19,1564657141005,open,0.05,59.0,0.017,0.085,0.051433,101.13,0.056,0.0,ETH-9AUG19-210-P,213.04,95.18,0.048,471.0,0.055,150.0,107.32,0.12301,-0.7898,-0.02213,0.01239,-0.42939
213.26,SYN.ETH-9AUG19,1564657141188,open,0.08,29.0,0.037,0.115,0.077823,102.1,0.071,0.0,ETH-9AUG19-220-P,213.04,92.05,0.072,150.0,0.081,150.0,107.56,0.12388,-0.80295,-0.02901,0.01236,-0.55272
213.26,SYN.ETH-9AUG19,1564657141368,open,0.11,3.0,0.065,0.149,0.109186,102.3,0.099,0.0,ETH-9AUG19-230-P,213.04,90.55,0.103,150.0,0.113,150.0,109.38,0.11405,-0.74071,-0.03565,0.01136,-0.66559
10071.53,BTC-27SEP19,1564657141429,open,0.63,0.0,0.619,0.6385,0.62892328,113.13,None,0.0,BTC-27SEP19-3750-C,9950.42,0.0,0.0045,11.0,0.701,10.0,299.42,0.81683,-0.81234,5.70697,0.0,0.99257
10239.42,BTC-27DEC19,1564657141430,open,3.69,0.0,3.597,3.8005,3.69385466,108.09,None,0.0,BTC-27DEC19-48000-P,9950.42,0.0,0.0005,6.0,6.0,1.0,500.0,4.26331,-1.55811,-193.5324,1e-05,-0.97139
10239.42,BTC-27DEC19,1564657141430,open,0.0,208.8,0.0005,0.011,0.00147471,100.59,0.0015,0.0,BTC-27DEC19-2500-P,9950.42,87.82,0.0005,3.0,0.0025,10.0,108.7,1.08034,-0.36745,-0.30305,0.0,-0.00583
10239.42,BTC-27DEC19,1564657141430,open,0.58,5.6,0.508,0.6485,0.5803688,95.44,0.5485,0.0,BTC-27DEC19-15000-P,9950.42,0.0,0.45,0.2,1.3305,0.2,499.92,24.66553,-7.96003,-50.09895,6e-05,-0.6273
9951.85,SYN.BTC-2AUG19,1564657141429,open,0.3,0.0,0.2825,0.31,0.29664325,234.75,None,0.0,BTC-2AUG19-7000-C,9950.42,0.0,0.01,10.0,0.0,0.0,0.0,0.01508,-1.77045,0.16772,0.0,0.99909
9951.85,SYN.BTC-2AUG19,1564657141430,open,0.0,320.5,0.0005,0.0105,3e-08,135.03,0.0005,0.0,BTC-2AUG19-13500-C,9950.42,0.0,0.0,0.0,0.0005,39.0,266.51,5e-05,-0.00031,0.0,0.0,0.0
213.26,SYN.ETH-9AUG19,1564657141449,open,0.02,49.0,0.002,0.043,0.019604,102.3,0.024,0.0,ETH-9AUG19-240-C,213.04,94.17,0.016,458.0,0.021,10.0,105.34,0.09706,-0.6304,0.01007,0.00967,0.23855
10011.48,SYN.BTC-30AUG19,1564657141451,open,0.06,189.5,0.029,0.0895,0.05940163,96.18,0.061,0.0,BTC-30AUG19-9000-P,9950.42,93.2,0.0565,19.3,0.0605,1.9,97.3,9.76712,-16.26585,-2.83395,0.00013,-0.29841
213.26,SYN.ETH-9AUG19,1564657141541,open,0.14,11.0,0.101,0.187,0.144997,102.3,0.123,0.0,ETH-9AUG19-240-P,213.04,0.0,0.0,0.0,0.0,0.0,0.0,0.09706,-0.6304,-0.04171,0.00967,-0.76145
9951.85,SYN.BTC-2AUG19,1564657141669,open,0.01,245.4,0.0005,0.0205,0.00419646,106.26,0.004,0.0,BTC-2AUG19-10500-C,9950.42,104.52,0.004,12.8,0.0045,0.6,108.74,1.17459,-41.82694,0.03664,0.00047,0.15765
9951.85,SYN.BTC-2AUG19,1564657141688,open,0.01,245.4,0.0005,0.0205,0.00419646,106.26,0.004,0.0,BTC-2AUG19-10500-C,9950.42,104.52,0.004,12.8,0.0045,0.7,108.74,1.17459,-41.82694,0.03664,0.00047,0.15765
213.26,SYN.ETH-9AUG19,1564657141719,open,0.18,0.0,0.142,0.227,0.18443,102.39,None,0.0,ETH-9AUG19-250-P,213.04,0.0,0.0,0.0,0.0,0.0,0.0,0.07719,-0.50175,-0.047,0.00768,-0.83687
213.26,SYN.ETH-9AUG19,1564657141886,open,0.22,0.0,0.185,0.27,0.226679,103.23,None,0.0,ETH-9AUG19-260-P,213.04,0.0,0.0,0.0,0.0,0.0,0.0,0.05857,-0.38383,-0.05142,0.00578,-0.89087
213.26,SYN.ETH-9AUG19,1564657141967,open,0.01,818.0,0.001,0.017,0.004609,104.34,0.004,0.0,ETH-9AUG19-270-C,213.04,88.43,0.002,550.0,0.006,250.0,110.8,0.04288,-0.28409,0.00309,0.00419,0.07179
9951.85,SYN.BTC-2AUG19,1564657142006,open,0.06,35.4,0.0345,0.086,0.05927617,105.88,0.0615,0.0,BTC-2AUG19-10500-P,9950.42,84.11,0.057,0.6,0.06,6.0,112.17,1.17014,-61.94547,-0.21548,0.00047,-0.84326
9951.85,SYN.BTC-2AUG19,1564657142025,open,0.06,35.4,0.0345,0.086,0.05927617,105.88,0.0615,0.0,BTC-2AUG19-10500-P,9950.42,84.11,0.057,0.6,0.06,6.1,112.17,1.17014,-61.94547,-0.21548,0.00047,-0.84326
9967.19,SYN.BTC-9AUG19,1564657142033,open,0.04,105.0,0.0105,0.0635,0.03661006,99.1,0.0375,0.0,BTC-9AUG19-10500-C,9950.42,95.34,0.0345,1.0,0.0385,25.0,102.45,5.60853,-35.28633,0.75537,0.00026,0.38784
213.26,SYN.ETH-9AUG19,1564657142062,open,0.27,0.0,0.23,0.314,0.270677,104.3,None,0.0,ETH-9AUG19-270-P,213.04,0.0,0.0,0.0,0.0,0.0,0.0,0.04285,-0.28371,-0.05517,0.00419,-0.9283
213.26,SYN.ETH-9AUG19,1564657142237,open,0.31,0.0,0.275,0.36,0.315751,105.27,None,0.0,ETH-9AUG19-280-P,213.04,0.0,0.0,0.0,0.0,0.0,0.0,0.0303,-0.20249,-0.05842,0.00293,-0.95386
213.26,SYN.ETH-9AUG19,1564657142323,open,0.0,12.0,0.001,0.012,0.002129,110.57,0.003,0.0,ETH-9AUG19-290-C,213.04,98.25,0.001,1.0,0.003,250.0,117.46,0.02423,-0.1701,0.00151,0.00223,0.03505
213.26,SYN.ETH-9AUG19,1564657142413,open,0.36,0.0,0.321,0.407,0.361979,110.49,None,0.0,ETH-9AUG19-290-P,213.04,0.0,0.0,0.0,0.0,0.0,0.0,0.02417,-0.16955,-0.06106,0.00223,-0.96506
9967.19,SYN.BTC-9AUG19,1564657142437,open,0.01,67.5,0.0005,0.025,0.00920449,98.71,0.0095,0.0,BTC-9AUG19-8500-P,9950.42,92.71,0.0075,40.0,0.0105,30.0,102.98,2.94352,-18.44565,-0.27972,0.00014,-0.12086
10238.99,BTC-27DEC19,1564657142501,open,0.28,247.0,0.216,0.3385,0.28045733,93.06,0.288,0.0,BTC-27DEC19-11000-P,9950.42,91.49,0.2765,3.6,0.2845,3.6,94.69,25.60406,-8.05652,-29.49037,6e-05,-0.43049
213.26,SYN.ETH-9AUG19,1564657142538,open,0.3,0.0,0.275,0.319,0.297206,107.16,None,0.0,ETH-9AUG19-150-C,213.04,0.0,0.0,0.0,0.0,0.0,0.0,0.00859,-0.05844,0.03186,0.00082,0.98967
9967.18,SYN.BTC-9AUG19,1564657142881,open,0.12,5.2,0.0865,0.1435,0.11617299,97.81,0.1235,0.0,BTC-9AUG19-9000-C,9950.42,89.09,0.1125,6.0,0.12,6.0,106.5,4.30124,-26.70914,1.43406,0.00021,0.78298
213.26,SYN.ETH-9AUG19,1564657143004,open,0.25,0.0,0.227,0.275,0.251468,106.25,None,0.0,ETH-9AUG19-160-C,213.04,0.0,0.005,5.0,0.0,0.0,0.0,0.01982,-0.13368,0.03318,0.0019,0.97251
213.26,SYN.ETH-9AUG19,1564657143101,open,0.0,51.0,0.001,0.011,0.00173,106.19,0.003,0.0,ETH-9AUG19-160-P,213.04,0.0,0.0,0.0,0.003,252.0,117.74,0.01979,-0.13339,-0.00134,0.0019,-0.02743
213.26,SYN.ETH-9AUG19,1564657143165,open,0.35,0.0,0.324,0.364,0.34407,124.94,None,0.0,ETH-9AUG19-140-C,213.04,0.0,0.0,0.0,0.0,0.0,0.0,0.00727,-0.05769,0.02979,0.00059,0.99146
213.26,SYN.ETH-9AUG19,1564657143162,open,0.0,8.0,0.001,0.011,0.001674,115.74,0.002,0.0,ETH-9AUG19-300-C,213.04,0.0,0.0,0.0,0.003,556.0,127.59,0.01969,-0.14469,0.00118,0.00173,0.02728
213.26,SYN.ETH-9AUG19,1564657143293,open,0.0,238.0,0.001,0.015,0.004214,104.44,0.004,0.0,ETH-9AUG19-170-P,213.04,89.34,0.002,550.0,0.006,250.0,113.76,0.03734,-0.24756,-0.00296,0.00364,-0.06004
213.26,SYN.ETH-9AUG19,1564657143314,open,0.4,0.0,0.366,0.455,0.408415,115.64,None,0.0,ETH-9AUG19-300-P,213.04,0.0,0.0,0.0,0.0,0.0,0.0,0.01962,-0.14407,-0.06356,0.00173,-0.97284
213.26,SYN.ETH-9AUG19,1564657143378,open,0.17,0.0,0.133,0.194,0.165093,103.02,None,0.0,ETH-9AUG19-180-C,213.04,0.0,0.0,0.0,0.0,0.0,0.0,0.06112,-0.39972,0.03309,0.00605,0.88417
214.61,ETH-27SEP19,1564657143436,open,0.02,7790.0,0.006,0.039,0.021025,98.03,0.019,0.0,ETH-27SEP19-140-P,213.03,93.45,0.018,1.0,0.023,637.0,100.9,0.14568,-0.12555,-0.03955,0.00207,-0.09725
218.12,ETH-27DEC19,1564657143436,open,0.74,241.0,0.66,0.831,0.74894,100.39,0.986,0.0,ETH-27DEC19-360-P,213.03,76.05,0.698,110.0,0.809,110.0,125.5,0.49718,-0.16876,-1.26179,0.00257,-0.67893
214.61,ETH-27SEP19,1564657143436,open,2.15,0.0,2.077,2.27,2.169755,113.25,None,0.0,ETH-27SEP19-680-P,213.03,0.0,0.0,0.0,0.0,0.0,0.0,0.02106,-0.02097,-1.05692,0.00026,-0.99077
214.61,ETH-27SEP19,1564657143436,open,0.05,3067.0,0.02,0.085,0.053001,101.67,0.052,0.0,ETH-27SEP19-300-C,213.03,97.74,0.048,261.0,0.055,531.0,103.21,0.27645,-0.24709,0.07025,0.00379,0.26306
214.61,ETH-27SEP19,1564657143436,open,0.61,347.0,0.551,0.68,0.615614,101.84,0.565,0.0,ETH-27SEP19-340-P,213.03,0.0,0.575,110.0,0.664,110.0,141.91,0.21654,-0.19386,-0.48253,0.00296,-0.82731
218.12,ETH-27DEC19,1564657143436,open,0.31,816.0,0.237,0.376,0.312634,98.96,0.33,0.0,ETH-27DEC19-240-P,213.03,95.52,0.304,120.0,0.321,120.0,102.3,0.54654,-0.18288,-0.66084,0.00287,-0.43519
214.61,ETH-27SEP19,1564657143436,open,0.02,4319.0,0.003,0.034,0.015428,103.78,0.013,0.0,ETH-27SEP19-400-C,213.03,99.96,0.013,500.0,0.018,610.0,107.51,0.14236,-0.12988,0.02636,0.00191,0.09426
214.6,ETH-27SEP19,1564657143436,open,1.23,0.0,1.173,1.319,1.242992,105.67,None,0.0,ETH-27SEP19-480-P,213.03,0.0,0.0,0.0,0.0,0.0,0.0,0.07683,-0.07137,-0.73581,0.00101,-0.9574
218.12,ETH-27DEC19,1564657143436,open,0.19,2180.0,0.132,0.248,0.195305,97.98,0.192,0.0,ETH-27DEC19-200-P,213.03,95.23,0.189,140.0,0.199,149.0,99.59,0.50034,-0.16575,-0.4607,0.00265,-0.32604
214.6,ETH-27SEP19,1564657143436,open,1.05,0.0,0.993,1.133,1.060629,105.87,None,0.0,ETH-27SEP19-440-P,213.03,0.0,0.0,0.0,0.0,0.0,0.0,0.10824,-0.10074,-0.66712,0.00142,-0.93435
218.12,ETH-27DEC19,1564657143436,open,0.1,1569.0,0.059,0.144,0.103744,98.07,0.101,0.0,ETH-27DEC19-160-P,213.03,95.47,0.099,140.0,0.108,226.0,100.39,0.39944,-0.13245,-0.27672,0.00211,-0.20939
218.12,ETH-27DEC19,1564657143436,open,0.02,1164.0,0.003,0.035,0.015524,103.08,0.013,0.0,ETH-27DEC19-720-C,213.03,97.11,0.011,350.0,0.019,50.0,107.01,0.18198,-0.06343,0.04624,0.00092,0.06785
214.6,ETH-27SEP19,1564657143436,open,0.45,47.0,0.427,0.471,0.449334,98.53,0.689,0.0,ETH-27SEP19-120-C,213.03,0.0,0.0,0.0,0.0,0.0,0.0,0.08117,-0.07031,0.16889,0.00115,0.95439
214.6,ETH-27SEP19,1564657143436,open,2.34,0.0,2.258,2.462,2.355767,111.15,None,0.0,ETH-27SEP19-720-P,213.03,0.0,0.0,0.0,0.0,0.0,0.0,0.01344,-0.01313,-1.12031,0.00017,-0.99445
214.6,ETH-27SEP19,1564657143436,open,0.0,2060.0,0.001,0.011,0.001586,116.72,0.003,0.0,ETH-27SEP19-80-P,213.03,0.0,0.0,0.0,0.006,300.0,145.74,0.02028,-0.02081,-0.00349,0.00024,-0.00884
214.6,ETH-27SEP19,1564657143436,open,0.37,968.0,0.307,0.429,0.3707,99.54,0.38,0.0,ETH-27SEP19-280-P,213.03,79.46,0.344,110.0,1.305,1.0,500.0,0.3011,-0.26348,-0.35288,0.00422,-0.68458
214.6,ETH-27SEP19,1564657143436,open,0.29,1264.0,0.234,0.352,0.296919,98.95,0.357,0.0,ETH-27SEP19-260-P,213.03,83.44,0.274,110.0,1.212,1.0,500.0,0.32346,-0.28136,-0.30541,0.00456,-0.6164
214.6,ETH-27SEP19,1564657143436,open,2.52,0.0,2.439,2.654,2.542142,115.04,None,0.0,ETH-27SEP19-760-P,213.03,0.0,0.0,0.0,0.0,0.0,0.0,0.01284,-0.01298,-1.18272,0.00016,-0.99473
218.12,ETH-27DEC19,1564657143436,open,0.02,493.0,0.004,0.04,0.018291,102.58,0.023,0.0,ETH-27DEC19-680-C,213.03,97.63,0.014,350.0,0.022,50.0,106.35,0.20352,-0.07059,0.05323,0.00103,0.07853
214.6,ETH-27SEP19,1564657143436,open,0.01,2471.0,0.001,0.025,0.010494,106.25,0.01,0.0,ETH-27SEP19-440-C,213.03,100.98,0.008,200.0,0.012,110.0,109.1,0.10936,-0.10215,0.01874,0.00143,0.06653
218.12,ETH-27DEC19,1564657143436,open,0.37,0.0,0.318,0.411,0.37017,98.05,None,0.0,ETH-27DEC19-160-C,213.03,0.0,0.001,1000.0,0.98,5.0,500.0,0.39943,-0.13242,0.37154,0.00211,0.79062
214.6,ETH-27SEP19,1564657143436,open,0.14,1113.0,0.093,0.182,0.14261,97.73,0.141,0.0,ETH-27SEP19-220-C,213.03,95.42,0.139,184.0,0.147,294.0,100.54,0.33518,-0.28796,0.1366,0.00478,0.55111
218.12,ETH-27DEC19,1564657143437,open,2.48,0.0,2.386,2.619,2.497729,103.76,None,0.0,ETH-27DEC19-760-P,213.03,0.0,0.001,100.0,0.0,0.0,0.0,0.1641,-0.05757,-3.03841,0.00082,-0.9406
218.12,ETH-27DEC19,1564657143437,open,2.3,0.0,2.209,2.433,2.316611,103.26,None,0.0,ETH-27DEC19-720-P,213.03,0.0,0.003,5.0,0.0,0.0,0.0,0.183,-0.0639,-2.87046,0.00092,-0.93166
214.6,ETH-27SEP19,1564657143436,open,0.24,779.0,0.189,0.272,0.235386,97.74,0.227,0.0,ETH-27SEP19-180-C,213.03,0.0,0.161,40.0,0.609,10.0,401.49,0.27384,-0.23529,0.16931,0.0039,0.74171
214.6,ETH-27SEP19,1564657143436,open,1.42,12.0,1.353,1.509,1.427889,108.96,1.193,0.0,ETH-27SEP19-520-P,213.03,0.0,0.0,0.0,0.0,0.0,0.0,0.06189,-0.05928,-0.80095,0.00079,-0.96731
214.6,ETH-27SEP19,1564657143436,open,0.07,5409.0,0.037,0.109,0.074077,97.68,0.076,0.0,ETH-27SEP19-180-P,213.03,93.68,0.069,376.0,0.077,356.0,99.96,0.27381,-0.23512,-0.11113,0.00391,-0.25824
213.06,SYN.ETH-2AUG19,1564657143436,open,0.03,247.0,0.001,0.057,0.028471,105.59,0.027,0.0,ETH-2AUG19-210-C,213.03,81.33,0.024,150.0,0.033,150.0,129.7,0.03973,-2.09755,0.00302,0.03455,0.62018
213.26,SYN.ETH-9AUG19,1564657143436,open,0.13,200.0,0.09,0.158,0.126904,101.95,0.109,0.0,ETH-9AUG19-190-C,213.03,0.0,0.0,0.0,0.0,0.0,0.0,0.08738,-0.56557,0.03103,0.00873,0.80121
214.6,ETH-27SEP19,1564657143437,open,0.01,8193.0,0.001,0.019,0.008462,98.39,0.009,0.0,ETH-27SEP19-120-P,213.03,94.33,0.007,1.0,0.01,200.0,102.3,0.08092,-0.07,-0.01802,0.00115,-0.04544
214.6,ETH-27SEP19,1564657143437,open,1.78,27.0,1.715,1.888,1.79794,109.39,1.044,0.0,ETH-27SEP19-600-P,213.03,0.0,0.0,0.0,0.0,0.0,0.0,0.03243,-0.03119,-0.93054,0.00041,-0.98481
214.6,ETH-27SEP19,1564657143438,open,0.03,1835.0,0.009,0.057,0.031418,101.92,0.039,0.0,ETH-27SEP19-340-C,213.03,98.46,0.028,446.0,0.034,270.0,104.43,0.21672,-0.19417,0.04732,0.00296,0.17293
214.6,ETH-27SEP19,1564657143437,open,0.72,0.0,0.711,0.73,0.720829,125.88,0.01,0.0,ETH-27SEP19-60-C,213.03,0.0,0.003,10.0,0.0,0.0,0.0,0.00646,-0.00715,0.09253,7e-05,0.99755
214.6,ETH-27SEP19,1564657143438,open,0.11,3345.0,0.069,0.158,0.116077,97.67,0.12,0.0,ETH-27SEP19-200-P,213.03,94.21,0.111,164.0,0.12,304.0,100.34,0.31495,-0.27042,-0.15707,0.00449,-0.35364
214.6,ETH-27SEP19,1564657143438,open,0.37,191.0,0.337,0.396,0.368709,98.12,0.5,0.0,ETH-27SEP19-140-C,213.03,0.0,0.0,0.0,0.0,0.0,0.0,0.14583,-0.12579,0.17853,0.00207,0.9026
213.84,SYN.ETH-30AUG19,1564657143436,open,0.01,708.0,0.001,0.017,0.006915,101.3,0.008,0.0,ETH-30AUG19-140-P,213.03,94.33,0.005,200.0,0.009,650.0,107.85,0.06366,-0.11166,-0.00991,0.00174,-0.05165
218.12,ETH-27DEC19,1564657143437,open,0.16,216.0,0.1,0.212,0.162166,99.24,0.157,0.0,ETH-27DEC19-280-C,213.03,96.8,0.156,120.0,0.167,223.0,101.15,0.55212,-0.18526,0.27053,0.00289,0.4683
218.12,ETH-27DEC19,1564657143438,open,0.04,2254.0,0.017,0.065,0.040936,98.4,0.04,0.0,ETH-27DEC19-120-P,213.03,95.79,0.038,150.0,0.043,289.0,100.2,0.24813,-0.08255,-0.12678,0.00131,-0.10253
218.12,ETH-27DEC19,1564657143438,open,0.02,1087.0,0.005,0.046,0.022164,102.49,0.027,0.0,ETH-27DEC19-640-C,213.03,98.33,0.018,300.0,0.026,350.0,105.97,0.23059,-0.07991,0.0624,0.00117,0.09277
218.12,ETH-27DEC19,1564657143438,open,0.59,83.0,0.506,0.67,0.592918,99.89,0.626,0.0,ETH-27DEC19-320-P,213.03,95.8,0.583,30.0,0.604,140.0,104.41,0.53184,-0.17963,-1.0649,0.00276,-0.61215
218.12,ETH-27DEC19,1564657143438,open,1.76,0.0,1.679,1.881,1.777037,101.77,0.953,0.0,ETH-27DEC19-600-P,213.03,0.0,0.0,0.0,0.0,0.0,0.0,0.25731,-0.08854,-2.35877,0.00131,-0.89219
218.12,ETH-27DEC19,1564657143438,open,1.94,0.0,1.855,2.065,1.956464,102.62,None,0.0,ETH-27DEC19-640-P,213.03,0.0,0.0,0.0,0.0,0.0,0.0,0.23133,-0.08027,-2.53025,0.00117,-0.90682
214.6,ETH-27SEP19,1564657143438,open,0.69,233.0,0.638,0.768,0.70189,102.2,0.763,0.0,ETH-27SEP19-360-P,213.03,89.62,0.692,45.0,0.0,0.0,0.0,0.18848,-0.16933,-0.52232,0.00257,-0.86008
213.84,SYN.ETH-30AUG19,1564657143437,open,0.1,667.0,0.057,0.134,0.099575,99.96,0.108,0.0,ETH-30AUG19-220-C,213.03,97.67,0.097,181.0,0.104,301.0,103.91,0.23976,-0.415,0.07041,0.00663,0.51576
213.06,SYN.ETH-2AUG19,1564657143436,open,0.4,0.0,0.368,0.451,0.408025,0.0,None,0.0,ETH-2AUG19-300-P,213.03,0.0,0.0,0.0,0.0,0.0,0.0,0.0,0.0,-0.0072,0.0,-1.0
214.6,ETH-27SEP19,1564657143439,open,0.3,392.0,0.257,0.33,0.296885,97.78,0.51,0.0,ETH-27SEP19-160-C,213.03,0.0,0.136,42.0,0.0,0.0,0.0,0.21448,-0.18437,0.17823,0.00306,0.82987
218.12,ETH-27DEC19,1564657143438,open,0.1,242.0,0.047,0.144,0.098397,100.35,0.102,0.0,ETH-27DEC19-360-C,213.03,97.97,0.093,110.0,0.103,254.0,102.36,0.4971,-0.16867,0.19666,0.00257,0.32094
214.6,ETH-27SEP19,1564657143438,open,0.04,7464.0,0.017,0.069,0.042389,97.71,0.045,0.0,ETH-27SEP19-160-P,213.03,94.29,0.039,1.0,0.045,562.0,100.31,0.21439,-0.18417,-0.07103,0.00306,-0.17003
214.6,ETH-27SEP19,1564657143438,open,0.78,259.0,0.726,0.857,0.789986,102.91,0.94,0.0,ETH-27SEP19-380-P,213.03,0.0,0.009,8.0,0.0,0.0,0.0,0.1638,-0.14819,-0.56032,0.00222,-0.88561
214.6,ETH-27SEP19,1564657143438,open,1.97,0.0,1.896,2.08,1.984015,112.67,None,0.0,ETH-27SEP19-640-P,213.03,0.0,0.0,0.0,0.0,0.0,0.0,0.02784,-0.02758,-0.99359,0.00034,-0.98727
218.12,ETH-27DEC19,1564657143439,open,1.59,0.0,1.504,1.7,1.599379,101.46,0.845,0.0,ETH-27DEC19-560-P,213.03,0.0,0.0,0.0,0.0,0.0,0.0,0.29016,-0.09955,-2.18415,0.00148,-0.87225
214.6,ETH-27SEP19,1564657143439,open,0.19,1287.0,0.134,0.223,0.184197,97.73,0.192,0.0,ETH-27SEP19-200-C,213.03,94.19,0.179,120.0,0.191,120.0,102.37,0.31494,-0.27059,0.15455,0.00449,0.64637
214.6,ETH-27SEP19,1564657143439,open,0.54,0.0,0.521,0.553,0.536561,99.14,None,0.0,ETH-27SEP19-100-C,213.03,0.0,0.003,10.0,0.0,0.0,0.0,0.03373,-0.02939,0.14966,0.00047,0.9841
218.11,ETH-27DEC19,1564657143439,open,0.49,0.0,0.455,0.52,0.490755,98.39,None,0.0,ETH-27DEC19-120-C,213.03,0.0,0.001,1200.0,0.99,5.0,500.0,0.24813,-0.08255,0.35938,0.00131,0.89746
213.06,SYN.ETH-2AUG19,1564657143436,open,0.0,197.0,0.001,0.011,0.0,125.0,0.003,0.0,ETH-2AUG19-300-C,213.03,0.0,0.0,0.0,0.001,5.0,322.26,0.0,0.0,0.0,0.0,0.0
214.6,ETH-27SEP19,1564657143438,open,0.0,3439.0,0.001,0.011,0.001365,114.7,0.003,0.0,ETH-27SEP19-680-C,213.03,0.0,0.0,0.0,0.002,301.0,119.87,0.02287,-0.02306,0.00294,0.00028,0.01015
213.06,SYN.ETH-2AUG19,1564657143437,open,0.0,946.0,0.001,0.011,1e-06,125.0,0.001,0.0,ETH-2AUG19-170-P,213.03,0.0,0.0,0.0,0.001,3.0,236.33,4e-05,-0.00032,0.0,3e-05,-0.0001
213.26,SYN.ETH-9AUG19,1564657143436,open,0.02,149.0,0.002,0.04,0.01784,101.94,0.018,0.0,ETH-9AUG19-190-P,213.03,94.85,0.015,460.0,0.02,200.0,107.13,0.08737,-0.56545,-0.00997,0.00873,-0.19876
213.84,SYN.ETH-30AUG19,1564657143436,open,0.03,273.0,0.009,0.056,0.030924,102.58,0.031,0.0,ETH-30AUG19-280-C,213.03,98.96,0.028,272.0,0.032,160.0,103.88,0.17562,-0.31194,0.0311,0.00473,0.21475
214.6,ETH-27SEP19,1564657143439,open,0.44,769.0,0.386,0.512,0.45082,101.58,0.45,0.0,ETH-27SEP19-300-P,213.03,72.53,0.418,110.0,0.486,110.0,127.18,0.27625,-0.24668,-0.3973,0.00379,-0.73729
213.06,SYN.ETH-2AUG19,1564657143437,open,0.22,0.0,0.185,0.258,0.220299,124.16,None,0.0,ETH-2AUG19-260-P,213.03,0.0,0.0,0.0,0.0,0.0,0.0,0.00022,-0.01344,-0.00623,0.00016,-0.99941
218.11,ETH-27DEC19,1564657143439,open,1.24,21.0,1.158,1.343,1.24988,101.17,0.629,0.0,ETH-27DEC19-480-P,213.03,0.0,1.169,110.0,2.198,1.0,500.0,0.36842,-0.12603,-1.82615,0.00189,-0.81672
214.6,ETH-27SEP19,1564657143440,open,0.63,0.0,0.616,0.642,0.628834,117.08,None,0.0,ETH-27SEP19-80-C,213.03,0.0,0.003,10.0,0.0,0.0,0.0,0.02057,-0.02117,0.12111,0.00024,0.99101
213.06,SYN.ETH-2AUG19,1564657143436,open,0.21,0.0,0.178,0.225,0.20212,127.59,None,0.0,ETH-2AUG19-170-C,213.03,0.0,0.0,0.0,0.0,0.0,0.0,5e-05,-0.00347,0.00408,4e-05,0.99987
213.84,SYN.ETH-30AUG19,1564657143436,open,0.2,757.0,0.16,0.234,0.200638,99.97,0.25,0.0,ETH-30AUG19-180-C,213.03,76.68,0.182,120.0,0.217,120.0,118.8,0.18068,-0.31277,0.09705,0.005,0.77434
213.84,SYN.ETH-30AUG19,1564657143438,open,0.02,2803.0,0.005,0.037,0.019167,100.34,0.02,0.0,ETH-30AUG19-160-P,213.03,94.57,0.016,489.0,0.021,289.0,103.52,0.12119,-0.21056,-0.02375,0.00334,-0.12124
218.11,ETH-27DEC19,1564657143440,open,0.13,198.0,0.068,0.174,0.125769,99.87,0.121,0.0,ETH-27DEC19-320-C,213.03,97.49,0.12,110.0,0.131,239.0,102.01,0.53177,-0.17956,0.2315,0.00276,0.38775
213.06,SYN.ETH-2AUG19,1564657143438,open,0.17,0.0,0.14,0.21,0.173448,124.88,None,0.0,ETH-2AUG19-250-P,213.03,0.0,0.0,0.0,0.0,0.0,0.0,0.00148,-0.0925,-0.00597,0.00109,-0.9951
213.84,SYN.ETH-30AUG19,1564657143436,open,0.08,291.0,0.041,0.114,0.078835,99.94,0.074,0.0,ETH-30AUG19-200-P,213.03,95.31,0.074,179.0,0.082,339.0,102.97,0.22336,-0.38654,-0.07297,0.00618,-0.35252
213.26,SYN.ETH-9AUG19,1564657143436,open,0.03,1752.0,0.006,0.058,0.030685,102.31,0.028,0.0,ETH-9AUG19-230-C,213.03,95.35,0.027,224.0,0.034,200.0,108.46,0.11404,-0.74072,0.01398,0.01136,0.3344
213.84,SYN.ETH-30AUG19,1564657143439,open,0.02,481.0,0.004,0.041,0.02019,102.72,0.024,0.0,ETH-30AUG19-300-C,213.03,99.33,0.018,291.0,0.022,200.0,105.4,0.14154,-0.25175,0.02232,0.00381,0.15211
214.6,ETH-27SEP19,1564657143440,open,0.04,1792.0,0.013,0.07,0.040803,101.8,0.037,0.0,ETH-27SEP19-320-C,213.03,98.43,0.037,274.0,0.043,270.0,103.69,0.2467,-0.22077,0.05784,0.00338,0.21378
214.6,ETH-27SEP19,1564657143441,open,0.0,4612.0,0.001,0.012,0.0025,98.86,0.004,0.0,ETH-27SEP19-100-P,213.03,86.33,0.001,501.0,0.004,200.0,107.16,0.03337,-0.029,-0.00609,0.00047,-0.0157
213.84,SYN.ETH-30AUG19,1564657143436,open,0.42,0.0,0.37,0.476,0.423094,102.67,None,0.0,ETH-30AUG19-300-P,213.03,0.0,0.0,0.0,0.0,0.0,0.0,0.14145,-0.25146,-0.21504,0.00381,-0.84804
214.6,ETH-27SEP19,1564657143440,open,1.6,24.0,1.534,1.698,1.612774,109.95,1.356,0.0,ETH-27SEP19-560-P,213.03,0.0,0.0,0.0,0.0,0.0,0.0,0.04638,-0.04483,-0.86597,0.00059,-0.97687
213.06,SYN.ETH-2AUG19,1564657143438,open,0.0,525.0,0.001,0.011,1e-06,125.0,0.001,0.0,ETH-2AUG19-270-C,213.03,0.0,0.0,0.0,0.001,12.0,237.2,3e-05,-0.00019,0.0,2e-05,6e-05
213.26,SYN.ETH-9AUG19,1564657143436,open,0.05,73.0,0.014,0.076,0.046213,102.1,0.048,0.0,ETH-9AUG19-220-C,213.03,94.84,0.042,186.0,0.05,150.0,108.61,0.12388,-0.80297,0.01845,0.01236,0.44727
213.84,SYN.ETH-30AUG19,1564657143437,open,0.07,1677.0,0.031,0.099,0.067318,100.03,0.069,0.0,ETH-30AUG19-240-C,213.03,96.96,0.064,216.0,0.07,20.0,102.5,0.23138,-0.40078,0.05522,0.00639,0.39375
218.11,ETH-27DEC19,1564657143441,open,0.01,1370.0,0.002,0.031,0.013248,103.55,0.014,0.0,ETH-27DEC19-760-C,213.03,97.19,0.009,352.0,0.017,350.0,108.21,0.16292,-0.05704,0.04031,0.00082,0.05887
213.84,SYN.ETH-30AUG19,1564657143438,open,0.34,0.0,0.287,0.392,0.340301,102.54,None,0.0,ETH-30AUG19-280-P,213.03,0.0,0.0,0.0,0.0,0.0,0.0,0.17556,-0.31173,-0.19043,0.00473,-0.78537
213.06,SYN.ETH-2AUG19,1564657143437,open,0.25,0.0,0.226,0.271,0.249053,148.05,None,0.0,ETH-2AUG19-160-C,213.03,0.0,0.0,0.0,0.0,0.0,0.0,1e-05,-0.00109,0.00384,1e-05,0.99997
213.26,SYN.ETH-9AUG19,1564657143436,open,0.07,21.0,0.029,0.099,0.066714,101.14,0.072,0.0,ETH-9AUG19-210-C,213.03,92.96,0.062,298.0,0.07,2.0,106.84,0.12301,-0.78984,0.02319,0.01239,0.5706
213.06,SYN.ETH-2AUG19,1564657143437,open,0.12,5.0,0.094,0.164,0.12706,124.97,0.154,0.0,ETH-2AUG19-240-P,213.03,0.0,0.0,0.0,0.0,0.0,0.0,0.00667,-0.4165,-0.00562,0.0049,-0.9722
214.6,ETH-27SEP19,1564657143441,open,0.87,79.0,0.814,0.948,0.879187,103.53,0.351,0.0,ETH-27SEP19-400-P,213.03,0.0,0.0,0.0,0.0,0.0,0.0,0.14153,-0.12881,-0.59712,0.00191,-0.90648
213.84,SYN.ETH-30AUG19,1564657143438,open,0.26,0.0,0.209,0.313,0.262794,102.55,0.218,0.0,ETH-30AUG19-260-P,213.03,77.41,0.24,120.0,1.215,1.0,500.0,0.20812,-0.36958,-0.16341,0.00561,-0.70313
213.26,SYN.ETH-9AUG19,1564657143436,open,0.03,333.0,0.007,0.06,0.031546,101.13,0.031,0.0,ETH-9AUG19-200-P,213.03,92.23,0.027,415.0,0.033,5.0,103.94,0.10994,-0.70583,-0.01555,0.01108,-0.30631
213.06,SYN.ETH-2AUG19,1564657143438,open,0.26,0.0,0.231,0.307,0.267224,0.0,None,0.0,ETH-2AUG19-270-P,213.03,0.0,0.0,0.0,0.0,0.0,0.0,0.0,0.0,-0.00648,0.0,-1.0
213.84,SYN.ETH-30AUG19,1564657143439,open,0.01,478.0,0.002,0.03,0.013313,103.33,0.012,0.0,ETH-30AUG19-320-C,213.03,98.67,0.011,300.0,0.015,200.0,106.49,0.11099,-0.19858,0.01588,0.00297,0.10717
213.06,SYN.ETH-2AUG19,1564657143438,open,0.31,0.0,0.276,0.355,0.314157,0.0,None,0.0,ETH-2AUG19-280-P,213.03,0.0,0.0,0.0,0.0,0.0,0.0,0.0,0.0,-0.00672,0.0,-1.0
213.06,SYN.ETH-2AUG19,1564657143436,open,0.0,742.0,0.001,0.011,0.000639,125.0,0.002,0.0,ETH-2AUG19-240-C,213.03,134.98,0.001,7.0,0.002,254.0,154.71,0.00667,-0.13624,0.00014,0.0049,0.02783
213.84,SYN.ETH-30AUG19,1564657143436,open,0.35,0.0,0.327,0.376,0.352226,101.35,None,0.0,ETH-30AUG19-140-C,213.03,0.0,0.0,0.0,0.0,0.0,0.0,0.06373,-0.11184,0.10083,0.00174,0.94828
213.84,SYN.ETH-30AUG19,1564657143439,open,0.15,430.0,0.1,0.179,0.143565,99.97,0.151,0.0,ETH-30AUG19-200-C,213.03,95.59,0.139,120.0,0.148,120.0,104.21,0.22336,-0.38662,0.08525,0.00618,0.64747
213.84,SYN.ETH-30AUG19,1564657143436,open,0.01,2560.0,0.001,0.017,0.006204,105.86,0.005,0.0,ETH-30AUG19-360-C,213.03,97.87,0.004,300.0,0.008,200.0,111.21,0.06665,-0.12216,0.00821,0.00174,0.05473
213.06,SYN.ETH-2AUG19,1564657143438,open,0.0,768.0,0.001,0.011,5e-05,125.0,0.001,0.0,ETH-2AUG19-180-P,213.03,0.0,0.0,0.0,0.002,300.0,210.02,0.00086,-0.01063,-1e-05,0.00063,-0.00268
213.84,SYN.ETH-30AUG19,1564657143436,open,0.04,389.0,0.016,0.069,0.04238,99.95,0.039,0.0,ETH-30AUG19-180-P,213.03,95.92,0.039,401.0,0.045,401.0,103.03,0.18067,-0.31267,-0.04534,0.005,-0.22563
213.84,SYN.ETH-30AUG19,1564657143438,open,0.13,314.0,0.081,0.17,0.128371,99.94,0.121,0.0,ETH-30AUG19-220-P,213.03,95.15,0.123,2.0,0.132,120.0,103.18,0.23976,-0.41491,-0.10364,0.00663,-0.48426
213.06,SYN.ETH-2AUG19,1564657143439,open,0.0,351.0,0.001,0.011,1e-05,125.0,0.001,0.0,ETH-2AUG19-260-C,213.03,0.0,0.0,0.0,0.001,10.0,205.48,0.00023,-0.0022,0.0,0.00017,0.00064
213.84,SYN.ETH-30AUG19,1564657143438,open,0.87,0.0,0.817,0.935,0.873691,108.81,None,0.0,ETH-30AUG19-400-P,213.03,0.0,0.0,0.0,0.0,0.0,0.0,0.03998,-0.07532,-0.31204,0.00102,-0.97083
213.84,SYN.ETH-30AUG19,1564657143441,open,0.0,2151.0,0.001,0.013,0.003153,109.05,0.005,0.0,ETH-30AUG19-400-C,213.03,102.02,0.002,400.0,0.004,200.0,113.21,0.04034,-0.07617,0.00445,0.00102,0.02948
213.84,SYN.ETH-30AUG19,1564657143436,open,0.01,1915.0,0.001,0.022,0.008898,104.23,0.012,0.0,ETH-30AUG19-340-C,213.03,99.19,0.007,300.0,0.011,200.0,109.19,0.08567,-0.15462,0.01129,0.00227,0.07562
213.06,SYN.ETH-2AUG19,1564657143436,open,0.11,10.0,0.081,0.136,0.108929,124.71,0.1,0.0,ETH-2AUG19-190-C,213.03,0.0,0.0,0.0,0.0,0.0,0.0,0.00677,-0.4221,0.00441,0.00498,0.97168
213.06,SYN.ETH-2AUG19,1564657143436,open,0.0,254.0,0.001,0.011,0.0,125.0,0.003,0.0,ETH-2AUG19-150-P,213.03,0.0,0.0,0.0,0.002,300.0,387.49,0.0,0.0,0.0,0.0,0.0
213.06,SYN.ETH-2AUG19,1564657143437,open,0.3,0.0,0.275,0.316,0.295987,178.86,None,0.0,ETH-2AUG19-150-C,213.03,0.0,0.0,0.0,0.0,0.0,0.0,1e-05,-0.00102,0.0036,1e-05,0.99997
213.06,SYN.ETH-2AUG19,1564657143437,open,0.16,0.0,0.13,0.18,0.155235,125.15,None,0.0,ETH-2AUG19-180-C,213.03,0.0,0.0,0.0,0.0,0.0,0.0,0.00087,-0.05442,0.0043,0.00064,0.9973
213.06,SYN.ETH-2AUG19,1564657143439,open,0.36,0.0,0.322,0.403,0.361091,0.0,None,0.0,ETH-2AUG19-290-P,213.03,0.0,0.0,0.0,0.0,0.0,0.0,0.0,0.0,-0.00696,0.0,-1.0
213.84,SYN.ETH-30AUG19,1564657143438,open,0.27,0.0,0.238,0.3,0.270952,100.37,None,0.0,ETH-30AUG19-160-C,213.03,0.0,0.0,0.0,0.0,0.0,0.0,0.12123,-0.2107,0.10281,0.00334,0.8787
214.61,ETH-27SEP19,1564657143467,open,0.02,7790.0,0.006,0.039,0.021025,98.03,0.019,0.0,ETH-27SEP19-140-P,213.03,94.99,0.019,1.0,0.023,637.0,100.9,0.14568,-0.12555,-0.03955,0.00207,-0.09725
9967.18,SYN.BTC-9AUG19,1564657143488,open,0.01,103.7,0.0015,0.034,0.01392443,100.34,0.0145,0.0,BTC-9AUG19-11500-C,9950.42,95.31,0.012,2.0,0.015,24.0,103.05,3.9069,-24.88845,0.36772,0.00018,0.18491
10239.43,BTC-27DEC19,1564657143528,open,0.18,166.1,0.1185,0.2275,0.17704753,93.6,0.1925,0.0,BTC-27DEC19-12000-C,9950.42,91.61,0.172,13.6,0.1795,3.6,94.56,25.98793,-8.22445,13.91946,7e-05,0.51259
10071.46,BTC-27SEP19,1564657143553,open,0.0,1060.6,0.0005,0.0115,0.00172104,104.29,0.0025,0.0,BTC-27SEP19-4250-P,9950.42,96.64,0.001,20.0,0.0025,24.0,110.47,1.1221,-1.02878,-0.19461,1e-05,-0.01068
10239.43,BTC-27DEC19,1564657143553,open,1.95,0.2,1.8785,2.0345,1.95212479,102.5,2.03,0.0,BTC-27DEC19-30000-P,9950.42,0.0,0.0,0.0,2.7465,0.1,500.0,10.85846,-3.76313,-118.60076,2e-05,-0.90683
10071.46,BTC-27SEP19,1564657143554,open,0.0,756.0,0.0005,0.011,0.00144918,115.7,0.0015,0.0,BTC-27SEP19-32000-C,9950.42,103.64,0.0005,13.0,0.003,15.0,126.29,1.11909,-1.13828,0.14434,1e-05,0.01065
10011.89,SYN.BTC-30AUG19,1564657143565,open,0.51,0.0,0.472,0.5505,0.50945524,99.37,None,0.0,BTC-30AUG19-15000-P,9950.42,0.0,0.0,0.0,0.0,0.0,0.0,4.78373,-8.23108,-11.19808,6e-05,-0.90435
10011.89,SYN.BTC-30AUG19,1564657143577,open,0.42,0.0,0.377,0.458,0.41638971,98.77,None,0.0,BTC-30AUG19-14000-P,9950.42,0.0,0.0,0.0,0.0,0.0,0.0,6.35117,-10.86191,-10.08788,8e-05,-0.85724
10071.46,BTC-27SEP19,1564657143587,open,0.8,1.0,0.757,0.854,0.80304948,99.33,1.5815,0.0,BTC-27SEP19-18000-P,9950.42,0.0,0.0045,0.3,1.3645,0.3,500.0,6.94726,-6.06633,-26.73642,4e-05,-0.90059
10071.46,BTC-27SEP19,1564657143587,open,0.6,227.5,0.5945,0.6145,0.60432661,108.73,0.7065,0.0,BTC-27SEP19-4000-C,9950.42,0.0,0.111,2.0,0.686,5.0,298.68,0.96537,-0.92275,6.06851,1e-05,0.99101
10239.43,BTC-27DEC19,1564657143643,open,2.52,1.3,2.4495,2.619,2.52951127,104.69,2.2,0.0,BTC-27DEC19-36000-P,9950.42,0.0,0.0005,1.0,0.0,0.0,0.0,7.77705,-2.75284,-143.92347,2e-05,-0.93987
10071.46,BTC-27SEP19,1564657143654,open,0.11,509.7,0.07,0.152,0.11339317,94.79,0.1125,0.0,BTC-27SEP19-11000-C,9950.42,92.0,0.109,11.7,0.115,14.4,95.81,15.84188,-13.20126,5.76317,0.00011,0.48062
10239.43,BTC-27DEC19,1564657143654,open,0.1,266.9,0.0515,0.149,0.10096672,96.03,0.1115,0.0,BTC-27DEC19-16000-C,9950.42,94.32,0.097,4.9,0.103,4.9,96.91,23.75989,-7.71509,9.73243,6e-05,0.33557
10071.46,BTC-27SEP19,1564657143654,open,0.14,270.0,0.096,0.1845,0.14227029,93.43,0.149,0.0,BTC-27SEP19-10000-P,9950.42,91.96,0.14,14.4,0.146,19.4,95.85,15.53487,-12.7601,-8.81293,0.00011,-0.41929
10071.46,BTC-27SEP19,1564657143658,open,1.98,0.0,1.9205,2.0435,1.97971593,105.91,None,0.0,BTC-27SEP19-30000-P,9950.42,0.0,0.0,0.0,0.0,0.0,0.0,0.8865,-0.82536,-46.63485,1e-05,-0.99184
10011.87,SYN.BTC-30AUG19,1564657143668,open,0.31,0.0,0.29,0.333,0.31118324,97.73,None,0.0,BTC-30AUG19-7000-C,9950.42,0.0,0.0,0.0,0.0,0.0,0.0,3.98716,-6.74696,4.86158,5e-05,0.92498
10239.43,BTC-27DEC19,1564657143683,open,0.09,163.4,0.0525,0.1305,0.09213049,91.93,0.092,0.0,BTC-27DEC19-7500-P,9950.42,89.64,0.088,5.9,0.092,4.9,91.86,18.50634,-5.75272,-12.31733,5e-05,-0.20479
9952.28,SYN.BTC-2AUG19,1564657143683,open,0.02,439.6,0.0005,0.0405,0.01750267,101.13,0.0195,0.0,BTC-2AUG19-10000-C,9950.42,101.12,0.0175,1.0,0.02,18.6,113.94,1.93974,-98.08714,0.10837,0.00081,0.47139
9952.28,SYN.BTC-2AUG19,1564657143683,open,0.1,7.7,0.084,0.1335,0.1065311,122.72,0.097,0.0,BTC-2AUG19-11000-P,9950.42,0.0,0.0,0.0,0.0,0.0,0.0,0.51087,-31.3478,-0.25203,0.00018,-0.94899
10239.43,BTC-27DEC19,1564657143686,open,0.05,171.0,0.017,0.0875,0.04894444,99.13,0.0515,0.0,BTC-27DEC19-22000-C,9950.42,97.68,0.0465,4.9,0.0505,4.9,100.04,17.39522,-5.83065,5.64286,4e-05,0.18497
10239.43,BTC-27DEC19,1564657143688,open,0.53,63.4,0.5105,0.5555,0.53284241,91.91,0.5,0.0,BTC-27DEC19-5000-C,9950.42,0.0,0.33,1.0,0.555,1.0,115.79,8.21799,-2.55397,16.70228,2e-05,0.93546
10239.43,BTC-27DEC19,1564657143694,open,0.46,122.9,0.425,0.4865,0.45678278,91.93,0.502,0.0,BTC-27DEC19-6000-C,9950.42,69.61,0.4325,4.0,0.88,0.2,443.01,12.56532,-3.90592,17.80921,3e-05,0.88609
10071.46,BTC-27SEP19,1564657143694,open,0.03,406.3,0.009,0.047,0.0261032,93.55,0.027,0.0,BTC-27SEP19-7000-P,9950.42,92.15,0.025,13.0,0.027,24.0,94.67,8.00176,-6.58081,-2.30934,5e-05,-0.12105
10071.46,BTC-27SEP19,1564657143694,open,0.33,748.2,0.303,0.358,0.33106845,93.55,0.3185,0.0,BTC-27SEP19-7000-C,9950.42,0.0,0.2,1.0,0.4025,5.0,167.16,8.00161,-6.58057,8.59839,5e-05,0.87896
10071.46,BTC-27SEP19,1564657143701,open,1.78,0.0,1.726,1.8425,1.7816555,105.13,None,0.0,BTC-27SEP19-28000-P,9950.42,0.0,0.0,0.0,0.0,0.0,0.0,1.24363,-1.14933,-43.46591,1e-05,-0.98798
9952.28,SYN.BTC-2AUG19,1564657143753,open,0.0,506.2,0.0005,0.012,0.0012095,121.78,0.001,0.0,BTC-2AUG19-11000-C,9950.42,117.39,0.001,1.0,0.0015,1.0,127.23,0.50004,-12.03726,0.01157,0.00017,0.04966
10239.43,BTC-27DEC19,1564657143771,open,1.01,5.7,0.9435,1.0885,1.01472587,98.21,1.085,0.0,BTC-27DEC19-20000-P,9950.42,0.0,0.1,1.0,1.466,1.0,287.41,19.50218,-6.47611,-74.28223,5e-05,-0.7759
10071.46,BTC-27SEP19,1564657143773,open,0.01,524.4,0.0005,0.0235,0.00893483,99.58,0.012,0.0,BTC-27SEP19-20000-C,9950.42,96.41,0.0075,24.0,0.01,24.0,101.75,4.78109,-4.18551,0.81289,3e-05,0.06073
10239.43,BTC-27DEC19,1564657143773,open,0.0,173.8,0.0005,0.0105,0.0004971,119.21,0.001,0.0,BTC-27DEC19-1500-P,9950.42,0.0,0.0,0.0,0.001,17.0,129.74,0.37597,-0.15155,-0.0954,0.0,-0.0018
10071.46,BTC-27SEP19,1564657143773,open,0.0,566.2,0.0005,0.0135,0.0037375,97.99,0.006,0.0,BTC-27SEP19-5000-P,9950.42,94.28,0.003,39.0,0.005,29.0,103.47,2.13067,-1.83552,-0.41257,1e-05,-0.02255
9952.28,SYN.BTC-2AUG19,1564657143773,open,0.0,225.7,0.0005,0.0105,0.0,135.03,0.0005,0.0,BTC-2AUG19-7000-P,9950.42,0.0,0.0,0.0,0.0005,20.0,315.0,0.0,-1e-05,0.0,0.0,0.0
9952.28,SYN.BTC-2AUG19,1564657143773,open,0.0,180.6,0.0005,0.0105,0.00027321,129.99,0.001,0.0,BTC-2AUG19-11500-C,9950.42,0.0,0.0,0.0,0.0005,0.3,141.45,0.1588,-2.71911,0.00294,5e-05,0.0126
10011.87,SYN.BTC-30AUG19,1564657143773,open,0.07,177.7,0.0365,0.1025,0.07074411,96.61,0.07,0.0,BTC-30AUG19-11000-C,9950.42,93.65,0.0675,14.4,0.0725,14.4,98.21,10.98805,-18.38097,2.73958,0.00014,0.41663
10239.43,BTC-27DEC19,1564657143783,open,1.76,0.1,1.689,1.8415,1.76116634,101.68,2.035,0.0,BTC-27DEC19-28000-P,9950.42,0.0,0.001,1.0,2.5565,0.1,500.0,12.19147,-4.19137,-110.01373,3e-05,-0.89079
10071.46,BTC-27SEP19,1564657143783,open,0.61,34.4,0.568,0.6675,0.61646604,98.64,0.6695,0.0,BTC-27SEP19-16000-P,9950.42,0.0,0.0045,10.0,1.1865,0.2,500.0,9.67695,-8.39152,-22.85592,6e-05,-0.83991
10239.43,BTC-27DEC19,1564657143802,open,0.5,16.0,0.428,0.566,0.49975944,94.81,0.5865,0.0,BTC-27DEC19-14000-P,9950.42,0.0,0.0065,3.0,0.533,5.0,108.08,25.39817,-8.1424,-45.03037,6e-05,-0.58573
10239.43,BTC-27DEC19,1564657143802,open,0.04,280.6,0.019,0.069,0.04275347,91.93,0.044,0.0,BTC-27DEC19-6000-P,9950.42,89.25,0.0395,6.0,0.043,11.0,92.14,12.56536,-3.90596,-6.49918,3e-05,-0.11391
10239.43,BTC-27DEC19,1564657143802,open,0.01,334.6,0.0005,0.028,0.01017319,105.84,0.012,0.0,BTC-27DEC19-40000-C,9950.42,102.96,0.0085,6.0,0.0115,6.0,107.92,6.2789,-2.24707,1.48286,1e-05,0.04592
9952.28,SYN.BTC-2AUG19,1564657143810,open,0.25,0.0,0.231,0.261,0.24637175,0.0,None,0.0,BTC-2AUG19-7500-C,9950.42,0.0,0.01,10.0,0.0,0.0,0.0,0.0,0.0,0.17994,0.0,1.0
10071.46,BTC-27SEP19,1564657143814,open,0.44,61.0,0.387,0.489,0.43824251,96.97,0.4995,0.0,BTC-27SEP19-14000-P,9950.42,0.0,0.0045,10.0,0.478,5.0,126.11,12.68041,-10.80992,-18.62052,8e-05,-0.74825
10239.43,BTC-27DEC19,1564657143814,open,0.5,60.3,0.467,0.52,0.49369804,91.93,0.46,0.0,BTC-27DEC19-5500-C,9950.42,0.0,0.255,1.0,0.51,1.0,106.88,10.38707,-3.22881,17.36272,3e-05,0.91224
10239.43,BTC-27DEC19,1564657143824,open,0.71,0.0,0.6995,0.719,0.70924735,93.53,None,0.0,BTC-27DEC19-3000-C,9950.42,0.0,0.0055,0.1,0.971,0.5,500.0,1.60585,-0.50782,11.68236,0.0,0.99086
10011.87,SYN.BTC-30AUG19,1564657144122,open,0.11,153.2,0.068,0.1435,0.10697601,96.21,0.105,0.0,BTC-30AUG19-10000-P,9950.42,94.88,0.1055,1.5,0.109,14.4,98.03,11.1252,-18.53443,-4.3676,0.00015,-0.44445
10239.44,BTC-27DEC19,1564657144133,open,0.76,0.0,0.7475,0.767,0.7573103,100.49,None,0.0,BTC-27DEC19-2500-C,9950.42,0.0,0.0145,3.0,0.974,0.5,500.0,1.0753,-0.36538,9.82713,0.0,0.9942
10239.44,BTC-27DEC19,1564657144134,open,0.04,269.4,0.0125,0.0755,0.04011764,100.43,0.039,0.0,BTC-27DEC19-24000-C,9950.42,98.35,0.037,6.0,0.041,6.0,101.01,15.56788,-5.28669,4.78937,4e-05,0.15557
10071.46,BTC-27SEP19,1564657144134,open,0.07,219.0,0.0295,0.099,0.06404867,96.26,0.063,0.0,BTC-27SEP19-13000-C,9950.42,94.08,0.061,19.3,0.0655,19.3,97.3,14.12326,-11.95212,3.93855,9e-05,0.31501
10239.44,BTC-27DEC19,1564657144141,open,0.22,446.7,0.1565,0.269,0.21598316,91.95,0.216,0.0,BTC-27DEC19-10000-P,9950.42,90.7,0.213,4.9,0.2205,9.9,93.83,24.59812,-7.64723,-24.29017,6e-05,-0.36955
10239.44,BTC-27DEC19,1564657144143,open,2.91,0.0,2.832,3.0115,2.91664446,105.85,2.58,0.0,BTC-27DEC19-40000-P,9950.42,0.0,0.0005,3.0,0.0,0.0,0.0,6.28185,-2.24839,-160.5719,1e-05,-0.95405
9952.28,SYN.BTC-2AUG19,1564657144134,open,0.0,375.5,0.0005,0.0105,7.5e-06,135.04,0.0005,0.0,BTC-2AUG19-8000-P,9950.42,0.0,0.0,0.0,0.0005,29.6,206.66,0.00749,-0.07468,-0.0001,0.0,-0.00043
10239.44,BTC-27DEC19,1564657144145,open,0.21,695.6,0.1475,0.256,0.20613264,93.06,0.211,0.0,BTC-27DEC19-11000-C,9950.42,92.21,0.204,4.9,0.2085,3.6,94.01,25.60476,-8.05712,15.07598,6e-05,0.56955
10071.46,BTC-27SEP19,1564657144151,open,0.0,370.8,0.0005,0.012,0.00221777,101.81,0.002,0.0,BTC-27SEP19-4500-P,9950.42,95.97,0.0015,17.0,0.003,24.0,106.94,1.39334,-1.2471,-0.24995,1e-05,-0.01371
10239.44,BTC-27DEC19,1564657144164,open,0.01,922.5,0.0005,0.016,0.00462391,108.45,0.004,0.0,BTC-27DEC19-52000-C,9950.42,104.79,0.0035,16.0,0.006,16.0,112.17,3.45621,-1.26736,0.73206,1e-05,0.02227
10239.44,BTC-27DEC19,1564657144164,open,0.16,163.0,0.096,0.204,0.15312222,94.32,0.1545,0.0,BTC-27DEC19-13000-C,9950.42,92.29,0.148,13.6,0.1555,3.6,95.26,25.87783,-8.25311,12.78034,6e-05,0.4612
10239.44,BTC-27DEC19,1564657144164,open,0.58,6.5,0.5565,0.593,0.57417046,91.93,0.575,0.0,BTC-27DEC19-4500-C,9950.42,0.0,0.012,0.1,0.964,1.0,500.0,6.1545,-1.91311,15.80701,2e-05,0.95521
10239.44,BTC-27DEC19,1564657144165,open,0.11,402.2,0.0685,0.155,0.11300322,91.94,0.1095,0.0,BTC-27DEC19-8000-P,9950.42,89.65,0.1085,4.9,0.114,4.9,92.45,20.14566,-6.26282,-14.54059,5e-05,-0.23751
10239.44,BTC-27DEC19,1564657144165,open,0.01,240.5,0.0005,0.019,0.00587962,107.58,0.006,0.0,BTC-27DEC19-48000-C,9950.42,103.88,0.0045,16.0,0.0075,16.0,111.25,4.16487,-1.51496,0.91011,1e-05,0.02782
9952.28,SYN.BTC-2AUG19,1564657144157,open,0.35,0.0,0.3335,0.3595,0.34685541,0.0,0.2765,0.0,BTC-2AUG19-6500-C,9950.42,0.0,0.01,10.0,0.0,0.0,0.0,0.0,0.0,0.15595,0.0,1.0
9952.28,SYN.BTC-2AUG19,1564657144134,open,0.02,165.3,0.0005,0.0475,0.0223405,101.36,0.0235,0.0,BTC-2AUG19-10000-P,9950.42,89.34,0.02,0.6,0.024,18.0,109.87,1.93978,-98.30446,-0.13153,0.00081,-0.52851
10071.46,BTC-27SEP19,1564657144168,open,0.7,225.7,0.693,0.7125,0.7029433,129.58,0.693,0.0,BTC-27SEP19-3000-C,9950.42,0.0,0.0045,20.0,0.8805,5.0,500.0,0.50799,-0.57869,4.59362,0.0,0.99565
10239.44,BTC-27DEC19,1564657144170,open,0.84,12.4,0.764,0.908,0.83613606,97.18,0.559,0.0,BTC-27DEC19-18000-P,9950.42,0.0,0.0045,5.0,1.612,0.2,500.0,21.68156,-7.12399,-64.8314,5e-05,-0.72667
10071.46,BTC-27SEP19,1564657144170,open,0.0,405.8,0.0005,0.0105,0.00031128,132.94,0.0005,0.0,BTC-27SEP19-2500-P,9950.42,0.0,0.0,0.0,0.001,25.0,152.23,0.22475,-0.26265,-0.03255,0.0,-0.00176
10071.46,BTC-27SEP19,1564657144170,open,0.75,55.9,0.7425,0.762,0.75207623,132.53,0.689,0.0,BTC-27SEP19-2500-C,9950.42,0.0,0.0045,10.0,0.8935,5.0,500.0,0.22003,-0.25637,3.86382,0.0,0.99828
9952.28,SYN.BTC-2AUG19,1564657144158,open,0.4,0.0,0.3795,0.4355,0.40677296,235.57,None,0.0,BTC-2AUG19-14000-P,9950.42,0.0,0.01,10.0,0.0,0.0,0.0,0.02903,-3.41901,-0.33545,1e-05,-0.99813
9952.28,SYN.BTC-2AUG19,1564657144162,open,0.1,46.2,0.0775,0.119,0.09697819,126.45,0.095,0.0,BTC-2AUG19-9000-C,9950.42,0.0,0.0955,6.6,0.0995,0.6,163.64,0.49455,-31.26772,0.20392,0.00016,0.95102
10239.44,BTC-27DEC19,1564657144172,open,0.85,0.1,0.844,0.8635,0.85399837,119.04,0.84,0.0,BTC-27DEC19-1500-C,9950.42,0.0,0.0195,10.0,0.981,0.5,500.0,0.37255,-0.14995,5.9827,0.0,0.99822
10071.46,BTC-27SEP19,1564657144174,open,0.21,146.0,0.155,0.252,0.20562738,94.82,0.199,0.0,BTC-27SEP19-11000-P,9950.42,92.83,0.2025,14.4,0.21,14.4,97.59,15.84196,-13.20478,-11.37737,0.00011,-0.51934
10239.44,BTC-27DEC19,1564657144174,open,0.36,93.7,0.3145,0.3985,0.35966713,91.93,0.324,0.0,BTC-27DEC19-7500-C,9950.42,0.0,0.211,0.1,0.391,2.5,109.03,18.50631,-5.75267,18.06817,5e-05,0.79521
10011.87,SYN.BTC-30AUG19,1564657144168,open,0.23,21.0,0.199,0.2565,0.2287863,96.73,0.2375,0.0,BTC-30AUG19-8000-C,9950.42,0.0,0.0,0.0,0.0,0.0,0.0,7.08247,-11.86264,4.77473,9e-05,0.83162
10071.46,BTC-27SEP19,1564657144182,open,0.0,586.8,0.0005,0.0105,0.00082536,129.79,0.0005,0.0,BTC-27SEP19-3000-P,9950.42,0.0,0.0,0.0,0.003,15.0,155.96,0.51257,-0.58485,-0.08195,0.0,-0.0044
10239.44,BTC-27DEC19,1564657144182,open,0.03,95.5,0.0065,0.056,0.02663645,101.68,0.025,0.0,BTC-27DEC19-28000-C,9950.42,99.84,0.0245,6.0,0.028,6.0,102.81,12.19086,-4.19107,3.42495,3e-05,0.1092
10071.46,BTC-27SEP19,1564657144185,open,0.26,899.9,0.222,0.291,0.25845413,93.42,0.2375,0.0,BTC-27SEP19-8000-C,9950.42,55.04,0.22,0.1,0.3165,5.0,141.73,11.43594,-9.39189,8.35268,8e-05,0.79068
10071.46,BTC-27SEP19,1564657144188,open,0.0,142.4,0.0005,0.0115,0.00198071,102.02,0.003,0.0,BTC-27SEP19-26000-C,9950.42,94.11,0.001,59.0,0.003,39.0,107.69,1.55996,-1.39904,0.21425,1e-05,0.01563
10011.87,SYN.BTC-30AUG19,1564657144174,open,0.8,0.0,0.7635,0.8425,0.80082686,102.48,None,0.0,BTC-30AUG19-18000-P,9950.42,0.0,0.0,0.0,0.0,0.0,0.0,1.87968,-3.3355,-14.03133,2e-05,-0.97069
9967.18,SYN.BTC-9AUG19,1564657144426,open,0.09,0.8,0.0545,0.1235,0.0900815,99.13,0.0915,0.0,BTC-9AUG19-10500-P,9950.3,87.33,0.0835,18.0,0.0915,18.0,101.64,5.60869,-35.29645,-1.51019,0.00026,-0.61212
9967.18,SYN.BTC-9AUG19,1564657144426,open,0.0,330.3,0.0005,0.0135,0.00313049,105.57,0.0035,0.0,BTC-9AUG19-13000-C,9950.3,92.68,0.0015,40.0,0.003,0.5,104.71,1.53341,-10.27764,0.1029,7e-05,0.05097
10071.31,BTC-27SEP19,1564657144428,open,1.19,0.2,1.1425,1.2425,1.18963789,100.19,1.391,0.0,BTC-27SEP19-22000-P,9950.3,0.0,0.0045,10.0,0.0,0.0,0.0,3.26497,-2.87561,-33.77136,2e-05,-0.96229
10239.32,BTC-27DEC19,1564657144428,open,2.14,0.3,2.0685,2.2285,2.1439343,103.2,1.875,0.0,BTC-27DEC19-32000-P,9950.3,0.0,0.0,0.0,0.0,0.0,0.0,9.67276,-3.37526,-127.11004,2e-05,-0.92018
9967.18,SYN.BTC-9AUG19,1564657144426,open,0.02,86.9,0.004,0.0465,0.02268147,99.13,0.022,0.0,BTC-9AUG19-11000-C,9950.3,94.61,0.0205,1.8,0.024,1.0,101.81,4.86604,-30.62332,0.53794,0.00023,0.27281
10071.31,BTC-27SEP19,1564657144428,open,0.02,389.1,0.003,0.0355,0.01575713,99.24,0.018,0.0,BTC-27SEP19-18000-C,9950.3,97.37,0.0145,11.0,0.0165,24.0,100.3,6.93311,-6.04843,1.30854,4e-05,0.09914
9967.18,SYN.BTC-9AUG19,1564657144426,open,0.26,0.0,0.23,0.291,0.25863903,100.74,None,0.0,BTC-9AUG19-12500-P,9950.3,0.0,0.0,0.0,0.0,0.0,0.0,2.02312,-12.93894,-2.5506,9e-05,-0.92733
10239.32,BTC-27DEC19,1564657144429,open,0.02,390.0,0.0025,0.035,0.01368713,104.68,0.014,0.0,BTC-27DEC19-36000-C,9950.3,102.37,0.012,6.0,0.015,6.0,106.37,7.77578,-2.75228,1.92617,2e-05,0.06012
10071.31,BTC-27SEP19,1564657144429,open,0.0,421.4,0.0005,0.011,0.00110865,118.46,0.0015,0.0,BTC-27SEP19-3500-P,9950.3,107.34,0.0005,0.1,0.002,15.0,128.77,0.70739,-0.7367,-0.11652,0.0,-0.00632
9967.18,SYN.BTC-9AUG19,1564657144426,open,0.0,160.0,0.0005,0.0105,0.00072975,110.98,0.001,0.0,BTC-9AUG19-7000-P,9950.3,105.43,0.0005,102.0,0.001,7.0,116.18,0.46556,-3.28035,-0.02792,2e-05,-0.01225
10071.31,BTC-27SEP19,1564657144429,open,0.42,713.5,0.3955,0.435,0.41487248,94.34,0.362,0.0,BTC-27SEP19-6000-C,9950.3,0.0,0.0095,10.0,0.754,0.3,499.2,4.57385,-3.79327,8.28193,3e-05,0.9426
9967.18,SYN.BTC-9AUG19,1564657144426,open,0.35,0.0,0.335,0.363,0.34834467,124.58,None,0.0,BTC-9AUG19-6500-C,9950.3,0.0,0.0,0.0,0.0,0.0,0.0,0.30678,-2.42638,1.38513,1e-05,0.9924
9967.18,SYN.BTC-9AUG19,1564657144426,open,0.3,0.0,0.2835,0.3145,0.29842512,110.99,None,0.0,BTC-9AUG19-7000-C,9950.3,0.0,0.0,0.0,0.0,0.0,0.0,0.46569,-3.28141,1.48248,2e-05,0.98775
9967.18,SYN.BTC-9AUG19,1564657144426,open,0.0,161.8,0.0005,0.012,0.00228803,110.77,0.002,0.0,BTC-9AUG19-13500-C,9950.3,103.32,0.0015,100.0,0.003,30.0,116.25,1.19117,-8.3768,0.07524,5e-05,0.03727
9967.18,SYN.BTC-9AUG19,1564657144426,open,0.13,0.1,0.091,0.1605,0.12630303,99.13,0.2195,0.0,BTC-9AUG19-11000-P,9950.3,0.0,0.0,0.0,0.0,0.0,0.0,4.86602,-30.62289,-1.83556,0.00023,-0.72719
9967.18,SYN.BTC-9AUG19,1564657144426,open,0.02,104.3,0.003,0.041,0.01916436,97.88,0.019,0.0,BTC-9AUG19-9000-P,9950.3,92.79,0.017,2.0,0.0205,24.0,100.95,4.30268,-26.73591,-0.50823,0.00021,-0.21715
9952.28,SYN.BTC-2AUG19,1564657144428,open,0.2,2.1,0.18,0.2115,0.19613724,0.0,0.159,0.0,BTC-2AUG19-8000-C,9950.3,0.0,0.01,10.0,0.0,0.0,0.0,0.0,0.0,0.19193,0.0,1.0
10011.87,SYN.BTC-30AUG19,1564657144434,open,0.06,189.5,0.029,0.0895,0.05941729,96.21,0.061,0.0,BTC-30AUG19-9000-P,9950.3,93.21,0.0565,19.3,0.06,1.9,96.8,9.76717,-16.27111,-2.83401,0.00013,-0.29839
9967.18,SYN.BTC-9AUG19,1564657144548,open,0.21,0.0,0.1815,0.2455,0.21211739,100.88,None,0.0,BTC-9AUG19-12000-P,9950.3,0.0,0.0,0.0,0.0,0.0,0.0,2.91684,-18.68096,-2.35025,0.00013,-0.88069
213.25,SYN.ETH-9AUG19,1564657144632,open,0.01,82.0,0.001,0.031,0.012144,102.43,0.014,0.0,ETH-9AUG19-250-C,213.03,93.26,0.009,483.0,0.014,200.0,107.42,0.07719,-0.50195,0.00695,0.00768,0.16315
9967.06,SYN.BTC-9AUG19,1564657144654,open,0.0,92.7,0.0005,0.014,0.00372667,99.1,0.004,0.0,BTC-9AUG19-8000-P,9950.3,94.51,0.003,10.0,0.0045,1.0,103.5,1.66847,-10.49715,-0.12997,8e-05,-0.05671
9967.06,SYN.BTC-9AUG19,1564657144696,open,0.06,52.2,0.0265,0.0895,0.05873041,97.3,0.061,0.0,BTC-9AUG19-10000-P,9950.3,88.36,0.0535,0.2,0.0605,18.0,100.32,5.83401,-36.03662,-1.16013,0.00028,-0.48071
213.25,SYN.ETH-9AUG19,1564657144800,open,0.01,109.0,0.001,0.023,0.007502,103.27,0.01,0.0,ETH-9AUG19-260-C,213.03,93.31,0.005,551.0,0.009,250.0,108.5,0.05858,-0.38409,0.00468,0.00578,0.10918
9967.06,SYN.BTC-9AUG19,1564657144888,open,0.01,227.1,0.0005,0.0165,0.00452344,100.74,0.0045,0.0,BTC-9AUG19-12500-C,9950.3,95.36,0.0035,40.0,0.0045,0.5,100.63,2.02312,-12.93972,0.14656,9e-05,0.07267
9967.06,SYN.BTC-9AUG19,1564657145012,open,0.16,2.4,0.132,0.181,0.15640001,98.72,0.1405,0.0,BTC-9AUG19-8500-C,9950.3,0.0,0.025,5.0,0.0,0.0,0.0,2.94419,-18.45189,1.55425,0.00014,0.8791
213.25,SYN.ETH-9AUG19,1564657145142,open,0.0,263.0,0.001,0.012,0.002792,105.35,0.002,0.0,ETH-9AUG19-280-C,213.03,88.83,0.001,1.0,0.004,250.0,112.98,0.03034,-0.20293,0.002,0.00294,0.04623
213.25,SYN.ETH-9AUG19,1564657145434,open,0.0,0.0,0.001,0.011,0.000549,124.81,None,0.0,ETH-9AUG19-140-P,213.04,0.0,0.0,0.0,0.002,300.0,151.11,0.00724,-0.05733,-0.00042,0.00059,-0.00849
213.25,SYN.ETH-9AUG19,1564657145434,open,0.0,0.0,0.001,0.011,0.000577,107.03,None,0.0,ETH-9AUG19-150-P,213.04,0.0,0.0,0.0,0.001,3.0,115.73,0.00855,-0.05807,-0.0005,0.00081,-0.01027
213.25,SYN.ETH-9AUG19,1564657145434,open,0.21,0.0,0.179,0.234,0.207055,104.64,None,0.0,ETH-9AUG19-170-C,213.04,0.0,0.005,5.0,0.0,0.0,0.0,0.03751,-0.24915,0.03371,0.00365,0.93961
213.25,SYN.ETH-9AUG19,1564657145653,open,0.05,73.0,0.014,0.076,0.046191,102.09,0.048,0.0,ETH-9AUG19-220-C,213.04,94.87,0.042,186.0,0.049,150.0,106.93,0.12387,-0.80287,0.01845,0.01236,0.44714
9952.28,SYN.BTC-2AUG19,1564657145687,open,0.01,245.4,0.0005,0.0205,0.00420312,106.15,0.004,0.0,BTC-2AUG19-10500-C,9950.3,104.47,0.004,12.8,0.0045,1.1,108.69,1.17432,-41.7646,0.03662,0.00047,0.15759
213.26,SYN.ETH-9AUG19,1564657146466,open,0.01,262.0,0.001,0.025,0.009145,103.02,0.008,0.0,ETH-9AUG19-180-P,213.04,95.14,0.007,294.0,0.011,250.0,109.26,0.06112,-0.39975,-0.00575,0.00605,-0.11584
10239.34,BTC-27DEC19,1564657146528,open,0.39,52.5,0.3485,0.426,0.38979088,91.93,0.414,0.0,BTC-27DEC19-7000-C,9950.3,83.63,0.3765,1.0,0.55,0.1,185.67,16.67547,-5.18355,18.13863,4e-05,0.82704
10239.34,BTC-27DEC19,1564657146528,open,0.35,101.4,0.281,0.4105,0.34899675,93.6,0.355,0.0,BTC-27DEC19-12000-P,9950.3,92.02,0.345,3.6,0.354,3.6,95.57,25.98771,-8.22444,-34.69746,7e-05,-0.48742
10239.34,BTC-27DEC19,1564657146528,open,0.06,222.7,0.0275,0.0875,0.05695517,91.93,0.054,0.0,BTC-27DEC19-6500-P,9950.3,89.15,0.053,6.0,0.057,11.0,91.97,14.68105,-4.56363,-8.27395,4e-05,-0.1425
10071.27,BTC-27SEP19,1564657146528,open,0.46,221.9,0.4445,0.478,0.46074852,97.16,0.51,0.0,BTC-27SEP19-5500-C,9950.3,0.0,0.4535,3.0,0.829,5.0,500.0,3.31725,-2.83349,7.85935,2e-05,0.96155
10071.27,BTC-27SEP19,1564657146528,open,0.0,286.9,0.0005,0.013,0.00320999,101.27,0.0035,0.0,BTC-27SEP19-24000-C,9950.3,97.85,0.0025,2.0,0.004,24.0,104.53,2.26728,-2.01843,0.33067,1e-05,0.02428
10071.27,BTC-27SEP19,1564657146528,open,0.09,711.2,0.045,0.122,0.08490714,95.31,0.086,0.0,BTC-27SEP19-12000-C,9950.3,93.06,0.0815,31.7,0.0865,5.0,96.36,15.26078,-12.78675,4.79828,0.0001,0.39066
10011.73,SYN.BTC-30AUG19,1564657146530,open,0.01,215.8,0.0005,0.0195,0.00700573,100.03,0.008,0.0,BTC-30AUG19-16000-C,9950.3,97.04,0.006,10.0,0.0075,24.0,101.42,3.50836,-6.07684,0.44784,4e-05,0.06355
9952.16,SYN.BTC-2AUG19,1564657146530,open,0.01,315.6,0.0005,0.023,0.0053189,107.43,0.0055,0.0,BTC-2AUG19-9500-P,9950.3,108.83,0.0055,0.1,0.006,0.1,112.61,1.28546,-52.93453,-0.04459,0.0005,-0.18142
9952.16,SYN.BTC-2AUG19,1564657146530,open,0.0,180.6,0.0005,0.0105,4.5e-07,135.02,0.0005,0.0,BTC-2AUG19-13000-C,9950.3,0.0,0.0,0.0,0.0005,39.6,238.06,0.00064,-0.0045,1e-05,0.0,3e-05
10071.27,BTC-27SEP19,1564657146537,open,0.63,0.0,0.619,0.6385,0.62893052,113.33,None,0.0,BTC-27SEP19-3750-C,9950.3,0.0,0.0045,11.0,0.701,10.0,299.43,0.82407,-0.82103,5.70553,0.0,0.99249
10071.27,BTC-27SEP19,1564657146537,open,0.53,13.5,0.5195,0.5445,0.53128771,100.02,0.382,0.0,BTC-27SEP19-4750-C,9950.3,0.0,0.0045,10.0,0.6455,5.0,299.02,1.7455,-1.53484,7.07594,1e-05,0.98217
10071.27,BTC-27SEP19,1564657146543,open,2.17,0.0,2.1155,2.246,2.17875384,115.24,None,0.0,BTC-27SEP19-32000-P,9950.3,0.0,0.0,0.0,0.0,0.0,0.0,1.09105,-1.10537,-49.72329,1e-05,-0.98966
10071.27,BTC-27SEP19,1564657146551,open,0.0,1660.1,0.0005,0.0105,8.69e-06,135.01,0.0005,0.0,BTC-27SEP19-1500-P,9950.3,0.0,0.0,0.0,0.001,92.1,207.37,0.00998,-0.01185,-0.0011,0.0,-6e-05
10071.27,BTC-27SEP19,1564657146551,open,0.0,326.9,0.0005,0.0115,0.00154139,105.28,0.0015,0.0,BTC-27SEP19-28000-C,9950.3,100.25,0.001,34.0,0.002,39.0,108.63,1.25458,-1.16117,0.16638,1e-05,0.01214
10011.73,SYN.BTC-30AUG19,1564657146551,open,0.33,17.1,0.2855,0.3685,0.32674218,97.44,0.289,0.0,BTC-30AUG19-13000-P,9950.3,0.0,0.0,0.0,0.0,0.0,0.0,8.05285,-13.58689,-8.86686,0.0001,-0.79275
10239.34,BTC-27DEC19,1564657146561,open,3.69,0.0,3.597,3.8005,3.69369078,107.6,None,0.0,BTC-27DEC19-48000-P,9950.3,0.0,0.0005,6.0,6.0,1.0,500.0,4.16907,-1.51681,-193.55553,1e-05,-0.97215
10011.73,SYN.BTC-30AUG19,1564657146565,open,0.4,0.0,0.389,0.4195,0.40366043,100.16,None,0.0,BTC-30AUG19-6000-C,9950.3,0.0,0.0,0.0,0.0,0.0,0.0,1.6515,-2.86437,4.52443,2e-05,0.9749
9952.16,SYN.BTC-2AUG19,1564657146565,open,0.0,311.1,0.0005,0.0105,5.35e-06,135.02,0.0005,0.0,BTC-2AUG19-12500-C,9950.3,0.0,0.0,0.0,0.0005,39.6,207.94,0.00573,-0.05324,8e-05,0.0,0.00032
10071.27,BTC-27SEP19,1564657146571,open,0.0,416.0,0.0005,0.011,0.00148597,108.7,0.001,0.0,BTC-27SEP19-4000-P,9950.3,102.95,0.001,27.0,0.002,24.0,113.56,0.96429,-0.92148,-0.16422,1e-05,-0.00898
10239.34,BTC-27DEC19,1564657146571,open,0.02,291.2,0.005,0.0495,0.02227042,102.49,0.0235,0.0,BTC-27DEC19-30000-C,9950.3,100.79,0.0205,6.0,0.0235,6.0,103.64,10.85734,-3.76264,2.94054,2e-05,0.09315
9967.05,SYN.BTC-9AUG19,1564657146571,open,0.08,41.0,0.0495,0.1115,0.08247121,97.86,0.083,0.0,BTC-9AUG19-9500-C,9950.3,92.34,0.0795,20.0,0.086,18.0,104.38,5.37933,-33.4218,1.23673,0.00026,0.65753
10239.34,BTC-27DEC19,1564657146585,open,1.57,0.0,1.5,1.65,1.57147425,100.86,None,0.0,BTC-27DEC19-26000-P,9950.3,0.0,0.0045,10.0,2.367,0.2,500.0,13.72384,-4.68044,-101.31677,3e-05,-0.87086
9952.16,SYN.BTC-2AUG19,1564657146585,open,0.45,0.0,0.4285,0.4865,0.45695206,0.0,None,0.0,BTC-2AUG19-14500-P,9950.3,0.0,0.0,0.0,0.0,0.0,0.0,0.0,0.0,-0.34788,0.0,-1.0
9967.05,SYN.BTC-9AUG19,1564657146592,open,0.25,0.0,0.2325,0.2675,0.24925267,105.29,None,0.0,BTC-9AUG19-7500-C,9950.3,0.0,0.0,0.0,0.0,0.0,0.0,0.93158,-6.22691,1.55505,4e-05,0.97232
10011.72,SYN.BTC-30AUG19,1564657146616,open,0.24,1.6,0.201,0.286,0.24413602,97.44,0.3175,0.0,BTC-30AUG19-12000-P,9950.3,0.0,0.0,0.0,0.0,0.0,0.0,9.79337,-16.52397,-7.47664,0.00013,-0.69983
9952.16,SYN.BTC-2AUG19,1564657146616,open,0.15,1.0,0.133,0.182,0.15578743,129.13,0.1445,0.0,BTC-2AUG19-11500-P,9950.3,0.0,0.0005,1.1,0.0,0.0,0.0,0.15339,-9.90387,-0.27308,5e-05,-0.9879
10071.27,BTC-27SEP19,1564657146643,open,0.05,206.0,0.019,0.0805,0.04818057,96.98,0.051,0.0,BTC-27SEP19-14000-C,9950.3,94.83,0.0455,19.3,0.0495,19.3,98.02,12.68038,-10.81064,3.1948,8e-05,0.25176
10071.27,BTC-27SEP19,1564657146643,open,0.05,529.9,0.0245,0.082,0.05280027,93.43,0.055,0.0,BTC-27SEP19-8000-P,9950.3,90.51,0.0495,32.5,0.053,19.3,93.61,11.43687,-9.39419,-4.11406,8e-05,-0.20935
10239.34,BTC-27DEC19,1564657146643,open,0.02,137.0,0.004,0.0435,0.01875648,103.23,0.0195,0.0,BTC-27DEC19-32000-C,9950.3,101.32,0.017,6.0,0.02,6.0,104.52,9.68134,-3.37929,2.53705,2e-05,0.07991
10239.34,BTC-27DEC19,1564657146655,open,0.42,70.5,0.3525,0.487,0.42273442,94.32,0.4215,0.0,BTC-27DEC19-13000-P,9950.3,92.65,0.4185,3.6,0.428,3.6,96.41,25.87755,-8.2531,-39.88797,6e-05,-0.5388
10071.27,BTC-27SEP19,1564657146655,open,0.8,28.2,0.7915,0.811,0.80149669,135.47,0.755,0.0,BTC-27SEP19-2000-C,9950.3,0.0,0.01,1.0,0.9085,5.0,500.0,0.07069,-0.08418,3.10735,0.0,0.9995
10071.27,BTC-27SEP19,1564657146655,open,0.35,35.5,0.3025,0.405,0.35484857,96.27,0.3845,0.0,BTC-27SEP19-13000-P,9950.3,0.0,0.0045,50.0,0.3875,5.0,118.68,14.12284,-11.95213,-16.31874,9e-05,-0.685
10011.72,SYN.BTC-30AUG19,1564657146655,open,0.11,164.1,0.07,0.1415,0.10813997,96.2,0.1065,0.0,BTC-30AUG19-10000-C,9950.3,93.37,0.105,14.4,0.1105,14.4,98.32,11.12514,-18.53175,3.54343,0.00015,0.55552
9952.16,SYN.BTC-2AUG19,1564657146655,open,0.0,115.7,0.0005,0.0105,0.0,135.01,0.0005,0.0,BTC-2AUG19-6500-P,9950.3,0.0,0.0,0.0,0.0005,20.0,373.87,0.0,0.0,0.0,0.0,0.0
10071.27,BTC-27SEP19,1564657146663,open,1.38,0.2,1.337,1.441,1.38621678,101.22,1.6,0.0,BTC-27SEP19-24000-P,9950.3,0.0,0.0,0.0,0.0,0.0,0.0,2.26288,-2.01368,-37.06778,1e-05,-0.97578
9967.05,SYN.BTC-9AUG19,1564657146663,open,0.0,15.7,0.0005,0.0105,0.0004847,124.57,0.0005,0.0,BTC-9AUG19-6500-P,9950.3,0.0,0.0,0.0,0.001,20.0,137.42,0.30667,-2.42528,-0.01738,1e-05,-0.0076
9952.16,SYN.BTC-2AUG19,1564657146683,open,0.0,391.2,0.0005,0.0105,0.0,135.01,0.002,0.0,BTC-2AUG19-14500-C,9950.3,0.0,0.0,0.0,0.0005,50.0,319.11,0.0,0.0,0.0,0.0,0.0
10239.34,BTC-27DEC19,1564657146687,open,0.02,257.7,0.007,0.039,0.02116912,91.93,0.0195,0.0,BTC-27DEC19-5000-P,9950.3,89.17,0.019,6.0,0.022,6.0,92.96,8.22087,-2.55547,-3.55663,2e-05,-0.06457
10239.34,BTC-27DEC19,1564657146687,open,0.12,310.6,0.063,0.1645,0.11543371,95.44,0.121,0.0,BTC-27DEC19-15000-C,9950.3,93.8,0.1115,4.9,0.118,4.9,96.51,24.66503,-7.95965,10.67154,6e-05,0.37268
214.61,ETH-27SEP19,1564657146690,open,0.0,739.0,0.001,0.011,0.000393,125.0,0.001,0.0,ETH-27SEP19-60-P,213.04,0.0,0.0,0.0,0.002,550.0,153.73,0.00617,-0.00678,-0.00091,7e-05,-0.00233
218.12,ETH-27DEC19,1564657146690,open,0.22,561.0,0.147,0.262,0.212288,98.95,0.205,0.0,ETH-27DEC19-240-C,213.04,96.04,0.205,119.0,0.218,204.0,101.23,0.54655,-0.18285,0.3115,0.00287,0.56479
214.61,ETH-27SEP19,1564657146692,open,0.09,1704.0,0.043,0.122,0.085461,99.0,0.091,0.0,ETH-27SEP19-260-C,213.04,96.03,0.081,226.0,0.09,496.0,102.0,0.32353,-0.28158,0.09977,0.00455,0.38379
213.06,SYN.ETH-2AUG19,1564657146701,open,0.0,1402.0,0.001,0.016,0.00214,112.31,0.001,0.0,ETH-2AUG19-230-C,213.04,94.76,0.001,92.0,0.004,250.0,132.98,0.01645,-0.456,0.00043,0.01345,0.08647
10011.72,SYN.BTC-30AUG19,1564657146705,open,0.6,0.0,0.568,0.646,0.60510843,99.96,None,0.0,BTC-30AUG19-16000-P,9950.3,0.0,0.0,0.0,0.0,0.0,0.0,3.50147,-6.0606,-12.21107,4e-05,-0.93661
9952.16,SYN.BTC-2AUG19,1564657146705,open,0.35,0.0,0.33,0.384,0.35647264,0.0,None,0.0,BTC-2AUG19-13500-P,9950.3,0.0,0.01,10.0,0.0,0.0,0.0,0.0,0.0,-0.32389,0.0,-1.0
213.06,SYN.ETH-2AUG19,1564657146705,open,0.0,261.0,0.001,0.011,0.0,124.98,0.001,0.0,ETH-2AUG19-290-C,213.04,0.0,0.0,0.0,0.002,300.0,328.9,0.0,0.0,0.0,0.0,0.0
213.25,SYN.ETH-9AUG19,1564657146707,open,0.05,73.0,0.014,0.076,0.046191,102.09,0.048,0.0,ETH-9AUG19-220-C,213.04,94.87,0.042,186.0,0.05,150.0,108.64,0.12387,-0.80287,0.01845,0.01236,0.44714
214.61,ETH-27SEP19,1564657146709,open,0.52,497.0,0.467,0.595,0.531871,101.78,0.51,0.0,ETH-27SEP19-320-P,213.04,56.41,0.495,110.0,0.574,110.0,134.46,0.2467,-0.22074,-0.44079,0.00338,-0.78624
214.61,ETH-27SEP19,1564657146712,open,0.22,2475.0,0.169,0.28,0.228155,97.94,0.28,0.0,ETH-27SEP19-240-P,213.04,93.37,0.221,230.0,0.233,120.0,101.03,0.33642,-0.28966,-0.25628,0.00479,-0.5382
213.06,SYN.ETH-2AUG19,1564657146730,open,0.01,244.0,0.001,0.041,0.014107,105.69,0.019,0.0,ETH-2AUG19-210-P,213.04,94.33,0.012,5.0,0.016,49.0,115.8,0.03973,-2.09962,-0.00201,0.03452,-0.37991
213.06,SYN.ETH-2AUG19,1564657146730,open,0.04,189.0,0.006,0.075,0.041175,105.81,0.047,0.0,ETH-2AUG19-220-P,213.04,78.64,0.037,50.0,0.045,50.0,128.36,0.03494,-1.84829,-0.00391,0.03032,-0.72315
218.12,ETH-27DEC19,1564657146741,open,0.9,16.0,0.821,0.997,0.911413,100.71,1.195,0.0,ETH-27DEC19-400-P,213.04,63.82,0.85,110.0,0.982,110.0,131.65,0.45547,-0.1551,-1.45418,0.00235,-0.73417
214.61,ETH-27SEP19,1564657146741,open,0.0,7915.0,0.001,0.011,0.001,119.75,0.001,0.0,ETH-27SEP19-760-C,213.04,0.0,0.0,0.0,0.002,100.0,129.23,0.01728,-0.01819,0.00213,0.0002,0.00737
213.84,SYN.ETH-30AUG19,1564657146741,open,0.68,0.0,0.636,0.748,0.689803,106.1,None,0.0,ETH-30AUG19-360-P,213.04,0.0,0.0,0.0,0.0,0.0,0.0,0.06711,-0.12328,-0.27652,0.00175,-0.94479
213.26,SYN.ETH-9AUG19,1564657146743,open,0.1,305.0,0.054,0.126,0.093686,101.08,0.094,0.0,ETH-9AUG19-200-C,213.04,91.9,0.089,150.0,0.098,150.0,109.39,0.10993,-0.7054,0.02761,0.01108,0.69375
218.12,ETH-27DEC19,1564657146746,open,0.05,746.0,0.017,0.084,0.049161,101.17,0.055,0.0,ETH-27DEC19-480-C,213.04,98.66,0.045,110.0,0.053,110.0,103.41,0.36846,-0.12604,0.11853,0.00189,0.1833
213.84,SYN.ETH-30AUG19,1564657146746,open,0.5,0.0,0.457,0.564,0.509842,103.45,None,0.0,ETH-30AUG19-320-P,213.04,0.0,0.0,0.0,0.0,0.0,0.0,0.11124,-0.19925,-0.23723,0.00297,-0.8925
218.12,ETH-27DEC19,1564657146752,open,0.03,1471.0,0.006,0.052,0.026136,101.66,0.023,0.0,ETH-27DEC19-600-C,213.04,98.91,0.023,110.0,0.029,110.0,104.03,0.25669,-0.08824,0.07186,0.00131,0.10745
10239.34,BTC-27DEC19,1564657146752,open,0.08,386.2,0.035,0.123,0.0781557,97.14,0.0875,0.0,BTC-27DEC19-18000-C,9950.3,95.4,0.0745,4.9,0.08,4.9,98.01,21.67572,-7.11965,8.09055,5e-05,0.27319
10071.27,BTC-27SEP19,1564657146756,open,0.85,42.8,0.8415,0.861,0.85107077,135.59,0.815,0.0,BTC-27SEP19-1500-C,9950.3,0.0,0.0,0.0,0.0,0.0,0.0,0.01054,-0.01256,2.33619,0.0,0.99993
218.12,ETH-27DEC19,1564657146756,open,1.07,0.0,0.988,1.168,1.078795,100.98,None,0.0,ETH-27DEC19-440-P,213.04,0.0,1.008,110.0,2.015,1.0,500.0,0.41164,-0.14055,-1.64213,0.00211,-0.77947
9967.05,SYN.BTC-9AUG19,1564657146756,open,0.31,0.0,0.279,0.34,0.30741066,105.46,None,0.0,BTC-9AUG19-13000-P,9950.3,0.0,0.0,0.0,0.0,0.0,0.0,1.52854,-10.2344,-2.70255,7e-05,-0.94923
9967.05,SYN.BTC-9AUG19,1564657146756,open,0.35,0.0,0.328,0.39,0.35673319,110.63,None,0.0,BTC-9AUG19-13500-P,9950.3,0.0,0.0,0.0,0.0,0.0,0.0,1.18559,-8.32672,-2.83811,5e-05,-0.96294
213.06,SYN.ETH-2AUG19,1564657146759,open,0.08,231.0,0.049,0.117,0.081678,112.97,0.1,0.0,ETH-2AUG19-230-P,213.04,0.0,0.078,50.0,0.085,50.0,146.89,0.01663,-0.93947,-0.00508,0.01352,-0.91224
213.06,SYN.ETH-2AUG19,1564657146770,open,0.0,489.0,0.001,0.011,0.0,125.02,0.005,0.0,ETH-2AUG19-160-P,213.04,0.0,0.0,0.0,0.001,1.0,290.08,0.0,0.0,0.0,0.0,0.0
10239.34,BTC-27DEC19,1564657146772,open,0.01,200.6,0.004,0.027,0.01364909,91.93,0.013,0.0,BTC-27DEC19-4500-P,9950.3,90.84,0.013,88.0,0.0135,1.0,91.69,6.15481,-1.91323,-2.42441,2e-05,-0.04479
10239.34,BTC-27DEC19,1564657146772,open,0.62,27.2,0.604,0.6325,0.61746436,91.93,0.65,0.0,BTC-27DEC19-4000-C,9950.3,0.0,0.45,1.0,0.966,1.0,500.0,4.2855,-1.33213,14.67464,1e-05,0.97121
10239.34,BTC-27DEC19,1564657146772,open,0.33,202.5,0.283,0.373,0.33169017,91.93,0.297,0.0,BTC-27DEC19-8000-C,9950.3,84.43,0.317,10.0,0.344,10.0,98.17,20.14554,-6.26223,17.87112,5e-05,0.76249
10071.27,BTC-27SEP19,1564657146772,open,0.2,381.5,0.1555,0.2345,0.19802817,93.44,0.202,0.0,BTC-27SEP19-9000-C,9950.3,88.76,0.1915,14.4,0.1985,14.4,93.77,14.07074,-11.55793,7.68456,0.0001,0.6877
10011.72,SYN.BTC-30AUG19,1564657146774,open,0.01,165.6,0.0005,0.014,0.00444754,100.96,0.0045,0.0,BTC-30AUG19-17000-C,9950.3,96.96,0.0035,34.0,0.005,24.0,103.05,2.54792,-4.45404,0.30124,3e-05,0.04248
9952.16,SYN.BTC-2AUG19,1564657146774,open,0.0,320.5,0.0005,0.0105,3e-08,135.02,0.0005,0.0,BTC-2AUG19-13500-C,9950.3,0.0,0.0,0.0,0.0005,39.0,266.49,5e-05,-0.00031,0.0,0.0,0.0
213.06,SYN.ETH-2AUG19,1564657146774,open,0.0,248.0,0.001,0.011,9.3e-05,124.97,0.001,0.0,ETH-2AUG19-250-C,213.04,0.0,0.0,0.0,0.001,10.0,171.58,0.00149,-0.01991,2e-05,0.00109,0.00492
218.12,ETH-27DEC19,1564657146780,open,0.08,536.0,0.033,0.12,0.077551,100.71,0.071,0.0,ETH-27DEC19-400-C,213.04,98.02,0.072,110.0,0.082,376.0,102.82,0.45545,-0.15509,0.16637,0.00235,0.26582
214.61,ETH-27SEP19,1564657146782,open,0.07,2090.0,0.029,0.101,0.066057,99.61,0.072,0.0,ETH-27SEP19-280-C,213.04,96.7,0.062,244.0,0.07,514.0,102.4,0.30122,-0.26377,0.08348,0.00421,0.31568
218.12,ETH-27DEC19,1564657146782,open,1.41,37.0,1.33,1.52,1.423611,101.38,0.707,0.0,ETH-27DEC19-520-P,213.04,0.0,0.002,25.0,0.0,0.0,0.0,0.32797,-0.11242,-2.00653,0.00168,-0.84702
213.84,SYN.ETH-30AUG19,1564657146785,open,0.19,222.0,0.138,0.236,0.189697,100.06,0.21,0.0,ETH-30AUG19-240-P,213.04,93.84,0.183,120.0,0.2,120.0,109.52,0.23139,-0.4009,-0.13464,0.00639,-0.6062
218.12,ETH-27DEC19,1564657146791,open,0.06,623.0,0.023,0.1,0.061472,100.93,0.057,0.0,ETH-27DEC19-440-C,213.04,98.53,0.057,110.0,0.066,427.0,103.3,0.41144,-0.14042,0.14039,0.00211,0.22034
218.12,ETH-27DEC19,1564657146793,open,2.12,0.0,2.032,2.248,2.135984,102.73,None,0.0,ETH-27DEC19-680-P,213.04,0.0,0.0,0.0,0.0,0.0,0.0,0.20441,-0.071,-2.70144,0.00103,-0.92102
214.61,ETH-27SEP19,1564657146798,open,0.16,2067.0,0.113,0.215,0.167706,97.7,0.172,0.0,ETH-27SEP19-220-P,213.04,93.41,0.161,230.0,0.173,230.0,101.09,0.33519,-0.28789,-0.20619,0.00478,-0.44887
10071.27,BTC-27SEP19,1564657146798,open,0.03,268.5,0.008,0.0535,0.02776584,98.59,0.0275,0.0,BTC-27SEP19-16000-C,9950.3,97.26,0.0265,0.1,0.0285,19.3,99.35,9.66925,-8.38039,2.07369,6e-05,0.1599
10071.27,BTC-27SEP19,1564657146798,open,0.52,29.6,0.476,0.577,0.52573385,97.67,0.58,0.0,BTC-27SEP19-15000-P,9950.3,0.0,0.0045,10.0,1.0985,0.3,500.0,11.14111,-9.5662,-20.80017,7e-05,-0.79967
213.06,SYN.ETH-2AUG19,1564657146798,open,0.0,14.0,0.001,0.011,0.0,124.98,0.001,0.0,ETH-2AUG19-280-C,213.04,0.0,0.0,0.0,0.001,4.0,267.08,0.0,-1e-05,0.0,0.0,0.0
10011.72,SYN.BTC-30AUG19,1564657146803,open,0.0,327.6,0.0005,0.0125,0.00289132,102.11,0.002,0.0,BTC-30AUG19-18000-C,9950.3,96.71,0.002,44.0,0.0035,24.0,105.2,1.85131,-3.27321,0.20508,2e-05,0.02878
10071.27,BTC-27SEP19,1564657146814,open,0.15,676.8,0.1045,0.188,0.14936232,93.44,0.148,0.0,BTC-27SEP19-10000-C,9950.3,90.29,0.1445,14.4,0.151,14.4,94.5,15.53472,-12.76041,6.7691,0.00011,0.5807
10239.34,BTC-27DEC19,1564657146814,open,0.28,171.4,0.228,0.3275,0.28182634,91.93,0.26,0.0,BTC-27DEC19-9000-C,9950.3,89.32,0.276,10.0,0.2835,8.6,92.69,22.79425,-7.08558,17.1832,6e-05,0.69604
10071.27,BTC-27SEP19,1564657146814,open,0.0,321.7,0.0005,0.0125,0.00292449,100.01,0.0045,0.0,BTC-27SEP19-4750-P,9950.3,94.05,0.002,39.0,0.004,24.0,105.65,1.74484,-1.53409,-0.32554,1e-05,-0.01782
218.12,ETH-27DEC19,1564657146816,open,0.03,1449.0,0.009,0.061,0.031867,101.37,0.028,0.0,ETH-27DEC19-560-C,213.04,98.37,0.028,460.0,0.035,110.0,103.68,0.28965,-0.09928,0.08444,0.00148,0.12743
213.06,SYN.ETH-2AUG19,1564657146818,open,0.0,265.0,0.001,0.02,0.00336,112.84,0.006,0.0,ETH-2AUG19-200-P,213.04,97.54,0.002,5.0,0.005,320.0,128.26,0.02094,-0.71584,-0.00063,0.01704,-0.12051
213.84,SYN.ETH-30AUG19,1564657146820,open,0.59,0.0,0.546,0.655,0.598963,104.41,None,0.0,ETH-30AUG19-340-P,213.04,0.0,0.0,0.0,0.0,0.0,0.0,0.08603,-0.15552,-0.25763,0.00228,-0.92397
213.06,SYN.ETH-2AUG19,1564657146826,open,0.07,216.0,0.033,0.094,0.064631,112.39,0.062,0.0,ETH-2AUG19-200-C,213.04,0.0,0.06,50.0,0.067,50.0,134.13,0.02083,-1.17054,0.00417,0.01702,0.88039
214.61,ETH-27SEP19,1564657146834,open,0.0,3419.0,0.001,0.011,0.002,114.69,0.003,0.0,ETH-27SEP19-640-C,213.04,105.98,0.001,50.0,0.003,437.0,120.69,0.03092,-0.03118,0.00414,0.00038,0.01437
218.12,ETH-27DEC19,1564657146834,open,0.44,432.0,0.363,0.517,0.445921,99.26,0.441,0.0,ETH-27DEC19-280-P,213.04,95.73,0.437,150.0,0.456,120.0,103.24,0.55213,-0.18531,-0.86386,0.00289,-0.53163
213.84,SYN.ETH-30AUG19,1564657146836,open,0.05,328.0,0.017,0.076,0.046926,102.56,0.045,0.0,ETH-30AUG19-260-C,213.04,100.58,0.045,9.0,0.049,160.0,104.68,0.20813,-0.36964,0.04229,0.00561,0.2969
214.61,ETH-27SEP19,1564657146841,open,0.0,2697.0,0.001,0.011,0.001,115.46,0.001,0.0,ETH-27SEP19-720-C,213.04,0.0,0.0,0.0,0.002,242.0,124.7,0.01774,-0.018,0.00221,0.00021,0.00759
218.12,ETH-27DEC19,1564657146841,open,0.28,164.0,0.216,0.325,0.278335,97.96,0.288,0.0,ETH-27DEC19-200-C,213.04,94.33,0.27,30.0,0.286,2.0,101.3,0.50034,-0.16572,0.3496,0.00265,0.67395
9967.05,SYN.BTC-9AUG19,1564657146843,open,0.17,0.0,0.135,0.202,0.16771782,100.33,None,0.0,BTC-9AUG19-11500-P,9950.3,0.0,0.0,0.0,0.0,0.0,0.0,3.90598,-24.87875,-2.11379,0.00018,-0.81516
213.06,SYN.ETH-2AUG19,1564657146848,open,0.0,749.0,0.001,0.011,0.00068,124.74,0.002,0.0,ETH-2AUG19-190-P,213.04,0.0,0.0,0.0,0.002,250.0,154.03,0.00677,-0.14486,-0.00015,0.00499,-0.02834
218.12,ETH-27DEC19,1564657146850,open,0.04,936.0,0.012,0.072,0.039597,101.37,0.036,0.0,ETH-27DEC19-520-C,213.04,98.93,0.036,110.0,0.043,110.0,103.6,0.32795,-0.11241,0.10018,0.00168,0.15297
10239.34,BTC-27DEC19,1564657146850,open,0.0,208.8,0.0005,0.011,0.00147479,100.59,0.0015,0.0,BTC-27DEC19-2500-P,9950.3,87.82,0.0005,3.0,0.0025,10.0,108.7,1.08038,-0.36747,-0.30306,0.0,-0.00583
214.61,ETH-27SEP19,1564657146858,open,0.03,2762.0,0.006,0.048,0.024495,102.35,0.028,0.0,ETH-27SEP19-360-C,213.04,98.25,0.021,605.0,0.027,200.0,105.14,0.18898,-0.17004,0.03878,0.00257,0.14046
213.06,SYN.ETH-2AUG19,1564657146858,open,0.01,815.0,0.001,0.031,0.008574,105.51,0.007,0.0,ETH-2AUG19-220-C,213.04,89.24,0.006,232.0,0.008,2.0,101.98,0.0349,-1.82674,0.00137,0.03037,0.27625
214.61,ETH-27SEP19,1564657146860,open,0.11,1827.0,0.063,0.148,0.109848,97.94,0.117,0.0,ETH-27SEP19-240-C,213.04,95.49,0.106,205.0,0.115,315.0,101.23,0.33642,-0.28966,0.1177,0.00479,0.4618
214.61,ETH-27SEP19,1564657146862,open,0.02,1897.0,0.004,0.04,0.01941,103.11,0.023,0.0,ETH-27SEP19-380-C,213.04,98.45,0.016,610.0,0.022,610.0,106.39,0.16446,-0.14907,0.03197,0.00222,0.11502
10239.34,BTC-27DEC19,1564657146885,open,0.01,288.9,0.0005,0.018,0.0081153,91.93,0.01,0.0,BTC-27DEC19-4000-P,9950.3,89.17,0.007,6.0,0.009,5.0,93.99,4.28572,-1.33222,-1.53102,1e-05,-0.02879
10239.34,BTC-27DEC19,1564657146885,open,0.06,549.5,0.024,0.103,0.06141289,98.17,0.0685,0.0,BTC-27DEC19-20000-C,9950.3,96.63,0.0585,4.9,0.063,5.0,99.0,19.49328,-6.47046,6.74146,5e-05,0.22392
10239.34,BTC-27DEC19,1564657146885,open,0.0,128.4,0.0005,0.0145,0.00451678,92.63,0.0055,0.0,BTC-27DEC19-3500-P,9950.3,88.59,0.0035,31.0,0.006,16.0,97.66,2.7742,-0.86886,-0.90055,1e-05,-0.01719
10071.27,BTC-27SEP19,1564657146885,open,0.68,0.0,0.6685,0.688,0.67841252,126.37,None,0.0,BTC-27SEP19-3250-C,9950.3,0.0,0.0045,10.0,0.8745,5.0,500.0,0.66812,-0.74222,4.95388,0.0,0.99408
10011.72,SYN.BTC-30AUG19,1564657146885,open,0.01,182.9,0.0015,0.027,0.01117798,99.25,0.0125,0.0,BTC-30AUG19-15000-C,9950.3,96.71,0.01,10.9,0.012,24.0,100.95,4.77139,-8.20003,0.66646,6e-05,0.09532
10011.72,SYN.BTC-30AUG19,1564657146887,open,0.05,439.9,0.018,0.074,0.04555894,97.46,0.05,0.0,BTC-30AUG19-12000-C,9950.3,95.35,0.0435,5.0,0.0465,19.3,98.42,9.79417,-16.52856,2.01702,0.00013,0.30022
10011.72,SYN.BTC-30AUG19,1564657146887,open,0.02,127.1,0.004,0.038,0.01799932,98.69,0.0205,0.0,BTC-30AUG19-14000-C,9950.3,97.09,0.017,0.1,0.0185,24.0,99.47,6.34328,-10.83966,0.98608,8e-05,0.1425
10011.72,SYN.BTC-30AUG19,1564657146887,open,0.0,580.2,0.0005,0.0125,0.00294898,100.11,0.0025,0.0,BTC-30AUG19-6000-P,9950.3,93.67,0.002,39.0,0.004,24.0,105.94,1.64864,-2.85791,-0.22178,2e-05,-0.02505
9952.16,SYN.BTC-2AUG19,1564657146892,open,0.2,0.0,0.1825,0.232,0.20580347,130.76,None,0.0,BTC-2AUG19-12000-P,9950.3,0.0,0.0,0.0,0.0,0.0,0.0,0.02992,-1.95607,-0.28745,1e-05,-0.99807
10239.34,BTC-27DEC19,1564657146902,open,0.58,5.6,0.508,0.6485,0.58037475,95.44,0.5485,0.0,BTC-27DEC19-15000-P,9950.3,0.0,0.45,0.2,1.3305,0.2,499.91,24.66512,-7.95977,-50.09924,6e-05,-0.62731
10071.27,BTC-27SEP19,1564657146902,open,0.01,620.0,0.001,0.0235,0.01063446,94.36,0.012,0.0,BTC-27SEP19-6000-P,9950.3,91.8,0.0095,39.1,0.012,29.0,97.28,4.57594,-3.79589,-1.06818,3e-05,-0.05743
9952.16,SYN.BTC-2AUG19,1564657146902,open,0.0,501.9,0.0005,0.0105,1.2e-07,135.01,0.0005,0.0,BTC-2AUG19-7500-P,9950.3,0.0,0.0,0.0,0.0005,47.5,259.47,0.00018,-0.00115,0.0,0.0,-1e-05
9967.05,SYN.BTC-9AUG19,1564657146936,open,0.0,319.9,0.0005,0.0115,0.00172223,105.18,0.002,0.0,BTC-9AUG19-7500-P,9950.3,102.7,0.0015,20.0,0.002,0.1,108.03,0.92844,-6.19976,-0.06298,4e-05,-0.02756
10071.27,BTC-27SEP19,1564657146939,open,0.01,391.3,0.0005,0.0165,0.00685428,97.16,0.01,0.0,BTC-27SEP19-5500-P,9950.3,96.07,0.0065,5.0,0.0075,29.0,99.07,3.31671,-2.83284,-0.71081,2e-05,-0.03844
10071.27,BTC-27SEP19,1564657146939,open,0.0,671.4,0.0005,0.011,0.00102244,106.14,0.0015,0.0,BTC-27SEP19-30000-C,9950.3,98.68,0.0005,0.1,0.0015,39.0,110.77,0.8997,-0.83951,0.11415,1e-05,0.0083
9952.16,SYN.BTC-2AUG19,1564657146956,open,0.3,0.0,0.2825,0.31,0.29664383,213.26,None,0.0,BTC-2AUG19-7000-C,9950.3,0.0,0.01,10.0,0.0,0.0,0.0,0.00559,-0.59652,0.16786,0.0,0.99969
9967.05,SYN.BTC-9AUG19,1564657146990,open,0.04,99.4,0.0105,0.0625,0.0355993,97.84,0.0365,0.0,BTC-9AUG19-9500-P,9950.3,94.87,0.034,0.1,0.037,24.0,100.43,5.3792,-33.41321,-0.81303,0.00026,-0.34245
9952.16,SYN.BTC-2AUG19,1564657147003,open,0.3,0.0,0.281,0.333,0.30623334,0.0,None,0.0,BTC-2AUG19-13000-P,9950.3,0.0,0.01,10.0,0.0,0.0,0.0,0.0,0.0,-0.31189,0.0,-1.0
213.26,SYN.ETH-9AUG19,1564657147005,open,0.05,59.0,0.017,0.085,0.051458,101.17,0.056,0.0,ETH-9AUG19-210-P,213.04,95.18,0.048,471.0,0.055,150.0,107.31,0.12301,-0.79009,-0.02213,0.01239,-0.42941
10239.34,BTC-27DEC19,1564657147010,open,0.14,251.9,0.0775,0.1825,0.13244537,94.8,0.133,0.0,BTC-27DEC19-14000-C,9950.3,93.0,0.128,13.6,0.135,3.6,95.82,25.39695,-8.14035,11.68813,6e-05,0.4142
10239.34,BTC-27DEC19,1564657147010,open,0.0,98.9,0.0005,0.011,0.00124858,113.56,0.001,0.0,BTC-27DEC19-2000-P,9950.3,101.44,0.0005,3.0,0.003,10.0,129.2,0.83849,-0.32195,-0.23376,0.0,-0.00439
10239.34,BTC-27DEC19,1564657147022,open,0.24,605.6,0.1825,0.2875,0.2393371,91.93,0.252,0.0,BTC-27DEC19-10000-C,9950.3,90.13,0.235,10.2,0.2425,8.6,93.25,24.59826,-7.64636,16.22408,6e-05,0.63043
10071.27,BTC-27SEP19,1564657147022,open,0.58,9.2,0.57,0.591,0.57973491,104.35,0.574,0.0,BTC-27SEP19-4250-C,9950.3,0.0,0.005,0.1,0.672,5.0,298.78,1.12475,-1.03176,6.42735,1e-05,0.98929
9952.16,SYN.BTC-2AUG19,1564657147024,open,0.0,1078.6,0.0005,0.012,0.00132996,127.17,0.002,0.0,BTC-2AUG19-9000-P,9950.3,120.12,0.001,10.3,0.0015,30.1,130.43,0.50212,-13.23594,-0.01224,0.00017,-0.04992
10071.27,BTC-27SEP19,1564657147031,open,0.0,124.2,0.0005,0.011,0.00127527,113.31,0.004,0.0,BTC-27SEP19-3750-P,9950.3,100.69,0.0005,11.0,0.0015,24.0,115.91,0.82341,-0.82023,-0.13773,0.0,-0.0075
10011.72,SYN.BTC-30AUG19,1564657147031,open,0.17,30.5,0.126,0.2095,0.16945277,96.61,0.1655,0.0,BTC-30AUG19-11000-P,9950.3,0.0,0.0585,0.1,0.0,0.0,0.0,10.98776,-18.38071,-5.96285,0.00014,-0.58339
10011.72,SYN.BTC-30AUG19,1564657147031,open,0.16,27.2,0.124,0.1925,0.16047032,96.2,0.136,0.0,BTC-30AUG19-9000-C,9950.3,93.15,0.1575,14.4,0.1635,19.4,99.3,9.76723,-16.27022,4.28595,0.00013,0.7016
10239.34,BTC-27DEC19,1564657147033,open,0.66,7.1,0.591,0.733,0.66355183,96.03,0.491,0.0,BTC-27DEC19-16000-P,9950.3,0.0,0.0045,5.0,1.4245,0.2,500.0,23.7589,-7.7143,-55.0904,6e-05,-0.66445
10239.34,BTC-27DEC19,1564657147033,open,0.66,4.0,0.6525,0.6745,0.66269721,92.62,0.64,0.0,BTC-27DEC19-3500-C,9950.3,0.0,0.0075,0.2,0.78,1.0,256.04,2.77396,-0.86876,13.27941,1e-05,0.98281
10071.27,BTC-27SEP19,1564657147033,open,0.0,492.7,0.0005,0.0105,7.822e-05,135.01,0.0005,0.0,BTC-27SEP19-2000-P,9950.3,0.0,0.0,0.0,0.0025,15.0,200.37,0.06855,-0.08136,-0.00882,0.0,-0.00048
10239.34,BTC-27DEC19,1564657147035,open,0.81,0.0,0.796,0.8155,0.80592311,113.55,None,0.0,BTC-27DEC19-2000-C,9950.3,0.0,0.0145,3.0,0.977,0.5,500.0,0.83832,-0.32187,7.86908,0.0,0.99561
10071.27,BTC-27SEP19,1564657147052,open,0.09,206.9,0.053,0.128,0.0916509,93.43,0.096,0.0,BTC-27SEP19-9000-P,9950.3,90.82,0.088,19.3,0.093,19.3,94.4,14.07069,-11.55715,-6.33941,0.0001,-0.3123
10239.34,BTC-27DEC19,1564657147055,open,1.2,3.9,1.1265,1.2725,1.19749933,99.12,0.752,0.0,BTC-27DEC19-22000-P,9950.3,0.0,0.1,1.0,1.9885,0.3,500.0,17.39204,-5.82889,-83.48902,4e-05,-0.81508
10071.27,BTC-27SEP19,1564657147060,open,0.04,417.3,0.012,0.0655,0.03635461,97.68,0.0415,0.0,BTC-27SEP19-15000-C,9950.3,95.99,0.0345,2.0,0.0375,19.4,98.71,11.14174,-9.56727,2.57361,7e-05,0.20035
10071.27,BTC-27SEP19,1564657147060,open,0.01,463.8,0.0005,0.016,0.0051702,100.05,0.0065,0.0,BTC-27SEP19-22000-C,9950.3,96.12,0.004,24.0,0.0065,39.0,103.88,3.2475,-2.85628,0.50671,2e-05,0.03746
10239.34,BTC-27DEC19,1564657147060,open,0.16,302.1,0.108,0.209,0.16078551,91.93,0.1585,0.0,BTC-27DEC19-9000-P,9950.3,90.01,0.1565,4.9,0.163,9.9,92.93,22.79427,-7.08546,-19.27917,6e-05,-0.30396
10071.27,BTC-27SEP19,1564657147066,open,0.99,0.0,0.949,1.0465,0.99474949,99.52,None,0.0,BTC-27SEP19-20000-P,9950.3,0.0,0.0045,10.0,1.544,0.2,500.0,4.77114,-4.17403,-30.35389,3e-05,-0.93943
10071.27,BTC-27SEP19,1564657147066,open,1.58,0.0,1.5315,1.641,1.58354109,101.76,None,0.0,BTC-27SEP19-26000-P,9950.3,0.0,0.0,0.0,0.0,0.0,0.0,1.53779,-1.37561,-40.30337,1e-05,-0.98463
10239.34,BTC-27DEC19,1564657147072,open,0.03,156.3,0.009,0.0645,0.03224427,100.86,0.0345,0.0,BTC-27DEC19-26000-C,9950.3,99.16,0.03,6.0,0.0335,6.0,101.79,13.72306,-4.68004,4.01906,3e-05,0.12913
10239.34,BTC-27DEC19,1564657147078,open,3.3,0.0,3.214,3.406,3.30495978,107.04,3.46,0.0,BTC-27DEC19-44000-P,9950.3,0.0,0.0,0.0,0.0,0.0,0.0,5.1533,-1.86518,-177.09173,1e-05,-0.964
10071.27,BTC-27SEP19,1564657147112,open,0.51,790.2,0.4945,0.5215,0.50728303,98.03,0.498,0.0,BTC-27SEP19-5000-C,9950.3,0.0,0.051,1.0,0.633,5.0,299.22,2.13308,-1.8382,7.37803,1e-05,0.97742
10239.35,BTC-27DEC19,1564657147130,open,0.07,237.5,0.039,0.108,0.07342718,91.93,0.07,0.0,BTC-27DEC19-7000-P,9950.3,89.2,0.069,4.9,0.0735,4.9,91.98,16.67541,-5.18349,-10.22099,4e-05,-0.17296
10239.35,BTC-27DEC19,1564657147130,open,0.01,201.3,0.0005,0.0235,0.00784945,107.13,0.007,0.0,BTC-27DEC19-44000-C,9950.3,104.29,0.0065,6.0,0.009,10.0,109.31,5.17106,-1.87305,1.17394,1e-05,0.03615
10239.35,BTC-27DEC19,1564657147130,open,0.0,376.4,0.0005,0.012,0.00223302,93.53,0.004,0.0,BTC-27DEC19-3000-P,9950.3,88.25,0.0015,16.0,0.0035,16.0,100.5,1.60613,-0.50793,-0.47191,0.0,-0.00914
10071.27,BTC-27SEP19,1564657147130,open,0.0,49.2,0.0005,0.011,0.00111127,126.35,0.0015,0.0,BTC-27SEP19-3250-P,9950.3,114.5,0.0005,0.1,0.003,15.0,146.21,0.66756,-0.74148,-0.11028,0.0,-0.00592
10071.27,BTC-27SEP19,1564657147130,open,0.28,73.0,0.224,0.325,0.27639972,95.3,0.28,0.0,BTC-27SEP19-12000-P,9950.3,91.06,0.27,0.1,0.303,5.0,112.62,15.26049,-12.78512,-13.90076,0.0001,-0.60937
9952.16,SYN.BTC-2AUG19,1564657147130,open,0.0,258.6,0.0005,0.0105,5.004e-05,135.02,0.0005,0.0,BTC-2AUG19-12000-C,9950.3,0.0,0.0,0.0,0.0005,40.0,175.88,0.03899,-0.49798,0.00061,1e-05,0.00258
10239.35,BTC-27DEC19,1564657147132,open,1.38,0.0,1.3125,1.461,1.38399996,100.42,None,0.0,BTC-27DEC19-24000-P,9950.3,0.0,0.0065,1.0,2.1775,0.2,500.0,15.5649,-5.28514,-92.44511,4e-05,-0.84447
10239.35,BTC-27DEC19,1564657147132,open,4.07,1.0,3.9795,4.1965,4.08302752,108.32,4.454,0.0,BTC-27DEC19-52000-P,9950.3,0.0,0.001,1.0,0.0,0.0,0.0,3.43373,-1.25761,-209.94546,1e-05,-0.9779
10011.72,SYN.BTC-30AUG19,1564657147132,open,0.03,150.8,0.0085,0.0525,0.02828353,97.46,0.028,0.0,BTC-30AUG19-13000-C,9950.3,95.22,0.0265,29.3,0.029,19.3,98.35,8.05455,-13.59302,1.41807,0.0001,0.20732
9952.16,SYN.BTC-2AUG19,1564657147132,open,0.0,270.4,0.0005,0.0105,0.00017371,135.0,0.001,0.0,BTC-2AUG19-8500-P,9950.3,0.0,0.0,0.0,0.001,2.3,174.36,0.10446,-1.72883,-0.0019,3e-05,-0.0078
10071.27,BTC-27SEP19,1564657147134,open,0.65,261.1,0.644,0.6635,0.65359116,118.54,0.714,0.0,BTC-27SEP19-3500-C,9950.3,0.0,0.161,1.0,0.716,10.0,299.26,0.70984,-0.73975,5.33684,0.0,0.99366
10239.35,BTC-27DEC19,1564657147134,open,0.42,63.0,0.3855,0.4555,0.42215252,91.94,0.4965,0.0,BTC-27DEC19-6500-C,9950.3,0.0,0.355,1.0,0.956,2.0,500.0,14.68124,-4.56381,18.05983,4e-05,0.8575
10071.27,BTC-27SEP19,1564657147134,open,0.56,289.7,0.5445,0.5675,0.55540883,101.86,0.588,0.0,BTC-27SEP19-4500-C,9950.3,0.0,0.002,1.1,0.659,5.0,299.6,1.39594,-1.24998,6.76155,1e-05,0.98626
10011.72,SYN.BTC-30AUG19,1564657147136,open,0.7,0.0,0.6655,0.744,0.70243174,100.85,None,0.0,BTC-30AUG19-17000-P,9950.3,0.0,0.0,0.0,0.0,0.0,0.0,2.53886,-4.43364,-13.14899,3e-05,-0.95771
10239.35,BTC-27DEC19,1564657147159,open,0.03,91.2,0.012,0.053,0.03083768,91.93,0.0285,0.0,BTC-27DEC19-5500-P,9950.3,89.09,0.028,6.0,0.031,11.0,92.09,10.38711,-3.22881,-4.91996,3e-05,-0.08776
10011.72,SYN.BTC-30AUG19,1564657147159,open,0.03,388.8,0.0095,0.05,0.02786133,96.76,0.0285,0.0,BTC-30AUG19-8000-P,9950.3,94.82,0.0265,0.5,0.029,19.3,98.36,7.08416,-11.86903,-1.55487,9e-05,-0.16845
9952.16,SYN.BTC-2AUG19,1564657147159,open,0.0,145.2,0.0005,0.0105,0.0,135.02,0.0005,0.0,BTC-2AUG19-14000-C,9950.3,0.0,0.0,0.0,0.0005,40.0,293.45,0.0,-2e-05,0.0,0.0,0.0
9952.16,SYN.BTC-2AUG19,1564657147159,open,0.25,0.0,0.2315,0.2825,0.25599851,0.0,None,0.0,BTC-2AUG19-12500-P,9950.3,0.0,0.01,10.0,0.0,0.0,0.0,0.0,0.0,-0.2999,0.0,-1.0
9952.16,SYN.BTC-2AUG19,1564657147179,open,0.15,37.6,0.129,0.1645,0.14609837,135.97,0.12,0.0,BTC-2AUG19-8500-C,9950.3,0.0,0.145,0.6,0.1485,0.6,210.13,0.10877,-7.3948,0.20194,3e-05,0.99184
213.26,SYN.ETH-9AUG19,1564657147188,open,0.08,29.0,0.037,0.115,0.077857,102.15,0.071,0.0,ETH-9AUG19-220-P,213.04,92.04,0.072,150.0,0.081,150.0,107.55,0.12388,-0.80335,-0.02901,0.01236,-0.55268
9967.05,SYN.BTC-9AUG19,1564657147192,open,0.01,368.5,0.0005,0.024,0.0081199,100.73,0.007,0.0,BTC-9AUG19-12000-C,9950.3,94.91,0.0065,40.0,0.0095,32.0,105.3,2.90957,-18.60612,0.23822,0.00013,0.11889
10011.72,SYN.BTC-30AUG19,1564657147192,open,0.01,869.7,0.0005,0.0235,0.01037748,97.78,0.01,0.0,BTC-30AUG19-7000-P,9950.3,95.54,0.0095,24.0,0.0115,24.0,100.53,3.99136,-6.75805,-0.67724,5e-05,-0.07513
9952.16,SYN.BTC-2AUG19,1564657147272,open,0.01,245.4,0.0005,0.0205,0.00420314,106.22,0.004,0.0,BTC-2AUG19-10500-C,9950.3,104.48,0.004,12.8,0.0045,1.0,108.7,1.17488,-41.83029,0.03665,0.00047,0.1577
9952.16,SYN.BTC-2AUG19,1564657147293,open,0.01,245.4,0.0005,0.0205,0.00420314,106.22,0.004,0.0,BTC-2AUG19-10500-C,9950.3,104.48,0.004,12.8,0.0045,1.1,108.7,1.17488,-41.83029,0.03665,0.00047,0.1577
9967.05,SYN.BTC-9AUG19,1564657147311,open,0.2,0.0,0.1815,0.222,0.20109249,99.16,None,0.0,BTC-9AUG19-8000-C,9950.3,0.0,0.0,0.0,0.0,0.0,0.0,1.67086,-10.51882,1.59596,8e-05,0.94319
213.26,SYN.ETH-9AUG19,1564657147368,open,0.11,3.0,0.065,0.149,0.109228,102.37,0.099,0.0,ETH-9AUG19-230-P,213.04,90.54,0.103,150.0,0.113,150.0,109.37,0.11406,-0.7413,-0.03565,0.01135,-0.66547
213.26,SYN.ETH-9AUG19,1564657147449,open,0.02,49.0,0.002,0.043,0.019592,102.28,0.024,0.0,ETH-9AUG19-240-C,213.04,94.18,0.016,458.0,0.021,10.0,105.35,0.09705,-0.63015,0.01007,0.00967,0.23848
213.26,SYN.ETH-9AUG19,1564657147541,open,0.14,11.0,0.101,0.187,0.145046,102.4,0.123,0.0,ETH-9AUG19-240-P,213.04,0.0,0.0,0.0,0.0,0.0,0.0,0.09711,-0.6313,-0.0417,0.00966,-0.76122
9952.16,SYN.BTC-2AUG19,1564657147663,open,0.06,35.4,0.0345,0.086,0.05924838,106.11,0.0615,0.0,BTC-2AUG19-10500-P,9950.3,84.45,0.057,0.6,0.06,6.0,112.39,1.1736,-62.2644,-0.21532,0.00047,-0.84256
9952.16,SYN.BTC-2AUG19,1564657147681,open,0.06,35.4,0.0345,0.086,0.05924838,106.11,0.0615,0.0,BTC-2AUG19-10500-P,9950.3,84.45,0.057,0.6,0.06,6.1,112.39,1.1736,-62.2644,-0.21532,0.00047,-0.84256
213.26,SYN.ETH-9AUG19,1564657147719,open,0.18,0.0,0.142,0.227,0.184484,102.54,None,0.0,ETH-9AUG19-250-P,213.04,0.0,0.0,0.0,0.0,0.0,0.0,0.07731,-0.50327,-0.04698,0.00768,-0.83647
213.26,SYN.ETH-9AUG19,1564657147886,open,0.22,0.0,0.185,0.27,0.226738,103.44,None,0.0,ETH-9AUG19-260-P,213.04,0.0,0.0,0.0,0.0,0.0,0.0,0.05877,-0.38598,-0.0514,0.00579,-0.89033
213.26,SYN.ETH-9AUG19,1564657147967,open,0.01,818.0,0.001,0.017,0.004605,104.32,0.004,0.0,ETH-9AUG19-270-C,213.04,88.43,0.002,550.0,0.006,250.0,110.8,0.04286,-0.28388,0.00309,0.00419,0.07174
9967.05,SYN.BTC-9AUG19,1564657148033,open,0.04,105.0,0.0105,0.0635,0.03662029,99.13,0.0375,0.0,BTC-9AUG19-10500-C,9950.3,95.35,0.0345,1.0,0.0385,25.0,102.46,5.60848,-35.29565,0.75535,0.00026,0.38785
213.26,SYN.ETH-9AUG19,1564657148062,open,0.27,0.0,0.23,0.314,0.27074,104.62,None,0.0,ETH-9AUG19-270-P,213.04,0.0,0.0,0.0,0.0,0.0,0.0,0.04315,-0.28658,-0.05514,0.0042,-0.92763
213.26,SYN.ETH-9AUG19,1564657148237,open,0.31,0.0,0.275,0.36,0.315818,105.75,None,0.0,ETH-9AUG19-280-P,213.04,0.0,0.0,0.0,0.0,0.0,0.0,0.03072,-0.20621,-0.05839,0.00296,-0.95306
213.26,SYN.ETH-9AUG19,1564657148322,open,0.0,12.0,0.001,0.012,0.002127,110.55,0.003,0.0,ETH-9AUG19-290-C,213.04,98.25,0.001,1.0,0.003,250.0,117.46,0.02422,-0.16998,0.00151,0.00223,0.03502
213.26,SYN.ETH-9AUG19,1564657148413,open,0.36,0.0,0.321,0.407,0.36205,111.11,None,0.0,ETH-9AUG19-290-P,213.04,0.0,0.0,0.0,0.0,0.0,0.0,0.02465,-0.17391,-0.06103,0.00226,-0.96421
9967.05,SYN.BTC-9AUG19,1564657148437,open,0.01,67.5,0.0005,0.025,0.00920029,98.69,0.0095,0.0,BTC-9AUG19-8500-P,9950.3,92.7,0.0075,40.0,0.0105,30.0,102.98,2.94308,-18.43909,-0.27965,0.00014,-0.12083
213.26,SYN.ETH-9AUG19,1564657148538,open,0.3,0.0,0.275,0.319,0.297169,106.22,None,0.0,ETH-9AUG19-150-C,213.04,0.0,0.0,0.0,0.0,0.0,0.0,0.00822,-0.05541,0.03189,0.00079,0.99018
9967.05,SYN.BTC-9AUG19,1564657148881,open,0.12,5.2,0.0865,0.1435,0.11619191,97.88,0.1235,0.0,BTC-9AUG19-9000-C,9950.3,89.11,0.1125,6.0,0.12,6.0,106.52,4.30294,-26.73751,1.43366,0.00021,0.78282
213.26,SYN.ETH-9AUG19,1564657149003,open,0.25,0.0,0.227,0.275,0.251463,106.19,None,0.0,ETH-9AUG19-160-C,213.04,0.0,0.005,5.0,0.0,0.0,0.0,0.01979,-0.13339,0.03318,0.0019,0.97257
213.26,SYN.ETH-9AUG19,1564657149102,open,0.0,51.0,0.001,0.011,0.00173,106.19,0.003,0.0,ETH-9AUG19-160-P,213.04,0.0,0.0,0.0,0.003,252.0,117.74,0.01979,-0.13339,-0.00134,0.0019,-0.02743
213.26,SYN.ETH-9AUG19,1564657149155,open,0.0,8.0,0.001,0.011,0.001673,115.73,0.002,0.0,ETH-9AUG19-300-C,213.04,0.0,0.0,0.0,0.003,556.0,127.59,0.01969,-0.14466,0.00118,0.00173,0.02727
213.26,SYN.ETH-9AUG19,1564657149164,open,0.35,0.0,0.324,0.364,0.344066,124.82,None,0.0,ETH-9AUG19-140-C,213.04,0.0,0.0,0.0,0.0,0.0,0.0,0.00724,-0.05734,0.02979,0.00059,0.99151
213.26,SYN.ETH-9AUG19,1564657149288,open,0.0,238.0,0.001,0.015,0.004214,104.44,0.004,0.0,ETH-9AUG19-170-P,213.04,89.34,0.002,550.0,0.006,250.0,113.76,0.03734,-0.24756,-0.00296,0.00364,-0.06004
213.26,SYN.ETH-9AUG19,1564657149314,open,0.4,0.0,0.366,0.455,0.408424,115.73,None,0.0,ETH-9AUG19-300-P,213.04,0.0,0.0,0.0,0.0,0.0,0.0,0.01969,-0.14466,-0.06355,0.00173,-0.97273
213.26,SYN.ETH-9AUG19,1564657149373,open,0.17,0.0,0.133,0.194,0.165088,103.0,None,0.0,ETH-9AUG19-180-C,213.04,0.0,0.0,0.0,0.0,0.0,0.0,0.0611,-0.39957,0.03309,0.00605,0.8842
10239.37,BTC-27DEC19,1564657149426,open,0.36,93.7,0.3145,0.3985,0.35966393,91.93,0.324,0.0,BTC-27DEC19-7500-C,9950.31,0.0,0.211,0.1,0.391,2.5,109.03,18.50636,-5.75267,18.06805,5e-05,0.79521
10071.22,BTC-27SEP19,1564657149426,open,0.0,586.8,0.0005,0.0105,0.00082548,129.79,0.0005,0.0,BTC-27SEP19-3000-P,9950.31,0.0,0.0,0.0,0.003,15.0,155.95,0.51262,-0.5849,-0.08196,0.0,-0.0044
10071.22,BTC-27SEP19,1564657149426,open,0.26,899.9,0.222,0.291,0.2584622,93.44,0.2375,0.0,BTC-27SEP19-8000-C,9950.31,55.06,0.22,0.1,0.3165,5.0,141.74,11.43706,-9.39464,8.35167,8e-05,0.79064
10239.37,BTC-27DEC19,1564657149426,open,0.01,922.5,0.0005,0.016,0.00462469,108.45,0.004,0.0,BTC-27DEC19-52000-C,9950.31,104.79,0.0035,16.0,0.006,16.0,112.17,3.45658,-1.26752,0.73215,1e-05,0.02227
10239.37,BTC-27DEC19,1564657149426,open,0.04,269.4,0.0125,0.0755,0.04012013,100.44,0.039,0.0,BTC-27DEC19-24000-C,9950.31,98.35,0.037,6.0,0.041,6.0,101.01,15.56818,-5.28691,4.78948,4e-05,0.15557
10239.37,BTC-27DEC19,1564657149426,open,0.76,0.0,0.7475,0.767,0.75731866,100.59,None,0.0,BTC-27DEC19-2500-C,9950.31,0.0,0.0145,3.0,0.974,0.5,500.0,1.08015,-0.36737,9.82549,0.0,0.99417
10071.22,BTC-27SEP19,1564657149426,open,0.75,55.9,0.7425,0.762,0.75208045,132.99,0.689,0.0,BTC-27SEP19-2500-C,9950.31,0.0,0.0045,10.0,0.8935,5.0,500.0,0.22541,-0.26354,3.86293,0.0,0.99823
10071.22,BTC-27SEP19,1564657149426,open,0.0,405.8,0.0005,0.0105,0.00031131,132.93,0.0005,0.0,BTC-27SEP19-2500-P,9950.31,0.0,0.0,0.0,0.001,25.0,152.23,0.22476,-0.26267,-0.03255,0.0,-0.00176
10071.22,BTC-27SEP19,1564657149426,open,0.8,1.0,0.7565,0.854,0.80302036,99.23,1.5815,0.0,BTC-27SEP19-18000-P,9950.31,0.0,0.0045,0.3,1.3645,0.3,500.0,6.93129,-6.04622,-26.74018,4e-05,-0.9009
10239.38,BTC-27DEC19,1564657149426,open,0.5,16.0,0.428,0.566,0.49972102,94.8,0.5865,0.0,BTC-27DEC19-14000-P,9950.31,0.0,0.0065,3.0,0.533,5.0,108.08,25.39717,-8.14057,-45.03115,6e-05,-0.58579
10071.22,BTC-27SEP19,1564657149426,open,1.78,0.0,1.726,1.8425,1.78172694,105.17,None,0.0,BTC-27SEP19-28000-P,9950.31,0.0,0.0,0.0,0.0,0.0,0.0,1.24658,-1.15255,-43.46547,1e-05,-0.98795
10239.38,BTC-27DEC19,1564657149426,open,0.11,402.2,0.0685,0.155,0.11299146,91.94,0.1095,0.0,BTC-27DEC19-8000-P,9950.31,89.65,0.1085,4.9,0.114,4.9,92.45,20.14555,-6.26231,-14.54002,5e-05,-0.23751
10071.22,BTC-27SEP19,1564657149426,open,0.03,406.3,0.009,0.047,0.02610057,93.54,0.027,0.0,BTC-27SEP19-7000-P,9950.31,92.15,0.025,13.0,0.027,24.0,94.67,8.00155,-6.5801,-2.30924,5e-05,-0.12105
10071.22,BTC-27SEP19,1564657149426,open,0.0,370.8,0.0005,0.012,0.00221754,101.81,0.002,0.0,BTC-27SEP19-4500-P,9950.31,95.97,0.0015,17.0,0.003,24.0,106.94,1.39326,-1.24697,-0.24994,1e-05,-0.01371
10239.38,BTC-27DEC19,1564657149426,open,0.04,280.6,0.019,0.069,0.04275484,91.94,0.044,0.0,BTC-27DEC19-6000-P,9950.31,89.25,0.0395,6.0,0.043,11.0,92.13,12.56548,-3.90601,-6.49929,3e-05,-0.11392
10239.38,BTC-27DEC19,1564657149426,open,0.28,247.0,0.2155,0.3385,0.28043314,93.07,0.288,0.0,BTC-27DEC19-11000-P,9950.31,91.5,0.2765,3.6,0.2845,3.6,94.7,25.60451,-8.05769,-29.48969,6e-05,-0.43044
10239.38,BTC-27DEC19,1564657149426,open,0.53,63.4,0.5105,0.5555,0.53285627,91.93,0.5,0.0,BTC-27DEC19-5000-C,9950.31,0.0,0.33,1.0,0.555,1.0,115.79,8.22055,-2.55531,16.70053,2e-05,0.93544
10071.22,BTC-27SEP19,1564657149426,open,0.11,509.7,0.07,0.152,0.11339883,94.8,0.1125,0.0,BTC-27SEP19-11000-C,9950.31,92.0,0.109,11.7,0.115,14.4,95.82,15.84148,-13.20221,5.7628,0.00011,0.48061
10239.38,BTC-27DEC19,1564657149426,open,0.22,446.7,0.1565,0.269,0.21596342,91.94,0.216,0.0,BTC-27DEC19-10000-P,9950.31,90.7,0.213,4.9,0.2205,9.9,93.83,24.59827,-7.64648,-24.28978,6e-05,-0.36956
10011.7,SYN.BTC-30AUG19,1564657149426,open,0.11,153.2,0.068,0.1435,0.10696272,96.19,0.105,0.0,BTC-30AUG19-10000-P,9950.31,94.88,0.1055,1.5,0.109,14.4,98.03,11.12515,-18.53041,-4.36771,0.00015,-0.44449
9952.16,SYN.BTC-2AUG19,1564657149426,open,0.1,46.2,0.0775,0.119,0.09700445,127.18,0.095,0.0,BTC-2AUG19-9000-C,9950.31,0.0,0.0955,6.6,0.0995,0.6,163.76,0.50225,-31.93867,0.20368,0.00017,0.95006
10239.38,BTC-27DEC19,1564657149427,open,0.21,695.6,0.1475,0.256,0.20614515,93.07,0.211,0.0,BTC-27DEC19-11000-C,9950.31,92.21,0.204,4.9,0.2085,3.6,94.01,25.60454,-8.05756,15.07564,6e-05,0.56956
10239.38,BTC-27DEC19,1564657149427,open,0.0,173.8,0.0005,0.0105,0.00049712,119.21,0.001,0.0,BTC-27DEC19-1500-P,9950.31,0.0,0.0,0.0,0.001,17.0,129.74,0.37598,-0.15155,-0.0954,0.0,-0.0018
10239.38,BTC-27DEC19,1564657149427,open,0.01,240.5,0.0005,0.019,0.00587962,107.58,0.006,0.0,BTC-27DEC19-48000-C,9950.31,103.88,0.0045,16.0,0.0075,16.0,111.25,4.16483,-1.51495,0.9101,1e-05,0.02782
10239.38,BTC-27DEC19,1564657149427,open,0.71,0.0,0.6995,0.719,0.7092455,93.52,None,0.0,BTC-27DEC19-3000-C,9950.31,0.0,0.0055,0.1,0.971,0.5,500.0,1.60566,-0.50775,11.68243,0.0,0.99086
10071.22,BTC-27SEP19,1564657149427,open,0.0,142.4,0.0005,0.0115,0.00198096,102.02,0.003,0.0,BTC-27SEP19-26000-C,9950.31,94.12,0.001,59.0,0.003,39.0,107.69,1.56004,-1.39916,0.21426,1e-05,0.01563
10239.38,BTC-27DEC19,1564657149427,open,1.01,5.7,0.9435,1.088,1.01466373,98.17,1.085,0.0,BTC-27DEC19-20000-P,9950.31,0.0,0.1,1.0,1.466,1.0,287.4,19.49421,-6.47101,-74.28589,5e-05,-0.77606
10239.38,BTC-27DEC19,1564657149427,open,0.5,60.3,0.4665,0.52,0.49369489,91.93,0.46,0.0,BTC-27DEC19-5500-C,9950.31,0.0,0.255,1.0,0.51,1.0,106.89,10.38701,-3.22876,17.36277,3e-05,0.91224
9967.05,SYN.BTC-9AUG19,1564657149426,open,0.0,161.8,0.0005,0.012,0.00228752,110.77,0.002,0.0,BTC-9AUG19-13500-C,9950.31,103.32,0.0015,100.0,0.003,30.0,116.26,1.19096,-8.37534,0.07523,5e-05,0.03727
10071.22,BTC-27SEP19,1564657149428,open,1.98,0.0,1.9205,2.0435,1.97979261,105.97,None,0.0,BTC-27SEP19-30000-P,9950.31,0.0,0.0,0.0,0.0,0.0,0.0,0.89013,-0.82926,-46.63434,1e-05,-0.9918
10071.22,BTC-27SEP19,1564657149428,open,0.44,61.0,0.387,0.489,0.43827219,96.97,0.4995,0.0,BTC-27SEP19-14000-P,9950.31,0.0,0.0045,10.0,0.478,5.0,126.1,12.67969,-10.80943,-18.62079,8e-05,-0.74827
10239.38,BTC-27DEC19,1564657149428,open,0.03,95.5,0.0065,0.056,0.02663527,101.68,0.025,0.0,BTC-27DEC19-28000-C,9950.31,99.84,0.0245,6.0,0.028,6.0,102.81,12.19049,-4.19091,3.42483,3e-05,0.10919
10071.22,BTC-27SEP19,1564657149428,open,0.7,225.7,0.693,0.7125,0.70294845,129.82,0.693,0.0,BTC-27SEP19-3000-C,9950.31,0.0,0.0045,20.0,0.8805,5.0,500.0,0.51325,-0.58576,4.59263,0.0,0.9956
10071.22,BTC-27SEP19,1564657149428,open,0.0,566.2,0.0005,0.0135,0.00373742,97.99,0.006,0.0,BTC-27SEP19-5000-P,9950.31,94.28,0.003,39.0,0.005,29.0,103.46,2.13065,-1.83544,-0.41256,1e-05,-0.02255
10071.22,BTC-27SEP19,1564657149428,open,0.0,1060.6,0.0005,0.0115,0.00172088,104.29,0.0025,0.0,BTC-27SEP19-4250-P,9950.31,96.64,0.001,20.0,0.0025,24.0,110.47,1.12203,-1.02868,-0.19459,1e-05,-0.01068
10239.38,BTC-27DEC19,1564657149429,open,0.46,122.9,0.425,0.4865,0.45677957,91.93,0.502,0.0,BTC-27DEC19-6000-C,9950.31,69.61,0.4325,4.0,0.88,0.2,443.01,12.56529,-3.90587,17.80923,3e-05,0.88609
10239.38,BTC-27DEC19,1564657149429,open,0.18,166.1,0.1185,0.2275,0.17704425,93.6,0.1925,0.0,BTC-27DEC19-12000-C,9950.31,91.61,0.172,13.6,0.1795,3.6,94.56,25.98781,-8.22436,13.91933,7e-05,0.51258
10239.38,BTC-27DEC19,1564657149428,open,0.58,6.5,0.5565,0.593,0.57416755,91.93,0.575,0.0,BTC-27DEC19-4500-C,9950.31,0.0,0.012,0.1,0.964,1.0,500.0,6.15443,-1.91306,15.80706,2e-05,0.95521
10239.38,BTC-27DEC19,1564657149428,open,0.16,163.0,0.096,0.204,0.15311922,94.32,0.1545,0.0,BTC-27DEC19-13000-C,9950.31,92.3,0.148,13.6,0.1555,3.6,95.26,25.87765,-8.25301,12.78017,6e-05,0.4612
10239.38,BTC-27DEC19,1564657149428,open,0.85,0.1,0.8445,0.864,0.85400331,119.2,0.84,0.0,BTC-27DEC19-1500-C,9950.31,0.0,0.0195,10.0,0.981,0.5,500.0,0.37568,-0.15141,5.98177,0.0,0.9982
