underlying_price,underlying_index,timestamp,state,settlement_price,open_interest,min_price,max_price,mark_price,mark_iv,last_price,interest_rate,instrument_name,index_price,bid_iv,best_bid_price,best_bid_amount,best_ask_price,best_ask_amount,ask_iv,vega,theta,rho,gamma,delta
7949.87,SYN.BTC-1NOV19,1571482741380,open,0.16,0.1,0.1355,0.178,0.15674422,68.8,0.1405,0.0,BTC-1NOV19-6750-C,7940.39,0.0,0.1375,5.0,0.1755,5.0,112.83,2.45733,-6.5654,2.10783,0.00016,0.90836
7949.87,SYN.BTC-1NOV19,1571482741380,open,0.06,3.8,0.0335,0.0815,0.05648842,57.81,0.06,0.0,BTC-1NOV19-7750-C,7940.39,51.54,0.052,24.0,0.058,18.0,59.91,5.71343,-12.82566,1.56245,0.00044,0.61363
7949.87,SYN.BTC-1NOV19,1571482741380,open,0.04,29.0,0.0195,0.0645,0.0397441,57.0,0.04,0.0,BTC-1NOV19-8000-C,7940.39,53.34,0.037,1.0,0.041,18.0,58.68,5.95666,-13.18482,1.28493,0.00047,0.49793
7949.87,SYN.BTC-1NOV19,1571482741380,open,0.19,0.2,0.167,0.2075,0.18688278,75.56,0.1875,0.0,BTC-1NOV19-6500-C,7940.39,0.0,0.1685,5.0,0.203,5.0,119.97,1.96381,-5.76246,2.08918,0.00012,0.93185
7949.87,SYN.BTC-1NOV19,1571482741380,open,0.01,34.3,0.0005,0.022,0.00885836,65.17,0.009,0.0,BTC-1NOV19-7000-P,7940.39,63.03,0.008,13.0,0.01,30.0,67.9,3.24997,-8.22462,-0.40482,0.00022,-0.13549
7949.87,SYN.BTC-1NOV19,1571482741380,open,0.01,6.2,0.0005,0.0165,0.0058166,68.81,0.006,0.0,BTC-1NOV19-6750-P,7940.39,64.31,0.0045,44.0,0.007,30.1,72.48,2.45764,-6.56674,-0.27334,0.00016,-0.09165
7949.87,SYN.BTC-1NOV19,1571482741380,open,0.0,0.2,0.0005,0.0145,0.00450803,75.57,0.0045,0.0,BTC-1NOV19-6500-P,7940.39,73.45,0.004,100.0,0.005,0.1,77.51,1.96415,-5.76395,-0.2038,0.00012,-0.06816
7949.87,SYN.BTC-1NOV19,1571482741380,open,0.07,0.2,0.0405,0.0935,0.06526733,57.44,0.07,0.0,BTC-1NOV19-8250-P,7940.39,52.87,0.062,5.0,0.0675,18.0,60.54,5.71223,-12.74228,-1.90468,0.00045,-0.61391
7949.87,SYN.BTC-1NOV19,1571482741380,open,0.05,9.5,0.0245,0.073,0.0460521,57.0,0.0465,0.0,BTC-1NOV19-8000-P,7940.39,52.93,0.043,7.0,0.0485,18.0,60.27,5.95666,-13.18545,-1.53714,0.00047,-0.50207
7949.87,SYN.BTC-1NOV19,1571482741380,open,0.13,0.2,0.1055,0.1505,0.12833885,65.16,0.1255,0.0,BTC-1NOV19-7000-C,7940.39,54.79,0.1245,6.0,0.1295,6.0,67.94,3.24975,-8.22351,2.06454,0.00022,0.86452
7949.87,SYN.BTC-1NOV19,1571482741380,open,0.01,19.1,0.003,0.029,0.01325221,61.41,0.012,0.0,BTC-1NOV19-7250-P,7940.39,58.97,0.012,10.9,0.0145,24.1,63.79,4.12729,-9.8428,-0.58634,0.0003,-0.19583
7949.87,SYN.BTC-1NOV19,1571482741380,open,0.1,0.0,0.077,0.124,0.10128559,61.41,None,0.0,BTC-1NOV19-7250-C,7940.39,53.78,0.0975,6.0,0.1025,6.0,63.72,4.12715,-9.84189,1.9712,0.0003,0.80419
7949.87,SYN.BTC-1NOV19,1571482741380,open,0.08,1.1,0.0525,0.101,0.0769473,58.88,0.0815,0.0,BTC-1NOV19-7500-C,7940.39,52.54,0.073,11.0,0.0785,6.0,61.33,5.02866,-11.4987,1.80259,0.00038,0.71972
7949.87,SYN.BTC-1NOV19,1571482741382,open,0.01,40.1,0.002,0.0285,0.01159017,57.44,0.0105,0.0,BTC-1NOV19-8750-C,7940.39,54.37,0.01,12.0,0.0125,10.0,59.14,4.20365,-9.37667,0.53363,0.00033,0.20187
7949.87,SYN.BTC-1NOV19,1571482741382,open,0.01,63.6,0.0005,0.021,0.00737686,58.06,0.008,0.0,BTC-1NOV19-9000-C,7940.39,54.62,0.006,43.0,0.009,50.1,61.8,3.31274,-7.46869,0.37008,0.00026,0.13934
7949.87,SYN.BTC-1NOV19,1571482741382,open,0.03,1.8,0.0105,0.05,0.0275122,57.44,0.027,0.0,BTC-1NOV19-8250-C,7940.39,56.73,0.027,0.1,0.0285,32.0,58.81,5.71219,-12.74157,1.00556,0.00045,0.38608
7949.87,SYN.BTC-1NOV19,1571482741382,open,0.02,68.6,0.006,0.04,0.02036105,58.89,0.0225,0.0,BTC-1NOV19-7500-P,7940.39,56.72,0.019,10.0,0.0215,5.0,60.68,5.02873,-11.49942,-0.84313,0.00038,-0.28029
7949.87,SYN.BTC-1NOV19,1571482741382,open,0.11,0.0,0.086,0.1415,0.11223955,57.45,None,0.0,BTC-1NOV19-8750-P,7940.39,54.07,0.1105,6.0,0.1155,6.0,63.39,4.20388,-9.37787,-2.55297,0.00033,-0.79811
7949.87,SYN.BTC-1NOV19,1571482741382,open,0.03,6.0,0.013,0.055,0.03134929,57.81,0.0305,0.0,BTC-1NOV19-7750-P,7940.39,54.54,0.029,8.0,0.0335,24.0,60.8,5.71344,-12.82627,-1.17144,0.00044,-0.38637
7949.87,SYN.BTC-1NOV19,1571482741382,open,0.02,54.8,0.0055,0.0385,0.01819132,57.44,0.018,0.0,BTC-1NOV19-8500-C,7940.39,53.16,0.0155,10.0,0.0185,0.1,57.92,5.07434,-11.31882,0.74994,0.0004,0.28561
7949.87,SYN.BTC-1NOV19,1571482741384,open,0.0,35.5,0.0005,0.0135,0.00355398,62.29,0.003,0.0,BTC-1NOV19-9500-C,7940.39,57.8,0.0025,42.0,0.0045,20.0,65.76,2.0393,-4.93271,0.19075,0.00015,0.07157
7949.87,SYN.BTC-1NOV19,1571482741384,open,0.14,0.0,0.1135,0.1685,0.13947336,58.06,0.147,0.0,BTC-1NOV19-9000-P,7940.39,0.0,0.116,4.0,0.164,4.0,102.3,3.31313,-7.47025,-2.80469,0.00026,-0.86063
7949.87,SYN.BTC-1NOV19,1571482741384,open,0.01,18.4,0.0005,0.016,0.00523931,60.64,0.005,0.0,BTC-1NOV19-9250-C,7940.39,58.34,0.0045,0.5,0.0065,50.0,64.23,2.64894,-6.23729,0.26994,0.0002,0.1015
7949.87,SYN.BTC-1NOV19,1571482741384,open,0.17,0.1,0.1425,0.197,0.16878293,60.64,0.169,0.0,BTC-1NOV19-9250-P,7940.39,0.0,0.1465,3.0,0.192,3.0,107.48,2.64947,-6.23924,-2.99301,0.0002,-0.89848
7949.87,SYN.BTC-1NOV19,1571482741384,open,0.2,0.0,0.1725,0.2265,0.19854474,62.3,None,0.0,BTC-1NOV19-9500-P,7940.39,0.0,0.0,0.0,0.0,0.0,0.0,2.03999,-4.9351,-3.16038,0.00015,-0.9284
7949.87,SYN.BTC-1NOV19,1571482741384,open,0.09,0.3,0.0615,0.1165,0.08739358,57.44,0.089,0.0,BTC-1NOV19-8500-P,7940.39,52.84,0.0845,10.0,0.09,6.0,61.48,5.07445,-11.31971,-2.24848,0.0004,-0.71438
173.45,SYN.ETH-25OCT19,1571482741450,open,0.27,483.0,0.232,0.311,0.269844,97.42,0.23,0.0,ETH-25OCT19-220-P,173.35,0.0,0.246,14.0,0.293,14.0,194.24,0.01552,-0.12862,-0.03458,0.00329,-0.96868
7944.72,SYN.BTC-25OCT19,1571482741507,open,0.09,0.2,0.071,0.116,0.09377481,68.81,0.111,0.0,BTC-25OCT19-7250-C,7940.39,55.46,0.0905,6.0,0.095,6.0,73.06,2.21585,-12.97494,0.98318,0.00032,0.86253
7944.72,SYN.BTC-25OCT19,1571482741507,open,0.1,16.8,0.081,0.131,0.10485939,58.32,0.1015,0.0,BTC-25OCT19-8750-P,7940.39,48.66,0.103,6.0,0.108,6.0,70.28,1.80048,-8.93578,-1.28201,0.0003,-0.89755
7944.72,SYN.BTC-25OCT19,1571482741507,open,0.01,321.8,0.0005,0.0195,0.00633257,68.82,0.0055,0.0,BTC-25OCT19-7250-P,7940.39,63.83,0.005,22.0,0.007,0.5,71.17,2.21606,-12.97727,-0.18393,0.00032,-0.13749
7944.72,SYN.BTC-25OCT19,1571482741507,open,0.17,0.2,0.142,0.192,0.1656986,67.53,0.154,0.0,BTC-25OCT19-9250-P,7940.39,0.0,0.147,6.0,0.176,6.0,113.84,0.89653,-5.15199,-1.43765,0.00013,-0.95841
7944.72,SYN.BTC-25OCT19,1571482741507,open,0.0,151.7,0.0005,0.011,0.00140077,67.51,0.001,0.0,BTC-25OCT19-9250-C,7940.39,63.6,0.001,1.1,0.002,0.3,72.29,0.89575,-5.14614,0.05134,0.00013,0.04154
7944.72,SYN.BTC-25OCT19,1571482741507,open,0.05,17.4,0.029,0.079,0.05252369,57.01,0.0535,0.0,BTC-25OCT19-8250-P,7940.39,50.17,0.0495,27.0,0.055,18.0,62.45,3.57498,-17.34437,-0.94476,0.00062,-0.68619
7944.72,SYN.BTC-25OCT19,1571482741507,open,0.0,203.0,0.0005,0.0145,0.00349657,58.31,0.003,0.0,BTC-25OCT19-8750-C,7940.39,56.05,0.003,1.2,0.004,1.0,60.47,1.80002,-8.93218,0.12651,0.0003,0.10241
173.54,SYN.ETH-1NOV19,1571482742076,open,0.1,0.0,0.068,0.131,0.10134,74.43,None,0.0,ETH-1NOV19-160-C,173.35,65.42,0.096,40.0,0.105,40.0,80.4,0.1052,-0.30407,0.03925,0.0133,0.74248
7991.14,BTC-27DEC19,1571482742204,open,0.0,519.0,0.0005,0.012,0.00213783,110.13,0.003,0.0,BTC-27DEC19-3000-P,7940.38,98.88,0.001,29.0,0.003,30.0,116.22,1.01278,-0.80969,-0.19953,1e-05,-0.01109
8073.69,BTC-27MAR20,1571482742204,open,1.02,1.1,0.96,1.0855,1.02028812,83.02,1.08,0.0,BTC-27MAR20-16000-P,7940.38,0.0,0.973,2.0,1.059,2.0,103.32,13.31489,-3.45693,-65.57585,6e-05,-0.83402
7991.14,BTC-27DEC19,1571482742204,open,0.0,507.2,0.0005,0.011,0.00135434,106.12,0.001,0.0,BTC-27DEC19-26000-C,7940.38,95.83,0.0005,76.5,0.0025,30.0,114.01,0.91995,-0.70869,0.12939,1e-05,0.00994
7991.14,BTC-27DEC19,1571482742204,open,0.07,285.9,0.0385,0.0985,0.06794141,74.18,0.069,0.0,BTC-27DEC19-7000-P,7940.38,72.52,0.0655,18.0,0.0705,45.3,75.92,11.75822,-6.33195,-5.30159,0.00013,-0.28364
7991.14,BTC-27DEC19,1571482742204,open,0.69,0.0,0.6785,0.698,0.68807515,114.97,None,0.0,BTC-27DEC19-2500-C,7940.38,0.0,0.6795,17.0,0.696,1.0,166.6,0.5011,-0.41823,4.62836,0.0,0.99501
7991.14,BTC-27DEC19,1571482742204,open,4.51,0.0,4.3985,4.619,4.50623264,118.06,3.46,0.0,BTC-27DEC19-44000-P,7940.38,0.0,0.0015,0.1,0.0,0.0,0.0,0.12448,-0.10669,-83.01411,0.0,-0.99893
8073.69,BTC-27MAR20,1571482742204,open,0.08,550.5,0.044,0.1235,0.08276578,79.82,0.0815,0.0,BTC-27MAR20-12000-C,7940.38,78.64,0.08,19.0,0.0855,1.0,80.98,18.942,-4.72845,8.15841,8e-05,0.31346
7991.14,BTC-27DEC19,1571482742204,open,5.51,0.8,5.38,5.6405,5.50728174,122.93,3.59,0.0,BTC-27DEC19-52000-P,7940.38,0.0,0.001,1.0,0.0,0.0,0.0,0.07272,-0.0649,-98.1164,0.0,-0.9994
8073.69,BTC-27MAR20,1571482742204,open,1.5,0.2,1.4365,1.5705,1.49950359,87.58,1.478,0.0,BTC-27MAR20-20000-P,7940.38,0.0,1.4505,1.0,1.538,1.0,112.72,9.45463,-2.58968,-84.8162,4e-05,-0.89887
7991.14,BTC-27DEC19,1571482742204,open,0.02,404.5,0.0075,0.039,0.02094745,80.46,0.021,0.0,BTC-27DEC19-5500-P,7940.38,77.99,0.019,47.0,0.023,48.0,82.99,6.39128,-3.73329,-1.92675,7e-05,-0.10683
7991.13,BTC-27DEC19,1571482742204,open,0.89,212.7,0.843,0.935,0.88630162,85.38,0.915,0.0,BTC-27DEC19-15000-P,7940.38,0.0,0.8525,3.0,0.914,3.0,118.54,4.41235,-2.73477,-27.46083,4e-05,-0.93479
7991.13,BTC-27DEC19,1571482742204,open,0.13,687.0,0.087,0.1625,0.12522862,72.2,0.125,0.0,BTC-27DEC19-8000-P,7940.38,70.6,0.1225,12.0,0.1295,23.4,74.69,13.68685,-7.1733,-8.50957,0.00016,-0.43909
8073.69,BTC-27MAR20,1571482742204,open,0.04,936.0,0.0145,0.07,0.03853036,83.01,0.0375,0.0,BTC-27MAR20-16000-C,7940.38,81.14,0.0355,15.0,0.0415,4.9,84.78,13.31314,-3.45617,4.50589,6e-05,0.16594
8073.69,BTC-27MAR20,1571482742204,open,0.01,50.1,0.0005,0.0235,0.00806384,102.34,0.013,0.0,BTC-27MAR20-34000-C,7940.38,100.27,0.007,1.0,0.0095,11.0,104.87,4.34071,-1.38929,1.03056,1e-05,0.03721
7991.13,BTC-27DEC19,1571482742204,open,2.76,0.2,2.681,2.834,2.75488012,109.33,2.03,0.0,BTC-27DEC19-30000-P,7940.38,0.0,0.0,0.0,0.0,0.0,0.0,0.53895,-0.42773,-56.53931,0.0,-0.99458
8073.69,BTC-27MAR20,1571482742204,open,0.01,70.6,0.0005,0.022,0.00722078,103.77,0.0095,0.0,BTC-27MAR20-36000-C,7940.38,101.14,0.006,1.0,0.009,31.0,107.13,3.97085,-1.28867,0.92501,1e-05,0.03338
7991.13,BTC-27DEC19,1571482742204,open,0.3,495.6,0.2585,0.3455,0.30198935,73.59,0.295,0.0,BTC-27DEC19-10000-P,7940.38,43.46,0.2635,7.0,0.3075,9.0,77.24,11.95916,-6.38913,-15.19925,0.00013,-0.70597
8073.69,BTC-27MAR20,1571482742204,open,0.79,58.9,0.729,0.8525,0.78939179,81.38,0.7625,0.0,BTC-27MAR20-14000-P,7940.38,47.97,0.741,3.0,0.8335,3.0,101.55,16.05877,-4.08726,-55.29398,7e-05,-0.77417
8073.69,BTC-27MAR20,1571482742204,open,0.57,52.7,0.5085,0.63,0.56908393,79.82,0.574,0.0,BTC-27MAR20-12000-P,7940.38,56.62,0.52,3.0,0.586,3.0,86.89,18.94244,-4.72878,-44.40317,8e-05,-0.68652
7991.13,BTC-27DEC19,1571482742204,open,0.64,99.0,0.6005,0.6875,0.64199287,78.91,0.638,0.0,BTC-27DEC19-13000-P,7940.38,0.0,0.609,4.0,0.6715,4.0,107.27,6.35383,-3.63957,-23.16229,7e-05,-0.89404
7991.13,BTC-27DEC19,1571482742204,open,0.08,353.3,0.0465,0.1115,0.07935769,72.61,0.076,0.0,BTC-27DEC19-9000-C,7940.38,70.62,0.076,17.0,0.0825,25.0,74.46,13.51968,-7.12611,5.03453,0.00015,0.41323
7991.13,BTC-27DEC19,1571482742204,open,1.51,4.6,1.4545,1.5625,1.50576975,95.26,1.466,0.0,BTC-27DEC19-20000-P,7940.38,0.0,0.0,0.0,0.0,0.0,0.0,1.83631,-1.26981,-37.45042,2e-05,-0.97779
7991.13,BTC-27DEC19,1571482742204,open,0.23,56.0,0.2015,0.264,0.23357296,75.34,0.2755,0.0,BTC-27DEC19-6500-C,7940.38,52.05,0.2065,12.0,0.2615,12.0,96.58,10.09876,-5.52333,8.33933,0.00011,0.7866
8073.69,BTC-27MAR20,1571482742204,open,1.26,0.0,1.197,1.3265,1.25860054,85.59,1.23,0.0,BTC-27MAR20-18000-P,7940.38,0.0,1.21,2.0,1.2965,2.0,107.89,11.23027,-3.00609,-75.3189,5e-05,-0.87122
8073.69,BTC-27MAR20,1571482742205,open,0.52,1.1,0.5035,0.5455,0.52383633,84.65,0.5375,0.0,BTC-27MAR20-4000-C,7940.38,56.17,0.5075,10.0,0.54,10.0,102.11,6.57514,-1.74062,14.62725,3e-05,0.93746
7991.13,BTC-27DEC19,1571482742204,open,2.26,0.0,2.19,2.325,2.25498213,106.29,None,0.0,BTC-27DEC19-26000-P,7940.38,0.0,0.0,0.0,0.0,0.0,0.0,0.92988,-0.71754,-48.9312,1e-05,-0.98994
8073.69,BTC-27MAR20,1571482742204,open,0.03,223.8,0.0095,0.0575,0.02912552,85.58,0.0345,0.0,BTC-27MAR20-18000-C,7940.38,84.77,0.028,4.0,0.0305,11.3,86.56,11.22825,-3.00527,3.52312,5e-05,0.12875
7991.13,BTC-27DEC19,1571482742205,open,1.26,9.4,1.2095,1.3115,1.25747999,93.15,1.1125,0.0,BTC-27DEC19-18000-P,7940.38,0.0,0.0,0.0,0.0,0.0,0.0,2.71865,-1.83842,-33.50472,2e-05,-0.96442
8073.69,BTC-27MAR20,1571482742205,open,0.36,171.6,0.307,0.422,0.36546762,77.77,0.3715,0.0,BTC-27MAR20-10000-P,7940.38,63.0,0.3275,5.0,0.3725,9.0,80.46,21.05137,-5.12011,-32.83148,9e-05,-0.56292
7991.13,BTC-27DEC19,1571482742204,open,3.51,1.3,3.417,3.599,3.50539406,115.58,2.2,0.0,BTC-27DEC19-36000-P,7940.38,0.0,0.0,0.0,0.0,0.0,0.0,0.31834,-0.2671,-67.89286,0.0,-0.99699
8073.69,BTC-27MAR20,1571482742204,open,2.48,0.0,2.403,2.565,2.47904438,96.25,None,0.0,BTC-27MAR20-28000-P,7940.38,0.0,0.0005,1.0,0.0,0.0,0.0,5.61126,-1.68899,-121.2243,2e-05,-0.94885
7991.13,BTC-27DEC19,1571482742205,open,0.0,253.2,0.0005,0.0105,2.225e-05,115.0,0.0005,0.0,BTC-27DEC19-1500-P,7940.38,0.0,0.0,0.0,0.001,9.9,165.51,0.02136,-0.01783,-0.00275,0.0,-0.00016
7991.13,BTC-27DEC19,1571482742205,open,0.01,386.6,0.0005,0.0195,0.00719053,87.74,0.006,0.0,BTC-27DEC19-16000-C,7940.38,85.0,0.006,31.8,0.0085,51.0,90.46,3.66248,-2.33278,0.66737,3e-05,0.05145
7991.13,BTC-27DEC19,1571482742205,open,0.0,291.4,0.0005,0.0105,0.00092359,115.0,0.0015,0.0,BTC-27DEC19-2500-P,7940.38,106.77,0.0005,29.0,0.003,30.0,136.29,0.50183,-0.41895,-0.0893,0.0,-0.005
7991.13,BTC-27DEC19,1571482742206,open,0.33,73.3,0.308,0.3575,0.33268073,80.46,0.491,0.0,BTC-27DEC19-5500-C,7940.38,34.64,0.312,12.0,0.353,12.0,102.95,6.39088,-3.73284,8.45198,7e-05,0.89318
7991.13,BTC-27DEC19,1571482742205,open,0.05,397.4,0.0235,0.0735,0.04697959,75.34,0.0485,0.0,BTC-27DEC19-6500-P,7940.38,73.77,0.045,37.3,0.0495,46.3,77.33,10.09895,-5.52371,-3.92638,0.00011,-0.2134
7991.13,BTC-27DEC19,1571482742206,open,2.01,0.0,1.945,2.0705,2.00494981,102.19,None,0.0,BTC-27DEC19-24000-P,7940.38,0.0,0.0,0.0,0.0,0.0,0.0,1.08839,-0.8074,-45.1308,1e-05,-0.98795
8073.68,BTC-27MAR20,1571482742206,open,3.46,0.0,3.373,3.5695,3.4661761,103.81,None,0.0,BTC-27MAR20-36000-P,7940.38,0.0,0.0005,1.0,0.0,0.0,0.0,3.97878,-1.2918,-156.75852,1e-05,-0.96654
7991.13,BTC-27DEC19,1571482742205,open,0.0,555.7,0.0005,0.0105,0.00018427,115.0,0.001,0.0,BTC-27DEC19-40000-C,7940.38,0.0,0.0,0.0,0.001,29.0,133.14,0.16618,-0.13873,0.01937,0.0,0.00147
7944.72,SYN.BTC-25OCT19,1571482742204,open,0.0,1415.4,0.0005,0.0155,0.0042576,77.24,0.0035,0.0,BTC-25OCT19-7000-P,7940.38,73.4,0.0035,0.1,0.005,100.0,80.71,1.63672,-10.75759,-0.12053,0.00021,-0.08999
7991.13,BTC-27DEC19,1571482742205,open,0.0,655.6,0.0005,0.0115,0.00160483,102.08,0.002,0.0,BTC-27DEC19-24000-C,7940.38,90.25,0.0005,53.0,0.003,30.0,110.24,1.08122,-0.80122,0.15617,1e-05,0.01196
7991.13,BTC-27DEC19,1571482742206,open,0.0,402.1,0.0005,0.0105,0.00058887,111.69,0.001,0.0,BTC-27DEC19-32000-C,7940.38,0.0,0.0,0.0,0.0015,0.4,122.69,0.45099,-0.36566,0.05799,0.0,0.00443
7991.13,BTC-27DEC19,1571482742206,open,0.76,268.3,0.7215,0.8105,0.76344986,82.0,0.7205,0.0,BTC-27DEC19-14000-P,7940.38,0.0,0.7305,4.0,0.792,4.0,112.9,5.22594,-3.1108,-25.36501,5e-05,-0.91866
8073.68,BTC-27MAR20,1571482742206,open,2.23,0.0,2.1605,2.3145,2.23283175,93.96,None,0.0,BTC-27MAR20-26000-P,7940.38,0.0,0.0015,1.0,0.0,0.0,0.0,6.21722,-1.82686,-112.26664,2e-05,-0.94177
7991.13,BTC-27DEC19,1571482742206,open,0.01,540.9,0.0005,0.021,0.00948886,90.88,0.0105,0.0,BTC-27DEC19-4500-P,7940.38,88.59,0.0085,5.0,0.0105,50.0,93.11,3.53845,-2.33454,-0.88606,3e-05,-0.04927
8073.68,BTC-27MAR20,1571482742206,open,0.01,153.8,0.0035,0.0345,0.01422701,91.27,0.0155,0.0,BTC-27MAR20-24000-C,7940.38,88.53,0.012,18.0,0.016,5.0,93.27,6.90368,-1.9705,1.85197,3e-05,0.0666
8073.68,BTC-27MAR20,1571482742206,open,0.01,101.8,0.0025,0.0315,0.01247913,93.94,0.0125,0.0,BTC-27MAR20-26000-C,7940.38,90.5,0.01,19.0,0.0145,14.0,96.45,6.21368,-1.82552,1.61635,2e-05,0.05819
8073.68,BTC-27MAR20,1571482742206,open,0.01,42.4,0.001,0.029,0.01097231,96.22,0.0105,0.0,BTC-27MAR20-28000-C,7940.38,92.38,0.0085,19.0,0.013,11.0,98.99,5.6059,-1.68694,1.41851,2e-05,0.05108
7991.13,BTC-27DEC19,1571482742206,open,0.0,675.0,0.0005,0.0105,0.00037659,115.0,0.001,0.0,BTC-27DEC19-36000-C,7940.38,0.0,0.0,0.0,0.0015,30.7,131.19,0.30432,-0.25406,0.03747,0.0,0.00286
8073.68,BTC-27MAR20,1571482742206,open,1.98,0.0,1.9185,2.064,1.98686389,91.28,None,0.0,BTC-27MAR20-24000-P,7940.38,0.0,0.0015,1.0,0.0,0.0,0.0,6.9078,-1.97205,-103.27048,3e-05,-0.93335
7991.13,BTC-27DEC19,1571482742206,open,0.52,73.1,0.482,0.569,0.52386061,77.13,0.518,0.0,BTC-27DEC19-12000-P,7940.38,0.0,0.489,5.0,0.5545,5.0,102.61,8.0142,-4.48744,-20.75003,9e-05,-0.8522
7991.13,BTC-27DEC19,1571482742206,open,0.01,905.3,0.004,0.028,0.01368723,84.47,0.0155,0.0,BTC-27DEC19-5000-P,7940.38,81.55,0.012,50.0,0.015,10.0,86.63,4.76056,-2.91908,-1.29143,5e-05,-0.07196
7970.49,SYN.BTC-29NOV19,1571482742204,open,0.09,297.1,0.056,0.1135,0.085614,65.52,0.085,0.0,BTC-29NOV19-8000-C,7940.38,63.17,0.0825,25.4,0.088,10.0,67.31,10.59528,-8.49104,4.02868,0.00023,0.53696
7991.13,BTC-27DEC19,1571482742206,open,0.0,801.1,0.0005,0.0125,0.00297917,95.19,0.003,0.0,BTC-27DEC19-20000-C,7940.38,92.97,0.0025,11.0,0.0035,7.0,97.34,1.82991,-1.26449,0.28854,2e-05,0.02211
7991.13,BTC-27DEC19,1571482742207,open,0.0,411.0,0.0005,0.012,0.00233147,99.84,0.0035,0.0,BTC-27DEC19-22000-C,7940.38,94.61,0.0015,29.0,0.0035,29.0,105.34,1.46937,-1.06498,0.2224,1e-05,0.01708
8073.68,BTC-27MAR20,1571482742206,open,1.74,6.0,1.677,1.8165,1.74248791,89.45,1.7225,0.0,BTC-27MAR20-22000-P,7940.38,0.0,1.692,1.0,1.782,1.0,117.68,8.0322,-2.24712,-94.11441,3e-05,-0.91882
7991.13,BTC-27DEC19,1571482742206,open,0.5,31.1,0.491,0.5205,0.50495669,94.84,0.6265,0.0,BTC-27DEC19-4000-C,7940.38,0.0,0.4925,13.0,0.516,13.0,122.2,2.34016,-1.61123,7.01756,2e-05,0.97033
8073.68,BTC-27MAR20,1571482742206,open,0.01,53.3,0.0005,0.024,0.00836085,99.57,0.007,0.0,BTC-27MAR20-32000-C,7940.38,94.91,0.006,19.0,0.0105,11.0,103.11,4.52794,-1.41001,1.08999,2e-05,0.03918
7970.49,SYN.BTC-29NOV19,1571482742204,open,0.13,84.9,0.0935,0.1605,0.12724982,65.52,0.123,0.0,BTC-29NOV19-8500-P,7940.38,63.42,0.1245,21.4,0.132,22.4,69.13,10.46289,-8.3855,-6.2494,0.00022,-0.57288
7970.49,SYN.BTC-29NOV19,1571482742204,open,0.09,345.0,0.0585,0.12,0.0893213,65.52,0.0865,0.0,BTC-29NOV19-8000-P,7940.38,64.15,0.0875,10.0,0.091,14.8,66.78,10.59528,-8.49152,-4.9304,0.00023,-0.46304
7991.13,BTC-27DEC19,1571482742207,open,0.09,223.4,0.0595,0.128,0.0936654,72.92,0.095,0.0,BTC-27DEC19-7500-P,7940.38,70.97,0.0905,33.3,0.097,24.0,74.97,12.98606,-6.87445,-6.84004,0.00015,-0.35994
7944.72,SYN.BTC-25OCT19,1571482742206,open,0.0,363.2,0.0005,0.0105,0.00012457,115.0,0.0005,0.0,BTC-25OCT19-12000-C,7940.38,0.0,0.0,0.0,0.001,18.0,145.45,0.09079,-0.88847,0.00361,1e-05,0.00295
7970.49,SYN.BTC-29NOV19,1571482742205,open,0.04,281.7,0.02,0.0665,0.042307,65.62,0.042,0.0,BTC-29NOV19-9000-C,7940.38,63.71,0.04,14.0,0.0445,22.4,67.43,9.64475,-7.74168,2.55672,0.00021,0.32874
8073.68,BTC-27MAR20,1571482742207,open,0.01,113.2,0.0005,0.028,0.01045086,99.4,0.0095,0.0,BTC-27MAR20-30000-C,7940.38,97.91,0.0095,1.2,0.0115,11.0,100.94,5.3183,-1.65327,1.32161,2e-05,0.04782
7991.13,BTC-27DEC19,1571482742207,open,0.01,745.5,0.0005,0.0155,0.00497126,93.12,0.0055,0.0,BTC-27DEC19-18000-C,7940.38,91.69,0.0045,0.7,0.0055,0.7,94.63,2.71478,-1.83516,0.46062,2e-05,0.03552
7991.13,BTC-27DEC19,1571482742208,open,2.51,0.1,2.4355,2.58,2.50498596,109.16,1.49,0.0,BTC-27DEC19-28000-P,7940.38,0.0,0.0,0.0,0.0,0.0,0.0,0.76401,-0.60542,-52.73156,1e-05,-0.99196
7991.13,BTC-27DEC19,1571482742207,open,0.02,809.9,0.007,0.0435,0.02218812,77.12,0.023,0.0,BTC-27DEC19-12000-C,7940.38,75.41,0.0205,23.0,0.024,54.0,78.9,8.01308,-4.48638,1.89369,9e-05,0.14777
7991.13,BTC-27DEC19,1571482742207,open,0.01,658.7,0.0005,0.0235,0.00920873,85.36,0.008,0.0,BTC-27DEC19-15000-C,7940.38,84.04,0.0085,0.3,0.01,7.0,86.76,4.40924,-2.73216,0.84353,4e-05,0.06515
8073.68,BTC-27MAR20,1571482742208,open,0.33,13.6,0.2955,0.37,0.33426176,78.34,0.3495,0.0,BTC-27MAR20-6000-C,7940.38,72.24,0.323,10.0,0.347,18.0,85.09,15.083,-3.69527,16.37262,7e-05,0.79724
7970.49,SYN.BTC-29NOV19,1571482742204,open,0.0,157.7,0.0005,0.012,0.00245622,88.99,0.0025,0.0,BTC-29NOV19-15000-C,7940.38,86.43,0.002,20.0,0.003,0.2,91.67,1.51558,-1.64981,0.19386,2e-05,0.02417
8073.68,BTC-27MAR20,1571482742208,open,0.06,285.9,0.0245,0.0915,0.05535382,81.38,0.0545,0.0,BTC-27MAR20-14000-C,7940.38,80.19,0.053,0.5,0.058,4.9,82.7,16.05773,-4.08673,6.02767,7e-05,0.2258
7991.13,BTC-27DEC19,1571482742208,open,0.03,1046.2,0.0135,0.054,0.03174738,77.51,0.033,0.0,BTC-27DEC19-6000-P,7940.38,75.8,0.03,21.0,0.034,50.3,79.67,8.236,-4.63418,-2.80076,9e-05,-0.15399
7991.13,BTC-27DEC19,1571482742208,open,0.01,628.4,0.0005,0.0155,0.00551418,94.85,0.007,0.0,BTC-27DEC19-4000-P,7940.38,91.19,0.0045,1.0,0.0065,10.0,98.07,2.34075,-1.61178,-0.53064,2e-05,-0.02968
7991.13,BTC-27DEC19,1571482742208,open,0.0,440.5,0.0005,0.014,0.00400913,104.49,0.003,0.0,BTC-27DEC19-3500-P,7940.38,99.36,0.003,0.6,0.005,52.0,108.83,1.70836,-1.29584,-0.36789,1e-05,-0.02039
7991.13,BTC-27DEC19,1571482742209,open,0.0,912.0,0.0005,0.0105,0.00069421,108.97,0.0005,0.0,BTC-27DEC19-30000-C,7940.38,0.0,0.0,0.0,0.001,10.9,113.01,0.52566,-0.41584,0.06894,0.0,0.00527
7991.13,BTC-27DEC19,1571482742209,open,0.39,66.8,0.3675,0.4095,0.38799036,84.46,0.4085,0.0,BTC-27DEC19-5000-C,7940.38,0.0,0.3715,12.0,0.405,12.0,108.34,4.76009,-2.91861,8.14378,5e-05,0.92805
7991.13,BTC-27DEC19,1571482742209,open,0.45,4.1,0.429,0.4655,0.44636168,90.88,0.578,0.0,BTC-27DEC19-4500-C,7940.38,0.0,0.431,13.0,0.459,13.0,113.92,3.53793,-2.33403,7.60565,3e-05,0.95074
7991.13,BTC-27DEC19,1571482742209,open,0.28,102.3,0.2525,0.3085,0.28091114,77.51,0.3225,0.0,BTC-27DEC19-6000-C,7940.38,70.04,0.2735,12.0,0.3055,12.0,99.6,8.23573,-4.63381,8.52144,9e-05,0.84602
8073.68,BTC-27MAR20,1571482742209,open,0.02,359.1,0.0065,0.0475,0.02230628,87.57,0.0245,0.0,BTC-27MAR20-20000-C,7940.38,85.54,0.02,44.0,0.0245,6.0,89.4,9.45129,-2.58839,2.78573,4e-05,0.10108
8073.68,BTC-27MAR20,1571482742209,open,2.72,0.0,2.6455,2.817,2.72624235,99.42,None,0.0,BTC-27MAR20-30000-P,7940.38,0.0,0.0005,1.0,0.0,0.0,0.0,5.32265,-1.65497,-130.08183,2e-05,-0.95213
7944.72,SYN.BTC-25OCT19,1571482742204,open,0.14,398.8,0.111,0.1615,0.13477403,61.56,0.133,0.0,BTC-25OCT19-9000-P,7940.38,55.7,0.134,60.3,0.153,6.0,123.54,1.19525,-6.26134,-1.375,0.00019,-0.94035
7970.49,SYN.BTC-29NOV19,1571482742204,open,0.03,96.7,0.0115,0.0505,0.02927862,66.12,0.028,0.0,BTC-29NOV19-9500-C,7940.38,65.86,0.029,0.1,0.03,0.1,66.8,8.42914,-6.8179,1.94703,0.00018,0.24741
7970.49,SYN.BTC-29NOV19,1571482742204,open,0.01,15.7,0.0005,0.0145,0.00496043,76.23,0.0085,0.0,BTC-29NOV19-12500-C,7940.38,73.31,0.004,43.0,0.006,20.0,79.04,2.78937,-2.60097,0.40986,5e-05,0.05088
7944.72,SYN.BTC-25OCT19,1571482742206,open,0.26,304.8,0.2345,0.2875,0.259542,87.13,0.2515,0.0,BTC-25OCT19-10000-P,7940.38,0.0,0.2415,5.0,0.278,5.0,175.05,0.51657,-3.83021,-1.58351,6e-05,-0.97861
7991.13,BTC-27DEC19,1571482742210,open,5.01,0.0,4.889,5.13,5.00673866,118.72,None,0.0,BTC-27DEC19-48000-P,7940.38,0.0,0.001,0.1,0.0,0.0,0.0,0.07795,-0.06718,-90.56773,0.0,-0.99936
7970.49,SYN.BTC-29NOV19,1571482742205,open,0.06,97.7,0.034,0.0875,0.06081082,65.52,0.06,0.0,BTC-29NOV19-8500-C,7940.38,64.14,0.059,0.1,0.0615,5.0,66.04,10.46284,-8.38494,3.26956,0.00022,0.42711
7944.72,SYN.BTC-25OCT19,1571482742205,open,0.32,0.0,0.296,0.35,0.32188971,87.92,None,0.0,BTC-25OCT19-10500-P,7940.38,0.0,0.3035,5.0,0.341,5.0,198.13,0.20283,-1.51747,-1.68131,2e-05,-0.99274
7970.49,SYN.BTC-29NOV19,1571482742205,open,0.02,132.2,0.004,0.032,0.01539235,69.53,0.017,0.0,BTC-29NOV19-10500-C,7940.38,69.01,0.015,0.1,0.016,0.5,70.33,6.01423,-5.11511,1.13638,0.00012,0.1427
7970.49,SYN.BTC-29NOV19,1571482742204,open,0.64,0.0,0.6,0.674,0.63522854,79.0,None,0.0,BTC-29NOV19-13000-P,7940.38,0.0,0.0005,1.0,0.0,0.0,0.0,2.43144,-2.3496,-14.21337,4e-05,-0.95713
7944.72,SYN.BTC-25OCT19,1571482742207,open,0.0,918.5,0.0005,0.0105,0.00076447,105.66,0.001,0.0,BTC-25OCT19-6000-P,7940.38,99.5,0.0005,101.4,0.001,2.0,110.06,0.38917,-3.4992,-0.0206,4e-05,-0.01534
7944.72,SYN.BTC-25OCT19,1571482742205,open,0.0,728.4,0.0005,0.011,0.00119252,74.77,0.001,0.0,BTC-25OCT19-9500-C,7940.38,72.6,0.001,33.7,0.0015,2.4,77.83,0.74385,-4.73295,0.0408,0.0001,0.0331
7970.49,SYN.BTC-29NOV19,1571482742207,open,0.76,0.0,0.723,0.8005,0.75955772,83.88,None,0.0,BTC-29NOV19-14000-P,7940.38,0.0,0.0,0.0,0.0,0.0,0.0,1.8647,-1.91335,-15.42915,3e-05,-0.969
7944.72,SYN.BTC-25OCT19,1571482742205,open,0.89,0.0,0.8515,0.9265,0.88805082,131.34,None,0.0,BTC-25OCT19-15000-P,7940.38,0.0,0.001,0.1,0.0,0.0,0.0,0.00382,-0.04274,-2.41455,0.0,-0.9999
7970.49,SYN.BTC-29NOV19,1571482742205,open,0.06,113.9,0.0345,0.0885,0.06079146,67.42,0.0635,0.0,BTC-29NOV19-7500-P,7940.38,65.17,0.058,11.0,0.064,38.3,70.01,9.89043,-8.15686,-3.67614,0.00021,-0.35105
7944.72,SYN.BTC-25OCT19,1571482742204,open,0.18,0.0,0.1655,0.203,0.18359105,91.08,None,0.0,BTC-25OCT19-6500-C,7940.38,0.0,0.1675,9.0,0.1975,9.0,160.26,0.80371,-6.22945,0.99762,9e-05,0.96363
7944.72,SYN.BTC-25OCT19,1571482742208,open,0.07,45.3,0.043,0.0905,0.06646953,62.43,0.0665,0.0,BTC-25OCT19-7500-C,7940.38,54.24,0.0635,6.0,0.068,6.0,66.42,2.99695,-15.92157,0.91052,0.00047,0.77841
7970.49,SYN.BTC-29NOV19,1571482742204,open,0.01,267.3,0.0005,0.0175,0.00643791,74.56,0.006,0.0,BTC-29NOV19-12000-C,7940.38,72.25,0.0055,44.0,0.0075,20.0,76.97,3.37741,-3.08047,0.52172,6e-05,0.06489
7944.72,SYN.BTC-25OCT19,1571482742209,open,0.01,637.1,0.0005,0.0255,0.00705396,57.01,0.007,0.0,BTC-25OCT19-8500-C,7940.38,52.23,0.0055,0.1,0.007,0.9,56.85,2.68732,-13.0369,0.22711,0.00046,0.18463
7944.72,SYN.BTC-25OCT19,1571482742206,open,0.25,16.3,0.2295,0.263,0.24554425,105.64,0.27,0.0,BTC-25OCT19-6000-C,7940.38,0.0,0.232,9.0,0.257,9.0,188.4,0.38872,-3.49427,0.9453,4e-05,0.98468
7944.72,SYN.BTC-25OCT19,1571482742204,open,0.0,1437.3,0.0005,0.0115,0.00194371,61.55,0.002,0.0,BTC-25OCT19-9000-C,7940.38,58.39,0.0015,3.9,0.0025,18.8,65.0,1.19458,-6.25646,0.07375,0.00019,0.05961
7970.49,SYN.BTC-29NOV19,1571482742204,open,0.02,104.2,0.009,0.043,0.02411279,72.16,0.0215,0.0,BTC-29NOV19-6500-P,7940.38,70.22,0.0225,34.3,0.026,2.0,74.39,6.67807,-5.89471,-1.70768,0.00013,-0.1672
7944.72,SYN.BTC-25OCT19,1571482742204,open,0.03,961.1,0.009,0.0515,0.02560259,57.01,0.027,0.0,BTC-25OCT19-8000-C,7940.38,49.87,0.022,18.0,0.0265,14.7,58.78,4.01419,-19.47304,0.57627,0.00069,0.47619
7970.49,SYN.BTC-29NOV19,1571482742207,open,0.02,192.5,0.007,0.0405,0.02157209,68.33,0.022,0.0,BTC-29NOV19-10000-C,7940.38,67.69,0.021,0.6,0.0225,8.1,69.34,7.23898,-6.05014,1.50372,0.00015,0.19004
7970.49,SYN.BTC-29NOV19,1571482742207,open,0.88,0.0,0.8455,0.9275,0.8844074,89.04,None,0.0,BTC-29NOV19-15000-P,7940.38,0.0,0.0,0.0,0.0,0.0,0.0,1.51934,-1.65482,-16.60382,2e-05,-0.97575
7970.49,SYN.BTC-29NOV19,1571482742207,open,0.26,17.1,0.239,0.285,0.26196984,76.28,0.2565,0.0,BTC-29NOV19-6000-C,7940.38,0.0,0.2415,8.0,0.282,8.0,103.76,4.93198,-4.60189,5.62846,9e-05,0.89254
7944.72,SYN.BTC-25OCT19,1571482742204,open,0.0,261.0,0.0005,0.0105,0.00025434,87.83,0.0005,0.0,BTC-25OCT19-10500-C,7940.38,0.0,0.0,0.0,0.0005,10.2,95.33,0.20149,-1.50584,0.00889,2e-05,0.0072
7970.49,SYN.BTC-29NOV19,1571482742206,open,0.22,0.3,0.186,0.2565,0.22118104,66.13,0.2325,0.0,BTC-29NOV19-9500-P,7940.38,0.0,0.1895,5.0,0.2525,5.0,93.21,8.42958,-6.81884,-8.69168,0.00018,-0.75257
7944.72,SYN.BTC-25OCT19,1571482742204,open,0.51,37.4,0.481,0.5425,0.510565,115.23,0.455,0.0,BTC-25OCT19-12000-P,7940.38,0.0,0.4905,4.0,0.5365,4.0,279.4,0.09228,-0.9049,-1.92806,1e-05,-0.997
7970.49,SYN.BTC-29NOV19,1571482742208,open,0.39,0.0,0.3575,0.4285,0.39157591,71.43,None,0.0,BTC-29NOV19-11000-P,7940.38,0.0,0.0,0.0,0.0,0.0,0.0,5.00547,-4.37357,-11.44208,0.0001,-0.89031
7970.49,SYN.BTC-29NOV19,1571482742205,open,0.21,0.3,0.182,0.234,0.20860061,72.16,0.2,0.0,BTC-29NOV19-6500-C,7940.38,31.76,0.1855,8.0,0.233,8.0,98.67,6.67776,-5.89404,5.5717,0.00013,0.83281
7970.49,SYN.BTC-29NOV19,1571482742210,open,0.38,0.0,0.3615,0.396,0.37823095,87.84,None,0.0,BTC-29NOV19-5000-C,7940.38,0.0,0.364,8.0,0.3915,8.0,119.54,2.3694,-2.54597,5.17926,4e-05,0.95847
7944.72,SYN.BTC-25OCT19,1571482742204,open,0.0,660.3,0.0005,0.0105,3e-08,115.0,0.001,0.0,BTC-25OCT19-16000-C,7940.38,0.0,0.0,0.0,0.0005,1.0,209.86,6e-05,-0.00025,0.0,0.0,0.0
7944.72,SYN.BTC-25OCT19,1571482742207,open,0.0,163.2,0.0005,0.0115,0.00174628,91.1,0.0015,0.0,BTC-25OCT19-6500-P,7940.38,82.51,0.001,34.5,0.003,67.0,101.65,0.80409,-6.23343,-0.04877,9e-05,-0.03639
7970.49,SYN.BTC-29NOV19,1571482742210,open,0.45,0.0,0.4175,0.489,0.45174931,73.74,None,0.0,BTC-29NOV19-11500-P,7940.38,0.0,0.0,0.0,0.0,0.0,0.0,4.20768,-3.79538,-12.18563,8e-05,-0.91343
7944.72,SYN.BTC-25OCT19,1571482742207,open,0.12,9.3,0.102,0.145,0.12316735,77.23,0.1265,0.0,BTC-25OCT19-7000-C,7940.38,56.93,0.12,6.0,0.1245,6.0,83.31,1.63644,-10.75474,1.00634,0.00021,0.91003
7944.72,SYN.BTC-25OCT19,1571482742207,open,0.45,0.2,0.4195,0.479,0.4477421,111.59,0.4615,0.0,BTC-25OCT19-11500-P,7940.38,0.0,0.428,5.0,0.467,5.0,238.97,0.15915,-1.5112,-1.84449,1e-05,-0.99448
7970.49,SYN.BTC-29NOV19,1571482742210,open,0.01,233.3,0.0005,0.0155,0.00554801,87.85,0.0065,0.0,BTC-29NOV19-5000-P,7940.38,84.13,0.0045,44.0,0.0065,11.0,90.92,2.3701,-2.54703,-0.42032,4e-05,-0.04154
174.38,ETH-27DEC19,1571482742392,open,0.05,5562.0,0.019,0.073,0.044356,83.88,0.05,0.0,ETH-27DEC19-240-C,173.35,81.39,0.041,145.0,0.047,128.0,85.81,0.23746,-0.14459,0.0656,0.00493,0.24372
175.74,ETH-27MAR20,1571482742392,open,0.02,5252.0,0.006,0.048,0.022502,108.45,0.021,0.0,ETH-27MAR20-600-C,173.35,107.0,0.021,96.0,0.024,190.0,109.84,0.18604,-0.06309,0.05056,0.00127,0.08819
175.74,ETH-27MAR20,1571482742392,open,0.18,1348.0,0.122,0.225,0.175689,87.53,0.183,0.0,ETH-27MAR20-160-P,173.35,85.14,0.17,126.0,0.183,426.0,90.6,0.41902,-0.1147,-0.38601,0.00354,-0.32577
174.38,ETH-27DEC19,1571482742392,open,0.0,4118.0,0.001,0.011,0.000742,120.0,0.001,0.0,ETH-27DEC19-760-C,173.35,0.0,0.0,0.0,0.002,165.0,132.93,0.01131,-0.00985,0.00146,0.00016,0.00518
174.38,ETH-27DEC19,1571482742392,open,0.0,14630.0,0.001,0.011,0.001491,116.23,0.002,0.0,ETH-27DEC19-640-C,173.35,111.39,0.001,2113.0,0.002,291.0,120.14,0.02036,-0.01718,0.00283,0.00031,0.01009
175.74,ETH-27MAR20,1571482742392,open,0.13,1272.0,0.077,0.172,0.126848,88.86,0.162,0.0,ETH-27MAR20-240-C,173.35,85.8,0.119,139.0,0.134,139.0,91.64,0.45128,-0.12542,0.21549,0.00375,0.40679
174.38,ETH-27DEC19,1571482742392,open,0.01,3931.0,0.002,0.024,0.01154,92.79,0.01,0.0,ETH-27DEC19-100-P,173.35,89.58,0.01,5.0,0.013,160.0,95.65,0.08659,-0.05833,-0.02253,0.00163,-0.05693
173.96,SYN.ETH-29NOV19,1571482742394,open,0.02,643.0,0.005,0.036,0.018042,80.77,0.017,0.0,ETH-29NOV19-240-C,173.35,79.39,0.017,3.0,0.019,220.0,82.01,0.13304,-0.13144,0.02485,0.00486,0.14558
173.44,SYN.ETH-25OCT19,1571482742394,open,0.0,5657.0,0.001,0.011,4.4e-05,120.01,0.001,0.0,ETH-25OCT19-280-C,173.35,0.0,0.0,0.0,0.002,350.0,181.64,0.00079,-0.00758,3e-05,0.00014,0.00107
175.74,ETH-27MAR20,1571482742401,open,1.76,0.0,1.663,1.865,1.760339,99.6,None,0.0,ETH-27MAR20-480-P,173.35,0.0,0.003,10.0,0.0,0.0,0.0,0.22729,-0.0708,-2.03545,0.00169,-0.8839
174.38,ETH-27DEC19,1571482742401,open,0.85,101.0,0.787,0.917,0.850139,92.13,0.513,0.0,ETH-27DEC19-320-P,173.35,0.0,0.006,5.0,0.0,0.0,0.0,0.12699,-0.08493,-0.57788,0.0024,-0.90605
174.38,ETH-27DEC19,1571482742401,open,3.13,0.0,3.009,3.26,3.129935,120.0,None,0.0,ETH-27DEC19-720-P,173.35,0.0,0.003,5.0,0.0,0.0,0.0,0.01468,-0.01278,-1.35669,0.00021,-0.99305
175.74,ETH-27MAR20,1571482742401,open,0.57,19.0,0.543,0.591,0.567675,97.8,0.542,0.0,ETH-27MAR20-80-C,173.35,0.0,0.07,20.0,0.0,0.0,0.0,0.14188,-0.0434,0.28518,0.00107,0.93815
173.44,SYN.ETH-25OCT19,1571482742401,open,0.38,302.0,0.344,0.43,0.384674,117.11,0.432,0.0,ETH-25OCT19-240-P,173.35,0.0,0.0,0.0,0.0,0.0,0.0,0.00944,-0.0941,-0.03817,0.00166,-0.98265
175.74,ETH-27MAR20,1571482742403,open,0.07,654.0,0.031,0.106,0.06783,91.68,0.071,0.0,ETH-27MAR20-320-C,173.35,89.34,0.063,146.0,0.072,260.0,93.66,0.36714,-0.10527,0.13783,0.00296,0.24689
173.96,SYN.ETH-29NOV19,1571482742403,open,0.05,388.0,0.023,0.077,0.049969,76.18,0.045,0.0,ETH-29NOV19-200-C,173.35,73.74,0.047,116.0,0.053,348.0,78.64,0.21265,-0.19814,0.05597,0.00824,0.3373
174.38,ETH-27DEC19,1571482742405,open,1.19,0.0,1.118,1.263,1.187735,98.86,None,0.0,ETH-27DEC19-380-P,173.35,0.0,0.001,5.0,0.0,0.0,0.0,0.08414,-0.06038,-0.70182,0.00148,-0.9451
173.96,SYN.ETH-29NOV19,1571482742405,open,0.32,0.0,0.295,0.348,0.322276,88.21,None,0.0,ETH-29NOV19-120-C,173.35,0.0,0.0,0.0,0.0,0.0,0.0,0.08649,-0.09332,0.11645,0.00289,0.92006
174.38,ETH-27DEC19,1571482742407,open,0.32,2878.0,0.268,0.377,0.323209,82.14,0.31,0.0,ETH-27DEC19-220-P,173.35,56.6,0.287,24.0,0.359,24.0,104.32,0.27023,-0.16114,-0.33072,0.00573,-0.68184
174.38,ETH-27DEC19,1571482742409,open,1.75,21.0,1.674,1.848,1.7573,109.78,0.629,0.0,ETH-27DEC19-480-P,173.35,0.0,0.001,7.0,0.0,0.0,0.0,0.05116,-0.04077,-0.89752,0.00081,-0.97027
174.38,ETH-27DEC19,1571482742409,open,0.96,0.0,0.897,1.032,0.961873,94.17,None,0.0,ETH-27DEC19-340-P,173.35,0.0,0.001,5.0,0.0,0.0,0.0,0.10905,-0.07455,-0.62033,0.00202,-0.92332
173.44,SYN.ETH-25OCT19,1571482742409,open,0.5,3.0,0.456,0.546,0.499242,114.33,0.534,0.0,ETH-25OCT19-260-P,173.35,0.0,0.0,0.0,0.0,0.0,0.0,0.00218,-0.02122,-0.04177,0.00039,-0.99672
173.44,SYN.ETH-25OCT19,1571482742409,open,0.21,1.0,0.176,0.254,0.21356,92.19,0.224,0.0,ETH-25OCT19-210-P,173.35,0.0,0.192,15.0,0.235,15.0,169.62,0.02532,-0.19859,-0.03228,0.00567,-0.94261
173.44,SYN.ETH-25OCT19,1571482742411,open,0.0,2509.0,0.001,0.012,0.002494,103.08,0.004,0.0,ETH-25OCT19-140-P,173.35,87.21,0.001,369.0,0.004,380.0,114.19,0.02059,-0.18063,-0.00131,0.00413,-0.04429
173.96,SYN.ETH-29NOV19,1571482742411,open,0.84,0.0,0.787,0.905,0.84343,92.66,None,0.0,ETH-29NOV19-320-P,173.35,0.0,0.0,0.0,0.0,0.0,0.0,0.04509,-0.05111,-0.35228,0.00144,-0.96489
175.74,ETH-27MAR20,1571482742413,open,0.02,852.0,0.009,0.04,0.022893,97.8,0.024,0.0,ETH-27MAR20-80-P,173.35,94.12,0.02,150.0,0.026,320.0,101.56,0.14188,-0.0434,-0.06523,0.00107,-0.06185
175.74,ETH-27MAR20,1571482742417,open,0.03,2424.0,0.007,0.051,0.024989,101.6,0.03,0.0,ETH-27MAR20-520-C,173.35,98.96,0.022,150.0,0.028,240.0,104.1,0.2053,-0.06524,0.05835,0.00149,0.10079
174.38,ETH-27DEC19,1571482742417,open,0.06,5981.0,0.03,0.093,0.061597,82.14,0.069,0.0,ETH-27DEC19-220-C,173.35,79.81,0.058,141.0,0.065,128.0,84.33,0.27023,-0.16114,0.08442,0.00573,0.31816
173.96,SYN.ETH-29NOV19,1571482742419,open,0.01,1120.0,0.001,0.015,0.00594,103.07,0.008,0.0,ETH-29NOV19-100-P,173.35,99.49,0.005,640.0,0.007,160.0,106.76,0.04784,-0.06032,-0.00851,0.00137,-0.03774
173.44,SYN.ETH-25OCT19,1571482742419,open,0.01,2590.0,0.001,0.03,0.011491,79.05,0.014,0.0,ETH-25OCT19-160-P,173.35,74.73,0.01,9.0,0.013,301.0,83.28,0.06096,-0.41007,-0.00581,0.01592,-0.19652
175.74,ETH-27MAR20,1571482742421,open,1.54,0.0,1.446,1.637,1.538222,97.62,None,0.0,ETH-27MAR20-440-P,173.35,0.0,0.002,10.0,0.0,0.0,0.0,0.25409,-0.07758,-1.84898,0.00192,-0.86378
174.38,ETH-27DEC19,1571482742421,open,1.3,16.0,1.23,1.382,1.302454,103.8,1.195,0.0,ETH-27DEC19-400-P,173.35,0.0,0.001,8.0,0.0,0.0,0.0,0.08192,-0.06173,-0.74017,0.00138,-0.94692
174.38,ETH-27DEC19,1571482742424,open,0.02,1252.0,0.006,0.041,0.020385,91.53,0.02,0.0,ETH-27DEC19-300-C,173.35,91.09,0.02,1.0,0.021,160.0,92.23,0.15319,-0.10179,0.0334,0.00292,0.12187
175.74,ETH-27MAR20,1571482742424,open,1.1,6.0,1.016,1.189,1.101146,93.68,1.165,0.0,ETH-27MAR20-360-P,173.35,0.0,0.0,0.0,0.0,0.0,0.0,0.32424,-0.09499,-1.46452,0.00256,-0.8014
174.38,ETH-27DEC19,1571482742424,open,1.98,37.0,1.896,2.083,1.985684,112.73,0.707,0.0,ETH-27DEC19-520-P,173.35,0.0,0.002,25.0,0.0,0.0,0.0,0.04204,-0.0344,-0.97472,0.00065,-0.9765
173.44,SYN.ETH-25OCT19,1571482742424,open,0.02,1617.0,0.004,0.044,0.020889,71.29,0.023,0.0,ETH-25OCT19-180-C,173.35,62.99,0.017,267.0,0.023,16.0,75.73,0.08212,-0.49819,0.0094,0.02379,0.35741
174.38,ETH-27DEC19,1571482742426,open,0.34,2.0,0.305,0.364,0.335951,84.34,0.346,0.0,ETH-27DEC19-120-C,173.35,0.0,0.101,1.0,0.0,0.0,0.0,0.14651,-0.0897,0.18086,0.00303,0.88558
174.38,ETH-27DEC19,1571482742426,open,0.25,18.0,0.209,0.281,0.247343,80.6,0.305,0.0,ETH-27DEC19-140-C,173.35,0.0,0.0,0.0,0.0,0.0,0.0,0.21904,-0.12816,0.17817,0.00474,0.7888
174.38,ETH-27DEC19,1571482742426,open,0.44,0.0,0.414,0.461,0.438076,92.78,None,0.0,ETH-27DEC19-100-C,173.35,0.0,0.0,0.0,0.0,0.0,0.0,0.08657,-0.05831,0.16618,0.00163,0.94308
173.96,SYN.ETH-29NOV19,1571482742426,open,0.06,30.0,0.033,0.094,0.063334,76.95,0.065,0.0,ETH-29NOV19-160-P,173.35,74.18,0.06,101.0,0.067,458.0,79.99,0.20954,-0.19723,-0.07567,0.00804,-0.32509
173.44,SYN.ETH-25OCT19,1571482742426,open,0.0,3325.0,0.001,0.011,0.000324,119.98,0.001,0.0,ETH-25OCT19-120-P,173.35,0.0,0.0,0.0,0.002,353.0,155.92,0.0039,-0.03982,-0.00018,0.00067,-0.00629
173.44,SYN.ETH-25OCT19,1571482742426,open,0.2,12.0,0.169,0.221,0.195331,103.47,0.192,0.0,ETH-25OCT19-140-C,173.35,0.0,0.0,0.0,0.0,0.0,0.0,0.0208,-0.18315,0.02121,0.00415,0.95515
173.96,SYN.ETH-29NOV19,1571482742428,open,0.62,0.0,0.565,0.672,0.616521,84.82,None,0.0,ETH-29NOV19-280-P,173.35,0.0,0.0,0.0,0.0,0.0,0.0,0.07149,-0.07417,-0.30276,0.00249,-0.93761
174.38,ETH-27DEC19,1571482742433,open,0.01,895.0,0.001,0.022,0.008586,98.86,0.025,0.0,ETH-27DEC19-380-C,173.35,92.92,0.006,310.0,0.011,630.0,103.51,0.08414,-0.06038,0.01524,0.00148,0.0549
173.44,SYN.ETH-25OCT19,1571482742433,open,0.0,4693.0,0.001,0.011,4e-06,119.99,0.001,0.0,ETH-25OCT19-100-P,173.35,0.0,0.0,0.0,0.001,100.0,199.48,0.0001,-0.00073,0.0,2e-05,-0.00011
173.96,SYN.ETH-29NOV19,1571482742433,open,0.4,0.0,0.349,0.448,0.397627,80.66,None,0.0,ETH-29NOV19-240-P,173.35,0.0,0.0,0.0,0.0,0.0,0.0,0.1328,-0.13103,-0.24399,0.00486,-0.85481
174.38,ETH-27DEC19,1571482742435,open,1.53,0.0,1.452,1.615,1.529695,107.5,None,0.0,ETH-27DEC19-440-P,173.35,0.0,0.001,8.0,0.0,0.0,0.0,0.06553,-0.05114,-0.81919,0.00106,-0.95981
173.96,SYN.ETH-29NOV19,1571482742437,open,0.23,1.0,0.19,0.254,0.22411,80.88,0.289,0.0,ETH-29NOV19-140-C,173.35,0.0,0.0,0.0,0.0,0.0,0.0,0.14963,-0.14804,0.11721,0.00546,0.82578
175.74,ETH-27MAR20,1571482742440,open,0.49,175.0,0.418,0.563,0.492502,88.86,0.459,0.0,ETH-27MAR20-240-P,173.35,85.15,0.483,24.0,0.506,24.0,94.09,0.45128,-0.12542,-0.83575,0.00375,-0.59321
174.38,ETH-27DEC19,1571482742440,open,0.0,16550.0,0.001,0.012,0.002042,115.53,0.002,0.0,ETH-27DEC19-600-C,173.35,106.75,0.001,7460.0,0.003,1356.0,121.07,0.02621,-0.02198,0.00377,0.0004,0.01351
174.38,ETH-27DEC19,1571482742440,open,0.01,1086.0,0.001,0.024,0.010018,96.37,0.008,0.0,ETH-27DEC19-360-C,173.35,92.43,0.008,310.0,0.012,480.0,99.83,0.09488,-0.06638,0.01776,0.00172,0.06399
175.74,ETH-27MAR20,1571482742440,open,2.21,0.0,2.101,2.324,2.207872,103.04,None,0.0,ETH-27MAR20-560-P,173.35,0.0,0.01,10.0,0.0,0.0,0.0,0.18444,-0.05944,-2.40222,0.00132,-0.91283
174.38,ETH-27DEC19,1571482742440,open,0.01,8732.0,0.001,0.018,0.00647,107.5,0.006,0.0,ETH-27DEC19-440-C,173.35,103.27,0.005,1200.0,0.008,630.0,111.31,0.06553,-0.05114,0.0111,0.00106,0.04019
173.44,SYN.ETH-25OCT19,1571482742440,open,0.61,3.0,0.568,0.664,0.61437,0.0,0.645,0.0,ETH-25OCT19-280-P,173.35,0.0,0.0,0.0,0.0,0.0,0.0,0.0,0.0,-0.04507,0.0,-1.0
173.44,SYN.ETH-25OCT19,1571482742440,open,0.01,295.0,0.001,0.017,0.00457,87.25,0.005,0.0,ETH-25OCT19-150-P,173.35,78.59,0.003,351.0,0.006,200.0,94.01,0.0345,-0.25615,-0.00252,0.00817,-0.08585
174.38,ETH-27DEC19,1571482742442,open,0.01,936.0,0.003,0.028,0.012105,94.16,0.014,0.0,ETH-27DEC19-340-C,173.35,90.62,0.01,310.0,0.014,160.0,97.08,0.10904,-0.07453,0.02124,0.00202,0.07667
175.74,ETH-27MAR20,1571482742442,open,0.89,7.0,0.807,0.971,0.888702,91.68,0.945,0.0,ETH-27MAR20-320-P,173.35,0.0,0.0,0.0,0.0,0.0,0.0,0.36714,-0.10527,-1.26382,0.00296,-0.75311
175.74,ETH-27MAR20,1571482742442,open,0.39,40.0,0.349,0.428,0.391612,89.19,0.459,0.0,ETH-27MAR20-120-C,173.35,0.0,0.096,1.0,0.0,0.0,0.0,0.29789,-0.08309,0.33497,0.00247,0.82677
174.38,ETH-27DEC19,1571482742442,open,2.44,0.0,2.341,2.553,2.442804,115.53,0.953,0.0,ETH-27DEC19-600-P,173.35,0.0,0.0,0.0,0.0,0.0,0.0,0.02622,-0.02199,-1.12843,0.0004,-0.98649
173.44,SYN.ETH-25OCT19,1571482742442,open,0.0,206.0,0.001,0.011,0.001467,119.83,0.002,0.0,ETH-25OCT19-130-P,173.35,0.0,0.0,0.0,0.003,350.0,136.69,0.01256,-0.12806,-0.00072,0.00216,-0.0243
173.44,SYN.ETH-25OCT19,1571482742442,open,0.05,477.0,0.018,0.074,0.046458,71.22,0.05,0.0,ETH-25OCT19-170-C,173.35,59.99,0.041,120.0,0.05,120.0,78.45,0.08472,-0.51344,0.0156,0.02457,0.60515
173.44,SYN.ETH-25OCT19,1571482742442,open,0.0,45.0,0.001,0.013,0.002816,92.66,0.002,0.0,ETH-25OCT19-210-C,173.35,86.62,0.002,492.0,0.004,401.0,99.92,0.02566,-0.20236,0.00155,0.00572,0.0584
174.38,ETH-27DEC19,1571482742444,open,2.21,0.0,2.119,2.319,2.214363,115.53,0.845,0.0,ETH-27DEC19-560-P,173.35,0.0,0.0,0.0,0.0,0.0,0.0,0.0352,-0.02952,-1.05144,0.00053,-0.98095
175.74,ETH-27MAR20,1571482742449,open,0.02,67.0,0.005,0.041,0.018582,108.45,0.017,0.0,ETH-27MAR20-640-C,173.35,103.14,0.014,150.0,0.021,240.0,110.95,0.16409,-0.05565,0.04318,0.00112,0.07467
174.38,ETH-27DEC19,1571482742449,open,0.42,2287.0,0.363,0.478,0.420672,83.89,0.354,0.0,ETH-27DEC19-240-P,173.35,0.0,0.001,15.0,0.0,0.0,0.0,0.23748,-0.14462,-0.38727,0.00493,-0.75625
174.38,ETH-27DEC19,1571482742449,open,0.03,3705.0,0.012,0.058,0.032651,85.8,0.038,0.0,ETH-27DEC19-260-C,173.35,83.51,0.03,148.0,0.035,128.0,87.79,0.20422,-0.12721,0.05112,0.00415,0.188
175.74,ETH-27MAR20,1571482742449,open,0.04,987.0,0.016,0.076,0.043524,96.53,0.043,0.0,ETH-27MAR20-400-C,173.35,94.36,0.04,50.0,0.047,150.0,98.6,0.29047,-0.08769,0.0947,0.00222,0.16655
175.74,ETH-27MAR20,1571482742449,open,0.05,557.0,0.022,0.088,0.052666,93.68,0.055,0.0,ETH-27MAR20-360-C,173.35,91.1,0.048,181.0,0.057,409.0,95.99,0.32424,-0.09499,0.11233,0.00256,0.1986
174.38,ETH-27DEC19,1571482742449,open,0.1,12794.0,0.058,0.132,0.095142,80.08,0.092,0.0,ETH-27DEC19-160-P,173.35,78.73,0.093,130.0,0.098,128.0,81.88,0.27653,-0.16076,-0.14212,0.00602,-0.33675
173.96,SYN.ETH-29NOV19,1571482742449,open,0.43,0.0,0.41,0.452,0.431113,103.19,None,0.0,ETH-29NOV19-100-C,173.35,0.0,0.0,0.0,0.0,0.0,0.0,0.04798,-0.06057,0.10345,0.00137,0.96213
173.44,SYN.ETH-25OCT19,1571482742451,open,0.0,1600.0,0.001,0.011,0.001445,97.44,0.002,0.0,ETH-25OCT19-220-C,173.35,0.0,0.0,0.0,0.003,250.0,111.17,0.01551,-0.12862,0.00083,0.00329,0.03131
173.44,SYN.ETH-25OCT19,1571482742451,open,0.0,104.0,0.001,0.011,0.000984,105.7,0.001,0.0,ETH-25OCT19-230-C,173.35,0.0,0.0,0.0,0.002,150.0,118.25,0.01101,-0.09901,0.00055,0.00215,0.02079
173.96,SYN.ETH-29NOV19,1571482742451,open,0.09,277.0,0.052,0.118,0.086461,75.97,0.124,0.0,ETH-29NOV19-180-C,173.35,74.88,0.085,3.0,0.09,416.0,78.62,0.23223,-0.21582,0.08,0.00902,0.49711
175.74,ETH-27MAR20,1571482742453,open,0.18,1479.0,0.127,0.228,0.181555,87.93,0.178,0.0,ETH-27MAR20-200-C,173.35,84.69,0.173,134.0,0.188,434.0,90.38,0.46291,-0.1273,0.26624,0.00389,0.52742
174.38,ETH-27DEC19,1571482742455,open,0.01,7725.0,0.001,0.022,0.008484,103.53,0.008,0.0,ETH-27DEC19-400-C,173.35,102.47,0.008,565.0,0.009,190.0,104.62,0.0812,-0.06102,0.01448,0.00137,0.05248
175.74,ETH-27MAR20,1571482742455,open,1.98,0.0,1.882,2.094,1.983742,101.46,None,0.0,ETH-27MAR20-520-P,173.35,0.0,0.005,10.0,0.0,0.0,0.0,0.20459,-0.06492,-2.21957,0.00149,-0.89968
175.74,ETH-27MAR20,1571482742455,open,2.44,0.0,2.322,2.561,2.436637,108.45,None,0.0,ETH-27MAR20-600-P,173.35,0.0,0.02,10.0,0.0,0.0,0.0,0.18604,-0.06309,-2.57753,0.00127,-0.91181
174.38,ETH-27DEC19,1571482742455,open,2.9,0.0,2.787,3.025,2.900945,120.0,None,0.0,ETH-27DEC19-680-P,173.35,0.0,0.002,10.0,0.0,0.0,0.0,0.0191,-0.01664,-1.28054,0.00028,-0.99061
174.38,ETH-27DEC19,1571482742455,open,0.02,6593.0,0.009,0.043,0.024104,84.34,0.025,0.0,ETH-27DEC19-120-P,173.35,81.79,0.022,149.0,0.026,160.0,86.57,0.14651,-0.0897,-0.04558,0.00303,-0.11442
174.38,ETH-27DEC19,1571482742455,open,0.02,1365.0,0.004,0.033,0.015066,92.13,0.014,0.0,ETH-27DEC19-320-C,173.35,89.19,0.013,150.0,0.017,480.0,94.71,0.12699,-0.08493,0.02596,0.0024,0.09395
174.38,ETH-27DEC19,1571482742455,open,2.67,0.0,2.564,2.788,2.671637,116.23,None,0.0,ETH-27DEC19-640-P,173.35,0.0,0.0,0.0,0.0,0.0,0.0,0.02036,-0.01718,-1.20485,0.00031,-0.98991
174.38,ETH-27DEC19,1571482742455,open,0.0,12462.0,0.001,0.011,0.001415,120.0,0.005,0.0,ETH-27DEC19-680-C,173.35,115.71,0.001,1000.0,0.002,2399.0,124.69,0.0191,-0.01664,0.00262,0.00028,0.00938
175.74,ETH-27MAR20,1571482742457,open,0.27,575.0,0.212,0.31,0.265276,87.54,0.263,0.0,ETH-27MAR20-160-C,173.35,83.65,0.256,24.0,0.273,300.0,90.78,0.41902,-0.11471,0.3148,0.00354,0.67423
173.96,SYN.ETH-29NOV19,1571482742457,open,0.73,0.0,0.676,0.787,0.729475,88.25,None,0.0,ETH-29NOV19-300-P,173.35,0.0,0.0,0.0,0.0,0.0,0.0,0.05497,-0.05934,-0.32819,0.00184,-0.95521
174.38,ETH-27DEC19,1571482742460,open,1.07,257.0,1.008,1.147,1.074475,96.37,0.7,0.0,ETH-27DEC19-360-P,173.35,0.0,0.01,2.0,0.0,0.0,0.0,0.09488,-0.06638,-0.66156,0.00172,-0.93601
175.74,ETH-27MAR20,1571482742465,open,0.09,1099.0,0.048,0.134,0.091358,90.2,0.09,0.0,ETH-27MAR20-280-C,173.35,87.47,0.085,143.0,0.097,403.0,92.58,0.41316,-0.11655,0.17213,0.00339,0.31497
175.74,ETH-27MAR20,1571482742465,open,1.32,3.0,1.23,1.413,1.319614,96.53,1.39,0.0,ETH-27MAR20-400-P,173.35,0.0,0.001,10.0,0.0,0.0,0.0,0.29047,-0.08769,-1.65736,0.00222,-0.83345
173.96,SYN.ETH-29NOV19,1571482742465,open,0.01,13.0,0.001,0.014,0.004994,88.56,0.016,0.0,ETH-29NOV19-300-C,173.35,81.36,0.003,310.0,0.007,361.0,94.23,0.05563,-0.06026,0.00788,0.00185,0.04545
173.96,SYN.ETH-29NOV19,1571482742465,open,0.03,317.0,0.011,0.05,0.028868,80.83,0.027,0.0,ETH-29NOV19-140-P,173.35,77.45,0.026,265.0,0.031,128.0,83.29,0.14957,-0.14788,-0.03954,0.00546,-0.1741
175.74,ETH-27MAR20,1571482742467,open,2.66,0.0,2.541,2.79,2.660118,108.23,None,0.0,ETH-27MAR20-640-P,173.35,0.0,0.0,0.0,0.0,0.0,0.0,0.16304,-0.05518,-2.76045,0.00111,-0.92595
174.38,ETH-27DEC19,1571482742467,open,0.74,1.0,0.679,0.806,0.740766,91.53,0.494,0.0,ETH-27DEC19-300-P,173.35,0.0,0.001,5.0,0.0,0.0,0.0,0.15319,-0.10179,-0.53271,0.00292,-0.87813
173.44,SYN.ETH-25OCT19,1571482742467,open,0.33,0.0,0.288,0.37,0.327037,104.46,None,0.0,ETH-25OCT19-230-P,173.35,0.0,0.0,0.0,0.0,0.0,0.0,0.01044,-0.09283,-0.0365,0.00206,-0.98047
175.74,ETH-27MAR20,1571482742470,open,0.04,956.0,0.012,0.064,0.034523,97.62,0.05,0.0,ETH-27MAR20-440-C,173.35,95.12,0.031,150.0,0.038,260.0,99.97,0.25409,-0.07758,0.07828,0.00192,0.13622
175.74,ETH-27MAR20,1571482742470,open,0.02,915.0,0.006,0.045,0.021524,103.21,0.022,0.0,ETH-27MAR20-560-C,173.35,100.74,0.019,150.0,0.024,240.0,105.49,0.18527,-0.05981,0.05094,0.00133,0.0877
175.74,ETH-27MAR20,1571482742470,open,0.03,1150.0,0.009,0.056,0.029036,99.6,0.035,0.0,ETH-27MAR20-480-C,173.35,97.19,0.026,150.0,0.032,240.0,101.84,0.22731,-0.07081,0.06703,0.00169,0.11611
173.44,SYN.ETH-25OCT19,1571482742470,open,0.0,1170.0,0.001,0.011,0.000225,120.01,0.001,0.0,ETH-25OCT19-260-C,173.35,0.0,0.0,0.0,0.001,30.0,143.22,0.00313,-0.03192,0.00013,0.00054,0.0049
173.96,SYN.ETH-29NOV19,1571482742470,open,0.2,0.0,0.154,0.244,0.199624,76.12,None,0.0,ETH-29NOV19-200-P,173.35,0.0,0.0,0.0,0.0,0.0,0.0,0.2126,-0.19796,-0.16802,0.00824,-0.66288
173.44,SYN.ETH-25OCT19,1571482742470,open,0.16,736.0,0.121,0.195,0.156731,78.06,0.148,0.0,ETH-25OCT19-200-P,173.35,0.0,0.153,1.0,0.178,17.0,145.19,0.03344,-0.22212,-0.03,0.00885,-0.91764
173.96,SYN.ETH-29NOV19,1571482742470,open,0.29,0.0,0.246,0.341,0.293325,77.28,None,0.0,ETH-29NOV19-220-P,173.35,0.0,0.0,0.0,0.0,0.0,0.0,0.17149,-0.16211,-0.20947,0.00655,-0.78193
173.96,SYN.ETH-29NOV19,1571482742472,open,0.01,148.0,0.001,0.025,0.010952,82.66,0.011,0.0,ETH-29NOV19-260-C,173.35,79.02,0.009,310.0,0.013,360.0,86.15,0.09789,-0.09898,0.01624,0.00349,0.09434
173.96,SYN.ETH-29NOV19,1571482742472,open,0.12,161.0,0.081,0.16,0.121149,75.93,0.132,0.0,ETH-29NOV19-180-P,173.35,71.32,0.115,96.0,0.124,320.0,78.06,0.23223,-0.21569,-0.12158,0.00903,-0.50295
174.38,ETH-27DEC19,1571482742474,open,0.0,7122.0,0.001,0.012,0.002985,115.53,0.006,0.0,ETH-27DEC19-560-C,173.35,109.96,0.002,1200.0,0.004,1072.0,120.07,0.0352,-0.02952,0.00529,0.00053,0.01905
174.38,ETH-27DEC19,1571482742474,open,0.63,311.0,0.571,0.692,0.630309,87.85,0.71,0.0,ETH-27DEC19-280-P,173.35,0.0,0.001,8.0,0.0,0.0,0.0,0.17411,-0.11103,-0.48815,0.00345,-0.85317
173.96,SYN.ETH-29NOV19,1571482742474,open,0.5,0.0,0.456,0.558,0.505502,82.51,None,0.0,ETH-29NOV19-260-P,173.35,0.0,0.0,0.0,0.0,0.0,0.0,0.09751,-0.09841,-0.275,0.00349,-0.90616
174.38,ETH-27DEC19,1571482742476,open,0.0,10984.0,0.001,0.013,0.003521,112.02,0.004,0.0,ETH-27DEC19-520-C,173.35,104.22,0.002,2150.0,0.005,150.0,117.63,0.04073,-0.03312,0.00629,0.00063,0.02264
174.38,ETH-27DEC19,1571482742476,open,0.03,1529.0,0.008,0.047,0.024621,87.85,0.027,0.0,ETH-27DEC19-280-C,173.35,85.16,0.022,150.0,0.027,160.0,90.18,0.17411,-0.11103,0.04021,0.00345,0.14683
173.96,SYN.ETH-29NOV19,1571482742478,open,0.01,184.0,0.003,0.025,0.012068,88.13,0.014,0.0,ETH-29NOV19-120-P,173.35,83.79,0.01,310.0,0.014,500.0,91.89,0.08637,-0.0931,-0.01789,0.00289,-0.07979
173.44,SYN.ETH-25OCT19,1571482742478,open,0.0,1852.0,0.001,0.011,0.000967,118.54,0.001,0.0,ETH-25OCT19-240-C,173.35,0.0,0.0,0.0,0.002,200.0,132.45,0.01,-0.10083,0.00049,0.00174,0.01855
173.96,SYN.ETH-29NOV19,1571482742478,open,0.03,838.0,0.01,0.051,0.028705,77.35,0.027,0.0,ETH-29NOV19-220-C,173.35,74.57,0.026,264.0,0.031,348.0,79.65,0.17163,-0.16239,0.03695,0.00655,0.21836
174.38,ETH-27DEC19,1571482742482,open,0.52,946.0,0.465,0.583,0.523647,85.8,0.3,0.0,ETH-27DEC19-260-P,173.35,0.0,0.0,0.0,0.0,0.0,0.0,0.20422,-0.12721,-0.4395,0.00415,-0.812
174.38,ETH-27DEC19,1571482742482,open,0.0,4670.0,0.001,0.011,0.001021,120.0,0.002,0.0,ETH-27DEC19-720-C,173.35,119.75,0.001,1011.0,0.002,10.0,128.94,0.01468,-0.01278,0.00195,0.00021,0.00695
174.38,ETH-27DEC19,1571482742482,open,3.35,0.0,3.232,3.496,3.35904,120.0,None,0.0,ETH-27DEC19-760-P,173.35,0.0,0.0,0.0,0.0,0.0,0.0,0.01131,-0.00985,-1.43266,0.00016,-0.99482
173.44,SYN.ETH-25OCT19,1571482742482,open,0.42,18.0,0.406,0.44,0.423459,140.48,0.411,0.0,ETH-25OCT19-100-C,173.35,0.0,0.0,0.0,0.0,0.0,0.0,0.00056,-0.00672,0.01608,8e-05,0.99926
173.44,SYN.ETH-25OCT19,1571482742482,open,0.25,0.0,0.228,0.276,0.251958,120.42,None,0.0,ETH-25OCT19-130-C,173.35,0.0,0.0,0.0,0.0,0.0,0.0,0.01278,-0.13097,0.02019,0.00219,0.97519
173.44,SYN.ETH-25OCT19,1571482742482,open,0.31,6.0,0.287,0.329,0.30847,121.69,0.36,0.0,ETH-25OCT19-120-C,173.35,0.0,0.0,0.0,0.0,0.0,0.0,0.00423,-0.0438,0.01911,0.00072,0.99311
173.96,SYN.ETH-29NOV19,1571482742484,open,0.0,0.0,0.001,0.013,0.003983,93.07,None,0.0,ETH-29NOV19-320-C,173.35,83.87,0.002,310.0,0.006,310.0,99.78,0.04585,-0.0522,0.0062,0.00145,0.03583
173.44,SYN.ETH-25OCT19,1571482742490,open,0.14,0.0,0.11,0.168,0.139753,87.5,None,0.0,ETH-25OCT19-150-C,173.35,0.0,0.0,0.0,0.0,0.0,0.0,0.03467,-0.25815,0.02161,0.00818,0.91358
8073.69,BTC-27MAR20,1571482743013,open,0.08,290.5,0.045,0.1115,0.07741855,78.34,0.0775,0.0,BTC-27MAR20-6000-P,7940.38,76.77,0.0745,4.9,0.079,0.1,79.18,15.08308,-3.69538,-9.90849,7e-05,-0.20277
8073.69,BTC-27MAR20,1571482743015,open,0.08,290.5,0.045,0.1115,0.07741855,78.34,0.0775,0.0,BTC-27MAR20-6000-P,7940.38,76.77,0.0745,5.9,0.079,0.1,79.18,15.08308,-3.69538,-9.90849,7e-05,-0.20277
7991.18,BTC-27DEC19,1571482743209,open,0.0,442.4,0.0005,0.0105,9.33e-05,115.0,0.001,0.0,BTC-27DEC19-44000-C,7940.38,0.0,0.0,0.0,0.002,30.0,149.83,0.09252,-0.07724,0.01029,0.0,0.00078
8073.74,BTC-27MAR20,1571482743316,open,0.04,936.0,0.0145,0.07,0.03853098,83.01,0.0375,0.0,BTC-27MAR20-16000-C,7940.54,81.14,0.0355,15.0,0.042,4.9,85.08,13.31335,-3.45622,4.50598,6e-05,0.16595
8073.74,BTC-27MAR20,1571482743319,open,0.04,936.0,0.0145,0.07,0.03853098,83.01,0.0375,0.0,BTC-27MAR20-16000-C,7940.54,81.14,0.0355,15.0,0.042,5.9,85.08,13.31335,-3.45622,4.50598,6e-05,0.16595
7970.5,SYN.BTC-29NOV19,1571482743318,open,0.02,104.2,0.009,0.043,0.02411188,72.16,0.0215,0.0,BTC-29NOV19-6500-P,7940.54,70.22,0.0225,15.0,0.026,2.0,74.39,6.678,-5.89457,-1.70765,0.00013,-0.1672
7991.18,BTC-27DEC19,1571482743326,open,0.08,353.3,0.0465,0.1115,0.07935975,72.61,0.076,0.0,BTC-27DEC19-9000-C,7940.54,70.62,0.076,31.4,0.0825,25.0,74.46,13.51983,-7.12618,5.03465,0.00015,0.41324
7944.71,SYN.BTC-25OCT19,1571482743331,open,0.03,1603.2,0.014,0.0605,0.03256187,57.01,0.032,0.0,BTC-25OCT19-8000-P,7940.54,50.94,0.0295,13.0,0.034,4.6,59.85,4.01418,-19.47322,-0.71156,0.00069,-0.52381
7944.71,SYN.BTC-25OCT19,1571482743339,open,0.09,0.2,0.071,0.116,0.0937761,68.82,0.111,0.0,BTC-25OCT19-7250-C,7940.54,55.46,0.0905,6.0,0.0955,6.0,74.73,2.21613,-12.97793,0.98315,0.00032,0.86251
7970.5,SYN.BTC-29NOV19,1571482743351,open,0.13,84.9,0.0935,0.1605,0.12724622,65.52,0.123,0.0,BTC-29NOV19-8500-P,7940.54,63.42,0.1245,7.0,0.132,22.4,69.13,10.46289,-8.38521,-6.24941,0.00022,-0.57289
173.44,SYN.ETH-25OCT19,1571482743614,open,0.27,483.0,0.232,0.311,0.269915,96.6,0.23,0.0,ETH-25OCT19-220-P,173.35,0.0,0.247,14.0,0.293,14.0,194.06,0.01502,-0.12352,-0.03461,0.00321,-0.96987
174.38,ETH-27DEC19,1571482743739,open,0.09,7636.0,0.05,0.122,0.087156,80.77,0.087,0.0,ETH-27DEC19-200-C,173.35,78.9,0.084,136.0,0.09,596.0,82.45,0.29528,-0.17313,0.10781,0.00637,0.41478
7944.71,SYN.BTC-25OCT19,1571482743750,open,0.02,329.0,0.004,0.039,0.01860309,58.49,0.018,0.0,BTC-25OCT19-7750-P,7940.54,54.02,0.0165,16.0,0.0205,24.2,62.5,3.75328,-18.68263,-0.478,0.00063,-0.35515
7991.18,BTC-27DEC19,1571482743764,open,0.05,397.4,0.0235,0.0735,0.04697681,75.34,0.0485,0.0,BTC-27DEC19-6500-P,7940.54,73.77,0.045,18.0,0.0495,46.3,77.33,10.09887,-5.52369,-3.92631,0.00011,-0.2134
8073.74,BTC-27MAR20,1571482743774,open,0.04,936.0,0.0145,0.07,0.03853183,83.01,0.0375,0.0,BTC-27MAR20-16000-C,7940.54,81.14,0.0355,19.9,0.042,5.9,85.08,13.31335,-3.45622,4.50598,6e-05,0.16595
7991.18,BTC-27DEC19,1571482743776,open,0.09,223.4,0.0595,0.128,0.09366034,72.92,0.095,0.0,BTC-27DEC19-7500-P,7940.54,70.98,0.0905,14.0,0.097,24.0,74.98,12.98605,-6.87449,-6.83994,0.00015,-0.35993
7991.18,BTC-27DEC19,1571482743785,open,0.09,223.4,0.0595,0.128,0.09366034,72.92,0.095,0.0,BTC-27DEC19-7500-P,7940.54,70.98,0.0905,14.0,0.097,43.3,74.98,12.98605,-6.87449,-6.83994,0.00015,-0.35993
7949.87,SYN.BTC-1NOV19,1571482743791,open,0.11,0.0,0.086,0.1415,0.11223798,57.44,None,0.0,BTC-1NOV19-8750-P,7940.54,53.07,0.11,10.0,0.1155,6.0,63.39,4.20364,-9.37664,-2.55301,0.00033,-0.79813
7949.87,SYN.BTC-1NOV19,1571482743800,open,0.1,0.0,0.077,0.124,0.10128691,61.41,None,0.0,BTC-1NOV19-7250-C,7940.54,54.84,0.098,6.0,0.1025,6.0,63.72,4.12729,-9.84279,1.97116,0.0003,0.80417
7949.87,SYN.BTC-1NOV19,1571482743803,open,0.13,0.2,0.1055,0.1505,0.12834036,65.17,0.1255,0.0,BTC-1NOV19-7000-C,7940.54,56.28,0.125,6.0,0.1295,6.0,67.94,3.25,-8.22475,2.06449,0.00022,0.86451
7991.18,BTC-27DEC19,1571482743805,open,0.19,51.9,0.157,0.2245,0.19197174,74.18,0.1955,0.0,BTC-27DEC19-7000-C,7940.54,71.47,0.188,16.9,0.195,12.0,76.23,11.75809,-6.33157,7.90768,0.00013,0.71637
7944.71,SYN.BTC-25OCT19,1571482743813,open,0.08,172.8,0.0535,0.1065,0.0769485,57.01,0.0755,0.0,BTC-25OCT19-8500-P,7940.54,49.27,0.0745,14.0,0.0795,6.0,64.19,2.68723,-13.0361,-1.14122,0.00046,-0.81538
7991.39,BTC-27DEC19,1571482744218,open,1.76,4.9,1.6995,1.817,1.75536695,100.23,1.0385,0.0,BTC-27DEC19-22000-P,7940.98,0.0,0.0,0.0,0.0,0.0,0.0,1.50067,-1.0919,-41.28638,1e-05,-0.98249
7991.39,BTC-27DEC19,1571482744218,open,0.0,1544.5,0.0005,0.0105,2.615e-05,115.0,0.0005,0.0,BTC-27DEC19-52000-C,7940.98,0.0,0.0,0.0,0.001,29.0,150.88,0.03036,-0.02535,0.00312,0.0,0.00023
8073.94,BTC-27MAR20,1571482744218,open,0.02,1003.7,0.007,0.036,0.01927492,84.65,0.0185,0.0,BTC-27MAR20-4000-P,7940.98,83.06,0.018,1.0,0.021,10.0,86.73,6.57546,-1.74082,-2.89359,3e-05,-0.06255
7991.39,BTC-27DEC19,1571482744218,open,4.01,0.0,3.9075,4.109,4.00570287,120.05,2.58,0.0,BTC-27DEC19-40000-P,7940.98,0.0,0.001,1.0,0.0,0.0,0.0,0.2543,-0.22162,-75.44961,0.0,-0.99765
7991.39,BTC-27DEC19,1571482744218,open,0.81,10.1,0.8025,0.822,0.8123153,112.96,0.8205,0.0,BTC-27DEC19-1500-C,7940.98,0.0,0.804,1.0,0.8205,1.0,233.17,0.01743,-0.0143,2.8283,0.0,0.99987
7991.39,BTC-27DEC19,1571482744218,open,0.41,260.6,0.3665,0.454,0.40934081,75.08,0.3825,0.0,BTC-27DEC19-11000-P,7940.98,0.0,0.373,6.0,0.4415,6.0,98.28,9.92255,-5.40848,-18.1298,0.00011,-0.79292
7991.39,BTC-27DEC19,1571482744218,open,0.01,683.3,0.0015,0.0275,0.01149941,81.98,0.014,0.0,BTC-27DEC19-14000-C,7940.98,79.6,0.01,26.0,0.013,24.0,84.2,5.22433,-3.10925,1.05266,5e-05,0.08131
7991.39,BTC-27DEC19,1571482744218,open,0.15,204.0,0.1185,0.1885,0.1551256,72.91,0.153,0.0,BTC-27DEC19-7500-C,7940.98,70.68,0.1515,27.4,0.1585,22.0,74.99,12.98598,-6.87355,7.31334,0.00015,0.6401
8073.94,BTC-27MAR20,1571482744218,open,0.02,153.4,0.0045,0.04,0.01757481,89.44,0.018,0.0,BTC-27MAR20-22000-C,7940.98,86.74,0.015,17.0,0.02,14.0,91.8,8.03018,-2.24627,2.24835,3e-05,0.08115
8073.94,BTC-27MAR20,1571482744218,open,0.13,269.1,0.081,0.171,0.12687898,77.77,0.123,0.0,BTC-27MAR20-10000-C,7940.98,76.28,0.123,1.0,0.131,10.0,79.35,21.05214,-5.12011,10.97084,9e-05,0.4371
7991.83,BTC-27DEC19,1571482744218,open,0.0,342.0,0.0005,0.0105,4.871e-05,115.0,0.0005,0.0,BTC-27DEC19-48000-C,7940.98,0.0,0.0,0.0,0.001,29.0,145.52,0.05252,-0.04384,0.0056,0.0,0.00042
8073.94,BTC-27MAR20,1571482744218,open,2.97,0.0,2.8875,3.066,2.97182791,99.74,None,0.0,BTC-27MAR20-32000-P,7940.98,0.0,0.001,1.0,0.0,0.0,0.0,4.56205,-1.42311,-139.06567,2e-05,-0.96046
7991.83,BTC-27DEC19,1571482744218,open,0.03,741.6,0.0125,0.058,0.0328232,75.05,0.033,0.0,BTC-27DEC19-11000-C,7940.98,73.15,0.0305,41.3,0.035,78.3,76.78,9.91992,-5.4044,2.62626,0.00011,0.20697
7991.83,BTC-27DEC19,1571482744218,open,0.0,96.3,0.0005,0.0105,0.00020284,115.01,0.001,0.0,BTC-27DEC19-2000-P,7940.98,126.49,0.0005,7.1,0.001,1.0,137.55,0.14372,-0.11999,-0.02195,0.0,-0.00125
7991.83,BTC-27DEC19,1571482744218,open,3.01,0.3,2.926,3.089,3.00500386,116.53,1.875,0.0,BTC-27DEC19-32000-P,7940.98,0.0,0.0,0.0,0.0,0.0,0.0,0.62793,-0.53122,-60.30094,0.0,-0.99357
8073.94,BTC-27MAR20,1571482744218,open,0.2,331.1,0.1455,0.2445,0.19596736,77.12,0.1955,0.0,BTC-27MAR20-8000-P,7940.98,75.17,0.191,5.9,0.2005,9.0,78.91,20.53663,-4.9533,-20.80547,9e-05,-0.39234
7991.83,BTC-27DEC19,1571482744218,open,0.0,576.4,0.0005,0.011,0.00108366,108.97,0.001,0.0,BTC-27DEC19-28000-C,7940.98,100.93,0.0005,30.0,0.002,31.0,116.62,0.75527,-0.59746,0.10328,1e-05,0.00793
8073.94,BTC-27MAR20,1571482744219,open,3.22,0.0,3.13,3.3185,3.21916481,102.38,None,0.0,BTC-27MAR20-34000-P,7940.98,0.0,0.0005,1.0,0.0,0.0,0.0,4.34846,-1.3923,-147.89266,1e-05,-0.96271
8073.94,BTC-27MAR20,1571482744219,open,0.2,112.3,0.157,0.2485,0.20511233,77.12,0.206,0.0,BTC-27MAR20-8000-C,7940.98,75.11,0.2,3.6,0.2105,19.0,79.24,20.53672,-4.95299,14.23602,9e-05,0.60766
7991.83,BTC-27DEC19,1571482744219,open,0.02,501.5,0.004,0.033,0.01518014,78.88,0.015,0.0,BTC-27DEC19-13000-C,7940.98,77.37,0.014,25.0,0.0165,0.1,80.51,6.35301,-3.63812,1.36855,7e-05,0.10593
7991.83,BTC-27DEC19,1571482744219,open,1.01,22.0,0.965,1.0595,1.00939849,88.08,1.0275,0.0,BTC-27DEC19-16000-P,7940.98,0.0,0.8,10.0,0.0,0.0,0.0,3.71156,-2.37335,-29.51411,3e-05,-0.94769
7991.83,BTC-27DEC19,1571482744219,open,0.05,558.8,0.024,0.0795,0.05059704,73.58,0.047,0.0,BTC-27DEC19-10000-C,7940.98,71.49,0.0475,39.3,0.0535,47.3,75.5,11.96066,-6.38842,3.67156,0.00013,0.29406
7991.83,BTC-27DEC19,1571482744219,open,0.57,4.0,0.554,0.5795,0.56602597,104.33,0.666,0.0,BTC-27DEC19-3500-C,7940.98,0.0,0.5555,14.0,0.574,14.0,130.91,1.6994,-1.2871,6.23907,1e-05,0.97974
7991.83,BTC-27DEC19,1571482744219,open,5.01,0.0,4.889,5.1295,5.00667101,137.54,None,0.0,BTC-27DEC19-48000-P,7940.98,0.0,0.001,0.1,0.0,0.0,0.0,0.35997,-0.35942,-90.53236,0.0,-0.99655
7991.83,BTC-27DEC19,1571482744219,open,0.21,748.5,0.163,0.247,0.20560349,72.65,0.195,0.0,BTC-27DEC19-9000-P,7940.98,48.82,0.1665,9.0,0.211,18.0,75.83,13.52255,-7.13147,-11.94619,0.00015,-0.58655
7970.69,SYN.BTC-29NOV19,1571482744218,open,0.51,0.0,0.478,0.5495,0.51199028,74.65,None,0.0,BTC-29NOV19-12000-P,7940.98,0.0,0.0005,1.0,0.0,0.0,0.0,3.38792,-3.09345,-12.91487,6e-05,-0.93485
7944.87,SYN.BTC-25OCT19,1571482744218,open,0.76,3.0,0.728,0.798,0.7621813,138.32,0.775,0.0,BTC-25OCT19-14000-P,7940.98,0.0,0.739,3.0,0.792,3.0,357.05,0.02903,-0.34174,-2.25266,0.0,-0.99916
7970.69,SYN.BTC-29NOV19,1571482744219,open,0.0,1026.5,0.0005,0.014,0.00420443,78.97,0.0055,0.0,BTC-29NOV19-13000-C,7940.98,76.53,0.0035,20.5,0.005,0.1,81.45,2.42887,-2.34625,0.34466,4e-05,0.04282
8074.38,BTC-27MAR20,1571482744220,open,3.96,1.0,3.8585,4.073,3.96040798,107.68,2.7125,0.0,BTC-27MAR20-40000-P,7940.98,0.0,0.0005,3.0,0.0,0.0,0.0,3.58041,-1.20578,-174.3935,1e-05,-0.97055
7991.83,BTC-27DEC19,1571482744220,open,0.63,0.0,0.617,0.6375,0.62672371,109.89,None,0.0,BTC-27DEC19-3000-C,7940.98,0.0,0.618,16.0,0.634,16.0,144.28,1.00353,-0.80059,5.46371,1e-05,0.98902
7944.87,SYN.BTC-25OCT19,1571482744218,open,0.01,1299.2,0.0005,0.028,0.0104946,62.45,0.0115,0.0,BTC-25OCT19-7500-P,7940.98,58.41,0.009,19.0,0.012,24.0,66.38,2.99684,-15.92511,-0.29679,0.00047,-0.22157
7944.87,SYN.BTC-25OCT19,1571482744218,open,0.0,47.1,0.0005,0.0125,0.00263857,83.65,0.002,0.0,BTC-25OCT19-6750-P,7940.98,74.5,0.0015,56.0,0.0035,2.1,89.23,1.13826,-8.10211,-0.07506,0.00013,-0.05605
7944.87,SYN.BTC-25OCT19,1571482744218,open,1.01,0.0,0.9745,1.055,1.01391888,168.31,None,0.0,BTC-25OCT19-16000-P,7940.98,0.0,0.001,0.1,0.0,0.0,0.0,0.02632,-0.37692,-2.57473,0.0,-0.99924
7991.83,BTC-27DEC19,1571482744220,open,0.75,0.0,0.74,0.7595,0.74992691,113.83,None,0.0,BTC-27DEC19-2000-C,7940.98,0.0,0.7415,1.0,0.758,1.0,193.94,0.13276,-0.10971,3.75393,0.0,0.99885
7970.69,SYN.BTC-29NOV19,1571482744218,open,0.0,136.7,0.0005,0.013,0.00307021,83.85,0.0045,0.0,BTC-29NOV19-14000-C,7940.98,78.63,0.002,46.0,0.0045,21.0,89.25,1.86156,-1.90924,0.24871,3e-05,0.03093
7944.87,SYN.BTC-25OCT19,1571482744219,open,0.0,514.1,0.0005,0.0105,2.31e-06,115.0,0.0005,0.0,BTC-25OCT19-14000-C,7940.98,0.0,0.0,0.0,0.0005,0.5,174.99,0.00283,-0.01832,9e-05,0.0,7e-05
8074.38,BTC-27MAR20,1571482744221,open,0.01,588.0,0.0005,0.0195,0.00607498,106.78,0.006,0.0,BTC-27MAR20-40000-C,7940.98,104.09,0.005,1.0,0.0075,1.0,109.9,3.43397,-1.14677,0.77561,1e-05,0.02801
7970.69,SYN.BTC-29NOV19,1571482744218,open,0.01,110.6,0.0005,0.022,0.00892057,73.72,0.009,0.0,BTC-29NOV19-11500-C,7940.98,70.91,0.0075,18.0,0.0105,50.0,76.6,4.20632,-3.79332,0.69273,8e-05,0.08653
7970.69,SYN.BTC-29NOV19,1571482744220,open,0.57,0.0,0.539,0.611,0.57324404,76.33,None,0.0,BTC-29NOV19-12500-P,7940.98,0.0,0.0,0.0,0.0,0.0,0.0,2.80166,-2.61599,-13.58649,5e-05,-0.94884
7970.69,SYN.BTC-29NOV19,1571482744219,open,0.01,365.9,0.0015,0.026,0.01147897,71.42,0.0105,0.0,BTC-29NOV19-11000-C,7940.98,69.83,0.0105,24.2,0.0125,1.0,73.01,5.00448,-4.37185,0.87639,0.0001,0.10966
7944.87,SYN.BTC-25OCT19,1571482744220,open,0.38,14.5,0.3575,0.4145,0.38480553,100.91,0.3765,0.0,BTC-25OCT19-11000-P,7940.98,0.0,0.3845,2.9,0.4045,5.0,221.08,0.18693,-1.60518,-1.76263,2e-05,-0.99338
7944.87,SYN.BTC-25OCT19,1571482744218,open,0.0,519.4,0.0005,0.0105,1.778e-05,115.0,0.0005,0.0,BTC-25OCT19-13000-C,7940.98,0.0,0.0,0.0,0.0005,8.0,155.14,0.01725,-0.14124,0.00059,0.0,0.00048
7970.69,SYN.BTC-29NOV19,1571482744220,open,0.28,0.0,0.241,0.3125,0.27619984,68.36,0.245,0.0,BTC-29NOV19-10000-P,7940.98,0.0,0.245,5.0,0.305,5.0,95.9,7.24288,-6.05601,-9.69392,0.00015,-0.8098
7944.87,SYN.BTC-25OCT19,1571482744218,open,0.2,14.9,0.1725,0.224,0.19695689,75.03,0.139,0.0,BTC-25OCT19-9500-P,7940.98,0.0,0.1785,6.0,0.2155,6.0,151.06,0.75321,-4.80893,-1.48787,0.0001,-0.9664
7944.87,SYN.BTC-25OCT19,1571482744219,open,0.0,60.9,0.0005,0.0105,0.0002367,111.45,0.0005,0.0,BTC-25OCT19-11500-C,7940.98,0.0,0.0,0.0,0.0005,1.0,121.36,0.1579,-1.49755,0.00669,1e-05,0.00547
7970.69,SYN.BTC-29NOV19,1571482744218,open,0.33,0.0,0.2985,0.369,0.33275116,69.57,0.3575,0.0,BTC-29NOV19-10500-P,7940.98,0.0,0.303,4.0,0.365,4.0,103.45,6.01969,-5.12258,-10.62098,0.00012,-0.85711
7944.87,SYN.BTC-25OCT19,1571482744218,open,0.0,499.5,0.0005,0.0105,2.8e-07,115.0,0.0005,0.0,BTC-25OCT19-15000-C,7940.98,0.0,0.0,0.0,0.0005,1.0,193.13,0.00042,-0.00221,1e-05,0.0,1e-05
7944.87,SYN.BTC-25OCT19,1571482744218,open,0.64,32.0,0.6045,0.67,0.63632684,124.71,0.6245,0.0,BTC-25OCT19-13000-P,7940.98,0.0,0.6145,4.0,0.6565,4.0,292.73,0.04043,-0.42905,-2.09123,0.0,-0.99879
7970.69,SYN.BTC-29NOV19,1571482744218,open,0.16,1.8,0.132,0.1895,0.16187355,70.36,0.161,0.0,BTC-29NOV19-7000-C,7940.98,65.27,0.1565,12.9,0.1635,12.9,71.88,8.50606,-7.32065,5.2349,0.00017,0.74834
7944.87,SYN.BTC-25OCT19,1571482744219,open,0.0,663.1,0.0005,0.0105,0.00023632,99.64,0.0005,0.0,BTC-25OCT19-11000-C,7940.98,0.0,0.0,0.0,0.0005,13.2,108.76,0.17211,-1.45935,0.00741,2e-05,0.00603
7944.87,SYN.BTC-25OCT19,1571482744220,open,0.0,923.9,0.0005,0.0105,0.0,115.0,0.001,0.0,BTC-25OCT19-17000-C,7940.98,0.0,0.0,0.0,0.001,0.9,243.28,1e-05,-3e-05,0.0,0.0,0.0
7944.87,SYN.BTC-25OCT19,1571482744218,open,0.15,0.0,0.1335,0.1735,0.15301656,83.52,0.1615,0.0,BTC-25OCT19-6750-C,7940.98,0.0,0.136,9.0,0.1685,9.0,147.14,1.13432,-8.06223,1.01187,0.00013,0.94419
7970.69,SYN.BTC-29NOV19,1571482744219,open,0.17,21.6,0.1365,0.206,0.17147266,65.64,0.18,0.0,BTC-29NOV19-9000-P,7940.98,34.03,0.138,6.0,0.1775,8.0,70.57,9.64624,-7.74496,-7.52147,0.00021,-0.67115
7944.87,SYN.BTC-25OCT19,1571482744218,open,0.0,612.5,0.0005,0.0105,0.00084161,87.09,0.001,0.0,BTC-25OCT19-10000-C,7940.98,80.91,0.0005,14.4,0.001,10.0,89.4,0.5157,-3.82195,0.02622,6e-05,0.02134
7970.69,SYN.BTC-29NOV19,1571482744219,open,0.01,224.1,0.0045,0.03,0.01474959,76.29,0.016,0.0,BTC-29NOV19-6000-P,7940.98,73.39,0.013,42.0,0.0165,8.0,79.06,4.93228,-4.60276,-1.09094,9e-05,-0.10747
7944.87,SYN.BTC-25OCT19,1571482744220,open,1.14,0.0,1.098,1.183,1.13978878,182.17,None,0.0,BTC-25OCT19-17000-P,7940.98,0.0,0.001,0.1,0.0,0.0,0.0,0.02598,-0.40274,-2.73573,0.0,-0.99925
7991.39,BTC-27DEC19,1571482744238,open,0.12,373.0,0.0875,0.158,0.12411864,72.19,0.125,0.0,BTC-27DEC19-8000-C,7940.98,70.66,0.1215,1.0,0.126,4.9,73.29,13.68712,-7.17261,6.58719,0.00016,0.56094
7944.87,SYN.BTC-25OCT19,1571482744242,open,0.01,207.8,0.0025,0.0335,0.01409615,57.0,0.0115,0.0,BTC-25OCT19-8250-C,7940.98,51.14,0.0115,0.3,0.015,17.0,59.0,3.57524,-17.34053,0.38336,0.00062,0.31384
7991.83,BTC-27DEC19,1571482744249,open,0.28,102.3,0.2525,0.3085,0.28091764,77.46,0.3225,0.0,BTC-27DEC19-6000-C,7940.98,69.99,0.2735,16.0,0.3055,12.0,99.57,8.23117,-4.62876,8.52434,9e-05,0.84617
7950.04,SYN.BTC-1NOV19,1571482744508,open,0.08,1.1,0.0525,0.101,0.07696208,58.86,0.0815,0.0,BTC-1NOV19-7500-C,7940.98,52.52,0.073,11.0,0.079,6.0,62.09,5.02774,-11.49272,1.80295,0.00038,0.71984
7950.04,SYN.BTC-1NOV19,1571482744510,open,0.09,0.3,0.0615,0.1165,0.08737522,57.47,0.089,0.0,BTC-1NOV19-8500-P,7940.98,52.86,0.0845,4.0,0.09,6.0,61.5,5.07595,-11.3279,-2.24806,0.0004,-0.71421
7950.04,SYN.BTC-1NOV19,1571482744511,open,0.04,29.0,0.0195,0.0645,0.03975472,56.99,0.04,0.0,BTC-1NOV19-8000-C,7940.98,53.32,0.037,1.0,0.0415,25.0,59.33,5.95679,-13.18239,1.28515,0.00047,0.498
7945.32,SYN.BTC-25OCT19,1571482744518,open,0.05,17.4,0.029,0.079,0.05250778,57.1,0.0535,0.0,BTC-25OCT19-8250-P,7940.98,50.3,0.0495,9.0,0.055,18.0,62.57,3.57856,-17.38874,-0.94395,0.00062,-0.68552
7970.69,SYN.BTC-29NOV19,1571482744532,open,0.04,281.7,0.02,0.0665,0.04231546,65.62,0.042,0.0,BTC-29NOV19-9000-C,7940.98,63.7,0.04,33.3,0.0445,22.4,67.42,9.64528,-7.74158,2.55698,0.00021,0.32877
7950.04,SYN.BTC-1NOV19,1571482744537,open,0.03,6.0,0.013,0.055,0.03133951,57.82,0.0305,0.0,BTC-1NOV19-7750-P,7940.98,54.55,0.029,8.0,0.033,24.0,60.12,5.7133,-12.82842,-1.17129,0.00044,-0.38631
174.38,ETH-27DEC19,1571482744647,open,0.18,1523.0,0.135,0.214,0.177606,80.08,0.188,0.0,ETH-27DEC19-160-C,173.39,75.28,0.17,1.0,0.18,96.0,81.59,0.27653,-0.16076,0.1598,0.00602,0.66325
175.78,ETH-27MAR20,1571482744647,open,0.32,1066.0,0.253,0.381,0.319601,88.0,0.339,0.0,ETH-27MAR20-200-P,173.39,84.74,0.311,24.0,0.329,300.0,91.57,0.46299,-0.12743,-0.60969,0.00389,-0.47226
175.78,ETH-27MAR20,1571482744647,open,0.07,1205.0,0.041,0.108,0.074439,89.22,0.069,0.0,ETH-27MAR20-120-P,173.39,87.78,0.072,32.0,0.077,1.0,90.73,0.29788,-0.08312,-0.19064,0.00247,-0.17316
175.78,ETH-27MAR20,1571482744647,open,0.69,155.0,0.606,0.761,0.684608,90.32,0.64,0.0,ETH-27MAR20-280-P,173.39,79.02,0.659,53.0,0.73,10.0,108.82,0.41363,-0.11684,-1.05402,0.00338,-0.68435
174.38,ETH-27DEC19,1571482744647,open,0.24,3826.0,0.182,0.284,0.234077,80.77,0.257,0.0,ETH-27DEC19-200-P,173.39,76.58,0.227,96.0,0.239,96.0,83.67,0.29528,-0.17313,-0.2696,0.00637,-0.58522
174.38,ETH-27DEC19,1571482744647,open,0.16,2964.0,0.109,0.2,0.155994,79.5,0.163,0.0,ETH-27DEC19-180-P,173.39,75.45,0.149,96.0,0.161,96.0,82.4,0.30121,-0.17384,-0.20526,0.0066,-0.46779
173.44,SYN.ETH-25OCT19,1571482744647,open,0.06,1904.0,0.027,0.092,0.05871,71.26,0.055,0.0,ETH-25OCT19-180-P,173.39,63.34,0.055,122.0,0.063,120.0,80.23,0.08211,-0.49793,-0.01958,0.0238,-0.64265
173.54,SYN.ETH-1NOV19,1571482744646,open,0.0,51.0,0.001,0.013,0.003658,78.01,0.003,0.0,ETH-1NOV19-220-C,173.39,69.46,0.002,200.0,0.005,1.0,83.43,0.03937,-0.11927,0.00352,0.00475,0.06108
173.54,SYN.ETH-1NOV19,1571482744646,open,0.02,43.0,0.005,0.042,0.020661,71.07,0.02,0.0,ETH-1NOV19-190-C,173.39,65.06,0.017,285.0,0.023,160.0,74.8,0.10783,-0.29761,0.01528,0.01428,0.27028
173.54,SYN.ETH-1NOV19,1571482744646,open,0.12,106.0,0.078,0.153,0.115505,71.09,0.123,0.0,ETH-1NOV19-190-P,173.39,63.65,0.111,40.0,0.12,40.0,78.18,0.10784,-0.29772,-0.05174,0.01428,-0.72965
173.54,SYN.ETH-1NOV19,1571482744646,open,0.01,17.0,0.001,0.018,0.00606,74.34,0.006,0.0,ETH-1NOV19-210-C,173.39,67.34,0.004,350.0,0.008,201.0,79.95,0.05615,-0.1621,0.0056,0.00711,0.0975
174.42,ETH-27DEC19,1571482744649,open,0.0,5563.0,0.001,0.014,0.004534,109.22,0.005,0.0,ETH-27DEC19-480-C,173.39,103.14,0.003,1050.0,0.006,310.0,113.88,0.05006,-0.03969,0.00804,0.0008,0.02895
174.42,ETH-27DEC19,1571482744649,open,0.05,2515.0,0.024,0.078,0.050187,80.64,0.058,0.0,ETH-27DEC19-140-P,173.39,78.09,0.047,141.0,0.053,128.0,82.87,0.21902,-0.12822,-0.08599,0.00473,-0.21108
173.44,SYN.ETH-25OCT19,1571482744648,open,0.09,985.0,0.056,0.118,0.088978,79.08,0.09,0.0,ETH-25OCT19-160-C,173.39,60.32,0.083,40.0,0.091,40.0,84.71,0.06097,-0.41026,0.01995,0.01592,0.80343
173.54,SYN.ETH-1NOV19,1571482744647,open,0.26,0.0,0.229,0.281,0.255435,100.9,None,0.0,ETH-1NOV19-130-C,173.39,0.0,0.0,0.0,0.0,0.0,0.0,0.03505,-0.13735,0.04235,0.00327,0.9473
173.44,SYN.ETH-25OCT19,1571482744647,open,0.0,2169.0,0.001,0.015,0.003636,78.37,0.004,0.0,ETH-25OCT19-200-C,173.39,68.69,0.002,551.0,0.005,111.0,84.85,0.03372,-0.22491,0.00222,0.00889,0.08329
173.44,SYN.ETH-25OCT19,1571482744647,open,0.1,227.0,0.068,0.14,0.103779,72.93,0.109,0.0,ETH-25OCT19-190-P,173.39,63.79,0.101,40.0,0.109,40.0,87.7,0.05647,-0.35043,-0.02597,0.01599,-0.82624
173.54,SYN.ETH-1NOV19,1571482744646,open,0.02,42.0,0.006,0.046,0.023277,74.37,0.024,0.0,ETH-1NOV19-160-P,173.39,68.9,0.02,160.0,0.026,285.0,78.83,0.10517,-0.30375,-0.01718,0.01331,-0.25737
173.54,SYN.ETH-1NOV19,1571482744647,open,0.01,0.0,0.001,0.019,0.006557,87.32,None,0.0,ETH-1NOV19-140-P,173.39,81.51,0.005,200.0,0.008,5.0,92.17,0.04938,-0.16746,-0.00542,0.00532,-0.08203
173.54,SYN.ETH-1NOV19,1571482744646,open,0.22,0.0,0.177,0.257,0.216151,74.38,None,0.0,ETH-1NOV19-210-P,173.39,0.0,0.0,0.0,0.0,0.0,0.0,0.05621,-0.16235,-0.06847,0.00711,-0.90236
173.54,SYN.ETH-1NOV19,1571482744646,open,0.01,13.0,0.002,0.027,0.011001,72.03,0.012,0.0,ETH-1NOV19-200-C,173.39,67.55,0.009,160.0,0.013,161.0,76.22,0.08035,-0.22477,0.00932,0.0105,0.16326
173.54,SYN.ETH-1NOV19,1571482744646,open,0.15,0.0,0.116,0.177,0.148088,80.32,None,0.0,ETH-1NOV19-150-C,173.39,0.0,0.0,0.0,0.0,0.0,0.0,0.07557,-0.23571,0.04305,0.00886,0.85126
173.96,SYN.ETH-29NOV19,1571482744647,open,0.14,6.0,0.106,0.176,0.14358,76.95,0.17,0.0,ETH-29NOV19-160-C,173.39,72.31,0.138,96.0,0.147,96.0,79.79,0.20954,-0.19724,0.10352,0.00803,0.67495
173.54,SYN.ETH-1NOV19,1571482744646,open,0.0,0.0,0.001,0.014,0.004539,100.94,None,0.0,ETH-1NOV19-130-P,173.39,92.5,0.003,200.0,0.006,200.0,107.66,0.03509,-0.13753,-0.00351,0.00327,-0.05276
173.54,SYN.ETH-1NOV19,1571482744646,open,0.04,30.0,0.017,0.072,0.043094,71.08,0.05,0.0,ETH-1NOV19-170-P,173.39,65.47,0.039,120.0,0.047,210.0,76.42,0.12689,-0.35023,-0.02789,0.0168,-0.41245
173.54,SYN.ETH-1NOV19,1571482744647,open,0.07,60.0,0.041,0.109,0.074834,71.09,0.081,0.0,ETH-1NOV19-180-P,173.39,64.47,0.07,120.0,0.079,120.0,76.75,0.12728,-0.35136,-0.04021,0.01685,-0.58195
173.44,SYN.ETH-25OCT19,1571482744649,open,0.03,410.0,0.006,0.053,0.026609,71.16,0.028,0.0,ETH-25OCT19-170-P,173.39,63.75,0.023,256.0,0.03,271.0,78.08,0.08472,-0.51297,-0.01176,0.02459,-0.39477
173.54,SYN.ETH-1NOV19,1571482744646,open,0.01,41.0,0.002,0.029,0.012439,80.34,0.013,0.0,ETH-1NOV19-150-P,173.39,74.54,0.01,200.0,0.014,15.0,83.86,0.07559,-0.23583,-0.00987,0.00886,-0.1488
173.96,SYN.ETH-29NOV19,1571482744649,open,0.01,116.0,0.001,0.018,0.007001,85.03,0.012,0.0,ETH-29NOV19-280-C,173.39,79.74,0.005,310.0,0.009,361.0,89.53,0.07201,-0.07489,0.0109,0.0025,0.06296
173.54,SYN.ETH-1NOV19,1571482744646,open,0.04,31.0,0.013,0.063,0.037614,71.07,0.04,0.0,ETH-1NOV19-180-C,173.39,64.76,0.033,217.0,0.04,120.0,74.32,0.12728,-0.35128,0.02329,0.01686,0.41803
173.54,SYN.ETH-1NOV19,1571482744646,open,0.2,0.0,0.171,0.227,0.199829,87.29,None,0.0,ETH-1NOV19-140-C,173.39,0.0,0.0,0.0,0.0,0.0,0.0,0.04935,-0.1673,0.04397,0.00532,0.91804
173.54,SYN.ETH-1NOV19,1571482744646,open,0.06,10.0,0.033,0.092,0.063497,71.06,0.062,0.0,ETH-1NOV19-170-C,173.39,64.91,0.059,71.0,0.067,120.0,75.85,0.12689,-0.35016,0.03208,0.01681,0.58756
173.44,SYN.ETH-25OCT19,1571482744648,open,0.01,733.0,0.001,0.024,0.00828,72.91,0.01,0.0,ETH-25OCT19-190-C,173.39,68.87,0.007,303.0,0.01,3.0,78.03,0.05646,-0.35028,0.00462,0.01599,0.1737
173.54,SYN.ETH-1NOV19,1571482744648,open,0.27,0.0,0.232,0.313,0.271372,78.07,None,0.0,ETH-1NOV19-220-P,173.39,0.0,0.0,0.0,0.0,0.0,0.0,0.03945,-0.11961,-0.07408,0.00476,-0.93876
173.54,SYN.ETH-1NOV19,1571482744646,open,0.16,0.0,0.125,0.203,0.163468,72.06,None,0.0,ETH-1NOV19-200-P,173.39,0.0,0.0,0.0,0.0,0.0,0.0,0.08039,-0.22495,-0.06123,0.0105,-0.83664
175.78,ETH-27MAR20,1571482744656,open,0.69,155.0,0.606,0.761,0.684608,90.32,0.64,0.0,ETH-27MAR20-280-P,173.39,79.02,0.659,10.0,0.73,10.0,108.82,0.41363,-0.11684,-1.05402,0.00338,-0.68435
7950.04,SYN.BTC-1NOV19,1571482744662,open,0.1,0.0,0.077,0.124,0.10130188,61.38,None,0.0,BTC-1NOV19-7250-C,7940.98,54.8,0.098,6.0,0.103,6.0,64.63,4.12547,-9.83369,1.97163,0.0003,0.80432
7950.04,SYN.BTC-1NOV19,1571482744664,open,0.13,0.2,0.1055,0.1505,0.12835608,65.13,0.1255,0.0,BTC-1NOV19-7000-C,7940.98,56.24,0.125,6.0,0.13,6.0,69.07,3.24734,-8.21306,2.065,0.00022,0.86467
7950.04,SYN.BTC-1NOV19,1571482744665,open,0.11,0.0,0.086,0.1415,0.11221863,57.48,None,0.0,BTC-1NOV19-8750-P,7940.98,53.11,0.11,10.0,0.115,6.0,62.53,4.20659,-9.38938,-2.55243,0.00033,-0.7979
7970.69,SYN.BTC-29NOV19,1571482744667,open,0.16,1.8,0.132,0.1895,0.16188754,70.36,0.161,0.0,BTC-29NOV19-7000-C,7940.98,65.27,0.1565,12.9,0.1635,8.0,71.88,8.50606,-7.32065,5.2349,0.00017,0.74834
7945.32,SYN.BTC-25OCT19,1571482744686,open,0.09,0.2,0.071,0.116,0.09379109,68.66,0.111,0.0,BTC-25OCT19-7250-C,7940.98,57.51,0.091,6.0,0.0955,6.0,74.54,2.20859,-12.90415,0.9841,0.00032,0.86321
7945.32,SYN.BTC-25OCT19,1571482744688,open,0.1,16.8,0.081,0.131,0.1048378,58.56,0.1015,0.0,BTC-25OCT19-8750-P,7940.98,49.16,0.103,6.0,0.1075,6.0,68.81,1.81542,-9.04675,-1.28059,0.00031,-0.89639
7944.87,SYN.BTC-25OCT19,1571482744689,open,0.12,9.3,0.102,0.145,0.12318429,77.16,0.1265,0.0,BTC-25OCT19-7000-C,7940.98,56.76,0.12,6.0,0.125,6.0,85.37,1.63348,-10.72522,1.00664,0.00021,0.91026
7991.84,BTC-27DEC19,1571482745225,open,4.51,0.0,4.3975,4.619,4.50571597,115.58,3.46,0.0,BTC-27DEC19-44000-P,7941.59,0.0,0.0015,0.1,0.0,0.0,0.0,0.09809,-0.0823,-83.01729,0.0,-0.99917
7992.45,BTC-27DEC19,1571482745225,open,5.51,0.8,5.3795,5.6405,5.50702932,149.23,3.59,0.0,BTC-27DEC19-52000-P,7941.59,0.0,0.001,1.0,0.0,0.0,0.0,0.51635,-0.55936,-98.05986,0.0,-0.99484
7992.45,BTC-27DEC19,1571482745226,open,3.51,1.3,3.416,3.5995,3.50497715,122.0,2.2,0.0,BTC-27DEC19-36000-P,7941.59,0.0,0.0,0.0,0.0,0.0,0.0,0.50332,-0.44577,-67.86752,0.0,-0.99499
7992.45,BTC-27DEC19,1571482745226,open,2.51,0.1,2.435,2.58,2.50466229,111.61,1.49,0.0,BTC-27DEC19-28000-P,7941.59,0.0,0.0,0.0,0.0,0.0,0.0,0.8893,-0.72056,-52.71249,1e-05,-0.99044
7992.45,BTC-27DEC19,1571482745227,open,2.26,0.0,2.1895,2.3255,2.25467772,108.17,None,0.0,BTC-27DEC19-26000-P,7941.59,0.0,0.0,0.0,0.0,0.0,0.0,1.04048,-0.81706,-48.91382,1e-05,-0.98856
7992.45,BTC-27DEC19,1571482745227,open,2.76,0.2,2.68,2.8345,2.75452833,112.83,2.03,0.0,BTC-27DEC19-30000-P,7941.59,0.0,0.0,0.0,0.0,0.0,0.0,0.6828,-0.55928,-56.51835,1e-05,-0.99293
8074.99,BTC-27MAR20,1571482745229,open,3.46,0.0,3.373,3.5695,3.46601162,104.91,None,0.0,BTC-27MAR20-36000-P,7941.59,0.0,0.0005,1.0,0.0,0.0,0.0,4.17699,-1.3705,-156.70625,1e-05,-0.96451
7945.32,SYN.BTC-25OCT19,1571482745233,open,0.04,145.6,0.0205,0.066,0.04312357,58.42,0.0465,0.0,BTC-25OCT19-7750-C,7941.59,50.68,0.0395,18.0,0.0445,11.0,61.33,3.75162,-18.65183,0.77028,0.00063,0.64537
7945.32,SYN.BTC-25OCT19,1571482745235,open,0.38,14.5,0.3575,0.4145,0.38477703,102.85,0.3765,0.0,BTC-25OCT19-11000-P,7941.59,0.0,0.384,2.9,0.4045,5.0,221.31,0.21111,-1.84759,-1.76144,2e-05,-0.9924
7950.49,SYN.BTC-1NOV19,1571482745237,open,0.02,54.8,0.0055,0.0385,0.01819775,57.42,0.018,0.0,BTC-1NOV19-8500-C,7941.59,53.13,0.0155,10.0,0.019,0.2,58.67,5.07605,-11.31818,0.75041,0.0004,0.28576
8074.99,BTC-27MAR20,1571482745682,open,2.72,0.0,2.645,2.8165,2.72590984,99.82,None,0.0,BTC-27MAR20-30000-P,7941.59,0.0,0.0005,1.0,0.0,0.0,0.0,5.40824,-1.6883,-130.05742,2e-05,-0.95117
8074.99,BTC-27MAR20,1571482745685,open,2.23,0.0,2.16,2.314,2.23254448,94.25,None,0.0,BTC-27MAR20-26000-P,7941.59,0.0,0.0015,1.0,0.0,0.0,0.0,6.28777,-1.85337,-112.24531,2e-05,-0.94094
8074.99,BTC-27MAR20,1571482745690,open,2.48,0.0,2.4025,2.5645,2.47873421,96.59,None,0.0,BTC-27MAR20-28000-P,7941.59,0.0,0.0005,1.0,0.0,0.0,0.0,5.68927,-1.71862,-121.20153,2e-05,-0.94797
7992.45,BTC-27DEC19,1571482745740,open,5.01,0.0,4.8875,5.129,5.00571662,115.0,None,0.0,BTC-27DEC19-48000-P,7941.59,0.0,0.001,0.1,0.0,0.0,0.0,0.05258,-0.04389,-90.57065,0.0,-0.99958
8074.99,BTC-27MAR20,1571482745848,open,3.46,0.0,3.372,3.5695,3.46543532,103.77,None,0.0,BTC-27MAR20-36000-P,7941.59,0.0,0.0005,1.0,0.0,0.0,0.0,3.97336,-1.2895,-156.75994,1e-05,-0.9666
7992.45,BTC-27DEC19,1571482745974,open,3.01,0.3,2.9255,3.089,3.00436825,111.69,1.875,0.0,BTC-27DEC19-32000-P,7941.59,0.0,0.0,0.0,0.0,0.0,0.0,0.45157,-0.36614,-60.3261,0.0,-0.99556
8074.96,BTC-27MAR20,1571482745976,open,3.22,0.0,3.13,3.318,3.2189163,102.89,None,0.0,BTC-27MAR20-34000-P,7941.59,0.0,0.0005,1.0,0.0,0.0,0.0,4.4465,-1.43083,-147.86624,2e-05,-0.96169
7992.45,BTC-27DEC19,1571482746007,open,4.01,0.0,3.907,4.1095,4.0052896,126.23,2.58,0.0,BTC-27DEC19-40000-P,7941.59,0.0,0.001,1.0,0.0,0.0,0.0,0.39994,-0.3665,-75.43029,0.0,-0.99612
8074.96,BTC-27MAR20,1571482746037,open,2.97,0.0,2.887,3.066,2.97151614,100.07,None,0.0,BTC-27MAR20-32000-P,7941.59,0.0,0.001,1.0,0.0,0.0,0.0,4.62735,-1.44818,-139.04776,2e-05,-0.95976
7992.42,BTC-27DEC19,1571482746171,open,5.51,0.8,5.378,5.6385,5.50616635,99.74,3.59,0.0,BTC-27DEC19-52000-P,7941.59,0.0,0.001,1.0,0.0,0.0,0.0,0.00303,-0.00219,-98.124,0.0,-0.99998
7992.42,BTC-27DEC19,1571482746197,open,2.01,0.0,1.944,2.0705,2.00444068,102.0,None,0.0,BTC-27DEC19-24000-P,7941.59,0.0,0.0,0.0,0.0,0.0,0.0,1.07701,-0.79746,-45.13263,1e-05,-0.98809
173.44,SYN.ETH-25OCT19,1571482746213,open,0.27,483.0,0.232,0.311,0.269909,97.48,0.23,0.0,ETH-25OCT19-220-P,173.39,0.0,0.246,14.0,0.293,14.0,194.07,0.01554,-0.12894,-0.03458,0.00329,-0.96862
7992.39,BTC-27DEC19,1571482747239,open,0.07,285.9,0.0385,0.0985,0.06788304,74.18,0.069,0.0,BTC-27DEC19-7000-P,7941.6,72.56,0.0655,18.0,0.0705,45.3,75.95,11.75675,-6.33097,-5.29902,0.00013,-0.28347
8074.93,BTC-27MAR20,1571482747239,open,0.08,550.5,0.044,0.1235,0.08280317,79.82,0.0815,0.0,BTC-27MAR20-12000-C,7941.6,78.62,0.08,19.0,0.0855,1.0,80.96,18.94769,-4.72992,8.16212,8e-05,0.31357
8074.93,BTC-27MAR20,1571482747239,open,0.36,171.6,0.307,0.422,0.36531602,77.77,0.3715,0.0,BTC-27MAR20-10000-P,7941.6,63.06,0.3275,5.0,0.3725,9.0,80.52,21.0555,-5.12088,-32.82742,9e-05,-0.56281
7992.39,BTC-27DEC19,1571482747239,open,0.0,655.6,0.0005,0.0115,0.00160675,102.08,0.002,0.0,BTC-27DEC19-24000-C,7941.6,90.24,0.0005,53.0,0.003,30.0,110.23,1.0824,-0.80211,0.15636,1e-05,0.01197
7992.39,BTC-27DEC19,1571482747239,open,0.69,0.0,0.6785,0.698,0.68812622,115.02,None,0.0,BTC-27DEC19-2500-C,7941.6,0.0,0.6795,17.0,0.696,1.0,166.43,0.50192,-0.41909,4.62819,0.0,0.995
8074.93,BTC-27MAR20,1571482747239,open,1.02,1.1,0.96,1.0855,1.01998522,83.01,1.08,0.0,BTC-27MAR20-16000-P,7941.6,0.0,0.973,2.0,1.059,2.0,103.45,13.31794,-3.45726,-65.57452,6e-05,-0.834
7992.39,BTC-27DEC19,1571482747239,open,0.0,507.2,0.0005,0.011,0.00135597,106.12,0.001,0.0,BTC-27DEC19-26000-C,7941.6,95.82,0.0005,76.5,0.0025,30.0,113.99,0.92096,-0.70949,0.12955,1e-05,0.00995
7992.39,BTC-27DEC19,1571482747239,open,0.02,404.5,0.0075,0.039,0.02092612,80.46,0.021,0.0,BTC-27DEC19-5500-P,7941.6,78.01,0.019,47.0,0.023,48.0,83.01,6.38857,-3.73163,-1.92543,7e-05,-0.10674
7992.39,BTC-27DEC19,1571482747239,open,0.3,495.6,0.2585,0.3455,0.30182022,73.59,0.295,0.0,BTC-27DEC19-10000-P,7941.6,43.65,0.2635,7.0,0.3075,9.0,77.34,11.96372,-6.39097,-15.19695,0.00013,-0.70582
7992.39,BTC-27DEC19,1571482747239,open,0.5,31.1,0.491,0.5205,0.50503586,94.86,0.6265,0.0,BTC-27DEC19-4000-C,7941.6,0.0,0.4925,13.0,0.516,13.0,122.06,2.3402,-1.61159,7.01754,2e-05,0.97034
7992.39,BTC-27DEC19,1571482747239,open,0.45,4.1,0.429,0.4655,0.44644752,90.89,0.578,0.0,BTC-27DEC19-4500-C,7941.6,0.0,0.431,13.0,0.459,13.0,113.8,3.53731,-2.33399,7.60586,3e-05,0.95076
7992.39,BTC-27DEC19,1571482747239,open,0.23,56.0,0.2015,0.264,0.23366609,75.35,0.2755,0.0,BTC-27DEC19-6500-C,7941.6,51.95,0.2065,12.0,0.2615,12.0,96.52,10.09672,-5.52256,8.34122,0.00011,0.78674
7992.39,BTC-27DEC19,1571482747239,open,0.01,540.9,0.0005,0.021,0.00947888,90.88,0.0105,0.0,BTC-27DEC19-4500-P,7941.6,88.61,0.0085,5.0,0.0105,50.0,93.13,3.53654,-2.33324,-0.8854,3e-05,-0.04923
8074.93,BTC-27MAR20,1571482747239,open,1.26,0.0,1.197,1.3265,1.25825519,85.58,1.23,0.0,BTC-27MAR20-18000-P,7941.6,0.0,1.21,2.0,1.2965,2.0,108.05,11.23213,-3.00613,-75.31817,5e-05,-0.87121
7992.39,BTC-27DEC19,1571482747239,open,0.0,801.1,0.0005,0.0125,0.00298245,95.19,0.003,0.0,BTC-27DEC19-20000-C,7941.6,92.96,0.0025,11.0,0.0035,7.0,97.33,1.83171,-1.26575,0.28886,2e-05,0.02214
8074.93,BTC-27MAR20,1571482747239,open,0.01,113.2,0.0005,0.028,0.01045713,99.4,0.0095,0.0,BTC-27MAR20-30000-C,7941.6,97.9,0.0095,1.2,0.0115,11.0,100.94,5.32137,-1.65423,1.32248,2e-05,0.04785
8074.93,BTC-27MAR20,1571482747240,open,1.5,0.2,1.436,1.57,1.49911144,87.56,1.478,0.0,BTC-27MAR20-20000-P,7941.6,0.0,1.4505,1.0,1.538,1.0,112.91,9.45408,-2.58893,-84.81639,4e-05,-0.8989
8074.93,BTC-27MAR20,1571482747240,open,0.06,285.9,0.0245,0.0915,0.0553823,81.38,0.0545,0.0,BTC-27MAR20-14000-C,7941.6,80.17,0.053,0.5,0.058,4.9,82.68,16.06388,-4.08835,6.03082,7e-05,0.22589
8074.93,BTC-27MAR20,1571482747240,open,1.74,6.0,1.6765,1.816,1.74204617,89.43,1.7225,0.0,BTC-27MAR20-22000-P,7941.6,0.0,1.692,1.0,1.782,1.0,117.9,8.02891,-2.24545,-94.1155,3e-05,-0.91888
8074.93,BTC-27MAR20,1571482747240,open,0.01,53.3,0.0005,0.024,0.00836585,99.57,0.007,0.0,BTC-27MAR20-32000-C,7941.6,94.9,0.006,19.0,0.0105,11.0,103.11,4.53059,-1.41085,1.09071,2e-05,0.0392
7951.09,SYN.BTC-1NOV19,1571482747239,open,0.07,0.2,0.0405,0.0935,0.06521357,57.51,0.07,0.0,BTC-1NOV19-8250-P,7941.6,53.02,0.062,5.0,0.0675,18.0,60.69,5.71626,-12.76696,-1.90277,0.00045,-0.61318
7992.4,BTC-27DEC19,1571482747241,open,0.03,1046.2,0.0135,0.054,0.03171615,77.51,0.033,0.0,BTC-27DEC19-6000-P,7941.6,75.83,0.03,21.0,0.034,50.3,79.7,8.23322,-4.63252,-2.79899,9e-05,-0.15387
7992.4,BTC-27DEC19,1571482747241,open,1.51,4.6,1.454,1.5625,1.50534406,95.12,1.466,0.0,BTC-27DEC19-20000-P,7941.6,0.0,0.0,0.0,0.0,0.0,0.0,1.8253,-1.26041,-37.45239,2e-05,-0.97796
7992.4,BTC-27DEC19,1571482747240,open,0.0,253.2,0.0005,0.0105,2.222e-05,115.0,0.0005,0.0,BTC-27DEC19-1500-P,7941.6,0.0,0.0,0.0,0.001,9.9,165.52,0.02134,-0.01781,-0.00275,0.0,-0.00016
7992.4,BTC-27DEC19,1571482747241,open,0.0,519.0,0.0005,0.012,0.00213544,110.13,0.003,0.0,BTC-27DEC19-3000-P,7941.6,98.9,0.001,29.0,0.003,30.0,116.24,1.01209,-0.80912,-0.19936,1e-05,-0.01108
7992.4,BTC-27DEC19,1571482747241,open,0.76,268.3,0.721,0.81,0.76316362,81.97,0.7205,0.0,BTC-27DEC19-14000-P,7941.6,0.0,0.7305,4.0,0.792,4.0,113.12,5.22551,-3.10945,-25.36512,5e-05,-0.91868
8074.93,BTC-27MAR20,1571482747241,open,0.01,50.1,0.0005,0.0235,0.00806882,102.34,0.013,0.0,BTC-27MAR20-34000-C,7941.6,100.26,0.007,1.0,0.0095,11.0,104.86,4.34331,-1.39013,1.03126,1e-05,0.03723
7992.4,BTC-27DEC19,1571482747241,open,0.0,440.5,0.0005,0.014,0.00400497,104.49,0.003,0.0,BTC-27DEC19-3500-P,7941.6,99.38,0.003,0.6,0.005,52.0,108.85,1.70734,-1.29505,-0.36761,1e-05,-0.02037
8074.93,BTC-27MAR20,1571482747241,open,1.98,0.0,1.9175,2.064,1.98637535,91.24,None,0.0,BTC-27MAR20-24000-P,7941.6,0.0,0.0015,1.0,0.0,0.0,0.0,6.90131,-1.96928,-103.27251,3e-05,-0.93345
8074.93,BTC-27MAR20,1571482747241,open,3.96,1.0,3.8575,4.0725,3.95966291,106.74,2.7125,0.0,BTC-27MAR20-40000-P,7941.6,0.0,0.0005,3.0,0.0,0.0,0.0,3.42845,-1.14449,-174.43203,1e-05,-0.97205
7992.4,BTC-27DEC19,1571482747241,open,0.39,66.8,0.3675,0.4095,0.38808201,84.47,0.4085,0.0,BTC-27DEC19-5000-C,7941.6,0.0,0.3715,12.0,0.405,12.0,108.25,4.75871,-2.91811,8.14433,5e-05,0.9281
7992.4,BTC-27DEC19,1571482747241,open,0.0,912.0,0.0005,0.0105,0.00069514,108.98,0.0005,0.0,BTC-27DEC19-30000-C,7941.6,0.0,0.0,0.0,0.001,10.9,113.0,0.52631,-0.41637,0.06904,0.0,0.00527
7951.09,SYN.BTC-1NOV19,1571482747239,open,0.0,35.5,0.0005,0.0135,0.00355931,62.27,0.003,0.0,BTC-1NOV19-9500-C,7941.6,57.76,0.0025,42.0,0.0045,20.0,65.71,2.04202,-4.9377,0.19107,0.00015,0.07168
7992.4,BTC-27DEC19,1571482747242,open,1.26,9.4,1.209,1.311,1.25710194,93.08,1.1125,0.0,BTC-27DEC19-18000-P,7941.6,0.0,0.0,0.0,0.0,0.0,0.0,2.71245,-1.83278,-33.50594,2e-05,-0.96453
7992.4,BTC-27DEC19,1571482747241,open,0.0,555.7,0.0005,0.0105,0.00018449,115.0,0.001,0.0,BTC-27DEC19-40000-C,7941.6,0.0,0.0,0.0,0.001,29.0,133.12,0.16637,-0.13889,0.01939,0.0,0.00147
7992.4,BTC-27DEC19,1571482747241,open,0.0,675.0,0.0005,0.0105,0.00037702,115.0,0.001,0.0,BTC-27DEC19-36000-C,7941.6,0.0,0.0,0.0,0.0015,30.7,131.18,0.30465,-0.25434,0.03751,0.0,0.00286
8074.93,BTC-27MAR20,1571482747241,open,0.79,58.9,0.729,0.8525,0.78913057,81.37,0.7625,0.0,BTC-27MAR20-14000-P,7941.6,48.31,0.741,3.0,0.8335,3.0,101.65,16.06265,-4.08771,-55.29199,7e-05,-0.77414
7945.93,SYN.BTC-25OCT19,1571482747239,open,0.0,918.5,0.0005,0.0105,0.00076197,105.66,0.001,0.0,BTC-25OCT19-6000-P,7941.6,99.55,0.0005,101.4,0.001,2.0,110.11,0.38825,-3.49096,-0.02054,4e-05,-0.0153
8074.94,BTC-27MAR20,1571482747242,open,0.03,223.8,0.0095,0.0575,0.02914235,85.58,0.0345,0.0,BTC-27MAR20-18000-C,7941.6,84.75,0.028,4.0,0.0305,11.3,86.55,11.23372,-3.00677,3.52526,5e-05,0.12881
7945.93,SYN.BTC-25OCT19,1571482747240,open,0.18,0.0,0.1655,0.203,0.18371177,91.1,None,0.0,BTC-25OCT19-6500-C,7941.6,0.0,0.1675,9.0,0.1975,9.0,159.9,0.80245,-6.2211,0.99771,9e-05,0.96371
7992.4,BTC-27DEC19,1571482747242,open,0.0,411.0,0.0005,0.012,0.00233421,99.84,0.0035,0.0,BTC-27DEC19-22000-C,7941.6,94.6,0.0015,29.0,0.0035,29.0,105.33,1.47092,-1.06612,0.22266,1e-05,0.0171
7992.4,BTC-27DEC19,1571482747242,open,0.52,73.1,0.4815,0.569,0.52362653,77.12,0.518,0.0,BTC-27DEC19-12000-P,7941.6,0.0,0.489,5.0,0.5545,5.0,102.76,8.01714,-4.48819,-20.7491,9e-05,-0.85215
8074.94,BTC-27MAR20,1571482747242,open,0.01,42.4,0.001,0.029,0.01097866,96.22,0.0105,0.0,BTC-27MAR20-28000-C,7941.6,92.37,0.0085,19.0,0.013,11.0,98.98,5.60905,-1.68789,1.41942,2e-05,0.05111
7992.4,BTC-27DEC19,1571482747242,open,0.01,745.5,0.0005,0.0155,0.00497649,93.12,0.0055,0.0,BTC-27DEC19-18000-C,7941.6,91.67,0.0045,0.7,0.0055,0.7,94.61,2.71727,-1.83686,0.46111,2e-05,0.03555
7992.4,BTC-27DEC19,1571482747242,open,0.33,73.3,0.308,0.3575,0.3327762,80.47,0.491,0.0,BTC-27DEC19-5500-C,7941.6,32.65,0.312,12.0,0.353,12.0,102.87,6.38899,-3.73211,8.45289,7e-05,0.89325
8074.94,BTC-27MAR20,1571482747242,open,0.01,70.6,0.0005,0.022,0.00722554,103.77,0.0095,0.0,BTC-27MAR20-36000-C,7941.6,101.13,0.006,1.0,0.009,31.0,107.12,3.97336,-1.2895,0.92567,1e-05,0.0334
7971.76,SYN.BTC-29NOV19,1571482747241,open,0.39,0.0,0.357,0.428,0.39136323,71.42,None,0.0,BTC-29NOV19-11000-P,7941.6,0.0,0.0,0.0,0.0,0.0,0.0,5.0085,-4.37532,-11.44139,0.0001,-0.89024
7992.4,BTC-27DEC19,1571482747242,open,0.01,628.4,0.0005,0.0155,0.00550818,94.85,0.007,0.0,BTC-27DEC19-4000-P,7941.6,91.21,0.0045,1.0,0.0065,10.0,98.09,2.33932,-1.61077,-0.53022,2e-05,-0.02965
7951.09,SYN.BTC-1NOV19,1571482747239,open,0.01,19.1,0.003,0.029,0.01323558,61.44,0.012,0.0,BTC-1NOV19-7250-P,7941.6,59.03,0.012,10.9,0.0145,24.1,63.85,4.12449,-9.8409,-0.58563,0.0003,-0.19556
7971.76,SYN.BTC-29NOV19,1571482747240,open,0.0,157.7,0.0005,0.012,0.00245988,88.99,0.0025,0.0,BTC-29NOV19-15000-C,7941.6,86.41,0.002,20.0,0.003,0.2,91.65,1.51751,-1.65193,0.19414,2e-05,0.02421
7951.09,SYN.BTC-1NOV19,1571482747239,open,0.2,0.0,0.1725,0.2265,0.19845483,62.62,None,0.0,BTC-1NOV19-9500-P,7941.6,0.0,0.0,0.0,0.0,0.0,0.0,2.0687,-5.03052,-3.15696,0.00015,-0.92709
7951.09,SYN.BTC-1NOV19,1571482747239,open,0.0,0.2,0.0005,0.0145,0.00450223,75.59,0.0045,0.0,BTC-1NOV19-6500-P,7941.6,73.5,0.004,100.0,0.005,0.1,77.56,1.96241,-5.76053,-0.20356,0.00012,-0.06807
7945.93,SYN.BTC-25OCT19,1571482747239,open,0.0,1437.3,0.0005,0.0115,0.00195269,61.55,0.002,0.0,BTC-25OCT19-9000-C,7941.6,58.33,0.0015,3.9,0.0025,18.8,64.94,1.19846,-6.27691,0.07405,0.00019,0.05984
8074.94,BTC-27MAR20,1571482747243,open,0.02,359.1,0.0065,0.0475,0.02231928,87.57,0.0245,0.0,BTC-27MAR20-20000-C,7941.6,85.53,0.02,44.0,0.0245,6.0,89.39,9.45616,-2.58974,2.78747,4e-05,0.10113
8074.94,BTC-27MAR20,1571482747243,open,0.57,52.7,0.5085,0.63,0.56887398,79.82,0.574,0.0,BTC-27MAR20-12000-P,7941.6,56.74,0.52,3.0,0.586,3.0,86.97,18.9473,-4.7296,-44.4,8e-05,-0.68645
7945.93,SYN.BTC-25OCT19,1571482747240,open,0.32,0.0,0.2955,0.35,0.32168684,87.81,None,0.0,BTC-25OCT19-10500-P,7941.6,0.0,0.3035,5.0,0.341,5.0,198.71,0.20195,-1.50905,-1.68136,2e-05,-0.99278
7951.09,SYN.BTC-1NOV19,1571482747239,open,0.16,0.1,0.1355,0.178,0.15680402,68.62,0.1405,0.0,BTC-1NOV19-6750-C,7941.6,0.0,0.1375,5.0,0.1755,5.0,112.64,2.44342,-6.51097,2.11,0.00016,0.90908
7992.4,BTC-27DEC19,1571482747243,open,0.01,658.7,0.0005,0.0235,0.0092183,85.36,0.008,0.0,BTC-27DEC19-15000-C,7941.6,84.03,0.0085,0.3,0.01,7.0,86.74,4.41298,-2.73452,0.8444,4e-05,0.06521
7992.4,BTC-27DEC19,1571482747243,open,0.0,291.4,0.0005,0.0105,0.00092258,115.0,0.0015,0.0,BTC-27DEC19-2500-P,7941.6,106.79,0.0005,29.0,0.003,30.0,136.31,0.50147,-0.41865,-0.08923,0.0,-0.00499
8074.94,BTC-27MAR20,1571482747243,open,0.01,153.8,0.0035,0.0345,0.01423545,91.27,0.0155,0.0,BTC-27MAR20-24000-C,7941.6,88.52,0.012,18.0,0.016,5.0,93.26,6.90752,-1.97161,1.85318,3e-05,0.06663
8074.94,BTC-27MAR20,1571482747243,open,0.33,13.6,0.296,0.37,0.33433776,78.34,0.3495,0.0,BTC-27MAR20-6000-C,7941.6,72.2,0.323,10.0,0.347,18.0,85.05,15.08167,-3.69504,16.37541,7e-05,0.79732
7992.4,BTC-27DEC19,1571482747243,open,0.89,212.7,0.8425,0.9345,0.88598951,85.34,0.915,0.0,BTC-27DEC19-15000-P,7941.6,0.0,0.8525,3.0,0.914,3.0,118.8,4.40985,-2.7319,-27.4614,4e-05,-0.93485
7992.4,BTC-27DEC19,1571482747243,open,0.64,99.0,0.6,0.6875,0.64172966,78.88,0.638,0.0,BTC-27DEC19-13000-P,7941.6,0.0,0.609,4.0,0.6715,4.0,107.46,6.35468,-3.63895,-23.16206,7e-05,-0.89404
7992.4,BTC-27DEC19,1571482747244,open,0.01,905.3,0.004,0.028,0.01367241,84.46,0.0155,0.0,BTC-27DEC19-5000-P,7941.6,81.57,0.012,50.0,0.015,10.0,86.65,4.75812,-2.91752,-1.29047,5e-05,-0.07189
8074.94,BTC-27MAR20,1571482747244,open,0.52,1.1,0.5035,0.5455,0.5239058,84.65,0.5375,0.0,BTC-27MAR20-4000-C,7941.6,55.93,0.5075,10.0,0.54,10.0,102.05,6.57414,-1.74049,14.62792,3e-05,0.93748
7992.4,BTC-27DEC19,1571482747244,open,0.01,386.6,0.0005,0.0195,0.00719814,87.74,0.006,0.0,BTC-27DEC19-16000-C,7941.6,84.99,0.006,31.8,0.0085,51.0,90.44,3.66573,-2.33488,0.66807,3e-05,0.05149
8074.94,BTC-27MAR20,1571482747244,open,0.01,101.8,0.0025,0.0315,0.01248639,93.94,0.0125,0.0,BTC-27MAR20-26000-C,7941.6,90.49,0.01,19.0,0.0145,14.0,96.44,6.21714,-1.82654,1.61739,2e-05,0.05821
7971.76,SYN.BTC-29NOV19,1571482747241,open,0.01,15.7,0.0005,0.0145,0.00496811,76.23,0.0085,0.0,BTC-29NOV19-12500-C,7941.6,73.29,0.004,43.0,0.006,20.0,79.02,2.79278,-2.60419,0.41047,5e-05,0.05095
7971.76,SYN.BTC-29NOV19,1571482747240,open,0.21,0.3,0.182,0.234,0.20870441,72.16,0.2,0.0,BTC-29NOV19-6500-C,7941.6,31.07,0.1855,8.0,0.233,8.0,98.58,6.67495,-5.89201,5.573,0.00013,0.83296
7945.93,SYN.BTC-25OCT19,1571482747239,open,0.0,151.7,0.0005,0.011,0.00140401,67.49,0.001,0.0,BTC-25OCT19-9250-C,7941.6,63.55,0.001,1.1,0.002,0.3,72.24,0.89758,-5.1547,0.05147,0.00013,0.04164
7945.93,SYN.BTC-25OCT19,1571482747239,open,0.01,321.8,0.0005,0.0195,0.00632099,68.85,0.0055,0.0,BTC-25OCT19-7250-P,7941.6,63.91,0.005,22.0,0.007,0.5,71.25,2.21348,-12.96913,-0.18361,0.00032,-0.13722
7971.76,SYN.BTC-29NOV19,1571482747242,open,0.02,192.5,0.007,0.041,0.02160029,68.33,0.022,0.0,BTC-29NOV19-10000-C,7941.6,67.66,0.021,0.6,0.0225,8.1,69.31,7.24471,-6.05506,1.50545,0.00015,0.19023
7945.93,SYN.BTC-25OCT19,1571482747242,open,0.0,163.2,0.0005,0.0115,0.00174075,91.1,0.0015,0.0,BTC-25OCT19-6500-P,7941.6,82.57,0.001,34.5,0.003,67.0,101.72,0.80238,-6.22038,-0.04864,9e-05,-0.03629
7992.4,BTC-27DEC19,1571482747245,open,0.02,809.9,0.007,0.0435,0.02220957,77.13,0.023,0.0,BTC-27DEC19-12000-C,7941.6,75.39,0.0205,23.0,0.024,54.0,78.88,8.01855,-4.48952,1.8954,9e-05,0.14789
7992.4,BTC-27DEC19,1571482747245,open,0.0,402.1,0.0005,0.0105,0.00058973,111.69,0.001,0.0,BTC-27DEC19-32000-C,7941.6,0.0,0.0,0.0,0.0015,0.4,122.68,0.45159,-0.36616,0.05808,0.0,0.00444
7945.93,SYN.BTC-25OCT19,1571482747239,open,0.51,37.4,0.4805,0.543,0.51033235,114.96,0.455,0.0,BTC-25OCT19-12000-P,7941.6,0.0,0.4905,4.0,0.5365,4.0,280.07,0.0908,-0.88824,-1.92812,1e-05,-0.99705
7945.93,SYN.BTC-25OCT19,1571482747239,open,0.14,398.8,0.111,0.1615,0.13460821,61.55,0.133,0.0,BTC-25OCT19-9000-P,7941.6,57.1,0.134,60.3,0.153,6.0,123.9,1.19834,-6.27602,-1.37476,0.00019,-0.94017
7971.76,SYN.BTC-29NOV19,1571482747241,open,0.06,97.7,0.034,0.0875,0.06087103,65.52,0.06,0.0,BTC-29NOV19-8500-C,7941.6,64.09,0.059,0.1,0.0615,5.0,66.0,10.46591,-8.3876,3.27211,0.00022,0.42739
7945.93,SYN.BTC-25OCT19,1571482747241,open,0.0,728.4,0.0005,0.011,0.00119752,74.77,0.001,0.0,BTC-25OCT19-9500-C,7941.6,72.55,0.001,33.7,0.0015,2.4,77.78,0.74621,-4.74807,0.04096,0.0001,0.03322
7951.09,SYN.BTC-1NOV19,1571482747239,open,0.01,6.2,0.0005,0.0165,0.00580873,68.83,0.006,0.0,BTC-1NOV19-6750-P,7941.6,64.35,0.0045,44.0,0.007,30.1,72.53,2.45544,-6.56306,-0.27299,0.00016,-0.09152
7971.76,SYN.BTC-29NOV19,1571482747239,open,0.64,0.0,0.6,0.674,0.63496438,78.96,None,0.0,BTC-29NOV19-13000-P,7941.6,0.0,0.0005,1.0,0.0,0.0,0.0,2.43041,-2.34749,-14.21355,4e-05,-0.95716
7971.76,SYN.BTC-29NOV19,1571482747241,open,0.76,0.0,0.7225,0.8,0.75927114,83.83,None,0.0,BTC-29NOV19-14000-P,7941.6,0.0,0.0,0.0,0.0,0.0,0.0,1.86231,-1.90971,-15.42952,3e-05,-0.96906
7945.93,SYN.BTC-25OCT19,1571482747239,open,0.17,0.2,0.1415,0.192,0.16561168,68.26,0.154,0.0,BTC-25OCT19-9250-P,7941.6,0.0,0.147,6.0,0.176,6.0,114.34,0.93005,-5.40251,-1.4353,0.00013,-0.95649
7971.76,SYN.BTC-29NOV19,1571482747241,open,0.38,0.0,0.362,0.396,0.37832716,87.86,None,0.0,BTC-29NOV19-5000-C,7941.6,0.0,0.364,8.0,0.3915,8.0,119.39,2.36849,-2.5454,5.17947,4e-05,0.9585
7971.76,SYN.BTC-29NOV19,1571482747243,open,0.26,17.1,0.239,0.285,0.26207449,76.29,0.2565,0.0,BTC-29NOV19-6000-C,7941.6,0.0,0.2415,8.0,0.282,8.0,103.65,4.92954,-4.60006,5.62928,9e-05,0.89264
7945.93,SYN.BTC-25OCT19,1571482747244,open,0.0,363.2,0.0005,0.0105,0.000125,115.0,0.0005,0.0,BTC-25OCT19-12000-C,7941.6,0.0,0.0,0.0,0.001,18.0,145.4,0.09107,-0.8912,0.00362,1e-05,0.00296
7951.09,SYN.BTC-1NOV19,1571482747239,open,0.01,34.3,0.0005,0.022,0.00884711,65.2,0.009,0.0,BTC-1NOV19-7000-P,7941.6,63.08,0.008,13.0,0.01,30.0,67.96,3.24741,-8.22153,-0.40432,0.00022,-0.13531
7951.09,SYN.BTC-1NOV19,1571482747239,open,0.01,40.1,0.002,0.029,0.0116056,57.41,0.0105,0.0,BTC-1NOV19-8750-C,7941.6,54.31,0.01,12.0,0.0125,10.0,59.09,4.2078,-9.38163,0.53445,0.00033,0.20215
7945.93,SYN.BTC-25OCT19,1571482747244,open,0.0,261.0,0.0005,0.0105,0.00025541,87.83,0.0005,0.0,BTC-25OCT19-10500-C,7941.6,0.0,0.0,0.0,0.0005,10.2,95.28,0.2022,-1.51115,0.00892,2e-05,0.00723
7951.09,SYN.BTC-1NOV19,1571482747239,open,0.03,1.8,0.0105,0.05,0.02754114,57.4,0.027,0.0,BTC-1NOV19-8250-C,7941.6,56.65,0.027,0.1,0.0285,32.0,58.74,5.71501,-12.73974,1.00689,0.00045,0.38653
7971.76,SYN.BTC-29NOV19,1571482747241,open,0.88,0.0,0.845,0.927,0.8840988,88.97,None,0.0,BTC-29NOV19-15000-P,7941.6,0.0,0.0,0.0,0.0,0.0,0.0,1.51582,-1.64968,-16.60434,2e-05,-0.97583
7951.09,SYN.BTC-1NOV19,1571482747239,open,0.17,0.1,0.1425,0.1965,0.1686983,60.88,0.169,0.0,BTC-1NOV19-9250-P,7941.6,0.0,0.1465,3.0,0.192,3.0,107.71,2.67273,-6.31871,-2.98985,0.0002,-0.89727
7971.76,SYN.BTC-29NOV19,1571482747240,open,0.45,0.0,0.4175,0.489,0.45152289,73.72,None,0.0,BTC-29NOV19-11500-P,7941.6,0.0,0.0,0.0,0.0,0.0,0.0,4.20973,-3.79629,-12.18521,8e-05,-0.9134
7951.09,SYN.BTC-1NOV19,1571482747239,open,0.05,9.5,0.024,0.073,0.04600843,57.06,0.0465,0.0,BTC-1NOV19-8000-P,7941.6,53.04,0.043,7.0,0.0485,18.0,60.38,5.95762,-13.20011,-1.53553,0.00047,-0.50145
7971.76,SYN.BTC-29NOV19,1571482747241,open,0.01,267.3,0.0005,0.0175,0.0064477,74.57,0.006,0.0,BTC-29NOV19-12000-C,7941.6,72.23,0.0055,44.0,0.0075,20.0,76.94,3.38135,-3.08411,0.52246,6e-05,0.06497
7971.76,SYN.BTC-29NOV19,1571482747243,open,0.01,233.3,0.0005,0.0155,0.00554014,87.85,0.0065,0.0,BTC-29NOV19-5000-P,7941.6,84.16,0.0045,44.0,0.0065,11.0,90.95,2.36817,-2.54492,-0.41987,4e-05,-0.04149
7971.76,SYN.BTC-29NOV19,1571482747243,open,0.22,0.3,0.186,0.2565,0.22101976,66.12,0.2325,0.0,BTC-29NOV19-9500-P,7941.6,0.0,0.1895,5.0,0.2525,5.0,93.33,8.43455,-6.82219,-8.68984,0.00018,-0.75237
7951.09,SYN.BTC-1NOV19,1571482747239,open,0.06,3.8,0.0335,0.0815,0.05653257,57.75,0.06,0.0,BTC-1NOV19-7750-C,7941.6,51.42,0.052,24.0,0.058,18.0,59.79,5.71166,-12.80882,1.56429,0.00044,0.61425
7945.93,SYN.BTC-25OCT19,1571482747240,open,0.0,1415.4,0.0005,0.0155,0.00424308,77.24,0.0035,0.0,BTC-25OCT19-7000-P,7941.6,73.47,0.0035,0.1,0.005,100.0,80.79,1.63352,-10.73648,-0.12021,0.00021,-0.08973
7945.93,SYN.BTC-25OCT19,1571482747240,open,0.26,304.8,0.234,0.2875,0.2593508,87.09,0.2515,0.0,BTC-25OCT19-10000-P,7941.6,0.0,0.2415,5.0,0.278,5.0,175.56,0.517,-3.83155,-1.58348,6e-05,-0.9786
7945.93,SYN.BTC-25OCT19,1571482747244,open,0.01,637.1,0.0005,0.0255,0.00708141,57.01,0.007,0.0,BTC-25OCT19-8500-C,7941.6,52.15,0.0055,0.1,0.007,0.9,56.77,2.69286,-13.064,0.22783,0.00046,0.1852
7945.93,SYN.BTC-25OCT19,1571482747241,open,0.0,660.3,0.0005,0.0105,3e-08,115.0,0.001,0.0,BTC-25OCT19-16000-C,7941.6,0.0,0.0,0.0,0.0005,1.0,209.82,6e-05,-0.00026,0.0,0.0,0.0
7951.09,SYN.BTC-1NOV19,1571482747239,open,0.19,0.2,0.167,0.2075,0.18694214,75.34,0.1875,0.0,BTC-1NOV19-6500-C,7941.6,0.0,0.1685,5.0,0.203,5.0,119.75,1.94917,-5.70247,2.09122,0.00012,0.93252
7951.09,SYN.BTC-1NOV19,1571482747239,open,0.14,0.0,0.113,0.168,0.13939385,58.24,0.147,0.0,BTC-1NOV19-9000-P,7941.6,0.0,0.116,4.0,0.164,4.0,102.5,3.33178,-7.53535,-2.80174,0.00026,-0.85951
7945.93,SYN.BTC-25OCT19,1571482747241,open,0.25,16.3,0.23,0.2625,0.24565829,105.67,0.27,0.0,BTC-25OCT19-6000-C,7941.6,0.0,0.232,9.0,0.257,9.0,187.95,0.38833,-3.49185,0.94532,4e-05,0.9847
7945.93,SYN.BTC-25OCT19,1571482747241,open,0.07,45.3,0.043,0.0905,0.06657946,62.43,0.0665,0.0,BTC-25OCT19-7500-C,7941.6,53.91,0.0635,6.0,0.068,6.0,66.15,2.99309,-15.9021,0.91123,0.00047,0.77897
7945.93,SYN.BTC-25OCT19,1571482747240,open,0.0,203.0,0.0005,0.0145,0.00350423,58.28,0.003,0.0,BTC-25OCT19-8750-C,7941.6,55.98,0.003,1.2,0.004,1.0,60.4,1.80328,-8.94333,0.12681,0.0003,0.10265
7951.09,SYN.BTC-1NOV19,1571482747239,open,0.01,63.6,0.0005,0.021,0.00738757,58.03,0.008,0.0,BTC-1NOV19-9000-C,7941.6,54.57,0.006,43.0,0.009,50.1,61.75,3.31662,-7.47447,0.37069,0.00026,0.13955
