underlying_price,underlying_index,timestamp,state,settlement_price,open_interest,min_price,max_price,mark_price,mark_iv,last_price,interest_rate,instrument_name,index_price,bid_iv,best_bid_price,best_bid_amount,best_ask_price,best_ask_amount,ask_iv,vega,theta,rho,gamma,delta
6840.77,index_price,1557572340057,open,0.05,8.1,0.0055,0.0885,0.04700976,71.77,0.04,0,BTC-24MAY19-6750-P,6840.77,69.05,0.045,15.0,0.0545,15.0,81.91,5.05516,-14.08984,-1.16047,0.00043,-0.43388
192.14,index_price,1557572340309,open,0.08,127.0,0.095,0.174,0.134063,84.5,0.081,0,ETH-24MAY19-170-C,192.14,82.45,0.133,50.0,0.144,50.0,102.58,0.10026,-0.32899,0.04531,0.00911,0.80254
192.14,index_price,1557572340355,open,0.27,0.0,0.285,0.364,0.324432,99.58,None,0,ETH-24MAY19-130-C,192.14,0.0,0.005,2.0,0.0,0.0,0.0,0.0133,-0.05145,0.0448,0.00103,0.98546
192.14,index_price,1557572340438,open,0.0,0.001,0.053,0.013734,103.79,None,0,ETH-24MAY19-240-C,192.14,97.22,0.011,200.0,0.016,5.0,108.85,0.08352,-0.33663,0.00912,0.00618,0.14835
192.14,index_price,1557572340485,open,0.0,0.001,0.05,0.010422,107.66,None,0,ETH-24MAY19-250-C,192.14,100.61,0.008,250.0,0.015,250.0,119.22,0.07001,-0.2927,0.00708,0.00499,0.11492
194.21,ETH-27SEP19,1557572340495,open,0.13,5121.0,0.058,0.145,0.101515,79.33,0.086,0.0,ETH-27SEP19-160-P,192.14,71.55,0.086,60.0,0.1,40.0,78.58,0.38925,-0.11118,-0.26778,0.00342,-0.26088
193.72,ETH-28JUN19,1557572340495,open,0.16,1306.0,0.173,0.252,0.212764,78.75,0.2,0.0,ETH-28JUN19-160-C,192.14,0.0,0.009,5.0,0.22,4.0,85.6,0.2011,-0.1654,0.14716,0.00519,0.79193
194.21,ETH-27SEP19,1557572340495,open,0.08,713.0,0.069,0.148,0.10885,85.44,0.11,0.0,ETH-27SEP19-260-C,192.14,83.38,0.104,60.0,0.119,40.0,89.72,0.45823,-0.14096,0.20472,0.00374,0.3859
193.72,ETH-28JUN19,1557572340495,open,0.0,3801.0,0.001,0.041,0.001819,110.0,0.004,0.0,ETH-28JUN19-500-C,192.14,117.36,0.003,200.0,0.008,40.0,135.99,0.02595,-0.02981,0.00325,0.00048,0.0146
194.21,ETH-27SEP19,1557572340497,open,0.0,174.0,0.001,0.041,0.001765,89.37,0.003,0.0,ETH-27SEP19-60-P,192.14,91.02,0.002,5.0,0.0,0.0,0.0,0.02642,-0.0085,-0.00726,0.00021,-0.00805
193.72,ETH-28JUN19,1557572340497,open,0.13,2577.0,0.139,0.218,0.178556,78.75,0.141,0.0,ETH-28JUN19-170-C,192.14,70.74,0.169,60.0,0.18,40.0,79.95,0.23371,-0.19221,0.13909,0.00603,0.72594
193.72,ETH-28JUN19,1557572340499,open,0.1,3474.0,0.109,0.188,0.148375,78.75,0.145,0.0,ETH-28JUN19-180-C,192.14,73.21,0.141,74.0,0.151,120.0,80.72,0.25836,-0.21249,0.12885,0.00667,0.65548
193.72,ETH-28JUN19,1557572340499,open,0.01,773.0,0.001,0.059,0.019404,102.79,0.023,0.0,ETH-28JUN19-320-C,192.14,96.44,0.015,260.0,0.023,200.0,107.49,0.14247,-0.15293,0.02622,0.00282,0.12259
193.72,ETH-28JUN19,1557572340499,open,0.44,0.0,0.446,0.525,0.485943,92.39,None,0.0,ETH-28JUN19-100-C,192.14,0.0,0.002,5.0,0.0,0.0,0.0,0.02814,-0.02715,0.12654,0.00062,0.98396
194.21,ETH-27SEP19,1557572340501,open,0.11,855.0,0.109,0.188,0.14879,80.37,0.134,0.0,ETH-27SEP19-220-C,192.14,78.42,0.144,60.0,0.16,30.0,84.92,0.47791,-0.13828,0.25844,0.00414,0.49854
194.21,ETH-27SEP19,1557572340505,open,0.14,1907.0,0.142,0.221,0.181617,79.33,0.167,0.0,ETH-27SEP19-200-C,192.14,75.78,0.173,60.0,0.19,30.0,82.8,0.46983,-0.1342,0.28939,0.00413,0.57325
193.72,ETH-28JUN19,1557572340505,open,0.02,9853.0,0.001,0.055,0.015299,78.75,0.011,0.0,ETH-28JUN19-140-P,192.14,71.54,0.011,60.0,0.016,200.0,79.84,0.12316,-0.1013,-0.02931,0.00318,-0.10004
193.72,ETH-28JUN19,1557572340505,open,0.2,1945.0,0.088,0.177,0.132417,78.93,0.236,0.0,ETH-28JUN19-200-P,192.14,74.49,0.126,60.0,0.141,120.0,84.87,0.27976,-0.23061,-0.15752,0.0072,-0.48751
194.21,ETH-27SEP19,1557572340507,open,0.45,133.0,0.31,0.418,0.3637,83.58,0.472,0.0,ETH-27SEP19-240-P,192.14,0.0,0.053,9.0,0.38,1.0,90.26,0.47236,-0.14215,-0.68309,0.00394,-0.56073
192.14,index_price,1557572340507,open,0.0,403.0,0.001,0.048,0.008659,95.76,0.006,0,ETH-17MAY19-220-C,192.14,81.79,0.005,250.0,0.012,250.0,106.56,0.05582,-0.4549,0.00425,0.00981,0.14601
192.14,index_price,1557572340507,open,0.27,0.0,0.284,0.363,0.323497,110.0,None,0,ETH-17MAY19-130-C,192.14,0.0,0.005,5.0,0.426,1.0,500.0,0.00159,-0.01485,0.02086,0.00024,0.99794
193.72,ETH-28JUN19,1557572340509,open,0.71,0.0,0.509,0.634,0.571319,97.7,None,0.0,ETH-28JUN19-300-P,192.14,0.0,0.001,2.0,0.0,0.0,0.0,0.15975,-0.163,-0.36248,0.00332,-0.85522
194.21,ETH-27SEP19,1557572340509,open,0.03,846.0,0.003,0.082,0.042688,109.51,0.025,0.0,ETH-27SEP19-480-C,192.14,106.98,0.039,60.0,0.049,40.0,113.62,0.28934,-0.11407,0.08536,0.00184,0.15821
193.72,ETH-28JUN19,1557572340511,open,0.28,401.0,0.298,0.377,0.337567,78.99,0.14,0.0,ETH-28JUN19-130-C,192.14,0.0,0.15,1.0,0.0,0.0,0.0,0.08586,-0.07083,0.15254,0.00221,0.9379
194.21,ETH-27SEP19,1557572340519,open,0.27,1774.0,0.163,0.259,0.21143,79.33,0.205,0.0,ETH-27SEP19-200-P,192.14,75.85,0.203,60.0,0.222,30.0,83.71,0.46983,-0.1342,-0.47157,0.00413,-0.42675
193.72,ETH-28JUN19,1557572340519,open,0.01,9662.0,0.001,0.048,0.008639,78.99,0.01,0.0,ETH-28JUN19-130-P,192.14,72.51,0.006,60.0,0.011,200.0,84.02,0.08586,-0.07083,-0.01798,0.00221,-0.0621
193.72,ETH-28JUN19,1557572340531,open,0.55,0.0,0.548,0.627,0.587873,105.36,None,0.0,ETH-28JUN19-80-C,192.14,0.0,0.002,5.0,0.0,0.0,0.0,0.01204,-0.01325,0.10318,0.00023,0.99394
194.21,ETH-27SEP19,1557572340536,open,0.05,357.0,0.036,0.115,0.075517,92.71,0.072,0.0,ETH-27SEP19-320-C,192.14,90.51,0.071,60.0,0.084,40.0,96.75,0.40221,-0.13426,0.14999,0.00302,0.2785
193.72,ETH-28JUN19,1557572340539,open,0.01,927.0,0.001,0.053,0.013647,109.72,0.009,0.0,ETH-28JUN19-360-C,192.14,102.83,0.01,200.0,0.017,200.0,115.25,0.1109,-0.12708,0.01859,0.00205,0.0868
193.72,ETH-28JUN19,1557572340539,open,1.04,0.0,0.798,0.946,0.871999,109.72,None,0.0,ETH-28JUN19-360-P,192.14,0.0,0.001,2.0,0.0,0.0,0.0,0.1109,-0.12708,-0.45361,0.00205,-0.9132
192.14,index_price,1557572340541,open,0.02,678.0,0.009,0.088,0.048328,84.53,0.046,0,ETH-17MAY19-190-C,192.14,77.87,0.045,150.0,0.057,2.0,101.87,0.09605,-0.69089,0.01591,0.01912,0.56279
193.72,ETH-28JUN19,1557572340545,open,0.07,3061.0,0.06,0.139,0.1,78.93,0.097,0.0,ETH-28JUN19-200-C,192.14,74.78,0.094,60.0,0.107,120.0,83.78,0.27976,-0.23061,0.10481,0.0072,0.51249
192.14,index_price,1557572340547,open,0.14,335.0,0.027,0.112,0.069516,89.52,0.099,0,ETH-17MAY19-200-P,192.14,60.81,0.056,150.0,0.07,150.0,90.52,0.09308,-0.70911,-0.02122,0.0175,-0.61646
194.21,ETH-27SEP19,1557572340556,open,0.17,723.0,0.186,0.265,0.225003,79.33,0.2,0.0,ETH-27SEP19-180-C,192.14,73.62,0.212,60.0,0.228,30.0,80.65,0.44118,-0.12601,0.31804,0.00388,0.6554
194.21,ETH-27SEP19,1557572340556,open,0.07,939.0,0.057,0.136,0.096392,88.47,0.09,0.0,ETH-27SEP19-280-C,192.14,85.64,0.09,60.0,0.105,40.0,92.23,0.4416,-0.14066,0.18407,0.00348,0.34549
193.72,ETH-28JUN19,1557572340556,open,0.19,556.0,0.211,0.29,0.250882,78.75,0.22,0.0,ETH-28JUN19-150-C,192.14,0.0,0.007,4.0,0.3,2.0,128.93,0.16308,-0.13412,0.15241,0.00421,0.8507
193.72,ETH-28JUN19,1557572340556,open,0.38,10.0,0.397,0.476,0.436302,90.26,0.265,0.0,ETH-28JUN19-110-C,192.14,0.0,0.002,5.0,0.0,0.0,0.0,0.0465,-0.04384,0.13585,0.00105,0.97093
193.72,ETH-28JUN19,1557572340556,open,0.09,5242.0,0.014,0.098,0.056111,78.75,0.08,0.0,ETH-28JUN19-170-P,192.14,71.12,0.047,60.0,0.057,160.0,79.49,0.23371,-0.19221,-0.0839,0.00603,-0.27406
194.21,ETH-27SEP19,1557572340556,open,0.35,746.0,0.231,0.332,0.281584,80.37,0.275,0.0,ETH-27SEP19-220-P,192.14,77.69,0.275,59.0,0.296,30.0,86.23,0.47791,-0.13828,-0.57861,0.00414,-0.50146
193.72,ETH-28JUN19,1557572340556,open,0.49,0.0,0.498,0.577,0.537232,102.87,None,0.0,ETH-28JUN19-90-C,192.14,0.0,0.002,5.0,0.0,0.0,0.0,0.02258,-0.02426,0.11443,0.00045,0.98758
194.21,ETH-27SEP19,1557572340556,open,0.55,0.0,0.553,0.632,0.592322,79.33,None,0.0,ETH-27SEP19-80-C,192.14,0.0,0.002,5.0,0.0,0.0,0.0,0.05761,-0.01645,0.28659,0.00051,0.98016
192.14,index_price,1557572340556,open,0.09,770.0,0.001,0.078,0.03719,84.53,0.027,0,ETH-17MAY19-190-P,192.14,64.12,0.027,150.0,0.039,3.0,88.15,0.09605,-0.69089,-0.01467,0.01912,-0.43721
193.72,ETH-28JUN19,1557572340558,open,0.23,535.0,0.253,0.332,0.292607,78.75,0.005,0.0,ETH-28JUN19-140-C,192.14,0.0,0.005,3.0,0.5,2.0,291.58,0.12316,-0.1013,0.15433,0.00318,0.89996
194.21,ETH-27SEP19,1557572340558,open,0.45,0.0,0.459,0.538,0.498963,79.33,None,0.0,ETH-27SEP19-100-C,192.14,0.0,0.002,5.0,0.0,0.0,0.0,0.13265,-0.03789,0.32983,0.00117,0.94532
194.21,ETH-27SEP19,1557572340558,open,0.36,147.0,0.375,0.454,0.414542,79.33,0.283,0.0,ETH-27SEP19-120-C,192.14,0.0,0.005,5.0,0.0,0.0,0.0,0.22471,-0.06418,0.35161,0.00197,0.89037
192.14,index_price,1557572340558,open,0.05,100.0,0.001,0.057,0.017253,84.53,0.011,0,ETH-17MAY19-180-P,192.14,68.47,0.011,205.0,0.02,200.0,91.2,0.07811,-0.56184,-0.00839,0.01555,-0.25393
193.72,ETH-28JUN19,1557572340569,open,0.08,684.0,0.083,0.162,0.122167,78.75,0.1,0.0,ETH-28JUN19-190-C,192.14,72.97,0.114,60.0,0.127,120.0,82.17,0.27376,-0.22515,0.1172,0.00706,0.5834
194.21,ETH-27SEP19,1557572340569,open,0.03,571.0,0.015,0.094,0.054479,102.02,0.033,0.0,ETH-27SEP19-400-C,192.14,99.99,0.051,60.0,0.06,40.0,105.14,0.33767,-0.12403,0.10922,0.00231,0.20228
194.21,ETH-27SEP19,1557572340569,open,0.03,311.0,0.009,0.088,0.048214,106.18,0.04,0.0,ETH-27SEP19-440-C,192.14,104.16,0.045,60.0,0.054,40.0,109.69,0.31266,-0.11953,0.09625,0.00205,0.17847
192.14,index_price,1557572340569,open,0.16,173.0,0.181,0.26,0.220422,100.32,0.136,0,ETH-17MAY19-150-C,192.14,0.0,0.001,9.0,0.3,1.0,378.44,0.01293,-0.1104,0.02342,0.00217,0.97772
192.14,index_price,1557572340576,open,0.11,684.0,0.13,0.209,0.169787,90.86,0.099,0,ETH-17MAY19-160-C,192.14,0.0,0.156,2.0,0.235,1.0,294.04,0.02512,-0.19419,0.02413,0.00465,0.95007
6840.77,index_price,1557572340581,open,0.01,0.0,0.0005,0.049,0.00929328,82.34,None,0,BTC-24MAY19-8250-C,6840.77,77.58,0.0075,25.0,0.0125,25.0,89.99,2.69519,-8.61809,0.28749,0.0002,0.12843
193.72,ETH-28JUN19,1557572340585,open,0.0,1786.0,0.001,0.041,0.00182,102.87,0.002,0.0,ETH-28JUN19-90-P,192.14,94.44,0.001,1.0,0.003,100.0,111.45,0.02258,-0.02426,-0.00362,0.00045,-0.01242
194.21,ETH-27SEP19,1557572340585,open,0.66,0.0,0.653,0.732,0.692821,89.37,0.01,0.0,ETH-27SEP19-60-C,192.14,0.0,0.002,5.0,0.0,0.0,0.0,0.02642,-0.0085,0.22103,0.00021,0.99195
192.14,index_price,1557572340597,open,0.0,198.0,0.001,0.044,0.004793,99.52,0.003,0,ETH-17MAY19-230-C,192.14,89.53,0.003,70.0,0.008,250.0,113.6,0.03851,-0.32611,0.00253,0.00651,0.08672
194.21,ETH-27SEP19,1557572340599,open,0.04,492.0,0.024,0.103,0.063545,97.77,0.038,0.0,ETH-27SEP19-360-C,192.14,95.34,0.059,60.0,0.07,40.0,101.12,0.3683,-0.12964,0.12684,0.00262,0.23519
193.72,ETH-28JUN19,1557572340606,open,0.24,1515.0,0.121,0.214,0.167697,80.74,0.335,0.0,ETH-28JUN19-210-P,192.14,76.06,0.161,60.0,0.177,120.0,87.22,0.27755,-0.23404,-0.18277,0.00698,-0.55161
194.21,ETH-27SEP19,1557572340606,open,1.52,0.0,1.222,1.406,1.313802,106.18,None,0.0,ETH-27SEP19-440-P,192.14,0.0,0.001,2.0,0.0,0.0,0.0,0.31266,-0.11953,-1.57787,0.00205,-0.82153
194.21,ETH-27SEP19,1557572340606,open,0.09,402.0,0.088,0.167,0.127924,83.58,0.117,0.0,ETH-27SEP19-240-C,192.14,80.73,0.121,60.0,0.137,30.0,87.31,0.47236,-0.14215,0.23006,0.00394,0.43927
192.14,index_price,1557572340606,open,0.21,60.0,0.232,0.311,0.271828,109.56,0.164,0,ETH-17MAY19-140-C,192.14,0.0,0.005,5.0,0.358,1.0,450.13,0.00619,-0.05772,0.02223,0.00095,0.99054
193.72,ETH-28JUN19,1557572340610,open,0.04,6992.0,0.001,0.066,0.025195,78.75,0.02,0.0,ETH-28JUN19-150-P,192.14,71.07,0.019,60.0,0.025,200.0,78.52,0.16308,-0.13412,-0.04434,0.00421,-0.1493
192.14,index_price,1557572340612,open,0.06,367.0,0.082,0.161,0.121842,85.52,0.135,0,ETH-17MAY19-170-C,192.14,86.14,0.122,50.0,0.133,50.0,122.05,0.04833,-0.35174,0.0235,0.00951,0.88151
192.14,index_price,1557572340612,open,0.2,0.0,0.084,0.173,0.12833,92.74,None,0,ETH-24MAY19-210-P,192.14,72.59,0.115,150.0,0.129,150.0,93.72,0.13164,-0.47409,-0.0537,0.0109,-0.66392
193.72,ETH-28JUN19,1557572340619,open,0.39,1725.0,0.239,0.341,0.290331,86.96,0.475,0.0,ETH-28JUN19-240-P,192.14,0.0,0.063,8.0,0.0,0.0,0.0,0.24415,-0.22174,-0.25149,0.0057,-0.69942
194.21,ETH-27SEP19,1557572340619,open,0.19,4537.0,0.106,0.197,0.151835,79.33,0.154,0.0,ETH-27SEP19-180-P,192.14,73.69,0.139,60.0,0.156,40.0,81.17,0.44118,-0.12601,-0.36683,0.00388,-0.3446
194.21,ETH-27SEP19,1557572340619,open,0.28,201.0,0.301,0.38,0.34066,79.33,0.005,0.0,ETH-27SEP19-140-C,192.14,0.0,0.005,3.0,0.5,2.0,170.76,0.31488,-0.08994,0.35384,0.00277,0.81951
193.72,ETH-28JUN19,1557572340619,open,0.06,3250.0,0.001,0.08,0.038698,78.75,0.051,0.0,ETH-28JUN19-160-P,192.14,71.16,0.031,60.0,0.038,160.0,78.08,0.2011,-0.1654,-0.0627,0.00519,-0.20807
193.72,ETH-28JUN19,1557572340619,open,0.12,4716.0,0.035,0.12,0.077551,78.75,0.068,0.0,ETH-28JUN19-180-P,192.14,71.57,0.068,60.0,0.081,160.0,81.33,0.25836,-0.21249,-0.10725,0.00667,-0.34452
194.21,ETH-27SEP19,1557572340624,open,0.01,1711.0,0.001,0.044,0.004247,79.33,0.005,0.0,ETH-27SEP19-80-P,192.14,70.02,0.002,1000.0,0.006,50.0,84.67,0.05761,-0.01645,-0.0178,0.00051,-0.01984
192.14,index_price,1557572340624,open,0.01,538.0,0.001,0.056,0.016142,93.17,0.008,0,ETH-17MAY19-210-C,192.14,82.38,0.012,7.0,0.02,210.0,102.61,0.07651,-0.6066,0.00705,0.01382,0.24423
192.14,index_price,1557572340624,open,0.01,393.0,0.001,0.042,0.002513,90.86,0.005,0,ETH-17MAY19-160-P,192.14,0.0,0.0,0.0,0.005,250.0,106.59,0.02512,-0.19419,-0.00162,0.00465,-0.04993
194.21,ETH-27SEP19,1557572340629,open,0.04,1258.0,0.019,0.098,0.058701,99.97,0.019,0.0,ETH-27SEP19-380-C,192.14,97.91,0.055,60.0,0.064,40.0,102.85,0.35251,-0.12688,0.11745,0.00246,0.21764
192.14,index_price,1557572340629,open,0.02,196.0,0.001,0.046,0.006614,85.52,0.009,0,ETH-17MAY19-170-P,192.14,68.84,0.003,276.0,0.009,250.0,94.45,0.04833,-0.35174,-0.00387,0.00951,-0.11849
194.21,ETH-27SEP19,1557572340631,open,0.04,585.0,0.03,0.109,0.069418,95.52,0.043,0.0,ETH-27SEP19-340-C,192.14,93.27,0.065,60.0,0.077,40.0,99.28,0.38544,-0.13256,0.13785,0.00281,0.25597
193.72,ETH-28JUN19,1557572340631,open,0.0,1061.0,0.001,0.047,0.007641,109.97,0.008,0.0,ETH-28JUN19-400-C,192.14,108.27,0.007,200.0,0.014,200.0,123.59,0.07519,-0.08635,0.01139,0.00139,0.05247
194.21,ETH-27SEP19,1557572340644,open,0.22,444.0,0.238,0.317,0.277664,79.33,0.219,0.0,ETH-27SEP19-160-C,192.14,57.57,0.235,60.0,0.278,4.0,79.5,0.38925,-0.11118,0.34099,0.00342,0.73912
193.72,ETH-28JUN19,1557572340644,open,1.26,0.0,0.99,1.155,1.072477,109.97,None,0.0,ETH-28JUN19-400-P,192.14,0.0,0.001,2.0,0.0,0.0,0.0,0.07519,-0.08635,-0.51327,0.00139,-0.94753
193.72,ETH-28JUN19,1557572340644,open,0.03,1583.0,0.012,0.091,0.05143,86.96,0.058,0.0,ETH-28JUN19-240-C,192.14,81.79,0.045,60.0,0.057,160.0,91.33,0.24415,-0.22174,0.06331,0.0057,0.30058
194.21,ETH-27SEP19,1557572340644,open,0.65,2.0,0.477,0.599,0.53813,88.47,0.737,0.0,ETH-27SEP19-280-P,192.14,0.0,0.001,2.0,0.0,0.0,0.0,0.4416,-0.14066,-0.88128,0.00348,-0.65451
194.21,ETH-27SEP19,1557572340644,open,1.74,0.0,1.414,1.614,1.51424,109.51,None,0.0,ETH-27SEP19-480-P,192.14,0.0,0.001,2.0,0.0,0.0,0.0,0.28934,-0.11407,-1.74095,0.00184,-0.84179
192.14,index_price,1557572340644,open,0.0,52.0,0.001,0.04,8.7e-05,110.0,0.003,0,ETH-17MAY19-130-P,192.14,0.0,0.0,0.0,0.002,50.0,164.05,0.00159,-0.01485,-7e-05,0.00024,-0.00206
193.72,ETH-28JUN19,1557572340645,open,0.0,1501.0,0.001,0.04,0.00084,105.36,0.001,0.0,ETH-28JUN19-80-P,192.14,0.0,0.0,0.0,0.002,118.0,118.94,0.01204,-0.01325,-0.00175,0.00023,-0.00606
192.14,index_price,1557572340645,open,0.01,686.0,0.001,0.068,0.028608,89.52,0.036,0,ETH-17MAY19-200-C,192.14,77.84,0.023,200.0,0.035,202.0,102.62,0.09308,-0.70911,0.01098,0.0175,0.38354
193.72,ETH-28JUN19,1557572340653,open,0.04,2032.0,0.031,0.11,0.070929,83.02,0.047,0.0,ETH-28JUN19-220-C,192.14,78.74,0.065,60.0,0.077,160.0,87.37,0.26968,-0.23382,0.08172,0.0066,0.39252
6840.77,index_price,1557572340715,open,0.27,0.0,0.233,0.3125,0.27270077,102.78,None,0,BTC-24MAY19-5000-C,6840.77,0.0,0.0005,10.0,0.3595,0.2,309.51,1.16699,-4.65766,1.65208,7e-05,0.95732
6773.94,BTC-28JUN19,1557572340799,open,0.12,44.4,0.0735,0.1625,0.11790444,68.49,0.119,0.0,BTC-28JUN19-7000-P,6840.78,70.28,0.1205,12.0,0.1245,1.5,73.05,9.78695,-7.0001,-5.51969,0.00024,-0.50332
6840.78,index_price,1557572340799,open,0.01,0.0,0.0005,0.0505,0.01074513,76.47,None,0,BTC-31MAY19-8500-C,6840.78,75.97,0.0105,25.0,0.013,0.5,80.86,3.37145,-6.48529,0.4431,0.00017,0.12969
6773.95,BTC-28JUN19,1557572340800,open,0.78,33.8,0.739,0.8185,0.77856551,106.92,0.7145,0.0,BTC-28JUN19-1500-C,6840.78,0.0,0.007,0.1,0.886,2.0,500.0,0.00231,-0.00258,1.96728,0.0,0.99998
6752.74,BTC-27SEP19,1557572340801,open,0.3,817.8,0.2715,0.351,0.31140308,69.44,0.3065,0.0,BTC-27SEP19-5000-C,6840.78,0.0,0.11,1.0,0.0,0.0,0.0,10.92586,-2.73154,13.06997,9e-05,0.8201
6773.95,BTC-28JUN19,1557572340801,open,0.36,6.6,0.297,0.4045,0.35089982,73.46,0.544,0.0,BTC-28JUN19-9000-P,6840.78,0.0,0.004,0.2,0.9105,1.0,500.0,6.32173,-4.84998,-10.44893,0.00014,-0.8251
6752.74,BTC-27SEP19,1557572340801,open,0.1,1022.0,0.0685,0.148,0.10816519,69.94,0.113,0.0,BTC-27SEP19-8000-C,6840.78,70.29,0.109,3.0,0.118,3.0,73.99,16.35846,-4.11937,8.26107,0.00013,0.4297
6752.75,BTC-27SEP19,1557572340801,open,0.56,226.6,0.524,0.6035,0.56374616,82.96,0.55,0.0,BTC-27SEP19-3000-C,6840.78,0.0,0.0075,20.0,0.57,0.5,94.82,3.0504,-0.91116,10.36618,2e-05,0.96721
6752.75,BTC-27SEP19,1557572340802,open,0.0,1670.3,0.0005,0.041,0.00141977,110.0,0.001,0.0,BTC-27SEP19-1500-P,6840.78,104.98,0.001,6.4,0.005,81.2,134.24,0.63274,-0.25058,-0.17226,0.0,-0.00528
6840.78,index_price,1557572340799,open,0.01,274.8,0.0005,0.0495,0.00958065,93.73,0.0055,0,BTC-17MAY19-7750-C,6840.78,91.84,0.009,20.0,0.0115,21.0,99.72,2.12139,-16.92042,0.16687,0.0003,0.16111
6773.95,BTC-28JUN19,1557572340802,open,1.23,2.0,1.1285,1.305,1.21671729,98.45,2.658,0.0,BTC-28JUN19-15000-P,6840.78,0.0,0.0005,0.2,1.6965,1.0,500.0,1.19369,-1.2273,-19.51711,2e-05,-0.97988
6773.95,BTC-28JUN19,1557572340802,open,0.3,97.0,0.2705,0.35,0.31005823,77.16,0.1965,0.0,BTC-28JUN19-4750-C,6840.78,0.0,0.11,0.4,0.0,0.0,0.0,3.62291,-2.91956,5.42568,8e-05,0.9207
6752.75,BTC-27SEP19,1557572340801,open,0.57,0.0,0.531,0.6105,0.5705165,74.36,None,0.0,BTC-27DEC19-3000-C,6840.78,0.0,0.0005,3.0,0.9885,0.5,500.0,5.30189,-0.85752,16.24669,2e-05,0.95253
6752.75,BTC-27SEP19,1557572340802,open,0.03,8.7,0.0005,0.071,0.03144078,81.9,0.029,0.0,BTC-27SEP19-13000-C,6840.78,81.59,0.031,4.0,0.036,4.0,85.0,9.63521,-2.84096,3.00073,7e-05,0.14823
6840.78,index_price,1557572340800,open,0.45,0.0,0.4125,0.492,0.45242689,109.98,None,0,BTC-31MAY19-3750-C,6840.78,0.0,0.001,2.0,0.0,0.0,0.0,0.30096,-0.83266,2.01463,1e-05,0.99326
6752.75,BTC-27SEP19,1557572340803,open,0.0,328.2,0.0005,0.045,0.0050722,90.91,0.0055,0.0,BTC-27SEP19-2500-P,6840.78,87.09,0.004,5.0,0.0075,5.0,98.14,2.0227,-0.66206,-0.64596,1e-05,-0.02007
6773.95,BTC-28JUN19,1557572340803,open,0.64,5.7,0.566,0.696,0.6311712,80.34,1.142,0.0,BTC-28JUN19-11000-P,6840.78,0.0,0.0005,0.4,1.1675,1.0,500.0,3.07995,-2.58435,-13.92298,6e-05,-0.93582
6752.75,BTC-27SEP19,1557572340803,open,0.71,28.2,0.6675,0.747,0.70731209,102.78,0.608,0.0,BTC-27SEP19-2000-C,6840.78,0.0,0.0075,5.0,0.7125,1.0,121.99,1.36324,-0.50445,7.19461,1e-05,0.98733
6752.75,BTC-27SEP19,1557572340803,open,0.45,0.0,0.422,0.5015,0.46158632,75.68,None,0.0,BTC-27SEP19-3750-C,6840.78,0.0,0.0315,0.1,0.526,2.0,133.32,5.44829,-1.48453,12.09492,4e-05,0.93233
6840.78,index_price,1557572340799,open,0.01,1.0,0.0005,0.0515,0.01197568,78.94,0.011,0,BTC-24MAY19-8000-C,6840.78,75.67,0.0105,20.0,0.0155,20.0,86.2,3.16575,-9.70428,0.36474,0.00024,0.16312
6752.75,BTC-27SEP19,1557572340800,open,0.63,0.0,0.5985,0.678,0.63831349,78.37,None,0.0,BTC-27DEC19-2500-C,6840.78,0.0,0.015,5.0,0.9895,0.5,500.0,3.45864,-0.58954,14.18478,2e-05,0.97185
6840.78,index_price,1557572340803,open,0.34,20.2,0.307,0.3865,0.34656337,109.6,0.2355,0,BTC-31MAY19-4500-C,6840.78,0.0,0.0005,0.4,0.0,0.0,0.0,1.34032,-3.69544,2.28978,5e-05,0.96126
6840.78,index_price,1557572340799,open,0.23,0.0,0.198,0.2775,0.2377239,96.96,None,0,BTC-24MAY19-5250-C,6840.78,0.0,0.0005,10.0,0.3175,0.2,272.61,1.55529,-5.85609,1.69169,0.0001,0.93876
6840.78,index_price,1557572340799,open,0.3,0.0,0.268,0.3475,0.30758885,104.03,0.2,0,BTC-24MAY19-4750-C,6840.78,0.0,0.0005,10.0,0.4015,0.2,348.58,0.74432,-3.00703,1.61119,4e-05,0.97526
6840.78,index_price,1557572340802,open,0.23,12.3,0.194,0.2735,0.23388923,109.78,0.1745,0,BTC-17MAY19-5250-C,6840.78,0.0,0.001,0.5,0.271,0.3,272.86,0.4975,-4.64759,0.81675,6e-05,0.97557
6840.78,index_price,1557572340801,open,0.0,498.2,0.0005,0.0445,0.00438406,109.61,0.003,0,BTC-31MAY19-4500-P,6840.78,110.19,0.0045,3.1,0.005,1.0,112.64,1.34048,-3.69605,-0.16067,5e-05,-0.03875
6752.75,BTC-27SEP19,1557572340802,open,0.38,9.6,0.3535,0.433,0.39325367,69.73,0.323,0.0,BTC-27DEC19-4500-C,6840.78,0.0,0.039,3.0,0.48,0.1,112.11,12.83587,-1.94686,19.16031,6e-05,0.84378
6840.78,index_price,1557572340804,open,0.49,0.0,0.449,0.5285,0.48861966,109.97,None,0,BTC-31MAY19-3500-C,6840.78,0.0,0.001,2.0,0.0,0.0,0.0,0.14928,-0.41295,1.89348,1e-05,0.99693
6840.78,index_price,1557572340799,open,0.25,0.0,0.2,0.2995,0.24956626,84.75,None,0,BTC-24MAY19-8500-P,6840.78,0.0,0.0,0.0,0.3225,0.2,210.67,2.24552,-7.38982,-2.77544,0.00016,-0.90057
6840.78,index_price,1557572340802,open,0.0,97.4,0.0005,0.04,0.00025797,110.0,0.0005,0,BTC-31MAY19-3500-P,6840.78,118.58,0.0005,0.1,0.0015,11.0,137.28,0.14959,-0.41396,-0.01244,1e-05,-0.00308
6840.78,index_price,1557572340801,open,0.0,0.0,0.0005,0.045,0.00518137,96.97,None,0,BTC-24MAY19-5250-P,6840.78,88.84,0.0035,25.0,0.008,25.0,108.07,1.55545,-5.85702,-0.16031,0.0001,-0.06125
6840.78,index_price,1557572340801,open,0.3,1.6,0.266,0.3455,0.30579642,109.92,0.241,0,BTC-17MAY19-4750-C,6840.78,0.0,0.0005,5.0,0.3975,0.1,500.0,0.09416,-0.8808,0.76047,1e-05,0.99637
6840.78,index_price,1557572340800,open,0.01,66.3,0.0005,0.057,0.01748242,72.47,0.0155,0,BTC-31MAY19-8000-C,6840.78,72.5,0.0175,20.4,0.019,0.5,74.77,4.47121,-8.15175,0.68048,0.00024,0.20016
6752.75,BTC-27SEP19,1557572340801,open,0.1,415.0,0.0615,0.141,0.10112289,72.65,0.1,0.0,BTC-27DEC19-10000-C,6840.78,71.75,0.0985,4.0,0.1,0.9,72.26,19.79201,-3.12739,10.46703,9e-05,0.34724
6840.78,index_price,1557572340800,open,0.27,3.0,0.23,0.3095,0.26959804,109.96,0.2015,0,BTC-17MAY19-5000-C,6840.78,0.0,0.001,1.0,0.354,0.1,442.78,0.23667,-2.2146,0.79303,3e-05,0.98973
6752.75,BTC-27SEP19,1557572340802,open,0.01,84.9,0.0005,0.046,0.00597886,87.99,0.008,0.0,BTC-27DEC19-2000-P,6840.78,83.49,0.0045,0.1,0.007,5.0,90.74,2.39842,-0.45902,-1.02968,1e-05,-0.01823
6840.78,index_price,1557572340800,open,0.24,137.6,0.202,0.2815,0.24158727,89.91,0.2415,0,BTC-31MAY19-5250-C,6840.78,0.0,0.014,7.0,0.3,0.3,193.71,2.50393,-5.66357,2.50512,0.00011,0.91409
6752.75,BTC-27SEP19,1557572340803,open,0.12,95.9,0.089,0.1685,0.12886165,72.52,0.1075,0.0,BTC-27DEC19-9000-C,6840.78,70.46,0.1225,3.0,0.1325,3.0,73.7,20.90691,-3.29796,12.22442,0.0001,0.4163
6840.78,index_price,1557572340804,open,0.02,196.6,0.0005,0.0565,0.01623828,80.06,0.02,0,BTC-31MAY19-5750-P,6840.78,83.2,0.018,0.4,0.019,20.0,84.94,3.77302,-7.59869,-0.63082,0.00018,-0.15311
192.14,index_price,1557572340872,open,0.0,0.213,0.313,0.262823,103.79,None,0,ETH-24MAY19-240-P,192.14,0.0,0.0,0.0,0.404,1.0,315.27,0.08352,-0.33663,-0.07554,0.00618,-0.85165
192.14,index_price,1557572340965,open,0.0,0.26,0.364,0.311557,107.66,None,0,ETH-24MAY19-250-P,192.14,0.0,0.0,0.0,0.397,1.0,251.39,0.07001,-0.2927,-0.08111,0.00499,-0.88508
192.14,index_price,1557572340975,open,0.01,102.0,0.001,0.065,0.025619,96.68,0.013,0,ETH-24MAY19-220-C,192.14,88.86,0.021,200.0,0.031,201.0,105.38,0.11618,-0.43622,0.01563,0.00923,0.25628
192.14,index_price,1557572341076,open,0.05,26.0,0.058,0.137,0.097939,84.5,0.074,0,ETH-24MAY19-180-C,192.14,80.06,0.095,150.0,0.108,150.0,99.47,0.12765,-0.41887,0.04,0.0116,0.68814
192.14,index_price,1557572341078,open,0.21,0.0,0.233,0.312,0.272934,88.73,None,0,ETH-24MAY19-140-C,192.14,0.0,0.005,2.0,0.0,0.0,0.0,0.02015,-0.06944,0.04767,0.00174,0.97632
192.14,index_price,1557572341341,open,0.25,0.0,0.124,0.217,0.170617,96.68,None,0,ETH-24MAY19-220-P,192.14,69.89,0.156,50.0,0.17,50.0,95.66,0.11618,-0.43622,-0.06197,0.00923,-0.74372
193.72,ETH-28JUN19,1557572341390,open,0.0,3051.0,0.001,0.042,0.002152,92.39,0.001,0.0,ETH-28JUN19-100-P,192.14,82.48,0.001,180.0,0.004,200.0,102.79,0.02814,-0.02715,-0.00462,0.00062,-0.01604
192.14,index_price,1557572341441,open,0.0,0.0,0.001,0.041,0.00157,88.73,None,0,ETH-24MAY19-140-P,192.14,0.0,0.0,0.0,0.004,250.0,105.85,0.02015,-0.06944,-0.00171,0.00174,-0.02368
192.14,index_price,1557572341822,open,0.03,173.0,0.029,0.108,0.068624,84.5,0.081,0,ETH-24MAY19-190-C,192.14,80.96,0.066,150.0,0.079,150.0,98.51,0.14236,-0.46715,0.03328,0.01294,0.55959
192.14,index_price,1557572342066,open,0.31,0.0,0.168,0.264,0.216152,101.18,None,0,ETH-24MAY19-230-P,192.14,0.0,0.001,2.0,0.419,1.0,386.68,0.1002,-0.39367,-0.06906,0.0076,-0.80274
192.14,index_price,1557572342185,open,0.11,1.0,0.016,0.099,0.057486,84.5,0.062,0,ETH-24MAY19-190-P,192.14,71.7,0.048,150.0,0.061,150.0,89.25,0.14236,-0.46715,-0.03375,0.01294,-0.44041
6752.78,BTC-27SEP19,1557572342252,open,0.33,13.5,0.299,0.3785,0.33887243,70.32,0.225,0.0,BTC-27SEP19-4750-C,6840.78,0.0,0.225,1.5,0.0,0.0,0.0,9.79698,-2.48027,13.08155,8e-05,0.84802
6774.02,BTC-28JUN19,1557572342281,open,0.0,1395.2,0.0005,0.04,3.35e-06,110.0,0.0005,0.0,BTC-28JUN19-1500-P,6840.78,0.0,0.0,0.0,0.0005,41.6,164.79,0.00351,-0.00403,-0.00033,0.0,-3e-05
6774.02,BTC-28JUN19,1557572342298,open,0.37,10.5,0.3395,0.419,0.37917437,84.2,0.2685,0.0,BTC-28JUN19-4250-C,6840.78,0.0,0.02,0.1,0.0,0.0,0.0,2.38171,-2.09431,5.10427,5e-05,0.95364
6774.02,BTC-28JUN19,1557572342302,open,0.48,143.2,0.4475,0.527,0.4873546,102.83,0.39,0.0,BTC-28JUN19-3500-C,6840.78,0.0,0.003,2.0,0.806,3.0,500.0,1.4357,-1.54183,4.3325,2e-05,0.97496
6752.78,BTC-27SEP19,1557572342338,open,0.42,239.7,0.3895,0.469,0.42918479,73.97,0.39,0.0,BTC-27SEP19-4000-C,6840.78,0.0,0.165,2.0,0.442,0.1,86.23,6.44922,-1.7175,12.49663,5e-05,0.91557
6840.78,index_price,1557572342340,open,0.02,228.3,0.0005,0.072,0.03213633,83.57,0.032,0,BTC-17MAY19-7000-C,6840.78,83.3,0.032,1.0,0.033,0.4,85.3,3.41633,-24.29478,0.4435,0.00054,0.43487
6840.78,index_price,1557572342467,open,0.05,232.4,0.016,0.0955,0.05565162,70.85,0.0525,0,BTC-31MAY19-7000-C,6840.78,69.07,0.054,0.4,0.0585,15.0,73.91,6.35824,-11.33197,1.5713,0.00035,0.47747
6840.78,index_price,1557572342500,open,0.0,165.5,0.0005,0.041,0.00134666,109.8,0.003,0,BTC-17MAY19-5250-P,6840.78,122.82,0.0025,25.0,0.003,27.8,127.36,0.49774,-4.65051,-0.0284,6e-05,-0.02444
6774.02,BTC-28JUN19,1557572342511,open,0.7,20.1,0.665,0.7445,0.70481602,109.5,0.578,0.0,BTC-28JUN19-2000-C,6840.78,0.0,0.006,0.1,0.8615,1.0,500.0,0.04595,-0.05254,2.61808,0.0,0.99947
6840.78,index_price,1557572342511,open,0.01,328.8,0.0005,0.0485,0.0084951,97.16,0.008,0,BTC-17MAY19-6000-P,6840.78,97.18,0.0085,25.0,0.011,25.0,106.05,1.83801,-15.19676,-0.15273,0.00025,-0.1302
192.14,index_price,1557572342545,open,0.02,146.0,0.011,0.09,0.050466,90.36,0.05,0,ETH-24MAY19-200-C,192.14,89.73,0.05,5.0,0.057,1.0,99.16,0.14233,-0.49942,0.02639,0.01209,0.43984
192.14,index_price,1557572342583,open,0.12,2.0,0.137,0.216,0.176189,84.5,0.096,0,ETH-24MAY19-160-C,192.14,0.0,0.0,0.0,0.242,1.0,210.32,0.06734,-0.22099,0.04846,0.00612,0.89116
6752.78,BTC-27SEP19,1557572342601,open,0.49,261.1,0.455,0.5345,0.49487823,77.66,0.479,0.0,BTC-27SEP19-3500-C,6840.78,0.0,0.161,1.0,0.528,1.0,114.37,4.53667,-1.26854,11.60226,3e-05,0.94645
6774.02,BTC-28JUN19,1557572342601,open,0.34,225.0,0.3045,0.384,0.34448076,80.94,0.3425,0.0,BTC-28JUN19-4500-C,6840.78,0.0,0.2,1.0,0.35,1.0,92.08,2.98123,-2.51997,5.27759,6e-05,0.93845
6840.78,index_price,1557572342639,open,0.0,267.5,0.0005,0.0425,0.00245321,109.64,0.003,0,BTC-31MAY19-4250-P,6840.78,113.63,0.003,25.5,0.0035,7.9,116.92,0.88207,-2.43279,-0.09625,3e-05,-0.02338
194.21,ETH-27SEP19,1557572342652,open,0.96,1.0,0.748,0.892,0.820101,95.52,1.043,0.0,ETH-27SEP19-340-P,192.16,0.0,0.001,2.0,0.0,0.0,0.0,0.38544,-0.13256,-1.15579,0.00281,-0.74403
194.21,ETH-27SEP19,1557572342652,open,0.55,1.0,0.39,0.505,0.447609,85.44,0.573,0.0,ETH-27SEP19-260-P,192.16,0.0,0.04,18.0,0.459,1.0,90.24,0.45823,-0.14097,-0.78453,0.00374,-0.6141
193.71,ETH-28JUN19,1557572342652,open,0.29,1140.0,0.159,0.254,0.206589,82.99,0.301,0.0,ETH-28JUN19-220-P,192.16,76.78,0.198,120.0,0.215,120.0,89.0,0.26963,-0.2337,-0.20688,0.0066,-0.60762
194.21,ETH-27SEP19,1557572342652,open,0.08,7365.0,0.02,0.103,0.061529,79.33,0.056,0.0,ETH-27SEP19-140-P,192.16,70.14,0.047,60.0,0.056,40.0,75.89,0.31488,-0.08994,-0.17883,0.00277,-0.18049
193.71,ETH-28JUN19,1557572342652,open,0.02,2047.0,0.001,0.069,0.029721,94.95,0.015,0.0,ETH-28JUN19-280-C,192.16,89.89,0.025,160.0,0.034,160.0,99.28,0.18676,-0.18518,0.03925,0.004,0.18419
193.71,ETH-28JUN19,1557572342652,open,0.02,2031.0,0.001,0.078,0.03842,90.91,0.02,0.0,ETH-28JUN19-260-C,192.16,85.91,0.033,220.0,0.043,160.0,94.98,0.21453,-0.20368,0.04942,0.00479,0.23292
193.71,ETH-28JUN19,1557572342652,open,0.82,0.0,0.605,0.738,0.671272,102.68,None,0.0,ETH-28JUN19-320-P,192.16,0.0,0.001,2.0,0.0,0.0,0.0,0.14217,-0.15245,-0.39358,0.00281,-0.87777
193.71,ETH-28JUN19,1557572342652,open,1.83,0.0,1.48,1.686,1.582863,108.98,None,0.0,ETH-28JUN19-500-P,192.16,0.0,0.001,2.0,0.0,0.0,0.0,0.02461,-0.02801,-0.65277,0.00046,-0.98628
194.21,ETH-27SEP19,1557572342652,open,1.07,1.0,0.841,0.993,0.917209,97.77,1.102,0.0,ETH-27SEP19-360-P,192.16,0.0,0.001,2.0,0.0,0.0,0.0,0.3683,-0.12964,-1.24289,0.00262,-0.7648
194.21,ETH-27SEP19,1557572342652,open,0.04,7267.0,0.001,0.073,0.03243,79.33,0.031,0.0,ETH-27SEP19-120-P,192.16,66.69,0.019,60.0,0.028,50.0,75.41,0.22471,-0.06418,-0.10497,0.00197,-0.10963
193.71,ETH-28JUN19,1557572342652,open,0.6,0.0,0.417,0.534,0.475106,94.87,None,0.0,ETH-28JUN19-280-P,192.16,0.0,0.001,2.0,0.0,0.0,0.0,0.18659,-0.18486,-0.32807,0.004,-0.81608
193.71,ETH-28JUN19,1557572342652,open,0.05,745.0,0.044,0.123,0.083658,80.76,0.083,0.0,ETH-28JUN19-210-C,192.16,76.8,0.078,60.0,0.091,120.0,85.87,0.27753,-0.23407,0.09266,0.00698,0.44835
194.21,ETH-27SEP19,1557572342652,open,0.75,3.0,0.564,0.693,0.628801,90.26,0.844,0.0,ETH-27SEP19-300-P,192.16,0.0,0.001,2.0,0.0,0.0,0.0,0.42121,-0.13689,-0.97626,0.00325,-0.69238
192.16,index_price,1557572342652,open,0.0,0.0,0.001,0.04,1.1e-05,110.02,None,0,ETH-17MAY19-120-P,192.16,0.0,0.0,0.0,0.001,50.0,173.37,0.00026,-0.00204,-1e-05,4e-05,-0.00029
193.71,ETH-28JUN19,1557572342653,open,0.01,1561.0,0.001,0.062,0.022692,97.71,0.024,0.0,ETH-28JUN19-300-C,192.16,93.07,0.019,260.0,0.028,200.0,103.87,0.15973,-0.163,0.03102,0.00332,0.14477
193.71,ETH-28JUN19,1557572342653,open,0.0,4553.0,0.001,0.044,0.004131,90.25,0.004,0.0,ETH-28JUN19-110-P,192.16,71.62,0.001,60.0,0.005,200.0,93.68,0.0465,-0.04383,-0.00844,0.00105,-0.02907
192.16,index_price,1557572342652,open,0.03,642.0,0.041,0.12,0.080436,84.36,0.058,0,ETH-17MAY19-180-C,192.16,88.18,0.082,2.0,0.091,50.0,109.3,0.07801,-0.55999,0.02061,0.01556,0.74674
194.23,ETH-27SEP19,1557572342654,open,1.18,1.0,0.935,1.095,1.015346,100.07,1.285,0.0,ETH-27SEP19-380-P,192.16,0.0,0.001,2.0,0.0,0.0,0.0,0.35299,-0.12718,-1.32817,0.00246,-0.78189
192.16,index_price,1557572342652,open,0.3,0.0,0.154,0.249,0.201837,100.1,None,0,ETH-17MAY19-230-P,192.16,0.0,0.001,2.0,0.413,1.0,500.0,0.03901,-0.33224,-0.03445,0.00656,-0.91179
194.23,ETH-27SEP19,1557572342654,open,0.86,2.0,0.655,0.792,0.723219,92.78,0.953,0.0,ETH-27SEP19-320-P,192.16,0.0,0.001,2.0,0.0,0.0,0.0,0.40251,-0.13446,-1.06739,0.00302,-0.72113
194.23,ETH-27SEP19,1557572342655,open,0.02,3167.0,0.001,0.054,0.01387,79.34,0.012,0.0,ETH-27SEP19-100-P,192.16,67.66,0.007,60.0,0.012,50.0,76.52,0.13265,-0.03789,-0.05065,0.00116,-0.05467
193.73,ETH-28JUN19,1557572342655,open,0.33,25.0,0.346,0.425,0.385743,81.79,0.315,0.0,ETH-28JUN19-120-C,192.16,0.0,0.38,50.0,0.0,0.0,0.0,0.05894,-0.05035,0.14624,0.00146,0.96123
194.23,ETH-27SEP19,1557572342655,open,1.29,0.0,1.03,1.198,1.114105,102.13,None,0.0,ETH-27SEP19-400-P,192.16,0.0,0.001,2.0,0.0,0.0,0.0,0.33821,-0.12436,-1.41248,0.00231,-0.79722
192.16,index_price,1557572342652,open,0.32,0.0,0.336,0.415,0.375466,0.0,None,0,ETH-17MAY19-120-C,192.16,0.0,0.005,5.0,0.0,0.0,0.0,0.0,0.0,0.01932,0.0,1.0
192.16,index_price,1557572342652,open,0.19,0.0,0.065,0.153,0.109095,93.4,None,0,ETH-17MAY19-210-P,192.16,42.41,0.094,50.0,0.108,50.0,90.63,0.07666,-0.60932,-0.02673,0.01381,-0.75488
6774.02,BTC-28JUN19,1557572342655,open,0.0,680.1,0.0005,0.04,0.00047404,110.0,0.001,0.0,BTC-28JUN19-2500-P,6840.78,120.54,0.001,1.3,0.0015,2.0,127.4,0.25478,-0.2927,-0.0349,0.0,-0.00345
192.16,index_price,1557572342652,open,0.0,391.0,0.001,0.041,0.001103,100.36,0.005,0,ETH-17MAY19-150-P,192.16,98.78,0.001,300.0,0.003,250.0,120.61,0.01293,-0.11043,-0.00072,0.00217,-0.02227
192.16,index_price,1557572342652,open,0.24,0.0,0.108,0.199,0.153657,96.12,None,0,ETH-17MAY19-220-P,192.16,0.0,0.139,50.0,0.152,50.0,90.22,0.05614,-0.45918,-0.03113,0.00983,-0.85278
192.16,index_price,1557572342652,open,0.02,20.0,0.001,0.075,0.035377,92.7,0.017,0,ETH-24MAY19-210-C,192.16,86.25,0.031,200.0,0.041,1.0,100.82,0.13167,-0.47397,0.02039,0.0109,0.33619
192.16,index_price,1557572342654,open,0.0,862.0,0.001,0.04,0.000463,109.59,0.003,0,ETH-17MAY19-140-P,192.16,122.21,0.001,6.0,0.009,4.0,189.71,0.00619,-0.05773,-0.00031,0.00095,-0.00946
6840.78,index_price,1557572342657,open,0.07,287.7,0.0325,0.112,0.07229075,70.85,0.062,0,BTC-31MAY19-6750-C,6840.78,68.9,0.0705,0.4,0.0755,15.0,74.34,6.28388,-11.19943,1.8351,0.00035,0.56493
6752.78,BTC-27SEP19,1557572342657,open,0.01,123.9,0.0005,0.055,0.01478204,74.36,0.022,0.0,BTC-27DEC19-3000-P,6840.78,73.35,0.014,5.0,0.0185,5.0,78.86,5.30224,-0.85761,-2.64746,2e-05,-0.04747
6752.78,BTC-27SEP19,1557572342690,open,1.72,0.0,1.591,1.8065,1.69873277,84.25,None,0.0,BTC-27DEC19-18000-P,6840.78,0.0,0.0075,5.0,2.5905,0.2,500.0,11.26338,-2.06394,-109.29654,5e-05,-0.87121
6752.78,BTC-27SEP19,1557572342692,open,0.71,0.0,0.67,0.7495,0.70980306,87.99,None,0.0,BTC-27DEC19-2000-C,6840.78,0.0,0.015,5.0,0.9905,0.5,500.0,2.3981,-0.45894,11.56643,1e-05,0.98177
6752.78,BTC-27SEP19,1557572342697,open,1.28,0.0,1.1755,1.3565,1.26597691,79.56,None,0.0,BTC-27DEC19-15000-P,6840.78,0.0,0.0075,10.0,2.152,0.2,500.0,13.63567,-2.35957,-89.07711,6e-05,-0.82854
6840.78,index_price,1557572342718,open,0.0,396.6,0.0005,0.045,0.00493005,102.01,0.005,0,BTC-17MAY19-5750-P,6840.78,104.97,0.0055,25.0,0.0065,1.0,109.83,1.28728,-11.17476,-0.09325,0.00017,-0.07975
6840.78,index_price,1557572342812,open,0.02,50.3,0.0005,0.0615,0.02150642,72.99,0.0085,0,BTC-24MAY19-7500-C,6840.78,69.75,0.0195,20.0,0.027,20.0,81.58,4.27489,-12.1176,0.60789,0.00035,0.27342
193.71,ETH-28JUN19,1557572343094,open,0.0,3051.0,0.001,0.042,0.002153,92.39,0.001,0.0,ETH-28JUN19-100-P,192.16,82.48,0.001,120.0,0.004,200.0,102.78,0.02814,-0.02715,-0.00462,0.00062,-0.01604
6840.78,index_price,1557572343156,open,0.0,1.1,0.0005,0.042,0.00195511,104.04,0.0025,0,BTC-24MAY19-4750-P,6840.78,99.52,0.0015,25.0,0.0025,1.0,108.69,0.74455,-3.00823,-0.06444,4e-05,-0.02475
193.71,ETH-28JUN19,1557572343326,open,0.1,3474.0,0.109,0.188,0.148346,78.77,0.145,0.0,ETH-28JUN19-180-C,192.16,73.23,0.141,74.0,0.152,120.0,81.49,0.25837,-0.21254,0.12883,0.00666,0.6554
192.16,index_price,1557572343329,open,0.03,173.0,0.029,0.108,0.068675,84.43,0.081,0,ETH-24MAY19-190-C,192.16,80.89,0.066,150.0,0.08,150.0,99.79,0.14236,-0.46677,0.0333,0.01294,0.55984
6752.79,BTC-27SEP19,1557572343340,open,0.0,0.0005,0.059,0.0192023,87.82,None,0.0,BTC-27SEP19-16000-C,6840.78,88.59,0.02,5.0,0.0245,5.0,92.65,6.93883,-2.19394,1.89998,5e-05,0.09315
6840.78,index_price,1557572343469,open,0.01,22.6,0.0005,0.0465,0.00664608,88.69,0.0105,0,BTC-24MAY19-5500-P,6840.78,82.52,0.005,25.0,0.01,25.0,99.44,1.94285,-6.69133,-0.21349,0.00013,-0.08182
6840.78,index_price,1557572343485,open,0.01,244.4,0.0005,0.053,0.01301861,86.83,0.012,0,BTC-17MAY19-7500-C,6840.78,85.44,0.0125,20.0,0.016,20.0,94.59,2.55443,-18.87542,0.2254,0.00039,0.2177
194.23,ETH-27SEP19,1557572343652,open,0.06,1423.0,0.045,0.124,0.084082,90.25,0.056,0.0,ETH-27SEP19-300-C,192.16,88.36,0.08,60.0,0.09,3.0,92.96,0.42126,-0.13689,0.16521,0.00325,0.30764
193.73,ETH-28JUN19,1557572343653,open,0.49,0.0,0.326,0.435,0.380622,91.01,None,0.0,ETH-28JUN19-260-P,192.14,0.0,0.001,2.0,0.0,0.0,0.0,0.21478,-0.20414,-0.29153,0.00479,-0.76664
193.73,ETH-28JUN19,1557572343653,open,0.01,4915.0,0.001,0.045,0.005196,81.9,0.007,0.0,ETH-28JUN19-120-P,192.14,68.61,0.002,60.0,0.007,200.0,87.34,0.05915,-0.05059,-0.01121,0.00147,-0.03894
192.14,index_price,1557572343652,open,0.04,195.0,0.001,0.059,0.018812,84.46,0.021,0,ETH-24MAY19-170-P,192.14,72.78,0.013,200.0,0.02,200.0,86.72,0.10023,-0.32873,-0.01465,0.00911,-0.19736
192.14,index_price,1557572343653,open,0.07,62.0,0.001,0.076,0.03472,84.45,0.044,0,ETH-24MAY19-180-P,192.14,72.67,0.027,200.0,0.037,200.0,87.87,0.12763,-0.41856,-0.02349,0.01161,-0.31178
192.14,index_price,1557572343652,open,0.0,4.0,0.001,0.041,0.001021,99.56,0.003,0,ETH-24MAY19-130-P,192.14,0.0,0.0,0.0,0.003,5.0,119.2,0.01329,-0.0514,-0.00105,0.00103,-0.01453
6840.78,index_price,1557572343666,open,0.01,71.5,0.0005,0.06,0.02001441,83.59,0.0175,0,BTC-17MAY19-7250-C,6840.78,82.44,0.0195,20.0,0.0225,0.4,89.09,3.06365,-21.79263,0.31975,0.00049,0.31038
6752.79,BTC-27SEP19,1557572343800,open,1.26,0.0,1.1555,1.3345,1.24492429,87.09,None,0.0,BTC-27SEP19-15000-P,6840.57,0.0,0.0,0.0,0.0,0.0,0.0,7.92343,-2.48442,-54.80684,5e-05,-0.88821
6752.79,BTC-27SEP19,1557572343800,open,0.02,0.0,0.0005,0.0635,0.02361678,87.09,None,0.0,BTC-27SEP19-15000-C,6840.57,86.56,0.023,5.0,0.0275,5.0,90.27,7.92286,-2.48416,2.26517,5e-05,0.11178
6752.79,BTC-27SEP19,1557572343800,open,0.0,1.2935,1.484,1.38860148,87.83,None,0.0,BTC-27SEP19-16000-P,6840.57,0.0,0.0,0.0,0.0,0.0,0.0,6.94037,-2.19462,-58.97653,5e-05,-0.90682
6774.05,BTC-28JUN19,1557572343800,open,0.56,43.8,0.5195,0.599,0.55906904,109.74,0.433,0.0,BTC-28JUN19-3000-C,6840.57,0.0,0.004,0.2,0.8225,2.0,500.0,0.7822,-0.89649,3.80861,1e-05,0.98771
6774.05,BTC-28JUN19,1557572343800,open,0.0,90.2,0.0005,0.042,0.00237442,103.16,0.003,0.0,BTC-28JUN19-3250-P,6840.57,104.03,0.0025,20.0,0.004,10.0,112.81,0.9649,-1.03956,-0.16038,2e-05,-0.01568
6752.79,BTC-27SEP19,1557572343800,open,0.02,13.1,0.0005,0.0665,0.02695181,84.51,0.03,0.0,BTC-27SEP19-14000-C,6840.57,84.16,0.0265,5.0,0.031,5.0,87.55,8.69679,-2.64621,2.58509,6e-05,0.12757
6752.79,BTC-27SEP19,1557572343800,open,1.12,0.0,1.0165,1.184,1.10017203,84.51,None,0.0,BTC-27SEP19-14000-P,6840.57,0.0,0.0075,10.0,1.8995,0.3,500.0,8.69725,-2.64642,-50.68212,6e-05,-0.87242
6752.79,BTC-27SEP19,1557572343800,open,0.01,18.3,0.0005,0.0505,0.01032735,80.18,0.012,0.0,BTC-27SEP19-3250-P,6840.57,78.66,0.0095,5.0,0.0135,5.0,85.53,3.74757,-1.08187,-1.34919,3e-05,-0.04218
6774.05,BTC-28JUN19,1557572343800,open,0.01,535.5,0.0005,0.0555,0.01520633,74.77,0.016,0.0,BTC-28JUN19-5000-P,6840.57,78.89,0.018,20.0,0.0215,20.0,83.74,4.44286,-3.46914,-1.06281,0.0001,-0.10441
6774.05,BTC-28JUN19,1557572343800,open,0.01,1105.3,0.0005,0.0515,0.01194437,76.25,0.015,0.0,BTC-28JUN19-10000-C,6840.57,80.04,0.0145,20.0,0.0185,20.0,85.41,4.35687,-3.46961,0.79694,9e-05,0.10164
6752.79,BTC-27SEP19,1557572343800,open,0.42,0.0,0.3555,0.4675,0.41151241,71.88,None,0.0,BTC-27SEP19-9000-P,6840.57,0.0,0.0075,10.0,1.191,0.2,499.85,15.17432,-3.92692,-27.65978,0.00012,-0.66503
6774.05,BTC-28JUN19,1557572343800,open,0.0,515.6,0.0005,0.04,6.515e-05,110.0,0.0005,0.0,BTC-28JUN19-2000-P,6840.57,0.0,0.0,0.0,0.0005,0.9,134.18,0.04796,-0.0551,-0.0055,0.0,-0.00055
6774.05,BTC-28JUN19,1557572343800,open,1.09,1.3,0.987,1.152,1.0695316,93.81,2.415,0.0,BTC-28JUN19-14000-P,6840.57,0.0,0.0005,0.2,1.5625,1.0,500.0,1.4149,-1.38629,-18.16971,3e-05,-0.97539
6752.79,BTC-27SEP19,1557572343800,open,0.36,290.5,0.328,0.4075,0.36766775,71.3,0.3045,0.0,BTC-27SEP19-4500-C,6840.57,0.0,0.0015,20.0,0.4075,3.0,99.15,8.6494,-2.22036,12.99464,7e-05,0.87343
6774.05,BTC-28JUN19,1557572343800,open,0.0,87.0,0.0005,0.044,0.00417853,93.97,0.0055,0.0,BTC-28JUN19-3750-P,6840.57,95.32,0.0045,20.0,0.006,10.0,100.98,1.58653,-1.55709,-0.28786,3e-05,-0.02822
6752.79,BTC-27SEP19,1557572343800,open,0.63,57.5,0.595,0.6745,0.63485462,90.91,0.389,0.0,BTC-27SEP19-2500-C,6840.57,0.0,0.0075,10.0,0.635,0.1,91.39,2.02265,-0.66204,8.86609,1e-05,0.97993
6774.05,BTC-28JUN19,1557572343800,open,0.41,317.7,0.375,0.4545,0.4149371,89.59,0.4,0.0,BTC-28JUN19-4000-C,6840.57,0.0,0.1,0.1,0.43,0.5,124.69,1.98652,-1.85861,4.86917,4e-05,0.96294
6774.05,BTC-28JUN19,1557572343800,open,0.0,481.8,0.0005,0.0455,0.00542841,89.59,0.0025,0.0,BTC-28JUN19-4000-P,6840.57,91.49,0.006,20.0,0.009,20.0,100.18,1.98704,-1.85928,-0.37761,4e-05,-0.03707
6752.79,BTC-27SEP19,1557572343801,open,0.01,41.8,0.0005,0.0575,0.01691864,75.68,0.0185,0.0,BTC-27SEP19-3750-P,6840.57,75.16,0.0165,5.0,0.0205,5.0,79.95,5.4487,-1.48472,-2.17337,4e-05,-0.06767
6752.79,BTC-27SEP19,1557572343800,open,0.11,88.1,0.0645,0.153,0.10880855,68.73,0.1065,0.0,BTC-27SEP19-6000-P,6840.57,67.22,0.1055,4.0,0.1135,4.0,70.88,14.73192,-3.6457,-10.80662,0.00012,-0.3118
6774.05,BTC-28JUN19,1557572343801,open,1.98,0.4,1.8355,2.071,1.95313025,110.21,5.076,0.0,BTC-28JUN19-20000-P,6840.57,0.0,0.0005,0.2,2.3775,2.0,500.0,0.41656,-0.47948,-26.18613,1e-05,-0.99401
6752.79,BTC-27SEP19,1557572343800,open,0.02,157.8,0.0005,0.062,0.02153652,73.97,0.0245,0.0,BTC-27SEP19-4000-P,6840.57,73.41,0.021,5.0,0.0255,5.0,77.99,6.44958,-1.71768,-2.72287,5e-05,-0.08444
6774.05,BTC-28JUN19,1557572343800,open,0.0,899.3,0.0005,0.042,0.00193753,109.76,0.0035,0.0,BTC-28JUN19-3000-P,6840.57,105.66,0.0015,22.0,0.0025,27.0,114.24,0.7827,-0.8972,-0.12648,1e-05,-0.0123
6774.05,BTC-28JUN19,1557572343800,open,0.79,10.0,0.705,0.8465,0.77584351,83.06,1.243,0.0,BTC-28JUN19-12000-P,6840.57,0.0,0.0005,0.4,1.2975,1.0,500.0,2.11499,-1.83464,-15.42326,4e-05,-0.95998
6774.05,BTC-28JUN19,1557572343800,open,0.01,343.8,0.0005,0.047,0.00729653,80.33,0.0085,0.0,BTC-28JUN19-11000-C,6840.57,82.87,0.0085,20.0,0.0115,20.0,88.46,3.07847,-2.58257,0.50502,6e-05,0.06413
6840.57,index_price,1557572343800,open,0.15,0.4,0.097,0.188,0.14249317,93.64,0.1485,0,BTC-17MAY19-7750-P,6840.57,92.03,0.142,5.0,0.146,5.0,104.33,2.11843,-16.87969,-1.08105,0.0003,-0.83922
6840.57,index_price,1557572343800,open,0.12,0.0,0.0735,0.1625,0.1178731,72.95,None,0,BTC-24MAY19-7500-P,6840.57,71.55,0.117,5.0,0.127,5.0,87.05,4.27312,-12.10581,-2.03825,0.00035,-0.7268
6752.79,BTC-27SEP19,1557572343801,open,0.04,723.5,0.006,0.0855,0.04578493,76.28,0.04,0.0,BTC-27SEP19-11000-C,6840.57,76.68,0.0465,4.0,0.0525,4.0,79.96,12.04969,-3.30928,4.25383,9e-05,0.21135
6774.05,BTC-28JUN19,1557572343801,open,0.27,751.1,0.2375,0.317,0.27709219,74.76,0.2535,0.0,BTC-28JUN19-5000-C,6840.57,0.0,0.16,5.0,0.285,0.1,85.88,4.44249,-3.46862,5.49564,0.0001,0.8956
6774.05,BTC-28JUN19,1557572343801,open,0.94,0.8,0.845,0.9985,0.9218723,85.84,2.171,0.0,BTC-28JUN19-13000-P,6840.57,0.0,0.07,1.0,1.429,1.0,500.0,1.48703,-1.33311,-16.84435,3e-05,-0.97389
6752.79,BTC-27SEP19,1557572343802,open,0.78,42.8,0.7395,0.819,0.77928897,109.99,0.6235,0.0,BTC-27SEP19-1500-C,6840.57,0.0,0.3,1.0,0.8,1.0,187.62,0.63263,-0.25053,5.535,0.0,0.99472
6774.05,BTC-28JUN19,1557572343802,open,0.04,70.2,0.005,0.0885,0.04677823,68.49,0.0525,0.0,BTC-28JUN19-6000-P,6840.57,72.41,0.0515,16.0,0.057,16.0,76.93,8.10999,-5.80108,-2.81354,0.0002,-0.26987
6774.05,BTC-28JUN19,1557572343802,open,0.63,24.4,0.5915,0.671,0.63141692,109.96,0.5115,0.0,BTC-28JUN19-2500-C,6840.57,0.0,0.001,0.2,0.8415,1.0,500.0,0.25414,-0.29184,3.24436,0.0,0.99656
6752.79,BTC-27SEP19,1557572343802,open,0.07,56.3,0.034,0.1195,0.07671495,68.73,0.0765,0.0,BTC-27SEP19-5500-P,6840.57,68.11,0.0755,4.0,0.082,4.0,71.46,13.04284,-3.2277,-8.22003,0.00011,-0.24322
6752.79,BTC-27SEP19,1557572343801,open,0.05,111.2,0.01,0.0935,0.05184559,69.44,0.0535,0.0,BTC-27SEP19-5000-P,6840.57,69.54,0.052,4.0,0.057,4.0,72.6,10.92594,-2.73166,-5.95421,9e-05,-0.1799
6752.79,BTC-27SEP19,1557572343801,open,0.83,6.1,0.7415,0.886,0.8137377,78.66,1.781,0.0,BTC-27SEP19-12000-P,6840.57,0.0,0.012,0.1,1.615,0.3,500.0,10.65971,-3.01901,-42.1552,8e-05,-0.82698
6752.79,BTC-27SEP19,1557572343801,open,0.01,620.6,0.0005,0.048,0.00801202,82.97,0.008,0.0,BTC-27SEP19-3000-P,6840.57,80.65,0.007,5.0,0.011,5.0,89.05,3.05088,-0.91137,-1.04848,2e-05,-0.0328
6840.57,index_price,1557572343800,open,0.08,32.6,0.037,0.123,0.07983535,83.54,0.088,0,BTC-17MAY19-7250-P,6840.57,82.79,0.0795,15.0,0.0845,15.0,93.79,3.06255,-21.7712,-0.84757,0.00049,-0.68986
6840.57,index_price,1557572343800,open,0.0,0.1,0.0005,0.047,0.0070162,84.75,0.007,0,BTC-24MAY19-8500-C,6840.57,81.54,0.006,1.0,0.008,1.0,87.66,2.24506,-7.38863,0.22295,0.00016,0.09941
6840.57,index_price,1557572343800,open,0.07,3.4,0.0245,0.109,0.06679484,71.75,0.069,0,BTC-24MAY19-7000-P,6840.57,69.35,0.065,15.0,0.075,15.0,82.75,5.09814,-14.20572,-1.46724,0.00043,-0.54124
6773.84,BTC-28JUN19,1557572343802,open,0.08,1631.8,0.045,0.1245,0.0845444,68.5,0.099,0.0,BTC-28JUN19-7000-C,6840.57,74.0,0.0925,12.0,0.1,12.0,79.2,9.78681,-7.00127,3.66174,0.00024,0.49667
6773.84,BTC-28JUN19,1557572343802,open,0.5,42.9,0.429,0.5475,0.48817266,76.2,0.5,0.0,BTC-28JUN19-10000-P,6840.57,0.0,0.0005,2.5,1.0375,1.0,499.98,4.34972,-3.46134,-12.32136,9e-05,-0.89859
6752.79,BTC-27SEP19,1557572343802,open,0.01,365.2,0.0005,0.0535,0.0131868,77.67,0.016,0.0,BTC-27SEP19-3500-P,6840.57,76.64,0.0125,5.0,0.017,5.0,83.02,4.53722,-1.26878,-1.71489,3e-05,-0.05356
6752.79,BTC-27SEP19,1557572343802,open,0.04,65.1,0.001,0.0835,0.04228991,70.32,0.045,0.0,BTC-27SEP19-4750-P,6840.57,70.12,0.042,4.0,0.047,4.0,73.52,9.79718,-2.48041,-4.99152,8e-05,-0.15198
6752.79,BTC-27SEP19,1557572343802,open,0.14,1053.1,0.1135,0.193,0.15325822,68.73,0.158,0.0,BTC-27SEP19-7000-C,6840.57,69.24,0.1545,3.0,0.164,3.0,73.14,16.48342,-4.07913,10.20904,0.00014,0.5506
6773.84,BTC-28JUN19,1557572343802,open,0.0,405.3,0.0005,0.044,0.00404064,102.85,0.0045,0.0,BTC-28JUN19-3500-P,6840.57,100.2,0.0035,20.0,0.006,5.0,111.07,1.43696,-1.54356,-0.25861,2e-05,-0.02507
6752.79,BTC-27SEP19,1557572343803,open,0.07,350.0,0.039,0.1185,0.07872799,71.88,0.0525,0.0,BTC-27SEP19-9000-C,6840.57,72.0,0.079,4.0,0.0875,4.0,75.74,15.17425,-3.92686,6.5835,0.00012,0.33496
6773.84,BTC-28JUN19,1557572343803,open,0.0,335.7,0.0005,0.042,0.0023393,98.38,0.0015,0.0,BTC-28JUN19-15000-C,6840.57,96.34,0.002,5.0,0.003,25.0,101.83,1.18935,-1.22197,0.15718,2e-05,0.02003
6773.84,BTC-28JUN19,1557572343802,open,0.0,168.7,0.0005,0.0425,0.00277551,85.8,0.0035,0.0,BTC-28JUN19-13000-C,6840.57,86.8,0.003,20.0,0.004,10.0,90.75,1.48401,-1.32986,0.20678,3e-05,0.02605
6773.84,BTC-28JUN19,1557572343803,open,0.0,839.5,0.0005,0.0405,0.00067366,110.0,0.0015,0.0,BTC-28JUN19-20000-C,6840.57,114.63,0.001,9.0,0.0015,2.0,119.92,0.41064,-0.47176,0.04639,1e-05,0.00589
6752.79,BTC-27SEP19,1557572343803,open,0.03,796.0,0.0005,0.0765,0.0366918,78.66,0.038,0.0,BTC-27SEP19-12000-C,6840.57,79.17,0.0375,4.0,0.0425,4.0,82.24,10.6594,-3.01886,3.50243,8e-05,0.17301
6840.57,index_price,1557572343800,open,0.01,1.8,0.0005,0.0555,0.01591007,75.9,0.011,0,BTC-24MAY19-7750-C,6840.57,73.27,0.0145,20.0,0.02,20.0,83.2,3.70918,-10.93312,0.46985,0.0003,0.21062
6752.79,BTC-27SEP19,1557572343803,open,0.03,91.2,0.0005,0.075,0.03405997,71.3,0.0315,0.0,BTC-27SEP19-4500-P,6840.57,71.25,0.034,5.0,0.0385,5.0,74.7,8.64947,-2.2204,-4.12708,7e-05,-0.12657
6840.57,index_price,1557572343800,open,0.01,1.9,0.0005,0.0495,0.00948922,82.92,0.016,0,BTC-24MAY19-5750-P,6840.57,78.74,0.008,25.0,0.013,25.0,91.9,2.51583,-8.10103,-0.30386,0.00018,-0.11643
6840.57,index_price,1557572343800,open,0.14,534.1,0.1055,0.185,0.14546113,76.66,0.1435,0,BTC-31MAY19-6000-C,6840.57,70.56,0.1415,5.0,0.147,5.0,78.96,4.5412,-8.75792,2.41787,0.00023,0.79456
6840.57,index_price,1557572343800,open,0.08,26.7,0.0425,0.122,0.08217244,73.49,0.07,0,BTC-24MAY19-6500-C,6840.57,65.83,0.077,15.0,0.087,15.0,80.55,4.65474,-13.28462,1.41766,0.00038,0.66966
6773.84,BTC-28JUN19,1557572343803,open,0.45,30.0,0.411,0.4905,0.45059292,94.03,0.298,0.0,BTC-28JUN19-3750-C,6840.57,0.0,0.026,0.1,0.798,3.0,500.0,1.5897,-1.56118,4.63014,3e-05,0.97171
6773.84,BTC-28JUN19,1557572343803,open,0.04,1467.5,0.0015,0.081,0.04120033,69.22,0.042,0.0,BTC-28JUN19-8000-C,6840.57,75.35,0.049,16.0,0.05,10.5,76.13,8.46713,-6.12113,2.25668,0.0002,0.29519
6752.79,BTC-27SEP19,1557572343803,open,0.52,0.0,0.4895,0.569,0.52904408,80.18,None,0.0,BTC-27SEP19-3250-C,6840.57,0.0,0.0075,10.0,0.574,1.0,133.11,3.74744,-1.08182,11.01652,3e-05,0.95782
6773.84,BTC-28JUN19,1557572343803,open,0.0,299.0,0.0005,0.0425,0.00281198,93.77,0.002,0.0,BTC-28JUN19-14000-C,6840.57,89.43,0.002,20.0,0.0045,45.0,100.68,1.41182,-1.38267,0.19308,3e-05,0.02454
6773.84,BTC-28JUN19,1557572343804,open,0.23,24.6,0.1735,0.271,0.22218297,69.2,0.609,0.0,BTC-28JUN19-8000-P,6840.57,70.25,0.2235,12.0,0.232,12.0,76.89,8.46583,-6.11797,-8.23722,0.0002,-0.70491
6752.79,BTC-27SEP19,1557572343804,open,0.02,1008.0,0.0005,0.068,0.02711212,72.44,0.0355,0.0,BTC-27SEP19-4250-P,6840.57,72.34,0.027,5.0,0.0315,5.0,76.28,7.51604,-1.96024,-3.36589,6e-05,-0.10389
6773.84,BTC-28JUN19,1557572343804,open,0.01,193.6,0.0005,0.0465,0.00657915,84.22,0.0075,0.0,BTC-28JUN19-4250-P,6840.57,88.05,0.008,20.0,0.0095,9.3,91.76,2.38318,-2.09605,-0.47068,5e-05,-0.0464
6840.57,index_price,1557572343800,open,0.09,0.0,0.047,0.1335,0.09031341,71.75,None,0,BTC-24MAY19-7250-P,6840.57,70.59,0.0895,15.0,0.0995,15.0,84.67,4.79701,-13.36532,-1.76729,0.00041,-0.64207
6840.57,index_price,1557572343802,open,0.09,329.5,0.0555,0.135,0.09500257,74.13,0.0795,0,BTC-31MAY19-6500-C,6840.57,68.91,0.0905,0.4,0.096,15.0,75.28,5.92076,-11.04129,2.06236,0.00031,0.64866
6840.57,index_price,1557572343800,open,0.04,21.8,0.004,0.0835,0.04351972,71.8,0.033,0,BTC-24MAY19-7000-C,6840.57,67.07,0.04,15.0,0.0495,15.0,79.81,5.09822,-14.21428,1.00213,0.00043,0.45881
6773.84,BTC-28JUN19,1557572343804,open,0.02,571.1,0.0005,0.062,0.02227915,73.46,0.026,0.0,BTC-28JUN19-9000-C,6840.57,77.84,0.0265,16.0,0.03,1.0,81.3,6.32137,-4.84978,1.35593,0.00014,0.17489
6840.57,index_price,1557572343800,open,0.0,1.0,0.0005,0.0465,0.00698258,80.77,0.0045,0,BTC-31MAY19-9000-C,6840.57,79.44,0.0065,25.0,0.0085,0.5,84.69,2.52092,-5.12214,0.29693,0.00012,0.08669
6752.58,BTC-27SEP19,1557572343805,open,0.25,246.8,0.2225,0.302,0.26223558,68.74,0.2085,0.0,BTC-27SEP19-5500-C,6840.57,69.65,0.264,1.0,0.274,1.0,74.79,13.04337,-3.22818,12.70526,0.00011,0.75675
6773.84,BTC-28JUN19,1557572343805,open,0.17,0.0,0.1205,0.2135,0.16700633,69.08,None,0.0,BTC-28JUN19-7500-P,6840.57,70.16,0.1685,12.0,0.174,1.5,74.09,9.40582,-6.78606,-6.91258,0.00023,-0.611
6840.57,index_price,1557572343800,open,0.02,57.6,0.0005,0.0625,0.02193182,85.64,0.025,0,BTC-17MAY19-6500-P,6840.57,88.06,0.023,1.0,0.0255,0.4,93.65,3.01779,-21.99288,-0.35454,0.00047,-0.30003
6840.57,index_price,1557572343802,open,0.12,152.3,0.0915,0.171,0.13140281,97.25,0.129,0,BTC-17MAY19-6000-C,6840.57,91.86,0.13,5.0,0.134,5.0,106.44,1.84032,-15.22946,0.81284,0.00025,0.86956
6840.57,index_price,1557572343800,open,0.19,4.0,0.1345,0.2285,0.18143402,78.87,0.1745,0,BTC-24MAY19-8000-P,6840.57,76.82,0.1805,5.0,0.189,5.0,93.84,3.16211,-9.68508,-2.45794,0.00024,-0.83716
6840.57,index_price,1557572343800,open,0.18,0.0,0.129,0.2225,0.1757525,96.34,None,0,BTC-17MAY19-8000-P,6840.57,97.36,0.176,5.0,0.1805,5.0,113.72,1.64556,-13.49109,-1.17218,0.00023,-0.88872
6773.84,BTC-28JUN19,1557572343805,open,0.0,374.1,0.0005,0.044,0.00436955,83.04,0.0055,0.0,BTC-28JUN19-12000-C,6840.57,84.98,0.005,20.0,0.0065,1.0,89.07,2.11257,-1.83207,0.31626,4e-05,0.03996
6840.57,index_price,1557572343800,open,0.13,2.0,0.0965,0.176,0.13628928,76.98,0.13,0,BTC-24MAY19-6000-C,6840.57,68.39,0.1325,5.0,0.1405,5.0,85.69,3.17377,-9.48773,1.68902,0.00025,0.83623
6752.58,BTC-27SEP19,1557572343804,open,0.04,40.5,0.005,0.0845,0.04466152,79.56,0.0445,0.0,BTC-27DEC19-15000-C,6840.57,79.23,0.044,4.0,0.05,4.0,82.14,13.63412,-2.35924,5.39157,6e-05,0.17144
6840.57,index_price,1557572343801,open,0.04,226.9,0.009,0.0885,0.04896805,83.6,0.047,0,BTC-17MAY19-6750-C,6840.57,80.65,0.0475,15.0,0.0495,0.4,84.67,3.40763,-24.24282,0.57475,0.00054,0.57091
6752.58,BTC-27SEP19,1557572343800,open,0.08,300.0,0.0415,0.121,0.08142804,73.38,0.0795,0.0,BTC-27DEC19-11000-C,6840.57,73.22,0.081,4.0,0.0895,4.0,76.3,18.40999,-2.9383,8.96599,9e-05,0.29226
6840.57,index_price,1557572343800,open,0.01,12.1,0.0005,0.0535,0.01338224,76.92,0.028,0,BTC-24MAY19-6000-P,6840.57,76.1,0.013,20.0,0.0175,0.1,85.45,3.17182,-9.47473,-0.42709,0.00025,-0.16361
6773.84,BTC-28JUN19,1557572343806,open,0.11,541.8,0.0785,0.158,0.11826326,68.5,0.1135,0.0,BTC-28JUN19-6500-C,6840.57,73.72,0.1255,12.0,0.1335,12.0,79.49,9.38309,-6.71255,4.40673,0.00023,0.61424
6840.57,index_price,1557572343801,open,0.15,2.0,0.103,0.1945,0.14882181,75.84,0.142,0,BTC-24MAY19-7750-P,6840.57,74.31,0.148,5.0,0.157,5.0,90.05,3.70679,-10.91684,-2.26451,0.0003,-0.78961
6840.57,index_price,1557572343804,open,0.01,328.2,0.0005,0.047,0.00700904,96.01,0.009,0,BTC-31MAY19-5000-P,6840.57,95.98,0.007,0.6,0.009,25.0,102.32,2.0336,-4.91184,-0.26972,8e-05,-0.0654
6840.57,index_price,1557572343801,open,0.02,27.8,0.0005,0.062,0.02150557,75.51,0.018,0,BTC-24MAY19-6250-P,6840.57,72.04,0.0195,20.0,0.0265,20.0,83.9,3.9906,-11.70198,-0.63011,0.00032,-0.23962
6840.57,index_price,1557572343802,open,0.0,173.2,0.0005,0.04,0.00016269,109.99,0.001,0,BTC-17MAY19-4750-P,6840.57,125.56,0.0005,25.0,0.0015,10.4,147.32,0.09459,-0.88536,-0.00419,1e-05,-0.00364
6840.57,index_price,1557572343802,open,0.41,9.0,0.377,0.4565,0.41653755,109.86,0.249,0,BTC-31MAY19-4000-C,6840.57,0.0,0.01,0.1,0.0,0.0,0.0,0.54031,-1.49323,2.12433,2e-05,0.98683
6840.57,index_price,1557572343800,open,0.06,554.1,0.032,0.1115,0.07174777,85.71,0.067,0,BTC-17MAY19-6500-C,6840.57,82.87,0.0705,15.0,0.0715,0.4,85.15,3.0183,-22.01355,0.69167,0.00047,0.69986
6752.58,BTC-27SEP19,1557572343800,open,0.59,0.3,0.519,0.645,0.5819951,72.63,1.4475,0.0,BTC-27DEC19-10000-P,6840.57,0.0,0.1,0.3,1.424,0.3,500.0,19.78987,-3.12651,-52.51437,9e-05,-0.65284
6840.57,index_price,1557572343801,open,0.03,9.9,0.0005,0.073,0.031943,74.65,0.03,0,BTC-31MAY19-6250-P,6840.57,77.93,0.0345,0.4,0.0355,20.0,79.21,5.30188,-9.9568,-1.13387,0.00028,-0.27246
6840.57,index_price,1557572343802,open,0.0,128.2,0.0005,0.043,0.00300784,108.79,0.003,0,BTC-17MAY19-5500-P,6840.57,112.43,0.0035,25.0,0.0055,1.0,125.04,0.88862,-8.22644,-0.05787,0.00011,-0.04954
6752.58,BTC-27SEP19,1557572343802,open,0.19,12.4,0.1445,0.239,0.19181672,68.43,0.1905,0.0,BTC-27DEC19-6500-P,6840.57,67.15,0.188,4.0,0.19,4.0,67.82,20.16608,-3.00156,-23.73434,0.0001,-0.36628
6840.57,index_price,1557572343805,open,0.38,9.8,0.3415,0.421,0.38117906,109.78,0.212,0,BTC-31MAY19-4250-C,6840.57,0.0,0.0005,0.3,0.0,0.0,0.0,0.88618,-2.44728,2.21749,3e-05,0.97648
6752.58,BTC-27SEP19,1557572343801,open,0.11,82.6,0.0705,0.159,0.11472645,68.43,0.165,0.0,BTC-27DEC19-5500-P,6840.57,67.56,0.1125,4.0,0.116,10.0,68.93,17.31492,-2.57724,-15.8536,9e-05,-0.25806
6752.58,BTC-27SEP19,1557572343802,open,0.05,61.0,0.018,0.0975,0.05795464,76.28,0.053,0.0,BTC-27DEC19-13000-C,6840.57,76.08,0.0575,4.0,0.065,4.0,79.23,15.77862,-2.61786,6.80083,7e-05,0.21787
6840.57,index_price,1557572343806,open,0.05,19.4,0.0035,0.0865,0.04518661,74.1,0.0485,0,BTC-31MAY19-6500-P,6840.57,76.19,0.047,0.4,0.0485,20.0,77.92,5.92055,-11.03588,-1.4769,0.00031,-0.3513
6840.57,index_price,1557572343800,open,0.31,42.8,0.2715,0.351,0.31120993,102.94,0.251,0,BTC-31MAY19-4750-C,6840.57,0.0,0.116,0.1,0.0,0.0,0.0,1.6638,-4.30866,2.37698,6e-05,0.94933
6752.58,BTC-27SEP19,1557572343801,open,0.05,40.9,0.009,0.0885,0.04858054,77.03,0.05,0.0,BTC-27DEC19-14000-C,6840.57,77.69,0.05,4.0,0.056,4.0,80.41,14.42524,-2.417,5.90921,7e-05,0.18753
6752.58,BTC-27SEP19,1557572343800,open,2.01,0.0,1.871,2.1095,1.99015032,87.09,None,0.0,BTC-27DEC19-20000-P,6840.57,0.0,0.0075,5.0,2.883,0.2,500.0,10.08895,-1.91107,-122.47755,4e-05,-0.88981
6840.57,index_price,1557572343802,open,0.16,64.4,0.1245,0.204,0.16438289,102.14,0.1555,0,BTC-17MAY19-5750-C,6840.57,97.24,0.1635,5.0,0.1645,0.2,102.75,1.29049,-11.21631,0.83205,0.00017,0.91998
6840.57,index_price,1557572343800,open,0.1,3.1,0.068,0.1475,0.10786707,75.56,0.052,0,BTC-24MAY19-6250-C,6840.57,67.01,0.103,5.0,0.112,5.0,82.53,3.99162,-11.71242,1.57429,0.00032,0.76027
6840.57,index_price,1557572343800,open,0.11,0.4,0.0655,0.1535,0.10938515,86.76,0.1155,0,BTC-17MAY19-7500-P,6840.57,87.07,0.1095,5.0,0.114,5.0,98.62,2.55232,-18.84404,-0.98224,0.00039,-0.7826
6840.57,index_price,1557572343802,open,0.01,258.2,0.0005,0.0455,0.00557519,102.85,0.0065,0,BTC-31MAY19-4750-P,6840.57,102.54,0.0055,0.7,0.0075,25.0,110.19,1.66056,-4.29658,-0.20904,6e-05,-0.05054
6840.57,index_price,1557572343800,open,0.05,14.6,0.0135,0.0975,0.05541248,83.53,0.064,0,BTC-17MAY19-7000-P,6840.57,81.7,0.0545,15.0,0.0595,15.0,91.7,3.41599,-24.28191,-0.6835,0.00054,-0.56529
6840.57,index_price,1557572343803,open,0.19,31.0,0.1595,0.239,0.19900595,108.98,0.1915,0,BTC-17MAY19-5500-C,6840.57,100.43,0.198,5.1,0.202,5.0,127.97,0.89247,-8.27656,0.82718,0.00011,0.95019
6752.58,BTC-27SEP19,1557572343804,open,0.08,60.9,0.0405,0.1265,0.08343647,68.47,0.096,0.0,BTC-27DEC19-5000-P,6840.57,68.28,0.083,4.0,0.0895,4.0,71.15,15.2158,-2.26604,-12.25686,8e-05,-0.20477
6840.57,index_price,1557572343805,open,0.2,557.7,0.168,0.2475,0.2078323,84.3,0.201,0,BTC-31MAY19-5500-C,6840.57,77.67,0.205,6.4,0.209,5.0,86.86,3.0733,-6.51786,2.52729,0.00014,0.88631
6840.57,index_price,1557572343800,open,0.1,2.4,0.058,0.1455,0.10189966,70.83,0.1025,0,BTC-31MAY19-7250-P,6840.57,76.48,0.107,0.4,0.109,15.0,78.69,6.14178,-10.94294,-2.63715,0.00034,-0.60607
6840.57,index_price,1557572343803,open,0.0,86.3,0.0005,0.0405,0.00061078,109.99,0.001,0,BTC-31MAY19-3750-P,6840.57,117.4,0.001,25.5,0.0015,1.0,124.47,0.30123,-0.83351,-0.02742,1e-05,-0.00675
6752.58,BTC-27SEP19,1557572343803,open,0.0,121.6,0.0005,0.0415,0.00175554,88.09,0.001,0.0,BTC-27DEC19-1500-P,6840.57,86.15,0.0015,2.0,0.0,0.0,0.0,0.93552,-0.17925,-0.33754,0.0,-0.00618
6752.58,BTC-27SEP19,1557572343801,open,0.36,0.1,0.295,0.4025,0.34877462,72.11,0.457,0.0,BTC-27DEC19-8000-P,6840.57,67.44,0.334,3.0,0.346,3.0,71.23,21.37754,-3.35279,-36.26801,0.0001,-0.50404
6752.58,BTC-27SEP19,1557572343800,open,0.78,0.0,0.74,0.8195,0.7796248,88.14,None,0.0,BTC-27DEC19-1500-C,6840.57,0.0,0.015,5.0,0.9925,0.5,500.0,0.93779,-0.17978,9.10841,0.0,0.9938
6752.58,BTC-27SEP19,1557572343800,open,0.22,60.8,0.1895,0.269,0.22925019,68.44,0.2135,0.0,BTC-27DEC19-6500-C,6840.57,68.52,0.2295,3.0,0.2405,3.0,72.21,20.16589,-3.00195,17.20167,0.0001,0.63373
6752.58,BTC-27SEP19,1557572343802,open,0.06,114.4,0.028,0.1075,0.06770599,74.66,0.071,0.0,BTC-27DEC19-12000-C,6840.57,74.58,0.0675,4.0,0.0755,4.0,77.7,17.03261,-2.76596,7.75663,8e-05,0.2501
6840.57,index_price,1557572343804,open,0.17,306.2,0.136,0.2155,0.17569246,80.1,0.13,0,BTC-31MAY19-5750-C,6840.57,72.14,0.1715,5.0,0.177,5.0,82.44,3.77516,-7.60682,2.49969,0.00018,0.84676
6840.57,index_price,1557572343803,open,0.0,231.9,0.0005,0.0405,0.0005099,109.98,0.002,0,BTC-17MAY19-5000-P,6840.57,129.24,0.0015,25.0,0.002,1.0,135.82,0.23701,-2.2182,-0.01188,3e-05,-0.01028
6752.58,BTC-27SEP19,1557572343803,open,0.04,94.7,0.0005,0.0805,0.03926249,70.34,0.052,0.0,BTC-27DEC19-4000-P,6840.57,69.83,0.0385,5.0,0.044,5.0,73.43,10.1927,-1.55945,-6.42323,5e-05,-0.11177
6840.57,index_price,1557572343803,open,0.09,388.3,0.06,0.1395,0.09999203,90.94,0.097,0,BTC-17MAY19-6250-C,6840.57,86.68,0.0985,5.0,0.1025,5.0,97.85,2.43274,-18.82689,0.77039,0.00036,0.7996
6840.57,index_price,1557572343802,open,0.08,4.1,0.036,0.122,0.07892972,70.83,0.0825,0,BTC-31MAY19-7000-P,6840.57,75.75,0.0835,0.4,0.085,15.0,77.36,6.35796,-11.3288,-2.24078,0.00035,-0.52263
6840.57,index_price,1557572343800,open,0.22,0.0,0.167,0.2635,0.21529705,82.26,None,0,BTC-24MAY19-8250-P,6840.57,78.86,0.214,5.0,0.223,5.0,99.48,2.69057,-8.59467,-2.62344,0.0002,-0.87188
6840.57,index_price,1557572343800,open,0.26,0.0,0.2035,0.303,0.25329449,76.4,None,0,BTC-31MAY19-8500-P,6840.57,0.0,0.0,0.0,0.0,0.0,0.0,3.36627,-6.46955,-4.18642,0.00017,-0.87059
6752.58,BTC-27SEP19,1557572343803,open,0.18,56.5,0.145,0.2245,0.18489556,71.69,0.184,0.0,BTC-27DEC19-7500-C,6840.57,69.03,0.1765,3.0,0.185,1.0,71.72,21.27213,-3.31699,15.09342,0.0001,0.53981
6752.58,BTC-27SEP19,1557572343803,open,0.16,64.7,0.1245,0.204,0.16407735,72.12,0.1465,0.0,BTC-27DEC19-8000-C,6840.57,69.41,0.1555,3.0,0.166,3.0,72.72,21.37756,-3.35331,14.11573,0.0001,0.496
6840.57,index_price,1557572343804,open,0.02,101.1,0.0005,0.063,0.02255409,76.62,0.0215,0,BTC-31MAY19-6000-P,6840.57,80.26,0.025,0.4,0.0255,20.0,81.0,4.53993,-8.75084,-0.84891,0.00023,-0.20534
6752.58,BTC-27SEP19,1557572343802,open,0.33,58.4,0.3035,0.383,0.34300068,68.48,0.325,0.0,BTC-27DEC19-5000-C,6840.57,0.0,0.211,2.0,0.4045,15.0,95.05,15.2163,-2.26644,19.23155,8e-05,0.79522
6752.58,BTC-27SEP19,1557572343802,open,0.5,5.0,0.467,0.5465,0.50652196,71.98,0.5,0.0,BTC-27DEC19-3500-C,6840.57,0.0,0.255,1.0,0.68,3.0,184.61,7.62447,-1.19379,17.77543,4e-05,0.9245
6840.57,index_price,1557572343804,open,0.06,13.4,0.017,0.101,0.05902328,70.83,0.057,0,BTC-31MAY19-6750-P,6840.57,75.71,0.0635,0.4,0.065,16.0,77.34,6.28388,-11.19733,-1.84077,0.00035,-0.43515
6752.58,BTC-27SEP19,1557572343800,open,1.14,0.0,1.037,1.2065,1.12180076,77.0,None,0.0,BTC-27DEC19-14000-P,6840.57,0.0,0.0075,10.0,2.0065,0.2,500.0,14.41807,-2.41489,-82.26608,7e-05,-0.81262
6840.57,index_price,1557572343803,open,0.03,92.4,0.0005,0.077,0.03569763,83.54,0.0405,0,BTC-17MAY19-6750-P,6840.57,84.15,0.036,0.4,0.04,15.4,92.17,3.40759,-24.22494,-0.51179,0.00054,-0.42907
6752.58,BTC-27SEP19,1557572343805,open,0.01,161.2,0.0005,0.0485,0.00853493,78.37,0.013,0.0,BTC-27DEC19-2500-P,6840.57,75.22,0.007,5.0,0.0115,5.0,83.72,3.45902,-0.58962,-1.56037,2e-05,-0.02816
6840.57,index_price,1557572343800,open,0.03,34.3,0.0005,0.07,0.03049274,71.79,0.03,0,BTC-24MAY19-7250-C,6840.57,68.22,0.028,20.0,0.0345,24.9,77.47,4.79757,-13.37553,0.79042,0.0004,0.35805
6840.57,index_price,1557572343800,open,0.33,0.0,0.27,0.3755,0.32262203,80.66,None,0,BTC-31MAY19-9000-P,6840.57,0.0,0.0005,10.0,0.0,0.0,0.0,2.51369,-5.10051,-4.60502,0.00012,-0.91364
6840.57,index_price,1557572343800,open,0.0,0.0,0.0005,0.0435,0.00361308,102.77,None,0,BTC-24MAY19-5000-P,6840.57,91.75,0.002,25.0,0.0065,25.0,117.12,1.1671,-4.65786,-0.11173,7e-05,-0.04269
6752.58,BTC-27SEP19,1557572343802,open,0.29,64.4,0.2605,0.34,0.30024708,68.44,0.237,0.0,BTC-27DEC19-5500-C,6840.57,68.54,0.3005,1.0,0.3115,1.0,72.82,17.31508,-2.57762,18.78398,9e-05,0.74194
6752.58,BTC-27SEP19,1557572343804,open,0.44,29.2,0.407,0.4865,0.44691386,70.35,0.357,0.0,BTC-27DEC19-4000-C,6840.57,0.0,0.015,5.0,0.9865,1.0,500.0,10.19405,-1.55992,18.767,5e-05,0.8882
6752.58,BTC-27SEP19,1557572343802,open,0.47,0.0,0.4035,0.52,0.46164749,72.51,None,0.0,BTC-27DEC19-9000-P,6840.57,0.0,0.0075,10.0,1.278,0.2,499.27,20.90571,-3.29732,-44.45847,0.0001,-0.58376
6840.57,index_price,1557572343800,open,0.03,72.4,0.0005,0.0735,0.03235648,73.45,0.036,0,BTC-24MAY19-6500-P,6840.57,69.98,0.03,20.0,0.0385,20.0,82.42,4.65438,-13.27585,-0.87505,0.00038,-0.33027
6840.57,index_price,1557572343804,open,0.01,819.5,0.0005,0.049,0.00904558,89.91,0.008,0,BTC-31MAY19-5250-P,6840.57,91.14,0.0095,0.5,0.011,25.0,95.03,2.50424,-5.6641,-0.35378,0.00011,-0.08593
6840.57,index_price,1557572343800,open,0.16,4.2,0.129,0.2085,0.1689418,82.99,0.092,0,BTC-24MAY19-5750-C,6840.57,67.6,0.164,5.0,0.1725,5.0,92.08,2.51846,-8.11635,1.72403,0.00018,0.8834
6840.57,index_price,1557572343803,open,0.0,224.3,0.0005,0.041,0.00126619,109.63,0.002,0,BTC-31MAY19-4000-P,6840.57,117.67,0.002,25.5,0.0025,10.0,122.13,0.53541,-1.47663,-0.05325,2e-05,-0.01303
6752.58,BTC-27SEP19,1557572343804,open,0.86,0.1,0.771,0.9185,0.84475188,74.64,0.001,0.0,BTC-27DEC19-12000-P,6840.57,0.0,0.0075,10.0,1.715,0.3,500.0,17.02853,-2.76452,-67.82149,8e-05,-0.75002
6752.58,BTC-27SEP19,1557572343804,open,0.03,16.0,0.0005,0.073,0.03315338,84.24,0.029,0.0,BTC-27DEC19-18000-C,6840.57,83.54,0.032,5.0,0.0375,5.0,86.77,11.26122,-2.06343,4.06586,5e-05,0.12876
6752.58,BTC-27SEP19,1557572343800,open,0.03,51.0,0.0005,0.068,0.02840253,87.14,0.0225,0.0,BTC-27DEC19-20000-C,6840.57,86.19,0.027,5.0,0.032,5.0,89.47,10.10407,-1.91516,3.48799,4e-05,0.11042
6752.58,BTC-27SEP19,1557572343803,open,0.25,124.6,0.2225,0.302,0.26248715,68.44,0.2245,0.0,BTC-27DEC19-6000-C,6840.57,68.45,0.2625,3.0,0.2735,3.0,72.36,18.96828,-2.82369,18.08005,0.0001,0.68762
6840.57,index_price,1557572343815,open,0.01,356.9,0.0005,0.054,0.01363053,90.86,0.013,0,BTC-17MAY19-6250-P,6840.57,91.9,0.014,3.3,0.0165,21.4,98.74,2.43146,-18.80062,-0.23549,0.00036,-0.20022
6840.57,index_price,1557572343835,open,0.27,83.9,0.2365,0.316,0.27609824,96.09,0.2185,0,BTC-31MAY19-5000-C,6840.57,0.0,0.0005,0.2,0.2755,2.0,94.04,2.03671,-4.92321,2.45242,8e-05,0.93447
193.73,ETH-28JUN19,1557572344587,open,0.0,3051.0,0.001,0.042,0.002151,92.41,0.001,0.0,ETH-28JUN19-100-P,192.14,82.49,0.001,180.0,0.004,200.0,102.8,0.02815,-0.02717,-0.00462,0.00062,-0.01604
192.14,index_price,1557572344709,open,0.01,5.0,0.001,0.059,0.019108,101.18,0.01,0,ETH-24MAY19-230-C,192.14,95.05,0.016,200.0,0.023,200.0,108.42,0.1002,-0.39367,0.01208,0.0076,0.19726
192.14,index_price,1557572344806,open,0.16,0.0,0.183,0.262,0.222972,84.92,None,0,ETH-24MAY19-150-C,192.14,0.0,0.0,0.0,0.299,1.0,253.87,0.038,-0.12531,0.04919,0.00344,0.94868
6773.84,BTC-28JUN19,1557572344816,open,0.08,1619.8,0.045,0.1245,0.08453673,68.5,0.1,0.0,BTC-28JUN19-7000-C,6840.57,74.0,0.0925,12.0,0.1045,20.0,82.31,9.78681,-7.00127,3.66174,0.00024,0.49667
6840.57,index_price,1557572344993,open,0.19,0.0,0.1395,0.234,0.18697112,72.48,None,0,BTC-31MAY19-8000-P,6840.57,76.26,0.1895,5.0,0.195,5.0,84.06,4.47048,-8.15062,-3.67601,0.00024,-0.79989
192.14,index_price,1557572345217,open,0.01,112.0,0.001,0.043,0.003652,84.92,0.011,0,ETH-24MAY19-150-P,192.14,66.71,0.001,250.0,0.006,250.0,95.3,0.038,-0.12531,-0.00373,0.00344,-0.05132
6752.64,BTC-27SEP19,1557572345252,open,0.19,46.1,0.1605,0.24,0.20010469,68.44,0.2035,0.0,BTC-27DEC19-7000-C,6840.57,68.72,0.201,3.0,0.212,3.0,72.28,20.93295,-3.11596,16.21292,0.00011,0.58134
6840.57,index_price,1557572345293,open,0.13,0.0,0.083,0.1725,0.12765778,70.85,None,0,BTC-31MAY19-7500-P,6840.57,72.46,0.129,15.0,0.1355,15.0,80.11,5.69161,-10.14455,-3.01684,0.00032,-0.68224
6752.64,BTC-27SEP19,1557572345300,open,0.3,2.5,0.2415,0.3445,0.29286995,69.94,1.278,0.0,BTC-27SEP19-8000-P,6840.57,67.1,0.286,3.0,0.297,3.0,71.64,16.35799,-4.11895,-22.17791,0.00013,-0.57033
6773.93,BTC-28JUN19,1557572345300,open,0.05,87.2,0.02,0.0995,0.0598385,69.1,0.0465,0.0,BTC-28JUN19-7500-C,6840.57,74.59,0.0675,12.0,0.0745,12.0,79.56,9.4065,-6.78856,2.92535,0.00023,0.38908
6752.58,BTC-27SEP19,1557572345374,open,0.1,415.0,0.0615,0.141,0.10111571,72.65,0.1,0.0,BTC-27DEC19-10000-C,6840.57,71.92,0.099,4.0,0.1,0.9,72.27,19.79142,-3.1274,10.46655,9e-05,0.34724
6752.58,BTC-27SEP19,1557572345377,open,0.04,94.7,0.0005,0.0805,0.03926751,70.34,0.052,0.0,BTC-27DEC19-4000-P,6840.57,70.17,0.039,5.0,0.044,5.0,73.43,10.1927,-1.55945,-6.42323,5e-05,-0.11177
6752.64,BTC-27SEP19,1557572345380,open,0.55,2.0,0.477,0.5995,0.53840496,73.24,1.8325,0.0,BTC-27SEP19-10000-P,6840.57,0.0,0.01,10.0,1.332,0.3,500.0,13.51079,-3.56245,-32.84528,0.00011,-0.73999
6752.64,BTC-27SEP19,1557572345380,open,0.3,0.0,0.244,0.347,0.2955464,71.68,None,0.0,BTC-27DEC19-7500-P,6840.57,67.23,0.2815,3.0,0.293,3.0,70.87,21.27241,-3.31661,-32.14083,0.0001,-0.46021
6752.64,BTC-27SEP19,1557572345380,open,0.99,0.0,0.904,1.062,0.98314089,76.28,None,0.0,BTC-27DEC19-13000-P,6840.57,0.0,0.0075,10.0,1.86,0.3,499.56,15.78009,-2.61828,-75.07186,7e-05,-0.7821
6752.58,BTC-27SEP19,1557572345381,open,0.12,95.9,0.089,0.1685,0.12885418,72.53,0.1075,0.0,BTC-27DEC19-9000-C,6840.57,70.63,0.123,3.0,0.1325,3.0,73.7,20.90633,-3.298,12.22383,0.0001,0.4163
6752.64,BTC-27SEP19,1557572345383,open,0.04,723.5,0.006,0.0855,0.04578619,76.28,0.04,0.0,BTC-27SEP19-11000-C,6840.57,76.96,0.047,4.0,0.0525,4.0,79.96,12.04942,-3.30933,4.2537,9e-05,0.21135
6752.64,BTC-27SEP19,1557572345385,open,0.03,796.0,0.0005,0.0765,0.0366929,78.66,0.038,0.0,BTC-27SEP19-12000-C,6840.57,79.49,0.038,4.0,0.0425,4.0,82.24,10.65918,-3.01889,3.50233,8e-05,0.17301
6752.79,BTC-27SEP19,1557572345386,open,0.03,8.7,0.0005,0.071,0.03144425,81.9,0.029,0.0,BTC-27SEP19-13000-C,6840.57,81.94,0.0315,4.0,0.036,4.0,85.0,9.63566,-2.84115,3.00091,7e-05,0.14824
6752.79,BTC-27SEP19,1557572345387,open,0.02,157.8,0.0005,0.062,0.02153683,73.97,0.0245,0.0,BTC-27SEP19-4000-P,6840.57,73.93,0.0215,5.0,0.0255,5.0,77.99,6.44958,-1.71768,-2.72287,5e-05,-0.08444
6752.79,BTC-27SEP19,1557572345399,open,0.05,111.2,0.01,0.0935,0.05184598,69.44,0.0535,0.0,BTC-27SEP19-5000-P,6840.57,69.54,0.052,4.0,0.0575,4.0,72.9,10.92594,-2.73166,-5.95421,9e-05,-0.1799
6752.79,BTC-27SEP19,1557572345401,open,0.11,88.1,0.0645,0.153,0.10880944,68.73,0.1065,0.0,BTC-27SEP19-6000-P,6840.57,67.22,0.1055,4.0,0.114,4.0,71.11,14.73192,-3.6457,-10.80662,0.00012,-0.3118
6773.93,BTC-28JUN19,1557572345401,open,0.08,18.4,0.035,0.1205,0.07781274,68.49,0.082,0.0,BTC-28JUN19-6500-P,6840.57,70.79,0.081,16.0,0.088,16.0,75.84,9.38305,-6.71122,-4.11871,0.00023,-0.38574
6840.57,index_price,1557572345401,open,0.11,333.7,0.0785,0.158,0.11828664,74.67,0.1,0,BTC-31MAY19-6250-C,6840.57,69.08,0.114,5.0,0.12,5.0,76.87,5.30213,-9.95902,2.26937,0.00028,0.72752
6773.93,BTC-28JUN19,1557572345404,open,0.15,2458.3,0.1215,0.201,0.1610465,68.5,0.173,0.0,BTC-28JUN19-6000-C,6840.57,74.67,0.1685,4.0,0.175,10.0,79.97,8.11046,-5.80221,5.05598,0.0002,0.73009
6752.64,BTC-27SEP19,1557572345404,open,0.06,123.2,0.0175,0.102,0.0596586,69.74,0.06,0.0,BTC-27DEC19-4500-P,6840.57,69.65,0.0595,0.5,0.064,4.0,72.0,12.83632,-1.94702,-9.18131,6e-05,-0.15623
6752.64,BTC-27SEP19,1557572345407,open,0.02,77.1,0.0005,0.0655,0.02483044,71.98,0.0315,0.0,BTC-27DEC19-3500-P,6840.57,71.23,0.024,5.0,0.029,5.0,75.56,7.62309,-1.19341,-4.26617,4e-05,-0.07548
6774.05,BTC-28JUN19,1557572345403,open,0.01,535.5,0.0005,0.0555,0.01520672,74.77,0.016,0.0,BTC-28JUN19-5000-P,6840.57,79.6,0.0185,20.0,0.0215,20.0,83.74,4.44286,-3.46914,-1.06281,0.0001,-0.10441
6774.05,BTC-28JUN19,1557572345412,open,0.04,70.2,0.005,0.0885,0.04677955,68.49,0.0525,0.0,BTC-28JUN19-6000-P,6840.57,72.41,0.0515,16.0,0.058,16.0,77.74,8.10999,-5.80108,-2.81354,0.0002,-0.26987
6840.57,index_price,1557572345418,open,0.01,66.3,0.0005,0.057,0.01747793,72.48,0.0155,0,BTC-31MAY19-8000-C,6840.57,73.27,0.018,20.0,0.019,0.5,74.77,4.47091,-8.15233,0.68041,0.00024,0.20015
6840.57,index_price,1557572345435,open,0.02,101.1,0.0005,0.063,0.02256182,76.63,0.0215,0,BTC-31MAY19-6000-P,6840.57,80.26,0.025,0.4,0.026,20.0,81.73,4.54029,-8.75287,-0.84904,0.00023,-0.20537
6773.93,BTC-28JUN19,1557572345443,open,0.21,229.8,0.175,0.2545,0.21480698,70.48,0.216,0.0,BTC-28JUN19-5500-C,6840.57,77.51,0.2215,4.0,0.2285,4.0,84.5,6.26979,-4.6153,5.44254,0.00015,0.82735
6752.64,BTC-27SEP19,1557572345443,open,0.15,41.0,0.105,0.197,0.15102575,68.44,0.1575,0.0,BTC-27DEC19-6000-P,6840.57,67.18,0.1475,4.0,0.1495,10.0,67.89,18.96831,-2.8236,-19.70724,0.0001,-0.31237
6752.64,BTC-27SEP19,1557572345443,open,0.24,0.0,0.1875,0.286,0.2367455,68.44,None,0.0,BTC-27DEC19-7000-P,6840.57,67.07,0.2325,3.0,0.2435,3.0,70.62,20.93289,-3.11608,-27.87298,0.00011,-0.41866
6840.57,index_price,1557572345443,open,0.03,35.1,0.0005,0.071,0.03125792,70.86,0.03,0,BTC-31MAY19-7500-C,6840.57,70.54,0.031,0.4,0.0325,0.3,72.34,5.69183,-10.14622,1.06729,0.00032,0.31779
6840.57,index_price,1557572345463,open,0.12,0.0,0.0735,0.1625,0.11789951,72.95,None,0,BTC-24MAY19-7500-P,6840.57,72.36,0.1175,5.0,0.127,5.0,87.05,4.27312,-12.10581,-2.03825,0.00035,-0.7268
6752.64,BTC-27SEP19,1557572345465,open,0.3,2.5,0.2415,0.3445,0.29286995,69.94,1.278,0.0,BTC-27SEP19-8000-P,6840.57,67.1,0.286,3.0,0.2975,3.0,71.85,16.35799,-4.11895,-22.17791,0.00013,-0.57033
6773.93,BTC-28JUN19,1557572345467,open,0.01,209.4,0.0005,0.049,0.00879203,80.95,0.005,0.0,BTC-28JUN19-4500-P,6840.57,84.67,0.0105,20.0,0.0135,20.0,90.59,2.98262,-2.52168,-0.6253,6e-05,-0.06158
6773.93,BTC-28JUN19,1557572345466,open,0.05,87.2,0.02,0.0995,0.0598385,69.1,0.0465,0.0,BTC-28JUN19-7500-C,6840.57,75.3,0.0685,12.0,0.0745,12.0,79.56,9.4065,-6.78856,2.92535,0.00023,0.38908
6752.64,BTC-27SEP19,1557572345480,open,0.04,40.5,0.005,0.0845,0.04465841,79.55,0.0445,0.0,BTC-27DEC19-15000-C,6840.57,79.47,0.0445,4.0,0.05,4.0,82.14,13.63387,-2.35913,5.39145,6e-05,0.17143
6752.64,BTC-27SEP19,1557572345482,open,0.06,114.4,0.028,0.1075,0.06770163,74.66,0.071,0.0,BTC-27DEC19-12000-C,6840.57,74.58,0.0675,4.0,0.076,4.0,77.89,17.03246,-2.76585,7.75654,8e-05,0.25009
6752.64,BTC-27SEP19,1557572345484,open,0.06,123.2,0.0175,0.102,0.0596586,69.74,0.06,0.0,BTC-27DEC19-4500-P,6840.57,69.65,0.0595,0.5,0.0645,4.0,72.26,12.83632,-1.94702,-9.18131,6e-05,-0.15623
6840.57,index_price,1557572345485,open,0.17,306.2,0.136,0.2155,0.17567247,80.1,0.13,0,BTC-31MAY19-5750-C,6840.57,73.13,0.172,5.0,0.177,5.0,82.44,3.77516,-7.60682,2.49969,0.00018,0.84676
6840.57,index_price,1557572345495,open,0.05,13.3,0.0205,0.1,0.06026875,71.78,0.0555,0,BTC-24MAY19-6750-C,6840.57,66.0,0.056,15.0,0.066,15.0,79.53,5.05519,-14.09121,1.22043,0.00043,0.56603
6840.57,index_price,1557572345490,open,0.08,32.6,0.037,0.123,0.07985925,83.54,0.088,0,BTC-17MAY19-7250-P,6840.57,83.91,0.08,15.0,0.0845,15.0,93.79,3.06255,-21.7712,-0.84757,0.00049,-0.68986
6752.64,BTC-27SEP19,1557572345497,open,0.68,3.1,0.608,0.7415,0.67474252,76.26,1.9215,0.0,BTC-27SEP19-11000-P,6840.57,0.0,0.0075,10.0,1.473,0.3,499.75,12.04615,-3.30756,-37.60084,9e-05,-0.78875
6840.57,index_price,1557572345498,open,0.19,4.0,0.1345,0.2285,0.18146556,78.87,0.1745,0,BTC-24MAY19-8000-P,6840.57,76.82,0.1805,5.0,0.1895,5.0,94.75,3.16211,-9.68508,-2.45794,0.00024,-0.83716
6774.05,BTC-28JUN19,1557572345500,open,0.03,240.3,0.0005,0.0675,0.02672894,70.47,0.032,0.0,BTC-28JUN19-5500-P,6840.57,75.0,0.031,16.0,0.036,16.0,80.11,6.26879,-4.61377,-1.77107,0.00015,-0.1726
6752.64,BTC-27SEP19,1557572345507,open,0.24,0.0,0.1875,0.286,0.2367455,68.44,None,0.0,BTC-27DEC19-7000-P,6840.57,67.07,0.2325,3.0,0.244,3.0,70.78,20.93289,-3.11608,-27.87298,0.00011,-0.41866
6752.79,BTC-27SEP19,1557572345509,open,0.1,1022.0,0.0685,0.148,0.10817444,69.95,0.113,0.0,BTC-27SEP19-8000-C,6840.57,70.49,0.1095,3.0,0.118,3.0,73.99,16.35868,-4.11955,8.2613,0.00013,0.42971
6752.58,BTC-27SEP19,1557572345511,open,0.36,0.1,0.295,0.4025,0.34879819,72.11,0.457,0.0,BTC-27DEC19-8000-P,6840.57,67.44,0.334,3.0,0.3465,3.0,71.39,21.37754,-3.35279,-36.26801,0.0001,-0.50404
6773.93,BTC-28JUN19,1557572345513,open,0.23,24.6,0.1735,0.271,0.22220933,69.23,0.609,0.0,BTC-28JUN19-8000-P,6840.57,71.05,0.2245,12.0,0.232,12.0,76.9,8.46779,-6.12212,-8.23632,0.0002,-0.70477
6752.64,BTC-27SEP19,1557572345522,open,0.3,0.0,0.244,0.347,0.2955464,71.68,None,0.0,BTC-27DEC19-7500-P,6840.57,67.23,0.2815,3.0,0.2935,3.0,71.03,21.27241,-3.31661,-32.14083,0.0001,-0.46021
6752.58,BTC-27SEP19,1557572345536,open,0.29,64.4,0.2605,0.34,0.30023576,68.44,0.237,0.0,BTC-27DEC19-5500-C,6840.57,68.73,0.301,1.0,0.3115,1.0,72.82,17.31508,-2.57762,18.78398,9e-05,0.74194
6773.93,BTC-28JUN19,1557572345546,open,0.17,0.0,0.1205,0.2135,0.16702893,69.11,None,0.0,BTC-28JUN19-7500-P,6840.57,71.24,0.17,12.0,0.174,1.5,74.1,9.40657,-6.78893,-6.91207,0.00023,-0.61091
6752.64,BTC-27SEP19,1557572345555,open,0.04,23.3,0.0005,0.0795,0.0399926,81.15,0.0365,0.0,BTC-27DEC19-16000-C,6840.57,80.62,0.039,4.0,0.045,4.0,83.73,12.73888,-2.24842,4.86708,5e-05,0.15444
6840.57,index_price,1557572345562,open,0.2,557.7,0.168,0.2475,0.20781198,84.26,0.201,0,BTC-31MAY19-5500-C,6840.57,77.67,0.205,6.4,0.2095,5.0,87.92,3.07129,-6.51009,2.52775,0.00014,0.88641
6773.93,BTC-28JUN19,1557572345563,open,0.11,541.8,0.0785,0.158,0.11825322,68.49,0.1135,0.0,BTC-28JUN19-6500-C,6840.57,73.72,0.1255,12.0,0.1345,12.0,80.21,9.38305,-6.71134,4.40708,0.00023,0.61426
6752.79,BTC-27SEP19,1557572345582,open,0.04,65.1,0.001,0.0835,0.04229023,70.32,0.045,0.0,BTC-27SEP19-4750-P,6840.57,70.12,0.042,4.0,0.0475,4.0,73.86,9.79718,-2.48041,-4.99152,8e-05,-0.15198
6773.93,BTC-28JUN19,1557572345584,open,0.08,18.4,0.035,0.1205,0.07781274,68.49,0.082,0.0,BTC-28JUN19-6500-P,6840.57,70.79,0.081,16.0,0.0895,16.0,76.92,9.38305,-6.71122,-4.11871,0.00023,-0.38574
6752.64,BTC-27SEP19,1557572345592,open,0.03,796.0,0.0005,0.0765,0.0366929,78.66,0.038,0.0,BTC-27SEP19-12000-C,6840.57,79.49,0.038,4.0,0.043,4.0,82.54,10.65918,-3.01889,3.50233,8e-05,0.17301
6752.58,BTC-27SEP19,1557572345594,open,0.04,94.7,0.0005,0.0805,0.03926751,70.34,0.052,0.0,BTC-27DEC19-4000-P,6840.57,70.17,0.039,5.0,0.0445,5.0,73.75,10.1927,-1.55945,-6.42323,5e-05,-0.11177
6773.93,BTC-28JUN19,1557572345601,open,0.52,0.1,0.483,0.5625,0.52260247,103.22,0.395,0.0,BTC-28JUN19-3250-C,6840.57,0.0,0.0035,0.2,0.8135,2.0,500.0,0.96707,-1.04248,4.10209,2e-05,0.98428
6840.57,index_price,1557572345605,open,0.14,534.1,0.1055,0.185,0.14544194,76.63,0.1435,0,BTC-31MAY19-6000-C,6840.57,71.35,0.142,5.0,0.147,5.0,78.96,4.54029,-8.75287,2.4182,0.00023,0.79463
6752.58,BTC-27SEP19,1557572345607,open,0.22,60.8,0.1895,0.269,0.22924026,68.44,0.2135,0.0,BTC-27DEC19-6500-C,6840.57,68.52,0.2295,3.0,0.241,3.0,72.38,20.16589,-3.00195,17.20167,0.0001,0.63373
6752.64,BTC-27SEP19,1557572345608,open,0.25,246.8,0.2225,0.302,0.26222228,68.73,0.2085,0.0,BTC-27SEP19-5500-C,6840.57,69.91,0.2645,1.0,0.274,1.0,74.79,13.04296,-3.22765,12.70617,0.00011,0.75677
6840.57,index_price,1557572345638,open,0.05,8.1,0.0055,0.0885,0.04702862,71.76,0.04,0,BTC-24MAY19-6750-P,6840.57,69.71,0.0455,15.0,0.0545,15.0,81.89,5.05519,-14.08702,-1.16064,0.00043,-0.43397
6752.79,BTC-27SEP19,1557572345648,open,0.0,0.0005,0.059,0.01920447,87.82,None,0.0,BTC-27SEP19-16000-C,6840.57,89.06,0.0205,5.0,0.0245,5.0,92.65,6.93909,-2.19405,1.90006,5e-05,0.09316
6752.64,BTC-27SEP19,1557572345656,open,0.0,421.8,0.0005,0.0435,0.0034886,102.78,0.0015,0.0,BTC-27SEP19-2000-P,6840.57,90.3,0.0015,9.9,0.005,5.0,109.48,1.36344,-0.50454,-0.41509,1e-05,-0.01267
6752.64,BTC-27SEP19,1557572345656,open,0.39,0.2,0.358,0.4375,0.39774302,72.45,0.26,0.0,BTC-27SEP19-4250-C,6840.57,0.0,0.0025,1.0,0.4655,2.0,122.23,7.51743,-1.96088,12.80351,6e-05,0.89608
6752.79,BTC-27SEP19,1557572345660,open,0.21,749.3,0.1805,0.26,0.22028781,68.73,0.2245,0.0,BTC-27SEP19-6000-C,6840.57,69.06,0.221,3.0,0.2315,3.0,73.87,14.73192,-3.64567,12.0223,0.00012,0.6882
6773.93,BTC-28JUN19,1557572345674,open,0.15,2458.3,0.1215,0.201,0.1610465,68.5,0.173,0.0,BTC-28JUN19-6000-C,6840.57,75.9,0.17,4.0,0.175,10.0,79.97,8.11046,-5.80221,5.05598,0.0002,0.73009
6840.57,index_price,1557572345677,open,0.04,191.5,0.0025,0.082,0.04206964,70.85,0.043,0,BTC-31MAY19-7250-C,6840.57,69.66,0.041,0.4,0.0455,20.0,74.66,6.14204,-10.9474,1.3109,0.00034,0.39399
6840.57,index_price,1557572345690,open,0.13,2.0,0.0965,0.176,0.13626829,76.94,0.13,0,BTC-24MAY19-6000-C,6840.57,68.39,0.1325,5.0,0.141,5.0,86.68,3.17225,-9.4776,1.68936,0.00025,0.83636
6773.93,BTC-28JUN19,1557572345692,open,0.01,216.2,0.0005,0.0515,0.01127916,77.17,0.01,0.0,BTC-28JUN19-4750-P,6840.57,81.16,0.0135,20.0,0.017,20.0,86.94,3.62365,-2.92051,-0.80495,8e-05,-0.07932
6752.64,BTC-27SEP19,1557572345692,open,1.43,0.0,1.3135,1.5055,1.40945731,81.16,None,0.0,BTC-27DEC19-16000-P,6840.57,0.0,0.0075,5.0,2.298,0.2,500.0,12.74184,-2.24926,-95.89893,5e-05,-0.84551
6752.64,BTC-27SEP19,1557572345697,open,0.72,0.0,0.6425,0.7785,0.71042984,73.38,None,0.0,BTC-27DEC19-11000-P,6840.57,0.0,0.0075,10.0,1.569,0.3,499.97,18.41073,-2.93853,-60.3111,9e-05,-0.70772
6840.57,index_price,1557572345699,open,0.01,356.9,0.0005,0.054,0.01363754,90.88,0.013,0,BTC-17MAY19-6250-P,6840.57,91.9,0.014,23.3,0.0165,21.4,98.74,2.43178,-18.80719,-0.23555,0.00036,-0.20027
6752.64,BTC-27SEP19,1557572345718,open,0.05,676.8,0.018,0.0975,0.05753707,73.25,0.06,0.0,BTC-27SEP19-10000-C,6840.57,74.23,0.0595,4.0,0.0665,4.0,77.64,13.51303,-3.56387,5.20412,0.00011,0.26009
6752.64,BTC-27SEP19,1557572345718,open,0.19,20.5,0.1425,0.237,0.18987078,68.73,0.183,0.0,BTC-27SEP19-7000-P,6840.57,66.74,0.185,3.0,0.195,3.0,70.83,16.4832,-4.07883,-16.42511,0.00014,-0.44942
6840.57,index_price,1557572345718,open,0.01,414.3,0.0005,0.052,0.01183906,84.26,0.014,0,BTC-31MAY19-5500-P,6840.57,86.8,0.013,0.5,0.0145,25.0,89.96,3.07134,-6.5103,-0.46723,0.00014,-0.11359
6840.57,index_price,1557572345721,open,0.08,4.1,0.036,0.122,0.07895117,70.85,0.0825,0,BTC-31MAY19-7000-P,6840.57,75.75,0.0835,0.4,0.0855,15.0,77.9,6.35798,-11.33228,-2.24075,0.00035,-0.5226
6752.64,BTC-27SEP19,1557572345742,open,0.14,1053.1,0.1135,0.193,0.15325338,68.74,0.158,0.0,BTC-27SEP19-7000-C,6840.57,69.45,0.155,3.0,0.164,3.0,73.14,16.48312,-4.07933,10.20842,0.00014,0.55059
6773.93,BTC-28JUN19,1557572345743,open,0.08,1619.8,0.045,0.1245,0.08454549,68.49,0.1,0.0,BTC-28JUN19-7000-C,6840.57,74.69,0.0935,12.0,0.1045,20.0,82.31,9.78694,-7.00044,3.66193,0.00024,0.49668
6773.93,BTC-28JUN19,1557572345767,open,0.23,24.6,0.1735,0.271,0.22219875,69.23,0.609,0.0,BTC-28JUN19-8000-P,6840.57,71.05,0.2245,12.0,0.233,12.0,77.66,8.46779,-6.12212,-8.23632,0.0002,-0.70477
6752.64,BTC-27SEP19,1557572345781,open,0.19,46.1,0.1605,0.24,0.20011027,68.44,0.2035,0.0,BTC-27DEC19-7000-C,6840.57,68.89,0.2015,3.0,0.212,3.0,72.28,20.93295,-3.11596,16.21292,0.00011,0.58134
6752.64,BTC-27SEP19,1557572345783,open,0.12,95.9,0.089,0.1685,0.12885642,72.52,0.1075,0.0,BTC-27DEC19-9000-C,6840.57,70.63,0.123,3.0,0.133,3.0,73.86,20.9064,-3.29784,12.2239,0.0001,0.41629
6752.58,BTC-27SEP19,1557572345784,open,0.03,51.0,0.0005,0.068,0.02840107,87.14,0.0225,0.0,BTC-27DEC19-20000-C,6840.57,86.19,0.027,5.0,0.0325,5.0,89.79,10.10407,-1.91516,3.48799,4e-05,0.11042
6773.93,BTC-28JUN19,1557572345786,open,0.05,87.2,0.02,0.0995,0.05983459,69.1,0.0465,0.0,BTC-28JUN19-7500-C,6840.57,75.3,0.0685,12.0,0.0755,12.0,80.27,9.4065,-6.78856,2.92535,0.00023,0.38908
6752.64,BTC-27SEP19,1557572345796,open,0.25,124.6,0.2225,0.302,0.26247844,68.44,0.2245,0.0,BTC-27DEC19-6000-C,6840.57,68.44,0.2625,3.0,0.274,3.0,72.54,18.96833,-2.82352,18.08078,0.0001,0.68763
6752.64,BTC-27SEP19,1557572345798,open,0.02,77.1,0.0005,0.0655,0.02483001,71.98,0.0315,0.0,BTC-27DEC19-3500-P,6840.57,71.68,0.0245,5.0,0.029,5.0,75.56,7.62309,-1.19341,-4.26617,4e-05,-0.07548
6774.14,BTC-28JUN19,1557572345801,open,0.78,33.8,0.739,0.8185,0.77856616,0.0,0.7145,0.0,BTC-28JUN19-1500-C,6840.78,0.0,0.007,0.1,0.886,2.0,500.0,0.0,0.0,1.96749,0.0,1.0
6840.78,index_price,1557572345799,open,0.27,0.0,0.233,0.3125,0.2726816,102.66,None,0,BTC-24MAY19-5000-C,6840.78,0.0,0.0005,10.0,0.3595,0.2,309.51,1.16345,-4.63815,1.65251,7e-05,0.95748
6774.14,BTC-28JUN19,1557572345802,open,0.36,6.6,0.297,0.4045,0.35090283,73.5,0.544,0.0,BTC-28JUN19-9000-P,6840.78,0.0,0.004,0.2,0.9105,1.0,500.0,6.32626,-4.856,-10.44756,0.00014,-0.82491
6752.64,BTC-27SEP19,1557572345803,open,0.0,1670.3,0.0005,0.041,0.00141985,110.0,0.001,0.0,BTC-27SEP19-1500-P,6840.78,104.98,0.001,6.4,0.005,81.2,134.24,0.63276,-0.25059,-0.17227,0.0,-0.00529
6774.14,BTC-28JUN19,1557572345803,open,0.64,5.7,0.566,0.696,0.63116973,80.44,1.142,0.0,BTC-28JUN19-11000-P,6840.78,0.0,0.0005,0.4,1.1675,1.0,500.0,3.09034,-2.59608,-13.9209,6e-05,-0.93555
6840.78,index_price,1557572345799,open,0.2,0.0,0.163,0.2425,0.20262292,88.61,None,0,BTC-24MAY19-5500-C,6840.78,64.17,0.1975,5.0,0.206,5.0,99.45,1.94004,-6.67601,1.72712,0.00013,0.91834
6840.78,index_price,1557572345800,open,0.45,0.0,0.4125,0.492,0.45241108,109.62,None,0,BTC-31MAY19-3750-C,6840.78,0.0,0.001,2.0,0.0,0.0,0.0,0.29555,-0.81501,2.0152,1e-05,0.99339
6840.78,index_price,1557572345799,open,0.01,0.0,0.0005,0.049,0.00929096,82.34,None,0,BTC-24MAY19-8250-C,6840.78,77.58,0.0075,25.0,0.0125,25.0,89.99,2.69491,-8.61656,0.28745,0.0002,0.12841
6840.78,index_price,1557572345799,open,0.3,0.0,0.268,0.3475,0.30756939,103.85,0.2,0,BTC-24MAY19-4750-C,6840.78,0.0,0.0005,10.0,0.4015,0.2,348.58,0.73987,-2.98387,1.61166,4e-05,0.97544
6840.78,index_price,1557572345799,open,0.01,1.0,0.0005,0.0515,0.01197266,78.93,0.011,0,BTC-24MAY19-8000-C,6840.78,75.67,0.0105,20.0,0.0155,20.0,86.2,3.16546,-9.70259,0.36469,0.00024,0.1631
6840.78,index_price,1557572345799,open,0.0,87.8,0.0005,0.046,0.00629236,96.47,0.0065,0,BTC-17MAY19-8000-C,6840.78,97.32,0.0065,25.0,0.0075,1.0,101.28,1.64958,-13.54137,0.11603,0.00023,0.11165
6752.64,BTC-27SEP19,1557572345800,open,0.63,0.0,0.5985,0.678,0.63831051,78.37,None,0.0,BTC-27DEC19-2500-C,6840.78,0.0,0.015,5.0,0.9895,0.5,500.0,3.45927,-0.58969,14.18439,2e-05,0.97184
6840.78,index_price,1557572345799,open,0.01,0.0,0.0005,0.0505,0.01074302,76.46,None,0,BTC-31MAY19-8500-C,6840.78,75.97,0.0105,25.0,0.013,0.5,80.86,3.37117,-6.48439,0.44305,0.00017,0.12968
6752.85,BTC-27SEP19,1557572345805,open,0.97,0.0,0.8785,1.0345,0.95661526,81.94,None,0.0,BTC-27SEP19-13000-P,6840.78,0.0,0.0075,50.0,1.757,0.3,500.0,9.6436,-2.84489,-46.45851,7e-05,-0.85158
6840.78,index_price,1557572345800,open,0.27,3.0,0.23,0.3095,0.26957699,109.35,0.2015,0,BTC-17MAY19-5000-C,6840.78,0.0,0.001,1.0,0.354,0.1,442.78,0.23,-2.14019,0.79341,3e-05,0.99007
6840.78,index_price,1557572345801,open,0.3,1.6,0.266,0.3455,0.30577623,108.39,0.241,0,BTC-17MAY19-4750-C,6840.78,0.0,0.0005,5.0,0.3975,0.1,500.0,0.08539,-0.78758,0.76091,1e-05,0.99675
6840.78,index_price,1557572345799,open,0.01,274.8,0.0005,0.0495,0.00957714,93.72,0.0055,0,BTC-17MAY19-7750-C,6840.78,91.84,0.009,20.0,0.0115,21.0,99.72,2.12111,-16.91613,0.16684,0.0003,0.16108
6840.78,index_price,1557572345799,open,0.23,0.0,0.198,0.2775,0.23770418,96.87,None,0,BTC-24MAY19-5250-C,6840.78,0.0,0.0005,10.0,0.3175,0.2,272.61,1.55235,-5.83982,1.6921,0.0001,0.9389
6840.78,index_price,1557572345802,open,0.23,12.3,0.194,0.2735,0.23386757,109.48,0.1745,0,BTC-17MAY19-5250-C,6840.78,0.0,0.001,0.5,0.271,0.3,272.86,0.49261,-4.58938,0.81709,6e-05,0.97586
6840.78,index_price,1557572345799,open,0.25,0.0,0.2,0.2995,0.24959987,84.85,None,0,BTC-24MAY19-8500-P,6840.78,0.0,0.0,0.0,0.3225,0.2,210.67,2.25054,-7.41528,-2.77478,0.00016,-0.90026
6840.78,index_price,1557572345802,open,0.0,97.4,0.0005,0.04,0.00025807,110.0,0.0005,0,BTC-31MAY19-3500-P,6840.78,118.58,0.0005,0.1,0.0015,11.0,137.28,0.14964,-0.41409,-0.01244,1e-05,-0.00308
6752.85,BTC-27SEP19,1557572345801,open,0.57,0.0,0.531,0.6105,0.57051396,74.35,None,0.0,BTC-27DEC19-3000-C,6840.78,0.0,0.0005,3.0,0.9885,0.5,500.0,5.30041,-0.85716,16.24778,2e-05,0.95255
6840.78,index_price,1557572345801,open,0.24,137.6,0.202,0.2815,0.24156924,89.86,0.2415,0,BTC-31MAY19-5250-C,6840.78,0.0,0.014,7.0,0.3,0.3,193.71,2.50176,-5.65556,2.50556,0.00011,0.91419
6840.78,index_price,1557572345813,open,0.27,83.9,0.2365,0.316,0.27607855,95.95,0.2185,0,BTC-31MAY19-5000-C,6840.78,0.0,0.0005,0.2,0.276,2.0,95.69,2.03082,-4.90213,2.45349,8e-05,0.93472
6752.64,BTC-27SEP19,1557572345820,open,0.3,2.5,0.2415,0.3445,0.29289067,69.95,1.278,0.0,BTC-27SEP19-8000-P,6840.78,67.3,0.2865,3.0,0.2975,3.0,71.85,16.35821,-4.11951,-22.17769,0.00013,-0.57031
6752.64,BTC-27SEP19,1557572345822,open,0.04,65.1,0.001,0.0835,0.04229522,70.32,0.045,0.0,BTC-27SEP19-4750-P,6840.78,70.46,0.0425,4.0,0.0475,4.0,73.86,9.79754,-2.48053,-4.99189,8e-05,-0.152
6752.85,BTC-27SEP19,1557572345823,open,0.06,114.4,0.028,0.1075,0.06770436,74.66,0.071,0.0,BTC-27DEC19-12000-C,6840.78,74.77,0.068,4.0,0.076,4.0,77.89,17.03336,-2.76595,7.75711,8e-05,0.2501
6840.78,index_price,1557572345825,open,0.02,50.3,0.0005,0.0615,0.02150013,72.98,0.0085,0,BTC-24MAY19-7500-C,6840.78,70.57,0.02,20.0,0.027,20.0,81.58,4.27463,-12.11519,0.60783,0.00035,0.27338
6752.64,BTC-27SEP19,1557572345834,open,0.19,20.5,0.1425,0.237,0.18987078,68.73,0.183,0.0,BTC-27SEP19-7000-P,6840.78,66.94,0.1855,3.0,0.195,3.0,70.83,16.4832,-4.07883,-16.42511,0.00014,-0.44942
6840.78,index_price,1557572345835,open,0.01,356.9,0.0005,0.054,0.01363798,90.9,0.013,0,BTC-17MAY19-6250-P,6840.78,91.92,0.014,23.3,0.016,1.0,97.41,2.43163,-18.81011,-0.23552,0.00036,-0.20024
6752.64,BTC-27SEP19,1557572345836,open,0.18,56.5,0.145,0.2245,0.18488478,71.69,0.184,0.0,BTC-27DEC19-7500-C,6840.78,69.18,0.177,3.0,0.185,1.0,71.72,21.27234,-3.31682,15.09379,0.0001,0.5398
6840.78,index_price,1557572345837,open,0.08,32.6,0.037,0.123,0.07985952,83.65,0.088,0,BTC-17MAY19-7250-P,6840.78,83.96,0.08,15.0,0.085,15.0,94.92,3.06424,-21.81109,-0.84721,0.00049,-0.68948
6752.85,BTC-27SEP19,1557572345847,open,0.05,40.9,0.009,0.0885,0.04858007,77.03,0.05,0.0,BTC-27DEC19-14000-C,6840.78,77.69,0.05,4.0,0.0565,4.0,80.63,14.42594,-2.41703,5.90959,7e-05,0.18753
6752.85,BTC-27SEP19,1557572345848,open,0.24,0.0,0.1875,0.286,0.23674187,68.44,None,0.0,BTC-27DEC19-7000-P,6840.78,67.24,0.233,3.0,0.244,3.0,70.79,20.93318,-3.11637,-27.87229,0.00011,-0.41863
6840.78,index_price,1557572345850,open,0.0,128.2,0.0005,0.043,0.00300954,108.81,0.003,0,BTC-17MAY19-5500-P,6840.78,115.87,0.004,25.0,0.0055,1.0,125.06,0.88884,-8.23041,-0.05789,0.00011,-0.04956
6774.14,BTC-28JUN19,1557572345861,open,0.12,44.4,0.0735,0.1625,0.11791902,68.51,0.119,0.0,BTC-28JUN19-7000-P,6840.78,71.33,0.122,12.0,0.1245,1.5,73.06,9.78726,-7.00265,-5.51926,0.00024,-0.50324
6840.78,index_price,1557572345884,open,0.03,72.4,0.0005,0.0735,0.03236866,73.49,0.036,0,BTC-24MAY19-6500-P,6840.78,70.73,0.0305,20.0,0.0385,20.0,82.43,4.65435,-13.28196,-0.87503,0.00038,-0.33024
6752.64,BTC-27SEP19,1557572345893,open,0.11,82.6,0.0705,0.159,0.11473773,68.44,0.165,0.0,BTC-27DEC19-5500-P,6840.78,67.76,0.113,4.0,0.116,10.0,68.93,17.31499,-2.57746,-15.85412,9e-05,-0.25806
6752.64,BTC-27SEP19,1557572345894,open,0.1,1022.0,0.0685,0.148,0.10816884,69.95,0.113,0.0,BTC-27SEP19-8000-C,6840.78,70.5,0.1095,3.0,0.1185,3.0,74.2,16.35821,-4.11951,8.26081,0.00013,0.42969
6752.85,BTC-27SEP19,1557572345896,open,0.36,0.1,0.295,0.4025,0.34878897,72.12,0.457,0.0,BTC-27DEC19-8000-P,6840.78,67.61,0.3345,3.0,0.3465,3.0,71.4,21.37843,-3.35364,-36.26678,0.0001,-0.50396
6752.85,BTC-27SEP19,1557572345902,open,0.3,0.0,0.244,0.347,0.2955615,71.69,None,0.0,BTC-27DEC19-7500-P,6840.78,67.39,0.282,3.0,0.2935,3.0,71.04,21.27279,-3.31723,-32.14019,0.0001,-0.46016
192.14,index_price,1557572345912,open,0.15,0.0,0.048,0.135,0.091377,90.36,None,0,ETH-24MAY19-200-P,192.14,72.19,0.078,150.0,0.092,150.0,91.21,0.14233,-0.49945,-0.04416,0.01209,-0.56016
6840.78,index_price,1557572345923,open,0.2,557.7,0.168,0.2475,0.2078125,84.21,0.201,0,BTC-31MAY19-5500-C,6840.78,75.07,0.204,5.0,0.2095,5.0,87.88,3.06879,-6.5013,2.52833,0.00014,0.88655
6752.85,BTC-27SEP19,1557572345947,open,0.16,64.7,0.1245,0.204,0.16406714,72.11,0.1465,0.0,BTC-27DEC19-8000-C,6840.78,69.56,0.156,3.0,0.166,3.0,72.72,21.37841,-3.3531,14.1169,0.0001,0.496
6752.64,BTC-27SEP19,1557572345949,open,0.11,88.1,0.0645,0.153,0.10882031,68.74,0.1065,0.0,BTC-27SEP19-6000-P,6840.78,67.44,0.106,4.0,0.114,4.0,71.11,14.73198,-3.64577,-10.80717,0.00012,-0.31181
6840.78,index_price,1557572345949,open,0.0,498.2,0.0005,0.0445,0.00438543,109.61,0.003,0,BTC-31MAY19-4500-P,6840.78,110.19,0.0045,3.6,0.005,1.0,112.64,1.3407,-3.69691,-0.16071,5e-05,-0.03876
6752.85,BTC-27SEP19,1557572345950,open,0.01,161.2,0.0005,0.0485,0.00853608,78.37,0.013,0.0,BTC-27DEC19-2500-P,6840.78,76.28,0.0075,5.0,0.0115,5.0,83.72,3.45929,-0.58971,-1.56053,2e-05,-0.02816
6840.78,index_price,1557572345951,open,0.05,19.4,0.0035,0.087,0.0452002,74.13,0.0485,0,BTC-31MAY19-6500-P,6840.78,76.78,0.0475,0.4,0.0485,20.0,77.93,5.92052,-11.04025,-1.47687,0.00031,-0.35127
6752.85,BTC-27SEP19,1557572345952,open,0.08,300.0,0.0415,0.121,0.08142579,73.37,0.0795,0.0,BTC-27DEC19-11000-C,6840.78,73.4,0.0815,4.0,0.0895,4.0,76.3,18.41082,-2.93828,8.96657,9e-05,0.29226
192.14,index_price,1557572345951,open,0.02,120.0,0.001,0.049,0.008916,84.5,0.019,0,ETH-24MAY19-160-P,192.14,72.0,0.005,250.0,0.011,250.0,90.21,0.06735,-0.221,-0.00798,0.00612,-0.10885
6840.78,index_price,1557572345953,open,0.09,329.5,0.055,0.1345,0.09498698,74.09,0.0795,0,BTC-31MAY19-6500-C,6840.78,69.47,0.091,0.4,0.096,15.0,75.26,5.9203,-11.03484,2.06288,0.00031,0.64877
6752.64,BTC-27SEP19,1557572345954,open,0.05,61.0,0.018,0.0975,0.05795314,76.28,0.053,0.0,BTC-27DEC19-13000-C,6840.78,76.3,0.058,4.0,0.065,4.0,79.23,15.77866,-2.61782,6.80086,7e-05,0.21787
6752.64,BTC-27SEP19,1557572345955,open,0.14,1053.1,0.1135,0.193,0.15325338,68.74,0.158,0.0,BTC-27SEP19-7000-C,6840.78,69.45,0.155,3.0,0.1645,3.0,73.35,16.48315,-4.07916,10.20847,0.00014,0.55059
6840.78,index_price,1557572345956,open,0.02,101.1,0.0005,0.063,0.02256263,76.65,0.0215,0,BTC-31MAY19-6000-P,6840.78,81.01,0.0255,0.4,0.026,20.0,81.74,4.54016,-8.75395,-0.84899,0.00023,-0.20535
6840.78,index_price,1557572345959,open,0.13,0.0,0.083,0.1725,0.12765912,70.88,None,0,BTC-31MAY19-7500-P,6840.78,73.09,0.1295,15.0,0.1355,15.0,80.14,5.69305,-10.15163,-3.01631,0.00032,-0.68207
6773.93,BTC-28JUN19,1557572345966,open,0.01,1105.3,0.0005,0.0515,0.01194496,76.26,0.015,0.0,BTC-28JUN19-10000-C,6840.78,80.05,0.0145,20.0,0.019,20.0,86.05,4.35682,-3.46972,0.79693,9e-05,0.10164
6840.78,index_price,1557572345975,open,0.04,191.5,0.0025,0.082,0.04207108,70.84,0.043,0,BTC-31MAY19-7250-C,6840.78,70.2,0.0415,0.4,0.0455,20.0,74.65,6.14243,-10.94648,1.31111,0.00034,0.39404
6840.78,index_price,1557572345977,open,0.08,4.1,0.036,0.122,0.07895117,70.87,0.0825,0,BTC-31MAY19-7000-P,6840.78,76.3,0.084,0.4,0.0855,15.0,77.92,6.35827,-11.33622,-2.24045,0.00035,-0.5225
6840.78,index_price,1557572345974,open,0.05,232.4,0.016,0.0955,0.05564463,70.84,0.0525,0,BTC-31MAY19-7000-C,6840.78,69.07,0.054,0.4,0.059,15.0,74.45,6.35823,-11.33075,1.57129,0.00035,0.47746
6752.64,BTC-27SEP19,1557572345993,open,0.07,350.0,0.039,0.1185,0.07872518,71.88,0.0525,0.0,BTC-27SEP19-9000-C,6840.78,72.22,0.0795,4.0,0.0875,4.0,75.75,15.17369,-3.92678,6.5831,0.00012,0.33495
6840.78,index_price,1557572345994,open,0.08,26.7,0.0425,0.122,0.08215544,73.44,0.07,0,BTC-24MAY19-6500-C,6840.78,66.55,0.0775,15.0,0.087,15.0,80.52,4.65399,-13.27319,1.41812,0.00038,0.66982
6752.85,BTC-27SEP19,1557572346013,open,0.22,60.8,0.1895,0.269,0.22924593,68.43,0.2135,0.0,BTC-27DEC19-6500-C,6840.78,68.69,0.23,3.0,0.241,3.0,72.38,20.16633,-3.00172,17.20339,0.0001,0.63375
6774.14,BTC-28JUN19,1557572346014,open,0.21,229.8,0.175,0.2545,0.21479741,70.45,0.216,0.0,BTC-28JUN19-5500-C,6840.78,78.51,0.2225,4.0,0.2285,4.0,84.48,6.26748,-4.61158,5.44376,0.00015,0.82746
6840.78,index_price,1557572346015,open,0.1,3.1,0.068,0.1475,0.10784785,75.49,0.052,0,BTC-24MAY19-6250-C,6840.78,66.97,0.103,5.0,0.1125,5.0,83.32,3.9897,-11.69638,1.57493,0.00032,0.76049
6840.78,index_price,1557572346017,open,0.15,2.0,0.103,0.1945,0.14885135,75.95,0.142,0,BTC-24MAY19-7750-P,6840.78,75.3,0.1485,5.0,0.157,5.0,90.09,3.71155,-10.94637,-2.26356,0.0003,-0.78916
6752.85,BTC-27SEP19,1557572346018,open,0.25,124.6,0.2225,0.302,0.26247844,68.43,0.2245,0.0,BTC-27DEC19-6000-C,6840.78,68.62,0.263,3.0,0.274,3.0,72.54,18.96842,-2.82334,18.08215,0.0001,0.68765
6752.64,BTC-27SEP19,1557572346020,open,0.21,749.3,0.1805,0.26,0.22027894,68.74,0.2245,0.0,BTC-27SEP19-6000-C,6840.78,69.3,0.2215,3.0,0.2315,3.0,73.87,14.73198,-3.64577,12.02172,0.00012,0.68819
6840.78,index_price,1557572346021,open,0.07,287.7,0.0325,0.112,0.07228152,70.84,0.062,0,BTC-31MAY19-6750-C,6840.78,69.44,0.071,0.4,0.0755,15.0,74.34,6.28388,-11.19785,1.83513,0.00035,0.56493
6752.85,BTC-27SEP19,1557572346021,open,0.02,77.1,0.0005,0.0655,0.02483001,71.98,0.0315,0.0,BTC-27DEC19-3500-P,6840.78,71.68,0.0245,5.0,0.0295,5.0,75.98,7.62304,-1.19344,-4.26613,4e-05,-0.07548
6840.78,index_price,1557572346024,open,0.05,232.4,0.016,0.0955,0.05564463,70.84,0.0525,0,BTC-31MAY19-7000-C,6840.78,69.61,0.0545,0.4,0.059,15.0,74.45,6.35823,-11.33075,1.57129,0.00035,0.47746
6752.85,BTC-27SEP19,1557572346035,open,0.04,23.3,0.0005,0.0795,0.03999417,81.15,0.0365,0.0,BTC-27DEC19-16000-C,6840.78,80.88,0.0395,4.0,0.045,4.0,83.73,12.73962,-2.24852,4.86743,5e-05,0.15444
6840.78,index_price,1557572346036,open,0.02,50.3,0.0005,0.0615,0.02150013,72.98,0.0085,0,BTC-24MAY19-7500-C,6840.78,70.57,0.02,20.0,0.0275,20.0,82.35,4.27463,-12.11519,0.60783,0.00035,0.27338
6752.64,BTC-27SEP19,1557572346044,open,0.0,0.0005,0.059,0.01920535,87.82,None,0.0,BTC-27SEP19-16000-C,6840.78,89.06,0.0205,5.0,0.025,5.0,93.08,6.93919,-2.19417,1.9001,5e-05,0.09316
6752.64,BTC-27SEP19,1557572346069,open,0.03,91.2,0.0005,0.075,0.0340645,71.3,0.0315,0.0,BTC-27SEP19-4500-P,6840.78,71.25,0.034,5.0,0.039,5.0,75.08,8.64985,-2.22052,-4.12742,7e-05,-0.12658
6840.78,index_price,1557572346072,open,0.02,101.1,0.0005,0.063,0.02256263,76.65,0.0215,0,BTC-31MAY19-6000-P,6840.78,80.27,0.025,0.4,0.026,20.0,81.74,4.54016,-8.75395,-0.84899,0.00023,-0.20535
6840.78,index_price,1557572346070,open,0.05,14.6,0.0135,0.0975,0.05543255,83.61,0.064,0,BTC-17MAY19-7000-P,6840.78,82.74,0.055,15.0,0.0595,15.0,91.74,3.4164,-24.30759,-0.68331,0.00054,-0.56508
6840.78,index_price,1557572346077,open,0.05,13.3,0.0205,0.1,0.06026977,71.76,0.0555,0,BTC-24MAY19-6750-C,6840.78,66.66,0.0565,15.0,0.066,15.0,79.51,5.05515,-14.08724,1.22069,0.00043,0.56612
6752.85,BTC-27SEP19,1557572346089,open,0.29,64.4,0.2605,0.34,0.30024147,68.43,0.237,0.0,BTC-27DEC19-5500-C,6840.78,68.73,0.301,1.0,0.312,1.0,73.01,17.31479,-2.57723,18.78617,9e-05,0.74197
6752.64,BTC-27SEP19,1557572346091,open,0.05,676.8,0.018,0.0975,0.05753707,73.25,0.06,0.0,BTC-27SEP19-10000-C,6840.78,74.23,0.0595,4.0,0.067,4.0,77.88,13.51303,-3.56387,5.20412,0.00011,0.26009
6752.85,BTC-27SEP19,1557572346093,open,0.15,41.0,0.105,0.197,0.15102359,68.44,0.1575,0.0,BTC-27DEC19-6000-P,6840.78,67.37,0.148,4.0,0.1495,10.0,67.9,18.96834,-2.82379,-19.70684,0.0001,-0.31235
6840.78,index_price,1557572346094,open,0.19,0.0,0.1395,0.234,0.1869714,72.52,None,0,BTC-31MAY19-8000-P,6840.78,76.31,0.1895,5.0,0.1955,5.0,84.78,4.47375,-8.16183,-3.67525,0.00024,-0.79965
6752.64,BTC-27SEP19,1557572346106,open,0.07,56.3,0.034,0.1195,0.07672428,68.74,0.0765,0.0,BTC-27SEP19-5500-P,6840.78,68.1,0.0755,4.0,0.0825,4.0,71.71,13.04307,-3.22781,-8.22054,0.00011,-0.24323
6774.14,BTC-28JUN19,1557572346117,open,0.11,541.8,0.0785,0.158,0.11826296,68.48,0.1135,0.0,BTC-28JUN19-6500-C,6840.78,74.79,0.127,12.0,0.1345,12.0,80.2,9.383,-6.7109,4.40757,0.00023,0.61431
6752.85,BTC-27SEP19,1557572346118,open,0.19,46.1,0.1605,0.24,0.20011027,68.43,0.2035,0.0,BTC-27DEC19-7000-C,6840.78,68.88,0.2015,3.0,0.2125,3.0,72.44,20.9334,-3.11593,16.21397,0.00011,0.58135
6752.85,BTC-27SEP19,1557572346120,open,0.16,64.7,0.1245,0.204,0.16406714,72.11,0.1465,0.0,BTC-27DEC19-8000-C,6840.78,69.56,0.156,3.0,0.1665,3.0,72.88,21.37841,-3.3531,14.1169,0.0001,0.496
6774.14,BTC-28JUN19,1557572346122,open,0.0,299.0,0.0005,0.0425,0.00281193,93.77,0.002,0.0,BTC-28JUN19-14000-C,6840.78,89.43,0.002,20.0,0.0045,25.0,100.68,1.41191,-1.38269,0.1931,3e-05,0.02454
6752.64,BTC-27SEP19,1557572346130,open,0.02,1008.0,0.0005,0.068,0.027116,72.44,0.0355,0.0,BTC-27SEP19-4250-P,6840.78,72.34,0.027,5.0,0.032,5.0,76.7,7.51643,-1.96036,-3.36619,6e-05,-0.1039
6752.64,BTC-27SEP19,1557572346131,open,0.02,157.8,0.0005,0.062,0.02153972,73.97,0.0245,0.0,BTC-27SEP19-4000-P,6840.78,73.93,0.0215,5.0,0.026,5.0,78.48,6.44996,-1.7178,-2.72313,5e-05,-0.08445
6752.64,BTC-27SEP19,1557572346132,open,0.02,13.1,0.0005,0.0665,0.02695071,84.51,0.03,0.0,BTC-27SEP19-14000-C,6840.78,84.16,0.0265,5.0,0.0315,5.0,87.92,8.69633,-2.64609,2.58493,6e-05,0.12756
6752.64,BTC-27SEP19,1557572346134,open,0.01,365.2,0.0005,0.0535,0.01318903,77.67,0.016,0.0,BTC-27SEP19-3500-P,6840.78,77.39,0.013,5.0,0.017,5.0,83.02,4.53758,-1.2689,-1.71508,3e-05,-0.05357
6752.64,BTC-27SEP19,1557572346135,open,0.01,620.6,0.0005,0.048,0.0080134,82.97,0.008,0.0,BTC-27SEP19-3000-P,6840.78,81.82,0.0075,5.0,0.011,5.0,89.05,3.05116,-0.91146,-1.04861,2e-05,-0.0328
6773.93,BTC-28JUN19,1557572346144,open,0.01,535.5,0.0005,0.0555,0.01520975,74.77,0.016,0.0,BTC-28JUN19-5000-P,6840.78,79.6,0.0185,20.0,0.0225,20.0,85.07,4.44329,-3.46957,-1.06297,0.0001,-0.10443
6773.93,BTC-28JUN19,1557572346157,open,0.01,343.8,0.0005,0.047,0.00729703,80.33,0.0085,0.0,BTC-28JUN19-11000-C,6840.78,82.87,0.0085,20.0,0.012,20.0,89.32,3.07848,-2.58269,0.50502,6e-05,0.06414
6773.93,BTC-28JUN19,1557572346168,open,0.01,216.2,0.0005,0.0515,0.0112815,77.18,0.01,0.0,BTC-28JUN19-4750-P,6840.78,82.02,0.014,20.0,0.017,20.0,86.94,3.62397,-2.92094,-0.80506,8e-05,-0.07933
6752.64,BTC-27SEP19,1557572346175,open,0.01,41.8,0.0005,0.0575,0.01692126,75.69,0.0185,0.0,BTC-27SEP19-3750-P,6840.78,75.16,0.0165,5.0,0.021,5.0,80.51,5.44907,-1.48484,-2.17359,4e-05,-0.06768
6773.93,BTC-28JUN19,1557572346177,open,0.01,216.2,0.0005,0.0515,0.0112815,77.18,0.01,0.0,BTC-28JUN19-4750-P,6840.78,82.02,0.014,20.0,0.0175,20.0,87.73,3.62397,-2.92094,-0.80506,8e-05,-0.07933
