underlying_price,underlying_index,timestamp,state,settlement_price,open_interest,min_price,max_price,mark_price,mark_iv,last_price,interest_rate,instrument_name,index_price,bid_iv,best_bid_price,best_bid_amount,best_ask_price,best_ask_amount,ask_iv,vega,theta,rho,gamma,delta
165.3,index_price,1556881140097,open,0.0,0.051501,0.101566,0.069322,68.4,None,0,ETH-17MAY19-170-P,165.3,53.61,0.058,85.0,0.073,86.0,73.17,0.12726,-0.31366,-0.03936,0.01791,-0.55707
5670.96,index_price,1556881140211,open,1.0,0.01750059,0.06572108,0.02875522,65.98,0.0265,0,BTC-17MAY19-6000-C,5670.96,59.37,0.024,7.0,0.028,16.0,64.95,4.11293,-9.77797,0.70153,0.00051,0.35415
5670.96,index_price,1556881140218,open,0.02,261.1,0.02057184,0.06076848,0.03043794,60.49,0.0325,0,BTC-31MAY19-6250-C,5670.96,57.97,0.028,10.0,0.031,0.4,61.06,5.52296,-5.99217,1.20745,0.00037,0.30923
5632.19,BTC-27SEP19,1556881140236,open,0.1,22.0,0.06473066,0.14083506,0.10364361,63.11,0.1085,0.0,BTC-27DEC19-7500-C,5670.96,62.91,0.103,10.0,0.107,10.0,64.21,17.30209,-2.29525,10.11777,0.00013,0.37927
5632.19,BTC-27SEP19,1556881140237,open,0.08,984.4,0.06036982,0.12297292,0.08029285,62.55,0.0815,0.0,BTC-27SEP19-7000-C,5670.96,62.42,0.08,10.0,0.0825,10.0,63.47,13.40849,-2.85501,6.4147,0.00017,0.36333
165.3,index_price,1556881140241,open,0.0,75.0,1.9e-05,0.008174,0.002674,84.5,0.003,0,ETH-10MAY19-200-C,165.3,86.53,0.003,80.0,0.004,100.0,92.1,0.02577,-0.15838,0.00168,0.00593,0.05648
5644.49,BTC-28JUN19,1556881140249,open,0.03,147.6,0.01394448,0.05205333,0.03052996,61.52,0.032,0.0,BTC-28JUN19-4750-P,5670.96,60.57,0.0295,10.0,0.032,5.0,62.85,6.20587,-3.41612,-2.0027,0.00021,-0.20124
5632.19,BTC-27SEP19,1556881140252,open,0.19,58.9,0.14660179,0.29823798,0.18573359,62.64,0.232,0.0,BTC-27DEC19-5500-P,5670.96,62.07,0.184,5.0,0.19,5.0,64.02,17.342,-2.2832,-20.84521,0.00013,-0.38217
165.3,index_price,1556881140264,open,0.0,0.27405,0.279463,0.275417,84.4,None,0,ETH-17MAY19-120-C,165.3,0.0,0.001,18.0,0.0,0.0,0.0,0.01643,-0.04996,0.0442,0.00187,0.97875
5670.96,index_price,1556881140265,open,0.04,724.1,0.02395805,0.06270034,0.03333717,60.09,0.0345,0,BTC-31MAY19-5250-P,5670.96,59.74,0.033,14.9,0.0365,0.6,63.41,5.38205,-5.80124,-1.40915,0.00036,-0.29203
5632.19,BTC-27SEP19,1556881140269,open,0.15,233.3,0.14645101,0.20990012,0.16435274,61.29,0.167,0.0,BTC-27SEP19-5500-C,5670.96,59.52,0.16,3.0,0.167,3.0,62.38,13.79562,-2.87861,9.89225,0.00018,0.60083
165.3,index_price,1556881140279,open,0.0,9.6e-05,0.01601,0.007247,88.29,None,0,ETH-17MAY19-210-C,165.3,84.36,0.006,80.0,0.011,80.0,98.5,0.05492,-0.17471,0.00558,0.00599,0.09605
5670.96,index_price,1556881140366,open,0.01,341.3,0.00816004,0.03979585,0.01339714,62.18,0.0135,0,BTC-10MAY19-6000-C,5670.96,61.32,0.013,7.0,0.0165,33.0,68.92,2.565,-11.59814,0.27223,0.00068,0.26822
5670.96,index_price,1556881140368,open,0.0,141.5,0.00021395,0.00756,0.00364444,76.52,0.004,0,BTC-31MAY19-4000-P,5670.96,71.16,0.0025,31.0,0.0045,10.0,79.94,1.33711,-1.83526,-0.18691,7e-05,-0.03951
5670.96,index_price,1556881140379,open,0.05,193.6,0.04877352,0.0928437,0.0599001,60.09,0.0595,0,BTC-31MAY19-5750-C,5670.96,56.1,0.0555,7.0,0.0625,21.7,62.45,6.2522,-6.73917,1.90554,0.00042,0.49988
5670.96,index_price,1556881140384,open,0.04,427.9,0.03231611,0.07542262,0.04298806,60.11,0.0475,0,BTC-31MAY19-6000-C,5670.96,56.36,0.039,20.8,0.0455,0.2,62.46,6.04998,-6.52349,1.54106,0.00041,0.39881
5670.96,index_price,1556881140392,open,0.04,427.9,0.03231611,0.07542262,0.04298806,60.11,0.0475,0,BTC-31MAY19-6000-C,5670.96,56.36,0.039,20.8,0.0455,14.0,62.46,6.04998,-6.52349,1.54106,0.00041,0.39881
165.3,index_price,1556881140490,open,0.25,0.0,0.20994,0.218095,0.212595,84.5,None,0,ETH-10MAY19-200-P,165.3,0.0,0.001,15.0,0.278,1.0,250.39,0.02577,-0.15839,-0.036,0.00593,-0.94351
165.3,index_price,1556881140539,open,0.0,0.270513,0.286428,0.277664,88.29,None,0,ETH-17MAY19-210-P,165.3,0.0,0.0,0.0,0.0,0.0,0.0,0.05492,-0.17472,-0.07425,0.00599,-0.90394
165.3,index_price,1556881140589,open,0.0,0.096983,0.140575,0.112877,71.33,None,0,ETH-17MAY19-180-P,165.3,0.0,0.001,18.0,0.164,2.0,140.92,0.11095,-0.28515,-0.05149,0.01497,-0.70646
165.3,index_price,1556881140622,open,0.0,387.0,0.000276,0.015571,0.00558,79.39,0.008,0,ETH-10MAY19-190-C,165.3,81.04,0.006,80.0,0.009,2.0,91.29,0.04282,-0.24721,0.00327,0.01048,0.11056
5632.19,BTC-27SEP19,1556881140628,open,0.17,92.0,0.13451041,0.29205082,0.17503935,62.64,0.171,0.0,BTC-27DEC19-6000-C,5670.96,60.75,0.169,5.0,0.176,10.0,62.94,17.99177,-2.36875,13.79313,0.00014,0.55081
5632.19,BTC-27SEP19,1556881140629,open,0.03,705.5,0.00875306,0.04268823,0.02644094,69.68,0.024,0.0,BTC-27SEP19-10000-C,5670.96,68.65,0.025,22.0,0.0285,10.0,71.12,7.97484,-1.89182,2.58702,9e-05,0.14059
5644.49,BTC-28JUN19,1556881140630,open,0.01,167.9,0.00344445,0.02674908,0.01419521,64.44,0.0135,0.0,BTC-28JUN19-4250-P,5670.96,62.0,0.0125,10.0,0.0155,10.0,66.24,4.0258,-2.32132,-1.03308,0.00013,-0.10536
5632.19,BTC-27SEP19,1556881140632,open,0.12,41.5,0.08287943,0.24211003,0.12296619,62.86,0.128,0.0,BTC-27DEC19-7000-C,5670.96,62.87,0.123,1.0,0.126,5.0,63.82,17.86441,-2.36039,11.29408,0.00014,0.43066
5644.49,BTC-28JUN19,1556881140633,open,0.01,167.9,0.00344445,0.02674908,0.01419521,64.44,0.0135,0.0,BTC-28JUN19-4250-P,5670.96,62.0,0.0125,30.0,0.0155,10.0,66.24,4.0258,-2.32132,-1.03308,0.00013,-0.10536
166.42,ETH-28JUN19,1556881140636,open,0.07,5418.0,0.048005,0.124296,0.054225,64.68,0.06,0.0,ETH-28JUN19-150-P,165.3,60.74,0.049,140.0,0.059,202.0,68.15,0.22488,-0.13015,-0.08914,0.0082,-0.29562
166.4,ETH-28JUN19,1556881140638,open,0.09,3075.0,0.073682,0.155998,0.080626,64.65,0.09,0.0,ETH-28JUN19-160-P,165.3,60.88,0.075,140.0,0.086,186.0,68.21,0.24964,-0.14442,-0.11967,0.00911,-0.38915
165.3,index_price,1556881140640,open,2.0,0.023068,0.073132,0.040889,68.4,0.048,0,ETH-17MAY19-170-C,165.3,71.14,0.043,80.0,0.05,80.0,80.2,0.12726,-0.31366,0.02526,0.01791,0.44293
166.43,ETH-28JUN19,1556881140647,open,0.01,3369.0,0.002966,0.034842,0.007928,73.81,0.007,0.0,ETH-28JUN19-110-P,165.36,71.68,0.007,3.0,0.009,200.0,76.13,0.07477,-0.04938,-0.01661,0.00239,-0.05725
166.9,ETH-27SEP19,1556881140647,open,0.23,201.0,0.23367,0.30722,0.248439,67.15,0.216,0.0,ETH-27SEP19-140-C,165.36,0.0,0.1,100.0,0.0,0.0,0.0,0.34731,-0.0794,0.32624,0.00461,0.7342
166.43,ETH-28JUN19,1556881140647,open,0.44,0.0,0.459469,0.472064,0.460958,77.38,None,0.0,ETH-28JUN19-90-C,165.36,0.0,0.0,0.0,0.0,0.0,0.0,0.02404,-0.01664,0.13363,0.00073,0.98544
166.43,ETH-28JUN19,1556881140647,open,0.62,0.0,0.565442,0.609085,0.575248,79.39,None,0.0,ETH-28JUN19-260-P,165.36,0.0,0.0,0.0,0.0,0.0,0.0,0.11439,-0.08127,-0.37583,0.0034,-0.89986
166.43,ETH-28JUN19,1556881140647,open,0.01,1515.0,0.001414,0.035199,0.010289,84.13,0.012,0.0,ETH-28JUN19-280-C,165.36,81.8,0.009,80.0,0.013,230.0,88.58,0.09536,-0.07179,0.01736,0.00267,0.07842
166.43,ETH-28JUN19,1556881140647,open,0.03,2634.0,0.031761,0.110889,0.040211,66.56,0.033,0.0,ETH-28JUN19-200-C,165.36,64.11,0.037,274.0,0.047,214.0,71.6,0.22015,-0.13112,0.06174,0.0078,0.28252
166.9,ETH-27SEP19,1556881140647,open,0.02,492.0,0.006408,0.048691,0.02504,79.38,0.021,0.0,ETH-27SEP19-340-C,165.36,76.12,0.021,140.0,0.029,150.0,82.35,0.21522,-0.05816,0.06564,0.00242,0.12278
166.43,ETH-28JUN19,1556881140647,open,0.38,0.0,0.40011,0.421226,0.403039,75.43,None,0.0,ETH-28JUN19-100-C,165.36,0.0,0.0,0.0,0.0,0.0,0.0,0.0449,-0.03031,0.14432,0.0014,0.96951
166.9,ETH-27SEP19,1556881140647,open,0.02,169.0,0.002148,0.029607,0.017924,84.96,0.014,0.0,ETH-27SEP19-400-C,165.36,81.93,0.015,140.0,0.022,230.0,88.76,0.16925,-0.04895,0.04714,0.00178,0.08812
166.9,ETH-27SEP19,1556881140647,open,0.03,496.0,0.013444,0.068851,0.032847,75.01,0.028,0.0,ETH-27SEP19-300-C,165.36,72.46,0.029,60.0,0.038,150.0,78.25,0.25762,-0.06579,0.08541,0.00306,0.16002
166.43,ETH-28JUN19,1556881140647,open,0.02,931.0,0.015425,0.083276,0.025954,70.75,0.023,0.0,ETH-28JUN19-220-C,165.36,67.93,0.023,205.0,0.031,225.0,75.33,0.17798,-0.11268,0.04237,0.00593,0.19225
166.43,ETH-28JUN19,1556881140647,open,0.0,2831.0,0.000963,0.022079,0.003928,75.56,0.004,0.0,ETH-28JUN19-100-P,165.36,71.87,0.003,600.0,0.005,100.0,79.25,0.04514,-0.03052,-0.00882,0.00141,-0.03068
166.49,ETH-28JUN19,1556881140647,open,0.01,1368.0,0.000612,0.026525,0.008304,88.32,0.007,0.0,ETH-28JUN19-300-C,165.36,85.49,0.007,80.0,0.011,230.0,93.46,0.08045,-0.06358,0.0139,0.00215,0.06284
166.96,ETH-27SEP19,1556881140647,open,1.49,0.0,1.397937,1.425425,1.414713,85.91,None,0.0,ETH-27SEP19-400-P,165.36,0.0,0.0,0.0,0.0,0.0,0.0,0.1743,-0.05097,-1.56075,0.00181,-0.90837
165.36,index_price,1556881140647,open,0.0,0.000516,0.024183,0.010849,83.86,None,0,ETH-17MAY19-200-C,165.36,79.43,0.009,80.0,0.013,150.0,88.64,0.07167,-0.21659,0.0081,0.00822,0.13975
165.36,index_price,1556881140647,open,0.0,7.2e-05,0.01245,0.003765,80.46,None,0,ETH-17MAY19-130-P,165.36,70.73,0.002,80.0,0.006,230.0,89.77,0.03507,-0.10169,-0.0036,0.00419,-0.05347
166.49,ETH-28JUN19,1556881140648,open,0.0,512.0,8e-06,0.006665,0.003029,102.11,0.007,0.0,ETH-28JUN19-400-C,165.36,96.61,0.002,90.0,0.004,180.0,106.24,0.03557,-0.0325,0.00511,0.00082,0.02306
166.96,ETH-27SEP19,1556881140648,open,1.25,0.0,1.160654,1.197381,1.177731,80.75,None,0.0,ETH-27SEP19-360-P,165.36,0.0,0.0,0.0,1.191,1.0,90.8,0.19492,-0.05358,-1.39137,0.00215,-0.89323
166.49,ETH-28JUN19,1556881140647,open,0.0,1785.0,0.000235,0.012807,0.00176,77.66,0.004,0.0,ETH-28JUN19-90-P,165.36,71.49,0.001,80.0,0.003,100.0,84.78,0.02434,-0.01691,-0.00421,0.00074,-0.01477
166.96,ETH-27SEP19,1556881140647,open,0.0,174.0,0.000247,0.006413,0.002929,82.54,0.003,0.0,ETH-27SEP19-60-P,165.36,70.55,0.001,2026.0,0.005,230.0,90.59,0.03624,-0.01018,-0.01093,0.00039,-0.01334
166.96,ETH-27SEP19,1556881140648,open,1.73,0.0,1.636419,1.65694,1.650203,88.12,None,0.0,ETH-27SEP19-440-P,165.36,0.0,0.0,0.0,0.0,0.0,0.0,0.1468,-0.04404,-1.73151,0.00149,-0.92704
166.49,ETH-28JUN19,1556881140648,open,0.0,1501.0,4e-05,0.006644,0.001966,92.5,0.004,0.0,ETH-28JUN19-80-P,165.36,83.88,0.001,2079.0,0.003,100.0,99.08,0.0228,-0.01887,-0.00399,0.00058,-0.01369
166.49,ETH-28JUN19,1556881140648,open,0.51,0.0,0.519531,0.526135,0.521252,90.96,None,0.0,ETH-28JUN19-80-C,165.36,0.0,0.0,0.0,0.0,0.0,0.0,0.02127,-0.01731,0.1188,0.00055,0.98737
166.96,ETH-27SEP19,1556881140648,open,0.02,2466.0,0.011979,0.049858,0.021484,70.68,0.019,0.0,ETH-27SEP19-100-P,165.36,67.05,0.018,8.0,0.024,230.0,73.16,0.16589,-0.03992,-0.07204,0.00209,-0.08575
166.96,ETH-27SEP19,1556881140648,open,1.98,0.0,1.875467,1.890815,1.89001,94.07,None,0.0,ETH-27SEP19-480-P,165.36,0.0,0.0,0.0,0.0,0.0,0.0,0.14317,-0.04585,-1.8942,0.00136,-0.92938
166.96,ETH-27SEP19,1556881140649,open,0.03,357.0,0.019543,0.08232,0.039885,73.44,0.031,0.0,ETH-27SEP19-280-C,165.36,69.92,0.034,287.0,0.045,147.0,76.34,0.28766,-0.07192,0.10104,0.00349,0.19027
166.96,ETH-27SEP19,1556881140649,open,0.01,543.0,0.000527,0.015875,0.013525,92.22,0.011,0.0,ETH-27SEP19-480-C,165.36,87.45,0.01,140.0,0.015,80.0,93.99,0.13457,-0.04224,0.0347,0.0013,0.06517
166.49,ETH-28JUN19,1556881140648,open,0.0,436.0,4.6e-05,0.011475,0.003848,95.41,0.004,0.0,ETH-28JUN19-360-C,165.36,91.98,0.003,80.0,0.005,100.0,99.37,0.04447,-0.03797,0.0067,0.0011,0.03012
166.49,ETH-28JUN19,1556881140649,open,0.05,6039.0,0.028704,0.096051,0.035161,65.83,0.037,0.0,ETH-28JUN19-140-P,165.36,60.27,0.029,276.0,0.038,216.0,68.31,0.18846,-0.11101,-0.06284,0.00675,-0.21139
166.49,ETH-28JUN19,1556881140649,open,0.04,643.0,0.044764,0.127966,0.052765,65.59,0.04,0.0,ETH-28JUN19-190-C,165.36,62.98,0.049,187.0,0.06,207.0,70.54,0.24118,-0.14155,0.07565,0.00867,0.34959
166.49,ETH-28JUN19,1556881140649,open,0.0,2737.0,0.0,0.001818,0.00123,109.96,0.002,0.0,ETH-28JUN19-500-C,165.36,107.5,0.001,130.0,0.002,50.0,116.32,0.01678,-0.01651,0.00214,0.00036,0.00962
166.49,ETH-28JUN19,1556881140649,open,0.87,0.0,0.802522,0.828435,0.810972,89.85,None,0.0,ETH-28JUN19-300-P,165.36,0.0,0.0,0.0,0.0,0.0,0.0,0.08445,-0.0679,-0.44451,0.00222,-0.9331
166.49,ETH-28JUN19,1556881140649,open,0.33,10.0,0.342254,0.374083,0.346942,73.22,0.265,0.0,ETH-28JUN19-110-C,165.36,0.0,0.0,0.0,0.0,0.0,0.0,0.07343,-0.04811,0.15219,0.00236,0.94407
166.96,ETH-27SEP19,1556881140649,open,0.02,185.0,0.004448,0.041176,0.020363,79.74,0.016,0.0,ETH-27SEP19-360-C,165.36,78.52,0.019,140.0,0.022,3.0,81.15,0.18957,-0.05146,0.05534,0.00212,0.10274
166.49,ETH-28JUN19,1556881140649,open,0.01,1465.0,0.007195,0.062546,0.018471,75.74,0.015,0.0,ETH-28JUN19-240-C,165.36,71.56,0.015,290.0,0.021,150.0,78.59,0.14413,-0.09769,0.03066,0.00448,0.13878
166.49,ETH-28JUN19,1556881140649,open,0.22,2407.0,0.185973,0.269175,0.194556,65.99,0.261,0.0,ETH-28JUN19-190-P,165.36,62.83,0.19,80.0,0.2,80.0,69.72,0.24154,-0.14263,-0.21499,0.00863,-0.64896
165.36,index_price,1556881140647,open,0.0,0.15426,0.178011,0.161807,74.75,None,0,ETH-17MAY19-140-C,165.36,0.0,0.001,18.0,0.226,2.0,190.56,0.06147,-0.16559,0.04564,0.00791,0.88784
166.96,ETH-27SEP19,1556881140650,open,0.05,5391.0,0.033994,0.091493,0.045132,67.41,0.042,0.0,ETH-27SEP19-120-P,165.36,62.73,0.038,140.0,0.049,141.0,69.87,0.25982,-0.05962,-0.13918,0.00344,-0.16202
166.96,ETH-27SEP19,1556881140650,open,1.37,1.0,1.279084,1.31088,1.296586,83.83,1.285,0.0,ETH-27SEP19-380-P,165.36,0.0,0.0,0.0,0.0,0.0,0.0,0.18609,-0.05311,-1.47566,0.00198,-0.89984
166.49,ETH-28JUN19,1556881140650,open,0.13,556.0,0.146909,0.223153,0.152891,64.46,0.15,0.0,ETH-28JUN19-150-C,165.36,46.98,0.13,60.0,0.17,1.0,76.98,0.22466,-0.12958,0.14079,0.00821,0.70528
166.96,ETH-27SEP19,1556881140650,open,0.1,939.0,0.084959,0.172525,0.104293,67.87,0.085,0.0,ETH-27SEP19-200-C,165.36,63.7,0.094,184.0,0.109,204.0,69.77,0.41381,-0.09561,0.21152,0.00544,0.41913
166.49,ETH-28JUN19,1556881140650,open,0.01,2043.0,0.003236,0.046929,0.012759,78.95,0.011,0.0,ETH-28JUN19-260-C,165.36,76.27,0.011,80.0,0.015,10.0,82.12,0.1133,-0.08005,0.02193,0.00338,0.09878
165.36,index_price,1556881140647,open,0.02,545.0,0.013417,0.048007,0.027088,71.25,0.032,0,ETH-10MAY19-170-C,165.36,74.84,0.029,80.0,0.032,300.0,80.43,0.0881,-0.45647,0.01185,0.024,0.40746
166.96,ETH-27SEP19,1556881140650,open,0.88,1.0,0.810308,0.865754,0.830654,75.61,1.018,0.0,ETH-27SEP19-300-P,165.36,0.0,0.0,0.0,0.857,2.0,90.58,0.26087,-0.06715,-1.12038,0.00308,-0.83696
165.36,index_price,1556881140647,open,0.0,3.0,0.0,0.000777,0.000736,109.14,0.001,0,ETH-10MAY19-120-P,165.36,0.0,0.0,0.0,0.002,180.0,128.01,0.00778,-0.06178,-0.00044,0.00138,-0.01337
165.36,index_price,1556881140647,open,2.0,0.053029,0.101208,0.073879,73.5,0.072,0,ETH-17MAY19-160-C,165.36,73.66,0.074,80.0,0.079,80.0,80.37,0.12291,-0.32551,0.03424,0.01609,0.61852
165.36,index_price,1556881140647,open,0.0,0.000898,0.024649,0.008752,75.57,None,0,ETH-17MAY19-140-P,165.36,70.72,0.007,80.0,0.011,150.0,81.27,0.06234,-0.16978,-0.00774,0.00794,-0.11439
166.49,ETH-28JUN19,1556881140651,open,0.1,1368.0,0.112414,0.194692,0.119146,64.49,0.102,0.0,ETH-28JUN19-160-C,165.36,61.06,0.114,80.0,0.124,80.0,67.73,0.24962,-0.14406,0.12554,0.00912,0.6117
5644.38,BTC-28JUN19,1556881140651,open,0.73,33.8,0.73424893,0.73424903,0.73430691,109.29,0.7145,0.0,BTC-28JUN19-1500-C,5671.48,0.0,0.007,0.1,0.0,0.0,0.0,0.03647,-0.03567,2.29177,0.0,0.99954
5632.24,BTC-27SEP19,1556881140651,open,0.07,51.0,0.04678478,0.09653575,0.06235333,62.43,0.061,0.0,BTC-27SEP19-4500-P,5671.48,61.71,0.061,10.0,0.0645,3.0,63.56,10.63971,-2.26116,-6.44951,0.00013,-0.22222
165.36,index_price,1556881140647,open,0.13,183.0,0.153423,0.162826,0.156757,83.27,0.121,0,ETH-10MAY19-140-C,165.36,0.0,0.002,9.0,0.225,1.0,268.47,0.02879,-0.17432,0.02424,0.00671,0.93497
165.36,index_price,1556881140647,open,0.13,0.0,0.091037,0.116745,0.101095,75.49,None,0,ETH-10MAY19-180-P,165.36,0.0,0.002,15.0,0.146,3.0,167.06,0.06747,-0.3704,-0.0274,0.01735,-0.77844
5644.38,BTC-28JUN19,1556881140651,open,0.01,425.8,0.00258703,0.01452346,0.00964864,66.9,0.0085,0.0,BTC-28JUN19-4000-P,5671.48,63.77,0.008,56.0,0.0115,10.0,70.15,3.09526,-1.85311,-0.72305,9e-05,-0.07403
165.36,index_price,1556881140647,open,0.31,0.0,0.334785,0.334915,0.334674,0.0,None,0,ETH-10MAY19-110-C,165.36,0.0,0.001,15.0,0.0,0.0,0.0,0.0,0.0,0.02072,0.0,1.0
165.36,index_price,1556881140647,open,0.0,0.002273,0.035747,0.015613,77.39,None,0,ETH-17MAY19-190-C,165.36,76.25,0.015,80.0,0.02,143.0,85.14,0.09,-0.25096,0.01153,0.01119,0.19902
5632.76,BTC-27SEP19,1556881140653,open,0.64,28.2,0.64500532,0.64717913,0.64823307,85.11,0.608,0.0,BTC-27SEP19-2000-C,5671.48,0.0,0.001,0.3,0.6635,1.0,122.33,1.30165,-0.37711,7.64822,1e-05,0.98566
165.36,index_price,1556881140647,open,0.0,0.0,0.0,0.00013,0.000131,110.09,None,0,ETH-10MAY19-110-P,165.36,0.0,0.0,0.0,0.001,180.0,141.02,0.00193,-0.01549,-9e-05,0.00034,-0.00277
165.36,index_price,1556881140647,open,0.0,0.213908,0.226286,0.217316,79.08,None,0,ETH-17MAY19-130-C,165.36,0.0,0.001,18.0,0.0,0.0,0.0,0.03366,-0.09593,0.04601,0.00409,0.94923
5644.9,BTC-28JUN19,1556881140655,open,0.33,30.0,0.33617315,0.34703825,0.34211584,69.6,0.298,0.0,BTC-28JUN19-3750-C,5671.48,0.0,0.026,0.1,0.0,0.0,0.0,2.30322,-1.43443,5.24696,7e-05,0.9493
165.36,index_price,1556881140647,open,0.0,0.209999,0.233665,0.220771,84.87,None,0,ETH-17MAY19-200-P,165.36,0.0,0.001,18.0,0.288,2.0,190.4,0.07282,-0.22268,-0.06775,0.00825,-0.85695
5632.76,BTC-27SEP19,1556881140652,open,1.21,0.1,1.13725689,1.23551409,1.1682094,72.2,0.001,0.0,BTC-27DEC19-12000-P,5671.48,0.0,0.002,1.0,0.0,0.0,0.0,10.93629,-1.65977,-73.82345,7e-05,-0.84281
165.36,index_price,1556881140647,open,0.0,0.151281,0.184755,0.165038,78.15,None,0,ETH-17MAY19-190-P,165.36,0.0,0.001,18.0,0.223,2.0,163.28,0.09074,-0.25552,-0.06055,0.01117,-0.79825
5632.76,BTC-27SEP19,1556881140653,open,1.56,0.0,1.48806812,1.56378402,1.51317779,75.56,None,0.0,BTC-27DEC19-14000-P,5671.48,0.0,0.0005,0.2,0.0,0.0,0.0,8.96194,-1.42336,-87.94422,6e-05,-0.8825
5671.48,index_price,1556881140653,open,0.24,9.8,0.25143446,0.26367153,0.25642624,72.48,0.212,0,BTC-31MAY19-4250-C,5671.48,0.0,0.01,0.5,0.0,0.0,0.0,1.90813,-2.48052,2.9535,0.00011,0.93831
165.36,index_price,1556881140647,open,0.08,100.0,0.041477,0.076067,0.055521,71.95,0.06,0,ETH-10MAY19-170-P,165.36,57.71,0.048,81.0,0.092,3.0,139.19,0.08816,-0.4613,-0.02015,0.02379,-0.59128
5671.48,index_price,1556881140651,open,0.0,162.3,0.00255221,0.02720892,0.00603628,63.3,0.007,0,BTC-10MAY19-6250-C,5671.48,63.19,0.006,6.9,0.007,10.0,66.35,1.74348,-8.02608,0.14451,0.00045,0.1413
5632.76,BTC-27SEP19,1556881140651,open,1.38,0.0,1.31214249,1.39844662,1.340064,73.94,None,0.0,BTC-27DEC19-13000-P,5671.48,0.0,0.0005,0.2,0.0,0.0,0.0,9.87665,-1.53497,-80.94408,6e-05,-0.86493
5632.76,BTC-27SEP19,1556881140650,open,1.74,0.0,1.66461915,1.73106928,1.68784429,77.52,None,0.0,BTC-27DEC19-15000-P,5671.48,0.0,0.0005,10.0,0.0,0.0,0.0,8.28254,-1.34956,-94.8059,5e-05,-0.89475
165.36,index_price,1556881140648,open,0.19,0.0,0.149289,0.164646,0.155005,80.88,None,0,ETH-10MAY19-190-P,165.36,0.0,0.001,15.0,0.209,1.0,205.09,0.0443,-0.26053,-0.03237,0.01063,-0.88411
165.36,index_price,1556881140660,open,0.04,266.0,0.043812,0.076806,0.056918,71.62,0.063,0,ETH-10MAY19-160-C,165.36,73.75,0.058,80.0,0.062,297.0,81.55,0.0841,-0.43801,0.01846,0.02279,0.64964
166.96,ETH-27SEP19,1556881140665,open,0.77,0.0,0.696592,0.759369,0.717838,73.96,None,0.0,ETH-27SEP19-280-P,165.36,0.0,0.0,0.0,0.749,1.0,90.13,0.29005,-0.07303,-1.02455,0.0035,-0.80713
5671.48,index_price,1556881140678,open,0.2,20.2,0.20894684,0.2274989,0.21609527,69.63,0.217,0,BTC-31MAY19-4500-C,5671.48,0.0,0.2065,1.0,0.0,0.0,0.0,2.69075,-3.36056,2.9751,0.00016,0.90296
5644.9,BTC-28JUN19,1556881140676,open,0.14,35.9,0.11568761,0.15434231,0.13019192,59.44,0.1325,0.0,BTC-28JUN19-6000-P,5671.48,57.37,0.127,9.6,0.133,1.3,61.26,8.71769,-4.63716,-5.94737,0.0003,-0.55805
5644.38,BTC-28JUN19,1556881140680,open,0.09,73.6,0.05720964,0.11040083,0.07910104,59.4,0.077,0.0,BTC-28JUN19-5500-P,5671.48,58.35,0.0775,5.0,0.0825,5.0,61.63,8.58486,-4.56318,-4.22563,0.0003,-0.40994
166.96,ETH-27SEP19,1556881140710,open,0.77,0.0,0.696592,0.759369,0.717838,73.96,None,0.0,ETH-27SEP19-280-P,165.36,0.0,0.0,0.0,0.749,2.0,90.13,0.29005,-0.07303,-1.02455,0.0035,-0.80713
166.96,ETH-27SEP19,1556881140715,open,0.88,1.0,0.810308,0.865754,0.830654,75.61,1.018,0.0,ETH-27SEP19-300-P,165.36,0.0,0.0,0.0,0.856,1.0,90.06,0.26087,-0.06715,-1.12038,0.00308,-0.83696
166.96,ETH-27SEP19,1556881140721,open,0.88,1.0,0.810308,0.865754,0.830654,75.61,1.018,0.0,ETH-27SEP19-300-P,165.36,0.0,0.0,0.0,0.856,2.0,90.06,0.26087,-0.06715,-1.12038,0.00308,-0.83696
166.9,ETH-27SEP19,1556881140722,open,0.65,1.0,0.586116,0.656363,0.607782,72.29,0.573,0.0,ETH-27SEP19-260-P,165.36,0.0,0.361,12.0,0.645,1.0,90.0,0.32183,-0.0792,-0.92502,0.00397,-0.76955
166.96,ETH-27SEP19,1556881140723,open,1.25,0.0,1.160654,1.197381,1.177731,80.75,None,0.0,ETH-27SEP19-360-P,165.36,0.0,0.0,0.0,1.19,1.0,90.12,0.19492,-0.05358,-1.39137,0.00215,-0.89323
166.96,ETH-27SEP19,1556881140831,open,1.0,1.0,0.92592,0.974497,0.947031,78.57,0.93,0.0,ETH-27SEP19-320-P,165.36,0.0,0.0,0.0,0.967,1.0,90.89,0.24192,-0.06471,-1.21037,0.00274,-0.85453
166.96,ETH-27SEP19,1556881140861,open,0.16,4942.0,0.127853,0.211608,0.142658,66.13,0.147,0.0,ETH-27SEP19-160-P,165.36,62.96,0.135,80.0,0.148,80.0,68.35,0.40254,-0.09062,-0.34967,0.00543,-0.3778
166.49,ETH-28JUN19,1556881140863,open,1.24,0.0,1.162338,1.173767,1.16705,98.59,None,0.0,ETH-28JUN19-360-P,165.36,0.0,0.0,0.0,0.0,0.0,0.0,0.05085,-0.04487,-0.54328,0.00122,-0.96456
5671.48,index_price,1556881140866,open,0.0,141.5,0.0002135,0.00755351,0.00364045,76.54,0.004,0,BTC-31MAY19-4000-P,5671.48,71.17,0.0025,11.0,0.0045,10.0,79.96,1.33701,-1.83553,-0.18689,7e-05,-0.0395
5671.48,index_price,1556881140867,open,0.04,427.9,0.03234684,0.07545782,0.04302097,60.08,0.0475,0,BTC-31MAY19-6000-C,5671.48,56.33,0.039,7.0,0.0455,14.0,62.43,6.05106,-6.52133,1.54176,0.00041,0.39894
5671.48,index_price,1556881140869,open,0.04,427.9,0.03234684,0.07545782,0.04302097,60.08,0.0475,0,BTC-31MAY19-6000-C,5671.48,56.33,0.039,7.0,0.0455,0.2,62.43,6.05106,-6.52133,1.54176,0.00041,0.39894
166.96,ETH-27SEP19,1556881140866,open,0.54,132.0,0.478516,0.555983,0.49941,70.36,0.502,0.0,ETH-27SEP19-240-P,165.36,63.35,0.485,29.0,0.51,29.0,75.24,0.35505,-0.08504,-0.82084,0.0045,-0.72236
166.96,ETH-27SEP19,1556881140963,open,1.12,0.0,1.042838,1.085158,1.062543,80.19,None,0.0,ETH-27SEP19-340-P,165.36,0.0,0.0,0.0,1.078,1.0,90.71,0.21968,-0.05997,-1.30081,0.00244,-0.87363
5632.76,BTC-27SEP19,1556881141037,open,0.1,22.0,0.06475506,0.14086456,0.10367158,63.11,0.1085,0.0,BTC-27DEC19-7500-C,5671.48,62.9,0.103,10.0,0.1075,10.0,64.36,17.30458,-2.29542,10.12023,0.00013,0.37933
166.49,ETH-28JUN19,1556881141037,open,2.1,0.0,2.003183,2.005001,2.006038,121.6,None,0.0,ETH-28JUN19-500-P,165.36,0.0,0.0,0.0,0.0,0.0,0.0,0.03029,-0.03296,-0.76129,0.00059,-0.98093
5671.48,index_price,1556881141039,open,0.02,54.1,0.01449298,0.04799979,0.02031641,61.79,0.0205,0,BTC-10MAY19-5500-P,5671.48,61.09,0.02,7.0,0.024,7.0,68.97,2.86152,-12.85697,-0.38813,0.00076,-0.34294
5671.48,index_price,1556881141040,open,0.01,180.4,0.00595648,0.03167928,0.01432219,65.54,0.015,0,BTC-31MAY19-4750-P,5671.48,63.36,0.013,10.0,0.016,10.0,68.17,3.52941,-4.14911,-0.679,0.00022,-0.14243
5632.76,BTC-27SEP19,1556881141042,open,0.15,125.4,0.10122576,0.24279,0.1388551,63.19,0.135,0.0,BTC-27DEC19-5000-P,5671.48,61.65,0.1345,5.0,0.1415,5.0,64.1,16.09935,-2.13845,-16.57227,0.00012,-0.31254
5671.48,index_price,1556881141054,open,0.0,748.1,0.00083882,0.01783319,0.00429806,71.37,0.0055,0,BTC-10MAY19-5000-P,5671.48,69.98,0.004,7.0,0.0055,6.0,76.4,1.27322,-6.60825,-0.10169,0.00029,-0.09088
5644.38,BTC-28JUN19,1556881141056,open,0.02,1577.9,0.01489405,0.04382593,0.02715205,61.57,0.0325,0.0,BTC-28JUN19-7000-C,5671.48,60.14,0.0255,22.8,0.0295,10.0,63.58,6.53489,-3.6007,1.66429,0.00022,0.21976
5632.24,BTC-27SEP19,1556881141057,open,0.2,817.6,0.19207736,0.25025038,0.2083796,61.32,0.1715,0.0,BTC-27SEP19-5000-C,5671.48,59.14,0.2035,8.0,0.2105,3.0,62.28,12.5749,-2.62508,10.95386,0.00016,0.69167
5644.38,BTC-28JUN19,1556881141063,open,0.02,182.7,0.01063562,0.03286478,0.02154423,63.34,0.022,0.0,BTC-28JUN19-4500-P,5671.48,61.62,0.02,10.0,0.024,26.0,65.99,5.13982,-2.91332,-1.47877,0.00017,-0.14959
5671.48,index_price,1556881141067,open,13.9,0.02505276,0.07361684,0.0384928,68.28,0.034,0,BTC-17MAY19-5500-P,5671.48,60.82,0.033,7.0,0.0365,16.0,65.55,4.22094,-10.38509,-0.90919,0.00051,-0.38316
166.49,ETH-28JUN19,1556881141074,open,0.99,0.0,0.922298,0.942043,0.928608,91.5,None,0.0,ETH-28JUN19-320-P,165.36,0.0,0.0,0.0,0.0,0.0,0.0,0.06706,-0.05491,-0.47883,0.00173,-0.95012
5671.48,index_price,1556881141089,open,0.02,54.1,0.01449298,0.04799979,0.02031641,61.79,0.0205,0,BTC-10MAY19-5500-P,5671.48,61.09,0.02,7.0,0.024,13.0,68.97,2.86152,-12.85697,-0.38813,0.00076,-0.34294
166.49,ETH-28JUN19,1556881141090,open,1.49,0.0,1.402555,1.409212,1.406588,106.41,None,0.0,ETH-28JUN19-400-P,165.36,0.0,0.0,0.0,0.0,0.0,0.0,0.04297,-0.04091,-0.606,0.00095,-0.9711
5644.38,BTC-28JUN19,1556881141086,open,0.02,182.7,0.01063562,0.03286478,0.02154423,63.34,0.022,0.0,BTC-28JUN19-4500-P,5671.48,61.62,0.02,10.0,0.0235,16.0,65.46,5.13982,-2.91332,-1.47877,0.00017,-0.14959
5671.48,index_price,1556881141163,open,0.0,0.07545125,0.12368074,0.08670925,66.08,None,0,BTC-17MAY19-6000-P,5671.48,57.31,0.0805,12.0,0.0875,12.0,67.08,4.11567,-9.80051,-1.57834,0.00051,-0.64528
5632.76,BTC-27SEP19,1556881141190,open,0.25,11.2,0.19974639,0.35728193,0.24027594,62.66,0.2565,0.0,BTC-27DEC19-6000-P,5671.48,60.67,0.234,7.2,0.246,5.0,64.43,17.99282,-2.36971,-25.30747,0.00014,-0.44905
5644.9,BTC-28JUN19,1556881141194,open,0.14,35.9,0.11568761,0.15434231,0.13011658,59.44,0.1325,0.0,BTC-28JUN19-6000-P,5671.48,57.05,0.1265,9.6,0.133,1.3,61.26,8.71769,-4.63716,-5.94737,0.0003,-0.55805
5644.9,BTC-28JUN19,1556881141207,open,0.01,563.9,0.00070137,0.00875468,0.00566559,68.72,0.0055,0.0,BTC-28JUN19-9000-C,5671.48,67.14,0.005,43.0,0.0085,17.0,74.53,2.44773,-1.50515,0.42412,7e-05,0.05474
5671.48,index_price,1556881141234,open,0.05,252.8,0.04046184,0.08309321,0.05116683,60.13,0.05,0,BTC-31MAY19-5500-P,5671.48,58.53,0.0495,18.7,0.056,9.6,64.63,6.03246,-6.50647,-1.93015,0.00041,-0.39441
5671.48,index_price,1556881141365,open,0.04,427.9,0.03234684,0.07545782,0.04302097,60.08,0.0475,0,BTC-31MAY19-6000-C,5671.48,56.33,0.039,20.8,0.0455,0.2,62.43,6.05106,-6.52133,1.54176,0.00041,0.39894
166.96,ETH-27SEP19,1556881141621,open,0.16,4942.0,0.127853,0.211608,0.142377,66.13,0.147,0.0,ETH-27SEP19-160-P,165.36,62.96,0.135,80.0,0.147,100.0,67.93,0.40254,-0.09062,-0.34967,0.00543,-0.3778
5632.78,BTC-27SEP19,1556881141647,open,0.03,325.2,0.01685361,0.06048966,0.03607106,66.96,0.032,0.0,BTC-27SEP19-9000-C,5672.71,66.03,0.0345,16.6,0.038,10.0,68.08,9.58579,-2.1851,3.40973,0.00011,0.1865
5632.78,BTC-27SEP19,1556881141647,open,0.02,662.2,0.00454295,0.03032923,0.02019153,72.28,0.0185,0.0,BTC-27SEP19-11000-C,5672.71,71.26,0.019,12.0,0.022,10.0,73.78,6.68707,-1.64549,2.01924,7e-05,0.10928
5632.78,BTC-27SEP19,1556881141647,open,0.22,14.5,0.21870858,0.27303563,0.23463329,61.77,0.243,0.0,BTC-27SEP19-4750-C,5672.71,57.09,0.225,4.0,0.25,3.0,69.12,11.68189,-2.45629,11.36335,0.00015,0.73597
5632.78,BTC-27SEP19,1556881141647,open,0.47,227.1,0.47059915,0.48606366,0.47848703,69.82,0.456,0.0,BTC-27SEP19-3000-C,5672.71,0.0,0.135,0.1,0.519,2.0,112.22,3.69111,-0.87731,10.68515,4e-05,0.9499
5632.78,BTC-27SEP19,1556881141647,open,0.01,18.3,0.0059058,0.02674924,0.01485542,67.24,0.021,0.0,BTC-27SEP19-3250-P,5672.71,66.18,0.014,7.0,0.0165,16.0,69.21,4.61002,-1.05527,-1.84345,5e-05,-0.06647
5632.78,BTC-27SEP19,1556881141648,open,1.19,6.1,1.13274789,1.15206923,1.14670257,75.12,1.9095,0.0,BTC-27SEP19-12000-P,5672.71,0.0,0.012,0.1,0.0,0.0,0.0,5.73904,-1.46758,-46.64767,6e-05,-0.91132
5632.78,BTC-27SEP19,1556881141648,open,0.08,62.5,0.06198667,0.11631373,0.07794596,61.78,0.094,0.0,BTC-27SEP19-4750-P,5672.71,60.6,0.0755,5.0,0.082,3.0,63.73,11.68236,-2.45705,-7.75188,0.00015,-0.26405
5632.78,BTC-27SEP19,1556881141649,open,0.02,328.6,0.0100364,0.0367362,0.02060225,65.85,0.02,0.0,BTC-27SEP19-3500-P,5672.71,64.76,0.0195,7.0,0.022,16.0,67.2,5.74639,-1.28819,-2.48048,7e-05,-0.08883
5645.99,BTC-28JUN19,1556881141649,open,1.71,2.0,1.65675286,1.65680667,1.65774716,97.3,2.658,0.0,BTC-28JUN19-15000-P,5672.71,0.0,0.0005,0.2,0.0,0.0,0.0,0.52346,-0.45576,-22.89564,1e-05,-0.99126
5645.99,BTC-28JUN19,1556881141649,open,0.0,312.5,1.1e-07,0.00012473,0.00072243,88.36,0.001,0.0,BTC-28JUN19-14000-C,5672.71,85.06,0.0005,17.0,0.001,50.7,91.55,0.43403,-0.34317,0.05482,1e-05,0.00707
5645.99,BTC-28JUN19,1556881141648,open,0.63,6.6,0.59475509,0.60281909,0.60016746,69.72,0.704,0.0,BTC-28JUN19-9000-P,5672.71,0.0,0.0005,0.4,0.0,0.0,0.0,2.55826,-1.59615,-13.33016,8e-05,-0.94212
5645.99,BTC-28JUN19,1556881141649,open,0.0,405.2,2e-08,5.383e-05,0.00048092,90.22,0.001,0.0,BTC-28JUN19-15000-C,5672.71,0.0,0.0,0.0,0.001,0.1,97.36,0.30674,-0.24764,0.03714,1e-05,0.00478
5645.99,BTC-28JUN19,1556881141649,open,0.99,5.7,0.94830815,0.94989476,0.95087091,80.07,1.142,0.0,BTC-28JUN19-11000-P,5672.71,0.0,0.0005,0.4,0.0,0.0,0.0,1.26036,-0.90307,-16.65163,3e-05,-0.97571
5645.99,BTC-28JUN19,1556881141650,open,1.17,10.0,1.12540611,1.12608627,1.12711696,83.68,1.243,0.0,BTC-28JUN19-12000-P,5672.71,0.0,0.0005,0.4,0.0,0.0,0.0,0.89437,-0.66972,-18.24477,2e-05,-0.98379
5672.71,index_price,1556881141646,open,0.0,0.23457585,0.25722235,0.23852227,71.85,None,0,BTC-17MAY19-7000-P,5672.71,0.0,0.0,0.0,0.0,0.0,0.0,1.58549,-4.10485,-2.50646,0.00018,-0.92375
5632.78,BTC-27SEP19,1556881141647,open,0.65,0.0,0.64532196,0.66642134,0.65280359,78.64,None,0.0,BTC-27DEC19-2000-C,5672.71,0.0,0.0005,0.2,0.0,0.0,0.0,2.71785,-0.44923,11.80284,2e-05,0.97432
5634.01,BTC-27SEP19,1556881141647,open,0.53,0.0,0.47046734,0.62226617,0.50857272,63.7,None,0.0,BTC-27DEC19-8000-P,5672.71,0.0,0.001,0.5,0.0,0.0,0.0,16.58013,-2.21995,-43.07155,0.00013,-0.66448
5634.01,BTC-27SEP19,1556881141648,open,1.56,0.0,1.48752054,1.56326724,1.51293536,75.74,None,0.0,BTC-27DEC19-14000-P,5672.71,0.0,0.0005,0.2,0.0,0.0,0.0,9.01361,-1.435,-87.921,6e-05,-0.88158
5634.01,BTC-27SEP19,1556881141649,open,0.07,68.4,0.03704155,0.14528573,0.06569368,64.34,0.068,0.0,BTC-27DEC19-4000-P,5672.71,63.53,0.064,10.0,0.0675,5.0,65.19,11.89296,-1.60831,-8.9846,9e-05,-0.179
5634.01,BTC-27SEP19,1556881141647,open,1.74,0.0,1.66403086,1.73050974,1.68758304,77.73,None,0.0,BTC-27DEC19-15000-P,5672.71,0.0,0.0005,10.0,0.0,0.0,0.0,8.34109,-1.3628,-94.78071,5e-05,-0.89376
5634.01,BTC-27SEP19,1556881141648,open,1.03,0.0,0.9636856,1.07518665,0.9980827,70.51,None,0.0,BTC-27DEC19-11000-P,5672.71,0.0,0.0005,0.2,0.0,0.0,0.0,12.2011,-1.80817,-66.51755,8e-05,-0.81351
5672.71,index_price,1556881141646,open,0.31,0.0,0.28041569,0.30197154,0.28664533,66.19,None,0,BTC-31MAY19-7250-P,5672.71,0.0,0.0005,0.3,0.0,0.0,0.0,2.86458,-3.40118,-5.11621,0.00018,-0.89429
5634.01,BTC-27SEP19,1556881141647,open,1.38,0.0,1.31163633,1.39797297,1.33984089,74.09,None,0.0,BTC-27DEC19-13000-P,5672.71,0.0,0.0005,0.2,0.0,0.0,0.0,9.92075,-1.54498,-80.92312,6e-05,-0.86409
5672.71,index_price,1556881141649,open,0.02,202.8,0.01268991,0.04546718,0.02273562,63.51,0.0205,0,BTC-31MAY19-5000-P,5672.71,61.95,0.0215,10.0,0.0245,12.8,65.71,4.51604,-5.14435,-1.0076,0.00029,-0.20984
5634.01,BTC-27SEP19,1556881141647,open,0.24,52.1,0.21366727,0.35520428,0.25119079,63.14,0.2115,0.0,BTC-27DEC19-5000-C,5672.71,57.13,0.234,5.0,0.2655,5.0,68.15,16.09963,-2.13679,16.02413,0.00012,0.68761
5645.99,BTC-28JUN19,1556881141666,open,0.14,35.9,0.11555242,0.15421131,0.13011658,59.48,0.1325,0.0,BTC-28JUN19-6000-P,5672.71,57.14,0.1265,9.6,0.1325,1.3,61.02,8.72073,-4.64168,-5.94423,0.0003,-0.55763
5644.76,BTC-28JUN19,1556881141672,open,0.21,6.0,0.17411976,0.22276733,0.19422882,60.32,0.285,0.0,BTC-28JUN19-6500-P,5672.71,56.89,0.1895,1.5,0.198,1.5,63.01,7.85327,-4.23921,-7.59142,0.00027,-0.68428
5634.01,BTC-27SEP19,1556881141714,open,0.1,22.0,0.06480858,0.14092927,0.10367158,63.1,0.1085,0.0,BTC-27DEC19-7500-C,5672.71,62.88,0.103,10.0,0.107,10.0,64.18,17.30999,-2.29574,10.12558,0.00013,0.37944
5672.71,index_price,1556881141715,open,0.02,54.1,0.01442165,0.04790439,0.02031641,61.88,0.0205,0,BTC-10MAY19-5500-P,5672.71,61.25,0.02,13.0,0.024,13.0,69.13,2.85973,-12.86771,-0.38736,0.00076,-0.34217
5672.71,index_price,1556881141718,open,0.01,180.4,0.0059361,0.03162881,0.01432219,65.57,0.015,0,BTC-31MAY19-4750-P,5672.71,63.41,0.013,10.0,0.0165,10.0,68.99,3.52728,-4.14861,-0.67834,0.00022,-0.14225
5634.01,BTC-27SEP19,1556881141720,open,0.15,125.4,0.10113463,0.24267164,0.1388551,63.21,0.135,0.0,BTC-27DEC19-5000-P,5672.71,61.86,0.135,5.0,0.1415,5.0,64.14,16.09945,-2.1391,-16.56852,0.00012,-0.31239
5634.01,BTC-27SEP19,1556881141721,open,0.17,92.0,0.13463434,0.29215921,0.17507878,62.61,0.171,0.0,BTC-27DEC19-6000-C,5672.71,60.71,0.169,5.0,0.1755,5.0,62.74,17.99646,-2.3684,13.80317,0.00014,0.55101
5632.78,BTC-27SEP19,1556881141723,open,0.03,705.5,0.00875908,0.04270368,0.02645257,69.68,0.024,0.0,BTC-27SEP19-10000-C,5672.71,68.65,0.025,22.0,0.028,10.0,70.76,7.97767,-1.89249,2.5882,9e-05,0.14064
5632.78,BTC-27SEP19,1556881141731,open,0.12,41.5,0.08290932,0.24214265,0.12299744,62.86,0.128,0.0,BTC-27DEC19-7000-C,5672.71,62.86,0.123,1.0,0.1255,5.0,63.65,17.86692,-2.36071,11.29705,0.00014,0.43074
5644.76,BTC-28JUN19,1556881141743,open,0.02,1577.9,0.01490369,0.04384174,0.02715205,61.57,0.0325,0.0,BTC-28JUN19-7000-C,5672.71,60.13,0.0255,22.8,0.0295,20.0,63.57,6.53606,-3.60087,1.66474,0.00022,0.2198
5644.76,BTC-28JUN19,1556881141745,open,0.01,167.9,0.00344216,0.02674092,0.01419749,64.45,0.0135,0.0,BTC-28JUN19-4250-P,5672.71,62.74,0.013,10.0,0.0155,10.0,66.24,4.02591,-2.32179,-1.03312,0.00013,-0.10536
166.96,ETH-27SEP19,1556881141776,open,1.0,1.0,0.92592,0.974497,0.946058,78.57,0.93,0.0,ETH-27SEP19-320-P,165.36,0.0,0.0,0.0,0.966,1.0,90.33,0.24192,-0.06471,-1.21037,0.00274,-0.85453
166.96,ETH-27SEP19,1556881141778,open,1.12,0.0,1.042838,1.085158,1.061497,80.19,None,0.0,ETH-27SEP19-340-P,165.36,0.0,0.0,0.0,1.077,1.0,90.09,0.21968,-0.05997,-1.30081,0.00244,-0.87363
5672.71,index_price,1556881141786,open,0.11,8.9,0.0901151,0.13323662,0.10079404,60.26,0.099,0,BTC-31MAY19-6000-P,5672.71,58.9,0.0995,9.6,0.1075,9.6,66.37,6.05625,-6.54577,-3.03713,0.00041,-0.60009
166.49,ETH-28JUN19,1556881142647,open,0.01,4522.0,0.007356,0.051314,0.013044,69.94,0.014,0.0,ETH-28JUN19-120-P,165.4,66.64,0.011,200.0,0.015,150.0,72.9,0.10683,-0.06686,-0.02657,0.0036,-0.0912
166.97,ETH-27SEP19,1556881142647,open,1.98,0.0,1.875295,1.890646,1.888486,92.45,None,0.0,ETH-27SEP19-480-P,165.4,0.0,0.0,0.0,0.0,0.0,0.0,0.13568,-0.0427,-1.89648,0.00131,-0.93413
166.97,ETH-27SEP19,1556881142647,open,0.05,392.0,0.041057,0.118529,0.06128,70.04,0.045,0.0,ETH-27SEP19-240-C,165.4,66.55,0.054,278.0,0.067,138.0,72.71,0.35412,-0.08444,0.14434,0.00451,0.27611
166.49,ETH-28JUN19,1556881142647,open,2.1,0.0,2.003183,2.005001,2.004418,110.0,None,0.0,ETH-28JUN19-500-P,165.4,0.0,0.0,0.0,0.0,0.0,0.0,0.01682,-0.01656,-0.76328,0.00036,-0.99036
166.49,ETH-28JUN19,1556881142647,open,0.75,0.0,0.683203,0.717033,0.692109,84.15,None,0.0,ETH-28JUN19-280-P,165.4,0.0,0.0,0.0,0.0,0.0,0.0,0.0956,-0.07199,-0.41122,0.00268,-0.92135
166.49,ETH-28JUN19,1556881142647,open,1.49,0.0,1.402555,1.409212,1.405586,102.16,None,0.0,ETH-28JUN19-400-P,165.4,0.0,0.0,0.0,0.0,0.0,0.0,0.03566,-0.0326,-0.60722,0.00082,-0.97688
166.97,ETH-27SEP19,1556881142647,open,0.09,5079.0,0.072358,0.145868,0.087223,67.2,0.081,0.0,ETH-27SEP19-140-P,165.4,62.26,0.077,80.0,0.09,203.0,68.54,0.34727,-0.07945,-0.23701,0.00461,-0.26552
166.53,ETH-28JUN19,1556881142647,open,0.99,0.0,0.921837,0.941603,0.927589,90.06,None,0.0,ETH-28JUN19-320-P,165.4,0.0,0.0,0.0,0.0,0.0,0.0,0.06366,-0.0513,-0.47949,0.00167,-0.95327
166.97,ETH-27SEP19,1556881142647,open,0.4,0.0,0.413065,0.450938,0.422493,70.6,None,0.0,ETH-27SEP19-100-C,165.4,0.0,0.0,0.0,0.0,0.0,0.0,0.16565,-0.03981,0.33052,0.00209,0.91443
166.53,ETH-28JUN19,1556881142648,open,0.18,534.0,0.18796,0.255274,0.194165,65.61,0.152,0.0,ETH-28JUN19-140-C,165.4,0.0,0.004,5.0,1.0,100.0,500.0,0.18809,-0.11043,0.15175,0.00675,0.78941
166.53,ETH-28JUN19,1556881142648,open,0.03,773.0,0.022374,0.096292,0.032648,69.03,0.029,0.0,ETH-28JUN19-210-C,165.4,65.94,0.029,200.0,0.038,220.0,73.39,0.20004,-0.12356,0.05149,0.00683,0.23461
166.53,ETH-28JUN19,1556881142648,open,0.22,401.0,0.23484,0.291034,0.240219,66.49,0.197,0.0,ETH-28JUN19-130-C,165.4,0.0,0.14,50.0,0.441,100.0,239.49,0.14476,-0.08613,0.1581,0.00513,0.86037
166.53,ETH-28JUN19,1556881142648,open,0.5,1724.0,0.448393,0.503779,0.460049,76.17,0.538,0.0,ETH-28JUN19-240-P,165.4,62.75,0.45,32.0,0.471,32.0,87.54,0.14549,-0.09916,-0.33635,0.0045,-0.85934
165.4,index_price,1556881142647,open,0.19,100.0,0.214027,0.217166,0.215198,91.47,0.188,0,ETH-10MAY19-130-C,165.4,0.0,0.001,25.0,0.295,1.0,345.52,0.01273,-0.08465,0.02371,0.0027,0.97621
166.97,ETH-27SEP19,1556881142648,open,0.51,0.0,0.523505,0.542608,0.528432,73.13,None,0.0,ETH-27SEP19-80-C,165.4,0.0,0.0,0.0,0.0,0.0,0.0,0.08093,-0.02015,0.29364,0.00099,0.96547
166.97,ETH-27SEP19,1556881142648,open,0.31,147.0,0.315291,0.372784,0.326309,67.33,0.283,0.0,ETH-27SEP19-120-C,165.4,0.0,0.0,0.0,0.0,0.0,0.0,0.25963,-0.05951,0.34391,0.00344,0.83817
166.97,ETH-27SEP19,1556881142648,open,0.17,263.0,0.169567,0.253318,0.184063,66.0,0.146,0.0,ETH-27SEP19-160-C,165.4,63.08,0.177,80.0,0.191,80.0,68.88,0.40258,-0.09046,0.29436,0.00544,0.62217
166.97,ETH-27SEP19,1556881142648,open,0.04,655.0,0.028354,0.098641,0.04978,72.16,0.042,0.0,ETH-27SEP19-260-C,165.4,68.56,0.043,203.0,0.055,143.0,74.82,0.32166,-0.07901,0.12112,0.00397,0.23005
166.97,ETH-27SEP19,1556881142648,open,0.03,257.0,0.009297,0.05788,0.029431,77.89,0.023,0.0,ETH-27SEP19-320-C,165.4,73.91,0.024,140.0,0.033,150.0,80.33,0.2385,-0.06324,0.07591,0.00273,0.14242
166.97,ETH-27SEP19,1556881142648,open,1.73,0.0,1.636261,1.656787,1.649121,87.04,None,0.0,ETH-27SEP19-440-P,165.4,0.0,0.0,0.0,0.0,0.0,0.0,0.14159,-0.04196,-1.73314,0.00145,-0.9304
166.97,ETH-27SEP19,1556881142649,open,0.63,0.0,0.640901,0.647065,0.643555,82.42,0.01,0.0,ETH-27SEP19-60-C,165.4,0.0,0.0,0.0,0.0,0.0,0.0,0.03603,-0.01011,0.23059,0.00039,0.98676
166.97,ETH-27SEP19,1556881142649,open,0.02,1012.0,0.003091,0.034892,0.019669,82.99,0.018,0.0,ETH-27SEP19-380-C,165.4,80.45,0.017,140.0,0.023,150.0,85.93,0.18178,-0.05136,0.05196,0.00195,0.097
166.53,ETH-28JUN19,1556881142649,open,0.17,4551.0,0.142922,0.228355,0.150979,65.26,0.187,0.0,ETH-28JUN19-180-P,165.4,62.01,0.146,80.0,0.157,80.0,69.17,0.2559,-0.14944,-0.18386,0.00924,-0.57023
166.53,ETH-28JUN19,1556881142649,open,0.01,380.0,0.000261,0.020027,0.005552,88.82,0.006,0.0,ETH-28JUN19-320-C,165.4,87.26,0.005,140.0,0.006,50.0,90.02,0.06069,-0.04824,0.00981,0.00161,0.04404
167.01,ETH-27SEP19,1556881142649,open,0.01,312.0,0.001059,0.0216,0.013759,86.84,0.013,0.0,ETH-27SEP19-440-C,165.4,85.93,0.013,60.0,0.015,2.0,88.28,0.14072,-0.0416,0.03714,0.00144,0.06903
5645.78,BTC-28JUN19,1556881142649,open,1.35,0.8,1.30260541,1.30289594,1.30399816,88.64,2.171,0.0,BTC-28JUN19-13000-P,5672.05,0.0,0.07,1.0,0.0,0.0,0.0,0.73083,-0.57969,-19.80213,2e-05,-0.98718
5633.94,BTC-27SEP19,1556881142649,open,0.39,261.1,0.38878725,0.41546974,0.39923909,65.75,0.38,0.0,BTC-27SEP19-3500-C,5672.05,0.0,0.161,1.0,0.463,1.5,113.99,5.73237,-1.28302,11.61304,7e-05,0.91148
5633.94,BTC-27SEP19,1556881142650,open,0.66,0.0,0.61433507,0.65799011,0.63387561,67.14,None,0.0,BTC-27SEP19-9000-P,5672.05,0.0,0.002,0.3,0.0,0.0,0.0,9.62255,-2.19948,-32.78845,0.00011,-0.8124
167.01,ETH-27SEP19,1556881142650,open,1.25,0.0,1.160017,1.196772,1.176613,80.32,None,0.0,ETH-27SEP19-360-P,165.4,0.0,0.0,0.0,1.19,1.0,90.54,0.19285,-0.05273,-1.39211,0.00214,-0.89484
5645.78,BTC-28JUN19,1556881142650,open,1.17,10.0,1.12548517,1.12616507,1.12651369,78.6,1.243,0.0,BTC-28JUN19-12000-P,5672.05,0.0,0.0005,0.4,0.0,0.0,0.0,0.62868,-0.44219,-18.28583,2e-05,-0.98922
5645.78,BTC-28JUN19,1556881142650,open,2.61,0.4,2.54246889,2.54246983,2.54335014,119.3,5.076,0.0,BTC-28JUN19-20000-P,5672.05,0.0,0.0005,0.2,0.0,0.0,0.0,0.41056,-0.43828,-30.56709,1e-05,-0.99337
5645.78,BTC-28JUN19,1556881142650,open,1.53,1.3,1.47972833,1.47985289,1.48089859,93.21,2.415,0.0,BTC-28JUN19-14000-P,5672.05,0.0,0.0005,0.2,0.0,0.0,0.0,0.61461,-0.51265,-21.35109,1e-05,-0.98949
5645.78,BTC-28JUN19,1556881142650,open,0.04,490.2,0.02264825,0.07131347,0.04265919,60.25,0.0365,0.0,BTC-28JUN19-6500-C,5672.05,58.69,0.0405,20.0,0.045,20.0,61.92,7.85409,-4.23416,2.35949,0.00027,0.31566
5645.78,BTC-28JUN19,1556881142650,open,1.71,2.0,1.65685168,1.65690547,1.65723499,88.27,2.658,0.0,BTC-28JUN19-15000-P,5672.05,0.0,0.0005,0.2,0.0,0.0,0.0,0.2586,-0.20427,-22.93181,1e-05,-0.99605
5633.94,BTC-27SEP19,1556881142651,open,0.84,2.0,0.7837277,0.81769083,0.8017753,69.93,1.8325,0.0,BTC-27SEP19-10000-P,5672.05,0.0,0.008,0.2,0.0,0.0,0.0,8.02836,-1.9111,-37.63053,9e-05,-0.85808
5633.94,BTC-27SEP19,1556881142651,open,0.32,240.2,0.31384669,0.35261508,0.32788138,64.19,0.281,0.0,BTC-27SEP19-4000-C,5672.05,0.0,0.2895,1.0,0.4115,2.0,113.98,8.2611,-1.80526,11.88064,0.0001,0.85193
5633.28,BTC-27SEP19,1556881142652,open,1.01,3.1,0.95722707,0.98302048,0.9730547,72.43,1.9215,0.0,BTC-27SEP19-11000-P,5672.05,0.0,0.002,0.3,0.0,0.0,0.0,6.71734,-1.65629,-42.23329,7e-05,-0.89005
5633.28,BTC-27SEP19,1556881142650,open,0.86,0.3,0.79368761,0.91923902,0.83004891,68.16,1.4475,0.0,BTC-27DEC19-10000-P,5672.05,0.0,0.1,0.3,0.0,0.0,0.0,13.50984,-1.93543,-59.06295,0.0001,-0.77873
5633.28,BTC-27SEP19,1556881142652,open,0.04,150.9,0.02384634,0.06262581,0.0380103,64.28,0.038,0.0,BTC-27SEP19-4000-P,5672.05,63.24,0.0365,7.0,0.0395,6.5,65.29,8.26987,-1.80957,-4.22406,0.0001,-0.14833
5645.78,BTC-28JUN19,1556881142652,open,0.0,430.2,0.0003651,0.00496855,0.00456673,73.72,0.005,0.0,BTC-28JUN19-3500-P,5672.05,70.0,0.0035,20.0,0.0055,22.3,76.6,1.73824,-1.14676,-0.34876,5e-05,-0.03579
165.4,index_price,1556881142647,open,0.0,0.005574,0.04314,0.020287,73.87,None,0,ETH-17MAY19-150-P,165.4,66.37,0.016,80.0,0.022,137.0,76.76,0.09707,-0.25837,-0.01551,0.01264,-0.22645
5645.78,BTC-28JUN19,1556881142652,open,0.46,24.6,0.42045643,0.43693826,0.42919925,65.6,0.609,0.0,BTC-28JUN19-8000-P,5672.05,0.0,0.0005,0.4,0.0,0.0,0.0,4.13801,-2.42907,-11.40654,0.00013,-0.89058
5645.78,BTC-28JUN19,1556881142652,open,0.64,20.1,0.64575311,0.64576186,0.64635504,108.77,0.578,0.0,BTC-28JUN19-2000-C,5672.05,0.0,0.006,0.1,0.0,0.0,0.0,0.26227,-0.25528,3.02182,0.0,0.99599
5645.78,BTC-28JUN19,1556881142652,open,0.99,5.7,0.9483806,0.94996666,0.95032061,77.03,1.142,0.0,BTC-28JUN19-11000-P,5672.05,0.0,0.0005,0.4,0.0,0.0,0.0,1.05075,-0.72428,-16.68693,3e-05,-0.98041
5645.78,BTC-28JUN19,1556881142652,open,0.42,0.1,0.42437995,0.42802116,0.42761278,78.29,0.395,0.0,BTC-28JUN19-3250-C,5672.05,0.0,0.0035,0.2,0.0,0.0,0.0,1.30089,-0.91135,4.72898,3e-05,0.97477
5645.78,BTC-28JUN19,1556881142652,open,0.29,19.5,0.2547937,0.28374831,0.26702511,61.54,0.7515,0.0,BTC-28JUN19-7000-P,5672.05,0.0,0.0015,0.2,0.0,0.0,0.0,6.53918,-3.60128,-9.04994,0.00022,-0.78008
5645.78,BTC-28JUN19,1556881142653,open,0.14,836.9,0.14431483,0.17637845,0.15669878,59.96,0.161,0.0,BTC-28JUN19-5000-C,5672.05,53.02,0.148,5.0,0.16,25.0,62.53,7.203,-3.86457,5.01817,0.00025,0.73732
165.4,index_price,1556881142647,open,0.04,422.0,0.011326,0.044289,0.024719,72.23,0.028,0,ETH-10MAY19-160-P,165.4,70.81,0.024,80.0,0.028,1.0,78.65,0.08411,-0.44179,-0.01169,0.0226,-0.35034
5645.12,BTC-28JUN19,1556881142654,open,0.0,137.0,6.3e-07,0.00029079,0.00097918,85.04,0.0015,0.0,BTC-28JUN19-13000-C,5672.05,79.09,0.0005,51.2,0.002,30.0,92.76,0.5695,-0.43339,0.07474,1e-05,0.00963
5672.05,index_price,1556881142651,open,0.14,0.0,0.12251282,0.1627271,0.13228984,60.39,None,0,BTC-31MAY19-6250-P,5672.05,0.0,0.0005,0.3,0.0,0.0,0.0,5.52421,-5.98374,-3.56527,0.00037,-0.69075
165.4,index_price,1556881142647,open,0.01,226.0,0.001424,0.022402,0.008645,73.99,0.008,0,ETH-10MAY19-150-P,165.4,75.07,0.009,160.0,0.013,224.0,86.42,0.05421,-0.29167,-0.00511,0.01422,-0.15549
5633.28,BTC-27SEP19,1556881142649,open,1.74,0.0,1.66437439,1.73083648,1.68701012,77.11,None,0.0,BTC-27DEC19-15000-P,5672.05,0.0,0.0005,10.0,0.0,0.0,0.0,8.1822,-1.3262,-94.84896,5e-05,-0.89652
5672.05,index_price,1556881142652,open,0.22,0.0,0.19751375,0.2286731,0.20488059,61.65,0.204,0,BTC-31MAY19-6750-P,5672.05,0.0,0.0005,0.3,0.0,0.0,0.0,4.03513,-4.46212,-4.4629,0.00027,-0.82537
5672.05,index_price,1556881142650,open,0.0,0.11049032,0.15336455,0.11949714,66.05,None,0,BTC-17MAY19-6250-P,5672.05,0.0,0.0005,5.0,0.164,0.3,129.26,3.47949,-8.28095,-1.88483,0.00043,-0.75462
5633.28,BTC-27SEP19,1556881142652,open,1.21,0.1,1.13706397,1.23533514,1.1675598,71.96,0.001,0.0,BTC-27DEC19-12000-P,5672.05,0.0,0.002,1.0,0.0,0.0,0.0,10.88089,-1.64588,-73.85157,7e-05,-0.84404
5672.05,index_price,1556881142650,open,0.18,2.0,0.15860554,0.1946153,0.16767642,61.44,0.22,0,BTC-31MAY19-6500-P,5672.05,0.0,0.0005,0.3,0.0,0.0,0.0,4.83389,-5.32691,-4.0337,0.00032,-0.7635
5672.05,index_price,1556881142651,open,0.26,0.0,0.23838829,0.26459713,0.24494605,63.31,None,0,BTC-31MAY19-7000-P,5672.05,0.0,0.0005,0.3,0.0,0.0,0.0,3.35912,-3.81453,-4.81913,0.00022,-0.86754
5672.05,index_price,1556881142651,open,0.01,330.2,0.00429433,0.03046413,0.00942137,65.74,0.0105,0,BTC-10MAY19-5250-P,5672.05,64.58,0.009,5.0,0.0115,22.9,71.28,2.06755,-9.88411,-0.20614,0.00052,-0.18351
5633.28,BTC-27SEP19,1556881142651,open,1.56,0.0,1.48784029,1.56356901,1.51240381,75.21,None,0.0,BTC-27DEC19-14000-P,5672.05,0.0,0.0005,0.2,0.0,0.0,0.0,8.87575,-1.40316,-87.98287,6e-05,-0.88411
5672.05,index_price,1556881142652,open,0.0,87.2,6.49e-06,0.00192807,0.00123368,83.93,0.0015,0,BTC-31MAY19-3500-P,5672.05,81.4,0.001,7.0,0.0015,9.2,86.46,0.55921,-0.84187,-0.06597,3e-05,-0.01399
5672.05,index_price,1556881142650,open,0.17,2.0,0.14661834,0.16407927,0.14926708,68.46,0.1465,0,BTC-10MAY19-6500-P,5672.05,0.0,0.0005,20.0,0.2,0.3,191.89,1.16049,-5.77722,-1.14218,0.00028,-0.91971
165.4,index_price,1556881142647,open,20.0,0.020529,0.068681,0.041662,73.9,0.036,0,ETH-17MAY19-160-P,165.4,68.96,0.038,80.0,0.043,115.0,75.7,0.1229,-0.32729,-0.02659,0.01599,-0.38117
5672.05,index_price,1556881142650,open,0.0,0.19162194,0.22060187,0.19651362,68.18,None,0,BTC-17MAY19-6750-P,5672.05,0.0,0.0005,5.0,0.0,0.0,0.0,2.03899,-5.00914,-2.34921,0.00024,-0.89297
5672.05,index_price,1556881142651,open,0.15,6.7,0.1626566,0.17199133,0.16496347,81.13,0.118,0,BTC-10MAY19-4750-C,5672.05,0.0,0.0005,5.2,0.2285,0.2,263.63,0.79748,-4.70475,0.83924,0.00016,0.95042
5633.28,BTC-27SEP19,1556881142651,open,0.69,0.0,0.62823529,0.76780553,0.66329996,64.84,None,0.0,BTC-27DEC19-9000-P,5672.05,0.0,0.001,0.5,0.0,0.0,0.0,14.84487,-2.02312,-51.4006,0.00011,-0.73677
165.4,index_price,1556881142647,open,0.01,233.0,0.002524,0.02828,0.012241,74.58,0.016,0,ETH-10MAY19-180-C,165.4,76.44,0.013,80.0,0.018,138.0,88.06,0.06706,-0.36372,0.00645,0.01745,0.21912
5672.05,index_price,1556881142653,open,0.01,94.4,0.00236209,0.02390295,0.00834023,65.71,0.007,0,BTC-31MAY19-7250-C,5672.05,62.9,0.007,43.0,0.011,43.0,70.71,2.82393,-3.32815,0.41293,0.00017,0.10366
5672.05,index_price,1556881142652,open,0.0,0.12270505,0.15608669,0.13058112,69.58,None,0,BTC-17MAY19-5000-C,5672.05,0.0,0.0005,5.0,0.186,0.3,161.26,2.68292,-6.72692,1.53124,0.00032,0.84072
5633.28,BTC-27SEP19,1556881142652,open,0.03,20.7,0.00260966,0.07833838,0.02749519,75.41,0.022,0.0,BTC-27DEC19-14000-C,5672.05,74.13,0.0255,10.0,0.03,10.0,76.96,8.92753,-1.41517,3.28032,6e-05,0.11685
5633.28,BTC-27SEP19,1556881142653,open,0.38,0.0,0.32554996,0.4847856,0.36552012,62.82,None,0.0,BTC-27DEC19-7000-P,5672.05,0.0,0.001,0.5,0.0,0.0,0.0,17.86777,-2.3594,-34.32194,0.00014,-0.56935
5645.78,BTC-28JUN19,1556881142660,open,0.0,1413.3,0.0,1e-07,6.263e-05,110.01,0.0005,0.0,BTC-28JUN19-1500-P,5672.05,0.0,0.0,0.0,0.0005,61.1,134.55,0.03875,-0.03815,-0.0048,0.0,-0.00049
5645.78,BTC-28JUN19,1556881142661,open,0.0,680.1,4.4e-07,0.00015955,0.00128861,95.72,0.002,0.0,BTC-28JUN19-2500-P,5672.05,92.45,0.001,25.0,0.0015,13.0,97.82,0.54104,-0.46343,-0.0896,1e-05,-0.00908
166.53,ETH-28JUN19,1556881142663,open,0.28,1967.0,0.232879,0.312064,0.241615,66.76,0.269,0.0,ETH-28JUN19-200-P,165.4,60.89,0.234,60.0,0.246,1.0,70.03,0.2209,-0.13197,-0.24408,0.00779,-0.71582
5645.78,BTC-28JUN19,1556881142665,open,0.0,899.3,2.334e-05,0.00117781,0.00234157,83.3,0.0035,0.0,BTC-28JUN19-3000-P,5672.05,77.69,0.0015,37.0,0.0035,14.2,89.27,0.96564,-0.71982,-0.17353,2e-05,-0.01774
166.53,ETH-28JUN19,1556881142666,open,0.27,25.0,0.286748,0.33067,0.29228,69.71,0.315,0.0,ETH-28JUN19-120-C,165.4,0.0,0.279,50.0,0.0,0.0,0.0,0.10623,-0.06627,0.15735,0.00359,0.90952
166.53,ETH-28JUN19,1556881142668,open,0.33,1514.0,0.283408,0.357326,0.293985,69.28,0.37,0.0,ETH-28JUN19-210-P,165.4,60.55,0.284,50.0,0.295,1.0,70.12,0.20057,-0.12434,-0.26978,0.00682,-0.76428
166.97,ETH-27SEP19,1556881142669,open,0.43,745.0,0.376843,0.460428,0.397279,69.02,0.38,0.0,ETH-27SEP19-220-P,165.4,63.22,0.384,60.0,0.408,36.0,73.59,0.38833,-0.09125,-0.71001,0.00501,-0.65946
5633.94,BTC-27SEP19,1556881142690,open,0.32,240.2,0.31384669,0.35261508,0.32788138,64.19,0.281,0.0,BTC-27SEP19-4000-C,5672.05,0.0,0.29,1.0,0.4115,2.0,113.98,8.2611,-1.80526,11.88064,0.0001,0.85193
5645.78,BTC-28JUN19,1556881142696,open,0.21,6.0,0.17395064,0.22261586,0.19416961,60.4,0.285,0.0,BTC-28JUN19-6500-P,5672.05,56.64,0.189,1.5,0.198,1.5,63.13,7.86076,-4.24827,-7.58732,0.00027,-0.68371
5633.94,BTC-27SEP19,1556881142701,open,0.05,937.4,0.03220404,0.08616513,0.05237216,64.54,0.054,0.0,BTC-27SEP19-8000-C,5672.05,63.87,0.051,22.0,0.0545,10.0,65.58,11.52994,-2.53332,4.64588,0.00014,0.2573
5633.94,BTC-27SEP19,1556881142702,open,0.39,261.1,0.38878725,0.41546974,0.39923909,65.75,0.38,0.0,BTC-27SEP19-3500-C,5672.05,0.0,0.161,1.0,0.463,0.5,113.99,5.73237,-1.28302,11.61304,7e-05,0.91148
5633.28,BTC-27SEP19,1556881142704,open,0.34,10.2,0.30303569,0.36564779,0.32305139,62.58,0.8,0.0,BTC-27SEP19-7000-P,5672.05,59.82,0.3165,1.5,0.351,1.5,74.09,13.41545,-2.85819,-21.74733,0.00017,-0.63632
5633.94,BTC-27SEP19,1556881142705,open,0.32,240.2,0.31384669,0.35261508,0.32788138,64.19,0.281,0.0,BTC-27SEP19-4000-C,5672.05,0.0,0.29,1.0,0.412,2.0,114.26,8.2611,-1.80526,11.88064,0.0001,0.85193
5633.28,BTC-27SEP19,1556881142706,open,0.5,2.5,0.45231653,0.50626824,0.47263001,64.62,1.278,0.0,BTC-27SEP19-8000-P,5672.05,59.78,0.463,1.5,0.4975,1.5,76.15,11.53548,-2.53742,-27.54274,0.00014,-0.7424
5633.28,BTC-27SEP19,1556881142707,open,0.21,19.5,0.17531695,0.24093307,0.19383573,61.32,0.182,0.0,BTC-27SEP19-6000-P,5672.05,58.81,0.1875,1.5,0.2015,7.2,64.35,14.24862,-2.97431,-15.43556,0.00018,-0.4871
5645.12,BTC-28JUN19,1556881142848,open,0.0,780.7,0.0,9.4e-07,0.00024149,105.87,0.0005,0.0,BTC-28JUN19-20000-C,5672.05,0.0,0.0,0.0,0.0005,11.4,112.91,0.15322,-0.14515,0.017,0.0,0.00221
5672.05,index_price,1556881142850,open,0.01,180.4,0.00594703,0.03165588,0.0143067,65.49,0.015,0,BTC-31MAY19-4750-P,5672.05,63.38,0.013,10.0,0.016,10.0,68.19,3.52501,-4.14065,-0.67764,0.00022,-0.14214
5633.28,BTC-27SEP19,1556881142852,open,0.17,92.0,0.13458463,0.29211573,0.17511627,62.65,0.171,0.0,BTC-27DEC19-6000-C,5672.05,60.72,0.169,5.0,0.176,10.0,62.91,17.99414,-2.36967,13.7982,0.00014,0.551
5633.94,BTC-27SEP19,1556881142855,open,0.03,705.5,0.00877092,0.04273405,0.02647652,69.67,0.024,0.0,BTC-27SEP19-10000-C,5672.05,68.63,0.025,22.0,0.0285,10.0,71.09,7.98025,-1.89266,2.58928,9e-05,0.14066
5645.78,BTC-28JUN19,1556881142856,open,0.01,167.9,0.00343349,0.02671012,0.0141679,64.47,0.0135,0.0,BTC-28JUN19-4250-P,5672.05,62.04,0.0125,10.0,0.0155,10.0,66.27,4.02452,-2.32167,-1.03257,0.00013,-0.10528
5672.05,index_price,1556881142857,open,0.29,9.0,0.2950006,0.30233399,0.29842364,76.52,0.249,0,BTC-31MAY19-4000-C,5672.05,0.0,0.001,2.0,0.0,0.0,0.0,1.33521,-1.83264,2.8683,7e-05,0.96057
5633.28,BTC-27SEP19,1556881142859,open,0.12,41.5,0.08293465,0.24217028,0.123026,62.86,0.128,0.0,BTC-27DEC19-7000-C,5672.05,62.85,0.123,1.0,0.126,5.0,63.8,17.86906,-2.36101,11.29959,0.00014,0.43081
5645.78,BTC-28JUN19,1556881142860,open,0.01,167.9,0.00343349,0.02671012,0.0141679,64.47,0.0135,0.0,BTC-28JUN19-4250-P,5672.05,62.04,0.0125,30.0,0.0155,10.0,66.27,4.02452,-2.32167,-1.03257,0.00013,-0.10528
5633.28,BTC-27SEP19,1556881142861,open,0.35,0.0,0.35022651,0.38298818,0.36213765,64.58,None,0.0,BTC-27SEP19-3750-C,5672.05,0.0,0.032,0.1,0.0,0.0,0.0,6.95388,-1.52867,11.84303,8e-05,0.88459
5633.28,BTC-27SEP19,1556881142861,open,0.31,0.1,0.25972386,0.4195728,0.30023919,62.64,0.311,0.0,BTC-27DEC19-6500-P,5672.05,0.0,0.006,0.3,0.0,0.0,0.0,18.13436,-2.38757,-29.82108,0.00014,-0.51204
5672.05,index_price,1556881142872,open,1.5,0.00157601,0.03055595,0.00659428,68.53,0.007,0,BTC-17MAY19-6750-C,5672.05,65.38,0.0055,7.0,0.0075,20.0,70.95,2.05685,-5.07899,0.21938,0.00025,0.10834
5633.28,BTC-27SEP19,1556881142883,open,0.02,762.7,0.00236276,0.02169013,0.01612487,74.92,0.0155,0.0,BTC-27SEP19-12000-C,5672.05,73.79,0.015,12.0,0.0175,10.0,76.25,5.70442,-1.45495,1.62821,6e-05,0.08795
5672.05,index_price,1556881142883,open,0.02,222.5,0.01263539,0.04864515,0.02181453,61.56,0.024,0,BTC-31MAY19-6500-C,5672.05,59.41,0.02,10.0,0.0235,10.0,63.52,4.84024,-5.34492,0.93244,0.00032,0.23707
5645.12,BTC-28JUN19,1556881142899,open,0.29,325.8,0.29400594,0.30593271,0.30113274,67.04,0.3165,0.0,BTC-28JUN19-4000-C,5672.05,0.0,0.06,2.0,0.33,2.0,105.27,3.10377,-1.86183,5.3975,9e-05,0.92572
5672.05,index_price,1556881142922,open,0.37,0.0,0.38294564,0.38486722,0.38417461,83.95,None,0,BTC-31MAY19-3500-C,5672.05,0.0,0.001,2.0,0.0,0.0,0.0,0.55973,-0.84283,2.60697,3e-05,0.98599
5633.28,BTC-27SEP19,1556881142994,open,0.43,0.0,0.42897338,0.44981029,0.43797017,67.3,None,0.0,BTC-27SEP19-3250-C,5672.05,0.0,0.003,0.2,0.0,0.0,0.0,4.61583,-1.05757,11.2311,5e-05,0.93342
5645.12,BTC-28JUN19,1556881142994,open,0.01,1305.6,0.0034639,0.01993563,0.01226091,65.68,0.012,0.0,BTC-28JUN19-8000-C,5672.05,63.92,0.011,26.0,0.0145,20.0,68.61,4.14472,-2.43607,0.84195,0.00013,0.10969
5672.05,index_price,1556881142994,open,0.0,85.3,4.366e-05,0.0040151,0.00184369,78.08,0.0025,0,BTC-31MAY19-3750-P,5672.05,70.97,0.001,17.0,0.0025,9.6,82.29,0.80381,-1.12574,-0.1007,4e-05,-0.0214
5672.05,index_price,1556881143022,open,0.0,101.6,5.88e-06,0.00443496,0.0011209,87.78,0.002,0,BTC-10MAY19-4500-P,5672.05,77.61,0.0005,33.2,0.002,17.4,97.29,0.43612,-2.78401,-0.0266,8e-05,-0.02377
5633.28,BTC-27SEP19,1556881143051,open,0.0,121.5,2.828e-05,0.00830677,0.00408917,87.4,0.0045,0.0,BTC-27DEC19-1500-P,5672.05,82.98,0.003,8.5,0.005,10.0,90.59,1.51588,-0.27849,-0.62505,1e-05,-0.01294
5672.05,index_price,1556881143056,open,0.01,285.5,0.00238621,0.02092583,0.00959107,69.76,0.01,0,BTC-31MAY19-4500-P,5672.05,66.29,0.008,9.6,0.011,6.0,72.64,2.69653,-3.37418,-0.46307,0.00016,-0.09731
5633.28,BTC-27SEP19,1556881143059,open,0.55,57.5,0.55687668,0.56386655,0.56214209,75.94,0.389,0.0,BTC-27SEP19-2500-C,5672.05,0.0,0.001,0.4,0.5835,1.0,110.44,2.22499,-0.57516,9.31423,2e-05,0.97303
5672.05,index_price,1556881143068,open,0.1,141.2,0.09831125,0.13703324,0.10768379,60.09,0.1085,0,BTC-31MAY19-5250-C,5672.05,54.03,0.102,3.2,0.11,3.2,62.53,5.37968,-5.79872,2.60208,0.00036,0.70837
5645.12,BTC-28JUN19,1556881143071,open,0.55,24.4,0.55714006,0.55729939,0.55847811,96.22,0.5115,0.0,BTC-28JUN19-2500-C,5672.05,0.0,0.001,0.2,0.0,0.0,0.0,0.55475,-0.47766,3.73479,1e-05,0.99066
5633.28,BTC-27SEP19,1556881143071,open,0.03,41.6,0.00421774,0.0905354,0.03192334,73.81,0.0285,0.0,BTC-27DEC19-13000-C,5672.05,72.69,0.03,10.0,0.0345,10.0,75.26,9.84734,-1.52777,3.76485,6e-05,0.13447
5645.12,BTC-28JUN19,1556881143092,open,0.0,90.2,3.122e-05,0.00367599,0.00324362,78.19,0.0035,0.0,BTC-28JUN19-3250-P,5672.05,74.7,0.0025,20.0,0.004,20.0,81.28,1.29619,-0.90686,-0.24514,3e-05,-0.02512
5633.28,BTC-27SEP19,1556881143094,open,0.02,99.1,0.00739057,0.06988667,0.02253557,66.41,0.025,0.0,BTC-27DEC19-3000-P,5672.05,65.49,0.0215,12.0,0.024,5.0,67.68,6.40206,-0.89362,-3.56097,5e-05,-0.07446
5633.28,BTC-27SEP19,1556881143113,open,0.03,20.8,0.01591328,0.04867496,0.02780765,64.56,0.045,0.0,BTC-27SEP19-3750-P,5672.05,63.9,0.027,7.0,0.029,6.0,65.52,6.9525,-1.52804,-3.24583,8e-05,-0.11538
5672.05,index_price,1556881143113,open,0.16,65.8,0.1685073,0.19421615,0.17686698,65.52,0.1775,0,BTC-31MAY19-4750-C,5672.05,0.0,0.116,0.1,0.305,3.4,214.92,3.52652,-4.14429,2.94955,0.00022,0.85777
5633.28,BTC-27SEP19,1556881143113,open,0.73,0.0,0.73375357,0.74203206,0.73781446,87.4,None,0.0,BTC-27DEC19-1500-C,5672.05,0.0,0.1,0.2,0.0,0.0,0.0,1.51588,-0.27849,9.15066,1e-05,0.98706
5645.12,BTC-28JUN19,1556881143126,open,0.17,100.0,0.17249227,0.21058607,0.18914087,61.58,0.165,0.0,BTC-28JUN19-4750-C,5672.05,50.91,0.178,5.0,0.2015,5.0,72.41,6.20743,-3.42059,5.26778,0.00021,0.79871
5672.05,index_price,1556881143126,open,0.01,241.4,0.0007963,0.01302371,0.00584509,72.66,0.006,0,BTC-31MAY19-4250-P,5672.05,70.06,0.005,30.0,0.006,8.0,73.12,1.91686,-2.49821,-0.2941,0.00011,-0.06205
5633.28,BTC-27SEP19,1556881143130,open,0.56,0.0,0.55838051,0.59824939,0.56959369,71.39,None,0.0,BTC-27DEC19-2500-C,5672.05,0.0,0.001,10.0,0.0,0.0,0.0,4.29347,-0.64429,14.15753,3e-05,0.95522
5633.28,BTC-27SEP19,1556881143132,open,0.01,82.0,0.00038613,0.02147983,0.00786615,78.64,0.0095,0.0,BTC-27DEC19-2000-P,5672.05,76.79,0.007,1.0,0.0085,10.0,79.93,2.71755,-0.44919,-1.23125,2e-05,-0.02567
5645.12,BTC-28JUN19,1556881143148,open,2.61,0.4,2.54288306,2.542884,2.54271038,0.0,5.076,0.0,BTC-28JUN19-20000-P,5672.05,0.0,0.0005,0.2,0.0,0.0,0.0,0.0,0.0,-30.61682,0.0,-1.0
5633.28,BTC-27SEP19,1556881143148,open,0.29,10.2,0.26575413,0.39279168,0.29959639,63.63,0.2335,0.0,BTC-27DEC19-4500-C,5672.05,56.02,0.2805,5.0,0.317,5.0,70.47,14.25883,-1.90713,16.76288,0.00011,0.75619
5633.28,BTC-27SEP19,1556881143163,open,0.25,290.2,0.24791432,0.29764891,0.26352419,62.45,0.2805,0.0,BTC-27SEP19-4500-C,5672.05,53.77,0.2475,3.0,0.272,12.2,66.9,10.63909,-2.26194,11.65952,0.00013,0.77788
5633.28,BTC-27SEP19,1556881143171,open,0.28,0.1,0.2796208,0.32412484,0.29412547,62.97,0.225,0.0,BTC-27SEP19-4250-C,5672.05,52.28,0.277,3.0,0.312,3.0,73.28,9.4646,-2.02889,11.85947,0.00012,0.8173
5633.28,BTC-27SEP19,1556881143173,open,0.01,603.2,0.00319359,0.01865271,0.01111621,69.88,0.013,0.0,BTC-27SEP19-3000-P,5672.05,67.32,0.0095,9.0,0.0125,6.0,71.93,3.69626,-0.87926,-1.38954,4e-05,-0.05018
5633.28,BTC-27SEP19,1556881143178,open,1.19,6.1,1.13256044,1.15188781,1.14608142,74.68,1.9095,0.0,BTC-27SEP19-12000-P,5672.05,0.0,0.012,0.1,0.0,0.0,0.0,5.65932,-1.43884,-46.67531,6e-05,-0.91298
5633.28,BTC-27SEP19,1556881143178,open,0.34,37.5,0.32699947,0.43526509,0.35560524,64.31,0.303,0.0,BTC-27DEC19-4000-C,5672.05,53.43,0.3335,5.0,0.375,5.0,73.3,11.8924,-1.60759,17.08511,9e-05,0.82098
5633.28,BTC-27SEP19,1556881143182,open,0.48,0.0,0.47484114,0.53733725,0.48998615,66.41,None,0.0,BTC-27DEC19-3000-C,5672.05,0.0,0.15,0.2,0.0,0.0,0.0,6.40206,-0.89362,15.99046,5e-05,0.92554
5645.12,BTC-28JUN19,1556881143187,open,0.01,71.7,0.00048929,0.01135147,0.00648999,69.74,0.005,0.0,BTC-28JUN19-3750-P,5672.05,67.23,0.0055,20.0,0.0075,10.0,72.12,2.31361,-1.44393,-0.49668,7e-05,-0.05098
5645.12,BTC-28JUN19,1556881143216,open,0.46,43.8,0.46859094,0.46974674,0.47096765,83.63,0.433,0.0,BTC-28JUN19-3000-C,5672.05,0.0,0.004,0.2,0.0,0.0,0.0,0.98039,-0.73368,4.41574,2e-05,0.98194
5645.12,BTC-28JUN19,1556881143216,open,0.21,249.8,0.21347184,0.23568831,0.22444646,63.42,0.23,0.0,BTC-28JUN19-4500-C,5672.05,46.32,0.211,5.0,0.0,0.0,0.0,5.14282,-2.91858,5.40853,0.00017,0.8503
5645.12,BTC-28JUN19,1556881143216,open,0.0,892.0,0.0001298,0.0037703,0.00343845,73.89,0.0035,0.0,BTC-28JUN19-10000-C,5672.05,72.32,0.003,7.0,0.0045,11.0,77.24,1.6416,-1.08545,0.25878,5e-05,0.03338
5672.05,index_price,1556881143216,open,0.33,0.0,0.33890704,0.34287847,0.34070706,78.08,None,0,BTC-31MAY19-3750-C,5672.05,0.0,0.001,2.0,0.0,0.0,0.0,0.80381,-1.12574,2.76324,4e-05,0.9786
5633.28,BTC-27SEP19,1556881143369,open,0.32,240.2,0.31378045,0.35255992,0.32798924,64.31,0.281,0.0,BTC-27SEP19-4000-C,5672.05,18.96,0.29,1.0,0.4115,2.0,114.0,8.27248,-1.811,11.8693,0.0001,0.8516
5633.28,BTC-27SEP19,1556881143371,open,0.32,240.2,0.31378045,0.35255992,0.32798924,64.31,0.281,0.0,BTC-27SEP19-4000-C,5672.05,0.0,0.2895,1.0,0.4115,2.0,114.0,8.27248,-1.811,11.8693,0.0001,0.8516
5633.28,BTC-27SEP19,1556881143377,open,0.39,261.1,0.38872259,0.41541492,0.39934455,65.91,0.38,0.0,BTC-27SEP19-3500-C,5672.05,0.0,0.161,1.0,0.463,1.5,114.02,5.75165,-1.29052,11.5999,7e-05,0.91107
5672.05,index_price,1556881143394,open,0.0,1.7,0.00064819,0.01810911,0.00342123,69.06,0.0025,0,BTC-10MAY19-6500-C,5672.05,66.97,0.003,27.0,0.005,7.0,75.95,1.18184,-5.93525,0.08423,0.00028,0.08225
5672.05,index_price,1556881143416,open,30.7,0.00422055,0.03760219,0.01201356,69.41,0.011,0,BTC-17MAY19-5000-P,5672.05,63.88,0.0095,17.0,0.012,20.0,69.38,2.67708,-6.69532,-0.36822,0.00032,-0.15875
5645.12,BTC-28JUN19,1556881143545,open,0.21,6.0,0.17406006,0.22271386,0.19401083,60.21,0.285,0.0,BTC-28JUN19-6500-P,5672.05,56.93,0.1895,1.5,0.198,1.5,63.05,7.84958,-4.22903,-7.59344,0.00027,-0.68468
5645.12,BTC-28JUN19,1556881143557,open,0.14,35.9,0.11566031,0.15431586,0.13000988,59.34,0.1325,0.0,BTC-28JUN19-6000-P,5672.05,57.07,0.1265,9.6,0.133,1.3,61.28,8.71743,-4.62918,-5.94765,0.0003,-0.55823
5672.05,index_price,1556881143568,open,0.24,0.0,0.25071199,0.25252155,0.25141439,98.85,None,0,BTC-10MAY19-4250-C,5672.05,0.0,0.0025,2.2,0.3395,0.1,400.63,0.27902,-2.00564,0.78481,5e-05,0.98593
5633.28,BTC-27SEP19,1556881143535,open,0.08,53.1,0.0504934,0.2022814,0.08833273,63.61,0.0945,0.0,BTC-27DEC19-8000-C,5672.05,63.5,0.088,20.0,0.0925,10.0,65.02,16.567,-2.21511,9.0543,0.00013,0.33496
5644.97,BTC-28JUN19,1556881143646,open,0.37,0.0,0.33316878,0.36407028,0.34649153,63.45,None,0.0,BTC-28JUN19-7500-P,5672.21,0.0,0.0005,0.5,0.0,0.0,0.0,5.23512,-2.97236,-10.30703,0.00017,-0.84624
5672.21,index_price,1556881143646,open,0.0,0.14978377,0.18579429,0.1566161,66.92,None,0,BTC-17MAY19-6500-P,5672.21,0.0,0.0005,5.0,0.209,0.3,147.44,2.73274,-6.58964,-2.14076,0.00033,-0.83616
5672.21,index_price,1556881143646,open,0.2,1.1,0.2066643,0.21109154,0.20775694,87.5,0.153,0,BTC-10MAY19-4500-C,5672.21,0.0,0.001,5.0,0.28,0.2,320.25,0.43074,-2.74076,0.82149,8e-05,0.97658
5672.21,index_price,1556881143646,open,50.0,0.00120954,0.02495166,0.00613962,71.49,0.0045,0,BTC-17MAY19-4750-P,5672.21,65.94,0.0045,7.0,0.007,20.0,74.14,1.79147,-4.61507,-0.20666,0.0002,-0.0897
5644.97,BTC-28JUN19,1556881143650,open,0.25,7.5,0.25055772,0.27385192,0.26139326,64.56,0.218,0.0,BTC-28JUN19-4250-C,5672.21,0.0,0.247,1.0,0.0,0.0,0.0,4.03438,-2.33086,5.46964,0.00013,0.89434
5672.21,index_price,1556881143646,open,0.0,0.085832,0.12819936,0.09666114,68.24,None,0,BTC-17MAY19-5250-C,5672.21,55.62,0.089,4.0,0.095,4.0,65.59,3.5768,-8.79525,1.39042,0.00043,0.74147
5672.21,index_price,1556881143646,open,0.12,5.0,0.10442596,0.1291068,0.10795704,63.43,0.093,0,BTC-10MAY19-6250-P,5672.21,0.0,0.0005,10.0,0.151,0.3,158.85,1.75093,-8.07692,-1.03195,0.00046,-0.85783
5672.21,index_price,1556881143646,open,0.08,5.8,0.0659946,0.09766192,0.07126564,62.25,0.0685,0,BTC-10MAY19-6000-P,5672.21,57.16,0.069,4.0,0.075,4.0,70.29,2.57096,-11.63878,-0.85686,0.00068,-0.73066
5672.21,index_price,1556881143646,open,0.04,674.4,0.04481091,0.07830345,0.05061347,61.69,0.0555,0,BTC-10MAY19-5500-C,5672.21,56.47,0.048,12.0,0.054,12.3,68.36,2.85954,-12.8276,0.64879,0.00076,0.6578
5672.21,index_price,1556881143646,open,1.8,0.03266728,0.08318479,0.04197969,62.0,0.0435,0,BTC-17MAY19-5750-C,5672.21,58.17,0.039,7.0,0.0435,12.0,63.96,4.40607,-9.84413,0.94273,0.00058,0.47917
5672.21,index_price,1556881143646,open,1.0,0.00384594,0.03985646,0.01064595,66.85,0.0075,0,BTC-17MAY19-6500-C,5672.21,63.33,0.009,7.0,0.011,16.0,67.58,2.72976,-6.57584,0.32973,0.00033,0.16356
5633.46,BTC-27SEP19,1556881143646,open,0.02,24.4,0.00162765,0.06809388,0.02459785,77.34,0.0205,0.0,BTC-27DEC19-15000-C,5672.21,76.93,0.024,1.0,0.0265,10.0,78.61,8.24046,-1.33959,2.93316,5e-05,0.10449
5672.21,index_price,1556881143656,open,0.0,0.00059624,0.02322826,0.00428358,70.92,None,0,BTC-17MAY19-7000-C,5672.21,67.88,0.0035,7.0,0.0055,27.0,75.13,1.53789,-3.9304,0.14876,0.00018,0.07327
167.01,ETH-27SEP19,1556881143818,open,0.88,1.0,0.809793,0.865271,0.829254,75.03,1.018,0.0,ETH-27SEP19-300-P,165.4,0.0,0.0,0.0,0.856,2.0,90.31,0.25822,-0.06595,-1.12153,0.00307,-0.83957
166.53,ETH-28JUN19,1556881143820,open,0.1,1368.0,0.112534,0.194794,0.119472,64.55,0.102,0.0,ETH-28JUN19-160-C,165.4,60.98,0.114,140.0,0.124,80.0,67.65,0.24962,-0.14419,0.1256,0.00911,0.61205
166.52,ETH-28JUN19,1556881143821,open,0.87,0.0,0.802199,0.828131,0.809818,88.15,None,0.0,ETH-28JUN19-300-P,165.4,0.0,0.0,0.0,0.0,0.0,0.0,0.08009,-0.06317,-0.44543,0.00214,-0.93754
166.52,ETH-28JUN19,1556881143835,open,0.06,3424.0,0.062014,0.147446,0.069919,65.16,0.074,0.0,ETH-28JUN19-180-C,165.4,61.95,0.065,178.0,0.075,197.0,68.46,0.25584,-0.14918,0.09164,0.00925,0.42942
167.01,ETH-27SEP19,1556881143842,open,1.49,0.0,1.397224,1.424737,1.413599,85.51,None,0.0,ETH-27SEP19-400-P,165.4,0.0,0.0,0.0,0.0,0.0,0.0,0.17243,-0.05019,-1.56138,0.0018,-0.90973
167.01,ETH-27SEP19,1556881143855,open,1.37,1.0,1.278409,1.310231,1.295532,83.48,1.285,0.0,ETH-27SEP19-380-P,165.4,0.0,0.0,0.0,0.0,0.0,0.0,0.18444,-0.05241,-1.47623,0.00197,-0.90109
166.52,ETH-28JUN19,1556881143863,open,1.24,0.0,1.161949,1.173388,1.165638,94.97,None,0.0,ETH-28JUN19-360-P,165.4,0.0,0.0,0.0,0.0,0.0,0.0,0.04365,-0.03709,-0.54455,0.00108,-0.97056
166.52,ETH-28JUN19,1556881143934,open,0.03,5823.0,0.015488,0.071692,0.021008,66.65,0.021,0.0,ETH-28JUN19-130-P,165.4,61.89,0.017,226.0,0.024,146.0,70.01,0.1451,-0.08654,-0.04107,0.00513,-0.14012
167.01,ETH-27SEP19,1556881143942,open,0.01,1700.0,0.002629,0.021716,0.007586,73.2,0.008,0.0,ETH-27SEP19-80-P,165.4,67.28,0.005,230.0,0.011,230.0,79.57,0.08108,-0.02021,-0.02835,0.00099,-0.03459
166.52,ETH-28JUN19,1556881143966,open,0.13,5322.0,0.105229,0.190497,0.11256,64.7,0.146,0.0,ETH-28JUN19-170-P,165.4,61.78,0.108,80.0,0.119,167.0,68.83,0.25966,-0.15033,-0.15159,0.00945,-0.48211
5672.21,index_price,1556881143996,open,0.0,184.0,1.7e-07,0.00180888,0.00070222,98.85,0.001,0,BTC-10MAY19-4250-P,5672.21,94.27,0.0005,23.3,0.0015,17.0,111.32,0.27892,-2.00493,-0.01578,5e-05,-0.01406
165.4,index_price,1556881144026,open,0.0,107.0,1e-06,0.00314,0.001355,93.83,0.003,0,ETH-10MAY19-130-P,165.4,89.14,0.001,80.0,0.003,279.0,108.96,0.01394,-0.09513,-0.00087,0.00288,-0.02653
165.4,index_price,1556881144028,open,0.0,387.0,0.000284,0.015682,0.005645,79.35,0.008,0,ETH-10MAY19-190-C,165.4,80.79,0.006,80.0,0.009,152.0,91.03,0.0431,-0.24868,0.0033,0.01054,0.11148
167.01,ETH-27SEP19,1556881144033,open,0.12,328.0,0.120898,0.208987,0.138847,67.09,0.115,0.0,ETH-27SEP19-180-C,165.4,63.2,0.129,195.0,0.143,115.0,68.74,0.42236,-0.09647,0.25258,0.00561,0.51468
5672.21,index_price,1556881144062,open,0.0,143.3,9.62e-05,0.00942756,0.00230988,80.47,0.0025,0,BTC-10MAY19-4750-P,5672.21,73.88,0.0015,17.0,0.002,2.0,78.13,0.78068,-4.56815,-0.05405,0.00016,-0.04827
166.52,ETH-28JUN19,1556881144070,open,0.62,0.0,0.564616,0.608335,0.574096,78.88,None,0.0,ETH-28JUN19-260-P,165.4,0.0,0.0,0.0,0.0,0.0,0.0,0.11318,-0.07989,-0.37612,0.00338,-0.90139
5672.21,index_price,1556881144205,open,1.1,0.01139717,0.05376453,0.02224367,68.27,0.0185,0,BTC-17MAY19-5250-P,5672.21,60.59,0.0175,7.0,0.0215,16.0,67.08,3.57728,-8.79999,-0.60558,0.00043,-0.2586
5672.21,index_price,1556881144580,open,0.11,87.6,0.11934413,0.13631579,0.12279558,71.34,0.1075,0,BTC-10MAY19-5000-C,5672.21,0.0,0.1185,10.0,0.1775,0.2,210.8,1.27007,-6.58851,0.84053,0.00029,0.90944
167.01,ETH-27SEP19,1556881144646,open,0.65,1.0,0.58518,0.65549,0.606626,72.16,0.573,0.0,ETH-27SEP19-260-P,165.42,0.0,0.361,12.0,0.645,1.0,90.39,0.32188,-0.07907,-0.925,0.00397,-0.76976
167.03,ETH-27SEP19,1556881144646,open,0.54,132.0,0.47799,0.555491,0.498383,70.12,0.502,0.0,ETH-27SEP19-240-P,165.42,63.61,0.485,29.0,0.51,29.0,75.47,0.35465,-0.08465,-0.82109,0.00451,-0.72325
167.03,ETH-27SEP19,1556881144647,open,0.77,0.0,0.695931,0.758752,0.716557,73.59,None,0.0,ETH-27SEP19-280-P,165.42,0.0,0.0,0.0,0.749,2.0,90.43,0.28871,-0.07233,-1.02518,0.00349,-0.80872
166.52,ETH-28JUN19,1556881144655,open,0.28,1967.0,0.232938,0.312117,0.241443,66.59,0.269,0.0,ETH-28JUN19-200-P,165.42,60.84,0.234,60.0,0.247,1.0,70.73,0.22058,-0.13144,-0.24423,0.0078,-0.71664
167.01,ETH-27SEP19,1556881144657,open,1.0,1.0,0.925363,0.973971,0.945517,77.89,0.93,0.0,ETH-27SEP19-320-P,165.42,0.0,0.0,0.0,0.965,1.0,90.06,0.2387,-0.0633,-1.21168,0.00273,-0.85745
166.52,ETH-28JUN19,1556881144657,open,0.39,1139.0,0.336657,0.404581,0.347238,70.78,0.4,0.0,ETH-28JUN19-220-P,165.42,61.5,0.338,42.0,0.352,1.0,75.1,0.17846,-0.11303,-0.29426,0.00594,-0.80709
5672.21,index_price,1556881144984,open,0.0,0.16379343,0.18753556,0.1687206,71.48,None,0,BTC-17MAY19-4750-C,5672.21,0.0,0.0005,5.0,0.0,0.0,0.0,1.79109,-4.61351,1.59915,0.0002,0.91033
5633.46,BTC-27SEP19,1556881145067,open,0.1,22.0,0.06478503,0.1409008,0.10370612,63.11,0.1085,0.0,BTC-27DEC19-7500-C,5672.21,62.89,0.103,10.0,0.1075,10.0,64.35,17.30846,-2.29616,10.12407,0.00013,0.37945
5672.21,index_price,1556881145068,open,0.02,54.1,0.01445061,0.04794315,0.02027087,61.72,0.0205,0,BTC-10MAY19-5500-P,5672.21,61.18,0.02,7.0,0.024,13.0,69.07,2.85975,-12.83572,-0.38737,0.00076,-0.34226
5633.46,BTC-27SEP19,1556881145080,open,0.15,125.4,0.10117472,0.24272371,0.13879788,63.18,0.135,0.0,BTC-27DEC19-5000-P,5672.21,61.67,0.1345,5.0,0.1415,5.0,64.12,16.09946,-2.13808,-16.56797,0.00012,-0.31246
5644.97,BTC-28JUN19,1556881145091,open,0.02,1577.9,0.01490902,0.04385048,0.02717254,61.6,0.0325,0.0,BTC-28JUN19-7000-C,5672.21,60.12,0.0255,22.8,0.0295,10.0,63.56,6.54001,-3.6051,1.66627,0.00022,0.22002
5644.97,BTC-28JUN19,1556881145095,open,0.04,490.2,0.02261734,0.07126854,0.04266918,60.29,0.0365,0.0,BTC-28JUN19-6500-C,5672.21,59.08,0.041,10.0,0.045,20.0,61.95,7.85249,-4.23615,2.35862,0.00027,0.31562
5633.3,BTC-27SEP19,1556881145505,open,0.1,75.8,0.0797518,0.13791186,0.09604962,61.31,0.09,0.0,BTC-27SEP19-5000-P,5672.21,60.41,0.094,7.0,0.1005,3.0,63.32,12.57409,-2.62446,-9.16155,0.00016,-0.30815
5633.46,BTC-27SEP19,1556881145555,open,0.46,0.0,0.39611604,0.47223181,0.43503713,63.12,None,0.0,BTC-27DEC19-7500-P,5672.21,0.0,0.0005,0.5,0.0,0.0,0.0,17.30866,-2.29629,-38.7543,0.00013,-0.62053
165.42,index_price,1556881145668,open,0.01,12.0,6e-05,0.009417,0.00365,84.85,0.003,0,ETH-10MAY19-140-P,165.42,74.3,0.002,80.0,0.006,230.0,96.37,0.02981,-0.18395,-0.00223,0.00682,-0.068
165.42,index_price,1556881145843,open,2.0,0.023336,0.073436,0.041182,68.4,0.048,0,ETH-17MAY19-170-C,165.42,70.76,0.043,80.0,0.05,80.0,79.82,0.12745,-0.31413,0.0254,0.01791,0.44508
5672.21,index_price,1556881145857,open,0.13,125.8,0.13121476,0.1640038,0.14121546,63.45,0.1455,0,BTC-31MAY19-5000-C,5672.21,51.14,0.132,1.0,0.168,2.0,94.4,4.51519,-5.1383,2.81136,0.00029,0.7902
5633.46,BTC-27SEP19,1556881145857,open,0.04,61.4,0.00686758,0.10514359,0.03762692,72.1,0.036,0.0,BTC-27DEC19-12000-C,5672.21,71.25,0.036,0.7,0.04,10.0,73.31,10.91464,-1.65409,4.37127,7e-05,0.15669
5633.46,BTC-27SEP19,1556881145861,open,0.15,233.3,0.14655218,0.20999217,0.16445247,61.3,0.167,0.0,BTC-27SEP19-5500-C,5672.21,59.48,0.16,3.0,0.167,3.0,62.34,13.79668,-2.87886,9.8973,0.00018,0.60105
5644.83,BTC-28JUN19,1556881145871,open,0.0,334.8,3.82e-06,0.00068255,0.00110999,79.3,0.0015,0.0,BTC-28JUN19-12000-C,5672.21,78.32,0.001,7.0,0.0015,10.1,82.28,0.66143,-0.46934,0.0892,2e-05,0.01143
5644.83,BTC-28JUN19,1556881145899,open,0.33,30.0,0.33616502,0.34703104,0.34219002,69.8,0.298,0.0,BTC-28JUN19-3750-C,5672.21,0.0,0.026,0.1,0.0,0.0,0.0,2.31812,-1.44785,5.24268,7e-05,0.94889
5672.21,index_price,1556881145901,open,0.24,9.8,0.2515288,0.26375349,0.25657584,72.66,0.212,0,BTC-31MAY19-4250-C,5672.21,0.0,0.01,0.5,0.0,0.0,0.0,1.91645,-2.49765,2.95179,0.00011,0.93797
5644.83,BTC-28JUN19,1556881145918,open,0.37,143.4,0.3803297,0.38493938,0.38455294,73.78,0.36,0.0,BTC-28JUN19-3500-C,5672.21,0.0,0.003,0.4,0.0,0.0,0.0,1.74307,-1.15074,5.00793,5e-05,0.96409
5672.21,index_price,1556881145918,open,18.1,0.04638151,0.09689902,0.05570692,62.02,0.053,0,BTC-17MAY19-5750-P,5672.21,60.47,0.0545,7.0,0.06,7.0,67.54,4.40608,-9.84681,-1.24315,0.00058,-0.52081
5644.83,BTC-28JUN19,1556881145940,open,0.81,43.0,0.77166222,0.77530119,0.77492301,73.73,0.89,0.0,BTC-28JUN19-10000-P,5672.21,0.0,0.0005,2.5,0.0,0.0,0.0,1.62713,-1.07354,-15.0523,5e-05,-0.96697
5672.21,index_price,1556881145948,open,0.04,724.1,0.02389438,0.0626134,0.03326628,60.09,0.0345,0,BTC-31MAY19-5250-P,5672.21,59.81,0.033,14.9,0.0365,0.6,63.49,5.37933,-5.79839,-1.40719,0.00036,-0.29157
5672.21,index_price,1556881145960,open,0.05,193.6,0.04887029,0.0929395,0.05999802,60.09,0.0595,0,BTC-31MAY19-5750-C,5672.21,56.01,0.0555,7.0,0.0625,21.7,62.36,6.25358,-6.74075,1.90784,0.00042,0.50041
5633.46,BTC-27SEP19,1556881145965,open,0.64,28.2,0.64504935,0.64722161,0.6482994,85.21,0.608,0.0,BTC-27SEP19-2000-C,5672.21,0.0,0.001,0.3,0.6635,1.0,122.27,1.30697,-0.37913,7.64617,1e-05,0.9856
5633.46,BTC-27SEP19,1556881145978,open,0.08,984.4,0.06042872,0.12304231,0.08035835,62.55,0.0815,0.0,BTC-27SEP19-7000-C,5672.21,62.4,0.08,10.0,0.0825,10.0,63.45,13.41422,-2.85626,6.41957,0.00017,0.36355
165.42,index_price,1556881145985,open,0.08,293.0,0.094635,0.115588,0.101804,73.87,0.084,0,ETH-10MAY19-150-C,165.42,0.0,0.001,10.0,0.164,3.0,214.01,0.05407,-0.29047,0.02316,0.0142,0.84513
5633.46,BTC-27SEP19,1556881146015,open,0.01,160.7,0.0021712,0.0420367,0.01338205,71.39,0.0135,0.0,BTC-27DEC19-2500-P,5672.21,67.39,0.0105,12.0,0.014,5.0,72.19,4.29306,-0.64422,-2.13503,3e-05,-0.04477
5633.46,BTC-27SEP19,1556881146034,open,0.73,42.8,0.73373607,0.73409808,0.73499646,92.93,0.6235,0.0,BTC-27SEP19-1500-C,5672.21,0.0,0.1,0.1,0.8,1.0,234.15,0.56709,-0.1794,5.88153,0.0,0.99445
5633.46,BTC-27SEP19,1556881146051,open,0.07,51.0,0.04673043,0.09646219,0.06228742,62.43,0.061,0.0,BTC-27SEP19-4500-P,5672.21,61.74,0.061,10.0,0.0645,3.0,63.59,10.63745,-2.2606,-6.44563,0.00013,-0.22205
5644.83,BTC-28JUN19,1556881146051,open,0.03,147.6,0.01393504,0.05203577,0.03051065,61.51,0.032,0.0,BTC-28JUN19-4750-P,5672.21,60.59,0.0295,10.0,0.032,5.0,62.86,6.2047,-3.4152,-2.00193,0.00021,-0.20116
5644.83,BTC-28JUN19,1556881146084,open,0.0,323.7,2.264e-05,0.00160623,0.00203298,77.42,0.002,0.0,BTC-28JUN19-11000-C,5672.21,77.24,0.002,7.0,0.0045,20.0,87.2,1.07533,-0.74497,0.1564,3e-05,0.02013
5672.21,index_price,1556881146088,open,0.01,97.9,0.00426852,0.0304812,0.01095827,63.53,0.011,0,BTC-31MAY19-7000-C,5672.21,61.89,0.01,7.0,0.014,43.0,68.39,3.37654,-3.84762,0.53063,0.00022,0.13345
165.42,index_price,1556881146097,open,0.0,0.051023,0.101123,0.068869,68.4,None,0,ETH-17MAY19-170-P,165.42,54.22,0.058,85.0,0.073,86.0,73.75,0.12745,-0.31413,-0.03923,0.01791,-0.55492
5633.46,BTC-27SEP19,1556881146130,open,0.41,5.8,0.39708599,0.4832342,0.4184041,64.72,0.37,0.0,BTC-27DEC19-3500-C,5672.21,0.0,0.3785,1.0,0.68,3.0,202.39,9.12707,-1.2416,16.92671,7e-05,0.87945
5644.83,BTC-28JUN19,1556881146147,open,0.01,425.8,0.00258431,0.01451486,0.0096386,66.9,0.0085,0.0,BTC-28JUN19-4000-P,5672.21,63.78,0.008,56.0,0.0115,10.0,70.16,3.09366,-1.85198,-0.72252,9e-05,-0.07397
5644.83,BTC-28JUN19,1556881146147,open,0.05,325.8,0.02997686,0.06205451,0.04233695,59.93,0.041,0.0,BTC-28JUN19-5000-P,5672.21,58.49,0.0405,25.7,0.045,5.0,62.01,7.20434,-3.86376,-2.63735,0.00025,-0.26286
5644.83,BTC-28JUN19,1556881146147,open,2.61,0.4,2.54306507,2.54306601,2.54321841,102.02,5.076,0.0,BTC-28JUN19-20000-P,5672.21,0.0,0.0005,0.2,0.0,0.0,0.0,0.10721,-0.09788,-30.60526,0.0,-0.99851
5644.83,BTC-28JUN19,1556881146156,open,0.73,33.8,0.73427012,0.73427022,0.73433932,110.92,0.7145,0.0,BTC-28JUN19-1500-C,5672.21,0.0,0.007,0.1,0.0,0.0,0.0,0.04189,-0.04158,2.29103,0.0,0.99946
5633.46,BTC-27SEP19,1556881146171,open,0.0,421.8,7.095e-05,0.00224322,0.00333109,85.25,0.005,0.0,BTC-27SEP19-2000-P,5672.21,78.62,0.002,15.0,0.0045,7.0,89.84,1.30936,-0.38001,-0.40274,1e-05,-0.01443
5633.46,BTC-27SEP19,1556881146216,open,0.19,58.9,0.14647922,0.2980958,0.18561365,62.64,0.232,0.0,BTC-27DEC19-5500-P,5672.21,62.11,0.184,5.0,0.19,5.0,64.06,17.34355,-2.2835,-20.83914,0.00013,-0.38199
5672.21,index_price,1556881146216,open,0.01,180.4,0.00747091,0.03863406,0.01495984,61.82,0.015,0,BTC-31MAY19-6750-C,5672.21,59.74,0.0135,38.9,0.018,10.0,65.95,4.04731,-4.48789,0.69524,0.00027,0.17545
165.42,index_price,1556881146241,open,0.0,75.0,2e-05,0.008253,0.002714,84.51,0.003,0,ETH-10MAY19-200-C,165.42,86.27,0.003,80.0,0.004,100.0,91.83,0.02605,-0.16012,0.0017,0.00598,0.05721
165.42,index_price,1556881146264,open,0.0,0.274576,0.279946,0.275927,84.4,None,0,ETH-17MAY19-120-C,165.42,0.0,0.001,18.0,0.0,0.0,0.0,0.0163,-0.04956,0.04421,0.00186,0.97897
165.42,index_price,1556881146279,open,0.0,9.8e-05,0.016113,0.007313,88.29,None,0,ETH-17MAY19-210-C,165.42,84.17,0.006,80.0,0.011,80.0,98.29,0.05527,-0.17584,0.00563,0.00602,0.09679
165.42,index_price,1556881146345,open,0.0,0.008177,0.051889,0.024144,71.33,None,0,ETH-17MAY19-180-C,165.42,72.59,0.025,80.0,0.032,209.0,82.71,0.11134,-0.28617,0.01705,0.01501,0.29534
5633.46,BTC-27SEP19,1556881146372,open,0.32,240.2,0.31379851,0.35257496,0.32792974,64.26,0.281,0.0,BTC-27SEP19-4000-C,5672.21,0.0,0.2895,1.0,0.412,2.0,114.28,8.26763,-1.80848,11.87414,0.0001,0.85173
165.42,index_price,1556881146491,open,0.25,0.0,0.209064,0.217297,0.211758,84.51,None,0,ETH-10MAY19-200-P,165.42,0.0,0.001,15.0,0.278,1.0,251.71,0.02606,-0.16013,-0.03598,0.00598,-0.94278
165.42,index_price,1556881146526,open,0.0,2e-06,0.005372,0.001354,84.4,None,0,ETH-17MAY19-120-P,165.42,80.47,0.001,80.0,0.002,2.0,90.2,0.0163,-0.04956,-0.00141,0.00186,-0.02103
165.42,index_price,1556881146539,open,0.0,0.269594,0.285608,0.276809,88.29,None,0,ETH-17MAY19-210-P,165.42,0.0,0.0,0.0,0.0,0.0,0.0,0.05527,-0.17584,-0.07421,0.00602,-0.90321
165.42,index_price,1556881146589,open,0.0,0.096316,0.140028,0.112284,71.33,None,0,ETH-17MAY19-180-P,165.42,0.0,0.001,18.0,0.164,2.0,141.62,0.11134,-0.28617,-0.05137,0.01501,-0.70466
167.02,ETH-27SEP19,1556881146647,open,0.02,185.0,0.004459,0.04122,0.020442,79.78,0.016,0.0,ETH-27SEP19-360-C,165.41,78.49,0.019,140.0,0.022,3.0,81.13,0.19004,-0.05161,0.05551,0.00212,0.10304
165.41,index_price,1556881146646,open,0.08,100.0,0.041265,0.07588,0.05506,71.46,0.06,0,ETH-10MAY19-170-P,165.41,58.1,0.048,81.0,0.092,3.0,139.53,0.0882,-0.45833,-0.02013,0.02395,-0.59098
165.41,index_price,1556881146646,open,0.0,7.1e-05,0.012413,0.003724,80.35,None,0,ETH-17MAY19-130-P,165.41,70.8,0.002,80.0,0.006,230.0,89.86,0.03486,-0.10093,-0.00357,0.00417,-0.05304
165.41,index_price,1556881146646,open,0.13,0.0,0.090735,0.116502,0.100458,74.58,None,0,ETH-10MAY19-180-P,165.41,0.0,0.002,15.0,0.146,3.0,167.49,0.06709,-0.36389,-0.02746,0.01745,-0.78072
165.41,index_price,1556881146646,open,0.0,0.150952,0.184486,0.16434,77.41,None,0,ETH-17MAY19-190-P,165.41,0.0,0.001,18.0,0.223,2.0,163.62,0.0902,-0.25159,-0.06066,0.0112,-0.80035
166.54,ETH-28JUN19,1556881146647,open,0.02,931.0,0.015509,0.08345,0.026075,70.76,0.023,0.0,ETH-28JUN19-220-C,165.41,67.83,0.023,205.0,0.031,225.0,75.22,0.1785,-0.11303,0.04254,0.00594,0.19295
165.41,index_price,1556881146646,open,0.0,0.098729,0.136282,0.113415,73.83,None,0,ETH-17MAY19-150-C,165.41,28.52,0.094,20.0,0.169,2.0,157.89,0.09703,-0.25814,0.04152,0.01263,0.77376
165.41,index_price,1556881146646,open,0.19,0.0,0.148946,0.164354,0.15425,79.21,None,0,ETH-10MAY19-190-P,165.41,0.0,0.001,15.0,0.209,1.0,205.59,0.04301,-0.24773,-0.0325,0.01053,-0.88886
166.54,ETH-28JUN19,1556881146647,open,0.07,5418.0,0.047764,0.123973,0.053974,64.63,0.06,0.0,ETH-28JUN19-150-P,165.41,60.93,0.049,140.0,0.059,202.0,68.34,0.22468,-0.12994,-0.08886,0.00819,-0.29457
165.41,index_price,1556881146646,open,0.13,183.0,0.153678,0.163043,0.15732,85.11,0.121,0,ETH-10MAY19-140-C,165.41,0.0,0.002,9.0,0.225,1.0,268.12,0.03002,-0.1858,0.02412,0.00684,0.93138
167.02,ETH-27SEP19,1556881146647,open,0.02,2466.0,0.011953,0.049795,0.021406,70.64,0.019,0.0,ETH-27SEP19-100-P,165.41,67.09,0.018,8.0,0.024,230.0,73.2,0.16565,-0.03984,-0.07188,0.00209,-0.08554
165.41,index_price,1556881146646,open,0.0,0.000521,0.024241,0.010943,83.99,None,0,ETH-17MAY19-200-C,165.41,79.34,0.009,80.0,0.013,150.0,88.55,0.07198,-0.21785,0.00815,0.00824,0.14058
165.41,index_price,1556881146646,open,0.0,0.154508,0.178203,0.162333,75.57,None,0,ETH-17MAY19-140-C,165.41,0.0,0.001,18.0,0.226,2.0,190.31,0.06221,-0.1694,0.04551,0.00791,0.88601
165.41,index_price,1556881146646,open,0.02,545.0,0.013515,0.048131,0.027373,71.57,0.032,0,ETH-10MAY19-170-C,165.41,74.62,0.029,80.0,0.032,300.0,80.21,0.08822,-0.45914,0.0119,0.02391,0.40923
165.41,index_price,1556881146646,open,0.0,0.0,0.0,0.000129,0.000129,109.98,None,0,ETH-10MAY19-110-P,165.41,0.0,0.0,0.0,0.001,180.0,141.11,0.00191,-0.01529,-9e-05,0.00034,-0.00274
166.54,ETH-28JUN19,1556881146647,open,0.0,436.0,4.6e-05,0.011492,0.003864,95.44,0.004,0.0,ETH-28JUN19-360-C,165.41,91.95,0.003,80.0,0.005,100.0,99.34,0.04461,-0.0381,0.00672,0.0011,0.03022
165.41,index_price,1556881146646,open,0.0,0.214145,0.226487,0.217846,80.57,None,0,ETH-17MAY19-130-C,165.41,0.0,0.001,18.0,0.0,0.0,0.0,0.03509,-0.10188,0.04582,0.00419,0.94652
165.41,index_price,1556881146646,open,0.0,0.00089,0.024584,0.008663,75.44,None,0,ETH-17MAY19-140-P,165.41,70.82,0.007,80.0,0.011,150.0,81.38,0.06206,-0.16871,-0.00769,0.00791,-0.11362
165.41,index_price,1556881146646,open,0.0,0.209638,0.233358,0.219987,83.82,None,0,ETH-17MAY19-200-P,165.41,0.0,0.001,18.0,0.288,2.0,190.78,0.07179,-0.21683,-0.06791,0.00823,-0.85998
167.02,ETH-27SEP19,1556881146647,open,0.1,939.0,0.085068,0.172642,0.104551,67.93,0.085,0.0,ETH-27SEP19-200-C,165.41,63.65,0.094,184.0,0.109,204.0,69.72,0.41408,-0.09575,0.21179,0.00543,0.41967
167.02,ETH-27SEP19,1556881146647,open,0.03,357.0,0.01958,0.082394,0.040028,73.49,0.031,0.0,ETH-27SEP19-280-C,165.41,69.89,0.034,287.0,0.045,147.0,76.31,0.2882,-0.0721,0.10129,0.00349,0.19074
166.54,ETH-28JUN19,1556881146648,open,0.05,6039.0,0.028636,0.095941,0.034981,65.73,0.037,0.0,ETH-28JUN19-140-P,165.41,60.34,0.029,276.0,0.038,216.0,68.38,0.18823,-0.11072,-0.06267,0.00674,-0.21082
166.54,ETH-28JUN19,1556881146648,open,0.38,0.0,0.400499,0.42155,0.403447,75.55,None,0.0,ETH-28JUN19-100-C,165.41,0.0,0.0,0.0,0.0,0.0,0.0,0.04497,-0.0304,0.14431,0.0014,0.96948
166.54,ETH-28JUN19,1556881146648,open,0.01,1465.0,0.007215,0.062611,0.018542,75.78,0.015,0.0,ETH-28JUN19-240-C,165.41,71.52,0.015,290.0,0.021,150.0,78.54,0.14444,-0.09796,0.03075,0.00449,0.13917
166.54,ETH-28JUN19,1556881146648,open,0.13,556.0,0.147079,0.223289,0.153224,64.58,0.15,0.0,ETH-28JUN19-150-C,165.41,46.84,0.13,60.0,0.17,1.0,76.87,0.22465,-0.12983,0.1408,0.00819,0.7055
166.54,ETH-28JUN19,1556881146648,open,0.04,643.0,0.044849,0.128069,0.052946,65.65,0.04,0.0,ETH-28JUN19-190-C,165.41,62.91,0.049,187.0,0.06,207.0,70.48,0.24142,-0.14183,0.0758,0.00866,0.35026
166.54,ETH-28JUN19,1556881146648,open,0.0,2737.0,0.0,0.001821,0.001236,109.99,0.002,0.0,ETH-28JUN19-500-C,165.41,107.48,0.001,130.0,0.002,50.0,116.3,0.01684,-0.01658,0.00215,0.00036,0.00966
166.54,ETH-28JUN19,1556881146648,open,0.01,1368.0,0.000614,0.026559,0.008338,88.35,0.007,0.0,ETH-28JUN19-300-C,165.41,85.45,0.007,80.0,0.011,230.0,93.43,0.08068,-0.06379,0.01395,0.00215,0.06305
167.02,ETH-27SEP19,1556881146648,open,0.02,169.0,0.002159,0.029676,0.017976,84.96,0.014,0.0,ETH-27SEP19-400-C,165.41,81.89,0.015,140.0,0.022,230.0,88.71,0.16968,-0.04907,0.04729,0.00178,0.08834
166.54,ETH-28JUN19,1556881146647,open,0.44,0.0,0.459824,0.472376,0.461336,77.6,None,0.0,ETH-28JUN19-90-C,165.41,0.0,0.0,0.0,0.0,0.0,0.0,0.02422,-0.01682,0.13359,0.00074,0.98532
165.41,index_price,1556881146646,open,0.31,0.0,0.334986,0.335115,0.335155,113.12,None,0,ETH-10MAY19-110-C,165.41,0.0,0.001,15.0,0.0,0.0,0.0,0.00233,-0.0192,0.02061,0.0004,0.99659
165.41,index_price,1556881146647,open,0.25,0.0,0.27453,0.275303,0.2753,109.94,None,0,ETH-10MAY19-120-C,165.41,0.0,0.274,10.0,0.36,1.0,416.32,0.00801,-0.06406,0.02215,0.00141,0.98618
166.54,ETH-28JUN19,1556881146649,open,0.01,2043.0,0.003246,0.046982,0.012811,78.99,0.011,0.0,ETH-28JUN19-260-C,165.41,76.24,0.011,80.0,0.015,10.0,82.08,0.11359,-0.08029,0.022,0.00339,0.09909
166.54,ETH-28JUN19,1556881146649,open,0.0,2831.0,0.000955,0.022007,0.003904,75.55,0.004,0.0,ETH-28JUN19-100-P,165.41,71.95,0.003,600.0,0.005,100.0,79.33,0.04497,-0.0304,-0.00878,0.0014,-0.03052
167.02,ETH-27SEP19,1556881146649,open,0.23,4500.0,0.198636,0.286724,0.216631,67.11,0.234,0.0,ETH-27SEP19-180-P,165.41,63.31,0.207,80.0,0.222,152.0,69.24,0.42239,-0.0965,-0.4717,0.00561,-0.48522
166.54,ETH-28JUN19,1556881146649,open,0.51,0.0,0.519675,0.526267,0.521532,92.03,None,0.0,ETH-28JUN19-80-C,165.41,0.0,0.0,0.0,0.0,0.0,0.0,0.02229,-0.01836,0.11858,0.00057,0.98667
167.02,ETH-27SEP19,1556881146649,open,0.0,174.0,0.000246,0.006403,0.002915,82.51,0.003,0.0,ETH-27SEP19-60-P,165.41,70.57,0.001,2026.0,0.005,230.0,90.62,0.03614,-0.01015,-0.01089,0.00039,-0.01329
166.54,ETH-28JUN19,1556881146648,open,0.01,1515.0,0.001425,0.035292,0.010339,84.14,0.012,0.0,ETH-28JUN19-280-C,165.41,81.72,0.009,80.0,0.013,230.0,88.5,0.09572,-0.07207,0.01744,0.00268,0.07874
166.54,ETH-28JUN19,1556881146649,open,0.09,3075.0,0.073294,0.15555,0.080289,64.67,0.09,0.0,ETH-28JUN19-160-P,165.41,61.14,0.075,140.0,0.086,186.0,68.48,0.24962,-0.14445,-0.11936,0.00909,-0.38788
165.41,index_price,1556881146646,open,0.0,3.0,0.0,0.000773,0.000726,109.02,0.001,0,ETH-10MAY19-120-P,165.41,0.0,0.0,0.0,0.002,180.0,128.11,0.00771,-0.06113,-0.00043,0.00137,-0.01322
166.54,ETH-28JUN19,1556881146649,open,0.0,512.0,8e-06,0.006676,0.003043,102.15,0.007,0.0,ETH-28JUN19-400-C,165.41,96.58,0.002,90.0,0.004,180.0,106.21,0.0357,-0.03263,0.00513,0.00082,0.02315
166.54,ETH-28JUN19,1556881146649,open,0.22,2407.0,0.185716,0.268936,0.19395,65.75,0.261,0.0,ETH-28JUN19-190-P,165.41,63.01,0.19,80.0,0.2,80.0,69.89,0.2415,-0.14208,-0.21501,0.00865,-0.6494
166.54,ETH-28JUN19,1556881146649,open,0.01,3369.0,0.002945,0.034735,0.007873,73.79,0.007,0.0,ETH-28JUN19-110-P,165.41,71.78,0.007,3.0,0.009,200.0,76.22,0.07449,-0.04919,-0.01652,0.00238,-0.05694
167.02,ETH-27SEP19,1556881146649,open,0.03,496.0,0.013498,0.068982,0.03297,75.03,0.028,0.0,ETH-27SEP19-300-C,165.41,72.4,0.029,60.0,0.038,150.0,78.19,0.2583,-0.06598,0.0857,0.00307,0.16049
166.54,ETH-28JUN19,1556881146649,open,0.03,2634.0,0.031907,0.111098,0.040415,66.59,0.033,0.0,ETH-28JUN19-200-C,165.41,63.99,0.037,274.0,0.047,214.0,71.48,0.22067,-0.13149,0.06198,0.0078,0.28352
166.54,ETH-28JUN19,1556881146649,open,0.0,1501.0,4e-05,0.006633,0.001953,92.44,0.004,0.0,ETH-28JUN19-80-P,165.41,83.91,0.001,2079.0,0.003,100.0,99.12,0.02271,-0.01878,-0.00397,0.00058,-0.01362
167.02,ETH-27SEP19,1556881146649,open,0.02,492.0,0.006437,0.048792,0.025122,79.39,0.021,0.0,ETH-27SEP19-340-C,165.41,76.07,0.021,140.0,0.029,150.0,82.29,0.21578,-0.05832,0.06585,0.00242,0.12311
167.02,ETH-27SEP19,1556881146649,open,0.05,5391.0,0.03393,0.091389,0.044956,67.34,0.042,0.0,ETH-27SEP19-120-P,165.41,62.77,0.038,140.0,0.049,141.0,69.92,0.25955,-0.0595,-0.13888,0.00343,-0.16168
166.54,ETH-28JUN19,1556881146649,open,0.0,1785.0,0.000234,0.012787,0.001749,77.62,0.004,0.0,ETH-28JUN19-90-P,165.41,71.53,0.001,80.0,0.003,100.0,84.81,0.02424,-0.01683,-0.00419,0.00074,-0.01469
167.02,ETH-27SEP19,1556881146650,open,0.23,201.0,0.234036,0.307519,0.248899,67.21,0.216,0.0,ETH-27SEP19-140-C,165.41,0.0,0.1,100.0,0.0,0.0,0.0,0.34723,-0.07944,0.3265,0.0046,0.7347
166.54,ETH-28JUN19,1556881146650,open,0.33,10.0,0.342443,0.374233,0.347371,73.79,0.265,0.0,ETH-28JUN19-110-C,165.41,0.0,0.0,0.0,0.0,0.0,0.0,0.07449,-0.04919,0.15187,0.00238,0.94306
167.02,ETH-27SEP19,1556881146650,open,0.01,543.0,0.000528,0.015896,0.013567,92.25,0.011,0.0,ETH-27SEP19-480-C,165.41,87.43,0.01,140.0,0.015,80.0,93.97,0.13487,-0.04235,0.03479,0.0013,0.06533
166.54,ETH-28JUN19,1556881146651,open,0.28,1967.0,0.23282,0.312011,0.241443,66.68,0.269,0.0,ETH-28JUN19-200-P,165.41,60.94,0.234,60.0,0.246,1.0,70.08,0.22081,-0.13175,-0.24413,0.0078,-0.71611
167.02,ETH-27SEP19,1556881146756,open,0.12,328.0,0.120921,0.209009,0.138935,67.12,0.115,0.0,ETH-27SEP19-180-C,165.41,63.19,0.129,80.0,0.143,115.0,68.73,0.42238,-0.09651,0.25261,0.00561,0.5148
5672.21,index_price,1556881146758,open,0.0,0.07535128,0.12359337,0.08661124,65.98,None,0,BTC-17MAY19-6000-P,5672.21,57.45,0.0805,12.0,0.0875,12.0,67.21,4.11658,-9.78802,-1.57799,0.00051,-0.64518
5644.7,BTC-28JUN19,1556881146959,open,0.02,5.6,0.00454951,0.03544471,0.01804962,63.64,0.0155,0.0,BTC-28JUN19-7500-C,5672.21,61.95,0.0165,12.8,0.019,1.0,64.66,5.25461,-2.99259,1.18029,0.00017,0.15464
5672.21,index_price,1556881147184,open,1.3,0.00860056,0.05147928,0.01770842,66.21,0.015,0,BTC-17MAY19-6250-C,5672.21,60.86,0.0145,7.0,0.0175,18.0,65.87,3.48489,-8.3141,0.49243,0.00043,0.24608
5672.21,index_price,1556881147367,open,0.0,0.23468313,0.25731515,0.23837265,70.93,None,0,BTC-17MAY19-7000-P,5672.21,0.0,0.0,0.0,0.0,0.0,0.0,1.53829,-3.93188,-2.51228,0.00018,-0.9267
5672.21,index_price,1556881147500,open,0.0,162.3,0.00256266,0.02724351,0.00606697,63.35,0.007,0,BTC-10MAY19-6250-C,5672.21,63.13,0.006,6.9,0.007,10.0,66.29,1.74796,-8.05218,0.14504,0.00046,0.14181
5633.47,BTC-27SEP19,1556881147647,open,0.01,18.3,0.00590045,0.02673488,0.01483849,67.23,0.021,0.0,BTC-27SEP19-3250-P,5672.2,66.2,0.014,7.0,0.0165,16.0,69.22,4.60765,-1.05459,-1.84205,5e-05,-0.06642
5633.47,BTC-27SEP19,1556881147648,open,0.47,227.1,0.47066128,0.48611835,0.47858889,69.89,0.456,0.0,BTC-27SEP19-3000-C,5672.2,0.0,0.135,0.1,0.519,2.0,112.18,3.69691,-0.87953,10.68209,4e-05,0.94981
5644.57,BTC-28JUN19,1556881147648,open,1.53,1.3,1.48025989,1.48038414,1.48086795,86.8,2.415,0.0,BTC-28JUN19-14000-P,5672.2,0.0,0.0005,0.2,0.0,0.0,0.0,0.38234,-0.29697,-21.38412,1e-05,-0.99388
5633.47,BTC-27SEP19,1556881147648,open,0.02,662.2,0.00454696,0.03034309,0.02021132,72.29,0.0185,0.0,BTC-27SEP19-11000-C,5672.2,71.26,0.019,12.0,0.022,10.0,73.77,6.69153,-1.64676,2.02092,7e-05,0.10936
5633.47,BTC-27SEP19,1556881147648,open,0.02,328.6,0.01002791,0.03671741,0.02058892,65.85,0.02,0.0,BTC-27SEP19-3500-P,5672.2,64.77,0.0195,7.0,0.022,16.0,67.22,5.74483,-1.28784,-2.47942,7e-05,-0.08879
5633.47,BTC-27SEP19,1556881147648,open,0.03,325.2,0.01686572,0.06051306,0.03610391,66.97,0.032,0.0,BTC-27SEP19-9000-C,5672.2,66.02,0.0345,16.6,0.038,10.0,68.07,9.59084,-2.18653,3.41217,0.00011,0.18663
5633.47,BTC-27SEP19,1556881147648,open,0.08,62.5,0.06194825,0.11626547,0.07787497,61.77,0.094,0.0,BTC-27SEP19-4750-P,5672.2,60.62,0.0755,5.0,0.082,3.0,63.75,11.68109,-2.45623,-7.7485,0.00015,-0.26393
5644.56,BTC-28JUN19,1556881147649,open,0.01,563.9,0.00070074,0.00875072,0.00566669,68.74,0.0055,0.0,BTC-28JUN19-9000-C,5672.2,67.15,0.005,43.0,0.0085,17.0,74.54,2.4491,-1.50649,0.42441,7e-05,0.05478
5644.56,BTC-28JUN19,1556881147649,open,1.35,0.8,1.30310309,1.30339293,1.30397005,83.9,2.171,0.0,BTC-28JUN19-13000-P,5672.2,0.0,0.07,1.0,0.0,0.0,0.0,0.52211,-0.39198,-19.83309,1e-05,-0.99128
5633.47,BTC-27SEP19,1556881147649,open,0.0,1670.3,2.27e-06,0.00036428,0.00127009,93.0,0.0015,0.0,BTC-27SEP19-1500-P,5672.2,82.86,0.0005,7.0,0.0025,8.0,102.59,0.56932,-0.18025,-0.15518,0.0,-0.00558
5644.56,BTC-28JUN19,1556881147649,open,1.71,2.0,1.65742593,1.65747957,1.65778009,87.63,2.658,0.0,BTC-28JUN19-15000-P,5672.2,0.0,0.0005,0.2,0.0,0.0,0.0,0.24348,-0.19093,-22.93378,1e-05,-0.99631
5633.47,BTC-27SEP19,1556881147649,open,0.22,14.5,0.21877344,0.27309066,0.23469866,61.77,0.243,0.0,BTC-27SEP19-4750-C,5672.2,57.06,0.225,4.0,0.25,3.0,69.09,11.68107,-2.45619,11.36552,0.00015,0.73607
5633.47,BTC-27SEP19,1556881147647,open,0.07,68.4,0.03705917,0.1453192,0.06566342,64.31,0.068,0.0,BTC-27DEC19-4000-P,5672.2,63.52,0.064,10.0,0.0675,5.0,65.18,11.89211,-1.60755,-8.98288,9e-05,-0.17901
5644.56,BTC-28JUN19,1556881147650,open,0.63,6.6,0.59515629,0.60320627,0.60004597,68.56,0.704,0.0,BTC-28JUN19-9000-P,5672.2,0.0,0.0005,0.4,0.0,0.0,0.0,2.4303,-1.49109,-13.35709,7e-05,-0.94575
5644.56,BTC-28JUN19,1556881147650,open,0.02,182.7,0.01063195,0.03285802,0.02153097,63.33,0.022,0.0,BTC-28JUN19-4500-P,5672.2,61.63,0.02,10.0,0.0235,16.0,65.46,5.13852,-2.91204,-1.47813,0.00017,-0.14953
5633.47,BTC-27SEP19,1556881147650,open,0.05,1002.0,0.03405926,0.07856014,0.04856329,62.97,0.062,0.0,BTC-27SEP19-4250-P,5672.2,62.04,0.047,17.0,0.0505,3.0,64.12,9.46422,-2.02882,-5.24203,0.00012,-0.18268
5644.56,BTC-28JUN19,1556881147651,open,0.0,312.5,1e-07,0.00012435,0.0007224,88.38,0.001,0.0,BTC-28JUN19-14000-C,5672.2,85.08,0.0005,17.0,0.001,50.7,91.58,0.43383,-0.3431,0.0548,1e-05,0.00706
5633.47,BTC-27SEP19,1556881147648,open,0.53,0.0,0.4705841,0.62237492,0.50842727,63.61,None,0.0,BTC-27DEC19-8000-P,5672.2,0.0,0.001,0.5,0.0,0.0,0.0,16.56811,-2.21528,-43.08189,0.00013,-0.66501
5672.2,index_price,1556881147647,open,13.9,0.02500416,0.07355652,0.03843239,68.22,0.034,0,BTC-17MAY19-5500-P,5672.2,60.89,0.033,7.0,0.0365,16.0,65.62,4.22009,-10.37346,-0.90818,0.00051,-0.38274
5644.56,BTC-28JUN19,1556881147651,open,0.0,405.2,2e-08,5.366e-05,0.00048129,90.25,0.001,0.0,BTC-28JUN19-15000-C,5672.2,0.0,0.0,0.0,0.001,0.1,97.38,0.30679,-0.24776,0.03714,1e-05,0.00478
5672.2,index_price,1556881147649,open,0.0,141.5,0.00021287,0.00754453,0.00363467,76.52,0.004,0,BTC-31MAY19-4000-P,5672.2,71.19,0.0025,11.0,0.0045,10.0,79.99,1.33491,-1.8322,-0.18652,7e-05,-0.03942
5633.46,BTC-27SEP19,1556881147651,open,0.01,317.3,0.00066767,0.00765647,0.00593229,75.94,0.0085,0.0,BTC-27SEP19-2500-P,5672.2,73.46,0.005,15.0,0.007,6.0,78.52,2.22479,-0.57511,-0.74566,2e-05,-0.02696
5633.46,BTC-27SEP19,1556881147647,open,1.03,0.0,0.96387022,1.07535651,0.9978583,70.32,None,0.0,BTC-27DEC19-11000-P,5672.2,0.0,0.0005,0.2,0.0,0.0,0.0,12.15614,-1.79676,-66.54238,8e-05,-0.81459
5672.2,index_price,1556881147647,open,0.2,20.2,0.20904211,0.22757845,0.21624639,69.76,0.217,0,BTC-31MAY19-4500-C,5672.2,0.0,0.2065,1.0,0.0,0.0,0.0,2.69625,-3.37395,2.97373,0.00016,0.90271
5672.2,index_price,1556881147647,open,0.05,22.8,0.03495876,0.07042733,0.04131365,61.72,0.039,0,BTC-10MAY19-5750-P,5672.2,60.22,0.0405,7.0,0.0445,12.0,67.58,3.08409,-13.84253,-0.62877,0.00082,-0.54715
5644.56,BTC-28JUN19,1556881147652,open,0.0,430.2,0.00036637,0.00497782,0.00457493,73.72,0.005,0.0,BTC-28JUN19-3500-P,5672.2,69.98,0.0035,20.0,0.0055,22.3,76.57,1.7401,-1.14796,-0.34924,5e-05,-0.03584
5633.46,BTC-27SEP19,1556881147649,open,0.24,52.1,0.21362071,0.35516971,0.25124324,63.18,0.2115,0.0,BTC-27DEC19-5000-C,5672.2,57.14,0.234,5.0,0.2655,5.0,68.17,16.09948,-2.1379,16.0183,0.00012,0.68754
5672.2,index_price,1556881147650,open,0.18,2.0,0.15857966,0.19459259,0.16775835,61.56,0.22,0,BTC-31MAY19-6500-P,5672.2,0.0,0.0005,0.3,0.0,0.0,0.0,4.8408,-5.34537,-4.03155,0.00032,-0.76289
5672.2,index_price,1556881147649,open,0.05,252.8,0.0404078,0.08303163,0.05111037,60.09,0.05,0,BTC-31MAY19-5500-P,5672.2,58.58,0.0495,18.7,0.056,9.6,64.69,6.03189,-6.50171,-1.92859,0.00041,-0.39409
5633.46,BTC-27SEP19,1556881147649,open,1.38,0.0,1.31185901,1.39818135,1.33956739,73.81,None,0.0,BTC-27DEC19-13000-P,5672.2,0.0,0.0005,0.2,0.0,0.0,0.0,9.84828,-1.52792,-80.95755,6e-05,-0.86552
5633.46,BTC-27SEP19,1556881147647,open,0.14,49.1,0.10587744,0.26572607,0.14639864,62.64,0.146,0.0,BTC-27DEC19-6500-C,5672.2,61.27,0.142,10.0,0.1475,5.0,62.98,18.13498,-2.38772,12.54129,0.00014,0.48799
5672.2,index_price,1556881147647,open,0.31,0.0,0.28052686,0.30207113,0.28649416,65.68,None,0,BTC-31MAY19-7250-P,5672.2,0.0,0.0005,0.3,0.0,0.0,0.0,2.8226,-3.32533,-5.12428,0.00017,-0.89641
5672.2,index_price,1556881147648,open,0.02,202.8,0.01270571,0.04549499,0.02270617,63.44,0.0205,0,BTC-31MAY19-5000-P,5672.2,61.92,0.0215,10.0,0.0245,12.8,65.68,4.51521,-5.13828,-1.00723,0.00029,-0.20981
5672.2,index_price,1556881147648,open,0.04,427.9,0.0323894,0.07550656,0.04306836,60.12,0.0475,0,BTC-31MAY19-6000-C,5672.2,56.29,0.039,20.8,0.0455,0.2,62.39,6.05336,-6.52739,1.54328,0.00041,0.39932
5633.46,BTC-27SEP19,1556881147651,open,0.25,11.2,0.19966169,0.35719126,0.24019866,62.64,0.2565,0.0,BTC-27DEC19-6000-P,5672.2,60.7,0.234,7.2,0.246,5.0,64.46,17.99475,-2.36926,-25.30334,0.00014,-0.449
5633.46,BTC-27SEP19,1556881147650,open,0.65,0.0,0.64536443,0.66645607,0.65284335,78.64,None,0.0,BTC-27DEC19-2000-C,5672.2,0.0,0.0005,0.2,0.0,0.0,0.0,2.71735,-0.44916,11.80315,2e-05,0.97433
5633.46,BTC-27SEP19,1556881147652,open,0.04,77.1,0.0183738,0.104522,0.03969192,64.72,0.05,0.0,BTC-27DEC19-3500-P,5672.2,63.67,0.038,22.0,0.0415,5.0,65.83,9.12708,-1.2416,-5.88329,7e-05,-0.12055
5644.57,BTC-28JUN19,1556881147658,open,0.21,6.0,0.17415128,0.22279555,0.19415854,60.25,0.285,0.0,BTC-28JUN19-6500-P,5672.2,56.87,0.1895,1.5,0.1985,1.5,63.35,7.84926,-4.23199,-7.59361,0.00027,-0.68464
165.41,index_price,1556881147699,open,0.19,100.0,0.214075,0.217211,0.215428,93.76,0.188,0,ETH-10MAY19-130-C,165.41,0.0,0.001,25.0,0.295,1.0,345.45,0.01389,-0.09472,0.02362,0.00287,0.97359
5633.46,BTC-27SEP19,1556881148000,open,0.1,22.0,0.06478503,0.1409008,0.10370643,63.12,0.1085,0.0,BTC-27DEC19-7500-C,5672.2,62.89,0.103,10.0,0.107,10.0,64.19,17.30867,-2.29629,10.12427,0.00013,0.37947
5672.2,index_price,1556881148001,open,0.02,54.1,0.01445119,0.04794393,0.02027238,61.72,0.0205,0,BTC-10MAY19-5500-P,5672.2,61.18,0.02,13.0,0.024,13.0,69.07,2.85977,-12.83592,-0.38738,0.00076,-0.34227
5672.2,index_price,1556881148003,open,0.01,180.4,0.00594454,0.03164973,0.01430284,65.52,0.015,0,BTC-31MAY19-4750-P,5672.2,63.39,0.013,10.0,0.0165,10.0,68.97,3.52605,-4.14374,-0.67796,0.00022,-0.1422
5672.2,index_price,1556881148004,open,0.0,748.1,0.00083482,0.0178068,0.00428689,71.34,0.0055,0,BTC-10MAY19-5000-P,5672.2,70.04,0.004,7.0,0.0055,6.0,76.46,1.27012,-6.58889,-0.10135,0.00029,-0.09057
5633.47,BTC-27SEP19,1556881148016,open,0.15,125.4,0.10117399,0.24272277,0.13879613,63.18,0.135,0.0,BTC-27DEC19-5000-P,5672.2,61.85,0.135,5.0,0.1415,5.0,64.12,16.09948,-2.13791,-16.5674,0.00012,-0.31246
5633.46,BTC-27SEP19,1556881148018,open,0.17,92.0,0.13459688,0.29212645,0.17513524,62.64,0.171,0.0,BTC-27DEC19-6000-C,5672.2,60.72,0.169,5.0,0.1755,5.0,62.75,17.99475,-2.36926,13.79951,0.00014,0.551
5633.47,BTC-27SEP19,1556881148019,open,0.03,705.5,0.00876612,0.04272174,0.02646738,69.69,0.024,0.0,BTC-27SEP19-10000-C,5672.2,68.64,0.025,22.0,0.028,10.0,70.75,7.98109,-1.89331,2.58963,9e-05,0.1407
5644.57,BTC-28JUN19,1556881148021,open,0.04,490.2,0.02260209,0.07124636,0.04264984,60.29,0.0365,0.0,BTC-28JUN19-6500-C,5672.2,58.73,0.0405,20.0,0.045,20.0,61.96,7.85097,-4.23559,2.35779,0.00027,0.31552
166.53,ETH-28JUN19,1556881148036,open,0.1,1368.0,0.112534,0.194794,0.119474,64.61,0.102,0.0,ETH-28JUN19-160-C,165.41,60.98,0.114,80.0,0.124,80.0,67.65,0.24962,-0.14432,0.12558,0.0091,0.61204
5644.56,BTC-28JUN19,1556881148038,open,0.06,2417.6,0.05275944,0.09141284,0.06718962,59.41,0.073,0.0,BTC-28JUN19-6000-C,5672.2,57.65,0.0645,23.0,0.0675,10.4,59.6,8.71654,-4.63373,3.23648,0.0003,0.44176
5644.57,BTC-28JUN19,1556881148041,open,0.09,197.3,0.08280624,0.1359957,0.10469033,59.41,0.112,0.0,BTC-28JUN19-5500-C,5672.2,57.3,0.1015,5.0,0.108,5.0,61.57,8.58486,-4.56397,4.19435,0.0003,0.59012
5633.46,BTC-27SEP19,1556881148043,open,0.12,41.5,0.08294377,0.24218023,0.12303636,62.86,0.128,0.0,BTC-27DEC19-7000-C,5672.2,62.85,0.123,1.0,0.1255,5.0,63.64,17.86983,-2.36112,11.3005,0.00014,0.43083
5644.57,BTC-28JUN19,1556881148044,open,0.02,1577.9,0.01489887,0.04383383,0.02715917,61.59,0.0325,0.0,BTC-28JUN19-7000-C,5672.2,60.13,0.0255,22.8,0.0295,20.0,63.57,6.53675,-3.60238,1.665,0.00022,0.21986
5644.56,BTC-28JUN19,1556881148046,open,0.01,167.9,0.00344386,0.02674697,0.01419346,64.43,0.0135,0.0,BTC-28JUN19-4250-P,5672.2,62.73,0.013,10.0,0.0155,10.0,66.24,4.02495,-2.32053,-1.03274,0.00013,-0.10533
165.41,index_price,1556881148084,open,0.0,0.005566,0.04312,0.020213,73.77,None,0,ETH-17MAY19-150-P,165.41,66.4,0.016,80.0,0.022,137.0,76.79,0.09698,-0.25779,-0.01549,0.01264,-0.22607
5644.57,BTC-28JUN19,1556881148323,open,0.09,73.6,0.05719401,0.11038347,0.0790781,59.38,0.077,0.0,BTC-28JUN19-5500-P,5672.2,58.36,0.0775,5.0,0.0825,5.0,61.65,8.58486,-4.5617,-4.2249,0.0003,-0.40988
5644.56,BTC-28JUN19,1556881148325,open,0.01,563.9,0.00070074,0.00875072,0.00566463,68.74,0.0055,0.0,BTC-28JUN19-9000-C,5672.2,67.15,0.005,27.0,0.0085,17.0,74.54,2.4491,-1.50649,0.42441,7e-05,0.05478
5672.2,index_price,1556881148332,open,0.05,252.8,0.0404078,0.08303163,0.0511113,60.09,0.05,0,BTC-31MAY19-5500-P,5672.2,58.58,0.0495,18.7,0.0565,9.6,65.16,6.03189,-6.50171,-1.92859,0.00041,-0.39409
