underlying_price,underlying_index,timestamp,state,settlement_price,open_interest,min_price,max_price,mark_price,mark_iv,last_price,interest_rate,instrument_name,index_price,bid_iv,best_bid_price,best_bid_amount,best_ask_price,best_ask_amount,ask_iv,vega,theta,rho,gamma,delta
225.33,SYN.ETH-19JUL19,1563274739987,open,0.0,260.0,0.001,0.04,6.3e-05,135.24,0.001,0.0,ETH-19JUL19-160-P,225.33,0.0,0.0,0.0,0.001,160.0,187.03,0.00115,-0.01451,-3e-05,0.00021,-0.00179
225.44,SYN.ETH-26JUL19,1563274740003,open,0.06,2755.0,0.023,0.107,0.06484,117.98,0.069,0.0,ETH-26JUL19-220-P,225.33,124.39,0.069,300.0,0.071,442.0,127.51,0.14431,-0.862,-0.02908,0.00889,-0.41178
10710.71,SYN.BTC-19JUL19,1563274740012,open,0.0,152.4,0.0005,0.0415,0.00175093,122.01,0.003,0.0,BTC-19JUL19-13000-C,10706.6,118.68,0.0015,0.7,0.002,3.7,125.06,0.8428,-17.87966,0.03348,8e-05,0.04142
10710.71,SYN.BTC-19JUL19,1563274740021,open,0.0,325.5,0.0005,0.04,0.0003461,125.69,0.0005,0.0,BTC-19JUL19-14000-C,10706.6,0.0,0.0,0.0,0.0005,4.4,131.64,0.24277,-3.70695,0.00774,2e-05,0.00952
225.36,SYN.ETH-19JUL19,1563274740023,open,0.68,0.0,0.619,0.753,0.686392,213.83,None,0.0,ETH-19JUL19-380-P,225.33,0.0,0.0,0.0,0.0,0.0,0.0,0.00233,-0.08677,-0.02987,0.00027,-0.99607
10710.71,SYN.BTC-19JUL19,1563274740048,open,0.0,432.6,0.0005,0.042,0.00234925,122.92,0.002,0.0,BTC-19JUL19-9000-P,10706.6,104.52,0.001,157.5,0.003,2.2,129.62,0.97291,-20.79249,-0.04377,9e-05,-0.04951
10841.98,BTC-27SEP19,1563274740050,open,0.03,372.1,0.0005,0.0715,0.03189266,108.61,0.0325,0.0,BTC-27SEP19-20000-C,10706.6,106.32,0.0295,26.2,0.034,34.1,110.57,11.49981,-8.56964,2.64551,5e-05,0.1541
10723.72,SYN.BTC-26JUL19,1563274740073,open,0.0,411.4,0.0005,0.043,0.00304001,126.58,0.003,0.0,BTC-26JUL19-7500-P,10706.6,117.24,0.002,16.0,0.004,40.0,133.68,1.33968,-8.58539,-0.10826,3e-05,-0.03427
10723.72,SYN.BTC-26JUL19,1563274740083,open,0.03,487.5,0.0005,0.0675,0.02662348,112.18,0.028,0.0,BTC-26JUL19-9500-P,10706.6,107.86,0.0245,2.7,0.028,24.0,114.94,5.31615,-30.19247,-0.73574,0.00015,-0.22695
10710.71,SYN.BTC-19JUL19,1563274740099,open,0.03,494.8,0.0005,0.0705,0.0297086,110.57,0.03,0.0,BTC-19JUL19-10500-P,10706.6,104.13,0.0275,24.0,0.0305,2.1,112.88,3.67466,-70.64751,-0.36321,0.00037,-0.40071
10788.73,SYN.BTC-30AUG19,1563274740109,open,0.11,0.2,0.065,0.1445,0.10498988,105.4,0.105,0.0,BTC-30AUG19-12000-C,10706.6,102.89,0.1015,14.4,0.108,3.1,107.56,15.01171,-17.62893,4.69482,0.0001,0.45893
11014.31,BTC-27DEC19,1563274740124,open,0.0,88.9,0.0005,0.0415,0.00147657,115.27,0.003,0.0,BTC-27DEC19-2000-P,10706.6,100.63,0.0005,9.5,0.0025,10.0,124.54,1.01533,-0.35708,-0.30684,0.0,-0.00473
225.36,SYN.ETH-19JUL19,1563274740198,open,0.0,142.0,0.001,0.04,0.0,134.97,0.001,0.0,ETH-19JUL19-400-C,225.33,0.0,0.0,0.0,0.001,250.0,274.33,0.0,-1e-05,0.0,0.0,0.0
11014.31,BTC-27DEC19,1563274740257,open,0.39,206.7,0.3465,0.426,0.38642208,99.47,0.395,0.0,BTC-27DEC19-8000-C,10706.6,50.79,0.3005,0.1,0.999,0.1,500.0,21.15674,-6.42066,20.0511,4e-05,0.79189
225.82,SYN.ETH-30AUG19,1563274740269,open,0.04,30.0,0.008,0.087,0.04723,111.67,0.045,0.0,ETH-30AUG19-320-C,225.33,108.82,0.044,221.0,0.052,265.0,116.07,0.24819,-0.30881,0.05458,0.00355,0.24369
10723.72,SYN.BTC-26JUL19,1563274740272,open,0.0,375.4,0.0005,0.04,0.00010754,135.0,0.0005,0.0,BTC-26JUL19-21000-C,10706.6,0.0,0.0,0.0,0.0005,6.1,156.3,0.10039,-0.68614,0.00484,0.0,0.00178
229.66,ETH-27DEC19,1563274740272,open,0.42,188.0,0.372,0.485,0.428262,105.76,0.438,0.0,ETH-27DEC19-280-P,225.33,103.04,0.421,120.0,0.44,150.0,110.17,0.6122,-0.19756,-0.92645,0.00244,-0.47023
225.84,SYN.ETH-30AUG19,1563274740279,open,0.09,0.0,0.047,0.133,0.089982,106.79,None,0.0,ETH-30AUG19-200-P,225.33,102.69,0.085,195.0,0.097,425.0,112.47,0.27714,-0.32977,-0.10952,0.00414,-0.30442
225.33,SYN.ETH-19JUL19,1563274740285,open,0.0,267.0,0.001,0.041,0.001263,135.34,0.002,0.0,ETH-19JUL19-180-P,225.33,129.84,0.001,50.0,0.003,114.0,159.17,0.01239,-0.28874,-0.0005,0.00229,-0.02681
225.44,SYN.ETH-26JUL19,1563274740290,open,0.0,891.0,0.001,0.043,0.003827,127.97,0.005,0.0,ETH-26JUL19-160-P,225.33,121.88,0.003,400.0,0.007,906.0,146.3,0.03289,-0.2131,-0.00276,0.00187,-0.04144
225.44,SYN.ETH-26JUL19,1563274740295,open,1.12,0.0,1.045,1.214,1.129444,163.43,None,0.0,ETH-26JUL19-480-P,225.33,0.0,0.0,0.0,0.0,0.0,0.0,0.00411,-0.03403,-0.12966,0.00018,-0.99628
225.44,SYN.ETH-26JUL19,1563274740296,open,0.01,1039.0,0.001,0.049,0.009181,126.05,0.01,0.0,ETH-26JUL19-300-C,225.33,118.12,0.007,505.0,0.011,250.0,132.07,0.06568,-0.4192,0.00562,0.00379,0.10128
225.82,SYN.ETH-30AUG19,1563274740302,open,0.06,0.0,0.02,0.099,0.059462,110.21,None,0.0,ETH-30AUG19-300-C,225.33,106.61,0.055,476.0,0.065,250.0,114.87,0.27275,-0.33492,0.06515,0.00395,0.29396
225.33,SYN.ETH-19JUL19,1563274740311,open,0.0,739.0,0.001,0.04,0.000389,134.73,0.003,0.0,ETH-19JUL19-300-C,225.33,0.0,0.0,0.0,0.001,174.0,153.2,0.00524,-0.0862,0.00017,0.00097,0.00981
229.66,ETH-27DEC19,1563274740322,open,0.17,123.0,0.132,0.211,0.171203,106.78,0.185,0.0,ETH-27DEC19-320-C,225.33,104.07,0.164,340.0,0.173,250.0,107.46,0.61048,-0.1989,0.29556,0.00241,0.45784
225.44,SYN.ETH-26JUL19,1563274740325,open,0.0,1920.0,0.001,0.04,0.000903,134.97,0.001,0.0,ETH-26JUL19-380-C,225.33,0.0,0.0,0.0,0.002,201.0,150.33,0.01202,-0.08213,0.00071,0.00065,0.01252
10711.93,SYN.BTC-19JUL19,1563274740348,open,0.21,83.7,0.167,0.264,0.21548899,123.67,0.184,0.0,BTC-19JUL19-13000-P,10706.6,0.0,0.0005,2.0,0.0,0.0,0.0,0.88115,-18.94764,-0.98888,8e-05,-0.95624
225.44,SYN.ETH-26JUL19,1563274740348,open,1.21,0.0,1.13,1.306,1.218156,170.89,None,0.0,ETH-26JUL19-500-P,225.33,0.0,0.0,0.0,0.0,0.0,0.0,0.00394,-0.03406,-0.13508,0.00017,-0.99646
10841.75,BTC-27SEP19,1563274740359,open,0.0,495.5,0.0005,0.04,0.00018836,135.0,0.001,0.0,BTC-27SEP19-2000-P,10706.6,0.0,0.0,0.0,0.001,25.8,162.56,0.15646,-0.14492,-0.02476,0.0,-0.00096
225.36,SYN.ETH-19JUL19,1563274740363,open,0.77,0.0,0.705,0.846,0.775149,233.26,None,0.0,ETH-19JUL19-400-P,225.33,0.0,0.0,0.0,0.0,0.0,0.0,0.00227,-0.0922,-0.03145,0.00024,-0.99618
10841.75,BTC-27SEP19,1563274740386,open,0.01,326.4,0.0005,0.0505,0.01046839,104.14,0.012,0.0,BTC-27SEP19-5500-P,10706.6,100.57,0.009,18.2,0.012,44.0,107.62,4.62584,-3.30533,-1.20966,2e-05,-0.04541
225.36,SYN.ETH-19JUL19,1563274740428,open,0.85,0.0,0.79,0.938,0.863907,251.7,None,0.0,ETH-19JUL19-420-P,225.33,0.0,0.0,0.0,0.0,0.0,0.0,0.00223,-0.09763,-0.03303,0.00022,-0.99626
229.66,ETH-27DEC19,1563274740442,open,0.06,303.0,0.019,0.098,0.058541,114.0,0.063,0.0,ETH-27DEC19-600-C,225.33,111.47,0.054,110.0,0.063,332.0,116.41,0.41857,-0.14559,0.13629,0.00155,0.19072
10841.75,BTC-27SEP19,1563274740468,open,0.02,291.4,0.0005,0.0565,0.01692036,111.33,0.0175,0.0,BTC-27SEP19-24000-C,10706.58,107.82,0.0145,42.2,0.0185,39.0,113.48,7.78417,-5.94604,1.55442,3e-05,0.08873
10841.75,BTC-27SEP19,1563274740468,open,0.86,42.8,0.822,0.9015,0.86166292,129.62,0.815,0.0,BTC-27SEP19-1500-C,10706.58,0.0,0.01,1.0,0.0,0.0,0.0,0.02023,-0.01799,2.99223,0.0,0.99989
10841.75,BTC-27SEP19,1563274740468,open,0.47,714.8,0.423,0.5025,0.46283957,103.83,0.434,0.0,BTC-27SEP19-6000-C,10706.58,0.0,0.3,0.1,0.8685,3.0,500.0,6.20668,-4.4215,10.20167,3e-05,0.93412
10841.75,BTC-27SEP19,1563274740469,open,0.64,227.5,0.594,0.6735,0.63384699,113.49,0.7065,0.0,BTC-27SEP19-4000-C,10706.58,0.0,0.111,2.0,0.7255,5.0,299.18,1.64518,-1.28108,7.63983,1e-05,0.98678
11014.29,BTC-27DEC19,1563274740469,open,0.87,0.0,0.825,0.9045,0.86459407,124.06,None,0.0,BTC-27DEC19-1500-C,10706.58,0.0,0.019,0.2,0.9855,0.5,500.0,0.56148,-0.21252,6.57507,0.0,0.99755
11014.29,BTC-27DEC19,1563274740469,open,0.05,77.3,0.0105,0.09,0.05029504,107.38,0.048,0.0,BTC-27DEC19-28000-C,10706.58,105.44,0.047,4.9,0.053,4.9,108.93,18.98127,-6.21868,6.13603,3e-05,0.17438
11014.29,BTC-27DEC19,1563274740469,open,0.02,176.3,0.0005,0.0585,0.01853048,112.5,0.0185,0.0,BTC-27DEC19-44000-C,10706.58,109.63,0.016,6.0,0.0205,16.0,114.58,10.13517,-3.47885,2.64836,2e-05,0.07209
10841.75,BTC-27SEP19,1563274740470,open,0.32,901.1,0.2805,0.36,0.32009408,101.74,0.2905,0.0,BTC-27SEP19-8000-C,10706.58,0.0,0.0,0.0,0.4775,2.0,223.65,12.93758,-9.03098,10.70987,5e-05,0.81485
10711.93,SYN.BTC-19JUL19,1563274740469,open,0.3,16.4,0.2555,0.3595,0.30744869,131.42,0.331,0.0,BTC-19JUL19-14000-P,10706.58,0.0,0.05,0.1,0.0,0.0,0.0,0.31105,-7.10758,-1.09274,3e-05,-0.98734
10841.73,BTC-27SEP19,1563274740471,open,0.87,0.0,0.802,0.9515,0.87658608,108.59,None,0.0,BTC-27SEP19-20000-P,10706.58,0.0,0.0045,10.0,1.4945,0.2,500.0,11.49473,-8.56379,-37.28789,5e-05,-0.84599
10841.73,BTC-27SEP19,1563274740471,open,0.7,0.0,0.662,0.7415,0.70178409,124.07,None,0.0,BTC-27SEP19-3250-C,10706.58,0.0,0.0045,10.0,0.9075,5.0,500.0,0.96012,-0.81727,6.30089,0.0,0.99286
11014.29,BTC-27DEC19,1563274740471,open,0.91,1.7,0.8385,0.991,0.91479689,104.21,0.688,0.0,BTC-27DEC19-20000-P,10706.58,0.0,0.004,5.0,1.466,1.0,332.8,25.91495,-8.23949,-79.52253,5e-05,-0.6933
10724.91,SYN.BTC-26JUL19,1563274740469,open,0.31,11.0,0.262,0.3665,0.31429032,119.09,0.1845,0.0,BTC-26JUL19-14000-P,10706.58,0.0,0.0,0.0,0.0,0.0,0.0,3.17207,-19.12549,-3.5138,9e-05,-0.89661
10789.82,SYN.BTC-30AUG19,1563274740468,open,0.28,0.0,0.2345,0.337,0.28589475,106.93,None,0.0,BTC-30AUG19-13000-P,10706.58,0.0,0.0,0.0,0.0,0.0,0.0,14.38724,-17.14087,-12.03789,9e-05,-0.62155
10711.93,SYN.BTC-19JUL19,1563274740468,open,0.25,35.3,0.211,0.3115,0.26118393,126.48,0.2545,0.0,BTC-19JUL19-13500-P,10706.58,0.0,0.05,0.1,0.0,0.0,0.0,0.50878,-11.18853,-1.04538,4e-05,-0.97749
10724.91,SYN.BTC-26JUL19,1563274740468,open,0.95,0.0,0.8805,1.0365,0.95838395,149.53,None,0.0,BTC-26JUL19-21000-P,10706.58,0.0,0.0,0.0,0.0,0.0,0.0,0.2341,-1.77225,-5.66968,1e-05,-0.99546
10724.91,SYN.BTC-26JUL19,1563274740469,open,0.86,0.0,0.791,0.9395,0.86524958,144.23,None,0.0,BTC-26JUL19-20000-P,10706.58,0.0,0.0,0.0,0.0,0.0,0.0,0.30303,-2.21276,-5.39498,1e-05,-0.99393
10789.82,SYN.BTC-30AUG19,1563274740470,open,0.03,0.0,0.0005,0.0705,0.03075328,113.12,None,0.0,BTC-30AUG19-17000-C,10706.58,109.98,0.028,19.3,0.0335,3.2,116.14,9.63136,-12.13871,1.86842,6e-05,0.1716
10724.91,SYN.BTC-26JUL19,1563274740468,open,0.31,17.0,0.264,0.3435,0.30365571,125.98,0.246,0.0,BTC-26JUL19-7500-C,10706.58,0.0,0.005,0.1,0.0,0.0,0.0,1.31998,-8.41934,1.92299,3e-05,0.96634
11014.29,BTC-27DEC19,1563274740474,open,1.07,3.9,0.996,1.1615,1.07873964,104.59,0.752,0.0,BTC-27DEC19-22000-P,10706.58,0.0,0.0055,2.0,1.8675,0.3,500.0,24.03875,-7.67094,-89.83447,4e-05,-0.73788
10789.82,SYN.BTC-30AUG19,1563274740471,open,0.51,0.0,0.461,0.5825,0.52175404,111.76,None,0.0,BTC-30AUG19-16000-P,10706.58,0.0,0.0,0.0,0.0,0.0,0.0,10.87698,-13.54429,-17.41298,7e-05,-0.79087
10724.91,SYN.BTC-26JUL19,1563274740472,open,0.0,162.8,0.0005,0.04,0.00045988,134.82,0.001,0.0,BTC-26JUL19-19000-C,10706.58,0.0,0.0,0.0,0.001,5.1,147.63,0.33492,-2.28608,0.01839,1e-05,0.0068
10724.91,SYN.BTC-26JUL19,1563274740470,open,0.22,36.6,0.177,0.2565,0.21658562,115.95,0.2155,0.0,BTC-26JUL19-8500-C,10706.58,0.0,0.0105,0.1,0.0,0.0,0.0,2.96693,-17.41797,1.9995,8e-05,0.90564
10724.91,SYN.BTC-26JUL19,1563274740469,open,0.0,258.1,0.0005,0.0405,0.0007181,135.01,0.0005,0.0,BTC-26JUL19-6500-P,10706.58,0.0,0.0,0.0,0.002,40.5,157.08,0.42842,-2.92843,-0.02817,1e-05,-0.00899
10724.91,SYN.BTC-26JUL19,1563274740471,open,0.27,32.3,0.221,0.322,0.27147081,118.49,0.29,0.0,BTC-26JUL19-13500-P,10706.58,0.0,0.0,0.0,0.0,0.0,0.0,3.91396,-23.47919,-3.28523,0.00011,-0.86066
10711.93,SYN.BTC-19JUL19,1563274740468,open,0.0,342.6,0.0005,0.0405,0.00091853,131.33,0.001,0.0,BTC-19JUL19-8500-P,10706.58,119.93,0.0005,23.0,0.0015,4.2,142.6,0.47113,-9.83925,-0.01812,4e-05,-0.02055
10711.93,SYN.BTC-19JUL19,1563274740468,open,0.39,0.0,0.345,0.4565,0.40057104,148.51,None,0.0,BTC-19JUL19-15000-P,10706.58,0.0,0.001,1.0,0.0,0.0,0.0,0.17164,-4.43204,-1.1766,1e-05,-0.99358
10724.91,SYN.BTC-26JUL19,1563274740473,open,0.35,10.8,0.304,0.412,0.35810402,119.25,0.166,0.0,BTC-26JUL19-14500-P,10706.58,0.0,0.0,0.0,0.0,0.0,0.0,2.49767,-15.07962,-3.72327,7e-05,-0.92498
229.66,ETH-27DEC19,1563274740476,open,0.04,486.0,0.002,0.081,0.041449,116.38,0.041,0.0,ETH-27DEC19-720-C,225.33,112.62,0.036,50.0,0.046,350.0,119.34,0.34431,-0.12226,0.10274,0.00125,0.14108
10724.91,SYN.BTC-26JUL19,1563274740476,open,0.49,0.0,0.4475,0.527,0.48717708,105.33,0.4,0.0,BTC-26JUL19-5500-C,10706.58,0.0,0.0005,0.1,0.0,0.0,0.0,0.00298,-0.01591,1.488,0.0,0.99996
11014.29,BTC-27DEC19,1563274740485,open,1.41,0.0,1.3225,1.5155,1.41916976,106.56,None,0.0,BTC-27DEC19-26000-P,10706.58,0.0,0.004,10.0,2.22,0.2,500.0,20.58565,-6.6926,-109.80134,4e-05,-0.80122
225.36,SYN.ETH-19JUL19,1563274740580,open,0.06,238.0,0.017,0.096,0.05687,125.48,0.059,0.0,ETH-19JUL19-220-C,225.33,111.38,0.052,97.0,0.057,96.0,126.07,0.07691,-1.67787,0.00977,0.01532,0.60715
225.83,SYN.ETH-30AUG19,1563274740582,open,0.18,0.0,0.14,0.234,0.18655,106.84,None,0.0,ETH-30AUG19-240-P,225.33,102.12,0.18,227.0,0.196,249.0,113.57,0.31581,-0.37596,-0.18788,0.00471,-0.49005
225.83,SYN.ETH-30AUG19,1563274740590,open,0.18,0.0,0.14,0.234,0.18655,106.84,None,0.0,ETH-30AUG19-240-P,225.33,102.12,0.18,227.0,0.196,250.0,113.57,0.31581,-0.37596,-0.18788,0.00471,-0.49005
229.66,ETH-27DEC19,1563274740652,open,1.66,0.0,1.565,1.777,1.671003,113.95,0.953,0.0,ETH-27DEC19-600-P,225.33,0.0,0.0,0.0,0.0,0.0,0.0,0.41829,-0.14543,-2.55767,0.00155,-0.80948
229.65,ETH-27DEC19,1563274740684,open,2.16,0.0,2.05,2.303,2.176395,116.2,None,0.0,ETH-27DEC19-720-P,225.33,0.0,0.003,5.0,0.0,0.0,0.0,0.34327,-0.1217,-3.13026,0.00125,-0.85954
229.64,ETH-27DEC19,1563274740780,open,0.7,255.0,0.641,0.777,0.708666,107.74,0.913,0.0,ETH-27DEC19-360-P,225.33,104.06,0.7,110.0,0.724,30.0,113.33,0.59318,-0.195,-1.35346,0.00233,-0.60326
225.44,SYN.ETH-26JUL19,1563274740797,open,0.0,1236.0,0.001,0.04,7e-06,134.98,0.003,0.0,ETH-26JUL19-520-C,225.33,0.0,0.0,0.0,0.001,250.0,203.11,0.00019,-0.00128,1e-05,1e-05,0.00013
229.66,ETH-27DEC19,1563274740790,open,0.07,163.0,0.027,0.106,0.066543,113.16,0.071,0.0,ETH-27DEC19-560-C,225.33,110.79,0.062,110.0,0.071,286.0,115.42,0.44705,-0.15434,0.15088,0.00167,0.21288
225.44,SYN.ETH-26JUL19,1563274740820,open,0.0,1864.0,0.001,0.043,0.003203,133.51,0.006,0.0,ETH-26JUL19-340-C,225.33,123.64,0.002,440.0,0.005,402.0,144.78,0.03137,-0.21205,0.00219,0.00171,0.0391
225.44,SYN.ETH-26JUL19,1563274740825,open,0.0,1864.0,0.001,0.043,0.003203,133.51,0.006,0.0,ETH-26JUL19-340-C,225.33,123.64,0.002,440.0,0.005,401.0,144.78,0.03137,-0.21205,0.00219,0.00171,0.0391
225.82,SYN.ETH-30AUG19,1563274740833,open,0.03,40.0,0.001,0.077,0.037279,112.6,0.033,0.0,ETH-30AUG19-340-C,225.33,110.37,0.035,229.0,0.041,278.0,116.43,0.22215,-0.27871,0.04541,0.00315,0.20072
225.44,SYN.ETH-26JUL19,1563274740845,open,0.0,1091.0,0.001,0.04,0.0,134.99,0.001,0.0,ETH-26JUL19-600-C,225.33,0.0,0.0,0.0,0.001,250.0,231.93,1e-05,-9e-05,0.0,0.0,1e-05
225.36,SYN.ETH-19JUL19,1563274740876,open,0.08,1569.0,0.043,0.129,0.086453,129.02,0.08,0.0,ETH-19JUL19-240-P,225.33,104.07,0.079,354.0,0.089,50.0,136.75,0.0707,-1.58591,-0.01377,0.01369,-0.68873
229.65,ETH-27DEC19,1563274740889,open,0.05,151.0,0.012,0.091,0.051698,114.73,0.062,0.0,ETH-27DEC19-640-C,225.33,111.3,0.046,43.0,0.056,296.0,117.21,0.39138,-0.137,0.12337,0.00144,0.17135
229.66,ETH-27DEC19,1563274740894,open,0.42,188.0,0.372,0.485,0.428301,105.76,0.438,0.0,ETH-27DEC19-280-P,225.33,103.04,0.421,120.0,0.44,120.0,110.17,0.6122,-0.19756,-0.92645,0.00244,-0.47023
226.15,ETH-27SEP19,1563274740904,open,0.2,1146.0,0.156,0.235,0.195353,104.1,0.216,0.0,ETH-27SEP19-220-C,225.33,100.99,0.19,110.0,0.201,250.0,107.43,0.38633,-0.27592,0.18941,0.00363,0.6148
225.82,SYN.ETH-30AUG19,1563274740911,open,0.32,0.0,0.282,0.361,0.321784,106.97,None,0.0,ETH-30AUG19-160-C,225.33,0.0,0.0,0.0,0.0,0.0,0.0,0.17132,-0.20418,0.15101,0.00255,0.86569
10711.93,SYN.BTC-19JUL19,1563274740944,open,0.0,342.6,0.0005,0.0405,0.00091853,131.33,0.001,0.0,BTC-19JUL19-8500-P,10706.58,119.93,0.0005,23.0,0.0015,4.3,142.6,0.47113,-9.83925,-0.01812,4e-05,-0.02055
11014.29,BTC-27DEC19,1563274740983,open,0.09,161.0,0.05,0.137,0.09357488,99.48,0.093,0.0,BTC-27DEC19-7500-P,10706.58,96.03,0.0875,4.9,0.0945,4.9,100.0,19.46415,-5.90782,-13.601,4e-05,-0.18146
225.44,SYN.ETH-26JUL19,1563274741067,open,0.01,985.0,0.001,0.052,0.011753,122.07,0.012,0.0,ETH-26JUL19-180-P,225.33,119.57,0.011,381.0,0.015,150.0,131.98,0.07016,-0.43361,-0.00749,0.00418,-0.11095
229.65,ETH-27DEC19,1563274741076,open,0.86,23.0,0.787,0.935,0.860882,108.79,0.775,0.0,ETH-27DEC19-400-P,225.31,85.53,0.807,110.0,1.49,1.0,388.16,0.56743,-0.18835,-1.56217,0.0022,-0.65421
226.12,ETH-27SEP19,1563274741076,open,2.0,0.0,1.894,2.134,2.014158,120.72,None,0.0,ETH-27SEP19-680-P,225.31,0.0,0.0,0.0,0.0,0.0,0.0,0.08393,-0.06951,-1.34354,0.00068,-0.96176
229.65,ETH-27DEC19,1563274741077,open,0.15,207.0,0.101,0.18,0.140995,107.43,0.154,0.0,ETH-27DEC19-360-C,225.31,105.1,0.135,353.0,0.145,250.0,108.98,0.59276,-0.19429,0.26257,0.00233,0.39565
229.65,ETH-27DEC19,1563274741077,open,0.12,594.0,0.08,0.159,0.119252,108.86,0.138,0.0,ETH-27DEC19-400-C,225.31,107.54,0.116,110.0,0.124,250.0,110.77,0.56757,-0.18851,0.23381,0.0022,0.34602
229.65,ETH-27DEC19,1563274741077,open,0.09,584.0,0.049,0.128,0.088049,111.38,0.093,0.0,ETH-27DEC19-480-C,225.31,109.08,0.083,110.0,0.094,313.0,114.04,0.50821,-0.17271,0.18697,0.00193,0.26939
229.65,ETH-27DEC19,1563274741077,open,0.53,0.0,0.484,0.563,0.523714,104.22,None,0.0,ETH-27DEC19-120-C,225.31,0.0,0.001,1100.0,2.47,1.0,500.0,0.27108,-0.0862,0.38744,0.0011,0.89948
229.65,ETH-27DEC19,1563274741077,open,0.05,132.0,0.007,0.086,0.046228,115.61,0.054,0.0,ETH-27DEC19-680-C,225.31,112.25,0.041,40.0,0.051,340.0,118.53,0.36716,-0.12952,0.11247,0.00134,0.15531
229.65,ETH-27DEC19,1563274741077,open,0.1,469.0,0.062,0.141,0.101783,110.09,0.109,0.0,ETH-27DEC19-440-C,225.31,108.47,0.098,110.0,0.107,514.0,112.3,0.53829,-0.18081,0.2086,0.00207,0.3041
229.65,ETH-27DEC19,1563274741077,open,0.33,2.0,0.285,0.364,0.324705,104.2,0.333,0.0,ETH-27DEC19-200-C,225.31,0.0,0.001,1000.0,1.4,1.0,500.0,0.52856,-0.16805,0.39504,0.00214,0.70784
229.63,ETH-27DEC19,1563274741077,open,0.26,319.0,0.218,0.297,0.257142,104.21,0.27,0.0,ETH-27DEC19-240-C,225.31,102.21,0.252,120.0,0.263,250.0,106.5,0.58925,-0.18736,0.36639,0.00239,0.61252
226.12,ETH-27SEP19,1563274741077,open,0.0,1815.0,0.001,0.042,0.002186,113.47,0.003,0.0,ETH-27SEP19-80-P,225.31,101.59,0.001,250.0,0.004,500.0,125.28,0.02844,-0.02214,-0.00579,0.00025,-0.01065
226.12,ETH-27SEP19,1563274741077,open,0.29,743.0,0.247,0.326,0.286246,104.17,0.274,0.0,ETH-27SEP19-180-C,225.31,0.0,0.0,0.0,0.609,10.0,345.36,0.31042,-0.22185,0.21619,0.00292,0.7651
225.44,SYN.ETH-26JUL19,1563274741076,open,1.29,0.0,1.215,1.399,1.306875,176.73,None,0.0,ETH-26JUL19-520-P,225.31,0.0,0.0,0.0,0.0,0.0,0.0,0.00356,-0.03189,-0.14052,0.00015,-0.99683
225.82,SYN.ETH-30AUG19,1563274741076,open,0.61,0.0,0.56,0.689,0.624242,114.19,None,0.0,ETH-30AUG19-360-P,225.31,0.0,0.0,0.0,0.0,0.0,0.0,0.19839,-0.25241,-0.40448,0.00277,-0.83261
229.63,ETH-27DEC19,1563274741078,open,0.08,473.0,0.037,0.116,0.076008,112.19,0.087,0.0,ETH-27DEC19-520-C,225.31,109.25,0.07,110.0,0.081,280.0,114.56,0.47657,-0.16312,0.16741,0.00179,0.23839
225.82,SYN.ETH-30AUG19,1563274741076,open,0.53,0.0,0.482,0.604,0.542779,112.6,None,0.0,ETH-30AUG19-340-P,225.31,0.0,0.0,0.0,0.0,0.0,0.0,0.22217,-0.27873,-0.37261,0.00315,-0.79927
225.44,SYN.ETH-26JUL19,1563274741077,open,0.42,519.0,0.369,0.482,0.425311,132.25,0.183,0.0,ETH-26JUL19-320-P,225.31,0.0,0.051,5.0,0.0,0.0,0.0,0.04793,-0.3209,-0.08287,0.00264,-0.93338
226.1,ETH-27SEP19,1563274741078,open,0.07,1696.0,0.026,0.105,0.065961,108.99,0.076,0.0,ETH-27SEP19-340-C,225.31,106.32,0.062,371.0,0.07,421.0,111.67,0.33782,-0.25262,0.0949,0.00304,0.27619
225.44,SYN.ETH-26JUL19,1563274741077,open,0.0,1074.0,0.001,0.04,2.8e-05,135.0,0.001,0.0,ETH-26JUL19-480-C,225.31,0.0,0.0,0.0,0.001,250.0,186.63,0.00066,-0.00448,3e-05,4e-05,0.0005
226.1,ETH-27SEP19,1563274741079,open,0.41,191.0,0.37,0.449,0.409201,104.25,0.5,0.0,ETH-27SEP19-140-C,225.31,0.0,0.01,50.0,0.0,0.0,0.0,0.18179,-0.13004,0.21998,0.00171,0.8965
226.1,ETH-27SEP19,1563274741079,open,0.74,0.0,0.696,0.775,0.735711,129.54,0.01,0.0,ETH-27SEP19-60-C,225.31,0.0,0.003,10.0,0.0,0.0,0.0,0.0144,-0.0128,0.11709,0.00011,0.99508
229.63,ETH-27DEC19,1563274741079,open,0.21,194.0,0.17,0.249,0.209108,105.79,0.22,0.0,ETH-27DEC19-280-C,225.31,102.76,0.201,337.0,0.212,250.0,106.88,0.61212,-0.19759,0.33059,0.00244,0.52976
225.44,SYN.ETH-26JUL19,1563274741076,open,1.65,0.0,1.556,1.768,1.661771,204.95,None,0.0,ETH-26JUL19-600-P,225.31,0.0,0.0,0.0,0.0,0.0,0.0,0.00351,-0.03645,-0.16217,0.00012,-0.99688
226.1,ETH-27SEP19,1563274741079,open,0.65,0.0,0.609,0.688,0.648438,114.08,None,0.0,ETH-27SEP19-80-C,225.31,0.0,0.003,10.0,0.0,0.0,0.0,0.02908,-0.02276,0.15378,0.00025,0.98908
226.1,ETH-27SEP19,1563274741079,open,0.08,5599.0,0.039,0.125,0.082177,104.07,0.084,0.0,ETH-27SEP19-180-P,225.31,100.28,0.077,225.0,0.086,635.0,106.85,0.31038,-0.22162,-0.14313,0.00292,-0.23488
229.63,ETH-27DEC19,1563274741080,open,1.82,0.0,1.725,1.951,1.83832,114.46,None,0.0,ETH-27DEC19-640-P,225.31,0.0,0.0,0.0,0.0,0.0,0.0,0.3898,-0.13613,-2.75068,0.00144,-0.8297
225.36,SYN.ETH-19JUL19,1563274741077,open,0.41,282.0,0.364,0.476,0.420004,133.67,0.4,0.0,ETH-19JUL19-320-P,225.31,0.0,0.003,25.0,0.0,0.0,0.0,0.00121,-0.02801,-0.02518,0.00023,-0.99811
225.44,SYN.ETH-26JUL19,1563274741076,open,0.0,1117.0,0.001,0.04,0.000113,135.0,0.001,0.0,ETH-26JUL19-440-C,225.31,0.0,0.0,0.0,0.001,250.0,168.39,0.00221,-0.01507,0.00011,0.00012,0.00186
225.44,SYN.ETH-26JUL19,1563274741079,open,0.22,0.0,0.174,0.253,0.213323,122.06,None,0.0,ETH-26JUL19-180-C,225.31,0.0,0.0,0.0,0.0,0.0,0.0,0.07016,-0.43358,0.04122,0.00418,0.88905
225.44,SYN.ETH-26JUL19,1563274741079,open,0.5,1130.0,0.451,0.571,0.511348,133.35,0.6,0.0,ETH-26JUL19-340-P,225.31,0.0,0.0,0.0,0.0,0.0,0.0,0.03124,-0.21089,-0.08981,0.0017,-0.9611
225.44,SYN.ETH-26JUL19,1563274741077,open,0.0,2384.0,0.001,0.04,1.4e-05,135.0,0.001,0.0,ETH-26JUL19-500-C,225.31,0.0,0.0,0.0,0.001,521.0,195.07,0.00035,-0.0024,1e-05,2e-05,0.00025
225.36,SYN.ETH-19JUL19,1563274741077,open,0.0,315.0,0.001,0.04,0.0,135.0,0.001,0.0,ETH-19JUL19-380-C,225.31,0.0,0.0,0.0,0.001,250.0,253.57,1e-05,-5e-05,0.0,0.0,1e-05
225.36,SYN.ETH-19JUL19,1563274741078,open,0.0,2.0,0.001,0.04,0.0,135.0,0.002,0.0,ETH-19JUL19-420-C,225.31,0.0,0.0,0.0,0.001,250.0,293.82,0.0,0.0,0.0,0.0,0.0
225.44,SYN.ETH-26JUL19,1563274741078,open,0.15,0.0,0.104,0.183,0.143579,119.6,None,0.0,ETH-26JUL19-200-C,225.31,0.0,0.005,2.0,0.0,0.0,0.0,0.11522,-0.69771,0.03761,0.00701,0.76021
225.82,SYN.ETH-30AUG19,1563274741077,open,0.4,0.0,0.356,0.435,0.395659,110.22,None,0.0,ETH-30AUG19-140-C,225.31,0.0,0.0,0.0,0.0,0.0,0.0,0.11358,-0.13949,0.1466,0.00164,0.92369
225.82,SYN.ETH-30AUG19,1563274741077,open,0.31,0.0,0.263,0.367,0.315219,108.84,None,0.0,ETH-30AUG19-280-P,225.31,0.0,0.0,0.0,0.0,0.0,0.0,0.2947,-0.35739,-0.26668,0.00432,-0.64529
225.36,SYN.ETH-19JUL19,1563274741077,open,0.29,0.0,0.251,0.33,0.290003,0.0,None,0.0,ETH-19JUL19-160-C,225.31,0.0,0.0,0.0,0.0,0.0,0.0,0.0,0.0,0.01261,0.0,1.0
226.1,ETH-27SEP19,1563274741083,open,0.11,1912.0,0.072,0.151,0.111231,106.23,0.116,0.0,ETH-27SEP19-280-C,225.31,103.22,0.106,333.0,0.116,473.0,108.96,0.394,-0.28716,0.13741,0.00363,0.41562
225.36,SYN.ETH-19JUL19,1563274741077,open,0.0,573.0,0.001,0.04,7.1e-05,135.0,0.001,0.0,ETH-19JUL19-320-C,225.31,0.0,0.0,0.0,0.001,250.0,181.48,0.00131,-0.01591,4e-05,0.00024,0.00208
225.44,SYN.ETH-26JUL19,1563274741080,open,0.0,3958.0,0.001,0.041,0.001768,135.0,0.001,0.0,ETH-26JUL19-360-C,225.31,124.76,0.001,8.0,0.003,173.0,146.53,0.02015,-0.13775,0.00129,0.00109,0.02293
225.44,SYN.ETH-26JUL19,1563274741078,open,0.0,1248.0,0.001,0.04,2e-06,135.0,0.001,0.0,ETH-26JUL19-560-C,225.31,0.0,0.0,0.0,0.001,339.0,218.13,5e-05,-0.00036,0.0,0.0,3e-05
225.44,SYN.ETH-26JUL19,1563274741076,open,0.05,815.0,0.012,0.091,0.051548,117.82,0.058,0.0,ETH-26JUL19-240-C,225.33,112.33,0.048,367.0,0.055,120.0,123.27,0.14421,-0.8602,0.0219,0.0089,0.4106
225.36,SYN.ETH-19JUL19,1563274741102,open,0.02,325.0,0.001,0.061,0.021501,128.7,0.019,0.0,ETH-19JUL19-240-C,225.31,114.06,0.017,315.0,0.022,324.0,130.29,0.07064,-1.58079,0.00514,0.01372,0.31073
225.36,SYN.ETH-19JUL19,1563274741109,open,0.02,325.0,0.001,0.061,0.021501,128.7,0.019,0.0,ETH-19JUL19-240-C,225.31,114.06,0.017,315.0,0.022,323.0,130.29,0.07064,-1.58079,0.00514,0.01372,0.31073
225.44,SYN.ETH-26JUL19,1563274741117,open,0.09,629.0,0.049,0.128,0.088981,117.9,0.104,0.0,ETH-26JUL19-220-C,225.31,111.68,0.085,313.0,0.093,120.0,124.18,0.14431,-0.86142,0.03045,0.0089,0.58819
225.82,SYN.ETH-30AUG19,1563274741133,open,0.16,0.0,0.12,0.199,0.159839,106.79,None,0.0,ETH-30AUG19-220-C,225.31,101.0,0.152,250.0,0.168,236.0,112.82,0.30563,-0.36364,0.1226,0.00456,0.6014
225.82,SYN.ETH-30AUG19,1563274741143,open,0.16,0.0,0.12,0.199,0.159839,106.79,None,0.0,ETH-30AUG19-220-C,225.31,101.0,0.152,250.0,0.168,237.0,112.82,0.30563,-0.36364,0.1226,0.00456,0.6014
10724.91,SYN.BTC-26JUL19,1563274741150,open,0.26,24.1,0.2195,0.299,0.25920694,119.91,0.38,0.0,BTC-26JUL19-8000-C,10706.58,0.0,0.0,0.0,0.0,0.0,0.0,2.00472,-12.17038,1.98567,5e-05,0.94349
225.36,SYN.ETH-19JUL19,1563274741158,open,0.0,1027.0,0.001,0.041,0.001661,132.46,0.002,0.0,ETH-19JUL19-280-C,225.31,121.79,0.001,6.0,0.002,167.0,136.93,0.01615,-0.37187,0.00063,0.00305,0.03692
225.44,SYN.ETH-26JUL19,1563274741160,open,0.03,761.0,0.001,0.068,0.028418,118.8,0.029,0.0,ETH-26JUL19-260-C,225.31,114.26,0.026,415.0,0.032,320.0,125.38,0.12114,-0.72865,0.01435,0.00742,0.26363
10711.93,SYN.BTC-19JUL19,1563274741173,open,0.01,480.5,0.0005,0.0475,0.00750742,116.38,0.008,0.0,BTC-19JUL19-12000-C,10706.58,108.69,0.006,34.0,0.008,2.6,118.76,2.19131,-44.34075,0.11808,0.00021,0.14742
10711.93,SYN.BTC-19JUL19,1563274741175,open,0.09,43.9,0.041,0.1205,0.08075659,113.44,0.0945,0.0,BTC-19JUL19-10000-C,10706.58,104.95,0.0785,1.9,0.0815,2.1,116.17,2.89882,-57.17679,0.58028,0.00028,0.76833
10711.93,SYN.BTC-19JUL19,1563274741184,open,0.0,275.5,0.0005,0.04,0.00010394,134.96,0.0005,0.0,BTC-19JUL19-15000-C,10706.58,0.0,0.0,0.0,0.0005,8.3,160.08,0.08629,-1.11339,0.00242,1e-05,0.00297
10724.91,SYN.BTC-26JUL19,1563274741199,open,0.12,177.7,0.07,0.1495,0.10956606,111.69,0.118,0.0,BTC-26JUL19-10000-C,10706.58,105.59,0.106,18.0,0.112,2.5,115.83,6.29365,-35.58978,1.66057,0.00018,0.68182
10711.93,SYN.BTC-19JUL19,1563274741212,open,0.02,232.5,0.0005,0.055,0.01505517,114.44,0.0145,0.0,BTC-19JUL19-11500-C,10706.58,110.73,0.014,24.0,0.0155,2.1,115.98,3.07466,-61.17722,0.20543,0.0003,0.25846
10724.91,SYN.BTC-26JUL19,1563274741214,open,0.0,375.4,0.0005,0.04,0.00010753,134.98,0.0005,0.0,BTC-26JUL19-21000-C,10706.58,0.0,0.0,0.0,0.0005,6.0,156.27,0.1004,-0.68616,0.00484,0.0,0.00178
10711.93,SYN.BTC-19JUL19,1563274741227,open,0.0,206.1,0.0005,0.0405,0.00076354,123.28,0.0015,0.0,BTC-19JUL19-13500-C,10706.58,116.2,0.0005,6.0,0.001,5.6,128.37,0.45517,-8.17902,0.01601,4e-05,0.01973
225.82,SYN.ETH-30AUG19,1563274741297,open,0.26,0.0,0.219,0.298,0.258214,106.75,None,0.0,ETH-30AUG19-180-C,225.31,0.0,0.0,0.0,0.0,0.0,0.0,0.23065,-0.27433,0.14657,0.00345,0.78613
10724.91,SYN.BTC-26JUL19,1563274741388,open,0.0,313.8,0.0005,0.04,0.00022479,134.98,0.001,0.0,BTC-26JUL19-20000-C,10706.58,0.0,0.0,0.0,0.0005,3.8,146.48,0.18598,-1.27098,0.00954,0.0,0.00351
10711.93,SYN.BTC-19JUL19,1563274741389,open,0.0,127.8,0.0005,0.04,4.083e-05,134.96,0.0005,0.0,BTC-19JUL19-15500-C,10706.58,0.0,0.0,0.0,0.0005,11.2,173.34,0.03915,-0.43595,0.00102,0.0,0.00125
10841.73,BTC-27SEP19,1563274741405,open,0.12,200.5,0.076,0.1555,0.11585339,103.13,0.1,0.0,BTC-27SEP19-13000-C,10706.58,100.93,0.112,26.7,0.1195,15.5,105.2,19.06976,-13.49343,6.90919,8e-05,0.43504
10841.75,BTC-27SEP19,1563274741409,open,0.01,326.4,0.0005,0.0505,0.01046325,104.14,0.012,0.0,BTC-27SEP19-5500-P,10706.58,100.57,0.009,18.1,0.012,44.0,107.62,4.62584,-3.30533,-1.20966,2e-05,-0.04541
11014.29,BTC-27DEC19,1563274741411,open,0.21,152.4,0.166,0.2455,0.20566008,100.52,0.216,0.0,BTC-27DEC19-13000-C,10706.58,99.52,0.203,2.0,0.21,3.4,102.15,29.32183,-8.99331,16.3421,5e-05,0.53613
11014.29,BTC-27DEC19,1563274741422,open,0.21,152.4,0.166,0.2455,0.20566008,100.52,0.216,0.0,BTC-27DEC19-13000-C,10706.58,99.52,0.203,2.0,0.21,3.3,102.15,29.32183,-8.99331,16.3421,5e-05,0.53613
11014.29,BTC-27DEC19,1563274741441,open,0.27,426.1,0.222,0.3015,0.26156913,99.48,0.273,0.0,BTC-27DEC19-11000-C,10706.58,98.86,0.26,3.0,0.266,3.3,101.24,27.83379,-8.44849,18.28265,5e-05,0.63128
10711.93,SYN.BTC-19JUL19,1563274741448,open,0.01,602.8,0.0005,0.0545,0.01437297,113.83,0.0145,0.0,BTC-19JUL19-10000-P,10706.58,104.8,0.012,35.9,0.015,2.6,116.03,2.90345,-57.46661,-0.20824,0.00028,-0.23234
10841.52,BTC-27SEP19,1563274741468,open,0.05,301.4,0.0055,0.085,0.04510244,107.2,0.0525,0.0,BTC-27SEP19-18000-C,10709.15,105.13,0.0425,3.3,0.047,19.3,108.67,13.81974,-10.16395,3.49147,5e-05,0.2064
10844.09,BTC-27SEP19,1563274741468,open,1.4,0.0,1.3145,1.507,1.4106587,113.22,None,0.0,BTC-27SEP19-26000-P,10709.15,0.0,0.0,0.0,0.0,0.0,0.0,6.50756,-5.055,-50.6777,2e-05,-0.92998
11016.68,BTC-27DEC19,1563274741468,open,3.71,1.0,3.5445,3.9225,3.73356106,115.74,3.1845,0.0,BTC-27DEC19-52000-P,10709.15,0.0,0.001,1.0,0.0,0.0,0.0,8.01426,-2.83,-231.49374,1e-05,-0.94667
10844.09,BTC-27SEP19,1563274741468,open,1.58,0.0,1.4885,1.6955,1.59205677,114.56,None,0.0,BTC-27SEP19-28000-P,10709.15,0.0,0.0,0.0,0.0,0.0,0.0,5.3988,-4.24334,-54.92805,2e-05,-0.94489
10844.09,BTC-27SEP19,1563274741469,open,1.76,0.0,1.6635,1.885,1.77421115,115.67,None,0.0,BTC-27SEP19-30000-P,10709.15,0.0,0.0,0.0,0.0,0.0,0.0,4.47703,-3.55298,-59.12123,2e-05,-0.9564
11016.68,BTC-27DEC19,1563274741469,open,0.06,136.1,0.019,0.0985,0.0586443,106.56,0.067,0.0,BTC-27DEC19-26000-C,10709.15,104.86,0.0555,4.9,0.0615,4.9,108.08,20.59731,-6.69685,6.93704,4e-05,0.19889
11016.68,BTC-27DEC19,1563274741470,open,0.57,62.9,0.5315,0.611,0.57141314,99.77,0.598,0.0,BTC-27DEC19-5000-C,10709.15,0.0,0.0045,0.1,0.7015,14.0,214.77,9.3339,-2.84138,17.99516,2e-05,0.93523
10844.09,BTC-27SEP19,1563274741470,open,0.01,419.2,0.0005,0.047,0.00680873,106.2,0.006,0.0,BTC-27SEP19-5000-P,10709.15,101.75,0.0055,15.0,0.008,24.0,109.87,3.37276,-2.4576,-0.81502,1e-05,-0.03083
11016.68,BTC-27DEC19,1563274741470,open,1.93,0.3,1.8255,2.0605,1.94309002,109.22,2.435,0.0,BTC-27DEC19-32000-P,10709.15,0.0,0.0,0.0,0.0,0.0,0.0,16.23895,-5.41159,-138.76467,3e-05,-0.86239
10844.09,BTC-27SEP19,1563274741470,open,1.22,0.2,1.1415,1.3195,1.23059163,111.98,1.6,0.0,BTC-27SEP19-24000-P,10709.15,0.0,0.0,0.0,0.0,0.0,0.0,7.90298,-6.07192,-46.33502,3e-05,-0.90947
10724.87,SYN.BTC-26JUL19,1563274741468,open,0.76,0.0,0.7015,0.8425,0.77203644,134.58,None,0.0,BTC-26JUL19-19000-P,10709.15,0.0,0.0,0.0,0.0,0.0,0.0,0.33105,-2.25577,-5.12262,1e-05,-0.99329
10844.09,BTC-27SEP19,1563274741470,open,0.51,224.0,0.4635,0.543,0.5031555,103.88,0.5225,0.0,BTC-27SEP19-5500-C,10709.15,0.0,0.32,0.1,0.615,1.0,250.33,4.5989,-3.27776,9.78141,2e-05,0.95493
10844.09,BTC-27SEP19,1563274741471,open,0.09,149.9,0.0495,0.1365,0.09291802,101.78,0.09,0.0,BTC-27SEP19-9000-P,10709.15,98.4,0.088,19.3,0.095,31.3,103.21,15.77868,-11.01894,-7.68409,7e-05,-0.26198
11016.68,BTC-27DEC19,1563274741472,open,0.01,430.5,0.0005,0.052,0.0124209,114.29,0.012,0.0,BTC-27DEC19-52000-C,10709.15,111.37,0.0105,6.0,0.014,10.0,116.49,7.63084,-2.661,1.86591,1e-05,0.05014
10844.09,BTC-27SEP19,1563274741472,open,0.0,318.1,0.0005,0.044,0.00430055,108.94,0.0035,0.0,BTC-27SEP19-4500-P,10709.15,102.33,0.003,15.0,0.0055,24.0,114.06,2.36276,-1.76595,-0.52976,1e-05,-0.02017
11016.68,BTC-27DEC19,1563274741473,open,1.24,0.0,1.158,1.3375,1.24785736,105.9,None,0.0,BTC-27DEC19-24000-P,10709.15,0.0,0.0055,1.0,2.0435,0.2,500.0,22.35389,-7.22283,-99.86241,4e-05,-0.77111
11016.68,BTC-27DEC19,1563274741473,open,2.28,1.3,2.166,2.4295,2.29760056,110.66,2.889,0.0,BTC-27DEC19-36000-P,10709.15,0.0,0.0005,1.0,0.0,0.0,0.0,13.8854,-4.68811,-157.66263,2e-05,-0.88994
11016.68,BTC-27DEC19,1563274741473,open,3.35,0.0,3.1985,3.548,3.3731343,114.7,None,0.0,BTC-27DEC19-48000-P,10709.15,0.0,0.0,0.0,0.0,0.0,0.0,9.12577,-3.19367,-213.19225,1e-05,-0.93708
11016.68,BTC-27DEC19,1563274741473,open,1.41,0.0,1.3225,1.5155,1.41921407,106.84,None,0.0,BTC-27DEC19-26000-P,10709.15,0.0,0.004,10.0,2.22,0.2,500.0,20.66684,-6.7367,-109.76645,4e-05,-0.79999
11016.68,BTC-27DEC19,1563274741473,open,1.76,0.2,1.6565,1.8775,1.76708425,108.42,2.2245,0.0,BTC-27DEC19-30000-P,10709.15,0.0,0.0,0.0,0.0,0.0,0.0,17.57946,-5.81503,-129.20602,3e-05,-0.84514
10844.09,BTC-27SEP19,1563274741473,open,0.55,793.2,0.506,0.5855,0.54562779,105.88,0.5945,0.0,BTC-27SEP19-5000-C,10709.15,0.0,0.051,1.0,0.68,5.0,299.47,3.34595,-2.43064,9.17653,1e-05,0.96946
11016.68,BTC-27DEC19,1563274741474,open,1.58,0.1,1.489,1.696,1.59244454,107.68,2.02,0.0,BTC-27DEC19-28000-P,10709.15,0.0,0.001,1.0,2.5,0.1,500.0,19.07346,-6.26647,-119.53951,3e-05,-0.82435
10724.87,SYN.BTC-26JUL19,1563274741470,open,0.67,0.0,0.612,0.746,0.67905602,130.23,None,0.0,BTC-26JUL19-18000-P,10709.15,0.0,0.0,0.0,0.0,0.0,0.0,0.48826,-3.21937,-4.84197,1e-05,-0.98956
10711.9,SYN.BTC-19JUL19,1563274741472,open,0.44,0.0,0.3895,0.5045,0.44702523,133.92,None,0.0,BTC-19JUL19-15500-P,10709.15,0.0,0.001,1.0,0.0,0.0,0.0,0.03634,-0.84612,-1.22025,0.0,-0.99885
10724.87,SYN.BTC-26JUL19,1563274741472,open,0.0,560.7,0.0005,0.0405,0.000721,130.4,0.0005,0.0,BTC-26JUL19-18000-C,10709.15,0.0,0.0,0.0,0.0015,15.2,143.33,0.49189,-3.24747,0.02847,1e-05,0.01053
10789.67,SYN.BTC-30AUG19,1563274741472,open,0.68,0.0,0.625,0.7595,0.69228313,113.81,None,0.0,BTC-30AUG19-18000-P,10709.15,0.0,0.0,0.0,0.0,0.0,0.0,8.39651,-10.64697,-20.59979,5e-05,-0.86059
10844.09,BTC-27SEP19,1563274741498,open,0.25,61.5,0.1995,0.2985,0.24897328,102.68,0.2855,0.0,BTC-27SEP19-12000-P,10709.15,100.74,0.2455,2.7,0.2525,3.2,104.66,19.33,-13.61837,-16.14136,8e-05,-0.49654
11016.68,BTC-27DEC19,1563274741512,open,1.41,0.0,1.3225,1.5155,1.41921407,106.84,None,0.0,BTC-27DEC19-26000-P,10709.15,0.0,0.004,10.0,2.2195,0.2,500.0,20.66684,-6.7367,-109.76645,4e-05,-0.79999
10844.09,BTC-27SEP19,1563274741515,open,0.87,0.0,0.802,0.9515,0.87662576,108.98,None,0.0,BTC-27SEP19-20000-P,10709.15,0.0,0.0045,10.0,1.4935,0.2,500.0,11.56558,-8.6475,-37.26682,5e-05,-0.84461
11016.68,BTC-27DEC19,1563274741520,open,1.07,3.9,0.996,1.1615,1.07877582,104.78,0.752,0.0,BTC-27DEC19-22000-P,10709.15,0.0,0.0055,2.0,1.8665,0.3,500.0,24.08715,-7.70086,-89.81021,4e-05,-0.73696
11016.68,BTC-27DEC19,1563274741523,open,1.24,0.0,1.158,1.3375,1.24785736,105.9,None,0.0,BTC-27DEC19-24000-P,10709.15,0.0,0.0055,1.0,2.0425,0.2,500.0,22.35389,-7.22283,-99.86241,4e-05,-0.77111
11016.68,BTC-27DEC19,1563274741526,open,0.75,12.4,0.685,0.825,0.75497097,103.62,0.559,0.0,BTC-27DEC19-18000-P,10709.15,0.0,0.004,5.0,1.515,0.2,500.0,27.60151,-8.72622,-69.02627,5e-05,-0.64057
11016.68,BTC-27DEC19,1563274741528,open,0.23,179.8,0.191,0.2705,0.23050656,99.57,0.2435,0.0,BTC-27DEC19-12000-C,10709.15,99.38,0.23,2.5,0.2365,3.4,101.87,28.83402,-8.76003,17.35556,5e-05,0.58139
11016.68,BTC-27DEC19,1563274741650,open,0.08,220.6,0.0335,0.119,0.07613515,99.51,0.0765,0.0,BTC-27DEC19-7000-P,10709.15,96.28,0.071,6.0,0.077,6.0,100.05,17.62042,-5.35006,-11.45259,3e-05,-0.15541
10724.87,SYN.BTC-26JUL19,1563274741667,open,0.06,282.7,0.02,0.1045,0.06222189,111.38,0.0645,0.0,BTC-26JUL19-10500-P,10709.15,106.37,0.059,20.3,0.0655,18.0,116.49,6.88829,-38.84476,-1.39322,0.0002,-0.4179
10789.67,SYN.BTC-30AUG19,1563274741675,open,0.37,0.0,0.331,0.4105,0.37058541,108.61,None,0.0,BTC-30AUG19-7000-C,10709.15,0.0,0.0,0.0,0.0,0.0,0.0,6.26106,-7.57667,7.12479,4e-05,0.90767
10844.09,BTC-27SEP19,1563274741698,open,0.61,0.2,0.572,0.6515,0.61150417,110.84,0.65,0.0,BTC-27SEP19-4250-C,10709.15,0.0,0.005,0.1,0.7135,5.0,299.16,1.96215,-1.4921,8.06028,1e-05,0.98378
11016.68,BTC-27DEC19,1563274741795,open,0.38,58.2,0.331,0.441,0.38594496,100.59,0.4505,0.0,BTC-27DEC19-13000-P,10709.15,97.05,0.3765,3.6,0.3905,3.6,102.3,29.3263,-9.00065,-42.01945,5e-05,-0.46358
10844.09,BTC-27SEP19,1563274741832,open,0.13,227.8,0.0915,0.182,0.13667558,101.8,0.1345,0.0,BTC-27SEP19-10000-P,10709.15,98.64,0.1315,19.3,0.1395,33.0,103.52,17.80442,-12.43494,-10.37528,7e-05,-0.34252
10711.9,SYN.BTC-19JUL19,1563274741842,open,0.05,345.0,0.013,0.097,0.05502304,111.93,0.0545,0.0,BTC-19JUL19-11000-P,10709.15,103.17,0.052,18.0,0.055,2.1,111.87,3.70454,-72.09746,-0.54105,0.00037,-0.58607
10724.87,SYN.BTC-26JUL19,1563274741858,open,0.09,389.6,0.045,0.1315,0.08810212,112.37,0.083,0.0,BTC-26JUL19-11000-P,10709.15,106.87,0.0845,18.0,0.0925,18.0,119.08,7.03083,-39.99957,-1.7582,0.0002,-0.5178
10711.9,SYN.BTC-19JUL19,1563274741861,open,0.12,6.4,0.0795,0.159,0.11925178,117.71,0.0985,0.0,BTC-19JUL19-9500-C,10709.15,99.75,0.1165,6.0,0.124,6.0,142.29,1.84326,-37.72467,0.64642,0.00017,0.8852
10711.9,SYN.BTC-19JUL19,1563274741878,open,0.17,62.6,0.124,0.2175,0.17072065,120.13,0.248,0.0,BTC-19JUL19-12500-P,10709.15,0.0,0.05,0.1,0.0,0.0,0.0,1.4347,-29.96641,-0.91917,0.00013,-0.91841
226.1,ETH-27SEP19,1563274742041,open,0.56,0.0,0.523,0.602,0.562731,104.73,None,0.0,ETH-27SEP19-100-C,225.31,0.0,0.003,10.0,0.0,0.0,0.0,0.05707,-0.04101,0.18656,0.00053,0.97599
226.1,ETH-27SEP19,1563274742045,open,0.35,392.0,0.304,0.383,0.343524,104.16,0.51,0.0,ETH-27SEP19-160-C,225.31,0.0,0.1,10.0,0.0,0.0,0.0,0.2504,-0.17894,0.22204,0.00236,0.83539
225.42,SYN.ETH-26JUL19,1563274742079,open,0.3,0.0,0.255,0.334,0.2941,128.37,None,0.0,ETH-26JUL19-160-C,225.33,0.0,0.0,0.0,0.0,0.0,0.0,0.03318,-0.21566,0.0405,0.00188,0.95809
11016.35,BTC-27DEC19,1563274742193,open,0.61,6.5,0.5695,0.649,0.60921074,100.51,0.54,0.0,BTC-27DEC19-4500-C,10709.15,0.0,0.0115,0.1,0.9725,1.0,500.0,7.34998,-2.25404,16.96211,1e-05,0.95215
229.64,ETH-27DEC19,1563274742320,open,0.2,1752.0,0.148,0.243,0.195579,104.19,0.178,0.0,ETH-27DEC19-200-P,225.33,100.46,0.187,40.0,0.201,250.0,106.54,0.52856,-0.16802,-0.5029,0.00214,-0.29219
225.34,SYN.ETH-19JUL19,1563274742321,open,0.08,1569.0,0.043,0.129,0.086455,128.47,0.08,0.0,ETH-19JUL19-240-P,225.33,103.8,0.079,250.0,0.089,50.0,136.53,0.07057,-1.57639,-0.01378,0.01373,-0.68993
226.12,ETH-27SEP19,1563274742322,open,0.28,1375.0,0.233,0.334,0.28346,105.33,0.265,0.0,ETH-27SEP19-260-P,225.33,102.26,0.278,110.0,0.29,120.0,109.01,0.40233,-0.29076,-0.36474,0.00374,-0.52444
10843.73,BTC-27SEP19,1563274742445,open,1.76,0.0,1.663,1.8845,1.77362133,113.97,None,0.0,BTC-27SEP19-30000-P,10709.15,0.0,0.0,0.0,0.0,0.0,0.0,4.22783,-3.30603,-59.17094,2e-05,-0.95938
10843.73,BTC-27SEP19,1563274742468,open,0.01,422.8,0.0005,0.047,0.00712943,114.19,0.0065,0.0,BTC-27SEP19-30000-C,10709.11,109.7,0.0055,24.0,0.0085,15.0,117.49,4.25907,-3.33672,0.73309,2e-05,0.04099
11016.35,BTC-27DEC19,1563274742468,open,0.73,0.0,0.6925,0.772,0.73239111,106.23,None,0.0,BTC-27DEC19-3000-C,10709.11,0.0,0.0055,0.1,0.978,0.5,500.0,2.71616,-0.88037,12.51859,0.0,0.98549
10843.73,BTC-27SEP19,1563274742468,open,0.0,434.4,0.0005,0.042,0.00195545,120.82,0.0025,0.0,BTC-27SEP19-3500-P,10709.11,116.27,0.0015,3.7,0.0025,39.0,125.43,1.18045,-0.9785,-0.23771,0.0,-0.00902
11016.35,BTC-27DEC19,1563274742468,open,2.64,0.0,2.508,2.8,2.65413227,111.49,None,0.0,BTC-27DEC19-40000-P,10709.11,0.0,0.0005,3.0,0.0,0.0,0.0,11.7959,-4.01242,-176.3792,2e-05,-0.91192
10843.73,BTC-27SEP19,1563274742468,open,0.0,1657.1,0.0005,0.04,2.972e-05,135.01,0.0005,0.0,BTC-27SEP19-1500-P,10709.11,0.0,0.0,0.0,0.001,27.0,190.41,0.03179,-0.02945,-0.00436,0.0,-0.00017
10843.73,BTC-27SEP19,1563274742468,open,1.94,0.0,1.839,2.075,1.95708199,116.79,None,0.0,BTC-27SEP19-32000-P,10709.11,0.0,0.0,0.0,0.0,0.0,0.0,3.73828,-2.99543,-63.26603,1e-05,-0.96507
10843.73,BTC-27SEP19,1563274742468,open,0.0,383.8,0.0005,0.0405,0.00067567,134.71,0.0005,0.0,BTC-27SEP19-2500-P,10709.11,0.0,0.0,0.0,0.0015,21.4,149.31,0.45457,-0.42013,-0.08141,0.0,-0.00308
11016.35,BTC-27DEC19,1563274742468,open,0.65,27.6,0.609,0.6885,0.64882757,101.75,0.6525,0.0,BTC-27DEC19-4000-C,10709.11,0.0,0.014,0.1,0.683,0.2,150.25,5.55154,-1.72355,15.69413,1e-05,0.96613
11016.35,BTC-27DEC19,1563274742468,open,0.54,60.5,0.496,0.5755,0.53568316,99.49,0.567,0.0,BTC-27DEC19-5500-C,10709.11,0.0,0.0055,0.1,0.969,5.0,500.0,11.43788,-3.47215,18.78489,2e-05,0.91548
11016.35,BTC-27DEC19,1563274742468,open,0.02,78.3,0.0005,0.055,0.01516904,113.55,0.0145,0.0,BTC-27DEC19-48000-C,10709.11,110.71,0.013,6.0,0.017,10.0,115.77,8.80405,-3.05024,2.22207,1e-05,0.0601
11016.35,BTC-27DEC19,1563274742469,open,3.0,0.0,2.853,3.1735,3.01341001,113.36,None,0.0,BTC-27DEC19-44000-P,10709.11,0.0,0.0,0.0,0.0,0.0,0.0,10.39286,-3.59473,-194.82224,2e-05,-0.92553
10843.73,BTC-27SEP19,1563274742469,open,0.53,34.4,0.479,0.6015,0.54032307,105.54,0.3735,0.0,BTC-27SEP19-16000-P,10709.11,0.0,0.0045,10.0,1.158,0.2,500.0,16.25134,-11.76819,-27.33179,7e-05,-0.72208
11016.35,BTC-27DEC19,1563274742468,open,3.71,1.0,3.5435,3.9215,3.73254497,114.1,3.1845,0.0,BTC-27DEC19-52000-P,10709.11,0.0,0.001,1.0,0.0,0.0,0.0,7.5798,-2.6388,-231.61502,1e-05,-0.95027
11016.35,BTC-27DEC19,1563274742469,open,0.44,54.4,0.401,0.4805,0.44059048,99.43,0.45,0.0,BTC-27DEC19-7000-C,10709.11,0.0,0.2155,0.1,0.55,0.1,164.68,17.61553,-5.34412,19.98505,3e-05,0.84465
11016.35,BTC-27DEC19,1563274742469,open,1.93,0.3,1.825,2.06,1.94248104,108.75,2.435,0.0,BTC-27DEC19-32000-P,10709.11,0.0,0.0,0.0,0.0,0.0,0.0,16.09772,-5.34134,-138.81652,3e-05,-0.86413
10843.73,BTC-27SEP19,1563274742469,open,1.04,0.2,0.97,1.1335,1.0517286,109.86,1.391,0.0,BTC-27SEP19-22000-P,10709.11,0.0,0.0045,10.0,1.8,0.1,500.0,9.45788,-7.12909,-41.91144,4e-05,-0.88409
11016.35,BTC-27DEC19,1563274742469,open,2.28,1.3,2.1655,2.4285,2.2969086,110.03,2.889,0.0,BTC-27DEC19-36000-P,10709.11,0.0,0.0005,1.0,0.0,0.0,0.0,13.69338,-4.59699,-157.7279,2e-05,-0.89205
10843.73,BTC-27SEP19,1563274742471,open,1.58,0.0,1.488,1.695,1.59150878,113.26,None,0.0,BTC-27SEP19-28000-P,10709.11,0.0,0.0,0.0,0.0,0.0,0.0,5.19292,-4.0354,-54.97148,2e-05,-0.94753
10843.73,BTC-27SEP19,1563274742470,open,0.57,13.5,0.5275,0.607,0.56728681,107.08,0.382,0.0,BTC-27SEP19-4750-C,10709.11,0.0,0.0045,10.0,0.6905,5.0,299.0,2.80694,-2.06211,8.83288,1e-05,0.97526
10843.73,BTC-27SEP19,1563274742472,open,0.39,748.2,0.347,0.4265,0.38687814,102.06,0.356,0.0,BTC-27SEP19-7000-C,10709.11,0.0,0.08,0.1,0.0,0.0,0.0,9.54781,-6.68595,10.73113,4e-05,0.88253
10843.73,BTC-27SEP19,1563274742472,open,0.02,570.1,0.0005,0.0565,0.01624751,103.84,0.0145,0.0,BTC-27SEP19-6000-P,10709.11,101.62,0.015,3.2,0.0175,24.0,106.0,6.20524,-4.42097,-1.77728,3e-05,-0.06584
10843.73,BTC-27SEP19,1563274742472,open,1.4,0.0,1.314,1.5065,1.41015311,112.23,None,0.0,BTC-27SEP19-26000-P,10709.11,0.0,0.0,0.0,0.0,0.0,0.0,6.34114,-4.88289,-50.7151,2e-05,-0.93229
10843.73,BTC-27SEP19,1563274742472,open,0.77,55.9,0.7305,0.81,0.77008069,133.56,0.689,0.0,BTC-27SEP19-2500-C,10709.11,0.0,0.0045,10.0,0.9215,5.0,500.0,0.43214,-0.39599,4.91474,0.0,0.99708
10843.73,BTC-27SEP19,1563274742472,open,0.01,164.2,0.0005,0.049,0.00945717,113.44,0.0095,0.0,BTC-27SEP19-28000-C,10709.11,109.09,0.0075,24.0,0.011,42.0,116.5,5.22116,-4.06374,0.9391,2e-05,0.05283
10727.39,SYN.BTC-26JUL19,1563274742472,open,0.58,0.0,0.523,0.6495,0.58616328,129.24,None,0.0,BTC-26JUL19-17000-P,10709.11,0.0,0.0,0.0,0.0,0.0,0.0,0.84438,-5.52515,-4.54655,2e-05,-0.98027
10714.46,SYN.BTC-19JUL19,1563274742469,open,0.0,168.8,0.0005,0.04,1.547e-05,134.93,0.0005,0.0,BTC-19JUL19-16000-C,10709.11,0.0,0.0,0.0,0.0005,12.0,185.93,0.01702,-0.16572,0.00041,0.0,0.0005
10714.46,SYN.BTC-19JUL19,1563274742468,open,0.53,0.0,0.479,0.6015,0.54034799,191.57,None,0.0,BTC-19JUL19-16500-P,10709.11,0.0,0.0,0.0,0.0,0.0,0.0,0.18672,-6.21924,-1.29433,1e-05,-0.99294
10714.46,SYN.BTC-19JUL19,1563274742468,open,0.49,0.0,0.434,0.553,0.49368073,179.63,None,0.0,BTC-19JUL19-16000-P,10709.11,0.0,0.0,0.0,0.0,0.0,0.0,0.19558,-6.10838,-1.25461,1e-05,-0.99256
11016.31,BTC-27DEC19,1563274742473,open,1.58,0.1,1.4885,1.6955,1.59191988,107.33,2.02,0.0,BTC-27DEC19-28000-P,10709.11,0.0,0.001,1.0,2.5,0.1,500.0,18.97594,-6.21412,-119.57899,3e-05,-0.82575
10843.69,BTC-27SEP19,1563274742473,open,0.01,99.2,0.0005,0.0525,0.01253376,112.37,0.013,0.0,BTC-27SEP19-26000-C,10709.11,108.73,0.0105,24.0,0.014,39.0,114.79,6.36396,-4.90641,1.20147,2e-05,0.06803
10843.69,BTC-27SEP19,1563274742473,open,0.0,421.1,0.0005,0.0425,0.00278017,113.44,0.0025,0.0,BTC-27SEP19-4000-P,10709.11,107.75,0.002,18.3,0.0035,24.0,117.87,1.64125,-1.27742,-0.34552,1e-05,-0.01318
10843.69,BTC-27SEP19,1563274742473,open,0.82,28.2,0.776,0.8555,0.8157498,135.05,0.755,0.0,BTC-27SEP19-2000-C,10709.11,0.0,0.01,1.0,0.932,5.0,500.0,0.15678,-0.14527,3.96837,0.0,0.99904
10843.69,BTC-27SEP19,1563274742473,open,0.68,261.1,0.6395,0.719,0.679199,120.92,0.714,0.0,BTC-27SEP19-3500-C,10709.11,0.0,0.161,1.0,0.7435,0.1,286.01,1.18506,-0.9832,6.74925,0.0,0.99094
11016.31,BTC-27DEC19,1563274742474,open,1.76,0.2,1.656,1.877,1.76651721,108.0,2.2245,0.0,BTC-27DEC19-30000-P,10709.11,0.0,0.0,0.0,0.0,0.0,0.0,17.45954,-5.75343,-129.25209,3e-05,-0.84673
10714.46,SYN.BTC-19JUL19,1563274742468,open,0.0,416.1,0.0005,0.04,0.00022814,133.15,0.0015,0.0,BTC-19JUL19-14500-C,10709.11,0.0,0.0,0.0,0.0005,6.1,146.09,0.16634,-2.44441,0.00504,1e-05,0.00619
10727.39,SYN.BTC-26JUL19,1563274742472,open,0.0,395.6,0.0005,0.041,0.00126834,126.99,0.001,0.0,BTC-26JUL19-7000-P,10709.11,111.54,0.0005,49.4,0.0015,10.0,130.35,0.70083,-4.50611,-0.0497,2e-05,-0.01586
10714.46,SYN.BTC-19JUL19,1563274742468,open,0.17,0.0,0.1225,0.202,0.16215667,120.79,None,0.0,BTC-19JUL19-9000-C,10709.11,0.0,0.05,0.5,0.32,0.1,500.0,0.92515,-19.42913,0.66803,8e-05,0.95352
11016.31,BTC-27DEC19,1563274742476,open,3.35,0.0,3.1975,3.547,3.37219856,113.37,None,0.0,BTC-27DEC19-48000-P,10709.11,0.0,0.0,0.0,0.0,0.0,0.0,8.75282,-3.02759,-213.30051,1e-05,-0.94035
10714.46,SYN.BTC-19JUL19,1563274742468,open,0.21,0.0,0.1675,0.247,0.20740652,126.76,0.2,0.0,BTC-19JUL19-8500-C,10709.11,0.0,0.049,5.0,0.37,0.1,500.0,0.4061,-8.95027,0.6545,4e-05,0.98274
10727.39,SYN.BTC-26JUL19,1563274742468,open,0.0,216.2,0.0005,0.04,0.00023019,135.05,0.0005,0.0,BTC-26JUL19-6000-P,10709.11,0.0,0.0,0.0,0.001,35.0,161.51,0.17104,-1.16949,-0.00995,0.0,-0.0032
10727.39,SYN.BTC-26JUL19,1563274742472,open,0.49,5.0,0.4345,0.5535,0.494132,126.31,0.2255,0.0,BTC-26JUL19-16000-P,10709.11,0.0,0.0,0.0,0.0,0.0,0.0,1.34285,-8.58769,-4.23696,3e-05,-0.96564
10727.39,SYN.BTC-26JUL19,1563274742472,open,0.18,51.3,0.137,0.2165,0.17692963,113.52,0.166,0.0,BTC-26JUL19-9000-C,10709.11,0.0,0.1,0.5,0.0,0.0,0.0,4.12619,-23.7156,1.95166,0.00012,0.84934
10714.46,SYN.BTC-19JUL19,1563274742473,open,0.0,170.4,0.0005,0.04,5.69e-06,134.93,0.0005,0.0,BTC-19JUL19-16500-C,10709.11,0.0,0.0,0.0,0.0005,12.0,198.1,0.00708,-0.06092,0.00016,0.0,0.0002
10792.02,SYN.BTC-30AUG19,1563274742468,open,0.07,0.0,0.0235,0.108,0.06577561,104.23,None,0.0,BTC-30AUG19-9000-P,10709.11,100.36,0.0615,29.3,0.069,3.3,107.12,11.9835,-13.91624,-4.16839,8e-05,-0.24838
10727.39,SYN.BTC-26JUL19,1563274742472,open,0.01,373.4,0.0005,0.045,0.00521048,120.39,0.0045,0.0,BTC-26JUL19-8000-P,10709.11,116.48,0.0045,1.9,0.0065,40.0,126.87,2.01931,-12.3086,-0.1806,5e-05,-0.05701
10727.39,SYN.BTC-26JUL19,1563274742468,open,0.35,4.8,0.309,0.3885,0.34857955,124.55,0.455,0.0,BTC-26JUL19-7000-C,10709.11,0.0,0.006,3.0,0.0,0.0,0.0,0.64528,-4.06901,1.84893,2e-05,0.9856
11016.31,BTC-27DEC19,1563274742497,open,1.24,0.0,1.158,1.337,1.24741911,105.65,None,0.0,BTC-27DEC19-24000-P,10709.11,0.0,0.0055,1.0,2.043,0.2,500.0,22.29535,-7.18693,-99.8894,4e-05,-0.77216
226.1,ETH-27SEP19,1563274742493,open,0.22,2444.0,0.174,0.271,0.222563,104.51,0.225,0.0,ETH-27SEP19-240-P,225.33,101.38,0.217,230.0,0.228,250.0,107.58,0.4008,-0.2874,-0.30718,0.00376,-0.45789
11016.35,BTC-27DEC19,1563274742811,open,0.3,454.2,0.258,0.3375,0.29770914,99.49,0.293,0.0,BTC-27DEC19-10000-C,10709.11,96.68,0.291,3.6,0.301,3.4,100.87,26.26256,-7.97193,19.09916,5e-05,0.68386
225.8,SYN.ETH-30AUG19,1563274742802,open,0.09,0.0,0.047,0.133,0.090061,106.72,None,0.0,ETH-30AUG19-200-P,225.33,102.63,0.085,195.0,0.097,426.0,112.4,0.27715,-0.32956,-0.10954,0.00414,-0.30457
11016.31,BTC-27DEC19,1563274742812,open,0.52,5.6,0.4635,0.585,0.52434443,101.09,0.3855,0.0,BTC-27DEC19-15000-P,10709.11,97.56,0.515,3.6,0.5305,3.6,103.4,29.24707,-9.02059,-52.96871,5e-05,-0.54659
11016.31,BTC-27DEC19,1563274742814,open,0.16,286.0,0.11,0.202,0.15605224,99.48,0.1555,0.0,BTC-27DEC19-9000-P,10709.11,96.02,0.1485,4.9,0.1575,4.9,100.14,24.0474,-7.29869,-20.68727,4e-05,-0.26221
11016.31,BTC-27DEC19,1563274742818,open,0.2,179.7,0.1575,0.2535,0.20542363,99.48,0.24,0.0,BTC-27DEC19-10000-P,10709.11,96.16,0.1975,4.9,0.208,9.9,100.56,26.26282,-7.97103,-25.79736,5e-05,-0.31615
11016.35,BTC-27DEC19,1563274742820,open,0.45,18.3,0.3955,0.5115,0.45341313,100.75,0.528,0.0,BTC-27DEC19-14000-P,10709.11,97.23,0.444,3.6,0.459,3.6,102.84,29.44369,-9.05106,-47.50134,5e-05,-0.50697
225.34,SYN.ETH-19JUL19,1563274742813,open,0.16,789.0,0.115,0.206,0.160441,130.82,0.154,0.0,ETH-19JUL19-260-P,225.33,0.0,0.152,250.0,0.168,310.0,167.2,0.04005,-0.91104,-0.01847,0.00765,-0.87982
225.34,SYN.ETH-19JUL19,1563274742822,open,0.03,1112.0,0.001,0.074,0.033115,125.57,0.031,0.0,ETH-19JUL19-220-P,225.33,113.6,0.029,135.0,0.035,305.0,131.2,0.07692,-1.6794,-0.00757,0.01531,-0.39322
10792.02,SYN.BTC-30AUG19,1563274742822,open,0.14,1.0,0.097,0.1765,0.13677268,104.1,0.133,0.0,BTC-30AUG19-11000-C,10709.11,101.38,0.133,14.4,0.141,3.1,107.15,14.96891,-17.36201,5.5068,0.0001,0.5518
225.34,SYN.ETH-19JUL19,1563274742830,open,0.03,1112.0,0.001,0.074,0.033115,125.57,0.031,0.0,ETH-19JUL19-220-P,225.33,113.6,0.029,135.0,0.035,306.0,131.2,0.07692,-1.6794,-0.00757,0.01531,-0.39322
225.34,SYN.ETH-19JUL19,1563274742835,open,0.03,1112.0,0.001,0.074,0.033115,125.57,0.031,0.0,ETH-19JUL19-220-P,225.33,113.6,0.029,326.0,0.035,306.0,131.2,0.07692,-1.6794,-0.00757,0.01531,-0.39322
10727.39,SYN.BTC-26JUL19,1563274742833,open,0.07,211.8,0.0225,0.102,0.06245101,112.22,0.068,0.0,BTC-26JUL19-11000-C,10709.11,109.25,0.0605,18.0,0.0635,2.3,113.82,7.03279,-39.95854,1.21945,0.0002,0.48259
10792.02,SYN.BTC-30AUG19,1563274742843,open,0.11,0.0,0.062,0.15,0.10598495,104.24,None,0.0,BTC-30AUG19-10000-P,10709.11,100.78,0.1015,19.3,0.1085,3.0,106.18,13.98379,-16.24142,-6.02092,9e-05,-0.34779
225.42,SYN.ETH-26JUL19,1563274742861,open,0.0,3958.0,0.001,0.041,0.001766,135.02,0.001,0.0,ETH-26JUL19-360-C,225.33,124.78,0.001,8.0,0.003,172.0,146.55,0.02015,-0.13772,0.00129,0.00109,0.02292
10843.69,BTC-27SEP19,1563274742852,open,0.22,805.5,0.1745,0.254,0.21441014,101.74,0.2275,0.0,BTC-27SEP19-10000-C,10709.11,98.45,0.209,14.4,0.2165,3.1,103.01,17.80454,-12.42848,9.59172,7e-05,0.65744
11016.35,BTC-27DEC19,1563274742866,open,0.45,18.3,0.3955,0.5115,0.45341313,100.75,0.528,0.0,BTC-27DEC19-14000-P,10709.11,97.42,0.4445,3.6,0.459,3.6,102.84,29.44369,-9.05106,-47.50134,5e-05,-0.50697
225.42,SYN.ETH-26JUL19,1563274742863,open,0.11,1357.0,0.072,0.16,0.116202,117.79,0.133,0.0,ETH-26JUL19-240-P,225.33,114.44,0.114,152.0,0.123,447.0,128.48,0.14417,-0.85975,-0.04305,0.0089,-0.58966
225.42,SYN.ETH-26JUL19,1563274742871,open,0.11,1357.0,0.072,0.16,0.116202,117.79,0.133,0.0,ETH-26JUL19-240-P,225.33,114.44,0.114,152.0,0.123,448.0,128.48,0.14417,-0.85975,-0.04305,0.0089,-0.58966
10727.39,SYN.BTC-26JUL19,1563274742871,open,0.09,389.6,0.045,0.1315,0.08810482,112.59,0.083,0.0,BTC-26JUL19-11000-P,10709.11,107.85,0.085,18.0,0.0925,18.0,119.29,7.03302,-40.09076,-1.75663,0.0002,-0.51711
11016.31,BTC-27DEC19,1563274742880,open,0.09,161.0,0.05,0.137,0.09352058,99.48,0.093,0.0,BTC-27DEC19-7500-P,10709.11,96.34,0.088,4.9,0.0945,4.9,100.03,19.46275,-5.90726,-13.59715,4e-05,-0.18139
10727.39,SYN.BTC-26JUL19,1563274742882,open,0.15,100.4,0.101,0.1805,0.14080505,111.88,0.1305,0.0,BTC-26JUL19-9500-C,10709.11,105.1,0.1375,6.0,0.1445,6.0,119.25,5.30454,-30.04616,1.83802,0.00015,0.77406
10714.46,SYN.BTC-19JUL19,1563274742885,open,0.12,6.4,0.0795,0.159,0.11924962,116.63,0.0985,0.0,BTC-19JUL19-9500-C,10709.11,98.29,0.1165,6.0,0.1235,6.0,139.08,1.81606,-36.82565,0.64861,0.00017,0.88761
225.34,SYN.ETH-19JUL19,1563274742879,open,0.01,728.0,0.001,0.049,0.00884,131.77,0.011,0.0,ETH-19JUL19-200-P,225.33,116.5,0.006,410.0,0.01,336.0,137.57,0.04461,-1.02199,-0.00265,0.00846,-0.14041
225.42,SYN.ETH-26JUL19,1563274742907,open,0.0,1920.0,0.001,0.04,0.000902,135.02,0.001,0.0,ETH-26JUL19-380-C,225.33,0.0,0.0,0.0,0.002,200.0,150.36,0.01203,-0.08222,0.00071,0.00065,0.01254
225.34,SYN.ETH-19JUL19,1563274742908,open,0.01,877.0,0.001,0.046,0.006635,131.4,0.007,0.0,ETH-19JUL19-260-C,225.33,121.64,0.005,10.0,0.007,398.0,133.36,0.04033,-0.9213,0.00204,0.00767,0.12134
225.36,SYN.ETH-19JUL19,1563274742915,open,0.06,238.0,0.017,0.096,0.056818,125.54,0.059,0.0,ETH-19JUL19-220-C,225.33,111.38,0.052,97.0,0.058,135.0,129.0,0.07691,-1.67875,0.00977,0.01531,0.60711
225.82,SYN.ETH-30AUG19,1563274742925,open,0.18,0.0,0.14,0.234,0.186666,106.85,None,0.0,ETH-30AUG19-240-P,225.33,101.37,0.179,250.0,0.196,250.0,113.53,0.31579,-0.37595,-0.1879,0.00471,-0.49013
225.42,SYN.ETH-26JUL19,1563274742930,open,0.0,1864.0,0.001,0.043,0.003199,133.56,0.006,0.0,ETH-26JUL19-340-C,225.33,123.67,0.002,440.0,0.005,400.0,144.81,0.03139,-0.21225,0.00219,0.00171,0.03913
225.42,SYN.ETH-26JUL19,1563274742938,open,0.02,688.0,0.001,0.056,0.016263,122.94,0.016,0.0,ETH-26JUL19-280-C,225.33,122.26,0.016,1.0,0.018,200.0,127.07,0.0923,-0.57452,0.00912,0.00546,0.16573
225.82,SYN.ETH-30AUG19,1563274742943,open,0.1,0.0,0.056,0.135,0.095273,106.91,None,0.0,ETH-30AUG19-260-C,225.33,102.34,0.089,212.0,0.102,213.0,111.8,0.31032,-0.36966,0.0916,0.00463,0.42522
225.8,SYN.ETH-30AUG19,1563274742956,open,0.03,40.0,0.001,0.077,0.037264,112.73,0.033,0.0,ETH-30AUG19-340-C,225.33,110.39,0.035,228.0,0.041,278.0,116.44,0.22235,-0.27929,0.04546,0.00315,0.20105
225.8,SYN.ETH-30AUG19,1563274742971,open,0.03,0.0,0.001,0.071,0.030337,106.96,None,0.0,ETH-30AUG19-160-P,225.33,103.87,0.028,206.0,0.034,280.0,111.73,0.17135,-0.2042,-0.04572,0.00256,-0.13437
225.42,SYN.ETH-26JUL19,1563274742998,open,0.01,985.0,0.001,0.052,0.011767,121.99,0.012,0.0,ETH-26JUL19-180-P,225.33,119.53,0.011,377.0,0.015,150.0,131.93,0.07014,-0.43319,-0.00748,0.00418,-0.11092
225.42,SYN.ETH-26JUL19,1563274743003,open,0.05,815.0,0.012,0.091,0.051509,117.94,0.058,0.0,ETH-26JUL19-240-C,225.33,112.39,0.048,366.0,0.055,120.0,123.34,0.14419,-0.86101,0.0219,0.00889,0.41055
225.34,SYN.ETH-19JUL19,1563274743043,open,0.02,325.0,0.001,0.061,0.021474,128.78,0.019,0.0,ETH-19JUL19-240-C,225.33,114.14,0.017,315.0,0.022,317.0,130.37,0.07062,-1.5813,0.00513,0.01371,0.31058
225.8,SYN.ETH-30AUG19,1563274743049,open,0.05,30.0,0.014,0.097,0.055345,106.73,0.048,0.0,ETH-30AUG19-180-P,225.33,101.48,0.05,465.0,0.061,402.0,112.25,0.23067,-0.27431,-0.07475,0.00345,-0.21394
225.42,SYN.ETH-26JUL19,1563274743054,open,0.09,629.0,0.049,0.128,0.088926,117.96,0.104,0.0,ETH-26JUL19-220-C,225.33,111.76,0.085,312.0,0.093,120.0,124.25,0.14431,-0.86188,0.03044,0.0089,0.58799
229.64,ETH-27DEC19,1563274743077,open,0.42,0.0,0.372,0.451,0.411918,104.18,None,0.0,ETH-27DEC19-160-C,225.3,0.0,0.001,1000.0,1.6,1.0,500.0,0.42166,-0.13403,0.40727,0.00171,0.80694
226.11,ETH-27SEP19,1563274743077,open,0.49,47.0,0.443,0.522,0.482524,104.08,0.689,0.0,ETH-27SEP19-120-C,225.3,0.0,0.0,0.0,0.0,0.0,0.0,0.11301,-0.0807,0.20861,0.00106,0.94462
226.08,ETH-27SEP19,1563274743079,open,0.41,868.0,0.364,0.476,0.41988,107.11,0.566,0.0,ETH-27SEP19-300-P,225.3,102.98,0.413,110.0,0.436,60.0,116.62,0.37883,-0.2784,-0.47729,0.00347,-0.6375
226.08,ETH-27SEP19,1563274743079,open,0.56,346.0,0.507,0.632,0.569559,108.81,0.662,0.0,ETH-27SEP19-340-P,225.3,82.37,0.534,110.0,0.622,110.0,141.5,0.33739,-0.25187,-0.58412,0.00304,-0.72448
226.08,ETH-27SEP19,1563274743079,open,0.0,389.0,0.001,0.041,0.001022,128.6,0.002,0.0,ETH-27SEP19-60-P,225.3,0.0,0.0,0.0,0.002,300.0,141.13,0.01387,-0.01224,-0.00259,0.00011,-0.00472
225.82,SYN.ETH-30AUG19,1563274743077,open,0.38,0.0,0.333,0.443,0.388071,110.42,None,0.0,ETH-30AUG19-300-P,225.3,0.0,0.0,0.0,0.0,0.0,0.0,0.27301,-0.33588,-0.3036,0.00394,-0.70544
225.82,SYN.ETH-30AUG19,1563274743077,open,0.21,0.0,0.165,0.244,0.204308,106.72,None,0.0,ETH-30AUG19-200-C,225.3,0.0,0.0,0.0,0.0,0.0,0.0,0.27714,-0.32956,0.13638,0.00414,0.69551
225.36,SYN.ETH-19JUL19,1563274743078,open,0.21,0.0,0.163,0.242,0.202473,133.72,None,0.0,ETH-19JUL19-180-C,225.3,0.0,0.0,0.0,0.0,0.0,0.0,0.01185,-0.27562,0.01371,0.00222,0.97458
225.44,SYN.ETH-26JUL19,1563274743079,open,0.0,1780.0,0.001,0.04,0.000455,134.98,0.001,0.0,ETH-26JUL19-400-C,225.3,0.0,0.0,0.0,0.002,250.0,162.31,0.00698,-0.04767,0.00038,0.00038,0.00673
225.82,SYN.ETH-30AUG19,1563274743078,open,0.45,0.0,0.406,0.522,0.464418,111.89,None,0.0,ETH-30AUG19-320-P,225.3,0.0,0.0,0.0,0.0,0.0,0.0,0.24856,-0.30986,-0.33873,0.00354,-0.75565
225.44,SYN.ETH-26JUL19,1563274743081,open,0.25,869.0,0.209,0.308,0.258405,123.14,0.24,0.0,ETH-26JUL19-280-P,225.3,0.0,0.022,25.0,0.33,1.0,253.26,0.09252,-0.57684,-0.06661,0.00546,-0.83368
225.82,SYN.ETH-30AUG19,1563274743088,open,0.01,0.0,0.001,0.056,0.015597,110.18,None,0.0,ETH-30AUG19-140-P,225.3,106.93,0.014,220.0,0.019,200.0,116.67,0.11353,-0.13937,-0.02551,0.00164,-0.07627
225.82,SYN.ETH-30AUG19,1563274743109,open,0.16,0.0,0.12,0.199,0.159753,106.73,None,0.0,ETH-30AUG19-220-C,225.3,101.01,0.152,250.0,0.168,229.0,112.83,0.30563,-0.36346,0.1226,0.00457,0.60135
225.36,SYN.ETH-19JUL19,1563274743139,open,0.0,1027.0,0.001,0.041,0.001662,132.47,0.002,0.0,ETH-19JUL19-280-C,225.3,121.79,0.001,6.0,0.002,165.0,136.93,0.01615,-0.37207,0.00063,0.00305,0.03694
225.36,SYN.ETH-19JUL19,1563274743142,open,0.13,50.0,0.082,0.161,0.121297,131.5,0.092,0.0,ETH-19JUL19-200-C,225.3,0.0,0.001,25.0,0.0,0.0,0.0,0.04448,-1.01707,0.01312,0.00845,0.86019
225.44,SYN.ETH-26JUL19,1563274743152,open,0.06,2755.0,0.023,0.107,0.064895,117.96,0.069,0.0,ETH-26JUL19-220-P,225.3,124.37,0.069,300.0,0.071,443.0,127.49,0.14431,-0.86182,-0.02908,0.0089,-0.41183
229.61,ETH-27DEC19,1563274743231,open,1.49,0.0,1.406,1.605,1.50533,113.1,0.845,0.0,ETH-27DEC19-560-P,225.3,0.0,0.0,0.0,0.0,0.0,0.0,0.44658,-0.15411,-2.36358,0.00167,-0.78742
229.61,ETH-27DEC19,1563274743255,open,1.99,0.0,1.888,2.127,2.007624,115.53,None,0.0,ETH-27DEC19-680-P,225.3,0.0,0.0,0.0,0.0,0.0,0.0,0.36654,-0.12921,-2.94079,0.00134,-0.84504
226.08,ETH-27SEP19,1563274743398,open,1.83,0.0,1.726,1.953,1.839505,119.84,None,0.0,ETH-27SEP19-640-P,225.3,0.0,0.0,0.0,0.0,0.0,0.0,0.09901,-0.08141,-1.26055,0.00081,-0.95308
11016.0,BTC-27DEC19,1563274743471,open,0.03,245.8,0.0005,0.062,0.02243992,110.8,0.023,0.0,BTC-27DEC19-40000-C,10709.08,108.91,0.0205,6.0,0.0235,1.0,111.8,11.58978,-3.9182,3.14496,2e-05,0.08603
11016.0,BTC-27DEC19,1563274743471,open,3.0,0.0,2.8525,3.173,3.01262284,112.38,None,0.0,BTC-27DEC19-44000-P,10709.08,0.0,0.0,0.0,0.0,0.0,0.0,10.10612,-3.46531,-194.90921,2e-05,-0.9282
10843.36,BTC-27SEP19,1563274743471,open,0.0,1056.8,0.0005,0.0435,0.00350434,111.28,0.003,0.0,BTC-27SEP19-4250-P,10709.08,105.24,0.0025,15.0,0.0045,24.0,116.3,1.99003,-1.51932,-0.43284,1e-05,-0.01649
10843.36,BTC-27SEP19,1563274743471,open,1.94,0.0,1.8385,2.0745,1.95648582,114.69,None,0.0,BTC-27SEP19-32000-P,10709.08,0.0,0.0,0.0,0.0,0.0,0.0,3.45666,-2.72002,-63.31956,1e-05,-0.96823
11015.97,BTC-27DEC19,1563274743471,open,2.64,0.0,2.5075,2.7995,2.65340662,110.69,None,0.0,BTC-27DEC19-40000-P,10709.08,0.0,0.0005,3.0,0.0,0.0,0.0,11.55382,-3.90185,-176.45627,2e-05,-0.91433
10727.3,SYN.BTC-26JUL19,1563274743471,open,0.4,0.0,0.355,0.4345,0.39478906,135.1,0.3665,0.0,BTC-26JUL19-6500-C,10709.08,0.0,0.005,0.1,0.0,0.0,0.0,0.42896,-2.93411,1.73047,1e-05,0.991
10843.36,BTC-27SEP19,1563274743472,open,0.08,435.0,0.0385,0.118,0.07842189,104.8,0.0825,0.0,BTC-27SEP19-15000-C,10709.08,102.35,0.0745,32.5,0.0815,13.2,106.71,17.39846,-12.51032,5.29919,7e-05,0.32319
10843.36,BTC-27SEP19,1563274743472,open,0.0,609.1,0.0005,0.041,0.00125647,128.17,0.002,0.0,BTC-27SEP19-3000-P,10709.08,114.33,0.0005,15.2,0.002,19.8,136.88,0.78744,-0.69243,-0.15065,0.0,-0.0057
11015.97,BTC-27DEC19,1563274743472,open,0.5,122.9,0.4625,0.542,0.50210222,99.49,0.468,0.0,BTC-27DEC19-6000-C,10709.08,69.45,0.4705,4.0,0.61,0.1,176.54,13.57097,-4.11963,19.35231,3e-05,0.89338
10843.36,BTC-27SEP19,1563274743472,open,0.0,45.9,0.0005,0.0415,0.00154344,123.99,0.002,0.0,BTC-27SEP19-3250-P,10709.08,116.92,0.001,4.0,0.002,15.0,128.73,0.95678,-0.81391,-0.18726,0.0,-0.00711
10843.33,BTC-27SEP19,1563274743473,open,0.18,462.0,0.134,0.2135,0.17397556,101.74,0.174,0.0,BTC-27SEP19-11000-C,10709.08,99.18,0.1695,14.4,0.1785,3.2,104.33,18.96257,-13.23657,8.73828,8e-05,0.5776
10843.33,BTC-27SEP19,1563274743473,open,0.03,262.9,0.0005,0.0735,0.03239659,102.04,0.0325,0.0,BTC-27SEP19-7000-P,10709.08,100.44,0.031,3.1,0.034,24.0,103.85,9.54639,-6.68337,-3.24417,4e-05,-0.11745
11015.97,BTC-27DEC19,1563274743474,open,0.04,57.2,0.0005,0.0775,0.03779137,108.81,0.0365,0.0,BTC-27DEC19-32000-C,10709.08,106.87,0.035,6.0,0.0405,16.0,110.63,16.11402,-5.34967,4.8613,3e-05,0.13608
11015.97,BTC-27DEC19,1563274743474,open,0.82,0.0,0.78,0.8595,0.81992598,115.32,None,0.0,BTC-27DEC19-2000-C,10709.08,0.0,0.0135,3.4,0.9825,0.5,500.0,1.0172,-0.3579,8.67196,0.0,0.99526
10843.33,BTC-27SEP19,1563274743474,open,0.73,225.7,0.685,0.7645,0.72459788,128.29,0.693,0.0,BTC-27SEP19-3000-C,10709.08,0.0,0.0045,20.0,0.912,5.0,500.0,0.79128,-0.69649,5.83825,0.0,0.99427
10791.78,SYN.BTC-30AUG19,1563274743475,open,0.24,0.0,0.192,0.2715,0.2317578,104.18,None,0.0,BTC-30AUG19-9000-C,10709.08,99.87,0.227,3.3,0.2355,3.1,107.53,11.98248,-13.90823,6.89799,8e-05,0.75165
11015.97,BTC-27DEC19,1563274743476,open,0.47,63.0,0.4305,0.51,0.47044831,99.49,0.4965,0.0,BTC-27DEC19-6500-C,10709.08,0.0,0.3425,0.1,0.9665,2.0,500.0,15.64533,-4.74932,19.74321,3e-05,0.86963
11015.97,BTC-27DEC19,1563274743476,open,0.6,7.1,0.536,0.663,0.59949793,102.04,0.491,0.0,BTC-27DEC19-16000-P,10709.08,97.63,0.588,3.6,0.605,3.6,104.13,28.84038,-8.97865,-58.37866,5e-05,-0.58085
10727.3,SYN.BTC-26JUL19,1563274743474,open,0.86,0.0,0.7905,0.939,0.86461239,134.13,None,0.0,BTC-26JUL19-20000-P,10709.08,0.0,0.0,0.0,0.0,0.0,0.0,0.17749,-1.20536,-5.40228,0.0,-0.99667
226.08,ETH-27SEP19,1563274743478,open,2.35,0.0,2.232,2.501,2.366406,123.25,None,0.0,ETH-27SEP19-760-P,225.3,0.0,0.0,0.0,0.0,0.0,0.0,0.06304,-0.05331,-1.50736,0.0005,-0.97296
10791.78,SYN.BTC-30AUG19,1563274743471,open,0.04,20.0,0.0005,0.078,0.03700382,105.16,0.032,0.0,BTC-30AUG19-8000-P,10709.08,101.0,0.0335,32.3,0.04,2.9,108.65,9.19138,-10.76986,-2.6084,6e-05,-0.15959
11015.97,BTC-27DEC19,1563274743479,open,0.07,174.4,0.029,0.1085,0.06889954,105.69,0.073,0.0,BTC-27DEC19-24000-C,10709.08,103.74,0.065,4.9,0.0725,14.9,107.45,22.30223,-7.19161,7.86765,4e-05,0.22797
10791.78,SYN.BTC-30AUG19,1563274743473,open,0.02,1.0,0.0005,0.06,0.0193221,108.59,0.0155,0.0,BTC-30AUG19-7000-P,10709.08,104.49,0.017,3.2,0.0215,10.0,112.27,6.25678,-7.57029,-1.47992,4e-05,-0.09222
10791.78,SYN.BTC-30AUG19,1563274743473,open,0.15,0.0,0.11,0.202,0.15613435,104.16,None,0.0,BTC-30AUG19-11000-P,10709.08,101.18,0.152,14.4,0.1595,3.0,106.58,14.96845,-17.37069,-8.01807,0.0001,-0.44817
10727.3,SYN.BTC-26JUL19,1563274743473,open,0.95,0.0,0.8795,1.036,0.95771429,133.26,None,0.0,BTC-26JUL19-21000-P,10709.08,0.0,0.0,0.0,0.0,0.0,0.0,0.08942,-0.6033,-5.67764,0.0,-0.99844
10843.33,BTC-27SEP19,1563274743526,open,0.25,61.5,0.199,0.2985,0.24883687,102.58,0.2855,0.0,BTC-27SEP19-12000-P,10709.08,100.99,0.246,2.7,0.2525,3.2,104.63,19.32874,-13.60346,-16.14261,8e-05,-0.49679
10714.41,SYN.BTC-19JUL19,1563274743719,open,0.09,243.8,0.045,0.1315,0.08845598,114.52,0.091,0.0,BTC-19JUL19-11500-P,10709.08,102.15,0.085,6.0,0.093,6.0,129.87,3.08096,-61.34599,-0.69987,0.0003,-0.74063
10843.36,BTC-27SEP19,1563274743721,open,0.06,443.9,0.016,0.1,0.0579278,101.73,0.0545,0.0,BTC-27SEP19-8000-P,10709.08,98.83,0.0545,19.3,0.0595,19.3,103.04,12.93494,-9.02776,-5.26021,5e-05,-0.18504
225.36,SYN.ETH-19JUL19,1563274743858,open,0.03,1112.0,0.001,0.074,0.033077,125.79,0.031,0.0,ETH-19JUL19-220-P,225.3,113.71,0.029,326.0,0.035,316.0,131.31,0.07692,-1.68229,-0.00757,0.01528,-0.39302
225.44,SYN.ETH-26JUL19,1563274743860,open,0.0,891.0,0.001,0.043,0.003829,127.97,0.005,0.0,ETH-26JUL19-160-P,225.3,121.87,0.003,400.0,0.007,909.0,146.29,0.03289,-0.21308,-0.00276,0.00187,-0.04145
11015.97,BTC-27DEC19,1563274743871,open,0.3,454.2,0.258,0.3375,0.2976975,99.49,0.293,0.0,BTC-27DEC19-10000-C,10709.08,96.47,0.2905,3.6,0.301,3.4,100.87,26.26229,-7.9719,19.09818,5e-05,0.68384
225.44,SYN.ETH-26JUL19,1563274743870,open,0.01,1039.0,0.001,0.049,0.009179,126.06,0.01,0.0,ETH-26JUL19-300-C,225.3,121.92,0.008,131.0,0.011,250.0,132.08,0.06568,-0.41924,0.00562,0.00379,0.10128
225.78,SYN.ETH-30AUG19,1563274743883,open,0.06,0.0,0.02,0.099,0.059461,110.37,None,0.0,ETH-30AUG19-300-C,225.3,106.64,0.055,479.0,0.065,250.0,114.91,0.27285,-0.33552,0.06518,0.00394,0.29428
10727.3,SYN.BTC-26JUL19,1563274743887,open,0.04,556.7,0.0005,0.0835,0.04195494,111.8,0.044,0.0,BTC-26JUL19-10000-P,10709.08,106.74,0.039,12.2,0.044,0.1,115.27,6.29224,-35.61478,-1.0443,0.00018,-0.31785
225.44,SYN.ETH-26JUL19,1563274743894,open,0.11,1357.0,0.072,0.16,0.11614,117.99,0.133,0.0,ETH-26JUL19-240-P,225.3,114.54,0.114,150.0,0.123,448.0,128.57,0.14422,-0.86154,-0.04303,0.00889,-0.5892
225.44,SYN.ETH-26JUL19,1563274743900,open,0.11,1357.0,0.072,0.16,0.11614,117.99,0.133,0.0,ETH-26JUL19-240-P,225.3,114.54,0.114,150.0,0.122,148.0,127.02,0.14422,-0.86154,-0.04303,0.00889,-0.5892
10727.3,SYN.BTC-26JUL19,1563274743899,open,0.09,140.5,0.0435,0.123,0.08330796,111.39,0.09,0.0,BTC-26JUL19-10500-C,10709.08,106.24,0.08,18.0,0.085,10.0,114.03,6.88808,-38.84679,1.44912,0.0002,0.58258
225.36,SYN.ETH-19JUL19,1563274743907,open,0.01,728.0,0.001,0.049,0.008826,131.9,0.011,0.0,ETH-19JUL19-200-P,225.3,116.56,0.006,410.0,0.01,343.0,137.64,0.04462,-1.02337,-0.00265,0.00845,-0.14046
10727.3,SYN.BTC-26JUL19,1563274743910,open,0.01,450.6,0.0005,0.0485,0.00880452,118.63,0.012,0.0,BTC-26JUL19-14000-C,10709.08,112.16,0.007,40.0,0.01,40.0,122.57,3.15482,-18.94832,0.27219,9e-05,0.10258
225.82,SYN.ETH-30AUG19,1563274743918,open,0.13,0.0,0.089,0.179,0.134035,106.8,None,0.0,ETH-30AUG19-220-P,225.3,103.04,0.129,147.0,0.142,374.0,112.65,0.30563,-0.36367,-0.1479,0.00456,-0.39862
225.33,SYN.ETH-19JUL19,1563274743930,open,0.01,877.0,0.001,0.046,0.006645,131.43,0.007,0.0,ETH-19JUL19-260-C,225.3,121.67,0.005,10.0,0.007,399.0,133.39,0.04032,-0.9213,0.00204,0.00767,0.12131
11015.97,BTC-27DEC19,1563274743937,open,0.52,5.6,0.4635,0.585,0.5243802,101.09,0.3855,0.0,BTC-27DEC19-15000-P,10709.08,97.55,0.515,3.6,0.531,3.6,103.58,29.24604,-9.02036,-52.96958,5e-05,-0.5466
11015.97,BTC-27DEC19,1563274743939,open,0.38,58.2,0.3305,0.441,0.38578565,100.51,0.4505,0.0,BTC-27DEC19-13000-P,10709.08,97.03,0.3765,3.6,0.391,3.6,102.47,29.32591,-8.99334,-42.0199,5e-05,-0.46381
225.36,SYN.ETH-19JUL19,1563274743935,open,0.06,238.0,0.017,0.096,0.056866,125.54,0.059,0.0,ETH-19JUL19-220-C,225.3,111.38,0.052,108.0,0.058,135.0,129.0,0.07691,-1.67875,0.00977,0.01531,0.60711
11015.97,BTC-27DEC19,1563274743941,open,0.16,286.0,0.11,0.202,0.15606622,99.48,0.1555,0.0,BTC-27DEC19-9000-P,10709.08,96.01,0.1485,4.9,0.158,4.9,100.36,24.04736,-7.29872,-20.68807,4e-05,-0.26222
11015.97,BTC-27DEC19,1563274743943,open,0.2,179.7,0.1575,0.2535,0.20544107,99.48,0.24,0.0,BTC-27DEC19-10000-P,10709.08,96.15,0.1975,4.9,0.208,5.0,100.55,26.26258,-7.971,-25.79822,5e-05,-0.31617
225.36,SYN.ETH-19JUL19,1563274743941,open,0.06,238.0,0.017,0.096,0.056866,125.54,0.059,0.0,ETH-19JUL19-220-C,225.3,111.38,0.052,108.0,0.058,136.0,129.0,0.07691,-1.67875,0.00977,0.01531,0.60711
10843.33,BTC-27SEP19,1563274743945,open,0.13,227.8,0.0915,0.182,0.13658926,101.72,0.1345,0.0,BTC-27SEP19-10000-P,10709.08,98.62,0.1315,19.3,0.1395,13.7,103.5,17.80454,-12.4261,-10.37419,7e-05,-0.34259
225.82,SYN.ETH-30AUG19,1563274743948,open,0.18,0.0,0.14,0.234,0.186606,106.85,None,0.0,ETH-30AUG19-240-P,225.3,101.37,0.179,249.0,0.196,250.0,113.53,0.31579,-0.37595,-0.1879,0.00471,-0.49013
11015.97,BTC-27DEC19,1563274743954,open,0.45,18.3,0.3955,0.5115,0.45344164,100.75,0.528,0.0,BTC-27DEC19-14000-P,10709.08,97.4,0.4445,3.6,0.4595,3.6,103.02,29.44264,-9.05059,-47.50235,5e-05,-0.507
225.82,SYN.ETH-30AUG19,1563274743955,open,0.18,0.0,0.14,0.234,0.186606,106.85,None,0.0,ETH-30AUG19-240-P,225.3,101.37,0.179,249.0,0.195,231.0,112.81,0.31579,-0.37595,-0.1879,0.00471,-0.49013
225.44,SYN.ETH-26JUL19,1563274743958,open,0.0,1864.0,0.001,0.043,0.003202,133.52,0.006,0.0,ETH-26JUL19-340-C,225.3,123.65,0.002,441.0,0.005,400.0,144.78,0.03137,-0.21208,0.00219,0.00171,0.03911
225.82,SYN.ETH-30AUG19,1563274743963,open,0.13,0.0,0.084,0.163,0.123796,106.78,None,0.0,ETH-30AUG19-240-C,225.3,101.95,0.117,416.0,0.13,191.0,111.24,0.31579,-0.37571,0.10717,0.00472,0.50978
225.44,SYN.ETH-26JUL19,1563274743966,open,0.18,867.0,0.135,0.228,0.181728,118.95,0.175,0.0,ETH-26JUL19-260-P,225.3,105.87,0.175,250.0,0.192,120.0,137.25,0.12121,-0.72998,-0.05599,0.00741,-0.73605
225.82,SYN.ETH-30AUG19,1563274743978,open,0.1,0.0,0.056,0.135,0.095302,106.91,None,0.0,ETH-30AUG19-260-C,225.3,102.34,0.089,439.0,0.102,213.0,111.8,0.31032,-0.36966,0.0916,0.00463,0.42522
10791.78,SYN.BTC-30AUG19,1563274743967,open,0.14,1.0,0.097,0.1765,0.13686291,104.17,0.133,0.0,BTC-30AUG19-11000-C,10709.08,101.03,0.1325,14.4,0.141,3.1,107.16,14.96838,-17.37337,5.506,0.0001,0.55184
225.82,SYN.ETH-30AUG19,1563274743988,open,0.03,40.0,0.001,0.077,0.037279,112.7,0.033,0.0,ETH-30AUG19-340-C,225.3,110.37,0.035,231.0,0.041,278.0,116.43,0.22235,-0.27919,0.04546,0.00315,0.20101
10791.78,SYN.BTC-30AUG19,1563274743988,open,0.02,0.0,0.0005,0.064,0.02406785,113.84,None,0.0,BTC-30AUG19-18000-C,10709.08,110.46,0.0215,24.0,0.026,3.0,116.28,8.40624,-10.66218,1.53299,5e-05,0.13961
11015.97,BTC-27DEC19,1563274744007,open,0.6,7.1,0.536,0.663,0.59949793,102.04,0.491,0.0,BTC-27DEC19-16000-P,10709.08,97.82,0.5885,3.6,0.605,3.6,104.13,28.84038,-8.97865,-58.37866,5e-05,-0.58085
11016.0,BTC-27DEC19,1563274744012,open,0.26,66.2,0.21,0.3105,0.26015395,99.48,0.287,0.0,BTC-27DEC19-11000-P,10709.08,96.65,0.253,4.9,0.2645,4.9,101.2,27.8362,-8.44851,-31.09968,5e-05,-0.36864
11015.97,BTC-27DEC19,1563274744014,open,0.32,79.9,0.2675,0.3725,0.31986171,99.59,0.353,0.0,BTC-27DEC19-12000-P,10709.08,96.97,0.313,3.6,0.3255,3.6,101.75,28.83221,-8.76116,-36.52401,5e-05,-0.41861
225.44,SYN.ETH-26JUL19,1563274744024,open,0.05,815.0,0.012,0.091,0.051541,117.84,0.058,0.0,ETH-26JUL19-240-C,225.3,112.34,0.048,373.0,0.055,120.0,123.29,0.1442,-0.86036,0.0219,0.0089,0.41059
10714.41,SYN.BTC-19JUL19,1563274744025,open,0.05,345.0,0.013,0.097,0.05487167,111.93,0.0545,0.0,BTC-19JUL19-11000-P,10709.08,105.06,0.0525,18.0,0.055,2.1,112.3,3.70728,-72.14754,-0.54028,0.00037,-0.58516
225.36,SYN.ETH-19JUL19,1563274744043,open,0.02,325.0,0.001,0.061,0.021499,128.61,0.019,0.0,ETH-19JUL19-240-C,225.3,114.06,0.017,321.0,0.022,317.0,130.29,0.07063,-1.57939,0.00513,0.01372,0.31058
10727.3,SYN.BTC-26JUL19,1563274744037,open,0.07,211.8,0.023,0.1025,0.06254975,112.38,0.068,0.0,BTC-26JUL19-11000-C,10709.08,108.49,0.06,18.0,0.0635,2.3,113.83,7.03282,-40.01414,1.21947,0.0002,0.4827
11015.97,BTC-27DEC19,1563274744051,open,0.2,179.7,0.1575,0.2535,0.20544107,99.48,0.24,0.0,BTC-27DEC19-10000-P,10709.08,96.36,0.198,4.9,0.208,5.0,100.55,26.26258,-7.971,-25.79822,5e-05,-0.31617
225.36,SYN.ETH-19JUL19,1563274744048,open,0.02,325.0,0.001,0.061,0.021499,128.61,0.019,0.0,ETH-19JUL19-240-C,225.3,114.06,0.017,321.0,0.022,318.0,130.29,0.07063,-1.57939,0.00513,0.01372,0.31058
225.33,SYN.ETH-19JUL19,1563274744054,open,0.0,260.0,0.001,0.04,6.3e-05,134.95,0.001,0.0,ETH-19JUL19-160-P,225.3,0.0,0.0,0.0,0.001,162.0,187.02,0.00113,-0.01418,-3e-05,0.00021,-0.00176
11015.97,BTC-27DEC19,1563274744058,open,0.16,286.0,0.11,0.202,0.15606622,99.48,0.1555,0.0,BTC-27DEC19-9000-P,10709.08,96.24,0.149,4.9,0.158,4.9,100.36,24.04736,-7.29872,-20.68807,4e-05,-0.26222
225.44,SYN.ETH-26JUL19,1563274744060,open,0.09,629.0,0.049,0.128,0.088971,117.82,0.104,0.0,ETH-26JUL19-220-C,225.3,111.69,0.085,322.0,0.093,120.0,124.18,0.14431,-0.86083,0.03045,0.00891,0.58818
10727.3,SYN.BTC-26JUL19,1563274744060,open,0.06,282.7,0.02,0.1045,0.06211105,111.38,0.0645,0.0,BTC-26JUL19-10500-P,10709.08,106.53,0.059,20.3,0.066,18.0,117.44,6.88807,-38.84257,-1.39181,0.0002,-0.41742
229.6,ETH-27DEC19,1563274744077,open,0.05,1057.0,0.005,0.088,0.046222,104.17,0.045,0.0,ETH-27DEC19-120-P,225.32,99.68,0.041,250.0,0.047,190.0,104.83,0.27103,-0.08615,-0.15128,0.0011,-0.10053
229.62,ETH-27DEC19,1563274744077,open,1.01,0.0,0.938,1.098,1.017809,110.02,None,0.0,ETH-27DEC19-440-P,225.32,78.97,0.954,110.0,1.916,1.0,500.0,0.53796,-0.18059,-1.76706,0.00207,-0.69623
226.1,ETH-27SEP19,1563274744077,open,0.8,79.0,0.738,0.882,0.809719,111.39,0.351,0.0,ETH-27SEP19-400-P,225.32,0.0,0.01,1.0,0.0,0.0,0.0,0.26948,-0.20595,-0.73355,0.00237,-0.81522
226.1,ETH-27SEP19,1563274744078,open,0.72,259.0,0.659,0.797,0.728003,110.48,0.824,0.0,ETH-27SEP19-380-P,225.32,0.0,0.0,0.0,0.0,0.0,0.0,0.29152,-0.22097,-0.68508,0.00259,-0.78957
226.1,ETH-27SEP19,1563274744077,open,1.31,12.0,1.226,1.41,1.317908,116.69,1.193,0.0,ETH-27SEP19-520-P,225.32,0.0,0.0,0.0,0.0,0.0,0.0,0.16499,-0.13209,-1.00544,0.00139,-0.90932
225.41,SYN.ETH-26JUL19,1563274744077,open,0.33,659.0,0.287,0.393,0.339927,125.5,0.34,0.0,ETH-26JUL19-300-P,225.32,0.0,0.03,1.0,3.4,5.0,500.0,0.06506,-0.41339,-0.07562,0.00377,-0.90002
229.62,ETH-27DEC19,1563274744078,open,0.11,584.0,0.065,0.153,0.108695,104.18,0.1,0.0,ETH-27DEC19-160-P,225.32,99.43,0.1,271.0,0.111,1.0,105.44,0.42168,-0.13404,-0.31113,0.00171,-0.1931
226.1,ETH-27SEP19,1563274744079,open,1.65,27.0,1.559,1.772,1.665399,120.33,1.044,0.0,ETH-27SEP19-600-P,225.32,0.0,0.0,0.0,0.0,0.0,0.0,0.12194,-0.10067,-1.1757,0.00099,-0.93899
226.1,ETH-27SEP19,1563274744079,open,0.02,2676.0,0.001,0.063,0.023194,115.0,0.025,0.0,ETH-27SEP19-480-C,225.32,112.38,0.021,5.0,0.025,200.0,117.06,0.19427,-0.15328,0.04077,0.00166,0.1135
226.1,ETH-27SEP19,1563274744079,open,0.97,0.0,0.898,1.055,0.976251,113.06,None,0.0,ETH-27SEP19-440-P,225.32,0.0,0.0,0.0,0.0,0.0,0.0,0.22852,-0.17727,-0.82742,0.00198,-0.85663
226.1,ETH-27SEP19,1563274744079,open,0.49,936.0,0.434,0.552,0.492859,107.71,0.536,0.0,ETH-27SEP19-320-P,225.32,0.0,0.041,30.0,0.54,110.0,136.06,0.35901,-0.26531,-0.53161,0.00327,-0.68476
226.1,ETH-27SEP19,1563274744079,open,0.64,233.0,0.583,0.714,0.648197,109.91,0.763,0.0,ETH-27SEP19-360-P,225.32,0.0,0.0,0.0,0.99,1.0,310.14,0.31512,-0.23762,-0.63504,0.00281,-0.75852
226.1,ETH-27SEP19,1563274744080,open,1.48,24.0,1.392,1.59,1.49121,118.57,1.356,0.0,ETH-27SEP19-560-P,225.32,0.0,0.0,0.0,0.0,0.0,0.0,0.1415,-0.11512,-1.09122,0.00117,-0.92604
225.33,SYN.ETH-19JUL19,1563274744076,open,0.24,620.0,0.195,0.293,0.244115,130.17,0.398,0.0,ETH-19JUL19-280-P,225.32,0.0,0.01,50.0,0.0,0.0,0.0,0.01517,-0.34329,-0.02148,0.00291,-0.96579
226.1,ETH-27SEP19,1563274744080,open,0.0,4111.0,0.001,0.045,0.005016,104.74,0.009,0.0,ETH-27SEP19-100-P,225.32,100.46,0.004,199.0,0.007,200.0,111.88,0.05709,-0.04102,-0.01311,0.00053,-0.02401
225.41,SYN.ETH-26JUL19,1563274744079,open,0.68,504.0,0.62,0.753,0.686517,130.17,0.168,0.0,ETH-26JUL19-380-P,225.32,0.0,0.0,0.0,0.0,0.0,0.0,0.00975,-0.06424,-0.10226,0.00054,-0.99015
225.33,SYN.ETH-19JUL19,1563274744077,open,0.32,212.0,0.279,0.384,0.331587,125.72,0.3,0.0,ETH-19JUL19-300-P,225.32,0.0,0.002,25.0,0.4,1.0,467.03,0.00343,-0.07493,-0.02353,0.00068,-0.99395
225.41,SYN.ETH-26JUL19,1563274744077,open,0.77,985.0,0.704,0.845,0.774787,124.66,0.205,0.0,ETH-26JUL19-400-P,225.32,0.0,0.0,0.0,0.0,0.0,0.0,0.00392,-0.02474,-0.10802,0.00023,-0.99648
225.41,SYN.ETH-26JUL19,1563274744079,open,0.59,1047.0,0.535,0.662,0.598666,132.44,0.2,0.0,ETH-26JUL19-360-P,225.32,0.0,0.4,1.0,0.0,0.0,0.0,0.01845,-0.12373,-0.09624,0.00101,-0.97934
225.82,SYN.ETH-30AUG19,1563274744074,open,0.16,0.0,0.12,0.199,0.159793,106.73,None,0.0,ETH-30AUG19-220-C,225.3,101.75,0.153,226.0,0.168,229.0,112.83,0.30563,-0.36346,0.1226,0.00457,0.60135
10727.3,SYN.BTC-26JUL19,1563274744075,open,0.05,310.7,0.006,0.0855,0.04588447,112.83,0.047,0.0,BTC-26JUL19-11500-C,10709.08,110.64,0.0445,24.0,0.047,0.1,114.6,6.76512,-38.64747,0.99585,0.00019,0.38899
11015.97,BTC-27DEC19,1563274744100,open,0.38,58.2,0.3305,0.441,0.38578565,100.51,0.4505,0.0,BTC-27DEC19-13000-P,10709.08,97.21,0.377,3.6,0.391,3.6,102.47,29.32591,-8.99334,-42.0199,5e-05,-0.46381
225.78,SYN.ETH-30AUG19,1563274744088,open,0.16,0.0,0.12,0.199,0.159793,106.81,None,0.0,ETH-30AUG19-220-C,225.32,101.8,0.153,226.0,0.168,231.0,112.88,0.30561,-0.36371,0.12254,0.00457,0.60122
10843.36,BTC-27SEP19,1563274744102,open,0.22,805.5,0.1745,0.254,0.21439396,101.74,0.2275,0.0,BTC-27SEP19-10000-C,10709.08,98.15,0.2085,14.4,0.2165,3.1,103.02,17.80448,-12.42825,9.59124,7e-05,0.65741
225.78,SYN.ETH-30AUG19,1563274744111,open,0.07,0.0,0.036,0.115,0.075352,108.92,None,0.0,ETH-30AUG19-280-C,225.32,104.02,0.069,473.0,0.082,232.0,113.98,0.29465,-0.35757,0.07755,0.00432,0.35472
10843.33,BTC-27SEP19,1563274744111,open,0.03,387.3,0.0005,0.0625,0.02297047,109.94,0.0275,0.0,BTC-27SEP19-22000-C,10709.08,107.03,0.0205,42.0,0.024,0.1,111.11,9.47011,-7.14333,2.01687,4e-05,0.11613
225.41,SYN.ETH-26JUL19,1563274744118,open,0.06,2755.0,0.023,0.107,0.064853,117.79,0.069,0.0,ETH-26JUL19-220-P,225.32,124.26,0.069,300.0,0.071,452.0,127.39,0.14431,-0.8606,-0.02909,0.00891,-0.41209
225.41,SYN.ETH-26JUL19,1563274744123,open,0.03,761.0,0.001,0.068,0.028413,118.86,0.029,0.0,ETH-26JUL19-260-C,225.32,114.32,0.026,419.0,0.032,320.0,125.44,0.12109,-0.7287,0.01434,0.00741,0.26351
10727.3,SYN.BTC-26JUL19,1563274744138,open,0.12,177.7,0.07,0.1495,0.10976152,111.81,0.118,0.0,BTC-26JUL19-10000-C,10709.08,104.51,0.1055,18.0,0.112,2.5,115.62,6.29234,-35.61932,1.66131,0.00018,0.68214
10791.78,SYN.BTC-30AUG19,1563274744157,open,0.22,0.0,0.1685,0.2655,0.21702547,105.38,None,0.0,BTC-30AUG19-12000-P,10709.08,102.13,0.2125,14.4,0.219,3.0,106.8,15.01702,-17.63254,-10.05489,0.0001,-0.54079
11015.97,BTC-27DEC19,1563274744163,open,0.17,243.1,0.123,0.2025,0.16276274,101.1,0.171,0.0,BTC-27DEC19-15000-C,10709.08,99.5,0.1585,3.6,0.1675,10.0,102.89,29.24647,-9.0219,14.37696,5e-05,0.45345
10727.3,SYN.BTC-26JUL19,1563274744165,open,0.15,100.4,0.101,0.1805,0.14095364,112.19,0.1305,0.0,BTC-26JUL19-9500-C,10709.08,104.07,0.137,6.0,0.1445,6.0,119.26,5.31094,-30.16587,1.83616,0.00015,0.77358
10727.3,SYN.BTC-26JUL19,1563274744167,open,0.15,100.4,0.101,0.1805,0.14095364,112.19,0.1305,0.0,BTC-26JUL19-9500-C,10709.08,104.07,0.137,6.0,0.144,6.0,118.27,5.31094,-30.16587,1.83616,0.00015,0.77358
225.78,SYN.ETH-30AUG19,1563274744193,open,0.04,30.0,0.008,0.087,0.04723,111.82,0.045,0.0,ETH-30AUG19-320-C,225.32,108.85,0.044,224.0,0.052,265.0,116.1,0.24833,-0.30939,0.05462,0.00354,0.24401
225.78,SYN.ETH-30AUG19,1563274744207,open,0.09,0.0,0.047,0.133,0.090027,106.71,None,0.0,ETH-30AUG19-200-P,225.32,102.61,0.085,195.0,0.097,431.0,112.38,0.27716,-0.32952,-0.10955,0.00414,-0.30463
225.33,SYN.ETH-19JUL19,1563274744211,open,0.0,267.0,0.001,0.041,0.001259,134.93,0.002,0.0,ETH-19JUL19-180-P,225.32,129.83,0.001,50.0,0.003,117.0,159.16,0.01226,-0.28376,-0.00049,0.00227,-0.02648
10727.3,SYN.BTC-26JUL19,1563274744264,open,0.0,162.8,0.0005,0.04,0.00046206,134.84,0.001,0.0,BTC-26JUL19-19000-C,10709.08,0.0,0.0,0.0,0.001,5.0,147.58,0.33623,-2.29543,0.01847,1e-05,0.00682
10727.3,SYN.BTC-26JUL19,1563274744266,open,0.07,211.8,0.023,0.1025,0.06254975,112.38,0.068,0.0,BTC-26JUL19-11000-C,10709.08,108.49,0.06,18.0,0.064,2.8,114.59,7.03282,-40.01414,1.21947,0.0002,0.4827
10727.3,SYN.BTC-26JUL19,1563274744276,open,0.01,373.4,0.0005,0.045,0.00519595,120.31,0.0045,0.0,BTC-26JUL19-8000-P,10709.08,113.53,0.004,3.3,0.0065,40.0,126.87,2.01649,-12.28328,-0.18026,5e-05,-0.05691
10727.3,SYN.BTC-26JUL19,1563274744277,open,0.07,211.8,0.023,0.1025,0.06254975,112.38,0.068,0.0,BTC-26JUL19-11000-C,10709.08,108.49,0.06,18.0,0.064,12.8,114.59,7.03282,-40.01414,1.21947,0.0002,0.4827
10727.3,SYN.BTC-26JUL19,1563274744279,open,0.01,373.4,0.0005,0.045,0.00519595,120.31,0.0045,0.0,BTC-26JUL19-8000-P,10709.08,113.53,0.004,13.3,0.0065,40.0,126.87,2.01649,-12.28328,-0.18026,5e-05,-0.05691
10727.3,SYN.BTC-26JUL19,1563274744280,open,0.04,556.7,0.0005,0.0835,0.04195494,111.8,0.044,0.0,BTC-26JUL19-10000-P,10709.08,106.74,0.039,10.0,0.044,0.1,115.27,6.29224,-35.61478,-1.0443,0.00018,-0.31785
10727.3,SYN.BTC-26JUL19,1563274744288,open,0.04,519.5,0.0005,0.074,0.03404382,114.96,0.0365,0.0,BTC-26JUL19-12000-C,10709.08,111.41,0.032,24.0,0.0355,10.0,117.46,6.2174,-36.18724,0.79839,0.00017,0.30912
10714.41,SYN.BTC-19JUL19,1563274744300,open,0.09,43.9,0.041,0.1205,0.08099634,113.74,0.0945,0.0,BTC-19JUL19-10000-C,10709.08,104.32,0.0785,1.9,0.082,2.9,117.42,2.89816,-57.3146,0.58037,0.00028,0.76852
10727.3,SYN.BTC-26JUL19,1563274744379,open,0.06,282.7,0.02,0.1045,0.06211472,111.38,0.0645,0.0,BTC-26JUL19-10500-P,10709.08,106.53,0.059,18.0,0.066,18.0,117.44,6.88807,-38.84257,-1.39181,0.0002,-0.41742
10843.02,BTC-27SEP19,1563274744468,open,0.27,374.9,0.223,0.3025,0.2628647,101.74,0.2635,0.0,BTC-27SEP19-9000-C,10710.76,96.32,0.255,3.1,0.265,3.2,103.21,15.77854,-11.01428,10.28559,7e-05,0.73797
11015.68,BTC-27DEC19,1563274744469,open,0.15,149.9,0.1075,0.187,0.14709823,102.05,0.159,0.0,BTC-27DEC19-16000-C,10710.76,100.1,0.142,3.6,0.1515,13.2,103.73,28.84026,-8.9801,13.45717,5e-05,0.41919
11017.36,BTC-27DEC19,1563274744469,open,0.42,93.7,0.373,0.4525,0.41270958,99.45,0.3885,0.0,BTC-27DEC19-7500-C,10710.76,0.0,0.211,0.1,0.415,2.5,100.75,19.46107,-5.90538,20.08057,4e-05,0.81866
10727.23,SYN.BTC-26JUL19,1563274744468,open,0.01,423.3,0.0005,0.0495,0.00918661,116.23,0.01,0.0,BTC-26JUL19-8500-P,10710.76,111.82,0.008,2.9,0.0105,40.0,120.84,2.97355,-17.49831,-0.30129,8e-05,-0.09462
11017.36,BTC-27DEC19,1563274744470,open,0.34,181.8,0.2995,0.379,0.33908449,99.46,0.3275,0.0,BTC-27DEC19-9000-C,10710.76,93.93,0.327,3.3,0.342,3.3,100.8,24.04757,-7.29756,19.7244,4e-05,0.73784
11017.36,BTC-27DEC19,1563274744470,open,0.0,184.7,0.0005,0.0425,0.00267097,109.59,0.003,0.0,BTC-27DEC19-2500-P,10710.76,104.86,0.002,3.0,0.0035,10.0,114.51,1.70581,-0.57039,-0.55234,0.0,-0.0085
10727.23,SYN.BTC-26JUL19,1563274744470,open,0.4,10.0,0.3465,0.4585,0.40253951,119.78,0.17,0.0,BTC-26JUL19-15000-P,10710.76,0.0,0.0,0.0,0.0,0.0,0.0,1.9476,-11.81133,-3.91271,5e-05,-0.94554
10714.37,SYN.BTC-19JUL19,1563274744468,open,0.12,84.2,0.0825,0.1725,0.12754244,116.43,0.121,0.0,BTC-19JUL19-12000-P,10710.76,0.0,0.0025,0.2,0.0,0.0,0.0,2.19813,-44.50009,-0.82683,0.00021,-0.85195
10727.23,SYN.BTC-26JUL19,1563274744468,open,0.19,57.5,0.1425,0.2375,0.18997324,116.17,0.19,0.0,BTC-26JUL19-12500-P,10710.76,0.0,0.14,0.5,0.275,0.5,256.39,5.4912,-32.29837,-2.75588,0.00015,-0.75953
10843.02,BTC-27SEP19,1563274744470,open,0.38,73.9,0.331,0.4415,0.38625396,103.95,0.395,0.0,BTC-27SEP19-14000-P,10710.76,0.0,0.0045,10.0,0.3985,5.0,111.12,18.37618,-13.10545,-21.88698,8e-05,-0.62473
11017.36,BTC-27DEC19,1563274744471,open,0.03,186.2,0.0005,0.069,0.02913129,110.1,0.031,0.0,BTC-27DEC19-36000-C,10710.76,107.93,0.0265,6.0,0.0315,6.0,111.96,13.71764,-4.60802,3.91115,2e-05,0.1082
10727.23,SYN.BTC-26JUL19,1563274744468,open,0.44,0.0,0.39,0.5055,0.44788345,120.71,None,0.0,BTC-26JUL19-15500-P,10710.76,0.0,0.0,0.0,0.0,0.0,0.0,1.51088,-9.23398,-4.0872,4e-05,-0.96031
11017.36,BTC-27DEC19,1563274744472,open,0.0,148.7,0.0005,0.0405,0.00079243,124.3,0.0005,0.0,BTC-27DEC19-1500-P,10710.76,0.0,0.0,0.0,0.0015,14.8,135.21,0.56731,-0.21515,-0.16152,0.0,-0.00247
11017.36,BTC-27DEC19,1563274744471,open,0.01,111.5,0.0005,0.0475,0.00757463,103.29,0.008,0.0,BTC-27DEC19-3500-P,10710.76,98.64,0.006,12.8,0.009,10.0,107.07,3.96288,-1.24892,-1.49236,1e-05,-0.0226
10843.02,BTC-27SEP19,1563274744471,open,0.66,0.0,0.6165,0.696,0.65643322,116.53,None,0.0,BTC-27SEP19-3750-C,10710.76,0.0,0.0045,10.0,0.738,10.0,299.21,1.37408,-1.09859,7.20543,1e-05,0.98926
10727.23,SYN.BTC-26JUL19,1563274744471,open,0.44,0.0,0.401,0.4805,0.44090894,135.23,None,0.0,BTC-26JUL19-6000-C,10710.76,0.0,0.0005,0.1,0.0,0.0,0.0,0.17265,-1.18212,1.61334,0.0,0.99677
10843.02,BTC-27SEP19,1563274744472,open,0.46,29.6,0.4035,0.52,0.46175253,104.78,0.39,0.0,BTC-27SEP19-15000-P,10710.76,0.0,0.0045,10.0,1.0755,0.3,500.0,17.39562,-12.5053,-24.65109,7e-05,-0.67691
10843.02,BTC-27SEP19,1563274744472,open,0.07,174.2,0.025,0.1045,0.06485002,105.58,0.069,0.0,BTC-27SEP19-16000-C,10710.76,103.33,0.0615,19.3,0.068,32.9,107.66,16.25202,-11.77225,4.61401,7e-05,0.27798
10843.02,BTC-27SEP19,1563274744473,open,0.59,289.7,0.5495,0.629,0.58929632,108.97,0.588,0.0,BTC-27SEP19-4500-C,10710.76,0.0,0.002,1.1,0.702,5.0,299.36,2.3657,-1.76866,8.45407,1e-05,0.9798
10727.23,SYN.BTC-26JUL19,1563274744468,open,0.0,625.3,0.0005,0.041,0.0010652,124.08,0.001,0.0,BTC-26JUL19-17000-C,10710.76,112.96,0.0005,0.5,0.0015,30.0,130.07,0.69215,-4.34819,0.04226,2e-05,0.01563
10843.02,BTC-27SEP19,1563274744473,open,0.01,442.4,0.0005,0.045,0.00547069,115.0,0.005,0.0,BTC-27SEP19-32000-C,10710.76,109.97,0.004,24.0,0.0065,15.0,118.02,3.49772,-2.75985,0.57922,1e-05,0.03223
11017.36,BTC-27DEC19,1563274744474,open,0.69,4.0,0.65,0.7295,0.68985409,103.18,0.59,0.0,BTC-27DEC19-3500-C,10710.76,0.0,0.0075,0.2,0.78,1.0,230.49,3.95164,-1.24403,14.22749,1e-05,0.97748
10791.56,SYN.BTC-30AUG19,1563274744469,open,0.19,0.0,0.1395,0.219,0.17926494,104.17,None,0.0,BTC-30AUG19-10000-C,10710.76,99.72,0.1735,17.5,0.183,3.3,107.05,13.98374,-16.23063,6.27449,9e-05,0.65217
10714.37,SYN.BTC-19JUL19,1563274744468,open,0.05,121.2,0.01,0.0895,0.04957101,110.58,0.0635,0.0,BTC-19JUL19-10500-C,10710.76,104.53,0.0475,18.0,0.0505,2.2,113.29,3.67268,-70.61265,0.46517,0.00037,0.60063
10727.23,SYN.BTC-26JUL19,1563274744473,open,0.23,30.0,0.1805,0.2785,0.22968686,117.38,0.31,0.0,BTC-26JUL19-13000-P,10710.76,0.0,0.0,0.0,0.2335,4.5,125.8,4.70062,-27.93608,-3.03385,0.00013,-0.81559
10791.56,SYN.BTC-30AUG19,1563274744472,open,0.6,0.0,0.542,0.67,0.60606617,113.1,None,0.0,BTC-30AUG19-17000-P,10710.76,0.0,0.0,0.0,0.0,0.0,0.0,9.63476,-12.14117,-19.0317,6e-05,-0.82835
10714.37,SYN.BTC-19JUL19,1563274744468,open,0.35,0.0,0.2995,0.4075,0.3535475,132.9,None,0.0,BTC-19JUL19-14500-P,10710.76,0.0,0.001,1.0,0.0,0.0,0.0,0.16426,-3.79552,-1.13743,1e-05,-0.99389
10714.37,SYN.BTC-19JUL19,1563274744469,open,0.01,489.3,0.0005,0.046,0.00608489,117.69,0.0055,0.0,BTC-19JUL19-9500-P,10710.76,107.89,0.0045,32.3,0.0055,58.8,114.21,1.83846,-37.62111,-0.10166,0.00017,-0.11434
10791.56,SYN.BTC-30AUG19,1563274744468,open,0.43,0.0,0.382,0.4965,0.4392211,110.11,None,0.0,BTC-30AUG19-15000-P,10710.76,0.0,0.0,0.0,0.0,0.0,0.0,12.14272,-14.89734,-15.71631,8e-05,-0.74531
10727.23,SYN.BTC-26JUL19,1563274744473,open,0.15,327.3,0.107,0.1985,0.15268251,114.95,0.1525,0.0,BTC-26JUL19-12000-P,10710.76,0.0,0.011,5.5,0.1605,5.0,128.2,6.217,-36.18059,-2.44851,0.00017,-0.69092
10791.56,SYN.BTC-30AUG19,1563274744476,open,0.36,0.0,0.306,0.4145,0.36032265,108.55,None,0.0,BTC-30AUG19-14000-P,10710.76,0.0,0.0,0.0,0.0,0.0,0.0,13.36477,-16.16453,-13.92474,9e-05,-0.68918
225.41,SYN.ETH-26JUL19,1563274744482,open,0.11,1357.0,0.072,0.16,0.11614,117.74,0.133,0.0,ETH-26JUL19-240-P,225.32,112.82,0.113,181.0,0.122,148.0,126.87,0.14415,-0.85928,-0.04306,0.00891,-0.58983
225.78,SYN.ETH-30AUG19,1563274744492,open,0.13,0.0,0.084,0.163,0.123796,106.85,None,0.0,ETH-30AUG19-240-C,225.32,101.99,0.117,191.0,0.13,191.0,111.29,0.31574,-0.37589,0.10712,0.00471,0.5097
11017.36,BTC-27DEC19,1563274744502,open,1.41,0.0,1.3225,1.5155,1.41887532,106.73,None,0.0,BTC-27DEC19-26000-P,10710.76,0.0,0.004,10.0,2.219,0.2,500.0,20.64229,-6.72192,-109.777,4e-05,-0.8004
11017.36,BTC-27DEC19,1563274744509,open,1.24,0.0,1.158,1.337,1.24754919,105.81,None,0.0,BTC-27DEC19-24000-P,10710.76,0.0,0.0055,1.0,2.0425,0.2,500.0,22.3361,-7.21092,-99.87061,4e-05,-0.77146
225.78,SYN.ETH-30AUG19,1563274744507,open,0.03,0.0,0.001,0.071,0.030323,106.95,None,0.0,ETH-30AUG19-160-P,225.32,102.5,0.027,250.0,0.034,280.0,111.71,0.17136,-0.2042,-0.04572,0.00256,-0.1344
225.78,SYN.ETH-30AUG19,1563274744514,open,0.03,0.0,0.001,0.071,0.030323,106.95,None,0.0,ETH-30AUG19-160-P,225.32,102.5,0.027,530.0,0.034,280.0,111.71,0.17136,-0.2042,-0.04572,0.00256,-0.1344
225.41,SYN.ETH-26JUL19,1563274744517,open,0.01,985.0,0.001,0.052,0.011756,121.97,0.012,0.0,ETH-26JUL19-180-P,225.32,119.51,0.011,250.0,0.015,150.0,131.91,0.07015,-0.43317,-0.00748,0.00418,-0.11094
225.33,SYN.ETH-19JUL19,1563274744537,open,0.08,1569.0,0.043,0.129,0.086456,128.36,0.08,0.0,ETH-19JUL19-240-P,225.32,100.18,0.078,300.0,0.089,50.0,136.41,0.07054,-1.57421,-0.01379,0.01374,-0.69026
225.33,SYN.ETH-19JUL19,1563274744546,open,0.08,1569.0,0.043,0.129,0.086456,128.36,0.08,0.0,ETH-19JUL19-240-P,225.32,100.18,0.078,404.0,0.089,50.0,136.41,0.07054,-1.57421,-0.01379,0.01374,-0.69026
10844.7,BTC-27SEP19,1563274744788,open,0.7,1.0,0.637,0.773,0.70512816,107.34,1.5815,0.0,BTC-27SEP19-18000-P,10710.76,0.0,0.0045,0.3,1.3255,0.3,500.0,13.85017,-10.19985,-32.43675,5e-05,-0.79293
10714.37,SYN.BTC-19JUL19,1563274744853,open,0.01,489.3,0.0005,0.046,0.00608489,117.69,0.0055,0.0,BTC-19JUL19-9500-P,10710.76,107.89,0.0045,42.3,0.0055,58.8,114.21,1.83846,-37.62111,-0.10166,0.00017,-0.11434
10714.37,SYN.BTC-19JUL19,1563274744860,open,0.03,494.8,0.0005,0.0705,0.02955988,110.57,0.03,0.0,BTC-19JUL19-10500-P,10710.76,104.55,0.0275,34.0,0.0305,2.1,113.31,3.67267,-70.60517,-0.36207,0.00037,-0.39936
10843.02,BTC-27SEP19,1563274744873,open,0.15,658.7,0.1025,0.182,0.14219319,102.6,0.15,0.0,BTC-27SEP19-12000-C,10710.76,99.97,0.1375,26.1,0.145,11.7,104.17,19.32819,-13.60587,7.81597,8e-05,0.50322
10714.37,SYN.BTC-19JUL19,1563274744883,open,0.09,43.9,0.041,0.1205,0.08099272,113.74,0.0945,0.0,BTC-19JUL19-10000-C,10710.76,104.33,0.0785,2.1,0.082,2.9,117.43,2.89819,-57.31351,0.58036,0.00028,0.76851
10843.02,BTC-27SEP19,1563274744883,open,0.07,174.2,0.025,0.1045,0.06485002,105.58,0.069,0.0,BTC-27SEP19-16000-C,10710.76,103.33,0.0615,32.9,0.068,32.9,107.66,16.25202,-11.77225,4.61401,7e-05,0.27798
10714.37,SYN.BTC-19JUL19,1563274744885,open,0.09,43.9,0.041,0.1205,0.08099272,113.74,0.0945,0.0,BTC-19JUL19-10000-C,10710.76,104.33,0.0785,2.1,0.0815,1.8,115.61,2.89819,-57.31351,0.58036,0.00028,0.76851
11017.36,BTC-27DEC19,1563274744894,open,0.16,286.0,0.11,0.202,0.15607909,99.51,0.1555,0.0,BTC-27DEC19-9000-P,10710.76,96.26,0.149,4.9,0.158,14.9,100.39,24.04736,-7.30092,-20.68812,4e-05,-0.26216
10791.56,SYN.BTC-30AUG19,1563274744908,open,0.19,0.0,0.1395,0.219,0.17926494,104.17,None,0.0,BTC-30AUG19-10000-C,10710.76,99.72,0.1735,17.6,0.183,3.3,107.05,13.98374,-16.23063,6.27449,9e-05,0.65217
11017.36,BTC-27DEC19,1563274744905,open,0.17,243.1,0.123,0.2025,0.16275361,101.09,0.171,0.0,BTC-27DEC19-15000-C,10710.76,99.48,0.1585,13.6,0.1675,10.0,102.87,29.25033,-9.02155,14.38022,5e-05,0.45347
11017.36,BTC-27DEC19,1563274744916,open,0.07,174.4,0.029,0.1085,0.06889401,105.67,0.073,0.0,BTC-27DEC19-24000-C,10710.76,103.73,0.065,14.9,0.0725,14.9,107.44,22.3051,-7.19167,7.86897,4e-05,0.22798
10791.56,SYN.BTC-30AUG19,1563274744916,open,0.19,0.0,0.1395,0.219,0.17926494,104.17,None,0.0,BTC-30AUG19-10000-C,10710.76,99.72,0.1735,17.6,0.183,3.2,107.05,13.98374,-16.23063,6.27449,9e-05,0.65217
11017.36,BTC-27DEC19,1563274744925,open,0.06,136.1,0.019,0.0985,0.05866555,106.57,0.067,0.0,BTC-27DEC19-26000-C,10710.76,104.86,0.0555,4.9,0.0615,14.9,108.07,20.60181,-6.69874,6.93897,4e-05,0.19895
10727.23,SYN.BTC-26JUL19,1563274744930,open,0.12,177.7,0.07,0.1495,0.10975687,111.81,0.118,0.0,BTC-26JUL19-10000-C,10710.76,104.51,0.1055,18.0,0.112,2.3,115.62,6.29239,-35.6192,1.66128,0.00018,0.68213
10714.37,SYN.BTC-19JUL19,1563274744953,open,0.05,121.2,0.01,0.0895,0.04957101,110.58,0.0635,0.0,BTC-19JUL19-10500-C,10710.76,104.53,0.0475,18.0,0.0505,2.0,113.29,3.67268,-70.61265,0.46517,0.00037,0.60063
10791.56,SYN.BTC-30AUG19,1563274744964,open,0.07,0.0,0.0235,0.108,0.06571416,104.16,None,0.0,BTC-30AUG19-9000-P,10710.76,100.35,0.0615,29.3,0.0685,2.9,106.66,11.98229,-13.90582,-4.16703,8e-05,-0.24835
10714.37,SYN.BTC-19JUL19,1563274744973,open,0.0,432.6,0.0005,0.042,0.00233117,122.91,0.002,0.0,BTC-19JUL19-9000-P,10710.76,104.69,0.001,157.4,0.003,2.2,129.82,0.96813,-20.68953,-0.04349,9e-05,-0.04919
10727.23,SYN.BTC-26JUL19,1563274744984,open,0.0,411.4,0.0005,0.043,0.00302765,126.58,0.003,0.0,BTC-26JUL19-7500-P,10710.76,117.33,0.002,15.9,0.004,40.0,133.78,1.33624,-8.56329,-0.10791,3e-05,-0.03415
10727.23,SYN.BTC-26JUL19,1563274744992,open,0.03,487.5,0.0005,0.0675,0.02653931,112.17,0.028,0.0,BTC-26JUL19-9500-P,10710.76,108.02,0.0245,2.6,0.028,24.0,115.11,5.31077,-30.16126,-0.73418,0.00015,-0.22641
10791.56,SYN.BTC-30AUG19,1563274744994,open,0.14,1.0,0.097,0.1765,0.13685342,104.17,0.133,0.0,BTC-30AUG19-11000-C,10710.76,101.03,0.1325,14.4,0.141,3.0,107.16,14.96818,-17.37302,5.50571,0.0001,0.55182
10791.56,SYN.BTC-30AUG19,1563274745007,open,0.04,20.0,0.0005,0.078,0.03700818,105.17,0.032,0.0,BTC-30AUG19-8000-P,10710.76,100.99,0.0335,32.2,0.04,2.9,108.64,9.19172,-10.77029,-2.60859,6e-05,-0.1596
225.8,SYN.ETH-30AUG19,1563274745057,open,0.09,0.0,0.047,0.133,0.09009,106.79,None,0.0,ETH-30AUG19-200-P,225.32,102.64,0.085,195.0,0.097,432.0,112.41,0.27716,-0.32978,-0.10957,0.00414,-0.30458
226.1,ETH-27SEP19,1563274745076,open,2.17,0.0,2.064,2.318,2.190813,124.04,None,0.0,ETH-27SEP19-720-P,225.31,0.0,0.0,0.0,0.0,0.0,0.0,0.07795,-0.06634,-1.42466,0.00062,-0.96506
229.62,ETH-27DEC19,1563274745077,open,1.17,21.0,1.092,1.265,1.178428,111.38,0.629,0.0,ETH-27DEC19-480-P,225.31,66.17,1.103,110.0,2.09,1.0,500.0,0.50808,-0.17266,-1.96817,0.00193,-0.73068
226.1,ETH-27SEP19,1563274745077,open,0.01,3316.0,0.001,0.045,0.00506,124.28,0.004,0.0,ETH-27SEP19-760-C,225.31,115.91,0.003,410.0,0.007,500.0,130.27,0.0656,-0.05593,0.01052,0.00052,0.02836
229.62,ETH-27DEC19,1563274745077,open,1.33,37.0,1.247,1.434,1.340591,112.17,0.707,0.0,ETH-27DEC19-520-P,225.31,0.0,0.001,500.0,0.0,0.0,0.0,0.47648,-0.16308,-2.1673,0.00179,-0.76167
226.1,ETH-27SEP19,1563274745078,open,0.1,3016.0,0.054,0.133,0.093127,107.22,0.108,0.0,ETH-27SEP19-300-C,225.31,104.15,0.088,347.0,0.098,397.0,110.12,0.379,-0.27882,0.12178,0.00346,0.3629
225.35,SYN.ETH-19JUL19,1563274745076,open,0.59,0.0,0.534,0.661,0.597653,186.47,None,0.0,ETH-19JUL19-360-P,225.31,0.0,0.001,25.0,0.0,0.0,0.0,0.00183,-0.05939,-0.02831,0.00025,-0.997
226.1,ETH-27SEP19,1563274745078,open,1.14,0.0,1.061,1.231,1.146145,114.99,None,0.0,ETH-27SEP19-480-P,225.31,0.0,0.0,0.0,0.0,0.0,0.0,0.19426,-0.15326,-0.9176,0.00166,-0.88651
225.43,SYN.ETH-26JUL19,1563274745076,open,1.47,0.0,1.386,1.583,1.484411,187.74,None,0.0,ETH-26JUL19-560-P,225.31,0.0,0.0,0.0,0.0,0.0,0.0,0.003,-0.02851,-0.15137,0.00012,-0.99738
225.43,SYN.ETH-26JUL19,1563274745077,open,0.94,0.0,0.875,1.03,0.952149,146.99,None,0.0,ETH-26JUL19-440-P,225.31,0.0,0.0,0.0,0.0,0.0,0.0,0.00447,-0.03329,-0.11882,0.00022,-0.99592
225.35,SYN.ETH-19JUL19,1563274745077,open,0.0,459.0,0.001,0.04,1.1e-05,134.97,0.001,0.0,ETH-19JUL19-340-C,225.31,0.0,0.0,0.0,0.001,250.0,207.43,0.00027,-0.00252,1e-05,5e-05,0.00037
225.35,SYN.ETH-19JUL19,1563274745077,open,0.5,742.0,0.449,0.569,0.508904,166.41,0.144,0.0,ETH-19JUL19-340-P,225.31,0.0,0.035,10.0,0.0,0.0,0.0,0.00203,-0.0586,-0.02673,0.0003,-0.99664
225.33,SYN.ETH-19JUL19,1563274745071,open,0.03,1112.0,0.001,0.074,0.033134,125.51,0.031,0.0,ETH-19JUL19-220-P,225.32,113.54,0.029,321.0,0.035,316.0,131.14,0.07692,-1.67869,-0.00757,0.01532,-0.39335
225.35,SYN.ETH-19JUL19,1563274745076,open,0.68,0.0,0.619,0.753,0.68641,206.22,None,0.0,ETH-19JUL19-380-P,225.31,0.0,0.0,0.0,0.0,0.0,0.0,0.00175,-0.06291,-0.02989,0.00021,-0.99714
225.35,SYN.ETH-19JUL19,1563274745078,open,0.0,90.0,0.001,0.04,2e-06,134.98,0.002,0.0,ETH-19JUL19-360-C,225.31,0.0,0.0,0.0,0.001,250.0,231.36,5e-05,-0.00036,0.0,1e-05,6e-05
225.35,SYN.ETH-19JUL19,1563274745088,open,0.03,1112.0,0.001,0.074,0.033134,125.79,0.031,0.0,ETH-19JUL19-220-P,225.31,113.65,0.029,321.0,0.035,317.0,131.25,0.07692,-1.68235,-0.00757,0.01528,-0.39318
225.43,SYN.ETH-26JUL19,1563274745103,open,0.0,891.0,0.001,0.043,0.003835,127.97,0.005,0.0,ETH-26JUL19-160-P,225.31,121.86,0.003,400.0,0.007,910.0,146.28,0.0329,-0.21317,-0.00276,0.00187,-0.04147
225.43,SYN.ETH-26JUL19,1563274745135,open,0.0,3958.0,0.001,0.041,0.001765,134.98,0.001,0.0,ETH-26JUL19-360-C,225.31,124.77,0.001,8.0,0.003,171.0,146.54,0.02013,-0.13754,0.00129,0.00108,0.02289
10714.37,SYN.BTC-19JUL19,1563274745198,open,0.03,494.8,0.0005,0.0705,0.02955988,110.57,0.03,0.0,BTC-19JUL19-10500-P,10710.76,104.55,0.0275,34.0,0.0305,2.2,113.31,3.67267,-70.60517,-0.36207,0.00037,-0.39936
10714.37,SYN.BTC-19JUL19,1563274745200,open,0.03,159.4,0.0005,0.068,0.0282197,111.94,0.029,0.0,BTC-19JUL19-11000-C,10710.76,108.41,0.027,18.0,0.0285,2.7,112.75,3.70726,-72.15571,0.32636,0.00037,0.41484
10714.37,SYN.BTC-19JUL19,1563274745211,open,0.03,159.4,0.0005,0.068,0.0282197,111.94,0.029,0.0,BTC-19JUL19-11000-C,10710.76,108.41,0.027,18.0,0.0285,2.6,112.75,3.70726,-72.15571,0.32636,0.00037,0.41484
10791.56,SYN.BTC-30AUG19,1563274745212,open,0.05,0.0,0.0095,0.089,0.04927418,110.14,None,0.0,BTC-30AUG19-15000-C,10710.76,107.2,0.046,19.3,0.052,10.0,112.54,12.14465,-14.90312,2.7264,8e-05,0.25476
10714.37,SYN.BTC-19JUL19,1563274745215,open,0.0,281.0,0.0005,0.0435,0.00381571,120.15,0.005,0.0,BTC-19JUL19-12500-C,10710.76,117.75,0.0035,25.5,0.004,3.4,121.51,1.43992,-30.08144,0.06597,0.00013,0.08196
10844.7,BTC-27SEP19,1563274745237,open,0.25,61.5,0.199,0.2985,0.2488643,102.65,0.2855,0.0,BTC-27SEP19-12000-P,10710.76,100.76,0.2455,2.7,0.2525,3.2,104.69,19.33109,-13.61415,-16.14028,8e-05,-0.49656
225.43,SYN.ETH-26JUL19,1563274745339,open,0.11,1357.0,0.072,0.16,0.116239,117.99,0.133,0.0,ETH-26JUL19-240-P,225.31,114.49,0.114,144.0,0.122,148.0,126.97,0.14421,-0.86146,-0.04303,0.00889,-0.5893
225.43,SYN.ETH-26JUL19,1563274745349,open,0.11,1357.0,0.072,0.16,0.116239,117.99,0.133,0.0,ETH-26JUL19-240-P,225.31,114.49,0.114,144.0,0.122,149.0,126.97,0.14421,-0.86146,-0.04303,0.00889,-0.5893
225.35,SYN.ETH-19JUL19,1563274745355,open,0.01,728.0,0.001,0.049,0.008846,131.9,0.011,0.0,ETH-19JUL19-200-P,225.31,116.53,0.006,407.0,0.01,343.0,137.6,0.04464,-1.02373,-0.00265,0.00846,-0.14055
225.8,SYN.ETH-30AUG19,1563274745371,open,0.13,0.0,0.089,0.179,0.134121,106.8,None,0.0,ETH-30AUG19-220-P,225.31,103.01,0.129,147.0,0.142,375.0,112.62,0.30562,-0.36366,-0.14792,0.00457,-0.39869
225.35,SYN.ETH-19JUL19,1563274745377,open,0.01,877.0,0.001,0.046,0.006629,131.28,0.007,0.0,ETH-19JUL19-260-C,225.31,121.61,0.005,10.0,0.007,397.0,133.33,0.04029,-0.91968,0.00203,0.00767,0.12118
225.35,SYN.ETH-19JUL19,1563274745385,open,0.06,238.0,0.017,0.096,0.056791,125.54,0.059,0.0,ETH-19JUL19-220-C,225.31,111.46,0.052,108.0,0.058,130.0,129.08,0.07691,-1.67881,0.00977,0.01531,0.60695
225.8,SYN.ETH-30AUG19,1563274745398,open,0.01,0.0,0.001,0.056,0.015604,110.18,None,0.0,ETH-30AUG19-140-P,225.31,106.92,0.014,219.0,0.019,200.0,116.66,0.11355,-0.1394,-0.02551,0.00164,-0.0763
11016.98,BTC-27DEC19,1563274745467,open,0.01,227.9,0.0005,0.052,0.01199154,101.89,0.0135,0.0,BTC-27DEC19-4000-P,10709.97,97.78,0.01,16.0,0.014,36.0,105.72,5.56681,-1.73065,-2.27379,1e-05,-0.03398
10844.3,BTC-27SEP19,1563274745468,open,0.47,714.8,0.423,0.5025,0.46288479,103.72,0.434,0.0,BTC-27SEP19-6000-C,10709.97,0.0,0.3,0.1,0.8685,3.0,500.0,6.1926,-4.40659,10.20769,3e-05,0.93434
11016.19,BTC-27DEC19,1563274745468,open,0.0,88.9,0.0005,0.0415,0.0014744,115.25,0.003,0.0,BTC-27DEC19-2000-P,10709.97,100.64,0.0005,9.5,0.0025,10.0,124.55,1.01442,-0.35672,-0.30651,0.0,-0.00472
10844.3,BTC-27SEP19,1563274745469,open,0.02,291.4,0.0005,0.0565,0.01693479,111.33,0.0175,0.0,BTC-27SEP19-24000-C,10709.97,107.8,0.0145,42.2,0.0185,39.0,113.46,7.79037,-5.95059,1.55592,3e-05,0.0888
10844.3,BTC-27SEP19,1563274745468,open,0.19,131.9,0.141,0.2355,0.18833386,101.72,0.188,0.0,BTC-27SEP19-11000-P,10709.97,99.81,0.185,3.0,0.193,14.4,104.39,18.96373,-13.23473,-13.22225,8e-05,-0.42235
10844.3,BTC-27SEP19,1563274745469,open,0.03,372.1,0.0005,0.0715,0.03191607,108.61,0.0325,0.0,BTC-27SEP19-20000-C,10709.97,106.3,0.0295,26.2,0.034,34.1,110.55,11.50702,-8.57481,2.64765,5e-05,0.1542
11016.19,BTC-27DEC19,1563274745469,open,0.39,206.7,0.347,0.4265,0.38656677,99.51,0.395,0.0,BTC-27DEC19-8000-C,10709.97,50.72,0.3005,0.1,0.999,0.1,500.0,21.15694,-6.42326,20.05017,4e-05,0.79195
11016.19,BTC-27DEC19,1563274745469,open,0.01,163.1,0.0005,0.0445,0.00476327,106.43,0.004,0.0,BTC-27DEC19-3000-P,10709.97,100.88,0.0035,13.1,0.006,10.0,111.09,2.73264,-0.88738,-0.95816,0.0,-0.01461
10844.3,BTC-27SEP19,1563274745469,open,0.64,227.5,0.594,0.6735,0.63393548,113.53,0.7065,0.0,BTC-27SEP19-4000-C,10709.97,0.0,0.111,2.0,0.7255,5.0,299.11,1.64587,-1.28203,7.63965,1e-05,0.98678
