underlying_price,underlying_index,timestamp,state,settlement_price,open_interest,min_price,max_price,mark_price,mark_iv,last_price,interest_rate,instrument_name,index_price,bid_iv,best_bid_price,best_bid_amount,best_ask_price,best_ask_amount,ask_iv,vega,theta,rho,gamma,delta
5432.26,BTC-27SEP19,1556189939993,open,0.37,10.2,0.34318072,0.40604728,0.36568553,63.68,0.8,0.0,BTC-27SEP19-7000-P,5457.49,58.95,0.3545,1.5,0.378,2.0,68.76,13.01153,-2.67513,-23.56878,0.00016,-0.65682
5432.26,BTC-27SEP19,1556189940015,open,0.01,153.8,0.00309839,0.04878355,0.01335387,67.46,0.016,0.0,BTC-27DEC19-2500-P,5457.49,65.06,0.0115,28.0,0.0155,28.0,70.05,4.34805,-0.59646,-2.1947,3e-05,-0.04662
5432.26,BTC-27SEP19,1556189940049,open,1.62,0.0,1.57951982,1.65404218,1.60298569,75.09,None,0.0,BTC-27DEC19-14000-P,5457.49,0.0,0.0005,0.2,0.0,0.0,0.0,8.36969,-1.27809,-91.23625,6e-05,-0.89025
5432.26,BTC-27SEP19,1556189940051,open,0.05,932.8,0.02897083,0.08236297,0.05022246,65.31,0.048,0.0,BTC-27SEP19-8000-C,5457.49,64.46,0.0485,10.0,0.051,0.1,65.69,11.07168,-2.33456,4.44053,0.00014,0.24287
5457.49,index_price,1556189940056,open,0.02,196.2,0.00748092,0.03302779,0.01428036,61.14,0.015,0,BTC-31MAY19-4500-P,5457.49,59.23,0.013,24.0,0.0155,10.0,62.9,3.71789,-3.16782,-0.80162,0.00021,-0.13516
5432.26,BTC-27SEP19,1556189940070,open,0.03,25.0,0.00375354,0.08870387,0.02995911,73.55,0.032,0.0,BTC-27DEC19-13000-C,5457.49,72.07,0.0275,10.1,0.032,33.0,74.73,9.24819,-1.38319,3.52806,6e-05,0.12637
5457.49,index_price,1556189940072,open,0.12,872.9,0.12963652,0.12964084,0.12966745,100.0,0.1355,0,BTC-26APR19-4750-C,5457.49,0.0,0.123,3.0,0.135,3.0,228.29,0.0179,-1.022,0.11368,3e-05,0.99788
5457.49,index_price,1556189940086,open,0.01,78.4,0.00423523,0.02830663,0.01006926,61.45,0.01,0,BTC-31MAY19-7000-C,5457.49,59.66,0.009,41.1,0.011,24.0,62.94,3.33938,-2.85989,0.56765,0.00019,0.11589
5423.51,BTC-28JUN19,1556189940126,open,0.16,117.0,0.14910635,0.19628212,0.16624586,58.36,0.145,0.0,BTC-28JUN19-4750-C,5457.49,52.86,0.159,5.0,0.1705,5.0,61.52,7.25483,-3.3142,5.51243,0.00024,0.74704
5432.26,BTC-27SEP19,1556189940126,open,0.17,18.6,0.14680111,0.21314083,0.16508898,61.12,0.1685,0.0,BTC-27SEP19-5500-P,5457.49,60.31,0.163,5.3,0.1685,3.0,62.45,13.91909,-2.74659,-13.79316,0.00018,-0.43331
5432.26,BTC-27SEP19,1556189940126,open,1.08,0.0,1.03496806,1.14493633,1.06733785,70.14,None,0.0,BTC-27DEC19-11000-P,5457.49,0.0,0.0005,0.2,0.0,0.0,0.0,11.45975,-1.63461,-69.27631,8e-05,-0.8258
5432.26,BTC-27SEP19,1556189940132,open,0.01,50.9,0.00059902,0.02546563,0.00633008,71.65,0.0065,0.0,BTC-27DEC19-2000-P,5457.49,68.49,0.005,10.0,0.008,18.0,75.13,2.44015,-0.35553,-1.07769,2e-05,-0.02312
5423.51,BTC-28JUN19,1556189940147,open,2.71,0.4,2.68764877,2.68765085,2.68784501,100.0,5.076,0.0,BTC-28JUN19-20000-P,5457.49,0.0,0.0005,0.2,0.0,0.0,0.0,0.13106,-0.10259,-34.98511,0.0,-0.99819
5423.51,BTC-28JUN19,1556189940183,open,0.11,55.2,0.08277873,0.14099679,0.10495625,58.3,0.105,0.0,BTC-28JUN19-5500-P,5457.49,58.03,0.1045,4.4,0.1065,15.0,59.23,9.0325,-4.12217,-5.49763,0.0003,-0.47428
5457.49,index_price,1556189940269,open,0.0,47.1,7.23e-06,0.00831682,0.00164595,75.29,0.0025,0,BTC-3MAY19-4500-P,5457.49,68.91,0.001,12.7,0.0025,17.5,81.8,0.63348,-3.02818,-0.0443,0.00013,-0.03597
164.0,index_price,1556189940385,open,0.15,4.0,0.146511,0.15762,0.149139,71.49,0.16,0,ETH-3MAY19-140-C,164.0,70.68,0.149,195.0,0.157,50.0,103.04,0.0285,-0.12934,0.028,0.00687,0.94053
164.0,index_price,1556189940649,open,0.09,0.0,0.087951,0.111085,0.0956,69.4,None,0,ETH-3MAY19-150-C,164.0,67.81,0.095,117.0,0.102,50.0,85.03,0.06258,-0.27572,0.02574,0.01554,0.82285
164.0,index_price,1556189940784,open,0.01,343.0,0.002585,0.025719,0.010234,69.4,0.012,0,ETH-3MAY19-150-P,164.0,63.33,0.008,110.0,0.012,400.0,73.92,0.06258,-0.27572,-0.00663,0.01554,-0.17715
166.03,ETH-28JUN19,1556189940818,open,0.0,2427.0,1e-06,0.00306,0.001452,105.0,0.003,0.0,ETH-28JUN19-500-C,164.0,109.02,0.002,308.0,0.004,500.0,119.21,0.02012,-0.01654,0.00278,0.0004,0.011
167.72,ETH-27SEP19,1556189940818,open,0.08,337.0,0.063893,0.15055,0.080587,67.11,0.083,0.0,ETH-27SEP19-220-C,164.0,65.61,0.077,244.0,0.085,60.0,68.94,0.402,-0.08709,0.18731,0.00502,0.34379
167.72,ETH-27SEP19,1556189940820,open,0.0,174.0,0.000306,0.007176,0.002641,79.38,0.001,0.0,ETH-27SEP19-60-P,164.0,76.03,0.002,450.0,0.003,123.0,81.03,0.03494,-0.00895,-0.01066,0.00037,-0.01233
164.0,index_price,1556189940820,open,0.0,181.0,0.0,1e-06,1e-06,105.0,0.002,0,ETH-26APR19-200-C,164.0,0.0,0.0,0.0,0.001,250.0,204.94,2e-05,-0.00012,0.0,3e-05,6e-05
164.0,index_price,1556189940820,open,0.0,628.0,0.0,0.0,0.0,105.0,0.001,0,ETH-26APR19-210-C,164.0,0.0,0.0,0.0,0.001,250.0,245.82,0.0,0.0,0.0,0.0,0.0
166.03,ETH-28JUN19,1556189940824,open,0.25,1851.0,0.241095,0.326978,0.249603,66.01,0.21,0.0,ETH-28JUN19-200-P,164.0,62.8,0.245,54.0,0.254,54.0,69.03,0.24001,-0.12403,-0.27708,0.00754,-0.70401
167.72,ETH-27SEP19,1556189940831,open,0.14,2477.0,0.129439,0.215052,0.141898,65.04,0.136,0.0,ETH-27SEP19-160-P,164.0,63.47,0.138,129.0,0.146,180.0,66.71,0.41369,-0.08687,-0.36666,0.00533,-0.37332
166.03,ETH-28JUN19,1556189940831,open,0.4,0.0,0.399257,0.425225,0.402564,73.41,None,0.0,ETH-28JUN19-100-C,164.0,0.0,0.006,5.0,0.0,0.0,0.0,0.05439,-0.03126,0.16325,0.00154,0.96442
167.72,ETH-27SEP19,1556189940831,open,0.03,255.0,0.010907,0.06347,0.030223,76.04,0.037,0.0,ETH-27SEP19-320-C,164.0,74.52,0.028,150.0,0.033,142.0,77.87,0.24942,-0.06123,0.08194,0.00275,0.14536
166.03,ETH-28JUN19,1556189940833,open,0.52,0.0,0.51825,0.527363,0.519708,83.16,None,0.0,ETH-28JUN19-80-C,164.0,0.0,0.002,1.0,0.0,0.0,0.0,0.02094,-0.01363,0.1362,0.00052,0.98848
164.0,index_price,1556189940838,open,0.0,247.0,0.0,0.000825,0.0007,101.84,0.002,0,ETH-26APR19-150-P,164.0,0.0,0.0,0.0,0.002,550.0,126.69,0.00619,-0.11483,-0.00014,0.00941,-0.03485
167.72,ETH-27SEP19,1556189940840,open,0.33,77.0,0.320035,0.379196,0.329819,66.33,0.368,0.0,ETH-27SEP19-120-C,164.0,0.0,0.002,6.0,0.0,0.0,0.0,0.26677,-0.05713,0.36246,0.00337,0.83913
167.72,ETH-27SEP19,1556189940842,open,1.42,0.0,1.387641,1.418465,1.403839,83.34,None,0.0,ETH-27SEP19-400-P,164.0,0.0,0.001,9.0,0.0,0.0,0.0,0.18005,-0.04844,-1.64539,0.00181,-0.90819
167.72,ETH-27SEP19,1556189940853,open,0.31,1044.0,0.282748,0.372942,0.299222,66.5,0.242,0.0,ETH-27SEP19-200-P,164.0,64.05,0.293,45.0,0.304,45.0,68.37,0.42807,-0.0919,-0.62234,0.00539,-0.57526
167.72,ETH-27SEP19,1556189940855,open,1.3,1.0,1.269506,1.30485,1.287724,82.57,1.285,0.0,ETH-27SEP19-380-P,164.0,0.0,0.161,1.0,0.0,0.0,0.0,0.19911,-0.05307,-1.55313,0.00202,-0.89467
166.03,ETH-28JUN19,1556189940860,open,0.34,10.0,0.34176,0.379352,0.345449,68.82,0.265,0.0,ETH-28JUN19-110-C,164.0,0.0,0.002,8.0,0.0,0.0,0.0,0.08029,-0.04325,0.17341,0.00242,0.94226
166.03,ETH-28JUN19,1556189940863,open,1.19,0.0,1.168387,1.18407,1.174481,96.53,None,0.0,ETH-28JUN19-360-P,164.0,0.0,0.002,2.0,0.0,0.0,0.0,0.06372,-0.04815,-0.61925,0.00137,-0.95679
166.03,ETH-28JUN19,1556189940866,open,0.24,325.0,0.236329,0.298877,0.240914,64.86,0.268,0.0,ETH-28JUN19-130-C,164.0,0.0,0.14,50.0,0.7,1.0,455.74,0.1618,-0.08214,0.17703,0.00517,0.8502
164.0,index_price,1556189940884,open,0.0,6.0,0.0,1.4e-05,1.4e-05,105.0,0.002,0,ETH-26APR19-140-P,164.0,0.0,0.0,0.0,0.001,200.0,174.83,0.00026,-0.00227,0.0,0.00038,-0.00096
167.72,ETH-27SEP19,1556189940898,open,0.05,1669.0,0.035513,0.094675,0.045297,66.33,0.042,0.0,ETH-27SEP19-120-P,164.0,64.24,0.042,502.0,0.049,120.0,68.64,0.26677,-0.05713,-0.14672,0.00337,-0.16087
167.72,ETH-27SEP19,1556189940907,open,0.53,0.0,0.526,0.546412,0.531256,72.94,None,0.0,ETH-27SEP19-80-C,164.0,0.0,0.001,4.0,0.0,0.0,0.0,0.08694,-0.02047,0.30777,0.001,0.96372
167.72,ETH-27SEP19,1556189940914,open,0.01,217.0,0.000712,0.018507,0.013442,89.42,0.013,0.0,ETH-27SEP19-480-C,164.0,87.62,0.012,450.0,0.014,136.0,90.09,0.13855,-0.04,0.0367,0.0013,0.06502
164.0,index_price,1556189940914,open,0.05,6.0,0.040035,0.073691,0.053514,69.39,0.043,0,ETH-3MAY19-160-C,164.0,64.9,0.051,183.0,0.059,276.0,79.12,0.09206,-0.40554,0.01988,0.02286,0.61533
166.03,ETH-28JUN19,1556189940919,open,0.29,25.0,0.287035,0.337226,0.291185,66.29,0.315,0.0,ETH-28JUN19-120-C,164.0,0.0,0.01,4.0,0.0,0.0,0.0,0.11756,-0.061,0.17829,0.00368,0.90482
167.72,ETH-27SEP19,1556189940919,open,0.5,121.0,0.475945,0.556879,0.493069,68.15,0.507,0.0,ETH-27SEP19-240-P,164.0,62.97,0.482,28.0,0.505,28.0,73.48,0.36725,-0.0808,-0.86388,0.00451,-0.72082
166.03,ETH-28JUN19,1556189940935,open,0.02,1770.0,0.01932,0.081868,0.023905,64.86,0.026,0.0,ETH-28JUN19-130-P,164.0,62.88,0.022,282.0,0.026,150.0,66.98,0.1618,-0.08214,-0.05047,0.00517,-0.1498
167.72,ETH-27SEP19,1556189940940,open,0.14,293.0,0.126581,0.216868,0.140563,65.38,0.15,0.0,ETH-27SEP19-180-C,164.0,64.01,0.137,319.0,0.145,60.0,67.09,0.43537,-0.0919,0.26915,0.00558,0.51876
167.72,ETH-27SEP19,1556189940940,open,0.4,508.0,0.375603,0.46226,0.392297,67.11,0.325,0.0,ETH-27SEP19-220-P,164.0,62.76,0.382,59.0,0.403,35.0,71.53,0.402,-0.08709,-0.74618,0.00502,-0.65621
166.03,ETH-28JUN19,1556189940940,open,0.46,0.0,0.458372,0.474672,0.460079,74.67,None,0.0,ETH-28JUN19-90-C,164.0,0.0,0.002,1.0,0.0,0.0,0.0,0.02951,-0.01725,0.15189,0.00082,0.98285
164.0,index_price,1556189940940,open,0.0,368.0,0.0,3.4e-05,3.4e-05,105.0,0.001,0,ETH-26APR19-190-C,164.0,0.0,0.0,0.0,0.001,280.0,160.35,0.00058,-0.00561,1e-05,0.00085,0.00229
167.72,ETH-27SEP19,1556189940942,open,0.01,1620.0,0.002986,0.023398,0.008242,72.94,0.011,0.0,ETH-27SEP19-80-P,164.0,70.44,0.007,150.0,0.01,138.0,76.16,0.08694,-0.02047,-0.03168,0.001,-0.03628
167.72,ETH-27SEP19,1556189940942,open,0.11,776.0,0.090284,0.180478,0.106759,66.5,0.107,0.0,ETH-27SEP19-200-C,164.0,65.42,0.104,100.0,0.112,227.0,68.55,0.42807,-0.0919,0.2263,0.00539,0.42474
164.0,index_price,1556189940944,open,0.0,776.0,0.0,0.00075,0.000565,99.95,0.008,0,ETH-26APR19-180-C,164.0,0.0,0.0,0.0,0.002,500.0,128.12,0.0055,-0.0926,0.00012,0.00853,0.03026
164.0,index_price,1556189940946,open,0.16,146.0,0.158537,0.158571,0.158571,105.0,0.172,0,ETH-26APR19-190-P,164.0,0.0,0.153,50.0,0.158,50.0,0.0,0.00058,-0.03448,-0.00455,0.00085,-0.99771
166.03,ETH-28JUN19,1556189940949,open,0.31,1513.0,0.29123,0.372224,0.300902,67.66,0.232,0.0,ETH-28JUN19-210-P,164.0,58.97,0.29,46.0,0.309,46.0,73.65,0.21862,-0.1158,-0.30663,0.0067,-0.75442
164.0,index_price,1556189940949,open,0.0,10.0,0.0,0.0,0.0,105.0,0.001,0,ETH-26APR19-120-P,164.0,0.0,0.0,0.0,0.001,30.0,312.8,0.0,0.0,0.0,0.0,0.0
164.0,index_price,1556189940949,open,0.14,399.0,0.146341,0.146355,0.146355,105.0,0.147,0,ETH-26APR19-140-C,164.0,0.0,0.146,250.0,0.151,50.0,242.49,0.00026,-0.01563,0.00335,0.00038,0.99904
167.72,ETH-27SEP19,1556189940957,open,0.02,983.0,0.012906,0.052398,0.020966,68.8,0.024,0.0,ETH-27SEP19-100-P,164.0,66.8,0.019,150.0,0.023,60.0,70.78,0.16865,-0.03746,-0.07477,0.00205,-0.0841
167.72,ETH-27SEP19,1556189940963,open,1.07,0.0,1.03486,1.081068,1.053756,78.08,None,0.0,ETH-27SEP19-340-P,164.0,0.0,0.003,6.0,1.073,1.0,90.47,0.22886,-0.05769,-1.37037,0.00246,-0.87183
167.72,ETH-27SEP19,1556189940968,open,0.61,1.0,0.58179,0.655829,0.601163,70.45,0.573,0.0,ETH-27SEP19-260-P,164.0,0.0,0.014,1.0,0.645,1.0,90.44,0.33493,-0.07618,-0.97297,0.00398,-0.76601
167.72,ETH-27SEP19,1556189940968,open,0.02,874.0,0.003825,0.039169,0.022043,82.57,0.026,0.0,ETH-27SEP19-380-C,164.0,81.68,0.021,110.0,0.023,135.0,83.36,0.19911,-0.05307,0.05927,0.00202,0.10533
164.0,index_price,1556189940968,open,0.1,130.0,0.097561,0.098311,0.098126,99.95,0.101,0,ETH-26APR19-180-P,164.0,0.0,0.092,50.0,0.098,50.0,95.92,0.0055,-0.31414,-0.0042,0.00853,-0.96974
167.72,ETH-27SEP19,1556189940973,open,0.06,531.0,0.044989,0.125922,0.062113,68.15,0.064,0.0,ETH-27SEP19-240-C,164.0,67.18,0.06,263.0,0.068,141.0,70.81,0.36725,-0.0808,0.15448,0.00451,0.27918
166.03,ETH-28JUN19,1556189940973,open,0.0,1784.0,0.000443,0.016743,0.00215,74.67,0.006,0.0,ETH-28JUN19-90-P,164.0,66.59,0.001,5.0,0.004,301.0,83.19,0.02951,-0.01725,-0.00561,0.00082,-0.01715
167.72,ETH-27SEP19,1556189940975,open,0.64,0.0,0.642567,0.649437,0.644902,79.38,None,0.0,ETH-27SEP19-60-C,164.0,0.0,0.001,4.0,0.0,0.0,0.0,0.03494,-0.00895,0.24393,0.00037,0.98767
164.0,index_price,1556189941006,open,0.29,0.0,0.280488,0.280488,0.280488,105.0,None,0,ETH-26APR19-210-P,164.0,0.0,0.272,54.0,0.287,54.0,350.66,0.0,-2e-05,-0.00504,0.0,-1.0
167.72,ETH-27SEP19,1556189941008,open,0.02,102.0,0.00138,0.024787,0.015498,86.24,0.015,0.0,ETH-27SEP19-440-C,164.0,84.57,0.014,485.0,0.017,155.0,87.82,0.15542,-0.04327,0.0427,0.00151,0.07549
166.03,ETH-28JUN19,1556189941010,open,0.0,2525.0,0.001558,0.027526,0.004864,73.41,0.004,0.0,ETH-28JUN19-100-P,164.0,70.63,0.004,10.0,0.006,259.0,76.68,0.05439,-0.03126,-0.01175,0.00154,-0.03558
166.03,ETH-28JUN19,1556189941030,open,0.47,1718.0,0.454978,0.518095,0.465341,72.64,0.467,0.0,ETH-28JUN19-240-P,164.0,58.52,0.454,57.0,0.468,1.0,75.36,0.15789,-0.08977,-0.3838,0.00451,-0.85557
167.72,ETH-27SEP19,1556189941037,open,0.03,409.0,0.007672,0.05388,0.026568,78.08,0.029,0.0,ETH-27SEP19-340-C,164.0,76.15,0.024,150.0,0.029,130.0,79.83,0.22886,-0.05769,0.07231,0.00246,0.12817
166.03,ETH-28JUN19,1556189941037,open,2.03,0.0,2.011504,2.014564,2.012956,105.0,None,0.0,ETH-28JUN19-500-P,164.0,0.0,0.002,2.0,0.0,0.0,0.0,0.02012,-0.01654,-0.87223,0.0004,-0.989
164.0,index_price,1556189941039,open,0.0,20.0,0.0,0.0,0.0,105.0,0.003,0,ETH-26APR19-130-P,164.0,0.0,0.0,0.0,0.001,10.0,242.18,0.0,0.0,0.0,0.0,0.0
167.72,ETH-27SEP19,1556189941042,open,0.04,356.0,0.022151,0.088865,0.041815,72.21,0.049,0.0,ETH-27SEP19-280-C,164.0,70.63,0.039,120.0,0.045,140.0,73.95,0.30259,-0.07054,0.11006,0.00351,0.19646
167.72,ETH-27SEP19,1556189941042,open,0.42,0.0,0.416674,0.456166,0.424734,68.8,None,0.0,ETH-27SEP19-100-C,164.0,0.0,0.001,6.0,0.0,0.0,0.0,0.16865,-0.03746,0.34955,0.00205,0.9159
167.72,ETH-27SEP19,1556189941042,open,1.66,0.0,1.624799,1.648207,1.638918,86.24,None,0.0,ETH-27SEP19-440-P,164.0,0.0,0.001,1.0,0.0,0.0,0.0,0.15542,-0.04327,-1.8243,0.00151,-0.92451
164.0,index_price,1556189941044,open,0.04,324.0,0.037071,0.044083,0.039788,74.63,0.049,0,ETH-26APR19-170-P,164.0,43.6,0.037,200.0,0.04,250.0,76.34,0.02012,-0.85759,-0.00343,0.04179,-0.83264
166.03,ETH-28JUN19,1556189941046,open,0.36,1137.0,0.343967,0.419294,0.354151,69.22,0.372,0.0,ETH-28JUN19-220-P,164.0,59.04,0.343,40.0,0.362,41.0,75.59,0.1968,-0.10663,-0.33417,0.00589,-0.79595
164.0,index_price,1556189941046,open,0.03,418.0,0.015645,0.049301,0.029124,69.39,0.031,0,ETH-3MAY19-160-P,164.0,62.01,0.025,155.0,0.03,200.0,70.95,0.09206,-0.40554,-0.01464,0.02286,-0.38467
167.72,ETH-27SEP19,1556189941049,open,1.89,0.0,1.862624,1.88042,1.875354,89.42,None,0.0,ETH-27SEP19-480-P,164.0,0.0,0.001,1.0,0.0,0.0,0.0,0.13855,-0.04,-2.00002,0.0013,-0.93498
167.72,ETH-27SEP19,1556189941051,open,0.02,143.0,0.002713,0.033538,0.018912,83.34,0.02,0.0,ETH-27SEP19-400-C,164.0,81.5,0.017,22.0,0.02,110.0,84.33,0.18005,-0.04844,0.05188,0.00181,0.09181
167.72,ETH-27SEP19,1556189941058,open,0.25,157.0,0.239449,0.314654,0.250899,65.43,0.266,0.0,ETH-27SEP19-140-C,164.0,63.59,0.247,103.0,0.257,103.0,68.3,0.35583,-0.07516,0.3466,0.00456,0.73793
166.03,ETH-28JUN19,1556189941068,open,0.0,1501.0,9.1e-05,0.009203,0.001548,83.16,0.004,0.0,ETH-28JUN19-80-P,164.0,78.18,0.001,1999.0,0.002,139.0,86.45,0.02094,-0.01363,-0.0038,0.00052,-0.01152
167.72,ETH-27SEP19,1556189941068,open,0.02,180.0,0.005409,0.045874,0.023403,79.84,0.028,0.0,ETH-27SEP19-360-C,164.0,77.87,0.021,165.0,0.026,215.0,81.86,0.20998,-0.05412,0.06406,0.0022,0.11342
167.72,ETH-27SEP19,1556189941068,open,0.22,3424.0,0.199799,0.290085,0.21378,65.38,0.211,0.0,ETH-27SEP19-180-P,164.0,63.93,0.21,119.0,0.219,150.0,67.39,0.43537,-0.0919,-0.49462,0.00558,-0.48124
166.03,ETH-28JUN19,1556189941068,open,0.71,0.0,0.688643,0.72966,0.698008,80.98,None,0.0,ETH-28JUN19-280-P,164.0,0.0,0.004,12.0,0.0,0.0,0.0,0.1079,-0.0684,-0.46872,0.00276,-0.91518
164.0,index_price,1556189941068,open,0.23,50.0,0.219512,0.219513,0.219513,105.0,0.202,0,ETH-26APR19-200-P,164.0,0.0,0.211,69.0,0.226,69.0,298.5,2e-05,-0.00124,-0.0048,3e-05,-0.99994
166.03,ETH-28JUN19,1556189941070,open,0.59,0.0,0.570588,0.621936,0.580654,76.72,None,0.0,ETH-28JUN19-260-P,164.0,0.0,0.002,15.0,0.0,0.0,0.0,0.12891,-0.07741,-0.42788,0.00348,-0.89197
167.72,ETH-27SEP19,1556189941072,open,0.19,121.0,0.175468,0.261081,0.187927,65.04,0.19,0.0,ETH-27SEP19-160-C,164.0,63.45,0.184,129.0,0.192,60.0,66.7,0.41369,-0.08687,0.31224,0.00533,0.62668
166.03,ETH-28JUN19,1556189941074,open,0.95,0.0,0.927847,0.953333,0.935071,88.39,None,0.0,ETH-28JUN19-320-P,164.0,0.0,0.002,15.0,0.0,0.0,0.0,0.07831,-0.05418,-0.54599,0.00184,-0.94405
164.0,index_price,1556189941076,open,0.08,155.0,0.085366,0.086191,0.086066,101.84,0.076,0,ETH-26APR19-150-C,164.0,100.04,0.086,50.0,0.09,50.0,158.7,0.00619,-0.35969,0.00346,0.00941,0.96515
166.03,ETH-28JUN19,1556189941090,open,1.43,0.0,1.409225,1.418923,1.41356,100.88,None,0.0,ETH-28JUN19-400-P,164.0,0.0,0.002,2.0,0.0,0.0,0.0,0.048,-0.03791,-0.69239,0.00099,-0.96943
167.72,ETH-27SEP19,1556189941090,open,0.04,492.0,0.015535,0.074988,0.034997,73.99,0.035,0.0,ETH-27SEP19-300-C,164.0,72.12,0.032,120.0,0.038,141.0,75.8,0.27349,-0.06533,0.09405,0.0031,0.16716
164.0,index_price,1556189941205,open,0.02,699.0,0.012425,0.04599,0.025637,69.39,0.028,0,ETH-3MAY19-170-C,164.0,66.45,0.024,120.0,0.028,178.0,73.59,0.09183,-0.40453,0.01259,0.02281,0.38149
164.0,index_price,1556189941210,open,0.0,581.0,3e-06,0.001442,0.001873,104.33,0.001,0,ETH-3MAY19-220-C,164.0,94.61,0.001,200.0,0.003,250.0,113.33,0.01768,-0.11707,0.0011,0.00292,0.03287
5457.49,index_price,1556189941275,open,0.03,163.9,0.01983862,0.06082198,0.02930239,56.2,0.0275,0,BTC-3MAY19-5500-C,5457.49,53.12,0.0275,8.7,0.0295,0.3,56.53,3.19372,-11.39444,0.52953,0.00088,0.47898
164.0,index_price,1556189941325,open,0.06,81.0,0.049011,0.082575,0.062223,69.39,0.055,0,ETH-3MAY19-170-P,164.0,61.79,0.058,167.0,0.062,123.0,68.99,0.09183,-0.40453,-0.02409,0.02281,-0.61851
164.0,index_price,1556189941456,open,0.01,998.0,0.002492,0.027054,0.012367,73.99,0.013,0,ETH-3MAY19-180-C,164.0,70.72,0.011,109.0,0.014,156.0,77.77,0.06967,-0.32728,0.00704,0.01622,0.21124
164.0,index_price,1556189941480,open,0.35,0.0,0.341467,0.342905,0.343337,104.33,None,0,ETH-3MAY19-220-P,164.0,0.0,0.333,44.0,0.349,44.0,137.35,0.01768,-0.11707,-0.04637,0.00292,-0.96713
5457.49,index_price,1556189941564,open,0.01,135.6,0.00618313,0.04273167,0.01474,58.6,0.0135,0,BTC-3MAY19-5750-C,5457.49,55.08,0.013,12.0,0.0155,31.6,60.12,2.72873,-10.15248,0.32009,0.00072,0.28656
5457.49,index_price,1556189941696,open,0.07,25.7,0.05978103,0.09632957,0.0683379,58.6,0.054,0,BTC-3MAY19-5750-P,5457.49,56.92,0.0675,5.9,0.0705,8.9,62.88,2.72873,-10.15248,-0.9206,0.00072,-0.71344
164.0,index_price,1556189941724,open,0.01,552.0,0.000322,0.015055,0.006325,79.88,0.008,0,ETH-3MAY19-190-C,164.0,75.02,0.005,159.0,0.008,420.0,85.42,0.04703,-0.23849,0.00388,0.01015,0.11594
5457.49,index_price,1556189941840,open,0.01,166.0,0.00138837,0.02915746,0.00637943,59.2,0.0055,0,BTC-3MAY19-6000-C,5457.49,56.53,0.0055,10.4,0.007,30.0,61.0,1.84993,-6.95265,0.16641,0.00049,0.1477
5457.49,index_price,1556189941844,open,0.1,15.6,0.10673223,0.10717956,0.10688245,98.63,0.0785,0,BTC-26APR19-4875-C,5457.49,0.0,0.1,3.0,0.112,3.0,195.16,0.06578,-3.7047,0.11574,9e-05,0.99087
164.0,index_price,1556189941852,open,0.17,931.0,0.158859,0.173592,0.164862,79.88,0.182,0,ETH-3MAY19-190-P,164.0,0.0,0.155,237.0,0.165,50.0,80.36,0.04703,-0.23849,-0.03712,0.01015,-0.88406
164.0,index_price,1556189941980,open,0.0,611.0,2.8e-05,0.007961,0.004035,88.91,0.006,0,ETH-3MAY19-200-C,164.0,83.43,0.003,174.0,0.005,189.0,93.39,0.03338,-0.18841,0.00244,0.00647,0.07293
5457.49,index_price,1556189941982,open,0.11,0.5,0.10079487,0.12856396,0.1057859,59.2,0.097,0,BTC-3MAY19-6000-P,5457.49,41.18,0.101,2.0,0.1135,2.0,78.79,1.84992,-6.95262,-1.12822,0.00049,-0.8523
164.0,index_price,1556189942108,open,0.23,50.0,0.21954,0.227473,0.223547,88.91,0.206,0,ETH-3MAY19-200-P,164.0,0.0,0.214,69.0,0.228,69.0,106.84,0.03338,-0.18841,-0.04072,0.00647,-0.92707
164.0,index_price,1556189942241,open,0.0,301.0,2e-06,0.004019,0.002299,94.15,0.005,0,ETH-3MAY19-210-C,164.0,91.82,0.002,184.0,0.004,250.0,104.9,0.02195,-0.13117,0.00143,0.00402,0.04284
5457.49,index_price,1556189942368,open,0.0,248.9,3.862e-05,0.00362824,0.00064342,75.22,0.001,0,BTC-26APR19-5125-P,5457.49,71.74,0.0005,24.9,0.001,11.4,82.33,0.24111,-3.51143,-0.00562,0.00045,-0.04232
164.0,index_price,1556189942375,open,0.29,0.0,0.280489,0.284507,0.282787,94.15,None,0,ETH-3MAY19-210-P,164.0,0.0,0.273,54.0,0.288,54.0,121.05,0.02195,-0.13118,-0.04388,0.00402,-0.95716
5423.51,BTC-28JUN19,1556189942729,open,0.04,421.9,0.01840483,0.06744532,0.03783159,60.1,0.037,0.0,BTC-28JUN19-6500-C,5457.49,59.14,0.0365,15.0,0.039,20.0,60.93,7.58547,-3.56858,2.26157,0.00025,0.27611
5423.51,BTC-28JUN19,1556189942848,open,0.0,780.7,0.0,2.08e-06,0.00019624,100.0,0.0005,0.0,BTC-28JUN19-20000-C,5457.49,0.0,0.0,0.0,0.001,19.2,116.02,0.13106,-0.10259,0.01527,0.0,0.00181
5432.3,BTC-27SEP19,1556189942848,open,1.8,0.0,1.76271203,1.82813994,1.78398583,76.71,None,0.0,BTC-27DEC19-15000-P,5457.49,0.0,0.0,0.0,0.0,0.0,0.0,7.65685,-1.19446,-98.32381,5e-05,-0.90292
5432.3,BTC-27SEP19,1556189942850,open,1.26,0.1,1.21512201,1.31190696,1.24394874,71.7,0.001,0.0,BTC-27DEC19-12000-P,5457.49,0.0,0.0005,0.2,0.0,0.0,0.0,10.22102,-1.49018,-76.76249,7e-05,-0.85375
5457.49,index_price,1556189942856,open,0.54,0.2,0.54191396,0.54191396,0.54191396,125.0,0.52,0,BTC-26APR19-2500-C,5457.49,0.0,0.536,3.0,0.5475,3.0,500.0,0.0,0.0,0.05998,0.0,1.0
5457.49,index_price,1556189942856,open,0.27,0.1,0.26825497,0.28070198,0.27228758,66.21,0.239,0,BTC-31MAY19-4000-C,5457.49,0.0,0.262,3.0,0.2765,3.0,76.6,1.89597,-1.74948,3.60997,0.0001,0.94527
5432.3,BTC-27SEP19,1556189942856,open,0.03,60.6,0.00611293,0.10289788,0.0349234,71.69,0.0365,0.0,BTC-27DEC19-12000-C,5457.49,70.65,0.033,10.1,0.0365,4.9,72.52,10.21889,-1.48969,4.07229,7e-05,0.14621
5457.49,index_price,1556189942858,open,0.12,76.7,0.11084243,0.14886526,0.11871027,57.55,0.119,0,BTC-31MAY19-5000-C,5457.49,54.03,0.115,5.8,0.1195,4.9,58.3,5.78431,-4.63963,3.21202,0.00034,0.7175
5457.49,index_price,1556189942858,open,0.01,837.3,0.00640165,0.01306709,0.00769284,56.88,0.005,0,BTC-26APR19-5500-C,5457.49,50.53,0.0065,5.0,0.008,10.4,58.51,1.02975,-33.44313,0.0508,0.00253,0.39567
5457.49,index_price,1556189942858,open,0.0,370.1,0.0,4.33e-06,3.094e-05,100.0,0.0005,0,BTC-26APR19-4750-P,5457.49,0.0,0.0,0.0,0.0005,31.9,139.66,0.0179,-0.16883,-0.00028,3e-05,-0.00212
5432.3,BTC-27SEP19,1556189942858,open,0.22,12.5,0.20293911,0.26165845,0.21911923,61.23,0.226,0.0,BTC-27SEP19-4750-C,5457.49,56.27,0.208,3.0,0.2255,3.0,64.06,12.2283,-2.41707,11.17663,0.00016,0.704
5432.3,BTC-27SEP19,1556189942858,open,0.11,30.9,0.07545289,0.2363251,0.11509123,62.75,0.119,0.0,BTC-27DEC19-7000-C,5457.49,62.88,0.1155,20.0,0.12,10.0,64.29,17.30363,-2.20812,10.68919,0.00014,0.4072
5432.3,BTC-27SEP19,1556189942861,open,0.0,1666.6,5.61e-06,0.00058622,0.00122444,87.74,0.001,0.0,BTC-27SEP19-1500-P,5457.49,78.54,0.0005,0.1,0.002,30.3,94.03,0.56444,-0.15988,-0.15692,1e-05,-0.00558
5432.3,BTC-27SEP19,1556189942861,open,0.34,0.0,0.33143052,0.36922768,0.34381963,63.37,None,0.0,BTC-27SEP19-3750-C,5457.49,55.27,0.333,3.0,0.355,3.0,70.97,7.67322,-1.56981,12.01902,0.0001,0.86525
5432.3,BTC-27SEP19,1556189942861,open,0.15,268.1,0.13433427,0.20067378,0.15261713,61.12,0.147,0.0,BTC-27SEP19-5500-C,5457.49,60.29,0.1505,10.3,0.1545,3.0,61.85,13.91917,-2.74652,9.54449,0.00018,0.56669
5432.3,BTC-27SEP19,1556189942861,open,0.34,0.1,0.2933369,0.45588251,0.33444987,62.72,0.311,0.0,BTC-27DEC19-6500-P,5457.49,56.59,0.3145,3.0,0.3465,3.0,66.42,17.71337,-2.2594,-31.86441,0.00014,-0.53631
5457.49,index_price,1556189942866,open,0.02,52.9,0.01504702,0.04736412,0.02335994,59.91,0.0255,0,BTC-31MAY19-4750-P,5457.49,58.94,0.0225,19.3,0.0245,14.9,61.2,4.82447,-4.02858,-1.211,0.00028,-0.2024
5423.51,BTC-28JUN19,1556189942870,open,0.0,335.3,5.34e-06,0.0008401,0.0010374,76.83,0.0015,0.0,BTC-28JUN19-12000-C,5457.49,70.92,0.0005,18.0,0.0015,3.0,80.33,0.62793,-0.37766,0.08926,2e-05,0.01044
5457.49,index_price,1556189942870,open,0.0,321.0,0.0,1e-08,4.2e-07,100.0,0.001,0,BTC-26APR19-4500-P,5457.49,0.0,0.0,0.0,0.0005,21.9,185.5,0.00041,-0.00227,0.0,0.0,-4e-05
5432.3,BTC-27SEP19,1556189942883,open,0.02,705.9,0.00216664,0.02111464,0.01554119,74.88,0.0175,0.0,BTC-27SEP19-12000-C,5457.49,72.76,0.0135,28.0,0.017,10.0,76.3,5.44042,-1.31519,1.56984,6e-05,0.08365
5432.3,BTC-27SEP19,1556189942883,open,0.06,801.0,0.04423448,0.09375918,0.05926919,62.22,0.0605,0.0,BTC-27SEP19-4250-P,5457.49,61.81,0.0585,10.0,0.0605,14.4,62.88,10.18355,-2.04574,-6.19486,0.00013,-0.20949
5457.49,index_price,1556189942883,open,0.02,117.0,0.01136766,0.04451908,0.01870718,59.12,0.0165,0,BTC-31MAY19-6500-C,5457.49,58.3,0.018,10.0,0.0195,19.3,60.02,4.75429,-3.91731,0.95921,0.00027,0.19753
5423.51,BTC-28JUN19,1556189942885,open,0.0,1413.4,0.0,7.6e-07,6.373e-05,100.0,0.0005,0.0,BTC-28JUN19-1500-P,5457.49,0.0,0.0,0.0,0.0005,102.9,122.15,0.04153,-0.03251,-0.0055,0.0,-0.00052
5457.49,index_price,1556189942885,open,0.0,1796.1,0.0,0.0,0.0,100.0,0.0005,0,BTC-26APR19-2750-P,5457.49,0.0,0.0,0.0,0.0005,27.4,500.0,0.0,0.0,0.0,0.0,0.0
5423.51,BTC-28JUN19,1556189942899,open,0.31,30.0,0.31003884,0.3273918,0.31775571,65.26,0.298,0.0,BTC-28JUN19-3750-C,5457.49,37.79,0.309,3.0,0.3255,3.0,77.41,2.99095,-1.52778,5.82659,9e-05,0.93165
5423.51,BTC-28JUN19,1556189942899,open,0.0,137.0,1.02e-06,0.000383,0.00128942,85.41,0.0015,0.0,BTC-28JUN19-13000-C,5457.49,77.01,0.0005,44.2,0.002,20.0,90.16,0.69151,-0.46234,0.09849,2e-05,0.01167
5423.51,BTC-28JUN19,1556189942899,open,0.27,359.7,0.268269,0.28603259,0.27629219,62.99,0.294,0.0,BTC-28JUN19-4000-C,5457.49,48.39,0.2675,3.0,0.28,0.1,67.84,3.95329,-1.94921,5.92904,0.00012,0.90098
5423.51,BTC-28JUN19,1556189942899,open,0.67,6.6,0.66012589,0.66844151,0.66566227,69.7,0.704,0.0,BTC-28JUN19-9000-P,5457.49,0.0,0.0005,0.4,0.0,0.0,0.0,2.55145,-1.39195,-15.27996,7e-05,-0.94424
5423.51,BTC-28JUN19,1556189942899,open,0.01,426.4,0.00110041,0.00924384,0.00612225,68.13,0.006,0.0,BTC-28JUN19-3500-P,5457.49,66.56,0.0055,4.4,0.007,0.1,70.21,2.21,-1.17858,-0.49995,6e-05,-0.04655
5457.49,index_price,1556189942899,open,0.06,105.0,0.05374673,0.05574124,0.0550342,76.57,0.0425,0,BTC-26APR19-5750-P,5457.49,58.63,0.054,0.1,0.057,6.1,97.45,0.41533,-18.15848,-0.12703,0.00076,-0.91517
5457.49,index_price,1556189942899,open,0.04,106.7,0.02701451,0.06503735,0.03488236,57.55,0.0365,0,BTC-31MAY19-5000-P,5457.49,57.66,0.035,19.3,0.0375,5.1,60.01,5.78431,-4.63963,-1.70246,0.00034,-0.2825
5423.51,BTC-28JUN19,1556189942901,open,0.0,312.6,2e-07,0.00017598,0.00072072,85.71,0.001,0.0,BTC-28JUN19-14000-C,5457.49,0.0,0.0,0.0,0.001,50.0,88.8,0.43322,-0.29065,0.05808,1e-05,0.00684
5457.49,index_price,1556189942901,open,0.23,7.2,0.2244974,0.24313388,0.22984476,63.19,0.2,0,BTC-31MAY19-4250-C,5457.49,41.78,0.2225,0.8,0.234,3.0,70.88,2.70236,-2.37997,3.66612,0.00015,0.91329
5432.3,BTC-27SEP19,1556189942915,open,0.02,658.5,0.00413427,0.02936756,0.01965546,72.57,0.021,0.0,BTC-27SEP19-11000-C,5457.49,70.69,0.0175,28.0,0.0215,28.0,74.1,6.41397,-1.50273,1.9566,7e-05,0.10454
5432.3,BTC-27SEP19,1556189942918,open,0.31,238.2,0.29537539,0.33927207,0.30913303,62.7,0.2925,0.0,BTC-27SEP19-4000-C,5457.49,55.73,0.298,3.0,0.32,3.5,69.13,8.95938,-1.81358,12.00274,0.00011,0.82986
5423.51,BTC-28JUN19,1556189942918,open,0.02,121.1,0.00764099,0.03999733,0.0201571,60.77,0.023,0.0,BTC-28JUN19-4250-P,5457.49,59.51,0.019,22.7,0.0215,38.0,62.21,5.01801,-2.38716,-1.50778,0.00016,-0.1387
5423.51,BTC-28JUN19,1556189942918,open,0.36,143.4,0.35576187,0.36390531,0.36078371,68.13,0.36,0.0,BTC-28JUN19-3500-C,5457.49,0.0,0.352,3.0,0.3685,3.0,83.34,2.21,-1.17858,5.62511,6e-05,0.95345
5423.51,BTC-28JUN19,1556189942918,open,0.23,4.5,0.22401563,0.25637197,0.23653174,60.77,0.2105,0.0,BTC-28JUN19-4250-C,5457.49,50.7,0.228,3.0,0.2445,3.0,68.94,5.01801,-2.38716,5.9298,0.00016,0.8613
5457.49,index_price,1556189942918,open,0.22,0.0,0.20239137,0.23554279,0.20973089,59.12,None,0,BTC-31MAY19-6500-P,5457.49,55.3,0.2065,2.0,0.2225,2.0,72.62,4.75429,-3.91731,-5.42961,0.00027,-0.80247
5457.49,index_price,1556189942922,open,0.36,0.0,0.35876455,0.36287953,0.36064304,73.98,None,0,BTC-31MAY19-3500-C,5457.49,0.0,0.3505,3.0,0.365,3.0,92.63,0.86756,-0.89456,3.31631,4e-05,0.97888
5423.51,BTC-28JUN19,1556189942925,open,0.09,227.3,0.06867532,0.12689337,0.09085336,58.3,0.0905,0.0,BTC-28JUN19-5500-C,5457.49,57.79,0.09,5.1,0.0925,7.6,59.29,9.0325,-4.12219,4.12747,0.0003,0.52572
5423.51,BTC-28JUN19,1556189942925,open,1.78,2.0,1.76573662,1.76581821,1.76654824,92.1,2.658,0.0,BTC-28JUN19-15000-P,5457.49,0.0,0.0005,0.2,0.0,0.0,0.0,0.45266,-0.32635,-26.18975,1e-05,-0.99281
5432.3,BTC-27SEP19,1556189942929,open,0.88,2.0,0.84876221,0.88198312,0.86586421,69.67,1.8325,0.0,BTC-27SEP19-10000-P,5457.49,0.0,0.008,0.2,0.0,0.0,0.0,7.55904,-1.70019,-39.96939,9e-05,-0.86815
5432.3,BTC-27SEP19,1556189942929,open,0.02,333.6,0.01414083,0.04559683,0.02491846,64.14,0.0255,0.0,BTC-27SEP19-3500-P,5457.49,63.78,0.0245,4.8,0.0265,18.0,65.47,6.37379,-1.31977,-2.96324,8e-05,-0.10364
5423.51,BTC-28JUN19,1556189942929,open,0.03,97.6,0.01933711,0.04828209,0.03023879,60.05,0.032,0.0,BTC-28JUN19-4500-P,5457.49,59.84,0.03,0.1,0.031,24.4,60.71,6.20666,-2.91753,-2.11422,0.0002,-0.19252
5457.49,index_price,1556189942929,open,0.0,108.6,0.0,0.0,8e-08,100.0,0.0005,0,BTC-26APR19-6750-C,5457.49,0.0,0.0,0.0,0.0005,41.9,195.95,0.0001,-0.00045,0.0,0.0,1e-05
5457.49,index_price,1556189942929,open,0.15,0.0,0.14521511,0.14522178,0.14525946,100.0,None,0,BTC-26APR19-6250-P,5457.49,0.0,0.14,2.0,0.1525,2.0,235.61,0.02473,-1.41193,-0.14956,3e-05,-0.99696
5457.49,index_price,1556189942929,open,0.0,125.6,0.0,0.0,0.0,100.0,0.0005,0,BTC-26APR19-7000-C,5457.49,0.0,0.0,0.0,0.0005,21.9,224.13,0.0,-1e-05,0.0,0.0,0.0
5457.49,index_price,1556189942931,open,0.17,770.8,0.17544512,0.17544514,0.17544554,100.0,0.1945,0,BTC-26APR19-4500-C,5457.49,0.0,0.1685,3.0,0.1805,3.0,288.29,0.00041,-0.02367,0.10796,0.0,0.99996
5423.51,BTC-28JUN19,1556189942940,open,0.86,43.0,0.84396477,0.84791548,0.84694765,71.86,0.89,0.0,BTC-28JUN19-10000-P,5457.49,0.0,0.0005,0.5,0.0,0.0,0.0,1.53153,-0.86148,-17.24781,4e-05,-0.97029
5432.3,BTC-27SEP19,1556189942942,open,1.44,0.0,1.39684688,1.48179828,1.42307014,73.56,None,0.0,BTC-27DEC19-13000-P,5457.49,0.0,0.0005,0.2,0.0,0.0,0.0,9.25091,-1.38379,-84.04282,6e-05,-0.87358
5457.49,index_price,1556189942948,open,0.06,516.1,0.04413528,0.08606509,0.05307405,57.51,0.057,0,BTC-31MAY19-5250-P,5457.49,57.45,0.053,19.3,0.056,5.0,59.96,6.51537,-5.22215,-2.32379,0.00039,-0.38013
5432.3,BTC-27SEP19,1556189942950,open,0.16,63.7,0.12373596,0.28517526,0.16536873,62.72,0.179,0.0,BTC-27DEC19-6000-C,5457.49,61.23,0.1605,20.8,0.1685,5.0,63.68,17.75035,-2.26402,13.18364,0.00014,0.52564
5457.49,index_price,1556189942960,open,0.05,70.3,0.04086518,0.08410949,0.0499196,57.43,0.05,0,BTC-31MAY19-5750-C,5457.49,54.22,0.046,6.0,0.05,14.4,57.49,6.69073,-5.35509,1.9892,0.0004,0.42075
5432.3,BTC-27SEP19,1556189942965,open,0.63,28.2,0.63197157,0.63508494,0.63435948,76.78,0.608,0.0,BTC-27SEP19-2000-C,5457.49,0.0,0.623,3.0,0.642,3.0,99.69,1.1281,-0.27961,8.14486,1e-05,0.98771
5432.3,BTC-27SEP19,1556189942977,open,0.08,950.8,0.05458436,0.11745132,0.07708354,63.68,0.073,0.0,BTC-27SEP19-7000-C,5457.49,62.39,0.074,10.0,0.0785,34.4,64.27,13.01155,-2.67503,6.13342,0.00016,0.34317
5457.49,index_price,1556189942977,open,0.0,249.1,0.00058145,0.00387282,0.00159639,63.96,0.004,0,BTC-26APR19-5250-P,5457.49,62.87,0.0015,2.0,0.0025,15.0,73.16,0.48651,-8.71228,-0.01397,0.00106,-0.10513
5457.49,index_price,1556189942979,open,0.03,195.8,0.01792274,0.0553828,0.02679014,59.12,0.025,0,BTC-31MAY19-6250-C,5457.49,57.35,0.025,10.0,0.026,0.3,58.34,5.56575,-4.58593,1.25875,0.00032,0.26145
5457.49,index_price,1556189942982,open,0.08,64.3,0.06668718,0.11035068,0.07544766,57.01,0.0765,0,BTC-31MAY19-5500-P,5457.49,57.05,0.0755,14.4,0.079,5.9,59.85,6.81865,-5.41769,-2.98848,0.00041,-0.48167
5423.51,BTC-28JUN19,1556189942991,open,0.0,515.7,2e-08,3.765e-05,0.00070879,99.97,0.0005,0.0,BTC-28JUN19-2000-P,5457.49,95.89,0.0005,69.4,0.001,116.5,104.43,0.31253,-0.24456,-0.05167,1e-05,-0.00474
5432.3,BTC-27SEP19,1556189942991,open,0.02,646.0,0.00792132,0.04114223,0.02500969,69.66,0.025,0.0,BTC-27SEP19-10000-C,5457.49,68.56,0.0235,18.0,0.026,0.2,70.37,7.55718,-1.69954,2.46154,9e-05,0.1318
5457.49,index_price,1556189942991,open,0.01,62.6,0.00249765,0.02241283,0.00799745,63.68,0.009,0,BTC-31MAY19-7250-C,5457.49,61.7,0.007,25.0,0.0085,24.0,64.63,2.84573,-2.52557,0.4557,0.00015,0.09295
5457.49,index_price,1556189942991,open,0.26,360.3,0.26706233,0.26706233,0.26706233,100.0,0.258,0,BTC-26APR19-4000-C,5457.49,0.0,0.2605,3.0,0.2725,3.0,427.64,0.0,0.0,0.09597,0.0,1.0
5423.51,BTC-28JUN19,1556189942993,open,0.49,24.6,0.47817347,0.49462328,0.48646081,65.18,0.609,0.0,BTC-28JUN19-8000-P,5457.49,44.21,0.4765,2.0,0.4985,2.0,79.01,3.94293,-2.01175,-13.17188,0.00012,-0.90133
5432.3,BTC-27SEP19,1556189942993,open,0.42,0.0,0.41035182,0.43549715,0.41987812,65.57,None,0.0,BTC-27SEP19-3250-C,5457.49,51.93,0.409,3.0,0.4305,3.0,75.71,5.17826,-1.09619,11.56595,6e-05,0.92165
5457.49,index_price,1556189942993,open,0.49,10.2,0.49610535,0.49610535,0.49610535,125.0,0.006,0,BTC-26APR19-2750-C,5457.49,0.0,0.49,3.0,0.5015,3.0,500.0,0.0,0.0,0.06598,0.0,1.0
5432.3,BTC-27SEP19,1556189942995,open,0.12,48.4,0.09793186,0.16003393,0.11521161,61.23,0.1195,0.0,BTC-27SEP19-5000-P,5457.49,60.3,0.113,5.0,0.1175,3.0,62.19,12.99301,-2.56835,-10.53607,0.00017,-0.34188
5457.49,index_price,1556189942995,open,0.0,28.7,0.00035931,0.00790688,0.00312691,69.55,0.003,0,BTC-31MAY19-3750-P,5457.49,69.0,0.003,4.1,0.004,34.0,73.02,1.27947,-1.24022,-0.19718,6e-05,-0.03363
5457.49,index_price,1556189942995,open,0.63,0.0,0.63353117,0.63353117,0.63353117,265.63,None,0,BTC-26APR19-2000-C,5457.49,0.0,0.6275,3.0,0.639,3.0,500.0,0.0,0.0,0.04798,0.0,1.0
5457.49,index_price,1556189942995,open,0.11,24.2,0.09940683,0.09957778,0.09968604,90.93,0.084,0,BTC-26APR19-6000-P,5457.49,0.0,0.094,2.0,0.1065,2.0,183.73,0.1162,-6.03267,-0.14168,0.00018,-0.98238
5457.49,index_price,1556189943006,open,0.26,0.0,0.24385561,0.27242074,0.25043945,60.17,None,0,BTC-31MAY19-6750-P,5457.49,55.97,0.2475,2.0,0.264,2.0,76.3,4.00545,-3.3587,-5.89803,0.00023,-0.84909
5457.49,index_price,1556189943006,open,0.31,217.7,0.31287094,0.31287094,0.31287094,0.0,0.3135,0,BTC-26APR19-3750-C,5457.49,0.0,0.3065,3.0,0.3185,3.0,500.0,0.0,0.0,0.08997,0.0,1.0
5457.49,index_price,1556189943006,open,0.07,95.7,0.05889788,0.10256139,0.06765836,57.01,0.065,0,BTC-31MAY19-5500-C,5457.49,54.08,0.064,6.0,0.0685,14.4,57.68,6.81865,-5.41769,2.41745,0.00041,0.51833
5432.3,BTC-27SEP19,1556189943006,open,0.08,97.3,0.04596286,0.16244154,0.07509451,63.27,0.0755,0.0,BTC-27DEC19-4000-P,5457.49,62.57,0.0735,10.0,0.077,19.4,64.1,12.40409,-1.59589,-9.99081,0.0001,-0.19793
5423.51,BTC-28JUN19,1556189942993,open,0.01,1180.2,0.00311396,0.01956377,0.0114013,65.18,0.0105,0.0,BTC-28JUN19-8000-C,5457.49,64.62,0.011,6.1,0.012,10.0,65.99,3.94293,-2.01175,0.82828,0.00012,0.09867
5457.49,index_price,1556189943015,open,0.0,421.0,0.0,6.68e-06,4.435e-05,100.0,0.0005,0,BTC-26APR19-6250-C,5457.49,0.0,0.0,0.0,0.0005,131.9,134.05,0.02473,-0.24204,0.00039,3e-05,0.00304
5457.49,index_price,1556189943015,open,0.45,5.9,0.45029675,0.45029675,0.45029675,125.0,0.4005,0,BTC-26APR19-3000-C,5457.49,0.0,0.444,3.0,0.4555,3.0,500.0,0.0,0.0,0.07197,0.0,1.0
5432.3,BTC-27SEP19,1556189943024,open,0.08,41.7,0.04557405,0.19740961,0.08349315,63.88,0.085,0.0,BTC-27DEC19-8000-C,5457.49,64.39,0.085,10.0,0.088,8.0,65.41,15.88087,-2.06295,8.54432,0.00013,0.31698
5432.3,BTC-27SEP19,1556189943025,open,0.06,70.2,0.02744723,0.16612319,0.0634631,65.59,0.069,0.0,BTC-27DEC19-9000-C,5457.49,65.8,0.064,20.0,0.0685,10.0,67.5,14.22447,-1.89737,6.89476,0.00011,0.25188
5432.3,BTC-27SEP19,1556189943028,open,0.03,324.8,0.01518537,0.0580346,0.03484808,67.58,0.032,0.0,BTC-27SEP19-9000-C,5457.49,66.17,0.0325,24.4,0.0365,29.4,68.55,9.18838,-2.00468,3.27728,0.00011,0.17703
5457.49,index_price,1556189943039,open,0.01,82.4,0.00119264,0.01363965,0.00522526,66.21,0.0065,0,BTC-31MAY19-4000-P,5457.49,64.04,0.0045,25.2,0.006,24.0,68.36,1.89597,-1.74948,-0.32161,0.0001,-0.05473
5432.3,BTC-27SEP19,1556189943043,open,0.27,11.2,0.2282405,0.3896798,0.2698814,62.72,0.2565,0.0,BTC-27DEC19-6000-P,5457.49,61.23,0.265,5.0,0.2785,10.7,65.36,17.75033,-2.26411,-27.23431,0.00014,-0.47435
5432.3,BTC-27SEP19,1556189943044,open,0.72,42.8,0.72387948,0.72446009,0.72509628,87.72,0.6235,0.0,BTC-27SEP19-1500-C,5457.49,0.0,0.7135,3.0,0.731,3.0,116.98,0.56382,-0.15967,6.20804,1e-05,0.99442
5457.49,index_price,1556189943059,open,0.0,248.4,1.02e-06,0.00025569,0.00052421,95.24,0.001,0,BTC-26APR19-5000-P,5457.49,94.48,0.0005,15.0,0.001,30.9,107.32,0.1754,-2.86086,-0.00383,0.00026,-0.02872
5423.51,BTC-28JUN19,1556189943059,open,0.01,539.8,0.00068394,0.00899956,0.00622033,69.7,0.0055,0.0,BTC-28JUN19-9000-C,5457.49,68.11,0.0055,7.1,0.007,28.0,71.3,2.55145,-1.39195,0.47021,7e-05,0.05576
5457.49,index_price,1556189943070,open,0.36,33.6,0.35867954,0.35867954,0.35867954,62.5,0.35,0,BTC-26APR19-3500-C,5457.49,0.0,0.352,3.0,0.364,3.0,500.0,0.0,0.0,0.08397,0.0,1.0
5423.51,BTC-28JUN19,1556189943070,open,0.13,771.2,0.12503131,0.16279754,0.13750813,58.36,0.132,0.0,BTC-28JUN19-5000-C,5457.49,57.36,0.136,4.7,0.14,15.9,60.01,8.1609,-3.72812,5.10603,0.00027,0.67548
5423.51,BTC-28JUN19,1556189943070,open,0.54,24.4,0.53904753,0.53950978,0.54059337,87.76,0.5115,0.0,BTC-28JUN19-2500-C,5457.49,0.0,0.532,3.0,0.547,3.0,117.25,0.653,-0.44858,4.25668,1e-05,0.98908
5432.3,BTC-27SEP19,1556189943070,open,0.01,333.0,0.00113125,0.01036048,0.00643437,72.17,0.0075,0.0,BTC-27SEP19-2500-P,5457.49,69.95,0.0055,4.4,0.0075,20.9,74.5,2.38466,-0.5556,-0.83184,3e-05,-0.02965
5432.3,BTC-27SEP19,1556189943070,open,0.46,227.1,0.45261341,0.47177119,0.46044217,66.92,0.456,0.0,BTC-27SEP19-3000-C,5457.49,47.01,0.45,3.0,0.471,3.0,79.2,4.05185,-0.87541,11.12181,5e-05,0.94295
5432.3,BTC-27SEP19,1556189943070,open,0.04,46.7,0.01002857,0.11999795,0.04239087,70.14,0.044,0.0,BTC-27DEC19-11000-C,5457.49,68.99,0.04,10.0,0.0445,49.4,71.13,11.45909,-1.63443,4.82286,8e-05,0.17419
5432.3,BTC-27SEP19,1556189943039,open,0.05,73.5,0.02359529,0.11796328,0.04662242,64.07,0.0455,0.0,BTC-27DEC19-3500-P,5457.49,63.16,0.045,10.0,0.0485,23.0,65.11,9.72459,-1.26696,-6.6792,8e-05,-0.1359
5423.51,BTC-28JUN19,1556189943083,open,0.04,82.0,0.02492293,0.0720987,0.04206257,58.36,0.045,0.0,BTC-28JUN19-4750-P,5457.49,57.94,0.0415,4.6,0.0435,10.0,59.43,7.25484,-3.31421,-2.80016,0.00024,-0.25296
5423.51,BTC-28JUN19,1556189943083,open,0.0,405.2,4e-08,8.163e-05,0.00081164,92.1,0.001,0.0,BTC-28JUN19-15000-C,5457.49,0.0,0.0,0.0,0.0015,26.9,98.61,0.45265,-0.32634,0.06053,1e-05,0.00719
5457.49,index_price,1556189943083,open,0.0,913.7,0.0,0.0,0.0,100.0,0.0005,0,BTC-26APR19-4000-P,5457.49,0.0,0.0,0.0,0.0005,21.9,281.94,0.0,0.0,0.0,0.0,0.0
5423.51,BTC-28JUN19,1556189943090,open,0.0,321.9,2.767e-05,0.00185247,0.00208261,76.19,0.001,0.0,BTC-28JUN19-11000-C,5457.49,69.39,0.001,48.0,0.003,10.0,80.23,1.08634,-0.64792,0.16758,3e-05,0.01974
5432.3,BTC-27SEP19,1556189943069,open,0.0,42.0,4.966e-05,0.01016078,0.00313771,80.05,0.002,0.0,BTC-27DEC19-1500-P,5457.49,71.6,0.0015,10.0,0.005,20.0,86.77,1.30074,-0.21175,-0.52077,1e-05,-0.01109
5457.49,index_price,1556189943090,open,0.09,39.9,0.08215459,0.1240844,0.09109334,57.51,0.091,0,BTC-31MAY19-5250-C,5457.49,54.5,0.0875,5.5,0.0915,14.4,57.85,6.51537,-5.22215,2.83642,0.00039,0.61987
5432.3,BTC-27SEP19,1556189943091,open,0.03,11.1,0.0023237,0.07684707,0.02578026,75.09,0.0275,0.0,BTC-27DEC19-14000-C,5457.49,73.57,0.0235,28.0,0.028,28.0,76.5,8.36827,-1.27777,3.0716,6e-05,0.10972
5432.3,BTC-27SEP19,1556189943092,open,0.08,50.8,0.05943016,0.11393539,0.07429223,61.26,0.0785,0.0,BTC-27SEP19-4500-P,5457.49,60.39,0.0725,9.9,0.077,17.4,62.56,11.26834,-2.22841,-7.4978,0.00015,-0.25099
5423.51,BTC-28JUN19,1556189943092,open,0.0,65.9,0.00014401,0.00701389,0.00440594,72.59,0.006,0.0,BTC-28JUN19-3250-P,5457.49,71.24,0.004,4.2,0.0055,28.0,75.93,1.67108,-0.94953,-0.3552,4e-05,-0.03302
5423.51,BTC-28JUN19,1556189943092,open,1.04,5.7,1.0282345,1.0300593,1.03028944,76.19,1.142,0.0,BTC-28JUN19-11000-P,5457.49,0.0,0.0005,0.4,0.0,0.0,0.0,1.08634,-0.64792,-19.08263,3e-05,-0.98026
5432.3,BTC-27SEP19,1556189943088,open,0.54,57.5,0.54092103,0.55015025,0.54622076,72.16,0.389,0.0,BTC-27SEP19-2500-C,5457.49,0.0,0.5345,3.0,0.5545,3.0,87.08,2.38398,-0.55538,9.77639,3e-05,0.97036
5432.3,BTC-27SEP19,1556189943095,open,0.03,92.0,0.0099273,0.07982708,0.02618572,65.22,0.0255,0.0,BTC-27DEC19-3000-P,5457.49,63.88,0.0245,10.0,0.0285,33.0,67.02,6.89418,-0.91441,-4.04258,5e-05,-0.08429
5457.49,index_price,1556189943101,open,0.0,385.1,0.00014883,0.00214334,0.00143624,76.57,0.0015,0,BTC-26APR19-5750-C,5457.49,70.33,0.001,20.0,0.0015,22.0,77.4,0.41532,-7.83829,0.01092,0.00076,0.08482
5423.51,BTC-28JUN19,1556189943101,open,0.0,871.5,0.00010619,0.00264077,0.00305113,76.9,0.0035,0.0,BTC-28JUN19-3000-P,5457.49,74.31,0.0025,4.6,0.004,18.0,80.78,1.22136,-0.73521,-0.24413,3e-05,-0.02267
5432.3,BTC-27SEP19,1556189943113,open,0.19,777.6,0.17751142,0.23961348,0.19478439,61.23,0.2135,0.0,BTC-27SEP19-5000-C,5457.49,60.48,0.193,5.0,0.1965,3.0,61.94,12.993,-2.56824,10.67994,0.00017,0.65812
5432.3,BTC-27SEP19,1556189943113,open,0.12,741.8,0.10041262,0.16788701,0.12103866,61.96,0.1145,0.0,BTC-27SEP19-6000-C,5457.49,60.4,0.117,10.0,0.1235,11.1,62.91,14.10294,-2.82106,8.32636,0.00018,0.48227
5432.3,BTC-27SEP19,1556189943113,open,0.04,10.7,0.02174586,0.05954301,0.03414008,63.37,0.0335,0.0,BTC-27SEP19-3750-P,5457.49,62.56,0.033,14.4,0.0355,18.0,64.33,7.67355,-1.56997,-3.89319,0.0001,-0.13476
5457.49,index_price,1556189943113,open,0.0,44.8,8.501e-05,0.00419999,0.00196351,73.98,0.002,0,BTC-31MAY19-3500-P,5457.49,70.82,0.0015,8.3,0.0025,24.0,77.12,0.86756,-0.89456,-0.12382,4e-05,-0.02112
5457.49,index_price,1556189943113,open,0.15,33.2,0.14468354,0.17700064,0.15299649,59.91,0.149,0,BTC-31MAY19-4750-C,5457.49,46.48,0.142,5.0,0.154,5.0,61.04,4.82447,-4.02859,3.45775,0.00028,0.7976
5432.3,BTC-27SEP19,1556189943113,open,0.64,0.0,0.6324308,0.65729689,0.63815923,71.64,None,0.0,BTC-27DEC19-2000-C,5457.49,0.0,0.625,3.0,0.6475,3.0,87.65,2.43958,-0.35542,12.39528,2e-05,0.97689
5432.3,BTC-27SEP19,1556189943113,open,0.19,31.3,0.15742979,0.31425715,0.19686055,62.3,0.196,0.0,BTC-27DEC19-5500-C,5457.49,61.09,0.193,10.0,0.201,5.0,63.6,17.31712,-2.19376,14.44157,0.00014,0.59151
5432.3,BTC-27SEP19,1556189943113,open,0.73,0.0,0.68420404,0.82288,0.72023211,65.6,None,0.0,BTC-27DEC19-9000-P,5457.49,55.2,0.695,2.0,0.739,2.0,72.5,14.22529,-1.89762,-53.73156,0.00011,-0.7481
5432.3,BTC-27SEP19,1556189943113,open,0.73,0.0,0.72392352,0.73403465,0.72700954,80.04,None,0.0,BTC-27DEC19-1500-C,5457.49,0.0,0.7125,3.0,0.734,3.0,99.93,1.30023,-0.21165,9.58397,1e-05,0.98891
5423.51,BTC-28JUN19,1556189943126,open,1.22,10.0,1.21259461,1.21342937,1.21362665,76.83,1.243,0.0,BTC-28JUN19-12000-P,5457.49,0.0,0.0005,0.4,0.0,0.0,0.0,0.62793,-0.37766,-20.91097,2e-05,-0.98956
5457.49,index_price,1556189943126,open,0.01,172.2,0.00324368,0.02188016,0.00859107,63.19,0.008,0,BTC-31MAY19-4250-P,5457.49,60.92,0.0075,49.0,0.01,34.0,65.94,2.70237,-2.37998,-0.51119,0.00015,-0.08671
5457.49,index_price,1556189943126,open,0.0,2172.7,0.0,0.0,0.0,100.0,0.0005,0,BTC-26APR19-3500-P,5457.49,0.0,0.0,0.0,0.0005,16.0,388.27,0.0,0.0,0.0,0.0,0.0
5457.49,index_price,1556189943126,open,0.34,0.0,0.33094717,0.35086236,0.33644697,63.68,None,0,BTC-31MAY19-7250-P,5457.49,57.38,0.3335,2.0,0.3505,2.0,84.55,2.84573,-2.52557,-6.67029,0.00015,-0.90705
5457.49,index_price,1556189943126,open,0.59,0.0,0.58772256,0.58772256,0.58772256,125.0,0.429,0,BTC-26APR19-2250-C,5457.49,0.0,0.5815,3.0,0.593,3.0,500.0,0.0,0.0,0.05398,0.0,1.0
5423.51,BTC-28JUN19,1556189943128,open,0.0,681.3,3.62e-06,0.00046588,0.00154947,87.76,0.0015,0.0,BTC-28JUN19-2500-P,5457.49,82.53,0.001,32.3,0.002,6.9,91.2,0.653,-0.44858,-0.11837,1e-05,-0.01092
5457.49,index_price,1556189943128,open,0.0,1347.7,0.0,0.0,0.0,100.0,0.0005,0,BTC-26APR19-3750-P,5457.49,0.0,0.0,0.0,0.0005,17.0,333.61,0.0,0.0,0.0,0.0,0.0
5432.3,BTC-27SEP19,1556189943128,open,0.56,0.0,0.51824677,0.67008233,0.55617671,63.88,None,0.0,BTC-27DEC19-8000-P,5457.49,56.22,0.5345,2.0,0.574,2.0,69.86,15.88132,-2.06313,-45.34588,0.00013,-0.68299
5423.51,BTC-28JUN19,1556189943130,open,0.32,19.5,0.30342563,0.33222606,0.31474135,61.03,0.7515,0.0,BTC-28JUN19-7000-P,5457.49,52.76,0.306,2.0,0.3255,2.0,69.88,6.18959,-2.95683,-10.65952,0.0002,-0.80835
5432.3,BTC-27SEP19,1556189943130,open,0.55,0.0,0.54288801,0.58857232,0.55314016,67.45,None,0.0,BTC-27DEC19-2500-C,5457.49,40.31,0.5405,3.0,0.565,3.0,80.19,4.34752,-0.59635,14.64649,3e-05,0.95339
5457.49,index_price,1556189943130,open,0.0,260.1,0.0,0.0,0.0,100.0,0.0005,0,BTC-26APR19-2250-P,5457.49,0.0,0.0,0.0,0.0005,22.9,500.0,0.0,0.0,0.0,0.0,0.0
5432.3,BTC-27SEP19,1556189943130,open,0.4,5.8,0.37930098,0.47366897,0.40232336,64.06,0.385,0.0,BTC-27DEC19-3500-C,5457.49,55.98,0.3885,3.0,0.4145,3.0,70.67,9.72434,-1.26687,16.89828,8e-05,0.8641
164.0,index_price,1556189943134,open,0.2,0.0,0.20732,0.211275,0.208712,85.4,None,0,ETH-3MAY19-130-C,164.0,0.0,0.001,10.0,0.283,5.0,305.07,0.01537,-0.08332,0.02702,0.0031,0.97224
5432.3,BTC-27SEP19,1556189943134,open,0.05,254.7,0.01655479,0.14074849,0.05251867,68.51,0.0535,0.0,BTC-27DEC19-10000-C,5457.49,67.43,0.05,20.0,0.0545,34.4,69.34,12.87303,-1.79335,5.78667,9e-05,0.21065
5457.49,index_price,1556189943136,open,0.17,3.0,0.17545236,0.18376195,0.17709116,75.3,0.1895,0,BTC-3MAY19-4500-C,5457.49,0.0,0.169,3.0,0.1815,3.0,100.72,0.6335,-3.02829,0.92668,0.00013,0.96403
5423.51,BTC-28JUN19,1556189943147,open,0.01,251.8,0.00579876,0.02356235,0.01382199,62.99,0.012,0.0,BTC-28JUN19-4000-P,5457.49,61.85,0.013,10.1,0.015,28.0,64.58,3.95329,-1.94921,-1.07104,0.00012,-0.09902
5423.51,BTC-28JUN19,1556189943147,open,0.06,265.3,0.0469435,0.08470973,0.05942032,58.36,0.06,0.0,BTC-28JUN19-5000-P,5457.49,57.42,0.058,4.5,0.0605,14.4,59.08,8.1609,-3.72812,-3.64407,0.00027,-0.32452
5432.31,BTC-27SEP19,1556189943147,open,0.41,0.0,0.36403963,0.52491192,0.40368758,62.76,None,0.0,BTC-27DEC19-7000-P,5457.49,56.51,0.384,2.0,0.419,2.0,67.53,17.30382,-2.20825,-36.46484,0.00014,-0.59279
5432.31,BTC-27SEP19,1556189943147,open,0.28,9.9,0.24953993,0.38413517,0.28277372,62.46,0.246,0.0,BTC-27DEC19-4500-C,5457.49,56.77,0.2675,5.0,0.29,5.0,65.14,14.64402,-1.86003,16.49588,0.00012,0.73356
5432.31,BTC-27SEP19,1556189943147,open,0.9,0.3,0.85739245,0.98158642,0.89336974,68.51,1.4475,0.0,BTC-27DEC19-10000-P,5457.49,0.0,0.1,0.3,0.0,0.0,0.0,12.87424,-1.79366,-61.57581,9e-05,-0.78932
5423.51,BTC-28JUN19,1556189943157,open,0.72,33.3,0.72342634,0.7234271,0.72349007,100.0,0.7165,0.0,BTC-28JUN19-1500-C,5457.49,0.0,0.716,3.0,0.73,3.0,179.05,0.04153,-0.03251,2.61952,0.0,0.99948
5457.49,index_price,1556189943157,open,0.24,0.0,0.23683232,0.23683232,0.2368324,100.0,None,0,BTC-26APR19-6750-P,5457.49,0.0,0.2315,2.0,0.244,2.0,321.7,0.0001,-0.00551,-0.16194,0.0,-0.99999
5432.31,BTC-27SEP19,1556189943163,open,0.24,290.4,0.23105273,0.28555781,0.24590865,61.25,0.243,0.0,BTC-27SEP19-4500-C,5457.49,56.19,0.2355,3.0,0.253,3.0,64.66,11.26822,-2.22828,11.59674,0.00015,0.74902
5432.31,BTC-27SEP19,1556189943163,open,0.7,0.0,0.67193929,0.71478869,0.6916143,67.59,None,0.0,BTC-27SEP19-9000-P,5457.49,0.0,0.002,0.3,0.0,0.0,0.0,9.18968,-2.00517,-34.91063,0.00011,-0.82293
5423.51,BTC-28JUN19,1556189943169,open,1.6,1.3,1.58135434,1.58153012,1.58207485,85.71,2.415,0.0,BTC-28JUN19-14000-P,5457.49,0.0,0.0005,0.2,0.0,0.0,0.0,0.43322,-0.29065,-24.44218,1e-05,-0.99316
5423.51,BTC-28JUN19,1556189943169,open,0.63,20.1,0.63123515,0.63127278,0.63194391,99.97,0.578,0.0,BTC-28JUN19-2000-C,5457.49,0.0,0.6235,3.0,0.6385,3.0,144.29,0.31253,-0.24456,3.44837,1e-05,0.99526
5457.49,index_price,1556189943169,open,0.0,3043.4,0.0,0.0,0.0,100.0,0.0005,0,BTC-26APR19-3250-P,5457.49,0.0,0.0,0.0,0.0005,28.9,446.52,0.0,0.0,0.0,0.0,0.0
5457.49,index_price,1556189943169,open,0.11,41.1,0.09446308,0.13770739,0.1035175,57.43,0.1155,0,BTC-31MAY19-5750-P,5457.49,57.41,0.1035,14.4,0.1065,5.3,59.86,6.69073,-5.35509,-3.66245,0.0004,-0.57925
5432.31,BTC-27SEP19,1556189943171,open,0.0,411.8,0.00013974,0.00325308,0.00253034,76.79,0.003,0.0,BTC-27SEP19-2000-P,5457.49,70.99,0.0015,32.6,0.004,39.0,82.89,1.12885,-0.27985,-0.34176,1e-05,-0.0123
5432.31,BTC-27SEP19,1556189943171,open,0.27,0.0,0.2618781,0.31140264,0.27690706,62.22,None,0.0,BTC-27SEP19-4250-C,5457.49,56.02,0.2655,6.0,0.283,3.0,65.45,10.18337,-2.0456,11.83891,0.00013,0.79052
5457.49,index_price,1556189943171,open,0.0,233.8,0.0,0.0,0.0,100.0,0.0005,0,BTC-26APR19-2500-P,5457.49,0.0,0.0,0.0,0.0005,16.0,500.0,0.0,0.0,0.0,0.0,0.0
5457.49,index_price,1556189943171,open,0.22,1351.0,0.22125373,0.22125373,0.22125373,100.0,0.2105,0,BTC-26APR19-4250-C,5457.49,0.0,0.2145,3.0,0.2225,0.1,267.44,0.0,-0.00012,0.10196,0.0,1.0
5423.51,BTC-28JUN19,1556189943173,open,0.4,0.1,0.40090109,0.40777096,0.40516302,72.59,0.395,0.0,BTC-28JUN19-3250-C,5457.49,0.0,0.396,3.0,0.412,3.0,89.45,1.67108,-0.94953,5.33236,4e-05,0.96698
5432.31,BTC-27SEP19,1556189943173,open,0.01,616.4,0.00486561,0.02402326,0.01269837,66.93,0.0175,0.0,BTC-27SEP19-3000-P,5457.49,65.98,0.012,4.1,0.014,18.0,68.63,4.05243,-0.87561,-1.60803,5e-05,-0.05706
5432.31,BTC-27SEP19,1556189943173,open,1.06,3.1,1.02905558,1.05428902,1.04459174,72.58,1.9215,0.0,BTC-27SEP19-11000-P,5457.49,0.0,0.002,0.3,0.0,0.0,0.0,6.41643,-1.50357,-44.71734,7e-05,-0.89541
5432.31,BTC-27SEP19,1556189943173,open,0.1,62.5,0.07733787,0.13605707,0.09352438,61.23,0.094,0.0,BTC-27SEP19-4750-P,5457.49,60.33,0.0915,5.0,0.096,17.4,62.33,12.22833,-2.41719,-8.97859,0.00016,-0.296
5457.49,index_price,1556189943175,open,0.0,1123.2,0.0,0.0,0.0,100.0,0.001,0,BTC-26APR19-3000-P,5457.49,0.0,0.0,0.0,0.0005,36.0,500.0,0.0,0.0,0.0,0.0,0.0
5432.31,BTC-27SEP19,1556189943177,open,0.11,113.0,0.07791681,0.21251205,0.1111567,62.46,0.1155,0.0,BTC-27DEC19-4500-P,5457.49,61.66,0.109,5.0,0.1145,19.4,63.7,14.64405,-1.8601,-13.81783,0.00012,-0.26644
5432.31,BTC-27SEP19,1556189943177,open,0.34,35.5,0.30962746,0.42610584,0.33875358,63.27,0.3615,0.0,BTC-27DEC19-4000-C,5457.49,56.7,0.324,5.0,0.346,5.0,66.42,12.40395,-1.59581,16.95483,0.0001,0.80208
5432.31,BTC-27SEP19,1556189943179,open,1.24,6.1,1.21117168,1.2301198,1.22456251,74.9,1.9095,0.0,BTC-27SEP19-12000-P,5457.49,0.0,0.012,0.1,0.0,0.0,0.0,5.44348,-1.31621,-49.34712,6e-05,-0.91629
5457.49,index_price,1556189943179,open,0.04,192.7,0.0274723,0.06847896,0.03681032,58.36,0.035,0,BTC-31MAY19-6000-C,5457.49,56.32,0.0345,10.0,0.0365,19.3,58.08,6.23238,-5.06892,1.59881,0.00036,0.33486
5432.31,BTC-27SEP19,1556189943181,open,0.23,9.4,0.20491578,0.27239018,0.22554996,61.96,0.2055,0.0,BTC-27SEP19-6000-P,5457.49,57.9,0.215,1.5,0.236,3.0,65.99,14.10298,-2.82121,-17.13259,0.00018,-0.51772
5457.49,index_price,1556189943181,open,0.0,432.1,0.0,1.3e-07,2.37e-06,100.0,0.001,0,BTC-26APR19-6500-C,5457.49,0.0,0.0,0.0,0.0005,21.9,166.04,0.00199,-0.01294,3e-05,0.0,0.0002
5457.49,index_price,1556189943181,open,0.29,0.0,0.28264092,0.28264092,0.28264092,100.0,None,0,BTC-26APR19-7000-P,5457.49,0.0,0.277,2.0,0.29,2.0,362.95,0.0,-0.00017,-0.16794,0.0,-1.0
5423.51,BTC-28JUN19,1556189943183,open,0.17,35.4,0.15085592,0.19111277,0.16444485,58.61,0.1665,0.0,BTC-28JUN19-6000-P,5457.49,55.19,0.159,1.5,0.1695,1.5,61.75,8.68001,-3.98198,-7.38726,0.00029,-0.61388
5457.49,index_price,1556189943183,open,0.0,172.5,0.0,0.0,0.0,100.0,0.0005,0,BTC-26APR19-4250-P,5457.49,0.0,0.0,0.0,0.0005,21.9,232.74,0.0,-1e-05,0.0,0.0,0.0
5457.49,index_price,1556189943183,open,0.19,14.7,0.18292604,0.20847291,0.18972546,61.14,0.216,0,BTC-31MAY19-4500-C,5457.49,42.68,0.1795,5.0,0.19,5.0,61.54,3.71789,-3.16782,3.62141,0.00021,0.86484
5457.49,index_price,1556189943183,open,0.3,0.0,0.28687615,0.31094755,0.29271013,61.45,None,0,BTC-31MAY19-7000-P,5457.49,56.71,0.29,2.0,0.3065,2.0,79.97,3.33937,-2.85987,-6.31262,0.00019,-0.88411
5457.49,index_price,1556189943183,open,0.0,420.3,3.2e-07,0.00017128,0.00027954,90.93,0.0005,0,BTC-26APR19-6000-C,5457.49,0.0,0.0,0.0,0.0005,23.0,99.41,0.1162,-1.52557,0.00227,0.00018,0.01762
5432.31,BTC-27SEP19,1556189943183,open,0.47,0.0,0.45767594,0.52757544,0.4739302,65.22,None,0.0,BTC-27DEC19-3000-C,5457.49,54.22,0.4615,3.0,0.4865,3.0,74.44,6.89376,-0.91431,16.16679,5e-05,0.91572
5423.51,BTC-28JUN19,1556189943187,open,0.02,1419.4,0.01274856,0.04154899,0.02406428,61.03,0.0205,0.0,BTC-28JUN19-7000-C,5457.49,60.53,0.0235,15.4,0.0245,10.0,61.41,6.18959,-2.95683,1.59061,0.0002,0.19165
5423.51,BTC-28JUN19,1556189943187,open,0.01,82.8,0.00147299,0.01882594,0.00918994,65.26,0.011,0.0,BTC-28JUN19-3750-P,5457.49,63.98,0.0085,4.3,0.0105,28.0,67.56,2.99097,-1.5278,-0.73599,9e-05,-0.06835
5423.51,BTC-28JUN19,1556189943189,open,0.06,2327.7,0.04456129,0.08481814,0.05815021,58.61,0.056,0.0,BTC-28JUN19-6000-C,5457.49,58.2,0.0575,4.9,0.06,20.1,59.76,8.68001,-3.98198,3.11286,0.00029,0.38612
5423.51,BTC-28JUN19,1556189943194,open,1.41,0.8,1.39697273,1.39735471,1.39826111,85.41,2.171,0.0,BTC-28JUN19-13000-P,5457.49,0.0,0.07,1.0,0.0,0.0,0.0,0.6915,-0.46233,-22.65176,2e-05,-0.98833
5432.31,BTC-27SEP19,1556189943216,open,0.38,261.1,0.36984754,0.40130337,0.38062051,64.13,0.38,0.0,BTC-27SEP19-3500-C,5457.49,54.16,0.37,3.0,0.392,3.5,73.21,6.37335,-1.3196,11.88819,8e-05,0.89637
5423.51,BTC-28JUN19,1556189943216,open,0.45,43.8,0.44695887,0.44949345,0.44990382,76.9,0.433,0.0,BTC-28JUN19-3000-C,5457.49,0.0,0.441,3.0,0.457,3.0,98.39,1.22136,-0.73521,5.00592,3e-05,0.97733
5423.51,BTC-28JUN19,1556189943216,open,0.0,852.0,0.00014038,0.00409109,0.00312323,71.86,0.0025,0.0,BTC-28JUN19-10000-C,5457.49,67.3,0.002,65.8,0.004,10.0,74.73,1.53152,-0.86147,0.25238,4e-05,0.02971
5432.31,BTC-27SEP19,1556189943216,open,0.02,17.6,0.008625,0.03377018,0.01815564,65.58,0.0195,0.0,BTC-27SEP19-3250-P,5457.49,64.88,0.0175,4.9,0.0195,24.0,66.97,5.17875,-1.09637,-2.22467,6e-05,-0.07836
5423.51,BTC-28JUN19,1556189943216,open,0.2,208.2,0.18961614,0.21856112,0.20051789,60.05,0.206,0.0,BTC-28JUN19-4500-C,5457.49,52.78,0.1925,5.0,0.2,0.4,59.6,6.20667,-2.91753,5.76086,0.0002,0.80748
5457.49,index_price,1556189943216,open,0.02,234.6,0.01419094,0.02085638,0.01548216,56.88,0.027,0,BTC-26APR19-5500-P,5457.49,51.65,0.0145,6.4,0.0175,18.0,67.51,1.02975,-33.4432,-0.08115,0.00253,-0.60433
5457.49,index_price,1556189943216,open,0.4,25.7,0.40448814,0.40448814,0.40448814,125.0,0.351,0,BTC-26APR19-3250-C,5457.49,0.0,0.3985,3.0,0.41,3.0,500.0,0.0,0.0,0.07797,0.0,1.0
5457.49,index_price,1556189943216,open,0.31,0.0,0.31323024,0.32077781,0.31599784,69.55,None,0,BTC-31MAY19-3750-C,5457.49,0.0,0.3055,3.0,0.32,3.0,82.91,1.27947,-1.24022,3.48868,6e-05,0.96637
5457.49,index_price,1556189943216,open,0.01,63.3,0.0070233,0.03558842,0.01360714,60.17,0.013,0,BTC-31MAY19-6750-C,5457.49,58.63,0.0125,10.0,0.0145,24.0,61.37,4.00545,-3.3587,0.73652,0.00023,0.15091
5432.31,BTC-27SEP19,1556189943216,open,0.14,47.7,0.09679089,0.25933651,0.13789521,62.72,0.15,0.0,BTC-27DEC19-6500-C,5457.49,61.68,0.1345,25.8,0.143,15.0,64.29,17.71337,-2.25931,11.92167,0.00014,0.46368
5432.31,BTC-27SEP19,1556189943216,open,0.21,17.7,0.16989118,0.3267184,0.20932936,62.3,0.208,0.0,BTC-27DEC19-5500-P,5457.49,60.94,0.205,5.0,0.2135,15.8,63.61,17.31709,-2.19384,-22.60826,0.00014,-0.40849
5457.49,index_price,1556189943219,open,0.18,0.0,0.16313784,0.20059791,0.17200525,59.12,None,0,BTC-31MAY19-6250-P,5457.49,54.61,0.1675,2.0,0.1825,2.0,69.03,5.56575,-4.58593,-4.88435,0.00032,-0.73855
5457.49,index_price,1556189943219,open,0.0,290.4,0.0,0.0,0.0,100.0,0.0005,0,BTC-26APR19-2000-P,5457.49,0.0,0.0,0.0,0.0005,24.9,500.0,0.0,0.0,0.0,0.0,0.0
164.0,index_price,1556189943269,open,0.0,3.0,3e-06,0.003958,0.001395,85.4,0.004,0,ETH-3MAY19-130-P,164.0,0.0,0.0,0.0,0.003,500.0,98.86,0.01537,-0.08332,-0.00103,0.0031,-0.02776
5457.49,index_price,1556189943403,open,0.13,3.0,0.12980306,0.14590716,0.13263407,65.54,0.15,0,BTC-3MAY19-4750-C,5457.49,0.0,0.125,3.0,0.1375,3.0,85.23,1.05358,-4.38415,0.94122,0.00025,0.93192
5457.49,index_price,1556189943512,open,0.0,15.0,9.37e-06,0.00261124,0.00058779,83.14,0.0005,0,BTC-26APR19-5875-C,5457.49,0.0,0.0,0.0,0.001,32.9,92.04,0.21494,-3.20788,0.00473,0.00036,0.03674
164.0,index_price,1556189943521,open,0.0,105.0,0.000169,0.011278,0.002798,71.49,0.004,0,ETH-3MAY19-140-P,164.0,66.5,0.002,116.0,0.005,600.0,82.37,0.0285,-0.12936,-0.0022,0.00687,-0.05948
5457.49,index_price,1556189943542,open,0.0,45.7,0.00016654,0.01627064,0.00299755,65.54,0.0035,0,BTC-3MAY19-4750-P,5457.49,62.85,0.0025,8.2,0.0045,59.0,72.57,1.05358,-4.38415,-0.0837,0.00025,-0.06808
5457.49,index_price,1556189943605,open,0.0,78.0,2.673e-05,0.01251331,0.00189487,68.95,0.0025,0,BTC-3MAY19-6500-C,5457.49,66.02,0.0015,14.3,0.0025,18.4,72.83,0.78595,-3.44038,0.05303,0.00018,0.04693
5457.49,index_price,1556189943686,open,0.09,20.1,0.08551332,0.11242125,0.09139266,61.31,0.088,0,BTC-3MAY19-5000-C,5457.49,54.01,0.089,8.4,0.092,13.4,63.02,1.90634,-7.41966,0.888,0.00048,0.84548
167.72,ETH-27SEP19,1556189943818,open,0.83,10.0,0.80423,0.863684,0.823692,73.99,0.781,0.0,ETH-27SEP19-300-P,164.0,0.0,0.004,4.0,0.835,1.0,80.54,0.27349,-0.06533,-1.1789,0.0031,-0.83284
166.03,ETH-28JUN19,1556189943822,open,0.12,1073.0,0.117275,0.205338,0.123946,64.15,0.128,0.0,ETH-28JUN19-160-C,164.0,61.69,0.12,135.0,0.127,90.0,66.05,0.26702,-0.13408,0.14041,0.00863,0.6072
166.03,ETH-28JUN19,1556189943822,open,0.83,0.0,0.80794,0.84036,0.817002,86.19,None,0.0,ETH-28JUN19-300-P,164.0,0.0,0.002,15.0,0.0,0.0,0.0,0.09536,-0.06433,-0.507,0.00229,-0.92794
5457.49,index_price,1556189943822,open,0.01,229.3,0.00168541,0.02859334,0.00756475,61.31,0.008,0,BTC-3MAY19-5000-P,5457.49,58.18,0.0065,6.7,0.009,47.4,65.3,1.90634,-7.41966,-0.19087,0.00048,-0.15452
167.72,ETH-27SEP19,1556189943831,open,0.95,1.0,0.918849,0.971411,0.938165,76.04,0.93,0.0,ETH-27SEP19-320-P,164.0,0.0,0.003,6.0,0.962,1.0,90.13,0.24942,-0.06123,-1.27588,0.00275,-0.85464
167.72,ETH-27SEP19,1556189943833,open,0.05,632.0,0.031587,0.105626,0.050961,70.45,0.051,0.0,ETH-27SEP19-260-C,164.0,68.96,0.048,120.0,0.054,122.0,71.96,0.33493,-0.07618,0.13026,0.00398,0.23399
166.03,ETH-28JUN19,1556189943833,open,0.01,1946.0,0.004606,0.055954,0.014672,76.72,0.014,0.0,ETH-28JUN19-260-C,164.0,73.11,0.012,567.0,0.017,292.0,79.61,0.12891,-0.07741,0.02713,0.00348,0.10803
166.03,ETH-28JUN19,1556189943835,open,0.07,2360.0,0.067316,0.158747,0.074643,64.46,0.078,0.0,ETH-28JUN19-180-C,164.0,62.25,0.071,332.0,0.078,90.0,66.5,0.27335,-0.13793,0.10458,0.00879,0.43457
166.03,ETH-28JUN19,1556189943838,open,0.04,3254.0,0.033947,0.10745,0.039027,64.15,0.036,0.0,ETH-28JUN19-140-P,164.0,61.69,0.036,369.0,0.041,120.0,65.73,0.20606,-0.10347,-0.07548,0.00666,-0.22076
166.03,ETH-28JUN19,1556189943838,open,0.01,220.0,0.000104,0.015788,0.006198,96.53,0.008,0.0,ETH-28JUN19-360-C,164.0,93.2,0.005,305.0,0.007,186.0,98.55,0.06372,-0.04815,0.01075,0.00137,0.04321
164.0,index_price,1556189943844,open,0.03,286.0,0.025825,0.034752,0.028791,68.14,0.028,0,ETH-26APR19-160-C,164.0,62.62,0.028,206.0,0.033,50.0,94.68,0.02407,-0.93662,0.00294,0.05474,0.77532
166.03,ETH-28JUN19,1556189943848,open,0.01,1288.0,0.004291,0.041883,0.00798,68.82,0.01,0.0,ETH-28JUN19-110-P,164.0,66.73,0.007,100.0,0.01,357.0,72.77,0.08029,-0.04325,-0.0191,0.00242,-0.05774
166.03,ETH-28JUN19,1556189943848,open,0.19,339.0,0.190725,0.264229,0.195806,64.15,0.205,0.0,ETH-28JUN19-140-C,164.0,61.87,0.193,108.0,0.199,109.0,66.7,0.20606,-0.10347,0.16952,0.00666,0.77924
166.03,ETH-28JUN19,1556189943853,open,0.04,1934.0,0.036494,0.122377,0.045001,66.02,0.045,0.0,ETH-28JUN19-200-C,164.0,64.62,0.043,248.0,0.049,132.0,68.76,0.24001,-0.12403,0.07293,0.00754,0.29599
167.72,ETH-27SEP19,1556189943857,open,1.18,0.0,1.151844,1.192308,1.169838,79.84,None,0.0,ETH-27SEP19-360-P,164.0,0.0,0.01,4.0,1.185,1.0,90.53,0.20998,-0.05412,-1.46348,0.0022,-0.88658
166.03,ETH-28JUN19,1556189943857,open,0.01,310.0,0.000484,0.025971,0.007709,88.39,0.008,0.0,ETH-28JUN19-320-C,164.0,84.5,0.006,450.0,0.009,164.0,91.0,0.07831,-0.05418,0.01402,0.00184,0.05595
164.0,index_price,1556189943942,open,0.01,398.0,0.001435,0.010361,0.004401,68.14,0.016,0,ETH-26APR19-160-P,164.0,58.15,0.003,81.0,0.005,200.0,72.16,0.02407,-0.72172,-0.0009,0.05474,-0.22468
166.03,ETH-28JUN19,1556189943963,open,0.15,372.0,0.150949,0.23312,0.156994,64.15,0.162,0.0,ETH-28JUN19-150-C,164.0,61.41,0.153,130.0,0.16,198.0,66.2,0.24298,-0.12201,0.15657,0.00785,0.69586
166.03,ETH-28JUN19,1556189943965,open,0.12,5279.0,0.113467,0.204545,0.120385,64.15,0.118,0.0,ETH-28JUN19-170-P,164.0,62.12,0.117,139.0,0.124,90.0,66.32,0.27679,-0.13899,-0.17491,0.00894,-0.48161
166.03,ETH-28JUN19,1556189943965,open,0.01,994.0,0.001037,0.033458,0.0101,86.19,0.01,0.0,ETH-28JUN19-300-C,164.0,84.21,0.009,295.0,0.011,161.0,87.72,0.09536,-0.06433,0.018,0.00229,0.07206
164.0,index_price,1556189943975,open,0.2,2.0,0.207317,0.207317,0.207317,105.0,0.211,0,ETH-26APR19-130-C,164.0,0.0,0.003,6.0,0.279,4.0,500.0,0.0,-6e-05,0.00312,0.0,1.0
5457.49,index_price,1556189943980,open,0.08,22.2,0.07651157,0.07911344,0.07708997,83.14,0.0935,0,BTC-26APR19-5875-P,5457.49,0.0,0.076,6.1,0.0795,6.1,119.35,0.21493,-10.20295,-0.13622,0.00036,-0.96326
5457.49,index_price,1556189943996,open,0.05,32.8,0.04682813,0.08398169,0.05517933,56.93,0.053,0,BTC-3MAY19-5250-C,5457.49,52.67,0.053,7.9,0.0545,0.4,55.61,2.81486,-10.17414,0.75147,0.00077,0.69333
166.03,ETH-28JUN19,1556189944004,open,0.03,506.0,0.018905,0.094233,0.02909,69.22,0.031,0.0,ETH-28JUN19-220-C,164.0,67.43,0.027,401.0,0.031,133.0,70.81,0.1968,-0.10663,0.05084,0.00589,0.20405
164.0,index_price,1556189944006,open,0.26,1.0,0.268293,0.268293,0.268293,105.0,0.291,0,ETH-26APR19-120-C,164.0,0.0,0.202,1.0,0.352,3.0,500.0,0.0,0.0,0.00288,0.0,1.0
166.03,ETH-28JUN19,1556189944028,open,0.01,895.0,0.009796,0.059987,0.013946,66.29,0.014,0.0,ETH-28JUN19-120-P,164.0,63.45,0.012,550.0,0.016,255.0,69.11,0.11756,-0.061,-0.03171,0.00368,-0.09518
164.0,index_price,1556189944044,open,0.0,561.0,0.000486,0.007497,0.003203,74.63,0.006,0,ETH-26APR19-170-C,164.0,64.03,0.002,400.0,0.004,114.0,80.89,0.02012,-0.52524,0.00065,0.04179,0.16736
167.72,ETH-27SEP19,1556189944049,open,0.72,0.0,0.6916,0.758314,0.711264,72.21,None,0.0,ETH-27SEP19-280-P,164.0,0.0,0.004,5.0,0.748,2.0,90.39,0.30259,-0.07054,-1.07803,0.00351,-0.80354
166.03,ETH-28JUN19,1556189944049,open,0.01,1315.0,0.002201,0.043218,0.011565,80.98,0.02,0.0,ETH-28JUN19-280-C,164.0,78.48,0.01,150.0,0.013,116.0,83.12,0.1079,-0.0684,0.02128,0.00276,0.08482
166.03,ETH-28JUN19,1556189944049,open,0.21,2136.0,0.194254,0.283785,0.202388,65.25,0.219,0.0,ETH-28JUN19-190-P,164.0,62.43,0.198,130.0,0.206,127.0,67.55,0.25993,-0.13276,-0.24467,0.00826,-0.63967
166.03,ETH-28JUN19,1556189944049,open,0.02,1019.0,0.009456,0.072573,0.019819,72.64,0.024,0.0,ETH-28JUN19-240-C,164.0,70.69,0.018,450.0,0.021,112.0,73.87,0.15788,-0.08977,0.03621,0.00451,0.14443
166.03,ETH-28JUN19,1556189944054,open,0.04,595.0,0.026398,0.107392,0.03607,67.66,0.039,0.0,ETH-28JUN19-210-C,164.0,66.08,0.034,386.0,0.038,113.0,69.12,0.21862,-0.1158,0.06088,0.0067,0.24558
166.03,ETH-28JUN19,1556189944064,open,0.06,595.0,0.049882,0.139414,0.058017,65.25,0.062,0.0,ETH-28JUN19-190-C,164.0,63.31,0.055,227.0,0.062,262.0,67.78,0.25993,-0.13276,0.08784,0.00826,0.36033
166.03,ETH-28JUN19,1556189944068,open,0.06,3788.0,0.0544,0.136572,0.060445,64.15,0.059,0.0,ETH-28JUN19-150-P,164.0,61.79,0.057,321.0,0.062,120.0,65.21,0.24298,-0.12201,-0.10593,0.00785,-0.30414
166.03,ETH-28JUN19,1556189944076,open,0.01,512.0,2.2e-05,0.00972,0.004357,100.89,0.007,0.0,ETH-28JUN19-400-C,164.0,95.61,0.003,650.0,0.006,200.0,106.0,0.04801,-0.03791,0.00762,0.00099,0.03057
166.03,ETH-28JUN19,1556189944090,open,0.16,4460.0,0.151458,0.242888,0.158785,64.46,0.174,0.0,ETH-28JUN19-180-P,164.0,62.16,0.155,136.0,0.162,90.0,66.41,0.27335,-0.13793,-0.21042,0.00879,-0.56543
5457.49,index_price,1556189944133,open,0.02,226.4,0.00880882,0.04596238,0.01716002,56.93,0.018,0,BTC-3MAY19-5250-P,5457.49,55.65,0.0165,5.2,0.0195,14.3,61.43,2.81486,-10.17414,-0.38134,0.00077,-0.30667
5457.49,index_price,1556189944140,open,0.2,0.0,0.19105044,0.20353702,0.19291861,68.95,None,0,BTC-3MAY19-6500-P,5457.49,0.0,0.0,0.0,0.2535,1.0,215.43,0.78595,-3.44041,-1.34949,0.00018,-0.95307
5457.49,index_price,1556189944144,open,0.0,94.0,0.00022502,0.01935127,0.00297713,62.24,0.003,0,BTC-3MAY19-6250-C,5457.49,62.35,0.003,15.0,0.0035,10.0,64.64,1.13825,-4.49759,0.08517,0.00028,0.0753
5457.49,index_price,1556189944310,open,0.15,0.0,0.14544013,0.16456638,0.14819224,62.24,None,0,BTC-3MAY19-6250-P,5457.49,0.0,0.1435,2.0,0.1565,2.0,90.21,1.13825,-4.49759,-1.26341,0.00028,-0.9247
5457.49,index_price,1556189944420,open,0.04,28.4,0.02762791,0.06861128,0.03709156,56.2,0.0405,0,BTC-3MAY19-5500-P,5457.49,54.33,0.036,7.9,0.0395,7.5,60.31,3.19372,-11.39441,-0.65722,0.00088,-0.52102
164.0,index_price,1556189944587,open,0.11,84.0,0.100053,0.124615,0.109928,73.99,0.103,0,ETH-3MAY19-180-P,164.0,64.23,0.106,139.0,0.11,250.0,74.16,0.06967,-0.32729,-0.0318,0.01622,-0.78876
5457.49,index_price,1556189945000,open,0.0,43.3,1e-08,0.00044735,0.00015026,98.64,0.0005,0,BTC-26APR19-4875-P,5457.49,0.0,0.0,0.0,0.0005,31.9,117.05,0.06579,-0.82003,-0.00121,9e-05,-0.00913
5432.34,BTC-27SEP19,1556189945258,open,0.02,7.0,0.00145076,0.06687961,0.02270453,76.7,0.0205,0.0,BTC-27DEC19-15000-C,5457.49,75.09,0.0205,18.0,0.0245,10.0,77.95,7.65339,-1.1937,2.71952,5e-05,0.09702
5457.49,index_price,1556189945517,open,0.02,87.2,0.01907045,0.03066648,0.02019605,56.88,0.016,0,BTC-26APR19-5375-C,5457.49,43.09,0.018,18.7,0.0205,10.4,58.69,0.91136,-29.59822,0.09064,0.00224,0.71246
5457.49,index_price,1556189945666,open,0.01,165.9,0.00395544,0.01555147,0.00508105,56.88,0.004,0,BTC-26APR19-5375-P,5457.49,53.37,0.0045,10.0,0.006,10.0,62.31,0.91136,-27.72976,-0.03831,0.00224,-0.28754
5457.49,index_price,1556189945810,open,0.0,111.6,0.00129916,0.01067485,0.00236914,60.14,0.0025,0,BTC-26APR19-5625-C,5457.49,52.1,0.0015,45.7,0.003,15.0,65.3,0.63934,-12.92954,0.0201,0.00149,0.15587
5457.49,index_price,1556189945858,open,0.08,472.0,0.08382893,0.0840836,0.08435221,95.25,0.078,0,BTC-26APR19-5000-C,5457.49,0.0,0.0825,16.9,0.0845,10.9,99.51,0.17541,-9.53961,0.11613,0.00026,0.97128
5423.51,BTC-28JUN19,1556189945875,open,0.24,0.0,0.21689068,0.26593118,0.23631759,60.1,None,0.0,BTC-28JUN19-6500-P,5457.49,54.36,0.2285,1.5,0.245,3.5,66.17,7.58548,-3.56859,-9.11355,0.00025,-0.72389
5457.49,index_price,1556189945899,open,0.2,0.0,0.19102371,0.19102384,0.19102608,100.0,None,0,BTC-26APR19-6500-P,5457.49,0.0,0.1855,2.0,0.198,2.0,277.84,0.00199,-0.11388,-0.15592,0.0,-0.9998
5432.34,BTC-27SEP19,1556189945917,open,0.05,108.3,0.03171042,0.07560641,0.04547324,62.7,0.046,0.0,BTC-27SEP19-4000-P,5457.49,62.11,0.0445,10.0,0.0465,14.9,63.32,8.95954,-1.8137,-4.97013,0.00011,-0.17015
5432.34,BTC-27SEP19,1556189945934,open,0.53,2.5,0.50163489,0.55502827,0.52289664,65.32,1.278,0.0,BTC-27SEP19-8000-P,5457.49,60.04,0.5125,1.5,0.5345,1.5,70.84,11.07273,-2.33495,-29.50422,0.00014,-0.75709
5457.49,index_price,1556189945971,open,0.04,30.8,0.03199276,0.04136844,0.0330627,60.14,0.048,0,BTC-26APR19-5625-P,5457.49,55.1,0.0325,20.2,0.0355,6.0,78.5,0.63933,-21.95354,-0.11485,0.00149,-0.84413
5432.34,BTC-27SEP19,1556189945971,open,0.23,33.8,0.19902861,0.34706279,0.23652117,62.46,0.2325,0.0,BTC-27DEC19-5000-C,5457.49,60.95,0.232,5.0,0.2405,5.0,63.79,16.2986,-2.07019,15.57221,0.00013,0.66206
5457.49,index_price,1556189945971,open,0.14,0.0,0.1268788,0.16788546,0.13621712,58.36,None,0,BTC-31MAY19-6000-P,5457.49,53.74,0.131,3.0,0.1455,3.0,66.36,6.23238,-5.06895,-4.29856,0.00036,-0.66513
5432.34,BTC-27SEP19,1556189945987,open,0.16,79.3,0.11944228,0.26747646,0.15694162,62.46,0.159,0.0,BTC-27DEC19-5000-P,5457.49,61.48,0.154,5.0,0.16,5.0,63.48,16.29857,-2.07027,-18.10959,0.00013,-0.33794
5432.34,BTC-27SEP19,1556189945993,open,0.37,10.2,0.34316525,0.40603262,0.36567402,63.69,0.8,0.0,BTC-27SEP19-7000-P,5457.49,58.96,0.3545,1.5,0.378,2.0,68.77,13.01201,-2.67529,-23.5684,0.00016,-0.6568
5432.34,BTC-27SEP19,1556189946015,open,0.01,153.8,0.00309808,0.04878154,0.01335345,67.46,0.016,0.0,BTC-27DEC19-2500-P,5457.49,65.06,0.0115,28.0,0.0155,28.0,70.05,4.34799,-0.59645,-2.19466,3e-05,-0.04662
5432.34,BTC-27SEP19,1556189946049,open,1.62,0.0,1.57948209,1.65400646,1.6029581,75.1,None,0.0,BTC-27DEC19-14000-P,5457.49,0.0,0.0005,0.2,0.0,0.0,0.0,8.37155,-1.27848,-91.23542,6e-05,-0.89022
5432.34,BTC-27SEP19,1556189946051,open,0.05,932.8,0.02897301,0.0823664,0.05022379,65.31,0.048,0.0,BTC-27SEP19-8000-C,5457.49,64.46,0.0485,10.0,0.051,0.1,65.69,11.07202,-2.3346,4.44073,0.00014,0.24288
5457.49,index_price,1556189946056,open,0.02,196.2,0.00748092,0.03302779,0.01428031,61.14,0.015,0,BTC-31MAY19-4500-P,5457.49,59.23,0.013,24.0,0.0155,10.0,62.9,3.71788,-3.16781,-0.80162,0.00021,-0.13516
5457.49,index_price,1556189946071,open,0.12,872.9,0.12963652,0.12964084,0.12966745,100.0,0.1355,0,BTC-26APR19-4750-C,5457.49,0.0,0.123,3.0,0.135,3.0,228.29,0.0179,-1.022,0.11368,3e-05,0.99788
5432.34,BTC-27SEP19,1556189946071,open,0.03,25.0,0.00375389,0.08870635,0.02995983,73.55,0.032,0.0,BTC-27DEC19-13000-C,5457.49,72.07,0.0275,10.1,0.032,33.0,74.73,9.24847,-1.38323,3.5282,6e-05,0.12637
5457.49,index_price,1556189946086,open,0.01,78.4,0.00423523,0.02830663,0.01006915,61.45,0.01,0,BTC-31MAY19-7000-C,5457.49,59.66,0.009,41.1,0.011,24.0,62.94,3.33936,-2.85987,0.56765,0.00019,0.11589
5457.49,index_price,1556189946113,open,0.04,873.3,0.03860076,0.04189213,0.03961602,63.97,0.0395,0,BTC-26APR19-5250-C,5457.49,0.0,0.038,6.0,0.04,15.0,68.08,0.48655,-17.77044,0.11198,0.00106,0.89486
5423.51,BTC-28JUN19,1556189946126,open,0.16,117.0,0.14910635,0.19628212,0.1662461,58.36,0.145,0.0,BTC-28JUN19-4750-C,5457.49,52.86,0.159,5.0,0.1705,5.0,61.52,7.25484,-3.31422,5.51243,0.00024,0.74704
5432.34,BTC-27SEP19,1556189946126,open,0.17,18.6,0.14679241,0.21313171,0.16508328,61.12,0.1685,0.0,BTC-27SEP19-5500-P,5457.49,60.31,0.163,5.3,0.1685,3.0,62.46,13.9192,-2.74667,-13.79285,0.00018,-0.4333
5432.34,BTC-27SEP19,1556189946126,open,1.08,0.0,1.03493905,1.14490955,1.06731671,70.15,None,0.0,BTC-27DEC19-11000-P,5457.49,0.0,0.0005,0.2,0.0,0.0,0.0,11.46094,-1.63486,-69.27566,8e-05,-0.82577
5432.34,BTC-27SEP19,1556189946132,open,0.01,50.9,0.00059895,0.0254645,0.00633004,71.65,0.0065,0.0,BTC-27DEC19-2000-P,5457.49,68.49,0.005,10.0,0.008,18.0,75.13,2.44014,-0.35554,-1.07768,2e-05,-0.02312
5423.51,BTC-28JUN19,1556189946147,open,2.71,0.4,2.68764877,2.68765085,2.68784501,100.0,5.076,0.0,BTC-28JUN19-20000-P,5457.49,0.0,0.0005,0.2,0.0,0.0,0.0,0.13106,-0.10259,-34.98511,0.0,-0.99819
5423.51,BTC-28JUN19,1556189946183,open,0.11,55.2,0.08277873,0.14099679,0.10495782,58.3,0.105,0.0,BTC-28JUN19-5500-P,5457.49,58.03,0.1045,4.4,0.1065,15.0,59.23,9.03249,-4.12223,-5.49763,0.0003,-0.47427
5457.49,index_price,1556189946269,open,0.0,47.1,7.23e-06,0.00831682,0.00164612,75.3,0.0025,0,BTC-3MAY19-4500-P,5457.49,68.91,0.001,12.7,0.0025,17.5,81.8,0.63352,-3.02842,-0.0443,0.00013,-0.03597
164.0,index_price,1556189946385,open,0.15,4.0,0.146511,0.15762,0.14914,71.5,0.16,0,ETH-3MAY19-140-C,164.0,70.68,0.149,195.0,0.157,50.0,103.04,0.0285,-0.12938,0.028,0.00687,0.94052
5457.49,index_price,1556189946496,open,0.0,390.1,0.00014883,0.00214334,0.00143608,76.57,0.0015,0,BTC-26APR19-5750-C,5457.49,70.33,0.001,20.0,0.0015,17.0,77.4,0.4153,-7.83742,0.01092,0.00076,0.08482
164.0,index_price,1556189946649,open,0.09,0.0,0.087951,0.111085,0.0956,69.4,None,0,ETH-3MAY19-150-C,164.0,67.81,0.095,117.0,0.102,50.0,85.03,0.06258,-0.27571,0.02574,0.01554,0.82286
164.0,index_price,1556189946784,open,0.01,343.0,0.002585,0.025719,0.010234,69.4,0.012,0,ETH-3MAY19-150-P,164.0,63.33,0.008,110.0,0.012,400.0,73.92,0.06258,-0.27571,-0.00663,0.01554,-0.17714
167.72,ETH-27SEP19,1556189946818,open,0.08,337.0,0.063893,0.15055,0.080587,67.11,0.083,0.0,ETH-27SEP19-220-C,164.0,65.61,0.077,244.0,0.085,60.0,68.94,0.402,-0.08709,0.18731,0.00502,0.34379
166.03,ETH-28JUN19,1556189946818,open,0.0,2427.0,1e-06,0.00306,0.001452,105.0,0.003,0.0,ETH-28JUN19-500-C,164.0,109.02,0.002,308.0,0.004,500.0,119.21,0.02012,-0.01654,0.00278,0.0004,0.011
167.72,ETH-27SEP19,1556189946820,open,0.0,174.0,0.000306,0.007176,0.002641,79.38,0.001,0.0,ETH-27SEP19-60-P,164.0,76.03,0.002,450.0,0.003,123.0,81.03,0.03494,-0.00895,-0.01066,0.00037,-0.01233
164.0,index_price,1556189946820,open,0.0,181.0,0.0,1e-06,1e-06,105.0,0.002,0,ETH-26APR19-200-C,164.0,0.0,0.0,0.0,0.001,250.0,204.94,2e-05,-0.00012,0.0,3e-05,6e-05
164.0,index_price,1556189946820,open,0.0,628.0,0.0,0.0,0.0,105.0,0.001,0,ETH-26APR19-210-C,164.0,0.0,0.0,0.0,0.001,250.0,245.82,0.0,0.0,0.0,0.0,0.0
166.03,ETH-28JUN19,1556189946824,open,0.25,1851.0,0.241095,0.326978,0.249603,66.02,0.21,0.0,ETH-28JUN19-200-P,164.0,62.8,0.245,54.0,0.254,54.0,69.03,0.24002,-0.12403,-0.27708,0.00754,-0.70401
167.72,ETH-27SEP19,1556189946831,open,0.03,255.0,0.010907,0.06347,0.030223,76.04,0.037,0.0,ETH-27SEP19-320-C,164.0,74.52,0.028,150.0,0.033,142.0,77.87,0.24942,-0.06123,0.08194,0.00275,0.14536
167.72,ETH-27SEP19,1556189946831,open,0.14,2477.0,0.129439,0.215052,0.141898,65.05,0.136,0.0,ETH-27SEP19-160-P,164.0,63.47,0.138,129.0,0.146,180.0,66.71,0.41369,-0.08687,-0.36666,0.00533,-0.37332
166.03,ETH-28JUN19,1556189946831,open,0.4,0.0,0.399257,0.425225,0.402564,73.41,None,0.0,ETH-28JUN19-100-C,164.0,0.0,0.006,5.0,0.0,0.0,0.0,0.05439,-0.03126,0.16325,0.00154,0.96442
166.03,ETH-28JUN19,1556189946833,open,0.52,0.0,0.51825,0.527363,0.519708,83.16,None,0.0,ETH-28JUN19-80-C,164.0,0.0,0.002,1.0,0.0,0.0,0.0,0.02094,-0.01363,0.1362,0.00052,0.98848
164.0,index_price,1556189946838,open,0.0,247.0,0.0,0.000825,0.0007,101.84,0.002,0,ETH-26APR19-150-P,164.0,0.0,0.0,0.0,0.002,550.0,126.69,0.00619,-0.11487,-0.00014,0.00941,-0.03486
167.72,ETH-27SEP19,1556189946840,open,0.33,77.0,0.320035,0.379196,0.329819,66.33,0.368,0.0,ETH-27SEP19-120-C,164.0,0.0,0.002,6.0,0.0,0.0,0.0,0.26677,-0.05713,0.36246,0.00337,0.83913
167.72,ETH-27SEP19,1556189946842,open,1.42,0.0,1.387641,1.418465,1.403839,83.34,None,0.0,ETH-27SEP19-400-P,164.0,0.0,0.001,9.0,0.0,0.0,0.0,0.18005,-0.04844,-1.64539,0.00181,-0.9082
167.72,ETH-27SEP19,1556189946853,open,0.31,1044.0,0.282748,0.372942,0.299223,66.5,0.242,0.0,ETH-27SEP19-200-P,164.0,64.05,0.293,45.0,0.304,45.0,68.37,0.42807,-0.0919,-0.62234,0.00539,-0.57526
167.72,ETH-27SEP19,1556189946855,open,1.3,1.0,1.269506,1.30485,1.287724,82.57,1.285,0.0,ETH-27SEP19-380-P,164.0,0.0,0.161,1.0,0.0,0.0,0.0,0.19911,-0.05307,-1.55313,0.00202,-0.89467
166.03,ETH-28JUN19,1556189946860,open,0.34,10.0,0.34176,0.379352,0.34545,68.82,0.265,0.0,ETH-28JUN19-110-C,164.0,0.0,0.002,8.0,0.0,0.0,0.0,0.08029,-0.04325,0.1734,0.00242,0.94225
166.03,ETH-28JUN19,1556189946863,open,1.19,0.0,1.168387,1.18407,1.174481,96.53,None,0.0,ETH-28JUN19-360-P,164.0,0.0,0.002,2.0,0.0,0.0,0.0,0.06372,-0.04815,-0.61925,0.00137,-0.95679
166.03,ETH-28JUN19,1556189946866,open,0.24,325.0,0.236329,0.298877,0.240914,64.86,0.268,0.0,ETH-28JUN19-130-C,164.0,0.0,0.14,50.0,0.7,1.0,455.74,0.1618,-0.08214,0.17703,0.00517,0.8502
164.0,index_price,1556189946884,open,0.0,6.0,0.0,1.4e-05,1.4e-05,105.0,0.002,0,ETH-26APR19-140-P,164.0,0.0,0.0,0.0,0.001,200.0,174.83,0.00026,-0.00227,0.0,0.00038,-0.00096
167.72,ETH-27SEP19,1556189946898,open,0.05,1669.0,0.035513,0.094675,0.045297,66.33,0.042,0.0,ETH-27SEP19-120-P,164.0,64.24,0.042,502.0,0.049,120.0,68.64,0.26677,-0.05713,-0.14672,0.00337,-0.16087
167.72,ETH-27SEP19,1556189946907,open,0.53,0.0,0.526,0.546412,0.531257,72.94,None,0.0,ETH-27SEP19-80-C,164.0,0.0,0.001,4.0,0.0,0.0,0.0,0.08694,-0.02047,0.30777,0.001,0.96372
167.72,ETH-27SEP19,1556189946914,open,0.01,217.0,0.000712,0.018507,0.013441,89.42,0.013,0.0,ETH-27SEP19-480-C,164.0,87.62,0.012,450.0,0.014,136.0,90.09,0.13855,-0.04,0.0367,0.0013,0.06502
164.0,index_price,1556189946914,open,0.05,6.0,0.040035,0.073691,0.053514,69.39,0.043,0,ETH-3MAY19-160-C,164.0,64.9,0.051,183.0,0.059,276.0,79.12,0.09206,-0.40554,0.01988,0.02286,0.61533
166.03,ETH-28JUN19,1556189946919,open,0.29,25.0,0.287035,0.337226,0.291185,66.29,0.315,0.0,ETH-28JUN19-120-C,164.0,0.0,0.01,4.0,0.0,0.0,0.0,0.11756,-0.061,0.17829,0.00368,0.90482
167.72,ETH-27SEP19,1556189946919,open,0.5,121.0,0.475945,0.556879,0.493071,68.15,0.507,0.0,ETH-27SEP19-240-P,164.0,62.97,0.482,28.0,0.505,28.0,73.48,0.36725,-0.0808,-0.86388,0.00451,-0.72081
166.03,ETH-28JUN19,1556189946935,open,0.02,1770.0,0.01932,0.081868,0.023905,64.86,0.026,0.0,ETH-28JUN19-130-P,164.0,62.88,0.022,282.0,0.026,150.0,66.98,0.1618,-0.08214,-0.05047,0.00517,-0.1498
167.72,ETH-27SEP19,1556189946940,open,0.4,508.0,0.375603,0.46226,0.392297,67.11,0.325,0.0,ETH-27SEP19-220-P,164.0,62.76,0.382,59.0,0.403,35.0,71.53,0.402,-0.08709,-0.74618,0.00502,-0.65621
167.72,ETH-27SEP19,1556189946940,open,0.14,293.0,0.126581,0.216868,0.140564,65.38,0.15,0.0,ETH-27SEP19-180-C,164.0,64.01,0.137,319.0,0.145,60.0,67.09,0.43537,-0.0919,0.26915,0.00558,0.51876
166.03,ETH-28JUN19,1556189946940,open,0.46,0.0,0.458372,0.474672,0.46008,74.68,None,0.0,ETH-28JUN19-90-C,164.0,0.0,0.002,1.0,0.0,0.0,0.0,0.02951,-0.01725,0.15189,0.00082,0.98284
164.0,index_price,1556189946940,open,0.0,368.0,0.0,3.4e-05,3.4e-05,105.0,0.001,0,ETH-26APR19-190-C,164.0,0.0,0.0,0.0,0.001,280.0,160.35,0.00058,-0.00561,1e-05,0.00085,0.00229
167.72,ETH-27SEP19,1556189946942,open,0.11,776.0,0.090284,0.180478,0.106759,66.5,0.107,0.0,ETH-27SEP19-200-C,164.0,65.42,0.104,100.0,0.112,227.0,68.55,0.42807,-0.0919,0.2263,0.00539,0.42474
167.72,ETH-27SEP19,1556189946942,open,0.01,1620.0,0.002986,0.023398,0.008242,72.94,0.011,0.0,ETH-27SEP19-80-P,164.0,70.44,0.007,150.0,0.01,138.0,76.16,0.08694,-0.02047,-0.03168,0.001,-0.03628
164.0,index_price,1556189946944,open,0.0,776.0,0.0,0.00075,0.000565,99.96,0.008,0,ETH-26APR19-180-C,164.0,0.0,0.0,0.0,0.002,500.0,128.12,0.00551,-0.09264,0.00012,0.00854,0.03027
164.0,index_price,1556189946946,open,0.16,146.0,0.158537,0.158571,0.158571,105.0,0.172,0,ETH-26APR19-190-P,164.0,0.0,0.153,50.0,0.158,50.0,0.0,0.00058,-0.03448,-0.00455,0.00085,-0.99771
166.03,ETH-28JUN19,1556189946949,open,0.31,1513.0,0.29123,0.372224,0.300901,67.66,0.232,0.0,ETH-28JUN19-210-P,164.0,58.97,0.29,46.0,0.309,46.0,73.65,0.21862,-0.1158,-0.30663,0.0067,-0.75442
164.0,index_price,1556189946949,open,0.0,10.0,0.0,0.0,0.0,105.0,0.001,0,ETH-26APR19-120-P,164.0,0.0,0.0,0.0,0.001,30.0,312.8,0.0,0.0,0.0,0.0,0.0
164.0,index_price,1556189946949,open,0.14,399.0,0.146341,0.146355,0.146355,105.0,0.147,0,ETH-26APR19-140-C,164.0,0.0,0.146,250.0,0.151,50.0,242.49,0.00026,-0.01563,0.00335,0.00038,0.99904
167.72,ETH-27SEP19,1556189946957,open,0.02,983.0,0.012906,0.052398,0.020966,68.8,0.024,0.0,ETH-27SEP19-100-P,164.0,66.8,0.019,150.0,0.023,60.0,70.78,0.16865,-0.03746,-0.07477,0.00205,-0.0841
167.72,ETH-27SEP19,1556189946963,open,1.07,0.0,1.03486,1.081068,1.053756,78.08,None,0.0,ETH-27SEP19-340-P,164.0,0.0,0.003,6.0,1.073,1.0,90.47,0.22886,-0.05769,-1.37037,0.00246,-0.87183
167.72,ETH-27SEP19,1556189946968,open,0.61,1.0,0.58179,0.655829,0.601163,70.45,0.573,0.0,ETH-27SEP19-260-P,164.0,0.0,0.014,1.0,0.645,1.0,90.44,0.33493,-0.07618,-0.97297,0.00398,-0.76601
167.72,ETH-27SEP19,1556189946968,open,0.02,874.0,0.003825,0.039169,0.022043,82.57,0.026,0.0,ETH-27SEP19-380-C,164.0,81.68,0.021,110.0,0.023,135.0,83.36,0.19911,-0.05307,0.05927,0.00202,0.10533
164.0,index_price,1556189946968,open,0.1,130.0,0.097561,0.098311,0.098126,99.96,0.101,0,ETH-26APR19-180-P,164.0,0.0,0.092,50.0,0.098,50.0,95.92,0.00551,-0.31426,-0.0042,0.00854,-0.96973
167.72,ETH-27SEP19,1556189946973,open,0.06,531.0,0.044989,0.125922,0.062115,68.15,0.064,0.0,ETH-27SEP19-240-C,164.0,67.18,0.06,263.0,0.068,141.0,70.81,0.36725,-0.0808,0.15448,0.00451,0.27919
166.03,ETH-28JUN19,1556189946973,open,0.0,1784.0,0.000443,0.016743,0.002151,74.68,0.006,0.0,ETH-28JUN19-90-P,164.0,66.59,0.001,5.0,0.004,301.0,83.19,0.02951,-0.01725,-0.00561,0.00082,-0.01716
167.72,ETH-27SEP19,1556189946975,open,0.64,0.0,0.642567,0.649437,0.644902,79.38,None,0.0,ETH-27SEP19-60-C,164.0,0.0,0.001,4.0,0.0,0.0,0.0,0.03494,-0.00895,0.24393,0.00037,0.98767
164.0,index_price,1556189947006,open,0.29,0.0,0.280488,0.280488,0.280488,105.0,None,0,ETH-26APR19-210-P,164.0,0.0,0.272,54.0,0.287,54.0,350.66,0.0,-2e-05,-0.00504,0.0,-1.0
167.72,ETH-27SEP19,1556189947008,open,0.02,102.0,0.00138,0.024787,0.015498,86.24,0.015,0.0,ETH-27SEP19-440-C,164.0,84.57,0.014,485.0,0.017,155.0,87.82,0.15542,-0.04327,0.0427,0.00151,0.07549
166.03,ETH-28JUN19,1556189947010,open,0.0,2525.0,0.001558,0.027526,0.004865,73.41,0.004,0.0,ETH-28JUN19-100-P,164.0,70.63,0.004,10.0,0.006,259.0,76.68,0.05439,-0.03126,-0.01175,0.00154,-0.03558
166.03,ETH-28JUN19,1556189947030,open,0.47,1718.0,0.454978,0.518095,0.46534,72.64,0.467,0.0,ETH-28JUN19-240-P,164.0,58.52,0.454,57.0,0.468,1.0,75.36,0.15788,-0.08977,-0.3838,0.00451,-0.85557
166.03,ETH-28JUN19,1556189947037,open,2.03,0.0,2.011504,2.014564,2.012956,105.0,None,0.0,ETH-28JUN19-500-P,164.0,0.0,0.002,2.0,0.0,0.0,0.0,0.02012,-0.01654,-0.87223,0.0004,-0.989
167.72,ETH-27SEP19,1556189947037,open,0.03,409.0,0.007672,0.05388,0.026568,78.08,0.029,0.0,ETH-27SEP19-340-C,164.0,76.15,0.024,150.0,0.029,130.0,79.83,0.22886,-0.05769,0.07231,0.00246,0.12817
164.0,index_price,1556189947039,open,0.0,20.0,0.0,0.0,0.0,105.0,0.003,0,ETH-26APR19-130-P,164.0,0.0,0.0,0.0,0.001,10.0,242.18,0.0,0.0,0.0,0.0,0.0
167.72,ETH-27SEP19,1556189947042,open,1.66,0.0,1.624799,1.648207,1.638918,86.24,None,0.0,ETH-27SEP19-440-P,164.0,0.0,0.001,1.0,0.0,0.0,0.0,0.15542,-0.04327,-1.8243,0.00151,-0.92451
167.72,ETH-27SEP19,1556189947042,open,0.04,356.0,0.022151,0.088865,0.041816,72.21,0.049,0.0,ETH-27SEP19-280-C,164.0,70.63,0.039,120.0,0.045,140.0,73.95,0.30259,-0.07054,0.11006,0.00351,0.19646
167.72,ETH-27SEP19,1556189947042,open,0.42,0.0,0.416674,0.456166,0.424734,68.8,None,0.0,ETH-27SEP19-100-C,164.0,0.0,0.001,6.0,0.0,0.0,0.0,0.16865,-0.03746,0.34955,0.00205,0.9159
164.0,index_price,1556189947044,open,0.04,324.0,0.037071,0.044083,0.039788,74.63,0.049,0,ETH-26APR19-170-P,164.0,43.6,0.037,200.0,0.04,250.0,76.34,0.02012,-0.85753,-0.00343,0.04179,-0.83265
166.03,ETH-28JUN19,1556189947046,open,0.36,1137.0,0.343967,0.419294,0.354151,69.22,0.372,0.0,ETH-28JUN19-220-P,164.0,59.04,0.343,40.0,0.362,41.0,75.59,0.1968,-0.10663,-0.33417,0.00589,-0.79595
164.0,index_price,1556189947046,open,0.03,418.0,0.015645,0.049301,0.029124,69.39,0.031,0,ETH-3MAY19-160-P,164.0,62.01,0.025,155.0,0.03,200.0,70.95,0.09206,-0.40554,-0.01464,0.02286,-0.38467
167.72,ETH-27SEP19,1556189947049,open,1.89,0.0,1.862624,1.88042,1.875354,89.42,None,0.0,ETH-27SEP19-480-P,164.0,0.0,0.001,1.0,0.0,0.0,0.0,0.13855,-0.04,-2.00002,0.0013,-0.93498
167.72,ETH-27SEP19,1556189947051,open,0.02,143.0,0.002713,0.033538,0.018911,83.34,0.02,0.0,ETH-27SEP19-400-C,164.0,81.5,0.017,22.0,0.02,110.0,84.33,0.18005,-0.04844,0.05188,0.00181,0.0918
166.03,ETH-28JUN19,1556189947054,open,0.09,2967.0,0.080956,0.169019,0.087628,64.15,0.088,0.0,ETH-28JUN19-160-P,164.0,61.89,0.084,291.0,0.09,120.0,65.62,0.26702,-0.13408,-0.13959,0.00863,-0.3928
167.72,ETH-27SEP19,1556189947058,open,0.25,157.0,0.239449,0.314654,0.2509,65.43,0.266,0.0,ETH-27SEP19-140-C,164.0,63.59,0.247,103.0,0.257,103.0,68.3,0.35583,-0.07516,0.3466,0.00456,0.73793
167.72,ETH-27SEP19,1556189947068,open,0.02,180.0,0.005409,0.045874,0.023403,79.84,0.028,0.0,ETH-27SEP19-360-C,164.0,77.87,0.021,165.0,0.026,215.0,81.86,0.20998,-0.05412,0.06406,0.0022,0.11342
167.72,ETH-27SEP19,1556189947068,open,0.22,3424.0,0.199799,0.290085,0.213781,65.38,0.211,0.0,ETH-27SEP19-180-P,164.0,63.93,0.21,119.0,0.219,150.0,67.39,0.43537,-0.0919,-0.49462,0.00558,-0.48124
166.03,ETH-28JUN19,1556189947068,open,0.0,1501.0,9.1e-05,0.009203,0.001548,83.16,0.004,0.0,ETH-28JUN19-80-P,164.0,78.18,0.001,1999.0,0.002,139.0,86.45,0.02094,-0.01363,-0.0038,0.00052,-0.01152
166.03,ETH-28JUN19,1556189947068,open,0.71,0.0,0.688643,0.72966,0.698008,80.98,None,0.0,ETH-28JUN19-280-P,164.0,0.0,0.004,12.0,0.0,0.0,0.0,0.1079,-0.0684,-0.46872,0.00276,-0.91518
164.0,index_price,1556189947068,open,0.23,50.0,0.219512,0.219513,0.219513,105.0,0.202,0,ETH-26APR19-200-P,164.0,0.0,0.211,69.0,0.226,69.0,298.5,2e-05,-0.00124,-0.0048,3e-05,-0.99994
166.03,ETH-28JUN19,1556189947070,open,0.59,0.0,0.570588,0.621936,0.580654,76.72,None,0.0,ETH-28JUN19-260-P,164.0,0.0,0.002,15.0,0.0,0.0,0.0,0.12891,-0.07741,-0.42788,0.00348,-0.89197
167.72,ETH-27SEP19,1556189947072,open,0.09,1913.0,0.074173,0.149378,0.085624,65.43,0.091,0.0,ETH-27SEP19-140-P,164.0,63.72,0.082,333.0,0.089,120.0,67.02,0.35583,-0.07516,-0.24745,0.00456,-0.26207
167.72,ETH-27SEP19,1556189947072,open,0.19,121.0,0.175468,0.261081,0.187927,65.05,0.19,0.0,ETH-27SEP19-160-C,164.0,63.45,0.184,129.0,0.192,60.0,66.7,0.41369,-0.08687,0.31224,0.00533,0.62668
166.03,ETH-28JUN19,1556189947074,open,0.95,0.0,0.927847,0.953333,0.935071,88.39,None,0.0,ETH-28JUN19-320-P,164.0,0.0,0.002,15.0,0.0,0.0,0.0,0.07831,-0.05418,-0.54599,0.00184,-0.94405
164.0,index_price,1556189947076,open,0.08,155.0,0.085366,0.086191,0.086066,101.84,0.076,0,ETH-26APR19-150-C,164.0,100.04,0.086,50.0,0.09,50.0,158.7,0.00619,-0.35977,0.00346,0.00941,0.96514
166.03,ETH-28JUN19,1556189947090,open,1.43,0.0,1.409225,1.418923,1.41356,100.89,None,0.0,ETH-28JUN19-400-P,164.0,0.0,0.002,2.0,0.0,0.0,0.0,0.04801,-0.03791,-0.69239,0.00099,-0.96943
167.72,ETH-27SEP19,1556189947090,open,0.04,492.0,0.015535,0.074988,0.034997,73.99,0.035,0.0,ETH-27SEP19-300-C,164.0,72.12,0.032,120.0,0.038,141.0,75.8,0.27349,-0.06533,0.09405,0.0031,0.16716
164.0,index_price,1556189947205,open,0.02,699.0,0.012425,0.04599,0.025637,69.39,0.028,0,ETH-3MAY19-170-C,164.0,66.45,0.024,120.0,0.028,178.0,73.59,0.09183,-0.40453,0.01259,0.02281,0.38148
164.0,index_price,1556189947210,open,0.0,581.0,3e-06,0.001442,0.001874,104.33,0.001,0,ETH-3MAY19-220-C,164.0,94.61,0.001,200.0,0.003,250.0,113.33,0.01768,-0.11708,0.0011,0.00292,0.03287
5457.49,index_price,1556189947275,open,0.03,163.9,0.01983862,0.06082198,0.02930215,56.2,0.0275,0,BTC-3MAY19-5500-C,5457.49,53.12,0.0275,8.7,0.0295,0.3,56.53,3.19372,-11.39437,0.52953,0.00088,0.47898
164.0,index_price,1556189947325,open,0.06,81.0,0.049011,0.082575,0.062222,69.39,0.055,0,ETH-3MAY19-170-P,164.0,61.79,0.058,167.0,0.062,123.0,68.99,0.09183,-0.40453,-0.02409,0.02281,-0.61852
164.0,index_price,1556189947456,open,0.01,998.0,0.002492,0.027054,0.012367,74.0,0.013,0,ETH-3MAY19-180-C,164.0,70.72,0.011,109.0,0.014,156.0,77.77,0.06967,-0.32729,0.00704,0.01622,0.21125
164.0,index_price,1556189947480,open,0.35,0.0,0.341467,0.342905,0.343337,104.33,None,0,ETH-3MAY19-220-P,164.0,0.0,0.333,44.0,0.349,44.0,137.35,0.01768,-0.11708,-0.04637,0.00292,-0.96713
5457.49,index_price,1556189947563,open,0.01,135.6,0.00618313,0.04273167,0.01474014,58.6,0.0135,0,BTC-3MAY19-5750-C,5457.49,55.08,0.013,12.0,0.0155,31.6,60.12,2.72873,-10.15255,0.32009,0.00072,0.28656
164.0,index_price,1556189947724,open,0.01,552.0,0.000322,0.015055,0.006325,79.88,0.008,0,ETH-3MAY19-190-C,164.0,75.02,0.005,159.0,0.008,420.0,85.42,0.04703,-0.2385,0.00388,0.01015,0.11594
166.03,ETH-28JUN19,1556189947734,open,0.12,1073.0,0.117275,0.205338,0.123947,64.15,0.128,0.0,ETH-28JUN19-160-C,164.0,61.69,0.12,134.0,0.127,90.0,66.05,0.26702,-0.13408,0.14041,0.00863,0.6072
166.03,ETH-28JUN19,1556189947756,open,0.07,2360.0,0.067316,0.158747,0.074643,64.46,0.078,0.0,ETH-28JUN19-180-C,164.0,62.25,0.071,331.0,0.078,90.0,66.5,0.27335,-0.13793,0.10458,0.00879,0.43457
166.03,ETH-28JUN19,1556189947770,open,0.09,1345.0,0.089556,0.180634,0.096474,64.15,0.099,0.0,ETH-28JUN19-170-C,164.0,62.07,0.093,140.0,0.1,90.0,66.26,0.27679,-0.13899,0.12259,0.00894,0.51839
166.03,ETH-28JUN19,1556189947776,open,0.09,1345.0,0.089556,0.180634,0.096474,64.15,0.099,0.0,ETH-28JUN19-170-C,164.0,62.07,0.093,316.0,0.1,90.0,66.26,0.27679,-0.13899,0.12259,0.00894,0.51839
166.03,ETH-28JUN19,1556189947796,open,0.01,310.0,0.000484,0.025971,0.007708,88.39,0.008,0.0,ETH-28JUN19-320-C,164.0,84.5,0.006,450.0,0.009,162.0,91.0,0.07831,-0.05418,0.01402,0.00184,0.05595
166.03,ETH-28JUN19,1556189947803,open,0.04,3254.0,0.033947,0.10745,0.039027,64.15,0.036,0.0,ETH-28JUN19-140-P,164.0,61.69,0.036,364.0,0.041,120.0,65.73,0.20606,-0.10347,-0.07548,0.00666,-0.22076
166.03,ETH-28JUN19,1556189947830,open,0.01,220.0,0.000104,0.015788,0.006198,96.53,0.008,0.0,ETH-28JUN19-360-C,164.0,93.2,0.005,305.0,0.007,185.0,98.55,0.06372,-0.04815,0.01075,0.00137,0.04321
5457.49,index_price,1556189947840,open,0.01,166.0,0.00138837,0.02915746,0.00637921,59.2,0.0055,0,BTC-3MAY19-6000-C,5457.49,56.53,0.0055,10.4,0.007,30.0,61.0,1.8499,-6.95248,0.16641,0.00049,0.1477
5457.49,index_price,1556189947844,open,0.1,15.6,0.10673223,0.10717956,0.10688248,98.64,0.0785,0,BTC-26APR19-4875-C,5457.49,0.0,0.1,3.0,0.112,3.0,195.16,0.06579,-3.70525,0.11574,9e-05,0.99087
166.03,ETH-28JUN19,1556189947851,open,0.04,1934.0,0.036494,0.122377,0.045002,66.02,0.045,0.0,ETH-28JUN19-200-C,164.0,64.62,0.043,248.0,0.049,126.0,68.76,0.24002,-0.12403,0.07293,0.00754,0.29599
164.0,index_price,1556189947852,open,0.17,931.0,0.158859,0.173592,0.164862,79.88,0.182,0,ETH-3MAY19-190-P,164.0,0.0,0.155,237.0,0.165,50.0,80.36,0.04703,-0.2385,-0.03712,0.01015,-0.88406
166.03,ETH-28JUN19,1556189947855,open,0.01,1946.0,0.004606,0.055954,0.014671,76.72,0.014,0.0,ETH-28JUN19-260-C,164.0,73.11,0.012,567.0,0.017,289.0,79.61,0.12891,-0.07741,0.02712,0.00348,0.10803
166.03,ETH-28JUN19,1556189947878,open,0.19,339.0,0.190725,0.264229,0.195806,64.15,0.205,0.0,ETH-28JUN19-140-C,164.0,61.87,0.193,106.0,0.199,109.0,66.7,0.20606,-0.10347,0.16952,0.00666,0.77924
166.03,ETH-28JUN19,1556189947883,open,0.19,339.0,0.190725,0.264229,0.195806,64.15,0.205,0.0,ETH-28JUN19-140-C,164.0,61.87,0.193,106.0,0.2,162.0,67.5,0.20606,-0.10347,0.16952,0.00666,0.77924
166.03,ETH-28JUN19,1556189947896,open,0.15,372.0,0.150949,0.23312,0.156994,64.15,0.162,0.0,ETH-28JUN19-150-C,164.0,61.41,0.153,129.0,0.16,198.0,66.2,0.24298,-0.12201,0.15657,0.00785,0.69586
166.03,ETH-28JUN19,1556189947902,open,0.15,372.0,0.150949,0.23312,0.156994,64.15,0.162,0.0,ETH-28JUN19-150-C,164.0,61.41,0.153,129.0,0.16,90.0,66.2,0.24298,-0.12201,0.15657,0.00785,0.69586
167.72,ETH-27SEP19,1556189947911,open,0.14,293.0,0.126581,0.216868,0.140564,65.38,0.15,0.0,ETH-27SEP19-180-C,164.0,64.01,0.137,318.0,0.145,60.0,67.09,0.43537,-0.0919,0.26915,0.00558,0.51876
167.72,ETH-27SEP19,1556189947923,open,0.04,356.0,0.022151,0.088865,0.041816,72.21,0.049,0.0,ETH-27SEP19-280-C,164.0,70.63,0.039,120.0,0.045,137.0,73.95,0.30259,-0.07054,0.11006,0.00351,0.19646
166.03,ETH-28JUN19,1556189947931,open,0.12,5279.0,0.113467,0.204545,0.120386,64.15,0.118,0.0,ETH-28JUN19-170-P,164.0,62.12,0.117,130.0,0.124,90.0,66.32,0.27679,-0.13899,-0.17491,0.00894,-0.48161
167.72,ETH-27SEP19,1556189947956,open,0.02,102.0,0.00138,0.024787,0.015498,86.24,0.015,0.0,ETH-27SEP19-440-C,164.0,84.57,0.014,485.0,0.017,154.0,87.82,0.15542,-0.04327,0.0427,0.00151,0.07549
166.03,ETH-28JUN19,1556189947961,open,0.04,595.0,0.026398,0.107392,0.03607,67.66,0.039,0.0,ETH-28JUN19-210-C,164.0,66.08,0.034,386.0,0.038,107.0,69.12,0.21862,-0.1158,0.06088,0.0067,0.24558
167.72,ETH-27SEP19,1556189947965,open,0.02,143.0,0.002713,0.033538,0.018911,83.34,0.02,0.0,ETH-27SEP19-400-C,164.0,81.5,0.017,22.0,0.02,109.0,84.33,0.18005,-0.04844,0.05188,0.00181,0.0918
167.72,ETH-27SEP19,1556189947969,open,0.19,121.0,0.175468,0.261081,0.187927,65.05,0.19,0.0,ETH-27SEP19-160-C,164.0,63.45,0.184,128.0,0.192,60.0,66.7,0.41369,-0.08687,0.31224,0.00533,0.62668
164.0,index_price,1556189947980,open,0.0,611.0,2.8e-05,0.007961,0.004035,88.91,0.006,0,ETH-3MAY19-200-C,164.0,83.43,0.003,174.0,0.005,189.0,93.39,0.03338,-0.18841,0.00244,0.00647,0.07293
167.72,ETH-27SEP19,1556189947979,open,0.03,409.0,0.007672,0.05388,0.026568,78.08,0.029,0.0,ETH-27SEP19-340-C,164.0,76.15,0.024,150.0,0.029,128.0,79.83,0.22886,-0.05769,0.07231,0.00246,0.12817
5457.49,index_price,1556189947982,open,0.11,0.5,0.10079487,0.12856396,0.10578568,59.2,0.097,0,BTC-3MAY19-6000-P,5457.49,41.18,0.101,2.0,0.1135,2.0,78.79,1.8499,-6.95245,-1.12822,0.00049,-0.85231
166.03,ETH-28JUN19,1556189947984,open,0.16,4460.0,0.151458,0.242888,0.158784,64.46,0.174,0.0,ETH-28JUN19-180-P,164.0,62.16,0.155,125.0,0.162,90.0,66.41,0.27335,-0.13793,-0.21042,0.00879,-0.56543
166.03,ETH-28JUN19,1556189947995,open,0.02,1019.0,0.009456,0.072573,0.019819,72.64,0.024,0.0,ETH-28JUN19-240-C,164.0,70.69,0.018,450.0,0.021,108.0,73.87,0.15788,-0.08977,0.03621,0.00451,0.14443
166.03,ETH-28JUN19,1556189948000,open,0.09,2967.0,0.080956,0.169019,0.087628,64.15,0.088,0.0,ETH-28JUN19-160-P,164.0,61.89,0.084,283.0,0.09,120.0,65.62,0.26702,-0.13408,-0.13959,0.00863,-0.3928
166.03,ETH-28JUN19,1556189948015,open,0.06,595.0,0.049882,0.139414,0.058017,65.25,0.062,0.0,ETH-28JUN19-190-C,164.0,63.31,0.055,227.0,0.062,256.0,67.78,0.25993,-0.13276,0.08784,0.00826,0.36033
166.03,ETH-28JUN19,1556189948034,open,0.06,3788.0,0.0544,0.136572,0.060446,64.15,0.059,0.0,ETH-28JUN19-150-P,164.0,61.79,0.057,315.0,0.062,120.0,65.21,0.24298,-0.12201,-0.10593,0.00785,-0.30414
166.03,ETH-28JUN19,1556189948043,open,0.21,2136.0,0.194254,0.283785,0.202388,65.25,0.219,0.0,ETH-28JUN19-190-P,164.0,62.43,0.198,125.0,0.206,127.0,67.55,0.25993,-0.13276,-0.24467,0.00826,-0.63967
166.03,ETH-28JUN19,1556189948047,open,0.21,2136.0,0.194254,0.283785,0.202388,65.25,0.219,0.0,ETH-28JUN19-190-P,164.0,62.43,0.198,125.0,0.206,129.0,67.55,0.25993,-0.13276,-0.24467,0.00826,-0.63967
167.72,ETH-27SEP19,1556189948056,open,0.02,180.0,0.005409,0.045874,0.023404,79.84,0.028,0.0,ETH-27SEP19-360-C,164.0,77.87,0.021,165.0,0.026,213.0,81.86,0.20998,-0.05412,0.06406,0.0022,0.11342
167.72,ETH-27SEP19,1556189948069,open,0.02,874.0,0.003825,0.039169,0.022043,82.57,0.026,0.0,ETH-27SEP19-380-C,164.0,81.68,0.021,110.0,0.023,133.0,83.36,0.19911,-0.05307,0.05927,0.00202,0.10533
166.03,ETH-28JUN19,1556189948079,open,0.01,994.0,0.001037,0.033458,0.0101,86.19,0.01,0.0,ETH-28JUN19-300-C,164.0,84.21,0.009,295.0,0.011,159.0,87.72,0.09536,-0.06433,0.018,0.00229,0.07206
167.72,ETH-27SEP19,1556189948085,open,0.09,1913.0,0.074173,0.149378,0.085624,65.43,0.091,0.0,ETH-27SEP19-140-P,164.0,63.72,0.082,328.0,0.089,120.0,67.02,0.35583,-0.07516,-0.24745,0.00456,-0.26207
164.0,index_price,1556189948108,open,0.23,50.0,0.21954,0.227473,0.223547,88.91,0.206,0,ETH-3MAY19-200-P,164.0,0.0,0.214,69.0,0.228,69.0,106.84,0.03338,-0.18841,-0.04072,0.00647,-0.92707
167.72,ETH-27SEP19,1556189948109,open,0.06,531.0,0.044989,0.125922,0.062115,68.15,0.064,0.0,ETH-27SEP19-240-C,164.0,67.18,0.06,263.0,0.068,137.0,70.81,0.36725,-0.0808,0.15448,0.00451,0.27919
166.03,ETH-28JUN19,1556189948123,open,0.01,1315.0,0.002201,0.043218,0.011565,80.98,0.02,0.0,ETH-28JUN19-280-C,164.0,78.48,0.01,150.0,0.013,113.0,83.12,0.1079,-0.0684,0.02128,0.00276,0.08482
167.72,ETH-27SEP19,1556189948134,open,0.04,492.0,0.015535,0.074988,0.034997,73.99,0.035,0.0,ETH-27SEP19-300-C,164.0,72.12,0.032,120.0,0.038,139.0,75.8,0.27349,-0.06533,0.09405,0.0031,0.16716
166.03,ETH-28JUN19,1556189948145,open,0.01,895.0,0.009796,0.059987,0.013946,66.29,0.014,0.0,ETH-28JUN19-120-P,164.0,63.45,0.012,550.0,0.016,256.0,69.11,0.11756,-0.061,-0.03171,0.00368,-0.09518
166.03,ETH-28JUN19,1556189948156,open,0.03,506.0,0.018905,0.094233,0.02909,69.22,0.031,0.0,ETH-28JUN19-220-C,164.0,67.43,0.027,401.0,0.031,129.0,70.81,0.1968,-0.10663,0.05084,0.00589,0.20405
167.72,ETH-27SEP19,1556189948170,open,0.05,632.0,0.031587,0.105626,0.050961,70.45,0.051,0.0,ETH-27SEP19-260-C,164.0,68.96,0.048,120.0,0.054,118.0,71.96,0.33493,-0.07618,0.13026,0.00398,0.23399
167.72,ETH-27SEP19,1556189948178,open,0.14,2477.0,0.129439,0.215052,0.141898,65.05,0.136,0.0,ETH-27SEP19-160-P,164.0,63.47,0.138,123.0,0.146,180.0,66.71,0.41369,-0.08687,-0.36666,0.00533,-0.37332
167.72,ETH-27SEP19,1556189948188,open,0.05,1669.0,0.035513,0.094675,0.045297,66.33,0.042,0.0,ETH-27SEP19-120-P,164.0,64.24,0.042,499.0,0.049,120.0,68.64,0.26677,-0.05713,-0.14672,0.00337,-0.16087
167.72,ETH-27SEP19,1556189948202,open,0.01,217.0,0.000712,0.018507,0.013441,89.42,0.013,0.0,ETH-27SEP19-480-C,164.0,87.62,0.012,450.0,0.014,134.0,90.09,0.13855,-0.04,0.0367,0.0013,0.06502
167.72,ETH-27SEP19,1556189948206,open,0.11,776.0,0.090284,0.180478,0.106759,66.5,0.107,0.0,ETH-27SEP19-200-C,164.0,65.42,0.104,100.0,0.112,221.0,68.55,0.42807,-0.0919,0.2263,0.00539,0.42474
167.72,ETH-27SEP19,1556189948213,open,0.03,255.0,0.010907,0.06347,0.030224,76.04,0.037,0.0,ETH-27SEP19-320-C,164.0,74.52,0.028,150.0,0.033,140.0,77.87,0.24942,-0.06123,0.08194,0.00275,0.14536
5457.49,index_price,1556189948233,open,0.06,60.6,0.06096223,0.06455185,0.0615672,75.23,0.0595,0,BTC-26APR19-5125-C,5457.49,0.0,0.06,6.0,0.062,15.0,83.66,0.24115,-10.35811,0.11733,0.00045,0.95768
164.0,index_price,1556189948241,open,0.0,301.0,2e-06,0.004019,0.0023,94.15,0.005,0,ETH-3MAY19-210-C,164.0,91.82,0.002,184.0,0.004,250.0,104.9,0.02195,-0.13122,0.00144,0.00402,0.04285
167.72,ETH-27SEP19,1556189948236,open,0.02,143.0,0.002713,0.033538,0.018911,83.34,0.02,0.0,ETH-27SEP19-400-C,164.0,81.5,0.017,22.0,0.02,108.0,84.33,0.18005,-0.04844,0.05188,0.00181,0.0918
167.72,ETH-27SEP19,1556189948243,open,0.19,121.0,0.175468,0.261081,0.187927,65.05,0.19,0.0,ETH-27SEP19-160-C,164.0,63.45,0.184,127.0,0.192,60.0,66.7,0.41369,-0.08687,0.31224,0.00533,0.62668
167.72,ETH-27SEP19,1556189948248,open,0.09,1913.0,0.074173,0.149378,0.085624,65.43,0.091,0.0,ETH-27SEP19-140-P,164.0,63.72,0.082,217.0,0.089,120.0,67.02,0.35583,-0.07516,-0.24745,0.00456,-0.26207
5457.49,index_price,1556189948368,open,0.0,248.9,3.862e-05,0.00362824,0.00064359,75.23,0.001,0,BTC-26APR19-5125-P,5457.49,71.74,0.0005,24.9,0.001,11.4,82.33,0.24115,-3.51236,-0.00563,0.00045,-0.04232
164.0,index_price,1556189948375,open,0.29,0.0,0.280489,0.284507,0.282788,94.15,None,0,ETH-3MAY19-210-P,164.0,0.0,0.273,54.0,0.288,54.0,121.05,0.02195,-0.13122,-0.04388,0.00402,-0.95715
5423.51,BTC-28JUN19,1556189948729,open,0.04,421.9,0.01840483,0.06744532,0.03783188,60.1,0.037,0.0,BTC-28JUN19-6500-C,5457.49,59.14,0.0365,15.0,0.039,20.0,60.93,7.58548,-3.5686,2.26157,0.00025,0.27611
5423.51,BTC-28JUN19,1556189948848,open,0.0,780.7,0.0,2.08e-06,0.00019624,100.0,0.0005,0.0,BTC-28JUN19-20000-C,5457.49,0.0,0.0,0.0,0.001,19.2,116.02,0.13106,-0.10259,0.01527,0.0,0.00181
5432.37,BTC-27SEP19,1556189948848,open,1.8,0.0,1.76267658,1.82810613,1.78394592,76.71,None,0.0,BTC-27DEC19-15000-P,5457.49,0.0,0.0,0.0,0.0,0.0,0.0,7.65621,-1.1943,-98.32408,5e-05,-0.90293
5432.37,BTC-27SEP19,1556189948850,open,1.26,0.1,1.21509401,1.3118809,1.24391756,71.69,0.001,0.0,BTC-27DEC19-12000-P,5457.49,0.0,0.0005,0.2,0.0,0.0,0.0,10.22084,-1.49011,-76.76258,7e-05,-0.85375
5457.49,index_price,1556189948856,open,0.54,0.2,0.54191396,0.54191396,0.54191396,125.0,0.52,0,BTC-26APR19-2500-C,5457.49,0.0,0.536,3.0,0.5475,3.0,500.0,0.0,0.0,0.05998,0.0,1.0
5432.37,BTC-27SEP19,1556189948856,open,0.03,60.6,0.0061134,0.10290029,0.03492475,71.69,0.0365,0.0,BTC-27DEC19-12000-C,5457.49,70.65,0.033,10.1,0.0365,4.9,72.52,10.21924,-1.48974,4.07247,7e-05,0.14621
5432.37,BTC-27SEP19,1556189948858,open,0.22,12.5,0.20294567,0.26166407,0.21912637,61.23,0.226,0.0,BTC-27SEP19-4750-C,5457.49,56.27,0.208,3.0,0.2255,3.0,64.05,12.22825,-2.41708,11.17686,0.00016,0.70401
5457.49,index_price,1556189948858,open,0.01,837.3,0.00640165,0.01306709,0.00769296,56.88,0.005,0,BTC-26APR19-5500-C,5457.49,50.53,0.0065,5.0,0.008,10.4,58.51,1.02975,-33.44354,0.0508,0.00253,0.39567
5457.49,index_price,1556189948858,open,0.12,76.7,0.11084243,0.14886526,0.11871019,57.55,0.119,0,BTC-31MAY19-5000-C,5457.49,54.03,0.115,5.8,0.1195,4.9,58.3,5.78431,-4.63962,3.21202,0.00034,0.7175
5432.37,BTC-27SEP19,1556189948858,open,0.11,30.9,0.0754563,0.23632902,0.11509593,62.75,0.119,0.0,BTC-27DEC19-7000-C,5457.49,62.88,0.1155,20.0,0.12,10.0,64.29,17.30397,-2.20818,10.68957,0.00014,0.40721
5457.49,index_price,1556189948858,open,0.27,0.1,0.26825497,0.28070198,0.27228762,66.21,0.239,0,BTC-31MAY19-4000-C,5457.49,0.0,0.262,3.0,0.2765,3.0,76.6,1.89598,-1.74949,3.60997,0.0001,0.94527
5457.49,index_price,1556189948858,open,0.0,370.1,0.0,4.33e-06,3.094e-05,100.0,0.0005,0,BTC-26APR19-4750-P,5457.49,0.0,0.0,0.0,0.0005,31.9,139.66,0.0179,-0.16883,-0.00028,3e-05,-0.00212
