underlying_price,underlying_index,timestamp,state,settlement_price,open_interest,min_price,max_price,mark_price,mark_iv,last_price,interest_rate,instrument_name,index_price,bid_iv,best_bid_price,best_bid_amount,best_ask_price,best_ask_amount,ask_iv,vega,theta,rho,gamma,delta
11742.36,BTC-27SEP19,1562151539373,open,0.01,91.0,0.0005,0.054,0.01404801,111.37,0.014,0.0,BTC-27SEP19-30000-C,11384.78,108.12,0.012,32.0,0.0155,15.0,113.5,7.75537,-5.02889,1.58127,2e-05,0.07129
11964.16,BTC-27DEC19,1562151539434,open,0.0,88.9,0.0005,0.041,0.0012405,113.59,0.003,0.0,BTC-27DEC19-2000-P,11381.64,0.0,0.0,0.0,0.0025,13.0,125.7,0.97248,-0.31227,-0.3001,0.0,-0.00394
11742.11,BTC-27SEP19,1562151539434,open,0.03,256.7,0.0005,0.0685,0.02862564,107.68,0.025,0.0,BTC-27SEP19-24000-C,11381.64,104.61,0.0255,41.5,0.031,19.5,109.9,12.30406,-7.71372,2.91152,4e-05,0.13402
11742.11,BTC-27SEP19,1562151539434,open,0.64,0.2,0.6015,0.681,0.64101154,107.42,0.26,0.0,BTC-27SEP19-4250-C,11381.64,0.0,0.005,0.1,0.7455,5.0,298.85,1.97204,-1.23336,9.54409,1e-05,0.98648
11742.11,BTC-27SEP19,1562151539434,open,0.5,714.8,0.463,0.5425,0.50250741,101.15,0.556,0.0,BTC-27SEP19-6000-C,11381.64,0.0,0.005,1.0,0.898,3.0,500.0,6.17848,-3.63856,12.27198,2e-05,0.94672
11964.16,BTC-27DEC19,1562151539434,open,2.41,0.0,2.24,2.5095,2.37494539,109.27,None,0.0,BTC-27DEC19-40000-P,11381.64,0.0,0.0005,3.0,0.0,0.0,0.0,16.04906,-4.95744,-189.07023,2e-05,-0.88617
11964.16,BTC-27DEC19,1562151539435,open,0.53,122.6,0.495,0.5745,0.53463767,96.37,0.56,0.0,BTC-27DEC19-6000-C,11381.64,0.0,0.05,1.0,0.58,0.1,132.99,13.10258,-3.5694,21.97979,2e-05,0.91375
11961.02,BTC-27DEC19,1562151539436,open,0.37,139.7,0.334,0.4135,0.37354029,96.42,0.319,0.0,BTC-27DEC19-9000-C,11381.64,85.05,0.35,5.0,0.378,5.0,98.57,24.8974,-6.78646,23.33783,4e-05,0.77618
11742.11,BTC-27SEP19,1562151539435,open,0.0,122.0,0.0005,0.0415,0.00189556,111.77,0.002,0.0,BTC-27SEP19-3750-P,11381.64,0.0,0.0,0.0,0.0035,15.0,123.12,1.34899,-0.87784,-0.29376,0.0,-0.00874
11961.02,BTC-27DEC19,1562151539436,open,3.08,0.0,2.8735,3.196,3.03471501,111.69,None,0.0,BTC-27DEC19-48000-P,11381.64,0.0,0.0,0.0,0.0,0.0,0.0,12.49426,-3.94484,-229.16578,2e-05,-0.91901
11961.02,BTC-27DEC19,1562151539436,open,0.14,237.7,0.0995,0.179,0.13933385,98.86,0.145,0.0,BTC-27DEC19-18000-C,11381.64,97.25,0.135,6.4,0.1435,5.0,100.41,32.197,-8.99788,15.1881,5e-05,0.40137
11738.97,BTC-27SEP19,1562151539436,open,0.57,793.2,0.5405,0.62,0.58024866,104.62,0.5945,0.0,BTC-27SEP19-5000-C,11381.64,0.0,0.051,1.0,0.7155,5.0,298.75,3.49012,-2.12605,10.86222,1e-05,0.97354
11961.02,BTC-27DEC19,1562151539436,open,2.08,1.3,1.9265,2.17,2.04840655,107.57,2.889,0.0,BTC-27DEC19-36000-P,11381.64,0.0,0.0005,1.0,0.0,0.0,0.0,18.19876,-5.53406,-168.79057,2e-05,-0.86368
11961.02,BTC-27DEC19,1562151539436,open,3.41,0.0,3.1915,3.5405,3.36602351,113.03,None,0.0,BTC-27DEC19-52000-P,11381.64,0.0,0.0,0.0,0.0,0.0,0.0,11.20266,-3.57933,-248.99534,1e-05,-0.92981
11961.02,BTC-27DEC19,1562151539436,open,0.8,3.6,0.7165,0.859,0.78778809,99.75,0.7375,0.0,BTC-27DEC19-20000-P,11381.64,0.0,0.004,5.0,1.5665,0.2,499.2,30.74724,-8.67018,-83.50444,4e-05,-0.65289
11738.97,BTC-27SEP19,1562151539437,open,0.77,0.0,0.6825,0.822,0.75234448,104.27,None,0.0,BTC-27SEP19-20000-P,11381.64,0.0,0.0045,10.0,1.413,0.2,499.3,16.48787,-10.01024,-42.55109,5e-05,-0.7883
11961.02,BTC-27DEC19,1562151539437,open,1.59,0.2,1.4605,1.665,1.56296071,104.89,2.2245,0.0,BTC-27DEC19-30000-P,11381.64,0.0,0.0,0.0,0.0,0.0,0.0,22.26973,-6.60324,-137.79706,3e-05,-0.81441
11738.97,BTC-27SEP19,1562151539437,open,0.02,60.7,0.0005,0.062,0.02238335,109.12,0.019,0.0,BTC-27SEP19-26000-C,11381.64,106.39,0.02,36.5,0.0245,19.5,111.42,10.55927,-6.70842,2.36181,3e-05,0.1079
11961.02,BTC-27DEC19,1562151539437,open,1.43,0.1,1.3075,1.4995,1.40359027,104.02,2.02,0.0,BTC-27DEC19-28000-P,11381.64,0.0,0.0,0.0,0.0,0.0,0.0,23.87682,-7.02073,-127.24802,3e-05,-0.79178
11738.97,BTC-27SEP19,1562151539437,open,1.27,0.0,1.1475,1.326,1.23658901,108.4,None,0.0,BTC-27SEP19-26000-P,11381.64,0.0,0.0,0.0,0.0,0.0,0.0,10.40725,-6.56845,-58.85155,3e-05,-0.89425
11961.02,BTC-27DEC19,1562151539438,open,1.11,0.0,1.0065,1.173,1.08959237,101.8,None,0.0,BTC-27DEC19-24000-P,11381.64,0.0,0.0055,1.0,1.892,0.2,499.69,27.26596,-7.84634,-105.7643,4e-05,-0.73513
11961.02,BTC-27DEC19,1562151539438,open,0.05,48.2,0.0095,0.089,0.04907298,106.17,0.0345,0.0,BTC-27DEC19-32000-C,11381.64,104.68,0.0465,6.4,0.051,10.0,107.27,20.91443,-6.27717,6.896,3e-05,0.16805
11961.02,BTC-27DEC19,1562151539438,open,0.02,168.3,0.0005,0.0595,0.01976368,114.28,0.018,0.0,BTC-27DEC19-52000-C,11381.64,111.87,0.0175,8.0,0.0215,10.0,116.02,11.61706,-3.75289,3.11998,1e-05,0.07359
11738.97,BTC-27SEP19,1562151539438,open,1.43,0.0,1.3065,1.498,1.4022826,109.55,None,0.0,BTC-27SEP19-28000-P,11381.64,0.0,0.0,0.0,0.0,0.0,0.0,8.88477,-5.66718,-63.99232,3e-05,-0.91469
11738.97,BTC-27SEP19,1562151539438,open,0.74,225.7,0.706,0.7855,0.74587694,127.39,0.693,0.0,BTC-27SEP19-3000-C,11381.64,0.0,0.0045,20.0,0.9315,5.0,500.0,0.95662,-0.70953,6.85512,0.0,0.99408
11421.69,SYN.BTC-12JUL19,1562151539436,open,0.01,249.4,0.0005,0.046,0.00615876,116.84,0.0045,0.0,BTC-12JUL19-15000-C,11381.64,111.57,0.005,40.0,0.007,5.0,120.35,2.64908,-17.4359,0.20522,7e-05,0.08005
11738.97,BTC-27SEP19,1562151539439,open,0.0,290.5,0.0005,0.0435,0.00346801,104.55,0.0045,0.0,BTC-27SEP19-4500-P,11381.64,91.74,0.0015,19.5,0.0055,15.0,113.62,2.27975,-1.38776,-0.53782,1e-05,-0.016
11479.92,SYN.BTC-26JUL19,1562151539435,open,0.59,0.0,0.514,0.6395,0.57678494,114.3,None,0.0,BTC-26JUL19-18000-P,11381.64,0.0,0.0,0.0,0.0,0.0,0.0,4.13148,-10.3215,-10.79404,4e-05,-0.92347
11421.69,SYN.BTC-12JUL19,1562151539437,open,0.25,0.0,0.219,0.2985,0.25886099,113.95,None,0.0,BTC-12JUL19-8500-C,11381.64,0.0,0.0005,0.1,0.0,0.0,0.0,1.53237,-9.83624,1.94757,4e-05,0.96008
11392.58,SYN.BTC-5JUL19,1562151539434,open,0.0,850.2,0.0005,0.04,0.00015108,129.98,0.0005,0.0,BTC-5JUL19-9000-P,11381.64,0.0,0.0,0.0,0.0005,0.3,150.99,0.11788,-1.72114,-0.00301,1e-05,-0.00499
11479.92,SYN.BTC-26JUL19,1562151539435,open,0.0,125.0,0.0005,0.0425,0.00293006,117.67,0.002,0.0,BTC-26JUL19-21000-C,11381.64,111.27,0.002,10.0,0.004,15.0,123.59,1.87589,-4.82479,0.18423,2e-05,0.02854
11961.02,BTC-27DEC19,1562151539440,open,1.27,0.0,1.1555,1.335,1.24525118,102.8,None,0.0,BTC-27DEC19-26000-P,11381.64,0.0,0.004,10.0,2.055,0.2,499.76,25.49895,-7.40974,-116.60283,4e-05,-0.76646
11392.58,SYN.BTC-5JUL19,1562151539436,open,0.29,0.0,0.258,0.3375,0.29781569,159.86,None,0.0,BTC-5JUL19-8000-C,11381.64,0.0,0.03,1.0,0.0,0.0,0.0,0.02339,-0.99661,0.4106,0.0,0.99916
11392.58,SYN.BTC-5JUL19,1562151539434,open,0.0,164.7,0.0005,0.04,2.1e-07,130.01,0.0005,0.0,BTC-5JUL19-17000-C,11381.64,0.0,0.0,0.0,0.0005,22.0,229.85,0.00039,-0.00241,1e-05,0.0,1e-05
11392.58,SYN.BTC-5JUL19,1562151539436,open,0.2,28.3,0.139,0.2335,0.18631096,129.28,0.39,0.0,BTC-5JUL19-13500-P,11381.64,0.0,0.1785,5.0,0.224,5.0,344.26,0.66232,-22.82536,-0.67279,8e-05,-0.96287
11479.92,SYN.BTC-26JUL19,1562151539436,open,0.1,196.5,0.0635,0.143,0.1032843,104.49,0.0875,0.0,BTC-26JUL19-11500-C,11381.64,102.69,0.1015,25.2,0.108,5.0,109.25,11.37744,-25.98562,3.20965,0.00013,0.54939
11392.58,SYN.BTC-5JUL19,1562151539438,open,0.42,0.0,0.3485,0.4605,0.40437494,0.0,None,0.0,BTC-5JUL19-16000-P,11381.64,0.0,0.0005,1.1,0.0,0.0,0.0,0.0,0.0,-0.82222,0.0,-1.0
11421.69,SYN.BTC-12JUL19,1562151539440,open,0.02,139.9,0.0005,0.0625,0.02263043,107.71,0.0255,0.0,BTC-12JUL19-13000-C,11381.64,104.36,0.021,38.0,0.0235,0.1,109.47,5.61321,-34.05855,0.6208,0.00016,0.24615
11479.92,SYN.BTC-26JUL19,1562151539438,open,0.51,0.0,0.434,0.553,0.49366977,112.89,None,0.0,BTC-26JUL19-17000-P,11381.64,0.0,0.0,0.0,0.0,0.0,0.0,5.26313,-12.98678,-9.98378,6e-05,-0.89396
11738.97,BTC-27SEP19,1562151539443,open,1.6,0.0,1.4665,1.6715,1.5689007,110.26,None,0.0,BTC-27SEP19-30000-P,11381.64,0.0,0.0,0.0,0.0,0.0,0.0,7.51863,-4.82658,-69.0585,2e-05,-0.9315
11961.02,BTC-27DEC19,1562151539447,open,0.19,174.4,0.1485,0.228,0.18848019,97.61,0.195,0.0,BTC-27DEC19-15000-C,11381.64,95.46,0.1825,14.8,0.193,15.0,99.24,33.21671,-9.16557,18.20816,5e-05,0.50262
11961.02,BTC-27DEC19,1562151539459,open,0.95,0.0,0.8595,1.014,0.93676879,100.77,None,0.0,BTC-27DEC19-22000-P,11381.64,0.0,0.0055,2.0,1.73,0.3,500.0,29.04751,-8.27456,-94.74043,4e-05,-0.69776
11961.02,BTC-27DEC19,1562151539461,open,0.8,3.6,0.7165,0.859,0.78778809,99.75,0.7375,0.0,BTC-27DEC19-20000-P,11381.64,0.0,0.004,5.0,1.5675,0.2,500.0,30.74724,-8.67018,-83.50444,4e-05,-0.65289
11961.02,BTC-27DEC19,1562151539463,open,1.11,0.0,1.0065,1.173,1.08959237,101.8,None,0.0,BTC-27DEC19-24000-P,11381.64,0.0,0.0055,1.0,1.8925,0.2,500.0,27.26596,-7.84634,-105.7643,4e-05,-0.73513
11738.97,BTC-27SEP19,1562151539474,open,0.77,0.0,0.6825,0.822,0.75234448,104.27,None,0.0,BTC-27SEP19-20000-P,11381.64,0.0,0.0045,10.0,1.414,0.2,500.0,16.48787,-10.01024,-42.55109,5e-05,-0.7883
11392.58,SYN.BTC-5JUL19,1562151539515,open,0.02,809.6,0.0005,0.0565,0.01632522,108.59,0.03,0.0,BTC-5JUL19-11000-P,11381.64,99.34,0.014,10.1,0.0185,11.1,117.1,2.89039,-83.66611,-0.19238,0.0004,-0.31228
11392.58,SYN.BTC-5JUL19,1562151539518,open,0.0,487.0,0.0005,0.043,0.00322476,127.32,0.002,0.0,BTC-5JUL19-13000-C,11381.64,108.08,0.0015,18.5,0.0045,19.5,138.25,1.22199,-36.73836,0.04535,0.00014,0.08069
11392.58,SYN.BTC-5JUL19,1562151539536,open,0.02,809.6,0.0005,0.0565,0.01632522,108.59,0.03,0.0,BTC-5JUL19-11000-P,11381.64,99.34,0.014,10.0,0.0185,11.1,117.1,2.89039,-83.66611,-0.19238,0.0004,-0.31228
11479.92,SYN.BTC-26JUL19,1562151539527,open,0.04,294.4,0.0005,0.0735,0.03248158,104.47,0.031,0.0,BTC-26JUL19-9500-P,11381.64,99.38,0.029,41.6,0.0335,19.0,105.93,7.9578,-18.17055,-1.64664,9e-05,-0.19638
11479.92,SYN.BTC-26JUL19,1562151539539,open,0.07,208.3,0.0205,0.105,0.06261878,104.46,0.06,0.0,BTC-26JUL19-10500-P,11381.64,98.72,0.0575,41.6,0.0635,12.0,105.45,10.25714,-23.42006,-2.74199,0.00012,-0.31849
11961.02,BTC-27DEC19,1562151539555,open,0.09,147.7,0.0465,0.133,0.08977301,96.32,0.126,0.0,BTC-27DEC19-8000-P,11381.64,93.37,0.0845,13.0,0.092,6.4,97.56,21.45301,-5.8415,-15.33909,3e-05,-0.17487
11964.16,BTC-27DEC19,1562151539565,open,0.17,118.1,0.1305,0.21,0.17014729,98.08,0.1735,0.0,BTC-27DEC19-16000-C,11381.64,96.03,0.1645,14.8,0.1745,15.0,99.65,33.10804,-9.17899,17.17437,5e-05,0.46637
11961.02,BTC-27DEC19,1562151539585,open,0.14,237.7,0.0995,0.179,0.13933385,98.86,0.145,0.0,BTC-27DEC19-18000-C,11381.64,97.25,0.135,16.4,0.1435,5.0,100.41,32.197,-8.99788,15.1881,5e-05,0.40137
11392.58,SYN.BTC-5JUL19,1562151539625,open,0.46,0.0,0.3905,0.506,0.44825884,0.0,None,0.0,BTC-5JUL19-16500-P,11381.64,0.0,0.0005,0.1,0.0,0.0,0.0,0.0,0.0,-0.84792,0.0,-1.0
11392.58,SYN.BTC-5JUL19,1562151539636,open,0.02,809.6,0.0005,0.0565,0.01632522,108.59,0.03,0.0,BTC-5JUL19-11000-P,11381.64,101.34,0.0145,0.1,0.0185,11.1,117.1,2.89039,-83.66611,-0.19238,0.0004,-0.31228
11738.97,BTC-27SEP19,1562151539701,open,1.1,0.2,0.99,1.155,1.07250779,107.14,1.6,0.0,BTC-27SEP19-24000-P,11381.64,0.0,0.0,0.0,0.0,0.0,0.0,12.1822,-7.59907,-53.59088,4e-05,-0.86786
11961.02,BTC-27DEC19,1562151539830,open,2.74,0.0,2.5565,2.8525,2.70466056,110.58,None,0.0,BTC-27DEC19-44000-P,11381.64,0.0,0.0,0.0,0.0,0.0,0.0,14.13674,-4.41921,-209.18937,2e-05,-0.90442
11739.33,BTC-27SEP19,1562151539954,open,0.93,0.2,0.8345,0.987,0.91065991,105.74,1.391,0.0,BTC-27SEP19-22000-P,11381.64,0.0,0.0045,10.0,0.0,0.0,0.0,14.21659,-8.75249,-48.17397,4e-05,-0.83352
11961.02,BTC-27DEC19,1562151539954,open,3.41,0.0,3.193,3.5415,3.36720273,114.26,None,0.0,BTC-27DEC19-52000-P,11381.64,0.0,0.0,0.0,0.0,0.0,0.0,11.61151,-3.75055,-248.86902,1e-05,-0.92645
11418.57,SYN.BTC-12JUL19,1562151540012,open,0.21,12.5,0.151,0.2465,0.19870516,110.48,0.32,0.0,BTC-12JUL19-13500-P,11381.64,0.0,0.0,0.0,0.0,0.0,0.0,4.79835,-29.86377,-2.80676,0.00014,-0.81214
11479.92,SYN.BTC-26JUL19,1562151540018,open,0.08,441.8,0.046,0.1255,0.08562877,104.85,0.088,0.0,BTC-26JUL19-12000-C,11381.64,103.21,0.084,29.2,0.088,2.9,107.21,11.45733,-26.25781,2.87349,0.00013,0.48502
303.36,ETH-27SEP19,1562151540035,open,0.04,629.0,0.001,0.077,0.037893,105.16,0.03,0.0,ETH-27SEP19-560-C,295.14,101.94,0.034,307.0,0.042,307.0,108.41,0.37497,-0.22957,0.09562,0.00165,0.17186
303.36,ETH-27SEP19,1562151540035,open,0.06,2756.0,0.02,0.104,0.062022,100.13,0.066,0.0,ETH-27SEP19-220-P,295.14,96.98,0.058,273.0,0.065,160.0,102.44,0.38999,-0.22737,-0.17481,0.0018,-0.1829
11739.33,BTC-27SEP19,1562151540041,open,1.27,0.0,1.148,1.3265,1.23720302,109.16,None,0.0,BTC-27SEP19-26000-P,11381.64,0.0,0.0,0.0,0.0,0.0,0.0,10.56972,-6.71779,-58.80704,3e-05,-0.89196
303.36,ETH-27SEP19,1562151540041,open,0.23,678.0,0.177,0.274,0.225737,100.14,0.238,0.0,ETH-27SEP19-320-P,295.14,96.63,0.219,110.0,0.231,120.0,102.88,0.58186,-0.33924,-0.48025,0.00268,-0.44713
295.97,SYN.ETH-12JUL19,1562151540034,open,0.0,219.0,0.001,0.041,0.001514,121.45,0.003,0.0,ETH-12JUL19-440-C,295.14,0.0,0.0,0.0,0.003,400.0,135.4,0.02497,-0.1708,0.00153,0.00097,0.0228
297.31,SYN.ETH-26JUL19,1562151540036,open,0.0,562.0,0.001,0.041,0.001422,118.27,0.004,0.0,ETH-26JUL19-160-P,295.14,0.0,0.0,0.0,0.003,150.0,133.35,0.02413,-0.06237,-0.0026,0.00037,-0.01253
297.31,SYN.ETH-26JUL19,1562151540043,open,0.08,741.0,0.03,0.115,0.072811,102.63,0.068,0.0,ETH-26JUL19-280-P,295.14,96.41,0.067,160.0,0.073,111.0,102.83,0.27811,-0.62384,-0.08041,0.00489,-0.35871
303.36,ETH-27SEP19,1562151540048,open,1.01,27.0,0.929,1.088,1.008337,106.08,1.044,0.0,ETH-27SEP19-600-P,295.14,0.0,0.977,1.0,1.055,2.0,140.69,0.33179,-0.20492,-1.33156,0.00144,-0.85729
295.3,SYN.ETH-5JUL19,1562151540051,open,0.09,3.0,0.052,0.131,0.091439,116.4,0.11,0.0,ETH-5JUL19-270-C,295.14,90.06,0.088,51.0,0.098,50.0,153.49,0.04535,-1.40712,0.01178,0.00869,0.8676
11389.44,SYN.BTC-5JUL19,1562151540054,open,0.37,0.0,0.3065,0.4145,0.36054816,0.0,None,0.0,BTC-5JUL19-15500-P,11381.64,0.0,0.0005,0.1,0.0,0.0,0.0,0.0,0.0,-0.79653,0.0,-1.0
11389.44,SYN.BTC-5JUL19,1562151540087,open,0.02,809.6,0.0005,0.0565,0.01633765,108.28,0.03,0.0,BTC-5JUL19-11000-P,11381.64,96.98,0.0135,0.6,0.0185,11.1,116.73,2.89295,-83.50272,-0.19283,0.0004,-0.31312
11389.44,SYN.BTC-5JUL19,1562151540089,open,0.02,809.6,0.0005,0.0565,0.01633765,108.28,0.03,0.0,BTC-5JUL19-11000-P,11381.64,98.99,0.014,10.0,0.0185,11.1,116.73,2.89295,-83.50272,-0.19283,0.0004,-0.31312
11742.11,BTC-27SEP19,1562151540134,open,0.01,91.0,0.0005,0.054,0.01404514,111.37,0.014,0.0,BTC-27SEP19-30000-C,11381.64,108.95,0.0125,32.0,0.0155,15.0,113.51,7.75404,-5.02787,1.58095,2e-05,0.07127
11418.57,SYN.BTC-12JUL19,1562151540173,open,0.42,0.0,0.348,0.46,0.4038836,116.57,None,0.0,BTC-12JUL19-16000-P,11381.64,0.0,0.0,0.0,0.0,0.0,0.0,1.49655,-9.82773,-3.79039,4e-05,-0.96121
11389.44,SYN.BTC-5JUL19,1562151540186,open,0.02,809.6,0.0005,0.0565,0.01633765,108.28,0.03,0.0,BTC-5JUL19-11000-P,11381.64,100.99,0.0145,0.1,0.0185,11.1,116.73,2.89295,-83.50272,-0.19283,0.0004,-0.31312
11392.58,SYN.BTC-5JUL19,1562151540187,open,0.16,28.2,0.127,0.2065,0.16694927,130.74,0.159,0.0,BTC-5JUL19-9500-C,11381.64,0.0,0.164,8.0,0.1705,8.0,181.4,0.45405,-15.8238,0.4739,5e-05,0.97644
11964.16,BTC-27DEC19,1562151540253,open,0.09,61.0,0.058,0.1375,0.09796417,100.96,0.0995,0.0,BTC-27DEC19-22000-C,11381.64,99.32,0.094,6.4,0.1015,15.0,102.4,29.09451,-8.30324,11.89642,4e-05,0.30316
11479.92,SYN.BTC-26JUL19,1562151540263,open,0.07,208.3,0.0205,0.105,0.06263435,104.46,0.06,0.0,BTC-26JUL19-10500-P,11381.64,99.28,0.058,25.6,0.0635,12.0,105.45,10.25714,-23.42006,-2.74199,0.00012,-0.31849
11479.92,SYN.BTC-26JUL19,1562151540266,open,0.07,208.3,0.0205,0.105,0.06263435,104.46,0.06,0.0,BTC-26JUL19-10500-P,11381.64,99.28,0.058,25.6,0.0635,2.0,105.45,10.25714,-23.42006,-2.74199,0.00012,-0.31849
11479.92,SYN.BTC-26JUL19,1562151540266,open,0.05,59.7,0.01,0.0895,0.04967354,108.48,0.054,0.0,BTC-26JUL19-13500-C,11381.64,105.48,0.047,16.0,0.0515,5.0,110.5,10.30936,-24.4448,1.96201,0.00012,0.32238
11479.92,SYN.BTC-26JUL19,1562151540280,open,0.17,39.4,0.115,0.207,0.16097717,106.7,0.1815,0.0,BTC-26JUL19-12500-P,11381.64,99.6,0.154,19.2,0.164,19.2,109.8,11.27064,-26.28627,-5.28377,0.00013,-0.57343
11421.69,SYN.BTC-12JUL19,1562151540298,open,0.17,10.2,0.1145,0.207,0.16080673,107.63,0.1335,0.0,BTC-12JUL19-13000-P,11381.64,96.52,0.1555,8.0,0.165,8.0,116.04,5.61069,-34.0173,-2.54086,0.00016,-0.75406
11389.44,SYN.BTC-5JUL19,1562151540359,open,0.2,22.0,0.1705,0.25,0.21016347,144.73,0.21,0.0,BTC-5JUL19-9000-C,11381.64,0.0,0.171,5.0,0.228,5.0,333.92,0.22017,-8.49465,0.45635,2e-05,0.98986
11389.44,SYN.BTC-5JUL19,1562151540368,open,0.29,3.0,0.2225,0.3235,0.27291782,0.0,0.12,0.0,BTC-5JUL19-14500-P,11381.64,0.0,0.079,2.0,0.0,0.0,0.0,0.0,0.0,-0.74514,0.0,-1.0
11389.44,SYN.BTC-5JUL19,1562151540370,open,0.02,809.6,0.0005,0.0565,0.01633765,108.28,0.03,0.0,BTC-5JUL19-11000-P,11381.64,96.98,0.0135,0.6,0.0185,11.1,116.73,2.89295,-83.50272,-0.19283,0.0004,-0.31312
11389.44,SYN.BTC-5JUL19,1562151540375,open,0.02,809.6,0.0005,0.0565,0.01633765,108.28,0.03,0.0,BTC-5JUL19-11000-P,11381.64,98.99,0.014,10.0,0.0185,11.1,116.73,2.89295,-83.50272,-0.19283,0.0004,-0.31312
11961.08,BTC-27DEC19,1562151540433,open,1.75,0.3,1.615,1.8325,1.72372468,105.78,2.435,0.0,BTC-27DEC19-32000-P,11382.08,0.0,0.0,0.0,0.0,0.0,0.0,20.78622,-6.21535,-148.22551,3e-05,-0.83355
11739.33,BTC-27SEP19,1562151540433,open,0.04,321.3,0.0005,0.077,0.03706138,106.1,0.037,0.0,BTC-27SEP19-22000-C,11382.08,103.97,0.0345,9.5,0.0395,19.2,108.08,14.28685,-8.82615,3.60975,4e-05,0.16776
11739.33,BTC-27SEP19,1562151540433,open,0.01,472.6,0.0005,0.054,0.01347949,101.1,0.0115,0.0,BTC-27SEP19-6000-P,11382.08,97.2,0.0115,3.0,0.0155,19.5,104.82,6.17654,-3.63569,-1.84374,2e-05,-0.05327
11739.33,BTC-27SEP19,1562151540433,open,0.53,227.0,0.501,0.5805,0.54087422,102.93,0.535,0.0,BTC-27SEP19-5500-C,11382.08,0.0,0.0045,8.0,0.903,5.0,500.0,4.75794,-2.85154,11.61724,1e-05,0.96149
11476.83,SYN.BTC-26JUL19,1562151540432,open,0.68,0.0,0.595,0.727,0.66104179,113.52,None,0.0,BTC-26JUL19-19000-P,11382.08,0.0,0.0,0.0,0.0,0.0,0.0,3.02783,-7.51288,-11.57818,3e-05,-0.94863
11739.33,BTC-27SEP19,1562151540434,open,0.78,55.9,0.748,0.8275,0.78773747,131.15,0.689,0.0,BTC-27SEP19-2500-C,11382.08,0.0,0.0045,10.0,0.9385,5.0,500.0,0.51875,-0.39613,5.78018,0.0,0.99701
11739.33,BTC-27SEP19,1562151540434,open,0.0,46.9,0.0005,0.041,0.00109691,115.89,0.003,0.0,BTC-27SEP19-3250-P,11382.08,0.0,0.0,0.0,0.002,15.0,126.03,0.84506,-0.57022,-0.17249,0.0,-0.00515
11476.83,SYN.BTC-26JUL19,1562151540432,open,0.01,278.6,0.0005,0.045,0.00484469,105.67,0.0055,0.0,BTC-26JUL19-7500-P,11382.08,96.16,0.003,16.0,0.0065,48.0,112.63,2.5208,-5.82237,-0.329,3e-05,-0.04089
11389.44,SYN.BTC-5JUL19,1562151540433,open,0.24,12.2,0.1805,0.2785,0.22935804,112.57,0.4275,0.0,BTC-5JUL19-14000-P,11382.08,0.0,0.02,0.1,0.0,0.0,0.0,0.1371,-4.11381,-0.71607,2e-05,-0.99408
11961.52,BTC-27DEC19,1562151540434,open,2.74,0.0,2.5575,2.8535,2.70565083,111.54,None,0.0,BTC-27DEC19-44000-P,11382.08,0.0,0.0,0.0,0.0,0.0,0.0,14.46879,-4.56204,-209.07778,2e-05,-0.90135
11961.52,BTC-27DEC19,1562151540434,open,2.41,0.0,2.24,2.5095,2.37498535,108.76,None,0.0,BTC-27DEC19-40000-P,11382.08,0.0,0.0005,3.0,0.0,0.0,0.0,15.8619,-4.87677,-189.13637,2e-05,-0.88799
11739.33,BTC-27SEP19,1562151540434,open,1.6,0.0,1.467,1.672,1.56962033,111.48,None,0.0,BTC-27SEP19-30000-P,11382.08,0.0,0.0,0.0,0.0,0.0,0.0,7.77007,-5.04331,-68.99794,2e-05,-0.92851
11739.33,BTC-27SEP19,1562151540434,open,0.62,1.0,0.5355,0.663,0.59911934,102.82,1.5815,0.0,BTC-27SEP19-18000-P,11382.08,0.0,0.0045,0.3,1.257,0.3,500.0,18.88653,-11.30626,-36.66317,6e-05,-0.7283
11961.52,BTC-27DEC19,1562151540434,open,0.01,145.1,0.0005,0.05,0.00966812,100.33,0.018,0.0,BTC-27DEC19-4000-P,11382.08,97.6,0.0085,110.0,0.011,8.0,103.25,5.28313,-1.49839,-2.15911,1e-05,-0.02758
11739.33,BTC-27SEP19,1562151540435,open,1.77,0.0,1.6275,1.846,1.73682714,111.76,None,0.0,BTC-27SEP19-32000-P,11382.08,0.0,0.0,0.0,0.0,0.0,0.0,6.53324,-4.25137,-74.01082,2e-05,-0.9428
11476.83,SYN.BTC-26JUL19,1562151540433,open,0.85,0.0,0.759,0.905,0.83221054,114.51,None,0.0,BTC-26JUL19-21000-P,11382.08,0.0,0.0,0.0,0.0,0.0,0.0,1.66524,-4.168,-13.00085,2e-05,-0.97525
11961.52,BTC-27DEC19,1562151540436,open,0.02,131.1,0.0005,0.06,0.01949994,97.07,0.017,0.0,BTC-27DEC19-5000-P,11382.08,95.0,0.018,10.0,0.0215,8.0,99.73,8.81798,-2.41969,-4.12642,1e-05,-0.05169
11961.52,BTC-27DEC19,1562151540436,open,1.43,0.1,1.3085,1.5,1.40419213,104.36,2.02,0.0,BTC-27DEC19-28000-P,11382.08,0.0,0.0,0.0,0.0,0.0,0.0,23.97797,-7.07397,-127.20216,3e-05,-0.79029
11418.57,SYN.BTC-12JUL19,1562151540432,open,0.25,0.1,0.1885,0.287,0.23765338,112.01,0.399,0.0,BTC-12JUL19-14000-P,11382.08,0.0,0.0,0.0,0.0,0.0,0.0,3.96673,-25.03088,-3.04729,0.00011,-0.85982
11961.52,BTC-27DEC19,1562151540436,open,2.08,1.3,1.9275,2.171,2.04920586,108.17,2.889,0.0,BTC-27DEC19-36000-P,11382.08,0.0,0.0005,1.0,0.0,0.0,0.0,18.40612,-5.62844,-168.71224,2e-05,-0.86141
11739.77,BTC-27SEP19,1562151540436,open,0.0,413.0,0.0005,0.0425,0.00259983,111.03,0.003,0.0,BTC-27SEP19-4000-P,11382.08,96.78,0.001,19.0,0.004,15.0,119.29,1.7335,-1.12065,-0.3936,0.0,-0.01165
11739.77,BTC-27SEP19,1562151540436,open,0.7,261.1,0.6635,0.743,0.70345824,115.18,0.714,0.0,BTC-27SEP19-3500-C,11382.08,0.0,0.161,1.0,0.779,10.0,299.81,1.14214,-0.76596,7.99096,0.0,0.99277
11739.77,BTC-27SEP19,1562151540436,open,1.1,0.2,0.9905,1.1555,1.07306553,107.8,1.6,0.0,BTC-27SEP19-24000-P,11382.08,0.0,0.0,0.0,0.0,0.0,0.0,12.32154,-7.73341,-53.54948,4e-05,-0.86567
11739.77,BTC-27SEP19,1562151540437,open,1.43,0.0,1.307,1.499,1.4029496,110.63,None,0.0,BTC-27SEP19-28000-P,11382.08,0.0,0.0,0.0,0.0,0.0,0.0,9.11373,-5.87032,-63.93371,3e-05,-0.91174
11961.52,BTC-27DEC19,1562151540437,open,3.08,0.0,2.8745,3.197,3.03580012,112.87,None,0.0,BTC-27DEC19-48000-P,11382.08,0.0,0.0,0.0,0.0,0.0,0.0,12.89636,-4.11474,-229.03671,2e-05,-0.91553
11961.52,BTC-27DEC19,1562151540437,open,1.27,0.0,1.156,1.3355,1.24580354,103.09,None,0.0,BTC-27DEC19-26000-P,11382.08,0.0,0.004,10.0,2.055,0.2,499.86,25.57841,-7.45438,-116.56447,4e-05,-0.76516
11961.52,BTC-27DEC19,1562151540438,open,1.11,0.0,1.0065,1.1735,1.09009331,102.05,None,0.0,BTC-27DEC19-24000-P,11382.08,0.0,0.0055,1.0,1.8925,0.2,500.0,27.32483,-7.88283,-105.73363,4e-05,-0.73402
11476.83,SYN.BTC-26JUL19,1562151540436,open,0.02,267.7,0.0005,0.059,0.0191061,112.14,0.021,0.0,BTC-26JUL19-16000-C,11382.08,109.32,0.0175,25.6,0.0205,5.0,114.51,6.65227,-16.3049,0.93024,7e-05,0.14843
11418.57,SYN.BTC-12JUL19,1562151540436,open,0.33,0.0,0.267,0.372,0.31944563,115.34,None,0.0,BTC-12JUL19-15000-P,11382.08,0.0,0.002,1.1,0.0,0.0,0.0,2.56658,-16.67589,-3.45038,7e-05,-0.9232
11418.57,SYN.BTC-12JUL19,1562151540438,open,0.01,212.9,0.0005,0.0515,0.0119158,112.97,0.012,0.0,BTC-12JUL19-14000-C,11382.08,108.84,0.0105,40.0,0.013,5.0,116.01,4.0124,-25.53588,0.36278,0.00011,0.14257
11418.57,SYN.BTC-12JUL19,1562151540434,open,0.38,0.0,0.307,0.4155,0.36144409,116.37,None,0.0,BTC-12JUL19-15500-P,11382.08,0.0,0.0,0.0,0.0,0.0,0.0,1.99609,-13.08509,-3.62604,5e-05,-0.94446
11418.57,SYN.BTC-12JUL19,1562151540436,open,0.08,30.2,0.027,0.112,0.06939577,105.46,0.072,0.0,BTC-12JUL19-11500-P,11382.08,97.59,0.0645,30.0,0.0735,30.0,112.07,7.09816,-42.17092,-1.5378,0.00021,-0.48444
11418.57,SYN.BTC-12JUL19,1562151540437,open,0.01,200.7,0.0005,0.0505,0.01024264,106.59,0.011,0.0,BTC-12JUL19-9500-P,11382.08,100.7,0.0085,16.0,0.0125,51.0,113.68,3.5,-21.01571,-0.35347,0.0001,-0.11706
11389.44,SYN.BTC-5JUL19,1562151540434,open,0.0,468.3,0.0005,0.04,1.37e-06,129.9,0.0005,0.0,BTC-5JUL19-8000-P,11382.08,0.0,0.0,0.0,0.0005,43.9,215.97,0.00205,-0.01555,-4e-05,0.0,-6e-05
11418.57,SYN.BTC-12JUL19,1562151540438,open,0.01,529.9,0.0005,0.0465,0.00632212,112.78,0.006,0.0,BTC-12JUL19-9000-P,11382.08,106.44,0.005,1.0,0.006,74.0,111.3,2.51412,-15.97314,-0.22511,7e-05,-0.07475
11961.52,BTC-27DEC19,1562151540440,open,1.59,0.2,1.4615,1.666,1.56361282,105.29,2.2245,0.0,BTC-27DEC19-30000-P,11382.08,0.0,0.0,0.0,0.0,0.0,0.0,22.39546,-6.66601,-137.74312,3e-05,-0.81273
11476.83,SYN.BTC-26JUL19,1562151540436,open,0.77,0.0,0.677,0.816,0.74651067,115.03,None,0.0,BTC-26JUL19-20000-P,11382.08,0.0,0.0,0.0,0.0,0.0,0.0,2.33171,-5.86259,-12.29516,2e-05,-0.96284
11389.44,SYN.BTC-5JUL19,1562151540438,open,0.33,5.0,0.2645,0.369,0.31669467,0.0,0.148,0.0,BTC-5JUL19-15000-P,11382.08,0.0,0.0005,0.2,0.0,0.0,0.0,0.0,0.0,-0.77083,0.0,-1.0
11389.44,SYN.BTC-5JUL19,1562151540433,open,0.51,0.0,0.433,0.5515,0.49219937,0.0,None,0.0,BTC-5JUL19-17000-P,11382.08,0.0,0.0005,0.1,0.0,0.0,0.0,0.0,0.0,-0.87361,0.0,-1.0
11476.83,SYN.BTC-26JUL19,1562151540436,open,0.43,5.0,0.3565,0.469,0.41284393,111.49,0.2255,0.0,BTC-26JUL19-16000-P,11382.08,0.0,0.0,0.0,0.0,0.0,0.0,6.59867,-16.07962,-9.10758,7e-05,-0.85335
11476.83,SYN.BTC-26JUL19,1562151540438,open,0.0,326.2,0.0005,0.043,0.00303064,109.66,0.0035,0.0,BTC-26JUL19-7000-P,11382.08,102.06,0.002,10.0,0.0045,48.0,118.21,1.75164,-4.19827,-0.21092,2e-05,-0.02629
11389.44,SYN.BTC-5JUL19,1562151540437,open,0.0,492.0,0.0005,0.04,0.00048814,130.15,0.0005,0.0,BTC-5JUL19-14000-C,11382.08,130.58,0.0005,6.4,0.001,2.0,144.63,0.31242,-5.55965,0.0086,4e-05,0.01518
11739.77,BTC-27SEP19,1562151540462,open,0.0,371.7,0.0005,0.0405,0.00064639,129.98,0.0005,0.0,BTC-27SEP19-2500-P,11382.08,0.0,0.0,0.0,0.0015,15.0,144.83,0.49218,-0.37249,-0.09565,0.0,-0.00282
11739.33,BTC-27SEP19,1562151540463,open,0.53,227.0,0.501,0.5805,0.54087422,102.93,0.535,0.0,BTC-27SEP19-5500-C,11382.08,0.0,0.0045,8.0,0.9025,5.0,500.0,4.75794,-2.85154,11.61724,1e-05,0.96149
11476.83,SYN.BTC-26JUL19,1562151540480,open,0.05,267.8,0.0045,0.0875,0.04603266,104.38,0.044,0.0,BTC-26JUL19-10000-P,11382.08,98.7,0.0415,41.6,0.0465,3.0,104.96,9.23246,-21.06356,-2.16773,0.00011,-0.25534
11961.52,BTC-27DEC19,1562151540503,open,0.87,0.0,0.8355,0.915,0.87536818,124.25,None,0.0,BTC-27DEC19-1500-C,11382.08,0.0,0.0175,0.1,0.9885,0.5,500.0,0.60065,-0.21096,7.09055,0.0,0.99769
11389.44,SYN.BTC-5JUL19,1562151540511,open,0.02,809.6,0.0005,0.0565,0.01633765,108.28,0.03,0.0,BTC-5JUL19-11000-P,11382.08,100.99,0.0145,0.1,0.0185,11.1,116.73,2.89295,-83.50272,-0.19283,0.0004,-0.31312
11961.52,BTC-27DEC19,1562151540782,open,0.03,121.6,0.0005,0.0715,0.03166663,109.31,0.029,0.0,BTC-27DEC19-40000-C,11382.08,108.06,0.03,8.0,0.033,10.0,110.3,16.055,-4.96124,4.76825,2e-05,0.11393
11739.77,BTC-27SEP19,1562151540979,open,0.01,91.0,0.0005,0.054,0.01403141,111.36,0.014,0.0,BTC-27SEP19-30000-C,11382.08,108.14,0.012,32.0,0.0155,15.0,113.52,7.74668,-5.02274,1.57917,2e-05,0.0712
11419.05,SYN.BTC-12JUL19,1562151540984,open,0.34,0.0,0.3045,0.384,0.34418959,127.3,None,0.0,BTC-12JUL19-7500-C,11382.08,0.0,0.0,0.0,0.0,0.0,0.0,0.60843,-4.36312,1.78407,2e-05,0.98669
11477.36,SYN.BTC-26JUL19,1562151541058,open,0.23,30.9,0.198,0.2775,0.23773129,104.43,0.172,0.0,BTC-26JUL19-9000-C,11382.08,0.0,0.2145,5.0,0.2575,5.0,135.92,6.53074,-14.9074,4.44445,8e-05,0.8556
11389.89,SYN.BTC-5JUL19,1562151541125,open,0.0,144.0,0.0005,0.04,6e-08,130.01,0.0005,0.0,BTC-5JUL19-7500-P,11382.08,0.0,0.0,0.0,0.0005,16.3,251.04,0.00011,-0.00065,0.0,0.0,0.0
11961.52,BTC-27DEC19,1562151541218,open,0.56,60.5,0.5275,0.607,0.56701817,96.43,0.567,0.0,BTC-27DEC19-5500-C,11382.08,0.0,0.0055,0.1,0.9755,5.0,500.0,10.89727,-2.97053,21.17268,2e-05,0.93229
11740.07,BTC-27SEP19,1562151541276,open,1.77,0.0,1.628,1.8465,1.73746066,113.18,None,0.0,BTC-27SEP19-32000-P,11382.08,0.0,0.0,0.0,0.0,0.0,0.0,6.81158,-4.48848,-73.94686,2e-05,-0.93968
11389.44,SYN.BTC-5JUL19,1562151541335,open,0.02,809.6,0.0005,0.057,0.0164288,108.28,0.03,0.0,BTC-5JUL19-11000-P,11382.08,96.98,0.0135,0.6,0.0185,11.1,116.73,2.89295,-83.50272,-0.19283,0.0004,-0.31312
11389.44,SYN.BTC-5JUL19,1562151541338,open,0.02,809.6,0.0005,0.057,0.0164288,108.28,0.03,0.0,BTC-5JUL19-11000-P,11382.08,98.99,0.014,10.0,0.0185,11.1,116.73,2.89295,-83.50272,-0.19283,0.0004,-0.31312
11477.36,SYN.BTC-26JUL19,1562151541346,open,0.01,289.3,0.0005,0.049,0.0087246,105.74,0.009,0.0,BTC-26JUL19-8000-P,11382.08,101.85,0.0075,10.1,0.01,48.0,109.53,3.74477,-8.65493,-0.54722,4e-05,-0.06735
11419.05,SYN.BTC-12JUL19,1562151541364,open,0.0,90.6,0.0005,0.044,0.0043619,118.34,0.0035,0.0,BTC-12JUL19-15500-C,11382.08,113.35,0.0035,40.0,0.005,5.0,121.69,2.09246,-13.94949,0.15162,6e-05,0.05897
11477.36,SYN.BTC-26JUL19,1562151541379,open,0.39,4.8,0.3535,0.433,0.39311499,109.54,0.455,0.0,BTC-26JUL19-7000-C,11382.08,0.0,0.0055,10.0,0.0,0.0,0.0,1.74504,-4.17794,4.17719,2e-05,0.97383
11739.33,BTC-27SEP19,1562151541406,open,0.21,34.8,0.1545,0.25,0.20234473,98.5,0.2195,0.0,BTC-27SEP19-12000-P,11382.08,95.76,0.197,19.2,0.2085,3.0,101.82,22.29775,-12.7873,-17.28203,7e-05,-0.42351
11961.08,BTC-27DEC19,1562151541417,open,0.39,8.3,0.325,0.435,0.38012105,97.12,0.38,0.0,BTC-27DEC19-14000-P,11382.08,94.44,0.3725,4.8,0.389,4.8,100.42,33.03411,-9.06968,-48.57209,5e-05,-0.45809
11477.36,SYN.BTC-26JUL19,1562151541419,open,0.07,91.5,0.0325,0.112,0.07202234,106.71,0.0645,0.0,BTC-26JUL19-12500-C,11382.08,104.14,0.0695,35.2,0.074,5.0,108.72,11.26643,-26.27766,2.54805,0.00013,0.42625
11389.44,SYN.BTC-5JUL19,1562151541431,open,0.11,98.7,0.06,0.148,0.10405258,119.25,0.095,0.0,BTC-5JUL19-12500-P,11382.08,75.55,0.0985,8.0,0.1065,8.0,134.54,1.88557,-59.94105,-0.55949,0.00024,-0.85213
11389.44,SYN.BTC-5JUL19,1562151541433,open,0.02,809.6,0.0005,0.057,0.0164288,108.28,0.03,0.0,BTC-5JUL19-11000-P,11382.08,100.99,0.0145,0.1,0.0185,11.1,116.73,2.89295,-83.50272,-0.19283,0.0004,-0.31312
11961.58,BTC-27DEC19,1562151541436,open,0.63,6.5,0.598,0.6775,0.63753565,98.1,0.54,0.0,BTC-27DEC19-4500-C,11381.76,0.0,0.0115,0.1,0.978,1.0,500.0,6.89868,-1.91312,18.80093,1e-05,0.96189
11740.07,BTC-27SEP19,1562151541437,open,0.87,42.8,0.8325,0.912,0.87226077,128.94,0.815,0.0,BTC-27SEP19-1500-C,11381.76,0.0,0.0005,0.1,0.0,0.0,0.0,0.03453,-0.02592,3.524,0.0,0.99984
11740.07,BTC-27SEP19,1562151541436,open,0.3,370.9,0.269,0.3485,0.30868237,99.0,0.277,0.0,BTC-27SEP19-9000-C,11381.76,76.03,0.2775,9.5,0.312,9.5,101.34,16.58119,-9.55764,13.19202,5e-05,0.78628
11740.07,BTC-27SEP19,1562151541437,open,0.06,248.1,0.0265,0.106,0.06612688,103.01,0.066,0.0,BTC-27SEP19-18000-C,11381.76,100.74,0.0625,18.2,0.07,23.2,105.39,18.91227,-11.34232,5.69778,6e-05,0.27241
11740.07,BTC-27SEP19,1562151541437,open,0.66,229.9,0.622,0.7015,0.66186768,110.91,0.673,0.0,BTC-27SEP19-4000-C,11381.76,0.0,0.659,1.3,0.756,5.0,298.72,1.72575,-1.11439,9.01961,0.0,0.98841
11961.58,BTC-27DEC19,1562151541437,open,0.0,184.7,0.0005,0.0425,0.00259486,110.72,0.003,0.0,BTC-27DEC19-2500-P,11381.76,102.11,0.0015,10.0,0.004,13.0,118.88,1.79225,-0.56093,-0.60462,0.0,-0.00784
11961.58,BTC-27DEC19,1562151541437,open,0.47,54.4,0.435,0.5145,0.47459162,96.35,0.45,0.0,BTC-27DEC19-7000-C,11381.76,0.0,0.2155,0.1,0.55,0.1,144.33,17.46057,-4.75583,23.01477,3e-05,0.87164
11961.58,BTC-27DEC19,1562151541437,open,0.03,61.1,0.0005,0.067,0.02703617,111.41,0.017,0.0,BTC-27DEC19-44000-C,11381.76,109.25,0.0245,8.0,0.029,10.0,113.01,14.42527,-4.54316,4.12758,2e-05,0.09824
11961.26,BTC-27DEC19,1562151541437,open,0.01,95.2,0.0005,0.054,0.01375586,98.13,0.036,0.0,BTC-27DEC19-4500-P,11381.76,95.9,0.0125,10.0,0.0155,8.0,101.06,6.90236,-1.91462,-3.00801,1e-05,-0.03814
11389.89,SYN.BTC-5JUL19,1562151541437,open,0.0,749.2,0.0005,0.043,0.00293734,127.09,0.0015,0.0,BTC-5JUL19-10000-P,11381.76,116.45,0.002,3.0,0.0035,44.5,132.68,1.09924,-33.45602,-0.04283,0.00013,-0.07024
11419.05,SYN.BTC-12JUL19,1562151541436,open,0.03,150.1,0.0005,0.0725,0.03263373,107.67,0.034,0.0,BTC-12JUL19-12500-C,11381.76,102.94,0.03,38.0,0.035,5.0,111.86,6.40602,-38.8543,0.81084,0.00019,0.32464
11740.07,BTC-27SEP19,1562151541437,open,0.0,432.4,0.0005,0.0415,0.00160957,115.38,0.004,0.0,BTC-27SEP19-3500-P,11381.76,99.42,0.0005,5.0,0.0025,15.0,123.21,1.15125,-0.77342,-0.24604,0.0,-0.0073
11961.26,BTC-27DEC19,1562151541437,open,2.41,0.0,2.241,2.5105,2.37570427,109.25,None,0.0,BTC-27DEC19-40000-P,11381.76,0.0,0.0005,3.0,0.0,0.0,0.0,16.03074,-4.9507,-189.07672,2e-05,-0.88631
11389.89,SYN.BTC-5JUL19,1562151541436,open,0.0,559.6,0.0005,0.04,1.859e-05,130.02,0.0005,0.0,BTC-5JUL19-8500-P,11381.76,0.0,0.0,0.0,0.0005,22.9,182.7,0.02032,-0.21168,-0.00043,0.0,-0.00072
11389.89,SYN.BTC-5JUL19,1562151541436,open,0.0,444.1,0.0005,0.04,4.786e-05,129.98,0.001,0.0,BTC-5JUL19-15000-C,11381.76,0.0,0.0,0.0,0.0005,1.6,166.89,0.04746,-0.5451,0.00104,1e-05,0.00182
11477.36,SYN.BTC-26JUL19,1562151541438,open,0.01,75.5,0.0005,0.0455,0.00596526,115.12,0.0025,0.0,BTC-26JUL19-19000-C,11381.76,111.44,0.005,42.0,0.007,5.0,118.71,3.1622,-7.95682,0.34738,3e-05,0.05426
11961.26,BTC-27DEC19,1562151541438,open,1.75,0.3,1.6155,1.833,1.72428711,106.12,2.435,0.0,BTC-27DEC19-32000-P,11381.76,0.0,0.0,0.0,0.0,0.0,0.0,20.89848,-6.26928,-148.17962,3e-05,-0.83216
11961.26,BTC-27DEC19,1562151541438,open,0.07,156.3,0.0325,0.112,0.07207624,103.05,0.072,0.0,BTC-27DEC19-26000-C,11381.76,101.6,0.069,6.4,0.075,10.0,104.41,25.56677,-7.44805,9.42355,4e-05,0.23465
11477.36,SYN.BTC-26JUL19,1562151541437,open,0.27,5.3,0.21,0.3105,0.26024064,108.54,0.192,0.0,BTC-26JUL19-14000-P,11381.76,0.0,0.0,0.0,0.0,0.0,0.0,9.60155,-22.77927,-7.08113,0.00011,-0.72418
11739.75,BTC-27SEP19,1562151541439,open,0.0,297.7,0.0005,0.0445,0.00460031,104.24,0.0055,0.0,BTC-27SEP19-4750-P,11381.76,93.91,0.0025,15.0,0.0065,19.5,111.38,2.82225,-1.71291,-0.6949,1e-05,-0.02056
11739.75,BTC-27SEP19,1562151541439,open,0.36,904.1,0.326,0.4055,0.36551716,99.01,0.284,0.0,BTC-27SEP19-8000-C,11381.76,55.98,0.3265,5.0,0.389,5.0,118.86,13.24482,-7.63496,13.39684,4e-05,0.85054
11739.75,BTC-27SEP19,1562151541439,open,0.02,70.2,0.0005,0.0575,0.01773265,110.42,0.0155,0.0,BTC-27SEP19-28000-C,11381.76,107.43,0.0155,32.0,0.0195,19.5,112.65,9.06979,-5.831,1.93225,3e-05,0.08769
11961.26,BTC-27DEC19,1562151541439,open,0.21,160.6,0.17,0.2495,0.20967041,97.2,0.202,0.0,BTC-27DEC19-14000-C,11381.76,94.97,0.2035,4.8,0.2145,5.0,98.95,33.03288,-9.07686,19.26914,5e-05,0.54211
11739.75,BTC-27SEP19,1562151541439,open,0.42,748.2,0.39,0.4695,0.4299671,99.11,0.421,0.0,BTC-27SEP19-7000-C,11381.76,0.0,0.388,5.0,0.457,5.0,128.43,9.55719,-5.51516,13.14568,3e-05,0.9059
11739.75,BTC-27SEP19,1562151541440,open,0.62,289.7,0.5805,0.66,0.62016019,104.58,0.588,0.0,BTC-27SEP19-4500-C,11381.76,0.0,0.0005,20.0,0.7355,5.0,299.27,2.28185,-1.38949,10.04898,1e-05,0.98398
11739.75,BTC-27SEP19,1562151541440,open,0.0,425.8,0.0005,0.04,0.00018561,130.0,0.0005,0.0,BTC-27SEP19-2000-P,11381.76,0.0,0.0,0.0,0.0025,15.0,178.48,0.17371,-0.13148,-0.02993,0.0,-0.0009
11419.05,SYN.BTC-12JUL19,1562151541436,open,0.0,85.4,0.0005,0.043,0.00302962,119.29,0.0035,0.0,BTC-12JUL19-16000-C,11381.76,115.34,0.0025,40.0,0.0035,0.9,122.47,1.61759,-10.87018,0.11013,4e-05,0.04269
11739.75,BTC-27SEP19,1562151541440,open,0.83,28.2,0.79,0.8695,0.82981818,129.59,0.755,0.0,BTC-27SEP19-2000-C,11381.76,0.0,0.0045,5.0,0.9465,5.0,500.0,0.16944,-0.12784,4.67642,0.0,0.99913
11961.26,BTC-27DEC19,1562151541441,open,0.42,205.7,0.3815,0.461,0.42102329,96.37,0.381,0.0,BTC-27DEC19-8000-C,11381.76,0.0,0.3005,0.1,0.459,0.5,117.14,21.45534,-5.84489,23.42205,3e-05,0.82511
11477.36,SYN.BTC-26JUL19,1562151541438,open,0.09,160.0,0.0395,0.1255,0.0824513,104.51,0.08,0.0,BTC-26JUL19-11000-P,11381.76,99.85,0.078,2.0,0.083,4.1,105.08,10.98063,-25.08258,-3.36025,0.00013,-0.38469
11389.89,SYN.BTC-5JUL19,1562151541436,open,0.0,195.0,0.0005,0.04,1.348e-05,129.98,0.0005,0.0,BTC-5JUL19-15500-C,11381.76,0.0,0.0,0.0,0.0005,1.7,183.72,0.01604,-0.15351,0.00032,0.0,0.00056
11419.05,SYN.BTC-12JUL19,1562151541436,open,0.0,17.4,0.0005,0.041,0.00101429,127.81,0.0005,0.0,BTC-12JUL19-7500-P,11381.76,0.0,0.0,0.0,0.0025,10.0,147.83,0.61938,-4.45946,-0.04055,2e-05,-0.01359
11477.36,SYN.BTC-26JUL19,1562151541437,open,0.0,190.2,0.0005,0.041,0.00097713,116.88,0.0025,0.0,BTC-26JUL19-6000-P,11381.76,107.25,0.0005,10.0,0.0015,5.0,124.24,0.70264,-1.79496,-0.07222,1e-05,-0.00906
11477.36,SYN.BTC-26JUL19,1562151541439,open,0.52,0.0,0.4815,0.561,0.52126156,119.47,0.4,0.0,BTC-26JUL19-5500-C,11381.76,0.0,0.0055,10.0,0.0,0.0,0.0,0.38118,-0.99541,3.41102,0.0,0.99546
11419.05,SYN.BTC-12JUL19,1562151541436,open,0.0,347.2,0.0005,0.043,0.00304511,113.77,0.002,0.0,BTC-12JUL19-8500-P,11381.76,105.03,0.002,10.0,0.004,40.0,120.37,1.52897,-9.79922,-0.11904,4e-05,-0.03982
11419.05,SYN.BTC-12JUL19,1562151541440,open,0.01,150.6,0.0005,0.048,0.0082302,113.81,0.0115,0.0,BTC-12JUL19-14500-C,11381.76,109.29,0.007,40.0,0.009,1.0,116.49,3.22348,-20.66767,0.26692,9e-05,0.10435
11477.36,SYN.BTC-26JUL19,1562151541438,open,0.47,0.0,0.4385,0.518,0.47818451,116.47,None,0.0,BTC-26JUL19-6000-C,11381.76,0.0,0.0055,10.0,0.0,0.0,0.0,0.69085,-1.75878,3.68959,1e-05,0.99111
11389.89,SYN.BTC-5JUL19,1562151541438,open,0.33,0.0,0.3015,0.381,0.34149561,0.0,None,0.0,BTC-5JUL19-7500-C,11381.76,0.0,0.02,1.0,0.0,0.0,0.0,0.0,0.0,0.38542,0.0,1.0
11477.36,SYN.BTC-26JUL19,1562151541440,open,0.24,9.3,0.177,0.2745,0.22588145,108.51,0.191,0.0,BTC-26JUL19-13500-P,11381.76,0.0,0.11,0.1,0.0,0.0,0.0,10.3042,-24.43989,-6.50062,0.00012,-0.67783
11477.36,SYN.BTC-26JUL19,1562151541437,open,0.35,17.0,0.3115,0.391,0.35136636,105.6,0.246,0.0,BTC-26JUL19-7500-C,11381.76,0.0,0.0055,10.0,0.0,0.0,0.0,2.5157,-5.80659,4.37235,3e-05,0.95921
11419.05,SYN.BTC-12JUL19,1562151541443,open,0.21,17.7,0.1785,0.258,0.21815101,112.73,0.169,0.0,BTC-12JUL19-9000-C,11381.76,0.0,0.0005,0.1,0.0,0.0,0.0,2.51132,-15.9483,1.96376,7e-05,0.92536
11740.07,BTC-27SEP19,1562151541474,open,0.08,116.1,0.0325,0.118,0.075336,99.03,0.087,0.0,BTC-27SEP19-9000-P,11381.76,96.31,0.0715,25.6,0.0775,17.3,100.56,16.58261,-9.56176,-7.98502,5e-05,-0.21375
11477.36,SYN.BTC-26JUL19,1562151541484,open,0.07,91.5,0.0325,0.112,0.07202234,106.71,0.0645,0.0,BTC-26JUL19-12500-C,11381.76,104.14,0.0695,16.0,0.074,5.0,108.72,11.26643,-26.27766,2.54805,0.00013,0.42625
11477.36,SYN.BTC-26JUL19,1562151541502,open,0.2,29.3,0.145,0.24,0.19260094,107.72,0.22,0.0,BTC-26JUL19-13000-P,11381.76,99.09,0.1845,19.2,0.195,19.2,110.24,10.86565,-25.58186,-5.9043,0.00012,-0.62821
11389.89,SYN.BTC-5JUL19,1562151541516,open,0.16,36.9,0.099,0.19,0.1446061,127.66,0.1345,0.0,BTC-5JUL19-13000-P,11381.76,0.0,0.1395,8.0,0.147,8.0,147.03,1.22415,-41.65875,-0.6226,0.00014,-0.9191
11389.89,SYN.BTC-5JUL19,1562151541519,open,0.16,36.9,0.099,0.19,0.1446061,127.66,0.1345,0.0,BTC-5JUL19-13000-P,11381.76,0.0,0.1395,8.0,0.1475,8.0,150.56,1.22415,-41.65875,-0.6226,0.00014,-0.9191
11961.26,BTC-27DEC19,1562151542020,open,0.11,371.9,0.0765,0.156,0.11608876,99.91,0.123,0.0,BTC-27DEC19-20000-C,11381.76,98.31,0.112,6.4,0.12,15.0,101.42,30.76863,-8.68973,13.42745,4e-05,0.34775
303.36,ETH-27SEP19,1562151542033,open,0.02,215.0,0.001,0.06,0.020271,107.83,0.02,0.0,ETH-27SEP19-680-C,295.1,103.82,0.017,150.0,0.024,350.0,112.03,0.2582,-0.16211,0.05689,0.00111,0.09998
311.13,ETH-27DEC19,1562151542032,open,0.91,0.0,0.831,0.982,0.906346,102.58,None,0.0,ETH-27DEC19-560-P,295.1,0.0,0.0,0.0,0.0,0.0,0.0,0.77515,-0.22478,-2.39082,0.00161,-0.67939
311.13,ETH-27DEC19,1562151542033,open,0.06,11.0,0.025,0.104,0.064966,104.32,0.055,0.0,ETH-27DEC19-720-C,295.1,98.2,0.053,145.0,0.077,145.0,110.07,0.63132,-0.18618,0.22487,0.00129,0.21411
303.36,ETH-27SEP19,1562151542033,open,1.39,0.0,1.295,1.485,1.390211,108.75,None,0.0,ETH-27SEP19-720-P,295.1,0.0,0.0,0.0,0.0,0.0,0.0,0.22813,-0.14444,-1.6456,0.00097,-0.91542
303.36,ETH-27SEP19,1562151542033,open,0.02,210.0,0.001,0.056,0.016637,108.54,0.031,0.0,ETH-27SEP19-720-C,295.1,103.35,0.013,350.0,0.02,350.0,112.81,0.22698,-0.14344,0.04809,0.00097,0.08402
303.36,ETH-27SEP19,1562151542033,open,0.02,714.0,0.001,0.064,0.024634,106.85,0.029,0.0,ETH-27SEP19-640-C,295.1,102.93,0.021,350.0,0.028,200.0,110.23,0.29214,-0.18174,0.06716,0.00126,0.11873
311.13,ETH-27DEC19,1562151542033,open,0.53,0.0,0.49,0.569,0.529656,100.28,None,0.0,ETH-27DEC19-160-C,295.1,0.0,0.001,1000.0,1.6,1.0,500.0,0.37035,-0.10499,0.56363,0.00079,0.90349
311.13,ETH-27DEC19,1562151542033,open,1.38,0.0,1.284,1.474,1.379111,104.32,None,0.0,ETH-27DEC19-720-P,295.1,0.0,0.002,1000.0,0.0,0.0,0.0,0.63132,-0.18618,-3.26419,0.00129,-0.78589
311.13,ETH-27DEC19,1562151542033,open,1.14,0.0,1.054,1.224,1.139096,103.33,None,0.0,ETH-27DEC19-640-P,295.1,0.0,0.0,0.0,0.0,0.0,0.0,0.70266,-0.20525,-2.83298,0.00145,-0.7399
311.13,ETH-27DEC19,1562151542033,open,0.22,61.0,0.182,0.261,0.221985,100.28,0.227,0.0,ETH-27DEC19-360-C,295.1,97.02,0.213,121.0,0.229,120.0,102.84,0.85562,-0.24256,0.50314,0.00182,0.5557
311.13,ETH-27DEC19,1562151542033,open,0.58,0.0,0.513,0.638,0.575572,100.75,None,0.0,ETH-27DEC19-440-P,295.1,92.48,0.553,110.0,0.595,110.0,107.79,0.8552,-0.24356,-1.70767,0.00181,-0.55705
303.36,ETH-27SEP19,1562151542033,open,1.14,0.0,1.049,1.219,1.134345,106.85,None,0.0,ETH-27SEP19-640-P,295.1,0.0,0.0,0.0,0.0,0.0,0.0,0.29218,-0.18177,-1.4386,0.00126,-0.88125
311.13,ETH-27DEC19,1562151542033,open,1.26,0.0,1.17,1.349,1.25949,104.32,None,0.0,ETH-27DEC19-680-P,295.1,0.0,0.0,0.0,0.0,0.0,0.0,0.66986,-0.19755,-3.04818,0.00137,-0.76224
311.13,ETH-27DEC19,1562151542033,open,0.44,0.0,0.404,0.483,0.443677,100.27,None,0.0,ETH-27DEC19-200-C,295.1,0.0,0.001,1000.0,1.4,1.0,500.0,0.53346,-0.15121,0.59297,0.00113,0.83697
303.36,ETH-27SEP19,1562151542033,open,0.01,1128.0,0.001,0.054,0.014656,110.57,0.015,0.0,ETH-27SEP19-760-C,295.1,106.45,0.012,67.0,0.017,200.0,113.86,0.20686,-0.13317,0.04259,0.00086,0.07432
311.13,ETH-27DEC19,1562151542033,open,0.63,0.0,0.593,0.672,0.63241,102.8,None,0.0,ETH-27DEC19-120-C,295.1,0.0,0.001,1000.0,2.47,1.0,500.0,0.20749,-0.0603,0.48547,0.00043,0.9544
303.36,ETH-27SEP19,1562151542033,open,0.27,293.0,0.22,0.321,0.270289,100.63,0.304,0.0,ETH-27SEP19-340-P,295.1,96.87,0.263,110.0,0.275,120.0,103.07,0.58699,-0.34393,-0.5468,0.00269,-0.49583
303.36,ETH-27SEP19,1562151542033,open,0.49,392.0,0.448,0.527,0.487745,100.14,0.51,0.0,ETH-27SEP19-160-C,295.1,0.0,0.1,10.0,0.0,0.0,0.0,0.17387,-0.10138,0.32323,0.0008,0.94062
311.13,ETH-27DEC19,1562151542033,open,0.04,200.0,0.003,0.085,0.04391,100.28,0.049,0.0,ETH-27DEC19-160-P,295.1,96.95,0.04,146.0,0.047,140.0,102.85,0.37035,-0.10499,-0.21172,0.00079,-0.09651
303.36,ETH-27SEP19,1562151542033,open,0.03,5305.0,0.001,0.067,0.026478,100.14,0.02,0.0,ETH-27SEP19-180-P,295.1,95.75,0.023,148.0,0.029,140.0,103.19,0.24646,-0.1437,-0.08588,0.00114,-0.09384
311.13,ETH-27DEC19,1562151542033,open,0.02,6.0,0.001,0.058,0.018101,102.8,0.019,0.0,ETH-27DEC19-120-P,295.1,97.96,0.015,140.0,0.021,140.0,107.01,0.20749,-0.0603,-0.09604,0.00043,-0.0456
311.13,ETH-27DEC19,1562151542033,open,1.02,0.0,0.941,1.102,1.021636,102.93,None,0.0,ETH-27DEC19-600-P,295.1,0.0,0.0,0.0,0.0,0.0,0.0,0.73936,-0.21512,-2.61334,0.00153,-0.71168
311.13,ETH-27DEC19,1562151542033,open,0.16,38.0,0.122,0.201,0.161299,100.72,0.169,0.0,ETH-27DEC19-440-C,295.1,98.06,0.154,127.0,0.171,110.0,104.24,0.85517,-0.24348,0.42451,0.00181,0.44286
303.36,ETH-27SEP19,1562151542033,open,1.27,0.0,1.172,1.352,1.261833,107.83,None,0.0,ETH-27SEP19-680-P,295.1,0.0,0.0,0.0,0.0,0.0,0.0,0.2582,-0.16211,-1.54299,0.00111,-0.90002
311.13,ETH-27DEC19,1562151542033,open,0.29,0.0,0.24,0.342,0.291309,100.28,None,0.0,ETH-27DEC19-320-P,295.1,91.53,0.268,120.0,0.309,120.0,106.99,0.82383,-0.23354,-1.01024,0.00175,-0.37874
311.13,ETH-27DEC19,1562151542033,open,0.26,3.0,0.223,0.302,0.2628,100.28,0.261,0.0,ETH-27DEC19-320-C,295.1,95.84,0.251,120.0,0.282,120.0,107.57,0.82383,-0.23354,0.54045,0.00175,0.62126
311.09,ETH-27DEC19,1562151542034,open,0.21,2.0,0.164,0.26,0.212096,100.26,0.244,0.0,ETH-27DEC19-280-P,295.1,95.74,0.201,98.0,0.218,120.0,102.67,0.76249,-0.2161,-0.78496,0.00162,-0.3086
303.36,ETH-27SEP19,1562151542034,open,0.34,1096.0,0.297,0.376,0.336786,100.11,0.383,0.0,ETH-27SEP19-220-C,295.1,0.0,0.22,5.0,0.57,17.0,271.07,0.38997,-0.22731,0.34283,0.0018,0.81712
295.32,SYN.ETH-5JUL19,1562151542033,open,0.0,1.0,0.001,0.04,1.7e-05,130.03,0.004,0.0,ETH-5JUL19-220-P,295.1,0.0,0.0,0.0,0.002,150.0,227.97,0.0005,-0.00512,-1e-05,9e-05,-0.00067
297.33,SYN.ETH-26JUL19,1562151542033,open,0.27,20.0,0.234,0.313,0.273087,102.54,0.237,0.0,ETH-26JUL19-220-C,295.1,0.0,0.005,1.0,0.0,0.0,0.0,0.12726,-0.28522,0.11748,0.00224,0.9035
295.32,SYN.ETH-5JUL19,1562151542033,open,0.03,245.0,0.001,0.064,0.024839,111.54,0.026,0.0,ETH-5JUL19-300-C,295.1,90.79,0.019,265.0,0.03,113.0,129.77,0.08343,-2.48058,0.00627,0.01669,0.43775
303.32,ETH-27SEP19,1562151542034,open,0.61,47.0,0.569,0.648,0.608469,104.36,0.689,0.0,ETH-27SEP19-120-C,295.1,0.0,0.0,0.0,0.0,0.0,0.0,0.06677,-0.04057,0.26618,0.0003,0.98147
297.33,SYN.ETH-26JUL19,1562151542032,open,0.0,1186.0,0.001,0.043,0.003013,111.06,0.013,0.0,ETH-26JUL19-520-C,295.1,95.16,0.001,90.0,0.005,350.0,120.78,0.05154,-0.12512,0.00515,0.00084,0.03064
297.33,SYN.ETH-26JUL19,1562151542033,open,0.89,0.0,0.81,0.96,0.88509,112.73,None,0.0,ETH-26JUL19-560-P,295.1,0.0,0.0,0.0,0.0,0.0,0.0,0.03259,-0.08029,-0.34797,0.00052,-0.98223
303.32,ETH-27SEP19,1562151542034,open,0.12,1668.0,0.076,0.155,0.115487,101.96,0.111,0.0,ETH-27SEP19-380-C,295.1,99.06,0.11,240.0,0.12,125.0,104.34,0.57434,-0.34096,0.21549,0.0026,0.41745
303.32,ETH-27SEP19,1562151542034,open,0.89,24.0,0.809,0.959,0.884006,105.07,1.356,0.0,ETH-27SEP19-560-P,295.1,0.0,0.0,0.0,0.0,0.0,0.0,0.37441,-0.22905,-1.22211,0.00165,-0.8285
311.09,ETH-27DEC19,1562151542034,open,0.37,0.0,0.332,0.411,0.371808,100.31,None,0.0,ETH-27DEC19-240-C,295.1,0.0,0.0,0.0,0.0,0.0,0.0,0.66635,-0.18894,0.59191,0.00142,0.76445
303.32,ETH-27SEP19,1562151542034,open,0.17,1638.0,0.131,0.21,0.170815,100.13,0.165,0.0,ETH-27SEP19-320-C,295.1,97.62,0.166,225.0,0.177,115.0,103.35,0.58181,-0.33918,0.27256,0.00268,0.55275
295.32,SYN.ETH-5JUL19,1562151542033,open,0.0,1.0,0.001,0.04,0.0,129.98,0.004,0.0,ETH-5JUL19-480-C,295.1,0.0,0.0,0.0,0.002,150.0,325.19,0.0,0.0,0.0,0.0,0.0
303.32,ETH-27SEP19,1562151542035,open,0.67,0.0,0.633,0.712,0.672382,110.24,None,0.0,ETH-27SEP19-100-C,295.1,0.0,0.004,5.0,0.0,0.0,0.0,0.03776,-0.02424,0.22697,0.00016,0.99042
303.32,ETH-27SEP19,1562151542035,open,0.23,1785.0,0.186,0.265,0.225409,100.14,0.22,0.0,ETH-27SEP19-280-C,295.1,96.55,0.219,110.0,0.232,230.0,103.85,0.54017,-0.31496,0.30886,0.00249,0.6582
303.32,ETH-27SEP19,1562151542035,open,0.76,12.0,0.692,0.832,0.761712,104.09,1.193,0.0,ETH-27SEP19-520-P,295.1,0.0,0.0,0.0,0.0,0.0,0.0,0.42101,-0.25515,-1.10916,0.00187,-0.79253
297.33,SYN.ETH-26JUL19,1562151542033,open,0.0,1081.0,0.001,0.042,0.002015,126.01,0.002,0.0,ETH-26JUL19-600-C,295.1,115.26,0.001,20.0,0.003,350.0,133.3,0.03501,-0.09642,0.00323,0.0005,0.01933
295.32,SYN.ETH-5JUL19,1562151542033,open,0.29,0.0,0.249,0.328,0.28886,0.0,None,0.0,ETH-5JUL19-210-C,295.1,0.0,0.005,2.0,0.0,0.0,0.0,0.0,0.0,0.01079,0.0,1.0
295.99,SYN.ETH-12JUL19,1562151542033,open,0.17,5.0,0.121,0.214,0.167601,104.0,0.283,0.0,ETH-12JUL19-340-P,295.1,0.0,0.139,30.0,0.199,30.0,163.62,0.13651,-0.79971,-0.06824,0.00616,-0.78045
303.32,ETH-27SEP19,1562151542035,open,0.08,2516.0,0.038,0.117,0.077884,102.78,0.08,0.0,ETH-27SEP19-440-C,295.1,99.91,0.073,244.0,0.083,404.0,105.75,0.51879,-0.31047,0.1654,0.00233,0.30965
295.99,SYN.ETH-12JUL19,1562151542033,open,0.2,10.0,0.157,0.236,0.196485,106.4,0.181,0.0,ETH-12JUL19-240-C,295.1,0.0,0.005,2.0,0.0,0.0,0.0,0.07435,-0.44562,0.05143,0.00328,0.91098
303.32,ETH-27SEP19,1562151542036,open,0.02,5818.0,0.001,0.055,0.015172,100.12,0.02,0.0,ETH-27SEP19-160-P,295.1,94.3,0.012,350.0,0.018,140.0,104.87,0.17387,-0.10136,-0.05321,0.0008,-0.0594
297.33,SYN.ETH-26JUL19,1562151542034,open,0.02,1045.0,0.001,0.059,0.019653,104.99,0.02,0.0,ETH-26JUL19-400-C,295.1,100.5,0.017,295.0,0.022,160.0,108.77,0.18063,-0.41451,0.02603,0.00311,0.15935
297.33,SYN.ETH-26JUL19,1562151542033,open,0.69,0.0,0.619,0.753,0.685802,110.54,None,0.0,ETH-26JUL19-500-P,295.1,0.0,0.0,0.0,0.0,0.0,0.0,0.06537,-0.15795,-0.30651,0.00107,-0.95905
295.32,SYN.ETH-5JUL19,1562151542033,open,0.0,215.0,0.001,0.04,6e-06,129.97,0.005,0.0,ETH-5JUL19-410-C,295.1,0.0,0.0,0.0,0.002,150.0,236.34,0.0002,-0.00174,0.0,3e-05,0.00026
295.99,SYN.ETH-12JUL19,1562151542033,open,0.42,0.0,0.364,0.477,0.420811,112.97,None,0.0,ETH-12JUL19-420-P,295.1,0.0,0.0,0.0,0.0,0.0,0.0,0.03039,-0.19338,-0.10019,0.00126,-0.97117
303.32,ETH-27SEP19,1562151542036,open,0.42,240.0,0.364,0.476,0.420066,102.33,0.44,0.0,ETH-27SEP19-400-P,295.1,0.0,0.0,0.0,0.0,0.0,0.0,0.55955,-0.33339,-0.74324,0.00253,-0.62142
303.32,ETH-27SEP19,1562151542036,open,0.19,961.0,0.138,0.232,0.185287,100.07,0.209,0.0,ETH-27SEP19-300-P,295.1,97.24,0.18,199.0,0.19,160.0,102.6,0.56664,-0.33015,-0.41437,0.00262,-0.39536
297.33,SYN.ETH-26JUL19,1562151542035,open,0.03,828.0,0.001,0.067,0.026032,102.67,0.026,0.0,ETH-26JUL19-240-P,295.1,96.1,0.022,160.0,0.027,141.0,104.2,0.18697,-0.41955,-0.03617,0.00329,-0.16805
297.33,SYN.ETH-26JUL19,1562151542034,open,0.46,0.0,0.424,0.503,0.463258,117.78,None,0.0,ETH-26JUL19-160-C,295.1,0.0,0.0,0.0,0.0,0.0,0.0,0.02368,-0.06096,0.09774,0.00036,0.98774
297.33,SYN.ETH-26JUL19,1562151542033,open,0.49,0.0,0.431,0.549,0.489651,105.77,None,0.0,ETH-26JUL19-440-P,295.1,0.0,0.0,0.0,0.0,0.0,0.0,0.11974,-0.2768,-0.26103,0.00204,-0.91114
295.99,SYN.ETH-12JUL19,1562151542033,open,0.26,0.0,0.22,0.299,0.259331,110.77,None,0.0,ETH-12JUL19-220-C,295.1,0.0,0.005,2.0,0.0,0.0,0.0,0.03617,-0.22573,0.05075,0.00153,0.96439
295.32,SYN.ETH-5JUL19,1562151542033,open,0.63,0.0,0.561,0.69,0.625358,0.0,None,0.0,ETH-5JUL19-480-P,295.1,0.0,0.0,0.0,0.0,0.0,0.0,0.0,0.0,-0.02467,0.0,-1.0
297.33,SYN.ETH-26JUL19,1562151542033,open,0.0,1228.0,0.001,0.041,0.001515,111.38,0.001,0.0,ETH-26JUL19-560-C,295.1,105.66,0.001,36.0,0.002,90.0,115.65,0.03065,-0.07462,0.0028,0.0005,0.01654
297.33,SYN.ETH-26JUL19,1562151542032,open,0.62,0.0,0.556,0.684,0.620048,109.66,None,0.0,ETH-26JUL19-480-P,295.1,0.0,0.0,0.0,0.0,0.0,0.0,0.08161,-0.19561,-0.29183,0.00134,-0.946
297.33,SYN.ETH-26JUL19,1562151542034,open,0.2,68.0,0.15,0.245,0.197649,104.63,0.104,0.0,ETH-26JUL19-340-P,295.1,74.46,0.171,120.0,0.0,0.0,0.0,0.27616,-0.63157,-0.15766,0.00476,-0.6484
297.33,SYN.ETH-26JUL19,1562151542033,open,0.0,1830.0,0.001,0.044,0.004038,109.95,0.004,0.0,ETH-26JUL19-500-C,295.1,104.7,0.003,15.0,0.005,10.0,114.13,0.06415,-0.15418,0.0067,0.00105,0.04001
295.32,SYN.ETH-5JUL19,1562151542033,open,0.0,1.0,0.001,0.04,2e-06,130.0,0.001,0.0,ETH-5JUL19-210-P,295.1,0.0,0.0,0.0,0.002,250.0,258.28,9e-05,-0.00071,0.0,2e-05,-0.00011
295.99,SYN.ETH-12JUL19,1562151542033,open,0.02,24.0,0.001,0.058,0.018831,103.82,0.016,0.0,ETH-12JUL19-340-C,295.1,97.53,0.016,200.0,0.021,141.0,108.46,0.13634,-0.79736,0.01441,0.00616,0.21908
295.32,SYN.ETH-5JUL19,1562151542034,open,0.01,313.0,0.001,0.046,0.006899,111.64,0.005,0.0,ETH-5JUL19-320-C,295.1,86.71,0.003,349.0,0.009,147.0,122.8,0.05313,-1.58107,0.00244,0.01062,0.16781
295.32,SYN.ETH-5JUL19,1562151542033,open,0.04,483.0,0.002,0.081,0.041412,111.5,0.05,0.0,ETH-5JUL19-290-C,295.1,95.45,0.037,1.0,0.049,91.0,138.87,0.08149,-2.42218,0.00856,0.01631,0.60541
295.99,SYN.ETH-12JUL19,1562151542033,open,0.29,0.0,0.238,0.34,0.289122,105.82,None,0.0,ETH-12JUL19-380-P,295.1,0.0,0.0,0.0,0.0,0.0,0.0,0.06608,-0.39394,-0.08731,0.00293,-0.92387
295.32,SYN.ETH-5JUL19,1562151542033,open,0.0,261.0,0.001,0.04,0.000267,129.97,0.004,0.0,ETH-5JUL19-370-C,295.1,0.0,0.0,0.0,0.002,150.0,174.74,0.00505,-0.07885,0.00013,0.00087,0.00882
295.99,SYN.ETH-12JUL19,1562151542033,open,0.03,248.0,0.001,0.074,0.034169,103.77,0.017,0.0,ETH-12JUL19-320-C,295.1,96.45,0.03,200.0,0.037,126.0,108.68,0.16991,-0.99325,0.02231,0.00769,0.34418
295.32,SYN.ETH-5JUL19,1562151542033,open,0.0,1051.0,0.001,0.04,0.000619,129.96,0.004,0.0,ETH-5JUL19-360-C,295.1,0.0,0.0,0.0,0.003,150.0,170.68,0.00973,-0.18279,0.00028,0.00167,0.0188
297.33,SYN.ETH-26JUL19,1562151542032,open,1.02,0.0,0.94,1.1,1.019978,126.01,None,0.0,ETH-26JUL19-600-P,295.1,0.0,0.0,0.0,0.0,0.0,0.0,0.03501,-0.09642,-0.37281,0.0005,-0.98067
295.32,SYN.ETH-5JUL19,1562151542033,open,0.36,0.0,0.301,0.408,0.354481,130.0,None,0.0,ETH-5JUL19-400-P,295.1,0.0,0.0,0.0,0.0,0.0,0.0,0.00049,-0.01698,-0.02055,8e-05,-0.99933
295.32,SYN.ETH-5JUL19,1562151542033,open,0.0,212.0,0.001,0.04,1e-06,129.98,0.004,0.0,ETH-5JUL19-430-C,295.1,0.0,0.0,0.0,0.002,150.0,263.8,3e-05,-0.00021,0.0,1e-05,3e-05
297.33,SYN.ETH-26JUL19,1562151542035,open,0.22,558.0,0.179,0.258,0.218785,102.57,0.33,0.0,ETH-26JUL19-240-C,295.1,0.0,0.161,5.0,0.0,0.0,0.0,0.18685,-0.41888,0.11429,0.00329,0.83212
295.32,SYN.ETH-5JUL19,1562151542033,open,0.0,1083.0,0.001,0.04,0.000382,130.04,0.001,0.0,ETH-5JUL19-240-P,295.1,0.0,0.0,0.0,0.002,150.0,170.06,0.0064,-0.1128,-0.00018,0.0011,-0.01155
295.32,SYN.ETH-5JUL19,1562151542033,open,0.32,0.0,0.268,0.373,0.320647,130.0,None,0.0,ETH-5JUL19-390-P,295.1,0.0,0.0,0.0,0.0,0.0,0.0,0.00113,-0.03914,-0.02002,0.00019,-0.99835
295.32,SYN.ETH-5JUL19,1562151542033,open,0.25,105.0,0.204,0.303,0.253148,130.0,0.13,0.0,ETH-5JUL19-370-P,295.1,0.0,0.0,0.0,0.0,0.0,0.0,0.00506,-0.17541,-0.01888,0.00087,-0.99117
295.32,SYN.ETH-5JUL19,1562151542033,open,0.0,992.0,0.001,0.04,2e-06,129.98,0.002,0.0,ETH-5JUL19-420-C,295.1,0.0,0.0,0.0,0.002,150.0,250.31,8e-05,-0.00061,0.0,1e-05,9e-05
295.32,SYN.ETH-5JUL19,1562151542034,open,0.15,0.0,0.115,0.194,0.154721,130.0,None,0.0,ETH-5JUL19-250-C,295.1,0.0,0.005,1.0,0.0,0.0,0.0,0.0157,-0.54423,0.01232,0.0027,0.96669
295.32,SYN.ETH-5JUL19,1562151542034,open,0.01,1057.0,0.001,0.045,0.005739,116.29,0.005,0.0,ETH-5JUL19-270-P,295.1,86.87,0.002,397.0,0.009,147.0,135.85,0.04526,-1.40305,-0.00209,0.00868,-0.13201
295.32,SYN.ETH-5JUL19,1562151542034,open,0.39,0.0,0.333,0.443,0.388333,129.99,None,0.0,ETH-5JUL19-410-P,295.1,0.0,0.0,0.0,0.0,0.0,0.0,0.0002,-0.007,-0.02107,3e-05,-0.99974
295.32,SYN.ETH-5JUL19,1562151542033,open,0.01,456.0,0.001,0.053,0.013686,111.64,0.015,0.0,ETH-5JUL19-310-C,295.1,91.63,0.009,133.0,0.017,133.0,124.98,0.07195,-2.14125,0.00413,0.01438,0.28564
295.99,SYN.ETH-12JUL19,1562151542034,open,0.01,222.0,0.001,0.049,0.009941,104.23,0.01,0.0,ETH-12JUL19-360-C,295.1,98.1,0.008,250.0,0.012,150.0,110.21,0.09798,-0.57533,0.00869,0.00441,0.13066
295.32,SYN.ETH-5JUL19,1562151542033,open,0.0,435.0,0.001,0.043,0.003484,114.16,0.004,0.0,ETH-5JUL19-330-C,295.1,100.18,0.002,10.0,0.005,151.0,125.72,0.03553,-1.02902,0.00138,0.00695,0.09411
295.32,SYN.ETH-5JUL19,1562151542033,open,0.0,1448.0,0.001,0.04,4.3e-05,129.97,0.003,0.0,ETH-5JUL19-390-C,295.1,0.0,0.0,0.0,0.002,150.0,206.79,0.00113,-0.01274,2e-05,0.00019,0.00165
295.32,SYN.ETH-5JUL19,1562151542033,open,0.0,1.0,0.001,0.04,0.0,129.98,0.006,0.0,ETH-5JUL19-440-C,295.1,0.0,0.0,0.0,0.002,150.0,276.85,1e-05,-7e-05,0.0,0.0,1e-05
297.33,SYN.ETH-26JUL19,1562151542033,open,0.04,3229.0,0.001,0.078,0.038971,104.69,0.047,0.0,ETH-26JUL19-360-C,295.1,101.09,0.036,150.0,0.042,293.0,108.28,0.24822,-0.56796,0.04392,0.00428,0.27467
295.99,SYN.ETH-12JUL19,1562151542033,open,0.49,0.0,0.429,0.547,0.488054,121.44,None,0.0,ETH-12JUL19-440-P,295.1,0.0,0.0,0.0,0.0,0.0,0.0,0.02498,-0.17087,-0.10546,0.00097,-0.97719
295.32,SYN.ETH-5JUL19,1562151542033,open,0.46,0.0,0.398,0.514,0.456051,129.95,None,0.0,ETH-5JUL19-430-P,295.1,0.0,0.0,0.0,0.0,0.0,0.0,3e-05,-0.00103,-0.0221,1e-05,-0.99997
295.99,SYN.ETH-12JUL19,1562151542035,open,0.07,9.0,0.029,0.114,0.071596,103.25,0.08,0.0,ETH-12JUL19-300-P,295.1,94.25,0.066,150.0,0.076,240.0,110.33,0.18414,-1.071,-0.04123,0.00837,-0.50123
295.32,SYN.ETH-5JUL19,1562151542033,open,0.19,0.0,0.148,0.227,0.187647,127.33,None,0.0,ETH-5JUL19-240-C,295.1,0.0,0.005,1.0,0.0,0.0,0.0,0.00575,-0.19527,0.01217,0.00101,0.98978
295.99,SYN.ETH-12JUL19,1562151542034,open,0.0,0.0,0.001,0.041,0.00144,126.79,None,0.0,ETH-12JUL19-200-P,295.1,0.0,0.0,0.0,0.003,400.0,143.97,0.0211,-0.15069,-0.00145,0.00078,-0.01869
297.33,SYN.ETH-26JUL19,1562151542034,open,0.03,1302.0,0.001,0.067,0.027691,104.69,0.028,0.0,ETH-26JUL19-380-C,295.1,100.9,0.025,290.0,0.03,160.0,107.84,0.21476,-0.49142,0.03405,0.0037,0.2104
295.32,SYN.ETH-5JUL19,1562151542033,open,0.0,326.0,0.001,0.04,9.2e-05,130.03,0.001,0.0,ETH-5JUL19-230-P,295.1,0.0,0.0,0.0,0.002,150.0,198.62,0.00204,-0.02731,-5e-05,0.00035,-0.00318
295.32,SYN.ETH-5JUL19,1562151542034,open,0.42,0.0,0.366,0.479,0.42219,129.98,None,0.0,ETH-5JUL19-420-P,295.1,0.0,0.0,0.0,0.0,0.0,0.0,8e-05,-0.00275,-0.02158,1e-05,-0.99991
297.33,SYN.ETH-26JUL19,1562151542036,open,0.07,1426.0,0.034,0.113,0.073074,103.44,0.06,0.0,ETH-26JUL19-320-C,295.1,98.29,0.068,236.0,0.078,236.0,108.42,0.29344,-0.66343,0.06813,0.00512,0.43869
295.99,SYN.ETH-12JUL19,1562151542034,open,0.01,545.0,0.001,0.047,0.007382,106.63,0.01,0.0,ETH-12JUL19-240-P,295.1,96.35,0.005,152.0,0.01,400.0,116.34,0.0746,-0.44811,-0.00697,0.00328,-0.08943
297.33,SYN.ETH-26JUL19,1562151542034,open,0.25,1048.0,0.2,0.299,0.249841,104.8,0.134,0.0,ETH-26JUL19-360-P,295.1,0.0,0.2,1.0,0.0,0.0,0.0,0.24836,-0.56887,-0.18166,0.00428,-0.72503
295.32,SYN.ETH-5JUL19,1562151542033,open,0.0,642.0,0.001,0.041,0.001261,130.0,0.003,0.0,ETH-5JUL19-250-P,295.1,124.75,0.001,10.0,0.004,150.0,165.9,0.0157,-0.37254,-0.00052,0.0027,-0.03331
295.99,SYN.ETH-12JUL19,1562151542033,open,0.35,0.0,0.3,0.408,0.354079,106.65,None,0.0,ETH-12JUL19-400-P,295.1,0.0,0.0,0.0,0.0,0.0,0.0,0.04141,-0.24881,-0.09443,0.00182,-0.95796
295.99,SYN.ETH-12JUL19,1562151542034,open,0.02,696.0,0.001,0.059,0.018516,104.62,0.016,0.0,ETH-12JUL19-260-P,295.1,96.09,0.015,337.0,0.021,337.0,110.38,0.12543,-0.73924,-0.01504,0.00563,-0.19045
295.32,SYN.ETH-5JUL19,1562151542033,open,0.49,0.0,0.431,0.549,0.489912,129.85,None,0.0,ETH-5JUL19-440-P,295.1,0.0,0.0,0.0,0.0,0.0,0.0,1e-05,-0.00037,-0.02261,0.0,-0.99999
295.32,SYN.ETH-5JUL19,1562151542033,open,0.0,668.0,0.001,0.04,0.00011,129.97,0.004,0.0,ETH-5JUL19-380-C,295.1,0.0,0.0,0.0,0.001,300.0,170.71,0.00246,-0.03242,6e-05,0.00042,0.00391
297.33,SYN.ETH-26JUL19,1562151542033,open,0.75,0.0,0.682,0.821,0.751913,111.06,None,0.0,ETH-26JUL19-520-P,295.1,0.0,0.0,0.0,0.0,0.0,0.0,0.05154,-0.12512,-0.32075,0.00084,-0.96936
295.32,SYN.ETH-5JUL19,1562151542044,open,0.09,3.0,0.052,0.131,0.091466,116.23,0.11,0.0,ETH-5JUL19-270-C,295.1,98.39,0.089,1.0,0.098,50.0,153.24,0.04523,-1.40145,0.01179,0.00868,0.86811
303.32,ETH-27SEP19,1562151542051,open,1.01,27.0,0.928,1.088,1.008153,105.68,1.044,0.0,ETH-27SEP19-600-P,295.1,0.0,0.978,1.0,1.055,2.0,140.54,0.32956,-0.20279,-1.33224,0.00144,-0.85868
11389.89,SYN.BTC-5JUL19,1562151542092,open,0.02,809.6,0.0005,0.057,0.01641624,108.69,0.03,0.0,BTC-5JUL19-11000-P,11381.76,97.03,0.0135,0.6,0.0185,11.1,116.79,2.89452,-83.86438,-0.1931,0.0004,-0.31349
11389.89,SYN.BTC-5JUL19,1562151542096,open,0.02,809.6,0.0005,0.057,0.01641624,108.69,0.03,0.0,BTC-5JUL19-11000-P,11381.76,99.04,0.014,10.0,0.0185,11.1,116.79,2.89452,-83.86438,-0.1931,0.0004,-0.31349
11389.89,SYN.BTC-5JUL19,1562151542199,open,0.02,809.6,0.0005,0.057,0.01641624,108.69,0.03,0.0,BTC-5JUL19-11000-P,11381.76,101.04,0.0145,0.1,0.0185,11.1,116.79,2.89452,-83.86438,-0.1931,0.0004,-0.31349
11389.89,SYN.BTC-5JUL19,1562151542239,open,0.04,270.2,0.0005,0.077,0.03581864,107.09,0.0335,0.0,BTC-5JUL19-11500-P,11381.76,93.59,0.032,0.6,0.0385,10.1,116.42,3.24506,-92.63879,-0.33391,0.00045,-0.53464
11389.89,SYN.BTC-5JUL19,1562151542242,open,0.08,354.0,0.0445,0.124,0.08428085,111.15,0.0835,0.0,BTC-5JUL19-10500-C,11381.76,99.76,0.0825,0.6,0.088,13.6,132.31,1.85564,-54.98046,0.45149,0.00025,0.85562
11961.26,BTC-27DEC19,1562151542324,open,0.14,237.7,0.0995,0.179,0.13926634,98.83,0.145,0.0,BTC-27DEC19-18000-C,11381.76,97.25,0.135,6.4,0.1435,5.0,100.4,32.19571,-8.99492,15.18714,5e-05,0.40128
11740.07,BTC-27SEP19,1562151542309,open,0.01,91.0,0.0005,0.054,0.01403343,111.36,0.014,0.0,BTC-27SEP19-30000-C,11381.76,108.96,0.0125,32.0,0.0155,15.0,113.52,7.74696,-5.02282,1.57924,2e-05,0.07121
11389.89,SYN.BTC-5JUL19,1562151542409,open,0.02,809.6,0.0005,0.057,0.01641624,108.69,0.03,0.0,BTC-5JUL19-11000-P,11381.76,97.03,0.0135,0.6,0.0185,11.1,116.79,2.89452,-83.86438,-0.1931,0.0004,-0.31349
11740.07,BTC-27SEP19,1562151542401,open,0.01,91.0,0.0005,0.054,0.01403343,111.36,0.014,0.0,BTC-27SEP19-30000-C,11381.76,108.14,0.012,32.0,0.0155,15.0,113.52,7.74696,-5.02282,1.57924,2e-05,0.07121
11389.89,SYN.BTC-5JUL19,1562151542412,open,0.02,809.6,0.0005,0.057,0.01641624,108.69,0.03,0.0,BTC-5JUL19-11000-P,11381.76,99.04,0.014,10.0,0.0185,11.1,116.79,2.89452,-83.86438,-0.1931,0.0004,-0.31349
11961.44,BTC-27DEC19,1562151542433,open,0.01,101.8,0.0005,0.046,0.00606586,101.53,0.0105,0.0,BTC-27DEC19-3500-P,11381.12,97.92,0.005,10.0,0.0075,8.0,105.87,3.72338,-1.06868,-1.40736,1e-05,-0.01821
11477.12,SYN.BTC-26JUL19,1562151542433,open,0.2,42.8,0.165,0.2445,0.20483141,104.51,0.192,0.0,BTC-26JUL19-9500-C,11381.12,101.85,0.203,6.4,0.2105,6.4,112.53,7.96373,-18.19103,4.3048,9e-05,0.8033
11740.06,BTC-27SEP19,1562151542435,open,0.01,433.3,0.0005,0.046,0.00606269,104.24,0.0075,0.0,BTC-27SEP19-5000-P,11381.12,98.48,0.0045,26.0,0.0075,15.0,108.84,3.45342,-2.09589,-0.88914,1e-05,-0.02613
11740.06,BTC-27SEP19,1562151542435,open,0.68,0.0,0.6425,0.722,0.68246897,111.68,None,0.0,BTC-27SEP19-3750-C,11381.12,0.0,0.0045,10.0,0.767,10.0,298.73,1.34552,-0.87495,8.53,0.0,0.99129
11960.8,BTC-27DEC19,1562151542436,open,0.04,154.6,0.0005,0.079,0.03942905,108.1,0.0305,0.0,BTC-27DEC19-36000-C,11381.12,106.49,0.037,8.0,0.0415,10.0,109.43,18.37686,-5.61544,5.72944,2e-05,0.13828
11960.8,BTC-27DEC19,1562151542437,open,0.5,63.0,0.464,0.5435,0.50375883,96.38,0.4965,0.0,BTC-27DEC19-6500-C,11381.12,0.0,0.2425,0.1,0.9735,2.0,500.0,15.31382,-4.1721,22.57985,2e-05,0.89333
11418.76,SYN.BTC-12JUL19,1562151542436,open,0.11,18.6,0.052,0.1395,0.09581711,105.68,0.143,0.0,BTC-12JUL19-12000-P,11381.12,96.89,0.0905,24.0,0.0995,5.0,111.73,6.93554,-41.28905,-1.89495,0.00021,-0.58663
11960.8,BTC-27DEC19,1562151542438,open,0.04,273.6,0.0005,0.0775,0.03616015,96.36,0.0515,0.0,BTC-27DEC19-6000-P,11381.12,93.9,0.0335,13.0,0.0385,8.0,98.47,13.10525,-3.5698,-7.09833,2e-05,-0.08631
11389.58,SYN.BTC-5JUL19,1562151542436,open,0.0,477.2,0.0005,0.04,3.56e-06,130.01,0.0005,0.0,BTC-5JUL19-16000-C,11381.12,0.0,0.0,0.0,0.0005,1.7,199.82,0.00499,-0.04057,9e-05,0.0,0.00016
11739.42,BTC-27SEP19,1562151542438,open,0.15,164.9,0.111,0.1905,0.1508796,99.12,0.144,0.0,BTC-27SEP19-13000-C,11381.12,96.6,0.146,23.7,0.1555,5.0,101.51,22.70765,-13.10483,9.95387,7e-05,0.51127
11960.8,BTC-27DEC19,1562151542439,open,0.83,0.0,0.7945,0.874,0.8340355,113.67,None,0.0,BTC-27DEC19-2000-C,11381.12,0.0,0.0135,0.1,0.986,0.5,500.0,0.97649,-0.31377,9.39022,0.0,0.99604
11389.58,SYN.BTC-5JUL19,1562151542438,open,0.0,55.5,0.0005,0.04,8.9e-07,130.01,0.0005,0.0,BTC-5JUL19-16500-C,11381.12,0.0,0.0,0.0,0.0005,10.1,215.21,0.00144,-0.01009,2e-05,0.0,4e-05
11418.76,SYN.BTC-12JUL19,1562151542439,open,0.06,56.8,0.0225,0.102,0.06243528,105.73,0.06,0.0,BTC-12JUL19-11500-C,11381.12,101.81,0.06,30.0,0.066,5.0,111.46,7.09817,-42.27592,1.25865,0.00021,0.51573
11418.76,SYN.BTC-12JUL19,1562151542439,open,0.14,16.5,0.0825,0.172,0.12730725,107.65,0.179,0.0,BTC-12JUL19-12500-P,11381.12,96.22,0.121,24.0,0.1305,24.0,113.3,6.40515,-38.84331,-2.229,0.00019,-0.67544
11389.58,SYN.BTC-5JUL19,1562151542436,open,0.25,5.0,0.214,0.2935,0.25374286,138.41,0.25,0.0,BTC-5JUL19-8500-C,11381.12,0.0,0.001,0.1,0.0,0.0,0.0,0.0363,-1.3395,0.43599,0.0,0.99865
11389.58,SYN.BTC-5JUL19,1562151542536,open,0.02,809.6,0.0005,0.057,0.01641624,108.61,0.03,0.0,BTC-5JUL19-11000-P,11381.12,101.01,0.0145,0.1,0.0185,11.1,116.75,2.89449,-83.79777,-0.1931,0.0004,-0.3135
11961.44,BTC-27DEC19,1562151542630,open,0.39,8.3,0.325,0.435,0.380086,97.2,0.38,0.0,BTC-27DEC19-14000-P,11381.12,94.27,0.372,4.8,0.389,4.8,100.43,33.03343,-9.07643,-48.57292,5e-05,-0.4579
11389.58,SYN.BTC-5JUL19,1562151542646,open,0.11,98.7,0.06,0.148,0.10401346,120.65,0.095,0.0,BTC-5JUL19-12500-P,11381.12,75.73,0.0985,8.0,0.106,8.0,131.91,1.91168,-61.48218,-0.55783,0.00024,-0.84905
11477.12,SYN.BTC-26JUL19,1562151542659,open,0.07,91.5,0.0325,0.112,0.07203732,106.73,0.0645,0.0,BTC-26JUL19-12500-C,11381.12,104.15,0.0695,35.2,0.074,5.0,108.73,11.26623,-26.28281,2.54794,0.00013,0.42626
11389.58,SYN.BTC-5JUL19,1562151542676,open,0.16,36.9,0.099,0.19,0.14456313,126.99,0.1345,0.0,BTC-5JUL19-13000-P,11381.12,0.0,0.139,8.0,0.1475,8.0,150.36,1.21005,-40.9607,-0.62328,0.00014,-0.92033
11389.58,SYN.BTC-5JUL19,1562151542678,open,0.16,36.9,0.099,0.19,0.14456313,126.99,0.1345,0.0,BTC-5JUL19-13000-P,11381.12,0.0,0.139,8.0,0.147,8.0,146.82,1.21005,-40.9607,-0.62328,0.00014,-0.92033
11961.44,BTC-27DEC19,1562151542937,open,0.33,422.1,0.2915,0.371,0.33133659,96.37,0.29,0.0,BTC-27DEC19-10000-C,11381.12,92.77,0.323,9.8,0.336,5.0,98.38,27.70645,-7.54759,22.90769,4e-05,0.72655
11740.06,BTC-27SEP19,1562151542999,open,0.01,91.0,0.0005,0.054,0.0140318,111.36,0.014,0.0,BTC-27SEP19-30000-C,11381.12,108.96,0.0125,32.0,0.0155,15.0,113.52,7.74758,-5.02337,1.57939,2e-05,0.07121
311.1,ETH-27DEC19,1562151543049,open,0.07,0.0,0.034,0.113,0.073909,104.33,None,0.0,ETH-27DEC19-680-C,295.1,99.12,0.063,143.0,0.087,143.0,110.25,0.66978,-0.19754,0.247,0.00137,0.23775
295.95,SYN.ETH-12JUL19,1562151543302,open,0.33,0.0,0.286,0.365,0.32574,128.01,None,0.0,ETH-12JUL19-200-C,295.1,0.0,0.0,0.0,0.0,0.0,0.0,0.02192,-0.1581,0.04712,0.0008,0.98044
295.28,SYN.ETH-5JUL19,1562151543348,open,0.22,0.0,0.171,0.268,0.219639,124.55,None,0.0,ETH-5JUL19-360-P,295.1,0.0,0.0,0.0,0.0,0.0,0.0,0.00793,-0.26327,-0.01828,0.00142,-0.98519
295.28,SYN.ETH-5JUL19,1562151543378,open,0.29,0.0,0.236,0.338,0.286852,0.0,None,0.0,ETH-5JUL19-380-P,295.1,0.0,0.0,0.0,0.0,0.0,0.0,0.0,0.0,-0.01953,0.0,-1.0
11739.75,BTC-27SEP19,1562151543434,open,0.0,1058.8,0.0005,0.043,0.00296538,107.45,0.01,0.0,BTC-27SEP19-4250-P,11381.06,96.84,0.0015,15.0,0.0045,15.0,115.44,1.97551,-1.2359,-0.45613,1e-05,-0.01355
11739.75,BTC-27SEP19,1562151543434,open,0.0,1657.1,0.0005,0.04,3.158e-05,130.0,0.0005,0.0,BTC-27SEP19-1500-P,11381.06,0.0,0.0,0.0,0.0025,15.0,208.12,0.03767,-0.02851,-0.00565,0.0,-0.00017
11960.91,BTC-27DEC19,1562151543434,open,0.75,0.0,0.7135,0.793,0.75327794,105.79,None,0.0,BTC-27DEC19-3000-C,11381.06,0.0,0.0055,0.1,0.9825,0.5,500.0,2.6649,-0.79692,13.58497,0.0,0.98766
11960.91,BTC-27DEC19,1562151543434,open,0.67,27.1,0.6355,0.715,0.67526029,100.36,0.542,0.0,BTC-27DEC19-4000-C,11381.06,0.0,0.014,0.1,0.7075,0.2,149.96,5.28722,-1.49999,17.22219,1e-05,0.97239
11960.91,BTC-27DEC19,1562151543435,open,0.44,93.8,0.4075,0.487,0.44701395,96.36,0.4485,0.0,BTC-27DEC19-7500-C,11381.06,0.0,0.311,3.0,0.506,2.5,131.04,19.51886,-5.31694,23.28672,3e-05,0.84878
11960.91,BTC-27DEC19,1562151543435,open,0.06,165.9,0.0175,0.102,0.05981691,96.36,0.097,0.0,BTC-27DEC19-7000-P,11381.06,93.38,0.0555,10.0,0.062,8.0,97.85,17.46175,-4.75641,-10.90837,3e-05,-0.12838
11739.75,BTC-27SEP19,1562151543435,open,0.0,612.3,0.0005,0.041,0.00136103,126.46,0.002,0.0,BTC-27SEP19-3000-P,11381.06,0.0,0.0,0.0,0.0025,15.0,138.18,0.92325,-0.67978,-0.19467,0.0,-0.00569
11960.91,BTC-27DEC19,1562151543435,open,0.02,18.9,0.0005,0.0625,0.02276216,112.71,0.0175,0.0,BTC-27DEC19-48000-C,11381.06,110.54,0.0205,8.0,0.0245,10.0,114.3,12.84186,-4.09172,3.5494,2e-05,0.084
11739.75,BTC-27SEP19,1562151543435,open,0.03,210.9,0.0005,0.067,0.02623474,99.12,0.028,0.0,BTC-27SEP19-7000-P,11381.06,95.69,0.0235,46.9,0.029,22.4,102.45,9.55756,-5.51557,-3.32385,3e-05,-0.0941
11739.75,BTC-27SEP19,1562151543435,open,0.47,14.5,0.3955,0.511,0.4533299,101.21,0.4105,0.0,BTC-27SEP19-16000-P,11381.06,0.0,0.0045,10.0,1.1015,0.2,500.0,21.09292,-12.42971,-30.47367,6e-05,-0.64996
11388.95,SYN.BTC-5JUL19,1562151543435,open,0.0,393.7,0.0005,0.041,0.00136169,130.03,0.0015,0.0,BTC-5JUL19-13500-C,11381.06,123.32,0.001,0.1,0.002,15.0,139.68,0.67091,-15.50817,0.02129,8e-05,0.03773
11960.91,BTC-27DEC19,1562151543436,open,0.79,0.0,0.754,0.8335,0.79358067,110.71,None,0.0,BTC-27DEC19-2500-C,11381.06,0.0,0.0135,0.1,0.9845,0.5,500.0,1.79222,-0.5609,11.51016,0.0,0.99216
11960.91,BTC-27DEC19,1562151543437,open,0.0,160.5,0.0005,0.044,0.00408474,105.74,0.0075,0.0,BTC-27DEC19-3000-P,11381.06,100.41,0.003,10.0,0.0055,21.0,111.56,2.66098,-0.7954,-0.95095,0.0,-0.01232
11960.91,BTC-27DEC19,1562151543436,open,0.06,60.4,0.0235,0.103,0.06324765,104.31,0.0655,0.0,BTC-27DEC19-28000-C,11381.06,102.93,0.0605,6.4,0.0655,10.0,105.43,23.96155,-7.06583,8.47586,3e-05,0.20948
11960.91,BTC-27DEC19,1562151543438,open,0.0,124.3,0.0005,0.0405,0.00074358,123.7,0.0015,0.0,BTC-27DEC19-1500-P,11381.06,0.0,0.0,0.0,0.0015,3.0,135.65,0.5862,-0.20499,-0.17321,0.0,-0.00224
11960.91,BTC-27DEC19,1562151543438,open,0.6,62.9,0.5615,0.641,0.60147318,97.07,0.598,0.0,BTC-27DEC19-5000-C,11381.06,0.0,0.0045,0.1,0.6205,0.5,119.41,8.81824,-2.41969,20.10294,1e-05,0.94831
11739.75,BTC-27SEP19,1562151543438,open,0.72,0.0,0.6845,0.764,0.72426578,115.98,None,0.0,BTC-27SEP19-3250-C,11381.06,0.0,0.0045,10.0,0.928,5.0,500.0,0.84825,-0.57281,7.4732,0.0,0.99483
11960.91,BTC-27DEC19,1562151543438,open,0.71,4.0,0.6735,0.753,0.71344588,101.53,0.59,0.0,BTC-27DEC19-3500-C,11381.06,0.0,0.0055,0.1,0.78,1.0,206.42,3.72331,-1.06862,15.55336,1e-05,0.98179
11739.75,BTC-27SEP19,1562151543439,open,0.59,13.5,0.56,0.6395,0.5999799,104.19,0.382,0.0,BTC-27SEP19-4750-C,11381.06,0.0,0.0045,10.0,0.7255,5.0,299.19,2.81796,-1.70948,10.48205,1e-05,0.97948
11476.56,SYN.BTC-26JUL19,1562151543436,open,0.35,10.0,0.282,0.388,0.3349087,110.59,0.17,0.0,BTC-26JUL19-15000-P,11381.06,0.0,0.0,0.0,0.0,0.0,0.0,8.1312,-19.65461,-8.13683,9e-05,-0.79635
11476.56,SYN.BTC-26JUL19,1562151543437,open,0.3,24.1,0.272,0.3515,0.31168405,105.82,0.38,0.0,BTC-26JUL19-8000-C,11381.06,0.0,0.161,0.3,0.0,0.0,0.0,3.75135,-8.67689,4.4653,4e-05,0.93249
11418.15,SYN.BTC-12JUL19,1562151543434,open,0.08,53.7,0.0445,0.124,0.0844641,105.76,0.082,0.0,BTC-12JUL19-11000-C,11381.06,101.6,0.082,24.0,0.0885,5.0,112.55,6.77281,-40.34954,1.49033,0.0002,0.62122
11476.56,SYN.BTC-26JUL19,1562151543436,open,0.04,158.7,0.0005,0.08,0.04039292,108.5,0.0405,0.0,BTC-26JUL19-14000-C,11381.06,106.22,0.0385,41.6,0.0415,1.0,109.82,9.5973,-22.75945,1.69188,0.00011,0.27561
11476.56,SYN.BTC-26JUL19,1562151543437,open,0.0,165.6,0.0005,0.042,0.00195669,115.04,0.0035,0.0,BTC-26JUL19-6500-P,11381.06,104.05,0.001,30.0,0.003,48.0,123.62,1.21669,-3.05933,-0.13699,1e-05,-0.01709
11388.95,SYN.BTC-5JUL19,1562151543438,open,0.01,328.0,0.0005,0.0465,0.00654361,120.84,0.0045,0.0,BTC-5JUL19-12500-C,11381.06,107.82,0.0045,18.5,0.008,44.5,129.19,1.91386,-61.65148,0.08467,0.00024,0.15122
11418.15,SYN.BTC-12JUL19,1562151543439,open,0.29,0.0,0.261,0.3405,0.30066714,114.71,None,0.0,BTC-12JUL19-8000-C,11381.06,0.0,0.0,0.0,0.0,0.0,0.0,0.81957,-5.29629,1.88941,2e-05,0.98116
11739.42,BTC-27SEP19,1562151543417,open,0.26,805.6,0.2195,0.299,0.25931241,99.04,0.2425,0.0,BTC-27SEP19-10000-C,11381.12,95.48,0.2535,23.7,0.2625,9.5,100.97,19.26615,-11.10961,12.64137,6e-05,0.71702
11476.56,SYN.BTC-26JUL19,1562151543438,open,0.03,92.2,0.0005,0.0735,0.03372165,109.77,0.03,0.0,BTC-26JUL19-14500-C,11381.06,106.88,0.0315,41.6,0.0355,5.0,112.05,8.88613,-21.32071,1.46762,0.0001,0.23776
11418.15,SYN.BTC-12JUL19,1562151543438,open,0.0,134.0,0.0005,0.041,0.00126861,114.19,0.0015,0.0,BTC-12JUL19-8000-P,11381.06,99.91,0.0005,55.0,0.002,10.0,123.14,0.80481,-5.17712,-0.05474,2e-05,-0.01845
11418.15,SYN.BTC-12JUL19,1562151543438,open,0.04,127.8,0.005,0.0845,0.04493236,105.74,0.045,0.0,BTC-12JUL19-12000-C,11381.06,101.73,0.0425,24.0,0.045,20.0,105.85,6.93502,-41.30975,1.02288,0.00021,0.41333
11476.56,SYN.BTC-26JUL19,1562151543438,open,0.01,353.0,0.0005,0.0485,0.00886085,114.44,0.009,0.0,BTC-26JUL19-18000-C,11381.06,110.5,0.0075,42.0,0.01,5.0,117.5,4.13672,-10.34735,0.48789,4e-05,0.07669
11418.15,SYN.BTC-12JUL19,1562151543439,open,0.29,0.0,0.227,0.329,0.27806939,113.6,None,0.0,BTC-12JUL19-14500-P,11381.06,0.0,0.0,0.0,0.0,0.0,0.0,3.21035,-20.5443,-3.26047,9e-05,-0.89622
11476.56,SYN.BTC-26JUL19,1562151543438,open,0.14,232.3,0.086,0.176,0.13108663,104.8,0.1715,0.0,BTC-26JUL19-12000-P,11381.06,99.2,0.1255,19.2,0.135,19.2,108.72,11.45344,-26.23681,-4.65053,0.00013,-0.51547
11388.95,SYN.BTC-5JUL19,1562151543438,open,0.0,652.2,0.0005,0.04,0.00015831,130.03,0.0005,0.0,BTC-5JUL19-14500-C,11381.06,0.0,0.0,0.0,0.0015,10.0,175.72,0.12796,-1.80295,0.00311,1e-05,0.00547
11476.56,SYN.BTC-26JUL19,1562151543439,open,0.06,411.4,0.02,0.0995,0.05988738,107.69,0.0605,0.0,BTC-26JUL19-13000-C,11381.06,104.63,0.057,41.6,0.062,5.0,109.91,10.86341,-25.5697,2.24227,0.00012,0.37163
11476.56,SYN.BTC-26JUL19,1562151543437,open,0.01,316.5,0.0005,0.0525,0.01284471,113.0,0.0085,0.0,BTC-26JUL19-17000-C,11381.06,109.99,0.0115,42.0,0.014,5.0,115.47,5.26424,-13.00173,0.67083,6e-05,0.10611
11476.56,SYN.BTC-26JUL19,1562151543436,open,0.0,126.8,0.0005,0.0405,0.00048813,120.12,0.0005,0.0,BTC-26JUL19-5500-P,11381.06,0.0,0.0,0.0,0.001,5.0,131.53,0.39403,-1.03457,-0.0374,0.0,-0.00471
11418.15,SYN.BTC-12JUL19,1562151543438,open,0.02,125.5,0.0005,0.0565,0.01669618,111.15,0.0195,0.0,BTC-12JUL19-13500-C,11381.06,107.06,0.015,38.0,0.018,5.0,114.2,4.82433,-30.20721,0.47987,0.00014,0.18953
11476.56,SYN.BTC-26JUL19,1562151543438,open,0.27,36.6,0.2335,0.313,0.27335609,104.56,0.2155,0.0,BTC-26JUL19-8500-C,11381.06,0.0,0.2425,5.0,0.2955,5.0,146.16,5.0661,-11.5782,4.50261,6e-05,0.89935
11476.56,SYN.BTC-26JUL19,1562151543436,open,0.43,0.0,0.396,0.4755,0.43561261,115.3,0.3665,0.0,BTC-26JUL19-6500-C,11381.06,0.0,0.0055,10.0,0.0,0.0,0.0,1.22729,-3.09291,3.93531,1e-05,0.98274
11388.95,SYN.BTC-5JUL19,1562151543442,open,0.0,714.0,0.0005,0.0405,0.00083157,129.95,0.0005,0.0,BTC-5JUL19-9500-P,11381.06,120.12,0.0005,10.0,0.0015,1.0,144.04,0.44673,-9.47067,-0.01401,5e-05,-0.02311
303.32,ETH-27SEP19,1562151543451,open,0.15,1054.0,0.11,0.189,0.149411,100.63,0.152,0.0,ETH-27SEP19-340-C,295.1,98.33,0.145,228.0,0.156,228.0,104.01,0.58692,-0.34388,0.25306,0.00269,0.50406
303.33,ETH-27SEP19,1562151543475,open,1.52,0.0,1.42,1.62,1.519935,110.21,None,0.0,ETH-27SEP19-760-P,295.1,0.0,0.0,0.0,0.0,0.0,0.0,0.2049,-0.13149,-1.74599,0.00086,-0.92658
11388.95,SYN.BTC-5JUL19,1562151543477,open,0.02,809.6,0.0005,0.057,0.01642564,108.57,0.03,0.0,BTC-5JUL19-11000-P,11381.06,96.92,0.0135,0.6,0.0185,11.1,116.67,2.89515,-83.78961,-0.19321,0.0004,-0.31371
11739.75,BTC-27SEP19,1562151543448,open,0.13,138.6,0.087,0.1665,0.12651822,99.65,0.122,0.0,BTC-27SEP19-14000-C,11381.06,97.56,0.1225,16.7,0.131,9.5,101.98,22.54724,-13.08184,8.96824,7e-05,0.45121
295.28,SYN.ETH-5JUL19,1562151543488,open,0.0,921.0,0.001,0.04,1.6e-05,130.05,0.04,0.0,ETH-5JUL19-400-C,295.1,0.0,0.0,0.0,0.002,150.0,221.93,0.00049,-0.00481,1e-05,8e-05,0.00067
303.32,ETH-27SEP19,1562151543454,open,0.26,1302.0,0.219,0.298,0.25825,100.15,0.256,0.0,ETH-27SEP19-260-C,295.1,96.33,0.252,110.0,0.264,110.0,103.59,0.50173,-0.29256,0.32399,0.00231,0.7123
11388.95,SYN.BTC-5JUL19,1562151543498,open,0.02,809.6,0.0005,0.057,0.01642564,108.57,0.03,0.0,BTC-5JUL19-11000-P,11381.06,98.94,0.014,10.0,0.0185,11.1,116.67,2.89515,-83.78961,-0.19321,0.0004,-0.31371
11739.75,BTC-27SEP19,1562151543482,open,0.18,712.9,0.1405,0.22,0.18016762,98.58,0.176,0.0,BTC-27SEP19-12000-C,11381.06,96.13,0.1755,23.7,0.1845,9.5,100.86,22.29717,-12.79803,10.95008,7e-05,0.57661
11739.75,BTC-27SEP19,1562151543508,open,0.15,164.9,0.111,0.1905,0.1508692,99.11,0.144,0.0,BTC-27SEP19-13000-C,11381.06,96.59,0.146,23.7,0.1555,9.5,101.5,22.70828,-13.10379,9.95455,7e-05,0.51127
11476.56,SYN.BTC-26JUL19,1562151543533,open,0.11,74.3,0.061,0.149,0.10516891,104.47,0.118,0.0,BTC-26JUL19-11500-P,11381.06,99.25,0.1,25.2,0.1085,3.0,107.83,11.37573,-25.97495,-4.00085,0.00013,-0.45107
11388.95,SYN.BTC-5JUL19,1562151543533,open,0.16,28.2,0.127,0.2065,0.16673578,131.11,0.159,0.0,BTC-5JUL19-9500-C,11381.06,0.0,0.164,8.0,0.171,8.0,188.65,0.46192,-16.14442,0.4736,5e-05,0.97595
11476.56,SYN.BTC-26JUL19,1562151543537,open,0.08,441.8,0.046,0.1255,0.08552833,104.86,0.088,0.0,BTC-26JUL19-12000-C,11381.06,103.32,0.084,35.2,0.088,2.9,107.33,11.4535,-26.24968,2.8703,0.00013,0.48458
11418.15,SYN.BTC-12JUL19,1562151543543,open,0.04,159.8,0.0005,0.072,0.03078101,105.68,0.031,0.0,BTC-12JUL19-10500-P,11381.06,99.34,0.0275,38.0,0.032,9.6,108.0,5.96472,-35.50852,-0.8552,0.00018,-0.27723
11418.15,SYN.BTC-12JUL19,1562151543548,open,0.04,127.8,0.005,0.0845,0.04493236,105.74,0.045,0.0,BTC-12JUL19-12000-C,11381.06,101.73,0.0425,30.0,0.045,20.0,105.85,6.93502,-41.30975,1.02288,0.00021,0.41333
11388.95,SYN.BTC-5JUL19,1562151543588,open,0.02,809.6,0.0005,0.057,0.01642564,108.57,0.03,0.0,BTC-5JUL19-11000-P,11381.06,100.94,0.0145,0.1,0.0185,11.1,116.67,2.89515,-83.78961,-0.19321,0.0004,-0.31371
11739.75,BTC-27SEP19,1562151543568,open,0.21,34.8,0.1545,0.25,0.2023089,98.57,0.2195,0.0,BTC-27SEP19-12000-P,11381.06,95.51,0.1965,19.2,0.2085,3.0,101.83,22.29735,-12.79629,-17.28273,7e-05,-0.42341
11960.91,BTC-27DEC19,1562151543600,open,0.09,61.0,0.058,0.1375,0.09791474,100.96,0.0995,0.0,BTC-27DEC19-22000-C,11381.06,99.55,0.0945,6.4,0.1015,15.0,102.43,29.0811,-8.29955,11.88876,4e-05,0.30303
11418.15,SYN.BTC-12JUL19,1562151543602,open,0.17,17.4,0.1385,0.218,0.1783148,106.84,0.1775,0.0,BTC-12JUL19-9500-C,11381.06,100.71,0.1765,8.0,0.184,8.0,123.84,3.51067,-21.12878,1.95501,0.0001,0.88243
11418.15,SYN.BTC-12JUL19,1562151543604,open,0.11,38.7,0.0715,0.151,0.11124159,105.77,0.1085,0.0,BTC-12JUL19-10500-C,11381.06,102.42,0.1095,8.0,0.117,0.4,116.66,5.96605,-35.54796,1.69759,0.00018,0.72265
11476.56,SYN.BTC-26JUL19,1562151543612,open,0.07,208.3,0.0205,0.105,0.06273741,104.47,0.06,0.0,BTC-26JUL19-10500-P,11381.06,98.6,0.0575,31.6,0.0635,2.0,105.32,10.25962,-23.42751,-2.74495,0.00012,-0.31889
295.28,SYN.ETH-5JUL19,1562151543661,open,0.04,346.0,0.001,0.082,0.040715,111.35,0.066,0.0,ETH-5JUL19-300-P,295.1,83.86,0.033,150.0,0.048,150.0,137.06,0.08339,-2.47523,-0.00916,0.01671,-0.56307
11476.56,SYN.BTC-26JUL19,1562151543680,open,0.07,208.3,0.0205,0.105,0.06273741,104.47,0.06,0.0,BTC-26JUL19-10500-P,11381.06,98.6,0.0575,41.6,0.0635,2.0,105.32,10.25962,-23.42751,-2.74495,0.00012,-0.31889
11476.56,SYN.BTC-26JUL19,1562151543698,open,0.05,59.7,0.01,0.0895,0.04960122,108.48,0.054,0.0,BTC-26JUL19-13500-C,11381.06,105.57,0.047,41.6,0.0515,5.0,110.59,10.30109,-24.42429,1.95919,0.00012,0.32199
11739.75,BTC-27SEP19,1562151543701,open,0.27,27.1,0.208,0.3085,0.25820857,99.1,0.39,0.0,BTC-27SEP19-13000-P,11381.06,95.64,0.2515,19.2,0.2645,3.0,102.36,22.7083,-13.10314,-20.6313,7e-05,-0.48874
295.95,SYN.ETH-12JUL19,1562151543732,open,0.09,105.0,0.054,0.133,0.093195,103.53,0.076,0.0,ETH-12JUL19-280-C,295.1,97.9,0.09,150.0,0.1,150.0,115.43,0.16829,-0.98157,0.04109,0.00763,0.66417
297.33,SYN.ETH-26JUL19,1562151543798,open,0.17,475.0,0.132,0.211,0.171265,102.59,0.18,0.0,ETH-26JUL19-260-C,295.1,98.58,0.168,40.0,0.178,40.0,110.9,0.24028,-0.53879,0.10644,0.00423,0.74241
295.32,SYN.ETH-5JUL19,1562151543817,open,0.12,1.0,0.083,0.162,0.122385,123.44,0.091,0.0,ETH-5JUL19-260-C,295.1,0.0,0.119,51.0,0.129,50.0,174.31,0.02809,-0.92439,0.01227,0.00508,0.93106
11739.75,BTC-27SEP19,1562151543758,open,0.08,116.1,0.0325,0.118,0.07532286,99.02,0.087,0.0,BTC-27SEP19-9000-P,11381.06,95.95,0.071,25.6,0.0775,17.3,100.56,16.58229,-9.56014,-7.98452,5e-05,-0.21375
11476.56,SYN.BTC-26JUL19,1562151543836,open,0.17,39.4,0.115,0.2075,0.16115169,106.69,0.1815,0.0,BTC-26JUL19-12500-P,11381.06,99.38,0.154,19.2,0.1635,19.2,109.08,11.2649,-26.26853,-5.28694,0.00013,-0.57389
311.1,ETH-27DEC19,1562151543841,open,0.31,1.0,0.273,0.352,0.312115,100.3,0.31,0.0,ETH-27DEC19-280-C,295.1,90.49,0.288,120.0,0.33,120.0,107.61,0.76247,-0.21618,0.57181,0.00162,0.69145
295.32,SYN.ETH-5JUL19,1562151543866,open,0.06,88.0,0.021,0.105,0.063396,111.64,0.096,0.0,ETH-5JUL19-310-P,295.1,78.93,0.056,50.0,0.069,50.0,133.95,0.07195,-2.14125,-0.0118,0.01438,-0.71436
11388.95,SYN.BTC-5JUL19,1562151543877,open,0.11,98.7,0.06,0.148,0.10403807,120.48,0.095,0.0,BTC-5JUL19-12500-P,11381.06,65.66,0.098,8.0,0.106,8.0,131.63,1.9072,-61.25201,-0.55811,0.00024,-0.84957
295.99,SYN.ETH-12JUL19,1562151543876,open,0.03,248.0,0.001,0.074,0.03419,103.77,0.017,0.0,ETH-12JUL19-320-C,295.1,98.22,0.031,200.0,0.037,126.0,108.68,0.16991,-0.99325,0.02231,0.00769,0.34418
11476.56,SYN.BTC-26JUL19,1562151543882,open,0.17,39.4,0.115,0.2075,0.16115169,106.69,0.1815,0.0,BTC-26JUL19-12500-P,11381.06,98.87,0.1535,19.2,0.1635,19.2,109.08,11.2649,-26.26853,-5.28694,0.00013,-0.57389
11418.15,SYN.BTC-12JUL19,1562151543894,open,0.14,22.4,0.103,0.1825,0.14264167,105.99,0.13,0.0,BTC-12JUL19-10000-C,11381.06,103.16,0.1415,8.0,0.148,5.0,118.23,4.80141,-28.66779,1.85822,0.00014,0.81193
295.28,SYN.ETH-5JUL19,1562151543890,open,0.07,76.0,0.025,0.104,0.064063,114.25,0.041,0.0,ETH-5JUL19-280-C,295.1,95.02,0.06,51.0,0.072,50.0,147.43,0.06657,-2.0274,0.01048,0.013,0.75481
295.99,SYN.ETH-12JUL19,1562151543907,open,0.06,190.0,0.019,0.098,0.058006,103.18,0.069,0.0,ETH-12JUL19-300-C,295.1,98.35,0.055,150.0,0.062,107.0,109.6,0.18414,-1.07032,0.03172,0.00838,0.49873
11960.85,BTC-27DEC19,1562151543910,open,0.66,6.8,0.5785,0.7095,0.64416697,98.84,0.741,0.0,BTC-27DEC19-18000-P,11381.06,95.6,0.6355,4.8,0.655,4.8,102.84,32.19446,-8.99488,-72.04016,5e-05,-0.59873
11418.15,SYN.BTC-12JUL19,1562151543913,open,0.17,10.2,0.115,0.2075,0.16108803,107.59,0.1335,0.0,BTC-12JUL19-13000-P,11381.06,95.88,0.1555,8.0,0.1645,8.0,114.52,5.60063,-33.94414,-2.54269,0.00016,-0.75473
297.33,SYN.ETH-26JUL19,1562151543909,open,0.06,1794.0,0.015,0.094,0.054073,104.54,0.05,0.0,ETH-26JUL19-340-C,295.1,101.24,0.051,120.0,0.057,125.0,107.7,0.2761,-0.63086,0.05541,0.00477,0.35139
303.32,ETH-27SEP19,1562151543922,open,0.15,839.0,0.103,0.194,0.14847,100.08,0.161,0.0,ETH-27SEP19-280-P,295.1,97.04,0.143,213.0,0.152,160.0,102.1,0.54018,-0.31475,-0.34984,0.00249,-0.34182
11476.56,SYN.BTC-26JUL19,1562151543914,open,0.2,29.3,0.145,0.24,0.19261335,107.63,0.22,0.0,BTC-26JUL19-13000-P,11381.06,99.02,0.1845,19.2,0.1945,19.2,109.66,10.86226,-25.5532,-5.90572,0.00012,-0.62849
311.11,ETH-27DEC19,1562151544019,open,0.38,0.0,0.324,0.434,0.379058,100.26,None,0.0,ETH-27DEC19-360-P,295.1,91.54,0.355,120.0,0.399,120.0,107.54,0.85559,-0.2425,-1.24143,0.00182,-0.44438
303.32,ETH-27SEP19,1562151544000,open,0.13,1566.0,0.091,0.17,0.1307,101.04,0.106,0.0,ETH-27SEP19-360-C,295.1,98.57,0.126,232.0,0.137,122.0,104.29,0.58375,-0.34341,0.23382,0.00267,0.45838
11739.75,BTC-27SEP19,1562151544084,open,0.01,326.5,0.0005,0.0495,0.00928268,102.68,0.012,0.0,BTC-27SEP19-5500-P,11381.06,99.38,0.008,0.1,0.0105,15.0,105.61,4.73145,-2.82874,-1.31282,1e-05,-0.03825
295.95,SYN.ETH-12JUL19,1562151544089,open,0.04,211.0,0.001,0.08,0.039174,103.32,0.041,0.0,ETH-12JUL19-280-P,295.1,95.94,0.035,200.0,0.043,116.0,110.02,0.16825,-0.97926,-0.02697,0.00765,-0.33562
11418.13,SYN.BTC-12JUL19,1562151544085,open,0.14,22.4,0.103,0.1825,0.14264167,105.9,0.13,0.0,BTC-12JUL19-10000-C,11381.06,103.17,0.1415,13.0,0.148,5.0,118.23,4.79904,-28.63101,1.85873,0.00014,0.81208
11476.59,SYN.BTC-26JUL19,1562151544125,open,0.85,0.0,0.7595,0.906,0.83273974,117.71,None,0.0,BTC-26JUL19-21000-P,11381.06,0.0,0.0,0.0,0.0,0.0,0.0,1.87414,-4.8217,-12.97733,2e-05,-0.97149
295.95,SYN.ETH-12JUL19,1562151544125,open,0.23,0.0,0.178,0.275,0.2262,103.79,None,0.0,ETH-12JUL19-360-P,295.1,0.0,0.0,0.0,0.0,0.0,0.0,0.09729,-0.56884,-0.07894,0.0044,-0.87066
11418.15,SYN.BTC-12JUL19,1562151544123,open,0.08,53.7,0.0445,0.124,0.08443568,105.76,0.082,0.0,BTC-12JUL19-11000-C,11381.06,101.6,0.082,30.0,0.0885,5.0,112.55,6.77281,-40.34954,1.49033,0.0002,0.62122
303.32,ETH-27SEP19,1562151544082,open,0.1,2724.0,0.062,0.141,0.101464,102.42,0.105,0.0,ETH-27SEP19-400-C,295.1,99.98,0.097,238.0,0.106,128.0,104.86,0.55966,-0.33374,0.19793,0.00252,0.37883
11739.75,BTC-27SEP19,1562151544085,open,0.4,13.0,0.3295,0.4395,0.38450042,100.46,0.43,0.0,BTC-27SEP19-15000-P,11381.06,96.15,0.3765,19.2,0.3915,19.2,104.17,21.96631,-12.84818,-27.25696,7e-05,-0.6023
295.28,SYN.ETH-5JUL19,1562151544138,open,0.01,456.0,0.001,0.053,0.013686,111.79,0.015,0.0,ETH-5JUL19-310-C,295.1,91.77,0.009,333.0,0.017,133.0,125.14,0.07191,-2.14283,0.00412,0.01436,0.28536
11388.95,SYN.BTC-5JUL19,1562151544142,open,0.01,382.4,0.0005,0.053,0.01313231,113.54,0.012,0.0,BTC-5JUL19-12000-C,11381.06,104.39,0.011,14.5,0.0155,0.6,123.25,2.71824,-82.27225,0.15254,0.00036,0.27378
11960.91,BTC-27DEC19,1562151544162,open,0.52,3.9,0.4475,0.568,0.50775732,98.08,0.641,0.0,BTC-27DEC19-16000-P,11381.06,94.91,0.499,4.8,0.5175,4.8,101.59,33.098,-9.17651,-60.36928,5e-05,-0.53377
11960.85,BTC-27DEC19,1562151544175,open,0.08,136.7,0.044,0.1235,0.08357111,102.02,0.084,0.0,BTC-27DEC19-24000-C,11381.06,100.67,0.0805,6.4,0.087,15.0,103.51,27.31428,-7.87713,10.5627,4e-05,0.26581
11476.56,SYN.BTC-26JUL19,1562151544177,open,0.11,74.3,0.061,0.149,0.10519952,104.47,0.118,0.0,BTC-26JUL19-11500-P,11381.06,99.25,0.1,6.0,0.1085,3.0,107.83,11.37573,-25.97495,-4.00085,0.00013,-0.45107
11476.59,SYN.BTC-26JUL19,1562151544189,open,0.31,5.0,0.2455,0.349,0.29715487,109.76,0.1535,0.0,BTC-26JUL19-14500-P,11381.06,0.0,0.0,0.0,0.0,0.0,0.0,8.88558,-21.31724,-7.62012,0.0001,-0.76226
11960.91,BTC-27DEC19,1562151544217,open,0.45,0.4,0.385,0.5,0.44247861,97.58,0.5045,0.0,BTC-27DEC19-15000-P,11381.06,94.53,0.434,4.8,0.452,4.8,101.01,33.21644,-9.16294,-54.48075,5e-05,-0.49746
11388.95,SYN.BTC-5JUL19,1562151544219,open,0.08,354.0,0.0445,0.124,0.08421772,111.6,0.0835,0.0,BTC-5JUL19-10500-C,11381.06,100.22,0.0825,0.6,0.088,5.6,132.63,1.86539,-55.49513,0.45078,0.00025,0.85447
11960.91,BTC-27DEC19,1562151544225,open,0.39,8.3,0.325,0.435,0.38013141,97.19,0.38,0.0,BTC-27DEC19-14000-P,11381.06,94.26,0.372,4.8,0.3885,4.8,100.23,33.0324,-9.0752,-48.57418,5e-05,-0.45795
11388.95,SYN.BTC-5JUL19,1562151544227,open,0.02,809.6,0.0005,0.057,0.01644429,108.57,0.03,0.0,BTC-5JUL19-11000-P,11381.06,100.94,0.0145,0.1,0.0185,43.1,116.67,2.89515,-83.78961,-0.19321,0.0004,-0.31371
11476.56,SYN.BTC-26JUL19,1562151544302,open,0.11,74.3,0.061,0.149,0.10519952,104.47,0.118,0.0,BTC-26JUL19-11500-P,11381.06,98.75,0.0995,19.2,0.1085,3.0,107.83,11.37573,-25.97495,-4.00085,0.00013,-0.45107
311.11,ETH-27DEC19,1562151544324,open,0.19,338.0,0.149,0.228,0.188177,100.29,0.195,0.0,ETH-27DEC19-400-C,295.1,97.71,0.181,124.0,0.197,110.0,103.47,0.86394,-0.24493,0.46355,0.00184,0.49565
295.28,SYN.ETH-5JUL19,1562151544352,open,0.0,564.0,0.001,0.042,0.002787,123.34,0.005,0.0,ETH-5JUL19-260-P,295.1,0.0,0.0,0.0,0.006,400.0,151.11,0.02811,-0.82307,-0.00109,0.00509,-0.06899
11388.95,SYN.BTC-5JUL19,1562151544371,open,0.02,809.6,0.0005,0.057,0.01644429,108.57,0.03,0.0,BTC-5JUL19-11000-P,11381.06,96.92,0.0135,0.6,0.0185,43.1,116.67,2.89515,-83.78961,-0.19321,0.0004,-0.31371
11388.89,SYN.BTC-5JUL19,1562151544362,open,0.08,354.0,0.0445,0.124,0.08421772,111.37,0.0835,0.0,BTC-5JUL19-10500-C,11381.06,100.24,0.0825,0.6,0.088,0.6,132.65,1.86141,-55.25878,0.45107,0.00025,0.85493
11960.85,BTC-27DEC19,1562151544404,open,0.66,6.8,0.5785,0.7095,0.64416697,98.84,0.741,0.0,BTC-27DEC19-18000-P,11381.06,95.6,0.6355,4.8,0.6545,4.8,102.66,32.19446,-8.99488,-72.04016,5e-05,-0.59873
11960.91,BTC-27DEC19,1562151544407,open,0.45,0.4,0.385,0.5,0.44247861,97.58,0.5045,0.0,BTC-27DEC19-15000-P,11381.06,94.53,0.434,4.8,0.4515,4.8,100.83,33.21644,-9.16294,-54.48075,5e-05,-0.49746
11388.89,SYN.BTC-5JUL19,1562151544409,open,0.08,89.4,0.0245,0.109,0.06678557,113.47,0.065,0.0,BTC-5JUL19-12000-P,11381.06,92.46,0.062,0.6,0.0685,0.6,120.57,2.71741,-82.19404,-0.46421,0.00036,-0.72638
11388.95,SYN.BTC-5JUL19,1562151544411,open,0.12,33.9,0.085,0.1645,0.12489298,127.5,0.125,0.0,BTC-5JUL19-10000-C,11381.06,91.45,0.1225,0.6,0.128,0.6,153.86,1.10784,-37.65402,0.47061,0.00013,0.92903
11960.91,BTC-27DEC19,1562151544416,open,0.06,165.9,0.0175,0.102,0.05982491,96.36,0.097,0.0,BTC-27DEC19-7000-P,11381.06,93.38,0.0555,10.0,0.0615,8.0,97.51,17.46175,-4.75641,-10.90837,3e-05,-0.12838
11961.18,BTC-27DEC19,1562151544435,open,0.0,88.9,0.0005,0.041,0.0012422,113.6,0.003,0.0,BTC-27DEC19-2000-P,11382.05,0.0,0.0,0.0,0.0025,13.0,125.68,0.97327,-0.31253,-0.3004,0.0,-0.00394
11740.0,BTC-27SEP19,1562151544435,open,0.03,256.7,0.0005,0.0685,0.0285924,107.66,0.025,0.0,BTC-27SEP19-24000-C,11382.05,104.63,0.0255,41.5,0.031,19.5,109.92,12.29433,-7.70664,2.90863,4e-05,0.1339
11740.0,BTC-27SEP19,1562151544436,open,0.5,714.8,0.4625,0.542,0.50240894,101.11,0.556,0.0,BTC-27SEP19-6000-C,11382.05,0.0,0.005,1.0,0.898,3.0,500.0,6.1771,-3.63647,12.27257,2e-05,0.94672
11961.18,BTC-27DEC19,1562151544436,open,0.03,87.0,0.0005,0.0675,0.02684683,96.45,0.0365,0.0,BTC-27DEC19-5500-P,11382.05,94.4,0.025,10.0,0.029,8.0,98.78,10.90042,-2.97201,-5.48249,2e-05,-0.06774
11961.18,BTC-27DEC19,1562151544436,open,0.53,122.6,0.495,0.5745,0.53452922,96.36,0.56,0.0,BTC-27DEC19-6000-C,11382.05,0.0,0.05,1.0,0.58,0.1,133.04,13.10431,-3.5694,21.97806,2e-05,0.9137
11740.0,BTC-27SEP19,1562151544436,open,0.0,122.0,0.0005,0.0415,0.00189564,111.75,0.002,0.0,BTC-27SEP19-3750-P,11382.05,0.0,0.0,0.0,0.0035,15.0,123.11,1.34897,-0.8777,-0.29376,0.0,-0.00874
11740.0,BTC-27SEP19,1562151544437,open,0.01,51.0,0.0005,0.0515,0.01158141,112.88,0.0105,0.0,BTC-27SEP19-32000-C,11381.06,110.01,0.01,32.0,0.013,19.5,115.26,6.75327,-4.43841,1.32797,2e-05,0.05966
11740.0,BTC-27SEP19,1562151544437,open,0.64,0.2,0.601,0.6805,0.64094808,107.41,0.26,0.0,BTC-27SEP19-4250-C,11382.05,0.0,0.005,0.1,0.7455,5.0,298.9,1.97263,-1.23364,9.54392,1e-05,0.98647
11388.89,SYN.BTC-5JUL19,1562151544435,open,0.0,164.7,0.0005,0.04,2.1e-07,130.0,0.0005,0.0,BTC-5JUL19-17000-C,11382.05,0.0,0.0,0.0,0.0005,22.0,230.01,0.00039,-0.00237,1e-05,0.0,1e-05
11961.18,BTC-27DEC19,1562151544439,open,0.02,168.3,0.0005,0.0595,0.01974143,114.26,0.018,0.0,BTC-27DEC19-52000-C,11382.05,111.86,0.0175,8.0,0.0215,10.0,116.02,11.60967,-3.74972,3.11769,1e-05,0.07353
11740.99,BTC-27SEP19,1562151544439,open,0.57,793.2,0.5405,0.62,0.58015942,104.09,0.5945,0.0,BTC-27SEP19-5000-C,11382.05,0.0,0.051,1.0,0.7155,5.0,298.71,3.43935,-2.08447,10.8794,1e-05,0.974
11388.89,SYN.BTC-5JUL19,1562151544435,open,0.0,850.2,0.0005,0.04,0.00015291,130.0,0.0005,0.0,BTC-5JUL19-9000-P,11382.05,0.0,0.0,0.0,0.0005,0.3,150.81,0.11899,-1.74152,-0.00304,1e-05,-0.00504
11740.99,BTC-27SEP19,1562151544440,open,0.74,225.7,0.706,0.7855,0.74581725,126.1,0.693,0.0,BTC-27SEP19-3000-C,11382.05,0.0,0.0045,20.0,0.9315,5.0,500.0,0.91029,-0.66834,6.86688,0.0,0.9944
11961.18,BTC-27DEC19,1562151544440,open,0.05,48.2,0.0095,0.089,0.04903097,106.15,0.0345,0.0,BTC-27DEC19-32000-C,11382.05,104.68,0.0465,6.4,0.051,10.0,107.27,20.90704,-6.27348,6.89298,3e-05,0.16795
11476.59,SYN.BTC-26JUL19,1562151544435,open,0.0,125.0,0.0005,0.0425,0.00292384,117.68,0.002,0.0,BTC-26JUL19-21000-C,11382.05,111.31,0.002,10.0,0.004,15.0,123.63,1.87233,-4.81592,0.18382,2e-05,0.02848
11388.89,SYN.BTC-5JUL19,1562151544437,open,0.2,28.3,0.1395,0.234,0.18671959,129.91,0.39,0.0,BTC-5JUL19-13500-P,11382.05,0.0,0.1785,5.0,0.224,5.0,343.01,0.66871,-23.15705,-0.67255,8e-05,-0.96242
11476.59,SYN.BTC-26JUL19,1562151544438,open,0.51,0.0,0.4345,0.5535,0.49411922,112.99,None,0.0,BTC-26JUL19-17000-P,11382.05,0.0,0.0,0.0,0.0,0.0,0.0,5.26399,-13.00068,-9.98364,6e-05,-0.8939
11388.89,SYN.BTC-5JUL19,1562151544438,open,0.29,0.0,0.258,0.3375,0.29756587,140.19,None,0.0,BTC-5JUL19-8000-C,11382.05,0.0,0.03,1.0,0.0,0.0,0.0,0.00567,-0.21185,0.411,0.0,0.99982
11476.59,SYN.BTC-26JUL19,1562151544440,open,0.12,201.9,0.084,0.1635,0.12399759,104.49,0.1115,0.0,BTC-26JUL19-11000-C,11382.05,102.41,0.122,25.2,0.129,0.1,109.72,10.98071,-25.07965,3.53319,0.00013,0.61521
11476.59,SYN.BTC-26JUL19,1562151544438,open,0.0,122.2,0.0005,0.044,0.00432607,117.21,0.0035,0.0,BTC-26JUL19-20000-C,11382.05,110.42,0.003,42.0,0.0055,15.0,122.22,2.49568,-6.3937,0.25943,3e-05,0.04039
11418.13,SYN.BTC-12JUL19,1562151544440,open,0.25,0.0,0.219,0.2985,0.25861723,113.76,None,0.0,BTC-12JUL19-8500-C,11382.05,0.0,0.0005,0.1,0.0,0.0,0.0,1.5298,-9.80393,1.94782,4e-05,0.96015
11418.13,SYN.BTC-12JUL19,1562151544439,open,0.02,459.0,0.0005,0.059,0.01844014,105.9,0.016,0.0,BTC-12JUL19-10000-P,11382.05,99.98,0.016,48.0,0.0205,5.0,110.73,4.7989,-28.62893,-0.57293,0.00014,-0.18791
11388.89,SYN.BTC-5JUL19,1562151544437,open,0.46,0.0,0.391,0.5065,0.44877413,0.0,None,0.0,BTC-5JUL19-16500-P,11382.05,0.0,0.0005,0.1,0.0,0.0,0.0,0.0,0.0,-0.84792,0.0,-1.0
11476.59,SYN.BTC-26JUL19,1562151544438,open,0.59,0.0,0.5145,0.64,0.57727059,114.44,None,0.0,BTC-26JUL19-18000-P,11382.05,0.0,0.0,0.0,0.0,0.0,0.0,4.13672,-10.34728,-10.79328,4e-05,-0.92331
11418.13,SYN.BTC-12JUL19,1562151544439,open,0.01,249.4,0.0005,0.046,0.00612952,116.81,0.0045,0.0,BTC-12JUL19-15000-C,11382.05,111.67,0.005,40.0,0.007,5.0,120.45,2.64052,-17.3756,0.20438,7e-05,0.07974
11388.89,SYN.BTC-5JUL19,1562151544438,open,0.42,0.0,0.349,0.461,0.40487457,0.0,None,0.0,BTC-5JUL19-16000-P,11382.05,0.0,0.0005,1.1,0.0,0.0,0.0,0.0,0.0,-0.82222,0.0,-1.0
11476.59,SYN.BTC-26JUL19,1562151544440,open,0.17,109.7,0.135,0.2145,0.17479189,104.49,0.1615,0.0,BTC-26JUL19-10000-C,11382.05,101.64,0.1725,6.4,0.1805,5.0,111.53,9.23537,-21.09326,4.09774,0.00011,0.7445
295.28,SYN.ETH-5JUL19,1562151544489,open,0.09,156.0,0.047,0.134,0.090471,110.95,0.06,0.0,ETH-5JUL19-320-P,295.1,54.12,0.084,50.0,0.095,50.0,134.16,0.0527,-1.55855,-0.01403,0.0106,-0.83425
11388.89,SYN.BTC-5JUL19,1562151544491,open,0.02,809.6,0.0005,0.057,0.01644429,108.64,0.03,0.0,BTC-5JUL19-11000-P,11382.05,98.93,0.014,0.1,0.0185,43.1,116.67,2.89557,-83.85391,-0.19329,0.0004,-0.31382
295.95,SYN.ETH-12JUL19,1562151544525,open,0.01,1276.0,0.001,0.045,0.005206,105.47,0.006,0.0,ETH-12JUL19-380-C,295.1,94.05,0.003,400.0,0.008,400.0,116.75,0.06551,-0.38922,0.00504,0.00292,0.07527
295.95,SYN.ETH-12JUL19,1562151544567,open,0.02,696.0,0.001,0.059,0.01853,104.52,0.016,0.0,ETH-12JUL19-260-P,295.1,96.02,0.015,337.0,0.021,200.0,110.31,0.12543,-0.73851,-0.01504,0.00563,-0.19048
295.28,SYN.ETH-5JUL19,1562151544567,open,0.0,71.0,0.001,0.04,0.0,130.04,0.005,0.0,ETH-5JUL19-460-C,295.1,0.0,0.0,0.0,0.002,150.0,301.82,0.0,-1e-05,0.0,0.0,0.0
297.33,SYN.ETH-26JUL19,1562151544580,open,0.13,727.0,0.092,0.171,0.131076,102.6,0.136,0.0,ETH-26JUL19-280-C,295.1,98.28,0.127,120.0,0.138,120.0,110.04,0.2781,-0.62365,0.09511,0.00489,0.64141
11388.89,SYN.BTC-5JUL19,1562151544595,open,0.02,809.6,0.0005,0.057,0.01644429,108.64,0.03,0.0,BTC-5JUL19-11000-P,11382.05,98.93,0.014,10.1,0.0185,43.1,116.67,2.89557,-83.85391,-0.19329,0.0004,-0.31382
297.33,SYN.ETH-26JUL19,1562151544591,open,0.08,741.0,0.03,0.115,0.072792,102.68,0.068,0.0,ETH-26JUL19-280-P,295.1,95.37,0.066,160.0,0.073,111.0,102.86,0.27811,-0.62414,-0.0804,0.00489,-0.35862
297.33,SYN.ETH-26JUL19,1562151544601,open,0.15,254.0,0.104,0.195,0.149349,103.52,0.141,0.0,ETH-26JUL19-320-P,295.1,93.96,0.14,120.0,0.152,120.0,106.15,0.29346,-0.664,-0.13241,0.00512,-0.56117
297.33,SYN.ETH-26JUL19,1562151544609,open,0.1,1302.0,0.059,0.138,0.098262,102.61,0.096,0.0,ETH-26JUL19-300-C,295.1,99.36,0.095,226.0,0.104,106.0,108.42,0.29566,-0.66308,0.08182,0.0052,0.5373
303.32,ETH-27SEP19,1562151544615,open,0.2,2926.0,0.157,0.236,0.196309,100.13,0.196,0.0,ETH-27SEP19-300-C,295.1,96.74,0.19,110.0,0.203,110.0,103.7,0.56662,-0.33033,0.29141,0.00261,0.60469
11388.89,SYN.BTC-5JUL19,1562151544623,open,0.02,809.6,0.0005,0.057,0.01644429,108.64,0.03,0.0,BTC-5JUL19-11000-P,11382.05,98.93,0.014,10.0,0.0185,43.1,116.67,2.89557,-83.85391,-0.19329,0.0004,-0.31382
311.11,ETH-27DEC19,1562151544629,open,0.47,0.0,0.415,0.532,0.473876,100.26,None,0.0,ETH-27DEC19-400-P,295.1,92.4,0.452,110.0,0.493,110.0,107.17,0.86394,-0.24486,-1.47481,0.00184,-0.50443
311.1,ETH-27DEC19,1562151544637,open,0.68,0.0,0.615,0.749,0.681949,101.14,None,0.0,ETH-27DEC19-480-P,295.1,92.88,0.66,110.0,0.701,110.0,108.21,0.8344,-0.23857,-1.93869,0.00176,-0.60407
295.95,SYN.ETH-12JUL19,1562151544644,open,0.12,1.0,0.071,0.16,0.115414,103.63,0.117,0.0,ETH-12JUL19-320-P,295.1,90.68,0.108,150.0,0.119,150.0,110.02,0.16977,-0.9911,-0.05554,0.00769,-0.65642
295.95,SYN.ETH-12JUL19,1562151544652,open,0.04,211.0,0.001,0.08,0.039224,103.32,0.041,0.0,ETH-12JUL19-280-P,295.1,95.94,0.035,200.0,0.043,316.0,110.02,0.16825,-0.97926,-0.02697,0.00765,-0.33562
295.28,SYN.ETH-5JUL19,1562151544673,open,0.04,346.0,0.001,0.082,0.040796,111.35,0.066,0.0,ETH-5JUL19-300-P,295.1,83.86,0.033,150.0,0.047,150.0,133.54,0.08339,-2.47523,-0.00916,0.01671,-0.56307
11961.18,BTC-27DEC19,1562151544693,open,0.23,145.9,0.1945,0.274,0.23414112,96.9,0.23,0.0,BTC-27DEC19-13000-C,11382.05,94.45,0.2275,9.8,0.239,5.0,98.69,32.46733,-8.89319,20.31621,5e-05,0.58465
297.33,SYN.ETH-26JUL19,1562151544691,open,0.11,477.0,0.063,0.151,0.107243,102.69,0.101,0.0,ETH-26JUL19-300-P,295.1,97.37,0.102,120.0,0.11,213.0,105.42,0.29565,-0.66357,-0.10621,0.0052,-0.46265
11418.13,SYN.BTC-12JUL19,1562151544704,open,0.17,17.4,0.1385,0.218,0.17827848,106.72,0.1775,0.0,BTC-12JUL19-9500-C,11382.05,102.45,0.177,8.0,0.184,8.0,123.84,3.50622,-21.07962,1.95569,0.0001,0.88264
11740.99,BTC-27SEP19,1562151544706,open,0.21,568.6,0.177,0.2565,0.21697605,99.0,0.224,0.0,BTC-27SEP19-11000-C,11382.05,95.69,0.211,34.2,0.221,9.5,101.23,21.1703,-12.20302,11.86475,7e-05,0.64649
297.33,SYN.ETH-26JUL19,1562151544708,open,0.15,254.0,0.104,0.195,0.149349,103.52,0.141,0.0,ETH-26JUL19-320-P,295.1,93.96,0.14,120.0,0.151,120.0,105.14,0.29346,-0.664,-0.13241,0.00512,-0.56117
11388.89,SYN.BTC-5JUL19,1562151544721,open,0.02,809.6,0.0005,0.057,0.01644429,108.64,0.03,0.0,BTC-5JUL19-11000-P,11382.05,100.93,0.0145,0.1,0.0185,43.1,116.67,2.89557,-83.85391,-0.19329,0.0004,-0.31382
11388.89,SYN.BTC-5JUL19,1562151544716,open,0.01,328.0,0.0005,0.0465,0.00653398,120.79,0.0045,0.0,BTC-5JUL19-12500-C,11382.05,107.82,0.0045,18.5,0.008,4.5,129.2,1.91277,-61.5892,0.0846,0.00024,0.15109
11961.18,BTC-27DEC19,1562151544727,open,0.52,3.9,0.4475,0.568,0.50775732,98.08,0.641,0.0,BTC-27DEC19-16000-P,11382.05,94.92,0.499,4.8,0.517,4.8,101.42,33.09896,-9.17726,-60.36842,5e-05,-0.53375
11740.99,BTC-27SEP19,1562151544738,open,0.16,111.9,0.108,0.2,0.15396363,99.06,0.163,0.0,BTC-27SEP19-11000-P,11382.05,96.86,0.15,0.1,0.159,28.6,101.85,21.16984,-12.20952,-14.01773,7e-05,-0.35349
11418.13,SYN.BTC-12JUL19,1562151544747,open,0.17,10.2,0.115,0.2075,0.16108803,107.68,0.1335,0.0,BTC-12JUL19-13000-P,11382.05,94.77,0.155,8.0,0.1645,8.0,114.51,5.60345,-33.99086,-2.54218,0.00016,-0.7545
11388.89,SYN.BTC-5JUL19,1562151544776,open,0.01,328.0,0.0005,0.0465,0.00653398,120.79,0.0045,0.0,BTC-5JUL19-12500-C,11382.05,107.82,0.0045,18.5,0.0085,40.0,131.94,1.91277,-61.5892,0.0846,0.00024,0.15109
11388.89,SYN.BTC-5JUL19,1562151544779,open,0.01,328.0,0.0005,0.0465,0.00653398,120.79,0.0045,0.0,BTC-5JUL19-12500-C,11382.05,107.82,0.0045,18.5,0.0085,50.0,131.94,1.91277,-61.5892,0.0846,0.00024,0.15109
297.29,SYN.ETH-26JUL19,1562151544853,open,0.01,1083.0,0.001,0.049,0.009705,105.53,0.009,0.0,ETH-26JUL19-440-C,295.1,98.21,0.007,500.0,0.012,350.0,110.96,0.11905,-0.27458,0.01462,0.00204,0.08819
303.33,ETH-27SEP19,1562151544896,open,0.0,389.0,0.001,0.04,0.000291,124.56,0.002,0.0,ETH-27SEP19-60-P,295.1,0.0,0.0,0.0,0.002,150.0,158.02,0.00684,-0.00496,-0.00122,3e-05,-0.00142
303.33,ETH-27SEP19,1562151544898,open,0.38,1751.0,0.343,0.422,0.382675,100.12,0.37,0.0,ETH-27SEP19-200-C,295.1,0.0,0.335,20.0,0.388,5.0,105.09,0.32037,-0.18676,0.34381,0.00148,0.86443
303.33,ETH-27SEP19,1562151544905,open,0.03,2992.0,0.001,0.07,0.03029,105.91,0.029,0.0,ETH-27SEP19-600-C,295.1,102.81,0.027,149.0,0.034,201.0,109.22,0.33078,-0.20397,0.07978,0.00144,0.14209
303.33,ETH-27SEP19,1562151544911,open,0.0,8300.0,0.001,0.044,0.004042,104.14,0.003,0.0,ETH-27SEP19-120-P,295.1,92.78,0.002,160.0,0.006,150.0,112.09,0.0663,-0.0402,-0.016,0.00029,-0.01838
297.29,SYN.ETH-26JUL19,1562151544915,open,0.31,504.0,0.254,0.357,0.305748,104.52,0.168,0.0,ETH-26JUL19-380-P,295.1,0.0,0.0,0.0,0.0,0.0,0.0,0.21435,-0.48967,-0.20421,0.0037,-0.79024
303.33,ETH-27SEP19,1562151544925,open,0.04,4120.0,0.001,0.083,0.042045,100.14,0.044,0.0,ETH-27SEP19-200-P,295.1,97.23,0.039,3.0,0.045,340.0,102.92,0.32042,-0.18683,-0.12678,0.00148,-0.1356
297.29,SYN.ETH-26JUL19,1562151544958,open,0.4,0.0,0.358,0.437,0.397064,107.56,None,0.0,ETH-26JUL19-180-C,295.1,0.0,0.0,0.0,0.0,0.0,0.0,0.04035,-0.09486,0.10808,0.00068,0.97714
295.28,SYN.ETH-5JUL19,1562151544958,open,0.12,173.0,0.077,0.165,0.120924,113.05,0.133,0.0,ETH-5JUL19-330-P,295.1,0.0,0.114,50.0,0.125,50.0,141.53,0.03481,-1.04912,-0.01562,0.00687,-0.90845
303.33,ETH-27SEP19,1562151544964,open,0.09,1913.0,0.044,0.13,0.086541,100.12,0.096,0.0,ETH-27SEP19-240-P,295.1,97.06,0.082,233.0,0.09,160.0,102.44,0.4513,-0.26308,-0.22891,0.00208,-0.23421
303.33,ETH-27SEP19,1562151544970,open,0.37,101.0,0.314,0.422,0.368269,101.97,0.234,0.0,ETH-27SEP19-380-P,295.1,95.46,0.356,120.0,0.372,120.0,103.94,0.57437,-0.341,-0.67854,0.0026,-0.58251
297.29,SYN.ETH-26JUL19,1562151544974,open,0.33,0.0,0.294,0.373,0.333325,104.61,None,0.0,ETH-26JUL19-200-C,295.1,0.0,0.005,2.0,0.0,0.0,0.0,0.07679,-0.17558,0.1149,0.00133,0.94997
