underlying_price,underlying_index,timestamp,state,settlement_price,open_interest,min_price,max_price,mark_price,mark_iv,last_price,interest_rate,instrument_name,index_price,bid_iv,best_bid_price,best_bid_amount,best_ask_price,best_ask_amount,ask_iv,vega,theta,rho,gamma,delta
305.33,ETH-27DEC19,1562410740018,open,0.1,1.0,0.059,0.138,0.098098,101.66,0.102,0.0,ETH-27DEC19-560-C,291.04,92.64,0.077,1.0,0.102,40.0,103.27,0.73682,-0.2154,0.29912,0.00163,0.30375
292.27,SYN.ETH-19JUL19,1562410740023,open,0.3,0.0,0.255,0.359,0.306892,96.25,None,0.0,ETH-19JUL19-380-P,291.04,0.0,0.0,0.0,0.0,0.0,0.0,0.08665,-0.32388,-0.12581,0.00299,-0.91336
292.27,SYN.ETH-19JUL19,1562410740026,open,0.0,500.0,0.001,0.043,0.00354,94.36,0.009,0.0,ETH-19JUL19-220-P,291.04,75.11,0.001,250.0,0.006,250.0,106.22,0.05239,-0.19197,-0.00504,0.00184,-0.04539
291.6,SYN.ETH-12JUL19,1562410740028,open,0.0,281.0,0.001,0.04,0.000927,129.91,0.002,0.0,ETH-12JUL19-420-C,291.04,0.0,0.0,0.0,0.003,250.0,155.76,0.01523,-0.16836,0.00073,0.00086,0.01653
11614.84,BTC-27SEP19,1562410740039,open,1.25,0.0,1.166,1.346,1.25594708,106.11,None,0.0,BTC-27SEP19-26000-P,11385.78,0.0,0.0,0.0,0.0,0.0,0.0,8.98624,-5.7529,-57.12141,3e-05,-0.91002
291.6,SYN.ETH-12JUL19,1562410740302,open,0.32,0.0,0.275,0.354,0.314487,124.04,None,0.0,ETH-12JUL19-200-C,291.04,0.0,0.0,0.0,0.0,0.0,0.0,0.00691,-0.0729,0.03187,0.00041,0.99333
305.33,ETH-27DEC19,1562410740323,open,0.24,6.0,0.2,0.279,0.239137,94.76,0.25,0.0,ETH-27DEC19-320-C,291.04,92.84,0.234,2.0,0.256,120.0,101.11,0.81377,-0.22175,0.52596,0.00193,0.60074
292.27,SYN.ETH-19JUL19,1562410740363,open,0.36,0.0,0.319,0.427,0.372989,100.37,None,0.0,ETH-19JUL19-400-P,291.04,0.0,0.0,0.0,0.0,0.0,0.0,0.06382,-0.24872,-0.13556,0.00211,-0.94184
11614.84,BTC-27SEP19,1562410740386,open,0.01,326.6,0.0005,0.048,0.00782359,99.44,0.01,0.0,BTC-27SEP19-5500-P,11385.78,94.11,0.006,0.1,0.0095,8.0,103.78,4.25591,-2.5532,-1.12394,1e-05,-0.03479
11769.61,BTC-27DEC19,1562410740386,open,0.01,101.8,0.0005,0.046,0.00585788,100.46,0.0105,0.0,BTC-27DEC19-3500-P,11385.78,93.73,0.004,3.1,0.0075,3.0,105.46,3.60511,-1.04148,-1.34062,1e-05,-0.01805
291.6,SYN.ETH-12JUL19,1562410740393,open,0.0,219.0,0.001,0.04,0.000412,130.0,0.003,0.0,ETH-12JUL19-440-C,291.04,0.0,0.0,0.0,0.04,5.0,320.04,0.00806,-0.08911,0.00035,0.00045,0.00794
11614.84,BTC-27SEP19,1562410740433,open,0.03,260.7,0.0005,0.0625,0.02286412,104.8,0.036,0.0,BTC-27SEP19-24000-C,11385.89,102.17,0.0205,5.0,0.0255,32.0,107.59,10.70042,-6.76569,2.41309,3e-05,0.11437
11769.61,BTC-27DEC19,1562410740433,open,0.27,42.2,0.2195,0.3205,0.27009264,95.27,0.257,0.0,BTC-27DEC19-12000-P,11385.89,92.96,0.264,8.0,0.276,5.0,97.52,30.98803,-8.48947,-36.58103,5e-05,-0.38236
11614.84,BTC-27SEP19,1562410740433,open,0.0,297.6,0.0005,0.044,0.00427232,103.57,0.0055,0.0,BTC-27SEP19-4750-P,11385.89,94.56,0.0025,3.1,0.006,35.0,110.4,2.65324,-1.65784,-0.63398,1e-05,-0.01977
11614.84,BTC-27SEP19,1562410740433,open,0.07,137.5,0.029,0.114,0.0716058,95.91,0.079,0.0,BTC-27SEP19-9000-P,11385.89,93.31,0.068,5.0,0.0735,3.0,97.26,16.20426,-9.37623,-7.57836,6e-05,-0.21575
11769.61,BTC-27DEC19,1562410740433,open,0.87,0.0,0.834,0.9135,0.87356096,128.62,None,0.0,BTC-27DEC19-1500-C,11385.89,0.0,0.0175,0.1,0.988,0.5,500.0,0.7098,-0.26252,6.92924,0.0,0.99715
11614.84,BTC-27SEP19,1562410740433,open,0.5,714.8,0.4555,0.535,0.49539762,98.58,0.556,0.0,BTC-27SEP19-6000-C,11385.89,0.0,0.0,0.0,0.8925,3.0,500.0,5.74443,-3.41658,11.97835,2e-05,0.9496
11769.61,BTC-27DEC19,1562410740433,open,0.02,22.8,0.0005,0.06,0.02026491,112.17,0.0215,0.0,BTC-27DEC19-48000-C,11385.89,109.27,0.0175,5.0,0.023,0.2,114.83,11.68275,-3.76853,3.15726,2e-05,0.07658
11614.84,BTC-27SEP19,1562410740434,open,0.58,793.2,0.5355,0.615,0.57517519,103.5,0.5945,0.0,BTC-27SEP19-5000-C,11385.89,0.0,0.051,1.0,0.7095,5.0,299.21,3.2627,-2.03737,10.53746,1e-05,0.97474
11769.61,BTC-27DEC19,1562410740433,open,0.25,160.2,0.211,0.2905,0.2505549,95.28,0.25,0.0,BTC-27DEC19-12000-C,11385.89,93.18,0.245,10.0,0.2555,5.0,97.16,30.98753,-8.4906,20.58263,5e-05,0.61766
11421.37,SYN.BTC-19JUL19,1562410740433,open,0.07,2.2,0.0295,0.109,0.06925533,96.75,0.069,0.0,BTC-19JUL19-11500-C,11385.89,91.74,0.0655,24.0,0.0735,29.0,102.43,8.54584,-32.10864,1.82078,0.00019,0.52118
11614.84,BTC-27SEP19,1562410740434,open,0.04,370.4,0.0015,0.081,0.04112156,101.78,0.0445,0.0,BTC-27SEP19-20000-C,11385.89,99.73,0.0385,10.0,0.043,25.6,103.22,15.01669,-9.221,3.92513,5e-05,0.18996
11614.84,BTC-27SEP19,1562410740434,open,0.66,229.9,0.618,0.6975,0.657688,108.13,0.673,0.0,BTC-27SEP19-4000-C,11385.89,0.0,0.111,2.0,0.751,5.0,299.28,1.47446,-0.96188,8.76395,0.0,0.99
11769.61,BTC-27DEC19,1562410740434,open,3.41,0.0,3.2585,3.613,3.43564525,113.7,None,0.0,BTC-27DEC19-52000-P,11385.89,0.0,0.0,0.0,0.0,0.0,0.0,10.5085,-3.43592,-244.9539,1e-05,-0.9333
11769.72,BTC-27DEC19,1562410740435,open,0.01,145.3,0.0005,0.05,0.00981332,100.14,0.0115,0.0,BTC-27DEC19-4000-P,11385.89,97.1,0.0085,100.0,0.011,11.0,102.72,5.25961,-1.51464,-2.13467,1e-05,-0.02826
11614.84,BTC-27SEP19,1562410740434,open,0.0,46.9,0.0005,0.041,0.00099114,115.49,0.003,0.0,BTC-27SEP19-3250-P,11385.89,0.0,0.0,0.0,0.0,0.0,0.0,0.77265,-0.53838,-0.1529,0.0,-0.00481
11421.37,SYN.BTC-19JUL19,1562410740433,open,0.01,136.0,0.0005,0.051,0.01111724,102.35,0.0125,0.0,BTC-19JUL19-14500-C,11385.89,98.05,0.0095,5.0,0.013,0.5,107.03,4.44096,-17.65083,0.46294,9e-05,0.12602
11614.84,BTC-27SEP19,1562410740435,open,0.02,81.1,0.0005,0.0535,0.01385167,107.9,0.0205,0.0,BTC-27SEP19-28000-C,11385.89,104.16,0.0115,5.0,0.0165,37.0,111.72,7.66905,-4.99252,1.55816,2e-05,0.07293
11769.72,BTC-27DEC19,1562410740435,open,0.04,273.6,0.0005,0.078,0.03695026,96.09,0.0285,0.0,BTC-27DEC19-6000-P,11385.89,94.32,0.035,0.1,0.038,3.0,97.03,13.07173,-3.61184,-7.05621,2e-05,-0.0889
11614.84,BTC-27SEP19,1562410740435,open,0.36,903.0,0.3155,0.395,0.35539589,96.38,0.365,0.0,BTC-27SEP19-8000-C,11385.89,0.0,0.0,0.0,0.42,1.0,149.24,12.83665,-7.46393,13.07483,4e-05,0.85118
11614.84,BTC-27SEP19,1562410740435,open,0.0,421.1,0.0005,0.042,0.00206048,108.02,0.0025,0.0,BTC-27SEP19-4000-P,11385.89,97.6,0.001,7.0,0.003,2.0,114.59,1.46787,-0.95657,-0.31659,0.0,-0.00994
11614.84,BTC-27SEP19,1562410740435,open,0.72,0.0,0.6815,0.761,0.72118827,115.67,None,0.0,BTC-27SEP19-3250-C,11385.89,0.0,0.0045,10.0,0.9245,5.0,500.0,0.77878,-0.54347,7.22501,0.0,0.99515
11440.71,SYN.BTC-26JUL19,1562410740433,open,0.01,289.3,0.0005,0.0455,0.00542847,100.64,0.005,0.0,BTC-26JUL19-8000-P,11385.89,98.83,0.005,0.1,0.006,3.0,102.93,2.77202,-7.01772,-0.34795,4e-05,-0.05042
11614.84,BTC-27SEP19,1562410740435,open,0.0,371.7,0.0005,0.0405,0.0005894,130.0,0.0005,0.0,BTC-27SEP19-2500-P,11385.89,127.56,0.0005,3.0,0.001,2.0,138.69,0.45129,-0.35394,-0.08518,0.0,-0.00264
11614.84,BTC-27SEP19,1562410740436,open,0.83,28.2,0.788,0.8675,0.82797789,130.53,0.755,0.0,BTC-27SEP19-2000-C,11385.89,0.0,0.0045,5.0,0.944,5.0,500.0,0.15999,-0.12599,4.51428,0.0,0.99915
11614.84,BTC-27SEP19,1562410740437,open,0.21,560.6,0.164,0.2435,0.20368574,95.93,0.197,0.0,BTC-27SEP19-11000-C,11385.89,94.15,0.2005,5.0,0.2065,5.0,97.5,20.78564,-12.0295,11.39861,7e-05,0.63591
11440.71,SYN.BTC-26JUL19,1562410740433,open,0.83,0.0,0.764,0.9105,0.83727888,117.53,None,0.0,BTC-26JUL19-21000-P,11385.89,0.0,0.0,0.0,0.0,0.0,0.0,1.23109,-3.63983,-11.32846,1e-05,-0.98112
11440.71,SYN.BTC-26JUL19,1562410740435,open,0.01,366.0,0.0005,0.0445,0.00469321,108.81,0.004,0.0,BTC-26JUL19-18000-C,11385.89,100.66,0.003,46.0,0.0065,45.0,115.77,2.69453,-7.3754,0.27393,3e-05,0.04866
11440.71,SYN.BTC-26JUL19,1562410740434,open,0.0,331.0,0.0005,0.042,0.00201892,109.05,0.0015,0.0,BTC-26JUL19-7000-P,11385.89,97.91,0.001,10.0,0.003,45.0,116.78,1.28194,-3.51672,-0.13596,2e-05,-0.01981
11440.71,SYN.BTC-26JUL19,1562410740436,open,0.23,50.3,0.1885,0.268,0.22803087,96.7,0.2035,0.0,BTC-26JUL19-9000-C,11385.89,0.0,0.032,0.1,0.366,1.0,301.74,5.33267,-12.97181,4.06328,8e-05,0.88025
11440.71,SYN.BTC-26JUL19,1562410740437,open,0.44,0.0,0.3935,0.473,0.43322411,116.24,0.3665,0.0,BTC-26JUL19-6500-C,11385.89,0.0,0.0055,10.0,0.0,0.0,0.0,0.90608,-2.64943,3.44868,1e-05,0.98679
11440.71,SYN.BTC-26JUL19,1562410740435,open,0.12,232.5,0.0725,0.1615,0.11714299,95.22,0.145,0.0,BTC-26JUL19-12000-P,11385.89,91.28,0.1135,24.0,0.1215,5.0,99.92,10.59359,-25.37622,-4.10201,0.00016,-0.54129
11402.02,SYN.BTC-12JUL19,1562410740437,open,0.22,29.7,0.1735,0.253,0.21338008,113.78,0.1845,0.0,BTC-12JUL19-9000-C,11385.89,0.0,0.0,0.0,0.0,0.0,0.0,1.33549,-12.93046,1.36389,6e-05,0.95645
11769.72,BTC-27DEC19,1562410740440,open,1.11,0.0,1.031,1.1995,1.11537649,100.89,None,0.0,BTC-27DEC19-24000-P,11385.89,0.0,0.0055,1.0,1.9205,0.2,500.0,25.80509,-7.48688,-104.59669,4e-05,-0.75017
11769.72,BTC-27DEC19,1562410740440,open,1.59,0.2,1.495,1.702,1.59855438,104.06,2.2245,0.0,BTC-27DEC19-30000-P,11385.89,0.0,0.0,0.0,0.0,0.0,0.0,20.76297,-6.21309,-136.01317,3e-05,-0.82732
11614.95,BTC-27SEP19,1562410740444,open,0.0,290.5,0.0005,0.043,0.00313648,103.57,0.006,0.0,BTC-27SEP19-4500-P,11385.89,87.42,0.001,58.0,0.005,35.0,112.45,2.10487,-1.31521,-0.48026,1e-05,-0.01507
11440.71,SYN.BTC-26JUL19,1562410740436,open,0.11,225.2,0.0675,0.147,0.10716698,95.0,0.0975,0.0,BTC-26JUL19-11000-C,11385.89,90.89,0.1035,24.0,0.1115,24.0,99.85,10.21788,-24.41846,3.15345,0.00015,0.61334
11440.71,SYN.BTC-26JUL19,1562410740437,open,0.0,75.9,0.0005,0.043,0.00318198,111.21,0.0065,0.0,BTC-26JUL19-19000-C,11385.89,103.5,0.002,5.0,0.005,45.0,120.14,2.01447,-5.63557,0.19201,3e-05,0.034
11402.02,SYN.BTC-12JUL19,1562410740435,open,0.0,210.5,0.0005,0.043,0.00330272,114.26,0.003,0.0,BTC-12JUL19-14500-C,11385.89,108.25,0.0025,1.0,0.0045,45.0,121.88,1.64198,-15.96467,0.0975,7e-05,0.05642
11402.02,SYN.BTC-12JUL19,1562410740437,open,0.27,0.0,0.224,0.3255,0.27495568,113.9,None,0.0,BTC-12JUL19-14500-P,11385.89,0.0,0.0,0.0,0.0,0.0,0.0,1.6278,-15.777,-2.23772,7e-05,-0.9442
11614.95,BTC-27SEP19,1562410740445,open,0.74,225.7,0.7035,0.783,0.74325396,129.98,0.693,0.0,BTC-27SEP19-3000-C,11385.89,0.0,0.0045,20.0,0.928,5.0,500.0,0.98158,-0.76974,6.60509,0.0,0.99371
11402.02,SYN.BTC-12JUL19,1562410740439,open,0.31,0.0,0.265,0.37,0.31751645,115.14,None,0.0,BTC-12JUL19-15000-P,11385.89,0.0,0.002,1.1,0.0,0.0,0.0,1.13331,-11.10429,-2.35294,5e-05,-0.96441
305.33,ETH-27DEC19,1562410740445,open,0.09,24.0,0.045,0.124,0.084601,101.66,0.091,0.0,ETH-27DEC19-600-C,291.04,87.33,0.054,5.0,0.089,40.0,103.57,0.69716,-0.2038,0.27007,0.00154,0.27028
11440.71,SYN.BTC-26JUL19,1562410740445,open,0.31,24.1,0.2665,0.346,0.30619999,100.75,0.38,0.0,BTC-26JUL19-8000-C,11385.89,0.0,0.161,0.3,0.0,0.0,0.0,2.7795,-7.04488,4.00712,4e-05,0.94941
11402.02,SYN.BTC-12JUL19,1562410740445,open,0.02,210.1,0.0005,0.059,0.0183302,98.52,0.0175,0.0,BTC-12JUL19-10500-P,11385.89,89.8,0.015,37.0,0.02,1.0,102.76,4.44766,-37.28725,-0.46534,0.00022,-0.2352
11614.84,BTC-27SEP19,1562410740475,open,1.75,0.0,1.654,1.8745,1.76408935,110.87,None,0.0,BTC-27SEP19-32000-P,11385.89,0.0,0.0,0.0,2.3125,1.0,450.28,5.62051,-3.75943,-71.602,2e-05,-0.95096
11769.72,BTC-27DEC19,1562410740525,open,0.32,434.9,0.281,0.3605,0.32068423,95.36,0.308,0.0,BTC-27DEC19-10000-C,11385.89,91.85,0.3125,5.0,0.3245,9.8,96.99,27.44361,-7.5252,22.2717,4e-05,0.71791
305.33,ETH-27DEC19,1562410740563,open,0.28,6.0,0.236,0.338,0.287183,94.76,0.289,0.0,ETH-27DEC19-320-P,291.04,83.87,0.258,40.0,0.305,120.0,101.47,0.81377,-0.22175,-0.99843,0.00193,-0.39926
11769.72,BTC-27DEC19,1562410740642,open,2.41,0.0,2.291,2.5645,2.42761525,109.24,None,0.0,BTC-27DEC19-40000-P,11385.89,0.0,0.0005,4.0,0.0,0.0,0.0,14.92102,-4.68732,-186.20843,2e-05,-0.89352
11769.72,BTC-27DEC19,1562410740656,open,1.75,0.3,1.6525,1.873,1.76252789,104.99,2.435,0.0,BTC-27DEC19-32000-P,11385.89,0.0,0.0,0.0,0.0,0.0,0.0,19.30328,-5.82788,-146.23445,3e-05,-0.84565
305.33,ETH-27DEC19,1562410740684,open,1.4,0.0,1.318,1.51,1.414283,102.1,None,0.0,ETH-27DEC19-720-P,291.04,0.0,0.002,1000.0,0.0,0.0,0.0,0.57834,-0.1698,-3.23011,0.00128,-0.80647
11402.02,SYN.BTC-12JUL19,1562410740694,open,0.15,12.1,0.1055,0.197,0.15107075,101.12,0.1955,0.0,BTC-12JUL19-13000-P,11385.89,90.95,0.148,8.0,0.1545,8.0,111.34,3.64678,-31.37934,-1.80259,0.00017,-0.83101
11421.37,SYN.BTC-19JUL19,1562410740706,open,0.01,10.1,0.0005,0.048,0.00815886,103.67,0.0105,0.0,BTC-19JUL19-15000-C,11385.89,98.22,0.0065,5.0,0.01,0.5,109.14,3.66451,-14.75311,0.35546,8e-05,0.09639
11614.95,BTC-27SEP19,1562410740722,open,0.14,174.0,0.0995,0.179,0.13910388,96.71,0.132,0.0,BTC-27SEP19-13000-C,11385.89,94.81,0.1355,5.0,0.1425,24.2,98.5,22.07759,-12.88144,9.36989,7e-05,0.49439
291.6,SYN.ETH-12JUL19,1562410740732,open,0.07,166.0,0.028,0.107,0.06732,90.04,0.071,0.0,ETH-12JUL19-280-C,291.04,78.49,0.062,150.0,0.072,150.0,100.04,0.13556,-1.03866,0.02782,0.011,0.66
292.27,SYN.ETH-19JUL19,1562410740752,open,0.14,25.0,0.095,0.174,0.134988,92.77,0.14,0.0,ETH-19JUL19-260-C,291.04,85.54,0.131,50.0,0.139,50.0,99.8,0.16424,-0.59166,0.06608,0.00588,0.77594
11769.72,BTC-27DEC19,1562410740819,open,0.5,63.0,0.456,0.5355,0.49573703,95.87,0.4965,0.0,BTC-27DEC19-6500-C,11385.89,0.0,0.2425,0.1,0.972,2.0,500.0,15.24509,-4.20294,22.12217,2e-05,0.8903
292.93,SYN.ETH-26JUL19,1562410740845,open,0.0,1081.0,0.001,0.041,0.001305,130.0,0.003,0.0,ETH-26JUL19-600-C,291.04,0.0,0.0,0.0,0.04,50.0,245.15,0.02363,-0.07727,0.00194,0.00039,0.01349
305.33,ETH-27DEC19,1562410740889,open,0.08,1.0,0.034,0.113,0.073207,101.66,0.093,0.0,ETH-27DEC19-640-C,291.04,89.62,0.049,3.0,0.077,40.0,103.41,0.65621,-0.19183,0.24367,0.00145,0.24073
11402.02,SYN.BTC-12JUL19,1562410740904,open,0.14,32.0,0.092,0.1715,0.13194022,98.97,0.1035,0.0,BTC-12JUL19-10000-C,11385.89,85.3,0.1285,8.0,0.1345,8.0,107.9,3.12511,-26.32021,1.34733,0.00015,0.86599
292.27,SYN.ETH-19JUL19,1562410740914,open,0.02,310.0,0.001,0.065,0.024585,92.77,0.031,0.0,ETH-19JUL19-260-P,291.04,86.28,0.021,200.0,0.027,200.0,97.02,0.16424,-0.59166,-0.02564,0.00588,-0.22406
11769.72,BTC-27DEC19,1562410740939,open,0.11,396.3,0.07,0.1495,0.10971958,99.7,0.113,0.0,BTC-27DEC19-20000-C,11385.89,98.22,0.106,4.0,0.113,6.4,101.01,29.59171,-8.48428,12.626,4e-05,0.33491
11440.71,SYN.BTC-26JUL19,1562410741009,open,0.0,126.8,0.0005,0.0405,0.00051844,129.29,0.0005,0.0,BTC-26JUL19-5500-P,11385.89,0.0,0.0,0.0,0.001,5.0,140.55,0.38334,-1.24679,-0.03414,0.0,-0.00496
305.33,ETH-27DEC19,1562410741019,open,0.37,12.0,0.323,0.432,0.377303,94.76,0.361,0.0,ETH-27DEC19-360-P,291.04,83.75,0.347,30.0,0.395,120.0,101.22,0.83835,-0.22845,-1.23245,0.00199,-0.47003
305.33,ETH-27DEC19,1562410741083,open,1.16,0.0,1.083,1.256,1.1693,101.66,None,0.0,ETH-27DEC19-640-P,291.04,0.0,0.0,0.0,0.0,0.0,0.0,0.65621,-0.19183,-2.80511,0.00145,-0.75927
11440.71,SYN.BTC-26JUL19,1562410741089,open,0.01,296.2,0.0005,0.0505,0.01086165,103.93,0.012,0.0,BTC-26JUL19-16000-C,11385.89,99.3,0.009,45.0,0.013,40.0,108.81,4.80519,-12.56354,0.57732,6e-05,0.10353
291.6,SYN.ETH-12JUL19,1562410741089,open,0.03,499.0,0.001,0.068,0.027539,90.04,0.025,0.0,ETH-12JUL19-280-P,291.04,78.01,0.022,200.0,0.031,200.0,97.45,0.13556,-1.03866,-0.01725,0.011,-0.34
292.27,SYN.ETH-19JUL19,1562410741096,open,0.1,40.0,0.051,0.13,0.090993,92.77,0.097,0.0,ETH-19JUL19-280-C,291.04,84.29,0.085,150.0,0.095,150.0,98.41,0.20717,-0.74629,0.05562,0.00741,0.63052
11402.02,SYN.BTC-12JUL19,1562410741108,open,0.0,307.3,0.0005,0.042,0.00201339,115.67,0.005,0.0,BTC-12JUL19-15000-C,11385.89,103.44,0.001,11.0,0.003,1.0,124.31,1.15176,-11.33726,0.06293,5e-05,0.0363
305.33,ETH-27DEC19,1562410741125,open,0.63,0.0,0.586,0.665,0.625905,103.09,None,0.0,ETH-27DEC19-120-C,291.04,0.0,0.001,1000.0,2.47,1.0,500.0,0.20905,-0.06197,0.47485,0.00046,0.95238
11769.73,BTC-27DEC19,1562410741262,open,0.02,199.5,0.0005,0.057,0.01747629,113.69,0.016,0.0,BTC-27DEC19-52000-C,11385.89,110.79,0.015,5.0,0.02,0.2,116.41,10.50484,-3.43434,2.75831,1e-05,0.06667
305.33,ETH-27DEC19,1562410741319,open,0.18,478.0,0.13,0.209,0.169145,96.31,0.185,0.0,ETH-27DEC19-400-C,291.04,93.34,0.161,7.0,0.183,110.0,101.35,0.83843,-0.2322,0.43837,0.00196,0.47054
292.93,SYN.ETH-26JUL19,1562410741319,open,1.03,0.0,0.968,1.131,1.049544,130.0,None,0.0,ETH-26JUL19-600-P,291.04,0.0,0.0,0.0,0.0,0.0,0.0,0.02363,-0.07727,-0.32478,0.00039,-0.98651
11614.92,BTC-27SEP19,1562410741338,open,0.6,13.5,0.5555,0.635,0.59531375,103.56,0.382,0.0,BTC-27SEP19-4750-C,11385.89,0.0,0.0045,10.0,0.7195,5.0,299.38,2.65259,-1.65731,10.15141,1e-05,0.98024
11402.13,SYN.BTC-12JUL19,1562410741364,open,0.0,99.7,0.0005,0.041,0.00146668,120.37,0.0015,0.0,BTC-12JUL19-15500-C,11385.89,103.5,0.0005,7.0,0.0025,8.0,131.49,0.88919,-9.10796,0.04604,4e-05,0.02655
292.93,SYN.ETH-26JUL19,1562410741404,open,0.76,0.0,0.707,0.848,0.777137,114.47,None,0.0,ETH-26JUL19-520-P,291.04,0.0,0.0,0.0,0.0,0.0,0.0,0.03582,-0.10314,-0.27998,0.00067,-0.97804
11614.92,BTC-27SEP19,1562410741434,open,0.32,41.6,0.268,0.373,0.3206404,97.29,0.3405,0.0,BTC-27SEP19-14000-P,11386.21,94.81,0.316,5.0,0.3275,24.2,100.95,21.75903,-12.77207,-23.43328,7e-05,-0.56791
11614.92,BTC-27SEP19,1562410741434,open,0.0,433.4,0.0005,0.0415,0.0015079,115.39,0.0025,0.0,BTC-27SEP19-3500-P,11386.21,0.0,0.0,0.0,0.003,4.0,128.03,1.08065,-0.75233,-0.22479,0.0,-0.00702
11614.92,BTC-27SEP19,1562410741434,open,0.6,1.0,0.5425,0.6705,0.60655176,100.22,1.5815,0.0,BTC-27SEP19-18000-P,11386.21,0.0,0.0045,0.3,1.2625,0.3,500.0,17.53874,-10.60437,-35.80998,6e-05,-0.7513
11769.73,BTC-27DEC19,1562410741434,open,0.63,6.5,0.592,0.6715,0.63156238,97.75,0.54,0.0,BTC-27DEC19-4500-C,11386.21,0.0,0.0115,0.1,0.977,1.0,500.0,6.85783,-1.92772,18.4707,1e-05,0.961
11614.92,BTC-27SEP19,1562410741434,open,1.08,0.2,1.006,1.1725,1.08918235,104.81,1.6,0.0,BTC-27SEP19-24000-P,11386.21,0.0,0.0,0.0,0.0,0.0,0.0,10.70289,-6.76794,-52.07982,3e-05,-0.8856
11614.92,BTC-27SEP19,1562410741434,open,0.04,356.7,0.0025,0.0855,0.04414895,96.36,0.05,0.0,BTC-27SEP19-8000-P,11386.21,94.86,0.0425,0.1,0.0455,3.0,97.58,12.83511,-7.46166,-5.08844,4e-05,-0.1488
11614.92,BTC-27SEP19,1562410741434,open,0.03,324.2,0.0005,0.0695,0.02998504,102.96,0.035,0.0,BTC-27SEP19-22000-C,11386.21,100.63,0.0275,5.0,0.0325,32.0,105.23,12.63446,-7.84828,3.04221,4e-05,0.14534
11769.73,BTC-27DEC19,1562410741434,open,0.0,88.9,0.0005,0.0425,0.00275878,127.58,0.003,0.0,BTC-27DEC19-2000-P,11386.21,101.48,0.0005,5.0,0.005,1.0,141.22,1.59916,-0.58667,-0.55169,0.0,-0.00708
11614.92,BTC-27SEP19,1562410741434,open,0.15,112.5,0.105,0.1965,0.15073172,95.92,0.1515,0.0,BTC-27SEP19-11000-P,11386.21,93.28,0.146,5.0,0.155,3.0,98.31,20.78574,-12.02853,-13.57718,7e-05,-0.36409
11769.73,BTC-27DEC19,1562410741434,open,0.03,87.0,0.0005,0.068,0.02730274,96.09,0.02,0.0,BTC-27DEC19-5500-P,11386.21,91.27,0.023,11.0,0.029,3.0,97.91,10.85948,-3.00056,-5.43326,2e-05,-0.0696
11614.92,BTC-27SEP19,1562410741434,open,1.58,0.0,1.491,1.698,1.594661,110.63,None,0.0,BTC-27SEP19-30000-P,11386.21,0.0,0.0,0.0,0.0,0.0,0.0,6.78197,-4.52655,-66.78695,2e-05,-0.93779
11421.47,SYN.BTC-19JUL19,1562410741434,open,0.01,0.2,0.0005,0.054,0.01369447,97.43,0.018,0.0,BTC-19JUL19-9500-P,11386.21,94.47,0.0125,1.0,0.014,0.2,98.17,4.68307,-17.71868,-0.60345,0.0001,-0.13608
11421.47,SYN.BTC-19JUL19,1562410741434,open,0.02,3.5,0.0005,0.064,0.02333825,97.43,0.02,0.0,BTC-19JUL19-10000-P,11386.21,93.02,0.021,32.0,0.026,35.0,102.33,6.12555,-23.17653,-0.92698,0.00014,-0.20674
11614.92,BTC-27SEP19,1562410741435,open,0.01,439.2,0.0005,0.0455,0.00564212,103.44,0.005,0.0,BTC-27SEP19-5000-P,11386.21,99.11,0.0045,1.0,0.007,40.0,108.0,3.25729,-2.03283,-0.81361,1e-05,-0.02521
11769.73,BTC-27DEC19,1562410741435,open,0.29,407.8,0.2435,0.323,0.28341691,95.35,0.283,0.0,BTC-27DEC19-11000-C,11386.21,93.19,0.278,5.0,0.287,5.0,96.78,29.52282,-8.0948,21.51026,5e-05,0.66707
11614.92,BTC-27SEP19,1562410741435,open,0.1,187.1,0.057,0.1365,0.09651277,98.29,0.108,0.0,BTC-27SEP19-15000-C,11386.21,96.34,0.093,5.0,0.099,25.6,99.66,21.03138,-12.47141,7.41177,7e-05,0.37755
11769.73,BTC-27DEC19,1562410741435,open,0.18,176.1,0.138,0.2175,0.17782485,96.41,0.1795,0.0,BTC-27DEC19-15000-C,11386.21,94.29,0.172,10.0,0.1835,9.8,98.47,32.39144,-8.97977,17.35287,5e-05,0.48732
11769.73,BTC-27DEC19,1562410741435,open,0.53,122.6,0.4875,0.567,0.52716232,96.08,0.56,0.0,BTC-27DEC19-6000-C,11386.21,69.64,0.5025,4.0,0.58,0.1,137.83,13.0711,-3.61148,21.52674,2e-05,0.9111
11769.73,BTC-27DEC19,1562410741435,open,0.79,0.0,0.7495,0.829,0.78904878,101.54,None,0.0,BTC-27DEC19-2500-C,11386.21,0.0,0.0135,0.1,0.9835,0.5,500.0,1.2205,-0.35639,11.53488,0.0,0.99478
11769.73,BTC-27DEC19,1562410741435,open,0.67,27.1,0.63,0.7095,0.6699577,100.14,0.542,0.0,BTC-27DEC19-4000-C,11386.21,0.0,0.014,0.1,0.703,0.2,150.39,5.2594,-1.51456,16.92032,1e-05,0.97174
11769.73,BTC-27DEC19,1562410741435,open,0.03,93.4,0.0005,0.064,0.0240966,110.78,0.0245,0.0,BTC-27DEC19-44000-C,11386.21,107.91,0.021,5.0,0.027,8.0,113.3,13.16528,-4.19412,3.68146,2e-05,0.08976
11614.92,BTC-27SEP19,1562410741436,open,0.7,261.1,0.6605,0.74,0.70016927,115.37,0.714,0.0,BTC-27SEP19-3500-C,11386.21,0.0,0.161,1.0,0.774,10.0,299.45,1.07967,-0.7515,7.72244,0.0,0.99299
11614.92,BTC-27SEP19,1562410741436,open,0.06,261.9,0.017,0.0965,0.05681022,100.21,0.068,0.0,BTC-27SEP19-18000-C,11386.21,98.0,0.0535,10.0,0.0595,25.6,101.98,17.53776,-10.60303,5.05983,6e-05,0.24867
11769.73,BTC-27DEC19,1562410741436,open,1.27,0.0,1.184,1.3655,1.27454929,102.0,None,0.0,BTC-27DEC19-26000-P,11386.21,0.0,0.004,10.0,2.0855,0.2,499.6,24.02398,-7.04678,-115.21967,4e-05,-0.78046
11421.47,SYN.BTC-19JUL19,1562410741434,open,0.04,0.7,0.0005,0.079,0.03923574,98.94,0.037,0.0,BTC-19JUL19-12500-C,11386.21,94.24,0.036,5.0,0.042,32.0,102.9,7.92293,-30.43943,1.2411,0.00017,0.34727
11769.73,BTC-27DEC19,1562410741437,open,0.71,4.0,0.6685,0.748,0.70848524,100.46,0.59,0.0,BTC-27DEC19-3500-C,11386.21,0.0,0.0055,0.1,0.78,1.0,211.42,3.60524,-1.04154,15.33232,1e-05,0.98195
11615.24,BTC-27SEP19,1562410741437,open,0.02,214.1,0.0005,0.065,0.02439342,96.98,0.0255,0.0,BTC-27SEP19-7000-P,11386.21,94.55,0.0225,0.1,0.026,3.0,99.0,9.15584,-5.35724,-3.07693,3e-05,-0.09228
11421.47,SYN.BTC-19JUL19,1562410741434,open,0.02,0.5,0.0005,0.061,0.02111822,100.54,0.0235,0.0,BTC-19JUL19-13500-C,11386.21,95.67,0.0185,37.0,0.023,32.0,103.93,6.25907,-24.43715,0.77904,0.00014,0.21448
11769.73,BTC-27DEC19,1562410741437,open,0.0,161.6,0.0005,0.043,0.00326314,101.52,0.005,0.0,BTC-27DEC19-3000-P,11386.21,85.46,0.001,0.6,0.0055,8.0,111.25,2.29492,-0.66996,-0.78237,0.0,-0.01069
11615.24,BTC-27SEP19,1562410741437,open,0.62,289.7,0.576,0.6555,0.61570186,103.5,0.588,0.0,BTC-27SEP19-4500-C,11386.21,0.0,0.0005,20.0,0.73,5.0,299.8,2.09975,-1.31116,9.73875,1e-05,0.98497
11421.47,SYN.BTC-19JUL19,1562410741434,open,0.15,10.0,0.108,0.1875,0.14778632,97.42,0.1335,0.0,BTC-19JUL19-10000-C,11386.21,92.14,0.145,8.0,0.151,8.0,103.32,6.12506,-23.1711,2.60075,0.00014,0.79329
11421.47,SYN.BTC-19JUL19,1562410741434,open,0.22,0.0,0.1805,0.26,0.22012336,100.09,None,0.0,BTC-19JUL19-9000-C,11386.21,0.0,0.0,0.0,0.0,0.0,0.0,3.38726,-13.16525,2.79291,7e-05,0.91332
11615.24,BTC-27SEP19,1562410741438,open,0.38,19.5,0.3325,0.443,0.38796405,98.31,0.416,0.0,BTC-27SEP19-15000-P,11386.21,49.25,0.31,0.1,0.525,2.0,171.15,21.0334,-12.47518,-26.6455,7e-05,-0.62236
11402.13,SYN.BTC-12JUL19,1562410741436,open,0.0,247.2,0.0005,0.044,0.00413997,101.48,0.0055,0.0,BTC-12JUL19-9500-P,11386.21,90.55,0.0025,7.0,0.0055,0.2,108.99,1.92503,-16.62366,-0.13459,9e-05,-0.06919
11769.73,BTC-27DEC19,1562410741438,open,0.42,206.7,0.372,0.4515,0.41177796,95.7,0.4045,0.0,BTC-27DEC19-8000-C,11386.21,0.0,0.3005,0.1,0.0,0.0,0.0,21.32715,-5.86907,22.87957,3e-05,0.81985
11402.13,SYN.BTC-12JUL19,1562410741437,open,0.0,145.0,0.0005,0.0405,0.00077905,130.0,0.0015,0.0,BTC-12JUL19-8000-P,11386.21,122.37,0.0005,29.0,0.002,1.6,150.83,0.47932,-5.30255,-0.02501,2e-05,-0.01285
11769.73,BTC-27DEC19,1562410741438,open,0.0,126.3,0.0005,0.041,0.00100328,128.54,0.0015,0.0,BTC-27DEC19-1500-P,11386.21,118.1,0.0005,0.2,0.0015,0.5,135.73,0.70764,-0.26157,-0.21554,0.0,-0.00284
11402.13,SYN.BTC-12JUL19,1562410741436,open,0.01,205.3,0.0005,0.0505,0.01096168,101.24,0.017,0.0,BTC-12JUL19-13000-C,11386.21,94.9,0.009,5.0,0.013,32.3,107.41,3.65156,-31.45767,0.29068,0.00017,0.16933
11421.47,SYN.BTC-19JUL19,1562410741434,open,0.06,12.0,0.013,0.0925,0.05266477,98.17,0.06,0.0,BTC-19JUL19-12000-C,11386.21,92.51,0.0485,29.0,0.056,29.0,102.68,8.42674,-32.12335,1.52119,0.00019,0.43022
11421.47,SYN.BTC-19JUL19,1562410741434,open,0.19,0.0,0.142,0.2215,0.18192013,97.41,None,0.0,BTC-19JUL19-9500-C,11386.21,91.31,0.1795,8.0,0.1855,8.0,105.8,4.68217,-17.71188,2.74795,0.0001,0.86396
11421.47,SYN.BTC-19JUL19,1562410741434,open,0.03,2.0,0.0005,0.0685,0.02895678,99.8,0.0315,0.0,BTC-19JUL19-13000-C,11386.21,95.03,0.026,5.0,0.0315,32.0,103.82,7.16144,-27.75421,0.99245,0.00016,0.27528
11769.73,BTC-27DEC19,1562410741438,open,0.33,19.7,0.2745,0.3805,0.32745488,95.66,0.3515,0.0,BTC-27DEC19-13000-P,11386.21,93.28,0.321,5.0,0.3345,5.0,98.27,31.88952,-8.77262,-42.39849,5e-05,-0.42875
11421.47,SYN.BTC-19JUL19,1562410741434,open,0.05,20.3,0.012,0.096,0.05410792,96.73,0.0775,0.0,BTC-19JUL19-11000-P,11386.21,91.7,0.0505,32.0,0.057,3.0,100.77,8.1868,-30.75364,-1.76084,0.00018,-0.38293
11440.82,SYN.BTC-26JUL19,1562410741435,open,0.4,5.0,0.353,0.4655,0.40937197,103.95,0.2255,0.0,BTC-26JUL19-16000-P,11386.21,0.0,0.0,0.0,0.0,0.0,0.0,4.80712,-12.5709,-8.13501,6e-05,-0.89641
11421.47,SYN.BTC-19JUL19,1562410741434,open,0.1,0.2,0.0595,0.147,0.10332708,98.18,0.1265,0.0,BTC-19JUL19-12000-P,11386.21,91.62,0.0985,24.0,0.107,24.0,103.15,8.42681,-32.12791,-2.71188,0.00019,-0.56976
11440.82,SYN.BTC-26JUL19,1562410741434,open,0.01,217.4,0.0005,0.049,0.0089072,97.88,0.01,0.0,BTC-26JUL19-8500-P,11386.21,93.61,0.0075,1.0,0.01,5.0,100.99,3.91363,-9.63661,-0.54472,6e-05,-0.07853
11421.47,SYN.BTC-19JUL19,1562410741434,open,0.16,5.0,0.1205,0.2135,0.16717429,99.82,0.206,0.0,BTC-19JUL19-13000-P,11386.21,92.22,0.1625,8.0,0.1705,8.0,105.06,7.162,-27.76105,-3.59328,0.00016,-0.72467
11440.82,SYN.BTC-26JUL19,1562410741437,open,0.09,294.3,0.046,0.1255,0.08589661,94.97,0.082,0.0,BTC-26JUL19-11500-C,11386.21,91.31,0.0825,29.0,0.0905,29.0,99.93,10.61007,-25.34839,2.79711,0.00016,0.53487
11440.82,SYN.BTC-26JUL19,1562410741435,open,0.0,186.6,0.0005,0.041,0.00134788,115.95,0.001,0.0,BTC-26JUL19-6500-P,11386.21,101.45,0.0005,25.0,0.0025,45.2,127.88,0.89643,-2.61479,-0.08967,1e-05,-0.01305
11402.13,SYN.BTC-12JUL19,1562410741437,open,0.05,120.8,0.005,0.0845,0.04470994,96.22,0.043,0.0,BTC-12JUL19-11500-C,11386.21,89.88,0.0415,5.0,0.049,29.0,104.7,5.77114,-47.2541,0.82911,0.00029,0.49642
11440.82,SYN.BTC-26JUL19,1562410741434,open,0.15,47.5,0.1025,0.194,0.14831971,97.74,0.1615,0.0,BTC-26JUL19-12500-P,11386.21,91.78,0.143,24.0,0.1515,24.0,101.28,10.25794,-25.22209,-4.71198,0.00015,-0.60802
11421.47,SYN.BTC-19JUL19,1562410741434,open,0.04,6.7,0.0005,0.0775,0.0364123,96.73,0.055,0.0,BTC-19JUL19-10500-P,11386.21,92.18,0.0335,32.0,0.0395,3.0,101.51,7.34113,-27.57663,-1.31449,0.00016,-0.28984
11440.82,SYN.BTC-26JUL19,1562410741434,open,0.03,187.4,0.0005,0.0675,0.0276169,100.15,0.03,0.0,BTC-26JUL19-14000-C,11386.21,97.11,0.0255,5.0,0.03,32.0,103.49,8.05798,-20.30092,1.24555,0.00011,0.22755
11440.82,SYN.BTC-26JUL19,1562410741436,open,0.0,123.3,0.0005,0.042,0.00238356,114.89,0.002,0.0,BTC-26JUL19-20000-C,11386.21,102.02,0.001,5.0,0.004,45.0,124.65,1.59329,-4.60498,0.14483,2e-05,0.02563
11440.82,SYN.BTC-26JUL19,1562410741437,open,0.21,9.3,0.167,0.2635,0.2151418,99.54,0.191,0.0,BTC-26JUL19-13500-P,11386.21,0.0,0.11,0.1,0.0,0.0,0.0,8.91548,-22.32424,-5.85423,0.00013,-0.72454
11440.82,SYN.BTC-26JUL19,1562410741437,open,0.14,124.9,0.092,0.1715,0.13195245,94.97,0.1225,0.0,BTC-26JUL19-10500-C,11386.21,90.14,0.128,24.0,0.136,24.0,99.87,9.40856,-22.47744,3.4814,0.00014,0.69077
11421.47,SYN.BTC-19JUL19,1562410741434,open,0.13,7.0,0.0885,0.179,0.13367565,98.95,0.1715,0.0,BTC-19JUL19-12500-P,11386.21,92.15,0.129,24.0,0.137,24.0,103.72,7.9232,-30.44492,-3.1683,0.00017,-0.65269
11440.82,SYN.BTC-26JUL19,1562410741437,open,0.49,0.0,0.4335,0.5525,0.49300631,106.47,None,0.0,BTC-26JUL19-17000-P,11386.21,0.0,0.0,0.0,0.0,0.0,0.0,3.61648,-9.68619,-8.86025,5e-05,-0.92919
11402.13,SYN.BTC-12JUL19,1562410741437,open,0.05,81.3,0.0115,0.095,0.05330317,96.24,0.082,0.0,BTC-12JUL19-11500-P,11386.21,89.71,0.05,24.0,0.057,5.0,103.54,5.77114,-47.26336,-1.02213,0.00029,-0.50357
11402.13,SYN.BTC-12JUL19,1562410741437,open,0.01,609.3,0.0005,0.049,0.008948,98.87,0.009,0.0,BTC-12JUL19-10000-P,11386.21,91.43,0.007,5.0,0.0105,1.0,104.38,3.1213,-26.26055,-0.26196,0.00015,-0.13377
11440.82,SYN.BTC-26JUL19,1562410741436,open,0.17,140.5,0.1205,0.2,0.16035042,94.97,0.1455,0.0,BTC-26JUL19-10000-C,11386.21,90.27,0.157,8.0,0.164,8.0,99.99,8.22956,-19.66047,3.75874,0.00012,0.76368
11440.82,SYN.BTC-26JUL19,1562410741434,open,0.0,153.3,0.0005,0.0415,0.00180339,118.21,0.0025,0.0,BTC-26JUL19-21000-C,11386.21,101.0,0.0005,15.1,0.003,1.0,127.27,1.2661,-3.76495,0.11035,2e-05,0.01952
11402.13,SYN.BTC-12JUL19,1562410741439,open,0.0,660.4,0.0005,0.0425,0.0026838,113.52,0.002,0.0,BTC-12JUL19-9000-P,11386.21,107.17,0.002,4.9,0.0035,40.1,120.04,1.32736,-12.82299,-0.08426,6e-05,-0.04322
11440.82,SYN.BTC-26JUL19,1562410741435,open,0.0,278.9,0.0005,0.0435,0.00337504,104.81,0.0065,0.0,BTC-26JUL19-7500-P,11386.21,99.17,0.0025,0.1,0.0045,45.0,110.96,1.92824,-5.08429,-0.2219,3e-05,-0.03224
11440.82,SYN.BTC-26JUL19,1562410741434,open,0.32,10.0,0.2755,0.3815,0.32848194,102.23,0.17,0.0,BTC-26JUL19-15000-P,11386.21,0.0,0.0,0.0,0.0,0.0,0.0,6.35587,-16.34581,-7.31211,9e-05,-0.84522
11402.13,SYN.BTC-12JUL19,1562410741434,open,0.23,0.3,0.1835,0.2815,0.2325393,109.27,0.1855,0.0,BTC-12JUL19-14000-P,11386.21,0.0,0.001,1.0,0.0,0.0,0.0,2.13234,-19.82798,-2.11713,9e-05,-0.9209
11440.82,SYN.BTC-26JUL19,1562410741435,open,0.07,164.0,0.026,0.111,0.0686248,94.98,0.09,0.0,BTC-26JUL19-11000-P,11386.21,90.92,0.065,32.0,0.0715,5.0,98.2,10.21782,-24.41355,-2.83626,0.00015,-0.38663
11402.13,SYN.BTC-12JUL19,1562410741434,open,0.0,27.7,0.0005,0.04,0.00023629,130.0,0.0005,0.0,BTC-12JUL19-7500-P,11386.21,142.17,0.0005,10.0,0.001,2.2,156.27,0.18548,-2.0519,-0.00845,1e-05,-0.00437
11402.13,SYN.BTC-12JUL19,1562410741438,open,0.26,0.0,0.2165,0.296,0.25602042,122.17,None,0.0,BTC-12JUL19-8500-C,11386.21,0.0,0.0,0.0,0.0,0.0,0.0,0.82493,-8.57618,1.32101,3e-05,0.97572
11402.13,SYN.BTC-12JUL19,1562410741437,open,0.08,27.9,0.039,0.125,0.08182755,99.06,0.081,0.0,BTC-12JUL19-12000-P,11386.21,89.92,0.0775,24.0,0.0855,24.0,106.72,5.44023,-45.86067,-1.31479,0.00026,-0.63449
11440.82,SYN.BTC-26JUL19,1562410741438,open,0.57,0.0,0.515,0.641,0.57801975,108.86,None,0.0,BTC-26JUL19-18000-P,11386.21,0.0,0.0,0.0,0.0,0.0,0.0,2.6987,-7.39024,-9.52727,3e-05,-0.95124
11421.47,SYN.BTC-19JUL19,1562410741434,open,0.07,2.1,0.0335,0.119,0.0761217,96.74,0.085,0.0,BTC-19JUL19-11500-P,11386.21,91.9,0.0725,24.0,0.0795,3.0,101.25,8.5459,-32.10301,-2.23585,0.00019,-0.47881
11402.13,SYN.BTC-12JUL19,1562410741436,open,0.01,163.3,0.0005,0.047,0.00719241,105.56,0.0095,0.0,BTC-12JUL19-13500-C,11386.21,100.56,0.006,0.1,0.0085,40.1,110.64,2.82919,-25.4133,0.20012,0.00013,0.11622
11440.82,SYN.BTC-26JUL19,1562410741437,open,0.25,5.3,0.2015,0.301,0.25131671,100.16,0.192,0.0,BTC-26JUL19-14000-P,11386.21,0.0,0.0,0.0,0.0,0.0,0.0,8.0589,-20.3064,-6.37779,0.00011,-0.77241
11440.82,SYN.BTC-26JUL19,1562410741437,open,0.04,61.1,0.0005,0.075,0.03514556,99.52,0.031,0.0,BTC-26JUL19-13500-C,11386.21,96.1,0.0325,5.0,0.0375,32.0,102.52,8.91488,-22.31968,1.49689,0.00013,0.27542
11440.82,SYN.BTC-26JUL19,1562410741438,open,0.27,36.6,0.226,0.3055,0.2659466,97.86,0.2155,0.0,BTC-26JUL19-8500-C,11386.21,0.0,0.0105,0.1,0.0,0.0,0.0,3.91232,-9.63147,4.08412,6e-05,0.92151
291.6,SYN.ETH-12JUL19,1562410741525,open,0.0,1305.0,0.001,0.041,0.001958,111.91,0.002,0.0,ETH-12JUL19-380-C,291.04,100.46,0.001,11.0,0.003,255.0,120.92,0.02953,-0.28125,0.00162,0.00193,0.03642
305.34,ETH-27DEC19,1562410741537,open,0.52,0.0,0.476,0.555,0.515984,95.6,None,0.0,ETH-27DEC19-160-C,291.04,0.0,0.001,1000.0,1.6,1.0,500.0,0.35679,-0.09809,0.56553,0.00084,0.90479
305.34,ETH-27DEC19,1562410741543,open,0.48,0.0,0.421,0.538,0.479203,96.32,None,0.0,ETH-27DEC19-400-P,291.04,83.8,0.445,30.0,0.495,110.0,102.07,0.83846,-0.23224,-1.46708,0.00196,-0.52941
292.27,SYN.ETH-19JUL19,1562410741620,open,0.08,125.0,0.041,0.127,0.084355,92.77,0.094,0.0,ETH-19JUL19-300-P,291.04,82.92,0.077,150.0,0.088,150.0,97.64,0.21856,-0.78734,-0.06283,0.00782,-0.52502
11402.13,SYN.BTC-12JUL19,1562410741649,open,0.18,17.4,0.131,0.2105,0.17095426,101.43,0.176,0.0,BTC-12JUL19-9500-C,11386.21,71.46,0.1675,8.0,0.1735,8.0,114.83,1.92325,-16.60066,1.39487,9e-05,0.9309
305.34,ETH-27DEC19,1562410741744,open,0.16,39.0,0.113,0.192,0.15253,100.28,0.145,0.0,ETH-27DEC19-440-C,291.04,98.61,0.148,5.0,0.155,110.0,101.19,0.82697,-0.23848,0.40051,0.00186,0.42788
305.34,ETH-27DEC19,1562410741761,open,0.04,201.0,0.001,0.081,0.040008,95.62,0.037,0.0,ETH-27DEC19-160-P,291.04,89.44,0.033,1.0,0.047,140.0,101.46,0.35684,-0.09812,-0.19671,0.00084,-0.09523
291.6,SYN.ETH-12JUL19,1562410741824,open,0.06,399.0,0.02,0.103,0.061502,88.98,0.073,0.0,ETH-12JUL19-300-P,291.04,77.85,0.056,150.0,0.066,150.0,98.01,0.14482,-1.09652,-0.02999,0.01189,-0.57734
298.94,ETH-27SEP19,1562410741843,open,0.01,1400.0,0.001,0.052,0.012545,105.79,0.012,0.0,ETH-27SEP19-720-C,291.04,99.57,0.009,200.0,0.016,200.0,110.95,0.18679,-0.11922,0.03756,0.00087,0.06789
292.93,SYN.ETH-26JUL19,1562410741853,open,0.01,1083.0,0.001,0.044,0.004517,99.34,0.009,0.0,ETH-26JUL19-440-C,291.04,86.45,0.002,260.0,0.007,400.0,108.32,0.07118,-0.17789,0.00735,0.00153,0.05061
298.94,ETH-27SEP19,1562410741892,open,0.42,240.0,0.367,0.48,0.423106,97.25,0.405,0.0,ETH-27SEP19-400-P,291.04,0.0,0.0,0.0,0.0,0.0,0.0,0.52526,-0.30817,-0.73126,0.00266,-0.65423
298.94,ETH-27SEP19,1562410741896,open,0.0,389.0,0.001,0.04,7.8e-05,111.04,0.002,0.0,ETH-27SEP19-60-P,291.04,0.0,0.0,0.0,0.0,0.0,0.0,0.00246,-0.00165,-0.00038,1e-05,-0.00048
298.94,ETH-27SEP19,1562410741898,open,0.37,1450.0,0.328,0.407,0.36753,94.15,0.383,0.0,ETH-27SEP19-200-C,291.04,50.97,0.335,20.0,0.375,5.0,101.31,0.30343,-0.17235,0.34017,0.00159,0.86869
298.94,ETH-27SEP19,1562410741906,open,0.05,2943.0,0.008,0.087,0.04732,98.11,0.052,0.0,ETH-27SEP19-480-C,291.04,94.98,0.043,160.0,0.051,140.0,100.7,0.41949,-0.2483,0.11581,0.00211,0.21793
298.94,ETH-27SEP19,1562410741906,open,0.01,5938.0,0.001,0.053,0.012531,95.17,0.015,0.0,ETH-27SEP19-160-P,291.04,90.09,0.01,201.0,0.015,140.0,99.69,0.15673,-0.08999,-0.04532,0.00081,-0.05424
298.94,ETH-27SEP19,1562410741912,open,0.0,8300.0,0.001,0.044,0.00398,104.2,0.004,0.0,ETH-27SEP19-120-P,291.04,93.07,0.002,10.0,0.006,200.0,112.48,0.06443,-0.0405,-0.01523,0.0003,-0.01846
292.93,SYN.ETH-26JUL19,1562410741915,open,0.31,504.0,0.261,0.365,0.312718,96.16,0.168,0.0,ETH-26JUL19-380-P,291.04,0.0,0.0,0.0,0.0,0.0,0.0,0.15756,-0.38113,-0.18588,0.00351,-0.85256
292.93,SYN.ETH-26JUL19,1562410741925,open,0.0,562.0,0.001,0.04,0.000514,108.26,0.004,0.0,ETH-26JUL19-160-P,291.04,0.0,0.0,0.0,0.0,0.0,0.0,0.01139,-0.03102,-0.00102,0.00023,-0.00586
305.34,ETH-27DEC19,1562410741942,open,0.59,0.0,0.53,0.657,0.593593,100.3,None,0.0,ETH-27DEC19-440-P,291.04,83.53,0.549,30.0,0.6,110.0,102.66,0.827,-0.23853,-1.69551,0.00186,-0.57206
292.93,SYN.ETH-26JUL19,1562410741959,open,0.39,0.0,0.348,0.427,0.387523,108.0,None,0.0,ETH-26JUL19-180-C,291.04,0.0,0.0,0.0,0.0,0.0,0.0,0.03279,-0.08908,0.09454,0.00065,0.98022
298.94,ETH-27SEP19,1562410741962,open,0.16,1703.0,0.112,0.191,0.151343,94.55,0.162,0.0,ETH-27SEP19-320-C,291.04,91.2,0.145,3.0,0.157,110.0,97.53,0.56672,-0.32326,0.25672,0.00295,0.52955
298.94,ETH-27SEP19,1562410741964,open,0.22,688.0,0.173,0.27,0.221791,94.55,0.223,0.0,ETH-27SEP19-320-P,291.04,90.97,0.215,120.0,0.229,110.0,98.35,0.56672,-0.32326,-0.46987,0.00295,-0.47045
298.94,ETH-27SEP19,1562410741970,open,0.77,12.0,0.706,0.847,0.776747,99.89,1.193,0.0,ETH-27SEP19-520-P,291.04,0.0,0.0,0.0,0.0,0.0,0.0,0.37048,-0.22327,-1.08552,0.00183,-0.82252
292.93,SYN.ETH-26JUL19,1562410741975,open,0.33,0.0,0.281,0.36,0.320236,93.94,None,0.0,ETH-26JUL19-200-C,291.04,0.0,0.005,2.0,0.0,0.0,0.0,0.04921,-0.11629,0.10331,0.00112,0.96788
292.93,SYN.ETH-26JUL19,1562410741977,open,0.06,735.0,0.021,0.105,0.062605,91.15,0.075,0.0,ETH-26JUL19-280-P,291.04,85.94,0.058,200.0,0.067,120.0,96.12,0.25921,-0.59439,-0.0698,0.00609,-0.37499
298.94,ETH-27SEP19,1562410741979,open,0.73,0.0,0.693,0.772,0.732911,110.47,None,0.0,ETH-27SEP19-80-C,291.04,0.0,0.004,5.0,0.0,0.0,0.0,0.01234,-0.00823,0.17937,6e-05,0.99718
292.93,SYN.ETH-26JUL19,1562410741979,open,0.19,68.0,0.15,0.245,0.197236,96.16,0.104,0.0,ETH-26JUL19-340-P,291.04,0.0,0.0,0.0,0.0,0.0,0.0,0.23419,-0.56652,-0.14463,0.00521,-0.70946
292.93,SYN.ETH-26JUL19,1562410741986,open,0.02,1312.0,0.001,0.055,0.0155,96.16,0.018,0.0,ETH-26JUL19-380-C,291.04,89.31,0.012,250.0,0.017,250.0,98.9,0.15756,-0.38114,0.02105,0.00351,0.14744
298.94,ETH-27SEP19,1562410742000,open,0.0,1814.0,0.001,0.04,0.000523,110.47,0.002,0.0,ETH-27SEP19-80-P,291.04,0.0,0.0,0.0,0.0,0.0,0.0,0.01234,-0.00823,-0.00227,6e-05,-0.00282
292.93,SYN.ETH-26JUL19,1562410742002,open,0.04,1801.0,0.001,0.076,0.036568,96.16,0.037,0.0,ETH-26JUL19-340-C,291.04,94.19,0.035,1.0,0.038,200.0,97.94,0.23419,-0.56652,0.04051,0.00521,0.29054
292.93,SYN.ETH-26JUL19,1562410742039,open,0.04,1220.0,0.001,0.077,0.036057,91.36,0.045,0.0,ETH-26JUL19-260-P,291.04,87.23,0.033,50.0,0.039,150.0,95.28,0.21846,-0.50206,-0.04606,0.00512,-0.25269
298.94,ETH-27SEP19,1562410742041,open,0.07,2516.0,0.024,0.103,0.063869,98.05,0.068,0.0,ETH-27SEP19-440-C,291.04,95.6,0.06,30.0,0.067,110.0,100.0,0.47645,-0.28184,0.14422,0.00239,0.27635
292.93,SYN.ETH-26JUL19,1562410742041,open,0.05,1473.0,0.011,0.09,0.050572,91.89,0.058,0.0,ETH-26JUL19-320-C,291.04,86.72,0.046,200.0,0.055,120.0,96.85,0.26032,-0.60175,0.05258,0.00606,0.38021
292.93,SYN.ETH-26JUL19,1562410742041,open,0.11,681.0,0.067,0.146,0.106761,91.15,0.122,0.0,ETH-26JUL19-280-C,291.04,85.77,0.102,150.0,0.112,120.0,97.07,0.25921,-0.59439,0.08267,0.00609,0.62501
292.93,SYN.ETH-26JUL19,1562410742041,open,0.1,568.0,0.055,0.142,0.098317,91.15,0.104,0.0,ETH-26JUL19-300-P,291.04,85.44,0.093,150.0,0.103,120.0,96.19,0.2727,-0.62534,-0.0958,0.0064,-0.50227
298.94,ETH-27SEP19,1562410742092,open,0.8,0.0,0.76,0.839,0.799368,111.04,0.01,0.0,ETH-27SEP19-60-C,291.04,0.0,0.004,5.0,0.0,0.0,0.0,0.00246,-0.00165,0.13585,1e-05,0.99952
298.94,ETH-27SEP19,1562410742104,open,0.1,1669.0,0.057,0.136,0.096365,95.73,0.11,0.0,ETH-27SEP19-380-C,291.04,92.22,0.09,2.0,0.102,270.0,98.82,0.54362,-0.31397,0.19449,0.0028,0.3829
298.94,ETH-27SEP19,1562410742129,open,0.27,294.0,0.217,0.317,0.267114,94.76,0.265,0.0,ETH-27SEP19-340-P,291.04,91.01,0.26,120.0,0.275,110.0,98.91,0.56728,-0.3243,-0.53673,0.00295,-0.52364
298.94,ETH-27SEP19,1562410742132,open,0.18,2925.0,0.136,0.215,0.175393,93.8,0.192,0.0,ETH-27SEP19-300-C,291.04,89.83,0.168,120.0,0.182,230.0,97.37,0.55523,-0.31422,0.27826,0.00292,0.58534
292.93,SYN.ETH-26JUL19,1562410742132,open,0.15,476.0,0.109,0.188,0.148487,91.36,0.153,0.0,ETH-26JUL19-260-C,291.04,85.27,0.144,50.0,0.154,50.0,98.67,0.21846,-0.50206,0.09552,0.00512,0.74731
305.34,ETH-27DEC19,1562410742137,open,0.13,258.0,0.09,0.169,0.129688,100.28,0.133,0.0,ETH-27DEC19-480-C,291.04,85.52,0.092,40.0,0.133,110.0,101.54,0.80193,-0.23126,0.36298,0.0018,0.37924
292.27,SYN.ETH-19JUL19,1562410742148,open,0.02,23.0,0.001,0.06,0.020116,93.06,0.024,0.0,ETH-19JUL19-340-C,291.04,87.3,0.017,200.0,0.023,200.0,98.17,0.1618,-0.58473,0.02043,0.00577,0.21826
292.93,SYN.ETH-26JUL19,1562410742241,open,0.0,1228.0,0.001,0.041,0.001488,121.53,0.002,0.0,ETH-26JUL19-560-C,291.04,0.0,0.0,0.0,0.003,270.0,134.07,0.02743,-0.08387,0.00232,0.00048,0.01605
11441.13,SYN.BTC-26JUL19,1562410742548,open,0.02,153.1,0.0005,0.0615,0.02163389,100.75,0.022,0.0,BTC-26JUL19-14500-C,11386.21,97.29,0.0195,37.0,0.024,32.0,104.47,7.16672,-18.16489,1.02829,0.0001,0.18668
11770.08,BTC-27DEC19,1562410742577,open,0.08,155.4,0.0325,0.118,0.07529641,95.7,0.08,0.0,BTC-27DEC19-7500-P,11386.21,92.16,0.0695,6.4,0.0765,3.1,96.43,19.41068,-5.34192,-12.94862,3e-05,-0.15564
11770.08,BTC-27DEC19,1562410742874,open,0.83,0.0,0.793,0.8725,0.83283124,127.54,None,0.0,BTC-27DEC19-2000-C,11386.21,0.0,0.0135,0.1,0.9855,0.5,500.0,1.59735,-0.58584,8.97654,0.0,0.99293
11440.82,SYN.BTC-26JUL19,1562410742946,open,0.02,346.9,0.0005,0.057,0.01737627,102.21,0.0195,0.0,BTC-26JUL19-15000-C,11386.21,102.43,0.0175,17.0,0.0195,32.0,105.95,6.35419,-16.33811,0.85568,9e-05,0.15472
291.6,SYN.ETH-12JUL19,1562410743035,open,0.01,88.0,0.001,0.046,0.006127,94.48,0.009,0.0,ETH-12JUL19-340-C,291.04,79.33,0.003,250.0,0.009,250.0,105.45,0.07003,-0.56302,0.00492,0.00542,0.11102
305.34,ETH-27DEC19,1562410743049,open,0.07,1.0,0.024,0.103,0.063759,101.76,0.075,0.0,ETH-27DEC19-680-C,291.04,99.37,0.059,51.0,0.068,40.0,103.84,0.61595,-0.18024,0.22014,0.00136,0.2151
291.6,SYN.ETH-12JUL19,1562410743056,open,0.13,100.0,0.078,0.157,0.117544,90.96,0.109,0.0,ETH-12JUL19-260-C,291.04,77.75,0.114,50.0,0.122,50.0,105.27,0.08491,-0.65724,0.03455,0.00682,0.8535
292.93,SYN.ETH-26JUL19,1562410743066,open,0.0,1841.0,0.001,0.042,0.002494,111.65,0.002,0.0,ETH-26JUL19-500-C,291.04,98.34,0.001,30.0,0.004,250.0,120.42,0.04302,-0.12083,0.00396,0.00082,0.02731
305.34,ETH-27DEC19,1562410743116,open,0.21,2.0,0.159,0.255,0.206901,95.01,0.244,0.0,ETH-27DEC19-280-P,291.04,89.81,0.194,1.0,0.22,120.0,100.31,0.75635,-0.20664,-0.77042,0.00179,-0.32276
292.27,SYN.ETH-19JUL19,1562410743143,open,0.32,0.0,0.278,0.357,0.317185,102.86,None,0.0,ETH-19JUL19-200-C,291.04,0.0,0.0,0.0,0.0,0.0,0.0,0.02623,-0.10478,0.06837,0.00085,0.98031
292.27,SYN.ETH-19JUL19,1562410743198,open,0.0,110.0,0.001,0.044,0.004379,100.37,0.008,0.0,ETH-19JUL19-400-C,291.04,87.01,0.002,250.0,0.007,250.0,110.87,0.06382,-0.24873,0.00555,0.00211,0.05816
292.27,SYN.ETH-19JUL19,1562410743201,open,0.2,0.0,0.149,0.228,0.188998,92.77,None,0.0,ETH-19JUL19-240-C,291.04,0.0,0.0,0.0,0.0,0.0,0.0,0.10431,-0.37575,0.07211,0.00373,0.88838
305.34,ETH-27DEC19,1562410743231,open,0.92,150.0,0.855,1.009,0.932179,101.68,0.974,0.0,ETH-27DEC19-560-P,291.04,0.0,0.0,0.0,0.0,0.0,0.0,0.73697,-0.21548,-2.36848,0.00163,-0.69614
305.34,ETH-27DEC19,1562410743255,open,1.28,0.0,1.2,1.382,1.290858,101.79,None,0.0,ETH-27DEC19-680-P,291.04,0.0,0.001,20.0,0.0,0.0,0.0,0.6162,-0.18038,-3.01907,0.00136,-0.78474
292.27,SYN.ETH-19JUL19,1562410743289,open,0.0,0.0,0.001,0.041,0.00149,102.86,None,0.0,ETH-19JUL19-200-P,291.04,0.0,0.0,0.0,0.003,250.0,116.25,0.02623,-0.10478,-0.00218,0.00085,-0.01969
292.93,SYN.ETH-26JUL19,1562410743295,open,0.63,0.0,0.576,0.707,0.641591,107.81,None,0.0,ETH-26JUL19-480-P,291.04,0.0,0.0,0.0,0.0,0.0,0.0,0.05045,-0.13682,-0.25658,0.001,-0.9669
292.93,SYN.ETH-26JUL19,1562410743348,open,0.7,0.0,0.641,0.777,0.709359,111.65,None,0.0,ETH-26JUL19-500-P,291.04,0.0,0.0,0.0,0.0,0.0,0.0,0.04302,-0.12083,-0.26831,0.00082,-0.97269
291.6,SYN.ETH-12JUL19,1562410743348,open,0.43,0.0,0.384,0.498,0.441256,129.91,None,0.0,ETH-12JUL19-420-P,291.04,0.0,0.0,0.0,0.0,0.0,0.0,0.01523,-0.16835,-0.06688,0.00086,-0.98347
292.27,SYN.ETH-19JUL19,1562410743359,open,0.01,510.0,0.001,0.05,0.010164,92.77,0.011,0.0,ETH-19JUL19-240-P,291.04,83.24,0.007,250.0,0.013,250.0,100.34,0.10431,-0.37575,-0.01256,0.00373,-0.11162
291.6,SYN.ETH-12JUL19,1562410743382,open,0.17,5.0,0.126,0.218,0.172107,94.48,0.283,0.0,ETH-12JUL19-340-P,291.04,0.0,0.0,0.0,0.0,0.0,0.0,0.07003,-0.56302,-0.04981,0.00542,-0.88898
298.94,ETH-27SEP19,1562410743397,open,1.15,0.0,1.074,1.246,1.159965,103.92,None,0.0,ETH-27SEP19-640-P,291.04,0.0,0.0,0.0,0.0,0.0,0.0,0.24741,-0.15512,-1.39918,0.00117,-0.90141
291.6,SYN.ETH-12JUL19,1562410743397,open,0.01,1495.0,0.001,0.049,0.009176,90.96,0.015,0.0,ETH-12JUL19-260-P,291.04,79.24,0.006,252.0,0.012,250.0,100.22,0.08491,-0.65724,-0.00731,0.00682,-0.1465
11402.13,SYN.BTC-12JUL19,1562410743400,open,0.0,351.4,0.0005,0.0415,0.00150213,122.27,0.002,0.0,BTC-12JUL19-8500-P,11386.21,114.47,0.001,11.0,0.002,2.1,128.54,0.82729,-8.60753,-0.04747,3e-05,-0.02436
11615.15,BTC-27SEP19,1562410743439,open,0.08,105.6,0.0405,0.12,0.08026819,98.75,0.0915,0.0,BTC-27SEP19-16000-C,11386.21,96.55,0.0765,10.0,0.083,25.6,100.33,19.99506,-11.91208,6.53376,7e-05,0.32801
11770.11,BTC-27DEC19,1562410743440,open,0.05,209.9,0.01,0.0895,0.04961543,104.04,0.059,0.0,BTC-27DEC19-30000-C,11385.58,102.25,0.0465,5.0,0.053,5.0,105.94,20.75936,-6.21102,6.89686,3e-05,0.17262
11770.11,BTC-27DEC19,1562410743440,open,0.09,68.0,0.0505,0.13,0.0900146,99.86,0.092,0.0,BTC-27DEC19-22000-C,11385.58,97.71,0.085,5.0,0.0945,5.0,101.76,27.66155,-7.94364,11.03229,4e-05,0.28678
11615.15,BTC-27SEP19,1562410743440,open,0.01,120.6,0.0005,0.0515,0.01175878,110.6,0.0115,0.0,BTC-27SEP19-30000-C,11385.58,107.44,0.01,1.0,0.0135,38.0,113.46,6.77635,-4.52151,1.32876,2e-05,0.06214
11770.11,BTC-27DEC19,1562410743440,open,0.0,184.7,0.0005,0.0415,0.00145804,101.55,0.003,0.0,BTC-27DEC19-2500-P,11385.58,88.81,0.0005,10.0,0.0,0.0,0.0,1.2205,-0.3564,-0.37442,0.0,-0.00522
11615.15,BTC-27SEP19,1562410743440,open,0.54,227.0,0.4945,0.574,0.53429616,99.42,0.535,0.0,BTC-27SEP19-5500-C,11385.58,0.0,0.0,0.0,0.8975,5.0,500.0,4.25366,-2.55138,11.36498,1e-05,0.96523
11615.15,BTC-27SEP19,1562410743440,open,0.3,369.7,0.257,0.3365,0.29676002,95.92,0.285,0.0,BTC-27SEP19-9000-C,11385.58,0.0,0.225,1.0,0.479,4.0,221.51,16.20432,-9.3771,12.85665,6e-05,0.78425
11615.15,BTC-27SEP19,1562410743440,open,0.68,0.0,0.6395,0.719,0.67911999,113.43,None,0.0,BTC-27SEP19-3750-C,11385.58,0.0,0.0045,10.0,0.7625,10.0,299.68,1.35695,-0.9286,8.22285,0.0,0.99091
11615.15,BTC-27SEP19,1562410743440,open,0.0,612.3,0.0005,0.0415,0.00154351,130.0,0.002,0.0,BTC-27SEP19-3000-P,11385.58,122.63,0.001,1.0,0.013,0.1,191.18,0.98232,-0.77045,-0.2068,0.0,-0.0063
11770.11,BTC-27DEC19,1562410743440,open,0.23,147.9,0.183,0.2625,0.22292609,95.66,0.22,0.0,BTC-27DEC19-13000-C,11385.58,93.84,0.218,10.0,0.2285,9.8,97.72,31.89039,-8.77247,19.5311,5e-05,0.57126
11615.15,BTC-27SEP19,1562410743440,open,0.26,28.1,0.208,0.3085,0.25832323,96.7,0.254,0.0,BTC-27SEP19-13000-P,11385.58,94.16,0.2535,5.0,0.2645,24.2,99.95,22.07797,-12.88064,-20.1471,7e-05,-0.50561
11615.15,BTC-27SEP19,1562410743440,open,0.45,14.5,0.3995,0.516,0.45780673,98.76,0.4105,0.0,BTC-27SEP19-16000-P,11385.58,0.0,0.0045,10.0,1.105,0.2,500.0,19.99637,-11.91477,-29.79463,7e-05,-0.67193
11615.15,BTC-27SEP19,1562410743441,open,0.01,469.6,0.0005,0.052,0.01195837,98.55,0.0165,0.0,BTC-27SEP19-6000-P,11385.58,94.41,0.01,5.1,0.0135,3.0,101.58,5.73994,-3.41264,-1.64322,2e-05,-0.05035
11441.12,SYN.BTC-26JUL19,1562410743440,open,0.04,313.3,0.0005,0.0755,0.0344194,94.98,0.033,0.0,BTC-26JUL19-10000-P,11385.58,90.89,0.0315,32.0,0.0365,5.0,97.86,8.22962,-19.66425,-1.68669,0.00012,-0.23631
11770.11,BTC-27DEC19,1562410743441,open,2.74,0.0,2.612,2.9125,2.76239152,110.79,None,0.0,BTC-27DEC19-44000-P,11385.58,0.0,0.0,0.0,0.0,0.0,0.0,13.16946,-4.19579,-205.92075,2e-05,-0.91021
11770.11,BTC-27DEC19,1562410743441,open,0.38,8.3,0.332,0.4425,0.387438,95.72,0.39,0.0,BTC-27DEC19-14000-P,11385.58,93.38,0.381,4.8,0.3935,5.0,97.93,32.33459,-8.90042,-48.24428,5e-05,-0.473
11402.44,SYN.BTC-12JUL19,1562410743440,open,0.35,0.0,0.3065,0.415,0.36082523,120.37,None,0.0,BTC-12JUL19-15500-P,11385.58,0.0,0.0,0.0,0.0,0.0,0.0,0.88946,-9.11059,-2.4491,4e-05,-0.97344
11441.12,SYN.BTC-26JUL19,1562410743440,open,0.0,188.4,0.0005,0.041,0.00125336,129.26,0.0015,0.0,BTC-26JUL19-6000-P,11385.58,114.55,0.0005,10.0,0.002,10.0,138.7,0.77266,-2.51248,-0.07629,1e-05,-0.01099
11615.15,BTC-27SEP19,1562410743441,open,0.0,1060.8,0.0005,0.0425,0.0025102,105.44,0.004,0.0,BTC-27SEP19-4250-P,11385.58,84.81,0.0005,14.0,0.0045,36.0,116.38,1.74775,-1.11181,-0.3867,1e-05,-0.01215
11441.12,SYN.BTC-26JUL19,1562410743440,open,0.01,401.5,0.0005,0.047,0.00708577,106.42,0.0065,0.0,BTC-26JUL19-17000-C,11385.58,101.06,0.0055,45.0,0.009,40.0,112.1,3.61324,-9.67337,0.39648,5e-05,0.07073
11421.78,SYN.BTC-19JUL19,1562410743440,open,0.0,100.0,0.0005,0.0445,0.00467936,103.5,0.01,0.0,BTC-19JUL19-8500-P,11385.58,94.24,0.003,3.0,0.0065,40.1,111.74,2.31483,-9.30353,-0.2321,5e-05,-0.05293
11615.15,BTC-27SEP19,1562410743442,open,0.64,0.2,0.597,0.6765,0.6366112,105.46,0.26,0.0,BTC-27SEP19-4250-C,11385.58,0.0,0.005,0.1,0.74,5.0,299.09,1.7488,-1.11265,9.26292,1e-05,0.98784
11770.11,BTC-27DEC19,1562410743442,open,0.04,170.0,0.0005,0.075,0.03506937,107.11,0.0375,0.0,BTC-27DEC19-36000-C,11385.58,104.92,0.032,5.0,0.0385,13.0,109.45,16.87226,-5.19682,5.13227,2e-05,0.1266
11402.44,SYN.BTC-12JUL19,1562410743440,open,0.35,0.0,0.3025,0.382,0.34246427,128.86,None,0.0,BTC-12JUL19-7500-C,11385.58,0.0,0.0,0.0,0.0,0.0,0.0,0.17509,-1.92002,1.19941,1e-05,0.9959
11770.11,BTC-27DEC19,1562410743443,open,0.45,0.5,0.3945,0.51,0.45225206,96.41,0.405,0.0,BTC-27DEC19-15000-P,11385.58,93.95,0.4455,5.0,0.4585,5.0,98.68,32.39254,-8.98017,-54.10181,5e-05,-0.51265
11614.52,BTC-27SEP19,1562410743443,open,0.0,425.8,0.0005,0.04,0.00016413,130.0,0.0005,0.0,BTC-27SEP19-2000-P,11385.58,0.0,0.0,0.0,0.0035,2.0,190.68,0.15485,-0.12145,-0.02589,0.0,-0.00082
11770.11,BTC-27DEC19,1562410743443,open,0.52,6.9,0.4595,0.5805,0.51988758,97.15,0.5815,0.0,BTC-27DEC19-16000-P,11385.58,94.26,0.512,4.8,0.528,4.8,100.12,32.16616,-8.98632,-59.92026,5e-05,-0.54879
11770.11,BTC-27DEC19,1562410743444,open,0.02,132.1,0.0005,0.0605,0.02003762,97.06,0.016,0.0,BTC-27DEC19-5000-P,11385.58,94.97,0.0185,0.1,0.0215,3.0,98.98,8.82498,-2.46301,-4.1162,1e-05,-0.05337
11770.11,BTC-27DEC19,1562410743443,open,0.66,7.8,0.595,0.7275,0.66138096,98.55,0.725,0.0,BTC-27DEC19-18000-P,11385.58,95.17,0.6525,4.8,0.669,4.8,101.42,31.12382,-8.82018,-71.39612,5e-05,-0.61197
11402.44,SYN.BTC-12JUL19,1562410743440,open,0.07,70.4,0.029,0.1085,0.06862007,98.54,0.0795,0.0,BTC-12JUL19-11000-C,11385.58,88.8,0.064,29.0,0.0715,24.0,104.58,5.42882,-45.5245,1.04291,0.00026,0.63679
11402.44,SYN.BTC-12JUL19,1562410743441,open,0.19,13.5,0.144,0.2385,0.19115313,105.56,0.22,0.0,BTC-12JUL19-13500-P,11385.58,0.0,0.0,0.0,0.0,0.0,0.0,2.83009,-25.42205,-1.97299,0.00013,-0.88373
11421.78,SYN.BTC-19JUL19,1562410743440,open,0.12,0.0,0.0775,0.157,0.1170883,96.7,None,0.0,BTC-19JUL19-10500-C,11385.58,91.87,0.114,8.0,0.121,8.0,102.75,7.34027,-27.56503,2.38991,0.00016,0.71025
11421.78,SYN.BTC-19JUL19,1562410743440,open,0.01,36.0,0.0005,0.048,0.00811915,100.12,0.0125,0.0,BTC-19JUL19-9000-P,11385.58,92.49,0.006,43.0,0.01,43.3,106.17,3.38832,-13.17327,-0.38208,7e-05,-0.08671
11441.12,SYN.BTC-26JUL19,1562410743440,open,0.66,0.0,0.5975,0.73,0.66390179,111.44,None,0.0,BTC-26JUL19-19000-P,11385.58,0.0,0.0,0.0,0.0,0.0,0.0,2.03122,-5.69444,-10.15237,3e-05,-0.96565
11441.12,SYN.BTC-26JUL19,1562410743443,open,0.18,16.9,0.1335,0.2275,0.18030707,98.29,0.169,0.0,BTC-26JUL19-13000-P,11385.58,92.55,0.1755,24.0,0.1835,24.0,102.05,9.65895,-23.88373,-5.30271,0.00014,-0.67083
11421.78,SYN.BTC-19JUL19,1562410743443,open,0.24,0.0,0.1915,0.29,0.24067121,100.54,None,0.0,BTC-19JUL19-14000-P,11385.58,0.0,0.0,0.0,0.0,0.0,0.0,5.27689,-20.60282,-4.34328,0.00011,-0.8373
11402.44,SYN.BTC-12JUL19,1562410743444,open,0.11,17.5,0.0705,0.159,0.1147001,100.62,0.13,0.0,BTC-12JUL19-12500-P,11385.58,90.02,0.1105,8.0,0.118,8.0,108.56,4.65416,-39.85192,-1.57635,0.00022,-0.74409
11421.78,SYN.BTC-19JUL19,1562410743443,open,0.02,97.1,0.0005,0.0545,0.01494349,100.54,0.017,0.0,BTC-19JUL19-14000-C,11385.58,96.23,0.013,37.0,0.0165,0.5,103.85,5.277,-20.60363,0.59536,0.00011,0.16271
11441.12,SYN.BTC-26JUL19,1562410743442,open,0.28,5.0,0.2375,0.3405,0.28902591,100.81,0.1535,0.0,BTC-26JUL19-14500-P,11385.58,0.0,0.0,0.0,0.0,0.0,0.0,7.17047,-18.18394,-6.86676,0.0001,-0.81316
11441.12,SYN.BTC-26JUL19,1562410743440,open,0.2,98.9,0.1535,0.233,0.1932274,96.64,0.1795,0.0,BTC-26JUL19-9500-C,11385.58,90.28,0.1895,8.0,0.1955,8.0,100.38,6.86537,-16.69042,3.94022,0.0001,0.82567
11441.12,SYN.BTC-26JUL19,1562410743441,open,0.01,383.6,0.0005,0.055,0.01466714,96.65,0.019,0.0,BTC-26JUL19-9000-P,11385.58,90.71,0.012,40.0,0.0155,0.4,98.42,5.32881,-12.95575,-0.83663,8e-05,-0.11962
11402.44,SYN.BTC-12JUL19,1562410743440,open,0.02,194.1,0.0005,0.058,0.01841348,100.55,0.018,0.0,BTC-12JUL19-12500-C,11385.58,93.26,0.0155,5.0,0.021,32.1,106.79,4.6524,-39.80764,0.43559,0.00022,0.25572
11441.12,SYN.BTC-26JUL19,1562410743443,open,0.05,200.2,0.008,0.0915,0.04972422,94.99,0.051,0.0,BTC-26JUL19-10500-P,11385.58,90.44,0.046,32.0,0.0525,5.0,98.35,9.40849,-22.48146,-2.23621,0.00014,-0.30921
11402.44,SYN.BTC-12JUL19,1562410743444,open,0.1,58.4,0.0575,0.137,0.09745675,98.5,0.0925,0.0,BTC-12JUL19-10500-C,11385.58,88.09,0.0935,8.0,0.1,8.0,104.93,4.44644,-37.26866,1.22518,0.00022,0.76493
11402.44,SYN.BTC-12JUL19,1562410743447,open,0.03,188.0,0.0005,0.069,0.02938554,99.03,0.03,0.0,BTC-12JUL19-12000-C,11385.58,91.89,0.026,5.0,0.0325,37.0,105.52,5.44049,-45.84724,0.61701,0.00026,0.36553
11615.15,BTC-27SEP19,1562410743453,open,1.75,0.0,1.654,1.8745,1.76418529,111.21,None,0.0,BTC-27SEP19-32000-P,11385.58,0.0,0.0,0.0,2.312,1.0,450.0,5.68451,-3.81411,-71.58801,2e-05,-0.95026
305.34,ETH-27DEC19,1562410743475,open,0.06,114.0,0.017,0.096,0.056178,102.1,0.078,0.0,ETH-27DEC19-720-C,291.04,99.31,0.051,10.0,0.061,40.0,104.6,0.57837,-0.16981,0.19978,0.00128,0.19353
298.94,ETH-27SEP19,1562410743475,open,1.54,0.0,1.451,1.654,1.552838,107.06,None,0.0,ETH-27SEP19-760-P,291.04,0.0,0.0,0.0,0.0,0.0,0.0,0.16465,-0.10634,-1.69358,0.00076,-0.94226
11770.11,BTC-27DEC19,1562410743469,open,3.08,0.0,2.935,3.262,3.0985218,112.3,None,0.0,BTC-27DEC19-48000-P,11385.58,0.0,0.0,0.0,3.851,1.0,450.02,11.72628,-3.7869,-225.48754,2e-05,-0.92305
291.6,SYN.ETH-12JUL19,1562410743632,open,0.0,0.0,0.001,0.04,0.000358,124.04,None,0.0,ETH-12JUL19-200-P,291.04,0.0,0.0,0.0,0.0,0.0,0.0,0.00691,-0.0729,-0.00033,0.00041,-0.00667
305.34,ETH-27DEC19,1562410743652,open,1.04,150.0,0.968,1.131,1.049688,101.68,1.096,0.0,ETH-27DEC19-600-P,291.04,0.0,0.0,0.0,0.0,0.0,0.0,0.69734,-0.2039,-2.58807,0.00154,-0.7296
291.6,SYN.ETH-12JUL19,1562410743737,open,0.0,239.0,0.001,0.042,0.002962,100.92,0.004,0.0,ETH-12JUL19-360-C,291.04,83.13,0.001,2.0,0.005,250.0,113.05,0.04225,-0.36289,0.00253,0.00306,0.05687
291.6,SYN.ETH-12JUL19,1562410743752,open,0.5,0.0,0.449,0.569,0.509328,130.0,None,0.0,ETH-12JUL19-440-P,291.04,0.0,0.0,0.0,0.0,0.0,0.0,0.00805,-0.08911,-0.07048,0.00045,-0.99206
305.34,ETH-27DEC19,1562410743785,open,0.2,63.0,0.159,0.238,0.198251,94.76,0.217,0.0,ETH-27DEC19-360-C,291.04,84.12,0.169,30.0,0.216,120.0,101.23,0.83837,-0.22845,0.48252,0.00199,0.52998
292.93,SYN.ETH-26JUL19,1562410743797,open,0.0,1186.0,0.001,0.041,0.001997,114.47,0.013,0.0,ETH-26JUL19-520-C,291.04,104.37,0.001,10.0,0.003,250.0,121.61,0.03582,-0.10314,0.00318,0.00067,0.02196
298.94,ETH-27SEP19,1562410743897,open,0.02,1272.0,0.001,0.055,0.015468,104.97,0.015,0.0,ETH-27SEP19-680-C,291.04,99.83,0.012,200.0,0.019,200.0,109.61,0.2154,-0.13642,0.04504,0.00101,0.08182
291.6,SYN.ETH-12JUL19,1562410744125,open,0.23,0.0,0.189,0.287,0.23753,100.92,None,0.0,ETH-12JUL19-360-P,291.04,0.0,0.0,0.0,0.0,0.0,0.0,0.04225,-0.36288,-0.05542,0.00306,-0.94313
292.27,SYN.ETH-19JUL19,1562410744289,open,0.05,131.0,0.008,0.09,0.04902,92.77,0.054,0.0,ETH-19JUL19-280-P,291.04,84.25,0.043,200.0,0.052,200.0,96.97,0.20717,-0.74629,-0.04315,0.00741,-0.36948
305.34,ETH-27DEC19,1562410744325,open,0.02,6.0,0.001,0.059,0.018923,103.09,0.019,0.0,ETH-27DEC19-120-P,291.04,98.66,0.016,6.0,0.022,140.0,107.44,0.20905,-0.06197,-0.09679,0.00046,-0.04762
298.94,ETH-27SEP19,1562410744381,open,1.28,0.0,1.199,1.381,1.290172,104.97,None,0.0,ETH-27SEP19-680-P,291.04,0.0,0.0,0.0,0.0,0.0,0.0,0.2154,-0.13642,-1.49895,0.00101,-0.91818
11769.57,BTC-27DEC19,1562410744436,open,0.37,184.4,0.3235,0.403,0.36307319,95.36,0.3945,0.0,BTC-27DEC19-9000-C,11385.6,64.84,0.3005,0.1,0.468,0.1,145.59,24.70505,-6.77456,22.77889,4e-05,0.76935
11614.54,BTC-27SEP19,1562410744437,open,0.92,0.2,0.8475,1.001,0.92406504,102.88,1.391,0.0,BTC-27SEP19-22000-P,11385.6,0.0,0.0045,10.0,0.0,0.0,0.0,12.61584,-7.83015,-46.916,4e-05,-0.85497
11440.49,SYN.BTC-26JUL19,1562410744435,open,0.74,0.0,0.6805,0.82,0.75046576,114.2,None,0.0,BTC-26JUL19-20000-P,11385.6,0.0,0.0,0.0,0.0,0.0,0.0,1.55178,-4.45811,-10.75032,2e-05,-0.97516
11769.57,BTC-27DEC19,1562410744438,open,0.09,153.1,0.048,0.135,0.09147907,95.69,0.0965,0.0,BTC-27DEC19-8000-P,11385.6,94.87,0.09,0.1,0.0925,3.0,96.25,21.32691,-5.86859,-15.22952,3e-05,-0.18015
11769.57,BTC-27DEC19,1562410744438,open,2.08,1.3,1.97,2.217,2.0936674,107.02,2.889,0.0,BTC-27DEC19-36000-P,11385.6,0.0,0.0005,1.0,0.0,0.0,0.0,16.83878,-5.182,-166.37384,2e-05,-0.87375
11769.57,BTC-27DEC19,1562410744438,open,0.2,215.4,0.158,0.2375,0.19795662,95.72,0.1945,0.0,BTC-27DEC19-14000-C,11385.6,93.73,0.1925,5.0,0.204,5.0,97.92,32.33332,-8.89964,18.44629,5e-05,0.52696
11614.54,BTC-27SEP19,1562410744439,open,0.01,51.8,0.0005,0.049,0.00910685,111.1,0.012,0.0,BTC-27SEP19-32000-C,11385.58,106.43,0.007,5.0,0.0115,37.0,115.67,5.66311,-3.79599,1.06546,2e-05,0.04951
11769.57,BTC-27DEC19,1562410744439,open,0.05,48.2,0.004,0.0835,0.0437615,105.04,0.055,0.0,BTC-27DEC19-32000-C,11385.6,103.33,0.041,5.0,0.047,5.0,106.98,19.31784,-5.83486,6.21029,3e-05,0.15453
11401.81,SYN.BTC-12JUL19,1562410744434,open,0.0,86.4,0.0005,0.041,0.00119864,126.64,0.003,0.0,BTC-12JUL19-16000-C,11385.6,0.0,0.0,0.0,0.0025,45.1,142.26,0.73762,-7.94876,0.03682,3e-05,0.02126
11440.49,SYN.BTC-26JUL19,1562410744437,open,0.48,0.0,0.437,0.5165,0.47682866,129.67,None,0.0,BTC-26JUL19-6000-C,11385.6,0.0,0.0055,10.0,0.0,0.0,0.0,0.78413,-2.55786,3.1896,1e-05,0.98882
11401.81,SYN.BTC-12JUL19,1562410744439,open,0.3,0.0,0.2595,0.339,0.29917441,130.89,None,0.0,BTC-12JUL19-8000-C,11385.6,0.0,0.0,0.0,0.0,0.0,0.0,0.49464,-5.50938,1.26187,2e-05,0.98668
11401.81,SYN.BTC-12JUL19,1562410744439,open,0.4,0.0,0.3485,0.4605,0.40440692,125.41,None,0.0,BTC-12JUL19-16000-P,11385.6,0.0,0.0,0.0,0.0,0.0,0.0,0.70616,-7.53622,-2.54064,3e-05,-0.97981
11401.81,SYN.BTC-12JUL19,1562410744438,open,0.01,299.0,0.0005,0.0445,0.00468926,109.24,0.005,0.0,BTC-12JUL19-14000-C,11385.6,102.39,0.0035,0.7,0.0055,0.2,113.4,2.13009,-19.80029,0.13638,9e-05,0.07899
11440.49,SYN.BTC-26JUL19,1562410744434,open,0.35,17.0,0.308,0.3875,0.34784341,105.02,0.246,0.0,BTC-26JUL19-7500-C,11385.6,0.0,0.0055,10.0,0.0,0.0,0.0,1.93955,-5.12391,3.8605,3e-05,0.96753
11440.49,SYN.BTC-26JUL19,1562410744440,open,0.07,471.2,0.0285,0.108,0.06829874,95.27,0.07,0.0,BTC-26JUL19-12000-C,11385.6,93.33,0.0665,5.0,0.072,6.0,99.27,10.59348,-25.39009,2.43239,0.00016,0.45874
292.27,SYN.ETH-19JUL19,1562410744454,open,0.06,200.0,0.018,0.097,0.057897,92.77,0.071,0.0,ETH-19JUL19-300-C,291.04,91.57,0.057,1.0,0.062,150.0,98.25,0.21856,-0.78734,0.043,0.00782,0.47498
11769.55,BTC-27DEC19,1562410744456,open,0.44,93.8,0.3985,0.478,0.43808154,95.71,0.4485,0.0,BTC-27DEC19-7500-C,11385.6,0.0,0.311,3.0,0.4985,2.5,130.9,19.41168,-5.34261,22.77729,3e-05,0.84433
291.6,SYN.ETH-12JUL19,1562410744469,open,0.04,423.0,0.001,0.072,0.032695,88.98,0.026,0.0,ETH-12JUL19-300-C,291.04,79.49,0.028,150.0,0.038,150.0,99.63,0.14482,-1.09652,0.01831,0.01189,0.42265
11614.54,BTC-27SEP19,1562410744472,open,1.75,0.0,1.654,1.8745,1.76413157,110.81,None,0.0,BTC-27SEP19-32000-P,11385.6,0.0,0.0,0.0,2.3125,1.0,450.23,5.60934,-3.75001,-71.60443,2e-05,-0.95108
11769.57,BTC-27DEC19,1562410744478,open,3.08,0.0,2.9345,3.262,3.09839194,111.99,None,0.0,BTC-27DEC19-48000-P,11385.6,0.0,0.0,0.0,3.8515,1.0,450.23,11.62088,-3.74227,-225.52056,2e-05,-0.92396
11769.57,BTC-27DEC19,1562410744494,open,0.05,213.4,0.0065,0.0895,0.04800084,95.87,0.054,0.0,BTC-27DEC19-6500-P,11385.6,94.71,0.0465,0.1,0.049,3.0,96.64,15.24501,-4.20282,-8.8419,2e-05,-0.1097
11769.57,BTC-27DEC19,1562410744576,open,0.01,75.2,0.0005,0.054,0.01390063,97.75,0.0105,0.0,BTC-27DEC19-4500-P,11385.6,94.38,0.012,0.1,0.0155,3.0,100.43,6.85817,-1.92784,-2.96624,1e-05,-0.039
291.6,SYN.ETH-12JUL19,1562410744631,open,0.25,0.0,0.208,0.287,0.24751,123.73,None,0.0,ETH-12JUL19-220-C,291.04,0.0,0.005,2.0,0.0,0.0,0.0,0.02553,-0.26882,0.03389,0.00151,0.96949
11421.15,SYN.BTC-19JUL19,1562410744700,open,0.2,0.0,0.155,0.251,0.20307742,100.44,None,0.0,BTC-19JUL19-13500-P,11385.6,0.0,0.0,0.0,0.0,0.0,0.0,6.25347,-24.39176,-3.98428,0.00014,-0.78584
292.27,SYN.ETH-19JUL19,1562410744774,open,0.04,60.0,0.001,0.074,0.034864,92.77,0.04,0.0,ETH-19JUL19-320-C,291.04,85.56,0.03,200.0,0.039,200.0,98.78,0.19938,-0.71825,0.03068,0.00713,0.33244
298.94,ETH-27SEP19,1562410744890,open,0.24,1301.0,0.199,0.278,0.238491,93.92,0.263,0.0,ETH-27SEP19-260-C,291.04,89.36,0.231,120.0,0.243,110.0,96.65,0.49234,-0.27897,0.31589,0.00258,0.70389
298.94,ETH-27SEP19,1562410744892,open,0.89,24.0,0.827,0.978,0.902404,100.99,1.356,0.0,ETH-27SEP19-560-P,291.04,0.0,0.0,0.0,0.0,0.0,0.0,0.32272,-0.19663,-1.19373,0.00157,-0.85629
298.94,ETH-27SEP19,1562410744892,open,0.32,1096.0,0.28,0.359,0.319818,94.15,0.34,0.0,ETH-27SEP19-220-C,291.04,0.0,0.22,5.0,0.57,17.0,278.77,0.37637,-0.21378,0.33815,0.00197,0.818
292.93,SYN.ETH-26JUL19,1562410744896,open,0.46,0.0,0.415,0.494,0.454317,108.26,None,0.0,ETH-26JUL19-160-C,291.04,0.0,0.0,0.0,0.0,0.0,0.0,0.01139,-0.03102,0.08611,0.00023,0.99414
292.93,SYN.ETH-26JUL19,1562410744896,open,0.25,1047.0,0.203,0.303,0.252987,96.16,0.25,0.0,ETH-26JUL19-360-P,291.04,0.0,0.2,1.0,0.0,0.0,0.0,0.19699,-0.47652,-0.16638,0.00438,-0.79003
298.94,ETH-27SEP19,1562410744906,open,0.18,961.0,0.132,0.226,0.178939,93.8,0.209,0.0,ETH-27SEP19-300-P,291.04,90.61,0.173,120.0,0.186,110.0,97.61,0.55523,-0.31422,-0.40291,0.00292,-0.41466
298.94,ETH-27SEP19,1562410744906,open,0.03,3788.0,0.001,0.064,0.024128,103.23,0.024,0.0,ETH-27SEP19-600-C,291.04,99.86,0.021,25.0,0.027,200.0,106.15,0.28651,-0.17845,0.06571,0.00137,0.12094
298.94,ETH-27SEP19,1562410744925,open,0.04,4145.0,0.001,0.078,0.036561,94.15,0.04,0.0,ETH-27SEP19-200-P,291.04,90.59,0.033,200.0,0.04,140.0,97.49,0.30343,-0.17235,-0.11394,0.00159,-0.13131
292.93,SYN.ETH-26JUL19,1562410744928,open,0.08,1249.0,0.035,0.114,0.074198,91.15,0.087,0.0,ETH-26JUL19-300-C,291.04,86.65,0.07,160.0,0.079,120.0,96.31,0.2727,-0.62534,0.06756,0.0064,0.49773
292.27,SYN.ETH-19JUL19,1562410744928,open,0.12,115.0,0.085,0.174,0.129752,92.77,0.142,0.0,ETH-19JUL19-320-P,291.04,82.71,0.123,150.0,0.134,150.0,98.94,0.19938,-0.71825,-0.0822,0.00713,-0.66756
11614.54,BTC-27SEP19,1562410744934,open,0.0,122.0,0.0005,0.042,0.00198097,113.48,0.0025,0.0,BTC-27SEP19-3750-P,11385.6,94.81,0.0005,8.0,0.0035,35.0,124.21,1.35992,-0.93107,-0.29255,0.0,-0.00911
291.6,SYN.ETH-12JUL19,1562410744936,open,0.3,0.0,0.253,0.357,0.305113,111.91,None,0.0,ETH-12JUL19-380-P,291.04,0.0,0.0,0.0,0.0,0.0,0.0,0.02953,-0.28125,-0.05955,0.00193,-0.96358
305.34,ETH-27DEC19,1562410744962,open,0.43,0.0,0.386,0.465,0.425675,95.0,None,0.0,ETH-27DEC19-200-C,291.04,0.0,0.001,1000.0,1.4,1.0,500.0,0.52364,-0.14305,0.59503,0.00124,0.83476
298.94,ETH-27SEP19,1562410744964,open,0.08,1895.0,0.037,0.122,0.079455,93.92,0.091,0.0,ETH-27SEP19-240-P,291.04,90.2,0.074,160.0,0.084,110.0,96.99,0.44027,-0.24946,-0.21512,0.00231,-0.23747
292.93,SYN.ETH-26JUL19,1562410744967,open,0.02,829.0,0.001,0.059,0.018445,91.98,0.02,0.0,ETH-26JUL19-240-P,291.04,87.39,0.016,300.0,0.021,400.0,96.58,0.15947,-0.369,-0.02689,0.00371,-0.15013
292.93,SYN.ETH-26JUL19,1562410744967,open,0.03,3221.0,0.001,0.064,0.024043,96.16,0.026,0.0,ETH-26JUL19-360-C,291.04,89.97,0.02,1.0,0.025,200.0,97.57,0.19699,-0.47652,0.02966,0.00438,0.20997
298.94,ETH-27SEP19,1562410744970,open,0.36,101.0,0.313,0.422,0.367523,95.73,0.369,0.0,ETH-27SEP19-380-P,291.04,0.0,0.0,0.0,0.0,0.0,0.0,0.54362,-0.31397,-0.66833,0.0028,-0.6171
292.93,SYN.ETH-26JUL19,1562410744970,open,0.01,1054.0,0.001,0.049,0.009822,96.16,0.016,0.0,ETH-26JUL19-400-C,291.04,88.76,0.007,250.0,0.012,400.0,101.19,0.12081,-0.29224,0.01454,0.00269,0.10097
298.94,ETH-27SEP19,1562410744975,open,0.61,47.0,0.563,0.642,0.602561,104.2,0.689,0.0,ETH-27SEP19-120-C,291.04,0.0,0.0,0.0,0.0,0.0,0.0,0.06443,-0.0405,0.25724,0.0003,0.98154
298.94,ETH-27SEP19,1562410744977,open,0.06,2620.0,0.014,0.097,0.055751,94.15,0.066,0.0,ETH-27SEP19-220-P,291.04,91.15,0.052,160.0,0.06,300.0,97.5,0.37637,-0.21378,-0.16138,0.00197,-0.182
298.94,ETH-27SEP19,1562410744977,open,0.31,199.0,0.263,0.368,0.315555,95.0,0.327,0.0,ETH-27SEP19-360-P,291.04,91.49,0.309,120.0,0.324,110.0,99.51,0.55872,-0.32024,-0.60317,0.0029,-0.57307
298.94,ETH-27SEP19,1562410744977,open,0.42,743.0,0.38,0.459,0.419971,94.15,0.46,0.0,ETH-27SEP19-180-C,291.04,0.0,0.0,0.0,0.609,10.0,270.54,0.22689,-0.12887,0.33418,0.00119,0.91231
291.6,SYN.ETH-12JUL19,1562410744991,open,0.0,1490.0,0.001,0.042,0.001968,123.73,0.002,0.0,ETH-12JUL19-220-P,291.04,110.41,0.001,108.0,0.003,450.0,134.12,0.02553,-0.26882,-0.00152,0.00151,-0.03051
298.94,ETH-27SEP19,1562410745002,open,0.21,1678.0,0.165,0.244,0.204926,93.92,0.229,0.0,ETH-27SEP19-280-C,291.04,89.46,0.197,120.0,0.21,110.0,96.78,0.53068,-0.30069,0.29824,0.00278,0.64432
298.94,ETH-27SEP19,1562410745010,open,0.03,1213.0,0.001,0.069,0.029119,100.99,0.031,0.0,ETH-27SEP19-560-C,291.04,97.04,0.025,200.0,0.033,200.0,104.49,0.32272,-0.19663,0.07778,0.00157,0.14371
298.94,ETH-27SEP19,1562410745039,open,0.0,4126.0,0.001,0.042,0.001992,110.22,0.001,0.0,ETH-27SEP19-100-P,291.04,0.0,0.0,0.0,0.004,200.0,123.36,0.03612,-0.02402,-0.00776,0.00016,-0.00945
298.94,ETH-27SEP19,1562410745039,open,0.14,1597.0,0.09,0.169,0.129762,94.76,0.129,0.0,ETH-27SEP19-340-C,291.04,90.66,0.122,120.0,0.136,230.0,98.04,0.56728,-0.3243,0.23526,0.00295,0.47636
298.94,ETH-27SEP19,1562410745039,open,0.53,0.0,0.475,0.597,0.535736,98.05,None,0.0,ETH-27SEP19-440-P,291.04,0.0,0.0,0.0,0.0,0.0,0.0,0.47645,-0.28184,-0.85483,0.00239,-0.72365
298.94,ETH-27SEP19,1562410745041,open,0.67,0.0,0.628,0.707,0.667477,110.22,None,0.0,ETH-27SEP19-100-C,291.04,0.0,0.004,5.0,0.0,0.0,0.0,0.03612,-0.02402,0.21929,0.00016,0.99055
292.93,SYN.ETH-26JUL19,1562410745041,open,0.14,288.0,0.098,0.188,0.142966,91.89,0.155,0.0,ETH-26JUL19-320-P,291.04,85.13,0.137,150.0,0.147,120.0,96.41,0.26032,-0.60175,-0.12167,0.00606,-0.61979
298.94,ETH-27SEP19,1562410745043,open,0.09,2709.0,0.046,0.125,0.085044,97.25,0.087,0.0,ETH-27SEP19-400-C,291.04,94.36,0.08,5.0,0.089,270.0,99.49,0.52526,-0.30817,0.17697,0.00266,0.34577
298.94,ETH-27SEP19,1562410745043,open,1.02,27.0,0.95,1.112,1.03122,103.23,1.044,0.0,ETH-27SEP19-600-P,291.04,0.0,1.007,1.0,1.077,2.0,140.09,0.28651,-0.17845,-1.29663,0.00137,-0.87906
292.93,SYN.ETH-26JUL19,1562410745043,open,0.37,985.0,0.321,0.43,0.375315,96.16,0.205,0.0,ETH-26JUL19-400-P,291.04,0.0,0.0,0.0,0.0,0.0,0.0,0.12081,-0.29224,-0.20328,0.00269,-0.89903
298.94,ETH-27SEP19,1562410745046,open,0.48,392.0,0.438,0.517,0.477306,95.17,0.51,0.0,ETH-27SEP19-160-C,291.04,0.0,0.1,10.0,0.0,0.0,0.0,0.15673,-0.08999,0.31797,0.00081,0.94576
292.93,SYN.ETH-26JUL19,1562410745071,open,0.2,558.0,0.16,0.239,0.19915,91.98,0.33,0.0,ETH-26JUL19-240-C,291.04,0.0,0.161,5.0,0.0,0.0,0.0,0.15947,-0.369,0.1038,0.00371,0.84987
292.93,SYN.ETH-26JUL19,1562410745071,open,0.0,980.0,0.001,0.042,0.001995,108.0,0.003,0.0,ETH-26JUL19-180-P,291.04,97.15,0.001,1.0,0.003,250.0,115.9,0.03279,-0.08908,-0.00347,0.00065,-0.01978
292.93,SYN.ETH-26JUL19,1562410745092,open,0.0,1208.0,0.001,0.043,0.002982,93.94,0.006,0.0,ETH-26JUL19-200-P,291.04,78.25,0.001,250.0,0.005,450.0,104.25,0.04921,-0.11629,-0.0056,0.00112,-0.03212
298.94,ETH-27SEP19,1562410745104,open,0.12,1569.0,0.072,0.151,0.1113,95.0,0.135,0.0,ETH-27SEP19-360-C,291.04,91.09,0.104,120.0,0.118,230.0,98.58,0.55872,-0.32024,0.21423,0.0029,0.42693
298.94,ETH-27SEP19,1562410745104,open,0.02,5305.0,0.001,0.062,0.022099,94.15,0.023,0.0,ETH-27SEP19-180-P,291.04,89.95,0.019,200.0,0.025,140.0,97.88,0.22689,-0.12887,-0.07452,0.00119,-0.08769
298.94,ETH-27SEP19,1562410745104,open,0.11,1298.0,0.064,0.152,0.108231,93.92,0.121,0.0,ETH-27SEP19-260-P,291.04,90.13,0.102,160.0,0.113,110.0,96.81,0.49234,-0.27897,-0.27445,0.00258,-0.29611
298.94,ETH-27SEP19,1562410745104,open,0.54,191.0,0.498,0.577,0.537694,95.39,0.5,0.0,ETH-27SEP19-140-C,291.04,0.0,0.01,50.0,0.0,0.0,0.0,0.09414,-0.05417,0.29414,0.00049,0.97104
298.94,ETH-27SEP19,1562410745108,open,0.04,1130.0,0.001,0.077,0.037267,99.89,0.04,0.0,ETH-27SEP19-520-C,291.04,96.37,0.033,160.0,0.041,160.0,102.85,0.37048,-0.22327,0.09517,0.00183,0.17748
298.94,ETH-27SEP19,1562410745110,open,0.14,839.0,0.096,0.187,0.141569,93.92,0.159,0.0,ETH-27SEP19-280-P,291.04,90.22,0.135,160.0,0.148,110.0,97.54,0.53068,-0.30069,-0.33752,0.00278,-0.35568
298.94,ETH-27SEP19,1562410745110,open,0.01,7664.0,0.001,0.046,0.006016,95.39,0.005,0.0,ETH-27SEP19-140-P,291.04,88.25,0.004,201.0,0.008,140.0,101.21,0.09414,-0.05417,-0.02374,0.00049,-0.02896
292.93,SYN.ETH-26JUL19,1562410745110,open,0.26,20.0,0.217,0.296,0.256974,92.44,0.237,0.0,ETH-26JUL19-220-C,291.04,0.0,0.005,1.0,0.0,0.0,0.0,0.09737,-0.22641,0.10646,0.00225,0.92439
298.94,ETH-27SEP19,1562410745123,open,0.28,2636.0,0.237,0.316,0.276619,93.92,0.34,0.0,ETH-27SEP19-240-C,291.04,79.67,0.256,1.0,0.31,110.0,116.21,0.44027,-0.24946,0.32982,0.00231,0.76253
298.94,ETH-27SEP19,1562410745129,open,0.65,0.0,0.587,0.719,0.652993,98.11,None,0.0,ETH-27SEP19-480-P,291.04,0.0,0.0,0.0,0.0,0.0,0.0,0.41949,-0.2483,-0.97407,0.00211,-0.78207
292.93,SYN.ETH-26JUL19,1562410745129,open,0.01,1343.0,0.001,0.048,0.007995,92.44,0.012,0.0,ETH-26JUL19-220-P,291.04,86.04,0.006,50.0,0.01,150.0,98.17,0.09737,-0.22641,-0.01334,0.00225,-0.07561
291.6,SYN.ETH-12JUL19,1562410745250,open,0.02,320.0,0.001,0.054,0.014702,91.79,0.016,0.0,ETH-12JUL19-320-C,291.04,81.8,0.011,200.0,0.018,200.0,100.13,0.11226,-0.87691,0.01009,0.00894,0.22972
305.34,ETH-27DEC19,1562410745253,open,0.08,0.0,0.038,0.123,0.080682,95.0,None,0.0,ETH-27DEC19-200-P,291.04,84.48,0.063,40.0,0.091,140.0,100.96,0.52364,-0.14305,-0.35771,0.00124,-0.16524
291.6,SYN.ETH-12JUL19,1562410745281,open,0.0,490.0,0.001,0.041,0.001465,123.25,0.002,0.0,ETH-12JUL19-400-C,291.04,0.0,0.0,0.0,0.003,280.0,139.02,0.02235,-0.23442,0.00115,0.00132,0.02601
292.27,SYN.ETH-19JUL19,1562410745304,open,0.18,0.0,0.137,0.23,0.183434,93.06,None,0.0,ETH-19JUL19-340-P,291.04,0.0,0.0,0.0,0.0,0.0,0.0,0.1618,-0.58473,-0.09951,0.00577,-0.78174
291.6,SYN.ETH-12JUL19,1562410745331,open,0.19,10.0,0.141,0.22,0.180905,105.59,0.15,0.0,ETH-12JUL19-240-C,291.04,0.0,0.005,2.0,0.0,0.0,0.0,0.04645,-0.41741,0.03544,0.00321,0.93582
292.93,SYN.ETH-26JUL19,1562410745340,open,0.5,0.0,0.447,0.566,0.506558,99.34,None,0.0,ETH-26JUL19-440-P,291.04,0.0,0.0,0.0,0.0,0.0,0.0,0.07118,-0.17789,-0.23225,0.00153,-0.94939
298.94,ETH-27SEP19,1562410745358,open,1.41,0.0,1.325,1.517,1.421055,105.79,None,0.0,ETH-27SEP19-720-P,291.04,0.0,0.0,0.0,0.0,0.0,0.0,0.18679,-0.11922,-1.59724,0.00087,-0.93211
305.34,ETH-27DEC19,1562410745373,open,0.7,162.0,0.634,0.769,0.701714,100.29,0.739,0.0,ETH-27DEC19-480-P,291.04,89.92,0.675,1.0,1.568,1.0,500.0,0.80194,-0.23126,-1.9236,0.0018,-0.62075
305.34,ETH-27DEC19,1562410745463,open,0.36,0.0,0.312,0.391,0.351145,95.0,None,0.0,ETH-27DEC19-240-C,291.04,0.0,0.001,1.0,0.0,0.0,0.0,0.66032,-0.18039,0.5896,0.00157,0.75649
11614.54,BTC-27SEP19,1562410745486,open,0.76,0.0,0.693,0.8335,0.76309045,101.77,None,0.0,BTC-27SEP19-20000-P,11385.6,0.0,0.0045,10.0,1.4205,0.2,500.0,15.01467,-9.21929,-41.48692,5e-05,-0.81008
292.27,SYN.ETH-19JUL19,1562410745488,open,0.01,30.0,0.001,0.051,0.011775,94.88,0.014,0.0,ETH-19JUL19-360-C,291.04,87.88,0.009,250.0,0.015,250.0,102.23,0.12216,-0.4501,0.01322,0.00427,0.13996
11614.54,BTC-27SEP19,1562410745498,open,0.0,46.9,0.0005,0.041,0.00099129,115.5,0.003,0.0,BTC-27SEP19-3250-P,11385.6,0.0,0.0,0.0,0.0,0.0,0.0,0.77273,-0.53844,-0.15292,0.0,-0.00481
305.34,ETH-27DEC19,1562410745579,open,0.12,38.0,0.075,0.154,0.114153,101.66,0.12,0.0,ETH-27DEC19-520-C,291.04,100.01,0.11,10.0,0.118,40.0,103.17,0.77361,-0.22615,0.3309,0.00171,0.34165
291.6,SYN.ETH-12JUL19,1562410745589,open,0.36,0.0,0.319,0.428,0.373207,123.25,None,0.0,ETH-12JUL19-400-P,291.04,0.0,0.0,0.0,0.0,0.0,0.0,0.02235,-0.23441,-0.06324,0.00132,-0.97399
11769.63,BTC-27DEC19,1562410745630,open,0.14,258.9,0.0925,0.172,0.13206503,98.55,0.134,0.0,BTC-27DEC19-18000-C,11385.6,97.01,0.128,9.0,0.1355,6.4,99.84,31.12176,-8.81933,14.34932,5e-05,0.388
305.34,ETH-27DEC19,1562410745656,open,0.14,121.0,0.092,0.182,0.137154,95.0,0.159,0.0,ETH-27DEC19-240-P,291.04,83.8,0.113,40.0,0.148,140.0,100.01,0.66032,-0.18039,-0.55369,0.00157,-0.24351
292.27,SYN.ETH-19JUL19,1562410745656,open,0.24,0.0,0.194,0.293,0.243524,94.88,None,0.0,ETH-19JUL19-360-P,291.04,0.0,0.0,0.0,0.0,0.0,0.0,0.12216,-0.4501,-0.11378,0.00427,-0.86004
291.6,SYN.ETH-12JUL19,1562410745659,open,0.11,102.0,0.068,0.156,0.112096,91.79,0.125,0.0,ETH-12JUL19-320-P,291.04,77.79,0.107,50.0,0.116,50.0,101.63,0.11226,-0.87691,-0.04142,0.00894,-0.77028
11614.54,BTC-27SEP19,1562410745682,open,1.41,0.0,1.328,1.5215,1.42461919,107.9,None,0.0,BTC-27SEP19-28000-P,11385.6,0.0,0.0,0.0,0.0,0.0,0.0,7.66759,-4.99141,-62.01807,2e-05,-0.92708
291.6,SYN.ETH-12JUL19,1562410745694,open,0.0,1795.0,0.001,0.044,0.00395,105.59,0.005,0.0,ETH-12JUL19-240-P,291.04,99.22,0.003,1.0,0.005,250.0,111.81,0.04645,-0.41741,-0.0032,0.00321,-0.06418
11769.63,BTC-27DEC19,1562410745705,open,0.95,0.0,0.881,1.0375,0.95923894,99.87,None,0.0,BTC-27DEC19-22000-P,11385.6,0.0,0.0055,2.0,1.7555,0.3,500.0,27.66072,-7.9439,-93.76996,4e-05,-0.71322
11614.54,BTC-27SEP19,1562410745727,open,0.43,748.2,0.382,0.4615,0.42170344,96.98,0.421,0.0,BTC-27SEP19-7000-C,11385.6,0.0,0.0,0.0,0.0,0.0,0.0,9.1563,-5.35722,12.81679,3e-05,0.90771
292.93,SYN.ETH-26JUL19,1562410745765,open,0.9,0.0,0.837,0.989,0.913177,121.53,None,0.0,ETH-26JUL19-560-P,291.04,0.0,0.0,0.0,0.0,0.0,0.0,0.02743,-0.08387,-0.30262,0.00048,-0.98395
305.34,ETH-27DEC19,1562410745801,open,0.81,150.0,0.745,0.889,0.817173,101.66,0.854,0.0,ETH-27DEC19-520-P,291.04,0.0,0.001,500.0,0.0,0.0,0.0,0.77361,-0.22615,-2.14623,0.00171,-0.65835
292.93,SYN.ETH-26JUL19,1562410745809,open,0.0,1034.0,0.001,0.043,0.003,107.81,0.005,0.0,ETH-26JUL19-480-C,291.04,101.26,0.002,10.0,0.004,250.0,113.11,0.05045,-0.13683,0.0048,0.001,0.0331
292.27,SYN.ETH-19JUL19,1562410745813,open,0.26,0.0,0.211,0.29,0.250805,94.36,None,0.0,ETH-19JUL19-220-C,291.04,0.0,0.0,0.0,0.0,0.0,0.0,0.05239,-0.19197,0.07256,0.00184,0.95462
292.27,SYN.ETH-19JUL19,1562410745813,open,0.01,10.0,0.001,0.046,0.006712,96.25,0.012,0.0,ETH-19JUL19-380-C,291.04,85.9,0.004,250.0,0.009,250.0,103.42,0.08665,-0.32386,0.00824,0.00299,0.08664
11769.63,BTC-27DEC19,1562410745824,open,0.01,145.3,0.0005,0.05,0.00981333,100.14,0.0115,0.0,BTC-27DEC19-4000-P,11385.6,97.1,0.0085,100.0,0.011,11.0,102.72,5.2596,-1.51463,-2.13466,1e-05,-0.02826
305.34,ETH-27DEC19,1562410745888,open,0.3,12.0,0.25,0.329,0.289873,95.0,0.327,0.0,ETH-27DEC19-280-C,291.04,93.44,0.286,1.0,0.305,120.0,101.13,0.75635,-0.20662,0.56344,0.00179,0.67723
298.94,ETH-27SEP19,1562410745901,open,0.02,1805.0,0.001,0.059,0.019067,103.92,0.019,0.0,ETH-27SEP19-640-C,291.04,100.05,0.016,3.0,0.022,200.0,107.34,0.24741,-0.15512,0.05398,0.00117,0.09859
298.94,ETH-27SEP19,1562410745928,open,0.01,1576.0,0.001,0.05,0.010522,107.06,0.009,0.0,ETH-27SEP19-760-C,291.04,99.88,0.007,200.0,0.014,200.0,112.85,0.16465,-0.10634,0.03205,0.00076,0.05774
11614.53,BTC-27SEP19,1562410745939,open,0.79,55.9,0.7455,0.825,0.78534181,130.0,0.689,0.0,BTC-27SEP19-2500-C,11385.6,0.0,0.0045,10.0,0.9355,5.0,500.0,0.45131,-0.35395,5.59123,0.0,0.99736
11769.63,BTC-27DEC19,1562410745954,open,3.41,0.0,3.2585,3.613,3.43565642,113.72,None,0.0,BTC-27DEC19-52000-P,11385.6,0.0,0.0,0.0,0.0,0.0,0.0,10.51514,-3.43872,-244.9519,1e-05,-0.93324
11769.63,BTC-27DEC19,1562410745989,open,0.6,62.9,0.5555,0.635,0.59521643,97.05,0.598,0.0,BTC-27DEC19-5000-C,11385.6,0.0,0.0045,0.1,0.7015,14.0,197.51,8.82513,-2.46298,19.70228,1e-05,0.94662
305.34,ETH-27DEC19,1562410746018,open,0.1,1.0,0.059,0.138,0.098105,101.66,0.102,0.0,ETH-27DEC19-560-C,291.04,92.64,0.077,1.0,0.102,40.0,103.26,0.73687,-0.21541,0.29915,0.00163,0.30377
292.27,SYN.ETH-19JUL19,1562410746023,open,0.3,0.0,0.255,0.359,0.306891,96.25,None,0.0,ETH-19JUL19-380-P,291.04,0.0,0.0,0.0,0.0,0.0,0.0,0.08665,-0.32386,-0.12581,0.00299,-0.91336
292.27,SYN.ETH-19JUL19,1562410746026,open,0.0,500.0,0.001,0.043,0.00354,94.36,0.009,0.0,ETH-19JUL19-220-P,291.04,75.11,0.001,250.0,0.006,250.0,106.22,0.05239,-0.19197,-0.00504,0.00184,-0.04538
291.6,SYN.ETH-12JUL19,1562410746028,open,0.0,281.0,0.001,0.04,0.000927,129.91,0.002,0.0,ETH-12JUL19-420-C,291.04,0.0,0.0,0.0,0.003,250.0,155.76,0.01523,-0.16836,0.00073,0.00086,0.01653
11614.53,BTC-27SEP19,1562410746039,open,1.25,0.0,1.166,1.346,1.25610364,106.24,None,0.0,BTC-27SEP19-26000-P,11385.6,0.0,0.0,0.0,0.0,0.0,0.0,9.01207,-5.77637,-57.11474,3e-05,-0.90967
11440.5,SYN.BTC-26JUL19,1562410746245,open,0.44,0.0,0.3935,0.473,0.43319066,115.94,0.3665,0.0,BTC-26JUL19-6500-C,11385.6,0.0,0.0055,10.0,0.0,0.0,0.0,0.89627,-2.61411,3.44985,1e-05,0.98696
11769.63,BTC-27DEC19,1562410746261,open,0.44,93.8,0.3985,0.478,0.43806208,95.7,0.4485,0.0,BTC-27DEC19-7500-C,11385.6,0.0,0.311,3.0,0.499,2.5,131.18,19.41064,-5.34157,22.77934,3e-05,0.84435
291.6,SYN.ETH-12JUL19,1562410746302,open,0.32,0.0,0.275,0.354,0.314487,124.04,None,0.0,ETH-12JUL19-200-C,291.04,0.0,0.0,0.0,0.0,0.0,0.0,0.00691,-0.0729,0.03187,0.00041,0.99333
305.34,ETH-27DEC19,1562410746323,open,0.24,6.0,0.2,0.279,0.239149,94.76,0.25,0.0,ETH-27DEC19-320-C,291.04,92.83,0.234,2.0,0.256,120.0,101.11,0.81379,-0.22176,0.52599,0.00193,0.60076
11614.53,BTC-27SEP19,1562410746327,open,0.72,0.0,0.6815,0.761,0.72116962,115.5,None,0.0,BTC-27SEP19-3250-C,11385.6,0.0,0.0045,10.0,0.9245,5.0,500.0,0.77286,-0.53854,7.22639,0.0,0.99519
292.27,SYN.ETH-19JUL19,1562410746362,open,0.36,0.0,0.319,0.427,0.372989,100.37,None,0.0,ETH-19JUL19-400-P,291.04,0.0,0.0,0.0,0.0,0.0,0.0,0.06382,-0.24873,-0.13556,0.00211,-0.94183
11769.68,BTC-27DEC19,1562410746386,open,0.01,101.8,0.0005,0.046,0.0058587,100.47,0.0105,0.0,BTC-27DEC19-3500-P,11385.6,93.73,0.004,3.1,0.0075,3.0,105.46,3.60539,-1.0416,-1.34076,1e-05,-0.01805
11614.53,BTC-27SEP19,1562410746386,open,0.01,326.6,0.0005,0.048,0.00782643,99.44,0.01,0.0,BTC-27SEP19-5500-P,11385.6,94.11,0.006,0.1,0.0095,8.0,103.78,4.25672,-2.55381,-1.12422,1e-05,-0.0348
291.6,SYN.ETH-12JUL19,1562410746393,open,0.0,219.0,0.001,0.04,0.000412,130.0,0.003,0.0,ETH-12JUL19-440-C,291.04,0.0,0.0,0.0,0.04,5.0,320.04,0.00806,-0.08911,0.00035,0.00045,0.00794
11769.68,BTC-27DEC19,1562410746432,open,0.07,156.3,0.0255,0.105,0.06548823,102.0,0.0665,0.0,BTC-27DEC19-26000-C,11385.6,100.28,0.062,5.0,0.0685,5.0,103.47,24.02326,-7.04644,8.63665,4e-05,0.21953
11769.68,BTC-27DEC19,1562410746433,open,0.87,0.0,0.834,0.9135,0.87355581,128.52,None,0.0,BTC-27DEC19-1500-C,11385.81,0.0,0.0175,0.1,0.988,0.5,500.0,0.70699,-0.26129,6.93027,0.0,0.99716
11769.68,BTC-27DEC19,1562410746433,open,0.27,42.2,0.2195,0.3205,0.27011802,95.28,0.257,0.0,BTC-27DEC19-12000-P,11385.81,92.96,0.264,8.0,0.276,5.0,97.52,30.98774,-8.49038,-36.58159,5e-05,-0.38234
11614.53,BTC-27SEP19,1562410746433,open,0.03,260.7,0.0005,0.0625,0.02285798,104.8,0.036,0.0,BTC-27SEP19-24000-C,11385.81,102.17,0.0205,5.0,0.0255,32.0,107.59,10.6986,-6.76428,2.41258,3e-05,0.11434
11769.68,BTC-27DEC19,1562410746433,open,0.03,161.9,0.0005,0.069,0.02915304,109.31,0.0355,0.0,BTC-27DEC19-40000-C,11385.81,107.17,0.0265,9.0,0.032,13.0,111.5,14.9449,-4.69786,4.34852,2e-05,0.10671
11769.68,BTC-27DEC19,1562410746433,open,0.32,434.9,0.281,0.3605,0.32066727,95.35,0.308,0.0,BTC-27DEC19-10000-C,11385.81,91.85,0.3125,5.0,0.3245,9.8,96.99,27.44369,-7.52469,22.27237,4e-05,0.71791
11769.68,BTC-27DEC19,1562410746433,open,1.75,0.3,1.6525,1.873,1.76263244,105.05,2.435,0.0,BTC-27DEC19-32000-P,11385.81,0.0,0.0,0.0,0.0,0.0,0.0,19.32214,-5.83682,-146.22697,3e-05,-0.84542
11614.53,BTC-27SEP19,1562410746433,open,0.0,297.6,0.0005,0.044,0.00427392,103.57,0.0055,0.0,BTC-27SEP19-4750-P,11385.81,94.55,0.0025,3.1,0.006,35.0,110.4,2.65381,-1.65826,-0.63416,1e-05,-0.01977
11614.53,BTC-27SEP19,1562410746433,open,0.0,1657.1,0.0005,0.04,2.673e-05,130.0,0.0005,0.0,BTC-27SEP19-1500-P,11385.81,0.0,0.0,0.0,0.01,50.0,273.56,0.03221,-0.02526,-0.00468,0.0,-0.00015
11614.53,BTC-27SEP19,1562410746433,open,0.87,42.8,0.831,0.9105,0.87087805,129.96,0.815,0.0,BTC-27SEP19-1500-C,11385.81,0.0,0.0,0.0,0.0,0.0,0.0,0.0321,-0.02517,3.40119,0.0,0.99985
11769.68,BTC-27DEC19,1562410746433,open,0.25,160.2,0.211,0.2905,0.25053894,95.28,0.25,0.0,BTC-27DEC19-12000-C,11385.81,93.18,0.245,10.0,0.2555,5.0,97.16,30.98787,-8.49008,20.58329,5e-05,0.61766
11614.53,BTC-27SEP19,1562410746433,open,0.02,66.6,0.0005,0.0575,0.01753026,106.24,0.0175,0.0,BTC-27SEP19-26000-C,11385.81,102.85,0.015,5.0,0.02,32.0,109.32,9.0126,-5.77684,1.92013,3e-05,0.09034
11614.53,BTC-27SEP19,1562410746433,open,0.5,714.8,0.4555,0.535,0.49536559,98.54,0.556,0.0,BTC-27SEP19-6000-C,11385.81,0.0,0.0,0.0,0.8925,3.0,500.0,5.7403,-3.41272,11.98003,2e-05,0.94964
11769.68,BTC-27DEC19,1562410746433,open,0.75,0.0,0.7085,0.788,0.74836828,101.51,None,0.0,BTC-27DEC19-3000-C,11385.81,0.0,0.0055,0.1,0.9815,0.5,500.0,2.29379,-0.66954,13.50927,0.0,0.98932
11769.68,BTC-27DEC19,1562410746433,open,2.41,0.0,2.291,2.5645,2.42774803,109.34,None,0.0,BTC-27DEC19-40000-P,11385.81,0.0,0.0005,4.0,0.0,0.0,0.0,14.95343,-4.70162,-186.19724,2e-05,-0.8932
11769.68,BTC-27DEC19,1562410746433,open,0.22,113.4,0.1695,0.2665,0.21802975,95.35,0.241,0.0,BTC-27DEC19-11000-P,11385.81,93.15,0.2125,5.0,0.223,3.0,97.34,29.52266,-8.09508,-30.89112,5e-05,-0.33293
11769.68,BTC-27DEC19,1562410746434,open,0.56,60.5,0.52,0.5995,0.55999576,96.08,0.567,0.0,BTC-27DEC19-5500-C,11385.81,0.0,0.0055,0.1,0.9745,5.0,500.0,10.8588,-3.0002,20.76776,2e-05,0.9304
11614.53,BTC-27SEP19,1562410746434,open,0.0,371.7,0.0005,0.0405,0.00058962,130.0,0.0005,0.0,BTC-27SEP19-2500-P,11385.81,127.56,0.0005,3.0,0.001,2.0,138.69,0.45141,-0.35404,-0.08521,0.0,-0.00264
11614.53,BTC-27SEP19,1562410746433,open,0.07,137.5,0.029,0.114,0.07162554,95.92,0.079,0.0,BTC-27SEP19-9000-P,11385.81,93.31,0.068,5.0,0.0735,3.0,97.26,16.20495,-9.37747,-7.57935,6e-05,-0.21578
11614.53,BTC-27SEP19,1562410746434,open,0.83,28.2,0.788,0.8675,0.82796624,130.01,0.755,0.0,BTC-27SEP19-2000-C,11385.81,0.0,0.0045,5.0,0.944,5.0,500.0,0.155,-0.12158,4.51522,0.0,0.99918
11769.89,BTC-27DEC19,1562410746435,open,0.02,22.8,0.0005,0.06,0.02026264,112.17,0.0215,0.0,BTC-27DEC19-48000-C,11385.81,109.27,0.0175,5.0,0.023,0.2,114.83,11.68235,-3.76828,3.15714,2e-05,0.07657
11614.53,BTC-27SEP19,1562410746434,open,0.36,903.0,0.3155,0.395,0.35536192,96.36,0.365,0.0,BTC-27SEP19-8000-C,11385.81,0.0,0.0,0.0,0.42,1.0,149.25,12.83557,-7.46185,13.07571,4e-05,0.85119
11614.53,BTC-27SEP19,1562410746434,open,0.04,370.4,0.0015,0.081,0.04111083,101.77,0.0445,0.0,BTC-27SEP19-20000-C,11385.81,99.73,0.0385,10.0,0.043,25.6,103.22,15.01464,-9.21927,3.92441,5e-05,0.18992
11614.53,BTC-27SEP19,1562410746434,open,0.6,1.0,0.5425,0.6705,0.60658641,100.21,1.5815,0.0,BTC-27SEP19-18000-P,11385.81,0.0,0.0045,0.3,1.2625,0.3,500.0,17.53631,-10.60214,-35.81098,6e-05,-0.75135
11614.53,BTC-27SEP19,1562410746434,open,0.21,560.6,0.164,0.2435,0.20365595,95.92,0.197,0.0,BTC-27SEP19-11000-C,11385.81,94.15,0.2005,5.0,0.2065,5.0,97.51,20.78559,-12.02819,11.3984,7e-05,0.63588
11769.89,BTC-27DEC19,1562410746435,open,0.03,87.0,0.0005,0.068,0.02730255,96.09,0.02,0.0,BTC-27DEC19-5500-P,11385.81,91.27,0.023,11.0,0.029,3.0,97.91,10.85946,-3.00059,-5.43325,2e-05,-0.0696
11769.89,BTC-27DEC19,1562410746434,open,0.47,54.4,0.426,0.5055,0.46595934,95.69,0.45,0.0,BTC-27DEC19-7000-C,11385.81,0.0,0.2155,0.1,0.512,1.0,125.23,17.36674,-4.7788,22.54208,3e-05,0.86801
11769.89,BTC-27DEC19,1562410746434,open,0.0,88.9,0.0005,0.0425,0.00275882,127.58,0.003,0.0,BTC-27DEC19-2000-P,11385.81,101.48,0.0005,5.0,0.005,1.0,141.22,1.59918,-0.58668,-0.5517,0.0,-0.00708
11614.53,BTC-27SEP19,1562410746434,open,0.66,229.9,0.618,0.6975,0.65766529,108.02,0.673,0.0,BTC-27SEP19-4000-C,11385.81,0.0,0.111,2.0,0.751,5.0,299.28,1.46832,-0.95691,8.76556,0.0,0.99005
11614.53,BTC-27SEP19,1562410746435,open,0.0,421.1,0.0005,0.042,0.0020612,108.02,0.0025,0.0,BTC-27SEP19-4000-P,11385.81,97.59,0.001,7.0,0.003,2.0,114.58,1.46819,-0.9568,-0.31667,0.0,-0.00995
11614.53,BTC-27SEP19,1562410746435,open,0.01,439.2,0.0005,0.0455,0.00564309,103.44,0.005,0.0,BTC-27SEP19-5000-P,11385.81,99.11,0.0045,1.0,0.007,40.0,107.99,3.2576,-2.03301,-0.81371,1e-05,-0.02521
11614.53,BTC-27SEP19,1562410746435,open,0.04,356.7,0.0025,0.0855,0.04415372,96.36,0.05,0.0,BTC-27SEP19-8000-P,11385.81,94.85,0.0425,0.1,0.0455,3.0,97.57,12.83553,-7.46178,-5.08879,4e-05,-0.14881
11421.17,SYN.BTC-19JUL19,1562410746433,open,0.26,0.0,0.2205,0.3,0.26044766,103.48,None,0.0,BTC-19JUL19-8500-C,11385.81,0.0,0.0,0.0,0.0,0.0,0.0,2.31508,-9.30338,2.76632,5e-05,0.94706
11440.5,SYN.BTC-26JUL19,1562410746433,open,0.52,0.0,0.48,0.5595,0.51976994,129.27,0.4,0.0,BTC-26JUL19-5500-C,11385.81,0.0,0.0055,10.0,0.0,0.0,0.0,0.38313,-1.24596,2.96085,0.0,0.99504
11401.83,SYN.BTC-12JUL19,1562410746433,open,0.0,99.7,0.0005,0.041,0.00146627,120.37,0.0015,0.0,BTC-12JUL19-15500-C,11385.81,103.5,0.0005,7.0,0.0025,8.0,131.5,0.88896,-9.10588,0.04603,4e-05,0.02654
11440.5,SYN.BTC-26JUL19,1562410746434,open,0.32,10.0,0.2755,0.3815,0.32850464,102.21,0.17,0.0,BTC-26JUL19-15000-P,11385.81,0.0,0.0,0.0,0.0,0.0,0.0,6.3536,-16.33723,-7.31253,9e-05,-0.84529
11440.5,SYN.BTC-26JUL19,1562410746433,open,0.39,4.8,0.3505,0.43,0.39015807,109.05,0.455,0.0,BTC-26JUL19-7000-C,11385.81,0.0,0.0055,10.0,0.0,0.0,0.0,1.28209,-3.51712,3.6758,2e-05,0.98019
11421.17,SYN.BTC-19JUL19,1562410746433,open,0.07,2.2,0.0295,0.109,0.06922852,96.73,0.069,0.0,BTC-19JUL19-11500-C,11385.81,91.75,0.0655,24.0,0.0735,29.0,102.44,8.54575,-32.09993,1.82065,0.00019,0.52112
11769.89,BTC-27DEC19,1562410746435,open,0.8,3.6,0.737,0.881,0.80901644,99.72,0.7375,0.0,BTC-27DEC19-20000-P,11385.81,0.0,0.004,5.0,1.59,0.2,499.89,29.59478,-8.4866,-82.64645,4e-05,-0.66501
11614.53,BTC-27SEP19,1562410746435,open,1.08,0.2,1.006,1.1725,1.08923356,104.8,1.6,0.0,BTC-27SEP19-24000-P,11385.81,0.0,0.0,0.0,0.0,0.0,0.0,10.69824,-6.76394,-52.08113,3e-05,-0.88566
11614.53,BTC-27SEP19,1562410746435,open,0.02,81.1,0.0005,0.0535,0.01384791,107.9,0.0205,0.0,BTC-27SEP19-28000-C,11385.81,104.16,0.0115,5.0,0.0165,37.0,111.72,7.6676,-4.99142,1.55781,2e-05,0.07292
11421.17,SYN.BTC-19JUL19,1562410746433,open,0.27,0.0,0.2295,0.3315,0.2806852,102.34,None,0.0,BTC-19JUL19-14500-P,11385.81,0.0,0.001,1.0,0.0,0.0,0.0,4.43998,-17.64579,-4.6522,9e-05,-0.87402
11769.89,BTC-27DEC19,1562410746436,open,0.79,0.0,0.7495,0.829,0.7890472,101.5,None,0.0,BTC-27DEC19-2500-C,11385.81,0.0,0.0135,0.1,0.9835,0.5,500.0,1.21804,-0.35552,11.53579,0.0,0.99479
11769.89,BTC-27DEC19,1562410746436,open,0.17,132.3,0.1205,0.2,0.1604964,97.15,0.155,0.0,BTC-27DEC19-16000-C,11385.81,96.05,0.1575,9.0,0.1655,4.8,98.98,32.16533,-8.98575,16.2985,5e-05,0.45119
11614.74,BTC-27SEP19,1562410746436,open,0.12,145.6,0.0755,0.155,0.1152857,97.29,0.117,0.0,BTC-27SEP19-14000-C,11385.81,95.27,0.1115,5.0,0.1185,19.2,99.0,21.75852,-12.77152,8.35428,7e-05,0.43207
11421.17,SYN.BTC-19JUL19,1562410746433,open,0.31,0.0,0.269,0.374,0.32150679,103.67,None,0.0,BTC-19JUL19-15000-P,11385.81,0.0,0.001,1.0,0.0,0.0,0.0,3.66371,-14.74922,-4.93602,8e-05,-0.90364
11614.74,BTC-27SEP19,1562410746436,open,0.7,261.1,0.6605,0.74,0.7001617,115.34,0.714,0.0,BTC-27SEP19-3500-C,11385.81,0.0,0.161,1.0,0.774,10.0,299.45,1.07829,-0.75033,7.72279,0.0,0.993
11769.89,BTC-27DEC19,1562410746436,open,0.11,396.3,0.07,0.1495,0.10971902,99.7,0.113,0.0,BTC-27DEC19-20000-C,11385.81,98.22,0.106,4.0,0.113,6.4,101.0,29.59218,-8.48429,12.62629,4e-05,0.33491
11440.5,SYN.BTC-26JUL19,1562410746434,open,0.83,0.0,0.764,0.9105,0.83738939,118.23,None,0.0,BTC-26JUL19-21000-P,11385.81,0.0,0.0,0.0,0.0,0.0,0.0,1.26714,-3.7689,-11.32487,2e-05,-0.98046
11769.89,BTC-27DEC19,1562410746436,open,1.43,0.1,1.3385,1.533,1.43574463,103.06,2.02,0.0,BTC-27DEC19-28000-P,11385.81,0.0,0.0,0.0,0.0,0.0,0.0,22.3384,-6.62046,-125.68227,3e-05,-0.80584
11614.74,BTC-27SEP19,1562410746436,open,0.58,793.2,0.5355,0.615,0.57514819,103.42,0.5945,0.0,BTC-27SEP19-5000-C,11385.81,0.0,0.051,1.0,0.7095,5.0,299.21,3.25521,-2.03104,10.5399,1e-05,0.97481
11769.89,BTC-27DEC19,1562410746436,open,0.08,151.2,0.0365,0.116,0.07622079,100.88,0.0795,0.0,BTC-27DEC19-24000-C,11385.81,98.94,0.072,5.0,0.08,5.0,102.59,25.80287,-7.48531,9.73142,4e-05,0.24978
11769.89,BTC-27DEC19,1562410746436,open,0.02,199.5,0.0005,0.057,0.0174757,113.69,0.016,0.0,BTC-27DEC19-52000-C,11385.81,110.79,0.015,5.0,0.02,0.2,116.41,10.5048,-3.43429,2.7583,1e-05,0.06667
11769.89,BTC-27DEC19,1562410746436,open,0.06,63.4,0.017,0.0965,0.05672824,103.03,0.0655,0.0,BTC-27DEC19-28000-C,11385.81,101.31,0.0535,5.0,0.06,5.0,104.74,22.32836,-6.61529,7.69742,3e-05,0.19401
11769.89,BTC-27DEC19,1562410746436,open,0.18,176.1,0.138,0.2175,0.17782223,96.4,0.1795,0.0,BTC-27DEC19-15000-C,11385.81,94.29,0.172,10.0,0.1835,9.8,98.47,32.39188,-8.97966,17.3533,5e-05,0.48732
11440.5,SYN.BTC-26JUL19,1562410746436,open,0.4,5.0,0.3535,0.4655,0.40939601,103.92,0.2255,0.0,BTC-26JUL19-16000-P,11385.81,0.0,0.0,0.0,0.0,0.0,0.0,4.80384,-12.55892,-8.13552,6e-05,-0.89651
11440.5,SYN.BTC-26JUL19,1562410746436,open,0.01,296.2,0.0005,0.0505,0.01085625,103.92,0.012,0.0,BTC-26JUL19-16000-C,11385.81,99.31,0.009,45.0,0.013,40.0,108.82,4.80387,-12.55903,0.57711,6e-05,0.10349
11769.89,BTC-27DEC19,1562410746437,open,1.59,0.2,1.495,1.702,1.59855667,104.08,2.2245,0.0,BTC-27DEC19-30000-P,11385.81,0.0,0.0,0.0,0.0,0.0,0.0,20.77028,-6.21654,-136.01014,3e-05,-0.82723
11769.89,BTC-27DEC19,1562410746437,open,0.29,407.8,0.2435,0.323,0.28341523,95.35,0.283,0.0,BTC-27DEC19-11000-C,11385.81,93.19,0.278,5.0,0.287,5.0,96.78,29.52304,-8.09463,21.51093,5e-05,0.66707
11769.89,BTC-27DEC19,1562410746438,open,0.0,126.3,0.0005,0.041,0.0010033,128.54,0.0015,0.0,BTC-27DEC19-1500-P,11385.81,118.1,0.0005,0.2,0.0015,0.5,135.73,0.70766,-0.26158,-0.21555,0.0,-0.00284
11614.74,BTC-27SEP19,1562410746437,open,0.17,711.3,0.1275,0.207,0.16738237,95.78,0.1675,0.0,BTC-27SEP19-12000-C,11385.81,93.98,0.164,5.0,0.1705,5.0,97.44,21.80992,-12.6033,10.4138,7e-05,0.56226
11769.89,BTC-27DEC19,1562410746437,open,1.27,0.0,1.184,1.3655,1.27457514,102.03,None,0.0,BTC-27DEC19-26000-P,11385.81,0.0,0.004,10.0,2.0855,0.2,499.64,24.03176,-7.05088,-115.21603,4e-05,-0.78034
11614.74,BTC-27SEP19,1562410746438,open,0.74,225.7,0.7035,0.783,0.74324684,129.95,0.693,0.0,BTC-27SEP19-3000-C,11385.81,0.0,0.0045,20.0,0.928,5.0,500.0,0.98055,-0.76875,6.60535,0.0,0.99371
11769.89,BTC-27DEC19,1562410746438,open,0.5,63.0,0.456,0.5355,0.49573627,95.87,0.4965,0.0,BTC-27DEC19-6500-C,11385.81,0.0,0.2425,0.1,0.972,2.0,500.0,15.24435,-4.20252,22.12307,2e-05,0.89031
11614.74,BTC-27SEP19,1562410746438,open,0.14,174.0,0.0995,0.179,0.13908018,96.7,0.132,0.0,BTC-27SEP19-13000-C,11385.81,94.82,0.1355,5.0,0.1425,24.2,98.5,22.07717,-12.87998,9.36947,7e-05,0.49436
11769.89,BTC-27DEC19,1562410746438,open,1.11,0.0,1.031,1.1995,1.11536819,100.9,None,0.0,BTC-27DEC19-24000-P,11385.81,0.0,0.0055,1.0,1.9205,0.2,500.0,25.80784,-7.48831,-104.59531,4e-05,-0.75013
11769.89,BTC-27DEC19,1562410746438,open,0.04,273.6,0.0005,0.078,0.03694962,96.09,0.0285,0.0,BTC-27DEC19-6000-P,11385.81,94.32,0.035,0.1,0.038,3.0,97.03,13.07167,-3.61186,-7.05614,2e-05,-0.0889
11401.83,SYN.BTC-12JUL19,1562410746436,open,0.0,210.5,0.0005,0.043,0.00329992,114.24,0.003,0.0,BTC-12JUL19-14500-C,11385.81,108.25,0.0025,1.0,0.0045,45.0,121.88,1.64113,-15.95455,0.09743,7e-05,0.05638
11440.5,SYN.BTC-26JUL19,1562410746437,open,0.09,248.8,0.0475,0.1345,0.09109011,94.98,0.0915,0.0,BTC-26JUL19-11500-P,11385.81,91.1,0.0875,24.0,0.094,5.0,98.11,10.60989,-25.34947,-3.46541,0.00016,-0.46517
11421.17,SYN.BTC-19JUL19,1562410746433,open,0.01,10.1,0.0005,0.048,0.00815374,103.66,0.0105,0.0,BTC-19JUL19-15000-C,11385.81,98.22,0.0065,5.0,0.01,0.5,109.14,3.66325,-14.74644,0.3553,8e-05,0.09634
11401.83,SYN.BTC-12JUL19,1562410746437,open,0.22,29.7,0.1735,0.253,0.21333776,113.52,0.1845,0.0,BTC-12JUL19-9000-C,11385.81,0.0,0.0,0.0,0.0,0.0,0.0,1.32765,-12.82556,1.36452,6e-05,0.95677
11421.17,SYN.BTC-19JUL19,1562410746433,open,0.01,136.0,0.0005,0.051,0.01111059,102.34,0.0125,0.0,BTC-19JUL19-14500-C,11385.81,98.05,0.0095,5.0,0.013,0.5,107.04,4.43963,-17.6435,0.46275,9e-05,0.12597
11614.74,BTC-27SEP19,1562410746439,open,0.6,13.5,0.5555,0.635,0.59530378,103.54,0.382,0.0,BTC-27SEP19-4750-C,11385.81,0.0,0.0045,10.0,0.7195,5.0,299.38,2.65127,-1.65621,10.15181,1e-05,0.98025
11440.5,SYN.BTC-26JUL19,1562410746437,open,0.05,422.7,0.0045,0.084,0.04401682,98.27,0.05,0.0,BTC-26JUL19-13000-C,11385.81,94.67,0.041,5.0,0.047,32.0,101.78,9.65667,-23.87172,1.77551,0.00014,0.32902
11614.74,BTC-27SEP19,1562410746439,open,0.32,41.6,0.268,0.373,0.32067136,97.3,0.3405,0.0,BTC-27SEP19-14000-P,11385.81,94.8,0.316,5.0,0.3275,24.2,100.94,21.75879,-12.77314,-23.43346,7e-05,-0.5679
11401.83,SYN.BTC-12JUL19,1562410746437,open,0.27,0.0,0.2245,0.326,0.2750277,114.26,None,0.0,BTC-12JUL19-14500-P,11385.81,0.0,0.0,0.0,0.0,0.0,0.0,1.64172,-15.96235,-2.2367,7e-05,-0.94359
11614.74,BTC-27SEP19,1562410746439,open,0.0,290.5,0.0005,0.043,0.00313769,103.57,0.006,0.0,BTC-27SEP19-4500-P,11385.81,87.42,0.001,58.0,0.005,35.0,112.45,2.10536,-1.31557,-0.4804,1e-05,-0.01508
11440.5,SYN.BTC-26JUL19,1562410746436,open,0.0,186.6,0.0005,0.041,0.00134837,115.95,0.001,0.0,BTC-26JUL19-6500-P,11385.81,101.44,0.0005,25.0,0.0025,45.2,127.88,0.89665,-2.61546,-0.0897,1e-05,-0.01305
11401.83,SYN.BTC-12JUL19,1562410746437,open,0.08,27.9,0.039,0.125,0.08184047,99.05,0.081,0.0,BTC-12JUL19-12000-P,11385.81,89.88,0.0775,24.0,0.0855,24.0,106.68,5.43959,-45.84973,-1.31497,0.00026,-0.63459
11440.5,SYN.BTC-26JUL19,1562410746437,open,0.0,123.3,0.0005,0.042,0.00238326,114.89,0.002,0.0,BTC-26JUL19-20000-C,11385.81,102.02,0.001,5.0,0.004,45.0,124.65,1.59307,-4.60444,0.14481,2e-05,0.02563
11440.5,SYN.BTC-26JUL19,1562410746437,open,0.12,232.5,0.0725,0.1615,0.11718413,95.25,0.145,0.0,BTC-26JUL19-12000-P,11385.81,91.27,0.1135,24.0,0.1215,5.0,99.91,10.59342,-25.38415,-4.10213,0.00016,-0.54128
11401.83,SYN.BTC-12JUL19,1562410746437,open,0.01,205.3,0.0005,0.0505,0.01095912,101.24,0.017,0.0,BTC-12JUL19-13000-C,11385.81,94.91,0.009,5.0,0.013,32.3,107.43,3.65094,-31.45383,0.29061,0.00017,0.16929
11401.83,SYN.BTC-12JUL19,1562410746438,open,0.0,307.3,0.0005,0.042,0.00201135,115.66,0.005,0.0,BTC-12JUL19-15000-C,11385.81,103.45,0.001,11.0,0.003,1.0,124.31,1.151,-11.32838,0.06288,5e-05,0.03627
11440.5,SYN.BTC-26JUL19,1562410746436,open,0.0,126.8,0.0005,0.0405,0.00051877,129.29,0.0005,0.0,BTC-26JUL19-5500-P,11385.81,0.0,0.0,0.0,0.001,5.0,140.55,0.38352,-1.24742,-0.03415,0.0,-0.00496
11401.83,SYN.BTC-12JUL19,1562410746438,open,0.03,88.8,0.0005,0.0745,0.0333468,98.54,0.032,0.0,BTC-12JUL19-11000-P,11385.81,91.49,0.03,0.5,0.035,1.0,102.01,5.42934,-45.52865,-0.72814,0.00026,-0.36337
11440.5,SYN.BTC-26JUL19,1562410746437,open,0.17,140.5,0.1205,0.2,0.1603397,94.97,0.1455,0.0,BTC-26JUL19-10000-C,11385.81,90.29,0.157,8.0,0.164,8.0,100.02,8.23032,-19.66396,3.75838,0.00012,0.76363
11421.17,SYN.BTC-19JUL19,1562410746438,open,0.1,2.0,0.051,0.1305,0.09099184,96.73,0.0775,0.0,BTC-19JUL19-11000-C,11385.81,93.95,0.089,1.0,0.095,24.0,102.32,8.18693,-30.75244,2.11931,0.00018,0.61702
11440.5,SYN.BTC-26JUL19,1562410746436,open,0.11,225.2,0.0675,0.147,0.10713662,94.97,0.0975,0.0,BTC-26JUL19-11000-C,11385.81,90.9,0.1035,24.0,0.1115,24.0,99.86,10.21789,-24.41244,3.15342,0.00015,0.61332
11401.83,SYN.BTC-12JUL19,1562410746439,open,0.15,12.1,0.1055,0.197,0.15112857,101.25,0.1955,0.0,BTC-12JUL19-13000-P,11385.81,90.89,0.148,8.0,0.1545,8.0,111.29,3.65113,-31.45708,-1.80208,0.00017,-0.8307
11401.83,SYN.BTC-12JUL19,1562410746438,open,0.0,247.2,0.0005,0.044,0.00414099,101.47,0.0055,0.0,BTC-12JUL19-9500-P,11385.81,90.53,0.0025,7.0,0.0055,0.2,108.98,1.92536,-16.6256,-0.13462,9e-05,-0.06921
11401.83,SYN.BTC-12JUL19,1562410746438,open,0.05,81.3,0.0115,0.095,0.05331341,96.23,0.082,0.0,BTC-12JUL19-11500-P,11385.81,89.68,0.05,24.0,0.057,5.0,103.51,5.77098,-47.2579,-1.02229,0.00029,-0.50366
305.34,ETH-27DEC19,1562410746441,open,0.09,24.0,0.045,0.124,0.084607,101.66,0.091,0.0,ETH-27DEC19-600-C,291.04,87.33,0.054,5.0,0.089,40.0,103.57,0.6972,-0.20381,0.27009,0.00154,0.27029
11440.5,SYN.BTC-26JUL19,1562410746437,open,0.49,0.0,0.4335,0.5525,0.4930325,106.43,None,0.0,BTC-26JUL19-17000-P,11385.81,0.0,0.0,0.0,0.0,0.0,0.0,3.6123,-9.67129,-8.86082,5e-05,-0.92929
11440.5,SYN.BTC-26JUL19,1562410746434,open,0.15,47.5,0.1025,0.194,0.1483332,97.73,0.1615,0.0,BTC-26JUL19-12500-P,11385.81,91.76,0.143,24.0,0.1515,24.0,101.26,10.2572,-25.21819,-4.71232,0.00015,-0.60808
11401.83,SYN.BTC-12JUL19,1562410746437,open,0.14,32.0,0.092,0.1715,0.13189669,98.86,0.1035,0.0,BTC-12JUL19-10000-C,11385.81,85.35,0.1285,8.0,0.1345,8.0,107.94,3.12158,-26.26013,1.34779,0.00015,0.86621
11440.5,SYN.BTC-26JUL19,1562410746435,open,0.23,50.3,0.188,0.2675,0.22799108,96.64,0.2035,0.0,BTC-26JUL19-9000-C,11385.81,0.0,0.032,0.1,0.366,1.0,301.75,5.32941,-12.9559,4.06408,8e-05,0.88035
11440.5,SYN.BTC-26JUL19,1562410746438,open,0.0,75.9,0.0005,0.043,0.00318063,111.2,0.0065,0.0,BTC-26JUL19-19000-C,11385.81,103.5,0.002,5.0,0.005,45.0,120.15,2.01386,-5.63364,0.19194,3e-05,0.03399
11440.5,SYN.BTC-26JUL19,1562410746437,open,0.14,124.9,0.092,0.1715,0.13194161,94.97,0.1225,0.0,BTC-26JUL19-10500-C,11385.81,90.16,0.128,24.0,0.136,24.0,99.89,9.40895,-22.47969,3.48107,0.00014,0.69072
11440.5,SYN.BTC-26JUL19,1562410746433,open,0.06,85.1,0.016,0.0955,0.05572355,97.73,0.0455,0.0,BTC-26JUL19-12500-C,11385.81,94.13,0.0525,5.0,0.0585,32.0,100.82,10.25719,-25.21806,2.09442,0.00015,0.39192
11401.83,SYN.BTC-12JUL19,1562410746439,open,0.31,0.0,0.265,0.37,0.31758957,115.66,None,0.0,BTC-12JUL19-15000-P,11385.81,0.0,0.002,1.1,0.0,0.0,0.0,1.15099,-11.32827,-2.35179,5e-05,-0.96373
11440.5,SYN.BTC-26JUL19,1562410746439,open,0.01,366.0,0.0005,0.0445,0.00469063,108.8,0.004,0.0,BTC-26JUL19-18000-C,11385.81,100.66,0.003,46.0,0.0065,45.0,115.77,2.69357,-7.37225,0.27382,3e-05,0.04864
11401.83,SYN.BTC-12JUL19,1562410746438,open,0.02,210.1,0.0005,0.059,0.01834397,98.54,0.0175,0.0,BTC-12JUL19-10500-P,11385.81,89.79,0.015,37.0,0.02,1.0,102.75,4.44849,-37.30347,-0.46552,0.00022,-0.23528
11401.83,SYN.BTC-12JUL19,1562410746438,open,0.01,163.3,0.0005,0.047,0.0071905,105.56,0.0095,0.0,BTC-12JUL19-13500-C,11385.81,100.57,0.006,0.1,0.0085,40.1,110.65,2.82862,-25.40903,0.20007,0.00013,0.11619
11440.5,SYN.BTC-26JUL19,1562410746438,open,0.31,24.1,0.2665,0.346,0.30616096,100.64,0.38,0.0,BTC-26JUL19-8000-C,11385.81,0.0,0.161,0.3,0.0,0.0,0.0,2.7727,-7.01984,4.00825,4e-05,0.94956
11440.5,SYN.BTC-26JUL19,1562410746440,open,0.0,331.0,0.0005,0.042,0.00202021,109.06,0.0015,0.0,BTC-26JUL19-7000-P,11385.81,97.91,0.001,10.0,0.003,45.0,116.77,1.28246,-3.51839,-0.13603,2e-05,-0.01981
11440.5,SYN.BTC-26JUL19,1562410746434,open,0.01,289.3,0.0005,0.0455,0.00543198,100.65,0.005,0.0,BTC-26JUL19-8000-P,11385.81,98.83,0.005,0.1,0.006,3.0,102.93,2.77298,-7.02086,-0.34811,4e-05,-0.05045
11614.74,BTC-27SEP19,1562410746460,open,0.03,324.2,0.0005,0.0695,0.029981,102.96,0.035,0.0,BTC-27SEP19-22000-C,11385.81,100.64,0.0275,5.0,0.0325,32.0,105.23,12.63342,-7.84748,3.04189,4e-05,0.14533
11421.17,SYN.BTC-19JUL19,1562410746491,open,0.1,0.2,0.0595,0.147,0.1033394,98.17,0.1265,0.0,BTC-19JUL19-12000-P,11385.81,91.6,0.0985,24.0,0.107,24.0,103.13,8.42632,-32.12353,-2.71213,0.00019,-0.56983
305.34,ETH-27DEC19,1562410746562,open,0.28,6.0,0.236,0.338,0.287161,94.76,0.289,0.0,ETH-27DEC19-320-P,291.04,83.88,0.258,40.0,0.305,120.0,101.48,0.81379,-0.22176,-0.9984,0.00193,-0.39924
11421.17,SYN.BTC-19JUL19,1562410746621,open,0.05,20.3,0.012,0.096,0.05411648,96.73,0.0775,0.0,BTC-19JUL19-11000-P,11385.81,91.68,0.0505,32.0,0.057,3.0,100.75,8.18693,-30.75273,-1.76105,0.00018,-0.38298
305.34,ETH-27DEC19,1562410746684,open,1.4,0.0,1.318,1.51,1.41421,102.1,None,0.0,ETH-27DEC19-720-P,291.04,0.0,0.002,1000.0,0.0,0.0,0.0,0.57838,-0.16982,-3.23009,0.00128,-0.80646
11440.5,SYN.BTC-26JUL19,1562410746724,open,0.04,61.1,0.0005,0.075,0.03514055,99.53,0.031,0.0,BTC-26JUL19-13500-C,11385.81,96.11,0.0325,5.0,0.0375,32.0,102.53,8.9141,-22.31818,1.49667,0.00013,0.27538
291.6,SYN.ETH-12JUL19,1562410746734,open,0.07,166.0,0.028,0.107,0.067318,90.03,0.071,0.0,ETH-12JUL19-280-C,291.04,78.49,0.062,150.0,0.072,150.0,100.04,0.13556,-1.03861,0.02782,0.011,0.66
292.27,SYN.ETH-19JUL19,1562410746752,open,0.14,25.0,0.095,0.174,0.134988,92.77,0.14,0.0,ETH-19JUL19-260-C,291.04,85.54,0.131,50.0,0.139,50.0,99.8,0.16424,-0.59165,0.06608,0.00588,0.77594
11440.5,SYN.BTC-26JUL19,1562410746757,open,0.0,278.9,0.0005,0.0435,0.00337593,104.81,0.0065,0.0,BTC-26JUL19-7500-P,11385.81,99.17,0.0025,0.1,0.0045,45.0,110.95,1.92855,-5.08509,-0.22195,3e-05,-0.03225
