underlying_price,underlying_index,timestamp,state,settlement_price,open_interest,min_price,max_price,mark_price,mark_iv,last_price,interest_rate,instrument_name,index_price,bid_iv,best_bid_price,best_bid_amount,best_ask_price,best_ask_amount,ask_iv,vega,theta,rho,gamma,delta
5071.06,index_price,1555239539994,open,0.06,36.1,0.05635704,0.10633795,0.06438158,55.64,0.054,0,BTC-31MAY19-5250-C,5071.06,50.45,0.057,1.5,0.066,9.6,56.77,7.23002,-4.29053,2.64429,0.00039,0.47041
5021.08,BTC-27SEP19,1555239539994,open,0.17,31.3,0.13037691,0.35747773,0.16723311,61.02,0.1785,0.0,BTC-27DEC19-5500-C,5071.06,57.96,0.157,5.0,0.181,5.0,65.15,16.75332,-1.98995,12.85746,0.00015,0.53109
5021.08,BTC-27SEP19,1555239540007,open,0.01,611.4,0.00986933,0.03696334,0.01574345,60.97,0.017,0.0,BTC-27SEP19-3000-P,5071.06,52.11,0.0085,6.9,0.023,5.0,68.18,4.66144,-0.85673,-2.01013,7e-05,-0.07235
5071.06,index_price,1555239540007,open,0.1,141.2,0.09400766,0.11468936,0.09541776,52.77,0.105,0,BTC-26APR19-5500-P,5071.06,54.82,0.0965,4.0,0.1015,0.2,63.74,2.63807,-5.86064,-1.46046,0.0006,-0.78975
5071.06,index_price,1555239540014,open,0.01,7.7,0.00300327,0.02645417,0.00756387,60.33,0.01,0,BTC-31MAY19-7000-C,5071.06,55.16,0.005,16.0,0.01,1.0,64.45,2.78602,-1.7927,0.49342,0.00014,0.08333
5071.06,index_price,1555239540019,open,0.0,43.3,0.00130274,0.01833764,0.00268382,59.13,0.0035,0,BTC-19APR19-4625-P,5071.06,51.54,0.0015,1.0,0.004,26.9,65.88,0.90048,-5.46022,-0.05843,0.00044,-0.08357
5021.08,BTC-27SEP19,1555239540031,open,1.24,0.0,1.19806136,1.3633993,1.23170951,72.67,None,0.0,BTC-27DEC19-11000-P,5071.06,0.0,0.0,0.0,0.0,0.0,0.0,10.37921,-1.46808,-73.09692,8e-05,-0.83687
5071.06,index_price,1555239540031,open,0.01,19.3,0.00686279,0.03352062,0.01287545,59.87,0.0105,0,BTC-31MAY19-4000-P,5071.06,57.05,0.011,1.0,0.015,2.0,62.88,3.47345,-2.21804,-0.81677,0.00018,-0.11254
5021.08,BTC-27SEP19,1555239540036,open,0.3,2.4,0.2743284,0.34304127,0.29626201,62.44,0.284,0.0,BTC-27SEP19-6000-P,5071.06,56.97,0.282,0.2,0.307,0.2,66.5,13.20156,-2.48453,-20.09153,0.00018,-0.58423
5037.43,BTC-28JUN19,1555239540036,open,0.7,33.3,0.70222911,0.70223732,0.70229038,86.92,0.7165,0.0,BTC-28JUN19-1500-C,5071.06,0.0,0.6885,3.0,0.715,3.0,180.3,0.04278,-0.02483,3.07097,0.0,0.99947
5021.08,BTC-27SEP19,1555239540043,open,0.05,80.9,0.01223689,0.19421515,0.0457343,69.12,0.0545,0.0,BTC-27DEC19-10000-C,5071.06,67.42,0.042,2.0,0.0495,5.0,70.78,11.22657,-1.51045,4.9052,9e-05,0.18455
5021.08,BTC-27SEP19,1555239540046,open,0.7,0.0,0.70138986,0.72960459,0.70501869,76.02,None,0.0,BTC-27DEC19-1500-C,5071.06,0.0,0.681,3.0,0.717,3.0,102.14,1.45118,-0.21474,9.94878,1e-05,0.98656
5037.43,BTC-28JUN19,1555239540063,open,0.6,20.1,0.60297286,0.6031825,0.60372533,86.54,0.578,0.0,BTC-28JUN19-2000-C,5071.06,0.0,0.5895,3.0,0.6165,3.0,142.81,0.35015,-0.20236,4.03975,1e-05,0.99465
5021.08,BTC-27SEP19,1555239540063,open,0.01,343.2,0.0026913,0.01714747,0.00727698,65.14,0.0115,0.0,BTC-27SEP19-2500-P,5071.06,55.0,0.003,3.1,0.0115,2.0,72.25,2.63592,-0.51757,-0.97231,4e-05,-0.03533
5021.08,BTC-27SEP19,1555239540065,open,0.1,23.7,0.09112687,0.15369377,0.09767715,56.73,0.107,0.0,BTC-27SEP19-4500-P,5071.06,52.06,0.0865,6.9,0.11,5.0,61.86,12.04751,-2.06026,-9.44925,0.00019,-0.31643
5021.08,BTC-27SEP19,1555239540065,open,0.42,227.1,0.41238831,0.43948232,0.41827076,60.98,0.456,0.0,BTC-27SEP19-3000-C,5071.06,0.0,0.402,3.0,0.428,2.5,70.43,4.66249,-0.85705,11.62281,7e-05,0.92763
5071.06,index_price,1555239540065,open,0.56,0.0,0.55630578,0.55630578,0.55630578,87.05,0.429,0,BTC-26APR19-2250-C,5071.06,0.0,0.544,3.0,0.5675,3.0,306.18,0.0,-1e-05,0.73206,0.0,1.0
5021.08,BTC-27SEP19,1555239540065,open,0.3,34.5,0.27188232,0.45581141,0.30220682,61.75,0.3375,0.0,BTC-27DEC19-4000-C,5071.06,51.82,0.2765,3.0,0.3215,3.0,69.06,13.17232,-1.58331,16.0842,0.00012,0.75738
5071.06,index_price,1555239540065,open,0.01,149.0,0.0035721,0.01892599,0.00599778,57.37,0.007,0,BTC-26APR19-5750-C,5071.06,54.54,0.005,1.0,0.007,39.0,60.02,1.85664,-4.48443,0.19224,0.00039,0.12251
5021.08,BTC-27SEP19,1555239540065,open,0.05,14.8,0.00729762,0.17263556,0.04097631,72.68,0.04,0.0,BTC-27DEC19-11000-C,5071.06,67.01,0.03,5.0,0.048,6.9,75.97,10.38249,-1.46884,4.31941,8e-05,0.16321
5021.08,BTC-27SEP19,1555239540065,open,0.14,88.1,0.11086902,0.31538021,0.14539014,61.51,0.1405,0.0,BTC-27DEC19-4500-P,5071.06,57.88,0.1345,5.0,0.1545,2.5,64.56,15.04472,-1.80137,-16.41199,0.00014,-0.31905
5037.43,BTC-28JUN19,1555239540098,open,0.13,112.0,0.11062487,0.15296792,0.130377,56.71,0.142,0.0,BTC-28JUN19-4750-C,5071.06,52.95,0.124,7.2,0.1345,7.2,59.14,8.53972,-3.23408,5.26128,0.00029,0.63951
5071.06,index_price,1555239540098,open,0.09,34.9,0.08676739,0.10749488,0.08806335,56.46,0.092,0,BTC-19APR19-5500-P,5071.06,45.25,0.086,4.0,0.0935,4.0,76.43,1.12218,-6.49735,-0.66063,0.00058,-0.88719
5071.06,index_price,1555239540098,open,0.03,32.2,0.02544701,0.06652849,0.03410247,57.82,0.0345,0,BTC-31MAY19-4500-P,5071.06,54.17,0.03,12.8,0.039,2.0,62.09,5.75284,-3.54826,-1.83855,0.0003,-0.2482
5071.06,index_price,1555239540108,open,0.31,33.6,0.30980932,0.31013601,0.31020461,87.0,0.3345,0,BTC-26APR19-3500-C,5071.06,0.0,0.297,3.0,0.321,3.0,159.99,0.18541,-0.67915,1.12604,3e-05,0.99268
165.77,ETH-28JUN19,1555239540116,open,0.14,1066.0,0.124499,0.219752,0.136773,67.04,0.153,0.0,ETH-28JUN19-160-C,163.54,0.0,0.003,15.0,0.0,0.0,0.0,0.28893,-0.12934,0.15951,0.00765,0.60584
167.88,ETH-27SEP19,1555239540116,open,0.1,48.0,0.068974,0.186227,0.098697,71.92,0.101,0.0,ETH-27SEP19-220-C,163.54,70.87,0.096,120.0,0.107,120.0,75.15,0.42961,-0.09314,0.21179,0.00466,0.3763
167.88,ETH-27SEP19,1555239540117,open,0.07,530.0,0.035351,0.139475,0.071795,77.55,0.076,0.0,ETH-27SEP19-260-C,163.54,72.72,0.061,120.0,0.07,120.0,76.76,0.38264,-0.08945,0.16079,0.00385,0.28255
165.77,ETH-28JUN19,1555239540117,open,0.0,1441.0,3e-06,0.005394,0.001871,100.0,0.005,0.0,ETH-28JUN19-500-C,163.54,93.17,0.001,10.0,0.13,10.0,234.38,0.026,-0.01736,0.00396,0.00046,0.01352
167.88,ETH-27SEP19,1555239540122,open,0.13,214.0,0.095865,0.216213,0.127442,71.92,0.132,0.0,ETH-27SEP19-200-C,163.54,69.88,0.122,90.0,0.134,90.0,74.38,0.44833,-0.0972,0.24821,0.00487,0.45278
167.88,ETH-27SEP19,1555239540122,open,0.01,120.0,0.000416,0.013171,0.004994,85.65,0.01,0.0,ETH-27SEP19-60-P,163.54,73.53,0.002,150.0,0.008,150.0,93.95,0.05291,-0.01366,-0.01845,0.00048,-0.01919
167.88,ETH-27SEP19,1555239540122,open,0.07,555.0,0.038499,0.11938,0.066668,76.65,0.058,0.0,ETH-27SEP19-120-P,163.54,27.11,0.002,30.0,0.0,0.0,0.0,0.29893,-0.06907,-0.18965,0.00304,-0.1819
165.77,ETH-28JUN19,1555239540122,open,0.83,0.0,0.811599,0.853251,0.827542,90.34,None,0.0,ETH-28JUN19-300-P,163.54,0.0,0.002,15.0,0.0,0.0,0.0,0.13797,-0.08324,-0.58524,0.00271,-0.89345
163.54,index_price,1555239540122,open,0.01,899.0,0.002769,0.019183,0.006892,77.74,0.009,0,ETH-19APR19-180-C,163.54,70.4,0.005,2.0,0.009,250.0,85.08,0.04471,-0.35644,0.0032,0.0161,0.15329
5071.06,index_price,1555239540124,open,0.0,2173.6,3.2e-07,0.00032702,0.00039561,87.0,0.001,0,BTC-26APR19-3500-P,5071.06,0.0,0.0,0.0,0.001,16.9,98.7,0.18541,-0.67915,-0.01273,3e-05,-0.00732
165.77,ETH-28JUN19,1555239540137,open,0.25,325.0,0.24006,0.310239,0.265062,81.24,0.268,0.0,ETH-28JUN19-130-C,163.54,0.0,0.14,50.0,0.7,1.0,421.19,0.20968,-0.11375,0.18219,0.00458,0.80082
165.77,ETH-28JUN19,1555239540137,open,0.3,25.0,0.289291,0.347094,0.308494,81.24,0.315,0.0,ETH-28JUN19-120-C,163.54,0.0,0.002,10.0,0.0,0.0,0.0,0.17041,-0.09245,0.18615,0.00372,0.8559
165.77,ETH-28JUN19,1555239540137,open,0.06,2650.0,0.040451,0.121403,0.070647,81.24,0.058,0.0,ETH-28JUN19-140-P,163.54,24.81,0.003,22.0,0.0,0.0,0.0,0.24357,-0.13214,-0.11246,0.00532,-0.26006
167.88,ETH-27SEP19,1555239540137,open,0.02,52.0,0.000993,0.034762,0.018635,91.86,0.019,0.0,ETH-27SEP19-480-C,163.54,91.24,0.018,5.0,0.02,150.0,93.16,0.1726,-0.04779,0.04892,0.00147,0.08275
163.54,index_price,1555239540137,open,0.0,285.0,3e-06,0.001745,0.000709,100.0,0.003,0,ETH-19APR19-210-C,163.54,105.16,0.001,55.0,0.002,100.0,117.76,0.00822,-0.08425,0.00037,0.0023,0.01762
163.54,index_price,1555239540147,open,0.17,831.0,0.162201,0.171075,0.165968,92.38,0.163,0,ETH-19APR19-190-P,163.54,0.0,0.161,50.0,0.168,50.0,102.34,0.03026,-0.28671,-0.02354,0.00917,-0.91169
163.54,index_price,1555239540147,open,0.08,638.0,0.086178,0.10254,0.087549,66.27,0.092,0,ETH-19APR19-150-C,163.54,46.77,0.084,50.0,0.091,50.0,79.54,0.03818,-0.25949,0.01727,0.01613,0.87832
165.77,ETH-28JUN19,1555239540151,open,0.52,0.0,0.517615,0.530392,0.519663,81.24,None,0.0,ETH-28JUN19-80-C,163.54,0.0,0.001,10.0,0.0,0.0,0.0,0.02881,-0.01563,0.15816,0.00063,0.98477
167.88,ETH-27SEP19,1555239540170,open,0.95,0.0,0.919065,0.998624,0.945589,79.06,None,0.0,ETH-27SEP19-320-P,163.54,0.0,0.003,6.0,0.948,1.0,80.45,0.28923,-0.06893,-1.35265,0.00286,-0.82736
167.88,ETH-27SEP19,1555239540202,open,0.06,313.0,0.025268,0.121269,0.057486,77.62,0.064,0.0,ETH-27SEP19-280-C,163.54,60.48,0.026,10.0,0.0,0.0,0.0,0.3494,-0.08175,0.13695,0.00351,0.23699
167.88,ETH-27SEP19,1555239540202,open,0.35,77.0,0.323702,0.404583,0.351915,76.68,0.368,0.0,ETH-27SEP19-120-C,163.54,71.03,0.342,30.0,0.354,30.0,77.84,0.29896,-0.0691,0.35564,0.00304,0.81806
165.77,ETH-28JUN19,1555239540202,open,0.35,10.0,0.342741,0.38755,0.356191,81.24,0.265,0.0,ETH-28JUN19-110-C,163.54,0.0,0.002,12.0,0.0,0.0,0.0,0.12891,-0.06993,0.18593,0.00281,0.90295
167.88,ETH-27SEP19,1555239540202,open,0.53,0.0,0.527083,0.559185,0.535334,76.7,None,0.0,ETH-27SEP19-80-C,163.54,0.0,0.001,10.0,0.0,0.0,0.0,0.10788,-0.02494,0.31994,0.0011,0.95468
165.77,ETH-28JUN19,1555239540203,open,1.19,0.0,1.171936,1.194198,1.1799,93.76,None,0.0,ETH-28JUN19-360-P,163.54,0.0,0.002,2.0,0.0,0.0,0.0,0.08144,-0.05098,-0.72318,0.00154,-0.94673
165.77,ETH-28JUN19,1555239540202,open,0.17,387.0,0.157344,0.24677,0.19163,81.24,0.189,0.0,ETH-28JUN19-150-C,163.54,0.0,0.003,15.0,0.483,20.0,267.81,0.26999,-0.14647,0.16461,0.0059,0.67568
167.88,ETH-27SEP19,1555239540203,open,0.41,356.0,0.379434,0.496687,0.409078,71.89,0.385,0.0,ETH-27SEP19-220-P,163.54,0.0,0.003,10.0,0.457,1.0,90.18,0.42957,-0.09309,-0.78805,0.00467,-0.62383
163.54,index_price,1555239540203,open,0.35,50.0,0.345237,0.345924,0.345455,100.0,0.341,0,ETH-19APR19-220-P,163.54,0.0,0.342,50.0,0.35,50.0,158.89,0.00325,-0.0333,-0.02926,0.00091,-0.99393
163.54,index_price,1555239540203,open,0.23,199.0,0.222984,0.227106,0.225052,100.0,0.222,0,ETH-19APR19-200-P,163.54,0.0,0.221,50.0,0.228,50.0,120.26,0.01828,-0.18745,-0.02575,0.00512,-0.95386
165.77,ETH-28JUN19,1555239540212,open,0.01,1223.0,0.006311,0.05112,0.019761,81.24,0.016,0.0,ETH-28JUN19-110-P,163.54,0.0,0.0,0.0,0.0,0.0,0.0,0.12891,-0.06993,-0.03972,0.00281,-0.09705
165.77,ETH-28JUN19,1555239540216,open,0.14,3897.0,0.122686,0.221086,0.133231,65.84,0.134,0.0,ETH-28JUN19-170-P,163.54,0.0,0.005,17.0,0.147,1.0,73.49,0.29891,-0.13143,-0.20657,0.00805,-0.47424
167.88,ETH-27SEP19,1555239540216,open,0.02,112.0,0.003491,0.055622,0.021576,82.78,0.026,0.0,ETH-27SEP19-400-C,163.54,0.0,0.0,0.0,0.0,0.0,0.0,0.19982,-0.04986,0.06046,0.00188,0.10083
165.77,ETH-28JUN19,1555239540216,open,0.32,1363.0,0.299061,0.389228,0.309642,67.36,0.324,0.0,ETH-28JUN19-210-P,163.54,0.0,0.006,16.0,0.319,1.0,73.5,0.24676,-0.111,-0.35464,0.0065,-0.73323
167.88,ETH-27SEP19,1555239540217,open,0.16,273.0,0.132384,0.251819,0.157788,69.46,0.173,0.0,ETH-27SEP19-180-C,163.54,70.29,0.16,1.0,0.0,0.0,0.0,0.44986,-0.09419,0.28701,0.00506,0.53398
167.88,ETH-27SEP19,1555239540217,open,0.44,0.0,0.418931,0.475661,0.436745,76.68,None,0.0,ETH-27SEP19-100-C,163.54,0.0,0.001,10.0,0.0,0.0,0.0,0.20396,-0.04714,0.3506,0.00208,0.89629
163.54,index_price,1555239540216,open,0.01,248.0,0.012744,0.036557,0.015393,66.49,0.017,0,ETH-19APR19-170-C,163.54,65.54,0.015,1.0,0.02,231.0,77.43,0.06766,-0.46133,0.00667,0.02848,0.32072
163.54,index_price,1555239540216,open,0.0,681.0,0.000406,0.009279,0.004173,92.38,0.006,0,ETH-19APR19-190-C,163.54,69.01,0.001,360.0,0.006,250.0,101.41,0.03026,-0.28671,0.00184,0.00917,0.08831
167.88,ETH-27SEP19,1555239540218,open,0.01,820.0,0.003614,0.035716,0.011836,76.66,0.01,0.0,ETH-27SEP19-80-P,163.54,54.38,0.002,1000.0,0.0,0.0,0.0,0.10776,-0.0249,-0.04355,0.0011,-0.04525
163.54,index_price,1555239540218,open,0.0,947.0,4.1e-05,0.004163,0.002109,100.0,0.005,0,ETH-19APR19-200-C,163.54,99.01,0.002,1.0,0.004,250.0,113.98,0.01828,-0.18745,0.00096,0.00512,0.04614
163.54,index_price,1555239540218,open,0.41,120.0,0.406384,0.40664,0.406446,100.0,0.386,0,ETH-19APR19-230-P,163.54,0.0,0.403,50.0,0.411,50.0,175.73,0.00115,-0.01179,-0.03068,0.00032,-0.99809
163.54,index_price,1555239540218,open,0.0,236.0,0.0,0.000257,6.2e-05,100.0,0.001,0,ETH-19APR19-230-C,163.54,0.0,0.0,0.0,0.002,100.0,151.25,0.00115,-0.01018,4e-05,0.00032,0.00191
163.54,index_price,1555239540219,open,0.0,72.0,8e-06,0.002026,0.000468,90.64,0.001,0,ETH-19APR19-130-P,163.54,0.0,0.0,0.0,0.001,101.0,101.57,0.00609,-0.05662,-0.00028,0.00188,-0.01244
167.88,ETH-27SEP19,1555239540246,open,0.03,365.0,0.009288,0.081133,0.032399,79.32,0.037,0.0,ETH-27SEP19-340-C,163.54,72.77,0.023,73.0,0.0,0.0,0.0,0.2595,-0.06204,0.0869,0.00255,0.1463
165.77,ETH-28JUN19,1555239540246,open,1.43,0.0,1.413048,1.427721,1.417909,95.06,None,0.0,ETH-28JUN19-400-P,163.54,0.0,0.002,2.0,0.0,0.0,0.0,0.05608,-0.0356,-0.81081,0.00105,-0.96642
163.54,index_price,1555239540253,open,0.0,10.0,5.7e-05,0.005278,0.002706,99.99,0.001,0,ETH-26APR19-120-P,163.54,0.0,0.0,0.0,0.098,1.0,334.78,0.02301,-0.09688,-0.00203,0.00265,-0.03541
165.77,ETH-28JUN19,1555239540261,open,0.11,2179.0,0.089692,0.184945,0.101966,67.04,0.109,0.0,ETH-28JUN19-160-P,163.54,8.79,0.004,30.0,0.0,0.0,0.0,0.28893,-0.12934,-0.16871,0.00765,-0.39416
165.77,ETH-28JUN19,1555239540261,open,0.18,4309.0,0.160743,0.259819,0.171189,65.84,0.183,0.0,ETH-28JUN19-180-P,163.54,0.0,0.009,20.0,0.183,1.0,72.42,0.29712,-0.13064,-0.24543,0.008,-0.55055
165.77,ETH-28JUN19,1555239540279,open,0.22,1747.0,0.203263,0.300905,0.21324,65.84,0.226,0.0,ETH-28JUN19-190-P,163.54,0.0,0.006,16.0,0.226,1.0,73.18,0.28562,-0.12559,-0.28372,0.0077,-0.62109
165.77,ETH-28JUN19,1555239540279,open,0.95,0.0,0.931344,0.965212,0.94317,90.34,None,0.0,ETH-28JUN19-320-P,163.54,0.0,0.002,15.0,0.0,0.0,0.0,0.11197,-0.06755,-0.63347,0.0022,-0.91967
167.88,ETH-27SEP19,1555239540279,open,0.65,0.0,0.643017,0.655773,0.647617,85.71,None,0.0,ETH-27SEP19-60-C,163.54,0.0,0.001,10.0,0.0,0.0,0.0,0.05304,-0.0137,0.25416,0.00048,0.98075
163.54,index_price,1555239540281,open,0.06,498.0,0.052245,0.076058,0.054894,66.49,0.057,0,ETH-19APR19-170-P,163.54,0.0,0.01,2.0,0.06,150.0,78.6,0.06766,-0.46133,-0.01604,0.02848,-0.67928
165.77,ETH-28JUN19,1555239540283,open,0.0,1774.0,0.000847,0.022257,0.005395,81.24,0.007,0.0,ETH-28JUN19-90-P,163.54,61.37,0.001,5.0,0.0,0.0,0.0,0.05472,-0.02969,-0.01292,0.00119,-0.0326
165.77,ETH-28JUN19,1555239540283,open,0.08,2939.0,0.062212,0.151638,0.096499,81.24,0.074,0.0,ETH-28JUN19-150-P,163.54,17.85,0.004,30.0,0.256,10.0,180.02,0.26999,-0.14647,-0.1431,0.0059,-0.32432
163.54,index_price,1555239540300,open,0.0,120.0,0.0,0.000382,0.000112,100.0,0.001,0,ETH-19APR19-120-P,163.54,0.0,0.0,0.0,0.001,9.0,131.53,0.00179,-0.01831,-7e-05,0.0005,-0.00311
167.88,ETH-27SEP19,1555239540303,open,0.03,119.0,0.006683,0.071356,0.030161,81.98,0.034,0.0,ETH-27SEP19-360-C,163.54,81.87,0.03,2.0,0.0,0.0,0.0,0.24546,-0.06065,0.07982,0.00234,0.13479
167.88,ETH-27SEP19,1555239540312,open,0.08,352.0,0.04943,0.16091,0.076446,71.92,0.089,0.0,ETH-27SEP19-240-C,163.54,69.19,0.07,1.0,0.0,0.0,0.0,0.3995,-0.08661,0.1785,0.00434,0.31041
167.88,ETH-27SEP19,1555239540325,open,0.12,634.0,0.07825,0.178532,0.115047,76.65,0.079,0.0,ETH-27SEP19-140-P,163.54,17.66,0.003,10.0,0.0,0.0,0.0,0.37489,-0.08662,-0.29452,0.00382,-0.27099
165.77,ETH-28JUN19,1555239540327,open,0.37,1135.0,0.351084,0.436049,0.362653,69.0,0.369,0.0,ETH-28JUN19-220-P,163.54,0.0,0.007,13.0,0.369,1.0,73.53,0.22619,-0.10422,-0.38626,0.00582,-0.7732
167.88,ETH-27SEP19,1555239540329,open,0.05,130.0,0.018071,0.105758,0.04622,77.7,0.056,0.0,ETH-27SEP19-300-C,163.54,68.37,0.03,20.0,0.0,0.0,0.0,0.31558,-0.07392,0.11632,0.00317,0.19868
167.88,ETH-27SEP19,1555239540329,open,1.06,0.0,1.034544,1.106389,1.057534,79.24,None,0.0,ETH-27SEP19-340-P,163.54,0.0,0.003,6.0,1.076,1.0,90.05,0.25907,-0.06188,-1.45843,0.00255,-0.85406
163.54,index_price,1555239540329,open,0.0,325.0,0.0,0.000688,0.000218,100.0,0.001,0,ETH-19APR19-220-C,163.54,0.0,0.0,0.0,0.001,100.0,121.2,0.00325,-0.0333,0.00013,0.00091,0.00607
163.54,index_price,1555239540329,open,0.26,1.0,0.266235,0.266617,0.266347,100.0,0.268,0,ETH-19APR19-120-C,163.54,0.0,0.263,50.0,0.27,50.0,166.73,0.00179,-0.01831,0.01596,0.0005,0.99689
165.77,ETH-28JUN19,1555239540347,open,0.02,458.0,0.013186,0.070988,0.032388,81.24,0.029,0.0,ETH-28JUN19-120-P,163.54,39.05,0.002,20.0,0.023,1.0,71.65,0.17041,-0.09245,-0.06002,0.00372,-0.1441
167.88,ETH-27SEP19,1555239540347,open,1.88,0.0,1.860178,1.893947,1.87765,91.69,None,0.0,ETH-27SEP19-480-P,163.54,0.0,0.001,15.0,0.0,0.0,0.0,0.17173,-0.04747,-2.13275,0.00146,-0.9178
165.77,ETH-28JUN19,1555239540347,open,0.0,1500.0,0.000211,0.012988,0.002259,81.24,0.005,0.0,ETH-28JUN19-80-P,163.54,72.07,0.001,1999.0,0.0,0.0,0.0,0.02881,-0.01563,-0.00595,0.00063,-0.01523
163.54,index_price,1555239540347,open,0.01,1495.0,0.003385,0.019747,0.004756,66.27,0.008,0,ETH-19APR19-150-P,163.54,52.38,0.002,250.0,0.007,250.0,75.18,0.03818,-0.25949,-0.00276,0.01613,-0.12168
163.54,index_price,1555239540385,open,0.01,8.0,0.000517,0.013809,0.008304,99.99,0.007,0.2,ETH-26APR19-210-C,163.54,65.92,0.001,50.0,0.099,1.0,258.22,0.0532,-0.23255,0.00508,0.00611,0.10382
163.54,index_price,1555239540403,open,0.03,95.0,0.027044,0.065947,0.034094,70.17,0.036,0,ETH-26APR19-170-C,163.54,25.05,0.005,20.0,0.039,1.0,77.16,0.11427,-0.33757,0.01969,0.01871,0.40408
163.54,index_price,1555239540486,open,0.01,20.0,0.000589,0.012485,0.007709,99.89,0.003,0,ETH-26APR19-130-P,163.54,0.0,0.0,0.0,0.029,2.0,155.65,0.04642,-0.19525,-0.005,0.00534,-0.08629
163.54,index_price,1555239540512,open,0.01,0.0,0.001467,0.020152,0.013203,99.93,None,0,ETH-26APR19-200-C,163.54,0.0,0.0,0.0,0.036,1.0,144.16,0.0695,-0.29241,0.0074,0.00799,0.15236
163.54,index_price,1555239540642,open,0.02,102.0,0.011686,0.045508,0.017167,70.17,0.023,0,ETH-26APR19-180-C,163.54,30.8,0.001,200.0,0.019,2.0,73.37,0.09247,-0.27319,0.01205,0.01514,0.24371
163.54,index_price,1555239540753,open,0.29,0.0,0.276277,0.28957,0.284064,99.99,None,0.2,ETH-26APR19-210-P,163.54,0.0,0.0,0.0,0.0,0.0,0.0,0.0532,-0.11822,-0.0628,0.00611,-0.89618
163.54,index_price,1555239540774,open,0.24,0.0,0.224409,0.243095,0.236145,99.93,None,0,ETH-26APR19-200-P,163.54,0.0,0.0,0.0,0.304,1.0,214.27,0.0695,-0.29241,-0.05767,0.00799,-0.84764
163.54,index_price,1555239540868,open,0.01,101.0,0.00441,0.030628,0.009115,73.28,0.011,0,ETH-26APR19-190-C,163.54,44.22,0.001,200.0,0.017,15.0,90.42,0.0665,-0.20519,0.00711,0.01043,0.14267
5021.08,BTC-27SEP19,1555239541296,open,0.33,261.1,0.32841252,0.36934403,0.33516677,58.81,0.38,0.0,BTC-27SEP19-3500-C,5071.06,46.92,0.3195,3.0,0.3485,3.0,67.52,7.30501,-1.29494,12.11692,0.00011,0.86618
5021.1,BTC-27SEP19,1555239541312,open,0.06,98.9,0.05217643,0.10551019,0.05965385,57.8,0.065,0.0,BTC-27SEP19-4000-P,5071.06,52.62,0.0495,7.4,0.07,5.0,62.95,9.97512,-1.738,-6.34006,0.00015,-0.2182
5021.08,BTC-27SEP19,1555239541320,open,0.2,290.4,0.19490534,0.25747224,0.2014682,56.74,0.2265,0.0,BTC-27SEP19-4500-C,5071.06,50.69,0.187,3.5,0.216,2.5,62.78,12.04756,-2.06046,11.00082,0.00019,0.68357
5021.08,BTC-27SEP19,1555239541359,open,0.05,936.6,0.02159889,0.07145076,0.04590563,67.97,0.0385,0.0,BTC-27SEP19-8000-C,5071.06,63.83,0.038,7.0,0.052,7.4,70.99,9.90333,-2.02892,3.86965,0.00013,0.21549
5021.1,BTC-27SEP19,1555239541421,open,0.11,260.8,0.10828619,0.17811227,0.11499828,56.5,0.109,0.0,BTC-27SEP19-5500-C,5071.06,52.22,0.1035,7.4,0.13,5.0,62.08,13.48772,-2.29715,8.34174,0.00021,0.48057
5021.1,BTC-27SEP19,1555239541431,open,0.15,39.3,0.14203449,0.21003116,0.14657655,55.72,0.1545,0.0,BTC-27SEP19-5000-P,5071.06,51.34,0.135,6.2,0.158,0.9,60.06,13.23891,-2.22364,-12.95403,0.00021,-0.42112
5021.08,BTC-27SEP19,1555239541442,open,0.21,15.5,0.20366661,0.2734927,0.21037891,56.5,0.1945,0.0,BTC-27SEP19-5500-P,5071.06,50.77,0.195,3.4,0.2255,0.2,62.13,13.48763,-2.2969,-16.65337,0.00021,-0.51945
5021.08,BTC-27SEP19,1555239541448,open,0.15,779.1,0.14623504,0.21423185,0.15078619,55.73,0.1615,0.0,BTC-27SEP19-5000-C,5071.06,51.45,0.1395,3.5,0.1625,1.0,60.17,13.23883,-2.22385,9.76839,0.00021,0.57888
5021.1,BTC-27SEP19,1555239541493,open,0.06,54.8,0.02066753,0.21971364,0.05701045,67.08,0.065,0.0,BTC-27DEC19-9000-C,5071.06,63.82,0.049,5.5,0.065,5.0,70.19,12.63157,-1.6494,5.93449,0.00011,0.22495
5021.1,BTC-27SEP19,1555239541497,open,0.02,153.8,0.00583046,0.09572162,0.01941395,66.52,0.0185,0.0,BTC-27DEC19-2500-P,5071.06,63.11,0.016,0.1,0.023,3.0,69.85,5.22388,-0.67639,-2.91837,4e-05,-0.06317
5021.08,BTC-27SEP19,1555239541500,open,0.05,80.9,0.01223689,0.19421515,0.04573238,69.12,0.0545,0.0,BTC-27DEC19-10000-C,5071.06,67.42,0.042,2.5,0.0495,5.0,70.78,11.22657,-1.51045,4.9052,9e-05,0.18455
5071.06,index_price,1555239542223,open,0.22,0.1,0.21807307,0.2447309,0.2240858,59.87,0.239,0,BTC-31MAY19-4000-C,5071.06,0.0,0.207,3.0,0.234,3.0,72.84,3.47346,-2.21805,4.32029,0.00018,0.88746
5071.06,index_price,1555239542225,open,0.01,446.2,0.00366675,0.01797526,0.00646031,58.69,0.0055,0,BTC-26APR19-4500-P,5071.06,54.41,0.005,12.0,0.008,20.0,62.81,1.81591,-4.4873,-0.20653,0.00037,-0.11871
5071.06,index_price,1555239542227,open,0.04,473.3,0.04315842,0.06794104,0.04425124,51.55,0.0455,0,BTC-26APR19-5000-C,5071.06,44.8,0.0395,6.0,0.0455,12.0,53.32,3.57813,-7.76587,0.8816,0.00083,0.57858
5071.06,index_price,1555239542227,open,0.01,455.1,0.01194091,0.03280704,0.01475836,55.14,0.0135,0,BTC-26APR19-4750-P,5071.06,51.04,0.0125,16.0,0.0175,18.2,59.95,2.84151,-6.59672,-0.41981,0.00062,-0.23968
5071.06,index_price,1555239542227,open,0.03,49.7,0.02887933,0.05875453,0.02775572,47.53,0.0275,0,BTC-19APR19-5125-P,5071.06,40.35,0.0245,12.0,0.033,12.0,59.02,2.30653,-11.24289,-0.40192,0.00141,-0.56558
5071.06,index_price,1555239542229,open,0.01,60.0,0.00765827,0.04009557,0.01336722,58.08,0.0175,0,BTC-31MAY19-6500-C,5071.06,53.56,0.01,16.0,0.0165,18.0,61.87,4.00813,-2.48292,0.81256,0.00021,0.13814
5071.06,index_price,1555239542229,open,0.0,1796.1,0.0,8.4e-07,1.29e-06,87.05,0.0005,0,BTC-26APR19-2750-P,5071.06,0.0,0.0,0.0,0.001,16.9,154.35,0.00135,-0.00494,-6e-05,0.0,-4e-05
5037.44,BTC-28JUN19,1555239542239,open,0.0,780.5,0.0,3.67e-06,4.56e-05,87.04,0.001,0.0,BTC-28JUN19-20000-C,5071.06,104.96,0.0005,10.0,0.001,7.0,112.2,0.03925,-0.02281,0.00452,0.0,0.00048
5071.06,index_price,1555239542250,open,0.51,0.0,0.50700642,0.50700647,0.5070065,87.05,None,0,BTC-26APR19-2500-C,5071.06,0.0,0.4945,3.0,0.518,3.0,270.37,0.0001,-0.00037,0.8134,0.0,1.0
5037.44,BTC-28JUN19,1555239542252,open,0.23,367.4,0.22211504,0.25040468,0.23247847,59.98,0.231,0.0,BTC-28JUN19-4000-C,5071.06,44.87,0.2175,3.0,0.2395,1.5,66.09,5.60547,-2.24529,6.2532,0.00018,0.8376
5071.06,index_price,1555239542265,open,0.08,41.2,0.07811365,0.12734047,0.08509378,54.95,0.0825,0,BTC-31MAY19-5000-C,5071.06,47.79,0.075,9.6,0.0875,11.6,56.66,7.14581,-4.18854,3.142,0.00039,0.56754
5071.06,index_price,1555239542273,open,0.09,0.2,0.08926463,0.10629953,0.09064574,59.13,0.0855,0,BTC-19APR19-4625-C,5071.06,0.0,0.084,4.0,0.091,4.0,61.07,0.90049,-5.46029,0.55938,0.00044,0.91643
5071.06,index_price,1555239542299,open,0.18,0.0,0.17591698,0.21020784,0.18355602,58.85,None,0,BTC-31MAY19-4250-C,5071.06,34.92,0.166,3.0,0.1925,3.0,68.16,4.6481,-2.91795,4.19137,0.00024,0.82714
5037.44,BTC-28JUN19,1555239542306,open,0.01,441.1,0.00428553,0.02033995,0.01155751,63.37,0.012,0.0,BTC-28JUN19-3500-P,5071.06,60.15,0.0095,12.0,0.0135,2.6,66.19,3.35827,-1.42117,-0.93531,0.0001,-0.07895
5021.04,BTC-27SEP19,1555239542325,open,0.07,107.6,0.07011315,0.12852403,0.07698549,57.12,0.08,0.0,BTC-27SEP19-4250-P,5071.06,52.35,0.0665,6.9,0.0885,0.2,62.3,11.10434,-1.91195,-7.82236,0.00017,-0.26583
5071.06,index_price,1555239542327,open,0.0,37.6,0.00038499,0.01258358,0.00161623,64.46,0.002,0,BTC-19APR19-4500-P,5071.06,58.64,0.001,5.0,0.0025,6.9,70.99,0.6084,-4.02164,-0.03524,0.00027,-0.05041
5071.06,index_price,1555239542333,open,0.14,72.0,0.13745732,0.15281122,0.13988301,57.37,0.09,0,BTC-26APR19-5750-P,5071.06,0.0,0.1,0.1,0.2595,0.1,243.07,1.85664,-4.48443,-1.67859,0.00039,-0.87749
5071.06,index_price,1555239542344,open,0.31,0.0,0.31085329,0.32340449,0.31421072,64.51,None,0,BTC-31MAY19-3500-C,5071.06,0.0,0.298,3.0,0.3245,3.0,86.93,1.65325,-1.13761,4.18774,8e-05,0.95723
5071.06,index_price,1555239542344,open,0.24,0.0,0.23283169,0.23923248,0.23474749,66.91,None,0,BTC-26APR19-6250-P,5071.06,0.0,0.001,0.3,0.0,0.0,0.0,0.90263,-2.54299,-1.95918,0.00016,-0.95269
5021.04,BTC-27SEP19,1555239542348,open,0.26,239.2,0.25553186,0.30886667,0.26301569,57.81,0.3,0.0,BTC-27SEP19-4000-C,5071.06,49.8,0.2475,3.0,0.28,2.5,66.2,9.97552,-1.73823,11.8374,0.00015,0.78178
5071.06,index_price,1555239542348,open,0.16,0.0,0.16192745,0.16711075,0.16263361,77.05,None,0,BTC-19APR19-4250-C,5071.06,0.0,0.15,3.0,0.1735,3.0,145.39,0.29904,-2.3627,0.55282,0.00011,0.97872
5071.06,index_price,1555239542348,open,0.07,28.7,0.0641008,0.11332762,0.07108093,54.95,0.073,0,BTC-31MAY19-5000-P,5071.06,53.48,0.069,9.6,0.0805,2.0,61.64,7.14581,-4.18854,-3.27933,0.00039,-0.43246
5071.06,index_price,1555239542381,open,0.02,175.1,0.01656208,0.04590405,0.0160182,48.77,0.018,0,BTC-19APR19-5000-P,5071.06,45.34,0.0145,5.5,0.02,12.0,57.71,2.24924,-11.2503,-0.27524,0.00134,-0.39031
5021.04,BTC-27SEP19,1555239542390,open,0.03,632.4,0.00295607,0.02528098,0.02107617,76.71,0.0405,0.0,BTC-27SEP19-11000-C,5071.06,72.25,0.016,1.0,0.024,6.9,79.03,6.11993,-1.41502,1.89625,7e-05,0.10418
5071.06,index_price,1555239542395,open,0.21,0.0,0.21121051,0.21295704,0.21146551,86.24,None,0,BTC-19APR19-4000-C,5071.06,0.0,0.1995,3.0,0.2225,3.0,178.27,0.12203,-1.07924,0.52904,4e-05,0.99245
5071.06,index_price,1555239542395,open,0.33,0.0,0.33108266,0.33194005,0.33115865,87.0,None,0,BTC-19APR19-6750-P,5071.06,0.0,0.001,0.3,0.4185,0.1,403.27,0.0472,-0.42111,-0.89996,2e-05,-0.9974
5071.06,index_price,1555239542397,open,0.05,36.6,0.04700147,0.07355898,0.04810573,53.04,0.047,0,BTC-19APR19-4875-C,5071.06,28.57,0.0405,4.0,0.0485,4.0,54.11,1.86333,-10.13565,0.47532,0.00102,0.74979
5071.06,index_price,1555239542414,open,0.3,0.0,0.28944156,0.32187886,0.29515051,58.08,None,0,BTC-31MAY19-6500-P,5071.06,0.0,0.0005,0.3,0.0,0.0,0.0,4.00813,-2.48292,-7.53516,0.00021,-0.86186
5071.06,index_price,1555239542425,open,0.02,58.0,0.01191504,0.04913417,0.01777947,56.75,0.024,0,BTC-31MAY19-6250-C,5071.06,53.1,0.0145,2.0,0.021,12.8,60.11,4.72183,-2.85841,1.03827,0.00025,0.17721
163.54,index_price,1555239542458,open,0.1,1.0,0.095274,0.127328,0.102917,74.36,0.112,0,ETH-26APR19-150-C,163.54,70.9,0.101,1.0,0.119,1.0,101.6,0.09138,-0.28609,0.03505,0.01412,0.76157
5071.06,index_price,1555239542466,open,0.6,0.0,0.60560514,0.60560514,0.60560514,87.05,None,0,BTC-26APR19-2000-C,5071.06,0.0,0.5935,3.0,0.617,3.0,346.49,0.0,0.0,0.65072,0.0,1.0
5071.06,index_price,1555239542472,open,0.0,30.1,1.653e-05,0.00519982,0.0007227,77.05,0.001,0,BTC-19APR19-4250-P,5071.06,72.82,0.0005,40.0,0.001,0.1,81.28,0.29904,-2.36272,-0.0149,0.00011,-0.02128
5071.06,index_price,1555239542486,open,0.01,0.6,0.00183835,0.02140428,0.00700953,64.04,0.0135,0,BTC-31MAY19-7250-C,5071.06,58.48,0.0045,10.0,0.0095,18.0,68.59,2.56024,-1.7488,0.43975,0.00012,0.07453
5071.06,index_price,1555239542497,open,0.19,0.0,0.18437049,0.19467204,0.18742398,64.69,None,0,BTC-26APR19-6000-P,5071.06,0.0,0.001,0.3,0.2485,0.1,176.84,1.40199,-3.81856,-1.82172,0.00026,-0.9167
5037.44,BTC-28JUN19,1555239542518,open,0.6,24.8,0.59025814,0.60500689,0.59843957,66.74,0.525,0.0,BTC-28JUN19-8000-P,5071.06,0.0,0.0005,0.4,0.0,0.0,0.0,3.517,-1.56741,-15.65048,0.0001,-0.91606
5071.06,index_price,1555239542519,open,0.41,5.9,0.40840771,0.408417,0.40842072,87.05,0.4005,0,BTC-26APR19-3000-C,5071.06,0.0,0.396,3.0,0.4195,3.0,211.0,0.01047,-0.03839,0.97555,0.0,0.99969
5071.06,index_price,1555239542543,open,0.0,104.5,0.00360162,0.0257306,0.004719,54.51,0.005,0,BTC-19APR19-4750-P,5071.06,49.57,0.0035,0.5,0.006,20.0,59.22,1.31945,-7.37515,-0.09964,0.0007,-0.14237
5071.06,index_price,1555239542546,open,0.26,225.9,0.2605179,0.26172479,0.26124544,78.74,0.282,0,BTC-26APR19-3750-C,5071.06,0.0,0.2485,3.0,0.272,3.0,137.47,0.32741,-1.08539,1.19571,5e-05,0.98595
5021.04,BTC-27SEP19,1555239542546,open,0.07,19.8,0.03507338,0.25011348,0.07073767,64.03,0.0835,0.0,BTC-27DEC19-8000-C,5071.06,62.69,0.067,5.0,0.0825,5.0,68.15,14.04829,-1.75094,7.20862,0.00012,0.27474
5071.06,index_price,1555239542557,open,0.34,0.0,0.33591757,0.36369715,0.34152241,59.84,None,0,BTC-31MAY19-6750-P,5071.06,0.0,0.0005,0.3,0.0,0.0,0.0,3.41757,-2.18134,-8.02028,0.00017,-0.88998
5071.06,index_price,1555239542567,open,0.0,1.0,2e-08,0.00124992,0.0001394,87.0,0.0005,0,BTC-19APR19-6625-C,5071.06,0.0,0.0,0.0,0.001,16.9,111.15,0.07797,-0.69562,0.00299,3e-05,0.00455
5071.06,index_price,1555239542573,open,0.46,10.2,0.45770707,0.4577079,0.45770836,87.05,0.006,0,BTC-26APR19-2750-C,5071.06,0.0,0.4455,3.0,0.469,3.0,240.71,0.00135,-0.00494,0.89468,0.0,0.99996
5071.06,index_price,1555239542586,open,0.01,923.1,0.00942179,0.0301035,0.01083187,52.77,0.011,0,BTC-26APR19-5500-C,5071.06,51.15,0.01,3.0,0.011,18.6,53.09,2.63807,-5.86064,0.32903,0.0006,0.21025
5021.04,BTC-27SEP19,1555239542586,open,0.1,87.3,0.06852602,0.25245664,0.0988404,61.75,0.0885,0.0,BTC-27DEC19-4000-P,5071.06,58.37,0.09,5.0,0.1075,2.5,65.04,13.17225,-1.58319,-12.06624,0.00012,-0.24263
5037.44,BTC-28JUN19,1555239542601,open,0.03,243.1,0.01616916,0.0444588,0.02653574,59.99,0.0245,0.0,BTC-28JUN19-4000-P,5071.06,58.14,0.0245,5.2,0.0285,0.1,61.73,5.60565,-2.24547,-1.95248,0.00018,-0.16241
5071.06,index_price,1555239542601,open,0.19,0.0,0.18321738,0.19025309,0.1839233,72.21,None,0,BTC-19APR19-6000-P,5071.06,0.0,0.001,0.3,0.241,0.1,258.43,0.33333,-2.46827,-0.78559,0.00013,-0.9758
5071.06,index_price,1555239542606,open,0.05,71.6,0.03960109,0.08829999,0.04764738,55.95,0.039,0,BTC-31MAY19-5500-C,5071.06,49.55,0.039,10.0,0.0495,27.9,57.31,6.92109,-4.13046,2.16638,0.00037,0.38029
5037.44,BTC-28JUN19,1555239542617,open,0.16,208.4,0.14900685,0.18792051,0.15920728,56.71,0.1605,0.0,BTC-28JUN19-4500-C,5071.06,47.65,0.1455,3.5,0.1655,0.1,60.78,7.74768,-2.93411,5.74204,0.00026,0.71487
5021.04,BTC-27SEP19,1555239542617,open,0.46,10.2,0.43587327,0.49671347,0.45798762,64.09,0.8,0.0,BTC-27SEP19-7000-P,5071.06,58.3,0.445,0.2,0.4685,0.2,68.56,11.58826,-2.23854,-26.64931,0.00016,-0.7099
5071.06,index_price,1555239542637,open,0.25,0.0,0.24439897,0.28161811,0.2502634,56.75,None,0,BTC-31MAY19-6250-P,5071.06,0.0,0.0005,0.3,0.0,0.0,0.0,4.72183,-2.85841,-6.98839,0.00025,-0.82279
5071.06,index_price,1555239542649,open,0.24,0.0,0.23248628,0.23613459,0.23297372,81.64,None,0,BTC-19APR19-6250-P,5071.06,0.0,0.001,0.3,0.3,0.1,308.08,0.22295,-1.86669,-0.825,8e-05,-0.98492
5071.06,index_price,1555239542671,open,0.0,6.7,1.2e-07,0.00180488,0.00024627,86.81,0.003,0,BTC-19APR19-6500-C,5071.06,0.0,0.0,0.0,0.001,16.9,104.53,0.12386,-1.10266,0.00503,4e-05,0.00767
5071.06,index_price,1555239542671,open,0.21,485.7,0.2113165,0.21478112,0.21280922,72.52,0.21,0,BTC-26APR19-4000-C,5071.06,0.0,0.1995,3.0,0.217,1.6,95.13,0.62421,-1.90581,1.24913,0.0001,0.96989
5021.04,BTC-27SEP19,1555239542706,open,0.37,0.0,0.36914338,0.40318518,0.37551433,59.72,None,0.0,BTC-27SEP19-3250-C,5071.06,43.0,0.3595,3.0,0.397,3.0,75.83,5.93834,-1.06891,11.96893,9e-05,0.90005
5071.06,index_price,1555239542738,open,0.27,0.0,0.26342853,0.2825586,0.26920985,64.11,None,0,BTC-31MAY19-3750-C,5071.06,0.0,0.2515,3.0,0.2785,3.0,79.36,2.61391,-1.78757,4.26054,0.00012,0.92341
5021.02,BTC-27SEP19,1555239542757,open,0.06,72.5,0.03730427,0.19428833,0.06270623,62.56,0.063,0.0,BTC-27DEC19-3500-P,5071.06,58.9,0.055,5.0,0.07,2.5,65.95,10.70119,-1.30307,-8.26011,0.0001,-0.17105
5071.06,index_price,1555239542763,open,0.14,4.7,0.13805858,0.17914006,0.14671437,57.82,0.147,0,BTC-31MAY19-4500-C,5071.06,40.64,0.1285,3.0,0.1505,5.0,61.13,5.75285,-3.54828,3.94064,0.0003,0.7518
5071.06,index_price,1555239542763,open,0.14,7.4,0.13420856,0.14693826,0.13533596,64.05,0.15,0,BTC-19APR19-5750-P,5071.06,0.0,0.001,0.3,0.2195,0.1,291.78,0.58934,-3.87123,-0.73626,0.00027,-0.95156
5021.02,BTC-27SEP19,1555239542765,open,0.11,23.6,0.0775608,0.30792801,0.11279309,61.1,0.115,0.0,BTC-27DEC19-6500-C,5071.06,59.93,0.109,5.0,0.1175,2.3,62.55,16.29779,-1.9383,10.23043,0.00015,0.40231
5071.06,index_price,1555239542787,open,0.36,25.7,0.35910836,0.35917428,0.35919326,87.02,0.351,0,BTC-26APR19-3250-C,5071.06,0.0,0.3465,3.0,0.37,3.0,183.59,0.05243,-0.1921,1.05433,1e-05,0.99821
5071.06,index_price,1555239542792,open,0.01,232.7,0.00991419,0.03809948,0.00952223,49.0,0.009,0,BTC-19APR19-5250-C,5071.06,39.52,0.006,12.0,0.01,0.1,50.22,1.97152,-9.90587,0.18294,0.00117,0.27958
5071.06,index_price,1555239542792,open,0.0,1123.2,0.0,9.29e-06,1.301e-05,87.05,0.001,0,BTC-26APR19-3000-P,5071.06,0.0,0.0,0.0,0.001,16.9,134.41,0.01047,-0.03839,-0.00054,0.0,-0.00031
5021.02,BTC-27SEP19,1555239542803,open,0.02,16.5,0.01642004,0.05046221,0.02278335,59.71,0.023,0.0,BTC-27SEP19-3250-P,5071.06,52.61,0.015,6.9,0.0305,1.0,65.9,5.93766,-1.06867,-2.8003,9e-05,-0.09994
5071.06,index_price,1555239542805,open,0.0,1361.0,8.27e-06,0.00121515,0.0007358,78.74,0.001,0,BTC-26APR19-3750-P,5071.06,74.61,0.0005,1.0,0.001,13.0,82.43,0.32741,-1.08539,-0.02439,5e-05,-0.01405
5021.02,BTC-27SEP19,1555239542820,open,0.33,10.0,0.2957102,0.52637011,0.33240663,61.1,0.288,0.0,BTC-27DEC19-6000-P,5071.06,51.92,0.302,3.0,0.3565,3.0,68.31,16.73434,-1.99009,-30.69898,0.00015,-0.53636
5021.02,BTC-27SEP19,1555239542820,open,0.44,0.0,0.41943314,0.54422254,0.43712168,62.78,None,0.0,BTC-27DEC19-3000-C,5071.06,46.51,0.4155,3.0,0.458,3.0,75.31,7.77831,-0.95053,16.09969,7e-05,0.89273
5071.06,index_price,1555239542820,open,0.0,349.6,9.096e-05,0.00384725,0.00133386,70.06,0.0025,0,BTC-26APR19-6500-C,5071.06,0.0,0.0,0.0,0.0025,9.0,78.11,0.59888,-1.76661,0.04505,0.0001,0.02864
5071.06,index_price,1555239542834,open,0.12,969.5,0.11627831,0.13058683,0.11907188,58.69,0.1195,0,BTC-26APR19-4500-C,5071.06,45.01,0.115,2.5,0.1295,5.0,82.8,1.81591,-4.4873,1.2576,0.00037,0.88129
5021.02,BTC-27SEP19,1555239542838,open,0.23,0.0,0.22367291,0.2820841,0.23055551,57.13,None,0.0,BTC-27SEP19-4250-C,5071.06,50.25,0.2155,3.0,0.246,0.2,64.05,11.10451,-1.91214,11.49147,0.00017,0.73417
5037.44,BTC-28JUN19,1555239542838,open,0.99,43.0,0.98524517,0.98895769,0.98976116,77.31,0.89,0.0,BTC-28JUN19-10000-P,5071.06,0.0,0.0005,0.5,0.0,0.0,0.0,1.8565,-0.95843,-20.17644,5e-05,-0.96272
5071.06,index_price,1555239542842,open,0.17,38.9,0.1610281,0.2068343,0.16863612,56.25,0.1695,0,BTC-31MAY19-5750-P,5071.06,47.84,0.1585,3.0,0.184,2.0,68.17,6.32462,-3.79444,-5.65296,0.00034,-0.69937
5071.06,index_price,1555239542859,open,0.0,459.9,0.00034775,0.00674854,0.00226355,66.91,0.004,0,BTC-26APR19-6250-C,5071.06,58.09,0.001,1.0,0.0035,22.0,73.03,0.90263,-2.54298,0.07433,0.00016,0.04731
5021.02,BTC-27SEP19,1555239542861,open,0.03,740.3,0.00571594,0.03544752,0.02777829,75.01,0.022,0.0,BTC-27SEP19-10000-C,5071.06,71.2,0.0225,1.0,0.0315,6.9,77.5,7.29598,-1.64965,2.41425,8e-05,0.13358
5021.02,BTC-27SEP19,1555239542861,open,1.41,6.1,1.39149319,1.40813594,1.40697095,78.91,1.9095,0.0,BTC-27SEP19-12000-P,5071.06,0.0,0.002,0.3,0.0,0.0,0.0,5.26932,-1.25335,-52.98216,6e-05,-0.91495
5071.06,index_price,1555239542879,open,0.19,0.2,0.18656287,0.18966181,0.18704097,82.93,0.206,0,BTC-19APR19-4125-C,5071.06,0.0,0.1745,3.0,0.198,3.0,161.77,0.20693,-1.7599,0.54133,7e-05,0.98617
5071.06,index_price,1555239542886,open,0.14,0.0,0.13735185,0.14554098,0.13822669,69.48,None,0,BTC-19APR19-4375-C,5071.06,0.0,0.1255,3.0,0.149,3.0,129.02,0.40043,-2.85332,0.56334,0.00017,0.96985
5037.44,BTC-28JUN19,1555239542906,open,1.78,1.3,1.77918967,1.7793964,1.78015924,87.05,2.415,0.0,BTC-28JUN19-14000-P,5071.06,0.0,0.0,0.0,0.0,0.0,0.0,0.51678,-0.30042,-28.64365,1e-05,-0.9917
5037.44,BTC-28JUN19,1555239542908,open,0.1,804.0,0.09358198,0.1381158,0.1055715,56.71,0.0965,0.0,BTC-28JUN19-5000-C,5071.06,53.03,0.099,7.7,0.109,7.2,58.63,8.98999,-3.40459,4.72245,0.0003,0.56256
5021.02,BTC-27SEP19,1555239542908,open,0.12,21.0,0.11515405,0.18091429,0.12164614,56.55,0.128,0.0,BTC-27SEP19-4750-P,5071.06,51.58,0.109,6.6,0.1345,0.2,61.61,12.76167,-2.17547,-11.18135,0.0002,-0.36837
5071.06,index_price,1555239542908,open,0.0,3055.5,1e-08,6.593e-05,8.491e-05,87.02,0.0005,0,BTC-26APR19-3250-P,5071.06,0.0,0.0,0.0,0.001,18.9,115.95,0.05243,-0.1921,-0.00309,1e-05,-0.00179
5071.06,index_price,1555239542929,open,0.02,92.0,0.0182425,0.0481177,0.01711884,47.53,0.0135,0,BTC-19APR19-5125-C,5071.06,38.44,0.013,2.9,0.018,2.0,49.47,2.30653,-11.24286,0.28268,0.00141,0.43442
5071.06,index_price,1555239542932,open,0.0,4.0,2.3e-07,0.00174676,0.00025524,86.24,0.0005,0,BTC-19APR19-4000-P,5071.06,0.0,0.0,0.0,0.001,16.9,104.5,0.12203,-1.07925,-0.00528,4e-05,-0.00755
5071.06,index_price,1555239542934,open,0.0,233.8,0.0,4e-08,7e-08,87.05,0.0005,0,BTC-26APR19-2500-P,5071.06,0.0,0.0,0.0,0.001,16.9,176.1,0.0001,-0.00037,0.0,0.0,0.0
5071.06,index_price,1555239542937,open,0.38,0.0,0.38038661,0.38153641,0.38128407,82.05,None,0,BTC-26APR19-7000-P,5071.06,0.0,0.0005,0.3,0.478,0.1,287.81,0.39882,-1.37769,-2.24984,6e-05,-0.98232
5021.02,BTC-27SEP19,1555239542947,open,0.83,0.0,0.80357202,0.84258789,0.82667031,71.19,None,0.0,BTC-27SEP19-9000-P,5071.06,0.0,0.002,0.3,0.0,0.0,0.0,8.38625,-1.7996,-37.92744,0.0001,-0.83549
5037.44,BTC-28JUN19,1555239542947,open,0.0,676.9,4.337e-05,0.0016964,0.00291764,81.82,0.0035,0.0,BTC-28JUN19-2500-P,5071.06,79.73,0.0025,5.1,0.0035,6.9,84.45,1.05524,-0.57653,-0.22598,2e-05,-0.01895
5071.06,index_price,1555239542947,open,0.0,40.5,0.0010443,0.0135955,0.00440169,64.51,0.007,0,BTC-31MAY19-3500-P,5071.06,52.91,0.0015,18.1,0.007,16.0,71.52,1.65325,-1.1376,-0.30718,8e-05,-0.04277
5021.02,BTC-27SEP19,1555239542947,open,0.04,23.4,0.00266507,0.138396,0.031469,77.15,0.0535,0.0,BTC-27DEC19-13000-C,5071.06,72.55,0.024,0.1,0.036,6.9,79.67,8.71108,-1.30808,3.33438,6e-05,0.12583
5071.06,index_price,1555239542953,open,0.0,4.0,0.0,0.00085739,7.599e-05,87.0,0.0005,0,BTC-19APR19-6750-C,5071.06,0.0,0.0,0.0,0.001,18.9,117.58,0.0472,-0.38537,0.00171,2e-05,0.0026
5037.44,BTC-28JUN19,1555239542955,open,2.98,0.4,2.97027061,2.97027428,2.9703241,87.99,5.076,0.0,BTC-28JUN19-20000-P,5071.06,0.0,0.0,0.0,0.0,0.0,0.0,0.04472,-0.02628,-41.02259,0.0,-0.99944
5037.44,BTC-28JUN19,1555239542960,open,0.0,848.1,0.00010987,0.00382238,0.00462191,77.3,0.0055,0.0,BTC-28JUN19-10000-C,5071.06,70.4,0.0025,12.0,0.007,38.9,82.96,1.85552,-0.9578,0.33724,5e-05,0.03726
5037.44,BTC-28JUN19,1555239542964,open,0.02,60.6,0.00577355,0.02574942,0.01766133,61.41,0.0165,0.0,BTC-28JUN19-3750-P,5071.06,58.29,0.015,12.0,0.0205,12.0,64.55,4.42937,-1.81637,-1.37119,0.00014,-0.11503
5037.44,BTC-28JUN19,1555239542971,open,0.0,370.9,5e-08,0.00010248,0.00056454,87.0,0.001,0.0,BTC-28JUN19-15000-C,5071.06,85.98,0.0005,9.6,0.0015,6.9,96.52,0.33316,-0.19356,0.04641,1e-05,0.00506
5071.06,index_price,1555239542973,open,0.03,86.9,0.03057493,0.0599169,0.03003104,48.77,0.029,0,BTC-19APR19-5000-C,5071.06,38.47,0.0255,2.0,0.032,12.0,53.2,2.24924,-11.2503,0.39266,0.00134,0.60969
5021.02,BTC-27SEP19,1555239542982,open,0.0,409.3,0.00041549,0.00595732,0.00426616,75.15,0.0065,0.0,BTC-27SEP19-2000-P,5071.06,70.71,0.003,7.6,0.0055,1.0,78.77,1.58379,-0.35875,-0.5357,2e-05,-0.01921
5071.06,index_price,1555239542982,open,0.16,1623.9,0.16269333,0.17057529,0.16513535,65.6,0.111,0,BTC-26APR19-4250-C,5071.06,0.0,0.1535,1.0,0.175,3.6,97.04,1.09466,-3.02355,1.27789,0.0002,0.93965
5071.06,index_price,1555239542984,open,0.0,50.2,0.00032333,0.01305304,0.00145073,64.05,0.001,0,BTC-19APR19-5750-C,5071.06,53.3,0.0005,30.0,0.0025,7.9,71.76,0.58934,-3.87123,0.03183,0.00027,0.04844
5071.06,index_price,1555239542984,open,0.33,0.0,0.33110409,0.33321653,0.33243992,78.91,None,0,BTC-26APR19-6750-P,5071.06,0.0,0.0005,0.2,0.4235,0.1,265.83,0.55785,-1.85335,-2.15503,8e-05,-0.9737
5037.44,BTC-28JUN19,1555239542988,open,1.39,10.0,1.38216751,1.38303595,1.3843478,83.75,1.243,0.0,BTC-28JUN19-12000-P,5071.06,0.0,0.0005,0.4,0.0,0.0,0.0,1.00619,-0.56271,-24.45407,2e-05,-0.98208
5071.06,index_price,1555239542988,open,0.08,888.4,0.07525312,0.09611925,0.07807063,55.14,0.08,0,BTC-26APR19-4750-C,5071.06,41.62,0.071,4.0,0.0775,4.0,54.12,2.84151,-6.59674,1.12566,0.00062,0.76032
163.54,index_price,1555239542991,open,0.27,0.0,0.266292,0.271513,0.26894,99.99,None,0,ETH-26APR19-120-C,163.54,0.0,0.0,0.0,0.271,50.0,112.39,0.02301,-0.09688,0.03702,0.00265,0.96459
5037.44,BTC-28JUN19,1555239542994,open,1.19,5.7,1.18367267,1.18546997,1.18680405,80.86,1.142,0.0,BTC-28JUN19-11000-P,5071.06,0.0,0.0005,0.4,0.0,0.0,0.0,1.36109,-0.73491,-22.33314,3e-05,-0.97438
5037.44,BTC-28JUN19,1555239542994,open,0.23,35.5,0.22216067,0.26220626,0.232535,56.89,0.204,0.0,BTC-28JUN19-6000-P,5071.06,48.15,0.2195,2.5,0.242,1.0,62.85,7.82512,-2.97252,-9.72743,0.00026,-0.70879
5071.06,index_price,1555239543004,open,0.44,0.0,0.43151972,0.45108565,0.4366909,64.04,None,0,BTC-31MAY19-7250-P,5071.06,0.0,0.0005,0.3,0.0,0.0,0.0,2.56024,-1.7488,-8.87118,0.00012,-0.92547
5071.06,index_price,1555239543014,open,0.0,945.4,0.00010622,0.00357085,0.00159894,72.52,0.0025,0,BTC-26APR19-4000-P,5071.06,66.96,0.001,22.7,0.0025,29.9,78.91,0.62421,-1.90581,-0.05231,0.0001,-0.03011
5021.02,BTC-27SEP19,1555239543014,open,0.03,2.8,0.00163409,0.12470621,0.0276243,78.79,0.037,0.0,BTC-27DEC19-14000-C,5071.06,74.33,0.021,0.1,0.032,6.9,81.45,7.97604,-1.22327,2.949,6e-05,0.11108
5021.02,BTC-27SEP19,1555239543015,open,0.26,17.2,0.22576748,0.45286908,0.26260987,61.02,0.2505,0.0,BTC-27DEC19-5500-P,5071.06,56.94,0.249,1.0,0.2725,2.5,63.99,16.75319,-1.9898,-25.85009,0.00015,-0.46893
5021.02,BTC-27SEP19,1555239543014,open,0.85,0.0,0.81313045,1.01217414,0.84945284,67.08,None,0.0,BTC-27DEC19-9000-P,5071.06,0.0,0.001,0.5,0.0,0.0,0.0,12.62945,-1.6489,-57.40607,0.00011,-0.77511
5071.06,index_price,1555239543014,open,0.01,124.7,0.00833894,0.03489645,0.00944299,53.04,0.0085,0,BTC-19APR19-4875-P,5071.06,50.45,0.0085,99.0,0.011,16.0,57.22,1.86332,-10.1355,-0.17589,0.00102,-0.25021
5037.44,BTC-28JUN19,1555239543036,open,0.51,24.4,0.50375955,0.50541257,0.50663282,81.81,0.5115,0.0,BTC-28JUN19-2500-C,5071.06,0.0,0.491,3.0,0.519,3.0,115.94,1.05503,-0.57638,4.90255,2e-05,0.98105
5037.44,BTC-28JUN19,1555239543036,open,1.59,0.8,1.58067701,1.58109884,1.5822531,86.44,2.171,0.0,BTC-28JUN19-13000-P,5071.06,0.0,0.07,1.0,0.0,0.0,0.0,0.76422,-0.4411,-26.54992,2e-05,-0.98699
5071.06,index_price,1555239543036,open,0.0,135.0,3.279e-05,0.00706851,0.00073872,72.21,0.0015,0,BTC-19APR19-6000-C,5071.06,68.12,0.0005,29.0,0.001,10.0,75.81,0.33333,-2.46827,0.01589,0.00013,0.0242
5037.44,BTC-28JUN19,1555239543043,open,0.04,2348.8,0.03107948,0.07112508,0.04145145,56.88,0.0425,0.0,BTC-28JUN19-6000-C,5071.06,55.62,0.0395,0.1,0.0465,9.6,60.1,7.82503,-2.9724,2.58085,0.00026,0.2912
5021.02,BTC-27SEP19,1555239543043,open,0.67,0.0,0.62837455,0.84341418,0.66401958,64.03,None,0.0,BTC-27DEC19-8000-P,5071.06,0.0,0.001,0.5,0.0,0.0,0.0,14.04715,-1.75061,-49.09374,0.00012,-0.72531
5071.06,index_price,1555239543051,open,0.31,0.0,0.306433,0.30768289,0.30657237,87.0,None,0,BTC-19APR19-6625-P,5071.06,0.0,0.001,0.3,0.389,0.1,380.36,0.07797,-0.69562,-0.88198,3e-05,-0.99545
5071.06,index_price,1555239543061,open,0.0,295.4,0.0,0.0,0.0,87.05,0.0005,0,BTC-26APR19-2000-P,5071.06,0.0,0.0,0.0,0.0005,15.0,208.23,0.0,0.0,0.0,0.0,0.0
5021.02,BTC-27SEP19,1555239543061,open,1.04,0.3,1.00386333,1.18583956,1.03733578,69.11,1.4475,0.0,BTC-27DEC19-10000-P,5071.06,0.0,0.1,0.3,0.0,0.0,0.0,11.2239,-1.50985,-65.47322,9e-05,-0.81552
5071.06,index_price,1555239543065,open,0.0,20.8,9.13e-06,0.00510883,0.00073569,79.46,0.001,0,BTC-19APR19-6125-C,5071.06,75.11,0.0005,1.0,0.001,11.0,83.37,0.31002,-2.52615,0.01454,0.00011,0.0222
5071.06,index_price,1555239543065,open,0.11,5.1,0.10532513,0.15154812,0.11174683,54.95,0.13,0,BTC-31MAY19-4750-C,5071.06,47.02,0.1015,9.6,0.1145,9.6,57.06,6.60809,-3.87337,3.61363,0.00036,0.66662
5071.06,index_price,1555239543065,open,0.0,154.7,0.00118591,0.01148746,0.0042394,64.69,0.005,0,BTC-26APR19-6000-C,5071.06,61.89,0.0035,1.0,0.005,21.0,67.33,1.40199,-3.81856,0.13045,0.00026,0.0833
5037.44,BTC-28JUN19,1555239543098,open,0.01,531.1,0.00049621,0.00804751,0.00674483,72.53,0.01,0.0,BTC-28JUN19-9000-C,5071.06,67.51,0.0045,12.0,0.009,32.0,76.67,2.5211,-1.22102,0.49386,7e-05,0.05454
5071.06,index_price,1555239543098,open,0.11,8.0,0.11011739,0.1266419,0.11132509,59.53,0.0845,0,BTC-19APR19-5625-P,5071.06,0.0,0.0005,10.3,0.1965,0.1,278.88,0.79079,-4.82727,-0.70509,0.00039,-0.92955
5071.06,index_price,1555239543098,open,0.0,54.7,0.00088184,0.01740636,0.00208955,59.53,0.001,0,BTC-19APR19-5625-C,5071.06,45.39,0.0005,30.0,0.0035,6.9,67.42,0.79079,-4.82727,0.0463,0.00039,0.07045
5071.06,index_price,1555239543108,open,0.0,259.9,0.0,0.0,0.0,87.05,0.0005,0,BTC-26APR19-2250-P,5071.06,0.0,0.0,0.0,0.0005,30.0,183.43,0.0,-1e-05,0.0,0.0,0.0
5071.06,index_price,1555239543108,open,0.0,95.4,0.00218152,0.02290901,0.00347751,56.46,0.005,0,BTC-19APR19-5500-C,5071.06,48.96,0.002,3.0,0.005,20.0,62.82,1.12218,-6.49737,0.07406,0.00058,0.11281
5071.06,index_price,1555239543108,open,0.28,0.0,0.28178342,0.28358817,0.28202957,86.81,None,0,BTC-19APR19-6500-P,5071.06,0.0,0.001,0.3,0.3595,0.1,357.07,0.12386,-1.10266,-0.86324,4e-05,-0.99233
165.77,ETH-28JUN19,1555239543116,open,0.11,671.0,0.097169,0.195569,0.107713,65.84,0.121,0.0,ETH-28JUN19-170-C,163.54,33.87,0.05,100.0,1.0,3.0,500.0,0.29891,-0.13143,0.14216,0.00805,0.52576
165.77,ETH-28JUN19,1555239543116,open,0.4,0.0,0.399324,0.431654,0.407729,81.25,None,0.0,ETH-28JUN19-100-C,163.54,0.0,0.005,5.0,0.0,0.0,0.0,0.08906,-0.04832,0.18111,0.00194,0.94033
165.77,ETH-28JUN19,1555239543120,open,0.04,1411.0,0.024279,0.094458,0.049286,81.25,0.036,0.0,ETH-28JUN19-130-P,163.54,30.71,0.002,20.0,0.0,0.0,0.0,0.20968,-0.11376,-0.08449,0.00458,-0.19919
165.77,ETH-28JUN19,1555239543120,open,0.27,1710.0,0.249587,0.344113,0.261282,67.36,0.274,0.0,ETH-28JUN19-200-P,163.54,0.0,0.031,18.0,0.271,1.0,73.26,0.26912,-0.12106,-0.31948,0.00709,-0.67821
165.77,ETH-28JUN19,1555239543120,open,0.09,1961.0,0.074901,0.173978,0.085347,65.84,0.096,0.0,ETH-28JUN19-180-C,163.54,13.98,0.003,6.0,0.0,0.0,0.0,0.29712,-0.13064,0.12382,0.008,0.44945
167.88,ETH-27SEP19,1555239543120,open,0.17,632.0,0.134129,0.247237,0.152268,67.11,0.162,0.0,ETH-27SEP19-160-P,163.54,69.37,0.158,120.0,0.169,120.0,73.7,0.42722,-0.08643,-0.39828,0.00497,-0.36976
167.88,ETH-27SEP19,1555239543120,open,1.41,0.0,1.386145,1.438276,1.404225,82.77,None,0.0,ETH-27SEP19-400-P,163.54,0.0,0.001,15.0,0.0,0.0,0.0,0.19979,-0.04985,-1.75736,0.00188,-0.89919
167.88,ETH-27SEP19,1555239543122,open,0.84,0.0,0.805062,0.892749,0.833201,77.7,0.81,0.0,ETH-27SEP19-300-P,163.54,0.0,0.004,4.0,0.838,1.0,80.21,0.31556,-0.07391,-1.24706,0.00317,-0.80134
163.54,index_price,1555239543122,open,0.29,0.0,0.284093,0.285834,0.284798,100.0,None,0,ETH-19APR19-210-P,163.54,0.0,0.281,50.0,0.29,50.0,146.49,0.00822,-0.08425,-0.02768,0.0023,-0.98238
163.54,index_price,1555239543122,open,0.14,247.0,0.144219,0.151275,0.145458,78.82,0.207,0,ETH-19APR19-140-C,163.54,0.0,0.141,50.0,0.148,50.0,97.88,0.01626,-0.13146,0.0178,0.00578,0.96007
167.88,ETH-27SEP19,1555239543137,open,0.32,535.0,0.287192,0.40754,0.318749,71.92,0.294,0.0,ETH-27SEP19-200-P,163.54,68.63,0.31,90.0,0.324,90.0,73.88,0.44833,-0.09719,-0.6607,0.00487,-0.54725
165.77,ETH-28JUN19,1555239543138,open,0.01,255.0,0.000959,0.034826,0.012787,90.35,0.015,0.0,ETH-28JUN19-320-C,163.54,85.94,0.01,10.0,0.0,0.0,0.0,0.11198,-0.06756,0.02297,0.0022,0.08034
165.77,ETH-28JUN19,1555239543138,open,0.01,64.0,0.000252,0.022514,0.008216,93.76,0.011,0.0,ETH-28JUN19-360-C,163.54,93.31,0.008,4.0,0.0,0.0,0.0,0.08143,-0.05098,0.01532,0.00154,0.05327
163.54,index_price,1555239543141,open,0.04,74.0,0.032734,0.071342,0.039834,70.17,0.051,0,ETH-26APR19-160-P,163.54,10.08,0.001,101.0,0.11,11.0,169.98,0.11445,-0.33811,-0.02376,0.01874,-0.40664
167.88,ETH-27SEP19,1555239543151,open,1.3,1.0,1.268344,1.326442,1.288858,82.3,1.285,0.0,ETH-27SEP19-380-P,163.54,0.0,0.161,1.0,0.0,0.0,0.0,0.2211,-0.05485,-1.65771,0.0021,-0.88395
167.88,ETH-27SEP19,1555239543151,open,0.04,229.0,0.012942,0.092501,0.039571,79.13,0.042,0.0,ETH-27SEP19-320-C,163.54,77.61,0.037,11.0,0.042,120.0,80.52,0.28954,-0.06906,0.10175,0.00286,0.17294
163.54,index_price,1555239543162,open,0.11,677.0,0.103417,0.119831,0.107541,77.74,0.106,0,ETH-19APR19-180-P,163.54,57.67,0.103,50.0,0.188,14.0,273.07,0.04471,-0.35644,-0.02085,0.0161,-0.84671
165.77,ETH-28JUN19,1555239543170,open,0.06,1734.0,0.043096,0.137622,0.054791,67.36,0.068,0.0,ETH-28JUN19-200-C,163.54,54.66,0.035,5.0,0.085,5.0,85.3,0.26912,-0.12106,0.0908,0.00709,0.32179
165.77,ETH-28JUN19,1555239543170,open,0.02,1323.0,0.006872,0.068517,0.034692,90.35,0.024,0.0,ETH-28JUN19-260-C,163.54,0.0,0.0,0.0,0.7,2.0,500.0,0.20062,-0.12103,0.05122,0.00394,0.18531
167.88,ETH-27SEP19,1555239543195,open,1.18,0.0,1.151072,1.215744,1.174543,81.97,None,0.0,ETH-27SEP19-360-P,163.54,0.0,0.01,4.0,1.187,1.0,89.84,0.24543,-0.06065,-1.55622,0.00234,-0.86523
165.77,ETH-28JUN19,1555239543202,open,0.21,339.0,0.195908,0.276859,0.22611,81.25,0.224,0.0,ETH-28JUN19-140-C,163.54,55.58,0.19,5.0,0.7,1.0,432.76,0.24357,-0.13214,0.17473,0.00532,0.73993
165.77,ETH-28JUN19,1555239543202,open,0.46,0.0,0.457927,0.479336,0.462475,81.25,None,0.0,ETH-28JUN19-90-C,163.54,0.0,0.001,10.0,0.0,0.0,0.0,0.05473,-0.02969,0.1717,0.00119,0.9674
163.54,index_price,1555239543202,open,0.2,94.0,0.205095,0.207113,0.205555,90.64,0.2,0,ETH-19APR19-130-C,163.54,0.0,0.202,50.0,0.208,50.0,123.64,0.00609,-0.05662,0.01708,0.00188,0.98756
167.88,ETH-27SEP19,1555239543216,open,0.02,5.0,0.001848,0.043777,0.0158,83.58,0.025,0.0,ETH-27SEP19-440-C,163.54,0.0,0.0,0.0,0.0,0.0,0.0,0.1628,-0.04102,0.04639,0.00152,0.0766
167.88,ETH-27SEP19,1555239543216,open,1.65,0.0,1.622768,1.664696,1.636719,83.58,None,0.0,ETH-27SEP19-440-P,163.54,0.0,0.001,15.0,0.0,0.0,0.0,0.1628,-0.04102,-1.95321,0.00152,-0.9234
165.77,ETH-28JUN19,1555239543216,open,0.05,490.0,0.032246,0.122413,0.042826,67.36,0.049,0.0,ETH-28JUN19-210-C,163.54,0.0,0.0,0.0,0.076,5.0,88.19,0.24675,-0.111,0.07615,0.0065,0.26677
167.88,ETH-27SEP19,1555239543216,open,0.03,862.0,0.014594,0.071324,0.032381,76.66,0.028,0.0,ETH-27SEP19-100-P,163.54,46.66,0.005,4.0,0.054,2.0,93.06,0.2039,-0.04712,-0.1038,0.00208,-0.10368
163.54,index_price,1555239543247,open,0.21,0.0,0.205676,0.217572,0.212796,99.89,None,0,ETH-26APR19-130-C,163.54,0.0,0.0,0.0,0.0,0.0,0.0,0.04642,-0.19525,0.0373,0.00534,0.91371
163.54,index_price,1555239543253,open,0.02,669.0,0.017888,0.042297,0.020619,66.27,0.023,0,ETH-19APR19-160-P,163.54,57.95,0.017,200.0,0.024,200.0,73.96,0.07155,-0.48625,-0.0086,0.03022,-0.37296
165.77,ETH-28JUN19,1555239543261,open,0.03,835.0,0.012955,0.086299,0.044342,87.42,0.026,0.0,ETH-28JUN19-240-C,163.54,0.0,0.0,0.0,0.1,3.0,123.27,0.22835,-0.1333,0.06336,0.00463,0.23067
167.88,ETH-27SEP19,1555239543261,open,0.21,58.0,0.181067,0.294175,0.199207,67.11,0.21,0.0,ETH-27SEP19-160-C,163.54,15.34,0.068,5.0,0.0,0.0,0.0,0.42722,-0.08643,0.32885,0.00497,0.63024
165.77,ETH-28JUN19,1555239543279,open,0.01,776.0,0.001862,0.043515,0.017809,90.35,0.013,0.0,ETH-28JUN19-300-C,163.54,82.68,0.012,10.0,0.017,2.0,89.36,0.13799,-0.08325,0.03018,0.00271,0.10656
167.88,ETH-27SEP19,1555239543279,open,0.28,155.0,0.244321,0.344603,0.281141,76.66,0.36,0.0,ETH-27SEP19-140-C,163.54,67.15,0.26,5.0,0.739,1.0,316.29,0.37489,-0.08663,0.34169,0.00382,0.72901
167.88,ETH-27SEP19,1555239543279,open,0.24,230.0,0.204578,0.324013,0.229958,69.45,0.211,0.0,ETH-27SEP19-180-P,163.54,0.0,0.003,10.0,0.0,0.0,0.0,0.44986,-0.09418,-0.531,0.00506,-0.46604
165.77,ETH-28JUN19,1555239543279,open,0.07,544.0,0.057097,0.154738,0.067074,65.84,0.09,0.0,ETH-28JUN19-190-C,163.54,20.31,0.003,2.0,0.0,0.0,0.0,0.28562,-0.12559,0.10604,0.0077,0.37891
163.54,index_price,1555239543281,open,0.04,417.0,0.039534,0.063943,0.042265,66.27,0.041,0,ETH-19APR19-160-C,163.54,56.45,0.038,150.0,0.046,150.0,74.77,0.07155,-0.48625,0.01277,0.03022,0.62704
167.88,ETH-27SEP19,1555239543300,open,0.03,124.0,0.004822,0.06292,0.025336,82.3,0.03,0.0,ETH-27SEP19-380-C,163.54,78.86,0.021,110.0,0.0,0.0,0.0,0.2211,-0.05485,0.06921,0.0021,0.11605
165.77,ETH-28JUN19,1555239543303,open,0.01,1984.0,0.002569,0.034899,0.010975,81.25,0.007,0.0,ETH-28JUN19-100-P,163.54,0.0,0.0,0.0,0.0,0.0,0.0,0.08906,-0.04832,-0.02402,0.00194,-0.05967
165.77,ETH-28JUN19,1555239543312,open,0.48,1680.0,0.460744,0.534088,0.492131,87.42,0.479,0.0,ETH-28JUN19-240-P,163.54,0.0,0.006,12.0,0.472,1.0,71.38,0.22835,-0.1333,-0.42897,0.00463,-0.76933
167.88,ETH-27SEP19,1555239543314,open,0.73,0.0,0.693126,0.789127,0.725333,77.61,None,0.0,ETH-27SEP19-280-P,163.54,0.0,0.003,6.0,0.753,2.0,90.12,0.34938,-0.08174,-1.13553,0.00351,-0.76304
165.77,ETH-28JUN19,1555239543314,open,2.03,0.0,2.01623,2.021622,2.018098,100.0,None,0.0,ETH-28JUN19-500-P,163.54,0.0,0.002,2.0,0.0,0.0,0.0,0.026,-0.01736,-1.02173,0.00046,-0.98648
165.77,ETH-28JUN19,1555239543325,open,0.02,512.0,0.003595,0.054529,0.024845,90.35,0.02,0.0,ETH-28JUN19-280-C,163.54,0.0,0.0,0.0,0.0,0.0,0.0,0.16782,-0.10124,0.03945,0.0033,0.14087
165.77,ETH-28JUN19,1555239543327,open,0.04,603.0,0.023944,0.108909,0.035511,68.99,0.05,0.0,ETH-28JUN19-220-C,163.54,0.0,0.0,0.0,0.0,0.0,0.0,0.22619,-0.10421,0.06505,0.00582,0.22679
165.77,ETH-28JUN19,1555239543327,open,0.71,0.0,0.692682,0.743616,0.713933,90.35,None,0.0,ETH-28JUN19-280-P,163.54,0.0,0.002,15.0,0.0,0.0,0.0,0.16782,-0.10124,-0.53493,0.0033,-0.85913
165.77,ETH-28JUN19,1555239543327,open,0.01,82.0,6.6e-05,0.014739,0.004926,95.06,0.008,0.0,ETH-28JUN19-400-C,163.54,77.09,0.001,1.0,0.0,0.0,0.0,0.05607,-0.0356,0.00974,0.00105,0.03358
165.77,ETH-28JUN19,1555239543329,open,0.6,0.0,0.57531,0.636955,0.60313,90.35,None,0.0,ETH-28JUN19-260-P,163.54,0.0,0.002,15.0,0.0,0.0,0.0,0.20062,-0.12103,-0.48214,0.00394,-0.81469
163.54,index_price,1555239543329,open,0.0,70.0,0.000279,0.007334,0.001518,78.82,0.002,0,ETH-19APR19-140-P,163.54,72.99,0.001,1.0,0.002,250.0,83.3,0.01626,-0.13146,-0.00091,0.00578,-0.03993
163.54,index_price,1555239543553,open,0.08,16.0,0.066545,0.105448,0.073595,70.17,0.073,0,ETH-26APR19-170-P,163.54,0.0,0.001,50.0,0.081,1.0,80.71,0.11427,-0.33757,-0.03562,0.01871,-0.59592
5021.02,BTC-27SEP19,1555239543768,open,0.3,2.4,0.2743391,0.34305164,0.29627382,62.44,0.284,0.0,BTC-27SEP19-6000-P,5071.06,56.97,0.282,0.2,0.3075,0.2,66.69,13.20134,-2.4845,-20.09177,0.00018,-0.58424
163.54,index_price,1555239543868,open,0.12,0.0,0.112334,0.146156,0.117815,70.17,None,0,ETH-26APR19-180-P,163.54,0.0,0.001,100.0,0.122,50.0,77.38,0.09247,-0.27319,-0.04651,0.01514,-0.75629
163.54,index_price,1555239544117,open,0.18,94.0,0.166205,0.192423,0.17091,73.28,0.157,0,ETH-26APR19-190-P,163.54,0.0,0.001,100.0,0.174,1.0,80.46,0.0665,-0.20519,-0.05471,0.01043,-0.85733
5037.44,BTC-28JUN19,1555239544351,open,0.51,24.4,0.50375955,0.50541257,0.50663285,81.81,0.5115,0.0,BTC-28JUN19-2500-C,5071.06,0.0,0.491,3.0,0.5185,3.0,114.94,1.05503,-0.57638,4.90255,2e-05,0.98105
5037.44,BTC-28JUN19,1555239544530,open,0.7,33.3,0.7022297,0.70223791,0.70229215,86.99,0.7165,0.0,BTC-28JUN19-1500-C,5071.06,0.0,0.6885,3.0,0.7145,3.0,178.63,0.04311,-0.02504,3.07092,0.0,0.99947
5037.44,BTC-28JUN19,1555239544549,open,0.41,43.8,0.40511751,0.41162662,0.41010564,71.23,0.433,0.0,BTC-28JUN19-3000-C,5071.06,0.0,0.395,3.0,0.423,3.0,95.56,1.90783,-0.90748,5.6975,5e-05,0.96145
5037.44,BTC-28JUN19,1555239544551,open,0.32,147.1,0.30948817,0.32554259,0.31675975,63.37,0.3395,0.0,BTC-28JUN19-3500-C,5071.06,0.0,0.3025,3.0,0.331,3.0,81.25,3.35792,-1.42093,6.24469,0.0001,0.92106
163.54,index_price,1555239545006,open,0.15,1.0,0.147327,0.16907,0.151713,74.98,0.164,0,ETH-26APR19-140-C,163.54,0.0,0.001,100.0,0.212,1.0,191.95,0.05613,-0.1772,0.03919,0.0086,0.88816
5037.45,BTC-28JUN19,1555239545225,open,1.98,2.0,1.9776971,1.97779953,1.97826751,87.09,2.658,0.0,BTC-28JUN19-15000-P,5071.06,0.0,0.0,0.0,0.0,0.0,0.0,0.33577,-0.19527,-30.72403,1e-05,-0.9949
5020.99,BTC-27SEP19,1555239545225,open,0.29,0.0,0.29046784,0.33791692,0.29766502,58.25,None,0.0,BTC-27SEP19-3750-C,5071.06,48.72,0.282,3.0,0.3205,3.0,70.87,8.68393,-1.52466,12.06247,0.00013,0.8263
5020.99,BTC-27SEP19,1555239545228,open,0.0,1665.5,2.323e-05,0.00124669,0.00137624,81.09,0.0025,0.0,BTC-27SEP19-1500-P,5071.06,71.42,0.0005,20.0,0.0025,1.0,88.51,0.61819,-0.1511,-0.17983,1e-05,-0.0065
5071.06,index_price,1555239545227,open,0.29,0.0,0.28187425,0.28563054,0.28311711,70.06,None,0,BTC-26APR19-6500-P,5071.06,0.0,0.0005,10.3,0.0,0.0,0.0,0.59886,-1.76655,-2.0698,0.0001,-0.97136
5020.99,BTC-27SEP19,1555239545227,open,0.41,0.0,0.37212464,0.6024917,0.40734307,61.1,None,0.0,BTC-27DEC19-6500-P,5071.06,51.41,0.3765,2.0,0.434,2.0,69.22,16.29743,-1.93813,-35.51495,0.00015,-0.59772
5071.06,index_price,1555239545227,open,0.05,16.0,0.04201292,0.08823591,0.04843457,54.95,0.0525,0,BTC-31MAY19-4750-P,5071.06,53.85,0.047,12.8,0.057,2.0,61.49,6.60809,-3.87337,-2.48663,0.00036,-0.33338
5037.45,BTC-28JUN19,1555239545230,open,0.0,1412.3,0.0,8.21e-06,6.244e-05,87.05,0.001,0.0,BTC-28JUN19-1500-P,5071.06,106.58,0.0005,61.0,0.001,7.0,115.95,0.04343,-0.02525,-0.00621,0.0,-0.00054
163.54,index_price,1555239545231,open,0.01,1.0,0.003387,0.02513,0.007773,74.98,0.008,0,ETH-26APR19-140-P,163.54,0.0,0.0,0.0,0.011,1.0,83.75,0.05613,-0.1772,-0.00636,0.0086,-0.11184
5037.45,BTC-28JUN19,1555239545242,open,0.0,363.3,5.14e-06,0.0008736,0.0021809,83.72,0.003,0.0,BTC-28JUN19-12000-C,5071.06,79.86,0.0015,10.0,0.0035,7.0,89.32,1.00478,-0.56176,0.16234,2e-05,0.01789
5020.99,BTC-27SEP19,1555239545246,open,0.1,32.7,0.05958493,0.28673939,0.09699375,62.51,0.1065,0.0,BTC-27DEC19-7000-C,5071.06,61.87,0.095,1.0,0.1065,5.0,65.53,15.6837,-1.90821,9.12188,0.00014,0.35514
5037.45,BTC-28JUN19,1555239545252,open,0.0,302.4,2.4e-07,0.00020698,0.00096431,87.0,0.002,0.0,BTC-28JUN19-14000-C,5071.06,81.31,0.0005,12.0,0.002,6.9,94.65,0.51465,-0.299,0.07545,1e-05,0.00827
5020.99,BTC-27SEP19,1555239545253,open,1.43,0.0,1.39435602,1.5441863,1.42514847,74.77,None,0.0,BTC-27DEC19-12000-P,5071.06,0.0,0.0,0.0,0.0,0.0,0.0,9.42483,-1.37165,-80.70984,7e-05,-0.85891
5020.99,BTC-27SEP19,1555239545253,open,0.04,44.4,0.0043891,0.15421938,0.03520535,74.78,0.04,0.0,BTC-27DEC19-12000-C,5071.06,69.53,0.026,0.1,0.041,6.9,77.76,9.42774,-1.37231,3.74388,7e-05,0.14116
5071.06,index_price,1555239545264,open,0.21,0.0,0.20784339,0.21294309,0.20856996,79.46,None,0,BTC-19APR19-6125-P,5071.06,0.0,0.001,0.3,0.271,0.1,284.68,0.31002,-2.52617,-0.80364,0.00011,-0.9778
5037.45,BTC-28JUN19,1555239545271,open,0.27,30.0,0.26134916,0.28132483,0.27323538,61.41,0.298,0.0,BTC-28JUN19-3750-C,5071.06,38.85,0.2585,3.0,0.2875,3.0,75.98,4.42922,-1.81626,6.3216,0.00014,0.88498
5020.99,BTC-27SEP19,1555239545273,open,0.02,685.9,0.00154048,0.01818288,0.01704616,78.94,0.0125,0.0,BTC-27SEP19-12000-C,5071.06,75.88,0.014,1.0,0.0195,6.9,81.19,5.2739,-1.25487,1.55394,6e-05,0.08515
5071.06,index_price,1555239545308,open,0.0,53.6,2.34e-06,0.00365065,0.00048979,81.64,0.001,0,BTC-19APR19-6250-C,5071.06,0.0,0.0,0.0,0.001,16.9,90.66,0.22295,-1.8667,0.00988,8e-05,0.01508
5037.45,BTC-28JUN19,1555239545333,open,0.0,128.7,1.11e-06,0.00042294,0.00157215,86.4,0.0025,0.0,BTC-28JUN19-13000-C,5071.06,82.0,0.001,12.0,0.0025,6.9,91.58,0.76251,-0.43994,0.11784,2e-05,0.01298
5037.45,BTC-28JUN19,1555239545342,open,0.19,2.5,0.17744005,0.21038502,0.19443475,58.46,0.166,0.0,BTC-28JUN19-4250-C,5071.06,46.74,0.1795,3.0,0.2085,3.0,68.67,6.74449,-2.63313,6.0576,0.00022,0.78063
5037.45,BTC-28JUN19,1555239545342,open,0.8,6.6,0.78711445,0.79466584,0.7933667,72.53,0.704,0.0,BTC-28JUN19-9000-P,5071.06,0.0,0.0005,0.4,0.0,0.0,0.0,2.52189,-1.22152,-17.96846,7e-05,-0.94544
5020.99,BTC-27SEP19,1555239545342,open,0.17,11.5,0.16912837,0.23488892,0.17563103,56.56,0.175,0.0,BTC-27SEP19-4750-C,5071.06,51.2,0.162,3.0,0.19,0.2,62.22,12.76164,-2.17563,10.40487,0.0002,0.63162
5020.99,BTC-27SEP19,1555239545344,open,0.2,68.5,0.16369022,0.38238624,0.19899672,60.86,0.1965,0.0,BTC-27DEC19-5000-P,5071.06,57.93,0.1895,5.0,0.2095,3.5,64.12,16.23073,-1.9228,-21.02789,0.00015,-0.39608
5020.99,BTC-27SEP19,1555239545371,open,1.03,2.0,0.99735481,1.0270859,1.01939628,75.0,1.8325,0.0,BTC-27SEP19-10000-P,5071.06,0.0,0.002,0.3,0.0,0.0,0.0,7.29339,-1.64876,-43.03223,8e-05,-0.86649
5037.45,BTC-28JUN19,1555239545398,open,0.04,70.0,0.02112088,0.05406585,0.03811725,58.47,0.036,0.0,BTC-28JUN19-4250-P,5071.06,56.12,0.035,9.6,0.0415,9.6,60.97,6.74455,-2.63321,-2.66085,0.00022,-0.21937
5071.06,index_price,1555239545400,open,0.0,143.1,0.00010781,0.00966473,0.00119063,70.06,0.0015,0,BTC-19APR19-5875-C,5071.06,60.85,0.0005,40.1,0.002,14.6,77.33,0.48239,-3.46604,0.0248,0.0002,0.03781
5071.06,index_price,1555239545404,open,0.05,68.2,0.0452007,0.07338599,0.0448087,49.0,0.0485,0,BTC-19APR19-5250-P,5071.06,41.53,0.042,4.0,0.0505,4.0,63.03,1.97152,-9.90584,-0.51836,0.00117,-0.72042
5071.06,index_price,1555239545415,open,0.0,36.0,9.06e-05,0.00827974,0.00096547,69.48,0.0015,0,BTC-19APR19-4375-P,5071.06,62.39,0.0005,40.8,0.0015,16.2,75.4,0.40044,-2.85336,-0.02108,0.00017,-0.03015
5071.06,index_price,1555239545426,open,0.0,77.0,4.6e-06,0.0011544,0.00090211,82.05,0.001,0,BTC-26APR19-7000-C,5071.06,75.89,0.0005,1.0,0.0015,6.9,88.43,0.39883,-1.37776,0.02769,6e-05,0.01768
5020.99,BTC-27SEP19,1555239545446,open,0.03,303.4,0.02547632,0.06640952,0.03222123,58.8,0.039,0.0,BTC-27SEP19-3500-P,5071.06,52.9,0.024,6.9,0.0395,0.1,63.66,7.30458,-1.29471,-3.78856,0.00011,-0.13381
5071.06,index_price,1555239545472,open,0.07,25.7,0.06691383,0.08904281,0.06803124,54.51,0.0705,0,BTC-19APR19-4750-C,5071.06,0.0,0.061,4.0,0.0685,4.0,56.28,1.31945,-7.37518,0.53487,0.0007,0.85763
5037.45,BTC-28JUN19,1555239545493,open,0.05,90.1,0.04231712,0.08123062,0.05252039,56.71,0.055,0.0,BTC-28JUN19-4500-P,5071.06,56.38,0.052,5.4,0.058,9.7,60.26,7.7477,-2.93422,-3.48925,0.00026,-0.28513
5071.06,index_price,1555239545498,open,0.06,105.5,0.05691658,0.08140835,0.05880226,52.77,0.063,0,BTC-26APR19-5250-P,5071.06,50.86,0.0575,16.0,0.064,0.2,60.3,3.47059,-7.71014,-1.12705,0.00079,-0.62429
5071.06,index_price,1555239545516,open,0.1,38.1,0.09164355,0.14162446,0.09966888,55.64,0.1,0,BTC-31MAY19-5250-P,5071.06,54.11,0.0975,9.6,0.1095,2.0,62.52,7.23002,-4.29058,-4.09811,0.00039,-0.52959
5037.45,BTC-28JUN19,1555239545518,open,0.01,1062.1,0.00214995,0.01689884,0.01032525,66.73,0.011,0.0,BTC-28JUN19-8000-C,5071.06,64.76,0.009,300.0,0.0115,0.1,68.37,3.51595,-1.56673,0.76035,0.0001,0.0839
5071.06,index_price,1555239545536,open,0.0,82.6,2.143e-05,0.00213388,0.00135738,78.91,0.0015,0,BTC-26APR19-6750-C,5071.06,75.34,0.001,1.0,0.002,11.3,84.06,0.55788,-1.85347,0.04116,8e-05,0.02631
5020.99,BTC-27SEP19,1555239545552,open,0.03,324.4,0.01110714,0.05012246,0.03422518,71.2,0.0305,0.0,BTC-27SEP19-9000-C,5071.06,66.33,0.0265,7.0,0.0395,6.9,74.27,8.38811,-1.8003,2.97428,0.0001,0.16457
5071.06,index_price,1555239545563,open,0.13,21.7,0.12418696,0.17288586,0.1322337,55.95,0.127,0,BTC-31MAY19-5500-P,5071.06,54.68,0.1305,9.6,0.143,2.0,63.77,6.92109,-4.13048,-4.89707,0.00037,-0.61971
5071.06,index_price,1555239545600,open,0.02,956.6,0.02163007,0.04612184,0.02351576,52.77,0.0185,0,BTC-26APR19-5250-C,5071.06,46.1,0.019,12.0,0.024,18.0,53.47,3.47059,-7.71014,0.5811,0.00079,0.37571
5037.45,BTC-28JUN19,1555239545617,open,0.01,78.2,0.00091702,0.0096228,0.00771666,66.36,0.0085,0.0,BTC-28JUN19-3250-P,5071.06,61.51,0.0055,12.0,0.01,12.0,70.68,2.49702,-1.10653,-0.6365,7e-05,-0.05388
5020.99,BTC-27SEP19,1555239545649,open,0.52,0.0,0.50792148,0.59781648,0.52151022,66.53,None,0.0,BTC-27DEC19-2500-C,5071.06,0.0,0.498,3.0,0.5385,3.0,80.84,5.22471,-0.67655,14.67515,4e-05,0.93681
5071.06,index_price,1555239545649,open,0.26,0.0,0.25713417,0.25971396,0.25740349,81.76,None,0,BTC-19APR19-6375-P,5071.06,0.0,0.001,0.3,0.3295,0.1,332.2,0.13958,-1.17034,-0.8458,5e-05,-0.99121
5020.99,BTC-27SEP19,1555239545659,open,0.14,41.9,0.100732,0.33139202,0.13744163,61.1,0.1405,0.0,BTC-27DEC19-6000-C,5071.06,61.12,0.1375,2.0,0.142,2.3,62.47,16.73428,-1.99021,11.52708,0.00015,0.46365
5071.06,index_price,1555239545663,open,0.03,163.6,0.02914557,0.05392819,0.0302384,51.55,0.029,0,BTC-26APR19-5000-P,5071.06,49.79,0.029,18.0,0.035,0.2,58.29,3.57813,-7.76587,-0.7452,0.00083,-0.42142
5037.45,BTC-28JUN19,1555239545671,open,0.16,45.2,0.13854071,0.18262815,0.15925316,56.89,0.1645,0.0,BTC-28JUN19-5500-P,5071.06,54.47,0.155,7.2,0.166,8.2,60.69,8.89964,-3.38068,-7.68061,0.0003,-0.584
5037.45,BTC-28JUN19,1555239545671,open,0.0,590.5,7.1e-07,0.00021034,0.00075472,86.57,0.003,0.0,BTC-28JUN19-2000-P,5071.06,0.0,0.0,0.0,0.0015,6.9,94.9,0.35064,-0.2027,-0.06313,1e-05,-0.00535
5071.06,index_price,1555239545674,open,0.02,119.4,0.01400605,0.04829691,0.02164521,58.85,0.025,0,BTC-31MAY19-4250-P,5071.06,55.35,0.0185,12.8,0.025,2.0,62.44,4.64811,-2.91796,-1.26676,0.00024,-0.17286
5037.45,BTC-28JUN19,1555239545679,open,0.0,333.9,2.384e-05,0.00182116,0.00315079,80.84,0.003,0.0,BTC-28JUN19-11000-C,5071.06,73.17,0.0015,12.0,0.0045,6.9,85.28,1.35985,-0.73409,0.2319,3e-05,0.02559
163.54,index_price,1555239545680,open,0.02,55.0,0.012481,0.044535,0.020124,74.36,0.014,0,ETH-26APR19-150-P,163.54,66.81,0.016,20.0,0.024,1.0,81.18,0.09138,-0.28609,-0.01376,0.01412,-0.23843
5071.06,index_price,1555239545693,open,0.01,0.1,0.0029189,0.02204897,0.00869984,64.11,0.006,0,BTC-31MAY19-3750-P,5071.06,58.43,0.006,0.9,0.0105,18.0,67.46,2.61386,-1.78752,-0.55544,0.00012,-0.07659
5020.99,BTC-27SEP19,1555239545693,open,0.03,89.9,0.01692185,0.14171248,0.03460374,62.78,0.039,0.0,BTC-27DEC19-3000-P,5071.06,59.74,0.03,5.0,0.039,1.0,65.56,7.77788,-0.95041,-5.01288,7e-05,-0.10726
5071.06,index_price,1555239545693,open,0.16,4.0,0.15864271,0.16819963,0.15972555,70.07,0.103,0,BTC-19APR19-5875-P,5071.06,0.0,0.001,0.3,0.2495,0.1,319.31,0.4824,-3.46607,-0.75998,0.0002,-0.96219
5020.99,BTC-27SEP19,1555239545696,open,0.2,33.8,0.16787067,0.38656669,0.20318711,60.87,0.1965,0.0,BTC-27DEC19-5000-C,5071.06,57.41,0.192,3.5,0.2135,1.0,64.06,16.23067,-1.9229,14.16038,0.00015,0.60392
5037.45,BTC-28JUN19,1555239545713,open,0.1,193.8,0.08614858,0.13068235,0.09813989,56.71,0.0995,0.0,BTC-28JUN19-5000-P,5071.06,54.95,0.095,1.7,0.104,7.2,60.0,8.98999,-3.40466,-5.53447,0.0003,-0.43743
5020.99,BTC-27SEP19,1555239545713,open,0.49,0.0,0.4537323,0.68088676,0.49112714,62.5,None,0.0,BTC-27DEC19-7000-P,5071.06,0.0,0.001,0.5,0.0,0.0,0.0,15.68332,-1.90802,-40.1423,0.00014,-0.64488
5037.45,BTC-28JUN19,1555239545716,open,0.01,919.7,0.00065808,0.00716711,0.00564611,71.24,0.005,0.0,BTC-28JUN19-3000-P,5071.06,66.48,0.004,19.9,0.0065,1.5,73.41,1.90816,-0.90771,-0.45677,5e-05,-0.03856
5020.99,BTC-27SEP19,1555239545726,open,1.82,0.0,1.78992877,1.91299988,1.81588966,78.78,None,0.0,BTC-27DEC19-14000-P,5071.06,0.0,0.0,0.0,0.0,0.0,0.0,7.97167,-1.22232,-95.58061,6e-05,-0.889
5071.06,index_price,1555239545738,open,0.01,12.2,0.00483492,0.03261449,0.0104396,59.84,0.009,0,BTC-31MAY19-6750-C,5071.06,54.26,0.007,16.0,0.0135,18.0,64.12,3.41755,-2.18132,0.64851,0.00017,0.11002
5071.06,index_price,1555239545738,open,0.02,37.4,0.01817726,0.0599916,0.02471499,56.25,0.0305,0,BTC-31MAY19-6000-C,5071.06,52.29,0.0205,12.0,0.0275,16.8,58.76,5.53903,-3.32313,1.34708,0.0003,0.23156
5037.45,BTC-28JUN19,1555239545773,open,0.07,48.5,0.05356442,0.09590723,0.07331935,56.71,0.0805,0.0,BTC-28JUN19-4750-P,5071.06,54.75,0.07,9.6,0.079,9.6,60.06,8.53971,-3.23417,-4.4828,0.00029,-0.36048
5071.06,index_price,1555239545773,open,0.21,0.0,0.20136185,0.24317618,0.20789957,56.25,None,0,BTC-31MAY19-6000-P,5071.06,47.58,0.199,2.0,0.225,2.0,70.83,5.53903,-3.32313,-6.35852,0.0003,-0.76844
5071.06,index_price,1555239545787,open,0.01,100.4,0.00488732,0.02974769,0.00476582,49.57,0.006,0,BTC-19APR19-5375-C,5071.06,40.63,0.0025,2.0,0.007,16.0,56.95,1.43619,-7.30114,0.10634,0.00084,0.16175
5020.97,BTC-27SEP19,1555239545787,open,0.61,0.0,0.6029618,0.65917575,0.61192748,72.04,None,0.0,BTC-27DEC19-2000-C,5071.06,0.0,0.5875,3.0,0.6255,3.0,89.29,3.17656,-0.44542,12.51224,2e-05,0.96602
5037.45,BTC-28JUN19,1555239545792,open,0.36,0.1,0.35574933,0.36445511,0.36254769,66.36,0.395,0.0,BTC-28JUN19-3250-C,5071.06,0.0,0.3475,3.0,0.376,3.0,87.31,2.49681,-1.10639,6.03058,7e-05,0.94613
5020.97,BTC-27SEP19,1555239545792,open,0.0,42.0,0.0001304,0.02834669,0.00375548,76.01,0.002,0.0,BTC-27DEC19-1500-P,5071.06,65.94,0.0015,5.0,0.006,2.5,82.74,1.45031,-0.21457,-0.6073,1e-05,-0.01343
5020.97,BTC-27SEP19,1555239545820,open,1.22,3.1,1.19376751,1.21609142,1.21186355,76.69,1.9215,0.0,BTC-27SEP19-11000-P,5071.06,0.0,0.002,0.3,0.0,0.0,0.0,6.11625,-1.41382,-48.09508,7e-05,-0.89591
5071.06,index_price,1555239545820,open,0.07,74.1,0.06482351,0.08968388,0.06470201,49.57,0.06,0,BTC-19APR19-5375-P,5071.06,45.11,0.0635,4.0,0.071,4.0,68.78,1.43619,-7.30114,-0.61166,0.00084,-0.83825
5020.97,BTC-27SEP19,1555239545838,open,0.64,2.5,0.614914,0.6647639,0.63920175,67.96,1.278,0.0,BTC-27SEP19-8000-P,5071.06,0.0,0.004,0.3,0.0,0.0,0.0,9.90143,-2.02826,-32.48769,0.00013,-0.78457
5020.97,BTC-27SEP19,1555239545838,open,0.61,28.2,0.60208612,0.60762821,0.60594099,75.16,0.608,0.0,BTC-27SEP19-2000-C,5071.06,0.0,0.586,3.0,0.619,3.0,101.81,1.58471,-0.35902,8.55298,2e-05,0.98078
5071.06,index_price,1555239545857,open,0.0,5.2,2.27e-06,0.00310121,0.00048039,82.93,0.0005,0,BTC-19APR19-4125-P,5071.06,0.0,0.0,0.0,0.001,16.9,92.8,0.20694,-1.75995,-0.00969,7e-05,-0.01383
5020.97,BTC-27SEP19,1555239545859,open,0.04,10.3,0.0373333,0.08478275,0.04452318,58.24,0.061,0.0,BTC-27SEP19-3750-P,5071.06,52.89,0.0355,6.9,0.054,0.2,63.61,8.68365,-1.5245,-4.97921,0.00013,-0.17369
5020.97,BTC-27SEP19,1555239545859,open,0.01,34.4,0.00129121,0.05750516,0.01025292,72.03,0.013,0.0,BTC-27DEC19-2000-P,5071.06,68.25,0.008,13.0,0.0125,2.5,75.41,3.17594,-0.4453,-1.56272,2e-05,-0.03397
5071.06,index_price,1555239545879,open,0.0,143.4,0.00078241,0.00866437,0.00322445,65.6,0.0035,0,BTC-26APR19-4250-P,5071.06,59.23,0.002,16.7,0.0045,21.0,71.03,1.09466,-3.02356,-0.1049,0.0002,-0.06035
5020.97,BTC-27SEP19,1555239545884,open,0.51,57.5,0.50478,0.51923738,0.50937124,65.15,0.389,0.0,BTC-27SEP19-2500-C,5071.06,0.0,0.4915,3.0,0.526,3.0,87.93,2.63708,-0.51787,10.38847,4e-05,0.96465
5037.45,BTC-28JUN19,1555239545884,open,0.07,201.4,0.04671846,0.0908059,0.06742874,56.88,0.075,0.0,BTC-28JUN19-5500-C,5071.06,53.8,0.062,7.2,0.071,7.2,58.9,8.89962,-3.38059,3.60201,0.0003,0.416
5020.97,BTC-27SEP19,1555239545886,open,1.63,0.0,1.59180604,1.72753524,1.62058199,77.13,None,0.0,BTC-27DEC19-13000-P,5071.06,0.0,0.0,0.0,0.0,0.0,0.0,8.70718,-1.30723,-88.15741,6e-05,-0.87425
5020.97,BTC-27SEP19,1555239545886,open,0.25,9.9,0.21463727,0.41915187,0.24916987,61.52,0.234,0.0,BTC-27DEC19-4500-C,5071.06,55.96,0.2325,2.5,0.2675,3.0,67.64,15.04467,-1.80147,15.25673,0.00014,0.68093
163.54,index_price,1555239545906,open,0.06,12.0,0.05438,0.092988,0.06148,70.17,0.072,0,ETH-26APR19-160-C,163.54,0.0,0.001,100.0,0.104,1.0,130.64,0.11445,-0.33811,0.0283,0.01874,0.59336
5071.06,index_price,1555239545908,open,0.0,42.5,5.5e-07,0.00258034,0.00026987,81.76,0.0005,0,BTC-19APR19-6375-C,5071.06,0.0,0.0,0.0,0.0005,9.0,88.42,0.13958,-1.17034,0.00577,5e-05,0.00879
5020.97,BTC-27SEP19,1555239545937,open,0.36,5.8,0.3402296,0.49721574,0.36563933,62.56,0.385,0.0,BTC-27DEC19-3500-C,5071.06,50.41,0.341,3.0,0.3855,3.0,71.65,10.70151,-1.30318,16.37117,0.0001,0.82894
5037.45,BTC-28JUN19,1555239545947,open,0.41,19.5,0.39825629,0.42468115,0.40860471,61.49,0.7515,0.0,BTC-28JUN19-7000-P,5071.06,0.0,0.0005,0.4,0.0,0.0,0.0,5.28873,-2.17172,-13.01962,0.00017,-0.85131
5020.97,BTC-27SEP19,1555239545947,open,0.7,42.8,0.70127617,0.70249967,0.70263222,81.11,0.6235,0.0,BTC-27SEP19-1500-C,5071.06,0.0,0.683,3.0,0.714,3.0,120.78,0.6191,-0.15137,6.63666,1e-05,0.99348
5071.06,index_price,1555239545953,open,0.39,0.0,0.38338528,0.40683618,0.38794577,60.33,None,0,BTC-31MAY19-7000-P,5071.06,0.0,0.0005,0.3,0.0,0.0,0.0,2.78601,-1.79269,-8.49644,0.00014,-0.91667
5071.06,index_price,1555239545964,open,0.11,6.8,0.11299655,0.12519514,0.11422794,64.46,0.11,0,BTC-19APR19-4500-C,5071.06,0.0,0.1015,3.0,0.1245,3.0,112.58,0.60843,-4.02192,0.56587,0.00027,0.94959
5037.45,BTC-28JUN19,1555239545976,open,0.02,1378.0,0.00866434,0.0350892,0.01900999,61.49,0.019,0.0,BTC-28JUN19-7000-C,5071.06,59.03,0.0165,12.5,0.022,12.1,64.25,5.28842,-2.1715,1.33999,0.00017,0.14868
5071.06,index_price,1555239545991,open,0.03,51.9,0.02714288,0.07294908,0.03475093,56.25,0.036,0,BTC-31MAY19-5750-C,5071.06,51.14,0.0285,2.0,0.036,3.0,57.24,6.32462,-3.79444,1.73157,0.00034,0.30063
5071.06,index_price,1555239545994,open,0.06,36.1,0.05635704,0.10633795,0.06438237,55.64,0.054,0,BTC-31MAY19-5250-C,5071.06,50.45,0.057,1.5,0.066,9.6,56.77,7.23002,-4.29058,2.64429,0.00039,0.47041
5020.97,BTC-27SEP19,1555239545994,open,0.17,31.3,0.13036887,0.3574711,0.16722361,61.02,0.1785,0.0,BTC-27DEC19-5500-C,5071.06,57.96,0.157,5.0,0.181,5.0,65.16,16.75302,-1.9899,12.85687,0.00015,0.53107
5020.97,BTC-27SEP19,1555239546007,open,0.01,611.4,0.00987075,0.03696657,0.01574574,60.97,0.017,0.0,BTC-27SEP19-3000-P,5071.06,52.11,0.0085,6.9,0.023,5.0,68.18,4.66174,-0.8568,-2.01033,7e-05,-0.07236
5071.06,index_price,1555239546007,open,0.1,141.2,0.09400766,0.11468936,0.09541771,52.77,0.105,0,BTC-26APR19-5500-P,5071.06,54.82,0.0965,4.0,0.1015,0.2,63.74,2.63806,-5.86063,-1.46046,0.0006,-0.78975
5071.06,index_price,1555239546014,open,0.01,7.7,0.00300327,0.02645417,0.00756376,60.33,0.01,0,BTC-31MAY19-7000-C,5071.06,55.16,0.005,16.0,0.01,1.0,64.45,2.78601,-1.79269,0.49342,0.00014,0.08333
5071.06,index_price,1555239546019,open,0.0,43.3,0.00130274,0.01833764,0.00268393,59.13,0.0035,0,BTC-19APR19-4625-P,5071.06,51.54,0.0015,1.0,0.004,26.9,65.88,0.9005,-5.46039,-0.05843,0.00044,-0.08357
5071.06,index_price,1555239546031,open,0.01,19.3,0.00686279,0.03352062,0.01287566,59.87,0.0105,0,BTC-31MAY19-4000-P,5071.06,57.05,0.011,1.0,0.015,2.0,62.88,3.47347,-2.21807,-0.81678,0.00018,-0.11254
5020.97,BTC-27SEP19,1555239546031,open,1.24,0.0,1.19810846,1.36344251,1.23175974,72.67,None,0.0,BTC-27DEC19-11000-P,5071.06,0.0,0.0,0.0,0.0,0.0,0.0,10.37915,-1.46812,-73.09695,8e-05,-0.83686
5020.97,BTC-27SEP19,1555239546045,open,0.7,0.0,0.70138334,0.72959964,0.7050114,76.02,None,0.0,BTC-27DEC19-1500-C,5071.06,0.0,0.681,3.0,0.717,3.0,102.15,1.451,-0.2147,9.94887,1e-05,0.98656
5037.45,BTC-28JUN19,1555239546063,open,0.6,20.1,0.60297444,0.60318407,0.60372765,86.56,0.578,0.0,BTC-28JUN19-2000-C,5071.06,0.0,0.5895,3.0,0.6165,3.0,142.8,0.35039,-0.20252,4.0397,1e-05,0.99465
5020.97,BTC-27SEP19,1555239546063,open,0.01,343.2,0.00269175,0.01714914,0.00727804,65.14,0.0115,0.0,BTC-27SEP19-2500-P,5071.06,55.0,0.003,3.1,0.0115,2.0,72.25,2.63613,-0.51761,-0.97241,4e-05,-0.03534
5020.97,BTC-27SEP19,1555239546065,open,0.42,227.1,0.41237664,0.43947246,0.41825758,60.98,0.456,0.0,BTC-27SEP19-3000-C,5071.06,0.0,0.402,3.0,0.428,2.5,70.44,4.66249,-0.85702,11.62281,7e-05,0.92763
5071.06,index_price,1555239546065,open,0.01,149.0,0.0035721,0.01892599,0.00599779,57.37,0.007,0,BTC-26APR19-5750-C,5071.06,54.54,0.005,1.0,0.007,39.0,60.02,1.85664,-4.48443,0.19224,0.00039,0.12251
5020.97,BTC-27SEP19,1555239546065,open,0.14,88.1,0.11087843,0.31539304,0.14540211,61.51,0.1405,0.0,BTC-27DEC19-4500-P,5071.06,57.88,0.1345,5.0,0.1545,2.5,64.55,15.04469,-1.80138,-16.41259,0.00014,-0.31907
5020.97,BTC-27SEP19,1555239546065,open,0.3,34.5,0.27187132,0.45580459,0.30219488,61.75,0.3375,0.0,BTC-27DEC19-4000-C,5071.06,51.83,0.2765,3.0,0.3215,3.0,69.07,13.1724,-1.5833,16.08383,0.00012,0.75736
5020.97,BTC-27SEP19,1555239546065,open,0.05,14.8,0.00729672,0.17263077,0.04096983,72.68,0.04,0.0,BTC-27DEC19-11000-C,5071.06,67.01,0.03,5.0,0.048,6.9,75.97,10.3815,-1.46867,4.31888,8e-05,0.16319
5071.06,index_price,1555239546065,open,0.56,0.0,0.55630578,0.55630578,0.55630578,87.05,0.429,0,BTC-26APR19-2250-C,5071.06,0.0,0.544,3.0,0.5675,3.0,306.18,0.0,-1e-05,0.73206,0.0,1.0
5037.45,BTC-28JUN19,1555239546098,open,0.13,112.0,0.11062702,0.15296983,0.13038008,56.71,0.142,0.0,BTC-28JUN19-4750-C,5071.06,52.94,0.124,7.2,0.1345,7.2,59.14,8.53971,-3.23411,5.26132,0.00029,0.63952
5071.06,index_price,1555239546098,open,0.03,32.2,0.02544701,0.06652849,0.03410313,57.82,0.0345,0,BTC-31MAY19-4500-P,5071.06,54.17,0.03,12.8,0.039,2.0,62.09,5.75286,-3.54831,-1.83856,0.0003,-0.24821
5071.06,index_price,1555239546098,open,0.09,34.9,0.08676739,0.10749488,0.08806339,56.46,0.092,0,BTC-19APR19-5500-P,5071.06,45.25,0.086,4.0,0.0935,4.0,76.43,1.12218,-6.4974,-0.66063,0.00058,-0.88719
5071.06,index_price,1555239546108,open,0.31,33.6,0.30980932,0.31013601,0.31020461,87.0,0.3345,0,BTC-26APR19-3500-C,5071.06,0.0,0.297,3.0,0.321,3.0,159.99,0.18541,-0.67915,1.12604,3e-05,0.99268
167.88,ETH-27SEP19,1555239546116,open,0.07,530.0,0.035351,0.139475,0.071783,77.55,0.076,0.0,ETH-27SEP19-260-C,163.54,72.72,0.061,120.0,0.07,120.0,76.76,0.38262,-0.08944,0.16078,0.00385,0.28252
167.88,ETH-27SEP19,1555239546116,open,0.1,48.0,0.068974,0.186227,0.098679,71.92,0.101,0.0,ETH-27SEP19-220-C,163.54,70.87,0.096,120.0,0.107,120.0,75.15,0.4296,-0.09313,0.21178,0.00466,0.37627
165.77,ETH-28JUN19,1555239546116,open,0.14,1066.0,0.124499,0.219752,0.13677,67.04,0.153,0.0,ETH-28JUN19-160-C,163.54,0.0,0.003,15.0,0.0,0.0,0.0,0.28893,-0.12934,0.15951,0.00765,0.60584
165.77,ETH-28JUN19,1555239546116,open,0.0,1441.0,3e-06,0.005394,0.001871,100.0,0.005,0.0,ETH-28JUN19-500-C,163.54,93.17,0.001,10.0,0.13,10.0,234.38,0.026,-0.01736,0.00396,0.00046,0.01352
167.88,ETH-27SEP19,1555239546122,open,0.07,555.0,0.038499,0.11938,0.066683,76.66,0.058,0.0,ETH-27SEP19-120-P,163.54,27.11,0.002,30.0,0.0,0.0,0.0,0.29894,-0.06908,-0.18967,0.00304,-0.18192
167.88,ETH-27SEP19,1555239546122,open,0.13,214.0,0.095865,0.216213,0.127422,71.92,0.132,0.0,ETH-27SEP19-200-C,163.54,69.88,0.122,90.0,0.134,90.0,74.38,0.44833,-0.09719,0.24821,0.00487,0.45275
167.88,ETH-27SEP19,1555239546122,open,0.01,120.0,0.000416,0.013171,0.004995,85.65,0.01,0.0,ETH-27SEP19-60-P,163.54,73.53,0.002,150.0,0.008,150.0,93.95,0.05292,-0.01366,-0.01846,0.00048,-0.0192
165.77,ETH-28JUN19,1555239546122,open,0.83,0.0,0.811599,0.853251,0.827549,90.35,None,0.0,ETH-28JUN19-300-P,163.54,0.0,0.002,15.0,0.0,0.0,0.0,0.138,-0.08326,-0.58523,0.00271,-0.89343
163.54,index_price,1555239546122,open,0.01,899.0,0.002769,0.019183,0.006893,77.74,0.009,0,ETH-19APR19-180-C,163.54,70.4,0.005,2.0,0.009,250.0,85.08,0.04471,-0.35645,0.0032,0.0161,0.15329
5071.06,index_price,1555239546124,open,0.0,2173.6,3.2e-07,0.00032702,0.00039561,87.0,0.001,0,BTC-26APR19-3500-P,5071.06,0.0,0.0,0.0,0.001,16.9,98.7,0.18541,-0.67915,-0.01273,3e-05,-0.00732
165.77,ETH-28JUN19,1555239546137,open,0.3,25.0,0.289291,0.347094,0.308502,81.25,0.315,0.0,ETH-28JUN19-120-C,163.54,0.0,0.002,10.0,0.0,0.0,0.0,0.17042,-0.09246,0.18614,0.00372,0.85589
167.88,ETH-27SEP19,1555239546137,open,0.02,52.0,0.000993,0.034762,0.018632,91.86,0.019,0.0,ETH-27SEP19-480-C,163.54,91.24,0.018,5.0,0.02,150.0,93.16,0.17258,-0.04779,0.04891,0.00147,0.08274
165.77,ETH-28JUN19,1555239546137,open,0.25,325.0,0.24006,0.310239,0.265072,81.25,0.268,0.0,ETH-28JUN19-130-C,163.54,0.0,0.14,50.0,0.7,1.0,421.19,0.20969,-0.11377,0.18218,0.00458,0.80081
167.88,ETH-27SEP19,1555239546137,open,0.51,101.0,0.479023,0.590503,0.506024,71.92,0.353,0.0,ETH-27SEP19-240-P,163.54,0.0,0.004,10.0,0.552,1.0,90.34,0.39948,-0.0866,-0.9122,0.00434,-0.68962
165.77,ETH-28JUN19,1555239546137,open,0.06,2650.0,0.040451,0.121403,0.07066,81.25,0.058,0.0,ETH-28JUN19-140-P,163.54,24.81,0.003,22.0,0.0,0.0,0.0,0.24357,-0.13215,-0.11247,0.00532,-0.26007
163.54,index_price,1555239546137,open,0.0,285.0,3e-06,0.001745,0.000709,100.0,0.003,0,ETH-19APR19-210-C,163.54,105.16,0.001,55.0,0.002,100.0,117.76,0.00822,-0.08425,0.00037,0.0023,0.01762
163.54,index_price,1555239546147,open,0.08,638.0,0.086178,0.10254,0.087549,66.27,0.092,0,ETH-19APR19-150-C,163.54,46.77,0.084,50.0,0.091,50.0,79.54,0.03818,-0.25948,0.01728,0.01613,0.87832
163.54,index_price,1555239546147,open,0.17,831.0,0.162201,0.171075,0.165967,92.37,0.163,0,ETH-19APR19-190-P,163.54,0.0,0.161,50.0,0.168,50.0,102.34,0.03026,-0.28665,-0.02354,0.00917,-0.9117
165.77,ETH-28JUN19,1555239546151,open,0.52,0.0,0.517615,0.530392,0.519664,81.25,None,0.0,ETH-28JUN19-80-C,163.54,0.0,0.001,10.0,0.0,0.0,0.0,0.02882,-0.01564,0.15816,0.00063,0.98476
167.88,ETH-27SEP19,1555239546171,open,0.95,0.0,0.919065,0.998624,0.945694,79.13,None,0.0,ETH-27SEP19-320-P,163.54,0.0,0.003,6.0,0.948,1.0,80.45,0.28954,-0.06906,-1.3525,0.00286,-0.82706
167.88,ETH-27SEP19,1555239546202,open,0.06,313.0,0.025268,0.121269,0.057475,77.61,0.064,0.0,ETH-27SEP19-280-C,163.54,60.48,0.026,10.0,0.0,0.0,0.0,0.34938,-0.08174,0.13694,0.00351,0.23696
165.77,ETH-28JUN19,1555239546202,open,0.17,387.0,0.157344,0.24677,0.191644,81.25,0.189,0.0,ETH-28JUN19-150-C,163.54,0.0,0.003,15.0,0.483,20.0,267.81,0.27,-0.14649,0.1646,0.00589,0.67568
165.77,ETH-28JUN19,1555239546202,open,1.19,0.0,1.171936,1.194198,1.1799,93.75,None,0.0,ETH-28JUN19-360-P,163.54,0.0,0.002,2.0,0.0,0.0,0.0,0.08143,-0.05098,-0.72318,0.00154,-0.94673
167.88,ETH-27SEP19,1555239546202,open,0.35,77.0,0.323702,0.404583,0.351887,76.66,0.368,0.0,ETH-27SEP19-120-C,163.54,71.03,0.342,30.0,0.354,30.0,77.84,0.29894,-0.06908,0.35568,0.00304,0.81808
165.77,ETH-28JUN19,1555239546202,open,0.35,10.0,0.342741,0.38755,0.356197,81.25,0.265,0.0,ETH-28JUN19-110-C,163.54,0.0,0.002,12.0,0.0,0.0,0.0,0.12892,-0.06995,0.18592,0.00281,0.90294
167.88,ETH-27SEP19,1555239546202,open,0.41,356.0,0.379434,0.496687,0.409139,71.92,0.385,0.0,ETH-27SEP19-220-P,163.54,0.0,0.003,10.0,0.457,1.0,90.18,0.4296,-0.09313,-0.78802,0.00466,-0.62373
167.88,ETH-27SEP19,1555239546202,open,0.53,0.0,0.527083,0.559185,0.535309,76.66,None,0.0,ETH-27SEP19-80-C,163.54,0.0,0.001,10.0,0.0,0.0,0.0,0.10777,-0.0249,0.32,0.0011,0.95474
163.54,index_price,1555239546202,open,0.23,199.0,0.222984,0.227106,0.225052,100.0,0.222,0,ETH-19APR19-200-P,163.54,0.0,0.221,50.0,0.228,50.0,120.26,0.01828,-0.18745,-0.02575,0.00512,-0.95386
163.54,index_price,1555239546202,open,0.35,50.0,0.345237,0.345924,0.345455,100.0,0.341,0,ETH-19APR19-220-P,163.54,0.0,0.342,50.0,0.35,50.0,158.89,0.00325,-0.0333,-0.02926,0.00091,-0.99393
165.77,ETH-28JUN19,1555239546212,open,0.01,1223.0,0.006311,0.05112,0.019767,81.25,0.016,0.0,ETH-28JUN19-110-P,163.54,0.0,0.0,0.0,0.0,0.0,0.0,0.12892,-0.06995,-0.03973,0.00281,-0.09706
167.88,ETH-27SEP19,1555239546216,open,0.44,0.0,0.418931,0.475661,0.436717,76.66,None,0.0,ETH-27SEP19-100-C,163.54,0.0,0.001,10.0,0.0,0.0,0.0,0.2039,-0.04712,0.35065,0.00208,0.89632
167.88,ETH-27SEP19,1555239546216,open,0.16,273.0,0.132384,0.251819,0.157762,69.45,0.173,0.0,ETH-27SEP19-180-C,163.54,70.29,0.16,1.0,0.0,0.0,0.0,0.44986,-0.09418,0.28701,0.00506,0.53396
167.88,ETH-27SEP19,1555239546216,open,0.02,112.0,0.003491,0.055622,0.02157,82.77,0.026,0.0,ETH-27SEP19-400-C,163.54,0.0,0.0,0.0,0.0,0.0,0.0,0.19979,-0.04985,0.06045,0.00188,0.10081
165.77,ETH-28JUN19,1555239546216,open,0.14,3897.0,0.122686,0.221086,0.133231,65.84,0.134,0.0,ETH-28JUN19-170-P,163.54,0.0,0.005,17.0,0.147,1.0,73.49,0.29891,-0.13143,-0.20657,0.00805,-0.47424
165.77,ETH-28JUN19,1555239546216,open,0.32,1363.0,0.299061,0.389228,0.30964,67.36,0.324,0.0,ETH-28JUN19-210-P,163.54,0.0,0.006,16.0,0.319,1.0,73.5,0.24675,-0.111,-0.35464,0.0065,-0.73323
163.54,index_price,1555239546216,open,0.0,681.0,0.000406,0.009279,0.004172,92.37,0.006,0,ETH-19APR19-190-C,163.54,69.01,0.001,360.0,0.006,250.0,101.41,0.03026,-0.28665,0.00184,0.00917,0.0883
163.54,index_price,1555239546216,open,0.01,248.0,0.012744,0.036557,0.015393,66.49,0.017,0,ETH-19APR19-170-C,163.54,65.54,0.015,1.0,0.02,231.0,77.43,0.06766,-0.46133,0.00667,0.02848,0.32072
167.88,ETH-27SEP19,1555239546218,open,0.01,820.0,0.003614,0.035716,0.01184,76.66,0.01,0.0,ETH-27SEP19-80-P,163.54,54.38,0.002,1000.0,0.0,0.0,0.0,0.10777,-0.0249,-0.04356,0.0011,-0.04526
163.54,index_price,1555239546218,open,0.41,120.0,0.406384,0.40664,0.406446,100.0,0.386,0,ETH-19APR19-230-P,163.54,0.0,0.403,50.0,0.411,50.0,175.73,0.00115,-0.01179,-0.03068,0.00032,-0.99809
163.54,index_price,1555239546218,open,0.0,947.0,4.1e-05,0.004163,0.002109,100.0,0.005,0,ETH-19APR19-200-C,163.54,99.01,0.002,1.0,0.004,250.0,113.98,0.01828,-0.18745,0.00096,0.00512,0.04614
163.54,index_price,1555239546218,open,0.0,72.0,8e-06,0.002026,0.000468,90.64,0.001,0,ETH-19APR19-130-P,163.54,0.0,0.0,0.0,0.001,101.0,101.57,0.00609,-0.05662,-0.00028,0.00188,-0.01244
163.54,index_price,1555239546218,open,0.0,236.0,0.0,0.000257,6.2e-05,100.0,0.001,0,ETH-19APR19-230-C,163.54,0.0,0.0,0.0,0.002,100.0,151.25,0.00115,-0.01018,4e-05,0.00032,0.00191
165.77,ETH-28JUN19,1555239546245,open,1.43,0.0,1.413048,1.427721,1.417908,95.06,None,0.0,ETH-28JUN19-400-P,163.54,0.0,0.002,2.0,0.0,0.0,0.0,0.05607,-0.03559,-0.81081,0.00105,-0.96642
167.88,ETH-27SEP19,1555239546245,open,0.03,365.0,0.009288,0.081133,0.032391,79.31,0.037,0.0,ETH-27SEP19-340-C,163.54,72.77,0.023,73.0,0.0,0.0,0.0,0.25947,-0.06203,0.08689,0.00255,0.14628
163.54,index_price,1555239546253,open,0.0,10.0,5.7e-05,0.005278,0.002706,99.99,0.001,0,ETH-26APR19-120-P,163.54,0.0,0.0,0.0,0.098,1.0,334.78,0.02301,-0.09688,-0.00203,0.00265,-0.03541
165.77,ETH-28JUN19,1555239546261,open,0.11,2179.0,0.089692,0.184945,0.101962,67.04,0.109,0.0,ETH-28JUN19-160-P,163.54,8.79,0.004,30.0,0.0,0.0,0.0,0.28893,-0.12934,-0.16871,0.00765,-0.39416
165.77,ETH-28JUN19,1555239546261,open,0.18,4309.0,0.160743,0.259819,0.171189,65.84,0.183,0.0,ETH-28JUN19-180-P,163.54,0.0,0.009,20.0,0.183,1.0,72.42,0.29712,-0.13064,-0.24543,0.008,-0.55055
167.88,ETH-27SEP19,1555239546279,open,0.65,0.0,0.643017,0.655773,0.647597,85.65,None,0.0,ETH-27SEP19-60-C,163.54,0.0,0.001,10.0,0.0,0.0,0.0,0.05292,-0.01366,0.25422,0.00048,0.9808
165.77,ETH-28JUN19,1555239546279,open,0.22,1747.0,0.203263,0.300905,0.21324,65.84,0.226,0.0,ETH-28JUN19-190-P,163.54,0.0,0.006,16.0,0.226,1.0,73.18,0.28562,-0.12559,-0.28372,0.0077,-0.62109
165.77,ETH-28JUN19,1555239546280,open,0.95,0.0,0.931344,0.965212,0.943176,90.35,None,0.0,ETH-28JUN19-320-P,163.54,0.0,0.002,15.0,0.0,0.0,0.0,0.112,-0.06757,-0.63347,0.0022,-0.91964
163.54,index_price,1555239546281,open,0.06,498.0,0.052245,0.076058,0.054894,66.49,0.057,0,ETH-19APR19-170-P,163.54,0.0,0.01,2.0,0.06,150.0,78.6,0.06766,-0.46133,-0.01604,0.02848,-0.67928
165.77,ETH-28JUN19,1555239546283,open,0.08,2939.0,0.062212,0.151638,0.096512,81.25,0.074,0.0,ETH-28JUN19-150-P,163.54,17.85,0.004,30.0,0.256,10.0,180.02,0.27,-0.14649,-0.14311,0.00589,-0.32432
165.77,ETH-28JUN19,1555239546283,open,0.0,1774.0,0.000847,0.022257,0.005398,81.25,0.007,0.0,ETH-28JUN19-90-P,163.54,61.37,0.001,5.0,0.0,0.0,0.0,0.05473,-0.0297,-0.01292,0.0012,-0.03261
163.54,index_price,1555239546300,open,0.0,120.0,0.0,0.000382,0.000112,100.0,0.001,0,ETH-19APR19-120-P,163.54,0.0,0.0,0.0,0.001,9.0,131.53,0.00179,-0.01831,-7e-05,0.0005,-0.00311
167.88,ETH-27SEP19,1555239546303,open,0.03,119.0,0.006683,0.071356,0.030154,81.97,0.034,0.0,ETH-27SEP19-360-C,163.54,81.87,0.03,2.0,0.0,0.0,0.0,0.24543,-0.06065,0.07981,0.00234,0.13477
167.88,ETH-27SEP19,1555239546303,open,0.62,0.0,0.584077,0.6882,0.620508,77.55,None,0.0,ETH-27SEP19-260-P,163.54,69.58,0.603,1.0,0.651,1.0,90.35,0.38262,-0.08944,-1.0208,0.00385,-0.71748
167.88,ETH-27SEP19,1555239546312,open,0.08,352.0,0.04943,0.16091,0.076432,71.92,0.089,0.0,ETH-27SEP19-240-C,163.54,69.19,0.07,1.0,0.0,0.0,0.0,0.39948,-0.0866,0.17849,0.00434,0.31038
167.88,ETH-27SEP19,1555239546325,open,0.12,634.0,0.07825,0.178532,0.11507,76.66,0.079,0.0,ETH-27SEP19-140-P,163.54,17.66,0.003,10.0,0.0,0.0,0.0,0.37489,-0.08663,-0.29454,0.00382,-0.27099
165.77,ETH-28JUN19,1555239546327,open,0.37,1135.0,0.351084,0.436049,0.362649,68.99,0.369,0.0,ETH-28JUN19-220-P,163.54,0.0,0.007,13.0,0.369,1.0,73.53,0.22619,-0.10421,-0.38626,0.00582,-0.77322
167.88,ETH-27SEP19,1555239546329,open,1.06,0.0,1.034544,1.106389,1.057647,79.31,None,0.0,ETH-27SEP19-340-P,163.54,0.0,0.003,6.0,1.076,1.0,90.05,0.25947,-0.06203,-1.45825,0.00255,-0.85372
167.88,ETH-27SEP19,1555239546329,open,0.05,130.0,0.018071,0.105758,0.04621,77.7,0.056,0.0,ETH-27SEP19-300-C,163.54,68.37,0.03,20.0,0.0,0.0,0.0,0.31556,-0.07391,0.11631,0.00317,0.19866
163.54,index_price,1555239546329,open,0.0,325.0,0.0,0.000688,0.000218,100.0,0.001,0,ETH-19APR19-220-C,163.54,0.0,0.0,0.0,0.001,100.0,121.2,0.00325,-0.0333,0.00013,0.00091,0.00607
163.54,index_price,1555239546329,open,0.26,1.0,0.266235,0.266617,0.266347,100.0,0.268,0,ETH-19APR19-120-C,163.54,0.0,0.263,50.0,0.27,50.0,166.73,0.00179,-0.01831,0.01596,0.0005,0.99689
165.77,ETH-28JUN19,1555239546347,open,0.02,458.0,0.013186,0.070988,0.032397,81.25,0.029,0.0,ETH-28JUN19-120-P,163.54,39.05,0.002,20.0,0.023,1.0,71.65,0.17042,-0.09246,-0.06002,0.00372,-0.14411
167.88,ETH-27SEP19,1555239546347,open,1.88,0.0,1.860178,1.893947,1.877817,91.86,None,0.0,ETH-27SEP19-480-P,163.54,0.0,0.001,15.0,0.0,0.0,0.0,0.17258,-0.04779,-2.13247,0.00147,-0.91726
165.77,ETH-28JUN19,1555239546347,open,0.0,1500.0,0.000211,0.012988,0.002261,81.25,0.005,0.0,ETH-28JUN19-80-P,163.54,72.07,0.001,1999.0,0.0,0.0,0.0,0.02882,-0.01564,-0.00595,0.00063,-0.01524
163.54,index_price,1555239546347,open,0.01,1495.0,0.003385,0.019747,0.004755,66.27,0.008,0,ETH-19APR19-150-P,163.54,52.38,0.002,250.0,0.007,250.0,75.18,0.03818,-0.25948,-0.00276,0.01613,-0.12168
163.54,index_price,1555239546385,open,0.01,8.0,0.000517,0.013809,0.008304,99.99,0.007,0.2,ETH-26APR19-210-C,163.54,65.92,0.001,50.0,0.099,1.0,258.22,0.0532,-0.23255,0.00508,0.00611,0.10382
163.54,index_price,1555239546403,open,0.03,95.0,0.027044,0.065947,0.034094,70.17,0.036,0,ETH-26APR19-170-C,163.54,25.05,0.005,20.0,0.039,1.0,77.16,0.11427,-0.33757,0.01969,0.01871,0.40408
163.54,index_price,1555239546486,open,0.01,20.0,0.000589,0.012485,0.007709,99.89,0.003,0,ETH-26APR19-130-P,163.54,0.0,0.0,0.0,0.029,2.0,155.65,0.04643,-0.19525,-0.005,0.00534,-0.08629
163.54,index_price,1555239546511,open,0.01,0.0,0.001467,0.020152,0.013203,99.93,None,0,ETH-26APR19-200-C,163.54,0.0,0.0,0.0,0.036,1.0,144.16,0.0695,-0.29241,0.0074,0.00799,0.15236
163.54,index_price,1555239546643,open,0.02,102.0,0.011686,0.045508,0.017167,70.17,0.023,0,ETH-26APR19-180-C,163.54,30.8,0.001,200.0,0.019,2.0,73.37,0.09247,-0.27319,0.01205,0.01514,0.24371
163.54,index_price,1555239546753,open,0.29,0.0,0.276277,0.28957,0.284064,99.99,None,0.2,ETH-26APR19-210-P,163.54,0.0,0.0,0.0,0.0,0.0,0.0,0.0532,-0.11822,-0.0628,0.00611,-0.89618
163.54,index_price,1555239546774,open,0.24,0.0,0.224409,0.243095,0.236145,99.93,None,0,ETH-26APR19-200-P,163.54,0.0,0.0,0.0,0.304,1.0,214.27,0.0695,-0.29241,-0.05767,0.00799,-0.84764
5020.97,BTC-27SEP19,1555239546779,open,0.33,261.1,0.32840044,0.36933402,0.33515224,58.81,0.38,0.0,BTC-27SEP19-3500-C,5071.06,46.93,0.3195,3.0,0.3485,3.0,67.53,7.3051,-1.29491,12.11684,0.00011,0.86617
163.54,index_price,1555239546868,open,0.01,101.0,0.00441,0.030628,0.009115,73.28,0.011,0,ETH-26APR19-190-C,163.54,44.22,0.001,200.0,0.017,15.0,90.42,0.0665,-0.20519,0.00711,0.01043,0.14266
5020.89,BTC-27SEP19,1555239546911,open,0.26,17.2,0.22578635,0.4528896,0.26261856,61.02,0.2505,0.0,BTC-27DEC19-5500-P,5070.99,56.94,0.249,1.0,0.273,2.5,64.13,16.75285,-1.98966,-25.85074,0.00015,-0.46896
5020.89,BTC-27SEP19,1555239546923,open,0.06,54.8,0.02066343,0.21970319,0.05700843,67.09,0.065,0.0,BTC-27DEC19-9000-C,5070.99,63.82,0.049,5.5,0.0645,5.0,70.0,12.6305,-1.64928,5.93381,0.00011,0.22494
5020.89,BTC-27SEP19,1555239546961,open,0.17,31.3,0.13036303,0.35746628,0.1672236,61.02,0.1785,0.0,BTC-27DEC19-5500-C,5070.99,57.96,0.157,5.0,0.1805,5.0,65.01,16.75278,-1.98993,12.8564,0.00015,0.53106
5070.99,index_price,1555239548223,open,0.22,0.1,0.21806336,0.2447229,0.224086,59.88,0.239,0,BTC-31MAY19-4000-C,5070.99,0.0,0.207,3.0,0.234,3.0,72.85,3.47464,-2.21931,4.31986,0.00018,0.8874
5070.99,index_price,1555239548227,open,0.03,49.7,0.02888748,0.05876232,0.02775545,47.51,0.0275,0,BTC-19APR19-5125-P,5070.99,40.33,0.0245,12.0,0.033,12.0,59.0,2.30637,-11.23771,-0.40201,0.00141,-0.56571
5070.99,index_price,1555239548227,open,0.04,473.3,0.04315101,0.06793416,0.04425125,51.56,0.0455,0,BTC-26APR19-5000-C,5070.99,44.82,0.0395,6.0,0.0455,12.0,53.33,3.5782,-7.7676,0.88148,0.00083,0.57851
5070.99,index_price,1555239548227,open,0.01,446.2,0.00366798,0.01797822,0.00646037,58.69,0.0055,0,BTC-26APR19-4500-P,5070.99,54.4,0.005,12.0,0.008,20.0,62.81,1.81598,-4.48712,-0.20654,0.00037,-0.11872
5070.99,index_price,1555239548227,open,0.01,455.1,0.01194412,0.03281173,0.01475876,55.13,0.0135,0,BTC-26APR19-4750-P,5070.99,51.03,0.0125,16.0,0.0175,18.2,59.94,2.84163,-6.59632,-0.41984,0.00062,-0.2397
5070.99,index_price,1555239548229,open,0.01,60.0,0.00765703,0.04009262,0.01336702,58.08,0.0175,0,BTC-31MAY19-6500-C,5070.99,53.56,0.01,16.0,0.0165,18.0,61.87,4.00798,-2.48291,0.81252,0.00021,0.13813
5070.99,index_price,1555239548229,open,0.0,1796.1,0.0,8.4e-07,1.29e-06,87.05,0.0005,0,BTC-26APR19-2750-P,5070.99,0.0,0.0,0.0,0.001,16.9,154.35,0.00135,-0.00494,-6e-05,0.0,-4e-05
5037.39,BTC-28JUN19,1555239548239,open,0.0,780.5,0.0,3.67e-06,4.56e-05,87.04,0.001,0.0,BTC-28JUN19-20000-C,5070.99,104.96,0.0005,10.0,0.001,7.0,112.2,0.03925,-0.02282,0.00452,0.0,0.00048
5070.99,index_price,1555239548250,open,0.51,0.0,0.50699962,0.50699966,0.5070065,110.68,None,0,BTC-26APR19-2500-C,5070.99,0.0,0.4945,3.0,0.518,3.0,270.4,0.0048,-0.02236,0.81317,0.0,0.99987
5037.39,BTC-28JUN19,1555239548252,open,0.23,367.4,0.22210859,0.2503992,0.23248202,59.99,0.231,0.0,BTC-28JUN19-4000-C,5070.99,44.87,0.2175,3.0,0.2395,1.5,66.1,5.60617,-2.24589,6.25275,0.00018,0.83757
5070.99,index_price,1555239548264,open,0.08,41.2,0.07810691,0.12733424,0.08509349,54.96,0.0825,0,BTC-31MAY19-5000-C,5070.99,47.8,0.075,9.6,0.0875,11.6,56.67,7.14579,-4.18887,3.14178,0.00039,0.56752
5070.99,index_price,1555239548273,open,0.09,0.2,0.08925278,0.10629028,0.09064585,59.19,0.0855,0,BTC-19APR19-4625-C,5070.99,0.0,0.084,4.0,0.091,4.0,61.13,0.90251,-5.47856,0.5592,0.00044,0.91618
5070.99,index_price,1555239548300,open,0.18,0.0,0.17590755,0.21020014,0.18355619,58.86,None,0,BTC-31MAY19-4250-C,5070.99,34.94,0.166,3.0,0.1925,3.0,68.17,4.64887,-2.91892,4.191,0.00024,0.82709
5037.39,BTC-28JUN19,1555239548306,open,0.01,441.1,0.00428599,0.02034122,0.01155688,63.37,0.012,0.0,BTC-28JUN19-3500-P,5070.99,60.15,0.0095,12.0,0.0135,2.6,66.19,3.3582,-1.42109,-0.93528,0.0001,-0.07895
5020.88,BTC-27SEP19,1555239548325,open,0.07,107.6,0.07012371,0.12853709,0.07699359,57.12,0.08,0.0,BTC-27SEP19-4250-P,5070.99,52.34,0.0665,6.9,0.0885,0.2,62.29,11.10453,-1.91194,-7.82288,0.00017,-0.26585
5070.99,index_price,1555239548327,open,0.0,37.6,0.00038524,0.01258606,0.00161645,64.45,0.002,0,BTC-19APR19-4500-P,5070.99,58.64,0.001,5.0,0.0025,6.9,70.98,0.60847,-4.02188,-0.03525,0.00027,-0.05042
5070.99,index_price,1555239548333,open,0.14,72.0,0.1374718,0.15282397,0.13988301,57.33,0.09,0,BTC-26APR19-5750-P,5070.99,0.0,0.1,0.1,0.2595,0.1,243.05,1.8545,-4.47626,-1.67889,0.00039,-0.87769
5020.88,BTC-27SEP19,1555239548342,open,0.06,98.9,0.05218792,0.10552553,0.05966012,57.8,0.065,0.0,BTC-27SEP19-4000-P,5070.99,52.61,0.0495,7.4,0.07,5.0,62.94,9.97552,-1.73805,-6.34076,0.00015,-0.21823
5070.99,index_price,1555239548342,open,0.24,0.0,0.23284855,0.23924822,0.23474747,66.82,None,0,BTC-26APR19-6250-P,5070.99,0.0,0.001,0.3,0.0,0.0,0.0,0.89871,-2.52845,-1.95958,0.00016,-0.95294
5070.99,index_price,1555239548344,open,0.31,0.0,0.31084399,0.32339633,0.31421047,64.54,None,0,BTC-31MAY19-3500-C,5070.99,0.0,0.298,3.0,0.3245,3.0,86.94,1.65513,-1.13937,4.18729,8e-05,0.95717
5020.88,BTC-27SEP19,1555239548348,open,0.26,239.2,0.25551483,0.30885244,0.26300448,57.81,0.3,0.0,BTC-27SEP19-4000-C,5070.99,49.81,0.2475,3.0,0.28,2.5,66.21,9.97598,-1.73839,11.8366,0.00015,0.78175
5070.99,index_price,1555239548348,open,0.07,28.7,0.06410767,0.113335,0.07108064,54.95,0.073,0,BTC-31MAY19-5000-P,5070.99,53.47,0.069,9.6,0.0805,2.0,61.63,7.1458,-4.18814,-3.27947,0.00039,-0.43248
5070.99,index_price,1555239548348,open,0.16,0.0,0.1619159,0.16710037,0.16263366,77.24,None,0,BTC-19APR19-4250-C,5070.99,0.0,0.15,3.0,0.1735,3.0,145.43,0.30204,-2.39236,0.55264,0.00011,0.97847
5070.99,index_price,1555239548381,open,0.02,175.1,0.01656772,0.04591064,0.01601815,48.76,0.018,0,BTC-19APR19-5000-P,5070.99,45.33,0.0145,5.5,0.02,12.0,57.7,2.24933,-11.24779,-0.27529,0.00134,-0.39038
5020.88,BTC-27SEP19,1555239548390,open,0.03,632.4,0.00295539,0.02527802,0.02107253,76.71,0.0405,0.0,BTC-27SEP19-11000-C,5070.99,72.25,0.016,1.0,0.024,6.9,79.03,6.11912,-1.41482,1.89595,7e-05,0.10416
5020.88,BTC-27SEP19,1555239548390,open,0.06,895.8,0.0417337,0.10257163,0.06386574,64.09,0.058,0.0,BTC-27SEP19-7000-C,5070.99,61.97,0.059,0.1,0.071,1.0,67.15,11.58822,-2.23882,5.16244,0.00016,0.29011
5070.99,index_price,1555239548395,open,0.21,0.0,0.21119962,0.21294662,0.21146554,86.68,None,0,BTC-19APR19-4000-C,5070.99,0.0,0.1995,3.0,0.2225,3.0,178.31,0.12564,-1.11688,0.52886,4e-05,0.9922
5070.99,index_price,1555239548395,open,0.33,0.0,0.33110103,0.33195818,0.33115865,84.82,None,0,BTC-19APR19-6750-P,5070.99,0.0,0.001,0.3,0.4185,0.1,403.24,0.03821,-0.33236,-0.90031,1e-05,-0.99794
5070.99,index_price,1555239548397,open,0.05,36.6,0.04699161,0.07355114,0.04810445,53.07,0.047,0,BTC-19APR19-4875-C,5070.99,28.62,0.0405,4.0,0.0485,4.0,54.14,1.86391,-10.14322,0.4752,0.00102,0.74963
5070.99,index_price,1555239548414,open,0.3,0.0,0.28945802,0.32189361,0.29515032,58.06,None,0,BTC-31MAY19-6500-P,5070.99,0.0,0.0005,0.3,0.0,0.0,0.0,4.00579,-2.4806,-7.53581,0.00021,-0.86198
5070.99,index_price,1555239548425,open,0.02,58.0,0.01191326,0.04913076,0.01777942,56.76,0.024,0,BTC-31MAY19-6250-C,5070.99,53.11,0.0145,2.0,0.021,12.8,60.11,4.72167,-2.85843,1.03822,0.00025,0.1772
5020.88,BTC-27SEP19,1555239548446,open,0.02,153.8,0.00583206,0.09573089,0.01941757,66.52,0.0185,0.0,BTC-27DEC19-2500-P,5070.99,63.1,0.016,0.1,0.023,3.0,69.85,5.22443,-0.67648,-2.91884,4e-05,-0.06319
163.54,index_price,1555239548458,open,0.1,1.0,0.095274,0.127328,0.102917,74.36,0.112,0,ETH-26APR19-150-C,163.54,70.9,0.101,1.0,0.119,1.0,101.6,0.09138,-0.28609,0.03505,0.01412,0.76157
5070.99,index_price,1555239548466,open,0.6,0.0,0.6055997,0.6055997,0.6055997,87.05,None,0,BTC-26APR19-2000-C,5070.99,0.0,0.5935,3.0,0.617,3.0,346.52,0.0,0.0,0.65072,0.0,1.0
5070.99,index_price,1555239548472,open,0.0,30.1,1.654e-05,0.00520102,0.00072305,77.05,0.001,0,BTC-19APR19-4250-P,5070.99,72.82,0.0005,40.0,0.001,0.1,81.28,0.29914,-2.36355,-0.01491,0.00011,-0.02128
5070.99,index_price,1555239548486,open,0.01,0.6,0.00183798,0.02140246,0.00700858,64.04,0.0135,0,BTC-31MAY19-7250-C,5070.99,58.48,0.0045,10.0,0.0095,18.0,68.59,2.55998,-1.74862,0.43969,0.00012,0.07452
5070.99,index_price,1555239548496,open,0.19,0.0,0.18438637,0.19468641,0.18743924,64.69,None,0,BTC-26APR19-6000-P,5070.99,0.0,0.001,0.3,0.2485,0.1,176.82,1.40174,-3.81789,-1.82175,0.00026,-0.91671
5020.88,BTC-27SEP19,1555239548518,open,0.15,39.3,0.14205926,0.21005748,0.1466017,55.72,0.1545,0.0,BTC-27SEP19-5000-P,5070.99,51.33,0.135,6.2,0.158,0.9,60.05,13.23863,-2.22359,-12.95507,0.00021,-0.42117
5037.39,BTC-28JUN19,1555239548518,open,0.6,24.8,0.59027366,0.60502166,0.59844846,66.73,0.525,0.0,BTC-28JUN19-8000-P,5070.99,0.0,0.0005,0.4,0.0,0.0,0.0,3.51573,-1.56664,-15.65082,0.0001,-0.9161
5070.99,index_price,1555239548518,open,0.41,5.9,0.40839954,0.40840884,0.40841256,87.05,0.4005,0,BTC-26APR19-3000-C,5070.99,0.0,0.396,3.0,0.4195,3.0,211.04,0.01048,-0.0384,0.97555,0.0,0.99969
5070.99,index_price,1555239548543,open,0.0,104.5,0.00360337,0.02573494,0.00472108,54.51,0.005,0,BTC-19APR19-4750-P,5070.99,49.56,0.0035,0.5,0.006,20.0,59.21,1.31974,-7.37682,-0.09967,0.0007,-0.14242
5070.99,index_price,1555239548546,open,0.26,225.9,0.2605077,0.26171488,0.26123546,78.74,0.282,0,BTC-26APR19-3750-C,5070.99,0.0,0.2485,3.0,0.272,3.0,137.5,0.32748,-1.08563,1.19571,5e-05,0.98595
5020.88,BTC-27SEP19,1555239548546,open,0.07,19.8,0.03506864,0.250105,0.07072891,64.03,0.0835,0.0,BTC-27DEC19-8000-C,5070.99,62.69,0.067,5.0,0.0825,5.0,68.15,14.04722,-1.75079,7.20783,0.00012,0.27471
5070.99,index_price,1555239548557,open,0.34,0.0,0.33593511,0.36371299,0.3415391,59.84,None,0,BTC-31MAY19-6750-P,5070.99,0.0,0.0005,0.3,0.0,0.0,0.0,3.4172,-2.18109,-8.02037,0.00017,-0.89
