underlying_price,underlying_index,timestamp,state,settlement_price,open_interest,min_price,max_price,mark_price,mark_iv,last_price,interest_rate,instrument_name,index_price,bid_iv,best_bid_price,best_bid_amount,best_ask_price,best_ask_amount,ask_iv,vega,theta,rho,gamma,delta
8347.34,SYN.BTC-18OCT19,1570964340018,open,0.06,6.0,0.034,0.084,0.05892148,60.49,0.069,0.0,BTC-18OCT19-8750-P,8343.79,58.01,0.058,6.8,0.0605,0.6,64.63,3.13821,-19.4661,-0.88923,0.00056,-0.73857
8347.34,SYN.BTC-18OCT19,1570964340272,open,0.1,17.2,0.084,0.128,0.10611778,76.55,0.0955,0.0,BTC-18OCT19-7500-C,8343.79,61.8,0.1035,0.1,0.1065,6.0,78.34,1.75318,-13.76281,0.87974,0.00025,0.89509
8352.43,SYN.BTC-25OCT19,1570964340320,open,0.07,453.7,0.0465,0.0995,0.07395311,71.11,0.075,0.0,BTC-25OCT19-8000-C,8343.79,62.08,0.068,28.0,0.073,18.0,69.68,5.54783,-16.61045,1.5804,0.00034,0.65551
8347.34,SYN.BTC-18OCT19,1570964340320,open,0.0,343.2,0.0005,0.0165,0.00460821,76.55,0.0045,0.0,BTC-18OCT19-7500-P,8343.79,73.57,0.004,38.1,0.005,0.1,78.39,1.75323,-13.76355,-0.12212,0.00025,-0.10491
8377.9,SYN.BTC-29NOV19,1570964340438,open,0.08,204.6,0.0455,0.1065,0.07629555,74.06,0.073,0.0,BTC-29NOV19-9000-C,8343.79,71.73,0.073,7.5,0.0785,31.9,75.61,11.86547,-9.3727,3.97175,0.00018,0.44544
8352.43,SYN.BTC-25OCT19,1570964340470,open,0.03,1690.9,0.0115,0.055,0.03175902,71.11,0.0325,0.0,BTC-25OCT19-8000-P,8343.79,67.7,0.0295,10.0,0.0335,49.5,73.73,5.54784,-16.6108,-1.0225,0.00034,-0.3445
8398.29,BTC-27DEC19,1570964340586,open,0.76,0.0,0.7525,0.772,0.76207342,114.93,None,0.0,BTC-27DEC19-2000-C,8343.79,0.0,0.019,3.2,0.0,0.0,0.0,0.16024,-0.12298,4.07704,0.0,0.99872
8398.29,BTC-27DEC19,1570964340588,open,0.47,4.1,0.4575,0.4955,0.47568926,97.9,0.578,0.0,BTC-27DEC19-4500-C,8343.79,0.0,0.0125,6.1,0.0,0.0,0.0,4.02701,-2.63264,8.14273,3e-05,0.94833
8377.9,SYN.BTC-29NOV19,1570964340588,open,0.24,0.0,0.198,0.277,0.23762765,74.4,0.245,0.0,BTC-29NOV19-10000-P,8343.79,68.97,0.231,6.9,0.2465,6.9,81.41,10.40535,-8.25735,-10.1112,0.00016,-0.70212
8398.29,BTC-27DEC19,1570964340593,open,0.11,287.4,0.0765,0.152,0.11528639,79.73,0.111,0.0,BTC-27DEC19-9000-C,8343.79,78.19,0.1125,10.0,0.1155,1.0,79.85,15.17394,-8.07918,6.55199,0.00013,0.49559
8352.43,SYN.BTC-25OCT19,1570964340595,open,0.2,324.0,0.175,0.2305,0.20171756,68.87,0.185,0.0,BTC-25OCT19-10000-P,8343.79,0.0,0.1795,5.0,0.2095,5.0,90.69,2.29654,-6.65893,-3.041,0.00015,-0.9173
8398.29,BTC-27DEC19,1570964340609,open,3.77,0.0,3.67,3.862,3.76332951,115.65,2.58,0.0,BTC-27DEC19-40000-P,8343.79,0.0,0.001,1.0,0.0,0.0,0.0,0.37749,-0.29152,-82.00683,0.0,-0.99672
8398.29,BTC-27DEC19,1570964340609,open,0.03,471.4,0.01,0.0535,0.02863318,83.56,0.035,0.0,BTC-27DEC19-13000-C,8343.79,82.1,0.027,23.0,0.0305,29.3,85.18,9.52331,-5.31368,2.38722,8e-05,0.1672
8398.29,BTC-27DEC19,1570964340623,open,0.0,342.0,0.0005,0.0105,0.00012866,115.0,0.0005,0.0,BTC-27DEC19-48000-C,8343.79,0.0,0.0,0.0,0.001,39.0,136.36,0.12964,-0.09956,0.01524,0.0,0.00101
8347.34,SYN.BTC-18OCT19,1570964340625,open,0.02,539.1,0.004,0.0395,0.01995822,60.54,0.017,0.0,BTC-18OCT19-8500-C,8343.79,56.17,0.018,0.1,0.019,1.0,58.41,3.75345,-23.30261,0.43644,0.00067,0.41137
8352.43,SYN.BTC-25OCT19,1570964340625,open,0.0,645.3,0.0005,0.0115,0.00171567,79.44,0.0025,0.0,BTC-25OCT19-11000-C,8343.79,73.0,0.001,8.5,0.0025,30.0,84.8,1.08615,-3.63299,0.08277,6e-05,0.03217
8398.29,BTC-27DEC19,1570964340641,open,0.12,707.1,0.078,0.1555,0.11723978,79.62,0.117,0.0,BTC-27DEC19-8000-P,8343.79,78.32,0.115,29.3,0.1205,5.0,81.52,14.44019,-7.67778,-8.5039,0.00013,-0.37637
8501.29,BTC-27MAR20,1570964340641,open,0.19,222.2,0.134,0.234,0.18500459,82.77,0.184,0.0,BTC-27MAR20-8000-P,8343.79,82.56,0.1845,4.9,0.186,3.0,83.16,21.20636,-5.29057,-20.63268,8e-05,-0.34904
8501.29,BTC-27MAR20,1570964340648,open,0.55,1.1,0.5315,0.5765,0.55349512,93.92,0.5375,0.0,BTC-27MAR20-4000-C,8343.79,0.0,0.012,3.1,0.8815,1.0,400.53,7.34151,-2.07847,14.70578,2e-05,0.93413
8398.29,BTC-27DEC19,1570964340653,open,0.53,31.1,0.5165,0.5485,0.53169074,104.34,0.6265,0.0,BTC-27DEC19-4000-C,8343.79,0.0,0.019,4.2,0.5555,0.2,150.45,2.97194,-2.07079,7.45692,2e-05,0.96452
8398.29,BTC-27DEC19,1570964340653,open,0.0,498.4,0.0005,0.0115,0.00161056,105.55,0.0015,0.0,BTC-27DEC19-28000-C,8343.79,100.2,0.001,34.0,0.002,2.0,108.23,1.12818,-0.79516,0.16703,1e-05,0.01131
8398.29,BTC-27DEC19,1570964340655,open,0.19,747.5,0.142,0.2305,0.18693949,79.74,0.184,0.0,BTC-27DEC19-9000-P,8343.79,79.49,0.1865,0.5,0.19,10.0,81.43,15.17395,-8.07953,-11.91051,0.00013,-0.5044
8377.9,SYN.BTC-29NOV19,1570964340655,open,0.02,289.1,0.004,0.0335,0.01569357,78.12,0.016,0.0,BTC-29NOV19-12000-C,8343.79,77.18,0.015,9.2,0.0165,0.1,79.19,6.22954,-5.19095,1.19141,9e-05,0.12643
8347.34,SYN.BTC-18OCT19,1570964340655,open,0.04,170.1,0.0155,0.062,0.03824737,60.54,0.039,0.0,BTC-18OCT19-8500-P,8343.79,57.76,0.037,1.0,0.04,0.6,64.43,3.75346,-23.30297,-0.699,0.00067,-0.58863
8347.34,SYN.BTC-18OCT19,1570964340655,open,0.22,0.5,0.2055,0.2395,0.22204285,104.27,0.18,0.0,BTC-18OCT19-6500-C,8343.79,0.0,0.208,6.0,0.236,6.0,201.13,0.39319,-4.20409,0.84924,4e-05,0.98366
8377.9,SYN.BTC-29NOV19,1570964340670,open,0.01,1022.0,0.0015,0.0265,0.01114006,82.65,0.009,0.0,BTC-29NOV19-13000-C,8343.79,81.54,0.0105,7.5,0.012,17.0,84.09,4.91122,-4.32952,0.85804,7e-05,0.09089
8501.29,BTC-27MAR20,1570964340696,open,0.01,50.1,0.0025,0.0335,0.01272672,104.91,0.013,0.0,BTC-27MAR20-34000-C,8343.79,103.21,0.0115,11.0,0.014,1.0,106.58,6.29357,-1.99031,1.59884,2e-05,0.05411
8398.29,BTC-27DEC19,1570964340696,open,0.27,493.3,0.2235,0.317,0.27070445,80.11,0.27,0.0,BTC-27DEC19-10000-P,8343.79,75.92,0.2635,17.0,0.2795,8.0,85.17,14.50864,-7.76165,-15.30695,0.00013,-0.61778
8398.29,BTC-27DEC19,1570964340696,open,0.0,649.0,0.0005,0.013,0.00336975,103.46,0.0035,0.0,BTC-27DEC19-24000-C,8343.79,99.49,0.0025,16.1,0.0045,62.0,107.7,2.02747,-1.40079,0.32796,1e-05,0.02241
8501.29,BTC-27MAR20,1570964340696,open,0.34,179.8,0.2795,0.4,0.34101797,84.25,0.3435,0.0,BTC-27MAR20-10000-P,8343.79,82.01,0.335,3.6,0.347,3.7,86.48,22.86331,-5.80643,-32.52131,8e-05,-0.50075
8398.29,BTC-27DEC19,1570964340696,open,0.82,10.1,0.8115,0.831,0.82141761,114.65,0.8205,0.0,BTC-27DEC19-1500-C,8343.79,0.0,0.8135,1.0,0.83,1.0,232.69,0.0253,-0.01937,3.07365,0.0,0.99983
8398.29,BTC-27DEC19,1570964340696,open,0.07,259.2,0.0375,0.099,0.06745086,81.97,0.0675,0.0,BTC-27DEC19-7000-P,8343.79,80.26,0.065,46.3,0.0695,10.0,83.4,12.0739,-6.6092,-5.45997,0.0001,-0.24947
8501.29,BTC-27MAR20,1570964340698,open,0.08,251.1,0.047,0.1165,0.08110958,86.51,0.0815,0.0,BTC-27MAR20-6000-P,8343.79,85.07,0.0785,4.9,0.0835,5.1,87.83,15.39888,-4.01565,-10.3574,5e-05,-0.18698
8501.29,BTC-27MAR20,1570964340698,open,0.24,109.2,0.194,0.289,0.2439654,82.76,0.244,0.0,BTC-27MAR20-8000-C,8343.79,82.18,0.2425,3.6,0.245,3.0,83.18,21.20639,-5.29043,15.72379,8e-05,0.65095
8398.29,BTC-27DEC19,1570964340698,open,0.0,482.1,0.0005,0.012,0.00249049,105.55,0.0025,0.0,BTC-27DEC19-26000-C,8343.79,99.35,0.0015,35.0,0.0035,39.0,110.28,1.58729,-1.11875,0.24648,1e-05,0.0168
8347.34,SYN.BTC-18OCT19,1570964340698,open,0.0,219.8,0.0005,0.012,0.00229552,94.82,0.0025,0.0,BTC-18OCT19-7000-P,8343.79,92.18,0.002,6.0,0.0025,2.0,96.54,0.96867,-9.41896,-0.05647,0.00011,-0.04835
8352.43,SYN.BTC-25OCT19,1570964340698,open,0.15,14.9,0.1185,0.175,0.14614191,65.34,0.139,0.0,BTC-25OCT19-9500-P,8343.79,42.69,0.139,14.0,0.158,6.0,89.24,3.52407,-9.6952,-2.7051,0.00024,-0.84927
8352.43,SYN.BTC-25OCT19,1570964340698,open,0.0,518.3,0.0005,0.0105,0.00098237,108.26,0.0015,0.0,BTC-25OCT19-13000-C,8343.79,99.54,0.0005,37.0,0.0015,58.6,114.76,0.57324,-2.61275,0.03832,2e-05,0.01508
8398.29,BTC-27DEC19,1570964340700,open,0.0,519.0,0.0005,0.0125,0.00274159,115.0,0.003,0.0,BTC-27DEC19-3000-P,8343.79,109.49,0.002,38.0,0.0045,62.0,125.13,1.24361,-0.95502,-0.26517,1e-05,-0.01265
8398.29,BTC-27DEC19,1570964340700,open,1.63,4.9,1.569,1.6855,1.6240465,100.49,1.0385,0.0,BTC-27DEC19-22000-P,8343.79,0.0,0.008,5.0,0.0,0.0,0.0,2.55136,-1.712,-44.69949,2e-05,-0.97051
8352.43,SYN.BTC-25OCT19,1570964340700,open,0.01,1235.9,0.0005,0.021,0.00774097,82.21,0.0075,0.0,BTC-25OCT19-7000-P,8343.79,79.87,0.007,1.0,0.0085,32.0,84.52,2.69928,-9.34322,-0.30062,0.00014,-0.10288
8347.34,SYN.BTC-18OCT19,1570964340700,open,0.0,184.8,0.0005,0.0105,0.00073456,104.27,0.001,0.0,BTC-18OCT19-6500-P,8343.79,98.66,0.0005,2.5,0.001,10.1,109.36,0.39329,-4.20546,-0.01904,4e-05,-0.01634
8377.9,SYN.BTC-29NOV19,1570964340705,open,0.45,0.0,0.4105,0.4885,0.44803928,78.13,None,0.0,BTC-29NOV19-12000-P,8343.79,0.0,0.0005,12.0,0.0,0.0,0.0,6.23048,-5.19221,-14.21954,9e-05,-0.87355
8377.9,SYN.BTC-29NOV19,1570964340722,open,0.15,20.5,0.1125,0.1875,0.15055483,74.06,0.145,0.0,BTC-29NOV19-9000-P,8343.79,71.9,0.1475,19.3,0.153,1.0,75.78,11.86549,-9.37308,-7.58662,0.00018,-0.55456
8347.34,SYN.BTC-18OCT19,1570964340727,open,0.0,53.7,0.0005,0.0105,0.00023672,115.0,0.0005,0.0,BTC-18OCT19-6000-P,8343.79,0.0,0.0,0.0,0.001,8.6,139.14,0.1488,-1.75487,-0.00626,1e-05,-0.00538
8501.29,BTC-27MAR20,1570964340743,open,1.17,0.0,1.0965,1.2355,1.16300868,90.66,1.23,0.0,BTC-27MAR20-18000-P,8343.79,0.0,1.111,1.0,1.214,1.0,115.59,14.9491,-4.08524,-76.67778,5e-05,-0.82169
8501.29,BTC-27MAR20,1570964340743,open,0.11,528.9,0.066,0.1585,0.11236952,85.13,0.116,0.0,BTC-27MAR20-12000-C,8343.79,83.42,0.108,14.0,0.117,5.1,86.93,21.76558,-5.58504,10.21894,8e-05,0.37687
8352.43,SYN.BTC-25OCT19,1570964340743,open,1.04,0.0,0.9955,1.0765,1.03536062,115.65,None,0.0,BTC-25OCT19-17000-P,8343.79,0.0,0.001,0.1,0.0,0.0,0.0,0.02574,-0.12532,-5.52991,0.0,-0.99952
8501.29,BTC-27MAR20,1570964340745,open,2.78,0.0,2.694,2.8735,2.77835685,103.42,None,0.0,BTC-27MAR20-32000-P,8343.79,0.0,0.01,2.0,0.0,0.0,0.0,6.85038,-2.13561,-143.64649,2e-05,-0.93974
8377.9,SYN.BTC-29NOV19,1570964340747,open,0.2,1.4,0.174,0.234,0.20507538,78.62,0.215,0.0,BTC-29NOV19-7000-C,8343.79,74.23,0.2005,14.2,0.2095,14.2,82.77,8.84532,-7.41728,6.20642,0.00012,0.78191
8501.29,BTC-27MAR20,1570964340756,open,0.94,1.1,0.8755,1.011,0.94141874,88.66,1.08,0.0,BTC-27MAR20-16000-P,8343.79,53.62,0.89,1.0,0.992,1.0,111.3,17.13832,-4.58004,-66.35708,6e-05,-0.77614
8398.29,BTC-27DEC19,1570964340756,open,0.0,442.3,0.0005,0.0105,0.00023114,115.0,0.0005,0.0,BTC-27DEC19-44000-C,8343.79,0.0,0.0,0.0,0.001,17.9,130.69,0.21409,-0.16441,0.02624,0.0,0.00175
8398.29,BTC-27DEC19,1570964340756,open,0.37,260.6,0.318,0.4135,0.36535612,80.78,0.4475,0.0,BTC-27DEC19-11000-P,8343.79,49.48,0.324,6.0,0.3785,6.0,89.06,13.01087,-7.01803,-18.53426,0.00011,-0.71046
8398.29,BTC-27DEC19,1570964340758,open,4.25,0.0,4.1365,4.3475,4.23942412,116.16,3.46,0.0,BTC-27DEC19-44000-P,8343.79,0.0,0.0015,0.1,0.0,0.0,0.0,0.23662,-0.18355,-90.23189,0.0,-0.99804
8347.34,SYN.BTC-18OCT19,1570964340776,open,0.05,56.2,0.03,0.0765,0.05396748,63.04,0.053,0.0,BTC-18OCT19-8000-C,8343.79,60.48,0.053,0.6,0.0545,6.0,64.44,3.17635,-20.53487,0.75635,0.00054,0.73229
8352.43,SYN.BTC-25OCT19,1570964340776,open,0.1,540.9,0.0685,0.1255,0.09702231,65.3,0.1025,0.0,BTC-25OCT19-9000-P,8343.79,65.27,0.097,6.0,0.1025,6.0,74.07,5.09455,-14.00737,-2.21314,0.00034,-0.71736
8352.43,SYN.BTC-25OCT19,1570964340776,open,0.0,620.9,0.0005,0.0145,0.00446018,68.86,0.0045,0.0,BTC-25OCT19-10000-C,8343.79,67.15,0.004,30.5,0.005,8.3,70.77,2.29625,-6.6577,0.21258,0.00015,0.08268
8398.29,BTC-27DEC19,1570964340779,open,0.7,0.0,0.6935,0.713,0.70325511,114.97,None,0.0,BTC-27DEC19-2500-C,8343.79,0.0,0.021,4.1,0.0,0.0,0.0,0.53392,-0.40992,5.02905,0.0,0.99516
8398.29,BTC-27DEC19,1570964340779,open,1.87,0.0,1.8025,1.926,1.86111138,103.53,None,0.0,BTC-27DEC19-24000-P,8343.79,0.0,0.008,5.0,0.0,0.0,0.0,2.03433,-1.40648,-48.90412,1e-05,-0.9775
8398.29,BTC-27DEC19,1570964340793,open,0.2,213.0,0.1585,0.233,0.19747951,80.89,0.2245,0.0,BTC-27DEC19-7500-C,8343.79,80.59,0.197,0.5,0.201,14.4,83.09,13.44529,-7.26262,8.46154,0.00011,0.68863
8377.9,SYN.BTC-29NOV19,1570964340793,open,0.03,170.5,0.009,0.048,0.02608047,76.22,0.028,0.0,BTC-29NOV19-11000-C,8343.79,74.61,0.0245,7.5,0.028,31.3,78.14,8.27318,-6.72645,1.81557,0.00012,0.19482
8352.43,SYN.BTC-25OCT19,1570964340793,open,0.0,660.3,0.0005,0.0105,6.756e-05,115.0,0.001,0.0,BTC-25OCT19-16000-C,8343.79,0.0,0.0,0.0,0.001,7.5,149.94,0.061,-0.29535,0.00314,0.0,0.00122
8352.43,SYN.BTC-25OCT19,1570964340795,open,0.56,32.0,0.526,0.592,0.55741697,108.28,0.6245,0.0,BTC-25OCT19-13000-P,8343.79,0.0,0.5345,3.0,0.583,3.0,206.82,0.57382,-2.61592,-4.19134,2e-05,-0.9849
8352.43,SYN.BTC-25OCT19,1570964340795,open,0.44,37.4,0.409,0.4695,0.43769108,91.59,0.533,0.0,BTC-25OCT19-12000-P,8343.79,0.0,0.416,4.0,0.462,4.0,179.22,0.64787,-2.49832,-3.85973,3e-05,-0.9826
8377.9,SYN.BTC-29NOV19,1570964340795,open,0.08,180.4,0.052,0.1165,0.08439959,75.68,0.083,0.0,BTC-29NOV19-8000-P,8343.79,73.56,0.0815,7.5,0.0875,35.8,77.96,11.43058,-9.22767,-4.99543,0.00017,-0.37988
8501.29,BTC-27MAR20,1570964340798,open,0.16,233.4,0.113,0.2125,0.16471898,84.25,0.162,0.0,BTC-27MAR20-10000-C,8343.79,83.24,0.162,10.0,0.168,5.0,85.47,22.86331,-5.80625,12.92408,8e-05,0.49924
8501.29,BTC-27MAR20,1570964340798,open,3.72,1.0,3.615,3.8265,3.71492919,109.33,2.7125,0.0,BTC-27MAR20-40000-P,8343.79,0.0,0.005,4.0,0.0,0.0,0.0,5.0947,-1.6789,-180.5529,1e-05,-0.95844
8347.34,SYN.BTC-18OCT19,1570964340798,open,0.28,0.0,0.267,0.297,0.28144438,114.98,None,0.0,BTC-18OCT19-6000-C,8343.79,0.0,0.269,6.0,0.2935,6.0,234.25,0.14868,-1.75316,0.79523,1e-05,0.99463
8398.29,BTC-27DEC19,1570964340811,open,0.27,56.0,0.242,0.3065,0.2751868,83.72,0.2755,0.0,BTC-27DEC19-6500-C,8343.79,61.38,0.2495,12.0,0.3025,12.0,104.81,10.43574,-5.83398,9.15481,9e-05,0.80657
8398.29,BTC-27DEC19,1570964340811,open,0.02,365.8,0.009,0.0435,0.02403483,88.6,0.023,0.0,BTC-27DEC19-5500-P,8343.79,86.71,0.0225,57.0,0.0255,0.1,90.37,6.90038,-4.08261,-2.21717,5e-05,-0.10466
8352.43,SYN.BTC-25OCT19,1570964340811,open,0.02,603.9,0.003,0.0325,0.01498528,73.95,0.0135,0.0,BTC-25OCT19-7500-P,8343.79,71.92,0.014,24.0,0.016,2.0,75.99,4.1032,-12.77472,-0.56011,0.00024,-0.19112
8377.9,SYN.BTC-29NOV19,1570964340815,open,0.56,0.0,0.525,0.6045,0.56284791,82.66,None,0.0,BTC-29NOV19-13000-P,8343.79,0.0,0.0005,5.0,0.0,0.0,0.0,4.9125,-4.33117,-15.83713,7e-05,-0.90908
182.06,SYN.ETH-25OCT19,1570964341305,open,0.01,0.0,0.001,0.017,0.005398,87.43,None,0.0,ETH-25OCT19-230-C,181.9,81.83,0.004,150.0,0.007,301.0,93.01,0.04894,-0.18017,0.00443,0.00519,0.08026
184.09,ETH-27MAR20,1570964341317,open,0.66,149.0,0.569,0.735,0.654485,100.9,0.723,0.0,ETH-27MAR20-280-P,181.9,78.98,0.6,43.0,0.0,0.0,0.0,0.47653,-0.14494,-1.05694,0.00307,-0.60889
182.06,SYN.ETH-25OCT19,1570964341318,open,0.02,2213.0,0.003,0.036,0.016529,86.13,0.019,0.0,ETH-25OCT19-160-P,181.9,82.87,0.015,302.0,0.018,280.0,89.18,0.08667,-0.31427,-0.01174,0.00933,-0.18166
8501.3,BTC-27MAR20,1570964341890,open,0.02,684.8,0.0095,0.043,0.0240144,93.93,0.024,0.0,BTC-27MAR20-4000-P,8343.81,92.74,0.023,133.8,0.025,25.0,95.06,7.3418,-2.07861,-3.4726,2e-05,-0.06587
8501.3,BTC-27MAR20,1570964341890,open,0.03,143.5,0.009,0.059,0.02920836,94.32,0.031,0.0,BTC-27MAR20-22000-C,8343.81,92.64,0.027,22.0,0.0315,5.0,95.99,11.43086,-3.24987,3.48851,4e-05,0.1195
8398.3,BTC-27DEC19,1570964341890,open,5.2,0.8,5.0705,5.319,5.19181008,115.75,3.59,0.0,BTC-27DEC19-52000-P,8343.81,0.0,0.001,11.0,0.0,0.0,0.0,0.08623,-0.06665,-106.6624,0.0,-0.99935
8398.3,BTC-27DEC19,1570964341890,open,0.05,715.0,0.0265,0.0875,0.05555932,80.77,0.058,0.0,BTC-27DEC19-11000-C,8343.81,79.44,0.0535,10.0,0.058,10.1,82.34,13.01055,-7.01749,4.03086,0.00011,0.28953
8501.3,BTC-27MAR20,1570964341890,open,0.06,898.9,0.026,0.0985,0.05934137,88.65,0.0555,0.0,BTC-27MAR20-16000-C,8343.81,87.23,0.0565,13.0,0.0625,10.0,90.21,17.13736,-4.57952,6.35508,6e-05,0.22383
8501.3,BTC-27MAR20,1570964341890,open,0.01,570.2,0.0005,0.028,0.00973336,109.28,0.009,0.0,BTC-27MAR20-40000-C,8343.81,108.02,0.009,6.9,0.0105,0.5,110.53,5.08553,-1.67518,1.22618,1e-05,0.04147
8501.3,BTC-27MAR20,1570964341890,open,0.02,107.7,0.0035,0.0395,0.01619044,102.02,0.0155,0.0,BTC-27MAR20-30000-C,8343.81,100.05,0.0145,6.0,0.018,5.0,103.99,7.53783,-2.31794,2.0075,2e-05,0.06815
8398.3,BTC-27DEC19,1570964341890,open,0.16,423.8,0.125,0.201,0.16466214,79.62,0.162,0.0,BTC-27DEC19-8000-C,8343.81,78.36,0.1625,14.0,0.167,1.5,80.98,14.44019,-7.6776,7.90728,0.00013,0.62364
8501.3,BTC-27MAR20,1570964341890,open,0.01,54.3,0.003,0.036,0.01420026,103.4,0.0115,0.0,BTC-27MAR20-32000-C,8343.81,101.87,0.013,6.0,0.0155,1.0,104.97,6.84408,-2.13308,1.77689,2e-05,0.06019
8501.3,BTC-27MAR20,1570964341890,open,3.02,0.0,2.924,3.1115,3.01212931,104.93,None,0.0,BTC-27MAR20-34000-P,8343.81,0.0,0.005,4.0,0.0,0.0,0.0,6.29788,-1.99203,-152.91426,2e-05,-0.94584
8501.3,BTC-27MAR20,1570964341890,open,0.37,10.8,0.3355,0.4125,0.3753317,86.51,0.381,0.0,BTC-27MAR20-6000-C,8343.81,78.77,0.3615,15.0,0.384,6.0,91.26,15.39879,-4.01554,16.91005,5e-05,0.81302
8398.3,BTC-27DEC19,1570964341890,open,0.8,210.2,0.7565,0.853,0.80227713,86.98,0.905,0.0,BTC-27DEC19-15000-P,8343.81,0.0,0.7635,4.0,0.84,4.0,121.52,6.72854,-3.90806,-29.30837,5e-05,-0.89891
8398.3,BTC-27DEC19,1570964341891,open,0.02,658.5,0.006,0.043,0.02115916,85.09,0.0225,0.0,BTC-27DEC19-14000-C,8343.81,83.32,0.0195,58.0,0.023,34.0,86.99,7.98474,-4.53719,1.85028,6e-05,0.12856
8398.3,BTC-27DEC19,1570964341891,open,0.01,481.8,0.002,0.0245,0.01151544,97.91,0.0115,0.0,BTC-27DEC19-4500-P,8343.81,95.74,0.0105,36.0,0.0125,24.0,99.92,4.02747,-2.6331,-1.08869,3e-05,-0.05168
8398.3,BTC-27DEC19,1570964341890,open,2.82,0.3,2.736,2.893,2.81155022,112.02,1.875,0.0,BTC-27DEC19-32000-P,8343.81,0.0,0.01,4.0,0.0,0.0,0.0,0.88746,-0.66386,-65.5181,1e-05,-0.99141
8398.3,BTC-27DEC19,1570964341890,open,0.02,890.0,0.0055,0.033,0.01676851,92.88,0.0165,0.0,BTC-27DEC19-5000-P,8343.81,90.86,0.0155,35.0,0.018,24.0,94.79,5.35715,-3.32278,-1.57242,4e-05,-0.0745
8398.3,BTC-27DEC19,1570964341890,open,0.65,0.0,0.636,0.6565,0.64552592,115.0,None,0.0,BTC-27DEC19-3000-C,8343.81,0.0,0.01,14.2,0.0,0.0,0.0,1.24346,-0.95488,5.88904,1e-05,0.98735
8398.3,BTC-27DEC19,1570964341891,open,0.37,73.3,0.3435,0.3945,0.36913883,88.6,0.491,0.0,BTC-27DEC19-5500-C,8343.81,58.29,0.35,12.0,0.3915,12.0,112.85,6.90022,-4.08244,9.06556,5e-05,0.89534
8398.3,BTC-27DEC19,1570964341890,open,0.42,66.8,0.4,0.444,0.42140921,92.88,0.4155,0.0,BTC-27DEC19-5000-C,8343.81,46.42,0.405,13.0,0.4405,13.0,118.38,5.35705,-3.32268,8.68456,4e-05,0.9255
8398.3,BTC-27DEC19,1570964341890,open,1.15,9.4,1.1035,1.206,1.15151741,92.57,1.1125,0.0,BTC-27DEC19-18000-P,8343.81,0.0,0.006,3.0,0.0,0.0,0.0,4.16069,-2.57187,-36.13915,3e-05,-0.94616
8377.91,SYN.BTC-29NOV19,1570964341890,open,0.1,68.5,0.066,0.1305,0.09920513,74.06,0.1025,0.0,BTC-29NOV19-8500-C,8343.81,71.81,0.096,7.5,0.102,30.9,76.02,11.94114,-9.43246,4.64757,0.00018,0.53116
8398.32,BTC-27DEC19,1570964341891,open,0.04,775.4,0.016,0.068,0.0396474,82.19,0.0415,0.0,BTC-27DEC19-12000-C,8343.81,80.95,0.038,0.6,0.0415,29.3,83.56,11.25927,-6.17932,3.1051,9e-05,0.21988
8398.32,BTC-27DEC19,1570964341891,open,0.08,557.7,0.045,0.115,0.07998065,80.11,0.081,0.0,BTC-27DEC19-10000-C,8343.81,78.67,0.0775,11.0,0.083,46.3,81.85,14.5086,-7.76128,5.20692,0.00013,0.38221
8398.32,BTC-27DEC19,1570964341891,open,0.92,22.0,0.8715,0.9695,0.91784761,88.9,1.0275,0.0,BTC-27DEC19-16000-P,8343.81,0.0,0.42,0.2,0.0,0.0,0.0,5.70027,-3.38414,-31.64821,4e-05,-0.91915
8501.32,BTC-27MAR20,1570964341891,open,0.02,37.6,0.0045,0.0425,0.01817525,100.06,0.021,0.0,BTC-27MAR20-28000-C,8343.81,98.28,0.0165,6.0,0.02,5.0,101.9,8.22635,-2.48119,2.24887,3e-05,0.07638
8398.32,BTC-27DEC19,1570964341891,open,0.0,291.4,0.0005,0.0105,0.00093649,115.0,0.0015,0.0,BTC-27DEC19-2500-P,8343.81,115.98,0.001,39.0,0.002,0.5,127.69,0.5346,-0.41054,-0.09957,0.0,-0.00484
8398.32,BTC-27DEC19,1570964341891,open,0.58,99.0,0.5305,0.626,0.5765682,83.56,0.638,0.0,BTC-27DEC19-13000-P,8343.81,0.0,0.537,5.0,0.6155,5.0,112.58,9.52419,-5.3145,-24.28054,8e-05,-0.83278
8398.32,BTC-27DEC19,1570964341891,open,0.59,4.0,0.5765,0.6025,0.58850995,111.08,0.666,0.0,BTC-27DEC19-3500-C,8343.81,0.0,0.021,10.1,0.0,0.0,0.0,2.08954,-1.54989,6.68916,1e-05,0.97678
8398.32,BTC-27DEC19,1570964341891,open,0.0,555.7,0.0005,0.0105,0.00042682,115.0,0.001,0.0,BTC-27DEC19-40000-C,8343.81,0.0,0.0,0.0,0.0015,39.0,129.64,0.3592,-0.27584,0.04618,0.0,0.00311
8501.32,BTC-27MAR20,1570964341892,open,3.25,0.0,3.1545,3.35,3.24638873,106.72,None,0.0,BTC-27MAR20-36000-P,8343.81,0.0,0.005,3.0,0.0,0.0,0.0,5.89562,-1.89657,-162.13192,2e-05,-0.95016
8398.32,BTC-27DEC19,1570964341891,open,0.0,246.1,0.0005,0.0105,2.646e-05,115.0,0.001,0.0,BTC-27DEC19-1500-P,8343.81,150.31,0.0005,3.0,0.001,9.9,163.43,0.02614,-0.02008,-0.00356,0.0,-0.00018
8398.32,BTC-27DEC19,1570964341892,open,0.69,268.3,0.6425,0.738,0.68816518,85.1,0.7205,0.0,BTC-27DEC19-14000-P,8343.81,0.0,0.6495,4.0,0.71,4.0,104.61,7.98577,-4.5381,-26.86885,6e-05,-0.87142
8398.32,BTC-27DEC19,1570964341892,open,4.72,0.0,4.6035,4.833,4.71559149,117.0,None,0.0,BTC-27DEC19-48000-P,8343.81,0.0,0.001,0.1,0.0,0.0,0.0,0.15658,-0.12233,-98.44802,0.0,-0.99875
8501.32,BTC-27MAR20,1570964341892,open,0.01,70.6,0.002,0.0315,0.01172732,106.69,0.0115,0.0,BTC-27MAR20-36000-C,8343.81,104.85,0.0105,6.0,0.013,2.0,108.47,5.88789,-1.89344,1.4693,2e-05,0.04976
8501.32,BTC-27MAR20,1570964341892,open,1.39,0.7,1.321,1.4635,1.3885302,92.44,1.433,0.0,BTC-27MAR20-20000-P,8343.81,0.0,1.3355,1.0,1.441,1.0,120.29,13.01949,-3.62787,-86.70507,4e-05,-0.8557
8398.32,BTC-27DEC19,1570964341892,open,0.01,741.0,0.0005,0.022,0.00822395,92.56,0.009,0.0,BTC-27DEC19-18000-C,8343.81,91.06,0.0075,40.0,0.009,0.9,94.09,4.15996,-2.57126,0.78569,3e-05,0.05383
8398.32,BTC-27DEC19,1570964341892,open,0.0,336.6,0.0005,0.011,0.00125075,111.98,0.0015,0.0,BTC-27DEC19-32000-C,8343.81,102.29,0.0005,90.5,0.002,10.0,117.93,0.88512,-0.66185,0.12598,1e-05,0.00856
8398.32,BTC-27DEC19,1570964341892,open,0.0,659.7,0.0005,0.0105,0.00081249,115.0,0.001,0.0,BTC-27DEC19-36000-C,8343.81,109.9,0.0005,16.0,0.0015,44.0,122.4,0.61211,-0.47006,0.08315,0.0,0.00564
8398.32,BTC-27DEC19,1570964341892,open,2.1,0.0,2.0355,2.1675,2.09836624,105.64,None,0.0,BTC-27DEC19-26000-P,8343.81,0.0,0.006,10.0,0.0,0.0,0.0,1.59542,-1.12552,-53.08822,1e-05,-0.9831
8377.91,SYN.BTC-29NOV19,1570964341891,open,0.41,0.0,0.394,0.4305,0.41143045,97.5,None,0.0,BTC-29NOV19-5000-C,8343.81,0.0,0.0005,0.1,0.0,0.0,0.0,3.06027,-3.18252,5.8026,3e-05,0.95073
8347.34,SYN.BTC-18OCT19,1570964341890,open,0.02,93.8,0.005,0.0435,0.02230411,60.54,0.022,0.0,BTC-18OCT19-8250-P,8343.81,59.87,0.022,1.6,0.0245,17.9,65.4,3.77064,-23.40955,-0.49287,0.00067,-0.41972
8398.32,BTC-27DEC19,1570964341892,open,3.29,1.3,3.203,3.378,3.28739941,115.21,2.2,0.0,BTC-27DEC19-36000-P,8343.81,0.0,0.011,5.0,0.0,0.0,0.0,0.62074,-0.47756,-73.76557,0.0,-0.99427
8398.32,BTC-27DEC19,1570964341892,open,0.01,798.7,0.0005,0.018,0.00596083,96.8,0.0065,0.0,BTC-27DEC19-20000-C,8343.81,94.16,0.005,10.0,0.007,24.0,99.37,3.22527,-2.08483,0.57286,2e-05,0.03921
8398.32,BTC-27DEC19,1570964341892,open,2.34,0.1,2.269,2.408,2.33562266,105.64,1.49,0.0,BTC-27DEC19-28000-P,8343.81,0.0,0.009,5.0,0.0,0.0,0.0,1.13417,-0.80005,-57.27087,1e-05,-0.98862
8501.32,BTC-27MAR20,1570964341892,open,0.53,44.5,0.459,0.588,0.52392429,85.13,0.585,0.0,BTC-27MAR20-12000-P,8343.81,64.47,0.4735,3.0,0.551,3.0,95.55,21.76593,-5.58534,-44.31527,8e-05,-0.62311
8398.32,BTC-27DEC19,1570964341892,open,0.01,444.0,0.0005,0.015,0.00526145,111.08,0.005,0.0,BTC-27DEC19-3500-P,8343.81,105.61,0.004,38.0,0.0065,35.0,115.77,2.08987,-1.55022,-0.4908,1e-05,-0.02323
8398.32,BTC-27DEC19,1570964341892,open,0.02,661.6,0.004,0.0355,0.01619925,86.98,0.0145,0.0,BTC-27DEC19-15000-C,8343.81,85.45,0.015,35.0,0.0175,24.0,88.57,6.72813,-3.90769,1.46235,5e-05,0.10108
8398.32,BTC-27DEC19,1570964341892,open,0.32,102.3,0.291,0.349,0.32037474,85.86,0.3225,0.0,BTC-27DEC19-6000-C,8343.81,70.26,0.3055,12.0,0.346,12.0,108.93,8.66035,-4.96557,9.21464,7e-05,0.85523
8501.32,BTC-27MAR20,1570964341892,open,1.85,0.0,1.776,1.9285,1.84778174,96.49,None,0.0,BTC-27MAR20-24000-P,8343.81,0.0,0.0015,1.0,0.0,0.0,0.0,10.20337,-2.96763,-106.08251,3e-05,-0.89801
8398.32,BTC-27DEC19,1570964341892,open,0.03,1044.0,0.015,0.0585,0.03480589,85.87,0.0375,0.0,BTC-27DEC19-6000-P,8343.81,84.1,0.033,55.0,0.0365,34.0,87.5,8.66052,-4.96581,-3.09381,7e-05,-0.14477
8398.32,BTC-27DEC19,1570964341892,open,0.0,410.0,0.0005,0.0145,0.00445017,100.43,0.0055,0.0,BTC-27DEC19-22000-C,8343.81,97.05,0.0035,10.0,0.0055,34.0,103.66,2.54566,-1.70731,0.42996,2e-05,0.02941
8398.32,BTC-27DEC19,1570964341893,open,0.23,52.9,0.1975,0.2675,0.23394467,81.97,0.276,0.0,BTC-27DEC19-7000-C,8343.81,61.08,0.205,13.0,0.2405,13.0,86.51,12.07376,-6.60884,8.89996,0.0001,0.75054
8347.34,SYN.BTC-18OCT19,1570964341890,open,0.01,468.2,0.0015,0.03,0.0123572,63.04,0.0125,0.0,BTC-18OCT19-8000-P,8343.81,62.1,0.012,4.9,0.013,0.2,64.72,3.17636,-20.53523,-0.31229,0.00054,-0.26772
8501.32,BTC-27MAR20,1570964341893,open,0.08,285.1,0.0405,0.123,0.08012867,86.8,0.0815,0.0,BTC-27MAR20-14000-C,8343.81,85.44,0.077,5.0,0.0835,0.1,88.26,19.54673,-5.11445,8.0226,7e-05,0.28778
8352.43,SYN.BTC-25OCT19,1570964341890,open,0.0,859.5,0.0005,0.012,0.002235,102.04,0.0025,0.0,BTC-25OCT19-6000-P,8343.81,95.22,0.0015,24.0,0.003,37.7,107.84,1.0088,-4.33388,-0.08604,4e-05,-0.02943
8501.32,BTC-27MAR20,1570964341893,open,0.73,58.9,0.6615,0.794,0.72694144,86.81,0.7315,0.0,BTC-27MAR20-14000-P,8343.81,61.48,0.676,2.0,0.7535,2.0,97.95,19.54734,-5.11486,-55.6006,7e-05,-0.7122
8398.32,BTC-27DEC19,1570964341893,open,0.09,247.3,0.0555,0.126,0.09052137,80.89,0.09,0.0,BTC-27DEC19-7500-P,8343.81,79.32,0.088,15.0,0.093,10.0,82.44,13.44531,-7.26288,-6.92392,0.00011,-0.31137
8398.32,BTC-27DEC19,1570964341893,open,0.0,1542.5,0.0005,0.0105,7.343e-05,115.0,0.0005,0.0,BTC-27DEC19-52000-C,8343.81,0.0,0.0,0.0,0.001,38.0,141.52,0.07974,-0.06123,0.00903,0.0,0.0006
8398.32,BTC-27DEC19,1570964341893,open,1.39,4.6,1.336,1.445,1.387398,96.82,1.466,0.0,BTC-27DEC19-20000-P,8343.81,0.0,0.006,5.0,0.0,0.0,0.0,3.22812,-2.08715,-40.45433,2e-05,-0.96075
8501.32,BTC-27MAR20,1570964341893,open,0.04,354.2,0.012,0.0685,0.03594053,92.43,0.038,0.0,BTC-27MAR20-20000-C,8343.81,90.81,0.0335,11.0,0.0385,5.0,94.08,13.01723,-3.62689,4.18481,4e-05,0.14426
8501.32,BTC-27MAR20,1570964341893,open,0.02,153.7,0.007,0.0525,0.02467414,96.48,0.0265,0.0,BTC-27MAR20-24000-C,8343.81,94.62,0.0225,6.0,0.027,5.0,98.37,10.1998,-2.96617,2.98519,3e-05,0.10194
8501.32,BTC-27MAR20,1570964341893,open,2.32,0.0,2.2345,2.3995,2.31180079,100.08,None,0.0,BTC-27MAR20-28000-P,8343.81,0.0,0.005,4.0,0.0,0.0,0.0,8.23129,-2.48317,-124.99666,3e-05,-0.92356
8398.32,BTC-27DEC19,1570964341893,open,0.01,376.8,0.003,0.03,0.01269787,88.89,0.0135,0.0,BTC-27DEC19-16000-C,8343.81,87.08,0.0115,36.0,0.014,24.0,90.76,5.69864,-3.38279,1.17361,4e-05,0.08082
8377.91,SYN.BTC-29NOV19,1570964341892,open,0.02,179.7,0.006,0.035,0.0181497,85.69,0.017,0.0,BTC-29NOV19-6000-P,8343.81,83.93,0.017,31.5,0.0195,0.2,87.7,5.54774,-5.07058,-1.35042,7e-05,-0.10736
8398.32,BTC-27DEC19,1570964341894,open,0.0,96.3,0.0005,0.0105,0.00021854,115.0,0.001,0.0,BTC-27DEC19-2000-P,8343.81,125.55,0.0005,40.0,0.002,30.0,150.21,0.16102,-0.12365,-0.02588,0.0,-0.00128
8398.32,BTC-27DEC19,1570964341893,open,0.01,553.2,0.0005,0.0185,0.00798076,104.35,0.008,0.0,BTC-27DEC19-4000-P,8343.81,102.97,0.0075,5.0,0.0085,1.0,105.79,2.97244,-2.0713,-0.74881,2e-05,-0.03548
8501.32,BTC-27MAR20,1570964341893,open,0.05,219.0,0.0175,0.0815,0.04567099,90.65,0.048,0.0,BTC-27MAR20-18000-C,8343.81,89.12,0.043,5.1,0.0485,9.9,92.24,14.94758,-4.0845,5.12327,5e-05,0.17828
8352.43,SYN.BTC-25OCT19,1570964341890,open,0.06,104.3,0.0305,0.083,0.05673577,65.3,0.057,0.0,BTC-25OCT19-8500-P,8343.81,64.97,0.0565,18.0,0.058,0.4,67.07,5.98626,-16.45886,-1.61017,0.0004,-0.53577
8398.32,BTC-27DEC19,1570964341894,open,0.05,391.4,0.0245,0.077,0.04915758,83.72,0.051,0.0,BTC-27DEC19-6500-P,8343.81,81.98,0.047,38.3,0.051,29.3,85.2,10.43589,-5.83432,-4.17936,9e-05,-0.19343
8501.32,BTC-27MAR20,1570964341893,open,2.08,0.0,2.005,2.1635,2.07929587,98.25,None,0.0,BTC-27MAR20-26000-P,8343.81,0.0,0.0015,1.0,0.0,0.0,0.0,9.11042,-2.69818,-115.58828,3e-05,-0.91254
8501.32,BTC-27MAR20,1570964341893,open,1.62,6.0,1.548,1.6945,1.617057,94.33,1.54,0.0,BTC-27MAR20-22000-P,8343.81,0.0,1.563,1.0,1.643,1.0,110.77,11.43382,-3.2511,-96.49026,4e-05,-0.88045
8398.32,BTC-27DEC19,1570964341894,open,0.0,762.8,0.0005,0.011,0.00105375,105.55,0.001,0.0,BTC-27DEC19-30000-C,8343.81,98.07,0.0005,108.0,0.0015,1.0,109.63,0.80346,-0.56629,0.11399,1e-05,0.00767
8347.34,SYN.BTC-18OCT19,1570964341890,open,0.01,184.3,0.0005,0.023,0.00802131,71.52,0.009,0.0,BTC-18OCT19-7750-P,8343.81,69.75,0.0075,0.9,0.0085,7.9,73.12,2.47537,-18.15579,-0.20265,0.00037,-0.17372
8501.32,BTC-27MAR20,1570964341894,open,0.02,101.3,0.0055,0.047,0.02092929,98.24,0.0205,0.0,BTC-27MAR20-26000-C,8343.81,96.39,0.019,6.0,0.023,5.0,100.12,9.10615,-2.69645,2.56832,3e-05,0.08741
8377.91,SYN.BTC-29NOV19,1570964341892,open,0.04,418.4,0.019,0.0655,0.04060938,78.62,0.039,0.0,BTC-29NOV19-7000-P,8343.81,77.09,0.039,42.8,0.042,1.0,79.93,8.8454,-7.41757,-2.7835,0.00012,-0.21809
8398.32,BTC-27DEC19,1570964341894,open,0.47,73.1,0.4215,0.5175,0.4685131,82.19,0.4715,0.0,BTC-27DEC19-12000-P,8343.81,0.0,0.428,5.0,0.4995,5.0,103.31,11.26003,-6.18022,-21.51127,9e-05,-0.78009
8501.32,BTC-27MAR20,1570964341894,open,2.55,0.0,2.464,2.6365,2.54507495,102.04,None,0.0,BTC-27MAR20-30000-P,8343.81,0.0,0.005,4.0,0.0,0.0,0.0,7.54346,-2.3202,-134.32695,2e-05,-0.93178
8377.91,SYN.BTC-29NOV19,1570964341891,open,0.68,0.0,0.6405,0.721,0.67852359,85.16,None,0.0,BTC-29NOV19-14000-P,8343.81,0.0,0.0,0.0,0.0,0.0,0.0,3.71623,-3.37555,-17.38197,5e-05,-0.93698
8347.34,SYN.BTC-18OCT19,1570964341890,open,0.13,0.0,0.1145,0.1565,0.13486075,86.88,None,0.0,BTC-18OCT19-7250-C,8343.81,0.0,0.1165,6.0,0.1525,6.0,156.73,1.3377,-11.91814,0.88327,0.00017,0.927
8352.43,SYN.BTC-25OCT19,1570964341891,open,0.26,0.0,0.233,0.29,0.26004799,75.52,None,0.0,BTC-25OCT19-10500-P,8343.81,0.0,0.2385,5.0,0.285,5.0,139.81,1.64033,-5.21588,-3.2788,0.0001,-0.94647
8398.32,BTC-27DEC19,1570964341895,open,2.58,0.2,2.5025,2.6495,2.57321801,105.77,2.03,0.0,BTC-27DEC19-30000-P,8343.81,0.0,0.009,5.0,0.0,0.0,0.0,0.81533,-0.57586,-61.42582,1e-05,-0.9922
8377.91,SYN.BTC-29NOV19,1570964341893,open,0.04,113.8,0.02,0.0705,0.04400725,74.39,0.046,0.0,BTC-29NOV19-10000-C,8343.81,72.77,0.042,7.5,0.0465,38.8,76.39,10.40521,-8.2569,2.73139,0.00016,0.29787
8347.34,SYN.BTC-18OCT19,1570964341892,open,0.14,6.1,0.116,0.1655,0.13978521,67.61,0.123,0.0,BTC-18OCT19-9500-P,8343.81,0.0,0.1305,4.8,0.1565,4.0,133.39,1.04265,-7.22941,-1.21178,0.00017,-0.94697
8347.34,SYN.BTC-18OCT19,1570964341890,open,0.08,4.9,0.0555,0.1025,0.07958142,71.52,0.078,0.0,BTC-18OCT19-7750-C,8343.81,62.29,0.077,0.6,0.079,6.0,69.54,2.47535,-18.15535,0.8326,0.00037,0.82628
8347.34,SYN.BTC-18OCT19,1570964341890,open,0.03,73.3,0.0125,0.0555,0.03396487,60.54,0.0335,0.0,BTC-18OCT19-8250-C,8343.81,55.08,0.0315,1.0,0.0345,18.0,61.72,3.77064,-23.40927,0.60917,0.00067,0.58028
8347.34,SYN.BTC-18OCT19,1570964341890,open,0.0,14.1,0.0005,0.0105,0.00047722,80.13,0.0005,0.0,BTC-18OCT19-10250-C,8343.81,0.0,0.0,0.0,0.001,0.1,89.33,0.36479,-2.9976,0.01616,5e-05,0.01497
8347.34,SYN.BTC-18OCT19,1570964341891,open,0.2,0.0,0.175,0.225,0.19870926,76.37,None,0.0,BTC-18OCT19-10000-P,8343.81,0.0,0.0005,0.1,0.0,0.0,0.0,0.51827,-4.05876,-1.3114,7e-05,-0.97739
8347.34,SYN.BTC-18OCT19,1570964341893,open,0.0,138.7,0.0005,0.0105,0.00072249,76.36,0.0005,0.0,BTC-18OCT19-10000-C,8343.81,72.35,0.0005,10.9,0.001,0.5,80.38,0.51818,-4.05794,0.02441,7e-05,0.02261
8352.43,SYN.BTC-25OCT19,1570964341891,open,0.28,16.3,0.2675,0.302,0.28388125,102.04,0.27,0.0,BTC-25OCT19-6000-C,8343.81,0.0,0.2695,9.0,0.298,9.0,163.62,1.00873,-4.33347,1.86614,4e-05,0.97058
8352.43,SYN.BTC-25OCT19,1570964341890,open,0.38,0.0,0.35,0.409,0.37814246,85.93,None,0.0,BTC-25OCT19-11500-P,8343.81,0.0,0.0015,0.1,0.0,0.0,0.0,0.83687,-3.02767,-3.68124,4e-05,-0.97647
8347.34,SYN.BTC-18OCT19,1570964341892,open,0.0,51.8,0.0005,0.0105,0.00048022,103.18,0.0005,0.0,BTC-18OCT19-11000-C,8343.81,0.0,0.0,0.0,0.001,8.0,114.14,0.30314,-3.2074,0.01294,3e-05,0.01208
8347.34,SYN.BTC-18OCT19,1570964341890,open,0.11,0.8,0.087,0.1375,0.11154767,66.51,0.108,0.0,BTC-18OCT19-9250-P,8343.81,63.64,0.111,6.0,0.114,0.1,77.37,1.65885,-11.31354,-1.13099,0.00027,-0.90276
8377.91,SYN.BTC-29NOV19,1570964341893,open,0.13,153.0,0.095,0.161,0.12950432,75.68,0.1275,0.0,BTC-29NOV19-8000-C,8343.81,72.75,0.1255,7.4,0.131,16.4,76.78,11.43057,-9.22746,5.27875,0.00017,0.62012
8352.43,SYN.BTC-25OCT19,1570964341892,open,0.0,147.6,0.0005,0.0135,0.00383526,90.29,0.004,0.0,BTC-25OCT19-6500-P,8343.81,88.52,0.0035,0.1,0.0045,14.1,93.59,1.61539,-6.14089,-0.1531,8e-05,-0.0525
8347.34,SYN.BTC-18OCT19,1570964341890,open,0.0,0.0,0.0005,0.0105,0.00048011,95.79,None,0.0,BTC-18OCT19-10750-C,8343.81,0.0,0.0,0.0,0.001,8.0,106.18,0.32053,-3.14858,0.01383,4e-05,0.01289
8352.43,SYN.BTC-25OCT19,1570964341891,open,0.04,470.9,0.0165,0.062,0.03906796,65.3,0.0405,0.0,BTC-25OCT19-8500-C,8343.81,61.72,0.0365,12.0,0.0405,5.0,67.3,5.98626,-16.45872,1.1554,0.0004,0.46423
8347.34,SYN.BTC-18OCT19,1570964341890,open,0.23,0.0,0.204,0.255,0.22841386,80.14,None,0.0,BTC-18OCT19-10250-P,8343.81,0.0,0.0005,0.1,0.0,0.0,0.0,0.36498,-2.99953,-1.35303,5e-05,-0.98502
8352.43,SYN.BTC-25OCT19,1570964341893,open,0.0,499.5,0.0005,0.0105,0.00019519,115.0,0.0005,0.0,BTC-25OCT19-15000-C,8343.81,0.0,0.0,0.0,0.001,17.5,137.32,0.14918,-0.72232,0.00837,1e-05,0.00328
8347.34,SYN.BTC-18OCT19,1570964341890,open,0.0,16.2,0.0005,0.011,0.0014529,75.87,0.002,0.0,BTC-18OCT19-9750-C,8343.81,71.02,0.001,20.0,0.002,43.0,80.67,0.86571,-6.73585,0.04526,0.00012,0.04205
8352.43,SYN.BTC-25OCT19,1570964341893,open,0.17,9.9,0.1475,0.192,0.16966149,82.21,0.211,0.0,BTC-25OCT19-7000-C,8343.81,37.1,0.162,8.0,0.1885,8.0,127.33,2.69921,-9.34287,1.97692,0.00014,0.89712
8347.34,SYN.BTC-18OCT19,1570964341890,open,0.0,26.0,0.0005,0.014,0.0034013,86.88,0.0025,0.0,BTC-18OCT19-7250-P,8343.81,80.83,0.0025,41.3,0.004,14.5,90.47,1.33776,-11.91882,-0.08519,0.00017,-0.073
8352.43,SYN.BTC-25OCT19,1570964341891,open,0.92,0.0,0.8785,0.9555,0.91567756,115.1,None,0.0,BTC-25OCT19-16000-P,8343.81,0.0,0.001,0.1,0.0,0.0,0.0,0.06152,-0.29811,-5.20262,0.0,-0.99877
8347.34,SYN.BTC-18OCT19,1570964341890,open,0.0,114.8,0.0005,0.014,0.00340973,66.5,0.003,0.0,BTC-18OCT19-9250-C,8343.81,64.38,0.003,13.7,0.004,38.0,69.37,1.65877,-11.31272,0.10462,0.00027,0.09724
8377.91,SYN.BTC-29NOV19,1570964341893,open,0.01,195.7,0.0005,0.0195,0.00823893,97.5,0.0085,0.0,BTC-29NOV19-5000-P,8343.81,93.97,0.007,31.5,0.0095,24.5,100.83,3.06043,-3.18277,-0.61878,3e-05,-0.04927
8352.43,SYN.BTC-25OCT19,1570964341891,open,0.22,0.0,0.207,0.2455,0.2256187,90.29,None,0.0,BTC-25OCT19-6500-C,8343.81,0.0,0.209,8.0,0.2415,8.0,142.58,1.61532,-6.14053,1.96176,8e-05,0.9475
8352.43,SYN.BTC-25OCT19,1570964341891,open,0.0,923.9,0.0005,0.0105,2.307e-05,115.0,0.001,0.0,BTC-25OCT19-17000-C,8343.81,0.0,0.0,0.0,0.001,8.4,161.61,0.02411,-0.11674,0.00115,0.0,0.00045
8352.43,SYN.BTC-25OCT19,1570964341892,open,0.0,395.7,0.0005,0.0105,0.00098224,91.57,0.0015,0.0,BTC-25OCT19-12000-C,8343.81,83.88,0.0005,7.5,0.0015,30.1,97.35,0.64728,-2.49557,0.04456,3e-05,0.01738
8347.34,SYN.BTC-18OCT19,1570964341891,open,0.34,0.0,0.328,0.354,0.34113226,114.96,None,0.0,BTC-18OCT19-5500-C,8343.81,0.0,0.33,7.0,0.352,7.0,272.14,0.02254,-0.26574,0.73392,0.0,0.99933
8347.34,SYN.BTC-18OCT19,1570964341892,open,0.0,8.9,0.0005,0.0105,2.499e-05,115.0,0.0005,0.0,BTC-18OCT19-5500-P,8343.81,0.0,0.0,0.0,0.0015,26.5,181.82,0.02261,-0.20857,-0.00078,0.0,-0.00067
8352.43,SYN.BTC-25OCT19,1570964341890,open,0.32,27.9,0.2915,0.349,0.31869759,79.45,0.35,0.0,BTC-25OCT19-11000-P,8343.81,0.0,0.2985,4.0,0.343,4.0,152.35,1.08636,-3.63387,-3.49619,6e-05,-0.96782
8347.34,SYN.BTC-18OCT19,1570964341890,open,0.16,15.0,0.1445,0.184,0.16370475,94.82,0.145,0.0,BTC-18OCT19-7000-C,8343.81,0.0,0.1475,6.0,0.1795,6.0,169.78,0.96863,-9.41846,0.8786,0.00011,0.95165
8347.34,SYN.BTC-18OCT19,1570964341894,open,0.08,12.3,0.059,0.109,0.08341359,60.54,0.086,0.0,BTC-18OCT19-9000-P,8343.81,60.86,0.0835,6.0,0.086,0.6,69.48,2.23898,-13.9005,-1.04196,0.0004,-0.85104
8352.43,SYN.BTC-25OCT19,1570964341890,open,0.0,12.7,0.0005,0.011,0.00129777,85.92,0.0015,0.0,BTC-25OCT19-11500-C,8343.81,82.7,0.001,7.5,0.002,44.0,92.0,0.83666,-3.02671,0.0604,4e-05,0.02352
8352.43,SYN.BTC-25OCT19,1570964341891,open,0.0,124.2,0.0005,0.0125,0.00292893,75.52,0.0025,0.0,BTC-25OCT19-10500-C,8343.81,73.24,0.0025,7.5,0.0035,30.0,78.29,1.64018,-5.21524,0.13749,0.0001,0.05352
8347.34,SYN.BTC-18OCT19,1570964341892,open,0.0,404.6,0.0005,0.0175,0.00522549,60.54,0.005,0.0,BTC-18OCT19-9000-C,8343.81,57.76,0.0045,0.5,0.0055,0.7,61.55,2.23895,-13.90017,0.16026,0.0004,0.14895
8352.43,SYN.BTC-25OCT19,1570964341890,open,0.68,2.0,0.6435,0.713,0.67671147,115.02,0.372,0.0,BTC-25OCT19-14000-P,8343.81,0.0,0.002,0.1,1.5,0.5,500.0,0.34897,-1.68986,-4.53341,1e-05,-0.99148
8347.34,SYN.BTC-18OCT19,1570964341890,open,0.29,0.0,0.263,0.3165,0.28831609,95.8,None,0.0,BTC-18OCT19-10750-P,8343.81,0.0,0.0005,0.1,0.0,0.0,0.0,0.32071,-3.15071,-1.42215,4e-05,-0.9871
8377.91,SYN.BTC-29NOV19,1570964341892,open,0.34,0.0,0.3005,0.3795,0.3390598,76.23,None,0.0,BTC-29NOV19-11000-P,8343.81,0.0,0.0005,11.0,0.0,0.0,0.0,8.27349,-6.72691,-12.31126,0.00012,-0.80517
8352.43,SYN.BTC-25OCT19,1570964341892,open,0.8,0.0,0.761,0.834,0.79607956,115.04,None,0.0,BTC-25OCT19-15000-P,8343.81,0.0,0.001,0.1,0.0,0.0,0.0,0.14958,-0.72447,-4.87203,1e-05,-0.99671
8352.43,SYN.BTC-25OCT19,1570964341893,open,0.01,701.7,0.0005,0.0225,0.00874753,65.34,0.0085,0.0,BTC-25OCT19-9500-C,8343.81,63.54,0.008,26.5,0.0095,1.0,67.1,3.52393,-9.69447,0.38581,0.00024,0.15072
8352.43,SYN.BTC-25OCT19,1570964341892,open,0.02,459.3,0.005,0.0385,0.01949091,65.3,0.0205,0.0,BTC-25OCT19-9000-C,8343.81,62.0,0.0175,16.0,0.0195,1.0,65.32,5.09451,-14.00695,0.71511,0.00034,0.28263
8347.34,SYN.BTC-18OCT19,1570964341894,open,0.32,0.0,0.292,0.3475,0.31826566,103.18,None,0.0,BTC-18OCT19-11000-P,8343.81,0.0,0.0005,0.1,0.0,0.0,0.0,0.30323,-3.20851,-1.45645,3e-05,-0.98791
8347.34,SYN.BTC-18OCT19,1570964341893,open,0.0,25.4,0.0005,0.0105,0.00024777,81.12,0.0005,0.0,BTC-18OCT19-10500-C,8343.81,0.0,0.0,0.0,0.0005,4.0,88.62,0.21595,-1.79648,0.00886,3e-05,0.00819
8377.91,SYN.BTC-29NOV19,1570964341892,open,0.3,0.0,0.278,0.326,0.30197952,85.69,None,0.0,BTC-29NOV19-6000-C,8343.81,0.0,0.055,0.1,0.0,0.0,0.0,5.54761,-5.07037,6.35522,7e-05,0.89264
8377.91,SYN.BTC-29NOV19,1570964341893,open,0.01,85.9,0.0005,0.02,0.00745984,85.15,0.008,0.0,BTC-29NOV19-14000-C,8343.81,82.9,0.0065,7.5,0.0085,0.2,87.41,3.71554,-3.3747,0.59761,5e-05,0.063
8377.91,SYN.BTC-29NOV19,1570964341893,open,0.01,147.1,0.0005,0.0175,0.00609728,90.23,0.007,0.0,BTC-29NOV19-15000-C,8343.81,87.12,0.005,7.5,0.0075,42.0,93.77,3.12382,-3.00663,0.47833,4e-05,0.05055
8347.34,SYN.BTC-18OCT19,1570964341890,open,0.01,89.7,0.001,0.027,0.01070275,60.54,0.0095,0.0,BTC-18OCT19-8750-C,8343.81,55.93,0.009,0.4,0.01,5.0,58.66,3.13945,-19.49074,0.2798,0.00056,0.26163
8347.34,SYN.BTC-18OCT19,1570964341893,open,0.0,320.1,0.0005,0.0115,0.00169777,67.61,0.0015,0.0,BTC-18OCT19-9500-C,8343.81,65.97,0.0015,16.2,0.002,1.0,69.92,1.04259,-7.22883,0.05723,0.00017,0.05302
8347.34,SYN.BTC-18OCT19,1570964341892,open,0.26,0.0,0.2335,0.285,0.25813388,81.13,None,0.0,BTC-18OCT19-10500-P,8343.81,0.0,0.0005,0.1,0.0,0.0,0.0,0.21607,-1.79765,-1.39373,3e-05,-0.9918
8347.34,SYN.BTC-18OCT19,1570964341890,open,0.17,0.0,0.1455,0.196,0.16949019,75.88,None,0.0,BTC-18OCT19-9750-P,8343.81,0.0,0.0005,0.2,0.0,0.0,0.0,0.86584,-6.73714,-1.25714,0.00012,-0.95795
8377.91,SYN.BTC-29NOV19,1570964341892,open,0.8,0.0,0.757,0.841,0.79652272,90.24,None,0.0,BTC-29NOV19-15000-P,8343.81,0.0,0.0,0.0,0.0,0.0,0.0,3.12462,-3.00765,-18.78551,4e-05,-0.94943
8352.43,SYN.BTC-25OCT19,1570964341892,open,0.12,29.5,0.0915,0.1415,0.11704291,73.95,0.1155,0.0,BTC-25OCT19-7500-C,8343.81,64.24,0.1125,15.0,0.117,6.0,73.86,4.10316,-12.77444,1.88011,0.00024,0.80888
8352.43,SYN.BTC-25OCT19,1570964341890,open,0.0,507.9,0.0005,0.0105,0.00055272,115.0,0.0005,0.0,BTC-25OCT19-14000-C,8343.81,113.69,0.0005,13.2,0.001,12.5,123.58,0.34868,-1.68826,0.02163,1e-05,0.00851
8352.43,SYN.BTC-25OCT19,1570964341918,open,0.02,603.9,0.003,0.0325,0.01498509,73.95,0.0135,0.0,BTC-25OCT19-7500-P,8343.81,71.92,0.014,24.0,0.016,0.1,75.99,4.10318,-12.77463,-0.56011,0.00024,-0.19112
181.96,SYN.ETH-18OCT19,1570964342834,open,0.02,713.0,0.002,0.038,0.016351,72.11,0.023,0.0,ETH-18OCT19-190-C,181.9,66.33,0.014,120.0,0.019,160.0,78.48,0.07488,-0.55369,0.0073,0.02348,0.31666
181.96,SYN.ETH-18OCT19,1570964342834,open,0.12,121.0,0.095,0.152,0.12464,84.12,0.12,0.0,ETH-18OCT19-160-C,181.9,0.0,0.107,9.0,0.146,9.0,161.19,0.03275,-0.28254,0.01921,0.0088,0.9149
182.84,ETH-27DEC19,1570964342841,open,0.17,2741.0,0.118,0.219,0.170434,100.19,0.16,0.0,ETH-27DEC19-180-P,181.9,97.08,0.165,456.0,0.175,456.0,102.81,0.31928,-0.21361,-0.21279,0.00465,-0.3969
181.96,SYN.ETH-18OCT19,1570964342868,open,0.06,292.0,0.028,0.094,0.060472,71.97,0.068,0.0,ETH-18OCT19-190-P,181.9,55.6,0.054,120.0,0.063,120.0,78.05,0.07484,-0.55233,-0.01809,0.02351,-0.68372
182.84,ETH-27DEC19,1570964342887,open,0.07,2669.0,0.032,0.103,0.066995,100.28,0.092,0.0,ETH-27DEC19-260-C,181.9,97.7,0.063,591.0,0.071,463.0,102.84,0.28431,-0.19039,0.08433,0.00413,0.29184
182.05,SYN.ETH-25OCT19,1570964342887,open,0.02,1814.0,0.006,0.048,0.024861,82.39,0.023,0.0,ETH-25OCT19-200-C,181.9,77.68,0.022,129.0,0.027,241.0,85.83,0.11208,-0.38879,0.0156,0.01262,0.28825
182.84,ETH-27DEC19,1570964342894,open,0.03,1229.0,0.011,0.059,0.032256,101.43,0.046,0.0,ETH-27DEC19-320-C,181.9,99.37,0.03,128.0,0.035,448.0,103.87,0.20267,-0.13728,0.04845,0.00291,0.16143
181.96,SYN.ETH-18OCT19,1570964342912,open,0.01,514.0,0.001,0.02,0.005595,72.1,0.006,0.0,ETH-18OCT19-200-C,181.9,65.39,0.004,151.0,0.007,301.0,77.39,0.04618,-0.34146,0.0032,0.01448,0.13726
182.05,SYN.ETH-25OCT19,1570964342919,open,0.0,1652.0,0.001,0.013,0.00345,90.36,0.005,0.0,ETH-25OCT19-240-C,181.9,81.77,0.002,394.0,0.005,351.0,97.48,0.03561,-0.13546,0.00295,0.00365,0.05325
181.96,SYN.ETH-18OCT19,1570964342929,open,0.07,308.0,0.044,0.106,0.076656,76.75,0.07,0.0,ETH-18OCT19-170-C,181.9,65.15,0.073,40.0,0.08,40.0,86.49,0.06039,-0.4753,0.01737,0.01779,0.79129
181.96,SYN.ETH-18OCT19,1570964342944,open,0.03,427.0,0.006,0.055,0.02785,71.89,0.034,0.0,ETH-18OCT19-180-P,181.9,61.2,0.023,86.0,0.03,204.0,76.62,0.08267,-0.60946,-0.01117,0.026,-0.43173
182.05,SYN.ETH-25OCT19,1570964343014,open,0.0,0.0,0.001,0.013,0.003559,113.23,None,0.0,ETH-25OCT19-130-P,181.9,101.56,0.002,200.0,0.005,200.0,121.66,0.02829,-0.13486,-0.00258,0.00232,-0.03998
182.05,SYN.ETH-25OCT19,1570964343014,open,0.29,0.0,0.265,0.314,0.289505,113.48,None,0.0,ETH-25OCT19-130-C,181.9,0.0,0.0,0.0,0.0,0.0,0.0,0.02846,-0.13597,0.0397,0.00233,0.95972
181.96,SYN.ETH-18OCT19,1570964343034,open,0.0,0.0,0.001,0.011,0.00048,103.45,None,0.0,ETH-18OCT19-240-C,181.9,0.0,0.0,0.0,0.001,3.0,114.44,0.00659,-0.06994,0.00028,0.00144,0.01205
181.96,SYN.ETH-18OCT19,1570964343034,open,0.32,0.0,0.281,0.361,0.31937,101.34,None,0.0,ETH-18OCT19-240-P,181.9,0.0,0.0,0.0,0.0,0.0,0.0,0.00589,-0.06119,-0.03181,0.00131,-0.98942
181.96,SYN.ETH-18OCT19,1570964343721,open,0.16,2.0,0.121,0.193,0.15605,74.94,0.118,0.0,ETH-18OCT19-210-P,181.9,0.0,0.134,6.0,0.179,6.0,160.05,0.0229,-0.17602,-0.0268,0.00691,-0.94645
184.09,ETH-27MAR20,1570964344102,open,2.51,0.0,2.384,2.629,2.500857,109.2,None,0.0,ETH-27MAR20-640-P,181.9,0.0,0.0,0.0,0.0,0.0,0.0,0.20595,-0.06779,-2.8513,0.00122,-0.90733
184.09,ETH-27MAR20,1570964344102,open,0.02,0.0,0.007,0.051,0.024486,109.37,None,0.0,ETH-27MAR20-640-C,181.9,107.1,0.022,40.0,0.027,40.0,111.55,0.20682,-0.06818,0.05749,0.00123,0.0932
8377.95,SYN.BTC-29NOV19,1570964344983,open,0.25,0.0,0.2245,0.2795,0.2524255,82.79,None,0.0,BTC-29NOV19-6500-C,8343.81,0.0,0.009,1.0,0.0,0.0,0.0,7.23743,-6.39127,6.3463,0.0001,0.84226
8377.95,SYN.BTC-29NOV19,1570964344983,open,0.39,0.0,0.355,0.4335,0.39307663,77.45,None,0.0,BTC-29NOV19-11500-P,8343.81,0.0,0.008,10.0,0.0,0.0,0.0,7.24738,-5.98725,-13.28803,0.0001,-0.84193
8377.95,SYN.BTC-29NOV19,1570964344983,open,0.51,0.0,0.4675,0.5465,0.50517135,80.44,None,0.0,BTC-29NOV19-12500-P,8343.81,0.0,0.006,5.0,0.0,0.0,0.0,5.52582,-4.74126,-15.04609,8e-05,-0.89323
8377.95,SYN.BTC-29NOV19,1570964344983,open,0.19,0.3,0.1525,0.2305,0.19191269,74.06,0.2335,0.0,BTC-29NOV19-9500-P,8343.81,69.65,0.186,8.4,0.1995,8.4,79.64,11.30171,-8.92786,-8.87996,0.00017,-0.6334
8377.95,SYN.BTC-29NOV19,1570964344983,open,0.29,0.0,0.248,0.3265,0.28686586,75.06,None,0.0,BTC-29NOV19-10500-P,8343.81,0.0,0.007,3.0,0.3045,1.9,90.0,9.34339,-7.48076,-11.25878,0.00014,-0.75954
8377.95,SYN.BTC-29NOV19,1570964344983,open,0.16,5.1,0.131,0.1955,0.164654,77.06,0.16,0.0,BTC-29NOV19-7500-C,8343.81,73.28,0.16,4.9,0.1665,4.9,78.55,10.3587,-8.51462,5.81422,0.00015,0.70503
8377.95,SYN.BTC-29NOV19,1570964344983,open,0.06,37.7,0.0305,0.0865,0.05797827,74.06,0.0575,0.0,BTC-29NOV19-9500-C,8343.81,72.21,0.0555,7.5,0.06,11.0,75.55,11.30159,-8.9273,3.32049,0.00017,0.36659
8377.95,SYN.BTC-29NOV19,1570964344983,open,0.11,24.2,0.078,0.1485,0.11377986,74.06,0.1155,0.0,BTC-29NOV19-8500-P,8343.81,72.46,0.1115,6.5,0.117,1.0,76.32,11.94118,-9.43289,-6.26862,0.00018,-0.46883
8377.95,SYN.BTC-29NOV19,1570964344983,open,0.03,92.4,0.011,0.0495,0.02827536,82.79,0.027,0.0,BTC-29NOV19-6500-P,8343.81,81.31,0.027,2.9,0.0295,26.8,84.2,7.23769,-6.39182,-2.00156,0.0001,-0.15775
8377.95,SYN.BTC-29NOV19,1570964344983,open,0.06,80.5,0.0325,0.0885,0.05986539,77.06,0.0565,0.0,BTC-29NOV19-7500-P,8343.81,74.74,0.057,36.8,0.0625,26.8,79.19,10.35876,-8.51505,-3.81786,0.00015,-0.29497
8377.95,SYN.BTC-29NOV19,1570964344983,open,0.02,46.2,0.006,0.0405,0.02041917,77.44,0.0185,0.0,BTC-29NOV19-11500-C,8343.81,75.78,0.019,7.5,0.022,19.3,79.24,7.2465,-5.98596,1.48078,0.0001,0.15804
8377.95,SYN.BTC-29NOV19,1570964344983,open,0.01,13.6,0.003,0.0295,0.01315237,80.43,0.013,0.0,BTC-29NOV19-12500-C,8343.81,79.43,0.0125,7.5,0.014,1.0,81.7,5.52445,-4.73946,1.0069,8e-05,0.10674
8377.95,SYN.BTC-29NOV19,1570964344983,open,0.03,18.6,0.0135,0.0575,0.03356992,75.06,0.0345,0.0,BTC-29NOV19-10500-C,8343.81,73.64,0.032,7.5,0.0355,2.3,76.77,9.34294,-7.47988,2.22584,0.00014,0.24044
182.05,SYN.ETH-25OCT19,1570964345258,open,0.27,0.0,0.228,0.312,0.268789,87.43,None,0.0,ETH-25OCT19-230-P,181.9,0.0,0.0,0.0,0.0,0.0,0.0,0.04892,-0.18007,-0.0704,0.00519,-0.91979
182.05,SYN.ETH-25OCT19,1570964345258,open,0.09,2.0,0.062,0.127,0.09624,82.25,0.1,0.0,ETH-25OCT19-170-C,181.9,78.64,0.094,40.0,0.102,40.0,91.39,0.11349,-0.39301,0.03599,0.0128,0.70393
182.05,SYN.ETH-25OCT19,1570964345258,open,0.04,40.0,0.015,0.068,0.041153,82.36,0.047,0.0,ETH-25OCT19-190-C,181.9,77.87,0.038,102.0,0.044,120.0,86.4,0.12805,-0.44405,0.02217,0.01442,0.41549
182.05,SYN.ETH-25OCT19,1570964345258,open,0.18,0.0,0.155,0.214,0.185683,93.84,None,0.0,ETH-25OCT19-150-C,181.9,0.0,0.0,0.0,0.0,0.0,0.0,0.06159,-0.24335,0.04174,0.00609,0.89039
182.05,SYN.ETH-25OCT19,1570964345258,open,0.09,0.0,0.048,0.121,0.084828,82.36,None,0.0,ETH-25OCT19-190-P,181.9,72.61,0.078,120.0,0.087,120.0,85.45,0.12805,-0.44405,-0.03965,0.01442,-0.58451
182.05,SYN.ETH-25OCT19,1570964345258,open,0.03,361.0,0.009,0.056,0.030054,82.25,0.031,0.0,ETH-25OCT19-170-P,181.9,77.32,0.027,273.0,0.034,160.0,88.53,0.11349,-0.39301,-0.01932,0.0128,-0.29607
182.05,SYN.ETH-25OCT19,1570964345258,open,0.01,192.0,0.001,0.025,0.009636,93.84,0.01,0.0,ETH-25OCT19-150-P,181.9,88.83,0.008,200.0,0.012,351.0,100.53,0.06159,-0.24335,-0.00706,0.00609,-0.10961
182.05,SYN.ETH-25OCT19,1570964345258,open,0.01,26.0,0.003,0.035,0.015497,84.84,0.016,0.0,ETH-25OCT19-210-C,181.9,83.84,0.015,4.0,0.017,161.0,87.82,0.09076,-0.32421,0.01068,0.00992,0.19579
182.05,SYN.ETH-25OCT19,1570964345258,open,0.17,0.0,0.128,0.21,0.169032,84.84,None,0.0,ETH-25OCT19-210-P,181.9,0.0,0.0,0.0,0.0,0.0,0.0,0.09076,-0.32421,-0.05765,0.00992,-0.80421
182.49,SYN.ETH-29NOV19,1570964345587,open,0.66,0.0,0.601,0.717,0.657058,93.8,None,0.0,ETH-29NOV19-300-P,181.9,0.0,0.0,0.0,0.0,0.0,0.0,0.11051,-0.11056,-0.3661,0.00275,-0.90503
182.49,SYN.ETH-29NOV19,1570964345587,open,0.01,13.0,0.003,0.029,0.013119,93.8,0.016,0.0,ETH-29NOV19-300-C,181.9,90.14,0.011,150.0,0.015,5.0,96.8,0.11051,-0.11056,0.01918,0.00275,0.09497
182.49,SYN.ETH-29NOV19,1570964345754,open,0.77,0.0,0.707,0.828,0.765301,99.99,None,0.0,ETH-29NOV19-320-P,181.9,0.0,0.0,0.0,0.0,0.0,0.0,0.09954,-0.10616,-0.39438,0.00233,-0.91747
182.49,SYN.ETH-29NOV19,1570964345754,open,0.01,0.0,0.002,0.027,0.011766,99.99,None,0.0,ETH-29NOV19-320-C,181.9,94.56,0.009,150.0,0.015,150.0,105.55,0.09954,-0.10616,0.01659,0.00233,0.08253
184.09,ETH-27MAR20,1570964345810,open,0.17,1272.0,0.116,0.227,0.175286,100.35,0.174,0.0,ETH-27MAR20-240-C,181.9,98.38,0.17,438.0,0.181,24.0,102.47,0.49437,-0.14954,0.2537,0.0032,0.47854
182.84,ETH-27DEC19,1570964345810,open,0.0,14630.0,0.001,0.012,0.002102,112.44,0.002,0.0,ETH-27DEC19-640-C,181.9,103.57,0.001,2113.0,0.003,3662.0,117.41,0.02902,-0.02179,0.00435,0.00038,0.01371
182.84,ETH-27DEC19,1570964345810,open,0.07,2495.0,0.037,0.104,0.070444,102.59,0.074,0.0,ETH-27DEC19-140-P,181.9,99.94,0.067,267.0,0.074,487.0,105.3,0.23858,-0.16344,-0.10514,0.00339,-0.20987
182.84,ETH-27DEC19,1570964345810,open,0.09,5074.0,0.046,0.126,0.086712,100.28,0.102,0.0,ETH-27DEC19-240-C,181.9,98.07,0.083,140.0,0.091,588.0,102.81,0.30831,-0.20645,0.10063,0.00448,0.355
182.49,SYN.ETH-29NOV19,1570964345810,open,0.02,116.0,0.006,0.04,0.019853,93.8,0.022,0.0,ETH-29NOV19-280-C,181.9,90.0,0.017,350.0,0.023,200.0,97.73,0.14161,-0.14168,0.02686,0.00353,0.13447
182.49,SYN.ETH-29NOV19,1570964345812,open,0.04,174.0,0.017,0.069,0.041732,91.17,0.045,0.0,ETH-29NOV19-240-C,181.9,87.85,0.038,135.0,0.043,1.0,92.28,0.20773,-0.20202,0.04876,0.00533,0.2498
182.05,SYN.ETH-25OCT19,1570964345812,open,0.0,5667.0,0.001,0.011,0.000981,105.79,0.001,0.0,ETH-25OCT19-280-C,181.9,0.0,0.0,0.0,0.002,350.0,117.12,0.01269,-0.05653,0.00085,0.00111,0.01536
181.96,SYN.ETH-18OCT19,1570964345812,open,0.01,460.0,0.001,0.03,0.010882,76.63,0.012,0.0,ETH-18OCT19-170-P,181.9,73.94,0.01,9.0,0.012,160.0,79.96,0.06034,-0.47414,-0.00533,0.0178,-0.20839
184.09,ETH-27MAR20,1570964345814,open,0.1,626.0,0.054,0.149,0.101907,100.93,0.105,0.0,ETH-27MAR20-320-C,181.9,98.88,0.097,404.0,0.106,260.0,102.62,0.44281,-0.13472,0.18104,0.00285,0.31831
184.09,ETH-27MAR20,1570964345817,open,0.19,1405.0,0.13,0.24,0.187224,100.38,0.185,0.0,ETH-27MAR20-160-P,181.9,98.56,0.183,127.0,0.191,300.0,102.01,0.42662,-0.12909,-0.40148,0.00276,-0.29267
184.09,ETH-27MAR20,1570964345817,open,0.03,4330.0,0.008,0.056,0.027963,108.33,0.028,0.0,ETH-27MAR20-600-C,181.9,105.84,0.025,540.0,0.031,190.0,110.74,0.2259,-0.07376,0.06458,0.00135,0.10515
182.05,SYN.ETH-25OCT19,1570964345820,open,0.05,1759.0,0.023,0.083,0.052171,80.6,0.052,0.0,ETH-25OCT19-180-P,181.9,74.74,0.048,197.0,0.052,280.0,80.36,0.12953,-0.43956,-0.02916,0.0149,-0.44016
182.84,ETH-27DEC19,1570964345824,open,0.19,1196.0,0.136,0.228,0.185997,100.21,0.19,0.0,ETH-27DEC19-180-C,181.9,97.92,0.182,340.0,0.191,436.0,103.07,0.31928,-0.21364,0.15645,0.00465,0.60312
184.09,ETH-27MAR20,1570964345824,open,0.03,971.0,0.013,0.05,0.030009,109.35,0.034,0.0,ETH-27MAR20-80-P,181.9,105.85,0.027,320.0,0.033,320.0,112.72,0.16095,-0.05305,-0.08109,0.00096,-0.06692
182.84,ETH-27DEC19,1570964345824,open,0.02,3938.0,0.007,0.038,0.02056,111.24,0.018,0.0,ETH-27DEC19-100-P,181.9,107.08,0.018,672.0,0.023,310.0,115.02,0.11553,-0.08582,-0.03531,0.00151,-0.07358
184.09,ETH-27MAR20,1570964345824,open,0.59,19.0,0.568,0.621,0.595439,109.35,0.542,0.0,ETH-27MAR20-80-C,181.9,0.0,0.07,20.0,0.0,0.0,0.0,0.16095,-0.05305,0.28247,0.00096,0.93308
182.84,ETH-27DEC19,1570964345824,open,0.32,2918.0,0.252,0.374,0.315386,100.28,0.324,0.0,ETH-27DEC19-220-P,181.9,96.11,0.308,96.0,0.321,96.0,103.43,0.32505,-0.21766,-0.33266,0.00473,-0.57153
181.96,SYN.ETH-18OCT19,1570964345826,open,0.0,20.0,0.001,0.011,0.000291,119.76,0.004,0.0,ETH-18OCT19-130-P,181.9,0.0,0.0,0.0,0.002,150.0,158.31,0.0037,-0.04543,-0.00016,0.0007,-0.00623
182.05,SYN.ETH-25OCT19,1570964345826,open,0.0,2432.0,0.001,0.017,0.005566,102.07,0.007,0.0,ETH-25OCT19-140-P,181.9,94.61,0.004,201.0,0.008,350.0,111.86,0.04135,-0.17771,-0.00415,0.00376,-0.06443
182.84,ETH-27DEC19,1570964345834,open,2.95,0.0,2.824,3.065,2.939827,120.0,None,0.0,ETH-27DEC19-720-P,181.9,0.0,0.003,5.0,0.0,0.0,0.0,0.02628,-0.02106,-1.47315,0.00032,-0.98778
182.49,SYN.ETH-29NOV19,1570964345834,open,0.09,262.0,0.055,0.128,0.093276,91.17,0.104,0.0,ETH-29NOV19-200-C,181.9,88.16,0.089,103.0,0.097,220.0,93.79,0.25912,-0.25199,0.0844,0.00665,0.4534
181.96,SYN.ETH-18OCT19,1570964345834,open,0.28,0.0,0.264,0.307,0.285853,119.76,None,0.0,ETH-18OCT19-130-C,181.9,0.0,0.0,0.0,0.0,0.0,0.0,0.0037,-0.04543,0.01721,0.0007,0.99377
182.49,SYN.ETH-29NOV19,1570964345834,open,0.19,6.0,0.153,0.23,0.194861,92.68,0.185,0.0,ETH-29NOV19-160-C,181.9,82.06,0.182,320.0,0.211,320.0,105.8,0.22278,-0.22024,0.12142,0.00562,0.71295
182.84,ETH-27DEC19,1570964345836,open,0.89,0.0,0.817,0.958,0.885427,102.19,None,0.0,ETH-27DEC19-340-P,181.9,0.0,0.001,5.0,0.0,0.0,0.0,0.17867,-0.12193,-0.65701,0.00255,-0.86624
182.84,ETH-27DEC19,1570964345836,open,0.78,101.0,0.714,0.853,0.782421,101.43,0.513,0.0,ETH-27DEC19-320-P,181.9,0.0,0.006,5.0,0.0,0.0,0.0,0.20267,-0.13728,-0.60799,0.00291,-0.83857
184.09,ETH-27MAR20,1570964345836,open,1.66,0.0,1.551,1.756,1.650362,104.12,None,0.0,ETH-27MAR20-480-P,181.9,0.0,0.003,10.0,0.0,0.0,0.0,0.29597,-0.09289,-2.08746,0.00185,-0.8448
182.84,ETH-27DEC19,1570964345839,open,1.1,0.0,1.024,1.172,1.095175,103.46,None,0.0,ETH-27DEC19-380-P,181.9,0.0,0.001,5.0,0.0,0.0,0.0,0.13699,-0.09465,-0.75124,0.00193,-0.90772
184.09,ETH-27MAR20,1570964345839,open,1.04,6.0,0.944,1.127,1.035462,101.55,1.165,0.0,ETH-27MAR20-360-P,181.9,0.0,0.0,0.0,0.0,0.0,0.0,0.40408,-0.12369,-1.48374,0.00258,-0.73806
182.05,SYN.ETH-25OCT19,1570964345839,open,0.06,1111.0,0.032,0.093,0.063427,80.6,0.069,0.0,ETH-25OCT19-180-C,181.9,78.6,0.062,75.0,0.069,400.0,88.44,0.12953,-0.43956,0.0294,0.0149,0.55984
181.96,SYN.ETH-18OCT19,1570964345839,open,0.23,0.0,0.207,0.254,0.231107,102.86,None,0.0,ETH-18OCT19-140-C,181.9,0.0,0.0,0.0,0.0,0.0,0.0,0.00646,-0.06815,0.0184,0.00142,0.98823
182.84,ETH-27DEC19,1570964345841,open,0.0,4118.0,0.001,0.011,0.001469,120.0,0.001,0.0,ETH-27DEC19-760-C,181.9,0.0,0.0,0.0,0.002,20.0,124.14,0.0209,-0.01675,0.00297,0.00025,0.0094
182.84,ETH-27DEC19,1570964345841,open,1.64,21.0,1.551,1.72,1.63171,106.48,0.629,0.0,ETH-27DEC19-480-P,181.9,0.0,0.001,7.0,0.0,0.0,0.0,0.07019,-0.04991,-0.97239,0.00096,-0.9608
182.05,SYN.ETH-25OCT19,1570964345841,open,0.32,302.0,0.281,0.366,0.321774,90.34,0.432,0.0,ETH-25OCT19-240-P,181.9,0.0,0.0,0.0,0.0,0.0,0.0,0.03559,-0.13538,-0.07514,0.00365,-0.94678
182.05,SYN.ETH-25OCT19,1570964345841,open,0.43,3.0,0.387,0.476,0.429659,95.77,0.534,0.0,ETH-25OCT19-260-P,181.9,0.0,0.0,0.0,0.0,0.0,0.0,0.01857,-0.07487,-0.08326,0.0018,-0.97597
184.09,ETH-27MAR20,1570964345845,open,1.87,0.0,1.757,1.97,1.859652,104.32,None,0.0,ETH-27MAR20-520-P,181.9,0.0,0.005,10.0,0.0,0.0,0.0,0.26297,-0.08269,-2.28338,0.00164,-0.86969
182.84,ETH-27DEC19,1570964345845,open,0.01,5465.0,0.001,0.018,0.006463,106.48,0.007,0.0,ETH-27DEC19-480-C,181.9,102.36,0.005,300.0,0.008,200.0,110.22,0.07019,-0.04991,0.01228,0.00096,0.0392
182.84,ETH-27DEC19,1570964345849,open,0.38,2.0,0.348,0.416,0.383665,105.96,0.346,0.0,ETH-27DEC19-120-C,181.9,0.0,0.101,1.0,0.0,0.0,0.0,0.17695,-0.1252,0.1817,0.00244,0.8681
182.05,SYN.ETH-25OCT19,1570964345849,open,0.0,3324.0,0.001,0.011,0.001778,119.65,0.001,0.0,ETH-25OCT19-120-P,181.9,109.43,0.001,200.0,0.003,3.0,131.14,0.01639,-0.08255,-0.00133,0.00127,-0.02072
182.49,SYN.ETH-29NOV19,1570964345849,open,0.27,1.0,0.234,0.303,0.27039,95.72,0.289,0.0,ETH-29NOV19-140-C,181.9,0.0,0.0,0.0,0.0,0.0,0.0,0.16706,-0.17056,0.13056,0.00408,0.82747
182.84,ETH-27DEC19,1570964345851,open,0.03,926.0,0.008,0.05,0.025878,102.19,0.03,0.0,ETH-27DEC19-340-C,181.9,99.17,0.023,630.0,0.029,310.0,105.31,0.17867,-0.12193,0.04047,0.00255,0.13376
184.09,ETH-27MAR20,1570964345851,open,2.08,0.0,1.965,2.188,2.071942,105.51,None,0.0,ETH-27MAR20-560-P,181.9,0.0,0.01,10.0,0.0,0.0,0.0,0.23857,-0.07588,-2.47509,0.00147,-0.88655
182.49,SYN.ETH-29NOV19,1570964345851,open,0.36,0.0,0.332,0.389,0.361382,103.07,None,0.0,ETH-29NOV19-120-C,181.9,0.0,0.0,0.0,0.0,0.0,0.0,0.10923,-0.12008,0.12776,0.00248,0.90652
184.09,ETH-27MAR20,1570964345854,open,0.03,2415.0,0.011,0.066,0.034947,104.32,0.032,0.0,ETH-27MAR20-520-C,181.9,102.21,0.032,150.0,0.038,240.0,106.42,0.26297,-0.08269,0.07978,0.00164,0.13031
182.05,SYN.ETH-25OCT19,1570964345854,open,0.54,3.0,0.494,0.588,0.539028,105.79,0.645,0.0,ETH-25OCT19-280-P,181.9,0.0,0.0,0.0,0.0,0.0,0.0,0.01269,-0.05653,-0.09025,0.00111,-0.98464
184.09,ETH-27MAR20,1570964345857,open,0.84,7.0,0.752,0.927,0.840187,100.93,0.945,0.0,ETH-27MAR20-320-P,181.9,0.0,0.0,0.0,0.0,0.0,0.0,0.44281,-0.13472,-1.27321,0.00285,-0.68169
184.09,ETH-27MAR20,1570964345857,open,1.45,0.0,1.346,1.543,1.442062,103.19,None,0.0,ETH-27MAR20-440-P,181.9,0.0,0.002,10.0,0.0,0.0,0.0,0.3288,-0.10227,-1.89011,0.00207,-0.8172
182.49,SYN.ETH-29NOV19,1570964345857,open,0.56,0.0,0.499,0.612,0.554196,93.8,None,0.0,ETH-29NOV19-280-P,181.9,0.0,0.0,0.0,0.0,0.0,0.0,0.14161,-0.14168,-0.33273,0.00353,-0.86553
181.96,SYN.ETH-18OCT19,1570964345857,open,0.0,8.0,0.001,0.011,0.000502,102.86,0.001,0.0,ETH-18OCT19-140-P,181.9,0.0,0.0,0.0,0.002,300.0,128.2,0.00646,-0.06815,-0.0003,0.00142,-0.01177
182.84,ETH-27DEC19,1570964345860,open,1.42,0.0,1.339,1.5,1.415919,105.57,None,0.0,ETH-27DEC19-440-P,181.9,0.0,0.001,8.0,0.0,0.0,0.0,0.09223,-0.06502,-0.88549,0.00127,-0.94492
182.84,ETH-27DEC19,1570964345864,open,0.3,18.0,0.261,0.342,0.304747,102.59,0.305,0.0,ETH-27DEC19-140-C,181.9,0.0,0.0,0.0,0.0,0.0,0.0,0.23858,-0.16344,0.18206,0.00339,0.79013
182.84,ETH-27DEC19,1570964345866,open,1.21,16.0,1.129,1.282,1.202135,105.12,1.195,0.0,ETH-27DEC19-400-P,181.9,0.0,0.001,8.0,0.0,0.0,0.0,0.12293,-0.0863,-0.79602,0.00171,-0.92016
182.49,SYN.ETH-29NOV19,1570964345866,open,0.36,0.0,0.303,0.411,0.356883,91.17,None,0.0,ETH-29NOV19-240-P,181.9,0.0,0.0,0.0,0.0,0.0,0.0,0.20773,-0.20202,-0.25946,0.00533,-0.7502
182.05,SYN.ETH-25OCT19,1570964345866,open,0.0,4693.0,0.001,0.011,0.000135,120.0,0.001,0.0,ETH-25OCT19-100-P,181.9,0.0,0.0,0.0,0.002,250.0,167.87,0.00209,-0.01058,-0.00013,0.00016,-0.00201
182.84,ETH-27DEC19,1570964345868,open,0.02,895.0,0.004,0.036,0.016855,103.46,0.025,0.0,ETH-27DEC19-380-C,181.9,100.91,0.015,320.0,0.019,480.0,106.24,0.13699,-0.09465,0.02829,0.00193,0.09228
181.96,SYN.ETH-18OCT19,1570964345868,open,0.0,246.0,0.001,0.011,0.000964,99.07,0.001,0.0,ETH-18OCT19-230-C,181.9,0.0,0.0,0.0,0.002,153.0,111.77,0.01161,-0.11797,0.00054,0.00265,0.02336
181.96,SYN.ETH-18OCT19,1570964345868,open,0.0,1006.0,0.001,0.016,0.003905,83.88,0.005,0.0,ETH-18OCT19-160-P,181.9,71.55,0.002,366.0,0.006,202.0,94.46,0.03259,-0.28031,-0.00215,0.00878,-0.08453
182.84,ETH-27DEC19,1570964345871,open,0.11,5412.0,0.067,0.153,0.112148,100.28,0.114,0.0,ETH-27DEC19-220-C,181.9,97.94,0.108,137.0,0.117,233.0,103.0,0.32505,-0.21766,0.11865,0.00473,0.42847
182.49,SYN.ETH-29NOV19,1570964345871,open,0.01,507.0,0.001,0.019,0.008531,111.77,0.01,0.0,ETH-29NOV19-100-P,181.9,103.55,0.006,510.0,0.011,510.0,118.66,0.0613,-0.07308,-0.0124,0.00128,-0.04438
181.96,SYN.ETH-18OCT19,1570964345871,open,0.0,325.0,0.001,0.011,0.001451,89.15,0.001,0.0,ETH-18OCT19-220-C,181.9,83.73,0.001,59.0,0.002,200.0,94.52,0.01688,-0.1543,0.00086,0.00428,0.03666
182.84,ETH-27DEC19,1570964345873,open,0.04,1105.0,0.015,0.071,0.040932,101.01,0.04,0.0,ETH-27DEC19-300-C,181.9,98.64,0.038,596.0,0.044,596.0,103.42,0.2295,-0.1548,0.05841,0.00331,0.19666
182.84,ETH-27DEC19,1570964345873,open,2.29,0.0,2.187,2.391,2.284539,112.44,0.953,0.0,ETH-27DEC19-600-P,181.9,0.0,0.0,0.0,0.0,0.0,0.0,0.03807,-0.02859,-1.22489,0.00049,-0.98118
182.84,ETH-27DEC19,1570964345873,open,1.85,37.0,1.763,1.944,1.849485,110.41,0.707,0.0,ETH-27DEC19-520-P,181.9,0.0,0.002,25.0,0.0,0.0,0.0,0.06079,-0.04482,-1.05644,0.0008,-0.96712
182.49,SYN.ETH-29NOV19,1570964345876,open,0.07,21.0,0.039,0.105,0.071628,92.68,0.073,0.0,ETH-29NOV19-160-P,181.9,88.88,0.067,106.0,0.076,320.0,96.25,0.22278,-0.22024,-0.08406,0.00562,-0.28705
184.09,ETH-27MAR20,1570964345883,open,0.32,1164.0,0.249,0.385,0.320252,99.89,0.319,0.0,ETH-27MAR20-200-P,181.9,96.75,0.312,300.0,0.327,300.0,102.46,0.48393,-0.1457,-0.61548,0.00315,-0.41544
182.84,ETH-27DEC19,1570964345883,open,0.0,15549.0,0.001,0.012,0.002981,112.44,0.003,0.0,ETH-27DEC19-600-C,181.9,107.06,0.002,1001.0,0.004,1666.0,116.85,0.03807,-0.02859,0.00594,0.00049,0.01882
184.09,ETH-27MAR20,1570964345887,open,0.48,168.0,0.399,0.553,0.478996,100.35,0.456,0.0,ETH-27MAR20-240-P,181.9,96.62,0.469,300.0,0.491,24.0,104.81,0.49437,-0.14954,-0.83699,0.0032,-0.52146
182.05,SYN.ETH-25OCT19,1570964345887,open,0.01,1557.0,0.001,0.024,0.008722,84.84,0.01,0.0,ETH-25OCT19-220-C,181.9,79.93,0.007,150.0,0.01,439.0,88.23,0.06679,-0.23859,0.00676,0.0073,0.12288
182.49,SYN.ETH-29NOV19,1570964345887,open,0.46,0.0,0.439,0.482,0.460551,111.77,None,0.0,ETH-29NOV19-100-C,181.9,0.0,0.0,0.0,0.0,0.0,0.0,0.0613,-0.07308,0.11603,0.00128,0.95562
181.96,SYN.ETH-18OCT19,1570964345887,open,0.04,446.0,0.012,0.066,0.038654,71.95,0.039,0.0,ETH-18OCT19-180-C,181.9,66.1,0.036,71.0,0.042,120.0,79.31,0.08267,-0.60994,0.01287,0.02598,0.56824
182.84,ETH-27DEC19,1570964345889,open,0.01,7532.0,0.001,0.024,0.009444,105.57,0.01,0.0,ETH-27DEC19-440-C,181.9,102.57,0.008,320.0,0.011,480.0,108.52,0.09223,-0.06502,0.01712,0.00127,0.05508
182.84,ETH-27DEC19,1570964345889,open,0.24,3466.0,0.18,0.293,0.238466,100.21,0.237,0.0,ETH-27DEC19-200-P,181.9,96.63,0.232,96.0,0.244,96.0,103.27,0.33023,-0.22098,-0.2726,0.00481,-0.48832
182.84,ETH-27DEC19,1570964345893,open,2.73,0.0,2.612,2.84,2.721086,116.09,None,0.0,ETH-27DEC19-680-P,181.9,0.0,0.002,10.0,0.0,0.0,0.0,0.02718,-0.02107,-1.39092,0.00034,-0.98729
181.96,SYN.ETH-18OCT19,1570964345893,open,0.0,294.0,0.001,0.011,0.001958,75.41,0.003,0.0,ETH-18OCT19-210-C,181.9,66.51,0.001,18.0,0.003,200.0,82.63,0.0233,-0.18022,0.00128,0.00699,0.05473
182.05,SYN.ETH-25OCT19,1570964345893,open,0.23,12.0,0.209,0.263,0.236543,102.07,0.192,0.0,ETH-25OCT19-140-C,181.9,0.0,0.0,0.0,0.0,0.0,0.0,0.04135,-0.17771,0.0414,0.00376,0.93557
184.09,ETH-27MAR20,1570964345896,open,0.06,993.0,0.028,0.106,0.065368,103.09,0.072,0.0,ETH-27MAR20-400-C,181.9,101.39,0.062,148.0,0.069,32.0,104.89,0.36831,-0.11445,0.13012,0.00232,0.2209
184.09,ETH-27MAR20,1570964345896,open,0.08,529.0,0.038,0.123,0.079897,101.55,0.078,0.0,ETH-27MAR20-360-C,181.9,99.76,0.076,406.0,0.084,260.0,103.41,0.40408,-0.12369,0.1523,0.00258,0.26194
182.84,ETH-27DEC19,1570964345896,open,0.02,1033.0,0.006,0.043,0.020907,102.94,0.027,0.0,ETH-27DEC19-360-C,181.9,100.67,0.019,51.0,0.023,480.0,105.32,0.15696,-0.1079,0.03388,0.00222,0.11123
182.84,ETH-27DEC19,1570964345898,open,0.4,2287.0,0.334,0.462,0.399335,100.28,0.354,0.0,ETH-27DEC19-240-P,181.9,0.0,0.001,15.0,0.0,0.0,0.0,0.30831,-0.20645,-0.3917,0.00448,-0.645
182.84,ETH-27DEC19,1570964345898,open,0.11,3473.0,0.07,0.156,0.114073,100.93,0.115,0.0,ETH-27DEC19-160-P,181.9,98.35,0.11,471.0,0.118,468.0,103.42,0.28852,-0.19446,-0.15582,0.00417,-0.30137
182.84,ETH-27DEC19,1570964345898,open,2.51,0.0,2.399,2.614,2.50243,112.44,None,0.0,ETH-27DEC19-640-P,181.9,0.0,0.0,0.0,0.0,0.0,0.0,0.02902,-0.02179,-1.30854,0.00038,-0.98629
184.09,ETH-27MAR20,1570964345898,open,0.44,40.0,0.392,0.477,0.438023,103.45,0.459,0.0,ETH-27MAR20-120-C,181.9,0.0,0.1,1.0,0.0,0.0,0.0,0.3116,-0.09716,0.32965,0.00196,0.83206
182.84,ETH-27DEC19,1570964345898,open,0.47,0.0,0.446,0.499,0.473634,111.24,None,0.0,ETH-27DEC19-100-C,181.9,0.0,0.0,0.0,0.0,0.0,0.0,0.11553,-0.08582,0.16983,0.00151,0.92642
182.84,ETH-27DEC19,1570964345898,open,2.07,0.0,1.975,2.167,2.066525,110.41,0.845,0.0,ETH-27DEC19-560-P,181.9,0.0,0.0,0.0,0.0,0.0,0.0,0.04577,-0.03375,-1.14141,0.0006,-0.97661
182.49,SYN.ETH-29NOV19,1570964345898,open,0.13,27.0,0.094,0.172,0.135814,91.17,0.149,0.0,ETH-29NOV19-180-C,181.9,88.45,0.132,84.0,0.141,320.0,94.88,0.25545,-0.24842,0.10442,0.00655,0.58137
182.84,ETH-27DEC19,1570964345910,open,0.0,12462.0,0.001,0.011,0.001987,116.09,0.005,0.0,ETH-27DEC19-680-C,181.9,107.74,0.001,1270.0,0.003,2709.0,121.95,0.02718,-0.02107,0.00402,0.00034,0.01271
182.84,ETH-27DEC19,1570964345910,open,0.04,5363.0,0.017,0.065,0.039976,105.96,0.04,0.0,ETH-27DEC19-120-P,181.9,102.85,0.037,667.0,0.043,307.0,109.05,0.17695,-0.1252,-0.06447,0.00244,-0.1319
182.84,ETH-27DEC19,1570964345910,open,0.01,4275.0,0.003,0.032,0.01443,105.12,0.016,0.0,ETH-27DEC19-400-C,181.9,102.94,0.013,145.0,0.016,480.0,107.39,0.12293,-0.0863,0.02454,0.00171,0.07984
184.09,ETH-27MAR20,1570964345910,open,0.32,320.0,0.261,0.365,0.318084,100.38,0.328,0.0,ETH-27MAR20-160-C,181.9,93.03,0.301,31.0,0.339,300.0,109.44,0.42662,-0.12909,0.32565,0.00276,0.70733
184.09,ETH-27MAR20,1570964345910,open,0.23,1109.0,0.173,0.285,0.233826,99.89,0.241,0.0,ETH-27MAR20-200-C,181.9,98.05,0.229,434.0,0.24,324.0,102.24,0.48393,-0.1457,0.29343,0.00315,0.58456
182.84,ETH-27DEC19,1570964345912,open,3.16,0.0,3.036,3.289,3.158109,120.0,None,0.0,ETH-27DEC19-760-P,181.9,0.0,0.0,0.0,0.0,0.0,0.0,0.0209,-0.01675,-1.55608,0.00025,-0.9906
184.09,ETH-27MAR20,1570964345912,open,2.3,0.0,2.175,2.41,2.287238,108.33,None,0.0,ETH-27MAR20-600-P,181.9,0.0,0.02,10.0,0.0,0.0,0.0,0.2259,-0.07376,-2.66215,0.00135,-0.89485
181.96,SYN.ETH-18OCT19,1570964345912,open,0.0,203.0,0.001,0.011,0.00152,94.38,0.002,0.0,ETH-18OCT19-150-P,181.9,87.68,0.001,16.0,0.003,100.0,108.21,0.01586,-0.1535,-0.00086,0.0038,-0.03398
181.96,SYN.ETH-18OCT19,1570964345912,open,0.21,0.0,0.174,0.25,0.2105,89.15,None,0.0,ETH-18OCT19-220-P,181.9,0.0,0.0,0.0,0.0,0.0,0.0,0.01688,-0.1543,-0.02853,0.00428,-0.96334
8398.36,BTC-27DEC19,1570964345918,open,0.07,259.2,0.0375,0.099,0.06744681,81.97,0.0675,0.0,BTC-27DEC19-7000-P,8343.82,80.27,0.065,46.3,0.0695,10.0,83.4,12.07379,-6.60906,-5.4598,0.0001,-0.24946
8501.36,BTC-27MAR20,1570964345918,open,0.01,50.1,0.0025,0.0335,0.01272724,104.91,0.013,0.0,BTC-27MAR20-34000-C,8343.82,103.21,0.0115,11.0,0.014,1.0,106.58,6.2938,-1.99038,1.5989,2e-05,0.05411
8501.36,BTC-27MAR20,1570964345918,open,0.94,1.1,0.8755,1.011,0.94139876,88.65,1.08,0.0,BTC-27MAR20-16000-P,8343.82,53.64,0.89,1.0,0.992,1.0,111.3,17.13806,-4.57982,-66.35721,6e-05,-0.77615
8501.36,BTC-27MAR20,1570964345918,open,0.34,179.8,0.2795,0.4,0.34100825,84.25,0.3435,0.0,BTC-27MAR20-10000-P,8343.82,82.02,0.335,3.6,0.347,3.7,86.48,22.8635,-5.8064,-32.52109,8e-05,-0.50075
8398.36,BTC-27DEC19,1570964345918,open,0.82,10.1,0.8115,0.831,0.82141974,114.86,0.8205,0.0,BTC-27DEC19-1500-C,8343.82,0.0,0.8135,1.0,0.83,1.0,232.68,0.0258,-0.01979,3.07357,0.0,0.99982
8398.36,BTC-27DEC19,1570964345918,open,4.25,0.0,4.1365,4.3475,4.23936175,115.48,3.46,0.0,BTC-27DEC19-44000-P,8343.82,0.0,0.0015,0.1,0.0,0.0,0.0,0.2232,-0.17212,-90.23367,0.0,-0.99816
8501.36,BTC-27MAR20,1570964345918,open,0.19,222.2,0.134,0.234,0.18499835,82.76,0.184,0.0,BTC-27MAR20-8000-P,8343.82,82.56,0.1845,4.9,0.186,3.0,83.17,21.20642,-5.29054,-20.63242,8e-05,-0.34904
8398.36,BTC-27DEC19,1570964345918,open,0.0,482.1,0.0005,0.012,0.00249068,105.55,0.0025,0.0,BTC-27DEC19-26000-C,8343.82,99.35,0.0015,35.0,0.0035,39.0,110.28,1.58739,-1.11882,0.2465,1e-05,0.0168
8501.36,BTC-27MAR20,1570964345918,open,0.24,109.2,0.194,0.289,0.24397023,82.76,0.244,0.0,BTC-27MAR20-8000-C,8343.82,82.17,0.2425,3.6,0.245,3.0,83.18,21.20644,-5.29048,15.72396,8e-05,0.65096
8501.36,BTC-27MAR20,1570964345918,open,0.11,528.9,0.066,0.1585,0.11237281,85.13,0.116,0.0,BTC-27MAR20-12000-C,8343.82,83.41,0.108,14.0,0.117,5.1,86.93,21.76589,-5.58514,10.21917,8e-05,0.37688
8398.36,BTC-27DEC19,1570964345918,open,0.76,0.0,0.7525,0.772,0.76207623,114.97,None,0.0,BTC-27DEC19-2000-C,8343.82,0.0,0.019,3.2,0.0,0.0,0.0,0.1607,-0.12338,4.07695,0.0,0.99872
8501.36,BTC-27MAR20,1570964345918,open,1.17,0.0,1.0965,1.2355,1.16298544,90.66,1.23,0.0,BTC-27MAR20-18000-P,8343.82,0.0,1.111,1.0,1.214,1.0,115.6,14.94849,-4.08489,-76.67805,5e-05,-0.8217
8398.36,BTC-27DEC19,1570964345918,open,0.0,649.0,0.0005,0.013,0.00337016,103.46,0.0035,0.0,BTC-27DEC19-24000-C,8343.82,99.49,0.0025,16.1,0.0045,62.0,107.7,2.02766,-1.40093,0.32799,1e-05,0.02241
8398.36,BTC-27DEC19,1570964345918,open,0.0,519.0,0.0005,0.0125,0.00274141,115.0,0.003,0.0,BTC-27DEC19-3000-P,8343.82,109.49,0.002,38.0,0.0045,62.0,125.13,1.24356,-0.95498,-0.26515,1e-05,-0.01265
8398.36,BTC-27DEC19,1570964345918,open,0.0,442.3,0.0005,0.0105,0.00023116,115.0,0.0005,0.0,BTC-27DEC19-44000-C,8343.82,0.0,0.0,0.0,0.001,17.9,130.69,0.21411,-0.16442,0.02625,0.0,0.00175
8398.36,BTC-27DEC19,1570964345919,open,0.19,747.5,0.142,0.2305,0.18693128,79.74,0.184,0.0,BTC-27DEC19-9000-P,8343.82,79.5,0.1865,0.5,0.19,10.0,81.43,15.17407,-8.07947,-11.91035,0.00013,-0.50439
8398.36,BTC-27DEC19,1570964345919,open,0.7,0.0,0.6935,0.713,0.70325858,114.99,None,0.0,BTC-27DEC19-2500-C,8343.82,0.0,0.021,4.1,0.0,0.0,0.0,0.53431,-0.41028,5.02897,0.0,0.99516
8398.37,BTC-27DEC19,1570964345919,open,0.27,56.0,0.242,0.3065,0.27519291,83.72,0.2755,0.0,BTC-27DEC19-6500-C,8343.82,61.38,0.2495,12.0,0.3025,12.0,104.81,10.43566,-5.83399,9.15488,9e-05,0.80658
8501.36,BTC-27MAR20,1570964345919,open,3.72,1.0,3.615,3.8265,3.71487424,109.3,2.7125,0.0,BTC-27MAR20-40000-P,8343.82,0.0,0.005,4.0,0.0,0.0,0.0,5.08936,-1.67672,-180.55436,1e-05,-0.95849
8398.37,BTC-27DEC19,1570964345919,open,0.02,365.8,0.009,0.0435,0.02403325,88.6,0.023,0.0,BTC-27DEC19-5500-P,8343.82,86.71,0.0225,57.0,0.0255,0.1,90.37,6.9002,-4.08249,-2.21707,5e-05,-0.10465
8398.37,BTC-27DEC19,1570964345919,open,1.87,0.0,1.8025,1.926,1.86107775,103.51,None,0.0,BTC-27DEC19-24000-P,8343.82,0.0,0.008,5.0,0.0,0.0,0.0,2.03178,-1.40435,-48.90459,1e-05,-0.97754
8398.37,BTC-27DEC19,1570964345919,open,1.63,4.9,1.569,1.6855,1.62401567,100.47,1.0385,0.0,BTC-27DEC19-22000-P,8343.82,0.0,0.008,5.0,0.0,0.0,0.0,2.54923,-1.71023,-44.6999,2e-05,-0.97054
8398.37,BTC-27DEC19,1570964345919,open,0.0,342.0,0.0005,0.0105,0.00012867,115.0,0.0005,0.0,BTC-27DEC19-48000-C,8343.82,0.0,0.0,0.0,0.001,39.0,136.36,0.12965,-0.09957,0.01524,0.0,0.00101
8398.36,BTC-27DEC19,1570964345918,open,3.77,0.0,3.6695,3.8625,3.76327283,115.26,2.58,0.0,BTC-27DEC19-40000-P,8343.82,0.0,0.001,1.0,0.0,0.0,0.0,0.36657,-0.28215,-82.00835,0.0,-0.99682
8501.36,BTC-27MAR20,1570964345919,open,0.08,251.1,0.047,0.1165,0.08110628,86.51,0.0815,0.0,BTC-27MAR20-6000-P,8343.82,85.07,0.0785,4.9,0.0835,5.1,87.83,15.39879,-4.01559,-10.35718,5e-05,-0.18697
8398.37,BTC-27DEC19,1570964345919,open,0.27,493.3,0.223,0.317,0.27069425,80.11,0.27,0.0,BTC-27DEC19-10000-P,8343.82,75.92,0.2635,17.0,0.2795,8.0,85.18,14.50886,-7.76167,-15.3068,0.00013,-0.61777
8398.37,BTC-27DEC19,1570964345919,open,0.12,707.1,0.078,0.1555,0.11723474,79.62,0.117,0.0,BTC-27DEC19-8000-P,8343.82,78.32,0.115,29.3,0.1205,5.0,81.52,14.4402,-7.67778,-8.50372,0.00013,-0.37636
8398.37,BTC-27DEC19,1570964345919,open,0.2,213.0,0.1585,0.233,0.19748533,80.89,0.2245,0.0,BTC-27DEC19-7500-C,8343.82,80.59,0.197,0.5,0.201,14.4,83.08,13.44526,-7.26267,8.46168,0.00011,0.68863
8501.36,BTC-27MAR20,1570964345919,open,2.78,0.0,2.694,2.8735,2.77831318,103.41,None,0.0,BTC-27MAR20-32000-P,8343.82,0.0,0.01,2.0,0.0,0.0,0.0,6.84681,-2.13416,-143.64756,2e-05,-0.93978
8398.37,BTC-27DEC19,1570964345920,open,0.37,260.6,0.318,0.4135,0.36534357,80.77,0.4475,0.0,BTC-27DEC19-11000-P,8343.82,49.5,0.324,6.0,0.3785,6.0,89.07,13.01106,-7.018,-18.53417,0.00011,-0.71045
8501.36,BTC-27MAR20,1570964345920,open,0.16,233.4,0.113,0.2125,0.1647231,84.25,0.162,0.0,BTC-27MAR20-10000-C,8343.82,83.24,0.162,10.0,0.168,5.0,85.47,22.8635,-5.80634,12.92431,8e-05,0.49925
8398.37,BTC-27DEC19,1570964345919,open,0.47,4.1,0.4575,0.4955,0.47569487,97.9,0.578,0.0,BTC-27DEC19-4500-C,8343.82,0.0,0.0125,6.1,0.0,0.0,0.0,4.02709,-2.63275,8.1427,3e-05,0.94833
8398.37,BTC-27DEC19,1570964345919,open,0.11,287.4,0.0765,0.152,0.11529093,79.73,0.111,0.0,BTC-27DEC19-9000-C,8343.82,78.19,0.1125,10.0,0.1155,1.0,79.85,15.17409,-8.07931,6.55217,0.00013,0.4956
8398.37,BTC-27DEC19,1570964345920,open,0.53,31.1,0.5165,0.5485,0.53169592,104.35,0.6265,0.0,BTC-27DEC19-4000-C,8343.82,0.0,0.019,4.2,0.5555,0.2,150.45,2.97207,-2.07094,7.45687,2e-05,0.96452
8377.95,SYN.BTC-29NOV19,1570964345918,open,0.56,0.0,0.525,0.6045,0.56283465,82.65,None,0.0,BTC-29NOV19-13000-P,8343.82,0.0,0.0005,5.0,0.0,0.0,0.0,4.91199,-4.33044,-15.83724,7e-05,-0.90909
8398.37,BTC-27DEC19,1570964345920,open,0.03,471.4,0.01,0.0535,0.02863499,83.56,0.035,0.0,BTC-27DEC19-13000-C,8343.82,82.1,0.027,23.0,0.0305,29.3,85.18,9.52369,-5.31392,2.38735,8e-05,0.16721
8398.37,BTC-27DEC19,1570964345920,open,0.0,498.4,0.0005,0.0115,0.00161068,105.55,0.0015,0.0,BTC-27DEC19-28000-C,8343.82,100.2,0.001,34.0,0.002,2.0,108.23,1.12826,-0.79522,0.16705,1e-05,0.01131
8352.46,SYN.BTC-25OCT19,1570964345919,open,0.07,453.7,0.0465,0.0995,0.07395514,71.11,0.075,0.0,BTC-25OCT19-8000-C,8343.82,62.08,0.068,28.0,0.073,18.0,69.67,5.54778,-16.61031,1.58043,0.00034,0.65552
8501.37,BTC-27MAR20,1570964345921,open,0.55,1.1,0.5315,0.5765,0.55349958,93.92,0.5375,0.0,BTC-27MAR20-4000-C,8343.82,0.0,0.012,3.1,0.8815,1.0,400.53,7.34152,-2.07849,14.70578,2e-05,0.93413
8352.46,SYN.BTC-25OCT19,1570964345918,open,0.03,1690.9,0.0115,0.055,0.03175712,71.11,0.0325,0.0,BTC-25OCT19-8000-P,8343.82,67.71,0.0295,10.0,0.0335,49.5,73.73,5.54779,-16.61045,-1.02246,0.00034,-0.34448
8352.46,SYN.BTC-25OCT19,1570964345918,open,0.15,14.9,0.1185,0.175,0.14613783,65.34,0.139,0.0,BTC-25OCT19-9500-P,8343.82,42.71,0.139,14.0,0.158,6.0,89.25,3.5241,-9.69509,-2.7051,0.00024,-0.84927
8377.95,SYN.BTC-29NOV19,1570964345919,open,0.02,289.1,0.004,0.0335,0.01569466,78.12,0.016,0.0,BTC-29NOV19-12000-C,8343.82,77.18,0.015,9.2,0.0165,0.1,79.19,6.22982,-5.19121,1.19148,9e-05,0.12643
8347.36,SYN.BTC-18OCT19,1570964345918,open,0.0,219.8,0.0005,0.012,0.0022953,94.82,0.0025,0.0,BTC-18OCT19-7000-P,8343.82,92.18,0.002,6.0,0.0025,2.0,96.54,0.96861,-9.41835,-0.05647,0.00011,-0.04834
8352.46,SYN.BTC-25OCT19,1570964345919,open,1.04,0.0,0.9955,1.077,1.03535228,115.26,None,0.0,BTC-25OCT19-17000-P,8343.82,0.0,0.001,0.1,0.0,0.0,0.0,0.02476,-0.12018,-5.52996,0.0,-0.99954
182.84,ETH-27DEC19,1570964345923,open,0.99,257.0,0.92,1.065,0.989841,102.94,0.7,0.0,ETH-27DEC19-360-P,181.9,0.0,0.01,2.0,0.0,0.0,0.0,0.15696,-0.1079,-0.70462,0.00222,-0.88877
8377.95,SYN.BTC-29NOV19,1570964345919,open,0.01,1022.0,0.0015,0.0265,0.01114094,82.65,0.009,0.0,BTC-29NOV19-13000-C,8343.82,81.54,0.0105,7.5,0.012,17.0,84.09,4.91147,-4.32977,0.8581,7e-05,0.09089
184.09,ETH-27MAR20,1570964345924,open,1.24,3.0,1.144,1.335,1.238218,103.09,1.39,0.0,ETH-27MAR20-400-P,181.9,0.0,0.001,10.0,0.0,0.0,0.0,0.36831,-0.11445,-1.6877,0.00232,-0.7791
8347.36,SYN.BTC-18OCT19,1570964345918,open,0.05,56.2,0.03,0.0765,0.05396977,63.04,0.053,0.0,BTC-18OCT19-8000-C,8343.82,60.48,0.053,0.6,0.0545,6.0,64.43,3.1763,-20.53482,0.75636,0.00054,0.7323
8352.46,SYN.BTC-25OCT19,1570964345918,open,0.0,645.3,0.0005,0.0115,0.00171585,79.44,0.0025,0.0,BTC-25OCT19-11000-C,8343.82,73.0,0.001,8.5,0.0025,30.0,84.8,1.08623,-3.63327,0.08277,6e-05,0.03217
182.84,ETH-27DEC19,1570964345924,open,0.68,1.0,0.614,0.751,0.681711,101.01,0.494,0.0,ETH-27DEC19-300-P,181.9,0.0,0.001,5.0,0.0,0.0,0.0,0.2295,-0.1548,-0.55701,0.00331,-0.80334
8347.36,SYN.BTC-18OCT19,1570964345919,open,0.28,0.0,0.267,0.297,0.28144658,114.99,None,0.0,BTC-18OCT19-6000-C,8343.82,0.0,0.269,6.0,0.2935,6.0,234.24,0.14875,-1.75409,0.79523,1e-05,0.99463
8347.36,SYN.BTC-18OCT19,1570964345918,open,0.0,184.8,0.0005,0.0105,0.00073453,104.27,0.001,0.0,BTC-18OCT19-6500-P,8343.82,98.66,0.0005,2.5,0.001,10.1,109.36,0.39328,-4.20533,-0.01904,4e-05,-0.01634
8352.46,SYN.BTC-25OCT19,1570964345919,open,0.2,324.0,0.175,0.2305,0.20171303,68.87,0.185,0.0,BTC-25OCT19-10000-P,8343.82,0.0,0.1795,5.0,0.2095,5.0,90.7,2.29649,-6.65859,-3.04101,0.00015,-0.9173
8377.95,SYN.BTC-29NOV19,1570964345919,open,0.15,20.5,0.1125,0.1875,0.15054877,74.06,0.145,0.0,BTC-29NOV19-9000-P,8343.82,71.9,0.1475,19.3,0.153,1.0,75.79,11.86561,-9.37306,-7.58652,0.00018,-0.55455
8347.36,SYN.BTC-18OCT19,1570964345918,open,0.06,6.0,0.034,0.084,0.0589391,60.54,0.069,0.0,BTC-18OCT19-8750-P,8343.82,58.02,0.058,6.8,0.0605,0.6,64.63,3.13955,-19.49158,-0.88901,0.00056,-0.73835
8377.95,SYN.BTC-29NOV19,1570964345919,open,0.03,170.5,0.009,0.048,0.02608224,76.22,0.028,0.0,BTC-29NOV19-11000-C,8343.82,74.61,0.0245,7.5,0.028,31.3,78.14,8.27348,-6.72675,1.81566,0.00012,0.19483
8352.46,SYN.BTC-25OCT19,1570964345918,open,0.44,37.4,0.409,0.4695,0.43768528,91.58,0.533,0.0,BTC-25OCT19-12000-P,8343.82,0.0,0.416,4.0,0.462,4.0,179.23,0.64756,-2.49683,-3.85975,3e-05,-0.98261
8352.46,SYN.BTC-25OCT19,1570964345918,open,0.1,540.9,0.0685,0.1255,0.09701891,65.3,0.1025,0.0,BTC-25OCT19-9000-P,8343.82,65.27,0.097,6.0,0.1025,6.0,74.08,5.09463,-14.00739,-2.21312,0.00034,-0.71736
8352.46,SYN.BTC-25OCT19,1570964345919,open,0.01,1235.9,0.0005,0.021,0.00774053,82.21,0.0075,0.0,BTC-25OCT19-7000-P,8343.82,79.87,0.007,1.0,0.0085,32.0,84.52,2.6992,-9.34292,-0.3006,0.00014,-0.10287
8352.46,SYN.BTC-25OCT19,1570964345918,open,0.0,660.3,0.0005,0.0105,6.757e-05,115.0,0.001,0.0,BTC-25OCT19-16000-C,8343.82,0.0,0.0,0.0,0.001,7.5,149.94,0.061,-0.29537,0.00314,0.0,0.00122
8377.95,SYN.BTC-29NOV19,1570964345919,open,0.45,0.0,0.4105,0.4885,0.44802732,78.12,None,0.0,BTC-29NOV19-12000-P,8343.82,0.0,0.0005,12.0,0.0,0.0,0.0,6.23019,-5.19171,-14.21961,9e-05,-0.87356
8377.95,SYN.BTC-29NOV19,1570964345920,open,0.24,0.0,0.198,0.277,0.23761942,74.4,0.245,0.0,BTC-29NOV19-10000-P,8343.82,68.98,0.231,6.9,0.2465,6.9,81.42,10.40548,-8.25729,-10.11114,0.00016,-0.70212
8352.46,SYN.BTC-25OCT19,1570964345919,open,0.0,518.3,0.0005,0.0105,0.00098245,108.26,0.0015,0.0,BTC-25OCT19-13000-C,8343.82,99.54,0.0005,37.0,0.0015,58.6,114.76,0.57327,-2.61293,0.03832,2e-05,0.01508
8347.36,SYN.BTC-18OCT19,1570964345921,open,0.1,17.2,0.0845,0.128,0.10612007,76.55,0.0955,0.0,BTC-18OCT19-7500-C,8343.82,61.79,0.1035,0.1,0.1065,6.0,78.33,1.75312,-13.76237,0.87975,0.00025,0.8951
8347.36,SYN.BTC-18OCT19,1570964345921,open,0.02,539.1,0.004,0.0395,0.0199594,60.54,0.017,0.0,BTC-18OCT19-8500-C,8343.82,56.17,0.018,0.1,0.019,1.0,58.4,3.7535,-23.30296,0.43645,0.00067,0.41138
8377.95,SYN.BTC-29NOV19,1570964345919,open,0.08,180.4,0.052,0.1165,0.08439551,75.68,0.083,0.0,BTC-29NOV19-8000-P,8343.82,73.56,0.0815,7.5,0.0875,35.8,77.96,11.43056,-9.22758,-4.99532,0.00017,-0.37987
182.84,ETH-27DEC19,1570964345927,open,0.01,10984.0,0.001,0.016,0.005469,110.41,0.007,0.0,ETH-27DEC19-520-C,181.9,105.54,0.004,1500.0,0.007,510.0,114.66,0.06079,-0.04482,0.01028,0.0008,0.03288
8347.36,SYN.BTC-18OCT19,1570964345921,open,0.0,343.2,0.0005,0.0165,0.00460772,76.55,0.0045,0.0,BTC-18OCT19-7500-P,8343.82,73.57,0.004,38.1,0.005,0.1,78.39,1.75314,-13.76266,-0.12211,0.00025,-0.10491
184.09,ETH-27MAR20,1570964345927,open,0.05,956.0,0.02,0.089,0.051927,103.19,0.05,0.0,ETH-27MAR20-440-C,181.9,101.53,0.049,149.0,0.055,260.0,104.89,0.3288,-0.10227,0.10949,0.00207,0.1828
182.84,ETH-27DEC19,1570964345927,open,0.0,4670.0,0.001,0.011,0.001958,120.0,0.002,0.0,ETH-27DEC19-720-C,181.9,111.64,0.001,1056.0,0.003,318.0,126.19,0.02628,-0.02106,0.00385,0.00032,0.01222
8377.95,SYN.BTC-29NOV19,1570964345920,open,0.2,1.4,0.174,0.234,0.20508049,78.62,0.215,0.0,BTC-29NOV19-7000-C,8343.82,74.23,0.2005,14.2,0.2095,14.2,82.76,8.84527,-7.41733,6.20646,0.00012,0.78191
8347.36,SYN.BTC-18OCT19,1570964345920,open,0.04,170.1,0.0155,0.062,0.0382454,60.54,0.039,0.0,BTC-18OCT19-8500-P,8343.82,57.77,0.037,1.0,0.04,0.6,64.43,3.7535,-23.30311,-0.69898,0.00067,-0.58862
8347.36,SYN.BTC-18OCT19,1570964345918,open,0.0,53.7,0.0005,0.0105,0.0002367,115.0,0.0005,0.0,BTC-18OCT19-6000-P,8343.82,0.0,0.0,0.0,0.001,8.6,139.14,0.1488,-1.75477,-0.00626,1e-05,-0.00538
184.09,ETH-27MAR20,1570964345928,open,0.13,955.0,0.079,0.184,0.133559,100.93,0.123,0.0,ETH-27MAR20-280-C,181.9,99.55,0.13,141.0,0.138,392.0,102.64,0.47657,-0.14498,0.21555,0.00307,0.39121
8377.95,SYN.BTC-29NOV19,1570964345922,open,0.08,204.6,0.0455,0.1065,0.07629928,74.06,0.073,0.0,BTC-29NOV19-9000-C,8343.82,71.72,0.073,7.5,0.0785,31.9,75.61,11.8656,-9.37291,3.97187,0.00018,0.44545
8352.46,SYN.BTC-25OCT19,1570964345920,open,0.56,32.0,0.526,0.5925,0.55741067,108.27,0.6245,0.0,BTC-25OCT19-13000-P,8343.82,0.0,0.5345,3.0,0.583,3.0,206.84,0.57351,-2.6142,-4.19136,2e-05,-0.98491
8352.46,SYN.BTC-25OCT19,1570964345918,open,0.0,620.9,0.0005,0.0145,0.00446055,68.86,0.0045,0.0,BTC-25OCT19-10000-C,8343.82,67.14,0.004,30.5,0.005,8.3,70.77,2.29637,-6.65809,0.21259,0.00015,0.08269
8347.36,SYN.BTC-18OCT19,1570964345920,open,0.22,0.5,0.2055,0.2395,0.22204523,104.27,0.18,0.0,BTC-18OCT19-6500-C,8343.82,0.0,0.208,6.0,0.236,6.0,201.13,0.39324,-4.2048,0.84923,4e-05,0.98366
182.84,ETH-27DEC19,1570964345930,open,0.59,311.0,0.517,0.651,0.583694,100.67,0.71,0.0,ETH-27DEC19-280-P,181.9,0.0,0.001,8.0,0.0,0.0,0.0,0.25736,-0.173,-0.50404,0.00373,-0.76014
182.49,SYN.ETH-29NOV19,1570964345929,open,0.06,236.0,0.031,0.095,0.062849,91.17,0.061,0.0,ETH-29NOV19-220-C,181.9,87.46,0.058,120.0,0.063,1.0,91.29,0.23999,-0.23338,0.06527,0.00615,0.34135
182.49,SYN.ETH-29NOV19,1570964345930,open,0.12,160.0,0.079,0.163,0.122178,91.17,0.12,0.0,ETH-29NOV19-180-P,181.9,87.47,0.117,72.0,0.127,392.0,94.62,0.25545,-0.24842,-0.12675,0.00655,-0.41863
181.96,SYN.ETH-18OCT19,1570964345930,open,0.11,90.0,0.07,0.141,0.104724,72.07,0.113,0.0,ETH-18OCT19-200-P,181.9,0.0,0.099,40.0,0.107,40.0,80.46,0.04616,-0.34116,-0.02352,0.01448,-0.86284
182.05,SYN.ETH-25OCT19,1570964345930,open,0.0,1170.0,0.001,0.011,0.001473,95.77,0.001,0.0,ETH-25OCT19-260-C,181.9,0.0,0.0,0.0,0.003,353.0,107.54,0.01857,-0.07487,0.00134,0.0018,0.02403
182.49,SYN.ETH-29NOV19,1570964345930,open,0.27,0.0,0.215,0.319,0.268405,91.17,None,0.0,ETH-29NOV19-220-P,181.9,0.0,0.0,0.0,0.0,0.0,0.0,0.23999,-0.23338,-0.21727,0.00615,-0.65865
181.96,SYN.ETH-18OCT19,1570964345930,open,0.27,0.0,0.228,0.306,0.26497,99.07,None,0.0,ETH-18OCT19-230-P,181.9,0.0,0.0,0.0,0.0,0.0,0.0,0.01161,-0.11797,-0.03018,0.00265,-0.97664
182.49,SYN.ETH-29NOV19,1570964345930,open,0.46,0.0,0.398,0.509,0.453057,92.13,None,0.0,ETH-29NOV19-260-P,181.9,0.0,0.0,0.0,0.0,0.0,0.0,0.1729,-0.1699,-0.29785,0.00439,-0.81783
182.49,SYN.ETH-29NOV19,1570964345930,open,0.04,329.0,0.016,0.063,0.037562,95.72,0.038,0.0,ETH-29NOV19-140-P,181.9,91.78,0.034,475.0,0.041,342.0,99.43,0.16706,-0.17056,-0.04924,0.00408,-0.17253
182.49,SYN.ETH-29NOV19,1570964345930,open,0.03,147.0,0.009,0.052,0.028309,92.13,0.041,0.0,ETH-29NOV19-260-C,181.9,88.55,0.025,345.0,0.032,200.0,95.94,0.1729,-0.1699,0.03606,0.00439,0.18217
182.05,SYN.ETH-25OCT19,1570964345929,open,0.12,855.0,0.084,0.162,0.123452,82.36,0.11,0.0,ETH-25OCT19-200-P,181.9,71.57,0.117,40.0,0.126,40.0,86.46,0.11207,-0.38864,-0.04947,0.01262,-0.71182
182.05,SYN.ETH-25OCT19,1570964345930,open,0.22,483.0,0.177,0.259,0.217188,84.84,0.337,0.0,ETH-25OCT19-220-P,181.9,0.0,0.05,2.0,0.25,1.0,148.77,0.06679,-0.23859,-0.06482,0.0073,-0.87712
182.84,ETH-27DEC19,1570964345932,open,0.0,7122.0,0.001,0.013,0.003738,110.41,0.006,0.0,ETH-27DEC19-560-C,181.9,101.95,0.002,1350.0,0.005,310.0,114.98,0.04577,-0.03375,0.00737,0.0006,0.02339
182.84,ETH-27DEC19,1570964345932,open,0.49,946.0,0.423,0.554,0.489003,100.28,0.3,0.0,ETH-27DEC19-260-P,181.9,0.0,0.0,0.0,0.0,0.0,0.0,0.28431,-0.19039,-0.44903,0.00413,-0.70816
182.84,ETH-27DEC19,1570964345935,open,0.14,6501.0,0.096,0.187,0.144613,100.21,0.152,0.0,ETH-27DEC19-200-C,181.9,97.65,0.14,453.0,0.149,549.0,102.64,0.33023,-0.22098,0.13768,0.00481,0.51168
182.05,SYN.ETH-25OCT19,1570964345937,open,0.14,504.0,0.104,0.168,0.137656,86.13,0.194,0.0,ETH-25OCT19-160-C,181.9,0.0,0.0,0.0,0.15,280.0,110.17,0.08669,-0.31436,0.04031,0.00933,0.81825
184.09,ETH-27MAR20,1570964345942,open,0.03,905.0,0.009,0.059,0.029952,105.51,0.03,0.0,ETH-27MAR20-560-C,181.9,103.18,0.027,150.0,0.033,240.0,107.81,0.23857,-0.07588,0.06985,0.00147,0.11345
182.84,ETH-27DEC19,1570964345942,open,0.05,1688.0,0.022,0.085,0.0523,100.67,0.058,0.0,ETH-27DEC19-280-C,181.9,98.3,0.049,594.0,0.056,274.0,103.27,0.25736,-0.173,0.07035,0.00373,0.23986
182.84,ETH-27DEC19,1570964345942,open,0.24,652.0,0.191,0.28,0.238991,100.93,0.242,0.0,ETH-27DEC19-160-C,181.9,92.04,0.225,340.0,0.257,340.0,112.33,0.28852,-0.19446,0.1724,0.00417,0.69863
184.09,ETH-27MAR20,1570964345942,open,0.04,1150.0,0.015,0.077,0.042941,104.12,0.049,0.0,ETH-27MAR20-480-C,181.9,102.26,0.04,150.0,0.046,240.0,106.0,0.29597,-0.09289,0.09391,0.00185,0.1552
184.09,ETH-27MAR20,1570964345942,open,0.09,1405.0,0.052,0.127,0.089878,103.45,0.092,0.0,ETH-27MAR20-120-P,181.9,101.15,0.086,462.0,0.094,352.0,105.87,0.3116,-0.09716,-0.21569,0.00196,-0.16794
181.96,SYN.ETH-18OCT19,1570964345942,open,0.18,1.0,0.151,0.203,0.177168,94.38,0.142,0.0,ETH-18OCT19-150-C,181.9,0.0,0.0,0.0,0.0,0.0,0.0,0.01586,-0.1535,0.01917,0.0038,0.96602
182.49,SYN.ETH-29NOV19,1570964345942,open,0.02,11.0,0.006,0.036,0.018958,103.07,0.023,0.0,ETH-29NOV19-120-P,181.9,99.73,0.017,358.0,0.021,340.0,106.41,0.10923,-0.12008,-0.02635,0.00248,-0.09348
182.05,SYN.ETH-25OCT19,1570964345944,open,0.34,6.0,0.321,0.364,0.342615,119.65,0.36,0.0,ETH-25OCT19-120-C,181.9,0.0,0.0,0.0,0.0,0.0,0.0,0.01639,-0.08255,0.03771,0.00127,0.97928
182.49,SYN.ETH-29NOV19,1570964345944,open,0.19,0.0,0.139,0.236,0.189236,91.17,None,0.0,ETH-29NOV19-200-P,181.9,0.0,0.0,0.0,0.0,0.0,0.0,0.25912,-0.25199,-0.17245,0.00665,-0.5466
182.05,SYN.ETH-25OCT19,1570964345944,open,0.45,18.0,0.434,0.467,0.450833,120.0,0.411,0.0,ETH-25OCT19-100-C,181.9,0.0,0.0,0.0,0.0,0.0,0.0,0.00209,-0.01058,0.03241,0.00016,0.99799
8347.36,SYN.BTC-18OCT19,1570961656205,open,0.0,0.0,0.0005,0.0105,0.00048018,95.79,None,0.0,BTC-18OCT19-10750-C,8343.82,0.0,0.0,0.0,0.001,8.0,106.17,0.32056,-3.14888,0.01384,4e-05,0.01289
8347.37,SYN.BTC-18OCT19,1570963125393,open,0.0,53.7,0.0005,0.0105,0.0002367,115.0,0.0005,0.0,BTC-18OCT19-6000-P,8343.82,0.0,0.0,0.0,0.001,8.6,139.14,0.14879,-1.75477,-0.00626,1e-05,-0.00538
8347.37,SYN.BTC-18OCT19,1570961656964,open,0.0,51.8,0.0005,0.0105,0.00048028,103.18,0.0005,0.0,BTC-18OCT19-11000-C,8343.82,0.0,0.0,0.0,0.001,8.0,114.14,0.30317,-3.20773,0.01294,3e-05,0.01208
8347.36,SYN.BTC-18OCT19,1570963706548,open,0.02,93.8,0.005,0.0435,0.02230275,60.54,0.022,0.0,BTC-18OCT19-8250-P,8343.82,59.87,0.022,1.6,0.0245,17.9,65.4,3.77062,-23.40938,-0.49285,0.00067,-0.4197
8347.36,SYN.BTC-18OCT19,1570963597459,open,0.0,26.0,0.0005,0.014,0.00340086,86.88,0.0025,0.0,BTC-18OCT19-7250-P,8343.82,80.83,0.0025,41.3,0.004,14.5,90.47,1.33767,-11.91795,-0.08518,0.00017,-0.07299
8347.37,SYN.BTC-18OCT19,1570955401968,open,0.0,8.9,0.0005,0.0105,2.498e-05,115.0,0.0005,0.0,BTC-18OCT19-5500-P,8343.82,0.0,0.0,0.0,0.0015,26.5,181.82,0.02261,-0.20855,-0.00078,0.0,-0.00067
8347.36,SYN.BTC-18OCT19,1570963597460,open,0.01,184.3,0.0005,0.023,0.00802073,71.52,0.009,0.0,BTC-18OCT19-7750-P,8343.82,69.75,0.0075,0.9,0.0085,7.9,73.12,2.4753,-18.15522,-0.20264,0.00037,-0.17371
8352.47,SYN.BTC-25OCT19,1570961750351,open,0.0,124.2,0.0005,0.0125,0.00292921,75.52,0.0025,0.0,BTC-25OCT19-10500-C,8343.82,73.24,0.0025,7.5,0.0035,30.0,78.29,1.64029,-5.2156,0.1375,0.0001,0.05352
8352.46,SYN.BTC-25OCT19,1570963040677,open,0.0,620.9,0.0005,0.0145,0.00446059,68.86,0.0045,0.0,BTC-25OCT19-10000-C,8343.82,67.14,0.004,30.5,0.005,8.3,70.77,2.29637,-6.65809,0.21259,0.00015,0.08269
8347.36,SYN.BTC-18OCT19,1570962360969,open,0.0,16.2,0.0005,0.011,0.00145309,75.87,0.002,0.0,BTC-18OCT19-9750-C,8343.82,71.02,0.001,20.0,0.002,43.0,80.67,0.86578,-6.73643,0.04527,0.00012,0.04205
8352.47,SYN.BTC-25OCT19,1570961655716,open,0.0,518.3,0.0005,0.0105,0.00098246,108.26,0.0015,0.0,BTC-25OCT19-13000-C,8343.82,99.54,0.0005,37.0,0.0015,58.6,114.76,0.57328,-2.61295,0.03832,2e-05,0.01508
8352.47,SYN.BTC-25OCT19,1570961656948,open,0.0,645.3,0.0005,0.0115,0.00171587,79.44,0.0025,0.0,BTC-25OCT19-11000-C,8343.82,73.0,0.001,8.5,0.0025,30.0,84.8,1.08624,-3.63331,0.08278,6e-05,0.03218
8352.47,SYN.BTC-25OCT19,1570963105922,open,0.0,12.7,0.0005,0.011,0.00129812,85.93,0.0015,0.0,BTC-25OCT19-11500-C,8343.82,82.7,0.001,7.5,0.002,44.0,92.0,0.83681,-3.02735,0.06041,4e-05,0.02353
8352.47,SYN.BTC-25OCT19,1570954340387,open,0.0,499.5,0.0005,0.0105,0.0001952,115.0,0.0005,0.0,BTC-25OCT19-15000-C,8343.82,0.0,0.0,0.0,0.001,17.5,137.31,0.14919,-0.72236,0.00837,1e-05,0.00328
8352.47,SYN.BTC-25OCT19,1570962603783,open,0.0,859.5,0.0005,0.012,0.00223491,102.04,0.0025,0.0,BTC-25OCT19-6000-P,8343.82,95.23,0.0015,24.0,0.003,37.7,107.84,1.00877,-4.33377,-0.08604,4e-05,-0.02942
8352.46,SYN.BTC-25OCT19,1570954340415,open,0.0,660.3,0.0005,0.0105,6.757e-05,115.0,0.001,0.0,BTC-25OCT19-16000-C,8343.82,0.0,0.0,0.0,0.001,7.5,149.94,0.061,-0.29537,0.00314,0.0,0.00122
8352.47,SYN.BTC-25OCT19,1570954340410,open,0.0,923.9,0.0005,0.0105,2.307e-05,115.0,0.001,0.0,BTC-25OCT19-17000-C,8343.82,0.0,0.0,0.0,0.001,8.4,161.61,0.02411,-0.11674,0.00115,0.0,0.00045
8352.47,SYN.BTC-25OCT19,1570962449006,open,0.01,701.7,0.0005,0.0225,0.00874803,65.34,0.0085,0.0,BTC-25OCT19-9500-C,8343.82,63.54,0.008,26.5,0.0095,1.0,67.1,3.52406,-9.6948,0.38583,0.00024,0.15072
8347.36,SYN.BTC-18OCT19,1570961688624,open,0.0,114.8,0.0005,0.014,0.00341014,66.5,0.003,0.0,BTC-18OCT19-9250-C,8343.82,64.38,0.003,13.7,0.004,38.0,69.37,1.65887,-11.31352,0.10463,0.00027,0.09725
8398.38,BTC-27DEC19,1570964309305,open,0.08,557.7,0.045,0.115,0.07998354,80.11,0.081,0.0,BTC-27DEC19-10000-C,8343.82,78.67,0.0775,11.0,0.083,46.3,81.85,14.50881,-7.76142,5.20706,0.00013,0.38222
8398.38,BTC-27DEC19,1570962689299,open,0.05,715.0,0.0265,0.0875,0.05556181,80.77,0.058,0.0,BTC-27DEC19-11000-C,8343.82,79.43,0.0535,10.0,0.058,10.1,82.34,13.01088,-7.01768,4.03102,0.00011,0.28954
8398.37,BTC-27DEC19,1570963718351,open,0.04,775.4,0.016,0.068,0.03964968,82.19,0.0415,0.0,BTC-27DEC19-12000-C,8343.82,80.95,0.038,0.6,0.0415,29.3,83.56,11.25958,-6.17956,3.10522,9e-05,0.21989
8398.38,BTC-27DEC19,1570962916704,open,0.01,376.8,0.003,0.03,0.01269859,88.89,0.0135,0.0,BTC-27DEC19-16000-C,8343.82,87.08,0.0115,36.0,0.014,24.0,90.76,5.69888,-3.38294,1.17367,4e-05,0.08082
8352.47,SYN.BTC-25OCT19,1570964332845,open,0.03,1690.9,0.0115,0.055,0.0317569,71.11,0.0325,0.0,BTC-25OCT19-8000-P,8343.82,67.71,0.0295,10.0,0.0335,49.5,73.73,5.54778,-16.61052,-1.02246,0.00034,-0.34448
8398.38,BTC-27DEC19,1570964065641,open,0.03,471.4,0.01,0.0535,0.02863551,83.56,0.035,0.0,BTC-27DEC19-13000-C,8343.82,82.1,0.027,23.0,0.0305,29.3,85.18,9.52378,-5.31399,2.38738,8e-05,0.16721
8398.38,BTC-27DEC19,1570961656832,open,0.0,649.0,0.0005,0.013,0.00337024,103.46,0.0035,0.0,BTC-27DEC19-24000-C,8343.82,99.49,0.0025,16.1,0.0045,62.0,107.7,2.0277,-1.40096,0.328,1e-05,0.02241
8398.38,BTC-27DEC19,1570963062937,open,0.02,658.5,0.006,0.043,0.02116018,85.09,0.0225,0.0,BTC-27DEC19-14000-C,8343.82,83.32,0.0195,58.0,0.023,34.0,86.99,7.98503,-4.53736,1.85037,6e-05,0.12856
8398.38,BTC-27DEC19,1570962244151,open,0.0,336.6,0.0005,0.011,0.00125082,111.98,0.0015,0.0,BTC-27DEC19-32000-C,8343.82,102.29,0.0005,90.5,0.002,10.0,117.92,0.88516,-0.66189,0.12599,1e-05,0.00856
8398.38,BTC-27DEC19,1570961656638,open,0.01,741.0,0.0005,0.022,0.00822443,92.56,0.009,0.0,BTC-27DEC19-18000-C,8343.82,91.06,0.0075,40.0,0.009,0.9,94.09,4.16014,-2.57139,0.78573,3e-05,0.05383
8398.38,BTC-27DEC19,1570961656053,open,0.0,410.0,0.0005,0.0145,0.00445048,100.43,0.0055,0.0,BTC-27DEC19-22000-C,8343.82,97.05,0.0035,10.0,0.0055,34.0,103.66,2.5458,-1.70741,0.42999,2e-05,0.02941
8398.38,BTC-27DEC19,1570961656474,open,0.01,798.7,0.0005,0.018,0.0059612,96.8,0.0065,0.0,BTC-27DEC19-20000-C,8343.82,94.16,0.005,10.0,0.007,24.0,99.37,3.22543,-2.08494,0.5729,2e-05,0.03921
8398.38,BTC-27DEC19,1570954340612,open,0.0,442.3,0.0005,0.0105,0.00023116,115.0,0.0005,0.0,BTC-27DEC19-44000-C,8343.82,0.0,0.0,0.0,0.001,17.9,130.69,0.21411,-0.16443,0.02625,0.0,0.00175
8398.38,BTC-27DEC19,1570962235938,open,0.02,890.0,0.0055,0.033,0.01676761,92.88,0.0165,0.0,BTC-27DEC19-5000-P,8343.82,90.86,0.0155,35.0,0.018,24.0,94.79,5.35702,-3.3227,-1.57237,4e-05,-0.0745
8398.38,BTC-27DEC19,1570961655921,open,0.01,444.0,0.0005,0.015,0.00526117,111.08,0.005,0.0,BTC-27DEC19-3500-P,8343.82,105.61,0.004,38.0,0.0065,35.0,115.77,2.08981,-1.55017,-0.49078,1e-05,-0.02323
8398.38,BTC-27DEC19,1570963062902,open,0.02,661.6,0.004,0.0355,0.01620013,86.98,0.0145,0.0,BTC-27DEC19-15000-C,8343.82,85.45,0.015,35.0,0.0175,24.0,88.57,6.72839,-3.90785,1.46242,5e-05,0.10108
8398.37,BTC-27DEC19,1570963062998,open,0.05,391.4,0.0245,0.077,0.04915447,83.72,0.051,0.0,BTC-27DEC19-6500-P,8343.82,81.98,0.047,38.3,0.051,29.3,85.2,10.43574,-5.83414,-4.17922,9e-05,-0.19342
8398.38,BTC-27DEC19,1570961655511,open,0.0,291.4,0.0005,0.0105,0.00093644,115.0,0.0015,0.0,BTC-27DEC19-2500-P,8343.82,115.98,0.001,39.0,0.002,0.5,127.69,0.53458,-0.41053,-0.09957,0.0,-0.00484
8377.97,SYN.BTC-29NOV19,1570963105900,open,0.04,113.8,0.02,0.0705,0.04400933,74.4,0.046,0.0,BTC-29NOV19-10000-C,8343.82,72.77,0.042,7.5,0.0465,38.8,76.39,10.40545,-8.25711,2.7315,0.00016,0.29788
8501.37,BTC-27MAR20,1570962738865,open,0.02,153.7,0.007,0.0525,0.02467515,96.48,0.0265,0.0,BTC-27MAR20-24000-C,8343.82,94.62,0.0225,6.0,0.027,5.0,98.37,10.2001,-2.96627,2.98529,3e-05,0.10194
8501.38,BTC-27MAR20,1570963119364,open,0.11,528.9,0.066,0.1585,0.11237346,85.13,0.116,0.0,BTC-27MAR20-12000-C,8343.82,83.41,0.108,14.0,0.117,5.1,86.93,21.76597,-5.58516,10.21923,8e-05,0.37688
8377.95,SYN.BTC-29NOV19,1570962338970,open,0.02,46.2,0.006,0.0405,0.02041996,77.44,0.0185,0.0,BTC-29NOV19-11500-C,8343.82,75.78,0.019,7.5,0.022,19.3,79.24,7.2466,-5.98609,1.4808,0.0001,0.15805
8398.38,BTC-27DEC19,1570964209120,open,0.0,482.1,0.0005,0.012,0.00249071,105.55,0.0025,0.0,BTC-27DEC19-26000-C,8343.82,99.35,0.0015,35.0,0.0035,39.0,110.28,1.58741,-1.11884,0.2465,1e-05,0.0168
8377.95,SYN.BTC-29NOV19,1570962691955,open,0.06,80.5,0.0325,0.0885,0.05986342,77.06,0.0565,0.0,BTC-29NOV19-7500-P,8343.82,74.74,0.057,36.8,0.0625,26.8,79.19,10.35873,-8.51489,-3.81782,0.00015,-0.29497
8377.97,SYN.BTC-29NOV19,1570961656809,open,0.01,195.7,0.0005,0.0195,0.00823855,97.5,0.0085,0.0,BTC-29NOV19-5000-P,8343.82,93.97,0.007,31.5,0.0095,24.5,100.83,3.06036,-3.1827,-0.61876,3e-05,-0.04927
8501.36,BTC-27MAR20,1570964289453,open,0.16,233.4,0.113,0.2125,0.16472393,84.25,0.162,0.0,BTC-27MAR20-10000-C,8343.82,83.24,0.162,10.0,0.168,5.0,85.47,22.8635,-5.80634,12.92431,8e-05,0.49925
8398.38,BTC-27DEC19,1570961656303,open,0.0,498.4,0.0005,0.0115,0.00161072,105.55,0.0015,0.0,BTC-27DEC19-28000-C,8343.82,100.2,0.001,34.0,0.002,2.0,108.23,1.12828,-0.79523,0.16705,1e-05,0.01131
8501.37,BTC-27MAR20,1570962342851,open,0.02,101.3,0.0055,0.047,0.02093017,98.24,0.0205,0.0,BTC-27MAR20-26000-C,8343.82,96.39,0.019,6.0,0.023,5.0,100.12,9.10644,-2.69655,2.56842,3e-05,0.08741
8398.38,BTC-27DEC19,1570961655939,open,0.0,659.7,0.0005,0.0105,0.00081253,115.0,0.001,0.0,BTC-27DEC19-36000-C,8343.82,109.9,0.0005,16.0,0.0015,44.0,122.4,0.61214,-0.47009,0.08316,0.0,0.00564
8377.97,SYN.BTC-29NOV19,1570961687285,open,0.2,1.4,0.174,0.234,0.20508132,78.62,0.215,0.0,BTC-29NOV19-7000-C,8343.82,74.23,0.2005,14.2,0.2095,14.2,82.76,8.84522,-7.41727,6.20649,0.00012,0.78192
8377.97,SYN.BTC-29NOV19,1570964100582,open,0.15,20.5,0.1125,0.1875,0.15054779,74.06,0.145,0.0,BTC-29NOV19-9000-P,8343.82,71.9,0.1475,19.3,0.153,1.0,75.79,11.86565,-9.37312,-7.58648,0.00018,-0.55455
8398.38,BTC-27DEC19,1570954340694,open,0.0,1542.5,0.0005,0.0105,7.343e-05,115.0,0.0005,0.0,BTC-27DEC19-52000-C,8343.82,0.0,0.0,0.0,0.001,38.0,141.52,0.07974,-0.06124,0.00903,0.0,0.0006
8501.37,BTC-27MAR20,1570962695787,open,0.02,37.6,0.0045,0.0425,0.01817597,100.06,0.021,0.0,BTC-27MAR20-28000-C,8343.82,98.28,0.0165,6.0,0.02,5.0,101.9,8.22659,-2.48127,2.24894,3e-05,0.07639
8398.38,BTC-27DEC19,1570954340658,open,0.0,342.0,0.0005,0.0105,0.00012868,115.0,0.0005,0.0,BTC-27DEC19-48000-C,8343.82,0.0,0.0,0.0,0.001,39.0,136.36,0.12966,-0.09957,0.01524,0.0,0.00101
8377.97,SYN.BTC-29NOV19,1570961656516,open,0.02,289.1,0.004,0.0335,0.01569484,78.12,0.016,0.0,BTC-29NOV19-12000-C,8343.82,77.18,0.015,9.2,0.0165,0.1,79.19,6.22987,-5.19125,1.1915,9e-05,0.12643
8377.97,SYN.BTC-29NOV19,1570964125779,open,0.13,153.0,0.095,0.161,0.12950783,75.68,0.1275,0.0,BTC-29NOV19-8000-C,8343.82,72.74,0.1255,7.4,0.131,16.4,76.78,11.43056,-9.22744,5.27886,0.00017,0.62013
8398.38,BTC-27DEC19,1570961656798,open,0.0,519.0,0.0005,0.0125,0.00274137,115.0,0.003,0.0,BTC-27DEC19-3000-P,8343.82,109.49,0.002,38.0,0.0045,62.0,125.13,1.24355,-0.95497,-0.26515,1e-05,-0.01265
8398.37,BTC-27DEC19,1570962313520,open,0.02,365.8,0.009,0.0435,0.02403278,88.6,0.023,0.0,BTC-27DEC19-5500-P,8343.82,86.71,0.0225,57.0,0.0255,0.1,90.37,6.9002,-4.08249,-2.21707,5e-05,-0.10465
8377.97,SYN.BTC-29NOV19,1570963487412,open,0.01,85.9,0.0005,0.02,0.00746028,85.15,0.008,0.0,BTC-29NOV19-14000-C,8343.82,82.9,0.0065,7.5,0.0085,0.2,87.41,3.71571,-3.37486,0.59764,5e-05,0.06301
8377.95,SYN.BTC-29NOV19,1570964100712,open,0.1,68.5,0.066,0.1305,0.09920943,74.06,0.1025,0.0,BTC-29NOV19-8500-C,8343.82,71.81,0.096,7.5,0.102,30.9,76.02,11.94119,-9.43264,4.64766,0.00018,0.53117
8377.97,SYN.BTC-29NOV19,1570964267479,open,0.24,0.0,0.198,0.277,0.23761809,74.4,0.245,0.0,BTC-29NOV19-10000-P,8343.82,68.98,0.231,6.9,0.2465,6.9,81.42,10.40556,-8.2574,-10.11111,0.00016,-0.70212
8377.95,SYN.BTC-29NOV19,1570962775302,open,0.01,13.6,0.003,0.0295,0.01315293,80.43,0.013,0.0,BTC-29NOV19-12500-C,8343.82,79.43,0.0125,7.5,0.014,1.0,81.7,5.52455,-4.73958,1.00693,8e-05,0.10674
8398.38,BTC-27DEC19,1570964006022,open,0.07,259.2,0.0375,0.099,0.067446,81.97,0.0675,0.0,BTC-27DEC19-7000-P,8343.82,80.27,0.065,46.3,0.0695,10.0,83.4,12.07376,-6.60904,-5.45976,0.0001,-0.24946
8377.97,SYN.BTC-29NOV19,1570961656868,open,0.01,147.1,0.0005,0.0175,0.00609779,90.24,0.007,0.0,BTC-29NOV19-15000-C,8343.82,87.12,0.005,7.5,0.0075,42.0,93.77,3.12401,-3.00684,0.47837,4e-05,0.05056
8398.38,BTC-27DEC19,1570963765894,open,0.11,287.4,0.0765,0.152,0.1152923,79.73,0.111,0.0,BTC-27DEC19-9000-C,8343.82,78.19,0.1125,10.0,0.1155,1.0,79.85,15.17411,-8.07937,6.55219,0.00013,0.49561
8501.38,BTC-27MAR20,1570962806629,open,0.01,50.1,0.0025,0.0335,0.01272734,104.91,0.013,0.0,BTC-27MAR20-34000-C,8343.82,103.21,0.0115,11.0,0.014,1.0,106.58,6.29385,-1.9904,1.59892,2e-05,0.05411
8377.95,SYN.BTC-29NOV19,1570963073523,open,0.03,18.6,0.0135,0.0575,0.03357114,75.06,0.0345,0.0,BTC-29NOV19-10500-C,8343.82,73.64,0.032,7.5,0.0355,2.3,76.77,9.34303,-7.48003,2.22587,0.00014,0.24045
181.96,SYN.ETH-18OCT19,1570963640490,open,0.02,713.0,0.002,0.038,0.016335,72.07,0.023,0.0,ETH-18OCT19-190-C,181.9,66.33,0.014,120.0,0.019,160.0,78.48,0.07487,-0.5533,0.0073,0.02349,0.31655
8398.38,BTC-27DEC19,1570961656981,open,0.01,481.8,0.002,0.0245,0.01151481,97.91,0.0115,0.0,BTC-27DEC19-4500-P,8343.82,95.74,0.0105,36.0,0.0125,24.0,99.92,4.02737,-2.63304,-1.08865,3e-05,-0.05167
8377.97,SYN.BTC-29NOV19,1570962737304,open,0.01,1022.0,0.0015,0.0265,0.01114109,82.65,0.009,0.0,BTC-29NOV19-13000-C,8343.82,81.54,0.0105,7.5,0.012,17.0,84.09,4.91152,-4.32982,0.85811,7e-05,0.09089
8398.38,BTC-27DEC19,1570961655979,open,0.0,555.7,0.0005,0.0105,0.00042685,115.0,0.001,0.0,BTC-27DEC19-40000-C,8343.82,0.0,0.0,0.0,0.0015,39.0,129.64,0.35922,-0.27586,0.04618,0.0,0.00311
8398.38,BTC-27DEC19,1570964006012,open,0.03,1044.0,0.015,0.0585,0.0348041,85.86,0.0375,0.0,BTC-27DEC19-6000-P,8343.82,84.1,0.033,55.0,0.0365,34.0,87.5,8.66038,-4.9657,-3.09372,7e-05,-0.14477
8398.38,BTC-27DEC19,1570964097918,open,0.12,707.1,0.078,0.1555,0.11723314,79.62,0.117,0.0,BTC-27DEC19-8000-P,8343.82,78.32,0.115,29.3,0.1205,5.0,81.52,14.44021,-7.67772,-8.50369,0.00013,-0.37635
8501.37,BTC-27MAR20,1570964101230,open,0.04,354.2,0.012,0.0685,0.03594175,92.43,0.038,0.0,BTC-27MAR20-20000-C,8343.82,90.81,0.0335,11.0,0.0385,5.0,94.08,13.01753,-3.62698,4.18493,4e-05,0.14426
8398.38,BTC-27DEC19,1570963008052,open,0.09,247.3,0.0555,0.126,0.09051751,80.89,0.09,0.0,BTC-27DEC19-7500-P,8343.82,79.32,0.088,15.0,0.093,10.0,82.44,13.44527,-7.2628,-6.92377,0.00011,-0.31137
181.96,SYN.ETH-18OCT19,1570964053778,open,0.01,514.0,0.001,0.02,0.005588,72.07,0.006,0.0,ETH-18OCT19-200-C,181.9,65.39,0.004,151.0,0.007,301.0,77.39,0.04616,-0.34116,0.0032,0.01448,0.13716
8377.95,SYN.BTC-29NOV19,1570964309634,open,0.16,5.1,0.131,0.1955,0.16465685,77.06,0.16,0.0,BTC-29NOV19-7500-C,8343.82,73.28,0.16,4.9,0.1665,4.9,78.55,10.35872,-8.51482,5.81418,0.00015,0.70503
