underlying_price,underlying_index,timestamp,state,settlement_price,open_interest,min_price,max_price,mark_price,mark_iv,last_price,interest_rate,instrument_name,index_price,bid_iv,best_bid_price,best_bid_amount,best_ask_price,best_ask_amount,ask_iv,vega,theta,rho,gamma,delta
127.64,SYN.ETH-3JAN20,1577530740014,open,0.34,0.0,0.295,0.374,0.332638,102.45,None,0.0,ETH-3JAN20-170-P,127.55,0.0,0.0,0.0,0.0,0.0,0.0,0.00654,-0.05704,-0.02705,0.00244,-0.98382
127.74,SYN.ETH-10JAN20,1577530740018,open,0.34,0.0,0.294,0.376,0.332866,80.79,None,0.0,ETH-10JAN20-170-P,127.55,0.0,0.0,0.0,0.0,0.0,0.0,0.01868,-0.05859,-0.05847,0.00402,-0.96468
132.71,SYN.ETH-25SEP20,1577530740024,open,0.27,20.0,0.21,0.332,0.272023,86.52,0.276,0.0,ETH-25SEP20-140-C,127.55,81.56,0.256,160.0,0.292,160.0,92.51,0.4366,-0.06947,0.34222,0.00385,0.61857
132.71,SYN.ETH-25SEP20,1577530740049,open,0.33,0.0,0.268,0.383,0.327129,86.53,None,0.0,ETH-25SEP20-120-C,127.55,80.44,0.309,160.0,0.349,160.0,93.67,0.40157,-0.06391,0.36263,0.00354,0.69435
132.71,SYN.ETH-25SEP20,1577530740071,open,0.23,20.0,0.165,0.289,0.227386,86.51,0.237,0.0,ETH-25SEP20-160-C,127.55,83.67,0.218,392.0,0.237,120.0,89.23,0.4535,-0.07215,0.31747,0.004,0.54888
132.71,SYN.ETH-25SEP20,1577530740092,open,0.19,18.0,0.131,0.255,0.193051,87.07,0.183,0.0,ETH-25SEP20-180-C,127.55,84.64,0.185,397.0,0.203,120.0,89.87,0.45673,-0.07314,0.29135,0.004,0.4881
132.71,SYN.ETH-25SEP20,1577530740117,open,0.11,1.0,0.055,0.165,0.105786,93.2,0.097,0.0,ETH-25SEP20-280-C,127.55,89.49,0.095,110.0,0.115,110.0,96.18,0.39791,-0.0682,0.19125,0.00325,0.29946
132.71,SYN.ETH-25SEP20,1577530740140,open,0.17,8.0,0.108,0.231,0.168665,88.63,0.158,0.0,ETH-25SEP20-200-C,127.55,86.0,0.16,110.0,0.176,110.0,90.7,0.45157,-0.07361,0.26687,0.00388,0.43892
7386.89,SYN.BTC-28FEB20,1577530740141,open,0.05,180.2,0.027,0.0795,0.04906672,61.49,0.0485,0.0,BTC-28FEB20-8500-C,7309.27,60.09,0.047,18.0,0.0495,0.2,61.76,11.07236,-5.50161,3.57264,0.00019,0.33439
132.71,SYN.ETH-25SEP20,1577530740162,open,0.13,2.0,0.076,0.193,0.131936,91.2,0.122,0.0,ETH-25SEP20-240-C,127.55,87.4,0.12,110.0,0.143,110.0,94.53,0.4284,-0.07186,0.22497,0.00358,0.35975
128.04,SYN.ETH-31JAN20,1577530740164,open,0.35,0.0,0.296,0.39,0.340996,74.69,None,0.0,ETH-31JAN20-170-P,127.55,38.22,0.328,240.0,1.326,1.0,500.0,0.08201,-0.09041,-0.14405,0.00722,-0.87116
128.04,SYN.ETH-31JAN20,1577530740173,open,0.01,111.0,0.003,0.031,0.013428,74.85,0.013,0.0,ETH-31JAN20-170-C,127.55,70.91,0.011,780.0,0.015,480.0,77.24,0.08228,-0.0909,0.01379,0.00722,0.12946
128.45,SYN.ETH-28FEB20,1577530740182,open,0.51,0.0,0.449,0.563,0.503222,81.29,None,0.0,ETH-28FEB20-190-P,127.55,0.0,0.0,0.0,0.0,0.0,0.0,0.12768,-0.08387,-0.29291,0.00562,-0.8419
128.45,SYN.ETH-28FEB20,1577530740182,open,0.37,0.0,0.309,0.418,0.361639,77.6,None,0.0,ETH-28FEB20-170-P,127.55,0.0,0.0,0.0,0.0,0.0,0.0,0.16312,-0.10228,-0.24499,0.00752,-0.76344
128.45,SYN.ETH-28FEB20,1577530740182,open,0.44,0.0,0.378,0.489,0.431318,79.36,None,0.0,ETH-28FEB20-180-P,127.55,0.0,0.0,0.0,0.0,0.0,0.0,0.14461,-0.09273,-0.26979,0.00651,-0.80765
132.71,SYN.ETH-25SEP20,1577530740187,open,0.15,1.0,0.091,0.212,0.149518,90.26,0.137,0.0,ETH-25SEP20-220-C,127.55,86.1,0.136,110.0,0.161,110.0,93.62,0.44183,-0.07334,0.24507,0.00373,0.3977
132.71,SYN.ETH-25SEP20,1577530740212,open,0.09,15.0,0.041,0.143,0.086724,94.9,0.079,0.0,ETH-25SEP20-320-C,127.55,91.24,0.077,100.0,0.095,100.0,97.8,0.36627,-0.06393,0.1642,0.00294,0.253
130.79,ETH-26JUN20,1577530740255,open,0.34,1.0,0.295,0.388,0.34244,83.79,0.38,0.0,ETH-26JUN20-100-C,127.55,67.26,0.308,48.0,0.378,48.0,100.43,0.27726,-0.06422,0.2793,0.0039,0.77337
132.71,SYN.ETH-25SEP20,1577530740257,open,0.06,41.0,0.021,0.105,0.055516,100.15,0.05,0.0,ETH-25SEP20-440-C,127.55,96.54,0.048,100.0,0.062,100.0,102.99,0.28972,-0.05336,0.11294,0.00221,0.16989
132.71,SYN.ETH-25SEP20,1577530740279,open,0.07,1.0,0.033,0.128,0.073801,96.92,0.067,0.0,ETH-25SEP20-360-C,127.55,93.33,0.065,100.0,0.082,100.0,100.02,0.33847,-0.06033,0.14364,0.00266,0.21925
128.05,SYN.ETH-31JAN20,1577530740292,open,0.01,1827.0,0.001,0.025,0.009639,78.32,0.009,0.0,ETH-31JAN20-180-C,127.55,72.63,0.007,760.0,0.011,460.0,80.72,0.06618,-0.0765,0.01019,0.00555,0.09547
132.71,SYN.ETH-25SEP20,1577530740302,open,0.06,1.0,0.026,0.114,0.06322,98.47,0.067,0.0,ETH-25SEP20-400-C,127.55,94.81,0.055,100.0,0.07,100.0,101.24,0.31205,-0.05651,0.12641,0.00242,0.19123
132.72,SYN.ETH-25SEP20,1577530740433,open,0.82,0.0,0.714,0.905,0.807268,90.22,None,0.0,ETH-25SEP20-220-P,127.55,0.0,0.0,0.0,0.0,0.0,0.0,0.44181,-0.07331,-1.39364,0.00373,-0.60246
7683.24,SYN.BTC-25SEP20,1577530740468,open,0.2,6.2,0.1475,0.252,0.19385522,72.86,0.208,0.0,BTC-25SEP20-7000-P,7309.27,70.97,0.188,20.3,0.199,15.0,74.53,23.77061,-3.18521,-29.51395,7e-05,-0.32185
132.72,SYN.ETH-25SEP20,1577530740488,open,0.56,0.0,0.466,0.636,0.549392,87.01,None,0.0,ETH-25SEP20-180-P,127.55,0.0,0.0,0.0,0.0,0.0,0.0,0.45676,-0.07309,-1.04937,0.004,-0.5121
132.72,SYN.ETH-25SEP20,1577530740490,open,0.68,0.0,0.587,0.768,0.675711,88.58,None,0.0,ETH-25SEP20-200-P,127.55,0.0,0.0,0.0,0.0,0.0,0.0,0.45157,-0.07356,-1.22286,0.00389,-0.56127
7421.55,BTC-27MAR20,1577530740566,open,2.52,0.0,2.4355,2.586,2.50630691,107.21,None,0.0,BTC-27MAR20-26000-P,7309.11,0.0,0.0015,10.0,0.0,0.0,0.0,1.65161,-0.98503,-63.74179,1e-05,-0.98172
7569.9,BTC-26JUN20,1577530740566,open,2.99,0.0,2.889,3.0765,2.97465946,98.48,None,0.0,BTC-26JUN20-30000-P,7309.11,0.0,0.002,1.0,0.0,0.0,0.0,5.54271,-1.50889,-147.20424,2e-05,-0.94947
7421.55,BTC-27MAR20,1577530740566,open,2.25,0.0,2.1715,2.313,2.23758369,104.73,None,0.0,BTC-27MAR20-24000-P,7309.11,0.0,0.0015,10.0,0.0,0.0,0.0,1.99399,-1.16176,-58.74787,1e-05,-0.97717
7421.55,BTC-27MAR20,1577530740566,open,3.88,0.0,3.7565,3.9535,3.8517044,114.26,None,0.0,BTC-27MAR20-36000-P,7309.11,0.0,0.0015,10.0,0.0,0.0,0.0,0.64305,-0.40878,-88.54918,0.0,-0.99382
7421.39,BTC-27MAR20,1577530740567,open,1.98,5.6,1.9075,2.0385,1.96836438,99.22,1.545,0.0,BTC-27MAR20-22000-P,7309.11,0.0,0.0015,10.0,0.0,0.0,0.0,2.14768,-1.18543,-53.78834,2e-05,-0.97506
7325.37,SYN.BTC-10JAN20,1577530740566,open,0.09,1.9,0.07,0.1185,0.0907528,55.24,0.0685,0.0,BTC-10JAN20-6750-C,7309.11,22.91,0.079,4.1,0.113,4.0,92.51,3.85607,-8.27172,1.83181,0.00037,0.79963
7683.24,SYN.BTC-25SEP20,1577530740565,open,0.92,1.0,0.848,1.0025,0.91735292,79.89,0.93,0.0,BTC-25SEP20-14000-P,7309.11,0.0,0.03,1.0,0.99,0.1,102.57,23.04284,-3.38558,-92.58186,7e-05,-0.70037
7569.9,BTC-26JUN20,1577530740568,open,3.26,0.0,3.1475,3.346,3.23856081,101.47,None,0.0,BTC-26JUN20-32000-P,7309.11,0.0,0.002,1.0,0.0,0.0,0.0,5.35057,-1.50076,-157.18584,2e-05,-0.95165
7325.37,SYN.BTC-10JAN20,1577530740566,open,0.01,38.2,0.0005,0.0225,0.00762982,59.43,0.008,0.0,BTC-10JAN20-6500-P,7309.11,59.1,0.0075,1.4,0.0085,29.0,61.57,2.90908,-6.71329,-0.35541,0.00026,-0.12991
7325.37,SYN.BTC-10JAN20,1577530740566,open,0.01,81.5,0.0025,0.034,0.01218553,55.2,0.012,0.0,BTC-10JAN20-6750-P,7309.11,53.88,0.0115,24.0,0.0135,27.0,57.66,3.85422,-8.26138,-0.54884,0.00037,-0.20021
7325.37,SYN.BTC-10JAN20,1577530740566,open,0.02,295.1,0.0095,0.0485,0.01998301,52.1,0.021,0.0,BTC-10JAN20-7000-P,7309.11,50.6,0.019,24.0,0.022,24.4,55.15,4.81149,-9.73441,-0.83693,0.00049,-0.30389
7325.37,SYN.BTC-10JAN20,1577530740566,open,0.12,0.0,0.099,0.144,0.12032423,59.48,None,0.0,BTC-10JAN20-6500-C,7309.11,0.0,0.1125,3.1,0.139,3.0,96.99,2.91213,-6.72647,1.93696,0.00026,0.8699
7325.37,SYN.BTC-10JAN20,1577530740566,open,0.0,13.2,0.0005,0.013,0.00293885,59.66,0.002,0.0,BTC-10JAN20-8750-C,7309.11,55.2,0.002,60.0,0.004,60.0,63.86,1.70307,-3.94569,0.15526,0.00015,0.06302
7683.24,SYN.BTC-25SEP20,1577530740566,open,1.41,1.0,1.33,1.4945,1.40321499,83.05,1.43,0.0,BTC-25SEP20-18000-P,7309.11,0.0,0.05,1.0,1.485,0.1,111.63,18.75544,-2.86458,-125.89216,5e-05,-0.79655
7325.37,SYN.BTC-10JAN20,1577530740566,open,0.06,10.8,0.046,0.0955,0.06442314,52.13,0.067,0.0,BTC-10JAN20-7000-C,7309.11,48.42,0.062,18.0,0.067,19.0,56.03,4.81219,-9.74244,1.63207,0.00049,0.69601
7325.37,SYN.BTC-10JAN20,1577530740566,open,0.22,0.5,0.1995,0.2365,0.21718155,74.67,0.2065,0.0,BTC-10JAN20-5750-C,7309.11,0.0,0.215,3.1,0.229,3.0,118.89,1.09258,-3.168,1.92936,8e-05,0.96381
7325.37,SYN.BTC-10JAN20,1577530740566,open,0.03,49.2,0.0195,0.0665,0.03210911,49.69,0.0355,0.0,BTC-10JAN20-7250-P,7309.11,48.87,0.0315,18.0,0.035,20.3,53.59,5.42117,-10.46056,-1.21334,0.00058,-0.43743
7325.37,SYN.BTC-10JAN20,1577530740566,open,0.02,80.2,0.0065,0.045,0.01649977,50.34,0.014,0.0,BTC-10JAN20-7750-C,7309.11,47.99,0.015,24.0,0.0175,2.0,51.88,4.72165,-9.22982,0.71087,0.0005,0.29159
7683.24,SYN.BTC-25SEP20,1577530740565,open,0.05,5.5,0.0245,0.103,0.05337823,86.06,0.0525,0.0,BTC-25SEP20-20000-C,7309.11,85.68,0.0525,0.6,0.054,20.0,86.34,17.38055,-2.75099,7.2283,5e-05,0.17968
7683.24,SYN.BTC-25SEP20,1577530740565,open,0.06,0.0,0.0295,0.1115,0.06052728,83.08,None,0.0,BTC-25SEP20-18000-C,7309.11,81.62,0.057,24.7,0.0635,0.1,84.29,18.76424,-2.86697,8.18844,5e-05,0.20361
7325.37,SYN.BTC-10JAN20,1577530740566,open,0.03,95.3,0.0155,0.059,0.02695579,49.72,0.024,0.0,BTC-10JAN20-7500-C,7309.11,47.73,0.0255,18.0,0.027,1.0,49.78,5.37401,-10.3755,1.01191,0.00057,0.41855
7325.37,SYN.BTC-10JAN20,1577530740566,open,0.11,0.0,0.08,0.137,0.10258387,52.54,None,0.0,BTC-10JAN20-8000-P,7309.11,0.0,0.0805,3.0,0.1295,3.0,95.34,3.84618,-7.84776,-2.33362,0.00039,-0.80049
7325.37,SYN.BTC-10JAN20,1577530740566,open,0.01,37.3,0.001,0.034,0.01051544,52.59,0.0085,0.0,BTC-10JAN20-8000-C,7309.11,49.64,0.009,26.5,0.0115,51.4,54.44,3.84912,-7.86134,0.48904,0.00039,0.19977
7325.37,SYN.BTC-10JAN20,1577530740566,open,0.01,57.2,0.0005,0.016,0.00450106,62.84,0.0045,0.0,BTC-10JAN20-6250-P,7309.11,61.0,0.004,50.0,0.0055,0.1,66.25,2.04822,-4.99847,-0.21873,0.00017,-0.08015
7325.37,SYN.BTC-10JAN20,1577530740566,open,0.0,52.0,0.0005,0.018,0.00413034,56.36,0.0045,0.0,BTC-10JAN20-8500-C,7309.11,52.3,0.003,60.0,0.005,43.1,59.12,2.20025,-4.8152,0.21715,0.00021,0.08817
7325.37,SYN.BTC-10JAN20,1577530740566,open,0.08,0.0,0.055,0.111,0.07444105,50.3,None,0.0,BTC-10JAN20-7750-P,7309.11,0.0,0.0505,3.0,0.1035,3.0,91.93,4.72033,-9.21988,-2.0234,0.0005,-0.70858
7325.37,SYN.BTC-10JAN20,1577530740566,open,0.15,0.0,0.1315,0.173,0.15132261,62.92,None,0.0,BTC-10JAN20-6250-C,7309.11,0.0,0.1465,3.1,0.1675,3.0,103.1,2.05259,-5.01507,1.98537,0.00017,0.91963
7683.24,SYN.BTC-25SEP20,1577530740565,open,0.07,2.0,0.039,0.1285,0.07446585,81.36,0.0725,0.0,BTC-25SEP20-16000-C,7309.11,79.88,0.0705,24.3,0.0775,0.1,82.47,20.79774,-3.11177,9.6998,6e-05,0.24395
7683.24,SYN.BTC-25SEP20,1577530740566,open,1.17,1.0,1.086,1.245,1.15685493,81.33,1.18,0.0,BTC-25SEP20-16000-P,7309.11,0.0,0.04,1.0,1.25,0.1,111.73,20.79171,-3.10994,-109.48232,6e-05,-0.75618
7421.55,BTC-27MAR20,1577530740591,open,0.0,251.8,0.0005,0.0165,0.00406399,99.57,0.004,0.0,BTC-27MAR20-22000-C,7309.11,97.56,0.0035,43.0,0.0045,0.1,101.0,2.18493,-1.21029,0.39085,2e-05,0.02545
7569.9,BTC-26JUN20,1577530740624,open,0.16,351.2,0.119,0.214,0.16126529,73.6,0.16,0.0,BTC-26JUN20-7000-P,7309.11,71.76,0.1565,0.3,0.165,20.1,75.05,19.5443,-3.97625,-18.83556,9e-05,-0.34086
128.45,SYN.ETH-28FEB20,1577530740635,open,0.58,0.0,0.521,0.636,0.575344,81.77,None,0.0,ETH-28FEB20-200-P,127.55,0.0,0.0,0.0,0.0,0.0,0.0,0.10932,-0.07224,-0.31566,0.00478,-0.87426
132.72,SYN.ETH-25SEP20,1577530740638,open,0.15,17.0,0.1,0.202,0.148862,86.42,0.148,0.0,ETH-25SEP20-100-P,127.55,83.39,0.141,170.0,0.157,170.0,89.56,0.3443,-0.05472,-0.37047,0.00304,-0.22589
132.72,SYN.ETH-25SEP20,1577530740658,open,0.04,0.0,0.02,0.069,0.041594,91.43,None,0.0,ETH-25SEP20-60-P,127.55,87.81,0.037,170.0,0.046,170.0,94.79,0.17136,-0.02881,-0.12086,0.00143,-0.08066
132.72,SYN.ETH-25SEP20,1577530740680,open,0.09,20.0,0.05,0.125,0.085202,87.79,0.078,0.0,ETH-25SEP20-80-P,127.55,84.14,0.078,170.0,0.092,170.0,91.18,0.26416,-0.04265,-0.23012,0.00229,-0.14756
132.72,SYN.ETH-25SEP20,1577530740702,open,0.33,0.0,0.256,0.4,0.326908,86.43,None,0.0,ETH-25SEP20-140-P,127.55,80.09,0.306,160.0,0.344,160.0,91.63,0.43668,-0.06941,-0.70043,0.00385,-0.38157
132.72,SYN.ETH-25SEP20,1577530740728,open,0.23,0.0,0.17,0.295,0.231324,86.42,None,0.0,ETH-25SEP20-120-P,127.55,82.68,0.22,160.0,0.239,160.0,88.95,0.40165,-0.06384,-0.53095,0.00354,-0.30572
130.79,ETH-26JUN20,1577530740773,open,0.44,0.0,0.405,0.479,0.442092,85.68,None,0.0,ETH-26JUN20-80-C,127.55,66.86,0.416,49.0,0.469,49.0,102.76,0.19693,-0.04664,0.27598,0.00271,0.86791
130.79,ETH-26JUN20,1577530740774,open,0.34,1.0,0.295,0.388,0.34244,83.79,0.38,0.0,ETH-26JUN20-100-C,127.55,67.26,0.308,48.0,0.376,48.0,99.5,0.27726,-0.06422,0.2793,0.0039,0.77337
130.79,ETH-26JUN20,1577530740813,open,0.16,188.0,0.109,0.217,0.163015,84.65,0.169,0.0,ETH-26JUN20-160-C,127.55,82.15,0.156,454.0,0.174,180.0,88.56,0.36701,-0.08588,0.20798,0.00511,0.4839
130.79,ETH-26JUN20,1577530740816,open,0.16,188.0,0.109,0.217,0.163015,84.65,0.169,0.0,ETH-26JUN20-160-C,127.55,82.15,0.156,454.0,0.173,274.0,88.21,0.36701,-0.08588,0.20798,0.00511,0.4839
130.79,ETH-26JUN20,1577530740831,open,0.05,1008.0,0.028,0.086,0.05376,85.68,0.054,0.0,ETH-26JUN20-80-P,127.55,83.17,0.05,292.0,0.058,200.0,88.48,0.19693,-0.04664,-0.12046,0.00271,-0.13209
127.64,SYN.ETH-3JAN20,1577530740846,open,0.18,0.0,0.143,0.215,0.177299,76.38,None,0.0,ETH-3JAN20-150-P,127.54,0.0,0.0,0.0,0.0,0.0,0.0,0.01746,-0.1135,-0.0231,0.00872,-0.94712
132.71,SYN.ETH-25SEP20,1577530740845,open,2.39,0.0,2.246,2.512,2.371015,100.09,None,0.0,ETH-25SEP20-440-P,127.54,0.0,0.0,0.0,0.0,0.0,0.0,0.28945,-0.05328,-3.16459,0.0022,-0.83036
128.46,SYN.ETH-28FEB20,1577530740846,open,0.3,0.0,0.243,0.35,0.295087,76.1,None,0.0,ETH-28FEB20-160-P,127.54,0.0,0.0,0.0,0.0,0.0,0.0,0.18197,-0.1119,-0.21818,0.00855,-0.70682
128.05,SYN.ETH-31JAN20,1577530740848,open,0.57,0.0,0.519,0.62,0.567017,83.57,None,0.0,ETH-31JAN20-200-P,127.54,0.0,0.01,50.0,0.0,0.0,0.0,0.04162,-0.05134,-0.18003,0.00327,-0.94782
132.71,SYN.ETH-25SEP20,1577530740845,open,2.68,0.0,2.534,2.812,2.664761,100.9,None,0.0,ETH-25SEP20-480-P,127.54,0.0,0.0,0.0,0.0,0.0,0.0,0.26582,-0.04933,-3.4754,0.00201,-0.85103
132.71,SYN.ETH-25SEP20,1577530740846,open,1.8,0.0,1.673,1.912,1.786482,96.87,None,0.0,ETH-25SEP20-360-P,127.54,0.0,0.0,0.0,0.0,0.0,0.0,0.33822,-0.06025,-2.53802,0.00266,-0.78103
128.05,SYN.ETH-31JAN20,1577530740848,open,0.89,0.0,0.822,0.937,0.876794,97.44,None,0.0,ETH-31JAN20-240-P,127.54,0.0,0.01,50.0,0.0,0.0,0.0,0.02244,-0.03227,-0.22012,0.00151,-0.97547
127.74,SYN.ETH-10JAN20,1577530740846,open,0.26,0.0,0.218,0.296,0.255531,71.87,None,0.0,ETH-10JAN20-160-P,127.54,0.0,0.0,0.0,0.0,0.0,0.0,0.02658,-0.07417,-0.05411,0.00642,-0.94529
128.05,SYN.ETH-31JAN20,1577530740848,open,0.42,25.0,0.37,0.465,0.415299,78.04,0.35,0.0,ETH-31JAN20-180-P,127.54,0.0,0.012,5.0,0.0,0.0,0.0,0.06567,-0.07565,-0.15697,0.00553,-0.90551
132.71,SYN.ETH-25SEP20,1577530740846,open,1.23,0.0,1.113,1.326,1.215649,93.14,None,0.0,ETH-25SEP20-280-P,127.54,0.0,0.0,0.0,0.0,0.0,0.0,0.39771,-0.06812,-1.8945,0.00326,-0.70087
132.71,SYN.ETH-25SEP20,1577530740845,open,2.09,0.0,1.958,2.21,2.077311,98.41,None,0.0,ETH-25SEP20-400-P,127.54,0.0,0.0,0.0,0.0,0.0,0.0,0.31178,-0.05643,-2.85318,0.00242,-0.80903
132.71,SYN.ETH-25SEP20,1577530740845,open,1.51,0.0,1.391,1.616,1.497996,94.84,None,0.0,ETH-25SEP20-320-P,127.54,0.0,0.0,0.0,0.0,0.0,0.0,0.36604,-0.06384,-2.21951,0.00294,-0.74731
128.05,SYN.ETH-31JAN20,1577530740852,open,0.27,1.0,0.225,0.315,0.268569,71.1,0.148,0.0,ETH-31JAN20-160-P,127.54,57.54,0.259,240.0,1.248,1.0,500.0,0.10191,-0.10695,-0.12952,0.00942,-0.82125
127.64,SYN.ETH-3JAN20,1577530740846,open,0.26,0.0,0.219,0.298,0.256122,103.57,None,0.0,ETH-3JAN20-160-P,127.54,0.0,0.0,0.0,0.0,0.0,0.0,0.01645,-0.14499,-0.0248,0.00606,-0.95094
128.05,SYN.ETH-31JAN20,1577530740848,open,0.73,1.0,0.67,0.777,0.721262,89.57,0.739,0.0,ETH-31JAN20-220-P,127.54,0.0,0.01,50.0,0.0,0.0,0.0,0.02826,-0.03736,-0.20071,0.00207,-0.96763
127.74,SYN.ETH-10JAN20,1577530740846,open,0.19,0.0,0.144,0.22,0.180555,66.36,None,0.0,ETH-10JAN20-150-P,127.54,0.0,0.009,10.0,0.0,0.0,0.0,0.04511,-0.11623,-0.04824,0.01181,-0.89002
130.79,ETH-26JUN20,1577530740858,open,0.11,646.0,0.066,0.152,0.107024,83.79,0.119,0.0,ETH-26JUN20-100-P,127.54,80.94,0.101,473.0,0.112,200.0,86.14,0.27726,-0.06422,-0.21625,0.0039,-0.22663
128.05,SYN.ETH-31JAN20,1577530740846,open,1.04,0.0,0.974,1.098,1.032971,107.3,None,0.0,ETH-31JAN20-260-P,127.54,0.0,0.01,50.0,0.0,0.0,0.0,0.02092,-0.03314,-0.23892,0.00128,-0.97743
132.71,SYN.ETH-25SEP20,1577530740845,open,0.95,0.0,0.844,1.043,0.94039,91.13,None,0.0,ETH-25SEP20-240-P,127.54,0.0,0.0,0.0,0.0,0.0,0.0,0.42826,-0.07177,-1.56281,0.00358,-0.64059
130.78,ETH-26JUN20,1577530740860,open,0.52,426.0,0.433,0.587,0.508373,86.23,0.47,0.0,ETH-26JUN20-180-P,127.54,77.24,0.484,180.0,0.553,200.0,102.32,0.35828,-0.08541,-0.71061,0.0049,-0.58811
130.78,ETH-26JUN20,1577530740864,open,0.78,0.0,0.689,0.858,0.770649,88.39,None,0.0,ETH-26JUN20-220-P,127.54,0.0,0.682,50.0,0.0,0.0,0.0,0.32004,-0.0782,-0.95318,0.00427,-0.70012
130.79,ETH-26JUN20,1577530740867,open,0.26,176.0,0.211,0.315,0.263865,82.98,0.279,0.0,ETH-26JUN20-120-C,127.54,70.15,0.231,50.0,0.278,180.0,88.54,0.33349,-0.0765,0.26312,0.00474,0.66984
130.78,ETH-26JUN20,1577530740878,open,0.28,1336.0,0.211,0.34,0.274641,82.96,0.286,0.0,ETH-26JUN20-140-P,127.54,78.04,0.261,180.0,0.292,180.0,89.26,0.36167,-0.08295,-0.45692,0.00514,-0.4304
130.79,ETH-26JUN20,1577530740900,open,0.39,833.0,0.316,0.459,0.386351,84.65,0.354,0.0,ETH-26JUN20-160-P,127.54,78.46,0.369,180.0,0.408,180.0,92.36,0.36701,-0.08588,-0.5849,0.00511,-0.51609
130.79,ETH-26JUN20,1577530740924,open,0.44,0.0,0.405,0.479,0.442092,85.68,None,0.0,ETH-26JUN20-80-C,127.54,66.05,0.415,49.0,0.469,49.0,102.76,0.19693,-0.04665,0.27598,0.00271,0.86791
130.78,ETH-26JUN20,1577530740927,open,0.34,1.0,0.295,0.388,0.34244,83.81,0.38,0.0,ETH-26JUN20-100-C,127.54,67.28,0.308,48.0,0.377,48.0,99.98,0.27727,-0.06424,0.27925,0.0039,0.77332
130.78,ETH-26JUN20,1577530740935,open,0.11,1440.0,0.06,0.159,0.107278,87.28,0.111,0.0,ETH-26JUN20-200-C,127.54,84.86,0.101,424.0,0.116,140.0,90.6,0.34115,-0.08231,0.15758,0.00461,0.35043
130.78,ETH-26JUN20,1577530740937,open,0.11,1440.0,0.06,0.159,0.107278,87.28,0.111,0.0,ETH-26JUN20-200-C,127.54,84.86,0.101,424.0,0.115,284.0,90.22,0.34115,-0.08231,0.15758,0.00461,0.35043
7325.37,SYN.BTC-10JAN20,1577530740944,open,0.0,82.7,0.0005,0.013,0.00331271,69.86,0.0035,0.0,BTC-10JAN20-6000-P,7309.11,68.36,0.003,0.3,0.004,45.5,72.94,1.55885,-4.22904,-0.15402,0.00012,-0.05629
7316.62,SYN.BTC-3JAN20,1577530740955,open,0.01,310.1,0.0005,0.0325,0.0085879,49.17,0.01,0.0,BTC-3JAN20-7000-P,7309.11,48.96,0.0085,5.1,0.0095,19.1,51.53,2.81574,-11.78136,-0.28048,0.00066,-0.22956
7351.63,SYN.BTC-31JAN20,1577530740956,open,0.09,204.2,0.0685,0.1215,0.09327635,56.28,0.087,0.0,BTC-31JAN20-7000-C,7309.11,52.92,0.0895,26.4,0.0935,0.5,56.46,8.33885,-6.92636,3.76369,0.0003,0.6449
128.86,ETH-27MAR20,1577530740957,open,0.01,1405.0,0.001,0.026,0.008639,115.07,0.008,0.0,ETH-27MAR20-400-C,127.54,111.34,0.007,270.0,0.01,560.0,117.85,0.06031,-0.03861,0.01145,0.00128,0.04472
7386.64,SYN.BTC-28FEB20,1577530740958,open,0.11,3.1,0.077,0.145,0.10767801,60.45,0.12,0.0,BTC-28FEB20-7500-P,7309.11,58.83,0.105,14.4,0.112,18.4,63.1,12.10881,-5.91502,-7.29331,0.00022,-0.47478
7325.37,SYN.BTC-10JAN20,1577530740986,open,0.22,0.5,0.1995,0.2365,0.21716342,74.67,0.2065,0.0,BTC-10JAN20-5750-C,7309.11,0.0,0.215,0.1,0.229,3.0,118.89,1.09258,-3.168,1.92936,8e-05,0.96381
130.78,ETH-26JUN20,1577530740981,open,0.09,804.0,0.046,0.138,0.088563,88.44,0.089,0.0,ETH-26JUN20-220-C,127.54,86.15,0.083,428.0,0.096,140.0,91.45,0.32015,-0.07827,0.1371,0.00427,0.30011
7386.64,SYN.BTC-28FEB20,1577530740991,open,0.07,8.5,0.0475,0.1075,0.07385511,61.31,0.076,0.0,BTC-28FEB20-7000-P,7309.11,59.48,0.071,15.9,0.0765,19.3,63.03,11.4548,-5.67526,-5.52312,0.0002,-0.36723
130.78,ETH-26JUN20,1577530740986,open,0.09,804.0,0.046,0.138,0.088563,88.44,0.089,0.0,ETH-26JUN20-220-C,127.54,86.15,0.083,428.0,0.095,288.0,91.05,0.32015,-0.07827,0.1371,0.00427,0.30011
130.79,ETH-26JUN20,1577530741019,open,0.03,777.0,0.011,0.069,0.033553,97.3,0.03,0.0,ETH-26JUN20-360-C,127.54,94.1,0.029,440.0,0.037,140.0,99.59,0.19273,-0.05184,0.06124,0.00234,0.12805
128.46,SYN.ETH-28FEB20,1577530741034,open,0.15,0.0,0.114,0.192,0.153537,74.41,None,0.0,ETH-28FEB20-120-C,127.54,71.44,0.149,240.0,0.158,384.0,77.32,0.19664,-0.11824,0.10732,0.00945,0.64636
128.86,ETH-27MAR20,1577530741036,open,0.01,1189.0,0.001,0.023,0.007117,118.77,0.007,0.0,ETH-27MAR20-440-C,127.54,115.82,0.006,30.0,0.008,260.0,120.9,0.05148,-0.03402,0.00942,0.00106,0.0368
130.78,ETH-26JUN20,1577530741046,open,0.07,567.0,0.036,0.123,0.075063,90.03,0.077,0.0,ETH-26JUN20-240-C,127.54,87.8,0.07,432.0,0.082,140.0,93.03,0.29907,-0.07443,0.12035,0.00392,0.26076
130.78,ETH-26JUN20,1577530741050,open,0.07,567.0,0.036,0.123,0.075063,90.03,0.077,0.0,ETH-26JUN20-240-C,127.54,87.8,0.07,432.0,0.081,292.0,92.6,0.29907,-0.07443,0.12035,0.00392,0.26076
128.86,ETH-27MAR20,1577530741057,open,0.03,1037.0,0.01,0.048,0.025689,90.41,0.028,0.0,ETH-27MAR20-80-P,127.54,88.44,0.024,320.0,0.028,860.0,93.05,0.11146,-0.05606,-0.03959,0.00302,-0.09908
128.46,SYN.ETH-28FEB20,1577530741058,open,0.11,2.0,0.077,0.154,0.115917,74.01,0.106,0.0,ETH-28FEB20-130-C,127.54,71.61,0.112,220.0,0.119,220.0,75.9,0.20965,-0.12538,0.09346,0.01013,0.54507
128.86,ETH-27MAR20,1577530741070,open,0.01,1564.0,0.003,0.035,0.013537,105.69,0.011,0.0,ETH-27MAR20-320-C,127.54,103.32,0.012,260.0,0.015,260.0,107.81,0.08632,-0.05075,0.01807,0.002,0.07049
130.78,ETH-26JUN20,1577530741080,open,0.01,626.0,0.003,0.038,0.013635,112.29,0.015,0.0,ETH-26JUN20-640-C,127.54,110.07,0.012,1.0,0.015,120.0,114.03,0.09991,-0.03101,0.02571,0.00105,0.0533
7351.63,SYN.BTC-31JAN20,1577530741084,open,0.0,390.9,0.0005,0.0135,0.0038836,76.4,0.004,0.0,BTC-31JAN20-5000-P,7309.11,74.84,0.0035,64.0,0.0045,0.1,78.74,1.85678,-2.09373,-0.28675,5e-05,-0.03814
128.86,ETH-27MAR20,1577530741109,open,0.01,1307.0,0.001,0.03,0.010665,110.73,0.008,0.0,ETH-27MAR20-360-C,127.54,107.58,0.009,260.0,0.012,260.0,113.06,0.0715,-0.04405,0.01418,0.00158,0.05536
128.46,SYN.ETH-28FEB20,1577530741126,open,0.06,72.0,0.034,0.1,0.065193,74.87,0.064,0.0,ETH-28FEB20-150-C,127.54,72.15,0.061,692.0,0.068,220.0,76.68,0.19855,-0.12012,0.06499,0.00948,0.36363
130.79,ETH-26JUN20,1577530741135,open,0.02,110.0,0.005,0.048,0.019208,107.51,0.024,0.0,ETH-26JUN20-520-C,127.54,105.2,0.017,1.0,0.022,120.0,110.23,0.12925,-0.03841,0.03563,0.00142,0.07419
130.79,ETH-26JUN20,1577530741138,open,0.02,110.0,0.005,0.048,0.019208,107.51,0.024,0.0,ETH-26JUN20-520-C,127.54,105.2,0.017,1.0,0.022,420.0,110.23,0.12925,-0.03841,0.03563,0.00142,0.07419
128.46,SYN.ETH-28FEB20,1577530741147,open,0.05,1.0,0.023,0.082,0.049485,76.05,0.055,0.0,ETH-28FEB20-160-C,127.54,73.57,0.046,467.0,0.052,180.0,77.82,0.18192,-0.1118,0.05303,0.00855,0.293
128.46,SYN.ETH-28FEB20,1577530741192,open,0.04,1.0,0.015,0.068,0.038274,77.66,0.043,0.0,ETH-28FEB20-170-C,127.54,75.05,0.035,665.0,0.04,180.0,79.01,0.16324,-0.10244,0.04325,0.00751,0.23686
130.78,ETH-26JUN20,1577530741196,open,0.02,287.0,0.004,0.043,0.01631,108.48,0.014,0.0,ETH-26JUN20-560-C,127.54,104.46,0.013,120.0,0.02,120.0,112.41,0.11519,-0.03454,0.03084,0.00125,0.0639
130.78,ETH-26JUN20,1577530741199,open,0.02,287.0,0.004,0.043,0.01631,108.48,0.014,0.0,ETH-26JUN20-560-C,127.54,104.46,0.013,120.0,0.02,420.0,112.41,0.11519,-0.03454,0.03084,0.00125,0.0639
128.86,ETH-27MAR20,1577530741202,open,0.12,1687.0,0.079,0.169,0.122249,81.24,0.131,0.0,ETH-27MAR20-120-P,127.54,78.4,0.117,572.0,0.127,512.0,83.82,0.23748,-0.10734,-0.15067,0.00715,-0.35261
7316.62,SYN.BTC-3JAN20,1577530741210,open,0.08,4.8,0.0615,0.1055,0.0815221,54.92,0.07,0.0,BTC-3JAN20-6750-C,7309.11,48.13,0.08,0.7,0.0835,0.7,62.19,1.82073,-8.50894,0.94433,0.00038,0.8833
128.46,SYN.ETH-28FEB20,1577530741214,open,0.03,68.0,0.011,0.057,0.030111,79.44,0.029,0.0,ETH-28FEB20-180-C,127.54,76.62,0.027,670.0,0.032,180.0,81.09,0.14478,-0.09294,0.03541,0.00652,0.19272
130.78,ETH-26JUN20,1577530741222,open,0.02,667.0,0.007,0.056,0.024235,102.6,0.027,0.0,ETH-26JUN20-440-C,127.54,99.74,0.021,120.0,0.027,420.0,104.88,0.15395,-0.04366,0.04498,0.00177,0.09364
7316.62,SYN.BTC-3JAN20,1577530741225,open,0.05,89.7,0.0335,0.0805,0.05186158,49.23,0.0535,0.0,BTC-3JAN20-7000-C,7309.11,44.21,0.05,6.0,0.052,20.0,49.54,2.81739,-11.80195,0.84606,0.00066,0.77021
128.87,ETH-27MAR20,1577530741228,open,0.17,0.0,0.115,0.214,0.163031,80.3,None,0.0,ETH-27MAR20-130-P,127.54,78.23,0.159,320.0,0.169,320.0,83.36,0.25114,-0.11219,-0.18806,0.00765,-0.42963
7316.62,SYN.BTC-3JAN20,1577530741228,open,0.04,79.3,0.0225,0.0715,0.03768664,44.88,0.042,0.0,BTC-3JAN20-7500-P,7309.11,41.27,0.036,18.0,0.0395,0.7,48.78,3.41012,-13.02463,-0.81903,0.00088,-0.65771
7316.62,SYN.BTC-3JAN20,1577530741230,open,0.04,79.3,0.0225,0.0715,0.03768664,44.88,0.042,0.0,BTC-3JAN20-7500-P,7309.11,41.27,0.036,18.7,0.0395,0.7,48.78,3.41012,-13.02463,-0.81903,0.00088,-0.65771
7316.62,SYN.BTC-3JAN20,1577530741231,open,0.01,285.2,0.0005,0.028,0.00573825,47.85,0.0045,0.0,BTC-3JAN20-7750-C,7309.11,43.96,0.0045,55.6,0.006,0.1,48.62,2.4312,-9.89984,0.20459,0.00059,0.17945
7316.62,SYN.BTC-3JAN20,1577530741233,open,0.07,5.7,0.045,0.097,0.06497097,47.78,0.091,0.0,BTC-3JAN20-7750-P,7309.11,43.19,0.0635,0.7,0.0665,0.7,52.27,2.42785,-9.87102,-1.04342,0.00059,-0.82094
128.46,SYN.ETH-28FEB20,1577530741233,open,0.02,191.0,0.008,0.049,0.024173,81.39,0.023,0.0,ETH-28FEB20-190-C,127.54,79.16,0.022,1.0,0.026,372.0,83.19,0.12791,-0.08412,0.02926,0.00562,0.15852
7569.9,BTC-26JUN20,1577530741241,open,0.02,888.6,0.009,0.0595,0.02545858,88.87,0.0225,0.0,BTC-26JUN20-20000-C,7309.11,86.93,0.023,20.0,0.0275,8.0,90.41,9.85347,-2.42074,3.07619,4e-05,0.10746
130.78,ETH-26JUN20,1577530741246,open,0.01,308.0,0.003,0.039,0.014168,109.6,0.017,0.0,ETH-26JUN20-600-C,127.54,106.73,0.012,120.0,0.016,120.0,111.82,0.10396,-0.0315,0.02715,0.00112,0.05605
128.87,ETH-27MAR20,1577530741249,open,0.22,642.0,0.16,0.269,0.21386,81.53,0.239,0.0,ETH-27MAR20-140-P,127.54,76.55,0.204,144.0,0.219,320.0,84.13,0.25511,-0.11572,-0.22684,0.00765,-0.50098
130.78,ETH-26JUN20,1577530741271,open,0.02,349.0,0.006,0.05,0.020893,104.65,0.022,0.0,ETH-26JUN20-480-C,127.54,101.81,0.018,120.0,0.024,120.0,107.47,0.1385,-0.04007,0.03913,0.00156,0.08127
130.78,ETH-26JUN20,1577530741274,open,0.02,349.0,0.006,0.05,0.020893,104.65,0.022,0.0,ETH-26JUN20-480-C,127.54,101.81,0.018,120.0,0.024,420.0,107.47,0.1385,-0.04007,0.03913,0.00156,0.08127
128.86,ETH-27MAR20,1577530741279,open,0.46,1550.0,0.394,0.523,0.456559,84.85,0.495,0.0,ETH-27MAR20-180-P,127.54,70.51,0.434,300.0,0.504,300.0,111.39,0.21519,-0.10158,-0.37337,0.0062,-0.72014
130.79,ETH-26JUN20,1577530741464,open,0.44,0.0,0.405,0.479,0.442092,85.68,None,0.0,ETH-26JUN20-80-C,127.54,66.05,0.415,49.0,0.467,49.0,101.53,0.19693,-0.04665,0.27598,0.00271,0.86791
130.79,ETH-26JUN20,1577530741499,open,0.44,0.0,0.405,0.479,0.442092,85.68,None,0.0,ETH-26JUN20-80-C,127.54,66.05,0.415,49.0,0.468,49.0,102.14,0.19693,-0.04665,0.27598,0.00271,0.86791
7421.26,BTC-27MAR20,1577530741573,open,3.61,0.0,3.492,3.681,3.58252188,112.15,None,0.0,BTC-27MAR20-34000-P,7308.67,0.0,0.0015,10.0,0.0,0.0,0.0,0.71874,-0.44844,-83.61159,0.0,-0.99299
7569.22,BTC-26JUN20,1577530741573,open,1.42,2.9,1.3455,1.489,1.40933633,86.23,1.35,0.0,BTC-26JUN20-18000-P,7308.67,0.0,1.35,1.8,2.1,0.1,375.42,11.30738,-2.69532,-85.47403,5e-05,-0.86941
7569.22,BTC-26JUN20,1577530741573,open,2.46,0.0,2.3725,2.5445,2.4502886,95.23,None,0.0,BTC-26JUN20-26000-P,7308.67,0.0,0.002,1.0,0.0,0.0,0.0,6.84437,-1.80183,-126.93849,3e-05,-0.9339
7569.22,BTC-26JUN20,1577530741573,open,1.94,0.0,1.8575,2.014,1.92767144,91.23,None,0.0,BTC-26JUN20-22000-P,7308.67,0.0,0.11,1.0,2.22,0.1,215.66,8.65968,-2.18398,-106.43533,3e-05,-0.9099
7421.26,BTC-27MAR20,1577530741573,open,1.71,5.2,1.6435,1.768,1.7006287,97.23,2.035,0.0,BTC-27MAR20-20000-P,7308.67,0.0,0.0015,10.0,1.8995,0.5,242.49,2.83738,-1.53481,-48.71319,2e-05,-0.96512
7421.26,BTC-27MAR20,1577530741573,open,3.06,0.0,2.9635,3.134,3.04431138,110.66,None,0.0,BTC-27MAR20-30000-P,7308.67,0.0,0.0015,10.0,0.0,0.0,0.0,1.1194,-0.68917,-73.6921,1e-05,-0.98837
7421.26,BTC-27MAR20,1577530741573,open,4.42,1.0,4.2845,4.503,4.39028852,110.6,4.54,0.0,BTC-27MAR20-40000-P,7308.67,0.0,0.0015,10.0,0.0,0.0,0.0,0.29573,-0.18197,-98.4532,0.0,-0.9974
7386.41,SYN.BTC-28FEB20,1577530741573,open,0.02,29.7,0.007,0.0365,0.01738585,67.17,0.019,0.0,BTC-28FEB20-5500-P,7308.67,66.04,0.0165,20.0,0.0185,24.2,68.55,5.87286,-3.1875,-1.64734,9e-05,-0.11417
7386.41,SYN.BTC-28FEB20,1577530741573,open,0.2,0.0,0.165,0.241,0.19978298,61.45,None,0.0,BTC-28FEB20-8500-P,7308.67,23.24,0.154,0.1,0.0,0.0,0.0,11.06863,-5.49667,-10.83903,0.00019,-0.66584
7569.22,BTC-26JUN20,1577530741575,open,2.2,0.0,2.114,2.276,2.18713211,91.83,None,0.0,BTC-26JUN20-24000-P,7308.67,0.0,0.002,1.0,0.0,0.0,0.0,7.30242,-1.85375,-116.85032,3e-05,-0.92811
7569.22,BTC-26JUN20,1577530741575,open,1.68,0.1,1.601,1.7505,1.66750141,88.69,1.85,0.0,BTC-26JUN20-20000-P,7308.67,0.0,0.0005,3.0,1.88,0.1,181.42,9.80511,-2.40403,-96.05201,4e-05,-0.89325
7569.22,BTC-26JUN20,1577530741575,open,2.73,0.0,2.631,2.8125,2.71347397,98.16,None,0.0,BTC-26JUN20-28000-P,7308.67,0.0,0.002,1.0,0.0,0.0,0.0,6.41829,-1.74155,-137.00689,2e-05,-0.93914
7420.82,BTC-27MAR20,1577530741575,open,3.33,0.0,3.228,3.407,3.31338251,109.42,None,0.0,BTC-27MAR20-32000-P,7308.67,0.0,0.0015,10.0,0.0,0.0,0.0,0.78551,-0.47815,-78.67515,1e-05,-0.99224
7420.82,BTC-27MAR20,1577530741575,open,2.79,0.0,2.6995,2.8615,2.77566435,109.81,None,0.0,BTC-27MAR20-28000-P,7308.67,0.0,0.0015,10.0,0.0,0.0,0.0,1.41139,-0.86222,-68.7134,1e-05,-0.98479
7386.41,SYN.BTC-28FEB20,1577530741573,open,0.27,0.0,0.2505,0.299,0.27279822,67.2,None,0.0,BTC-28FEB20-5500-C,7308.67,32.92,0.256,4.0,0.292,4.0,88.29,5.87569,-3.19041,7.67514,9e-05,0.88575
7386.41,SYN.BTC-28FEB20,1577530741573,open,0.21,0.0,0.191,0.246,0.21660614,63.95,None,0.0,BTC-28FEB20-6000-C,7308.67,29.08,0.1895,4.0,0.241,4.0,85.01,7.93767,-4.10184,7.57452,0.00013,0.82152
7386.41,SYN.BTC-28FEB20,1577530741572,open,0.15,0.0,0.117,0.19,0.15026382,60.67,None,0.0,BTC-28FEB20-8000-P,7308.67,40.83,0.119,4.0,0.19,4.0,85.05,11.90518,-5.83641,-9.10824,0.00021,-0.57714
7386.41,SYN.BTC-28FEB20,1577530741573,open,0.16,0.5,0.139,0.199,0.16709259,61.98,0.1685,0.0,BTC-28FEB20-6500-C,7308.67,37.0,0.136,4.0,0.1955,4.0,82.47,9.95797,-4.98757,7.11331,0.00017,0.73517
7386.41,SYN.BTC-28FEB20,1577530741573,open,0.01,34.2,0.001,0.025,0.01051364,71.77,0.0105,0.0,BTC-28FEB20-5000-P,7308.67,70.84,0.01,20.0,0.0115,24.2,73.5,4.12872,-2.39437,-1.02085,6e-05,-0.07101
7386.41,SYN.BTC-28FEB20,1577530741572,open,0.32,0.0,0.2775,0.356,0.31334723,64.21,None,0.0,BTC-28FEB20-9500-P,7308.67,0.0,0.0,0.0,0.0,0.0,0.0,8.67037,-4.4985,-13.86353,0.00015,-0.79382
7386.41,SYN.BTC-28FEB20,1577530741573,open,0.38,0.0,0.3385,0.4165,0.37393799,65.17,None,0.0,BTC-28FEB20-10000-P,7308.67,0.0,0.0,0.0,0.0,0.0,0.0,7.39633,-3.89489,-15.20184,0.00012,-0.84011
7386.41,SYN.BTC-28FEB20,1577530741573,open,0.26,0.0,0.219,0.297,0.25480597,62.8,None,0.0,BTC-28FEB20-9000-P,7308.67,0.0,0.0,0.0,0.0,0.0,0.0,9.91816,-5.03306,-12.42211,0.00017,-0.73725
7386.41,SYN.BTC-28FEB20,1577530741573,open,0.03,29.2,0.0135,0.053,0.02888356,63.93,0.032,0.0,BTC-28FEB20-6000-P,7308.67,62.63,0.0275,27.1,0.0305,20.3,65.42,7.93591,-4.09944,-2.59573,0.00013,-0.17842
7386.41,SYN.BTC-28FEB20,1577530741573,open,0.02,19.0,0.0075,0.043,0.0201423,65.21,0.019,0.0,BTC-28FEB20-10000-C,7308.67,64.06,0.019,47.2,0.0205,0.5,65.56,7.4023,-3.90055,1.75235,0.00012,0.16009
132.71,SYN.ETH-25SEP20,1577530741804,open,0.59,0.0,0.559,0.62,0.58948,91.45,None,0.0,ETH-25SEP20-60-C,127.54,70.77,0.566,56.0,0.604,56.0,102.19,0.17139,-0.02882,0.32601,0.00143,0.91931
130.8,ETH-26JUN20,1577530741865,open,0.78,0.0,0.689,0.858,0.770762,88.53,None,0.0,ETH-26JUN20-220-P,127.55,0.0,0.681,50.0,0.0,0.0,0.0,0.32043,-0.07842,-0.95294,0.00427,-0.69942
132.7,SYN.ETH-25SEP20,1577530742094,open,0.48,0.0,0.44,0.524,0.482402,87.79,None,0.0,ETH-25SEP20-80-C,127.55,73.04,0.454,53.0,0.507,53.0,99.95,0.26418,-0.04265,0.36571,0.00229,0.85239
128.04,SYN.ETH-31JAN20,1577530742320,open,0.23,2.0,0.206,0.267,0.236952,80.92,0.236,0.0,ETH-31JAN20-100-C,127.55,46.38,0.221,37.0,0.256,37.0,107.07,0.08256,-0.09861,0.07521,0.00671,0.86989
130.8,ETH-26JUN20,1577530742323,open,0.56,4.0,0.538,0.587,0.561994,88.62,0.563,0.0,ETH-26JUN20-60-C,127.55,57.24,0.544,52.0,0.576,52.0,103.78,0.1086,-0.0266,0.24551,0.00145,0.94076
132.7,SYN.ETH-25SEP20,1577530742326,open,0.48,0.0,0.44,0.524,0.482402,87.79,None,0.0,ETH-25SEP20-80-C,127.55,72.5,0.453,53.0,0.507,53.0,99.95,0.26418,-0.04265,0.36571,0.00229,0.85239
7569.18,BTC-26JUN20,1577530742579,open,0.02,24.9,0.007,0.0535,0.02141799,91.46,0.021,0.0,BTC-26JUN20-22000-C,7308.67,89.29,0.019,25.0,0.0235,9.0,93.22,8.71555,-2.20343,2.6055,3e-05,0.09088
7420.71,BTC-27MAR20,1577530742579,open,0.16,531.7,0.1275,0.2015,0.16169006,68.66,0.1515,0.0,BTC-27MAR20-7000-C,7308.67,67.22,0.159,10.2,0.1655,10.2,70.7,13.85743,-5.29339,8.62466,0.00015,0.6337
7569.18,BTC-26JUN20,1577530742579,open,0.14,190.9,0.1025,0.1975,0.14477272,74.85,0.1385,0.0,BTC-26JUN20-9000-C,7308.67,72.79,0.139,17.5,0.149,22.2,76.36,21.21196,-4.38887,12.34996,0.0001,0.47403
7420.71,BTC-27MAR20,1577530742580,open,0.4,136.4,0.351,0.4465,0.39433043,72.21,0.41,0.0,BTC-27MAR20-10000-P,7307.28,63.83,0.3815,10.0,0.4235,2.0,89.34,11.86697,-4.76732,-20.78596,0.00012,-0.74323
7569.18,BTC-26JUN20,1577530742580,open,0.61,17.8,0.599,0.628,0.61134345,81.05,0.612,0.0,BTC-26JUN20-3000-C,7307.28,60.22,0.605,5.0,0.6215,5.0,98.72,3.44745,-0.77237,13.51905,1e-05,0.97176
7420.71,BTC-27MAR20,1577530742580,open,1.18,1.2,1.1175,1.226,1.16637433,88.49,1.4,0.0,BTC-27MAR20-16000-P,7307.28,0.0,0.0015,10.0,1.2995,0.5,185.46,4.55601,-2.24287,-38.4339,4e-05,-0.93701
7420.71,BTC-27MAR20,1577530742580,open,0.01,1572.1,0.0005,0.0305,0.0104062,88.75,0.009,0.0,BTC-27MAR20-16000-C,7307.28,86.38,0.009,27.0,0.0115,10.2,90.46,4.59621,-2.26928,0.9738,4e-05,0.0637
7420.71,BTC-27MAR20,1577530742580,open,0.0,139.3,0.0005,0.011,0.00126837,113.9,0.0015,0.0,BTC-27MAR20-34000-C,7307.28,111.2,0.001,45.2,0.0015,2.0,115.91,0.80415,-0.50955,0.12239,1e-05,0.00797
7569.18,BTC-26JUN20,1577530742580,open,0.02,490.4,0.01,0.0435,0.02202902,76.39,0.021,0.0,BTC-26JUN20-4000-P,7307.28,74.27,0.02,36.0,0.0245,28.0,78.88,7.37684,-1.55779,-3.55885,3e-05,-0.07285
7569.18,BTC-26JUN20,1577530742580,open,0.44,136.4,0.3795,0.5015,0.43453836,75.18,0.42,0.0,BTC-26JUN20-10000-P,7307.28,65.62,0.409,6.0,0.5065,10.0,101.11,20.54167,-4.26881,-38.92485,0.0001,-0.60321
7569.18,BTC-26JUN20,1577530742580,open,0.01,51.0,0.004,0.042,0.01460927,98.54,0.0155,0.0,BTC-26JUN20-28000-C,7307.28,95.33,0.012,25.0,0.0155,8.0,99.56,6.50521,-1.77205,1.77444,2e-05,0.06192
7420.71,BTC-27MAR20,1577530742580,open,0.02,271.3,0.009,0.0425,0.02137485,73.88,0.0205,0.0,BTC-27MAR20-5000-P,7307.28,72.9,0.0205,20.1,0.023,24.1,75.68,6.63967,-2.72913,-2.28703,7e-05,-0.10379
7420.71,BTC-27MAR20,1577530742580,open,0.01,1361.5,0.0005,0.021,0.00809736,81.63,0.0075,0.0,BTC-27MAR20-4000-P,7307.28,80.26,0.0075,34.0,0.009,0.1,83.61,3.29996,-1.4986,-0.91502,3e-05,-0.04198
7569.18,BTC-26JUN20,1577530742580,open,0.05,555.8,0.0255,0.096,0.05240447,80.19,0.052,0.0,BTC-26JUN20-14000-C,7307.28,78.74,0.0495,24.5,0.0545,0.1,81.21,15.3462,-3.40162,5.90239,7e-05,0.20976
7569.18,BTC-26JUN20,1577530742580,open,0.01,42.2,0.0015,0.036,0.01134635,101.55,0.01,0.0,BTC-26JUN20-32000-C,7307.28,99.57,0.01,2.3,0.0125,9.0,103.13,5.36581,-1.50624,1.39463,2e-05,0.04853
7420.71,BTC-27MAR20,1577530742580,open,0.0,83.5,0.0005,0.0115,0.00152164,112.27,0.0015,0.0,BTC-27MAR20-32000-C,7307.28,107.5,0.001,26.2,0.002,40.0,115.68,0.94015,-0.5872,0.14615,1e-05,0.00952
7420.71,BTC-27MAR20,1577530742580,open,0.0,715.8,0.0005,0.0105,0.0005785,115.0,0.001,0.0,BTC-27MAR20-40000-C,7307.28,113.53,0.0005,458.1,0.0015,40.0,125.96,0.41958,-0.26844,0.05941,0.0,0.00383
7420.71,BTC-27MAR20,1577530742580,open,0.34,2.1,0.325,0.375,0.34763481,73.94,0.3115,0.0,BTC-27MAR20-5000-C,7307.28,0.0,0.3255,4.0,0.365,4.0,91.35,6.64531,-2.73351,10.02158,7e-05,0.89609
7569.18,BTC-26JUN20,1577530742580,open,0.02,15.5,0.005,0.045,0.01667626,92.12,0.017,0.0,BTC-26JUN20-24000-C,7307.28,91.42,0.016,25.0,0.0195,8.0,94.89,7.37326,-1.87763,2.10532,3e-05,0.0728
7569.18,BTC-26JUN20,1577530742580,open,0.24,169.2,0.1915,0.299,0.23986628,73.6,0.2501,0.0,BTC-26JUN20-8000-P,7307.28,68.08,0.2245,9.0,0.263,3.0,81.97,21.01214,-4.27526,-25.48247,0.0001,-0.4395
7420.71,BTC-27MAR20,1577530742581,open,0.07,459.0,0.0415,0.109,0.07029943,70.83,0.0705,0.0,BTC-27MAR20-9000-C,7307.28,69.03,0.067,24.0,0.072,4.6,71.75,13.70176,-5.39893,5.19259,0.00014,0.35448
7420.71,BTC-27MAR20,1577530742581,open,0.29,102.3,0.2405,0.334,0.2830315,70.78,0.302,0.0,BTC-27MAR20-9000-P,7307.28,63.89,0.2705,11.0,0.325,3.0,92.83,13.69921,-5.39421,-16.97028,0.00014,-0.64571
7682.45,SYN.BTC-25SEP20,1577530742580,open,0.35,0.9,0.3055,0.395,0.34641609,73.25,0.3505,0.0,BTC-25SEP20-6000-C,7307.28,73.09,0.346,0.1,0.3835,4.0,87.05,20.60063,-2.77498,23.68083,6e-05,0.76024
7567.79,BTC-26JUN20,1577530742581,open,0.04,157.1,0.016,0.0775,0.03817685,82.48,0.036,0.0,BTC-26JUN20-16000-C,7307.28,81.48,0.0365,20.0,0.039,1.0,82.96,12.90091,-2.94133,4.52541,6e-05,0.15885
7419.32,BTC-27MAR20,1577530742581,open,0.0,162.7,0.0005,0.012,0.00202807,111.69,0.002,0.0,BTC-27MAR20-30000-C,7307.28,108.02,0.0015,15.0,0.0025,22.0,114.43,1.18533,-0.73653,0.18999,1e-05,0.01243
7419.32,BTC-27MAR20,1577530742581,open,0.05,605.2,0.029,0.083,0.05126131,69.97,0.05,0.0,BTC-27MAR20-6000-P,7307.28,68.75,0.0495,16.8,0.053,19.3,71.16,10.79159,-4.20059,-4.88591,0.00011,-0.21618
7419.32,BTC-27MAR20,1577530742581,open,0.04,660.5,0.0235,0.0815,0.04683789,72.29,0.0465,0.0,BTC-27MAR20-10000-C,7307.28,71.14,0.045,18.0,0.0475,0.1,72.7,11.8693,-4.77349,3.83866,0.00012,0.25696
7567.79,BTC-26JUN20,1577530742581,open,0.3,23.9,0.267,0.3485,0.3045038,73.64,0.3125,0.0,BTC-26JUN20-6000-C,7307.28,56.81,0.2685,4.0,0.333,4.0,86.56,16.55323,-3.36983,17.0902,8e-05,0.76022
7567.79,BTC-26JUN20,1577530742581,open,0.01,91.7,0.002,0.036,0.0116431,98.56,0.012,0.0,BTC-26JUN20-30000-C,7307.28,97.67,0.011,1.0,0.0115,1.0,98.36,5.55477,-1.51341,1.46435,2e-05,0.05069
7419.32,BTC-27MAR20,1577530742582,open,0.65,55.3,0.597,0.695,0.6410663,76.83,0.6265,0.0,BTC-27MAR20-12000-P,7307.28,33.06,0.6175,1.0,0.682,1.0,106.32,8.28139,-3.53979,-27.38277,8e-05,-0.8578
7567.79,BTC-26JUN20,1577530742581,open,0.03,269.6,0.012,0.0685,0.03148869,86.38,0.028,0.0,BTC-26JUN20-18000-C,7307.28,84.34,0.0285,25.0,0.034,28.0,88.03,11.3393,-2.70761,3.73794,5e-05,0.13116
7567.79,BTC-26JUN20,1577530742582,open,0.34,108.2,0.281,0.398,0.3337988,74.79,0.3455,0.0,BTC-26JUN20-9000-P,7307.28,68.42,0.316,8.0,0.36,2.0,84.13,21.20693,-4.38439,-32.2555,0.0001,-0.5263
7567.79,BTC-26JUN20,1577530742582,open,0.49,0.5,0.473,0.5195,0.49357298,76.48,0.589,0.0,BTC-26JUN20-4000-C,7307.28,50.13,0.475,4.0,0.5095,4.0,91.13,7.39002,-1.5623,16.25301,3e-05,0.92696
7419.32,BTC-27MAR20,1577530742581,open,1.44,0.0,1.38,1.4965,1.43305633,92.1,1.23,0.0,BTC-27MAR20-18000-P,7307.28,0.0,0.0015,10.0,1.5995,0.5,214.76,3.39944,-1.74177,-43.65357,3e-05,-0.95644
7419.32,BTC-27MAR20,1577530742582,open,0.01,476.5,0.0005,0.025,0.00759219,93.45,0.007,0.0,BTC-27MAR20-18000-C,7307.28,89.91,0.006,64.0,0.009,55.0,96.21,3.58473,-1.86358,0.71135,3e-05,0.04653
7567.79,BTC-26JUN20,1577530742581,open,0.01,152.1,0.0005,0.019,0.00766453,80.98,0.0085,0.0,BTC-26JUN20-3000-P,7307.28,79.49,0.007,29.0,0.0085,2.7,82.77,3.44187,-0.7705,-1.34451,1e-05,-0.02819
7419.32,BTC-27MAR20,1577530742582,open,3.61,0.0,3.492,3.6815,3.58270063,89.33,None,0.0,BTC-27MAR20-34000-P,7307.28,0.0,0.0015,10.0,0.0,0.0,0.0,0.08432,-0.04191,-83.70909,0.0,-0.99934
7419.32,BTC-27MAR20,1577530742582,open,1.98,5.6,1.9075,2.039,1.96851897,96.77,1.545,0.0,BTC-27MAR20-22000-P,7307.28,0.0,0.0015,10.0,0.0,0.0,0.0,1.89558,-1.02045,-53.83882,1e-05,-0.97849
7567.79,BTC-26JUN20,1577530742582,open,0.23,132.8,0.1945,0.286,0.23651775,73.64,0.2215,0.0,BTC-26JUN20-7000-C,7307.28,68.02,0.222,10.0,0.2385,4.0,74.4,19.54272,-3.97796,15.84264,9e-05,0.65896
7567.79,BTC-26JUN20,1577530742582,open,0.18,235.1,0.14,0.235,0.18295421,73.63,0.181,0.0,BTC-26JUN20-8000-C,7308.67,70.41,0.174,11.3,0.205,5.0,81.6,21.00899,-4.27618,14.15545,0.0001,0.56041
7567.79,BTC-26JUN20,1577530742582,open,0.39,0.0,0.3595,0.4245,0.38904927,73.67,None,0.0,BTC-26JUN20-5000-C,7307.28,55.46,0.3625,4.0,0.413,4.0,87.94,12.13719,-2.47161,17.47755,6e-05,0.85509
7567.79,BTC-26JUN20,1577530742582,open,3.26,0.0,3.1485,3.346,3.23899248,100.4,None,0.0,BTC-26JUN20-32000-P,7307.28,0.0,0.002,1.0,0.0,0.0,0.0,5.12517,-1.42245,-157.25239,2e-05,-0.95416
7419.32,BTC-27MAR20,1577530742582,open,2.52,0.0,2.436,2.5865,2.50669697,103.98,None,0.0,BTC-27MAR20-26000-P,7308.67,0.0,0.0015,10.0,0.0,0.0,0.0,1.38763,-0.80274,-63.79114,1e-05,-0.98508
7419.32,BTC-27MAR20,1577530742581,open,0.0,159.1,0.0005,0.016,0.00379924,104.9,0.004,0.0,BTC-27MAR20-24000-C,7307.28,101.71,0.003,18.0,0.0045,20.0,107.35,2.00785,-1.17178,0.35121,1e-05,0.02302
7567.79,BTC-26JUN20,1577530742582,open,0.01,69.9,0.0045,0.0435,0.01562823,95.58,0.015,0.0,BTC-26JUN20-26000-C,7307.28,93.15,0.0135,25.0,0.0175,11.0,97.56,6.92133,-1.82869,1.9294,3e-05,0.06708
7419.32,BTC-27MAR20,1577530742582,open,3.33,0.0,3.2285,3.407,3.31371308,103.11,None,0.0,BTC-27MAR20-32000-P,7307.28,0.0,0.0015,10.0,0.0,0.0,0.0,0.49905,-0.28628,-78.72203,0.0,-0.99535
7324.74,SYN.BTC-10JAN20,1577530742580,open,0.23,0.0,0.2055,0.2605,0.23100022,63.64,None,0.0,BTC-10JAN20-9000-P,7307.28,0.0,0.0,0.0,0.0,0.0,0.0,1.37622,-3.40128,-3.05639,0.00011,-0.95187
7419.32,BTC-27MAR20,1577530742582,open,0.47,7.4,0.4535,0.489,0.46910236,81.92,0.4255,0.0,BTC-27MAR20-4000-C,7307.28,44.81,0.461,5.1,0.4795,5.0,100.6,3.32854,-1.51691,8.92362,3e-05,0.95756
7419.32,BTC-27MAR20,1577530742582,open,0.02,1495.5,0.009,0.052,0.02408311,77.2,0.0235,0.0,BTC-27MAR20-12000-C,7307.28,76.23,0.023,27.0,0.0245,0.1,77.57,8.34332,-3.58348,2.18661,8e-05,0.14377
7419.32,BTC-27MAR20,1577530742582,open,0.24,25.4,0.2125,0.278,0.24275741,70.1,0.235,0.0,BTC-27MAR20-6000-C,7307.28,58.54,0.2265,13.0,0.2625,5.0,83.31,10.7987,-4.21143,9.88011,0.00011,0.78357
7567.79,BTC-26JUN20,1577530742583,open,0.67,8.2,0.6025,0.7305,0.65990845,77.37,0.8905,0.0,BTC-26JUN20-12000-P,7307.28,0.0,0.1,10.0,0.91,0.1,169.22,18.02418,-3.85499,-51.6388,8e-05,-0.71705
7419.32,BTC-27MAR20,1577530742582,open,0.01,509.2,0.0005,0.021,0.00577268,97.52,0.0045,0.0,BTC-27MAR20-20000-C,7307.28,95.43,0.005,8.0,0.0065,1.0,99.33,2.86922,-1.55668,0.54065,2e-05,0.03537
7567.79,BTC-26JUN20,1577530742582,open,1.16,5.0,1.0915,1.2275,1.15200099,82.24,1.22,0.0,BTC-26JUN20-16000-P,7307.28,0.0,0.56,1.0,2.0,0.1,497.66,12.84279,-2.91974,-74.78844,6e-05,-0.84224
7419.32,BTC-27MAR20,1577530742583,open,0.0,115.2,0.0005,0.014,0.00304104,107.43,0.004,0.0,BTC-27MAR20-26000-C,7307.28,104.86,0.0025,11.0,0.0035,20.0,109.37,1.66809,-0.99694,0.28237,1e-05,0.0185
7567.79,BTC-26JUN20,1577530742583,open,0.91,13.4,0.843,0.9755,0.90200059,80.03,1.1,0.0,BTC-26JUN20-14000-P,7308.67,0.0,0.5,3.0,1.35,0.1,250.18,15.30571,-3.38594,-63.49535,7e-05,-0.79111
7419.32,BTC-27MAR20,1577530742583,open,0.01,499.3,0.0045,0.0385,0.01521688,83.47,0.013,0.0,BTC-27MAR20-14000-C,7307.28,81.95,0.014,27.0,0.0165,10.3,85.0,6.09745,-2.83132,1.41044,5e-05,0.09242
7419.32,BTC-27MAR20,1577530742583,open,3.06,0.0,2.964,3.134,3.04446892,103.24,None,0.0,BTC-27MAR20-30000-P,7308.67,0.0,0.0015,10.0,0.0,0.0,0.0,0.69362,-0.39839,-73.7651,0.0,-0.99326
7567.79,BTC-26JUN20,1577530742583,open,2.73,0.0,2.6315,2.813,2.71380153,97.73,None,0.0,BTC-26JUN20-28000-P,7307.28,0.0,0.002,1.0,0.0,0.0,0.0,6.3168,-1.70649,-137.03876,2e-05,-0.94035
7567.79,BTC-26JUN20,1577530742583,open,0.07,437.3,0.0415,0.1225,0.07454034,77.5,0.069,0.0,BTC-26JUN20-12000-C,7307.28,76.43,0.072,23.8,0.076,0.1,78.11,18.04295,-3.86527,7.83899,8e-05,0.28357
7682.45,SYN.BTC-25SEP20,1577530742580,open,0.42,0.0,0.3895,0.4635,0.4232046,73.57,None,0.0,BTC-25SEP20-5000-C,7307.28,61.36,0.3985,4.0,0.4545,4.0,88.06,16.14111,-2.18382,23.84316,5e-05,0.83987
7350.94,SYN.BTC-31JAN20,1577530742580,open,0.26,20.2,0.2405,0.2815,0.25957425,71.02,0.2455,0.0,BTC-31JAN20-5500-C,7307.28,0.0,0.2515,4.1,0.274,4.0,97.47,3.12756,-3.27852,4.54878,9e-05,0.92631
7419.32,BTC-27MAR20,1577530742584,open,2.79,0.0,2.7,2.862,2.77595307,107.14,None,0.0,BTC-27MAR20-28000-P,7307.28,0.0,0.0015,10.0,0.0,0.0,0.0,1.21608,-0.72486,-68.74883,1e-05,-0.9872
7316.0,SYN.BTC-3JAN20,1577530742580,open,0.0,133.3,0.0005,0.0105,0.00061926,76.27,0.0005,0.0,BTC-3JAN20-9000-C,7307.28,0.0,0.0,0.0,0.001,40.0,81.97,0.41482,-2.69227,0.02071,6e-05,0.0182
7350.94,SYN.BTC-31JAN20,1577530742580,open,0.24,10.4,0.2075,0.271,0.23674109,58.27,0.272,0.0,BTC-31JAN20-9000-P,7307.28,0.0,0.0,0.0,0.0,0.0,0.0,5.14025,-4.42067,-7.4379,0.00018,-0.85347
7419.32,BTC-27MAR20,1577530742584,open,3.88,0.0,3.7565,3.9555,3.85195902,0.0,None,0.0,BTC-27MAR20-36000-P,7307.28,0.0,0.0015,10.0,0.0,0.0,0.0,0.0,0.0,-88.64452,0.0,-1.0
7419.32,BTC-27MAR20,1577530742584,open,0.91,59.0,0.856,0.9585,0.90180084,83.0,0.877,0.0,BTC-27MAR20-14000-P,7308.67,0.0,0.4,0.5,0.9895,0.5,147.3,6.01854,-2.77904,-33.08488,5e-05,-0.90919
7419.32,BTC-27MAR20,1577530742585,open,0.0,73.2,0.0005,0.0135,0.00278514,111.28,0.0025,0.0,BTC-27MAR20-28000-C,7307.28,107.01,0.002,21.0,0.0035,31.0,114.49,1.52307,-0.94293,0.2529,1e-05,0.01663
7385.88,SYN.BTC-28FEB20,1577530742580,open,0.33,0.0,0.3145,0.3565,0.33359748,71.85,None,0.0,BTC-28FEB20-5000-C,7307.28,0.0,0.323,4.1,0.348,4.0,92.93,4.13792,-2.40241,7.45205,6e-05,0.92877
7316.0,SYN.BTC-3JAN20,1577530742581,open,0.0,199.2,0.0005,0.0115,0.00137084,55.7,0.0015,0.0,BTC-3JAN20-8250-C,7307.28,52.5,0.001,29.3,0.0015,0.4,56.69,0.92607,-4.38913,0.05487,0.00019,0.04796
7350.94,SYN.BTC-31JAN20,1577530742581,open,0.0,216.3,0.0005,0.015,0.00437913,68.29,0.004,0.0,BTC-31JAN20-10500-C,7307.28,65.48,0.0035,23.0,0.005,24.0,70.09,2.44551,-2.46502,0.33668,7e-05,0.05373
7567.79,BTC-26JUN20,1577530742585,open,2.99,0.0,2.8895,3.0765,2.97506337,97.52,None,0.0,BTC-26JUN20-30000-P,7307.28,0.0,0.002,1.0,0.0,0.0,0.0,5.33143,-1.43721,-147.26777,2e-05,-0.95185
7682.45,SYN.BTC-25SEP20,1577530742580,open,0.28,0.1,0.237,0.3365,0.28278343,72.88,0.2905,0.0,BTC-25SEP20-7000-C,7307.28,61.69,0.248,4.0,0.325,4.0,86.63,23.76961,-3.18569,22.62141,7e-05,0.6781
7682.45,SYN.BTC-25SEP20,1577530742580,open,1.66,1.0,1.5795,1.7525,1.65652803,85.99,1.68,0.0,BTC-25SEP20-20000-P,7307.28,0.0,0.06,1.0,1.75,0.1,119.61,17.35284,-2.74414,-141.75909,5e-05,-0.82074
7682.45,SYN.BTC-25SEP20,1577530742580,open,0.69,1.0,0.619,0.7665,0.68555139,77.84,0.705,0.0,BTC-25SEP20-12000-P,7307.28,0.0,0.02,1.0,0.77,1.0,102.86,25.06622,-3.58815,-75.1973,7e-05,-0.62854
7419.32,BTC-27MAR20,1577530742585,open,0.0,156.2,0.0005,0.011,0.00103041,115.01,0.0015,0.0,BTC-27MAR20-36000-C,7307.28,114.67,0.001,15.2,0.0015,40.1,119.48,0.67474,-0.43172,0.10048,0.0,0.00653
7682.45,SYN.BTC-25SEP20,1577530742580,open,0.07,105.6,0.046,0.113,0.07399417,73.55,0.074,0.0,BTC-25SEP20-5000-P,7307.28,71.39,0.0695,23.6,0.0775,18.6,75.21,16.13944,-2.18296,-13.39608,5e-05,-0.16011
7350.94,SYN.BTC-31JAN20,1577530742580,open,0.0,236.9,0.0005,0.012,0.00231447,78.79,0.002,0.0,BTC-31JAN20-12000-C,7307.28,77.08,0.002,58.9,0.0025,0.4,79.74,1.41004,-1.63987,0.17066,4e-05,0.02733
7682.45,SYN.BTC-25SEP20,1577530742580,open,0.52,0.0,0.492,0.5475,0.51665663,75.19,None,0.0,BTC-25SEP20-4000-C,7307.28,61.44,0.499,4.0,0.5395,4.0,90.13,10.92038,-1.5101,22.40957,3e-05,0.90827
7316.0,SYN.BTC-3JAN20,1577530742581,open,0.01,719.9,0.003,0.0415,0.01261502,44.96,0.0125,0.0,BTC-3JAN20-7500-C,7307.28,43.64,0.012,1.0,0.0125,0.2,44.71,3.40888,-13.04221,0.38796,0.00088,0.34204
7324.74,SYN.BTC-10JAN20,1577530742580,open,0.17,0.0,0.14,0.195,0.16450476,56.12,None,0.0,BTC-10JAN20-8500-P,7307.28,0.0,0.0,0.0,0.0,0.0,0.0,2.17967,-4.75043,-2.78394,0.00021,-0.91293
7316.0,SYN.BTC-3JAN20,1577530742580,open,0.23,0.0,0.2065,0.2585,0.23072396,74.88,None,0.0,BTC-3JAN20-9000-P,7307.28,0.0,0.0005,2.0,0.0,0.0,0.0,0.38077,-2.42633,-1.43005,6e-05,-0.98354
7682.45,SYN.BTC-25SEP20,1577530742580,open,0.23,2.2,0.178,0.2805,0.22471395,70.76,0.24,0.0,BTC-25SEP20-8000-C,7307.28,62.96,0.1985,4.3,0.24,2.0,75.34,25.70643,-3.34528,21.1582,8e-05,0.59446
7350.94,SYN.BTC-31JAN20,1577530742581,open,0.64,0.0,0.601,0.673,0.63464989,78.22,None,0.0,BTC-31JAN20-12000-P,7307.28,0.0,0.0015,10.0,0.0,0.0,0.0,1.3675,-1.57879,-10.97253,3e-05,-0.97366
7682.45,SYN.BTC-25SEP20,1577530742580,open,0.04,13.2,0.0195,0.065,0.03728828,75.17,0.042,0.0,BTC-25SEP20-4000-P,7307.28,73.18,0.0345,6.0,0.0405,19.9,77.4,10.91707,-1.50914,-7.38083,3e-05,-0.09169
7324.74,SYN.BTC-10JAN20,1577530742580,open,0.2,0.0,0.172,0.2265,0.19744343,59.35,None,0.0,BTC-10JAN20-8750-P,7307.28,0.0,0.0,0.0,0.0,0.0,0.0,1.67837,-3.86802,-2.9342,0.00015,-0.93814
7385.88,SYN.BTC-28FEB20,1577530742580,open,0.03,37.8,0.0175,0.0645,0.03638263,62.83,0.036,0.0,BTC-28FEB20-9000-C,7307.28,61.42,0.0345,26.8,0.0375,0.1,63.66,9.91883,-5.03619,2.83522,0.00017,0.26282
7324.74,SYN.BTC-10JAN20,1577530742580,open,0.05,3.8,0.0345,0.087,0.05080092,49.65,0.051,0.0,BTC-10JAN20-7500-P,7307.28,47.88,0.0495,18.0,0.054,4.0,54.0,5.37208,-10.35793,-1.63499,0.00057,-0.58197
7350.94,SYN.BTC-31JAN20,1577530742580,open,0.14,37.9,0.1165,0.168,0.1408848,59.43,0.1275,0.0,BTC-31JAN20-6500-C,7307.28,0.0,0.112,4.0,0.1465,4.0,65.52,6.64204,-5.8265,4.35589,0.00022,0.77935
7316.0,SYN.BTC-3JAN20,1577530742580,open,0.0,169.0,0.0005,0.011,0.00132724,76.23,0.001,0.0,BTC-3JAN20-8750-C,7307.28,72.67,0.001,21.5,0.0015,51.0,77.9,0.73001,-4.73582,0.04055,0.00011,0.03576
7316.0,SYN.BTC-3JAN20,1577530742580,open,0.0,272.0,0.0005,0.0195,0.00408245,54.82,0.0045,0.0,BTC-3JAN20-6750-P,7307.28,54.48,0.004,0.4,0.0045,0.1,56.46,1.81862,-8.48306,-0.14204,0.00039,-0.11652
7316.0,SYN.BTC-3JAN20,1577530742580,open,0.0,142.3,0.0005,0.0105,0.00027814,76.37,0.0005,0.0,BTC-3JAN20-9250-C,7307.28,0.0,0.0,0.0,0.0005,0.1,82.26,0.22209,-1.44334,0.01008,3e-05,0.00884
7350.94,SYN.BTC-31JAN20,1577530742582,open,0.2,52.5,0.176,0.223,0.19806633,65.21,0.183,0.0,BTC-31JAN20-6000-C,7308.67,28.0,0.184,4.1,0.2165,4.0,89.85,4.76359,-4.58505,4.57712,0.00015,0.86896
7316.0,SYN.BTC-3JAN20,1577530742584,open,0.21,0.1,0.1985,0.232,0.21455936,87.12,0.2405,0.0,BTC-3JAN20-5750-C,7307.28,0.0,0.2015,3.0,0.2245,3.0,160.47,0.30523,-2.26296,0.91003,4e-05,0.98727
7316.0,SYN.BTC-3JAN20,1577530742580,open,0.25,0.1,0.233,0.265,0.2484985,93.5,0.2735,0.0,BTC-3JAN20-5500-C,7307.28,0.0,0.2365,3.0,0.2575,3.0,176.39,0.17777,-1.41446,0.87697,2e-05,0.99314
7350.94,SYN.BTC-31JAN20,1577530742582,open,0.06,330.5,0.0355,0.085,0.05784089,55.04,0.0575,0.0,BTC-31JAN20-7500-C,7307.28,52.7,0.055,17.0,0.0575,0.5,54.76,8.92835,-7.25374,2.91899,0.00032,0.48569
7316.0,SYN.BTC-3JAN20,1577530742580,open,0.18,0.3,0.1635,0.1995,0.18062689,77.91,0.2165,0.0,BTC-3JAN20-6000-C,7307.28,0.0,0.1665,3.0,0.1915,3.0,143.87,0.44777,-2.96864,0.94154,7e-05,0.98009
7316.0,SYN.BTC-3JAN20,1577530742580,open,0.0,128.3,0.0005,0.0105,0.00045958,85.93,0.0005,0.0,BTC-3JAN20-5750-P,7307.28,0.0,0.0,0.0,0.001,52.1,96.43,0.28563,-2.08869,-0.01443,4e-05,-0.0118
7682.45,SYN.BTC-25SEP20,1577530742580,open,0.28,2.2,0.214,0.329,0.26597726,70.74,0.2945,0.0,BTC-25SEP20-8000-P,7307.28,67.61,0.2555,7.0,0.2895,2.0,77.8,25.70712,-3.34436,-38.42939,8e-05,-0.40559
7350.94,SYN.BTC-31JAN20,1577530742581,open,0.01,214.3,0.0005,0.023,0.00850076,61.8,0.0095,0.0,BTC-31JAN20-9500-C,7307.28,59.91,0.0075,21.0,0.009,24.0,62.71,3.9989,-3.64788,0.64067,0.00013,0.10241
7350.94,SYN.BTC-31JAN20,1577530742582,open,0.57,0.0,0.5345,0.603,0.56638873,71.37,None,0.0,BTC-31JAN20-11500-P,7307.28,0.0,0.0015,10.0,0.0,0.0,0.0,1.33571,-1.40703,-10.51181,4e-05,-0.97439
7316.0,SYN.BTC-3JAN20,1577530742582,open,0.0,156.1,0.0005,0.0105,0.00069669,77.07,0.0005,0.0,BTC-3JAN20-6000-P,7307.28,73.35,0.0005,33.3,0.001,0.1,81.67,0.42847,-2.81008,-0.02309,6e-05,-0.01891
7324.74,SYN.BTC-10JAN20,1577530742580,open,0.14,0.0,0.109,0.1655,0.13301748,54.79,None,0.0,BTC-10JAN20-8250-P,7307.28,0.0,0.0,0.0,0.0,0.0,0.0,2.98247,-6.34613,-2.57951,0.00029,-0.8653
7350.94,SYN.BTC-31JAN20,1577530742582,open,0.01,540.4,0.0005,0.017,0.00542291,63.71,0.0055,0.0,BTC-31JAN20-10000-C,7307.28,62.63,0.005,30.0,0.0055,28.0,63.9,2.9502,-2.77416,0.42893,9e-05,0.06829
7316.0,SYN.BTC-3JAN20,1577530742580,open,0.02,142.1,0.008,0.05,0.01781675,43.73,0.021,0.0,BTC-3JAN20-7250-P,7307.28,43.1,0.0175,18.0,0.019,1.0,46.11,3.63613,-13.53249,-0.52061,0.00096,-0.42424
7316.0,SYN.BTC-3JAN20,1577530742580,open,0.2,0.0,0.173,0.2255,0.19726237,75.49,None,0.0,BTC-3JAN20-8750-P,7307.28,0.0,0.002,0.1,0.0,0.0,0.0,0.70558,-4.53244,-1.36963,0.00011,-0.96569
7385.88,SYN.BTC-28FEB20,1577530742580,open,0.01,70.8,0.0035,0.0325,0.01326686,69.93,0.0115,0.0,BTC-28FEB20-11000-C,7307.28,68.23,0.012,20.0,0.014,0.4,70.88,5.6281,-3.18051,1.1811,9e-05,0.1076
7316.0,SYN.BTC-3JAN20,1577530742580,open,0.0,306.4,0.0005,0.012,0.00208076,61.51,0.0025,0.0,BTC-3JAN20-6500-P,7307.28,60.97,0.002,50.0,0.0025,1.9,64.16,1.10653,-5.79216,-0.07318,0.00021,-0.06005
7350.94,SYN.BTC-31JAN20,1577530742581,open,0.18,15.2,0.147,0.2095,0.17606807,55.64,0.2965,0.0,BTC-31JAN20-8500-P,7307.28,0.0,0.0,0.0,0.0,0.0,0.0,6.63111,-5.44533,-6.5226,0.00024,-0.77999
7350.94,SYN.BTC-31JAN20,1577530742583,open,0.0,298.2,0.0005,0.013,0.00332667,71.48,0.0035,0.0,BTC-31JAN20-11000-C,7307.28,68.11,0.0025,24.3,0.004,24.0,73.87,1.95917,-2.06702,0.25532,5e-05,0.04075
7350.94,SYN.BTC-31JAN20,1577530742582,open,0.3,4.8,0.271,0.3355,0.3007663,61.65,0.3445,0.0,BTC-31JAN20-9500-P,7307.28,0.0,0.0015,10.0,0.0,0.0,0.0,3.97994,-3.62129,-8.18026,0.00013,-0.89826
7316.0,SYN.BTC-3JAN20,1577530742580,open,0.0,145.1,0.0005,0.0105,0.00092948,66.38,0.0005,0.0,BTC-3JAN20-6250-P,7307.28,60.08,0.0005,41.0,0.0015,0.2,72.42,0.59527,-3.36246,-0.034,0.0001,-0.02794
7350.94,SYN.BTC-31JAN20,1577530742583,open,0.01,795.6,0.0045,0.0315,0.01423404,65.13,0.015,0.0,BTC-31JAN20-6000-P,7307.28,64.77,0.014,9.9,0.015,33.0,66.3,4.75725,-4.57305,-0.98939,0.00015,-0.13079
7682.45,SYN.BTC-25SEP20,1577530742580,open,0.58,1.0,0.5105,0.6535,0.57505827,76.92,0.59,0.0,BTC-25SEP20-11000-P,7307.28,0.0,0.015,1.0,0.715,0.1,117.79,25.88127,-3.66132,-66.25022,8e-05,-0.58268
7350.94,SYN.BTC-31JAN20,1577530742580,open,0.37,0.0,0.336,0.4005,0.36570243,63.48,None,0.0,BTC-31JAN20-10000-P,7307.28,0.0,0.0015,10.0,0.0,0.0,0.0,2.9239,-2.73966,-8.85684,9e-05,-0.93249
7350.94,SYN.BTC-31JAN20,1577530742581,open,0.01,593.3,0.0025,0.0295,0.01248953,58.38,0.0115,0.0,BTC-31JAN20-9000-C,7307.28,56.21,0.011,44.0,0.0135,24.0,59.8,5.15349,-4.4409,0.91829,0.00018,0.14709
7316.0,SYN.BTC-3JAN20,1577530742581,open,0.0,247.6,0.0005,0.0185,0.0032347,54.02,0.003,0.0,BTC-3JAN20-8000-C,7307.28,50.58,0.0025,5.0,0.0035,40.5,55.18,1.65391,-7.6034,0.11644,0.00036,0.1021
7682.45,SYN.BTC-25SEP20,1577530742580,open,0.37,1.0,0.308,0.4365,0.36597636,74.06,0.375,0.0,BTC-25SEP20-9000-P,7307.28,65.78,0.3375,5.0,0.395,1.0,82.54,26.38301,-3.59343,-47.91335,8e-05,-0.47132
7350.94,SYN.BTC-31JAN20,1577530742581,open,0.03,642.8,0.011,0.0465,0.02506649,59.37,0.027,0.0,BTC-31JAN20-6500-P,7307.28,57.62,0.0235,37.8,0.027,44.8,61.49,6.63873,-5.81722,-1.67506,0.00022,-0.22046
7324.74,SYN.BTC-10JAN20,1577530742580,open,0.0,2.4,0.0005,0.012,0.00236405,64.05,0.003,0.0,BTC-10JAN20-9000-C,7307.28,58.94,0.0015,20.0,0.003,61.0,67.15,1.40222,-3.48764,0.12119,0.00012,0.04927
7682.45,SYN.BTC-25SEP20,1577530742580,open,0.12,0.1,0.079,0.1835,0.12365643,77.87,0.13,0.0,BTC-25SEP20-12000-C,7307.28,76.44,0.119,23.3,0.127,0.1,78.89,25.0697,-3.59016,14.18949,7e-05,0.37162
7682.45,SYN.BTC-25SEP20,1577530742580,open,0.09,0.0,0.055,0.153,0.09524843,79.91,None,0.0,BTC-25SEP20-14000-C,7307.28,78.32,0.0905,23.9,0.099,19.0,81.16,23.04264,-3.38647,11.69908,7e-05,0.29969
7316.0,SYN.BTC-3JAN20,1577530742580,open,0.0,244.3,0.0005,0.0105,0.00022915,91.48,0.0005,0.0,BTC-3JAN20-5500-P,7307.28,0.0,0.0,0.0,0.0005,0.1,100.93,0.15624,-1.21633,-0.00726,2e-05,-0.00593
7350.94,SYN.BTC-31JAN20,1577530742582,open,0.44,0.0,0.402,0.4685,0.43267262,68.0,None,0.0,BTC-31JAN20-10500-P,7307.28,0.0,0.0015,10.0,0.0,0.0,0.0,2.41539,-2.42441,-9.41342,7e-05,-0.94711
7350.94,SYN.BTC-31JAN20,1577530742582,open,0.0,99.7,0.0005,0.012,0.00206729,71.93,0.003,0.0,BTC-31JAN20-11500-C,7307.28,68.6,0.0015,63.0,0.0025,0.5,74.1,1.38046,-1.46565,0.16767,4e-05,0.02664
7316.0,SYN.BTC-3JAN20,1577530742584,open,0.17,0.0,0.1395,0.1895,0.16284259,62.94,None,0.0,BTC-3JAN20-8500-P,7307.28,0.0,0.002,0.1,0.0,0.0,0.0,0.68339,-3.66031,-1.33063,0.00013,-0.967
7316.0,SYN.BTC-3JAN20,1577530742583,open,0.0,112.7,0.0005,0.011,0.00107704,63.69,0.0015,0.0,BTC-3JAN20-8500-C,7307.28,56.34,0.0005,33.4,0.0015,49.3,67.61,0.71206,-3.85917,0.03959,0.00013,0.03469
7316.0,SYN.BTC-3JAN20,1577530742582,open,0.11,20.5,0.094,0.1345,0.11367181,61.87,0.1,0.0,BTC-3JAN20-6500-C,7307.28,0.0,0.096,3.0,0.1255,3.0,108.33,1.12127,-5.90343,0.97191,0.00021,0.93892
7682.45,SYN.BTC-25SEP20,1577530742580,open,0.16,10.1,0.114,0.2205,0.16100494,74.08,0.165,0.0,BTC-25SEP20-10000-C,7307.28,74.66,0.163,22.5,0.17,0.1,76.7,26.33807,-3.58841,17.28628,8e-05,0.46309
7316.0,SYN.BTC-3JAN20,1577530742580,open,0.27,0.0,0.24,0.292,0.26455242,73.52,None,0.0,BTC-3JAN20-9250-P,7307.28,0.0,0.0005,3.0,0.0,0.0,0.0,0.17614,-1.1019,-1.48128,3e-05,-0.99321
7682.45,SYN.BTC-25SEP20,1577530742580,open,0.47,1.0,0.4015,0.5365,0.46258408,74.06,0.485,0.0,BTC-25SEP20-10000-P,7307.28,0.0,0.01,1.0,0.51,1.0,87.84,26.33744,-3.58706,-57.20096,8e-05,-0.53702
7682.45,SYN.BTC-25SEP20,1577530742580,open,0.19,0.0,0.146,0.254,0.19455514,74.08,None,0.0,BTC-25SEP20-9000-C,7307.28,73.63,0.193,5.3,0.203,0.1,76.54,26.38266,-3.59452,19.12397,8e-05,0.52875
7316.0,SYN.BTC-3JAN20,1577530742581,open,0.14,0.4,0.1285,0.166,0.1466901,67.01,0.131,0.0,BTC-3JAN20-6250-C,7307.28,0.0,0.131,3.0,0.1595,3.0,129.96,0.61516,-3.50792,0.97073,0.00011,0.97094
7316.0,SYN.BTC-3JAN20,1577530742581,open,0.13,0.0,0.106,0.156,0.12896681,55.14,None,0.0,BTC-3JAN20-8250-P,7307.28,0.0,0.002,0.1,0.0,0.0,0.0,0.89943,-4.22049,-1.27513,0.00019,-0.95375
7350.94,SYN.BTC-31JAN20,1577530742580,open,0.02,773.5,0.0075,0.04,0.01983048,55.72,0.02,0.0,BTC-31JAN20-8500-C,7307.28,54.23,0.0185,38.5,0.0205,0.5,56.46,6.63848,-5.45973,1.36865,0.00024,0.22044
7385.88,SYN.BTC-28FEB20,1577530742580,open,0.51,0.0,0.466,0.546,0.50248826,69.79,None,0.0,BTC-28FEB20-11000-P,7307.28,0.0,0.0,0.0,0.0,0.0,0.0,5.60669,-3.16205,-17.47214,9e-05,-0.89297
7350.94,SYN.BTC-31JAN20,1577530742584,open,0.5,0.0,0.468,0.536,0.49963414,71.1,None,0.0,BTC-31JAN20-11000-P,7307.28,0.0,0.0015,10.0,0.0,0.0,0.0,1.92395,-2.01916,-9.95925,5e-05,-0.96015
7350.94,SYN.BTC-31JAN20,1577530742583,open,0.32,7.4,0.3075,0.3425,0.32374503,76.57,0.329,0.0,BTC-31JAN20-5000-C,7307.28,48.84,0.32,4.0,0.335,4.0,106.36,1.86938,-2.1127,4.35126,5e-05,0.96153
7350.94,SYN.BTC-31JAN20,1577530742582,open,0.13,148.6,0.094,0.1555,0.12251116,54.97,0.14,0.0,BTC-31JAN20-8000-P,7307.28,26.24,0.0945,3.0,0.1575,3.0,85.11,8.17473,-6.63297,-5.36114,0.0003,-0.6633
7682.45,SYN.BTC-25SEP20,1577530742580,open,0.14,31.3,0.0965,0.204,0.14332122,76.95,0.14,0.0,BTC-25SEP20-11000-C,7307.28,75.82,0.1395,22.9,0.146,0.1,77.75,25.88306,-3.66296,15.68669,8e-05,0.41745
7316.0,SYN.BTC-3JAN20,1577530742584,open,0.1,3.1,0.074,0.1255,0.0966611,53.73,0.0995,0.0,BTC-3JAN20-8000-P,7307.28,0.0,0.0795,2.0,0.1185,2.0,114.61,1.63835,-7.49037,-1.17286,0.00035,-0.89922
7419.32,BTC-27MAR20,1577530742601,open,0.47,7.4,0.4535,0.489,0.46910236,81.92,0.4255,0.0,BTC-27MAR20-4000-C,7307.28,44.81,0.461,5.0,0.4795,5.0,100.6,3.32854,-1.51691,8.92362,3e-05,0.95756
7567.79,BTC-26JUN20,1577530742603,open,0.14,190.9,0.1025,0.1975,0.14477272,74.87,0.1385,0.0,BTC-26JUN20-9000-C,7307.28,72.81,0.139,17.2,0.149,22.2,76.38,21.20782,-4.38928,12.34504,0.0001,0.47395
7324.74,SYN.BTC-10JAN20,1577530742608,open,0.22,0.5,0.1995,0.2365,0.21714572,74.86,0.2065,0.0,BTC-10JAN20-5750-C,7307.28,0.0,0.2145,3.1,0.229,3.0,119.05,1.10203,-3.2036,1.92829,8e-05,0.96343
7567.79,BTC-26JUN20,1577530742612,open,1.94,0.0,1.858,2.0145,1.92792619,90.99,None,0.0,BTC-26JUN20-22000-P,7307.28,0.0,0.11,1.0,2.22,0.1,215.48,8.59232,-2.16113,-106.45923,3e-05,-0.91082
7567.79,BTC-26JUN20,1577530742612,open,2.46,0.0,2.373,2.545,2.45059247,94.86,None,0.0,BTC-26JUN20-26000-P,7307.28,0.0,0.002,1.0,0.0,0.0,0.0,6.75224,-1.7706,-126.96825,3e-05,-0.93503
7567.79,BTC-26JUN20,1577530742612,open,2.2,0.0,2.1145,2.2765,2.18741248,91.51,None,0.0,BTC-26JUN20-24000-P,7307.28,0.0,0.002,1.0,0.0,0.0,0.0,7.21918,-1.8262,-116.87808,3e-05,-0.92916
7419.32,BTC-27MAR20,1577530742614,open,2.25,0.0,2.1715,2.3135,2.23775256,101.51,None,0.0,BTC-27MAR20-24000-P,7307.28,0.0,0.0015,10.0,0.0,0.0,0.0,1.69313,-0.95619,-58.80643,1e-05,-0.98118
7316.0,SYN.BTC-3JAN20,1577530742613,open,0.02,142.1,0.008,0.05,0.01781675,43.73,0.021,0.0,BTC-3JAN20-7250-P,7307.28,43.1,0.0175,18.7,0.019,1.0,46.11,3.63613,-13.53249,-0.52061,0.00096,-0.42424
7419.32,BTC-27MAR20,1577530742616,open,4.42,1.0,4.285,4.502,4.39049901,0.0,4.54,0.0,BTC-27MAR20-40000-P,7307.28,0.0,0.0015,10.0,0.0,0.0,0.0,0.0,0.0,-98.49391,0.0,-1.0
7419.32,BTC-27MAR20,1577530742618,open,1.71,5.2,1.644,1.768,1.70073283,95.63,2.035,0.0,BTC-27MAR20-20000-P,7307.28,0.0,0.0015,10.0,1.8995,0.5,242.15,2.64057,-1.40475,-48.75545,2e-05,-0.96803
7419.32,BTC-27MAR20,1577530742631,open,0.1,877.0,0.072,0.1455,0.10500063,68.79,0.1025,0.0,BTC-27MAR20-8000-C,7307.28,67.99,0.1035,13.4,0.1055,0.1,69.01,14.66913,-5.61394,6.85007,0.00016,0.48003
7385.88,SYN.BTC-28FEB20,1577530742633,open,0.2,0.0,0.165,0.241,0.19987102,61.43,None,0.0,BTC-28FEB20-8500-P,7307.28,23.93,0.1545,0.1,0.0,0.0,0.0,11.06524,-5.49286,-10.84107,0.00019,-0.66604
132.7,SYN.ETH-25SEP20,1577530742932,open,0.39,0.0,0.343,0.445,0.39532,86.42,None,0.0,ETH-25SEP20-100-C,127.55,72.37,0.359,52.0,0.428,52.0,99.03,0.3443,-0.05472,0.37432,0.00304,0.77405
7324.74,SYN.BTC-10JAN20,1577530742950,open,0.03,95.3,0.0155,0.059,0.0269132,49.74,0.024,0.0,BTC-10JAN20-7500-C,7307.28,47.09,0.025,18.0,0.027,1.0,49.82,5.37266,-10.3773,1.01106,0.00057,0.41824
7385.88,SYN.BTC-28FEB20,1577530742952,open,0.12,0.0,0.097,0.16,0.12614591,61.35,None,0.0,BTC-28FEB20-7000-C,7307.28,58.0,0.121,13.0,0.126,0.3,61.23,11.45538,-5.67859,6.34067,0.0002,0.6326
128.05,SYN.ETH-31JAN20,1577530743162,open,0.21,0.0,0.159,0.247,0.201793,69.76,None,0.0,ETH-31JAN20-150-P,127.55,60.51,0.193,240.0,1.17,1.0,500.0,0.12694,-0.1307,-0.11173,0.01196,-0.73837
130.8,ETH-26JUN20,1577530743350,open,0.16,188.0,0.109,0.217,0.163042,84.63,0.169,0.0,ETH-26JUN20-160-C,127.55,82.14,0.156,454.0,0.171,180.0,87.49,0.36704,-0.08587,0.20801,0.00512,0.48391
130.8,ETH-26JUN20,1577530743353,open,0.16,188.0,0.109,0.217,0.163042,84.63,0.169,0.0,ETH-26JUN20-160-C,127.55,82.14,0.156,454.0,0.17,274.0,87.13,0.36704,-0.08587,0.20801,0.00512,0.48391
130.8,ETH-26JUN20,1577530743412,open,0.11,1440.0,0.06,0.159,0.107298,87.26,0.111,0.0,ETH-26JUN20-200-C,127.55,84.85,0.101,424.0,0.113,140.0,89.45,0.34121,-0.08231,0.15762,0.00461,0.35043
130.8,ETH-26JUN20,1577530743419,open,0.11,1440.0,0.06,0.159,0.107298,87.26,0.111,0.0,ETH-26JUN20-200-C,127.55,84.85,0.101,424.0,0.113,424.0,89.45,0.34121,-0.08231,0.15762,0.00461,0.35043
130.8,ETH-26JUN20,1577530743441,open,0.09,804.0,0.046,0.138,0.08858,88.42,0.089,0.0,ETH-26JUN20-220-C,127.55,86.14,0.083,428.0,0.093,140.0,90.23,0.3202,-0.07827,0.13713,0.00427,0.30011
130.8,ETH-26JUN20,1577530743473,open,0.07,567.0,0.036,0.123,0.075078,90.02,0.077,0.0,ETH-26JUN20-240-C,127.55,87.78,0.07,432.0,0.079,140.0,91.73,0.29911,-0.07443,0.12037,0.00392,0.26075
132.73,SYN.ETH-25SEP20,1577530743488,open,0.44,0.0,0.355,0.513,0.433096,86.47,None,0.0,ETH-25SEP20-160-P,127.55,0.0,0.001,9.0,0.0,0.0,0.0,0.45357,-0.07213,-0.87421,0.004,-0.45114
7419.3,BTC-27MAR20,1577530743587,open,4.42,1.0,4.2875,4.5025,4.39190751,114.74,4.54,0.0,BTC-27MAR20-40000-P,7307.25,0.0,0.0015,10.0,0.0,0.0,0.0,0.41099,-0.26234,-98.43582,0.0,-0.99626
7567.67,BTC-26JUN20,1577530743587,open,1.94,0.0,1.8585,2.0145,1.92846219,91.42,None,0.0,BTC-26JUN20-22000-P,7307.25,0.0,0.11,1.0,2.22,0.1,215.46,8.70026,-2.19861,-106.42091,3e-05,-0.90931
7567.67,BTC-26JUN20,1577530743587,open,2.46,0.0,2.374,2.545,2.45123174,95.51,None,0.0,BTC-26JUN20-26000-P,7307.25,0.0,0.002,1.0,0.0,0.0,0.0,6.90463,-1.82295,-126.91898,3e-05,-0.93313
7419.3,BTC-27MAR20,1577530743587,open,3.33,0.0,3.2295,3.406,3.31458327,112.17,None,0.0,BTC-27MAR20-32000-P,7307.25,0.0,0.0015,10.0,0.0,0.0,0.0,0.93372,-0.58269,-78.65008,1e-05,-0.99055
7419.3,BTC-27MAR20,1577530743587,open,2.52,0.0,2.437,2.5865,2.50740217,107.37,None,0.0,BTC-27MAR20-26000-P,7307.25,0.0,0.0015,10.0,0.0,0.0,0.0,1.66333,-0.99358,-63.73957,1e-05,-0.98156
7419.3,BTC-27MAR20,1577530743587,open,1.71,5.2,1.645,1.768,1.70142977,97.48,2.035,0.0,BTC-27MAR20-20000-P,7307.25,0.0,0.0015,10.0,1.8995,0.5,242.15,2.86448,-1.55349,-48.70733,2e-05,-0.9647
7419.3,BTC-27MAR20,1577530743588,open,1.98,5.6,1.9085,2.0385,1.96928849,99.54,1.545,0.0,BTC-27MAR20-22000-P,7307.25,0.0,0.0015,10.0,0.0,0.0,0.0,2.17868,-1.20649,-53.78207,2e-05,-0.97463
7419.3,BTC-27MAR20,1577530743588,open,2.25,0.0,2.173,2.3135,2.23859313,104.86,None,0.0,BTC-27MAR20-24000-P,7307.25,0.0,0.0015,10.0,0.0,0.0,0.0,2.00336,-1.16865,-58.74602,1e-05,-0.97704
7567.67,BTC-26JUN20,1577530743587,open,3.26,0.0,3.1495,3.3465,3.23978426,101.45,None,0.0,BTC-26JUN20-32000-P,7307.25,0.0,0.002,1.0,0.0,0.0,0.0,5.342,-1.49812,-157.18838,2e-05,-0.95173
7419.3,BTC-27MAR20,1577530743587,open,3.61,0.0,3.494,3.678,3.58389682,113.78,None,0.0,BTC-27MAR20-34000-P,7307.25,0.0,0.0015,10.0,0.0,0.0,0.0,0.79733,-0.5047,-83.59858,1e-05,-0.99211
7419.3,BTC-27MAR20,1577530743587,open,3.88,0.0,3.7585,3.952,3.853226,114.86,None,0.0,BTC-27MAR20-36000-P,7307.25,0.0,0.0015,10.0,0.0,0.0,0.0,0.66778,-0.42669,-88.54517,0.0,-0.99355
7567.67,BTC-26JUN20,1577530743587,open,2.2,0.0,2.1155,2.2765,2.1880016,92.07,None,0.0,BTC-26JUN20-24000-P,7307.25,0.0,0.002,1.0,0.0,0.0,0.0,7.35612,-1.87224,-116.83238,3e-05,-0.9274
7419.3,BTC-27MAR20,1577530743588,open,1.44,0.0,1.381,1.4965,1.43368031,93.41,1.23,0.0,BTC-27MAR20-18000-P,7307.25,0.0,0.0015,10.0,1.5995,0.5,214.76,3.57992,-1.8604,-43.61202,3e-05,-0.95355
7567.67,BTC-26JUN20,1577530743588,open,1.42,2.9,1.3465,1.4895,1.40997125,86.34,1.35,0.0,BTC-26JUN20-18000-P,7307.25,0.0,1.35,1.8,2.1,0.1,375.15,11.32943,-2.7041,-85.46505,5e-05,-0.869
7567.67,BTC-26JUN20,1577530743589,open,1.68,0.1,1.602,1.7505,1.66821497,88.84,1.85,0.0,BTC-26JUN20-20000-P,7307.25,0.0,0.0005,3.0,1.88,0.1,181.24,9.83652,-2.41569,-96.04017,4e-05,-0.89275
7419.27,BTC-27MAR20,1577530743590,open,2.79,0.0,2.701,2.861,2.77671309,111.15,None,0.0,BTC-27MAR20-28000-P,7307.25,0.0,0.0015,10.0,0.0,0.0,0.0,1.51229,-0.9351,-68.69484,1e-05,-0.98351
7567.67,BTC-26JUN20,1577530743590,open,2.99,0.0,2.8905,3.077,2.9758047,98.46,None,0.0,BTC-26JUN20-30000-P,7307.25,0.0,0.002,1.0,0.0,0.0,0.0,5.53395,-1.50628,-147.20689,2e-05,-0.94955
7419.27,BTC-27MAR20,1577530743590,open,3.06,0.0,2.9655,3.1325,3.0455232,111.51,None,0.0,BTC-27MAR20-30000-P,7307.25,0.0,0.0015,10.0,0.0,0.0,0.0,1.17305,-0.7277,-73.68262,1e-05,-0.98772
7567.67,BTC-26JUN20,1577530743590,open,2.73,0.0,2.6325,2.813,2.7144911,98.47,None,0.0,BTC-26JUN20-28000-P,7307.25,0.0,0.002,1.0,0.0,0.0,0.0,6.48554,-1.76546,-136.98572,2e-05,-0.93831
7349.51,SYN.BTC-31JAN20,1577530743587,open,0.05,308.4,0.0255,0.072,0.04548436,56.19,0.0475,0.0,BTC-31JAN20-7000-P,7307.25,55.33,0.0445,0.1,0.0475,12.0,57.97,8.34075,-6.91785,-2.73592,0.0003,-0.35561
7681.0,SYN.BTC-25SEP20,1577530743587,open,1.41,1.0,1.3305,1.495,1.40351098,82.91,1.43,0.0,BTC-25SEP20-18000-P,7307.25,0.0,0.05,1.0,1.485,0.1,111.44,18.70238,-2.85159,-125.92176,5e-05,-0.79742
7681.0,SYN.BTC-25SEP20,1577530743587,open,1.17,1.0,1.086,1.2455,1.15711198,81.22,1.18,0.0,BTC-25SEP20-16000-P,7307.25,0.0,0.04,1.0,1.25,0.1,111.56,20.75194,-3.09973,-109.50689,6e-05,-0.75691
7314.6,SYN.BTC-3JAN20,1577530743598,open,0.01,719.9,0.003,0.0415,0.01259467,45.05,0.0125,0.0,BTC-3JAN20-7500-C,7307.25,42.69,0.0115,25.0,0.0125,0.2,44.85,3.40489,-13.05337,0.38688,0.00088,0.34115
7384.41,SYN.BTC-28FEB20,1577530743603,open,0.33,0.0,0.3145,0.3565,0.33355491,71.98,None,0.0,BTC-28FEB20-5000-C,7307.25,34.34,0.323,4.0,0.348,4.0,93.06,4.15445,-2.41652,7.44622,6e-05,0.92838
7314.6,SYN.BTC-3JAN20,1577530743614,open,0.0,133.3,0.0005,0.0105,0.00061818,76.31,0.0005,0.0,BTC-3JAN20-9000-C,7307.25,0.0,0.0,0.0,0.001,40.1,82.04,0.41403,-2.68855,0.02066,6e-05,0.01816
7681.0,SYN.BTC-25SEP20,1577530743615,open,0.2,6.2,0.1475,0.252,0.19392397,72.84,0.208,0.0,BTC-25SEP20-7000-P,7307.25,71.08,0.1885,0.3,0.199,15.0,74.48,23.76944,-3.1839,-29.52004,7e-05,-0.32204
7323.33,SYN.BTC-10JAN20,1577530743618,open,0.0,35.6,0.0005,0.012,0.00211018,74.5,0.0015,0.0,BTC-10JAN20-5750-P,7307.25,69.99,0.0015,91.0,0.003,61.0,79.9,1.08876,-3.14974,-0.09857,8e-05,-0.03604
7681.0,SYN.BTC-25SEP20,1577530743618,open,0.2,6.2,0.1475,0.252,0.19392397,72.84,0.208,0.0,BTC-25SEP20-7000-P,7307.25,71.08,0.1885,15.3,0.199,15.0,74.48,23.76944,-3.1839,-29.52004,7e-05,-0.32204
7681.0,SYN.BTC-25SEP20,1577530743624,open,0.13,1.0,0.089,0.177,0.12738826,73.21,0.1305,0.0,BTC-25SEP20-6000-P,7307.25,71.2,0.122,0.3,0.1315,18.0,74.74,20.60055,-2.77358,-21.01008,6e-05,-0.23984
130.8,ETH-26JUN20,1577530743792,open,0.52,426.0,0.433,0.587,0.508288,86.33,0.47,0.0,ETH-26JUN20-180-P,127.55,77.3,0.484,180.0,0.552,200.0,102.02,0.35843,-0.08553,-0.71049,0.0049,-0.58767
7680.87,SYN.BTC-25SEP20,1577530743893,open,0.92,1.0,0.8485,1.003,0.9178756,79.9,0.93,0.0,BTC-25SEP20-14000-P,7307.25,0.0,0.03,1.0,0.99,0.1,102.43,23.03186,-3.38431,-92.58966,7e-05,-0.70048
7680.87,SYN.BTC-25SEP20,1577530743893,open,1.66,1.0,1.5805,1.753,1.65716617,86.05,1.68,0.0,BTC-25SEP20-20000-P,7307.25,0.0,0.06,1.0,1.75,0.1,119.45,17.36269,-2.74755,-141.75398,5e-05,-0.82052
7681.0,SYN.BTC-25SEP20,1577530744001,open,0.13,1.0,0.089,0.177,0.12745711,73.21,0.1305,0.0,BTC-25SEP20-6000-P,7307.25,71.2,0.122,17.3,0.1315,18.0,74.74,20.60055,-2.77358,-21.01008,6e-05,-0.23984
7349.51,SYN.BTC-31JAN20,1577530744072,open,0.03,398.6,0.017,0.058,0.03420756,55.07,0.032,0.0,BTC-31JAN20-8000-C,7307.25,53.02,0.032,24.8,0.0345,0.5,55.28,8.17281,-6.64342,2.06267,0.0003,0.33666
7384.41,SYN.BTC-28FEB20,1577530744076,open,0.11,3.1,0.0775,0.145,0.1078526,60.39,0.12,0.0,BTC-28FEB20-7500-P,7307.25,58.72,0.105,14.4,0.112,4.0,62.99,12.10622,-5.90797,-7.29904,0.00022,-0.47534
7384.41,SYN.BTC-28FEB20,1577530744079,open,0.07,30.3,0.0415,0.0995,0.06711872,60.73,0.0645,0.0,BTC-28FEB20-8000-C,7307.25,59.36,0.065,17.0,0.0675,0.2,60.92,11.90043,-5.83957,4.44916,0.00021,0.4226
7314.6,SYN.BTC-3JAN20,1577530744081,open,0.04,79.3,0.0225,0.072,0.03787751,44.63,0.042,0.0,BTC-3JAN20-7500-P,7307.25,41.93,0.0365,18.0,0.0395,0.7,48.38,3.39874,-12.90799,-0.82213,0.00088,-0.66046
7323.33,SYN.BTC-10JAN20,1577530744085,open,0.04,105.0,0.0275,0.0755,0.04226584,49.84,0.0435,0.0,BTC-10JAN20-7250-C,7307.25,47.32,0.0405,18.0,0.0425,21.1,50.02,5.42234,-10.49465,1.34065,0.00058,0.56132
7419.3,BTC-27MAR20,1577530744086,open,0.02,271.3,0.009,0.043,0.02140831,73.89,0.0205,0.0,BTC-27MAR20-5000-P,7307.25,72.87,0.0205,20.1,0.023,0.1,75.65,6.64377,-2.73119,-2.28931,7e-05,-0.1039
130.8,ETH-26JUN20,1577530744321,open,0.34,1.0,0.295,0.388,0.342472,83.76,0.38,0.0,ETH-26JUN20-100-C,127.55,66.75,0.307,48.0,0.377,48.0,99.95,0.27724,-0.06419,0.27938,0.0039,0.77343
128.88,ETH-27MAR20,1577530744346,open,0.47,0.0,0.448,0.498,0.472473,94.88,None,0.0,ETH-27MAR20-70-C,127.55,0.0,0.0,0.0,0.0,0.0,0.0,0.07892,-0.04166,0.14749,0.00203,0.93722
128.88,ETH-27MAR20,1577530744346,open,0.34,0.0,0.306,0.376,0.341272,86.27,None,0.0,ETH-27MAR20-90-C,127.55,0.0,0.0,0.0,0.0,0.0,0.0,0.14658,-0.07035,0.16264,0.00415,0.85379
128.88,ETH-27MAR20,1577530744346,open,0.15,1.0,0.109,0.198,0.154232,80.27,0.152,0.0,ETH-27MAR20-130-C,127.55,76.05,0.146,49.0,0.162,144.0,84.26,0.25115,-0.11215,0.13207,0.00765,0.57041
128.88,ETH-27MAR20,1577530744346,open,0.23,0.0,0.19,0.275,0.233256,81.76,None,0.0,ETH-27MAR20-110-C,127.55,74.95,0.222,93.0,0.239,48.0,85.21,0.21396,-0.09732,0.15558,0.0064,0.7235
128.88,ETH-27MAR20,1577530744346,open,0.02,0.0,0.005,0.033,0.015698,95.02,None,0.0,ETH-27MAR20-70-P,127.55,90.44,0.013,86.0,0.019,240.0,100.17,0.07911,-0.04182,-0.02496,0.00204,-0.06297
130.8,ETH-26JUN20,1577530744454,open,0.44,0.0,0.405,0.479,0.442125,85.66,None,0.0,ETH-26JUN20-80-C,127.55,65.2,0.414,49.0,0.468,49.0,102.12,0.19689,-0.04662,0.27604,0.00271,0.86796
127.74,SYN.ETH-10JAN20,1577530744609,open,0.08,44.0,0.053,0.116,0.08531,67.77,0.076,0.0,ETH-10JAN20-120-C,127.55,59.36,0.08,60.0,0.089,60.0,73.46,0.08206,-0.21595,0.02817,0.02104,0.71047
127.74,SYN.ETH-10JAN20,1577530744610,open,0.02,135.0,0.003,0.038,0.016649,64.87,0.014,0.0,ETH-10JAN20-140-C,127.55,60.28,0.014,240.0,0.016,50.0,63.76,0.07537,-0.18987,0.01028,0.02019,0.2447
127.74,SYN.ETH-10JAN20,1577530744610,open,0.0,204.0,0.001,0.011,0.001914,100.09,0.003,0.0,ETH-10JAN20-90-P,127.55,90.15,0.001,330.0,0.003,25.0,108.65,0.01411,-0.05485,-0.00122,0.00245,-0.02519
127.74,SYN.ETH-10JAN20,1577530744610,open,0.01,296.0,0.001,0.021,0.006349,66.53,0.006,0.0,ETH-10JAN20-150-C,127.55,62.52,0.005,600.0,0.007,948.0,68.33,0.04531,-0.11706,0.0047,0.01183,0.11066
127.74,SYN.ETH-10JAN20,1577530744610,open,0.12,224.0,0.076,0.151,0.112719,65.03,0.137,0.0,ETH-10JAN20-140-P,127.55,60.33,0.11,60.0,0.118,60.0,73.68,0.07548,-0.19062,-0.03908,0.02016,-0.75465
127.74,SYN.ETH-10JAN20,1577530744610,open,0.03,107.0,0.007,0.05,0.024799,67.9,0.029,0.0,ETH-10JAN20-120-P,127.55,65.08,0.023,100.0,0.027,271.0,71.3,0.0821,-0.21647,-0.01418,0.02101,-0.28981
127.74,SYN.ETH-10JAN20,1577530744610,open,0.06,115.0,0.028,0.092,0.058433,64.97,0.072,0.0,ETH-10JAN20-130-P,127.55,60.37,0.055,180.0,0.063,180.0,71.09,0.09539,-0.24067,-0.02665,0.0255,-0.53294
127.74,SYN.ETH-10JAN20,1577530744610,open,0.01,2.0,0.001,0.029,0.010925,78.13,0.017,0.0,ETH-10JAN20-110-P,127.55,75.86,0.01,30.0,0.013,604.0,83.01,0.05271,-0.15994,-0.00668,0.01172,-0.13736
127.74,SYN.ETH-10JAN20,1577530744609,open,0.01,15.0,0.001,0.017,0.004738,89.24,0.004,0.0,ETH-10JAN20-100-P,127.55,85.85,0.004,300.0,0.006,25.0,94.47,0.02904,-0.10063,-0.00297,0.00565,-0.06123
127.74,SYN.ETH-10JAN20,1577530744610,open,0.22,0.0,0.195,0.249,0.221832,88.93,None,0.0,ETH-10JAN20-100-C,127.55,0.0,0.204,33.0,0.234,33.0,127.5,0.02882,-0.09954,0.03233,0.00563,0.93935
127.74,SYN.ETH-10JAN20,1577530744610,open,0.29,0.0,0.274,0.321,0.297298,99.52,None,0.0,ETH-10JAN20-90-C,127.55,0.0,0.284,35.0,0.306,35.0,144.62,0.01383,-0.05345,0.03056,0.00241,0.97541
127.74,SYN.ETH-10JAN20,1577530744610,open,0.15,0.0,0.118,0.18,0.149728,77.95,None,0.0,ETH-10JAN20-110-C,127.55,65.27,0.145,60.0,0.153,60.0,85.54,0.05258,-0.15916,0.03215,0.01172,0.86314
127.74,SYN.ETH-10JAN20,1577530744614,open,0.0,200.0,0.001,0.013,0.003054,72.23,0.003,0.0,ETH-10JAN20-160-C,127.55,66.63,0.002,300.0,0.004,60.0,76.38,0.02695,-0.07559,0.00237,0.00648,0.05569
130.8,ETH-26JUN20,1577530744977,open,0.34,1.0,0.295,0.388,0.342472,83.76,0.38,0.0,ETH-26JUN20-100-C,127.55,66.75,0.307,48.0,0.378,48.0,100.42,0.27724,-0.06419,0.27938,0.0039,0.77343
7384.36,SYN.BTC-28FEB20,1577530745054,open,0.07,8.5,0.0475,0.108,0.07398754,61.32,0.076,0.0,BTC-28FEB20-7000-P,7307.25,59.39,0.071,15.9,0.077,24.3,63.26,11.45605,-5.67653,-5.52908,0.0002,-0.3677
7384.36,SYN.BTC-28FEB20,1577530745057,open,0.07,8.5,0.0475,0.108,0.07398754,61.32,0.076,0.0,BTC-28FEB20-7000-P,7307.25,59.39,0.071,15.9,0.077,40.2,63.26,11.45605,-5.67653,-5.52908,0.0002,-0.3677
128.88,ETH-27MAR20,1577530745091,open,0.03,7957.0,0.009,0.057,0.027385,94.81,0.025,0.0,ETH-27MAR20-240-C,127.55,92.59,0.025,300.0,0.029,540.0,96.27,0.14142,-0.07459,0.03532,0.00365,0.13867
128.88,ETH-27MAR20,1577530745099,open,0.33,4564.0,0.269,0.391,0.329022,83.66,0.375,0.0,ETH-27MAR20-160-P,127.55,72.85,0.309,326.0,0.375,26.0,107.49,0.24291,-0.11306,-0.30213,0.0071,-0.62302
127.64,SYN.ETH-3JAN20,1577530745101,open,0.14,1.0,0.113,0.171,0.142147,85.69,0.15,0.0,ETH-3JAN20-110-C,127.55,0.0,0.138,61.0,0.146,60.0,103.45,0.0235,-0.17134,0.01603,0.01046,0.92252
128.88,ETH-27MAR20,1577530745144,open,2.75,0.0,2.617,2.856,2.729976,120.88,None,0.0,ETH-27MAR20-480-P,127.55,0.0,0.004,50.0,0.0,0.0,0.0,0.04259,-0.02865,-1.17442,0.00086,-0.97076
128.88,ETH-27MAR20,1577530745156,open,0.4,20.0,0.375,0.436,0.404899,90.37,0.613,0.0,ETH-27MAR20-80-C,127.55,0.0,0.379,1.0,0.0,0.0,0.0,0.11137,-0.05599,0.15745,0.00301,0.90106
128.88,ETH-27MAR20,1577530745156,open,1.2,161.0,1.116,1.277,1.191531,101.03,1.397,0.0,ETH-27MAR20-280-P,127.55,0.0,0.002,50.0,0.0,0.0,0.0,0.11002,-0.06183,-0.6646,0.00266,-0.90269
127.64,SYN.ETH-3JAN20,1577530745156,open,0.0,344.0,0.001,0.014,0.002644,104.22,0.001,0.0,ETH-3JAN20-160-C,127.55,0.0,0.0,0.0,0.005,300.0,119.1,0.01675,-0.14859,0.00098,0.00613,0.0502
127.64,SYN.ETH-3JAN20,1577530745156,open,0.01,698.0,0.001,0.032,0.01109,66.53,0.011,0.0,ETH-3JAN20-120-P,127.55,63.6,0.01,32.0,0.013,520.0,71.53,0.04792,-0.2713,-0.00474,0.02746,-0.21974
128.05,SYN.ETH-31JAN20,1577530745156,open,0.15,403.0,0.103,0.186,0.142875,69.75,0.18,0.0,ETH-31JAN20-140-P,127.55,67.26,0.14,144.0,0.15,144.0,75.87,0.14816,-0.15254,-0.09103,0.01396,-0.62308
128.88,ETH-27MAR20,1577530745158,open,1.82,7.0,1.715,1.905,1.804181,111.12,1.702,0.0,ETH-27MAR20-360-P,127.55,0.0,0.01,30.0,0.0,0.0,0.0,0.07239,-0.04475,-0.87206,0.00159,-0.94378
128.88,ETH-27MAR20,1577530745162,open,0.13,653.0,0.084,0.172,0.127438,81.49,0.129,0.0,ETH-27MAR20-140-C,127.55,80.26,0.125,2.0,0.133,412.0,84.3,0.25513,-0.11566,0.11792,0.00766,0.49901
130.81,ETH-26JUN20,1577530745162,open,0.13,2403.0,0.081,0.186,0.132141,86.26,0.144,0.0,ETH-26JUN20-180-C,127.55,83.64,0.125,459.0,0.138,279.0,88.39,0.35841,-0.08546,0.18149,0.0049,0.41212
130.81,ETH-26JUN20,1577530745162,open,3.32,0.0,3.161,3.452,3.29766,108.84,None,0.0,ETH-26JUN20-560-P,127.55,0.0,0.01,50.0,0.0,0.0,0.0,0.11661,-0.03508,-2.7438,0.00126,-0.93511
128.88,ETH-27MAR20,1577530745162,open,0.75,30.0,0.675,0.816,0.741688,91.85,0.306,0.0,ETH-27MAR20-220-P,127.55,0.0,0.001,9.0,0.0,0.0,0.0,0.16319,-0.08339,-0.49806,0.00434,-0.82777
130.81,ETH-26JUN20,1577530745162,open,3.93,0.0,3.754,4.078,3.906604,112.77,None,0.0,ETH-26JUN20-640-P,127.55,0.0,0.011,1.0,0.0,0.0,0.0,0.10163,-0.03168,-3.14531,0.00106,-0.94555
128.88,ETH-27MAR20,1577530745162,open,2.44,0.0,2.317,2.54,2.421413,119.42,None,0.0,ETH-27MAR20-440-P,127.55,0.0,0.003,50.0,0.0,0.0,0.0,0.05272,-0.03502,-1.07376,0.00108,-0.96212
127.64,SYN.ETH-3JAN20,1577530745162,open,0.02,2640.0,0.004,0.049,0.023352,62.18,0.025,0.0,ETH-3JAN20-130-C,127.55,57.43,0.021,1.0,0.024,1.0,63.48,0.06341,-0.33551,0.00822,0.03889,0.42344
127.64,SYN.ETH-3JAN20,1577530745162,open,0.0,391.0,0.001,0.012,0.002162,76.94,0.002,0.0,ETH-3JAN20-150-C,127.55,66.78,0.001,12.0,0.003,300.0,82.41,0.01782,-0.11667,0.00107,0.00883,0.05425
130.81,ETH-26JUN20,1577530745164,open,3.01,0.0,2.865,3.141,2.994748,107.81,None,0.0,ETH-26JUN20-520-P,127.55,0.0,0.01,50.0,0.0,0.0,0.0,0.13047,-0.03888,-2.54084,0.00143,-0.92491
130.81,ETH-26JUN20,1577530745164,open,0.92,4.0,0.826,1.001,0.909939,90.08,0.934,0.0,ETH-26JUN20-240-P,127.55,0.0,0.01,50.0,0.0,0.0,0.0,0.29934,-0.07454,-1.06882,0.00392,-0.7389
127.64,SYN.ETH-3JAN20,1577530745164,open,0.05,953.0,0.015,0.074,0.041951,62.35,0.047,0.0,ETH-3JAN20-130-P,127.55,52.33,0.037,180.0,0.045,180.0,68.47,0.06342,-0.33649,-0.0127,0.03879,-0.57627
128.88,ETH-27MAR20,1577530745168,open,0.19,118.0,0.146,0.234,0.191041,81.22,0.19,0.0,ETH-27MAR20-120-C,127.55,75.23,0.18,47.0,0.197,144.0,84.46,0.23749,-0.10731,0.14486,0.00715,0.64753
130.81,ETH-26JUN20,1577530745168,open,2.71,0.0,2.569,2.828,2.690623,104.91,None,0.0,ETH-26JUN20-480-P,127.55,0.0,0.01,50.0,0.0,0.0,0.0,0.1396,-0.04048,-2.33915,0.00157,-0.9179
127.64,SYN.ETH-3JAN20,1577530745168,open,0.0,2086.0,0.001,0.011,0.001382,102.9,0.002,0.0,ETH-3JAN20-100-P,127.55,97.52,0.001,10.0,0.002,23.0,109.98,0.00995,-0.08713,-0.00057,0.00369,-0.02654
130.81,ETH-26JUN20,1577530745170,open,1.8,1.0,1.686,1.899,1.785853,97.44,1.827,0.0,ETH-26JUN20-360-P,127.55,0.0,0.015,2.0,0.0,0.0,0.0,0.19337,-0.05209,-1.72249,0.00234,-0.87137
128.88,ETH-27MAR20,1577530745172,open,1.51,10.0,1.415,1.589,1.496664,105.97,1.59,0.0,ETH-27MAR20-320-P,127.55,0.0,0.011,5.0,0.0,0.0,0.0,0.08704,-0.05131,-0.7697,0.00201,-0.92876
128.05,SYN.ETH-31JAN20,1577530745172,open,0.02,1456.0,0.006,0.04,0.019072,71.15,0.02,0.0,ETH-31JAN20-160-C,127.55,68.49,0.017,730.0,0.02,105.0,72.3,0.10199,-0.1071,0.019,0.00942,0.17897
128.88,ETH-27MAR20,1577530745177,open,0.6,1147.0,0.532,0.667,0.596757,88.56,0.645,0.0,ETH-27MAR20-200-P,127.55,0.0,0.001,9.0,0.0,0.0,0.0,0.18819,-0.09272,-0.43766,0.0052,-0.78236
130.81,ETH-26JUN20,1577530745177,open,2.1,0.0,1.98,2.206,2.085914,99.93,None,0.0,ETH-26JUN20-400-P,127.55,0.0,0.01,50.0,0.0,0.0,0.0,0.1709,-0.04721,-1.93036,0.00202,-0.89199
128.88,ETH-27MAR20,1577530745177,open,3.06,0.0,2.918,3.172,3.038798,121.24,None,0.0,ETH-27MAR20-520-P,127.55,0.0,0.006,50.0,0.0,0.0,0.0,0.03331,-0.02247,-1.27478,0.00067,-0.9782
128.88,ETH-27MAR20,1577530745177,open,3.37,0.0,3.219,3.49,3.348118,121.71,None,0.0,ETH-27MAR20-560-P,127.55,0.0,0.02,50.0,0.0,0.0,0.0,0.02638,-0.01786,-1.37461,0.00053,-0.98343
130.81,ETH-26JUN20,1577530745232,open,1.21,0.0,1.107,1.295,1.195913,92.71,None,0.0,ETH-26JUN20-280-P,127.55,0.0,0.011,3.0,0.0,0.0,0.0,0.2582,-0.06617,-1.29347,0.00328,-0.79948
130.81,ETH-26JUN20,1577530745232,open,0.02,546.0,0.008,0.04,0.020767,88.7,0.021,0.0,ETH-26JUN20-60-P,127.55,83.97,0.017,300.0,0.025,2.0,93.6,0.10872,-0.02666,-0.05192,0.00145,-0.05932
128.88,ETH-27MAR20,1577530745232,open,0.9,118.0,0.82,0.967,0.889726,94.94,0.978,0.0,ETH-27MAR20-240-P,127.55,0.0,0.005,10.0,0.0,0.0,0.0,0.14175,-0.07487,-0.55554,0.00365,-0.86085
128.05,SYN.ETH-31JAN20,1577530745232,open,0.05,1870.0,0.024,0.079,0.049445,69.65,0.047,0.0,ETH-31JAN20-140-C,127.55,65.79,0.045,709.0,0.05,10.0,70.13,0.14813,-0.15228,0.03888,0.01398,0.37663
127.64,SYN.ETH-3JAN20,1577530745232,open,0.21,1.0,0.193,0.244,0.217844,102.05,0.208,0.0,ETH-3JAN20-100-C,127.55,0.0,0.0,0.0,0.0,0.0,0.0,0.00966,-0.08392,0.01554,0.00361,0.97437
130.81,ETH-26JUN20,1577530745234,open,1.5,0.0,1.394,1.593,1.487615,94.45,1.06,0.0,ETH-26JUN20-320-P,127.55,0.0,0.015,2.0,0.0,0.0,0.0,0.2199,-0.05741,-1.51174,0.00275,-0.84449
130.81,ETH-26JUN20,1577530745236,open,0.64,245.0,0.557,0.72,0.636349,87.31,0.71,0.0,ETH-26JUN20-200-P,127.55,0.0,0.001,10.0,0.0,0.0,0.0,0.34133,-0.08238,-0.8334,0.00461,-0.6493
128.88,ETH-27MAR20,1577530745236,open,0.09,1378.0,0.049,0.13,0.08746,83.61,0.08,0.0,ETH-27MAR20-160-C,127.55,80.7,0.082,579.0,0.092,471.0,86.01,0.24287,-0.11297,0.09183,0.0071,0.37681
127.64,SYN.ETH-3JAN20,1577530745236,open,0.0,589.0,0.001,0.018,0.004038,86.07,0.004,0.0,ETH-3JAN20-110-P,127.55,80.09,0.003,1.0,0.005,25.0,91.0,0.0237,-0.17357,-0.00169,0.0105,-0.07834
128.88,ETH-27MAR20,1577530745238,open,2.13,5.0,2.016,2.222,2.112544,115.57,2.004,0.0,ETH-27MAR20-400-P,127.55,0.0,0.046,50.0,0.0,0.0,0.0,0.06136,-0.03945,-0.97326,0.0013,-0.95431
128.88,ETH-27MAR20,1577530745240,open,3.68,0.0,3.521,3.808,3.657767,122.33,None,0.0,ETH-27MAR20-600-P,127.55,0.0,0.03,50.0,0.0,0.0,0.0,0.02121,-0.01444,-1.47405,0.00042,-0.98714
127.64,SYN.ETH-3JAN20,1577530745242,open,0.11,136.0,0.068,0.14,0.102896,66.24,0.128,0.0,ETH-3JAN20-140-P,127.55,49.97,0.099,60.0,0.106,60.0,76.15,0.03691,-0.20806,-0.01968,0.02125,-0.85499
128.88,ETH-27MAR20,1577530745244,open,3.99,0.0,3.822,4.127,3.967638,123.11,None,0.0,ETH-27MAR20-640-P,127.55,0.0,0.01,50.0,0.0,0.0,0.0,0.01738,-0.01191,-1.57322,0.00035,-0.98977
128.05,SYN.ETH-31JAN20,1577530745244,open,0.12,356.0,0.083,0.152,0.118384,70.83,0.107,0.0,ETH-31JAN20-120-C,127.55,66.0,0.113,144.0,0.122,144.0,74.06,0.14315,-0.14967,0.06421,0.01328,0.65867
127.64,SYN.ETH-3JAN20,1577530745244,open,0.07,1057.0,0.04,0.101,0.070845,66.33,0.071,0.0,ETH-3JAN20-120-C,127.55,55.52,0.067,60.0,0.075,60.0,77.01,0.04784,-0.26999,0.01459,0.0275,0.7809
130.81,ETH-26JUN20,1577530745246,open,2.4,0.0,2.274,2.517,2.388154,102.81,None,0.0,ETH-26JUN20-440-P,127.55,0.0,0.01,50.0,0.0,0.0,0.0,0.15489,-0.04402,-2.13512,0.00178,-0.90562
130.81,ETH-26JUN20,1577530745246,open,3.62,0.0,3.457,3.763,3.601327,110.03,None,0.0,ETH-26JUN20-600-P,127.55,0.0,0.01,50.0,0.0,0.0,0.0,0.10556,-0.03211,-2.94568,0.00113,-0.94286
130.81,ETH-26JUN20,1577530745614,open,0.16,188.0,0.109,0.217,0.163043,84.64,0.169,0.0,ETH-26JUN20-160-C,127.55,82.13,0.156,454.0,0.168,180.0,86.41,0.36707,-0.08589,0.20805,0.00511,0.48399
7349.46,SYN.BTC-31JAN20,1577530745618,open,0.01,722.7,0.0005,0.0205,0.00774962,70.92,0.008,0.0,BTC-31JAN20-5500-P,7307.25,69.11,0.007,20.0,0.009,34.0,73.76,3.12291,-3.26883,-0.55463,9e-05,-0.07356
7419.23,BTC-27MAR20,1577530745620,open,1.18,1.2,1.118,1.2265,1.16692957,88.71,1.4,0.0,BTC-27MAR20-16000-P,7307.25,0.0,0.0015,10.0,1.2995,0.5,185.25,4.5861,-2.26329,-38.42632,4e-05,-0.93646
130.81,ETH-26JUN20,1577530745657,open,0.44,0.0,0.405,0.479,0.442125,85.66,None,0.0,ETH-26JUN20-80-C,127.55,65.16,0.414,49.0,0.469,49.0,102.72,0.19688,-0.04662,0.27606,0.00271,0.86799
132.73,SYN.ETH-25SEP20,1577530745716,open,0.59,0.0,0.559,0.62,0.589529,91.37,None,0.0,ETH-25SEP20-60-C,127.55,72.77,0.568,56.0,0.604,56.0,102.15,0.17124,-0.02877,0.32622,0.00143,0.91941
132.73,SYN.ETH-25SEP20,1577530745761,open,0.59,0.0,0.559,0.62,0.589529,91.37,None,0.0,ETH-25SEP20-60-C,127.55,71.75,0.567,56.0,0.604,56.0,102.15,0.17124,-0.02877,0.32622,0.00143,0.91941
130.81,ETH-26JUN20,1577530745816,open,0.56,4.0,0.538,0.587,0.562081,88.65,0.563,0.0,ETH-26JUN20-60-C,127.55,63.0,0.546,52.0,0.576,52.0,103.75,0.10865,-0.02663,0.24547,0.00145,0.94073
130.81,ETH-26JUN20,1577530745848,open,0.56,4.0,0.538,0.587,0.562081,88.65,0.563,0.0,ETH-26JUN20-60-C,127.55,60.3,0.545,52.0,0.576,52.0,103.75,0.10865,-0.02663,0.24547,0.00145,0.94073
132.73,SYN.ETH-25SEP20,1577530745850,open,0.39,0.0,0.343,0.445,0.395406,86.38,None,0.0,ETH-25SEP20-100-C,127.55,73.11,0.361,52.0,0.428,52.0,99.0,0.3443,-0.0547,0.37453,0.00304,0.77414
132.73,SYN.ETH-25SEP20,1577530745906,open,0.48,0.0,0.44,0.524,0.482457,87.74,None,0.0,ETH-25SEP20-80-C,127.55,71.9,0.452,53.0,0.507,53.0,99.91,0.26411,-0.04262,0.36593,0.00229,0.8525
132.73,SYN.ETH-25SEP20,1577530745908,open,0.39,0.0,0.343,0.445,0.395406,86.38,None,0.0,ETH-25SEP20-100-C,127.55,72.72,0.36,52.0,0.428,52.0,99.0,0.3443,-0.0547,0.37453,0.00304,0.77414
127.64,SYN.ETH-3JAN20,1577530746014,open,0.0,11.0,0.001,0.011,0.000824,104.37,0.001,0.0,ETH-3JAN20-170-C,127.55,0.0,0.0,0.0,0.001,1.0,107.3,0.00715,-0.0635,0.00035,0.00261,0.01794
127.64,SYN.ETH-3JAN20,1577530746014,open,0.34,0.0,0.294,0.377,0.332734,104.61,None,0.0,ETH-3JAN20-170-P,127.55,0.0,0.0,0.0,0.0,0.0,0.0,0.00723,-0.06434,-0.02701,0.00263,-0.98183
127.74,SYN.ETH-10JAN20,1577530746018,open,0.34,0.0,0.293,0.377,0.332953,81.66,None,0.0,ETH-10JAN20-170-P,127.55,0.0,0.0,0.0,0.0,0.0,0.0,0.0194,-0.06152,-0.0584,0.00413,-0.963
127.74,SYN.ETH-10JAN20,1577530746018,open,0.0,100.0,0.001,0.012,0.002115,81.46,0.002,0.0,ETH-10JAN20-170-C,127.55,72.31,0.001,1.0,0.003,300.0,86.74,0.01924,-0.06086,0.00155,0.0041,0.03662
128.06,SYN.ETH-31JAN20,1577530746162,open,0.17,0.0,0.138,0.205,0.172519,74.51,None,0.0,ETH-31JAN20-110-C,127.55,68.21,0.167,48.0,0.176,48.0,78.36,0.11454,-0.12596,0.07258,0.0101,0.7832
128.06,SYN.ETH-31JAN20,1577530746162,open,0.08,52.0,0.046,0.111,0.077763,69.66,0.073,0.0,ETH-31JAN20-130-C,127.55,64.91,0.072,405.0,0.08,20.0,71.5,0.15554,-0.15992,0.05184,0.01467,0.51399
128.06,SYN.ETH-31JAN20,1577530746162,open,0.01,0.0,0.001,0.024,0.009675,87.61,None,0.0,ETH-31JAN20-90-P,127.55,85.98,0.009,500.0,0.011,100.0,90.66,0.05402,-0.06986,-0.00981,0.00405,-0.07287
128.06,SYN.ETH-31JAN20,1577530746164,open,0.03,1103.0,0.013,0.057,0.031575,74.56,0.039,0.0,ETH-31JAN20-110-P,127.55,72.79,0.03,452.0,0.035,735.0,78.35,0.11458,-0.1261,-0.02953,0.0101,-0.21692
128.06,SYN.ETH-31JAN20,1577530746164,open,0.1,1.0,0.058,0.132,0.093011,69.71,0.108,0.0,ETH-31JAN20-130-P,127.55,67.23,0.09,144.0,0.097,260.0,72.99,0.15554,-0.16003,-0.06881,0.01466,-0.48596
128.06,SYN.ETH-31JAN20,1577530746164,open,0.01,111.0,0.003,0.031,0.013421,74.82,0.013,0.0,ETH-31JAN20-170-C,127.55,70.89,0.011,780.0,0.015,480.0,77.22,0.08228,-0.09087,0.01379,0.00723,0.12944
128.06,SYN.ETH-31JAN20,1577530746164,open,0.35,0.0,0.296,0.39,0.341053,74.94,None,0.0,ETH-31JAN20-170-P,127.55,39.67,0.328,240.0,1.326,1.0,500.0,0.08248,-0.09124,-0.14394,0.00723,-0.8701
128.06,SYN.ETH-31JAN20,1577530746164,open,0.03,93.0,0.011,0.056,0.030278,69.67,0.03,0.0,ETH-31JAN20-150-C,127.55,67.35,0.028,432.0,0.031,10.0,70.39,0.12688,-0.13047,0.02746,0.01197,0.26136
128.06,SYN.ETH-31JAN20,1577530746164,open,0.3,0.0,0.28,0.334,0.306811,87.51,None,0.0,ETH-31JAN20-90-C,127.55,0.0,0.289,37.0,0.321,37.0,114.82,0.05392,-0.06965,0.07374,0.00405,0.92731
128.47,SYN.ETH-28FEB20,1577530746176,open,0.02,724.0,0.008,0.043,0.022092,83.37,0.023,0.0,ETH-28FEB20-90-P,127.55,81.97,0.021,260.0,0.024,539.0,85.74,0.10167,-0.06849,-0.02951,0.00436,-0.11343
128.47,SYN.ETH-28FEB20,1577530746176,open,0.06,18.0,0.03,0.091,0.057725,76.35,0.057,0.0,ETH-28FEB20-110-P,127.55,74.29,0.055,260.0,0.061,726.0,78.8,0.17073,-0.10533,-0.06866,0.00799,-0.25752
128.47,SYN.ETH-28FEB20,1577530746176,open,0.04,260.0,0.016,0.063,0.036106,79.04,0.038,0.0,ETH-28FEB20-100-P,127.55,78.0,0.035,260.0,0.038,192.0,80.81,0.13661,-0.08725,-0.04609,0.00618,-0.17552
128.47,SYN.ETH-28FEB20,1577530746176,open,0.09,1.0,0.052,0.127,0.087716,74.46,0.096,0.0,ETH-28FEB20-120-P,127.55,72.03,0.084,432.0,0.092,240.0,77.26,0.19664,-0.11831,-0.0961,0.00944,-0.35352
128.47,SYN.ETH-28FEB20,1577530746179,open,0.3,0.0,0.243,0.35,0.295032,76.14,None,0.0,ETH-28FEB20-160-P,127.55,0.0,0.0,0.0,0.0,0.0,0.0,0.18206,-0.11201,-0.21814,0.00855,-0.70656
128.47,SYN.ETH-28FEB20,1577530746179,open,0.25,21.0,0.222,0.292,0.257646,78.96,0.267,0.0,ETH-28FEB20-100-C,127.55,0.0,0.0,0.0,0.0,0.0,0.0,0.13653,-0.08712,0.12349,0.00618,0.82464
128.47,SYN.ETH-28FEB20,1577530746179,open,0.09,4.0,0.051,0.124,0.086607,74.0,0.087,0.0,ETH-28FEB20-140-C,127.55,71.78,0.083,490.0,0.088,40.0,74.86,0.20926,-0.12513,0.0788,0.01011,0.44841
128.47,SYN.ETH-28FEB20,1577530746179,open,0.24,0.0,0.183,0.285,0.232897,74.94,None,0.0,ETH-28FEB20-150-P,127.55,0.0,0.0,0.0,0.0,0.0,0.0,0.19864,-0.12029,-0.18924,0.00947,-0.63601
128.47,SYN.ETH-28FEB20,1577530746179,open,0.13,50.0,0.086,0.173,0.127939,74.06,0.141,0.0,ETH-28FEB20-130-P,127.55,71.65,0.124,144.0,0.134,144.0,77.78,0.20967,-0.12548,-0.1269,0.01012,-0.45473
128.47,SYN.ETH-28FEB20,1577530746179,open,0.2,0.0,0.163,0.238,0.201419,76.28,None,0.0,ETH-28FEB20-110-C,127.55,70.64,0.194,48.0,0.205,48.0,78.96,0.17069,-0.10521,0.11786,0.008,0.74258
128.47,SYN.ETH-28FEB20,1577530746179,open,0.18,0.0,0.13,0.225,0.176451,74.07,None,0.0,ETH-28FEB20-140-P,127.55,71.95,0.173,144.0,0.184,144.0,78.7,0.20927,-0.12526,-0.15852,0.0101,-0.55142
128.47,SYN.ETH-28FEB20,1577530746179,open,0.32,20.0,0.291,0.352,0.321478,83.27,0.328,0.0,ETH-28FEB20-90-C,127.55,0.0,0.0,0.0,0.0,0.0,0.0,0.10155,-0.06833,0.12311,0.00436,0.88676
128.47,SYN.ETH-28FEB20,1577530746182,open,0.37,0.0,0.309,0.418,0.361664,77.76,None,0.0,ETH-28FEB20-170-P,127.55,0.0,0.0,0.0,0.0,0.0,0.0,0.16345,-0.10271,-0.24486,0.00751,-0.76262
128.47,SYN.ETH-28FEB20,1577530746182,open,0.44,0.0,0.377,0.49,0.431346,79.56,None,0.0,ETH-28FEB20-180-P,127.55,0.0,0.0,0.0,0.0,0.0,0.0,0.14507,-0.09327,-0.26963,0.00652,-0.80668
128.47,SYN.ETH-28FEB20,1577530746182,open,0.51,0.0,0.448,0.563,0.503254,81.54,None,0.0,ETH-28FEB20-190-P,127.55,0.0,0.0,0.0,0.0,0.0,0.0,0.12828,-0.08452,-0.29272,0.00562,-0.8408
132.73,SYN.ETH-25SEP20,1577530746433,open,0.82,0.0,0.714,0.905,0.807052,90.19,None,0.0,ETH-25SEP20-220-P,127.55,0.0,0.0,0.0,0.0,0.0,0.0,0.44181,-0.07328,-1.39364,0.00373,-0.60257
132.73,SYN.ETH-25SEP20,1577530746433,open,0.15,1.0,0.091,0.212,0.149552,90.19,0.137,0.0,ETH-25SEP20-220-C,127.55,86.09,0.136,110.0,0.161,110.0,93.61,0.44181,-0.07328,0.24506,0.00373,0.39743
130.81,ETH-26JUN20,1577530746475,open,0.34,1.0,0.295,0.388,0.342505,83.78,0.38,0.0,ETH-26JUN20-100-C,127.55,68.21,0.31,48.0,0.378,48.0,100.41,0.27724,-0.0642,0.27938,0.0039,0.77346
132.73,SYN.ETH-25SEP20,1577530746488,open,0.56,0.0,0.465,0.636,0.549231,86.98,None,0.0,ETH-25SEP20-180-P,127.55,0.0,0.0,0.0,0.0,0.0,0.0,0.45679,-0.07307,-1.04934,0.004,-0.51214
132.73,SYN.ETH-25SEP20,1577530746488,open,0.04,0.0,0.02,0.069,0.041575,91.43,None,0.0,ETH-25SEP20-60-P,127.55,87.82,0.037,170.0,0.046,170.0,94.8,0.17134,-0.02881,-0.12083,0.00143,-0.08064
132.73,SYN.ETH-25SEP20,1577530746488,open,0.09,20.0,0.05,0.125,0.085184,87.78,0.078,0.0,ETH-25SEP20-80-P,127.55,84.15,0.078,170.0,0.092,170.0,91.19,0.26414,-0.04264,-0.23008,0.00229,-0.14753
132.73,SYN.ETH-25SEP20,1577530746488,open,0.27,20.0,0.21,0.332,0.272082,86.41,0.276,0.0,ETH-25SEP20-140-C,127.55,81.54,0.256,160.0,0.292,160.0,92.5,0.43671,-0.0694,0.34243,0.00385,0.61844
132.73,SYN.ETH-25SEP20,1577530746488,open,0.33,0.0,0.256,0.4,0.326854,86.41,None,0.0,ETH-25SEP20-140-P,127.55,80.11,0.306,160.0,0.344,160.0,91.65,0.43671,-0.0694,-0.70038,0.00385,-0.38156
132.73,SYN.ETH-25SEP20,1577530746488,open,0.15,17.0,0.1,0.202,0.148815,86.41,0.148,0.0,ETH-25SEP20-100-P,127.55,83.4,0.141,170.0,0.157,170.0,89.57,0.3443,-0.05472,-0.37042,0.00304,-0.22586
132.73,SYN.ETH-25SEP20,1577530746490,open,0.23,0.0,0.17,0.295,0.231286,86.41,None,0.0,ETH-25SEP20-120-P,127.55,82.69,0.22,160.0,0.239,160.0,88.97,0.40166,-0.06383,-0.53089,0.00354,-0.3057
132.73,SYN.ETH-25SEP20,1577530746490,open,0.68,0.0,0.586,0.768,0.675522,88.55,None,0.0,ETH-25SEP20-200-P,127.55,0.0,0.0,0.0,0.0,0.0,0.0,0.45159,-0.07354,-1.22284,0.00389,-0.56135
132.73,SYN.ETH-25SEP20,1577530746490,open,0.17,8.0,0.108,0.231,0.168703,88.55,0.158,0.0,ETH-25SEP20-200-C,127.55,85.98,0.16,110.0,0.176,110.0,90.69,0.45159,-0.07354,0.26689,0.00389,0.43865
132.73,SYN.ETH-25SEP20,1577530746490,open,0.33,0.0,0.268,0.383,0.327195,86.41,None,0.0,ETH-25SEP20-120-C,127.55,80.43,0.309,160.0,0.349,160.0,93.66,0.40166,-0.06383,0.36295,0.00354,0.6943
130.81,ETH-26JUN20,1577530746494,open,0.34,1.0,0.295,0.388,0.342505,83.78,0.38,0.0,ETH-26JUN20-100-C,127.55,67.72,0.309,48.0,0.378,48.0,100.41,0.27724,-0.0642,0.27938,0.0039,0.77346
130.81,ETH-26JUN20,1577530746506,open,0.44,0.0,0.405,0.479,0.442158,85.66,None,0.0,ETH-26JUN20-80-C,127.55,66.8,0.416,49.0,0.469,49.0,102.72,0.19688,-0.04662,0.27606,0.00271,0.86799
130.81,ETH-26JUN20,1577530746529,open,0.44,0.0,0.405,0.479,0.442158,85.66,None,0.0,ETH-26JUN20-80-C,127.55,65.99,0.415,49.0,0.469,49.0,102.72,0.19688,-0.04662,0.27606,0.00271,0.86799
130.81,ETH-26JUN20,1577530746531,open,0.34,1.0,0.295,0.388,0.342505,83.78,0.38,0.0,ETH-26JUN20-100-C,127.55,67.72,0.309,48.0,0.376,48.0,99.47,0.27724,-0.0642,0.27938,0.0039,0.77346
7567.46,BTC-26JUN20,1577530746608,open,0.02,888.6,0.009,0.0595,0.02543238,88.87,0.0225,0.0,BTC-26JUN20-20000-C,7307.44,86.95,0.023,20.0,0.0275,8.0,90.43,9.8438,-2.41834,3.07255,4e-05,0.10737
7419.22,BTC-27MAR20,1577530746608,open,0.0,251.8,0.0005,0.0165,0.00405682,99.57,0.004,0.0,BTC-27MAR20-22000-C,7307.44,97.58,0.0035,43.0,0.0045,0.1,101.02,2.18137,-1.2083,0.39013,2e-05,0.02541
7323.29,SYN.BTC-10JAN20,1577530746608,open,0.01,53.4,0.0005,0.025,0.00673383,54.95,0.006,0.0,BTC-10JAN20-8250-C,7307.44,53.11,0.006,8.0,0.007,9.0,55.59,2.98659,-6.37254,0.3314,0.00029,0.13502
7314.57,SYN.BTC-3JAN20,1577530746608,open,0.08,4.8,0.061,0.1055,0.08129837,54.85,0.07,0.0,BTC-3JAN20-6750-C,7307.44,49.24,0.08,0.7,0.0835,0.7,62.94,1.82576,-8.52129,0.94376,0.00039,0.8828
7384.34,SYN.BTC-28FEB20,1577530746607,open,0.05,16.7,0.0265,0.076,0.04715649,61.97,0.0455,0.0,BTC-28FEB20-6500-P,7307.44,60.37,0.045,33.7,0.0495,19.3,63.7,9.96154,-4.98828,-3.9096,0.00017,-0.26516
7323.29,SYN.BTC-10JAN20,1577530746608,open,0.0,13.2,0.0005,0.0125,0.00292069,59.66,0.002,0.0,BTC-10JAN20-8750-C,7307.44,55.27,0.002,60.0,0.004,60.0,63.94,1.69564,-3.92816,0.15441,0.00015,0.06269
7680.73,SYN.BTC-25SEP20,1577530746607,open,0.05,5.5,0.024,0.103,0.05333504,86.06,0.0525,0.0,BTC-25SEP20-20000-C,7307.44,85.69,0.0525,0.6,0.054,20.0,86.36,17.36761,-2.74891,7.22157,5e-05,0.17956
7314.57,SYN.BTC-3JAN20,1577530746609,open,0.01,285.2,0.0005,0.028,0.00568862,47.84,0.0045,0.0,BTC-3JAN20-7750-C,7307.44,44.1,0.0045,55.6,0.006,0.1,48.77,2.41949,-9.84874,0.20308,0.00059,0.17816
7384.34,SYN.BTC-28FEB20,1577530746608,open,0.38,0.0,0.3385,0.417,0.3743121,65.2,None,0.0,BTC-28FEB20-10000-P,7307.44,0.0,0.0,0.0,0.0,0.0,0.0,7.39149,-3.89439,-15.20342,0.00012,-0.8402
7323.29,SYN.BTC-10JAN20,1577530746608,open,0.0,52.0,0.0005,0.018,0.00410422,56.35,0.0045,0.0,BTC-10JAN20-8500-C,7307.44,52.37,0.003,60.0,0.005,43.1,59.2,2.19106,-4.79441,0.21597,0.00021,0.08771
7323.29,SYN.BTC-10JAN20,1577530746608,open,0.0,82.7,0.0005,0.013,0.00333008,69.87,0.0035,0.0,BTC-10JAN20-6000-P,7307.44,68.28,0.003,0.3,0.004,45.5,72.86,1.5642,-4.24408,-0.15471,0.00012,-0.05656
7384.34,SYN.BTC-28FEB20,1577530746607,open,0.03,29.2,0.0135,0.053,0.02894782,63.93,0.032,0.0,BTC-28FEB20-6000-P,7307.44,62.58,0.0275,27.1,0.0305,20.3,65.37,7.94189,-4.10289,-2.59947,0.00013,-0.17871
7323.29,SYN.BTC-10JAN20,1577530746608,open,0.09,1.9,0.07,0.1185,0.09053593,55.21,0.0685,0.0,BTC-10JAN20-6750-C,7307.44,24.76,0.079,4.1,0.113,4.0,92.78,3.86253,-8.28107,1.83016,0.00037,0.79898
7323.29,SYN.BTC-10JAN20,1577530746608,open,0.02,295.1,0.0095,0.0485,0.02008415,52.11,0.021,0.0,BTC-10JAN20-7000-P,7307.44,50.46,0.019,24.0,0.022,24.4,55.01,4.81754,-9.74922,-0.83967,0.00049,-0.30495
7323.29,SYN.BTC-10JAN20,1577530746608,open,0.12,0.0,0.0985,0.1435,0.12009505,59.44,None,0.0,BTC-10JAN20-6500-C,7307.44,25.02,0.1125,3.1,0.139,3.0,97.31,2.9173,-6.73368,1.936,0.00026,0.86951
7680.73,SYN.BTC-25SEP20,1577530746607,open,0.07,2.0,0.039,0.1285,0.07440691,81.36,0.0725,0.0,BTC-25SEP20-16000-C,7307.44,79.9,0.0705,24.3,0.0775,0.1,82.49,20.78393,-3.10966,9.69126,6e-05,0.2438
7349.46,SYN.BTC-31JAN20,1577530746608,open,0.09,204.2,0.0685,0.121,0.09311532,56.26,0.087,0.0,BTC-31JAN20-7000-C,7307.44,53.07,0.0895,26.4,0.0935,0.5,56.6,8.34158,-6.92716,3.75951,0.0003,0.64428
7384.34,SYN.BTC-28FEB20,1577530746608,open,0.01,34.2,0.001,0.0255,0.01053945,71.77,0.0105,0.0,BTC-28FEB20-5000-P,7307.44,70.8,0.01,20.0,0.0115,24.2,73.45,4.13384,-2.39751,-1.02264,6e-05,-0.07115
7323.29,SYN.BTC-10JAN20,1577530746608,open,0.01,38.2,0.0005,0.0225,0.00767329,59.44,0.008,0.0,BTC-10JAN20-6500-P,7307.44,59.0,0.0075,1.4,0.0085,29.0,61.47,2.9172,-6.73326,-0.35691,0.00026,-0.13048
7384.34,SYN.BTC-28FEB20,1577530746607,open,0.15,0.0,0.117,0.19,0.15048617,60.68,None,0.0,BTC-28FEB20-8000-P,7307.44,40.69,0.119,4.0,0.19,4.0,84.93,11.89945,-5.83471,-9.11354,0.00021,-0.57754
7323.29,SYN.BTC-10JAN20,1577530746610,open,0.01,81.5,0.0025,0.034,0.01225179,55.21,0.012,0.0,BTC-10JAN20-6750-P,7307.44,53.77,0.0115,24.0,0.0135,27.0,57.55,3.86247,-8.28074,-0.55095,0.00037,-0.20102
7384.34,SYN.BTC-28FEB20,1577530746608,open,0.02,29.7,0.007,0.0365,0.01742675,67.17,0.019,0.0,BTC-28FEB20-5500-P,7307.44,66.0,0.0165,20.0,0.0185,24.2,68.5,5.87887,-3.19101,-1.65001,9e-05,-0.11438
7323.29,SYN.BTC-10JAN20,1577530746608,open,0.11,0.0,0.0805,0.137,0.10286066,52.58,None,0.0,BTC-10JAN20-8000-P,7307.44,0.0,0.0805,3.0,0.1295,3.0,95.02,3.83804,-7.83699,-2.33524,0.00039,-0.80109
7323.29,SYN.BTC-10JAN20,1577530746608,open,0.15,0.0,0.131,0.173,0.15108727,62.86,None,0.0,BTC-10JAN20-6250-C,7307.44,0.0,0.1465,3.1,0.1675,3.0,103.47,2.05528,-5.01666,1.98498,0.00017,0.91946
7323.29,SYN.BTC-10JAN20,1577530746608,open,0.02,80.2,0.0065,0.045,0.01641477,50.33,0.014,0.0,BTC-10JAN20-7750-C,7307.44,48.11,0.015,24.0,0.0175,2.0,52.0,4.71216,-9.20923,0.7081,0.00049,0.29052
7384.34,SYN.BTC-28FEB20,1577530746608,open,0.16,0.5,0.1385,0.199,0.1669174,61.97,0.1685,0.0,BTC-28FEB20-6500-C,7307.44,37.17,0.136,4.0,0.1955,4.0,82.57,9.96159,-4.98841,7.10931,0.00017,0.73484
7323.29,SYN.BTC-10JAN20,1577530746608,open,0.01,37.3,0.0005,0.0335,0.01045668,52.58,0.0085,0.0,BTC-10JAN20-8000-C,7307.44,49.74,0.009,26.5,0.0115,51.4,54.55,3.83814,-7.83744,0.48685,0.00039,0.19891
7323.29,SYN.BTC-10JAN20,1577530746608,open,0.01,57.2,0.0005,0.016,0.00452789,62.85,0.0045,0.0,BTC-10JAN20-6250-P,7307.44,60.92,0.004,50.0,0.0055,0.1,66.16,2.05514,-5.01613,-0.21974,0.00017,-0.08053
7384.34,SYN.BTC-28FEB20,1577530746609,open,0.26,0.0,0.2195,0.297,0.2551116,62.82,None,0.0,BTC-28FEB20-9000-P,7307.44,0.0,0.0,0.0,0.0,0.0,0.0,9.91044,-5.03081,-12.42566,0.00017,-0.7375
