underlying_price,underlying_index,timestamp,state,settlement_price,open_interest,min_price,max_price,mark_price,mark_iv,last_price,interest_rate,instrument_name,index_price,bid_iv,best_bid_price,best_bid_amount,best_ask_price,best_ask_amount,ask_iv,vega,theta,rho,gamma,delta
7222.88,SYN.BTC-3JAN20,1577789940018,open,0.0,133.7,0.0005,0.0105,0.0003659,106.85,0.0005,0.0,BTC-3JAN20-9000-C,7219.2,0.0,0.0,0.0,0.001,47.0,123.13,0.19365,-2.64288,0.00636,4e-05,0.01155
7222.88,SYN.BTC-3JAN20,1577789940018,open,0.24,4.0,0.222,0.275,0.24640599,106.85,0.2695,0.0,BTC-3JAN20-9000-P,7219.2,0.0,0.2255,3.0,0.2665,3.0,248.16,0.19369,-3.59848,-0.70271,4e-05,-0.98845
7222.88,SYN.BTC-3JAN20,1577789940020,open,0.28,0.0,0.256,0.3095,0.28089635,112.58,None,0.0,BTC-3JAN20-9250-P,7219.2,0.0,0.0005,3.0,0.0,0.0,0.0,0.13498,-2.642,-0.72456,3e-05,-0.99236
7222.88,SYN.BTC-3JAN20,1577789940020,open,0.0,147.3,0.0005,0.0105,0.00024403,112.57,0.0005,0.0,BTC-3JAN20-9250-C,7219.2,0.0,0.0,0.0,0.0005,10.3,123.02,0.13493,-1.76263,0.00421,3e-05,0.00764
7231.85,SYN.BTC-10JAN20,1577789940021,open,0.0,13.1,0.0005,0.011,0.00124952,68.53,0.002,0.0,BTC-10JAN20-9000-C,7219.2,66.13,0.001,100.0,0.0015,2.0,70.66,0.80459,-2.79172,0.05584,8e-05,0.02979
7231.85,SYN.BTC-10JAN20,1577789940021,open,0.24,0.0,0.2205,0.2745,0.24574554,68.54,None,0.0,BTC-10JAN20-9000-P,7219.2,0.0,0.0,0.0,0.0,0.0,0.0,0.80474,-2.79239,-2.37925,8e-05,-0.97021
7591.37,SYN.BTC-25SEP20,1577789940155,open,0.35,2.0,0.303,0.3945,0.3448817,74.91,0.346,0.0,BTC-25SEP20-6000-C,7219.2,71.07,0.3345,6.0,0.3695,6.0,84.01,20.52399,-2.859,22.88278,6e-05,0.75408
7591.37,SYN.BTC-25SEP20,1577789940155,open,0.13,4.5,0.0955,0.1865,0.13525235,74.91,0.134,0.0,BTC-25SEP20-6000-P,7219.2,72.41,0.1285,11.3,0.1375,19.5,75.74,20.52399,-2.859,-21.31596,6e-05,-0.24592
7591.37,SYN.BTC-25SEP20,1577789940155,open,0.59,1.0,0.527,0.6725,0.59290329,78.52,0.59,0.0,BTC-25SEP20-11000-P,7219.2,0.0,0.015,1.0,0.715,0.1,114.36,25.40826,-3.71006,-65.84088,8e-05,-0.58448
7591.37,SYN.BTC-25SEP20,1577789940155,open,0.28,0.9,0.2365,0.3385,0.28312977,74.91,0.2905,0.0,BTC-25SEP20-7000-C,7219.2,73.9,0.28,11.0,0.2935,6.0,78.26,23.51545,-3.27571,21.78999,7e-05,0.67278
7591.37,SYN.BTC-25SEP20,1577789940155,open,0.19,32.9,0.1435,0.252,0.19225909,74.98,0.1955,0.0,BTC-25SEP20-9000-C,7219.2,75.05,0.1925,25.5,0.2025,20.0,77.98,25.95056,-3.61854,18.48713,8e-05,0.52285
7591.37,SYN.BTC-25SEP20,1577789940155,open,0.23,29.8,0.184,0.2915,0.23284481,74.91,0.233,0.0,BTC-25SEP20-8000-C,7219.2,74.5,0.2315,19.4,0.24,23.8,77.06,25.25578,-3.51814,20.24126,8e-05,0.5948
7591.37,SYN.BTC-25SEP20,1577789940155,open,0.47,1.1,0.4145,0.551,0.47637332,74.98,0.4745,0.0,BTC-25SEP20-10000-P,7219.2,0.0,0.01,1.0,0.51,1.0,84.83,25.84647,-3.60402,-56.96968,8e-05,-0.54237
7591.37,SYN.BTC-25SEP20,1577789940155,open,0.04,19.9,0.0215,0.0685,0.03975226,76.2,0.038,0.0,BTC-25SEP20-4000-P,7219.2,75.34,0.0385,9.5,0.041,0.1,77.05,11.06912,-1.56857,-7.57272,3e-05,-0.09566
7591.37,SYN.BTC-25SEP20,1577789940157,open,0.14,32.3,0.0965,0.2055,0.14389042,78.52,0.1505,0.0,BTC-25SEP20-11000-C,7219.2,76.91,0.1385,27.0,0.149,22.0,80.05,25.40826,-3.71006,15.19015,8e-05,0.41552
7591.37,SYN.BTC-25SEP20,1577789940157,open,0.51,0.0,0.4875,0.5445,0.51283849,76.2,None,0.0,BTC-25SEP20-4000-C,7219.2,62.37,0.4945,6.0,0.5365,6.0,91.35,11.06912,-1.56857,21.89311,3e-05,0.90434
7591.37,SYN.BTC-25SEP20,1577789940157,open,0.29,2.5,0.232,0.353,0.28667235,74.91,0.29,0.0,BTC-25SEP20-8000-P,7219.2,72.01,0.277,5.1,0.29,0.1,75.91,25.25578,-3.51814,-38.6904,8e-05,-0.4052
7591.37,SYN.BTC-25SEP20,1577789940157,open,0.42,0.0,0.3855,0.462,0.42022247,74.91,None,0.0,BTC-25SEP20-5000-C,7219.2,63.47,0.3965,6.0,0.4515,6.0,89.21,16.2235,-2.25994,23.15105,5e-05,0.83421
7591.37,SYN.BTC-25SEP20,1577789940157,open,0.16,50.5,0.112,0.219,0.15908889,74.98,0.164,0.0,BTC-25SEP20-10000-C,7219.2,75.99,0.1625,26.1,0.173,21.1,79.06,25.84647,-3.60402,16.6949,8e-05,0.45763
7591.37,SYN.BTC-25SEP20,1577789940157,open,0.08,107.4,0.0495,0.119,0.07886468,74.91,0.0805,0.0,BTC-25SEP20-5000-P,7219.2,73.09,0.075,10.0,0.082,23.6,76.37,16.2235,-2.25994,-13.68124,5e-05,-0.16579
7591.37,SYN.BTC-25SEP20,1577789940158,open,0.38,1.3,0.319,0.449,0.37781507,74.98,0.361,0.0,BTC-25SEP20-9000-P,7219.2,67.0,0.3505,5.0,0.395,1.0,80.02,25.95056,-3.61854,-47.81099,8e-05,-0.47715
132.03,SYN.ETH-31JAN20,1577789940162,open,0.09,92.0,0.055,0.121,0.084897,66.94,0.098,0.0,ETH-31JAN20-130-C,131.42,64.4,0.082,603.0,0.087,144.0,68.78,0.15082,-0.16348,0.05421,0.01528,0.57029
132.03,SYN.ETH-31JAN20,1577789940162,open,0.17,144.0,0.129,0.215,0.1688,67.8,0.148,0.0,ETH-31JAN20-150-P,131.42,67.0,0.168,48.0,0.173,240.0,71.96,0.13182,-0.14473,-0.09796,0.01318,-0.70827
132.03,SYN.ETH-31JAN20,1577789940162,open,0.19,0.0,0.156,0.219,0.18799,73.33,None,0.0,ETH-31JAN20-110-C,131.42,24.65,0.167,37.0,0.212,37.0,102.97,0.09638,-0.11446,0.07195,0.00891,0.83216
132.03,SYN.ETH-31JAN20,1577789940164,open,0.02,273.0,0.003,0.031,0.013408,72.49,0.016,0.0,ETH-31JAN20-170-C,131.42,70.24,0.012,830.0,0.015,880.0,74.93,0.08428,-0.09894,0.01382,0.00788,0.13714
132.59,SYN.ETH-28FEB20,1577789940176,open,0.07,26.0,0.042,0.111,0.074323,76.14,0.076,0.0,ETH-28FEB20-120-P,131.42,75.21,0.073,350.0,0.076,192.0,77.31,0.1894,-0.12247,-0.08346,0.00877,-0.31589
132.59,SYN.ETH-28FEB20,1577789940176,open,0.05,19.0,0.023,0.078,0.047413,77.43,0.052,0.0,ETH-28FEB20-110-P,131.42,76.25,0.046,350.0,0.049,192.0,78.74,0.15962,-0.10496,-0.05821,0.00727,-0.22477
132.59,SYN.ETH-28FEB20,1577789940176,open,0.17,0.0,0.13,0.207,0.169294,76.14,None,0.0,ETH-28FEB20-120-C,131.42,71.72,0.163,240.0,0.17,144.0,76.64,0.1894,-0.12247,0.11011,0.00877,0.68411
132.59,SYN.ETH-28FEB20,1577789940179,open,0.26,0.0,0.212,0.317,0.263127,77.13,None,0.0,ETH-28FEB20-160-P,131.42,20.06,0.207,1.0,0.0,0.0,0.0,0.19185,-0.12566,-0.20048,0.00877,-0.67424
132.59,SYN.ETH-28FEB20,1577789940179,open,0.13,7.0,0.089,0.167,0.128652,75.05,0.128,0.0,ETH-28FEB20-130-C,131.42,73.36,0.126,350.0,0.13,144.0,75.91,0.20754,-0.13228,0.09773,0.00975,0.58559
132.59,SYN.ETH-28FEB20,1577789940182,open,0.04,269.0,0.013,0.062,0.033616,79.75,0.034,0.0,ETH-28FEB20-180-C,131.42,79.22,0.033,350.0,0.034,192.0,80.07,0.15498,-0.10496,0.03848,0.00685,0.21352
137.32,SYN.ETH-25SEP20,1577789940488,open,0.21,20.0,0.145,0.272,0.208606,89.03,0.254,0.0,ETH-25SEP20-180-C,131.42,86.52,0.2,350.0,0.211,445.0,89.73,0.47002,-0.07782,0.30603,0.0038,0.51113
137.32,SYN.ETH-25SEP20,1577789940488,open,0.4,0.0,0.326,0.481,0.40245,86.55,None,0.0,ETH-25SEP20-160-P,131.42,19.99,0.184,1.0,0.448,1.0,100.15,0.46379,-0.07465,-0.84636,0.00386,-0.43421
137.32,SYN.ETH-25SEP20,1577789940488,open,0.3,0.0,0.233,0.373,0.30233,86.55,None,0.0,ETH-25SEP20-140-P,131.42,83.97,0.294,350.0,0.304,160.0,87.07,0.44297,-0.07129,-0.67495,0.00368,-0.36489
137.32,SYN.ETH-25SEP20,1577789940490,open,0.21,189.0,0.153,0.274,0.212572,86.55,0.199,0.0,ETH-25SEP20-120-P,131.42,83.64,0.204,769.0,0.215,160.0,87.37,0.40354,-0.06495,-0.50855,0.00336,-0.29015
132.59,SYN.ETH-28FEB20,1577789940635,open,0.02,29.0,0.006,0.045,0.021404,83.17,0.021,0.0,ETH-28FEB20-200-C,131.42,82.72,0.021,350.0,0.022,240.0,83.82,0.12067,-0.08523,0.02617,0.00512,0.14376
132.59,SYN.ETH-28FEB20,1577789940635,open,0.01,520.0,0.001,0.025,0.010511,90.61,0.009,0.0,ETH-28FEB20-80-P,131.42,87.26,0.009,850.0,0.012,340.0,93.7,0.06191,-0.04764,-0.01469,0.00241,-0.05817
132.59,SYN.ETH-28FEB20,1577789940635,open,0.41,0.0,0.383,0.432,0.407158,90.61,None,0.0,ETH-28FEB20-80-C,131.42,51.02,0.397,42.0,0.421,42.0,114.8,0.06191,-0.04764,0.11435,0.00241,0.94183
7222.88,SYN.BTC-3JAN20,1577789940707,open,0.01,402.0,0.0005,0.0275,0.00584923,48.79,0.0065,0.0,BTC-3JAN20-7000-P,7219.2,45.56,0.005,70.0,0.0065,0.1,51.19,1.93727,-16.43432,-0.13308,0.00097,-0.22801
133.15,ETH-27MAR20,1577789941346,open,0.36,0.0,0.323,0.389,0.356242,86.04,None,0.0,ETH-27MAR20-90-C,131.42,66.91,0.339,43.0,0.383,43.0,110.2,0.13487,-0.06679,0.16392,0.00371,0.87346
133.15,ETH-27MAR20,1577789941346,open,0.03,0.0,0.013,0.058,0.032172,86.04,None,0.0,ETH-27MAR20-90-P,131.42,83.88,0.03,320.0,0.034,240.0,87.84,0.13487,-0.06679,-0.0503,0.00371,-0.12654
133.15,ETH-27MAR20,1577789941346,open,0.17,1.0,0.122,0.21,0.16675,80.93,0.152,0.0,ETH-27MAR20-130-C,131.42,78.94,0.163,350.0,0.17,144.0,82.65,0.25067,-0.11675,0.13788,0.00734,0.60182
133.15,ETH-27MAR20,1577789941346,open,0.01,2.0,0.003,0.028,0.01255,95.22,0.01,0.0,ETH-27MAR20-70-P,131.42,90.12,0.01,978.0,0.015,240.0,99.68,0.07018,-0.03846,-0.02078,0.00175,-0.05301
133.15,ETH-27MAR20,1577789941346,open,0.49,0.0,0.464,0.511,0.486827,95.22,None,0.0,ETH-27MAR20-70-C,131.42,64.59,0.476,46.0,0.503,46.0,120.41,0.07018,-0.03846,0.14583,0.00175,0.94699
133.15,ETH-27MAR20,1577789941346,open,0.25,0.0,0.205,0.287,0.246946,81.57,None,0.0,ETH-27MAR20-110-C,131.42,76.4,0.239,44.0,0.284,44.0,105.08,0.20581,-0.09662,0.15987,0.00598,0.7514
133.15,ETH-27MAR20,1577789941346,open,0.14,1.0,0.097,0.192,0.143093,80.93,0.132,0.0,ETH-27MAR20-130-P,131.42,79.28,0.14,350.0,0.147,512.0,83.0,0.25067,-0.11675,-0.17154,0.00734,-0.39818
133.15,ETH-27MAR20,1577789941346,open,0.07,90.0,0.04,0.111,0.073082,81.57,0.08,0.0,ETH-27MAR20-110-P,131.42,79.57,0.07,922.0,0.076,192.0,83.46,0.20581,-0.09662,-0.10195,0.00598,-0.2486
7231.85,SYN.BTC-10JAN20,1577789941407,open,0.03,180.1,0.018,0.063,0.03033197,48.06,0.0295,0.0,BTC-10JAN20-7250-C,7219.2,46.03,0.029,1.1,0.0305,1.0,48.32,4.74551,-11.5478,0.9251,0.0007,0.50312
7231.85,SYN.BTC-10JAN20,1577789941407,open,0.05,89.8,0.034,0.0825,0.05075916,49.92,0.05,0.0,BTC-10JAN20-7000-C,7219.2,47.81,0.0495,10.0,0.0515,39.0,51.16,4.31189,-10.89899,1.2102,0.00061,0.66925
131.62,SYN.ETH-10JAN20,1577789941610,open,0.05,789.0,0.019,0.074,0.045856,60.45,0.043,0.0,ETH-10JAN20-130-C,131.42,57.58,0.044,593.0,0.047,180.0,62.22,0.08507,-0.26038,0.01863,0.03002,0.56907
131.62,SYN.ETH-10JAN20,1577789941610,open,0.24,0.0,0.218,0.268,0.242729,97.81,None,0.0,ETH-10JAN20-100-C,131.42,0.0,0.24,1.0,0.255,33.0,151.58,0.01746,-0.08647,0.02565,0.00381,0.96312
131.62,SYN.ETH-10JAN20,1577789941610,open,0.0,291.0,0.001,0.011,0.001501,117.79,0.001,0.0,ETH-10JAN20-90-P,131.42,110.61,0.001,350.0,0.002,429.0,123.57,0.01038,-0.0619,-0.00076,0.00188,-0.01977
131.62,SYN.ETH-10JAN20,1577789941610,open,0.0,78.0,0.001,0.017,0.004529,78.96,0.004,0.0,ETH-10JAN20-110-P,131.42,76.6,0.004,350.0,0.005,316.0,80.96,0.03035,-0.12132,-0.0028,0.0082,-0.07404
131.62,SYN.ETH-10JAN20,1577789941610,open,0.17,0.0,0.14,0.197,0.168768,78.96,None,0.0,ETH-10JAN20-110-C,131.42,0.0,0.164,1.0,0.185,32.0,127.38,0.03035,-0.12132,0.02696,0.0082,0.92596
131.62,SYN.ETH-10JAN20,1577789941610,open,0.08,227.0,0.047,0.116,0.080551,60.72,0.075,0.0,ETH-10JAN20-140-P,131.42,57.92,0.079,350.0,0.085,410.0,68.52,0.07349,-0.22594,-0.02833,0.02582,-0.71507
131.62,SYN.ETH-10JAN20,1577789941610,open,0.01,274.0,0.002,0.031,0.011594,66.52,0.011,0.0,ETH-10JAN20-120-P,131.42,65.15,0.011,348.0,0.012,241.0,67.44,0.05765,-0.19415,-0.00698,0.01849,-0.18428
131.62,SYN.ETH-10JAN20,1577789941610,open,0.03,118.0,0.011,0.063,0.033573,60.45,0.037,0.0,ETH-10JAN20-130-P,131.42,58.02,0.032,350.0,0.035,50.0,62.66,0.08507,-0.26038,-0.01654,0.03002,-0.43093
131.62,SYN.ETH-10JAN20,1577789941610,open,0.01,2346.0,0.001,0.02,0.005716,63.81,0.005,0.0,ETH-10JAN20-150-C,131.42,61.53,0.005,350.0,0.006,300.0,64.69,0.04239,-0.13695,0.00394,0.01417,0.11642
131.62,SYN.ETH-10JAN20,1577789941610,open,0.32,0.0,0.296,0.341,0.317697,117.79,None,0.0,ETH-10JAN20-90-C,131.42,0.0,0.316,1.0,0.327,35.0,177.21,0.01038,-0.0619,0.02359,0.00188,0.98023
131.62,SYN.ETH-10JAN20,1577789941610,open,0.14,1.0,0.109,0.184,0.145389,63.81,0.15,0.0,ETH-10JAN20-150-P,131.42,55.5,0.143,60.0,0.15,60.0,76.39,0.04239,-0.13695,-0.03664,0.01417,-0.88358
131.62,SYN.ETH-10JAN20,1577789941610,open,0.02,747.0,0.003,0.039,0.016856,60.72,0.017,0.0,ETH-10JAN20-140-C,131.42,59.18,0.016,350.0,0.018,240.0,62.76,0.07349,-0.22594,0.00955,0.02582,0.28493
131.62,SYN.ETH-10JAN20,1577789941610,open,0.0,43.0,0.001,0.012,0.002511,97.81,0.003,0.0,ETH-10JAN20-100-P,131.42,93.7,0.002,370.0,0.003,325.0,101.31,0.01746,-0.08647,-0.0014,0.00381,-0.03688
131.62,SYN.ETH-10JAN20,1577789941612,open,0.0,321.0,0.001,0.012,0.002455,70.65,0.003,0.0,ETH-10JAN20-160-C,131.42,67.92,0.002,350.0,0.003,302.0,73.58,0.02317,-0.08287,0.00178,0.007,0.05238
131.62,SYN.ETH-10JAN20,1577789941612,open,0.21,0.0,0.181,0.258,0.218106,70.65,None,0.0,ETH-10JAN20-160-P,131.42,0.0,0.0,0.0,0.0,0.0,0.0,0.02317,-0.08287,-0.04151,0.007,-0.94762
137.32,SYN.ETH-25SEP20,1577789941761,open,0.11,1.0,0.059,0.17,0.110811,93.09,0.097,0.0,ETH-25SEP20-280-C,131.42,91.83,0.107,350.0,0.115,110.0,94.46,0.41656,-0.07211,0.20279,0.00322,0.31128
137.32,SYN.ETH-25SEP20,1577789941761,open,0.05,80.0,0.02,0.101,0.052863,102.16,0.05,0.0,ETH-25SEP20-480-C,131.42,100.78,0.05,350.0,0.056,500.0,103.64,0.28839,-0.05479,0.10978,0.00203,0.16138
137.32,SYN.ETH-25SEP20,1577789941761,open,1.41,0.0,1.315,1.538,1.421427,94.88,None,0.0,ETH-25SEP20-320-P,131.42,0.0,0.0,0.0,0.0,0.0,0.0,0.38517,-0.06796,-2.18262,0.00292,-0.73618
137.32,SYN.ETH-25SEP20,1577789941761,open,0.08,1.0,0.036,0.133,0.07828,97.17,0.067,0.0,ETH-25SEP20-360-C,131.42,95.91,0.075,350.0,0.082,489.0,98.59,0.35797,-0.06469,0.15357,0.00265,0.23009
137.32,SYN.ETH-25SEP20,1577789941761,open,0.07,1.0,0.029,0.12,0.067478,98.87,0.067,0.0,ETH-25SEP20-400-C,131.42,97.41,0.064,350.0,0.071,496.0,100.31,0.33162,-0.06097,0.13575,0.00241,0.20167
137.32,SYN.ETH-25SEP20,1577789941761,open,1.69,0.0,1.587,1.825,1.699818,97.17,None,0.0,ETH-25SEP20-360-P,131.42,0.0,0.0,0.0,0.0,0.0,0.0,0.35797,-0.06469,-2.49835,0.00265,-0.76991
137.32,SYN.ETH-25SEP20,1577789941761,open,0.06,42.0,0.024,0.11,0.059296,100.55,0.057,0.0,ETH-25SEP20-440-C,131.42,99.07,0.056,350.0,0.063,500.0,102.18,0.30859,-0.0577,0.12146,0.00221,0.17937
137.32,SYN.ETH-25SEP20,1577789941761,open,0.14,2.0,0.081,0.199,0.137358,90.87,0.122,0.0,ETH-25SEP20-240-C,131.42,89.52,0.133,350.0,0.142,110.0,92.3,0.44589,-0.07535,0.23763,0.00353,0.37226
137.32,SYN.ETH-25SEP20,1577789941761,open,2.54,0.0,2.417,2.696,2.548248,102.16,None,0.0,ETH-25SEP20-480-P,131.42,0.0,0.0,0.0,0.0,0.0,0.0,0.28839,-0.05479,-3.42612,0.00203,-0.83862
7294.59,SYN.BTC-28FEB20,1577789941887,open,0.26,0.0,0.2415,0.2905,0.26406116,67.56,None,0.0,BTC-28FEB20-5500-C,7219.2,42.4,0.249,7.1,0.285,7.0,90.36,5.85067,-3.35666,7.25077,0.0001,0.88029
7294.59,SYN.BTC-28FEB20,1577789941887,open,0.02,42.1,0.007,0.0375,0.01804556,67.56,0.0165,0.0,BTC-28FEB20-5500-P,7219.2,66.87,0.0175,34.0,0.0185,1.0,68.12,5.85075,-3.35674,-1.62094,0.0001,-0.11971
7294.59,SYN.BTC-28FEB20,1577789941887,open,0.08,21.2,0.0525,0.1145,0.0798554,63.07,0.077,0.0,BTC-28FEB20-7000-P,7219.2,61.86,0.078,16.5,0.0825,25.5,64.79,11.20849,-6.00351,-5.48311,0.00021,-0.38614
7294.59,SYN.BTC-28FEB20,1577789941887,open,0.33,0.0,0.306,0.3485,0.3254882,72.44,None,0.0,BTC-28FEB20-5000-C,7219.2,0.0,0.3145,7.2,0.342,7.0,96.14,4.12243,-2.53608,7.06098,7e-05,0.92559
7294.59,SYN.BTC-28FEB20,1577789941887,open,0.21,0.0,0.182,0.238,0.20834813,64.9,None,0.0,BTC-28FEB20-6000-C,7219.2,50.12,0.1935,4.1,0.2335,7.0,86.5,7.93611,-4.37382,7.08571,0.00014,0.81055
7294.59,SYN.BTC-28FEB20,1577789941887,open,0.03,34.1,0.015,0.0555,0.03087656,64.9,0.031,0.0,BTC-28FEB20-6000-P,7219.2,64.09,0.03,29.3,0.032,0.1,65.93,7.93616,-4.37389,-2.59252,0.00014,-0.18946
7294.59,SYN.BTC-28FEB20,1577789941890,open,0.16,0.5,0.1315,0.193,0.16018924,63.65,0.1685,0.0,BTC-28FEB20-6500-C,7219.2,60.17,0.1555,18.0,0.162,8.0,64.98,9.88422,-5.34282,6.57162,0.00018,0.7187
7294.59,SYN.BTC-28FEB20,1577789941890,open,0.12,2.0,0.091,0.1545,0.12023889,63.07,0.12,0.0,BTC-28FEB20-7000-C,7219.2,59.98,0.1155,10.0,0.1215,22.4,63.89,11.20848,-6.00346,5.80813,0.00021,0.61386
7294.59,SYN.BTC-28FEB20,1577789941890,open,0.01,39.7,0.001,0.026,0.01092856,72.44,0.01,0.0,BTC-28FEB20-5000-P,7219.2,71.68,0.0105,10.0,0.0115,0.3,73.44,4.12254,-2.53618,-1.00422,7e-05,-0.07442
7294.59,SYN.BTC-28FEB20,1577789941892,open,0.05,31.8,0.029,0.0815,0.05126171,63.65,0.051,0.0,BTC-28FEB20-6500-P,7219.2,62.35,0.0495,50.2,0.0535,31.9,65.3,9.88424,-5.34288,-3.91311,0.00018,-0.2813
7294.59,SYN.BTC-28FEB20,1577789941892,open,0.09,26.9,0.06,0.1225,0.08840027,62.86,0.0875,0.0,BTC-28FEB20-7500-C,7219.2,61.36,0.086,17.4,0.0895,23.4,63.55,11.68625,-6.2387,4.91927,0.00022,0.50648
7294.59,SYN.BTC-28FEB20,1577789941892,open,0.16,3.0,0.1265,0.201,0.16058201,62.86,0.1605,0.0,BTC-28FEB20-8000-P,7219.2,60.23,0.1565,6.0,0.1725,6.0,70.47,11.35765,-6.06335,-8.88574,0.00021,-0.5946
7294.59,SYN.BTC-28FEB20,1577789941892,open,0.02,77.5,0.007,0.042,0.01938099,67.84,0.0205,0.0,BTC-28FEB20-10000-C,7219.2,66.9,0.0185,71.1,0.02,2.5,68.48,6.93595,-3.99587,1.57794,0.00012,0.15349
7294.59,SYN.BTC-28FEB20,1577789941892,open,0.33,0.0,0.292,0.371,0.32813073,66.51,None,0.0,BTC-28FEB20-9500-P,7219.2,0.0,0.0,0.0,0.0,0.0,0.0,8.1073,-4.57943,-13.31889,0.00014,-0.80381
7294.59,SYN.BTC-28FEB20,1577789941892,open,0.03,28.6,0.0105,0.051,0.02579404,66.51,0.0265,0.0,BTC-28FEB20-9500-C,7219.2,65.34,0.0245,49.7,0.027,6.0,67.59,8.10717,-4.57929,2.00488,0.00014,0.19618
7294.59,SYN.BTC-28FEB20,1577789941892,open,0.27,0.0,0.232,0.31,0.26780855,64.71,None,0.0,BTC-28FEB20-9000-P,7219.2,0.0,0.0,0.0,0.0,0.0,0.0,9.28477,-5.10217,-11.99086,0.00017,-0.75127
7294.59,SYN.BTC-28FEB20,1577789941892,open,0.05,217.2,0.025,0.077,0.04687838,63.93,0.046,0.0,BTC-28FEB20-8500-C,7219.2,63.32,0.046,0.5,0.0475,4.0,64.36,10.47924,-5.68963,3.21566,0.00019,0.32017
7294.59,SYN.BTC-28FEB20,1577789941892,open,0.11,5.6,0.085,0.155,0.11656082,62.86,0.1155,0.0,BTC-28FEB20-7500-P,7219.2,61.89,0.115,10.0,0.12,7.0,65.01,11.68625,-6.23876,-7.17847,0.00022,-0.49352
7294.59,SYN.BTC-28FEB20,1577789941892,open,0.03,40.3,0.016,0.0615,0.0340159,64.71,0.0345,0.0,BTC-28FEB20-9000-C,7219.2,63.9,0.033,37.2,0.035,3.0,65.48,9.28469,-5.10206,2.5264,0.00017,0.24873
7294.59,SYN.BTC-28FEB20,1577789941892,open,0.39,0.0,0.3545,0.4335,0.39026172,67.84,None,0.0,BTC-28FEB20-10000-P,7219.2,0.0,0.0,0.0,0.0,0.0,0.0,6.93613,-3.99605,-14.55233,0.00012,-0.84651
135.3,ETH-26JUN20,1577789942049,open,0.46,0.0,0.423,0.494,0.458416,87.78,None,0.0,ETH-26JUN20-80-C,131.42,66.22,0.431,49.0,0.48,49.0,102.37,0.1914,-0.04723,0.2765,0.00244,0.87777
133.15,ETH-27MAR20,1577789942091,open,0.03,7984.0,0.009,0.057,0.027645,93.29,0.028,0.0,ETH-27MAR20-240-C,131.42,92.7,0.027,336.0,0.028,240.0,93.61,0.14667,-0.07875,0.03656,0.00373,0.14299
135.3,ETH-26JUN20,1577789942091,open,0.18,203.0,0.12,0.229,0.174209,85.4,0.183,0.0,ETH-26JUN20-160-C,131.42,83.89,0.17,157.0,0.179,180.0,87.12,0.37675,-0.09044,0.21924,0.00495,0.50672
135.3,ETH-26JUN20,1577789942095,open,0.02,295.0,0.005,0.048,0.018922,110.36,0.017,0.0,ETH-26JUN20-560-C,131.42,108.3,0.017,350.0,0.021,670.0,112.46,0.13009,-0.04036,0.03523,0.00132,0.07236
132.03,SYN.ETH-31JAN20,1577789942095,open,0.01,1862.0,0.001,0.024,0.009103,75.44,0.01,0.0,ETH-31JAN20-180-C,131.42,73.15,0.008,570.0,0.01,240.0,77.21,0.06559,-0.08013,0.00975,0.0059,0.09636
133.15,ETH-27MAR20,1577789942099,open,0.29,4564.0,0.236,0.354,0.294131,82.53,0.375,0.0,ETH-27MAR20-160-P,131.42,78.19,0.286,144.0,0.3,144.0,85.64,0.25087,-0.11916,-0.28356,0.0072,-0.6006
135.3,ETH-26JUN20,1577789942105,open,0.22,695.0,0.164,0.272,0.21907,84.52,0.233,0.0,ETH-26JUN20-140-C,131.42,83.02,0.215,146.0,0.223,180.0,85.98,0.36636,-0.08704,0.24704,0.00486,0.59373
133.15,ETH-27MAR20,1577789942144,open,0.0,5912.0,0.001,0.011,0.001921,120.0,0.005,0.0,ETH-27MAR20-600-C,131.42,126.29,0.003,350.0,0.005,350.0,134.63,0.01932,-0.01334,0.00299,0.00038,0.01134
133.15,ETH-27MAR20,1577789942156,open,0.02,1036.0,0.007,0.041,0.020568,90.26,0.022,0.0,ETH-27MAR20-80-P,131.42,88.15,0.019,320.0,0.022,24.0,92.13,0.1004,-0.05216,-0.03322,0.00264,-0.08424
133.15,ETH-27MAR20,1577789942156,open,1.12,161.0,1.049,1.204,1.121333,99.08,1.397,0.0,ETH-27MAR20-280-P,131.42,0.0,0.002,50.0,0.0,0.0,0.0,0.11189,-0.0638,-0.6414,0.00268,-0.90252
132.03,SYN.ETH-31JAN20,1577789942156,open,0.23,1.0,0.19,0.278,0.232515,70.02,0.148,0.0,ETH-31JAN20-160-P,131.42,48.54,0.218,240.0,1.21,1.0,500.0,0.10752,-0.12191,-0.11532,0.01041,-0.79998
131.48,SYN.ETH-3JAN20,1577789942156,open,0.0,345.0,0.001,0.011,0.000478,100.47,0.001,0.0,ETH-3JAN20-160-C,131.42,0.0,0.0,0.0,0.001,351.0,112.1,0.00455,-0.06288,0.00016,0.00332,0.0155
131.48,SYN.ETH-3JAN20,1577789942156,open,0.0,961.0,0.001,0.021,0.00445,87.97,0.004,0.0,ETH-3JAN20-120-P,131.42,85.28,0.004,4.0,0.005,1051.0,91.13,0.02242,-0.34299,-0.00122,0.01872,-0.11337
132.03,SYN.ETH-31JAN20,1577789942156,open,0.0,1797.0,0.001,0.011,0.001985,105.14,0.004,0.0,ETH-31JAN20-260-C,131.42,96.29,0.001,354.0,0.003,350.0,111.51,0.01824,-0.03105,0.00196,0.00118,0.01955
132.03,SYN.ETH-31JAN20,1577789942156,open,0.81,0.0,0.766,0.882,0.820674,100.65,None,0.0,ETH-31JAN20-240-P,131.42,0.0,0.011,3.0,0.0,0.0,0.0,0.02544,-0.04146,-0.20011,0.00171,-0.97096
132.03,SYN.ETH-31JAN20,1577789942156,open,0.11,425.0,0.079,0.158,0.113642,66.95,0.102,0.0,ETH-31JAN20-140-P,131.42,65.51,0.112,144.0,0.12,494.0,72.53,0.15006,-0.16271,-0.07754,0.0152,-0.5806
133.15,ETH-27MAR20,1577789942158,open,1.71,7.0,1.628,1.812,1.714478,110.11,1.702,0.0,ETH-27MAR20-360-P,131.42,0.0,0.01,30.0,0.0,0.0,0.0,0.07403,-0.04692,-0.84229,0.00159,-0.94329
133.15,ETH-27MAR20,1577789942161,open,0.68,30.0,0.623,0.761,0.688654,91.13,0.306,0.0,ETH-27MAR20-220-P,131.42,0.0,0.001,9.0,0.0,0.0,0.0,0.17173,-0.09006,-0.47744,0.00447,-0.81785
135.3,ETH-26JUN20,1577789942161,open,0.08,567.0,0.041,0.131,0.08171,90.85,0.077,0.0,ETH-26JUN20-240-C,131.42,89.69,0.079,350.0,0.085,140.0,92.25,0.31726,-0.08102,0.12992,0.00391,0.27875
133.15,ETH-27MAR20,1577789942161,open,0.14,654.0,0.093,0.181,0.136895,81.35,0.13,0.0,ETH-27MAR20-140-C,131.42,79.35,0.133,576.0,0.139,144.0,82.44,0.25848,-0.12102,0.12418,0.00753,0.52872
133.15,ETH-27MAR20,1577789942161,open,0.01,1564.0,0.003,0.036,0.013938,105.25,0.011,0.0,ETH-27MAR20-320-C,131.42,103.84,0.013,1.0,0.015,850.0,106.78,0.09045,-0.05479,0.01884,0.00204,0.0734
135.3,ETH-26JUN20,1577789942161,open,3.15,0.0,3.024,3.309,3.157873,110.36,None,0.0,ETH-26JUN20-560-P,131.42,0.0,0.01,50.0,0.0,0.0,0.0,0.13009,-0.04036,-2.69382,0.00132,-0.92764
135.3,ETH-26JUN20,1577789942161,open,3.73,0.0,3.597,3.911,3.744684,112.5,None,0.0,ETH-26JUN20-640-P,131.42,0.0,0.01,50.0,0.0,0.0,0.0,0.10714,-0.03388,-3.09128,0.00107,-0.94363
135.3,ETH-26JUN20,1577789942161,open,0.14,2386.0,0.089,0.196,0.141533,86.89,0.14,0.0,ETH-26JUN20-180-C,131.42,84.87,0.136,345.0,0.148,515.0,89.24,0.37157,-0.09075,0.19254,0.00479,0.43354
135.3,ETH-26JUN20,1577789942161,open,0.72,0.0,0.641,0.808,0.721995,89.2,None,0.0,ETH-26JUN20-220-P,131.42,0.0,0.625,50.0,0.0,0.0,0.0,0.33751,-0.08462,-0.92481,0.00424,-0.6806
133.15,ETH-27MAR20,1577789942161,open,2.3,0.0,2.21,2.426,2.311516,117.95,None,0.0,ETH-27MAR20-440-P,131.42,0.0,0.003,50.0,0.0,0.0,0.0,0.05227,-0.03548,-1.03782,0.00105,-0.96323
132.03,SYN.ETH-31JAN20,1577789942161,open,0.01,1514.0,0.001,0.016,0.00496,82.43,0.006,0.0,ETH-31JAN20-200-C,131.42,79.2,0.004,970.0,0.006,240.0,85.54,0.04176,-0.05575,0.00542,0.00344,0.05345
133.15,ETH-27MAR20,1577789942163,open,0.07,2460.0,0.032,0.104,0.06528,85.17,0.075,0.0,ETH-27MAR20-180-C,131.42,84.42,0.064,1.0,0.067,192.0,86.18,0.22664,-0.11109,0.07512,0.00631,0.3023
133.15,ETH-27MAR20,1577789942163,open,0.0,2340.0,0.001,0.015,0.003778,120.0,0.004,0.0,ETH-27MAR20-520-C,131.42,120.89,0.004,360.0,0.006,590.0,127.67,0.03273,-0.0226,0.00545,0.00065,0.02096
135.3,ETH-26JUN20,1577789942163,open,0.85,4.0,0.772,0.946,0.855546,90.85,0.934,0.0,ETH-26JUN20-240-P,131.42,0.0,0.01,50.0,0.0,0.0,0.0,0.31726,-0.08102,-1.03967,0.00391,-0.72125
135.3,ETH-26JUN20,1577789942163,open,0.01,636.0,0.003,0.039,0.014455,112.5,0.015,0.0,ETH-26JUN20-640-C,131.42,110.61,0.013,350.0,0.016,120.0,114.39,0.10714,-0.03388,0.02764,0.00107,0.05637
131.48,SYN.ETH-3JAN20,1577789942163,open,0.0,432.0,0.001,0.011,0.000959,80.3,0.001,0.0,ETH-3JAN20-150-C,131.42,0.0,0.0,0.0,0.002,650.0,92.39,0.00899,-0.12553,0.00035,0.00822,0.03487
131.48,SYN.ETH-3JAN20,1577789942163,open,0.02,980.0,0.001,0.043,0.017014,63.0,0.017,0.0,ETH-3JAN20-130-P,131.42,57.15,0.015,180.0,0.019,666.0,68.75,0.04534,-0.49667,-0.00441,0.05284,-0.40904
135.3,ETH-26JUN20,1577789942168,open,2.56,0.0,2.452,2.706,2.571088,105.88,None,0.0,ETH-26JUN20-480-P,131.42,0.0,0.01,50.0,0.0,0.0,0.0,0.15278,-0.04547,-2.2956,0.00162,-0.91047
133.15,ETH-27MAR20,1577789942168,open,0.21,118.0,0.159,0.246,0.203227,80.94,0.19,0.0,ETH-27MAR20-120-C,131.42,75.66,0.194,83.0,0.207,144.0,83.1,0.23305,-0.10857,0.15031,0.00682,0.67752
135.3,ETH-26JUN20,1577789942168,open,0.03,1150.0,0.01,0.067,0.031409,101.17,0.03,0.0,ETH-26JUN20-400-C,131.42,99.4,0.029,470.0,0.034,200.0,103.01,0.18748,-0.05332,0.05755,0.00208,0.11868
131.48,SYN.ETH-3JAN20,1577789942168,open,0.0,2136.0,0.001,0.011,0.00015,120.0,0.001,0.0,ETH-3JAN20-100-P,131.42,0.0,0.0,0.0,0.001,40.0,153.88,0.00149,-0.01968,-5e-05,0.00091,-0.00436
132.03,SYN.ETH-31JAN20,1577789942168,open,0.52,0.0,0.473,0.572,0.519712,82.43,None,0.0,ETH-31JAN20-200-P,131.42,0.0,0.011,3.0,0.0,0.0,0.0,0.04176,-0.05575,-0.16377,0.00344,-0.94655
135.3,ETH-26JUN20,1577789942170,open,0.04,778.0,0.013,0.077,0.03837,99.08,0.032,0.0,ETH-26JUN20-360-C,131.42,97.55,0.036,350.0,0.041,340.0,100.72,0.21279,-0.05926,0.06867,0.00241,0.14252
132.03,SYN.ETH-31JAN20,1577789942170,open,0.01,4142.0,0.002,0.026,0.011121,79.35,0.012,0.0,ETH-31JAN20-100-P,131.42,76.99,0.01,1185.0,0.012,240.0,81.13,0.06414,-0.08242,-0.01168,0.00548,-0.09349
133.15,ETH-27MAR20,1577789942172,open,1.41,10.0,1.338,1.507,1.417242,105.25,1.59,0.0,ETH-27MAR20-320-P,131.42,0.0,0.011,5.0,0.0,0.0,0.0,0.09045,-0.05479,-0.74281,0.00204,-0.9266
132.03,SYN.ETH-31JAN20,1577789942172,open,0.02,1570.0,0.006,0.042,0.020713,70.02,0.022,0.0,ETH-31JAN20-160-C,131.42,67.88,0.019,350.0,0.022,192.0,71.58,0.10752,-0.12191,0.02003,0.01041,0.20002
135.3,ETH-26JUN20,1577789942175,open,0.02,379.0,0.006,0.055,0.023417,105.88,0.024,0.0,ETH-26JUN20-480-C,131.42,103.67,0.021,470.0,0.026,670.0,108.1,0.15278,-0.04547,0.04359,0.00162,0.08953
135.3,ETH-26JUN20,1577789942175,open,0.16,2038.0,0.115,0.221,0.166741,84.52,0.145,0.0,ETH-26JUN20-120-P,131.42,82.19,0.161,484.0,0.171,180.0,86.26,0.3328,-0.07907,-0.31375,0.00441,-0.3091
133.15,ETH-27MAR20,1577789942175,open,0.05,1619.0,0.024,0.081,0.049258,83.22,0.047,0.0,ETH-27MAR20-100-P,131.42,81.46,0.047,670.0,0.051,192.0,84.57,0.17158,-0.08218,-0.07326,0.00489,-0.18189
135.3,ETH-26JUN20,1577789942175,open,0.02,315.0,0.004,0.043,0.016438,111.44,0.017,0.0,ETH-26JUN20-600-C,131.42,109.74,0.015,350.0,0.018,120.0,113.18,0.11767,-0.03686,0.03106,0.00118,0.06355
133.15,ETH-27MAR20,1577789942177,open,2.9,0.0,2.793,3.038,2.909148,120.0,None,0.0,ETH-27MAR20-520-P,131.42,0.0,0.006,50.0,0.0,0.0,0.0,0.03273,-0.0226,-1.23224,0.00065,-0.97904
133.15,ETH-27MAR20,1577789942177,open,0.55,1147.0,0.486,0.618,0.549428,87.77,0.645,0.0,ETH-27MAR20-200-P,131.42,0.0,0.501,1.0,1.231,1.0,499.56,0.19767,-0.09986,-0.41787,0.00534,-0.76912
131.48,SYN.ETH-3JAN20,1577789942177,open,0.14,11.0,0.108,0.179,0.141841,80.3,0.149,0.0,ETH-3JAN20-150-P,131.42,0.0,0.14,60.0,0.146,60.0,115.4,0.00899,-0.12553,-0.01147,0.00822,-0.96513
133.15,ETH-27MAR20,1577789942179,open,0.04,1241.0,0.013,0.069,0.036382,91.13,0.037,0.0,ETH-27MAR20-220-C,131.42,90.83,0.036,1.0,0.037,192.0,91.6,0.17173,-0.09006,0.0462,0.00447,0.18215
135.3,ETH-26JUN20,1577789942179,open,0.47,426.0,0.397,0.549,0.47191,86.89,0.47,0.0,ETH-26JUN20-180-P,131.42,77.0,0.445,180.0,0.514,200.0,102.09,0.37157,-0.09075,-0.68466,0.00479,-0.56646
133.15,ETH-27MAR20,1577789942232,open,0.0,1221.0,0.001,0.011,0.001393,120.0,0.005,0.0,ETH-27MAR20-640-C,131.42,124.72,0.002,610.0,0.004,350.0,135.23,0.01494,-0.01032,0.00224,0.00029,0.00845
133.15,ETH-27MAR20,1577789942231,open,0.83,118.0,0.763,0.905,0.830124,93.29,0.978,0.0,ETH-27MAR20-240-P,131.42,0.0,0.005,10.0,0.0,0.0,0.0,0.14667,-0.07875,-0.53468,0.00373,-0.85701
135.3,ETH-26JUN20,1577789942232,open,1.12,0.0,1.041,1.227,1.12932,93.19,None,0.0,ETH-26JUN20-280-P,131.42,0.0,0.011,3.0,0.0,0.0,0.0,0.2752,-0.07209,-1.26291,0.00331,-0.78604
135.3,ETH-26JUN20,1577789942232,open,0.02,1346.0,0.008,0.04,0.021083,93.12,0.018,0.0,ETH-26JUN20-60-P,131.42,89.16,0.018,550.0,0.024,87.0,96.65,0.10885,-0.02849,-0.05183,0.00131,-0.05752
135.3,ETH-26JUN20,1577789942232,open,0.06,610.0,0.026,0.105,0.059844,93.19,0.06,0.0,ETH-26JUN20-280-C,131.42,92.27,0.058,350.0,0.062,25.0,94.24,0.2752,-0.07209,0.10162,0.00331,0.21396
132.03,SYN.ETH-31JAN20,1577789942232,open,0.06,1832.0,0.029,0.087,0.053316,66.95,0.061,0.0,ETH-31JAN20-140-C,131.42,64.03,0.05,655.0,0.056,144.0,69.31,0.15006,-0.16271,0.04089,0.0152,0.4194
132.03,SYN.ETH-31JAN20,1577789942232,open,0.0,824.0,0.001,0.012,0.002972,100.65,0.006,0.0,ETH-31JAN20-240-C,131.42,94.95,0.002,350.0,0.004,750.0,105.49,0.02544,-0.04146,0.00291,0.00171,0.02904
132.03,SYN.ETH-31JAN20,1577789942232,open,0.66,1.0,0.619,0.726,0.669582,90.47,0.739,0.0,ETH-31JAN20-220-P,131.42,0.0,0.011,3.0,0.0,0.0,0.0,0.02984,-0.04371,-0.18254,0.00224,-0.96477
133.15,ETH-27MAR20,1577789942234,open,0.01,1405.0,0.001,0.025,0.00797,112.99,0.007,0.0,ETH-27MAR20-400-C,131.42,110.71,0.007,610.0,0.009,350.0,115.23,0.05905,-0.0384,0.01102,0.00124,0.04273
133.15,ETH-27MAR20,1577789942234,open,0.19,646.0,0.137,0.242,0.18834,81.35,0.184,0.0,ETH-27MAR20-140-P,131.42,79.63,0.185,350.0,0.192,320.0,83.24,0.25848,-0.12102,-0.20905,0.00753,-0.47128
135.3,ETH-26JUN20,1577789942234,open,0.05,434.0,0.018,0.089,0.047429,96.43,0.047,0.0,ETH-26JUN20-320-C,131.42,95.06,0.045,350.0,0.05,339.0,97.86,0.24176,-0.06553,0.08284,0.00281,0.17307
133.15,ETH-27MAR20,1577789942234,open,0.01,1422.0,0.001,0.03,0.01076,110.11,0.01,0.0,ETH-27MAR20-360-C,131.42,108.71,0.01,199.0,0.011,350.0,110.54,0.07403,-0.04692,0.01456,0.00159,0.05671
135.3,ETH-26JUN20,1577789942234,open,1.4,0.0,1.319,1.517,1.412543,96.43,1.06,0.0,ETH-26JUN20-320-P,131.42,0.0,0.015,2.0,0.0,0.0,0.0,0.24176,-0.06553,-1.47662,0.00281,-0.82693
132.03,SYN.ETH-31JAN20,1577789942234,open,0.37,25.0,0.328,0.421,0.37238,75.44,0.35,0.0,ETH-31JAN20-180-P,131.42,0.0,0.012,5.0,0.0,0.0,0.0,0.06559,-0.08013,-0.14252,0.0059,-0.90364
135.3,ETH-26JUN20,1577789942236,open,0.59,245.0,0.515,0.676,0.59343,87.82,0.71,0.0,ETH-26JUN20-200-P,131.42,0.0,0.478,1.0,0.627,1.0,100.32,0.35673,-0.08806,-0.80645,0.00455,-0.62966
133.15,ETH-27MAR20,1577789942236,open,0.1,1328.0,0.053,0.135,0.092479,82.53,0.099,0.0,ETH-27MAR20-160-C,131.42,81.21,0.09,300.0,0.095,192.0,83.87,0.25087,-0.11916,0.09727,0.0072,0.3994
133.15,ETH-27MAR20,1577789942236,open,0.05,2662.0,0.02,0.083,0.047363,87.77,0.053,0.0,ETH-27MAR20-200-C,131.42,87.53,0.047,1.0,0.048,192.0,88.2,0.19767,-0.09986,0.05816,0.00534,0.23088
135.3,ETH-26JUN20,1577789942236,open,0.28,176.0,0.227,0.33,0.279823,84.52,0.279,0.0,ETH-26JUN20-120-C,131.42,71.21,0.247,50.0,0.294,180.0,90.3,0.3328,-0.07907,0.27105,0.00441,0.6909
135.3,ETH-26JUN20,1577789942236,open,0.1,646.0,0.06,0.143,0.099402,86.09,0.119,0.0,ETH-26JUN20-100-P,131.42,82.91,0.093,717.0,0.105,167.0,88.86,0.27284,-0.06603,-0.20456,0.00355,-0.21083
131.48,SYN.ETH-3JAN20,1577789942236,open,0.0,1008.0,0.001,0.012,0.001494,114.65,0.001,0.0,ETH-3JAN20-110-P,131.42,106.71,0.001,395.0,0.002,312.0,121.32,0.00916,-0.18251,-0.00038,0.00586,-0.03566
133.15,ETH-27MAR20,1577789942238,open,0.0,885.0,0.001,0.012,0.002679,120.0,0.004,0.0,ETH-27MAR20-560-C,131.42,121.64,0.003,570.0,0.005,350.0,129.78,0.02509,-0.01733,0.00402,0.0005,0.01535
133.15,ETH-27MAR20,1577789942238,open,0.01,1747.0,0.001,0.019,0.005394,120.0,0.005,0.0,ETH-27MAR20-480-C,131.42,115.23,0.004,570.0,0.007,810.0,124.57,0.04282,-0.02957,0.00744,0.00085,0.02887
133.15,ETH-27MAR20,1577789942238,open,0.1,1687.0,0.065,0.148,0.104466,80.94,0.1,0.0,ETH-27MAR20-120-P,131.42,78.96,0.101,894.0,0.108,192.0,82.96,0.23305,-0.10857,-0.13531,0.00682,-0.32248
133.15,ETH-27MAR20,1577789942237,open,2.0,5.0,1.919,2.117,2.012101,112.99,2.004,0.0,ETH-27MAR20-400-P,131.42,0.0,0.046,50.0,0.0,0.0,0.0,0.05905,-0.0384,-0.94105,0.00124,-0.95727
133.15,ETH-27MAR20,1577789942238,open,0.41,1550.0,0.356,0.482,0.417139,85.17,0.407,0.0,ETH-27MAR20-180-P,131.42,68.9,0.391,300.0,1.33,1.0,500.0,0.22664,-0.11109,-0.35331,0.00631,-0.6977
135.3,ETH-26JUN20,1577789942238,open,0.05,1008.0,0.025,0.081,0.049695,87.78,0.054,0.0,ETH-26JUN20-80-P,131.42,85.14,0.046,543.0,0.053,200.0,90.09,0.1914,-0.04723,-0.11336,0.00244,-0.12223
132.03,SYN.ETH-31JAN20,1577789942237,open,0.0,1986.0,0.001,0.013,0.003355,90.47,0.003,0.0,ETH-31JAN20-220-C,131.42,83.48,0.002,1210.0,0.004,240.0,93.17,0.02984,-0.04371,0.00356,0.00224,0.03523
132.03,SYN.ETH-31JAN20,1577789942237,open,0.04,1317.0,0.018,0.068,0.038244,68.06,0.038,0.0,ETH-31JAN20-120-P,131.42,66.79,0.037,542.0,0.039,10.0,68.83,0.12935,-0.14257,-0.03558,0.01289,-0.28036
132.03,SYN.ETH-31JAN20,1577789942238,open,0.97,0.0,0.913,1.036,0.971162,105.14,None,0.0,ETH-31JAN20-260-P,131.42,0.0,0.011,3.0,0.0,0.0,0.0,0.01824,-0.03105,-0.21797,0.00118,-0.98045
133.15,ETH-27MAR20,1577789942240,open,0.02,2242.0,0.005,0.043,0.018442,99.08,0.02,0.0,ETH-27MAR20-280-C,131.42,98.55,0.018,1.0,0.019,240.0,99.74,0.11189,-0.0638,0.02505,0.00268,0.09748
135.3,ETH-26JUN20,1577789942240,open,0.02,140.0,0.005,0.051,0.020924,108.2,0.021,0.0,ETH-26JUN20-520-C,131.42,106.29,0.019,350.0,0.023,470.0,110.14,0.14047,-0.04272,0.03898,0.00146,0.08004
133.15,ETH-27MAR20,1577789942240,open,3.49,0.0,3.376,3.653,3.508117,120.0,None,0.0,ETH-27MAR20-600-P,131.42,0.0,0.03,50.0,0.0,0.0,0.0,0.01932,-0.01334,-1.42511,0.00038,-0.98866
135.3,ETH-26JUN20,1577789942240,open,0.35,733.0,0.288,0.428,0.356766,85.4,0.355,0.0,ETH-26JUN20-160-P,131.42,77.59,0.335,180.0,0.377,180.0,92.67,0.37675,-0.09044,-0.56049,0.00495,-0.49328
131.48,SYN.ETH-3JAN20,1577789942242,open,0.07,136.0,0.036,0.104,0.069109,65.54,0.05,0.0,ETH-3JAN20-140-P,131.42,53.84,0.067,60.0,0.073,60.0,82.44,0.02681,-0.30552,-0.00955,0.03004,-0.85328
133.15,ETH-27MAR20,1577789942244,open,3.79,0.0,3.667,3.961,3.808002,120.0,None,0.0,ETH-27MAR20-640-P,131.42,0.0,0.01,50.0,0.0,0.0,0.0,0.01494,-0.01032,-1.52106,0.00029,-0.99155
131.48,SYN.ETH-3JAN20,1577789942244,open,0.09,1056.0,0.061,0.122,0.091744,87.97,0.118,0.0,ETH-3JAN20-120-C,131.42,0.0,0.087,60.0,0.093,60.0,94.97,0.02242,-0.34299,0.00823,0.01872,0.88663
132.03,SYN.ETH-31JAN20,1577789942244,open,0.13,350.0,0.097,0.164,0.129393,68.06,0.123,0.0,ETH-31JAN20-120-C,131.42,62.5,0.124,48.0,0.131,48.0,69.7,0.12935,-0.14257,0.06592,0.01289,0.71964
133.15,ETH-27MAR20,1577789942246,open,0.01,1189.0,0.001,0.023,0.006973,117.95,0.007,0.0,ETH-27MAR20-440-C,131.42,115.35,0.006,30.0,0.008,850.0,120.46,0.05227,-0.03548,0.00944,0.00105,0.03677
131.48,SYN.ETH-3JAN20,1577789942248,open,0.21,0.0,0.182,0.257,0.217419,100.47,None,0.0,ETH-3JAN20-160-P,131.42,0.0,0.0,0.0,0.0,0.0,0.0,0.00455,-0.07942,-0.01245,0.00332,-0.9845
7479.5,BTC-26JUN20,1577789942579,open,0.14,186.9,0.0995,0.195,0.14193823,75.86,0.1485,0.0,BTC-26JUN20-9000-C,7219.2,74.62,0.1385,20.9,0.1425,0.5,76.06,20.75571,-4.42584,11.82149,0.0001,0.46626
7479.5,BTC-26JUN20,1577789942579,open,1.69,0.1,1.6325,1.784,1.69999321,90.81,1.85,0.0,BTC-26JUN20-20000-P,7219.2,0.0,0.0005,3.0,1.88,0.1,172.31,9.72216,-2.48177,-94.45938,4e-05,-0.89149
7479.5,BTC-26JUN20,1577789942579,open,0.02,24.9,0.0065,0.0525,0.0207653,92.37,0.021,0.0,BTC-26JUN20-22000-C,7219.2,91.22,0.0195,32.0,0.022,0.1,93.46,8.36609,-2.17223,2.46502,3e-05,0.08839
7330.45,BTC-27MAR20,1577789942581,open,0.92,59.0,0.878,0.982,0.92462371,85.5,0.877,0.0,BTC-27MAR20-14000-P,7219.2,0.0,0.4,0.5,0.9895,0.5,137.45,5.79314,-2.85064,-32.01505,5e-05,-0.9103
7479.5,BTC-26JUN20,1577789942581,open,0.18,241.1,0.138,0.235,0.18204353,75.51,0.182,0.0,BTC-26JUN20-8000-C,7219.2,72.96,0.175,19.2,0.181,4.9,75.14,20.63861,-4.38091,13.56047,0.0001,0.55407
7330.45,BTC-27MAR20,1577789942581,open,2.55,0.0,2.478,2.632,2.54998749,110.55,None,0.0,BTC-27MAR20-26000-P,7219.2,0.0,0.0015,10.0,0.0,0.0,0.0,1.6476,-1.04827,-61.60969,1e-05,-0.98114
7258.73,SYN.BTC-31JAN20,1577789942581,open,0.0,113.5,0.0005,0.0125,0.00250361,79.4,0.003,0.0,BTC-31JAN20-11500-C,7219.2,76.69,0.002,51.0,0.003,0.5,81.75,1.44619,-1.8594,0.17034,4e-05,0.03024
7479.5,BTC-26JUN20,1577789942583,open,0.92,13.4,0.865,0.999,0.92472912,82.06,1.1,0.0,BTC-26JUN20-14000-P,7219.2,0.0,0.5,3.0,1.35,0.1,244.34,15.02986,-3.46685,-62.51744,7e-05,-0.79043
7330.45,BTC-27MAR20,1577789942583,open,0.23,25.4,0.204,0.2695,0.23424545,69.93,0.235,0.0,BTC-27MAR20-6000-C,7219.2,66.65,0.2295,16.0,0.2405,8.0,74.17,10.70764,-4.30922,9.44656,0.00012,0.77567
7330.45,BTC-27MAR20,1577789942583,open,0.0,73.2,0.0005,0.013,0.00262574,113.2,0.0025,0.0,BTC-27MAR20-28000-C,7219.2,109.64,0.002,20.0,0.003,24.0,115.06,1.41315,-0.92071,0.22918,1e-05,0.01576
7330.45,BTC-27MAR20,1577789942589,open,0.01,509.8,0.0005,0.0205,0.00552026,99.45,0.0065,0.0,BTC-27MAR20-20000-C,7219.2,97.99,0.005,19.0,0.006,1.0,100.72,2.69328,-1.54158,0.49554,2e-05,0.03392
7258.73,SYN.BTC-31JAN20,1577789942589,open,0.0,426.6,0.0005,0.014,0.00408314,78.61,0.004,0.0,BTC-31JAN20-5000-P,7219.2,76.21,0.0035,60.0,0.0045,3.0,80.21,1.83815,-2.33991,-0.27382,5e-05,-0.04051
7258.73,SYN.BTC-31JAN20,1577789942591,open,0.52,0.0,0.4865,0.555,0.51842353,75.41,None,0.0,BTC-31JAN20-11000-P,7219.2,0.0,0.0015,10.0,0.0,0.0,0.0,1.71048,-2.0889,-9.09576,5e-05,-0.96291
7258.73,SYN.BTC-31JAN20,1577789942591,open,0.58,0.0,0.554,0.6245,0.58680252,79.4,None,0.0,BTC-31JAN20-11500-P,7219.2,0.0,0.0015,10.0,0.0,0.0,0.0,1.44646,-1.85984,-9.55758,4e-05,-0.96975
7258.73,SYN.BTC-31JAN20,1577789942591,open,0.32,10.4,0.2985,0.3345,0.31525753,78.61,0.3115,0.0,BTC-31JAN20-5000-C,7219.2,0.0,0.311,7.2,0.328,7.0,111.98,1.83807,-2.33976,3.95574,5e-05,0.95949
7479.5,BTC-26JUN20,1577789942594,open,0.02,75.9,0.0045,0.0445,0.01599971,97.45,0.017,0.0,BTC-26JUN20-26000-C,7219.2,95.77,0.0145,32.0,0.0175,2.0,99.05,6.85184,-1.87699,1.89359,3e-05,0.06795
7479.5,BTC-26JUN20,1577789942594,open,1.17,5.0,1.117,1.256,1.17871423,84.81,1.22,0.0,BTC-26JUN20-16000-P,7219.2,0.0,0.56,1.0,2.0,0.1,475.61,12.78019,-3.0466,-73.52842,6e-05,-0.83853
7330.45,BTC-27MAR20,1577789942594,open,0.0,115.2,0.0005,0.0145,0.00313355,110.53,0.004,0.0,BTC-27MAR20-26000-C,7219.2,107.48,0.0025,17.0,0.0035,24.0,112.1,1.64586,-1.04696,0.27404,1e-05,0.01884
7479.5,BTC-26JUN20,1577789942594,open,0.34,107.9,0.2915,0.41,0.34522883,75.86,0.336,0.0,BTC-26JUN20-9000-P,7219.2,66.91,0.3205,9.0,0.375,4.0,86.56,20.75572,-4.42588,-32.03826,0.0001,-0.53374
7479.5,BTC-26JUN20,1577789942596,open,0.01,91.7,0.0025,0.0375,0.01225936,100.85,0.0115,0.0,BTC-26JUN20-30000-C,7219.2,99.11,0.011,57.0,0.0135,29.0,102.46,5.59973,-1.58748,1.46741,2e-05,0.05252
7330.45,BTC-27MAR20,1577789942596,open,0.0,159.1,0.0005,0.017,0.00401019,108.35,0.0045,0.0,BTC-27MAR20-24000-C,7219.2,106.41,0.0035,8.0,0.0045,34.0,110.07,2.01192,-1.25463,0.34684,1e-05,0.02389
7479.5,BTC-26JUN20,1577789942596,open,0.1,354.1,0.066,0.1435,0.0995146,73.42,0.097,0.0,BTC-26JUN20-6000-P,7219.2,72.05,0.0965,20.8,0.1015,27.3,74.33,16.45964,-3.39716,-12.60367,8e-05,-0.24627
7222.88,SYN.BTC-3JAN20,1577789942596,open,0.0,1181.8,0.0005,0.025,0.0045178,48.11,0.0045,0.0,BTC-3JAN20-7500-C,7219.2,45.95,0.004,2.0,0.005,0.1,50.05,1.76649,-14.77562,0.10828,0.00089,0.1948
7222.88,SYN.BTC-3JAN20,1577789942596,open,0.0,163.1,0.0005,0.0105,0.00049165,86.08,0.001,0.0,BTC-3JAN20-8500-C,7219.2,0.0,0.0,0.0,0.001,39.8,96.11,0.28628,-3.5511,0.01007,8e-05,0.01818
7258.73,SYN.BTC-31JAN20,1577789942596,open,0.01,626.1,0.0005,0.017,0.00525945,68.36,0.006,0.0,BTC-31JAN20-10000-C,7219.2,66.22,0.0045,56.0,0.006,63.3,70.29,2.68513,-2.97235,0.36841,9e-05,0.06526
7222.88,SYN.BTC-3JAN20,1577789942596,open,0.21,0.1,0.188,0.222,0.20415993,107.64,0.2405,0.0,BTC-3JAN20-5750-C,7219.2,0.0,0.1915,6.0,0.215,6.0,224.21,0.13204,-2.4713,0.44864,3e-05,0.99255
7222.88,SYN.BTC-3JAN20,1577789942596,open,0.04,133.2,0.0185,0.063,0.03670692,48.79,0.0365,0.0,BTC-3JAN20-7000-C,7219.2,46.11,0.036,10.0,0.0375,0.1,51.7,1.93725,-16.43394,0.41842,0.00097,0.77199
7258.73,SYN.BTC-31JAN20,1577789942596,open,0.0,393.9,0.0005,0.013,0.00300718,75.41,0.0025,0.0,BTC-31JAN20-11000-C,7219.2,73.14,0.0025,73.0,0.0035,1.0,77.41,1.71023,-2.08851,0.20921,5e-05,0.03708
7222.88,SYN.BTC-3JAN20,1577789942596,open,0.0,154.3,0.0005,0.0105,0.00072837,104.75,0.0005,0.0,BTC-3JAN20-6000-P,7219.2,98.94,0.0005,18.7,0.001,80.7,110.31,0.31824,-5.26096,-0.01213,7e-05,-0.0206
7222.88,SYN.BTC-3JAN20,1577789942600,open,0.0,361.3,0.0005,0.014,0.00175453,55.53,0.0015,0.0,BTC-3JAN20-7750-C,7219.2,49.0,0.001,67.1,0.002,15.0,57.33,0.95383,-9.20872,0.04457,0.00042,0.08008
7258.73,SYN.BTC-31JAN20,1577789942600,open,0.65,0.0,0.6215,0.6945,0.65543565,83.92,None,0.0,BTC-31JAN20-12000-P,7219.2,0.0,0.0015,10.0,0.0,0.0,0.0,1.28906,-1.75186,-10.00302,3e-05,-0.97366
7222.88,SYN.BTC-3JAN20,1577789942600,open,0.11,5.1,0.086,0.1335,0.10840939,63.49,0.0875,0.0,BTC-3JAN20-8000-P,7219.2,0.0,0.092,4.0,0.128,4.0,159.24,0.51977,-5.73749,-0.60963,0.0002,-0.96289
7258.73,SYN.BTC-31JAN20,1577789942600,open,0.31,4.8,0.2865,0.351,0.31628332,65.02,0.3445,0.0,BTC-31JAN20-9500-P,7219.2,0.0,0.0015,10.0,0.0,0.0,0.0,3.48513,-3.66943,-7.51729,0.00012,-0.90798
7479.5,BTC-26JUN20,1577789942602,open,0.3,23.9,0.2595,0.3415,0.29732087,73.42,0.3125,0.0,BTC-26JUN20-6000-C,7219.2,69.63,0.289,7.0,0.3045,7.0,76.68,16.45962,-3.39713,16.63623,8e-05,0.75373
7330.45,BTC-27MAR20,1577789942601,open,0.01,476.6,0.0005,0.025,0.00752159,95.88,0.0085,0.0,BTC-27MAR20-18000-C,7219.2,93.61,0.0065,25.2,0.0085,34.0,97.89,3.44111,-1.89894,0.6687,3e-05,0.04585
7330.45,BTC-27MAR20,1577789942601,open,2.0,5.6,1.9435,2.0795,2.0061036,104.99,1.545,0.0,BTC-27MAR20-22000-P,7219.2,0.0,0.0015,10.0,0.0,0.0,0.0,2.39332,-1.44611,-51.93628,2e-05,-0.97059
7258.73,SYN.BTC-31JAN20,1577789942602,open,0.01,236.4,0.0005,0.021,0.00751466,65.02,0.008,0.0,BTC-31JAN20-9500-C,7219.2,62.83,0.0065,61.0,0.0085,50.0,67.01,3.48499,-3.66921,0.51882,0.00012,0.09201
7479.5,BTC-26JUN20,1577789942604,open,0.01,153.2,0.0005,0.02,0.00822244,81.93,0.007,0.0,BTC-26JUN20-3000-P,7219.2,80.37,0.0075,14.0,0.009,10.0,83.54,3.53651,-0.81448,-1.38719,2e-05,-0.02984
7330.45,BTC-27MAR20,1577789942604,open,0.0,199.8,0.0005,0.0105,0.00080863,115.0,0.0015,0.0,BTC-27MAR20-36000-C,7219.2,117.38,0.001,20.0,0.0015,11.0,122.29,0.54398,-0.36004,0.07824,0.0,0.00529
7330.45,BTC-27MAR20,1577789942604,open,0.0,164.7,0.0005,0.012,0.00212251,115.0,0.0025,0.0,BTC-27MAR20-30000-C,7219.2,114.22,0.002,7.2,0.003,68.0,119.78,1.18385,-0.78352,0.18687,1e-05,0.01283
7222.88,SYN.BTC-3JAN20,1577789942604,open,0.0,250.1,0.0005,0.0105,0.00074056,77.41,0.0005,0.0,BTC-3JAN20-8250-C,7219.2,72.76,0.0005,55.4,0.001,62.5,81.47,0.42017,-5.34897,0.0159,0.00013,0.02868
7258.73,SYN.BTC-31JAN20,1577789942604,open,0.19,15.2,0.159,0.222,0.18844392,58.39,0.2965,0.0,BTC-31JAN20-8500-P,7219.2,0.0,0.0,0.0,0.0,0.0,0.0,5.89565,-5.57495,-6.07439,0.00023,-0.80083
7258.73,SYN.BTC-31JAN20,1577789942604,open,0.0,216.0,0.0005,0.015,0.00423934,73.04,0.004,0.0,BTC-31JAN20-10500-C,7219.2,70.49,0.0035,27.0,0.005,52.0,75.4,2.22479,-2.63134,0.2894,7e-05,0.05137
7258.73,SYN.BTC-31JAN20,1577789942604,open,0.05,712.0,0.03,0.0775,0.05124263,56.48,0.0505,0.0,BTC-31JAN20-7500-C,7219.2,54.53,0.049,18.2,0.0515,30.0,56.71,8.36499,-7.65119,2.46976,0.00033,0.45347
7258.73,SYN.BTC-31JAN20,1577789942604,open,0.45,0.0,0.4195,0.487,0.45077313,73.04,None,0.0,BTC-31JAN20-10500-P,7219.2,0.0,0.0015,10.0,0.0,0.0,0.0,2.22499,-2.63167,-8.59262,7e-05,-0.94862
7330.45,BTC-27MAR20,1577789942606,open,0.01,251.8,0.0005,0.0195,0.0049195,104.97,0.0045,0.0,BTC-27MAR20-22000-C,7219.2,103.65,0.0045,10.0,0.005,24.0,105.22,2.39203,-1.44516,0.42689,2e-05,0.02939
7479.5,BTC-26JUN20,1577789942606,open,0.11,375.2,0.073,0.165,0.11286746,76.86,0.112,0.0,BTC-26JUN20-10000-C,7219.2,75.98,0.1105,1.5,0.115,1.0,77.66,20.06842,-4.33584,10.19019,0.0001,0.39243
7479.5,BTC-26JUN20,1577789942606,open,0.49,0.5,0.467,0.514,0.48769061,76.33,0.589,0.0,BTC-26JUN20-4000-C,7219.2,52.6,0.47,7.0,0.5065,7.0,93.27,7.37541,-1.58244,15.9475,4e-05,0.92521
7330.45,BTC-27MAR20,1577789942606,open,0.01,517.0,0.0045,0.038,0.01477928,85.49,0.014,0.0,BTC-27MAR20-14000-C,7219.2,84.49,0.014,5.0,0.0155,24.2,86.4,5.79261,-2.85027,1.30698,5e-05,0.08969
7330.45,BTC-27MAR20,1577789942606,open,3.91,0.0,3.815,4.0165,3.91183717,115.09,None,0.0,BTC-27MAR20-36000-P,7219.2,0.0,0.0015,10.0,0.0,0.0,0.0,0.54738,-0.36257,-85.60685,0.0,-0.99467
7222.88,SYN.BTC-3JAN20,1577789942606,open,0.01,473.2,0.004,0.0415,0.01407441,44.77,0.0145,0.0,BTC-3JAN20-7250-C,7219.2,43.14,0.0135,26.4,0.015,9.9,47.39,2.5506,-19.8531,0.25964,0.00139,0.47033
7258.73,SYN.BTC-31JAN20,1577789942606,open,0.08,241.6,0.06,0.1125,0.08465345,57.36,0.0825,0.0,BTC-31JAN20-7000-C,7219.2,53.16,0.08,14.4,0.0855,22.4,58.13,8.04939,-7.47727,3.2766,0.00031,0.61828
7330.45,BTC-27MAR20,1577789942607,open,0.0,734.6,0.0005,0.0105,0.00044394,115.0,0.001,0.0,BTC-27MAR20-40000-C,7219.2,116.19,0.0005,472.1,0.0015,20.1,128.88,0.33072,-0.21889,0.04522,0.0,0.00304
7479.5,BTC-26JUN20,1577789942607,open,0.38,0.0,0.353,0.419,0.38301778,73.94,None,0.0,BTC-26JUN20-5000-C,7219.2,56.5,0.357,7.0,0.41,7.0,89.8,12.15046,-2.52539,17.03735,6e-05,0.85044
7479.5,BTC-26JUN20,1577789942608,open,0.23,132.8,0.1875,0.279,0.2294366,73.42,0.2215,0.0,BTC-26JUN20-7000-C,7219.2,70.94,0.223,13.0,0.233,10.0,74.8,19.33822,-3.99126,15.33255,0.0001,0.65008
7479.5,BTC-26JUN20,1577789942608,open,1.43,1.1,1.3735,1.518,1.43779258,87.7,1.35,0.0,BTC-26JUN20-18000-P,7219.2,0.0,1.0,0.1,2.1,0.1,363.2,11.02255,-2.71743,-84.13305,5e-05,-0.87039
7330.45,BTC-27MAR20,1577789942608,open,0.05,629.8,0.03,0.085,0.0527502,69.93,0.054,0.0,BTC-27MAR20-6000-P,7219.2,69.07,0.0515,12.1,0.054,5.0,70.78,10.70768,-4.30928,-4.83442,0.00012,-0.22433
7222.88,SYN.BTC-3JAN20,1577789942608,open,0.0,353.6,0.0005,0.011,0.00115689,70.89,0.0015,0.0,BTC-3JAN20-6500-P,7219.2,68.91,0.001,10.0,0.0015,0.1,74.76,0.59543,-7.339,-0.02563,0.0002,-0.04388
7222.88,SYN.BTC-3JAN20,1577789942608,open,0.14,0.0,0.12,0.1695,0.14294393,77.41,None,0.0,BTC-3JAN20-8250-P,7219.2,0.0,0.123,4.0,0.1625,4.0,183.52,0.42019,-5.65573,-0.63409,0.00013,-0.97132
7222.88,SYN.BTC-3JAN20,1577789942608,open,0.14,0.5,0.1175,0.1555,0.13542171,84.74,0.1625,0.0,BTC-3JAN20-6250-C,7219.2,0.0,0.1205,5.0,0.1485,5.0,175.63,0.37393,-5.5094,0.47781,0.00011,0.97506
7479.5,BTC-26JUN20,1577789942610,open,0.08,439.2,0.0415,0.123,0.07463872,79.22,0.0765,0.0,BTC-26JUN20-12000-C,7219.2,77.88,0.0715,29.2,0.0775,5.0,80.43,17.62311,-3.92453,7.54162,8e-05,0.28154
7479.5,BTC-26JUN20,1577789942610,open,0.02,16.5,0.0055,0.0485,0.0182576,95.19,0.0195,0.0,BTC-26JUN20-24000-C,7219.2,93.4,0.0165,54.7,0.02,24.5,96.86,7.57577,-2.02704,2.15833,3e-05,0.07747
7330.45,BTC-27MAR20,1577789942610,open,0.0,83.5,0.0005,0.0115,0.00152441,115.0,0.0015,0.0,BTC-27MAR20-32000-C,7219.2,114.8,0.0015,10.0,0.002,20.0,118.46,0.91004,-0.60232,0.13887,1e-05,0.00948
7222.88,SYN.BTC-3JAN20,1577789942610,open,0.1,9.7,0.082,0.122,0.10123909,70.89,0.1185,0.0,BTC-3JAN20-6500-C,7219.2,67.8,0.101,10.0,0.103,10.0,87.17,0.59542,-7.33883,0.48648,0.0002,0.95612
7222.88,SYN.BTC-3JAN20,1577789942610,open,0.17,6.4,0.1525,0.19,0.17003502,104.75,0.173,0.0,BTC-3JAN20-6000-C,7219.2,0.0,0.1575,6.0,0.1735,6.0,147.36,0.31823,-5.79573,0.46058,7e-05,0.9794
7222.88,SYN.BTC-3JAN20,1577789942610,open,0.0,624.3,0.0005,0.0105,0.00081825,63.49,0.001,0.0,BTC-3JAN20-8000-C,7219.2,58.4,0.0005,22.7,0.001,0.1,65.87,0.51975,-5.73726,0.02065,0.0002,0.03711
7330.45,BTC-27MAR20,1577789942612,open,0.02,292.4,0.009,0.0425,0.02137331,73.4,0.02,0.0,BTC-27MAR20-5000-P,7219.2,72.98,0.021,24.0,0.022,0.4,74.1,6.55307,-2.76844,-2.22445,7e-05,-0.10612
7479.5,BTC-26JUN20,1577789942612,open,0.03,936.8,0.009,0.061,0.0260141,90.81,0.0245,0.0,BTC-26JUN20-20000-C,7219.2,89.63,0.0245,2.9,0.0275,40.0,91.94,9.72148,-2.48152,3.0065,4e-05,0.1085
7479.5,BTC-26JUN20,1577789942612,open,0.01,133.6,0.002,0.0365,0.01150835,103.26,0.0115,0.0,BTC-26JUN20-32000-C,7219.2,101.03,0.01,31.3,0.013,24.0,105.29,5.28659,-1.53448,1.36135,2e-05,0.04886
7330.45,BTC-27MAR20,1577789942612,open,0.01,1363.1,0.0005,0.022,0.00871022,82.98,0.009,0.0,BTC-27MAR20-4000-P,7219.2,81.41,0.008,38.1,0.0095,28.0,84.66,3.37119,-1.61006,-0.93175,3e-05,-0.04469
7479.5,BTC-26JUN20,1577789942612,open,2.22,0.0,2.1525,2.3185,2.22703253,95.19,None,0.0,BTC-26JUN20-24000-P,7219.2,0.0,0.002,1.0,0.0,0.0,0.0,7.57677,-2.0274,-114.80069,3e-05,-0.92252
7479.5,BTC-26JUN20,1577789942612,open,0.05,304.0,0.029,0.0845,0.05151255,73.94,0.049,0.0,BTC-26JUN20-5000-P,7219.2,72.07,0.0485,35.8,0.0545,24.8,75.77,12.1505,-2.52542,-7.32924,6e-05,-0.14956
7330.45,BTC-27MAR20,1577789942612,open,0.41,136.4,0.3655,0.461,0.40853315,73.53,0.41,0.0,BTC-27MAR20-10000-P,7219.2,65.35,0.3965,11.0,0.428,4.0,85.57,11.27365,-4.771,-20.27887,0.00012,-0.75374
7479.5,BTC-26JUN20,1577789942612,open,0.04,157.1,0.017,0.08,0.03953094,84.8,0.0405,0.0,BTC-26JUN20-16000-C,7219.2,83.3,0.037,32.0,0.042,39.0,86.23,12.7798,-3.04645,4.44431,6e-05,0.16146
7479.5,BTC-26JUN20,1577789942612,open,1.96,0.0,1.8915,2.049,1.96214232,92.37,None,0.0,BTC-26JUN20-22000-P,7219.2,0.0,0.11,1.0,2.22,0.1,205.84,8.36694,-2.17253,-104.74743,3e-05,-0.9116
7258.73,SYN.BTC-31JAN20,1577789942612,open,0.02,786.6,0.0065,0.0365,0.01744037,58.39,0.0185,0.0,BTC-31JAN20-8500-C,7219.2,57.22,0.0165,25.8,0.0185,4.1,59.68,5.89559,-5.57483,1.11583,0.00023,0.19916
7222.88,SYN.BTC-3JAN20,1577789942612,open,0.0,145.2,0.0005,0.0105,0.00072729,84.74,0.0005,0.0,BTC-3JAN20-6250-P,7219.2,79.83,0.0005,9.0,0.001,43.8,89.51,0.37394,-5.25314,-0.01461,0.00011,-0.02494
7258.73,SYN.BTC-31JAN20,1577789942612,open,0.13,148.6,0.103,0.1645,0.13154159,56.48,0.14,0.0,BTC-31JAN20-8000-P,7219.2,0.0,0.1015,5.0,0.165,5.0,87.4,7.39614,-6.76509,-5.07449,0.00029,-0.69489
7222.88,SYN.BTC-3JAN20,1577789942612,open,0.07,4.6,0.0475,0.0895,0.0676832,58.14,0.082,0.0,BTC-3JAN20-6750-C,7219.2,56.85,0.0675,10.0,0.0695,10.0,69.07,1.04514,-10.56541,0.47906,0.00044,0.90953
7222.88,SYN.BTC-3JAN20,1577789942612,open,0.0,339.8,0.0005,0.014,0.00221323,58.14,0.002,0.0,BTC-3JAN20-6750-P,7219.2,56.63,0.002,10.3,0.0025,0.2,60.07,1.04515,-10.56555,-0.05274,0.00044,-0.09047
7330.45,BTC-27MAR20,1577789942614,open,0.34,2.1,0.3165,0.367,0.33928602,73.4,0.3115,0.0,BTC-27MAR20-5000-C,7219.2,47.9,0.322,8.0,0.3605,8.0,94.37,6.55296,-2.76835,9.67638,7e-05,0.89388
7479.5,BTC-26JUN20,1577789942614,open,0.05,560.8,0.0255,0.097,0.05294374,82.06,0.05,0.0,BTC-26JUN20-14000-C,7219.2,80.58,0.05,25.9,0.056,36.9,83.56,15.0296,-3.46674,5.70872,7e-05,0.20956
7330.45,BTC-27MAR20,1577789942614,open,2.27,0.0,2.211,2.3555,2.27802922,108.37,None,0.0,BTC-27MAR20-24000-P,7219.2,0.0,0.0015,10.0,0.0,0.0,0.0,2.01342,-1.25576,-56.77661,1e-05,-0.97609
7330.45,BTC-27MAR20,1577789942614,open,0.0,141.4,0.0005,0.011,0.00110521,115.0,0.002,0.0,BTC-27MAR20-34000-C,7219.2,113.86,0.001,55.2,0.002,2.0,122.41,0.70214,-0.46472,0.10389,0.0,0.00706
7222.88,SYN.BTC-3JAN20,1577789942614,open,0.07,8.1,0.0525,0.101,0.07473345,55.53,0.051,0.0,BTC-3JAN20-7750-P,7219.2,0.0,0.057,5.0,0.0775,1.0,72.0,0.95384,-9.20887,-0.56602,0.00042,-0.91992
7258.73,SYN.BTC-31JAN20,1577789942614,open,0.04,809.1,0.028,0.0765,0.0490093,57.36,0.049,0.0,BTC-31JAN20-7000-P,7219.2,56.45,0.048,37.1,0.0505,9.0,58.71,8.0494,-7.47733,-2.64477,0.00031,-0.38172
7258.73,SYN.BTC-31JAN20,1577789942614,open,0.25,10.4,0.221,0.2845,0.25044948,60.64,0.272,0.0,BTC-31JAN20-9000-P,7219.2,0.0,0.0,0.0,0.273,0.4,89.51,4.44306,-4.36307,-6.88575,0.00016,-0.87097
7330.45,BTC-27MAR20,1577789942616,open,4.45,1.0,4.35,4.5715,4.45714231,115.16,4.54,0.0,BTC-27MAR20-40000-P,7219.2,0.0,0.0015,10.0,0.0,0.0,0.0,0.33501,-0.22205,-95.16038,0.0,-0.99692
7330.45,BTC-27MAR20,1577789942616,open,3.63,0.0,3.5475,3.739,3.63929882,115.07,None,0.0,BTC-27MAR20-34000-P,7219.2,0.0,0.0015,10.0,0.0,0.0,0.0,0.70512,-0.46696,-80.82093,0.0,-0.99291
7479.5,BTC-26JUN20,1577789942616,open,0.03,270.3,0.012,0.0685,0.03121138,87.7,0.0325,0.0,BTC-26JUN20-18000-C,7219.2,86.18,0.029,32.0,0.0335,40.0,89.23,11.022,-2.71723,3.58625,5e-05,0.1296
7479.5,BTC-26JUN20,1577789942616,open,0.68,8.2,0.621,0.7505,0.67902619,79.22,0.8905,0.0,BTC-26JUN20-12000-P,7219.2,0.0,0.09,1.5,0.91,0.1,164.92,17.62324,-3.9246,-50.93798,8e-05,-0.71845
7330.45,BTC-27MAR20,1577789942616,open,3.36,0.0,3.28,3.4625,3.3668831,115.05,None,0.0,BTC-27MAR20-32000-P,7219.2,0.0,0.0015,10.0,0.0,0.0,0.0,0.91262,-0.60429,-76.02568,1e-05,-0.99049
7222.88,SYN.BTC-3JAN20,1577789942616,open,0.02,238.1,0.0055,0.047,0.01782889,44.77,0.0195,0.0,BTC-3JAN20-7250-P,7219.2,42.42,0.017,10.0,0.0185,19.0,46.67,2.5506,-19.85315,-0.31156,0.00139,-0.52967
7258.73,SYN.BTC-31JAN20,1577789942616,open,0.38,0.0,0.3525,0.418,0.38291067,68.36,None,0.0,BTC-31JAN20-10000-P,7219.2,0.0,0.0015,10.0,0.0,0.0,0.0,2.68532,-2.97264,-8.09065,9e-05,-0.93473
7258.73,SYN.BTC-31JAN20,1577789942616,open,0.01,600.6,0.001,0.026,0.01056338,60.64,0.01,0.0,BTC-31JAN20-9000-C,7219.2,59.71,0.01,51.3,0.011,0.1,61.35,4.44295,-4.36289,0.72741,0.00016,0.12903
7330.45,BTC-27MAR20,1577789942618,open,0.29,102.3,0.2515,0.3455,0.294318,71.86,0.302,0.0,BTC-27MAR20-9000-P,7219.2,64.86,0.282,12.0,0.3115,5.0,81.3,13.11745,-5.42534,-16.63452,0.00014,-0.65908
7330.45,BTC-27MAR20,1577789942618,open,1.73,5.2,1.6765,1.8015,1.73386945,99.46,2.035,0.0,BTC-27MAR20-20000-P,7219.2,0.0,0.0015,10.0,1.8995,0.5,230.15,2.69443,-1.5424,-47.10734,2e-05,-0.96606
7258.73,SYN.BTC-31JAN20,1577789942618,open,0.01,733.5,0.0005,0.0205,0.0076688,71.59,0.007,0.0,BTC-31JAN20-5500-P,7219.2,69.94,0.007,24.0,0.0085,51.0,73.56,3.00103,-3.47927,-0.51014,9e-05,-0.07541
7222.88,SYN.BTC-3JAN20,1577789942618,open,0.0,191.7,0.0005,0.0105,0.00049074,98.85,0.0005,0.0,BTC-3JAN20-8750-C,7219.2,0.0,0.0,0.0,0.001,67.4,109.96,0.25789,-3.54457,0.00888,6e-05,0.01609
7330.45,BTC-27MAR20,1577789942620,open,1.19,1.2,1.143,1.2525,1.19246932,90.31,1.4,0.0,BTC-27MAR20-16000-P,7219.2,0.0,0.0015,10.0,1.2995,0.5,175.08,4.28259,-2.22582,-37.19947,4e-05,-0.9396
7479.5,BTC-26JUN20,1577789942620,open,0.25,169.2,0.202,0.312,0.25163518,75.52,0.247,0.0,BTC-26JUN20-8000-P,7219.2,71.49,0.2405,11.0,0.263,5.0,79.64,20.6386,-4.38094,-25.426,0.0001,-0.44593
7330.45,BTC-27MAR20,1577789942620,open,0.02,1531.1,0.0085,0.05,0.0228281,78.67,0.0235,0.0,BTC-27MAR20-12000-C,7219.2,77.89,0.022,43.0,0.0235,1.9,79.29,7.85723,-3.55749,1.99821,8e-05,0.13735
7258.73,SYN.BTC-31JAN20,1577789942620,open,0.0,248.4,0.0005,0.012,0.00225418,83.92,0.002,0.0,BTC-31JAN20-12000-C,7219.2,82.43,0.002,30.0,0.0025,9.4,85.26,1.28876,-1.75137,0.14786,3e-05,0.02633
7222.88,SYN.BTC-3JAN20,1577789942620,open,0.0,130.5,0.0005,0.0105,0.00024107,107.64,0.0005,0.0,BTC-3JAN20-5750-P,7219.2,0.0,0.0,0.0,0.0005,1.1,118.46,0.13205,-1.74119,-0.00438,3e-05,-0.00745
7330.45,BTC-27MAR20,1577789942621,open,0.01,1573.2,0.0005,0.029,0.00978997,90.3,0.0095,0.0,BTC-27MAR20-16000-C,7219.2,88.91,0.009,25.0,0.0105,0.1,91.49,4.28184,-2.22531,0.88285,4e-05,0.06039
7330.45,BTC-27MAR20,1577789942622,open,0.19,273.1,0.1515,0.239,0.19117805,69.57,0.1895,0.0,BTC-27MAR20-8000-P,7219.2,67.41,0.187,14.0,0.194,9.0,71.02,14.21244,-5.69058,-12.6699,0.00016,-0.53499
7330.45,BTC-27MAR20,1577789942622,open,1.46,0.0,1.4095,1.527,1.46303586,95.89,1.23,0.0,BTC-27MAR20-18000-P,7219.2,0.0,0.0015,10.0,1.5995,0.5,203.7,3.44204,-1.89959,-42.1739,3e-05,-0.95414
7222.88,SYN.BTC-3JAN20,1577789942622,open,0.0,244.3,0.0005,0.0105,0.00010413,115.0,0.0005,0.0,BTC-3JAN20-5500-P,7219.2,0.0,0.0,0.0,0.0005,5.1,138.53,0.06317,-0.7521,-0.00191,1e-05,-0.00326
7258.73,SYN.BTC-31JAN20,1577789942621,open,0.13,37.2,0.1065,0.158,0.13102098,60.16,0.153,0.0,BTC-31JAN20-6500-C,7219.2,53.86,0.1255,17.0,0.132,10.0,61.25,6.50653,-6.33903,3.88516,0.00024,0.76376
7258.73,SYN.BTC-31JAN20,1577789942622,open,0.25,20.2,0.2305,0.272,0.24996063,71.59,0.2455,0.0,BTC-31JAN20-5500-C,7219.2,38.48,0.2425,7.1,0.2655,7.0,100.55,3.00096,-3.47915,4.14237,9e-05,0.92459
7222.88,SYN.BTC-3JAN20,1577789942622,open,0.24,0.1,0.223,0.255,0.23863522,115.0,0.2735,0.0,BTC-3JAN20-5500-C,7219.2,0.0,0.227,6.0,0.2485,6.0,248.32,0.06315,-1.26275,0.43141,1e-05,0.99674
7258.73,SYN.BTC-31JAN20,1577789942622,open,0.08,191.2,0.0585,0.1155,0.08448105,56.48,0.087,0.0,BTC-31JAN20-7500-P,7219.2,56.07,0.084,14.4,0.0875,17.0,59.1,8.36499,-7.65126,-3.87456,0.00033,-0.54653
7479.5,BTC-26JUN20,1577789942627,open,0.01,51.0,0.004,0.041,0.01401104,99.32,0.0145,0.0,BTC-26JUN20-28000-C,7219.2,97.43,0.0125,54.7,0.0155,10.0,101.06,6.1959,-1.72975,1.66555,2e-05,0.05971
7330.45,BTC-27MAR20,1577789942629,open,0.07,989.5,0.0385,0.1045,0.06656087,71.86,0.067,0.0,BTC-27MAR20-9000-C,7219.2,70.99,0.065,0.6,0.068,1.4,72.67,13.1174,-5.42525,4.78686,0.00014,0.34092
7479.5,BTC-26JUN20,1577789942629,open,0.61,17.8,0.5945,0.6245,0.60712557,81.93,0.612,0.0,BTC-26JUN20-3000-C,7219.2,0.0,0.597,8.0,0.619,8.0,101.61,3.53639,-0.81444,13.23279,2e-05,0.97017
131.48,SYN.ETH-3JAN20,1577789943014,open,0.0,12.0,0.001,0.011,0.000317,120.0,0.001,0.0,ETH-3JAN20-170-C,131.42,0.0,0.0,0.0,0.001,352.0,140.07,0.00288,-0.04167,9e-05,0.00176,0.00916
131.48,SYN.ETH-3JAN20,1577789943014,open,0.29,0.0,0.256,0.335,0.293316,120.0,None,0.0,ETH-3JAN20-170-P,131.42,0.0,0.0,0.0,0.0,0.0,0.0,0.00288,-0.06008,-0.0133,0.00176,-0.99084
131.62,SYN.ETH-10JAN20,1577789943018,open,0.0,203.0,0.001,0.011,0.001472,80.03,0.002,0.0,ETH-10JAN20-170-C,131.42,75.32,0.001,352.0,0.002,2.0,84.29,0.01481,-0.06,0.00102,0.00395,0.03019
131.62,SYN.ETH-10JAN20,1577789943018,open,0.29,0.0,0.255,0.336,0.293102,80.03,None,0.0,ETH-10JAN20-170-P,131.42,0.0,0.0,0.0,0.0,0.0,0.0,0.01481,-0.06,-0.04497,0.00395,-0.96981
7591.39,SYN.BTC-25SEP20,1577789943158,open,0.2,33.3,0.157,0.265,0.20522845,74.91,0.2055,0.0,BTC-25SEP20-7000-P,7219.2,72.42,0.1975,25.1,0.2065,14.9,75.32,23.51546,-3.27572,-29.77518,7e-05,-0.32722
132.03,SYN.ETH-31JAN20,1577789943162,open,0.01,108.0,0.001,0.018,0.006529,89.07,0.005,0.0,ETH-31JAN20-90-P,131.42,87.37,0.006,350.0,0.007,1.0,90.53,0.04199,-0.06056,-0.00674,0.0032,-0.05381
132.03,SYN.ETH-31JAN20,1577789943164,open,0.04,317.0,0.014,0.061,0.032736,67.8,0.031,0.0,ETH-31JAN20-150-C,131.42,66.05,0.031,350.0,0.035,432.0,70.05,0.13182,-0.14473,0.02893,0.01318,0.29174
132.03,SYN.ETH-31JAN20,1577789943164,open,0.07,1.0,0.041,0.108,0.069484,66.94,0.068,0.0,ETH-31JAN20-130-P,131.42,64.76,0.067,494.0,0.072,260.0,69.14,0.15082,-0.16348,-0.05575,0.01528,-0.42971
132.03,SYN.ETH-31JAN20,1577789943164,open,0.02,1125.0,0.007,0.042,0.021103,73.33,0.024,0.0,ETH-31JAN20-110-P,131.42,71.81,0.02,350.0,0.022,192.0,74.55,0.09638,-0.11446,-0.0211,0.00891,-0.16784
132.03,SYN.ETH-31JAN20,1577789943164,open,0.3,0.0,0.257,0.348,0.300947,72.49,None,0.0,ETH-31JAN20-170-P,131.42,0.0,0.285,240.0,1.285,1.0,500.0,0.08428,-0.09894,-0.12998,0.00788,-0.86286
132.03,SYN.ETH-31JAN20,1577789943164,open,0.33,0.0,0.3,0.35,0.32489,89.07,None,0.0,ETH-31JAN20-90-C,131.42,0.0,0.318,1.0,0.339,37.0,121.9,0.04199,-0.06056,0.06939,0.0032,0.94619
132.59,SYN.ETH-28FEB20,1577789943176,open,0.06,11.0,0.027,0.09,0.056422,77.13,0.059,0.0,ETH-28FEB20-160-C,131.42,76.84,0.056,1.0,0.057,192.0,77.53,0.19185,-0.12566,0.0576,0.00877,0.32576
132.59,SYN.ETH-28FEB20,1577789943176,open,0.03,312.0,0.012,0.054,0.029219,80.3,0.029,0.0,ETH-28FEB20-100-P,131.42,78.99,0.028,610.0,0.03,240.0,81.13,0.12421,-0.0847,-0.03835,0.00546,-0.15009
132.59,SYN.ETH-28FEB20,1577789943176,open,0.02,724.0,0.006,0.036,0.017555,84.6,0.015,0.0,ETH-28FEB20-90-P,131.42,83.78,0.017,350.0,0.018,1.0,85.25,0.09004,-0.06469,-0.02408,0.00375,-0.09505
132.59,SYN.ETH-28FEB20,1577789943179,open,0.2,0.0,0.157,0.256,0.205117,75.93,None,0.0,ETH-28FEB20-150-P,131.42,73.27,0.201,144.0,0.21,144.0,79.07,0.20581,-0.13271,-0.17209,0.00956,-0.59949
132.59,SYN.ETH-28FEB20,1577789943179,open,0.11,251.0,0.07,0.152,0.1091,75.05,0.112,0.0,ETH-28FEB20-130-P,131.42,74.35,0.108,350.0,0.111,200.0,76.26,0.20754,-0.13228,-0.11197,0.00975,-0.41441
132.59,SYN.ETH-28FEB20,1577789943179,open,0.28,21.0,0.241,0.308,0.275028,80.3,0.267,0.0,ETH-28FEB20-100-C,131.42,47.74,0.251,40.0,0.298,40.0,102.91,0.12421,-0.0847,0.12295,0.00546,0.84991
132.59,SYN.ETH-28FEB20,1577789943179,open,0.34,20.0,0.31,0.368,0.338783,84.6,0.328,0.0,ETH-28FEB20-90-C,131.42,44.39,0.322,40.0,0.357,40.0,107.95,0.09004,-0.06469,0.12109,0.00375,0.90495
132.59,SYN.ETH-28FEB20,1577789943179,open,0.15,0.0,0.109,0.201,0.153953,75.61,None,0.0,ETH-28FEB20-140-P,131.42,75.01,0.153,350.0,0.157,144.0,77.51,0.21237,-0.13636,-0.14218,0.0099,-0.51084
132.59,SYN.ETH-28FEB20,1577789943179,open,0.1,53.0,0.061,0.136,0.098086,75.61,0.102,0.0,ETH-28FEB20-140-C,131.42,74.31,0.096,1.0,0.099,144.0,76.18,0.21237,-0.13636,0.08364,0.0099,0.48916
132.59,SYN.ETH-28FEB20,1577789943179,open,0.22,0.0,0.18,0.254,0.217803,77.43,None,0.0,ETH-28FEB20-110-C,131.42,52.38,0.19,41.0,0.221,1.0,80.07,0.15962,-0.10496,0.11922,0.00727,0.77523
132.59,SYN.ETH-28FEB20,1577789943179,open,0.05,2.0,0.019,0.076,0.044329,79.14,0.037,0.0,ETH-28FEB20-170-C,131.42,78.89,0.044,1.0,0.045,192.0,79.64,0.17497,-0.1176,0.04755,0.0078,0.26665
132.59,SYN.ETH-28FEB20,1577789943182,open,0.03,191.0,0.009,0.053,0.026793,81.59,0.023,0.0,ETH-28FEB20-190-C,131.42,81.79,0.027,350.0,0.028,192.0,82.74,0.13734,-0.09516,0.03173,0.00594,0.17514
132.59,SYN.ETH-28FEB20,1577789943182,open,0.08,73.0,0.04,0.11,0.073831,75.93,0.084,0.0,ETH-28FEB20-150-C,131.42,75.4,0.073,1.0,0.075,192.0,76.68,0.20581,-0.13271,0.06987,0.00956,0.40051
132.59,SYN.ETH-28FEB20,1577789943181,open,0.32,0.0,0.274,0.382,0.326454,79.14,None,0.0,ETH-28FEB20-170-P,131.42,0.0,0.001,5.0,0.0,0.0,0.0,0.17497,-0.1176,-0.22667,0.0078,-0.73335
132.59,SYN.ETH-28FEB20,1577789943181,open,0.39,0.0,0.338,0.448,0.391159,79.75,None,0.0,ETH-28FEB20-180-P,131.42,0.0,0.001,5.0,0.0,0.0,0.0,0.15498,-0.10496,-0.25187,0.00685,-0.78648
132.59,SYN.ETH-28FEB20,1577789943181,open,0.46,0.0,0.406,0.519,0.459756,81.59,None,0.0,ETH-28FEB20-190-P,131.42,0.0,0.001,5.0,0.0,0.0,0.0,0.13734,-0.09516,-0.27475,0.00594,-0.82486
137.32,SYN.ETH-25SEP20,1577789943433,open,0.16,7.0,0.096,0.217,0.155111,89.79,0.201,0.0,ETH-25SEP20-220-C,131.42,88.55,0.151,350.0,0.16,110.0,91.25,0.45832,-0.07652,0.25835,0.00367,0.4105
137.32,SYN.ETH-25SEP20,1577789943433,open,0.75,0.0,0.665,0.853,0.757163,89.79,None,0.0,ETH-25SEP20-220-P,131.42,0.0,0.0,0.0,0.792,1.0,100.12,0.45832,-0.07652,-1.36227,0.00367,-0.5895
137.32,SYN.ETH-25SEP20,1577789943487,open,0.14,18.0,0.09,0.188,0.136885,87.05,0.128,0.0,ETH-25SEP20-100-P,131.42,84.28,0.13,520.0,0.143,489.0,89.5,0.34196,-0.05535,-0.35334,0.00283,-0.21241
137.32,SYN.ETH-25SEP20,1577789943487,open,0.08,20.0,0.046,0.119,0.079738,89.41,0.081,0.0,ETH-25SEP20-80-P,131.42,86.9,0.075,170.0,0.084,539.0,91.65,0.26022,-0.04327,-0.22061,0.0021,-0.13835
137.32,SYN.ETH-25SEP20,1577789943487,open,0.28,20.0,0.221,0.342,0.282843,86.55,0.292,0.0,ETH-25SEP20-140-C,131.42,85.67,0.28,350.0,0.292,159.0,89.39,0.44297,-0.07129,0.35636,0.00368,0.63511
137.32,SYN.ETH-25SEP20,1577789943487,open,0.52,0.0,0.436,0.605,0.519375,89.03,None,0.0,ETH-25SEP20-180-P,131.42,79.86,0.488,1.0,0.557,1.0,100.05,0.47002,-0.07782,-1.01993,0.0038,-0.48887
137.32,SYN.ETH-25SEP20,1577789943487,open,0.04,170.0,0.018,0.064,0.038106,92.36,0.035,0.0,ETH-25SEP20-60-P,131.42,90.61,0.036,170.0,0.04,2.0,93.91,0.16652,-0.0286,-0.11422,0.0013,-0.07481
137.32,SYN.ETH-25SEP20,1577789943487,open,0.24,20.0,0.175,0.298,0.237322,86.55,0.237,0.0,ETH-25SEP20-160-C,131.42,86.16,0.236,350.0,0.246,432.0,89.12,0.46379,-0.07465,0.33228,0.00386,0.56579
137.32,SYN.ETH-25SEP20,1577789943489,open,0.34,0.0,0.281,0.394,0.338726,86.55,None,0.0,ETH-25SEP20-120-C,131.42,80.2,0.32,160.0,0.359,160.0,93.48,0.40355,-0.06495,0.37543,0.00336,0.70985
137.32,SYN.ETH-25SEP20,1577789943489,open,0.41,0.0,0.357,0.457,0.40868,87.05,None,0.0,ETH-25SEP20-100-C,131.42,74.66,0.378,52.0,0.442,52.0,100.42,0.34196,-0.05535,0.3833,0.00283,0.78759
137.32,SYN.ETH-25SEP20,1577789943489,open,0.6,0.0,0.572,0.631,0.601182,92.36,None,0.0,ETH-25SEP20-60-C,131.42,75.72,0.583,56.0,0.616,56.0,103.97,0.16652,-0.0286,0.32776,0.0013,0.92519
137.32,SYN.ETH-25SEP20,1577789943489,open,0.18,8.0,0.117,0.241,0.177993,89.03,0.158,0.0,ETH-25SEP20-200-C,131.42,87.56,0.173,350.0,0.183,110.0,90.5,0.46737,-0.07738,0.28145,0.00378,0.45622
137.32,SYN.ETH-25SEP20,1577789943489,open,0.63,0.0,0.546,0.725,0.634403,89.03,None,0.0,ETH-25SEP20-200-P,131.42,0.0,0.0,0.0,0.672,1.0,100.03,0.46737,-0.07738,-1.19184,0.00378,-0.54378
137.32,SYN.ETH-25SEP20,1577789943489,open,0.5,0.0,0.456,0.538,0.497174,89.41,None,0.0,ETH-25SEP20-80-C,131.42,75.1,0.471,53.0,0.52,53.0,101.24,0.26022,-0.04327,0.3687,0.0021,0.86165
132.59,SYN.ETH-28FEB20,1577789943635,open,0.53,0.0,0.475,0.59,0.529786,83.17,None,0.0,ETH-28FEB20-200-P,131.42,0.0,0.001,5.0,0.0,0.0,0.0,0.12067,-0.08523,-0.29644,0.00512,-0.85624
7591.39,SYN.BTC-25SEP20,1577789943893,open,0.05,37.0,0.0235,0.1015,0.05200228,86.6,0.052,0.0,BTC-25SEP20-20000-C,7219.2,85.92,0.0505,9.3,0.0535,0.1,87.27,16.84133,-2.71217,6.92043,5e-05,0.17575
7591.39,SYN.BTC-25SEP20,1577789943893,open,0.08,2.9,0.04,0.131,0.07571396,83.03,0.0775,0.0,BTC-25SEP20-16000-C,7219.2,82.2,0.0735,9.3,0.078,0.1,83.87,20.48772,-3.16328,9.47317,6e-05,0.24511
7591.39,SYN.BTC-25SEP20,1577789943893,open,1.18,1.0,1.111,1.273,1.18336622,83.03,1.18,0.0,BTC-25SEP20-16000-P,7219.2,0.0,0.04,1.0,1.25,0.1,105.4,20.48772,-3.16328,-108.39015,6e-05,-0.75489
7591.39,SYN.BTC-25SEP20,1577789943893,open,1.43,1.1,1.3595,1.5285,1.43464585,85.48,1.35,0.0,BTC-25SEP20-18000-P,7219.2,0.0,1.33,0.5,1.43,0.2,83.57,18.72434,-2.97639,-124.46264,5e-05,-0.79102
7591.39,SYN.BTC-25SEP20,1577789943893,open,1.68,1.0,1.6095,1.783,1.6865676,86.6,1.68,0.0,BTC-25SEP20-20000-P,7219.2,0.0,0.06,1.0,1.75,0.1,110.78,16.84133,-2.71217,-140.40871,5e-05,-0.82425
7591.39,SYN.BTC-25SEP20,1577789943893,open,0.12,2.2,0.0795,0.1855,0.1246184,79.51,0.128,0.0,BTC-25SEP20-12000-C,7219.2,77.92,0.1195,27.8,0.1295,22.8,81.01,24.61727,-3.63968,13.76523,7e-05,0.37077
7591.39,SYN.BTC-25SEP20,1577789943893,open,0.1,40.1,0.056,0.155,0.09655389,81.61,0.1,0.0,BTC-25SEP20-14000-C,7219.2,81.09,0.095,1.8,0.098,0.1,82.09,22.66388,-3.43951,11.39314,7e-05,0.30029
7591.39,SYN.BTC-25SEP20,1577789943893,open,0.94,1.0,0.8705,1.0275,0.94074962,81.61,0.93,0.0,BTC-25SEP20-14000-P,7219.2,0.0,0.03,1.0,0.99,0.1,97.31,22.66388,-3.43951,-91.73726,7e-05,-0.69971
7591.39,SYN.BTC-25SEP20,1577789943893,open,0.06,0.1,0.031,0.1165,0.06353706,85.48,0.0635,0.0,BTC-25SEP20-18000-C,7219.2,84.85,0.062,0.1,0.065,0.1,86.07,18.72434,-2.97639,8.1336,5e-05,0.20898
7591.39,SYN.BTC-25SEP20,1577789943893,open,0.7,1.0,0.638,0.788,0.70535759,79.51,0.705,0.0,BTC-25SEP20-12000-P,7219.2,0.0,0.02,1.0,0.77,1.0,98.87,24.61727,-3.63968,-74.63226,7e-05,-0.62923
135.3,ETH-26JUN20,1577789944102,open,0.46,0.0,0.423,0.494,0.458416,87.78,None,0.0,ETH-26JUN20-80-C,131.42,66.22,0.431,49.0,0.481,49.0,103.02,0.1914,-0.04723,0.27651,0.00244,0.87777
7231.85,SYN.BTC-10JAN20,1577789944404,open,0.11,0.5,0.0865,0.131,0.10727641,58.29,0.131,0.0,BTC-10JAN20-6500-C,7219.2,55.91,0.1065,10.0,0.1095,10.0,64.55,2.41987,-7.14205,1.50632,0.00029,0.8771
7231.85,SYN.BTC-10JAN20,1577789944404,open,0.14,0.0,0.1195,0.161,0.13947534,64.05,None,0.0,BTC-10JAN20-6250-C,7219.2,0.0,0.1355,0.1,0.156,6.0,110.66,1.68846,-5.47534,1.53651,0.00019,0.92473
7231.85,SYN.BTC-10JAN20,1577789944404,open,0.21,0.5,0.189,0.226,0.20663575,78.39,0.2065,0.0,BTC-10JAN20-5750-C,7219.2,0.0,0.2045,0.1,0.2195,6.0,132.5,0.86868,-3.44747,1.48844,8e-05,0.96732
7231.85,SYN.BTC-10JAN20,1577789944404,open,0.0,58.8,0.0005,0.0145,0.00370843,64.05,0.0035,0.0,BTC-10JAN20-6250-P,7219.2,63.15,0.0035,70.0,0.004,1.0,65.28,1.68849,-5.47549,-0.15454,0.00019,-0.07527
7231.85,SYN.BTC-10JAN20,1577789944404,open,0.17,1.8,0.154,0.193,0.1725685,69.49,0.171,0.0,BTC-10JAN20-6000-C,7219.2,0.0,0.17,0.1,0.187,6.0,120.34,1.13651,-3.99876,1.53011,0.00012,0.95456
7231.85,SYN.BTC-10JAN20,1577789944404,open,0.01,88.7,0.0005,0.021,0.00607882,58.29,0.006,0.0,BTC-10JAN20-6500-P,7219.2,56.53,0.0055,30.0,0.0065,27.1,59.54,2.41989,-7.14214,-0.25237,0.00029,-0.1229
7231.85,SYN.BTC-10JAN20,1577789944404,open,0.0,73.2,0.0005,0.0115,0.00173019,78.39,0.0015,0.0,BTC-10JAN20-5750-P,7219.2,76.39,0.0015,6.0,0.002,1.0,80.54,0.86872,-3.44765,-0.06733,8e-05,-0.03268
7231.85,SYN.BTC-10JAN20,1577789944404,open,0.0,87.9,0.0005,0.012,0.00223226,69.5,0.003,0.0,BTC-10JAN20-6000-P,7219.2,67.97,0.002,40.0,0.0025,0.5,71.15,1.13654,-3.99892,-0.09329,0.00012,-0.04545
7231.85,SYN.BTC-10JAN20,1577789944407,open,0.02,411.1,0.0085,0.048,0.01870039,49.93,0.0195,0.0,BTC-10JAN20-7000-P,7219.2,48.75,0.018,24.0,0.0195,40.3,51.26,4.3119,-10.89909,-0.68377,0.00061,-0.33075
7231.85,SYN.BTC-10JAN20,1577789944407,open,0.01,123.9,0.001,0.0325,0.01067249,53.84,0.011,0.0,BTC-10JAN20-6750-P,7219.2,52.39,0.01,24.0,0.0115,24.9,55.59,3.3827,-9.22075,-0.42258,0.00044,-0.20529
7231.85,SYN.BTC-10JAN20,1577789944407,open,0.05,26.7,0.037,0.09,0.0540009,48.06,0.0515,0.0,BTC-10JAN20-7500-P,7219.2,47.23,0.0535,18.0,0.0575,10.0,53.82,4.34321,-10.56893,-1.40319,0.00064,-0.66312
7231.85,SYN.BTC-10JAN20,1577789944407,open,0.0,94.1,0.0005,0.0165,0.00351335,56.55,0.0035,0.0,BTC-10JAN20-8250-C,7219.2,54.47,0.003,0.1,0.004,30.0,58.38,1.85781,-5.31903,0.16025,0.00023,0.08541
7231.85,SYN.BTC-10JAN20,1577789944407,open,0.01,169.3,0.0005,0.034,0.00903192,49.0,0.0095,0.0,BTC-10JAN20-7750-C,7219.2,47.86,0.0085,0.2,0.0095,0.3,49.99,3.39563,-8.42427,0.38661,0.00049,0.20662
7231.85,SYN.BTC-10JAN20,1577789944407,open,0.0,64.8,0.0005,0.012,0.00233605,60.32,0.0025,0.0,BTC-10JAN20-8500-C,7219.2,55.35,0.0015,77.0,0.003,42.7,63.61,1.36494,-4.16879,0.10736,0.00016,0.0572
7231.85,SYN.BTC-10JAN20,1577789944407,open,0.08,0.1,0.0605,0.1155,0.08068095,49.0,0.0635,0.0,BTC-10JAN20-7750-P,7219.2,0.0,0.0585,5.0,0.109,5.0,98.99,3.39565,-8.42437,-1.71028,0.00049,-0.79338
7231.85,SYN.BTC-10JAN20,1577789944407,open,0.03,66.7,0.0195,0.0675,0.03284255,48.06,0.0295,0.0,BTC-10JAN20-7250-P,7219.2,46.78,0.032,18.0,0.035,14.6,51.35,4.74552,-11.5479,-1.03651,0.0007,-0.49688
7231.85,SYN.BTC-10JAN20,1577789944407,open,0.02,601.8,0.007,0.047,0.0169212,48.06,0.017,0.0,BTC-10JAN20-7500-C,7219.2,45.68,0.0155,31.1,0.0175,1.5,49.03,4.34321,-10.56885,0.62606,0.00064,0.33688
7231.85,SYN.BTC-10JAN20,1577789944407,open,0.14,0.0,0.12,0.174,0.14430102,56.55,None,0.0,BTC-10JAN20-8250-P,7219.2,0.0,0.0,0.0,0.0,0.0,0.0,1.85785,-5.31921,-2.07192,0.00023,-0.91458
7231.85,SYN.BTC-10JAN20,1577789944407,open,0.11,0.0,0.089,0.1435,0.11149451,52.07,None,0.0,BTC-10JAN20-8000-P,7219.2,0.0,0.09,5.0,0.138,5.0,105.73,2.48984,-6.56385,-1.92436,0.00034,-0.87198
7231.85,SYN.BTC-10JAN20,1577789944407,open,0.08,2.0,0.057,0.105,0.07730076,53.84,0.0845,0.0,BTC-10JAN20-6750-C,7219.2,51.01,0.076,10.0,0.08,16.0,59.45,3.38269,-9.22067,1.40375,0.00044,0.79471
7231.85,SYN.BTC-10JAN20,1577789944409,open,0.01,167.1,0.0005,0.024,0.00527616,52.07,0.0055,0.0,BTC-10JAN20-8000-C,7219.2,51.26,0.005,0.4,0.0055,0.3,52.71,2.48981,-6.5637,0.24017,0.00034,0.12802
7231.85,SYN.BTC-10JAN20,1577789944409,open,0.18,0.0,0.153,0.2055,0.17769304,60.33,None,0.0,BTC-10JAN20-8500-P,7219.2,0.0,0.0,0.0,0.0,0.0,0.0,1.365,-4.16903,-2.19245,0.00016,-0.94279
7231.85,SYN.BTC-10JAN20,1577789944409,open,0.0,15.9,0.0005,0.0115,0.00169354,64.59,0.0025,0.0,BTC-10JAN20-8750-C,7219.2,59.02,0.001,85.0,0.002,30.0,66.61,1.04352,-3.41246,0.07669,0.00011,0.04089
7231.85,SYN.BTC-10JAN20,1577789944411,open,0.21,0.0,0.1865,0.24,0.21161986,64.59,None,0.0,BTC-10JAN20-8750-P,7219.2,0.0,0.0,0.0,0.0,0.0,0.0,1.04358,-3.41274,-2.29076,0.00011,-0.95911
131.62,SYN.ETH-10JAN20,1577789944610,open,0.1,44.0,0.068,0.13,0.099855,66.52,0.113,0.0,ETH-10JAN20-120-C,131.42,51.76,0.094,60.0,0.1,60.0,66.85,0.05765,-0.19415,0.02549,0.01849,0.81573
137.32,SYN.ETH-25SEP20,1577789944761,open,1.97,0.0,1.862,2.113,1.980299,98.87,None,0.0,ETH-25SEP20-400-P,131.42,0.0,0.0,0.0,0.0,0.0,0.0,0.33162,-0.06097,-2.81083,0.00241,-0.79833
137.32,SYN.ETH-25SEP20,1577789944761,open,2.25,0.0,2.139,2.403,2.263399,100.55,None,0.0,ETH-25SEP20-440-P,131.42,0.0,0.0,0.0,0.0,0.0,0.0,0.30859,-0.0577,-3.11978,0.00221,-0.82063
137.32,SYN.ETH-25SEP20,1577789944761,open,1.14,0.0,1.048,1.259,1.149786,93.09,None,0.0,ETH-25SEP20-280-P,131.42,0.0,0.0,0.0,1.171,1.0,99.94,0.41656,-0.07211,-1.85982,0.00322,-0.68872
137.32,SYN.ETH-25SEP20,1577789944761,open,0.09,19.0,0.045,0.148,0.091171,94.88,0.083,0.0,ETH-25SEP20-320-C,131.42,94.11,0.089,350.0,0.094,4.0,95.89,0.38517,-0.06796,0.17465,0.00292,0.26382
137.32,SYN.ETH-25SEP20,1577789944761,open,0.88,0.0,0.79,0.986,0.88505,90.87,None,0.0,ETH-25SEP20-240-P,131.42,0.0,0.0,0.0,0.916,1.0,100.25,0.44589,-0.07535,-1.53032,0.00353,-0.62774
7294.59,SYN.BTC-28FEB20,1577789944892,open,0.21,2.0,0.1765,0.254,0.21212596,63.93,0.212,0.0,BTC-28FEB20-8500-P,7219.2,23.5,0.1675,0.1,0.0,0.0,0.0,10.4793,-5.68972,-10.49508,0.00019,-0.67983
135.3,ETH-26JUN20,1577789945091,open,0.03,727.0,0.008,0.061,0.027207,103.88,0.025,0.0,ETH-26JUN20-440-C,131.42,102.08,0.025,350.0,0.03,670.0,106.05,0.16958,-0.04952,0.05009,0.00183,0.10318
131.48,SYN.ETH-3JAN20,1577789945101,open,0.17,1.0,0.138,0.193,0.164848,114.65,0.15,0.0,ETH-3JAN20-110-C,131.42,0.0,0.163,1.0,0.177,30.0,201.39,0.00916,-0.18252,0.00828,0.00586,0.96434
133.15,ETH-27MAR20,1577789945144,open,2.6,0.0,2.501,2.732,2.610351,120.0,None,0.0,ETH-27MAR20-480-P,131.42,0.0,0.004,50.0,0.0,0.0,0.0,0.04282,-0.02957,-1.13503,0.00085,-0.97113
7294.59,SYN.BTC-28FEB20,1577789945144,open,0.01,71.3,0.0025,0.031,0.01215815,71.73,0.0135,0.0,BTC-28FEB20-11000-C,7219.2,70.78,0.0115,34.0,0.0125,0.2,72.21,5.13935,-3.13051,1.03289,8e-05,0.09994
7294.59,SYN.BTC-28FEB20,1577789945144,open,0.52,0.0,0.4835,0.564,0.52012555,71.73,None,0.0,BTC-28FEB20-11000-P,7219.2,0.0,0.0,0.0,0.0,0.0,0.0,5.13964,-3.13077,-16.7104,8e-05,-0.90005
133.15,ETH-27MAR20,1577789945156,open,0.42,20.0,0.392,0.449,0.419742,90.26,0.613,0.0,ETH-27MAR20-80-C,131.42,57.03,0.402,44.0,0.44,44.0,113.76,0.1004,-0.05216,0.1572,0.00264,0.91576
131.48,SYN.ETH-3JAN20,1577789945162,open,0.0,1091.0,0.001,0.02,0.004287,65.54,0.006,0.0,ETH-3JAN20-140-C,131.42,58.8,0.003,590.0,0.006,670.0,73.43,0.02681,-0.30554,0.00148,0.03004,0.14673
135.3,ETH-26JUN20,1577789945164,open,2.85,0.0,2.738,3.007,2.864235,108.2,None,0.0,ETH-26JUN20-520-P,131.42,0.0,0.01,50.0,0.0,0.0,0.0,0.14047,-0.04272,-2.49514,0.00146,-0.91996
135.3,ETH-26JUN20,1577789945164,open,0.1,830.0,0.051,0.147,0.095979,89.2,0.096,0.0,ETH-26JUN20-220-C,131.42,87.59,0.092,529.0,0.1,140.0,90.8,0.33751,-0.08462,0.14732,0.00424,0.3194
133.15,ETH-27MAR20,1577789945164,open,0.3,1100.0,0.26,0.335,0.298225,83.22,0.303,0.0,ETH-27MAR20-100-C,131.42,62.98,0.274,43.0,0.332,43.0,108.13,0.17158,-0.08218,0.16476,0.00489,0.81811
131.48,SYN.ETH-3JAN20,1577789945164,open,0.03,2555.0,0.005,0.056,0.02825,63.0,0.027,0.0,ETH-3JAN20-130-C,131.42,56.46,0.026,350.0,0.03,350.0,68.07,0.04534,-0.49666,0.00583,0.05285,0.59096
135.3,ETH-26JUN20,1577789945170,open,1.69,1.0,1.6,1.811,1.699124,99.08,1.827,0.0,ETH-26JUN20-360-P,131.42,0.0,0.015,2.0,0.0,0.0,0.0,0.21279,-0.05926,-1.68572,0.00241,-0.85748
135.3,ETH-26JUN20,1577789945170,open,0.12,1440.0,0.067,0.168,0.115234,87.82,0.12,0.0,ETH-26JUN20-200-C,131.42,86.21,0.111,663.0,0.12,140.0,89.62,0.35673,-0.08806,0.16821,0.00455,0.37034
133.15,ETH-27MAR20,1577789945177,open,3.19,0.0,3.084,3.345,3.208462,120.0,None,0.0,ETH-27MAR20-560-P,131.42,0.0,0.02,50.0,0.0,0.0,0.0,0.02509,-0.01733,-1.32887,0.0005,-0.98465
135.3,ETH-26JUN20,1577789945177,open,1.98,0.0,1.883,2.107,1.987802,101.18,None,0.0,ETH-26JUN20-400-P,131.42,0.0,0.01,50.0,0.0,0.0,0.0,0.18748,-0.05332,-1.89178,0.00208,-0.88131
131.48,SYN.ETH-3JAN20,1577789945232,open,0.24,1.0,0.216,0.263,0.239562,120.0,0.208,0.0,ETH-3JAN20-100-C,131.42,0.0,0.239,1.0,0.251,32.0,260.1,0.00149,-0.03118,0.00783,0.00091,0.99564
135.3,ETH-26JUN20,1577789945236,open,0.58,1.0,0.554,0.603,0.577624,93.12,0.56,0.0,ETH-26JUN20-60-C,131.42,84.23,0.571,146.0,0.59,53.0,107.11,0.10885,-0.02849,0.24057,0.00131,0.94248
132.03,SYN.ETH-31JAN20,1577789945240,open,0.26,2.0,0.225,0.282,0.253745,79.35,0.236,0.0,ETH-31JAN20-100-C,131.42,50.12,0.244,36.0,0.276,36.0,115.74,0.06414,-0.08242,0.07291,0.00548,0.90651
135.3,ETH-26JUN20,1577789945242,open,0.25,1337.0,0.192,0.318,0.253808,84.52,0.239,0.0,ETH-26JUN20-140-P,131.42,82.75,0.249,350.0,0.259,180.0,86.44,0.36636,-0.08704,-0.43523,0.00486,-0.40627
135.3,ETH-26JUN20,1577789945244,open,0.36,1.0,0.314,0.405,0.360303,86.09,0.38,0.0,ETH-26JUN20-100-C,131.42,67.63,0.324,48.0,0.389,48.0,100.18,0.27284,-0.06603,0.28278,0.00355,0.78917
135.3,ETH-26JUN20,1577789945246,open,2.27,0.0,2.167,2.406,2.27924,103.88,None,0.0,ETH-26JUN20-440-P,131.42,0.0,0.01,50.0,0.0,0.0,0.0,0.16958,-0.04952,-2.09416,0.00183,-0.89682
135.3,ETH-26JUN20,1577789945246,open,3.44,0.0,3.31,3.61,3.451028,111.44,None,0.0,ETH-26JUN20-600-P,131.42,0.0,0.01,50.0,0.0,0.0,0.0,0.11767,-0.03686,-2.89292,0.00118,-0.93645
7330.46,BTC-27MAR20,1577789945579,open,2.82,0.0,2.7455,2.909,2.8223092,113.23,None,0.0,BTC-27MAR20-28000-P,7219.2,0.0,0.0015,10.0,0.0,0.0,0.0,1.41504,-0.92216,-66.41485,1e-05,-0.98421
7330.46,BTC-27MAR20,1577789945579,open,0.15,544.9,0.12,0.1935,0.15406853,68.82,0.159,0.0,BTC-27MAR20-7000-C,7219.2,66.63,0.15,17.0,0.158,10.0,70.94,13.61787,-5.39374,8.12796,0.00015,0.61992
7330.46,BTC-27MAR20,1577789945581,open,3.09,0.0,3.013,3.186,3.09464072,115.03,None,0.0,BTC-27MAR20-30000-P,7219.2,0.0,0.0015,10.0,0.0,0.0,0.0,1.18608,-0.78523,-71.21742,1e-05,-0.98714
7258.74,SYN.BTC-31JAN20,1577789945581,open,0.19,52.5,0.165,0.212,0.18736752,64.81,0.183,0.0,BTC-31JAN20-6000-C,7219.2,39.41,0.1755,7.1,0.2065,7.0,91.0,4.57575,-4.80213,4.16293,0.00016,0.86534
7258.74,SYN.BTC-31JAN20,1577789945581,open,0.03,421.0,0.0135,0.0525,0.02942115,56.48,0.029,0.0,BTC-31JAN20-8000-C,7219.2,55.58,0.0285,23.2,0.0295,10.5,56.56,7.39615,-6.76509,1.69279,0.00029,0.30511
7479.5,BTC-26JUN20,1577789945591,open,3.01,0.0,2.936,3.127,3.0232227,100.85,None,0.0,BTC-26JUN20-30000-P,7219.2,0.0,0.002,1.0,0.0,0.0,0.0,5.59975,-1.58748,-144.73179,2e-05,-0.94748
7222.88,SYN.BTC-3JAN20,1577789945591,open,0.18,0.0,0.154,0.204,0.1773072,86.08,None,0.0,BTC-3JAN20-8500-P,7219.2,0.0,0.157,4.0,0.197,4.0,205.86,0.2863,-4.28491,-0.65961,8e-05,-0.98181
7258.74,SYN.BTC-31JAN20,1577789945602,open,0.02,669.0,0.012,0.0485,0.02649499,60.16,0.0265,0.0,BTC-31JAN20-6500-P,7219.2,59.61,0.026,2.0,0.028,35.5,61.83,6.50658,-6.33923,-1.61328,0.00024,-0.23624
7222.88,SYN.BTC-3JAN20,1577789945602,open,0.04,127.9,0.0235,0.0715,0.04288444,48.11,0.0465,0.0,BTC-3JAN20-7500-P,7219.2,42.13,0.0415,16.0,0.044,10.0,52.52,1.7665,-14.77567,-0.48261,0.00089,-0.8052
7258.74,SYN.BTC-31JAN20,1577789945602,open,0.01,945.1,0.004,0.031,0.01395785,64.81,0.0135,0.0,BTC-31JAN20-6000-P,7219.2,64.08,0.0135,3.0,0.015,27.0,66.44,4.5758,-4.80223,-0.91254,0.00016,-0.13466
7330.46,BTC-27MAR20,1577789945604,open,0.46,7.4,0.447,0.4835,0.46304112,82.98,0.4255,0.0,BTC-27MAR20-4000-C,7219.2,53.59,0.455,8.0,0.4755,8.0,104.48,3.37104,-1.60996,8.58893,3e-05,0.95531
7479.5,BTC-26JUN20,1577789945606,open,2.75,0.0,2.6745,2.8575,2.75757683,99.32,None,0.0,BTC-26JUN20-28000-P,7219.2,0.0,0.002,1.0,0.0,0.0,0.0,6.1959,-1.72975,-134.78704,2e-05,-0.94029
7479.5,BTC-26JUN20,1577789945606,open,3.28,0.0,3.198,3.399,3.28986924,103.26,None,0.0,BTC-26JUN20-32000-P,7219.2,0.0,0.002,1.0,0.0,0.0,0.0,5.2866,-1.53449,-154.58446,2e-05,-0.95114
7330.46,BTC-27MAR20,1577789945608,open,0.04,1147.1,0.022,0.0785,0.04435865,73.53,0.044,0.0,BTC-27MAR20-10000-C,7219.2,72.31,0.0425,34.4,0.046,0.1,74.59,11.27355,-4.77088,3.52264,0.00012,0.24626
7330.46,BTC-27MAR20,1577789945610,open,0.1,1183.4,0.0675,0.14,0.09983866,69.57,0.101,0.0,BTC-27MAR20-8000-C,7219.2,68.62,0.098,21.2,0.1025,10.0,70.94,14.21246,-5.69051,6.37137,0.00016,0.46501
7330.46,BTC-27MAR20,1577789945610,open,0.11,363.6,0.076,0.1505,0.10898944,68.82,0.1065,0.0,BTC-27MAR20-7000-P,7219.2,67.21,0.106,35.3,0.1125,18.0,70.71,13.61786,-5.39379,-8.53316,0.00015,-0.38008
7330.46,BTC-27MAR20,1577789945610,open,0.66,55.7,0.616,0.714,0.6598354,78.67,0.645,0.0,BTC-27MAR20-12000-P,7219.2,43.9,0.638,3.0,0.6935,3.0,104.36,7.85758,-3.55774,-26.56354,8e-05,-0.86264
7479.5,BTC-26JUN20,1577789945612,open,2.48,0.0,2.4135,2.588,2.49216797,97.45,None,0.0,BTC-26JUN20-26000-P,7219.2,0.0,0.002,1.0,0.0,0.0,0.0,6.85186,-1.87699,-124.81238,3e-05,-0.93205
7479.5,BTC-26JUN20,1577789945614,open,0.16,351.2,0.123,0.218,0.1653294,73.42,0.162,0.0,BTC-26JUN20-7000-P,7219.2,73.49,0.1655,0.3,0.169,26.0,74.85,19.33821,-3.99129,-18.78064,0.0001,-0.34992
7222.88,SYN.BTC-3JAN20,1577789945614,open,0.21,0.0,0.188,0.24,0.21191852,98.85,None,0.0,BTC-3JAN20-8750-P,7219.2,0.0,0.1915,4.0,0.2315,4.0,226.61,0.25792,-4.43296,-0.6805,6e-05,-0.98391
7479.5,BTC-26JUN20,1577789945620,open,0.02,490.9,0.01,0.044,0.02248633,76.33,0.022,0.0,BTC-26JUN20-4000-P,7219.2,74.28,0.0205,17.0,0.0245,27.0,78.34,7.3755,-1.58247,-3.54579,4e-05,-0.07479
7479.5,BTC-26JUN20,1577789945627,open,0.45,136.4,0.394,0.5175,0.44985541,76.86,0.42,0.0,BTC-26JUN20-10000-P,7219.2,65.9,0.421,6.0,0.5165,10.0,101.14,20.06842,-4.33585,-38.54288,0.0001,-0.60757
7231.85,SYN.BTC-10JAN20,1577789732205,open,0.02,411.1,0.0085,0.048,0.01870039,49.93,0.0195,0.0,BTC-10JAN20-7000-P,7219.2,48.75,0.018,24.0,0.0195,40.3,51.26,4.3119,-10.89909,-0.68377,0.00061,-0.33075
7231.85,SYN.BTC-10JAN20,1577789256560,open,0.01,88.7,0.0005,0.021,0.00607871,58.29,0.006,0.0,BTC-10JAN20-6500-P,7219.2,56.53,0.0055,30.0,0.0065,27.1,59.54,2.41989,-7.14214,-0.25237,0.00029,-0.1229
7231.85,SYN.BTC-10JAN20,1577789730173,open,0.03,66.7,0.0195,0.0675,0.03284255,48.06,0.0295,0.0,BTC-10JAN20-7250-P,7219.2,46.78,0.032,18.0,0.035,14.6,51.35,4.74552,-11.5479,-1.03651,0.0007,-0.49688
7231.85,SYN.BTC-10JAN20,1577789109233,open,0.01,123.9,0.001,0.0325,0.01067255,53.84,0.011,0.0,BTC-10JAN20-6750-P,7219.2,52.39,0.01,24.0,0.0115,24.9,55.59,3.3827,-9.22075,-0.42258,0.00044,-0.20529
7231.85,SYN.BTC-10JAN20,1577788727451,open,0.0,64.8,0.0005,0.012,0.00233596,60.32,0.0025,0.0,BTC-10JAN20-8500-C,7219.2,55.35,0.0015,77.0,0.003,42.7,63.61,1.36494,-4.16879,0.10736,0.00016,0.0572
7591.39,SYN.BTC-25SEP20,1577789696515,open,0.14,32.3,0.0965,0.2055,0.14389032,78.52,0.1505,0.0,BTC-25SEP20-11000-C,7219.2,76.91,0.1385,27.0,0.149,22.0,80.05,25.40829,-3.71006,15.19018,8e-05,0.41552
7231.85,SYN.BTC-10JAN20,1577789109171,open,0.0,15.9,0.0005,0.0115,0.00169333,64.59,0.0025,0.0,BTC-10JAN20-8750-C,7219.2,59.02,0.001,85.0,0.002,30.0,66.61,1.04352,-3.41246,0.07669,0.00011,0.04089
7591.39,SYN.BTC-25SEP20,1577789696517,open,0.12,2.2,0.0795,0.1855,0.12461827,79.51,0.128,0.0,BTC-25SEP20-12000-C,7219.2,77.92,0.1195,27.8,0.1295,22.8,81.01,24.61727,-3.63968,13.76523,7e-05,0.37077
7591.39,SYN.BTC-25SEP20,1577789867200,open,0.13,4.5,0.0955,0.1865,0.13525113,74.91,0.134,0.0,BTC-25SEP20-6000-P,7219.2,72.41,0.1285,11.3,0.1375,19.5,75.74,20.52399,-2.859,-21.31593,6e-05,-0.24592
7591.39,SYN.BTC-25SEP20,1577789889930,open,0.08,107.4,0.0495,0.119,0.07886379,74.91,0.0805,0.0,BTC-25SEP20-5000-P,7219.2,73.09,0.075,10.0,0.082,23.6,76.37,16.22349,-2.25994,-13.68121,5e-05,-0.16579
7231.85,SYN.BTC-10JAN20,1577789932208,open,0.02,601.8,0.007,0.047,0.01692132,48.06,0.017,0.0,BTC-10JAN20-7500-C,7219.2,45.68,0.0155,31.1,0.0175,1.5,49.03,4.34321,-10.56885,0.62606,0.00064,0.33688
7591.39,SYN.BTC-25SEP20,1577789850935,open,0.16,50.5,0.112,0.219,0.15908959,74.98,0.164,0.0,BTC-25SEP20-10000-C,7219.2,75.99,0.1625,26.1,0.173,21.1,79.06,25.84651,-3.60403,16.69494,8e-05,0.45763
7591.39,SYN.BTC-25SEP20,1577789717366,open,0.19,32.9,0.1435,0.252,0.19225983,74.98,0.1955,0.0,BTC-25SEP20-9000-C,7219.2,75.05,0.1925,25.5,0.2025,20.0,77.98,25.95059,-3.61854,18.48717,8e-05,0.52285
7479.5,BTC-26JUN20,1577789857429,open,0.05,560.8,0.0255,0.097,0.05294408,82.06,0.05,0.0,BTC-26JUN20-14000-C,7219.2,80.58,0.05,25.9,0.056,36.9,83.56,15.02962,-3.46675,5.70874,7e-05,0.20956
7479.5,BTC-26JUN20,1577789109275,open,0.04,157.1,0.017,0.08,0.03953103,84.8,0.0405,0.0,BTC-26JUN20-16000-C,7219.2,83.3,0.037,32.0,0.042,39.0,86.23,12.77981,-3.04645,4.44432,6e-05,0.16146
7479.5,BTC-26JUN20,1577787656428,open,0.02,24.9,0.0065,0.0525,0.02076536,92.37,0.021,0.0,BTC-26JUN20-22000-C,7219.2,91.22,0.0195,32.0,0.022,0.1,93.46,8.3661,-2.17223,2.46502,3e-05,0.08839
7479.5,BTC-26JUN20,1577789696543,open,0.03,936.8,0.009,0.061,0.02601418,90.81,0.0245,0.0,BTC-26JUN20-20000-C,7219.2,89.63,0.0245,2.9,0.0275,40.0,91.94,9.72149,-2.48153,3.00651,4e-05,0.1085
7479.5,BTC-26JUN20,1577789891800,open,0.08,439.2,0.0415,0.123,0.07463869,79.22,0.0765,0.0,BTC-26JUN20-12000-C,7219.2,77.88,0.0715,29.2,0.0775,5.0,80.43,17.62311,-3.92453,7.54162,8e-05,0.28154
7591.39,SYN.BTC-25SEP20,1577789906462,open,0.2,33.3,0.157,0.265,0.20522733,74.91,0.2055,0.0,BTC-25SEP20-7000-P,7219.2,72.42,0.1975,25.1,0.2065,14.9,75.32,23.51546,-3.27572,-29.77518,7e-05,-0.32722
7479.5,BTC-26JUN20,1577789906474,open,0.02,16.5,0.0055,0.0485,0.01825767,95.19,0.0195,0.0,BTC-26JUN20-24000-C,7219.2,93.4,0.0165,54.7,0.02,24.5,96.86,7.57578,-2.02704,2.15834,3e-05,0.07747
7479.5,BTC-26JUN20,1577789565235,open,0.03,270.3,0.012,0.0685,0.0312116,87.7,0.0325,0.0,BTC-26JUN20-18000-C,7219.2,86.18,0.029,32.0,0.0335,40.0,89.23,11.02205,-2.71725,3.58627,5e-05,0.1296
7479.5,BTC-26JUN20,1577788788655,open,0.05,304.0,0.029,0.0845,0.05151226,73.94,0.049,0.0,BTC-26JUN20-5000-P,7219.2,72.07,0.0485,35.8,0.0545,24.8,75.77,12.15049,-2.52541,-7.32922,6e-05,-0.14956
7479.5,BTC-26JUN20,1577789891911,open,0.1,354.1,0.066,0.1435,0.09951505,73.42,0.097,0.0,BTC-26JUN20-6000-P,7219.2,72.05,0.0965,20.8,0.1015,27.3,74.33,16.45964,-3.39716,-12.60368,8e-05,-0.24627
7479.5,BTC-26JUN20,1577789546040,open,0.02,490.9,0.01,0.044,0.02248633,76.33,0.022,0.0,BTC-26JUN20-4000-P,7219.2,74.28,0.0205,17.0,0.0245,27.0,78.34,7.3755,-1.58247,-3.54579,4e-05,-0.07479
7479.5,BTC-26JUN20,1577789860246,open,0.16,351.2,0.123,0.218,0.16532967,73.42,0.162,0.0,BTC-26JUN20-7000-P,7219.2,73.49,0.1655,0.3,0.169,26.0,74.85,19.33821,-3.99129,-18.78064,0.0001,-0.34992
7479.5,BTC-26JUN20,1577789890750,open,0.18,241.1,0.138,0.235,0.18204429,75.51,0.182,0.0,BTC-26JUN20-8000-C,7219.2,72.96,0.175,19.2,0.181,4.9,75.14,20.63861,-4.38092,13.56046,0.0001,0.55407
7479.5,BTC-26JUN20,1577789850970,open,0.14,186.9,0.0995,0.195,0.14193987,75.86,0.1485,0.0,BTC-26JUN20-9000-C,7219.2,74.62,0.1385,20.9,0.1425,0.5,76.06,20.75572,-4.42587,11.8215,0.0001,0.46626
7330.46,BTC-27MAR20,1577789892280,open,0.11,363.6,0.076,0.1505,0.10898888,68.82,0.1065,0.0,BTC-27MAR20-7000-P,7219.2,67.21,0.106,35.3,0.1125,18.0,70.71,13.61786,-5.39379,-8.53316,0.00015,-0.38008
7479.5,BTC-26JUN20,1577789906478,open,0.01,51.0,0.004,0.041,0.01401108,99.32,0.0145,0.0,BTC-26JUN20-28000-C,7219.2,97.43,0.0125,54.7,0.0155,10.0,101.06,6.1959,-1.72975,1.66555,2e-05,0.05971
7330.46,BTC-27MAR20,1577789399542,open,0.0,164.7,0.0005,0.012,0.00212254,115.0,0.0025,0.0,BTC-27MAR20-30000-C,7219.2,114.22,0.002,7.2,0.003,68.0,119.78,1.18386,-0.78353,0.18687,1e-05,0.01283
7330.46,BTC-27MAR20,1577789870870,open,0.04,1147.1,0.022,0.0785,0.04435887,73.53,0.044,0.0,BTC-27MAR20-10000-C,7219.2,72.31,0.0425,34.4,0.046,0.1,74.59,11.27355,-4.77088,3.52264,0.00012,0.24626
7479.5,BTC-26JUN20,1577787388543,open,0.01,91.7,0.0025,0.0375,0.01225939,100.85,0.0115,0.0,BTC-26JUN20-30000-C,7219.2,99.11,0.011,57.0,0.0135,29.0,102.46,5.59975,-1.58748,1.46741,2e-05,0.05252
7294.59,SYN.BTC-28FEB20,1577789611367,open,0.02,77.5,0.007,0.042,0.01938095,67.84,0.0205,0.0,BTC-28FEB20-10000-C,7219.2,66.9,0.0185,71.1,0.02,2.5,68.48,6.93595,-3.99585,1.57794,0.00012,0.15349
7591.39,SYN.BTC-25SEP20,1577789850959,open,0.23,29.8,0.184,0.2915,0.23284442,74.91,0.233,0.0,BTC-25SEP20-8000-C,7219.2,74.5,0.2315,19.4,0.24,23.8,77.06,25.25581,-3.51813,20.24132,8e-05,0.5948
7294.59,SYN.BTC-28FEB20,1577789897625,open,0.05,31.8,0.029,0.0815,0.05126163,63.65,0.051,0.0,BTC-28FEB20-6500-P,7219.2,62.35,0.0495,50.2,0.0535,31.9,65.3,9.88423,-5.34291,-3.91311,0.00018,-0.2813
7294.59,SYN.BTC-28FEB20,1577789548877,open,0.03,28.6,0.0105,0.051,0.02579426,66.51,0.0265,0.0,BTC-28FEB20-9500-C,7219.2,65.34,0.0245,49.7,0.027,6.0,67.59,8.10719,-4.57929,2.00488,0.00014,0.19618
7479.5,BTC-26JUN20,1577789795044,open,0.02,75.9,0.0045,0.0445,0.01599978,97.45,0.017,0.0,BTC-26JUN20-26000-C,7219.2,95.77,0.0145,32.0,0.0175,2.0,99.05,6.85186,-1.87699,1.89359,3e-05,0.06795
7294.59,SYN.BTC-28FEB20,1577789404565,open,0.03,40.3,0.016,0.0615,0.03401626,64.71,0.0345,0.0,BTC-28FEB20-9000-C,7219.2,63.9,0.033,37.2,0.035,3.0,65.48,9.28472,-5.10207,2.52641,0.00017,0.24873
7330.46,BTC-27MAR20,1577789873985,open,0.1,1183.4,0.0675,0.14,0.09983908,69.57,0.101,0.0,BTC-27MAR20-8000-C,7219.2,68.62,0.098,21.2,0.1025,10.0,70.94,14.21246,-5.69051,6.37137,0.00016,0.46501
7258.74,SYN.BTC-31JAN20,1577788727267,open,0.0,393.9,0.0005,0.013,0.0030072,75.41,0.0025,0.0,BTC-31JAN20-11000-C,7219.2,73.14,0.0025,73.0,0.0035,1.0,77.41,1.71024,-2.08851,0.20921,5e-05,0.03708
7258.74,SYN.BTC-31JAN20,1577788949352,open,0.0,426.6,0.0005,0.014,0.00408291,78.61,0.004,0.0,BTC-31JAN20-5000-P,7219.2,76.21,0.0035,60.0,0.0045,3.0,80.21,1.83811,-2.33984,-0.27381,5e-05,-0.04051
7258.74,SYN.BTC-31JAN20,1577788791808,open,0.01,626.1,0.0005,0.017,0.00525948,68.36,0.006,0.0,BTC-31JAN20-10000-C,7219.2,66.22,0.0045,56.0,0.006,63.3,70.29,2.68514,-2.97237,0.36842,9e-05,0.06526
7294.59,SYN.BTC-28FEB20,1577789548869,open,0.09,26.9,0.06,0.1225,0.08840169,62.86,0.0875,0.0,BTC-28FEB20-7500-C,7219.2,61.36,0.086,17.4,0.0895,23.4,63.55,11.68626,-6.23874,4.91929,0.00022,0.50648
7294.59,SYN.BTC-28FEB20,1577789600231,open,0.08,21.2,0.0525,0.1145,0.07985542,63.07,0.077,0.0,BTC-28FEB20-7000-P,7219.2,61.86,0.078,16.5,0.0825,25.5,64.79,11.20849,-6.00355,-5.4831,0.00021,-0.38614
7258.74,SYN.BTC-31JAN20,1577789604682,open,0.05,712.0,0.03,0.0775,0.05124363,56.48,0.0505,0.0,BTC-31JAN20-7500-C,7219.2,54.53,0.049,18.2,0.0515,30.0,56.71,8.365,-7.65126,2.46977,0.00033,0.45347
7258.74,SYN.BTC-31JAN20,1577789548504,open,0.01,733.5,0.0005,0.0205,0.0076689,71.59,0.007,0.0,BTC-31JAN20-5500-P,7219.2,69.94,0.007,24.0,0.0085,51.0,73.56,3.00104,-3.4793,-0.51015,9e-05,-0.07541
7258.74,SYN.BTC-31JAN20,1577789399554,open,0.0,216.0,0.0005,0.015,0.00423941,73.04,0.004,0.0,BTC-31JAN20-10500-C,7219.2,70.49,0.0035,27.0,0.005,52.0,75.4,2.2248,-2.63136,0.2894,7e-05,0.05137
7258.74,SYN.BTC-31JAN20,1577789604680,open,0.04,809.1,0.028,0.0765,0.04900942,57.36,0.049,0.0,BTC-31JAN20-7000-P,7219.2,56.45,0.048,37.1,0.0505,9.0,58.71,8.04939,-7.47737,-2.64477,0.00031,-0.38172
7258.74,SYN.BTC-31JAN20,1577789841955,open,0.01,945.1,0.004,0.031,0.01395794,64.81,0.0135,0.0,BTC-31JAN20-6000-P,7219.2,64.08,0.0135,3.0,0.015,27.0,66.44,4.5758,-4.80223,-0.91254,0.00016,-0.13466
7258.74,SYN.BTC-31JAN20,1577789876059,open,0.02,786.6,0.0065,0.0365,0.01744068,58.39,0.0185,0.0,BTC-31JAN20-8500-C,7219.2,57.22,0.0165,25.8,0.0185,4.1,59.68,5.89562,-5.57487,1.11584,0.00023,0.19917
7258.74,SYN.BTC-31JAN20,1577789908925,open,0.02,669.0,0.012,0.0485,0.02649515,60.16,0.0265,0.0,BTC-31JAN20-6500-P,7219.2,59.61,0.026,2.0,0.028,35.5,61.83,6.50658,-6.33923,-1.61328,0.00024,-0.23624
7258.74,SYN.BTC-31JAN20,1577788944988,open,0.0,113.5,0.0005,0.0125,0.00250363,79.4,0.003,0.0,BTC-31JAN20-11500-C,7219.2,76.69,0.002,51.0,0.003,0.5,81.75,1.44619,-1.8594,0.17034,4e-05,0.03024
7258.74,SYN.BTC-31JAN20,1577789609312,open,0.03,421.0,0.0135,0.0525,0.02942142,56.48,0.029,0.0,BTC-31JAN20-8000-C,7219.2,55.58,0.0285,23.2,0.0295,10.5,56.56,7.39615,-6.76509,1.69279,0.00029,0.30511
7258.74,SYN.BTC-31JAN20,1577788949206,open,0.01,600.6,0.001,0.026,0.01056335,60.64,0.01,0.0,BTC-31JAN20-9000-C,7219.2,59.71,0.01,51.3,0.011,0.1,61.35,4.44294,-4.36287,0.72741,0.00016,0.12903
7222.88,SYN.BTC-3JAN20,1577788727258,open,0.0,154.3,0.0005,0.0105,0.00072842,104.75,0.0005,0.0,BTC-3JAN20-6000-P,7219.2,98.94,0.0005,18.7,0.001,80.7,110.31,0.31825,-5.26121,-0.01214,7e-05,-0.0206
7222.88,SYN.BTC-3JAN20,1577789840023,open,0.01,473.2,0.004,0.0415,0.01407466,44.77,0.0145,0.0,BTC-3JAN20-7250-C,7219.2,43.14,0.0135,26.4,0.015,9.9,47.39,2.5506,-19.85332,0.25964,0.00139,0.47033
7258.74,SYN.BTC-31JAN20,1577789728705,open,0.01,236.4,0.0005,0.021,0.00751471,65.02,0.008,0.0,BTC-31JAN20-9500-C,7219.2,62.83,0.0065,61.0,0.0085,50.0,67.01,3.48499,-3.66921,0.51883,0.00012,0.09201
7222.88,SYN.BTC-3JAN20,1577788726921,open,0.0,133.7,0.0005,0.0105,0.00036617,106.86,0.0005,0.0,BTC-3JAN20-9000-C,7219.2,0.0,0.0,0.0,0.001,47.0,123.13,0.1937,-2.64385,0.00636,4e-05,0.01155
131.62,SYN.ETH-10JAN20,1577789610122,open,0.05,789.0,0.019,0.074,0.045855,60.45,0.043,0.0,ETH-10JAN20-130-C,131.42,57.58,0.044,593.0,0.047,180.0,62.22,0.08507,-0.26038,0.01863,0.03002,0.56907
7222.88,SYN.BTC-3JAN20,1577789237003,open,0.0,361.3,0.0005,0.014,0.00175395,55.52,0.0015,0.0,BTC-3JAN20-7750-C,7219.2,49.0,0.001,67.1,0.002,15.0,57.33,0.95372,-9.20705,0.04456,0.00042,0.08007
137.32,SYN.ETH-25SEP20,1577789610155,open,0.21,189.0,0.153,0.274,0.212572,86.55,0.199,0.0,ETH-25SEP20-120-P,131.42,83.64,0.204,769.0,0.215,160.0,87.37,0.40355,-0.06495,-0.50855,0.00336,-0.29015
137.32,SYN.ETH-25SEP20,1577789800420,open,0.24,20.0,0.175,0.298,0.237322,86.55,0.237,0.0,ETH-25SEP20-160-C,131.42,86.16,0.236,350.0,0.246,432.0,89.12,0.46379,-0.07465,0.33228,0.00386,0.56579
7222.88,SYN.BTC-3JAN20,1577788727391,open,0.0,191.7,0.0005,0.0105,0.00049076,98.85,0.0005,0.0,BTC-3JAN20-8750-C,7219.2,0.0,0.0,0.0,0.001,67.4,109.96,0.2579,-3.54469,0.00888,6e-05,0.01609
137.32,SYN.ETH-25SEP20,1577789161311,open,0.07,1.0,0.029,0.12,0.067479,98.87,0.067,0.0,ETH-25SEP20-400-C,131.42,97.41,0.064,350.0,0.071,496.0,100.31,0.33162,-0.06097,0.13575,0.00241,0.20167
137.32,SYN.ETH-25SEP20,1577787239948,open,0.08,1.0,0.036,0.133,0.07828,97.17,0.067,0.0,ETH-25SEP20-360-C,131.42,95.91,0.075,350.0,0.082,489.0,98.59,0.35797,-0.06469,0.15357,0.00265,0.23009
137.32,SYN.ETH-25SEP20,1577789889562,open,0.05,80.0,0.02,0.101,0.052864,102.16,0.05,0.0,ETH-25SEP20-480-C,131.42,100.78,0.05,350.0,0.056,500.0,103.64,0.28839,-0.05479,0.10978,0.00203,0.16138
137.32,SYN.ETH-25SEP20,1577788716801,open,0.08,20.0,0.046,0.119,0.079738,89.41,0.081,0.0,ETH-25SEP20-80-P,131.42,86.9,0.075,170.0,0.084,539.0,91.65,0.26022,-0.04327,-0.22061,0.0021,-0.13835
135.3,ETH-26JUN20,1577789865232,open,0.18,203.0,0.12,0.229,0.174208,85.4,0.183,0.0,ETH-26JUN20-160-C,131.42,83.89,0.17,157.0,0.179,180.0,87.12,0.37675,-0.09044,0.21924,0.00495,0.50672
131.62,SYN.ETH-10JAN20,1577782444260,open,0.0,291.0,0.001,0.011,0.001501,117.79,0.001,0.0,ETH-10JAN20-90-P,131.42,110.61,0.001,350.0,0.002,429.0,123.57,0.01038,-0.0619,-0.00076,0.00188,-0.01977
135.3,ETH-26JUN20,1577789851215,open,0.05,434.0,0.018,0.089,0.047429,96.43,0.047,0.0,ETH-26JUN20-320-C,131.42,95.06,0.045,350.0,0.05,339.0,97.86,0.24176,-0.06553,0.08284,0.00281,0.17307
137.32,SYN.ETH-25SEP20,1577789165940,open,0.14,18.0,0.09,0.188,0.136885,87.05,0.128,0.0,ETH-25SEP20-100-P,131.42,84.28,0.13,520.0,0.143,489.0,89.5,0.34196,-0.05535,-0.35334,0.00283,-0.21241
137.32,SYN.ETH-25SEP20,1577789610157,open,0.21,20.0,0.145,0.272,0.208606,89.03,0.254,0.0,ETH-25SEP20-180-C,131.42,86.52,0.2,350.0,0.211,445.0,89.73,0.47002,-0.07782,0.30603,0.0038,0.51113
137.32,SYN.ETH-25SEP20,1577789578470,open,0.06,42.0,0.024,0.11,0.059297,100.55,0.057,0.0,ETH-25SEP20-440-C,131.42,99.07,0.056,350.0,0.063,500.0,102.18,0.30859,-0.0577,0.12146,0.00221,0.17937
135.3,ETH-26JUN20,1577783700961,open,0.03,1150.0,0.01,0.067,0.031409,101.18,0.03,0.0,ETH-26JUN20-400-C,131.42,99.4,0.029,470.0,0.034,200.0,103.01,0.18748,-0.05332,0.05755,0.00208,0.11869
135.3,ETH-26JUN20,1577789575404,open,0.22,695.0,0.164,0.272,0.21907,84.52,0.233,0.0,ETH-26JUN20-140-C,131.42,83.02,0.215,146.0,0.223,180.0,85.98,0.36636,-0.08704,0.24704,0.00486,0.59373
135.3,ETH-26JUN20,1577789282286,open,0.1,646.0,0.06,0.143,0.099402,86.09,0.119,0.0,ETH-26JUN20-100-P,131.42,82.91,0.093,717.0,0.105,167.0,88.86,0.27284,-0.06603,-0.20456,0.00355,-0.21083
135.3,ETH-26JUN20,1577789580252,open,0.1,830.0,0.051,0.147,0.095979,89.2,0.096,0.0,ETH-26JUN20-220-C,131.42,87.59,0.092,529.0,0.1,140.0,90.8,0.33751,-0.08462,0.14732,0.00424,0.3194
135.3,ETH-26JUN20,1577789573324,open,0.16,2038.0,0.115,0.221,0.166741,84.52,0.145,0.0,ETH-26JUN20-120-P,131.42,82.19,0.161,484.0,0.171,180.0,86.26,0.3328,-0.07907,-0.31375,0.00441,-0.3091
135.3,ETH-26JUN20,1577789828360,open,0.03,727.0,0.008,0.061,0.027208,103.88,0.025,0.0,ETH-26JUN20-440-C,131.42,102.08,0.025,350.0,0.03,670.0,106.05,0.16958,-0.04952,0.05009,0.00183,0.10318
135.3,ETH-26JUN20,1577789219782,open,0.14,2386.0,0.089,0.196,0.141534,86.89,0.14,0.0,ETH-26JUN20-180-C,131.42,84.87,0.136,345.0,0.148,515.0,89.24,0.37157,-0.09075,0.19254,0.00479,0.43354
135.3,ETH-26JUN20,1577789854099,open,0.58,1.0,0.554,0.603,0.577623,93.12,0.56,0.0,ETH-26JUN20-60-C,131.42,84.23,0.571,146.0,0.59,53.0,107.11,0.10885,-0.02849,0.24057,0.00131,0.94248
135.3,ETH-26JUN20,1577789399608,open,0.02,379.0,0.006,0.055,0.023417,105.88,0.024,0.0,ETH-26JUN20-480-C,131.42,103.67,0.021,470.0,0.026,670.0,108.1,0.15278,-0.04547,0.04359,0.00162,0.08953
135.3,ETH-26JUN20,1577784581304,open,0.02,1346.0,0.008,0.04,0.021082,93.12,0.018,0.0,ETH-26JUN20-60-P,131.42,89.16,0.018,550.0,0.024,87.0,96.65,0.10885,-0.02849,-0.05183,0.00131,-0.05752
133.15,ETH-27MAR20,1577789594081,open,0.14,654.0,0.093,0.181,0.136895,81.35,0.13,0.0,ETH-27MAR20-140-C,131.42,79.35,0.133,576.0,0.139,144.0,82.44,0.25848,-0.12102,0.12418,0.00753,0.52872
132.03,SYN.ETH-31JAN20,1577789610128,open,0.06,1832.0,0.029,0.087,0.053315,66.95,0.061,0.0,ETH-31JAN20-140-C,131.42,64.03,0.05,655.0,0.056,144.0,69.31,0.15006,-0.1627,0.04089,0.0152,0.41939
135.3,ETH-26JUN20,1577789828362,open,0.04,778.0,0.013,0.077,0.03837,99.08,0.032,0.0,ETH-26JUN20-360-C,131.42,97.55,0.036,350.0,0.041,340.0,100.72,0.21279,-0.05926,0.06867,0.00241,0.14252
135.3,ETH-26JUN20,1577788470032,open,0.02,295.0,0.005,0.048,0.018923,110.36,0.017,0.0,ETH-26JUN20-560-C,131.42,108.3,0.017,350.0,0.021,670.0,112.46,0.13009,-0.04036,0.03523,0.00132,0.07236
132.03,SYN.ETH-31JAN20,1577789610133,open,0.01,1514.0,0.001,0.016,0.004961,82.43,0.006,0.0,ETH-31JAN20-200-C,131.42,79.2,0.004,970.0,0.006,240.0,85.54,0.04176,-0.05575,0.00542,0.00344,0.05345
132.03,SYN.ETH-31JAN20,1577789906842,open,0.09,92.0,0.055,0.121,0.084895,66.94,0.098,0.0,ETH-31JAN20-130-C,131.42,64.4,0.082,603.0,0.087,144.0,68.78,0.15082,-0.16348,0.05421,0.01528,0.57029
135.3,ETH-26JUN20,1577789571722,open,0.05,1008.0,0.025,0.081,0.049694,87.78,0.054,0.0,ETH-26JUN20-80-P,131.42,85.14,0.046,543.0,0.053,200.0,90.09,0.1914,-0.04723,-0.11336,0.00244,-0.12223
132.03,SYN.ETH-31JAN20,1577789592045,open,0.01,4142.0,0.002,0.026,0.011121,79.35,0.012,0.0,ETH-31JAN20-100-P,131.42,76.99,0.01,1185.0,0.012,240.0,81.13,0.06414,-0.08242,-0.01168,0.00548,-0.09349
133.15,ETH-27MAR20,1577789610141,open,0.01,2.0,0.003,0.028,0.01255,95.22,0.01,0.0,ETH-27MAR20-70-P,131.42,90.12,0.01,978.0,0.015,240.0,99.68,0.07018,-0.03846,-0.02078,0.00175,-0.05301
133.15,ETH-27MAR20,1577789610142,open,0.07,90.0,0.04,0.111,0.073082,81.57,0.08,0.0,ETH-27MAR20-110-P,131.42,79.57,0.07,922.0,0.076,192.0,83.46,0.20581,-0.09662,-0.10195,0.00598,-0.2486
132.03,SYN.ETH-31JAN20,1577789783579,open,0.02,273.0,0.003,0.031,0.013409,72.49,0.016,0.0,ETH-31JAN20-170-C,131.42,70.24,0.012,830.0,0.015,880.0,74.93,0.08428,-0.09894,0.01382,0.00788,0.13714
131.48,SYN.ETH-3JAN20,1577789591848,open,0.02,980.0,0.001,0.043,0.017013,63.0,0.017,0.0,ETH-3JAN20-130-P,131.42,57.15,0.015,180.0,0.019,666.0,68.75,0.04534,-0.49666,-0.00441,0.05285,-0.40904
133.15,ETH-27MAR20,1577789610143,open,0.1,1687.0,0.065,0.148,0.104467,80.94,0.1,0.0,ETH-27MAR20-120-P,131.42,78.96,0.101,894.0,0.108,192.0,82.96,0.23305,-0.10857,-0.13531,0.00682,-0.32248
135.3,ETH-26JUN20,1577789865237,open,0.12,1440.0,0.067,0.168,0.115234,87.82,0.12,0.0,ETH-26JUN20-200-C,131.42,86.21,0.111,663.0,0.12,140.0,89.62,0.35673,-0.08806,0.16821,0.00455,0.37034
131.48,SYN.ETH-3JAN20,1577789591952,open,0.0,961.0,0.001,0.021,0.00445,87.98,0.004,0.0,ETH-3JAN20-120-P,131.42,85.28,0.004,4.0,0.005,1051.0,91.13,0.02242,-0.343,-0.00122,0.01872,-0.11337
132.03,SYN.ETH-31JAN20,1577789068482,open,0.0,824.0,0.001,0.012,0.002972,100.65,0.006,0.0,ETH-31JAN20-240-C,131.42,94.95,0.002,350.0,0.004,750.0,105.49,0.02544,-0.04146,0.00291,0.00171,0.02904
132.03,SYN.ETH-31JAN20,1577789610134,open,0.0,1986.0,0.001,0.013,0.003354,90.46,0.003,0.0,ETH-31JAN20-220-C,131.42,83.48,0.002,1210.0,0.004,240.0,93.17,0.02983,-0.0437,0.00356,0.00224,0.03523
7222.88,SYN.BTC-3JAN20,1577789945925,open,0.0,147.3,0.0005,0.0105,0.00024405,112.57,0.0005,0.0,BTC-3JAN20-9250-C,7219.41,0.0,0.0,0.0,0.0005,10.3,123.02,0.13494,-1.76278,0.00421,3e-05,0.00764
