underlying_price,underlying_index,timestamp,state,settlement_price,open_interest,min_price,max_price,mark_price,mark_iv,last_price,interest_rate,instrument_name,index_price,bid_iv,best_bid_price,best_bid_amount,best_ask_price,best_ask_amount,ask_iv,vega,theta,rho,gamma,delta
142.79,ETH-27DEC19,1574852339992,open,0.01,3837.0,0.001,0.026,0.010678,96.52,0.013,0.0,ETH-27DEC19-100-P,142.81,92.29,0.009,660.0,0.012,160.0,99.65,0.05879,-0.09497,-0.01021,0.00365,-0.07664
144.41,ETH-27MAR20,1574852339994,open,0.48,20.0,0.442,0.498,0.469424,89.45,0.613,0.0,ETH-27MAR20-80-C,142.81,0.0,0.446,1.0,0.0,0.0,0.0,0.12361,-0.04574,0.21546,0.002,0.91995
142.79,ETH-27DEC19,1574852339994,open,0.07,4410.0,0.049,0.123,0.08425,83.1,0.091,0.0,ETH-27DEC19-140-P,142.81,79.3,0.08,714.0,0.089,354.0,87.35,0.15969,-0.22208,-0.05894,0.01151,-0.42001
142.79,ETH-27DEC19,1574852340084,open,0.26,4510.0,0.24,0.339,0.287742,87.89,0.4,0.0,ETH-27DEC19-180-P,142.81,59.07,0.268,340.0,0.292,1.0,92.9,0.1188,-0.17475,-0.12558,0.0081,-0.78676
145.67,SYN.ETH-26JUN20,1574852340119,open,0.14,518.0,0.103,0.206,0.152671,84.74,0.133,0.0,ETH-26JUN20-120-P,142.81,81.67,0.145,266.0,0.155,210.0,85.67,0.36465,-0.07292,-0.35455,0.00349,-0.26662
145.67,SYN.ETH-26JUN20,1574852340124,open,0.97,0.0,0.921,1.112,1.012829,92.83,None,0.0,ETH-26JUN20-280-P,142.81,0.0,0.922,1.0,1.845,1.0,500.0,0.37632,-0.08244,-1.46166,0.00329,-0.71575
145.67,SYN.ETH-26JUN20,1574852340126,open,0.4,357.0,0.346,0.498,0.421151,86.66,0.405,0.0,ETH-26JUN20-180-P,142.81,75.74,0.388,210.0,0.451,210.0,96.49,0.44275,-0.09055,-0.77566,0.00415,-0.49616
144.41,ETH-27MAR20,1574852340155,open,0.02,579.0,0.006,0.052,0.022826,101.71,0.026,0.0,ETH-27MAR20-360-C,142.81,98.86,0.02,561.0,0.027,560.0,105.6,0.14839,-0.06243,0.03805,0.00211,0.1024
142.79,ETH-27DEC19,1574852340162,open,3.37,0.0,3.352,3.62,3.481794,0.0,None,0.0,ETH-27DEC19-640-P,142.81,0.0,0.02,50.0,0.0,0.0,0.0,0.0,0.0,-0.52385,0.0,-1.0
144.41,ETH-27MAR20,1574852340182,open,0.16,858.0,0.105,0.203,0.153956,84.97,0.16,0.0,ETH-27MAR20-160-C,142.81,82.81,0.149,266.0,0.159,300.0,87.17,0.33133,-0.11645,0.17213,0.00565,0.51389
144.41,ETH-27MAR20,1574852340185,open,0.08,792.0,0.037,0.12,0.075053,90.71,0.081,0.0,ETH-27MAR20-220-C,142.81,87.62,0.069,586.0,0.079,286.0,92.69,0.28571,-0.10721,0.1041,0.00456,0.29273
144.41,ETH-27MAR20,1574852340185,open,2.8,0.0,2.767,3.019,2.885716,112.11,None,0.0,ETH-27MAR20-560-P,142.81,0.0,0.02,50.0,0.0,0.0,0.0,0.06823,-0.03164,-1.84027,0.00088,-0.96231
142.79,ETH-27DEC19,1574852340192,open,0.38,3550.0,0.367,0.469,0.415629,92.45,0.355,0.0,ETH-27DEC19-200-P,142.81,0.0,0.4,1.0,0.433,1.0,117.05,0.08494,-0.13142,-0.15063,0.00551,-0.8732
145.67,SYN.ETH-26JUN20,1574852340198,open,0.04,4.0,0.022,0.074,0.045164,85.46,0.026,0.0,ETH-26JUN20-80-P,142.81,83.17,0.042,298.0,0.049,250.0,88.17,0.20372,-0.04108,-0.12814,0.00194,-0.10637
142.79,ETH-27DEC19,1574852340204,open,1.05,1.0,1.04,1.174,1.103412,118.38,0.494,0.0,ETH-27DEC19-300-P,142.81,0.0,0.021,6.0,0.0,0.0,0.0,0.02107,-0.04174,-0.24332,0.00107,-0.97845
142.79,ETH-27DEC19,1574852340215,open,0.03,6890.0,0.012,0.058,0.032007,86.35,0.031,0.0,ETH-27DEC19-120-P,142.81,83.85,0.03,128.0,0.035,780.0,90.0,0.11574,-0.16725,-0.02758,0.00803,-0.20401
144.41,ETH-27MAR20,1574852340222,open,3.34,0.0,3.304,3.588,3.438361,117.31,None,0.0,ETH-27MAR20-640-P,142.81,0.0,0.01,50.0,0.0,0.0,0.0,0.05795,-0.02812,-2.10781,0.00072,-0.9691
142.79,ETH-27DEC19,1574852340248,open,0.06,1792.0,0.025,0.084,0.052421,84.17,0.049,0.0,ETH-27DEC19-160-C,142.81,80.97,0.049,739.0,0.057,399.0,88.42,0.15318,-0.21578,0.03622,0.0109,0.36236
142.8,SYN.ETH-6DEC19,1574852340248,open,0.0,34.0,0.001,0.011,0.001958,110.6,0.003,0.0,ETH-6DEC19-200-C,142.81,99.9,0.001,10.0,0.003,200.0,118.95,0.01556,-0.09692,0.00101,0.00284,0.03097
142.79,ETH-27DEC19,1574852340250,open,0.92,310.0,0.905,1.03,0.963796,112.08,0.49,0.0,ETH-27DEC19-280-P,142.81,0.0,0.003,9.0,0.0,0.0,0.0,0.02484,-0.04659,-0.22646,0.00133,-0.97379
7020.18,BTC-27MAR20,1574852340349,open,0.46,139.4,0.437,0.547,0.48654469,76.61,0.44,0.0,BTC-27MAR20-10000-P,6914.4,58.47,0.4545,8.0,0.5265,8.0,96.05,13.6056,-4.31165,-28.04406,0.00011,-0.71973
7020.18,BTC-27MAR20,1574852340349,open,0.04,1206.8,0.015,0.0695,0.03501421,79.56,0.0415,0.0,BTC-27MAR20-12000-C,6914.4,78.52,0.0335,23.5,0.036,3.0,80.23,10.34132,-3.40331,3.20995,8e-05,0.17309
7020.18,BTC-27MAR20,1574852340349,open,0.09,290.8,0.0515,0.129,0.08472823,75.02,0.0815,0.0,BTC-27MAR20-9000-C,6914.4,73.98,0.0825,1.3,0.0865,21.0,75.84,15.10764,-4.68799,6.38944,0.00012,0.35956
6916.1,BTC-27DEC19,1574852340349,open,0.0,449.3,0.0005,0.0105,1e-08,120.0,0.0005,0.0,BTC-27DEC19-44000-C,6914.4,0.0,0.0,0.0,0.0005,1.0,213.15,1e-05,-2e-05,0.0,0.0,0.0
7020.18,BTC-27MAR20,1574852340349,open,0.71,54.9,0.6945,0.8065,0.74435418,79.55,0.77,0.0,BTC-27MAR20-12000-P,6914.4,0.0,0.022,1.0,0.88,1.0,148.12,10.33923,-3.4021,-36.53086,8e-05,-0.82697
6916.1,BTC-27DEC19,1574852340349,open,0.01,445.4,0.0055,0.0345,0.01588213,78.32,0.0135,0.0,BTC-27DEC19-5500-P,6914.4,75.97,0.0145,66.0,0.017,44.0,80.16,4.14742,-5.43606,-0.81612,0.00014,-0.12828
6916.1,BTC-27DEC19,1574852340349,open,0.0,106.3,0.0005,0.0105,6.73e-06,120.0,0.0005,0.0,BTC-27DEC19-2000-P,6914.4,0.0,0.0,0.0,0.0005,11.1,172.64,0.0061,-0.01226,-0.00047,0.0,-8e-05
6916.1,BTC-27DEC19,1574852340349,open,0.29,929.1,0.282,0.352,0.31410606,74.78,0.2545,0.0,BTC-27DEC19-9000-P,6914.4,0.0,0.06,1.0,0.55,1.0,300.4,4.19694,-5.25273,-6.70028,0.00014,-0.8695
6916.1,BTC-27DEC19,1574852340349,open,0.56,248.6,0.5605,0.6345,0.59453239,88.01,0.651,0.0,BTC-27DEC19-11000-P,6914.4,0.0,0.405,0.3,0.775,0.5,293.86,1.80739,-2.66213,-8.78319,5e-05,-0.95702
7020.18,BTC-27MAR20,1574852340349,open,0.15,162.0,0.1225,0.2125,0.16276155,72.14,0.166,0.0,BTC-27MAR20-7000-P,6914.4,70.02,0.158,9.0,0.1655,2.0,73.36,15.75036,-4.69983,-13.4339,0.00013,-0.41508
6916.1,BTC-27DEC19,1574852340349,open,0.65,0.0,0.629,0.6485,0.63861302,120.0,None,0.0,BTC-27DEC19-2500-C,6914.4,0.0,0.632,16.0,0.6455,16.0,213.07,0.05785,-0.11619,2.04093,0.0,0.99914
6916.1,BTC-27DEC19,1574852340349,open,0.79,12.1,0.7735,0.793,0.7831149,120.0,0.8415,0.0,BTC-27DEC19-1500-C,6914.4,0.0,0.776,20.0,0.79,20.0,312.35,0.00018,-0.00036,1.22776,0.0,1.0
7020.18,BTC-27MAR20,1574852340349,open,1.25,1.1,1.2415,1.3655,1.29678374,89.48,1.08,0.0,BTC-27MAR20-16000-P,6914.4,0.0,0.0,0.0,0.0,0.0,0.0,6.54645,-2.42307,-51.31034,4e-05,-0.91026
7020.18,BTC-27MAR20,1574852340349,open,0.08,563.3,0.0595,0.132,0.09075018,72.31,0.0825,0.0,BTC-27MAR20-6000-P,6914.4,70.88,0.088,22.8,0.094,12.1,73.99,13.5787,-4.06133,-8.59912,0.00012,-0.27913
7020.18,BTC-27MAR20,1574852340350,open,0.34,1.1,0.3025,0.3655,0.33131909,74.5,0.4535,0.0,BTC-27MAR20-5000-C,6914.4,59.9,0.3125,9.0,0.354,9.0,90.09,9.7176,-2.99458,11.89047,8e-05,0.84277
6916.1,BTC-27DEC19,1574852340349,open,0.0,680.5,0.0005,0.0105,8.76e-06,120.0,0.0005,0.0,BTC-27DEC19-26000-C,6914.4,0.0,0.0,0.0,0.001,49.0,171.74,0.00887,-0.0178,0.0006,0.0,0.00011
6915.02,SYN.BTC-6DEC19,1574852340349,open,0.0,34.7,0.0005,0.0115,0.00157336,87.42,0.0035,0.0,BTC-6DEC19-9000-C,6914.4,81.42,0.001,52.0,0.0025,30.0,94.73,0.75563,-3.72106,0.04963,7e-05,0.03109
6915.94,BTC-27DEC19,1574852340350,open,0.0,832.1,0.0005,0.0105,0.00055014,120.0,0.001,0.0,BTC-27DEC19-3000-P,6914.4,118.65,0.0005,32.0,0.0015,23.0,136.88,0.26562,-0.53344,-0.02916,1e-05,-0.0046
6915.94,BTC-27DEC19,1574852340350,open,0.24,71.4,0.1975,0.247,0.22063625,78.34,0.25,0.0,BTC-27DEC19-5500-C,6914.4,0.0,0.204,10.0,0.2395,10.0,105.81,4.14918,-5.44011,3.68515,0.00014,0.87163
6915.94,BTC-27DEC19,1574852340351,open,0.0,562.6,0.0005,0.0105,2e-08,120.0,0.0005,0.0,BTC-27DEC19-40000-C,6914.4,0.0,0.0,0.0,0.0005,5.8,203.85,4e-05,-8e-05,0.0,0.0,0.0
6915.94,BTC-27DEC19,1574852340351,open,0.02,1518.0,0.013,0.053,0.02889848,73.3,0.032,0.0,BTC-27DEC19-6000-P,6914.4,71.63,0.0275,19.3,0.0305,19.3,75.19,5.8126,-7.13039,-1.39203,0.0002,-0.21701
6915.94,BTC-27DEC19,1574852340351,open,0.58,11.0,0.557,0.5775,0.56677966,120.26,0.5835,0.0,BTC-27DEC19-3000-C,6914.4,0.0,0.5605,14.0,0.574,14.0,182.4,0.26902,-0.54142,2.42595,1e-05,0.99533
6915.02,SYN.BTC-6DEC19,1574852340349,open,0.02,66.0,0.0125,0.0585,0.03183719,69.52,0.035,0.0,BTC-6DEC19-6750-P,6914.4,68.13,0.031,24.0,0.033,2.5,71.47,4.13998,-16.21443,-0.71083,0.00051,-0.39089
6915.94,BTC-27DEC19,1574852340351,open,0.11,819.4,0.1005,0.1675,0.1312759,69.29,0.138,0.0,BTC-27DEC19-7500-P,6914.4,67.19,0.129,14.4,0.1345,16.5,72.24,7.52359,-8.72464,-4.26224,0.00028,-0.62167
6915.94,BTC-27DEC19,1574852340352,open,0.18,112.9,0.1355,0.1905,0.16135753,73.32,0.19,0.0,BTC-27DEC19-6000-C,6914.4,70.49,0.159,4.9,0.164,4.9,76.44,5.81344,-7.13375,3.51862,0.0002,0.78294
6914.66,SYN.BTC-29NOV19,1574852340349,open,0.84,0.0,0.8435,0.918,0.88002771,0.0,None,0.0,BTC-29NOV19-13000-P,6914.4,0.0,0.0,0.0,0.0,0.0,0.0,0.0,0.0,-0.66806,0.0,-1.0
6915.94,BTC-27DEC19,1574852340352,open,0.0,690.8,0.0005,0.0105,1.2e-07,120.0,0.0005,0.0,BTC-27DEC19-36000-C,6914.4,0.0,0.0,0.0,0.001,49.0,206.22,0.00017,-0.00035,1e-05,0.0,0.0
6915.94,BTC-27DEC19,1574852340352,open,0.0,970.2,0.0005,0.011,0.00125159,104.04,0.0015,0.0,BTC-27DEC19-14000-C,6914.4,101.24,0.001,26.0,0.0015,5.1,106.44,0.67077,-1.16793,0.06759,2e-05,0.01319
6915.94,BTC-27DEC19,1574852340352,open,0.01,1440.0,0.0005,0.02,0.00639639,80.52,0.0055,0.0,BTC-27DEC19-10000-C,6914.4,78.06,0.0055,77.5,0.0075,24.0,83.31,2.61869,-3.52901,0.35271,8e-05,0.0687
7020.18,BTC-27MAR20,1574852340352,open,0.01,137.6,0.0005,0.0205,0.00505665,111.14,0.006,0.0,BTC-27MAR20-30000-C,6914.4,109.45,0.0045,9.0,0.0055,15.0,112.4,2.4027,-1.10462,0.47589,1e-05,0.02553
6915.94,BTC-27DEC19,1574852340353,open,0.0,255.7,0.0005,0.0105,1.4e-07,120.0,0.001,0.0,BTC-27DEC19-1500-P,6914.4,0.0,0.0,0.0,0.0005,77.9,211.42,0.00018,-0.00036,-1e-05,0.0,0.0
6915.02,SYN.BTC-6DEC19,1574852340349,open,0.26,0.0,0.226,0.2655,0.24383012,107.44,None,0.0,BTC-6DEC19-5250-C,6914.4,0.0,0.23,8.0,0.256,8.0,161.68,0.96676,-5.85143,1.20089,8e-05,0.958
6915.94,BTC-27DEC19,1574852340353,open,0.3,66.8,0.2665,0.309,0.28597694,85.59,0.4645,0.0,BTC-27DEC19-5000-C,6914.4,0.0,0.273,11.0,0.3005,11.0,114.55,2.77008,-3.96795,3.62347,8e-05,0.92608
7020.02,BTC-27MAR20,1574852340353,open,0.97,58.9,0.9655,1.0825,1.01758924,84.22,1.1385,0.0,BTC-27MAR20-14000-P,6914.4,0.0,0.4,0.5,1.135,0.5,150.88,8.01515,-2.79225,-44.14732,6e-05,-0.88139
6914.66,SYN.BTC-29NOV19,1574852340349,open,0.49,5.0,0.489,0.5495,0.51848393,0.0,0.25,0.0,BTC-29NOV19-10500-P,6914.4,0.0,0.0,0.0,0.0,0.0,0.0,0.0,0.0,-0.53958,0.0,-1.0
6915.94,BTC-27DEC19,1574852340353,open,0.0,657.0,0.0005,0.0105,3.51e-06,120.0,0.0005,0.0,BTC-27DEC19-28000-C,6914.4,0.0,0.0,0.0,0.001,49.0,179.72,0.00391,-0.00785,0.00025,0.0,5e-05
6915.94,BTC-27DEC19,1574852340353,open,0.84,99.0,0.8435,0.925,0.88150192,99.38,0.638,0.0,BTC-27DEC19-13000-P,6914.4,0.0,0.7,0.2,0.0,0.0,0.0,0.91211,-1.51708,-10.54391,2e-05,-0.98112
6914.66,SYN.BTC-29NOV19,1574852340351,open,0.31,11.0,0.3115,0.3655,0.33772125,0.0,0.291,0.0,BTC-29NOV19-9250-P,6914.4,0.0,0.0065,0.1,0.0,0.0,0.0,0.0,0.0,-0.47535,0.0,-1.0
6915.02,SYN.BTC-6DEC19,1574852340349,open,0.11,31.0,0.103,0.1615,0.13025251,71.73,0.0995,0.0,BTC-6DEC19-7750-P,6914.4,69.78,0.1295,6.0,0.134,6.0,80.77,2.70529,-10.93219,-1.6185,0.00032,-0.83227
6914.66,SYN.BTC-29NOV19,1574852340353,open,0.0,232.9,0.0005,0.0105,0.0,120.0,0.0005,0.0,BTC-29NOV19-14000-C,6914.4,0.0,0.0,0.0,0.0005,0.5,373.86,0.0,0.0,0.0,0.0,0.0
7124.26,SYN.BTC-26JUN20,1574852340351,open,1.24,5.0,1.2255,1.3745,1.29149112,84.09,1.22,0.0,BTC-26JUN20-16000-P,6914.4,0.0,0.56,1.0,2.0,0.1,361.42,13.88734,-2.75573,-87.61233,6e-05,-0.82705
6915.02,SYN.BTC-6DEC19,1574852340352,open,0.17,11.3,0.1705,0.2275,0.19682697,75.51,0.105,0.0,BTC-6DEC19-8250-P,6914.4,0.0,0.0,0.0,0.0,0.0,0.0,1.52472,-6.48543,-1.88656,0.00017,-0.92511
6915.94,BTC-27DEC19,1574852340357,open,0.0,838.6,0.0005,0.0105,0.0004297,119.83,0.0005,0.0,BTC-27DEC19-18000-C,6914.4,0.0,0.0,0.0,0.001,22.2,130.79,0.25595,-0.51331,0.02255,1e-05,0.00441
6914.66,SYN.BTC-29NOV19,1574852340352,open,0.15,26.5,0.115,0.157,0.1339383,120.08,0.145,0.0,BTC-29NOV19-6000-C,6914.4,86.66,0.1325,0.1,0.1355,0.1,138.97,0.47308,-15.1427,0.29162,0.00016,0.95461
6915.02,SYN.BTC-6DEC19,1574852340349,open,0.24,0.0,0.241,0.2985,0.26731377,82.78,None,0.0,BTC-6DEC19-8750-P,6914.4,0.0,0.0,0.0,0.0,0.0,0.0,0.91632,-4.27318,-2.0649,0.0001,-0.96068
7124.26,SYN.BTC-26JUN20,1574852340349,open,0.5,122.5,0.461,0.5925,0.52044037,76.33,0.48,0.0,BTC-26JUN20-10000-P,6914.4,0.0,0.09,1.0,0.561,6.0,90.01,20.74868,-3.73735,-46.95501,9e-05,-0.61497
6915.02,SYN.BTC-6DEC19,1574852340349,open,0.01,146.0,0.0025,0.033,0.0129488,77.55,0.015,0.0,BTC-6DEC19-6250-P,6914.4,75.25,0.012,40.0,0.014,24.0,80.05,2.87812,-12.57413,-0.33281,0.00032,-0.18498
6915.02,SYN.BTC-6DEC19,1574852340349,open,0.0,2.5,0.0005,0.014,0.0030304,107.32,0.0025,0.0,BTC-6DEC19-5250-P,6914.4,103.31,0.0025,51.0,0.0035,0.1,110.56,0.96383,-5.8271,-0.07546,8e-05,-0.04184
6914.66,SYN.BTC-29NOV19,1574852340354,open,0.63,0.0,0.6305,0.697,0.66310488,0.0,None,0.0,BTC-29NOV19-11500-P,6914.4,0.0,0.0,0.0,0.0,0.0,0.0,0.0,0.0,-0.59097,0.0,-1.0
6914.66,SYN.BTC-29NOV19,1574852340350,open,0.0,284.6,0.0005,0.0105,0.0,120.0,0.0005,0.0,BTC-29NOV19-11500-C,6914.4,0.0,0.0,0.0,0.0005,0.3,282.36,0.0,0.0,0.0,0.0,0.0
7124.26,SYN.BTC-26JUN20,1574852340349,open,0.01,118.6,0.002,0.0265,0.01190269,77.68,0.0125,0.0,BTC-26JUN20-3000-P,6914.4,74.62,0.01,37.0,0.0135,29.0,80.06,4.62316,-0.84745,-2.12285,2e-05,-0.03943
6914.66,SYN.BTC-29NOV19,1574852340349,open,0.27,270.6,0.2765,0.3295,0.3015875,104.19,0.29,0.0,BTC-29NOV19-9000-P,6914.4,0.0,0.2,1.6,0.0,0.0,0.0,0.00446,-0.12377,-0.46242,0.0,-0.99976
6915.02,SYN.BTC-6DEC19,1574852340351,open,0.0,20.9,0.0005,0.011,0.00119609,90.79,0.001,0.0,BTC-6DEC19-9250-C,6914.4,80.42,0.0005,52.5,0.002,30.0,98.59,0.60086,-3.07306,0.0377,6e-05,0.02362
6914.66,SYN.BTC-29NOV19,1574852340350,open,0.17,233.8,0.17,0.2215,0.19354856,112.05,0.136,0.0,BTC-29NOV19-8250-P,6914.4,0.0,0.05,0.6,0.0,0.0,0.0,0.19269,-5.75571,-0.41862,7e-05,-0.98454
6914.66,SYN.BTC-29NOV19,1574852340351,open,0.56,13.1,0.56,0.623,0.59079598,0.0,0.233,0.0,BTC-29NOV19-11000-P,6914.4,0.0,0.0155,0.1,0.0,0.0,0.0,0.0,0.0,-0.56528,0.0,-1.0
6915.02,SYN.BTC-6DEC19,1574852340349,open,0.19,0.3,0.1535,0.1985,0.1742475,90.55,0.144,0.0,BTC-6DEC19-5750-C,6914.4,0.0,0.159,7.0,0.1885,7.0,134.9,1.66656,-8.50137,1.24689,0.00016,0.91577
6914.66,SYN.BTC-29NOV19,1574852340349,open,0.0,1148.2,0.0005,0.014,0.00191586,78.19,0.0025,0.0,BTC-29NOV19-7500-C,6914.4,73.95,0.0015,8.0,0.002,2.5,78.99,0.71975,-13.2475,0.02688,0.00037,0.07755
6914.66,SYN.BTC-29NOV19,1574852340351,open,0.0,370.8,0.0005,0.0105,0.00045161,112.79,0.0005,0.0,BTC-29NOV19-8250-C,6914.4,114.42,0.0005,44.5,0.001,30.0,127.19,0.19885,-3.12271,0.00554,7e-05,0.01604
6915.02,SYN.BTC-6DEC19,1574852340349,open,0.07,42.1,0.032,0.083,0.05572254,69.56,0.0595,0.0,BTC-6DEC19-6750-C,6914.4,65.84,0.0535,20.0,0.058,18.0,73.36,4.14008,-16.22328,0.93047,0.00051,0.60907
7124.26,SYN.BTC-26JUN20,1574852340351,open,0.98,11.5,0.961,1.105,1.02522726,81.87,0.99,0.0,BTC-26JUN20-14000-P,6914.4,0.0,0.5,1.0,2.0,1.0,500.0,16.08477,-3.10763,-74.64231,7e-05,-0.77969
6914.66,SYN.BTC-29NOV19,1574852340349,open,0.7,0.0,0.7015,0.7705,0.73541019,0.0,None,0.0,BTC-29NOV19-12000-P,6914.4,0.0,0.0,0.0,0.0,0.0,0.0,0.0,0.0,-0.61667,0.0,-1.0
7124.26,SYN.BTC-26JUN20,1574852340351,open,1.78,0.1,1.7665,1.9305,1.839435,90.16,1.765,0.0,BTC-26JUN20-20000-P,6914.4,0.0,0.1,1.0,2.05,0.1,173.52,11.05966,-2.35312,-112.33062,4e-05,-0.87682
6915.02,SYN.BTC-6DEC19,1574852340352,open,0.05,79.8,0.0165,0.0635,0.03718822,68.82,0.035,0.0,BTC-6DEC19-7000-C,6914.4,65.29,0.035,18.0,0.039,18.0,71.74,4.2941,-16.64727,0.73789,0.00054,0.47601
6915.02,SYN.BTC-6DEC19,1574852340349,open,0.02,340.7,0.0035,0.0365,0.01540198,70.71,0.0165,0.0,BTC-6DEC19-7500-C,6914.4,68.86,0.0145,20.0,0.0165,26.5,72.91,3.41065,-13.58505,0.3908,0.00041,0.24781
7124.26,SYN.BTC-26JUN20,1574852340349,open,0.06,478.0,0.03,0.108,0.0601916,81.91,0.0615,0.0,BTC-26JUN20-14000-C,6914.4,80.25,0.0565,16.0,0.0635,14.6,83.36,16.09232,-3.11045,6.6292,7e-05,0.22049
6914.66,SYN.BTC-29NOV19,1574852340351,open,0.0,192.5,0.0005,0.0105,9.23e-06,120.01,0.0005,0.0,BTC-29NOV19-9250-C,6914.4,0.0,0.0,0.0,0.0005,0.1,174.96,0.00749,-0.06379,0.00015,0.0,0.00042
6914.66,SYN.BTC-29NOV19,1574852340349,open,0.13,1002.4,0.1345,0.184,0.15737491,94.66,0.1445,0.0,BTC-29NOV19-8000-P,6914.4,0.0,0.143,6.0,0.176,6.0,233.57,0.21137,-5.33356,-0.40514,9e-05,-0.98277
6914.66,SYN.BTC-29NOV19,1574852340351,open,0.0,150.7,0.0005,0.0105,0.0,120.0,0.0005,0.0,BTC-29NOV19-12500-C,6914.4,0.0,0.0,0.0,0.0005,0.1,321.67,0.0,0.0,0.0,0.0,0.0
6915.02,SYN.BTC-6DEC19,1574852340350,open,0.21,0.0,0.206,0.263,0.23189613,79.23,0.219,0.0,BTC-6DEC19-8500-P,6914.4,0.0,0.0,0.0,0.0,0.0,0.0,1.1796,-5.26465,-1.98092,0.00013,-0.94615
7124.26,SYN.BTC-26JUN20,1574852340350,open,0.73,8.8,0.7045,0.8435,0.76677575,79.47,0.783,0.0,BTC-26JUN20-12000-P,6914.4,0.0,0.15,0.2,2.0,1.0,500.0,18.52819,-3.47474,-61.14309,8e-05,-0.71172
6915.02,SYN.BTC-6DEC19,1574852340351,open,0.02,111.4,0.006,0.044,0.02048049,73.23,0.022,0.0,BTC-6DEC19-6500-P,6914.4,70.36,0.019,40.0,0.022,24.1,76.14,3.59516,-14.83102,-0.4961,0.00042,-0.27455
6915.02,SYN.BTC-6DEC19,1574852340349,open,0.03,182.8,0.0075,0.048,0.0239516,69.09,0.021,0.0,BTC-6DEC19-7250-C,6914.4,65.7,0.022,37.2,0.025,0.1,70.9,3.9943,-15.54699,0.54834,0.0005,0.35005
6915.02,SYN.BTC-6DEC19,1574852340352,open,0.38,0.0,0.3825,0.443,0.41062361,95.81,None,0.0,BTC-6DEC19-9750-P,6914.4,0.0,0.0,0.0,0.0,0.0,0.0,0.36203,-1.95398,-2.35006,3e-05,-0.98696
6914.66,SYN.BTC-29NOV19,1574852340351,open,0.77,0.0,0.7725,0.8445,0.80771895,0.0,None,0.0,BTC-29NOV19-12500-P,6914.4,0.0,0.0,0.0,0.0,0.0,0.0,0.0,0.0,-0.64236,0.0,-1.0
6915.02,SYN.BTC-6DEC19,1574852340356,open,0.23,0.2,0.1895,0.232,0.20891456,99.54,0.175,0.0,BTC-6DEC19-5500-C,6914.4,0.0,0.197,7.0,0.222,8.0,148.1,1.28892,-7.22756,1.2289,0.00011,0.93974
6914.66,SYN.BTC-29NOV19,1574852340349,open,0.0,217.1,0.0005,0.0105,0.00044822,119.99,0.001,0.0,BTC-29NOV19-5750-P,6914.4,121.9,0.0005,57.5,0.0015,1.6,146.08,0.1808,-3.0993,-0.00526,6e-05,-0.01436
6915.02,SYN.BTC-6DEC19,1574852340359,open,0.14,36.7,0.1365,0.1935,0.16268443,72.92,0.136,0.0,BTC-6DEC19-8000-P,6914.4,0.0,0.147,5.0,0.185,5.0,126.12,2.03179,-8.34639,-1.76958,0.00024,-0.88968
6914.66,SYN.BTC-29NOV19,1574852340354,open,0.0,680.3,0.0005,0.014,0.0016451,119.85,0.002,0.0,BTC-29NOV19-6000-P,6914.4,124.79,0.002,3.9,0.0025,2.0,131.01,0.47069,-11.37532,-0.01661,0.00016,-0.0451
6914.66,SYN.BTC-29NOV19,1574852340351,open,0.41,33.2,0.418,0.476,0.44617536,0.0,0.316,0.0,BTC-29NOV19-10000-P,6914.4,0.0,0.0,0.0,0.75,1.0,500.0,0.0,0.0,-0.51389,0.0,-1.0
6914.66,SYN.BTC-29NOV19,1574852340351,open,0.0,644.2,0.0005,0.0105,0.0,120.0,0.0005,0.0,BTC-29NOV19-11000-C,6914.4,0.0,0.0,0.0,0.0005,0.2,261.04,0.0,0.0,0.0,0.0,0.0
6915.02,SYN.BTC-6DEC19,1574852340352,open,0.16,5.5,0.118,0.1665,0.14081284,83.54,0.121,0.0,BTC-6DEC19-6000-C,6914.4,72.18,0.1375,6.0,0.142,6.0,87.17,2.20882,-10.39531,1.23603,0.00023,0.87588
6915.02,SYN.BTC-6DEC19,1574852340355,open,0.0,58.5,0.0005,0.016,0.00379795,75.63,0.004,0.0,BTC-6DEC19-8250-C,6914.4,74.25,0.0035,30.0,0.0045,6.8,78.66,1.53016,-6.51892,0.12013,0.00017,0.07524
6914.66,SYN.BTC-29NOV19,1574852340355,open,0.0,114.4,0.0005,0.0105,7.5e-07,120.01,0.0005,0.0,BTC-29NOV19-9750-C,6914.4,0.0,0.0,0.0,0.0005,0.1,201.69,0.00081,-0.00517,1e-05,0.0,4e-05
7124.26,SYN.BTC-26JUN20,1574852340349,open,0.6,15.6,0.576,0.6105,0.59081873,77.7,0.6035,0.0,BTC-26JUN20-3000-C,6914.4,47.01,0.5795,8.0,0.602,8.0,92.31,4.62548,-0.84809,15.29007,2e-05,0.96055
6914.66,SYN.BTC-29NOV19,1574852340350,open,0.98,0.0,0.985,1.0655,1.02464942,0.0,None,0.0,BTC-29NOV19-14000-P,6914.4,0.0,0.0,0.0,0.0,0.0,0.0,0.0,0.0,-0.71944,0.0,-1.0
6914.66,SYN.BTC-29NOV19,1574852340354,open,0.0,468.6,0.0005,0.0105,0.0,120.0,0.0005,0.0,BTC-29NOV19-12000-C,6914.4,0.0,0.0,0.0,0.0005,0.4,302.53,0.0,0.0,0.0,0.0,0.0
6915.02,SYN.BTC-6DEC19,1574852340350,open,0.34,0.0,0.347,0.4065,0.37469757,93.35,None,0.0,BTC-6DEC19-9500-P,6914.4,0.0,0.0,0.0,0.0,0.0,0.0,0.46533,-2.44698,-2.28221,4e-05,-0.98253
144.41,ETH-27MAR20,1574852340573,open,1.73,4.0,1.695,1.894,1.788159,104.87,2.048,0.0,ETH-27MAR20-400-P,142.81,0.0,1.73,7.0,1.84,7.0,144.85,0.12679,-0.055,-1.2938,0.00175,-0.9172
142.81,SYN.ETH-29NOV19,1574852340598,open,0.23,712.0,0.224,0.3,0.260445,102.12,0.263,0.0,ETH-29NOV19-180-P,142.81,0.0,0.239,19.0,0.279,1.0,307.04,0.00031,-0.00842,-0.00924,0.00029,-0.99911
6914.66,SYN.BTC-29NOV19,1574852340904,open,0.05,152.4,0.013,0.0605,0.03568833,76.94,0.0335,0.0,BTC-29NOV19-6750-C,6914.4,66.31,0.033,0.4,0.036,0.5,78.15,1.77524,-36.4109,0.22854,0.00094,0.67887
6915.02,SYN.BTC-6DEC19,1574852340934,open,0.1,27.2,0.0555,0.108,0.08051887,73.27,0.1135,0.0,BTC-6DEC19-6500-C,6914.4,67.39,0.0775,6.0,0.082,9.8,76.1,3.59575,-14.84184,1.08431,0.00042,0.72536
6914.66,SYN.BTC-29NOV19,1574852340935,open,0.12,21.6,0.078,0.125,0.09972076,110.43,0.1105,0.0,BTC-29NOV19-6250-C,6914.4,80.38,0.097,6.1,0.1005,0.1,116.63,0.83157,-24.47802,0.28649,0.00031,0.90596
6915.94,BTC-27DEC19,1574852340969,open,0.05,567.5,0.0255,0.0755,0.04687257,69.33,0.046,0.0,BTC-27DEC19-7500-C,6914.4,68.07,0.0455,36.6,0.048,5.0,70.37,7.52434,-8.73106,1.87703,0.00028,0.37846
142.79,ETH-27DEC19,1574852341060,open,0.65,2355.0,0.634,0.744,0.685645,98.85,0.495,0.0,ETH-27DEC19-240-P,142.81,0.0,0.68,50.0,0.858,1.0,300.02,0.03877,-0.06414,-0.19173,0.00235,-0.95493
7019.96,BTC-27MAR20,1574852341356,open,0.04,219.6,0.023,0.074,0.04355153,74.49,0.042,0.0,BTC-27MAR20-5000-P,6914.56,73.37,0.042,0.9,0.045,29.1,75.54,9.71767,-2.99441,-4.6679,8e-05,-0.15724
7019.96,BTC-27MAR20,1574852341356,open,0.12,774.1,0.0795,0.162,0.1162061,72.84,0.115,0.0,BTC-27MAR20-8000-C,6914.56,71.87,0.114,12.0,0.1195,71.5,74.28,16.03242,-4.8303,7.97603,0.00013,0.45929
6916.04,BTC-27DEC19,1574852341356,open,0.0,526.9,0.0005,0.0105,5.869e-05,120.0,0.0005,0.0,BTC-27DEC19-22000-C,6914.56,0.0,0.0,0.0,0.001,49.0,153.43,0.04733,-0.09505,0.00357,0.0,0.00069
6916.04,BTC-27DEC19,1574852341357,open,4.65,0.0,4.6705,4.9015,4.78360639,0.0,2.58,0.0,BTC-27DEC19-40000-P,6914.56,0.0,0.001,1.0,0.0,0.0,0.0,0.0,0.0,-32.74049,0.0,-1.0
6916.04,BTC-27DEC19,1574852341358,open,5.22,0.0,5.238,5.492,5.36211419,187.27,3.46,0.0,BTC-27DEC19-44000-P,6914.56,0.0,0.001,1.0,0.0,0.0,0.0,0.04938,-0.15477,-36.01097,0.0,-0.99928
6916.04,BTC-27DEC19,1574852341359,open,5.78,0.0,5.805,6.082,5.94048821,196.09,None,0.0,BTC-27DEC19-48000-P,6914.56,0.0,0.0005,1.0,0.0,0.0,0.0,0.05142,-0.16876,-39.28488,0.0,-0.99925
7124.04,SYN.BTC-26JUN20,1574852341357,open,2.86,0.0,2.8595,3.057,2.94897083,98.19,None,0.0,BTC-26JUN20-28000-P,6914.56,0.0,0.0,0.0,0.0,0.0,0.0,7.50634,-1.73928,-160.29625,3e-05,-0.92725
7020.12,BTC-27MAR20,1574852341362,open,3.18,0.0,3.191,3.379,3.27854826,111.32,None,0.0,BTC-27MAR20-30000-P,6914.56,0.0,0.0,0.0,0.0,0.0,0.0,2.42191,-1.11521,-98.86973,1e-05,-0.97423
7124.04,SYN.BTC-26JUN20,1574852341358,open,2.59,0.0,2.5855,2.7735,2.67026854,96.19,None,0.0,BTC-26JUN20-26000-P,6914.56,0.0,0.0,0.0,0.0,0.0,0.0,8.12558,-1.84446,-148.44037,3e-05,-0.91926
6914.49,SYN.BTC-29NOV19,1574852341358,open,0.34,114.2,0.347,0.4015,0.37389592,0.0,0.3315,0.0,BTC-29NOV19-9500-P,6914.56,0.0,0.0305,2.0,0.0,0.0,0.0,0.0,0.0,-0.48819,0.0,-1.0
6914.49,SYN.BTC-29NOV19,1574852341360,open,0.38,2.0,0.3825,0.4385,0.41004906,0.0,0.161,0.0,BTC-29NOV19-9750-P,6914.56,0.0,0.405,2.0,0.0,0.0,0.0,0.0,0.0,-0.50104,0.0,-1.0
7124.04,SYN.BTC-26JUN20,1574852341356,open,1.51,2.0,1.495,1.651,1.56409922,87.08,1.5,0.0,BTC-26JUN20-18000-P,6914.56,0.0,1.2,1.0,2.1,0.1,282.18,12.27755,-2.52312,-100.10589,5e-05,-0.85662
6914.49,SYN.BTC-29NOV19,1574852341361,open,0.45,0.0,0.4535,0.5125,0.48235853,0.0,None,0.0,BTC-29NOV19-10250-P,6914.56,0.0,0.0,0.0,0.0,0.0,0.0,0.0,0.0,-0.52674,0.0,-1.0
7124.04,SYN.BTC-26JUN20,1574852341359,open,3.41,0.0,3.4085,3.625,3.50723408,101.62,None,0.0,BTC-26JUN20-32000-P,6914.56,0.0,0.0,0.0,0.0,0.0,0.0,6.48192,-1.55446,-183.90174,2e-05,-0.93981
6914.84,SYN.BTC-6DEC19,1574852341356,open,0.06,70.1,0.046,0.103,0.07238698,69.05,0.075,0.0,BTC-6DEC19-7250-P,6914.56,67.51,0.0715,18.0,0.075,5.2,73.55,3.99333,-15.53313,-1.21494,0.0005,-0.65016
7124.04,SYN.BTC-26JUN20,1574852341357,open,3.13,0.0,3.134,3.3405,3.22789785,99.9,None,0.0,BTC-26JUN20-30000-P,6914.56,0.0,0.0,0.0,0.0,0.0,0.0,6.94267,-1.63679,-172.12078,2e-05,-0.93426
144.41,ETH-27MAR20,1574852341712,open,0.94,173.0,0.904,1.07,0.982945,97.21,1.157,0.0,ETH-27MAR20-280-P,142.81,0.0,0.928,12.0,1.004,12.0,109.99,0.22035,-0.0886,-0.86079,0.00328,-0.81698
142.81,SYN.ETH-29NOV19,1574852341714,open,0.23,712.0,0.224,0.3,0.260533,102.12,0.263,0.0,ETH-29NOV19-180-P,142.81,0.0,0.238,19.0,0.279,1.0,307.04,0.00031,-0.00842,-0.00924,0.00029,-0.99911
142.79,ETH-27DEC19,1574852341869,open,0.78,946.0,0.769,0.887,0.824792,107.21,0.3,0.0,ETH-27DEC19-260-P,142.82,0.0,0.82,50.0,1.204,1.0,500.0,0.03222,-0.05781,-0.20908,0.0018,-0.96411
142.79,ETH-27DEC19,1574852341869,open,0.0,13247.0,0.001,0.011,1.3e-05,120.0,0.001,0.0,ETH-27DEC19-520-C,142.82,0.0,0.0,0.0,0.004,300.0,197.72,0.00026,-0.00051,2e-05,1e-05,0.00016
142.79,ETH-27DEC19,1574852341869,open,0.0,6174.0,0.001,0.011,0.0,120.0,0.001,0.0,ETH-27DEC19-720-C,142.82,0.0,0.0,0.0,0.003,300.0,228.13,1e-05,-1e-05,0.0,0.0,0.0
144.4,ETH-27MAR20,1574852341869,open,0.1,1179.0,0.065,0.151,0.106119,85.79,0.093,0.0,ETH-27MAR20-120-P,142.82,82.02,0.099,593.0,0.114,273.0,89.95,0.27325,-0.09696,-0.17845,0.00461,-0.26705
142.79,ETH-27DEC19,1574852341869,open,0.0,2053.0,0.001,0.013,0.00301,112.85,0.005,0.0,ETH-27DEC19-280-C,142.82,106.45,0.002,480.0,0.005,461.0,122.22,0.02559,-0.04832,0.00282,0.00136,0.02716
144.4,ETH-27MAR20,1574852341869,open,0.01,886.0,0.001,0.025,0.007869,112.11,0.009,0.0,ETH-27MAR20-560-C,142.82,110.2,0.007,220.0,0.01,221.0,116.29,0.06822,-0.03164,0.01426,0.00088,0.03769
142.79,ETH-27DEC19,1574852341869,open,0.0,4305.0,0.001,0.014,0.003937,107.21,0.005,0.0,ETH-27DEC19-260-C,142.82,102.7,0.003,480.0,0.005,1.0,111.58,0.03222,-0.05781,0.00373,0.0018,0.03589
142.79,ETH-27DEC19,1574852341869,open,0.0,12762.0,0.001,0.011,0.0,120.0,0.001,0.0,ETH-27DEC19-680-C,142.82,0.0,0.0,0.0,0.004,300.0,229.53,1e-05,-2e-05,0.0,0.0,1e-05
142.79,ETH-27DEC19,1574852341869,open,0.02,13421.0,0.004,0.035,0.014971,92.45,0.019,0.0,ETH-27DEC19-200-C,142.82,89.03,0.013,610.0,0.017,780.0,95.77,0.08494,-0.13142,0.01307,0.00551,0.1268
142.79,ETH-27DEC19,1574852341869,open,3.1,0.0,3.08,3.332,3.201977,120.0,0.953,0.0,ETH-27DEC19-600-P,142.82,0.0,0.02,50.0,0.0,0.0,0.0,5e-05,-0.00011,-0.4911,0.0,-0.99997
142.79,ETH-27DEC19,1574852341869,open,2.83,0.0,2.808,3.043,2.921848,120.0,0.845,0.0,ETH-27DEC19-560-P,142.82,0.0,0.02,50.0,0.0,0.0,0.0,0.00012,-0.00023,-0.45836,1e-05,-0.99993
144.41,ETH-27MAR20,1574852341869,open,3.07,0.0,3.036,3.303,3.162013,114.89,None,0.0,ETH-27MAR20-600-P,142.82,0.0,0.03,50.0,0.0,0.0,0.0,0.06287,-0.02988,-1.97412,0.00079,-0.96589
142.79,ETH-27DEC19,1574852341869,open,0.0,10460.0,0.001,0.011,0.000216,120.0,0.003,0.0,ETH-27DEC19-400-C,142.82,139.18,0.001,562.0,0.003,460.0,158.81,0.00298,-0.00599,0.00025,0.00015,0.00234
144.41,ETH-27MAR20,1574852341869,open,0.1,2028.0,0.052,0.142,0.09498,89.38,0.1,0.0,ETH-27MAR20-200-C,142.82,88.45,0.093,2.0,0.098,581.0,90.79,0.30892,-0.11421,0.12362,0.005,0.35348
142.79,ETH-27DEC19,1574852341869,open,1.46,257.0,1.448,1.601,1.521768,120.0,0.995,0.0,ETH-27DEC19-360-P,142.82,0.0,0.021,5.0,0.0,0.0,0.0,0.00678,-0.01361,-0.29405,0.00034,-0.99416
142.8,ETH-27DEC19,1574852341869,open,0.15,13747.0,0.128,0.219,0.172926,84.2,0.15,0.0,ETH-27DEC19-160-P,142.82,79.58,0.168,96.0,0.178,1.0,88.91,0.15321,-0.21591,-0.09472,0.0109,-0.63745
144.41,ETH-27MAR20,1574852341869,open,0.37,1.0,0.323,0.398,0.361019,85.81,0.337,0.0,ETH-27MAR20-100-C,142.82,32.6,0.309,1.0,0.0,0.0,0.0,0.20287,-0.07201,0.22868,0.00342,0.83918
142.8,ETH-27DEC19,1574852341869,open,3.65,1.0,3.624,3.909,3.762239,178.26,2.792,0.0,ETH-27DEC19-680-P,142.82,0.0,0.02,50.0,0.0,0.0,0.0,0.00319,-0.00951,-0.55633,0.00011,-0.99748
142.8,ETH-27DEC19,1574852341870,open,2.55,37.0,2.536,2.754,2.641724,148.79,0.707,0.0,ETH-27DEC19-520-P,142.82,0.0,0.003,50.0,0.0,0.0,0.0,0.00303,-0.00754,-0.42538,0.00012,-0.99762
142.8,ETH-27DEC19,1574852341869,open,0.21,22.0,0.156,0.225,0.191629,86.32,0.165,0.0,ETH-27DEC19-120-C,142.82,77.92,0.185,1.0,0.218,39.0,116.9,0.1157,-0.16713,0.07066,0.00803,0.79613
144.41,ETH-27MAR20,1574852341869,open,0.45,747.0,0.41,0.553,0.479925,89.38,0.57,0.0,ETH-27MAR20-200-P,142.82,78.9,0.458,300.0,0.496,300.0,96.8,0.30892,-0.11421,-0.53871,0.005,-0.64652
144.41,ETH-27MAR20,1574852341869,open,1.2,7.0,1.164,1.338,1.245737,98.5,1.28,0.0,ETH-27MAR20-320-P,142.82,0.0,0.011,5.0,1.255,2.0,105.59,0.177,-0.07211,-1.01121,0.0026,-0.86872
142.8,ETH-27DEC19,1574852341869,open,0.0,1347.0,0.001,0.011,0.000354,119.99,0.002,0.0,ETH-27DEC19-380-C,142.82,133.33,0.001,2.0,0.003,460.0,152.4,0.0045,-0.00904,0.00039,0.00022,0.00369
142.8,ETH-27DEC19,1574852341869,open,0.03,2981.0,0.009,0.053,0.02715,87.88,0.029,0.0,ETH-27DEC19-180-C,142.82,85.26,0.025,600.0,0.03,468.0,91.25,0.11881,-0.17474,0.02175,0.0081,0.21327
144.41,ETH-27MAR20,1574852341869,open,0.01,1637.0,0.003,0.033,0.012017,109.48,0.013,0.0,ETH-27MAR20-480-C,142.82,106.19,0.01,220.0,0.015,520.0,113.79,0.09346,-0.04232,0.02092,0.00124,0.05576
142.8,ETH-27DEC19,1574852341869,open,0.01,8815.0,0.001,0.025,0.009025,97.57,0.009,0.0,ETH-27DEC19-220-C,142.82,92.47,0.007,837.0,0.011,780.0,102.0,0.06043,-0.09869,0.00823,0.00371,0.07947
142.8,ETH-27DEC19,1574852341869,open,0.0,1759.0,0.001,0.011,0.000583,119.99,0.003,0.0,ETH-27DEC19-360-C,142.82,127.12,0.001,3000.0,0.003,300.0,145.59,0.00678,-0.01361,0.00061,0.00034,0.00584
142.8,ETH-27DEC19,1574852341869,open,0.0,16677.0,0.001,0.011,1e-06,119.99,0.001,0.0,ETH-27DEC19-640-C,142.82,0.0,0.0,0.0,0.003,300.0,214.74,2e-05,-5e-05,0.0,0.0,1e-05
142.81,SYN.ETH-29NOV19,1574852341869,open,0.0,71.0,0.001,0.011,2.6e-05,120.0,0.001,0.0,ETH-29NOV19-110-P,142.82,0.0,0.0,0.0,0.002,500.0,205.95,0.00036,-0.00364,-1e-05,0.00029,-0.00104
142.8,SYN.ETH-6DEC19,1574852341869,open,0.3,0.0,0.293,0.378,0.332993,100.97,None,0.0,ETH-6DEC19-190-P,142.82,0.0,0.011,2.0,0.0,0.0,0.0,0.01972,-0.11219,-0.04485,0.00394,-0.95862
142.8,ETH-27DEC19,1574852341870,open,4.19,1.0,4.168,4.487,4.322502,190.81,3.236,0.0,ETH-27DEC19-760-P,142.82,0.0,0.02,50.0,0.0,0.0,0.0,0.00333,-0.01063,-0.6218,0.0001,-0.99736
145.66,SYN.ETH-26JUN20,1574852341869,open,0.62,0.0,0.562,0.734,0.646097,89.42,None,0.0,ETH-26JUN20-220-P,142.82,29.56,0.514,1.0,0.678,1.0,100.16,0.42751,-0.09022,-1.05727,0.00388,-0.60433
142.8,ETH-27DEC19,1574852341870,open,0.0,11489.0,0.001,0.011,8.2e-05,119.99,0.002,0.0,ETH-27DEC19-440-C,142.82,0.0,0.0,0.0,0.002,499.0,162.11,0.00131,-0.00263,0.0001,7e-05,0.00095
144.41,ETH-27MAR20,1574852341870,open,0.34,1560.0,0.299,0.432,0.363799,86.08,0.36,0.0,ETH-27MAR20-180-P,142.82,77.67,0.345,300.0,0.383,300.0,94.56,0.32516,-0.11579,-0.45045,0.00547,-0.57809
142.8,ETH-27DEC19,1574852341870,open,0.0,6667.0,0.001,0.011,3.2e-05,119.99,0.001,0.0,ETH-27DEC19-480-C,142.82,0.0,0.0,0.0,0.001,14.0,159.52,0.00058,-0.00116,4e-05,3e-05,0.00039
142.8,ETH-27DEC19,1574852341870,open,0.0,21058.0,0.001,0.011,2e-06,119.99,0.007,0.0,ETH-27DEC19-600-C,142.82,0.0,0.0,0.0,0.001,100.0,183.69,5e-05,-0.00011,0.0,0.0,3e-05
144.41,ETH-27MAR20,1574852341870,open,0.02,1395.0,0.005,0.044,0.018268,104.87,0.022,0.0,ETH-27MAR20-400-C,142.82,102.19,0.016,260.0,0.021,260.0,107.86,0.12679,-0.055,0.03086,0.00175,0.0828
142.81,SYN.ETH-29NOV19,1574852341869,open,0.0,1282.0,0.001,0.011,0.000629,120.0,0.003,0.0,ETH-29NOV19-120-P,142.82,129.41,0.001,156.0,0.003,200.0,160.49,0.00483,-0.08985,-0.00015,0.00384,-0.01942
142.8,SYN.ETH-6DEC19,1574852341869,open,0.19,0.0,0.137,0.198,0.167821,95.42,None,0.0,ETH-6DEC19-120-C,142.82,0.0,0.159,1.0,0.262,1.0,301.14,0.041,-0.22039,0.02519,0.00866,0.89318
142.81,SYN.ETH-29NOV19,1574852341869,open,0.3,13.0,0.292,0.371,0.330462,120.0,0.301,0.0,ETH-29NOV19-190-P,142.82,0.0,0.004,10.0,0.0,0.0,0.0,0.00019,-0.0061,-0.00976,0.00015,-0.99947
142.8,SYN.ETH-6DEC19,1574852341869,open,0.0,104.0,0.001,0.011,0.001706,119.99,0.003,0.0,ETH-6DEC19-100-P,142.82,110.24,0.001,201.0,0.004,551.0,140.6,0.01208,-0.08164,-0.00085,0.00203,-0.02287
142.8,ETH-27DEC19,1574852341871,open,3.92,0.0,3.896,4.198,4.04237,184.7,None,0.0,ETH-27DEC19-720-P,142.82,0.0,0.004,50.0,0.0,0.0,0.0,0.00326,-0.01007,-0.58907,0.00011,-0.99742
142.8,ETH-27DEC19,1574852341871,open,0.0,11107.0,0.001,0.011,5e-06,119.99,0.001,0.0,ETH-27DEC19-560-C,142.82,0.0,0.0,0.0,0.004,300.0,206.64,0.00012,-0.00023,1e-05,1e-05,7e-05
144.41,ETH-27MAR20,1574852341871,open,0.05,2045.0,0.017,0.082,0.044021,97.21,0.046,0.0,ETH-27MAR20-280-C,142.82,95.87,0.042,5.0,0.045,298.0,97.85,0.22035,-0.0886,0.06647,0.00328,0.18302
144.41,ETH-27MAR20,1574852341871,open,2.53,0.0,2.499,2.736,2.610134,110.15,None,0.0,ETH-27MAR20-520-P,142.82,0.0,0.006,50.0,0.0,0.0,0.0,0.0776,-0.03536,-1.70537,0.00102,-0.95583
142.8,ETH-27DEC19,1574852341871,open,0.0,924.0,0.001,0.011,0.000964,119.99,0.002,0.0,ETH-27DEC19-340-C,142.82,120.49,0.001,101.0,0.003,300.0,138.3,0.01017,-0.02043,0.00097,0.00051,0.00925
144.41,ETH-27MAR20,1574852341871,open,0.01,403.0,0.001,0.022,0.006535,117.31,0.006,0.0,ETH-27MAR20-640-C,142.82,113.15,0.005,220.0,0.008,520.0,120.73,0.05795,-0.02812,0.01165,0.00072,0.0309
142.8,ETH-27DEC19,1574852341871,open,0.12,83.0,0.068,0.14,0.103789,83.07,0.114,0.0,ETH-27DEC19-140-C,142.82,78.79,0.099,339.0,0.108,243.0,86.84,0.15969,-0.22201,0.05567,0.01152,0.5801
142.81,SYN.ETH-29NOV19,1574852341869,open,0.0,1522.0,0.001,0.011,0.0,120.0,0.001,0.0,ETH-29NOV19-260-C,142.82,0.0,0.0,0.0,0.001,1.0,352.29,0.0,0.0,0.0,0.0,0.0
142.8,ETH-27DEC19,1574852341871,open,0.33,0.0,0.283,0.338,0.310348,96.42,None,0.0,ETH-27DEC19-100-C,142.82,0.0,0.299,1.0,0.0,0.0,0.0,0.05867,-0.09467,0.07168,0.00365,0.92357
142.8,ETH-27DEC19,1574852341871,open,0.0,4535.0,0.001,0.011,0.0,120.0,0.002,0.0,ETH-27DEC19-760-C,142.82,0.0,0.0,0.0,0.003,572.0,234.19,0.0,-1e-05,0.0,0.0,0.0
142.8,ETH-27DEC19,1574852341871,open,2.01,0.0,1.992,2.176,2.081531,133.25,None,0.0,ETH-27DEC19-440-P,142.82,0.0,0.002,50.0,0.0,0.0,0.0,0.0036,-0.00803,-0.35984,0.00016,-0.99712
142.8,SYN.ETH-6DEC19,1574852341871,open,0.25,0.0,0.207,0.261,0.233665,108.59,None,0.0,ETH-6DEC19-110-C,142.82,0.0,0.229,1.0,0.398,1.0,500.0,0.02369,-0.1449,0.02481,0.0044,0.94802
144.41,ETH-27MAR20,1574852341872,open,0.28,40.0,0.228,0.32,0.275152,85.8,0.459,0.0,ETH-27MAR20-120-C,142.82,53.52,0.216,1.0,0.0,0.0,0.0,0.27324,-0.09698,0.21896,0.00461,0.73299
142.8,ETH-27DEC19,1574852341872,open,2.28,21.0,2.264,2.465,2.361612,140.77,0.629,0.0,ETH-27DEC19-480-P,142.82,0.0,0.002,50.0,0.0,0.0,0.0,0.00315,-0.00743,-0.39263,0.00013,-0.99751
142.81,SYN.ETH-29NOV19,1574852341870,open,0.64,0.0,0.632,0.732,0.680569,128.72,None,0.0,ETH-29NOV19-240-P,142.82,0.0,0.01,50.0,0.0,0.0,0.0,0.0,0.0,-0.01233,0.0,-1.0
144.41,ETH-27MAR20,1574852341872,open,0.2,35.0,0.154,0.252,0.203738,84.01,0.198,0.0,ETH-27MAR20-140-C,142.82,79.12,0.193,257.0,0.213,257.0,88.24,0.31638,-0.10994,0.19914,0.00545,0.62015
144.41,ETH-27MAR20,1574852341872,open,0.06,2135.0,0.027,0.102,0.060228,92.09,0.061,0.0,ETH-27MAR20-240-C,142.82,89.72,0.056,800.0,0.064,591.0,94.16,0.26067,-0.0993,0.08788,0.0041,0.24399
145.66,SYN.ETH-26JUN20,1574852341869,open,0.02,185.0,0.006,0.032,0.016411,85.97,0.01,0.0,ETH-26JUN20-60-P,142.82,74.55,0.009,300.0,0.024,301.0,95.39,0.10766,-0.02184,-0.05304,0.00102,-0.04632
144.41,ETH-27MAR20,1574852341872,open,0.69,119.0,0.648,0.802,0.722163,92.09,0.835,0.0,ETH-27MAR20-240-P,142.82,78.91,0.7,300.0,0.738,300.0,100.56,0.26067,-0.0993,-0.70692,0.0041,-0.75601
144.41,ETH-27MAR20,1574852341872,open,0.02,834.0,0.009,0.044,0.023402,89.45,0.01,0.0,ETH-27MAR20-80-P,142.82,86.59,0.021,320.0,0.026,320.0,92.43,0.12361,-0.04574,-0.04947,0.002,-0.08005
142.8,SYN.ETH-6DEC19,1574852341869,open,0.0,173.0,0.001,0.011,0.000821,119.93,0.001,0.0,ETH-6DEC19-220-C,142.82,0.0,0.0,0.0,0.002,300.0,135.9,0.00761,-0.05138,0.00043,0.00128,0.0133
142.81,SYN.ETH-29NOV19,1574852341869,open,0.91,0.0,0.904,1.021,0.960664,165.69,None,0.0,ETH-29NOV19-280-P,142.82,0.0,0.01,50.0,0.0,0.0,0.0,0.0,0.0,-0.01439,0.0,-1.0
144.41,ETH-27MAR20,1574852341873,open,2.26,0.0,2.231,2.455,2.335886,109.48,None,0.0,ETH-27MAR20-480-P,142.82,0.0,0.004,50.0,0.0,0.0,0.0,0.09346,-0.04232,-1.56868,0.00124,-0.94424
144.41,ETH-27MAR20,1574852341872,open,0.57,30.0,0.527,0.675,0.598492,90.71,0.306,0.0,ETH-27MAR20-220-P,142.82,66.85,0.556,300.0,0.618,1.0,100.3,0.28571,-0.10721,-0.62446,0.00456,-0.70727
144.41,ETH-27MAR20,1574852341872,open,0.01,2340.0,0.001,0.028,0.009275,110.15,0.011,0.0,ETH-27MAR20-520-C,142.82,107.67,0.008,220.0,0.011,220.0,113.19,0.0776,-0.03536,0.01669,0.00102,0.04417
144.41,ETH-27MAR20,1574852341873,open,0.03,1033.0,0.01,0.062,0.029824,98.5,0.032,0.0,ETH-27MAR20-320-C,142.82,96.14,0.027,260.0,0.033,260.0,101.03,0.177,-0.07211,0.04852,0.0026,0.13128
145.66,SYN.ETH-26JUN20,1574852341870,open,0.34,142.0,0.276,0.379,0.328921,84.76,0.335,0.0,ETH-26JUN20-120-C,142.82,81.99,0.322,468.0,0.335,210.0,87.19,0.36465,-0.07294,0.34195,0.00349,0.73335
145.66,SYN.ETH-26JUN20,1574852341871,open,0.14,555.0,0.082,0.193,0.135835,89.46,0.13,0.0,ETH-26JUN20-220-C,142.82,87.81,0.131,460.0,0.142,460.0,91.55,0.42755,-0.09026,0.21982,0.00388,0.39581
142.81,SYN.ETH-29NOV19,1574852341869,open,0.16,167.0,0.156,0.23,0.191144,119.97,0.15,0.0,ETH-29NOV19-170-P,142.82,0.0,0.12,1.0,0.256,1.0,452.62,0.00571,-0.18262,-0.00857,0.00454,-0.97635
142.8,ETH-27DEC19,1574852341873,open,0.01,7003.0,0.001,0.016,0.004855,99.26,0.005,0.0,ETH-27DEC19-240-C,142.82,95.97,0.004,780.0,0.005,10.0,99.78,0.03933,-0.06533,0.00479,0.00237,0.04587
142.8,SYN.ETH-6DEC19,1574852341870,open,0.17,0.0,0.159,0.241,0.198141,89.48,None,0.0,ETH-6DEC19-170-P,142.82,0.0,0.19,1.0,0.405,1.0,450.85,0.0443,-0.22332,-0.03747,0.00998,-0.88092
144.41,ETH-27MAR20,1574852341873,open,1.99,0.0,1.963,2.173,2.060922,106.44,None,0.0,ETH-27MAR20-440-P,142.82,0.0,0.003,50.0,2.798,1.0,500.0,0.10562,-0.0465,-1.43267,0.00144,-0.93481
142.8,SYN.ETH-6DEC19,1574852341869,open,0.0,32.0,0.001,0.011,0.001144,113.98,0.002,0.0,ETH-6DEC19-210-C,142.82,0.0,0.0,0.0,0.003,501.0,132.43,0.0102,-0.06546,0.00061,0.0018,0.01873
142.81,SYN.ETH-29NOV19,1574852341869,open,0.78,0.0,0.768,0.877,0.820617,144.93,None,0.0,ETH-29NOV19-260-P,142.82,0.0,0.01,50.0,0.0,0.0,0.0,0.0,0.0,-0.01336,0.0,-1.0
142.81,SYN.ETH-29NOV19,1574852341869,open,0.5,0.0,0.496,0.588,0.540522,120.07,None,0.0,ETH-29NOV19-220-P,142.82,0.0,0.011,2.0,0.0,0.0,0.0,0.0,-1e-05,-0.01131,0.0,-1.0
144.41,ETH-27MAR20,1574852341874,open,0.01,5207.0,0.001,0.023,0.007176,114.89,0.009,0.0,ETH-27MAR20-600-C,142.82,109.29,0.005,220.0,0.01,520.0,120.7,0.06287,-0.02988,0.01288,0.00079,0.03411
144.41,ETH-27MAR20,1574852341874,open,0.24,3845.0,0.202,0.324,0.261913,84.97,0.245,0.0,ETH-27MAR20-160-P,142.82,82.39,0.256,170.0,0.269,300.0,88.06,0.33133,-0.11645,-0.35773,0.00565,-0.48611
145.66,SYN.ETH-26JUN20,1574852341869,open,0.41,1.0,0.359,0.447,0.403795,84.76,0.38,0.0,ETH-26JUN20-100-C,142.82,34.63,0.321,1.0,0.954,1.0,500.0,0.29389,-0.05878,0.34967,0.00282,0.81734
142.8,SYN.ETH-6DEC19,1574852341869,open,0.01,432.0,0.001,0.025,0.007699,89.48,0.012,0.0,ETH-6DEC19-170-C,142.82,83.7,0.006,1.0,0.01,501.0,96.48,0.0443,-0.22332,0.00387,0.00998,0.11908
142.8,SYN.ETH-6DEC19,1574852341871,open,0.01,364.0,0.004,0.043,0.018277,86.07,0.021,0.0,ETH-6DEC19-130-P,142.82,81.09,0.016,160.0,0.021,160.0,91.86,0.0662,-0.32098,-0.00833,0.01551,-0.22154
142.8,SYN.ETH-6DEC19,1574852341869,open,0.13,11.0,0.074,0.141,0.107939,86.07,0.134,0.0,ETH-6DEC19-130-C,142.82,75.03,0.103,40.0,0.111,40.0,92.56,0.0662,-0.32098,0.02328,0.01551,0.77846
142.81,SYN.ETH-29NOV19,1574852341869,open,1.19,0.0,1.176,1.31,1.240759,197.91,None,0.0,ETH-29NOV19-320-P,142.82,0.0,0.01,50.0,0.0,0.0,0.0,0.0,0.0,-0.01644,0.0,-1.0
142.81,SYN.ETH-29NOV19,1574852341873,open,0.0,2925.0,0.001,0.011,0.0,120.0,0.003,0.0,ETH-29NOV19-100-P,142.82,0.0,0.0,0.0,0.002,310.0,268.23,1e-05,-4e-05,0.0,1e-05,-1e-05
142.81,SYN.ETH-29NOV19,1574852341869,open,0.32,2.0,0.279,0.32,0.299763,120.0,0.344,0.0,ETH-29NOV19-100-C,142.82,0.0,0.299,1.0,0.325,1.0,500.0,1e-05,-0.00021,0.00514,1e-05,0.99999
142.8,SYN.ETH-6DEC19,1574852341872,open,0.01,344.0,0.001,0.017,0.0041,94.45,0.003,0.0,ETH-6DEC19-180-C,142.82,82.05,0.002,500.0,0.006,200.0,102.92,0.02893,-0.15392,0.00219,0.00618,0.06707
145.66,SYN.ETH-26JUN20,1574852341870,open,0.04,330.0,0.012,0.076,0.036842,102.43,0.04,0.0,ETH-26JUN20-480-C,142.82,99.95,0.033,440.0,0.041,140.0,104.98,0.23174,-0.05602,0.07673,0.00184,0.12759
142.8,SYN.ETH-6DEC19,1574852341869,open,0.51,0.0,0.496,0.592,0.541393,119.93,None,0.0,ETH-6DEC19-220-P,142.82,0.0,0.0,0.0,0.0,0.0,0.0,0.00761,-0.05138,-0.05306,0.00128,-0.9867
145.66,SYN.ETH-26JUN20,1574852341873,open,0.02,560.0,0.006,0.055,0.02315,108.0,0.021,0.0,ETH-26JUN20-640-C,142.82,105.17,0.02,440.0,0.027,140.0,111.17,0.16909,-0.0431,0.05031,0.00127,0.08265
142.81,SYN.ETH-29NOV19,1574852341871,open,0.01,2328.0,0.001,0.043,0.015488,84.96,0.013,0.0,ETH-29NOV19-140-P,142.82,71.84,0.012,160.0,0.019,423.0,97.95,0.03833,-0.86796,-0.00276,0.04304,-0.36069
145.66,SYN.ETH-26JUN20,1574852341869,open,2.0,0.0,1.951,2.188,2.062225,100.19,None,0.0,ETH-26JUN20-440-P,142.82,0.0,0.01,50.0,0.0,0.0,0.0,0.25069,-0.05927,-2.46822,0.00203,-0.85691
142.81,SYN.ETH-29NOV19,1574852341872,open,0.0,2491.0,0.001,0.011,1e-06,120.0,0.001,0.0,ETH-29NOV19-200-C,142.82,0.0,0.0,0.0,0.001,21.0,217.29,2e-05,-0.00015,0.0,2e-05,5e-05
142.81,SYN.ETH-29NOV19,1574852341872,open,0.0,2386.0,0.001,0.011,0.0,120.0,0.001,0.0,ETH-29NOV19-240-C,142.82,0.0,0.0,0.0,0.001,1.0,312.29,0.0,0.0,0.0,0.0,0.0
142.81,SYN.ETH-29NOV19,1574852341870,open,0.0,1117.0,0.001,0.011,0.000741,119.97,0.003,0.0,ETH-29NOV19-170-C,142.82,125.84,0.001,100.0,0.003,502.0,154.67,0.00571,-0.10583,0.00017,0.00454,0.02365
142.81,SYN.ETH-29NOV19,1574852341871,open,0.57,0.0,0.564,0.66,0.610546,121.68,None,0.0,ETH-29NOV19-230-P,142.82,0.0,0.01,50.0,0.0,0.0,0.0,0.0,0.0,-0.01182,0.0,-1.0
142.81,SYN.ETH-29NOV19,1574852341869,open,0.37,100.0,0.36,0.443,0.400476,120.0,0.149,0.0,ETH-29NOV19-200-P,142.82,0.0,0.037,5.0,0.0,0.0,0.0,2e-05,-0.00072,-0.01028,2e-05,-0.99995
142.81,SYN.ETH-29NOV19,1574852341871,open,0.0,483.0,0.001,0.011,1.2e-05,120.0,0.002,0.0,ETH-29NOV19-190-C,142.82,0.0,0.0,0.0,0.001,1.0,189.31,0.00019,-0.00168,0.0,0.00015,0.00053
142.81,SYN.ETH-29NOV19,1574852341869,open,0.0,803.0,0.001,0.023,0.004482,111.42,0.005,0.0,ETH-29NOV19-130-P,142.82,90.11,0.002,550.0,0.006,544.0,121.89,0.01949,-0.57878,-0.00085,0.01669,-0.1119
142.8,SYN.ETH-6DEC19,1574852341869,open,0.32,0.0,0.279,0.325,0.301446,119.99,None,0.0,ETH-6DEC19-100-C,142.82,0.0,0.0,0.0,0.433,1.0,500.0,0.01208,-0.08164,0.02346,0.00203,0.97713
145.66,SYN.ETH-26JUN20,1574852341871,open,1.22,0.0,1.172,1.375,1.268823,94.83,1.06,0.0,ETH-26JUN20-320-P,142.82,0.0,0.015,2.0,1.283,1.0,100.73,0.33966,-0.07601,-1.72111,0.00291,-0.76671
142.8,SYN.ETH-6DEC19,1574852341872,open,0.04,490.0,0.008,0.059,0.030518,81.39,0.031,0.0,ETH-6DEC19-150-C,142.82,75.4,0.027,423.0,0.034,423.0,87.26,0.0843,-0.38653,0.01189,0.02089,0.37302
145.66,SYN.ETH-26JUN20,1574852341872,open,0.06,681.0,0.024,0.106,0.059072,96.94,0.057,0.0,ETH-26JUN20-360-C,142.82,94.98,0.055,477.0,0.063,180.0,98.78,0.30698,-0.07023,0.11583,0.00257,0.19606
142.81,SYN.ETH-29NOV19,1574852341872,open,0.05,143.0,0.007,0.065,0.035156,84.96,0.025,0.0,ETH-29NOV19-140-C,142.82,69.29,0.031,120.0,0.04,120.0,102.84,0.03833,-0.86796,0.00443,0.04304,0.63931
145.66,SYN.ETH-26JUN20,1574852341872,open,0.51,0.0,0.463,0.53,0.495989,85.48,None,0.0,ETH-26JUN20-80-C,142.82,29.92,0.451,1.0,0.959,1.0,500.0,0.20378,-0.04111,0.33617,0.00194,0.89357
145.66,SYN.ETH-26JUN20,1574852341869,open,0.08,719.0,0.054,0.132,0.090277,84.74,0.09,0.0,ETH-26JUN20-100-P,142.82,81.61,0.084,284.0,0.094,250.0,86.58,0.29387,-0.05876,-0.23076,0.00282,-0.18264
145.66,SYN.ETH-26JUN20,1574852341871,open,0.05,652.0,0.019,0.093,0.04913,98.65,0.052,0.0,ETH-26JUN20-400-C,142.82,96.99,0.046,140.0,0.053,140.0,100.66,0.27708,-0.06451,0.09923,0.00228,0.16649
142.81,SYN.ETH-29NOV19,1574852341869,open,0.0,1436.0,0.001,0.011,0.0,120.0,0.001,0.0,ETH-29NOV19-230-C,142.82,0.0,0.0,0.0,0.001,1.0,290.64,0.0,0.0,0.0,0.0,0.0
142.8,SYN.ETH-6DEC19,1574852341872,open,0.24,0.0,0.225,0.309,0.264568,94.45,None,0.0,ETH-6DEC19-180-P,142.82,0.0,0.26,1.0,0.488,1.0,500.0,0.02893,-0.15392,-0.04158,0.00618,-0.93293
142.8,SYN.ETH-6DEC19,1574852341872,open,0.37,0.0,0.36,0.45,0.402477,110.59,None,0.0,ETH-6DEC19-200-P,142.82,0.0,0.0,0.0,0.0,0.0,0.0,0.01555,-0.09685,-0.04763,0.00283,-0.96906
142.8,SYN.ETH-6DEC19,1574852341871,open,0.44,0.0,0.428,0.52,0.471691,113.98,None,0.0,ETH-6DEC19-210-P,142.82,0.0,0.0,0.0,0.0,0.0,0.0,0.0102,-0.06546,-0.05046,0.0018,-0.98127
145.66,SYN.ETH-26JUN20,1574852341873,open,0.04,664.0,0.015,0.083,0.041702,100.31,0.045,0.0,ETH-26JUN20-440-C,142.82,98.72,0.039,140.0,0.046,140.0,102.75,0.25128,-0.05948,0.08615,0.00203,0.14359
142.8,SYN.ETH-6DEC19,1574852341873,open,0.02,457.0,0.002,0.037,0.014622,83.74,0.022,0.0,ETH-6DEC19-160-C,142.82,77.73,0.012,446.0,0.017,161.0,88.91,0.06423,-0.30297,0.00679,0.01547,0.21027
145.66,SYN.ETH-26JUN20,1574852341869,open,3.05,0.0,3.008,3.3,3.144812,106.72,None,0.0,ETH-26JUN20-600-P,142.82,0.0,0.01,50.0,0.0,0.0,0.0,0.18171,-0.04576,-3.42761,0.00138,-0.909
142.81,SYN.ETH-29NOV19,1574852341870,open,0.0,4810.0,0.001,0.011,0.000106,120.0,0.001,0.0,ETH-29NOV19-180-C,142.82,0.0,0.0,0.0,0.002,301.0,178.46,0.00123,-0.01507,3e-05,0.00098,0.00405
145.66,SYN.ETH-26JUN20,1574852341869,open,0.03,42.0,0.01,0.069,0.032133,103.83,0.034,0.0,ETH-26JUN20-520-C,142.82,101.62,0.029,440.0,0.036,140.0,106.41,0.21213,-0.05198,0.068,0.00166,0.11255
142.81,SYN.ETH-29NOV19,1574852341873,open,0.0,1129.0,0.001,0.015,0.002033,102.37,0.003,0.0,ETH-29NOV19-160-C,142.82,102.0,0.002,555.0,0.004,500.0,120.33,0.01302,-0.29039,0.00046,0.01213,0.06524
142.81,SYN.ETH-29NOV19,1574852341874,open,0.0,4018.0,0.001,0.011,0.0,120.0,0.002,0.0,ETH-29NOV19-210-C,142.82,0.0,0.0,0.0,0.002,300.0,269.42,0.0,-1e-05,0.0,0.0,0.0
145.66,SYN.ETH-26JUN20,1574852341871,open,0.09,427.0,0.046,0.144,0.090798,92.88,0.088,0.0,ETH-26JUN20-280-C,142.82,91.01,0.086,180.0,0.097,470.0,95.26,0.37643,-0.08251,0.16375,0.00329,0.28446
142.81,SYN.ETH-29NOV19,1574852341869,open,0.0,2082.0,0.001,0.011,0.0,120.0,0.001,0.0,ETH-29NOV19-220-C,142.82,0.0,0.0,0.0,0.001,1.0,267.71,0.0,0.0,0.0,0.0,0.0
145.66,SYN.ETH-26JUN20,1574852341871,open,0.28,90.0,0.211,0.322,0.268171,84.76,0.282,0.0,ETH-26JUN20-140-C,142.82,82.93,0.263,472.0,0.275,210.0,87.18,0.41123,-0.08225,0.32251,0.00394,0.6496
145.66,SYN.ETH-26JUN20,1574852341871,open,0.03,286.0,0.007,0.06,0.025917,106.94,0.027,0.0,ETH-26JUN20-600-C,142.82,104.54,0.023,440.0,0.03,140.0,110.07,0.18282,-0.04614,0.05567,0.00139,0.09176
142.81,SYN.ETH-29NOV19,1574852341869,open,0.44,30.0,0.428,0.516,0.470498,120.0,0.328,0.0,ETH-29NOV19-210-P,142.82,0.0,0.011,3.0,0.0,0.0,0.0,0.0,-7e-05,-0.01079,0.0,-1.0
142.8,SYN.ETH-6DEC19,1574852341871,open,0.01,196.0,0.001,0.025,0.008133,95.42,0.006,0.0,ETH-6DEC19-120-P,142.82,87.53,0.006,599.0,0.01,200.0,101.66,0.041,-0.22039,-0.00399,0.00866,-0.10682
142.8,SYN.ETH-6DEC19,1574852341869,open,0.0,214.0,0.001,0.016,0.003951,108.59,0.004,0.0,ETH-6DEC19-110-P,142.82,94.67,0.002,510.0,0.006,500.0,119.64,0.02369,-0.1449,-0.00194,0.0044,-0.05198
145.66,SYN.ETH-26JUN20,1574852341875,open,0.03,111.0,0.009,0.065,0.029132,105.74,0.027,0.0,ETH-26JUN20-560-C,142.82,103.36,0.026,440.0,0.033,140.0,108.49,0.19796,-0.0494,0.06183,0.00152,0.10226
142.81,SYN.ETH-29NOV19,1574852341869,open,0.0,399.0,0.001,0.011,0.0,120.0,0.001,0.0,ETH-29NOV19-300-C,142.82,0.0,0.0,0.0,0.002,300.0,460.12,0.0,0.0,0.0,0.0,0.0
142.81,SYN.ETH-29NOV19,1574852341875,open,0.0,359.0,0.001,0.011,0.0,120.0,0.002,0.0,ETH-29NOV19-280-C,142.82,0.0,0.0,0.0,0.001,2.0,388.59,0.0,0.0,0.0,0.0,0.0
142.8,SYN.ETH-6DEC19,1574852341869,open,0.0,421.0,0.001,0.013,0.002499,100.97,0.004,0.0,ETH-6DEC19-190-C,142.82,87.04,0.001,230.0,0.004,200.0,110.39,0.01972,-0.11219,0.00135,0.00394,0.04138
142.81,SYN.ETH-29NOV19,1574852341869,open,0.0,569.0,0.001,0.011,0.0,120.0,0.001,0.0,ETH-29NOV19-320-C,142.82,0.0,0.0,0.0,0.002,300.0,492.66,0.0,0.0,0.0,0.0,0.0
142.81,SYN.ETH-29NOV19,1574852341871,open,1.05,0.0,1.04,1.165,1.100712,182.34,None,0.0,ETH-29NOV19-300-P,142.82,0.0,0.01,50.0,0.0,0.0,0.0,0.0,0.0,-0.01542,0.0,-1.0
145.66,SYN.ETH-26JUN20,1574852341870,open,0.19,426.0,0.128,0.243,0.185546,86.69,0.19,0.0,ETH-26JUN20-180-C,142.82,85.52,0.182,482.0,0.193,272.0,89.14,0.44271,-0.09057,0.26917,0.00415,0.50389
145.66,SYN.ETH-26JUN20,1574852341873,open,0.23,103.0,0.162,0.276,0.219932,85.02,0.218,0.0,ETH-26JUN20-160-C,142.82,84.04,0.217,267.0,0.229,210.0,88.05,0.43571,-0.08741,0.29683,0.00416,0.57099
145.66,SYN.ETH-26JUN20,1574852341892,open,0.73,0.0,0.678,0.857,0.765316,90.62,None,0.0,ETH-26JUN20-240-P,142.82,29.53,0.649,1.0,1.575,1.0,499.68,0.4122,-0.08815,-1.19442,0.00369,-0.64732
145.66,SYN.ETH-26JUN20,1574852341897,open,1.48,0.0,1.429,1.643,1.530409,96.86,None,0.0,ETH-26JUN20-360-P,142.82,0.0,0.015,2.0,1.538,1.0,100.38,0.30663,-0.07009,-1.97407,0.00257,-0.80431
145.66,SYN.ETH-26JUN20,1574852341898,open,0.73,0.0,0.678,0.857,0.765316,90.62,None,0.0,ETH-26JUN20-240-P,142.82,29.53,0.649,1.0,1.576,1.0,500.0,0.4122,-0.08815,-1.19442,0.00369,-0.64732
6914.49,SYN.BTC-29NOV19,1574852342085,open,0.06,608.4,0.064,0.113,0.08656688,77.94,0.0725,0.0,BTC-29NOV19-7500-P,6914.56,65.4,0.0855,6.1,0.089,0.1,96.97,0.71455,-14.84617,-0.35879,0.00037,-0.92318
6914.49,SYN.BTC-29NOV19,1574852342087,open,0.12,21.6,0.078,0.125,0.09970499,110.45,0.1105,0.0,BTC-29NOV19-6250-C,6914.56,88.14,0.0975,0.1,0.1005,0.1,116.77,0.83222,-24.5032,0.28645,0.00031,0.90585
6914.49,SYN.BTC-29NOV19,1574852342099,open,0.08,179.7,0.0425,0.0915,0.06594607,92.05,0.0615,0.0,BTC-29NOV19-6500-C,6914.56,86.6,0.065,0.1,0.0665,6.1,95.1,1.23553,-30.3156,0.27289,0.00055,0.83394
6916.04,BTC-27DEC19,1574852342093,open,0.11,819.4,0.1005,0.168,0.13131614,69.34,0.138,0.0,BTC-27DEC19-7500-P,6914.56,66.74,0.1285,15.4,0.1345,16.5,72.25,7.52467,-8.73181,-4.26163,0.00028,-0.62151
6916.04,BTC-27DEC19,1574852342105,open,0.11,819.4,0.1005,0.168,0.13131614,69.34,0.138,0.0,BTC-27DEC19-7500-P,6914.56,66.74,0.1285,14.4,0.1345,16.5,72.25,7.52467,-8.73181,-4.26163,0.00028,-0.62151
6914.49,SYN.BTC-29NOV19,1574852342113,open,0.1,589.0,0.099,0.1475,0.12154217,83.86,0.1065,0.0,BTC-29NOV19-7750-P,6914.56,67.9,0.121,0.1,0.1245,0.1,117.95,0.34584,-7.73139,-0.38753,0.00017,-0.96908
6914.84,SYN.BTC-6DEC19,1574852342177,open,0.02,111.4,0.006,0.044,0.02048706,73.23,0.022,0.0,BTC-6DEC19-6500-P,6914.56,70.35,0.019,38.0,0.022,24.1,76.12,3.59553,-14.83212,-0.49622,0.00042,-0.27462
7124.04,SYN.BTC-26JUN20,1574852342339,open,0.02,78.9,0.005,0.0475,0.01693419,100.04,0.017,0.0,BTC-26JUN20-30000-C,6914.56,98.53,0.0155,9.0,0.0185,15.0,101.59,6.97435,-1.64645,2.03427,2e-05,0.06613
6915.98,BTC-27DEC19,1574852342363,open,2.39,0.0,2.4025,2.541,2.47029658,129.94,None,0.0,BTC-27DEC19-24000-P,6914.8,0.0,0.0,0.0,0.0,0.0,0.0,0.05339,-0.1161,-19.64025,0.0,-0.99921
6915.98,BTC-27DEC19,1574852342363,open,6.35,0.8,6.372,6.6725,6.51892745,204.22,3.59,0.0,BTC-27DEC19-52000-P,6914.8,0.0,0.001,1.0,0.0,0.0,0.0,0.05346,-0.1827,-42.55879,0.0,-0.99921
6915.98,BTC-27DEC19,1574852342363,open,2.11,4.9,2.119,2.247,2.18106978,114.86,2.217,0.0,BTC-27DEC19-22000-P,6914.8,0.0,0.0,0.0,0.0,0.0,0.0,0.02818,-0.05417,-18.00522,0.0,-0.99961
6915.98,BTC-27DEC19,1574852342363,open,0.07,734.0,0.058,0.1195,0.0855926,69.23,0.088,0.0,BTC-27DEC19-7000-P,6914.8,67.4,0.0835,29.6,0.087,0.1,70.47,7.8879,-9.13974,-3.22897,0.00029,-0.48481
7020.08,BTC-27MAR20,1574852342363,open,3.74,0.0,3.7495,3.958,3.84732214,115.34,None,0.0,BTC-27MAR20-34000-P,6914.8,0.0,0.0,0.0,0.0,0.0,0.0,1.99182,-0.95031,-112.2162,1e-05,-0.97957
6915.98,BTC-27DEC19,1574852342363,open,1.83,3.6,1.8355,1.952,1.89198624,118.32,1.729,0.0,BTC-27DEC19-20000-P,6914.8,0.0,0.0,0.0,0.0,0.0,0.0,0.09659,-0.19128,-16.3625,0.0,-0.9985
7020.08,BTC-27MAR20,1574852342363,open,3.46,0.0,3.47,3.6685,3.56292239,113.48,None,0.0,BTC-27MAR20-32000-P,6914.8,0.0,0.01,2.0,0.0,0.0,0.0,2.19705,-1.03132,-105.54597,1e-05,-0.97705
6915.98,BTC-27DEC19,1574852342364,open,3.24,0.2,3.253,3.426,3.33778148,120.0,2.51,0.0,BTC-27DEC19-30000-P,6914.8,0.0,0.0,0.0,0.0,0.0,0.0,0.00175,-0.00351,-24.55526,0.0,-0.99998
6915.98,BTC-27DEC19,1574852342364,open,2.96,0.2,2.9695,3.131,3.04856309,0.0,2.2765,0.0,BTC-27DEC19-28000-P,6914.8,0.0,0.0,0.0,0.0,0.0,0.0,0.0,0.0,-22.91834,0.0,-1.0
6915.98,BTC-27DEC19,1574852342364,open,1.54,9.4,1.552,1.6585,1.60313523,120.81,1.1125,0.0,BTC-27DEC19-18000-P,6914.8,0.0,0.0,0.0,0.0,0.0,0.0,0.27254,-0.55104,-14.70906,1e-05,-0.99527
6916.22,BTC-27DEC19,1574852342365,open,4.09,1.3,4.1035,4.311,4.205291,174.2,3.212,0.0,BTC-27DEC19-36000-P,6914.8,0.0,0.0,0.0,0.0,0.0,0.0,0.07295,-0.21269,-29.46096,0.0,-0.9989
7020.32,BTC-27MAR20,1574852342365,open,0.18,41.1,0.1275,0.211,0.16562978,72.13,0.166,0.0,BTC-27MAR20-7000-C,6914.8,70.74,0.1625,10.9,0.1695,10.0,73.86,15.75057,-4.69947,9.74835,0.00013,0.58493
6916.22,BTC-27DEC19,1574852342366,open,2.67,0.0,2.686,2.8365,2.75941812,144.12,None,0.0,BTC-27DEC19-26000-P,6914.8,0.0,0.0,0.0,0.0,0.0,0.0,0.08626,-0.20806,-21.2746,0.0,-0.99867
7124.18,SYN.BTC-26JUN20,1574852342364,open,0.07,262.3,0.045,0.1115,0.07297346,73.25,0.0715,0.0,BTC-26JUN20-5000-P,6914.8,70.75,0.068,23.3,0.076,21.3,74.76,14.2677,-2.46637,-10.48241,7e-05,-0.1805
7124.18,SYN.BTC-26JUN20,1574852342363,open,0.03,890.9,0.012,0.0715,0.03223745,90.23,0.031,0.0,BTC-26JUN20-20000-C,6914.8,88.77,0.03,10.5,0.0345,20.0,91.66,11.07834,-2.35899,3.77336,4e-05,0.12348
7124.18,SYN.BTC-26JUN20,1574852342364,open,0.03,25.8,0.0095,0.0645,0.02739302,92.42,0.041,0.0,BTC-26JUN20-22000-C,6914.8,90.66,0.025,33.0,0.0295,20.0,93.91,9.92375,-2.1644,3.24225,4e-05,0.10579
7124.18,SYN.BTC-26JUN20,1574852342364,open,0.15,86.5,0.0995,0.199,0.14349469,75.11,0.149,0.0,BTC-26JUN20-9000-C,6914.8,73.95,0.14,14.0,0.147,18.5,76.27,21.4926,-3.80937,12.72973,0.0001,0.45131
6914.98,SYN.BTC-6DEC19,1574852342367,open,0.08,90.0,0.0725,0.1315,0.10001474,70.73,0.0985,0.0,BTC-6DEC19-7500-P,6914.8,67.62,0.0985,6.0,0.1035,11.0,77.63,3.41118,-13.592,-1.43287,0.00041,-0.75211
7124.18,SYN.BTC-26JUN20,1574852342363,open,0.09,230.3,0.0465,0.1345,0.08242754,79.48,0.09,0.0,BTC-26JUN20-12000-C,6914.8,77.97,0.0785,15.0,0.0865,14.0,81.04,18.5301,-3.47577,8.51592,8e-05,0.28835
6914.65,SYN.BTC-29NOV19,1574852342363,open,0.03,511.2,0.0015,0.0375,0.01518689,72.22,0.0125,0.0,BTC-29NOV19-7000-C,6914.8,60.76,0.012,41.8,0.015,0.4,71.55,1.93392,-37.22924,0.14257,0.00109,0.41641
7124.18,SYN.BTC-26JUN20,1574852342363,open,0.04,246.2,0.015,0.079,0.03751774,87.13,0.039,0.0,BTC-26JUN20-18000-C,6914.8,85.34,0.0345,28.0,0.0405,20.0,88.82,12.28911,-2.52672,4.38585,5e-05,0.14357
7124.18,SYN.BTC-26JUN20,1574852342363,open,0.02,22.4,0.004,0.045,0.0155381,101.77,0.0175,0.0,BTC-26JUN20-32000-C,6914.8,100.61,0.0145,5.0,0.0165,15.0,102.8,6.5168,-1.56512,1.86372,2e-05,0.0606
7124.18,SYN.BTC-26JUN20,1574852342364,open,0.24,56.3,0.182,0.2795,0.22668236,73.25,0.22,0.0,BTC-26JUN20-7000-C,6914.8,71.8,0.2225,19.2,0.233,11.2,75.43,20.63472,-3.56674,16.34505,0.0001,0.62192
6914.65,SYN.BTC-29NOV19,1574852342363,open,0.01,407.9,0.001,0.034,0.01187207,76.93,0.0115,0.0,BTC-29NOV19-6750-P,6914.8,71.54,0.0105,19.8,0.0125,0.4,79.37,1.77519,-36.4026,-0.11832,0.00094,-0.32111
7124.18,SYN.BTC-26JUN20,1574852342363,open,0.12,242.5,0.094,0.1825,0.13279098,73.25,0.133,0.0,BTC-26JUN20-6000-P,6914.8,71.38,0.128,11.3,0.1365,11.3,74.7,18.2296,-3.15126,-17.01624,8e-05,-0.27868
7124.18,SYN.BTC-26JUN20,1574852342363,open,0.3,14.0,0.2495,0.339,0.29057224,73.25,0.2835,0.0,BTC-26JUN20-6000-C,6914.8,71.07,0.285,17.7,0.2965,10.7,75.56,18.22957,-3.15098,17.81336,8e-05,0.72132
7124.18,SYN.BTC-26JUN20,1574852342363,open,0.02,14.8,0.0055,0.0505,0.0187364,98.3,0.023,0.0,BTC-26JUN20-28000-C,6914.8,96.61,0.017,23.0,0.0205,15.0,99.92,7.53433,-1.74776,2.24821,3e-05,0.0731
7124.18,SYN.BTC-26JUN20,1574852342364,open,0.02,52.0,0.0065,0.054,0.02076483,96.28,0.02,0.0,BTC-26JUN20-26000-C,6914.8,94.24,0.0185,34.0,0.023,20.0,98.18,8.15025,-1.8519,2.49359,3e-05,0.08106
7124.18,SYN.BTC-26JUN20,1574852342364,open,0.12,251.4,0.0755,0.1715,0.11680999,76.34,0.12,0.0,BTC-26JUN20-10000-C,6914.8,73.99,0.11,22.1,0.12,19.1,77.43,20.74898,-3.73786,11.09338,9e-05,0.38506
7124.18,SYN.BTC-26JUN20,1574852342364,open,0.02,11.5,0.008,0.059,0.02373132,94.47,0.027,0.0,BTC-26JUN20-24000-C,6914.8,92.65,0.0215,34.0,0.026,20.0,96.23,8.97103,-2.0,2.82999,3e-05,0.09216
7124.18,SYN.BTC-26JUN20,1574852342364,open,2.32,0.0,2.312,2.492,2.39260629,94.52,None,0.0,BTC-26JUN20-24000-P,6914.8,0.0,0.0,0.0,0.0,0.0,0.0,8.98459,-2.00413,-136.48049,3e-05,-0.90765
142.8,ETH-27DEC19,1574852342876,open,0.0,2238.0,0.001,0.011,0.001603,120.0,0.005,0.0,ETH-27DEC19-320-C,142.81,113.37,0.001,581.0,0.004,460.0,136.05,0.01519,-0.0305,0.00153,0.00076,0.01468
142.8,ETH-27DEC19,1574852342876,open,1.73,15.0,1.72,1.889,1.801337,120.0,1.248,0.0,ETH-27DEC19-400-P,142.81,0.0,0.002,50.0,0.0,0.0,0.0,0.00298,-0.00599,-0.32716,0.00015,-0.99766
142.79,ETH-27DEC19,1574852342876,open,1.19,100.0,1.176,1.316,1.242499,118.48,0.883,0.0,ETH-27DEC19-320-P,142.81,0.0,0.011,5.0,0.0,0.0,0.0,0.01414,-0.02804,-0.26051,0.00072,-0.98649
142.79,ETH-27DEC19,1574852342877,open,1.32,0.0,1.312,1.459,1.381917,117.51,None,0.0,ETH-27DEC19-340-P,142.81,0.0,0.003,9.0,0.0,0.0,0.0,0.00888,-0.01746,-0.27746,0.00045,-0.99208
142.82,SYN.ETH-29NOV19,1574852342876,open,0.11,10.0,0.063,0.125,0.094174,111.01,0.063,0.0,ETH-29NOV19-130-C,142.81,0.0,0.089,40.0,0.097,40.0,129.82,0.01937,-0.57313,0.00583,0.01665,0.88906
142.79,ETH-27DEC19,1574852342878,open,1.6,0.0,1.584,1.746,1.661419,112.31,None,0.0,ETH-27DEC19-380-P,142.81,0.0,0.02,50.0,0.0,0.0,0.0,0.00254,-0.00477,-0.31083,0.00014,-0.99805
144.4,ETH-27MAR20,1574852342878,open,1.46,6.0,1.429,1.614,1.515729,101.55,1.188,0.0,ETH-27MAR20-360-P,142.81,0.0,0.01,30.0,2.264,1.0,500.0,0.1478,-0.06208,-1.15433,0.00211,-0.89815
145.67,SYN.ETH-26JUN20,1574852342876,open,3.32,0.0,3.274,3.579,3.416938,108.25,None,0.0,ETH-26JUN20-640-P,142.81,0.0,0.01,50.0,0.0,0.0,0.0,0.17035,-0.04352,-3.66434,0.00128,-0.91654
142.79,ETH-27DEC19,1574852342879,open,0.51,2830.0,0.499,0.606,0.549646,97.34,0.65,0.0,ETH-27DEC19-220-P,142.81,0.0,0.54,51.0,0.565,2.0,125.11,0.06007,-0.09785,-0.1719,0.0037,-0.92116
142.82,SYN.ETH-29NOV19,1574852342876,open,0.1,583.0,0.088,0.161,0.122413,103.18,0.101,0.0,ETH-29NOV19-160-P,142.81,0.0,0.119,40.0,0.127,40.0,139.14,0.01328,-0.3653,-0.00775,0.01228,-0.93305
142.79,ETH-27DEC19,1574852342879,open,0.0,2177.0,0.001,0.012,0.002572,119.35,0.002,0.0,ETH-27DEC19-300-C,142.81,105.71,0.001,681.0,0.004,301.0,127.36,0.0219,-0.04375,0.00234,0.0011,0.02256
145.67,SYN.ETH-26JUN20,1574852342878,open,2.79,0.0,2.743,3.021,2.873696,105.93,None,0.0,ETH-26JUN20-560-P,142.81,0.0,0.01,50.0,0.0,0.0,0.0,0.19892,-0.04973,-3.18851,0.00152,-0.89706
145.67,SYN.ETH-26JUN20,1574852342879,open,2.52,0.0,2.478,2.742,2.602084,103.99,None,0.0,ETH-26JUN20-520-P,142.81,0.0,0.01,50.0,0.0,0.0,0.0,0.21297,-0.05227,-2.95019,0.00166,-0.88683
142.82,SYN.ETH-29NOV19,1574852342876,open,0.18,50.0,0.134,0.187,0.160344,118.25,0.128,0.0,ETH-29NOV19-120-C,142.81,0.0,0.159,1.0,0.222,1.0,483.87,0.00454,-0.14312,0.00603,0.00366,0.98196
145.67,SYN.ETH-26JUN20,1574852342878,open,2.26,0.0,2.214,2.466,2.33218,102.57,None,0.0,ETH-26JUN20-480-P,142.81,0.0,0.01,50.0,0.0,0.0,0.0,0.23245,-0.05626,-2.7093,0.00184,-0.87186
142.81,SYN.ETH-6DEC19,1574852342879,open,0.08,372.0,0.029,0.093,0.060484,81.25,0.079,0.0,ETH-6DEC19-140-C,142.81,73.86,0.056,330.0,0.064,120.0,87.04,0.08671,-0.39691,0.01829,0.02152,0.58723
142.82,SYN.ETH-29NOV19,1574852342876,open,0.01,449.0,0.001,0.03,0.008357,89.28,0.009,0.0,ETH-29NOV19-150-C,142.81,78.02,0.006,3.0,0.01,381.0,96.63,0.03119,-0.74218,0.00164,0.03333,0.23131
145.67,SYN.ETH-26JUN20,1574852342877,open,0.61,1.0,0.584,0.627,0.604497,85.94,0.69,0.0,ETH-26JUN20-60-C,142.81,0.0,0.588,1.0,0.965,1.0,500.0,0.10759,-0.02182,0.2953,0.00102,0.95372
142.81,SYN.ETH-6DEC19,1574852342876,open,0.11,33.0,0.096,0.176,0.135038,83.88,0.127,0.0,ETH-6DEC19-160-P,142.81,76.9,0.132,40.0,0.141,40.0,96.48,0.06434,-0.30403,-0.03209,0.01547,-0.78911
145.67,SYN.ETH-26JUN20,1574852342876,open,1.74,0.0,1.689,1.915,1.795242,98.75,None,0.0,ETH-26JUN20-400-P,142.81,0.0,0.01,50.0,0.0,0.0,0.0,0.27755,-0.06468,-2.22249,0.00228,-0.83309
145.67,SYN.ETH-26JUN20,1574852342877,open,0.51,249.0,0.452,0.615,0.5319,88.44,0.601,0.0,ETH-26JUN20-200-P,142.81,74.36,0.49,210.0,0.561,211.0,98.06,0.43884,-0.09159,-0.91746,0.00403,-0.5531
142.82,SYN.ETH-29NOV19,1574852342877,open,0.04,748.0,0.025,0.095,0.058713,89.61,0.063,0.0,ETH-29NOV19-150-P,142.81,71.36,0.055,40.0,0.063,151.0,108.24,0.03125,-0.74662,-0.00607,0.03327,-0.76778
142.81,SYN.ETH-6DEC19,1574852342877,open,0.03,312.0,0.014,0.073,0.040848,81.37,0.042,0.0,ETH-6DEC19-140-P,142.81,75.02,0.037,388.0,0.046,388.0,89.84,0.08672,-0.39748,-0.01576,0.02149,-0.41282
142.81,SYN.ETH-6DEC19,1574852342878,open,0.07,710.0,0.045,0.119,0.080908,81.48,0.075,0.0,ETH-6DEC19-150-P,142.81,74.81,0.077,120.0,0.087,321.0,91.71,0.08433,-0.38708,-0.02457,0.02087,-0.6266
142.82,SYN.ETH-29NOV19,1574852342876,open,0.25,1.0,0.206,0.253,0.229765,0.0,0.244,0.0,ETH-29NOV19-110-C,142.81,0.0,0.229,1.0,0.273,1.0,500.0,0.0,0.0,0.00565,0.0,1.0
144.4,ETH-27MAR20,1574852342944,open,1.73,4.0,1.696,1.893,1.788159,104.65,2.048,0.0,ETH-27MAR20-400-P,142.81,0.0,1.731,7.0,1.84,7.0,144.74,0.12605,-0.05457,-1.29402,0.00174,-0.91784
7020.26,BTC-27MAR20,1574852343370,open,1.52,0.0,1.518,1.6495,1.57721948,93.04,1.23,0.0,BTC-27MAR20-18000-P,6914.9,0.0,0.0,0.0,0.0,0.0,0.0,5.30462,-2.04155,-58.33613,3e-05,-0.932
6916.14,BTC-27DEC19,1574852343370,open,0.17,935.6,0.1545,0.2245,0.18668761,70.7,0.168,0.0,BTC-27DEC19-8000-P,6914.9,65.63,0.182,2.0,0.201,9.0,85.24,6.51932,-7.71441,-5.20005,0.00024,-0.7319
7020.26,BTC-27MAR20,1574852343370,open,4.57,1.0,4.5865,4.828,4.70071126,119.82,4.54,0.0,BTC-27MAR20-40000-P,6914.9,0.0,0.0005,2.0,0.0,0.0,0.0,1.50091,-0.74388,-132.19327,1e-05,-0.98533
7020.26,BTC-27MAR20,1574852343370,open,2.35,0.0,2.3535,2.513,2.42651558,104.0,None,0.0,BTC-27MAR20-24000-P,6914.9,0.0,0.01,6.0,0.0,0.0,0.0,3.45697,-1.48716,-78.74021,2e-05,-0.96034
6916.14,BTC-27DEC19,1574852343370,open,1.26,18.0,1.2685,1.366,1.31437269,116.35,1.261,0.0,BTC-27DEC19-16000-P,6914.9,0.0,0.0,0.0,0.0,0.0,0.0,0.49519,-0.96424,-13.04886,1e-05,-0.9907
6916.24,BTC-27DEC19,1574852343371,open,0.12,156.5,0.084,0.142,0.11123161,70.1,0.1345,0.0,BTC-27DEC19-6500-C,6914.9,67.97,0.109,16.4,0.1145,14.4,73.21,7.25824,-8.51545,3.101,0.00026,0.65901
7020.36,BTC-27MAR20,1574852343371,open,0.25,21.3,0.2005,0.2775,0.23608112,72.31,0.2315,0.0,BTC-27MAR20-6000-C,6914.9,70.45,0.2325,19.0,0.2395,13.0,74.07,13.57854,-4.06121,11.27143,0.00012,0.72089
6916.24,BTC-27DEC19,1574852343371,open,0.0,940.5,0.0005,0.0125,0.00288923,95.45,0.003,0.0,BTC-27DEC19-12000-C,6914.9,93.35,0.0025,3.0,0.003,1.0,96.01,1.34487,-2.14831,0.15325,4e-05,0.02996
6916.24,BTC-27DEC19,1574852343372,open,0.98,268.3,0.985,1.0715,1.02547891,104.09,0.7205,0.0,BTC-27DEC19-14000-P,6914.9,0.0,0.78,0.2,0.0,0.0,0.0,0.67308,-1.17258,-11.39132,2e-05,-0.98676
7020.36,BTC-27MAR20,1574852343372,open,2.07,5.6,2.075,2.2245,2.14295466,100.89,1.545,0.0,BTC-27MAR20-22000-P,6914.9,0.0,0.0,0.0,0.0,0.0,0.0,3.94986,-1.64841,-71.98344,2e-05,-0.95323
7124.38,SYN.BTC-26JUN20,1574852343370,open,0.28,194.9,0.248,0.365,0.30095838,73.69,0.274,0.0,BTC-26JUN20-8000-P,6914.9,71.4,0.294,11.0,0.307,6.0,75.68,21.59505,-3.75533,-31.90032,0.0001,-0.47041
7020.36,BTC-27MAR20,1574852343373,open,2.63,0.0,2.6325,2.8015,2.71025616,106.73,None,0.0,BTC-27MAR20-26000-P,6914.9,0.0,0.0,0.0,0.0,0.0,0.0,3.05041,-1.3467,-85.46884,2e-05,-0.96597
6916.24,BTC-27DEC19,1574852343373,open,3.52,0.3,3.5365,3.721,3.62685894,155.34,2.744,0.0,BTC-27DEC19-32000-P,6914.9,0.0,0.0,0.0,0.0,0.0,0.0,0.0436,-0.11335,-26.1892,0.0,-0.99937
6916.24,BTC-27DEC19,1574852343374,open,1.12,211.0,1.1265,1.2185,1.16984463,109.95,0.959,0.0,BTC-27DEC19-15000-P,6914.9,0.0,0.0,0.0,0.0,0.0,0.0,0.55566,-1.02251,-12.22344,1e-05,-0.98938
6916.24,BTC-27DEC19,1574852343374,open,0.0,961.6,0.0005,0.0105,1.45e-06,120.0,0.001,0.0,BTC-27DEC19-30000-C,6914.9,0.0,0.0,0.0,0.0005,0.9,175.18,0.00175,-0.00351,0.00011,0.0,2e-05
7020.36,BTC-27MAR20,1574852343374,open,4.02,0.0,4.028,4.248,4.13146768,116.56,None,0.0,BTC-27MAR20-36000-P,6914.9,0.0,0.0,0.0,0.0,0.0,0.0,1.77064,-0.85371,-118.88822,1e-05,-0.98221
6915.2,SYN.BTC-6DEC19,1574852343373,open,0.01,271.9,0.0005,0.0205,0.00580612,72.99,0.0055,0.0,BTC-6DEC19-8000-C,6914.9,71.94,0.0055,30.0,0.0065,4.0,75.29,2.03572,-8.37086,0.17623,0.00024,0.11061
6914.88,SYN.BTC-29NOV19,1574852343371,open,0.0,519.6,0.0005,0.0105,1.42e-06,120.01,0.0005,0.0,BTC-29NOV19-5000-P,6914.9,0.0,0.0,0.0,0.0005,9.0,200.09,0.00138,-0.00982,-3e-05,0.0,-7e-05
6914.88,SYN.BTC-29NOV19,1574852343370,open,0.24,13.8,0.241,0.2935,0.26552021,124.85,0.17,0.0,BTC-29NOV19-8750-P,6914.9,0.0,0.26,2.0,0.0,0.0,0.0,0.06998,-2.32923,-0.44797,2e-05,-0.99513
6914.88,SYN.BTC-29NOV19,1574852343371,open,0.0,213.1,0.0005,0.02,0.00358217,110.32,0.003,0.0,BTC-29NOV19-6250-P,6914.9,105.28,0.003,30.0,0.004,0.5,113.72,0.82986,-24.40483,-0.0346,0.00031,-0.09378
6914.88,SYN.BTC-29NOV19,1574852343371,open,0.0,396.8,0.0005,0.0105,1e-08,119.99,0.0005,0.0,BTC-29NOV19-10500-C,6914.9,0.0,0.0,0.0,0.0005,0.1,238.42,2e-05,-8e-05,0.0,0.0,0.0
6914.88,SYN.BTC-29NOV19,1574852343373,open,0.29,0.3,0.2625,0.291,0.27689893,0.0,0.3885,0.0,BTC-29NOV19-5000-C,6914.9,0.0,0.2665,10.0,0.286,10.0,342.78,0.0,0.0,0.25694,0.0,1.0
6915.2,SYN.BTC-6DEC19,1574852343371,open,0.0,121.3,0.0005,0.0105,0.00090619,93.78,0.001,0.0,BTC-6DEC19-9500-C,6914.9,86.67,0.0005,52.5,0.0015,20.0,101.04,0.47592,-2.51434,0.02864,4e-05,0.01794
144.4,ETH-27MAR20,1574852343520,open,0.94,173.0,0.905,1.07,0.983069,97.13,1.157,0.0,ETH-27MAR20-280-P,142.81,0.0,0.927,12.0,1.004,12.0,109.92,0.22006,-0.08841,-0.8609,0.00328,-0.81734
7124.38,SYN.BTC-26JUN20,1574852321353,open,0.04,246.2,0.015,0.079,0.03752279,87.13,0.039,0.0,BTC-26JUN20-18000-C,6914.9,85.34,0.0345,28.0,0.0405,20.0,88.82,12.28987,-2.52686,4.38619,5e-05,0.14358
7124.38,SYN.BTC-26JUN20,1574852321554,open,0.03,25.8,0.0095,0.0645,0.02739668,92.42,0.041,0.0,BTC-26JUN20-22000-C,6914.9,90.66,0.025,33.0,0.0295,20.0,93.9,9.9244,-2.16453,3.24251,4e-05,0.1058
7124.38,SYN.BTC-26JUN20,1574852324421,open,0.01,118.6,0.002,0.0265,0.01190316,77.68,0.0125,0.0,BTC-26JUN20-3000-P,6914.9,74.62,0.01,37.0,0.0135,29.0,80.06,4.62354,-0.84757,-2.1231,2e-05,-0.03943
7124.38,SYN.BTC-26JUN20,1574852321416,open,0.12,251.4,0.0755,0.1715,0.11682177,76.34,0.12,0.0,BTC-26JUN20-10000-C,6914.9,73.99,0.11,22.1,0.12,19.1,77.43,20.74979,-3.73796,11.09409,9e-05,0.38507
7124.38,SYN.BTC-26JUN20,1574852321337,open,0.09,230.3,0.0465,0.1345,0.0824374,79.48,0.09,0.0,BTC-26JUN20-12000-C,6914.9,77.96,0.0785,15.0,0.0865,14.0,81.04,18.531,-3.47591,8.51651,8e-05,0.28836
7124.38,SYN.BTC-26JUN20,1574852314214,open,0.06,478.0,0.03,0.108,0.06018937,81.9,0.0615,0.0,BTC-26JUN20-14000-C,6914.9,80.25,0.0565,16.0,0.0635,14.6,83.36,16.09205,-3.11024,6.62905,7e-05,0.22048
7124.38,SYN.BTC-26JUN20,1574852321399,open,0.02,11.5,0.008,0.059,0.0237346,94.47,0.027,0.0,BTC-26JUN20-24000-C,6914.9,92.65,0.0215,34.0,0.026,20.0,96.23,8.97163,-2.00012,2.83021,3e-05,0.09217
7124.38,SYN.BTC-26JUN20,1574852321354,open,0.03,890.9,0.012,0.0715,0.03224181,90.23,0.031,0.0,BTC-26JUN20-20000-C,6914.9,88.77,0.03,10.5,0.0345,20.0,91.66,11.07904,-2.35912,3.77365,4e-05,0.12349
7124.38,SYN.BTC-26JUN20,1574852321440,open,0.02,22.4,0.004,0.045,0.01554023,101.77,0.0175,0.0,BTC-26JUN20-32000-C,6914.9,100.61,0.0145,5.0,0.0165,15.0,102.8,6.51724,-1.56522,1.86386,2e-05,0.06061
7124.38,SYN.BTC-26JUN20,1574852321412,open,0.02,52.0,0.0065,0.054,0.0207677,96.28,0.02,0.0,BTC-26JUN20-26000-C,6914.9,94.24,0.0185,34.0,0.023,20.0,98.18,8.15081,-1.85202,2.49379,3e-05,0.08107
7124.38,SYN.BTC-26JUN20,1574852321417,open,0.02,14.8,0.0055,0.0505,0.018739,98.3,0.023,0.0,BTC-26JUN20-28000-C,6914.9,96.61,0.017,23.0,0.0205,15.0,99.92,7.53485,-1.74788,2.24839,3e-05,0.0731
7124.38,SYN.BTC-26JUN20,1574852322103,open,0.3,14.0,0.2495,0.339,0.29059282,73.24,0.2835,0.0,BTC-26JUN20-6000-C,6914.9,71.06,0.285,17.7,0.2965,10.7,75.56,18.22954,-3.15092,17.81422,8e-05,0.72134
7124.38,SYN.BTC-26JUN20,1574852321910,open,0.07,262.3,0.045,0.1115,0.07296139,73.25,0.0715,0.0,BTC-26JUN20-5000-P,6914.9,70.76,0.068,23.3,0.076,21.3,74.76,14.26751,-2.46637,-10.48201,7e-05,-0.18049
7124.38,SYN.BTC-26JUN20,1574852321292,open,0.12,242.5,0.094,0.1825,0.13277137,73.25,0.133,0.0,BTC-26JUN20-6000-P,6914.9,71.38,0.128,11.3,0.1365,11.3,74.71,18.22958,-3.15132,-17.01569,8e-05,-0.27866
7124.38,SYN.BTC-26JUN20,1574852314099,open,0.03,314.3,0.0165,0.0585,0.03262634,73.88,0.0305,0.0,BTC-26JUN20-4000-P,6914.9,71.42,0.0295,34.9,0.035,21.0,75.69,9.21822,-1.60715,-5.30377,4e-05,-0.09562
7124.38,SYN.BTC-26JUN20,1574852324617,open,0.24,56.3,0.182,0.2795,0.22670125,73.24,0.22,0.0,BTC-26JUN20-7000-C,6914.9,71.8,0.2225,19.2,0.233,11.2,75.43,20.63501,-3.56674,16.34592,0.0001,0.62194
6916.24,BTC-27DEC19,1574852313840,open,0.0,696.4,0.0005,0.0115,0.00185163,99.86,0.001,0.0,BTC-27DEC19-13000-C,6914.9,92.21,0.001,111.0,0.0025,9.0,104.2,0.93423,-1.5614,0.09943,2e-05,0.01942
7124.38,SYN.BTC-26JUN20,1574852321424,open,0.02,78.9,0.005,0.0475,0.01693507,100.03,0.017,0.0,BTC-26JUN20-30000-C,6914.9,98.53,0.0155,9.0,0.0185,15.0,101.59,6.97463,-1.64647,2.03436,2e-05,0.06613
6916.14,BTC-27DEC19,1574852324982,open,0.01,1440.0,0.0005,0.02,0.00639686,80.52,0.0055,0.0,BTC-27DEC19-10000-C,6914.9,78.05,0.0055,77.5,0.0075,24.0,83.31,2.61895,-3.52921,0.35275,8e-05,0.06871
6916.14,BTC-27DEC19,1574852313833,open,0.0,1141.4,0.0005,0.015,0.00404082,88.01,0.0045,0.0,BTC-27DEC19-11000-C,6914.9,85.85,0.0035,36.7,0.0045,24.0,89.71,1.80758,-2.66247,0.22047,5e-05,0.04299
6916.14,BTC-27DEC19,1574852313855,open,0.0,756.8,0.0005,0.0105,2.238e-05,120.0,0.0005,0.0,BTC-27DEC19-24000-C,6914.9,0.0,0.0,0.0,0.001,50.0,163.02,0.02037,-0.04092,0.00145,0.0,0.00028
7124.38,SYN.BTC-26JUN20,1574852318785,open,0.19,118.6,0.133,0.233,0.17803197,73.68,0.1895,0.0,BTC-26JUN20-8000-C,6914.9,72.35,0.174,19.8,0.1825,6.0,75.16,21.59516,-3.75482,14.53836,0.0001,0.52957
7124.38,SYN.BTC-26JUN20,1574852321451,open,0.15,86.5,0.0995,0.199,0.14350951,75.11,0.149,0.0,BTC-26JUN20-9000-C,6914.9,73.94,0.14,14.0,0.147,18.5,76.26,21.49331,-3.80945,12.73052,0.0001,0.45133
6916.24,BTC-27DEC19,1574852314359,open,0.0,657.0,0.0005,0.0105,3.51e-06,120.0,0.0005,0.0,BTC-27DEC19-28000-C,6914.9,0.0,0.0,0.0,0.001,49.0,179.72,0.00391,-0.00785,0.00025,0.0,5e-05
6916.24,BTC-27DEC19,1574852314339,open,0.0,680.5,0.0005,0.0105,8.76e-06,120.0,0.0005,0.0,BTC-27DEC19-26000-C,6914.9,0.0,0.0,0.0,0.001,49.0,171.73,0.00887,-0.01781,0.0006,0.0,0.00011
6916.24,BTC-27DEC19,1574852320477,open,0.0,526.9,0.0005,0.0105,5.87e-05,120.0,0.0005,0.0,BTC-27DEC19-22000-C,6914.9,0.0,0.0,0.0,0.001,49.0,153.43,0.04734,-0.09507,0.00357,0.0,0.00069
6916.24,BTC-27DEC19,1574852314328,open,0.0,690.8,0.0005,0.0105,1.2e-07,120.0,0.0005,0.0,BTC-27DEC19-36000-C,6914.9,0.0,0.0,0.0,0.001,49.0,206.21,0.00017,-0.00035,1e-05,0.0,0.0
6916.14,BTC-27DEC19,1574852328808,open,0.0,778.0,0.0005,0.0165,0.00529346,95.02,0.0055,0.0,BTC-27DEC19-4500-P,6914.9,91.85,0.0045,47.0,0.006,24.0,97.63,1.80798,-2.87511,-0.27338,5e-05,-0.043
6916.24,BTC-27DEC19,1574852313729,open,0.01,1480.6,0.0005,0.0235,0.00892586,85.55,0.008,0.0,BTC-27DEC19-5000-P,6914.9,83.18,0.008,69.0,0.0095,24.0,86.97,2.76742,-3.96244,-0.46846,8e-05,-0.07383
6916.24,BTC-27DEC19,1574852313707,open,0.0,816.7,0.0005,0.013,0.00329827,106.48,0.003,0.0,BTC-27DEC19-4000-P,6914.9,101.41,0.0025,72.0,0.004,25.4,110.36,1.17954,-2.10194,-0.16358,3e-05,-0.0256
6916.24,BTC-27DEC19,1574852331303,open,0.04,750.2,0.013,0.0555,0.02997655,70.7,0.03,0.0,BTC-27DEC19-8000-C,6914.9,69.13,0.0285,56.8,0.032,19.3,72.84,6.51954,-7.71427,1.34812,0.00024,0.26811
6916.14,BTC-27DEC19,1574852314272,open,0.01,445.4,0.0055,0.0345,0.01588115,78.32,0.0135,0.0,BTC-27DEC19-5500-P,6914.9,75.98,0.0145,66.0,0.017,44.0,80.16,4.14731,-5.43591,-0.81608,0.00014,-0.12828
6916.24,BTC-27DEC19,1574852313818,open,0.01,901.4,0.003,0.0315,0.01279723,74.78,0.012,0.0,BTC-27DEC19-9000-C,6914.9,73.45,0.012,44.0,0.014,47.0,76.73,4.19726,-5.25295,0.6664,0.00014,0.13051
6916.14,BTC-27DEC19,1574852313892,open,0.0,349.0,0.0005,0.0105,0.0,120.0,0.0005,0.0,BTC-27DEC19-48000-C,6914.9,0.0,0.0,0.0,0.001,49.0,235.58,0.0,-1e-05,0.0,0.0,0.0
6916.24,BTC-27DEC19,1574852337354,open,0.07,734.0,0.058,0.1195,0.08556276,69.23,0.088,0.0,BTC-27DEC19-7000-P,6914.9,67.42,0.0835,29.6,0.087,0.1,70.49,7.88814,-9.14001,-3.22854,0.00029,-0.48474
7020.26,BTC-27MAR20,1574852313975,open,0.02,1518.2,0.0055,0.0445,0.01764085,89.48,0.0195,0.0,BTC-27MAR20-16000-C,6914.9,88.79,0.017,5.6,0.0185,15.0,90.39,6.54686,-2.42325,1.67639,4e-05,0.08975
7020.36,BTC-27MAR20,1574852313969,open,0.03,409.3,0.0085,0.0535,0.02336262,84.28,0.026,0.0,BTC-27MAR20-14000-C,6914.9,83.07,0.022,25.0,0.025,17.0,85.69,8.02707,-2.79828,2.22007,6e-05,0.11885
7020.26,BTC-27MAR20,1574852316195,open,0.07,474.3,0.0335,0.1035,0.06208219,76.61,0.0685,0.0,BTC-27MAR20-10000-C,6914.9,75.53,0.06,0.2,0.064,13.8,77.6,13.60596,-4.31177,5.07277,0.00011,0.28028
7020.36,BTC-27MAR20,1574852314029,open,0.01,116.7,0.0005,0.0245,0.00672144,106.68,0.0075,0.0,BTC-27MAR20-26000-C,6914.9,104.96,0.006,6.0,0.0075,22.0,108.41,3.04423,-1.34336,0.63294,2e-05,0.03395
7020.36,BTC-27MAR20,1574852314021,open,0.01,155.0,0.0005,0.027,0.00786821,104.06,0.0075,0.0,BTC-27MAR20-24000-C,6914.9,102.23,0.007,6.0,0.009,42.0,106.25,3.46518,-1.49153,0.7417,2e-05,0.03977
7020.36,BTC-27MAR20,1574852314050,open,0.01,71.0,0.0005,0.0225,0.00573125,108.84,0.0065,0.0,BTC-27MAR20-28000-C,6914.9,106.83,0.005,6.0,0.0065,15.0,110.77,2.67317,-1.20346,0.54115,2e-05,0.02901
7020.36,BTC-27MAR20,1574852313987,open,0.01,267.2,0.0035,0.037,0.01321267,93.04,0.015,0.0,BTC-27MAR20-18000-C,6914.9,90.68,0.0115,41.8,0.015,34.0,95.32,5.30484,-2.04163,1.27386,3e-05,0.068
7020.36,BTC-27MAR20,1574852314068,open,0.0,64.4,0.0005,0.019,0.00449289,113.23,0.004,0.0,BTC-27MAR20-32000-C,6914.9,111.57,0.004,7.5,0.005,15.0,114.81,2.17189,-1.01727,0.42178,1e-05,0.02263
7020.36,BTC-27MAR20,1574852314076,open,0.0,94.5,0.0005,0.018,0.00399063,115.05,0.004,0.0,BTC-27MAR20-34000-C,6914.9,113.21,0.0035,8.0,0.0045,15.0,116.79,1.96413,-0.93471,0.37446,1e-05,0.0201
7020.26,BTC-27MAR20,1574852320932,open,0.04,219.6,0.023,0.074,0.0435492,74.5,0.042,0.0,BTC-27MAR20-5000-P,6914.9,73.37,0.042,0.9,0.045,29.1,75.54,9.71735,-2.99445,-4.66759,8e-05,-0.15722
7020.26,BTC-27MAR20,1574852314092,open,0.0,656.7,0.0005,0.0145,0.0029166,119.82,0.0035,0.0,BTC-27MAR20-40000-C,6914.9,117.76,0.0025,6.0,0.0035,16.0,122.37,1.50091,-0.74388,0.27324,1e-05,0.01467
7020.26,BTC-27MAR20,1574852330307,open,0.15,162.0,0.1225,0.2125,0.16275424,72.14,0.166,0.0,BTC-27MAR20-7000-P,6914.9,70.02,0.158,9.0,0.1655,2.0,73.36,15.75045,-4.69984,-13.43365,0.00013,-0.41507
7020.36,BTC-27MAR20,1574852314083,open,0.0,143.6,0.0005,0.0165,0.00349639,116.44,0.0035,0.0,BTC-27MAR20-36000-C,6914.9,114.36,0.003,8.0,0.004,15.0,118.36,1.76037,-0.84791,0.32951,1e-05,0.01767
7020.36,BTC-27MAR20,1574852315789,open,0.12,774.1,0.0795,0.162,0.1162148,72.83,0.115,0.0,BTC-27MAR20-8000-C,6914.9,71.86,0.114,12.0,0.1195,71.5,74.27,16.03348,-4.83016,7.9772,0.00013,0.45933
7020.36,BTC-27MAR20,1574852327004,open,0.18,41.1,0.1275,0.211,0.16564615,72.14,0.166,0.0,BTC-27MAR20-7000-C,6914.9,70.74,0.1625,10.9,0.1695,10.0,73.86,15.75057,-4.69981,9.74833,0.00013,0.58494
6915.2,SYN.BTC-6DEC19,1574852313629,open,0.0,60.4,0.0005,0.0175,0.00426697,99.46,0.0035,0.0,BTC-6DEC19-5500-P,6914.9,95.12,0.0035,65.0,0.005,30.1,103.24,1.28646,-7.20826,-0.10826,0.00011,-0.06011
7020.36,BTC-27MAR20,1574852313898,open,0.02,1307.4,0.0065,0.0355,0.01661873,77.85,0.018,0.0,BTC-27MAR20-4000-P,6914.9,76.37,0.0155,1.0,0.018,32.9,79.62,5.39376,-1.73691,-2.00187,4e-05,-0.06949
7020.26,BTC-27MAR20,1574852324563,open,0.08,563.3,0.0595,0.132,0.09074624,72.31,0.0825,0.0,BTC-27MAR20-6000-P,6914.9,70.89,0.088,22.8,0.094,12.1,73.99,13.57864,-4.06132,-8.59891,0.00012,-0.27912
7020.26,BTC-27MAR20,1574852329309,open,0.09,290.8,0.0515,0.129,0.08472798,75.02,0.0815,0.0,BTC-27MAR20-9000-C,6914.9,73.98,0.0825,1.3,0.0865,21.0,75.84,15.10792,-4.68805,6.38965,0.00012,0.35957
6915.2,SYN.BTC-6DEC19,1574852313666,open,0.01,123.7,0.0005,0.0255,0.00846911,83.5,0.0075,0.0,BTC-6DEC19-6000-P,6914.9,80.38,0.0075,63.0,0.0095,30.0,86.65,2.2071,-10.3822,-0.22272,0.00023,-0.12398
7020.36,BTC-27MAR20,1574852338084,open,0.25,21.3,0.2005,0.2775,0.23608395,72.31,0.2315,0.0,BTC-27MAR20-6000-C,6914.9,70.45,0.2325,19.0,0.2395,13.0,74.07,13.57854,-4.06121,11.27143,0.00012,0.72089
7020.36,BTC-27MAR20,1574852314004,open,0.01,465.2,0.0015,0.034,0.01130064,97.82,0.0125,0.0,BTC-27MAR20-20000-C,6914.9,96.58,0.0105,0.2,0.0125,42.0,99.58,4.63786,-1.87657,1.06804,3e-05,0.05724
6914.88,SYN.BTC-29NOV19,1574852318769,open,0.0,1093.7,0.0005,0.0105,0.0,119.99,0.0005,0.0,BTC-29NOV19-13000-C,6914.9,0.0,0.0,0.0,0.0015,59.0,387.53,0.0,0.0,0.0,0.0,0.0
145.67,SYN.ETH-26JUN20,1574852333285,open,0.14,518.0,0.103,0.206,0.1527,84.76,0.133,0.0,ETH-26JUN20-120-P,142.81,81.67,0.145,266.0,0.155,210.0,85.67,0.36465,-0.07294,-0.35459,0.00349,-0.26662
145.67,SYN.ETH-26JUN20,1574852336124,open,0.28,90.0,0.211,0.322,0.268171,84.74,0.282,0.0,ETH-26JUN20-140-C,142.81,82.92,0.263,472.0,0.275,210.0,87.17,0.41125,-0.08224,0.32257,0.00394,0.64962
7020.36,BTC-27MAR20,1574852314010,open,0.01,222.2,0.0005,0.03,0.0091946,100.86,0.0105,0.0,BTC-27MAR20-22000-C,6914.9,98.64,0.008,33.0,0.0105,42.0,103.09,3.94515,-1.64593,0.87195,2e-05,0.0467
6914.88,SYN.BTC-29NOV19,1574852313601,open,0.0,623.2,0.0005,0.0105,2e-07,119.99,0.0005,0.0,BTC-29NOV19-10000-C,6914.9,0.0,0.0,0.0,0.0015,64.0,248.59,0.00024,-0.00137,0.0,0.0,1e-05
7020.36,BTC-27MAR20,1574852314409,open,0.01,137.6,0.0005,0.0205,0.00505711,111.14,0.006,0.0,BTC-27MAR20-30000-C,6914.9,109.45,0.0045,9.0,0.0055,15.0,112.4,2.4029,-1.1047,0.47593,1e-05,0.02553
6915.2,SYN.BTC-6DEC19,1574852313651,open,0.0,128.7,0.0005,0.0205,0.00575222,90.5,0.004,0.0,BTC-6DEC19-5750-P,6914.9,87.26,0.005,64.0,0.0065,30.0,93.51,1.66439,-8.48502,-0.15107,0.00016,-0.08408
145.67,SYN.ETH-26JUN20,1574852336300,open,0.19,426.0,0.128,0.243,0.185546,86.67,0.19,0.0,ETH-26JUN20-180-C,142.81,85.52,0.182,482.0,0.193,272.0,89.13,0.44275,-0.09056,0.2692,0.00415,0.50388
6915.2,SYN.BTC-6DEC19,1574852313697,open,0.0,61.5,0.0005,0.0135,0.00271496,79.37,0.003,0.0,BTC-6DEC19-8500-C,6914.9,74.85,0.002,71.0,0.0035,2.0,83.64,1.186,-5.30283,0.0866,0.00013,0.05421
145.67,SYN.ETH-26JUN20,1574852336251,open,0.23,103.0,0.162,0.276,0.219932,85.0,0.218,0.0,ETH-26JUN20-160-C,142.81,84.03,0.217,267.0,0.229,210.0,88.04,0.43574,-0.0874,0.29688,0.00416,0.571
145.67,SYN.ETH-26JUN20,1574852336526,open,0.14,555.0,0.082,0.193,0.135836,89.45,0.13,0.0,ETH-26JUN20-220-C,142.81,87.8,0.131,460.0,0.142,460.0,91.55,0.42758,-0.09025,0.21984,0.00388,0.3958
145.66,SYN.ETH-26JUN20,1574852336392,open,0.34,142.0,0.276,0.379,0.328893,84.76,0.335,0.0,ETH-26JUN20-120-C,142.81,81.99,0.322,468.0,0.335,210.0,87.19,0.36465,-0.07294,0.34195,0.00349,0.73335
6914.88,SYN.BTC-29NOV19,1574852331305,open,0.03,511.2,0.0015,0.0375,0.01520912,72.2,0.0125,0.0,BTC-29NOV19-7000-C,6914.9,60.71,0.012,41.8,0.015,0.4,71.5,1.93423,-37.22629,0.14265,0.00109,0.41664
145.67,SYN.ETH-26JUN20,1574852334663,open,0.03,286.0,0.007,0.06,0.025918,106.94,0.027,0.0,ETH-26JUN20-600-C,142.81,104.54,0.023,440.0,0.03,140.0,110.06,0.18282,-0.04614,0.05567,0.00139,0.09175
145.66,SYN.ETH-26JUN20,1574852336598,open,0.03,42.0,0.01,0.069,0.032127,103.83,0.034,0.0,ETH-26JUN20-520-C,142.81,101.62,0.029,440.0,0.036,140.0,106.41,0.21213,-0.05198,0.068,0.00166,0.11255
145.67,SYN.ETH-26JUN20,1574852336580,open,0.03,111.0,0.009,0.065,0.029132,105.73,0.027,0.0,ETH-26JUN20-560-C,142.81,103.36,0.026,440.0,0.033,140.0,108.49,0.19796,-0.04939,0.06183,0.00152,0.10225
145.67,SYN.ETH-26JUN20,1574852336657,open,0.05,652.0,0.019,0.093,0.04913,98.65,0.052,0.0,ETH-26JUN20-400-C,142.81,96.98,0.046,140.0,0.053,140.0,100.65,0.27709,-0.0645,0.09923,0.00228,0.16647
142.79,ETH-27DEC19,1574852333610,open,0.01,3837.0,0.001,0.026,0.010677,96.5,0.013,0.0,ETH-27DEC19-100-P,142.81,92.29,0.009,660.0,0.012,160.0,99.65,0.05878,-0.09493,-0.0102,0.00365,-0.07662
142.79,ETH-27DEC19,1574852336614,open,0.02,13421.0,0.004,0.035,0.014971,92.46,0.019,0.0,ETH-27DEC19-200-C,142.81,89.03,0.013,610.0,0.017,780.0,95.77,0.08496,-0.13147,0.01307,0.00551,0.12684
145.67,SYN.ETH-26JUN20,1574852336594,open,0.02,560.0,0.006,0.055,0.02315,107.99,0.021,0.0,ETH-26JUN20-640-C,142.81,105.17,0.02,440.0,0.027,140.0,111.17,0.16909,-0.04309,0.05031,0.00127,0.08264
145.66,SYN.ETH-26JUN20,1574852336663,open,0.08,719.0,0.054,0.132,0.090296,84.74,0.09,0.0,ETH-26JUN20-100-P,142.81,81.61,0.084,284.0,0.094,250.0,86.58,0.29387,-0.05876,-0.23076,0.00282,-0.18264
144.4,ETH-27MAR20,1574852118351,open,0.2,35.0,0.154,0.252,0.203709,84.02,0.198,0.0,ETH-27MAR20-140-C,142.81,79.13,0.193,257.0,0.213,257.0,88.26,0.31637,-0.10996,0.19911,0.00545,0.62011
142.79,ETH-27DEC19,1574852333695,open,0.03,6890.0,0.013,0.059,0.032024,86.35,0.031,0.0,ETH-27DEC19-120-P,142.81,83.85,0.03,128.0,0.035,780.0,90.0,0.11574,-0.16725,-0.02758,0.00803,-0.20401
142.79,ETH-27DEC19,1574852332771,open,0.0,2238.0,0.001,0.011,0.001602,120.01,0.005,0.0,ETH-27DEC19-320-C,142.81,113.38,0.001,581.0,0.004,460.0,136.06,0.01519,-0.0305,0.00153,0.00076,0.01468
145.67,SYN.ETH-26JUN20,1574852336573,open,0.06,681.0,0.024,0.106,0.059072,96.93,0.057,0.0,ETH-26JUN20-360-C,142.81,94.98,0.055,477.0,0.063,180.0,98.78,0.30699,-0.07022,0.11583,0.00257,0.19604
142.79,ETH-27DEC19,1574849072651,open,0.0,6174.0,0.001,0.011,0.0,120.0,0.001,0.0,ETH-27DEC19-720-C,142.81,0.0,0.0,0.0,0.003,300.0,228.13,1e-05,-1e-05,0.0,0.0,0.0
144.4,ETH-27MAR20,1574852333880,open,0.05,2045.0,0.017,0.082,0.044011,97.21,0.046,0.0,ETH-27MAR20-280-C,142.81,95.88,0.042,5.0,0.045,298.0,97.85,0.22031,-0.08859,0.06646,0.00328,0.18299
142.79,ETH-27DEC19,1574852334527,open,0.0,2053.0,0.001,0.013,0.00301,112.86,0.005,0.0,ETH-27DEC19-280-C,142.81,106.45,0.002,480.0,0.005,461.0,122.22,0.0256,-0.04835,0.00282,0.00136,0.02717
145.67,SYN.ETH-26JUN20,1574852336691,open,0.04,664.0,0.015,0.083,0.041703,100.3,0.045,0.0,ETH-26JUN20-440-C,142.81,98.72,0.039,140.0,0.046,140.0,102.74,0.25128,-0.05948,0.08615,0.00203,0.14358
142.79,ETH-27DEC19,1574852334655,open,0.01,7003.0,0.001,0.016,0.004855,99.28,0.005,0.0,ETH-27DEC19-240-C,142.81,95.98,0.004,780.0,0.005,10.0,99.79,0.03933,-0.06536,0.0048,0.00237,0.04589
142.79,ETH-27DEC19,1574852096818,open,0.0,1759.0,0.001,0.011,0.000583,120.01,0.003,0.0,ETH-27DEC19-360-C,142.81,127.13,0.001,3000.0,0.003,300.0,145.6,0.00678,-0.01362,0.00061,0.00034,0.00584
142.82,SYN.ETH-29NOV19,1574852097785,open,0.0,71.0,0.001,0.011,2.5e-05,120.03,0.001,0.0,ETH-29NOV19-110-P,142.81,0.0,0.0,0.0,0.002,500.0,206.0,0.00036,-0.00364,-1e-05,0.00029,-0.00104
142.79,ETH-27DEC19,1574849072646,open,0.0,12762.0,0.001,0.011,0.0,120.0,0.001,0.0,ETH-27DEC19-680-C,142.81,0.0,0.0,0.0,0.004,300.0,229.53,1e-05,-2e-05,0.0,0.0,1e-05
142.79,ETH-27DEC19,1574852330833,open,0.12,83.0,0.068,0.14,0.103789,83.13,0.114,0.0,ETH-27DEC19-140-C,142.81,78.82,0.099,339.0,0.108,243.0,86.86,0.15969,-0.22216,0.05565,0.01151,0.58
142.79,ETH-27DEC19,1574849072694,open,0.0,13247.0,0.001,0.011,1.3e-05,120.0,0.001,0.0,ETH-27DEC19-520-C,142.81,0.0,0.0,0.0,0.004,300.0,197.72,0.00026,-0.00051,2e-05,1e-05,0.00016
144.4,ETH-27MAR20,1574852335137,open,0.1,1179.0,0.065,0.151,0.106145,85.8,0.093,0.0,ETH-27MAR20-120-P,142.81,82.02,0.099,593.0,0.114,273.0,89.95,0.27325,-0.09698,-0.17847,0.00461,-0.26705
145.67,SYN.ETH-26JUN20,1574852336437,open,0.09,427.0,0.046,0.144,0.090798,92.87,0.088,0.0,ETH-26JUN20-280-C,142.81,91.01,0.086,180.0,0.097,470.0,95.26,0.37645,-0.0825,0.16376,0.00329,0.28445
144.4,ETH-27MAR20,1574852333728,open,0.08,792.0,0.037,0.12,0.075036,90.72,0.081,0.0,ETH-27MAR20-220-C,142.81,87.63,0.069,586.0,0.079,286.0,92.7,0.28569,-0.10721,0.10409,0.00456,0.29272
142.79,ETH-27DEC19,1574852334561,open,0.0,2177.0,0.001,0.012,0.002571,119.35,0.002,0.0,ETH-27DEC19-300-C,142.81,105.71,0.001,681.0,0.004,301.0,127.36,0.0219,-0.04375,0.00234,0.0011,0.02256
142.79,ETH-27DEC19,1574852334680,open,0.0,1347.0,0.001,0.011,0.000354,120.01,0.002,0.0,ETH-27DEC19-380-C,142.81,133.34,0.001,2.0,0.003,460.0,152.41,0.0045,-0.00904,0.00039,0.00022,0.00369
142.81,SYN.ETH-29NOV19,1574852098060,open,0.0,1117.0,0.001,0.011,0.000741,120.01,0.003,0.0,ETH-29NOV19-170-C,142.81,125.84,0.001,100.0,0.003,502.0,154.67,0.00572,-0.10606,0.00017,0.00455,0.02369
142.81,SYN.ETH-29NOV19,1574852288758,open,0.0,803.0,0.001,0.023,0.004482,111.36,0.005,0.0,ETH-29NOV19-130-P,142.81,90.11,0.002,550.0,0.006,544.0,121.89,0.01947,-0.57802,-0.00085,0.01669,-0.11178
142.79,ETH-27DEC19,1574852334603,open,0.0,924.0,0.001,0.011,0.000964,120.01,0.002,0.0,ETH-27DEC19-340-C,142.81,120.5,0.001,101.0,0.003,300.0,138.31,0.01018,-0.02044,0.00097,0.00051,0.00926
142.79,ETH-27DEC19,1574849072634,open,0.0,16677.0,0.001,0.011,1e-06,120.01,0.001,0.0,ETH-27DEC19-640-C,142.81,0.0,0.0,0.0,0.003,300.0,214.75,2e-05,-5e-05,0.0,0.0,1e-05
144.4,ETH-27MAR20,1574852336652,open,0.01,403.0,0.001,0.022,0.006533,117.32,0.006,0.0,ETH-27MAR20-640-C,142.81,113.15,0.005,220.0,0.008,520.0,120.73,0.05794,-0.02812,0.01165,0.00072,0.0309
144.4,ETH-27MAR20,1574852335628,open,0.06,2135.0,0.027,0.102,0.060215,92.1,0.061,0.0,ETH-27MAR20-240-C,142.81,89.73,0.056,800.0,0.064,591.0,94.17,0.26064,-0.0993,0.08787,0.0041,0.24398
144.4,ETH-27MAR20,1574852336616,open,0.01,1637.0,0.003,0.033,0.012014,109.49,0.013,0.0,ETH-27MAR20-480-C,142.81,106.2,0.01,220.0,0.015,520.0,113.8,0.09345,-0.04232,0.02092,0.00124,0.05576
144.4,ETH-27MAR20,1574852334110,open,0.02,579.0,0.006,0.052,0.022821,101.71,0.026,0.0,ETH-27MAR20-360-C,142.81,98.87,0.02,561.0,0.027,560.0,105.6,0.14837,-0.06243,0.03805,0.00211,0.1024
142.79,ETH-27DEC19,1574852334706,open,0.0,10460.0,0.001,0.011,0.000216,120.01,0.003,0.0,ETH-27DEC19-400-C,142.81,139.18,0.001,562.0,0.003,460.0,158.81,0.00298,-0.00599,0.00025,0.00015,0.00234
145.66,SYN.ETH-26JUN20,1574852335150,open,0.04,4.0,0.022,0.074,0.045186,85.46,0.026,0.0,ETH-26JUN20-80-P,142.81,83.16,0.042,298.0,0.049,250.0,88.16,0.20373,-0.04109,-0.12816,0.00194,-0.10639
142.81,SYN.ETH-29NOV19,1574849072712,open,0.0,399.0,0.001,0.011,0.0,120.01,0.001,0.0,ETH-29NOV19-300-C,142.81,0.0,0.0,0.0,0.002,300.0,460.12,0.0,0.0,0.0,0.0,0.0
142.79,ETH-27DEC19,1574849072679,open,0.0,11107.0,0.001,0.011,5e-06,120.01,0.001,0.0,ETH-27DEC19-560-C,142.81,0.0,0.0,0.0,0.004,300.0,206.65,0.00012,-0.00023,1e-05,1e-05,7e-05
142.79,ETH-27DEC19,1574852334218,open,0.06,1792.0,0.025,0.084,0.0524,84.17,0.049,0.0,ETH-27DEC19-160-C,142.81,80.97,0.049,739.0,0.057,399.0,88.42,0.15318,-0.21578,0.03622,0.0109,0.36236
145.67,SYN.ETH-26JUN20,1574851863577,open,0.02,185.0,0.006,0.032,0.016411,85.98,0.01,0.0,ETH-26JUN20-60-P,142.81,74.55,0.009,300.0,0.024,301.0,95.4,0.10768,-0.02185,-0.05305,0.00102,-0.04632
142.79,ETH-27DEC19,1574852334413,open,0.01,8815.0,0.001,0.025,0.009025,97.6,0.009,0.0,ETH-27DEC19-220-C,142.81,92.48,0.007,837.0,0.011,780.0,102.01,0.06044,-0.09872,0.00824,0.00371,0.07949
142.82,SYN.ETH-29NOV19,1574849072840,open,0.0,4018.0,0.001,0.011,0.0,119.98,0.002,0.0,ETH-29NOV19-210-C,142.81,0.0,0.0,0.0,0.002,300.0,269.38,0.0,-1e-05,0.0,0.0,0.0
142.79,ETH-27DEC19,1574852333856,open,0.07,4410.0,0.049,0.123,0.08425,83.07,0.091,0.0,ETH-27DEC19-140-P,142.81,79.3,0.08,714.0,0.089,354.0,87.35,0.15969,-0.222,-0.05893,0.01152,-0.42001
142.82,SYN.ETH-29NOV19,1574852337561,open,0.04,748.0,0.024,0.095,0.058655,89.61,0.063,0.0,ETH-29NOV19-150-P,142.81,71.36,0.055,40.0,0.063,151.0,108.24,0.03125,-0.74662,-0.00607,0.03327,-0.76778
142.81,SYN.ETH-6DEC19,1574852337466,open,0.07,710.0,0.045,0.119,0.080859,81.48,0.075,0.0,ETH-6DEC19-150-P,142.81,74.81,0.077,120.0,0.087,321.0,91.71,0.08433,-0.38708,-0.02457,0.02087,-0.6266
142.81,SYN.ETH-6DEC19,1574852098017,open,0.0,32.0,0.001,0.011,0.001146,113.96,0.002,0.0,ETH-6DEC19-210-C,142.81,0.0,0.0,0.0,0.003,501.0,132.42,0.0102,-0.06547,0.00061,0.0018,0.01873
144.4,ETH-27MAR20,1574852336639,open,0.24,3845.0,0.202,0.324,0.261965,84.95,0.245,0.0,ETH-27MAR20-160-P,142.81,82.37,0.256,170.0,0.269,300.0,88.04,0.33131,-0.11642,-0.35776,0.00565,-0.48622
142.81,SYN.ETH-6DEC19,1574852330406,open,0.02,457.0,0.002,0.037,0.014635,83.7,0.022,0.0,ETH-6DEC19-160-C,142.81,77.71,0.012,446.0,0.017,161.0,88.88,0.06424,-0.30293,0.0068,0.01547,0.21033
142.79,ETH-27DEC19,1574852334731,open,0.0,11489.0,0.001,0.011,8.2e-05,120.01,0.002,0.0,ETH-27DEC19-440-C,142.81,0.0,0.0,0.0,0.002,499.0,162.12,0.00131,-0.00263,0.0001,7e-05,0.00095
142.82,SYN.ETH-29NOV19,1574852097808,open,0.0,1129.0,0.001,0.015,0.002038,102.32,0.003,0.0,ETH-29NOV19-160-C,142.81,101.95,0.002,555.0,0.004,500.0,120.28,0.01302,-0.29042,0.00046,0.01214,0.06527
142.81,SYN.ETH-6DEC19,1574852337477,open,0.08,372.0,0.029,0.093,0.060521,81.25,0.079,0.0,ETH-6DEC19-140-C,142.81,73.86,0.056,330.0,0.064,120.0,87.04,0.08671,-0.39691,0.01829,0.02152,0.58723
142.8,SYN.ETH-6DEC19,1574852098081,open,0.0,173.0,0.001,0.011,0.000821,119.95,0.001,0.0,ETH-6DEC19-220-C,142.81,0.0,0.0,0.0,0.002,300.0,135.9,0.00761,-0.05143,0.00043,0.00128,0.01332
142.81,SYN.ETH-6DEC19,1574852115308,open,0.0,104.0,0.001,0.011,0.001705,120.01,0.003,0.0,ETH-6DEC19-100-P,142.81,110.25,0.001,201.0,0.004,551.0,140.62,0.01208,-0.08165,-0.00085,0.00203,-0.02287
142.82,SYN.ETH-29NOV19,1574852098031,open,0.0,4810.0,0.001,0.011,0.000106,119.97,0.001,0.0,ETH-29NOV19-180-C,142.81,0.0,0.0,0.0,0.002,301.0,178.41,0.00123,-0.01507,3e-05,0.00098,0.00405
142.81,SYN.ETH-6DEC19,1574852337458,open,0.03,312.0,0.014,0.073,0.040816,81.37,0.042,0.0,ETH-6DEC19-140-P,142.81,75.02,0.037,388.0,0.046,388.0,89.84,0.08672,-0.39748,-0.01576,0.02149,-0.41282
142.81,SYN.ETH-6DEC19,1574852097847,open,0.0,214.0,0.001,0.016,0.003947,108.61,0.004,0.0,ETH-6DEC19-110-P,142.81,94.69,0.002,510.0,0.006,500.0,119.67,0.02369,-0.14492,-0.00194,0.0044,-0.05197
142.81,SYN.ETH-6DEC19,1574852100368,open,0.01,344.0,0.001,0.017,0.004104,94.43,0.003,0.0,ETH-6DEC19-180-C,142.81,82.03,0.002,500.0,0.006,200.0,102.89,0.02893,-0.15392,0.00219,0.00618,0.06708
144.4,ETH-27MAR20,1574852336626,open,0.01,5207.0,0.001,0.023,0.007175,114.9,0.009,0.0,ETH-27MAR20-600-C,142.81,109.3,0.005,220.0,0.01,520.0,120.7,0.06286,-0.02988,0.01288,0.00079,0.03411
144.4,ETH-27MAR20,1574852336600,open,0.03,1033.0,0.01,0.062,0.029818,98.5,0.032,0.0,ETH-27MAR20-320-C,142.81,96.14,0.027,260.0,0.033,260.0,101.03,0.17698,-0.07211,0.04852,0.0026,0.13128
144.4,ETH-27MAR20,1574852336628,open,0.02,834.0,0.009,0.044,0.02341,89.45,0.01,0.0,ETH-27MAR20-80-P,142.81,86.58,0.021,320.0,0.026,320.0,92.42,0.12361,-0.04573,-0.04948,0.002,-0.08006
142.81,SYN.ETH-6DEC19,1574852112283,open,0.01,196.0,0.001,0.025,0.008125,95.45,0.006,0.0,ETH-6DEC19-120-P,142.81,87.55,0.006,599.0,0.01,200.0,101.69,0.04099,-0.22043,-0.00399,0.00866,-0.10679
142.81,SYN.ETH-6DEC19,1574852329759,open,0.01,432.0,0.001,0.025,0.007707,89.45,0.012,0.0,ETH-6DEC19-170-C,142.81,83.68,0.006,1.0,0.01,501.0,96.46,0.04431,-0.22331,0.00387,0.00999,0.11911
145.67,SYN.ETH-26JUN20,1574852334753,open,0.04,330.0,0.012,0.076,0.036842,102.42,0.04,0.0,ETH-26JUN20-480-C,142.81,99.95,0.033,440.0,0.041,140.0,104.97,0.23174,-0.05601,0.07673,0.00184,0.12758
142.81,SYN.ETH-6DEC19,1574852329689,open,0.04,490.0,0.008,0.059,0.030542,81.35,0.031,0.0,ETH-6DEC19-150-C,142.81,75.36,0.027,423.0,0.034,423.0,87.22,0.08431,-0.3864,0.0119,0.0209,0.37314
144.4,ETH-27MAR20,1574852333600,open,0.16,858.0,0.105,0.203,0.153931,84.98,0.16,0.0,ETH-27MAR20-160-C,142.81,82.82,0.149,266.0,0.159,300.0,87.18,0.33131,-0.11646,0.17211,0.00565,0.51386
142.81,SYN.ETH-29NOV19,1574852337563,open,0.01,449.0,0.001,0.03,0.008357,89.42,0.009,0.0,ETH-29NOV19-150-C,142.81,78.09,0.006,3.0,0.01,381.0,96.71,0.03119,-0.74342,0.00164,0.03328,0.23136
142.81,SYN.ETH-29NOV19,1574849072690,open,0.0,569.0,0.001,0.011,0.0,120.01,0.001,0.0,ETH-29NOV19-320-C,142.81,0.0,0.0,0.0,0.002,300.0,492.66,0.0,0.0,0.0,0.0,0.0
144.4,ETH-27MAR20,1574852335550,open,0.1,2028.0,0.052,0.142,0.094962,89.38,0.1,0.0,ETH-27MAR20-200-C,142.81,88.46,0.093,2.0,0.098,581.0,90.8,0.30888,-0.1142,0.1236,0.005,0.35343
144.4,ETH-27MAR20,1574852336638,open,0.02,1395.0,0.005,0.044,0.018264,104.87,0.022,0.0,ETH-27MAR20-400-C,142.81,102.19,0.016,260.0,0.021,260.0,107.87,0.12677,-0.05499,0.03085,0.00175,0.08278
142.82,SYN.ETH-29NOV19,1574851213119,open,0.0,2925.0,0.001,0.011,0.0,120.02,0.003,0.0,ETH-29NOV19-100-P,142.81,0.0,0.0,0.0,0.002,310.0,268.28,1e-05,-4e-05,0.0,1e-05,-1e-05
142.81,SYN.ETH-29NOV19,1574852336592,open,0.01,2328.0,0.001,0.043,0.015488,84.86,0.013,0.0,ETH-29NOV19-140-P,142.81,71.84,0.012,160.0,0.019,423.0,97.95,0.03832,-0.86686,-0.00276,0.04309,-0.36057
7020.31,BTC-27MAR20,1574852344377,open,0.02,1518.2,0.0055,0.0445,0.01764085,89.48,0.0195,0.0,BTC-27MAR20-16000-C,6914.64,88.79,0.017,5.6,0.0185,15.0,90.39,6.54681,-2.4232,1.67638,4e-05,0.08975
6916.19,BTC-27DEC19,1574852344377,open,0.42,531.8,0.42,0.4905,0.45229009,80.55,0.39,0.0,BTC-27DEC19-10000-P,6914.64,0.0,0.3435,1.0,0.555,0.5,203.37,2.62129,-3.53352,-7.83198,8e-05,-0.93121
7020.31,BTC-27MAR20,1574852344377,open,0.07,474.3,0.0335,0.1035,0.06208219,76.61,0.0685,0.0,BTC-27MAR20-10000-C,6914.64,75.53,0.06,0.2,0.064,13.8,77.6,13.60609,-4.31176,5.07284,0.00011,0.28028
6916.19,BTC-27DEC19,1574852344377,open,0.0,696.4,0.0005,0.0115,0.00185163,99.87,0.001,0.0,BTC-27DEC19-13000-C,6914.64,92.21,0.001,111.0,0.0025,9.0,104.2,0.93429,-1.56154,0.09944,2e-05,0.01942
6916.19,BTC-27DEC19,1574852344377,open,0.0,778.0,0.0005,0.0165,0.00529346,95.02,0.0055,0.0,BTC-27DEC19-4500-P,6914.64,91.85,0.0045,47.0,0.006,24.0,97.63,1.80797,-2.87514,-0.27338,5e-05,-0.043
6916.19,BTC-27DEC19,1574852344377,open,0.0,349.0,0.0005,0.0105,0.0,120.0,0.0005,0.0,BTC-27DEC19-48000-C,6914.64,0.0,0.0,0.0,0.001,49.0,235.58,0.0,-1e-05,0.0,0.0,0.0
7020.31,BTC-27MAR20,1574852344377,open,1.8,5.2,1.7965,1.9375,1.86015739,97.79,1.108,0.0,BTC-27MAR20-20000-P,6914.64,0.0,0.0,0.0,0.0,0.0,0.0,4.63296,-1.87401,-65.16654,3e-05,-0.94284
7020.31,BTC-27MAR20,1574852344377,open,0.01,222.2,0.0005,0.03,0.0091946,100.86,0.0105,0.0,BTC-27MAR20-22000-C,6914.64,98.64,0.008,33.0,0.0105,42.0,103.09,3.94518,-1.64595,0.87195,2e-05,0.0467
7020.31,BTC-27MAR20,1574852344377,open,0.0,94.5,0.0005,0.018,0.00399063,115.05,0.004,0.0,BTC-27MAR20-34000-C,6914.64,113.21,0.0035,8.0,0.0045,15.0,116.79,1.9642,-0.93475,0.37447,1e-05,0.0201
6916.19,BTC-27DEC19,1574852344377,open,0.0,1141.4,0.0005,0.015,0.00404082,88.01,0.0045,0.0,BTC-27DEC19-11000-C,6914.64,85.85,0.0035,36.7,0.0045,24.0,89.71,1.80749,-2.66224,0.22046,5e-05,0.04298
6916.19,BTC-27DEC19,1574852344377,open,0.0,1541.5,0.0005,0.0105,0.0,120.0,0.0005,0.0,BTC-27DEC19-52000-C,6914.64,0.0,0.0,0.0,0.0005,32.0,229.23,0.0,0.0,0.0,0.0,0.0
7020.31,BTC-27MAR20,1574852344377,open,0.0,656.7,0.0005,0.0145,0.0029166,119.82,0.0035,0.0,BTC-27MAR20-40000-C,6914.64,117.76,0.0025,6.0,0.0035,16.0,122.37,1.50093,-0.74388,0.27324,1e-05,0.01467
6916.19,BTC-27DEC19,1574852344377,open,0.0,756.8,0.0005,0.0105,2.238e-05,120.0,0.0005,0.0,BTC-27DEC19-24000-C,6914.64,0.0,0.0,0.0,0.001,50.0,163.02,0.02038,-0.04092,0.00145,0.0,0.00028
7020.31,BTC-27MAR20,1574852344378,open,0.01,155.0,0.0005,0.027,0.00786821,104.06,0.0075,0.0,BTC-27MAR20-24000-C,6914.64,102.23,0.007,6.0,0.009,42.0,106.26,3.46521,-1.49155,0.74171,2e-05,0.03977
7020.31,BTC-27MAR20,1574852344378,open,0.03,409.3,0.0085,0.0535,0.02336262,84.28,0.026,0.0,BTC-27MAR20-14000-C,6914.64,83.07,0.022,25.0,0.025,17.0,85.69,8.02707,-2.79832,2.22007,6e-05,0.11885
6915.93,BTC-27DEC19,1574852344378,open,0.72,0.0,0.701,0.7205,0.71083227,129.02,None,0.0,BTC-27DEC19-2000-C,6914.64,0.0,0.704,18.0,0.7185,18.0,261.24,0.0147,-0.03174,1.6358,0.0,0.9998
7020.31,BTC-27MAR20,1574852344378,open,0.01,267.2,0.0035,0.037,0.01321267,93.04,0.015,0.0,BTC-27MAR20-18000-C,6914.64,90.69,0.0115,41.8,0.015,34.0,95.32,5.30486,-2.04166,1.27386,3e-05,0.06801
6915.93,BTC-27DEC19,1574852344378,open,0.44,31.0,0.411,0.442,0.42494934,106.62,0.4255,0.0,BTC-27DEC19-4000-C,6914.64,0.0,0.415,12.0,0.435,12.0,144.47,1.18493,-2.11438,3.10954,3e-05,0.97426
7020.31,BTC-27MAR20,1574852344378,open,0.0,143.6,0.0005,0.0165,0.00349639,116.44,0.0035,0.0,BTC-27MAR20-36000-C,6914.64,114.36,0.003,8.0,0.004,15.0,118.36,1.76038,-0.84792,0.32951,1e-05,0.01767
7020.31,BTC-27MAR20,1574852344378,open,0.46,7.4,0.427,0.4715,0.44684049,77.84,0.464,0.0,BTC-27MAR20-4000-C,6914.64,38.2,0.4305,9.0,0.462,9.0,95.02,5.39331,-1.73665,11.24503,4e-05,0.93052
7020.31,BTC-27MAR20,1574852344378,open,0.34,99.1,0.318,0.4255,0.36673178,75.02,0.373,0.0,BTC-27MAR20-9000-P,6914.64,68.55,0.353,8.0,0.3835,13.0,82.71,15.10825,-4.68828,-23.41508,0.00012,-0.64042
7020.31,BTC-27MAR20,1574852344378,open,0.02,1307.4,0.0065,0.0355,0.01661873,77.85,0.018,0.0,BTC-27MAR20-4000-P,6914.64,76.37,0.0155,1.0,0.018,32.9,79.62,5.3937,-1.73685,-2.00183,4e-05,-0.06949
7020.31,BTC-27MAR20,1574852344378,open,2.9,0.0,2.9115,3.0895,2.9941307,108.76,None,0.0,BTC-27MAR20-28000-P,6914.64,0.0,0.0,0.0,0.0,0.0,0.0,2.66442,-1.19871,-92.18741,2e-05,-0.97111
7020.31,BTC-27MAR20,1574852344378,open,0.01,116.7,0.0005,0.0245,0.00672144,106.68,0.0075,0.0,BTC-27MAR20-26000-C,6914.64,104.96,0.006,6.0,0.0075,22.0,108.41,3.04425,-1.34338,0.63294,2e-05,0.03395
7020.31,BTC-27MAR20,1574852344378,open,0.0,64.4,0.0005,0.019,0.00449289,113.23,0.004,0.0,BTC-27MAR20-32000-C,6914.64,111.58,0.004,7.5,0.005,15.0,114.81,2.17191,-1.01728,0.42178,1e-05,0.02263
6915.93,BTC-27DEC19,1574852344378,open,0.0,1061.0,0.0005,0.011,0.00102989,109.88,0.001,0.0,BTC-27DEC19-15000-C,6914.64,101.46,0.0005,213.5,0.0015,2.0,115.0,0.55324,-1.01738,0.05398,1e-05,0.01057
6915.93,BTC-27DEC19,1574852344379,open,0.04,750.2,0.013,0.0555,0.02997655,70.72,0.03,0.0,BTC-27DEC19-8000-C,6914.64,69.14,0.0285,56.8,0.032,19.3,72.85,6.51906,-7.71534,1.34795,0.00024,0.2681
6915.93,BTC-27DEC19,1574852344379,open,0.0,486.7,0.0005,0.0115,0.0017836,116.62,0.0015,0.0,BTC-27DEC19-3500-P,6914.64,113.62,0.0015,1.1,0.002,18.1,118.72,0.68956,-1.34589,-0.0872,2e-05,-0.01362
6915.93,BTC-27DEC19,1574852344378,open,0.01,1480.6,0.0005,0.0235,0.00892586,85.54,0.008,0.0,BTC-27DEC19-5000-P,6914.64,83.17,0.008,69.0,0.0095,24.0,86.96,2.76747,-3.96205,-0.46847,8e-05,-0.07383
6915.93,BTC-27DEC19,1574852344378,open,0.0,530.9,0.0005,0.0105,6.1e-07,120.0,0.0005,0.0,BTC-27DEC19-32000-C,6914.64,0.0,0.0,0.0,0.0005,0.9,181.7,0.00079,-0.0016,5e-05,0.0,1e-05
6915.93,BTC-27DEC19,1574852344378,open,0.51,4.3,0.484,0.51,0.49572828,116.85,0.5625,0.0,BTC-27DEC19-3500-C,6914.64,0.0,0.4875,13.0,0.504,13.0,161.7,0.69511,-1.35936,2.77675,2e-05,0.98625
6915.93,BTC-27DEC19,1574852344379,open,0.7,73.0,0.702,0.78,0.73793605,95.05,0.725,0.0,BTC-27DEC19-12000-P,6914.64,0.0,0.694,0.1,0.0,0.0,0.0,1.32178,-2.10264,-9.67196,4e-05,-0.97066
7020.05,BTC-27MAR20,1574852344379,open,0.01,71.0,0.0005,0.0225,0.00573125,108.84,0.0065,0.0,BTC-27MAR20-28000-C,6914.64,106.83,0.005,6.0,0.0065,15.0,110.78,2.67306,-1.20345,0.54112,2e-05,0.02901
6915.93,BTC-27DEC19,1574852344379,open,0.37,21.6,0.338,0.3745,0.3546415,95.09,0.5285,0.0,BTC-27DEC19-4500-C,6914.64,0.0,0.344,11.0,0.367,11.0,128.82,1.81157,-2.88293,3.40921,5e-05,0.95689
6915.93,BTC-27DEC19,1574852344379,open,0.01,901.4,0.003,0.0315,0.01279723,74.79,0.012,0.0,BTC-27DEC19-9000-C,6914.64,73.46,0.012,44.0,0.014,47.0,76.74,4.19706,-5.25352,0.66635,0.00014,0.13051
6915.93,BTC-27DEC19,1574852344379,open,0.0,390.6,0.0005,0.0105,0.00097031,116.72,0.001,0.0,BTC-27DEC19-16000-C,6914.64,108.68,0.0005,40.5,0.0015,29.0,122.89,0.50518,-0.98686,0.0484,1e-05,0.00952
7020.05,BTC-27MAR20,1574852344379,open,0.01,465.2,0.0015,0.034,0.01130064,97.82,0.0125,0.0,BTC-27MAR20-20000-C,6914.64,96.58,0.0105,0.2,0.0125,42.0,99.58,4.63765,-1.87655,1.06798,3e-05,0.05724
7020.05,BTC-27MAR20,1574852344380,open,0.24,277.8,0.21,0.311,0.2557575,72.82,0.304,0.0,BTC-27MAR20-8000-P,6914.64,69.41,0.248,6.0,0.262,6.0,75.55,16.03244,-4.82897,-18.51725,0.00013,-0.54075
6915.93,BTC-27DEC19,1574852344380,open,0.0,1036.2,0.0005,0.0105,0.00015799,120.0,0.0005,0.0,BTC-27DEC19-20000-C,6914.64,0.0,0.0,0.0,0.0005,28.7,132.99,0.11068,-0.22229,0.00897,0.0,0.00174
