underlying_price,underlying_index,timestamp,state,settlement_price,open_interest,min_price,max_price,mark_price,mark_iv,last_price,interest_rate,instrument_name,index_price,bid_iv,best_bid_price,best_bid_amount,best_ask_price,best_ask_amount,ask_iv,vega,theta,rho,gamma,delta
187.65,ETH-27MAR20,1574074740169,open,1.15,13.0,1.082,1.247,1.159415,90.13,1.094,0.0,ETH-27MAR20-400-P,182.29,0.0,1.107,8.0,1.211,8.0,122.42,0.23342,-0.08099,-1.35668,0.00207,-0.87266
8536.34,BTC-27DEC19,1574074740534,open,0.0,477.4,0.0005,0.013,0.00300659,93.54,0.0025,0.0,BTC-27DEC19-16000-C,8445.62,91.01,0.0025,36.0,0.0035,41.3,95.76,1.80973,-2.17732,0.23062,2e-05,0.02837
8471.0,SYN.BTC-29NOV19,1574074740534,open,0.0,366.2,0.0005,0.0105,0.00073835,89.04,0.0005,0.0,BTC-29NOV19-12000-C,8445.62,84.73,0.0005,26.6,0.001,14.1,92.8,0.53149,-2.17576,0.03423,3e-05,0.0143
8536.34,BTC-27DEC19,1574074740582,open,1.81,0.0,1.7565,1.87,1.81163555,100.88,None,0.0,BTC-27DEC19-24000-P,8445.04,0.0,0.0,0.0,0.0,0.0,0.0,0.13299,-0.17255,-25.54993,0.0,-0.99854
8716.19,BTC-27MAR20,1574074740582,open,1.09,0.0,1.0345,1.1555,1.0888657,84.43,1.23,0.0,BTC-27MAR20-18000-P,8445.04,0.0,0.001,10.0,0.0,0.0,0.0,10.24001,-3.3283,-61.14407,4e-05,-0.88262
8536.34,BTC-27DEC19,1574074740582,open,0.59,4.3,0.5805,0.6,0.59018357,99.9,0.5625,0.0,BTC-27DEC19-3500-C,8445.04,0.0,0.5825,1.0,0.599,1.0,174.89,0.16701,-0.21458,3.70893,0.0,0.99812
8536.34,BTC-27DEC19,1574074740582,open,0.0,431.6,0.0005,0.016,0.00538785,85.2,0.005,0.0,BTC-27DEC19-5500-P,8445.04,83.87,0.005,20.0,0.0055,14.0,85.58,2.53246,-2.77517,-0.43745,4e-05,-0.04273
8536.34,BTC-27DEC19,1574074740582,open,0.0,699.7,0.0005,0.0105,0.00011299,100.0,0.0005,0.0,BTC-27DEC19-24000-C,8445.04,113.94,0.0005,14.0,0.0015,57.4,128.09,0.12189,-0.15676,0.01107,0.0,0.00133
8536.34,BTC-27DEC19,1574074740582,open,0.0,868.9,0.0005,0.0105,3.488e-05,100.0,0.0005,0.0,BTC-27DEC19-3000-P,8445.04,0.0,0.0,0.0,0.0005,31.7,128.53,0.03833,-0.0493,-0.00377,0.0,-0.00038
8716.19,BTC-27MAR20,1574074740582,open,0.15,130.7,0.112,0.1965,0.15103681,69.47,0.1495,0.0,BTC-27MAR20-9000-C,8445.04,69.03,0.15,20.2,0.1535,2.0,70.52,20.56793,-5.50116,12.42546,0.00011,0.55167
8536.34,BTC-27DEC19,1574074740582,open,0.02,474.3,0.0065,0.037,0.01799216,64.98,0.019,0.0,BTC-27DEC19-7000-P,8445.04,64.32,0.0175,3.0,0.0185,0.1,65.64,6.4598,-5.39837,-1.51615,0.00013,-0.14876
8716.19,BTC-27MAR20,1574074740582,open,0.07,1080.4,0.039,0.113,0.0702921,74.13,0.072,0.0,BTC-27MAR20-12000-C,8445.04,73.03,0.068,24.5,0.0735,2.0,75.65,18.28686,-5.21874,7.36753,9e-05,0.30784
8536.34,BTC-27DEC19,1574074740582,open,0.0,947.2,0.0005,0.0105,0.00070306,100.0,0.0015,0.0,BTC-27DEC19-20000-C,8445.04,103.97,0.001,23.5,0.002,43.1,113.09,0.55856,-0.71839,0.05934,1e-05,0.00723
8536.34,BTC-27DEC19,1574074740582,open,1.58,4.9,1.527,1.632,1.57750875,100.39,1.0385,0.0,BTC-27DEC19-22000-P,8445.04,0.0,0.0,0.0,0.0,0.0,0.0,0.27065,-0.34944,-23.40542,0.0,-0.99679
8536.34,BTC-27DEC19,1574074740582,open,0.88,19.0,0.8385,0.923,0.87735525,93.59,1.2,0.0,BTC-27DEC19-16000-P,8445.04,0.0,0.0,0.0,0.0,0.0,0.0,1.81322,-2.18252,-16.81026,2e-05,-0.97156
8716.19,BTC-27MAR20,1574074740582,open,1.31,5.2,1.2565,1.383,1.31330785,87.94,1.108,0.0,BTC-27MAR20-20000-P,8445.04,0.0,0.0,0.0,0.0,0.0,0.0,8.66759,-2.9344,-68.8537,4e-05,-0.90676
8536.34,BTC-27DEC19,1574074740582,open,0.3,112.4,0.286,0.3265,0.30470601,76.88,0.385,0.0,BTC-27DEC19-6000-C,8445.04,0.0,0.288,8.0,0.3225,8.0,109.54,3.44454,-3.40601,5.74943,6e-05,0.93707
8716.19,BTC-27MAR20,1574074740582,open,0.01,123.2,0.0005,0.026,0.00746052,100.0,0.009,0.0,BTC-27MAR20-30000-C,8445.04,99.05,0.007,31.0,0.0085,10.6,102.02,4.30101,-1.65578,0.94846,2e-05,0.03804
8536.34,BTC-27DEC19,1574074740582,open,4.16,0.0,4.0535,4.2595,4.15445805,135.36,3.46,0.0,BTC-27DEC19-44000-P,8445.04,0.0,0.001,1.0,0.0,0.0,0.0,0.02507,-0.04365,-46.86188,0.0,-0.99976
8536.34,BTC-27DEC19,1574074740582,open,0.05,556.2,0.032,0.084,0.05550126,59.73,0.0555,0.0,BTC-27DEC19-9000-C,8445.04,58.56,0.054,10.0,0.0575,52.3,61.29,10.94736,-8.40981,3.41385,0.00024,0.43098
8536.34,BTC-27DEC19,1574074740582,open,0.01,1353.6,0.0005,0.0205,0.00759077,76.9,0.0075,0.0,BTC-27DEC19-6000-P,8445.04,75.41,0.007,86.7,0.008,30.0,77.9,3.44615,-3.40842,-0.64151,6e-05,-0.06297
8536.34,BTC-27DEC19,1574074740583,open,0.71,0.0,0.6975,0.717,0.70713654,97.13,None,0.0,BTC-27DEC19-2500-C,8445.04,0.0,0.699,1.0,0.7155,1.0,230.8,0.00327,-0.00409,2.66245,0.0,0.99997
8536.34,BTC-27DEC19,1574074740582,open,3.69,0.0,3.5945,3.7815,3.68587108,127.61,2.58,0.0,BTC-27DEC19-40000-P,8445.04,0.0,0.001,1.0,0.0,0.0,0.0,0.02428,-0.03985,-42.60159,0.0,-0.99977
8868.31,SYN.BTC-26JUN20,1574074740582,open,0.31,114.0,0.254,0.3745,0.309379,73.85,0.315,0.0,BTC-26JUN20-10000-P,8445.04,68.08,0.2915,11.0,0.318,7.0,76.64,27.43795,-4.58674,-41.76414,8e-05,-0.46885
8535.76,BTC-27DEC19,1574074740583,open,0.0,530.9,0.0005,0.0105,3.59e-06,100.0,0.0005,0.0,BTC-27DEC19-32000-C,8445.04,0.0,0.0,0.0,0.001,35.0,150.29,0.00585,-0.00752,0.00043,0.0,5e-05
8535.76,BTC-27DEC19,1574074740584,open,0.42,66.8,0.4035,0.4345,0.41747891,91.2,0.4645,0.0,BTC-27DEC19-5000-C,8445.04,0.0,0.4055,9.0,0.431,9.0,132.13,1.67402,-1.96358,5.06094,2e-05,0.97416
8535.76,BTC-27DEC19,1574074740584,open,0.3,248.2,0.271,0.3415,0.30334721,66.47,0.31,0.0,BTC-27DEC19-11000-P,8445.04,32.11,0.289,5.1,0.333,1.0,98.42,6.33125,-5.41228,-10.53646,0.00012,-0.85561
8715.61,BTC-27MAR20,1574074740584,open,0.11,587.4,0.0795,0.164,0.11762919,71.85,0.1175,0.0,BTC-27MAR20-10000-C,8445.04,70.52,0.1145,10.1,0.12,11.2,72.85,20.62356,-5.70447,10.54337,0.00011,0.4576
8535.76,BTC-27DEC19,1574074740584,open,0.0,449.2,0.0005,0.0105,0.00027972,100.01,0.0005,0.0,BTC-27DEC19-22000-C,8445.04,105.69,0.0005,104.4,0.0015,50.0,119.1,0.26201,-0.337,0.02558,0.0,0.00309
8715.61,BTC-27MAR20,1574074740584,open,0.44,1.1,0.423,0.4675,0.44287142,74.28,0.4535,0.0,BTC-27MAR20-5000-C,8445.04,0.0,0.4245,8.0,0.462,8.0,94.54,6.98242,-1.99681,15.10617,3e-05,0.92998
8715.61,BTC-27MAR20,1574074740584,open,0.07,105.8,0.042,0.1065,0.06965592,69.6,0.07,0.0,BTC-27MAR20-7000-P,8445.04,68.41,0.0675,19.3,0.0715,0.1,70.62,15.82476,-4.24036,-9.32395,8e-05,-0.231
8535.76,BTC-27DEC19,1574074740584,open,0.65,10.0,0.639,0.6585,0.6485925,103.71,0.618,0.0,BTC-27DEC19-3000-C,8445.04,0.0,0.641,1.0,0.657,1.0,199.29,0.05497,-0.07333,3.18967,0.0,0.99944
8715.61,BTC-27MAR20,1574074740584,open,2.68,0.0,2.6005,2.7655,2.67704942,99.45,None,0.0,BTC-27MAR20-32000-P,8445.04,0.0,0.001,1.0,0.0,0.0,0.0,3.43764,-1.31609,-113.13462,1e-05,-0.97102
8535.76,BTC-27DEC19,1574074740585,open,0.82,12.1,0.8145,0.834,0.82427984,151.58,0.8415,0.0,BTC-27DEC19-1500-C,8445.04,0.0,0.816,1.0,0.8325,1.0,322.96,0.00938,-0.01828,1.59676,0.0,0.99992
8535.76,BTC-27DEC19,1574074740585,open,0.0,812.1,0.0005,0.0105,0.00075696,99.99,0.001,0.0,BTC-27DEC19-4000-P,8445.04,103.71,0.001,14.0,0.0015,16.0,109.78,0.50582,-0.65051,-0.06563,1e-05,-0.00646
8471.0,SYN.BTC-29NOV19,1574074740583,open,0.0,233.0,0.0005,0.0105,0.00011553,100.0,0.0005,0.0,BTC-29NOV19-14000-C,8445.04,0.0,0.0,0.0,0.0005,0.1,116.01,0.10811,-0.49702,0.00569,1e-05,0.00237
8868.31,SYN.BTC-26JUN20,1574074740583,open,0.05,224.1,0.0215,0.095,0.04935105,84.46,0.049,0.0,BTC-26JUN20-20000-C,8445.04,83.55,0.0475,5.0,0.0515,14.9,85.5,18.20226,-3.48004,7.09664,5e-05,0.18159
8715.61,BTC-27MAR20,1574074740585,open,0.0,116.4,0.0005,0.015,0.0033993,100.0,0.006,0.0,BTC-27MAR20-36000-C,8445.04,105.1,0.005,17.9,0.006,8.8,107.74,2.3867,-0.91887,0.47715,1e-05,0.01879
8535.76,BTC-27DEC19,1574074740585,open,0.0,784.2,0.0005,0.0115,0.00178571,99.99,0.0025,0.0,BTC-27DEC19-18000-C,8445.04,97.77,0.0015,53.0,0.003,51.6,107.38,1.16643,-1.50002,0.13709,2e-05,0.01686
8535.76,BTC-27DEC19,1574074740585,open,0.0,483.6,0.0005,0.0105,0.00019729,99.99,0.0005,0.0,BTC-27DEC19-3500-P,8445.04,110.56,0.0005,15.1,0.001,20.9,120.51,0.16823,-0.21636,-0.01903,0.0,-0.0019
8471.0,SYN.BTC-29NOV19,1574074740584,open,0.0,643.1,0.0005,0.012,0.00232711,89.08,0.002,0.0,BTC-29NOV19-6500-P,8445.04,82.25,0.0015,52.0,0.0025,15.0,90.32,1.15603,-4.73448,-0.09672,6e-05,-0.03599
8715.61,BTC-27MAR20,1574074740586,open,0.01,155.3,0.0035,0.0375,0.01321069,94.7,0.0115,0.0,BTC-27MAR20-24000-C,8445.04,92.36,0.0115,31.0,0.013,9.8,94.43,6.62707,-2.41622,1.61995,3e-05,0.06545
8535.76,BTC-27DEC19,1574074740586,open,0.0,910.7,0.0005,0.015,0.00400718,89.81,0.003,0.0,BTC-27DEC19-15000-C,8445.04,85.73,0.003,47.3,0.0045,14.0,91.58,2.2922,-2.64783,0.30717,3e-05,0.03779
8471.0,SYN.BTC-29NOV19,1574074740583,open,0.48,0.0,0.447,0.5085,0.47610985,92.87,None,0.0,BTC-29NOV19-12500-P,8445.04,0.0,0.0,0.0,0.0,0.0,0.0,0.37155,-1.58644,-3.70188,2e-05,-0.99053
8471.0,SYN.BTC-29NOV19,1574074740582,open,0.54,0.0,0.505,0.569,0.53510229,100.05,None,0.0,BTC-29NOV19-13000-P,8445.04,0.0,0.0,0.0,0.0,0.0,0.0,0.33241,-1.52895,-3.85363,2e-05,-0.99166
8471.0,SYN.BTC-29NOV19,1574074740583,open,0.42,0.0,0.389,0.4495,0.41734025,89.11,None,0.0,BTC-29NOV19-12000-P,8445.04,0.0,0.0,0.0,0.0,0.0,0.0,0.53344,-2.18531,-3.54119,3e-05,-0.98564
8471.0,SYN.BTC-29NOV19,1574074740582,open,0.0,509.5,0.0005,0.011,0.00108706,73.95,0.001,0.0,BTC-29NOV19-11000-C,8445.04,66.27,0.0005,64.5,0.0015,14.1,77.8,0.81688,-2.77706,0.05705,5e-05,0.02369
8868.31,SYN.BTC-26JUN20,1574074740582,open,0.03,4.8,0.009,0.064,0.02716448,91.58,0.025,0.0,BTC-26JUN20-28000-C,8445.04,90.37,0.0255,13.0,0.029,15.0,92.86,12.47871,-2.58686,4.13643,3e-05,0.10424
8868.31,SYN.BTC-26JUN20,1574074740582,open,0.03,10.6,0.013,0.0755,0.03480922,87.83,0.037,0.0,BTC-26JUN20-24000-C,8445.04,86.73,0.033,18.0,0.037,15.9,89.13,14.7725,-2.93707,5.23241,4e-05,0.13231
8471.0,SYN.BTC-29NOV19,1574074740583,open,0.13,125.7,0.104,0.1615,0.12638872,53.15,0.113,0.0,BTC-29NOV19-9500-P,8445.04,40.3,0.123,14.0,0.1315,4.0,66.24,2.82675,-6.90708,-2.55445,0.00025,-0.88565
8715.61,BTC-27MAR20,1574074740588,open,0.55,9.4,0.5345,0.566,0.54831085,81.04,0.585,0.0,BTC-27MAR20-4000-C,8445.04,0.0,0.5355,1.0,0.5615,1.0,104.15,3.72755,-1.163,13.01677,2e-05,0.96804
8471.0,SYN.BTC-29NOV19,1574074740584,open,0.24,5.0,0.2155,0.2695,0.24092843,65.6,0.15,0.0,BTC-29NOV19-10500-P,8445.04,0.0,0.1,5.0,0.0,0.0,0.0,1.07399,-3.23897,-3.04911,8e-05,-0.96709
8715.61,BTC-27MAR20,1574074740589,open,0.02,264.7,0.008,0.054,0.02373071,84.42,0.026,0.0,BTC-27MAR20-18000-C,8445.04,82.48,0.0215,37.0,0.025,8.6,85.49,10.23643,-3.32693,2.90295,4e-05,0.11734
8868.31,SYN.BTC-26JUN20,1574074740584,open,0.47,0.0,0.4455,0.501,0.47052195,73.22,None,0.0,BTC-26JUN20-5000-C,8445.04,54.54,0.449,7.0,0.493,7.0,88.61,11.96298,-1.98287,23.13537,3e-05,0.90162
8471.0,SYN.BTC-29NOV19,1574074740585,open,0.01,1058.8,0.0025,0.044,0.01219924,49.16,0.0125,0.0,BTC-29NOV19-9000-C,8445.04,47.88,0.0115,0.1,0.0125,12.0,49.7,4.65612,-10.52271,0.60266,0.00044,0.25096
8868.31,SYN.BTC-26JUN20,1574074740585,open,0.56,0.5,0.548,0.5875,0.56518262,76.45,0.589,0.0,BTC-26JUN20-4000-C,8445.04,32.94,0.549,1.0,0.5805,8.0,92.66,7.21739,-1.24904,20.6029,2e-05,0.9491
8471.0,SYN.BTC-29NOV19,1574074740585,open,0.18,34.5,0.1585,0.214,0.18327418,60.84,0.17,0.0,BTC-29NOV19-10000-P,8445.04,0.0,0.1585,4.0,0.2035,4.0,112.6,1.81632,-5.08015,-2.82686,0.00014,-0.9367
8868.31,SYN.BTC-26JUN20,1574074740587,open,0.01,90.8,0.0005,0.0155,0.00576455,80.01,0.0055,0.0,BTC-26JUN20-3000-P,8445.04,79.3,0.0055,16.1,0.0065,0.1,81.89,3.34757,-0.60629,-1.38545,1e-05,-0.02005
8471.0,SYN.BTC-29NOV19,1574074740581,open,0.05,5.3,0.0355,0.089,0.05307047,48.74,0.052,0.0,BTC-29NOV19-8750-P,8445.04,46.31,0.0515,14.0,0.055,12.0,51.7,5.49998,-12.32351,-1.73483,0.00053,-0.63425
8471.0,SYN.BTC-29NOV19,1574074740585,open,0.0,633.2,0.0005,0.015,0.00277518,60.83,0.003,0.0,BTC-29NOV19-10000-C,8445.04,59.51,0.0025,4.3,0.003,34.0,61.86,1.81606,-5.07913,0.15275,0.00014,0.06329
8471.0,SYN.BTC-29NOV19,1574074740582,open,0.04,356.0,0.0235,0.075,0.03486409,48.03,0.034,0.0,BTC-29NOV19-8500-P,8445.04,46.78,0.034,14.0,0.035,0.2,48.23,5.83347,-12.88174,-1.34979,0.00057,-0.49991
8868.31,SYN.BTC-26JUN20,1574074740584,open,0.02,75.2,0.0075,0.059,0.02387431,92.86,0.022,0.0,BTC-26JUN20-30000-C,8445.04,92.17,0.023,13.0,0.025,1.0,93.72,11.4259,-2.40178,3.6788,3e-05,0.09242
8868.31,SYN.BTC-26JUN20,1574074740584,open,0.39,7.1,0.3565,0.4295,0.39043502,73.22,0.4205,0.0,BTC-26JUN20-6000-C,8445.04,62.29,0.37,11.0,0.4195,7.0,87.77,17.18052,-2.84763,23.81333,5e-05,0.83417
8471.0,SYN.BTC-29NOV19,1574074740582,open,0.08,301.3,0.057,0.1145,0.0746459,49.15,0.0635,0.0,BTC-29NOV19-9000-P,8445.04,47.05,0.0735,14.0,0.0745,0.6,48.89,4.65597,-10.52169,-2.07906,0.00044,-0.74905
8471.0,SYN.BTC-29NOV19,1574074740586,open,0.12,67.9,0.1,0.146,0.12090019,61.61,0.125,0.0,BTC-29NOV19-7500-C,8445.04,55.54,0.119,4.0,0.124,4.0,70.12,2.84635,-8.06198,1.92746,0.00022,0.88454
8868.31,SYN.BTC-26JUN20,1574074740586,open,0.03,183.3,0.017,0.061,0.03433011,73.22,0.0335,0.0,BTC-26JUN20-5000-P,8445.04,71.85,0.0325,33.1,0.035,0.2,73.72,11.96327,-1.98297,-7.12189,3e-05,-0.09838
184.38,ETH-27DEC19,1574074740886,open,0.0,4534.0,0.001,0.011,3e-06,105.0,0.002,0.0,ETH-27DEC19-760-C,182.29,0.0,0.0,0.0,0.001,500.0,159.24,9e-05,-0.00013,1e-05,0.0,4e-05
189.28,SYN.ETH-26JUN20,1574074740886,open,0.04,108.0,0.015,0.082,0.04151,96.93,0.046,0.0,ETH-26JUN20-560-C,182.29,94.91,0.038,440.0,0.044,140.0,98.32,0.3344,-0.07338,0.11766,0.00159,0.14423
182.87,SYN.ETH-29NOV19,1574074740886,open,0.0,1947.0,0.001,0.011,0.001871,83.37,0.001,0.0,ETH-29NOV19-240-C,182.29,75.47,0.001,899.0,0.002,501.0,84.32,0.02417,-0.09262,0.00178,0.00291,0.03461
184.38,ETH-27DEC19,1574074740889,open,0.0,16677.0,0.001,0.011,2.2e-05,105.0,0.001,0.0,ETH-27DEC19-640-C,182.29,0.0,0.0,0.0,0.002,800.0,154.29,0.0006,-0.00081,5e-05,2e-05,0.00027
187.64,ETH-27MAR20,1574074740891,open,0.11,1296.0,0.061,0.149,0.103267,80.27,0.101,0.0,ETH-27MAR20-240-C,182.29,78.84,0.1,26.0,0.104,500.0,80.59,0.43001,-0.13289,0.19266,0.00428,0.39183
187.64,ETH-27MAR20,1574074740891,open,1.57,0.0,1.491,1.674,1.576835,95.97,None,0.0,ETH-27MAR20-480-P,182.29,0.0,0.003,10.0,0.0,0.0,0.0,0.17845,-0.06593,-1.66185,0.00148,-0.9122
182.87,SYN.ETH-29NOV19,1574074740896,open,0.0,448.0,0.001,0.011,0.000473,100.05,0.001,0.0,ETH-29NOV19-280-C,182.29,0.0,0.0,0.0,0.001,501.0,109.85,0.00741,-0.03409,0.00045,0.00074,0.00865
182.87,SYN.ETH-29NOV19,1574074740900,open,0.74,0.0,0.699,0.804,0.749708,0.0,None,0.0,ETH-29NOV19-320-P,182.29,0.0,0.0,0.0,0.0,0.0,0.0,0.0,0.0,-0.09535,0.0,-1.0
182.87,SYN.ETH-29NOV19,1574074740903,open,0.35,50.0,0.324,0.365,0.344382,106.81,0.344,0.0,ETH-29NOV19-120-C,182.29,0.0,0.0,0.0,0.0,0.0,0.0,0.00746,-0.03664,0.03525,0.0007,0.99128
187.64,ETH-27MAR20,1574074740905,open,0.05,1020.0,0.022,0.09,0.051767,86.69,0.054,0.0,ETH-27MAR20-320-C,182.29,86.25,0.051,11.0,0.052,500.0,86.82,0.33102,-0.11047,0.11202,0.00305,0.21954
184.38,ETH-27DEC19,1574074740905,open,0.84,0.0,0.792,0.91,0.847469,93.57,None,0.0,ETH-27DEC19-340-P,182.29,0.0,0.001,5.0,0.0,0.0,0.0,0.04326,-0.05205,-0.35651,0.00128,-0.96794
187.64,ETH-27MAR20,1574074740905,open,0.58,20.0,0.563,0.599,0.580221,86.03,0.613,0.0,ETH-27MAR20-80-C,182.29,0.0,0.573,1.0,0.0,0.0,0.0,0.07099,-0.02351,0.26187,0.00066,0.97243
189.28,SYN.ETH-26JUN20,1574074740905,open,0.06,24.0,0.026,0.107,0.060691,91.74,0.076,0.0,ETH-26JUN20-440-C,182.29,90.05,0.057,438.0,0.065,140.0,93.67,0.4179,-0.08679,0.16487,0.0021,0.20464
184.38,ETH-27DEC19,1574074740909,open,0.73,101.0,0.687,0.801,0.740575,91.75,0.513,0.0,ETH-27DEC19-320-P,182.29,0.0,0.006,5.0,0.0,0.0,0.0,0.05741,-0.06774,-0.33291,0.00173,-0.95464
189.28,SYN.ETH-26JUN20,1574074740909,open,2.41,0.0,2.296,2.55,2.415416,100.05,None,0.0,ETH-26JUN20-640-P,182.29,0.0,0.0,0.0,0.0,0.0,0.0,0.29412,-0.06661,-3.77482,0.00136,-0.88024
189.28,SYN.ETH-26JUN20,1574074740912,open,1.99,0.0,1.891,2.123,1.999974,96.84,None,0.0,ETH-26JUN20-560-P,182.29,0.0,0.0,0.0,0.0,0.0,0.0,0.3338,-0.07318,-3.27137,0.00159,-0.85615
184.38,ETH-27DEC19,1574074740939,open,0.0,4100.0,0.001,0.012,0.002065,95.02,0.002,0.0,ETH-27DEC19-100-P,182.29,94.54,0.002,500.0,0.003,1.0,101.16,0.02495,-0.03049,-0.00368,0.00073,-0.01667
187.64,ETH-27MAR20,1574074741006,open,0.48,0.0,0.459,0.508,0.483139,81.58,None,0.0,ETH-27MAR20-100-C,182.29,0.0,0.467,31.0,0.0,0.0,0.0,0.13713,-0.04307,0.30357,0.00134,0.93781
189.28,SYN.ETH-26JUN20,1574074741009,open,1.58,0.0,1.488,1.701,1.588564,93.48,None,0.0,ETH-26JUN20-480-P,182.29,0.0,0.0,0.0,0.0,0.0,0.0,0.38611,-0.08171,-2.75896,0.00191,-0.82018
189.28,SYN.ETH-26JUN20,1574074741031,open,1.78,0.0,1.688,1.911,1.792908,94.81,None,0.0,ETH-26JUN20-520-P,182.29,0.0,0.0,0.0,0.0,0.0,0.0,0.35575,-0.07635,-3.01766,0.00173,-0.8417
187.64,ETH-27MAR20,1574074741046,open,0.01,836.0,0.001,0.016,0.006588,86.08,0.006,0.0,ETH-27MAR20-80-P,182.29,84.49,0.006,500.0,0.008,320.0,89.61,0.07111,-0.02357,-0.02284,0.00066,-0.02762
182.87,SYN.ETH-29NOV19,1574074741048,open,0.0,2585.0,0.001,0.011,1.5e-05,104.98,0.001,0.0,ETH-29NOV19-100-P,182.29,0.0,0.0,0.0,0.001,599.0,159.31,0.00036,-0.00174,-2e-05,3e-05,-0.00031
182.87,SYN.ETH-29NOV19,1574074741056,open,0.53,0.0,0.487,0.579,0.531409,95.25,None,0.0,ETH-29NOV19-280-P,182.29,0.0,0.0,0.0,0.0,0.0,0.0,0.00542,-0.02372,-0.08312,0.00057,-0.99394
184.38,ETH-27DEC19,1574074741064,open,0.0,6668.0,0.001,0.011,0.000427,105.0,0.001,0.0,ETH-27DEC19-480-C,182.29,114.68,0.001,500.0,0.002,500.0,124.44,0.00774,-0.01046,0.00078,0.0002,0.00439
189.28,SYN.ETH-26JUN20,1574074741064,open,0.18,257.0,0.121,0.236,0.178696,85.31,0.177,0.0,ETH-26JUN20-240-C,182.29,82.83,0.171,10.0,0.181,454.0,86.05,0.58721,-0.1134,0.35615,0.00318,0.48964
189.28,SYN.ETH-26JUN20,1574074741069,open,0.03,81.0,0.011,0.072,0.034315,100.16,0.032,0.0,ETH-26JUN20-640-C,182.29,99.31,0.033,2.0,0.036,141.0,101.23,0.29491,-0.06687,0.09838,0.00136,0.12021
182.87,SYN.ETH-29NOV19,1574074741087,open,0.31,0.0,0.275,0.357,0.314102,82.25,None,0.0,ETH-29NOV19-240-P,182.29,0.0,0.0,0.0,0.0,0.0,0.0,0.02302,-0.08705,-0.06983,0.00281,-0.96738
187.64,ETH-27MAR20,1574074741090,open,1.36,0.0,1.285,1.46,1.36726,93.06,None,0.0,ETH-27MAR20-440-P,182.29,0.0,0.002,10.0,0.0,0.0,0.0,0.20248,-0.07254,-1.51094,0.00174,-0.89574
187.64,ETH-27MAR20,1574074741104,open,0.01,2444.0,0.004,0.037,0.014842,97.22,0.021,0.0,ETH-27MAR20-520-C,182.29,94.86,0.013,800.0,0.017,637.0,99.78,0.1521,-0.05693,0.03756,0.00125,0.0711
182.87,SYN.ETH-29NOV19,1574074741111,open,0.01,313.0,0.001,0.023,0.00573,64.17,0.006,0.0,ETH-29NOV19-160-P,182.29,65.03,0.006,500.0,0.009,805.0,73.73,0.05681,-0.16758,-0.00595,0.00888,-0.10351
184.38,ETH-27DEC19,1574074741132,open,0.01,1887.0,0.001,0.023,0.008183,91.52,0.008,0.0,ETH-27DEC19-300-C,182.29,86.07,0.006,355.0,0.008,800.0,91.1,0.08024,-0.09444,0.01202,0.00242,0.06937
184.38,ETH-27DEC19,1574074741155,open,0.0,1026.0,0.001,0.012,0.002444,101.69,0.003,0.0,ETH-27DEC19-380-C,182.29,98.93,0.002,595.0,0.003,1.0,104.72,0.03165,-0.04139,0.00385,0.00086,0.02205
184.38,ETH-27DEC19,1574074741157,open,1.81,37.0,1.739,1.907,1.820461,105.0,0.707,0.0,ETH-27DEC19-520-P,182.29,0.0,0.002,25.0,0.0,0.0,0.0,0.00408,-0.00552,-0.55346,0.00011,-0.99784
189.28,SYN.ETH-26JUN20,1574074741172,open,0.07,643.0,0.033,0.121,0.072147,90.32,0.078,0.0,ETH-26JUN20-400-C,182.29,89.0,0.069,1.0,0.076,140.0,91.91,0.45535,-0.0931,0.18965,0.00233,0.23772
184.38,ETH-27DEC19,1574074741221,open,0.0,11036.0,0.001,0.011,0.000931,105.01,0.004,0.0,ETH-27DEC19-440-C,182.29,105.86,0.001,880.0,0.003,800.0,121.49,0.01459,-0.01971,0.00158,0.00038,0.00898
187.64,ETH-27MAR20,1574074741221,open,1.99,0.0,1.902,2.106,1.997456,99.92,None,0.0,ETH-27MAR20-560-P,182.29,0.0,0.01,10.0,0.0,0.0,0.0,0.13715,-0.05275,-1.95977,0.0011,-0.9378
187.65,ETH-27MAR20,1574074741232,open,1.15,13.0,1.082,1.247,1.159415,90.13,1.094,0.0,ETH-27MAR20-400-P,182.29,0.0,1.107,8.0,1.212,8.0,122.95,0.23342,-0.08099,-1.35668,0.00207,-0.87266
8715.7,BTC-27MAR20,1574074741246,open,3.14,0.0,3.0505,3.2275,3.13391843,100.15,None,0.0,BTC-27MAR20-36000-P,8445.04,0.0,0.0005,1.0,0.0,0.0,0.0,2.40703,-0.9281,-127.61489,1e-05,-0.98103
189.28,SYN.ETH-26JUN20,1574074741266,open,0.01,185.0,0.001,0.016,0.006123,85.45,0.01,0.0,ETH-26JUN20-60-P,182.29,87.72,0.007,500.0,0.01,300.0,94.52,0.07027,-0.01359,-0.02953,0.00038,-0.01966
184.38,ETH-27DEC19,1574074741282,open,0.0,12762.0,0.001,0.011,1.1e-05,105.01,0.001,0.0,ETH-27DEC19-680-C,182.29,0.0,0.0,0.0,0.002,800.0,160.4,0.00032,-0.00044,2e-05,1e-05,0.00014
187.64,ETH-27MAR20,1574074741299,open,2.41,0.0,2.314,2.539,2.420178,103.06,None,0.0,ETH-27MAR20-640-P,182.29,0.0,0.0,0.0,0.0,0.0,0.0,0.10734,-0.04258,-2.25306,0.00083,-0.95434
189.28,SYN.ETH-26JUN20,1574074741299,open,2.2,0.0,2.093,2.335,2.206328,97.86,None,0.0,ETH-26JUN20-600-P,182.29,0.0,0.0,0.0,0.0,0.0,0.0,0.30849,-0.06834,-3.52565,0.00145,-0.87179
187.64,ETH-27MAR20,1574074741302,open,0.06,364.0,0.033,0.096,0.061259,76.54,0.065,0.0,ETH-27MAR20-140-P,182.29,74.53,0.058,784.0,0.066,820.0,79.43,0.3059,-0.09014,-0.16923,0.00319,-0.19221
189.28,SYN.ETH-26JUN20,1574074741304,open,0.02,2.0,0.007,0.035,0.018156,84.27,0.016,0.0,ETH-26JUN20-80-P,182.29,82.82,0.017,750.0,0.02,1.0,86.51,0.1527,-0.02913,-0.07847,0.00084,-0.05035
184.38,ETH-27DEC19,1574074741313,open,0.0,835.0,0.001,0.013,0.003451,93.57,0.004,0.0,ETH-27DEC19-340-C,182.29,91.56,0.003,500.0,0.005,1.0,99.42,0.04326,-0.05205,0.00562,0.00128,0.03206
184.38,ETH-27DEC19,1574074741321,open,0.01,1717.0,0.001,0.024,0.008759,82.88,0.008,0.0,ETH-27DEC19-280-C,182.29,79.02,0.007,820.0,0.01,800.0,85.37,0.08892,-0.09479,0.01387,0.00296,0.07937
182.87,SYN.ETH-29NOV19,1574074741339,open,0.0,2222.0,0.001,0.013,0.003033,94.55,0.002,0.0,ETH-29NOV19-140-P,182.29,77.5,0.001,750.0,0.004,800.0,100.24,0.02876,-0.12503,-0.0025,0.00305,-0.04285
182.87,SYN.ETH-29NOV19,1574074741344,open,0.0,421.0,0.001,0.011,0.000222,105.02,0.004,0.0,ETH-29NOV19-300-C,182.29,0.0,0.0,0.0,0.001,501.0,124.6,0.00386,-0.01865,0.00021,0.00037,0.00415
187.64,ETH-27MAR20,1574074741351,open,0.02,978.0,0.007,0.05,0.022469,93.18,0.023,0.0,ETH-27MAR20-440-C,182.29,91.8,0.021,300.0,0.024,405.0,94.57,0.20305,-0.07284,0.05488,0.00174,0.10466
184.38,ETH-27DEC19,1574074741351,open,0.01,6275.0,0.001,0.016,0.005632,84.37,0.007,0.0,ETH-27DEC19-120-P,182.29,82.25,0.005,500.0,0.007,360.0,88.56,0.05683,-0.06166,-0.0099,0.00186,-0.04479
187.64,ETH-27MAR20,1574074741351,open,0.01,886.0,0.003,0.034,0.012864,99.71,0.015,0.0,ETH-27MAR20-560-C,182.29,97.02,0.011,800.0,0.015,720.0,102.52,0.1362,-0.05228,0.03257,0.00109,0.06165
187.64,ETH-27MAR20,1574074741410,open,0.02,1552.0,0.005,0.044,0.018616,95.84,0.019,0.0,ETH-27MAR20-480-C,182.29,92.96,0.016,1020.0,0.02,401.0,97.27,0.17779,-0.0656,0.0459,0.00148,0.08737
184.38,ETH-27DEC19,1574074741430,open,3.11,1.0,3.003,3.249,3.121478,0.0,3.236,0.0,ETH-27DEC19-760-P,182.29,0.0,0.0,0.0,0.0,0.0,0.0,0.0,0.0,-0.80947,0.0,-1.0
182.87,SYN.ETH-29NOV19,1574074741480,open,0.0,1522.0,0.001,0.011,0.000949,92.93,0.001,0.0,ETH-29NOV19-260-C,182.29,0.0,0.0,0.0,0.002,801.0,103.88,0.01349,-0.05765,0.00089,0.00146,0.01728
189.28,SYN.ETH-26JUN20,1574074741488,open,0.04,30.0,0.018,0.064,0.03761,82.17,0.042,0.0,ETH-26JUN20-100-P,182.29,80.14,0.035,704.0,0.041,250.0,84.74,0.24652,-0.04586,-0.1505,0.00138,-0.09379
189.28,SYN.ETH-26JUN20,1574074741488,open,0.05,41.0,0.017,0.088,0.045763,94.89,0.05,0.0,ETH-26JUN20-520-C,182.29,92.85,0.042,894.0,0.05,140.0,97.1,0.35626,-0.07653,0.12929,0.00173,0.15864
187.64,ETH-27MAR20,1574074741490,open,0.07,1655.0,0.034,0.11,0.068819,82.25,0.068,0.0,ETH-27MAR20-280-C,182.29,80.35,0.065,548.0,0.071,459.0,83.32,0.37947,-0.12016,0.14378,0.00368,0.28417
187.64,ETH-27MAR20,1574074741503,open,0.02,37.0,0.006,0.033,0.016054,81.55,0.019,0.0,ETH-27MAR20-100-P,182.29,80.09,0.015,465.0,0.019,1120.0,85.44,0.13706,-0.04303,-0.05222,0.00134,-0.06215
187.64,ETH-27MAR20,1574074741556,open,0.04,583.0,0.014,0.074,0.038903,89.55,0.037,0.0,ETH-27MAR20-360-C,182.29,88.95,0.038,20.0,0.039,500.0,89.61,0.28364,-0.09778,0.08778,0.00253,0.17037
187.64,ETH-27MAR20,1574074741556,open,0.03,1211.0,0.009,0.058,0.027787,90.3,0.029,0.0,ETH-27MAR20-400-C,182.29,88.85,0.026,565.0,0.03,438.0,92.04,0.23426,-0.08144,0.06691,0.00207,0.12801
8715.7,BTC-27MAR20,1574074741581,open,0.04,515.2,0.0175,0.063,0.03576873,70.82,0.0345,0.0,BTC-27MAR20-6000-P,8445.04,70.23,0.035,13.0,0.038,0.1,72.51,11.38792,-3.10485,-5.35021,6e-05,-0.13675
8715.7,BTC-27MAR20,1574074741581,open,0.0,88.6,0.0005,0.018,0.0043864,100.0,0.0065,0.0,BTC-27MAR20-34000-C,8445.04,103.1,0.0055,17.0,0.0065,6.6,105.54,2.89985,-1.11643,0.59732,1e-05,0.02365
184.38,ETH-27DEC19,1574074741581,open,0.01,2158.0,0.001,0.016,0.005028,91.75,0.005,0.0,ETH-27DEC19-320-C,182.29,88.22,0.004,870.0,0.006,1.0,94.71,0.05741,-0.06774,0.00792,0.00173,0.04536
8867.81,SYN.BTC-26JUN20,1574074741583,open,0.02,222.4,0.0065,0.034,0.01623193,76.45,0.016,0.0,BTC-26JUN20-4000-P,8445.04,74.27,0.0145,17.6,0.018,27.1,78.57,7.21832,-1.24923,-3.60334,2e-05,-0.05092
184.38,ETH-27DEC19,1574074741586,open,0.01,3691.0,0.003,0.03,0.012272,77.97,0.013,0.0,ETH-27DEC19-260-C,182.29,75.85,0.011,320.0,0.014,800.0,80.69,0.11358,-0.11391,0.01931,0.00402,0.11059
184.38,ETH-27DEC19,1574074741593,open,2.46,0.0,2.371,2.578,2.470738,0.0,None,0.0,ETH-27DEC19-640-P,182.29,0.0,0.0,0.0,0.0,0.0,0.0,0.0,0.0,-0.68166,0.0,-1.0
187.64,ETH-27MAR20,1574074741593,open,0.01,384.0,0.001,0.028,0.009569,103.36,0.009,0.0,ETH-27MAR20-640-C,182.29,102.36,0.009,716.0,0.011,220.0,105.73,0.10859,-0.04321,0.02454,0.00084,0.04632
189.28,SYN.ETH-26JUN20,1574074741593,open,0.21,479.0,0.158,0.276,0.215469,80.31,0.207,0.0,ETH-26JUN20-180-P,182.29,78.76,0.211,10.0,0.219,210.0,81.54,0.54379,-0.09886,-0.64451,0.00312,-0.34723
184.38,ETH-27DEC19,1574074741595,open,0.0,1216.0,0.001,0.012,0.002963,98.19,0.005,0.0,ETH-27DEC19-360-C,182.29,98.37,0.003,500.0,0.004,1.0,102.82,0.03744,-0.04728,0.00471,0.00105,0.02694
184.38,ETH-27DEC19,1574074741595,open,0.0,10059.0,0.001,0.012,0.002051,105.0,0.004,0.0,ETH-27DEC19-400-C,182.29,104.65,0.002,520.0,0.003,1.0,110.65,0.0271,-0.0366,0.0032,0.00071,0.01837
189.28,SYN.ETH-26JUN20,1574074741595,open,0.28,80.0,0.217,0.348,0.281453,80.31,0.262,0.0,ETH-26JUN20-200-P,182.29,78.51,0.276,10.0,0.286,10.0,81.81,0.57283,-0.10414,-0.79349,0.00329,-0.41132
184.38,ETH-27DEC19,1574074741619,open,0.63,1.0,0.583,0.694,0.635087,91.12,0.494,0.0,ETH-27DEC19-300-P,182.3,0.0,0.01,5.0,0.0,0.0,0.0,0.07933,-0.09297,-0.30768,0.0024,-0.93164
184.38,ETH-27DEC19,1574074741619,open,0.0,21058.0,0.001,0.011,4.5e-05,105.0,0.001,0.0,ETH-27DEC19-600-C,182.3,0.0,0.0,0.0,0.001,40.0,136.71,0.00114,-0.00153,0.0001,3e-05,0.00053
184.38,ETH-27DEC19,1574074741619,open,0.0,6174.0,0.001,0.011,5e-06,105.01,0.001,0.0,ETH-27DEC19-720-C,182.3,0.0,0.0,0.0,0.001,500.0,154.15,0.00017,-0.00023,1e-05,0.0,7e-05
184.38,ETH-27DEC19,1574074741619,open,0.0,13024.0,0.001,0.011,0.000198,105.0,0.001,0.0,ETH-27DEC19-520-C,182.3,122.68,0.001,500.0,0.002,500.0,132.9,0.00408,-0.00552,0.00038,0.00011,0.00216
184.38,ETH-27DEC19,1574074741619,open,0.0,11107.0,0.001,0.011,9.3e-05,105.0,0.001,0.0,ETH-27DEC19-560-C,182.3,0.0,0.0,0.0,0.002,800.0,140.62,0.00215,-0.00291,0.00019,6e-05,0.00107
187.64,ETH-27MAR20,1574074741619,open,0.15,1840.0,0.109,0.208,0.156939,76.4,0.156,0.0,ETH-27MAR20-180-P,182.3,74.22,0.152,254.0,0.161,510.0,78.19,0.42437,-0.12482,-0.35505,0.00443,-0.37483
184.38,ETH-27DEC19,1574074741620,open,0.36,2.0,0.332,0.378,0.354802,84.37,0.346,0.0,ETH-27DEC19-120-C,182.3,0.0,0.349,50.0,0.0,0.0,0.0,0.05683,-0.06166,0.11791,0.00186,0.95521
182.87,SYN.ETH-29NOV19,1574074741619,open,0.0,569.0,0.001,0.011,6.7e-05,105.02,0.003,0.0,ETH-29NOV19-320-C,182.3,0.0,0.0,0.0,0.001,501.0,138.12,0.00142,-0.00684,7e-05,0.00014,0.00137
187.64,ETH-27MAR20,1574074741620,open,0.56,166.0,0.493,0.634,0.560959,82.21,0.535,0.0,ETH-27MAR20-280-P,182.3,32.78,0.494,1.0,0.588,1.0,95.06,0.37936,-0.12007,-0.85259,0.00368,-0.716
187.64,ETH-27MAR20,1574074741620,open,0.39,40.0,0.361,0.426,0.39387,78.49,0.459,0.0,ETH-27MAR20-120-C,182.3,32.24,0.361,1.0,0.0,0.0,0.0,0.22024,-0.06655,0.32642,0.00224,0.88277
187.64,ETH-27MAR20,1574074741620,open,0.01,5516.0,0.003,0.033,0.012166,103.31,0.011,0.0,ETH-27MAR20-600-C,182.3,101.55,0.011,300.0,0.013,654.0,104.5,0.12853,-0.05112,0.03011,0.00099,0.05726
184.39,ETH-27DEC19,1574074741621,open,0.03,7398.0,0.012,0.057,0.031561,70.22,0.03,0.0,ETH-27DEC19-220-C,182.3,67.75,0.029,401.0,0.033,500.0,71.58,0.1936,-0.17484,0.04406,0.00761,0.25592
182.5,SYN.ETH-22NOV19,1574074741619,open,0.0,3.0,0.001,0.011,0.000221,105.0,0.001,0.0,ETH-22NOV19-140-P,182.3,0.0,0.0,0.0,0.002,800.0,145.15,0.00326,-0.04036,-0.00012,0.00088,-0.00614
182.5,SYN.ETH-22NOV19,1574074741619,open,0.0,1141.0,0.001,0.018,0.003632,69.83,0.004,0.0,ETH-22NOV19-200-C,182.3,66.39,0.003,12.0,0.004,800.0,71.71,0.03492,-0.31459,0.00202,0.01414,0.1081
184.39,ETH-27DEC19,1574074741622,open,0.01,3158.0,0.004,0.032,0.014443,75.98,0.015,0.0,ETH-27DEC19-140-P,182.3,75.25,0.014,60.0,0.016,1160.0,78.49,0.11203,-0.10948,-0.02414,0.00407,-0.10848
182.87,SYN.ETH-29NOV19,1574074741619,open,0.46,1.0,0.437,0.469,0.453252,119.47,0.46,0.0,ETH-29NOV19-100-C,182.3,0.0,0.0,0.0,0.49,1.0,352.03,0.00128,-0.00702,0.02973,0.00011,0.99878
182.87,SYN.ETH-29NOV19,1574074741619,open,0.01,102.0,0.003,0.035,0.014158,60.04,0.018,0.0,ETH-29NOV19-170-P,182.3,55.79,0.012,500.0,0.017,766.0,65.42,0.09461,-0.26114,-0.01302,0.01582,-0.22475
182.5,SYN.ETH-22NOV19,1574074741619,open,0.0,277.0,0.001,0.012,0.001785,81.69,0.005,0.0,ETH-22NOV19-210-C,182.3,73.34,0.001,64.0,0.002,501.0,83.58,0.02002,-0.21098,0.00097,0.00693,0.05203
189.28,SYN.ETH-26JUN20,1574074741619,open,1.38,0.0,1.288,1.493,1.385199,91.69,None,0.0,ETH-26JUN20-440-P,182.3,0.0,0.0,0.0,0.0,0.0,0.0,0.41758,-0.08667,-2.4979,0.0021,-0.79563
182.87,SYN.ETH-29NOV19,1574074741619,open,0.42,0.0,0.381,0.468,0.422532,90.69,None,0.0,ETH-29NOV19-260-P,182.3,0.0,0.0,0.0,0.0,0.0,0.0,0.01197,-0.04991,-0.0767,0.00132,-0.98498
182.5,SYN.ETH-22NOV19,1574074741619,open,0.0,86.0,0.001,0.011,0.000225,105.0,0.001,0.0,ETH-22NOV19-240-C,182.3,0.0,0.0,0.0,0.001,503.0,127.22,0.00349,-0.0411,0.00012,0.00094,0.00662
189.28,SYN.ETH-26JUN20,1574074741619,open,0.43,41.0,0.393,0.47,0.431787,80.33,0.469,0.0,ETH-26JUN20-120-C,182.3,73.09,0.419,210.0,0.459,210.0,94.95,0.34142,-0.06209,0.48042,0.00196,0.85123
182.87,SYN.ETH-29NOV19,1574074741620,open,0.01,507.0,0.001,0.017,0.004796,60.38,0.006,0.0,ETH-29NOV19-210-C,182.3,53.86,0.003,800.0,0.007,800.0,66.99,0.05588,-0.15513,0.00525,0.00929,0.10119
182.87,SYN.ETH-29NOV19,1574074741619,open,0.2,0.0,0.169,0.247,0.206202,68.09,None,0.0,ETH-29NOV19-220-P,182.3,0.0,0.0,0.0,0.0,0.0,0.0,0.04005,-0.12539,-0.06218,0.0059,-0.93494
182.5,SYN.ETH-22NOV19,1574074741619,open,0.01,133.0,0.001,0.024,0.006203,70.9,0.006,0.0,ETH-22NOV19-170-P,182.3,61.33,0.004,510.0,0.006,300.0,70.07,0.04516,-0.41305,-0.00316,0.01801,-0.15683
189.28,SYN.ETH-26JUN20,1574074741619,open,0.07,421.0,0.036,0.101,0.065743,80.31,0.061,0.0,ETH-26JUN20-120-P,182.3,78.23,0.062,970.0,0.07,210.0,82.66,0.34139,-0.06207,-0.24568,0.00196,-0.14875
189.28,SYN.ETH-26JUN20,1574074741620,open,1.18,0.0,1.092,1.288,1.185335,90.27,None,0.0,ETH-26JUN20-400-P,182.3,0.0,0.0,0.0,0.0,0.0,0.0,0.45511,-0.093,-2.23104,0.00233,-0.7625
189.28,SYN.ETH-26JUN20,1574074741621,open,0.05,0.0,0.021,0.097,0.052738,93.55,None,0.0,ETH-26JUN20-480-C,182.3,91.69,0.049,440.0,0.057,140.0,95.6,0.38652,-0.08185,0.1459,0.00191,0.18012
182.5,SYN.ETH-22NOV19,1574074741619,open,0.0,23.0,0.001,0.011,0.000445,82.19,0.001,0.0,ETH-22NOV19-220-C,182.3,0.0,0.0,0.0,0.001,503.0,92.71,0.00721,-0.07645,0.00029,0.00248,0.01522
189.28,SYN.ETH-26JUN20,1574074741619,open,0.51,0.0,0.478,0.541,0.509313,82.19,None,0.0,ETH-26JUN20-100-C,182.3,32.34,0.472,1.0,0.0,0.0,0.0,0.24658,-0.04588,0.45457,0.00138,0.90618
182.5,SYN.ETH-22NOV19,1574074741619,open,0.15,0.0,0.118,0.19,0.152481,81.69,None,0.0,ETH-22NOV19-210-P,182.3,0.0,0.001,1.0,0.302,1.0,500.0,0.02002,-0.21098,-0.02132,0.00693,-0.94797
189.28,SYN.ETH-26JUN20,1574074741621,open,0.69,1.0,0.676,0.704,0.689145,85.49,0.69,0.0,ETH-26JUN20-60-C,182.3,0.0,0.683,1.0,0.0,0.0,0.0,0.07037,-0.01362,0.33349,0.00038,0.9803
182.87,SYN.ETH-29NOV19,1574074741620,open,0.0,2037.0,0.001,0.015,0.003324,68.69,0.003,0.0,ETH-29NOV19-220-C,182.3,67.2,0.003,49.0,0.004,505.0,71.56,0.04091,-0.1292,0.00346,0.00598,0.06687
182.5,SYN.ETH-22NOV19,1574074741619,open,0.0,272.0,0.001,0.016,0.003115,90.44,0.003,0.0,ETH-22NOV19-160-P,182.3,81.72,0.002,1.0,0.003,500.0,89.62,0.0259,-0.30224,-0.00146,0.0081,-0.07237
182.87,SYN.ETH-29NOV19,1574074741621,open,0.24,1.0,0.212,0.264,0.237565,95.08,0.289,0.0,ETH-29NOV19-140-C,182.3,70.96,0.235,50.0,0.0,0.0,0.0,0.02919,-0.12761,0.03917,0.00308,0.95636
182.5,SYN.ETH-22NOV19,1574074741619,open,0.0,96.0,0.001,0.011,0.001355,105.0,0.001,0.0,ETH-22NOV19-150-P,182.3,99.61,0.001,93.0,0.002,500.0,112.96,0.01314,-0.178,-0.00063,0.00354,-0.03098
182.87,SYN.ETH-29NOV19,1574074741623,open,0.13,125.0,0.102,0.162,0.13091,64.47,0.13,0.0,ETH-29NOV19-160-C,182.3,0.0,0.125,30.0,0.38,1.0,500.0,0.0572,-0.16955,0.04166,0.0089,0.8955
189.28,SYN.ETH-26JUN20,1574074741620,open,0.1,330.0,0.066,0.151,0.106527,80.31,0.096,0.0,ETH-26JUN20-140-P,182.3,77.86,0.101,286.0,0.109,210.0,81.4,0.42822,-0.07785,-0.36631,0.00246,-0.21328
182.87,SYN.ETH-29NOV19,1574074741620,open,0.03,508.0,0.015,0.071,0.031515,56.92,0.031,0.0,ETH-29NOV19-180-P,182.3,51.69,0.028,500.0,0.034,680.0,60.6,0.12318,-0.32232,-0.02442,0.02172,-0.41668
182.87,SYN.ETH-29NOV19,1574074741620,open,0.63,0.0,0.593,0.691,0.64051,90.67,None,0.0,ETH-29NOV19-300-P,182.3,0.0,0.0,0.0,0.0,0.0,0.0,0.00108,-0.00451,-0.08934,0.00012,-0.99898
182.87,SYN.ETH-29NOV19,1574074741619,open,0.0,100.0,0.001,0.011,0.001889,72.81,0.003,0.0,ETH-29NOV19-230-C,182.3,65.52,0.001,503.0,0.003,501.0,79.42,0.02669,-0.08935,0.00203,0.00368,0.03908
182.87,SYN.ETH-29NOV19,1574074741619,open,0.03,107.0,0.007,0.05,0.023491,56.99,0.029,0.0,ETH-29NOV19-190-C,182.3,50.01,0.019,221.0,0.024,500.0,57.77,0.11889,-0.31149,0.01873,0.02093,0.36717
182.5,SYN.ETH-22NOV19,1574074741619,open,0.24,0.0,0.21,0.257,0.233091,105.0,None,0.0,ETH-22NOV19-140-C,182.3,0.0,0.0,0.0,0.0,0.0,0.0,0.00326,-0.04418,0.01474,0.00088,0.99386
182.5,SYN.ETH-22NOV19,1574074741619,open,0.0,51.0,0.001,0.011,0.00045,98.7,0.001,0.0,ETH-22NOV19-230-C,182.3,0.0,0.0,0.0,0.001,502.0,110.58,0.00633,-0.08062,0.00024,0.00181,0.01309
8535.84,BTC-27DEC19,1574074741641,open,0.03,864.2,0.013,0.0525,0.02906243,61.13,0.0305,0.0,BTC-27DEC19-7500-P,8445.04,60.06,0.028,31.3,0.03,10.0,62.09,8.4001,-6.60442,-2.32936,0.00018,-0.22717
8535.84,BTC-27DEC19,1574074741643,open,0.11,524.5,0.0845,0.142,0.11184321,60.71,0.1095,0.0,BTC-27DEC19-8000-C,8445.04,57.45,0.108,29.9,0.113,9.6,61.66,10.14827,-7.92447,5.02914,0.00022,0.66504
189.28,SYN.ETH-26JUN20,1574074741646,open,0.61,0.0,0.533,0.7,0.614407,85.56,None,0.0,ETH-26JUN20-280-P,182.3,35.45,0.491,10.0,0.9,10.0,179.92,0.56853,-0.11011,-1.39195,0.00307,-0.60086
8868.31,SYN.BTC-26JUN20,1574074741647,open,0.26,25.4,0.2205,0.3165,0.26556502,73.22,0.266,0.0,BTC-26JUN20-8000-C,8445.04,71.76,0.2615,10.9,0.269,2.0,74.46,24.69357,-4.09302,22.20267,7e-05,0.67929
8715.7,BTC-27MAR20,1574074741650,open,0.03,1503.1,0.012,0.065,0.03133589,80.55,0.0335,0.0,BTC-27MAR20-16000-C,8445.04,78.86,0.029,40.3,0.0335,0.1,82.06,12.27752,-3.80721,3.77016,6e-05,0.1529
8535.92,BTC-27DEC19,1574074741652,open,2.75,0.3,2.6755,2.8255,2.74868276,0.0,2.744,0.0,BTC-27DEC19-32000-P,8445.04,0.0,0.0,0.0,0.0,0.0,0.0,0.0,0.0,-34.0828,0.0,-1.0
8535.84,BTC-27DEC19,1574074741655,open,0.65,10.0,0.639,0.6585,0.64857235,99.24,0.618,0.0,BTC-27DEC19-3000-C,8445.04,0.0,0.6405,1.0,0.657,1.0,199.27,0.03544,-0.04524,3.1918,0.0,0.99965
8536.34,BTC-27DEC19,1574074741656,open,0.59,4.3,0.5805,0.6,0.59018548,99.9,0.5625,0.0,BTC-27DEC19-3500-C,8445.04,0.0,0.5825,1.0,0.5985,1.0,172.74,0.16701,-0.21458,3.70893,0.0,0.99812
8868.31,SYN.BTC-26JUN20,1574074741653,open,0.11,186.5,0.075,0.1585,0.11175394,73.22,0.1105,0.0,BTC-26JUN20-7000-P,8445.04,71.06,0.1065,19.1,0.114,19.1,74.15,21.53953,-3.57031,-18.98036,6e-05,-0.24192
8715.7,BTC-27MAR20,1574074741667,open,1.77,0.0,1.704,1.8435,1.76688791,94.74,None,0.0,BTC-27MAR20-24000-P,8445.04,0.0,0.0005,5.0,0.0,0.0,0.0,6.6346,-2.41981,-83.7756,3e-05,-0.93446
8535.84,BTC-27DEC19,1574074741670,open,0.53,30.9,0.522,0.5435,0.53214496,100.37,0.5735,0.0,BTC-27DEC19-4000-C,8445.04,0.0,0.5235,1.0,0.5415,1.0,155.57,0.51607,-0.66621,4.19317,1e-05,0.99339
8454.66,SYN.BTC-22NOV19,1574074741663,open,0.07,132.6,0.046,0.096,0.06684703,47.06,0.057,0.0,BTC-22NOV19-9000-P,8445.04,0.0,0.0635,4.0,0.0665,0.1,45.2,1.5621,-9.4839,-0.86529,0.00044,-0.89701
8868.31,SYN.BTC-26JUN20,1574074741672,open,0.67,14.5,0.657,0.6815,0.66748115,80.0,0.682,0.0,BTC-26JUN20-3000-C,8445.04,0.0,0.6585,9.0,0.6785,1.0,101.28,3.34695,-0.60614,16.76905,1e-05,0.97995
8471.0,SYN.BTC-29NOV19,1574074741688,open,0.41,3.2,0.398,0.4215,0.40979253,99.84,0.439,0.0,BTC-29NOV19-5000-C,8445.04,0.0,0.4,1.0,0.42,1.0,216.99,0.04148,-0.19039,1.48762,0.0,0.99917
8536.34,BTC-27DEC19,1574074741692,open,0.05,1018.3,0.027,0.0775,0.04904541,60.69,0.0495,0.0,BTC-27DEC19-8000-P,8445.04,58.97,0.047,11.7,0.0505,43.5,61.91,10.14724,-7.92094,-3.49009,0.00022,-0.33482
8535.92,BTC-27DEC19,1574074741702,open,0.15,288.1,0.1245,0.1785,0.15045074,61.17,0.154,0.0,BTC-27DEC19-7500-C,8445.04,57.62,0.147,12.4,0.1525,2.0,63.24,8.40234,-6.61089,5.65746,0.00018,0.77273
8535.84,BTC-27DEC19,1574074741704,open,0.42,66.8,0.4035,0.4345,0.41744695,91.01,0.4645,0.0,BTC-27DEC19-5000-C,8445.04,0.0,0.405,9.0,0.431,9.0,132.12,1.66274,-1.94628,5.06317,2e-05,0.97436
8471.0,SYN.BTC-29NOV19,1574074741719,open,0.02,31.0,0.01,0.051,0.02013343,48.74,0.0205,0.0,BTC-29NOV19-8750-C,8445.04,46.21,0.0185,28.2,0.021,25.0,50.07,5.49995,-12.32289,0.87235,0.00053,0.36575
8867.81,SYN.BTC-26JUN20,1574074741728,open,1.52,0.0,1.451,1.6085,1.52146115,85.93,None,0.0,BTC-26JUN20-22000-P,8445.04,0.0,0.11,1.0,0.0,0.0,0.0,16.27264,-3.16523,-127.11632,4e-05,-0.84735
8535.92,BTC-27DEC19,1574074741736,open,0.15,288.1,0.1245,0.1785,0.15045074,61.17,0.154,0.0,BTC-27DEC19-7500-C,8445.04,57.62,0.147,12.2,0.1525,2.0,63.24,8.40234,-6.61089,5.65746,0.00018,0.77273
8471.0,SYN.BTC-29NOV19,1574074741727,open,0.09,16.8,0.073,0.12,0.09415011,56.22,0.1025,0.0,BTC-29NOV19-7750-C,8445.04,53.51,0.093,4.0,0.0975,4.0,63.6,3.66143,-9.46375,1.86431,0.0003,0.83277
8471.0,SYN.BTC-29NOV19,1574074741749,open,0.07,367.1,0.052,0.1035,0.07010126,53.23,0.077,0.0,BTC-29NOV19-8000-C,8445.04,50.28,0.0685,4.0,0.073,11.0,58.39,4.66529,-11.41729,1.71129,0.00041,0.7481
8535.92,BTC-27DEC19,1574074741756,open,0.0,449.3,0.0005,0.0105,3e-08,100.0,0.0005,0.0,BTC-27DEC19-44000-C,8445.04,0.0,0.0,0.0,0.0005,15.0,168.74,8e-05,-0.00011,0.0,0.0,0.0
8470.44,SYN.BTC-29NOV19,1574074741758,open,0.0,458.2,0.0005,0.0265,0.00492746,53.21,0.005,0.0,BTC-29NOV19-9500-C,8445.04,51.9,0.0045,7.0,0.0055,14.7,54.88,2.82891,-6.91987,0.2765,0.00025,0.11448
8470.44,SYN.BTC-29NOV19,1574074741794,open,0.0,1093.7,0.0005,0.0105,0.00045255,100.01,0.0005,0.0,BTC-29NOV19-13000-C,8445.04,0.0,0.0,0.0,0.001,14.1,110.37,0.33131,-1.52329,0.01983,2e-05,0.00831
8535.92,BTC-27DEC19,1574074741836,open,5.1,0.8,4.9725,5.2155,5.09160366,0.0,3.59,0.0,BTC-27DEC19-52000-P,8445.04,0.0,0.001,1.0,0.0,0.0,0.0,0.0,0.0,-55.38455,0.0,-1.0
8715.78,BTC-27MAR20,1574074741962,open,0.02,198.7,0.0065,0.035,0.01651948,74.24,0.0165,0.0,BTC-27MAR20-5000-P,8445.04,72.95,0.0155,24.0,0.0185,39.9,76.66,6.97609,-1.99388,-2.68137,3e-05,-0.06994
8535.92,BTC-27DEC19,1574074741981,open,0.0,255.7,0.0005,0.0105,0.0,100.0,0.001,0.0,BTC-27DEC19-1500-P,8445.04,0.0,0.0,0.0,0.0005,110.0,210.56,0.0,0.0,0.0,0.0,0.0
8470.44,SYN.BTC-29NOV19,1574074742038,open,0.0,470.0,0.0005,0.011,0.00112399,98.51,0.001,0.0,BTC-29NOV19-6000-P,8445.04,87.78,0.0005,53.5,0.0015,1.0,103.14,0.62582,-2.8342,-0.04651,3e-05,-0.0173
182.87,SYN.ETH-29NOV19,1574074742052,open,0.06,2.0,0.033,0.099,0.062453,56.99,0.058,0.0,ETH-29NOV19-190-P,182.3,50.07,0.058,500.0,0.065,614.0,60.89,0.11889,-0.31149,-0.03789,0.02093,-0.63283
187.65,ETH-27MAR20,1574074742059,open,0.13,288.0,0.082,0.174,0.12719,78.94,0.122,0.0,ETH-27MAR20-220-C,182.3,77.18,0.123,281.0,0.128,498.0,79.29,0.44422,-0.13499,0.22173,0.00449,0.45924
8471.0,SYN.BTC-29NOV19,1574074742080,open,0.1,8.0,0.0775,0.1335,0.09951905,50.75,0.098,0.0,BTC-29NOV19-9250-P,8445.04,43.16,0.0965,4.0,0.1015,4.0,55.13,3.67782,-8.58051,-2.3502,0.00034,-0.8316
8471.0,SYN.BTC-29NOV19,1574074742118,open,0.23,0.6,0.2175,0.255,0.23500304,89.14,0.243,0.0,BTC-29NOV19-6500-C,8445.04,0.0,0.22,6.0,0.2505,6.0,149.53,1.15844,-4.7477,1.8398,6e-05,0.96392
8471.0,SYN.BTC-29NOV19,1574074742124,open,0.02,215.5,0.011,0.0535,0.02304463,50.83,0.024,0.0,BTC-29NOV19-8250-P,8445.04,48.44,0.0215,14.0,0.025,29.6,53.83,5.49612,-12.84333,-0.97941,0.00051,-0.36498
8715.78,BTC-27MAR20,1574074742141,open,0.0,605.9,0.0005,0.012,0.00208246,100.0,0.0045,0.0,BTC-27MAR20-40000-C,8445.04,106.25,0.0035,38.5,0.005,23.9,111.15,1.62761,-0.62662,0.30856,1e-05,0.01203
8868.31,SYN.BTC-26JUN20,1574074742172,open,0.06,225.7,0.0285,0.108,0.05959539,82.19,0.06,0.0,BTC-26JUN20-18000-C,8445.04,80.82,0.0565,16.0,0.063,14.6,83.67,20.1844,-3.75542,8.3666,5e-05,0.2155
8715.7,BTC-27MAR20,1574074742179,open,0.04,381.7,0.0205,0.083,0.0450525,77.11,0.046,0.0,BTC-27MAR20-14000-C,8445.04,76.5,0.044,13.0,0.0485,0.1,79.08,15.05583,-4.46926,5.16915,7e-05,0.21173
8471.0,SYN.BTC-29NOV19,1574074742181,open,0.02,31.0,0.01,0.051,0.02013333,48.74,0.0205,0.0,BTC-29NOV19-8750-C,8445.04,46.21,0.0185,16.0,0.021,25.0,50.07,5.49995,-12.32289,0.87235,0.00053,0.36575
8470.46,SYN.BTC-29NOV19,1574074742236,open,0.18,7.4,0.158,0.1985,0.17711909,74.32,0.186,0.0,BTC-29NOV19-7000-C,8445.04,0.0,0.161,6.0,0.195,6.0,127.77,1.75332,-5.99045,1.92415,0.00011,0.93949
8535.92,BTC-27DEC19,1574074742243,open,0.77,0.0,0.756,0.7755,0.76570769,127.16,None,0.0,BTC-27DEC19-2000-C,8445.04,0.0,0.7575,1.0,0.774,1.0,270.35,0.01164,-0.01904,2.12911,0.0,0.99989
8535.92,BTC-27DEC19,1574074742328,open,0.0,1544.5,0.0005,0.0105,0.0,100.0,0.001,0.0,BTC-27DEC19-52000-C,8445.04,0.0,0.0,0.0,0.0005,49.0,183.16,1e-05,-1e-05,0.0,0.0,0.0
8715.78,BTC-27MAR20,1574074742328,open,0.01,1260.0,0.0005,0.0185,0.00723213,80.99,0.006,0.0,BTC-27MAR20-4000-P,8445.04,77.95,0.006,31.9,0.008,11.2,82.74,3.72062,-1.16001,-1.21316,2e-05,-0.03189
8715.78,BTC-27MAR20,1574074742328,open,0.2,259.1,0.1635,0.2455,0.20210276,69.62,0.2005,0.0,BTC-27MAR20-8000-C,8445.04,68.66,0.2,8.0,0.2055,2.0,71.18,19.03782,-5.10279,14.21805,0.0001,0.66056
8535.92,BTC-27DEC19,1574074742328,open,0.01,717.2,0.0005,0.0195,0.00614419,77.35,0.006,0.0,BTC-27DEC19-13000-C,8445.04,75.68,0.0055,36.0,0.007,16.0,79.43,3.39433,-3.37688,0.50563,6e-05,0.06176
8715.78,BTC-27MAR20,1574074742328,open,0.01,218.0,0.004,0.0415,0.01544461,91.37,0.014,0.0,BTC-27MAR20-22000-C,8445.04,89.02,0.0135,37.0,0.0155,9.0,91.43,7.50021,-2.63825,1.90554,3e-05,0.07689
8470.46,SYN.BTC-29NOV19,1574074742330,open,0.0,232.4,0.0005,0.0105,0.00090795,82.1,0.001,0.0,BTC-29NOV19-11500-C,8445.04,75.8,0.0005,78.5,0.0015,34.1,88.48,0.66122,-2.49571,0.04429,4e-05,0.01846
8470.46,SYN.BTC-29NOV19,1574074742330,open,0.01,1081.3,0.0045,0.044,0.01449979,53.19,0.016,0.0,BTC-29NOV19-8000-P,8445.04,50.43,0.013,30.0,0.0155,12.0,54.99,4.6656,-11.4083,-0.67252,0.00041,-0.25196
8454.66,SYN.BTC-22NOV19,1574074742426,open,0.1,56.5,0.073,0.122,0.09543467,54.39,0.0965,0.0,BTC-22NOV19-9250-P,8445.04,0.0,0.092,4.0,0.096,0.1,58.82,1.00355,-7.04123,-0.9318,0.00024,-0.94251
8454.66,SYN.BTC-22NOV19,1574074742433,open,0.0,297.1,0.0005,0.02,0.00234591,47.15,0.0025,0.0,BTC-22NOV19-9000-C,8445.04,45.2,0.002,20.1,0.003,20.0,50.48,1.56683,-9.52994,0.09073,0.00044,0.10342
8471.0,SYN.BTC-29NOV19,1574074742447,open,0.13,125.7,0.104,0.1615,0.12640081,53.15,0.113,0.0,BTC-29NOV19-9500-P,8445.04,42.76,0.1235,14.0,0.1315,4.0,66.24,2.82675,-6.90708,-2.55445,0.00025,-0.88565
8471.0,SYN.BTC-29NOV19,1574074742461,open,0.1,8.0,0.0775,0.1335,0.09951904,50.75,0.098,0.0,BTC-29NOV19-9250-P,8445.04,43.16,0.0965,18.0,0.1015,4.0,55.13,3.67782,-8.58051,-2.3502,0.00034,-0.8316
8454.66,SYN.BTC-22NOV19,1574074742468,open,0.13,24.8,0.102,0.15,0.12452752,61.55,0.123,0.0,BTC-22NOV19-9500-P,8445.04,0.0,0.12,14.0,0.129,14.0,92.3,0.67994,-5.39878,-0.97772,0.00015,-0.96457
8471.0,SYN.BTC-29NOV19,1574074742473,open,0.0,96.0,0.0005,0.0125,0.00281079,81.47,0.0035,0.0,BTC-29NOV19-6750-P,8445.04,76.14,0.002,34.0,0.0035,52.0,85.37,1.40988,-5.28047,-0.12312,8e-05,-0.04597
8470.46,SYN.BTC-29NOV19,1574074742479,open,0.08,301.3,0.057,0.1145,0.07464472,49.06,0.0635,0.0,BTC-29NOV19-9000-P,8445.04,47.88,0.074,14.0,0.0745,0.6,48.79,4.64866,-10.48446,-2.08072,0.00044,-0.74976
8535.92,BTC-27DEC19,1574074742593,open,0.01,1075.0,0.0045,0.034,0.01473333,66.57,0.014,0.0,BTC-27DEC19-11000-C,8445.04,65.58,0.014,34.0,0.0155,20.0,67.59,6.34579,-5.43347,1.18322,0.00012,0.14488
8535.92,BTC-27DEC19,1574074742593,open,0.0,657.0,0.0005,0.0105,1.941e-05,100.0,0.0005,0.0,BTC-27DEC19-28000-C,8445.04,0.0,0.0,0.0,0.001,34.8,137.48,0.02638,-0.03392,0.00213,0.0,0.00025
8535.92,BTC-27DEC19,1574074742593,open,0.25,66.1,0.2285,0.2735,0.24970467,69.8,0.355,0.0,BTC-27DEC19-6500-C,8445.04,0.0,0.2385,8.1,0.271,8.0,100.71,4.71187,-4.23013,5.95676,9e-05,0.90491
8867.89,SYN.BTC-26JUN20,1574074742593,open,0.32,9.5,0.282,0.3685,0.32242622,73.23,0.338,0.0,BTC-26JUN20-7000-C,8445.04,58.44,0.287,7.0,0.325,2.0,74.29,21.53996,-3.57075,23.37676,6e-05,0.75805
8535.92,BTC-27DEC19,1574074742595,open,0.0,106.3,0.0005,0.0105,1.4e-07,100.0,0.0005,0.0,BTC-27DEC19-2000-P,8445.04,0.0,0.0,0.0,0.0005,27.1,176.16,0.00027,-0.00035,-2e-05,0.0,0.0
8535.92,BTC-27DEC19,1574074742596,open,0.0,965.9,0.0005,0.016,0.00447446,82.6,0.004,0.0,BTC-27DEC19-14000-C,8444.91,81.0,0.004,36.0,0.005,1.0,84.26,2.61715,-2.78035,0.36395,4e-05,0.04451
8715.78,BTC-27MAR20,1574074742596,open,3.6,1.0,3.4995,3.6925,3.59124355,98.8,2.7125,0.0,BTC-27MAR20-40000-P,8444.91,0.0,0.0005,2.0,0.0,0.0,0.0,1.50429,-0.57218,-142.04663,1e-05,-0.98901
8715.78,BTC-27MAR20,1574074742596,open,0.18,87.7,0.1405,0.2345,0.18360124,69.46,0.185,0.0,BTC-27MAR20-9000-P,8444.91,69.0,0.1825,6.0,0.1865,2.0,70.69,20.56739,-5.50013,-19.59982,0.00011,-0.44839
8535.92,BTC-27DEC19,1574074742596,open,0.11,942.2,0.08,0.1445,0.10986717,59.74,0.1075,0.0,BTC-27DEC19-9000-P,8444.91,57.5,0.107,9.6,0.1115,14.0,61.01,10.94649,-8.41096,-6.17271,0.00024,-0.56909
8535.92,BTC-27DEC19,1574074742596,open,0.2,530.4,0.1665,0.236,0.19882029,62.22,0.191,0.0,BTC-27DEC19-10000-P,8444.91,56.42,0.193,14.0,0.2025,2.0,65.72,8.83109,-7.06694,-8.63652,0.00018,-0.75114
8715.78,BTC-27MAR20,1574074742596,open,0.45,53.6,0.3965,0.507,0.4471061,74.13,0.455,0.0,BTC-27MAR20-12000-P,8444.91,50.0,0.402,3.0,0.455,2.0,77.85,18.28569,-5.21881,-35.33207,9e-05,-0.69217
8715.78,BTC-27MAR20,1574074742596,open,0.26,158.2,0.2175,0.321,0.26497477,71.84,0.2675,0.0,BTC-27MAR20-10000-P,8444.91,64.01,0.2465,13.0,0.2815,7.0,78.81,20.62403,-5.70442,-25.03849,0.00011,-0.54238
8535.79,BTC-27DEC19,1574074742596,open,0.0,562.6,0.0005,0.0105,1.5e-07,100.0,0.0005,0.0,BTC-27DEC19-40000-C,8444.91,0.0,0.0,0.0,0.0005,24.0,160.4,0.00032,-0.00042,2e-05,0.0,0.0
8535.79,BTC-27DEC19,1574074742596,open,0.0,1558.4,0.0005,0.013,0.00321788,91.04,0.0035,0.0,BTC-27DEC19-5000-P,8444.91,89.9,0.003,42.0,0.0035,2.0,92.45,1.66441,-1.94882,-0.2626,2e-05,-0.02567
8535.79,BTC-27DEC19,1574074742596,open,0.76,211.2,0.724,0.805,0.76130171,89.77,0.9295,0.0,BTC-27DEC19-15000-P,8444.91,0.0,0.0,0.0,0.0,0.0,0.0,2.28799,-2.64163,-15.6698,3e-05,-0.96229
8454.1,SYN.BTC-22NOV19,1574074742595,open,0.24,0.0,0.218,0.2705,0.24233477,89.82,None,0.0,BTC-22NOV19-10500-P,8444.91,0.0,0.0,0.0,0.0,0.0,0.0,0.24947,-2.89073,-1.10548,4e-05,-0.98914
8535.79,BTC-27DEC19,1574074742596,open,0.0,645.6,0.0005,0.0105,4.639e-05,100.0,0.0005,0.0,BTC-27DEC19-26000-C,8444.91,121.44,0.0005,14.0,0.001,20.4,130.27,0.05657,-0.07276,0.00483,0.0,0.00058
8535.79,BTC-27DEC19,1574074742597,open,1.35,3.6,1.2975,1.394,1.34376447,99.79,1.729,0.0,BTC-27DEC19-20000-P,8444.91,0.0,0.0,0.0,0.0,0.0,0.0,0.55035,-0.70634,-21.24338,1e-05,-0.99289
8715.78,BTC-27MAR20,1574074742596,open,1.54,5.6,1.48,1.6125,1.53965117,91.43,1.545,0.0,BTC-27MAR20-22000-P,8444.91,0.0,0.0,0.0,0.0,0.0,0.0,7.5134,-2.64454,-76.3717,3e-05,-0.92293
8535.79,BTC-27DEC19,1574074742597,open,0.47,21.6,0.4625,0.4895,0.47480657,98.43,0.5285,0.0,BTC-27DEC19-4500-C,8444.91,0.0,0.466,10.0,0.486,1.0,143.62,1.09361,-1.38454,4.63252,1e-05,0.98436
8535.79,BTC-27DEC19,1574074742596,open,0.0,695.7,0.0005,0.0105,7.1e-07,100.0,0.0005,0.0,BTC-27DEC19-36000-C,8444.91,0.0,0.0,0.0,0.0005,1.7,151.07,0.00135,-0.00173,9e-05,0.0,1e-05
8715.78,BTC-27MAR20,1574074742597,open,0.01,92.5,0.0015,0.034,0.01118059,97.26,0.0085,0.0,BTC-27MAR20-26000-C,8444.91,94.62,0.0095,31.0,0.011,8.4,96.99,5.82445,-2.1809,1.37426,2e-05,0.05549
8715.78,BTC-27MAR20,1574074742596,open,0.87,1.1,0.8145,0.931,0.86700031,80.49,1.08,0.0,BTC-27MAR20-16000-P,8444.91,0.0,0.0005,1.0,0.0,0.0,0.0,12.26326,-3.79986,-53.1673,6e-05,-0.84736
8715.78,BTC-27MAR20,1574074742596,open,0.01,57.8,0.0005,0.0215,0.00569826,100.0,0.008,0.0,BTC-27MAR20-32000-C,8444.91,100.73,0.006,16.0,0.0075,9.6,104.06,3.52879,-1.35852,0.75089,1e-05,0.02991
8535.79,BTC-27DEC19,1574074742597,open,0.0,965.6,0.0005,0.0105,8.26e-06,100.0,0.0005,0.0,BTC-27DEC19-30000-C,8444.91,0.0,0.0,0.0,0.001,38.0,144.13,0.01236,-0.0159,0.00095,0.0,0.00011
8535.79,BTC-27DEC19,1574074742597,open,0.03,982.3,0.0115,0.051,0.02734298,62.26,0.028,0.0,BTC-27DEC19-10000-C,8444.91,60.96,0.026,24.0,0.0285,18.8,63.38,8.83427,-7.07453,2.01553,0.00018,0.24904
8535.79,BTC-27DEC19,1574074742597,open,0.0,717.1,0.0005,0.0115,0.00199443,98.4,0.0025,0.0,BTC-27DEC19-4500-P,8444.91,94.19,0.0015,73.0,0.0025,0.1,102.08,1.0922,-1.3823,-0.16012,1e-05,-0.01562
8535.79,BTC-27DEC19,1574074742597,open,0.42,73.0,0.382,0.4535,0.41485802,71.83,0.3805,0.0,BTC-27DEC19-12000-P,8444.91,0.0,0.383,4.0,0.444,4.0,109.47,4.55327,-4.2065,-12.03756,8e-05,-0.90921
8867.89,SYN.BTC-26JUN20,1574074742596,open,0.02,11.0,0.0065,0.056,0.02198031,94.74,0.021,0.0,BTC-26JUN20-32000-C,8444.91,93.92,0.021,0.1,0.023,1.0,95.57,10.7259,-2.30032,3.37695,2e-05,0.08491
8715.65,BTC-27MAR20,1574074742598,open,2.22,0.0,2.1525,2.3055,2.22226958,99.69,None,0.0,BTC-27MAR20-28000-P,8444.91,0.0,0.0,0.0,0.0,0.0,0.0,5.18361,-1.9894,-98.44385,2e-05,-0.95207
8535.79,BTC-27DEC19,1574074742598,open,2.05,0.0,1.9865,2.108,2.04605518,101.48,None,0.0,BTC-27DEC19-26000-P,8444.91,0.0,0.0,0.0,0.0,0.0,0.0,0.06695,-0.08738,-27.68649,0.0,-0.99931
8715.65,BTC-27MAR20,1574074742598,open,0.02,458.8,0.0055,0.0465,0.01870963,87.93,0.0195,0.0,BTC-27MAR20-20000-C,8444.91,87.71,0.0185,15.0,0.019,7.6,88.22,8.66255,-2.93225,2.30943,4e-05,0.09318
8535.79,BTC-27DEC19,1574074742598,open,3.22,1.3,3.1355,3.3035,3.21755135,117.26,3.212,0.0,BTC-27DEC19-36000-P,8444.91,0.0,0.0,0.0,0.0,0.0,0.0,0.01902,-0.02868,-38.34167,0.0,-0.99982
8715.65,BTC-27MAR20,1574074742598,open,2.91,0.0,2.8255,2.996,2.90543163,100.05,None,0.0,BTC-27MAR20-34000-P,8444.91,0.0,0.0005,1.0,0.0,0.0,0.0,2.90724,-1.11984,-120.38107,1e-05,-0.97628
8715.65,BTC-27MAR20,1574074742597,open,0.01,46.8,0.0005,0.031,0.00964304,99.66,0.0085,0.0,BTC-27MAR20-28000-C,8444.91,97.67,0.0085,31.0,0.0095,8.2,99.42,5.17876,-1.98704,1.18553,2e-05,0.04787
8535.79,BTC-27DEC19,1574074742598,open,2.52,0.2,2.4455,2.5865,2.514395,0.0,2.51,0.0,BTC-27DEC19-30000-P,8444.91,0.0,0.0005,1.0,0.0,0.0,0.0,0.0,0.0,-31.95263,0.0,-1.0
8454.1,SYN.BTC-22NOV19,1574074742595,open,0.0,428.4,0.0005,0.0105,0.0008874,61.78,0.001,0.0,BTC-22NOV19-9500-C,8444.91,56.17,0.0005,57.1,0.0015,34.0,68.19,0.6872,-5.47681,0.03142,0.00015,0.03589
8715.65,BTC-27MAR20,1574074742598,open,2.45,0.0,2.3765,2.535,2.44955874,100.03,None,0.0,BTC-27MAR20-30000-P,8444.91,0.0,0.0005,1.0,0.0,0.0,0.0,4.30583,-1.65818,-105.79748,2e-05,-0.9619
8535.79,BTC-27DEC19,1574074742598,open,0.36,73.5,0.3445,0.3805,0.36104811,85.21,0.266,0.0,BTC-27DEC19-5500-C,8444.91,0.0,0.346,9.0,0.376,9.0,119.94,2.53404,-2.77722,5.42018,4e-05,0.95724
8470.46,SYN.BTC-29NOV19,1574074742595,open,0.0,1077.7,0.0005,0.014,0.00346786,74.06,0.003,0.0,BTC-29NOV19-7000-P,8445.04,68.95,0.0025,63.3,0.004,20.0,76.56,1.74013,-5.92513,-0.16001,0.00011,-0.05993
8715.65,BTC-27MAR20,1574074742598,open,0.35,19.3,0.32,0.3795,0.34736044,70.83,0.406,0.0,BTC-27MAR20-6000-C,8444.91,52.21,0.326,1.0,0.365,7.0,83.59,11.3887,-3.10532,15.99852,6e-05,0.86324
8535.79,BTC-27DEC19,1574074742598,open,4.63,0.0,4.513,4.7375,4.62301877,0.0,None,0.0,BTC-27DEC19-48000-P,8444.91,0.0,0.0005,1.0,0.0,0.0,0.0,0.0,0.0,-51.1242,0.0,-1.0
8470.46,SYN.BTC-29NOV19,1574074742598,open,0.03,801.8,0.021,0.0695,0.0314391,48.07,0.033,0.0,BTC-29NOV19-8500-C,8444.91,47.44,0.031,2.0,0.033,15.0,50.34,5.8331,-12.89189,1.18214,0.00057,0.49982
8535.79,BTC-27DEC19,1574074742599,open,0.0,349.0,0.0005,0.0105,1e-08,100.0,0.0005,0.0,BTC-27DEC19-48000-C,8444.91,0.0,0.0,0.0,0.0005,14.0,176.28,2e-05,-3e-05,0.0,0.0,0.0
8470.46,SYN.BTC-29NOV19,1574074742597,open,0.29,22.5,0.2775,0.3105,0.292825,99.11,0.2095,0.0,BTC-29NOV19-6000-C,8444.91,0.0,0.28,6.0,0.3065,1.0,171.28,0.64147,-2.92269,1.73988,3e-05,0.98219
8535.79,BTC-27DEC19,1574074742599,open,0.01,610.2,0.0015,0.0265,0.01116234,69.74,0.0105,0.0,BTC-27DEC19-6500-P,8444.91,67.59,0.01,63.0,0.012,30.0,71.24,4.70668,-4.22197,-0.96474,9e-05,-0.09495
8535.79,BTC-27DEC19,1574074742599,open,1.11,9.4,1.068,1.159,1.11054054,99.89,1.1125,0.0,BTC-27DEC19-18000-P,8444.91,0.0,0.0,0.0,0.0,0.0,0.0,1.16063,-1.49112,-19.03526,1e-05,-0.98323
8535.79,BTC-27DEC19,1574074742599,open,0.53,99.0,0.495,0.569,0.52914859,77.37,0.638,0.0,BTC-27DEC19-13000-P,8444.91,0.0,0.0,0.0,0.0,0.0,0.0,3.39586,-3.37908,-13.34023,6e-05,-0.9382
8535.79,BTC-27DEC19,1574074742599,open,0.65,268.3,0.6095,0.686,0.64461805,82.57,0.7205,0.0,BTC-27DEC19-14000-P,8444.91,0.0,0.0,0.0,0.0,0.0,0.0,2.61388,-2.77593,-14.54782,4e-05,-0.95556
8715.65,BTC-27MAR20,1574074742599,open,2.0,0.0,1.928,2.074,1.9943338,97.28,None,0.0,BTC-27MAR20-26000-P,8444.91,0.0,0.0,0.0,0.0,0.0,0.0,5.82857,-2.18293,-91.1388,2e-05,-0.94446
8867.89,SYN.BTC-26JUN20,1574074742597,open,2.19,0.0,2.106,2.281,2.18464987,91.6,None,0.0,BTC-26JUN20-28000-P,8444.91,0.0,0.0005,1.0,0.0,0.0,0.0,12.48411,-2.58856,-165.30032,3e-05,-0.89569
8715.65,BTC-27MAR20,1574074742599,open,0.65,59.0,0.6,0.7135,0.65136405,77.11,0.615,0.0,BTC-27MAR20-14000-P,8444.91,28.87,0.6065,3.0,0.6895,3.0,97.03,15.05659,-4.46978,-44.64583,7e-05,-0.78825
8535.79,BTC-27DEC19,1574074742599,open,0.2,66.6,0.174,0.224,0.19792342,64.97,0.221,0.0,BTC-27DEC19-7000-C,8444.91,53.51,0.19,9.0,0.2235,8.0,94.47,6.46108,-5.3991,5.93896,0.00013,0.85118
8535.79,BTC-27DEC19,1574074742599,open,2.28,0.2,2.2165,2.347,2.28030582,78.95,2.2765,0.0,BTC-27DEC19-28000-P,8444.91,0.0,0.0,0.0,0.0,0.0,0.0,0.00048,-0.00049,-29.82242,0.0,-1.0
8715.65,BTC-27MAR20,1574074742600,open,0.27,11.0,0.2325,0.305,0.26651771,69.61,0.2835,0.0,BTC-27MAR20-7000-C,8444.91,61.2,0.2515,14.0,0.2815,9.0,77.76,15.82518,-4.24101,15.58294,8e-05,0.76899
8470.46,SYN.BTC-29NOV19,1574074742596,open,0.16,2.0,0.13,0.1845,0.15420052,55.14,0.161,0.0,BTC-29NOV19-9750-P,8444.91,0.0,0.129,4.0,0.173,4.0,100.59,2.09648,-5.31416,-2.72057,0.00018,-0.92373
8535.79,BTC-27DEC19,1574074742600,open,0.01,951.0,0.0005,0.0245,0.00900781,71.82,0.0095,0.0,BTC-27DEC19-12000-C,8444.91,69.88,0.008,16.0,0.01,70.0,73.63,4.55204,-4.20482,0.74323,8e-05,0.09076
8867.89,SYN.BTC-26JUN20,1574074742597,open,1.09,0.0,1.0225,1.171,1.08929545,82.15,None,0.0,BTC-26JUN20-18000-P,8444.91,0.0,0.09,1.0,1.35,1.0,171.64,20.17169,-3.75131,-100.56533,5e-05,-0.78472
8454.1,SYN.BTC-22NOV19,1574074742596,open,0.11,0.4,0.095,0.136,0.11473015,74.75,0.1205,0.0,BTC-22NOV19-7500-C,8444.91,67.59,0.114,0.1,0.1175,4.0,93.43,0.97682,-9.4195,0.74482,0.00017,0.94444
8470.46,SYN.BTC-29NOV19,1574074742595,open,0.0,136.0,0.0005,0.0165,0.00458951,67.67,0.005,0.0,BTC-29NOV19-7250-P,8444.91,63.25,0.0035,76.0,0.0055,51.1,71.0,2.21885,-6.90288,-0.21907,0.00015,-0.08221
8470.46,SYN.BTC-29NOV19,1574074742595,open,0.21,0.0,0.187,0.2405,0.21200194,62.99,None,0.0,BTC-29NOV19-10250-P,8444.91,0.0,0.0,0.0,0.0,0.0,0.0,1.37667,-3.9869,-2.94633,0.0001,-0.95537
8867.89,SYN.BTC-26JUN20,1574074742598,open,1.31,0.0,1.236,1.3895,1.30457509,84.41,None,0.0,BTC-26JUN20-20000-P,8444.91,0.0,0.1,1.0,1.88,0.1,290.06,18.18553,-3.47487,-113.93944,5e-05,-0.81866
8867.89,SYN.BTC-26JUN20,1574074742596,open,0.13,203.4,0.087,0.189,0.13233463,76.56,0.139,0.0,BTC-26JUN20-12000-C,8444.91,75.79,0.13,0.1,0.135,2.0,77.44,26.92003,-4.66564,15.2657,7e-05,0.41681
8454.1,SYN.BTC-22NOV19,1574074742596,open,0.0,318.5,0.0005,0.0105,0.00070479,80.29,0.001,0.0,BTC-22NOV19-10000-C,8444.91,0.0,0.0,0.0,0.001,20.0,84.92,0.48139,-4.98635,0.02036,8e-05,0.02339
8535.79,BTC-27DEC19,1574074742601,open,0.0,604.5,0.0005,0.0105,3.48e-06,100.0,0.0005,0.0,BTC-27DEC19-2500-P,8444.91,0.0,0.0,0.0,0.0005,12.5,149.85,0.005,-0.00643,-0.00042,0.0,-4e-05
8454.1,SYN.BTC-22NOV19,1574074742595,open,0.0,328.4,0.0005,0.0105,0.00096514,73.85,0.0005,0.0,BTC-22NOV19-9750-C,8444.91,66.48,0.0005,15.4,0.0015,24.1,79.97,0.64402,-6.13533,0.02891,0.00011,0.03317
8867.89,SYN.BTC-26JUN20,1574074742597,open,1.74,0.0,1.6685,1.831,1.7410773,87.76,None,0.0,BTC-26JUN20-24000-P,8444.91,0.0,0.0005,1.0,0.0,0.0,0.0,14.74605,-2.92938,-140.01235,4e-05,-0.86802
8867.89,SYN.BTC-26JUN20,1574074742595,open,0.1,199.3,0.057,0.152,0.09772312,78.27,0.1035,0.0,BTC-26JUN20-14000-C,8445.04,77.3,0.095,5.0,0.1015,15.6,79.61,24.92124,-4.41584,12.35715,7e-05,0.328
8867.89,SYN.BTC-26JUN20,1574074742596,open,2.63,0.0,2.5455,2.734,2.63033596,94.6,None,0.0,BTC-26JUN20-32000-P,8444.91,0.0,0.0005,1.0,0.0,0.0,0.0,10.67976,-2.28702,-190.2845,2e-05,-0.91558
8454.1,SYN.BTC-22NOV19,1574074742595,open,0.01,240.2,0.0005,0.0305,0.00629078,45.05,0.0065,0.0,BTC-22NOV19-8750-C,8444.91,42.52,0.0055,29.0,0.007,16.0,47.26,2.68609,-15.61225,0.2066,0.00079,0.23644
8454.1,SYN.BTC-22NOV19,1574074742596,open,0.0,91.2,0.0005,0.011,0.00118715,83.62,0.001,0.0,BTC-22NOV19-7250-P,8444.91,81.08,0.001,30.0,0.0015,21.4,87.38,0.65571,-7.0734,-0.0315,0.0001,-0.0339
8454.1,SYN.BTC-22NOV19,1574074742596,open,0.09,24.7,0.0655,0.108,0.08613565,64.53,0.088,0.0,BTC-22NOV19-7750-C,8444.91,60.51,0.0855,0.1,0.089,4.0,79.11,1.41434,-11.77487,0.7396,0.00029,0.91003
8470.46,SYN.BTC-29NOV19,1574074742598,open,0.01,301.6,0.0005,0.0225,0.00627613,61.59,0.0065,0.0,BTC-29NOV19-7500-P,8444.91,60.76,0.006,25.0,0.0065,2.0,62.25,2.84722,-8.06232,-0.30741,0.00022,-0.11552
8454.1,SYN.BTC-22NOV19,1574074742596,open,0.04,219.1,0.023,0.0725,0.04122247,44.84,0.0445,0.0,BTC-22NOV19-8750-P,8444.91,40.87,0.04,14.0,0.042,4.0,47.25,2.67893,-15.49542,-0.72347,0.00079,-0.76471
8470.46,SYN.BTC-29NOV19,1574074742598,open,0.36,0.0,0.3315,0.3895,0.35848094,80.96,None,0.0,BTC-29NOV19-11500-P,8444.91,0.0,0.0,0.0,0.0,0.0,0.0,0.6192,-2.3048,-3.38553,4e-05,-0.98291
8470.46,SYN.BTC-29NOV19,1574074742599,open,0.0,355.4,0.0005,0.011,0.00140174,65.59,0.001,0.0,BTC-29NOV19-10500-C,8444.91,62.08,0.001,39.0,0.002,14.7,69.82,1.0721,-3.23267,0.07934,8e-05,0.03284
8454.1,SYN.BTC-22NOV19,1574074742596,open,0.0,263.4,0.0005,0.0145,0.00278943,64.17,0.003,0.0,BTC-22NOV19-7750-P,8444.91,62.37,0.0025,14.0,0.0035,25.0,68.24,1.40053,-11.5935,-0.08221,0.00029,-0.08879
8454.1,SYN.BTC-22NOV19,1574074742596,open,0.21,0.0,0.189,0.24,0.21282323,82.94,None,0.0,BTC-22NOV19-10250-P,8444.91,0.0,0.0,0.0,0.0,0.0,0.0,0.30155,-3.2265,-1.0766,5e-05,-0.98649
8454.1,SYN.BTC-22NOV19,1574074742596,open,0.03,25.2,0.0165,0.062,0.03430716,49.14,0.0375,0.0,BTC-22NOV19-8250-C,8444.91,45.49,0.033,12.0,0.0365,2.0,55.14,3.05486,-19.36818,0.59241,0.00082,0.69424
8454.1,SYN.BTC-22NOV19,1574074742596,open,0.14,0.0,0.1255,0.164,0.14367232,84.34,None,0.0,BTC-22NOV19-7250-C,8444.91,0.0,0.0005,0.1,0.0,0.0,0.0,0.67386,-7.33242,0.73725,0.00011,0.96495
8454.1,SYN.BTC-22NOV19,1574074742595,open,0.01,637.1,0.0005,0.022,0.00481558,54.97,0.0055,0.0,BTC-22NOV19-8000-P,8444.91,53.69,0.0045,15.2,0.005,0.2,55.71,2.10166,-14.90455,-0.1461,0.0005,-0.15793
8454.1,SYN.BTC-22NOV19,1574074742595,open,0.33,0.0,0.305,0.359,0.33072567,82.82,None,0.0,BTC-22NOV19-11250-P,8444.91,0.0,0.0005,10.0,0.0,0.0,0.0,0.01475,-0.15758,-1.19415,0.0,-0.99953
8454.1,SYN.BTC-22NOV19,1574074742595,open,0.02,192.9,0.005,0.0445,0.01580412,44.62,0.016,0.0,BTC-22NOV19-8500-C,8444.91,43.88,0.0155,14.0,0.0165,15.5,46.32,3.45984,-19.91652,0.40077,0.00102,0.46225
8470.46,SYN.BTC-29NOV19,1574074742596,open,0.15,0.0,0.1285,0.171,0.14872828,67.87,None,0.0,BTC-29NOV19-7250-C,8444.91,0.0,0.13,6.0,0.1685,6.0,118.75,2.23078,-6.96112,1.93955,0.00015,0.9172
8470.46,SYN.BTC-29NOV19,1574074742596,open,0.01,597.6,0.0005,0.028,0.00903624,56.2,0.0095,0.0,BTC-29NOV19-7750-P,8444.91,54.95,0.0085,24.3,0.0095,0.1,57.26,3.66222,-9.46181,-0.44507,0.0003,-0.16731
8867.89,SYN.BTC-26JUN20,1574074742598,open,0.88,2.0,0.8145,0.959,0.87974694,80.39,0.88,0.0,BTC-26JUN20-16000-P,8444.91,54.38,0.825,1.0,0.9315,2.0,99.3,22.55208,-4.10396,-86.70555,6e-05,-0.73599
8867.89,SYN.BTC-26JUN20,1574074742599,open,0.07,96.0,0.0395,0.104,0.06702053,73.22,0.066,0.0,BTC-26JUN20-6000-P,8444.91,71.4,0.0635,17.9,0.0685,0.1,73.99,17.18146,-2.84794,-12.49683,5e-05,-0.16586
8454.1,SYN.BTC-22NOV19,1574074742596,open,0.0,186.1,0.0005,0.0115,0.00181446,74.23,0.0015,0.0,BTC-22NOV19-7500-P,8444.91,71.32,0.0015,14.0,0.0025,20.0,79.77,0.96047,-9.1979,-0.05045,0.00017,-0.05438
8454.1,SYN.BTC-22NOV19,1574074742596,open,0.16,10.3,0.131,0.181,0.15417473,72.81,0.097,0.0,BTC-22NOV19-9750-P,8444.91,0.0,0.133,3.0,0.173,3.0,162.63,0.61243,-5.75256,-1.00807,0.00011,-0.96879
8470.46,SYN.BTC-29NOV19,1574074742599,open,0.3,13.1,0.2735,0.3295,0.29963512,73.09,0.233,0.0,BTC-29NOV19-11000-P,8444.91,0.0,0.0155,0.1,0.0,0.0,0.0,0.77666,-2.60973,-3.22382,5e-05,-0.97769
8454.1,SYN.BTC-22NOV19,1574074742595,open,0.17,0.0,0.1555,0.1925,0.17280352,93.03,None,0.0,BTC-22NOV19-7000-C,8444.91,0.0,0.0155,0.1,0.0,0.0,0.0,0.45477,-5.45812,0.72294,6e-05,0.97814
8867.89,SYN.BTC-26JUN20,1574074742599,open,0.07,77.4,0.0395,0.127,0.07556912,80.42,0.071,0.0,BTC-26JUN20-16000-C,8444.91,79.41,0.073,5.0,0.079,14.1,81.76,22.5595,-4.10702,10.12127,6e-05,0.26418
8867.89,SYN.BTC-26JUN20,1574074742597,open,0.04,24.8,0.0165,0.0835,0.04071672,86.0,0.0435,0.0,BTC-26JUN20-22000-C,8444.91,84.78,0.0385,12.0,0.0435,15.0,87.49,16.29781,-3.17291,6.0258,4e-05,0.15301
8454.1,SYN.BTC-22NOV19,1574074742596,open,0.01,798.6,0.0005,0.035,0.0100999,48.96,0.0085,0.0,BTC-22NOV19-8250-P,8444.91,47.3,0.0095,14.0,0.011,0.5,51.44,3.05224,-19.28059,-0.28302,0.00082,-0.30517
8470.46,SYN.BTC-29NOV19,1574074742596,open,0.21,0.0,0.1875,0.227,0.20597447,81.75,None,0.0,BTC-29NOV19-6750-C,8444.91,0.0,0.19,6.0,0.2225,6.0,138.3,1.42355,-5.35013,1.88661,8e-05,0.95347
8454.1,SYN.BTC-22NOV19,1574074742595,open,0.0,80.4,0.0005,0.0105,0.00074887,91.98,0.001,0.0,BTC-22NOV19-7000-P,8444.91,86.51,0.0005,31.0,0.001,20.0,96.43,0.43499,-5.1618,-0.01929,6e-05,-0.02074
8470.46,SYN.BTC-29NOV19,1574074742596,open,0.0,8.5,0.0005,0.0115,0.00199123,63.46,0.0015,0.0,BTC-29NOV19-10250-C,8444.91,60.26,0.0015,0.3,0.0025,34.0,66.32,1.40791,-4.1075,0.1108,0.0001,0.04589
8454.1,SYN.BTC-22NOV19,1574074742595,open,0.0,176.8,0.0005,0.0105,9.921e-05,100.02,0.0005,0.0,BTC-22NOV19-11250-C,8444.91,0.0,0.0,0.0,0.0025,32.0,152.88,0.08585,-0.83874,0.00284,1e-05,0.00326
8454.1,SYN.BTC-22NOV19,1574074742596,open,0.0,186.0,0.0005,0.0105,0.00041674,92.42,0.001,0.0,BTC-22NOV19-10500-C,8444.91,0.0,0.0,0.0,0.001,20.2,104.77,0.29038,-3.46217,0.01124,4e-05,0.01294
8454.1,SYN.BTC-22NOV19,1574074742596,open,0.3,0.0,0.276,0.3295,0.30125578,94.13,None,0.0,BTC-22NOV19-11000-P,8444.91,0.0,0.0005,10.0,0.0,0.0,0.0,0.09963,-1.20994,-1.16467,1e-05,-0.99615
8867.89,SYN.BTC-26JUN20,1574074742596,open,0.17,168.5,0.123,0.222,0.16765402,73.21,0.165,0.0,BTC-26JUN20-8000-P,8444.91,71.18,0.162,16.3,0.17,4.8,74.06,24.69347,-4.09259,-26.20913,7e-05,-0.32075
8454.1,SYN.BTC-22NOV19,1574074742595,open,0.02,431.1,0.0085,0.052,0.02116633,44.46,0.02,0.0,BTC-22NOV19-8500-P,8444.91,42.83,0.0205,14.0,0.023,25.7,48.93,3.45967,-19.84238,-0.50192,0.00103,-0.53796
8867.89,SYN.BTC-26JUN20,1574074742598,open,0.68,9.5,0.6125,0.7525,0.67637872,78.25,0.6225,0.0,BTC-26JUN20-14000-P,8444.91,62.39,0.6345,2.0,0.698,2.0,85.79,24.91728,-4.41364,-72.36522,7e-05,-0.67213
8454.1,SYN.BTC-22NOV19,1574074742596,open,0.0,337.9,0.0005,0.0105,0.00047468,85.07,0.0005,0.0,BTC-22NOV19-10250-C,8444.91,0.0,0.0,0.0,0.001,20.1,95.05,0.34183,-3.7513,0.01361,5e-05,0.01563
8867.89,SYN.BTC-26JUN20,1574074742598,open,0.22,47.6,0.1715,0.2725,0.21851618,73.23,0.221,0.0,BTC-26JUN20-9000-C,8444.91,72.39,0.216,17.4,0.222,5.0,74.39,26.61379,-4.41171,20.58588,8e-05,0.60213
8867.89,SYN.BTC-26JUN20,1574074742598,open,0.03,40.7,0.0105,0.069,0.03046093,89.71,0.031,0.0,BTC-26JUN20-26000-C,8444.91,88.74,0.029,14.0,0.032,1.0,90.7,13.51625,-2.74475,4.61875,3e-05,0.11653
8867.89,SYN.BTC-26JUN20,1574074742596,open,1.97,0.0,1.8865,2.0555,1.9622499,89.62,None,0.0,BTC-26JUN20-26000-P,8444.91,0.0,0.0005,1.0,0.0,0.0,0.0,13.48548,-2.73573,-152.73002,3e-05,-0.88384
8454.1,SYN.BTC-22NOV19,1574074742596,open,0.0,505.4,0.0005,0.0125,0.00136402,54.55,0.002,0.0,BTC-22NOV19-9250-C,8444.91,51.24,0.001,19.7,0.002,34.0,59.34,1.0093,-7.10267,0.05076,0.00024,0.05791
8470.46,SYN.BTC-29NOV19,1574074742596,open,0.01,104.8,0.0005,0.03,0.00755816,50.77,0.0075,0.0,BTC-29NOV19-9250-C,8444.91,48.27,0.0065,22.0,0.0085,28.0,52.89,3.67654,-8.58098,0.40576,0.00034,0.16832
8867.89,SYN.BTC-26JUN20,1574074742598,open,2.41,0.0,2.325,2.5065,2.40670867,92.74,None,0.0,BTC-26JUN20-30000-P,8444.91,0.0,0.0005,1.0,0.0,0.0,0.0,11.38409,-2.38989,-177.87874,3e-05,-0.90803
8867.89,SYN.BTC-26JUN20,1574074742598,open,0.23,132.5,0.1825,0.2935,0.2333662,73.21,0.2305,0.0,BTC-26JUN20-9000-P,8444.91,71.43,0.228,23.5,0.2385,2.0,74.92,26.61425,-4.41083,-33.87546,8e-05,-0.3979
8470.46,SYN.BTC-29NOV19,1574074742601,open,0.0,458.4,0.0005,0.0105,2.802e-05,100.01,0.0005,0.0,BTC-29NOV19-15000-C,8444.91,0.0,0.0,0.0,0.0005,0.1,129.58,0.03228,-0.14841,0.00152,0.0,0.00063
8454.1,SYN.BTC-22NOV19,1574074742596,open,0.0,181.3,0.0005,0.0105,0.0001988,100.02,0.001,0.0,BTC-22NOV19-11000-C,8444.91,0.0,0.0,0.0,0.0015,32.0,131.14,0.15173,-1.68069,0.00536,2e-05,0.00617
8470.46,SYN.BTC-29NOV19,1574074742597,open,0.77,0.0,0.7365,0.807,0.7707754,0.0,None,0.0,BTC-29NOV19-15000-P,8444.91,0.0,0.0005,1.0,0.0,0.0,0.0,0.0,0.0,-4.46946,0.0,-1.0
8470.46,SYN.BTC-29NOV19,1574074742596,open,0.0,67.6,0.0005,0.0165,0.00321472,55.43,0.0035,0.0,BTC-29NOV19-9750-C,8444.91,52.39,0.0025,28.0,0.004,34.1,58.4,2.12068,-5.40399,0.18732,0.00018,0.07743
8454.1,SYN.BTC-22NOV19,1574074742596,open,0.0,98.2,0.0005,0.0105,0.00038785,100.02,0.001,0.0,BTC-22NOV19-10750-C,8444.91,0.0,0.0,0.0,0.001,0.2,114.1,0.25856,-3.27893,0.00981,3e-05,0.01132
8470.46,SYN.BTC-29NOV19,1574074742596,open,0.05,13.9,0.032,0.081,0.04913362,50.88,0.0475,0.0,BTC-29NOV19-8250-C,8444.91,48.36,0.0475,12.0,0.0515,9.0,54.52,5.49767,-12.8612,1.47775,0.00051,0.63464
8470.46,SYN.BTC-29NOV19,1574074742599,open,0.65,0.0,0.6205,0.6875,0.65281309,83.34,None,0.0,BTC-29NOV19-14000-P,8444.91,0.0,0.0,0.0,0.0,0.0,0.0,0.01677,-0.06425,-4.17074,0.0,-0.99969
8454.1,SYN.BTC-22NOV19,1574074742595,open,0.27,0.0,0.247,0.3005,0.27187536,97.0,None,0.0,BTC-22NOV19-10750-P,8444.91,0.0,0.0,0.0,0.0,0.0,0.0,0.21783,-2.72591,-1.1334,3e-05,-0.9907
8470.46,SYN.BTC-29NOV19,1574074742599,open,0.0,150.6,0.0005,0.0105,0.0005045,93.28,0.0005,0.0,BTC-29NOV19-12500-C,8444.91,0.0,0.0,0.0,0.001,34.1,101.83,0.38079,-1.63303,0.02331,2e-05,0.00974
8454.1,SYN.BTC-22NOV19,1574074742596,open,0.06,44.4,0.0375,0.083,0.05859232,55.22,0.066,0.0,BTC-22NOV19-8000-C,8444.91,52.8,0.058,4.0,0.062,4.1,67.73,2.11081,-15.03845,0.70237,0.0005,0.84102
8867.89,SYN.BTC-26JUN20,1574074742599,open,0.18,203.0,0.1345,0.2375,0.18176287,73.85,0.1865,0.0,BTC-26JUN20-10000-C,8444.91,73.28,0.18,17.9,0.189,21.9,76.19,27.43679,-4.58677,18.74792,8e-05,0.53113
8470.46,SYN.BTC-29NOV19,1574074742600,open,0.0,436.3,0.0005,0.0105,4.166e-05,99.99,0.001,0.0,BTC-29NOV19-5000-P,8444.91,0.0,0.0,0.0,0.001,33.0,140.99,0.04209,-0.1935,-0.00223,0.0,-0.00084
8454.1,SYN.BTC-22NOV19,1574074742596,open,0.18,5.1,0.16,0.2105,0.18348386,78.85,0.124,0.0,BTC-22NOV19-10000-P,8444.91,0.0,0.162,3.0,0.203,3.0,180.45,0.44623,-4.53942,-1.04321,7e-05,-0.97862
8470.46,SYN.BTC-29NOV19,1574074742625,open,0.03,801.8,0.021,0.0695,0.0314391,48.07,0.033,0.0,BTC-29NOV19-8500-C,8444.91,47.44,0.031,2.0,0.0325,1.0,49.61,5.8331,-12.89189,1.18214,0.00057,0.49982
8454.1,SYN.BTC-22NOV19,1574074743122,open,0.09,24.7,0.0655,0.108,0.08613565,64.53,0.088,0.0,BTC-22NOV19-7750-C,8444.91,56.94,0.085,4.1,0.089,4.0,79.11,1.41434,-11.77487,0.7396,0.00029,0.91003
8454.1,SYN.BTC-22NOV19,1574074743138,open,0.07,132.6,0.046,0.096,0.06684707,46.79,0.057,0.0,BTC-22NOV19-9000-P,8444.91,0.0,0.0635,4.1,0.0665,0.1,44.82,1.54424,-9.32137,-0.86668,0.00043,-0.89862
8535.79,BTC-27DEC19,1574074743200,open,0.0,910.7,0.0005,0.015,0.00400515,89.81,0.003,0.0,BTC-27DEC19-15000-C,8444.91,85.72,0.003,47.2,0.0045,14.0,91.58,2.2916,-2.64692,0.30708,3e-05,0.03778
8535.79,BTC-27DEC19,1574074743390,open,0.11,524.5,0.0845,0.142,0.11183979,60.69,0.1095,0.0,BTC-27DEC19-8000-C,8444.91,57.45,0.108,29.9,0.113,23.6,61.67,10.14801,-7.92169,5.0295,0.00022,0.66506
8535.79,BTC-27DEC19,1574074743395,open,0.05,556.2,0.032,0.084,0.05548074,59.73,0.0555,0.0,BTC-27DEC19-9000-C,8444.91,58.58,0.054,10.0,0.057,14.0,60.92,10.94608,-8.40949,3.41272,0.00024,0.43086
8470.46,SYN.BTC-29NOV19,1574074743556,open,0.12,67.9,0.1,0.146,0.12085418,61.61,0.125,0.0,BTC-29NOV19-7500-C,8444.91,55.71,0.119,4.0,0.1235,4.0,68.95,2.84824,-8.06743,1.92716,0.00022,0.88442
8453.98,SYN.BTC-22NOV19,1574074743568,open,0.06,44.4,0.0375,0.083,0.05854003,55.06,0.066,0.0,BTC-22NOV19-8000-C,8444.91,50.71,0.0575,4.1,0.062,4.1,67.76,2.1054,-14.95539,0.70296,0.0005,0.84163
8453.98,SYN.BTC-22NOV19,1574074743584,open,0.06,44.4,0.0375,0.083,0.05854003,55.06,0.066,0.0,BTC-22NOV19-8000-C,8444.91,50.71,0.0575,4.1,0.0615,4.0,66.04,2.1054,-14.95539,0.70296,0.0005,0.84163
8470.46,SYN.BTC-29NOV19,1574074743586,open,0.05,5.3,0.0355,0.089,0.05311264,48.67,0.052,0.0,BTC-29NOV19-8750-P,8444.91,46.24,0.0515,14.0,0.0555,20.0,52.39,5.49707,-12.29961,-1.736,0.00053,-0.63476
8470.46,SYN.BTC-29NOV19,1574074743593,open,0.09,16.8,0.0725,0.12,0.09410341,56.33,0.1025,0.0,BTC-29NOV19-7750-C,8444.91,53.62,0.093,4.0,0.097,4.0,62.64,3.66949,-9.50313,1.8627,0.0003,0.83218
8534.98,BTC-27DEC19,1574074743606,open,3.69,0.0,3.595,3.782,3.68615105,0.0,2.58,0.0,BTC-27DEC19-40000-P,8444.03,0.0,0.001,1.0,0.0,0.0,0.0,0.0,0.0,-42.6035,0.0,-1.0
187.65,ETH-27MAR20,1574074743831,open,0.75,7.0,0.685,0.836,0.757087,86.69,0.725,0.0,ETH-27MAR20-320-P,182.3,0.0,0.705,11.0,0.782,11.0,99.91,0.33108,-0.1105,-1.02659,0.00305,-0.7804
184.39,ETH-27DEC19,1574074743886,open,0.02,6759.0,0.006,0.042,0.020068,75.13,0.022,0.0,ETH-27DEC19-240-C,182.3,73.83,0.019,1.0,0.021,798.0,76.25,0.15254,-0.14741,0.02954,0.00561,0.17046
184.39,ETH-27DEC19,1574074743892,open,2.89,0.0,2.791,3.026,2.904772,105.0,None,0.0,ETH-27DEC19-720-P,182.3,0.0,0.003,5.0,0.0,0.0,0.0,0.00017,-0.00023,-0.76685,0.0,-0.99993
184.39,ETH-27DEC19,1574074743900,open,0.22,2728.0,0.18,0.272,0.224696,70.23,0.274,0.0,ETH-27DEC19-220-P,182.3,62.64,0.217,505.0,0.229,505.0,74.26,0.19362,-0.17488,-0.19025,0.00761,-0.74403
184.39,ETH-27DEC19,1574074743984,open,1.06,0.0,1.002,1.132,1.063294,101.69,None,0.0,ETH-27DEC19-380-P,182.3,0.0,0.001,5.0,0.0,0.0,0.0,0.03166,-0.04141,-0.40088,0.00086,-0.97794
189.3,SYN.ETH-26JUN20,1574074744026,open,0.27,81.0,0.209,0.317,0.264515,80.31,0.273,0.0,ETH-26JUN20-180-C,182.3,79.78,0.263,639.0,0.271,220.0,82.57,0.54381,-0.09886,0.44482,0.00312,0.65283
189.3,SYN.ETH-26JUN20,1574074744026,open,0.37,60.0,0.32,0.412,0.36689,80.3,0.378,0.0,ETH-26JUN20-140-C,182.3,69.62,0.343,220.0,0.372,210.0,82.56,0.4282,-0.07784,0.48098,0.00246,0.78677
184.39,ETH-27DEC19,1574074744046,open,1.16,15.0,1.107,1.243,1.171367,105.0,1.248,0.0,ETH-27DEC19-400-P,182.3,0.0,0.001,8.0,0.0,0.0,0.0,0.02711,-0.03661,-0.42283,0.00071,-0.98163
187.66,ETH-27MAR20,1574074744051,open,0.31,0.0,0.275,0.353,0.315163,76.51,None,0.0,ETH-27MAR20-140-C,182.3,36.86,0.262,32.0,0.0,0.0,0.0,0.30583,-0.09009,0.32901,0.00319,0.80789
189.3,SYN.ETH-26JUN20,1574074744051,open,0.19,408.0,0.136,0.246,0.191402,80.31,0.189,0.0,ETH-26JUN20-220-C,182.3,80.5,0.192,270.0,0.201,190.0,83.41,0.58595,-0.10652,0.38627,0.00336,0.52861
189.3,SYN.ETH-26JUN20,1574074744051,open,0.35,0.0,0.284,0.425,0.353718,80.35,None,0.0,ETH-26JUN20-220-P,182.3,36.25,0.219,10.0,0.414,10.0,99.96,0.58594,-0.10658,-0.94505,0.00336,-0.47128
184.39,ETH-27DEC19,1574074744061,open,1.59,21.0,1.528,1.686,1.603746,108.01,0.629,0.0,ETH-27DEC19-480-P,182.3,0.0,0.001,7.0,0.0,0.0,0.0,0.00959,-0.01332,-0.51026,0.00025,-0.99443
184.39,ETH-27DEC19,1574074744064,open,0.26,19.0,0.226,0.284,0.255177,75.97,0.205,0.0,ETH-27DEC19-140-C,182.3,0.0,0.24,50.0,0.642,1.0,500.0,0.11201,-0.10944,0.12498,0.00407,0.89154
187.66,ETH-27MAR20,1574074744092,open,0.95,6.0,0.882,1.041,0.957368,89.61,1.165,0.0,ETH-27MAR20-360-P,182.3,0.0,0.918,1.0,1.733,1.0,499.93,0.28398,-0.09797,-1.19305,0.00253,-0.82933
184.39,ETH-27DEC19,1574074744092,open,1.38,0.0,1.317,1.464,1.387177,105.0,None,0.0,ETH-27DEC19-440-P,182.3,0.0,0.001,8.0,0.0,0.0,0.0,0.01459,-0.0197,-0.46706,0.00038,-0.99103
189.3,SYN.ETH-26JUN20,1574074744111,open,0.23,391.0,0.169,0.279,0.224841,80.31,0.245,0.0,ETH-26JUN20-200-C,182.3,80.36,0.225,266.0,0.23,10.0,82.01,0.57287,-0.10414,0.41686,0.00329,0.58875
189.3,SYN.ETH-26JUN20,1574074744118,open,0.44,0.0,0.371,0.525,0.446663,85.34,None,0.0,ETH-26JUN20-240-P,182.3,35.38,0.301,10.0,0.727,10.0,180.28,0.58727,-0.11345,-1.0961,0.00317,-0.5102
187.66,ETH-27MAR20,1574074744170,open,0.19,62.0,0.15,0.243,0.197706,76.4,0.202,0.0,ETH-27MAR20-180-C,182.3,74.76,0.194,257.0,0.202,798.0,78.3,0.42438,-0.12482,0.28549,0.00443,0.62526
184.39,ETH-27DEC19,1574074744219,open,0.46,0.0,0.442,0.478,0.459707,94.81,None,0.0,ETH-27DEC19-100-C,182.3,0.0,0.457,30.0,0.0,0.0,0.0,0.02473,-0.03015,0.10287,0.00072,0.9835
187.66,ETH-27MAR20,1574074744221,open,1.78,0.0,1.695,1.889,1.786109,97.58,None,0.0,ETH-27MAR20-520-P,182.3,0.0,0.005,10.0,0.0,0.0,0.0,0.15384,-0.05779,-1.81221,0.00126,-0.92785
189.3,SYN.ETH-26JUN20,1574074744229,open,0.98,0.0,0.899,1.085,0.988053,88.46,None,0.0,ETH-26JUN20-360-P,182.3,0.0,0.0,0.0,1.02,1.0,100.2,0.49363,-0.09885,-1.95934,0.00257,-0.7224
184.39,ETH-27DEC19,1574074744235,open,2.24,0.0,2.16,2.356,2.254017,105.0,0.953,0.0,ETH-27DEC19-600-P,182.3,0.0,0.0,0.0,0.0,0.0,0.0,0.00114,-0.00154,-0.63896,3e-05,-0.99947
189.3,SYN.ETH-26JUN20,1574074744260,open,0.04,93.0,0.012,0.075,0.036542,97.96,0.04,0.0,ETH-26JUN20-600-C,182.3,96.37,0.034,440.0,0.042,924.0,101.18,0.30922,-0.06857,0.10548,0.00146,0.12862
184.39,ETH-27DEC19,1574074744357,open,2.67,1.0,2.582,2.802,2.688046,128.93,2.792,0.0,ETH-27DEC19-680-P,182.3,0.0,0.0,0.0,0.0,0.0,0.0,0.00368,-0.00609,-0.72392,8e-05,-0.99808
187.66,ETH-27MAR20,1574074744421,open,0.38,125.0,0.318,0.449,0.382296,80.31,0.37,0.0,ETH-27MAR20-240-P,182.3,78.43,0.378,10.0,0.39,310.0,83.66,0.43013,-0.13299,-0.66122,0.00427,-0.60795
184.39,ETH-27DEC19,1574074744437,open,2.03,0.0,1.949,2.132,2.037135,105.0,0.845,0.0,ETH-27DEC19-560-P,182.3,0.0,0.0,0.0,0.0,0.0,0.0,0.00215,-0.00291,-0.59626,6e-05,-0.99893
184.39,ETH-27DEC19,1574074744509,open,0.95,257.0,0.897,1.021,0.955453,98.7,0.995,0.0,ETH-27DEC19-360-P,182.3,0.0,0.01,2.0,0.0,0.0,0.0,0.0383,-0.04862,-0.3786,0.00107,-0.97232
187.66,ETH-27MAR20,1574074744556,open,0.17,1333.0,0.112,0.207,0.160168,78.55,0.157,0.0,ETH-27MAR20-200-C,182.3,76.37,0.155,10.0,0.161,500.0,78.9,0.44443,-0.13439,0.25308,0.00452,0.53917
189.3,SYN.ETH-26JUN20,1574074744556,open,0.11,239.0,0.058,0.159,0.105425,86.53,0.102,0.0,ETH-26JUN20-320-C,182.3,84.59,0.1,502.0,0.113,467.0,89.2,0.53246,-0.1043,0.2558,0.00284,0.32874
187.66,ETH-27MAR20,1574074744570,open,2.2,0.0,2.108,2.324,2.209779,103.79,None,0.0,ETH-27MAR20-600-P,182.3,0.0,0.02,10.0,0.0,0.0,0.0,0.13067,-0.05222,-2.10425,0.001,-0.94153
182.88,SYN.ETH-29NOV19,1574074744570,open,0.0,1027.0,0.001,0.011,0.000498,105.01,0.002,0.0,ETH-29NOV19-120-P,182.3,0.0,0.0,0.0,0.001,3.0,115.46,0.00681,-0.03289,-0.00046,0.00065,-0.00786
189.3,SYN.ETH-26JUN20,1574074744573,open,0.6,0.0,0.574,0.619,0.5955,84.23,None,0.0,ETH-26JUN20-80-C,182.3,0.0,0.577,1.0,0.0,0.0,0.0,0.15255,-0.02909,0.40576,0.00084,0.94972
182.88,SYN.ETH-29NOV19,1574074744593,open,0.05,4035.0,0.026,0.087,0.047282,56.94,0.054,0.0,ETH-29NOV19-180-C,182.3,50.58,0.043,704.0,0.049,500.0,59.49,0.12317,-0.32245,0.02922,0.0217,0.58352
187.66,ETH-27MAR20,1574074744595,open,0.25,768.0,0.206,0.294,0.250738,76.48,0.256,0.0,ETH-27MAR20-160-C,182.3,74.12,0.246,416.0,0.254,9.0,78.1,0.37796,-0.11128,0.31217,0.00394,0.71824
184.39,ETH-27DEC19,1574074744595,open,0.03,12247.0,0.014,0.061,0.034291,69.73,0.034,0.0,ETH-27DEC19-160-P,182.3,68.42,0.033,30.0,0.034,5.0,69.44,0.18294,-0.16407,-0.052,0.00724,-0.23049
189.3,SYN.ETH-26JUN20,1574074744595,open,0.14,321.0,0.082,0.191,0.135161,85.57,0.144,0.0,ETH-26JUN20-280-C,182.3,84.18,0.131,10.0,0.139,180.0,86.85,0.56863,-0.11015,0.30252,0.00306,0.39926
8470.35,SYN.BTC-29NOV19,1574074744690,open,0.13,125.7,0.104,0.1615,0.12647801,53.15,0.113,0.0,BTC-29NOV19-9500-P,8444.03,42.39,0.1235,14.0,0.132,4.0,67.2,2.82343,-6.89856,-2.55489,0.00025,-0.88583
8535.11,BTC-27DEC19,1574074744836,open,5.1,0.8,4.9725,5.216,5.09194621,0.0,3.59,0.0,BTC-27DEC19-52000-P,8444.03,0.0,0.001,1.0,0.0,0.0,0.0,0.0,0.0,-55.38455,0.0,-1.0
8535.11,BTC-27DEC19,1574074745045,open,4.16,0.0,4.054,4.2595,4.15472375,0.0,3.46,0.0,BTC-27DEC19-44000-P,8444.03,0.0,0.001,1.0,0.0,0.0,0.0,0.0,0.0,-46.86385,0.0,-1.0
182.88,SYN.ETH-29NOV19,1574074745206,open,0.09,0.0,0.054,0.114,0.084598,60.04,None,0.0,ETH-29NOV19-170-C,182.3,28.99,0.072,10.0,0.157,10.0,179.08,0.09458,-0.26106,0.03764,0.01581,0.77541
182.88,SYN.ETH-29NOV19,1574074745206,open,0.19,0.0,0.156,0.209,0.182864,74.26,None,0.0,ETH-29NOV19-150-C,182.3,0.0,0.179,30.0,0.0,0.0,0.0,0.03443,-0.11753,0.04161,0.00465,0.94636
182.88,SYN.ETH-29NOV19,1574074745206,open,0.15,0.0,0.117,0.191,0.153066,60.38,None,0.0,ETH-29NOV19-210-P,182.3,0.0,0.148,30.0,0.438,1.0,500.0,0.05592,-0.15524,-0.05731,0.00929,-0.89872
182.88,SYN.ETH-29NOV19,1574074745206,open,0.25,0.0,0.222,0.301,0.259515,72.81,None,0.0,ETH-29NOV19-230-P,182.3,0.0,0.0,0.0,0.0,0.0,0.0,0.02672,-0.08943,-0.0665,0.00368,-0.96088
182.88,SYN.ETH-29NOV19,1574074745206,open,0.0,10.0,0.001,0.013,0.003053,74.26,0.003,0.0,ETH-29NOV19-150-P,182.3,73.97,0.003,500.0,0.005,801.0,83.32,0.03443,-0.11753,-0.00309,0.00465,-0.05364
182.51,SYN.ETH-22NOV19,1574074745248,open,0.01,697.0,0.001,0.03,0.00802,54.68,0.009,0.0,ETH-22NOV19-190-C,182.3,48.25,0.006,500.0,0.009,500.0,57.66,0.05931,-0.41835,0.00462,0.03067,0.24642
182.51,SYN.ETH-22NOV19,1574074745248,open,0.18,0.0,0.153,0.206,0.179473,105.0,None,0.0,ETH-22NOV19-150-C,182.3,0.0,0.0,0.0,0.0,0.0,0.0,0.01313,-0.17784,0.0153,0.00354,0.96906
182.51,SYN.ETH-22NOV19,1574074745248,open,0.08,181.0,0.044,0.104,0.074729,70.9,0.093,0.0,ETH-22NOV19-170-C,182.3,0.0,0.068,49.0,0.129,1.0,228.93,0.04513,-0.41273,0.0149,0.018,0.84336
182.51,SYN.ETH-22NOV19,1574074745248,open,0.02,778.0,0.002,0.044,0.016116,54.67,0.017,0.0,ETH-22NOV19-180-P,182.3,49.31,0.014,500.0,0.016,1.0,54.38,0.07227,-0.50973,-0.00791,0.03737,-0.39212
182.51,SYN.ETH-22NOV19,1574074745248,open,0.13,2.0,0.097,0.155,0.126439,90.44,0.137,0.0,ETH-22NOV19-160-C,182.3,0.0,0.123,28.0,0.259,1.0,500.0,0.02588,-0.30197,0.01553,0.00809,0.92772
182.51,SYN.ETH-22NOV19,1574074745251,open,0.1,131.0,0.065,0.136,0.099478,69.83,0.123,0.0,ETH-22NOV19-200-P,182.3,0.0,0.095,30.0,0.16,1.0,245.04,0.03496,-0.3149,-0.01921,0.01415,-0.89176
182.51,SYN.ETH-22NOV19,1574074745251,open,0.26,0.0,0.224,0.301,0.260667,98.7,None,0.0,ETH-22NOV19-230-P,182.3,0.0,0.001,5.0,0.0,0.0,0.0,0.00634,-0.08072,-0.02418,0.00182,-0.9869
182.51,SYN.ETH-22NOV19,1574074745251,open,0.2,0.0,0.171,0.244,0.205871,82.19,None,0.0,ETH-22NOV19-220-P,182.3,0.0,0.001,5.0,0.0,0.0,0.0,0.00722,-0.07656,-0.02307,0.00248,-0.98476
182.51,SYN.ETH-22NOV19,1574074745251,open,0.31,0.0,0.277,0.357,0.315234,105.0,None,0.0,ETH-22NOV19-240-P,182.3,0.0,0.0,0.0,0.0,0.0,0.0,0.00349,-0.0473,-0.02536,0.00094,-0.99337
8867.14,SYN.BTC-26JUN20,1574074745601,open,0.49,8.7,0.424,0.558,0.48554299,76.54,0.475,0.0,BTC-26JUN20-12000-P,8444.03,58.35,0.432,3.0,0.4915,2.0,78.49,26.91538,-4.66323,-57.35546,7e-05,-0.58336
8470.35,SYN.BTC-29NOV19,1574074745731,open,0.02,215.5,0.011,0.0535,0.0230744,50.82,0.024,0.0,BTC-29NOV19-8250-P,8444.03,48.4,0.0215,14.0,0.025,27.6,53.79,5.49726,-12.84387,-0.98018,0.00051,-0.3653
8535.17,BTC-27DEC19,1574074746448,open,2.52,0.2,2.4465,2.587,2.51495498,116.43,2.51,0.0,BTC-27DEC19-30000-P,8444.03,0.0,0.0005,1.0,0.0,0.0,0.0,0.08599,-0.12877,-31.94514,0.0,-0.99909
8469.53,SYN.BTC-29NOV19,1574074746488,open,0.01,1058.8,0.0025,0.044,0.01217792,49.19,0.0125,0.0,BTC-29NOV19-9000-C,8444.03,47.95,0.0115,0.1,0.0125,12.0,49.78,4.65068,-10.51825,0.60141,0.00044,0.25049
8535.17,BTC-27DEC19,1574074746534,open,0.0,477.4,0.0005,0.013,0.00300295,93.54,0.0025,0.0,BTC-27DEC19-16000-C,8444.03,91.03,0.0025,36.0,0.0035,41.3,95.78,1.80788,-2.17508,0.23035,2e-05,0.02834
8469.53,SYN.BTC-29NOV19,1574074746534,open,0.0,366.2,0.0005,0.0105,0.00073717,89.06,0.0005,0.0,BTC-29NOV19-12000-C,8444.03,84.76,0.0005,26.6,0.001,14.1,92.84,0.53066,-2.17282,0.03417,3e-05,0.01428
8535.22,BTC-27DEC19,1574074746667,open,0.0,812.1,0.0005,0.0105,0.00075797,100.0,0.001,0.0,BTC-27DEC19-4000-P,8444.03,103.7,0.001,14.0,0.0015,16.0,109.77,0.50629,-0.65118,-0.0657,1e-05,-0.00647
8535.22,BTC-27DEC19,1574074746711,open,0.0,530.9,0.0005,0.0105,3.58e-06,100.0,0.0005,0.0,BTC-27DEC19-32000-C,8444.03,0.0,0.0,0.0,0.001,35.0,150.29,0.00584,-0.00751,0.00043,0.0,5e-05
8469.53,SYN.BTC-29NOV19,1574074746713,open,0.0,633.2,0.0005,0.015,0.00276982,60.86,0.003,0.0,BTC-29NOV19-10000-C,8444.03,59.56,0.0025,4.3,0.003,34.0,61.91,1.81294,-5.07241,0.15242,0.00014,0.06317
8535.22,BTC-27DEC19,1574074746765,open,0.0,483.6,0.0005,0.0105,0.00019758,100.0,0.0005,0.0,BTC-27DEC19-3500-P,8444.03,110.55,0.0005,15.1,0.001,20.9,120.5,0.16842,-0.21662,-0.01905,0.0,-0.0019
8715.13,BTC-27MAR20,1574074746805,open,0.01,155.3,0.0035,0.0375,0.01320199,94.7,0.0115,0.0,BTC-27MAR20-24000-C,8444.03,92.37,0.0115,31.0,0.013,9.8,94.43,6.62405,-2.41492,1.61908,3e-05,0.06541
8535.22,BTC-27DEC19,1574074746805,open,0.0,784.2,0.0005,0.0115,0.0017836,99.98,0.0025,0.0,BTC-27DEC19-18000-C,8444.03,97.78,0.0015,53.0,0.003,51.6,107.39,1.16536,-1.49852,0.13694,2e-05,0.01685
8715.13,BTC-27MAR20,1574074746838,open,0.0,116.4,0.0005,0.015,0.00339722,100.0,0.006,0.0,BTC-27MAR20-36000-C,8444.03,105.1,0.005,17.9,0.006,8.8,107.74,2.38551,-0.91837,0.47688,1e-05,0.01878
187.66,ETH-27MAR20,1574074746841,open,0.1,4615.0,0.064,0.147,0.103368,76.5,0.103,0.0,ETH-27MAR20-160-P,182.3,73.82,0.098,753.0,0.107,500.0,78.29,0.37797,-0.11132,-0.25718,0.00394,-0.28177
187.66,ETH-27MAR20,1574074746844,open,0.56,166.0,0.492,0.634,0.56089,82.31,0.535,0.0,ETH-27MAR20-280-P,182.3,33.21,0.494,1.0,0.588,1.0,95.12,0.37973,-0.12033,-0.85238,0.00368,-0.71549
187.66,ETH-27MAR20,1574074746847,open,0.23,755.0,0.17,0.284,0.225964,78.59,0.207,0.0,ETH-27MAR20-200-P,182.3,76.47,0.221,10.0,0.226,490.0,78.58,0.44442,-0.13447,-0.45859,0.00451,-0.46074
187.66,ETH-27MAR20,1574074746848,open,0.38,125.0,0.318,0.449,0.382189,80.31,0.37,0.0,ETH-27MAR20-240-P,182.3,78.43,0.378,10.0,0.389,10.0,83.23,0.43013,-0.13299,-0.66122,0.00427,-0.60795
8867.23,SYN.BTC-26JUN20,1574074746871,open,0.03,183.3,0.017,0.061,0.03433707,73.22,0.0335,0.0,BTC-26JUN20-5000-P,8444.03,71.84,0.0325,33.1,0.035,0.2,73.71,11.96408,-1.98292,-7.12276,3e-05,-0.0984
189.3,SYN.ETH-26JUN20,1574074746886,open,0.04,108.0,0.015,0.082,0.041515,96.93,0.046,0.0,ETH-26JUN20-560-C,182.3,94.9,0.038,440.0,0.044,140.0,98.32,0.33446,-0.07339,0.11768,0.00159,0.14425
182.88,SYN.ETH-29NOV19,1574074746886,open,0.0,1947.0,0.001,0.011,0.001869,83.34,0.001,0.0,ETH-29NOV19-240-C,182.3,75.46,0.001,899.0,0.002,501.0,84.31,0.02415,-0.09253,0.00178,0.00291,0.03458
184.39,ETH-27DEC19,1574074746888,open,0.0,4534.0,0.001,0.011,3e-06,105.0,0.002,0.0,ETH-27DEC19-760-C,182.3,0.0,0.0,0.0,0.001,500.0,159.23,9e-05,-0.00013,1e-05,0.0,4e-05
184.39,ETH-27DEC19,1574074746888,open,0.0,16677.0,0.001,0.011,2.2e-05,105.0,0.001,0.0,ETH-27DEC19-640-C,182.3,0.0,0.0,0.0,0.002,800.0,154.28,0.0006,-0.00081,5e-05,2e-05,0.00027
184.39,ETH-27DEC19,1574074746891,open,0.01,3158.0,0.004,0.032,0.014437,75.97,0.015,0.0,ETH-27DEC19-140-P,182.3,75.25,0.014,60.0,0.016,1160.0,78.49,0.11201,-0.10945,-0.02414,0.00407,-0.10846
187.67,ETH-27MAR20,1574074746891,open,1.57,0.0,1.49,1.674,1.576436,95.97,None,0.0,ETH-27MAR20-480-P,182.3,0.0,0.003,10.0,0.0,0.0,0.0,0.17854,-0.06597,-1.66182,0.00148,-0.91215
187.67,ETH-27MAR20,1574074746891,open,0.11,1296.0,0.061,0.149,0.103281,80.26,0.101,0.0,ETH-27MAR20-240-C,182.3,78.82,0.1,26.0,0.104,500.0,80.57,0.43011,-0.1329,0.19273,0.00428,0.3919
187.67,ETH-27MAR20,1574074746893,open,0.01,5516.0,0.003,0.033,0.012171,103.3,0.011,0.0,ETH-27MAR20-600-C,182.3,101.54,0.011,300.0,0.013,654.0,104.49,0.12858,-0.05114,0.03012,0.00099,0.05728
182.88,SYN.ETH-29NOV19,1574074746896,open,0.0,448.0,0.001,0.011,0.000473,100.03,0.001,0.0,ETH-29NOV19-280-C,182.3,0.0,0.0,0.0,0.001,501.0,109.84,0.00741,-0.03406,0.00045,0.00074,0.00864
184.39,ETH-27DEC19,1574074746898,open,0.1,1149.0,0.065,0.132,0.098839,67.31,0.105,0.0,ETH-27DEC19-180-C,182.3,67.44,0.099,10.0,0.1,840.0,68.22,0.23436,-0.20288,0.09585,0.00961,0.58688
182.88,SYN.ETH-29NOV19,1574074746900,open,0.74,0.0,0.699,0.805,0.749803,105.0,None,0.0,ETH-29NOV19-320-P,182.3,0.0,0.0,0.0,0.0,0.0,0.0,0.00142,-0.00683,-0.09528,0.00014,-0.99863
182.88,SYN.ETH-29NOV19,1574074746903,open,0.35,50.0,0.324,0.365,0.344347,104.99,0.344,0.0,ETH-29NOV19-120-C,182.3,0.0,0.0,0.0,0.0,0.0,0.0,0.00681,-0.03287,0.0353,0.00065,0.99214
187.67,ETH-27MAR20,1574074746905,open,0.58,20.0,0.563,0.599,0.580284,86.03,0.613,0.0,ETH-27MAR20-80-C,182.3,0.0,0.573,1.0,0.0,0.0,0.0,0.07097,-0.02351,0.26188,0.00066,0.97245
184.39,ETH-27DEC19,1574074746905,open,0.84,0.0,0.791,0.91,0.847371,93.57,None,0.0,ETH-27DEC19-340-P,182.3,0.0,0.001,5.0,0.0,0.0,0.0,0.04328,-0.05208,-0.35651,0.00128,-0.96792
187.67,ETH-27MAR20,1574074746905,open,0.05,1020.0,0.022,0.09,0.051793,86.69,0.054,0.0,ETH-27MAR20-320-C,182.3,86.24,0.051,11.0,0.052,500.0,86.8,0.33115,-0.11052,0.11208,0.00305,0.21963
189.3,SYN.ETH-26JUN20,1574074746905,open,0.06,24.0,0.026,0.107,0.0607,91.74,0.076,0.0,ETH-26JUN20-440-C,182.3,90.04,0.057,438.0,0.065,140.0,93.66,0.41798,-0.0868,0.16491,0.0021,0.20466
184.39,ETH-27DEC19,1574074746909,open,0.73,101.0,0.687,0.801,0.740483,91.75,0.513,0.0,ETH-27DEC19-320-P,182.3,0.0,0.006,5.0,0.0,0.0,0.0,0.05743,-0.06777,-0.3329,0.00173,-0.95462
189.3,SYN.ETH-26JUN20,1574074746909,open,2.41,0.0,2.296,2.55,2.415241,100.16,None,0.0,ETH-26JUN20-640-P,182.3,0.0,0.0,0.0,0.0,0.0,0.0,0.29497,-0.06688,-3.77448,0.00136,-0.87977
189.3,SYN.ETH-26JUN20,1574074746912,open,1.99,0.0,1.89,2.124,1.999821,96.93,None,0.0,ETH-26JUN20-560-P,182.3,0.0,0.0,0.0,0.0,0.0,0.0,0.33446,-0.07339,-3.27109,0.00159,-0.85575
184.39,ETH-27DEC19,1574074746939,open,0.0,4100.0,0.001,0.012,0.002064,95.03,0.002,0.0,ETH-27DEC19-100-P,182.3,94.55,0.002,500.0,0.003,1.0,101.16,0.02494,-0.03048,-0.00368,0.00072,-0.01667
182.88,SYN.ETH-29NOV19,1574074746939,open,0.01,2588.0,0.001,0.039,0.010757,58.26,0.011,0.0,ETH-29NOV19-200-C,182.3,54.53,0.009,4.0,0.012,500.0,60.79,0.08855,-0.23718,0.01035,0.01525,0.20065
187.67,ETH-27MAR20,1574074747006,open,0.48,0.0,0.459,0.508,0.483165,81.51,None,0.0,ETH-27MAR20-100-C,182.3,0.0,0.467,31.0,0.0,0.0,0.0,0.13691,-0.04296,0.30369,0.00134,0.93795
189.31,SYN.ETH-26JUN20,1574074747009,open,1.58,0.0,1.488,1.701,1.588436,93.61,None,0.0,ETH-26JUN20-480-P,182.3,0.0,0.0,0.0,0.0,0.0,0.0,0.38703,-0.08201,-2.75852,0.00191,-0.81955
189.31,SYN.ETH-26JUN20,1574074747031,open,1.78,0.0,1.688,1.911,1.792768,94.96,None,0.0,ETH-26JUN20-520-P,182.3,0.0,0.0,0.0,0.0,0.0,0.0,0.35686,-0.07671,-3.01716,0.00173,-0.84099
8535.22,BTC-27DEC19,1574074747038,open,0.01,1353.6,0.0005,0.0205,0.00760054,76.9,0.0075,0.0,BTC-27DEC19-6000-P,8444.03,75.39,0.007,86.7,0.008,30.0,77.88,3.44856,-3.41086,-0.64213,6e-05,-0.06303
184.39,ETH-27DEC19,1574074747042,open,0.03,7398.0,0.012,0.057,0.031572,70.23,0.03,0.0,ETH-27DEC19-220-C,182.3,67.75,0.029,401.0,0.033,500.0,71.58,0.19362,-0.17488,0.04407,0.00761,0.25597
182.88,SYN.ETH-29NOV19,1574074747044,open,0.13,125.0,0.102,0.162,0.130869,64.21,0.13,0.0,ETH-29NOV19-160-C,182.3,0.0,0.125,30.0,0.38,1.0,500.0,0.05683,-0.16777,0.04172,0.00888,0.89644
187.67,ETH-27MAR20,1574074747046,open,0.01,836.0,0.001,0.016,0.006587,86.09,0.006,0.0,ETH-27MAR20-80-P,182.3,84.51,0.006,500.0,0.008,320.0,89.63,0.0711,-0.02357,-0.02284,0.00066,-0.02761
182.88,SYN.ETH-29NOV19,1574074747048,open,0.0,2585.0,0.001,0.011,1.5e-05,105.0,0.001,0.0,ETH-29NOV19-100-P,182.3,0.0,0.0,0.0,0.001,599.0,159.32,0.00036,-0.00175,-2e-05,3e-05,-0.00031
187.67,ETH-27MAR20,1574074747051,open,0.3,30.0,0.239,0.362,0.299539,78.97,0.306,0.0,ETH-27MAR20-220-P,182.3,77.05,0.295,10.0,0.3,366.0,79.16,0.44429,-0.13507,-0.56101,0.00449,-0.54058
182.88,SYN.ETH-29NOV19,1574074747056,open,0.53,0.0,0.487,0.581,0.531492,100.03,None,0.0,ETH-29NOV19-280-P,182.3,0.0,0.0,0.0,0.0,0.0,0.0,0.00741,-0.03406,-0.08298,0.00074,-0.99136
184.39,ETH-27DEC19,1574074747064,open,0.0,6668.0,0.001,0.011,0.000427,105.0,0.001,0.0,ETH-27DEC19-480-C,182.3,114.68,0.001,500.0,0.002,500.0,124.43,0.00775,-0.01046,0.00078,0.0002,0.00439
189.31,SYN.ETH-26JUN20,1574074747064,open,0.18,257.0,0.121,0.236,0.178718,85.3,0.177,0.0,ETH-26JUN20-240-C,182.3,82.81,0.171,10.0,0.181,454.0,86.03,0.5873,-0.1134,0.35626,0.00317,0.48971
189.31,SYN.ETH-26JUN20,1574074747069,open,0.03,81.0,0.011,0.072,0.03432,100.16,0.032,0.0,ETH-26JUN20-640-C,182.3,99.3,0.033,2.0,0.036,141.0,101.22,0.29499,-0.06688,0.09842,0.00136,0.12023
182.88,SYN.ETH-29NOV19,1574074747087,open,0.31,0.0,0.275,0.358,0.314171,83.33,None,0.0,ETH-29NOV19-240-P,182.3,0.0,0.0,0.0,0.0,0.0,0.0,0.02415,-0.09252,-0.06973,0.00291,-0.96542
187.67,ETH-27MAR20,1574074747090,open,1.36,0.0,1.285,1.46,1.367139,93.29,None,0.0,ETH-27MAR20-440-P,182.3,0.0,0.002,10.0,0.0,0.0,0.0,0.20369,-0.07315,-1.51054,0.00174,-0.89491
8535.22,BTC-27DEC19,1574074747092,open,0.0,947.2,0.0005,0.0105,0.00070214,100.0,0.0015,0.0,BTC-27DEC19-20000-C,8444.03,103.99,0.001,23.5,0.002,43.1,113.11,0.5579,-0.71753,0.05926,1e-05,0.00722
8867.23,SYN.BTC-26JUN20,1574074747094,open,0.01,90.8,0.0005,0.0155,0.00576623,80.0,0.0055,0.0,BTC-26JUN20-3000-P,8444.03,79.29,0.0055,16.1,0.0065,0.1,81.88,3.34803,-0.60635,-1.3857,1e-05,-0.02006
187.67,ETH-27MAR20,1574074747104,open,0.01,2444.0,0.004,0.037,0.014851,97.22,0.021,0.0,ETH-27MAR20-520-C,182.3,94.85,0.013,800.0,0.017,637.0,99.77,0.15218,-0.05696,0.03759,0.00125,0.07114
8469.53,SYN.BTC-29NOV19,1574074747111,open,0.48,0.0,0.447,0.509,0.4762391,89.69,None,0.0,BTC-29NOV19-12500-P,8444.03,0.0,0.0,0.0,0.0,0.0,0.0,0.29948,-1.23489,-3.70677,2e-05,-0.99259
182.88,SYN.ETH-29NOV19,1574074747111,open,0.01,313.0,0.001,0.023,0.005738,64.21,0.006,0.0,ETH-29NOV19-160-P,182.3,65.05,0.006,500.0,0.009,805.0,73.76,0.05683,-0.16777,-0.00596,0.00888,-0.10356
8715.22,BTC-27MAR20,1574074747115,open,0.55,9.4,0.5345,0.566,0.54825554,80.96,0.585,0.0,BTC-27MAR20-4000-C,8444.03,0.0,0.5355,1.0,0.5615,1.0,104.17,3.71804,-1.15881,13.02091,2e-05,0.96814
8715.22,BTC-27MAR20,1574074747115,open,0.02,264.7,0.008,0.054,0.02371768,84.41,0.026,0.0,BTC-27MAR20-18000-C,8444.03,82.48,0.0215,37.0,0.025,8.6,85.49,10.23304,-3.32553,2.90176,4e-05,0.11729
184.39,ETH-27DEC19,1574074747132,open,0.01,1887.0,0.001,0.023,0.008184,91.51,0.008,0.0,ETH-27DEC19-300-C,182.3,86.06,0.006,355.0,0.008,800.0,91.09,0.08025,-0.09445,0.01202,0.00242,0.06938
8867.23,SYN.BTC-26JUN20,1574074747141,open,0.47,0.0,0.4455,0.501,0.47050045,73.24,None,0.0,BTC-26JUN20-5000-C,8444.03,54.6,0.449,7.0,0.493,7.0,88.64,11.96831,-1.98438,23.12962,3e-05,0.90155
184.39,ETH-27DEC19,1574074747155,open,0.0,1026.0,0.001,0.012,0.002445,101.69,0.003,0.0,ETH-27DEC19-380-C,182.3,98.93,0.002,595.0,0.003,1.0,104.71,0.03166,-0.04141,0.00385,0.00086,0.02206
184.39,ETH-27DEC19,1574074747157,open,1.81,37.0,1.738,1.908,1.820308,105.0,0.707,0.0,ETH-27DEC19-520-P,182.3,0.0,0.002,25.0,0.0,0.0,0.0,0.00409,-0.00552,-0.55346,0.00011,-0.99784
184.39,ETH-27DEC19,1574074747170,open,0.07,4730.0,0.043,0.111,0.07503,67.31,0.069,0.0,ETH-27DEC19-180-P,182.3,64.92,0.072,10.0,0.076,840.0,68.07,0.23436,-0.20288,-0.09587,0.00961,-0.41312
189.31,SYN.ETH-26JUN20,1574074747172,open,0.07,643.0,0.033,0.121,0.072156,90.31,0.078,0.0,ETH-26JUN20-400-C,182.3,88.99,0.069,1.0,0.076,140.0,91.9,0.45546,-0.09312,0.18971,0.00233,0.23776
184.39,ETH-27DEC19,1574074747192,open,0.36,2.0,0.332,0.378,0.354835,84.37,0.346,0.0,ETH-27DEC19-120-C,182.3,0.0,0.349,50.0,0.0,0.0,0.0,0.05681,-0.06165,0.11791,0.00186,0.95522
182.88,SYN.ETH-29NOV19,1574074747213,open,0.24,1.0,0.212,0.264,0.237525,94.58,0.289,0.0,ETH-29NOV19-140-C,182.3,70.2,0.235,50.0,0.0,0.0,0.0,0.02877,-0.1251,0.03921,0.00305,0.95714
189.31,SYN.ETH-26JUN20,1574074747219,open,0.07,421.0,0.036,0.101,0.065734,80.33,0.061,0.0,ETH-26JUN20-120-P,182.3,78.24,0.062,970.0,0.07,210.0,82.68,0.34138,-0.06208,-0.24566,0.00196,-0.14871
187.67,ETH-27MAR20,1574074747221,open,1.99,0.0,1.901,2.105,1.996987,99.92,None,0.0,ETH-27MAR20-560-P,182.3,0.0,0.01,10.0,0.0,0.0,0.0,0.13722,-0.05279,-1.95975,0.0011,-0.93776
184.39,ETH-27DEC19,1574074747221,open,0.0,11036.0,0.001,0.011,0.000931,105.0,0.004,0.0,ETH-27DEC19-440-C,182.3,105.85,0.001,880.0,0.003,800.0,121.49,0.01459,-0.0197,0.00158,0.00038,0.00897
184.39,ETH-27DEC19,1574074747221,open,0.0,21058.0,0.001,0.011,4.5e-05,105.0,0.001,0.0,ETH-27DEC19-600-C,182.3,0.0,0.0,0.0,0.001,40.0,136.7,0.00114,-0.00154,0.0001,3e-05,0.00053
8715.22,BTC-27MAR20,1574074747227,open,0.01,123.2,0.0005,0.026,0.00745652,100.0,0.009,0.0,BTC-27MAR20-30000-C,8444.03,99.05,0.007,31.0,0.0085,10.6,102.02,4.2989,-1.65495,0.94792,2e-05,0.03802
8867.32,SYN.BTC-26JUN20,1574074747232,open,0.39,7.1,0.3565,0.4295,0.39037742,73.22,0.4205,0.0,BTC-26JUN20-6000-C,8444.03,62.32,0.37,11.0,0.4195,7.0,87.79,17.18148,-2.84762,23.81147,5e-05,0.83413
182.88,SYN.ETH-29NOV19,1574074747235,open,0.63,0.0,0.593,0.693,0.6406,105.0,None,0.0,ETH-29NOV19-300-P,182.3,0.0,0.0,0.0,0.0,0.0,0.0,0.00386,-0.01864,-0.08918,0.00037,-0.99586
8715.22,BTC-27MAR20,1574074747246,open,3.14,0.0,3.051,3.2275,3.1342348,100.48,None,0.0,BTC-27MAR20-36000-P,8444.03,0.0,0.0005,1.0,0.0,0.0,0.0,2.44955,-0.94753,-127.60539,1e-05,-0.98063
189.31,SYN.ETH-26JUN20,1574074747255,open,0.09,188.0,0.043,0.137,0.086103,88.39,0.091,0.0,ETH-26JUN20-360-C,182.3,86.8,0.082,291.0,0.091,180.0,90.25,0.49337,-0.09872,0.219,0.00257,0.27727
189.31,SYN.ETH-26JUN20,1574074747266,open,0.01,185.0,0.001,0.016,0.006124,85.46,0.01,0.0,ETH-26JUN20-60-P,182.3,87.73,0.007,500.0,0.01,300.0,94.53,0.07027,-0.01359,-0.02954,0.00038,-0.01966
187.67,ETH-27MAR20,1574074747282,open,0.03,1181.0,0.015,0.059,0.033403,78.51,0.037,0.0,ETH-27MAR20-120-P,182.3,76.44,0.031,820.0,0.036,1.0,80.7,0.22026,-0.06658,-0.10058,0.00224,-0.11722
184.39,ETH-27DEC19,1574074747282,open,0.0,12762.0,0.001,0.011,1.1e-05,105.0,0.001,0.0,ETH-27DEC19-680-C,182.3,0.0,0.0,0.0,0.002,800.0,160.39,0.00032,-0.00043,2e-05,1e-05,0.00014
182.88,SYN.ETH-29NOV19,1574074747282,open,0.0,2037.0,0.001,0.015,0.003321,68.66,0.003,0.0,ETH-29NOV19-220-C,182.3,67.18,0.003,49.0,0.004,505.0,71.55,0.0409,-0.1291,0.00346,0.00598,0.06684
189.31,SYN.ETH-26JUN20,1574074747299,open,1.38,0.0,1.288,1.493,1.385083,91.79,None,0.0,ETH-26JUN20-440-P,182.3,0.0,0.0,0.0,0.0,0.0,0.0,0.41833,-0.08693,-2.49752,0.0021,-0.79507
189.31,SYN.ETH-26JUN20,1574074747299,open,2.2,0.0,2.092,2.335,2.206166,98.06,None,0.0,ETH-26JUN20-600-P,182.3,0.0,0.0,0.0,0.0,0.0,0.0,0.30999,-0.06881,-3.52504,0.00146,-0.87093
187.67,ETH-27MAR20,1574074747301,open,2.41,0.0,2.314,2.54,2.419999,103.68,None,0.0,ETH-27MAR20-640-P,182.3,0.0,0.0,0.0,0.0,0.0,0.0,0.10993,-0.04388,-2.25239,0.00085,-0.95298
187.67,ETH-27MAR20,1574074747303,open,0.06,364.0,0.033,0.096,0.061247,76.56,0.065,0.0,ETH-27MAR20-140-P,182.3,74.55,0.058,784.0,0.066,820.0,79.45,0.30588,-0.09015,-0.1692,0.00319,-0.19214
189.31,SYN.ETH-26JUN20,1574074747303,open,0.02,2.0,0.007,0.035,0.018153,84.28,0.016,0.0,ETH-26JUN20-80-P,182.3,82.83,0.017,750.0,0.02,1.0,86.52,0.15269,-0.02913,-0.07846,0.00084,-0.05034
8867.32,SYN.BTC-26JUN20,1574074747309,open,0.56,0.5,0.5475,0.5875,0.56513243,76.44,0.589,0.0,BTC-26JUN20-4000-C,8444.03,35.14,0.549,1.0,0.5805,8.0,92.69,7.21732,-1.24888,20.60296,2e-05,0.94909
184.39,ETH-27DEC19,1574074747313,open,0.0,835.0,0.001,0.013,0.003454,93.57,0.004,0.0,ETH-27DEC19-340-C,182.3,91.55,0.003,500.0,0.005,1.0,99.42,0.04328,-0.05208,0.00562,0.00128,0.03208
184.39,ETH-27DEC19,1574074747321,open,0.01,1717.0,0.001,0.024,0.008763,82.88,0.008,0.0,ETH-27DEC19-280-C,182.3,79.01,0.007,820.0,0.01,800.0,85.36,0.08895,-0.09482,0.01387,0.00296,0.07939
8867.32,SYN.BTC-26JUN20,1574074747331,open,0.02,75.2,0.0075,0.059,0.0238656,92.86,0.022,0.0,BTC-26JUN20-30000-C,8444.03,92.18,0.023,13.0,0.025,1.0,93.73,11.42201,-2.40094,3.67732,3e-05,0.0924
189.31,SYN.ETH-26JUN20,1574074747331,open,0.1,330.0,0.066,0.151,0.106512,80.33,0.096,0.0,ETH-26JUN20-140-P,182.3,77.89,0.101,286.0,0.109,210.0,81.43,0.42821,-0.07787,-0.36628,0.00246,-0.21322
184.39,ETH-27DEC19,1574074747339,open,0.0,6174.0,0.001,0.011,5e-06,105.0,0.001,0.0,ETH-27DEC19-720-C,182.3,0.0,0.0,0.0,0.001,500.0,154.14,0.00017,-0.00023,1e-05,0.0,7e-05
182.88,SYN.ETH-29NOV19,1574074747339,open,0.0,2222.0,0.001,0.013,0.003035,94.58,0.002,0.0,ETH-29NOV19-140-P,182.3,77.51,0.001,750.0,0.004,800.0,100.26,0.02877,-0.1251,-0.0025,0.00305,-0.04286
182.88,SYN.ETH-29NOV19,1574074747345,open,0.0,421.0,0.001,0.011,0.000222,105.0,0.004,0.0,ETH-29NOV19-300-C,182.3,0.0,0.0,0.0,0.001,501.0,124.59,0.00386,-0.01864,0.00021,0.00037,0.00414
187.67,ETH-27MAR20,1574074747350,open,0.01,886.0,0.003,0.034,0.012866,99.7,0.015,0.0,ETH-27MAR20-560-C,182.3,97.01,0.011,800.0,0.015,720.0,102.51,0.13624,-0.05229,0.03259,0.00109,0.06167
184.39,ETH-27DEC19,1574074747350,open,0.01,6275.0,0.001,0.016,0.00563,84.37,0.007,0.0,ETH-27DEC19-120-P,182.3,82.26,0.005,500.0,0.007,360.0,88.57,0.05681,-0.06165,-0.0099,0.00186,-0.04478
187.67,ETH-27MAR20,1574074747352,open,0.02,978.0,0.007,0.05,0.022473,93.17,0.023,0.0,ETH-27MAR20-440-C,182.3,91.79,0.021,300.0,0.024,405.0,94.56,0.20312,-0.07286,0.0549,0.00174,0.10469
189.31,SYN.ETH-26JUN20,1574074747352,open,0.15,617.0,0.107,0.21,0.156767,80.33,0.145,0.0,ETH-26JUN20-160-P,182.3,77.75,0.15,271.0,0.159,210.0,81.18,0.49608,-0.09021,-0.50082,0.00285,-0.28041
182.88,SYN.ETH-29NOV19,1574074747370,open,0.03,508.0,0.015,0.071,0.031537,56.98,0.031,0.0,ETH-29NOV19-180-P,182.3,51.73,0.028,500.0,0.034,680.0,60.64,0.12317,-0.32269,-0.02442,0.02169,-0.41652
182.88,SYN.ETH-29NOV19,1574074747370,open,0.1,90.0,0.073,0.149,0.104342,58.26,0.082,0.0,ETH-29NOV19-200-P,182.3,26.09,0.094,10.0,0.11,10.0,69.23,0.08855,-0.23718,-0.04925,0.01525,-0.79935
8535.22,BTC-27DEC19,1574074747380,open,0.3,112.4,0.286,0.3265,0.30461693,76.87,0.385,0.0,BTC-27DEC19-6000-C,8444.03,0.0,0.288,8.0,0.3225,8.0,109.65,3.44551,-3.4063,5.74918,6e-05,0.93704
184.39,ETH-27DEC19,1574074747387,open,0.63,1.0,0.583,0.694,0.63517,91.51,0.494,0.0,ETH-27DEC19-300-P,182.3,0.0,0.01,5.0,0.0,0.0,0.0,0.08025,-0.09445,-0.30751,0.00242,-0.93062
189.31,SYN.ETH-26JUN20,1574074747390,open,0.43,41.0,0.393,0.47,0.431811,80.31,0.469,0.0,ETH-26JUN20-120-C,182.3,73.04,0.419,210.0,0.459,210.0,94.92,0.34134,-0.06206,0.48057,0.00196,0.85132
184.39,ETH-27DEC19,1574074747395,open,0.0,11107.0,0.001,0.011,9.3e-05,105.0,0.001,0.0,ETH-27DEC19-560-C,182.3,0.0,0.0,0.0,0.002,800.0,140.62,0.00215,-0.00291,0.00019,6e-05,0.00107
184.39,ETH-27DEC19,1574074747405,open,0.0,13024.0,0.001,0.011,0.000198,105.0,0.001,0.0,ETH-27DEC19-520-C,182.3,122.67,0.001,500.0,0.002,500.0,132.9,0.00409,-0.00552,0.00038,0.00011,0.00216
187.67,ETH-27MAR20,1574074747410,open,0.02,1552.0,0.005,0.044,0.018619,95.83,0.019,0.0,ETH-27MAR20-480-C,182.3,92.95,0.016,1020.0,0.02,401.0,97.26,0.17784,-0.06561,0.04592,0.00148,0.08739
187.67,ETH-27MAR20,1574074747427,open,0.39,40.0,0.362,0.426,0.393948,78.49,0.459,0.0,ETH-27MAR20-120-C,182.3,31.39,0.361,1.0,0.0,0.0,0.0,0.22019,-0.06653,0.32647,0.00224,0.88283
184.39,ETH-27DEC19,1574074747429,open,3.11,1.0,3.002,3.249,3.121701,105.0,3.236,0.0,ETH-27DEC19-760-P,182.3,0.0,0.0,0.0,0.0,0.0,0.0,9e-05,-0.00013,-0.80946,0.0,-0.99996
