underlying_price,underlying_index,timestamp,state,settlement_price,open_interest,min_price,max_price,mark_price,mark_iv,last_price,interest_rate,instrument_name,index_price,bid_iv,best_bid_price,best_bid_amount,best_ask_price,best_ask_amount,ask_iv,vega,theta,rho,gamma,delta
7172.11,BTC-27DEC19,1574506740003,open,0.01,1271.9,0.0005,0.0215,0.00740358,72.23,0.0075,0.0,BTC-27DEC19-10000-C,7177.52,70.19,0.0065,32.0,0.008,5.0,73.52,3.26968,-3.48604,0.48788,9e-05,0.0807
7260.44,BTC-27MAR20,1574506740039,open,0.14,131.6,0.1045,0.19,0.14265368,70.3,0.1375,0.0,BTC-27MAR20-7000-P,7177.52,68.22,0.138,16.0,0.1445,1.1,71.12,16.22336,-4.56638,-13.08728,0.00013,-0.38421
7176.89,SYN.BTC-29NOV19,1574506740043,open,0.03,286.3,0.0085,0.0485,0.02449052,57.61,0.022,0.0,BTC-29NOV19-7250-C,7177.52,50.67,0.021,18.0,0.0255,6.1,59.62,3.61381,-17.71678,0.50238,0.00076,0.45933
7172.11,BTC-27DEC19,1574506740051,open,0.09,157.8,0.0645,0.1215,0.09082559,65.27,0.087,0.0,BTC-27DEC19-7000-C,7177.52,62.89,0.088,14.4,0.094,14.4,67.95,8.50538,-8.19382,3.30727,0.00027,0.58768
7175.69,SYN.BTC-6DEC19,1574506740058,open,0.11,14.0,0.0855,0.136,0.10947564,68.09,0.131,0.0,BTC-6DEC19-6500-C,7177.52,62.29,0.1065,6.0,0.111,6.0,70.94,3.78683,-10.01234,1.74485,0.00031,0.79879
7175.69,SYN.BTC-6DEC19,1574506740059,open,0.1,12.3,0.071,0.1285,0.09777839,60.88,0.1145,0.0,BTC-6DEC19-7750-P,7177.52,57.15,0.0955,6.0,0.1,2.0,64.42,4.44708,-10.51393,-2.09814,0.0004,-0.7311
7172.11,BTC-27DEC19,1574506740066,open,0.1,832.9,0.0765,0.1405,0.105725,65.13,0.113,0.0,BTC-27DEC19-7500-P,7177.52,61.2,0.101,14.4,0.1075,16.4,66.6,8.64772,-8.31279,-4.36596,0.00028,-0.55018
7176.89,SYN.BTC-29NOV19,1574506740071,open,0.12,991.7,0.094,0.1465,0.1179338,62.32,0.102,0.0,BTC-29NOV19-8000-P,7177.52,46.58,0.1155,6.0,0.1205,6.0,73.03,1.49279,-7.91636,-1.18626,0.00029,-0.90884
7175.69,SYN.BTC-6DEC19,1574506740072,open,0.08,17.4,0.0585,0.11,0.08289036,65.32,0.096,0.0,BTC-6DEC19-6750-C,7177.52,59.17,0.079,6.0,0.0845,6.0,67.82,4.59674,-11.6593,1.59299,0.00039,0.71221
7348.77,SYN.BTC-26JUN20,1574506740077,open,0.02,52.0,0.006,0.052,0.01993167,93.04,0.02,0.0,BTC-26JUN20-26000-C,7177.52,85.63,0.0125,10.0,0.025,10.0,97.21,8.36532,-1.80266,2.59073,3e-05,0.07954
7348.77,SYN.BTC-26JUN20,1574506740093,open,0.02,14.8,0.006,0.053,0.02013437,97.07,0.023,0.0,BTC-26JUN20-28000-C,7177.52,88.1,0.0115,10.0,0.023,10.0,99.53,8.24286,-1.85323,2.51529,3e-05,0.07801
7348.77,SYN.BTC-26JUN20,1574506740094,open,0.02,11.5,0.0075,0.057,0.02299555,91.34,0.027,0.0,BTC-26JUN20-24000-C,7177.52,83.73,0.0145,10.0,0.028,10.0,95.1,9.26452,-1.95989,2.96222,3e-05,0.09115
7348.77,SYN.BTC-26JUN20,1574506740104,open,0.03,250.1,0.0155,0.078,0.03736188,84.33,0.047,0.0,BTC-26JUN20-18000-C,7177.52,78.31,0.0275,9.0,0.0455,9.0,88.76,12.89495,-2.51855,4.68832,5e-05,0.14523
7260.44,BTC-27MAR20,1574506740131,open,0.08,582.5,0.0505,0.119,0.07995455,71.67,0.0805,0.0,BTC-27MAR20-6000-P,7177.52,71.43,0.0795,31.7,0.081,9.1,72.23,13.58614,-3.89895,-8.27551,0.00011,-0.2532
7176.89,SYN.BTC-29NOV19,1574506740162,open,0.29,11.0,0.264,0.3185,0.28941023,89.09,0.291,0.0,BTC-29NOV19-9250-P,7177.52,0.0,0.2685,2.0,0.309,2.0,188.87,0.33133,-2.5119,-1.47314,4e-05,-0.98568
7176.89,SYN.BTC-29NOV19,1574506740164,open,0.25,272.6,0.2295,0.283,0.25458385,81.01,0.263,0.0,BTC-29NOV19-9000-P,7177.52,0.0,0.234,2.0,0.2745,2.0,176.76,0.35948,-2.47818,-1.43126,5e-05,-0.98426
7176.89,SYN.BTC-29NOV19,1574506740166,open,0.32,114.2,0.298,0.3545,0.32423716,96.83,0.3315,0.0,BTC-29NOV19-9500-P,7177.52,0.0,0.303,2.0,0.3445,2.0,203.4,0.3082,-2.5394,-1.51471,4e-05,-0.98683
7176.89,SYN.BTC-29NOV19,1574506740166,open,0.12,991.7,0.094,0.1465,0.1179338,62.32,0.102,0.0,BTC-29NOV19-8000-P,7177.52,46.58,0.1155,7.0,0.1205,6.0,73.03,1.49279,-7.91636,-1.18626,0.00029,-0.90884
7260.44,BTC-27MAR20,1574506740167,open,0.04,1208.4,0.0185,0.078,0.04123172,79.1,0.0395,0.0,BTC-27MAR20-12000-C,7177.52,71.41,0.0295,12.0,0.0435,12.0,80.49,11.75827,-3.72403,3.85344,8e-05,0.19636
7172.11,BTC-27DEC19,1574506740180,open,0.4,532.9,0.37,0.4385,0.40148737,71.78,0.4215,0.0,BTC-27DEC19-10000-P,7177.52,0.0,0.3705,3.0,0.4305,3.0,113.44,3.22281,-3.41441,-8.80192,9e-05,-0.92083
7171.74,BTC-27DEC19,1574506740181,open,0.27,933.5,0.239,0.308,0.27059995,67.57,0.265,0.0,BTC-27DEC19-9000-P,7177.52,0.0,0.237,4.0,0.3005,4.0,100.74,5.286,-5.2721,-7.40143,0.00016,-0.84138
150.07,ETH-27MAR20,1574506740185,open,1.69,7.0,1.608,1.831,1.712949,125.12,1.77,0.0,ETH-27MAR20-400-P,149.0,0.0,1.625,5.0,1.721,5.0,130.36,0.21798,-0.1092,-1.30822,0.00226,-0.8349
150.07,ETH-27MAR20,1574506740187,open,0.11,2041.0,0.053,0.165,0.104935,124.99,0.056,0.0,ETH-27MAR20-280-C,149.0,93.41,0.046,260.0,0.067,57.0,105.63,0.31095,-0.15562,0.1068,0.00323,0.31294
7171.74,BTC-27DEC19,1574506740242,open,0.04,513.1,0.021,0.0675,0.04030969,67.79,0.04,0.0,BTC-27DEC19-6500-P,7177.52,67.06,0.0395,1.0,0.042,19.3,69.49,7.3692,-7.37355,-2.13918,0.00023,-0.28114
7176.89,SYN.BTC-29NOV19,1574506740249,open,0.15,224.6,0.1275,0.1795,0.15166913,67.34,0.139,0.0,BTC-29NOV19-8250-P,7177.52,0.0,0.13,3.0,0.163,3.1,112.98,1.0291,-5.89703,-1.26552,0.00018,-0.94389
7175.69,SYN.BTC-6DEC19,1574506740249,open,0.13,21.0,0.0995,0.157,0.12646296,61.72,0.121,0.0,BTC-6DEC19-8000-P,7177.52,58.04,0.1245,6.0,0.1295,6.0,67.73,3.65004,-8.74792,-2.37164,0.00033,-0.81061
7175.69,SYN.BTC-6DEC19,1574506740251,open,0.11,14.0,0.0855,0.1355,0.10937013,68.09,0.131,0.0,BTC-6DEC19-6500-C,7177.52,61.28,0.106,6.0,0.111,6.0,70.94,3.78683,-10.01234,1.74485,0.00031,0.79879
7176.89,SYN.BTC-29NOV19,1574506740255,open,0.07,21.2,0.0475,0.096,0.07081146,67.23,0.0725,0.0,BTC-29NOV19-6750-C,7177.52,60.66,0.0685,6.0,0.073,6.0,72.62,2.71825,-15.55135,0.81556,0.00049,0.77684
7176.89,SYN.BTC-29NOV19,1574506740258,open,0.13,2.0,0.1125,0.158,0.13394378,85.77,0.1335,0.0,BTC-29NOV19-6250-C,7177.52,67.95,0.131,6.0,0.136,6.0,94.32,1.5099,-11.02078,0.89349,0.00021,0.90743
7260.07,BTC-27MAR20,1574506740264,open,0.07,426.8,0.037,0.108,0.0665278,73.82,0.066,0.0,BTC-27MAR20-10000-C,7177.52,72.56,0.064,10.0,0.0695,12.0,75.27,14.75469,-4.36092,5.7875,0.00011,0.29954
7348.77,SYN.BTC-26JUN20,1574506740263,open,0.06,434.6,0.0335,0.115,0.06565704,81.3,0.07,0.0,BTC-26JUN20-14000-C,7177.52,78.86,0.06,3.0,0.072,8.0,83.92,17.42033,-3.28023,7.41558,7e-05,0.2363
7260.44,BTC-27MAR20,1574506740315,open,0.09,254.5,0.0585,0.137,0.09246269,73.0,0.106,0.0,BTC-27MAR20-9000-C,7177.52,72.55,0.0915,0.1,0.0955,19.0,74.33,16.24662,-4.74874,7.2925,0.00012,0.38609
7348.77,SYN.BTC-26JUN20,1574506740368,open,0.48,119.2,0.4265,0.5555,0.48472464,75.11,0.512,0.0,BTC-26JUN20-10000-P,7177.52,69.5,0.468,8.0,0.496,2.0,78.94,21.88263,-3.80676,-46.98969,9e-05,-0.59658
7260.44,BTC-27MAR20,1574506740383,open,0.13,742.1,0.09,0.1725,0.1270711,71.24,0.1245,0.0,BTC-27MAR20-8000-C,7177.52,69.69,0.1235,2.0,0.1305,18.0,72.69,16.93698,-4.83128,9.02001,0.00013,0.49025
7176.89,SYN.BTC-29NOV19,1574506740398,open,0.36,2.0,0.3325,0.39,0.35922932,103.15,0.161,0.0,BTC-29NOV19-9750-P,7177.52,0.0,0.3375,2.0,0.3795,2.0,215.85,0.27267,-2.39344,-1.5569,3e-05,-0.98857
7172.11,BTC-27DEC19,1574506740400,open,0.19,112.3,0.1615,0.2145,0.18637764,71.47,0.27,0.0,BTC-27DEC19-6000-C,7177.52,0.0,0.162,6.0,0.209,6.0,97.58,5.66493,-5.97604,4.23965,0.00017,0.8234
7348.77,SYN.BTC-26JUN20,1574506740394,open,0.48,119.2,0.4265,0.5555,0.48472464,75.11,0.512,0.0,BTC-26JUN20-10000-P,7177.52,69.5,0.468,8.0,0.496,8.0,78.94,21.88263,-3.80676,-46.98969,9e-05,-0.59658
7260.07,BTC-27MAR20,1574506740417,open,0.01,62.9,0.0005,0.0195,0.00472387,110.18,0.004,0.0,BTC-27MAR20-32000-C,7177.52,92.34,0.001,15.0,0.006,15.5,113.75,2.38827,-1.0536,0.4758,1e-05,0.02388
7348.77,SYN.BTC-26JUN20,1574506740431,open,0.38,101.5,0.322,0.446,0.37819831,74.45,0.398,0.0,BTC-26JUN20-9000-P,7177.52,71.65,0.3695,8.0,0.385,2.0,76.72,22.49487,-3.87885,-39.33714,9e-05,-0.52701
7260.07,BTC-27MAR20,1574506740436,open,0.18,16.0,0.141,0.223,0.17850238,70.31,0.1905,0.0,BTC-27MAR20-7000-C,7177.52,69.18,0.176,2.0,0.183,17.0,72.31,16.22305,-4.56694,10.85991,0.00013,0.61575
7171.72,BTC-27DEC19,1574506740448,open,3.17,0.2,3.102,3.269,3.18309294,0.0,2.51,0.0,BTC-27DEC19-30000-P,7177.52,0.0,0.0,0.0,0.0,0.0,0.0,0.0,0.0,-27.84304,0.0,-1.0
7348.77,SYN.BTC-26JUN20,1574506740467,open,0.01,78.9,0.005,0.0485,0.01754794,98.17,0.019,0.0,BTC-26JUN20-30000-C,7177.52,93.29,0.013,10.0,0.0235,10.0,103.53,7.47812,-1.70037,2.2222,2e-05,0.06868
7348.77,SYN.BTC-26JUN20,1574506740469,open,0.01,19.3,0.004,0.043,0.01478145,98.49,0.018,0.0,BTC-26JUN20-32000-C,7177.52,94.57,0.0115,10.0,0.0185,10.0,102.32,6.63938,-1.51451,1.91921,2e-05,0.05895
7260.07,BTC-27MAR20,1574506740481,open,0.01,143.2,0.0005,0.0235,0.00610845,110.18,0.004,0.0,BTC-27MAR20-30000-C,7177.52,92.81,0.0015,15.0,0.006,1.0,109.9,2.89771,-1.27837,0.59588,1e-05,0.0301
7260.07,BTC-27MAR20,1574506740496,open,0.25,19.3,0.219,0.294,0.25358468,71.7,0.406,0.0,BTC-27MAR20-6000-C,7177.52,70.85,0.252,2.0,0.2575,17.0,73.79,13.58739,-3.9008,12.24901,0.00011,0.74673
7348.77,SYN.BTC-26JUN20,1574506740500,open,0.02,11.5,0.0075,0.057,0.02298411,91.34,0.027,0.0,BTC-26JUN20-24000-C,7177.52,83.73,0.0145,10.0,0.0285,10.0,95.45,9.26452,-1.95989,2.96222,3e-05,0.09115
7171.72,BTC-27DEC19,1574506740512,open,2.61,0.0,2.555,2.7,2.62537715,117.49,None,0.0,BTC-27DEC19-26000-P,7177.52,0.0,0.0,0.0,0.0,0.0,0.0,0.02522,-0.04373,-24.12872,0.0,-0.99969
7171.72,BTC-27DEC19,1574506740512,open,4.0,1.3,3.922,4.1225,4.01944423,0.0,3.212,0.0,BTC-27DEC19-36000-P,7177.52,0.0,0.0,0.0,0.0,0.0,0.0,0.0,0.0,-33.41164,0.0,-1.0
7348.42,SYN.BTC-26JUN20,1574506740512,open,0.02,52.0,0.006,0.052,0.01992178,93.03,0.02,0.0,BTC-26JUN20-26000-C,7177.52,85.63,0.0125,10.0,0.0255,10.0,97.6,8.36247,-1.80193,2.5897,3e-05,0.07951
7260.07,BTC-27MAR20,1574506740514,open,0.01,217.9,0.0005,0.028,0.00870264,96.17,0.0095,0.0,BTC-27MAR20-22000-C,7177.52,92.9,0.007,14.0,0.0105,14.0,99.18,4.06418,-1.56493,0.91488,2e-05,0.04554
7260.44,BTC-27MAR20,1574506740523,open,0.04,1208.4,0.0185,0.078,0.04123038,79.1,0.0395,0.0,BTC-27MAR20-12000-C,7177.52,75.79,0.036,7.0,0.0435,12.0,80.49,11.75827,-3.72403,3.85344,8e-05,0.19636
7260.07,BTC-27MAR20,1574506740525,open,0.01,267.0,0.004,0.0385,0.014066,90.22,0.0145,0.0,BTC-27MAR20-18000-C,7177.52,88.2,0.0125,0.2,0.017,14.0,93.65,5.86375,-2.1183,1.45366,4e-05,0.0726
7348.77,SYN.BTC-26JUN20,1574506740531,open,0.03,25.8,0.0095,0.064,0.02745937,89.88,0.041,0.0,BTC-26JUN20-22000-C,7177.52,84.6,0.0205,10.0,0.031,10.0,92.29,10.4425,-2.17387,3.47192,4e-05,0.10735
7348.77,SYN.BTC-26JUN20,1574506740529,open,0.19,233.2,0.1475,0.25,0.19330551,73.12,0.1945,0.0,BTC-26JUN20-7000-P,7177.52,67.48,0.177,6.0,0.1975,2.0,74.61,21.07327,-3.56891,-23.89596,9e-05,-0.35657
7176.89,SYN.BTC-29NOV19,1574506740533,open,0.18,288.8,0.1615,0.214,0.18586057,72.83,0.1815,0.0,BTC-29NOV19-8500-P,7177.52,0.0,0.1645,3.0,0.208,3.0,156.6,0.73871,-4.57832,-1.32693,0.00012,-0.96286
7172.11,BTC-27DEC19,1574506740534,open,0.65,0.0,0.642,0.6615,0.65154978,124.04,None,0.0,BTC-27DEC19-2500-C,7177.52,0.0,0.644,9.0,0.66,9.0,215.62,0.10346,-0.18942,2.30944,0.0,0.99855
7348.77,SYN.BTC-26JUN20,1574506740536,open,0.03,872.2,0.013,0.0735,0.03355189,88.41,0.034,0.0,BTC-26JUN20-20000-C,7177.52,86.14,0.03,1.0,0.038,10.0,91.07,11.87289,-2.43126,4.13497,4e-05,0.1287
7172.11,BTC-27DEC19,1574506740540,open,0.52,4.3,0.5025,0.527,0.51355923,112.47,0.5625,0.0,BTC-27DEC19-3500-C,7177.52,0.0,0.5045,8.0,0.5225,8.0,160.32,0.67021,-1.1126,3.15976,1e-05,0.98825
7260.44,BTC-27MAR20,1574506740541,open,0.04,1208.4,0.0185,0.078,0.04123038,79.1,0.0395,0.0,BTC-27MAR20-12000-C,7177.52,75.79,0.036,7.0,0.0435,19.0,80.49,11.75827,-3.72403,3.85344,8e-05,0.19636
7348.77,SYN.BTC-26JUN20,1574506740547,open,0.19,233.2,0.1475,0.25,0.19330551,73.12,0.1945,0.0,BTC-26JUN20-7000-P,7177.52,67.48,0.177,6.0,0.1975,8.0,74.61,21.07327,-3.56891,-23.89596,9e-05,-0.35657
7348.77,SYN.BTC-26JUN20,1574506740552,open,0.03,250.1,0.0155,0.078,0.03734433,84.33,0.047,0.0,BTC-26JUN20-18000-C,7177.52,78.31,0.0275,9.0,0.046,9.0,89.02,12.89495,-2.51855,4.68832,5e-05,0.14523
7172.11,BTC-27DEC19,1574506740553,open,0.4,532.9,0.37,0.439,0.40168254,71.78,0.4215,0.0,BTC-27DEC19-10000-P,7177.52,0.0,0.3705,3.0,0.431,3.0,114.0,3.22281,-3.41441,-8.80192,9e-05,-0.92083
7348.77,SYN.BTC-26JUN20,1574506740563,open,0.04,134.6,0.0225,0.0935,0.04888509,82.9,0.054,0.0,BTC-26JUN20-16000-C,7177.52,81.46,0.046,0.1,0.057,9.0,86.75,15.01712,-2.88357,5.85643,6e-05,0.18365
7171.74,BTC-27DEC19,1574506740565,open,0.25,71.5,0.2245,0.271,0.24594796,76.63,0.25,0.0,BTC-27DEC19-5500-C,7177.52,0.0,0.226,6.0,0.268,6.0,109.23,3.97263,-4.49311,4.31934,0.00011,0.89501
7171.74,BTC-27DEC19,1574506740574,open,0.27,933.5,0.239,0.308,0.27082142,67.57,0.265,0.0,BTC-27DEC19-9000-P,7177.52,0.0,0.237,4.0,0.301,4.0,101.22,5.286,-5.2721,-7.40143,0.00016,-0.84138
7260.44,BTC-27MAR20,1574506740569,open,0.02,1515.6,0.0055,0.045,0.01801478,85.86,0.019,0.0,BTC-27MAR20-16000-C,7177.52,82.6,0.015,7.0,0.02,13.0,87.83,7.06879,-2.43018,1.86358,5e-05,0.09305
7348.77,SYN.BTC-26JUN20,1574506740575,open,0.01,19.3,0.004,0.043,0.01478145,98.49,0.018,0.0,BTC-26JUN20-32000-C,7177.52,95.82,0.0125,10.0,0.0185,10.0,102.32,6.63938,-1.51451,1.91921,2e-05,0.05895
7260.44,BTC-27MAR20,1574506740583,open,0.02,1515.6,0.0055,0.045,0.01801478,85.86,0.019,0.0,BTC-27MAR20-16000-C,7177.52,82.6,0.015,7.0,0.0205,13.0,88.32,7.06879,-2.43018,1.86358,5e-05,0.09305
7260.44,BTC-27MAR20,1574506740590,open,0.02,1515.6,0.0055,0.045,0.01801478,85.86,0.019,0.0,BTC-27MAR20-16000-C,7177.52,82.6,0.015,7.0,0.02,7.0,87.83,7.06879,-2.43018,1.86358,5e-05,0.09305
7348.77,SYN.BTC-26JUN20,1574506740596,open,0.01,78.9,0.005,0.0485,0.01754794,98.17,0.019,0.0,BTC-26JUN20-30000-C,7177.52,94.44,0.014,10.0,0.0235,10.0,103.53,7.47812,-1.70037,2.2222,2e-05,0.06868
7260.07,BTC-27MAR20,1574506740602,open,0.01,143.2,0.0005,0.0235,0.00610845,110.18,0.004,0.0,BTC-27MAR20-30000-C,7177.52,98.29,0.0025,15.0,0.006,1.0,109.9,2.89771,-1.27837,0.59588,1e-05,0.0301
7348.77,SYN.BTC-26JUN20,1574506740613,open,0.02,11.5,0.0075,0.057,0.02298411,91.34,0.027,0.0,BTC-26JUN20-24000-C,7177.52,83.73,0.0145,10.0,0.0275,10.0,94.74,9.26452,-1.95989,2.96222,3e-05,0.09115
7348.42,SYN.BTC-26JUN20,1574506740628,open,3.36,0.0,3.274,3.4825,3.36925165,98.25,None,0.0,BTC-26JUN20-32000-P,7177.52,0.0,0.0,0.0,0.0,0.0,0.0,6.58071,-1.49753,-187.36109,2e-05,-0.94171
7260.07,BTC-27MAR20,1574506740634,open,0.01,72.5,0.0005,0.0225,0.00604187,101.3,0.0065,0.0,BTC-27MAR20-26000-C,7177.52,98.64,0.005,16.0,0.0095,15.0,108.43,3.0223,-1.22587,0.63668,2e-05,0.03167
7260.07,BTC-27MAR20,1574506740644,open,0.01,72.5,0.0005,0.0225,0.00604187,101.3,0.0065,0.0,BTC-27MAR20-26000-C,7177.52,98.64,0.005,16.0,0.007,7.0,103.49,3.0223,-1.22587,0.63668,2e-05,0.03167
7348.42,SYN.BTC-26JUN20,1574506740653,open,0.02,52.0,0.006,0.052,0.01992178,93.03,0.02,0.0,BTC-26JUN20-26000-C,7177.52,85.63,0.0125,10.0,0.0245,10.0,96.83,8.36247,-1.80193,2.5897,3e-05,0.07951
7260.07,BTC-27MAR20,1574506740661,open,0.0,138.6,0.0005,0.015,0.00316027,111.35,0.0045,0.0,BTC-27MAR20-36000-C,7177.52,102.5,0.0015,15.0,0.011,15.0,131.52,1.74298,-0.7771,0.33067,1e-05,0.01648
7172.11,BTC-27DEC19,1574506740674,open,0.52,4.3,0.5025,0.527,0.51355923,112.47,0.5625,0.0,BTC-27DEC19-3500-C,7177.52,0.0,0.5055,8.0,0.5225,8.0,160.32,0.67021,-1.1126,3.15976,1e-05,0.98825
7348.77,SYN.BTC-26JUN20,1574506740684,open,0.03,250.1,0.0155,0.078,0.03734433,84.33,0.047,0.0,BTC-26JUN20-18000-C,7177.52,78.31,0.0275,9.0,0.045,9.0,88.5,12.89495,-2.51855,4.68832,5e-05,0.14523
7172.11,BTC-27DEC19,1574506740692,open,0.4,532.9,0.37,0.439,0.40168254,71.78,0.4215,0.0,BTC-27DEC19-10000-P,7177.52,0.0,0.3705,3.0,0.43,3.0,112.88,3.22281,-3.41441,-8.80192,9e-05,-0.92083
7348.77,SYN.BTC-26JUN20,1574506740694,open,0.04,134.6,0.0225,0.0935,0.04888509,82.9,0.054,0.0,BTC-26JUN20-16000-C,7177.52,81.46,0.046,0.1,0.056,9.0,86.28,15.01712,-2.88357,5.85643,6e-05,0.18365
7348.77,SYN.BTC-26JUN20,1574506740704,open,0.15,108.7,0.109,0.209,0.15350356,74.51,0.16,0.0,BTC-26JUN20-9000-C,7177.52,72.86,0.1485,8.0,0.1585,2.0,76.13,22.49571,-3.88234,13.89349,9e-05,0.47321
7171.72,BTC-27DEC19,1574506740714,open,1.23,18.0,1.188,1.2815,1.23212274,107.59,1.261,0.0,BTC-27DEC19-16000-P,7176.61,0.0,0.0,0.0,0.0,0.0,0.0,0.64146,-1.01862,-14.78281,1e-05,-0.98883
7260.07,BTC-27MAR20,1574506740714,open,1.49,0.0,1.4355,1.564,1.49325757,90.06,1.23,0.0,BTC-27MAR20-18000-P,7176.61,0.0,0.0,0.0,0.0,0.0,0.0,5.83219,-2.10297,-60.13817,4e-05,-0.92791
7260.07,BTC-27MAR20,1574506740714,open,1.22,1.1,1.168,1.2885,1.22173797,85.74,1.08,0.0,BTC-27MAR20-16000-P,7176.61,0.0,0.0,0.0,0.0,0.0,0.0,7.0429,-2.41779,-52.88475,5e-05,-0.9074
7260.07,BTC-27MAR20,1574506740714,open,3.68,0.0,3.593,3.792,3.68698252,110.72,None,0.0,BTC-27MAR20-34000-P,7176.61,0.0,0.0,0.0,0.0,0.0,0.0,2.02913,-0.89959,-115.92864,1e-05,-0.98031
7260.07,BTC-27MAR20,1574506740714,open,4.5,1.0,4.4025,4.6315,4.51196436,113.41,4.54,0.0,BTC-27MAR20-40000-P,7176.61,0.0,0.0005,2.0,0.0,0.0,0.0,1.37606,-0.62488,-136.59809,1e-05,-0.98748
7171.72,BTC-27DEC19,1574506740714,open,2.89,0.2,2.8285,2.9845,2.90422949,112.86,2.2765,0.0,BTC-27DEC19-28000-P,7176.61,0.0,0.0,0.0,0.0,0.0,0.0,0.00664,-0.01105,-25.98637,0.0,-0.99992
7170.81,BTC-27DEC19,1574506740715,open,4.0,1.3,3.9215,4.122,4.01944423,0.0,3.212,0.0,BTC-27DEC19-36000-P,7176.61,0.0,0.0,0.0,0.0,0.0,0.0,0.0,0.0,-33.41164,0.0,-1.0
7170.81,BTC-27DEC19,1574506740715,open,0.81,99.0,0.778,0.859,0.81542166,93.37,0.638,0.0,BTC-27DEC19-13000-P,7176.61,0.0,0.0,0.0,0.0,0.0,0.0,1.3039,-1.797,-11.91145,3e-05,-0.97436
7170.81,BTC-27DEC19,1574506740716,open,4.56,0.0,4.469,4.6915,4.57715952,0.0,2.58,0.0,BTC-27DEC19-40000-P,7176.61,0.0,0.001,1.0,0.0,0.0,0.0,0.0,0.0,-37.12405,0.0,-1.0
7170.81,BTC-27DEC19,1574506740716,open,3.45,0.3,3.3755,3.5535,3.46196124,0.0,2.744,0.0,BTC-27DEC19-32000-P,7176.61,0.0,0.0,0.0,0.0,0.0,0.0,0.0,0.0,-29.69924,0.0,-1.0
7259.16,BTC-27MAR20,1574506740716,open,0.69,54.9,0.6435,0.7565,0.69402277,78.94,0.77,0.0,BTC-27MAR20-12000-P,7176.61,0.0,0.021,1.1,0.88,1.0,166.33,11.72484,-3.70574,-37.21641,8e-05,-0.8045
7259.16,BTC-27MAR20,1574506740716,open,3.95,0.0,3.8625,4.0725,3.96179015,108.55,None,0.0,BTC-27MAR20-36000-P,7176.61,0.0,0.0,0.0,0.0,0.0,0.0,1.49171,-0.64836,-122.88668,1e-05,-0.98625
7259.16,BTC-27MAR20,1574506740716,open,3.4,0.0,3.3225,3.5135,3.41217123,107.68,None,0.0,BTC-27MAR20-32000-P,7176.61,0.0,0.001,1.0,0.0,0.0,0.0,2.11242,-0.91074,-109.06523,1e-05,-0.97935
7170.81,BTC-27DEC19,1574506740716,open,0.54,248.6,0.5055,0.577,0.53837522,78.69,0.6155,0.0,BTC-27DEC19-11000-P,7176.61,0.0,0.14,3.9,0.88,1.0,402.13,2.17908,-2.53083,-9.91911,6e-05,-0.95205
7170.81,BTC-27DEC19,1574506740717,open,1.78,3.6,1.7345,1.846,1.7890297,0.0,1.729,0.0,BTC-27DEC19-20000-P,7176.61,0.0,0.0,0.0,0.0,0.0,0.0,0.0,0.0,-18.56202,0.0,-1.0
7259.16,BTC-27MAR20,1574506740717,open,1.76,5.2,1.7045,1.841,1.76626118,93.68,1.108,0.0,BTC-27MAR20-20000-P,7176.61,0.0,0.0,0.0,0.0,0.0,0.0,4.89512,-1.83605,-67.27197,3e-05,-0.94245
7259.16,BTC-27MAR20,1574506740718,open,2.86,0.0,2.783,2.955,2.86292936,105.07,None,0.0,BTC-27MAR20-28000-P,7176.61,0.0,0.0,0.0,0.0,0.0,0.0,2.84305,-1.19605,-95.20667,2e-05,-0.97057
7170.81,BTC-27DEC19,1574506740717,open,0.95,268.3,0.9145,0.999,0.95402087,96.98,0.7205,0.0,BTC-27DEC19-14000-P,7176.61,0.0,0.0,0.0,0.0,0.0,0.0,0.92735,-1.32739,-12.89042,2e-05,-0.98286
7170.81,BTC-27DEC19,1574506740718,open,2.06,4.9,2.008,2.13,2.06762829,0.0,2.217,0.0,BTC-27DEC19-22000-P,7176.61,0.0,0.0,0.0,0.0,0.0,0.0,0.0,0.0,-20.41823,0.0,-1.0
7170.81,BTC-27DEC19,1574506740718,open,0.67,73.0,0.6415,0.718,0.67685155,87.14,0.3805,0.0,BTC-27DEC19-12000-P,7176.61,0.0,0.19,0.1,0.0,0.0,0.0,1.7038,-2.19141,-10.92426,4e-05,-0.9646
7170.81,BTC-27DEC19,1574506740720,open,3.17,0.2,3.1015,3.268,3.18309294,0.0,2.51,0.0,BTC-27DEC19-30000-P,7176.61,0.0,0.0,0.0,0.0,0.0,0.0,0.0,0.0,-27.84304,0.0,-1.0
7348.42,SYN.BTC-26JUN20,1574506740715,open,2.28,0.0,2.211,2.3845,2.28883677,91.21,None,0.0,BTC-26JUN20-24000-P,7176.61,0.0,0.0,0.0,0.0,0.0,0.0,9.22739,-1.94925,-138.99746,3e-05,-0.90934
7170.81,BTC-27DEC19,1574506740722,open,1.5,9.4,1.4615,1.565,1.51087481,114.36,1.1125,0.0,BTC-27DEC19-18000-P,7176.61,0.0,0.0,0.0,0.0,0.0,0.0,0.41514,-0.70074,-16.66519,1e-05,-0.9932
7176.51,SYN.BTC-29NOV19,1574506740717,open,0.67,0.0,0.64,0.706,0.67205268,0.0,None,0.0,BTC-29NOV19-12000-P,7176.61,0.0,0.0,0.0,0.0,0.0,0.0,0.0,0.0,-1.93174,0.0,-1.0
7260.07,BTC-27MAR20,1574506740711,open,0.01,459.1,0.0015,0.034,0.0114668,94.18,0.012,0.0,BTC-27MAR20-20000-C,7177.52,91.95,0.01,26.0,0.0125,7.0,95.64,4.9848,-1.87965,1.17782,3e-05,0.05889
7348.42,SYN.BTC-26JUN20,1574506740715,open,2.55,0.0,2.476,2.6575,2.55792882,92.88,None,0.0,BTC-26JUN20-26000-P,7176.61,0.0,0.0,0.0,0.0,0.0,0.0,8.32256,-1.79047,-151.19921,3e-05,-0.92099
7175.32,SYN.BTC-6DEC19,1574506740714,open,0.01,195.7,0.002,0.0295,0.01158808,62.02,0.0105,0.0,BTC-6DEC19-8000-C,7176.61,58.83,0.01,24.0,0.0125,35.0,63.78,3.66382,-8.82346,0.45303,0.00033,0.19057
7170.81,BTC-27DEC19,1574506740726,open,5.67,0.0,5.5635,5.8305,5.69295512,0.0,None,0.0,BTC-27DEC19-48000-P,7176.61,0.0,0.0005,1.0,0.0,0.0,0.0,0.0,0.0,-44.54886,0.0,-1.0
7348.42,SYN.BTC-26JUN20,1574506740719,open,3.09,0.0,3.0085,3.2095,3.09986376,97.97,None,0.0,BTC-26JUN20-30000-P,7176.61,0.0,0.0,0.0,0.0,0.0,0.0,7.42708,-1.68537,-175.22738,2e-05,-0.93192
7171.74,BTC-27DEC19,1574506740709,open,0.25,71.5,0.2245,0.271,0.24594796,76.63,0.25,0.0,BTC-27DEC19-5500-C,7177.52,0.0,0.227,6.0,0.268,6.0,109.23,3.97263,-4.49311,4.31934,0.00011,0.89501
7348.42,SYN.BTC-26JUN20,1574506740720,open,2.82,0.0,2.743,2.9365,2.83028568,96.9,None,0.0,BTC-26JUN20-28000-P,7176.61,0.0,0.0,0.0,0.0,0.0,0.0,8.19768,-1.83987,-163.10402,3e-05,-0.92255
7348.42,SYN.BTC-26JUN20,1574506740718,open,1.22,5.0,1.1605,1.308,1.22612019,82.85,1.22,0.0,BTC-26JUN20-16000-P,7176.61,0.0,0.56,1.0,2.0,0.1,401.36,15.00082,-2.87842,-88.78216,6e-05,-0.81666
7171.72,BTC-27DEC19,1574506740741,open,0.27,933.5,0.239,0.308,0.27082142,67.87,0.265,0.0,BTC-27DEC19-9000-P,7176.61,0.0,0.237,4.0,0.3,4.0,100.24,5.31369,-5.32289,-7.39442,0.00016,-0.84011
148.79,ETH-27DEC19,1574506740749,open,1.4,257.0,1.35,1.5,1.421531,125.0,0.995,0.0,ETH-27DEC19-360-P,148.99,0.0,0.02,50.0,0.0,0.0,0.0,0.01872,-0.03453,-0.3321,0.00073,-0.98341
148.79,ETH-27DEC19,1574506740749,open,2.46,37.0,2.395,2.603,2.494953,125.0,0.707,0.0,ETH-27DEC19-520-P,148.99,0.0,0.003,50.0,0.0,0.0,0.0,0.0015,-0.00277,-0.48249,6e-05,-0.99902
150.04,ETH-27MAR20,1574506740749,open,3.23,0.0,3.144,3.428,3.277384,123.63,None,0.0,ETH-27MAR20-640-P,148.99,0.0,0.01,50.0,0.0,0.0,0.0,0.09058,-0.04484,-2.17,0.00095,-0.94995
148.79,ETH-27DEC19,1574506740749,open,1.27,0.0,1.22,1.364,1.288117,125.0,None,0.0,ETH-27DEC19-340-P,148.99,0.0,0.002,50.0,0.0,0.0,0.0,0.02548,-0.04701,-0.31268,0.00099,-0.97613
148.79,ETH-27DEC19,1574506740749,open,3.26,0.0,3.178,3.435,3.301376,125.0,None,0.0,ETH-27DEC19-640-P,148.99,0.0,0.02,50.0,0.0,0.0,0.0,0.00024,-0.00044,-0.59397,1e-05,-0.99986
148.79,ETH-27DEC19,1574506740749,open,4.06,1.0,3.959,4.265,4.106842,0.0,3.236,0.0,ETH-27DEC19-760-P,148.99,0.0,0.02,50.0,0.0,0.0,0.0,0.0,0.0,-0.70536,0.0,-1.0
148.79,ETH-27DEC19,1574506740749,open,3.53,1.0,3.439,3.712,3.570206,125.0,2.792,0.0,ETH-27DEC19-680-P,148.99,0.0,0.02,50.0,0.0,0.0,0.0,0.00013,-0.00024,-0.6311,1e-05,-0.99993
148.79,ETH-27DEC19,1574506740749,open,3.0,0.0,2.917,3.158,3.032552,125.0,0.953,0.0,ETH-27DEC19-600-P,148.99,0.0,0.02,50.0,0.0,0.0,0.0,0.00044,-0.00081,-0.55683,2e-05,-0.99974
148.79,ETH-27DEC19,1574506740749,open,0.35,3550.0,0.317,0.42,0.366095,89.11,0.348,0.0,ETH-27DEC19-200-P,148.99,0.0,0.343,16.0,0.393,15.0,119.18,0.11475,-0.15093,-0.16516,0.00627,-0.82989
148.79,ETH-27DEC19,1574506740750,open,2.2,21.0,2.133,2.326,2.22622,125.0,0.629,0.0,ETH-27DEC19-480-P,148.99,0.0,0.002,50.0,0.0,0.0,0.0,0.00282,-0.00519,-0.44525,0.00011,-0.99804
148.78,ETH-27DEC19,1574506740751,open,2.73,0.0,2.656,2.881,2.76374,0.0,0.845,0.0,ETH-27DEC19-560-P,148.99,0.0,0.02,50.0,0.0,0.0,0.0,0.0,0.0,-0.51974,0.0,-1.0
150.03,ETH-27MAR20,1574506740751,open,2.97,0.0,2.886,3.158,3.013664,123.51,None,0.0,ETH-27MAR20-600-P,148.99,0.0,0.03,50.0,0.0,0.0,0.0,0.10411,-0.05149,-2.02954,0.00109,-0.94031
148.78,ETH-27DEC19,1574506740753,open,3.79,0.0,3.7,3.989,3.839038,0.0,None,0.0,ETH-27DEC19-720-P,148.99,0.0,0.004,50.0,0.0,0.0,0.0,0.0,0.0,-0.66823,0.0,-1.0
150.03,ETH-27MAR20,1574506740753,open,0.25,3953.0,0.186,0.308,0.245703,88.44,0.241,0.0,ETH-27MAR20-160-P,148.99,75.21,0.215,300.0,0.273,1.0,100.29,0.34695,-0.12286,-0.35535,0.00509,-0.44659
7348.42,SYN.BTC-26JUN20,1574506740746,open,0.15,108.7,0.109,0.209,0.15350356,74.5,0.16,0.0,BTC-26JUN20-9000-C,7176.61,72.87,0.1485,8.0,0.1585,8.0,76.13,22.49436,-3.8815,13.89187,9e-05,0.47314
148.96,SYN.ETH-29NOV19,1574506740750,open,0.21,50.0,0.171,0.227,0.198281,114.03,0.344,0.0,ETH-29NOV19-120-C,148.99,0.0,0.194,1.0,0.0,0.0,0.0,0.0221,-0.21443,0.01782,0.00542,0.94141
148.96,SYN.ETH-29NOV19,1574506740749,open,0.34,1.0,0.309,0.35,0.329086,131.82,0.46,0.0,ETH-29NOV19-100-C,148.99,0.0,0.328,1.0,0.49,1.0,500.0,0.0036,-0.0404,0.01592,0.00076,0.99318
151.29,SYN.ETH-26JUN20,1574506740752,open,0.58,0.0,0.515,0.683,0.597165,87.66,None,0.0,ETH-26JUN20-220-P,148.99,0.0,0.454,50.0,0.635,1.0,100.15,0.45323,-0.09202,-1.05907,0.00382,-0.58643
7170.81,BTC-27DEC19,1574506740763,open,0.0,590.4,0.0005,0.0105,0.00012224,119.98,0.001,0.0,BTC-27DEC19-2500-P,7176.61,0.0,0.0,0.0,0.001,93.5,150.99,0.07935,-0.14052,-0.00804,0.0,-0.00109
150.03,ETH-27MAR20,1574506740764,open,1.19,7.0,1.113,1.321,1.211931,124.72,1.28,0.0,ETH-27MAR20-320-P,148.99,0.0,0.01,50.0,1.178,1.0,104.74,0.27903,-0.13934,-1.0069,0.00291,-0.74972
7259.16,BTC-27MAR20,1574506740768,open,0.03,409.6,0.009,0.0555,0.02497971,81.5,0.0295,0.0,BTC-27MAR20-14000-C,7176.61,79.41,0.0225,7.0,0.0275,15.0,83.52,8.84992,-2.88784,2.53994,6e-05,0.12725
148.92,SYN.ETH-6DEC19,1574506740769,open,0.21,0.0,0.178,0.264,0.219149,85.89,None,0.0,ETH-6DEC19-180-P,148.99,0.0,0.208,1.0,0.401,1.0,351.17,0.06131,-0.20449,-0.05685,0.00912,-0.8631
7260.07,BTC-27MAR20,1574506740756,open,0.02,1515.6,0.0055,0.045,0.01801478,85.85,0.019,0.0,BTC-27MAR20-16000-C,7176.61,82.61,0.015,7.0,0.0195,13.0,87.35,7.06586,-2.42894,1.86264,5e-05,0.093
150.03,ETH-27MAR20,1574506740774,open,1.19,7.0,1.113,1.321,1.211931,124.72,1.28,0.0,ETH-27MAR20-320-P,148.99,0.0,0.01,50.0,1.179,2.0,105.39,0.27903,-0.13934,-1.0069,0.00291,-0.74972
7348.42,SYN.BTC-26JUN20,1574506740774,open,0.01,112.5,0.0005,0.0205,0.00860378,73.79,0.0115,0.0,BTC-26JUN20-3000-P,7176.61,69.62,0.0065,10.0,0.012,10.0,79.54,3.98015,-0.68027,-1.73321,2e-05,-0.03128
150.03,ETH-27MAR20,1574506740775,open,0.4,0.0,0.35,0.427,0.389282,91.82,None,0.0,ETH-27MAR20-100-C,148.99,30.21,0.334,1.0,0.0,0.0,0.0,0.20728,-0.07621,0.23497,0.00293,0.84705
7259.16,BTC-27MAR20,1574506740787,open,0.03,409.6,0.009,0.0555,0.02497971,81.5,0.0295,0.0,BTC-27MAR20-14000-C,7176.61,79.41,0.0225,7.0,0.0275,22.0,83.52,8.84992,-2.88784,2.53994,6e-05,0.12725
7348.42,SYN.BTC-26JUN20,1574506740790,open,0.19,233.2,0.1475,0.25,0.19330551,73.14,0.1945,0.0,BTC-26JUN20-7000-P,7176.61,67.64,0.1775,5.0,0.1975,8.0,74.6,21.07249,-3.5698,-23.89905,9e-05,-0.35658
7176.51,SYN.BTC-29NOV19,1574506740800,open,0.39,33.2,0.3665,0.4255,0.39386198,108.49,0.316,0.0,BTC-29NOV19-10000-P,7176.61,0.0,0.3715,2.0,0.4175,2.0,237.15,0.2343,-2.16316,-1.59918,3e-05,-0.99039
7348.42,SYN.BTC-26JUN20,1574506740803,open,0.19,82.1,0.1455,0.246,0.19111635,73.66,0.196,0.0,BTC-26JUN20-8000-C,7176.61,72.31,0.187,2.0,0.195,8.0,74.94,22.34608,-3.81262,15.72887,9e-05,0.55302
7260.07,BTC-27MAR20,1574506740820,open,0.02,1515.6,0.0055,0.045,0.01801478,85.85,0.019,0.0,BTC-27MAR20-16000-C,7176.61,83.17,0.0155,13.0,0.0195,13.0,87.35,7.06586,-2.42894,1.86264,5e-05,0.093
7348.42,SYN.BTC-26JUN20,1574506740833,open,0.03,296.3,0.014,0.053,0.02894491,73.26,0.032,0.0,BTC-26JUN20-4000-P,7176.61,66.34,0.021,9.0,0.0325,9.0,76.13,8.92747,-1.51485,-5.02735,4e-05,-0.08673
7348.42,SYN.BTC-26JUN20,1574506740837,open,0.07,256.8,0.0405,0.104,0.06678603,73.26,0.0755,0.0,BTC-26JUN20-5000-P,7176.61,59.21,0.041,7.0,0.065,8.0,72.33,14.15116,-2.40118,-10.17112,6e-05,-0.16724
7348.42,SYN.BTC-26JUN20,1574506740849,open,0.24,24.9,0.1965,0.293,0.24076515,73.16,0.2505,0.0,BTC-26JUN20-7000-C,7176.61,71.32,0.2355,2.0,0.2475,14.0,75.51,21.07216,-3.57052,17.50048,9e-05,0.64343
7259.16,BTC-27MAR20,1574506740862,open,0.01,267.0,0.004,0.0385,0.014066,90.22,0.0145,0.0,BTC-27MAR20-18000-C,7176.61,88.21,0.0125,0.2,0.0155,7.0,91.95,5.85992,-2.11678,1.45254,4e-05,0.07255
7348.42,SYN.BTC-26JUN20,1574506740880,open,0.03,296.3,0.014,0.053,0.02894491,73.26,0.032,0.0,BTC-26JUN20-4000-P,7176.61,67.72,0.0225,8.0,0.0325,9.0,76.13,8.92747,-1.51485,-5.02735,4e-05,-0.08673
7348.42,SYN.BTC-26JUN20,1574506740888,open,0.09,220.1,0.052,0.1425,0.08942817,78.91,0.09,0.0,BTC-26JUN20-12000-C,7176.61,76.89,0.084,7.0,0.0925,10.0,80.04,19.84942,-3.62784,9.45102,8e-05,0.30689
7260.07,BTC-27MAR20,1574506740894,open,0.01,217.9,0.0005,0.028,0.00870264,96.15,0.0095,0.0,BTC-27MAR20-22000-C,7176.61,92.9,0.007,21.0,0.0105,14.0,99.18,4.06204,-1.56388,0.91432,2e-05,0.04551
7348.42,SYN.BTC-26JUN20,1574506740925,open,0.03,296.3,0.014,0.053,0.02894491,73.26,0.032,0.0,BTC-26JUN20-4000-P,7176.61,67.72,0.0225,8.0,0.029,8.0,73.31,8.92747,-1.51485,-5.02735,4e-05,-0.08673
7260.07,BTC-27MAR20,1574506740932,open,0.01,62.9,0.0005,0.0195,0.00472387,110.18,0.004,0.0,BTC-27MAR20-32000-C,7176.61,99.33,0.002,10.0,0.006,15.5,113.75,2.38784,-1.05337,0.4757,1e-05,0.02388
7348.42,SYN.BTC-26JUN20,1574506740939,open,0.03,296.3,0.014,0.053,0.02894491,73.26,0.032,0.0,BTC-26JUN20-4000-P,7176.61,68.17,0.023,9.0,0.029,8.0,73.31,8.92747,-1.51485,-5.02735,4e-05,-0.08673
7348.42,SYN.BTC-26JUN20,1574506740948,open,0.04,134.6,0.0225,0.0935,0.04888509,82.9,0.054,0.0,BTC-26JUN20-16000-C,7176.61,81.47,0.046,5.1,0.056,9.0,86.29,15.01359,-2.88264,5.85467,6e-05,0.18359
7259.16,BTC-27MAR20,1574506740957,open,0.01,62.9,0.0005,0.0195,0.00472387,110.18,0.004,0.0,BTC-27MAR20-32000-C,7176.61,99.34,0.002,10.0,0.005,10.0,111.01,2.38745,-1.05327,0.47562,1e-05,0.02387
7348.42,SYN.BTC-26JUN20,1574506740965,open,0.01,112.5,0.0005,0.0205,0.00860378,73.79,0.0115,0.0,BTC-26JUN20-3000-P,7176.61,70.67,0.007,8.0,0.012,10.0,79.54,3.98015,-0.68027,-1.73321,2e-05,-0.03128
7348.42,SYN.BTC-26JUN20,1574506740972,open,0.04,134.6,0.0225,0.0935,0.04888509,82.9,0.054,0.0,BTC-26JUN20-16000-C,7176.61,81.47,0.046,5.1,0.056,14.0,86.29,15.01359,-2.88264,5.85467,6e-05,0.18359
7259.16,BTC-27MAR20,1574506740976,open,0.01,62.9,0.0005,0.0195,0.00472387,110.18,0.004,0.0,BTC-27MAR20-32000-C,7176.61,101.89,0.0025,15.0,0.005,10.0,111.01,2.38745,-1.05327,0.47562,1e-05,0.02387
7259.16,BTC-27MAR20,1574506740987,open,0.0,138.6,0.0005,0.015,0.00316027,111.35,0.0045,0.0,BTC-27MAR20-36000-C,7176.61,102.51,0.0015,25.0,0.011,15.0,131.53,1.74171,-0.77651,0.33041,1e-05,0.01646
7259.16,BTC-27MAR20,1574506740985,open,0.01,267.0,0.004,0.0385,0.014066,90.22,0.0145,0.0,BTC-27MAR20-18000-C,7176.61,88.21,0.0125,0.2,0.015,14.0,91.35,5.85992,-2.11678,1.45254,4e-05,0.07255
7348.42,SYN.BTC-26JUN20,1574506740988,open,0.01,112.5,0.0005,0.0205,0.00860378,73.79,0.0115,0.0,BTC-26JUN20-3000-P,7176.61,70.67,0.007,8.0,0.01,8.0,76.27,3.98015,-0.68027,-1.73321,2e-05,-0.03128
7348.42,SYN.BTC-26JUN20,1574506741000,open,0.01,112.5,0.0005,0.0205,0.00860378,73.79,0.0115,0.0,BTC-26JUN20-3000-P,7176.61,71.68,0.0075,10.0,0.01,8.0,76.27,3.98015,-0.68027,-1.73321,2e-05,-0.03128
7348.42,SYN.BTC-26JUN20,1574506741015,open,0.02,52.0,0.006,0.052,0.01992178,93.03,0.02,0.0,BTC-26JUN20-26000-C,7176.61,91.76,0.0185,5.0,0.0245,10.0,96.83,8.36247,-1.80193,2.5897,3e-05,0.07951
7259.16,BTC-27MAR20,1574506741039,open,0.0,138.6,0.0005,0.015,0.00316027,111.35,0.0045,0.0,BTC-27MAR20-36000-C,7176.61,102.51,0.0015,25.0,0.004,10.0,114.56,1.74171,-0.77651,0.33041,1e-05,0.01646
7348.42,SYN.BTC-26JUN20,1574506741044,open,0.02,52.0,0.006,0.052,0.01992178,93.03,0.02,0.0,BTC-26JUN20-26000-C,7176.61,91.76,0.0185,5.0,0.0245,15.0,96.83,8.36247,-1.80193,2.5897,3e-05,0.07951
7259.16,BTC-27MAR20,1574506741070,open,0.01,143.2,0.0005,0.0235,0.00610845,110.18,0.004,0.0,BTC-27MAR20-30000-C,7176.61,98.3,0.0025,25.0,0.006,1.0,109.9,2.89558,-1.27737,0.59539,1e-05,0.03008
7348.42,SYN.BTC-26JUN20,1574506741076,open,0.19,233.2,0.1475,0.25,0.19330551,73.14,0.1945,0.0,BTC-26JUN20-7000-P,7176.61,67.64,0.1775,11.0,0.1975,8.0,74.6,21.07249,-3.5698,-23.89905,9e-05,-0.35658
7348.42,SYN.BTC-26JUN20,1574506741087,open,0.03,872.2,0.013,0.0735,0.03355189,88.4,0.034,0.0,BTC-26JUN20-20000-C,7176.61,86.15,0.03,1.0,0.0365,5.0,90.19,11.86956,-2.43039,4.13356,4e-05,0.12866
7170.81,BTC-27DEC19,1574506741092,open,1.09,211.0,1.051,1.1415,1.09330332,103.7,0.959,0.0,BTC-27DEC19-15000-P,7176.61,0.0,0.0,0.0,0.0,0.0,0.0,0.81308,-1.24456,-13.8336,2e-05,-0.9853
7260.07,BTC-27MAR20,1574506741103,open,0.0,615.5,0.0005,0.0135,0.00265638,114.84,0.002,0.0,BTC-27MAR20-40000-C,7176.61,108.0,0.0015,25.0,0.0105,15.0,136.98,1.49078,-0.68546,0.2752,1e-05,0.01374
7348.42,SYN.BTC-26JUN20,1574506741123,open,0.06,434.6,0.0335,0.115,0.06565704,81.29,0.07,0.0,BTC-26JUN20-14000-C,7176.61,78.87,0.06,8.0,0.072,8.0,83.93,17.41686,-3.27924,7.41359,7e-05,0.23624
7260.07,BTC-27MAR20,1574506741132,open,0.0,615.5,0.0005,0.0135,0.00265638,114.84,0.002,0.0,BTC-27MAR20-40000-C,7176.61,108.0,0.0015,25.0,0.0035,10.0,118.55,1.49078,-0.68546,0.2752,1e-05,0.01374
7348.42,SYN.BTC-26JUN20,1574506741146,open,0.06,434.6,0.0335,0.115,0.06565704,81.29,0.07,0.0,BTC-26JUN20-14000-C,7176.61,78.87,0.06,8.0,0.072,13.0,83.93,17.41686,-3.27924,7.41359,7e-05,0.23624
7260.07,BTC-27MAR20,1574506741160,open,0.0,91.5,0.0005,0.017,0.00383289,110.73,0.0035,0.0,BTC-27MAR20-34000-C,7176.61,99.49,0.0015,10.0,0.012,15.0,129.74,2.02943,-0.89975,0.39399,1e-05,0.01969
7348.42,SYN.BTC-26JUN20,1574506741175,open,0.02,11.5,0.0075,0.057,0.02298411,91.33,0.027,0.0,BTC-26JUN20-24000-C,7176.61,89.72,0.021,5.0,0.0275,10.0,94.74,9.26145,-1.9591,2.96106,3e-05,0.09111
7260.07,BTC-27MAR20,1574506741197,open,0.0,91.5,0.0005,0.017,0.00383289,110.73,0.0035,0.0,BTC-27MAR20-34000-C,7176.61,99.49,0.0015,10.0,0.0045,10.0,112.98,2.02943,-0.89975,0.39399,1e-05,0.01969
7348.42,SYN.BTC-26JUN20,1574506741216,open,0.02,11.5,0.0075,0.057,0.02298411,91.33,0.027,0.0,BTC-26JUN20-24000-C,7176.61,89.72,0.021,5.0,0.0275,15.0,94.74,9.26145,-1.9591,2.96106,3e-05,0.09111
7259.16,BTC-27MAR20,1574506741233,open,0.01,71.0,0.0005,0.0235,0.00621403,106.27,0.0055,0.0,BTC-27MAR20-28000-C,7176.61,98.4,0.0035,25.0,0.0085,15.0,111.25,2.9983,-1.27579,0.62481,2e-05,0.03138
7259.18,BTC-27MAR20,1574506741246,open,3.95,0.0,3.863,4.0725,3.96240997,111.4,None,0.0,BTC-27MAR20-36000-P,7176.61,0.0,0.0,0.0,0.0,0.0,0.0,1.74631,-0.77891,-122.8337,1e-05,-0.98349
7348.42,SYN.BTC-26JUN20,1574506741244,open,0.03,250.1,0.0155,0.078,0.03733889,84.32,0.047,0.0,BTC-26JUN20-18000-C,7176.61,83.55,0.036,5.0,0.045,9.0,88.5,12.8914,-2.51764,4.68671,5e-05,0.14518
7348.42,SYN.BTC-26JUN20,1574506741265,open,0.03,250.1,0.0155,0.078,0.03733889,84.32,0.047,0.0,BTC-26JUN20-18000-C,7176.61,83.55,0.036,5.0,0.0445,5.0,88.24,12.8914,-2.51764,4.68671,5e-05,0.14518
7348.42,SYN.BTC-26JUN20,1574506741296,open,0.03,25.8,0.0095,0.064,0.02745509,89.87,0.041,0.0,BTC-26JUN20-22000-C,7176.61,87.73,0.0245,5.0,0.031,10.0,92.29,10.43924,-2.17302,3.47062,4e-05,0.10731
7348.42,SYN.BTC-26JUN20,1574506741328,open,0.03,25.8,0.0095,0.064,0.02745509,89.87,0.041,0.0,BTC-26JUN20-22000-C,7176.61,87.73,0.0245,5.0,0.031,15.0,92.29,10.43924,-2.17302,3.47062,4e-05,0.10731
7348.42,SYN.BTC-26JUN20,1574506741352,open,0.01,19.3,0.004,0.043,0.01477954,98.48,0.018,0.0,BTC-26JUN20-32000-C,7176.61,95.83,0.0125,15.0,0.0185,10.0,102.33,6.6371,-1.51391,1.91846,2e-05,0.05892
7348.42,SYN.BTC-26JUN20,1574506741374,open,0.01,19.3,0.004,0.043,0.01477954,98.48,0.018,0.0,BTC-26JUN20-32000-C,7176.61,95.83,0.0125,15.0,0.017,5.0,100.84,6.6371,-1.51391,1.91846,2e-05,0.05892
7347.5,SYN.BTC-26JUN20,1574506741401,open,0.01,78.9,0.005,0.0485,0.01754584,98.17,0.019,0.0,BTC-26JUN20-30000-C,7176.61,94.45,0.014,15.0,0.0235,10.0,103.54,7.47398,-1.69941,2.22078,2e-05,0.06865
7170.86,BTC-27DEC19,1574506741407,open,1.78,3.6,1.735,1.8465,1.78953454,120.49,1.729,0.0,BTC-27DEC19-20000-P,7176.61,0.0,0.0,0.0,0.0,0.0,0.0,0.28852,-0.51312,-18.53508,1e-05,-0.99548
148.78,ETH-27DEC19,1574506741429,open,4.06,1.0,3.961,4.266,4.107872,0.0,3.236,0.0,ETH-27DEC19-760-P,148.99,0.0,0.02,50.0,0.0,0.0,0.0,0.0,0.0,-0.70536,0.0,-1.0
7348.42,SYN.BTC-26JUN20,1574506741430,open,0.02,14.8,0.006,0.053,0.02012066,97.06,0.023,0.0,BTC-26JUN20-28000-C,7176.61,93.14,0.016,5.0,0.023,10.0,99.53,8.24,-1.85246,2.51427,3e-05,0.07797
7175.32,SYN.BTC-6DEC19,1574506741541,open,0.04,105.9,0.016,0.062,0.03570296,63.39,0.037,0.0,BTC-6DEC19-7000-P,7176.61,59.68,0.033,24.0,0.037,7.0,65.21,5.18771,-12.77027,-1.08916,0.00045,-0.39462
7260.07,BTC-27MAR20,1574506741543,open,0.0,91.5,0.0005,0.017,0.00383185,110.73,0.0035,0.0,BTC-27MAR20-34000-C,7176.61,102.62,0.002,15.0,0.0045,10.0,112.98,2.02943,-0.89975,0.39399,1e-05,0.01969
7260.07,BTC-27MAR20,1574506741541,open,0.02,1515.6,0.0055,0.045,0.01801082,85.85,0.019,0.0,BTC-27MAR20-16000-C,7176.61,83.17,0.0155,20.0,0.0195,13.0,87.35,7.06586,-2.42894,1.86264,5e-05,0.093
150.03,ETH-27MAR20,1574506741571,open,2.97,0.0,2.888,3.159,3.014717,125.0,None,0.0,ETH-27MAR20-600-P,148.99,0.0,0.03,50.0,0.0,0.0,0.0,0.10857,-0.05434,-2.02839,0.00113,-0.93702
7260.07,BTC-27MAR20,1574506741571,open,0.02,1515.6,0.0055,0.045,0.01801082,85.85,0.019,0.0,BTC-27MAR20-16000-C,7176.61,83.17,0.0155,20.0,0.0195,20.0,87.35,7.06586,-2.42894,1.86264,5e-05,0.093
7259.18,BTC-27MAR20,1574506741625,open,0.01,267.0,0.004,0.0385,0.01405874,90.22,0.0145,0.0,BTC-27MAR20-18000-C,7176.61,88.21,0.0125,0.2,0.015,21.0,91.35,5.85995,-2.11679,1.45254,4e-05,0.07255
7348.42,SYN.BTC-26JUN20,1574506741629,open,0.03,250.1,0.0155,0.078,0.03733889,84.32,0.047,0.0,BTC-26JUN20-18000-C,7176.61,83.55,0.036,5.0,0.044,9.0,87.97,12.8914,-2.51764,4.68671,5e-05,0.14518
7170.86,BTC-27DEC19,1574506741652,open,3.45,0.3,3.376,3.554,3.46253992,136.65,2.744,0.0,BTC-27DEC19-32000-P,7176.61,0.0,0.0,0.0,0.0,0.0,0.0,0.02835,-0.05718,-29.6971,0.0,-0.99964
7347.5,SYN.BTC-26JUN20,1574506741654,open,0.03,872.2,0.013,0.0735,0.03354728,88.41,0.034,0.0,BTC-26JUN20-20000-C,7176.61,86.15,0.03,1.0,0.036,10.0,89.9,11.86685,-2.42996,4.13241,4e-05,0.12864
7259.16,BTC-27MAR20,1574506741658,open,0.01,62.9,0.0005,0.0195,0.0047212,110.18,0.004,0.0,BTC-27MAR20-32000-C,7176.61,101.89,0.0025,25.0,0.005,10.0,111.01,2.38745,-1.05327,0.47562,1e-05,0.02387
7259.18,BTC-27MAR20,1574506741667,open,2.31,0.0,2.2435,2.3975,2.31382432,99.84,None,0.0,BTC-27MAR20-24000-P,7176.61,0.0,0.0005,5.0,0.0,0.0,0.0,3.62741,-1.45011,-81.31753,2e-05,-0.96042
7175.61,SYN.BTC-29NOV19,1574506741713,open,0.01,750.5,0.0005,0.0225,0.00648128,73.15,0.0065,0.0,BTC-29NOV19-6500-P,7176.61,73.21,0.0065,3.0,0.007,4.0,75.02,1.95739,-12.18366,-0.16122,0.00032,-0.13309
7259.18,BTC-27MAR20,1574506741712,open,0.0,91.5,0.0005,0.017,0.00383185,110.73,0.0035,0.0,BTC-27MAR20-34000-C,7176.61,102.63,0.002,25.0,0.0045,10.0,112.99,2.02872,-0.89946,0.39383,1e-05,0.01969
7170.86,BTC-27DEC19,1574506741721,open,2.34,0.0,2.2815,2.4145,2.34656012,0.0,None,0.0,BTC-27DEC19-24000-P,7176.58,0.0,0.0,0.0,0.0,0.0,0.0,0.0,0.0,-22.27443,0.0,-1.0
7170.86,BTC-27DEC19,1574506741721,open,0.0,756.8,0.0005,0.0105,8.246e-05,120.0,0.0005,0.0,BTC-27DEC19-24000-C,7176.58,0.0,0.0,0.0,0.001,15.0,149.36,0.06671,-0.11816,0.00544,0.0,0.0009
7170.86,BTC-27DEC19,1574506741721,open,0.0,449.3,0.0005,0.0105,6e-08,120.01,0.0005,0.0,BTC-27DEC19-44000-C,7176.58,0.0,0.0,0.0,0.0005,1.0,196.87,0.0001,-0.00017,1e-05,0.0,0.0
7170.86,BTC-27DEC19,1574506741721,open,5.12,0.0,5.0155,5.2605,5.13520891,0.0,3.46,0.0,BTC-27DEC19-44000-P,7176.58,0.0,0.001,1.0,0.0,0.0,0.0,0.0,0.0,-40.83645,0.0,-1.0
7259.18,BTC-27MAR20,1574506741721,open,4.5,1.0,4.4025,4.6335,4.51224452,111.2,4.54,0.0,BTC-27MAR20-40000-P,7176.58,0.0,0.0005,2.0,0.0,0.0,0.0,1.20621,-0.53703,-136.63204,1e-05,-0.98924
7170.86,BTC-27DEC19,1574506741721,open,6.23,0.8,6.109,6.399,6.25070137,0.0,3.59,0.0,BTC-27DEC19-52000-P,7176.58,0.0,0.001,1.0,0.0,0.0,0.0,0.0,0.0,-48.26126,0.0,-1.0
7170.86,BTC-27DEC19,1574506741721,open,0.0,828.1,0.0005,0.0105,0.00066573,119.98,0.001,0.0,BTC-27DEC19-3000-P,7176.58,115.93,0.0005,6.0,0.0015,1.0,133.67,0.32336,-0.57265,-0.03859,1e-05,-0.00513
7259.18,BTC-27MAR20,1574506741722,open,3.68,0.0,3.592,3.794,3.68698228,108.56,None,0.0,BTC-27MAR20-34000-P,7176.58,0.0,0.0,0.0,0.0,0.0,0.0,1.81235,-0.78777,-115.97512,1e-05,-0.98275
7170.83,BTC-27DEC19,1574506741722,open,0.0,1541.5,0.0005,0.0105,1e-08,120.01,0.0005,0.0,BTC-27DEC19-52000-C,7176.58,0.0,0.0,0.0,0.0005,32.0,212.03,1e-05,-2e-05,0.0,0.0,0.0
7170.83,BTC-27DEC19,1574506741722,open,4.0,1.3,3.923,4.1235,4.0203542,138.84,3.212,0.0,BTC-27DEC19-36000-P,7176.58,0.0,0.0,0.0,0.0,0.0,0.0,0.01321,-0.02708,-33.4107,0.0,-0.99984
7259.18,BTC-27MAR20,1574506741722,open,3.4,0.0,3.3235,3.5145,3.41294474,110.21,None,0.0,BTC-27MAR20-32000-P,7176.58,0.0,0.001,1.0,0.0,0.0,0.0,2.3907,-1.05498,-109.00372,1e-05,-0.97609
7170.83,BTC-27DEC19,1574506741722,open,4.56,0.0,4.47,4.693,4.5781706,147.45,2.58,0.0,BTC-27DEC19-40000-P,7176.58,0.0,0.001,1.0,0.0,0.0,0.0,0.01328,-0.0289,-37.1231,0.0,-0.99984
7170.83,BTC-27DEC19,1574506741722,open,2.89,0.2,2.829,2.9845,2.90473581,123.82,2.2765,0.0,BTC-27DEC19-28000-P,7176.58,0.0,0.0,0.0,0.0,0.0,0.0,0.02494,-0.04558,-25.98495,0.0,-0.99969
7170.83,BTC-27DEC19,1574506741722,open,2.06,4.9,2.0085,2.131,2.06818406,120.44,2.217,0.0,BTC-27DEC19-22000-P,7176.58,0.0,0.0,0.0,0.0,0.0,0.0,0.14109,-0.25082,-20.40597,0.0,-0.99796
7174.42,SYN.BTC-6DEC19,1574506741721,open,0.25,0.0,0.2305,0.2885,0.25739289,72.04,None,0.0,BTC-6DEC19-9000-P,7176.58,0.0,0.0,0.0,0.0,0.0,0.0,1.47614,-4.12972,-3.04574,0.00011,-0.94606
7174.42,SYN.BTC-6DEC19,1574506741721,open,0.22,0.0,0.1965,0.253,0.22283391,66.25,None,0.0,BTC-6DEC19-8750-P,7176.58,0.0,0.0,0.0,0.0,0.0,0.0,1.65949,-4.26957,-2.93634,0.00014,-0.93739
7174.42,SYN.BTC-6DEC19,1574506741721,open,0.0,36.7,0.0005,0.0115,0.00174428,83.52,0.001,0.0,BTC-6DEC19-9750-C,7176.58,76.71,0.001,0.1,0.0025,30.1,88.76,0.92351,-2.99534,0.07218,6e-05,0.03026
7259.18,BTC-27MAR20,1574506741723,open,0.95,59.9,0.9025,1.017,0.95355949,81.49,0.955,0.0,BTC-27MAR20-14000-P,7176.58,0.0,0.4,0.5,0.0,0.0,0.0,8.84787,-2.88679,-45.35833,6e-05,-0.87279
7170.83,BTC-27DEC19,1574506741723,open,0.0,255.7,0.0005,0.0105,3.3e-07,120.0,0.001,0.0,BTC-27DEC19-1500-P,7176.58,0.0,0.0,0.0,0.0005,47.9,203.17,0.00041,-0.00073,-3e-05,0.0,0.0
7259.18,BTC-27MAR20,1574506741724,open,0.35,1.1,0.3205,0.3795,0.34741296,72.48,0.4535,0.0,BTC-27MAR20-5000-C,7176.58,51.4,0.324,6.0,0.3695,6.0,88.57,9.33796,-2.7101,12.79103,7e-05,0.86244
7259.18,BTC-27MAR20,1574506741724,open,3.13,0.0,3.0525,3.2375,3.13829968,108.87,None,0.0,BTC-27MAR20-30000-P,7176.58,0.0,0.0,0.0,0.0,0.0,0.0,2.73421,-1.19187,-102.0794,1e-05,-0.97192
7170.83,BTC-27DEC19,1574506741724,open,0.79,12.1,0.781,0.8005,0.79081894,0.0,0.8415,0.0,BTC-27DEC19-1500-C,7176.58,0.0,0.7835,12.0,0.799,12.0,310.84,0.0,0.0,1.39215,0.0,1.0
7347.5,SYN.BTC-26JUN20,1574506741720,open,2.02,0.0,1.9465,2.114,2.02129594,89.61,None,0.0,BTC-26JUN20-22000-P,7176.61,0.0,0.11,1.0,0.0,0.0,0.0,10.36287,-2.15087,-126.6766,4e-05,-0.89375
7174.42,SYN.BTC-6DEC19,1574506741721,open,0.29,0.0,0.2645,0.323,0.29148319,74.54,None,0.0,BTC-6DEC19-9250-P,7176.58,0.0,0.0,0.0,0.0,0.0,0.0,1.17284,-3.39498,-3.16605,9e-05,-0.9595
7170.83,BTC-27DEC19,1574506741725,open,0.0,500.1,0.0005,0.0105,0.00019035,120.0,0.001,0.0,BTC-27DEC19-22000-C,7176.58,130.81,0.0005,26.8,0.001,8.8,140.3,0.13633,-0.24146,0.01181,0.0,0.00197
7174.42,SYN.BTC-6DEC19,1574506741721,open,0.36,0.0,0.3325,0.393,0.36056955,82.17,None,0.0,BTC-6DEC19-9750-P,7176.58,0.0,0.0,0.0,0.0,0.0,0.0,0.86681,-2.76592,-3.37242,6e-05,-0.97196
7170.83,BTC-27DEC19,1574506741725,open,0.72,0.0,0.7115,0.731,0.72110293,119.43,None,0.0,BTC-27DEC19-2000-C,7176.58,0.0,0.714,11.0,0.7295,11.0,256.8,0.00959,-0.0169,1.85539,0.0,0.99989
7170.83,BTC-27DEC19,1574506741724,open,0.58,10.0,0.5725,0.5925,0.58230369,119.97,0.618,0.0,BTC-27DEC19-3000-C,7176.58,0.0,0.575,9.0,0.59,9.0,180.62,0.32321,-0.57235,2.74573,1e-05,0.99487
7175.61,SYN.BTC-29NOV19,1574506741722,open,0.46,5.0,0.4345,0.4955,0.46342329,107.86,0.25,0.0,BTC-29NOV19-10500-P,7176.58,0.0,0.0,0.0,0.0,0.0,0.0,0.09148,-0.83964,-1.68658,1e-05,-0.99667
7170.83,BTC-27DEC19,1574506741725,open,5.67,0.0,5.5635,5.831,5.69380448,162.93,None,0.0,BTC-27DEC19-48000-P,7176.58,0.0,0.0005,1.0,0.0,0.0,0.0,0.01425,-0.03428,-44.54785,0.0,-0.99983
7170.83,BTC-27DEC19,1574506741725,open,0.45,30.9,0.4315,0.4615,0.44505447,103.17,0.5735,0.0,BTC-27DEC19-4000-C,7176.58,0.0,0.4345,7.0,0.4565,7.0,145.56,1.14584,-1.7448,3.547,2e-05,0.97802
7175.61,SYN.BTC-29NOV19,1574506741721,open,0.43,0.0,0.4005,0.461,0.42877185,111.71,None,0.0,BTC-29NOV19-10250-P,7176.58,0.0,0.0,0.0,0.0,0.0,0.0,0.18278,-1.73751,-1.64203,2e-05,-0.99276
7175.61,SYN.BTC-29NOV19,1574506741722,open,0.0,562.6,0.0005,0.0155,0.00318468,93.96,0.003,0.0,BTC-29NOV19-6000-P,7176.58,92.71,0.003,4.0,0.0035,2.0,96.02,1.07497,-8.59546,-0.07221,0.00014,-0.05933
7174.42,SYN.BTC-6DEC19,1574506741721,open,0.0,11.7,0.0005,0.0115,0.00168668,77.3,0.002,0.0,BTC-6DEC19-9500-C,7176.58,71.26,0.001,30.2,0.0025,0.8,82.72,0.95084,-2.85416,0.07507,7e-05,0.03135
7259.15,BTC-27MAR20,1574506741727,open,2.58,0.0,2.5135,2.674,2.58772027,101.29,None,0.0,BTC-27MAR20-26000-P,7176.58,0.0,0.0,0.0,0.0,0.0,0.0,3.01912,-1.22444,-88.31663,2e-05,-0.96836
7175.61,SYN.BTC-29NOV19,1574506741725,open,0.95,0.0,0.913,0.9905,0.95080812,0.0,None,0.0,BTC-29NOV19-14000-P,7176.58,0.0,0.0,0.0,0.0,0.0,0.0,0.0,0.0,-2.25369,0.0,-1.0
7175.61,SYN.BTC-29NOV19,1574506741724,open,0.53,13.1,0.503,0.565,0.5329183,0.0,0.233,0.0,BTC-29NOV19-11000-P,7176.58,0.0,0.0155,0.1,0.0,0.0,0.0,0.0,0.0,-1.77076,0.0,-1.0
7174.42,SYN.BTC-6DEC19,1574506741721,open,0.0,33.6,0.0005,0.0135,0.00309264,72.79,0.0025,0.0,BTC-6DEC19-9000-C,7176.58,69.82,0.0025,0.1,0.004,45.0,76.78,1.51895,-4.29349,0.13372,0.00011,0.05593
7175.61,SYN.BTC-29NOV19,1574506741722,open,0.0,284.5,0.0005,0.0105,5.193e-05,120.03,0.0005,0.0,BTC-29NOV19-11500-C,7176.58,0.0,0.0,0.0,0.0005,0.1,149.51,0.03788,-0.37263,0.0014,0.0,0.00126
7347.5,SYN.BTC-26JUN20,1574506741721,open,3.36,0.0,3.274,3.483,3.36945715,97.87,None,0.0,BTC-26JUN20-32000-P,7176.58,0.0,0.0,0.0,0.0,0.0,0.0,6.48639,-1.47042,-187.39225,2e-05,-0.94277
7174.42,SYN.BTC-6DEC19,1574506741721,open,0.32,0.0,0.2985,0.357,0.32567028,76.02,None,0.0,BTC-6DEC19-9500-P,7176.58,0.0,0.0,0.0,0.0,0.0,0.0,0.89241,-2.6344,-3.28157,6e-05,-0.97096
7174.42,SYN.BTC-6DEC19,1574506741721,open,0.19,0.0,0.1635,0.22,0.18952931,64.28,0.219,0.0,BTC-6DEC19-8500-P,7176.58,0.0,0.0,0.0,0.0,0.0,0.0,2.17849,-5.4375,-2.78409,0.00019,-0.91054
7170.83,BTC-27DEC19,1574506741731,open,3.17,0.2,3.1025,3.2695,3.18363544,126.64,2.51,0.0,BTC-27DEC19-30000-P,7176.58,0.0,0.0,0.0,0.0,0.0,0.0,0.01797,-0.03359,-27.84171,0.0,-0.99978
7174.42,SYN.BTC-6DEC19,1574506741723,open,0.16,11.3,0.1305,0.1875,0.15717489,62.64,0.105,0.0,BTC-6DEC19-8250-P,7176.58,0.0,0.136,3.0,0.1805,3.0,106.4,2.84399,-6.91845,-2.60071,0.00025,-0.87043
7174.42,SYN.BTC-6DEC19,1574506741721,open,0.0,18.1,0.0005,0.012,0.00234127,75.5,0.002,0.0,BTC-6DEC19-9250-C,7176.58,65.58,0.001,44.5,0.003,30.0,79.09,1.22256,-3.58442,0.10195,9e-05,0.04262
7174.42,SYN.BTC-6DEC19,1574506741721,open,0.0,18.6,0.0005,0.014,0.00337534,66.9,0.008,0.0,BTC-6DEC19-8750-C,7176.58,62.91,0.0025,30.0,0.0035,3.0,67.42,1.70056,-4.41795,0.15497,0.00014,0.06461
7175.61,SYN.BTC-29NOV19,1574506741725,open,0.0,232.9,0.0005,0.0105,2.5e-07,120.02,0.0005,0.0,BTC-29NOV19-14000-C,7176.58,0.0,0.0,0.0,0.0045,13.0,269.28,0.00033,-0.00181,1e-05,0.0,1e-05
7175.61,SYN.BTC-29NOV19,1574506741723,open,0.74,0.0,0.708,0.777,0.74179927,0.0,None,0.0,BTC-29NOV19-12500-P,7176.58,0.0,0.0,0.0,0.0,0.0,0.0,0.0,0.0,-2.01222,0.0,-1.0
7347.5,SYN.BTC-26JUN20,1574506741723,open,3.09,0.0,3.0085,3.2105,3.10005609,97.66,None,0.0,BTC-26JUN20-30000-P,7176.58,0.0,0.0,0.0,0.0,0.0,0.0,7.34554,-1.66158,-175.2553,2e-05,-0.93287
7175.61,SYN.BTC-29NOV19,1574506741725,open,1.09,0.0,1.0495,1.1325,1.09015132,0.0,None,0.0,BTC-29NOV19-15000-P,7176.58,0.0,0.0,0.0,0.0,0.0,0.0,0.0,0.0,-2.41467,0.0,-1.0
7347.5,SYN.BTC-26JUN20,1574506741723,open,1.75,0.1,1.6835,1.845,1.75522078,88.2,1.88,0.0,BTC-26JUN20-20000-P,7176.58,0.0,0.1,1.0,2.2,0.5,248.57,11.80846,-2.41222,-114.1804,4e-05,-0.87227
7175.61,SYN.BTC-29NOV19,1574506741723,open,0.81,0.0,0.7765,0.8485,0.81146669,0.0,None,0.0,BTC-29NOV19-13000-P,7176.58,0.0,0.0,0.0,0.0,0.0,0.0,0.0,0.0,-2.09271,0.0,-1.0
7347.5,SYN.BTC-26JUN20,1574506741723,open,0.97,11.5,0.9065,1.0505,0.97082048,81.2,0.99,0.0,BTC-26JUN20-14000-P,7176.58,0.0,0.5,1.0,0.0,0.0,0.0,17.39248,-3.27082,-75.40199,7e-05,-0.76431
7175.61,SYN.BTC-29NOV19,1574506741722,open,0.0,1093.8,0.0005,0.0105,2.24e-06,120.02,0.0005,0.0,BTC-29NOV19-13000-C,7176.58,0.0,0.0,0.0,0.0005,0.1,182.32,0.00241,-0.01609,7e-05,0.0,7e-05
7347.5,SYN.BTC-26JUN20,1574506741722,open,0.72,8.8,0.66,0.799,0.7224216,78.84,0.778,0.0,BTC-26JUN20-12000-P,7176.58,0.0,0.0905,2.0,0.727,2.0,80.53,19.83502,-3.62201,-61.53176,8e-05,-0.69353
7175.61,SYN.BTC-29NOV19,1574506741721,open,0.22,13.8,0.1955,0.2485,0.22029558,77.61,0.17,0.0,BTC-29NOV19-8750-P,7176.58,0.0,0.2,2.0,0.2395,2.0,161.88,0.52673,-3.47889,-1.38105,8e-05,-0.9753
7175.61,SYN.BTC-29NOV19,1574506741722,open,0.0,644.2,0.0005,0.0105,0.00014068,120.03,0.0005,0.0,BTC-29NOV19-11000-C,7176.58,0.0,0.0,0.0,0.0005,0.1,137.33,0.08768,-0.89561,0.00351,1e-05,0.00318
7175.61,SYN.BTC-29NOV19,1574506741722,open,0.0,522.0,0.0005,0.0105,0.00074485,101.08,0.0005,0.0,BTC-29NOV19-9500-C,7176.58,95.83,0.0005,8.4,0.001,0.2,105.43,0.38072,-3.27476,0.01859,5e-05,0.01684
7175.61,SYN.BTC-29NOV19,1574506741731,open,0.6,0.0,0.5715,0.635,0.60250125,0.0,None,0.0,BTC-29NOV19-11500-P,7176.58,0.0,0.0,0.0,0.0,0.0,0.0,0.0,0.0,-1.85125,0.0,-1.0
7347.5,SYN.BTC-26JUN20,1574506741742,open,0.12,278.0,0.082,0.179,0.12393941,75.18,0.13,0.0,BTC-26JUN20-10000-C,7176.58,73.85,0.12,8.0,0.128,2.0,76.54,21.88134,-3.81009,12.15314,9e-05,0.4036
148.78,ETH-27DEC19,1574506741743,open,0.87,310.0,0.829,0.953,0.88719,110.06,0.49,0.0,ETH-27DEC19-280-P,148.99,0.0,0.002,50.0,1.175,1.0,400.79,0.04132,-0.06711,-0.25467,0.00183,-0.95713
7175.61,SYN.BTC-29NOV19,1574506741744,open,0.05,174.2,0.0235,0.0715,0.04478421,62.07,0.043,0.0,BTC-29NOV19-7000-C,7176.58,55.12,0.0415,18.0,0.046,5.0,64.62,3.41145,-18.01901,0.68562,0.00066,0.63833
7175.61,SYN.BTC-29NOV19,1574506741747,open,0.06,599.7,0.036,0.0895,0.05882193,60.18,0.045,0.0,BTC-29NOV19-7500-P,7176.58,49.95,0.0545,0.1,0.059,6.0,60.59,3.13776,-16.06862,-0.88313,0.00063,-0.70571
7347.5,SYN.BTC-26JUN20,1574506741852,open,0.03,872.2,0.013,0.0735,0.03354728,88.41,0.034,0.0,BTC-26JUN20-20000-C,7176.58,86.15,0.03,1.0,0.036,15.0,89.9,11.86685,-2.42996,4.13241,4e-05,0.12864
7347.5,SYN.BTC-26JUN20,1574506741895,open,0.03,250.1,0.0155,0.078,0.03733889,84.32,0.047,0.0,BTC-26JUN20-18000-C,7176.58,83.55,0.036,5.0,0.044,14.0,87.98,12.88842,-2.5172,4.68537,5e-05,0.14516
150.03,ETH-27MAR20,1574506741943,open,0.58,30.0,0.516,0.687,0.599314,111.77,0.306,0.0,ETH-27MAR20-220-P,148.99,68.61,0.51,300.0,0.574,1.0,100.43,0.33857,-0.15152,-0.61661,0.00393,-0.60205
148.92,SYN.ETH-6DEC19,1574506741967,open,0.06,256.0,0.032,0.102,0.065018,81.46,0.057,0.0,ETH-6DEC19-150-P,148.99,73.59,0.059,120.0,0.072,120.0,90.95,0.11154,-0.35283,-0.02906,0.0175,-0.48832
148.92,SYN.ETH-6DEC19,1574506741969,open,0.04,201.0,0.011,0.062,0.033277,82.16,0.036,0.0,ETH-6DEC19-160-C,148.99,72.9,0.027,160.0,0.037,160.0,87.38,0.1035,-0.33022,0.01658,0.0161,0.34905
148.95,SYN.ETH-29NOV19,1574506742206,open,0.04,32.0,0.011,0.067,0.037138,79.88,0.042,0.0,ETH-29NOV19-150-C,148.99,63.8,0.029,120.0,0.042,120.0,89.49,0.07538,-0.51243,0.01092,0.02642,0.49262
148.95,SYN.ETH-29NOV19,1574506742206,open,0.53,0.0,0.5,0.592,0.544185,113.11,None,0.0,ETH-29NOV19-230-P,148.99,0.0,0.01,50.0,0.0,0.0,0.0,0.00096,-0.0092,-0.03699,0.00024,-0.99844
148.95,SYN.ETH-29NOV19,1574506742206,open,0.01,693.0,0.001,0.024,0.006826,87.69,0.007,0.0,ETH-29NOV19-170-C,148.99,84.5,0.006,1.0,0.007,52.0,88.34,0.03971,-0.29628,0.00292,0.01268,0.12873
148.95,SYN.ETH-29NOV19,1574506742206,open,0.0,4018.0,0.001,0.011,0.001013,125.02,0.002,0.0,ETH-29NOV19-210-C,148.99,0.0,0.0,0.0,0.003,202.0,148.48,0.00856,-0.09106,0.00042,0.00192,0.01849
148.95,SYN.ETH-29NOV19,1574506742206,open,0.4,30.0,0.369,0.457,0.410753,123.02,0.328,0.0,ETH-29NOV19-210-P,148.99,0.0,0.01,50.0,0.0,0.0,0.0,0.00792,-0.08295,-0.03342,0.0018,-0.98311
148.95,SYN.ETH-29NOV19,1574506742206,open,0.0,502.0,0.001,0.014,0.002592,110.07,0.001,0.0,ETH-29NOV19-190-C,148.99,93.67,0.001,26.0,0.004,300.0,120.0,0.0186,-0.17423,0.00107,0.00473,0.04716
148.95,SYN.ETH-29NOV19,1574506742206,open,0.0,1436.0,0.001,0.011,0.000183,125.02,0.001,0.0,ETH-29NOV19-230-C,148.99,0.0,0.0,0.0,0.068,1.0,401.69,0.00219,-0.02335,9e-05,0.00049,0.00391
148.91,SYN.ETH-6DEC19,1574506742231,open,0.4,0.0,0.37,0.463,0.41387,103.69,None,0.0,ETH-6DEC19-210-P,148.99,0.0,0.0,0.0,0.0,0.0,0.0,0.02776,-0.11177,-0.07176,0.00342,-0.95234
148.91,SYN.ETH-6DEC19,1574506742231,open,0.02,423.0,0.004,0.042,0.018568,83.5,0.017,0.0,ETH-6DEC19-170-C,148.99,74.99,0.014,161.0,0.022,161.0,89.5,0.08318,-0.26973,0.01067,0.01274,0.22174
148.91,SYN.ETH-6DEC19,1574506742231,open,0.01,214.0,0.001,0.03,0.010693,86.51,0.009,0.0,ETH-6DEC19-180-C,148.99,76.84,0.007,200.0,0.014,200.0,94.04,0.06187,-0.20786,0.00673,0.00914,0.13876
148.91,SYN.ETH-6DEC19,1574506742231,open,0.15,0.0,0.119,0.203,0.160119,83.31,None,0.0,ETH-6DEC19-170-P,148.99,0.0,0.0,0.0,0.0,0.0,0.0,0.08305,-0.26868,-0.04932,0.01274,-0.77889
148.91,SYN.ETH-6DEC19,1574506742231,open,0.06,302.0,0.027,0.09,0.057767,81.68,0.066,0.0,ETH-6DEC19-150-C,148.99,71.32,0.05,120.0,0.063,120.0,88.67,0.11153,-0.35377,0.02384,0.01746,0.51157
148.91,SYN.ETH-6DEC19,1574506742231,open,0.15,0.0,0.11,0.175,0.143315,84.98,None,0.0,ETH-6DEC19-130-C,148.99,73.41,0.138,40.0,0.149,40.0,96.2,0.07237,-0.2388,0.03575,0.01089,0.82395
148.91,SYN.ETH-6DEC19,1574506742231,open,0.1,40.0,0.061,0.13,0.09575,84.38,0.119,0.0,ETH-6DEC19-140-C,148.99,71.18,0.087,120.0,0.1,120.0,90.68,0.09998,-0.32763,0.0307,0.01515,0.68025
148.91,SYN.ETH-6DEC19,1574506742231,open,0.02,102.0,0.003,0.038,0.016266,84.81,0.016,0.0,ETH-6DEC19-130-P,148.99,82.17,0.015,160.0,0.018,6.0,88.33,0.07226,-0.238,-0.01008,0.01089,-0.17565
148.91,SYN.ETH-6DEC19,1574506742231,open,0.34,0.0,0.305,0.394,0.347348,95.0,None,0.0,ETH-6DEC19-200-P,148.99,0.0,0.0,0.0,0.0,0.0,0.0,0.03284,-0.12115,-0.06768,0.00442,-0.9411
148.91,SYN.ETH-6DEC19,1574506742231,open,0.01,366.0,0.001,0.02,0.005647,87.52,0.004,0.0,ETH-6DEC19-190-C,148.99,76.55,0.003,200.0,0.005,5.0,85.14,0.04185,-0.14223,0.00394,0.00611,0.08069
148.91,SYN.ETH-6DEC19,1574506742231,open,0.0,26.0,0.001,0.016,0.003718,104.38,0.006,0.0,ETH-6DEC19-210-C,148.99,84.37,0.001,13.0,0.006,200.0,114.79,0.02834,-0.11486,0.00237,0.00347,0.0489
148.91,SYN.ETH-6DEC19,1574506742233,open,0.47,0.0,0.435,0.532,0.480608,112.08,None,0.0,ETH-6DEC19-220-P,148.99,0.0,0.0,0.0,0.0,0.0,0.0,0.02418,-0.10522,-0.07566,0.00276,-0.95985
148.91,SYN.ETH-6DEC19,1574506742233,open,0.0,21.0,0.001,0.017,0.004346,95.56,0.008,0.0,ETH-6DEC19-200-C,148.99,74.25,0.001,202.0,0.007,200.0,105.92,0.03336,-0.12382,0.00293,0.00446,0.06011
148.91,SYN.ETH-6DEC19,1574506742233,open,0.0,171.0,0.001,0.015,0.003307,112.91,0.005,0.0,ETH-6DEC19-220-C,148.99,93.82,0.001,22.0,0.005,200.0,121.87,0.02479,-0.10871,0.002,0.00281,0.04142
7347.5,SYN.BTC-26JUN20,1574506742391,open,0.03,296.3,0.014,0.053,0.02896476,73.25,0.032,0.0,BTC-26JUN20-4000-P,7176.58,68.15,0.023,17.0,0.029,8.0,73.29,8.92807,-1.5148,-5.02794,4e-05,-0.08675
7347.5,SYN.BTC-26JUN20,1574506742420,open,0.01,112.5,0.0005,0.0205,0.00861075,73.79,0.0115,0.0,BTC-26JUN20-3000-P,7176.58,71.67,0.0075,18.0,0.01,8.0,76.26,3.98055,-0.68028,-1.73344,2e-05,-0.03128
7259.11,BTC-27MAR20,1574506742621,open,3.68,0.0,3.593,3.7935,3.68755434,110.56,None,0.0,BTC-27MAR20-34000-P,7176.58,0.0,0.0,0.0,0.0,0.0,0.0,2.01136,-0.8904,-115.93248,1e-05,-0.98051
7259.11,BTC-27MAR20,1574506742678,open,4.5,1.0,4.4035,4.633,4.51291862,114.57,4.54,0.0,BTC-27MAR20-40000-P,7176.58,0.0,0.0005,2.0,0.0,0.0,0.0,1.46834,-0.67359,-136.57943,1e-05,-0.9865
7347.35,SYN.BTC-26JUN20,1574506742721,open,2.55,0.0,2.4765,2.658,2.55853092,92.97,None,0.0,BTC-26JUN20-26000-P,7176.58,0.0,0.0,0.0,0.0,0.0,0.0,8.34158,-1.79618,-151.19233,3e-05,-0.92074
7170.87,BTC-27DEC19,1574506742728,open,5.12,0.0,5.0165,5.2615,5.13597037,162.06,3.46,0.0,BTC-27DEC19-44000-P,7176.63,0.0,0.001,1.0,0.0,0.0,0.0,0.02449,-0.05859,-40.83466,0.0,-0.9997
7170.87,BTC-27DEC19,1574506742728,open,6.23,0.8,6.1105,6.4,6.25160128,176.98,3.59,0.0,BTC-27DEC19-52000-P,7176.63,0.0,0.001,1.0,0.0,0.0,0.0,0.02645,-0.0691,-48.25933,0.0,-0.99967
7170.87,BTC-27DEC19,1574506742728,open,0.0,106.3,0.0005,0.0105,1.145e-05,120.0,0.0005,0.0,BTC-27DEC19-2000-P,7176.63,0.0,0.0,0.0,0.0005,13.1,166.68,0.01016,-0.01799,-0.00087,0.0,-0.00012
7175.59,SYN.BTC-29NOV19,1574506742728,open,0.2,0.0,0.1825,0.221,0.20030105,97.63,None,0.0,BTC-29NOV19-5750-C,7176.63,0.0,0.0,0.0,0.0,0.0,0.0,0.65614,-5.45125,0.88659,8e-05,0.96784
7170.92,BTC-27DEC19,1574506742728,open,0.0,349.0,0.0005,0.0105,2e-08,120.0,0.0005,0.0,BTC-27DEC19-48000-C,7176.63,0.0,0.0,0.0,0.001,17.0,217.82,3e-05,-5e-05,0.0,0.0,0.0
7170.92,BTC-27DEC19,1574506742728,open,0.0,680.5,0.0005,0.0105,3.653e-05,120.0,0.0005,0.0,BTC-27DEC19-26000-C,7176.63,0.0,0.0,0.0,0.004,17.0,185.18,0.03289,-0.05825,0.00254,0.0,0.00042
7174.41,SYN.BTC-6DEC19,1574506742728,open,0.17,0.0,0.1495,0.1945,0.1705026,76.79,None,0.0,BTC-6DEC19-6000-C,7176.63,0.0,0.0,0.0,0.0,0.0,0.0,2.27456,-6.78265,1.85931,0.00016,0.90517
7170.92,BTC-27DEC19,1574506742730,open,0.0,657.0,0.0005,0.0105,1.654e-05,120.0,0.0005,0.0,BTC-27DEC19-28000-C,7176.63,0.0,0.0,0.0,0.001,17.0,165.13,0.01637,-0.02899,0.0012,0.0,0.0002
7170.92,BTC-27DEC19,1574506742730,open,0.31,66.8,0.2915,0.332,0.31015112,83.4,0.4645,0.0,BTC-27DEC19-5000-C,7176.63,0.0,0.2945,6.0,0.326,6.0,115.75,2.63664,-3.2455,4.18512,7e-05,0.93899
7170.92,BTC-27DEC19,1574506742730,open,0.0,961.6,0.0005,0.0105,7.65e-06,120.0,0.001,0.0,BTC-27DEC19-30000-C,7176.63,0.0,0.0,0.0,0.0005,0.9,161.06,0.00824,-0.01459,0.00058,0.0,9e-05
7174.41,SYN.BTC-6DEC19,1574506742728,open,0.21,0.0,0.1835,0.2255,0.20317351,81.94,None,0.0,BTC-6DEC19-5750-C,7176.63,0.0,0.0215,0.1,0.0,0.0,0.0,1.70612,-5.42884,1.85243,0.00011,0.93512
7175.59,SYN.BTC-29NOV19,1574506742728,open,0.0,468.6,0.0005,0.0105,1.858e-05,120.0,0.0005,0.0,BTC-29NOV19-12000-C,7176.63,0.0,0.0,0.0,0.0005,0.1,161.02,0.01562,-0.1333,0.00053,0.0,0.00048
7259.16,BTC-27MAR20,1574506742731,open,2.03,5.6,1.974,2.117,2.0393435,96.14,1.545,0.0,BTC-27MAR20-22000-P,7176.63,0.0,0.0,0.0,0.0,0.0,0.0,4.05763,-1.56195,-74.35436,2e-05,-0.95454
7347.35,SYN.BTC-26JUN20,1574506742728,open,3.36,0.0,3.275,3.483,3.36999688,98.38,None,0.0,BTC-26JUN20-32000-P,7176.63,0.0,0.0,0.0,0.0,0.0,0.0,6.60974,-1.50614,-187.35149,2e-05,-0.94138
7259.16,BTC-27MAR20,1574506742731,open,0.47,9.4,0.4445,0.4855,0.4625874,76.12,0.585,0.0,BTC-27MAR20-4000-C,7176.63,42.76,0.4495,7.0,0.4785,7.0,95.42,5.00739,-1.52609,11.87572,4e-05,0.94076
7170.92,BTC-27DEC19,1574506742732,open,0.0,383.3,0.0005,0.011,0.00125708,108.89,0.0015,0.0,BTC-27DEC19-16000-C,7176.63,105.99,0.001,5.0,0.0015,17.0,111.27,0.68796,-1.10566,0.07226,1e-05,0.01211
7259.16,BTC-27MAR20,1574506742733,open,3.13,0.0,3.0535,3.237,3.13880303,110.14,None,0.0,BTC-27MAR20-30000-P,7176.63,0.0,0.0,0.0,0.0,0.0,0.0,2.89089,-1.27486,-102.04326,1e-05,-0.96998
7347.35,SYN.BTC-26JUN20,1574506742728,open,1.48,2.0,1.42,1.5715,1.48713899,84.29,1.5,0.0,BTC-26JUN20-18000-P,7176.63,0.0,1.1,0.5,2.1,0.1,310.25,12.87819,-2.51417,-101.77849,5e-05,-0.85501
7174.41,SYN.BTC-6DEC19,1574506742728,open,0.01,91.3,0.0005,0.021,0.00680661,76.78,0.022,0.0,BTC-6DEC19-6000-P,7176.63,74.17,0.006,13.0,0.008,30.0,80.42,2.27431,-6.78144,-0.2572,0.00016,-0.09482
7174.41,SYN.BTC-6DEC19,1574506742728,open,0.0,32.0,0.0005,0.0135,0.00335945,88.37,0.008,0.0,BTC-6DEC19-5500-P,7176.63,83.25,0.0025,30.0,0.0045,30.1,94.18,1.30162,-4.46687,-0.1251,8e-05,-0.04607
7175.59,SYN.BTC-29NOV19,1574506742728,open,0.0,1.4,0.0005,0.0115,0.00162636,97.6,0.002,0.0,BTC-29NOV19-5750-P,7176.63,96.19,0.0015,4.8,0.0025,2.0,106.01,0.65554,-5.44467,-0.03899,8e-05,-0.03212
7175.59,SYN.BTC-29NOV19,1574506742728,open,0.0,212.4,0.0005,0.011,0.00103736,79.56,0.001,0.0,BTC-29NOV19-8750-C,7176.63,71.34,0.0005,0.9,0.002,43.0,89.16,0.58082,-3.93223,0.03087,9e-05,0.02776
7174.41,SYN.BTC-6DEC19,1574506742728,open,0.0,105.0,0.0005,0.0165,0.00463152,81.93,0.01,0.0,BTC-6DEC19-5750-P,7176.63,76.84,0.0035,30.0,0.0055,30.0,85.43,1.70582,-5.42743,-0.17589,0.00011,-0.06487
7347.35,SYN.BTC-26JUN20,1574506742730,open,3.09,0.0,3.009,3.2105,3.10056121,98.08,None,0.0,BTC-26JUN20-30000-P,7176.63,0.0,0.0,0.0,0.0,0.0,0.0,7.45147,-1.69279,-175.21902,2e-05,-0.93162
7347.35,SYN.BTC-26JUN20,1574506742731,open,2.82,0.0,2.7435,2.937,2.83093326,96.99,None,0.0,BTC-26JUN20-28000-P,7176.63,0.0,0.0,0.0,0.0,0.0,0.0,8.2178,-1.84611,-163.09688,3e-05,-0.92229
7174.41,SYN.BTC-6DEC19,1574506742727,open,0.01,72.1,0.0005,0.027,0.01008386,71.95,0.01,0.0,BTC-6DEC19-6250-P,7176.63,69.28,0.009,30.0,0.0115,30.0,75.29,2.97317,-8.30675,-0.37533,0.00023,-0.13822
7175.59,SYN.BTC-29NOV19,1574506742732,open,0.0,543.5,0.0005,0.0165,0.00338658,63.07,0.003,0.0,BTC-29NOV19-8000-C,7176.63,61.2,0.003,0.3,0.0035,30.0,63.6,1.52174,-8.16744,0.10418,0.00029,0.09358
7175.59,SYN.BTC-29NOV19,1574506742728,open,0.0,133.8,0.0005,0.0105,0.00050056,117.65,0.0005,0.0,BTC-29NOV19-10250-C,7176.63,0.0,0.0,0.0,0.001,43.0,128.77,0.24951,-2.49788,0.01135,3e-05,0.01032
7175.59,SYN.BTC-29NOV19,1574506742728,open,0.0,191.9,0.0005,0.0105,0.00074413,92.92,0.001,0.0,BTC-29NOV19-9250-C,7176.63,88.01,0.0005,0.5,0.001,0.1,97.03,0.40469,-3.20003,0.02003,5e-05,0.01809
7175.59,SYN.BTC-29NOV19,1574506742736,open,0.0,396.8,0.0005,0.0105,0.00031657,117.99,0.0005,0.0,BTC-29NOV19-10500-C,7176.63,0.0,0.0,0.0,0.0005,0.1,124.41,0.17268,-1.73377,0.00748,2e-05,0.00679
7175.59,SYN.BTC-29NOV19,1574506742728,open,0.0,117.6,0.0005,0.0105,0.00069916,107.98,0.0005,0.0,BTC-29NOV19-9750-C,7176.63,0.0,0.0,0.0,0.0015,43.0,120.65,0.34538,-3.17364,0.01655,4e-05,0.01503
7175.59,SYN.BTC-29NOV19,1574506742733,open,0.17,22.5,0.1475,0.19,0.16702702,94.03,0.2095,0.0,BTC-29NOV19-6000-C,7176.63,0.0,0.1495,4.0,0.1805,4.0,151.63,1.07679,-8.61633,0.8935,0.00014,0.94055
7347.35,SYN.BTC-26JUN20,1574506742728,open,0.6,15.6,0.5875,0.6175,0.6003086,73.81,0.6035,0.0,BTC-26JUN20-3000-C,7176.63,44.68,0.592,6.0,0.615,6.0,94.52,3.98375,-0.68104,16.00786,2e-05,0.96868
7175.59,SYN.BTC-29NOV19,1574506742730,open,0.0,774.4,0.0005,0.011,0.0014962,74.49,0.0015,0.0,BTC-29NOV19-8500-C,7176.63,69.45,0.001,4.7,0.002,30.0,78.67,0.79244,-5.02311,0.04505,0.00013,0.0405
7175.59,SYN.BTC-29NOV19,1574506742734,open,0.0,656.1,0.0005,0.0105,0.00074587,84.46,0.0005,0.0,BTC-29NOV19-9000-C,7176.63,79.86,0.0005,157.9,0.001,2.0,88.26,0.43478,-3.12487,0.02187,6e-05,0.01968
7174.41,SYN.BTC-6DEC19,1574506742728,open,0.24,0.0,0.2185,0.258,0.23674744,88.38,None,0.0,BTC-6DEC19-5500-C,7176.63,0.0,0.0,0.0,0.0,0.0,0.0,1.30195,-4.46843,1.81503,8e-05,0.95391
7174.41,SYN.BTC-6DEC19,1574506742728,open,0.14,4.6,0.116,0.164,0.13893385,71.95,0.143,0.0,BTC-6DEC19-6250-C,7176.63,64.44,0.136,6.0,0.141,6.0,76.78,2.97336,-8.30776,1.82938,0.00023,0.86177
7347.35,SYN.BTC-26JUN20,1574506742730,open,2.28,0.0,2.2115,2.385,2.28939019,91.28,None,0.0,BTC-26JUN20-24000-P,7176.63,0.0,0.0,0.0,0.0,0.0,0.0,9.2427,-1.95398,-138.99168,3e-05,-0.90912
7175.59,SYN.BTC-29NOV19,1574506742731,open,0.0,453.8,0.0005,0.0105,0.00037438,120.0,0.0005,0.0,BTC-29NOV19-5000-P,7176.63,124.49,0.0005,7.8,0.001,3.1,137.14,0.18112,-1.84952,-0.00871,2e-05,-0.00717
7175.59,SYN.BTC-29NOV19,1574506742729,open,0.0,106.3,0.0005,0.019,0.00481216,85.2,0.0035,0.0,BTC-29NOV19-6250-P,7176.63,83.68,0.0045,3.0,0.006,41.0,90.62,1.49665,-10.85119,-0.11125,0.00021,-0.0915
7175.59,SYN.BTC-29NOV19,1574506742732,open,0.31,0.3,0.289,0.32,0.30356977,120.09,0.3885,0.0,BTC-29NOV19-5000-C,7176.63,0.0,0.2915,4.0,0.314,4.0,220.77,0.18187,-1.85857,0.79614,2e-05,0.9928
150.04,ETH-27MAR20,1574506742763,open,3.23,0.0,3.145,3.429,3.278511,125.44,None,0.0,ETH-27MAR20-640-P,148.98,0.0,0.01,50.0,0.0,0.0,0.0,0.09578,-0.04811,-2.1687,0.00099,-0.94631
148.77,ETH-27DEC19,1574506742763,open,0.0,6174.0,0.001,0.011,3e-06,125.0,0.001,0.0,ETH-27DEC19-720-C,148.98,0.0,0.0,0.0,0.004,285.0,217.31,7e-05,-0.00014,0.0,0.0,4e-05
150.04,ETH-27MAR20,1574506742763,open,0.03,1573.0,0.008,0.066,0.029587,125.0,0.013,0.0,ETH-27MAR20-480-C,148.98,108.0,0.014,20.0,0.019,220.0,114.26,0.16533,-0.08274,0.04143,0.00172,0.11029
150.04,ETH-27MAR20,1574506742763,open,0.12,1813.0,0.068,0.166,0.115205,92.4,0.104,0.0,ETH-27MAR20-200-C,148.98,84.69,0.098,300.0,0.133,47.0,100.23,0.33834,-0.12517,0.14456,0.00475,0.39682
148.77,ETH-27DEC19,1574506742763,open,0.0,13247.0,0.001,0.011,9.4e-05,125.01,0.001,0.0,ETH-27DEC19-520-C,148.98,0.0,0.0,0.0,0.004,160.0,181.0,0.0015,-0.00277,0.00012,6e-05,0.00098
148.77,ETH-27DEC19,1574506742763,open,0.0,12762.0,0.001,0.011,6e-06,125.0,0.001,0.0,ETH-27DEC19-680-C,148.98,0.0,0.0,0.0,0.007,466.0,227.3,0.00013,-0.00024,1e-05,1e-05,7e-05
148.77,ETH-27DEC19,1574506742763,open,0.0,11107.0,0.001,0.011,4.6e-05,125.01,0.001,0.0,ETH-27DEC19-560-C,148.98,0.0,0.0,0.0,0.012,285.0,222.45,0.00081,-0.00149,6e-05,3e-05,0.0005
148.77,ETH-27DEC19,1574506742763,open,0.03,7013.0,0.011,0.054,0.029141,88.55,0.029,0.0,ETH-27DEC19-120-P,148.98,85.81,0.027,128.0,0.032,10.0,92.14,0.11716,-0.15314,-0.0283,0.00644,-0.17579
150.04,ETH-27MAR20,1574506742763,open,0.1,1180.0,0.065,0.152,0.106061,91.75,0.043,0.0,ETH-27MAR20-120-P,148.98,79.14,0.083,320.0,0.129,1.0,104.11,0.27697,-0.10175,-0.18113,0.00392,-0.24679
150.04,ETH-27MAR20,1574506742763,open,0.01,393.0,0.003,0.036,0.012697,125.0,0.007,0.0,ETH-27MAR20-640-C,148.98,111.8,0.006,220.0,0.01,220.0,120.39,0.09449,-0.04729,0.02058,0.00098,0.05278
148.77,ETH-27DEC19,1574506742763,open,0.0,11450.0,0.001,0.011,0.000418,125.01,0.002,0.0,ETH-27DEC19-440-C,148.98,136.45,0.001,40.0,0.003,200.0,155.43,0.0053,-0.00978,0.00049,0.00021,0.00394
148.76,ETH-27DEC19,1574506742763,open,0.02,12821.0,0.007,0.046,0.021909,89.14,0.018,0.0,ETH-27DEC19-200-C,148.98,85.27,0.019,320.0,0.025,448.0,93.05,0.11469,-0.15089,0.02045,0.00626,0.17001
150.03,ETH-27MAR20,1574506742763,open,0.13,777.0,0.078,0.192,0.132941,111.8,0.08,0.0,ETH-27MAR20-220-C,148.98,85.53,0.076,300.0,0.19,10.0,136.62,0.3386,-0.15158,0.13608,0.00393,0.39806
150.03,ETH-27MAR20,1574506742763,open,0.04,885.0,0.012,0.078,0.037306,125.0,0.02,0.0,ETH-27MAR20-440-C,148.98,105.8,0.017,20.0,0.02,260.0,109.21,0.18991,-0.09505,0.04982,0.00197,0.13436
148.76,ETH-27DEC19,1574506742763,open,0.0,21058.0,0.001,0.011,2.3e-05,125.01,0.007,0.0,ETH-27DEC19-600-C,148.98,0.0,0.0,0.0,0.001,100.0,168.4,0.00044,-0.00081,3e-05,2e-05,0.00026
150.03,ETH-27MAR20,1574506742763,open,0.02,5207.0,0.003,0.042,0.015517,125.0,0.009,0.0,ETH-27MAR20-600-C,148.98,110.31,0.007,220.0,0.013,220.0,121.34,0.10857,-0.05434,0.02436,0.00113,0.06298
150.03,ETH-27MAR20,1574506742763,open,0.02,886.0,0.005,0.049,0.019094,125.0,0.009,0.0,ETH-27MAR20-560-C,148.98,108.19,0.008,220.0,0.012,220.0,115.31,0.12488,-0.0625,0.02896,0.0013,0.07552
148.76,ETH-27DEC19,1574506742763,open,0.0,2177.0,0.001,0.017,0.004752,117.52,0.007,0.0,ETH-27DEC19-300-C,148.98,109.46,0.003,350.0,0.006,160.0,122.17,0.03707,-0.0643,0.00452,0.00154,0.03752
148.95,SYN.ETH-29NOV19,1574506742763,open,0.02,2280.0,0.003,0.044,0.018014,84.17,0.007,0.0,ETH-29NOV19-140-P,148.98,74.26,0.014,160.0,0.022,3.0,93.64,0.06168,-0.44178,-0.00674,0.02052,-0.26312
150.03,ETH-27MAR20,1574506742763,open,1.94,0.0,1.862,2.093,1.970053,125.0,None,0.0,ETH-27MAR20-440-P,148.98,0.0,0.003,50.0,0.0,0.0,0.0,0.18991,-0.09505,-1.45553,0.00197,-0.86564
148.76,ETH-27DEC19,1574506742764,open,0.0,1347.0,0.001,0.011,0.001349,125.01,0.002,0.0,ETH-27DEC19-380-C,148.98,120.81,0.001,251.0,0.005,160.0,148.79,0.01369,-0.02525,0.00141,0.00053,0.01154
148.76,ETH-27DEC19,1574506742764,open,0.01,3807.0,0.004,0.031,0.013361,104.95,0.013,0.0,ETH-27DEC19-100-P,148.98,99.54,0.011,360.0,0.016,224.0,110.53,0.06766,-0.1048,-0.01295,0.00314,-0.08045
150.03,ETH-27MAR20,1574506742764,open,0.06,568.0,0.024,0.112,0.06111,125.0,0.026,0.0,ETH-27MAR20-360-C,148.98,100.91,0.027,2.0,0.033,260.0,105.87,0.24776,-0.124,0.07274,0.00257,0.20283
150.03,ETH-27MAR20,1574506742764,open,0.15,74.0,0.089,0.189,0.138076,88.46,0.145,0.0,ETH-27MAR20-180-C,148.98,83.26,0.126,3.0,0.144,300.0,91.01,0.34857,-0.12347,0.16671,0.00512,0.46286
148.76,ETH-27DEC19,1574506742764,open,0.0,2092.0,0.001,0.018,0.00534,110.52,0.009,0.0,ETH-27DEC19-280-C,148.98,105.34,0.004,320.0,0.007,481.0,115.94,0.04189,-0.06834,0.00529,0.00185,0.04362
148.76,ETH-27DEC19,1574506742763,open,0.01,4304.0,0.001,0.021,0.006938,105.25,0.01,0.0,ETH-27DEC19-260-C,148.98,99.16,0.005,320.0,0.009,481.0,110.74,0.05181,-0.08049,0.0069,0.0024,0.05694
150.03,ETH-27MAR20,1574506742764,open,0.17,647.0,0.114,0.22,0.165621,88.46,0.175,0.0,ETH-27MAR20-140-P,148.98,66.99,0.119,32.0,0.171,320.0,90.96,0.32414,-0.11482,-0.26331,0.00476,-0.34737
150.03,ETH-27MAR20,1574506742764,open,0.5,20.0,0.462,0.518,0.4895,91.74,0.613,0.0,ETH-27MAR20-80-C,148.98,0.0,0.466,1.0,0.0,0.0,0.0,0.12411,-0.04559,0.22358,0.00176,0.92509
148.76,ETH-27DEC19,1574506742764,open,0.08,1486.0,0.04,0.108,0.072575,84.39,0.065,0.0,ETH-27DEC19-160-C,148.98,82.24,0.07,3.0,0.079,96.0,89.73,0.17865,-0.22252,0.05052,0.01031,0.4385
150.03,ETH-27MAR20,1574506742764,open,0.02,834.0,0.009,0.043,0.022727,91.74,0.01,0.0,ETH-27MAR20-80-P,148.98,85.76,0.018,320.0,0.027,320.0,96.73,0.12411,-0.04559,-0.05012,0.00176,-0.07491
148.76,ETH-27DEC19,1574506742764,open,0.0,1216.0,0.001,0.012,0.002013,125.02,0.004,0.0,ETH-27DEC19-360-C,148.98,124.91,0.002,147.0,0.005,160.0,142.02,0.01871,-0.03452,0.00201,0.00073,0.01658
148.76,ETH-27DEC19,1574506742764,open,1.0,1.0,0.959,1.091,1.021152,116.41,0.494,0.0,ETH-27DEC19-300-P,148.98,0.0,0.02,50.0,0.0,0.0,0.0,0.03574,-0.06142,-0.27409,0.00149,-0.96411
148.76,ETH-27DEC19,1574506742764,open,0.0,6668.0,0.001,0.011,0.000196,125.01,0.001,0.0,ETH-27DEC19-480-C,148.98,0.0,0.0,0.0,0.002,15.0,157.32,0.00281,-0.00519,0.00024,0.00011,0.00195
148.76,ETH-27DEC19,1574506742764,open,0.0,2207.0,0.001,0.016,0.00449,124.81,0.004,0.0,ETH-27DEC19-320-C,148.98,117.49,0.003,30.0,0.006,160.0,130.79,0.03423,-0.06307,0.00408,0.00134,0.03405
148.76,ETH-27DEC19,1574506742764,open,0.0,10059.0,0.001,0.011,0.000909,125.01,0.002,0.0,ETH-27DEC19-400-C,148.98,126.33,0.001,1386.0,0.005,160.0,155.14,0.00999,-0.01843,0.00099,0.00039,0.00805
150.03,ETH-27MAR20,1574506742765,open,0.06,38.0,0.028,0.089,0.055694,91.74,0.045,0.0,ETH-27MAR20-100-P,148.98,81.5,0.042,320.0,0.056,320.0,91.96,0.20718,-0.0761,-0.10704,0.00293,-0.15284
148.76,ETH-27DEC19,1574506742765,open,0.0,4535.0,0.001,0.011,2e-06,125.01,0.002,0.0,ETH-27DEC19-760-C,148.98,0.0,0.0,0.0,0.003,572.0,215.62,4e-05,-8e-05,0.0,0.0,2e-05
148.76,ETH-27DEC19,1574506742765,open,0.0,16677.0,0.001,0.011,1.2e-05,125.01,0.001,0.0,ETH-27DEC19-640-C,148.98,0.0,0.0,0.0,0.004,10.0,204.39,0.00024,-0.00044,2e-05,1e-05,0.00014
151.29,SYN.ETH-26JUN20,1574506742763,open,0.04,4.0,0.02,0.069,0.040959,85.59,0.026,0.0,ETH-26JUN20-80-P,148.98,80.98,0.035,250.0,0.047,250.0,90.07,0.20014,-0.03968,-0.12371,0.00173,-0.0973
150.03,ETH-27MAR20,1574506742765,open,0.05,1173.0,0.017,0.093,0.047495,125.0,0.024,0.0,ETH-27MAR20-400-C,148.98,103.3,0.021,1.0,0.027,260.0,109.05,0.21751,-0.10886,0.06012,0.00226,0.16462
150.03,ETH-27MAR20,1574506742766,open,1.44,6.0,1.359,1.575,1.46063,125.0,1.188,0.0,ETH-27MAR20-360-P,148.98,0.0,1.384,6.0,1.458,6.0,123.39,0.24776,-0.124,-1.15891,0.00257,-0.79717
150.03,ETH-27MAR20,1574506742766,open,0.02,2345.0,0.006,0.057,0.023672,125.0,0.011,0.0,ETH-27MAR20-520-C,148.98,110.46,0.012,5.0,0.015,220.0,114.79,0.1437,-0.07192,0.03457,0.00149,0.09102
148.76,ETH-27DEC19,1574506742766,open,0.24,4517.0,0.202,0.301,0.250326,87.2,0.277,0.0,ETH-27DEC19-180-P,148.98,66.86,0.231,340.0,0.268,340.0,103.79,0.15239,-0.19614,-0.13405,0.00851,-0.72063
151.29,SYN.ETH-26JUN20,1574506742763,open,0.2,1075.0,0.145,0.26,0.201422,81.55,0.219,0.0,ETH-26JUN20-140-P,148.98,73.19,0.178,210.0,0.205,210.0,82.84,0.42185,-0.07968,-0.47637,0.00382,-0.33097
148.95,SYN.ETH-29NOV19,1574506742763,open,0.33,100.0,0.304,0.391,0.344738,122.66,0.149,0.0,ETH-29NOV19-200-P,148.98,0.0,0.035,5.0,0.0,0.0,0.0,0.0145,-0.15138,-0.03141,0.00331,-0.96529
148.95,SYN.ETH-29NOV19,1574506742763,open,0.46,0.0,0.435,0.525,0.477407,124.42,None,0.0,ETH-29NOV19-220-P,148.98,0.0,0.01,50.0,0.0,0.0,0.0,0.00432,-0.04571,-0.03522,0.00097,-0.99161
150.03,ETH-27MAR20,1574506742766,open,0.08,1031.0,0.035,0.135,0.079547,125.0,0.036,0.0,ETH-27MAR20-320-C,148.98,96.23,0.033,260.0,0.041,260.0,101.98,0.27962,-0.13995,0.08815,0.0029,0.25128
148.76,ETH-27DEC19,1574506742767,open,0.14,93.0,0.093,0.168,0.13132,84.27,0.149,0.0,ETH-27DEC19-140-C,148.98,78.71,0.125,96.0,0.139,96.0,91.02,0.16916,-0.21041,0.07056,0.00977,0.64236
148.76,ETH-27DEC19,1574506742767,open,0.23,2.0,0.188,0.256,0.222581,88.67,0.346,0.0,ETH-27DEC19-120-C,148.98,34.18,0.194,1.0,0.0,0.0,0.0,0.11728,-0.1535,0.08302,0.00644,0.82391
148.76,ETH-27DEC19,1574506742767,open,0.0,836.0,0.001,0.013,0.003016,125.02,0.003,0.0,ETH-27DEC19-340-C,148.98,118.25,0.002,140.0,0.005,160.0,134.76,0.02546,-0.04699,0.00288,0.00099,0.02385
151.29,SYN.ETH-26JUN20,1574506742763,open,0.62,1.0,0.598,0.639,0.617975,85.73,0.69,0.0,ETH-26JUN20-60-C,148.98,0.0,0.603,1.0,0.0,0.0,0.0,0.10351,-0.02055,0.30461,0.00089,0.9584
148.76,ETH-27DEC19,1574506742767,open,0.01,8239.0,0.003,0.031,0.012687,92.3,0.013,0.0,ETH-27DEC19-220-C,148.98,85.12,0.009,160.0,0.016,480.0,97.94,0.08268,-0.11265,0.01281,0.00436,0.10549
148.95,SYN.ETH-29NOV19,1574506742765,open,0.0,359.0,0.001,0.011,2e-06,125.01,0.002,0.0,ETH-29NOV19-280-C,148.98,0.0,0.0,0.0,0.003,1.0,241.43,4e-05,-0.00025,0.0,1e-05,5e-05
151.29,SYN.ETH-26JUN20,1574506742764,open,0.03,134.0,0.008,0.065,0.028596,109.4,0.027,0.0,ETH-26JUN20-640-C,148.98,105.77,0.024,140.0,0.034,140.0,113.28,0.20105,-0.05094,0.06201,0.00136,0.0979
151.29,SYN.ETH-26JUN20,1574506742763,open,0.52,0.0,0.48,0.544,0.512139,85.57,None,0.0,ETH-26JUN20-80-C,148.98,0.0,0.471,1.0,0.0,0.0,0.0,0.20009,-0.03965,0.3495,0.00173,0.90273
148.76,ETH-27DEC19,1574506742770,open,0.07,4703.0,0.04,0.109,0.072307,84.16,0.079,0.0,ETH-27DEC19-140-P,148.98,79.49,0.067,128.0,0.077,361.0,88.29,0.16915,-0.21013,-0.05935,0.00979,-0.35759
151.29,SYN.ETH-26JUN20,1574506742764,open,0.93,0.0,0.859,1.049,0.950382,92.5,None,0.0,ETH-26JUN20-280-P,148.98,0.0,0.01,50.0,0.0,0.0,0.0,0.40762,-0.08733,-1.47216,0.00326,-0.69488
148.95,SYN.ETH-29NOV19,1574506742764,open,0.73,0.0,0.695,0.799,0.745522,0.0,None,0.0,ETH-29NOV19-260-P,148.98,0.0,0.01,50.0,0.0,0.0,0.0,0.0,0.0,-0.04185,0.0,-1.0
151.29,SYN.ETH-26JUN20,1574506742764,open,0.28,90.0,0.221,0.328,0.275985,81.53,0.302,0.0,ETH-26JUN20-140-C,148.98,78.31,0.267,210.0,0.305,210.0,92.0,0.42186,-0.07966,0.35168,0.00382,0.66902
151.29,SYN.ETH-26JUN20,1574506742765,open,0.23,53.0,0.169,0.28,0.225407,81.54,0.235,0.0,ETH-26JUN20-160-C,148.98,78.07,0.215,210.0,0.252,210.0,90.48,0.45264,-0.08549,0.3251,0.0041,0.58873
148.95,SYN.ETH-29NOV19,1574506742765,open,0.0,2491.0,0.001,0.013,0.002038,122.82,0.003,0.0,ETH-29NOV19-200-C,148.98,109.82,0.001,2.0,0.003,211.0,131.54,0.01457,-0.15229,0.00079,0.00332,0.03491
151.29,SYN.ETH-26JUN20,1574506742764,open,0.08,512.0,0.044,0.116,0.0773,82.33,0.094,0.0,ETH-26JUN20-100-P,148.98,77.43,0.068,250.0,0.086,250.0,86.84,0.28984,-0.05527,-0.21762,0.0026,-0.1659
148.95,SYN.ETH-29NOV19,1574506742763,open,0.6,0.0,0.565,0.661,0.611315,121.99,None,0.0,ETH-29NOV19-240-P,148.98,0.0,0.01,50.0,0.0,0.0,0.0,0.00083,-0.00858,-0.0386,0.00019,-0.99867
148.95,SYN.ETH-29NOV19,1574506742763,open,0.0,1024.0,0.001,0.017,0.003693,112.95,0.008,0.0,ETH-29NOV19-120-P,148.98,87.89,0.001,202.0,0.007,312.0,132.17,0.02165,-0.20804,-0.00146,0.00537,-0.05707
148.95,SYN.ETH-29NOV19,1574506742765,open,0.0,2875.0,0.001,0.011,0.00025,125.0,0.001,0.0,ETH-29NOV19-100-P,148.98,0.0,0.0,0.0,0.003,200.0,179.43,0.00262,-0.0279,-0.00012,0.00059,-0.00477
151.29,SYN.ETH-26JUN20,1574506742764,open,0.17,393.0,0.11,0.225,0.166787,86.55,0.166,0.0,ETH-26JUN20-200-C,148.98,81.7,0.152,210.0,0.182,210.0,91.52,0.46243,-0.0927,0.26731,0.00395,0.46553
151.29,SYN.ETH-26JUN20,1574506742764,open,0.48,80.0,0.411,0.569,0.488839,86.58,0.262,0.0,ETH-26JUN20-200-P,148.98,68.75,0.435,210.0,0.506,210.0,92.19,0.46244,-0.09274,-0.91556,0.00395,-0.53437
148.95,SYN.ETH-29NOV19,1574506742764,open,0.99,0.0,0.956,1.076,1.014051,0.0,None,0.0,ETH-29NOV19-300-P,148.98,0.0,0.01,50.0,0.0,0.0,0.0,0.0,0.0,-0.04829,0.0,-1.0
148.95,SYN.ETH-29NOV19,1574506742764,open,0.08,71.0,0.044,0.11,0.078124,84.2,0.07,0.0,ETH-29NOV19-140-C,148.98,63.49,0.07,40.0,0.082,40.0,93.41,0.06168,-0.44196,0.01579,0.02051,0.73683
151.29,SYN.ETH-26JUN20,1574506742763,open,0.35,45.0,0.288,0.386,0.338396,81.53,0.361,0.0,ETH-26JUN20-120-C,148.98,75.18,0.323,210.0,0.371,210.0,94.93,0.36759,-0.06941,0.37073,0.00333,0.75271
151.29,SYN.ETH-26JUN20,1574506742763,open,0.04,282.0,0.016,0.088,0.044179,103.65,0.041,0.0,ETH-26JUN20-480-C,148.98,101.23,0.04,48.0,0.049,140.0,106.31,0.26751,-0.06422,0.09191,0.00191,0.14689
151.29,SYN.ETH-26JUN20,1574506742765,open,0.03,108.0,0.011,0.074,0.034679,106.55,0.029,0.0,ETH-26JUN20-560-C,148.98,104.75,0.032,140.0,0.038,140.0,108.69,0.22935,-0.0566,0.07413,0.00159,0.11753
148.95,SYN.ETH-29NOV19,1574506742763,open,0.0,399.0,0.001,0.011,0.0,125.0,0.001,0.0,ETH-29NOV19-300-C,148.98,0.0,0.0,0.0,0.0,0.0,0.0,1e-05,-4e-05,0.0,0.0,1e-05
151.29,SYN.ETH-26JUN20,1574506742764,open,0.13,499.0,0.086,0.181,0.131628,81.55,0.188,0.0,ETH-26JUN20-120-P,148.98,74.69,0.115,210.0,0.141,210.0,85.41,0.36759,-0.06943,-0.33905,0.00333,-0.24729
148.95,SYN.ETH-29NOV19,1574506742763,open,0.0,4752.0,0.001,0.015,0.002842,92.1,0.002,0.0,ETH-29NOV19-180-C,148.98,76.11,0.001,32.0,0.005,301.0,104.42,0.02226,-0.17448,0.00135,0.00677,0.05915
151.29,SYN.ETH-26JUN20,1574506742764,open,0.1,427.0,0.052,0.154,0.099509,92.45,0.111,0.0,ETH-26JUN20-280-C,148.98,88.87,0.09,180.0,0.109,180.0,95.93,0.4075,-0.08726,0.18379,0.00326,0.30491
148.95,SYN.ETH-29NOV19,1574506742763,open,0.0,569.0,0.001,0.011,0.0,125.0,0.001,0.0,ETH-29NOV19-320-C,148.98,0.0,0.0,0.0,0.0,0.0,0.0,0.0,0.0,0.0,0.0,0.0
148.95,SYN.ETH-29NOV19,1574506742764,open,1.13,0.0,1.087,1.215,1.148176,0.0,None,0.0,ETH-29NOV19-320-P,148.98,0.0,0.01,50.0,0.0,0.0,0.0,0.0,0.0,-0.05151,0.0,-1.0
148.95,SYN.ETH-29NOV19,1574506742763,open,0.0,2082.0,0.001,0.011,0.000437,125.0,0.001,0.0,ETH-29NOV19-220-C,148.98,0.0,0.0,0.0,0.002,2.0,153.64,0.00444,-0.04725,0.0002,0.00099,0.00866
151.29,SYN.ETH-26JUN20,1574506742763,open,0.28,970.0,0.218,0.35,0.283024,81.56,0.354,0.0,ETH-26JUN20-160-P,148.98,71.57,0.253,210.0,0.285,210.0,82.22,0.45263,-0.0855,-0.62122,0.0041,-0.41124
151.29,SYN.ETH-26JUN20,1574506742763,open,0.01,185.0,0.005,0.029,0.01459,85.77,0.01,0.0,ETH-26JUN20-60-P,148.98,52.92,0.001,10.0,0.0,0.0,0.0,0.1036,-0.02058,-0.05032,0.00089,-0.04165
151.29,SYN.ETH-26JUN20,1574506742766,open,0.15,555.0,0.089,0.2,0.142987,87.65,0.155,0.0,ETH-26JUN20-220-C,148.98,83.29,0.13,180.0,0.157,180.0,92.31,0.45323,-0.09201,0.2421,0.00382,0.41355
151.29,SYN.ETH-26JUN20,1574506742763,open,0.03,153.0,0.01,0.07,0.031867,108.37,0.03,0.0,ETH-26JUN20-600-C,148.98,107.04,0.03,14.0,0.033,1.0,109.15,0.21612,-0.05424,0.06825,0.00147,0.10814
151.29,SYN.ETH-26JUN20,1574506742768,open,0.05,664.0,0.019,0.095,0.049837,101.59,0.049,0.0,ETH-26JUN20-440-C,148.98,98.99,0.045,50.0,0.055,140.0,104.24,0.28833,-0.06784,0.10266,0.0021,0.16457
151.29,SYN.ETH-26JUN20,1574506742763,open,1.17,0.0,1.096,1.295,1.19103,92.98,1.06,0.0,ETH-26JUN20-320-P,148.98,0.0,0.01,50.0,1.209,1.0,100.16,0.36582,-0.07878,-1.74122,0.00291,-0.75493
151.29,SYN.ETH-26JUN20,1574506742763,open,0.04,42.0,0.013,0.081,0.039272,105.35,0.037,0.0,ETH-26JUN20-520-C,148.98,102.67,0.035,140.0,0.045,140.0,108.73,0.24825,-0.06057,0.08263,0.00174,0.13162
148.95,SYN.ETH-29NOV19,1574506742764,open,0.86,0.0,0.826,0.938,0.879782,0.0,None,0.0,ETH-29NOV19-280-P,148.98,0.0,0.01,50.0,0.0,0.0,0.0,0.0,0.0,-0.04507,0.0,-1.0
148.95,SYN.ETH-29NOV19,1574506742764,open,0.0,1522.0,0.001,0.011,1.2e-05,125.0,0.001,0.0,ETH-29NOV19-260-C,148.98,0.0,0.0,0.0,0.046,1.0,402.07,0.00021,-0.00173,1e-05,5e-05,0.0003
151.29,SYN.ETH-26JUN20,1574506742765,open,0.69,0.0,0.623,0.796,0.707311,87.77,None,0.0,ETH-26JUN20-240-P,148.98,0.0,0.586,1.0,0.0,0.0,0.0,0.43718,-0.08887,-1.20143,0.00368,-0.63539
148.95,SYN.ETH-29NOV19,1574506742766,open,0.08,589.0,0.053,0.127,0.088982,79.79,0.088,0.0,ETH-29NOV19-160-P,148.98,69.68,0.085,40.0,0.097,40.0,98.53,0.06079,-0.41277,-0.01998,0.02133,-0.74414
7170.92,BTC-27DEC19,1574506743045,open,0.04,513.1,0.021,0.0675,0.04035073,67.86,0.04,0.0,BTC-27DEC19-6500-P,7176.63,67.03,0.0395,1.0,0.0415,19.3,68.97,7.37228,-7.38388,-2.14169,0.00023,-0.28145
7174.41,SYN.BTC-6DEC19,1574506743052,open,0.13,21.0,0.1,0.1575,0.12662831,61.99,0.121,0.0,BTC-6DEC19-8000-P,7176.63,56.62,0.124,6.0,0.1295,6.0,67.43,3.65872,-8.80797,-2.37,0.00033,-0.80982
7174.41,SYN.BTC-6DEC19,1574506743064,open,0.11,14.0,0.0855,0.1355,0.10924816,67.89,0.131,0.0,BTC-6DEC19-6500-C,7176.63,62.54,0.1065,6.0,0.111,6.0,71.17,3.78406,-9.97602,1.74558,0.00031,0.79897
7175.59,SYN.BTC-29NOV19,1574506743065,open,0.07,21.2,0.0475,0.096,0.07068614,66.95,0.0725,0.0,BTC-29NOV19-6750-C,7176.63,61.03,0.0685,6.0,0.0735,6.0,74.2,2.71627,-15.47481,0.81593,0.00049,0.77705
7175.59,SYN.BTC-29NOV19,1574506743067,open,0.13,2.0,0.1125,0.158,0.13380639,85.21,0.1335,0.0,BTC-29NOV19-6250-C,7176.63,72.52,0.1315,6.0,0.136,6.0,94.88,1.49703,-10.85568,0.89482,0.00021,0.90847
7170.92,BTC-27DEC19,1574506743330,open,0.52,4.3,0.5025,0.527,0.51348061,112.45,0.5625,0.0,BTC-27DEC19-3500-C,7176.63,0.0,0.505,8.0,0.5225,8.0,160.57,0.67032,-1.1126,3.15975,1e-05,0.98824
7170.92,BTC-27DEC19,1574506743332,open,0.4,532.9,0.37,0.4395,0.40190167,72.25,0.4215,0.0,BTC-27DEC19-10000-P,7176.63,0.0,0.3705,3.0,0.4305,3.0,113.22,3.26696,-3.48374,-8.79365,9e-05,-0.91937
7170.92,BTC-27DEC19,1574506743650,open,0.25,71.5,0.2245,0.271,0.2458738,76.38,0.25,0.0,BTC-27DEC19-5500-C,7176.63,0.0,0.2265,6.0,0.268,6.0,109.32,3.95808,-4.46211,4.32368,0.00011,0.89552
7170.87,BTC-27DEC19,1574506743651,open,0.27,933.5,0.239,0.308,0.27095631,67.88,0.265,0.0,BTC-27DEC19-9000-P,7176.63,0.0,0.237,4.0,0.3005,4.0,100.62,5.31121,-5.3214,-7.39505,0.00016,-0.84019
7170.96,BTC-27DEC19,1574506743711,open,0.0,530.9,0.0005,0.0105,3.61e-06,120.0,0.0005,0.0,BTC-27DEC19-32000-C,7176.63,0.0,0.0,0.0,0.0005,0.9,167.21,0.0042,-0.00743,0.00028,0.0,5e-05
7170.96,BTC-27DEC19,1574506743711,open,0.0,690.8,0.0005,0.0105,8.5e-07,120.0,0.0005,0.0,BTC-27DEC19-36000-C,7176.63,0.0,0.0,0.0,0.002,17.0,204.21,0.00113,-0.002,7e-05,0.0,1e-05
7175.65,SYN.BTC-29NOV19,1574506743714,open,0.0,628.8,0.0005,0.0105,0.00049842,110.58,0.0005,0.0,BTC-29NOV19-10000-C,7176.63,0.0,0.0,0.0,0.001,30.5,121.27,0.26057,-2.45185,0.01196,3e-05,0.01085
7257.2,BTC-27MAR20,1574506743737,open,3.68,0.0,3.593,3.7945,3.68759918,105.71,None,0.0,BTC-27MAR20-34000-P,7174.72,0.0,0.0,0.0,0.0,0.0,0.0,1.54441,-0.65371,-116.03155,1e-05,-0.98568
7257.2,BTC-27MAR20,1574506743736,open,2.31,0.0,2.2435,2.398,2.31423468,98.85,None,0.0,BTC-27MAR20-24000-P,7174.72,0.0,0.0005,5.0,0.0,0.0,0.0,3.47697,-1.37623,-81.35499,2e-05,-0.96242
7257.2,BTC-27MAR20,1574506743738,open,1.76,5.2,1.705,1.8415,1.7666004,93.09,1.108,0.0,BTC-27MAR20-20000-P,7174.72,0.0,0.0,0.0,0.0,0.0,0.0,4.78724,-1.78431,-67.30161,3e-05,-0.94404
7257.2,BTC-27MAR20,1574506743737,open,0.95,59.9,0.9025,1.017,0.95355951,81.08,0.955,0.0,BTC-27MAR20-14000-P,7174.72,0.0,0.4,0.5,0.0,0.0,0.0,8.75722,-2.8428,-45.39107,6e-05,-0.87461
7170.96,BTC-27DEC19,1574506743738,open,0.0,843.0,0.0005,0.011,0.00102267,119.21,0.0005,0.0,BTC-27DEC19-18000-C,7174.72,110.51,0.0005,71.5,0.0015,24.0,124.63,0.5476,-0.96352,0.05524,1e-05,0.00932
7170.96,BTC-27DEC19,1574506743738,open,0.0,562.6,0.0005,0.0105,2.2e-07,120.0,0.0005,0.0,BTC-27DEC19-40000-C,7174.72,0.0,0.0,0.0,0.0005,9.8,188.1,0.00032,-0.00057,2e-05,0.0,0.0
7170.96,BTC-27DEC19,1574506743738,open,0.0,953.0,0.0005,0.0115,0.00175896,105.95,0.002,0.0,BTC-27DEC19-15000-C,7174.72,103.8,0.0015,49.9,0.002,30.0,107.76,0.91108,-1.42469,0.10001,2e-05,0.01679
7257.2,BTC-27MAR20,1574506743738,open,2.03,5.6,1.974,2.1175,2.03935176,94.66,1.545,0.0,BTC-27MAR20-22000-P,7174.72,0.0,0.0,0.0,0.0,0.0,0.0,3.81753,-1.44696,-74.41633,2e-05,-0.95784
7257.2,BTC-27MAR20,1574506743738,open,2.58,0.0,2.513,2.6745,2.58774474,98.92,None,0.0,BTC-27MAR20-26000-P,7174.72,0.0,0.0,0.0,0.0,0.0,0.0,2.7011,-1.06989,-88.39188,2e-05,-0.97232
7169.05,BTC-27DEC19,1574506743739,open,1.09,211.0,1.051,1.142,1.09354076,101.12,0.959,0.0,BTC-27DEC19-15000-P,7174.72,0.0,0.0,0.0,0.0,0.0,0.0,0.70509,-1.05238,-13.84664,1e-05,-0.98753
7347.26,SYN.BTC-26JUN20,1574506743735,open,0.31,12.1,0.2655,0.353,0.30568904,73.27,0.3115,0.0,BTC-26JUN20-6000-C,7174.72,71.39,0.301,2.0,0.3125,7.0,75.99,18.35285,-3.11446,18.84309,8e-05,0.73932
7169.05,BTC-27DEC19,1574506743739,open,1.23,18.0,1.188,1.2825,1.23250663,101.71,1.261,0.0,BTC-27DEC19-16000-P,7174.72,0.0,0.0,0.0,0.0,0.0,0.0,0.44843,-0.67321,-14.8048,1e-05,-0.99257
7169.05,BTC-27DEC19,1574506743739,open,4.56,0.0,4.469,4.6915,4.57808504,0.0,2.58,0.0,BTC-27DEC19-40000-P,7174.72,0.0,0.001,1.0,0.0,0.0,0.0,0.0,0.0,-37.12405,0.0,-1.0
7169.05,BTC-27DEC19,1574506743739,open,2.34,0.0,2.2815,2.416,2.3469567,0.0,None,0.0,BTC-27DEC19-24000-P,7174.72,0.0,0.0,0.0,0.0,0.0,0.0,0.0,0.0,-22.27443,0.0,-1.0
7257.2,BTC-27MAR20,1574506743740,open,3.95,0.0,3.863,4.074,3.96240973,104.64,None,0.0,BTC-27MAR20-36000-P,7174.72,0.0,0.0,0.0,0.0,0.0,0.0,1.17317,-0.49152,-122.95139,1e-05,-0.98957
7169.05,BTC-27DEC19,1574506743740,open,0.0,1009.3,0.0005,0.0105,0.0004494,120.03,0.0005,0.0,BTC-27DEC19-20000-C,7174.72,121.27,0.0005,18.0,0.001,20.1,130.26,0.27938,-0.49495,0.02601,0.0,0.00436
7175.65,SYN.BTC-29NOV19,1574506743735,open,0.0,150.7,0.0005,0.0105,6.51e-06,120.0,0.0005,0.0,BTC-29NOV19-12500-C,7174.72,0.0,0.0,0.0,0.0005,0.1,171.93,0.00622,-0.04669,0.0002,0.0,0.00018
7174.47,SYN.BTC-6DEC19,1574506743735,open,0.02,87.6,0.005,0.0385,0.01782437,61.08,0.0225,0.0,BTC-6DEC19-7750-C,7174.72,57.28,0.0155,24.0,0.0175,3.0,60.56,4.44881,-10.55248,0.63619,0.0004,0.2692
7169.05,BTC-27DEC19,1574506743740,open,2.61,0.0,2.555,2.7005,2.62579167,0.0,None,0.0,BTC-27DEC19-26000-P,7174.72,0.0,0.0,0.0,0.0,0.0,0.0,0.0,0.0,-24.13063,0.0,-1.0
7169.05,BTC-27DEC19,1574506743740,open,2.89,0.2,2.8285,2.9845,2.90467592,0.0,2.2765,0.0,BTC-27DEC19-28000-P,7174.72,0.0,0.0,0.0,0.0,0.0,0.0,0.0,0.0,-25.98683,0.0,-1.0
7169.05,BTC-27DEC19,1574506743742,open,0.0,486.6,0.0005,0.0115,0.00156304,112.48,0.0015,0.0,BTC-27DEC19-3500-P,7174.72,105.58,0.001,1.0,0.0025,41.1,121.02,0.672,-1.11566,-0.08887,1e-05,-0.01179
7347.26,SYN.BTC-26JUN20,1574506743735,open,0.49,0.5,0.462,0.513,0.48455307,73.27,0.589,0.0,BTC-26JUN20-4000-C,7174.72,55.7,0.4665,5.0,0.505,5.0,88.6,8.93061,-1.51556,18.62722,4e-05,0.91321
7347.26,SYN.BTC-26JUN20,1574506743735,open,0.39,0.0,0.3535,0.4255,0.38631344,73.27,None,0.0,BTC-26JUN20-5000-C,7174.72,58.34,0.359,5.0,0.412,5.0,86.24,14.15338,-2.40184,19.39663,6e-05,0.83268
7175.65,SYN.BTC-29NOV19,1574506743737,open,0.0,458.4,0.0005,0.0105,3e-08,120.0,0.0005,0.0,BTC-29NOV19-15000-C,7174.72,0.0,0.0,0.0,0.0005,0.1,219.41,4e-05,-0.00019,0.0,0.0,0.0
7257.2,BTC-27MAR20,1574506743743,open,2.86,0.0,2.783,2.957,2.8634359,103.67,None,0.0,BTC-27MAR20-28000-P,7174.72,0.0,0.0,0.0,0.0,0.0,0.0,2.66351,-1.10564,-95.24839,1e-05,-0.97278
7174.47,SYN.BTC-6DEC19,1574506743735,open,0.05,42.0,0.0205,0.0665,0.04091,61.08,0.0385,0.0,BTC-6DEC19-7250-C,7174.72,57.19,0.038,18.0,0.043,27.0,63.87,5.37266,-12.74347,1.12765,0.00048,0.48647
148.76,ETH-27DEC19,1574506743771,open,1.53,0.0,1.481,1.638,1.555798,125.0,None,0.0,ETH-27DEC19-380-P,148.99,0.0,0.02,50.0,0.0,0.0,0.0,0.01368,-0.02523,-0.35127,0.00053,-0.98847
148.76,ETH-27DEC19,1574506743771,open,0.01,7043.0,0.001,0.025,0.009135,99.02,0.009,0.0,ETH-27DEC19-240-C,148.99,93.75,0.007,320.0,0.011,161.0,103.1,0.06459,-0.0944,0.00919,0.00318,0.07568
148.76,ETH-27DEC19,1574506743772,open,1.66,15.0,1.611,1.775,1.689803,125.0,1.248,0.0,ETH-27DEC19-400-P,148.99,0.0,0.002,50.0,0.0,0.0,0.0,0.00998,-0.01841,-0.37026,0.00039,-0.99196
148.76,ETH-27DEC19,1574506743772,open,4.06,1.0,3.961,4.267,4.108902,125.0,3.236,0.0,ETH-27DEC19-760-P,148.99,0.0,0.02,50.0,0.0,0.0,0.0,4e-05,-8e-05,-0.70535,0.0,-0.99998
148.76,ETH-27DEC19,1574506743773,open,1.93,0.0,1.872,2.05,1.958003,117.98,None,0.0,ETH-27DEC19-440-P,148.99,0.0,0.002,50.0,0.0,0.0,0.0,0.00323,-0.00562,-0.40808,0.00013,-0.99773
148.76,ETH-27DEC19,1574506743778,open,0.48,2833.0,0.441,0.547,0.491567,92.28,0.399,0.0,ETH-27DEC19-220-P,148.99,0.0,0.478,50.0,0.832,1.0,400.1,0.08264,-0.11257,-0.19138,0.00436,-0.89458
148.94,SYN.ETH-29NOV19,1574506743773,open,0.0,2387.0,0.001,0.011,7.5e-05,125.02,0.002,0.0,ETH-29NOV19-240-C,148.99,0.0,0.0,0.0,0.059,1.0,400.26,0.00104,-0.01101,4e-05,0.00023,0.0017
148.94,SYN.ETH-29NOV19,1574506743787,open,0.0,502.0,0.001,0.014,0.002588,110.07,0.001,0.0,ETH-29NOV19-190-C,148.99,93.7,0.001,26.0,0.004,301.0,120.02,0.01858,-0.17405,0.00107,0.00473,0.04711
150.04,ETH-27MAR20,1574506743803,open,0.58,30.0,0.516,0.687,0.599314,111.84,0.306,0.0,ETH-27MAR20-220-P,148.99,68.66,0.51,300.0,0.573,1.0,100.01,0.33865,-0.15165,-0.61656,0.00393,-0.60179
7169.05,BTC-27DEC19,1574506743858,open,1.5,9.4,1.4615,1.567,1.51116084,107.27,1.1125,0.0,BTC-27DEC19-18000-P,7174.72,0.0,0.0,0.0,0.0,0.0,0.0,0.25766,-0.40795,-16.68178,1e-05,-0.99602
7347.26,SYN.BTC-26JUN20,1574506743888,open,0.38,101.5,0.3225,0.446,0.37837279,74.49,0.398,0.0,BTC-26JUN20-9000-P,7174.72,71.59,0.3695,8.0,0.3855,2.0,76.82,22.49028,-3.88033,-39.34266,9e-05,-0.527
150.04,ETH-27MAR20,1574506743895,open,0.11,2041.0,0.053,0.165,0.104879,124.99,0.056,0.0,ETH-27MAR20-280-C,148.99,93.43,0.046,260.0,0.068,57.0,106.2,0.31084,-0.15557,0.10675,0.00323,0.31285
7257.2,BTC-27MAR20,1574506744060,open,0.25,19.3,0.219,0.294,0.25351962,71.77,0.406,0.0,BTC-27MAR20-6000-C,7174.72,70.69,0.2515,2.0,0.2575,17.0,73.89,13.59264,-3.90609,12.23642,0.00011,0.74635
7347.26,SYN.BTC-26JUN20,1574506744090,open,0.19,233.2,0.1475,0.25,0.19340754,73.15,0.1945,0.0,BTC-26JUN20-7000-P,7174.72,67.79,0.178,2.0,0.1975,8.0,74.57,21.07123,-3.56985,-23.90403,9e-05,-0.35668
7257.29,BTC-27MAR20,1574506744246,open,3.95,0.0,3.865,4.072,3.9637454,111.59,None,0.0,BTC-27MAR20-36000-P,7174.72,0.0,0.0,0.0,0.0,0.0,0.0,1.76264,-0.78757,-122.83026,1e-05,-0.9833
7345.37,SYN.BTC-26JUN20,1574506744321,open,2.82,0.0,2.7435,2.9375,2.83105551,96.19,None,0.0,BTC-26JUN20-28000-P,7174.72,0.0,0.0,0.0,0.0,0.0,0.0,8.0012,-1.78251,-163.17355,3e-05,-0.92494
7345.37,SYN.BTC-26JUN20,1574506744395,open,0.12,196.9,0.085,0.1705,0.12231451,73.23,0.1185,0.0,BTC-26JUN20-6000-P,7174.72,71.9,0.119,2.0,0.125,2.0,74.3,18.35298,-3.11271,-16.64463,8e-05,-0.26082
7169.21,BTC-27DEC19,1574506744407,open,1.78,3.6,1.7345,1.849,1.78947628,0.0,1.729,0.0,BTC-27DEC19-20000-P,7174.72,0.0,0.0,0.0,0.0,0.0,0.0,0.0,0.0,-18.56202,0.0,-1.0
7347.26,SYN.BTC-26JUN20,1574506744439,open,0.19,233.2,0.1475,0.25,0.19341293,73.15,0.1945,0.0,BTC-26JUN20-7000-P,7174.72,67.79,0.178,8.0,0.1975,8.0,74.57,21.07123,-3.56985,-23.90403,9e-05,-0.35668
7347.26,SYN.BTC-26JUN20,1574506744447,open,0.19,233.2,0.1475,0.25,0.19341293,73.15,0.1945,0.0,BTC-26JUN20-7000-P,7174.72,67.96,0.1785,5.0,0.1975,8.0,74.57,21.07123,-3.56985,-23.90403,9e-05,-0.35668
150.05,ETH-27MAR20,1574506744616,open,1.69,7.0,1.609,1.832,1.713459,125.12,1.77,0.0,ETH-27MAR20-400-P,148.99,0.0,1.627,5.0,1.721,5.0,130.15,0.21792,-0.10917,-1.30824,0.00226,-0.83494
150.05,ETH-27MAR20,1574506744618,open,0.19,873.0,0.127,0.23,0.179325,88.45,0.174,0.0,ETH-27MAR20-160-C,148.99,81.84,0.164,303.0,0.204,39.0,99.16,0.34698,-0.12289,0.1921,0.00509,0.55353
7169.21,BTC-27DEC19,1574506744652,open,3.45,0.3,3.375,3.5535,3.46244658,0.0,2.744,0.0,BTC-27DEC19-32000-P,7174.72,0.0,0.0,0.0,0.0,0.0,0.0,0.0,0.0,-29.69924,0.0,-1.0
7257.29,BTC-27MAR20,1574506744667,open,2.31,0.0,2.245,2.3975,2.31511871,100.71,None,0.0,BTC-27MAR20-24000-P,7174.72,0.0,0.0005,5.0,0.0,0.0,0.0,3.7538,-1.5137,-81.28583,2e-05,-0.95871
7345.37,SYN.BTC-26JUN20,1574506744720,open,2.02,0.0,1.947,2.1145,2.02175628,89.34,None,0.0,BTC-26JUN20-22000-P,7174.72,0.0,0.11,1.0,0.0,0.0,0.0,10.27785,-2.1267,-126.71034,4e-05,-0.89492
7169.21,BTC-27DEC19,1574506744742,open,6.23,0.8,6.1095,6.399,6.25146982,0.0,3.59,0.0,BTC-27DEC19-52000-P,7175.77,0.0,0.001,1.0,0.0,0.0,0.0,0.0,0.0,-48.26126,0.0,-1.0
7257.29,BTC-27MAR20,1574506744742,open,3.4,0.0,3.323,3.516,3.41297415,106.51,None,0.0,BTC-27MAR20-32000-P,7175.77,0.0,0.001,1.0,0.0,0.0,0.0,1.98736,-0.84756,-109.0925,1e-05,-0.98078
7257.29,BTC-27MAR20,1574506744742,open,4.5,1.0,4.403,4.635,4.51297156,106.24,4.54,0.0,BTC-27MAR20-40000-P,7175.77,0.0,0.0005,2.0,0.0,0.0,0.0,0.87103,-0.37051,-136.69738,0.0,-0.99258
7257.29,BTC-27MAR20,1574506744742,open,1.49,0.0,1.436,1.5645,1.49370075,89.45,1.23,0.0,BTC-27MAR20-18000-P,7175.77,0.0,0.0,0.0,0.0,0.0,0.0,5.70923,-2.0447,-60.17426,4e-05,-0.92985
7169.21,BTC-27DEC19,1574506744742,open,2.34,0.0,2.283,2.4165,2.34780616,126.11,None,0.0,BTC-27DEC19-24000-P,7175.77,0.0,0.0,0.0,0.0,0.0,0.0,0.11139,-0.20734,-22.265,0.0,-0.99843
7169.21,BTC-27DEC19,1574506744742,open,0.0,942.8,0.0005,0.014,0.00360911,88.03,0.0035,0.0,BTC-27DEC19-12000-C,7175.77,85.42,0.003,3.0,0.004,32.0,89.57,1.76635,-2.29513,0.22219,4e-05,0.037
7169.21,BTC-27DEC19,1574506744742,open,5.67,0.0,5.5625,5.83,5.69366446,0.0,None,0.0,BTC-27DEC19-48000-P,7175.77,0.0,0.0005,1.0,0.0,0.0,0.0,0.0,0.0,-44.54886,0.0,-1.0
7257.29,BTC-27MAR20,1574506744742,open,1.22,1.1,1.168,1.289,1.22212744,85.3,1.08,0.0,BTC-27MAR20-16000-P,7175.77,0.0,0.0,0.0,0.0,0.0,0.0,6.945,-2.37188,-52.91603,5e-05,-0.90909
7169.21,BTC-27DEC19,1574506744742,open,0.14,106.5,0.107,0.164,0.13391126,67.99,0.135,0.0,BTC-27DEC19-6500-C,7175.77,64.66,0.1305,4.9,0.137,4.9,70.98,7.37857,-7.40486,3.8858,0.00023,0.71791
7169.21,BTC-27DEC19,1574506744743,open,0.0,971.0,0.0005,0.012,0.00201222,99.55,0.0025,0.0,BTC-27DEC19-14000-C,7175.77,95.71,0.0015,5.0,0.0025,8.0,102.63,1.05428,-1.54903,0.11921,2e-05,0.01993
7257.29,BTC-27MAR20,1574506744742,open,0.69,54.9,0.644,0.757,0.69467127,79.1,0.77,0.0,BTC-27MAR20-12000-P,7175.77,0.0,0.021,1.1,0.88,1.0,166.18,11.74345,-3.71925,-37.20816,8e-05,-0.8039
7169.21,BTC-27DEC19,1574506744743,open,0.0,692.7,0.0005,0.0125,0.00274869,94.64,0.0025,0.0,BTC-27DEC19-13000-C,7175.77,93.31,0.0025,0.4,0.003,8.9,95.91,1.37947,-1.92703,0.16423,3e-05,0.02743
7257.29,BTC-27MAR20,1574506744743,open,3.13,0.0,3.053,3.238,3.13884199,107.42,None,0.0,BTC-27MAR20-30000-P,7175.77,0.0,0.0,0.0,0.0,0.0,0.0,2.55653,-1.09957,-102.12,1e-05,-0.97409
7169.21,BTC-27DEC19,1574506744742,open,4.0,1.3,3.922,4.1225,4.02024919,0.0,3.212,0.0,BTC-27DEC19-36000-P,7175.77,0.0,0.0,0.0,0.0,0.0,0.0,0.0,0.0,-33.41164,0.0,-1.0
7170.26,BTC-27DEC19,1574506744743,open,0.95,268.3,0.9155,0.9995,0.9548464,101.63,0.7205,0.0,BTC-27DEC19-14000-P,7175.77,0.0,0.0,0.0,0.0,0.0,0.0,1.1644,-1.74661,-12.85985,2e-05,-0.97759
7170.26,BTC-27DEC19,1574506744743,open,0.38,21.6,0.361,0.396,0.37684921,92.1,0.5285,0.0,BTC-27DEC19-4500-C,7175.77,0.0,0.364,7.0,0.3905,7.0,129.7,1.72253,-2.34155,3.90814,4e-05,0.96412
7170.26,BTC-27DEC19,1574506744743,open,5.12,0.0,5.0155,5.261,5.13585913,0.0,3.46,0.0,BTC-27DEC19-44000-P,7175.77,0.0,0.001,1.0,0.0,0.0,0.0,0.0,0.0,-40.83645,0.0,-1.0
7257.29,BTC-27MAR20,1574506744743,open,1.76,5.2,1.706,1.8415,1.76733165,94.22,1.108,0.0,BTC-27MAR20-20000-P,7175.77,0.0,0.0,0.0,0.0,0.0,0.0,4.98599,-1.88106,-67.24689,3e-05,-0.94107
7257.29,BTC-27MAR20,1574506744744,open,2.58,0.0,2.5145,2.674,2.58868065,101.41,None,0.0,BTC-27MAR20-26000-P,7175.77,0.0,0.0,0.0,0.0,0.0,0.0,3.03187,-1.23103,-88.31359,2e-05,-0.96819
7170.26,BTC-27DEC19,1574506744744,open,1.23,18.0,1.189,1.2815,1.23307032,112.45,1.261,0.0,BTC-27DEC19-16000-P,7175.77,0.0,0.0,0.0,0.0,0.0,0.0,0.82432,-1.36815,-14.76106,2e-05,-0.98506
7170.26,BTC-27DEC19,1574506744744,open,0.81,99.0,0.779,0.859,0.81609256,96.13,0.638,0.0,BTC-27DEC19-13000-P,7175.77,0.0,0.0,0.0,0.0,0.0,0.0,1.47376,-2.09107,-11.88799,3e-05,-0.97031
7257.29,BTC-27MAR20,1574506744744,open,3.68,0.0,3.595,3.793,3.68882755,110.93,None,0.0,BTC-27MAR20-34000-P,7175.77,0.0,0.0,0.0,0.0,0.0,0.0,2.04674,-0.90907,-115.92484,1e-05,-0.9801
7170.26,BTC-27DEC19,1574506744744,open,0.01,1499.3,0.0005,0.0205,0.00741914,83.4,0.0085,0.0,BTC-27DEC19-5000-P,7175.77,79.34,0.006,49.0,0.0085,24.0,86.24,2.63807,-3.24737,-0.45572,7e-05,-0.06106
7170.26,BTC-27DEC19,1574506744744,open,1.5,9.4,1.4625,1.565,1.51181343,124.08,1.1125,0.0,BTC-27DEC19-18000-P,7175.77,0.0,0.0,0.0,0.0,0.0,0.0,0.69966,-1.28137,-16.63322,1e-05,-0.98765
7170.26,BTC-27DEC19,1574506744744,open,1.09,211.0,1.052,1.141,1.09408247,108.54,0.959,0.0,BTC-27DEC19-15000-P,7175.77,0.0,0.0,0.0,0.0,0.0,0.0,1.02939,-1.64909,-13.80663,2e-05,-0.98063
7170.26,BTC-27DEC19,1574506744744,open,0.01,1206.4,0.0005,0.016,0.00456008,79.29,0.0055,0.0,BTC-27DEC19-11000-C,7175.77,75.62,0.0035,40.0,0.005,13.0,80.67,2.23063,-2.61053,0.29827,6e-05,0.04938
7170.26,BTC-27DEC19,1574506744744,open,4.56,0.0,4.472,4.6945,4.57954004,199.24,2.58,0.0,BTC-27DEC19-40000-P,7175.77,0.0,0.001,1.0,0.0,0.0,0.0,0.35642,-1.04814,-37.0922,0.0,-0.99427
7170.26,BTC-27DEC19,1574506744744,open,2.89,0.2,2.8305,2.986,2.90569438,158.86,2.2765,0.0,BTC-27DEC19-28000-P,7175.77,0.0,0.0,0.0,0.0,0.0,0.0,0.31837,-0.74653,-25.95776,0.0,-0.99496
7173.76,SYN.BTC-29NOV19,1574506744742,open,0.01,258.1,0.0015,0.0305,0.01137145,66.78,0.011,0.0,BTC-29NOV19-6750-P,7175.77,64.46,0.0105,24.0,0.013,9.0,71.01,2.71826,-15.44733,-0.27104,0.00049,-0.22333
7258.34,BTC-27MAR20,1574506744745,open,2.03,5.6,1.975,2.1175,2.04016035,96.98,1.545,0.0,BTC-27MAR20-22000-P,7175.77,0.0,0.0,0.0,0.0,0.0,0.0,4.19161,-1.62766,-74.31947,2e-05,-0.95266
7258.34,BTC-27MAR20,1574506744745,open,2.86,0.0,2.785,2.956,2.8644444,107.68,None,0.0,BTC-27MAR20-28000-P,7175.77,0.0,0.0,0.0,0.0,0.0,0.0,3.18205,-1.3719,-95.12674,2e-05,-0.96627
7172.63,SYN.BTC-6DEC19,1574506744742,open,0.07,53.0,0.0475,0.103,0.0729211,60.83,0.0775,0.0,BTC-6DEC19-7500-P,7175.77,56.69,0.07,18.0,0.075,2.0,63.75,5.08361,-12.00847,-1.78013,0.00046,-0.63063
7258.34,BTC-27MAR20,1574506744745,open,0.04,203.2,0.0185,0.064,0.03624466,72.51,0.04,0.0,BTC-27MAR20-5000-P,7175.77,70.35,0.0335,11.0,0.0385,9.0,74.24,9.34175,-2.71203,-4.31855,7e-05,-0.13766
7170.26,BTC-27DEC19,1574506744745,open,3.45,0.3,3.3765,3.5545,3.46244658,0.0,2.744,0.0,BTC-27DEC19-32000-P,7175.77,0.0,0.0,0.0,0.0,0.0,0.0,0.0,0.0,-29.69924,0.0,-1.0
7173.76,SYN.BTC-29NOV19,1574506744743,open,0.95,0.0,0.913,0.991,0.95104395,0.0,None,0.0,BTC-29NOV19-14000-P,7175.77,0.0,0.0,0.0,0.0,0.0,0.0,0.0,0.0,-2.25369,0.0,-1.0
7170.26,BTC-27DEC19,1574506744745,open,0.67,73.0,0.6425,0.7185,0.67746217,89.1,0.3805,0.0,BTC-27DEC19-12000-P,7175.77,0.0,0.19,0.1,0.0,0.0,0.0,1.84716,-2.4292,-10.90297,4e-05,-0.96092
7170.26,BTC-27DEC19,1574506744746,open,2.61,0.0,2.557,2.7015,2.62673733,150.94,None,0.0,BTC-27DEC19-26000-P,7175.77,0.0,0.0,0.0,0.0,0.0,0.0,0.31939,-0.71154,-24.10126,0.0,-0.99494
7173.76,SYN.BTC-29NOV19,1574506744742,open,0.04,679.1,0.0155,0.062,0.03470755,57.17,0.036,0.0,BTC-29NOV19-7250-P,7175.77,51.78,0.032,18.0,0.036,2.0,59.74,3.60943,-17.5603,-0.66782,0.00076,-0.54358
7172.63,SYN.BTC-6DEC19,1574506744742,open,0.05,60.6,0.0285,0.0795,0.05144079,60.89,0.053,0.0,BTC-6DEC19-7250-P,7175.77,57.63,0.049,18.0,0.0535,2.0,63.64,5.37076,-12.69945,-1.43223,0.00049,-0.51461
7258.34,BTC-27MAR20,1574506744747,open,3.95,0.0,3.864,4.0755,3.9637454,114.33,None,0.0,BTC-27MAR20-36000-P,7175.77,0.0,0.0,0.0,0.0,0.0,0.0,2.02866,-0.9287,-122.77376,1e-05,-0.98031
7173.76,SYN.BTC-29NOV19,1574506744742,open,1.09,0.0,1.0495,1.133,1.09040399,0.0,None,0.0,BTC-29NOV19-15000-P,7175.77,0.0,0.0,0.0,0.0,0.0,0.0,0.0,0.0,-2.41467,0.0,-1.0
7172.63,SYN.BTC-6DEC19,1574506744742,open,0.01,59.4,0.0005,0.0225,0.00738465,63.04,0.008,0.0,BTC-6DEC19-8250-C,7175.77,59.42,0.006,33.1,0.0075,3.0,63.33,2.86179,-7.00606,0.31224,0.00025,0.13079
7173.76,SYN.BTC-29NOV19,1574506744744,open,0.32,114.2,0.298,0.3555,0.32466542,93.12,0.3315,0.0,BTC-29NOV19-9500-P,7175.77,0.0,0.303,2.0,0.3445,2.0,201.8,0.24727,-1.9594,-1.51794,3e-05,-0.98978
