underlying_price,underlying_index,timestamp,state,settlement_price,open_interest,min_price,max_price,mark_price,mark_iv,last_price,interest_rate,instrument_name,index_price,bid_iv,best_bid_price,best_bid_amount,best_ask_price,best_ask_amount,ask_iv,vega,theta,rho,gamma,delta
248.79,index_price,1559905139992,open,10.0,0.001,0.054,0.014382,90.62,0.011,0,ETH-21JUN19-300-C,248.79,85.55,0.012,240.0,0.016,146.0,93.89,0.12077,-0.39437,0.01432,0.00566,0.16577
248.79,index_price,1559905140043,open,0.03,30.0,0.001,0.071,0.029814,84.28,0.03,0,ETH-14JUN19-240-P,248.79,78.77,0.027,240.0,0.03,25.0,84.65,0.12727,-0.78005,-0.01809,0.01295,-0.35614
248.79,index_price,1559905140166,open,10.0,0.001,0.045,0.005211,92.51,0.009,0,ETH-21JUN19-330-C,248.79,82.79,0.003,600.0,0.008,400.0,102.0,0.06511,-0.21704,0.00613,0.00299,0.06997
248.79,index_price,1559905140200,open,0.0,0.001,0.074,0.033202,106.41,None,0,ETH-21JUN19-220-P,248.79,78.19,0.017,136.0,0.024,390.0,90.89,0.15184,-0.58223,-0.02613,0.00606,-0.24306
248.79,index_price,1559905140289,open,0.0,171.0,0.001,0.041,0.001067,107.57,0.002,0,ETH-14JUN19-340-C,248.79,0.0,0.0,0.0,0.002,450.0,118.62,0.01695,-0.13259,0.00092,0.00135,0.02059
248.79,index_price,1559905140325,open,0.0,4496.0,0.001,0.044,0.004236,92.06,0.004,0,ETH-14JUN19-300-C,248.79,90.86,0.004,101.0,0.006,450.0,100.11,0.04983,-0.33361,0.00346,0.00464,0.07807
248.79,index_price,1559905140329,open,0.0,450.0,0.001,0.04,0.000792,111.15,0.001,0,ETH-14JUN19-350-C,248.79,0.0,0.0,0.0,0.001,150.0,114.76,0.01318,-0.10654,0.00068,0.00102,0.01534
248.79,index_price,1559905140332,open,0.05,120.0,0.004,0.083,0.043844,84.28,0.048,0,ETH-14JUN19-250-C,248.79,82.74,0.043,180.0,0.046,150.0,88.22,0.13621,-0.83483,0.02168,0.01386,0.50634
248.79,index_price,1559905140350,open,0.0,0.001,0.05,0.01022,91.03,None,0,ETH-21JUN19-310-C,248.79,85.2,0.008,300.0,0.013,400.0,97.61,0.09983,-0.32744,0.01085,0.00466,0.12495
7995.62,BTC-27SEP19,1559905140366,open,0.0,188.5,0.0005,0.0445,0.00474757,92.04,0.0045,0.0,BTC-27SEP19-24000-C,7962.5,88.24,0.0035,25.0,0.006,10.0,95.25,2.89259,-1.18992,0.58393,2e-05,0.02857
7995.62,BTC-27SEP19,1559905140366,open,1.51,0.0,1.4095,1.61,1.50967188,87.26,None,0.0,BTC-27SEP19-20000-P,7962.5,0.0,0.006,10.0,2.2475,0.2,500.0,4.47959,-1.74692,-60.30865,3e-05,-0.95117
7962.5,index_price,1559905140366,open,0.0,0.212,0.2915,0.25177151,99.08,None,0,BTC-21JUN19-6000-C,7962.5,0.0,0.148,3.0,0.32,3.0,251.86,1.83017,-6.53406,2.08567,8e-05,0.94079
7962.5,index_price,1559905140366,open,0.5,0.0645,0.1525,0.10835222,72.14,0.104,0,BTC-14JUN19-8750-P,7962.5,68.33,0.107,0.5,0.109,0.5,73.9,2.90005,-15.21378,-1.38758,0.00034,-0.81674
7962.5,index_price,1559905140366,open,0.0,0.2715,0.3765,0.32399489,91.44,None,0,BTC-21JUN19-10500-P,7962.5,0.0,0.0,0.0,0.0,0.0,0.0,2.1258,-7.0046,-3.79035,0.0001,-0.92819
7962.5,index_price,1559905140366,open,0.0,139.0,0.0005,0.0405,0.00076615,98.39,0.001,0,BTC-14JUN19-6000-P,7962.5,92.63,0.0005,42.5,0.001,22.4,102.45,0.42019,-3.00636,-0.02405,4e-05,-0.01527
7962.5,index_price,1559905140366,open,0.0,0.0005,0.067,0.02709327,90.63,None,0,BTC-21JUN19-9000-C,7962.5,70.68,0.015,46.0,0.0195,23.3,78.47,5.1583,-16.84509,0.7433,0.00024,0.27265
7962.5,index_price,1559905140366,open,20.5,0.0005,0.05,0.00983157,75.48,0.0095,0,BTC-14JUN19-7250-P,7962.5,73.05,0.009,1.0,0.011,46.5,78.8,2.7589,-15.14342,-0.26879,0.00031,-0.16937
7962.5,index_price,1559905140366,open,0.02,67.9,0.0005,0.0565,0.0161988,72.4,0.016,0,BTC-14JUN19-7500-P,7962.5,69.68,0.015,0.5,0.017,0.6,74.2,3.52532,-18.56107,-0.41015,0.00041,-0.25724
7962.5,index_price,1559905140366,open,0.0,0.005,0.088,0.04641162,95.16,None,0,BTC-21JUN19-7500-P,7962.5,69.6,0.0285,13.1,0.033,1.0,76.13,5.68184,-19.48278,-1.16653,0.00025,-0.33896
7996.1,BTC-27SEP19,1559905140371,open,0.6,5.5,0.533,0.66,0.59646339,76.54,0.605,0.0,BTC-27DEC19-12000-P,7962.5,39.86,0.515,0.1,0.653,3.0,96.52,21.71872,-4.097,-56.06373,8e-05,-0.66498
248.79,index_price,1559905140366,open,0.0,120.0,0.001,0.04,0.00078,118.59,0.001,0,ETH-14JUN19-360-C,248.79,0.0,0.0,0.0,0.001,150.0,122.63,0.01242,-0.1071,0.00063,0.0009,0.01431
7968.29,BTC-28JUN19,1559905140377,open,0.05,448.7,0.0035,0.087,0.04523713,76.56,0.045,0.0,BTC-28JUN19-7500-P,7962.5,73.99,0.043,40.4,0.045,1.1,76.28,6.95366,-12.7503,-1.73918,0.00025,-0.33638
7968.29,BTC-28JUN19,1559905140378,open,0.05,448.7,0.0035,0.087,0.04523713,76.56,0.045,0.0,BTC-28JUN19-7500-P,7962.5,74.56,0.0435,0.4,0.045,1.1,76.28,6.95366,-12.7503,-1.73918,0.00025,-0.33638
248.79,index_price,1559905140382,open,0.0,0.082,0.161,0.121968,105.11,None,0,ETH-21JUN19-230-C,248.79,80.02,0.105,60.0,0.113,150.0,92.01,0.17199,-0.65141,0.05338,0.00695,0.6864
7996.1,BTC-27SEP19,1559905140386,open,0.7,0.5,0.638,0.774,0.70596993,77.46,0.584,0.0,BTC-27DEC19-13000-P,7962.5,39.53,0.6335,0.1,0.765,3.0,99.12,20.41191,-3.89657,-62.92378,7e-05,-0.70982
7995.62,BTC-27SEP19,1559905140424,open,0.02,111.7,0.0005,0.062,0.02249174,81.46,0.0235,0.0,BTC-27SEP19-15000-C,7962.5,79.64,0.0205,17.3,0.024,15.0,82.79,8.91179,-3.24452,2.41645,6e-05,0.12109
7995.62,BTC-27SEP19,1559905140425,open,0.02,111.7,0.0005,0.062,0.02249174,81.46,0.0235,0.0,BTC-27SEP19-15000-C,7962.5,79.64,0.0205,32.3,0.024,15.0,82.79,8.91179,-3.24452,2.41645,6e-05,0.12109
7996.1,BTC-27SEP19,1559905140442,open,1.05,0.0,0.9695,1.133,1.05139858,80.42,None,0.0,BTC-27DEC19-16000-P,7962.5,0.0,0.006,5.0,1.126,3.0,111.03,16.4724,-3.26502,-82.47464,6e-05,-0.80429
7967.81,BTC-28JUN19,1559905140443,open,0.76,1.3,0.6875,0.8275,0.75768026,94.53,2.415,0.0,BTC-28JUN19-14000-P,7962.5,0.0,0.0,0.0,1.0575,1.0,500.0,0.44753,-1.0133,-7.97046,1e-05,-0.99135
254.14,ETH-27SEP19,1559905140459,open,0.02,7561.0,0.001,0.064,0.0235,93.81,0.03,0.0,ETH-27SEP19-140-P,248.77,90.69,0.021,360.0,0.026,60.0,96.8,0.20839,-0.08736,-0.08031,0.00112,-0.0796
250.02,ETH-28JUN19,1559905140459,open,0.04,2141.0,0.003,0.082,0.04247,89.26,0.047,0.0,ETH-28JUN19-280-C,248.77,87.57,0.041,240.0,0.045,150.0,92.15,0.21805,-0.4662,0.04195,0.00683,0.33587
254.14,ETH-27SEP19,1559905140459,open,0.03,514.0,0.001,0.074,0.034185,105.47,0.037,0.0,ETH-27SEP19-560-C,248.77,106.9,0.036,48.0,0.04,152.0,109.93,0.31969,-0.1507,0.0858,0.00153,0.14433
250.02,ETH-28JUN19,1559905140459,open,0.0,5536.0,0.001,0.042,0.002011,97.78,0.003,0.0,ETH-28JUN19-160-P,248.77,87.71,0.001,100.0,0.003,550.0,104.9,0.03066,-0.0718,-0.00335,0.00088,-0.0214
254.14,ETH-27SEP19,1559905140460,open,0.35,743.0,0.317,0.396,0.356826,93.81,0.337,0.0,ETH-27SEP19-180-C,248.77,78.82,0.336,80.0,0.376,12.0,106.82,0.36633,-0.15358,0.36252,0.00197,0.82221
254.14,ETH-27SEP19,1559905140460,open,0.08,1416.0,0.044,0.123,0.083691,96.59,0.088,0.0,ETH-27SEP19-380-C,248.77,98.27,0.087,48.0,0.088,61.0,98.77,0.49906,-0.21544,0.17931,0.00261,0.31388
250.02,ETH-28JUN19,1559905140460,open,0.0,3083.0,0.001,0.04,0.000264,144.3,0.001,0.0,ETH-28JUN19-100-P,248.77,0.0,0.0,0.0,0.001,250.0,168.72,0.00438,-0.01512,-0.00037,8e-05,-0.00234
254.14,ETH-27SEP19,1559905140460,open,0.47,191.0,0.433,0.512,0.472622,93.81,0.5,0.0,ETH-27SEP19-140-C,248.77,53.92,0.451,12.0,0.492,12.0,114.88,0.20839,-0.08736,0.3488,0.00112,0.9204
248.77,index_price,1559905140459,open,0.0,0.171,0.25,0.210162,106.75,None,0,ETH-21JUN19-200-C,248.77,0.0,0.184,60.0,0.227,60.0,143.29,0.0996,-0.38314,0.06292,0.00397,0.87544
248.77,index_price,1559905140459,open,0.0,0.001,0.054,0.014053,106.59,None,0,ETH-21JUN19-200-P,248.77,75.42,0.004,300.0,0.009,100.0,92.9,0.09944,-0.38193,-0.01308,0.00397,-0.12427
248.77,index_price,1559905140459,open,0.0,0.005,0.088,0.046442,105.07,None,0,ETH-21JUN19-230-P,248.77,77.73,0.028,275.0,0.033,40.0,85.31,0.172,-0.65119,-0.03406,0.00696,-0.3137
248.77,index_price,1559905140459,open,0.0,0.009,0.088,0.048995,87.17,None,0,ETH-21JUN19-260-C,248.77,81.94,0.045,180.0,0.051,150.0,89.78,0.19057,-0.59857,0.03609,0.00929,0.43061
250.02,ETH-28JUN19,1559905140460,open,0.0,7787.0,0.001,0.041,0.001527,105.35,0.003,0.0,ETH-28JUN19-150-P,248.77,98.95,0.001,111.0,0.002,400.0,109.96,0.02345,-0.05917,-0.00245,0.00062,-0.01562
250.02,ETH-28JUN19,1559905140460,open,0.56,10.0,0.521,0.6,0.560508,138.77,0.265,0.0,ETH-28JUN19-110-C,248.77,0.0,0.549,60.0,0.572,60.0,236.72,0.00731,-0.02431,0.06225,0.00015,0.99585
250.02,ETH-28JUN19,1559905140461,open,0.0,4694.0,0.001,0.04,0.000472,138.77,0.001,0.0,ETH-28JUN19-110-P,248.77,0.0,0.0,0.0,0.001,250.0,152.36,0.00731,-0.02431,-0.00066,0.00015,-0.00415
250.02,ETH-28JUN19,1559905140462,open,0.0,7642.0,0.001,0.044,0.004476,87.79,0.003,0.0,ETH-28JUN19-180-P,248.77,80.88,0.003,550.0,0.006,400.0,93.75,0.05915,-0.12438,-0.00743,0.00188,-0.04746
250.02,ETH-28JUN19,1559905140462,open,0.68,0.0,0.641,0.72,0.680066,150.0,None,0.0,ETH-28JUN19-80-C,248.77,0.0,0.669,60.0,0.692,60.0,317.77,0.00086,-0.00307,0.04569,2e-05,0.9996
248.77,index_price,1559905140459,open,0.0,0.026,0.11,0.067786,83.82,None,0,ETH-21JUN19-250-P,248.77,76.37,0.062,427.0,0.071,150.0,87.95,0.19325,-0.58365,-0.05175,0.0098,-0.47945
254.12,ETH-27SEP19,1559905140462,open,0.0,1743.0,0.001,0.042,0.002609,104.04,0.003,0.0,ETH-27SEP19-80-P,248.77,106.39,0.003,134.0,0.004,60.0,111.67,0.04035,-0.01876,-0.01051,0.0002,-0.01088
254.12,ETH-27SEP19,1559905140462,open,0.3,1728.0,0.269,0.348,0.308193,93.84,0.32,0.0,ETH-27SEP19-200-C,248.77,79.43,0.284,92.0,0.331,12.0,107.12,0.43288,-0.18154,0.35539,0.00233,0.76447
248.77,index_price,1559905140459,open,0.0,0.078,0.167,0.122216,88.44,None,0,ETH-21JUN19-270-P,248.77,75.42,0.113,330.0,0.121,150.0,86.75,0.17943,-0.57182,-0.07315,0.00862,-0.65124
248.77,index_price,1559905140460,open,0.0,50.0,0.001,0.041,0.001245,92.14,0.002,0,ETH-14JUN19-320-C,248.77,0.0,0.0,0.0,0.002,100.0,99.72,0.02124,-0.14234,0.0012,0.00198,0.02694
250.0,ETH-28JUN19,1559905140463,open,0.07,2304.0,0.027,0.106,0.066272,87.28,0.063,0.0,ETH-28JUN19-260-C,248.77,85.94,0.065,180.0,0.069,150.0,90.15,0.23769,-0.49689,0.05726,0.00762,0.46672
248.77,index_price,1559905140460,open,0.0,1145.0,0.001,0.042,0.00233,92.09,0.003,0,ETH-14JUN19-310-C,248.77,79.65,0.001,150.0,0.003,100.0,96.73,0.03334,-0.22324,0.00208,0.00311,0.04669
248.77,index_price,1559905140460,open,1.0,0.051,0.137,0.094053,87.06,0.083,0,ETH-21JUN19-260-P,248.77,76.5,0.086,180.0,0.093,150.0,85.68,0.19055,-0.59777,-0.06276,0.0093,-0.56956
254.12,ETH-27SEP19,1559905140463,open,0.04,5373.0,0.001,0.082,0.041212,93.79,0.04,0.0,ETH-27SEP19-160-P,248.77,90.94,0.038,60.0,0.044,60.0,96.21,0.28953,-0.12136,-0.12942,0.00156,-0.12495
248.77,index_price,1559905140459,open,15.0,0.001,0.047,0.007185,91.41,0.004,0,ETH-21JUN19-320-C,248.77,84.06,0.005,300.0,0.01,400.0,99.42,0.08058,-0.26541,0.0081,0.00375,0.0928
248.77,index_price,1559905140459,open,0.11,18.0,0.06,0.148,0.104105,88.28,0.101,0,ETH-14JUN19-270-P,248.77,76.62,0.099,60.0,0.106,60.0,92.42,0.11272,-0.72367,-0.03913,0.01095,-0.73082
248.77,index_price,1559905140459,open,0.0,30.0,0.001,0.04,0.000998,98.0,0.007,0,ETH-14JUN19-330-C,248.77,0.0,0.0,0.0,0.002,550.0,109.41,0.01723,-0.12279,0.00094,0.00151,0.021
248.77,index_price,1559905140459,open,0.0,0.001,0.076,0.036963,88.56,None,0,ETH-21JUN19-270-C,248.77,84.43,0.034,1.0,0.038,150.0,90.0,0.17948,-0.57277,0.02951,0.00861,0.34904
248.77,index_price,1559905140459,open,0.02,320.0,0.001,0.057,0.016453,84.24,0.013,0,ETH-14JUN19-230-P,248.77,78.26,0.014,374.0,0.016,2.0,83.15,0.10387,-0.63625,-0.01158,0.01058,-0.23076
248.77,index_price,1559905140459,open,0.0,0.006,0.089,0.047889,83.83,None,0,ETH-21JUN19-240-P,248.77,77.24,0.043,262.0,0.052,150.0,89.35,0.18492,-0.55856,-0.04062,0.00938,-0.38159
248.77,index_price,1559905140460,open,0.09,4.0,0.052,0.131,0.091979,84.41,0.077,0,ETH-14JUN19-230-C,248.77,82.06,0.091,60.0,0.096,150.0,93.82,0.10397,-0.63821,0.03172,0.01056,0.76884
248.77,index_price,1559905140459,open,0.08,38.0,0.032,0.117,0.074915,87.72,0.072,0,ETH-14JUN19-260-P,248.77,78.23,0.07,180.0,0.074,150.0,85.96,0.12996,-0.82901,-0.03258,0.01271,-0.6204
254.12,ETH-27SEP19,1559905140473,open,0.57,28.0,0.516,0.642,0.57888,96.52,0.419,0.0,ETH-27SEP19-380-P,248.77,87.7,0.562,36.0,0.618,36.0,115.67,0.49879,-0.21515,-0.98557,0.00261,-0.68646
7995.62,BTC-27SEP19,1559905140665,open,0.02,111.7,0.0005,0.062,0.02249174,81.46,0.0235,0.0,BTC-27SEP19-15000-C,7962.5,79.64,0.0205,34.3,0.024,15.0,82.79,8.91179,-3.24452,2.41645,6e-05,0.12109
248.77,index_price,1559905140884,open,0.0,0.001,0.074,0.033202,106.37,None,0,ETH-21JUN19-220-P,248.77,78.16,0.017,136.0,0.024,526.0,90.85,0.15185,-0.58206,-0.02613,0.00607,-0.24313
248.77,index_price,1559905140885,open,0.0,0.006,0.089,0.047889,83.83,None,0,ETH-21JUN19-240-P,248.77,77.24,0.043,262.0,0.052,262.0,89.35,0.18492,-0.55856,-0.04062,0.00938,-0.38159
248.77,index_price,1559905140895,open,0.0,0.009,0.088,0.048995,87.17,None,0,ETH-21JUN19-260-C,248.77,81.94,0.045,180.0,0.051,264.0,89.78,0.19057,-0.59857,0.03609,0.00929,0.43061
248.77,index_price,1559905140902,open,0.0,0.001,0.076,0.036963,88.56,None,0,ETH-21JUN19-270-C,248.77,84.43,0.034,1.0,0.038,274.0,90.0,0.17948,-0.57277,0.02951,0.00861,0.34904
250.02,ETH-28JUN19,1559905140913,open,0.03,2585.0,0.001,0.066,0.026742,91.03,0.025,0.0,ETH-28JUN19-300-C,248.77,88.63,0.025,240.0,0.03,305.0,95.41,0.18297,-0.39893,0.02953,0.00562,0.23322
7962.5,index_price,1559905141004,open,0.0,0.0005,0.067,0.02710718,90.63,None,0,BTC-21JUN19-9000-C,7962.5,70.68,0.015,46.0,0.0195,23.4,78.47,5.1583,-16.84509,0.7433,0.00024,0.27265
7962.5,index_price,1559905141019,open,0.0,0.013,0.0925,0.05298409,70.61,None,0,BTC-14JUN19-7750-C,7962.5,67.81,0.0515,35.5,0.0545,0.5,73.59,4.13209,-21.21704,0.86312,0.00049,0.62839
7962.5,index_price,1559905141054,open,0.2,0.004,0.0835,0.04382645,90.46,0.05,0,BTC-21JUN19-8500-C,7962.5,69.58,0.0285,46.0,0.034,13.3,77.2,5.95186,-19.40195,1.04463,0.00027,0.38891
7967.81,BTC-28JUN19,1559905141062,open,0.0,259.1,0.0005,0.0405,0.00080342,115.8,0.003,0.0,BTC-28JUN19-4250-P,7962.5,0.0,0.0,0.0,0.001,6.1,119.27,0.41876,-1.1615,-0.04023,1e-05,-0.00802
7996.1,BTC-27SEP19,1559905141065,open,0.03,120.3,0.0005,0.0685,0.02856584,80.22,0.026,0.0,BTC-27SEP19-14000-C,7962.5,79.39,0.0275,7.9,0.0305,13.0,81.71,10.29355,-3.69051,2.96137,7e-05,0.14939
7962.5,index_price,1559905141087,open,2.8,0.0005,0.067,0.02629649,70.72,0.0235,0,BTC-14JUN19-7750-P,7962.5,67.21,0.0245,0.4,0.0275,1.0,72.99,4.13259,-21.25358,-0.59709,0.00049,-0.37175
7968.29,BTC-28JUN19,1559905141097,open,0.07,708.4,0.0315,0.111,0.07108431,76.53,0.074,0.0,BTC-28JUN19-8000-C,7962.5,74.34,0.069,37.9,0.0735,0.4,79.07,7.58387,-13.90046,2.08154,0.00027,0.52783
7967.81,BTC-28JUN19,1559905141123,open,0.03,768.5,0.0005,0.07,0.03014187,77.49,0.029,0.0,BTC-28JUN19-9000-C,7962.5,75.44,0.0285,47.5,0.032,23.8,79.74,6.48152,-12.02899,1.16653,0.00023,0.28614
7962.5,index_price,1559905141125,open,3.0,0.0175,0.097,0.05706408,76.21,0.054,0,BTC-21JUN19-8000-C,7962.5,69.08,0.0515,36.0,0.058,13.3,77.45,6.18792,-16.99269,1.39236,0.00034,0.51702
7967.81,BTC-28JUN19,1559905141135,open,0.15,858.3,0.107,0.1865,0.14660712,78.02,0.127,0.0,BTC-28JUN19-7000-C,7962.5,74.2,0.144,11.4,0.1505,11.4,83.45,5.57583,-10.41928,2.90659,0.0002,0.78446
7967.81,BTC-28JUN19,1559905141141,open,0.15,858.3,0.107,0.1865,0.14660712,78.02,0.127,0.0,BTC-28JUN19-7000-C,7962.5,74.2,0.144,11.4,0.1505,11.5,83.45,5.57583,-10.41928,2.90659,0.0002,0.78446
7962.5,index_price,1559905141373,open,0.0,0.0005,0.0455,0.00534489,99.26,None,0,BTC-21JUN19-6000-P,7962.5,72.12,0.001,8.4,0.0035,16.0,90.4,1.83722,-6.57109,-0.19628,8e-05,-0.0595
7968.29,BTC-28JUN19,1559905141398,open,0.5,322.4,0.459,0.5385,0.49872421,124.08,0.48,0.0,BTC-28JUN19-4000-C,7962.5,0.0,0.0,0.0,0.5315,0.1,273.08,0.35906,-1.06704,2.25379,1e-05,0.99326
7996.1,BTC-27SEP19,1559905141398,open,0.43,13.5,0.386,0.4655,0.42580125,80.06,0.382,0.0,BTC-27SEP19-4750-C,7962.5,0.0,0.011,0.6,0.464,0.1,117.23,6.65963,-2.38288,12.08124,4e-05,0.91874
7968.29,BTC-28JUN19,1559905141398,open,0.0,539.1,0.0005,0.0405,0.00070898,96.19,0.0005,0.0,BTC-28JUN19-14000-C,7962.5,92.42,0.0005,0.1,0.001,67.7,100.3,0.49785,-1.14698,0.04131,1e-05,0.00977
7968.29,BTC-28JUN19,1559905141398,open,0.0,621.9,0.0005,0.0415,0.0019353,84.37,0.003,0.0,BTC-28JUN19-12000-C,7962.5,76.7,0.001,71.0,0.003,72.7,90.57,1.18428,-2.39307,0.11379,4e-05,0.0269
7968.29,BTC-28JUN19,1559905141413,open,0.05,448.7,0.0035,0.087,0.0452128,76.56,0.045,0.0,BTC-28JUN19-7500-P,7962.5,73.99,0.043,40.4,0.045,1.1,76.28,6.95366,-12.7503,-1.73918,0.00025,-0.33638
7968.29,BTC-28JUN19,1559905141417,open,0.88,2.8,0.808,0.958,0.88306011,104.1,0.6485,0.0,BTC-28JUN19-15000-P,7962.5,0.0,0.0,0.0,1.166,1.0,500.0,0.41008,-1.02242,-8.54608,1e-05,-0.99217
7968.29,BTC-28JUN19,1559905141420,open,0.05,448.7,0.0035,0.087,0.0452128,76.56,0.045,0.0,BTC-28JUN19-7500-P,7962.5,74.56,0.0435,0.4,0.045,1.1,76.28,6.95366,-12.7503,-1.73918,0.00025,-0.33638
7962.5,index_price,1559905141428,open,0.0,194.8,0.0005,0.042,0.00232433,77.4,0.003,0,BTC-14JUN19-9500-C,7962.5,75.15,0.002,1.0,0.003,63.4,81.59,1.19512,-6.72664,0.07725,0.00013,0.05383
7996.1,BTC-27SEP19,1559905141447,open,0.01,58.1,0.0005,0.051,0.01113995,98.7,0.0125,0.0,BTC-27DEC19-36000-C,7962.5,97.08,0.01,10.0,0.013,20.0,101.13,5.83115,-1.41845,1.58472,2e-05,0.0468
7968.29,BTC-28JUN19,1559905141452,open,0.16,110.9,0.1135,0.206,0.15968688,77.53,0.15,0.0,BTC-28JUN19-9000-P,7962.5,65.81,0.1505,10.0,0.1665,10.0,85.74,6.48476,-12.04229,-3.97987,0.00023,-0.7136
250.0,ETH-28JUN19,1559905141459,open,0.03,4950.0,0.001,0.073,0.032225,87.22,0.028,0.0,ETH-28JUN19-220-P,248.79,82.81,0.029,131.0,0.034,240.0,89.61,0.18444,-0.38529,-0.03844,0.00592,-0.23664
250.0,ETH-28JUN19,1559905141459,open,0.76,0.0,0.691,0.831,0.760859,98.69,None,0.0,ETH-28JUN19-440-P,248.79,0.0,0.745,60.0,0.772,60.0,151.19,0.01784,-0.04217,-0.25015,0.00051,-0.98862
254.12,ETH-27SEP19,1559905141459,open,0.79,0.0,0.72,0.863,0.791593,99.96,None,0.0,ETH-27SEP19-440-P,248.79,88.42,0.773,12.0,0.829,12.0,120.24,0.43458,-0.19414,-1.21071,0.0022,-0.76279
254.12,ETH-27SEP19,1559905141460,open,0.13,2011.0,0.086,0.176,0.131135,93.81,0.126,0.0,ETH-27SEP19-220-P,248.79,92.69,0.129,48.0,0.138,161.0,97.4,0.48583,-0.20368,-0.33233,0.00262,-0.29553
250.02,ETH-28JUN19,1559905141460,open,0.36,922.0,0.323,0.402,0.362062,97.78,0.363,0.0,ETH-28JUN19-160-C,248.79,0.0,0.351,60.0,0.374,60.0,148.31,0.03066,-0.0718,0.08816,0.00088,0.9786
254.12,ETH-27SEP19,1559905141460,open,0.26,843.0,0.226,0.305,0.265437,93.82,0.259,0.0,ETH-27SEP19-220-C,248.79,90.98,0.26,36.0,0.271,36.0,96.73,0.48583,-0.20372,0.34196,0.00262,0.70447
250.02,ETH-28JUN19,1559905141460,open,0.64,0.0,0.601,0.68,0.640123,144.93,None,0.0,ETH-28JUN19-90-C,248.79,0.0,0.629,60.0,0.652,60.0,287.56,0.00183,-0.00635,0.05133,4e-05,0.9991
254.12,ETH-27SEP19,1559905141460,open,0.44,31.0,0.389,0.504,0.446783,95.11,0.368,0.0,ETH-27SEP19-340-P,248.79,96.63,0.45,36.0,0.463,36.0,102.7,0.53821,-0.22878,-0.8262,0.00286,-0.61395
254.12,ETH-27SEP19,1559905141460,open,0.41,401.0,0.372,0.451,0.411609,93.81,0.38,0.0,ETH-27SEP19-160-C,248.79,72.74,0.39,12.0,0.431,12.0,109.95,0.28957,-0.1214,0.36096,0.00156,0.87503
254.12,ETH-27SEP19,1559905141460,open,0.06,4824.0,0.023,0.107,0.065098,93.79,0.06,0.0,ETH-27SEP19-180-P,248.79,91.63,0.062,48.0,0.069,184.0,96.49,0.36634,-0.15356,-0.1892,0.00197,-0.17781
254.12,ETH-27SEP19,1559905141460,open,0.69,0.0,0.648,0.727,0.687799,104.05,None,0.0,ETH-27SEP19-80-C,248.79,0.0,0.665,12.0,0.707,12.0,161.82,0.04036,-0.01877,0.2347,0.0002,0.98912
254.12,ETH-27SEP19,1559905141460,open,0.1,914.0,0.069,0.148,0.108916,95.15,0.114,0.0,ETH-27SEP19-340-C,248.79,96.13,0.111,48.0,0.118,130.0,99.42,0.53827,-0.2289,0.21596,0.00286,0.38618
254.12,ETH-27SEP19,1559905141460,open,0.93,0.0,0.86,1.014,0.937257,101.44,None,0.0,ETH-27SEP19-480-P,248.79,90.79,0.922,12.0,0.972,12.0,121.89,0.39057,-0.17708,-1.35531,0.00195,-0.80277
250.02,ETH-28JUN19,1559905141460,open,0.0,10453.0,0.001,0.041,0.001033,111.39,0.002,0.0,ETH-28JUN19-140-P,248.79,0.0,0.0,0.0,0.002,250.0,123.0,0.01655,-0.04414,-0.00164,0.00042,-0.01044
250.02,ETH-28JUN19,1559905141461,open,0.18,704.0,0.142,0.221,0.181562,87.25,0.173,0.0,ETH-28JUN19-210-C,248.79,64.12,0.169,60.0,0.194,60.0,106.32,0.15331,-0.32037,0.09222,0.00491,0.82647
254.12,ETH-27SEP19,1559905141461,open,0.19,1111.0,0.156,0.235,0.195882,93.81,0.18,0.0,ETH-27SEP19-260-C,248.79,92.94,0.194,36.0,0.202,112.0,96.65,0.54837,-0.2299,0.30337,0.00295,0.58536
250.02,ETH-28JUN19,1559905141461,open,0.48,386.0,0.441,0.52,0.480996,122.88,0.321,0.0,ETH-28JUN19-130-C,248.79,0.0,0.47,60.0,0.484,2.0,153.87,0.0143,-0.04208,0.07295,0.00033,0.99117
254.14,ETH-27SEP19,1559905141462,open,0.0,174.0,0.001,0.041,0.001662,120.33,0.002,0.0,ETH-27SEP19-60-P,248.79,112.34,0.001,150.0,0.003,150.0,131.6,0.02467,-0.01327,-0.00613,0.0001,-0.00621
254.14,ETH-27SEP19,1559905141462,open,0.09,2868.0,0.052,0.138,0.095171,93.82,0.09,0.0,ETH-27SEP19-200-P,248.79,91.96,0.092,48.0,0.1,173.0,96.65,0.43286,-0.1815,-0.25756,0.00233,-0.23548
250.02,ETH-28JUN19,1559905141462,open,0.0,9802.0,0.001,0.041,0.000995,123.58,0.001,0.0,ETH-28JUN19-130-P,248.79,0.0,0.0,0.0,0.002,400.0,136.94,0.01471,-0.04353,-0.00145,0.00033,-0.00912
254.14,ETH-27SEP19,1559905141462,open,0.17,1624.0,0.126,0.219,0.172588,93.83,0.174,0.0,ETH-27SEP19-240-P,248.79,93.06,0.171,48.0,0.18,99.0,97.42,0.52419,-0.21981,-0.41153,0.00282,-0.35572
250.02,ETH-28JUN19,1559905141463,open,0.6,0.0,0.538,0.666,0.601964,95.53,None,0.0,ETH-28JUN19-400-P,248.79,0.0,0.587,60.0,0.613,60.0,135.04,0.03614,-0.08268,-0.22535,0.00106,-0.97398
248.79,index_price,1559905141460,open,0.01,241.0,0.001,0.048,0.008027,84.32,0.007,0,ETH-14JUN19-220-P,248.79,77.01,0.006,596.0,0.008,100.0,84.23,0.07271,-0.44587,-0.00653,0.0074,-0.13125
248.79,index_price,1559905141459,open,0.0,0.107,0.198,0.152577,89.05,None,0,ETH-21JUN19-280-P,248.79,0.0,0.121,60.0,0.179,60.0,126.91,0.16223,-0.52055,-0.08288,0.00774,-0.72371
248.79,index_price,1559905141459,open,0.29,0.0,0.237,0.339,0.287572,93.27,None,0,ETH-14JUN19-320-P,248.79,0.0,0.274,60.0,0.294,60.0,132.36,0.02231,-0.15134,-0.059,0.00205,-0.97143
248.79,index_price,1559905141460,open,0.0,0.001,0.067,0.02704,88.91,None,0,ETH-21JUN19-280-C,248.79,84.18,0.024,240.0,0.029,283.0,91.89,0.16212,-0.51937,0.02354,0.00775,0.27589
7968.29,BTC-28JUN19,1559905141466,open,0.0,402.3,0.0005,0.04,0.00034597,134.2,0.001,0.0,BTC-28JUN19-3500-P,7962.5,0.0,0.0,0.0,0.0005,8.1,139.95,0.18616,-0.59838,-0.01628,0.0,-0.00323
7968.29,BTC-28JUN19,1559905141483,open,0.32,0.0,0.2725,0.378,0.32519647,80.42,None,0.0,BTC-28JUN19-10500-P,7962.5,0.0,0.005,3.5,0.0,0.0,0.0,3.10422,-5.97915,-5.62751,0.00011,-0.90962
7996.1,BTC-27SEP19,1559905141488,open,2.52,0.0,2.378,2.6585,2.51825854,92.2,None,0.0,BTC-27DEC19-28000-P,7962.5,0.0,0.0,0.0,2.6595,3.0,162.68,7.96028,-1.80884,-153.27736,2e-05,-0.9305
7996.1,BTC-27SEP19,1559905141538,open,0.01,376.9,0.0005,0.05,0.00962969,83.89,0.0155,0.0,BTC-27SEP19-4000-P,7962.5,81.56,0.0085,28.0,0.011,13.0,86.54,3.99883,-1.4993,-1.27501,2e-05,-0.04239
7996.1,BTC-27SEP19,1559905141553,open,0.01,382.8,0.0005,0.0455,0.00565259,87.49,0.005,0.0,BTC-27SEP19-3500-P,7962.5,83.78,0.0045,28.0,0.007,13.0,91.32,2.64882,-1.03568,-0.76869,2e-05,-0.02571
7968.29,BTC-28JUN19,1559905141576,open,0.53,30.0,0.49,0.5695,0.52996292,131.27,0.298,0.0,BTC-28JUN19-3750-C,7962.5,0.0,0.0015,1.0,0.563,0.1,294.04,0.28853,-0.90714,2.11813,1e-05,0.99473
7996.1,BTC-27SEP19,1559905141609,open,0.66,0.0,0.5965,0.729,0.66270723,79.05,None,0.0,BTC-27SEP19-13000-P,7962.5,0.0,0.006,50.0,1.4155,0.3,499.76,11.86706,-4.19235,-36.18557,8e-05,-0.81373
7996.1,BTC-27SEP19,1559905141633,open,0.78,0.0,0.7085,0.8505,0.77941939,80.23,None,0.0,BTC-27SEP19-14000-P,7962.5,0.0,0.006,10.0,1.5335,0.3,499.92,10.29473,-3.69121,-39.94942,7e-05,-0.85059
7996.1,BTC-27SEP19,1559905141671,open,0.17,183.4,0.12,0.213,0.16648471,75.8,0.1655,0.0,BTC-27SEP19-8000-P,7962.5,74.88,0.1645,9.3,0.1705,9.0,77.66,17.28043,-5.85419,-14.30914,0.00012,-0.41735
7996.1,BTC-27SEP19,1559905141690,open,0.09,864.4,0.048,0.1275,0.08763573,76.03,0.0905,0.0,BTC-27SEP19-10000-C,7962.5,76.2,0.088,0.1,0.091,13.0,77.63,16.77496,-5.70017,7.02279,0.00011,0.37418
7996.1,BTC-27SEP19,1559905141698,open,0.05,205.5,0.008,0.0915,0.04953445,75.72,0.05,0.0,BTC-27DEC19-5000-P,7962.5,75.07,0.0485,10.0,0.05,1.0,76.01,12.78766,-2.38637,-8.09684,5e-05,-0.13265
7968.29,BTC-28JUN19,1559905141703,open,0.47,10.5,0.4275,0.507,0.46740716,115.19,0.428,0.0,BTC-28JUN19-4250-C,7962.5,0.0,0.021,1.0,0.5,0.1,253.46,0.40729,-1.12369,2.39179,1e-05,0.99223
7996.1,BTC-27SEP19,1559905141725,open,0.27,67.2,0.2325,0.312,0.27225235,74.16,0.274,0.0,BTC-27DEC19-7000-C,7962.5,57.92,0.23,2.0,0.316,0.1,91.04,20.80644,-3.80308,18.89758,8e-05,0.69745
7996.1,BTC-27SEP19,1559905141762,open,0.03,374.9,0.0005,0.0655,0.02477764,79.17,0.0305,0.0,BTC-27SEP19-5000-P,7962.5,77.82,0.0235,28.0,0.027,13.0,81.45,7.6814,-2.71781,-3.02037,5e-05,-0.09846
7968.28,BTC-28JUN19,1559905141762,open,0.31,148.2,0.2725,0.352,0.31214214,85.77,0.36,0.0,BTC-28JUN19-5500-C,7962.5,0.0,0.3095,0.1,0.345,0.1,174.76,1.22713,-2.52095,3.00686,4e-05,0.97192
7996.1,BTC-27SEP19,1559905141762,open,0.01,178.6,0.0005,0.046,0.00600601,89.82,0.0095,0.0,BTC-27DEC19-2500-P,7962.5,85.14,0.0045,21.1,0.0075,20.0,93.85,2.78516,-0.61655,-1.11922,1e-05,-0.01918
7996.1,BTC-27SEP19,1559905141762,open,0.04,184.6,0.0005,0.0785,0.0389483,82.46,0.047,0.0,BTC-27DEC19-18000-C,7962.5,81.35,0.037,8.0,0.0415,8.0,83.87,14.24394,-2.89468,5.18629,5e-05,0.15564
7996.09,BTC-27SEP19,1559905141781,open,0.81,42.8,0.7735,0.853,0.81343004,130.27,0.815,0.0,BTC-27SEP19-1500-C,7962.5,0.0,0.0,0.0,0.85,0.1,275.07,0.48558,-0.28271,4.48263,0.0,0.99633
7996.09,BTC-27SEP19,1559905141793,open,0.02,194.8,0.0005,0.0585,0.0189173,90.46,0.0185,0.0,BTC-27DEC19-26000-C,7962.5,88.66,0.017,10.0,0.021,10.0,92.3,8.78677,-1.95899,2.67465,3e-05,0.0791
7962.5,index_price,1559905141805,open,0.3,0.0005,0.056,0.01630011,91.08,0.0165,0,BTC-21JUN19-9500-C,7962.5,70.35,0.007,56.0,0.01,2.0,77.83,4.11093,-13.49197,0.50348,0.00019,0.18263
7996.09,BTC-27SEP19,1559905141813,open,0.18,157.1,0.134,0.228,0.18112951,74.06,0.1955,0.0,BTC-27DEC19-7500-P,7962.5,72.57,0.177,17.8,0.1855,8.0,75.65,22.02291,-4.01994,-23.49445,8e-05,-0.3475
7996.09,BTC-27SEP19,1559905141830,open,0.09,186.7,0.048,0.135,0.09152982,74.82,0.099,0.0,BTC-27DEC19-6000-P,7962.5,73.65,0.089,8.0,0.0945,8.0,76.18,17.35556,-3.20027,-13.56414,7e-05,-0.21367
7962.5,index_price,1559905141835,open,0.0,0.156,0.2355,0.19568068,96.18,None,0,BTC-21JUN19-6500-C,7962.5,0.0,0.089,3.0,0.261,3.0,217.26,3.10209,-10.75112,2.07202,0.00013,0.88019
7996.09,BTC-27SEP19,1559905141843,open,0.82,0.0,0.7465,0.8915,0.81876697,78.41,None,0.0,BTC-27DEC19-14000-P,7962.5,0.0,0.008,3.0,0.882,3.0,102.55,19.05377,-3.68206,-69.60027,7e-05,-0.74725
7996.09,BTC-27SEP19,1559905141899,open,0.06,507.4,0.025,0.1045,0.06489051,76.98,0.061,0.0,BTC-27SEP19-11000-C,7962.5,76.25,0.0635,21.6,0.0675,13.0,78.33,15.30326,-5.26476,5.66953,0.0001,0.29622
7968.28,BTC-28JUN19,1559905141931,open,0.0,318.6,0.0005,0.0405,0.00076147,96.38,0.001,0.0,BTC-28JUN19-4750-P,7962.5,0.0,0.0,0.0,0.0015,73.7,106.22,0.46965,-1.0841,-0.04514,1e-05,-0.00914
7996.09,BTC-27SEP19,1559905141935,open,0.05,277.2,0.0125,0.0965,0.05455029,77.06,0.061,0.0,BTC-27SEP19-6000-P,7962.5,76.36,0.0535,9.1,0.0565,8.0,78.36,11.92251,-4.10621,-5.93679,8e-05,-0.18768
7996.09,BTC-27SEP19,1559905141935,open,0.75,28.2,0.7115,0.791,0.75142765,114.52,0.755,0.0,BTC-27SEP19-2000-C,7962.5,0.0,0.007,1.1,0.7875,0.1,226.79,0.7707,-0.39447,5.94116,0.0,0.99384
7968.28,BTC-28JUN19,1559905141935,open,0.38,26.3,0.3295,0.44,0.38485984,80.51,0.285,0.0,BTC-28JUN19-11000-P,7962.5,0.0,0.002,1.0,0.743,1.0,500.0,2.18817,-4.21971,-6.05035,7e-05,-0.94274
7996.09,BTC-27SEP19,1559905141953,open,0.02,69.1,0.0005,0.0575,0.01788719,82.59,0.016,0.0,BTC-27SEP19-16000-C,7962.5,80.57,0.016,31.3,0.0195,13.0,84.22,7.70051,-2.84223,1.98292,5e-05,0.09879
7968.28,BTC-28JUN19,1559905141984,open,0.51,10.0,0.448,0.568,0.50790611,84.37,1.243,0.0,BTC-28JUN19-12000-P,7962.5,0.0,0.01,4.1,0.8455,1.0,500.0,1.18413,-2.39271,-6.74947,4e-05,-0.9731
7968.28,BTC-28JUN19,1559905141984,open,0.0,277.8,0.0005,0.041,0.00107654,110.56,0.002,0.0,BTC-28JUN19-4500-P,7962.5,99.95,0.0005,1.0,0.001,50.0,109.42,0.54823,-1.45173,-0.05466,1e-05,-0.01092
7996.09,BTC-27SEP19,1559905141984,open,0.93,0.0,0.857,1.011,0.93405929,79.38,None,0.0,BTC-27DEC19-15000-P,7962.5,0.0,0.006,10.0,1.0105,3.0,109.41,17.7206,-3.46684,-76.11276,6e-05,-0.77849
7996.09,BTC-27SEP19,1559905141984,open,0.52,27.1,0.4845,0.564,0.5242687,79.66,0.542,0.0,BTC-27DEC19-4000-C,7962.5,0.0,0.1,1.1,0.563,0.1,111.47,8.15345,-1.60079,17.95667,3e-05,0.9283
7962.5,index_price,1559905141995,open,0.0,194.8,0.0005,0.042,0.00232437,77.4,0.003,0,BTC-14JUN19-9500-C,7962.5,75.15,0.002,1.0,0.003,63.5,81.59,1.19512,-6.72664,0.07725,0.00013,0.05383
7996.09,BTC-27SEP19,1559905142020,open,0.38,57.9,0.3415,0.421,0.38102121,75.3,0.401,0.0,BTC-27DEC19-5500-C,7962.5,0.0,0.006,10.0,0.42,1.6,95.12,15.18509,-2.81823,19.87637,6e-05,0.82824
7996.09,BTC-27SEP19,1559905142020,open,0.47,6.6,0.4335,0.513,0.47312448,77.8,0.498,0.0,BTC-27DEC19-4500-C,7962.5,0.0,0.251,2.0,0.5125,0.1,104.71,10.46739,-2.00697,18.96906,4e-05,0.89993
7996.09,BTC-27SEP19,1559905142030,open,0.06,173.1,0.0185,0.098,0.05814478,79.38,0.054,0.0,BTC-27DEC19-15000-C,7962.5,78.41,0.056,8.0,0.061,8.0,80.66,17.72084,-3.46693,7.26094,6e-05,0.22152
7968.28,BTC-28JUN19,1559905142033,open,0.37,688.1,0.3335,0.413,0.37336707,89.15,0.343,0.0,BTC-28JUN19-5000-C,7962.5,0.0,0.25,1.9,0.4065,0.1,203.13,0.54916,-1.17255,2.80594,2e-05,0.98906
7996.09,BTC-27SEP19,1559905142035,open,0.01,49.7,0.0005,0.0545,0.01467524,93.85,0.016,0.0,BTC-27DEC19-30000-C,7962.5,91.94,0.013,10.0,0.0165,20.0,95.79,7.26693,-1.68087,2.0942,2e-05,0.06179
7996.09,BTC-27SEP19,1559905142035,open,1.29,0.0,1.1985,1.3815,1.2900458,82.46,None,0.0,BTC-27DEC19-18000-P,7962.5,0.0,0.006,5.0,1.375,3.0,119.52,14.24348,-2.89454,-94.86221,5e-05,-0.84437
7996.09,BTC-27SEP19,1559905142035,open,0.63,0.0,0.595,0.6745,0.63483902,85.34,None,0.0,BTC-27DEC19-3000-C,7962.5,0.0,0.0065,10.0,0.6715,0.1,131.81,4.22517,-0.88865,14.8286,1e-05,0.96848
7996.09,BTC-27SEP19,1559905142067,open,0.9,0.0,0.823,0.974,0.89851306,81.55,None,0.0,BTC-27SEP19-15000-P,7962.5,0.0,0.006,10.0,1.6515,0.3,499.75,8.93199,-3.2554,-43.55295,6e-05,-0.87853
7996.09,BTC-27SEP19,1559905142095,open,0.44,3.2,0.3835,0.498,0.44062984,77.01,0.481,0.0,BTC-27SEP19-11000-P,7962.5,39.62,0.384,0.1,1.1815,0.3,500.0,15.30684,-5.26838,-28.04438,0.0001,-0.70363
7996.09,BTC-27SEP19,1559905142132,open,0.0,101.2,0.0005,0.042,0.00201611,106.27,0.0025,0.0,BTC-27DEC19-1500-P,7962.5,101.85,0.0015,1.0,0.0025,1.0,109.8,1.02338,-0.26804,-0.35917,0.0,-0.00607
7968.28,BTC-28JUN19,1559905142147,open,0.75,20.1,0.709,0.7885,0.74899031,0.0,0.578,0.0,BTC-28JUN19-2000-C,7962.5,0.0,0.0,0.0,0.8045,1.0,500.0,0.0,0.0,1.14387,0.0,1.0
7996.09,BTC-27SEP19,1559905142194,open,0.04,177.9,0.0005,0.0765,0.03690606,79.04,0.0335,0.0,BTC-27SEP19-13000-C,7962.5,79.44,0.0375,2.0,0.039,12.0,80.44,11.866,-4.19168,3.66013,8e-05,0.18625
7996.09,BTC-27SEP19,1559905142194,open,0.63,226.1,0.588,0.6675,0.62794788,91.89,0.585,0.0,BTC-27SEP19-3000-C,7962.5,0.0,0.006,20.0,0.6655,0.1,169.11,1.63604,-0.67192,8.76118,1e-05,0.98542
7996.09,BTC-27SEP19,1559905142194,open,0.08,141.0,0.0405,0.12,0.08007644,77.42,0.072,0.0,BTC-27DEC19-13000-C,7962.5,76.4,0.0775,10.0,0.0835,8.0,78.75,20.40537,-3.89334,9.329,7e-05,0.28998
7996.09,BTC-27SEP19,1559905142194,open,0.11,341.8,0.076,0.1555,0.11554121,75.66,0.118,0.0,BTC-27DEC19-11000-C,7962.5,74.77,0.113,10.0,0.1195,8.0,77.04,22.84617,-4.25995,12.12818,8e-05,0.38843
7996.09,BTC-27SEP19,1559905142215,open,0.0,336.7,0.0005,0.0415,0.00162647,97.45,0.0035,0.0,BTC-27SEP19-2500-P,7962.5,83.82,0.0005,56.2,0.003,10.0,106.99,0.93404,-0.40682,-0.22761,0.0,-0.00766
7996.09,BTC-27SEP19,1559905142215,open,0.16,949.6,0.126,0.2055,0.16599732,75.8,0.161,0.0,BTC-27SEP19-8000-C,7962.5,74.88,0.164,8.2,0.1685,6.0,76.96,17.28042,-5.85421,10.21152,0.00012,0.58265
7996.09,BTC-27SEP19,1559905142215,open,0.58,4.0,0.5385,0.618,0.5783734,82.17,0.59,0.0,BTC-27DEC19-3500-C,7962.5,0.0,0.006,10.0,0.616,0.1,120.16,6.04654,-1.22448,16.56262,2e-05,0.95103
7996.09,BTC-27SEP19,1559905142217,open,0.75,0.0,0.7135,0.793,0.75332436,96.1,None,0.0,BTC-27DEC19-2000-C,7962.5,0.0,0.0185,3.0,0.7905,0.1,172.88,1.71841,-0.40701,10.47702,1e-05,0.98906
7996.09,BTC-27SEP19,1559905142246,open,0.01,42.8,0.0005,0.0475,0.00737196,85.46,0.0115,0.0,BTC-27SEP19-3750-P,7962.5,81.92,0.006,28.0,0.009,13.0,89.24,3.2683,-1.24836,-0.99224,2e-05,-0.03311
7962.5,index_price,1559905142246,open,0.0,0.0195,0.104,0.06177231,76.24,None,0,BTC-21JUN19-8000-P,7962.5,68.81,0.056,6.2,0.0625,13.1,77.18,6.18791,-16.99984,-1.64891,0.00034,-0.48296
7962.5,index_price,1559905142292,open,0.0,0.1615,0.2575,0.20939201,91.08,None,0,BTC-21JUN19-9500-P,7962.5,0.0,0.0,0.0,0.9025,1.0,500.0,4.11087,-13.49157,-3.10801,0.00019,-0.81737
7962.5,index_price,1559905142308,open,0.0,0.0005,0.052,0.01200667,96.18,None,0,BTC-21JUN19-6500-P,7962.5,73.21,0.0045,7.2,0.007,18.0,81.99,3.10204,-10.75079,-0.39899,0.00013,-0.1198
7996.09,BTC-27SEP19,1559905142316,open,0.49,13.1,0.432,0.5505,0.49121185,75.66,0.413,0.0,BTC-27DEC19-11000-P,7962.5,0.0,0.006,10.0,0.541,3.0,92.74,22.84613,-4.25991,-49.01247,8e-05,-0.61158
7968.28,BTC-28JUN19,1559905142345,open,0.0,739.7,0.0005,0.044,0.00430483,80.22,0.005,0.0,BTC-28JUN19-11000-C,7962.5,77.08,0.0035,58.5,0.005,0.8,82.67,2.16552,-4.16057,0.2379,7e-05,0.05651
7968.28,BTC-28JUN19,1559905142345,open,0.0,133.3,0.0005,0.0405,0.00060662,132.03,0.001,0.0,BTC-28JUN19-3750-P,7962.5,0.0,0.0,0.0,0.0005,6.5,128.99,0.2983,-0.94335,-0.02768,1e-05,-0.00547
7968.28,BTC-28JUN19,1559905142345,open,0.59,0.1,0.5525,0.632,0.59227605,133.0,0.395,0.0,BTC-28JUN19-3250-C,7962.5,0.0,0.0015,1.0,0.6255,0.1,339.35,0.09006,-0.28688,1.85154,0.0,0.99855
7996.09,BTC-27SEP19,1559905142347,open,1.78,0.0,1.6665,1.888,1.77714573,86.56,None,0.0,BTC-27DEC19-22000-P,7962.5,0.0,0.008,2.0,1.8785,3.0,135.05,10.9488,-2.33584,-118.69634,4e-05,-0.89354
7968.28,BTC-28JUN19,1559905142365,open,0.05,93.0,0.007,0.0865,0.04659171,76.51,0.0475,0.0,BTC-28JUN19-8500-C,7962.54,74.78,0.045,47.5,0.049,21.6,79.12,7.34671,-13.46264,1.59616,0.00026,0.39683
7968.28,BTC-28JUN19,1559905142366,open,0.01,1335.2,0.0005,0.051,0.01143231,78.31,0.011,0.0,BTC-28JUN19-10000-C,7962.54,76.45,0.0105,57.5,0.0125,1.0,80.36,4.06445,-7.62329,0.54742,0.00014,0.13155
7968.28,BTC-28JUN19,1559905142366,open,0.01,249.2,0.0005,0.047,0.00739895,80.23,0.007,0.0,BTC-28JUN19-10500-C,7962.54,77.83,0.0065,58.5,0.0085,57.5,82.97,3.08906,-5.93579,0.37546,0.00011,0.08978
7968.28,BTC-28JUN19,1559905142366,open,0.02,69.4,0.0005,0.0585,0.01880999,77.93,0.019,0.0,BTC-28JUN19-9500-C,7962.54,75.93,0.0175,47.5,0.0205,65.9,80.44,5.29628,-9.88541,0.81479,0.00019,0.1976
7996.09,BTC-27SEP19,1559905142366,open,0.12,406.1,0.0815,0.161,0.12114301,76.0,0.1205,0.0,BTC-27SEP19-9000-C,7962.54,75.02,0.119,8.3,0.1235,6.0,77.07,17.61662,-5.98336,8.59422,0.00012,0.4718
7996.09,BTC-27SEP19,1559905142366,open,2.01,0.0,1.886,2.126,2.00621084,92.03,None,0.0,BTC-27SEP19-24000-P,7962.54,0.0,0.0,0.0,0.0,0.0,0.0,2.89137,-1.18923,-72.97845,2e-05,-0.97144
7968.28,BTC-28JUN19,1559905142366,open,0.21,23.1,0.163,0.259,0.21103568,77.93,0.175,0.0,BTC-28JUN19-9500-P,7962.54,39.57,0.1935,0.1,0.0,0.0,0.0,5.29614,-9.88487,-4.61864,0.00019,-0.80241
7996.09,BTC-27SEP19,1559905142366,open,0.02,255.8,0.0005,0.0605,0.01984095,80.06,0.0265,0.0,BTC-27SEP19-4750-P,7962.54,78.43,0.0185,28.0,0.022,13.0,82.6,6.65965,-2.38288,-2.47794,4e-05,-0.08126
7996.09,BTC-27SEP19,1559905142366,open,0.3,718.9,0.2645,0.344,0.30416995,77.05,0.355,0.0,BTC-27SEP19-6000-C,7962.54,76.6,0.3035,8.7,0.315,9.1,84.19,11.92193,-4.10552,12.45443,8e-05,0.81233
7968.28,BTC-28JUN19,1559905142366,open,0.0,536.1,0.0005,0.0405,0.00071436,124.08,0.0035,0.0,BTC-28JUN19-4000-P,7962.54,0.0,0.0,0.0,0.001,7.6,129.71,0.35919,-1.06751,-0.03398,1e-05,-0.00674
7968.28,BTC-28JUN19,1559905142366,open,0.62,43.6,0.584,0.6635,0.62355339,130.68,0.6755,0.0,BTC-28JUN19-3000-C,7962.54,0.0,0.0035,1.0,0.6575,0.1,367.63,0.03483,-0.10902,1.71325,0.0,0.99948
7962.54,index_price,1559905142365,open,0.0,0.0645,0.144,0.10447118,95.12,None,0,BTC-21JUN19-7500-C,7962.54,70.2,0.087,12.2,0.093,12.5,78.88,5.68159,-19.47386,1.68486,0.00025,0.66108
7962.54,index_price,1559905142365,open,4.5,0.0005,0.0635,0.02386906,70.56,0.024,0,BTC-14JUN19-8250-C,7962.54,67.92,0.0225,1.0,0.0245,0.5,71.77,4.14515,-21.26804,0.52715,0.00049,0.37531
7996.09,BTC-27SEP19,1559905142367,open,0.01,291.1,0.0005,0.046,0.00623455,89.86,0.0075,0.0,BTC-27SEP19-22000-C,7962.54,86.92,0.005,25.0,0.0075,10.0,92.52,3.58689,-1.44058,0.75617,2e-05,0.03709
7996.09,BTC-27SEP19,1559905142367,open,1.76,0.0,1.6475,1.8675,1.75757582,89.86,None,0.0,BTC-27SEP19-22000-P,7962.54,0.0,0.006,10.0,0.0,0.0,0.0,3.58564,-1.43996,-66.67606,2e-05,-0.96293
7996.09,BTC-27SEP19,1559905142367,open,0.02,166.9,0.0005,0.056,0.0157606,81.17,0.0195,0.0,BTC-27SEP19-4500-P,7962.54,79.37,0.0145,28.0,0.0175,13.0,83.55,5.69949,-2.06754,-2.01106,4e-05,-0.06629
7996.09,BTC-27SEP19,1559905142367,open,0.55,6.1,0.4875,0.611,0.54934847,77.99,1.781,0.0,BTC-27SEP19-12000-P,7962.54,39.43,0.504,0.1,1.2985,0.3,500.0,13.58614,-4.73561,-32.22659,9e-05,-0.76555
7996.09,BTC-27SEP19,1559905142367,open,0.6,0.0,0.558,0.6375,0.59775317,89.43,None,0.0,BTC-27SEP19-3250-C,7962.54,0.0,0.007,0.2,0.6345,0.1,157.49,2.09021,-0.83541,9.38268,1e-05,0.98058
7968.32,BTC-28JUN19,1559905142367,open,0.44,216.3,0.3965,0.476,0.43630404,110.03,0.375,0.0,BTC-28JUN19-4500-C,7962.54,0.0,0.2,1.0,0.45,0.1,183.61,0.53602,-1.41259,2.52049,1e-05,0.98936
7996.09,BTC-27SEP19,1559905142365,open,0.07,90.1,0.0265,0.1115,0.06885653,75.3,0.079,0.0,BTC-27DEC19-5500-P,7962.54,74.32,0.067,8.0,0.0705,0.1,76.17,15.18506,-2.81821,-10.69388,6e-05,-0.17176
7996.09,BTC-27SEP19,1559905142367,open,0.4,793.5,0.3595,0.439,0.3994428,79.14,0.4755,0.0,BTC-27SEP19-5000-C,7962.54,0.0,0.11,1.0,0.4385,0.1,113.62,7.67816,-2.71561,12.30717,5e-05,0.9016
7962.54,index_price,1559905142365,open,1.0,0.0005,0.0665,0.02557573,96.11,0.016,0,BTC-21JUN19-7000-P,7962.54,72.47,0.013,12.2,0.016,2.0,78.52,4.56474,-15.80902,-0.7353,0.0002,-0.21734
7968.32,BTC-28JUN19,1559905142368,open,0.0,793.3,0.0005,0.04,0.00048546,101.73,0.0005,0.0,BTC-28JUN19-15000-C,7962.54,0.0,0.0,0.0,0.001,24.0,110.53,0.35243,-0.85872,0.02786,1e-05,0.0066
7962.54,index_price,1559905142366,open,0.0,256.3,0.0005,0.041,0.00121009,79.53,0.0005,0,BTC-14JUN19-6500-P,7962.54,69.19,0.0005,69.0,0.0015,3.0,82.63,0.69855,-4.04022,-0.04355,7e-05,-0.02783
7968.32,BTC-28JUN19,1559905142369,open,0.56,143.0,0.5215,0.601,0.5611047,134.12,0.55,0.0,BTC-28JUN19-3500-C,7962.54,0.0,0.15,0.1,0.595,0.1,318.11,0.18543,-0.59567,1.98557,0.0,0.99679
7968.32,BTC-28JUN19,1559905142369,open,1.51,0.4,1.4105,1.6105,1.51042452,140.34,5.076,0.0,BTC-28JUN19-20000-P,7962.54,0.0,0.0,0.0,1.727,2.0,500.0,0.27673,-0.93017,-11.41805,1e-05,-0.99498
7996.09,BTC-27SEP19,1559905142369,open,0.1,131.0,0.058,0.1455,0.10174616,76.08,0.101,0.0,BTC-27SEP19-7000-P,7962.54,75.7,0.101,0.9,0.103,5.0,76.74,15.37535,-5.22826,-9.82876,0.0001,-0.29929
7996.09,BTC-27SEP19,1559905142369,open,0.0,420.5,0.0005,0.0415,0.0015646,114.67,0.0035,0.0,BTC-27SEP19-2000-P,7962.54,99.29,0.0005,5.0,0.0015,6.0,114.0,0.77549,-0.39744,-0.19043,0.0,-0.00621
7996.13,BTC-27SEP19,1559905142369,open,0.51,232.8,0.4695,0.549,0.50938586,83.89,0.5,0.0,BTC-27SEP19-4000-C,7962.54,0.0,0.1655,1.1,0.5465,0.1,133.24,3.99844,-1.49909,10.98551,2e-05,0.95761
7996.13,BTC-27SEP19,1559905142369,open,0.35,231.0,0.31,0.3895,0.34972542,77.89,0.3605,0.0,BTC-27SEP19-5500-C,7962.54,0.0,0.0045,8.0,0.3895,0.1,107.36,9.82066,-3.41872,12.52293,6e-05,0.86068
7968.32,BTC-28JUN19,1559905142370,open,0.25,1691.7,0.213,0.2925,0.25261367,81.97,0.25,0.0,BTC-28JUN19-6000-C,7962.54,75.91,0.251,10.3,0.255,11.2,89.52,2.30342,-4.52207,3.12753,8e-05,0.93887
7962.54,index_price,1559905142365,open,0.0,0.0595,0.139,0.09930282,75.44,None,0,BTC-14JUN19-7250-C,7962.54,70.07,0.0975,15.3,0.1015,6.7,81.59,2.75755,-15.12768,1.09715,0.00031,0.83076
7968.32,BTC-28JUN19,1559905142370,open,0.4,97.0,0.365,0.4445,0.40461271,95.72,0.1965,0.0,BTC-28JUN19-4750-C,7962.54,0.0,0.2,1.0,0.437,0.1,217.54,0.45364,-1.03999,2.67335,1e-05,0.99121
7996.13,BTC-27SEP19,1559905142370,open,0.01,227.0,0.0005,0.0515,0.011859,84.92,0.013,0.0,BTC-27SEP19-18000-C,7962.54,82.99,0.0105,27.0,0.0135,13.0,87.1,5.81307,-2.20624,1.37613,3e-05,0.06801
7996.13,BTC-27SEP19,1559905142366,open,0.15,48.3,0.102,0.1935,0.14767914,74.17,0.1545,0.0,BTC-27DEC19-7000-P,7962.54,72.75,0.144,10.0,0.1515,8.0,75.63,20.80644,-3.80311,-20.01005,8e-05,-0.30255
7996.13,BTC-27SEP19,1559905142371,open,0.23,835.3,0.1865,0.266,0.22631939,76.08,0.231,0.0,BTC-27SEP19-7000-C,7962.54,75.66,0.2255,8.9,0.239,10.9,82.67,15.37533,-5.2282,11.62699,0.0001,0.70072
7962.54,index_price,1559905142366,open,1.2,0.0005,0.049,0.00937042,91.09,0.0065,0,BTC-21JUN19-10000-C,7962.54,69.96,0.003,66.0,0.0065,13.8,82.94,3.03614,-9.96531,0.32344,0.00014,0.11622
7996.13,BTC-27SEP19,1559905142371,open,0.01,1038.2,0.0005,0.0525,0.01232039,82.33,0.015,0.0,BTC-27SEP19-4250-P,7962.54,80.07,0.011,28.0,0.014,13.0,85.05,4.79696,-1.76506,-1.60596,3e-05,-0.05321
7996.13,BTC-27SEP19,1559905142371,open,0.0,1642.1,0.0005,0.041,0.00103238,130.45,0.001,0.0,BTC-27SEP19-1500-P,7962.54,0.0,0.0,0.0,0.001,9.0,129.91,0.48901,-0.28509,-0.11597,0.0,-0.0037
7996.13,BTC-27SEP19,1559905142367,open,0.02,87.4,0.0005,0.0565,0.01608678,82.17,0.0195,0.0,BTC-27DEC19-3500-P,7962.54,80.02,0.0145,10.0,0.018,20.0,84.64,6.04645,-1.22446,-2.89115,2e-05,-0.04896
7962.54,index_price,1559905142366,open,0.2,0.0,0.148,0.243,0.195417,77.44,None,0,BTC-14JUN19-9500-P,7962.54,0.0,0.1825,0.1,0.208,0.1,125.51,1.19686,-6.73977,-1.71218,0.00013,-0.94608
7996.13,BTC-27SEP19,1559905142366,open,3.02,0.0,2.8545,3.1755,3.0150706,95.39,None,0.0,BTC-27DEC19-32000-P,7962.54,0.0,0.0,0.0,3.169,3.0,174.65,6.67212,-1.56861,-175.98401,2e-05,-0.94457
7996.13,BTC-27SEP19,1559905142367,open,0.07,152.1,0.028,0.1075,0.06791345,78.41,0.06,0.0,BTC-27DEC19-14000-C,7962.54,77.18,0.065,18.0,0.071,8.0,79.7,19.05408,-3.68215,8.21525,7e-05,0.25276
7962.54,index_price,1559905142366,open,0.18,0.0,0.145,0.2245,0.18488356,79.49,None,0,BTC-14JUN19-6500-C,7962.54,0.0,0.1735,0.1,0.1985,0.1,146.5,0.69713,-4.02964,1.18099,7e-05,0.97224
7996.13,BTC-27SEP19,1559905142369,open,0.24,106.4,0.2035,0.283,0.24317229,74.06,0.246,0.0,BTC-27DEC19-7500-C,7962.54,72.37,0.2385,6.0,0.2475,6.0,75.64,22.02295,-4.01993,18.19251,8e-05,0.6525
7962.54,index_price,1559905142367,open,0.32,0.0,0.267,0.372,0.31938944,91.8,None,0,BTC-14JUN19-10500-P,7962.54,0.0,0.3065,0.1,0.3315,0.1,161.32,0.4486,-2.99458,-1.9543,4e-05,-0.98352
7962.54,index_price,1559905142368,open,0.01,209.1,0.0005,0.0455,0.00581802,73.42,0.0065,0,BTC-14JUN19-9000-C,7962.54,70.38,0.005,1.5,0.007,66.5,77.51,2.2118,-11.80916,0.17427,0.00025,0.12201
7962.54,index_price,1559905142367,open,0.0,0.067,0.1555,0.11132934,90.49,None,0,BTC-21JUN19-8500-P,7962.54,68.18,0.095,9.5,0.101,9.2,76.51,5.9522,-19.40945,-2.18655,0.00027,-0.61102
7996.13,BTC-27SEP19,1559905142366,open,0.02,17.5,0.0005,0.0565,0.01655151,92.2,0.016,0.0,BTC-27DEC19-28000-C,7962.54,90.6,0.015,10.0,0.0185,10.0,94.1,7.96033,-1.80885,2.35333,2e-05,0.0695
7996.13,BTC-27SEP19,1559905142366,open,0.01,158.7,0.0005,0.05,0.01002192,85.34,0.0105,0.0,BTC-27DEC19-3000-P,7962.54,82.34,0.0085,10.0,0.0115,10.0,88.04,4.22507,-0.88862,-1.84606,1e-05,-0.03151
7996.13,BTC-27SEP19,1559905142371,open,0.12,82.4,0.0735,0.162,0.11774249,74.4,0.1175,0.0,BTC-27DEC19-6500-P,7962.54,73.06,0.1145,18.0,0.121,8.0,75.76,19.24361,-3.52873,-16.68126,7e-05,-0.25759
7962.54,index_price,1559905142366,open,0.25,0.0,0.2075,0.287,0.24723299,98.3,None,0,BTC-14JUN19-6000-C,7962.54,0.0,0.2355,0.1,0.2595,0.1,178.59,0.41849,-2.99153,1.10632,4e-05,0.9848
7962.54,index_price,1559905142366,open,0.26,0.0,0.207,0.307,0.25707328,84.29,None,0,BTC-14JUN19-10000-P,7962.54,0.0,0.244,0.1,0.269,0.1,142.35,0.70139,-4.2991,-1.8436,7e-05,-0.97204
7962.54,index_price,1559905142366,open,0.01,432.9,0.0005,0.0455,0.00557877,77.97,0.006,0,BTC-14JUN19-7000-P,7962.54,79.64,0.006,14.8,0.0065,66.0,81.56,1.97759,-11.21308,-0.16481,0.00021,-0.1043
7996.13,BTC-27SEP19,1559905142366,open,0.01,10.0,0.0005,0.053,0.01311965,95.37,0.0285,0.0,BTC-27DEC19-32000-C,7962.54,93.99,0.012,10.0,0.0145,10.0,96.98,6.66749,-1.56723,1.87812,2e-05,0.05538
7996.13,BTC-27SEP19,1559905142369,open,0.81,0.0,0.7745,0.854,0.81442466,106.27,None,0.0,BTC-27DEC19-1500-C,7962.54,0.0,0.1,5.0,0.851,0.1,206.15,1.02315,-0.26797,7.97828,0.0,0.99394
7996.13,BTC-27SEP19,1559905142368,open,0.02,152.7,0.0005,0.065,0.02451257,79.66,0.0365,0.0,BTC-27DEC19-4000-P,7962.54,78.16,0.023,10.0,0.0265,10.0,81.58,8.15338,-1.60078,-4.27621,3e-05,-0.0717
7968.32,BTC-28JUN19,1559905142380,open,0.05,448.7,0.0035,0.087,0.04521288,76.53,0.045,0.0,BTC-28JUN19-7500-P,7962.54,73.99,0.043,40.4,0.045,1.1,76.29,6.95339,-12.74543,-1.7389,0.00025,-0.33635
7968.32,BTC-28JUN19,1559905142382,open,0.05,448.7,0.0035,0.087,0.04521288,76.53,0.045,0.0,BTC-28JUN19-7500-P,7962.54,74.56,0.0435,0.4,0.045,1.1,76.29,6.95339,-12.74543,-1.7389,0.00025,-0.33635
7962.54,index_price,1559905142471,open,0.02,67.9,0.0005,0.0565,0.01618222,72.37,0.016,0,BTC-14JUN19-7500-P,7962.54,69.68,0.015,0.5,0.017,0.7,74.21,3.52462,-18.54858,-0.40997,0.00041,-0.25714
248.79,index_price,1559905142492,open,0.24,60.0,0.198,0.277,0.237323,98.53,0.217,0,ETH-14JUN19-190-C,248.79,0.0,0.229,60.0,0.249,60.0,170.93,0.01628,-0.11668,0.03482,0.00142,0.98035
248.79,index_price,1559905142494,open,0.14,51.0,0.092,0.182,0.137139,89.61,0.139,0,ETH-14JUN19-280-P,248.79,0.0,0.124,60.0,0.146,60.0,111.73,0.09091,-0.59244,-0.04466,0.0087,-0.81577
7996.13,BTC-27SEP19,1559905142499,open,0.69,55.9,0.649,0.7285,0.68895584,97.29,0.689,0.0,BTC-27SEP19-2500-C,7962.54,0.0,0.006,10.0,0.7255,0.1,192.82,0.92675,-0.40295,7.43724,0.0,0.99241
7996.09,BTC-27SEP19,1559905142574,open,0.02,111.7,0.0005,0.062,0.02248593,81.45,0.0235,0.0,BTC-27SEP19-15000-C,7962.54,80.1,0.021,1.0,0.024,15.0,82.79,8.91151,-3.244,2.41636,6e-05,0.12108
248.79,index_price,1559905142594,open,10.0,0.001,0.059,0.019717,89.64,0.016,0,ETH-21JUN19-290-C,248.79,84.76,0.017,240.0,0.022,290.0,93.58,0.14169,-0.45765,0.01846,0.00672,0.21488
7968.28,BTC-28JUN19,1559905142600,open,0.76,1.3,0.6875,0.828,0.757779,97.77,2.415,0.0,BTC-28JUN19-14000-P,7962.54,0.0,0.0,0.0,1.057,1.0,500.0,0.54801,-1.28328,-7.96109,2e-05,-0.98909
248.79,index_price,1559905142768,open,0.0,0.138,0.232,0.185358,89.64,None,0,ETH-21JUN19-290-P,248.79,0.0,0.156,60.0,0.209,60.0,126.74,0.14169,-0.45765,-0.09179,0.00672,-0.78512
250.01,ETH-28JUN19,1559905142796,open,0.92,0.0,0.845,0.997,0.920976,114.13,None,0.0,ETH-28JUN19-480-P,248.79,0.0,0.904,60.0,0.932,60.0,168.06,0.01883,-0.05147,-0.27295,0.00046,-0.98788
254.14,ETH-27SEP19,1559905142943,open,0.03,1524.0,0.001,0.069,0.029408,107.41,0.031,0.0,ETH-27SEP19-600-C,248.79,108.79,0.031,60.0,0.034,150.0,111.29,0.29068,-0.13954,0.07497,0.00137,0.12565
248.79,index_price,1559905143025,open,0.0,0.109,0.188,0.14892,106.41,None,0,ETH-21JUN19-220-C,248.79,80.59,0.134,60.0,0.145,60.0,99.91,0.15184,-0.5822,0.05751,0.00606,0.75694
248.79,index_price,1559905143048,open,0.18,53.0,0.126,0.219,0.17241,89.63,0.173,0,ETH-14JUN19-290-P,248.79,0.0,0.159,60.0,0.181,60.0,116.06,0.06755,-0.44033,-0.04941,0.00646,-0.88187
248.79,index_price,1559905143111,open,0.2,60.0,0.158,0.237,0.197918,90.91,0.204,0,ETH-14JUN19-200-C,248.79,0.0,0.19,60.0,0.21,60.0,150.88,0.02639,-0.17445,0.03595,0.00249,0.965
248.79,index_price,1559905143173,open,0.0,0.172,0.269,0.220217,90.62,None,0,ETH-21JUN19-300-P,248.79,0.0,0.194,60.0,0.24,60.0,125.45,0.12077,-0.39436,-0.09973,0.00566,-0.83424
7968.32,BTC-28JUN19,1559905143372,open,0.05,448.7,0.0035,0.087,0.04521154,76.53,0.045,0.0,BTC-28JUN19-7500-P,7962.54,73.99,0.043,40.4,0.045,1.1,76.29,6.95339,-12.74543,-1.7389,0.00025,-0.33635
7968.32,BTC-28JUN19,1559905143374,open,0.05,448.7,0.0035,0.087,0.04521154,76.53,0.045,0.0,BTC-28JUN19-7500-P,7962.54,74.56,0.0435,0.4,0.045,1.1,76.29,6.95339,-12.74543,-1.7389,0.00025,-0.33635
248.79,index_price,1559905143479,open,0.0,25.0,0.001,0.041,0.001809,90.91,0.01,0,ETH-14JUN19-200-P,248.79,81.94,0.001,150.0,0.003,400.0,100.57,0.02639,-0.17445,-0.00173,0.00249,-0.035
254.14,ETH-27SEP19,1559905143498,open,1.08,0.0,1.004,1.17,1.086615,103.6,None,0.0,ETH-27SEP19-520-P,248.79,90.3,1.07,12.0,1.122,12.0,125.91,0.35354,-0.16369,-1.49441,0.00172,-0.83186
248.79,index_price,1559905143542,open,0.37,0.0,0.313,0.422,0.367682,107.57,None,0,ETH-14JUN19-340-P,248.79,0.0,0.353,60.0,0.374,60.0,153.05,0.01695,-0.13258,-0.06313,0.00135,-0.97941
248.79,index_price,1559905143599,open,0.21,60.0,0.162,0.258,0.210073,92.06,0.205,0,ETH-14JUN19-300-P,248.79,0.0,0.196,60.0,0.218,60.0,122.04,0.04984,-0.33364,-0.05305,0.00464,-0.92193
248.79,index_price,1559905143611,open,0.05,225.0,0.007,0.09,0.048708,84.28,0.044,0,ETH-14JUN19-250-P,248.79,77.51,0.045,180.0,0.05,2.0,86.64,0.13621,-0.83482,-0.02542,0.01386,-0.49366
248.79,index_price,1559905143631,open,0.0,0.207,0.306,0.256251,91.03,None,0,ETH-21JUN19-310-P,248.79,0.0,0.23,60.0,0.275,60.0,128.27,0.09983,-0.32744,-0.107,0.00466,-0.87505
248.79,index_price,1559905143638,open,0.41,0.0,0.352,0.463,0.407601,111.14,None,0,ETH-14JUN19-350-P,248.79,0.0,0.393,60.0,0.414,60.0,162.46,0.01318,-0.10652,-0.06525,0.00102,-0.98466
7962.54,index_price,1559905143667,open,0.07,37.1,0.0345,0.114,0.0742703,72.36,0.074,0,BTC-14JUN19-7500-C,7962.54,68.32,0.0725,19.9,0.077,10.5,78.45,3.52443,-18.54484,1.00289,0.00041,0.74288
254.14,ETH-27SEP19,1559905143733,open,1.39,0.0,1.295,1.486,1.390498,107.58,None,0.0,ETH-27SEP19-600-P,248.79,85.98,1.371,12.0,1.427,12.0,133.72,0.29156,-0.14018,-1.76381,0.00137,-0.87381
248.79,index_price,1559905143735,open,0.0,0.044,0.123,0.08322,83.87,None,0,ETH-21JUN19-240-C,248.79,80.88,0.081,180.0,0.088,150.0,90.29,0.18491,-0.55884,0.05063,0.00937,0.61857
248.79,index_price,1559905143737,open,0.45,0.0,0.39,0.505,0.447784,118.59,None,0,ETH-14JUN19-360-P,248.79,0.0,0.433,60.0,0.454,60.0,171.33,0.01242,-0.10707,-0.06718,0.0009,-0.98569
7962.54,index_price,1559905143788,open,0.32,0.0,0.267,0.372,0.3193829,91.68,None,0,BTC-14JUN19-10500-P,7962.54,0.0,0.3065,0.1,0.331,0.1,159.56,0.44586,-2.97255,-1.95446,4e-05,-0.98364
248.79,index_price,1559905143808,open,0.16,3.0,0.12,0.199,0.159745,86.9,0.203,0,ETH-14JUN19-210-C,248.79,0.0,0.151,60.0,0.172,60.0,133.45,0.04551,-0.28764,0.03613,0.00449,0.93066
248.79,index_price,1559905143888,open,0.03,111.0,0.001,0.069,0.029857,87.83,0.035,0,ETH-14JUN19-260-C,248.79,84.26,0.028,240.0,0.031,150.0,90.01,0.13002,-0.83038,0.01641,0.0127,0.38005
7962.54,index_price,1559905143968,open,0.14,15.1,0.091,0.1815,0.1361113,73.42,0.1495,0,BTC-14JUN19-9000-P,7962.54,38.8,0.1305,0.1,0.143,11.0,94.4,2.21191,-11.81016,-1.52109,0.00025,-0.87799
248.79,index_price,1559905143976,open,0.0,0.242,0.345,0.293411,91.39,None,0,ETH-21JUN19-320-P,248.79,0.0,0.267,60.0,0.312,60.0,133.02,0.0806,-0.26541,-0.11355,0.00375,-0.90718
248.79,index_price,1559905144123,open,0.0,0.023,0.102,0.062922,83.87,None,0,ETH-21JUN19-250-C,248.79,81.4,0.061,180.0,0.067,150.0,89.12,0.19326,-0.58408,0.0433,0.00979,0.52077
248.79,index_price,1559905144129,open,0.25,0.0,0.199,0.298,0.248361,92.06,None,0,ETH-14JUN19-310-P,248.79,0.0,0.234,60.0,0.256,60.0,128.42,0.03335,-0.22327,-0.05632,0.00311,-0.95329
248.79,index_price,1559905144143,open,0.01,89.0,0.001,0.043,0.00383,86.9,0.002,0,ETH-14JUN19-210-P,248.79,82.09,0.003,151.0,0.004,1.0,87.82,0.04551,-0.28764,-0.00343,0.00449,-0.06934
7962.54,index_price,1559905144328,open,0.0,0.1115,0.2035,0.15739831,90.64,None,0,BTC-21JUN19-9000-P,7962.54,58.4,0.139,13.0,0.1545,13.0,86.11,5.15888,-16.8502,-2.67796,0.00024,-0.72729
7968.31,BTC-28JUN19,1559905144366,open,0.11,271.3,0.069,0.1575,0.11333857,76.53,0.132,0.0,BTC-28JUN19-8500-P,7962.61,73.44,0.1105,0.2,0.116,11.0,79.41,7.34701,-13.46701,-3.26514,0.00026,-0.60311
7996.11,BTC-27SEP19,1559905144366,open,0.57,261.1,0.528,0.6075,0.56794081,87.49,0.62,0.0,BTC-27SEP19-3500-C,7962.61,0.0,0.161,1.0,0.605,0.1,148.7,2.64909,-1.03583,9.95902,2e-05,0.97429
7968.31,BTC-28JUN19,1559905144366,open,0.0,781.6,0.0005,0.0425,0.0024181,86.03,0.003,0.0,BTC-28JUN19-5500-P,7962.61,83.19,0.002,50.0,0.0035,57.5,92.25,1.23892,-2.55271,-0.14045,4e-05,-0.0284
7996.11,BTC-27SEP19,1559905144366,open,0.48,0.2,0.441,0.5205,0.4808108,82.33,0.26,0.0,BTC-27SEP19-4250-C,7962.61,0.0,0.011,0.5,0.5185,0.1,127.33,4.79675,-1.76494,11.42076,3e-05,0.9468
7968.31,BTC-28JUN19,1559905144366,open,0.0,944.4,0.0005,0.0405,0.00089135,89.67,0.001,0.0,BTC-28JUN19-5000-P,7962.61,83.04,0.0005,50.0,0.0015,10.0,96.85,0.56449,-1.21231,-0.05551,2e-05,-0.01129
7996.11,BTC-27SEP19,1559905144367,open,0.0,27.8,0.0005,0.044,0.00420173,89.43,0.004,0.0,BTC-27SEP19-3250-P,7962.61,84.37,0.003,28.0,0.0055,13.0,94.01,2.09018,-0.8354,-0.57884,1e-05,-0.01942
7996.11,BTC-27SEP19,1559905144367,open,0.05,588.6,0.009,0.0885,0.04853887,77.95,0.0485,0.0,BTC-27SEP19-12000-C,7962.61,77.04,0.047,22.4,0.051,13.0,79.38,13.57965,-4.73061,4.55136,9e-05,0.23424
7996.11,BTC-27SEP19,1559905144367,open,0.34,5.7,0.285,0.3915,0.33824816,76.03,0.334,0.0,BTC-27SEP19-10000-P,7962.61,39.81,0.2705,0.1,1.065,0.3,500.0,16.77509,-5.70036,-23.62798,0.00011,-0.62581
7996.11,BTC-27SEP19,1559905144367,open,0.25,71.5,0.197,0.2965,0.24669359,76.0,0.29,0.0,BTC-27SEP19-9000-P,7962.61,75.0,0.2445,8.4,0.252,8.0,78.4,17.61668,-5.98347,-18.9915,0.00012,-0.52819
7996.11,BTC-27SEP19,1559905144367,open,1.26,1.0,1.1725,1.353,1.26295162,84.92,1.5815,0.0,BTC-27SEP19-18000-P,7962.61,0.0,0.006,0.3,2.0085,0.3,500.0,5.81251,-2.20596,-53.79561,3e-05,-0.932
7996.11,BTC-27SEP19,1559905144367,open,0.45,289.7,0.413,0.4925,0.45298818,81.17,0.51,0.0,BTC-27SEP19-4500-C,7962.61,0.0,0.022,0.1,0.491,0.1,122.03,5.69969,-2.06767,11.78174,4e-05,0.9337
7968.31,BTC-28JUN19,1559905144367,open,0.0,94.5,0.0005,0.04,0.00016718,135.0,0.002,0.0,BTC-28JUN19-3250-P,7962.61,0.0,0.0,0.0,0.0005,10.0,151.72,0.10117,-0.32711,-0.00826,0.0,-0.00165
7996.18,BTC-27SEP19,1559905144367,open,0.0,617.2,0.0005,0.043,0.00315222,92.0,0.0045,0.0,BTC-27SEP19-3000-P,7962.61,85.59,0.002,25.0,0.0045,10.0,97.87,1.64269,-0.67541,-0.43629,1e-05,-0.01465
7996.18,BTC-27SEP19,1559905144367,open,0.04,278.5,0.0005,0.079,0.03756107,77.89,0.05,0.0,BTC-27SEP19-5500-P,7962.61,76.62,0.036,33.1,0.0395,10.0,79.46,9.82086,-3.41894,-4.33522,6e-05,-0.13932
7968.31,BTC-28JUN19,1559905144367,open,0.69,24.4,0.6465,0.726,0.68626485,135.46,0.5115,0.0,BTC-28JUN19-2500-C,7962.61,0.0,0.0,0.0,0.72,0.1,427.63,0.00697,-0.02262,1.42939,0.0,0.99991
7968.31,BTC-28JUN19,1559905144368,open,0.2,504.6,0.1575,0.237,0.19707475,80.27,0.255,0.0,BTC-28JUN19-6500-C,7962.61,75.88,0.195,11.4,0.2,10.3,86.04,3.89303,-7.48455,3.09573,0.00013,0.87636
7996.18,BTC-27SEP19,1559905144368,open,1.02,0.0,0.9385,1.0995,1.01886499,82.61,None,0.0,BTC-27SEP19-16000-P,7962.61,0.0,0.0065,7.1,1.7705,0.2,500.0,7.7055,-2.84484,-47.0569,5e-05,-0.90112
7996.18,BTC-27SEP19,1559905144367,open,0.43,55.9,0.3845,0.464,0.42423104,75.72,0.47,0.0,BTC-27DEC19-5000-C,7962.61,0.0,0.006,10.0,0.457,15.0,95.02,12.78734,-2.38625,19.69478,5e-05,0.86736
7996.18,BTC-27SEP19,1559905144366,open,2.77,0.0,2.616,2.917,2.76649322,93.88,None,0.0,BTC-27DEC19-30000-P,7962.61,0.0,0.0,0.0,2.9115,3.0,167.84,7.27483,-1.68321,-164.65032,2e-05,-0.93812
7968.38,BTC-28JUN19,1559905144368,open,0.81,33.8,0.772,0.8515,0.81175455,0.0,0.7145,0.0,BTC-28JUN19-1500-C,7962.61,0.0,0.0,0.0,0.844,2.0,500.0,0.0,0.0,0.85791,0.0,1.0
7968.38,BTC-28JUN19,1559905144369,open,0.01,1795.1,0.0005,0.0455,0.0056393,82.12,0.0065,0.0,BTC-28JUN19-6000-P,7962.61,79.85,0.005,50.0,0.006,1.0,83.34,2.31227,-4.54791,-0.30566,8e-05,-0.06143
7996.18,BTC-27SEP19,1559905144366,open,0.34,122.6,0.3015,0.381,0.34116587,74.82,0.41,0.0,BTC-27DEC19-6000-C,7962.61,61.55,0.313,0.1,0.3835,0.1,94.01,17.35543,-3.20021,19.78569,7e-05,0.78634
7968.38,BTC-28JUN19,1559905144369,open,0.0,1428.2,0.0005,0.04,0.00032471,135.0,0.0005,0.0,BTC-28JUN19-20000-C,7962.61,0.0,0.0,0.0,0.001,29.7,151.47,0.20459,-0.66152,0.01485,0.0,0.00358
7996.18,BTC-27SEP19,1559905144368,open,0.3,27.9,0.2485,0.352,0.30009534,74.41,0.315,0.0,BTC-27DEC19-9000-P,7962.61,72.69,0.295,6.0,0.3055,6.0,76.23,23.73379,-4.35222,-34.42299,9e-05,-0.47442
7996.18,BTC-27SEP19,1559905144367,open,0.14,441.7,0.1015,0.181,0.14120912,74.92,0.133,0.0,BTC-27DEC19-10000-C,7962.61,73.83,0.138,10.0,0.1455,6.0,76.37,23.60904,-4.35936,13.80492,9e-05,0.45182
7968.38,BTC-28JUN19,1559905144370,open,0.0,399.4,0.0005,0.0405,0.0009865,88.94,0.0005,0.0,BTC-28JUN19-13000-C,7962.61,81.88,0.0005,54.3,0.0015,67.5,94.1,0.68361,-1.4562,0.05969,2e-05,0.01408
7996.18,BTC-27SEP19,1559905144370,open,0.54,0.0,0.4985,0.578,0.53839258,85.45,None,0.0,BTC-27SEP19-3750-C,7962.61,0.0,0.006,16.1,0.576,0.1,141.03,3.26703,-1.2477,10.50235,2e-05,0.9669
7962.61,index_price,1559905144366,open,0.0,0.215,0.3155,0.26525056,91.11,None,0,BTC-21JUN19-10000-P,7962.61,0.0,0.0,0.0,0.9605,1.0,500.0,3.03772,-9.97324,-3.4779,0.00014,-0.8837
7996.18,BTC-27SEP19,1559905144367,open,0.39,16.5,0.3365,0.447,0.39181565,74.92,0.417,0.0,BTC-27DEC19-10000-P,7962.61,73.12,0.3865,6.0,0.398,6.0,77.02,23.60912,-4.35955,-41.77737,9e-05,-0.54817
7968.38,BTC-28JUN19,1559905144371,open,0.27,43.0,0.216,0.317,0.26640971,78.34,0.177,0.0,BTC-28JUN19-10000-P,7962.61,0.0,0.055,0.1,0.643,1.0,500.0,4.06714,-7.63132,-5.17145,0.00014,-0.86833
7996.18,BTC-27SEP19,1559905144367,open,0.02,33.8,0.0005,0.0655,0.02580486,86.57,0.026,0.0,BTC-27DEC19-22000-C,7962.61,85.22,0.024,10.0,0.028,10.0,88.14,10.9498,-2.33611,3.5853,4e-05,0.10647
7996.18,BTC-27SEP19,1559905144368,open,0.04,80.9,0.0005,0.077,0.03592399,77.82,0.048,0.0,BTC-27DEC19-4500-P,7962.61,76.33,0.034,10.0,0.038,10.0,79.39,10.46965,-2.00792,-6.04542,4e-05,-0.1001
7996.18,BTC-27SEP19,1559905144366,open,0.0,85.9,0.0005,0.0435,0.00344627,96.1,0.0065,0.0,BTC-27DEC19-2000-P,7962.61,88.23,0.002,20.0,0.005,20.0,102.55,1.71831,-0.40699,-0.63941,1e-05,-0.01094
7962.61,index_price,1559905144366,open,8.5,0.018,0.102,0.05997216,70.57,0.057,0,BTC-14JUN19-8250-P,7962.61,67.73,0.0585,0.5,0.0605,0.5,71.58,4.14542,-21.2738,-1.02686,0.00049,-0.62462
7996.18,BTC-27SEP19,1559905144367,open,0.31,63.1,0.265,0.3445,0.30484785,74.4,0.311,0.0,BTC-27DEC19-6500-C,7962.61,39.94,0.2255,0.1,0.3475,0.1,92.06,19.24356,-3.52863,19.44767,7e-05,0.74242
7962.61,index_price,1559905144366,open,0.0,279.4,0.0005,0.0405,0.00070822,91.68,0.001,0,BTC-14JUN19-10500-C,7962.61,87.52,0.0005,0.2,0.001,26.0,96.31,0.44588,-2.97259,0.02348,4e-05,0.01636
7962.61,index_price,1559905144366,open,0.0,340.0,0.0005,0.041,0.00118648,84.22,0.0015,0,BTC-14JUN19-10000-C,7962.61,81.98,0.001,0.1,0.0015,16.0,87.53,0.69916,-4.28175,0.04,7e-05,0.02786
7996.18,BTC-27SEP19,1559905144367,open,2.02,0.0,1.9025,2.144,2.02329443,88.54,None,0.0,BTC-27DEC19-24000-P,7962.61,0.0,0.008,1.0,2.1295,3.0,141.32,9.75681,-2.12914,-130.32697,3e-05,-0.90905
7996.18,BTC-27SEP19,1559905144367,open,0.05,130.8,0.0105,0.09,0.05030808,80.37,0.046,0.0,BTC-27DEC19-16000-C,7962.61,79.48,0.0485,8.0,0.053,8.0,81.66,16.45833,-3.25993,6.44997,6e-05,0.19543
7962.61,index_price,1559905144366,open,0.08,17.7,0.0395,0.1255,0.08243971,70.63,0.0785,0,BTC-14JUN19-8500-P,7962.61,67.4,0.081,0.5,0.083,0.5,71.87,3.58592,-18.41917,-1.22474,0.00043,-0.73408
7996.18,BTC-27SEP19,1559905144366,open,3.51,0.0,3.333,3.6935,3.51331831,98.74,None,0.0,BTC-27DEC19-36000-P,7962.61,0.0,0.0,0.0,3.695,3.0,191.32,5.84059,-1.4213,-198.50894,2e-05,-0.95311
7996.18,BTC-27SEP19,1559905144369,open,0.09,129.8,0.056,0.1355,0.09565418,76.51,0.0965,0.0,BTC-27DEC19-12000-C,7962.61,75.53,0.093,10.0,0.099,8.0,77.74,21.71555,-4.09482,10.63276,8e-05,0.33489
7996.18,BTC-27SEP19,1559905144369,open,1.53,0.0,1.4315,1.6335,1.53229884,84.45,None,0.0,BTC-27DEC19-20000-P,7962.61,0.0,0.006,5.0,1.63,3.0,129.0,12.39945,-2.58069,-106.90858,4e-05,-0.87313
7962.61,index_price,1559905144367,open,0.0,0.1065,0.186,0.14645645,96.1,None,0,BTC-21JUN19-7000-C,7962.61,0.0,0.035,3.0,0.207,3.0,190.49,4.56429,-15.80505,1.92594,0.0002,0.7827
7996.18,BTC-27SEP19,1559905144366,open,0.03,203.1,0.0005,0.071,0.0310884,84.44,0.034,0.0,BTC-27DEC19-20000-C,7962.61,83.4,0.0295,10.0,0.0335,10.0,85.97,12.39636,-2.57973,4.25488,4e-05,0.12682
7996.18,BTC-27SEP19,1559905144367,open,2.27,0.0,2.14,2.401,2.27049054,90.48,None,0.0,BTC-27DEC19-26000-P,7962.61,0.0,0.006,10.0,2.3945,3.0,152.3,8.79227,-1.96061,-141.83758,3e-05,-0.92084
7968.31,BTC-28JUN19,1559905144377,open,0.05,448.7,0.0035,0.087,0.04521163,76.53,0.045,0.0,BTC-28JUN19-7500-P,7962.61,73.99,0.043,40.4,0.045,1.1,76.29,6.95338,-12.74509,-1.7389,0.00025,-0.33635
7968.31,BTC-28JUN19,1559905144378,open,0.05,448.7,0.0035,0.087,0.04521163,76.53,0.045,0.0,BTC-28JUN19-7500-P,7962.61,74.56,0.0435,0.4,0.045,1.1,76.29,6.95338,-12.74509,-1.7389,0.00025,-0.33635
7996.18,BTC-27SEP19,1559905144432,open,0.39,16.5,0.3365,0.447,0.39181565,74.92,0.417,0.0,BTC-27DEC19-10000-P,7962.61,72.95,0.386,6.0,0.398,6.0,77.02,23.60912,-4.35955,-41.77737,9e-05,-0.54817
7996.18,BTC-27SEP19,1559905144433,open,0.09,129.8,0.056,0.1355,0.09565418,76.51,0.0965,0.0,BTC-27DEC19-12000-C,7962.61,75.53,0.093,10.0,0.0995,8.0,77.92,21.71555,-4.09482,10.63276,8e-05,0.33489
248.79,index_price,1559905144436,open,0.12,0.0,0.084,0.163,0.123736,84.28,None,0,ETH-14JUN19-220-C,248.79,81.72,0.123,60.0,0.129,60.0,100.7,0.07268,-0.44543,0.03492,0.0074,0.86885
248.79,index_price,1559905144444,open,0.02,237.0,0.001,0.058,0.018852,88.43,0.018,0,ETH-14JUN19-270-C,248.79,84.3,0.017,240.0,0.02,150.0,90.94,0.11286,-0.72577,0.01176,0.01095,0.26981
254.14,ETH-27SEP19,1559905144877,open,0.04,1663.0,0.009,0.088,0.048401,101.45,0.048,0.0,ETH-27SEP19-480-C,248.79,103.12,0.051,48.0,0.055,148.0,105.64,0.39066,-0.17712,0.11597,0.00195,0.19728
250.01,ETH-28JUN19,1559905144877,open,0.01,7104.0,0.001,0.054,0.013541,87.24,0.011,0.0,ETH-28JUN19-200-P,248.79,81.73,0.011,447.0,0.015,300.0,90.23,0.11973,-0.25018,-0.01912,0.00384,-0.12019
254.14,ETH-27SEP19,1559905144877,open,0.32,98.0,0.273,0.378,0.325796,94.34,0.354,0.0,ETH-27SEP19-300-P,248.79,95.34,0.328,36.0,0.34,36.0,100.78,0.56042,-0.2363,-0.6608,0.003,-0.52251
254.14,ETH-27SEP19,1559905144880,open,0.64,0.0,0.583,0.714,0.648941,97.96,None,0.0,ETH-27SEP19-400-P,248.79,88.08,0.631,36.0,0.687,36.0,117.19,0.47844,-0.20946,-1.06171,0.00247,-0.71404
254.14,ETH-27SEP19,1559905144880,open,0.01,7507.0,0.001,0.052,0.011565,93.81,0.008,0.0,ETH-27SEP19-120-P,248.79,92.7,0.011,150.0,0.014,60.0,98.31,0.13131,-0.05505,-0.04339,0.00071,-0.04414
250.01,ETH-28JUN19,1559905144890,open,0.29,3414.0,0.245,0.324,0.284534,87.9,0.265,0.0,ETH-28JUN19-180-C,248.79,0.0,0.274,60.0,0.297,60.0,124.22,0.05935,-0.12496,0.09549,0.00189,0.95233
250.01,ETH-28JUN19,1559905144890,open,0.6,0.0,0.561,0.64,0.600296,145.2,None,0.0,ETH-28JUN19-100-C,248.79,0.0,0.589,60.0,0.612,60.0,260.86,0.00457,-0.01589,0.0568,9e-05,0.99754
250.01,ETH-28JUN19,1559905144897,open,0.02,2326.0,0.001,0.056,0.016788,92.86,0.014,0.0,ETH-28JUN19-320-C,248.79,89.7,0.015,240.0,0.02,537.0,98.23,0.14463,-0.32167,0.02027,0.00436,0.15857
250.01,ETH-28JUN19,1559905144897,open,0.32,1130.0,0.283,0.362,0.322581,89.87,0.32,0.0,ETH-28JUN19-170-C,248.79,0.0,0.312,60.0,0.335,60.0,135.01,0.03908,-0.08413,0.09278,0.00122,0.97141
248.79,index_price,1559905144902,open,0.0,0.206,0.285,0.245895,110.92,None,0,ETH-21JUN19-190-C,248.79,0.0,0.222,60.0,0.264,60.0,157.14,0.07731,-0.30899,0.06302,0.00296,0.91224
250.0,ETH-28JUN19,1559905144918,open,0.52,50.0,0.481,0.56,0.520523,126.53,0.547,0.0,ETH-28JUN19-120-C,248.79,0.0,0.509,60.0,0.532,60.0,214.97,0.00862,-0.02613,0.06784,0.00019,0.99501
254.14,ETH-27SEP19,1559905144918,open,0.38,4.0,0.329,0.439,0.384071,94.39,0.297,0.0,ETH-27SEP19-320-P,248.79,96.2,0.388,36.0,0.4,36.0,101.69,0.55233,-0.233,-0.74419,0.00296,-0.57129
250.0,ETH-28JUN19,1559905144918,open,0.01,2491.0,0.001,0.045,0.005773,93.51,0.007,0.0,ETH-28JUN19-360-C,248.79,90.84,0.005,550.0,0.007,100.0,97.37,0.07527,-0.16856,0.00838,0.00225,0.0644
250.0,ETH-28JUN19,1559905144929,open,0.21,2193.0,0.174,0.253,0.213579,87.31,0.2,0.0,ETH-28JUN19-200-C,248.79,54.16,0.202,60.0,0.226,60.0,110.3,0.11986,-0.25064,0.09523,0.00384,0.87963
254.14,ETH-27SEP19,1559905144929,open,0.12,1572.0,0.085,0.164,0.124922,94.39,0.135,0.0,ETH-27SEP19-320-C,248.79,95.35,0.127,36.0,0.135,126.0,99.02,0.55233,-0.233,0.23664,0.00296,0.42871
250.0,ETH-28JUN19,1559905144998,open,0.0,7984.0,0.001,0.04,0.000977,119.03,0.001,0.0,ETH-28JUN19-500-C,248.79,0.0,0.0,0.0,0.002,223.0,130.4,0.01722,-0.0491,0.00142,0.0004,0.01093
250.0,ETH-28JUN19,1559905145016,open,0.44,0.0,0.388,0.503,0.445716,93.31,None,0.0,ETH-28JUN19-360-P,248.79,0.0,0.432,60.0,0.458,60.0,122.78,0.07486,-0.1673,-0.19757,0.00224,-0.93605
254.14,ETH-27SEP19,1559905145016,open,0.54,47.0,0.5,0.579,0.539384,93.81,0.564,0.0,ETH-27SEP19-120-C,248.79,0.0,0.518,12.0,0.559,12.0,123.49,0.13131,-0.05505,0.32442,0.00071,0.95586
250.0,ETH-28JUN19,1559905145016,open,0.0,1054.0,0.001,0.04,0.000999,100.55,0.001,0.0,ETH-28JUN19-440-C,248.79,0.0,0.0,0.0,0.002,400.0,110.35,0.01982,-0.04772,0.00169,0.00055,0.01285
250.0,ETH-28JUN19,1559905145028,open,0.44,335.0,0.402,0.481,0.441055,111.7,0.481,0.0,ETH-28JUN19-140-C,248.79,0.0,0.43,60.0,0.452,60.0,176.2,0.01678,-0.04489,0.0784,0.00042,0.98939
254.13,ETH-27SEP19,1559905145053,open,1.23,0.0,1.149,1.327,1.237703,105.41,None,0.0,ETH-27SEP19-560-P,248.79,88.9,1.22,12.0,1.274,12.0,129.89,0.31935,-0.15045,-1.63076,0.00153,-0.85589
250.0,ETH-28JUN19,1559905145064,open,0.02,4584.0,0.001,0.062,0.021503,87.24,0.025,0.0,ETH-28JUN19-210-P,248.79,81.38,0.018,380.0,0.022,240.0,88.04,0.15334,-0.32038,-0.0279,0.00492,-0.1736
254.13,ETH-27SEP19,1559905145064,open,0.16,1336.0,0.129,0.208,0.168088,93.82,0.172,0.0,ETH-27SEP19-280-C,248.79,93.32,0.167,36.0,0.176,117.0,97.41,0.55979,-0.23472,0.28122,0.00301,0.52912
248.79,index_price,1559905145077,open,0.0,0.001,0.049,0.009591,110.92,None,0,ETH-21JUN19-190-P,248.79,77.8,0.002,150.0,0.006,550.0,98.17,0.07731,-0.30899,-0.00921,0.00296,-0.08776
250.0,ETH-28JUN19,1559905145080,open,0.0,7240.0,0.001,0.042,0.002528,89.7,0.006,0.0,ETH-28JUN19-170-P,248.79,77.06,0.001,750.0,0.004,400.0,97.95,0.03885,-0.08347,-0.00442,0.00121,-0.02838
250.0,ETH-28JUN19,1559905145090,open,0.4,481.0,0.362,0.441,0.401552,105.59,0.46,0.0,ETH-28JUN19-150-C,248.79,0.0,0.39,60.0,0.413,60.0,162.12,0.02369,-0.05992,0.08331,0.00063,0.98419
254.13,ETH-27SEP19,1559905145090,open,0.07,1818.0,0.036,0.115,0.075005,97.96,0.072,0.0,ETH-27SEP19-400-C,248.79,99.02,0.077,48.0,0.083,139.0,102.15,0.47842,-0.20946,0.16431,0.00247,0.28595
254.13,ETH-27SEP19,1559905145090,open,0.05,881.0,0.021,0.1,0.060145,99.96,0.06,0.0,ETH-27SEP19-440-C,248.79,101.04,0.062,48.0,0.067,144.0,103.9,0.43464,-0.19418,0.13796,0.0022,0.23726
248.79,index_price,1559905145120,open,0.01,1103.0,0.001,0.051,0.011692,89.61,0.014,0,ETH-14JUN19-280-C,248.79,84.86,0.01,240.0,0.013,150.0,93.13,0.09091,-0.59243,0.00809,0.0087,0.18423
250.0,ETH-28JUN19,1559905145186,open,0.25,576.0,0.209,0.288,0.248014,87.33,0.233,0.0,ETH-28JUN19-190-C,248.79,7.81,0.24,1.0,0.26,60.0,115.12,0.08722,-0.18242,0.09637,0.00279,0.92198
254.13,ETH-27SEP19,1559905145186,open,0.21,731.0,0.171,0.267,0.218977,93.8,0.24,0.0,ETH-27SEP19-260-P,248.79,93.81,0.219,36.0,0.23,186.0,98.92,0.54839,-0.22989,-0.49353,0.00295,-0.41462
250.0,ETH-28JUN19,1559905145200,open,0.29,51.0,0.245,0.348,0.296731,92.77,0.211,0.0,ETH-28JUN19-320-P,248.79,60.73,0.283,60.0,0.309,60.0,111.88,0.14442,-0.32092,-0.16279,0.00435,-0.84175
254.13,ETH-27SEP19,1559905145200,open,0.09,1352.0,0.056,0.135,0.095609,96.03,0.097,0.0,ETH-27SEP19-360-C,248.79,97.19,0.098,48.0,0.105,133.0,100.58,0.52034,-0.22332,0.19703,0.00274,0.34855
250.0,ETH-28JUN19,1559905145239,open,1.0,0.0,0.921,1.08,1.000897,117.83,None,0.0,ETH-28JUN19-500-P,248.79,0.0,0.984,60.0,1.012,60.0,175.48,0.01621,-0.04576,-0.28464,0.00038,-0.9898
254.13,ETH-27SEP19,1559905145239,open,0.01,3550.0,0.001,0.045,0.00508,95.62,0.008,0.0,ETH-27SEP19-100-P,248.79,91.55,0.004,600.0,0.007,60.0,101.8,0.07202,-0.03078,-0.02059,0.00038,-0.02136
254.13,ETH-27SEP19,1559905145248,open,0.77,0.0,0.726,0.805,0.765572,120.42,0.01,0.0,ETH-27SEP19-60-C,248.79,0.0,0.743,12.0,0.785,12.0,198.03,0.02476,-0.01332,0.17775,0.0001,0.99376
250.0,ETH-28JUN19,1559905145248,open,0.0,4689.0,0.001,0.041,0.001965,94.64,0.003,0.0,ETH-28JUN19-400-C,248.79,86.11,0.001,1390.0,0.003,100.0,101.12,0.03471,-0.07868,0.00327,0.00103,0.0248
254.13,ETH-27SEP19,1559905145248,open,0.61,0.0,0.572,0.651,0.611596,95.68,None,0.0,ETH-27SEP19-100-C,248.79,0.0,0.59,12.0,0.631,12.0,137.96,0.07215,-0.03085,0.28587,0.00038,0.9786
250.0,ETH-28JUN19,1559905145250,open,0.01,6557.0,0.001,0.048,0.007983,87.24,0.006,0.0,ETH-28JUN19-190-P,248.79,81.17,0.006,550.0,0.009,100.0,90.08,0.08707,-0.18192,-0.01227,0.00279,-0.07785
250.0,ETH-28JUN19,1559905145274,open,0.0,1541.0,0.001,0.04,4e-05,149.99,0.001,0.0,ETH-28JUN19-80-P,248.79,0.0,0.0,0.0,0.001,264.0,207.13,0.00086,-0.00307,-6e-05,2e-05,-0.0004
250.0,ETH-28JUN19,1559905145274,open,0.0,2026.0,0.001,0.04,9.4e-05,144.93,0.001,0.0,ETH-28JUN19-90-P,248.79,0.0,0.0,0.0,0.001,250.0,186.82,0.00183,-0.00635,-0.00014,4e-05,-0.0009
250.0,ETH-28JUN19,1559905145291,open,0.06,5922.0,0.021,0.105,0.06296,87.23,0.068,0.0,ETH-28JUN19-240-P,248.79,82.89,0.059,349.0,0.066,240.0,90.56,0.22802,-0.47641,-0.06364,0.00731,-0.38209
250.0,ETH-28JUN19,1559905145291,open,0.11,2413.0,0.062,0.15,0.106216,87.22,0.098,0.0,ETH-28JUN19-260-P,248.79,83.84,0.103,180.0,0.11,150.0,91.2,0.23769,-0.49655,-0.09145,0.00762,-0.53336
250.0,ETH-28JUN19,1559905145320,open,0.1,1266.0,0.063,0.142,0.102998,87.27,0.097,0.0,ETH-28JUN19-240-C,248.79,83.98,0.1,180.0,0.106,150.0,90.56,0.22803,-0.47664,0.07362,0.00731,0.61789
250.0,ETH-28JUN19,1559905145320,open,0.0,4769.0,0.001,0.04,0.000504,125.97,0.001,0.0,ETH-28JUN19-120-P,248.79,0.0,0.0,0.0,0.001,200.0,137.41,0.0084,-0.02534,-0.00076,0.00019,-0.00484
254.13,ETH-27SEP19,1559905145320,open,0.22,2166.0,0.189,0.268,0.228193,93.82,0.21,0.0,ETH-27SEP19-240-C,248.79,91.79,0.224,36.0,0.235,36.0,97.12,0.52419,-0.21979,0.32408,0.00282,0.64425
254.13,ETH-27SEP19,1559905145320,open,0.14,1787.0,0.106,0.185,0.145346,94.35,0.146,0.0,ETH-27SEP19-300-C,248.79,94.19,0.145,36.0,0.153,121.0,97.82,0.5604,-0.2363,0.25871,0.003,0.47747
254.13,ETH-27SEP19,1559905145320,open,0.26,543.0,0.22,0.32,0.269845,93.8,0.257,0.0,ETH-27SEP19-280-P,248.79,94.32,0.271,36.0,0.283,186.0,99.78,0.5598,-0.23467,-0.577,0.00301,-0.47092
250.0,ETH-28JUN19,1559905145349,open,0.15,1592.0,0.113,0.192,0.152272,87.28,0.13,0.0,ETH-28JUN19-220-C,248.79,82.81,0.149,60.0,0.155,60.0,90.95,0.18448,-0.38567,0.08736,0.00591,0.76324
248.79,index_price,1559905145394,open,0.33,0.0,0.275,0.38,0.327418,97.98,None,0,ETH-14JUN19-330-P,248.79,0.0,0.313,60.0,0.334,60.0,143.04,0.01723,-0.12279,-0.06123,0.00151,-0.979
7968.38,BTC-28JUN19,1559905145412,open,0.05,448.7,0.0035,0.087,0.04521219,76.53,0.045,0.0,BTC-28JUN19-7500-P,7962.61,73.99,0.043,40.4,0.045,1.1,76.29,6.95334,-12.74577,-1.73886,0.00025,-0.33633
7968.38,BTC-28JUN19,1559905145412,open,0.63,0.8,0.5675,0.6975,0.63244911,89.1,2.171,0.0,BTC-28JUN19-13000-P,7962.61,0.0,0.07,1.0,0.9505,1.0,500.0,0.69037,-1.47335,-7.37481,2e-05,-0.98575
7968.38,BTC-28JUN19,1559905145420,open,0.05,448.7,0.0035,0.087,0.04521219,76.53,0.045,0.0,BTC-28JUN19-7500-P,7962.61,74.57,0.0435,0.4,0.045,1.1,76.29,6.95334,-12.74577,-1.73886,0.00025,-0.33633
7996.17,BTC-27SEP19,1559905145510,open,0.69,0.0,0.6535,0.733,0.69335646,89.82,None,0.0,BTC-27DEC19-2500-C,7962.61,0.0,0.0185,3.0,0.73,0.1,148.74,2.7852,-0.61656,12.77635,1e-05,0.98082
7996.17,BTC-27SEP19,1559905145521,open,0.02,79.4,0.0005,0.0615,0.02184295,88.53,0.023,0.0,BTC-27DEC19-24000-C,7962.61,86.98,0.02,10.0,0.024,10.0,90.25,9.75238,-2.12782,3.06909,3e-05,0.0909
250.0,ETH-28JUN19,1559905145544,open,0.0,598.0,0.001,0.04,0.000976,113.09,0.001,0.0,ETH-28JUN19-480-C,248.79,0.0,0.0,0.0,0.002,300.0,124.07,0.01786,-0.04839,0.00149,0.00044,0.0114
248.79,index_price,1559905145589,open,0.0,0.139,0.218,0.178171,106.59,None,0,ETH-21JUN19-210-C,248.79,0.0,0.149,60.0,0.193,60.0,133.81,0.1268,-0.48703,0.06081,0.00506,0.82109
254.13,ETH-27SEP19,1559905145714,open,0.04,364.0,0.001,0.08,0.04035,103.49,0.043,0.0,ETH-27SEP19-520-C,248.79,105.37,0.043,48.0,0.046,150.0,107.45,0.35299,-0.16327,0.09923,0.00172,0.16774
248.79,index_price,1559905145758,open,0.07,392.0,0.026,0.105,0.065144,84.28,0.064,0,ETH-14JUN19-240-C,248.79,82.04,0.064,180.0,0.068,150.0,89.85,0.12727,-0.78003,0.02712,0.01295,0.64386
248.79,index_price,1559905145762,open,0.0,0.001,0.063,0.022257,106.59,None,0,ETH-21JUN19-210-P,248.79,77.22,0.009,296.0,0.015,300.0,91.57,0.1268,-0.48703,-0.01903,0.00506,-0.17891
248.79,index_price,1559905145778,open,0.01,116.0,0.001,0.046,0.006768,89.63,0.009,0,ETH-14JUN19-290-C,248.79,82.69,0.005,450.0,0.008,100.0,94.01,0.06755,-0.44032,0.00522,0.00646,0.11813
248.79,index_price,1559905145795,open,0.0,406.0,0.001,0.041,0.001019,98.53,0.002,0,ETH-14JUN19-190-P,248.79,0.0,0.0,0.0,0.002,400.0,110.53,0.01628,-0.11668,-0.00097,0.00142,-0.01965
248.79,index_price,1559905145992,open,10.0,0.001,0.054,0.014381,90.62,0.011,0,ETH-21JUN19-300-C,248.79,85.55,0.012,240.0,0.016,146.0,93.89,0.12077,-0.39436,0.01432,0.00566,0.16576
248.79,index_price,1559905146043,open,0.03,30.0,0.001,0.071,0.029813,84.28,0.03,0,ETH-14JUN19-240-P,248.79,78.77,0.027,240.0,0.03,25.0,84.65,0.12727,-0.78003,-0.01809,0.01295,-0.35614
248.79,index_price,1559905146166,open,10.0,0.001,0.045,0.005211,92.51,0.009,0,ETH-21JUN19-330-C,248.79,82.79,0.003,600.0,0.008,400.0,102.0,0.06511,-0.21706,0.00613,0.00299,0.06998
7996.16,BTC-27SEP19,1559905146187,open,0.01,210.2,0.0005,0.048,0.00844653,87.51,0.0085,0.0,BTC-27SEP19-20000-C,7962.61,84.81,0.007,25.0,0.01,10.0,90.11,4.52664,-1.77034,1.00529,3e-05,0.04946
248.79,index_price,1559905146289,open,0.0,171.0,0.001,0.041,0.001067,107.57,0.002,0,ETH-14JUN19-340-C,248.79,0.0,0.0,0.0,0.002,450.0,118.62,0.01695,-0.13258,0.00092,0.00135,0.02059
248.79,index_price,1559905146325,open,0.0,4496.0,0.001,0.044,0.004237,92.07,0.004,0,ETH-14JUN19-300-C,248.79,90.86,0.004,101.0,0.006,450.0,100.11,0.04984,-0.33368,0.00346,0.00464,0.07808
248.79,index_price,1559905146328,open,0.0,450.0,0.001,0.04,0.000792,111.14,0.001,0,ETH-14JUN19-350-C,248.79,0.0,0.0,0.0,0.001,150.0,114.76,0.01318,-0.10651,0.00068,0.00102,0.01533
248.79,index_price,1559905146332,open,0.05,120.0,0.004,0.083,0.043844,84.28,0.048,0,ETH-14JUN19-250-C,248.79,82.74,0.043,180.0,0.046,150.0,88.22,0.13621,-0.83481,0.02168,0.01386,0.50634
248.79,index_price,1559905146332,open,0.0,0.279,0.384,0.331631,92.51,None,0,ETH-21JUN19-330-P,248.79,0.0,0.305,60.0,0.349,60.0,136.54,0.06512,-0.21706,-0.11933,0.00299,-0.93002
248.79,index_price,1559905146350,open,0.0,0.001,0.05,0.01022,91.03,None,0,ETH-21JUN19-310-C,248.79,85.2,0.008,300.0,0.013,400.0,97.61,0.09983,-0.32745,0.01085,0.00466,0.12495
248.79,index_price,1559905146366,open,0.0,120.0,0.001,0.04,0.00078,118.59,0.001,0,ETH-14JUN19-360-C,248.79,0.0,0.0,0.0,0.001,150.0,122.63,0.01241,-0.10705,0.00063,0.0009,0.0143
7968.38,BTC-28JUN19,1559905146371,open,0.05,448.7,0.0035,0.087,0.04520893,76.53,0.045,0.0,BTC-28JUN19-7500-P,7962.61,73.99,0.043,40.4,0.045,1.1,76.29,6.95334,-12.74577,-1.73886,0.00025,-0.33633
7968.38,BTC-28JUN19,1559905146378,open,0.05,448.7,0.0035,0.087,0.04520893,76.53,0.045,0.0,BTC-28JUN19-7500-P,7962.61,74.57,0.0435,0.4,0.045,1.1,76.29,6.95334,-12.74577,-1.73886,0.00025,-0.33633
248.79,index_price,1559905146382,open,0.0,0.082,0.161,0.121962,105.1,None,0,ETH-21JUN19-230-C,248.79,80.02,0.105,60.0,0.113,150.0,92.01,0.17199,-0.65135,0.05338,0.00695,0.6864
248.79,index_price,1559905146562,open,0.0,0.005,0.088,0.046436,105.1,None,0,ETH-21JUN19-230-P,248.79,77.77,0.028,275.0,0.033,40.0,85.35,0.17199,-0.65135,-0.03405,0.00695,-0.3136
248.79,index_price,1559905146805,open,15.0,0.001,0.047,0.007186,91.39,0.004,0,ETH-21JUN19-320-C,248.79,84.04,0.005,300.0,0.01,400.0,99.4,0.0806,-0.26542,0.0081,0.00375,0.09282
7962.61,index_price,1559905146846,open,0.5,0.064,0.1525,0.1082838,71.99,0.104,0,BTC-14JUN19-8750-P,7962.61,68.37,0.107,0.5,0.109,0.5,73.93,2.89488,-15.15449,-1.38829,0.00034,-0.81727
248.79,index_price,1559905146857,open,0.0,1145.0,0.001,0.042,0.00233,92.07,0.003,0,ETH-14JUN19-310-C,248.79,79.63,0.001,150.0,0.003,100.0,96.71,0.03335,-0.2233,0.00208,0.00311,0.04671
7996.15,BTC-27SEP19,1559905146903,open,1.51,0.0,1.4095,1.61,1.50966276,87.53,None,0.0,BTC-27SEP19-20000-P,7962.61,0.0,0.006,10.0,2.2475,0.2,500.0,4.53066,-1.77236,-60.29542,3e-05,-0.95048
7962.61,index_price,1559905146906,open,0.0,0.212,0.2915,0.2518203,99.25,None,0,BTC-21JUN19-6000-C,7962.61,0.0,0.148,3.0,0.32,3.0,251.85,1.83672,-6.56872,2.08473,8e-05,0.94052
248.79,index_price,1559905146932,open,0.0,0.006,0.089,0.047889,83.87,None,0,ETH-21JUN19-240-P,248.79,77.28,0.043,262.0,0.052,262.0,89.4,0.18491,-0.55884,-0.0406,0.00937,-0.38143
7962.61,index_price,1559905147031,open,0.0,0.271,0.3765,0.32389948,91.15,None,0,BTC-21JUN19-10500-P,7962.61,0.0,0.0,0.0,0.0,0.0,0.0,2.10967,-6.92913,-3.79227,0.0001,-0.9289
7996.15,BTC-27SEP19,1559905147043,open,0.0,188.5,0.0005,0.0445,0.00474766,92.04,0.0045,0.0,BTC-27SEP19-24000-C,7962.61,88.24,0.0035,25.0,0.006,10.0,95.24,2.89291,-1.19,0.584,2e-05,0.02858
7962.61,index_price,1559905147159,open,0.0,139.0,0.0005,0.0405,0.00076493,98.37,0.001,0,BTC-14JUN19-6000-P,7962.61,92.63,0.0005,42.5,0.001,22.4,102.45,0.41975,-3.00264,-0.02402,4e-05,-0.01525
248.79,index_price,1559905147169,open,0.08,38.0,0.032,0.117,0.074915,87.82,0.072,0,ETH-14JUN19-260-P,248.79,78.35,0.07,180.0,0.074,150.0,86.07,0.13002,-0.83038,-0.03257,0.0127,-0.61995
254.13,ETH-27SEP19,1559905147283,open,0.03,514.0,0.001,0.074,0.034197,105.48,0.037,0.0,ETH-27SEP19-560-C,248.79,106.9,0.036,48.0,0.04,152.0,109.94,0.31973,-0.15073,0.08581,0.00153,0.14436
248.79,index_price,1559905147295,open,0.0,0.026,0.11,0.067786,83.87,None,0,ETH-21JUN19-250-P,248.79,76.43,0.062,427.0,0.071,150.0,88.01,0.19326,-0.58408,-0.05174,0.00979,-0.47923
7962.61,index_price,1559905147305,open,0.0,0.005,0.088,0.04637613,95.12,None,0,BTC-21JUN19-7500-P,7962.61,69.61,0.0285,13.1,0.033,1.0,76.14,5.68151,-19.47297,-1.16624,0.00025,-0.3389
7996.15,BTC-27SEP19,1559905147370,open,0.6,5.5,0.533,0.66,0.59637276,76.51,0.605,0.0,BTC-27DEC19-12000-P,7962.61,39.87,0.515,0.1,0.653,3.0,96.52,21.71529,-4.09472,-56.0663,8e-05,-0.66512
7968.38,BTC-28JUN19,1559905147373,open,0.05,448.7,0.0035,0.087,0.04520902,76.53,0.045,0.0,BTC-28JUN19-7500-P,7962.61,73.99,0.043,40.4,0.045,1.1,76.29,6.95334,-12.74577,-1.73886,0.00025,-0.33633
7962.61,index_price,1559905147373,open,0.0,0.0005,0.0455,0.00534207,99.25,None,0,BTC-21JUN19-6000-P,7962.61,72.12,0.001,8.4,0.0035,16.0,90.4,1.83672,-6.56872,-0.1962,8e-05,-0.05948
7968.38,BTC-28JUN19,1559905147377,open,0.05,448.7,0.0035,0.087,0.04520902,76.53,0.045,0.0,BTC-28JUN19-7500-P,7962.61,74.57,0.0435,0.4,0.045,1.1,76.29,6.95334,-12.74577,-1.73886,0.00025,-0.33633
7968.36,BTC-28JUN19,1559905147398,open,0.0,539.1,0.0005,0.0405,0.0007097,96.2,0.0005,0.0,BTC-28JUN19-14000-C,7962.61,92.42,0.0005,0.1,0.001,67.7,100.3,0.49821,-1.14794,0.04135,1e-05,0.00978
7968.36,BTC-28JUN19,1559905147398,open,0.5,322.4,0.459,0.5385,0.49872942,124.1,0.48,0.0,BTC-28JUN19-4000-C,7962.61,0.0,0.0,0.0,0.5315,0.1,273.07,0.35933,-1.06802,2.25375,1e-05,0.99326
7996.15,BTC-27SEP19,1559905147398,open,0.43,13.5,0.386,0.4655,0.42580686,80.06,0.382,0.0,BTC-27SEP19-4750-C,7962.61,0.0,0.011,0.6,0.464,0.1,117.22,6.65988,-2.38306,12.08109,4e-05,0.91873
7968.36,BTC-28JUN19,1559905147398,open,0.0,1255.2,0.0005,0.04,0.0,135.0,0.0005,0.0,BTC-28JUN19-1500-P,7962.61,0.0,0.0,0.0,0.0005,10.0,276.04,1e-05,-2e-05,0.0,0.0,0.0
7968.36,BTC-28JUN19,1559905147398,open,0.0,621.9,0.0005,0.0415,0.00193719,84.38,0.003,0.0,BTC-28JUN19-12000-C,7962.61,76.7,0.001,71.0,0.003,72.7,90.57,1.18504,-2.39493,0.11388,4e-05,0.02692
7962.61,index_price,1559905147398,open,0.0,0.013,0.0925,0.05299155,70.68,None,0,BTC-14JUN19-7750-C,7962.61,67.8,0.0515,35.5,0.0545,0.5,73.58,4.13224,-21.23759,0.86303,0.00049,0.62836
7968.36,BTC-28JUN19,1559905147417,open,0.88,2.8,0.808,0.958,0.88292591,101.62,0.6485,0.0,BTC-28JUN19-15000-P,7962.61,0.0,0.0,0.0,1.166,1.0,500.0,0.34999,-0.85188,-8.55141,1e-05,-0.99345
7962.61,index_price,1559905147428,open,0.0,194.8,0.0005,0.042,0.00232532,77.4,0.003,0,BTC-14JUN19-9500-C,7962.61,75.14,0.002,1.0,0.003,63.5,81.58,1.19547,-6.72877,0.07728,0.00013,0.05384
7996.15,BTC-27SEP19,1559905147447,open,0.01,58.1,0.0005,0.051,0.0111409,98.7,0.0125,0.0,BTC-27DEC19-36000-C,7962.61,97.08,0.01,10.0,0.013,20.0,101.13,5.83151,-1.41855,1.58483,2e-05,0.0468
7968.36,BTC-28JUN19,1559905147452,open,0.16,110.9,0.1135,0.206,0.15962455,77.47,0.15,0.0,BTC-28JUN19-9000-P,7962.61,65.82,0.1505,10.0,0.1665,10.0,85.75,6.48261,-12.02787,-3.98056,0.00023,-0.7138
254.13,ETH-27SEP19,1559905147459,open,0.02,7561.0,0.001,0.064,0.023509,93.81,0.03,0.0,ETH-27SEP19-140-P,248.77,90.69,0.021,360.0,0.026,60.0,96.79,0.20842,-0.08738,-0.08033,0.00112,-0.07962
250.0,ETH-28JUN19,1559905147459,open,0.04,2141.0,0.003,0.082,0.042448,89.26,0.047,0.0,ETH-28JUN19-280-C,248.77,87.6,0.041,240.0,0.045,150.0,92.18,0.218,-0.46609,0.04194,0.00683,0.33574
254.13,ETH-27SEP19,1559905147459,open,0.41,401.0,0.372,0.451,0.411634,93.81,0.38,0.0,ETH-27SEP19-160-C,248.77,72.71,0.39,12.0,0.431,12.0,109.94,0.28957,-0.12141,0.36096,0.00156,0.87503
254.13,ETH-27SEP19,1559905147459,open,0.44,31.0,0.389,0.504,0.446834,95.15,0.368,0.0,ETH-27SEP19-340-P,248.77,96.65,0.45,36.0,0.463,36.0,102.72,0.53831,-0.22892,-0.82614,0.00286,-0.61378
250.0,ETH-28JUN19,1559905147459,open,0.6,0.0,0.538,0.666,0.601964,94.64,None,0.0,ETH-28JUN19-400-P,248.77,0.0,0.587,60.0,0.613,60.0,134.74,0.0347,-0.07865,-0.22551,0.00103,-0.97521
254.13,ETH-27SEP19,1559905147460,open,0.19,1111.0,0.156,0.235,0.195925,93.82,0.18,0.0,ETH-27SEP19-260-C,248.77,92.93,0.194,36.0,0.202,112.0,96.64,0.54838,-0.22994,0.30338,0.00295,0.58541
250.0,ETH-28JUN19,1559905147460,open,0.03,4950.0,0.001,0.073,0.032247,87.25,0.028,0.0,ETH-28JUN19-220-P,248.77,82.81,0.029,131.0,0.034,240.0,89.61,0.18446,-0.38547,-0.03845,0.00591,-0.2367
254.13,ETH-27SEP19,1559905147460,open,0.1,914.0,0.069,0.148,0.108936,95.15,0.114,0.0,ETH-27SEP19-340-C,248.77,96.13,0.111,48.0,0.118,130.0,99.41,0.53831,-0.22892,0.21599,0.00286,0.38622
254.13,ETH-27SEP19,1559905147460,open,0.93,0.0,0.86,1.014,0.937196,101.45,None,0.0,ETH-27SEP19-480-P,248.77,90.85,0.922,12.0,0.972,12.0,121.93,0.39063,-0.17711,-1.35529,0.00195,-0.80273
254.13,ETH-27SEP19,1559905147460,open,0.08,1416.0,0.044,0.123,0.083689,96.6,0.088,0.0,ETH-27SEP19-380-C,248.77,98.27,0.087,48.0,0.088,61.0,98.78,0.49903,-0.21544,0.17929,0.00261,0.31387
254.13,ETH-27SEP19,1559905147460,open,0.09,2868.0,0.052,0.138,0.095155,93.81,0.09,0.0,ETH-27SEP19-200-P,248.77,91.95,0.092,48.0,0.1,173.0,96.64,0.43285,-0.18147,-0.25755,0.00233,-0.23549
250.0,ETH-28JUN19,1559905147460,open,0.0,3083.0,0.001,0.04,0.000265,144.31,0.001,0.0,ETH-28JUN19-100-P,248.77,0.0,0.0,0.0,0.001,250.0,168.71,0.00438,-0.01514,-0.00037,8e-05,-0.00235
250.0,ETH-28JUN19,1559905147460,open,0.16,274.0,0.116,0.208,0.162448,89.26,0.203,0.0,ETH-28JUN19-280-P,248.77,79.41,0.154,100.0,0.17,150.0,97.82,0.218,-0.46609,-0.11821,0.00683,-0.66426
250.0,ETH-28JUN19,1559905147460,open,0.03,2585.0,0.001,0.066,0.026727,91.03,0.025,0.0,ETH-28JUN19-300-C,248.77,88.65,0.025,240.0,0.03,305.0,95.43,0.18291,-0.39881,0.02951,0.00562,0.23312
250.0,ETH-28JUN19,1559905147460,open,0.76,0.0,0.691,0.831,0.760999,100.54,None,0.0,ETH-28JUN19-440-P,248.77,0.0,0.745,60.0,0.772,60.0,151.19,0.01981,-0.0477,-0.24996,0.00055,-0.98715
248.77,index_price,1559905147459,open,0.0,0.171,0.25,0.210159,106.74,None,0,ETH-21JUN19-200-C,248.77,0.0,0.184,60.0,0.227,60.0,143.29,0.09959,-0.38306,0.06292,0.00397,0.87546
254.11,ETH-27SEP19,1559905147460,open,0.13,2011.0,0.086,0.176,0.13113,93.8,0.126,0.0,ETH-27SEP19-220-P,248.77,92.68,0.129,48.0,0.138,161.0,97.39,0.48583,-0.20366,-0.33233,0.00262,-0.29556
254.11,ETH-27SEP19,1559905147460,open,0.0,174.0,0.001,0.041,0.001662,120.32,0.002,0.0,ETH-27SEP19-60-P,248.77,112.33,0.001,150.0,0.003,150.0,131.59,0.02467,-0.01326,-0.00613,0.0001,-0.00621
250.0,ETH-28JUN19,1559905147460,open,0.0,7787.0,0.001,0.041,0.001529,105.34,0.003,0.0,ETH-28JUN19-150-P,248.77,98.93,0.001,111.0,0.002,400.0,109.95,0.02346,-0.0592,-0.00245,0.00062,-0.01564
254.11,ETH-27SEP19,1559905147461,open,0.47,191.0,0.433,0.512,0.47261,93.86,0.5,0.0,ETH-27SEP19-140-C,248.77,54.2,0.451,12.0,0.492,12.0,114.93,0.20857,-0.08749,0.34869,0.00112,0.92029
248.77,index_price,1559905147460,open,1.0,0.051,0.137,0.094051,87.05,0.083,0,ETH-21JUN19-260-P,248.77,76.5,0.086,180.0,0.093,150.0,85.68,0.19055,-0.59775,-0.06276,0.0093,-0.56956
249.98,ETH-28JUN19,1559905147461,open,0.18,704.0,0.142,0.221,0.181511,87.33,0.173,0.0,ETH-28JUN19-210-C,248.77,64.37,0.169,60.0,0.194,60.0,106.45,0.15349,-0.32107,0.09216,0.00492,0.82609
254.11,ETH-27SEP19,1559905147461,open,0.06,4824.0,0.023,0.107,0.065117,93.8,0.06,0.0,ETH-27SEP19-180-P,248.77,91.63,0.062,48.0,0.069,184.0,96.48,0.36636,-0.15358,-0.18923,0.00197,-0.17784
254.11,ETH-27SEP19,1559905147461,open,0.69,0.0,0.648,0.727,0.687812,104.2,None,0.0,ETH-27SEP19-80-C,248.77,0.0,0.665,12.0,0.707,12.0,161.84,0.04061,-0.01891,0.23462,0.0002,0.98904
249.98,ETH-28JUN19,1559905147461,open,0.64,0.0,0.601,0.68,0.640094,148.47,None,0.0,ETH-28JUN19-90-C,248.77,0.0,0.629,60.0,0.652,60.0,287.84,0.00225,-0.00798,0.0513,4e-05,0.99887
249.98,ETH-28JUN19,1559905147461,open,0.0,5536.0,0.001,0.042,0.002013,97.77,0.003,0.0,ETH-28JUN19-160-P,248.77,87.68,0.001,100.0,0.003,550.0,104.87,0.03068,-0.07184,-0.00335,0.00088,-0.02142
249.98,ETH-28JUN19,1559905147461,open,0.0,9802.0,0.001,0.041,0.000996,123.57,0.001,0.0,ETH-28JUN19-130-P,248.77,0.0,0.0,0.0,0.002,400.0,136.91,0.01471,-0.04355,-0.00145,0.00033,-0.00913
254.11,ETH-27SEP19,1559905147462,open,0.79,0.0,0.72,0.863,0.791539,99.89,None,0.0,ETH-27SEP19-440-P,248.77,88.38,0.773,12.0,0.829,12.0,120.21,0.43427,-0.19387,-1.21084,0.0022,-0.76307
254.11,ETH-27SEP19,1559905147461,open,0.35,743.0,0.317,0.396,0.356818,93.84,0.337,0.0,ETH-27SEP19-180-C,248.77,78.86,0.336,80.0,0.376,12.0,106.85,0.36641,-0.15367,0.36241,0.00197,0.82212
254.11,ETH-27SEP19,1559905147461,open,0.04,5373.0,0.001,0.082,0.041226,93.8,0.04,0.0,ETH-27SEP19-160-P,248.77,90.93,0.038,60.0,0.044,60.0,96.21,0.28956,-0.12138,-0.12945,0.00156,-0.12497
249.98,ETH-28JUN19,1559905147461,open,0.68,0.0,0.641,0.72,0.68004,156.1,None,0.0,ETH-28JUN19-80-C,248.77,0.0,0.669,60.0,0.692,60.0,318.05,0.00126,-0.0047,0.04566,2e-05,0.9994
249.98,ETH-28JUN19,1559905147462,open,0.0,4694.0,0.001,0.04,0.000473,138.76,0.001,0.0,ETH-28JUN19-110-P,248.77,0.0,0.0,0.0,0.001,250.0,152.33,0.00732,-0.02432,-0.00066,0.00015,-0.00415
248.77,index_price,1559905147459,open,0.0,0.001,0.074,0.033196,106.36,None,0,ETH-21JUN19-220-P,248.77,78.16,0.017,136.0,0.024,526.0,90.85,0.15185,-0.58199,-0.02613,0.00607,-0.24312
249.98,ETH-28JUN19,1559905147462,open,0.56,10.0,0.521,0.6,0.560473,139.93,0.265,0.0,ETH-28JUN19-110-C,248.77,0.0,0.549,60.0,0.572,60.0,237.01,0.0077,-0.0258,0.06221,0.00015,0.99561
249.98,ETH-28JUN19,1559905147462,open,0.48,386.0,0.442,0.521,0.481016,124.6,0.321,0.0,ETH-28JUN19-130-C,248.77,0.0,0.47,60.0,0.484,2.0,154.43,0.01532,-0.04571,0.07283,0.00034,0.99044
249.98,ETH-28JUN19,1559905147462,open,0.36,922.0,0.323,0.402,0.362037,98.38,0.363,0.0,ETH-28JUN19-160-C,248.77,0.0,0.351,60.0,0.374,60.0,148.56,0.03137,-0.07393,0.08807,0.00089,0.978
249.98,ETH-28JUN19,1559905147462,open,0.07,2304.0,0.027,0.106,0.066242,87.28,0.063,0.0,ETH-28JUN19-260-C,248.77,85.98,0.065,180.0,0.069,150.0,90.18,0.23766,-0.49685,0.05724,0.00762,0.46657
249.98,ETH-28JUN19,1559905147462,open,0.0,7642.0,0.001,0.044,0.00448,87.77,0.003,0.0,ETH-28JUN19-180-P,248.77,80.85,0.003,550.0,0.006,400.0,93.71,0.05919,-0.12443,-0.00743,0.00189,-0.04751
249.98,ETH-28JUN19,1559905147462,open,0.0,10453.0,0.001,0.041,0.001032,111.35,0.002,0.0,ETH-28JUN19-140-P,248.77,0.0,0.0,0.0,0.002,250.0,122.97,0.01654,-0.04412,-0.00164,0.00042,-0.01044
254.11,ETH-27SEP19,1559905147462,open,0.0,1743.0,0.001,0.042,0.002611,104.05,0.003,0.0,ETH-27SEP19-80-P,248.77,106.39,0.003,134.0,0.004,60.0,111.67,0.04037,-0.01877,-0.01051,0.0002,-0.01088
254.11,ETH-27SEP19,1559905147462,open,0.26,843.0,0.226,0.305,0.265448,93.84,0.259,0.0,ETH-27SEP19-220-C,248.77,90.99,0.26,36.0,0.271,36.0,96.74,0.48583,-0.20375,0.34192,0.00262,0.70444
248.77,index_price,1559905147460,open,0.01,241.0,0.001,0.048,0.008016,84.24,0.007,0,ETH-14JUN19-220-P,248.77,76.97,0.006,596.0,0.008,100.0,84.19,0.07269,-0.4453,-0.00652,0.0074,-0.1312
248.77,index_price,1559905147459,open,0.0,0.078,0.167,0.122214,88.44,None,0,ETH-21JUN19-270-P,248.77,75.42,0.113,330.0,0.121,150.0,86.75,0.17942,-0.5718,-0.07315,0.00862,-0.65125
254.11,ETH-27SEP19,1559905147463,open,0.17,1624.0,0.126,0.219,0.172558,93.78,0.174,0.0,ETH-27SEP19-240-P,248.77,93.03,0.171,48.0,0.18,99.0,97.39,0.52418,-0.21971,-0.41154,0.00282,-0.35583
248.77,index_price,1559905147459,open,0.0,0.009,0.088,0.048993,87.16,None,0,ETH-21JUN19-260-C,248.77,81.94,0.045,180.0,0.051,264.0,89.78,0.19057,-0.59855,0.03609,0.00929,0.43061
248.77,index_price,1559905147459,open,0.11,18.0,0.06,0.148,0.104104,88.28,0.101,0,ETH-14JUN19-270-P,248.77,76.62,0.099,60.0,0.106,60.0,92.42,0.11272,-0.72365,-0.03913,0.01095,-0.73082
248.77,index_price,1559905147459,open,0.0,0.107,0.198,0.152506,88.83,None,0,ETH-21JUN19-280-P,248.77,0.0,0.121,60.0,0.179,60.0,126.82,0.16199,-0.51851,-0.08294,0.00775,-0.72449
248.77,index_price,1559905147460,open,0.0,30.0,0.001,0.04,0.000998,98.0,0.007,0,ETH-14JUN19-330-C,248.77,0.0,0.0,0.0,0.002,550.0,109.41,0.01723,-0.12279,0.00094,0.00151,0.021
254.11,ETH-27SEP19,1559905147463,open,0.3,1728.0,0.269,0.348,0.308187,93.84,0.32,0.0,ETH-27SEP19-200-C,248.77,79.44,0.284,92.0,0.331,12.0,107.13,0.43289,-0.18156,0.35536,0.00233,0.76444
248.77,index_price,1559905147459,open,0.0,0.001,0.054,0.014049,106.58,None,0,ETH-21JUN19-200-P,248.77,75.42,0.004,300.0,0.009,100.0,92.9,0.09943,-0.38185,-0.01308,0.00397,-0.12425
248.77,index_price,1559905147459,open,0.0,50.0,0.001,0.041,0.001245,92.14,0.002,0,ETH-14JUN19-320-C,248.77,0.0,0.0,0.0,0.002,100.0,99.72,0.02124,-0.14234,0.0012,0.00198,0.02694
248.77,index_price,1559905147460,open,0.0,0.001,0.067,0.027059,88.97,None,0,ETH-21JUN19-280-C,248.77,84.21,0.024,240.0,0.029,283.0,91.92,0.16211,-0.5197,0.02353,0.00774,0.27591
248.77,index_price,1559905147459,open,0.29,0.0,0.236,0.338,0.287471,90.9,None,0,ETH-14JUN19-320-P,248.77,0.0,0.274,60.0,0.294,60.0,131.95,0.02011,-0.13296,-0.05915,0.0019,-0.97476
248.77,index_price,1559905147459,open,0.0,0.001,0.076,0.036961,88.56,None,0,ETH-21JUN19-270-C,248.77,84.43,0.034,1.0,0.038,274.0,90.0,0.17948,-0.57275,0.02951,0.00861,0.34903
248.77,index_price,1559905147460,open,0.02,320.0,0.001,0.057,0.016452,84.23,0.013,0,ETH-14JUN19-230-P,248.77,78.26,0.014,374.0,0.016,2.0,83.15,0.10387,-0.63623,-0.01158,0.01058,-0.23075
248.77,index_price,1559905147460,open,0.09,4.0,0.052,0.131,0.091978,84.41,0.077,0,ETH-14JUN19-230-C,248.77,82.06,0.091,60.0,0.096,150.0,93.82,0.10397,-0.63819,0.03172,0.01056,0.76885
7968.36,BTC-28JUN19,1559905147465,open,0.0,402.3,0.0005,0.04,0.00034563,134.19,0.001,0.0,BTC-28JUN19-3500-P,7962.61,0.0,0.0,0.0,0.0005,8.1,139.95,0.18603,-0.59789,-0.01627,0.0,-0.00322
7968.36,BTC-28JUN19,1559905147483,open,0.32,0.0,0.2725,0.378,0.32510826,80.22,None,0.0,BTC-28JUN19-10500-P,7962.61,0.0,0.005,3.5,0.0,0.0,0.0,3.08867,-5.93448,-5.62994,0.00011,-0.91023
7996.15,BTC-27SEP19,1559905147488,open,2.52,0.0,2.3775,2.6585,2.51822436,92.19,None,0.0,BTC-27DEC19-28000-P,7962.61,0.0,0.0,0.0,2.6595,3.0,162.69,7.95693,-1.80783,-153.27851,2e-05,-0.93054
7968.36,BTC-28JUN19,1559905147494,open,0.47,10.5,0.4275,0.507,0.46744425,115.82,0.428,0.0,BTC-28JUN19-4250-C,7962.61,0.0,0.021,1.0,0.5,0.1,253.45,0.41882,-1.16179,2.3905,1e-05,0.99198
7996.15,BTC-27SEP19,1559905147515,open,0.03,120.3,0.0005,0.0685,0.02856777,80.23,0.026,0.0,BTC-27SEP19-14000-C,7962.61,79.39,0.0275,7.9,0.0305,13.0,81.71,10.29512,-3.69139,2.96195,7e-05,0.14942
7996.15,BTC-27SEP19,1559905147538,open,0.01,376.9,0.0005,0.05,0.00962937,83.89,0.0155,0.0,BTC-27SEP19-4000-P,7962.61,81.56,0.0085,28.0,0.011,13.0,86.54,3.99876,-1.49927,-1.27498,2e-05,-0.04239
7996.15,BTC-27SEP19,1559905147553,open,0.01,382.8,0.0005,0.0455,0.00565243,87.49,0.005,0.0,BTC-27SEP19-3500-P,7962.61,83.78,0.0045,28.0,0.007,13.0,91.32,2.64878,-1.03567,-0.76867,2e-05,-0.02571
7968.36,BTC-28JUN19,1559905147571,open,0.07,708.4,0.0315,0.111,0.07109005,76.53,0.074,0.0,BTC-28JUN19-8000-C,7962.61,74.33,0.069,37.9,0.0735,0.4,79.06,7.58391,-13.90121,2.08162,0.00027,0.52785
7996.15,BTC-27SEP19,1559905147573,open,0.02,87.4,0.0005,0.0565,0.01608636,82.17,0.0195,0.0,BTC-27DEC19-3500-P,7962.61,80.02,0.0145,10.0,0.018,20.0,84.64,6.04639,-1.22444,-2.89111,2e-05,-0.04896
7968.36,BTC-28JUN19,1559905147576,open,0.53,30.0,0.49,0.5695,0.52999584,132.05,0.298,0.0,BTC-28JUN19-3750-C,7962.61,0.0,0.0015,1.0,0.563,0.1,294.03,0.29847,-0.94398,2.11707,1e-05,0.99453
7996.15,BTC-27SEP19,1559905147576,open,0.51,232.8,0.4695,0.549,0.50939051,83.9,0.5,0.0,BTC-27SEP19-4000-C,7962.61,0.0,0.1655,1.1,0.5465,0.1,133.24,3.99915,-1.49948,10.9852,2e-05,0.9576
7996.15,BTC-27SEP19,1559905147576,open,0.0,1642.1,0.0005,0.041,0.00103191,130.44,0.001,0.0,BTC-27SEP19-1500-P,7962.61,0.0,0.0,0.0,0.001,9.0,129.91,0.48886,-0.28499,-0.11593,0.0,-0.0037
7968.36,BTC-28JUN19,1559905147576,open,0.56,143.0,0.5215,0.601,0.56110955,134.24,0.55,0.0,BTC-28JUN19-3500-C,7962.61,0.0,0.15,0.1,0.595,0.1,318.1,0.18645,-0.59948,1.98547,0.0,0.99677
7996.15,BTC-27SEP19,1559905147581,open,2.01,0.0,1.886,2.126,2.00618105,92.01,None,0.0,BTC-27SEP19-24000-P,7962.61,0.0,0.0,0.0,0.0,0.0,0.0,2.8885,-1.18779,-72.97911,2e-05,-0.97148
7968.36,BTC-28JUN19,1559905147604,open,0.1,181.7,0.064,0.1435,0.10398885,76.53,0.104,0.0,BTC-28JUN19-7500-C,7962.61,74.82,0.1025,0.4,0.107,0.4,79.97,6.95334,-12.74544,2.55066,0.00025,0.66366
7996.15,BTC-27SEP19,1559905147604,open,0.17,148.7,0.135,0.2145,0.17455341,74.4,0.1675,0.0,BTC-27DEC19-9000-C,7962.61,73.38,0.1715,10.0,0.179,6.0,75.9,23.73372,-4.35215,15.60105,9e-05,0.52558
7996.15,BTC-27SEP19,1559905147609,open,0.66,0.0,0.5965,0.729,0.66269467,79.04,None,0.0,BTC-27SEP19-13000-P,7962.61,0.0,0.006,50.0,1.4155,0.3,499.76,11.86688,-4.19217,-36.18564,8e-05,-0.81373
7968.36,BTC-28JUN19,1559905147609,open,0.03,768.5,0.0005,0.07,0.03016034,77.47,0.029,0.0,BTC-28JUN19-9000-C,7962.61,75.42,0.0285,47.5,0.032,23.8,79.72,6.48273,-12.02864,1.16691,0.00023,0.28621
7968.36,BTC-28JUN19,1559905147626,open,0.0,259.1,0.0005,0.0405,0.00080235,115.79,0.003,0.0,BTC-28JUN19-4250-P,7962.61,0.0,0.0,0.0,0.001,6.1,119.28,0.41834,-1.16022,-0.04018,1e-05,-0.00801
7996.15,BTC-27SEP19,1559905147628,open,0.22,194.1,0.177,0.2565,0.21655363,73.79,0.227,0.0,BTC-27DEC19-8000-C,7962.61,73.25,0.215,1.0,0.2215,6.0,75.52,22.90515,-4.16569,17.39919,9e-05,0.60803
7996.15,BTC-27SEP19,1559905147633,open,0.78,0.0,0.7085,0.8505,0.7794038,80.22,None,0.0,BTC-27SEP19-14000-P,7962.61,0.0,0.006,10.0,1.5335,0.3,499.93,10.29412,-3.6908,-39.94965,7e-05,-0.8506
7996.15,BTC-27SEP19,1559905147671,open,0.17,183.4,0.12,0.213,0.16648098,75.8,0.1655,0.0,BTC-27SEP19-8000-P,7962.61,74.89,0.1645,9.3,0.1705,9.0,77.66,17.28049,-5.8542,-14.309,0.00012,-0.41735
7996.15,BTC-27SEP19,1559905147690,open,0.09,864.4,0.048,0.1275,0.0876417,76.03,0.0905,0.0,BTC-27SEP19-10000-C,7962.61,76.2,0.088,0.1,0.091,13.0,77.63,16.77525,-5.70042,7.02301,0.00011,0.37419
7996.15,BTC-27SEP19,1559905147690,open,0.02,152.7,0.0005,0.065,0.02451194,79.66,0.0365,0.0,BTC-27DEC19-4000-P,7962.61,78.16,0.023,10.0,0.0265,10.0,81.58,8.1533,-1.60075,-4.27614,3e-05,-0.0717
7996.15,BTC-27SEP19,1559905147698,open,0.05,205.5,0.008,0.0915,0.04953216,75.72,0.05,0.0,BTC-27DEC19-5000-P,7962.61,75.07,0.0485,10.0,0.05,1.0,76.01,12.7875,-2.38632,-8.09663,5e-05,-0.13264
7968.35,BTC-28JUN19,1559905147725,open,0.01,1086.5,0.0005,0.053,0.01280418,80.27,0.011,0.0,BTC-28JUN19-6500-P,7962.61,78.6,0.012,65.5,0.014,57.5,82.67,3.8928,-7.48388,-0.6218,0.00013,-0.12363
7996.15,BTC-27SEP19,1559905147725,open,0.27,67.2,0.2325,0.312,0.27225673,74.17,0.274,0.0,BTC-27DEC19-7000-C,7962.61,57.92,0.23,2.0,0.316,0.1,91.04,20.80644,-3.80311,18.89769,8e-05,0.69745
7996.15,BTC-27SEP19,1559905147742,open,0.23,835.3,0.1865,0.266,0.22632449,76.09,0.231,0.0,BTC-27SEP19-7000-C,7962.61,75.66,0.2255,8.9,0.239,10.9,82.67,15.37534,-5.22835,11.62693,0.0001,0.70072
7996.15,BTC-27SEP19,1559905147744,open,0.7,0.5,0.638,0.774,0.70586802,77.42,0.584,0.0,BTC-27DEC19-13000-P,7962.61,39.54,0.6335,0.1,0.765,3.0,99.13,20.40616,-3.89364,-62.92757,7e-05,-0.71
7968.35,BTC-28JUN19,1559905147762,open,0.0,520.6,0.0005,0.04,3.2e-07,135.0,0.0005,0.0,BTC-28JUN19-2000-P,7962.61,0.0,0.0,0.0,0.0005,10.0,229.29,0.00039,-0.00127,-2e-05,0.0,0.0
7996.15,BTC-27SEP19,1559905147762,open,0.03,374.9,0.0005,0.0655,0.02477719,79.17,0.0305,0.0,BTC-27SEP19-5000-P,7962.61,77.83,0.0235,28.0,0.027,13.0,81.45,7.68134,-2.7178,-3.02033,5e-05,-0.09846
7968.35,BTC-28JUN19,1559905147762,open,0.31,148.2,0.2725,0.352,0.31218985,86.04,0.36,0.0,BTC-28JUN19-5500-C,7962.61,0.0,0.3095,0.1,0.345,0.1,174.75,1.23966,-2.55473,3.0051,4e-05,0.97158
7996.15,BTC-27SEP19,1559905147762,open,0.1,131.0,0.058,0.1455,0.1017425,76.08,0.101,0.0,BTC-27SEP19-7000-P,7962.61,75.7,0.101,0.9,0.103,5.0,76.74,15.37532,-5.22822,-9.82859,0.0001,-0.29928
7968.35,BTC-28JUN19,1559905147762,open,0.07,812.5,0.0325,0.118,0.07505823,76.53,0.0745,0.0,BTC-28JUN19-8000-P,7962.61,74.36,0.073,0.4,0.0775,0.4,79.09,7.58391,-13.90059,-2.49388,0.00027,-0.47216
7996.15,BTC-27SEP19,1559905147762,open,0.04,184.6,0.0005,0.0785,0.03894997,82.46,0.047,0.0,BTC-27DEC19-18000-C,7962.61,81.35,0.037,8.0,0.0415,8.0,83.87,14.24432,-2.89478,5.18647,5e-05,0.15565
7996.15,BTC-27SEP19,1559905147762,open,0.01,178.6,0.0005,0.046,0.00600575,89.82,0.0095,0.0,BTC-27DEC19-2500-P,7962.61,85.14,0.0045,21.1,0.0075,20.0,93.85,2.78509,-0.61653,-1.11919,1e-05,-0.01918
7962.61,index_price,1559905147775,open,3.0,0.0175,0.097,0.05706238,76.23,0.054,0,BTC-21JUN19-8000-C,7962.61,69.08,0.0515,36.0,0.058,13.3,77.44,6.18798,-16.99808,1.39246,0.00034,0.51707
7996.14,BTC-27SEP19,1559905147781,open,0.81,42.8,0.7735,0.853,0.81344211,130.45,0.815,0.0,BTC-27SEP19-1500-C,7962.61,0.0,0.0,0.0,0.85,0.1,275.06,0.48908,-0.28514,4.48164,0.0,0.9963
7962.61,index_price,1559905147790,open,0.04,202.3,0.0005,0.076,0.03617775,70.14,0.0385,0,BTC-14JUN19-8000-C,7962.61,67.99,0.035,0.5,0.0375,0.5,72.55,4.35991,-22.23791,0.6954,0.00052,0.49979
7996.14,BTC-27SEP19,1559905147793,open,0.02,194.8,0.0005,0.0585,0.01891796,90.46,0.0185,0.0,BTC-27DEC19-26000-C,7962.61,88.66,0.017,10.0,0.021,10.0,92.3,8.78702,-1.95905,2.67474,3e-05,0.0791
7962.61,index_price,1559905147805,open,0.3,0.0005,0.056,0.0162981,91.07,0.0165,0,BTC-21JUN19-9500-C,7962.61,70.35,0.007,56.0,0.01,2.0,77.83,4.11091,-13.49068,0.50348,0.00019,0.18263
7996.14,BTC-27SEP19,1559905147811,open,0.12,406.1,0.0815,0.161,0.12114768,76.0,0.1205,0.0,BTC-27SEP19-9000-C,7962.61,75.02,0.119,8.3,0.1235,6.0,77.06,17.61676,-5.98349,8.59438,0.00012,0.47181
7996.14,BTC-27SEP19,1559905147811,open,0.6,0.0,0.558,0.6375,0.59775706,89.43,None,0.0,BTC-27SEP19-3250-C,7962.61,0.0,0.007,0.2,0.6345,0.1,157.49,2.0906,-0.83562,9.38254,1e-05,0.98058
7996.14,BTC-27SEP19,1559905147813,open,0.18,157.1,0.134,0.228,0.18112509,74.06,0.1955,0.0,BTC-27DEC19-7500-P,7962.61,72.57,0.177,17.8,0.1855,8.0,75.65,22.02296,-4.01993,-23.49423,8e-05,-0.3475
7968.35,BTC-28JUN19,1559905147830,open,0.0,793.3,0.0005,0.04,0.00048556,101.73,0.0005,0.0,BTC-28JUN19-15000-C,7962.61,0.0,0.0,0.0,0.001,24.0,110.53,0.35248,-0.85887,0.02786,1e-05,0.0066
7996.14,BTC-27SEP19,1559905147830,open,0.09,186.7,0.048,0.135,0.09152752,74.82,0.099,0.0,BTC-27DEC19-6000-P,7962.61,73.65,0.089,8.0,0.0945,8.0,76.19,17.35551,-3.20025,-13.56397,7e-05,-0.21366
7962.61,index_price,1559905147835,open,0.0,0.156,0.2355,0.1956869,96.17,None,0,BTC-21JUN19-6500-C,7962.61,0.0,0.089,3.0,0.261,3.0,217.25,3.10155,-10.74832,2.07212,0.00013,0.88023
7996.14,BTC-27SEP19,1559905147842,open,0.82,0.0,0.7465,0.8915,0.8187534,78.41,None,0.0,BTC-27DEC19-14000-P,7962.61,0.0,0.008,3.0,0.882,3.0,102.55,19.0537,-3.68197,-69.60031,7e-05,-0.74725
