underlying_price,underlying_index,timestamp,state,settlement_price,open_interest,min_price,max_price,mark_price,mark_iv,last_price,interest_rate,instrument_name,index_price,bid_iv,best_bid_price,best_bid_amount,best_ask_price,best_ask_amount,ask_iv,vega,theta,rho,gamma,delta
5690.22,BTC-27SEP19,1556967539994,open,0.32,10.2,0.29284517,0.35565027,0.32379869,67.07,0.8,0.0,BTC-27SEP19-7000-P,5719.25,59.86,0.3065,1.5,0.3595,1.5,81.54,13.81254,-3.17533,-21.21204,0.00016,-0.60895
5692.47,BTC-28JUN19,1556967539994,open,0.01,1295.6,0.00365591,0.02040943,0.01273004,65.79,0.0115,0.0,BTC-28JUN19-8000-C,5719.25,64.11,0.0115,26.0,0.0135,6.0,66.81,4.25296,-2.54942,0.86517,0.00013,0.11382
5690.22,BTC-27SEP19,1556967539996,open,0.09,79.8,0.07558596,0.13283459,0.09014109,60.67,0.092,0.0,BTC-27SEP19-5000-P,5719.25,60.38,0.0895,9.6,0.094,2.5,62.43,12.47777,-2.59482,-8.83674,0.00016,-0.29843
5719.25,index_price,1556967540006,open,0.09,577.5,0.07439939,0.11570403,0.08335284,58.76,0.09,0,BTC-31MAY19-5500-C,5719.25,54.51,0.079,9.6,0.084,9.6,59.39,5.87305,-6.42041,2.29094,0.00041,0.62736
5690.22,BTC-27SEP19,1556967540029,open,0.04,325.2,0.01764582,0.06189216,0.03927484,68.14,0.0375,0.0,BTC-27SEP19-9000-C,5719.25,66.25,0.036,5.1,0.039,9.6,67.98,10.00855,-2.33745,3.60842,0.00011,0.19795
5692.47,BTC-28JUN19,1556967540060,open,0.2,100.0,0.17789583,0.21433927,0.1930244,60.97,0.165,0.0,BTC-28JUN19-4750-C,5719.25,56.55,0.1885,5.0,0.1955,5.0,63.31,5.95849,-3.31022,5.29397,0.0002,0.8116
162.21,index_price,1556967540097,open,0.08,53.0,0.063709,0.110417,0.080894,69.77,0.074,0,ETH-17MAY19-170-P,162.21,62.91,0.076,90.0,0.082,90.0,71.31,0.11646,-0.31553,-0.03982,0.01798,-0.61502
5690.23,BTC-27SEP19,1556967540113,open,0.21,817.6,0.19688622,0.25413471,0.21144044,60.67,0.2115,0.0,BTC-27SEP19-5000-C,5719.25,56.35,0.202,4.0,0.215,1.1,62.29,12.47775,-2.5948,11.1463,0.00016,0.70157
5690.23,BTC-27SEP19,1556967540113,open,0.13,759.2,0.11366071,0.17895056,0.13235086,61.42,0.1355,0.0,BTC-27SEP19-6000-C,5719.25,59.89,0.1285,31.0,0.135,17.2,62.47,14.3273,-3.01602,8.88325,0.00018,0.52297
5719.25,index_price,1556967540128,open,0.22,1.1,0.21318459,0.21589283,0.21417479,95.92,0.153,0,BTC-10MAY19-4500-C,5719.25,0.0,0.2095,3.0,0.2175,3.0,127.14,0.36809,-3.00451,0.70403,7e-05,0.97887
5719.25,index_price,1556967540130,open,0.22,1.1,0.21318459,0.21589283,0.21417479,95.92,0.153,0,BTC-10MAY19-4500-C,5719.25,0.0,0.2095,3.0,0.217,3.0,123.67,0.36809,-3.00451,0.70403,7e-05,0.97887
5692.47,BTC-28JUN19,1556967540147,open,0.01,425.8,0.00219771,0.01321128,0.00979679,69.09,0.0085,0.0,BTC-28JUN19-4000-P,5719.25,67.59,0.009,16.0,0.011,26.0,71.26,3.07284,-1.93445,-0.71188,9e-05,-0.07338
5692.47,BTC-28JUN19,1556967540147,open,0.04,326.6,0.02727814,0.05828392,0.03930872,60.05,0.035,0.0,BTC-28JUN19-5000-P,5719.25,58.58,0.0375,17.8,0.0415,12.8,61.82,7.01889,-3.84059,-2.4788,0.00024,-0.25033
5690.23,BTC-27SEP19,1556967540163,open,0.27,290.2,0.25311721,0.3017421,0.26822772,62.41,0.2715,0.0,BTC-27SEP19-4500-C,5719.25,51.62,0.249,3.0,0.2705,5.0,63.64,10.48685,-2.24315,11.77144,0.00013,0.78585
5719.25,index_price,1556967540169,open,0.06,115.8,0.05696142,0.10015985,0.06616882,58.51,0.065,0,BTC-31MAY19-5750-P,5719.25,57.89,0.0655,9.7,0.07,9.6,62.05,6.18487,-6.73257,-2.30765,0.00044,-0.48181
5690.23,BTC-27SEP19,1556967540173,open,0.07,62.5,0.05850128,0.111796,0.07203424,60.76,0.094,0.0,BTC-27SEP19-4750-P,5719.25,60.74,0.072,12.6,0.0765,2.5,62.96,11.52531,-2.40029,-7.41245,0.00015,-0.25391
5690.23,BTC-27SEP19,1556967540183,open,0.19,28.3,0.16809963,0.23338949,0.18679164,61.42,0.177,0.0,BTC-27SEP19-6000-P,5719.25,60.11,0.1835,7.2,0.191,7.2,63.09,14.3273,-3.01606,-15.09633,0.00018,-0.47703
5719.25,index_price,1556967540216,open,0.01,202.4,0.00790169,0.03914266,0.01376054,59.35,0.0135,0,BTC-31MAY19-6750-C,5719.25,57.49,0.0125,20.1,0.0145,12.8,60.41,3.94858,-4.3596,0.66405,0.00028,0.17145
5690.23,BTC-27SEP19,1556967540216,open,0.18,60.1,0.14077994,0.2912145,0.17805837,62.14,0.174,0.0,BTC-27DEC19-5500-P,5719.25,61.3,0.1755,9.6,0.1825,5.0,63.59,17.3846,-2.28023,-20.42932,0.00013,-0.37516
162.21,index_price,1556967540263,open,0.27,0.0,0.260221,0.265913,0.261238,79.31,None,0,ETH-17MAY19-120-C,162.21,0.0,0.001,18.0,0.344,2.0,290.45,0.01346,-0.04146,0.04125,0.00183,0.98204
5719.25,index_price,1556967540401,open,0.39,0.0,0.38803547,0.38959815,0.38953413,89.42,None,0,BTC-31MAY19-3500-C,5719.25,0.0,0.3835,3.0,0.392,3.0,105.78,0.6201,-1.03156,2.50355,3e-05,0.98403
5719.25,index_price,1556967540403,open,0.39,0.0,0.38803547,0.38959815,0.38953413,89.42,None,0,BTC-31MAY19-3500-C,5719.25,0.0,0.3835,3.0,0.3915,3.0,103.1,0.6201,-1.03156,2.50355,3e-05,0.98403
5719.25,index_price,1556967540452,open,0.17,6.7,0.16950002,0.17587417,0.17121642,85.41,0.118,0,BTC-10MAY19-4750-C,5719.25,0.0,0.1665,3.0,0.1745,3.0,107.93,0.60675,-4.40972,0.72755,0.00013,0.96145
5719.25,index_price,1556967540464,open,0.17,6.7,0.16950002,0.17587417,0.17121642,85.41,0.118,0,BTC-10MAY19-4750-C,5719.25,0.0,0.1665,3.0,0.174,3.0,105.13,0.60675,-4.40972,0.72755,0.00013,0.96145
5692.47,BTC-28JUN19,1556967540545,open,0.16,839.7,0.14892481,0.17993059,0.16095539,60.05,0.151,0.0,BTC-28JUN19-5000-C,5719.25,54.74,0.1545,5.0,0.1635,3.0,62.11,7.01889,-3.84059,5.03842,0.00024,0.74967
5719.25,index_price,1556967540589,open,0.01,247.1,0.00058956,0.01137573,0.00566405,75.13,0.005,0,BTC-31MAY19-4250-P,5719.25,73.0,0.005,16.0,0.0065,33.3,77.65,1.83859,-2.56998,-0.27476,0.0001,-0.05958
162.21,index_price,1556967540628,open,0.05,266.0,0.030081,0.062333,0.043138,71.47,0.06,0,ETH-10MAY19-160-C,162.21,69.17,0.042,90.0,0.047,90.0,79.24,0.08053,-0.48978,0.01396,0.0266,0.57794
5692.47,BTC-28JUN19,1556967540645,open,0.31,322.3,0.29951504,0.31052861,0.30711412,69.09,0.3045,0.0,BTC-28JUN19-4000-C,5719.25,55.15,0.301,3.0,0.3115,3.0,76.56,3.07283,-1.93444,5.3019,9e-05,0.92662
5692.47,BTC-28JUN19,1556967540653,open,0.31,322.3,0.29951504,0.31052861,0.30711412,69.09,0.3045,0.0,BTC-28JUN19-4000-C,5719.25,55.15,0.301,3.0,0.3105,3.0,74.95,3.07283,-1.93444,5.3019,9e-05,0.92662
5719.25,index_price,1556967540656,open,0.0,1.0,0.0005813,0.02239318,0.00317293,66.94,0.004,0,BTC-17MAY19-7000-C,5719.25,63.79,0.0025,35.0,0.004,20.0,70.35,1.30028,-3.37995,0.11716,0.00017,0.06124
5692.47,BTC-28JUN19,1556967540675,open,0.23,249.8,0.21887755,0.23991829,0.22933911,63.6,0.232,0.0,BTC-28JUN19-4500-C,5719.25,57.12,0.224,5.0,0.2325,3.0,67.16,4.93273,-2.85835,5.3902,0.00016,0.85916
5719.25,index_price,1556967540692,open,0.06,670.0,0.04855254,0.07824148,0.05208791,58.38,0.0545,0,BTC-10MAY19-5500-C,5719.25,53.48,0.05,4.0,0.0535,4.0,61.63,2.46819,-12.26261,0.60929,0.0008,0.71387
5692.47,BTC-28JUN19,1556967540731,open,0.18,6.0,0.16583074,0.21470086,0.18555182,59.89,0.285,0.0,BTC-28JUN19-6500-P,5719.25,56.6,0.181,3.0,0.1895,1.5,62.7,7.93918,-4.3325,-7.36905,0.00027,-0.67549
5719.25,index_price,1556967540735,open,0.12,1.9,0.11466052,0.15469975,0.12347019,59.35,0.1135,0,BTC-31MAY19-6250-P,5719.25,57.82,0.122,3.0,0.13,3.0,65.98,5.54244,-6.11936,-3.38787,0.00039,-0.68102
5719.25,index_price,1556967540737,open,0.12,1.9,0.11466052,0.15469975,0.12347019,59.35,0.1135,0,BTC-31MAY19-6250-P,5719.25,57.82,0.122,3.0,0.131,3.0,66.99,5.54244,-6.11936,-3.38787,0.00039,-0.68102
5719.25,index_price,1556967540742,open,0.31,9.0,0.30075569,0.30706659,0.30461901,81.08,0.249,0,BTC-31MAY19-4000-C,5719.25,0.0,0.2975,3.0,0.306,3.0,86.38,1.37412,-2.07274,2.75422,7e-05,0.95864
5719.25,index_price,1556967540744,open,0.31,9.0,0.30075569,0.30706659,0.30461901,81.08,0.249,0,BTC-31MAY19-4000-C,5719.25,0.0,0.2975,3.0,0.3055,3.0,84.55,1.37412,-2.07274,2.75422,7e-05,0.95864
162.21,index_price,1556967540782,open,0.21,0.0,0.198674,0.211948,0.201606,74.52,None,0,ETH-17MAY19-130-C,162.21,0.0,0.001,18.0,0.273,2.0,230.52,0.03108,-0.08994,0.04286,0.00449,0.95068
164.76,ETH-27SEP19,1556967540818,open,0.84,1.0,0.833137,0.886717,0.853763,76.39,1.018,0.0,ETH-27SEP19-300-P,162.21,0.0,0.0,0.0,0.878,2.0,90.49,0.25216,-0.06602,-1.11611,0.00304,-0.84122
164.76,ETH-27SEP19,1556967540818,open,0.07,876.0,0.055699,0.13812,0.070925,66.92,0.078,0.0,ETH-27SEP19-220-C,162.21,67.39,0.072,72.0,0.079,60.0,70.46,0.37174,-0.08526,0.16301,0.00512,0.31848
164.76,ETH-27SEP19,1556967540821,open,0.0,174.0,0.000269,0.006695,0.002505,79.8,0.003,0.0,ETH-27SEP19-60-P,162.21,69.92,0.001,2036.0,0.004,90.0,86.27,0.03272,-0.00895,-0.0096,0.00038,-0.01208
163.73,ETH-28JUN19,1556967540821,open,0.83,0.0,0.832739,0.856124,0.838735,86.81,None,0.0,ETH-28JUN19-300-P,162.21,0.0,0.0,0.0,0.0,0.0,0.0,0.06701,-0.053,-0.43995,0.00192,-0.94853
163.73,ETH-28JUN19,1556967540824,open,0.11,1378.0,0.103386,0.186037,0.110054,64.41,0.113,0.0,ETH-28JUN19-160-C,162.21,61.73,0.106,132.0,0.114,72.0,67.02,0.24737,-0.14518,0.11715,0.00953,0.58595
163.73,ETH-28JUN19,1556967540824,open,0.25,1943.0,0.249177,0.325739,0.258109,67.32,0.246,0.0,ETH-28JUN19-200-P,162.21,0.0,0.064,20.0,0.26,1.0,68.81,0.20688,-0.1269,-0.24511,0.00763,-0.73764
163.73,ETH-28JUN19,1556967540831,open,0.4,0.0,0.390347,0.412499,0.393261,74.48,None,0.0,ETH-28JUN19-100-C,162.21,0.0,0.0,0.0,0.0,0.0,0.0,0.04561,-0.03095,0.14147,0.00152,0.96797
164.76,ETH-27SEP19,1556967540831,open,0.14,4942.0,0.13424,0.218457,0.146119,64.89,0.147,0.0,ETH-27SEP19-160-P,162.21,63.19,0.142,72.0,0.151,72.0,66.9,0.39994,-0.08895,-0.35372,0.00568,-0.39106
163.73,ETH-28JUN19,1556967540833,open,0.01,2044.0,0.002558,0.042908,0.011255,79.46,0.013,0.0,ETH-28JUN19-260-C,162.21,77.39,0.01,120.0,0.013,120.0,82.15,0.10224,-0.07402,0.01914,0.00319,0.089
163.73,ETH-28JUN19,1556967540835,open,0.07,3424.0,0.055426,0.139599,0.064558,66.12,0.07,0.0,ETH-28JUN19-180-C,162.21,63.74,0.061,72.0,0.068,132.0,68.4,0.246,-0.14819,0.08371,0.00923,0.40463
163.73,ETH-28JUN19,1556967540838,open,0.04,6039.0,0.032045,0.100972,0.037283,64.55,0.037,0.0,ETH-28JUN19-140-P,162.21,62.59,0.035,156.0,0.04,96.0,66.87,0.19108,-0.11239,-0.06491,0.00734,-0.22642
164.76,ETH-27SEP19,1556967540842,open,1.43,0.0,1.429678,1.455755,1.445888,86.33,None,0.0,ETH-27SEP19-400-P,162.21,0.0,0.0,0.0,0.0,0.0,0.0,0.16654,-0.04928,-1.55253,0.00178,-0.91186
5719.25,index_price,1556967540849,open,0.19,0.0,0.18812637,0.21936734,0.19398522,59.35,0.2015,0,BTC-31MAY19-6750-P,5719.25,60.09,0.1945,2.0,0.203,2.0,71.29,3.94858,-4.3596,-4.30611,0.00028,-0.82855
163.73,ETH-28JUN19,1556967540849,open,0.19,534.0,0.176978,0.245906,0.182217,64.55,0.152,0.0,ETH-28JUN19-140-C,162.21,60.9,0.178,24.0,0.186,24.0,67.77,0.19108,-0.11239,0.14557,0.00734,0.77358
162.21,index_price,1556967540849,open,0.01,12.0,0.001089,0.028468,0.011111,77.56,0.015,0,ETH-17MAY19-190-C,162.21,75.03,0.01,120.0,0.013,120.0,81.65,0.07278,-0.21919,0.00827,0.01011,0.15559
5719.25,index_price,1556967540851,open,0.19,0.0,0.18812637,0.21936734,0.19398522,59.35,0.2015,0,BTC-31MAY19-6750-P,5719.25,60.09,0.1945,2.0,0.204,2.0,72.52,3.94858,-4.3596,-4.30611,0.00028,-0.82855
164.76,ETH-27SEP19,1556967540853,open,0.3,1713.0,0.294394,0.381269,0.308646,65.89,0.353,0.0,ETH-27SEP19-200-P,162.21,53.05,0.278,60.0,0.329,60.0,74.16,0.40203,-0.0908,-0.59926,0.00562,-0.60142
164.76,ETH-27SEP19,1556967540857,open,1.19,0.0,1.18898,1.224055,1.207016,82.42,None,0.0,ETH-27SEP19-360-P,162.21,0.0,0.0,0.0,1.217,1.0,90.18,0.19273,-0.05444,-1.38245,0.00216,-0.89244
5719.25,index_price,1556967540875,open,0.01,120.9,0.0102171,0.03990604,0.01375247,58.38,0.016,0,BTC-10MAY19-5500-P,5719.25,56.63,0.013,16.0,0.0155,16.0,62.4,2.46819,-12.26257,-0.27609,0.0008,-0.28613
164.76,ETH-27SEP19,1556967540907,open,0.52,0.0,0.517292,0.537084,0.521626,71.43,None,0.0,ETH-27SEP19-80-C,162.21,0.0,0.0,0.0,0.0,0.0,0.0,0.0785,-0.01922,0.29264,0.00101,0.96604
164.76,ETH-27SEP19,1556967540919,open,0.5,112.0,0.494977,0.57094,0.508854,67.21,0.506,0.0,ETH-27SEP19-240-P,162.21,0.0,0.301,8.0,0.56,1.0,90.39,0.33137,-0.07634,-0.82857,0.00454,-0.74946
163.73,ETH-28JUN19,1556967540935,open,0.02,5823.0,0.017476,0.075514,0.022104,65.31,0.018,0.0,ETH-28JUN19-130-P,162.21,62.95,0.02,120.0,0.024,120.0,67.39,0.14785,-0.08799,-0.0423,0.00562,-0.14974
163.73,ETH-28JUN19,1556967540940,open,0.46,0.0,0.450589,0.463834,0.45232,78.05,None,0.0,ETH-28JUN19-90-C,162.21,0.0,0.0,0.0,0.0,0.0,0.0,0.02628,-0.01869,0.13072,0.00084,0.98336
164.76,ETH-27SEP19,1556967540942,open,0.1,939.0,0.080507,0.167382,0.094759,65.89,0.101,0.0,ETH-27SEP19-200-C,162.21,65.99,0.095,3.0,0.102,60.0,68.85,0.40203,-0.0908,0.20006,0.00562,0.39858
164.76,ETH-27SEP19,1556967540957,open,0.02,2466.0,0.012831,0.051787,0.019504,67.48,0.019,0.0,ETH-27SEP19-100-P,162.21,65.9,0.018,60.0,0.021,90.0,69.0,0.15952,-0.03689,-0.06764,0.00218,-0.08321
164.76,ETH-27SEP19,1556967540968,open,0.02,1017.0,0.00275,0.033011,0.019807,84.35,0.023,0.0,ETH-27SEP19-380-C,162.21,82.64,0.018,90.0,0.022,60.0,86.32,0.17837,-0.05157,0.05064,0.00195,0.09671
164.76,ETH-27SEP19,1556967540968,open,0.61,1.0,0.604318,0.672875,0.625535,72.44,0.573,0.0,ETH-27SEP19-260-P,162.21,0.0,0.361,12.0,0.662,1.0,90.14,0.30959,-0.07687,-0.92454,0.00394,-0.77853
162.21,index_price,1556967540971,open,0.03,513.0,0.016457,0.048708,0.029514,71.47,0.024,0,ETH-10MAY19-160-P,162.21,64.38,0.026,90.0,0.031,94.0,74.46,0.08053,-0.48978,-0.01179,0.0266,-0.42206
164.76,ETH-27SEP19,1556967540973,open,0.05,358.0,0.038313,0.114276,0.05219,67.21,0.055,0.0,ETH-27SEP19-240-C,162.21,69.57,0.057,72.0,0.062,60.0,71.97,0.33137,-0.07634,0.13061,0.00454,0.25054
164.76,ETH-27SEP19,1556967540975,open,0.64,0.0,0.636103,0.642529,0.638339,79.8,0.01,0.0,ETH-27SEP19-60-C,162.21,0.0,0.0,0.0,0.0,0.0,0.0,0.03272,-0.00895,0.23019,0.00038,0.98792
5719.25,index_price,1556967540997,open,0.0,184.1,2e-08,0.00096991,0.000714,109.87,0.0005,0,BTC-10MAY19-4250-P,5719.25,104.55,0.0005,16.2,0.001,10.3,115.54,0.25763,-2.40882,-0.01347,4e-05,-0.01392
163.73,ETH-28JUN19,1556967541004,open,0.02,1661.0,0.013027,0.07758,0.023902,71.95,0.029,0.0,ETH-28JUN19-220-C,162.21,70.04,0.022,96.0,0.026,156.0,73.99,0.16597,-0.1088,0.03816,0.00572,0.17894
164.76,ETH-27SEP19,1556967541008,open,0.02,312.0,0.000924,0.020276,0.015554,90.1,0.015,0.0,ETH-27SEP19-440-C,162.21,88.32,0.014,90.0,0.018,150.0,92.73,0.14743,-0.04553,0.03914,0.00151,0.07499
163.73,ETH-28JUN19,1556967541010,open,0.0,2831.0,0.001109,0.023261,0.004023,74.48,0.004,0.0,ETH-28JUN19-100-P,162.21,70.5,0.003,60.0,0.005,220.0,77.78,0.04561,-0.03095,-0.00888,0.00152,-0.03203
164.76,ETH-27SEP19,1556967541042,open,0.04,357.0,0.017979,0.078919,0.03905,74.36,0.031,0.0,ETH-27SEP19-280-C,162.21,73.74,0.038,72.0,0.041,60.0,75.5,0.27888,-0.07108,0.09671,0.00346,0.18592
164.76,ETH-27SEP19,1556967541042,open,1.67,0.0,1.671475,1.690827,1.686105,90.1,None,0.0,ETH-27SEP19-440-P,162.21,0.0,0.0,0.0,0.0,0.0,0.0,0.14743,-0.04553,-1.71936,0.00151,-0.92501
164.76,ETH-27SEP19,1556967541049,open,0.73,0.0,0.717421,0.778361,0.738491,74.36,None,0.0,ETH-27SEP19-280-P,162.21,0.0,0.0,0.0,0.768,2.0,90.04,0.27888,-0.07108,-1.02234,0.00346,-0.81408
163.73,ETH-28JUN19,1556967541049,open,0.02,1456.0,0.00587,0.057689,0.015831,75.54,0.017,0.0,ETH-28JUN19-240-C,162.21,73.15,0.014,120.0,0.018,180.0,78.2,0.12935,-0.08902,0.02642,0.00425,0.12317
163.73,ETH-28JUN19,1556967541049,open,0.01,1615.0,0.001087,0.031952,0.008427,83.35,0.01,0.0,ETH-28JUN19-280-C,162.21,80.37,0.007,180.0,0.01,180.0,86.33,0.08239,-0.06257,0.01441,0.00245,0.06698
164.76,ETH-27SEP19,1556967541049,open,1.91,0.0,1.913784,1.92818,1.927097,93.69,None,0.0,ETH-27SEP19-480-P,162.21,0.0,0.0,0.0,0.0,0.0,0.0,0.13304,-0.04272,-1.88422,0.00131,-0.93438
164.76,ETH-27SEP19,1556967541051,open,0.02,174.0,0.001905,0.027982,0.018115,86.33,0.021,0.0,ETH-27SEP19-400-C,162.21,85.21,0.017,90.0,0.02,60.0,88.15,0.16654,-0.04928,0.04611,0.00178,0.08814
164.76,ETH-27SEP19,1556967541058,open,0.24,201.0,0.226701,0.301165,0.236933,64.89,0.216,0.0,ETH-27SEP19-140-C,162.21,62.06,0.231,18.0,0.241,18.0,66.82,0.34665,-0.0771,0.32233,0.00492,0.72644
163.73,ETH-28JUN19,1556967541064,open,0.05,643.0,0.039467,0.120675,0.049554,67.32,0.04,0.0,ETH-28JUN19-190-C,162.21,65.49,0.047,96.0,0.053,156.0,69.76,0.22995,-0.14104,0.06906,0.00848,0.33012
164.76,ETH-27SEP19,1556967541068,open,0.22,4500.0,0.207834,0.295802,0.222689,65.89,0.234,0.0,ETH-27SEP19-180-P,162.21,64.03,0.218,54.0,0.228,54.0,68.0,0.41553,-0.09385,-0.47695,0.00581,-0.50163
163.73,ETH-28JUN19,1556967541070,open,0.59,0.0,0.590538,0.630888,0.599235,79.46,None,0.0,ETH-28JUN19-260-P,162.21,0.0,0.0,0.0,0.0,0.0,0.0,0.10224,-0.07402,-0.37176,0.00319,-0.911
164.76,ETH-27SEP19,1556967541072,open,0.08,5079.0,0.076422,0.150885,0.086654,64.89,0.081,0.0,ETH-27SEP19-140-P,162.21,62.67,0.082,72.0,0.089,72.0,66.0,0.34665,-0.0771,-0.23719,0.00492,-0.27356
164.76,ETH-27SEP19,1556967541072,open,0.18,263.0,0.163131,0.247347,0.17501,64.89,0.146,0.0,ETH-27SEP19-160-C,162.21,62.82,0.17,54.0,0.18,114.0,66.94,0.39994,-0.08895,0.28574,0.00568,0.60894
163.73,ETH-28JUN19,1556967541074,open,0.95,0.0,0.954625,0.972267,0.959841,91.01,None,0.0,ETH-28JUN19-320-P,162.21,0.0,0.0,0.0,0.0,0.0,0.0,0.05746,-0.04765,-0.47197,0.00157,-0.9575
163.73,ETH-28JUN19,1556967541076,open,0.0,512.0,5e-06,0.005753,0.002975,104.35,0.007,0.0,ETH-28JUN19-400-C,162.21,99.01,0.002,130.0,0.004,220.0,108.83,0.03391,-0.03225,0.0048,0.00081,0.02246
5719.25,index_price,1556967541083,open,0.13,87.6,0.12612378,0.13891689,0.1289974,75.38,0.1075,0,BTC-10MAY19-5000-C,5719.25,0.0,0.124,3.0,0.132,3.0,89.87,1.00715,-6.46009,0.73462,0.00025,0.92691
5719.25,index_price,1556967541084,open,0.13,87.6,0.12612378,0.13891689,0.1289974,75.38,0.1075,0,BTC-10MAY19-5000-C,5719.25,0.0,0.124,3.0,0.1315,3.0,87.71,1.00715,-6.46009,0.73462,0.00025,0.92691
163.73,ETH-28JUN19,1556967541090,open,1.43,0.0,1.443052,1.4488,1.446021,104.35,None,0.0,ETH-28JUN19-400-P,162.21,0.0,0.0,0.0,0.0,0.0,0.0,0.03391,-0.03225,-0.59658,0.00081,-0.97754
163.73,ETH-28JUN19,1556967541090,open,0.16,4551.0,0.154797,0.23897,0.163928,66.12,0.187,0.0,ETH-28JUN19-180-P,162.21,63.49,0.16,72.0,0.168,72.0,68.82,0.246,-0.14819,-0.18691,0.00923,-0.59537
162.21,index_price,1556967541099,open,0.33,0.0,0.321867,0.321959,0.321959,110.0,None,0,ETH-10MAY19-110-C,162.21,0.0,0.001,15.0,0.422,1.0,500.0,0.0014,-0.01313,0.01765,0.0003,0.99783
162.21,index_price,1556967541103,open,0.17,150.0,0.17241,0.199789,0.182432,77.56,0.148,0,ETH-17MAY19-190-P,162.21,60.79,0.176,30.0,0.181,30.0,74.28,0.07278,-0.21919,-0.05876,0.01011,-0.84441
5692.47,BTC-28JUN19,1556967541115,open,0.43,0.1,0.42909359,0.43232854,0.43281362,82.06,0.395,0.0,BTC-28JUN19-3250-C,5719.25,0.0,0.427,3.0,0.4365,3.0,94.33,1.39246,-1.04116,4.61972,3e-05,0.97261
5692.47,BTC-28JUN19,1556967541117,open,0.43,0.1,0.42909359,0.43232854,0.43281362,82.06,0.395,0.0,BTC-28JUN19-3250-C,5719.25,0.0,0.427,3.0,0.436,3.0,92.9,1.39246,-1.04116,4.61972,3e-05,0.97261
5692.47,BTC-28JUN19,1556967541132,open,0.39,143.4,0.38544799,0.38957518,0.39039351,77.63,0.36,0.0,BTC-28JUN19-3500-C,5719.25,0.0,0.3845,3.0,0.3945,3.0,88.39,1.85053,-1.30899,4.88623,5e-05,0.96133
5692.47,BTC-28JUN19,1556967541144,open,0.39,143.4,0.38544799,0.38957518,0.39039351,77.63,0.36,0.0,BTC-28JUN19-3500-C,5719.25,0.0,0.3845,3.0,0.3935,3.0,86.04,1.85053,-1.30899,4.88623,5e-05,0.96133
5719.25,index_price,1556967541184,open,0.02,3.9,0.00906619,0.05104665,0.0146117,60.26,0.018,0,BTC-17MAY19-6250-C,5719.25,57.42,0.013,16.0,0.0155,16.0,61.79,3.28897,-7.69646,0.44153,0.00047,0.23346
5719.25,index_price,1556967541206,open,0.02,2.7,0.00883942,0.04781414,0.01627433,64.31,0.016,0,BTC-17MAY19-5250-P,5719.25,62.0,0.015,16.0,0.017,16.0,65.61,3.18805,-7.96178,-0.47851,0.00043,-0.2209
5719.25,index_price,1556967541302,open,0.14,0.0,0.12876213,0.15850396,0.13475463,68.03,None,0,BTC-17MAY19-5000-C,5719.25,48.93,0.1285,3.0,0.137,3.0,73.39,2.29949,-6.07438,1.47883,0.00029,0.86775
162.21,index_price,1556967541301,open,0.02,658.0,0.006761,0.036139,0.018208,72.23,0.018,0,ETH-10MAY19-170-C,162.21,69.56,0.017,120.0,0.022,320.0,80.47,0.07366,-0.45276,0.0079,0.02407,0.32061
5719.25,index_price,1556967541304,open,0.14,0.0,0.12876213,0.15850396,0.13475463,68.03,None,0,BTC-17MAY19-5000-C,5719.25,48.93,0.1285,3.0,0.1365,3.0,72.23,2.29949,-6.07438,1.47883,0.00029,0.86775
5719.25,index_price,1556967541365,open,0.03,356.3,0.02185989,0.06189912,0.03066971,59.35,0.028,0,BTC-31MAY19-6250-C,5719.25,55.52,0.027,12.8,0.0305,12.9,59.17,5.54244,-6.11936,1.21413,0.00039,0.31898
162.21,index_price,1556967541367,open,0.0,3.0,0.0,0.000656,0.000656,110.0,0.001,0,ETH-10MAY19-120-P,162.21,0.0,0.0,0.0,0.002,250.0,131.38,0.00684,-0.06404,-0.00035,0.00147,-0.0129
5692.47,BTC-28JUN19,1556967541389,open,0.35,30.0,0.34162827,0.35154373,0.34813262,72.56,0.298,0.0,BTC-28JUN19-3750-C,5719.25,49.07,0.342,3.0,0.352,3.0,80.9,2.35445,-1.55657,5.13246,7e-05,0.94784
5692.47,BTC-28JUN19,1556967541390,open,0.35,30.0,0.34162827,0.35154373,0.34813262,72.56,0.298,0.0,BTC-28JUN19-3750-C,5719.25,49.07,0.342,3.0,0.3515,3.0,79.91,2.35445,-1.55657,5.13246,7e-05,0.94784
162.21,index_price,1556967541419,open,0.0,0.0,0.0,9.2e-05,9.2e-05,110.0,None,0,ETH-10MAY19-110-P,162.21,0.0,0.0,0.0,0.001,100.0,146.17,0.0014,-0.01313,-6e-05,0.0003,-0.00217
5719.25,index_price,1556967541520,open,0.35,0.0,0.34434778,0.34767502,0.34682459,85.28,None,0,BTC-31MAY19-3750-C,5719.25,0.0,0.34,3.0,0.349,3.0,96.16,0.94365,-1.49716,2.64028,5e-05,0.97379
5719.25,index_price,1556967541521,open,0.35,0.0,0.34434778,0.34767502,0.34682459,85.28,None,0,BTC-31MAY19-3750-C,5719.25,0.0,0.34,3.0,0.3485,3.0,93.96,0.94365,-1.49716,2.64028,5e-05,0.97379
5719.25,index_price,1556967541526,open,0.15,125.8,0.1365038,0.16731767,0.14606279,63.89,0.137,0,BTC-31MAY19-5000-C,5719.25,52.37,0.138,3.0,0.147,3.0,65.13,4.27021,-5.07538,2.77763,0.00028,0.80564
5719.25,index_price,1556967541536,open,0.15,125.8,0.1365038,0.16731767,0.14606279,63.89,0.137,0,BTC-31MAY19-5000-C,5719.25,52.37,0.138,3.0,0.1465,3.0,64.47,4.27021,-5.07538,2.77763,0.00028,0.80564
5719.25,index_price,1556967541537,open,0.23,20.2,0.2150456,0.23178026,0.22225834,71.8,0.217,0,BTC-31MAY19-4500-C,5719.25,43.5,0.214,3.0,0.223,3.0,73.43,2.56357,-3.42453,2.8874,0.00015,0.90791
5719.25,index_price,1556967541539,open,0.23,20.2,0.2150456,0.23178026,0.22225834,71.8,0.217,0,BTC-31MAY19-4500-C,5719.25,43.5,0.214,3.0,0.2225,3.0,72.34,2.56357,-3.42453,2.8874,0.00015,0.90791
5692.47,BTC-28JUN19,1556967541549,open,0.93,5.7,0.93240078,0.93400127,0.93486017,79.53,1.142,0.0,BTC-28JUN19-11000-P,5719.25,0.0,0.9285,1.5,0.9405,1.5,96.58,1.23481,-0.89474,-16.35603,3e-05,-0.97627
5692.47,BTC-28JUN19,1556967541560,open,0.93,5.7,0.93240078,0.93400127,0.93486017,79.53,1.142,0.0,BTC-28JUN19-11000-P,5719.25,0.0,0.9285,1.5,0.9425,1.5,100.75,1.23481,-0.89474,-16.35603,3e-05,-0.97627
162.21,index_price,1556967541560,open,0.01,1.0,0.001294,0.026756,0.007988,69.85,0.005,0,ETH-17MAY19-140-P,162.21,67.11,0.007,150.0,0.009,150.0,72.52,0.06001,-0.16278,-0.00718,0.00926,-0.11741
5692.48,BTC-28JUN19,1556967541571,open,0.33,0.0,0.32238824,0.35374736,0.33623716,63.67,None,0.0,BTC-28JUN19-7500-P,5719.25,58.37,0.3315,2.0,0.342,2.0,69.47,5.37558,-3.11868,-10.0646,0.00017,-0.83976
5692.48,BTC-28JUN19,1556967541582,open,0.33,0.0,0.32238824,0.35374736,0.33623716,63.67,None,0.0,BTC-28JUN19-7500-P,5719.25,58.37,0.3315,2.0,0.3435,2.0,70.89,5.37558,-3.11868,-10.0646,0.00017,-0.83976
5719.25,index_price,1556967541586,open,0.18,0.0,0.17024279,0.19066786,0.17460582,73.29,None,0,BTC-17MAY19-4750-C,5719.25,0.0,0.1685,3.0,0.177,3.0,81.27,1.56861,-4.46462,1.50761,0.00019,0.92187
5719.25,index_price,1556967541589,open,0.18,0.0,0.17024279,0.19066786,0.17460582,73.29,None,0,BTC-17MAY19-4750-C,5719.25,0.0,0.1685,3.0,0.1765,3.0,79.71,1.56861,-4.46462,1.50761,0.00019,0.92187
5719.25,index_price,1556967541604,open,0.27,9.8,0.25748513,0.2682713,0.26255965,75.13,0.212,0,BTC-31MAY19-4250-C,5719.25,0.0,0.255,3.0,0.264,3.0,79.37,1.8386,-2.57,2.8546,0.0001,0.94042
5719.25,index_price,1556967541605,open,0.27,9.8,0.25748513,0.2682713,0.26255965,75.13,0.212,0,BTC-31MAY19-4250-C,5719.25,0.0,0.255,3.0,0.2635,3.0,77.95,1.8386,-2.57,2.8546,0.0001,0.94042
5719.25,index_price,1556967541607,open,0.15,2.0,0.1499062,0.18591901,0.15730632,59.35,0.22,0,BTC-31MAY19-6500-P,5719.25,58.98,0.157,2.0,0.1655,2.0,68.71,4.79788,-5.2973,-3.87315,0.00034,-0.76242
5719.25,index_price,1556967541608,open,0.15,2.0,0.1499062,0.18591901,0.15730632,59.35,0.22,0,BTC-31MAY19-6500-P,5719.25,58.98,0.157,2.0,0.166,2.0,69.25,4.79788,-5.2973,-3.87315,0.00034,-0.76242
5692.47,BTC-28JUN19,1556967541609,open,0.26,19.5,0.2454024,0.27464713,0.25833973,61.98,0.7515,0.0,BTC-28JUN19-7000-P,5719.25,57.76,0.2535,2.0,0.2635,2.0,66.27,6.69577,-3.78158,-8.8042,0.00022,-0.77039
5692.47,BTC-28JUN19,1556967541610,open,0.26,19.5,0.2454024,0.27464713,0.25833973,61.98,0.7515,0.0,BTC-28JUN19-7000-P,5719.25,57.76,0.2535,2.0,0.2645,2.0,67.08,6.69577,-3.78158,-8.8042,0.00022,-0.77039
5692.47,BTC-28JUN19,1556967541615,open,0.48,43.8,0.47300558,0.47400341,0.47573238,87.32,0.433,0.0,BTC-28JUN19-3000-C,5719.25,0.0,0.4705,3.0,0.48,3.0,104.4,1.05254,-0.83741,4.31872,2e-05,0.98036
5692.47,BTC-28JUN19,1556967541626,open,0.48,43.8,0.47300558,0.47400341,0.47573238,87.32,0.433,0.0,BTC-28JUN19-3000-C,5719.25,0.0,0.4705,3.0,0.479,3.0,101.09,1.05254,-0.83741,4.31872,2e-05,0.98036
162.21,index_price,1556967541626,open,0.06,104.0,0.054786,0.084163,0.066233,72.23,0.048,0,ETH-10MAY19-170-P,162.21,62.73,0.062,90.0,0.068,90.0,76.1,0.07366,-0.45276,-0.01947,0.02407,-0.67939
162.21,index_price,1556967541665,open,0.23,0.0,0.233171,0.251527,0.239527,81.16,None,0,ETH-17MAY19-200-P,162.21,0.0,0.001,18.0,0.313,2.0,207.66,0.05236,-0.16502,-0.06537,0.00695,-0.90281
162.21,index_price,1556967541699,open,0.21,100.0,0.19857,0.201565,0.20009,96.37,0.188,0,ETH-10MAY19-130-C,162.21,0.0,0.001,25.0,0.272,2.0,338.67,0.01425,-0.11684,0.02009,0.00349,0.96937
162.21,index_price,1556967541747,open,0.0,398.0,5.2e-05,0.00969,0.003788,85.53,0.003,0,ETH-10MAY19-190-C,162.21,81.12,0.003,150.0,0.005,150.0,91.5,0.03069,-0.22335,0.002,0.00847,0.08032
162.21,index_price,1556967541812,open,0.1,20.0,0.083051,0.122405,0.096531,69.65,0.111,0,ETH-17MAY19-150-C,162.21,68.77,0.096,30.0,0.101,30.0,76.96,0.09752,-0.26379,0.03719,0.01508,0.74652
162.21,index_price,1556967541950,open,0.01,297.0,0.000811,0.019402,0.007781,77.74,0.009,0,ETH-10MAY19-180-C,162.21,75.13,0.007,120.0,0.009,45.0,81.63,0.04952,-0.32758,0.0039,0.01504,0.15728
5692.41,BTC-28JUN19,1556967541956,open,0.16,839.7,0.14891817,0.17992486,0.16095514,60.06,0.151,0.0,BTC-28JUN19-5000-C,5719.18,54.75,0.1545,5.0,0.1635,8.0,62.11,7.0192,-3.84106,5.03814,0.00024,0.74965
162.21,index_price,1556967542026,open,0.0,107.0,1e-06,0.002995,0.00152,96.37,0.003,0,ETH-10MAY19-130-P,162.21,0.0,0.0,0.0,0.003,200.0,110.04,0.01425,-0.11684,-0.00084,0.00349,-0.03063
162.21,index_price,1556967542083,open,0.02,102.0,0.007778,0.047132,0.021258,69.65,0.016,0,ETH-17MAY19-150-P,162.21,64.15,0.018,120.0,0.022,120.0,70.88,0.09752,-0.26379,-0.01572,0.01508,-0.25348
162.21,index_price,1556967542589,open,0.04,133.0,0.027106,0.075082,0.044533,68.66,0.033,0,ETH-17MAY19-160-P,162.21,63.87,0.041,90.0,0.044,1.0,67.93,0.11978,-0.31935,-0.02728,0.0188,-0.43217
162.21,index_price,1556967542668,open,0.0,35.0,8.3e-05,0.009701,0.003452,82.17,0.004,0,ETH-10MAY19-140-P,162.21,72.65,0.002,150.0,0.005,150.0,90.33,0.02809,-0.19642,-0.00196,0.00807,-0.07152
5692.41,BTC-28JUN19,1556967542729,open,0.04,495.2,0.02396902,0.07283816,0.04369312,59.9,0.0425,0.0,BTC-28JUN19-6500-C,5719.18,59.04,0.0425,12.8,0.0465,10.0,61.9,7.93903,-4.33261,2.40325,0.00027,0.3245
162.21,index_price,1556967542843,open,0.04,3.0,0.015684,0.062393,0.03287,69.77,0.044,0,ETH-17MAY19-170-C,162.21,68.56,0.032,120.0,0.037,120.0,75.5,0.11646,-0.31553,0.02015,0.01798,0.38498
5692.41,BTC-28JUN19,1556967542848,open,0.0,780.7,0.0,8.9e-07,0.0002488,106.48,0.0005,0.0,BTC-28JUN19-20000-C,5719.18,0.0,0.0,0.0,0.0005,11.4,113.29,0.1574,-0.15271,0.01736,0.0,0.00228
5690.16,BTC-27SEP19,1556967542848,open,1.65,0.0,1.63784558,1.70515421,1.66008354,76.51,None,0.0,BTC-27DEC19-15000-P,5719.18,0.0,0.0005,10.0,0.0,0.0,0.0,8.22178,-1.32782,-94.42592,5e-05,-0.89697
5690.16,BTC-27SEP19,1556967542850,open,1.14,0.1,1.11609969,1.21538927,1.14626795,71.5,0.001,0.0,BTC-27DEC19-12000-P,5719.18,0.0,0.002,1.0,0.0,0.0,0.0,11.00862,-1.66139,-73.46468,7e-05,-0.84315
5690.16,BTC-27SEP19,1556967542857,open,0.04,62.6,0.00719589,0.10648548,0.03736416,71.5,0.0385,0.0,BTC-27DEC19-12000-C,5719.18,70.79,0.036,0.7,0.0385,9.6,72.08,11.00862,-1.66139,4.41226,7e-05,0.15685
5690.16,BTC-27SEP19,1556967542861,open,0.37,0.0,0.35569743,0.38733647,0.36842782,65.66,None,0.0,BTC-27SEP19-3750-C,5719.18,0.0,0.032,0.1,0.0,0.0,0.0,6.88463,-1.54953,11.79871,8e-05,0.88725
5690.16,BTC-27SEP19,1556967542861,open,0.17,231.3,0.15063113,0.21344229,0.16683158,60.67,0.162,0.0,BTC-27SEP19-5500-C,5719.18,59.5,0.164,3.0,0.17,1.1,61.98,13.79771,-2.86931,10.08761,0.00018,0.61041
5690.16,BTC-27SEP19,1556967542861,open,0.0,1670.3,1.87e-06,0.00032952,0.00150168,96.19,0.0015,0.0,BTC-27SEP19-1500-P,5719.18,91.08,0.001,40.0,0.002,5.0,100.24,0.63597,-0.20968,-0.17674,1e-05,-0.00627
5690.16,BTC-27SEP19,1556967542861,open,0.29,0.1,0.25123596,0.41064116,0.29063986,62.3,0.311,0.0,BTC-27DEC19-6500-P,5719.18,0.0,0.006,0.3,0.0,0.0,0.0,18.2854,-2.40447,-29.40591,0.00014,-0.50567
5692.41,BTC-28JUN19,1556967542870,open,0.0,344.9,3.91e-06,0.00068561,0.00125628,80.47,0.0015,0.0,BTC-28JUN19-12000-C,5719.18,72.5,0.0005,16.0,0.002,3.0,85.4,0.72568,-0.53204,0.09821,2e-05,0.01273
5690.16,BTC-27SEP19,1556967542883,open,0.05,1003.0,0.03188405,0.07523148,0.04594175,62.97,0.0475,0.0,BTC-27SEP19-4250-P,5719.18,62.09,0.0445,9.6,0.047,5.0,63.62,9.29453,-2.00614,-5.03921,0.00011,-0.17565
5719.18,index_price,1556967542883,open,0.02,242.5,0.01339137,0.04940275,0.02079114,59.35,0.0195,0,BTC-31MAY19-6500-C,5719.18,55.96,0.018,19.8,0.021,13.8,59.6,4.79758,-5.29699,0.91284,0.00034,0.23756
5692.41,BTC-28JUN19,1556967542885,open,0.0,1413.3,0.0,7e-08,5.203e-05,110.0,0.0005,0.0,BTC-28JUN19-1500-P,5719.18,0.0,0.0,0.0,0.0005,61.1,136.59,0.03328,-0.03335,-0.00403,0.0,-0.00042
5692.41,BTC-28JUN19,1556967542899,open,0.01,418.9,0.00029537,0.00442293,0.00524077,77.63,0.0055,0.0,BTC-28JUN19-3500-P,5719.18,75.26,0.0045,16.0,0.006,26.9,79.88,1.85053,-1.30895,-0.37583,5e-05,-0.03867
5692.41,BTC-28JUN19,1556967542899,open,0.0,137.0,6.4e-07,0.00028986,0.00099637,85.26,0.0015,0.0,BTC-28JUN19-13000-C,5719.18,79.12,0.0005,44.2,0.0015,0.1,89.52,0.57973,-0.45038,0.07564,1e-05,0.00983
5692.41,BTC-28JUN19,1556967542901,open,0.0,312.5,1e-07,0.00012316,0.00074702,88.8,0.001,0.0,BTC-28JUN19-14000-C,5719.18,85.17,0.0005,10.0,0.001,50.7,91.68,0.44688,-0.36156,0.05617,1e-05,0.00731
5690.16,BTC-27SEP19,1556967542914,open,0.02,662.2,0.0047863,0.03109381,0.02178596,73.08,0.0185,0.0,BTC-27SEP19-11000-C,5719.18,72.44,0.021,10.0,0.0225,12.0,73.66,7.02147,-1.75884,2.14046,7e-05,0.11591
5690.16,BTC-27SEP19,1556967542917,open,0.33,239.7,0.31923496,0.3568521,0.3323819,63.92,0.4165,0.0,BTC-27SEP19-4000-C,5719.18,0.0,0.297,1.0,0.415,1.5,114.18,8.05891,-1.76551,11.96802,0.0001,0.85865
5692.41,BTC-28JUN19,1556967542917,open,0.01,167.9,0.00292319,0.02472102,0.01451504,66.91,0.0135,0.0,BTC-28JUN19-4250-P,5719.18,66.17,0.014,0.2,0.015,26.0,67.59,4.00067,-2.43888,-1.01888,0.00012,-0.10454
5690.16,BTC-27SEP19,1556967542917,open,0.03,150.9,0.02220289,0.05982003,0.03534765,63.91,0.0335,0.0,BTC-27SEP19-4000-P,5719.18,63.31,0.0345,12.0,0.0365,5.0,64.72,8.05877,-1.76544,-4.01823,0.0001,-0.14135
5692.41,BTC-28JUN19,1556967542926,open,1.63,2.0,1.63508779,1.6351405,1.63555338,90.1,2.658,0.0,BTC-28JUN19-15000-P,5719.18,0.0,0.0005,0.2,0.0,0.0,0.0,0.30075,-0.2469,-22.51561,1e-05,-0.99532
5692.41,BTC-28JUN19,1556967542929,open,0.02,182.7,0.00939665,0.03043841,0.01985874,63.6,0.018,0.0,BTC-28JUN19-4500-P,5719.18,62.01,0.0185,16.0,0.021,16.0,64.9,4.9329,-2.85844,-1.37537,0.00016,-0.14085
5690.16,BTC-27SEP19,1556967542929,open,0.02,333.6,0.00922303,0.03487709,0.02078306,67.35,0.019,0.0,BTC-27SEP19-3500-P,5719.18,66.06,0.0195,12.0,0.0225,18.0,69.02,5.7358,-1.32403,-2.46972,7e-05,-0.08782
5690.16,BTC-27SEP19,1556967542930,open,0.78,2.0,0.76662176,0.80116091,0.78566424,70.35,1.8325,0.0,BTC-27SEP19-10000-P,5719.18,0.0,0.008,0.2,0.0,0.0,0.0,8.30832,-2.00326,-37.24502,9e-05,-0.85211
5690.16,BTC-27SEP19,1556967542934,open,0.46,2.5,0.43947692,0.49392278,0.46747411,68.14,1.278,0.0,BTC-27SEP19-8000-P,5719.18,59.87,0.4505,1.5,0.499,1.5,82.19,12.16026,-2.83997,-26.94888,0.00014,-0.71755
5690.16,BTC-27SEP19,1556967542942,open,1.31,0.0,1.28907598,1.376373,1.31589494,72.99,None,0.0,BTC-27DEC19-13000-P,5719.18,0.0,0.0005,0.2,0.0,0.0,0.0,9.86363,-1.51963,-80.60012,6e-05,-0.86675
5690.16,BTC-27SEP19,1556967542950,open,0.18,92.0,0.13813072,0.29485276,0.17690659,62.14,0.1835,0.0,BTC-27DEC19-6000-C,5719.18,60.75,0.1725,7.2,0.1765,10.0,62.01,18.09765,-2.37374,14.05062,0.00014,0.5574
5690.16,BTC-27SEP19,1556967542966,open,0.65,28.2,0.6485771,0.65058411,0.65176589,85.96,0.608,0.0,BTC-27SEP19-2000-C,5719.18,0.0,0.001,0.3,0.666,1.0,121.91,1.28792,-0.37946,7.5997,1e-05,0.98595
5690.16,BTC-27SEP19,1556967542971,open,0.27,52.1,0.21812071,0.35814168,0.25374772,62.64,0.2115,0.0,BTC-27DEC19-5000-C,5719.18,56.0,0.235,5.0,0.2665,5.0,67.16,16.06907,-2.12484,16.27463,0.00012,0.69446
5690.16,BTC-27SEP19,1556967542978,open,0.09,984.4,0.06266143,0.12546607,0.09361464,67.07,0.0835,0.0,BTC-27SEP19-7000-C,5719.18,62.88,0.0835,9.6,0.0855,9.6,63.71,13.8123,-3.17528,6.7639,0.00016,0.39104
5690.16,BTC-27SEP19,1556967542986,open,0.14,124.9,0.09683062,0.2368516,0.13245763,62.64,0.1345,0.0,BTC-27DEC19-5000-P,5719.18,61.42,0.129,9.6,0.135,5.0,63.55,16.06907,-2.12484,-16.1741,0.00012,-0.30554
5690.16,BTC-27SEP19,1556967542991,open,0.03,705.6,0.00920194,0.04374109,0.02824588,70.35,0.029,0.0,BTC-27SEP19-10000-C,5719.18,69.83,0.0275,10.0,0.029,12.0,70.86,8.3085,-2.00334,2.721,9e-05,0.1479
5692.41,BTC-28JUN19,1556967542991,open,0.0,515.7,0.0,6.76e-06,0.00057556,110.0,0.001,0.0,BTC-28JUN19-2000-P,5719.18,108.21,0.0005,10.0,0.001,14.0,117.81,0.25217,-0.25273,-0.0378,0.0,-0.00384
5690.16,BTC-27SEP19,1556967542994,open,0.45,0.0,0.43422488,0.45414709,0.44362371,68.4,None,0.0,BTC-27SEP19-3250-C,5719.18,0.0,0.003,0.2,0.0,0.0,0.0,4.57888,-1.07342,11.16708,5e-05,0.93467
5719.18,index_price,1556967542994,open,0.0,85.3,2.817e-05,0.00335584,0.00250532,85.28,0.0025,0,BTC-31MAY19-3750-P,5719.18,82.01,0.002,16.0,0.003,16.9,88.12,0.94373,-1.49729,-0.12094,5e-05,-0.02621
5690.16,BTC-27SEP19,1556967543006,open,0.07,87.4,0.03506543,0.14138149,0.06276453,64.21,0.0655,0.0,BTC-27DEC19-4000-P,5719.18,63.11,0.0605,9.6,0.0645,14.6,65.05,11.7567,-1.59349,-8.72892,9e-05,-0.17361
5690.16,BTC-27SEP19,1556967543015,open,0.01,160.2,0.00199278,0.04059086,0.01338711,72.31,0.0135,0.0,BTC-27DEC19-2500-P,5719.18,70.43,0.012,14.1,0.015,17.1,74.4,4.28875,-0.65465,-2.12945,3e-05,-0.04428
5719.18,index_price,1556967543022,open,0.0,108.6,1.05e-06,0.00270984,0.00099152,95.92,0.0015,0,BTC-10MAY19-4500-P,5719.18,86.58,0.0005,7.3,0.0015,23.0,102.83,0.36817,-3.00512,-0.02037,7e-05,-0.02114
5690.16,BTC-27SEP19,1556967543024,open,0.09,54.8,0.05227564,0.20448182,0.09076746,63.72,0.098,0.0,BTC-27DEC19-8000-C,5719.18,63.12,0.089,19.6,0.0955,19.6,65.32,16.83347,-2.26421,9.27724,0.00013,0.34199
5690.16,BTC-27SEP19,1556967543024,open,0.07,84.6,0.03178147,0.17210931,0.06733477,64.85,0.072,0.0,BTC-27DEC19-9000-C,5719.18,64.91,0.0675,0.1,0.0725,10.0,66.78,15.12359,-2.07029,7.44073,0.00011,0.26883
5690.16,BTC-27SEP19,1556967543035,open,0.74,42.8,0.7363889,0.73671654,0.73789185,96.22,0.6235,0.0,BTC-27SEP19-1500-C,5719.18,0.0,0.1,0.1,0.8,1.0,232.68,0.63684,-0.21003,5.81786,1e-05,0.99372
5719.18,index_price,1556967543035,open,0.0,192.7,0.00014813,0.00645976,0.00401196,81.08,0.0035,0,BTC-31MAY19-4000-P,5719.18,78.87,0.0035,48.8,0.0045,16.9,83.05,1.37423,-2.07291,-0.19108,7e-05,-0.04136
5690.16,BTC-27SEP19,1556967543035,open,0.23,11.2,0.19258262,0.34930465,0.23135854,62.14,0.2565,0.0,BTC-27DEC19-6000-P,5719.18,61.4,0.229,7.2,0.235,5.0,63.28,18.09765,-2.37374,-24.88785,0.00014,-0.4426
5690.16,BTC-27SEP19,1556967543035,open,0.04,80.1,0.01725012,0.10148956,0.03963597,65.81,0.039,0.0,BTC-27DEC19-3500-P,5719.18,64.47,0.0375,12.0,0.0415,17.0,66.97,9.09731,-1.26378,-5.84548,7e-05,-0.11866
5690.16,BTC-27SEP19,1556967543049,open,1.48,0.0,1.46313444,1.53978106,1.48756269,74.8,None,0.0,BTC-27DEC19-14000-P,5719.18,0.0,0.0005,0.2,0.0,0.0,0.0,8.97896,-1.41773,-87.55843,6e-05,-0.88352
5690.16,BTC-27SEP19,1556967543051,open,0.06,51.3,0.04394935,0.09257534,0.05906135,62.41,0.0595,0.0,BTC-27SEP19-4500-P,5719.18,61.56,0.0575,9.6,0.061,2.0,63.46,10.48701,-2.2432,-6.21349,0.00013,-0.21416
5692.41,BTC-28JUN19,1556967543051,open,0.01,565.9,0.00073842,0.0089378,0.00645232,70.14,0.0055,0.0,BTC-28JUN19-9000-C,5719.18,68.01,0.0055,16.0,0.0075,23.0,72.3,2.65571,-1.69729,0.46488,8e-05,0.06077
5690.16,BTC-27SEP19,1556967543051,open,0.06,937.4,0.03354105,0.08798692,0.06154097,68.14,0.054,0.0,BTC-27SEP19-8000-C,5719.18,63.82,0.0525,26.0,0.0565,9.6,65.75,12.16039,-2.84005,5.02396,0.00014,0.28246
5690.16,BTC-27SEP19,1556967543051,open,0.0,121.5,2.488e-05,0.0079397,0.00350181,85.92,0.0045,0.0,BTC-27DEC19-1500-P,5719.18,78.66,0.002,12.0,0.005,12.0,91.44,1.38334,-0.25088,-0.55523,1e-05,-0.01153
5719.18,index_price,1556967543056,open,0.01,434.6,0.00186249,0.01859859,0.00907599,71.8,0.0085,0,BTC-31MAY19-4500-P,5719.18,70.5,0.0085,4.5,0.0095,16.4,72.74,2.56374,-3.42476,-0.42609,0.00015,-0.0921
5690.17,BTC-27SEP19,1556967543059,open,0.49,227.1,0.47566466,0.49036148,0.48399055,71.21,0.456,0.0,BTC-27SEP19-3000-C,5719.18,0.0,0.0155,0.1,0.5225,2.0,112.35,3.69692,-0.90235,10.6027,4e-05,0.95022
5690.17,BTC-27SEP19,1556967543059,open,0.57,57.5,0.56123742,0.56779713,0.56672582,77.41,0.389,0.0,BTC-27SEP19-2500-C,5719.18,0.0,0.001,0.4,0.5865,1.0,110.16,2.24876,-0.59665,9.23706,2e-05,0.97291
5692.41,BTC-28JUN19,1556967543068,open,0.0,405.2,2e-08,5.272e-05,0.00049801,90.7,0.001,0.0,BTC-28JUN19-15000-C,5719.18,0.0,0.0,0.0,0.001,0.1,97.55,0.31628,-0.26137,0.0381,1e-05,0.00495
5690.17,BTC-27SEP19,1556967543068,open,0.01,317.3,0.0005916,0.00715132,0.00607578,77.4,0.0085,0.0,BTC-27SEP19-2500-P,5719.18,74.53,0.005,22.0,0.007,5.0,79.65,2.2479,-0.59634,-0.75405,2e-05,-0.02708
5690.17,BTC-27SEP19,1556967543068,open,0.03,20.7,0.00274671,0.07939358,0.02717494,74.8,0.022,0.0,BTC-27DEC19-14000-C,5719.18,73.72,0.0255,12.0,0.029,12.0,75.94,8.97899,-1.41773,3.29802,6e-05,0.11648
5690.17,BTC-27SEP19,1556967543068,open,0.05,254.8,0.01175977,0.124257,0.04430487,69.38,0.0445,0.0,BTC-27DEC19-11000-C,5719.18,68.29,0.042,19.6,0.0465,9.6,70.39,12.19851,-1.78645,5.16202,8e-05,0.18409
5690.17,BTC-27SEP19,1556967543071,open,0.03,41.6,0.00443026,0.09172753,0.03124917,72.99,0.035,0.0,BTC-27DEC19-13000-C,5719.18,71.97,0.0295,12.0,0.033,12.0,73.99,9.86365,-1.51963,3.76658,6e-05,0.13325
5692.41,BTC-28JUN19,1556967543084,open,0.0,323.7,2.345e-05,0.00162378,0.00248288,79.53,0.002,0.0,BTC-28JUN19-11000-C,5719.18,74.22,0.0015,16.0,0.0035,16.0,83.71,1.2348,-0.89475,0.18185,3e-05,0.02373
5719.18,index_price,1556967543086,open,0.01,98.9,0.00449826,0.03079713,0.00973974,60.86,0.01,0,BTC-31MAY19-7000-C,5719.18,59.53,0.009,0.4,0.0105,25.0,62.19,3.22869,-3.6557,0.49344,0.00022,0.12691
5692.41,BTC-28JUN19,1556967543092,open,0.0,90.1,2.326e-05,0.0032585,0.00374323,82.06,0.004,0.0,BTC-28JUN19-3250-P,5719.18,78.83,0.003,16.0,0.0045,26.9,84.99,1.39245,-1.04114,-0.26647,3e-05,-0.02739
5690.17,BTC-27SEP19,1556967543092,open,0.02,94.8,0.00686907,0.06768762,0.0235357,68.29,0.0235,0.0,BTC-27DEC19-3000-P,5719.18,66.93,0.022,12.0,0.025,5.1,69.56,6.49704,-0.93653,-3.64331,5e-05,-0.07512
5692.41,BTC-28JUN19,1556967543102,open,0.0,899.3,1.758e-05,0.00101552,0.00274435,87.32,0.0035,0.0,BTC-28JUN19-3000-P,5719.18,82.9,0.002,16.0,0.0035,21.1,91.11,1.05254,-0.83739,-0.19161,2e-05,-0.01964
5690.17,BTC-27SEP19,1556967543113,open,0.03,20.8,0.0147297,0.04636858,0.02746027,65.66,0.0245,0.0,BTC-27SEP19-3750-P,5719.18,64.45,0.026,12.0,0.029,18.0,66.93,6.88462,-1.54953,-3.18851,8e-05,-0.11275
5719.18,index_price,1556967543113,open,0.0,87.2,3.83e-06,0.00156673,0.00150269,89.42,0.0015,0,BTC-31MAY19-3500-P,5719.18,84.17,0.001,16.0,0.002,10.0,93.6,0.62016,-1.03166,-0.07358,3e-05,-0.01597
5690.17,BTC-27SEP19,1556967543113,open,0.65,0.0,0.61345679,0.75378484,0.64901261,64.85,None,0.0,BTC-27DEC19-9000-P,5719.18,0.0,0.001,0.5,0.0,0.0,0.0,15.12381,-2.07035,-50.96682,0.00011,-0.73116
5690.17,BTC-27SEP19,1556967543113,open,0.21,50.9,0.17420631,0.32464182,0.21148347,62.14,0.21,0.0,BTC-27DEC19-5500-C,5719.18,60.67,0.207,5.0,0.2145,5.0,63.13,17.38454,-2.2802,15.26402,0.00013,0.62483
5690.17,BTC-27SEP19,1556967543113,open,0.74,0.0,0.73641237,0.74432714,0.73988884,85.92,None,0.0,BTC-27DEC19-1500-C,5719.18,0.0,0.1,0.2,0.0,0.0,0.0,1.38323,-0.25086,9.17944,1e-05,0.98847
5690.17,BTC-27SEP19,1556967543113,open,0.66,0.0,0.6488649,0.66916935,0.65626827,79.26,None,0.0,BTC-27DEC19-2000-C,5719.18,0.0,0.0005,0.2,0.0,0.0,0.0,2.69607,-0.45108,11.76306,2e-05,0.97481
5690.17,BTC-27SEP19,1556967543126,open,0.13,28.0,0.11721114,0.18002222,0.13341249,60.67,0.127,0.0,BTC-27SEP19-5500-P,5719.18,59.88,0.1315,12.6,0.135,1.0,61.33,13.79771,-2.86933,-11.89364,0.00018,-0.38958
5692.41,BTC-28JUN19,1556967543126,open,1.1,10.0,1.10807413,1.10875583,1.10930071,80.26,1.243,0.0,BTC-28JUN19-12000-P,5719.18,0.0,0.0005,0.4,0.0,0.0,0.0,0.71526,-0.52308,-17.9447,2e-05,-0.98748
5690.17,BTC-27SEP19,1556967543126,open,0.97,0.0,0.94491818,1.05741541,0.97746668,69.38,None,0.0,BTC-27DEC19-11000-P,5719.18,0.0,0.0005,0.2,0.0,0.0,0.0,12.19886,-1.78654,-66.22498,8e-05,-0.8159
5692.41,BTC-28JUN19,1556967543128,open,0.0,680.1,3e-07,0.00013159,0.0012471,97.04,0.002,0.0,BTC-28JUN19-2500-P,5719.18,94.16,0.001,25.0,0.0015,13.0,99.62,0.52472,-0.46395,-0.08577,1e-05,-0.00877
5690.17,BTC-27SEP19,1556967543128,open,0.49,0.0,0.4582094,0.61041571,0.49670332,63.72,None,0.0,BTC-27DEC19-8000-P,5719.18,0.0,0.001,0.5,0.0,0.0,0.0,16.83359,-2.26425,-42.64061,0.00013,-0.658
5690.17,BTC-27SEP19,1556967543130,open,0.58,0.0,0.56263857,0.60123646,0.57403215,72.31,None,0.0,BTC-27DEC19-2500-C,5719.18,0.0,0.0015,1.4,0.0,0.0,0.0,4.28864,-0.65462,14.09499,3e-05,0.95572
5690.17,BTC-27SEP19,1556967543130,open,0.43,5.8,0.40215409,0.48639324,0.42453903,65.81,0.37,0.0,BTC-27DEC19-3500-C,5719.18,0.0,0.3845,1.0,0.68,3.0,201.74,9.09724,-1.26376,16.86871,7e-05,0.88134
5690.17,BTC-27SEP19,1556967543132,open,0.01,82.0,0.00034825,0.0206527,0.00775224,79.27,0.0095,0.0,BTC-27DEC19-2000-P,5719.18,77.63,0.007,1.0,0.0085,12.0,80.81,2.69618,-0.45111,-1.2165,2e-05,-0.02519
5690.17,BTC-27SEP19,1556967543134,open,0.06,384.7,0.01930815,0.14580146,0.05484994,67.59,0.057,0.0,BTC-27DEC19-10000-C,5719.18,66.6,0.0525,19.7,0.057,9.6,68.48,13.66507,-1.94947,6.19548,0.0001,0.22262
5692.41,BTC-28JUN19,1556967543147,open,2.5,0.4,2.51345037,2.51345125,2.51365597,104.8,5.076,0.0,BTC-28JUN19-20000-P,5719.18,0.0,0.0005,0.2,0.0,0.0,0.0,0.1356,-0.12948,-30.0541,0.0,-0.99807
5690.17,BTC-27SEP19,1556967543147,open,0.31,10.2,0.27064196,0.39587354,0.30300489,63.29,0.2335,0.0,BTC-27DEC19-4500-C,5719.18,54.74,0.282,5.0,0.3185,5.0,69.48,14.1606,-1.89175,16.97741,0.00011,0.76275
5690.17,BTC-27SEP19,1556967543147,open,0.81,0.3,0.77672489,0.9032182,0.81226977,67.59,1.4475,0.0,BTC-27DEC19-10000-P,5719.18,0.0,0.1,0.3,0.0,0.0,0.0,13.66533,-1.94955,-58.70181,0.0001,-0.77737
5690.17,BTC-27SEP19,1556967543147,open,0.35,0.0,0.31570398,0.47482908,0.35540187,62.7,None,0.0,BTC-27DEC19-7000-P,5719.18,0.0,0.001,0.5,0.0,0.0,0.0,18.06155,-2.39038,-33.90039,0.00014,-0.56262
5692.41,BTC-28JUN19,1556967543156,open,0.74,33.8,0.73649122,0.73649129,0.73654648,110.54,0.7145,0.0,BTC-28JUN19-1500-C,5719.18,0.0,0.7325,3.0,0.7405,3.0,182.72,0.03489,-0.03514,2.25092,0.0,0.99956
5719.18,index_price,1556967543156,open,0.01,403.0,0.0024887,0.02406143,0.00633749,65.77,0.007,0,BTC-10MAY19-5250-P,5719.18,62.77,0.0055,20.0,0.007,20.0,68.04,1.63753,-9.16506,-0.13738,0.00047,-0.14288
5690.17,BTC-27SEP19,1556967543163,open,0.62,0.0,0.59931998,0.64356551,0.62093352,68.13,None,0.0,BTC-27SEP19-9000-P,5719.18,0.0,0.002,0.3,0.0,0.0,0.0,10.00693,-2.33678,-32.36173,0.00011,-0.8021
5692.41,BTC-28JUN19,1556967543169,open,1.45,1.3,1.45941536,1.45953842,1.46013212,88.41,2.415,0.0,BTC-28JUN19-14000-P,5719.18,0.0,0.0005,0.2,0.0,0.0,0.0,0.43364,-0.3493,-20.99388,1e-05,-0.99293
5690.17,BTC-27SEP19,1556967543171,open,0.0,421.8,6.106e-05,0.00206805,0.00324964,85.96,0.005,0.0,BTC-27SEP19-2000-P,5719.18,82.38,0.0025,25.0,0.004,5.0,89.07,1.28786,-0.37944,-0.39346,1e-05,-0.01405
5690.17,BTC-27SEP19,1556967543171,open,0.3,0.1,0.28498161,0.32832888,0.29904474,62.98,0.225,0.0,BTC-27SEP19-4250-C,5719.18,49.51,0.2785,3.0,0.3135,3.0,71.57,9.29475,-2.00629,11.94605,0.00011,0.82435
5690.17,BTC-27SEP19,1556967543173,open,0.01,605.2,0.00288969,0.01758651,0.01121001,71.2,0.012,0.0,BTC-27SEP19-3000-P,5719.18,70.09,0.0105,12.0,0.012,8.8,72.4,3.69604,-0.90203,-1.38662,4e-05,-0.04976
5690.17,BTC-27SEP19,1556967543173,open,0.95,3.1,0.93794478,0.96425242,0.95494775,73.08,1.9215,0.0,BTC-27SEP19-11000-P,5719.18,0.0,0.002,0.3,0.0,0.0,0.0,7.022,-1.75903,-41.82188,7e-05,-0.88408
5690.17,BTC-27SEP19,1556967543177,open,0.37,37.5,0.33209843,0.4384142,0.3597966,64.21,0.3355,0.0,BTC-27DEC19-4000-C,5719.18,52.13,0.336,5.0,0.377,5.0,72.36,11.75666,-1.59347,17.23015,9e-05,0.82639
5690.17,BTC-27SEP19,1556967543177,open,0.1,117.0,0.06147949,0.18671107,0.09384381,63.29,0.115,0.0,BTC-27DEC19-4500-P,5719.18,61.94,0.0905,9.6,0.096,14.6,64.16,14.16062,-1.89177,-12.22652,0.00011,-0.23725
5690.17,BTC-27SEP19,1556967543179,open,1.12,6.1,1.11139359,1.13114506,1.12633002,75.72,1.9095,0.0,BTC-27SEP19-12000-P,5719.18,0.0,0.012,0.1,0.0,0.0,0.0,6.01047,-1.56001,-46.22852,6e-05,-0.90647
5690.17,BTC-27SEP19,1556967543182,open,0.5,0.0,0.47964405,0.5404626,0.49630975,68.29,None,0.0,BTC-27DEC19-3000-C,5719.18,0.0,0.16,0.3,0.0,0.0,0.0,6.49694,-0.9365,15.82602,5e-05,0.92488
5692.41,BTC-28JUN19,1556967543187,open,0.01,71.7,0.00039334,0.01030954,0.00689758,72.56,0.005,0.0,BTC-28JUN19-3750-P,5719.18,70.31,0.006,16.0,0.008,20.0,75.12,2.35446,-1.55655,-0.50546,7e-05,-0.05216
5692.41,BTC-28JUN19,1556967543194,open,1.28,0.8,1.28374338,1.2840326,1.28471114,84.99,2.171,0.0,BTC-28JUN19-13000-P,5719.18,0.0,0.07,1.0,0.0,0.0,0.0,0.56808,-0.43989,-19.47083,1e-05,-0.99039
5690.17,BTC-27SEP19,1556967543216,open,0.01,18.3,0.00538626,0.02530834,0.01478417,68.39,0.021,0.0,BTC-27SEP19-3250-P,5719.18,67.41,0.014,12.0,0.0155,5.0,69.27,4.57874,-1.07337,-1.82177,5e-05,-0.06532
5690.17,BTC-27SEP19,1556967543216,open,0.41,261.1,0.39412706,0.41978097,0.40568618,67.35,0.38,0.0,BTC-27SEP19-3500-C,5719.18,0.0,0.161,1.0,0.4665,1.5,114.17,5.73569,-1.32399,11.51844,7e-05,0.91218
5690.17,BTC-27SEP19,1556967543216,open,0.15,49.1,0.10891367,0.26831884,0.14831697,62.3,0.146,0.0,BTC-27DEC19-6500-C,5719.18,61.42,0.1455,3.0,0.152,10.0,63.44,18.28543,-2.40447,12.77748,0.00014,0.49433
162.21,index_price,1556967543241,open,0.0,153.0,2e-06,0.004528,0.001857,91.84,0.004,0,ETH-10MAY19-200-C,162.21,82.71,0.001,158.0,0.003,209.0,100.7,0.0181,-0.14144,0.00102,0.00465,0.04101
162.21,index_price,1556967543279,open,0.0,170.0,3e-05,0.011853,0.004289,86.06,0.007,0,ETH-17MAY19-210-C,162.21,80.09,0.003,150.0,0.006,150.0,92.64,0.03847,-0.12858,0.00345,0.00482,0.06467
162.21,index_price,1556967543302,open,0.01,376.0,0.002146,0.024087,0.009403,71.59,0.009,0,ETH-10MAY19-150-P,162.21,67.31,0.008,120.0,0.01,10.0,73.36,0.05442,-0.33154,-0.005,0.01795,-0.18222
162.21,index_price,1556967543345,open,0.02,52.0,0.00468,0.042683,0.019129,73.85,0.027,0,ETH-17MAY19-180-C,162.21,71.93,0.018,120.0,0.022,120.0,78.6,0.09639,-0.27643,0.01309,0.01406,0.24796
5719.18,index_price,1556967543394,open,0.0,24.4,0.00054789,0.01626228,0.00225609,64.82,0.003,0,BTC-10MAY19-6500-C,5719.18,59.59,0.0015,20.0,0.003,21.0,69.11,0.91867,-5.06694,0.05765,0.00027,0.06487
162.21,index_price,1556967543490,open,0.22,0.0,0.232971,0.237498,0.234827,91.84,None,0,ETH-10MAY19-200-P,162.21,0.0,0.001,15.0,0.261,5.0,189.21,0.0181,-0.14144,-0.03117,0.00465,-0.95899
162.21,index_price,1556967543526,open,0.0,0.0,3e-06,0.005694,0.001019,79.31,None,0,ETH-17MAY19-120-P,162.21,0.0,0.0,0.0,0.002,150.0,88.75,0.01346,-0.04146,-0.00109,0.00183,-0.01796
162.21,index_price,1556967543539,open,0.29,0.0,0.294648,0.306471,0.298907,86.06,None,0,ETH-17MAY19-210-P,162.21,0.0,0.001,15.0,0.385,2.0,241.7,0.03847,-0.12858,-0.07062,0.00482,-0.93533
163.73,ETH-28JUN19,1556967543818,open,0.0,2750.0,0.0,0.001512,0.001012,110.0,0.002,0.0,ETH-28JUN19-500-C,162.21,109.85,0.001,50.0,0.002,37.0,118.84,0.01407,-0.01411,0.00175,0.00032,0.0081
163.73,ETH-28JUN19,1556967543823,open,0.09,2438.0,0.076452,0.161285,0.084363,65.12,0.091,0.0,ETH-28JUN19-170-C,162.21,62.94,0.081,72.0,0.088,72.0,67.47,0.2532,-0.15023,0.10009,0.00965,0.49099
164.76,ETH-27SEP19,1556967543831,open,0.96,1.0,0.950651,0.997397,0.970419,78.33,0.93,0.0,ETH-27SEP19-320-P,162.21,0.0,0.0,0.0,0.989,1.0,90.26,0.22868,-0.0614,-1.20712,0.00269,-0.86278
164.76,ETH-27SEP19,1556967543832,open,0.03,267.0,0.008432,0.055178,0.0282,78.33,0.033,0.0,ETH-27SEP19-320-C,162.21,77.46,0.027,90.0,0.03,60.0,79.61,0.22868,-0.0614,0.07179,0.00269,0.13722
163.73,ETH-28JUN19,1556967543833,open,0.52,0.0,0.511437,0.518401,0.5134,91.72,None,0.0,ETH-28JUN19-80-C,162.21,0.0,0.0,0.0,0.0,0.0,0.0,0.02294,-0.01917,0.11628,0.00062,0.98579
164.76,ETH-27SEP19,1556967543833,open,0.05,657.0,0.026265,0.094822,0.047483,72.44,0.051,0.0,ETH-27SEP19-260-C,162.21,71.64,0.046,72.0,0.05,60.0,73.77,0.30959,-0.07687,0.11457,0.00394,0.22148
163.73,ETH-28JUN19,1556967543838,open,0.0,478.0,3.1e-05,0.010062,0.003471,96.45,0.005,0.0,ETH-28JUN19-360-C,162.21,89.33,0.002,130.0,0.005,178.0,101.97,0.0401,-0.03524,0.0059,0.00103,0.02744
164.76,ETH-27SEP19,1556967543840,open,0.32,147.0,0.3078,0.366483,0.315622,65.11,0.283,0.0,ETH-27SEP19-120-C,162.21,0.0,0.0,0.0,0.0,0.0,0.0,0.2581,-0.0576,0.34229,0.00365,0.83545
163.73,ETH-28JUN19,1556967543848,open,0.01,3391.0,0.003389,0.036688,0.007382,70.87,0.008,0.0,ETH-28JUN19-110-P,162.21,67.57,0.006,780.0,0.009,230.0,74.36,0.07213,-0.04658,-0.01572,0.00253,-0.0565
163.73,ETH-28JUN19,1556967543853,open,0.04,2674.0,0.027654,0.104215,0.036586,67.32,0.04,0.0,ETH-28JUN19-200-C,162.21,66.85,0.036,96.0,0.041,156.0,70.76,0.20688,-0.1269,0.05558,0.00763,0.26236
164.76,ETH-27SEP19,1556967543855,open,1.31,1.0,1.309135,1.339396,1.326192,84.35,1.285,0.0,ETH-27SEP19-380-P,162.21,0.0,0.0,0.0,0.0,0.0,0.0,0.17837,-0.05157,-1.46807,0.00195,-0.90329
163.73,ETH-28JUN19,1556967543857,open,0.01,428.0,0.000187,0.01783,0.005404,91.01,0.006,0.0,ETH-28JUN19-320-C,162.21,86.64,0.004,180.0,0.007,280.0,95.21,0.05746,-0.04765,0.00913,0.00157,0.0425
163.73,ETH-28JUN19,1556967543860,open,0.34,10.0,0.331551,0.36485,0.335544,70.87,0.265,0.0,ETH-28JUN19-110-C,162.21,0.0,0.0,0.0,0.0,0.0,0.0,0.07213,-0.04658,0.14965,0.00253,0.9435
163.73,ETH-28JUN19,1556967543863,open,1.19,0.0,1.198773,1.208804,1.202212,96.45,None,0.0,ETH-28JUN19-360-P,162.21,0.0,0.0,0.0,0.0,0.0,0.0,0.0401,-0.03524,-0.53534,0.00103,-0.97256
163.73,ETH-28JUN19,1556967543866,open,0.23,401.0,0.223485,0.281524,0.228114,65.31,0.197,0.0,ETH-28JUN19-130-C,162.21,0.0,0.14,50.0,0.433,100.0,239.61,0.14785,-0.08799,0.15315,0.00562,0.85026
164.76,ETH-27SEP19,1556967543898,open,0.04,5391.0,0.036132,0.094815,0.043954,65.11,0.042,0.0,ETH-27SEP19-120-P,162.21,63.86,0.042,72.0,0.046,72.0,66.41,0.2581,-0.0576,-0.1373,0.00365,-0.16455
164.76,ETH-27SEP19,1556967543915,open,0.01,546.0,0.000455,0.014852,0.013769,93.69,0.015,0.0,ETH-27SEP19-480-C,162.21,91.41,0.012,150.0,0.016,150.0,96.33,0.13304,-0.04272,0.03414,0.00131,0.06562
163.73,ETH-28JUN19,1556967543919,open,0.28,25.0,0.275449,0.321158,0.279708,67.18,0.315,0.0,ETH-28JUN19-120-C,162.21,0.0,0.267,50.0,0.0,0.0,0.0,0.10554,-0.0646,0.15444,0.0039,0.9071
164.76,ETH-27SEP19,1556967543940,open,0.4,745.0,0.390974,0.473395,0.4062,66.92,0.38,0.0,ETH-27SEP19-220-P,162.21,50.16,0.371,60.0,0.43,60.0,77.18,0.37174,-0.08526,-0.71624,0.00512,-0.68152
164.76,ETH-27SEP19,1556967543940,open,0.13,328.0,0.115336,0.203303,0.130191,65.89,0.115,0.0,ETH-27SEP19-180-C,162.21,64.63,0.127,1.0,0.135,114.0,67.8,0.41553,-0.09385,0.24244,0.00581,0.49837
164.76,ETH-27SEP19,1556967543942,open,0.01,1700.0,0.002847,0.022639,0.007181,71.43,0.008,0.0,ETH-27SEP19-80-P,162.21,66.41,0.005,90.0,0.009,90.0,75.03,0.0785,-0.01922,-0.02709,0.00101,-0.03396
163.73,ETH-28JUN19,1556967543949,open,0.31,1514.0,0.3017,0.372537,0.31261,70.23,0.37,0.0,ETH-28JUN19-210-P,162.21,0.0,0.046,13.0,0.313,1.0,70.57,0.18715,-0.11975,-0.26937,0.00661,-0.78168
5692.42,BTC-28JUN19,1556967543959,open,0.02,16.6,0.00485989,0.03621762,0.01870729,63.67,0.0215,0.0,BTC-28JUN19-7500-C,5719.18,62.38,0.0175,12.8,0.0195,5.0,64.51,5.37522,-3.11843,1.21111,0.00017,0.16022
163.73,ETH-28JUN19,1556967543963,open,0.15,556.0,0.13683,0.214153,0.142902,64.41,0.15,0.0,ETH-28JUN19-150-C,162.21,61.58,0.139,132.0,0.146,72.0,66.65,0.22619,-0.13275,0.1329,0.00871,0.6828
164.76,ETH-27SEP19,1556967543963,open,1.07,0.0,1.069396,1.109961,1.088365,80.41,None,0.0,ETH-27SEP19-340-P,162.21,0.0,0.0,0.0,1.102,1.0,90.06,0.20936,-0.0577,-1.29559,0.0024,-0.87918
163.73,ETH-28JUN19,1556967543965,open,0.01,1389.0,0.000454,0.023839,0.00645,86.81,0.008,0.0,ETH-28JUN19-300-C,162.21,83.0,0.005,180.0,0.008,120.0,90.36,0.06701,-0.053,0.01108,0.00192,0.05147
163.73,ETH-28JUN19,1556967543965,open,0.12,5297.0,0.114747,0.19958,0.122658,65.12,0.103,0.0,ETH-28JUN19-170-P,162.21,62.75,0.119,72.0,0.127,72.0,67.92,0.2532,-0.15023,-0.15549,0.00965,-0.50901
163.73,ETH-28JUN19,1556967543973,open,0.0,1785.0,0.000274,0.013519,0.002006,78.05,0.004,0.0,ETH-28JUN19-90-P,162.21,70.36,0.001,120.0,0.003,100.0,83.49,0.02628,-0.01869,-0.00459,0.00084,-0.01664
163.73,ETH-28JUN19,1556967544028,open,0.01,4522.0,0.008363,0.054072,0.012622,67.18,0.014,0.0,ETH-28JUN19-120-P,162.21,64.59,0.011,120.0,0.014,120.0,69.27,0.10554,-0.0646,-0.02597,0.0039,-0.0929
163.73,ETH-28JUN19,1556967544030,open,0.47,1724.0,0.471698,0.523517,0.481659,75.54,0.538,0.0,ETH-28JUN19-240-P,162.21,0.0,0.063,8.0,0.475,1.0,66.05,0.12935,-0.08902,-0.3344,0.00425,-0.87682
164.76,ETH-27SEP19,1556967544037,open,0.02,502.0,0.005789,0.046353,0.024757,80.41,0.029,0.0,ETH-27SEP19-340-C,162.21,79.01,0.023,90.0,0.027,60.0,82.14,0.20936,-0.0577,0.06325,0.0024,0.12082
163.73,ETH-28JUN19,1556967544037,open,2.03,0.0,2.053808,2.055321,2.054821,110.0,None,0.0,ETH-28JUN19-500-P,162.21,0.0,0.0,0.0,0.0,0.0,0.0,0.01407,-0.01411,-0.74998,0.00032,-0.9919
162.21,index_price,1556967544039,open,0.0,2.0,0.000104,0.013379,0.003036,74.52,0.002,0,ETH-17MAY19-130-P,162.21,68.5,0.002,150.0,0.004,150.0,79.19,0.03108,-0.08994,-0.003,0.00449,-0.04932
164.76,ETH-27SEP19,1556967544042,open,0.42,0.0,0.405887,0.444843,0.412561,67.48,None,0.0,ETH-27SEP19-100-C,162.21,0.0,0.0,0.0,0.0,0.0,0.0,0.15952,-0.03689,0.33202,0.00218,0.91679
162.21,index_price,1556967544042,open,0.27,0.0,0.260218,0.260875,0.260875,110.0,None,0,ETH-10MAY19-120-C,162.21,0.0,0.26,10.0,0.343,2.0,427.18,0.00684,-0.06404,0.01896,0.00147,0.9871
163.73,ETH-28JUN19,1556967544047,open,0.36,1139.0,0.356703,0.421255,0.367578,71.95,0.4,0.0,ETH-28JUN19-220-P,162.21,0.0,0.056,16.0,0.371,1.0,75.24,0.16597,-0.1088,-0.29259,0.00572,-0.82106
163.73,ETH-28JUN19,1556967544049,open,0.2,2407.0,0.199914,0.281122,0.210001,67.32,0.261,0.0,ETH-28JUN19-190-P,162.21,64.45,0.206,72.0,0.214,73.0,70.15,0.22995,-0.14104,-0.21659,0.00848,-0.66988
163.73,ETH-28JUN19,1556967544054,open,0.03,773.0,0.019101,0.089938,0.030011,70.23,0.029,0.0,ETH-28JUN19-210-C,162.21,68.45,0.028,96.0,0.032,156.0,71.95,0.18715,-0.11975,0.04635,0.00661,0.21832
163.73,ETH-28JUN19,1556967544054,open,0.08,3075.0,0.080604,0.163256,0.087273,64.41,0.09,0.0,ETH-28JUN19-160-P,162.21,62.25,0.084,72.0,0.091,72.0,66.88,0.24737,-0.14518,-0.1234,0.00953,-0.41405
5719.18,index_price,1556967544062,open,0.0,155.7,2.852e-05,0.00640382,0.00174539,85.41,0.002,0,BTC-10MAY19-4750-P,5719.18,77.24,0.001,20.0,0.0025,38.9,91.82,0.60686,-4.41056,-0.0371,0.00013,-0.03856
163.73,ETH-28JUN19,1556967544068,open,0.0,1501.0,4.7e-05,0.00701,0.002009,91.72,0.004,0.0,ETH-28JUN19-80-P,162.21,82.87,0.001,1999.0,0.003,100.0,97.93,0.02294,-0.01917,-0.00399,0.00062,-0.01421
163.73,ETH-28JUN19,1556967544068,open,0.71,0.0,0.71122,0.742084,0.71856,83.35,None,0.0,ETH-28JUN19-280-P,162.21,0.0,0.0,0.0,0.0,0.0,0.0,0.08239,-0.06257,-0.40655,0.00245,-0.93302
163.73,ETH-28JUN19,1556967544068,open,0.06,5418.0,0.052973,0.130295,0.059044,64.41,0.049,0.0,ETH-28JUN19-150-P,162.21,62.2,0.056,156.0,0.062,96.0,66.55,0.22619,-0.13275,-0.09261,0.00871,-0.3172
164.76,ETH-27SEP19,1556967544068,open,0.02,188.0,0.003984,0.039059,0.02202,82.42,0.022,0.0,ETH-27SEP19-360-C,162.21,81.54,0.021,90.0,0.024,60.0,84.08,0.19273,-0.05444,0.05633,0.00216,0.10756
164.76,ETH-27SEP19,1556967544090,open,0.03,517.0,0.012306,0.065887,0.032933,76.39,0.036,0.0,ETH-27SEP19-300-C,162.21,75.78,0.032,72.0,0.035,60.0,77.72,0.25216,-0.06603,0.08287,0.00304,0.15878
162.21,index_price,1556967544306,open,0.15,0.0,0.138215,0.163678,0.144909,69.85,None,0,ETH-17MAY19-140-C,162.21,72.73,0.146,30.0,0.15,30.0,82.34,0.06001,-0.16278,0.04221,0.00926,0.88259
162.21,index_price,1556967544415,open,0.01,0.0,0.000201,0.018557,0.006558,81.16,None,0,ETH-17MAY19-200-C,162.21,79.39,0.006,150.0,0.008,150.0,85.42,0.05236,-0.16503,0.00519,0.00695,0.09719
5719.18,index_price,1556967544500,open,0.01,188.5,0.00243576,0.02534569,0.00504611,60.97,0.0055,0,BTC-10MAY19-6250-C,5719.18,58.93,0.0045,4.0,0.0055,20.0,62.6,1.56569,-8.12314,0.11852,0.00049,0.13378
5719.18,index_price,1556967545046,open,0.01,16.1,0.00397953,0.03919182,0.0083325,61.55,0.008,0,BTC-17MAY19-6500-C,5719.18,59.59,0.0075,20.0,0.009,20.0,63.08,2.47151,-5.90775,0.27987,0.00035,0.14705
5719.18,index_price,1556967545089,open,0.0,834.3,0.00036448,0.01315951,0.00323885,75.38,0.0025,0,BTC-10MAY19-5000-P,5719.18,70.92,0.0025,21.0,0.004,20.0,79.48,1.00732,-6.46124,-0.07029,0.00025,-0.07311
162.21,index_price,1556967545099,open,0.17,0.0,0.171373,0.181011,0.175109,85.53,None,0,ETH-10MAY19-190-P,162.21,0.0,0.17,30.0,0.175,30.0,84.95,0.03069,-0.22336,-0.02859,0.00847,-0.91968
5690.18,BTC-27SEP19,1556967545258,open,0.02,24.4,0.00171588,0.06902498,0.02395363,76.51,0.0265,0.0,BTC-27DEC19-15000-C,5719.18,75.13,0.022,12.0,0.0255,12.0,77.56,8.22178,-1.32781,2.92025,5e-05,0.10303
5690.18,BTC-27SEP19,1556967545260,open,0.11,22.2,0.06693182,0.14333808,0.10617833,63.15,0.114,0.0,BTC-27DEC19-7500-C,5719.18,62.44,0.104,19.6,0.111,19.6,64.71,17.54185,-2.33821,10.35091,0.00013,0.38648
162.21,index_price,1556967545281,open,0.11,30.0,0.110483,0.129075,0.117454,77.74,0.093,0,ETH-10MAY19-180-P,162.21,60.79,0.113,30.0,0.118,30.0,79.51,0.04952,-0.32759,-0.02507,0.01504,-0.84272
162.21,index_price,1556967545338,open,0.06,33.0,0.04073,0.088706,0.058158,68.66,0.073,0,ETH-17MAY19-160-C,162.21,68.44,0.058,90.0,0.063,90.0,75.21,0.11978,-0.31935,0.02916,0.0188,0.56783
162.21,index_price,1556967545353,open,0.15,393.0,0.137004,0.146623,0.140373,82.17,0.165,0,ETH-10MAY19-140-C,162.21,79.95,0.14,30.0,0.144,30.0,99.68,0.02809,-0.19642,0.02058,0.00807,0.92848
5719.18,index_price,1556967545514,open,0.04,17.8,0.03491855,0.08356482,0.04222585,59.75,0.045,0,BTC-17MAY19-5750-C,5719.18,56.11,0.0395,13.0,0.043,12.0,60.79,4.28517,-9.94313,0.93017,0.00062,0.50328
5690.18,BTC-27SEP19,1556967545555,open,0.42,0.0,0.38499206,0.46139832,0.4242432,63.15,None,0.0,BTC-27DEC19-7500-P,5719.18,0.0,0.0005,0.5,0.0,0.0,0.0,17.54195,-2.33828,-38.32208,0.00013,-0.61351
5690.18,BTC-27SEP19,1556967545857,open,0.24,13.5,0.22373244,0.27702788,0.23726322,60.76,0.2395,0.0,BTC-27SEP19-4750-C,5719.18,56.15,0.228,4.0,0.242,1.5,63.09,11.52534,-2.40025,11.5713,0.00015,0.74609
5690.18,BTC-27SEP19,1556967545857,open,0.13,41.5,0.08551278,0.24463792,0.12520793,62.7,0.1235,0.0,BTC-27DEC19-7000-C,5719.18,62.0,0.123,11.0,0.1295,17.2,64.05,18.06157,-2.39035,11.52784,0.00014,0.43738
5690.18,BTC-27SEP19,1556967545883,open,0.02,760.7,0.00249354,0.02224513,0.01745126,75.74,0.0155,0.0,BTC-27SEP19-12000-C,5719.18,74.83,0.0165,10.0,0.0185,12.0,76.72,6.01429,-1.56142,1.73195,6e-05,0.09361
5692.43,BTC-28JUN19,1556967545899,open,0.58,6.6,0.58178556,0.58998514,0.58750434,70.15,0.704,0.0,BTC-28JUN19-9000-P,5719.18,54.7,0.5825,1.9,0.595,1.9,82.99,2.65685,-1.69826,-13.06587,8e-05,-0.93919
5692.43,BTC-28JUN19,1556967545918,open,0.27,10.5,0.25631746,0.27811487,0.26790682,66.9,0.2685,0.0,BTC-28JUN19-4250-C,5719.18,56.72,0.2615,3.0,0.271,3.0,71.14,4.00038,-2.43859,5.37086,0.00012,0.89547
5692.43,BTC-28JUN19,1556967545940,open,0.76,43.0,0.75685466,0.76055007,0.76035488,74.36,0.89,0.0,BTC-28JUN19-10000-P,5719.18,0.0,0.7545,1.7,0.768,1.7,91.8,1.71138,-1.15953,-14.76476,5e-05,-0.96485
5719.18,index_price,1556967545948,open,0.03,739.3,0.02081899,0.05781683,0.02921023,59.59,0.0315,0,BTC-31MAY19-5250-P,5719.18,59.35,0.029,12.8,0.032,0.1,62.67,5.1394,-5.69728,-1.2636,0.00036,-0.27085
5719.18,index_price,1556967545983,open,0.04,280.9,0.0360688,0.07737429,0.04502225,58.76,0.0465,0,BTC-31MAY19-5500-P,5719.18,58.25,0.0445,12.9,0.0485,12.8,62.14,5.87312,-6.42047,-1.75894,0.00041,-0.37267
162.21,index_price,1556967545986,open,0.09,515.0,0.077419,0.09936,0.084675,71.59,0.085,0,ETH-10MAY19-150-C,162.21,0.0,0.002,10.0,0.089,30.0,83.8,0.05442,-0.33153,0.01914,0.01795,0.81779
5692.43,BTC-28JUN19,1556967545994,open,0.01,1295.6,0.0036556,0.0204085,0.01272859,65.79,0.0115,0.0,BTC-28JUN19-8000-C,5719.18,64.11,0.0115,26.0,0.0135,6.0,66.81,4.25267,-2.54921,0.8651,0.00013,0.11381
5692.43,BTC-28JUN19,1556967545994,open,0.41,24.6,0.40903081,0.42578371,0.41810874,65.8,0.609,0.0,BTC-28JUN19-8000-P,5719.18,58.98,0.4135,2.0,0.4255,2.0,74.69,4.25343,-2.54991,-11.16225,0.00013,-0.88616
5690.18,BTC-27SEP19,1556967545994,open,0.32,10.2,0.29285193,0.35565672,0.32380851,67.07,0.8,0.0,BTC-27SEP19-7000-P,5719.18,59.85,0.3065,1.5,0.3595,1.5,81.54,13.81244,-3.17537,-21.21214,0.00016,-0.60895
5690.18,BTC-27SEP19,1556967545996,open,0.09,79.8,0.07558854,0.13283767,0.0901452,60.67,0.092,0.0,BTC-27SEP19-5000-P,5719.18,60.38,0.0895,9.6,0.094,2.5,62.43,12.47781,-2.59486,-8.83693,0.00016,-0.29844
5690.18,BTC-27SEP19,1556967546028,open,0.04,325.2,0.0176451,0.06189079,0.0392732,68.14,0.0375,0.0,BTC-27SEP19-9000-C,5719.18,66.25,0.036,5.1,0.039,9.6,67.98,10.0083,-2.33738,3.60829,0.00011,0.19794
5692.43,BTC-28JUN19,1556967546071,open,0.56,24.4,0.56082055,0.56095184,0.5620658,97.02,0.5115,0.0,BTC-28JUN19-2500-C,5719.18,0.0,0.557,3.0,0.5655,3.0,120.06,0.52429,-0.46349,3.67292,1e-05,0.99123
162.21,index_price,1556967546097,open,0.08,53.0,0.063709,0.110417,0.080894,69.77,0.074,0,ETH-17MAY19-170-P,162.21,62.91,0.076,90.0,0.082,90.0,71.31,0.11645,-0.31553,-0.03982,0.01798,-0.61502
5690.18,BTC-27SEP19,1556967546113,open,0.21,817.6,0.19688172,0.25413084,0.21143614,60.67,0.2115,0.0,BTC-27SEP19-5000-C,5719.18,56.35,0.202,4.0,0.215,1.1,62.29,12.47779,-2.59481,11.14612,0.00016,0.70156
5690.18,BTC-27SEP19,1556967546113,open,0.13,759.2,0.11365726,0.17894722,0.13234731,61.42,0.1355,0.0,BTC-27SEP19-6000-C,5719.18,59.89,0.1285,31.0,0.135,17.2,62.47,14.32719,-3.016,8.88304,0.00018,0.52296
5719.18,index_price,1556967546113,open,0.19,65.8,0.17431064,0.19801419,0.1827803,67.17,0.1775,0,BTC-31MAY19-4750-C,5719.18,49.18,0.174,3.0,0.183,3.0,67.55,3.34437,-4.17943,2.87909,0.00021,0.86646
163.73,ETH-28JUN19,1556967546115,open,0.15,556.0,0.13683,0.214153,0.142902,64.41,0.15,0.0,ETH-28JUN19-150-C,162.21,61.58,0.139,72.0,0.146,72.0,66.65,0.22619,-0.13275,0.1329,0.00871,0.6828
5692.43,BTC-28JUN19,1556967546126,open,0.2,100.0,0.17789097,0.21433536,0.19301753,60.97,0.165,0.0,BTC-28JUN19-4750-C,5719.18,56.56,0.1885,5.0,0.1955,5.0,63.32,5.95852,-3.31016,5.29395,0.0002,0.8116
5719.18,index_price,1556967546126,open,0.27,0.0,0.27014223,0.29174567,0.27486551,62.92,None,0,BTC-31MAY19-7250-P,5719.18,63.21,0.275,2.0,0.2845,2.0,79.82,2.64658,-3.09811,-4.9637,0.00017,-0.90384
5692.43,BTC-28JUN19,1556967546147,open,0.01,425.8,0.00219792,0.01321198,0.009798,69.09,0.0085,0.0,BTC-28JUN19-4000-P,5719.18,67.59,0.009,16.0,0.011,26.0,71.26,3.07302,-1.93459,-0.71194,9e-05,-0.07339
5690.18,BTC-27SEP19,1556967546163,open,0.27,290.2,0.25311237,0.30173804,0.26822349,62.41,0.2715,0.0,BTC-27SEP19-4500-C,5719.18,51.62,0.249,3.0,0.2705,5.0,63.64,10.48695,-2.24317,11.77128,0.00013,0.78584
5692.43,BTC-28JUN19,1556967546169,open,0.65,20.1,0.6486562,0.64866296,0.64923058,109.97,0.578,0.0,BTC-28JUN19-2000-C,5719.18,0.0,0.6445,3.0,0.653,3.0,147.4,0.25181,-0.25231,2.96915,0.0,0.99616
5719.18,index_price,1556967546169,open,0.06,115.8,0.0569681,0.1001667,0.06617476,58.51,0.065,0,BTC-31MAY19-5750-P,5719.18,57.89,0.0655,9.7,0.07,9.6,62.05,6.18482,-6.73243,-2.30777,0.00044,-0.48184
5690.18,BTC-27SEP19,1556967546173,open,0.07,62.5,0.05850392,0.11179936,0.07203705,60.76,0.094,0.0,BTC-27SEP19-4750-P,5719.18,60.74,0.072,12.6,0.0765,2.5,62.96,11.52538,-2.40031,-7.41261,0.00015,-0.25392
5690.18,BTC-27SEP19,1556967546184,open,0.19,28.3,0.16810545,0.23339541,0.18679735,61.42,0.177,0.0,BTC-27SEP19-6000-P,5719.18,60.11,0.1835,7.2,0.191,7.2,63.09,14.32719,-3.01604,-15.09653,0.00018,-0.47704
5692.43,BTC-28JUN19,1556967546184,open,0.12,36.5,0.10921819,0.14767101,0.12385255,59.56,0.118,0.0,BTC-28JUN19-6000-P,5719.18,57.7,0.121,9.6,0.1275,9.6,61.93,8.75,-4.74831,-5.72205,0.0003,-0.54475
5719.18,index_price,1556967546184,open,0.23,0.0,0.22844995,0.25474881,0.23369143,60.86,None,0,BTC-31MAY19-7000-P,5719.18,61.4,0.234,2.0,0.2435,2.0,75.82,3.22869,-3.6557,-4.66081,0.00022,-0.87309
5692.43,BTC-28JUN19,1556967546217,open,0.0,903.0,0.00013565,0.00383106,0.00362966,74.34,0.003,0.0,BTC-28JUN19-10000-C,5719.18,70.13,0.0025,16.0,0.0045,16.0,77.05,1.70957,-1.15798,0.26935,5e-05,0.0351
5719.18,index_price,1556967546217,open,0.01,202.4,0.00790026,0.0391396,0.01375925,59.35,0.0135,0,BTC-31MAY19-6750-C,5719.18,57.49,0.0125,20.1,0.0145,12.8,60.41,3.94832,-4.35937,0.66399,0.00028,0.17143
5690.18,BTC-27SEP19,1556967546217,open,0.18,60.1,0.14078459,0.29121994,0.17806357,62.14,0.174,0.0,BTC-27DEC19-5500-P,5719.18,61.3,0.1755,9.6,0.1825,5.0,63.59,17.38455,-2.28022,-20.42957,0.00013,-0.37517
162.21,index_price,1556967546264,open,0.27,0.0,0.260221,0.265913,0.261238,79.31,None,0,ETH-17MAY19-120-C,162.21,0.0,0.001,18.0,0.344,2.0,290.45,0.01346,-0.04146,0.04125,0.00183,0.98204
5719.18,index_price,1556967546291,open,0.18,0.0,0.18182894,0.21001007,0.18516988,63.74,None,0,BTC-17MAY19-6750-P,5719.18,57.85,0.1835,2.0,0.192,2.0,81.44,1.78283,-4.41292,-2.20407,0.00024,-0.90731
5719.18,index_price,1556967546353,open,0.03,2.8,0.01870727,0.06571366,0.02576565,60.26,0.029,0,BTC-17MAY19-6000-C,5719.18,56.29,0.023,16.0,0.026,16.0,60.59,4.00632,-9.37506,0.66793,0.00058,0.35683
163.73,ETH-28JUN19,1556967546440,open,0.02,1661.0,0.013027,0.07758,0.023902,71.95,0.029,0.0,ETH-28JUN19-220-C,162.21,70.04,0.022,96.0,0.026,156.0,73.99,0.16597,-0.1088,0.03816,0.00572,0.17894
5719.18,index_price,1556967546500,open,0.26,0.0,0.25688649,0.25785662,0.25760067,109.87,None,0,BTC-10MAY19-4250-C,5719.18,0.0,0.253,3.0,0.2605,3.0,145.49,0.25768,-2.40928,0.67068,4e-05,0.98608
5719.18,index_price,1556967546521,open,0.17,6.7,0.16948988,0.17586517,0.17120675,85.41,0.118,0,BTC-10MAY19-4750-C,5719.18,0.0,0.1665,3.0,0.174,3.0,105.19,0.60686,-4.41057,0.72754,0.00013,0.96144
162.21,index_price,1556967546589,open,0.12,1.0,0.114353,0.152356,0.128803,73.85,0.102,0,ETH-17MAY19-180-P,162.21,63.64,0.123,30.0,0.128,30.0,72.49,0.09639,-0.27644,-0.0504,0.01406,-0.75204
162.21,index_price,1556967546629,open,0.05,266.0,0.030081,0.062333,0.043139,71.47,0.06,0,ETH-10MAY19-160-C,162.21,69.17,0.042,90.0,0.047,90.0,79.24,0.08053,-0.48979,0.01396,0.0266,0.57794
5719.17,index_price,1556967546646,open,0.02,3.9,0.00906373,0.05104203,0.0146088,60.26,0.018,0,BTC-17MAY19-6250-C,5719.17,57.42,0.013,16.0,0.0155,16.0,61.8,3.28864,-7.69572,0.44145,0.00047,0.23342
5719.17,index_price,1556967546646,open,0.22,0.0,0.22453489,0.24634447,0.22712404,66.93,None,0,BTC-17MAY19-7000-P,5719.17,54.65,0.225,2.0,0.234,2.0,88.71,1.29962,-3.37781,-2.35223,0.00017,-0.9388
5719.17,index_price,1556967546646,open,0.13,3.0,0.1370764,0.15279049,0.13878265,64.8,0.139,0,BTC-10MAY19-6500-P,5719.17,0.0,0.136,2.0,0.1445,2.0,89.87,0.91823,-5.06363,-0.98874,0.00027,-0.93517
5719.17,index_price,1556967546646,open,0.0,1.0,0.00058106,0.02239065,0.00317235,66.94,0.004,0,BTC-17MAY19-7000-C,5719.17,63.79,0.0025,35.0,0.004,20.0,70.36,1.30009,-3.37951,0.11713,0.00017,0.06123
5719.17,index_price,1556967546646,open,0.01,120.9,0.01022086,0.03991172,0.01375627,58.38,0.016,0,BTC-10MAY19-5500-P,5719.17,56.62,0.013,16.0,0.0155,16.0,62.39,2.46841,-12.2635,-0.27615,0.0008,-0.28619
5719.17,index_price,1556967546646,open,0.07,10.2,0.05902611,0.10488518,0.06631088,60.66,0.0645,0,BTC-17MAY19-5500-C,5719.17,56.58,0.0635,13.0,0.067,12.0,61.66,3.95594,-9.31884,1.18848,0.00057,0.6554
5719.17,index_price,1556967546648,open,0.09,164.2,0.08452348,0.10609655,0.08837366,65.78,0.085,0,BTC-10MAY19-5250-C,5719.17,56.78,0.086,4.0,0.089,4.4,67.93,1.63768,-9.16652,0.70774,0.00047,0.8571
5719.17,index_price,1556967546646,open,0.13,87.6,0.12611177,0.13890708,0.12898765,75.38,0.1075,0,BTC-10MAY19-5000-C,5719.17,0.0,0.124,3.0,0.1315,3.0,87.76,1.00756,-6.46342,0.73458,0.00025,0.92687
5719.17,index_price,1556967546649,open,0.01,247.1,0.00058974,0.01137715,0.00566499,75.13,0.005,0,BTC-31MAY19-4250-P,5719.17,73.0,0.005,16.0,0.0065,33.3,77.64,1.83876,-2.57023,-0.2748,0.0001,-0.05959
5719.17,index_price,1556967546646,open,0.02,2.7,0.0088419,0.0478191,0.01627684,64.31,0.016,0,BTC-17MAY19-5250-P,5719.17,62.0,0.015,16.0,0.017,16.0,65.6,3.18825,-7.96211,-0.47857,0.00043,-0.22093
5719.17,index_price,1556967546651,open,0.39,0.0,0.38802692,0.38958984,0.38952685,89.43,None,0,BTC-31MAY19-3500-C,5719.17,0.0,0.3835,3.0,0.3915,3.0,103.15,0.62044,-1.03223,2.50351,3e-05,0.98402
5719.17,index_price,1556967546650,open,0.03,356.3,0.0218563,0.06189432,0.03066693,59.35,0.028,0,BTC-31MAY19-6250-C,5719.17,55.52,0.027,12.8,0.0305,12.9,59.18,5.54218,-6.11923,1.21402,0.00039,0.31895
5719.17,index_price,1556967546646,open,0.0,184.1,2e-08,0.00097017,0.00071419,109.87,0.0005,0,BTC-10MAY19-4250-P,5719.17,104.55,0.0005,16.2,0.001,10.3,115.54,0.25768,-2.40927,-0.01347,4e-05,-0.01392
5719.17,index_price,1556967546646,open,0.1,0.0,0.10187965,0.14385795,0.10742281,60.26,None,0,BTC-17MAY19-6250-P,5719.17,56.85,0.1055,3.0,0.114,3.0,71.17,3.28853,-7.69504,-1.76331,0.00047,-0.76659
5719.17,index_price,1556967546646,open,0.06,670.0,0.04854285,0.07823372,0.05207995,58.39,0.0545,0,BTC-10MAY19-5500-C,5719.17,53.51,0.05,4.0,0.0535,4.0,61.65,2.46845,-12.26454,0.60922,0.0008,0.7138
5719.17,index_price,1556967546647,open,0.03,115.8,0.02815862,0.06104912,0.0313145,56.24,0.035,0,BTC-10MAY19-5750-P,5719.17,53.64,0.03,12.0,0.0335,13.4,60.56,2.89258,-13.84372,-0.50372,0.00098,-0.51582
162.21,index_price,1556967546782,open,0.21,0.0,0.198674,0.211948,0.201606,74.52,None,0,ETH-17MAY19-130-C,162.21,0.0,0.001,18.0,0.273,2.0,230.52,0.03108,-0.08994,0.04286,0.00449,0.95068
164.75,ETH-27SEP19,1556967546818,open,0.07,876.0,0.055685,0.138102,0.070924,66.92,0.078,0.0,ETH-27SEP19-220-C,162.21,67.4,0.072,72.0,0.079,60.0,70.46,0.37171,-0.08526,0.16298,0.00512,0.31846
164.75,ETH-27SEP19,1556967546818,open,0.84,1.0,0.833243,0.886817,0.853764,76.32,1.018,0.0,ETH-27SEP19-300-P,162.21,0.0,0.0,0.0,0.878,2.0,90.44,0.25179,-0.06587,-1.11627,0.00304,-0.84157
163.73,ETH-28JUN19,1556967546821,open,0.83,0.0,0.832739,0.856124,0.838735,86.81,None,0.0,ETH-28JUN19-300-P,162.21,0.0,0.0,0.0,0.0,0.0,0.0,0.06701,-0.053,-0.43995,0.00192,-0.94853
164.75,ETH-27SEP19,1556967546821,open,0.0,174.0,0.00027,0.006697,0.002505,79.8,0.003,0.0,ETH-27SEP19-60-P,162.21,69.92,0.001,2036.0,0.004,90.0,86.27,0.03272,-0.00895,-0.0096,0.00038,-0.01208
163.73,ETH-28JUN19,1556967546823,open,0.25,1943.0,0.249177,0.325739,0.25811,67.32,0.246,0.0,ETH-28JUN19-200-P,162.21,0.0,0.064,20.0,0.26,1.0,68.81,0.20688,-0.1269,-0.24511,0.00763,-0.73764
163.73,ETH-28JUN19,1556967546823,open,0.11,1378.0,0.103386,0.186037,0.110054,64.41,0.113,0.0,ETH-28JUN19-160-C,162.21,61.73,0.106,132.0,0.114,72.0,67.02,0.24737,-0.14518,0.11715,0.00953,0.58595
163.73,ETH-28JUN19,1556967546831,open,0.4,0.0,0.390347,0.412499,0.393261,74.48,None,0.0,ETH-28JUN19-100-C,162.21,0.0,0.0,0.0,0.0,0.0,0.0,0.04561,-0.03095,0.14147,0.00152,0.96797
164.75,ETH-27SEP19,1556967546831,open,0.14,4942.0,0.134272,0.218492,0.14612,64.87,0.147,0.0,ETH-27SEP19-160-P,162.21,63.18,0.142,72.0,0.151,72.0,66.89,0.39994,-0.08893,-0.35374,0.00568,-0.39112
163.73,ETH-28JUN19,1556967546833,open,0.01,2044.0,0.002558,0.042908,0.011256,79.46,0.013,0.0,ETH-28JUN19-260-C,162.21,77.39,0.01,120.0,0.013,120.0,82.15,0.10224,-0.07402,0.01914,0.00319,0.089
163.73,ETH-28JUN19,1556967546835,open,0.07,3424.0,0.055426,0.139599,0.064558,66.12,0.07,0.0,ETH-28JUN19-180-C,162.21,63.74,0.061,72.0,0.068,132.0,68.4,0.246,-0.14819,0.08371,0.00923,0.40463
163.73,ETH-28JUN19,1556967546838,open,0.04,6039.0,0.032045,0.100972,0.037284,64.55,0.037,0.0,ETH-28JUN19-140-P,162.21,62.59,0.035,156.0,0.04,96.0,66.87,0.19108,-0.11239,-0.06491,0.00734,-0.22642
164.75,ETH-27SEP19,1556967546842,open,1.43,0.0,1.429825,1.455897,1.445889,86.19,None,0.0,ETH-27SEP19-400-P,162.21,0.0,0.0,0.0,0.0,0.0,0.0,0.1658,-0.04898,-1.55277,0.00177,-0.91237
163.73,ETH-28JUN19,1556967546849,open,0.19,534.0,0.176978,0.245906,0.182217,64.55,0.152,0.0,ETH-28JUN19-140-C,162.21,60.9,0.178,24.0,0.186,24.0,67.77,0.19108,-0.11239,0.14557,0.00734,0.77358
162.21,index_price,1556967546849,open,0.01,12.0,0.001089,0.028468,0.011111,77.56,0.015,0,ETH-17MAY19-190-C,162.21,75.03,0.01,120.0,0.013,120.0,81.65,0.07278,-0.2192,0.00827,0.01011,0.15559
164.75,ETH-27SEP19,1556967546853,open,0.3,1713.0,0.29445,0.381323,0.308646,65.87,0.353,0.0,ETH-27SEP19-200-P,162.21,53.03,0.278,60.0,0.329,60.0,74.13,0.40197,-0.09075,-0.59932,0.00563,-0.60156
164.75,ETH-27SEP19,1556967546857,open,1.19,0.0,1.189111,1.224181,1.207016,82.31,None,0.0,ETH-27SEP19-360-P,162.21,0.0,0.0,0.0,1.217,1.0,90.09,0.19213,-0.05421,-1.38266,0.00215,-0.89289
164.75,ETH-27SEP19,1556967546907,open,0.52,0.0,0.517264,0.53706,0.521626,71.49,None,0.0,ETH-27SEP19-80-C,162.21,0.0,0.0,0.0,0.0,0.0,0.0,0.07867,-0.01928,0.29256,0.00101,0.96595
164.75,ETH-27SEP19,1556967546919,open,0.5,112.0,0.495055,0.571013,0.508852,67.17,0.506,0.0,ETH-27SEP19-240-P,162.21,0.0,0.301,8.0,0.56,1.0,90.36,0.33118,-0.07625,-0.82868,0.00454,-0.74971
163.73,ETH-28JUN19,1556967546935,open,0.02,5823.0,0.017476,0.075514,0.022104,65.31,0.018,0.0,ETH-28JUN19-130-P,162.21,62.95,0.02,120.0,0.024,120.0,67.39,0.14785,-0.08799,-0.0423,0.00562,-0.14974
163.73,ETH-28JUN19,1556967546940,open,0.46,0.0,0.450589,0.463834,0.45232,78.05,None,0.0,ETH-28JUN19-90-C,162.21,0.0,0.0,0.0,0.0,0.0,0.0,0.02628,-0.01869,0.13072,0.00084,0.98336
164.75,ETH-27SEP19,1556967546942,open,0.1,939.0,0.080489,0.167362,0.09476,65.9,0.101,0.0,ETH-27SEP19-200-C,162.21,66.0,0.095,3.0,0.102,60.0,68.86,0.402,-0.0908,0.20003,0.00562,0.39855
164.75,ETH-27SEP19,1556967546957,open,0.02,2466.0,0.012836,0.051798,0.019504,67.47,0.019,0.0,ETH-27SEP19-100-P,162.21,65.89,0.018,60.0,0.021,90.0,69.0,0.15952,-0.03689,-0.06764,0.00218,-0.08322
163.73,ETH-28JUN19,1556967546960,open,0.19,534.0,0.176978,0.245906,0.182217,64.55,0.152,0.0,ETH-28JUN19-140-C,162.21,60.9,0.178,24.0,0.185,24.0,66.92,0.19108,-0.11239,0.14557,0.00734,0.77358
164.75,ETH-27SEP19,1556967546968,open,0.02,1017.0,0.002749,0.033005,0.019807,84.35,0.023,0.0,ETH-27SEP19-380-C,162.21,82.64,0.018,90.0,0.022,60.0,86.33,0.17836,-0.05157,0.05063,0.00195,0.09671
164.75,ETH-27SEP19,1556967546968,open,0.61,1.0,0.604406,0.672957,0.625536,72.39,0.573,0.0,ETH-27SEP19-260-P,162.21,0.0,0.361,12.0,0.662,1.0,90.11,0.30936,-0.07676,-0.92466,0.00394,-0.77879
162.21,index_price,1556967546971,open,0.03,513.0,0.016457,0.048708,0.029515,71.47,0.024,0,ETH-10MAY19-160-P,162.21,64.38,0.026,90.0,0.031,94.0,74.46,0.08053,-0.48979,-0.01179,0.0266,-0.42206
164.75,ETH-27SEP19,1556967546973,open,0.05,358.0,0.038302,0.11426,0.052188,67.22,0.055,0.0,ETH-27SEP19-240-C,162.21,69.58,0.057,72.0,0.062,60.0,71.98,0.33134,-0.07634,0.13059,0.00454,0.25052
164.75,ETH-27SEP19,1556967546975,open,0.64,0.0,0.636081,0.642509,0.638339,79.91,0.01,0.0,ETH-27SEP19-60-C,162.21,0.0,0.0,0.0,0.0,0.0,0.0,0.0329,-0.00901,0.23013,0.00038,0.98784
164.75,ETH-27SEP19,1556967547008,open,0.02,312.0,0.000923,0.020272,0.015554,90.11,0.015,0.0,ETH-27SEP19-440-C,162.21,88.32,0.014,90.0,0.018,150.0,92.73,0.14742,-0.04553,0.03913,0.00151,0.07499
163.73,ETH-28JUN19,1556967547010,open,0.0,2831.0,0.001109,0.023261,0.004023,74.48,0.004,0.0,ETH-28JUN19-100-P,162.21,70.5,0.003,60.0,0.005,220.0,77.78,0.04561,-0.03095,-0.00888,0.00152,-0.03203
164.75,ETH-27SEP19,1556967547042,open,1.67,0.0,1.671636,1.690985,1.686105,89.93,None,0.0,ETH-27SEP19-440-P,162.21,0.0,0.0,0.0,0.0,0.0,0.0,0.14656,-0.04517,-1.71964,0.0015,-0.92558
164.75,ETH-27SEP19,1556967547042,open,0.04,357.0,0.017973,0.078907,0.039051,74.36,0.031,0.0,ETH-27SEP19-280-C,162.21,73.74,0.038,72.0,0.041,60.0,75.51,0.27886,-0.07108,0.0967,0.00346,0.18591
163.73,ETH-28JUN19,1556967547050,open,0.01,1615.0,0.001087,0.031952,0.008427,83.35,0.01,0.0,ETH-28JUN19-280-C,162.21,80.37,0.007,180.0,0.01,180.0,86.33,0.08239,-0.06257,0.01441,0.00245,0.06698
163.73,ETH-28JUN19,1556967547050,open,0.02,1456.0,0.00587,0.057689,0.015832,75.54,0.017,0.0,ETH-28JUN19-240-C,162.21,73.15,0.014,120.0,0.018,180.0,78.2,0.12935,-0.08902,0.02642,0.00425,0.12318
164.75,ETH-27SEP19,1556967547050,open,0.73,0.0,0.717518,0.778452,0.738492,74.3,None,0.0,ETH-27SEP19-280-P,162.21,0.0,0.0,0.0,0.768,2.0,89.99,0.27858,-0.07095,-1.02248,0.00346,-0.81439
164.75,ETH-27SEP19,1556967547050,open,0.02,174.0,0.001904,0.027976,0.018115,86.34,0.021,0.0,ETH-27SEP19-400-C,162.21,85.21,0.017,90.0,0.02,60.0,88.15,0.16653,-0.04928,0.04611,0.00178,0.08814
164.75,ETH-27SEP19,1556967547050,open,1.91,0.0,1.91396,1.928354,1.927097,93.47,None,0.0,ETH-27SEP19-480-P,162.21,0.0,0.0,0.0,0.0,0.0,0.0,0.13204,-0.0423,-1.88452,0.0013,-0.93501
164.75,ETH-27SEP19,1556967547058,open,0.24,201.0,0.22667,0.301139,0.236934,64.9,0.216,0.0,ETH-27SEP19-140-C,162.21,62.07,0.231,18.0,0.241,18.0,66.83,0.34667,-0.07712,0.32227,0.00492,0.72638
163.73,ETH-28JUN19,1556967547065,open,0.05,643.0,0.039467,0.120675,0.049554,67.32,0.04,0.0,ETH-28JUN19-190-C,162.21,65.49,0.047,96.0,0.053,156.0,69.76,0.22995,-0.14104,0.06907,0.00848,0.33013
164.75,ETH-27SEP19,1556967547068,open,0.22,4500.0,0.207878,0.295846,0.22269,65.87,0.234,0.0,ETH-27SEP19-180-P,162.21,64.02,0.218,54.0,0.228,54.0,67.98,0.41551,-0.09382,-0.47699,0.00581,-0.50174
163.73,ETH-28JUN19,1556967547070,open,0.59,0.0,0.590538,0.630888,0.599236,79.46,None,0.0,ETH-28JUN19-260-P,162.21,0.0,0.0,0.0,0.0,0.0,0.0,0.10224,-0.07402,-0.37176,0.00319,-0.911
164.75,ETH-27SEP19,1556967547072,open,0.18,263.0,0.163104,0.247324,0.175011,64.9,0.146,0.0,ETH-27SEP19-160-C,162.21,62.84,0.17,54.0,0.18,114.0,66.95,0.39993,-0.08896,0.28569,0.00568,0.6089
164.75,ETH-27SEP19,1556967547072,open,0.08,5079.0,0.076443,0.150912,0.086655,64.88,0.081,0.0,ETH-27SEP19-140-P,162.21,62.66,0.082,72.0,0.089,72.0,65.99,0.34665,-0.07709,-0.2372,0.00493,-0.2736
163.73,ETH-28JUN19,1556967547074,open,0.95,0.0,0.954625,0.972267,0.959841,91.01,None,0.0,ETH-28JUN19-320-P,162.21,0.0,0.0,0.0,0.0,0.0,0.0,0.05746,-0.04765,-0.47197,0.00157,-0.9575
163.73,ETH-28JUN19,1556967547076,open,0.0,512.0,5e-06,0.005753,0.002975,104.35,0.007,0.0,ETH-28JUN19-400-C,162.21,99.01,0.002,130.0,0.004,220.0,108.83,0.03391,-0.03225,0.0048,0.00081,0.02247
163.73,ETH-28JUN19,1556967547090,open,1.43,0.0,1.443052,1.4488,1.446021,104.35,None,0.0,ETH-28JUN19-400-P,162.21,0.0,0.0,0.0,0.0,0.0,0.0,0.03391,-0.03225,-0.59658,0.00081,-0.97753
163.73,ETH-28JUN19,1556967547090,open,0.16,4551.0,0.154797,0.23897,0.163928,66.12,0.187,0.0,ETH-28JUN19-180-P,162.21,63.49,0.16,72.0,0.168,72.0,68.82,0.246,-0.14819,-0.18691,0.00923,-0.59537
162.21,index_price,1556967547099,open,0.33,0.0,0.321867,0.321959,0.321959,110.0,None,0,ETH-10MAY19-110-C,162.21,0.0,0.001,15.0,0.422,1.0,500.0,0.0014,-0.01313,0.01765,0.0003,0.99783
162.21,index_price,1556967547103,open,0.17,150.0,0.17241,0.199789,0.182432,77.56,0.148,0,ETH-17MAY19-190-P,162.21,60.79,0.176,30.0,0.181,30.0,74.28,0.07278,-0.2192,-0.05876,0.01011,-0.84441
5692.43,BTC-28JUN19,1556967547257,open,0.33,0.0,0.32239926,0.35375722,0.33624508,63.67,None,0.0,BTC-28JUN19-7500-P,5719.17,58.36,0.3315,2.0,0.3435,2.0,70.88,5.37508,-3.11826,-10.06476,0.00017,-0.83979
162.21,index_price,1556967547301,open,0.02,658.0,0.006761,0.036139,0.018208,72.23,0.018,0,ETH-10MAY19-170-C,162.21,69.56,0.017,120.0,0.022,320.0,80.47,0.07366,-0.45276,0.0079,0.02407,0.32061
162.21,index_price,1556967547367,open,0.0,3.0,0.0,0.000656,0.000656,110.0,0.001,0,ETH-10MAY19-120-P,162.21,0.0,0.0,0.0,0.002,250.0,131.38,0.00684,-0.06404,-0.00035,0.00147,-0.0129
162.21,index_price,1556967547419,open,0.0,0.0,0.0,9.2e-05,9.2e-05,110.0,None,0,ETH-10MAY19-110-P,162.21,0.0,0.0,0.0,0.001,100.0,146.17,0.0014,-0.01313,-6e-05,0.0003,-0.00217
162.21,index_price,1556967547559,open,0.01,1.0,0.001294,0.026756,0.007988,69.85,0.005,0,ETH-17MAY19-140-P,162.21,67.11,0.007,150.0,0.009,150.0,72.52,0.06001,-0.16278,-0.00718,0.00926,-0.11741
162.21,index_price,1556967547626,open,0.06,104.0,0.054786,0.084163,0.066233,72.23,0.048,0,ETH-10MAY19-170-P,162.21,62.73,0.062,90.0,0.068,90.0,76.1,0.07366,-0.45276,-0.01947,0.02407,-0.67939
162.21,index_price,1556967547665,open,0.23,0.0,0.233171,0.251527,0.239528,81.16,None,0,ETH-17MAY19-200-P,162.21,0.0,0.001,18.0,0.313,2.0,207.66,0.05237,-0.16504,-0.06537,0.00695,-0.9028
162.21,index_price,1556967547699,open,0.21,100.0,0.19857,0.201565,0.200089,96.37,0.188,0,ETH-10MAY19-130-C,162.21,0.0,0.001,25.0,0.272,2.0,338.67,0.01425,-0.11684,0.02009,0.00349,0.96937
162.21,index_price,1556967547748,open,0.0,398.0,5.2e-05,0.00969,0.003788,85.53,0.003,0,ETH-10MAY19-190-C,162.21,81.12,0.003,150.0,0.005,150.0,91.5,0.03069,-0.22337,0.002,0.00847,0.08032
162.21,index_price,1556967547812,open,0.1,20.0,0.083051,0.122405,0.096531,69.66,0.111,0,ETH-17MAY19-150-C,162.21,68.77,0.096,30.0,0.101,30.0,76.96,0.09752,-0.26379,0.03719,0.01508,0.74652
162.21,index_price,1556967547950,open,0.01,297.0,0.000811,0.019402,0.007782,77.74,0.009,0,ETH-10MAY19-180-C,162.21,75.13,0.007,120.0,0.009,45.0,81.63,0.04952,-0.32759,0.0039,0.01504,0.15729
5719.17,index_price,1556967547984,open,0.18,0.0,0.17023148,0.19065887,0.17459556,73.3,None,0,BTC-17MAY19-4750-C,5719.17,0.0,0.1685,3.0,0.1765,3.0,79.74,1.56886,-4.46537,1.50758,0.00019,0.92185
5719.17,index_price,1556967547998,open,0.09,5.0,0.09525153,0.11816113,0.09786175,60.97,0.113,0,BTC-10MAY19-6250-P,5719.17,51.22,0.0955,2.0,0.104,2.0,80.08,1.56564,-8.12287,-0.8876,0.00049,-0.86623
162.21,index_price,1556967548025,open,0.0,107.0,1e-06,0.002995,0.00152,96.37,0.003,0,ETH-10MAY19-130-P,162.21,0.0,0.0,0.0,0.003,200.0,110.04,0.01425,-0.11684,-0.00084,0.00349,-0.03063
162.21,index_price,1556967548083,open,0.02,102.0,0.007778,0.047132,0.021259,69.66,0.016,0,ETH-17MAY19-150-P,162.21,64.15,0.018,120.0,0.022,120.0,70.88,0.09752,-0.26379,-0.01572,0.01508,-0.25348
5719.17,index_price,1556967548109,open,0.03,14.3,0.02070412,0.06656319,0.02798778,60.66,0.0315,0,BTC-17MAY19-5500-P,5719.17,59.23,0.027,16.0,0.0305,16.0,64.28,3.95593,-9.31856,-0.75169,0.00057,-0.3446
5719.17,index_price,1556967548456,open,0.14,0.0,0.14050793,0.1757199,0.14486074,61.55,None,0,BTC-17MAY19-6500-P,5719.17,58.3,0.1435,2.0,0.152,2.0,76.22,2.47146,-5.90762,-2.01307,0.00035,-0.85295
5719.17,index_price,1556967548521,open,0.22,1.1,0.21317359,0.21588246,0.21416412,95.92,0.153,0,BTC-10MAY19-4500-C,5719.17,0.0,0.2095,3.0,0.217,3.0,123.74,0.36818,-3.00523,0.70403,7e-05,0.97886
162.21,index_price,1556967548588,open,0.04,133.0,0.027106,0.075082,0.044534,68.66,0.033,0,ETH-17MAY19-160-P,162.21,63.87,0.041,90.0,0.044,1.0,67.93,0.11978,-0.31935,-0.02728,0.0188,-0.43217
162.21,index_price,1556967548667,open,0.0,35.0,8.3e-05,0.009701,0.003452,82.17,0.004,0,ETH-10MAY19-140-P,162.21,72.65,0.002,150.0,0.005,150.0,90.33,0.02809,-0.19643,-0.00196,0.00807,-0.07152
5692.43,BTC-28JUN19,1556967548729,open,0.04,495.2,0.02396982,0.07283928,0.04369107,59.89,0.0425,0.0,BTC-28JUN19-6500-C,5719.17,59.04,0.0425,12.8,0.0465,10.0,61.9,7.93902,-4.33245,2.40324,0.00027,0.3245
162.21,index_price,1556967548843,open,0.04,3.0,0.015684,0.062393,0.032869,69.77,0.044,0,ETH-17MAY19-170-C,162.21,68.56,0.032,120.0,0.037,120.0,75.5,0.11645,-0.31553,0.02015,0.01798,0.38498
5692.43,BTC-28JUN19,1556967548848,open,0.0,780.7,0.0,8.9e-07,0.00024878,106.48,0.0005,0.0,BTC-28JUN19-20000-C,5719.17,0.0,0.0,0.0,0.0005,11.4,113.29,0.15739,-0.1527,0.01735,0.0,0.00228
5690.18,BTC-27SEP19,1556967548848,open,1.65,0.0,1.63783636,1.70514545,1.66007871,76.51,None,0.0,BTC-27DEC19-15000-P,5719.17,0.0,0.0005,10.0,0.0,0.0,0.0,8.2226,-1.328,-94.42557,5e-05,-0.89695
5690.18,BTC-27SEP19,1556967548850,open,1.14,0.1,1.11609242,1.21538254,1.14626077,71.5,0.001,0.0,BTC-27DEC19-12000-P,5719.17,0.0,0.002,1.0,0.0,0.0,0.0,11.00871,-1.66141,-73.46463,7e-05,-0.84315
5719.17,index_price,1556967548857,open,0.15,125.8,0.13649375,0.16730953,0.14605345,63.89,0.137,0,BTC-31MAY19-5000-C,5719.17,52.38,0.138,3.0,0.1465,3.0,64.48,4.27044,-5.07563,2.77754,0.00028,0.80562
5719.17,index_price,1556967548857,open,0.31,9.0,0.30074595,0.30705769,0.30460983,81.08,0.249,0,BTC-31MAY19-4000-C,5719.17,0.0,0.2975,3.0,0.3055,3.0,84.59,1.37425,-2.07293,2.75419,7e-05,0.95864
5690.18,BTC-27SEP19,1556967548857,open,0.04,62.6,0.00719604,0.10648616,0.03736418,71.5,0.0385,0.0,BTC-27DEC19-12000-C,5719.17,70.79,0.036,0.7,0.0385,9.6,72.08,11.00868,-1.6614,4.41229,7e-05,0.15685
5690.18,BTC-27SEP19,1556967548861,open,0.17,231.3,0.15063273,0.21344373,0.16683237,60.67,0.162,0.0,BTC-27SEP19-5500-C,5719.17,59.5,0.164,3.0,0.17,1.1,61.98,13.79772,-2.8693,10.0877,0.00018,0.61042
5690.18,BTC-27SEP19,1556967548861,open,0.37,0.0,0.35569941,0.38733813,0.36842971,65.66,None,0.0,BTC-27SEP19-3750-C,5719.17,0.0,0.032,0.1,0.0,0.0,0.0,6.88459,-1.54952,11.79874,8e-05,0.88725
5690.18,BTC-27SEP19,1556967548861,open,0.0,1670.3,1.87e-06,0.00032951,0.00150165,96.19,0.0015,0.0,BTC-27SEP19-1500-P,5719.17,91.08,0.001,40.0,0.002,5.0,100.24,0.63596,-0.20968,-0.17674,1e-05,-0.00627
5690.18,BTC-27SEP19,1556967548861,open,0.29,0.1,0.25123314,0.41063829,0.2906384,62.3,0.311,0.0,BTC-27DEC19-6500-P,5719.17,0.0,0.006,0.3,0.0,0.0,0.0,18.28547,-2.40449,-29.40581,0.00014,-0.50567
5719.17,index_price,1556967548866,open,0.01,187.7,0.00484943,0.02855321,0.01331916,67.17,0.012,0,BTC-31MAY19-4750-P,5719.17,66.62,0.013,5.0,0.0135,0.1,67.48,3.3444,-4.17946,-0.61844,0.00021,-0.13354
5692.43,BTC-28JUN19,1556967548870,open,0.0,344.9,3.91e-06,0.00068563,0.00125629,80.47,0.0015,0.0,BTC-28JUN19-12000-C,5719.17,72.5,0.0005,16.0,0.002,3.0,85.4,0.72569,-0.53205,0.09821,2e-05,0.01273
5719.17,index_price,1556967548870,open,0.01,27.7,0.00158975,0.02977055,0.0049305,63.74,0.0055,0,BTC-17MAY19-6750-C,5719.17,60.61,0.004,20.0,0.0055,20.0,65.52,1.78277,-4.41275,0.17704,0.00024,0.09268
5692.43,BTC-28JUN19,1556967548874,open,0.18,6.0,0.16583717,0.21470664,0.18555842,59.89,0.285,0.0,BTC-28JUN19-6500-P,5719.17,56.59,0.181,3.0,0.1895,1.5,62.7,7.93902,-4.33245,-7.36914,0.00027,-0.6755
5690.18,BTC-27SEP19,1556967548883,open,0.05,1003.0,0.0318834,0.0752305,0.04594066,62.97,0.0475,0.0,BTC-27SEP19-4250-P,5719.17,62.09,0.0445,9.6,0.047,5.0,63.62,9.29447,-2.00612,-5.03914,0.00011,-0.17564
5719.17,index_price,1556967548883,open,0.02,242.5,0.01339106,0.04940223,0.02079153,59.35,0.0195,0,BTC-31MAY19-6500-C,5719.17,55.96,0.018,19.8,0.021,13.8,59.6,4.79758,-5.29708,0.91284,0.00034,0.23756
5692.43,BTC-28JUN19,1556967548885,open,0.0,1413.3,0.0,7e-08,5.203e-05,110.0,0.0005,0.0,BTC-28JUN19-1500-P,5719.17,0.0,0.0,0.0,0.0005,61.1,136.59,0.03328,-0.03335,-0.00403,0.0,-0.00042
5692.43,BTC-28JUN19,1556967548899,open,0.35,30.0,0.34162369,0.35153964,0.34812861,72.56,0.298,0.0,BTC-28JUN19-3750-C,5719.17,49.11,0.342,3.0,0.3515,3.0,79.92,2.35457,-1.55667,5.13242,7e-05,0.94783
5692.43,BTC-28JUN19,1556967548899,open,0.0,137.0,6.4e-07,0.00028988,0.00099641,85.26,0.0015,0.0,BTC-28JUN19-13000-C,5719.17,79.12,0.0005,44.2,0.0015,0.1,89.52,0.57975,-0.4504,0.07564,1e-05,0.00983
5692.43,BTC-28JUN19,1556967548899,open,0.01,418.9,0.00029535,0.00442279,0.00524117,77.63,0.0055,0.0,BTC-28JUN19-3500-P,5719.17,75.26,0.0045,16.0,0.006,26.9,79.88,1.8506,-1.30903,-0.37584,5e-05,-0.03867
5692.43,BTC-28JUN19,1556967548899,open,0.31,322.3,0.29951031,0.31052438,0.30711022,69.09,0.3045,0.0,BTC-28JUN19-4000-C,5719.17,55.16,0.301,3.0,0.3105,3.0,74.96,3.073,-1.93457,5.30185,9e-05,0.92661
5719.17,index_price,1556967548899,open,0.02,205.3,0.01074648,0.04156226,0.02030618,63.89,0.0185,0,BTC-31MAY19-5000-P,5719.17,62.8,0.0195,10.0,0.021,0.1,64.81,4.27044,-5.07563,-0.90406,0.00028,-0.19438
5692.43,BTC-28JUN19,1556967548901,open,0.0,312.5,1e-07,0.00012316,0.00074704,88.8,0.001,0.0,BTC-28JUN19-14000-C,5719.17,85.17,0.0005,10.0,0.001,50.7,91.68,0.44689,-0.36156,0.05617,1e-05,0.00731
5719.17,index_price,1556967548901,open,0.27,9.8,0.25747492,0.26826233,0.26255033,75.13,0.212,0,BTC-31MAY19-4250-C,5719.17,0.0,0.255,3.0,0.2635,3.0,77.98,1.83879,-2.57028,2.85456,0.0001,0.94041
5690.18,BTC-27SEP19,1556967548914,open,0.02,662.2,0.00478643,0.03109421,0.02178623,73.08,0.0185,0.0,BTC-27SEP19-11000-C,5719.17,72.44,0.021,10.0,0.0225,12.0,73.66,7.02155,-1.75886,2.14049,7e-05,0.11591
5692.43,BTC-28JUN19,1556967548918,open,0.01,167.9,0.00292304,0.02472045,0.0145148,66.91,0.0135,0.0,BTC-28JUN19-4250-P,5719.17,66.17,0.014,0.2,0.015,26.0,67.59,4.00064,-2.43887,-1.01887,0.00012,-0.10454
5690.18,BTC-27SEP19,1556967548918,open,0.33,239.7,0.31923695,0.35685376,0.33238307,63.92,0.4165,0.0,BTC-27SEP19-4000-C,5719.17,0.0,0.297,1.0,0.415,1.5,114.18,8.05882,-1.76548,11.9681,0.0001,0.85865
5690.18,BTC-27SEP19,1556967548918,open,0.03,150.9,0.02220241,0.05981922,0.03534977,63.92,0.0335,0.0,BTC-27SEP19-4000-P,5719.17,63.31,0.0345,12.0,0.0365,5.0,64.72,8.0589,-1.76552,-4.01835,0.0001,-0.14135
5692.43,BTC-28JUN19,1556967548918,open,0.39,143.4,0.3854437,0.38957114,0.39038951,77.63,0.36,0.0,BTC-28JUN19-3500-C,5719.17,0.0,0.3845,3.0,0.3935,3.0,86.05,1.8506,-1.30903,4.88621,5e-05,0.96133
5719.17,index_price,1556967548918,open,0.15,2.0,0.14991961,0.18593078,0.15732008,59.35,0.22,0,BTC-31MAY19-6500-P,5719.17,58.97,0.157,2.0,0.166,2.0,69.24,4.79758,-5.29708,-3.87324,0.00034,-0.76244
5719.17,index_price,1556967548918,open,0.05,54.9,0.04030839,0.08895468,0.04761519,59.75,0.052,0,BTC-17MAY19-5750-P,5719.17,58.26,0.0465,12.0,0.0495,0.7,62.27,4.28516,-9.94301,-1.0982,0.00062,-0.49673
5692.43,BTC-28JUN19,1556967548925,open,0.11,194.7,0.08656777,0.13881202,0.10771299,59.19,0.109,0.0,BTC-28JUN19-5500-C,5719.17,57.7,0.1055,0.9,0.11,5.0,60.72,8.50254,-4.58521,4.25025,0.00029,0.60434
5692.43,BTC-28JUN19,1556967548925,open,1.63,2.0,1.63507853,1.63513124,1.63558111,90.78,2.658,0.0,BTC-28JUN19-15000-P,5719.17,0.0,0.0005,0.2,0.0,0.0,0.0,0.31846,-0.26341,-22.51327,1e-05,-0.99501
5692.43,BTC-28JUN19,1556967548929,open,0.02,182.7,0.00939628,0.0304377,0.01985828,63.6,0.018,0.0,BTC-28JUN19-4500-P,5719.17,62.01,0.0185,16.0,0.021,16.0,64.9,4.93285,-2.85842,-1.37535,0.00016,-0.14085
5690.18,BTC-27SEP19,1556967548929,open,0.02,333.6,0.00922281,0.03487657,0.02078323,67.35,0.019,0.0,BTC-27SEP19-3500-P,5719.17,66.06,0.0195,12.0,0.0225,18.0,69.02,5.73581,-1.32404,-2.46973,7e-05,-0.08782
5690.18,BTC-27SEP19,1556967548929,open,0.78,2.0,0.7666158,0.80115527,0.78565849,70.35,1.8325,0.0,BTC-27SEP19-10000-P,5719.17,0.0,0.008,0.2,0.0,0.0,0.0,8.30841,-2.00329,-37.24498,9e-05,-0.85211
5690.18,BTC-27SEP19,1556967548934,open,0.46,2.5,0.43947257,0.49391871,0.46747206,68.14,1.278,0.0,BTC-27SEP19-8000-P,5719.17,59.87,0.4505,1.5,0.499,1.5,82.19,12.16046,-2.84006,-26.94875,0.00014,-0.71754
5690.18,BTC-27SEP19,1556967548942,open,1.31,0.0,1.28906805,1.37636558,1.31589111,72.99,None,0.0,BTC-27DEC19-13000-P,5719.17,0.0,0.0005,0.2,0.0,0.0,0.0,9.8643,-1.51978,-80.5998,6e-05,-0.86674
5690.18,BTC-27SEP19,1556967548950,open,0.18,92.0,0.13813209,0.29485394,0.17690761,62.14,0.1835,0.0,BTC-27DEC19-6000-C,5719.17,60.75,0.1725,7.2,0.1765,10.0,62.01,18.0977,-2.37374,14.05073,0.00014,0.5574
5719.17,index_price,1556967548959,open,0.06,200.1,0.05157842,0.09477704,0.06078482,58.51,0.058,0,BTC-31MAY19-5750-C,5719.17,54.55,0.0565,9.6,0.061,9.6,58.71,6.18481,-6.7324,1.92605,0.00044,0.51815
5690.18,BTC-27SEP19,1556967548965,open,0.65,28.2,0.64857833,0.6505853,0.65176648,85.96,0.608,0.0,BTC-27SEP19-2000-C,5719.17,0.0,0.001,0.3,0.666,1.0,121.9,1.28776,-0.3794,7.59976,1e-05,0.98595
5719.17,index_price,1556967548972,open,0.09,16.0,0.08338196,0.12602672,0.09247579,58.67,0.0845,0,BTC-31MAY19-6000-P,5719.17,57.75,0.0915,9.6,0.0965,9.6,62.47,6.04122,-6.59437,-2.86406,0.00043,-0.58764
5690.18,BTC-27SEP19,1556967548972,open,0.27,52.1,0.2181224,0.35814293,0.25374562,62.64,0.2115,0.0,BTC-27DEC19-5000-C,5719.17,56.0,0.235,5.0,0.2665,5.0,67.16,16.06906,-2.12479,16.27485,0.00012,0.69447
5690.18,BTC-27SEP19,1556967548978,open,0.09,984.4,0.06266238,0.12546716,0.09361567,67.07,0.0835,0.0,BTC-27SEP19-7000-C,5719.17,62.88,0.0835,9.6,0.0855,9.6,63.71,13.81238,-3.17529,6.76398,0.00016,0.39105
5690.18,BTC-27SEP19,1556967548986,open,0.14,124.9,0.09682923,0.23684976,0.13245399,62.64,0.1345,0.0,BTC-27DEC19-5000-P,5719.17,61.42,0.129,9.6,0.135,5.0,63.55,16.06906,-2.12481,-16.17393,0.00012,-0.30553
5692.43,BTC-28JUN19,1556967548991,open,0.0,515.7,0.0,6.76e-06,0.0005756,110.0,0.001,0.0,BTC-28JUN19-2000-P,5719.17,108.21,0.0005,10.0,0.001,14.0,117.81,0.25218,-0.25275,-0.0378,0.0,-0.00384
5690.18,BTC-27SEP19,1556967548991,open,0.03,705.6,0.00920215,0.04374162,0.02824484,70.35,0.029,0.0,BTC-27SEP19-10000-C,5719.17,69.83,0.0275,10.0,0.029,12.0,70.86,8.30841,-2.00329,2.72096,9e-05,0.14789
5690.18,BTC-27SEP19,1556967548994,open,0.45,0.0,0.43422675,0.4541487,0.44362452,68.39,None,0.0,BTC-27SEP19-3250-C,5719.17,0.0,0.003,0.2,0.0,0.0,0.0,4.57871,-1.07337,11.16718,5e-05,0.93468
5719.17,index_price,1556967548994,open,0.0,85.3,2.817e-05,0.0033559,0.00250536,85.28,0.0025,0,BTC-31MAY19-3750-P,5719.17,82.01,0.002,16.0,0.003,16.9,88.12,0.94374,-1.49731,-0.12094,5e-05,-0.02621
5719.17,index_price,1556967549002,open,0.14,0.0,0.12875091,0.15849545,0.13474438,68.03,None,0,BTC-17MAY19-5000-C,5719.17,48.98,0.1285,3.0,0.1365,3.0,72.25,2.29973,-6.07504,1.47878,0.00029,0.86773
5719.17,index_price,1556967549006,open,0.19,0.0,0.18814125,0.21938035,0.19400048,59.35,0.2015,0,BTC-31MAY19-6750-P,5719.17,60.07,0.1945,2.0,0.204,2.0,72.5,3.9483,-4.35939,-4.30618,0.00028,-0.82857
5690.18,BTC-27SEP19,1556967549006,open,0.07,87.4,0.03506481,0.14138029,0.06276367,64.21,0.0655,0.0,BTC-27DEC19-4000-P,5719.17,63.11,0.0605,9.6,0.0645,14.6,65.05,11.75667,-1.59348,-8.72885,9e-05,-0.17361
5690.18,BTC-27SEP19,1556967549015,open,0.01,160.2,0.00199273,0.04059044,0.01338719,72.32,0.0135,0.0,BTC-27DEC19-2500-P,5719.17,70.43,0.012,14.1,0.015,17.1,74.4,4.28876,-0.65465,-2.12946,3e-05,-0.04428
5719.17,index_price,1556967549022,open,0.0,108.6,1.05e-06,0.00270992,0.00099158,95.92,0.0015,0,BTC-10MAY19-4500-P,5719.17,86.58,0.0005,7.3,0.0015,23.0,102.83,0.36818,-3.00523,-0.02037,7e-05,-0.02114
5690.18,BTC-27SEP19,1556967549024,open,0.07,84.6,0.03178197,0.17211023,0.06733483,64.85,0.072,0.0,BTC-27DEC19-9000-C,5719.17,64.91,0.0675,0.1,0.0725,10.0,66.78,15.12367,-2.07029,7.44079,0.00011,0.26883
5690.18,BTC-27SEP19,1556967549024,open,0.09,54.8,0.05227637,0.20448283,0.09076772,63.72,0.098,0.0,BTC-27DEC19-8000-C,5719.17,63.12,0.089,19.6,0.0955,19.6,65.31,16.83356,-2.26421,9.27732,0.00013,0.342
5690.18,BTC-27SEP19,1556967549035,open,0.74,42.8,0.73638982,0.73671746,0.7378896,96.19,0.6235,0.0,BTC-27SEP19-1500-C,5719.17,0.0,0.1,0.1,0.8,1.0,232.68,0.63596,-0.20968,5.81815,1e-05,0.99373
5719.17,index_price,1556967549035,open,0.0,192.7,0.00014814,0.00645987,0.00401202,81.08,0.0035,0,BTC-31MAY19-4000-P,5719.17,78.87,0.0035,48.8,0.0045,16.9,83.05,1.37425,-2.07293,-0.19109,7e-05,-0.04136
5690.18,BTC-27SEP19,1556967549035,open,0.04,80.1,0.01724978,0.10148865,0.03963547,65.81,0.039,0.0,BTC-27DEC19-3500-P,5719.17,64.47,0.0375,12.0,0.0415,17.0,66.97,9.09728,-1.26378,-5.84544,7e-05,-0.11866
5690.18,BTC-27SEP19,1556967549035,open,0.23,11.2,0.19258028,0.34930213,0.23135653,62.14,0.2565,0.0,BTC-27DEC19-6000-P,5719.17,61.4,0.229,7.2,0.235,5.0,63.28,18.0977,-2.37375,-24.88775,0.00014,-0.4426
5690.18,BTC-27SEP19,1556967549049,open,1.48,0.0,1.46312585,1.53977297,1.48755865,74.81,None,0.0,BTC-27DEC19-14000-P,5719.17,0.0,0.0005,0.2,0.0,0.0,0.0,8.97975,-1.41791,-87.55807,6e-05,-0.8835
5692.43,BTC-28JUN19,1556967549051,open,0.03,152.6,0.0123325,0.04877689,0.02746143,60.97,0.03,0.0,BTC-28JUN19-4750-P,5719.17,60.05,0.0265,12.8,0.028,1.0,61.49,5.95865,-3.31035,-1.84748,0.0002,-0.18841
5690.18,BTC-27SEP19,1556967549051,open,0.06,937.4,0.03354165,0.08798779,0.06153906,68.14,0.054,0.0,BTC-27SEP19-8000-C,5719.17,63.82,0.0525,26.0,0.0565,9.6,65.75,12.16036,-2.84,5.02394,0.00014,0.28246
5692.43,BTC-28JUN19,1556967549051,open,0.01,565.9,0.00073845,0.00893803,0.00645192,70.14,0.0055,0.0,BTC-28JUN19-9000-C,5719.17,68.01,0.0055,16.0,0.0075,23.0,72.3,2.65563,-1.69721,0.46486,8e-05,0.06077
5690.18,BTC-27SEP19,1556967549051,open,0.06,51.3,0.04394851,0.09257418,0.0590607,62.41,0.0595,0.0,BTC-27SEP19-4500-P,5719.17,61.56,0.0575,9.6,0.061,2.0,63.46,10.48698,-2.2432,-6.21345,0.00013,-0.21416
5692.43,BTC-28JUN19,1556967549051,open,0.16,839.7,0.14892039,0.17992677,0.16094904,60.05,0.151,0.0,BTC-28JUN19-5000-C,5719.17,54.75,0.1545,5.0,0.1635,8.0,62.11,7.01892,-3.84049,5.03839,0.00024,0.74967
5690.18,BTC-27SEP19,1556967549051,open,0.0,121.5,2.488e-05,0.0079396,0.00350178,85.92,0.0045,0.0,BTC-27DEC19-1500-P,5719.17,78.66,0.002,12.0,0.005,12.0,91.44,1.38333,-0.25088,-0.55523,1e-05,-0.01153
5719.17,index_price,1556967549056,open,0.01,434.6,0.00186255,0.01859886,0.00907604,71.8,0.0085,0,BTC-31MAY19-4500-P,5719.17,70.5,0.0085,4.5,0.0095,16.4,72.74,2.56375,-3.42476,-0.42609,0.00015,-0.09211
5690.18,BTC-27SEP19,1556967549058,open,0.57,57.5,0.56123818,0.56779784,0.56672212,77.4,0.389,0.0,BTC-27SEP19-2500-C,5719.17,0.0,0.001,0.4,0.5865,1.0,110.16,2.24785,-0.59632,9.23746,2e-05,0.97292
5690.18,BTC-27SEP19,1556967549058,open,0.49,227.1,0.47566555,0.49036227,0.48398652,71.2,0.456,0.0,BTC-27SEP19-3000-C,5719.17,0.0,0.0155,0.1,0.5225,2.0,112.35,3.69613,-0.90206,10.60312,4e-05,0.95024
5690.19,BTC-27SEP19,1556967549068,open,0.01,317.3,0.00059159,0.00715119,0.00607553,77.4,0.0085,0.0,BTC-27SEP19-2500-P,5719.17,74.53,0.005,22.0,0.007,5.0,79.65,2.24785,-0.59632,-0.75403,2e-05,-0.02708
5692.43,BTC-28JUN19,1556967549068,open,0.0,405.2,2e-08,5.272e-05,0.00049797,90.7,0.001,0.0,BTC-28JUN19-15000-C,5719.17,0.0,0.0,0.0,0.001,0.1,97.55,0.31626,-0.26135,0.03809,1e-05,0.00495
5719.17,index_price,1556967549068,open,0.12,135.0,0.10285408,0.13985212,0.11124541,59.59,0.1045,0,BTC-31MAY19-5250-C,5719.17,55.37,0.1075,3.2,0.1125,3.2,60.98,5.13943,-5.69731,2.60207,0.00036,0.72915
5690.19,BTC-27SEP19,1556967549068,open,0.05,254.8,0.01175999,0.12425775,0.04430503,69.38,0.0445,0.0,BTC-27DEC19-11000-C,5719.17,68.29,0.042,19.6,0.0465,9.6,70.39,12.19858,-1.78646,5.16206,8e-05,0.18409
5690.19,BTC-27SEP19,1556967549068,open,0.03,20.7,0.00274677,0.07939414,0.02717522,74.8,0.022,0.0,BTC-27DEC19-14000-C,5719.17,73.72,0.0255,12.0,0.029,12.0,75.94,8.97907,-1.41775,3.29805,6e-05,0.11649
5690.19,BTC-27SEP19,1556967549071,open,0.03,41.6,0.00443036,0.09172815,0.03124953,72.99,0.035,0.0,BTC-27DEC19-13000-C,5719.17,71.96,0.0295,12.0,0.033,12.0,73.98,9.86375,-1.51964,3.76662,6e-05,0.13325
5692.43,BTC-28JUN19,1556967549083,open,0.0,323.7,2.345e-05,0.00162383,0.00248272,79.53,0.002,0.0,BTC-28JUN19-11000-C,5719.17,74.22,0.0015,16.0,0.0035,16.0,83.71,1.23476,-0.89471,0.18184,3e-05,0.02373
5719.17,index_price,1556967549086,open,0.01,98.9,0.00449813,0.03079676,0.00973955,60.86,0.01,0,BTC-31MAY19-7000-C,5719.17,59.53,0.009,0.4,0.0105,25.0,62.19,3.22865,-3.65565,0.49343,0.00022,0.12691
5692.43,BTC-28JUN19,1556967549092,open,0.93,5.7,0.93241436,0.93401474,0.93487363,79.53,1.142,0.0,BTC-28JUN19-11000-P,5719.17,0.0,0.9285,1.5,0.9425,1.5,100.73,1.23476,-0.89471,-16.35604,3e-05,-0.97627
5692.43,BTC-28JUN19,1556967549092,open,0.0,90.1,2.326e-05,0.0032584,0.00374352,82.06,0.004,0.0,BTC-28JUN19-3250-P,5719.17,78.83,0.003,16.0,0.0045,26.9,84.99,1.39251,-1.0412,-0.26648,3e-05,-0.02739
5690.19,BTC-27SEP19,1556967549094,open,0.02,94.8,0.00686892,0.06768697,0.0235353,68.29,0.0235,0.0,BTC-27DEC19-3000-P,5719.17,66.93,0.022,12.0,0.025,5.1,69.56,6.497,-0.93652,-3.64327,5e-05,-0.07512
