underlying_price,underlying_index,timestamp,state,settlement_price,open_interest,min_price,max_price,mark_price,mark_iv,last_price,interest_rate,instrument_name,index_price,bid_iv,best_bid_price,best_bid_amount,best_ask_price,best_ask_amount,ask_iv,vega,theta,rho,gamma,delta
210.32,SYN.ETH-16AUG19,1565693940010,open,0.03,470.0,0.005,0.057,0.02976,81.99,0.026,0.0,ETH-16AUG19-210-C,210.14,71.35,0.026,150.0,0.032,200.0,88.32,0.07435,-1.0599,0.00817,0.02602,0.52274
210.74,SYN.ETH-23AUG19,1565693940047,open,0.01,70.0,0.001,0.027,0.010311,90.8,0.011,0.0,ETH-23AUG19-180-P,210.14,86.92,0.009,250.0,0.012,252.0,95.54,0.073,-0.33557,-0.00795,0.00669,-0.12914
210.32,SYN.ETH-16AUG19,1565693940094,open,0.03,435.0,0.005,0.057,0.028259,81.99,0.03,0.0,ETH-16AUG19-210-P,210.14,75.59,0.026,1.0,0.031,350.0,89.74,0.07435,-1.0599,-0.00838,0.02602,-0.47726
210.32,SYN.ETH-16AUG19,1565693940152,open,0.0,39.0,0.001,0.011,4e-06,120.03,0.001,0.0,ETH-16AUG19-310-C,210.14,0.0,0.0,0.0,0.001,200.0,197.53,0.00012,-0.0009,0.0,3e-05,0.00017
210.32,SYN.ETH-16AUG19,1565693940189,open,0.01,1072.0,0.001,0.033,0.012218,82.13,0.012,0.0,ETH-16AUG19-220-C,210.14,74.57,0.01,200.0,0.014,200.0,88.02,0.06291,-0.89835,0.00445,0.02198,0.2806
210.74,SYN.ETH-23AUG19,1565693940189,open,0.34,0.0,0.316,0.357,0.336606,116.64,None,0.0,ETH-23AUG19-140-C,210.14,0.0,0.0,0.0,0.0,0.0,0.0,0.01157,-0.0683,0.03709,0.00083,0.98705
210.32,SYN.ETH-16AUG19,1565693940305,open,0.48,0.0,0.432,0.52,0.47398,120.01,None,0.0,ETH-16AUG19-310-P,210.14,0.0,0.0,0.0,0.0,0.0,0.0,0.00012,-0.00248,-0.02442,3e-05,-0.99983
210.74,SYN.ETH-23AUG19,1565693940359,open,0.09,89.0,0.051,0.118,0.086541,90.01,0.093,0.0,ETH-23AUG19-200-C,210.14,85.75,0.084,150.0,0.089,200.0,94.1,0.12622,-0.57518,0.03301,0.01167,0.66547
210.74,SYN.ETH-23AUG19,1565693940379,open,0.0,0.0,0.001,0.011,0.000923,116.64,None,0.0,ETH-23AUG19-140-P,210.14,0.0,0.0,0.0,0.002,504.0,131.65,0.01157,-0.0683,-0.00079,0.00083,-0.01295
11691.87,BTC-27DEC19,1565693940444,open,0.04,244.8,0.0185,0.0655,0.04022557,90.93,0.0365,0.0,BTC-27DEC19-7000-P,11222.32,88.59,0.0375,4.1,0.0385,0.1,89.45,13.81868,-4.62385,-6.74233,3e-05,-0.11468
210.32,SYN.ETH-16AUG19,1565693940462,open,0.0,1172.0,0.001,0.018,0.004152,82.76,0.004,0.0,ETH-16AUG19-230-C,210.14,68.6,0.002,450.0,0.005,10.0,87.39,0.03707,-0.53347,0.0019,0.01285,0.11877
11270.3,SYN.BTC-23AUG19,1565693940496,open,0.01,91.9,0.0025,0.031,0.01337531,82.76,0.013,0.0,BTC-23AUG19-10000-P,11222.32,79.43,0.012,9.7,0.014,24.0,84.24,4.72535,-19.79931,-0.56509,0.00017,-0.17194
11236.29,SYN.BTC-16AUG19,1565693940498,open,0.15,0.3,0.1345,0.186,0.15859329,95.97,0.115,0.0,BTC-16AUG19-13000-P,11222.32,0.0,0.0,0.0,0.0,0.0,0.0,0.98832,-16.49171,-0.98356,0.0001,-0.95244
11440.29,BTC-27SEP19,1565693940538,open,0.59,13.5,0.576,0.596,0.5859878,113.29,0.382,0.0,BTC-27SEP19-4750-C,11222.32,0.0,0.5285,8.0,0.644,8.0,279.34,0.87402,-1.10324,5.71153,0.0,0.99205
11440.29,BTC-27SEP19,1565693940538,open,0.68,0.0,0.6625,0.682,0.67241294,115.48,None,0.0,BTC-27SEP19-3750-C,11222.32,0.0,0.6115,8.0,0.7115,8.0,296.01,0.20209,-0.26003,4.58583,0.0,0.99845
11440.29,BTC-27SEP19,1565693940543,open,1.77,0.0,1.7425,1.8575,1.79807963,112.76,None,0.0,BTC-27SEP19-32000-P,11222.32,0.0,0.0,0.0,0.0,0.0,0.0,0.89016,-1.11838,-39.2423,0.0,-0.99189
11440.29,BTC-27SEP19,1565693940550,open,0.0,434.7,0.0005,0.011,0.00146262,105.5,0.0015,0.0,BTC-27SEP19-28000-C,11222.32,100.93,0.001,1.0,0.002,28.0,109.67,1.31755,-1.54868,0.15831,1e-05,0.01272
11304.31,SYN.BTC-30AUG19,1565693940552,open,0.17,17.3,0.1435,0.216,0.17960322,91.59,0.14,0.0,BTC-30AUG19-13000-P,11222.32,66.82,0.1635,7.4,0.187,7.4,101.73,8.04463,-21.82955,-4.75136,0.00015,-0.72948
11304.31,SYN.BTC-30AUG19,1565693940566,open,0.32,0.0,0.3035,0.373,0.3365525,96.91,None,0.0,BTC-30AUG19-15000-P,11222.32,0.0,0.0,0.0,0.0,0.0,0.0,4.42188,-12.69715,-6.43639,8e-05,-0.89493
210.74,SYN.ETH-23AUG19,1565693940582,open,0.06,8.0,0.028,0.09,0.060079,89.08,0.066,0.0,ETH-23AUG19-210-C,210.14,85.9,0.058,150.0,0.063,200.0,93.55,0.13764,-0.62075,0.0273,0.01286,0.53878
11691.81,BTC-27DEC19,1565693940585,open,1.24,0.0,1.1945,1.3315,1.25974202,97.7,None,0.0,BTC-27DEC19-26000-P,11222.32,0.0,0.004,10.0,2.0385,0.2,500.0,16.52568,-5.94147,-91.88751,3e-05,-0.85144
11440.29,BTC-27SEP19,1565693940587,open,0.58,1.0,0.549,0.638,0.59140806,97.12,0.575,0.0,BTC-27SEP19-18000-P,11222.32,0.0,0.56,3.0,0.639,3.0,146.59,8.16005,-8.83007,-20.65538,5e-05,-0.8771
11304.31,SYN.BTC-30AUG19,1565693940616,open,0.11,69.5,0.077,0.147,0.11244655,88.19,0.108,0.0,BTC-30AUG19-12000-P,11222.32,84.06,0.109,4.5,0.1135,18.0,89.44,9.46485,-24.72974,-3.65632,0.00018,-0.58712
11691.81,BTC-27DEC19,1565693940625,open,0.01,92.1,0.005,0.0295,0.01485754,90.95,0.014,0.0,BTC-27DEC19-5500-P,11222.16,90.39,0.0145,3.8,0.015,1.0,91.17,7.45891,-2.49633,-2.86068,2e-05,-0.05087
11440.29,BTC-27SEP19,1565693940625,open,0.63,9.2,0.6195,0.639,0.62907301,115.29,0.574,0.0,BTC-27SEP19-4250-C,11222.16,0.0,0.57,8.0,0.682,8.0,297.33,0.47576,-0.61114,5.16094,0.0,0.996
11691.81,BTC-27DEC19,1565693940625,open,2.07,1.3,2.0225,2.1725,2.09271243,100.56,2.2,0.0,BTC-27DEC19-36000-P,11222.16,0.0,0.0005,1.0,0.0,0.0,0.0,8.8786,-3.28532,-131.84548,2e-05,-0.93653
11440.29,BTC-27SEP19,1565693940625,open,0.78,55.9,0.7715,0.791,0.78148134,120.17,0.689,0.0,BTC-27SEP19-2500-C,11222.16,0.0,0.7155,8.0,0.848,8.0,490.32,0.01086,-0.01453,3.07264,0.0,0.99993
11691.81,BTC-27DEC19,1565693940625,open,0.01,385.4,0.003,0.034,0.01362907,100.55,0.016,0.0,BTC-27DEC19-36000-C,11222.16,98.32,0.012,16.0,0.015,11.0,102.3,8.87672,-3.28442,2.16837,2e-05,0.06345
11440.29,BTC-27SEP19,1565693940625,open,0.0,373.8,0.0005,0.0105,0.00088258,115.14,0.001,0.0,BTC-27SEP19-4500-P,11222.16,107.41,0.0005,7.0,0.0015,4.1,123.73,0.68062,-0.87315,-0.09661,0.0,-0.00599
11440.29,BTC-27SEP19,1565693940625,open,0.01,661.1,0.0005,0.026,0.01033252,99.02,0.0105,0.0,BTC-27SEP19-20000-C,11222.16,98.35,0.01,2.0,0.011,26.0,100.33,5.71317,-6.30301,0.91807,4e-05,0.0756
11691.81,BTC-27DEC19,1565693940625,open,0.41,91.7,0.377,0.443,0.41071091,90.93,0.449,0.0,BTC-27DEC19-7500-C,11222.16,30.95,0.359,10.0,0.435,10.0,108.01,15.92266,-5.32756,19.52949,3e-05,0.85942
11440.29,BTC-27SEP19,1565693940625,open,0.91,0.2,0.8865,0.976,0.92855522,99.13,1.391,0.0,BTC-27SEP19-22000-P,11222.16,0.0,0.004,10.0,0.0,0.0,0.0,3.72444,-4.11344,-26.5092,2e-05,-0.95614
11270.3,SYN.BTC-23AUG19,1565693940625,open,0.24,0.0,0.219,0.279,0.2473772,89.8,None,0.0,BTC-23AUG19-14000-P,11222.16,0.0,0.0,0.0,0.0,0.0,0.0,2.79732,-12.71813,-3.55491,9e-05,-0.91841
11440.29,BTC-27SEP19,1565693940626,open,0.32,884.7,0.2945,0.342,0.31786077,90.56,0.36,0.0,BTC-27SEP19-8000-C,11222.16,0.0,0.2725,4.0,0.3405,4.0,122.01,7.00659,-7.06969,8.19719,5e-05,0.90065
11691.81,BTC-27DEC19,1565693940626,open,0.0,175.8,0.0005,0.0105,0.00011977,115.17,0.0005,0.0,BTC-27DEC19-1500-P,11222.16,0.0,0.0,0.0,0.001,20.2,144.87,0.13407,-0.05682,-0.02833,0.0,-0.00053
11440.29,BTC-27SEP19,1565693940625,open,0.0,405.8,0.0005,0.0105,3.64e-06,115.17,0.0005,0.0,BTC-27SEP19-2500-P,11222.16,0.0,0.0,0.0,0.0005,12.0,171.67,0.0061,-0.00783,-0.00056,0.0,-4e-05
11691.81,BTC-27DEC19,1565693940625,open,0.83,0.0,0.8195,0.839,0.82947224,115.18,None,0.0,BTC-27DEC19-2000-C,11222.16,0.0,0.7615,10.0,0.898,10.0,340.96,0.4711,-0.19968,7.33103,0.0,0.99791
11691.81,BTC-27DEC19,1565693940626,open,0.77,5.7,0.716,0.8505,0.78193946,95.33,0.661,0.0,BTC-27DEC19-20000-P,11222.16,0.0,0.004,5.0,1.466,1.0,430.15,23.30355,-8.17447,-66.08354,5e-05,-0.73638
11270.3,SYN.BTC-23AUG19,1565693940625,open,0.02,55.4,0.002,0.0315,0.01309905,87.6,0.0145,0.0,BTC-23AUG19-13000-C,11222.16,83.8,0.0115,36.4,0.0145,24.0,90.8,4.84923,-21.50788,0.50621,0.00016,0.1791
11691.81,BTC-27DEC19,1565693940627,open,0.0,208.8,0.0005,0.011,0.00130985,112.72,0.0015,0.0,BTC-27DEC19-2500-P,11222.16,100.04,0.0005,15.8,0.002,18.0,119.68,1.00248,-0.41582,-0.26777,0.0,-0.00484
11440.29,BTC-27SEP19,1565693940627,open,0.34,29.7,0.3095,0.4005,0.35447021,94.02,0.335,0.0,BTC-27SEP19-15000-P,11222.16,0.0,0.3075,3.0,0.3895,3.0,122.84,12.89749,-13.51131,-15.45582,9e-05,-0.74438
11304.31,SYN.BTC-30AUG19,1565693940625,open,0.06,138.0,0.0315,0.091,0.06085136,87.02,0.06,0.0,BTC-30AUG19-11000-P,11222.16,83.6,0.058,4.0,0.061,24.0,87.2,9.42309,-24.29445,-2.43686,0.00018,-0.4054
11691.81,BTC-27DEC19,1565693940626,open,0.71,4.0,0.6935,0.713,0.70328508,98.47,0.64,0.0,BTC-27DEC19-3500-C,11222.16,0.0,0.641,10.0,0.7665,10.0,221.89,1.98416,-0.71897,12.4572,0.0,0.9895
11304.31,SYN.BTC-30AUG19,1565693940625,open,0.0,598.0,0.0005,0.0105,0.00029934,115.15,0.0005,0.0,BTC-30AUG19-6000-P,11222.16,0.0,0.0,0.0,0.001,16.0,133.6,0.26576,-0.90666,-0.02068,0.0,-0.00366
11440.29,BTC-27SEP19,1565693940627,open,0.03,421.3,0.011,0.058,0.03169607,94.59,0.0335,0.0,BTC-27SEP19-16000-C,11222.16,92.84,0.03,19.3,0.0335,41.5,96.41,11.19297,-11.79621,2.35172,7e-05,0.19889
11691.81,BTC-27DEC19,1565693940628,open,0.0,160.5,0.0005,0.0125,0.00263839,98.46,0.004,0.0,BTC-27DEC19-3500-P,11222.16,94.37,0.002,4.9,0.0035,16.0,103.1,1.98345,-0.71865,-0.57172,0.0,-0.0105
11270.3,SYN.BTC-23AUG19,1565693940625,open,0.05,23.9,0.0195,0.071,0.04523116,82.76,0.048,0.0,BTC-23AUG19-11500-C,11222.16,80.12,0.0435,30.5,0.0485,12.4,87.76,7.37205,-30.89069,1.28937,0.00026,0.46806
11691.81,BTC-27DEC19,1565693940628,open,0.66,27.7,0.652,0.674,0.66224022,95.95,0.6705,0.0,BTC-27DEC19-4000-C,11222.16,0.0,0.602,10.0,0.6865,10.0,148.38,2.97674,-1.05101,13.96965,1e-05,0.9832
11440.29,BTC-27SEP19,1565693940628,open,0.03,317.4,0.015,0.0595,0.03534838,89.5,0.0335,0.0,BTC-27SEP19-9000-P,11222.16,86.91,0.033,29.5,0.0355,1.0,89.66,10.4675,-10.43797,-3.00668,7e-05,-0.17841
11440.29,BTC-27SEP19,1565693940628,open,0.0,144.4,0.0005,0.012,0.00211437,102.91,0.006,0.0,BTC-27SEP19-26000-C,11222.16,98.5,0.0015,20.0,0.0025,2.0,105.25,1.78448,-2.04619,0.2249,1e-05,0.0181
11440.29,BTC-27SEP19,1565693940628,open,0.72,0.0,0.706,0.7255,0.71597229,115.64,None,0.0,BTC-27SEP19-3250-C,11222.16,0.0,0.653,8.0,0.78,8.0,397.62,0.06767,-0.08719,3.98835,0.0,0.99953
11304.31,SYN.BTC-30AUG19,1565693940625,open,0.03,280.3,0.0095,0.054,0.02961222,91.6,0.0315,0.0,BTC-30AUG19-13000-C,11222.16,89.33,0.028,4.7,0.0315,24.0,94.24,8.04543,-21.83611,1.25937,0.00015,0.27057
11304.31,SYN.BTC-30AUG19,1565693940626,open,0.06,344.9,0.0235,0.079,0.05091639,88.2,0.0515,0.0,BTC-30AUG19-12000-C,11222.16,86.51,0.0495,31.0,0.0525,4.9,90.09,9.46499,-24.73415,1.89193,0.00018,0.4129
11440.29,BTC-27SEP19,1565693940628,open,1.43,0.0,1.4,1.5025,1.44892941,105.29,None,0.0,BTC-27SEP19-28000-P,11222.16,0.0,0.0,0.0,0.0,0.0,0.0,1.30261,-1.52812,-34.26889,1e-05,-0.98745
11691.81,BTC-27DEC19,1565693940628,open,0.55,59.3,0.526,0.564,0.54444519,90.95,0.51,0.0,BTC-27DEC19-5500-C,11222.16,0.0,0.4895,10.0,0.601,10.0,153.21,7.45946,-2.49661,17.61343,2e-05,0.94913
11236.29,SYN.BTC-16AUG19,1565693940625,open,0.11,35.2,0.091,0.144,0.11624886,91.41,0.097,0.0,BTC-16AUG19-12500-P,11222.16,0.0,0.1085,3.0,0.1205,3.0,114.07,1.76937,-28.12013,-0.89833,0.00019,-0.89851
11691.81,BTC-27DEC19,1565693940629,open,0.51,122.9,0.4865,0.5315,0.50845478,90.95,0.46,0.0,BTC-27DEC19-6000-C,11222.16,72.91,0.496,10.0,0.548,10.0,130.53,9.52357,-3.18743,18.36992,2e-05,0.93052
11691.81,BTC-27DEC19,1565693940629,open,0.59,65.4,0.5675,0.6,0.58278916,92.6,0.608,0.0,BTC-27DEC19-5000-C,11222.16,0.0,0.5255,10.0,0.606,10.0,127.36,5.7759,-1.96826,16.54594,1e-05,0.96294
11270.3,SYN.BTC-23AUG19,1565693940625,open,0.02,14.3,0.007,0.0475,0.02515142,82.75,0.025,0.0,BTC-23AUG19-10500-P,11222.16,77.91,0.0225,3.9,0.025,24.0,82.48,6.22104,-26.06407,-0.92506,0.00022,-0.27821
11236.29,SYN.BTC-16AUG19,1565693940625,open,0.3,0.0,0.2735,0.302,0.28803158,115.38,None,0.0,BTC-16AUG19-8000-C,11222.16,0.0,0.0,0.0,0.0,0.0,0.0,0.01368,-0.2745,0.62995,0.0,0.99962
11270.3,SYN.BTC-23AUG19,1565693940625,open,0.36,0.0,0.3485,0.408,0.37654647,93.42,None,0.0,BTC-23AUG19-15500-P,11222.16,0.0,0.0,0.0,0.0,0.0,0.0,1.00721,-4.76407,-4.12771,3e-05,-0.97708
11440.13,BTC-27SEP19,1565693940630,open,0.83,28.2,0.8155,0.835,0.82518121,133.42,0.755,0.0,BTC-27SEP19-2000-C,11222.16,0.0,0.7575,8.0,0.8935,8.0,500.0,0.00625,-0.00929,2.45836,0.0,0.99996
11440.13,BTC-27SEP19,1565693940630,open,0.53,221.9,0.51,0.534,0.52123513,103.42,0.51,0.0,BTC-27SEP19-5500-C,11222.16,79.71,0.5195,3.0,0.5765,8.0,237.73,1.41996,-1.63618,6.53891,1e-05,0.98613
11304.31,SYN.BTC-30AUG19,1565693940626,open,0.39,0.0,0.3685,0.3975,0.38231994,111.01,None,0.0,BTC-30AUG19-7000-C,11222.16,0.0,0.3355,4.0,0.4325,4.0,271.18,1.00938,-3.31996,3.14103,2e-05,0.9833
11270.3,SYN.BTC-23AUG19,1565693940625,open,0.0,12.5,0.0005,0.011,0.00125185,93.44,0.002,0.0,BTC-23AUG19-15500-C,11222.16,82.41,0.0005,43.8,0.002,30.0,100.6,1.00805,-4.76897,0.06614,3e-05,0.02294
11304.31,SYN.BTC-30AUG19,1565693940629,open,0.02,657.0,0.009,0.0495,0.02704162,87.02,0.0255,0.0,BTC-30AUG19-10000-P,11222.16,83.84,0.025,15.4,0.026,1.0,85.41,7.32642,-18.88924,-1.32773,0.00014,-0.227
11691.65,BTC-27DEC19,1565693940631,open,1.73,0.3,1.6895,1.8335,1.75711827,100.01,1.875,0.0,BTC-27DEC19-32000-P,11222.16,0.0,0.0,0.0,0.0,0.0,0.0,11.51902,-4.23928,-116.11212,2e-05,-0.91068
11236.29,SYN.BTC-16AUG19,1565693940625,open,0.34,0.0,0.319,0.3455,0.33252594,130.85,None,0.0,BTC-16AUG19-7500-C,11222.16,0.0,0.0,0.0,0.0,0.0,0.0,0.00759,-0.17277,0.59071,0.0,0.9998
11304.31,SYN.BTC-30AUG19,1565693940625,open,0.0,728.6,0.0005,0.0115,0.00170535,102.22,0.002,0.0,BTC-30AUG19-18000-C,11222.16,94.95,0.001,95.4,0.0025,38.0,108.32,1.29497,-3.92178,0.10813,2e-05,0.02239
11270.3,SYN.BTC-23AUG19,1565693940625,open,0.17,0.0,0.142,0.186,0.16370356,84.14,None,0.0,BTC-23AUG19-9500-C,11222.16,0.0,0.1535,6.5,0.1775,6.5,122.67,3.16122,-13.4674,2.25698,0.00011,0.90385
11304.31,SYN.BTC-30AUG19,1565693940627,open,0.15,147.6,0.113,0.17,0.14243316,87.03,0.15,0.0,BTC-30AUG19-10000-C,11222.16,82.46,0.1395,9.0,0.15,11.9,98.43,7.32697,-18.89404,3.29553,0.00014,0.77297
11304.31,SYN.BTC-30AUG19,1565693940625,open,0.09,199.6,0.056,0.117,0.08778205,87.03,0.0915,0.0,BTC-30AUG19-11000-C,11222.16,86.69,0.0875,5.0,0.0915,22.6,91.49,9.42311,-24.2982,2.64889,0.00018,0.5946
11304.31,SYN.BTC-30AUG19,1565693940630,open,0.01,322.3,0.0005,0.0255,0.00963981,96.95,0.01,0.0,BTC-30AUG19-15000-C,11222.16,93.96,0.0085,0.1,0.0105,30.0,99.11,4.42511,-12.7115,0.4993,8e-05,0.10517
11236.29,SYN.BTC-16AUG19,1565693940625,open,0.04,448.4,0.0165,0.0685,0.04234402,81.29,0.041,0.0,BTC-16AUG19-11500-P,11222.16,74.37,0.04,16.0,0.0425,3.7,81.75,3.82005,-53.9947,-0.57957,0.00047,-0.61234
211.17,SYN.ETH-30AUG19,1565693940643,open,0.0,770.0,0.001,0.011,0.001514,96.61,0.003,0.0,ETH-30AUG19-140-P,210.14,90.67,0.001,350.0,0.002,250.0,101.14,0.02072,-0.0593,-0.00197,0.00104,-0.01865
11440.13,BTC-27SEP19,1565693940644,open,0.02,569.8,0.0055,0.034,0.01713294,90.54,0.0175,0.0,BTC-27SEP19-8000-P,11222.16,87.82,0.0155,30.0,0.0185,39.0,92.74,7.00494,-7.06644,-1.63798,5e-05,-0.09932
210.32,SYN.ETH-16AUG19,1565693940651,open,0.0,1016.0,0.001,0.011,0.001769,90.21,0.002,0.0,ETH-16AUG19-240-C,210.14,81.01,0.001,8.0,0.003,750.0,101.13,0.02041,-0.32017,0.00086,0.00649,0.05382
215.33,ETH-27DEC19,1565693940690,open,0.2,817.0,0.138,0.244,0.195437,98.11,0.193,0.0,ETH-27DEC19-240-C,210.14,95.86,0.19,120.0,0.199,200.0,99.59,0.52049,-0.18792,0.28182,0.00307,0.54701
212.88,ETH-27SEP19,1565693940690,open,0.12,1000.0,0.078,0.157,0.119589,95.84,0.127,0.0,ETH-27SEP19-220-C,210.14,93.99,0.117,120.0,0.123,200.0,98.29,0.29705,-0.31721,0.10688,0.00556,0.52795
212.88,ETH-27SEP19,1565693940690,open,0.0,839.0,0.001,0.011,8.1e-05,120.03,0.001,0.0,ETH-27SEP19-60-P,210.14,0.0,0.0,0.0,0.001,200.0,156.28,0.00167,-0.00224,-0.00019,3e-05,-0.00064
211.17,SYN.ETH-30AUG19,1565693940690,open,0.0,2290.0,0.001,0.013,0.003279,103.52,0.005,0.0,ETH-30AUG19-320-C,210.14,95.48,0.002,250.0,0.004,200.0,107.21,0.03876,-0.11887,0.00354,0.00182,0.03954
215.33,ETH-27DEC19,1565693940692,open,0.01,1497.0,0.002,0.027,0.011151,105.75,0.009,0.0,ETH-27DEC19-760-C,210.14,100.34,0.008,350.0,0.014,50.0,109.88,0.13838,-0.05385,0.03221,0.00076,0.05134
212.88,ETH-27SEP19,1565693940692,open,0.06,1720.0,0.032,0.098,0.064806,97.5,0.069,0.0,ETH-27SEP19-260-C,210.14,95.31,0.062,160.0,0.068,439.0,99.98,0.27334,-0.29695,0.07189,0.00503,0.33947
212.88,ETH-27SEP19,1565693940694,open,0.0,5783.0,0.001,0.011,0.001537,119.8,0.002,0.0,ETH-27SEP19-600-C,210.14,114.12,0.001,233.0,0.002,400.0,123.64,0.02333,-0.03114,0.00274,0.00035,0.01201
210.74,SYN.ETH-23AUG19,1565693940694,open,0.06,27.0,0.025,0.09,0.056554,89.08,0.057,0.0,ETH-23AUG19-210-P,210.14,83.64,0.053,150.0,0.059,200.0,92.82,0.13764,-0.62075,-0.02952,0.01286,-0.46122
212.88,ETH-27SEP19,1565693940701,open,0.03,7887.0,0.013,0.055,0.032039,96.15,0.031,0.0,ETH-27SEP19-160-P,210.14,92.46,0.029,160.0,0.033,270.0,97.29,0.1778,-0.19047,-0.04893,0.00332,-0.15491
211.17,SYN.ETH-30AUG19,1565693940701,open,0.06,482.0,0.024,0.085,0.053885,92.95,0.053,0.0,ETH-30AUG19-200-P,210.14,88.09,0.05,200.0,0.057,580.0,96.84,0.16904,-0.46554,-0.03992,0.00882,-0.355
212.88,ETH-27SEP19,1565693940703,open,0.45,769.0,0.388,0.502,0.44452,99.5,0.45,0.0,ETH-27SEP19-300-P,210.14,81.34,0.428,110.0,0.502,25.0,148.4,0.2147,-0.23801,-0.3233,0.00387,-0.79071
211.17,SYN.ETH-30AUG19,1565693940703,open,0.0,4133.0,0.001,0.011,0.000763,120.02,0.002,0.0,ETH-30AUG19-400-C,210.14,0.0,0.0,0.0,0.002,750.0,135.64,0.01155,-0.04108,0.00085,0.00047,0.00948
212.88,ETH-27SEP19,1565693940709,open,0.53,502.0,0.472,0.588,0.528831,99.84,0.455,0.0,ETH-27SEP19-320-P,210.14,77.69,0.513,110.0,0.59,25.0,155.99,0.18256,-0.20309,-0.35793,0.00328,-0.83872
212.88,ETH-27SEP19,1565693940712,open,0.22,2496.0,0.163,0.264,0.215073,96.27,0.171,0.0,ETH-27SEP19-240-P,210.14,93.31,0.211,120.0,0.221,320.0,100.57,0.29266,-0.31392,-0.20651,0.00546,-0.57395
212.88,ETH-27SEP19,1565693940714,open,1.64,24.0,1.555,1.718,1.632644,117.25,1.356,0.0,ETH-27SEP19-560-P,210.14,0.0,0.0,0.0,0.0,0.0,0.0,0.0297,-0.0388,-0.68488,0.00045,-0.98411
212.88,ETH-27SEP19,1565693940730,open,0.03,2043.0,0.008,0.049,0.025637,99.84,0.027,0.0,ETH-27SEP19-320-C,210.14,97.91,0.024,160.0,0.027,1.0,101.42,0.18256,-0.20309,0.0355,0.00328,0.16128
215.34,ETH-27DEC19,1565693940730,open,0.02,1247.0,0.005,0.042,0.01946,105.04,0.02,0.0,ETH-27DEC19-640-C,210.14,101.16,0.016,350.0,0.023,250.0,108.63,0.2025,-0.07827,0.05167,0.00112,0.08392
212.88,ETH-27SEP19,1565693940730,open,0.0,5010.0,0.001,0.013,0.00359,109.91,0.009,0.0,ETH-27SEP19-480-C,210.14,101.36,0.002,960.0,0.005,700.0,115.58,0.04741,-0.05806,0.00629,0.00077,0.02762
215.34,ETH-27DEC19,1565693940730,open,2.36,0.0,2.25,2.474,2.357024,105.7,None,0.0,ETH-27DEC19-720-P,210.14,0.0,0.003,5.0,0.0,0.0,0.0,0.15786,-0.0614,-2.64246,0.00087,-0.93934
212.88,ETH-27SEP19,1565693940730,open,0.0,9094.0,0.001,0.014,0.004576,96.15,0.006,0.0,ETH-27SEP19-120-P,210.14,88.91,0.003,410.0,0.006,540.0,101.55,0.05193,-0.05563,-0.00926,0.00097,-0.03082
212.88,ETH-27SEP19,1565693940730,open,0.16,1290.0,0.119,0.199,0.162258,96.15,0.169,0.0,ETH-27SEP19-200-C,210.14,92.91,0.158,120.0,0.166,200.0,98.99,0.27973,-0.29966,0.12457,0.00522,0.63821
212.88,ETH-27SEP19,1565693940730,open,0.1,3323.0,0.062,0.141,0.101755,96.15,0.114,0.0,ETH-27SEP19-200-P,210.14,94.81,0.1,3.0,0.104,200.0,97.86,0.27973,-0.29966,-0.12132,0.00522,-0.36179
215.34,ETH-27DEC19,1565693940741,open,0.93,16.0,0.843,1.014,0.928073,102.7,1.195,0.0,ETH-27DEC19-400-P,210.14,50.57,0.861,110.0,1.49,1.0,357.28,0.4174,-0.15775,-1.3453,0.00235,-0.75013
212.88,ETH-27SEP19,1565693940741,open,0.0,7916.0,0.001,0.011,0.000274,120.03,0.001,0.0,ETH-27SEP19-760-C,210.14,0.0,0.0,0.0,0.001,200.0,135.55,0.00569,-0.00762,0.00057,9e-05,0.00245
212.88,ETH-27SEP19,1565693940741,open,0.89,79.0,0.827,0.953,0.88744,104.12,0.351,0.0,ETH-27SEP19-400-P,210.14,0.0,0.01,10.0,0.0,0.0,0.0,0.09026,-0.10471,-0.47799,0.00156,-0.93884
211.17,SYN.ETH-30AUG19,1565693940741,open,0.25,0.0,0.205,0.296,0.250237,96.46,0.218,0.0,ETH-30AUG19-260-P,210.14,0.0,0.231,120.0,0.296,15.0,161.75,0.12091,-0.34555,-0.10407,0.00608,-0.81573
211.17,SYN.ETH-30AUG19,1565693940741,open,0.71,0.0,0.656,0.761,0.706051,109.84,None,0.0,ETH-30AUG19-360-P,210.14,0.0,0.0,0.0,0.0,0.0,0.0,0.01833,-0.05964,-0.16499,0.00081,-0.98385
212.88,ETH-27SEP19,1565693940744,open,0.71,233.0,0.647,0.768,0.705638,102.14,0.634,0.0,ETH-27SEP19-360-P,210.14,0.0,0.643,25.0,0.772,25.0,172.12,0.12995,-0.14789,-0.42053,0.00228,-0.9011
212.88,ETH-27SEP19,1565693940744,open,1.45,12.0,1.372,1.526,1.445761,115.88,1.193,0.0,ETH-27SEP19-520-P,210.14,0.0,0.0,0.0,0.0,0.0,0.0,0.04072,-0.05258,-0.6341,0.00063,-0.97697
215.34,ETH-27DEC19,1565693940746,open,0.05,1099.0,0.017,0.079,0.04473,103.8,0.054,0.0,ETH-27DEC19-480-C,210.14,101.35,0.041,150.0,0.048,200.0,105.88,0.33412,-0.12763,0.10148,0.00186,0.17132
211.17,SYN.ETH-30AUG19,1565693940746,open,0.52,0.0,0.472,0.569,0.518643,103.52,None,0.0,ETH-30AUG19-320-P,210.14,0.0,0.0,0.0,0.0,0.0,0.0,0.03876,-0.11887,-0.14441,0.00182,-0.96047
215.34,ETH-27DEC19,1565693940750,open,0.6,101.0,0.52,0.675,0.59926,100.2,0.513,0.0,ETH-27DEC19-320-P,210.14,80.06,0.555,110.0,1.58,1.0,500.0,0.49433,-0.18226,-0.98856,0.00286,-0.63393
215.34,ETH-27DEC19,1565693940752,open,1.28,21.0,1.185,1.367,1.273867,103.87,0.629,0.0,ETH-27DEC19-480-P,210.14,0.0,1.184,110.0,0.0,0.0,0.0,0.33445,-0.12783,-1.68526,0.00187,-0.82842
215.34,ETH-27DEC19,1565693940752,open,0.02,2060.0,0.007,0.049,0.023872,104.92,0.025,0.0,ETH-27DEC19-600-C,210.14,102.15,0.021,50.0,0.027,50.0,107.74,0.23083,-0.08912,0.06115,0.00127,0.10015
212.88,ETH-27SEP19,1565693940752,open,0.8,259.0,0.737,0.86,0.796242,103.46,0.94,0.0,ETH-27SEP19-380-P,210.14,0.0,0.009,8.0,0.0,0.0,0.0,0.10928,-0.12596,-0.44961,0.0019,-0.92161
211.17,SYN.ETH-30AUG19,1565693940752,open,0.34,0.0,0.317,0.359,0.338542,96.61,None,0.0,ETH-30AUG19-140-C,210.14,0.0,0.0,0.0,0.0,0.0,0.0,0.02071,-0.05929,0.06276,0.00104,0.98135
210.32,SYN.ETH-16AUG19,1565693940755,open,0.15,49.0,0.108,0.18,0.142911,90.21,0.084,0.0,ETH-16AUG19-240-P,210.14,0.0,0.134,200.0,0.15,200.0,135.56,0.02041,-0.32017,-0.01805,0.00649,-0.94618
215.34,ETH-27DEC19,1565693940757,open,1.1,0.0,1.012,1.188,1.098884,103.1,None,0.0,ETH-27DEC19-440-P,210.14,0.0,1.02,110.0,0.0,0.0,0.0,0.37408,-0.14193,-1.51761,0.0021,-0.79428
211.17,SYN.ETH-30AUG19,1565693940760,open,0.11,493.0,0.064,0.143,0.103732,92.79,0.108,0.0,ETH-30AUG19-220-P,210.14,87.24,0.099,150.0,0.107,350.0,96.62,0.18014,-0.49525,-0.06305,0.00942,-0.54203
215.34,ETH-27DEC19,1565693940780,open,0.07,1311.0,0.032,0.111,0.070459,102.66,0.067,0.0,ETH-27DEC19-400-C,210.14,100.86,0.067,19.0,0.073,200.0,103.96,0.41724,-0.15762,0.14367,0.00235,0.24969
212.88,ETH-27SEP19,1565693940780,open,0.21,770.0,0.175,0.251,0.215552,96.15,0.22,0.0,ETH-27SEP19-180-C,210.14,48.77,0.168,2.0,0.609,10.0,453.78,0.23852,-0.25552,0.13919,0.00445,0.74736
212.88,ETH-27SEP19,1565693940780,open,1.08,0.0,1.008,1.142,1.072011,106.18,None,0.0,ETH-27SEP19-440-P,210.14,0.0,0.0,0.0,0.0,0.0,0.0,0.06283,-0.07433,-0.53214,0.00106,-0.96114
212.88,ETH-27SEP19,1565693940782,open,0.05,2088.0,0.02,0.078,0.047774,98.53,0.051,0.0,ETH-27SEP19-280-C,210.14,96.11,0.045,160.0,0.051,420.0,101.3,0.24563,-0.26966,0.0575,0.00447,0.26745
215.34,ETH-27DEC19,1565693940782,open,1.45,37.0,1.36,1.548,1.451064,104.41,0.707,0.0,ETH-27DEC19-520-P,210.14,0.0,0.002,25.0,0.0,0.0,0.0,0.29713,-0.11416,-1.84995,0.00165,-0.85667
211.17,SYN.ETH-30AUG19,1565693940784,open,0.17,383.0,0.127,0.215,0.171404,94.74,0.147,0.0,ETH-30AUG19-240-P,210.14,81.76,0.162,120.0,0.18,200.0,106.02,0.15771,-0.4427,-0.08514,0.00807,-0.70068
211.17,SYN.ETH-30AUG19,1565693940784,open,0.03,1070.0,0.012,0.061,0.034881,94.74,0.035,0.0,ETH-30AUG19-240-C,210.14,90.85,0.032,200.0,0.038,645.0,98.88,0.15771,-0.4427,0.02582,0.00807,0.29932
212.88,ETH-27SEP19,1565693940786,open,0.62,0.0,0.613,0.637,0.625061,120.01,None,0.0,ETH-27SEP19-80-C,210.14,0.0,0.003,10.0,0.0,0.0,0.0,0.01194,-0.01597,0.09667,0.00018,0.9944
212.88,ETH-27SEP19,1565693940786,open,0.0,2892.0,0.001,0.012,0.002054,117.25,0.003,0.0,ETH-27SEP19-560-C,210.14,107.71,0.001,800.0,0.003,797.0,123.17,0.0297,-0.0388,0.00362,0.00045,0.01589
215.34,ETH-27DEC19,1565693940792,open,0.06,654.0,0.023,0.093,0.055509,103.05,0.058,0.0,ETH-27DEC19-440-C,210.14,101.0,0.052,150.0,0.059,483.0,105.04,0.37385,-0.14177,0.12024,0.0021,0.20551
212.88,ETH-27SEP19,1565693940792,open,0.0,3444.0,0.001,0.011,0.000644,120.03,0.001,0.0,ETH-27SEP19-680-C,210.14,0.0,0.0,0.0,0.002,800.0,135.72,0.01156,-0.01547,0.00125,0.00017,0.0054
211.17,SYN.ETH-30AUG19,1565693940792,open,0.25,0.0,0.222,0.275,0.24886,93.03,None,0.0,ETH-30AUG19-160-C,210.14,0.0,0.0,0.0,0.0,0.0,0.0,0.05994,-0.1652,0.06665,0.00313,0.93153
215.34,ETH-27DEC19,1565693940794,open,2.18,0.0,2.071,2.287,2.174175,105.66,None,0.0,ETH-27DEC19-680-P,210.14,0.0,0.0,0.0,0.0,0.0,0.0,0.18019,-0.07006,-2.48683,0.00099,-0.92804
215.34,ETH-27DEC19,1565693940794,open,1.99,0.0,1.892,2.1,1.991642,105.19,None,0.0,ETH-27DEC19-640-P,210.14,0.0,0.0,0.0,0.0,0.0,0.0,0.20328,-0.07868,-2.33057,0.00112,-0.91565
211.17,SYN.ETH-30AUG19,1565693940794,open,0.11,462.0,0.069,0.14,0.106782,92.95,0.122,0.0,ETH-30AUG19-200-C,210.14,89.47,0.104,150.0,0.11,200.0,96.96,0.16904,-0.46554,0.05255,0.00882,0.645
212.88,ETH-27SEP19,1565693940798,open,0.16,1947.0,0.106,0.198,0.153035,95.84,0.165,0.0,ETH-27SEP19-220-P,210.14,92.95,0.149,120.0,0.156,200.0,97.97,0.29705,-0.31721,-0.1636,0.00556,-0.47205
215.34,ETH-27DEC19,1565693940804,open,0.31,801.0,0.242,0.372,0.310005,98.13,0.317,0.0,ETH-27DEC19-240-P,210.14,95.64,0.304,120.0,0.313,200.0,99.37,0.5205,-0.18795,-0.61159,0.00307,-0.45293
212.88,ETH-27SEP19,1565693940804,open,0.01,5319.0,0.001,0.021,0.008447,104.12,0.007,0.0,ETH-27SEP19-400-C,210.14,100.53,0.007,310.0,0.01,200.0,107.61,0.09026,-0.10471,0.0138,0.00156,0.06116
211.17,SYN.ETH-30AUG19,1565693940806,open,0.9,0.0,0.84,0.955,0.894968,120.02,None,0.0,ETH-30AUG19-400-P,210.14,0.0,0.0,0.0,0.0,0.0,0.0,0.01155,-0.04108,-0.18409,0.00047,-0.99052
211.17,SYN.ETH-30AUG19,1565693940806,open,0.0,3500.0,0.001,0.011,0.001266,109.84,0.005,0.0,ETH-30AUG19-360-C,210.14,0.0,0.0,0.0,0.002,200.0,117.04,0.01833,-0.05964,0.00145,0.00081,0.01615
212.88,ETH-27SEP19,1565693940811,open,0.0,2060.0,0.001,0.011,0.00086,120.01,0.003,0.0,ETH-27SEP19-80-P,210.14,0.0,0.0,0.0,0.002,300.0,134.93,0.01194,-0.01597,-0.00169,0.00018,-0.0056
212.88,ETH-27SEP19,1565693940814,open,0.28,392.0,0.245,0.312,0.280442,96.15,0.329,0.0,ETH-27SEP19-160-C,210.14,0.0,0.001,1.0,0.0,0.0,0.0,0.1778,-0.19047,0.14778,0.00332,0.84509
212.88,ETH-27SEP19,1565693940814,open,0.0,4762.0,0.001,0.011,0.001887,105.44,0.002,0.0,ETH-27SEP19-100-P,210.14,96.25,0.001,200.0,0.003,500.0,113.62,0.02486,-0.02921,-0.00388,0.00042,-0.01293
215.34,ETH-27DEC19,1565693940817,open,0.03,1620.0,0.009,0.057,0.029369,104.71,0.026,0.0,ETH-27DEC19-560-C,210.14,101.86,0.026,160.0,0.033,550.0,107.6,0.26234,-0.10108,0.0724,0.00145,0.11969
212.88,ETH-27SEP19,1565693940820,open,2.39,0.0,2.284,2.488,2.382605,120.03,None,0.0,ETH-27SEP19-720-P,210.14,0.0,0.0,0.0,0.0,0.0,0.0,0.00811,-0.01084,-0.88438,0.00012,-0.99637
211.17,SYN.ETH-30AUG19,1565693940820,open,0.62,0.0,0.564,0.665,0.612202,107.69,None,0.0,ETH-30AUG19-340-P,210.14,0.0,0.0,0.0,0.0,0.0,0.0,0.02753,-0.08785,-0.15486,0.00124,-0.97388
215.34,ETH-27DEC19,1565693940822,open,1.81,0.0,1.714,1.915,1.810293,105.04,0.953,0.0,ETH-27DEC19-600-P,210.14,0.0,0.0,0.0,0.0,0.0,0.0,0.23149,-0.08947,-2.17222,0.00128,-0.89946
212.88,ETH-27SEP19,1565693940822,open,0.29,1240.0,0.231,0.339,0.286151,97.5,0.232,0.0,ETH-27SEP19-260-P,210.14,84.62,0.27,110.0,0.336,25.0,134.76,0.27334,-0.29695,-0.24778,0.00503,-0.66053
212.88,ETH-27SEP19,1565693940822,open,1.26,0.0,1.19,1.333,1.258382,109.91,None,0.0,ETH-27SEP19-480-P,210.14,0.0,0.0,0.0,0.0,0.0,0.0,0.04741,-0.05806,-0.58386,0.00077,-0.97238
212.88,ETH-27SEP19,1565693940827,open,0.72,0.0,0.709,0.728,0.718232,120.03,0.01,0.0,ETH-27SEP19-60-C,210.14,0.0,0.003,10.0,0.0,0.0,0.0,0.00167,-0.00224,0.07358,3e-05,0.99936
215.34,ETH-27DEC19,1565693940832,open,0.04,3729.0,0.016,0.058,0.035781,96.2,0.03,0.0,ETH-27DEC19-120-P,210.14,91.58,0.031,200.0,0.034,50.0,94.51,0.22818,-0.08078,-0.10771,0.00137,-0.09858
215.34,ETH-27DEC19,1565693940832,open,1.63,0.0,1.537,1.731,1.630029,104.81,0.845,0.0,ETH-27DEC19-560-P,210.14,0.0,0.0,0.0,0.0,0.0,0.0,0.26287,-0.10138,-2.01209,0.00145,-0.87997
212.88,ETH-27SEP19,1565693940834,open,0.0,3419.0,0.001,0.011,0.000996,120.01,0.002,0.0,ETH-27SEP19-640-C,210.14,0.0,0.0,0.0,0.002,600.0,129.9,0.0165,-0.02206,0.00185,0.00025,0.00807
215.34,ETH-27DEC19,1565693940834,open,0.45,432.0,0.372,0.517,0.447139,98.81,0.382,0.0,ETH-27DEC19-280-P,210.14,96.27,0.441,120.0,0.458,30.0,103.31,0.51947,-0.18889,-0.802,0.00305,-0.55332
210.74,SYN.ETH-23AUG19,1565693940834,open,0.04,130.0,0.014,0.068,0.04057,89.55,0.036,0.0,ETH-23AUG19-220-C,210.14,85.53,0.038,150.0,0.043,407.0,93.34,0.13504,-0.61226,0.02127,0.01255,0.41364
211.17,SYN.ETH-30AUG19,1565693940834,open,0.02,624.0,0.006,0.044,0.022195,93.03,0.021,0.0,ETH-30AUG19-180-P,210.14,89.14,0.02,200.0,0.024,461.0,96.14,0.12099,-0.33347,-0.02018,0.00631,-0.18447
212.88,ETH-27SEP19,1565693940836,open,2.01,0.0,1.919,2.102,2.007385,120.01,None,0.0,ETH-27SEP19-640-P,210.14,0.0,0.0,0.0,0.0,0.0,0.0,0.0165,-0.02206,-0.78501,0.00025,-0.99193
211.17,SYN.ETH-30AUG19,1565693940836,open,0.02,368.0,0.004,0.04,0.019004,96.46,0.021,0.0,ETH-30AUG19-260-C,210.14,92.89,0.017,200.0,0.021,200.0,99.89,0.12091,-0.34555,0.01614,0.00608,0.18427
215.34,ETH-27DEC19,1565693940838,open,0.48,0.0,0.447,0.507,0.478497,96.18,None,0.0,ETH-27DEC19-120-C,210.14,0.0,0.002,50.0,0.99,5.0,500.0,0.22813,-0.08074,0.33905,0.00137,0.90145
212.88,ETH-27SEP19,1565693940840,open,0.0,2698.0,0.001,0.011,0.000418,120.03,0.001,0.0,ETH-27SEP19-720-C,210.14,0.0,0.0,0.0,0.001,422.0,130.71,0.00811,-0.01084,0.00084,0.00012,0.00363
215.34,ETH-27DEC19,1565693940840,open,0.26,599.0,0.205,0.306,0.259917,96.19,0.269,0.0,ETH-27DEC19-200-C,210.14,93.09,0.253,30.0,0.269,230.0,100.27,0.48003,-0.16991,0.32274,0.00289,0.66252
215.34,ETH-27DEC19,1565693940840,open,0.09,283.0,0.045,0.132,0.088358,101.33,0.088,0.0,ETH-27DEC19-360-C,210.14,99.74,0.085,110.0,0.091,200.0,102.57,0.45736,-0.17053,0.17029,0.00261,0.30079
212.88,ETH-27SEP19,1565693940840,open,0.44,47.0,0.421,0.461,0.440878,96.15,0.689,0.0,ETH-27SEP19-120-C,210.14,0.0,0.0,0.0,0.0,0.0,0.0,0.05193,-0.05563,0.13827,0.00097,0.96918
215.34,ETH-27DEC19,1565693940840,open,0.12,895.0,0.064,0.159,0.113168,100.17,0.118,0.0,ETH-27DEC19-320-C,210.14,98.78,0.11,110.0,0.115,200.0,100.96,0.49429,-0.18219,0.20265,0.00286,0.36597
215.34,ETH-27DEC19,1565693940842,open,0.19,2228.0,0.133,0.241,0.188724,96.21,0.177,0.0,ETH-27DEC19-200-P,210.14,93.19,0.182,40.0,0.195,40.0,99.02,0.48003,-0.16994,-0.42181,0.00289,-0.33747
215.34,ETH-27DEC19,1565693940842,open,0.1,1884.0,0.057,0.136,0.096977,96.2,0.092,0.0,ETH-27DEC19-160-P,210.14,91.67,0.089,223.0,0.097,40.0,96.22,0.38075,-0.13479,-0.24767,0.00229,-0.21199
215.34,ETH-27DEC19,1565693940842,open,0.15,433.0,0.093,0.195,0.14681,98.79,0.156,0.0,ETH-27DEC19-280-C,210.14,97.21,0.143,150.0,0.149,200.0,99.7,0.51945,-0.18884,0.24032,0.00305,0.4466
212.88,ETH-27SEP19,1565693940844,open,0.53,0.0,0.517,0.548,0.532139,105.44,None,0.0,ETH-27SEP19-100-C,210.14,0.0,0.003,10.0,0.0,0.0,0.0,0.02486,-0.02921,0.11907,0.00042,0.98707
215.34,ETH-27DEC19,1565693940846,open,0.02,653.0,0.004,0.036,0.016231,105.48,0.015,0.0,ETH-27DEC19-680-C,210.14,101.35,0.013,365.0,0.019,50.0,108.66,0.17927,-0.06959,0.04429,0.00098,0.07148
211.17,SYN.ETH-30AUG19,1565693940846,open,0.01,1202.0,0.001,0.026,0.010518,98.97,0.013,0.0,ETH-30AUG19-280-C,210.14,95.11,0.009,250.0,0.012,250.0,102.49,0.08613,-0.25257,0.00985,0.00422,0.11136
211.17,SYN.ETH-30AUG19,1565693940848,open,0.34,0.0,0.291,0.384,0.336461,98.97,None,0.0,ETH-30AUG19-280-P,210.14,0.0,0.0,0.0,0.0,0.0,0.0,0.08613,-0.25257,-0.11961,0.00422,-0.88864
211.17,SYN.ETH-30AUG19,1565693940848,open,0.01,3209.0,0.001,0.018,0.006542,93.03,0.012,0.0,ETH-30AUG19-160-P,210.14,87.24,0.005,450.0,0.007,1.0,94.61,0.05994,-0.1652,-0.00732,0.00313,-0.06847
215.34,ETH-27DEC19,1565693940850,open,0.04,973.0,0.012,0.067,0.036166,104.32,0.046,0.0,ETH-27DEC19-520-C,210.14,101.98,0.033,160.0,0.04,549.0,107.04,0.29671,-0.11391,0.08567,0.00165,0.14303
212.88,ETH-27SEP19,1565693940850,open,0.36,191.0,0.329,0.382,0.356248,96.15,0.5,0.0,ETH-27SEP19-140-C,210.14,0.0,0.0,0.0,0.0,0.0,0.0,0.10994,-0.11778,0.14781,0.00205,0.92098
212.88,ETH-27SEP19,1565693940850,open,0.06,5827.0,0.031,0.093,0.061099,96.15,0.055,0.0,ETH-27SEP19-180-P,210.14,93.37,0.058,160.0,0.063,221.0,97.84,0.23852,-0.25552,-0.08211,0.00445,-0.25264
212.88,ETH-27SEP19,1565693940854,open,0.04,3678.0,0.013,0.062,0.035276,99.5,0.033,0.0,ETH-27SEP19-300-C,210.14,97.22,0.033,160.0,0.038,437.0,102.17,0.2147,-0.23801,0.04555,0.00387,0.20929
212.88,ETH-27SEP19,1565693940854,open,0.37,1157.0,0.307,0.419,0.363069,98.53,0.359,0.0,ETH-27SEP19-280-P,210.14,82.88,0.346,110.0,0.416,25.0,140.55,0.24563,-0.26966,-0.28676,0.00447,-0.73255
212.88,ETH-27SEP19,1565693940857,open,0.62,347.0,0.559,0.677,0.616643,101.37,0.565,0.0,ETH-27SEP19-340-P,210.14,68.21,0.6,110.0,0.681,25.0,164.6,0.15558,-0.17572,-0.38982,0.00275,-0.87276
215.34,ETH-27DEC19,1565693940857,open,0.35,3.0,0.307,0.393,0.353931,96.18,0.366,0.0,ETH-27DEC19-160-C,210.14,0.0,0.002,100.0,0.98,5.0,500.0,0.38074,-0.13476,0.34798,0.00229,0.78803
212.88,ETH-27SEP19,1565693940859,open,0.01,2762.0,0.004,0.032,0.014545,102.14,0.017,0.0,ETH-27SEP19-360-C,210.14,99.54,0.013,200.0,0.017,500.0,106.01,0.12995,-0.14789,0.02208,0.00228,0.0989
212.88,ETH-27SEP19,1565693940859,open,0.09,2003.0,0.049,0.123,0.087677,96.27,0.094,0.0,ETH-27SEP19-240-C,210.14,94.32,0.085,120.0,0.09,200.0,97.96,0.29266,-0.31392,0.08856,0.00546,0.42605
215.34,ETH-27DEC19,1565693940859,open,0.01,1328.0,0.003,0.031,0.013319,105.48,0.02,0.0,ETH-27DEC19-720-C,210.14,100.53,0.01,350.0,0.016,50.0,108.97,0.15678,-0.06086,0.03753,0.00086,0.06013
212.88,ETH-27SEP19,1565693940859,open,0.01,2471.0,0.001,0.015,0.005119,106.18,0.01,0.0,ETH-27SEP19-440-C,210.14,97.78,0.003,610.0,0.007,700.0,111.95,0.06283,-0.07433,0.00883,0.00106,0.03886
212.88,ETH-27SEP19,1565693940861,open,1.83,27.0,1.737,1.91,1.820027,119.8,1.044,0.0,ETH-27SEP19-600-P,210.14,0.0,0.0,0.0,0.0,0.0,0.0,0.02333,-0.03114,-0.73494,0.00035,-0.98799
212.88,ETH-27SEP19,1565693940861,open,0.01,1897.0,0.002,0.026,0.011199,103.46,0.016,0.0,ETH-27SEP19-380-C,210.14,98.92,0.009,310.0,0.013,200.0,106.83,0.10928,-0.12596,0.01759,0.0019,0.07839
212.88,ETH-27SEP19,1565693940861,open,2.58,0.0,2.466,2.681,2.570361,120.03,None,0.0,ETH-27SEP19-760-P,210.14,0.0,0.0,0.0,0.0,0.0,0.0,0.00569,-0.00762,-0.93383,9e-05,-0.99755
212.88,ETH-27SEP19,1565693940863,open,0.02,1935.0,0.005,0.04,0.019499,101.37,0.022,0.0,ETH-27SEP19-340-C,210.14,97.85,0.017,610.0,0.022,500.0,104.7,0.15558,-0.17572,0.0282,0.00275,0.12724
212.88,ETH-27SEP19,1565693940863,open,2.2,0.0,2.102,2.295,2.194931,120.03,None,0.0,ETH-27SEP19-680-P,210.14,0.0,0.0,0.0,0.0,0.0,0.0,0.01156,-0.01547,-0.83479,0.00017,-0.9946
211.17,SYN.ETH-30AUG19,1565693940863,open,0.17,757.0,0.135,0.201,0.169803,93.03,0.25,0.0,ETH-30AUG19-180-C,210.14,65.66,0.156,120.0,0.209,15.0,153.52,0.12099,-0.33347,0.06304,0.00631,0.81553
211.17,SYN.ETH-30AUG19,1565693940863,open,0.43,0.0,0.381,0.475,0.426404,100.97,None,0.0,ETH-30AUG19-300-P,210.14,0.0,0.0,0.0,0.0,0.0,0.0,0.05805,-0.17367,-0.13285,0.00279,-0.9343
215.34,ETH-27DEC19,1565693940865,open,2.54,0.0,2.43,2.662,2.540617,106.0,None,0.0,ETH-27DEC19-760-P,210.14,0.0,0.001,100.0,0.0,0.0,0.0,0.13962,-0.05446,-2.79664,0.00076,-0.94808
211.17,SYN.ETH-30AUG19,1565693940867,open,0.06,400.0,0.03,0.093,0.06192,92.79,0.069,0.0,ETH-30AUG19-220-C,210.14,89.37,0.059,150.0,0.064,200.0,95.23,0.18014,-0.49525,0.03867,0.00942,0.45797
210.32,SYN.ETH-16AUG19,1565693940877,open,0.0,123.0,0.001,0.011,0.000627,93.82,0.001,0.0,ETH-16AUG19-250-C,210.14,0.0,0.0,0.0,0.001,100.0,100.94,0.00941,-0.13196,0.00034,0.00288,0.02097
210.32,SYN.ETH-16AUG19,1565693940976,open,0.19,0.0,0.155,0.227,0.189317,93.82,None,0.0,ETH-16AUG19-250-P,210.14,0.0,0.0,0.0,0.0,0.0,0.0,0.00941,-0.15349,-0.01936,0.00288,-0.97903
210.74,SYN.ETH-23AUG19,1565693941001,open,0.09,5.0,0.047,0.121,0.084496,89.55,0.081,0.0,ETH-23AUG19-220-P,210.14,82.51,0.08,150.0,0.087,200.0,93.45,0.13504,-0.61226,-0.03825,0.01255,-0.58636
210.32,SYN.ETH-16AUG19,1565693941059,open,0.0,1369.0,0.001,0.011,0.000539,109.06,0.001,0.0,ETH-16AUG19-260-C,210.14,0.0,0.0,0.0,0.001,299.0,119.46,0.0075,-0.11343,0.00026,0.00197,0.01608
210.74,SYN.ETH-23AUG19,1565693941106,open,0.03,422.0,0.006,0.051,0.026248,89.65,0.024,0.0,ETH-23AUG19-230-C,210.14,85.7,0.024,200.0,0.028,244.0,92.69,0.12086,-0.54858,0.01571,0.01122,0.30181
210.32,SYN.ETH-16AUG19,1565693941148,open,0.24,0.0,0.201,0.276,0.236777,109.06,None,0.0,ETH-16AUG19-260-P,210.14,0.0,0.0,0.0,0.0,0.0,0.0,0.0075,-0.14229,-0.02023,0.00197,-0.98392
210.74,SYN.ETH-23AUG19,1565693941215,open,0.12,0.0,0.077,0.157,0.117625,89.65,None,0.0,ETH-23AUG19-230-P,210.14,72.16,0.108,200.0,0.125,200.0,102.24,0.12086,-0.54858,-0.04652,0.01122,-0.69819
210.32,SYN.ETH-16AUG19,1565693941236,open,0.0,186.0,0.001,0.011,0.000386,120.0,0.001,0.0,ETH-16AUG19-270-C,210.14,0.0,0.0,0.0,0.001,291.0,136.82,0.00539,-0.08122,0.00018,0.00129,0.01095
210.74,SYN.ETH-23AUG19,1565693941313,open,0.02,76.0,0.003,0.037,0.016321,89.65,0.015,0.0,ETH-23AUG19-240-C,210.14,84.64,0.014,200.0,0.018,504.0,93.15,0.0998,-0.45299,0.01102,0.00926,0.20961
210.32,SYN.ETH-16AUG19,1565693941320,open,0.29,0.0,0.247,0.325,0.284171,120.0,None,0.0,ETH-16AUG19-270-P,210.14,0.0,0.0,0.0,0.0,0.0,0.0,0.00538,-0.11236,-0.0211,0.00129,-0.98905
210.32,SYN.ETH-16AUG19,1565693941412,open,0.0,119.0,0.001,0.011,0.000136,120.03,0.001,0.0,ETH-16AUG19-280-C,210.14,0.0,0.0,0.0,0.001,401.0,153.19,0.00233,-0.02865,7e-05,0.00056,0.00423
210.74,SYN.ETH-23AUG19,1565693941419,open,0.16,0.0,0.114,0.196,0.155149,89.65,None,0.0,ETH-23AUG19-240-P,210.14,67.85,0.146,200.0,0.164,200.0,107.19,0.0998,-0.45299,-0.05391,0.00926,-0.79039
11691.65,BTC-27DEC19,1565693941424,open,0.29,106.4,0.2325,0.3495,0.29234717,91.57,0.2865,0.0,BTC-27DEC19-13000-P,11222.16,89.16,0.2865,12.6,0.297,7.6,93.49,28.34472,-9.55063,-32.93403,6e-05,-0.46436
11270.3,SYN.BTC-23AUG19,1565693941425,open,0.07,5.7,0.0375,0.0935,0.06645436,82.76,0.074,0.0,BTC-23AUG19-11000-C,11222.16,79.69,0.0645,4.7,0.0695,4.3,87.54,7.17464,-30.06159,1.61878,0.00025,0.59731
210.32,SYN.ETH-16AUG19,1565693941498,open,0.33,0.0,0.293,0.373,0.331469,120.03,None,0.0,ETH-16AUG19-280-P,210.14,0.0,0.0,0.0,0.0,0.0,0.0,0.00233,-0.04857,-0.02199,0.00056,-0.99577
210.74,SYN.ETH-23AUG19,1565693941518,open,0.01,125.0,0.001,0.026,0.009791,89.65,0.012,0.0,ETH-23AUG19-250-C,210.14,84.54,0.008,250.0,0.011,250.0,92.89,0.0768,-0.34861,0.00737,0.00713,0.13905
210.74,SYN.ETH-23AUG19,1565693941627,open,0.2,0.0,0.156,0.238,0.19607,89.65,None,0.0,ETH-23AUG19-250-P,210.14,0.0,0.0,0.0,0.0,0.0,0.0,0.0768,-0.34861,-0.06027,0.00713,-0.86095
210.32,SYN.ETH-16AUG19,1565693941657,open,0.0,532.0,0.001,0.011,4.5e-05,120.03,0.001,0.0,ETH-16AUG19-290-C,210.14,0.0,0.0,0.0,0.001,401.0,168.7,0.00093,-0.00951,2e-05,0.00022,0.00153
210.74,SYN.ETH-23AUG19,1565693941728,open,0.01,122.0,0.001,0.018,0.005681,89.65,0.013,0.0,ETH-23AUG19-260-C,210.14,82.72,0.004,250.0,0.007,250.0,94.41,0.05556,-0.25218,0.00472,0.00516,0.08842
210.32,SYN.ETH-16AUG19,1565693941751,open,0.38,0.0,0.339,0.422,0.378925,120.03,None,0.0,ETH-16AUG19-290-P,210.14,0.0,0.0,0.0,0.0,0.0,0.0,0.00093,-0.01933,-0.02282,0.00022,-0.99847
210.32,SYN.ETH-16AUG19,1565693941813,open,0.29,0.0,0.265,0.308,0.286805,120.04,None,0.0,ETH-16AUG19-150-C,210.14,0.0,0.0,0.0,0.0,0.0,0.0,0.00041,-0.00856,0.01181,0.0001,0.99937
210.74,SYN.ETH-23AUG19,1565693941830,open,0.24,0.0,0.2,0.282,0.239412,89.65,None,0.0,ETH-23AUG19-260-P,210.14,0.0,0.0,0.0,0.0,0.0,0.0,0.05556,-0.25218,-0.06563,0.00516,-0.91158
210.32,SYN.ETH-16AUG19,1565693941845,open,0.0,51.0,0.001,0.011,1.4e-05,120.03,0.004,0.0,ETH-16AUG19-300-C,210.14,0.0,0.0,0.0,0.001,251.0,183.46,0.00034,-0.00299,1e-05,8e-05,0.00052
210.32,SYN.ETH-16AUG19,1565693941899,open,0.0,8.0,0.001,0.011,1.8e-05,120.03,0.002,0.0,ETH-16AUG19-150-P,210.14,0.0,0.0,0.0,0.001,550.0,184.91,0.00041,-0.00388,-1e-05,0.0001,-0.00063
210.74,SYN.ETH-23AUG19,1565693941935,open,0.0,0.0,0.001,0.013,0.003197,89.65,None,0.0,ETH-23AUG19-270-C,210.14,73.33,0.001,450.0,0.004,650.0,93.83,0.03805,-0.17273,0.0029,0.00353,0.05409
210.32,SYN.ETH-16AUG19,1565693941943,open,0.43,0.0,0.385,0.471,0.426442,120.03,None,0.0,ETH-16AUG19-300-P,210.14,0.0,0.0,0.0,0.0,0.0,0.0,0.00034,-0.00715,-0.02363,8e-05,-0.99948
210.32,SYN.ETH-16AUG19,1565693941994,open,0.24,0.0,0.216,0.262,0.23939,120.03,None,0.0,ETH-16AUG19-160-C,210.14,0.0,0.0,0.0,0.0,0.0,0.0,0.00241,-0.05027,0.01253,0.00058,0.9956
11440.09,BTC-27SEP19,1565693941997,open,0.74,0.0,0.717,0.8055,0.75856839,98.96,0.691,0.0,BTC-27SEP19-20000-P,11222.16,0.0,0.004,10.0,1.2575,0.2,500.0,5.70365,-6.28863,-23.67322,4e-05,-0.92456
210.74,SYN.ETH-23AUG19,1565693942039,open,0.29,0.0,0.245,0.327,0.284378,89.65,None,0.0,ETH-23AUG19-270-P,210.14,0.0,0.0,0.0,0.0,0.0,0.0,0.03805,-0.17273,-0.07015,0.00353,-0.94591
210.32,SYN.ETH-16AUG19,1565693942081,open,0.0,0.0,0.001,0.011,0.000151,120.03,None,0.0,ETH-16AUG19-160-P,210.14,0.0,0.0,0.0,0.001,200.0,153.77,0.00241,-0.03179,-8e-05,0.00058,-0.0044
210.74,SYN.ETH-23AUG19,1565693942142,open,0.0,23.0,0.001,0.011,0.001814,90.2,0.005,0.0,ETH-23AUG19-280-C,210.14,0.0,0.0,0.0,0.003,250.0,98.59,0.02541,-0.11602,0.00177,0.00234,0.03282
210.32,SYN.ETH-16AUG19,1565693942198,open,0.19,0.0,0.167,0.217,0.192333,115.66,None,0.0,ETH-16AUG19-170-C,210.14,0.0,0.0,0.0,0.0,0.0,0.0,0.0078,-0.15685,0.0131,0.00194,0.98318
210.74,SYN.ETH-23AUG19,1565693942213,open,0.29,0.0,0.267,0.311,0.289147,98.97,None,0.0,ETH-23AUG19-150-C,210.14,0.0,0.0,0.0,0.0,0.0,0.0,0.01313,-0.0658,0.03968,0.0011,0.985
210.74,SYN.ETH-23AUG19,1565693942291,open,0.33,0.0,0.291,0.374,0.330447,90.2,None,0.0,ETH-23AUG19-280-P,210.14,0.0,0.0,0.0,0.0,0.0,0.0,0.0254,-0.11602,-0.07399,0.00234,-0.96718
210.32,SYN.ETH-16AUG19,1565693942317,open,0.0,53.0,0.001,0.011,0.000642,115.66,0.001,0.0,ETH-16AUG19-170-P,210.14,0.0,0.0,0.0,0.001,100.0,123.98,0.0078,-0.13511,-0.00029,0.00194,-0.01682
210.74,SYN.ETH-23AUG19,1565693942317,open,0.0,0.0,0.001,0.011,0.000914,98.97,None,0.0,ETH-23AUG19-150-P,210.14,0.0,0.0,0.0,0.002,250.0,112.29,0.01313,-0.0658,-0.00091,0.0011,-0.015
210.74,SYN.ETH-23AUG19,1565693942390,open,0.0,3.0,0.001,0.011,0.00107,91.44,0.002,0.0,ETH-23AUG19-290-C,210.14,0.0,0.0,0.0,0.002,250.0,100.74,0.01701,-0.07875,0.0011,0.00155,0.02032
210.32,SYN.ETH-16AUG19,1565693942419,open,0.14,0.0,0.118,0.171,0.145004,92.72,None,0.0,ETH-16AUG19-180-C,210.14,0.0,0.0,0.0,0.0,0.0,0.0,0.01151,-0.1856,0.01373,0.00356,0.97334
210.74,SYN.ETH-23AUG19,1565693942434,open,0.24,0.0,0.218,0.267,0.243002,95.76,None,0.0,ETH-23AUG19-160-C,210.14,0.0,0.0,0.0,0.0,0.0,0.0,0.02603,-0.12621,0.04124,0.00226,0.9662
210.74,SYN.ETH-23AUG19,1565693942489,open,0.38,0.0,0.337,0.421,0.377154,91.44,None,0.0,ETH-23AUG19-290-P,210.14,0.0,0.0,0.0,0.0,0.0,0.0,0.01701,-0.07875,-0.07737,0.00155,-0.97968
210.32,SYN.ETH-16AUG19,1565693942510,open,0.0,296.0,0.001,0.011,0.000861,92.72,0.001,0.0,ETH-16AUG19-180-P,210.14,0.0,0.0,0.0,0.002,250.0,108.6,0.01151,-0.18098,-0.00046,0.00356,-0.02666
210.74,SYN.ETH-23AUG19,1565693942539,open,0.0,0.0,0.001,0.012,0.002221,95.76,None,0.0,ETH-23AUG19-160-P,210.14,83.51,0.001,450.0,0.003,250.0,101.53,0.02603,-0.12621,-0.00205,0.00226,-0.0338
210.32,SYN.ETH-16AUG19,1565693942607,open,0.1,200.0,0.07,0.127,0.099476,84.45,0.097,0.0,ETH-16AUG19-190-C,210.14,0.0,0.096,50.0,0.0,0.0,0.0,0.02824,-0.41468,0.01357,0.0096,0.91813
11440.05,BTC-27SEP19,1565693942626,open,0.0,416.5,0.0005,0.0105,0.00034047,115.14,0.0005,0.0,BTC-27SEP19-4000-P,11222.04,0.0,0.0,0.0,0.001,2.0,130.85,0.31338,-0.40203,-0.04021,0.0,-0.00252
11236.13,SYN.BTC-16AUG19,1565693942625,open,0.38,0.0,0.3645,0.3895,0.37701866,156.48,None,0.0,BTC-16AUG19-7000-C,11222.04,0.0,0.0,0.0,0.0,0.0,0.0,0.00945,-0.2571,0.55127,0.0,0.99975
11270.12,SYN.BTC-23AUG19,1565693942625,open,0.0,1.8,0.0005,0.0115,0.0018363,94.35,0.002,0.0,BTC-23AUG19-8500-P,11222.04,85.25,0.001,41.7,0.0025,30.0,99.9,1.22754,-5.86395,-0.09413,4e-05,-0.02903
11439.93,BTC-27SEP19,1565693942628,open,0.0,1660.1,0.0005,0.0105,1e-08,115.17,0.0005,0.0,BTC-27SEP19-1500-P,11222.04,0.0,0.0,0.0,0.0005,12.0,229.21,2e-05,-2e-05,0.0,0.0,0.0
11439.93,BTC-27SEP19,1565693942629,open,0.0,279.2,0.0005,0.013,0.00342852,101.36,0.005,0.0,BTC-27SEP19-24000-C,11222.04,96.84,0.0025,23.0,0.0045,29.8,105.67,2.59656,-2.93233,0.34914,2e-05,0.02825
11236.13,SYN.BTC-16AUG19,1565693942625,open,0.0,74.4,0.0005,0.0105,8.227e-05,115.18,0.0015,0.0,BTC-16AUG19-15000-C,11222.04,0.0,0.0,0.0,0.0005,1.0,140.44,0.08467,-0.92441,0.00237,1e-05,0.00276
11270.12,SYN.BTC-23AUG19,1565693942625,open,0.26,0.0,0.231,0.266,0.24764159,94.46,None,0.0,BTC-23AUG19-8500-C,11222.04,0.0,0.0,0.0,0.277,1.0,201.18,1.23228,-5.89345,2.20524,4e-05,0.97083
11236.13,SYN.BTC-16AUG19,1565693942625,open,0.0,30.4,0.0005,0.0105,1.005e-05,115.17,0.0005,0.0,BTC-16AUG19-8000-P,11222.04,0.0,0.0,0.0,0.0005,22.0,168.44,0.01342,-0.1129,-0.00034,0.0,-0.00037
11439.93,BTC-27SEP19,1565693942630,open,0.0,761.1,0.0005,0.0105,0.00097447,113.1,0.002,0.0,BTC-27SEP19-32000-C,11222.04,105.6,0.0005,1.6,0.0015,25.0,118.73,0.90829,-1.14463,0.10305,0.0,0.0083
11270.12,SYN.BTC-23AUG19,1565693942625,open,0.0,13.2,0.0005,0.0135,0.00339892,91.95,0.004,0.0,BTC-23AUG19-14500-C,11222.04,86.68,0.0025,8.0,0.004,30.0,95.05,2.08779,-9.71953,0.15999,7e-05,0.05587
11236.13,SYN.BTC-16AUG19,1565693942626,open,0.25,0.0,0.2285,0.2595,0.24360796,116.61,None,0.0,BTC-16AUG19-8500-C,11222.04,0.0,0.235,6.5,0.2565,6.5,273.04,0.0912,-1.84904,0.66694,1e-05,0.997
11236.13,SYN.BTC-16AUG19,1565693942625,open,0.0,264.8,0.0005,0.0105,0.00023524,115.1,0.001,0.0,BTC-16AUG19-14500-C,11222.04,126.26,0.0005,201.0,0.001,65.6,139.18,0.20032,-2.64321,0.0062,2e-05,0.00724
11270.12,SYN.BTC-23AUG19,1565693942625,open,0.0,64.1,0.0005,0.011,0.00120514,100.53,0.0015,0.0,BTC-23AUG19-16000-C,11222.04,97.89,0.001,10.0,0.0015,30.4,103.85,0.92977,-4.73232,0.0599,3e-05,0.02085
210.74,SYN.ETH-23AUG19,1565693942668,open,0.2,0.0,0.17,0.224,0.197838,90.8,None,0.0,ETH-23AUG19-170-C,210.14,0.0,0.0,0.0,0.0,0.0,0.0,0.04402,-0.20235,0.04203,0.00403,0.93488
210.32,SYN.ETH-16AUG19,1565693942704,open,0.0,155.0,0.001,0.015,0.00288,84.45,0.004,0.0,ETH-16AUG19-190-P,210.14,77.33,0.002,210.0,0.004,325.0,92.17,0.02824,-0.41468,-0.0014,0.0096,-0.08187
210.32,SYN.ETH-16AUG19,1565693942815,open,0.06,364.0,0.027,0.089,0.059413,82.26,0.06,0.0,ETH-16AUG19-200-C,210.14,73.13,0.057,200.0,0.062,50.0,91.54,0.05725,-0.81887,0.01171,0.01997,0.76586
210.74,SYN.ETH-23AUG19,1565693943161,open,0.12,0.0,0.084,0.15,0.118799,90.65,None,0.0,ETH-23AUG19-190-C,210.14,84.82,0.116,50.0,0.123,50.0,99.08,0.10286,-0.47206,0.03766,0.00944,0.77919
210.74,SYN.ETH-23AUG19,1565693943256,open,0.02,234.0,0.004,0.043,0.020372,90.65,0.022,0.0,ETH-23AUG19-190-P,210.14,85.72,0.018,200.0,0.022,244.0,93.96,0.10286,-0.47206,-0.01375,0.00944,-0.22081
210.32,SYN.ETH-16AUG19,1565693943363,open,0.06,173.0,0.025,0.092,0.058265,82.13,0.044,0.0,ETH-16AUG19-220-P,210.14,70.88,0.055,50.0,0.06,200.0,87.86,0.06291,-0.89834,-0.01289,0.02198,-0.7194
210.74,SYN.ETH-23AUG19,1565693943471,open,0.04,200.0,0.011,0.064,0.035564,90.01,0.038,0.0,ETH-23AUG19-200-P,210.14,85.71,0.033,200.0,0.038,192.0,94.06,0.12622,-0.57518,-0.0211,0.01167,-0.33453
210.32,SYN.ETH-16AUG19,1565693943555,open,0.1,51.0,0.063,0.134,0.097746,82.76,0.1,0.0,ETH-16AUG19-230-P,210.14,0.0,0.09,200.0,0.105,200.0,115.89,0.03707,-0.53343,-0.01622,0.01285,-0.88124
11439.9,BTC-27SEP19,1565693943626,open,0.15,92.6,0.1125,0.195,0.15445278,90.05,0.1485,0.0,BTC-27SEP19-12000-P,11222.02,87.94,0.1515,17.4,0.1585,4.7,92.94,16.0023,-16.05553,-9.16848,0.00011,-0.49741
11439.9,BTC-27SEP19,1565693943626,open,1.25,0.0,1.2285,1.326,1.27483101,102.72,None,0.0,BTC-27SEP19-26000-P,11222.02,0.0,0.0,0.0,0.0,0.0,0.0,1.76689,-2.02222,-31.74386,1e-05,-0.9821
11691.6,BTC-27DEC19,1565693943626,open,0.79,0.0,0.7775,0.797,0.78748298,112.74,None,0.0,BTC-27DEC19-2500-C,11222.02,0.0,0.721,10.0,0.854,10.0,288.69,1.00343,-0.41628,9.03848,0.0,0.99515
11439.9,BTC-27SEP19,1565693943626,open,0.7,261.1,0.6845,0.704,0.69416346,115.56,0.714,0.0,BTC-27SEP19-3500-C,11222.02,0.0,0.6325,8.0,0.7275,8.0,296.67,0.12103,-0.15583,4.28912,0.0,0.99911
11691.6,BTC-27DEC19,1565693943626,open,0.05,313.0,0.0165,0.0805,0.04448378,96.82,0.0465,0.0,BTC-27DEC19-24000-C,11222.02,95.88,0.043,8.9,0.046,11.0,97.77,18.60396,-6.6285,5.82231,4e-05,0.17826
11439.9,BTC-27SEP19,1565693943626,open,0.0,49.2,0.0005,0.0105,5.328e-05,115.17,0.0015,0.0,BTC-27SEP19-3250-P,11222.02,0.0,0.0,0.0,0.001,27.0,155.34,0.06507,-0.08351,-0.00712,0.0,-0.00045
11691.6,BTC-27DEC19,1565693943626,open,0.48,63.0,0.4485,0.5005,0.47409499,90.92,0.4965,0.0,BTC-27DEC19-6500-C,11222.02,0.0,0.421,10.0,0.5265,10.0,135.47,11.66369,-3.90245,18.93574,3e-05,0.90917
11439.9,BTC-27SEP19,1565693943626,open,0.0,492.7,0.0005,0.0105,2.8e-07,115.17,0.0005,0.0,BTC-27SEP19-2000-P,11222.02,0.0,0.0,0.0,0.0005,12.0,196.56,0.00058,-0.00075,-5e-05,0.0,0.0
11691.6,BTC-27DEC19,1565693943626,open,0.01,203.3,0.0005,0.021,0.00701933,102.21,0.013,0.0,BTC-27DEC19-44000-C,11222.02,99.93,0.006,6.0,0.008,1.0,104.21,5.4972,-2.06759,1.21283,1e-05,0.03489
11691.6,BTC-27DEC19,1565693943626,open,2.74,0.0,2.691,2.859,2.77037282,102.14,3.46,0.0,BTC-27DEC19-44000-P,11222.02,0.0,0.0,0.0,0.0,0.0,0.0,5.48092,-2.06009,-162.5866,1e-05,-0.96524
11691.6,BTC-27DEC19,1565693943626,open,0.01,531.9,0.0005,0.0165,0.00692525,94.14,0.0085,0.0,BTC-27DEC19-4500-P,11222.02,92.96,0.0065,4.2,0.0075,6.0,95.69,4.2559,-1.4744,-1.41658,1e-05,-0.02562
11439.9,BTC-27SEP19,1565693943626,open,0.74,225.7,0.728,0.7475,0.73778786,116.3,0.693,0.0,BTC-27SEP19-3000-C,11222.02,0.0,0.674,8.0,0.8025,8.0,424.27,0.03674,-0.04761,3.68457,0.0,0.99975
11439.9,BTC-27SEP19,1565693943626,open,0.01,487.5,0.0005,0.0165,0.00555749,99.22,0.0075,0.0,BTC-27SEP19-22000-C,11222.02,95.78,0.0045,47.0,0.0065,2.0,101.97,3.73653,-4.13086,0.54123,2e-05,0.04404
11691.6,BTC-27DEC19,1565693943626,open,0.18,233.3,0.128,0.229,0.18044031,91.57,0.19,0.0,BTC-27DEC19-13000-C,11222.02,90.36,0.1775,13.6,0.184,18.4,93.04,28.34458,-9.55095,15.45986,6e-05,0.53565
11691.6,BTC-27DEC19,1565693943626,open,3.42,0.9,3.361,3.552,3.45210868,105.37,3.3,0.0,BTC-27DEC19-52000-P,11222.02,0.0,0.001,1.0,0.0,0.0,0.0,3.85278,-1.49392,-192.78035,1e-05,-0.97724
11439.9,BTC-27SEP19,1565693943627,open,0.48,713.5,0.4655,0.493,0.47859055,99.1,0.362,0.0,BTC-27SEP19-6000-C,11222.02,0.0,0.4265,4.0,0.532,4.0,214.35,2.03474,-2.24668,7.03645,1e-05,0.97887
11439.9,BTC-27SEP19,1565693943627,open,0.0,1067.6,0.0005,0.0105,0.00056109,115.14,0.0005,0.0,BTC-27SEP19-4250-P,11222.02,0.0,0.0,0.0,0.0015,22.2,130.77,0.4722,-0.60578,-0.06375,0.0,-0.00397
11439.9,BTC-27SEP19,1565693943626,open,0.61,289.7,0.598,0.6175,0.60752791,115.23,0.588,0.0,BTC-27SEP19-4500-C,11222.02,0.0,0.5495,8.0,0.6665,8.0,295.06,0.68346,-0.87746,5.43554,0.0,0.99399
11691.6,BTC-27DEC19,1565693943627,open,0.04,158.4,0.012,0.0685,0.03595851,97.7,0.0395,0.0,BTC-27DEC19-26000-C,11222.02,96.66,0.0345,10.0,0.0375,11.0,98.78,16.52433,-5.94088,4.90015,3e-05,0.14855
11691.6,BTC-27DEC19,1565693943627,open,0.75,0.0,0.7355,0.755,0.74538977,105.76,None,0.0,BTC-27DEC19-3000-C,11222.02,0.0,0.6805,10.0,0.81,10.0,250.8,1.48364,-0.57742,10.75348,0.0,0.99246
11439.9,BTC-27SEP19,1565693943627,open,0.0,586.8,0.0005,0.0105,2.447e-05,115.17,0.0005,0.0,BTC-27SEP19-3000-P,11222.02,0.0,0.0,0.0,0.001,27.0,164.84,0.03306,-0.04242,-0.00342,0.0,-0.00022
11691.6,BTC-27DEC19,1565693943627,open,0.14,403.1,0.0925,0.183,0.13812422,90.92,0.13,0.0,BTC-27DEC19-10000-P,11222.02,88.22,0.1325,8.0,0.139,4.9,91.34,24.34055,-8.14379,-18.54845,5e-05,-0.28805
11691.6,BTC-27DEC19,1565693943627,open,1.08,0.0,1.0325,1.168,1.09722205,96.81,None,0.0,BTC-27DEC19-24000-P,11222.02,0.0,0.0055,1.0,1.874,0.2,500.0,18.60101,-6.62669,-83.5218,4e-05,-0.82179
11439.9,BTC-27SEP19,1565693943627,open,0.0,125.2,0.0005,0.0105,0.00019645,115.17,0.0005,0.0,BTC-27SEP19-3750-P,11222.02,0.0,0.0,0.0,0.001,11.0,138.44,0.19805,-0.25414,-0.02413,0.0,-0.00152
11439.9,BTC-27SEP19,1565693943627,open,0.0,330.4,0.0005,0.011,0.00118319,113.23,0.0015,0.0,BTC-27SEP19-4750-P,11222.02,101.55,0.0005,36.5,0.0015,24.0,117.07,0.87212,-1.10031,-0.12812,0.0,-0.00793
11691.6,BTC-27DEC19,1565693943627,open,0.48,27.3,0.4225,0.552,0.48777584,93.43,0.495,0.0,BTC-27DEC19-16000-P,11222.02,0.0,0.004,5.0,1.2205,0.2,500.0,27.47391,-9.44544,-47.54502,6e-05,-0.60463
11691.58,BTC-27DEC19,1565693943627,open,0.0,321.9,0.0005,0.014,0.00435893,95.94,0.006,0.0,BTC-27DEC19-4000-P,11222.02,94.5,0.004,4.3,0.005,16.0,98.36,2.97628,-1.05078,-0.92066,1e-05,-0.01679
11439.9,BTC-27SEP19,1565693943627,open,0.05,476.8,0.018,0.0725,0.04332592,94.04,0.042,0.0,BTC-27SEP19-15000-C,11222.02,91.96,0.041,32.3,0.045,21.6,95.52,12.89764,-13.51382,2.9863,9e-05,0.25565
11691.58,BTC-27DEC19,1565693943627,open,0.06,408.3,0.0355,0.0985,0.06593077,90.92,0.063,0.0,BTC-27DEC19-8000-P,11222.02,88.35,0.062,4.2,0.0655,12.9,90.64,17.92787,-5.99837,-10.18982,4e-05,-0.16819
11691.58,BTC-27DEC19,1565693943627,open,0.16,417.0,0.104,0.204,0.15565206,91.79,0.157,0.0,BTC-27DEC19-14000-C,11222.02,90.9,0.1535,13.6,0.156,11.6,91.93,28.43344,-9.60364,14.26256,6e-05,0.48335
11439.9,BTC-27SEP19,1565693943627,open,0.57,789.2,0.5545,0.5755,0.56446895,111.13,0.5015,0.0,BTC-27SEP19-5000-C,11222.02,0.0,0.508,8.0,0.6215,8.0,264.65,1.08793,-1.34712,5.98226,1e-05,0.9898
11439.9,BTC-27SEP19,1565693943627,open,0.0,681.9,0.0005,0.011,0.00139235,111.55,0.004,0.0,BTC-27SEP19-30000-C,11222.02,107.42,0.001,1.0,0.0015,24.0,112.53,1.2188,-1.5148,0.14392,1e-05,0.01162
11691.58,BTC-27DEC19,1565693943628,open,0.92,4.9,0.8725,1.007,0.93757183,96.01,0.88,0.0,BTC-27DEC19-22000-P,11222.02,0.0,0.0055,2.0,1.71,0.3,500.0,20.89188,-7.38146,-74.93432,4e-05,-0.78413
11439.9,BTC-27SEP19,1565693943628,open,0.15,516.9,0.1045,0.1775,0.14246833,89.51,0.152,0.0,BTC-27SEP19-11000-C,11222.02,87.3,0.1395,8.0,0.146,24.7,92.13,15.37941,-15.33747,6.58957,0.00011,0.61098
11691.58,BTC-27DEC19,1565693943628,open,0.02,277.1,0.008,0.0395,0.0216331,90.95,0.0235,0.0,BTC-27DEC19-6000-P,11222.02,89.54,0.0205,1.0,0.0225,6.0,92.0,9.52332,-3.18721,-3.96564,2e-05,-0.06948
11691.58,BTC-27DEC19,1565693943628,open,0.41,208.1,0.355,0.482,0.41948961,92.84,0.3995,0.0,BTC-27DEC19-15000-P,11222.02,89.93,0.4125,4.0,0.424,3.6,94.72,28.1112,-9.60422,-42.72806,6e-05,-0.56224
11439.9,BTC-27SEP19,1565693943628,open,0.42,34.4,0.3865,0.4765,0.43029804,94.58,0.396,0.0,BTC-27SEP19-16000-P,11222.02,0.0,0.3815,3.0,0.474,3.0,133.25,11.1909,-11.79327,-17.32043,7e-05,-0.80116
11439.9,BTC-27SEP19,1565693943628,open,0.21,49.1,0.17,0.2585,0.21490271,91.52,0.225,0.0,BTC-27SEP19-13000-P,11222.02,84.93,0.206,7.8,0.2195,3.0,94.89,15.55592,-15.8616,-11.37785,0.00011,-0.59404
11691.58,BTC-27DEC19,1565693943628,open,0.62,12.4,0.566,0.699,0.63216524,94.83,0.559,0.0,BTC-27DEC19-18000-P,11222.02,0.0,0.004,5.0,1.383,0.2,500.0,25.64229,-8.94805,-56.93498,5e-05,-0.67598
11439.9,BTC-27SEP19,1565693943627,open,0.4,748.2,0.378,0.4145,0.39572351,93.91,0.4255,0.0,BTC-27SEP19-7000-C,11222.02,0.0,0.347,4.0,0.4425,4.0,172.78,4.05906,-4.24704,7.81248,3e-05,0.95118
11439.9,BTC-27SEP19,1565693943628,open,0.0,422.0,0.0005,0.0105,0.00010618,115.17,0.0005,0.0,BTC-27SEP19-3500-P,11222.02,0.0,0.0,0.0,0.0005,0.4,134.71,0.11764,-0.15097,-0.0136,0.0,-0.00086
11236.0,SYN.BTC-16AUG19,1565693943626,open,0.16,5.3,0.1375,0.1755,0.15559283,102.9,0.18,0.0,BTC-16AUG19-9500-C,11222.02,0.0,0.1495,9.5,0.163,4.0,165.47,0.6755,-12.08531,0.72109,7e-05,0.97017
11439.88,BTC-27SEP19,1565693943628,open,1.08,0.2,1.0575,1.1505,1.10134269,101.31,1.6,0.0,BTC-27SEP19-24000-P,11222.02,0.0,0.0,0.0,0.0,0.0,0.0,2.5917,-2.92559,-29.15892,2e-05,-0.97181
11691.58,BTC-27DEC19,1565693943628,open,0.35,265.4,0.2905,0.413,0.35308272,91.78,0.3495,0.0,BTC-27DEC19-14000-P,11222.02,89.69,0.348,9.0,0.3585,3.6,94.01,28.4334,-9.6031,-37.85419,6e-05,-0.51666
11691.58,BTC-27DEC19,1565693943628,open,0.62,6.5,0.6095,0.6365,0.62203321,94.15,0.575,0.0,BTC-27DEC19-4500-C,11222.02,0.0,0.563,10.0,0.6815,10.0,180.36,4.25601,-1.47445,15.33517,1e-05,0.97438
11691.58,BTC-27DEC19,1565693943628,open,0.25,568.7,0.192,0.289,0.24286936,90.92,0.2395,0.0,BTC-27DEC19-11000-C,11222.02,89.21,0.239,10.0,0.2455,18.0,92.09,26.40203,-8.83368,17.75139,6e-05,0.65073
11269.99,SYN.BTC-23AUG19,1565693943626,open,0.09,5.7,0.0635,0.128,0.09613829,85.85,0.0905,0.0,BTC-23AUG19-12000-P,11222.02,78.2,0.0915,4.2,0.0955,18.0,84.81,6.89647,-29.97744,-2.26217,0.00023,-0.64573
11236.0,SYN.BTC-16AUG19,1565693943626,open,0.0,166.2,0.0005,0.0105,0.00063074,114.96,0.001,0.0,BTC-16AUG19-14000-C,11222.02,111.31,0.0005,49.6,0.0015,70.4,131.53,0.43463,-7.08704,0.01509,4e-05,0.01767
11691.58,BTC-27DEC19,1565693943629,open,0.45,52.5,0.412,0.471,0.44150783,90.92,0.4165,0.0,BTC-27DEC19-7000-C,11222.02,0.0,0.389,10.0,0.485,10.0,124.22,13.81826,-4.62336,19.31642,3e-05,0.88533
11439.88,BTC-27SEP19,1565693943629,open,0.0,389.0,0.0005,0.0115,0.00198474,103.3,0.003,0.0,BTC-27SEP19-5500-P,11222.02,93.53,0.001,86.7,0.0025,24.0,107.17,1.41361,-1.62703,-0.22198,1e-05,-0.0138
11439.88,BTC-27SEP19,1565693943629,open,0.01,435.6,0.0005,0.018,0.00760954,93.89,0.008,0.0,BTC-27SEP19-7000-P,11222.02,90.63,0.0065,9.0,0.0085,30.1,96.33,4.05707,-4.24401,-0.79329,3e-05,-0.04879
11691.58,BTC-27DEC19,1565693943629,open,0.87,0.1,0.862,0.8815,0.87182364,115.29,0.84,0.0,BTC-27DEC19-1500-C,11222.02,0.0,0.802,10.0,0.8995,10.0,283.32,0.1352,-0.05736,5.55533,0.0,0.99946
11691.58,BTC-27DEC19,1565693943629,open,1.57,0.2,1.5235,1.664,1.58962719,98.81,2.03,0.0,BTC-27DEC19-30000-P,11222.02,0.0,0.0,0.0,0.0,0.0,0.0,12.84128,-4.66931,-108.20224,3e-05,-0.89645
11691.58,BTC-27DEC19,1565693943629,open,1.41,0.1,1.3585,1.4975,1.42405428,98.36,1.49,0.0,BTC-27DEC19-28000-P,11222.02,0.0,0.005,1.0,0.0,0.0,0.0,14.60408,-5.28617,-100.10501,3e-05,-0.87598
11691.58,BTC-27DEC19,1565693943630,open,0.05,160.0,0.026,0.081,0.05218695,90.92,0.0495,0.0,BTC-27DEC19-7500-P,11222.02,88.57,0.049,4.3,0.052,14.0,90.79,15.92278,-5.32749,-8.39031,3e-05,-0.14059
11303.98,SYN.BTC-30AUG19,1565693943628,open,0.47,0.0,0.4585,0.481,0.46951921,115.41,None,0.0,BTC-30AUG19-6000-C,11222.02,0.0,0.419,4.0,0.524,4.0,340.41,0.26988,-0.92287,2.75304,0.0,0.99628
11691.58,BTC-27DEC19,1565693943630,open,0.02,147.0,0.005,0.045,0.02017184,100.06,0.027,0.0,BTC-27DEC19-32000-C,11222.02,99.37,0.0195,3.2,0.0205,10.0,100.39,11.53418,-4.24701,3.01651,2e-05,0.08948
11303.98,SYN.BTC-30AUG19,1565693943626,open,0.22,21.1,0.191,0.2365,0.21368194,89.36,0.2905,0.0,BTC-30AUG19-9000-C,11222.02,71.52,0.208,16.1,0.2205,4.0,105.58,4.26136,-11.28208,3.58768,8e-05,0.90014
11439.88,BTC-27SEP19,1565693943630,open,0.65,227.5,0.641,0.6605,0.65068807,115.2,0.7065,0.0,BTC-27SEP19-4000-C,11222.02,0.0,0.591,8.0,0.6965,8.0,296.71,0.31446,-0.40361,4.87752,0.0,0.99747
11439.88,BTC-27SEP19,1565693943630,open,0.1,177.4,0.067,0.1405,0.10400776,89.5,0.101,0.0,BTC-27SEP19-11000-P,11222.02,86.89,0.1005,25.3,0.107,29.6,91.73,15.37942,-15.33643,-6.93454,0.00011,-0.38903
11691.58,BTC-27DEC19,1565693943630,open,0.03,214.3,0.0125,0.0515,0.03005064,90.92,0.0295,0.0,BTC-27DEC19-6500-P,11222.02,88.33,0.0275,12.2,0.0305,14.0,91.37,11.66382,-3.90252,-5.26139,3e-05,-0.09084
11236.0,SYN.BTC-16AUG19,1565693943626,open,0.0,230.3,0.0005,0.0105,8.43e-06,115.18,0.0005,0.0,BTC-16AUG19-16000-C,11222.02,0.0,0.0,0.0,0.0005,12.0,166.88,0.01203,-0.09476,0.00028,0.0,0.00033
11439.88,BTC-27SEP19,1565693943630,open,0.02,436.0,0.0045,0.0385,0.01803237,97.14,0.018,0.0,BTC-27SEP19-18000-C,11222.02,96.39,0.0175,5.1,0.019,32.0,98.48,8.16179,-8.83383,1.47551,5e-05,0.12294
11691.58,BTC-27DEC19,1565693943630,open,0.0,993.9,0.0005,0.0155,0.0045091,105.49,0.005,0.0,BTC-27DEC19-52000-C,11222.02,103.89,0.004,5.0,0.005,10.0,106.92,3.87504,-1.5042,0.80113,1e-05,0.02292
11439.88,BTC-27SEP19,1565693943630,open,0.06,354.0,0.035,0.0955,0.06437295,89.5,0.061,0.0,BTC-27SEP19-10000-P,11222.02,87.06,0.0615,6.0,0.066,19.4,90.88,13.48139,-13.44375,-4.83074,9e-05,-0.27909
11439.88,BTC-27SEP19,1565693943631,open,0.87,42.8,0.859,0.8785,0.86888032,139.07,0.815,0.0,BTC-27SEP19-1500-C,11222.02,0.0,0.799,8.0,0.939,8.0,500.0,0.00096,-0.00148,1.84413,0.0,0.99999
11236.0,SYN.BTC-16AUG19,1565693943626,open,0.0,285.8,0.0005,0.014,0.00293313,94.22,0.0025,0.0,BTC-16AUG19-10000-P,11222.02,86.15,0.002,31.0,0.004,72.3,102.05,1.42042,-23.26976,-0.06952,0.00015,-0.0756
11269.99,SYN.BTC-23AUG19,1565693943626,open,0.21,0.0,0.186,0.226,0.20532459,91.09,None,0.0,BTC-23AUG19-9000-C,11222.02,0.0,0.06,1.0,0.2335,1.0,175.75,2.13584,-9.84983,2.24785,7e-05,0.9425
11303.98,SYN.BTC-30AUG19,1565693943628,open,0.0,369.9,0.0005,0.013,0.00300617,100.5,0.0035,0.0,BTC-30AUG19-17000-C,11222.02,94.06,0.002,58.7,0.004,38.0,105.67,1.98804,-5.91973,0.18037,3e-05,0.03752
11269.99,SYN.BTC-23AUG19,1565693943626,open,0.04,136.1,0.0175,0.069,0.04247797,82.75,0.04,0.0,BTC-23AUG19-11000-P,11222.02,77.28,0.039,4.7,0.0425,24.0,82.78,7.17477,-30.05875,-1.35766,0.00025,-0.40276
11236.0,SYN.BTC-16AUG19,1565693943626,open,0.28,0.0,0.2655,0.319,0.2907156,114.3,0.256,0.0,BTC-16AUG19-14500-P,11222.02,0.0,0.0,0.0,0.0,0.0,0.0,0.19159,-3.80748,-1.1365,2e-05,-0.99311
11236.0,SYN.BTC-16AUG19,1565693943626,open,0.37,0.0,0.3525,0.408,0.37950614,108.27,0.345,0.0,BTC-16AUG19-15500-P,11222.02,0.0,0.0,0.0,0.0,0.0,0.0,0.01721,-0.324,-1.22077,0.0,-0.99952
11303.98,SYN.BTC-30AUG19,1565693943627,open,0.02,198.2,0.0035,0.036,0.01648736,93.61,0.0195,0.0,BTC-30AUG19-14000-C,11222.02,90.81,0.015,36.6,0.018,24.0,96.37,6.10476,-16.93245,0.79199,0.00011,0.16802
11236.0,SYN.BTC-16AUG19,1565693943626,open,0.0,20.0,0.0005,0.0105,3e-08,115.17,0.0005,0.0,BTC-16AUG19-7000-P,11222.02,0.0,0.0,0.0,0.0005,52.0,226.86,7e-05,-0.00033,0.0,0.0,0.0
11236.0,SYN.BTC-16AUG19,1565693943626,open,0.12,31.5,0.092,0.135,0.1129466,94.3,0.125,0.0,BTC-16AUG19-10000-C,11222.02,0.0,0.106,9.2,0.124,9.2,153.57,1.42267,-23.32551,0.71819,0.00015,0.92424
11691.58,BTC-27DEC19,1565693943632,open,3.08,0.0,3.026,3.2055,3.11122836,104.26,None,0.0,BTC-27DEC19-48000-P,11222.02,0.0,0.0,0.0,0.0,0.0,0.0,4.66251,-1.78889,-177.69033,1e-05,-0.97142
11303.98,SYN.BTC-30AUG19,1565693943626,open,0.0,660.2,0.0005,0.014,0.00401514,99.52,0.003,0.0,BTC-30AUG19-8000-P,11222.02,96.77,0.0035,2.0,0.004,30.0,99.44,2.19919,-6.4843,-0.243,4e-05,-0.04248
11236.0,SYN.BTC-16AUG19,1565693943626,open,0.19,0.0,0.178,0.231,0.20266583,108.87,0.195,0.0,BTC-16AUG19-13500-P,11222.02,0.0,0.0,0.0,0.0,0.0,0.0,0.71695,-13.57109,-1.03627,7e-05,-0.96794
11269.99,SYN.BTC-23AUG19,1565693943626,open,0.01,67.9,0.0005,0.0225,0.00794394,87.69,0.0075,0.0,BTC-23AUG19-13500-C,11222.02,84.73,0.007,51.5,0.009,20.0,90.83,3.68841,-16.37559,0.33891,0.00012,0.11909
11269.99,SYN.BTC-23AUG19,1565693943626,open,0.0,0.3,0.0005,0.011,0.00139559,106.4,0.001,0.0,BTC-23AUG19-8000-P,11222.02,91.61,0.0005,42.8,0.002,37.3,113.06,0.91268,-4.91662,-0.06645,2e-05,-0.0204
11269.99,SYN.BTC-23AUG19,1565693943626,open,0.12,32.7,0.0975,0.1625,0.1296813,86.8,0.1235,0.0,BTC-23AUG19-12500-P,11222.02,70.4,0.1215,3.0,0.134,3.0,94.77,5.97115,-26.24074,-2.66253,0.0002,-0.74348
11269.99,SYN.BTC-23AUG19,1565693943626,open,0.02,125.3,0.0045,0.042,0.02055373,86.82,0.0205,0.0,BTC-23AUG19-12500-C,11222.02,83.86,0.019,4.0,0.022,24.0,89.53,5.97201,-26.25173,0.71973,0.0002,0.25659
11236.0,SYN.BTC-16AUG19,1565693943626,open,0.01,386.5,0.0005,0.0165,0.00378121,91.42,0.004,0.0,BTC-16AUG19-12500-C,11222.02,89.6,0.0035,0.3,0.0045,3.3,95.8,1.76895,-28.11657,0.08647,0.00019,0.10146
11303.98,SYN.BTC-30AUG19,1565693943626,open,0.58,0.0,0.5615,0.6305,0.59404551,102.05,None,0.0,BTC-30AUG19-18000-P,11222.02,0.0,0.0,0.0,0.0,0.0,0.0,1.28519,-3.88582,-8.21508,2e-05,-0.97781
11236.0,SYN.BTC-16AUG19,1565693943626,open,0.0,2.0,0.0005,0.0105,7.3e-07,115.17,0.0005,0.0,BTC-16AUG19-7500-P,11222.02,0.0,0.0,0.0,0.0005,32.0,196.8,0.00131,-0.0082,-3e-05,0.0,-3e-05
11303.98,SYN.BTC-30AUG19,1565693943630,open,0.24,20.0,0.2205,0.2915,0.25497458,93.59,0.21,0.0,BTC-30AUG19-14000-P,11222.02,0.0,0.2105,3.0,0.2915,3.0,148.45,6.10276,-16.92195,-5.68125,0.00011,-0.83206
11269.99,SYN.BTC-23AUG19,1565693943626,open,0.28,0.0,0.262,0.3215,0.28998602,91.87,None,0.0,BTC-23AUG19-14500-P,11222.02,0.0,0.0,0.0,0.0,0.0,0.0,2.08242,-9.68599,-3.76374,7e-05,-0.94432
11269.99,SYN.BTC-23AUG19,1565693943626,open,0.0,20.1,0.0005,0.0135,0.00389643,91.04,0.0035,0.0,BTC-23AUG19-9000-P,11222.02,85.98,0.003,10.0,0.0045,30.6,94.11,2.1333,-9.83292,-0.18696,7e-05,-0.05742
11236.0,SYN.BTC-16AUG19,1565693943626,open,0.41,0.0,0.3965,0.453,0.42398688,0.0,None,0.0,BTC-16AUG19-16000-P,11222.02,0.0,0.0,0.0,0.0,0.0,0.0,0.0,0.0,-1.26058,0.0,-1.0
11269.99,SYN.BTC-23AUG19,1565693943627,open,0.0,28.6,0.0005,0.012,0.00216745,93.44,0.003,0.0,BTC-23AUG19-15000-C,11222.02,82.6,0.001,54.6,0.003,30.0,99.07,1.50795,-7.13382,0.10703,5e-05,0.03727
11269.99,SYN.BTC-23AUG19,1565693943626,open,0.41,0.0,0.392,0.453,0.42088812,100.33,None,0.0,BTC-23AUG19-16000-P,11222.02,0.0,0.0,0.0,0.0,0.0,0.0,0.9214,-4.68048,-4.2698,3e-05,-0.97937
11236.0,SYN.BTC-16AUG19,1565693943626,open,0.23,0.0,0.222,0.275,0.24661188,114.6,None,0.0,BTC-16AUG19-14000-P,11222.02,0.0,0.0,0.0,0.0,0.0,0.0,0.42844,-8.53715,-1.08817,4e-05,-0.98262
11269.99,SYN.BTC-23AUG19,1565693943626,open,0.32,0.0,0.3055,0.3645,0.33312053,93.33,None,0.0,BTC-23AUG19-15000-P,11222.02,0.0,0.0,0.0,0.0,0.0,0.0,1.5016,-7.09511,-3.95202,5e-05,-0.96293
11269.99,SYN.BTC-23AUG19,1565693943627,open,0.06,22.2,0.036,0.0955,0.06561742,82.75,0.0565,0.0,BTC-23AUG19-11500-P,11222.02,77.98,0.0625,4.0,0.0665,18.0,84.1,7.3717,-30.88285,-1.82241,0.00026,-0.53203
11236.0,SYN.BTC-16AUG19,1565693943626,open,0.0,108.0,0.0005,0.0105,2.702e-05,115.18,0.001,0.0,BTC-16AUG19-15500-C,11222.02,0.0,0.0,0.0,0.0005,13.0,153.96,0.03301,-0.30364,0.00084,0.0,0.00098
11269.99,SYN.BTC-23AUG19,1565693943626,open,0.13,5.3,0.1005,0.151,0.12607768,82.78,0.1335,0.0,BTC-23AUG19-10000-C,11222.02,76.44,0.1235,4.0,0.135,10.9,102.53,4.72711,-19.81212,2.14022,0.00017,0.82795
11236.0,SYN.BTC-16AUG19,1565693943626,open,0.32,0.5,0.309,0.363,0.33506202,113.1,0.305,0.0,BTC-16AUG19-15000-P,11222.02,0.0,0.0,0.0,0.0,0.0,0.0,0.07298,-1.43511,-1.17978,1e-05,-0.99766
11269.99,SYN.BTC-23AUG19,1565693943626,open,0.2,0.0,0.1765,0.238,0.20580172,87.65,None,0.0,BTC-23AUG19-13500-P,11222.02,0.0,0.0,0.0,0.0,0.0,0.0,3.68566,-16.35558,-3.31409,0.00012,-0.88104
11303.98,SYN.BTC-30AUG19,1565693943626,open,0.49,0.0,0.475,0.543,0.5068835,100.4,None,0.0,BTC-30AUG19-17000-P,11222.02,0.0,0.0,0.0,0.0,0.0,0.0,1.98085,-5.89231,-7.68032,3e-05,-0.96265
11303.98,SYN.BTC-30AUG19,1565693943628,open,0.3,21.0,0.279,0.3155,0.29630815,99.56,0.2375,0.0,BTC-30AUG19-8000-C,11222.02,0.0,0.253,4.0,0.343,4.0,215.55,2.20169,-6.49449,3.45543,4e-05,0.95746
11236.0,SYN.BTC-16AUG19,1565693943626,open,0.0,87.9,0.0005,0.0105,8.538e-05,115.17,0.0005,0.0,BTC-16AUG19-8500-P,11222.02,0.0,0.0,0.0,0.0005,1.0,141.47,0.08327,-0.95936,-0.00247,1e-05,-0.00271
11236.0,SYN.BTC-16AUG19,1565693943626,open,0.0,167.7,0.0005,0.0105,0.00048479,115.15,0.0015,0.0,BTC-16AUG19-9000-P,11222.02,115.65,0.0005,2.9,0.001,9.1,128.49,0.33691,-5.44706,-0.01206,3e-05,-0.01314
11269.99,SYN.BTC-23AUG19,1565693943626,open,0.03,64.7,0.01,0.056,0.03137582,85.87,0.034,0.0,BTC-23AUG19-12000-C,11222.02,83.62,0.03,0.5,0.033,12.1,88.52,6.89678,-29.98573,0.98473,0.00023,0.35431
11269.99,SYN.BTC-23AUG19,1565693943627,open,0.3,0.0,0.276,0.3085,0.29155395,106.5,None,0.0,BTC-23AUG19-8000-C,11222.02,0.0,0.0,0.0,0.32,1.0,225.88,0.91596,-4.93895,2.09779,3e-05,0.97952
11236.0,SYN.BTC-16AUG19,1565693943626,open,0.21,0.0,0.183,0.2175,0.19949691,115.44,None,0.0,BTC-16AUG19-9000-C,11222.02,0.0,0.194,10.0,0.207,4.0,199.86,0.34091,-6.84266,0.69685,3e-05,0.98668
11439.88,BTC-27SEP19,1565693943658,open,1.6,0.0,1.5715,1.6805,1.62375852,111.18,None,0.0,BTC-27SEP19-30000-P,11222.02,0.0,0.0,0.0,0.0,0.0,0.0,1.19455,-1.47975,-36.74341,1e-05,-0.98864
212.88,ETH-27SEP19,1565693943666,open,0.0,5139.0,0.001,0.013,0.00307,115.88,0.002,0.0,ETH-27SEP19-520-C,210.14,109.47,0.002,200.0,0.004,800.0,120.33,0.04072,-0.05258,0.00522,0.00063,0.02303
11691.58,BTC-27DEC19,1565693943687,open,0.06,256.4,0.0235,0.095,0.05587577,96.01,0.058,0.0,BTC-27DEC19-22000-C,11222.02,95.24,0.0545,4.9,0.057,10.0,96.64,20.89188,-7.38146,6.96336,4e-05,0.21587
11303.98,SYN.BTC-30AUG19,1565693943709,open,0.41,0.0,0.389,0.4575,0.42107936,99.8,0.403,0.0,BTC-30AUG19-16000-P,11222.02,0.0,0.0,0.0,0.0,0.0,0.0,3.09292,-9.14553,-7.0858,5e-05,-0.9347
211.17,SYN.ETH-30AUG19,1565693943709,open,0.0,770.0,0.001,0.011,0.001514,96.61,0.003,0.0,ETH-30AUG19-140-P,210.14,90.67,0.001,200.0,0.002,250.0,101.14,0.02071,-0.05929,-0.00197,0.00104,-0.01865
211.17,SYN.ETH-30AUG19,1565693943730,open,0.01,864.0,0.001,0.017,0.00575,100.97,0.006,0.0,ETH-30AUG19-300-C,210.14,93.97,0.004,250.0,0.007,450.0,105.28,0.05805,-0.17367,0.00585,0.00279,0.0657
11303.98,SYN.BTC-30AUG19,1565693943822,open,0.01,683.7,0.0005,0.024,0.00985229,89.33,0.0095,0.0,BTC-30AUG19-9000-P,11222.02,87.03,0.009,4.7,0.0105,35.0,91.03,4.25968,-11.27445,-0.57312,8e-05,-0.09981
212.89,ETH-27SEP19,1565693943820,open,0.01,7899.0,0.004,0.028,0.013895,96.16,0.014,0.0,ETH-27SEP19-140-P,210.14,92.37,0.012,200.0,0.015,300.0,98.26,0.10994,-0.11779,-0.02432,0.00205,-0.07902
215.34,ETH-27DEC19,1565693943824,open,0.76,242.0,0.678,0.841,0.760142,101.33,0.889,0.0,ETH-27DEC19-360-P,210.14,71.92,0.705,110.0,1.59,1.0,500.0,0.45738,-0.17055,-1.16984,0.00261,-0.69919
11439.88,BTC-27SEP19,1565693943902,open,0.0,564.7,0.0005,0.013,0.00306408,99.06,0.0045,0.0,BTC-27SEP19-6000-P,11222.02,92.29,0.002,64.7,0.004,39.0,103.92,2.03214,-2.24296,-0.33984,1e-05,-0.0211
11691.58,BTC-27DEC19,1565693943939,open,2.4,0.0,2.3565,2.515,2.43100346,101.53,2.58,0.0,BTC-27DEC19-40000-P,11222.02,0.0,0.0005,3.0,0.0,0.0,0.0,6.98811,-2.61087,-147.28813,1e-05,-0.95312
11691.58,BTC-27DEC19,1565693944022,open,0.29,508.3,0.235,0.326,0.28281287,90.92,0.278,0.0,BTC-27DEC19-10000-C,11222.02,88.37,0.2775,10.0,0.2885,14.1,93.66,24.34055,-8.14397,18.67753,5e-05,0.71195
211.17,SYN.ETH-30AUG19,1565693944339,open,0.0,3915.0,0.001,0.012,0.002128,107.68,0.005,0.0,ETH-30AUG19-340-C,210.14,96.84,0.001,250.0,0.003,200.0,113.66,0.02753,-0.08784,0.00234,0.00124,0.02612
11269.96,SYN.BTC-23AUG19,1565693944625,open,0.01,32.0,0.0005,0.019,0.00662858,84.14,0.0065,0.0,BTC-23AUG19-9500-P,11221.92,81.85,0.006,9.6,0.0065,1.0,83.68,3.1617,-13.46857,-0.31348,0.00011,-0.09617
11439.86,BTC-27SEP19,1565693945379,open,0.21,49.1,0.17,0.2585,0.21490778,91.52,0.225,0.0,BTC-27SEP19-13000-P,11221.92,84.93,0.206,7.8,0.22,3.0,95.25,15.55583,-15.86162,-11.3779,0.00011,-0.59405
11439.86,BTC-27SEP19,1565693945381,open,0.21,49.1,0.17,0.2585,0.21490778,91.52,0.225,0.0,BTC-27SEP19-13000-P,11221.92,84.93,0.206,7.8,0.22,7.8,95.25,15.55583,-15.86162,-11.3779,0.00011,-0.59405
212.89,ETH-27SEP19,1565693945469,open,0.71,233.0,0.647,0.768,0.705563,102.27,0.634,0.0,ETH-27SEP19-360-P,210.14,0.0,0.644,25.0,0.772,25.0,172.18,0.13031,-0.14848,-0.42045,0.00229,-0.90073
11269.86,SYN.BTC-23AUG19,1565693945704,open,0.24,0.0,0.219,0.279,0.24741302,89.76,None,0.0,BTC-23AUG19-14000-P,11221.92,0.0,0.0,0.0,0.0,0.0,0.0,2.79357,-12.69556,-3.55531,9e-05,-0.91855
11269.86,SYN.BTC-23AUG19,1565693945800,open,0.36,0.0,0.3485,0.408,0.37658834,93.3,None,0.0,BTC-23AUG19-15500-P,11221.92,0.0,0.0,0.0,0.0,0.0,0.0,1.00097,-4.72834,-4.12819,3e-05,-0.97725
210.75,SYN.ETH-23AUG19,1565693945818,open,0.0,1.0,0.001,0.015,0.004508,90.8,0.012,0.0,ETH-23AUG19-170-P,210.14,82.85,0.003,450.0,0.005,10.0,93.1,0.04402,-0.20236,-0.00397,0.00403,-0.06512
11269.86,SYN.BTC-23AUG19,1565693945824,open,0.05,23.9,0.0195,0.071,0.04521403,82.76,0.048,0.0,BTC-23AUG19-11500-C,11221.92,80.14,0.0435,30.5,0.0485,12.4,87.78,7.37159,-30.88841,1.28903,0.00026,0.46795
210.32,SYN.ETH-16AUG19,1565693945913,open,0.01,382.0,0.001,0.031,0.010365,82.26,0.01,0.0,ETH-16AUG19-200-P,210.14,73.33,0.008,400.0,0.012,200.0,88.18,0.05725,-0.81887,-0.00405,0.01997,-0.23413
11269.85,SYN.BTC-23AUG19,1565693945915,open,0.16,0.0,0.1355,0.199,0.16660234,87.58,None,0.0,BTC-23AUG19-13000-P,11221.92,0.0,0.06,2.0,0.555,1.0,500.0,4.84658,-21.49046,-3.01157,0.00016,-0.82104
11235.88,SYN.BTC-16AUG19,1565693945937,open,0.02,447.8,0.0025,0.0415,0.01919872,81.28,0.0195,0.0,BTC-16AUG19-11000-P,11221.92,76.2,0.0175,0.3,0.02,27.5,83.67,3.76766,-53.24536,-0.3451,0.00047,-0.37064
210.75,SYN.ETH-23AUG19,1565693945937,open,0.16,0.0,0.124,0.185,0.156191,90.78,None,0.0,ETH-23AUG19-180-C,210.14,0.0,0.0,0.0,0.0,0.0,0.0,0.07297,-0.33539,0.04075,0.00669,0.87092
210.32,SYN.ETH-16AUG19,1565693946010,open,0.03,470.0,0.005,0.057,0.029759,81.98,0.026,0.0,ETH-16AUG19-210-C,210.14,71.35,0.026,150.0,0.032,200.0,88.32,0.07435,-1.05981,0.00817,0.02603,0.52275
210.75,SYN.ETH-23AUG19,1565693946047,open,0.01,70.0,0.001,0.027,0.010312,90.8,0.011,0.0,ETH-23AUG19-180-P,210.14,86.92,0.009,250.0,0.012,252.0,95.55,0.073,-0.33559,-0.00795,0.00669,-0.12914
210.32,SYN.ETH-16AUG19,1565693946094,open,0.03,435.0,0.005,0.057,0.028258,81.99,0.03,0.0,ETH-16AUG19-210-P,210.14,75.6,0.026,1.0,0.031,350.0,89.74,0.07435,-1.05992,-0.00838,0.02602,-0.47725
210.32,SYN.ETH-16AUG19,1565693946152,open,0.0,39.0,0.001,0.011,4e-06,120.03,0.001,0.0,ETH-16AUG19-310-C,210.14,0.0,0.0,0.0,0.001,200.0,197.53,0.00012,-0.0009,0.0,3e-05,0.00017
210.75,SYN.ETH-23AUG19,1565693946189,open,0.34,0.0,0.316,0.357,0.336607,116.52,None,0.0,ETH-23AUG19-140-C,210.14,0.0,0.0,0.0,0.0,0.0,0.0,0.01151,-0.0679,0.03709,0.00082,0.98712
210.32,SYN.ETH-16AUG19,1565693946189,open,0.01,1072.0,0.001,0.033,0.012218,82.13,0.012,0.0,ETH-16AUG19-220-C,210.14,74.57,0.01,200.0,0.014,200.0,88.01,0.06291,-0.89831,0.00445,0.02198,0.28061
210.32,SYN.ETH-16AUG19,1565693946305,open,0.48,0.0,0.432,0.52,0.47398,125.78,None,0.0,ETH-16AUG19-310-P,210.14,0.0,0.0,0.0,0.0,0.0,0.0,0.00022,-0.00471,-0.02442,5e-05,-0.99969
210.75,SYN.ETH-23AUG19,1565693946359,open,0.09,89.0,0.051,0.118,0.086541,90.0,0.093,0.0,ETH-23AUG19-200-C,210.14,85.74,0.084,150.0,0.089,200.0,94.09,0.12622,-0.57509,0.03301,0.01167,0.6655
210.75,SYN.ETH-23AUG19,1565693946379,open,0.0,0.0,0.001,0.011,0.000923,116.64,None,0.0,ETH-23AUG19-140-P,210.14,0.0,0.0,0.0,0.002,504.0,131.65,0.01157,-0.06831,-0.00079,0.00083,-0.01295
210.32,SYN.ETH-16AUG19,1565693946462,open,0.0,1172.0,0.001,0.018,0.004151,82.76,0.004,0.0,ETH-16AUG19-230-C,210.14,68.6,0.002,450.0,0.005,10.0,87.39,0.03707,-0.53339,0.0019,0.01285,0.11875
11269.85,SYN.BTC-23AUG19,1565693946496,open,0.01,91.9,0.0025,0.031,0.01338197,82.76,0.013,0.0,BTC-23AUG19-10000-P,11221.92,79.41,0.012,9.7,0.014,24.0,84.22,4.72639,-19.80333,-0.5653,0.00017,-0.17201
11235.88,SYN.BTC-16AUG19,1565693946499,open,0.15,0.3,0.1345,0.186,0.15863291,95.96,0.115,0.0,BTC-16AUG19-13000-P,11221.92,0.0,0.0,0.0,0.0,0.0,0.0,0.98715,-16.46982,-0.98362,0.0001,-0.95251
11439.72,BTC-27SEP19,1565693946528,open,0.53,221.9,0.51,0.534,0.52120545,103.31,0.51,0.0,BTC-27SEP19-5500-C,11221.92,80.25,0.5195,3.0,0.5765,8.0,237.75,1.41438,-1.6281,6.53997,1e-05,0.98619
11303.83,SYN.BTC-30AUG19,1565693946531,open,0.01,387.5,0.0005,0.018,0.00566459,99.86,0.0075,0.0,BTC-30AUG19-16000-C,11221.92,99.26,0.0055,1.0,0.006,30.0,101.07,3.09758,-9.16497,0.31234,5e-05,0.06543
11439.72,BTC-27SEP19,1565693946538,open,0.68,0.0,0.6625,0.682,0.67239241,115.24,None,0.0,BTC-27SEP19-3750-C,11221.92,0.0,0.6115,8.0,0.7115,8.0,296.04,0.19894,-0.25544,4.58626,0.0,0.99847
11439.72,BTC-27SEP19,1565693946538,open,0.59,13.5,0.576,0.596,0.58596476,113.25,0.382,0.0,BTC-27SEP19-4750-C,11221.92,0.0,0.5285,8.0,0.644,8.0,279.37,0.87287,-1.10142,5.71173,0.0,0.99207
11439.72,BTC-27SEP19,1565693946543,open,1.77,0.0,1.7425,1.8575,1.79823575,112.98,None,0.0,BTC-27SEP19-32000-P,11221.92,0.0,0.0,0.0,0.0,0.0,0.0,0.90149,-1.13481,-39.24088,0.0,-0.99177
11439.72,BTC-27SEP19,1565693946550,open,0.0,434.7,0.0005,0.011,0.00146197,105.5,0.0015,0.0,BTC-27SEP19-28000-C,11221.92,100.93,0.001,1.0,0.002,28.0,109.67,1.31704,-1.54807,0.15824,1e-05,0.01271
11303.83,SYN.BTC-30AUG19,1565693946552,open,0.17,17.3,0.1435,0.216,0.17964281,91.59,0.14,0.0,BTC-30AUG19-13000-P,11221.92,66.75,0.1635,7.4,0.187,7.4,101.68,8.04332,-21.82647,-4.75171,0.00015,-0.72955
11303.83,SYN.BTC-30AUG19,1565693946565,open,0.32,0.0,0.3035,0.373,0.33660557,96.92,None,0.0,BTC-30AUG19-15000-P,11221.92,0.0,0.0,0.0,0.0,0.0,0.0,4.42085,-12.69462,-6.43654,8e-05,-0.89496
11691.57,BTC-27DEC19,1565693946571,open,0.03,293.3,0.0065,0.0505,0.0236776,98.81,0.028,0.0,BTC-27DEC19-30000-C,11221.92,97.73,0.0225,6.0,0.025,11.0,100.0,12.84115,-4.66925,3.47638,3e-05,0.10355
210.75,SYN.ETH-23AUG19,1565693946582,open,0.06,8.0,0.028,0.09,0.060079,89.07,0.066,0.0,ETH-23AUG19-210-C,210.14,85.89,0.058,150.0,0.063,200.0,93.54,0.13764,-0.6207,0.0273,0.01286,0.53881
11691.57,BTC-27DEC19,1565693946585,open,1.24,0.0,1.195,1.332,1.25979265,97.71,None,0.0,BTC-27DEC19-26000-P,11221.92,0.0,0.004,10.0,2.0385,0.2,500.0,16.52623,-5.94198,-91.88731,3e-05,-0.85143
11303.83,SYN.BTC-30AUG19,1565693946616,open,0.11,69.5,0.0775,0.147,0.11247699,88.19,0.108,0.0,BTC-30AUG19-12000-P,11221.92,84.02,0.109,4.5,0.1135,18.0,89.41,9.464,-24.72786,-3.65677,0.00018,-0.58721
11691.57,BTC-27DEC19,1565693946642,open,2.07,1.3,2.0225,2.1725,2.09278476,100.57,2.2,0.0,BTC-27DEC19-36000-P,11221.92,0.0,0.0005,1.0,0.0,0.0,0.0,8.88181,-3.28695,-131.84456,2e-05,-0.9365
11439.72,BTC-27SEP19,1565693946644,open,0.02,569.8,0.0055,0.034,0.01713923,90.54,0.0175,0.0,BTC-27SEP19-8000-P,11221.92,87.81,0.0155,30.0,0.0185,39.0,92.73,7.00604,-7.06782,-1.63837,5e-05,-0.09935
210.32,SYN.ETH-16AUG19,1565693946651,open,0.0,1016.0,0.001,0.011,0.001769,90.21,0.002,0.0,ETH-16AUG19-240-C,210.14,81.01,0.001,8.0,0.003,750.0,101.13,0.02042,-0.32021,0.00086,0.00649,0.05383
11439.72,BTC-27SEP19,1565693946655,open,0.83,28.2,0.8155,0.835,0.82517143,121.99,0.755,0.0,BTC-27SEP19-2000-C,11221.92,0.0,0.7575,8.0,0.8935,8.0,500.0,0.00161,-0.00218,2.4588,0.0,0.99999
11691.57,BTC-27DEC19,1565693946655,open,0.12,205.3,0.071,0.167,0.11927935,93.43,0.1235,0.0,BTC-27DEC19-16000-C,11221.92,92.25,0.1165,14.9,0.1225,18.9,94.8,27.47403,-9.44584,12.01702,6e-05,0.39538
11303.83,SYN.BTC-30AUG19,1565693946655,open,0.15,147.6,0.113,0.17,0.14240634,87.03,0.15,0.0,BTC-30AUG19-10000-C,11221.92,82.5,0.1395,9.0,0.15,11.9,98.47,7.32788,-18.89627,3.29518,0.00014,0.77291
11303.83,SYN.BTC-30AUG19,1565693946668,open,0.39,0.0,0.3685,0.3975,0.38229384,111.0,None,0.0,BTC-30AUG19-7000-C,11221.92,0.0,0.3355,4.0,0.4325,4.0,271.22,1.00938,-3.31969,3.14102,2e-05,0.9833
11691.57,BTC-27DEC19,1565693946687,open,0.59,65.4,0.5675,0.6,0.58277756,92.6,0.608,0.0,BTC-27DEC19-5000-C,11221.92,0.0,0.5255,10.0,0.606,10.0,127.37,5.77511,-1.96783,16.54633,1e-05,0.96295
11691.57,BTC-27DEC19,1565693946687,open,0.01,257.2,0.0005,0.022,0.01043831,92.6,0.009,0.0,BTC-27DEC19-5000-P,11221.92,91.7,0.01,3.5,0.011,6.0,93.72,5.77571,-1.96812,-2.06707,1e-05,-0.03706
11691.57,BTC-27DEC19,1565693946687,open,0.14,378.0,0.086,0.185,0.13651342,92.84,0.153,0.0,BTC-27DEC19-15000-C,11221.92,91.59,0.1335,3.6,0.14,18.7,94.29,28.11115,-9.60415,13.11123,6e-05,0.43776
215.34,ETH-27DEC19,1565693946690,open,0.2,817.0,0.138,0.244,0.195452,98.11,0.193,0.0,ETH-27DEC19-240-C,210.14,95.86,0.19,120.0,0.199,200.0,99.58,0.52051,-0.18792,0.28184,0.00307,0.54704
212.89,ETH-27SEP19,1565693946690,open,0.12,1000.0,0.078,0.157,0.119608,95.84,0.127,0.0,ETH-27SEP19-220-C,210.14,93.97,0.117,120.0,0.123,200.0,98.27,0.29707,-0.31722,0.1069,0.00556,0.52801
212.89,ETH-27SEP19,1565693946690,open,0.0,839.0,0.001,0.011,8.1e-05,120.03,0.001,0.0,ETH-27SEP19-60-P,210.14,0.0,0.0,0.0,0.001,200.0,156.28,0.00167,-0.00224,-0.00019,2e-05,-0.00064
211.17,SYN.ETH-30AUG19,1565693946690,open,0.0,2290.0,0.001,0.013,0.003279,103.51,0.005,0.0,ETH-30AUG19-320-C,210.14,95.48,0.002,250.0,0.004,200.0,107.21,0.03876,-0.11886,0.00354,0.00182,0.03953
212.89,ETH-27SEP19,1565693946692,open,0.06,1720.0,0.032,0.098,0.064819,97.5,0.069,0.0,ETH-27SEP19-260-C,210.14,95.3,0.062,160.0,0.068,439.0,99.97,0.27337,-0.29698,0.0719,0.00503,0.33952
215.34,ETH-27DEC19,1565693946692,open,0.01,1497.0,0.002,0.027,0.011152,105.75,0.009,0.0,ETH-27DEC19-760-C,210.14,100.34,0.008,350.0,0.014,50.0,109.88,0.1384,-0.05386,0.03222,0.00076,0.05135
11691.57,BTC-27DEC19,1565693946694,open,0.51,122.9,0.4865,0.5315,0.50844156,90.95,0.46,0.0,BTC-27DEC19-6000-C,11221.92,72.93,0.496,10.0,0.548,10.0,130.54,9.52309,-3.18707,18.37023,2e-05,0.93052
210.75,SYN.ETH-23AUG19,1565693946696,open,0.06,27.0,0.025,0.09,0.056553,89.09,0.057,0.0,ETH-23AUG19-210-P,210.14,83.65,0.053,150.0,0.059,200.0,92.83,0.13764,-0.62081,-0.02952,0.01286,-0.46119
212.89,ETH-27SEP19,1565693946701,open,0.03,7887.0,0.013,0.055,0.032031,96.15,0.031,0.0,ETH-27SEP19-160-P,210.14,92.47,0.029,160.0,0.033,270.0,97.3,0.17778,-0.19045,-0.04892,0.00332,-0.15488
11439.72,BTC-27SEP19,1565693946701,open,1.43,0.0,1.4,1.5025,1.44906577,105.42,None,0.0,BTC-27SEP19-28000-P,11221.92,0.0,0.0,0.0,0.0,0.0,0.0,1.31163,-1.54062,-34.26768,1e-05,-0.98735
211.17,SYN.ETH-30AUG19,1565693946701,open,0.06,482.0,0.024,0.085,0.053884,92.96,0.053,0.0,ETH-30AUG19-200-P,210.14,88.1,0.05,200.0,0.057,580.0,96.85,0.16904,-0.46558,-0.03992,0.00882,-0.35497
212.89,ETH-27SEP19,1565693946703,open,0.45,769.0,0.388,0.502,0.444463,99.5,0.45,0.0,ETH-27SEP19-300-P,210.14,81.41,0.428,110.0,0.502,25.0,148.44,0.21473,-0.23805,-0.32329,0.00387,-0.79067
211.17,SYN.ETH-30AUG19,1565693946703,open,0.0,4133.0,0.001,0.011,0.000763,120.02,0.002,0.0,ETH-30AUG19-400-C,210.14,0.0,0.0,0.0,0.002,750.0,135.64,0.01155,-0.04108,0.00085,0.00047,0.00948
212.89,ETH-27SEP19,1565693946709,open,0.53,502.0,0.472,0.588,0.528767,99.84,0.455,0.0,ETH-27SEP19-320-P,210.14,77.81,0.513,110.0,0.59,25.0,156.04,0.1826,-0.20313,-0.35792,0.00328,-0.83869
212.89,ETH-27SEP19,1565693946712,open,0.22,2496.0,0.163,0.264,0.215036,96.27,0.171,0.0,ETH-27SEP19-240-P,210.14,93.33,0.211,120.0,0.221,320.0,100.6,0.29268,-0.31394,-0.2065,0.00546,-0.57389
212.89,ETH-27SEP19,1565693946714,open,1.64,24.0,1.554,1.718,1.632521,117.25,1.356,0.0,ETH-27SEP19-560-P,210.14,0.0,0.0,0.0,0.0,0.0,0.0,0.02971,-0.03881,-0.68488,0.00045,-0.9841
215.34,ETH-27DEC19,1565693946730,open,2.36,0.0,2.25,2.474,2.356871,105.49,None,0.0,ETH-27DEC19-720-P,210.14,0.0,0.003,5.0,0.0,0.0,0.0,0.15679,-0.06086,-2.64276,0.00086,-0.93986
215.34,ETH-27DEC19,1565693946730,open,0.02,1247.0,0.005,0.042,0.019463,105.04,0.02,0.0,ETH-27DEC19-640-C,210.14,101.16,0.016,350.0,0.023,250.0,108.63,0.20251,-0.07828,0.05168,0.00112,0.08393
212.89,ETH-27SEP19,1565693946730,open,0.16,1290.0,0.119,0.199,0.162281,96.15,0.169,0.0,ETH-27SEP19-200-C,210.14,92.89,0.158,120.0,0.166,200.0,98.98,0.27973,-0.29966,0.12459,0.00522,0.63827
212.89,ETH-27SEP19,1565693946730,open,0.0,9094.0,0.001,0.014,0.004574,96.15,0.006,0.0,ETH-27SEP19-120-P,210.14,88.91,0.003,410.0,0.006,540.0,101.56,0.05192,-0.05562,-0.00926,0.00097,-0.03081
212.89,ETH-27SEP19,1565693946730,open,0.1,3323.0,0.062,0.141,0.101733,96.15,0.114,0.0,ETH-27SEP19-200-P,210.14,94.83,0.1,3.0,0.104,200.0,97.87,0.27973,-0.29966,-0.12131,0.00522,-0.36173
11235.88,SYN.BTC-16AUG19,1565693946734,open,0.04,448.4,0.0165,0.0685,0.0423679,81.29,0.041,0.0,BTC-16AUG19-11500-P,11221.92,74.29,0.04,16.0,0.0425,3.7,81.68,3.81935,-53.98442,-0.57974,0.00047,-0.61253
212.89,ETH-27SEP19,1565693946740,open,0.0,7916.0,0.001,0.011,0.000274,120.03,0.001,0.0,ETH-27SEP19-760-C,210.14,0.0,0.0,0.0,0.001,200.0,135.54,0.0057,-0.00762,0.00057,9e-05,0.00245
215.34,ETH-27DEC19,1565693946742,open,0.93,16.0,0.843,1.013,0.927994,102.66,1.195,0.0,ETH-27DEC19-400-P,210.14,50.57,0.861,110.0,1.49,1.0,357.28,0.41725,-0.15763,-1.34537,0.00235,-0.7503
212.89,ETH-27SEP19,1565693946742,open,0.89,79.0,0.827,0.953,0.887354,104.12,0.351,0.0,ETH-27SEP19-400-P,210.14,0.0,0.01,10.0,0.0,0.0,0.0,0.09029,-0.10474,-0.47799,0.00156,-0.93882
212.89,ETH-27SEP19,1565693946742,open,1.45,12.0,1.372,1.526,1.445647,115.88,1.193,0.0,ETH-27SEP19-520-P,210.14,0.0,0.0,0.0,0.0,0.0,0.0,0.04073,-0.05259,-0.6341,0.00063,-0.97696
211.17,SYN.ETH-30AUG19,1565693946742,open,0.25,0.0,0.205,0.296,0.250218,96.46,0.218,0.0,ETH-30AUG19-260-P,210.14,0.0,0.231,120.0,0.296,15.0,161.77,0.12092,-0.34558,-0.10407,0.00608,-0.8157
211.17,SYN.ETH-30AUG19,1565693946742,open,0.71,0.0,0.656,0.761,0.70602,109.83,None,0.0,ETH-30AUG19-360-P,210.14,0.0,0.0,0.0,0.0,0.0,0.0,0.01833,-0.05964,-0.16499,0.00081,-0.98385
215.34,ETH-27DEC19,1565693946746,open,0.05,1099.0,0.017,0.079,0.044736,103.81,0.054,0.0,ETH-27DEC19-480-C,210.14,101.35,0.041,150.0,0.048,200.0,105.88,0.33414,-0.12764,0.10148,0.00186,0.17133
211.17,SYN.ETH-30AUG19,1565693946746,open,0.52,0.0,0.472,0.569,0.518617,103.51,None,0.0,ETH-30AUG19-320-P,210.14,0.0,0.0,0.0,0.0,0.0,0.0,0.03876,-0.11888,-0.14441,0.00182,-0.96046
215.34,ETH-27DEC19,1565693946750,open,0.6,101.0,0.52,0.675,0.599201,100.17,0.513,0.0,ETH-27DEC19-320-P,210.14,80.06,0.555,110.0,1.58,1.0,500.0,0.49429,-0.1822,-0.98858,0.00286,-0.63402
11691.57,BTC-27DEC19,1565693946752,open,1.73,0.3,1.6895,1.8335,1.75720012,100.08,1.875,0.0,BTC-27DEC19-32000-P,11221.92,0.0,0.0,0.0,0.0,0.0,0.0,11.5383,-4.24911,-116.1061,2e-05,-0.91048
215.34,ETH-27DEC19,1565693946752,open,1.28,21.0,1.185,1.367,1.273769,103.81,0.629,0.0,ETH-27DEC19-480-P,210.14,0.0,1.184,110.0,0.0,0.0,0.0,0.33414,-0.12764,-1.68538,0.00186,-0.82867
215.34,ETH-27DEC19,1565693946752,open,0.02,2060.0,0.007,0.049,0.023876,104.92,0.025,0.0,ETH-27DEC19-600-C,210.14,102.15,0.021,50.0,0.027,50.0,107.74,0.23085,-0.08913,0.06115,0.00127,0.10016
11691.57,BTC-27DEC19,1565693946752,open,0.09,369.9,0.049,0.138,0.09260769,94.84,0.091,0.0,BTC-27DEC19-18000-C,11221.92,93.64,0.09,1.0,0.095,19.2,95.92,25.64296,-8.94881,10.07261,5e-05,0.32404
212.89,ETH-27SEP19,1565693946752,open,0.8,259.0,0.737,0.86,0.796161,103.45,0.94,0.0,ETH-27SEP19-380-P,210.14,0.0,0.009,8.0,0.0,0.0,0.0,0.1093,-0.12599,-0.44961,0.0019,-0.92159
211.17,SYN.ETH-30AUG19,1565693946752,open,0.34,0.0,0.317,0.359,0.338554,96.61,None,0.0,ETH-30AUG19-140-C,210.14,0.0,0.0,0.0,0.0,0.0,0.0,0.02071,-0.05928,0.06276,0.00104,0.98136
210.32,SYN.ETH-16AUG19,1565693946754,open,0.15,49.0,0.108,0.18,0.142908,90.21,0.084,0.0,ETH-16AUG19-240-P,210.14,0.0,0.134,200.0,0.15,200.0,135.58,0.02042,-0.32024,-0.01805,0.00649,-0.94617
215.34,ETH-27DEC19,1565693946757,open,1.1,0.0,1.012,1.188,1.098796,103.05,None,0.0,ETH-27DEC19-440-P,210.14,0.0,1.02,110.0,0.0,0.0,0.0,0.37387,-0.14178,-1.5177,0.0021,-0.79448
211.17,SYN.ETH-30AUG19,1565693946760,open,0.11,493.0,0.064,0.143,0.103719,92.79,0.108,0.0,ETH-30AUG19-220-P,210.14,87.25,0.099,150.0,0.107,350.0,96.63,0.18014,-0.49526,-0.06304,0.00942,-0.54199
11691.57,BTC-27DEC19,1565693946772,open,0.66,27.7,0.652,0.674,0.66223057,95.94,0.6705,0.0,BTC-27DEC19-4000-C,11221.92,0.0,0.602,10.0,0.6865,10.0,148.39,2.97568,-1.0505,13.97007,1e-05,0.98321
11691.57,BTC-27DEC19,1565693946772,open,0.77,5.7,0.716,0.8505,0.78198564,95.33,0.661,0.0,BTC-27DEC19-20000-P,11221.92,0.0,0.004,5.0,1.466,1.0,430.13,23.30398,-8.17527,-66.08333,5e-05,-0.73636
11691.57,BTC-27DEC19,1565693946772,open,0.0,175.8,0.0005,0.0105,0.00011979,115.17,0.0005,0.0,BTC-27DEC19-1500-P,11221.92,0.0,0.0,0.0,0.001,20.2,144.87,0.13408,-0.05683,-0.02833,0.0,-0.00053
11691.57,BTC-27DEC19,1565693946772,open,0.39,204.5,0.3445,0.4165,0.38167483,90.92,0.4065,0.0,BTC-27DEC19-8000-C,11221.92,80.77,0.3665,10.0,0.4265,10.0,118.95,17.92776,-5.99823,19.59132,4e-05,0.83181
11439.72,BTC-27SEP19,1565693946772,open,0.01,661.1,0.0005,0.026,0.0103287,99.02,0.0105,0.0,BTC-27SEP19-20000-C,11221.92,98.35,0.01,2.0,0.011,26.0,100.34,5.71154,-6.30114,0.91775,4e-05,0.07558
11303.83,SYN.BTC-30AUG19,1565693946774,open,0.09,199.6,0.056,0.117,0.08776073,87.03,0.0915,0.0,BTC-30AUG19-11000-C,11221.92,86.72,0.0875,5.0,0.0915,22.6,91.51,9.42322,-24.29849,2.64843,0.00018,0.59451
212.89,ETH-27SEP19,1565693946780,open,1.08,0.0,1.008,1.142,1.071915,106.18,None,0.0,ETH-27SEP19-440-P,210.14,0.0,0.0,0.0,0.0,0.0,0.0,0.06285,-0.07435,-0.53213,0.00106,-0.96113
215.34,ETH-27DEC19,1565693946780,open,0.07,1311.0,0.032,0.111,0.070466,102.66,0.067,0.0,ETH-27DEC19-400-C,210.14,100.86,0.067,19.0,0.073,200.0,103.96,0.41725,-0.15763,0.14368,0.00235,0.2497
212.89,ETH-27SEP19,1565693946780,open,0.21,770.0,0.175,0.251,0.215577,96.15,0.22,0.0,ETH-27SEP19-180-C,210.14,48.73,0.168,2.0,0.609,10.0,453.77,0.23851,-0.2555,0.1392,0.00445,0.74741
212.89,ETH-27SEP19,1565693946782,open,0.05,2088.0,0.02,0.078,0.047785,98.53,0.051,0.0,ETH-27SEP19-280-C,210.14,96.1,0.045,160.0,0.051,420.0,101.29,0.24567,-0.26969,0.05751,0.00447,0.2675
215.34,ETH-27DEC19,1565693946782,open,1.45,37.0,1.36,1.548,1.450957,104.33,0.707,0.0,ETH-27DEC19-520-P,210.14,0.0,0.002,25.0,0.0,0.0,0.0,0.29673,-0.11392,-1.85009,0.00165,-0.85695
211.17,SYN.ETH-30AUG19,1565693946784,open,0.17,383.0,0.127,0.215,0.171389,94.74,0.147,0.0,ETH-30AUG19-240-P,210.14,81.78,0.162,120.0,0.18,200.0,106.04,0.15772,-0.44273,-0.08514,0.00807,-0.70065
211.17,SYN.ETH-30AUG19,1565693946784,open,0.03,1070.0,0.012,0.061,0.034886,94.74,0.035,0.0,ETH-30AUG19-240-C,210.14,90.84,0.032,200.0,0.038,645.0,98.88,0.15772,-0.44273,0.02582,0.00807,0.29935
212.89,ETH-27SEP19,1565693946786,open,0.62,0.0,0.613,0.637,0.625079,120.01,None,0.0,ETH-27SEP19-80-C,210.14,0.0,0.003,10.0,0.0,0.0,0.0,0.01194,-0.01597,0.09667,0.00018,0.9944
215.34,ETH-27DEC19,1565693946792,open,0.06,654.0,0.023,0.093,0.055516,103.05,0.058,0.0,ETH-27DEC19-440-C,210.14,101.0,0.052,150.0,0.059,483.0,105.04,0.37387,-0.14178,0.12025,0.0021,0.20552
212.89,ETH-27SEP19,1565693946792,open,0.0,3444.0,0.001,0.011,0.000644,120.03,0.001,0.0,ETH-27SEP19-680-C,210.14,0.0,0.0,0.0,0.002,800.0,135.72,0.01157,-0.01547,0.00125,0.00017,0.0054
211.17,SYN.ETH-30AUG19,1565693946792,open,0.25,0.0,0.222,0.275,0.248872,93.03,None,0.0,ETH-30AUG19-160-C,210.14,0.0,0.0,0.0,0.0,0.0,0.0,0.05993,-0.16518,0.06665,0.00312,0.93154
215.34,ETH-27DEC19,1565693946794,open,1.99,0.0,1.892,2.1,1.991507,105.04,None,0.0,ETH-27DEC19-640-P,210.14,0.0,0.0,0.0,0.0,0.0,0.0,0.20251,-0.07828,-2.3308,0.00112,-0.91607
215.34,ETH-27DEC19,1565693946794,open,2.18,0.0,2.071,2.287,2.17403,105.49,None,0.0,ETH-27DEC19-680-P,210.14,0.0,0.0,0.0,0.0,0.0,0.0,0.17928,-0.06959,-2.48709,0.00098,-0.92851
211.17,SYN.ETH-30AUG19,1565693946794,open,0.11,462.0,0.069,0.14,0.106791,92.95,0.122,0.0,ETH-30AUG19-200-C,210.14,89.46,0.104,150.0,0.11,200.0,96.95,0.16904,-0.46553,0.05255,0.00882,0.64503
212.89,ETH-27SEP19,1565693946798,open,0.16,1947.0,0.106,0.198,0.153006,95.84,0.165,0.0,ETH-27SEP19-220-P,210.14,92.97,0.149,120.0,0.156,200.0,97.99,0.29707,-0.31722,-0.16359,0.00556,-0.47199
11439.72,BTC-27SEP19,1565693946798,open,0.34,29.7,0.3095,0.4005,0.35452921,94.03,0.335,0.0,BTC-27SEP19-15000-P,11221.92,0.0,0.3075,3.0,0.3895,3.0,122.8,12.89591,-13.51019,-15.45638,9e-05,-0.74441
11439.72,BTC-27SEP19,1565693946798,open,0.03,421.3,0.011,0.058,0.03168565,94.59,0.0335,0.0,BTC-27SEP19-16000-C,11221.92,92.85,0.03,19.3,0.0335,41.5,96.42,11.19074,-11.79359,2.35106,7e-05,0.19884
11691.57,BTC-27DEC19,1565693946802,open,0.01,345.2,0.0005,0.0265,0.00974347,101.54,0.0135,0.0,BTC-27DEC19-40000-C,11221.92,99.37,0.0085,6.0,0.011,11.0,103.56,6.99056,-2.61203,1.61739,1e-05,0.0469
215.34,ETH-27DEC19,1565693946804,open,0.31,801.0,0.242,0.372,0.309968,98.11,0.317,0.0,ETH-27DEC19-240-P,210.14,95.64,0.304,120.0,0.313,200.0,99.37,0.52051,-0.18792,-0.61159,0.00307,-0.45296
212.89,ETH-27SEP19,1565693946804,open,0.01,5319.0,0.001,0.021,0.008449,104.12,0.007,0.0,ETH-27SEP19-400-C,210.14,100.52,0.007,310.0,0.01,200.0,107.61,0.09029,-0.10474,0.0138,0.00156,0.06118
11303.83,SYN.BTC-30AUG19,1565693946804,open,0.0,728.6,0.0005,0.0115,0.00170453,102.22,0.002,0.0,BTC-30AUG19-18000-C,11221.92,94.95,0.001,95.4,0.0025,38.0,108.32,1.29444,-3.92021,0.10807,2e-05,0.02238
211.17,SYN.ETH-30AUG19,1565693946806,open,0.9,0.0,0.84,0.955,0.894934,120.02,None,0.0,ETH-30AUG19-400-P,210.14,0.0,0.0,0.0,0.0,0.0,0.0,0.01155,-0.04109,-0.18409,0.00047,-0.99052
211.17,SYN.ETH-30AUG19,1565693946806,open,0.0,3500.0,0.001,0.011,0.001266,109.83,0.005,0.0,ETH-30AUG19-360-C,210.14,0.0,0.0,0.0,0.002,200.0,117.04,0.01833,-0.05964,0.00145,0.00081,0.01615
212.89,ETH-27SEP19,1565693946810,open,0.0,2060.0,0.001,0.011,0.000859,120.01,0.003,0.0,ETH-27SEP19-80-P,210.14,0.0,0.0,0.0,0.002,300.0,134.94,0.01194,-0.01597,-0.00169,0.00018,-0.0056
212.89,ETH-27SEP19,1565693946814,open,0.0,4762.0,0.001,0.011,0.001887,105.44,0.002,0.0,ETH-27SEP19-100-P,210.14,96.25,0.001,200.0,0.003,500.0,113.63,0.02486,-0.02921,-0.00388,0.00042,-0.01292
212.89,ETH-27SEP19,1565693946814,open,0.28,392.0,0.245,0.312,0.280469,96.15,0.329,0.0,ETH-27SEP19-160-C,210.14,0.0,0.001,1.0,0.0,0.0,0.0,0.17778,-0.19045,0.14779,0.00332,0.84512
11439.72,BTC-27SEP19,1565693946814,open,0.27,71.0,0.2365,0.327,0.28200157,92.73,0.27,0.0,BTC-27SEP19-14000-P,11221.92,86.29,0.274,3.0,0.29,3.0,99.01,14.4054,-14.88401,-13.48426,0.0001,-0.67672
11691.57,BTC-27DEC19,1565693946814,open,0.55,59.3,0.526,0.564,0.54443256,90.95,0.51,0.0,BTC-27DEC19-5500-C,11221.92,0.0,0.4895,10.0,0.601,10.0,153.21,7.45877,-2.4962,17.61382,2e-05,0.94913
215.34,ETH-27DEC19,1565693946816,open,0.03,1620.0,0.009,0.057,0.029374,104.71,0.026,0.0,ETH-27DEC19-560-C,210.14,101.86,0.026,160.0,0.033,550.0,107.6,0.26236,-0.10109,0.07241,0.00145,0.1197
212.89,ETH-27SEP19,1565693946820,open,2.39,0.0,2.284,2.488,2.382447,120.03,None,0.0,ETH-27SEP19-720-P,210.14,0.0,0.0,0.0,0.0,0.0,0.0,0.00811,-0.01084,-0.88438,0.00012,-0.99637
211.17,SYN.ETH-30AUG19,1565693946820,open,0.62,0.0,0.564,0.665,0.612174,107.69,None,0.0,ETH-30AUG19-340-P,210.14,0.0,0.0,0.0,0.0,0.0,0.0,0.02754,-0.08785,-0.15486,0.00124,-0.97387
215.34,ETH-27DEC19,1565693946822,open,1.81,0.0,1.714,1.915,1.810167,104.92,0.953,0.0,ETH-27DEC19-600-P,210.14,0.0,0.0,0.0,0.0,0.0,0.0,0.23085,-0.08913,-2.17242,0.00127,-0.89984
212.89,ETH-27SEP19,1565693946822,open,1.26,0.0,1.19,1.333,1.258277,109.91,None,0.0,ETH-27SEP19-480-P,210.14,0.0,0.0,0.0,0.0,0.0,0.0,0.04742,-0.05808,-0.58386,0.00077,-0.97238
212.89,ETH-27SEP19,1565693946824,open,0.29,1240.0,0.231,0.339,0.286107,97.5,0.232,0.0,ETH-27SEP19-260-P,210.14,84.66,0.27,110.0,0.336,25.0,134.79,0.27337,-0.29698,-0.24776,0.00503,-0.66048
212.89,ETH-27SEP19,1565693946828,open,0.72,0.0,0.709,0.728,0.718245,120.03,0.01,0.0,ETH-27SEP19-60-C,210.14,0.0,0.003,10.0,0.0,0.0,0.0,0.00167,-0.00224,0.07358,2e-05,0.99936
215.34,ETH-27DEC19,1565693946832,open,1.63,0.0,1.536,1.73,1.629912,104.71,0.845,0.0,ETH-27DEC19-560-P,210.14,0.0,0.0,0.0,0.0,0.0,0.0,0.26236,-0.10109,-2.01226,0.00145,-0.8803
215.34,ETH-27DEC19,1565693946832,open,0.04,3729.0,0.016,0.058,0.035775,96.2,0.03,0.0,ETH-27DEC19-120-P,210.14,91.58,0.031,200.0,0.034,50.0,94.51,0.22817,-0.08077,-0.1077,0.00137,-0.09857
215.34,ETH-27DEC19,1565693946834,open,0.45,432.0,0.372,0.517,0.447092,98.79,0.382,0.0,ETH-27DEC19-280-P,210.14,96.27,0.441,120.0,0.458,30.0,103.31,0.51945,-0.18885,-0.80201,0.00305,-0.55338
212.89,ETH-27SEP19,1565693946834,open,0.0,3419.0,0.001,0.011,0.000997,120.01,0.002,0.0,ETH-27SEP19-640-C,210.14,0.0,0.0,0.0,0.002,600.0,129.9,0.0165,-0.02206,0.00185,0.00025,0.00808
211.17,SYN.ETH-30AUG19,1565693946834,open,0.02,624.0,0.006,0.044,0.022191,93.03,0.021,0.0,ETH-30AUG19-180-P,210.14,89.15,0.02,200.0,0.024,461.0,96.15,0.12098,-0.33345,-0.02018,0.00631,-0.18445
210.75,SYN.ETH-23AUG19,1565693946834,open,0.04,130.0,0.014,0.068,0.040574,89.55,0.036,0.0,ETH-23AUG19-220-C,210.14,85.53,0.038,150.0,0.043,407.0,93.33,0.13504,-0.61227,0.02127,0.01255,0.41367
212.89,ETH-27SEP19,1565693946836,open,2.01,0.0,1.919,2.102,2.007244,120.01,None,0.0,ETH-27SEP19-640-P,210.14,0.0,0.0,0.0,0.0,0.0,0.0,0.0165,-0.02206,-0.78501,0.00025,-0.99192
211.17,SYN.ETH-30AUG19,1565693946836,open,0.02,368.0,0.004,0.04,0.019007,96.46,0.021,0.0,ETH-30AUG19-260-C,210.14,92.89,0.017,200.0,0.021,200.0,99.88,0.12092,-0.34558,0.01614,0.00608,0.1843
215.34,ETH-27DEC19,1565693946838,open,0.48,0.0,0.447,0.507,0.478517,96.2,None,0.0,ETH-27DEC19-120-C,210.14,0.0,0.002,50.0,0.99,5.0,500.0,0.22817,-0.08077,0.33902,0.00137,0.90143
215.34,ETH-27DEC19,1565693946840,open,0.09,283.0,0.045,0.132,0.088367,101.33,0.088,0.0,ETH-27DEC19-360-C,210.14,99.74,0.085,110.0,0.091,200.0,102.57,0.45738,-0.17055,0.1703,0.00261,0.30081
215.34,ETH-27DEC19,1565693946840,open,0.12,895.0,0.064,0.159,0.113179,100.17,0.118,0.0,ETH-27DEC19-320-C,210.14,98.78,0.11,110.0,0.115,200.0,100.96,0.49429,-0.1822,0.20265,0.00286,0.36598
212.89,ETH-27SEP19,1565693946840,open,0.0,2698.0,0.001,0.011,0.000418,120.03,0.001,0.0,ETH-27SEP19-720-C,210.14,0.0,0.0,0.0,0.001,422.0,130.71,0.00811,-0.01084,0.00084,0.00012,0.00363
215.34,ETH-27DEC19,1565693946840,open,0.26,599.0,0.205,0.306,0.259937,96.2,0.269,0.0,ETH-27DEC19-200-C,210.14,93.09,0.253,30.0,0.269,230.0,100.27,0.48003,-0.16992,0.32273,0.00289,0.66253
212.89,ETH-27SEP19,1565693946840,open,0.44,47.0,0.421,0.461,0.440903,96.15,0.689,0.0,ETH-27SEP19-120-C,210.14,0.0,0.0,0.0,0.0,0.0,0.0,0.05192,-0.05562,0.13828,0.00097,0.96919
215.34,ETH-27DEC19,1565693946842,open,0.15,433.0,0.093,0.195,0.146822,98.79,0.156,0.0,ETH-27DEC19-280-C,210.14,97.21,0.143,150.0,0.149,200.0,99.7,0.51945,-0.18885,0.24032,0.00305,0.44662
215.34,ETH-27DEC19,1565693946842,open,0.19,2228.0,0.133,0.24,0.188701,96.2,0.177,0.0,ETH-27DEC19-200-P,210.14,93.19,0.182,40.0,0.195,40.0,99.02,0.48003,-0.16992,-0.4218,0.00289,-0.33747
215.34,ETH-27DEC19,1565693946842,open,0.1,1884.0,0.057,0.136,0.096964,96.2,0.092,0.0,ETH-27DEC19-160-P,210.14,91.67,0.089,223.0,0.097,40.0,96.22,0.38075,-0.13478,-0.24766,0.00229,-0.21198
212.89,ETH-27SEP19,1565693946844,open,0.53,0.0,0.517,0.548,0.532161,105.44,None,0.0,ETH-27SEP19-100-C,210.14,0.0,0.003,10.0,0.0,0.0,0.0,0.02486,-0.02921,0.11907,0.00042,0.98708
215.34,ETH-27DEC19,1565693946846,open,0.02,653.0,0.004,0.036,0.016233,105.49,0.015,0.0,ETH-27DEC19-680-C,210.14,101.35,0.013,365.0,0.019,50.0,108.66,0.17928,-0.06959,0.04429,0.00098,0.07149
211.17,SYN.ETH-30AUG19,1565693946846,open,0.01,1202.0,0.001,0.026,0.01052,98.97,0.013,0.0,ETH-30AUG19-280-C,210.14,95.11,0.009,250.0,0.012,250.0,102.49,0.08614,-0.2526,0.00985,0.00422,0.11137
11691.57,BTC-27DEC19,1565693946849,open,0.0,208.8,0.0005,0.011,0.00130992,112.72,0.0015,0.0,BTC-27DEC19-2500-P,11221.92,100.04,0.0005,15.8,0.002,18.0,119.68,1.00251,-0.41583,-0.26778,0.0,-0.00484
212.89,ETH-27SEP19,1565693946849,open,0.36,191.0,0.329,0.382,0.356274,96.15,0.5,0.0,ETH-27SEP19-140-C,210.14,0.0,0.0,0.0,0.0,0.0,0.0,0.10993,-0.11776,0.14781,0.00205,0.921
215.34,ETH-27DEC19,1565693946849,open,0.04,973.0,0.012,0.067,0.036171,104.33,0.046,0.0,ETH-27DEC19-520-C,210.14,101.98,0.033,160.0,0.04,549.0,107.04,0.29673,-0.11392,0.08567,0.00165,0.14305
212.89,ETH-27SEP19,1565693946849,open,0.06,5827.0,0.031,0.093,0.061084,96.15,0.055,0.0,ETH-27SEP19-180-P,210.14,93.38,0.058,160.0,0.063,221.0,97.85,0.23851,-0.2555,-0.0821,0.00445,-0.25259
211.17,SYN.ETH-30AUG19,1565693946849,open,0.01,3209.0,0.001,0.018,0.006541,93.03,0.012,0.0,ETH-30AUG19-160-P,210.14,87.24,0.005,450.0,0.007,1.0,94.62,0.05993,-0.16518,-0.00732,0.00312,-0.06846
211.17,SYN.ETH-30AUG19,1565693946849,open,0.34,0.0,0.291,0.384,0.336439,98.97,None,0.0,ETH-30AUG19-280-P,210.14,0.0,0.0,0.0,0.0,0.0,0.0,0.08614,-0.2526,-0.11961,0.00422,-0.88863
11235.88,SYN.BTC-16AUG19,1565693946849,open,0.0,191.9,0.0005,0.011,0.00108061,102.74,0.001,0.0,BTC-16AUG19-9500-P,11221.92,90.72,0.0005,45.1,0.0015,1.0,109.09,0.67223,-12.00884,-0.02721,7e-05,-0.02966
212.89,ETH-27SEP19,1565693946854,open,0.04,3678.0,0.013,0.062,0.035284,99.5,0.033,0.0,ETH-27SEP19-300-C,210.14,97.21,0.033,160.0,0.038,437.0,102.16,0.21473,-0.23805,0.04556,0.00387,0.20933
212.89,ETH-27SEP19,1565693946854,open,0.37,1157.0,0.307,0.418,0.363018,98.53,0.359,0.0,ETH-27SEP19-280-P,210.14,82.93,0.346,110.0,0.416,25.0,140.59,0.24567,-0.26969,-0.28674,0.00447,-0.7325
212.89,ETH-27SEP19,1565693946857,open,0.62,347.0,0.559,0.677,0.616573,101.37,0.565,0.0,ETH-27SEP19-340-P,210.14,68.49,0.6,110.0,0.681,25.0,164.65,0.15561,-0.17576,-0.38981,0.00275,-0.87273
215.34,ETH-27DEC19,1565693946857,open,0.35,3.0,0.307,0.394,0.353953,96.2,0.366,0.0,ETH-27DEC19-160-C,210.14,0.0,0.002,100.0,0.98,5.0,500.0,0.38075,-0.13478,0.34796,0.00229,0.78802
212.89,ETH-27SEP19,1565693946857,open,0.01,2471.0,0.001,0.015,0.00512,106.18,0.01,0.0,ETH-27SEP19-440-C,210.14,97.77,0.003,610.0,0.007,700.0,111.95,0.06285,-0.07435,0.00883,0.00106,0.03887
