underlying_price,underlying_index,timestamp,state,settlement_price,open_interest,min_price,max_price,mark_price,mark_iv,last_price,interest_rate,instrument_name,index_price,bid_iv,best_bid_price,best_bid_amount,best_ask_price,best_ask_amount,ask_iv,vega,theta,rho,gamma,delta
7986.09,index_price,1558868339996,open,0.0,37.9,0.0005,0.04,0.00049473,102.84,0.0015,0,BTC-31MAY19-10500-C,7986.09,0.0,0.0,0.0,0.001,10.2,113.35,0.29758,-3.13836,0.01275,3e-05,0.01245
248.39,index_price,1558868340190,open,0.07,139.0,0.026,0.105,0.06512,102.17,0.078,0,ETH-31MAY19-240-C,248.39,83.27,0.057,150.0,0.076,20.0,127.06,0.10772,-1.1287,0.01897,0.01279,0.63684
248.39,index_price,1558868340320,open,0.01,20.0,0.001,0.049,0.00887,99.48,0.01,0,ETH-7JUN19-200-P,248.39,81.07,0.004,250.0,0.01,250.0,103.03,0.07705,-0.32272,-0.00858,0.00386,-0.09727
248.39,index_price,1558868340339,open,0.04,42.0,0.003,0.082,0.042721,105.01,0.048,0,ETH-7JUN19-270-C,248.39,99.49,0.039,200.0,0.048,5.0,112.75,0.16837,-0.7444,0.02603,0.00799,0.36478
7986.09,index_price,1558868340356,open,0.09,6.4,0.0535,0.133,0.09312291,82.73,0.098,0,BTC-7JUN19-7500-C,7986.09,80.96,0.092,15.0,0.1035,0.1,98.81,5.08309,-17.70561,1.55052,0.0003,0.68985
248.39,index_price,1558868340377,open,0.22,0.0,0.179,0.276,0.227538,109.82,None,0,ETH-7JUN19-300-P,248.39,74.06,0.213,50.0,0.223,50.0,100.35,0.12413,-0.57395,-0.08332,0.00563,-0.80344
248.39,index_price,1558868340429,open,0.01,101.0,0.001,0.05,0.010207,117.64,0.012,0,ETH-7JUN19-330-C,248.39,113.95,0.009,3.0,0.012,252.0,122.77,0.08361,-0.41411,0.00797,0.00354,0.10884
7986.09,index_price,1558868340496,open,0.25,4.0,0.211,0.2905,0.25071729,88.57,0.263,0,BTC-7JUN19-6000-C,7986.09,0.0,0.0005,2.0,0.0,0.0,0.0,1.0009,-3.73256,1.86696,5e-05,0.96923
253.22,ETH-27SEP19,1558868340498,open,1.1,0.0,1.029,1.197,1.113422,110.98,None,0.0,ETH-27SEP19-520-P,248.39,0.0,0.0,0.0,0.0,0.0,0.0,0.43085,-0.193,-1.63162,0.00178,-0.78516
248.39,index_price,1558868340523,open,0.17,0.0,0.131,0.224,0.177423,119.89,None,0,ETH-31MAY19-290-P,248.39,0.0,0.16,50.0,0.177,50.0,118.29,0.0661,-0.81274,-0.03418,0.00669,-0.85278
248.39,index_price,1558868340535,open,0.0,891.0,0.001,0.041,0.001878,129.11,0.002,0,ETH-31MAY19-330-C,248.39,0.0,0.0,0.0,0.004,10.0,148.35,0.02149,-0.28459,0.00106,0.00202,0.03368
248.39,index_price,1558868340558,open,0.09,0.0,0.049,0.128,0.088452,99.48,None,0,ETH-7JUN19-240-C,248.39,97.38,0.087,150.0,0.099,150.0,114.7,0.17181,-0.71962,0.04221,0.0086,0.61073
248.39,index_price,1558868340567,open,0.0,261.0,0.001,0.041,0.001406,133.69,0.001,0,ETH-31MAY19-340-C,248.39,0.0,0.0,0.0,0.003,20.0,151.8,0.01696,-0.2325,0.00079,0.00154,0.02532
7986.09,index_price,1558868340599,open,0.15,0.0,0.104,0.1955,0.14968795,89.35,None,0,BTC-7JUN19-9000-P,7986.09,59.35,0.1345,5.0,0.1505,5.0,90.75,4.61906,-17.37705,-2.32652,0.00025,-0.74569
7986.09,index_price,1558868340607,open,0.0,110.7,0.0005,0.0415,0.00196527,98.02,0.0015,0,BTC-31MAY19-9750-C,7986.09,87.26,0.001,3.0,0.003,20.5,106.49,0.86093,-8.65429,0.04496,0.0001,0.04411
248.39,index_price,1558868340607,open,0.0,153.0,0.001,0.042,0.002508,123.95,0.003,0,ETH-31MAY19-320-C,248.39,0.0,0.0,0.0,0.005,10.0,142.45,0.02715,-0.34513,0.00141,0.00266,0.04488
248.39,index_price,1558868340663,open,0.03,857.0,0.001,0.064,0.024257,119.89,0.024,0,ETH-31MAY19-270-C,248.39,116.74,0.023,1.0,0.026,10.0,124.22,0.09938,-1.22184,0.00905,0.01006,0.29711
253.22,ETH-27SEP19,1558868340733,open,1.4,0.0,1.32,1.512,1.416,115.1,None,0.0,ETH-27SEP19-600-P,248.39,0.0,0.0,0.0,0.0,0.0,0.0,0.37433,-0.1739,-1.92957,0.00149,-0.82927
248.39,index_price,1558868340736,open,0.13,1.0,0.084,0.163,0.123065,102.17,0.113,0,ETH-31MAY19-220-C,248.39,84.44,0.119,50.0,0.135,50.0,142.35,0.06345,-0.66478,0.0245,0.00753,0.86145
248.39,index_price,1558868340736,open,0.32,0.0,0.277,0.356,0.316317,150.0,None,0,ETH-31MAY19-170-C,248.39,0.0,0.001,1.0,0.424,1.0,500.0,0.00863,-0.13276,0.0223,0.0007,0.98852
248.39,index_price,1558868340765,open,0.13,3.0,0.085,0.174,0.129721,105.01,0.115,0,ETH-7JUN19-270-P,248.39,85.85,0.117,1.0,0.128,150.0,102.46,0.16837,-0.74441,-0.06182,0.00799,-0.63522
248.39,index_price,1558868340775,open,0.17,0.0,0.131,0.21,0.170032,99.48,None,0,ETH-7JUN19-210-C,248.39,99.4,0.17,50.0,0.179,50.0,119.1,0.10566,-0.44255,0.05474,0.00529,0.84741
7986.09,index_price,1558868340777,open,0.03,98.4,0.0005,0.0735,0.03225577,82.73,0.035,0,BTC-7JUN19-7500-P,7986.09,71.17,0.025,20.0,0.035,0.1,87.02,5.08309,-17.70558,-0.88969,0.0003,-0.31015
248.39,index_price,1558868340828,open,0.02,0.0,0.001,0.055,0.015225,111.29,None,0,ETH-7JUN19-310-C,248.39,103.54,0.012,200.0,0.019,200.0,119.61,0.10805,-0.50628,0.01153,0.00484,0.15784
248.39,index_price,1558868340847,open,0.33,0.0,0.286,0.392,0.338763,117.64,None,0,ETH-7JUN19-330-P,248.39,0.0,0.0,0.0,0.0,0.0,0.0,0.08361,-0.41412,-0.0994,0.00354,-0.89116
7986.09,index_price,1558868340873,open,0.01,0.0,0.0005,0.0455,0.00568985,99.53,None,0,BTC-7JUN19-10500-C,7986.09,84.39,0.0025,25.0,0.009,0.1,110.94,2.05376,-8.60666,0.18193,0.0001,0.07571
8136.05,BTC-27SEP19,1558868340903,open,1.47,0.0,1.38,1.578,1.47912688,97.54,None,0.0,BTC-27SEP19-20000-P,7986.09,0.0,0.006,10.0,2.237,0.2,499.71,8.13646,-3.2034,-65.77591,4e-05,-0.90297
248.39,index_price,1558868341032,open,0.05,37.0,0.013,0.096,0.054675,99.48,0.052,0,ETH-7JUN19-240-P,248.39,86.91,0.046,200.0,0.057,200.0,102.84,0.17181,-0.71962,-0.03588,0.0086,-0.38927
8136.02,BTC-27SEP19,1558868341043,open,1.72,0.0,1.613,1.83,1.72147461,100.91,None,0.0,BTC-27SEP19-22000-P,7986.09,0.0,0.006,10.0,2.474,0.2,500.0,7.11543,-2.89822,-72.90897,3e-05,-0.91896
248.39,index_price,1558868341050,open,0.32,0.0,0.278,0.383,0.330434,129.11,None,0,ETH-31MAY19-330-P,248.39,0.0,0.0,0.0,0.42,2.0,411.45,0.02149,-0.28459,-0.04303,0.00202,-0.96632
248.39,index_price,1558868341092,open,0.01,1183.0,0.001,0.046,0.006053,119.89,0.011,0,ETH-31MAY19-300-C,248.39,114.39,0.005,20.0,0.006,70.0,119.63,0.04964,-0.61032,0.00305,0.00502,0.09799
248.39,index_price,1558868341110,open,0.36,0.0,0.316,0.425,0.370221,133.69,None,0,ETH-31MAY19-340-P,248.39,0.0,0.0,0.0,0.476,1.0,466.01,0.01696,-0.23251,-0.04462,0.00154,-0.97468
248.39,index_price,1558868341178,open,0.03,265.0,0.001,0.072,0.03251,105.69,0.042,0,ETH-7JUN19-280-C,248.39,100.0,0.029,200.0,0.037,5.0,112.79,0.15507,-0.69,0.02137,0.00731,0.297
7986.09,index_price,1558868341192,open,0.22,0.0,0.174,0.2715,0.22283807,98.02,None,0,BTC-31MAY19-9750-P,7986.09,0.0,0.0,0.0,0.2565,0.2,222.97,0.86093,-8.65433,-1.25745,0.0001,-0.95589
248.39,index_price,1558868341231,open,0.11,2.0,0.067,0.155,0.111257,119.89,0.111,0,ETH-31MAY19-270-P,248.39,55.3,0.09,50.0,0.11,50.0,116.74,0.09938,-1.22184,-0.02701,0.01006,-0.70289
248.39,index_price,1558868341262,open,0.01,358.0,0.001,0.049,0.008769,102.17,0.008,0,ETH-31MAY19-220-P,248.39,59.41,0.001,250.0,0.008,94.0,99.11,0.06345,-0.66478,-0.00489,0.00753,-0.13855
7986.09,index_price,1558868341268,open,0.06,18.5,0.019,0.0985,0.05866363,82.73,0.0665,0,BTC-7JUN19-8000-C,7986.09,79.72,0.0565,15.0,0.0675,4.0,95.04,5.73544,-19.97786,1.21197,0.00033,0.5251
253.22,ETH-27SEP19,1558868341283,open,0.05,7.0,0.013,0.092,0.052229,112.93,0.053,0.0,ETH-27SEP19-560-C,248.39,109.55,0.047,40.0,0.058,40.0,116.5,0.40046,-0.18253,0.11849,0.00163,0.19011
7986.09,index_price,1558868341291,open,0.32,0.0,0.268,0.373,0.32047594,99.53,None,0,BTC-7JUN19-10500-P,7986.09,0.0,0.0,0.0,0.0,0.0,0.0,2.05376,-8.60666,-3.23437,0.0001,-0.92429
8092.49,BTC-28JUN19,1558868341369,open,0.23,501.2,0.1855,0.265,0.22548752,90.43,0.2405,0.0,BTC-28JUN19-6500-C,7986.09,80.28,0.218,2.0,0.241,2.0,109.56,6.21063,-8.54181,4.38578,0.00012,0.82719
8136.02,BTC-27SEP19,1558868341371,open,0.14,21.0,0.093,0.1835,0.13810235,83.26,0.1455,0.0,BTC-27DEC19-6500-P,7986.09,79.33,0.1285,5.0,0.1425,9.0,85.06,19.88605,-3.85285,-18.64454,6e-05,-0.25116
8092.52,BTC-28JUN19,1558868341396,open,0.04,1243.0,0.0005,0.0765,0.03691202,89.96,0.05,0.0,BTC-28JUN19-10000-C,7986.09,86.4,0.0335,26.0,0.04,10.0,93.11,7.84948,-10.73936,1.61289,0.00015,0.25819
8092.49,BTC-28JUN19,1558868341398,open,0.01,469.3,0.0005,0.0455,0.00581615,101.94,0.004,0.0,BTC-28JUN19-14000-C,7986.09,95.49,0.004,1.0,0.0075,5.0,106.94,2.53087,-3.92397,0.32681,4e-05,0.05065
8092.49,BTC-28JUN19,1558868341398,open,0.01,499.5,0.0005,0.052,0.0123178,93.47,0.0115,0.0,BTC-28JUN19-12000-C,7986.09,90.96,0.011,21.0,0.0135,2.0,95.62,4.35766,-6.19469,0.66159,8e-05,0.10308
7986.09,index_price,1558868341398,open,0.01,335.9,0.0005,0.0545,0.01411345,82.41,0.0175,0,BTC-31MAY19-7500-P,7986.09,74.98,0.0115,0.5,0.0165,20.0,88.95,2.86815,-24.2403,-0.27088,0.00041,-0.23981
8092.49,BTC-28JUN19,1558868341452,open,0.18,17.7,0.1295,0.223,0.17605863,88.2,0.17,0.0,BTC-28JUN19-9000-P,7986.09,83.37,0.1705,12.0,0.183,15.0,94.19,9.34442,-12.53546,-5.70107,0.00018,-0.60609
248.39,index_price,1558868341452,open,0.0,5.0,0.001,0.04,0.000724,150.0,0.002,0,ETH-31MAY19-170-P,248.39,0.0,0.0,0.0,0.002,50.0,175.51,0.00863,-0.13276,-0.00041,0.0007,-0.01148
8092.49,BTC-28JUN19,1558868341465,open,0.0,394.3,0.0005,0.041,0.00115907,126.24,0.0015,0.0,BTC-28JUN19-3500-P,7986.09,113.48,0.0005,2.0,0.0015,2.0,130.91,0.54172,-1.04011,-0.06793,1e-05,-0.00816
7986.09,index_price,1558868341467,open,0.02,782.8,0.0005,0.0585,0.01869301,91.49,0.019,0,BTC-31MAY19-8500-C,7986.09,87.21,0.017,0.1,0.021,11.0,97.21,3.18796,-29.90935,0.29546,0.00041,0.29566
8136.02,BTC-27SEP19,1558868341516,open,0.05,55.5,0.0115,0.091,0.05142869,89.44,0.061,0.0,BTC-27SEP19-14000-C,7986.09,87.11,0.0475,4.0,0.0555,10.0,91.78,13.93639,-5.0309,4.58131,7e-05,0.21734
8136.02,BTC-27SEP19,1558868341538,open,0.35,5.7,0.3,0.4075,0.35373204,86.33,0.334,0.0,BTC-27SEP19-10000-P,7986.09,80.32,0.34,3.0,0.359,3.0,88.62,18.67235,-6.50636,-25.31464,0.0001,-0.56305
8136.02,BTC-27SEP19,1558868341538,open,0.01,159.1,0.0005,0.054,0.0138625,88.9,0.019,0.0,BTC-27SEP19-4000-P,7986.09,84.0,0.011,10.0,0.017,15.0,93.76,5.00997,-1.79776,-1.80665,3e-05,-0.05157
248.39,index_price,1558868341549,open,0.2,117.0,0.157,0.236,0.196198,102.18,0.17,0,ETH-31MAY19-200-C,248.39,0.0,0.193,50.0,0.208,50.0,175.23,0.01906,-0.19967,0.0257,0.00226,0.97088
8136.02,BTC-27SEP19,1558868341573,open,0.45,57.4,0.408,0.4875,0.44791357,83.27,0.4555,0.0,BTC-27DEC19-5000-C,7986.09,0.0,0.0065,0.2,0.9575,5.0,500.0,13.8768,-2.68875,19.75009,4e-05,0.86026
8092.49,BTC-28JUN19,1558868341576,open,0.57,143.2,0.529,0.6085,0.56866198,126.28,0.56,0.0,BTC-28JUN19-3500-C,7986.09,0.0,0.1505,3.0,0.7705,3.0,500.0,0.54255,-1.04204,3.08441,1e-05,0.99183
8092.49,BTC-28JUN19,1558868341576,open,0.01,298.7,0.0005,0.048,0.00849556,98.33,0.01,0.0,BTC-28JUN19-13000-C,7986.09,93.14,0.0065,20.0,0.0105,5.0,102.91,3.3434,-4.99977,0.46516,6e-05,0.07231
248.39,index_price,1558868341598,open,0.16,0.0,0.114,0.206,0.15977,105.69,None,0,ETH-7JUN19-280-P,248.39,82.4,0.146,150.0,0.158,150.0,102.84,0.15507,-0.69,-0.06973,0.00731,-0.703
8092.49,BTC-28JUN19,1558868341603,open,0.14,214.0,0.1005,0.18,0.14045496,86.63,0.14,0.0,BTC-28JUN19-7500-C,7986.09,82.1,0.1355,17.0,0.144,5.0,89.86,8.862,-11.67591,3.81353,0.00017,0.66365
8136.02,BTC-27SEP19,1558868341605,open,0.21,118.1,0.174,0.2535,0.21398877,83.27,0.2185,0.0,BTC-27DEC19-9000-C,7986.09,82.28,0.211,7.0,0.226,5.0,87.25,24.58147,-4.76278,16.77102,8e-05,0.56414
8136.02,BTC-27SEP19,1558868341609,open,0.66,0.0,0.5945,0.7265,0.66046104,88.26,None,0.0,BTC-27SEP19-13000-P,7986.09,0.0,0.0065,0.1,1.416,0.3,500.0,15.26451,-5.43784,-38.76868,8e-05,-0.74357
248.39,index_price,1558868341614,open,0.21,0.0,0.166,0.262,0.213831,119.89,None,0,ETH-31MAY19-300-P,248.39,0.0,0.197,50.0,0.214,50.0,120.73,0.04964,-0.61032,-0.03702,0.00502,-0.90201
8092.49,BTC-28JUN19,1558868341626,open,0.0,258.1,0.0005,0.042,0.00225783,109.74,0.003,0.0,BTC-28JUN19-4250-P,7986.09,97.17,0.001,20.0,0.003,1.0,115.1,1.0239,-1.70892,-0.14037,2e-05,-0.017
8136.02,BTC-27SEP19,1558868341690,open,0.12,923.0,0.085,0.1645,0.12464642,86.34,0.1275,0.0,BTC-27SEP19-10000-C,7986.09,84.75,0.121,1.0,0.128,10.0,87.8,18.67252,-6.50696,8.62405,0.0001,0.43697
248.39,index_price,1558868341700,open,0.01,51.0,0.001,0.051,0.01186,113.06,0.015,0,ETH-7JUN19-320-C,248.39,104.99,0.009,250.0,0.015,250.0,121.0,0.09331,-0.44415,0.00931,0.00411,0.1271
7986.09,index_price,1558868341706,open,0.06,40.6,0.018,0.1025,0.06040534,82.73,0.0615,0,BTC-7JUN19-8000-P,7986.09,68.94,0.0505,15.0,0.063,1.9,86.34,5.73544,-19.97783,-1.39092,0.00033,-0.4749
8092.49,BTC-28JUN19,1558868341725,open,0.03,288.3,0.0005,0.0695,0.02869634,90.42,0.0315,0.0,BTC-28JUN19-6500-P,7986.09,86.19,0.0255,16.0,0.0315,16.0,94.03,6.21034,-8.5408,-1.46867,0.00012,-0.1728
8136.02,BTC-27SEP19,1558868341725,open,1.24,1.0,1.15,1.3285,1.23933906,94.8,1.5815,0.0,BTC-27SEP19-18000-P,7986.09,0.0,0.0065,0.1,2.0015,0.3,500.0,9.62986,-3.68475,-58.4462,5e-05,-0.87732
7986.09,index_price,1558868341725,open,0.0,299.0,0.0005,0.04,0.00036181,135.0,0.001,0,BTC-31MAY19-5500-P,7986.09,0.0,0.0,0.0,0.005,14.0,206.52,0.17505,-2.42336,-0.00763,2e-05,-0.00679
8136.02,BTC-27SEP19,1558868341742,open,0.26,1044.0,0.2185,0.298,0.25839118,84.27,0.257,0.0,BTC-27SEP19-7000-C,7986.09,80.31,0.2505,8.0,0.2615,20.0,85.83,16.23865,-5.52339,12.45509,9e-05,0.70946
8136.02,BTC-27SEP19,1558868341762,open,0.12,66.9,0.0745,0.1635,0.11875108,84.26,0.1145,0.0,BTC-27SEP19-7000-P,7986.09,82.38,0.115,2.5,0.124,5.0,86.89,16.23862,-5.523,-11.30153,9e-05,-0.29054
8092.49,BTC-28JUN19,1558868341762,open,0.1,106.0,0.053,0.1405,0.09674618,86.22,0.0965,0.0,BTC-28JUN19-8000-P,7986.09,83.47,0.0935,5.0,0.0995,1.0,88.56,9.54385,-12.5155,-3.84677,0.00019,-0.43101
8092.49,BTC-28JUN19,1558868341762,open,0.0,520.8,0.0005,0.04,1.41e-05,135.0,0.0005,0.0,BTC-28JUN19-2000-P,7986.09,0.0,0.0,0.0,0.001,5.0,200.84,0.01228,-0.02522,-0.00105,0.0,-0.00013
8136.02,BTC-27SEP19,1558868341762,open,0.37,122.6,0.3325,0.412,0.37221885,83.27,0.385,0.0,BTC-27DEC19-6000-C,7986.09,48.85,0.3,0.3,0.45,0.1,117.83,18.14012,-3.51478,19.86758,6e-05,0.78702
8136.02,BTC-27SEP19,1558868341762,open,0.01,178.6,0.0005,0.0485,0.008261,94.32,0.0105,0.0,BTC-27DEC19-2500-P,7986.09,88.48,0.006,0.8,0.0105,5.8,99.31,3.42171,-0.75096,-1.50506,1e-05,-0.02316
7986.09,index_price,1558868341764,open,0.0,139.5,0.0005,0.042,0.00228028,91.25,0.004,0,BTC-31MAY19-6750-P,7986.09,88.8,0.002,0.6,0.0025,0.6,93.05,0.94818,-8.87231,-0.05551,0.00012,-0.04975
8136.02,BTC-27SEP19,1558868341793,open,0.04,116.5,0.0005,0.0745,0.03494253,98.78,0.034,0.0,BTC-27DEC19-26000-C,7986.09,96.19,0.031,1.0,0.039,68.8,101.29,12.79588,-2.94103,4.27714,3e-05,0.12424
8136.02,BTC-27SEP19,1558868341811,open,0.61,0.0,0.567,0.6465,0.60680312,93.22,None,0.0,BTC-27SEP19-3250-C,7986.09,0.0,0.0075,0.1,0.951,5.0,500.0,2.76329,-1.03976,10.16887,1e-05,0.97507
8136.02,BTC-27SEP19,1558868341811,open,0.16,370.9,0.1145,0.194,0.1542144,83.8,0.151,0.0,BTC-27SEP19-9000-C,7986.09,81.55,0.149,5.0,0.157,1.0,85.0,18.89582,-6.39114,9.95935,0.0001,0.5149
8136.02,BTC-27SEP19,1558868341813,open,0.2,36.0,0.1555,0.2515,0.20359776,83.26,0.204,0.0,BTC-27DEC19-7500-P,7986.09,79.26,0.1925,5.0,0.209,9.0,85.21,22.53787,-4.36661,-25.4377,7e-05,-0.3275
8092.49,BTC-28JUN19,1558868341830,open,0.0,411.4,0.0005,0.044,0.00422341,105.8,0.004,0.0,BTC-28JUN19-15000-C,7986.09,97.54,0.0025,1.0,0.006,8.0,112.33,1.97071,-3.17111,0.24003,3e-05,0.03715
8136.02,BTC-27SEP19,1558868341842,open,0.82,0.0,0.7505,0.8955,0.82302968,88.01,None,0.0,BTC-27DEC19-14000-P,7986.09,0.0,0.008,3.0,1.649,0.2,499.99,22.34052,-4.57525,-71.96299,7e-05,-0.67943
248.39,index_price,1558868341847,open,0.05,363.0,0.009,0.092,0.050547,102.17,0.051,0,ETH-31MAY19-250-P,248.39,87.97,0.044,1.0,0.051,1.0,103.15,0.11453,-1.19999,-0.01821,0.0136,-0.49827
7986.09,index_price,1558868341867,open,0.22,307.6,0.178,0.2575,0.21789125,96.97,0.1635,0,BTC-31MAY19-6250-C,7986.09,0.0,0.018,6.0,0.245,0.3,248.55,0.29753,-2.95871,0.82107,4e-05,0.98756
253.22,ETH-27SEP19,1558868341877,open,0.07,1226.0,0.03,0.109,0.069416,108.9,0.077,0.0,ETH-27SEP19-480-C,248.39,107.02,0.066,20.0,0.073,100.0,110.85,0.46358,-0.20378,0.15076,0.00196,0.24484
251.33,ETH-28JUN19,1558868341877,open,0.37,923.0,0.331,0.41,0.370122,99.5,0.357,0.0,ETH-28JUN19-160-C,248.39,0.0,0.1,3.0,0.0,0.0,0.0,0.07568,-0.11452,0.13165,0.00134,0.9517
253.22,ETH-27SEP19,1558868341878,open,0.21,848.0,0.173,0.252,0.212306,97.0,0.218,0.0,ETH-27SEP19-260-C,248.39,93.77,0.205,25.0,0.222,80.0,101.3,0.57238,-0.2241,0.32734,0.00271,0.5932
251.33,ETH-28JUN19,1558868341878,open,0.25,51.0,0.206,0.305,0.255233,105.2,0.226,0.0,ETH-28JUN19-300-P,248.39,96.73,0.246,120.0,0.261,120.0,110.39,0.27747,-0.44392,-0.20638,0.00464,-0.65646
253.22,ETH-27SEP19,1558868341878,open,0.34,36.0,0.296,0.403,0.349522,98.54,0.345,0.0,ETH-27SEP19-300-P,248.39,92.72,0.336,30.0,0.359,30.0,102.62,0.58849,-0.23408,-0.7329,0.00274,-0.50329
253.22,ETH-27SEP19,1558868341878,open,0.0,174.0,0.001,0.04,0.000655,101.07,0.002,0.0,ETH-27SEP19-60-P,248.39,0.0,0.0,0.0,0.0,0.0,0.0,0.01379,-0.00563,-0.0032,6e-05,-0.00307
253.22,ETH-27SEP19,1558868341881,open,0.67,0.0,0.613,0.746,0.679436,105.56,None,0.0,ETH-27SEP19-400-P,248.39,0.0,0.0,0.0,0.0,0.0,0.0,0.53515,-0.22802,-1.15847,0.00233,-0.66858
253.22,ETH-27SEP19,1558868341881,open,0.02,7287.0,0.001,0.057,0.016464,97.02,0.015,0.0,ETH-27SEP19-120-P,248.39,83.79,0.009,50.0,0.017,50.0,97.84,0.16262,-0.06368,-0.06088,0.00077,-0.05437
248.39,index_price,1558868341883,open,0.1,79.0,0.052,0.131,0.091635,102.17,0.102,0,ETH-31MAY19-230-C,248.39,88.82,0.087,50.0,0.103,50.0,132.41,0.08899,-0.93237,0.02222,0.01057,0.76128
251.33,ETH-28JUN19,1558868341889,open,0.3,3366.0,0.261,0.34,0.300392,99.44,0.259,0.0,ETH-28JUN19-180-C,248.39,0.0,0.006,20.0,1.0,1.0,500.0,0.13472,-0.20374,0.13518,0.00238,0.89756
8092.49,BTC-28JUN19,1558868341889,open,0.01,445.2,0.0005,0.051,0.01060559,97.88,0.013,0.0,BTC-28JUN19-5500-P,7986.09,92.5,0.0085,9.0,0.0125,20.0,102.31,3.32978,-4.9567,-0.60159,6e-05,-0.07193
251.33,ETH-28JUN19,1558868341897,open,0.34,1130.0,0.295,0.374,0.334462,99.46,0.32,0.0,ETH-28JUN19-170-C,248.39,0.0,0.1,5.0,0.63,1.0,496.1,0.1038,-0.15702,0.1343,0.00183,0.92772
251.33,ETH-28JUN19,1558868341897,open,0.05,948.0,0.008,0.087,0.047751,107.75,0.05,0.0,ETH-28JUN19-320-C,248.39,106.01,0.046,10.0,0.049,80.0,108.98,0.25355,-0.4155,0.05239,0.00414,0.27918
8092.49,BTC-28JUN19,1558868341903,open,0.07,81.0,0.025,0.1095,0.06723444,86.62,0.064,0.0,BTC-28JUN19-7500-P,7986.09,83.67,0.064,5.0,0.0705,10.0,89.6,8.86196,-11.67515,-2.94168,0.00017,-0.33635
251.33,ETH-28JUN19,1558868341910,open,0.49,386.0,0.445,0.524,0.484803,110.35,0.321,0.0,ETH-28JUN19-130-C,248.39,0.0,0.14,49.0,0.0,0.0,0.0,0.02944,-0.0494,0.11311,0.00047,0.98447
253.22,ETH-27SEP19,1558868341910,open,0.11,2716.0,0.067,0.155,0.110592,97.01,0.106,0.0,ETH-27SEP19-200-P,248.39,90.62,0.099,40.0,0.114,40.0,98.88,0.46061,-0.18036,-0.30297,0.00218,-0.24195
253.22,ETH-27SEP19,1558868341918,open,0.4,24.0,0.354,0.466,0.40996,99.46,0.408,0.0,ETH-27SEP19-320-P,248.39,93.39,0.396,30.0,0.42,30.0,103.8,0.58468,-0.23472,-0.8211,0.0027,-0.54549
251.33,ETH-28JUN19,1558868341918,open,0.0,9820.0,0.001,0.042,0.00201,109.99,0.004,0.0,ETH-28JUN19-130-P,248.39,99.26,0.001,300.0,0.003,200.0,117.51,0.02907,-0.04862,-0.00392,0.00046,-0.01531
251.33,ETH-28JUN19,1558868341918,open,0.53,50.0,0.485,0.564,0.524085,117.2,0.547,0.0,ETH-28JUN19-120-C,248.39,0.0,0.003,10.0,0.0,0.0,0.0,0.02249,-0.04008,0.10516,0.00034,0.98863
251.33,ETH-28JUN19,1558868341918,open,0.03,2104.0,0.001,0.069,0.029191,112.15,0.032,0.0,ETH-28JUN19-360-C,248.39,110.65,0.028,125.0,0.031,100.0,114.39,0.20083,-0.34255,0.0351,0.00315,0.18425
253.22,ETH-27SEP19,1558868341929,open,0.15,393.0,0.107,0.186,0.146136,99.41,0.155,0.0,ETH-27SEP19-320-C,248.39,97.19,0.141,100.0,0.154,100.0,102.82,0.58466,-0.2346,0.26491,0.0027,0.45439
251.33,ETH-28JUN19,1558868341929,open,0.24,2090.0,0.198,0.277,0.237983,99.41,0.233,0.0,ETH-28JUN19-200-C,248.39,90.29,0.231,80.0,0.241,120.0,103.2,0.19801,-0.29936,0.13173,0.0035,0.81988
8092.49,BTC-28JUN19,1558868341931,open,0.0,315.4,0.0005,0.0445,0.00463168,105.72,0.003,0.0,BTC-28JUN19-4750-P,7986.09,97.43,0.003,44.9,0.0065,10.0,113.4,1.78983,-2.87782,-0.27459,3e-05,-0.03304
8136.02,BTC-27SEP19,1558868341935,open,0.07,171.3,0.0255,0.1105,0.06794588,84.44,0.075,0.0,BTC-27SEP19-6000-P,7986.09,81.65,0.0635,4.0,0.0725,14.0,87.28,13.00704,-4.43321,-7.21939,7e-05,-0.19351
8136.02,BTC-27SEP19,1558868341944,open,0.33,719.4,0.2905,0.37,0.33049454,84.45,0.335,0.0,BTC-27SEP19-6000-C,7986.09,0.0,0.0105,0.1,0.3445,10.0,93.08,13.00734,-4.43364,13.14325,7e-05,0.80648
7986.09,index_price,1558868341944,open,0.0,280.8,0.0005,0.0405,0.00055589,127.35,0.001,0,BTC-31MAY19-5750-P,7986.09,0.0,0.0,0.0,0.0015,10.5,147.73,0.25816,-3.3714,-0.01187,2e-05,-0.01057
253.22,ETH-27SEP19,1558868341967,open,0.53,81.0,0.479,0.601,0.540249,102.15,0.489,0.0,ETH-27SEP19-360-P,248.39,94.32,0.523,30.0,0.549,30.0,106.06,0.56367,-0.23241,-0.99324,0.00254,-0.6155
253.22,ETH-27SEP19,1558868341985,open,0.6,31.0,0.544,0.672,0.608054,103.38,0.52,0.0,ETH-27SEP19-380-P,248.39,0.0,0.0,0.0,0.0,0.0,0.0,0.54899,-0.22907,-1.07719,0.00244,-0.64538
248.39,index_price,1558868341989,open,0.24,0.0,0.2,0.279,0.239729,99.48,None,0,ETH-7JUN19-190-C,248.39,100.78,0.24,50.0,0.25,50.0,136.16,0.05105,-0.21381,0.05686,0.00256,0.9433
7986.09,index_price,1558868341995,open,0.01,12.8,0.0005,0.0465,0.00629333,87.09,0.0085,0,BTC-7JUN19-6500-P,7986.09,84.11,0.0055,0.1,0.007,3.0,89.61,2.18941,-8.02793,-0.2304,0.00012,-0.08238
248.39,index_price,1558868342014,open,0.07,2.0,0.033,0.118,0.075009,99.48,0.066,0,ETH-7JUN19-250-P,248.39,86.95,0.066,150.0,0.073,1.0,96.68,0.17848,-0.74756,-0.04474,0.00894,-0.47858
253.22,ETH-27SEP19,1558868342016,open,0.54,147.0,0.503,0.582,0.542587,97.04,0.45,0.0,ETH-27SEP19-120-C,248.39,0.0,0.037,5.0,0.0,0.0,0.0,0.1627,-0.06373,0.34634,0.00077,0.94559
8135.99,BTC-27SEP19,1558868342020,open,0.49,6.6,0.451,0.5305,0.49090152,83.27,0.498,0.0,BTC-27DEC19-4500-C,7986.09,0.0,0.26,1.4,0.7865,2.0,273.94,11.45328,-2.21918,19.29221,4e-05,0.89369
8135.99,BTC-27SEP19,1558868342020,open,0.41,56.9,0.3685,0.448,0.40839529,83.27,0.436,0.0,BTC-27DEC19-5500-C,7986.09,0.0,0.0065,1.0,0.6,7.0,178.01,16.12592,-3.12452,19.92573,5e-05,0.82441
248.39,index_price,1558868342023,open,0.03,0.0,0.001,0.065,0.025656,108.36,None,0,ETH-7JUN19-290-C,248.39,101.76,0.022,200.0,0.03,200.0,115.89,0.14042,-0.64064,0.01762,0.00646,0.24363
251.33,ETH-28JUN19,1558868342028,open,0.45,335.0,0.407,0.486,0.446024,106.14,0.481,0.0,ETH-28JUN19-140-C,248.39,0.0,0.021,3.0,0.6,1.0,387.76,0.04104,-0.06624,0.12021,0.00068,0.97704
251.33,ETH-28JUN19,1558868342028,open,0.57,10.0,0.524,0.603,0.563368,122.75,0.265,0.0,ETH-28JUN19-110-C,248.39,0.0,0.028,1.0,0.0,0.0,0.0,0.01582,-0.02954,0.09712,0.00023,0.99239
7986.09,index_price,1558868342043,open,0.11,7.7,0.064,0.152,0.1078994,92.64,0.0935,0,BTC-31MAY19-8750-P,7986.09,55.57,0.098,5.0,0.1055,5.0,85.25,2.67464,-25.40999,-0.95578,0.00034,-0.78804
253.22,ETH-27SEP19,1558868342049,open,0.37,743.0,0.328,0.407,0.367351,97.03,0.331,0.0,ETH-27SEP19-180-C,248.39,0.0,0.23,1.0,0.5,1.0,178.23,0.39731,-0.15561,0.38239,0.00188,0.8123
253.22,ETH-27SEP19,1558868342053,open,1.25,0.0,1.174,1.354,1.264007,113.09,None,0.0,ETH-27SEP19-560-P,248.39,0.0,0.0,0.0,0.0,0.0,0.0,0.40125,-0.18316,-1.78176,0.00163,-0.80928
251.33,ETH-28JUN19,1558868342053,open,0.0,4824.0,0.001,0.041,0.001004,122.19,0.001,0.0,ETH-28JUN19-110-P,248.39,0.0,0.0,0.0,0.002,315.0,134.86,0.01546,-0.02874,-0.00191,0.00022,-0.00741
7986.09,index_price,1558868342063,open,0.01,11.3,0.0005,0.0485,0.00896412,96.41,0.0125,0,BTC-7JUN19-10000-C,7986.09,90.44,0.007,6.6,0.011,1.0,102.0,2.77622,-11.26846,0.27254,0.00014,0.11385
253.22,ETH-27SEP19,1558868342065,open,0.15,1657.0,0.103,0.194,0.148532,97.01,0.142,0.0,ETH-27SEP19-220-P,248.39,91.3,0.137,40.0,0.153,80.0,99.23,0.51101,-0.2001,-0.38337,0.00242,-0.29757
251.33,ETH-28JUN19,1558868342065,open,0.04,3160.0,0.004,0.087,0.045529,99.37,0.037,0.0,ETH-28JUN19-210-P,248.39,90.9,0.038,80.0,0.045,400.0,98.79,0.22688,-0.3429,-0.06151,0.00401,-0.22617
8135.99,BTC-27SEP19,1558868342067,open,0.88,0.0,0.8115,0.962,0.88697285,90.99,None,0.0,BTC-27SEP19-15000-P,7986.09,0.0,0.0065,0.1,1.649,0.3,499.81,12.73636,-4.67768,-46.94034,6e-05,-0.813
251.33,ETH-28JUN19,1558868342080,open,0.01,5614.0,0.001,0.051,0.01081,99.33,0.014,0.0,ETH-28JUN19-170-P,248.39,89.16,0.007,100.0,0.01,120.0,97.33,0.10357,-0.15647,-0.01876,0.00183,-0.07207
253.22,ETH-27SEP19,1558868342090,open,0.13,546.0,0.093,0.172,0.132198,101.2,0.138,0.0,ETH-27SEP19-340-C,248.39,98.03,0.125,100.0,0.138,100.0,103.74,0.57626,-0.23538,0.24626,0.00262,0.41875
251.33,ETH-28JUN19,1558868342090,open,0.41,481.0,0.368,0.447,0.407091,99.57,0.385,0.0,ETH-28JUN19-150-C,248.39,0.0,0.021,4.0,0.5,200.0,272.57,0.05172,-0.07833,0.12736,0.00091,0.96972
253.22,ETH-27SEP19,1558868342090,open,0.69,0.0,0.648,0.727,0.687051,100.72,None,0.0,ETH-27SEP19-80-C,248.39,0.0,0.003,10.0,0.0,0.0,0.0,0.04608,-0.01873,0.25863,0.00021,0.988
8135.99,BTC-27SEP19,1558868342095,open,0.45,3.2,0.392,0.5075,0.4496383,86.6,0.481,0.0,BTC-27SEP19-11000-P,7986.09,0.0,0.0075,0.1,1.184,0.3,500.0,17.8131,-6.22657,-29.95377,9e-05,-0.63516
248.39,index_price,1558868342102,open,0.0,787.0,0.001,0.041,0.001383,102.18,0.001,0,ETH-31MAY19-200-P,248.39,0.0,0.0,0.0,0.002,168.0,109.36,0.01906,-0.19967,-0.00101,0.00226,-0.02912
248.39,index_price,1558868342108,open,0.02,60.0,0.001,0.066,0.025051,99.48,0.019,0,ETH-7JUN19-220-P,248.39,87.86,0.019,200.0,0.023,101.0,95.62,0.13328,-0.55824,-0.01995,0.00667,-0.2218
7986.09,index_price,1558868342116,open,0.37,0.0,0.323,0.4325,0.37787042,117.03,None,0,BTC-31MAY19-11000-P,7986.09,0.0,0.0,0.0,0.4125,0.1,289.28,0.26167,-3.1403,-1.45844,3e-05,-0.98927
8135.99,BTC-27SEP19,1558868342131,open,0.0,122.6,0.0005,0.041,0.00125171,97.54,0.0025,0.0,BTC-27DEC19-1500-P,7986.09,87.1,0.0005,108.0,0.002,21.5,104.2,0.77684,-0.17632,-0.26236,0.0,-0.00423
8135.99,BTC-27SEP19,1558868342147,open,0.03,125.5,0.0005,0.0685,0.02787172,86.81,0.0285,0.0,BTC-27SEP19-4750-P,7986.09,83.28,0.0245,10.0,0.0315,15.0,90.45,7.94423,-2.78367,-3.36314,4e-05,-0.09393
8092.49,BTC-28JUN19,1558868342147,open,0.73,1.3,0.6665,0.805,0.7358045,101.91,2.415,0.0,BTC-28JUN19-14000-P,7986.09,0.0,0.0,0.0,1.151,1.0,500.0,2.52816,-3.91845,-12.28346,4e-05,-0.94942
8092.49,BTC-28JUN19,1558868342147,open,0.75,20.1,0.713,0.7925,0.7528729,135.96,0.578,0.0,BTC-28JUN19-2000-C,7986.09,0.0,0.002,0.5,0.842,1.0,500.0,0.01336,-0.02762,1.80026,0.0,0.99986
8135.99,BTC-27SEP19,1558868342147,open,0.02,97.2,0.0005,0.063,0.02228628,87.25,0.0255,0.0,BTC-27SEP19-4500-P,7986.09,83.26,0.019,10.0,0.0255,10.0,90.94,6.90671,-2.43235,-2.76672,4e-05,-0.07791
7986.09,index_price,1558868342149,open,0.0,101.4,0.0005,0.04,0.0,135.0,0.0005,0,BTC-31MAY19-3500-P,7986.09,0.0,0.0,0.0,0.0005,10.0,290.32,0.0,-1e-05,0.0,0.0,0.0
7986.09,index_price,1558868342149,open,0.25,0.0,0.2035,0.3035,0.2533952,99.36,None,0,BTC-31MAY19-10000-P,7986.09,0.0,0.0,0.0,0.287,0.1,235.68,0.60474,-6.16208,-1.30653,7e-05,-0.97133
7986.09,index_price,1558868342158,open,0.04,157.0,0.0005,0.078,0.03812617,88.06,0.047,0,BTC-7JUN19-8500-C,7986.09,80.53,0.033,30.0,0.0425,3.0,94.42,5.47179,-20.28807,0.8807,0.0003,0.37707
253.22,ETH-27SEP19,1558868342186,open,0.24,1281.0,0.19,0.288,0.239101,97.01,0.254,0.0,ETH-27SEP19-260-P,248.39,92.11,0.228,120.0,0.248,120.0,100.95,0.57237,-0.22412,-0.55507,0.00271,-0.40679
251.33,ETH-28JUN19,1558868342186,open,0.27,590.0,0.229,0.308,0.268164,99.42,0.296,0.0,ETH-28JUN19-190-C,248.39,84.53,0.259,40.0,0.271,40.0,103.62,0.16672,-0.2521,0.1343,0.00295,0.86142
8135.99,BTC-27SEP19,1558868342191,open,0.06,148.3,0.023,0.1025,0.06264885,88.27,0.07,0.0,BTC-27SEP19-13000-C,7986.09,85.49,0.0575,14.0,0.0665,10.0,90.31,15.26589,-5.43903,5.35212,8e-05,0.25648
8135.99,BTC-27SEP19,1558868342191,open,0.64,226.1,0.598,0.6775,0.63753106,100.59,0.585,0.0,BTC-27SEP19-3000-C,7986.09,0.0,0.0065,0.1,0.953,5.0,500.0,2.58214,-1.04839,9.37371,1e-05,0.97701
8135.99,BTC-27SEP19,1558868342191,open,0.16,284.5,0.1165,0.196,0.15642425,85.53,0.172,0.0,BTC-27DEC19-11000-C,7986.09,82.58,0.1475,10.0,0.1655,10.0,88.51,24.68956,-4.91358,13.95084,7e-05,0.44769
253.22,ETH-27SEP19,1558868342196,open,0.48,191.0,0.439,0.518,0.478228,97.04,0.5,0.0,ETH-27SEP19-140-C,248.39,0.0,0.044,1.0,0.0,0.0,0.0,0.24271,-0.09506,0.36969,0.00115,0.9084
8135.99,BTC-27SEP19,1558868342215,open,0.26,23.7,0.21,0.3105,0.26039508,83.79,0.255,0.0,BTC-27SEP19-9000-P,7986.09,80.18,0.252,3.0,0.2695,3.0,87.71,18.89578,-6.39067,-20.58539,0.0001,-0.48512
8135.99,BTC-27SEP19,1558868342215,open,0.0,322.6,0.0005,0.0435,0.00375467,107.04,0.005,0.0,BTC-27SEP19-2500-P,7986.09,100.15,0.0025,10.0,0.005,5.0,112.61,1.66641,-0.71998,-0.48361,1e-05,-0.01376
8135.99,BTC-27SEP19,1558868342215,open,0.2,1029.2,0.16,0.2395,0.19966787,83.79,0.2035,0.0,BTC-27SEP19-8000-C,7986.09,80.81,0.193,8.0,0.2065,5.0,86.84,18.18923,-6.15128,11.32248,0.0001,0.60972
8135.99,BTC-27SEP19,1558868342215,open,0.59,4.0,0.5505,0.63,0.59037319,86.82,0.59,0.0,BTC-27DEC19-3500-C,7986.09,0.0,0.0065,1.1,0.996,1.0,500.0,6.93064,-1.40008,16.99196,2e-05,0.94514
8135.99,BTC-27SEP19,1558868342215,open,0.0,85.9,0.0005,0.0435,0.00375512,95.89,0.0025,0.0,BTC-27DEC19-2000-P,7986.09,78.85,0.001,1.0,0.0065,1.9,105.96,1.8721,-0.41771,-0.72832,1e-05,-0.01145
8135.99,BTC-27SEP19,1558868342218,open,0.76,0.0,0.718,0.7975,0.7579368,95.9,None,0.0,BTC-27DEC19-2000-C,7986.09,0.0,0.018,3.0,0.99,0.5,500.0,1.873,-0.41796,11.04524,1e-05,0.98854
8135.99,BTC-27SEP19,1558868342246,open,0.01,42.8,0.0005,0.051,0.01072026,90.01,0.0115,0.0,BTC-27SEP19-3750-P,7986.09,83.15,0.0075,5.0,0.014,5.0,96.0,4.16625,-1.51358,-1.42782,2e-05,-0.04099
8135.99,BTC-27SEP19,1558868342246,open,0.5,0.2,0.4555,0.535,0.49530884,87.98,0.26,0.0,BTC-27SEP19-4250-C,7986.09,0.0,0.0115,0.1,0.7315,5.0,298.82,5.92639,-2.10443,12.17289,3e-05,0.93616
251.33,ETH-28JUN19,1558868342248,open,0.08,2143.0,0.04,0.119,0.079068,101.71,0.087,0.0,ETH-28JUN19-280-C,248.39,97.38,0.074,200.0,0.084,80.0,105.91,0.29488,-0.45617,0.07724,0.0051,0.42026
253.22,ETH-27SEP19,1558868342250,open,0.81,0.0,0.749,0.893,0.820931,107.59,None,0.0,ETH-27SEP19-440-P,248.39,0.0,0.0,0.0,0.0,0.0,0.0,0.50082,-0.21749,-1.31997,0.00214,-0.71501
253.22,ETH-27SEP19,1558868342320,open,0.29,8.0,0.241,0.344,0.292574,97.81,0.268,0.0,ETH-27SEP19-280-P,248.39,92.37,0.28,110.0,0.302,110.0,101.89,0.58506,-0.23096,-0.64402,0.00275,-0.45682
253.22,ETH-27SEP19,1558868342320,open,0.96,0.0,0.887,1.043,0.964926,108.86,None,0.0,ETH-27SEP19-480-P,248.39,0.0,0.0,0.0,0.0,0.0,0.0,0.46342,-0.20363,-1.47836,0.00196,-0.75531
251.33,ETH-28JUN19,1558868342320,open,0.21,551.0,0.17,0.249,0.209997,99.4,0.214,0.0,ETH-28JUN19-210-C,248.39,90.39,0.202,80.0,0.211,80.0,100.51,0.2269,-0.34302,0.12763,0.00401,0.7738
7986.09,index_price,1558868342320,open,0.04,709.8,0.0005,0.076,0.03644444,80.87,0.04,0,BTC-31MAY19-8000-C,7986.09,80.99,0.0365,15.0,0.039,0.1,86.42,3.68082,-30.52729,0.50648,0.00053,0.51122
8092.47,BTC-28JUN19,1558868342345,open,0.04,99.6,0.003,0.086,0.04452958,87.76,0.0425,0.0,BTC-28JUN19-7000-P,7986.09,85.61,0.0425,5.0,0.047,1.2,90.35,7.67687,-10.24608,-2.12869,0.00015,-0.24752
8092.47,BTC-28JUN19,1558868342345,open,0.02,396.1,0.0005,0.061,0.02113148,91.58,0.0225,0.0,BTC-28JUN19-11000-C,7986.09,89.34,0.0195,10.0,0.0225,0.1,93.4,5.99733,-8.35286,1.03897,0.00011,0.16367
8092.47,BTC-28JUN19,1558868342345,open,0.6,0.1,0.5595,0.639,0.59945714,135.01,0.395,0.0,BTC-28JUN19-3250-C,7986.09,0.0,0.0005,0.9,0.781,2.0,500.0,0.47706,-0.9796,2.86804,1e-05,0.99294
7986.09,index_price,1558868342345,open,0.0,394.3,0.0005,0.041,0.00121798,99.36,0.0015,0,BTC-31MAY19-10000-C,7986.09,96.31,0.001,4.0,0.0015,1.9,102.85,0.60474,-6.16208,0.02928,7e-05,0.02867
7986.09,index_price,1558868342345,open,0.34,116.2,0.303,0.3825,0.34274588,135.0,0.293,0,BTC-31MAY19-5250-C,7986.09,0.0,0.072,2.0,0.368,0.1,351.25,0.08021,-1.11047,0.69813,1e-05,0.99717
7986.09,index_price,1558868342345,open,0.0,390.1,0.0005,0.04,6.7e-07,135.0,0.0005,0,BTC-31MAY19-4250-P,7986.09,0.0,0.0,0.0,0.001,10.0,247.61,0.00076,-0.00536,-2e-05,0.0,-2e-05
8135.99,BTC-27SEP19,1558868342347,open,0.82,0.0,0.777,0.8565,0.81688797,97.56,None,0.0,BTC-27DEC19-1500-C,7986.09,0.0,0.0245,10.0,0.992,0.5,500.0,0.77778,-0.17658,8.56776,0.0,0.99577
7986.09,index_price,1558868342389,open,0.08,258.5,0.035,0.1145,0.0749805,82.41,0.083,0,BTC-31MAY19-7500-C,7986.09,85.23,0.076,5.0,0.084,5.0,106.33,2.86815,-24.24027,0.73097,0.00041,0.76019
7986.09,index_price,1558868342402,open,0.02,182.2,0.0005,0.0645,0.02381907,80.87,0.0275,0,BTC-31MAY19-7750-P,7986.09,70.78,0.0195,20.0,0.027,20.0,88.22,3.44148,-28.54227,-0.40574,0.0005,-0.35652
8092.47,BTC-28JUN19,1558868342412,open,0.69,24.4,0.6515,0.731,0.69119291,135.19,0.5115,0.0,BTC-28JUN19-2500-C,7986.09,0.0,0.0025,0.5,0.8155,1.0,500.0,0.07985,-0.16418,2.24377,0.0,0.99903
7986.09,index_price,1558868342414,open,0.01,429.3,0.0005,0.045,0.00490199,90.78,0.0045,0,BTC-31MAY19-7000-P,7986.09,85.97,0.004,10.0,0.006,0.5,96.15,1.56424,-14.56259,-0.10694,0.0002,-0.09535
8135.99,BTC-27SEP19,1558868342421,open,0.42,793.5,0.3795,0.459,0.4191045,85.83,0.425,0.0,BTC-27SEP19-5000-C,7986.09,0.0,0.1105,2.0,0.7045,5.0,298.82,8.94326,-3.09819,12.98789,5e-05,0.88947
8092.47,BTC-28JUN19,1558868342421,open,0.0,554.0,0.0005,0.042,0.00213202,117.87,0.0015,0.0,BTC-28JUN19-4000-P,7986.09,105.48,0.001,110.0,0.0035,10.0,128.09,0.92249,-1.65378,-0.12525,1e-05,-0.01505
8135.99,BTC-27SEP19,1558868342421,open,0.7,56.4,0.6565,0.736,0.69648176,107.06,0.6975,0.0,BTC-27SEP19-2500-C,7986.09,0.0,0.0065,0.1,0.958,5.0,500.0,1.66741,-0.72054,8.00065,1e-05,0.98623
7986.09,index_price,1558868342426,open,0.14,52.0,0.0995,0.179,0.1393969,85.93,0.1435,0,BTC-7JUN19-7000-C,7986.09,86.15,0.1395,5.0,0.1525,5.0,111.69,3.73688,-13.51933,1.77688,0.00021,0.82324
7986.09,index_price,1558868342517,open,0.26,0.0,0.211,0.3115,0.26114135,96.41,None,0,BTC-7JUN19-10000-P,7986.09,0.0,0.0,0.0,0.0,0.0,0.0,2.77622,-11.26846,-2.98107,0.00014,-0.88615
8135.99,BTC-27SEP19,1558868342520,open,0.04,24.0,0.0005,0.0795,0.03951353,96.94,0.0425,0.0,BTC-27DEC19-24000-C,7986.09,93.59,0.034,5.0,0.045,5.0,100.07,13.86311,-3.12729,4.79082,4e-05,0.13954
7986.09,index_price,1558868342525,open,0.01,249.1,0.0005,0.0485,0.00845581,86.57,0.0085,0,BTC-31MAY19-7250-P,7986.09,81.11,0.007,0.1,0.01,25.0,92.03,2.19653,-19.49975,-0.17404,0.0003,-0.15469
8092.47,BTC-28JUN19,1558868342533,open,1.47,0.4,1.374,1.5715,1.47291072,124.52,5.076,0.0,BTC-28JUN19-20000-P,7986.09,0.0,0.0,0.0,1.8125,2.0,499.96,0.79832,-1.5118,-17.93207,1e-05,-0.98727
8092.47,BTC-28JUN19,1558868342547,open,0.0,853.0,0.0005,0.0405,0.00056728,134.97,0.0005,0.0,BTC-28JUN19-3000-P,7986.09,0.0,0.0,0.0,0.001,4.1,144.85,0.28758,-0.59034,-0.03327,0.0,-0.004
8135.99,BTC-27SEP19,1558868342547,open,0.47,289.7,0.4295,0.509,0.46919506,87.26,0.5,0.0,BTC-27SEP19-4500-C,7986.09,0.0,0.0215,4.0,0.7225,5.0,299.12,6.90754,-2.43287,12.50509,4e-05,0.92208
7986.09,index_price,1558868342547,open,0.08,55.7,0.04,0.126,0.08304374,91.49,0.0735,0,BTC-31MAY19-8500-P,7986.09,62.96,0.0725,15.0,0.081,15.0,86.31,3.18796,-29.90943,-0.83997,0.00041,-0.70434
248.39,index_price,1558868342555,open,0.12,50.0,0.073,0.152,0.112072,99.48,0.136,0,ETH-7JUN19-230-C,248.39,97.77,0.111,50.0,0.122,50.0,115.08,0.15627,-0.65451,0.04735,0.00783,0.69791
7986.09,index_price,1558868342560,open,0.13,27.1,0.0895,0.1795,0.13454366,92.79,0.1235,0,BTC-31MAY19-9000-P,7986.09,0.0,0.1245,5.0,0.1325,5.0,84.53,2.09766,-19.96082,-1.0563,0.00027,-0.85562
7986.09,index_price,1558868342576,open,0.44,0.0,0.383,0.4975,0.44024098,120.88,None,0,BTC-31MAY19-11500-P,7986.09,0.0,0.0,0.0,0.476,0.2,315.26,0.14619,-1.81218,-1.53052,1e-05,-0.99446
8135.99,BTC-27SEP19,1558868342579,open,0.55,6.1,0.4925,0.6165,0.55448722,88.26,1.781,0.0,BTC-27SEP19-12000-P,7986.09,0.0,0.0105,0.1,1.2995,0.3,499.99,16.69804,-5.9487,-34.39083,8e-05,-0.691
7986.09,index_price,1558868342579,open,0.25,503.2,0.2095,0.289,0.24944153,117.49,0.2595,0,BTC-31MAY19-6000-C,7986.09,0.0,0.1205,3.0,0.276,0.1,274.37,0.34684,-4.17878,0.78483,3e-05,0.98514
8135.99,BTC-27SEP19,1558868342592,open,0.01,28.3,0.0005,0.0465,0.00625609,93.21,0.007,0.0,BTC-27SEP19-3250-P,7986.09,83.75,0.0035,5.0,0.009,5.0,100.5,2.76202,-1.0391,-0.86063,1e-05,-0.02491
8092.47,BTC-28JUN19,1558868342592,open,0.45,219.6,0.408,0.4875,0.44756268,109.76,0.471,0.0,BTC-28JUN19-4500-C,7986.09,0.0,0.2005,2.0,0.51,1.0,249.13,1.45799,-2.43384,3.83853,2e-05,0.97419
7986.09,index_price,1558868342592,open,0.0,98.5,0.0005,0.0405,0.00050202,96.97,0.001,0,BTC-31MAY19-6250-P,7986.09,0.0,0.0,0.0,0.001,1.0,107.47,0.29753,-2.95871,-0.01381,4e-05,-0.01244
7986.09,index_price,1558868342603,open,0.53,0.0,0.4905,0.57,0.53043355,135.0,None,0,BTC-31MAY19-3750-C,7986.09,0.0,0.0065,0.5,0.0,0.0,0.0,2e-05,-0.00028,0.50093,0.0,1.0
7986.09,index_price,1558868342809,open,0.01,62.3,0.0005,0.0445,0.00451574,92.79,0.005,0,BTC-31MAY19-9250-C,7986.09,84.2,0.003,25.0,0.0055,19.9,97.64,1.54832,-14.73352,0.0955,0.0002,0.09403
248.39,index_price,1558868342883,open,0.1,2.0,0.059,0.146,0.102161,104.09,0.093,0,ETH-7JUN19-260-P,248.39,85.49,0.089,150.0,0.101,150.0,102.46,0.17676,-0.77466,-0.05346,0.00846,-0.55939
248.39,index_price,1558868342891,open,0.21,2.0,0.164,0.243,0.203685,99.48,0.218,0,ETH-7JUN19-200-C,248.39,100.49,0.204,50.0,0.213,50.0,125.28,0.07705,-0.32272,0.05649,0.00386,0.90273
7986.09,index_price,1558868342893,open,0.02,72.7,0.0005,0.0565,0.01592098,85.93,0.02,0,BTC-7JUN19-7000-P,7986.09,77.2,0.012,0.2,0.02,20.0,94.37,3.73688,-13.51934,-0.50065,0.00021,-0.17676
8092.47,BTC-28JUN19,1558868342989,open,0.04,1243.0,0.0005,0.0765,0.03691056,89.96,0.05,0.0,BTC-28JUN19-10000-C,7986.09,86.4,0.0335,16.0,0.04,10.0,93.11,7.84938,-10.73937,1.61286,0.00015,0.25819
7986.09,index_price,1558868343036,open,0.03,118.9,0.0005,0.0665,0.02665619,87.7,0.03,0,BTC-31MAY19-8250-C,7986.09,83.96,0.025,2.0,0.029,5.0,92.95,3.55038,-31.92893,0.39139,0.00048,0.39354
7986.09,index_price,1558868343059,open,0.02,129.5,0.0005,0.0625,0.02272847,89.35,0.03,0,BTC-7JUN19-9000-C,7986.09,82.77,0.019,5.0,0.0265,0.1,95.76,4.61906,-17.37707,0.60173,0.00025,0.25431
248.39,index_price,1558868343178,open,0.0,1059.0,0.001,0.043,0.00379,102.17,0.003,0,ETH-31MAY19-210-P,248.39,77.88,0.001,201.0,0.004,80.0,103.52,0.03826,-0.40089,-0.00243,0.00454,-0.06933
8135.95,BTC-27SEP19,1558868343187,open,0.02,91.0,0.0005,0.0605,0.0209433,97.55,0.02,0.0,BTC-27SEP19-20000-C,7986.09,95.56,0.019,1.0,0.023,15.0,99.56,8.1387,-3.2047,2.10188,4e-05,0.09706
8135.95,BTC-27SEP19,1558868343342,open,0.02,137.4,0.0005,0.057,0.01747276,100.94,0.019,0.0,BTC-27SEP19-22000-C,7986.09,97.99,0.015,1.0,0.02,5.0,103.72,7.12049,-2.90105,1.75732,3e-05,0.08112
7986.09,index_price,1558868343520,open,0.16,0.0,0.1165,0.209,0.16277967,92.79,None,0,BTC-31MAY19-9250-P,7986.09,0.0,0.0005,2.1,0.2005,0.2,206.9,1.54832,-14.73352,-1.14013,0.0002,-0.90597
251.33,ETH-28JUN19,1558868343523,open,0.01,4469.0,0.001,0.046,0.006689,99.33,0.004,0.0,ETH-28JUN19-160-P,248.39,89.18,0.004,225.0,0.007,120.0,100.37,0.07538,-0.11389,-0.0124,0.00133,-0.04807
248.39,index_price,1558868343524,open,0.24,95.0,0.196,0.275,0.235585,105.16,0.199,0,ETH-31MAY19-190-C,248.39,0.0,0.232,50.0,0.247,50.0,198.32,0.00879,-0.09484,0.02497,0.00101,0.98826
7986.09,index_price,1558868343660,open,0.31,0.0,0.263,0.3675,0.31528082,102.84,None,0,BTC-31MAY19-10500-P,7986.09,0.0,0.0,0.0,0.349,0.2,261.5,0.29758,-3.13839,-1.38985,3e-05,-0.98755
7986.09,index_price,1558868343702,open,0.06,0.4,0.0175,0.102,0.05970249,87.7,0.0565,0,BTC-31MAY19-8250-P,7986.09,66.66,0.0505,15.0,0.0565,0.1,80.46,3.55038,-31.929,-0.71065,0.00048,-0.60646
248.39,index_price,1558868343711,open,0.03,1075.0,0.001,0.072,0.031342,102.17,0.023,0,ETH-31MAY19-240-P,248.39,73.25,0.019,200.0,0.034,1.0,108.29,0.10772,-1.1287,-0.01309,0.01279,-0.36316
253.22,ETH-27SEP19,1558868343909,open,0.19,1324.0,0.144,0.239,0.191556,97.01,0.184,0.0,ETH-27SEP19-240-P,248.39,91.69,0.18,40.0,0.198,80.0,100.0,0.54805,-0.21459,-0.4679,0.0026,-0.35292
7986.09,index_price,1558868343950,open,0.0,48.7,0.0005,0.042,0.0020236,88.57,0.0035,0,BTC-7JUN19-6000-P,7986.09,78.66,0.001,3.0,0.003,3.0,95.5,1.00089,-3.73252,-0.0852,5e-05,-0.03077
248.39,index_price,1558868344043,open,0.0,327.0,0.001,0.04,0.000511,105.16,0.001,0,ETH-31MAY19-190-P,248.39,0.0,0.0,0.0,0.001,12.0,116.05,0.00879,-0.09484,-0.00041,0.00101,-0.01174
8136.02,BTC-27SEP19,1558868344115,open,0.02,83.4,0.0005,0.061,0.02055601,86.81,0.0205,0.0,BTC-27DEC19-3500-P,7986.09,82.47,0.017,10.0,0.0245,15.0,91.27,6.92984,-1.39981,-3.61191,2e-05,-0.05486
253.21,ETH-27SEP19,1558868344139,open,0.05,599.0,0.007,0.086,0.046253,114.92,0.04,0.0,ETH-27SEP19-600-C,248.35,111.27,0.041,40.0,0.052,40.0,118.72,0.3734,-0.17321,0.10642,0.00149,0.17008
253.21,ETH-27SEP19,1558868344139,open,0.12,1098.0,0.079,0.158,0.118606,102.18,0.124,0.0,ETH-27SEP19-360-C,248.35,99.2,0.112,100.0,0.125,100.0,105.04,0.56367,-0.23247,0.22855,0.00254,0.38456
251.32,ETH-28JUN19,1558868344139,open,0.14,1298.0,0.1,0.179,0.139752,99.37,0.166,0.0,ETH-28JUN19-240-C,248.35,93.46,0.133,80.0,0.144,80.0,103.08,0.28735,-0.43425,0.10855,0.00508,0.6193
251.32,ETH-28JUN19,1558868344140,open,0.32,0.0,0.269,0.373,0.320958,107.69,None,0.0,ETH-28JUN19-320-P,248.35,0.0,0.232,10.0,0.0,0.0,0.0,0.25344,-0.4151,-0.23587,0.00414,-0.72103
253.17,ETH-27SEP19,1558868344140,open,0.42,400.0,0.38,0.459,0.419756,97.09,0.383,0.0,ETH-27SEP19-160-C,248.35,59.75,0.38,1.0,0.599,10.0,222.53,0.32339,-0.12673,0.38089,0.00153,0.86305
251.32,ETH-28JUN19,1558868344140,open,0.02,2159.0,0.001,0.059,0.019513,117.86,0.02,0.0,ETH-28JUN19-400-C,248.35,117.04,0.019,5.0,0.02,100.0,118.63,0.15766,-0.2826,0.02451,0.00235,0.12777
251.32,ETH-28JUN19,1558868344140,open,0.19,180.0,0.146,0.24,0.193114,101.66,0.187,0.0,ETH-28JUN19-280-P,248.35,96.44,0.187,80.0,0.199,80.0,106.67,0.29485,-0.4559,-0.17498,0.0051,-0.57989
251.32,ETH-28JUN19,1558868344140,open,0.06,2817.0,0.022,0.101,0.061656,105.27,0.07,0.0,ETH-28JUN19-300-C,248.35,101.03,0.057,1.0,0.067,160.0,110.08,0.2775,-0.44429,0.06384,0.00463,0.34368
253.17,ETH-27SEP19,1558868344140,open,0.17,1472.0,0.125,0.204,0.164815,98.59,0.164,0.0,ETH-27SEP19-300-C,248.35,96.52,0.16,100.0,0.173,100.0,102.11,0.58837,-0.23413,0.28514,0.00274,0.49667
251.32,ETH-28JUN19,1558868344140,open,0.06,3390.0,0.018,0.101,0.059593,99.34,0.057,0.0,ETH-28JUN19-220-P,248.35,91.71,0.052,80.0,0.059,205.0,98.74,0.25201,-0.38073,-0.07591,0.00446,-0.27575
253.17,ETH-27SEP19,1558868344140,open,0.11,1204.0,0.068,0.147,0.107433,103.42,0.112,0.0,ETH-27SEP19-380-C,248.35,100.44,0.101,100.0,0.114,100.0,106.44,0.5489,-0.22913,0.21242,0.00244,0.35466
251.32,ETH-28JUN19,1558868344140,open,0.99,0.0,0.918,1.077,0.99783,129.55,None,0.0,ETH-28JUN19-500-P,248.35,0.0,0.0,0.0,0.0,0.0,0.0,0.08707,-0.17155,-0.43919,0.00118,-0.94236
251.32,ETH-28JUN19,1558868344140,open,0.0,4769.0,0.001,0.041,0.001508,116.78,0.004,0.0,ETH-28JUN19-120-P,248.35,0.0,0.0,0.0,0.003,9.0,130.17,0.02214,-0.03932,-0.00287,0.00033,-0.01117
251.32,ETH-28JUN19,1558868344140,open,0.0,2026.0,0.001,0.04,0.000169,122.52,0.001,0.0,ETH-28JUN19-90-P,248.35,0.0,0.0,0.0,0.0,0.0,0.0,0.00358,-0.00668,-0.00037,5e-05,-0.00146
251.32,ETH-28JUN19,1558868344140,open,0.64,0.0,0.603,0.682,0.642074,123.49,None,0.0,ETH-28JUN19-90-C,248.35,0.0,0.003,3.0,0.0,0.0,0.0,0.00381,-0.00715,0.08067,5e-05,0.99844
248.35,index_price,1558868344139,open,0.14,0.0,0.1,0.179,0.139347,99.67,None,0,ETH-7JUN19-220-C,248.35,99.02,0.139,50.0,0.148,50.0,115.29,0.13347,-0.56009,0.05157,0.00667,0.7776
253.17,ETH-27SEP19,1558868344140,open,0.1,1593.0,0.06,0.139,0.099623,105.51,0.107,0.0,ETH-27SEP19-400-C,248.35,103.79,0.096,2.0,0.104,100.0,107.57,0.53485,-0.22777,0.1989,0.00233,0.33111
251.32,ETH-28JUN19,1558868344140,open,0.0,3083.0,0.001,0.04,0.000446,122.4,0.001,0.0,ETH-28JUN19-100-P,248.35,0.0,0.0,0.0,0.0,0.0,0.0,0.00802,-0.01494,-0.0009,0.00012,-0.00355
251.32,ETH-28JUN19,1558868344141,open,0.68,0.0,0.643,0.722,0.682129,150.48,None,0.0,ETH-28JUN19-80-C,248.35,0.0,0.003,2.0,0.0,0.0,0.0,0.00666,-0.01525,0.0713,8e-05,0.99711
251.32,ETH-28JUN19,1558868344140,open,0.01,6418.0,0.001,0.048,0.008414,129.78,0.01,0.0,ETH-28JUN19-500-C,248.35,125.5,0.007,15.0,0.01,54.0,134.11,0.08754,-0.17279,0.01123,0.00119,0.05804
251.32,ETH-28JUN19,1558868344141,open,0.11,2769.0,0.065,0.144,0.10408,99.36,0.115,0.0,ETH-28JUN19-260-C,248.35,95.95,0.1,80.0,0.112,120.0,105.98,0.30072,-0.45444,0.0928,0.00532,0.51406
253.17,ETH-27SEP19,1558868344140,open,0.47,31.0,0.416,0.533,0.474892,101.1,0.501,0.0,ETH-27SEP19-340-P,248.35,93.62,0.458,30.0,0.483,30.0,104.65,0.57602,-0.23506,-0.90783,0.00262,-0.58168
253.17,ETH-27SEP19,1558868344141,open,0.61,0.0,0.573,0.652,0.612309,97.22,None,0.0,ETH-27SEP19-100-C,248.35,0.0,0.003,10.0,0.0,0.0,0.0,0.09256,-0.03632,0.30972,0.00044,0.97278
251.28,ETH-28JUN19,1558868344141,open,0.02,3229.0,0.001,0.065,0.024095,99.3,0.021,0.0,ETH-28JUN19-190-P,248.35,88.0,0.017,300.0,0.024,200.0,99.16,0.16664,-0.25166,-0.0368,0.00295,-0.13851
253.17,ETH-27SEP19,1558868344141,open,0.05,5421.0,0.01,0.093,0.051618,96.99,0.047,0.0,ETH-27SEP19-160-P,248.35,88.43,0.041,50.0,0.052,50.0,97.29,0.3232,-0.12653,-0.16192,0.00153,-0.13683
253.17,ETH-27SEP19,1558868344141,open,0.03,7561.0,0.001,0.072,0.031089,96.99,0.028,0.0,ETH-27SEP19-140-P,248.35,86.94,0.022,50.0,0.031,50.0,96.9,0.24267,-0.095,-0.10542,0.00115,-0.0916
253.17,ETH-27SEP19,1558868344141,open,0.01,3243.0,0.001,0.047,0.007222,97.0,0.006,0.0,ETH-27SEP19-100-P,248.35,86.68,0.004,5.0,0.009,50.0,101.61,0.09202,-0.03603,-0.02943,0.00044,-0.02703
253.17,ETH-27SEP19,1558868344141,open,0.28,840.0,0.24,0.319,0.27974,97.06,0.296,0.0,ETH-27SEP19-220-C,248.35,91.74,0.269,30.0,0.285,80.0,99.67,0.511,-0.2002,0.36309,0.00242,0.70232
248.35,index_price,1558868344140,open,0.05,187.0,0.005,0.084,0.044065,102.33,0.04,0,ETH-31MAY19-250-C,248.35,93.52,0.04,19.0,0.055,30.0,126.05,0.11451,-1.20168,0.01517,0.01358,0.50126
251.28,ETH-28JUN19,1558868344141,open,0.6,0.0,0.547,0.675,0.611046,117.38,None,0.0,ETH-28JUN19-400-P,248.35,0.0,0.0,0.0,0.0,0.0,0.0,0.15646,-0.27932,-0.33602,0.00234,-0.87359
251.28,ETH-28JUN19,1558868344142,open,0.02,5435.0,0.001,0.057,0.016534,99.3,0.011,0.0,ETH-28JUN19-180-P,248.35,88.15,0.011,100.0,0.017,200.0,100.17,0.13459,-0.20327,-0.0269,0.00238,-0.10233
251.28,ETH-28JUN19,1558868344142,open,0.46,0.0,0.404,0.52,0.461583,111.85,None,0.0,ETH-28JUN19-360-P,248.35,0.0,0.0,0.0,0.0,0.0,0.0,0.20008,-0.34035,-0.28934,0.00315,-0.8168
253.17,ETH-27SEP19,1558868344142,open,0.19,858.0,0.147,0.226,0.186846,97.85,0.191,0.0,ETH-27SEP19-280-C,248.35,94.46,0.179,30.0,0.197,80.0,102.25,0.58495,-0.23102,0.30612,0.00275,0.54313
253.17,ETH-27SEP19,1558868344142,open,0.32,1738.0,0.281,0.36,0.320779,97.07,0.307,0.0,ETH-27SEP19-200-C,248.35,90.57,0.309,10.0,0.33,10.0,102.12,0.46066,-0.18048,0.3756,0.00218,0.75792
253.17,ETH-27SEP19,1558868344142,open,0.25,2039.0,0.204,0.283,0.243764,97.06,0.245,0.0,ETH-27SEP19-240-C,248.35,92.55,0.234,30.0,0.25,80.0,99.94,0.54799,-0.21468,0.34646,0.0026,0.64699
251.28,ETH-28JUN19,1558868344142,open,0.03,3023.0,0.001,0.075,0.033704,99.29,0.034,0.0,ETH-28JUN19-200-P,248.35,90.55,0.027,80.0,0.033,280.0,98.4,0.19796,-0.29895,-0.04839,0.00351,-0.18011
248.35,index_price,1558868344139,open,0.02,95.0,0.001,0.059,0.01976,109.88,0.023,0,ETH-7JUN19-300-C,248.35,104.22,0.017,200.0,0.024,200.0,118.1,0.12408,-0.57404,0.01428,0.00563,0.1965
253.17,ETH-27SEP19,1558868344142,open,0.08,4900.0,0.036,0.121,0.078178,96.99,0.073,0.0,ETH-27SEP19-180-P,248.35,89.78,0.067,40.0,0.079,40.0,97.51,0.39731,-0.15553,-0.22849,0.00188,-0.18775
253.17,ETH-27SEP19,1558868344142,open,0.08,407.0,0.044,0.123,0.083372,107.64,0.087,0.0,ETH-27SEP19-440-C,248.35,106.44,0.081,5.0,0.086,100.0,108.97,0.50079,-0.21758,0.17331,0.00214,0.28508
251.28,ETH-28JUN19,1558868344142,open,0.6,0.0,0.563,0.642,0.602563,124.72,None,0.0,ETH-28JUN19-100-C,248.35,0.0,0.003,7.0,0.0,0.0,0.0,0.00901,-0.01709,0.08904,0.00013,0.99596
248.35,index_price,1558868344139,open,0.08,68.0,0.039,0.124,0.08126,115.87,0.059,0,ETH-31MAY19-260-P,248.35,65.88,0.06,150.0,0.081,50.0,115.29,0.11025,-1.31009,-0.02288,0.01155,-0.60847
248.35,index_price,1558868344139,open,0.16,2.0,0.119,0.198,0.158345,102.97,0.138,0,ETH-31MAY19-210-C,248.35,71.23,0.155,50.0,0.17,50.0,155.54,0.03893,-0.41114,0.02557,0.00459,0.92907
248.35,index_price,1558868344140,open,0.01,143.0,0.001,0.049,0.009904,119.98,0.016,0,ETH-31MAY19-290-C,248.35,80.56,0.002,250.0,0.011,10.0,124.01,0.06607,-0.8129,0.00455,0.00668,0.14714
248.35,index_price,1558868344139,open,0.19,0.0,0.146,0.24,0.193175,108.09,None,0,ETH-7JUN19-290-P,248.35,80.14,0.179,1.0,0.19,50.0,102.36,0.1401,-0.63758,-0.0768,0.00646,-0.75733
253.17,ETH-27SEP19,1558868344143,open,0.0,1723.0,0.001,0.043,0.003018,100.9,0.003,0.0,ETH-27SEP19-80-P,248.35,85.92,0.001,100.0,0.005,50.0,110.11,0.04641,-0.0189,-0.01299,0.00021,-0.0121
248.35,index_price,1558868344139,open,0.29,0.0,0.249,0.352,0.300156,112.55,None,0,ETH-7JUN19-320-P,248.35,0.0,0.0,0.0,0.0,0.0,0.0,0.09257,-0.43866,-0.0949,0.0041,-0.87432
248.35,index_price,1558868344140,open,0.28,0.0,0.24,0.342,0.290805,122.06,None,0,ETH-31MAY19-320-P,248.35,0.0,0.0,0.0,0.373,2.0,376.18,0.02581,-0.32309,-0.04142,0.00257,-0.95784
248.35,index_price,1558868344139,open,0.28,100.0,0.238,0.317,0.277145,151.54,0.256,0,ETH-31MAY19-180-C,248.35,0.0,0.001,1.0,0.363,2.0,500.0,0.01794,-0.27886,0.02308,0.00144,0.97291
251.28,ETH-28JUN19,1558868344143,open,0.0,9841.0,0.001,0.043,0.003019,105.85,0.005,0.0,ETH-28JUN19-140-P,248.35,98.77,0.002,320.0,0.004,200.0,111.41,0.0407,-0.06552,-0.00583,0.00068,-0.02274
248.35,index_price,1558868344139,open,0.0,1.0,0.001,0.044,0.004655,99.43,0.006,0,ETH-7JUN19-190-P,248.35,74.32,0.001,250.0,0.006,301.0,105.56,0.05106,-0.21375,-0.00496,0.00256,-0.05672
248.35,index_price,1558868344139,open,0.06,42.0,0.016,0.095,0.055421,104.18,0.068,0,ETH-7JUN19-260-C,248.35,97.96,0.051,150.0,0.063,150.0,114.81,0.17671,-0.77512,0.03111,0.00845,0.44039
248.35,index_price,1558868344139,open,0.07,102.0,0.029,0.108,0.068527,99.58,0.078,0,ETH-7JUN19-250-C,248.35,97.46,0.067,150.0,0.079,150.0,114.16,0.17846,-0.74823,0.03657,0.00893,0.52111
248.35,index_price,1558868344139,open,0.04,54.0,0.001,0.079,0.038035,99.39,0.03,0,ETH-7JUN19-230-P,248.35,86.46,0.03,200.0,0.036,120.0,96.15,0.15629,-0.65404,-0.0275,0.00784,-0.3023
248.35,index_price,1558868344139,open,0.26,0.0,0.213,0.313,0.263263,110.88,None,0,ETH-7JUN19-310-P,248.35,0.0,0.001,30.0,0.0,0.0,0.0,0.10746,-0.50168,-0.08942,0.00483,-0.84342
248.35,index_price,1558868344139,open,0.02,614.0,0.001,0.055,0.01574,119.99,0.02,0,ETH-31MAY19-280-C,248.35,98.24,0.009,4.0,0.018,10.0,126.59,0.08344,-1.02675,0.00655,0.00844,0.21313
248.35,index_price,1558868344139,open,0.25,50.0,0.202,0.301,0.251637,118.53,0.235,0,ETH-31MAY19-310-P,248.35,0.0,0.0,0.0,0.326,2.0,340.25,0.03445,-0.41871,-0.03951,0.00353,-0.93943
248.35,index_price,1558868344140,open,0.14,0.0,0.098,0.188,0.142999,119.45,None,0,ETH-31MAY19-280-P,248.35,0.0,0.124,50.0,0.141,50.0,113.35,0.08316,-1.01867,-0.03089,0.00845,-0.7881
248.35,index_price,1558868344140,open,0.02,642.0,0.001,0.058,0.017598,102.06,0.015,0,ETH-31MAY19-230-P,248.35,76.33,0.009,215.0,0.017,5.0,100.38,0.08902,-0.93163,-0.00851,0.01059,-0.23893
248.35,index_price,1558868344139,open,0.0,1142.0,0.001,0.043,0.0036,119.96,0.007,0,ETH-31MAY19-310-C,248.35,95.19,0.001,50.0,0.005,12.0,128.91,0.03553,-0.43706,0.00197,0.00359,0.06302
248.35,index_price,1558868344139,open,0.02,1.0,0.001,0.056,0.015476,99.42,0.011,0,ETH-7JUN19-210-P,248.35,85.63,0.01,250.0,0.014,100.0,95.89,0.10568,-0.44236,-0.01359,0.0053,-0.15268
251.32,ETH-28JUN19,1558868344147,open,0.09,5368.0,0.051,0.138,0.094672,99.33,0.091,0.0,ETH-28JUN19-240-P,248.35,92.62,0.087,80.0,0.093,169.0,97.87,0.28735,-0.4341,-0.10761,0.00508,-0.3807
7986.09,index_price,1558868344149,open,0.02,20.5,0.0005,0.055,0.01538215,95.49,0.02,0,BTC-7JUN19-9500-C,7986.09,86.81,0.0115,0.1,0.0195,20.0,103.89,3.75785,-15.10759,0.42341,0.00019,0.17833
8092.49,BTC-28JUN19,1558868344236,open,0.06,489.7,0.024,0.1035,0.06392066,88.21,0.0685,0.0,BTC-28JUN19-9000-C,7986.09,83.93,0.059,26.0,0.0675,10.0,91.3,9.3445,-12.5364,2.40532,0.00018,0.39392
7986.09,index_price,1558868344257,open,0.1,0.3,0.0585,0.1465,0.1024766,88.06,0.104,0,BTC-7JUN19-8500-P,7986.09,65.64,0.0875,15.0,0.102,3.0,87.37,5.47179,-20.28807,-1.88487,0.0003,-0.62293
7986.09,index_price,1558868344283,open,0.13,240.9,0.0885,0.168,0.12837798,90.78,0.135,0,BTC-31MAY19-7000-C,7986.09,96.26,0.1295,5.0,0.136,1.0,122.38,1.56424,-14.56259,0.82812,0.0002,0.90465
8135.92,BTC-27SEP19,1558868344369,open,0.55,0.0,0.51,0.5895,0.5498074,90.02,None,0.0,BTC-27SEP19-3750-C,7986.09,0.0,0.006,10.0,0.7515,10.0,299.04,4.16742,-1.51419,11.29857,2e-05,0.959
8135.92,BTC-27SEP19,1558868344369,open,0.02,1018.2,0.0005,0.058,0.01767352,87.97,0.025,0.0,BTC-27SEP19-4250-P,7986.09,83.42,0.0145,10.0,0.021,15.0,92.37,5.92558,-2.10393,-2.25053,3e-05,-0.06383
8135.92,BTC-27SEP19,1558868344369,open,0.37,231.1,0.3335,0.413,0.37309658,85.18,0.3795,0.0,BTC-27SEP19-5500-C,7986.09,0.0,0.004,0.6,0.5,3.0,168.54,11.04323,-3.79697,13.17274,6e-05,0.85016
8092.45,BTC-28JUN19,1558868344369,open,0.0,990.9,0.0005,0.041,0.00149263,124.67,0.0025,0.0,BTC-28JUN19-20000-C,7986.09,118.99,0.001,1.0,0.002,2.0,129.27,0.80407,-1.52458,0.08267,1e-05,0.01283
8135.92,BTC-27SEP19,1558868344369,open,0.61,4.4,0.5455,0.6735,0.60950671,86.3,0.5765,0.0,BTC-27DEC19-12000-P,7986.09,77.92,0.585,3.0,0.615,3.0,88.15,24.10202,-4.84007,-57.97645,7e-05,-0.60095
7986.09,index_price,1558868344371,open,0.0,308.5,0.0005,0.04,1.363e-05,135.0,0.0005,0,BTC-31MAY19-4750-P,7986.09,0.0,0.0,0.0,0.0195,0.4,380.81,0.01107,-0.10885,-0.00036,0.0,-0.00033
7986.09,index_price,1558868344371,open,0.38,80.9,0.334,0.4135,0.37395826,135.0,0.4,0,BTC-31MAY19-5000-C,7986.09,0.0,0.076,2.0,0.3985,0.1,377.51,0.03216,-0.44523,0.66675,0.0,0.99896
8135.92,BTC-27SEP19,1558868344371,open,0.14,88.0,0.095,0.1745,0.13458408,86.31,0.137,0.0,BTC-27DEC19-12000-C,7986.09,83.23,0.1255,10.0,0.1435,10.0,89.3,24.10242,-4.84049,12.66795,7e-05,0.39907
7986.09,index_price,1558868344381,open,0.01,53.6,0.0005,0.052,0.01224447,92.64,0.015,0,BTC-31MAY19-8750-C,7986.09,88.87,0.011,0.1,0.014,1.0,97.78,2.67464,-25.41018,0.21305,0.00034,0.21196
8092.45,BTC-28JUN19,1558868344398,open,0.51,322.4,0.468,0.5475,0.50784671,117.9,0.451,0.0,BTC-28JUN19-4000-C,7986.09,0.0,0.0605,3.0,0.674,0.5,461.38,0.92318,-1.65533,3.47745,1e-05,0.98493
8135.92,BTC-27SEP19,1558868344398,open,0.45,13.5,0.4045,0.484,0.4440493,86.82,0.382,0.0,BTC-27SEP19-4750-C,7986.09,0.0,0.0115,0.1,0.7135,5.0,299.1,7.94506,-2.7842,12.75708,4e-05,0.90606
8092.45,BTC-28JUN19,1558868344398,open,0.0,1396.0,0.0005,0.04,5.9e-07,135.0,0.001,0.0,BTC-28JUN19-1500-P,7986.09,0.0,0.0,0.0,0.0005,11.0,221.98,0.00071,-0.00147,-5e-05,0.0,-1e-05
7986.09,index_price,1558868344398,open,0.19,299.0,0.1475,0.227,0.18732826,96.06,0.1875,0,BTC-31MAY19-6500-C,7986.09,0.0,0.186,5.0,0.2495,0.1,330.26,0.59414,-5.85279,0.83701,7e-05,0.97194
7986.09,index_price,1558868344398,open,0.04,60.0,0.0005,0.0795,0.03818614,80.87,0.0365,0,BTC-31MAY19-8000-P,7986.09,69.62,0.033,15.0,0.0405,0.2,85.89,3.68082,-30.52722,-0.56217,0.00053,-0.48878
7986.09,index_price,1558868344409,open,0.19,3.4,0.1525,0.232,0.19237811,87.09,0.1975,0,BTC-7JUN19-6500-C,7986.09,0.0,0.0005,3.0,0.0,0.0,0.0,2.18941,-8.02791,1.88445,0.00012,0.91762
8092.45,BTC-28JUN19,1558868344417,open,0.85,2.0,0.7835,0.932,0.85779363,105.76,2.658,0.0,BTC-28JUN19-15000-P,7986.09,0.0,0.0,0.0,1.259,1.0,500.0,1.96801,-3.16563,-13.27092,3e-05,-0.96291
7986.09,index_price,1558868344417,open,0.5,9.0,0.4595,0.539,0.49912922,135.0,0.249,0,BTC-31MAY19-4000-C,7986.09,0.0,0.0165,0.2,0.0,0.0,0.0,0.00014,-0.00196,0.53432,0.0,1.0
7986.09,index_price,1558868344417,open,0.47,9.8,0.428,0.5075,0.46782535,135.0,0.212,0,BTC-31MAY19-4250-C,7986.09,0.0,0.007,0.4,0.4915,0.1,471.2,0.00076,-0.01047,0.5677,0.0,0.99998
7986.09,index_price,1558868344417,open,0.0,71.0,0.0005,0.04,0.00047549,117.03,0.001,0,BTC-31MAY19-11000-C,7986.09,0.0,0.0,0.0,0.001,50.0,129.2,0.26167,-3.14037,0.01094,3e-05,0.01073
8092.49,BTC-28JUN19,1558868344444,open,0.02,962.5,0.0005,0.058,0.01750144,93.32,0.0185,0.0,BTC-28JUN19-6000-P,7986.09,88.86,0.015,5.0,0.02,25.9,97.54,4.6693,-6.62679,-0.95461,8e-05,-0.11347
8135.92,BTC-27SEP19,1558868344465,open,0.08,526.1,0.04,0.1195,0.0795754,88.27,0.0885,0.0,BTC-27SEP19-12000-C,7986.09,87.01,0.077,0.1,0.0825,10.0,89.69,16.69861,-5.9495,6.33575,8e-05,0.30903
7986.09,index_price,1558868344467,open,0.0,566.7,0.0005,0.04,4.687e-05,135.0,0.0015,0,BTC-31MAY19-5000-P,7986.09,0.0,0.0,0.0,0.001,10.0,189.4,0.03216,-0.3743,-0.00116,0.0,-0.00104
7986.09,index_price,1558868344481,open,0.06,92.3,0.0135,0.093,0.05338165,80.87,0.064,0,BTC-31MAY19-7750-C,7986.09,82.31,0.054,15.0,0.0625,15.0,101.82,3.44147,-28.54222,0.62951,0.0005,0.64348
8092.45,BTC-28JUN19,1558868344493,open,0.48,10.5,0.4375,0.517,0.47707971,109.76,0.428,0.0,BTC-28JUN19-4250-C,7986.09,0.0,0.0345,3.0,0.6845,3.0,500.0,1.02468,-1.71055,3.6875,2e-05,0.98299
7986.09,index_price,1558868344493,open,0.56,0.0,0.522,0.6015,0.56173797,135.0,None,0,BTC-31MAY19-3500-C,7986.09,0.0,0.007,0.2,0.0,0.0,0.0,0.0,-3e-05,0.46753,0.0,1.0
7986.09,index_price,1558868344516,open,0.01,324.3,0.0005,0.0475,0.00758438,92.79,0.009,0,BTC-31MAY19-9000-C,7986.09,90.53,0.007,0.1,0.009,1.0,98.01,2.09769,-19.96123,0.14593,0.00027,0.14438
8135.92,BTC-27SEP19,1558868344553,open,0.01,378.8,0.0005,0.049,0.00876644,92.71,0.009,0.0,BTC-27SEP19-3500-P,7986.09,87.08,0.0065,1.5,0.011,5.0,97.56,3.53159,-1.32152,-1.16666,2e-05,-0.03349
7986.09,index_price,1558868344563,open,0.0,318.6,0.0005,0.041,0.00124346,96.06,0.002,0,BTC-31MAY19-6500-P,7986.09,83.2,0.0005,2.0,0.002,5.0,104.84,0.59414,-5.85279,-0.03126,7e-05,-0.02806
8092.45,BTC-28JUN19,1558868344572,open,0.11,707.4,0.0685,0.148,0.10817831,86.23,0.1075,0.0,BTC-28JUN19-8000-C,7986.09,82.69,0.104,5.0,0.112,9.0,89.47,9.54382,-12.51613,3.35878,0.00019,0.56899
8092.45,BTC-28JUN19,1558868344576,open,0.54,30.0,0.499,0.5785,0.53859837,126.27,0.298,0.0,BTC-28JUN19-3750-C,7986.09,0.0,0.0005,6.0,0.7605,3.0,500.0,0.82572,-1.58569,3.26664,1e-05,0.98676
8135.92,BTC-27SEP19,1558868344576,open,0.0,1639.1,0.0005,0.041,0.00124964,128.44,0.0015,0.0,BTC-27SEP19-1500-P,7986.09,0.0,0.0,0.0,0.002,10.1,137.24,0.58918,-0.30544,-0.15105,0.0,-0.00422
8135.92,BTC-27SEP19,1558868344576,open,0.52,233.5,0.4825,0.562,0.52222262,88.91,0.5435,0.0,BTC-27SEP19-4000-C,7986.09,0.0,0.1655,1.1,0.6,0.1,171.52,5.01114,-1.79838,11.76815,3e-05,0.94842
7986.09,index_price,1558868344576,open,0.0,246.1,0.0005,0.04,1.1e-07,135.0,0.0005,0,BTC-31MAY19-4000-P,7986.09,0.0,0.0,0.0,0.0005,10.0,246.41,0.00014,-0.00085,0.0,0.0,0.0
8135.92,BTC-27SEP19,1558868344576,open,1.51,0.0,1.4125,1.613,1.51263773,93.68,None,0.0,BTC-27DEC19-20000-P,7986.09,0.0,0.006,5.0,2.374,0.2,500.0,16.73057,-3.64709,-111.42694,5e-05,-0.81379
7986.09,index_price,1558868344605,open,0.2,0.0,0.157,0.253,0.20495051,95.49,None,0,BTC-7JUN19-9500-P,7986.09,0.0,0.0005,1.0,0.0,0.0,0.0,3.75785,-15.10759,-2.66753,0.00019,-0.82167
8092.45,BTC-28JUN19,1558868344609,open,0.27,42.9,0.222,0.3235,0.27262467,89.95,0.3035,0.0,BTC-28JUN19-10000-P,7986.09,0.0,0.001,1.0,0.7345,1.0,500.0,7.84896,-10.73801,-7.39432,0.00015,-0.74184
8135.92,BTC-27SEP19,1558868344628,open,0.26,125.9,0.217,0.2965,0.25695041,83.27,0.255,0.0,BTC-27DEC19-8000-C,7986.09,81.03,0.2505,7.0,0.2675,5.0,86.93,23.4583,-4.54518,18.11946,7e-05,0.63526
8135.92,BTC-27SEP19,1558868344633,open,0.77,0.0,0.7015,0.843,0.77216959,89.42,None,0.0,BTC-27SEP19-14000-P,7986.09,0.0,0.0065,0.1,1.532,0.3,499.69,13.934,-5.02934,-42.93373,7e-05,-0.78272
8135.92,BTC-27SEP19,1558868344671,open,0.18,90.8,0.136,0.23,0.182946,83.78,0.174,0.0,BTC-27SEP19-8000-P,7986.09,82.24,0.1795,1.0,0.186,1.0,85.15,18.18923,-6.15088,-15.82836,0.0001,-0.39029
7986.09,index_price,1558868344690,open,0.0,100.7,0.0005,0.04,1e-08,135.0,0.0005,0,BTC-31MAY19-3750-P,7986.09,0.0,0.0,0.0,0.001,10.0,292.14,2e-05,-0.0001,0.0,0.0,0.0
8135.92,BTC-27SEP19,1558868344690,open,0.03,134.6,0.0005,0.072,0.03077345,84.8,0.0425,0.0,BTC-27DEC19-4000-P,7986.09,80.89,0.0265,10.0,0.0355,15.0,88.91,9.13154,-1.80189,-5.22467,3e-05,-0.07831
8135.92,BTC-27SEP19,1558868344698,open,0.06,64.9,0.02,0.1045,0.06245963,83.26,0.0585,0.0,BTC-27DEC19-5000-P,7986.09,80.03,0.057,10.0,0.067,10.0,85.91,13.87656,-2.68857,-9.68453,4e-05,-0.13974
7986.09,index_price,1558868344725,open,0.28,299.7,0.241,0.3205,0.28055412,127.35,0.255,0,BTC-31MAY19-5750-C,7986.09,0.0,0.1205,3.0,0.3065,0.1,298.73,0.2582,-3.37206,0.75622,2e-05,0.98943
8135.92,BTC-27SEP19,1558868344725,open,0.31,57.2,0.2695,0.349,0.30911975,83.27,0.301,0.0,BTC-27DEC19-7000-C,7986.09,79.41,0.299,5.0,0.3185,5.0,86.85,21.35113,-4.13692,19.22415,7e-05,0.71049
7986.09,index_price,1558868344725,open,0.1,173.7,0.061,0.1405,0.10062736,86.57,0.104,0,BTC-31MAY19-7250-C,7986.09,89.69,0.1015,5.0,0.1085,6.0,112.26,2.19654,-19.4998,0.79442,0.0003,0.84531
7986.09,index_price,1558868344744,open,0.19,15.0,0.1455,0.2405,0.1928202,97.32,0.1805,0,BTC-31MAY19-9500-P,7986.09,0.0,0.0055,0.5,0.2265,0.2,210.59,1.2189,-12.16527,-1.1994,0.00015,-0.93149
8135.92,BTC-27SEP19,1558868344744,open,0.71,0.0,0.6465,0.783,0.71469021,87.15,None,0.0,BTC-27DEC19-13000-P,7986.09,0.0,0.008,3.0,1.529,0.3,500.0,23.28532,-4.72186,-65.02998,7e-05,-0.64304
8135.92,BTC-27SEP19,1558868344762,open,0.03,249.5,0.0005,0.0745,0.03365163,85.82,0.0305,0.0,BTC-27SEP19-5000-P,7986.09,82.44,0.03,15.0,0.0375,20.0,89.26,8.94274,-3.09776,-3.98097,5e-05,-0.11052
8092.45,BTC-28JUN19,1558868344762,open,0.33,143.9,0.291,0.3705,0.33096353,97.89,0.322,0.0,BTC-28JUN19-5500-C,7986.09,0.0,0.311,2.0,0.351,2.0,136.03,3.33032,-4.95792,4.35214,6e-05,0.92805
7986.09,index_price,1558868344762,open,0.31,529.3,0.272,0.3515,0.31166433,135.0,0.232,0,BTC-31MAY19-5500-C,7986.09,0.0,0.1605,2.0,0.337,0.1,323.54,0.17505,-2.42336,0.72707,2e-05,0.99321
8135.92,BTC-27SEP19,1558868344762,open,0.07,49.8,0.0255,0.105,0.065494,91.86,0.0715,0.0,BTC-27DEC19-18000-C,7986.09,88.94,0.059,4.0,0.072,4.0,94.68,18.45423,-3.94466,7.37126,5e-05,0.21939
8135.92,BTC-27SEP19,1558868344781,open,0.82,42.8,0.777,0.8565,0.81688424,128.47,0.815,0.0,BTC-27SEP19-1500-C,7986.09,0.0,0.006,10.0,0.969,3.0,500.0,0.58987,-0.30587,4.93952,0.0,0.99577
7986.09,index_price,1558868344813,open,0.0,924.5,0.0005,0.04,0.00013892,135.0,0.001,0,BTC-31MAY19-5250-P,7986.09,0.0,0.0,0.0,0.0015,10.4,182.69,0.08021,-1.10941,-0.00317,1e-05,-0.00283
8135.92,BTC-27SEP19,1558868344830,open,1.0,0.0,0.9235,1.083,1.00320139,92.3,None,0.0,BTC-27SEP19-16000-P,7986.09,0.0,0.0065,0.1,1.766,0.2,499.65,11.59573,-4.31988,-50.85746,6e-05,-0.83865
8135.92,BTC-27SEP19,1558868344830,open,0.11,182.0,0.0655,0.154,0.10967508,83.26,0.1005,0.0,BTC-27DEC19-6000-P,7986.09,81.16,0.105,7.0,0.1135,14.0,84.98,18.14006,-3.5146,-15.45418,6e-05,-0.21298
8135.92,BTC-27SEP19,1558868344830,open,0.05,32.8,0.006,0.0855,0.04588101,95.3,0.049,0.0,BTC-27DEC19-22000-C,7986.09,92.05,0.04,4.0,0.0515,4.0,98.24,15.18345,-3.36708,5.46191,4e-05,0.15992
7986.09,index_price,1558868344889,open,0.0,82.4,0.0005,0.04,0.00023718,120.88,0.001,0,BTC-31MAY19-11500-C,7986.09,0.0,0.0,0.0,0.0005,30.0,131.62,0.1462,-1.81225,0.00566,1e-05,0.00554
8135.92,BTC-27SEP19,1558868344899,open,0.1,534.3,0.058,0.1375,0.09763553,86.61,0.0995,0.0,BTC-27SEP19-11000-C,7986.09,84.94,0.094,1.0,0.102,10.0,88.6,17.81331,-6.2272,7.37877,9e-05,0.36487
8135.92,BTC-27SEP19,1558868344935,open,0.76,28.2,0.718,0.7975,0.75769693,124.92,0.755,0.0,BTC-27SEP19-2000-C,7986.09,0.0,0.0075,0.1,0.963,5.0,500.0,1.36756,-0.68953,6.38806,0.0,0.98905
8092.45,BTC-28JUN19,1558868344935,open,0.38,5.7,0.3255,0.4355,0.38041581,91.57,1.142,0.0,BTC-28JUN19-11000-P,7986.09,0.0,0.0015,1.1,0.836,1.0,500.0,5.99651,-8.35085,-8.86897,0.00011,-0.83636
8135.92,BTC-27SEP19,1558868344938,open,0.08,42.6,0.041,0.1205,0.08098311,90.07,0.082,0.0,BTC-27DEC19-16000-C,7986.09,86.83,0.073,4.0,0.089,4.0,93.22,20.38102,-4.27148,8.73381,6e-05,0.26333
7986.09,index_price,1558868344945,open,0.0,487.9,0.0005,0.0405,0.00074787,117.49,0.0015,0,BTC-31MAY19-6000-P,7986.09,111.01,0.0005,1.0,0.001,1.0,122.76,0.34684,-4.17879,-0.01666,3e-05,-0.01486
8135.92,BTC-27SEP19,1558868344945,open,0.09,70.4,0.0515,0.131,0.09100637,89.17,0.092,0.0,BTC-27DEC19-15000-C,7986.09,85.9,0.0825,4.0,0.0995,4.0,92.37,21.38436,-4.43732,9.55361,6e-05,0.29047
8135.92,BTC-27SEP19,1558868344945,open,0.06,78.2,0.0145,0.094,0.0544333,93.7,0.0525,0.0,BTC-27DEC19-20000-C,7986.09,90.49,0.048,4.0,0.0605,4.0,96.58,16.73433,-3.64848,6.31496,5e-05,0.18628
8135.92,BTC-27SEP19,1558868344953,open,0.04,64.6,0.0005,0.0765,0.03663789,92.31,0.0375,0.0,BTC-27SEP19-16000-C,7986.09,89.34,0.0325,4.0,0.041,4.5,95.3,11.59894,-4.32187,3.44544,6e-05,0.16142
8092.45,BTC-28JUN19,1558868344984,open,0.49,10.0,0.4355,0.5545,0.49517349,93.46,1.243,0.0,BTC-28JUN19-12000-P,7986.09,0.0,0.0005,1.0,0.9395,1.0,500.0,4.35627,-6.1918,-10.14713,8e-05,-0.89696
8092.45,BTC-28JUN19,1558868344984,open,0.18,949.6,0.14,0.2195,0.17953132,87.76,0.184,0.0,BTC-28JUN19-7000-C,7986.09,82.41,0.1745,9.0,0.1835,5.0,91.92,7.67703,-10.24688,4.17612,0.00015,0.75247
8092.45,BTC-28JUN19,1558868344984,open,0.0,240.4,0.0005,0.0435,0.00363195,109.74,0.0035,0.0,BTC-28JUN19-4500-P,7986.09,99.06,0.002,35.0,0.0055,30.0,118.91,1.45724,-2.43219,-0.2145,2e-05,-0.0258
8135.92,BTC-27SEP19,1558868344985,open,0.54,27.1,0.4995,0.579,0.53913116,84.81,0.542,0.0,BTC-27DEC19-4000-C,7986.09,0.0,0.0195,0.1,0.98,0.5,500.0,9.13202,-1.80207,18.32287,3e-05,0.92168
8135.92,BTC-27SEP19,1558868344985,open,0.93,0.0,0.8575,1.012,0.93466572,89.17,None,0.0,BTC-27DEC19-15000-P,7986.09,0.0,0.006,10.0,1.77,0.2,500.0,21.38333,-4.43679,-78.75211,6e-05,-0.70956
7986.09,index_price,1558868345020,open,0.0,633.8,0.0005,0.04,3.34e-06,135.0,0.0005,0,BTC-31MAY19-4500-P,7986.09,0.0,0.0,0.0,0.001,7.0,227.21,0.0032,-0.02667,-0.0001,0.0,-9e-05
8092.45,BTC-28JUN19,1558868345034,open,0.39,691.2,0.3485,0.428,0.38848145,103.57,0.3585,0.0,BTC-28JUN19-5000-C,7986.09,0.0,0.235,0.1,0.5,10.0,289.24,2.26696,-3.57092,4.1355,4e-05,0.95585
8092.45,BTC-28JUN19,1558868345034,open,0.42,97.0,0.378,0.4575,0.41766804,105.73,0.1965,0.0,BTC-28JUN19-4750-C,7986.09,0.0,0.122,1.1,0.662,2.0,499.68,1.79052,-2.87931,4.00361,3e-05,0.96694
8135.9,BTC-27SEP19,1558868345034,open,0.64,0.0,0.604,0.6835,0.64353603,88.23,None,0.0,BTC-27DEC19-3000-C,7986.09,0.0,0.0065,10.4,0.988,0.5,500.0,4.82085,-0.98976,15.398,1e-05,0.96502
8135.9,BTC-27SEP19,1558868345034,open,1.27,0.0,1.187,1.369,1.27788553,91.85,None,0.0,BTC-27DEC19-18000-P,7986.09,0.0,0.006,5.0,2.132,0.2,500.0,18.45163,-3.94363,-98.59619,5e-05,-0.78066
8135.9,BTC-27SEP19,1558868345068,open,0.04,86.4,0.0025,0.0855,0.04399492,83.26,0.0465,0.0,BTC-27DEC19-4500-P,7986.09,80.39,0.04,10.0,0.047,5.0,85.38,11.45294,-2.219,-7.19888,4e-05,-0.10631
8092.47,BTC-28JUN19,1558868345102,open,0.04,1243.0,0.0005,0.0765,0.03691047,89.96,0.05,0.0,BTC-28JUN19-10000-C,7986.09,86.4,0.0335,26.0,0.04,10.0,93.11,7.84938,-10.73937,1.61286,0.00015,0.25819
8135.9,BTC-27SEP19,1558868345147,open,0.05,255.2,0.0075,0.091,0.04910356,85.18,0.051,0.0,BTC-27SEP19-5500-P,7986.09,82.5,0.0455,10.0,0.053,15.0,88.02,11.04283,-3.79657,-5.49303,6e-05,-0.14983
8135.9,BTC-27SEP19,1558868345191,open,0.03,117.2,0.0005,0.0665,0.0269834,94.82,0.03,0.0,BTC-27SEP19-18000-C,7986.09,91.33,0.023,5.0,0.031,5.0,98.1,9.63449,-3.6875,2.64476,5e-05,0.12277
8135.9,BTC-27SEP19,1558868345191,open,0.1,121.3,0.0625,0.142,0.10230607,88.02,0.104,0.0,BTC-27DEC19-14000-C,7986.09,84.97,0.094,14.0,0.1105,10.0,90.98,22.34108,-4.57579,10.45546,7e-05,0.3206
8135.9,BTC-27SEP19,1558868345191,open,0.12,97.6,0.077,0.1565,0.11685647,87.15,0.1185,0.0,BTC-27DEC19-13000-C,7986.09,84.21,0.1085,10.0,0.125,10.0,89.98,23.28591,-4.72235,11.50153,7e-05,0.35699
8092.43,BTC-28JUN19,1558868345215,open,0.0,685.1,0.0005,0.04,0.00012017,135.0,0.001,0.0,BTC-28JUN19-2500-P,7986.09,0.0,0.0,0.0,0.003,1.0,199.28,0.0789,-0.16199,-0.00789,0.0,-0.00096
8135.9,BTC-27SEP19,1558868345215,open,0.18,417.5,0.14,0.2195,0.17974389,83.63,0.1825,0.0,BTC-27DEC19-10000-C,7986.09,81.59,0.1735,10.0,0.1925,10.0,87.79,24.90364,-4.84598,15.32546,8e-05,0.49972
251.28,ETH-28JUN19,1558868345239,open,0.0,7276.0,0.001,0.044,0.003873,99.32,0.007,0.0,ETH-28JUN19-150-P,248.35,88.38,0.002,150.0,0.004,120.0,99.94,0.0514,-0.07765,-0.00768,0.00091,-0.03006
253.17,ETH-27SEP19,1558868345248,open,0.77,0.0,0.724,0.803,0.763698,101.74,0.01,0.0,ETH-27SEP19-60-C,248.35,0.0,0.003,10.0,0.0,0.0,0.0,0.01434,-0.00589,0.20028,6e-05,0.99679
251.28,ETH-28JUN19,1558868345274,open,0.0,1541.0,0.001,0.04,0.000436,149.98,0.001,0.0,ETH-28JUN19-80-P,248.35,0.0,0.0,0.0,0.002,25.0,182.55,0.00653,-0.01489,-0.00074,8e-05,-0.00282
251.28,ETH-28JUN19,1558868345289,open,0.14,1996.0,0.094,0.184,0.138601,99.27,0.124,0.0,ETH-28JUN19-260-P,248.35,93.75,0.132,80.0,0.141,3.0,101.27,0.30068,-0.45394,-0.14142,0.00533,-0.48626
8135.9,BTC-27SEP19,1558868345316,open,0.51,12.9,0.4485,0.5685,0.50843813,85.52,0.564,0.0,BTC-27DEC19-11000-P,7986.09,77.92,0.4855,3.0,0.5115,0.1,86.53,24.68908,-4.91319,-50.80668,7e-05,-0.55233
8092.43,BTC-28JUN19,1558868345345,open,0.0,137.0,0.0005,0.042,0.00199101,126.24,0.0025,0.0,BTC-28JUN19-3750-P,7986.09,104.75,0.0005,2.0,0.0035,20.0,138.53,0.82513,-1.58428,-0.1109,1e-05,-0.01322
8135.9,BTC-27SEP19,1558868345345,open,0.04,71.2,0.0035,0.083,0.04333359,91.01,0.044,0.0,BTC-27SEP19-15000-C,7986.09,88.18,0.039,4.0,0.0475,4.0,93.62,12.73851,-4.67921,3.96836,6e-05,0.18705
7986.09,index_price,1558868345345,open,0.0,171.3,0.0005,0.043,0.00325184,97.32,0.0045,0,BTC-31MAY19-9500-C,7986.09,92.06,0.0025,0.6,0.004,18.0,101.97,1.2189,-12.16527,0.06961,0.00015,0.06851
8135.9,BTC-27SEP19,1558868345347,open,1.04,0.0,0.966,1.129,1.04755319,90.06,None,0.0,BTC-27DEC19-16000-P,7986.09,0.0,0.006,5.0,1.8905,0.2,500.0,20.37926,-4.2707,-85.4593,6e-05,-0.73671
8135.9,BTC-27SEP19,1558868345347,open,1.74,0.0,1.64,1.8595,1.74991538,95.29,None,0.0,BTC-27DEC19-22000-P,7986.09,0.0,0.008,2.0,2.616,0.3,500.0,15.17896,-3.36551,-124.0542,4e-05,-0.84015
251.28,ETH-28JUN19,1558868345349,open,0.19,1595.0,0.145,0.224,0.184229,99.43,0.209,0.0,ETH-28JUN19-220-C,248.35,91.17,0.176,80.0,0.187,80.0,102.19,0.25209,-0.38124,0.12216,0.00446,0.72397
248.35,index_price,1558868345371,open,0.04,830.0,0.001,0.074,0.034461,116.12,0.033,0,ETH-31MAY19-260-C,248.35,110.57,0.032,30.0,0.038,5.0,124.07,0.11028,-1.31324,0.01186,0.01153,0.39187
7986.09,index_price,1558868345389,open,0.41,42.8,0.3655,0.445,0.40522945,135.0,0.251,0,BTC-31MAY19-4750-C,7986.09,0.0,0.005,0.4,0.4295,0.1,407.29,0.01107,-0.15329,0.63414,0.0,0.99967
8092.43,BTC-28JUN19,1558868345412,open,0.61,0.8,0.5505,0.6795,0.61492667,98.31,2.171,0.0,BTC-28JUN19-13000-P,7986.09,0.0,0.07,1.0,1.044,1.0,499.59,3.34157,-4.99604,-11.2443,6e-05,-0.92774
8135.9,BTC-27SEP19,1558868345412,open,0.24,14.9,0.191,0.2895,0.2402344,83.26,0.227,0.0,BTC-27DEC19-8000-P,7986.09,80.24,0.2315,5.0,0.2465,9.0,85.44,23.45838,-4.54498,-28.97635,7e-05,-0.36475
8135.9,BTC-27SEP19,1558868345421,open,0.01,419.7,0.0005,0.0435,0.00351742,124.9,0.0005,0.0,BTC-27SEP19-2000-P,7986.09,0.0,0.0,0.0,0.003,0.1,121.67,1.36687,-0.68908,-0.39939,0.0,-0.01095
8092.43,BTC-28JUN19,1558868345421,open,0.28,1829.7,0.2365,0.316,0.27607176,93.32,0.281,0.0,BTC-28JUN19-6000-C,7986.09,0.0,0.14,1.0,0.294,7.0,120.66,4.66979,-6.62795,4.44946,8e-05,0.88652
8135.9,BTC-27SEP19,1558868345421,open,0.17,29.3,0.123,0.216,0.16949297,83.26,0.198,0.0,BTC-27DEC19-7000-P,7986.09,79.27,0.159,5.0,0.1735,5.0,84.79,21.35117,-4.13674,-21.98454,7e-05,-0.28951
8135.9,BTC-27SEP19,1558868345421,open,0.41,1.0,0.3525,0.465,0.40885061,83.62,0.438,0.0,BTC-27DEC19-10000-P,7986.09,77.95,0.3915,3.0,0.418,3.0,86.61,24.90364,-4.84572,-43.54459,8e-05,-0.5003
8135.9,BTC-27SEP19,1558868345475,open,2.22,0.0,2.1015,2.3595,2.23061852,98.75,None,0.0,BTC-27DEC19-26000-P,7986.09,0.0,0.006,10.0,3.1005,0.2,500.0,12.78895,-2.93877,-148.78778,3e-05,-0.87585
8092.43,BTC-28JUN19,1558868345479,open,0.81,33.8,0.775,0.8545,0.8146431,141.72,0.7145,0.0,BTC-28JUN19-1500-C,7986.09,0.0,0.002,0.4,0.872,2.0,500.0,0.00159,-0.00342,1.35094,0.0,0.99999
8135.9,BTC-27SEP19,1558868345510,open,0.7,0.0,0.661,0.7405,0.70098485,94.33,None,0.0,BTC-27DEC19-2500-C,7986.09,0.0,0.018,3.0,0.989,0.5,500.0,3.42256,-0.75122,13.21194,1e-05,0.97683
8092.43,BTC-28JUN19,1558868345524,open,0.01,775.2,0.0005,0.0465,0.00633838,103.56,0.008,0.0,BTC-28JUN19-5000-P,7986.09,96.4,0.0045,20.0,0.0085,30.0,110.7,2.26642,-3.56969,-0.36791,4e-05,-0.04414
8135.9,BTC-27SEP19,1558868345533,open,0.01,100.6,0.0005,0.0525,0.01226805,88.22,0.018,0.0,BTC-27DEC19-3000-P,7986.09,81.29,0.0085,10.0,0.016,10.0,94.13,4.82007,-0.98952,-2.26249,1e-05,-0.03497
8135.9,BTC-27SEP19,1558868345533,open,1.98,0.0,1.87,2.1085,1.98936842,96.93,None,0.0,BTC-27DEC19-24000-P,7986.09,0.0,0.008,1.0,2.858,0.2,500.0,13.8573,-3.12536,-136.49975,4e-05,-0.86055
7986.09,index_price,1558868345533,open,0.44,20.2,0.397,0.4765,0.43652359,135.0,0.2355,0,BTC-31MAY19-4500-C,7986.09,0.0,0.0065,0.4,0.4605,0.1,438.45,0.0032,-0.04432,0.60102,0.0,0.99991
8092.43,BTC-28JUN19,1558868345579,open,0.0,94.5,0.0005,0.041,0.00106263,134.97,0.002,0.0,BTC-28JUN19-3250-P,7986.09,0.0,0.0,0.0,0.356,2.5,500.0,0.47633,-0.97779,-0.05914,1e-05,-0.00705
8135.9,BTC-27SEP19,1558868345592,open,0.01,615.6,0.0005,0.0465,0.0062589,100.58,0.0135,0.0,BTC-27SEP19-3000-P,7986.09,96.36,0.005,0.4,0.0075,5.0,104.3,2.58118,-1.04786,-0.80746,1e-05,-0.02298
7986.09,index_price,1558868345592,open,0.16,284.8,0.1175,0.197,0.15706063,91.25,0.1605,0,BTC-31MAY19-6750-C,7986.09,101.84,0.1585,5.0,0.1655,5.0,136.91,0.94817,-8.87225,0.84616,0.00012,0.95025
8135.9,BTC-27SEP19,1558868345592,open,0.34,63.1,0.2995,0.379,0.33919045,83.27,0.311,0.0,BTC-27DEC19-6500-C,7986.09,73.96,0.3165,5.0,0.361,5.0,92.19,19.88608,-3.85306,19.62011,6e-05,0.74883
8135.9,BTC-27SEP19,1558868345603,open,0.58,261.1,0.539,0.6185,0.57857923,92.72,0.52,0.0,BTC-27SEP19-3500-C,7986.09,0.0,0.161,1.0,0.5905,0.5,114.54,3.5326,-1.32205,10.71138,2e-05,0.9665
8092.43,BTC-28JUN19,1558868345603,open,0.63,43.8,0.59,0.6695,0.62985231,135.02,0.6,0.0,BTC-28JUN19-3000-C,7986.09,0.0,0.002,1.0,0.792,2.0,500.0,0.28825,-0.59193,2.66875,0.0,0.99599
8135.9,BTC-27SEP19,1558868345621,open,0.08,70.4,0.0415,0.1275,0.0843995,83.26,0.08,0.0,BTC-27DEC19-5500-P,7986.09,81.04,0.08,6.6,0.0885,10.0,85.33,16.12581,-3.12436,-12.45249,5e-05,-0.17559
253.17,ETH-27SEP19,1558868345714,open,0.06,18.0,0.02,0.099,0.059641,110.86,0.051,0.0,ETH-27SEP19-520-C,248.35,107.48,0.054,40.0,0.066,40.0,114.54,0.43014,-0.19248,0.1329,0.00178,0.21431
8135.92,BTC-27SEP19,1558868345900,open,0.02,83.4,0.0005,0.061,0.02055704,86.81,0.0205,0.0,BTC-27DEC19-3500-P,7986.09,82.47,0.017,10.0,0.0245,10.0,91.27,6.93,-1.39985,-3.61203,2e-05,-0.05486
7986.09,index_price,1558868345996,open,0.0,37.9,0.0005,0.04,0.00049474,102.84,0.0015,0,BTC-31MAY19-10500-C,7986.09,0.0,0.0,0.0,0.001,10.2,113.35,0.29758,-3.13841,0.01275,3e-05,0.01245
248.35,index_price,1558868346020,open,0.0,555.0,0.001,0.041,0.001817,149.96,0.005,0,ETH-31MAY19-180-P,248.35,0.0,0.0,0.0,0.004,100.0,174.38,0.01731,-0.26627,-0.00092,0.0014,-0.02596
248.35,index_price,1558868346190,open,0.07,139.0,0.026,0.105,0.065028,102.17,0.078,0,ETH-31MAY19-240-C,248.35,83.5,0.057,150.0,0.076,20.0,127.26,0.10776,-1.12906,0.01895,0.0128,0.63633
248.35,index_price,1558868346320,open,0.01,20.0,0.001,0.049,0.008887,99.48,0.01,0,ETH-7JUN19-200-P,248.35,81.02,0.004,250.0,0.01,250.0,102.98,0.07713,-0.32305,-0.00859,0.00386,-0.09742
248.35,index_price,1558868346339,open,0.04,42.0,0.003,0.082,0.04267,105.01,0.048,0,ETH-7JUN19-270-C,248.35,99.57,0.039,200.0,0.048,5.0,112.82,0.1683,-0.74408,0.026,0.00799,0.36446
7986.09,index_price,1558868346356,open,0.09,6.4,0.0535,0.133,0.09312254,82.73,0.098,0,BTC-7JUN19-7500-C,7986.09,80.96,0.092,15.0,0.1035,0.1,98.81,5.08309,-17.70546,1.55052,0.0003,0.68985
248.35,index_price,1558868346377,open,0.22,0.0,0.179,0.276,0.227705,109.82,None,0,ETH-7JUN19-300-P,248.35,73.43,0.213,50.0,0.223,50.0,99.98,0.12403,-0.57348,-0.08334,0.00563,-0.80365
248.35,index_price,1558868346430,open,0.01,101.0,0.001,0.05,0.010192,117.64,0.012,0,ETH-7JUN19-330-C,248.35,114.0,0.009,3.0,0.012,252.0,122.82,0.08352,-0.41367,0.00796,0.00354,0.1087
7986.09,index_price,1558868346496,open,0.25,4.0,0.211,0.2905,0.25071725,88.57,0.263,0,BTC-7JUN19-6000-C,7986.09,0.0,0.0005,2.0,0.0,0.0,0.0,1.00089,-3.73251,1.86697,5e-05,0.96923
253.17,ETH-27SEP19,1558868346498,open,1.1,0.0,1.03,1.198,1.113572,110.85,None,0.0,ETH-27SEP19-520-P,248.35,0.0,0.0,0.0,0.0,0.0,0.0,0.43008,-0.19242,-1.63193,0.00178,-0.78574
248.35,index_price,1558868346524,open,0.17,0.0,0.131,0.224,0.177589,119.89,None,0,ETH-31MAY19-290-P,248.35,0.0,0.16,50.0,0.177,50.0,117.65,0.06601,-0.81164,-0.03419,0.00668,-0.85305
248.35,index_price,1558868346535,open,0.0,891.0,0.001,0.041,0.001873,129.11,0.002,0,ETH-31MAY19-330-C,248.35,0.0,0.0,0.0,0.004,10.0,148.41,0.02145,-0.284,0.00105,0.00202,0.0336
7986.09,index_price,1558868346541,open,0.1,0.3,0.0585,0.1465,0.10247639,88.06,0.104,0,BTC-7JUN19-8500-P,7986.09,66.42,0.088,15.0,0.102,3.0,87.37,5.47178,-20.28795,-1.88487,0.0003,-0.62293
248.35,index_price,1558868346557,open,0.09,0.0,0.049,0.128,0.088368,99.48,None,0,ETH-7JUN19-240-C,248.35,97.5,0.087,150.0,0.099,150.0,114.82,0.17183,-0.71968,0.04218,0.00861,0.61038
248.35,index_price,1558868346567,open,0.0,261.0,0.001,0.041,0.001402,133.69,0.001,0,ETH-31MAY19-340-C,248.35,0.0,0.0,0.0,0.003,20.0,151.86,0.01692,-0.23201,0.00079,0.00154,0.02526
7986.09,index_price,1558868346574,open,0.13,240.9,0.0885,0.168,0.12837804,90.78,0.135,0,BTC-31MAY19-7000-C,7986.09,93.88,0.129,5.0,0.136,1.0,122.38,1.56426,-14.56276,0.82812,0.0002,0.90465
8135.92,BTC-27SEP19,1558868346576,open,0.02,83.4,0.0005,0.061,0.02055704,86.81,0.0205,0.0,BTC-27DEC19-3500-P,7986.09,82.47,0.017,10.0,0.0245,15.0,91.27,6.93,-1.39985,-3.61203,2e-05,-0.05486
7986.09,index_price,1558868346599,open,0.15,0.0,0.104,0.1955,0.14968799,89.35,None,0,BTC-7JUN19-9000-P,7986.09,59.35,0.1345,5.0,0.1505,5.0,90.75,4.61906,-17.37707,-2.32652,0.00025,-0.74569
7986.09,index_price,1558868346607,open,0.0,110.7,0.0005,0.0415,0.00196532,98.02,0.0015,0,BTC-31MAY19-9750-C,7986.09,87.26,0.001,3.0,0.003,20.5,106.49,0.86094,-8.65449,0.04496,0.0001,0.04411
248.35,index_price,1558868346607,open,0.0,153.0,0.001,0.042,0.002501,123.95,0.003,0,ETH-31MAY19-320-C,248.35,0.0,0.0,0.0,0.005,10.0,142.52,0.0271,-0.34442,0.0014,0.00265,0.04477
248.35,index_price,1558868346663,open,0.03,857.0,0.001,0.064,0.024213,119.89,0.024,0,ETH-31MAY19-270-C,248.35,116.85,0.023,1.0,0.026,10.0,124.33,0.0993,-1.2209,0.00904,0.01005,0.29671
253.17,ETH-27SEP19,1558868346733,open,1.4,0.0,1.32,1.512,1.415823,114.68,None,0.0,ETH-27SEP19-600-P,248.35,0.0,0.0,0.0,0.0,0.0,0.0,0.37203,-0.1722,-1.93039,0.00149,-0.83085
248.35,index_price,1558868346736,open,0.32,0.0,0.277,0.356,0.316209,150.0,None,0,ETH-31MAY19-170-C,248.35,0.0,0.001,1.0,0.424,1.0,500.0,0.00865,-0.13302,0.0223,0.0007,0.98849
248.35,index_price,1558868346736,open,0.13,1.0,0.083,0.162,0.122946,102.17,0.113,0,ETH-31MAY19-220-C,248.35,85.06,0.119,50.0,0.135,50.0,142.67,0.06353,-0.66565,0.02449,0.00755,0.86115
248.35,index_price,1558868346765,open,0.13,3.0,0.085,0.175,0.129846,105.01,0.115,0,ETH-7JUN19-270-P,248.35,85.65,0.117,1.0,0.128,150.0,102.28,0.1683,-0.74408,-0.06185,0.00799,-0.63554
248.35,index_price,1558868346775,open,0.17,0.0,0.13,0.209,0.169923,99.48,None,0,ETH-7JUN19-210-C,248.35,99.66,0.17,50.0,0.179,50.0,119.31,0.10574,-0.44289,0.05473,0.0053,0.84719
7986.09,index_price,1558868346777,open,0.03,98.4,0.0005,0.0735,0.03225539,82.73,0.035,0,BTC-7JUN19-7500-P,7986.09,71.17,0.025,20.0,0.035,0.1,87.02,5.08309,-17.70544,-0.88969,0.0003,-0.31015
248.35,index_price,1558868346828,open,0.02,0.0,0.001,0.055,0.015203,111.29,None,0,ETH-7JUN19-310-C,248.35,103.59,0.012,200.0,0.019,200.0,119.67,0.10794,-0.5058,0.01151,0.00483,0.15765
248.35,index_price,1558868346847,open,0.33,0.0,0.286,0.392,0.338962,117.64,None,0,ETH-7JUN19-330-P,248.35,0.0,0.0,0.0,0.0,0.0,0.0,0.08352,-0.41368,-0.09941,0.00354,-0.8913
7986.09,index_price,1558868346874,open,0.01,0.0,0.0005,0.0455,0.00568995,99.53,None,0,BTC-7JUN19-10500-C,7986.09,84.39,0.0025,25.0,0.009,0.1,110.94,2.05378,-8.60678,0.18193,0.0001,0.07571
8135.87,BTC-27SEP19,1558868346902,open,1.47,0.0,1.3805,1.578,1.47916796,97.53,None,0.0,BTC-27SEP19-20000-P,7986.09,0.0,0.006,10.0,2.237,0.2,499.67,8.13352,-3.20186,-65.77683,4e-05,-0.90302
7986.09,index_price,1558868347011,open,0.1,0.3,0.0585,0.1465,0.10247629,88.06,0.104,0,BTC-7JUN19-8500-P,7986.09,65.64,0.0875,15.0,0.102,3.0,87.37,5.47178,-20.28795,-1.88487,0.0003,-0.62293
248.35,index_price,1558868347032,open,0.05,37.0,0.013,0.096,0.054746,99.48,0.052,0,ETH-7JUN19-240-P,248.35,86.81,0.046,200.0,0.057,200.0,102.74,0.17183,-0.71968,-0.03591,0.00861,-0.38962
7986.09,index_price,1558868347034,open,0.13,240.9,0.0885,0.168,0.12837806,90.78,0.135,0,BTC-31MAY19-7000-C,7986.09,96.26,0.1295,5.0,0.136,1.0,122.38,1.56426,-14.56276,0.82812,0.0002,0.90465
8135.85,BTC-27SEP19,1558868347043,open,1.72,0.0,1.613,1.83,1.72152982,100.91,None,0.0,BTC-27SEP19-22000-P,7986.09,0.0,0.006,10.0,2.474,0.2,499.97,7.11494,-2.89802,-72.90911,3e-05,-0.91897
248.35,index_price,1558868347050,open,0.32,0.0,0.278,0.383,0.330643,129.11,None,0,ETH-31MAY19-330-P,248.35,0.0,0.0,0.0,0.42,2.0,411.05,0.02145,-0.28401,-0.04303,0.00202,-0.96639
248.35,index_price,1558868347092,open,0.01,1183.0,0.001,0.046,0.006038,119.89,0.011,0,ETH-31MAY19-300-C,248.35,114.46,0.005,20.0,0.006,70.0,119.7,0.04956,-0.60932,0.00304,0.00502,0.09779
248.35,index_price,1558868347110,open,0.36,0.0,0.316,0.425,0.370438,133.7,None,0,ETH-31MAY19-340-P,248.35,0.0,0.0,0.0,0.476,1.0,465.6,0.01692,-0.23202,-0.04463,0.00154,-0.97474
248.35,index_price,1558868347178,open,0.03,265.0,0.001,0.072,0.032469,105.69,0.042,0,ETH-7JUN19-280-C,248.35,100.07,0.029,200.0,0.037,5.0,112.86,0.15497,-0.68959,0.02135,0.00731,0.29671
7986.09,index_price,1558868347192,open,0.22,0.0,0.174,0.2715,0.22283813,98.02,None,0,BTC-31MAY19-9750-P,7986.09,0.0,0.0,0.0,0.2565,0.2,222.97,0.86095,-8.65453,-1.25745,0.0001,-0.95589
248.35,index_price,1558868347231,open,0.11,2.0,0.067,0.155,0.111389,119.89,0.111,0,ETH-31MAY19-270-P,248.35,54.51,0.09,50.0,0.11,50.0,116.4,0.0993,-1.2209,-0.02703,0.01005,-0.70329
248.35,index_price,1558868347262,open,0.01,358.0,0.001,0.049,0.008793,102.17,0.008,0,ETH-31MAY19-220-P,248.35,59.35,0.001,250.0,0.008,94.0,99.02,0.06353,-0.66565,-0.0049,0.00755,-0.13885
7986.09,index_price,1558868347268,open,0.06,18.5,0.019,0.0985,0.0586632,82.73,0.0665,0,BTC-7JUN19-8000-C,7986.09,79.72,0.0565,15.0,0.0675,4.0,95.04,5.73544,-19.97771,1.21197,0.00033,0.5251
253.17,ETH-27SEP19,1558868347283,open,0.05,7.0,0.013,0.092,0.052218,112.94,0.053,0.0,ETH-27SEP19-560-C,248.35,109.57,0.047,40.0,0.058,40.0,116.52,0.40032,-0.18249,0.11844,0.00163,0.19007
7986.09,index_price,1558868347291,open,0.32,0.0,0.268,0.373,0.32047604,99.53,None,0,BTC-7JUN19-10500-P,7986.09,0.0,0.0,0.0,0.0,0.0,0.0,2.05378,-8.60678,-3.23436,0.0001,-0.92429
8092.41,BTC-28JUN19,1558868347369,open,0.23,501.2,0.1855,0.265,0.22548049,90.43,0.2405,0.0,BTC-28JUN19-6500-C,7986.09,80.29,0.218,2.0,0.241,2.0,109.56,6.21072,-8.5418,4.38574,0.00012,0.82718
8135.85,BTC-27SEP19,1558868347371,open,0.14,21.0,0.093,0.1835,0.13811355,83.26,0.1455,0.0,BTC-27DEC19-6500-P,7986.09,79.33,0.1285,5.0,0.1425,9.0,85.06,19.88607,-3.85291,-18.64519,6e-05,-0.25117
8092.41,BTC-28JUN19,1558868347398,open,0.01,499.5,0.0005,0.052,0.01231668,93.47,0.0115,0.0,BTC-28JUN19-12000-C,7986.09,90.96,0.011,21.0,0.0135,2.0,95.62,4.35738,-6.19428,0.66154,8e-05,0.10308
8092.41,BTC-28JUN19,1558868347398,open,0.01,469.3,0.0005,0.0455,0.00581555,101.94,0.004,0.0,BTC-28JUN19-14000-C,7986.09,95.49,0.004,1.0,0.0075,5.0,106.94,2.53067,-3.92363,0.32678,4e-05,0.05065
7986.09,index_price,1558868347398,open,0.01,335.9,0.0005,0.0545,0.01411326,82.41,0.0175,0,BTC-31MAY19-7500-P,7986.09,74.98,0.0115,0.5,0.0165,20.0,88.95,2.86815,-24.24007,-0.27088,0.00041,-0.23981
8092.41,BTC-28JUN19,1558868347452,open,0.18,17.7,0.1295,0.223,0.17606622,88.2,0.17,0.0,BTC-28JUN19-9000-P,7986.09,83.36,0.1705,12.0,0.183,15.0,94.18,9.34423,-12.53519,-5.70117,0.00018,-0.60611
248.35,index_price,1558868347452,open,0.0,5.0,0.001,0.04,0.000726,150.0,0.002,0,ETH-31MAY19-170-P,248.35,0.0,0.0,0.0,0.002,50.0,175.45,0.00865,-0.13302,-0.00041,0.0007,-0.01151
8092.41,BTC-28JUN19,1558868347465,open,0.0,394.3,0.0005,0.041,0.00115919,126.24,0.0015,0.0,BTC-28JUN19-3500-P,7986.09,113.48,0.0005,2.0,0.0015,2.0,130.91,0.54175,-1.04018,-0.06793,1e-05,-0.00816
7986.09,index_price,1558868347467,open,0.02,782.8,0.0005,0.0585,0.01869352,91.49,0.019,0,BTC-31MAY19-8500-C,7986.09,87.21,0.017,0.1,0.021,11.0,97.21,3.18797,-29.9099,0.29546,0.00041,0.29566
8135.85,BTC-27SEP19,1558868347516,open,0.05,55.5,0.0115,0.091,0.05142453,89.44,0.061,0.0,BTC-27SEP19-14000-C,7986.09,87.11,0.0475,4.0,0.0555,10.0,91.78,13.93561,-5.0306,4.58096,7e-05,0.21733
8135.85,BTC-27SEP19,1558868347538,open,0.35,5.7,0.3,0.4075,0.35375546,86.33,0.334,0.0,BTC-27SEP19-10000-P,7986.09,80.31,0.34,3.0,0.359,3.0,88.61,18.67188,-6.50634,-25.31505,0.0001,-0.56306
8135.85,BTC-27SEP19,1558868347538,open,0.01,159.1,0.0005,0.054,0.01386441,88.9,0.019,0.0,BTC-27SEP19-4000-P,7986.09,84.0,0.011,10.0,0.017,15.0,93.76,5.01029,-1.79789,-1.80682,3e-05,-0.05157
248.35,index_price,1558868347549,open,0.2,117.0,0.157,0.236,0.196073,102.18,0.17,0,ETH-31MAY19-200-C,248.35,0.0,0.193,50.0,0.208,50.0,175.69,0.0191,-0.20016,0.0257,0.00227,0.97079
8135.85,BTC-27SEP19,1558868347573,open,0.45,57.4,0.408,0.4875,0.44790373,83.27,0.4555,0.0,BTC-27DEC19-5000-C,7986.09,0.0,0.0065,0.2,0.9575,5.0,500.0,13.87694,-2.68876,19.74985,4e-05,0.86025
8092.41,BTC-28JUN19,1558868347576,open,0.57,143.2,0.529,0.6085,0.56865729,126.28,0.56,0.0,BTC-28JUN19-3500-C,7986.09,0.0,0.1505,3.0,0.7705,3.0,500.0,0.54242,-1.04172,3.08443,1e-05,0.99183
8092.41,BTC-28JUN19,1558868347576,open,0.01,298.7,0.0005,0.048,0.00849486,98.33,0.01,0.0,BTC-28JUN19-13000-C,7986.09,93.15,0.0065,20.0,0.0105,5.0,102.91,3.34319,-4.99944,0.46513,6e-05,0.07231
248.35,index_price,1558868347597,open,0.16,0.0,0.114,0.206,0.15991,105.69,None,0,ETH-7JUN19-280-P,248.35,82.13,0.146,150.0,0.158,150.0,102.61,0.15497,-0.68959,-0.06975,0.00731,-0.70329
8092.41,BTC-28JUN19,1558868347604,open,0.14,214.0,0.1005,0.18,0.14044916,86.63,0.14,0.0,BTC-28JUN19-7500-C,7986.09,82.1,0.1355,17.0,0.144,5.0,89.87,8.86205,-11.67589,3.81344,0.00017,0.66364
8135.85,BTC-27SEP19,1558868347604,open,0.21,118.1,0.174,0.2535,0.21398116,83.27,0.2185,0.0,BTC-27DEC19-9000-C,7986.09,82.28,0.211,7.0,0.226,5.0,87.25,24.58109,-4.7627,16.77041,8e-05,0.56412
8135.85,BTC-27SEP19,1558868347610,open,0.66,0.0,0.5945,0.7265,0.66049751,88.26,None,0.0,BTC-27SEP19-13000-P,7986.09,0.0,0.0065,0.1,1.416,0.3,500.0,15.26428,-5.43799,-38.7688,8e-05,-0.74356
248.35,index_price,1558868347613,open,0.21,0.0,0.166,0.262,0.214011,119.89,None,0,ETH-31MAY19-300-P,248.35,0.0,0.197,50.0,0.214,50.0,119.84,0.04956,-0.60932,-0.03703,0.00502,-0.90221
8092.41,BTC-28JUN19,1558868347626,open,0.0,258.1,0.0005,0.042,0.00225818,109.74,0.003,0.0,BTC-28JUN19-4250-P,7986.09,97.17,0.001,20.0,0.003,1.0,115.1,1.024,-1.70911,-0.14038,2e-05,-0.017
8135.85,BTC-27SEP19,1558868347690,open,0.12,923.0,0.085,0.1645,0.12463813,86.34,0.1275,0.0,BTC-27SEP19-10000-C,7986.09,84.75,0.121,1.0,0.128,10.0,87.8,18.67199,-6.50672,8.62359,0.0001,0.43695
248.35,index_price,1558868347700,open,0.01,51.0,0.001,0.051,0.011841,113.06,0.015,0,ETH-7JUN19-320-C,248.35,105.04,0.009,250.0,0.015,250.0,121.06,0.09321,-0.44368,0.0093,0.00411,0.12693
7986.09,index_price,1558868347706,open,0.06,40.6,0.018,0.1025,0.06040491,82.73,0.0615,0,BTC-7JUN19-8000-P,7986.09,68.94,0.0505,15.0,0.063,1.9,86.34,5.73544,-19.97768,-1.39092,0.00033,-0.4749
8092.41,BTC-28JUN19,1558868347725,open,0.03,288.3,0.0005,0.0695,0.02869825,90.42,0.0315,0.0,BTC-28JUN19-6500-P,7986.09,86.19,0.0255,16.0,0.0315,16.0,94.03,6.21049,-8.54099,-1.46874,0.00012,-0.17281
8135.85,BTC-27SEP19,1558868347725,open,1.24,1.0,1.15,1.3285,1.23939372,94.81,1.5815,0.0,BTC-27SEP19-18000-P,7986.09,0.0,0.0065,0.1,2.0015,0.3,500.0,9.63102,-3.68554,-58.44581,5e-05,-0.8773
7986.09,index_price,1558868347725,open,0.0,299.0,0.0005,0.04,0.00036181,135.0,0.001,0,BTC-31MAY19-5500-P,7986.09,0.0,0.0,0.0,0.005,14.0,206.52,0.17505,-2.42336,-0.00763,2e-05,-0.00679
8135.85,BTC-27SEP19,1558868347742,open,0.26,1044.0,0.2185,0.298,0.25838077,84.27,0.257,0.0,BTC-27SEP19-7000-C,7986.09,80.32,0.2505,8.0,0.2615,20.0,85.83,16.23869,-5.52338,12.45472,9e-05,0.70944
8092.41,BTC-28JUN19,1558868347762,open,0.0,520.8,0.0005,0.04,1.41e-05,135.0,0.0005,0.0,BTC-28JUN19-2000-P,7986.09,0.0,0.0,0.0,0.001,5.0,200.84,0.01228,-0.02522,-0.00105,0.0,-0.00013
8135.85,BTC-27SEP19,1558868347762,open,0.01,178.6,0.0005,0.0485,0.0082618,94.32,0.0105,0.0,BTC-27DEC19-2500-P,7986.09,88.48,0.006,0.8,0.0105,5.8,99.31,3.42187,-0.751,-1.50516,1e-05,-0.02316
8135.85,BTC-27SEP19,1558868347762,open,0.37,122.6,0.3325,0.412,0.37220919,83.27,0.385,0.0,BTC-27DEC19-6000-C,7986.09,48.86,0.3,0.3,0.45,0.1,117.84,18.1402,-3.51478,19.86719,6e-05,0.78701
7986.09,index_price,1558868347764,open,0.0,139.5,0.0005,0.042,0.00228023,91.25,0.004,0,BTC-31MAY19-6750-P,7986.09,88.8,0.002,0.6,0.0025,0.6,93.05,0.94817,-8.87217,-0.05551,0.00012,-0.04975
8135.85,BTC-27SEP19,1558868347792,open,0.04,116.5,0.0005,0.0745,0.03494033,98.77,0.034,0.0,BTC-27DEC19-26000-C,7986.09,96.19,0.031,1.0,0.039,68.8,101.29,12.79516,-2.94086,4.27685,3e-05,0.12424
8135.85,BTC-27SEP19,1558868347811,open,0.16,370.9,0.1145,0.194,0.15420437,83.8,0.151,0.0,BTC-27SEP19-9000-C,7986.09,81.56,0.149,5.0,0.157,1.0,85.0,18.89546,-6.39094,9.95888,0.0001,0.51488
8135.85,BTC-27SEP19,1558868347811,open,0.61,0.0,0.567,0.6465,0.6067936,93.22,None,0.0,BTC-27SEP19-3250-C,7986.09,0.0,0.0075,0.1,0.951,5.0,500.0,2.763,-1.03959,10.16899,1e-05,0.97508
8135.85,BTC-27SEP19,1558868347813,open,0.2,36.0,0.1555,0.2515,0.20361277,83.26,0.204,0.0,BTC-27DEC19-7500-P,7986.09,79.26,0.1925,5.0,0.209,9.0,85.21,22.5377,-4.36665,-25.4384,7e-05,-0.32751
8092.41,BTC-28JUN19,1558868347830,open,0.0,411.4,0.0005,0.044,0.00422309,105.8,0.004,0.0,BTC-28JUN19-15000-C,7986.09,97.54,0.0025,1.0,0.006,8.0,112.33,1.97058,-3.1709,0.24001,3e-05,0.03715
8135.85,BTC-27SEP19,1558868347842,open,0.82,0.0,0.7505,0.8955,0.82306836,88.01,None,0.0,BTC-27DEC19-14000-P,7986.09,0.0,0.008,3.0,1.649,0.2,499.93,22.34009,-4.5753,-71.96328,7e-05,-0.67943
248.35,index_price,1558868347847,open,0.05,363.0,0.009,0.092,0.050635,102.17,0.051,0,ETH-31MAY19-250-P,248.35,87.78,0.044,1.0,0.051,1.0,102.96,0.11451,-1.19981,-0.01823,0.0136,-0.49882
7986.09,index_price,1558868347867,open,0.22,307.6,0.178,0.2575,0.21789125,96.97,0.1635,0,BTC-31MAY19-6250-C,7986.09,0.0,0.018,6.0,0.245,0.3,248.55,0.29753,-2.95869,0.82107,4e-05,0.98756
253.17,ETH-27SEP19,1558868347877,open,0.07,1226.0,0.03,0.109,0.069374,108.9,0.077,0.0,ETH-27SEP19-480-C,248.35,107.04,0.066,20.0,0.073,100.0,110.86,0.46338,-0.20368,0.15067,0.00196,0.24473
253.17,ETH-27SEP19,1558868347877,open,0.21,848.0,0.173,0.252,0.212276,97.02,0.218,0.0,ETH-27SEP19-260-C,248.35,93.81,0.205,25.0,0.222,80.0,101.33,0.5723,-0.22412,0.32721,0.00271,0.59309
251.29,ETH-28JUN19,1558868347877,open,0.37,923.0,0.33,0.409,0.36996,99.27,0.357,0.0,ETH-28JUN19-160-C,248.35,0.0,0.1,3.0,0.0,0.0,0.0,0.07533,-0.11374,0.13173,0.00133,0.95196
253.17,ETH-27SEP19,1558868347877,open,0.34,36.0,0.296,0.403,0.349724,98.56,0.345,0.0,ETH-27SEP19-300-P,248.35,92.65,0.336,30.0,0.359,30.0,102.55,0.58837,-0.23406,-0.73302,0.00274,-0.50339
253.17,ETH-27SEP19,1558868347877,open,0.0,174.0,0.001,0.04,0.000656,101.07,0.002,0.0,ETH-27SEP19-60-P,248.35,0.0,0.0,0.0,0.0,0.0,0.0,0.0138,-0.00563,-0.00321,6e-05,-0.00308
251.29,ETH-28JUN19,1558868347877,open,0.25,51.0,0.206,0.305,0.255488,105.3,0.226,0.0,ETH-28JUN19-300-P,248.35,96.59,0.246,120.0,0.261,120.0,110.26,0.27744,-0.4443,-0.20639,0.00463,-0.6564
253.17,ETH-27SEP19,1558868347880,open,0.02,7287.0,0.001,0.057,0.016481,97.02,0.015,0.0,ETH-27SEP19-120-P,248.35,83.77,0.009,50.0,0.017,50.0,97.82,0.16269,-0.06371,-0.06092,0.00077,-0.05441
253.17,ETH-27SEP19,1558868347880,open,0.67,0.0,0.613,0.746,0.679544,105.49,None,0.0,ETH-27SEP19-400-P,248.35,0.0,0.0,0.0,0.0,0.0,0.0,0.5348,-0.2277,-1.15867,0.00233,-0.66896
248.35,index_price,1558868347883,open,0.1,79.0,0.052,0.131,0.091527,102.17,0.102,0,ETH-31MAY19-230-C,248.35,89.16,0.087,50.0,0.103,50.0,132.66,0.08906,-0.93312,0.0222,0.01058,0.76086
251.29,ETH-28JUN19,1558868347889,open,0.3,3366.0,0.261,0.34,0.300225,99.3,0.259,0.0,ETH-28JUN19-180-C,248.35,0.0,0.006,20.0,1.0,1.0,500.0,0.13457,-0.20324,0.13523,0.00238,0.8977
8092.41,BTC-28JUN19,1558868347891,open,0.01,445.2,0.0005,0.051,0.01060633,97.88,0.013,0.0,BTC-28JUN19-5500-P,7986.09,92.5,0.0085,9.0,0.0125,20.0,102.31,3.3299,-4.95687,-0.60162,6e-05,-0.07193
251.29,ETH-28JUN19,1558868347897,open,0.34,1130.0,0.295,0.374,0.334296,99.29,0.32,0.0,ETH-28JUN19-170-C,248.35,0.0,0.1,5.0,0.63,1.0,496.14,0.10356,-0.15639,0.13436,0.00183,0.92792
251.29,ETH-28JUN19,1558868347897,open,0.05,948.0,0.008,0.087,0.047686,107.72,0.05,0.0,ETH-28JUN19-320-C,248.35,106.04,0.046,10.0,0.049,80.0,109.02,0.2534,-0.41515,0.05234,0.00414,0.27893
8092.41,BTC-28JUN19,1558868347902,open,0.07,81.0,0.025,0.1095,0.06723895,86.62,0.064,0.0,BTC-28JUN19-7500-P,7986.09,83.66,0.064,5.0,0.0705,10.0,89.6,8.86202,-11.67529,-2.94179,0.00017,-0.33636
251.29,ETH-28JUN19,1558868347911,open,0.49,386.0,0.445,0.524,0.484664,109.83,0.321,0.0,ETH-28JUN19-130-C,248.35,0.0,0.14,49.0,0.0,0.0,0.0,0.02892,-0.04832,0.11319,0.00046,0.98478
253.17,ETH-27SEP19,1558868347911,open,0.11,2716.0,0.067,0.155,0.110676,97.02,0.106,0.0,ETH-27SEP19-200-P,248.35,90.58,0.099,40.0,0.114,40.0,98.85,0.46064,-0.18039,-0.30308,0.00218,-0.24206
251.29,ETH-28JUN19,1558868347918,open,0.0,9820.0,0.001,0.042,0.002015,110.01,0.004,0.0,ETH-28JUN19-130-P,248.35,99.24,0.001,300.0,0.003,200.0,117.49,0.02911,-0.04871,-0.00393,0.00047,-0.01534
253.17,ETH-27SEP19,1558868347918,open,0.4,24.0,0.354,0.466,0.410035,99.41,0.408,0.0,ETH-27SEP19-320-P,248.35,93.31,0.396,30.0,0.42,30.0,103.72,0.58452,-0.23453,-0.82124,0.0027,-0.54576
251.29,ETH-28JUN19,1558868347918,open,0.53,50.0,0.484,0.563,0.523956,116.57,0.547,0.0,ETH-28JUN19-120-C,248.35,0.0,0.003,10.0,0.0,0.0,0.0,0.02198,-0.03897,0.10524,0.00033,0.98892
251.29,ETH-28JUN19,1558868347918,open,0.03,2104.0,0.001,0.069,0.029173,112.16,0.032,0.0,ETH-28JUN19-360-C,248.35,110.68,0.028,125.0,0.031,100.0,114.42,0.20073,-0.34241,0.03508,0.00315,0.18414
253.17,ETH-27SEP19,1558868347929,open,0.15,393.0,0.107,0.186,0.146062,99.41,0.155,0.0,ETH-27SEP19-320-C,248.35,97.21,0.141,100.0,0.154,100.0,102.84,0.58452,-0.23453,0.2648,0.0027,0.45424
251.29,ETH-28JUN19,1558868347929,open,0.24,2090.0,0.198,0.277,0.237821,99.32,0.233,0.0,ETH-28JUN19-200-C,248.35,90.42,0.231,80.0,0.241,120.0,103.31,0.19797,-0.29904,0.13174,0.0035,0.81988
8092.41,BTC-28JUN19,1558868347931,open,0.0,315.4,0.0005,0.0445,0.00463229,105.72,0.003,0.0,BTC-28JUN19-4750-P,7986.09,97.43,0.003,44.9,0.0065,10.0,113.39,1.78997,-2.87807,-0.27462,3e-05,-0.03304
8135.85,BTC-27SEP19,1558868347935,open,0.07,171.3,0.0255,0.1105,0.06795271,84.44,0.075,0.0,BTC-27SEP19-6000-P,7986.09,81.64,0.0635,4.0,0.0725,14.0,87.27,13.00728,-4.43334,-7.21978,7e-05,-0.19352
8135.85,BTC-27SEP19,1558868347944,open,0.33,719.4,0.2905,0.37,0.33048233,84.45,0.335,0.0,BTC-27SEP19-6000-C,7986.09,0.0,0.0105,0.1,0.3445,10.0,93.09,13.00748,-4.43361,13.14304,7e-05,0.80647
7986.09,index_price,1558868347944,open,0.0,280.8,0.0005,0.0405,0.00055616,127.35,0.001,0,BTC-31MAY19-5750-P,7986.09,0.0,0.0,0.0,0.0015,10.5,147.73,0.25824,-3.37271,-0.01187,2e-05,-0.01057
253.17,ETH-27SEP19,1558868347967,open,0.53,81.0,0.479,0.602,0.540523,102.17,0.489,0.0,ETH-27SEP19-360-P,248.35,94.21,0.523,30.0,0.549,30.0,105.96,0.56353,-0.2324,-0.99333,0.00254,-0.61556
253.17,ETH-27SEP19,1558868347984,open,0.6,31.0,0.545,0.672,0.608352,103.4,0.52,0.0,ETH-27SEP19-380-P,248.35,0.0,0.0,0.0,0.0,0.0,0.0,0.54886,-0.22907,-1.07727,0.00244,-0.64542
248.35,index_price,1558868347989,open,0.24,0.0,0.2,0.279,0.239616,99.48,None,0,ETH-7JUN19-190-C,248.35,101.31,0.24,50.0,0.25,50.0,136.45,0.05111,-0.21408,0.05685,0.00256,0.9432
7986.09,index_price,1558868347996,open,0.01,12.8,0.0005,0.0465,0.00629326,87.09,0.0085,0,BTC-7JUN19-6500-P,7986.09,84.11,0.0055,0.1,0.007,3.0,89.61,2.1894,-8.02787,-0.2304,0.00012,-0.08238
248.35,index_price,1558868348014,open,0.07,2.0,0.033,0.118,0.075098,99.48,0.066,0,ETH-7JUN19-250-P,248.35,86.82,0.066,150.0,0.073,1.0,96.56,0.17846,-0.74747,-0.04477,0.00894,-0.47894
253.17,ETH-27SEP19,1558868348016,open,0.54,147.0,0.503,0.582,0.542491,97.02,0.45,0.0,ETH-27SEP19-120-C,248.35,0.0,0.037,5.0,0.0,0.0,0.0,0.16269,-0.06371,0.34635,0.00077,0.94559
8135.83,BTC-27SEP19,1558868348020,open,0.41,56.9,0.3685,0.448,0.40838651,83.27,0.436,0.0,BTC-27DEC19-5500-C,7986.09,0.0,0.0065,1.0,0.6,7.0,178.01,16.12605,-3.12453,19.92539,5e-05,0.8244
8135.83,BTC-27SEP19,1558868348020,open,0.49,6.6,0.451,0.5305,0.49089278,83.27,0.498,0.0,BTC-27DEC19-4500-C,7986.09,0.0,0.26,1.4,0.7865,2.0,273.94,11.45344,-2.2192,19.29201,4e-05,0.89369
248.35,index_price,1558868348023,open,0.03,0.0,0.001,0.065,0.025622,108.36,None,0,ETH-7JUN19-290-C,248.35,101.82,0.022,200.0,0.03,200.0,115.95,0.14032,-0.64018,0.01759,0.00645,0.24337
251.29,ETH-28JUN19,1558868348028,open,0.45,335.0,0.406,0.485,0.445876,105.75,0.481,0.0,ETH-28JUN19-140-C,248.35,0.0,0.021,3.0,0.6,1.0,387.82,0.04056,-0.06524,0.12029,0.00067,0.97735
251.29,ETH-28JUN19,1558868348028,open,0.57,10.0,0.524,0.603,0.563248,121.93,0.265,0.0,ETH-28JUN19-110-C,248.35,0.0,0.028,1.0,0.0,0.0,0.0,0.01531,-0.02838,0.09719,0.00022,0.99267
7986.09,index_price,1558868348043,open,0.11,7.7,0.064,0.152,0.10789982,92.64,0.0935,0,BTC-31MAY19-8750-P,7986.09,55.57,0.098,5.0,0.1055,5.0,85.25,2.67466,-25.41058,-0.95578,0.00034,-0.78804
253.17,ETH-27SEP19,1558868348049,open,0.37,743.0,0.328,0.407,0.367246,97.02,0.331,0.0,ETH-27SEP19-180-C,248.35,0.0,0.23,1.0,0.5,1.0,178.26,0.39735,-0.1556,0.38233,0.00188,0.81222
251.29,ETH-28JUN19,1558868348053,open,0.0,4824.0,0.001,0.041,0.001007,122.21,0.001,0.0,ETH-28JUN19-110-P,248.35,0.0,0.0,0.0,0.002,315.0,134.84,0.01549,-0.02879,-0.00191,0.00022,-0.00743
253.17,ETH-27SEP19,1558868348054,open,1.25,0.0,1.174,1.354,1.264171,112.94,None,0.0,ETH-27SEP19-560-P,248.35,0.0,0.0,0.0,0.0,0.0,0.0,0.40032,-0.18249,-1.78211,0.00163,-0.80993
7986.09,index_price,1558868348062,open,0.01,11.3,0.0005,0.0485,0.00896418,96.41,0.0125,0,BTC-7JUN19-10000-C,7986.09,90.44,0.007,6.6,0.011,1.0,102.0,2.77623,-11.26852,0.27255,0.00014,0.11386
251.29,ETH-28JUN19,1558868348064,open,0.04,3160.0,0.004,0.087,0.045561,99.36,0.037,0.0,ETH-28JUN19-210-P,248.35,90.85,0.038,80.0,0.045,400.0,98.74,0.22693,-0.34292,-0.06154,0.00402,-0.22631
8135.83,BTC-27SEP19,1558868348067,open,0.88,0.0,0.812,0.962,0.88701241,91.0,None,0.0,BTC-27SEP19-15000-P,7986.09,0.0,0.0065,0.1,1.649,0.3,499.78,12.73637,-4.67788,-46.94034,6e-05,-0.813
253.17,ETH-27SEP19,1558868348067,open,0.15,1657.0,0.103,0.194,0.148638,97.02,0.142,0.0,ETH-27SEP19-220-P,248.35,91.26,0.137,40.0,0.153,80.0,99.18,0.51101,-0.20011,-0.38349,0.00242,-0.29769
251.29,ETH-28JUN19,1558868348080,open,0.01,5614.0,0.001,0.051,0.010833,99.36,0.014,0.0,ETH-28JUN19-170-P,248.35,89.14,0.007,100.0,0.01,120.0,97.3,0.10368,-0.15667,-0.01879,0.00183,-0.07218
253.17,ETH-27SEP19,1558868348090,open,0.69,0.0,0.648,0.727,0.687028,100.91,None,0.0,ETH-27SEP19-80-C,248.35,0.0,0.003,10.0,0.0,0.0,0.0,0.04644,-0.01892,0.25851,0.00021,0.98789
253.17,ETH-27SEP19,1558868348090,open,0.13,546.0,0.093,0.172,0.132129,101.19,0.138,0.0,ETH-27SEP19-340-C,248.35,98.05,0.125,100.0,0.138,100.0,103.77,0.57611,-0.2353,0.24615,0.00262,0.4186
251.29,ETH-28JUN19,1558868348090,open,0.41,481.0,0.367,0.446,0.406935,99.24,0.385,0.0,ETH-28JUN19-150-C,248.35,0.0,0.021,4.0,0.5,200.0,272.65,0.05126,-0.07737,0.12745,0.00091,0.97004
8135.83,BTC-27SEP19,1558868348095,open,0.45,3.2,0.392,0.5075,0.44966425,86.6,0.481,0.0,BTC-27SEP19-11000-P,7986.09,0.0,0.0075,0.1,1.184,0.3,500.0,17.81264,-6.22656,-29.95409,9e-05,-0.63516
248.35,index_price,1558868348103,open,0.0,787.0,0.001,0.041,0.001388,102.18,0.001,0,ETH-31MAY19-200-P,248.35,0.0,0.0,0.0,0.002,168.0,109.29,0.0191,-0.20016,-0.00102,0.00227,-0.02921
248.35,index_price,1558868348108,open,0.02,60.0,0.001,0.066,0.025091,99.48,0.019,0,ETH-7JUN19-220-P,248.35,87.79,0.019,200.0,0.023,101.0,95.55,0.13335,-0.55853,-0.01997,0.00668,-0.22207
