underlying_price,underlying_index,timestamp,state,settlement_price,open_interest,min_price,max_price,mark_price,mark_iv,last_price,interest_rate,instrument_name,index_price,bid_iv,best_bid_price,best_bid_amount,best_ask_price,best_ask_amount,ask_iv,vega,theta,rho,gamma,delta
256.22,index_price,1560509940025,open,0.15,61.0,0.105,0.184,0.144772,77.78,0.115,0,ETH-21JUN19-220-C,256.22,0.0,0.136,60.0,0.156,70.0,120.12,0.04686,-0.26503,0.03793,0.00487,0.9307
8296.18,BTC-28JUN19,1560509940157,open,0.06,27.0,0.011,0.0945,0.05269824,72.46,0.051,0.0,BTC-26JUL19-7500-P,8295.25,70.58,0.0505,24.3,0.054,19.3,73.57,9.72188,-8.41123,-3.32599,0.00017,-0.29674
256.22,index_price,1560509940166,open,0.0,55.0,0.001,0.041,0.001,89.44,0.001,0,ETH-21JUN19-330-C,256.22,0.0,0.0,0.0,0.002,250.0,100.12,0.01898,-0.12348,0.00105,0.00172,0.02275
256.22,index_price,1560509940200,open,0.0,8.0,0.001,0.043,0.003409,77.78,0.004,0,ETH-21JUN19-220-P,256.22,69.05,0.002,400.0,0.005,551.0,85.69,0.04686,-0.26503,-0.00351,0.00487,-0.0693
256.7,ETH-28JUN19,1560509940204,open,0.04,328.0,0.001,0.08,0.040158,84.43,0.044,0.0,ETH-26JUL19-320-C,256.22,81.55,0.037,285.0,0.044,285.0,87.85,0.28483,-0.28713,0.06624,0.00446,0.26507
256.7,ETH-28JUN19,1560509940281,open,0.0,0.0,0.001,0.044,0.004136,82.7,None,0.0,ETH-26JUL19-160-P,256.22,77.82,0.003,120.0,0.006,350.0,89.29,0.06527,-0.06445,-0.01117,0.00104,-0.03379
256.7,ETH-28JUN19,1560509940394,open,0.29,0.0,0.236,0.338,0.286749,84.43,None,0.0,ETH-26JUL19-320-P,256.22,0.0,0.245,48.0,0.317,48.0,109.95,0.28483,-0.28713,-0.30089,0.00446,-0.73493
256.7,ETH-28JUN19,1560509940598,open,0.03,1139.0,0.001,0.068,0.028343,84.63,0.03,0.0,ETH-26JUL19-340-C,256.22,82.13,0.026,291.0,0.031,442.0,87.38,0.24435,-0.24691,0.05093,0.00382,0.20127
256.7,ETH-28JUN19,1560509940672,open,0.01,240.0,0.001,0.051,0.011035,82.03,0.008,0.0,ETH-26JUL19-180-P,256.22,77.74,0.009,120.0,0.012,270.0,83.94,0.1272,-0.12459,-0.02632,0.00205,-0.07832
256.22,index_price,1560509940976,open,0.25,0.0,0.2,0.299,0.24993,80.36,None,0,ETH-21JUN19-320-P,256.22,0.0,0.237,60.0,0.257,60.0,122.24,0.02054,-0.12004,-0.05912,0.00207,-0.97502
256.7,ETH-28JUN19,1560509941042,open,0.0,0.001,0.061,0.021183,81.07,None,0.0,ETH-28JUN19-290-C,256.22,77.45,0.019,120.0,0.023,240.0,84.0,0.15708,-0.45887,0.02177,0.00774,0.24426
8333.18,BTC-27SEP19,1560509941042,open,1.66,0.0,1.54,1.751,1.64539431,87.76,None,0.0,BTC-27SEP19-22000-P,8295.25,0.0,1.6305,1.3,1.675,1.3,125.47,3.34965,-1.40155,-62.53272,2e-05,-0.96625
256.22,index_price,1560509941295,open,0.03,328.0,0.001,0.069,0.028809,73.57,0.028,0,ETH-21JUN19-250-P,256.22,68.2,0.026,240.0,0.031,128.0,77.74,0.13436,-0.71881,-0.01994,0.01477,-0.38443
8296.16,BTC-28JUN19,1560509941369,open,0.0,1430.2,0.0005,0.04,4.38e-05,135.0,0.0005,0.0,BTC-28JUN19-20000-C,8295.25,0.0,0.0,0.0,0.0005,20.0,166.15,0.03718,-0.18087,0.00194,0.0,0.00066
8296.16,BTC-28JUN19,1560509941397,open,0.0,1255.2,0.0005,0.04,0.0,135.0,0.0005,0.0,BTC-28JUN19-1500-P,8295.25,0.0,0.0,0.0,0.0005,13.0,346.69,0.0,0.0,0.0,0.0,0.0
8296.16,BTC-28JUN19,1560509941399,open,0.0,544.3,0.0005,0.0405,0.00050011,106.36,0.0005,0.0,BTC-28JUN19-14000-C,8295.25,0.0,0.0,0.0,0.001,15.0,115.58,0.34561,-1.32464,0.02293,1e-05,0.00777
8296.16,BTC-28JUN19,1560509941399,open,0.0,718.2,0.0005,0.041,0.00100445,86.3,0.0015,0.0,BTC-28JUN19-12000-C,8295.25,78.84,0.0005,200.5,0.0015,50.0,91.44,0.6975,-2.16916,0.05188,3e-05,0.01745
260.35,ETH-27SEP19,1560509941568,open,0.0,1744.0,0.001,0.042,0.002731,110.38,0.002,0.0,ETH-27SEP19-80-P,256.22,95.54,0.001,120.0,0.004,150.0,117.61,0.04043,-0.02128,-0.01028,0.00019,-0.011
8333.16,BTC-27SEP19,1560509941573,open,0.01,96.7,0.0005,0.053,0.01269705,82.26,0.0145,0.0,BTC-27DEC19-3500-P,8295.25,80.35,0.0115,6.0,0.014,16.0,84.24,5.35102,-1.12354,-2.39456,2e-05,-0.04085
256.22,index_price,1560509941660,open,0.05,254.0,0.007,0.09,0.048363,73.57,0.048,0,ETH-21JUN19-260-P,256.22,67.39,0.045,180.0,0.051,7.0,78.4,0.13967,-0.74719,-0.02829,0.01535,-0.53767
260.35,ETH-27SEP19,1560509941692,open,0.0,4106.0,0.001,0.042,0.002498,89.46,0.004,0.0,ETH-27SEP19-100-P,256.22,78.38,0.001,161.0,0.004,150.0,96.8,0.0458,-0.01953,-0.01137,0.00026,-0.0127
8296.16,BTC-28JUN19,1560509941726,open,0.0,1145.2,0.0005,0.0425,0.00272741,76.02,0.0025,0.0,BTC-28JUN19-6500-P,8295.25,71.56,0.002,51.0,0.0035,40.0,80.09,1.46961,-4.0258,-0.14326,7e-05,-0.0427
8333.16,BTC-27SEP19,1560509941762,open,0.02,383.2,0.0005,0.0565,0.01611255,76.67,0.028,0.0,BTC-27SEP19-5000-P,8295.25,75.85,0.0155,0.1,0.0165,1.0,77.19,6.24295,-2.28204,-2.15183,4e-05,-0.07376
8333.16,BTC-27SEP19,1560509941762,open,0.35,122.6,0.3135,0.393,0.35331094,72.99,0.41,0.0,BTC-27DEC19-6000-C,8295.25,65.11,0.338,1.3,0.3685,1.3,80.55,16.51044,-3.07614,20.46888,6e-05,0.81103
256.7,ETH-28JUN19,1560509941775,open,0.0,0.169,0.266,0.217621,81.38,None,0.0,ETH-28JUN19-310-P,256.22,0.0,0.205,60.0,0.228,60.0,102.67,0.10788,-0.31638,-0.10579,0.00529,-0.86642
260.35,ETH-27SEP19,1560509941772,open,0.0,4106.0,0.001,0.042,0.002498,89.46,0.004,0.0,ETH-27SEP19-100-P,256.22,78.38,0.001,281.0,0.004,150.0,96.8,0.0458,-0.01953,-0.01137,0.00026,-0.0127
8333.16,BTC-27SEP19,1560509941830,open,0.02,39.8,0.0005,0.064,0.02448519,84.63,0.0225,0.0,BTC-27DEC19-22000-C,8295.25,83.49,0.023,6.0,0.026,16.0,85.75,11.06766,-2.39094,3.58156,4e-05,0.10457
256.7,ETH-28JUN19,1560509941837,open,0.0,7477.0,0.001,0.041,0.001909,84.66,0.006,0.0,ETH-28JUN19-190-P,256.22,76.06,0.001,100.0,0.002,100.0,85.37,0.03251,-0.0992,-0.00296,0.00153,-0.02837
8296.19,BTC-28JUN19,1560509941837,open,0.0,1822.6,0.0005,0.041,0.00097398,80.81,0.001,0.0,BTC-28JUN19-6000-P,8295.25,73.53,0.0005,6.0,0.0015,71.0,86.54,0.66007,-1.92203,-0.05468,3e-05,-0.01636
256.22,index_price,1560509941861,open,0.02,303.0,0.001,0.06,0.020599,75.0,0.019,0,ETH-21JUN19-270-C,256.22,69.68,0.018,366.0,0.023,3.0,79.83,0.12636,-0.68916,0.01463,0.01362,0.32368
256.7,ETH-28JUN19,1560509941877,open,0.0,7898.0,0.001,0.043,0.003182,79.95,0.004,0.0,ETH-28JUN19-200-P,256.22,64.7,0.001,895.0,0.004,400.0,84.0,0.04876,-0.14048,-0.00485,0.00243,-0.04657
256.7,ETH-28JUN19,1560509941878,open,0.19,171.0,0.137,0.23,0.183345,81.22,0.268,0.0,ETH-28JUN19-300-P,256.22,49.42,0.171,60.0,0.194,60.0,100.05,0.13256,-0.38796,-0.09765,0.00652,-0.8173
260.35,ETH-27SEP19,1560509941877,open,0.0,190.0,0.001,0.041,0.00099,117.77,0.001,0.0,ETH-27SEP19-60-P,256.22,0.0,0.0,0.0,0.002,150.0,129.74,0.01704,-0.00957,-0.00384,7e-05,-0.00414
256.7,ETH-28JUN19,1560509941878,open,0.38,924.0,0.338,0.417,0.377676,112.76,0.35,0.0,ETH-28JUN19-160-C,256.22,0.0,0.366,60.0,0.387,60.0,175.87,0.01553,-0.0631,0.05957,0.00055,0.98809
260.35,ETH-27SEP19,1560509941880,open,0.6,0.0,0.534,0.66,0.596879,90.24,None,0.0,ETH-27SEP19-400-P,256.22,75.46,0.573,12.0,0.625,12.0,105.61,0.45191,-0.19442,-1.0007,0.00257,-0.74084
260.35,ETH-27SEP19,1560509941880,open,0.01,8200.0,0.001,0.047,0.006931,88.89,0.008,0.0,ETH-27SEP19-120-P,256.22,83.31,0.005,180.0,0.009,330.0,94.01,0.09804,-0.04155,-0.02851,0.00057,-0.03118
256.7,ETH-28JUN19,1560509941890,open,0.61,0.0,0.571,0.65,0.610452,140.0,None,0.0,ETH-28JUN19-100-C,256.22,0.0,0.6,60.0,0.621,60.0,318.74,0.00032,-0.0016,0.038,1e-05,0.99983
256.7,ETH-28JUN19,1560509941890,open,0.3,3454.0,0.26,0.339,0.299761,87.45,0.289,0.0,ETH-28JUN19-180-C,256.22,0.0,0.294,30.0,0.307,30.0,131.93,0.01908,-0.06012,0.06686,0.00087,0.98488
260.35,ETH-27SEP19,1560509941897,open,0.3,1728.0,0.266,0.345,0.305075,87.91,0.32,0.0,ETH-27SEP19-200-C,256.22,73.37,0.283,100.0,0.322,100.0,98.62,0.40582,-0.17008,0.36033,0.00237,0.78676
256.7,ETH-28JUN19,1560509941897,open,0.34,1120.0,0.299,0.378,0.338231,90.76,0.328,0.0,ETH-28JUN19-170-C,256.22,0.0,0.33,30.0,0.347,30.0,153.22,0.01075,-0.03516,0.06382,0.00047,0.99218
8333.16,BTC-27SEP19,1560509941899,open,0.06,505.3,0.0235,0.103,0.06306165,73.29,0.064,0.0,BTC-27SEP19-11000-C,8295.25,71.92,0.0605,4.9,0.065,4.9,74.32,15.64431,-5.46624,5.7907,0.00011,0.30491
8296.15,BTC-28JUN19,1560509941902,open,0.02,576.2,0.0005,0.059,0.0185446,72.17,0.0195,0.0,BTC-28JUN19-7500-P,8295.25,70.32,0.0175,29.0,0.0195,24.0,73.83,4.73315,-12.30843,-0.73825,0.00025,-0.21554
256.7,ETH-28JUN19,1560509941910,open,0.0,10453.0,0.001,0.04,0.000486,128.97,0.001,0.0,ETH-28JUN19-140-P,256.22,0.0,0.0,0.0,0.001,599.0,141.59,0.008,-0.03717,-0.00059,0.00025,-0.0056
260.35,ETH-27SEP19,1560509941918,open,0.35,63.0,0.29,0.397,0.343583,89.0,0.368,0.0,ETH-27SEP19-320-P,256.22,86.81,0.339,36.0,0.351,36.0,92.52,0.54638,-0.23183,-0.68856,0.00315,-0.57687
256.7,ETH-28JUN19,1560509941918,open,0.69,0.0,0.649,0.728,0.688352,140.0,None,0.0,ETH-28JUN19-80-C,256.22,0.0,0.678,60.0,0.699,60.0,387.66,1e-05,-6e-05,0.03041,0.0,0.99999
256.7,ETH-28JUN19,1560509941918,open,0.53,50.0,0.493,0.572,0.532676,140.0,0.547,0.0,ETH-28JUN19-120-C,256.22,0.0,0.522,60.0,0.543,60.0,263.23,0.00279,-0.01409,0.04543,8e-05,0.99826
256.7,ETH-28JUN19,1560509941929,open,0.22,2194.0,0.185,0.264,0.224062,79.95,0.213,0.0,ETH-28JUN19-200-C,256.22,0.0,0.213,90.0,0.233,30.0,112.07,0.04876,-0.14048,0.07118,0.00243,0.95343
8333.16,BTC-27SEP19,1560509941944,open,0.06,154.8,0.017,0.0965,0.05685019,77.07,0.0655,0.0,BTC-27DEC19-15000-C,8295.25,76.22,0.055,4.9,0.0585,14.9,77.82,18.26136,-3.59268,7.47416,6e-05,0.22398
260.35,ETH-27SEP19,1560509941967,open,0.47,81.0,0.408,0.524,0.465744,89.67,0.428,0.0,ETH-27SEP19-360-P,256.22,76.5,0.441,36.0,0.494,36.0,103.81,0.50673,-0.21662,-0.84798,0.0029,-0.66783
8296.15,BTC-28JUN19,1560509941984,open,0.16,846.5,0.124,0.2035,0.16393338,73.79,0.155,0.0,BTC-28JUN19-7000-C,8295.25,56.85,0.159,1.0,0.171,6.0,91.19,2.94446,-7.82926,2.30517,0.00015,0.89484
8296.15,BTC-28JUN19,1560509941984,open,0.0,278.7,0.0005,0.0405,0.00048771,130.1,0.0005,0.0,BTC-28JUN19-4500-P,8295.25,0.0,0.0,0.0,0.001,10.0,142.75,0.25745,-1.20696,-0.0191,1e-05,-0.00557
256.7,ETH-28JUN19,1560509941998,open,0.0,8261.0,0.001,0.04,0.000904,140.0,0.001,0.0,ETH-28JUN19-500-C,256.22,0.0,0.0,0.0,0.002,825.0,154.92,0.01399,-0.07055,0.00094,0.0004,0.01056
256.7,ETH-28JUN19,1560509942012,open,0.1,201.0,0.065,0.144,0.104886,82.03,0.125,0.0,ETH-26JUL19-260-C,256.22,81.37,0.104,120.0,0.11,109.0,85.83,0.34538,-0.33827,0.12727,0.00557,0.53703
256.7,ETH-28JUN19,1560509942016,open,0.0,1214.0,0.001,0.041,0.001005,118.55,0.001,0.0,ETH-28JUN19-440-C,256.22,0.0,0.0,0.0,0.002,450.0,130.15,0.01715,-0.07324,0.0012,0.00058,0.01335
260.35,ETH-27SEP19,1560509942016,open,0.54,47.0,0.507,0.586,0.546013,88.89,0.564,0.0,ETH-27SEP19-120-C,256.22,0.0,0.524,12.0,0.566,12.0,125.04,0.09804,-0.04155,0.31629,0.00057,0.96882
256.7,ETH-28JUN19,1560509942016,open,0.41,60.0,0.348,0.459,0.403748,83.58,0.516,0.0,ETH-28JUN19-360-P,256.22,0.0,0.391,60.0,0.414,60.0,127.16,0.02736,-0.0824,-0.13473,0.00131,-0.97691
8333.16,BTC-27SEP19,1560509942020,open,0.39,56.9,0.3545,0.434,0.39427694,73.61,0.368,0.0,BTC-27DEC19-5500-C,8295.25,64.28,0.379,1.3,0.4105,1.3,82.88,14.17853,-2.66411,20.41837,5e-05,0.85086
256.7,ETH-28JUN19,1560509942028,open,0.45,335.0,0.416,0.495,0.455102,128.97,0.481,0.0,ETH-28JUN19-140-C,256.22,0.0,0.444,60.0,0.465,60.0,216.51,0.008,-0.03717,0.05263,0.00025,0.9944
256.7,ETH-28JUN19,1560509942028,open,0.57,214.0,0.532,0.611,0.571531,140.0,0.552,0.0,ETH-28JUN19-110-C,256.22,0.0,0.561,60.0,0.582,60.0,289.66,0.00105,-0.00528,0.04175,3e-05,0.9994
260.35,ETH-27SEP19,1560509942049,open,0.35,743.0,0.317,0.396,0.35635,87.91,0.337,0.0,ETH-27SEP19-180-C,256.22,69.87,0.335,100.0,0.374,100.0,101.28,0.33133,-0.13886,0.36618,0.00194,0.84586
260.35,ETH-27SEP19,1560509942064,open,0.16,2052.0,0.12,0.199,0.159115,88.52,0.166,0.0,ETH-27SEP19-280-C,256.22,86.12,0.154,216.0,0.162,116.0,89.87,0.55479,-0.23414,0.28001,0.00322,0.53343
256.7,ETH-28JUN19,1560509942072,open,0.65,0.0,0.61,0.689,0.649398,140.0,None,0.0,ETH-28JUN19-90-C,256.22,0.0,0.639,60.0,0.66,60.0,351.11,7e-05,-0.00037,0.03421,0.0,0.99996
256.7,ETH-28JUN19,1560509942080,open,0.0,7876.0,0.001,0.04,0.000483,90.76,0.001,0.0,ETH-28JUN19-170-P,256.22,0.0,0.0,0.0,0.001,200.0,100.23,0.01075,-0.03516,-0.00081,0.00047,-0.00782
260.35,ETH-27SEP19,1560509942090,open,0.1,999.0,0.058,0.137,0.097895,89.59,0.104,0.0,ETH-27SEP19-340-C,256.22,88.16,0.095,248.0,0.101,48.0,91.11,0.52968,-0.22623,0.20812,0.00304,0.3761
260.35,ETH-27SEP19,1560509942090,open,0.06,2086.0,0.021,0.1,0.060486,90.24,0.068,0.0,ETH-27SEP19-400-C,256.22,88.8,0.058,288.0,0.063,48.0,91.68,0.45191,-0.19442,0.14862,0.00257,0.25916
256.7,ETH-28JUN19,1560509942090,open,0.42,481.0,0.377,0.456,0.416145,115.46,0.46,0.0,ETH-28JUN19-150-C,256.22,0.0,0.405,60.0,0.426,60.0,195.55,0.00879,-0.03658,0.05637,0.0003,0.99378
8296.15,BTC-28JUN19,1560509942147,open,0.76,20.1,0.719,0.7985,0.75892548,181.87,0.578,0.0,BTC-28JUN19-2000-C,8295.25,0.0,0.7515,6.0,0.7665,6.0,435.61,0.001,-0.00654,0.76026,0.0,0.99999
260.35,ETH-27SEP19,1560509942160,open,0.41,401.0,0.374,0.453,0.413816,87.91,0.38,0.0,ETH-27SEP19-160-C,256.22,65.94,0.396,30.0,0.433,42.0,106.3,0.24894,-0.10433,0.36201,0.00145,0.89774
256.7,ETH-28JUN19,1560509942187,open,0.26,576.0,0.222,0.301,0.261745,84.66,0.233,0.0,ETH-28JUN19-190-C,256.22,0.0,0.251,60.0,0.272,60.0,128.99,0.03251,-0.09918,0.06927,0.00153,0.97163
260.35,ETH-27SEP19,1560509942201,open,0.08,1434.0,0.043,0.122,0.08299,89.67,0.084,0.0,ETH-27SEP19-360-C,256.22,88.13,0.08,282.0,0.086,48.0,91.21,0.50673,-0.21662,0.18641,0.0029,0.33217
8296.15,BTC-28JUN19,1560509942206,open,0.04,22.2,0.0005,0.0765,0.03651816,74.26,0.0365,0.0,BTC-26JUL19-10000-C,8295.25,72.89,0.035,7.0,0.038,19.3,75.58,9.26807,-8.21763,2.20951,0.00016,0.26866
260.35,ETH-27SEP19,1560509942209,open,0.07,1448.0,0.031,0.11,0.070864,90.0,0.079,0.0,ETH-27SEP19-380-C,256.22,88.44,0.068,285.0,0.074,48.0,91.69,0.48053,-0.20619,0.1667,0.00274,0.2937
260.35,ETH-27SEP19,1560509942248,open,0.62,0.0,0.579,0.658,0.6184,89.46,None,0.0,ETH-27SEP19-100-C,256.22,0.0,0.597,12.0,0.639,12.0,143.28,0.0458,-0.01953,0.27596,0.00026,0.9873
256.7,ETH-28JUN19,1560509942248,open,0.03,1789.0,0.001,0.069,0.029975,80.82,0.028,0.0,ETH-28JUN19-280-C,256.22,77.97,0.028,120.0,0.032,240.0,83.72,0.17858,-0.52011,0.02813,0.00882,0.31828
260.35,ETH-27SEP19,1560509942248,open,0.41,31.0,0.348,0.459,0.403829,89.59,0.368,0.0,ETH-27SEP19-340-P,256.22,76.61,0.378,36.0,0.432,36.0,103.21,0.52968,-0.22623,-0.76881,0.00304,-0.6239
256.22,index_price,1560509942250,open,0.22,0.0,0.181,0.26,0.220382,90.75,None,0,ETH-21JUN19-200-C,256.22,0.0,0.212,60.0,0.231,60.0,156.16,0.01712,-0.11299,0.03666,0.00153,0.97987
256.7,ETH-28JUN19,1560509942274,open,0.0,1541.0,0.001,0.04,0.0,140.0,0.001,0.0,ETH-28JUN19-80-P,256.22,0.0,0.0,0.0,0.001,114.0,259.67,1e-05,-6e-05,0.0,0.0,-1e-05
256.7,ETH-28JUN19,1560509942274,open,0.72,60.0,0.647,0.783,0.715068,118.55,0.85,0.0,ETH-28JUN19-440-P,256.22,0.0,0.701,60.0,0.726,60.0,178.89,0.01715,-0.07324,-0.16606,0.00058,-0.98665
256.7,ETH-28JUN19,1560509942308,open,0.0,0.085,0.164,0.124896,79.95,None,0.0,ETH-28JUN19-230-C,256.22,72.99,0.121,100.0,0.126,60.0,81.87,0.14701,-0.42352,0.06423,0.00734,0.78304
260.35,ETH-27SEP19,1560509942320,open,0.22,2213.0,0.181,0.26,0.220681,87.91,0.19,0.0,ETH-27SEP19-240-C,256.22,84.52,0.214,100.0,0.224,136.0,89.6,0.51222,-0.21468,0.32751,0.00299,0.65848
256.7,ETH-28JUN19,1560509942320,open,0.19,771.0,0.149,0.228,0.188493,79.95,0.153,0.0,ETH-28JUN19-210-C,256.22,0.0,0.177,60.0,0.196,100.0,100.59,0.07854,-0.22625,0.0708,0.00392,0.91405
260.35,ETH-27SEP19,1560509942320,open,0.24,626.0,0.186,0.283,0.23459,88.52,0.247,0.0,ETH-27SEP19-280-P,256.22,86.84,0.231,100.0,0.241,136.0,91.53,0.55479,-0.23414,-0.52451,0.00322,-0.46657
256.7,ETH-28JUN19,1560509942321,open,0.0,4769.0,0.001,0.04,0.000148,140.0,0.001,0.0,ETH-28JUN19-120-P,256.22,0.0,0.0,0.0,0.001,199.0,174.11,0.00279,-0.01409,-0.00018,8e-05,-0.00174
8296.15,BTC-28JUN19,1560509942345,open,0.61,0.1,0.5685,0.648,0.60826142,137.01,0.395,0.0,BTC-28JUN19-3250-C,8295.25,0.0,0.601,6.0,0.6155,6.0,292.37,0.00851,-0.04204,1.23505,0.0,0.99986
8333.16,BTC-27SEP19,1560509942345,open,0.25,95.6,0.211,0.2905,0.25094473,71.81,0.2675,0.0,BTC-27DEC19-7500-C,8295.25,65.94,0.2355,5.0,0.2665,5.0,77.75,21.87553,-4.01015,19.11635,8e-05,0.67842
256.7,ETH-28JUN19,1560509942349,open,0.16,1522.0,0.116,0.195,0.155205,79.95,0.154,0.0,ETH-28JUN19-220-C,256.22,49.25,0.145,100.0,0.163,100.0,96.25,0.11292,-0.32532,0.0685,0.00564,0.85717
256.7,ETH-28JUN19,1560509942352,open,0.0,0.001,0.044,0.004913,83.58,None,0.0,ETH-28JUN19-330-C,256.22,79.99,0.004,120.0,0.006,400.0,87.43,0.06879,-0.20719,0.00656,0.00329,0.07216
256.7,ETH-28JUN19,1560509942399,open,0.08,3.0,0.038,0.117,0.077868,83.67,0.091,0.0,ETH-26JUL19-280-C,256.22,80.77,0.074,238.0,0.082,118.0,86.77,0.34219,-0.34187,0.10504,0.00541,0.43453
8296.15,BTC-28JUN19,1560509942412,open,0.58,0.8,0.505,0.63,0.56748553,93.15,2.171,0.0,BTC-28JUN19-13000-P,8295.25,0.0,0.559,6.0,0.575,6.0,143.6,0.37803,-1.26894,-4.91644,2e-05,-0.99139
8333.15,BTC-27SEP19,1560509942412,open,0.19,75.1,0.137,0.231,0.18393801,71.81,0.183,0.0,BTC-27DEC19-8000-P,8295.25,70.57,0.1805,9.9,0.187,4.9,72.92,22.98123,-4.21275,-24.62449,9e-05,-0.36671
8333.15,BTC-27SEP19,1560509942422,open,0.0,420.5,0.0005,0.0405,0.00074328,110.56,0.0005,0.0,BTC-27SEP19-2000-P,8295.25,0.0,0.0,0.0,0.0015,16.0,121.14,0.45994,-0.24242,-0.09971,0.0,-0.00342
8333.15,BTC-27SEP19,1560509942422,open,0.7,55.9,0.661,0.7405,0.70051636,89.98,0.689,0.0,BTC-27SEP19-2500-C,8295.25,0.0,0.685,1.3,0.715,1.3,157.45,0.42056,-0.18041,7.09659,0.0,0.9969
8296.15,BTC-28JUN19,1560509942422,open,0.0,539.6,0.0005,0.04,0.0001519,135.0,0.0005,0.0,BTC-28JUN19-4000-P,8295.25,0.0,0.0,0.0,0.0005,13.4,153.5,0.09543,-0.46421,-0.00631,0.0,-0.00185
8296.15,BTC-28JUN19,1560509942422,open,0.27,1692.9,0.238,0.3175,0.27775044,80.85,0.239,0.0,BTC-28JUN19-6000-C,8295.25,0.0,0.271,6.0,0.2845,6.0,120.87,0.66165,-1.9277,2.2261,3e-05,0.98359
8333.15,BTC-27SEP19,1560509942422,open,0.12,67.2,0.0765,0.166,0.12124532,71.91,0.1535,0.0,BTC-27DEC19-7000-P,8295.25,70.99,0.119,4.9,0.124,4.9,73.03,20.41086,-3.74663,-17.77117,8e-05,-0.27615
256.22,index_price,1560509942424,open,0.0,313.0,0.001,0.04,0.000961,90.75,0.002,0,ETH-21JUN19-200-P,256.22,0.0,0.0,0.0,0.002,549.0,102.95,0.01712,-0.11299,-0.00102,0.00153,-0.02013
8333.15,BTC-27SEP19,1560509942476,open,2.16,0.0,2.0125,2.263,2.13758208,88.44,None,0.0,BTC-27DEC19-26000-P,8295.25,0.0,2.1095,1.3,2.168,1.3,109.97,8.73103,-1.97108,-136.91135,3e-05,-0.92398
8296.15,BTC-28JUN19,1560509942479,open,0.82,33.8,0.7795,0.859,0.81919411,214.98,0.7145,0.0,BTC-28JUN19-1500-C,8295.25,0.0,0.8115,6.0,0.827,6.0,500.0,0.00065,-0.00504,0.5702,0.0,0.99999
8296.15,BTC-28JUN19,1560509942510,open,0.12,4.0,0.0675,0.156,0.1116218,72.45,0.118,0.0,BTC-26JUL19-8500-P,8295.25,70.51,0.109,14.4,0.114,14.4,74.21,11.20723,-9.69498,-5.73112,0.0002,-0.49051
8333.15,BTC-27SEP19,1560509942510,open,0.7,0.0,0.665,0.7445,0.70499695,91.28,None,0.0,BTC-27DEC19-2500-C,8295.25,0.0,0.6875,1.3,0.7225,1.3,128.12,2.49395,-0.58109,12.4596,1e-05,0.98361
8333.15,BTC-27SEP19,1560509942522,open,0.02,76.8,0.0005,0.0605,0.02058659,86.66,0.0145,0.0,BTC-27DEC19-24000-C,8295.25,85.28,0.019,6.0,0.022,16.0,87.83,9.80431,-2.1687,3.04482,3e-05,0.08867
8296.15,BTC-28JUN19,1560509942533,open,1.42,0.4,1.3145,1.507,1.41078898,132.07,5.076,0.0,BTC-28JUN19-20000-P,8295.25,0.0,1.3995,6.0,1.421,6.0,249.21,0.02895,-0.1378,-7.60163,0.0,-0.9995
8333.15,BTC-27SEP19,1560509942533,open,0.01,168.7,0.0005,0.048,0.00786682,85.6,0.0095,0.0,BTC-27DEC19-3000-P,8295.25,83.58,0.007,6.0,0.009,1.0,88.07,3.68936,-0.80611,-1.51542,1e-05,-0.02602
8333.15,BTC-27SEP19,1560509942533,open,1.92,0.0,1.785,2.0165,1.90063612,86.64,None,0.0,BTC-27DEC19-24000-P,8295.25,0.0,1.874,1.3,1.929,1.3,105.53,9.80074,-2.16762,-125.75148,3e-05,-0.91137
256.7,ETH-28JUN19,1560509942544,open,0.0,648.0,0.001,0.041,0.001003,134.4,0.001,0.0,ETH-28JUN19-480-C,256.22,0.0,0.0,0.0,0.002,450.0,147.11,0.01563,-0.07568,0.00107,0.00046,0.01199
8296.15,BTC-28JUN19,1560509942544,open,0.0,850.0,0.0005,0.04,2.03e-06,135.0,0.0005,0.0,BTC-28JUN19-3000-P,8295.25,0.0,0.0,0.0,0.0005,10.0,209.56,0.0022,-0.0107,-0.00011,0.0,-3e-05
256.7,ETH-28JUN19,1560509942553,open,0.0,0.001,0.061,0.020883,79.95,None,0.0,ETH-28JUN19-230-P,256.22,76.62,0.019,120.0,0.021,240.0,80.15,0.14701,-0.42352,-0.02321,0.00734,-0.21696
8333.15,BTC-27SEP19,1560509942579,open,0.5,6.1,0.427,0.5455,0.48617837,74.34,1.781,0.0,BTC-27SEP19-12000-P,8295.25,66.64,0.474,1.3,0.5055,1.3,85.43,13.79246,-4.88856,-29.90878,9e-05,-0.76295
256.22,index_price,1560509942590,open,0.18,0.0,0.142,0.221,0.181844,80.78,None,0,ETH-21JUN19-210-C,256.22,0.0,0.174,60.0,0.193,60.0,136.85,0.02536,-0.14899,0.03794,0.00254,0.96781
8333.15,BTC-27SEP19,1560509942592,open,0.0,602.2,0.0005,0.0415,0.00172783,89.89,0.002,0.0,BTC-27SEP19-3000-P,8295.25,83.35,0.001,15.0,0.0025,7.0,95.08,1.09732,-0.47028,-0.25949,1e-05,-0.00911
8296.15,BTC-28JUN19,1560509942592,open,0.46,216.2,0.4185,0.498,0.45807005,130.19,0.435,0.0,BTC-28JUN19-4500-C,8295.25,0.0,0.4505,6.0,0.465,6.0,202.02,0.25842,-1.21228,1.69152,1e-05,0.99441
256.7,ETH-28JUN19,1560509942592,open,0.0,0.239,0.342,0.29046,83.58,None,0.0,ETH-28JUN19-330-P,256.22,0.0,0.278,60.0,0.301,60.0,112.32,0.06879,-0.20719,-0.11889,0.00329,-0.92784
8296.15,BTC-28JUN19,1560509942592,open,0.01,1339.9,0.0005,0.0475,0.00791934,75.7,0.006,0.0,BTC-28JUN19-10000-C,8295.25,73.23,0.007,30.0,0.009,40.0,78.45,3.17207,-8.65265,0.34299,0.00016,0.11667
8333.15,BTC-27SEP19,1560509942592,open,0.0,47.8,0.0005,0.0425,0.00256189,88.5,0.0025,0.0,BTC-27SEP19-3250-P,8295.25,81.62,0.0015,21.0,0.0035,6.0,93.19,1.50909,-0.63671,-0.37594,1e-05,-0.01314
8333.15,BTC-27SEP19,1560509942592,open,0.31,63.1,0.2755,0.355,0.31546436,72.34,0.311,0.0,BTC-27DEC19-6500-C,8295.25,64.9,0.299,1.3,0.3315,1.3,79.48,18.60581,-3.43594,20.25747,7e-05,0.76845
256.22,index_price,1560509942594,open,0.01,1153.0,0.001,0.046,0.006126,75.1,0.006,0,ETH-21JUN19-290-C,256.22,66.89,0.004,448.0,0.007,400.0,78.1,0.07242,-0.39546,0.00574,0.0078,0.12506
8296.15,BTC-28JUN19,1560509942603,open,0.64,43.6,0.5985,0.678,0.63839025,139.99,0.6755,0.0,BTC-28JUN19-3000-C,8295.25,0.0,0.631,6.0,0.646,6.0,318.16,0.00371,-0.01869,1.14028,0.0,0.99994
8333.15,BTC-27SEP19,1560509942603,open,0.58,261.1,0.5435,0.623,0.58332372,85.74,0.549,0.0,BTC-27SEP19-3500-C,8295.25,0.0,0.5675,1.3,0.5965,1.3,120.03,1.89455,-0.77446,9.56686,1e-05,0.98288
8333.15,BTC-27SEP19,1560509942621,open,0.06,63.9,0.0125,0.096,0.05428766,73.61,0.07,0.0,BTC-27DEC19-5500-P,8295.25,72.85,0.053,6.0,0.055,0.1,74.03,14.17835,-2.66401,-9.09689,5e-05,-0.14913
8296.15,BTC-28JUN19,1560509942639,open,0.15,13.0,0.109,0.1885,0.14866939,72.46,0.1375,0.0,BTC-26JUL19-7500-C,8295.25,65.0,0.14,7.0,0.159,7.0,81.21,9.72198,-8.41169,5.27848,0.00017,0.70325
260.35,ETH-27SEP19,1560509942714,open,0.02,907.0,0.001,0.064,0.024011,91.22,0.022,0.0,ETH-27SEP19-520-C,256.22,88.34,0.021,210.0,0.027,60.0,93.92,0.28071,-0.12208,0.07251,0.00158,0.12094
8295.25,index_price,1560509942744,open,0.03,156.6,0.0005,0.0665,0.02657122,67.92,0.026,0,BTC-21JUN19-8500-C,8295.25,65.91,0.0255,18.0,0.028,0.1,70.58,4.4383,-21.92061,0.60681,0.0005,0.4149
8296.15,BTC-28JUN19,1560509942752,open,0.01,10.1,0.0005,0.05,0.0100301,74.46,0.012,0.0,BTC-26JUL19-6000-P,8295.25,72.35,0.009,31.0,0.011,34.5,76.36,4.14348,-3.6838,-0.84871,7e-05,-0.07914
256.22,index_price,1560509942766,open,0.0,108.0,0.001,0.041,0.001453,80.78,0.003,0,ETH-21JUN19-210-P,256.22,0.0,0.0,0.0,0.003,550.0,93.3,0.02536,-0.14899,-0.00162,0.00254,-0.03219
8296.15,BTC-28JUN19,1560509942766,open,0.25,0.0,0.1925,0.2915,0.24189074,74.25,None,0.0,BTC-26JUL19-10000-P,8295.25,63.1,0.23,4.9,0.2525,4.9,83.47,9.26772,-8.21675,-9.26342,0.00016,-0.73136
8295.25,index_price,1560509942783,open,0.0,103.1,0.0005,0.0415,0.00196837,78.38,0.0015,0,BTC-21JUN19-10000-C,8295.25,74.57,0.0015,199.0,0.0025,56.5,82.12,1.10079,-6.27407,0.069,0.00011,0.04612
256.7,ETH-28JUN19,1560509942793,open,0.06,6.0,0.017,0.096,0.056117,84.0,0.068,0.0,ETH-26JUL19-300-C,256.22,81.48,0.053,277.0,0.06,278.0,87.1,0.31948,-0.32041,0.08434,0.00503,0.34251
256.7,ETH-28JUN19,1560509942795,open,0.87,120.0,0.797,0.945,0.87089,134.4,1.018,0.0,ETH-28JUN19-480-P,256.22,0.0,0.857,60.0,0.882,60.0,200.12,0.01563,-0.07568,-0.1814,0.00046,-0.98801
8295.25,index_price,1560509942833,open,0.16,2.7,0.1185,0.198,0.15809253,74.97,0.146,0,BTC-21JUN19-7000-C,8295.25,0.0,0.153,6.0,0.164,6.0,105.41,1.06822,-5.82373,1.24615,0.00011,0.95557
8296.14,BTC-28JUN19,1560509942933,open,0.04,119.2,0.0055,0.085,0.04515458,71.94,0.04,0.0,BTC-28JUN19-8500-C,8295.25,70.44,0.044,5.0,0.047,18.0,74.32,6.41898,-16.63929,1.30521,0.00034,0.459
260.35,ETH-27SEP19,1560509942943,open,0.01,2892.0,0.001,0.054,0.014154,92.71,0.012,0.0,ETH-27SEP19-600-C,256.22,88.31,0.011,210.0,0.016,60.0,95.04,0.19984,-0.08833,0.04637,0.00111,0.07614
256.22,index_price,1560509942992,open,0.0,1073.0,0.001,0.043,0.003045,75.1,0.005,0,ETH-21JUN19-300-C,256.22,60.57,0.001,300.0,0.004,400.0,79.94,0.047,-0.25664,0.00321,0.00506,0.06957
256.7,ETH-28JUN19,1560509942992,open,0.23,0.0,0.176,0.273,0.224796,84.0,None,0.0,ETH-26JUL19-300-P,256.22,45.23,0.182,144.0,0.258,144.0,109.83,0.31948,-0.32041,-0.25984,0.00503,-0.65749
8296.14,BTC-28JUN19,1560509943014,open,0.06,6.0,0.026,0.1055,0.06586697,73.18,0.064,0.0,BTC-26JUL19-9000-C,8295.25,71.77,0.064,7.0,0.0675,14.4,74.41,10.97822,-9.59273,3.36061,0.00019,0.41895
256.7,ETH-28JUN19,1560509943038,open,0.0,0.008,0.091,0.049142,79.95,None,0.0,ETH-28JUN19-250-P,256.22,77.11,0.047,100.0,0.051,240.0,82.41,0.19364,-0.55787,-0.04405,0.00967,-0.40222
256.7,ETH-28JUN19,1560509943086,open,0.38,0.0,0.341,0.42,0.380841,82.7,None,0.0,ETH-26JUL19-160-C,256.22,0.0,0.354,48.0,0.412,48.0,146.93,0.06528,-0.06446,0.17239,0.00104,0.96621
256.22,index_price,1560509943095,open,0.3,0.0,0.259,0.338,0.29836,121.94,None,0,ETH-21JUN19-180-C,256.22,0.0,0.289,60.0,0.308,60.0,199.02,0.01266,-0.11226,0.03318,0.00084,0.98586
256.22,index_price,1560509943173,open,0.17,0.0,0.127,0.22,0.173914,75.1,None,0,ETH-21JUN19-300-P,256.22,0.0,0.161,60.0,0.182,60.0,106.02,0.047,-0.25664,-0.0533,0.00506,-0.93043
256.22,index_price,1560509943184,open,0.0,4.0,0.001,0.04,0.000881,121.94,0.001,0,ETH-21JUN19-180-P,256.22,0.0,0.0,0.0,0.002,250.0,139.0,0.01266,-0.11226,-0.00073,0.00084,-0.01414
8333.15,BTC-27SEP19,1560509943187,open,0.01,259.9,0.0005,0.047,0.0072999,85.14,0.007,0.0,BTC-27SEP19-20000-C,8295.25,82.45,0.006,6.0,0.0085,21.0,87.37,4.27105,-1.73358,0.91442,3e-05,0.04549
8296.14,BTC-28JUN19,1560509943227,open,0.07,245.0,0.027,0.1125,0.06972248,71.93,0.0685,0.0,BTC-28JUN19-8500-P,8295.25,69.06,0.0675,23.0,0.071,0.1,73.58,6.41896,-16.63777,-1.92613,0.00034,-0.54101
8295.25,index_price,1560509943284,open,0.21,5.9,0.1595,0.2555,0.20747755,78.38,0.2135,0,BTC-21JUN19-10000-P,8295.25,0.0,0.2005,6.0,0.2125,6.0,104.04,1.10079,-6.27411,-1.81475,0.00011,-0.95388
8296.14,BTC-28JUN19,1560509943286,open,0.23,0.0,0.1955,0.275,0.23514405,73.04,None,0.0,BTC-26JUL19-6500-C,8295.25,62.44,0.228,5.0,0.245,5.0,85.62,6.05527,-5.28108,6.00899,0.0001,0.86647
8296.14,BTC-28JUN19,1560509943298,open,0.03,4.1,0.0005,0.0665,0.02697501,74.82,0.027,0.0,BTC-26JUL19-10500-C,8295.25,73.3,0.0255,26.3,0.0275,2.0,75.35,8.12125,-7.2548,1.75159,0.00014,0.211
8295.25,index_price,1560509943314,open,0.06,28.9,0.0095,0.093,0.05125413,67.92,0.0475,0,BTC-21JUN19-8500-P,8295.25,64.63,0.0495,18.0,0.0535,18.0,72.11,4.4383,-21.92069,-0.99438,0.0005,-0.5851
8295.25,index_price,1560509943321,open,0.0,210.8,0.0005,0.042,0.00194889,74.97,0.0025,0,BTC-21JUN19-7000-P,8295.25,66.2,0.001,30.0,0.0025,40.0,78.96,1.06821,-5.82359,-0.07248,0.00011,-0.04443
256.22,index_price,1560509943331,open,0.29,60.0,0.238,0.34,0.288956,89.44,0.286,0,ETH-21JUN19-330-P,256.22,0.0,0.276,60.0,0.296,60.0,134.0,0.01898,-0.12348,-0.06111,0.00172,-0.97725
8333.15,BTC-27SEP19,1560509943341,open,0.01,308.1,0.0005,0.045,0.00535508,87.79,0.004,0.0,BTC-27SEP19-22000-C,8295.25,84.1,0.004,6.0,0.0065,21.0,90.46,3.35335,-1.40347,0.68089,2e-05,0.03379
256.22,index_price,1560509943350,open,0.0,404.0,0.001,0.041,0.001463,75.41,0.004,0,ETH-21JUN19-310-C,256.22,0.0,0.0,0.0,0.002,100.0,79.82,0.02831,-0.15522,0.00171,0.00304,0.03679
256.7,ETH-28JUN19,1560509943353,open,0.0,0.001,0.043,0.003222,83.58,None,0.0,ETH-28JUN19-340-C,256.22,68.69,0.001,300.0,0.004,400.0,87.21,0.05177,-0.15593,0.00458,0.00247,0.05019
256.7,ETH-28JUN19,1560509943378,open,0.0,0.001,0.043,0.003222,83.58,None,0.0,ETH-28JUN19-340-C,256.22,68.69,0.001,420.0,0.004,400.0,87.21,0.05177,-0.15593,0.00458,0.00247,0.05019
256.22,index_price,1560509943382,open,0.11,132.0,0.071,0.15,0.110148,76.4,0.125,0,ETH-21JUN19-230-C,256.22,72.52,0.109,60.0,0.114,60.0,88.16,0.07813,-0.43403,0.03621,0.00827,0.86038
8333.15,BTC-27SEP19,1560509943394,open,0.01,10.0,0.0005,0.052,0.01215647,93.74,0.0285,0.0,BTC-27DEC19-32000-C,8295.25,92.23,0.011,6.0,0.0135,17.0,95.38,6.59843,-1.57885,1.82825,2e-05,0.05304
256.7,ETH-28JUN19,1560509943471,open,0.0,0.002,0.081,0.041452,80.36,None,0.0,ETH-28JUN19-270-C,256.22,77.11,0.039,120.0,0.044,180.0,83.73,0.19381,-0.56126,0.03534,0.00963,0.4036
256.7,ETH-28JUN19,1560509943479,open,0.31,0.0,0.27,0.349,0.309828,82.03,None,0.0,ETH-26JUL19-180-C,256.22,0.0,0.283,48.0,0.341,48.0,128.72,0.1272,-0.12459,0.18019,0.00205,0.92168
260.35,ETH-27SEP19,1560509943498,open,1.03,12.0,0.941,1.102,1.021322,91.22,1.193,0.0,ETH-27SEP19-520-P,256.22,60.54,1.0,12.0,1.051,12.0,113.86,0.28071,-0.12208,-1.42161,0.00158,-0.87906
8296.14,BTC-28JUN19,1560509943514,open,0.15,0.0,0.105,0.1965,0.15070357,73.18,None,0.0,BTC-26JUL19-9000-P,8295.25,70.75,0.1475,14.4,0.1525,14.4,74.53,10.97816,-9.59217,-6.96494,0.00019,-0.58106
256.7,ETH-28JUN19,1560509943563,open,0.0,0.275,0.38,0.327725,83.58,None,0.0,ETH-28JUN19-340-P,256.22,0.0,0.315,60.0,0.338,60.0,116.44,0.05177,-0.15593,-0.12467,0.00247,-0.94981
256.22,index_price,1560509943563,open,0.01,279.0,0.001,0.048,0.007814,76.4,0.01,0,ETH-21JUN19-230-P,256.22,70.16,0.006,300.0,0.01,543.0,83.26,0.07813,-0.43403,-0.00712,0.00827,-0.13962
8296.14,BTC-28JUN19,1560509943570,open,0.01,255.4,0.0005,0.054,0.01430256,73.81,0.014,0.0,BTC-28JUN19-9500-C,8295.25,72.29,0.0135,29.0,0.0145,10.0,74.18,4.42161,-11.76079,0.56129,0.00023,0.19227
256.22,index_price,1560509943632,open,0.21,30.0,0.163,0.259,0.211361,75.41,0.203,0,ETH-21JUN19-310-P,256.22,0.0,0.199,60.0,0.219,60.0,113.34,0.02831,-0.15522,-0.05669,0.00304,-0.96321
8295.25,index_price,1560509943641,open,0.0,60.5,0.0005,0.0405,0.00067689,79.6,0.001,0,BTC-21JUN19-10500-C,8295.25,0.0,0.0,0.0,0.0015,40.0,89.98,0.49792,-2.88225,0.02667,5e-05,0.01775
8296.14,BTC-28JUN19,1560509943688,open,0.11,13.6,0.075,0.1545,0.11481058,72.45,0.116,0.0,BTC-26JUL19-8000-C,8295.25,71.83,0.114,7.0,0.117,14.4,74.14,10.80673,-9.34904,4.68213,0.00019,0.60673
256.7,ETH-28JUN19,1560509943713,open,0.38,924.0,0.338,0.417,0.377676,112.76,0.35,0.0,ETH-28JUN19-160-C,256.22,0.0,0.367,60.0,0.387,60.0,175.87,0.01553,-0.0631,0.05957,0.00055,0.98809
260.35,ETH-27SEP19,1560509943733,open,1.33,27.0,1.226,1.411,1.318744,92.71,1.519,0.0,ETH-27SEP19-600-P,256.22,0.0,1.295,12.0,1.351,12.0,122.46,0.19984,-0.08833,-1.67761,0.00111,-0.92386
256.22,index_price,1560509943735,open,0.08,4.0,0.04,0.119,0.079024,74.7,0.078,0,ETH-21JUN19-240-C,256.22,72.31,0.078,60.0,0.082,70.0,81.48,0.11064,-0.60103,0.03261,0.01198,0.75463
256.7,ETH-28JUN19,1560509943765,open,0.0,0.05,0.136,0.093263,80.36,None,0.0,ETH-28JUN19-270-P,256.22,76.03,0.09,100.0,0.093,1.0,80.02,0.19381,-0.56126,-0.0673,0.00963,-0.5964
256.7,ETH-28JUN19,1560509943792,open,0.35,0.0,0.299,0.406,0.352846,84.63,None,0.0,ETH-26JUL19-340-P,256.22,0.0,0.316,48.0,0.378,48.0,108.45,0.24435,-0.24692,-0.33915,0.00382,-0.79873
256.22,index_price,1560509943805,open,0.0,15.0,0.001,0.041,0.001003,80.36,0.002,0,ETH-21JUN19-320-C,256.22,0.0,0.0,0.0,0.002,550.0,90.25,0.02054,-0.12004,0.00116,0.00207,0.02498
8295.25,index_price,1560509943818,open,0.1,17.6,0.063,0.1425,0.10298384,70.64,0.1,0,BTC-21JUN19-7500-C,8295.25,47.48,0.0975,6.0,0.109,6.0,88.43,2.51328,-12.91085,1.18556,0.00027,0.86169
8295.25,index_price,1560509943841,open,0.01,160.9,0.0005,0.051,0.01100141,69.95,0.0105,0,BTC-21JUN19-9000-C,8295.25,67.39,0.01,24.0,0.011,0.5,69.94,3.29456,-16.75779,0.31323,0.00036,0.21146
8296.13,BTC-28JUN19,1560509943843,open,0.02,23.0,0.0005,0.059,0.01863755,73.04,0.019,0.0,BTC-26JUL19-6500-P,8295.25,71.46,0.0175,31.0,0.0195,10.5,74.21,6.0549,-5.28041,-1.44818,0.0001,-0.13351
8296.13,BTC-28JUN19,1560509943857,open,0.3,0.0,0.241,0.344,0.29262036,74.81,None,0.0,BTC-26JUL19-10500-P,8295.25,62.47,0.2815,4.9,0.3025,4.9,84.43,8.12076,-7.25388,-10.295,0.00014,-0.78902
256.7,ETH-28JUN19,1560509943859,open,0.24,0.0,0.206,0.285,0.245441,82.03,None,0.0,ETH-26JUL19-200-C,256.22,0.0,0.218,48.0,0.276,148.0,116.5,0.20256,-0.19839,0.1781,0.00327,0.85019
8296.13,BTC-28JUN19,1560509943876,open,0.17,23.1,0.1135,0.2055,0.15941023,73.81,0.175,0.0,BTC-28JUN19-9500-P,8295.25,60.59,0.153,5.0,0.163,5.0,80.31,4.42114,-11.75824,-3.05028,0.00023,-0.80776
8333.14,BTC-27SEP19,1560509943880,open,2.88,0.0,2.6985,3.006,2.85222708,93.71,None,0.0,BTC-27DEC19-32000-P,8295.25,0.0,2.819,1.3,2.8885,1.3,122.74,6.5923,-1.57699,-169.90033,2e-05,-0.94702
8333.14,BTC-27SEP19,1560509943903,open,1.42,0.0,1.3115,1.5035,1.40734402,85.11,None,0.0,BTC-27SEP19-20000-P,8295.25,0.0,1.393,1.3,1.4345,1.3,116.77,4.26693,-1.73146,-56.55274,3e-05,-0.95456
8295.25,index_price,1560509943906,open,0.27,2.9,0.2375,0.317,0.27717543,103.88,0.2535,0,BTC-21JUN19-6000-C,8295.25,0.0,0.2715,6.0,0.2825,6.0,160.25,0.29174,-2.2039,1.11456,2e-05,0.99044
8333.14,BTC-27SEP19,1560509943929,open,0.02,19.0,0.0005,0.0555,0.01554555,90.55,0.0155,0.0,BTC-27DEC19-28000-C,8295.25,88.89,0.014,6.0,0.017,16.0,92.04,7.96234,-1.84053,2.31973,2e-05,0.06742
256.22,index_price,1560509943931,open,0.02,181.0,0.001,0.056,0.015719,74.7,0.019,0,ETH-21JUN19-240-P,256.22,68.28,0.013,368.0,0.018,369.0,79.91,0.11064,-0.60103,-0.0126,0.01198,-0.24537
256.7,ETH-28JUN19,1560509943981,open,0.02,1560.0,0.001,0.06,0.020327,85.41,0.017,0.0,ETH-26JUL19-360-C,256.22,83.72,0.019,296.0,0.023,636.0,88.67,0.20525,-0.2093,0.03902,0.00318,0.15281
260.35,ETH-27SEP19,1560509944014,open,0.0,1744.0,0.001,0.042,0.002731,110.37,0.002,0.0,ETH-27SEP19-80-P,256.22,0.0,0.0,0.0,0.004,150.0,117.61,0.04043,-0.02127,-0.01027,0.00019,-0.011
8295.25,index_price,1560509944030,open,0.27,2.1,0.216,0.317,0.26646153,79.6,0.2735,0,BTC-21JUN19-10500-P,8295.25,0.0,0.26,6.0,0.272,6.0,119.49,0.49792,-2.88225,-1.95127,5e-05,-0.98225
8333.14,BTC-27SEP19,1560509944042,open,0.0,201.7,0.0005,0.044,0.00401652,90.08,0.004,0.0,BTC-27SEP19-24000-C,8295.25,86.59,0.003,7.0,0.005,21.0,92.94,2.66578,-1.14486,0.51754,1e-05,0.02563
256.7,ETH-28JUN19,1560509944050,open,0.02,300.0,0.001,0.065,0.02456,82.03,0.026,0.0,ETH-26JUL19-200-P,256.22,74.71,0.019,383.0,0.025,243.0,82.58,0.20256,-0.19839,-0.05135,0.00327,-0.14981
256.22,index_price,1560509944122,open,0.05,33.0,0.014,0.093,0.053085,73.57,0.07,0,ETH-21JUN19-250-C,256.22,71.5,0.052,94.0,0.057,50.0,81.01,0.13436,-0.71882,0.02715,0.01477,0.61557
8296.13,BTC-28JUN19,1560509944164,open,0.05,6.3,0.009,0.0885,0.04869653,73.3,0.0485,0.0,BTC-26JUL19-9500-C,8295.25,72.33,0.0475,7.0,0.05,0.3,74.35,10.25683,-8.97656,2.74063,0.00018,0.33664
8296.13,BTC-28JUN19,1560509944172,open,0.34,0.0,0.3025,0.382,0.34208399,76.53,None,0.0,BTC-26JUL19-5500-C,8295.25,0.0,0.332,4.9,0.3525,4.9,101.06,2.57506,-2.35318,5.85129,4e-05,0.95685
8296.13,BTC-28JUN19,1560509944177,open,0.0,248.6,0.0005,0.044,0.00407593,76.47,0.004,0.0,BTC-28JUN19-10500-C,8295.25,74.07,0.0035,30.0,0.0045,10.5,78.11,2.07737,-5.72392,0.19555,0.0001,0.06608
256.7,ETH-28JUN19,1560509944204,open,0.42,0.0,0.366,0.479,0.422743,85.41,None,0.0,ETH-26JUL19-360-P,256.22,0.0,0.385,48.0,0.447,48.0,111.3,0.20525,-0.2093,-0.374,0.00318,-0.84719
8296.13,BTC-28JUN19,1560509944217,open,0.08,17.7,0.036,0.122,0.0791111,72.45,0.084,0.0,BTC-26JUL19-8000-P,8295.25,70.45,0.0765,24.3,0.0805,10.0,73.52,10.80673,-9.34865,-4.49608,0.00019,-0.39327
260.35,ETH-27SEP19,1560509944238,open,0.0,4106.0,0.001,0.042,0.002498,89.46,0.004,0.0,ETH-27SEP19-100-P,256.22,78.38,0.001,161.0,0.004,150.0,96.8,0.0458,-0.01953,-0.01137,0.00026,-0.0127
8296.15,BTC-28JUN19,1560509944257,open,0.0,1822.6,0.0005,0.041,0.00097409,80.81,0.001,0.0,BTC-28JUN19-6000-P,8295.25,73.52,0.0005,11.0,0.0015,71.0,86.54,0.66014,-1.92225,-0.05469,3e-05,-0.01637
260.35,ETH-27SEP19,1560509944282,open,0.02,830.0,0.001,0.059,0.019002,92.71,0.018,0.0,ETH-27SEP19-560-C,256.22,91.62,0.018,30.0,0.021,60.0,94.81,0.24144,-0.10672,0.05914,0.00134,0.09806
256.7,ETH-28JUN19,1560509944285,open,0.0,0.105,0.196,0.150906,81.07,None,0.0,ETH-28JUN19-290-P,256.22,59.46,0.139,100.0,0.163,100.0,99.76,0.15708,-0.45886,-0.08848,0.00774,-0.75574
260.35,ETH-27SEP19,1560509944297,open,0.0,4106.0,0.001,0.042,0.002498,89.46,0.004,0.0,ETH-27SEP19-100-P,256.22,78.38,0.001,281.0,0.004,150.0,96.8,0.0458,-0.01953,-0.01137,0.00026,-0.0127
8295.25,index_price,1560509944305,open,0.01,150.6,0.0005,0.047,0.00711562,70.64,0.0075,0,BTC-21JUN19-7500-P,8295.25,66.85,0.006,30.0,0.0075,10.1,71.9,2.51327,-12.91071,-0.22725,0.00027,-0.13831
8295.25,index_price,1560509944328,open,0.1,2.1,0.0525,0.1395,0.09595953,69.95,0.117,0,BTC-21JUN19-9000-P,8295.25,64.87,0.094,6.0,0.0975,6.0,73.75,3.29455,-16.75764,-1.38214,0.00036,-0.78855
8296.13,BTC-28JUN19,1560509944369,open,0.22,509.3,0.1795,0.259,0.21923264,76.04,0.2075,0.0,BTC-28JUN19-6500-C,8295.25,0.0,0.2125,6.0,0.226,6.0,102.57,1.47052,-4.02917,2.32764,7e-05,0.95727
8333.14,BTC-27SEP19,1560509944369,open,0.01,1038.2,0.0005,0.0475,0.00751772,80.03,0.0115,0.0,BTC-27SEP19-4250-P,8295.25,77.6,0.0065,21.0,0.008,1.0,81.12,3.62831,-1.3843,-1.07074,2e-05,-0.0372
8333.14,BTC-27SEP19,1560509944369,open,0.55,0.0,0.515,0.5945,0.55464211,84.45,None,0.0,BTC-27SEP19-3750-C,8295.25,0.0,0.539,1.3,0.5675,1.3,113.48,2.45878,-0.98991,10.10613,1e-05,0.97672
8333.14,BTC-27SEP19,1560509944369,open,0.36,231.0,0.3255,0.405,0.36526523,75.09,0.3605,0.0,BTC-27SEP19-5500-C,8295.25,57.95,0.3505,1.3,0.377,1.3,86.09,8.3273,-2.98112,12.59542,6e-05,0.89131
8333.14,BTC-27SEP19,1560509944369,open,0.55,5.4,0.4745,0.597,0.53593435,74.2,0.59,0.0,BTC-27DEC19-12000-P,8295.25,66.85,0.5165,3.6,0.5555,3.6,81.34,22.48974,-4.25995,-53.26107,8e-05,-0.65507
8333.14,BTC-27SEP19,1560509944369,open,0.1,208.2,0.056,0.1355,0.09590785,74.21,0.0985,0.0,BTC-27DEC19-12000-C,8295.25,72.94,0.0925,24.9,0.0985,4.9,75.17,22.49003,-4.26015,11.13664,8e-05,0.34494
8333.14,BTC-27SEP19,1560509944371,open,0.1,109.8,0.052,0.139,0.09547831,72.34,0.096,0.0,BTC-27DEC19-6500-P,8295.25,71.46,0.0935,4.9,0.098,4.9,73.47,18.60576,-3.43585,-14.62431,7e-05,-0.23155
8295.25,index_price,1560509944373,open,0.0,64.9,0.0005,0.0405,0.00048094,103.88,0.0005,0,BTC-21JUN19-6000-P,8295.25,0.0,0.0,0.0,0.001,10.0,115.22,0.29174,-2.20392,-0.01569,2e-05,-0.00956
8296.13,BTC-28JUN19,1560509944397,open,0.52,322.4,0.4785,0.558,0.51800113,135.15,0.495,0.0,BTC-28JUN19-4000-C,8295.25,0.0,0.511,6.0,0.525,6.0,233.39,0.09625,-0.46874,1.51426,0.0,0.99813
8333.14,BTC-27SEP19,1560509944397,open,0.44,13.5,0.403,0.4825,0.44269185,77.74,0.382,0.0,BTC-27SEP19-4750-C,8295.25,0.0,0.4275,1.3,0.455,1.3,94.27,5.30089,-1.96471,11.91432,3e-05,0.94029
8296.13,BTC-28JUN19,1560509944397,open,0.19,6.8,0.149,0.2285,0.18889076,72.62,0.187,0.0,BTC-26JUL19-7000-C,8295.25,64.79,0.1815,5.0,0.1985,5.0,82.26,8.05137,-6.98116,5.74106,0.00014,0.79207
8296.13,BTC-28JUN19,1560509944417,open,0.82,4.4,0.7365,0.8805,0.80854674,117.63,0.8465,0.0,BTC-28JUN19-15000-P,8295.25,0.0,0.799,6.0,0.8165,6.0,178.51,0.30719,-1.30208,-5.6824,1e-05,-0.9932
256.7,ETH-28JUN19,1560509944427,open,0.05,10.0,0.005,0.088,0.04639,82.03,0.052,0.0,ETH-26JUL19-220-P,256.22,76.9,0.041,228.0,0.047,228.0,82.6,0.2726,-0.26699,-0.08546,0.0044,-0.24378
8333.13,BTC-27SEP19,1560509944447,open,0.01,71.6,0.0005,0.0495,0.00968756,96.29,0.0095,0.0,BTC-27DEC19-36000-C,8295.25,95.24,0.009,6.0,0.0105,10.0,97.49,5.53267,-1.35996,1.4704,2e-05,0.04257
8296.13,BTC-28JUN19,1560509944452,open,0.12,109.5,0.0665,0.155,0.11076966,72.72,0.113,0.0,BTC-28JUN19-9000-P,8295.25,69.38,0.1085,23.0,0.1125,18.0,75.23,5.68482,-14.89557,-2.53398,0.0003,-0.69269
8296.13,BTC-28JUN19,1560509944455,open,0.02,3.3,0.0005,0.06,0.02023965,75.82,0.0205,0.0,BTC-26JUL19-11000-C,8295.25,74.33,0.019,19.3,0.0215,29.5,77.29,7.00235,-6.33886,1.38721,0.00012,0.16599
8296.13,BTC-28JUN19,1560509944465,open,0.0,402.3,0.0005,0.04,2.34e-05,135.0,0.0005,0.0,BTC-28JUN19-3500-P,8295.25,0.0,0.0,0.0,0.0005,10.0,179.51,0.01924,-0.09359,-0.0011,0.0,-0.00032
8333.13,BTC-27SEP19,1560509944465,open,0.05,601.6,0.0065,0.086,0.04615269,74.35,0.042,0.0,BTC-27SEP19-12000-C,8295.25,73.04,0.044,4.9,0.0475,4.9,75.16,13.79295,-4.88899,4.57114,9e-05,0.23707
8296.13,BTC-28JUN19,1560509944483,open,0.28,0.0,0.219,0.3205,0.26972173,76.45,None,0.0,BTC-28JUN19-10500-P,8295.25,0.0,0.2625,6.0,0.277,6.0,98.29,2.07613,-5.71915,-3.79623,0.0001,-0.93397
256.22,index_price,1560509944485,open,0.04,27.0,0.001,0.073,0.033611,73.57,0.033,0,ETH-21JUN19-260-C,256.22,70.61,0.032,291.0,0.037,2.0,79.78,0.13967,-0.74719,0.02069,0.01535,0.46233
8333.13,BTC-27SEP19,1560509944488,open,2.4,0.0,2.241,2.5105,2.37561531,90.54,None,0.0,BTC-27DEC19-28000-P,8295.25,0.0,2.3455,1.3,2.408,1.3,114.49,7.95869,-1.83942,-147.94231,2e-05,-0.93262
8296.13,BTC-28JUN19,1560509944493,open,0.49,10.5,0.448,0.5275,0.48795835,130.72,0.428,0.0,BTC-28JUN19-4250-C,8295.25,0.0,0.4805,6.0,0.495,6.0,217.29,0.14638,-0.68953,1.60554,0.0,0.99704
8333.13,BTC-27SEP19,1560509944515,open,0.03,216.3,0.0005,0.066,0.02606405,76.82,0.0255,0.0,BTC-27SEP19-14000-C,8295.25,75.53,0.0245,6.0,0.0275,16.0,77.98,10.22486,-3.7448,2.87006,7e-05,0.14593
256.7,ETH-28JUN19,1560509944535,open,0.0,0.001,0.049,0.009985,81.38,None,0.0,ETH-28JUN19-310-C,256.22,78.99,0.009,120.0,0.011,400.0,83.75,0.10788,-0.31638,0.01206,0.00529,0.13358
8333.13,BTC-27SEP19,1560509944538,open,0.29,5.7,0.236,0.3385,0.28741931,72.45,0.334,0.0,BTC-27SEP19-10000-P,8295.25,66.37,0.275,3.6,0.305,3.6,80.91,17.15716,-5.92628,-21.45101,0.00012,-0.60848
8333.13,BTC-27SEP19,1560509944538,open,0.01,382.4,0.0005,0.046,0.00613009,82.67,0.006,0.0,BTC-27SEP19-4000-P,8295.25,80.91,0.0055,2.1,0.0065,10.0,83.67,3.05678,-1.20484,-0.87007,2e-05,-0.03021
8333.13,BTC-27SEP19,1560509944553,open,0.0,428.9,0.0005,0.043,0.00333097,85.73,0.0035,0.0,BTC-27SEP19-3500-P,8295.25,84.23,0.003,3.0,0.0035,1.0,86.47,1.89387,-0.7741,-0.4895,1e-05,-0.01711
8296.13,BTC-28JUN19,1560509944571,open,0.07,672.5,0.035,0.1145,0.07458993,71.94,0.075,0.0,BTC-28JUN19-8000-C,8295.25,69.78,0.073,5.0,0.0765,28.0,74.53,6.11256,-15.84502,1.74859,0.00032,0.62903
8333.13,BTC-27SEP19,1560509944573,open,0.44,58.5,0.3995,0.479,0.43933908,74.87,0.4475,0.0,BTC-27DEC19-5000-C,8295.25,62.77,0.4235,1.3,0.4555,1.3,85.76,11.77579,-2.25069,19.97429,4e-05,0.886
8296.13,BTC-28JUN19,1560509944576,open,0.58,143.0,0.5385,0.618,0.57814147,135.64,0.55,0.0,BTC-28JUN19-3500-C,8295.25,0.0,0.571,6.0,0.5855,6.0,272.55,0.02024,-0.09892,1.32939,0.0,0.99966
8296.13,BTC-28JUN19,1560509944576,open,0.0,460.6,0.0005,0.0405,0.00050114,93.32,0.0005,0.0,BTC-28JUN19-13000-C,8295.25,0.0,0.0,0.0,0.001,45.0,101.67,0.38211,-1.28491,0.02589,2e-05,0.00871
8333.13,BTC-27SEP19,1560509944576,open,0.52,231.5,0.4865,0.566,0.52612011,82.68,0.5145,0.0,BTC-27SEP19-4000-C,8295.25,0.0,0.5105,1.3,0.5385,1.3,107.24,3.05725,-1.20509,10.62298,2e-05,0.96979
8333.13,BTC-27SEP19,1560509944576,open,0.0,1642.1,0.0005,0.0405,0.00086489,134.96,0.0005,0.0,BTC-27SEP19-1500-P,8295.25,0.0,0.0,0.0,0.003,15.0,161.06,0.42664,-0.27451,-0.09605,0.0,-0.00315
8296.13,BTC-28JUN19,1560509944576,open,0.55,30.0,0.5085,0.588,0.54804693,135.29,0.298,0.0,BTC-28JUN19-3750-C,8295.25,0.0,0.541,6.0,0.5555,6.0,254.08,0.04636,-0.22599,1.42273,0.0,0.99916
8333.13,BTC-27SEP19,1560509944576,open,1.45,0.0,1.333,1.5265,1.4297046,82.38,None,0.0,BTC-27DEC19-20000-P,8295.25,61.02,1.4065,1.3,1.4545,1.3,96.52,12.58587,-2.64662,-103.05256,4e-05,-0.87472
8333.13,BTC-27SEP19,1560509944581,open,1.9,0.0,1.769,1.999,1.88407636,90.05,None,0.0,BTC-27SEP19-24000-P,8295.25,0.0,1.8685,1.3,1.916,1.3,133.69,2.6612,-1.14248,-68.44283,1e-05,-0.97442
8296.13,BTC-28JUN19,1560509944604,open,0.11,175.8,0.075,0.1545,0.1145127,72.17,0.107,0.0,BTC-28JUN19-7500-C,8295.25,71.27,0.114,1.0,0.121,5.0,83.17,4.73341,-12.31016,2.11284,0.00025,0.78444
8333.13,BTC-27SEP19,1560509944604,open,0.18,169.9,0.139,0.2185,0.17858614,72.01,0.1825,0.0,BTC-27DEC19-9000-C,8295.25,70.95,0.1755,19.0,0.182,3.6,73.19,24.18512,-4.4455,16.47037,9e-05,0.54689
256.7,ETH-28JUN19,1560509944604,open,0.0,7477.0,0.001,0.041,0.001909,84.66,0.006,0.0,ETH-28JUN19-190-P,256.22,76.06,0.001,220.0,0.002,100.0,85.37,0.03251,-0.09918,-0.00295,0.00153,-0.02837
8296.13,BTC-28JUN19,1560509944609,open,0.03,973.1,0.0005,0.0655,0.02593041,72.72,0.0265,0.0,BTC-28JUN19-9000-C,8295.25,72.09,0.0255,5.0,0.0275,24.0,75.0,5.68496,-14.89713,0.88746,0.0003,0.30732
8333.13,BTC-27SEP19,1560509944609,open,0.61,0.0,0.531,0.658,0.59434868,75.51,None,0.0,BTC-27SEP19-13000-P,8295.25,66.97,0.583,1.3,0.6135,1.3,87.83,11.92409,-4.29241,-33.74445,8e-05,-0.81498
8296.13,BTC-28JUN19,1560509944609,open,0.22,43.0,0.165,0.2615,0.21329594,75.69,0.177,0.0,BTC-28JUN19-10000-P,8295.25,49.89,0.2065,5.0,0.2165,5.0,83.46,3.17122,-8.64901,-3.45869,0.00016,-0.88337
256.7,ETH-28JUN19,1560509944619,open,0.14,400.0,0.103,0.182,0.142518,82.03,0.14,0.0,ETH-26JUL19-240-C,256.22,80.02,0.14,218.0,0.148,98.0,86.39,0.32258,-0.31595,0.14899,0.0052,0.64841
8296.13,BTC-28JUN19,1560509944626,open,0.0,266.4,0.0005,0.04,0.00024355,130.62,0.0005,0.0,BTC-28JUN19-4250-P,8295.25,0.0,0.0,0.0,0.0005,13.0,141.67,0.14558,-0.68517,-0.01006,0.0,-0.00295
8333.13,BTC-27SEP19,1560509944628,open,0.22,222.5,0.184,0.2635,0.22392051,71.81,0.215,0.0,BTC-27DEC19-8000-C,8295.25,71.48,0.223,1.0,0.227,3.6,72.93,22.98118,-4.21284,18.30696,9e-05,0.63329
8333.13,BTC-27SEP19,1560509944633,open,0.72,0.0,0.638,0.774,0.706099,76.82,None,0.0,BTC-27SEP19-14000-P,8295.25,66.13,0.6945,1.3,0.7265,1.3,91.49,10.22384,-3.74419,-37.3566,7e-05,-0.85409
8296.13,BTC-28JUN19,1560509944663,open,0.01,10.0,0.0005,0.045,0.00504131,76.53,0.0065,0.0,BTC-26JUL19-5500-P,8295.25,72.96,0.004,31.0,0.006,35.0,79.48,2.57441,-2.35235,-0.45859,4e-05,-0.04314
8333.13,BTC-27SEP19,1560509944671,open,0.13,213.3,0.0855,0.1755,0.1306083,71.91,0.13,0.0,BTC-27SEP19-8000-P,8295.25,71.12,0.129,4.9,0.1345,9.9,73.81,17.04324,-5.84276,-12.28891,0.00012,-0.38263
8333.13,BTC-27SEP19,1560509944690,open,0.09,950.8,0.0475,0.127,0.08739434,72.45,0.084,0.0,BTC-27SEP19-10000-C,8295.25,71.29,0.085,10.0,0.0895,4.9,73.47,17.15725,-5.92648,7.28213,0.00012,0.39153
8333.13,BTC-27SEP19,1560509944690,open,0.02,152.7,0.0005,0.0595,0.01920299,79.27,0.023,0.0,BTC-27DEC19-4000-P,8295.25,77.87,0.018,10.0,0.0205,16.0,80.73,7.27725,-1.47245,-3.54443,2e-05,-0.06006
8296.13,BTC-28JUN19,1560509944696,open,0.2,0.0,0.1465,0.2415,0.19380463,73.29,None,0.0,BTC-26JUL19-9500-P,8295.25,63.54,0.182,14.4,0.205,14.4,82.21,10.2567,-8.97603,-8.15859,0.00018,-0.66337
8333.13,BTC-27SEP19,1560509944698,open,0.04,124.5,0.0005,0.0805,0.03935156,74.87,0.0415,0.0,BTC-27DEC19-5000-P,8295.25,73.91,0.038,6.0,0.04,0.1,75.33,11.77559,-2.25061,-6.85778,4e-05,-0.114
8333.13,BTC-27SEP19,1560509944725,open,1.19,1.0,1.084,1.257,1.17042978,82.26,1.5815,0.0,BTC-27SEP19-18000-P,8295.25,0.0,1.157,1.3,1.1955,1.3,108.15,5.56095,-2.18084,-50.44787,3e-05,-0.93651
8333.13,BTC-27SEP19,1560509944725,open,0.28,58.1,0.2415,0.321,0.28122942,71.91,0.2385,0.0,BTC-27DEC19-7000-C,8295.25,65.88,0.2665,5.0,0.2895,5.0,75.29,20.41089,-3.74671,19.79378,8e-05,0.72385
8333.13,BTC-27SEP19,1560509944742,open,0.23,828.2,0.196,0.2755,0.23568951,72.59,0.225,0.0,BTC-27SEP19-7000-C,8295.25,64.63,0.222,5.0,0.2475,6.3,79.33,14.49583,-5.01632,12.0692,0.0001,0.73976
8333.13,BTC-27SEP19,1560509944744,open,0.65,0.5,0.5745,0.705,0.6396444,75.1,0.584,0.0,BTC-27DEC19-13000-P,8295.25,67.08,0.62,1.3,0.6595,1.3,82.73,21.12655,-4.05029,-60.04445,8e-05,-0.70305
8296.13,BTC-28JUN19,1560509944762,open,0.0,520.6,0.0005,0.04,0.0,135.0,0.0005,0.0,BTC-28JUN19-2000-P,8295.25,0.0,0.0,0.0,0.0005,10.0,289.22,0.0,-1e-05,0.0,0.0,0.0
8296.13,BTC-28JUN19,1560509944762,open,0.33,148.2,0.298,0.3775,0.3376951,94.23,0.36,0.0,BTC-28JUN19-5500-C,8295.25,0.0,0.3305,6.0,0.3445,6.0,145.12,0.42829,-1.45424,2.05749,2e-05,0.99007
8296.13,BTC-28JUN19,1560509944762,open,0.04,871.3,0.0005,0.08,0.03889149,71.93,0.039,0.0,BTC-28JUN19-8000-P,8295.25,69.36,0.037,29.0,0.0405,24.0,74.11,6.11254,-15.84391,-1.29263,0.00032,-0.37097
8333.13,BTC-27SEP19,1560509944762,open,0.08,154.0,0.033,0.1185,0.07570698,72.58,0.081,0.0,BTC-27SEP19-7000-P,8295.25,71.6,0.074,4.9,0.0785,9.9,74.19,14.49577,-5.01618,-8.04383,0.0001,-0.26024
8333.13,BTC-27SEP19,1560509944762,open,0.0,179.7,0.0005,0.045,0.00500219,91.27,0.0075,0.0,BTC-27DEC19-2500-P,8295.25,87.71,0.004,16.0,0.006,6.0,94.44,2.49355,-0.58097,-0.95634,1e-05,-0.01638
8333.13,BTC-27SEP19,1560509944762,open,0.04,186.1,0.0005,0.077,0.03732916,80.23,0.043,0.0,BTC-27DEC19-18000-C,8295.25,79.16,0.0355,4.9,0.039,14.9,81.17,14.52645,-2.97482,5.24783,5e-05,0.15468
8295.25,index_price,1560509944775,open,0.06,120.8,0.0175,0.097,0.05728076,68.42,0.058,0,BTC-21JUN19-8000-C,8295.25,65.84,0.056,18.0,0.0595,18.0,72.85,4.13577,-20.57631,0.95348,0.00047,0.66746
8333.13,BTC-27SEP19,1560509944781,open,0.82,42.8,0.781,0.8605,0.82086114,134.97,0.815,0.0,BTC-27SEP19-1500-C,8295.25,0.0,0.804,1.3,0.835,1.3,222.37,0.42686,-0.27468,4.21385,0.0,0.99685
8333.13,BTC-27SEP19,1560509944793,open,0.02,194.8,0.0005,0.0575,0.01752819,88.45,0.0175,0.0,BTC-27DEC19-26000-C,8295.25,86.96,0.016,6.0,0.019,16.0,89.83,8.73513,-1.97232,2.61799,3e-05,0.07607
8295.25,index_price,1560509944805,open,0.0,128.4,0.0005,0.0445,0.00459124,74.02,0.0055,0,BTC-21JUN19-9500-C,8295.25,71.48,0.004,20.0,0.005,40.0,75.69,1.99193,-10.72267,0.14843,0.00021,0.09958
8333.13,BTC-27SEP19,1560509944811,open,0.12,398.9,0.083,0.1625,0.12261188,72.17,0.1195,0.0,BTC-27SEP19-9000-C,8295.25,70.25,0.1185,25.2,0.124,3.6,72.82,17.81979,-6.13153,8.98291,0.00012,0.49778
8333.13,BTC-27SEP19,1560509944811,open,0.61,0.0,0.573,0.6525,0.6125538,88.51,None,0.0,BTC-27SEP19-3250-C,8295.25,0.0,0.597,1.3,0.626,1.3,127.98,1.50961,-0.63698,8.96215,1e-05,0.98686
8333.13,BTC-27SEP19,1560509944813,open,0.15,77.2,0.105,0.197,0.15096187,71.81,0.1775,0.0,BTC-27DEC19-7500-P,8295.25,70.69,0.148,4.9,0.1535,5.0,72.78,21.87553,-4.01008,-21.13206,8e-05,-0.32159
8296.13,BTC-28JUN19,1560509944830,open,0.0,793.3,0.0005,0.04,0.00048131,117.8,0.0005,0.0,BTC-28JUN19-15000-C,8295.25,0.0,0.0,0.0,0.001,45.0,128.27,0.31025,-1.317,0.02017,1e-05,0.00688
8333.13,BTC-27SEP19,1560509944830,open,0.95,0.0,0.859,1.013,0.93594686,79.54,None,0.0,BTC-27SEP19-16000-P,8295.25,59.95,0.9235,1.3,0.9585,1.3,99.4,7.4883,-2.83974,-44.10405,5e-05,-0.90605
8333.13,BTC-27SEP19,1560509944830,open,0.08,215.9,0.0305,0.116,0.07332387,72.99,0.0755,0.0,BTC-27DEC19-6000-P,8295.25,72.07,0.0715,4.9,0.0755,12.9,74.08,16.51038,-3.07606,-11.72973,6e-05,-0.18897
8333.16,BTC-27SEP19,1560509944832,open,0.12,301.5,0.077,0.1565,0.11697417,73.42,0.116,0.0,BTC-27DEC19-11000-C,8295.25,72.19,0.1135,10.0,0.1195,4.9,74.31,23.6203,-4.42693,12.76157,9e-05,0.40234
8295.25,index_price,1560509944835,open,0.21,6.1,0.177,0.2565,0.21692788,81.45,0.204,0,BTC-21JUN19-6500-C,8295.25,0.0,0.2115,6.0,0.223,6.0,131.93,0.37163,-2.20115,1.20391,4e-05,0.98737
8333.13,BTC-27SEP19,1560509944842,open,0.76,0.0,0.6775,0.8165,0.74698943,76.1,None,0.0,BTC-27DEC19-14000-P,8295.25,67.18,0.727,1.3,0.7675,1.3,84.45,19.69097,-3.82497,-66.62167,7e-05,-0.74278
260.35,ETH-27SEP19,1560509944877,open,0.26,863.0,0.22,0.299,0.25995,87.91,0.2,0.0,ETH-27SEP19-220-C,256.22,74.46,0.236,100.0,0.281,112.0,99.6,0.46699,-0.19572,0.34669,0.00273,0.7234
260.35,ETH-27SEP19,1560509944877,open,0.19,1232.0,0.147,0.226,0.186532,87.77,0.189,0.0,ETH-27SEP19-260-C,256.22,85.11,0.181,211.0,0.19,111.0,89.44,0.54119,-0.22647,0.30489,0.00317,0.5941
260.35,ETH-27SEP19,1560509944877,open,0.03,5683.0,0.001,0.069,0.028373,87.91,0.036,0.0,ETH-27SEP19-160-P,256.22,84.3,0.025,60.0,0.03,148.0,89.6,0.24894,-0.10433,-0.09772,0.00145,-0.10226
260.35,ETH-27SEP19,1560509944877,open,0.03,2492.0,0.001,0.072,0.032614,91.05,0.03,0.0,ETH-27SEP19-480-C,256.22,88.98,0.03,150.0,0.035,48.0,92.88,0.33451,-0.14521,0.09259,0.00189,0.15639
260.35,ETH-27SEP19,1560509944877,open,0.29,98.0,0.236,0.338,0.287251,88.77,0.326,0.0,ETH-27SEP19-300-P,256.22,86.31,0.282,36.0,0.294,36.0,91.93,0.55575,-0.2352,-0.60681,0.00321,-0.52392
8296.13,BTC-28JUN19,1560509944890,open,0.0,884.9,0.0005,0.0405,0.00065243,94.18,0.0005,0.0,BTC-28JUN19-5500-P,8295.25,0.0,0.0,0.0,0.0015,10.0,106.39,0.42724,-1.44997,-0.03327,2e-05,-0.0099
256.7,ETH-28JUN19,1560509944897,open,0.01,4826.0,0.001,0.046,0.00664,81.38,0.006,0.0,ETH-28JUN19-320-C,256.22,76.07,0.005,150.0,0.008,400.0,85.33,0.08469,-0.24837,0.00864,0.00415,0.09515
256.22,index_price,1560509944902,open,0.26,0.0,0.22,0.299,0.259413,106.85,None,0,ETH-21JUN19-190-C,256.22,0.0,0.25,60.0,0.269,60.0,175.13,0.01507,-0.11712,0.03491,0.00114,0.98267
256.7,ETH-28JUN19,1560509944910,open,0.49,386.0,0.454,0.533,0.493968,140.0,0.321,0.0,ETH-28JUN19-130-C,256.22,0.0,0.483,60.0,0.495,2.0,165.36,0.0063,-0.03179,0.04896,0.00018,0.99572
260.35,ETH-27SEP19,1560509944910,open,0.07,3153.0,0.031,0.116,0.073272,87.91,0.072,0.0,ETH-27SEP19-200-P,256.22,85.16,0.069,148.0,0.075,128.0,89.02,0.40582,-0.17008,-0.21433,0.00237,-0.21324
8333.13,BTC-27SEP19,1560509944910,open,3.36,0.0,3.157,3.5025,3.32977741,96.27,None,0.0,BTC-27DEC19-36000-P,8295.25,0.0,3.2935,1.3,3.3705,1.3,130.75,5.52704,-1.35825,-191.72376,2e-05,-0.95749
260.35,ETH-27SEP19,1560509944918,open,0.15,1730.0,0.097,0.188,0.142517,87.91,0.132,0.0,ETH-27SEP19-240-P,256.22,85.61,0.138,148.0,0.147,250.0,90.19,0.51222,-0.21468,-0.36209,0.00299,-0.34152
256.7,ETH-28JUN19,1560509944918,open,0.0,9803.0,0.001,0.04,0.000395,140.0,0.001,0.0,ETH-28JUN19-130-P,256.22,0.0,0.0,0.0,0.001,99.0,157.25,0.0063,-0.03179,-0.00046,0.00018,-0.00428
256.7,ETH-28JUN19,1560509944918,open,0.0,6405.0,0.001,0.041,0.001333,83.58,0.002,0.0,ETH-28JUN19-360-C,256.22,0.0,0.0,0.0,0.002,400.0,89.05,0.02736,-0.0824,0.00212,0.00131,0.02309
8296.13,BTC-28JUN19,1560509944918,open,0.09,15.6,0.0475,0.127,0.08705338,72.45,0.088,0.0,BTC-26JUL19-8500-C,8295.25,71.67,0.086,7.0,0.0895,14.4,74.26,11.20721,-9.69537,4.02071,0.0002,0.50949
8333.16,BTC-27SEP19,1560509944922,open,0.12,301.5,0.077,0.1565,0.11697417,73.42,0.116,0.0,BTC-27DEC19-11000-C,8295.25,72.19,0.1135,14.9,0.1195,4.9,74.31,23.6203,-4.42693,12.76157,9e-05,0.40234
260.35,ETH-27SEP19,1560509944929,open,0.11,1715.0,0.075,0.154,0.114468,89.0,0.109,0.0,ETH-27SEP19-320-C,256.22,87.34,0.111,245.0,0.118,36.0,90.68,0.54638,-0.23183,0.2309,0.00315,0.42313
256.7,ETH-28JUN19,1560509944929,open,0.06,2326.0,0.017,0.096,0.056305,79.95,0.055,0.0,ETH-28JUN19-260-C,256.22,76.98,0.054,120.0,0.059,289.0,83.41,0.19967,-0.57523,0.04314,0.00997,0.4984
8296.13,BTC-28JUN19,1560509944931,open,0.0,318.6,0.0005,0.0405,0.00048786,119.54,0.0015,0.0,BTC-28JUN19-4750-P,8295.25,0.0,0.0,0.0,0.001,22.5,131.3,0.27712,-1.1937,-0.02062,1e-05,-0.00605
8296.13,BTC-28JUN19,1560509944935,open,0.34,25.8,0.2755,0.3815,0.32838032,79.76,0.4515,0.0,BTC-28JUN19-11000-P,8295.25,0.0,0.3205,6.0,0.3355,6.0,106.55,1.42907,-4.10704,-4.05939,7e-05,-0.95875
8333.13,BTC-27SEP19,1560509944935,open,0.04,295.3,0.0005,0.079,0.03796432,73.94,0.041,0.0,BTC-27SEP19-6000-P,8295.25,72.77,0.0365,4.9,0.0395,9.9,75.15,10.51683,-3.70711,-4.55356,7e-05,-0.15221
8333.13,BTC-27SEP19,1560509944935,open,0.76,28.2,0.721,0.8005,0.76073831,110.57,0.755,0.0,BTC-27SEP19-2000-C,8295.25,0.0,0.7445,1.3,0.7745,1.3,183.59,0.46031,-0.24266,5.64681,0.0,0.99658
8333.13,BTC-27SEP19,1560509944937,open,0.05,59.6,0.009,0.0885,0.0489754,78.15,0.0445,0.0,BTC-27DEC19-16000-C,8295.25,77.17,0.047,4.9,0.0505,14.9,78.9,16.92331,-3.37606,6.60933,6e-05,0.19677
8333.13,BTC-27SEP19,1560509944944,open,0.31,717.9,0.278,0.3575,0.31794935,73.94,0.302,0.0,BTC-27SEP19-6000-C,8295.25,61.27,0.303,1.3,0.329,1.3,82.41,10.51702,-3.70727,12.68612,7e-05,0.84778
8333.13,BTC-27SEP19,1560509944944,open,0.03,242.2,0.0005,0.0695,0.02965468,82.39,0.035,0.0,BTC-27DEC19-20000-C,8295.25,81.27,0.028,6.0,0.031,10.0,83.27,12.58763,-2.64717,4.27732,4e-05,0.1253
8333.13,BTC-27SEP19,1560509944953,open,0.02,81.0,0.0005,0.0555,0.01590692,79.55,0.0145,0.0,BTC-27SEP19-16000-C,8295.25,77.95,0.0145,6.0,0.017,6.0,80.75,7.48996,-2.84065,1.86937,5e-05,0.09398
8296.13,BTC-28JUN19,1560509944953,open,0.03,21.8,0.0005,0.0735,0.03265491,72.62,0.0355,0.0,BTC-26JUL19-7000-P,8295.25,71.42,0.0315,19.3,0.034,21.3,74.0,8.05123,-6.98077,-2.28981,0.00014,-0.20792
260.35,ETH-27SEP19,1560509944984,open,0.54,28.0,0.47,0.591,0.530438,90.0,0.419,0.0,ETH-27SEP19-380-P,256.22,76.06,0.506,12.0,0.559,12.0,104.89,0.48053,-0.20619,-0.92516,0.00274,-0.7063
8296.13,BTC-28JUN19,1560509944984,open,0.46,13.4,0.39,0.505,0.44745843,86.26,0.506,0.0,BTC-28JUN19-12000-P,8295.25,0.0,0.439,6.0,0.4545,6.0,124.24,0.69583,-2.16291,-4.51013,3e-05,-0.98259
8333.13,BTC-27SEP19,1560509944985,open,0.54,27.1,0.4995,0.579,0.53919301,79.27,0.542,0.0,BTC-27DEC19-4000-C,8295.25,51.44,0.5225,1.3,0.5555,1.3,95.67,7.27753,-1.47254,17.92119,2e-05,0.93994
8333.13,BTC-27SEP19,1560509944984,open,0.87,0.0,0.783,0.931,0.85688674,77.07,None,0.0,BTC-27DEC19-15000-P,8295.25,67.84,0.838,1.3,0.877,1.3,85.79,18.26047,-3.59236,-73.0232,6e-05,-0.77603
8296.13,BTC-28JUN19,1560509944998,open,0.35,0.0,0.2925,0.4,0.34615571,75.81,None,0.0,BTC-26JUL19-11000-P,8295.25,59.67,0.3345,4.9,0.3565,4.9,87.15,7.00191,-6.33812,-11.23298,0.00012,-0.83403
8333.13,BTC-27SEP19,1560509945020,open,0.48,6.6,0.448,0.5275,0.48784638,76.76,0.4515,0.0,BTC-27DEC19-4500-C,8295.25,59.89,0.4715,1.3,0.504,1.3,89.9,9.43721,-1.84902,19.13508,3e-05,0.91574
8296.13,BTC-28JUN19,1560509945033,open,0.39,688.1,0.358,0.4375,0.39799295,114.3,0.37,0.0,BTC-28JUN19-5000-C,8295.25,0.0,0.3905,6.0,0.4045,6.0,170.98,0.37674,-1.55165,1.87159,1e-05,0.99143
8296.13,BTC-28JUN19,1560509945033,open,0.42,97.0,0.388,0.4675,0.42793312,119.58,0.1965,0.0,BTC-28JUN19-4750-C,8295.25,0.0,0.4205,6.0,0.4345,6.0,184.68,0.27767,-1.19647,1.78507,1e-05,0.99393
256.22,index_price,1560509945033,open,0.08,17.0,0.032,0.117,0.07438,75.0,0.073,0,ETH-21JUN19-270-P,256.22,63.84,0.069,180.0,0.076,180.0,78.27,0.12636,-0.68915,-0.03623,0.01362,-0.67632
8333.13,BTC-27SEP19,1560509945035,open,0.01,78.7,0.0005,0.0535,0.01351419,92.01,0.0155,0.0,BTC-27DEC19-30000-C,8295.25,90.81,0.0125,6.0,0.0145,1.0,93.13,7.17466,-1.68512,2.03313,2e-05,0.05898
8333.13,BTC-27SEP19,1560509945035,open,1.21,0.0,1.1095,1.285,1.19737409,80.22,None,0.0,BTC-27DEC19-18000-P,8295.25,65.58,1.176,1.3,1.2205,1.3,92.15,14.52513,-2.97438,-91.34901,5e-05,-0.84534
8333.13,BTC-27SEP19,1560509945035,open,0.64,0.0,0.608,0.6875,0.64785953,85.6,None,0.0,BTC-27DEC19-3000-C,8295.25,0.0,0.6305,1.3,0.665,1.3,113.67,3.68973,-0.80623,14.58374,1e-05,0.97398
256.7,ETH-28JUN19,1560509945053,open,0.0,4695.0,0.001,0.04,4.7e-05,140.0,0.001,0.0,ETH-28JUN19-110-P,256.22,0.0,0.0,0.0,0.001,99.0,192.43,0.00105,-0.00528,-6e-05,3e-05,-0.0006
260.35,ETH-27SEP19,1560509945053,open,1.18,24.0,1.084,1.256,1.169953,92.71,1.356,0.0,ETH-27SEP19-560-P,256.22,0.0,1.147,12.0,1.2,12.0,117.89,0.24144,-0.10672,-1.54991,0.00134,-0.90194
256.7,ETH-28JUN19,1560509945064,open,0.01,5198.0,0.001,0.046,0.006568,79.95,0.007,0.0,ETH-28JUN19-210-P,256.22,70.6,0.004,470.0,0.007,400.0,81.34,0.07854,-0.22625,-0.00903,0.00392,-0.08595
260.35,ETH-27SEP19,1560509945066,open,0.11,2645.0,0.061,0.149,0.104966,87.91,0.1,0.0,ETH-27SEP19-220-P,256.22,85.14,0.1,148.0,0.108,216.0,89.6,0.46699,-0.19572,-0.28543,0.00273,-0.2766
8333.13,BTC-27SEP19,1560509945066,open,0.83,0.0,0.748,0.8935,0.82073607,78.66,None,0.0,BTC-27SEP19-15000-P,8295.25,63.85,0.808,1.3,0.842,1.3,95.55,8.8496,-3.31894,-40.76085,6e-05,-0.88163
8333.13,BTC-27SEP19,1560509945068,open,0.03,96.2,0.0005,0.0685,0.02785761,76.75,0.0385,0.0,BTC-27DEC19-4500-P,8295.25,75.54,0.0265,6.0,0.029,10.0,77.76,9.43697,-1.84894,-5.01377,3e-05,-0.08426
256.22,index_price,1560509945078,open,0.0,6.0,0.001,0.041,0.000963,106.85,0.001,0,ETH-21JUN19-190-P,256.22,0.0,0.0,0.0,0.002,550.0,120.64,0.01507,-0.11712,-0.00088,0.00114,-0.01733
260.35,ETH-27SEP19,1560509945090,open,0.04,1205.0,0.004,0.083,0.043737,90.32,0.039,0.0,ETH-27SEP19-440-C,256.22,89.15,0.042,143.0,0.047,198.0,92.46,0.39063,-0.1682,0.11685,0.00222,0.19994
256.7,ETH-28JUN19,1560509945090,open,0.56,60.0,0.497,0.621,0.559247,100.71,0.683,0.0,ETH-28JUN19-400-P,256.22,0.0,0.546,60.0,0.57,60.0,154.88,0.01934,-0.07018,-0.15066,0.00077,-0.98464
260.35,ETH-27SEP19,1560509945090,open,0.69,0.0,0.656,0.735,0.695452,110.37,None,0.0,ETH-27SEP19-80-C,256.22,0.0,0.672,12.0,0.714,12.0,169.21,0.04042,-0.02127,0.21959,0.00019,0.989
8333.13,BTC-27SEP19,1560509945095,open,0.39,3.2,0.328,0.438,0.3830876,73.29,0.481,0.0,BTC-27SEP19-11000-P,8295.25,66.7,0.371,3.6,0.4015,3.6,82.84,15.6439,-5.46589,-25.81591,0.00011,-0.69511
256.7,ETH-28JUN19,1560509945132,open,0.0,5711.0,0.001,0.041,0.000972,112.76,0.001,0.0,ETH-28JUN19-160-P,256.22,0.0,0.0,0.0,0.002,250.0,125.99,0.01553,-0.0631,-0.00126,0.00055,-0.01191
8333.13,BTC-27SEP19,1560509945132,open,0.0,101.2,0.0005,0.042,0.00198694,110.58,0.0025,0.0,BTC-27DEC19-1500-P,8295.25,106.2,0.0015,1.0,0.0025,1.0,114.49,1.01267,-0.28584,-0.34982,0.0,-0.00584
8333.13,BTC-27SEP19,1560509945147,open,0.01,256.9,0.0005,0.053,0.01270246,77.74,0.0145,0.0,BTC-27SEP19-4750-P,8295.25,75.8,0.0115,6.0,0.0135,11.0,78.97,5.30038,-1.96442,-1.73365,3e-05,-0.0597
8296.13,BTC-28JUN19,1560509945147,open,0.7,2.2,0.621,0.7555,0.68802983,106.26,0.777,0.0,BTC-28JUN19-14000-P,8295.25,0.0,0.679,6.0,0.6955,6.0,160.84,0.34357,-1.31558,-5.29941,1e-05,-0.99228
8333.13,BTC-27SEP19,1560509945147,open,0.03,289.5,0.0005,0.066,0.02527769,75.09,0.026,0.0,BTC-27SEP19-5500-P,8295.25,73.8,0.024,6.0,0.0265,10.0,76.3,8.32699,-2.98088,-3.20756,6e-05,-0.10869
8333.13,BTC-27SEP19,1560509945147,open,0.01,229.6,0.0005,0.05,0.00999412,79.11,0.011,0.0,BTC-27SEP19-4500-P,8295.25,77.2,0.009,6.0,0.0105,1.0,80.04,4.45546,-1.68043,-1.38743,3e-05,-0.04795
260.35,ETH-27SEP19,1560509945186,open,0.19,814.0,0.138,0.232,0.185188,87.77,0.175,0.0,ETH-27SEP19-260-P,256.22,86.24,0.182,100.0,0.191,187.0,90.57,0.54119,-0.22647,-0.44217,0.00317,-0.4059
8333.13,BTC-27SEP19,1560509945191,open,0.03,167.3,0.0005,0.074,0.03431614,75.51,0.0335,0.0,BTC-27SEP19-13000-C,8295.25,74.23,0.0325,4.9,0.0355,4.9,76.33,11.92479,-4.29288,3.60882,8e-05,0.18504
8333.13,BTC-27SEP19,1560509945191,open,0.01,236.6,0.0005,0.05,0.01038481,82.27,0.0105,0.0,BTC-27SEP19-18000-C,8295.25,80.11,0.009,6.0,0.0115,6.0,83.89,5.56329,-2.18206,1.27229,3e-05,0.06352
8333.13,BTC-27SEP19,1560509945191,open,0.64,226.1,0.602,0.6815,0.6417204,89.9,0.585,0.0,BTC-27SEP19-3000-C,8295.25,0.0,0.626,1.3,0.6555,1.3,136.56,1.09787,-0.47057,8.36027,1e-05,0.99088
8333.13,BTC-27SEP19,1560509945191,open,0.08,122.7,0.04,0.1195,0.07961185,75.11,0.077,0.0,BTC-27DEC19-13000-C,8295.25,73.87,0.0765,14.9,0.082,14.9,76.05,21.1269,-4.05047,9.71973,8e-05,0.29696
8333.13,BTC-27SEP19,1560509945191,open,0.07,280.2,0.027,0.1065,0.06695443,76.1,0.066,0.0,BTC-27DEC19-14000-C,8295.25,75.06,0.0645,4.9,0.069,14.9,76.96,19.69148,-3.8252,8.50904,7e-05,0.25723
260.35,ETH-27SEP19,1560509945197,open,0.48,191.0,0.438,0.517,0.477204,87.98,0.5,0.0,ETH-27SEP19-140-C,256.22,0.0,0.455,12.0,0.497,12.0,113.48,0.16714,-0.07011,0.34589,0.00098,0.93958
256.7,ETH-28JUN19,1560509945200,open,0.0,3084.0,0.001,0.04,1.2e-05,140.0,0.001,0.0,ETH-28JUN19-100-P,256.22,0.0,0.0,0.0,0.001,99.0,212.5,0.00032,-0.0016,-2e-05,1e-05,-0.00017
256.7,ETH-28JUN19,1560509945200,open,0.26,81.0,0.204,0.303,0.253231,81.38,0.347,0.0,ETH-28JUN19-320-P,256.22,0.0,0.241,60.0,0.264,60.0,107.13,0.08469,-0.24837,-0.11301,0.00415,-0.90485
256.7,ETH-28JUN19,1560509945205,open,0.12,11.0,0.074,0.162,0.117742,82.03,0.115,0.0,ETH-26JUL19-260-P,256.22,76.28,0.11,189.0,0.121,189.0,84.45,0.34538,-0.33827,-0.17102,0.00557,-0.46297
8296.13,BTC-28JUN19,1560509945214,open,0.28,0.0,0.247,0.3265,0.28680347,74.46,None,0.0,BTC-26JUL19-6000-C,8295.25,38.43,0.277,4.9,0.2975,4.9,92.65,4.14388,-3.68435,6.03485,7e-05,0.92085
8333.13,BTC-27SEP19,1560509945215,open,0.17,952.8,0.131,0.2105,0.17058834,71.91,0.161,0.0,BTC-27SEP19-8000-C,8295.25,70.15,0.167,5.0,0.172,3.6,72.6,17.04323,-5.8429,10.69748,0.00012,0.61737
8333.13,BTC-27SEP19,1560509945215,open,0.0,336.7,0.0005,0.0405,0.00052153,89.95,0.0035,0.0,BTC-27SEP19-2500-P,8295.25,0.0,0.0,0.0,0.001,1.0,97.39,0.41974,-0.18,-0.08648,0.0,-0.00309
8296.13,BTC-28JUN19,1560509945215,open,0.0,685.1,0.0005,0.04,8e-08,135.0,0.001,0.0,BTC-28JUN19-2500-P,8295.25,0.0,0.0,0.0,0.0005,10.0,245.23,0.00011,-0.00053,0.0,0.0,0.0
8333.13,BTC-27SEP19,1560509945215,open,0.21,76.1,0.155,0.2505,0.20263438,72.17,0.2155,0.0,BTC-27SEP19-9000-P,8295.25,71.41,0.201,3.6,0.2075,3.6,74.45,17.81979,-6.13138,-16.87686,0.00012,-0.50222
8333.13,BTC-27SEP19,1560509945215,open,0.0,86.9,0.0005,0.043,0.00298969,98.3,0.003,0.0,BTC-27DEC19-2000-P,8295.25,92.38,0.002,10.0,0.004,6.0,103.2,1.56943,-0.39382,-0.56283,0.0,-0.0096
8333.13,BTC-27SEP19,1560509945215,open,0.14,439.8,0.1035,0.183,0.14341672,72.49,0.143,0.0,BTC-27DEC19-10000-C,8295.25,71.49,0.1405,10.0,0.1465,3.6,73.55,24.27989,-4.49302,14.5591,9e-05,0.46898
8333.13,BTC-27SEP19,1560509945215,open,0.59,4.0,0.553,0.6325,0.59268862,82.26,0.59,0.0,BTC-27DEC19-3500-C,8295.25,0.0,0.5755,1.3,0.6095,1.3,103.57,5.35138,-1.12366,16.3878,2e-05,0.95915
8333.13,BTC-27SEP19,1560509945218,open,0.76,0.0,0.723,0.8025,0.7629847,98.31,None,0.0,BTC-27DEC19-2000-C,8295.25,0.0,0.745,1.3,0.7805,1.3,146.85,1.56971,-0.39391,10.16996,0.0,0.9904
256.22,index_price,1560509945221,open,0.01,296.0,0.001,0.051,0.011605,75.1,0.013,0,ETH-21JUN19-280-C,256.22,70.94,0.01,139.0,0.013,240.0,78.57,0.10109,-0.55205,0.00953,0.01089,0.20909
260.35,ETH-27SEP19,1560509945239,open,0.05,5033.0,0.006,0.089,0.047727,87.91,0.042,0.0,ETH-27SEP19-180-P,256.22,84.95,0.044,148.0,0.048,139.0,88.12,0.33133,-0.13886,-0.15101,0.00194,-0.15414
256.7,ETH-28JUN19,1560509945239,open,0.0,7787.0,0.001,0.04,0.000485,115.46,0.001,0.0,ETH-28JUN19-150-P,256.22,0.0,0.0,0.0,0.001,619.0,126.97,0.00879,-0.03658,-0.00065,0.0003,-0.00622
256.7,ETH-28JUN19,1560509945239,open,0.02,5960.0,0.001,0.054,0.014665,81.22,0.014,0.0,ETH-28JUN19-300-C,256.22,77.93,0.013,292.0,0.016,340.0,83.77,0.13256,-0.38796,0.0164,0.00652,0.1827
256.7,ETH-28JUN19,1560509945239,open,0.95,120.0,0.871,1.026,0.948703,140.0,1.102,0.0,ETH-28JUN19-500-P,256.22,0.0,0.934,60.0,0.96,60.0,209.9,0.01399,-0.07055,-0.18914,0.0004,-0.98944
256.7,ETH-28JUN19,1560509945243,open,0.01,4787.0,0.001,0.052,0.012236,79.95,0.012,0.0,ETH-28JUN19-220-P,256.22,74.69,0.01,120.0,0.013,400.0,81.67,0.11292,-0.32532,-0.01513,0.00564,-0.14283
8333.13,BTC-27SEP19,1560509945246,open,0.49,0.2,0.458,0.5375,0.49750715,80.03,0.26,0.0,BTC-27SEP19-4250-C,8295.25,0.0,0.482,1.3,0.51,1.3,102.0,3.62878,-1.38455,11.14063,2e-05,0.96279
8333.13,BTC-27SEP19,1560509945246,open,0.0,75.8,0.0005,0.0445,0.00465041,84.44,0.005,0.0,BTC-27SEP19-3750-P,8295.25,80.22,0.0035,21.0,0.0055,6.0,87.18,2.45814,-0.98957,-0.66855,1e-05,-0.02327
8295.25,index_price,1560509945246,open,0.02,115.3,0.0005,0.0625,0.02168798,68.42,0.021,0,BTC-21JUN19-8000-P,8295.25,65.02,0.02,24.0,0.0225,0.1,70.04,4.13577,-20.57623,-0.55353,0.00047,-0.33254
256.7,ETH-28JUN19,1560509945248,open,0.0,5956.0,0.001,0.041,0.001007,100.71,0.002,0.0,ETH-28JUN19-400-C,256.22,0.0,0.0,0.0,0.002,360.0,111.02,0.01934,-0.07018,0.0014,0.00077,0.01536
260.35,ETH-27SEP19,1560509945248,open,0.77,0.0,0.731,0.81,0.770531,117.77,0.01,0.0,ETH-27SEP19-60-C,256.22,0.0,0.748,12.0,0.791,12.0,208.87,0.01704,-0.00957,0.16856,7e-05,0.99586
256.7,ETH-28JUN19,1560509945248,open,0.12,504.0,0.076,0.165,0.120743,80.82,0.132,0.0,ETH-28JUN19-280-P,256.22,76.85,0.118,100.0,0.123,180.0,84.05,0.17858,-0.52011,-0.07831,0.00882,-0.68172
260.35,ETH-27SEP19,1560509945250,open,0.74,0.0,0.665,0.803,0.733769,90.32,None,0.0,ETH-27SEP19-440-P,256.22,74.8,0.713,12.0,0.761,12.0,106.96,0.39063,-0.1682,-1.14741,0.00222,-0.80006
256.7,ETH-28JUN19,1560509945274,open,0.0,2027.0,0.001,0.04,2e-06,140.0,0.001,0.0,ETH-28JUN19-90-P,256.22,0.0,0.0,0.0,0.001,99.0,234.73,7e-05,-0.00037,0.0,0.0,-4e-05
256.7,ETH-28JUN19,1560509945289,open,0.03,5913.0,0.001,0.074,0.033073,79.95,0.026,0.0,ETH-28JUN19-240-P,256.22,76.9,0.031,100.0,0.034,240.0,81.3,0.17537,-0.50522,-0.03301,0.00876,-0.30521
256.7,ETH-28JUN19,1560509945289,open,0.07,2641.0,0.027,0.111,0.069161,79.95,0.074,0.0,ETH-28JUN19-260-P,256.22,77.17,0.067,100.0,0.071,180.0,82.31,0.19967,-0.57523,-0.0557,0.00997,-0.5016
8295.25,index_price,1560509945291,open,0.15,0.2,0.104,0.1955,0.14982493,74.02,0.174,0,BTC-21JUN19-9500-P,8295.25,0.0,0.143,6.0,0.155,6.0,92.06,1.99193,-10.72262,-1.64114,0.00021,-0.90042
8295.25,index_price,1560509945308,open,0.0,219.8,0.0005,0.0405,0.00050884,81.45,0.001,0,BTC-21JUN19-6500-P,8295.25,0.0,0.0,0.0,0.001,43.8,90.11,0.37163,-2.20115,-0.02053,4e-05,-0.01263
8333.13,BTC-27SEP19,1560509945316,open,0.45,13.1,0.38,0.494,0.4370015,73.42,0.413,0.0,BTC-27DEC19-11000-P,8295.25,71.83,0.4325,3.6,0.441,3.6,74.83,23.62005,-4.42677,-46.26969,9e-05,-0.59767
260.35,ETH-27SEP19,1560509945320,open,0.88,0.0,0.802,0.951,0.876286,91.05,None,0.0,ETH-27SEP19-480-P,256.22,70.59,0.855,12.0,0.905,12.0,110.59,0.33451,-0.14521,-1.2866,0.00189,-0.84361
260.35,ETH-27SEP19,1560509945320,open,0.02,7505.0,0.001,0.055,0.014942,87.98,0.023,0.0,ETH-27SEP19-140-P,256.22,84.86,0.013,70.0,0.017,330.0,91.09,0.16714,-0.07011,-0.05637,0.00098,-0.06042
260.35,ETH-27SEP19,1560509945320,open,0.13,2706.0,0.095,0.174,0.134956,88.77,0.137,0.0,ETH-27SEP19-300-C,256.22,86.45,0.13,240.0,0.138,120.0,90.2,0.55575,-0.2352,0.25518,0.00321,0.47608
256.7,ETH-28JUN19,1560509945320,open,0.1,1054.0,0.059,0.138,0.098129,79.95,0.095,0.0,ETH-28JUN19-240-C,256.22,73.86,0.094,120.0,0.1,180.0,82.68,0.17537,-0.50522,0.05823,0.00876,0.69479
8296.13,BTC-28JUN19,1560509945345,open,0.01,1037.9,0.0005,0.048,0.0076948,73.78,0.01,0.0,BTC-28JUN19-7000-P,8295.25,71.78,0.007,5.5,0.0085,40.0,76.0,2.94393,-7.82675,-0.35583,0.00015,-0.10513
8296.13,BTC-28JUN19,1560509945345,open,0.0,798.1,0.0005,0.042,0.00246416,79.77,0.0035,0.0,BTC-28JUN19-11000-C,8295.25,76.91,0.002,30.0,0.0035,35.0,85.18,1.43019,-4.11122,0.12244,7e-05,0.04129
8333.13,BTC-27SEP19,1560509945345,open,0.02,128.7,0.0005,0.0605,0.02069857,78.67,0.02,0.0,BTC-27SEP19-15000-C,8295.25,77.53,0.0195,2.0,0.0215,13.0,79.42,8.85088,-3.31968,2.33918,6e-05,0.11839
8296.13,BTC-28JUN19,1560509945345,open,0.0,133.4,0.0005,0.04,6.328e-05,135.0,0.0005,0.0,BTC-28JUN19-3750-P,8295.25,0.0,0.0,0.0,0.0005,10.0,166.07,0.04545,-0.22108,-0.00279,0.0,-0.00082
8333.13,BTC-27SEP19,1560509945347,open,1.68,0.0,1.558,1.771,1.66453974,84.62,None,0.0,BTC-27DEC19-22000-P,8295.25,0.0,1.6395,1.3,1.691,1.3,101.03,11.06532,-2.39023,-114.48142,4e-05,-0.89546
8333.13,BTC-27SEP19,1560509945347,open,0.98,0.0,0.8905,1.0475,0.96901528,78.15,None,0.0,BTC-27DEC19-16000-P,8295.25,67.28,0.949,1.3,0.99,1.3,87.81,16.92242,-3.37574,-79.25445,6e-05,-0.80325
8333.13,BTC-27SEP19,1560509945347,open,0.26,15.1,0.2085,0.3085,0.25860865,72.01,0.2735,0.0,BTC-27DEC19-9000-P,8295.25,70.76,0.255,3.6,0.2625,3.6,73.35,24.18514,-4.44543,-31.82771,9e-05,-0.45311
8333.13,BTC-27SEP19,1560509945347,open,0.82,0.0,0.782,0.8615,0.8219832,110.58,None,0.0,BTC-27DEC19-1500-C,8295.25,0.0,0.803,1.3,0.8395,1.3,174.25,1.01289,-0.28591,7.69978,0.0,0.99416
256.22,index_price,1560509945403,open,0.11,0.0,0.061,0.148,0.104416,75.1,None,0,ETH-21JUN19-280-P,256.22,63.1,0.1,60.0,0.105,60.0,76.57,0.10109,-0.55205,-0.04321,0.01089,-0.79091
8296.13,BTC-28JUN19,1560509945412,open,0.7,24.4,0.659,0.7385,0.69865548,150.81,0.5115,0.0,BTC-28JUN19-2500-C,8295.25,0.0,0.6915,6.0,0.706,6.0,367.93,0.00085,-0.00464,0.95035,0.0,0.99999
8333.13,BTC-27SEP19,1560509945420,open,0.41,793.4,0.3765,0.456,0.41609976,76.67,0.361,0.0,BTC-27SEP19-5000-C,8295.25,44.23,0.401,1.3,0.428,1.3,90.79,6.24325,-2.28222,12.21454,4e-05,0.92624
8333.13,BTC-27SEP19,1560509945422,open,0.35,11.6,0.29,0.397,0.34344273,72.49,0.3765,0.0,BTC-27DEC19-10000-P,8295.25,71.14,0.3395,3.6,0.348,3.6,74.06,24.27988,-4.49295,-39.1055,9e-05,-0.53102
8296.13,BTC-28JUN19,1560509945525,open,0.0,990.2,0.0005,0.0405,0.00068217,114.26,0.0005,0.0,BTC-28JUN19-5000-P,8295.25,0.0,0.0,0.0,0.0015,48.1,127.83,0.37621,-1.54901,-0.02914,1e-05,-0.00856
8333.13,BTC-27SEP19,1560509945544,open,0.47,289.7,0.43,0.5095,0.46998231,79.11,0.51,0.0,BTC-27SEP19-4500-C,8295.25,0.0,0.4545,1.3,0.4825,1.3,98.19,4.45576,-1.68059,11.54232,3e-05,0.95204
8296.13,BTC-28JUN19,1560509945579,open,0.0,94.5,0.0005,0.04,7.51e-06,135.0,0.0005,0.0,BTC-28JUN19-3250-P,8295.25,0.0,0.0,0.0,0.0005,10.0,193.95,0.00708,-0.03444,-0.00037,0.0,-0.00011
256.7,ETH-28JUN19,1560509945584,open,0.17,144.0,0.122,0.215,0.168636,83.67,0.183,0.0,ETH-26JUL19-280-P,256.22,74.9,0.157,100.0,0.172,244.0,86.19,0.34219,-0.34187,-0.2162,0.00541,-0.56547
8333.13,BTC-27SEP19,1560509945605,open,2.64,0.0,2.4695,2.758,2.61359334,92.0,None,0.0,BTC-27DEC19-30000-P,8295.25,0.0,2.582,1.3,2.648,1.3,118.63,7.17192,-1.68429,-158.96149,2e-05,-0.94105
256.22,index_price,1560509945768,open,0.14,0.0,0.093,0.183,0.137966,75.1,None,0,ETH-21JUN19-290-P,256.22,0.0,0.125,60.0,0.146,60.0,98.91,0.07242,-0.39546,-0.04889,0.0078,-0.87494
256.7,ETH-28JUN19,1560509945787,open,0.0,0.036,0.115,0.075242,79.95,None,0.0,ETH-28JUN19-250-C,256.22,74.32,0.071,120.0,0.077,180.0,82.28,0.19364,-0.55787,0.05099,0.00967,0.59778
256.22,index_price,1560509946025,open,0.15,61.0,0.105,0.184,0.144772,77.78,0.115,0,ETH-21JUN19-220-C,256.22,0.0,0.136,60.0,0.156,70.0,120.12,0.04686,-0.26504,0.03793,0.00487,0.93069
8296.12,BTC-28JUN19,1560509946157,open,0.06,27.0,0.011,0.0945,0.05270044,72.46,0.051,0.0,BTC-26JUL19-7500-P,8295.25,70.58,0.0505,24.3,0.054,19.3,73.57,9.72195,-8.41127,-3.32608,0.00017,-0.29675
256.22,index_price,1560509946166,open,0.0,55.0,0.001,0.041,0.001,89.44,0.001,0,ETH-21JUN19-330-C,256.22,0.0,0.0,0.0,0.002,250.0,100.12,0.01898,-0.12348,0.00105,0.00172,0.02275
256.22,index_price,1560509946200,open,0.0,8.0,0.001,0.043,0.003409,77.78,0.004,0,ETH-21JUN19-220-P,256.22,69.05,0.002,400.0,0.005,551.0,85.69,0.04686,-0.26504,-0.00351,0.00487,-0.06931
256.7,ETH-28JUN19,1560509946204,open,0.04,328.0,0.001,0.08,0.040159,84.43,0.044,0.0,ETH-26JUL19-320-C,256.22,81.55,0.037,285.0,0.044,285.0,87.85,0.28483,-0.28713,0.06624,0.00446,0.26508
256.7,ETH-28JUN19,1560509946281,open,0.0,0.0,0.001,0.044,0.004137,82.7,None,0.0,ETH-26JUL19-160-P,256.22,77.82,0.003,120.0,0.006,350.0,89.29,0.06528,-0.06446,-0.01117,0.00104,-0.0338
256.7,ETH-28JUN19,1560509946394,open,0.29,0.0,0.236,0.338,0.28675,84.43,None,0.0,ETH-26JUL19-320-P,256.22,0.0,0.245,48.0,0.317,48.0,109.95,0.28483,-0.28713,-0.30089,0.00446,-0.73492
256.7,ETH-28JUN19,1560509946598,open,0.03,1139.0,0.001,0.068,0.028343,84.63,0.03,0.0,ETH-26JUL19-340-C,256.22,82.13,0.026,291.0,0.031,442.0,87.38,0.24435,-0.24692,0.05093,0.00382,0.20128
256.7,ETH-28JUN19,1560509946672,open,0.01,240.0,0.001,0.051,0.011035,82.03,0.008,0.0,ETH-26JUL19-180-P,256.22,77.74,0.009,120.0,0.012,270.0,83.94,0.1272,-0.12459,-0.02632,0.00205,-0.07832
260.35,ETH-27SEP19,1560509946713,open,0.0,1744.0,0.001,0.042,0.00273,110.37,0.002,0.0,ETH-27SEP19-80-P,256.22,95.54,0.001,120.0,0.004,150.0,117.61,0.04042,-0.02127,-0.01027,0.00019,-0.011
8296.13,BTC-28JUN19,1560509946781,open,0.0,1822.6,0.0005,0.041,0.00097414,80.81,0.001,0.0,BTC-28JUN19-6000-P,8295.25,73.52,0.0005,6.0,0.0015,71.0,86.54,0.66018,-1.92241,-0.05469,3e-05,-0.01637
256.22,index_price,1560509946976,open,0.25,0.0,0.2,0.299,0.24993,80.36,None,0,ETH-21JUN19-320-P,256.22,0.0,0.237,60.0,0.257,60.0,122.24,0.02054,-0.12004,-0.05912,0.00207,-0.97502
256.7,ETH-28JUN19,1560509947042,open,0.0,0.001,0.061,0.021183,81.07,None,0.0,ETH-28JUN19-290-C,256.22,77.45,0.019,120.0,0.023,240.0,84.0,0.15708,-0.45886,0.02177,0.00774,0.24426
8333.12,BTC-27SEP19,1560509947042,open,1.66,0.0,1.54,1.751,1.64541607,87.77,None,0.0,BTC-27SEP19-22000-P,8295.25,0.0,1.6305,1.3,1.675,1.3,125.46,3.35071,-1.40211,-62.53247,2e-05,-0.96624
260.35,ETH-27SEP19,1560509947045,open,0.0,4106.0,0.001,0.042,0.002498,89.46,0.004,0.0,ETH-27SEP19-100-P,256.22,78.38,0.001,161.0,0.004,150.0,96.8,0.0458,-0.01953,-0.01137,0.00026,-0.0127
260.35,ETH-27SEP19,1560509947082,open,0.0,4106.0,0.001,0.042,0.002498,89.46,0.004,0.0,ETH-27SEP19-100-P,256.22,78.38,0.001,281.0,0.004,150.0,96.8,0.0458,-0.01953,-0.01137,0.00026,-0.0127
256.7,ETH-28JUN19,1560509947239,open,0.19,20.0,0.15,0.229,0.189358,82.03,0.171,0.0,ETH-26JUL19-220-C,256.22,77.89,0.185,189.0,0.195,89.0,87.29,0.2726,-0.26699,0.16695,0.0044,0.75622
256.7,ETH-28JUN19,1560509947264,open,0.0,0.001,0.043,0.003222,83.58,None,0.0,ETH-28JUN19-340-C,256.22,68.69,0.001,300.0,0.004,400.0,87.21,0.05177,-0.15593,0.00458,0.00247,0.05019
256.22,index_price,1560509947295,open,0.03,328.0,0.001,0.069,0.02881,73.57,0.028,0,ETH-21JUN19-250-P,256.22,68.2,0.026,240.0,0.031,128.0,77.74,0.13436,-0.71883,-0.01995,0.01477,-0.38443
8296.11,BTC-28JUN19,1560509947369,open,0.0,1430.2,0.0005,0.04,4.38e-05,135.0,0.0005,0.0,BTC-28JUN19-20000-C,8295.25,0.0,0.0,0.0,0.0005,20.0,166.15,0.03718,-0.18085,0.00194,0.0,0.00066
8296.11,BTC-28JUN19,1560509947397,open,0.0,1255.2,0.0005,0.04,0.0,135.0,0.0005,0.0,BTC-28JUN19-1500-P,8295.25,0.0,0.0,0.0,0.0005,13.0,346.69,0.0,0.0,0.0,0.0,0.0
8296.11,BTC-28JUN19,1560509947399,open,0.0,544.3,0.0005,0.0405,0.00050005,106.36,0.0005,0.0,BTC-28JUN19-14000-C,8295.25,0.0,0.0,0.0,0.001,15.0,115.59,0.34558,-1.3245,0.02293,1e-05,0.00777
8296.11,BTC-28JUN19,1560509947399,open,0.0,718.2,0.0005,0.041,0.00100431,86.3,0.0015,0.0,BTC-28JUN19-12000-C,8295.25,78.84,0.0005,200.5,0.0015,50.0,91.44,0.69742,-2.16889,0.05187,3e-05,0.01745
256.7,ETH-28JUN19,1560509947413,open,0.0,7477.0,0.001,0.041,0.001908,84.66,0.006,0.0,ETH-28JUN19-190-P,256.22,76.06,0.001,100.0,0.002,100.0,85.37,0.03251,-0.09917,-0.00295,0.00153,-0.02837
256.7,ETH-28JUN19,1560509947465,open,0.0,0.001,0.043,0.003222,83.58,None,0.0,ETH-28JUN19-340-C,256.22,68.69,0.001,420.0,0.004,400.0,87.21,0.05177,-0.15593,0.00458,0.00247,0.05019
8333.11,BTC-27SEP19,1560509947573,open,0.01,96.7,0.0005,0.053,0.01269758,82.26,0.0145,0.0,BTC-27DEC19-3500-P,8295.25,80.35,0.0115,6.0,0.014,16.0,84.24,5.35112,-1.12357,-2.39463,2e-05,-0.04085
256.22,index_price,1560509947660,open,0.05,254.0,0.007,0.09,0.048364,73.57,0.048,0,ETH-21JUN19-260-P,256.22,67.39,0.045,180.0,0.051,7.0,78.4,0.13967,-0.7472,-0.02829,0.01535,-0.53767
8296.11,BTC-28JUN19,1560509947725,open,0.0,1145.2,0.0005,0.0425,0.00272783,76.02,0.0025,0.0,BTC-28JUN19-6500-P,8295.25,71.56,0.002,51.0,0.0035,40.0,80.09,1.46974,-4.02622,-0.14328,7e-05,-0.0427
8333.11,BTC-27SEP19,1560509947762,open,0.02,383.2,0.0005,0.0565,0.01611312,76.67,0.028,0.0,BTC-27SEP19-5000-P,8295.25,75.85,0.0155,0.1,0.0165,1.0,77.19,6.24304,-2.28208,-2.15188,4e-05,-0.07376
8333.11,BTC-27SEP19,1560509947762,open,0.35,122.6,0.3135,0.393,0.35330739,72.99,0.41,0.0,BTC-27DEC19-6000-C,8295.25,65.11,0.338,1.3,0.3685,1.3,80.55,16.51048,-3.07613,20.4688,6e-05,0.81102
256.7,ETH-28JUN19,1560509947775,open,0.0,0.169,0.266,0.217621,81.38,None,0.0,ETH-28JUN19-310-P,256.22,0.0,0.205,60.0,0.228,60.0,102.67,0.10788,-0.31638,-0.10579,0.00529,-0.86642
8333.11,BTC-27SEP19,1560509947830,open,0.02,39.8,0.0005,0.064,0.02448455,84.63,0.0225,0.0,BTC-27DEC19-22000-C,8295.25,83.49,0.023,6.0,0.026,16.0,85.75,11.06742,-2.39089,3.58147,4e-05,0.10457
256.22,index_price,1560509947861,open,0.02,303.0,0.001,0.06,0.020598,75.0,0.019,0,ETH-21JUN19-270-C,256.22,69.68,0.018,366.0,0.023,3.0,79.83,0.12636,-0.68915,0.01463,0.01362,0.32368
256.7,ETH-28JUN19,1560509947877,open,0.19,171.0,0.137,0.23,0.183344,81.22,0.268,0.0,ETH-28JUN19-300-P,256.22,49.42,0.171,60.0,0.194,60.0,100.05,0.13256,-0.38796,-0.09765,0.00652,-0.81731
256.7,ETH-28JUN19,1560509947877,open,0.0,7898.0,0.001,0.043,0.003182,79.95,0.004,0.0,ETH-28JUN19-200-P,256.22,64.7,0.001,895.0,0.004,400.0,84.0,0.04876,-0.14048,-0.00485,0.00243,-0.04657
260.35,ETH-27SEP19,1560509947877,open,0.0,190.0,0.001,0.041,0.00099,117.77,0.001,0.0,ETH-27SEP19-60-P,256.22,0.0,0.0,0.0,0.002,150.0,129.74,0.01704,-0.00957,-0.00384,7e-05,-0.00414
260.35,ETH-27SEP19,1560509947880,open,0.01,8200.0,0.001,0.047,0.006932,88.89,0.008,0.0,ETH-27SEP19-120-P,256.22,83.31,0.005,180.0,0.009,330.0,94.01,0.09804,-0.04155,-0.02851,0.00057,-0.03118
260.35,ETH-27SEP19,1560509947880,open,0.6,0.0,0.534,0.66,0.596879,90.24,None,0.0,ETH-27SEP19-400-P,256.22,75.46,0.573,12.0,0.625,12.0,105.61,0.45191,-0.19442,-1.0007,0.00257,-0.74084
256.7,ETH-28JUN19,1560509947890,open,0.61,0.0,0.571,0.65,0.610452,140.0,None,0.0,ETH-28JUN19-100-C,256.22,0.0,0.6,60.0,0.621,60.0,318.74,0.00032,-0.0016,0.038,1e-05,0.99983
256.7,ETH-28JUN19,1560509947890,open,0.3,3454.0,0.26,0.339,0.299761,87.45,0.289,0.0,ETH-28JUN19-180-C,256.22,0.0,0.294,30.0,0.307,30.0,131.93,0.01908,-0.06012,0.06686,0.00087,0.98488
260.35,ETH-27SEP19,1560509947897,open,0.3,1728.0,0.266,0.345,0.305075,87.91,0.32,0.0,ETH-27SEP19-200-C,256.22,73.37,0.283,100.0,0.322,100.0,98.62,0.40582,-0.17008,0.36033,0.00237,0.78676
8333.11,BTC-27SEP19,1560509947899,open,0.06,505.3,0.0235,0.103,0.0630591,73.29,0.064,0.0,BTC-27SEP19-11000-C,8295.25,71.92,0.0605,4.9,0.065,4.9,74.32,15.64403,-5.4661,5.79054,0.00011,0.3049
8296.1,BTC-28JUN19,1560509947902,open,0.02,576.2,0.0005,0.059,0.01854622,72.17,0.0195,0.0,BTC-28JUN19-7500-P,8295.25,70.32,0.0175,29.0,0.0195,24.0,73.83,4.73329,-12.30886,-0.73829,0.00025,-0.21555
256.7,ETH-28JUN19,1560509947910,open,0.0,10453.0,0.001,0.04,0.000486,128.97,0.001,0.0,ETH-28JUN19-140-P,256.22,0.0,0.0,0.0,0.001,599.0,141.59,0.008,-0.03718,-0.00059,0.00025,-0.0056
260.35,ETH-27SEP19,1560509947919,open,0.35,63.0,0.29,0.397,0.343583,89.0,0.368,0.0,ETH-27SEP19-320-P,256.22,86.81,0.339,36.0,0.351,36.0,92.52,0.54638,-0.23183,-0.68856,0.00315,-0.57687
256.7,ETH-28JUN19,1560509947919,open,0.53,50.0,0.493,0.572,0.532676,140.0,0.547,0.0,ETH-28JUN19-120-C,256.22,0.0,0.522,60.0,0.543,60.0,263.23,0.00279,-0.01409,0.04543,8e-05,0.99826
256.7,ETH-28JUN19,1560509947919,open,0.69,0.0,0.649,0.728,0.688352,140.0,None,0.0,ETH-28JUN19-80-C,256.22,0.0,0.678,60.0,0.699,60.0,387.66,1e-05,-6e-05,0.03041,0.0,0.99999
256.7,ETH-28JUN19,1560509947929,open,0.22,2194.0,0.185,0.264,0.224062,79.95,0.213,0.0,ETH-28JUN19-200-C,256.22,0.0,0.213,90.0,0.233,30.0,112.07,0.04876,-0.14048,0.07118,0.00243,0.95343
8333.11,BTC-27SEP19,1560509947944,open,0.06,154.8,0.017,0.0965,0.05684862,77.07,0.0655,0.0,BTC-27DEC19-15000-C,8295.25,76.22,0.055,4.9,0.0585,14.9,77.82,18.26103,-3.59261,7.47398,6e-05,0.22398
260.35,ETH-27SEP19,1560509947967,open,0.47,81.0,0.408,0.524,0.465744,89.67,0.428,0.0,ETH-27SEP19-360-P,256.22,76.5,0.441,36.0,0.494,36.0,103.81,0.50673,-0.21662,-0.84798,0.0029,-0.66783
8296.1,BTC-28JUN19,1560509947984,open,0.16,846.5,0.124,0.2035,0.16392819,73.79,0.155,0.0,BTC-28JUN19-7000-C,8295.25,56.87,0.159,1.0,0.171,6.0,91.2,2.94447,-7.82907,2.30516,0.00015,0.89484
8296.1,BTC-28JUN19,1560509947984,open,0.0,278.7,0.0005,0.0405,0.00048777,130.1,0.0005,0.0,BTC-28JUN19-4500-P,8295.25,0.0,0.0,0.0,0.001,10.0,142.75,0.25747,-1.20708,-0.01911,1e-05,-0.00557
256.7,ETH-28JUN19,1560509947999,open,0.0,8261.0,0.001,0.04,0.000904,140.0,0.001,0.0,ETH-28JUN19-500-C,256.22,0.0,0.0,0.0,0.002,825.0,154.92,0.01399,-0.07055,0.00094,0.0004,0.01056
256.7,ETH-28JUN19,1560509948012,open,0.1,201.0,0.065,0.144,0.104886,82.03,0.125,0.0,ETH-26JUL19-260-C,256.22,81.37,0.104,120.0,0.11,109.0,85.83,0.34538,-0.33827,0.12727,0.00557,0.53703
256.7,ETH-28JUN19,1560509948016,open,0.0,1214.0,0.001,0.041,0.001005,118.54,0.001,0.0,ETH-28JUN19-440-C,256.22,0.0,0.0,0.0,0.002,450.0,130.15,0.01715,-0.07324,0.0012,0.00058,0.01335
260.35,ETH-27SEP19,1560509948016,open,0.54,47.0,0.507,0.586,0.546014,88.89,0.564,0.0,ETH-27SEP19-120-C,256.22,0.0,0.524,12.0,0.566,12.0,125.04,0.09804,-0.04155,0.31629,0.00057,0.96882
256.7,ETH-28JUN19,1560509948016,open,0.41,60.0,0.348,0.459,0.403748,83.58,0.516,0.0,ETH-28JUN19-360-P,256.22,0.0,0.391,60.0,0.414,60.0,127.16,0.02736,-0.08241,-0.13473,0.00131,-0.97691
8333.11,BTC-27SEP19,1560509948020,open,0.39,56.9,0.3545,0.434,0.39427262,73.61,0.368,0.0,BTC-27DEC19-5500-C,8295.25,64.28,0.379,1.3,0.4105,1.3,82.88,14.17851,-2.66407,20.41839,5e-05,0.85086
256.7,ETH-28JUN19,1560509948028,open,0.57,214.0,0.532,0.611,0.571531,140.0,0.552,0.0,ETH-28JUN19-110-C,256.22,0.0,0.561,60.0,0.582,60.0,289.66,0.00105,-0.00528,0.04175,3e-05,0.9994
256.7,ETH-28JUN19,1560509948029,open,0.45,335.0,0.416,0.495,0.455102,128.97,0.481,0.0,ETH-28JUN19-140-C,256.22,0.0,0.444,60.0,0.465,60.0,216.51,0.008,-0.03718,0.05263,0.00025,0.9944
260.35,ETH-27SEP19,1560509948049,open,0.35,743.0,0.317,0.396,0.35635,87.91,0.337,0.0,ETH-27SEP19-180-C,256.22,69.87,0.335,100.0,0.374,100.0,101.28,0.33133,-0.13886,0.36618,0.00194,0.84586
260.35,ETH-27SEP19,1560509948065,open,0.16,2052.0,0.12,0.199,0.159115,88.52,0.166,0.0,ETH-27SEP19-280-C,256.22,86.12,0.154,216.0,0.162,116.0,89.87,0.55479,-0.23414,0.28001,0.00322,0.53343
256.7,ETH-28JUN19,1560509948071,open,0.65,0.0,0.61,0.689,0.649398,140.0,None,0.0,ETH-28JUN19-90-C,256.22,0.0,0.639,60.0,0.66,60.0,351.11,7e-05,-0.00037,0.03421,0.0,0.99996
256.7,ETH-28JUN19,1560509948080,open,0.0,7876.0,0.001,0.04,0.000483,90.76,0.001,0.0,ETH-28JUN19-170-P,256.22,0.0,0.0,0.0,0.001,200.0,100.23,0.01075,-0.03516,-0.00081,0.00047,-0.00782
260.35,ETH-27SEP19,1560509948090,open,0.06,2086.0,0.021,0.1,0.060486,90.24,0.068,0.0,ETH-27SEP19-400-C,256.22,88.8,0.058,288.0,0.063,48.0,91.68,0.45191,-0.19442,0.14862,0.00257,0.25916
260.35,ETH-27SEP19,1560509948090,open,0.1,999.0,0.058,0.137,0.097895,89.59,0.104,0.0,ETH-27SEP19-340-C,256.22,88.16,0.095,248.0,0.101,48.0,91.11,0.52968,-0.22623,0.20812,0.00304,0.3761
256.7,ETH-28JUN19,1560509948090,open,0.42,481.0,0.377,0.456,0.416145,115.46,0.46,0.0,ETH-28JUN19-150-C,256.22,0.0,0.405,60.0,0.426,60.0,195.55,0.00879,-0.03658,0.05637,0.0003,0.99378
8296.1,BTC-28JUN19,1560509948147,open,0.76,20.1,0.719,0.7985,0.75892374,179.15,0.578,0.0,BTC-28JUN19-2000-C,8295.25,0.0,0.7515,6.0,0.7665,6.0,435.62,0.00078,-0.00503,0.76028,0.0,0.99999
256.7,ETH-28JUN19,1560509948186,open,0.26,576.0,0.222,0.301,0.261745,84.66,0.233,0.0,ETH-28JUN19-190-C,256.22,0.0,0.251,60.0,0.272,60.0,128.99,0.0325,-0.09915,0.06928,0.00153,0.97164
260.35,ETH-27SEP19,1560509948200,open,0.08,1434.0,0.043,0.122,0.08299,89.67,0.084,0.0,ETH-27SEP19-360-C,256.22,88.13,0.08,282.0,0.086,48.0,91.21,0.50673,-0.21662,0.18641,0.0029,0.33217
8296.1,BTC-28JUN19,1560509948206,open,0.04,22.2,0.0005,0.0765,0.03651645,74.26,0.0365,0.0,BTC-26JUL19-10000-C,8295.25,72.89,0.035,7.0,0.038,19.3,75.58,9.26786,-8.21742,2.20943,0.00016,0.26865
260.35,ETH-27SEP19,1560509948209,open,0.07,1448.0,0.031,0.11,0.070864,90.0,0.079,0.0,ETH-27SEP19-380-C,256.22,88.44,0.068,285.0,0.074,48.0,91.69,0.48054,-0.20619,0.1667,0.00274,0.2937
260.35,ETH-27SEP19,1560509948248,open,0.62,0.0,0.579,0.658,0.6184,89.46,None,0.0,ETH-27SEP19-100-C,256.22,0.0,0.597,12.0,0.639,12.0,143.28,0.0458,-0.01953,0.27596,0.00026,0.9873
256.7,ETH-28JUN19,1560509948248,open,0.03,1789.0,0.001,0.069,0.029975,80.82,0.028,0.0,ETH-28JUN19-280-C,256.22,77.97,0.028,120.0,0.032,240.0,83.72,0.17858,-0.52011,0.02813,0.00882,0.31828
260.35,ETH-27SEP19,1560509948248,open,0.41,31.0,0.348,0.459,0.40383,89.59,0.368,0.0,ETH-27SEP19-340-P,256.22,76.61,0.378,36.0,0.432,36.0,103.21,0.52968,-0.22623,-0.76881,0.00304,-0.6239
256.22,index_price,1560509948248,open,0.22,0.0,0.181,0.26,0.220382,90.75,None,0,ETH-21JUN19-200-C,256.22,0.0,0.212,60.0,0.231,60.0,156.16,0.01712,-0.11299,0.03666,0.00153,0.97987
256.7,ETH-28JUN19,1560509948274,open,0.72,60.0,0.647,0.783,0.715068,118.54,0.85,0.0,ETH-28JUN19-440-P,256.22,0.0,0.701,60.0,0.726,60.0,178.89,0.01715,-0.07324,-0.16606,0.00058,-0.98665
256.7,ETH-28JUN19,1560509948274,open,0.0,1541.0,0.001,0.04,0.0,140.0,0.001,0.0,ETH-28JUN19-80-P,256.22,0.0,0.0,0.0,0.001,114.0,259.67,1e-05,-6e-05,0.0,0.0,-1e-05
256.7,ETH-28JUN19,1560509948308,open,0.0,0.085,0.164,0.124896,79.95,None,0.0,ETH-28JUN19-230-C,256.22,72.99,0.121,100.0,0.126,60.0,81.87,0.14701,-0.42352,0.06423,0.00734,0.78304
256.7,ETH-28JUN19,1560509948320,open,0.0,4769.0,0.001,0.04,0.000148,140.0,0.001,0.0,ETH-28JUN19-120-P,256.22,0.0,0.0,0.0,0.001,199.0,174.11,0.00279,-0.01409,-0.00018,8e-05,-0.00174
260.35,ETH-27SEP19,1560509948320,open,0.24,626.0,0.186,0.283,0.234591,88.52,0.247,0.0,ETH-27SEP19-280-P,256.22,86.84,0.231,100.0,0.241,136.0,91.53,0.55479,-0.23414,-0.52451,0.00322,-0.46657
260.35,ETH-27SEP19,1560509948320,open,0.22,2213.0,0.181,0.26,0.220681,87.91,0.19,0.0,ETH-27SEP19-240-C,256.22,84.52,0.214,100.0,0.224,136.0,89.6,0.51222,-0.21468,0.32751,0.00299,0.65848
256.7,ETH-28JUN19,1560509948320,open,0.19,771.0,0.149,0.228,0.188493,79.95,0.153,0.0,ETH-28JUN19-210-C,256.22,0.0,0.177,60.0,0.196,100.0,100.59,0.07854,-0.22625,0.0708,0.00392,0.91405
8296.1,BTC-28JUN19,1560509948346,open,0.61,0.1,0.5685,0.648,0.60825859,136.54,0.395,0.0,BTC-28JUN19-3250-C,8295.25,0.0,0.601,6.0,0.6155,6.0,292.38,0.00816,-0.04016,1.23507,0.0,0.99987
8333.11,BTC-27SEP19,1560509948346,open,0.25,95.6,0.211,0.2905,0.25094255,71.81,0.2675,0.0,BTC-27DEC19-7500-C,8295.25,65.94,0.2355,5.0,0.2665,5.0,77.75,21.87551,-4.01015,19.11616,8e-05,0.67841
256.7,ETH-28JUN19,1560509948349,open,0.16,1522.0,0.116,0.195,0.155205,79.95,0.154,0.0,ETH-28JUN19-220-C,256.22,49.25,0.145,100.0,0.163,100.0,96.25,0.11292,-0.32532,0.0685,0.00564,0.85717
256.7,ETH-28JUN19,1560509948352,open,0.0,0.001,0.044,0.004913,83.58,None,0.0,ETH-28JUN19-330-C,256.22,79.99,0.004,120.0,0.006,400.0,87.43,0.06879,-0.20719,0.00656,0.00329,0.07217
256.7,ETH-28JUN19,1560509948399,open,0.08,3.0,0.038,0.117,0.077869,83.67,0.091,0.0,ETH-26JUL19-280-C,256.22,80.77,0.074,238.0,0.082,118.0,86.77,0.34219,-0.34187,0.10504,0.00541,0.43453
8296.1,BTC-28JUN19,1560509948412,open,0.58,0.8,0.505,0.63,0.56749681,93.19,2.171,0.0,BTC-28JUN19-13000-P,8295.25,0.0,0.559,6.0,0.575,6.0,143.57,0.37902,-1.27282,-4.91637,2e-05,-0.99137
8333.1,BTC-27SEP19,1560509948412,open,0.19,75.1,0.137,0.231,0.18394345,71.81,0.183,0.0,BTC-27DEC19-8000-P,8295.25,70.57,0.1805,9.9,0.187,4.9,72.92,22.98117,-4.21278,-24.62474,9e-05,-0.36671
8296.1,BTC-28JUN19,1560509948420,open,0.04,119.2,0.0055,0.085,0.04515137,71.94,0.04,0.0,BTC-28JUN19-8500-C,8295.58,70.45,0.044,5.0,0.047,18.0,74.32,6.41892,-16.63879,1.30516,0.00034,0.45899
8296.1,BTC-28JUN19,1560509948420,open,0.07,245.0,0.027,0.1125,0.06972672,71.93,0.0685,0.0,BTC-28JUN19-8500-P,8295.58,69.05,0.0675,23.0,0.071,0.1,73.58,6.41891,-16.63802,-1.92617,0.00034,-0.54102
8296.1,BTC-28JUN19,1560509948420,open,0.46,216.2,0.4185,0.498,0.45806619,130.17,0.435,0.0,BTC-28JUN19-4500-C,8295.58,0.0,0.4505,6.0,0.465,6.0,202.04,0.2582,-1.21107,1.69153,1e-05,0.99441
8333.1,BTC-27SEP19,1560509948420,open,0.01,308.1,0.0005,0.045,0.00535473,87.79,0.004,0.0,BTC-27SEP19-22000-C,8295.58,84.1,0.004,6.0,0.0065,21.0,90.46,3.35319,-1.4034,0.68085,2e-05,0.03379
8333.1,BTC-27SEP19,1560509948420,open,0.0,602.2,0.0005,0.0415,0.00172794,89.89,0.002,0.0,BTC-27SEP19-3000-P,8295.58,83.35,0.001,15.0,0.0025,7.0,95.08,1.09736,-0.4703,-0.2595,1e-05,-0.00911
8333.1,BTC-27SEP19,1560509948420,open,0.0,47.8,0.0005,0.0425,0.0025619,88.5,0.0025,0.0,BTC-27SEP19-3250-P,8295.58,81.62,0.0015,21.0,0.0035,6.0,93.19,1.50909,-0.63671,-0.37594,1e-05,-0.01314
8296.1,BTC-28JUN19,1560509948420,open,0.82,33.8,0.7795,0.859,0.8191928,211.85,0.7145,0.0,BTC-28JUN19-1500-C,8295.58,0.0,0.8115,6.0,0.827,6.0,500.0,0.00051,-0.00388,0.57021,0.0,0.99999
8333.1,BTC-27SEP19,1560509948420,open,0.01,259.9,0.0005,0.047,0.00729956,85.14,0.007,0.0,BTC-27SEP19-20000-C,8295.58,82.45,0.006,6.0,0.0085,21.0,87.37,4.27089,-1.73352,0.91438,3e-05,0.04549
8333.1,BTC-27SEP19,1560509948420,open,0.5,6.1,0.427,0.5455,0.48618669,74.34,1.781,0.0,BTC-27SEP19-12000-P,8295.58,66.63,0.474,1.3,0.5055,1.3,85.43,13.79231,-4.88854,-29.90885,9e-05,-0.76295
8296.1,BTC-28JUN19,1560509948420,open,0.0,850.0,0.0005,0.04,2.03e-06,135.0,0.0005,0.0,BTC-28JUN19-3000-P,8295.58,0.0,0.0,0.0,0.0005,10.0,209.56,0.0022,-0.0107,-0.00011,0.0,-3e-05
8296.1,BTC-28JUN19,1560509948420,open,0.27,1692.9,0.238,0.3175,0.27774538,80.84,0.239,0.0,BTC-28JUN19-6000-C,8295.58,0.0,0.271,6.0,0.2845,6.0,120.89,0.66135,-1.92659,2.22613,3e-05,0.9836
8296.1,BTC-28JUN19,1560509948421,open,0.64,43.6,0.5985,0.678,0.63838764,138.96,0.6755,0.0,BTC-28JUN19-3000-C,8295.58,0.0,0.631,6.0,0.646,6.0,318.18,0.00334,-0.01674,1.1403,0.0,0.99995
8296.1,BTC-28JUN19,1560509948420,open,1.42,0.4,1.3145,1.507,1.41080641,132.88,5.076,0.0,BTC-28JUN19-20000-P,8295.58,0.0,1.3995,6.0,1.421,6.0,249.15,0.03106,-0.14872,-7.60152,0.0,-0.99946
8333.1,BTC-27SEP19,1560509948421,open,0.58,261.1,0.5435,0.623,0.58332071,85.74,0.549,0.0,BTC-27SEP19-3500-C,8295.58,0.0,0.5675,1.3,0.5965,1.3,120.03,1.89438,-0.77436,9.56691,1e-05,0.98288
8296.1,BTC-28JUN19,1560509948420,open,0.06,6.0,0.026,0.1055,0.06586423,73.18,0.064,0.0,BTC-26JUL19-9000-C,8295.58,71.77,0.064,7.0,0.0675,14.4,74.42,10.97811,-9.59253,3.36053,0.00019,0.41894
8333.1,BTC-27SEP19,1560509948422,open,0.7,55.9,0.661,0.7405,0.70051422,89.97,0.689,0.0,BTC-27SEP19-2500-C,8295.58,0.0,0.685,1.3,0.715,1.3,157.46,0.42036,-0.18031,7.09664,0.0,0.9969
8296.1,BTC-28JUN19,1560509948422,open,0.01,1339.9,0.0005,0.0475,0.00791869,75.7,0.006,0.0,BTC-28JUN19-10000-C,8295.58,73.23,0.007,30.0,0.009,40.0,78.45,3.1719,-8.65218,0.34297,0.00016,0.11667
8296.1,BTC-28JUN19,1560509948422,open,0.0,539.6,0.0005,0.04,0.00015192,135.0,0.0005,0.0,BTC-28JUN19-4000-P,8295.58,0.0,0.0,0.0,0.0005,13.4,153.5,0.09543,-0.46425,-0.00631,0.0,-0.00185
8295.58,index_price,1560509948420,open,0.21,5.9,0.1595,0.2555,0.2074776,78.72,0.2135,0,BTC-21JUN19-10000-P,8295.58,0.0,0.2005,6.0,0.2125,6.0,104.21,1.11618,-6.38988,-1.81357,0.00011,-0.95307
8333.1,BTC-27SEP19,1560509948423,open,0.0,420.5,0.0005,0.0405,0.00074332,110.56,0.0005,0.0,BTC-27SEP19-2000-P,8295.58,0.0,0.0,0.0,0.0015,16.0,121.14,0.45995,-0.24243,-0.09971,0.0,-0.00342
8296.43,BTC-28JUN19,1560509948420,open,0.25,0.0,0.1925,0.2915,0.24189775,74.29,None,0.0,BTC-26JUL19-10000-P,8295.58,63.13,0.23,4.9,0.2525,4.9,83.5,9.27118,-8.22378,-9.26206,0.00016,-0.73118
8295.58,index_price,1560509948420,open,0.03,156.6,0.0005,0.0665,0.02657192,67.89,0.026,0,BTC-21JUN19-8500-C,8295.58,65.88,0.0255,18.0,0.028,0.1,70.56,4.43877,-21.91401,0.60701,0.0005,0.41501
8333.1,BTC-27SEP19,1560509948420,open,0.12,67.2,0.0765,0.166,0.1212486,71.91,0.1535,0.0,BTC-27DEC19-7000-P,8295.58,70.99,0.119,4.9,0.124,4.9,73.03,20.41088,-3.74665,-17.77139,8e-05,-0.27615
8295.58,index_price,1560509948420,open,0.16,2.7,0.1185,0.198,0.15809219,74.72,0.146,0,BTC-21JUN19-7000-C,8295.58,0.0,0.153,6.0,0.164,6.0,105.29,1.05786,-5.74797,1.24704,0.00011,0.9561
8295.58,index_price,1560509948420,open,0.0,103.1,0.0005,0.0415,0.00196842,78.36,0.0015,0,BTC-21JUN19-10000-C,8295.58,74.56,0.0015,199.0,0.0025,56.5,82.1,1.10098,-6.27411,0.06901,0.00011,0.04613
8296.43,BTC-28JUN19,1560509948420,open,0.15,13.0,0.109,0.1885,0.14866463,72.44,0.1375,0.0,BTC-26JUL19-7500-C,8295.58,64.98,0.14,7.0,0.159,7.0,81.19,9.72118,-8.40867,5.27942,0.00017,0.70332
8295.58,index_price,1560509948420,open,0.06,28.9,0.0095,0.093,0.05125472,67.97,0.0475,0,BTC-21JUN19-8500-P,8295.58,64.68,0.0495,18.0,0.0535,18.0,72.15,4.4391,-21.94023,-0.99403,0.0005,-0.58485
8333.43,BTC-27SEP19,1560509948421,open,0.06,63.9,0.0125,0.096,0.05428865,73.61,0.07,0.0,BTC-27DEC19-5500-P,8295.58,72.85,0.053,6.0,0.055,0.1,74.03,14.17837,-2.66418,-9.09692,5e-05,-0.14913
8296.43,BTC-28JUN19,1560509948420,open,0.01,10.1,0.0005,0.05,0.01003069,74.47,0.012,0.0,BTC-26JUL19-6000-P,8295.58,72.35,0.009,31.0,0.011,34.5,76.37,4.1435,-3.68417,-0.84871,7e-05,-0.07914
8296.43,BTC-28JUN19,1560509948420,open,0.03,4.1,0.0005,0.0665,0.02697302,74.81,0.027,0.0,BTC-26JUL19-10500-C,8295.58,73.29,0.0255,26.3,0.0275,2.0,75.34,8.12164,-7.25431,1.75172,0.00014,0.21101
8296.43,BTC-28JUN19,1560509948422,open,0.23,0.0,0.1955,0.275,0.2351393,73.01,None,0.0,BTC-26JUL19-6500-C,8295.58,62.4,0.228,5.0,0.245,5.0,85.6,6.05161,-5.27523,6.01043,0.0001,0.8666
8333.43,BTC-27SEP19,1560509948420,open,0.31,63.1,0.2755,0.355,0.31546154,72.34,0.311,0.0,BTC-27DEC19-6500-C,8295.58,64.9,0.299,1.3,0.3315,1.3,79.48,18.60526,-3.43545,20.25945,7e-05,0.76848
8333.43,BTC-27SEP19,1560509948421,open,1.92,0.0,1.785,2.0165,1.90065623,86.74,None,0.0,BTC-27DEC19-24000-P,8295.58,0.0,1.874,1.3,1.929,1.3,105.58,9.83121,-2.1768,-125.74022,3e-05,-0.911
8333.43,BTC-27SEP19,1560509948422,open,0.01,168.7,0.0005,0.048,0.00786729,85.6,0.0095,0.0,BTC-27DEC19-3000-P,8295.58,83.58,0.007,6.0,0.009,1.0,88.07,3.6895,-0.80618,-1.5155,1e-05,-0.02602
8333.43,BTC-27SEP19,1560509948422,open,0.02,76.8,0.0005,0.0605,0.02058595,86.65,0.0145,0.0,BTC-27DEC19-24000-C,8295.58,85.28,0.019,6.0,0.022,16.0,87.83,9.80458,-2.1687,3.04492,3e-05,0.08867
8333.43,BTC-27SEP19,1560509948420,open,2.16,0.0,2.0125,2.263,2.13760408,88.56,None,0.0,BTC-27DEC19-26000-P,8295.58,0.0,2.1095,1.3,2.168,1.3,110.03,8.76694,-1.98185,-136.8987,3e-05,-0.92357
8296.43,BTC-28JUN19,1560509948420,open,0.12,4.0,0.0675,0.156,0.11162711,72.47,0.118,0.0,BTC-26JUL19-8500-P,8295.58,70.52,0.109,14.4,0.114,14.4,74.23,11.20756,-9.6978,-5.73063,0.0002,-0.49044
8295.58,index_price,1560509948420,open,0.0,210.8,0.0005,0.042,0.00194861,74.98,0.0025,0,BTC-21JUN19-7000-P,8295.58,66.21,0.001,30.0,0.0025,40.0,78.98,1.06802,-5.82351,-0.07246,0.00011,-0.04442
256.22,index_price,1560509948427,open,0.0,313.0,0.001,0.04,0.000961,90.75,0.002,0,ETH-21JUN19-200-P,256.22,0.0,0.0,0.0,0.002,549.0,102.95,0.01712,-0.11299,-0.00102,0.00153,-0.02013
8333.43,BTC-27SEP19,1560509948422,open,0.7,0.0,0.665,0.7445,0.70499494,91.24,None,0.0,BTC-27DEC19-2500-C,8295.58,0.0,0.6875,1.3,0.7225,1.3,128.1,2.49051,-0.58005,12.46132,1e-05,0.98364
8333.43,BTC-27SEP19,1560509948420,open,0.01,10.0,0.0005,0.052,0.01215631,93.74,0.0285,0.0,BTC-27DEC19-32000-C,8295.58,92.23,0.011,6.0,0.0135,17.0,95.38,6.59866,-1.57887,1.82832,2e-05,0.05304
256.7,ETH-28JUN19,1560509948544,open,0.0,648.0,0.001,0.041,0.001003,134.4,0.001,0.0,ETH-28JUN19-480-C,256.22,0.0,0.0,0.0,0.002,450.0,147.11,0.01563,-0.07568,0.00107,0.00046,0.01199
256.7,ETH-28JUN19,1560509948553,open,0.0,0.001,0.061,0.020883,79.95,None,0.0,ETH-28JUN19-230-P,256.22,76.62,0.019,120.0,0.021,240.0,80.15,0.14701,-0.42352,-0.02321,0.00734,-0.21696
256.22,index_price,1560509948590,open,0.18,0.0,0.142,0.221,0.181844,80.79,None,0,ETH-21JUN19-210-C,256.22,0.0,0.174,60.0,0.193,60.0,136.85,0.02536,-0.149,0.03794,0.00254,0.96781
256.7,ETH-28JUN19,1560509948592,open,0.0,0.239,0.342,0.29046,83.58,None,0.0,ETH-28JUN19-330-P,256.22,0.0,0.278,60.0,0.301,60.0,112.32,0.06879,-0.20719,-0.11889,0.00329,-0.92783
256.22,index_price,1560509948594,open,0.01,1153.0,0.001,0.046,0.006126,75.1,0.006,0,ETH-21JUN19-290-C,256.22,66.89,0.004,448.0,0.007,400.0,78.1,0.07242,-0.39546,0.00574,0.0078,0.12506
260.35,ETH-27SEP19,1560509948714,open,0.02,907.0,0.001,0.064,0.024011,91.22,0.022,0.0,ETH-27SEP19-520-C,256.22,88.34,0.021,210.0,0.027,60.0,93.92,0.28071,-0.12208,0.07251,0.00158,0.12094
256.22,index_price,1560509948762,open,0.0,108.0,0.001,0.041,0.001453,80.79,0.003,0,ETH-21JUN19-210-P,256.22,0.0,0.0,0.0,0.003,550.0,93.3,0.02536,-0.149,-0.00162,0.00254,-0.03219
256.7,ETH-28JUN19,1560509948793,open,0.06,6.0,0.017,0.096,0.056117,84.0,0.068,0.0,ETH-26JUL19-300-C,256.22,81.48,0.053,277.0,0.06,278.0,87.1,0.31948,-0.32041,0.08434,0.00503,0.34251
256.7,ETH-28JUN19,1560509948795,open,0.87,120.0,0.797,0.945,0.87089,134.4,1.018,0.0,ETH-28JUN19-480-P,256.22,0.0,0.857,60.0,0.882,60.0,200.12,0.01563,-0.07568,-0.1814,0.00046,-0.98801
260.35,ETH-27SEP19,1560509948943,open,0.01,2892.0,0.001,0.054,0.014154,92.71,0.012,0.0,ETH-27SEP19-600-C,256.22,88.31,0.011,210.0,0.016,60.0,95.04,0.19984,-0.08833,0.04637,0.00111,0.07614
256.22,index_price,1560509948992,open,0.0,1073.0,0.001,0.043,0.003045,75.1,0.005,0,ETH-21JUN19-300-C,256.22,60.57,0.001,300.0,0.004,400.0,79.94,0.047,-0.25664,0.00321,0.00506,0.06957
256.7,ETH-28JUN19,1560509948992,open,0.23,0.0,0.176,0.273,0.224797,84.0,None,0.0,ETH-26JUL19-300-P,256.22,45.23,0.182,144.0,0.258,144.0,109.83,0.31948,-0.32041,-0.25984,0.00503,-0.65749
256.7,ETH-28JUN19,1560509949038,open,0.0,0.008,0.091,0.049142,79.95,None,0.0,ETH-28JUN19-250-P,256.22,77.11,0.047,100.0,0.051,240.0,82.41,0.19364,-0.55787,-0.04405,0.00967,-0.40222
256.7,ETH-28JUN19,1560509949086,open,0.38,0.0,0.341,0.42,0.380842,82.7,None,0.0,ETH-26JUL19-160-C,256.22,0.0,0.354,48.0,0.412,48.0,146.93,0.06528,-0.06446,0.17239,0.00104,0.9662
