underlying_price,underlying_index,timestamp,state,settlement_price,open_interest,min_price,max_price,mark_price,mark_iv,last_price,interest_rate,instrument_name,index_price,bid_iv,best_bid_price,best_bid_amount,best_ask_price,best_ask_amount,ask_iv,vega,theta,rho,gamma,delta
170.35,SYN.ETH-11OCT19,1569754740016,open,0.01,0.0,0.001,0.018,0.005949,130.68,None,0.0,ETH-11OCT19-120-P,170.36,113.19,0.003,150.0,0.009,151.0,144.48,0.03385,-0.18622,-0.00334,0.00274,-0.05432
170.36,SYN.ETH-4OCT19,1569754740029,open,0.0,675.0,0.001,0.017,0.004212,97.32,0.004,0.0,ETH-4OCT19-200-C,170.36,72.92,0.001,201.0,0.004,91.0,96.13,0.03073,-0.30671,0.00185,0.00815,0.08535
171.3,ETH-27MAR20,1569754740048,open,0.07,496.0,0.034,0.117,0.073887,100.46,0.065,0.0,ETH-27MAR20-360-C,170.36,96.79,0.066,260.0,0.081,24.0,103.66,0.37536,-0.10482,0.14176,0.00258,0.24181
170.35,SYN.ETH-25OCT19,1569754740058,open,0.01,3750.0,0.004,0.031,0.015084,112.93,0.015,0.0,ETH-25OCT19-120-P,170.36,108.13,0.013,10.0,0.017,460.0,117.11,0.07616,-0.16619,-0.01319,0.00328,-0.09416
8087.82,SYN.BTC-4OCT19,1569754740121,open,0.07,174.2,0.0425,0.103,0.07280057,90.05,0.072,0.0,BTC-4OCT19-8500-P,8087.1,82.13,0.0695,18.0,0.0755,18.0,96.41,3.40636,-31.45735,-0.79686,0.00043,-0.66478
171.3,ETH-27MAR20,1569754740125,open,1.17,6.0,1.081,1.271,1.175586,100.52,1.165,0.0,ETH-27MAR20-360-P,170.36,67.1,1.118,6.0,1.213,6.0,116.49,0.37557,-0.10494,-1.63226,0.00258,-0.75795
8087.82,SYN.BTC-4OCT19,1569754740150,open,0.03,123.5,0.009,0.0575,0.03265244,90.05,0.027,0.0,BTC-4OCT19-8250-C,8087.1,79.84,0.028,18.0,0.033,19.7,90.81,3.69347,-34.10833,0.44531,0.00047,0.44484
170.32,ETH-27DEC19,1569754740229,open,3.23,0.0,3.104,3.364,3.229071,113.23,None,0.0,ETH-27DEC19-720-P,170.36,0.0,0.003,5.0,0.0,0.0,0.0,0.02377,-0.01514,-1.74944,0.0003,-0.9893
170.32,ETH-27DEC19,1569754740257,open,2.52,0.0,2.421,2.641,2.526139,109.77,0.953,0.0,ETH-27DEC19-600-P,170.36,0.0,0.0,0.0,0.0,0.0,0.0,0.04068,-0.02512,-1.45407,0.00052,-0.98001
8208.33,BTC-27MAR20,1569754740259,open,2.42,0.0,2.3495,2.519,2.4290326,97.79,None,0.0,BTC-27MAR20-28000-P,8087.1,0.0,0.0005,2.0,0.0,0.0,0.0,8.10282,-2.20261,-135.70188,2e-05,-0.92565
170.32,ETH-27DEC19,1569754740259,open,1.83,21.0,1.739,1.926,1.827937,110.28,0.629,0.0,ETH-27DEC19-480-P,170.36,0.0,0.001,7.0,0.0,0.0,0.0,0.08854,-0.05493,-1.15151,0.00114,-0.94865
170.32,ETH-27DEC19,1569754740261,open,1.59,0.0,1.512,1.687,1.595479,107.39,None,0.0,ETH-27DEC19-440-P,170.36,0.0,0.001,8.0,0.0,0.0,0.0,0.10464,-0.06322,-1.05007,0.00138,-0.93651
170.32,ETH-27DEC19,1569754740263,open,2.06,37.0,1.966,2.163,2.059864,110.17,0.707,0.0,ETH-27DEC19-520-P,170.36,0.0,0.002,25.0,0.0,0.0,0.0,0.06862,-0.04253,-1.25346,0.00088,-0.96256
170.33,SYN.ETH-29NOV19,1569754740267,open,0.68,0.0,0.614,0.748,0.679842,107.82,None,0.0,ETH-29NOV19-280-P,170.36,0.0,0.0,0.0,0.0,0.0,0.0,0.18365,-0.16262,-0.42558,0.00352,-0.81824
171.3,ETH-27MAR20,1569754740282,open,2.07,0.0,1.962,2.192,2.072787,106.26,None,0.0,ETH-27MAR20-520-P,170.39,0.0,0.005,10.0,0.0,0.0,0.0,0.25747,-0.07605,-2.48233,0.00168,-0.86772
171.3,ETH-27MAR20,1569754740282,open,1.84,0.0,1.739,1.959,1.845538,105.07,None,0.0,ETH-27MAR20-480-P,170.39,0.0,0.003,10.0,0.0,0.0,0.0,0.28277,-0.08258,-2.2739,0.00186,-0.84807
170.32,ETH-27DEC19,1569754740283,open,0.22,406.0,0.168,0.263,0.219478,99.3,0.211,0.0,ETH-27DEC19-160-C,170.39,94.15,0.21,340.0,0.225,340.0,102.31,0.31281,-0.17476,0.17658,0.00446,0.64526
170.32,ETH-27DEC19,1569754740283,open,3.46,0.0,3.332,3.605,3.463441,112.74,None,0.0,ETH-27DEC19-760-P,170.39,0.0,0.0,0.0,0.0,0.0,0.0,0.01836,-0.01164,-1.84778,0.00023,-0.99203
170.32,ETH-27DEC19,1569754740283,open,1.02,0.0,0.951,1.107,1.026891,105.35,None,0.0,ETH-27DEC19-340-P,170.39,0.0,0.001,5.0,0.0,0.0,0.0,0.18918,-0.11212,-0.78156,0.00254,-0.85766
170.32,ETH-27DEC19,1569754740283,open,0.1,3192.0,0.06,0.146,0.10476,99.32,0.106,0.0,ETH-27DEC19-220-C,170.39,96.27,0.099,320.0,0.111,320.0,102.6,0.32265,-0.18028,0.11863,0.0046,0.39081
170.32,ETH-27DEC19,1569754740283,open,2.76,0.0,2.649,2.881,2.759999,109.45,None,0.0,ETH-27DEC19-640-P,170.39,0.0,0.0,0.0,0.0,0.0,0.0,0.03107,-0.01913,-1.5533,0.0004,-0.98541
170.32,ETH-27DEC19,1569754740284,open,0.17,1049.0,0.12,0.216,0.171769,99.25,0.17,0.0,ETH-27DEC19-180-C,170.39,94.25,0.162,340.0,0.177,340.0,101.93,0.33238,-0.18559,0.1579,0.00474,0.55251
170.32,ETH-27DEC19,1569754740284,open,0.8,1.0,0.731,0.878,0.803403,101.46,0.494,0.0,ETH-27DEC19-300-P,170.39,0.0,0.001,5.0,0.0,0.0,0.0,0.22756,-0.12989,-0.6694,0.00318,-0.81068
170.32,ETH-27DEC19,1569754740284,open,0.16,4333.0,0.108,0.207,0.158831,99.27,0.155,0.0,ETH-27DEC19-160-P,170.39,96.65,0.154,830.0,0.166,340.0,103.18,0.31281,-0.17471,-0.21299,0.00446,-0.35475
171.33,ETH-27MAR20,1569754740284,open,0.03,5035.0,0.008,0.058,0.028778,108.98,0.029,0.0,ETH-27MAR20-600-C,170.39,107.56,0.027,750.0,0.031,240.0,110.69,0.21809,-0.06606,0.06401,0.00138,0.10459
171.33,ETH-27MAR20,1569754740284,open,1.39,3.0,1.298,1.499,1.396723,102.65,1.39,0.0,ETH-27MAR20-400-P,170.39,0.0,1.328,5.0,1.432,5.0,118.81,0.34387,-0.09812,-1.84871,0.00232,-0.79283
170.35,ETH-27DEC19,1569754740285,open,2.99,0.0,2.877,3.123,2.994732,116.51,None,0.0,ETH-27DEC19-680-P,170.39,0.0,0.002,10.0,0.0,0.0,0.0,0.03543,-0.02322,-1.64994,0.00043,-0.98301
171.33,ETH-27MAR20,1569754740285,open,0.57,19.0,0.538,0.594,0.567492,101.83,0.542,0.0,ETH-27MAR20-80-C,170.39,79.82,0.548,32.0,0.583,32.0,116.16,0.17439,-0.04936,0.29983,0.00118,0.9226
170.35,SYN.ETH-11OCT19,1569754740282,open,0.02,9.0,0.003,0.037,0.016871,113.99,0.032,0.0,ETH-11OCT19-140-P,170.39,104.18,0.013,160.0,0.021,151.0,123.68,0.0701,-0.33646,-0.00898,0.00651,-0.14521
170.36,SYN.ETH-4OCT19,1569754740283,open,0.35,0.0,0.311,0.394,0.350809,116.67,0.093,0.0,ETH-4OCT19-230-P,170.39,0.0,0.0,0.0,0.0,0.0,0.0,0.00764,-0.09145,-0.03039,0.00169,-0.98456
170.33,SYN.ETH-29NOV19,1569754740282,open,0.26,0.0,0.217,0.302,0.263045,107.89,None,0.0,ETH-29NOV19-140-C,170.39,0.0,0.0,0.0,0.0,0.0,0.0,0.2224,-0.19707,0.13751,0.00426,0.7471
170.35,SYN.ETH-25OCT19,1569754740284,open,0.03,1020.0,0.009,0.052,0.028243,101.63,0.03,0.0,ETH-25OCT19-220-C,170.39,97.31,0.025,341.0,0.029,104.0,102.61,0.13034,-0.25597,0.02183,0.00623,0.20898
170.35,SYN.ETH-25OCT19,1569754740283,open,0.54,3.0,0.485,0.591,0.536165,105.27,0.534,0.0,ETH-25OCT19-260-P,170.39,0.0,0.0,0.0,0.0,0.0,0.0,0.07094,-0.14431,-0.17518,0.00328,-0.91441
170.35,SYN.ETH-11OCT19,1569754740282,open,0.03,16.0,0.008,0.054,0.028456,108.51,0.029,0.0,ETH-11OCT19-150-P,170.39,100.18,0.024,120.0,0.034,121.0,118.53,0.09267,-0.42339,-0.01417,0.00905,-0.22724
170.35,SYN.ETH-25OCT19,1569754740284,open,0.32,483.0,0.269,0.37,0.319692,101.6,0.337,0.0,ETH-25OCT19-220-P,170.39,0.0,0.287,16.0,0.359,16.0,146.52,0.13031,-0.25583,-0.13414,0.00623,-0.79111
170.35,SYN.ETH-25OCT19,1569754740283,open,0.65,3.0,0.598,0.707,0.650324,109.26,0.645,0.0,ETH-25OCT19-280-P,170.39,0.0,0.0,0.0,0.0,0.0,0.0,0.05337,-0.11268,-0.19217,0.00237,-0.94094
170.36,SYN.ETH-4OCT19,1569754740283,open,0.0,80.0,0.001,0.011,0.001853,150.0,0.001,0.0,ETH-4OCT19-240-C,170.39,0.0,0.0,0.0,0.02,1.0,251.29,0.01316,-0.20243,0.00063,0.00226,0.02936
171.3,ETH-27MAR20,1569754740296,open,0.75,129.0,0.664,0.834,0.750675,97.04,0.74,0.0,ETH-27MAR20-280-P,170.39,81.58,0.712,10.0,0.791,10.0,112.13,0.44621,-0.12036,-1.18098,0.00318,-0.64829
8096.08,SYN.BTC-29NOV19,1569754740462,open,0.11,0.2,0.0655,0.1425,0.10486829,90.3,0.1045,0.0,BTC-29NOV19-9000-C,8087.1,84.82,0.096,22.4,0.1075,14.4,91.92,13.12117,-9.73132,4.78345,0.00013,0.45912
8090.92,SYN.BTC-25OCT19,1569754740645,open,0.85,0.0,0.818,0.898,0.85589506,106.25,None,0.0,BTC-25OCT19-15000-P,8087.1,0.0,0.05,1.0,0.0,0.0,0.0,1.07126,-2.19933,-10.52673,2e-05,-0.97936
8087.82,SYN.BTC-4OCT19,1569754740801,open,0.6,0.0,0.576,0.642,0.60750063,145.03,None,0.0,BTC-4OCT19-13000-P,8087.1,0.0,0.05,1.0,0.0,0.0,0.0,0.08559,-1.27296,-1.73346,1e-05,-0.997
8090.91,SYN.BTC-25OCT19,1569754740880,open,1.1,0.0,1.06,1.1485,1.1023486,116.4,None,0.0,BTC-25OCT19-17000-P,8087.1,0.0,0.05,1.0,0.0,0.0,0.0,0.69828,-1.57063,-11.98689,1e-05,-0.98748
8087.82,SYN.BTC-4OCT19,1569754740974,open,0.54,0.0,0.5155,0.579,0.54576693,140.86,None,0.0,BTC-4OCT19-12500-P,8087.1,0.0,0.01,2.0,0.0,0.0,0.0,0.12938,-1.86896,-1.66487,1e-05,-0.99524
8090.91,SYN.BTC-25OCT19,1569754740980,open,0.18,9.3,0.144,0.206,0.17601657,94.85,0.185,0.0,BTC-25OCT19-7000-C,8087.1,56.79,0.1475,8.0,0.18,0.2,99.61,6.72792,-12.33128,3.33792,0.00015,0.75796
8096.07,SYN.BTC-29NOV19,1569754741005,open,0.02,13.4,0.0065,0.044,0.02174367,90.3,0.018,0.0,BTC-29NOV19-13000-C,8087.1,85.91,0.018,32.0,0.0235,24.0,92.24,7.20444,-5.34322,1.53882,7e-05,0.13571
8087.82,SYN.BTC-4OCT19,1569754741089,open,0.01,89.4,0.0015,0.034,0.01403953,90.05,0.0135,0.0,BTC-4OCT19-8750-C,8087.1,78.34,0.01,0.5,0.012,5.0,84.27,2.91053,-26.87814,0.24488,0.00037,0.2407
8100.18,BTC-27DEC19,1569754741121,open,2.21,0.0,2.1475,2.288,2.21401617,106.41,None,0.0,BTC-27DEC19-26000-P,8087.1,0.0,0.06,1.0,2.8455,0.2,500.0,2.34294,-1.40259,-62.89695,1e-05,-0.97491
8100.18,BTC-27DEC19,1569754741191,open,0.13,211.7,0.092,0.179,0.13598777,90.73,0.14,0.0,BTC-27DEC19-7500-P,8087.1,89.36,0.1335,19.3,0.1385,1.0,92.11,14.74455,-7.52589,-9.50898,0.0001,-0.34613
8208.33,BTC-27MAR20,1569754741203,open,1.24,0.0,1.1725,1.3175,1.24195731,91.42,0.8095,0.0,BTC-27MAR20-18000-P,8087.1,0.0,1.1905,1.0,1.2865,1.0,112.43,15.29704,-3.88744,-83.27267,5e-05,-0.81662
8100.18,BTC-27DEC19,1569754741239,open,0.02,421.5,0.005,0.0315,0.01584161,108.07,0.0155,0.0,BTC-27DEC19-4000-P,8087.1,106.54,0.015,24.0,0.0165,13.0,109.24,4.50631,-2.7397,-1.4158,3e-05,-0.05594
8100.18,BTC-27DEC19,1569754741258,open,0.52,31.1,0.5025,0.543,0.52202603,108.07,0.6265,0.0,BTC-27DEC19-4000-C,8087.1,0.0,0.03,1.0,0.552,0.2,150.56,4.50638,-2.73977,8.32397,3e-05,0.94406
8100.18,BTC-27DEC19,1569754741258,open,2.45,0.1,2.3895,2.537,2.45968306,106.76,1.49,0.0,BTC-27DEC19-28000-P,8087.1,0.0,0.06,1.0,0.0,0.0,0.0,1.79197,-1.07633,-67.87685,1e-05,-0.98173
8088.85,SYN.BTC-11OCT19,1569754741264,open,0.27,0.1,0.245,0.29,0.26655607,124.89,0.26,0.0,BTC-11OCT19-6000-C,8087.1,0.0,0.2465,3.0,0.2795,3.0,165.55,2.0678,-10.87283,1.73259,8e-05,0.92488
8208.31,BTC-27MAR20,1569754741265,open,2.66,0.0,2.5875,2.765,2.67090871,99.81,None,0.0,BTC-27MAR20-30000-P,8087.1,0.0,0.04,1.0,0.0,0.0,0.0,7.46905,-2.07215,-145.78813,2e-05,-0.93312
8087.82,SYN.BTC-4OCT19,1569754741266,open,0.24,76.6,0.2125,0.266,0.23752833,93.22,0.245,0.0,BTC-4OCT19-10000-P,8087.1,0.0,0.2175,3.0,0.261,3.0,199.12,0.59511,-5.68926,-1.30708,7e-05,-0.97231
8100.18,BTC-27DEC19,1569754741267,open,0.53,74.2,0.4835,0.5935,0.53747025,90.67,0.496,0.0,BTC-27DEC19-12000-P,8087.1,49.99,0.4885,4.0,0.5735,4.0,111.86,12.86917,-6.56414,-25.26912,9e-05,-0.7437
8208.31,BTC-27MAR20,1569754741283,open,1.94,0.0,1.8755,2.034,1.94998238,95.95,None,0.0,BTC-27MAR20-24000-P,8087.1,0.0,0.0005,7.0,0.0,0.0,0.0,10.44603,-2.7862,-115.10128,3e-05,-0.89544
8100.18,BTC-27DEC19,1569754741283,open,0.64,99.0,0.5935,0.7025,0.64653896,90.69,0.638,0.0,BTC-27DEC19-13000-P,8087.1,0.0,0.599,4.0,0.691,4.0,118.87,11.26784,-5.7488,-28.48513,8e-05,-0.79768
8096.07,SYN.BTC-29NOV19,1569754741287,open,0.04,10.1,0.02,0.0705,0.04347851,96.74,0.048,0.0,BTC-29NOV19-6000-P,8087.1,94.82,0.0415,19.3,0.045,5.0,98.21,8.35301,-6.63732,-2.87665,8e-05,-0.16956
8100.18,BTC-27DEC19,1569754741303,open,1.23,9.4,1.1825,1.295,1.2351813,95.87,1.1125,0.0,BTC-27DEC19-18000-P,8087.1,0.0,0.04,1.0,1.909,0.2,500.0,5.56258,-3.00022,-42.63901,4e-05,-0.92665
8090.91,SYN.BTC-25OCT19,1569754741318,open,0.18,9.3,0.144,0.206,0.17601657,94.85,0.185,0.0,BTC-25OCT19-7000-C,8087.1,57.59,0.148,8.0,0.18,0.2,99.61,6.72792,-12.33128,3.33792,0.00015,0.75796
8208.33,BTC-27MAR20,1569754741320,open,1.7,6.1,1.6385,1.7895,1.70982307,93.12,1.674,0.0,BTC-27MAR20-22000-P,8087.1,0.0,1.649,1.0,1.772,1.0,126.56,11.44085,-2.96134,-104.81332,4e-05,-0.88127
8100.18,BTC-27DEC19,1569754741325,open,3.93,0.0,3.8415,4.0425,3.93889834,113.03,2.58,0.0,BTC-27DEC19-40000-P,8087.1,0.0,0.001,1.0,0.0,0.0,0.0,0.56531,-0.35948,-97.31635,0.0,-0.99512
8087.82,SYN.BTC-4OCT19,1569754741337,open,0.36,2.8,0.3335,0.39,0.36036819,106.9,0.3815,0.0,BTC-4OCT19-11000-P,8087.1,0.0,0.3405,3.0,0.3835,3.0,245.98,0.19594,-2.14799,-1.46149,2e-05,-0.9924
8100.19,BTC-27DEC19,1569754741338,open,0.43,261.6,0.3785,0.4885,0.43346157,90.67,0.4265,0.0,BTC-27DEC19-11000-P,8087.1,59.8,0.3845,5.0,0.4755,5.0,113.47,14.34339,-7.31642,-21.90891,0.0001,-0.67733
8100.18,BTC-27DEC19,1569754741340,open,0.42,66.8,0.3885,0.446,0.41710439,101.41,0.4155,0.0,BTC-27DEC19-5000-C,8087.1,73.09,0.3945,11.0,0.4395,11.0,123.44,7.62867,-4.35221,9.28157,5e-05,0.88769
8100.18,BTC-27DEC19,1569754741382,open,1.72,4.9,1.6645,1.79,1.7232835,102.33,1.0385,0.0,BTC-27DEC19-22000-P,8087.1,0.0,0.055,1.0,2.375,0.3,500.0,3.59393,-2.069,-52.8814,2e-05,-0.95785
8100.18,BTC-27DEC19,1569754741400,open,1.96,0.0,1.906,2.0375,1.96810389,103.68,None,0.0,BTC-27DEC19-24000-P,8087.1,0.0,0.05,1.0,2.61,0.2,500.0,2.7899,-1.62734,-57.93131,2e-05,-0.96906
8100.18,BTC-27DEC19,1569754741400,open,4.42,0.0,4.3255,4.5455,4.43246621,114.37,3.46,0.0,BTC-27DEC19-44000-P,8087.1,0.0,0.001,1.0,0.0,0.0,0.0,0.39849,-0.2564,-107.08236,0.0,-0.9967
8100.18,BTC-27DEC19,1569754741423,open,0.0,432.2,0.0005,0.0105,0.00049487,114.51,0.0005,0.0,BTC-27DEC19-44000-C,8087.1,0.0,0.0,0.0,0.001,10.0,122.12,0.40271,-0.25943,0.0561,0.0,0.00334
8100.18,BTC-27DEC19,1569754741426,open,0.28,63.0,0.241,0.3195,0.28197785,94.04,0.345,0.0,BTC-27DEC19-6500-C,8087.1,0.0,0.19,2.0,0.8765,2.0,500.0,12.42591,-6.57428,9.42818,8e-05,0.75999
8096.07,SYN.BTC-29NOV19,1569754741430,open,0.62,0.0,0.583,0.6765,0.62746451,90.3,None,0.0,BTC-29NOV19-13000-P,8087.1,0.0,0.05,1.0,0.0,0.0,0.0,7.20502,-5.34392,-20.14277,7e-05,-0.86428
8087.82,SYN.BTC-4OCT19,1569754741430,open,0.0,479.3,0.0005,0.0135,0.00296962,90.05,0.002,0.0,BTC-4OCT19-9500-C,8087.1,78.52,0.0015,0.1,0.0025,30.1,86.8,1.22123,-11.27778,0.06978,0.00016,0.06756
8100.18,BTC-27DEC19,1569754741436,open,0.05,275.4,0.0225,0.0755,0.04741195,98.33,0.045,0.0,BTC-27DEC19-5500-P,8087.1,96.21,0.045,24.0,0.0495,24.0,100.14,9.28033,-5.13372,-3.87506,6e-05,-0.14906
8087.82,SYN.BTC-4OCT19,1569754741500,open,0.01,410.3,0.0005,0.0275,0.00941986,118.01,0.009,0.0,BTC-4OCT19-7000-P,8087.1,109.81,0.0075,43.0,0.0105,30.0,122.34,1.97542,-23.90532,-0.15042,0.00019,-0.12981
8090.91,SYN.BTC-25OCT19,1569754741506,open,0.07,219.7,0.0415,0.103,0.07260794,88.16,0.073,0.0,BTC-25OCT19-8500-C,8087.1,82.85,0.067,24.4,0.073,14.4,88.53,8.55734,-14.57766,2.23948,0.00021,0.46304
8208.31,BTC-27MAR20,1569754741534,open,3.15,0.0,3.064,3.257,3.15477492,102.5,None,0.0,BTC-27MAR20-34000-P,8087.1,0.0,0.05,1.0,0.0,0.0,0.0,6.23569,-1.77666,-165.91774,2e-05,-0.94688
8208.31,BTC-27MAR20,1569754741609,open,0.23,204.4,0.1695,0.2805,0.22625601,87.71,0.22,0.0,BTC-27MAR20-8000-P,8087.1,85.15,0.2195,4.9,0.2295,3.1,88.94,21.62531,-5.27236,-23.849,7e-05,-0.36332
8208.31,BTC-27MAR20,1569754741658,open,0.09,268.8,0.044,0.132,0.08635992,88.97,0.092,0.0,BTC-27MAR20-14000-C,8087.1,86.95,0.0815,12.9,0.092,4.9,91.29,19.84225,-4.90732,8.3884,7e-05,0.29373
8208.31,BTC-27MAR20,1569754741695,open,0.04,287.7,0.0135,0.073,0.03863325,92.81,0.0415,0.0,BTC-27MAR20-20000-C,8087.1,90.85,0.0355,14.0,0.042,6.0,94.84,13.37027,-3.44941,4.46104,4e-05,0.14891
8087.82,SYN.BTC-4OCT19,1569754741695,open,0.0,66.0,0.0005,0.0105,0.00023145,116.9,0.0005,0.0,BTC-4OCT19-11500-C,8087.1,0.0,0.0,0.0,0.0005,0.1,127.7,0.14899,-1.78603,0.00578,1e-05,0.00558
8096.06,SYN.BTC-29NOV19,1569754741717,open,0.22,0.0,0.179,0.255,0.21871027,93.41,None,0.0,BTC-29NOV19-7000-C,8087.1,0.0,0.0,0.0,0.0,0.0,0.0,11.19946,-8.5926,6.71967,0.00011,0.71636
8088.85,SYN.BTC-11OCT19,1569754741717,open,0.0,11.9,0.0005,0.0125,0.00253701,92.82,0.003,0.0,BTC-11OCT19-11000-C,8087.1,85.05,0.0015,1.0,0.0025,0.5,92.58,1.2536,-4.89901,0.09821,6e-05,0.03985
8090.91,SYN.BTC-25OCT19,1569754741739,open,0.1,184.5,0.0655,0.1295,0.09863053,88.16,0.1035,0.0,BTC-25OCT19-8000-C,8087.1,84.22,0.0945,9.0,0.0995,1.6,88.99,8.47733,-14.44148,2.67918,0.00021,0.56573
8208.31,BTC-27MAR20,1569754741750,open,0.02,65.1,0.0055,0.048,0.02159312,97.01,0.022,0.0,BTC-27MAR20-26000-C,8087.1,94.62,0.019,6.0,0.0245,6.0,99.52,9.21179,-2.48413,2.69125,3e-05,0.08812
8096.06,SYN.BTC-29NOV19,1569754741772,open,0.3,0.0,0.258,0.355,0.30676406,90.3,None,0.0,BTC-29NOV19-10000-P,8087.1,0.0,0.0005,11.0,0.0,0.0,0.0,12.23231,-9.07214,-12.93421,0.00012,-0.65112
8088.85,SYN.BTC-11OCT19,1569754741775,open,0.01,53.5,0.0025,0.0325,0.01380343,114.71,0.0115,0.0,BTC-11OCT19-6500-P,8087.1,109.67,0.012,30.0,0.015,8.0,117.92,2.96906,-14.33974,-0.35993,0.00012,-0.12296
8087.82,SYN.BTC-4OCT19,1569754741815,open,0.05,188.9,0.0195,0.073,0.04693333,90.05,0.0445,0.0,BTC-4OCT19-8000-C,8087.1,81.41,0.043,18.0,0.048,1.0,92.39,3.68354,-34.0167,0.55685,0.00047,0.56235
8087.82,SYN.BTC-4OCT19,1569754741855,open,0.01,356.5,0.0015,0.0335,0.01317554,110.64,0.0125,0.0,BTC-4OCT19-7250-P,8087.1,103.26,0.011,36.0,0.014,24.0,113.35,2.44444,-27.73591,-0.20765,0.00025,-0.17902
8088.85,SYN.BTC-11OCT19,1569754741873,open,0.1,19.1,0.0625,0.1305,0.0967956,92.82,0.1005,0.0,BTC-11OCT19-8500-P,8087.1,89.55,0.0945,18.0,0.0985,3.2,95.24,5.69091,-22.2398,-1.79201,0.00029,-0.58411
8087.82,SYN.BTC-4OCT19,1569754741885,open,0.18,99.3,0.152,0.2065,0.17757565,90.05,0.1495,0.0,BTC-4OCT19-9500-P,8087.1,0.0,0.1605,3.0,0.193,3.1,151.61,1.22121,-11.27752,-1.19924,0.00016,-0.93244
8090.91,SYN.BTC-25OCT19,1569754741894,open,0.12,4.5,0.0865,0.159,0.12316989,88.16,0.118,0.0,BTC-25OCT19-8500-P,8087.1,86.11,0.121,14.4,0.127,3.0,91.78,8.55733,-14.57769,-3.78637,0.00021,-0.53696
8087.82,SYN.BTC-4OCT19,1569754741903,open,0.01,296.5,0.0005,0.0235,0.00728246,128.27,0.0065,0.0,BTC-4OCT19-6750-P,8087.1,118.8,0.0055,44.0,0.008,30.0,131.79,1.61477,-21.24007,-0.1136,0.00014,-0.09786
8090.91,SYN.BTC-25OCT19,1569754741944,open,0.0,368.9,0.0005,0.0135,0.00381521,95.24,0.005,0.0,BTC-25OCT19-13000-C,8087.1,93.85,0.0035,1.3,0.0045,24.0,98.04,1.88054,-3.46074,0.21123,4e-05,0.04064
8208.31,BTC-27MAR20,1569754741950,open,0.01,544.2,0.0005,0.0285,0.00998198,107.12,0.009,0.0,BTC-27MAR20-40000-C,8087.1,104.64,0.0085,4.0,0.012,21.0,110.15,5.14727,-1.53268,1.28757,1e-05,0.04181
8208.33,BTC-27MAR20,1569754742042,open,1.7,6.1,1.6385,1.7895,1.70982311,93.12,1.674,0.0,BTC-27MAR20-22000-P,8087.1,0.0,1.649,1.0,1.7725,1.0,126.78,11.44085,-2.96134,-104.81332,4e-05,-0.88127
8208.33,BTC-27MAR20,1569754742044,open,0.58,44.2,0.513,0.65,0.58192844,88.05,0.565,0.0,BTC-27MAR20-12000-P,8087.1,66.87,0.528,3.0,0.635,3.0,107.46,21.94125,-5.37016,-48.61733,8e-05,-0.61994
8087.82,SYN.BTC-4OCT19,1569754742049,open,0.42,0.0,0.3945,0.4525,0.42212297,116.89,None,0.0,BTC-4OCT19-11500-P,8087.1,0.0,0.011,26.0,0.0,0.0,0.0,0.14894,-1.78541,-1.5304,1e-05,-0.99442
8087.82,SYN.BTC-4OCT19,1569754742059,open,0.3,1.9,0.273,0.3275,0.29875854,99.17,0.332,0.0,BTC-4OCT19-10500-P,8087.1,0.0,0.2785,3.0,0.326,3.0,235.47,0.31736,-3.22758,-1.38887,4e-05,-0.98679
8100.18,BTC-27DEC19,1569754742061,open,0.87,210.2,0.825,0.9335,0.87662412,92.37,0.8375,0.0,BTC-27DEC19-15000-P,8087.1,0.0,0.829,3.0,0.905,5.4,115.07,8.47891,-4.40608,-34.43933,6e-05,-0.86948
8088.85,SYN.BTC-11OCT19,1569754742075,open,0.21,0.0,0.1845,0.2365,0.21022816,114.71,None,0.0,BTC-11OCT19-6500-C,8087.1,0.0,0.186,3.0,0.226,3.0,152.15,2.96904,-14.33956,1.75493,0.00012,0.87704
8090.91,SYN.BTC-25OCT19,1569754742079,open,0.09,1121.5,0.054,0.1205,0.08739433,88.16,0.0905,0.0,BTC-25OCT19-8000-P,8087.1,87.31,0.0865,14.4,0.0925,14.4,93.03,8.47733,-14.44142,-2.9922,0.00021,-0.43427
8088.85,SYN.BTC-11OCT19,1569754742082,open,0.36,0.0,0.3335,0.395,0.36243381,92.82,None,0.0,BTC-11OCT19-11000-P,8087.1,0.0,0.01,1.0,0.0,0.0,0.0,1.25353,-4.89866,-3.48077,6e-05,-0.96015
8100.18,BTC-27DEC19,1569754742076,open,0.25,56.9,0.2005,0.2835,0.24409085,92.23,0.2705,0.0,BTC-27DEC19-7000-C,8087.1,72.22,0.2105,11.0,0.25,11.0,95.72,13.72044,-7.11935,9.15499,9e-05,0.70826
8090.91,SYN.BTC-25OCT19,1569754742087,open,0.49,37.4,0.456,0.5275,0.48961751,91.21,0.533,0.0,BTC-25OCT19-12000-P,8087.1,0.0,0.468,3.0,0.524,3.0,149.78,2.78343,-4.90579,-8.16221,7e-05,-0.9334
8100.18,BTC-27DEC19,1569754742088,open,0.42,66.8,0.3885,0.446,0.41710377,101.41,0.4155,0.0,BTC-27DEC19-5000-C,8087.1,73.89,0.395,11.0,0.4395,11.0,123.44,7.62867,-4.35221,9.28157,5e-05,0.88769
8208.31,BTC-27MAR20,1569754742112,open,0.17,160.3,0.118,0.2235,0.17248239,87.79,0.1775,0.0,BTC-27MAR20-10000-C,8087.1,86.9,0.17,1.0,0.1785,12.3,89.94,22.98641,-5.60937,13.05133,8e-05,0.49512
8087.82,SYN.BTC-4OCT19,1569754742122,open,0.01,140.7,0.0005,0.0185,0.0051712,90.05,0.0045,0.0,BTC-4OCT19-9250-C,8087.1,75.49,0.0025,15.1,0.0045,30.0,86.82,1.73306,-16.00444,0.11094,0.00022,0.10786
8088.85,SYN.BTC-11OCT19,1569754742132,open,0.16,0.0,0.128,0.187,0.15808256,106.9,None,0.0,BTC-11OCT19-7000-C,8087.1,0.0,0.1325,4.0,0.177,4.0,142.02,4.06894,-18.31261,1.69278,0.00018,0.80129
8208.31,BTC-27MAR20,1569754742143,open,0.55,1.1,0.5195,0.5705,0.54485976,94.99,0.5375,0.0,BTC-27MAR20-4000-C,8087.1,0.0,0.05,1.0,0.999,0.1,500.0,8.48997,-2.24166,15.21311,3e-05,0.92094
8087.82,SYN.BTC-4OCT19,1569754742169,open,0.04,206.9,0.0115,0.0625,0.03607526,90.05,0.0355,0.0,BTC-4OCT19-8000-P,8087.1,88.79,0.0355,0.9,0.039,0.3,96.47,3.68354,-34.01665,-0.5118,0.00047,-0.43765
8208.31,BTC-27MAR20,1569754742191,open,1.47,0.0,1.4045,1.553,1.47516762,92.8,None,0.0,BTC-27MAR20-20000-P,8087.1,0.0,1.423,1.0,1.5195,1.0,115.67,13.36703,-3.4481,-94.10233,4e-05,-0.85114
8090.91,SYN.BTC-25OCT19,1569754742252,open,0.0,626.4,0.0005,0.011,0.00146968,110.93,0.0015,0.0,BTC-25OCT19-16000-C,8087.1,105.74,0.001,10.0,0.002,24.0,115.55,0.83214,-1.78366,0.07961,2e-05,0.01535
170.39,SYN.ETH-4OCT19,1569754742265,open,0.59,0.0,0.539,0.635,0.585165,162.36,None,0.0,ETH-4OCT19-270-P,170.39,0.0,0.0,0.0,0.0,0.0,0.0,0.00486,-0.08089,-0.03587,0.00077,-0.99085
8088.85,SYN.BTC-11OCT19,1569754742267,open,0.03,16.3,0.008,0.0525,0.02795806,92.82,0.0235,0.0,BTC-11OCT19-9000-C,8087.1,84.63,0.023,24.0,0.027,7.1,91.26,4.9932,-19.51322,0.68926,0.00025,0.28985
8208.29,BTC-27MAR20,1569754742272,open,2.18,0.0,2.112,2.276,2.18909536,96.99,None,0.0,BTC-27MAR20-26000-P,8087.1,0.0,0.0005,2.0,0.0,0.0,0.0,9.20543,-2.4818,-125.44158,3e-05,-0.91196
8087.82,SYN.BTC-4OCT19,1569754742272,open,0.07,73.2,0.0385,0.096,0.06844133,98.57,0.0675,0.0,BTC-4OCT19-7750-C,8087.1,84.27,0.0625,18.0,0.0685,18.0,98.71,3.39773,-34.34677,0.6466,0.00039,0.66693
8090.91,SYN.BTC-25OCT19,1569754742288,open,0.61,32.0,0.576,0.649,0.61055638,95.24,0.6245,0.0,BTC-25OCT19-13000-P,8087.1,0.0,0.5895,3.0,0.64,3.0,156.7,1.88036,-3.46033,-9.0048,4e-05,-0.95936
8090.91,SYN.BTC-25OCT19,1569754742288,open,0.04,48.1,0.015,0.063,0.03719451,88.16,0.039,0.0,BTC-25OCT19-9500-C,8087.1,82.9,0.0325,31.3,0.037,19.3,87.95,7.3197,-12.46941,1.42419,0.00018,0.28549
170.39,SYN.ETH-4OCT19,1569754742297,open,0.02,329.0,0.003,0.046,0.020438,99.46,0.022,0.0,ETH-4OCT19-160-P,170.39,95.7,0.019,120.0,0.022,2.0,103.51,0.06544,-0.66747,-0.00667,0.01696,-0.2727
8087.82,SYN.BTC-4OCT19,1569754742297,open,0.0,405.5,0.0005,0.011,0.00110105,93.22,0.001,0.0,BTC-4OCT19-10000-C,8087.1,82.94,0.0005,34.5,0.0015,30.0,98.13,0.59492,-5.68702,0.02872,7e-05,0.02768
8096.06,SYN.BTC-29NOV19,1569754742309,open,0.05,4.6,0.021,0.0795,0.04839662,90.3,0.047,0.0,BTC-29NOV19-11000-C,8087.1,84.97,0.0415,27.3,0.0495,19.3,91.13,10.70073,-7.9363,2.84209,0.00011,0.25888
8090.91,SYN.BTC-25OCT19,1569754742379,open,0.05,343.3,0.025,0.0805,0.05242477,88.16,0.053,0.0,BTC-25OCT19-9000-C,8087.1,82.72,0.047,30.3,0.0525,21.0,88.24,8.1218,-13.83581,1.812,0.0002,0.36833
8087.82,SYN.BTC-4OCT19,1569754742400,open,0.01,516.9,0.0005,0.02,0.00548333,137.38,0.0055,0.0,BTC-4OCT19-6500-P,8087.1,127.39,0.004,45.0,0.0065,31.0,143.49,1.29225,-18.20534,-0.08448,0.00011,-0.07271
170.36,SYN.ETH-29NOV19,1569754742414,open,0.38,0.0,0.313,0.439,0.377584,107.99,None,0.0,ETH-29NOV19-220-P,170.39,0.0,0.0,0.0,0.0,0.0,0.0,0.26021,-0.2308,-0.28922,0.00498,-0.64031
8087.82,SYN.BTC-4OCT19,1569754742426,open,0.0,208.8,0.0005,0.0105,0.00023202,129.2,0.0005,0.0,BTC-4OCT19-12000-C,8087.1,0.0,0.0,0.0,0.0005,0.1,140.82,0.13806,-1.82918,0.00528,1e-05,0.00512
170.39,SYN.ETH-4OCT19,1569754742436,open,0.64,0.0,0.596,0.695,0.643734,168.44,None,0.0,ETH-4OCT19-280-P,170.39,0.0,0.0,0.0,0.0,0.0,0.0,0.00387,-0.06679,-0.03725,0.00059,-0.99294
8100.18,BTC-27DEC19,1569754742438,open,0.82,0.9,0.8055,0.825,0.81543954,138.51,0.8065,0.0,BTC-27DEC19-1500-C,8087.1,0.0,0.8075,17.0,0.824,1.0,211.94,0.30832,-0.24024,3.5912,0.0,0.99752
8090.91,SYN.BTC-25OCT19,1569754742440,open,0.37,29.5,0.337,0.4095,0.37172821,88.16,0.339,0.0,BTC-25OCT19-11000-P,8087.1,0.0,0.3415,3.0,0.402,3.0,131.63,4.22791,-7.20261,-7.19805,0.0001,-0.8832
8090.92,SYN.BTC-25OCT19,1569754742442,open,0.26,308.2,0.225,0.3,0.26193317,88.16,0.25,0.0,BTC-25OCT19-10000-P,8087.1,0.0,0.2275,4.0,0.265,5.0,92.02,6.31488,-10.75796,-5.99817,0.00015,-0.7838
170.38,SYN.ETH-11OCT19,1569754742442,open,0.2,0.0,0.151,0.24,0.195493,103.18,None,0.0,ETH-11OCT19-200-P,170.39,0.0,0.0,0.0,0.0,0.0,0.0,0.09129,-0.39658,-0.05401,0.00937,-0.77877
8090.92,SYN.BTC-25OCT19,1569754742444,open,0.28,15.3,0.251,0.301,0.27581424,104.91,0.286,0.0,BTC-25OCT19-6000-C,8087.1,0.0,0.254,7.0,0.294,7.0,136.16,4.13297,-8.37819,3.50491,8e-05,0.88687
8208.33,BTC-27MAR20,1569754742445,open,0.58,44.2,0.513,0.65,0.58192844,88.05,0.565,0.0,BTC-27MAR20-12000-P,8087.1,67.08,0.5285,3.0,0.635,3.0,107.46,21.94125,-5.37016,-48.61733,8e-05,-0.61994
8100.18,BTC-27DEC19,1569754742447,open,0.64,99.0,0.594,0.7025,0.64654091,90.69,0.638,0.0,BTC-27DEC19-13000-P,8087.1,0.0,0.5995,4.0,0.691,4.0,118.87,11.26784,-5.7488,-28.48513,8e-05,-0.79768
8208.29,BTC-27MAR20,1569754742516,open,3.87,1.0,3.7795,3.9985,3.88306252,107.06,2.7125,0.0,BTC-27MAR20-40000-P,8087.1,0.0,0.08,1.0,0.0,0.0,0.0,5.13354,-1.52764,-195.84036,1e-05,-0.95833
170.36,SYN.ETH-29NOV19,1569754742539,open,0.06,2.0,0.03,0.1,0.064376,107.84,0.049,0.0,ETH-29NOV19-240-C,170.39,94.9,0.047,220.0,0.062,220.0,106.13,0.23755,-0.21042,0.06367,0.00455,0.28844
8208.29,BTC-27MAR20,1569754742579,open,0.39,176.8,0.325,0.4535,0.39075176,87.79,0.378,0.0,BTC-27MAR20-10000-P,8087.1,84.48,0.3815,3.6,0.3975,3.6,90.2,22.98635,-5.60911,-36.22976,8e-05,-0.50489
8090.91,SYN.BTC-25OCT19,1569754742587,open,0.02,5.5,0.0045,0.037,0.0178959,88.16,0.0155,0.0,BTC-25OCT19-10500-C,8087.1,84.37,0.0155,19.3,0.016,2.0,85.18,5.24926,-8.94233,0.81715,0.00013,0.16036
8096.06,SYN.BTC-29NOV19,1569754742596,open,0.15,5.0,0.11,0.1895,0.15142813,90.3,0.15,0.0,BTC-29NOV19-8000-C,8087.1,85.63,0.144,22.4,0.1565,14.4,93.49,12.8842,-9.5557,5.86523,0.00013,0.5858
8090.91,SYN.BTC-25OCT19,1569754742602,open,0.0,420.5,0.0005,0.0125,0.00257249,100.34,0.0025,0.0,BTC-25OCT19-14000-C,8087.1,96.67,0.002,10.0,0.0035,24.0,105.32,1.36385,-2.64442,0.14303,3e-05,0.02751
8087.82,SYN.BTC-4OCT19,1569754742607,open,0.15,1.0,0.122,0.1785,0.14886655,90.05,0.1625,0.0,BTC-4OCT19-9250-P,8087.1,0.0,0.1305,4.0,0.164,4.0,141.75,1.73305,-16.00427,-1.12468,0.00022,-0.89214
170.39,SYN.ETH-4OCT19,1569754742609,open,0.02,685.0,0.004,0.049,0.023227,97.19,0.021,0.0,ETH-4OCT19-180-C,170.39,91.85,0.021,9.0,0.025,120.0,101.39,0.07155,-0.71311,0.00704,0.01898,0.33272
8090.91,SYN.BTC-25OCT19,1569754742637,open,0.97,0.0,0.939,1.023,0.97899728,110.92,None,0.0,BTC-25OCT19-16000-P,8087.1,0.0,0.04,1.0,0.0,0.0,0.0,0.83187,-1.78295,-11.26319,2e-05,-0.98466
8090.91,SYN.BTC-25OCT19,1569754742664,open,0.21,0.0,0.173,0.2495,0.21135086,88.16,None,0.0,BTC-25OCT19-9500-P,8087.1,63.63,0.191,13.0,0.2435,5.0,121.57,7.31966,-12.46915,-5.3106,0.00018,-0.71451
8208.29,BTC-27MAR20,1569754742677,open,0.03,335.0,0.014,0.0545,0.03216692,94.98,0.0305,0.0,BTC-27MAR20-4000-P,8087.1,92.86,0.03,135.8,0.0345,6.0,97.21,8.48962,-2.24147,-4.49896,3e-05,-0.07905
8208.29,BTC-27MAR20,1569754742705,open,0.06,334.5,0.0285,0.1055,0.06379768,89.98,0.068,0.0,BTC-27MAR20-16000-C,8087.1,88.18,0.06,12.9,0.068,0.1,91.93,17.47133,-4.36983,6.69876,6e-05,0.2294
8096.05,SYN.BTC-29NOV19,1569754742712,open,0.4,0.0,0.359,0.456,0.4070792,90.29,None,0.0,BTC-29NOV19-11000-P,8087.1,0.0,0.0005,1.0,0.0,0.0,0.0,10.70046,-7.93582,-15.50411,0.00011,-0.74113
8087.82,SYN.BTC-4OCT19,1569754742723,open,0.03,101.2,0.006,0.052,0.02667248,98.57,0.0215,0.0,BTC-4OCT19-7750-P,8087.1,93.38,0.0245,0.3,0.0285,24.0,102.91,3.39773,-34.34661,-0.38865,0.00039,-0.33307
8208.29,BTC-27MAR20,1569754742778,open,0.02,25.2,0.0045,0.042,0.0178681,97.8,0.02,0.0,BTC-27MAR20-28000-C,8087.1,95.84,0.016,11.0,0.02,0.9,99.89,8.1039,-2.20301,2.28531,2e-05,0.07436
8087.82,SYN.BTC-4OCT19,1569754742809,open,0.48,0.0,0.455,0.516,0.48394472,129.17,None,0.0,BTC-4OCT19-12000-P,8087.1,0.0,0.05,2.0,0.0,0.0,0.0,0.13789,-1.82655,-1.59769,1e-05,-0.99489
170.35,ETH-27DEC19,1569754742829,open,0.1,3064.0,0.06,0.141,0.100825,99.32,0.089,0.0,ETH-27DEC19-140-P,170.39,96.27,0.096,96.0,0.102,10.0,100.03,0.2723,-0.15215,-0.14941,0.00388,-0.25933
170.39,SYN.ETH-4OCT19,1569754742831,open,0.01,234.0,0.001,0.029,0.010461,97.22,0.012,0.0,ETH-4OCT19-190-C,170.39,81.13,0.006,120.0,0.01,1.0,95.69,0.05177,-0.51609,0.00387,0.01373,0.18051
8088.85,SYN.BTC-11OCT19,1569754742906,open,0.11,0.4,0.0795,0.1435,0.11288487,102.0,0.1125,0.0,BTC-11OCT19-7500-C,8087.1,91.04,0.106,18.0,0.1135,18.0,102.97,5.1296,-22.02918,1.52529,0.00024,0.69245
8096.05,SYN.BTC-29NOV19,1569754742910,open,0.41,0.0,0.38,0.43,0.40448365,105.52,None,0.0,BTC-29NOV19-5000-C,8087.1,0.0,0.1,1.0,0.0,0.0,0.0,5.41927,-4.69686,6.8106,5e-05,0.90887
8090.91,SYN.BTC-25OCT19,1569754742910,open,0.73,2.0,0.697,0.773,0.73290796,100.33,0.372,0.0,BTC-25OCT19-14000-P,8087.1,0.0,0.0,0.0,1.5,0.5,500.0,1.36303,-2.64246,-9.78199,3e-05,-0.97251
8090.91,SYN.BTC-25OCT19,1569754742976,open,0.31,0.0,0.28,0.3535,0.31564764,88.16,None,0.0,BTC-25OCT19-10500-P,8087.1,0.0,0.2895,4.0,0.3465,4.0,127.46,5.24907,-8.94174,-6.62658,0.00013,-0.83965
8096.05,SYN.BTC-29NOV19,1569754743014,open,0.14,14.1,0.0965,0.181,0.13956136,90.3,0.136,0.0,BTC-29NOV19-8000-P,8087.1,87.12,0.1345,22.4,0.1465,14.4,94.66,12.8842,-9.55555,-7.47738,0.00013,-0.4142
8090.91,SYN.BTC-25OCT19,1569754743019,open,0.03,514.4,0.0085,0.0485,0.0259794,88.16,0.0275,0.0,BTC-25OCT19-10000-C,8087.1,84.27,0.023,2.5,0.025,2.0,86.9,6.31472,-10.75742,1.09102,0.00015,0.21619
8088.85,SYN.BTC-11OCT19,1569754743037,open,0.02,28.0,0.003,0.0365,0.01625453,92.82,0.0125,0.0,BTC-11OCT19-9500-C,8087.1,84.82,0.0125,24.0,0.0155,9.1,91.27,3.96336,-15.48872,0.45809,0.0002,0.19031
8087.82,SYN.BTC-4OCT19,1569754743062,open,0.0,93.8,0.0005,0.0105,0.00050993,99.16,0.0005,0.0,BTC-4OCT19-10500-C,8087.1,0.0,0.0,0.0,0.001,0.1,108.98,0.31713,-3.22486,0.01371,4e-05,0.0132
8208.29,BTC-27MAR20,1569754743080,open,0.12,259.6,0.071,0.169,0.12,88.05,0.126,0.0,BTC-27MAR20-12000-C,8087.1,85.99,0.1145,9.0,0.1265,4.9,90.47,21.9412,-5.37023,10.51985,8e-05,0.38006
8087.82,SYN.BTC-4OCT19,1569754743089,open,0.0,108.8,0.0005,0.0115,0.00164686,90.05,0.0015,0.0,BTC-4OCT19-9750-C,8087.1,82.67,0.001,2.0,0.002,30.0,93.36,0.81529,-7.52907,0.04208,0.0001,0.0406
8208.29,BTC-27MAR20,1569754743093,open,0.01,33.5,0.003,0.036,0.01424371,101.26,0.0105,0.0,BTC-27MAR20-32000-C,8087.1,99.08,0.0125,3.3,0.017,6.0,104.4,6.82348,-1.92063,1.83255,2e-05,0.05955
170.34,ETH-27DEC19,1569754743121,open,0.45,0.0,0.413,0.474,0.445209,106.83,None,0.0,ETH-27DEC19-100-C,170.39,0.0,0.0,0.0,0.0,0.0,0.0,0.14895,-0.08952,0.18808,0.00197,0.89866
170.38,SYN.ETH-25OCT19,1569754743125,open,0.21,12.0,0.177,0.247,0.214169,105.03,0.192,0.0,ETH-25OCT19-140-C,170.39,0.0,0.0,0.0,0.0,0.0,0.0,0.12696,-0.25765,0.07077,0.00587,0.80011
8088.85,SYN.BTC-11OCT19,1569754743137,open,0.33,0.0,0.307,0.3445,0.32449671,132.73,None,0.0,BTC-11OCT19-5500-C,8087.1,0.0,0.1,1.0,0.0,0.0,0.0,1.30143,-7.27278,1.66795,5e-05,0.95826
170.39,SYN.ETH-4OCT19,1569754743137,open,0.13,31.0,0.096,0.159,0.128912,107.6,0.121,0.0,ETH-4OCT19-150-C,170.39,0.0,0.11,2.0,0.0,0.0,0.0,0.04352,-0.48016,0.01667,0.01043,0.86147
170.39,SYN.ETH-4OCT19,1569754743141,open,0.18,187.0,0.141,0.218,0.178212,98.35,0.164,0.0,ETH-4OCT19-200-P,170.39,0.0,0.0,0.0,0.0,0.0,0.0,0.03146,-0.31731,-0.02481,0.00825,-0.91195
170.36,SYN.ETH-29NOV19,1569754743152,open,0.04,22.0,0.013,0.065,0.036059,107.85,0.031,0.0,ETH-29NOV19-280-C,170.39,97.94,0.026,200.0,0.038,200.0,109.63,0.1838,-0.16282,0.04145,0.00352,0.18196
8096.05,SYN.BTC-29NOV19,1569754743157,open,0.03,15.1,0.0115,0.0595,0.03250227,90.3,0.034,0.0,BTC-29NOV19-12000-C,8087.1,85.63,0.0275,27.3,0.0335,19.3,91.2,8.93397,-6.62599,2.10889,9e-05,0.18868
8208.29,BTC-27MAR20,1569754743179,open,0.37,8.4,0.3285,0.4135,0.3728858,89.52,0.3495,0.0,BTC-27MAR20-6000-C,8087.1,50.45,0.3,2.0,0.68,1.0,251.61,16.52006,-4.11076,16.9481,6e-05,0.79186
170.38,SYN.ETH-11OCT19,1569754743183,open,0.25,0.0,0.216,0.274,0.245715,117.04,None,0.0,ETH-11OCT19-130-C,170.39,0.0,0.0,0.0,0.0,0.0,0.0,0.04686,-0.23092,0.03723,0.00424,0.91727
170.34,ETH-27DEC19,1569754743193,open,0.03,3136.0,0.013,0.055,0.03234,106.91,0.035,0.0,ETH-27DEC19-100-P,170.39,101.83,0.028,120.0,0.036,120.0,111.02,0.14906,-0.08965,-0.05549,0.00197,-0.10144
170.38,SYN.ETH-25OCT19,1569754743193,open,0.04,2243.0,0.014,0.062,0.036014,105.2,0.031,0.0,ETH-25OCT19-140-P,170.39,101.12,0.033,436.0,0.039,96.0,109.17,0.12706,-0.25828,-0.02852,0.00587,-0.20015
171.34,ETH-27MAR20,1569754743208,open,0.06,941.0,0.026,0.102,0.06151,102.38,0.061,0.0,ETH-27MAR20-400-C,170.39,99.05,0.055,260.0,0.067,24.0,105.08,0.34276,-0.09754,0.12202,0.00231,0.20602
170.34,ETH-27DEC19,1569754743212,open,0.0,4118.0,0.001,0.011,0.001515,115.0,0.002,0.0,ETH-27DEC19-760-C,170.39,0.0,0.0,0.0,0.003,1203.0,124.2,0.02111,-0.01366,0.00325,0.00026,0.00934
170.34,ETH-27DEC19,1569754743214,open,0.08,5063.0,0.043,0.123,0.083475,100.27,0.086,0.0,ETH-27DEC19-240-C,170.39,97.75,0.079,320.0,0.089,96.0,103.35,0.30365,-0.17129,0.10141,0.00429,0.32797
8208.27,BTC-27MAR20,1569754743217,open,1.01,1.1,0.944,1.0865,1.01303644,89.97,0.911,0.0,BTC-27MAR20-16000-P,8087.1,59.35,0.9625,2.0,1.058,2.0,109.31,17.4699,-4.36914,-72.15159,6e-05,-0.77063
170.38,SYN.ETH-11OCT19,1569754743217,open,0.0,0.0,0.001,0.016,0.004786,102.81,None,0.0,ETH-11OCT19-230-C,170.39,78.41,0.001,150.0,0.007,151.0,111.67,0.03832,-0.16588,0.00326,0.00395,0.06362
170.34,ETH-27DEC19,1569754743223,open,0.0,14460.0,0.001,0.012,0.002588,110.62,0.004,0.0,ETH-27DEC19-640-C,170.39,99.53,0.001,2430.0,0.004,3873.0,116.82,0.0331,-0.0206,0.00544,0.00042,0.0157
170.34,ETH-27DEC19,1569754743223,open,0.91,101.0,0.841,0.991,0.913986,103.19,0.513,0.0,ETH-27DEC19-320-P,170.39,0.0,0.006,5.0,0.0,0.0,0.0,0.20671,-0.12,-0.72641,0.00284,-0.83736
170.39,SYN.ETH-4OCT19,1569754743237,open,0.18,40.0,0.154,0.211,0.182615,118.9,0.136,0.0,ETH-4OCT19-140-C,170.39,0.0,0.0,0.0,0.0,0.0,0.0,0.02558,-0.31186,0.01708,0.00555,0.93295
170.34,ETH-27DEC19,1569754743247,open,0.01,5496.0,0.001,0.025,0.009883,110.6,0.005,0.0,ETH-27DEC19-480-C,170.39,108.87,0.009,1.0,0.011,200.0,112.66,0.08949,-0.05568,0.01748,0.00115,0.05203
170.39,SYN.ETH-4OCT19,1569754743250,open,0.01,362.0,0.001,0.028,0.009412,108.19,0.014,0.0,ETH-4OCT19-150-P,170.39,102.54,0.008,150.0,0.012,156.0,117.85,0.04377,-0.48559,-0.00339,0.01043,-0.1397
170.34,ETH-27DEC19,1569754743257,open,0.02,953.0,0.007,0.049,0.024869,105.44,0.017,0.0,ETH-27DEC19-360-C,170.39,101.34,0.021,320.0,0.027,320.0,107.56,0.16752,-0.09936,0.03919,0.00225,0.11937
170.39,SYN.ETH-4OCT19,1569754743257,open,0.0,573.0,0.001,0.011,0.001535,97.32,0.003,0.0,ETH-4OCT19-210-C,170.39,90.66,0.001,85.0,0.002,150.0,102.04,0.01549,-0.15457,0.00078,0.0041,0.03576
170.34,ETH-27DEC19,1569754743259,open,1.36,16.0,1.286,1.453,1.366343,107.61,1.195,0.0,ETH-27DEC19-400-P,170.39,0.0,0.001,8.0,0.0,0.0,0.0,0.13625,-0.08248,-0.94425,0.00179,-0.91022
8090.91,SYN.BTC-25OCT19,1569754743259,open,0.0,433.7,0.0005,0.0115,0.00196033,106.22,0.0025,0.0,BTC-25OCT19-15000-C,8087.1,102.42,0.0015,10.0,0.0025,24.0,109.98,1.06984,-2.19581,0.10696,2e-05,0.02061
170.38,SYN.ETH-25OCT19,1569754743261,open,0.14,511.0,0.097,0.172,0.137204,101.25,0.132,0.0,ETH-25OCT19-160-C,170.39,92.98,0.129,72.0,0.139,352.0,103.06,0.16913,-0.33092,0.06115,0.00812,0.64351
170.34,ETH-27DEC19,1569754743263,open,0.28,10.0,0.231,0.319,0.278906,99.26,0.26,0.0,ETH-27DEC19-140-C,170.39,0.0,0.0,0.0,0.321,4.0,125.38,0.27229,-0.15205,0.19152,0.00388,0.74066
170.34,ETH-27DEC19,1569754743267,open,0.36,2.0,0.314,0.391,0.355191,101.97,0.346,0.0,ETH-27DEC19-120-C,170.39,0.0,0.101,1.0,0.0,0.0,0.0,0.214,-0.12277,0.19626,0.00297,0.82837
8088.85,SYN.BTC-11OCT19,1569754743267,open,0.04,194.3,0.015,0.068,0.04008692,102.0,0.042,0.0,BTC-11OCT19-7500-P,8087.1,97.91,0.0375,7.2,0.042,6.0,105.01,5.12959,-22.02894,-0.91491,0.00024,-0.30755
170.34,ETH-27DEC19,1569754743279,open,0.49,4199.0,0.423,0.56,0.492339,100.22,0.693,0.0,ETH-27DEC19-240-P,170.39,84.86,0.466,500.0,0.0,0.0,0.0,0.30359,-0.17117,-0.48301,0.00429,-0.67219
170.34,ETH-27DEC19,1569754743279,open,0.06,9598.0,0.03,0.091,0.059747,102.04,0.059,0.0,ETH-27DEC19-120-P,170.39,99.84,0.057,488.0,0.064,360.0,105.4,0.21406,-0.12288,-0.096,0.00297,-0.1717
170.38,SYN.ETH-11OCT19,1569754743281,open,0.01,40.0,0.001,0.023,0.008081,102.81,0.004,0.0,ETH-11OCT19-220-C,170.39,82.73,0.003,150.0,0.009,1.0,105.65,0.05367,-0.23229,0.00506,0.00553,0.09931
170.34,ETH-27DEC19,1569754743285,open,0.04,1509.0,0.012,0.064,0.035192,103.03,0.036,0.0,ETH-27DEC19-320-C,170.39,101.19,0.033,84.0,0.038,320.0,105.31,0.20623,-0.11953,0.05262,0.00283,0.16206
170.34,ETH-27DEC19,1569754743285,open,0.01,7937.0,0.003,0.029,0.012264,107.63,0.013,0.0,ETH-27DEC19-440-C,170.39,103.76,0.01,320.0,0.014,320.0,110.33,0.10544,-0.06384,0.0215,0.00139,0.06411
170.34,ETH-27DEC19,1569754743287,open,0.31,3987.0,0.244,0.368,0.308231,99.22,0.306,0.0,ETH-27DEC19-200-P,170.39,96.04,0.302,340.0,0.316,340.0,103.17,0.33417,-0.18653,-0.34896,0.00477,-0.5331
170.34,ETH-27DEC19,1569754743289,open,0.0,15281.0,0.001,0.013,0.003568,110.62,0.005,0.0,ETH-27DEC19-600-C,170.39,103.02,0.002,1321.0,0.005,5505.0,115.73,0.04239,-0.02638,0.00722,0.00054,0.02099
170.34,ETH-27DEC19,1569754743289,open,2.29,0.0,2.193,2.401,2.292313,110.01,0.845,0.0,ETH-27DEC19-560-P,170.39,0.0,0.0,0.0,0.0,0.0,0.0,0.05298,-0.03279,-1.3542,0.00068,-0.97264
170.34,ETH-27DEC19,1569754743292,open,0.02,4416.0,0.005,0.039,0.017835,107.28,0.02,0.0,ETH-27DEC19-400-C,170.39,104.9,0.016,118.0,0.02,21.0,109.93,0.13519,-0.0816,0.02945,0.00178,0.08885
170.34,ETH-27DEC19,1569754743297,open,1.14,257.0,1.062,1.22,1.138182,105.33,0.7,0.0,ETH-27DEC19-360-P,170.39,0.0,0.01,2.0,0.0,0.0,0.0,0.16717,-0.09906,-0.83749,0.00225,-0.88098
170.34,ETH-27DEC19,1569754743297,open,0.0,12462.0,0.001,0.012,0.002484,114.13,0.003,0.0,ETH-27DEC19-680-C,170.39,103.32,0.001,1000.0,0.004,2400.0,121.04,0.0314,-0.02016,0.00509,0.00039,0.01476
8090.91,SYN.BTC-25OCT19,1569754743297,open,0.03,22.7,0.0095,0.049,0.02699025,99.34,0.0255,0.0,BTC-25OCT19-6500-P,8087.1,97.1,0.0255,13.0,0.0285,19.3,101.58,5.42112,-10.40632,-1.12147,0.00012,-0.16853
170.34,ETH-27DEC19,1569754743315,open,0.13,3185.0,0.085,0.178,0.134177,99.25,0.126,0.0,ETH-27DEC19-200-C,170.39,95.08,0.126,340.0,0.139,340.0,101.71,0.33418,-0.1866,0.13804,0.00477,0.46698
170.34,ETH-27DEC19,1569754743315,open,0.7,311.0,0.625,0.769,0.696817,101.38,0.71,0.0,ETH-27DEC19-280-P,170.39,61.55,0.652,16.0,0.736,16.0,125.42,0.25438,-0.14509,-0.60895,0.00355,-0.77136
170.38,SYN.ETH-11OCT19,1569754743315,open,0.01,17.0,0.001,0.023,0.008829,117.51,0.01,0.0,ETH-11OCT19-130-P,170.39,110.56,0.007,150.0,0.011,6.0,124.98,0.04716,-0.23334,-0.00512,0.00425,-0.08344
170.34,ETH-27DEC19,1569754743318,open,0.0,6842.0,0.001,0.015,0.004963,110.62,0.007,0.0,ETH-27DEC19-560-C,170.39,103.41,0.003,315.0,0.007,1703.0,116.3,0.05438,-0.03384,0.00965,0.0007,0.02823
170.34,ETH-27DEC19,1569754743318,open,0.01,10816.0,0.001,0.019,0.00697,110.62,0.008,0.0,ETH-27DEC19-520-C,170.39,105.29,0.005,210.0,0.009,200.0,115.18,0.0698,-0.04344,0.01296,0.00089,0.03822
170.34,ETH-27DEC19,1569754743324,open,0.05,1719.0,0.022,0.087,0.053142,101.45,0.05,0.0,ETH-27DEC19-280-C,170.39,97.95,0.048,320.0,0.058,96.0,104.65,0.25453,-0.14527,0.07289,0.00355,0.22888
170.34,ETH-27DEC19,1569754743326,open,0.0,4490.0,0.001,0.011,0.001983,114.92,0.002,0.0,ETH-27DEC19-720-C,170.39,106.87,0.001,1140.0,0.003,10.0,120.6,0.02618,-0.01693,0.00414,0.00032,0.01196
170.38,SYN.ETH-25OCT19,1569754743331,open,0.08,1971.0,0.041,0.112,0.076455,101.4,0.082,0.0,ETH-25OCT19-160-P,170.39,98.93,0.074,96.0,0.082,280.0,106.98,0.16914,-0.33143,-0.0523,0.00811,-0.35655
170.39,SYN.ETH-4OCT19,1569754743346,open,0.24,0.0,0.214,0.263,0.238404,123.19,None,0.0,ETH-4OCT19-130-C,170.39,0.0,0.0,0.0,0.0,0.0,0.0,0.01126,-0.14222,0.01678,0.00236,0.97565
170.39,SYN.ETH-4OCT19,1569754743393,open,0.23,2.0,0.197,0.275,0.234235,99.58,0.263,0.0,ETH-4OCT19-210-P,170.39,0.0,0.0,0.0,0.0,0.0,0.0,0.01673,-0.17084,-0.0272,0.00433,-0.96069
8090.91,SYN.BTC-25OCT19,1569754743399,open,0.0,908.1,0.0005,0.011,0.00122404,116.38,0.0015,0.0,BTC-25OCT19-17000-C,8087.1,105.18,0.0005,10.5,0.002,62.7,123.91,0.69739,-1.56828,0.06471,1e-05,0.01251
171.34,ETH-27MAR20,1569754743410,open,0.05,964.0,0.02,0.088,0.05101,103.58,0.049,0.0,ETH-27MAR20-440-C,170.39,101.33,0.047,260.0,0.055,260.0,105.75,0.31039,-0.08937,0.10494,0.00207,0.17529
8088.85,SYN.BTC-11OCT19,1569754743410,open,0.19,0.0,0.1575,0.2255,0.19071047,92.82,None,0.0,BTC-11OCT19-9500-P,8087.1,0.0,0.001,1.0,0.0,0.0,0.0,3.9633,-15.48822,-2.63286,0.0002,-0.80969
170.38,SYN.ETH-25OCT19,1569754743410,open,0.08,1159.0,0.047,0.118,0.084234,101.21,0.078,0.0,ETH-25OCT19-180-C,170.39,93.43,0.076,352.0,0.086,352.0,102.88,0.18054,-0.35309,0.04689,0.00867,0.47242
170.38,SYN.ETH-11OCT19,1569754743415,open,0.35,0.0,0.312,0.401,0.35491,103.81,None,0.0,ETH-11OCT19-230-P,170.39,0.0,0.0,0.0,0.0,0.0,0.0,0.03929,-0.17172,-0.07147,0.00401,-0.93431
8087.82,SYN.BTC-4OCT19,1569754743422,open,0.26,0.0,0.2435,0.2805,0.26029394,144.99,None,0.0,BTC-4OCT19-6000-C,8087.1,0.0,0.1,1.0,0.0,0.0,0.0,0.6543,-9.72849,0.76562,5e-05,0.96896
8096.05,SYN.BTC-29NOV19,1569754743425,open,0.02,23.9,0.0075,0.0415,0.0220665,105.52,0.0245,0.0,BTC-29NOV19-5000-P,8087.1,101.59,0.0195,24.0,0.024,0.1,108.36,5.41908,-4.69656,-1.52845,5e-05,-0.09113
8087.82,SYN.BTC-4OCT19,1569754743425,open,0.0,80.8,0.0005,0.0105,0.00014478,145.0,0.0015,0.0,BTC-4OCT19-13000-C,8087.1,0.0,0.0,0.0,0.0005,0.1,165.0,0.08544,-1.17094,0.00308,1e-05,0.003
170.38,SYN.ETH-11OCT19,1569754743458,open,0.2,0.0,0.161,0.226,0.195057,113.73,None,0.0,ETH-11OCT19-140-C,170.39,0.0,0.0,0.0,0.0,0.0,0.0,0.06991,-0.33473,0.03661,0.00651,0.85543
170.34,ETH-27DEC19,1569754743464,open,0.23,4314.0,0.169,0.283,0.228461,99.22,0.227,0.0,ETH-27DEC19-180-P,170.39,95.91,0.222,340.0,0.237,412.0,103.6,0.33241,-0.18555,-0.28034,0.00474,-0.44744
170.38,SYN.ETH-25OCT19,1569754743478,open,0.14,508.0,0.096,0.184,0.140893,101.37,0.133,0.0,ETH-25OCT19-180-P,170.39,98.64,0.138,72.0,0.149,352.0,109.01,0.18055,-0.35365,-0.08071,0.00866,-0.52737
171.34,ETH-27MAR20,1569754743483,open,1.62,0.0,1.517,1.727,1.619154,103.66,None,0.0,ETH-27MAR20-440-P,170.39,0.0,0.002,10.0,0.0,0.0,0.0,0.31077,-0.08955,-2.06326,0.00207,-0.82436
8087.82,SYN.BTC-4OCT19,1569754743499,open,0.0,22.2,0.0005,0.0105,0.00023247,140.84,0.0005,0.0,BTC-4OCT19-12500-C,8087.1,0.0,0.0,0.0,0.0005,0.1,153.23,0.12926,-1.86692,0.00489,1e-05,0.00476
170.39,SYN.ETH-4OCT19,1569754743512,open,0.3,0.0,0.274,0.319,0.296638,144.74,None,0.0,ETH-4OCT19-120-C,170.39,0.0,0.0,0.0,0.0,0.0,0.0,0.00731,-0.10849,0.01568,0.0013,0.98535
170.39,SYN.ETH-4OCT19,1569754743543,open,0.0,281.0,0.001,0.017,0.004414,119.84,0.003,0.0,ETH-4OCT19-140-P,170.39,109.68,0.003,6.0,0.006,251.0,129.48,0.02599,-0.31936,-0.00166,0.00559,-0.06844
170.38,SYN.ETH-25OCT19,1569754743547,open,0.05,1447.0,0.021,0.079,0.049768,101.58,0.052,0.0,ETH-25OCT19-200-C,170.39,99.73,0.048,200.0,0.052,96.0,103.9,0.16299,-0.31993,0.03308,0.0078,0.32365
8088.85,SYN.BTC-11OCT19,1569754743556,open,0.0,69.1,0.0005,0.015,0.00444489,132.73,0.0035,0.0,BTC-11OCT19-5500-P,8087.1,129.88,0.004,30.0,0.005,10.0,136.07,1.30136,-7.27223,-0.12153,5e-05,-0.04173
171.34,ETH-27MAR20,1569754743558,open,0.04,1147.0,0.015,0.078,0.043456,105.06,0.049,0.0,ETH-27MAR20-480-C,170.39,102.93,0.04,240.0,0.048,240.0,107.75,0.28291,-0.08262,0.09164,0.00186,0.15199
8087.82,SYN.BTC-4OCT19,1569754743558,open,0.01,286.7,0.0005,0.0255,0.00868295,90.05,0.006,0.0,BTC-4OCT19-9000-C,8087.1,80.07,0.006,0.1,0.0075,30.0,85.82,2.319,-21.41549,0.16872,0.00029,0.16485
8096.05,SYN.BTC-29NOV19,1569754743562,open,0.51,0.0,0.4685,0.564,0.51470111,90.29,None,0.0,BTC-29NOV19-12000-P,8087.1,0.0,0.0005,1.0,0.0,0.0,0.0,8.93347,-6.62528,-17.9052,9e-05,-0.81133
8208.27,BTC-27MAR20,1569754743565,open,2.9,0.0,2.8255,3.0105,2.91272228,101.23,None,0.0,BTC-27MAR20-32000-P,8087.1,0.0,0.04,1.0,0.0,0.0,0.0,6.81524,-1.91766,-155.86924,2e-05,-0.94055
170.36,SYN.ETH-29NOV19,1569754743585,open,0.43,0.0,0.404,0.458,0.431626,108.47,None,0.0,ETH-29NOV19-100-C,170.39,0.0,0.0,0.0,0.0,0.0,0.0,0.10069,-0.08971,0.13955,0.00192,0.92278
170.38,SYN.ETH-11OCT19,1569754743596,open,0.3,0.0,0.256,0.345,0.299504,103.49,None,0.0,ETH-11OCT19-220-P,170.39,0.0,0.0,0.0,0.0,0.0,0.0,0.05434,-0.23678,-0.06644,0.00556,-0.89897
8088.85,SYN.BTC-11OCT19,1569754743600,open,0.0,0.2,0.0005,0.011,0.00144822,94.52,0.002,0.0,BTC-11OCT19-11500-C,8087.1,89.57,0.001,5.0,0.002,1.0,99.4,0.82209,-3.27153,0.05918,4e-05,0.02393
8087.82,SYN.BTC-4OCT19,1569754743602,open,0.2,0.0,0.182,0.2355,0.20716342,90.05,None,0.0,BTC-4OCT19-9750-P,8087.1,0.0,0.1915,3.0,0.23,3.0,184.57,0.8152,-7.52791,-1.26034,0.0001,-0.95941
170.38,SYN.ETH-25OCT19,1569754743611,open,0.22,960.0,0.174,0.272,0.223833,101.77,0.21,0.0,ETH-25OCT19-200-P,170.39,66.62,0.193,20.0,0.255,20.0,133.11,0.1631,-0.32074,-0.10867,0.00779,-0.67584
8087.82,SYN.BTC-4OCT19,1569754743614,open,0.05,99.3,0.024,0.0815,0.05270492,90.05,0.056,0.0,BTC-4OCT19-8250-P,8087.1,88.51,0.052,0.2,0.056,18.0,97.26,3.69347,-34.10819,-0.65673,0.00047,-0.55517
170.39,SYN.ETH-4OCT19,1569754743645,open,0.0,339.0,0.001,0.011,0.000659,100.81,0.001,0.0,ETH-4OCT19-220-C,170.39,0.0,0.0,0.0,0.001,100.0,107.08,0.00804,-0.08314,0.00036,0.00206,0.01638
8208.27,BTC-27MAR20,1569754743655,open,0.1,153.3,0.064,0.144,0.10384903,89.52,0.1055,0.0,BTC-27MAR20-6000-P,8087.1,87.6,0.1,14.9,0.108,4.9,91.57,16.51999,-4.11061,-12.62025,6e-05,-0.20814
8088.85,SYN.BTC-11OCT19,1569754743655,open,0.07,36.3,0.0405,0.1015,0.07198521,92.82,0.0695,0.0,BTC-11OCT19-8000-C,8087.1,87.92,0.0685,18.0,0.075,4.0,97.06,5.75592,-22.49406,1.28302,0.00029,0.55949
8087.82,SYN.BTC-4OCT19,1569754743666,open,0.09,12.6,0.0625,0.12,0.0920784,106.08,0.0875,0.0,BTC-4OCT19-7500-C,8087.1,87.41,0.0855,8.0,0.0915,6.0,104.5,2.96595,-32.26486,0.71158,0.00032,0.75072
8090.9,SYN.BTC-25OCT19,1569754743675,open,0.01,614.4,0.0025,0.0285,0.01217861,88.16,0.0125,0.0,BTC-25OCT19-11000-C,8087.1,84.84,0.0105,24.0,0.011,2.0,85.85,4.22772,-7.20213,0.60007,0.0001,0.1168
8090.9,SYN.BTC-25OCT19,1569754743680,open,0.02,916.6,0.005,0.0355,0.01738653,104.91,0.018,0.0,BTC-25OCT19-6000-P,8087.1,102.15,0.016,15.0,0.0185,24.0,107.07,4.13308,-8.37857,-0.74866,8e-05,-0.11314
170.34,ETH-27DEC19,1569754743689,open,0.07,1921.0,0.03,0.102,0.06544,100.27,0.05,0.0,ETH-27DEC19-260-C,170.39,96.28,0.059,164.0,0.071,416.0,103.63,0.27886,-0.1573,0.0856,0.00394,0.27182
8090.9,SYN.BTC-25OCT19,1569754743701,open,0.14,4.3,0.101,0.1665,0.13507602,92.21,0.1335,0.0,BTC-25OCT19-7500-C,8087.1,85.39,0.1285,8.0,0.134,1.0,91.09,7.82972,-13.95027,3.05105,0.00018,0.667
170.39,SYN.ETH-4OCT19,1569754743701,open,0.0,10.0,0.001,0.011,0.001504,125.14,0.005,0.0,ETH-4OCT19-130-P,170.39,0.0,0.0,0.0,0.003,105.0,142.37,0.0119,-0.1527,-0.00063,0.00245,-0.02601
8208.27,BTC-27MAR20,1569754743705,open,0.05,155.2,0.019,0.087,0.04906589,91.43,0.053,0.0,BTC-27MAR20-18000-C,8087.1,89.76,0.046,4.9,0.053,4.9,93.5,15.29726,-3.88758,5.43325,5e-05,0.18338
170.36,SYN.ETH-29NOV19,1569754743721,open,0.02,45.0,0.006,0.036,0.018712,108.61,0.018,0.0,ETH-29NOV19-100-P,170.39,107.4,0.018,360.0,0.02,3.0,110.75,0.10087,-0.08998,-0.02731,0.00192,-0.0774
171.34,ETH-27MAR20,1569754743725,open,0.04,937.0,0.012,0.07,0.037193,106.25,0.037,0.0,ETH-27MAR20-520-C,170.39,104.08,0.034,240.0,0.04,240.0,108.09,0.2576,-0.07608,0.08034,0.00168,0.13234
170.34,ETH-27DEC19,1569754743772,open,0.59,946.0,0.521,0.661,0.59171,100.21,0.3,0.0,ETH-27DEC19-260-P,170.39,0.0,0.0,0.0,0.0,0.0,0.0,0.27876,-0.15716,-0.54753,0.00394,-0.72838
8088.85,SYN.BTC-11OCT19,1569754743772,open,0.01,118.1,0.0005,0.0245,0.00906936,92.82,0.0055,0.0,BTC-11OCT19-10000-C,8087.1,83.44,0.006,30.0,0.008,2.0,89.75,2.89089,-11.29754,0.28769,0.00015,0.11838
8208.27,BTC-27MAR20,1569754743785,open,0.03,116.0,0.0075,0.055,0.02614136,95.97,0.025,0.0,BTC-27MAR20-24000-C,8087.1,95.07,0.025,5.9,0.029,6.0,98.16,10.45118,-2.78816,3.17502,3e-05,0.10463
8208.27,BTC-27MAR20,1569754743788,open,0.02,102.7,0.0035,0.039,0.01610717,99.84,0.0185,0.0,BTC-27MAR20-30000-C,8087.1,97.43,0.014,7.0,0.019,6.0,102.87,7.47745,-2.0752,2.05759,2e-05,0.06697
170.38,SYN.ETH-11OCT19,1569754743801,open,0.15,0.0,0.11,0.181,0.147942,108.32,None,0.0,ETH-11OCT19-150-C,170.39,0.0,0.0,0.0,0.0,0.0,0.0,0.09256,-0.42215,0.03467,0.00905,0.77331
170.39,SYN.ETH-4OCT19,1569754743815,open,0.29,13.0,0.254,0.333,0.292058,105.09,0.071,0.0,ETH-4OCT19-220-P,170.39,0.0,0.0,0.0,0.0,0.0,0.0,0.00974,-0.105,-0.02894,0.00239,-0.97948
170.36,SYN.ETH-29NOV19,1569754743842,open,0.34,0.0,0.302,0.373,0.339695,107.8,None,0.0,ETH-29NOV19-120-C,170.39,0.0,0.0,0.0,0.0,0.0,0.0,0.16564,-0.14666,0.14362,0.00317,0.84519
170.38,SYN.ETH-25OCT19,1569754743842,open,0.01,5057.0,0.001,0.018,0.006661,109.33,0.004,0.0,ETH-25OCT19-280-C,170.39,103.6,0.005,120.0,0.009,120.0,116.16,0.05351,-0.11303,0.00635,0.00238,0.05925
170.34,ETH-27DEC19,1569754743846,open,0.04,818.0,0.016,0.073,0.042134,101.54,0.031,0.0,ETH-27DEC19-300-C,170.39,99.16,0.039,320.0,0.047,416.0,105.1,0.22785,-0.13015,0.06119,0.00318,0.18967
170.38,SYN.ETH-25OCT19,1569754743852,open,0.02,1360.0,0.004,0.036,0.016759,103.66,0.016,0.0,ETH-25OCT19-240-C,170.39,98.7,0.014,360.0,0.019,360.0,107.43,0.09845,-0.19719,0.01427,0.00462,0.13491
8096.05,SYN.BTC-29NOV19,1569754743866,open,0.3,0.0,0.2695,0.3335,0.30237773,96.74,None,0.0,BTC-29NOV19-6000-C,8087.1,0.0,0.055,0.1,0.0,0.0,0.0,8.3531,-6.63746,7.13025,8e-05,0.83043
8087.82,SYN.BTC-4OCT19,1569754743883,open,0.0,240.9,0.0005,0.012,0.00215029,144.99,0.0025,0.0,BTC-4OCT19-6000-P,8087.1,143.09,0.002,30.0,0.003,1.0,154.5,0.65426,-9.7278,-0.03586,5e-05,-0.03104
171.34,ETH-27MAR20,1569754743894,open,0.03,1172.0,0.01,0.064,0.032709,107.76,0.031,0.0,ETH-27MAR20-560-C,170.39,105.76,0.03,391.0,0.035,240.0,109.39,0.23716,-0.07104,0.07165,0.00152,0.11757
8096.05,SYN.BTC-29NOV19,1569754743906,open,0.21,0.0,0.169,0.2625,0.21651959,90.3,None,0.0,BTC-29NOV19-9000-P,8087.1,85.96,0.2095,14.4,0.2225,14.4,93.98,13.1211,-9.73119,-10.22706,0.00013,-0.54088
170.38,SYN.ETH-25OCT19,1569754743922,open,0.43,302.0,0.375,0.478,0.425637,104.04,0.432,0.0,ETH-25OCT19-240-P,170.39,0.0,0.4,14.0,0.454,14.0,143.55,0.09901,-0.19904,-0.15576,0.00462,-0.86397
170.39,SYN.ETH-4OCT19,1569754743930,open,0.0,133.0,0.001,0.011,0.000714,116.71,0.001,0.0,ETH-4OCT19-230-C,170.39,0.0,0.0,0.0,0.001,100.0,122.37,0.00768,-0.09189,0.00034,0.0017,0.01552
8088.85,SYN.BTC-11OCT19,1569754743967,open,0.27,0.1,0.245,0.29,0.26655655,124.89,0.26,0.0,BTC-11OCT19-6000-C,8087.1,0.0,0.246,3.0,0.2795,3.0,165.55,2.06791,-10.87373,1.73257,8e-05,0.92488
8090.91,SYN.BTC-25OCT19,1569754743969,open,0.22,0.0,0.1945,0.2515,0.22361937,99.34,None,0.0,BTC-25OCT19-6500-C,8087.1,47.28,0.1985,7.0,0.2455,7.0,129.56,5.42118,-10.40662,3.4865,0.00012,0.83147
8088.85,SYN.BTC-11OCT19,1569754743970,open,0.01,2.7,0.0005,0.0165,0.00487652,92.82,0.0035,0.0,BTC-11OCT19-10500-C,8087.1,81.25,0.0025,30.0,0.0055,52.0,95.31,1.96272,-7.67028,0.17184,0.0001,0.07017
171.34,ETH-27MAR20,1569754743974,open,2.3,0.0,2.186,2.426,2.301255,107.9,None,0.0,ETH-27MAR20-560-P,170.39,0.0,0.01,10.0,0.0,0.0,0.0,0.23785,-0.07134,-2.68783,0.00152,-0.88194
170.36,SYN.ETH-29NOV19,1569754743974,open,0.04,2.0,0.02,0.071,0.044199,107.9,0.043,0.0,ETH-29NOV19-120-P,170.39,101.41,0.038,340.0,0.05,340.0,113.77,0.16573,-0.14688,-0.05658,0.00317,-0.15493
8087.82,SYN.BTC-4OCT19,1569754743974,open,0.0,162.0,0.0005,0.0105,0.00029782,106.89,0.0005,0.0,BTC-4OCT19-11000-C,8087.1,0.0,0.0,0.0,0.0005,0.6,113.77,0.19579,-2.14609,0.00789,2e-05,0.0076
170.38,SYN.ETH-25OCT19,1569754744001,open,0.01,695.0,0.001,0.024,0.00992,105.33,0.01,0.0,ETH-25OCT19-260-C,170.39,100.48,0.008,360.0,0.013,360.0,112.22,0.07111,-0.14473,0.00917,0.00328,0.08583
8087.82,SYN.BTC-4OCT19,1569754744005,open,0.12,104.8,0.093,0.1515,0.1214675,90.05,0.116,0.0,BTC-4OCT19-9000-P,8087.1,78.92,0.1185,6.0,0.124,6.0,98.49,2.31897,-21.41492,-1.03351,0.00029,-0.83516
170.38,SYN.ETH-11OCT19,1569754744017,open,0.15,0.0,0.104,0.192,0.148779,103.09,None,0.0,ETH-11OCT19-190-P,170.39,95.25,0.144,30.0,0.158,30.0,117.05,0.10858,-0.47126,-0.04645,0.01115,-0.689
8088.85,SYN.BTC-11OCT19,1569754744023,open,0.06,30.5,0.031,0.0915,0.06100096,92.82,0.062,0.0,BTC-11OCT19-8000-P,8087.1,92.12,0.0605,18.0,0.063,0.2,95.63,5.75592,-22.49388,-1.31987,0.00029,-0.44051
8088.85,SYN.BTC-11OCT19,1569754744054,open,0.01,5.2,0.0005,0.023,0.00831831,124.89,0.0055,0.0,BTC-11OCT19-6000-P,8087.1,119.53,0.007,30.0,0.01,39.0,131.2,2.06786,-10.87327,-0.21959,8e-05,-0.07512
8208.27,BTC-27MAR20,1569754744063,open,0.01,22.4,0.0025,0.033,0.01266652,102.55,0.011,0.0,BTC-27MAR20-34000-C,8087.1,100.26,0.011,4.0,0.015,6.0,105.46,6.24632,-1.7805,1.64089,2e-05,0.05323
170.39,SYN.ETH-4OCT19,1569754744063,open,0.0,970.0,0.001,0.011,0.001035,147.4,0.002,0.0,ETH-4OCT19-120-P,170.39,0.0,0.0,0.0,0.002,150.0,164.06,0.00791,-0.11949,-0.00039,0.00138,-0.01605
8088.85,SYN.BTC-11OCT19,1569754744093,open,0.42,0.0,0.394,0.4555,0.42315829,94.51,None,0.0,BTC-11OCT19-11500-P,8087.1,0.0,0.0,0.0,0.0,0.0,0.0,0.82175,-3.26987,-3.68251,4e-05,-0.97608
8090.9,SYN.BTC-25OCT19,1569754744103,open,0.06,245.3,0.033,0.0925,0.06204175,92.2,0.0585,0.0,BTC-25OCT19-7500-P,8087.1,89.57,0.0595,10.0,0.0645,19.3,94.74,7.82971,-13.95005,-2.26586,0.00018,-0.33299
8100.15,BTC-27DEC19,1569754744113,open,0.08,423.2,0.049,0.121,0.08442862,94.04,0.081,0.0,BTC-27DEC19-6500-P,8087.1,92.13,0.0815,19.3,0.0875,19.3,96.04,12.42591,-6.5742,-6.39899,8e-05,-0.24001
8100.15,BTC-27DEC19,1569754744113,open,0.06,683.0,0.025,0.091,0.05602348,90.67,0.055,0.0,BTC-27DEC19-12000-C,8087.1,89.07,0.0535,7.5,0.0585,35.3,92.22,12.86922,-6.56428,3.95031,9e-05,0.25631
8100.15,BTC-27DEC19,1569754744113,open,0.0,715.8,0.0005,0.012,0.00247811,109.08,0.0035,0.0,BTC-27DEC19-30000-C,8087.1,102.97,0.0015,30.0,0.0035,0.8,113.84,1.53564,-0.94235,0.25197,1e-05,0.01525
8208.27,BTC-27MAR20,1569754744133,open,0.25,84.0,0.1975,0.3005,0.25163979,87.71,0.257,0.0,BTC-27MAR20-8000-C,8087.1,86.9,0.2495,0.1,0.257,8.6,89.75,21.6252,-5.2725,15.57551,7e-05,0.63668
8100.15,BTC-27DEC19,1569754744136,open,2.7,0.2,2.6315,2.7875,2.70609951,109.0,2.03,0.0,BTC-27DEC19-30000-P,8087.1,0.0,0.05,1.0,0.0,0.0,0.0,1.52968,-0.93806,-72.79763,1e-05,-0.98482
8100.15,BTC-27DEC19,1569754744138,open,4.91,0.0,4.81,5.0505,4.92673795,126.33,None,0.0,BTC-27DEC19-48000-P,8087.1,0.0,0.0005,2.0,0.0,0.0,0.0,0.62909,-0.44709,-116.78733,0.0,-0.9945
8088.85,SYN.BTC-11OCT19,1569754744147,open,0.24,0.0,0.2145,0.279,0.24533897,92.82,None,0.0,BTC-11OCT19-10000-P,8087.1,0.0,0.003,1.0,0.0,0.0,0.0,2.89077,-11.29682,-2.96594,0.00015,-0.88162
170.34,ETH-27DEC19,1569754744158,open,0.02,510.0,0.005,0.042,0.02022,105.5,0.023,0.0,ETH-27DEC19-380-C,170.39,102.86,0.018,374.0,0.022,320.0,107.51,0.14761,-0.08761,0.03313,0.00198,0.10009
8100.15,BTC-27DEC19,1569754744176,open,0.02,340.3,0.0055,0.043,0.02006955,93.89,0.017,0.0,BTC-27DEC19-16000-C,8087.1,93.81,0.02,5.0,0.0215,20.0,95.43,7.41382,-3.91599,1.73288,5e-05,0.10793
171.34,ETH-27MAR20,1569754744176,open,2.53,0.0,2.41,2.662,2.530805,109.14,None,0.0,ETH-27MAR20-600-P,170.39,0.0,0.02,10.0,0.0,0.0,0.0,0.21897,-0.06643,-2.89254,0.00139,-0.89483
8100.15,BTC-27DEC19,1569754744176,open,0.02,608.4,0.0075,0.05,0.02481353,92.37,0.025,0.0,BTC-27DEC19-15000-C,8087.1,90.61,0.023,32.0,0.027,23.0,94.42,8.47922,-4.40637,2.08503,6e-05,0.13053
8100.15,BTC-27DEC19,1569754744176,open,0.0,315.6,0.0005,0.012,0.00211649,111.34,0.003,0.0,BTC-27DEC19-32000-C,8087.1,102.67,0.001,24.0,0.0035,23.0,118.28,1.33875,-0.83854,0.21482,1e-05,0.01301
8100.15,BTC-27DEC19,1569754744190,open,0.32,123.1,0.2855,0.358,0.3229342,95.67,0.325,0.0,BTC-27DEC19-6000-C,8087.1,69.92,0.2905,4.0,0.0,0.0,0.0,10.90485,-5.86941,9.57375,7e-05,0.80833
8100.15,BTC-27DEC19,1569754744190,open,0.01,391.0,0.0005,0.021,0.00729795,102.34,0.007,0.0,BTC-27DEC19-22000-C,8087.1,100.48,0.0065,2.0,0.0085,46.0,104.92,3.59497,-2.06976,0.68774,2e-05,0.04217
8100.15,BTC-27DEC19,1569754744195,open,0.03,797.7,0.0145,0.0585,0.03437394,101.41,0.0335,0.0,BTC-27DEC19-5000-P,8087.1,99.4,0.0325,50.0,0.036,24.0,103.12,7.62862,-4.35212,-2.89315,5e-05,-0.11231
8087.82,SYN.BTC-4OCT19,1569754744199,open,0.17,0.0,0.1495,0.198,0.17269371,128.27,None,0.0,BTC-4OCT19-6750-C,8087.1,0.0,0.0,0.0,0.0,0.0,0.0,1.61476,-21.23989,0.78807,0.00014,0.90214
8100.15,BTC-27DEC19,1569754744203,open,3.44,1.3,3.3575,3.54,3.44558395,112.21,2.2,0.0,BTC-27DEC19-36000-P,8087.1,0.0,0.0005,1.0,0.0,0.0,0.0,0.85896,-0.54223,-87.52804,0.0,-0.99218
8087.82,SYN.BTC-4OCT19,1569754744207,open,0.2,0.0,0.1805,0.226,0.20180544,137.38,None,0.0,BTC-4OCT19-6500-C,8087.1,0.0,0.1,1.0,0.0,0.0,0.0,1.29226,-18.20554,0.78379,0.00011,0.92729
8100.15,BTC-27DEC19,1569754744211,open,0.0,227.3,0.0005,0.0145,0.00482709,131.64,0.006,0.0,BTC-27DEC19-2500-P,8087.1,124.43,0.0035,23.0,0.006,47.0,137.09,1.63384,-1.20996,-0.41861,1e-05,-0.0164
170.36,SYN.ETH-29NOV19,1569754744231,open,0.08,6.0,0.047,0.122,0.084887,107.86,0.078,0.0,ETH-29NOV19-140-P,170.39,99.47,0.074,340.0,0.084,340.0,107.18,0.22238,-0.19701,-0.09594,0.00426,-0.25278
8100.15,BTC-27DEC19,1569754744234,open,0.01,482.3,0.003,0.0315,0.01301132,95.88,0.0145,0.0,BTC-27DEC19-18000-C,8087.1,93.6,0.0115,31.0,0.015,45.0,98.66,5.56323,-3.00071,1.19027,4e-05,0.07336
170.34,ETH-27DEC19,1569754744247,open,1.25,0.0,1.173,1.335,1.250922,105.35,None,0.0,ETH-27DEC19-380-P,170.39,0.0,0.001,5.0,0.0,0.0,0.0,0.14713,-0.0872,-0.89229,0.00198,-0.90036
8100.15,BTC-27DEC19,1569754744247,open,0.0,598.5,0.0005,0.011,0.00123827,112.36,0.0025,0.0,BTC-27DEC19-36000-C,8087.1,102.99,0.0005,1164.0,0.002,1.5,118.28,0.86747,-0.54836,0.13159,0.0,0.00791
8100.15,BTC-27DEC19,1569754744247,open,0.14,178.8,0.091,0.179,0.13635932,90.67,0.1355,0.0,BTC-27DEC19-9000-C,8087.1,87.94,0.131,23.4,0.1395,12.0,92.26,15.94477,-8.13307,7.07976,0.00011,0.49531
8100.15,BTC-27DEC19,1569754744247,open,0.01,228.1,0.0015,0.024,0.01128754,115.34,0.0125,0.0,BTC-27DEC19-3500-P,8087.1,110.89,0.0095,45.0,0.0125,4.9,118.16,3.39487,-2.20283,-0.99764,2e-05,-0.03929
8100.15,BTC-27DEC19,1569754744255,open,1.47,4.6,1.423,1.54,1.47783444,97.71,1.466,0.0,BTC-27DEC19-20000-P,8087.1,0.0,0.05,1.0,2.141,0.2,500.0,4.1993,-2.30832,-47.86215,3e-05,-0.94883
8100.15,BTC-27DEC19,1569754744257,open,0.06,1132.4,0.0335,0.096,0.06365848,95.67,0.0565,0.0,BTC-27DEC19-6000-P,8087.1,94.06,0.0615,19.3,0.0655,2.0,97.04,10.90477,-5.86925,-5.03585,7e-05,-0.19166
8100.15,BTC-27DEC19,1569754744257,open,0.0,496.6,0.0005,0.0105,0.00074257,113.12,0.001,0.0,BTC-27DEC19-40000-C,8087.1,109.13,0.0005,0.1,0.001,9.0,116.38,0.56885,-0.36201,0.08223,0.0,0.00491
8100.15,BTC-27DEC19,1569754744257,open,0.37,73.3,0.335,0.4005,0.3684148,98.33,0.491,0.0,BTC-27DEC19-5500-C,8087.1,0.0,0.007,2.2,0.4875,1.0,190.63,9.28046,-5.13387,9.51705,6e-05,0.85094
8100.15,BTC-27DEC19,1569754744270,open,0.18,235.3,0.136,0.224,0.1821634,90.67,0.183,0.0,BTC-27DEC19-8000-C,8087.1,89.01,0.179,1.0,0.186,13.0,92.68,15.44943,-7.88042,8.22716,0.00011,0.59929
8100.15,BTC-27DEC19,1569754744277,open,0.01,813.6,0.0005,0.0235,0.00875351,97.73,0.0105,0.0,BTC-27DEC19-20000-C,8087.1,95.2,0.0075,51.0,0.01,10.0,100.03,4.20192,-2.31018,0.83747,3e-05,0.05121
8100.15,BTC-27DEC19,1569754744280,open,0.47,4.1,0.4445,0.494,0.46873893,105.11,0.578,0.0,BTC-27DEC19-4500-C,8087.1,0.0,0.0125,1.1,0.8985,1.0,500.0,6.04677,-3.57576,8.86356,4e-05,0.91813
8100.15,BTC-27DEC19,1569754744312,open,0.02,545.3,0.009,0.0445,0.02428214,105.11,0.0215,0.0,BTC-27DEC19-4500-P,8087.1,102.69,0.0225,35.0,0.026,24.0,107.38,6.04658,-3.57555,-2.09361,4e-05,-0.08187
8100.15,BTC-27DEC19,1569754744314,open,0.64,0.0,0.624,0.6515,0.63666791,121.03,None,0.0,BTC-27DEC19-3000-C,8087.1,0.0,0.04,1.0,0.919,0.5,500.0,2.32814,-1.58528,6.67508,1e-05,0.9751
8100.15,BTC-27DEC19,1569754744317,open,0.0,334.4,0.0005,0.0105,0.00094371,126.61,0.0005,0.0,BTC-27DEC19-48000-C,8087.1,0.0,0.0,0.0,0.0025,47.0,139.81,0.64038,-0.45612,0.09206,0.0,0.00561
8100.15,BTC-27DEC19,1569754744317,open,0.0,490.1,0.0005,0.0125,0.00297403,106.78,0.0025,0.0,BTC-27DEC19-28000-C,8087.1,101.77,0.002,34.0,0.004,5.3,110.96,1.79374,-1.07759,0.3021,1e-05,0.01829
8100.15,BTC-27DEC19,1569754744317,open,2.94,0.3,2.8735,3.039,2.95264599,111.25,1.875,0.0,BTC-27DEC19-32000-P,8087.1,0.0,0.0005,1.0,0.0,0.0,0.0,1.33216,-0.83375,-77.70477,1e-05,-0.98707
8100.15,BTC-27DEC19,1569754744317,open,0.04,479.6,0.016,0.073,0.04163864,90.69,0.044,0.0,BTC-27DEC19-13000-C,8087.1,89.5,0.04,7.0,0.0445,36.3,92.72,11.26799,-5.74902,3.16928,8e-05,0.20232
8100.15,BTC-27DEC19,1569754744317,open,0.0,241.8,0.0005,0.0105,0.00062061,138.5,0.001,0.0,BTC-27DEC19-1500-P,8087.1,0.0,0.0,0.0,0.001,8.0,146.87,0.30824,-0.24017,-0.0612,0.0,-0.00248
8100.15,BTC-27DEC19,1569754744325,open,0.03,562.5,0.011,0.0605,0.03234904,91.83,0.034,0.0,BTC-27DEC19-14000-C,8087.1,90.72,0.031,10.0,0.034,18.0,93.18,9.85641,-5.09224,2.58324,7e-05,0.16332
8100.15,BTC-27DEC19,1569754744325,open,0.0,98.2,0.0005,0.012,0.00241764,138.41,0.002,0.0,BTC-27DEC19-2000-P,8087.1,122.23,0.001,47.0,0.004,47.0,150.26,0.91802,-0.71484,-0.21409,0.0,-0.00844
8100.15,BTC-27DEC19,1569754744325,open,0.08,755.7,0.039,0.114,0.07546865,90.67,0.076,0.0,BTC-27DEC19-11000-C,8087.1,88.7,0.072,2.0,0.076,3.0,90.97,14.34309,-7.31608,4.87539,0.0001,0.32266
8090.9,SYN.BTC-25OCT19,1569754744327,open,0.01,381.0,0.0005,0.0185,0.00647221,91.21,0.0065,0.0,BTC-25OCT19-12000-C,8087.1,86.62,0.005,36.0,0.0075,24.0,94.08,2.78302,-4.90482,0.34481,7e-05,0.06659
170.38,SYN.ETH-11OCT19,1569754744329,open,0.05,4.0,0.018,0.079,0.046941,105.43,0.047,0.0,ETH-11OCT19-160-P,170.39,97.89,0.042,120.0,0.054,120.0,116.12,0.11199,-0.49711,-0.02118,0.01125,-0.33516
8087.82,SYN.BTC-4OCT19,1569754744343,open,0.02,389.1,0.003,0.0425,0.01939889,106.08,0.0205,0.0,BTC-4OCT19-7500-P,8087.1,103.62,0.0185,0.5,0.02,24.0,107.71,2.96594,-32.26459,-0.29028,0.00032,-0.24928
8100.15,BTC-27DEC19,1569754744349,open,0.0,1542.5,0.0005,0.0105,0.00063813,126.74,0.0015,0.0,BTC-27DEC19-52000-C,8087.1,0.0,0.0,0.0,0.0005,1.0,124.09,0.46314,-0.33022,0.06438,0.0,0.0039
8100.15,BTC-27DEC19,1569754744349,open,0.1,509.8,0.06,0.1425,0.10157523,90.67,0.0985,0.0,BTC-27DEC19-10000-C,8087.1,87.74,0.096,28.3,0.102,17.1,90.89,15.46583,-7.88876,5.93245,0.00011,0.40236
8088.85,SYN.BTC-11OCT19,1569754744353,open,0.3,0.0,0.2735,0.336,0.30295961,92.82,None,0.0,BTC-11OCT19-10500-P,8087.1,0.0,0.01,1.0,0.0,0.0,0.0,1.96254,-7.66929,-3.24447,0.0001,-0.92984
8100.15,BTC-27DEC19,1569754744360,open,0.58,4.0,0.563,0.5975,0.57919837,115.34,0.666,0.0,BTC-27DEC19-3500-C,8087.1,0.0,0.04,1.0,0.946,1.0,500.0,3.3951,-2.20306,7.52459,2e-05,0.9607
170.36,SYN.ETH-29NOV19,1569754744360,open,0.2,0.0,0.151,0.243,0.201132,107.88,None,0.0,ETH-29NOV19-160-C,170.39,88.82,0.172,320.0,0.203,320.0,109.11,0.25989,-0.23028,0.12514,0.00498,0.64156
8100.15,BTC-27DEC19,1569754744368,open,0.99,22.0,0.9435,1.0535,0.9953343,93.88,1.0275,0.0,BTC-27DEC19-16000-P,8087.1,0.0,0.4,0.2,1.677,0.2,500.0,7.41249,-3.91496,-37.22672,5e-05,-0.8921
8090.9,SYN.BTC-25OCT19,1569754744376,open,0.04,1140.3,0.018,0.0675,0.04118548,94.85,0.042,0.0,BTC-25OCT19-7000-P,8087.1,92.82,0.0395,11.0,0.0435,19.3,97.62,6.72795,-12.33142,-1.62456,0.00015,-0.24204
8100.15,BTC-27DEC19,1569754744382,open,0.25,628.7,0.1945,0.2985,0.24744574,90.66,0.234,0.0,BTC-27DEC19-9000-P,8087.1,87.39,0.241,14.4,0.2465,11.0,90.18,15.94477,-8.13288,-14.8348,0.00011,-0.50469
8100.15,BTC-27DEC19,1569754744388,open,0.76,0.0,0.746,0.7655,0.75550954,138.42,None,0.0,BTC-27DEC19-2000-C,8087.1,0.0,0.02,1.3,0.9365,0.5,500.0,0.91824,-0.71505,4.65575,0.0,0.99156
8100.15,BTC-27DEC19,1569754744390,open,0.21,126.6,0.165,0.251,0.21008303,90.73,0.207,0.0,BTC-27DEC19-7500-C,8087.1,89.04,0.207,14.4,0.2165,11.0,94.26,14.74454,-7.52599,8.75305,0.0001,0.65387
8100.15,BTC-27DEC19,1569754744390,open,0.0,458.3,0.0005,0.0145,0.00421492,106.42,0.0025,0.0,BTC-27DEC19-26000-C,8087.1,101.74,0.003,0.7,0.0055,46.0,110.48,2.3444,-1.40364,0.41205,1e-05,0.02511
8100.15,BTC-27DEC19,1569754744390,open,0.17,547.0,0.122,0.216,0.16979578,90.67,0.1575,0.0,BTC-27DEC19-8000-P,8087.1,88.41,0.1655,19.3,0.174,9.0,92.87,15.44944,-7.88026,-11.2524,0.00011,-0.40071
8100.15,BTC-27DEC19,1569754744392,open,0.01,399.7,0.0005,0.017,0.00703005,121.03,0.0065,0.0,BTC-27DEC19-3000-P,8087.1,117.29,0.006,46.0,0.008,22.0,124.29,2.32789,-1.58505,-0.62969,1e-05,-0.0249
8100.15,BTC-27DEC19,1569754744392,open,0.11,317.7,0.068,0.1485,0.10826903,92.23,0.11,0.0,BTC-27DEC19-7000-P,8087.1,90.6,0.1055,19.3,0.1105,1.7,93.55,13.72044,-7.11925,-7.88966,9e-05,-0.29174
8100.15,BTC-27DEC19,1569754744392,open,0.33,519.5,0.281,0.39,0.3361157,90.66,0.332,0.0,BTC-27DEC19-10000-P,8087.1,83.74,0.323,9.0,0.339,12.0,92.17,15.46576,-7.88852,-18.41711,0.00011,-0.59765
8208.26,BTC-27MAR20,1569754744396,open,0.01,65.5,0.001,0.029,0.01052055,102.55,0.011,0.0,BTC-27MAR20-36000-C,8087.1,100.97,0.0095,9.0,0.011,0.5,103.25,5.47755,-1.56137,1.40124,2e-05,0.04516
8100.15,BTC-27DEC19,1569754744407,open,0.01,642.0,0.0005,0.0165,0.00521043,103.69,0.004,0.0,BTC-27DEC19-24000-C,8087.1,99.87,0.004,7.9,0.0065,24.0,107.17,2.79116,-1.62824,0.50776,2e-05,0.03095
8100.15,BTC-27DEC19,1569754744407,open,5.41,0.8,5.294,5.5535,5.42024855,126.32,3.59,0.0,BTC-27DEC19-52000-P,8087.1,0.0,0.001,1.0,0.0,0.0,0.0,0.44979,-0.31964,-126.55505,0.0,-0.99622
8100.15,BTC-27DEC19,1569754744417,open,0.7,0.0,0.686,0.706,0.69619197,131.64,None,0.0,BTC-27DEC19-2500-C,8087.1,0.0,0.04,1.0,0.9275,0.5,500.0,1.63406,-1.21018,5.6687,1e-05,0.9836
8087.82,SYN.BTC-4OCT19,1569754744442,open,0.12,6.1,0.089,0.144,0.11676534,110.64,0.117,0.0,BTC-4OCT19-7250-C,8087.1,91.9,0.1115,6.0,0.117,6.0,111.42,2.44443,-27.73567,0.76082,0.00025,0.82098
8090.9,SYN.BTC-25OCT19,1569754744446,open,0.18,9.3,0.144,0.206,0.17601746,94.85,0.185,0.0,BTC-25OCT19-7000-C,8087.1,56.79,0.1475,8.0,0.18,0.2,99.61,6.72799,-12.33167,3.33788,0.00015,0.75795
8087.82,SYN.BTC-4OCT19,1569754744448,open,0.3,1.9,0.273,0.3275,0.29875888,99.15,0.332,0.0,BTC-4OCT19-10500-P,8087.1,0.0,0.2785,3.0,0.3255,3.0,233.95,0.31698,-3.22304,-1.38889,4e-05,-0.9868
8208.31,BTC-27MAR20,1569754744449,open,0.79,57.8,0.7225,0.863,0.79194708,88.97,0.81,0.0,BTC-27MAR20-14000-P,8087.1,62.71,0.7365,2.0,0.828,2.0,103.26,19.84141,-4.90678,-60.60552,7e-05,-0.7063
8100.15,BTC-27DEC19,1569754744451,open,0.76,268.3,0.7085,0.8175,0.76070569,91.83,0.7205,0.0,BTC-27DEC19-14000-P,8087.1,0.0,0.713,3.0,0.804,3.0,121.75,9.85562,-5.09154,-31.50634,7e-05,-0.8367
170.38,SYN.ETH-11OCT19,1569754744462,open,0.07,120.0,0.039,0.108,0.074961,102.86,0.094,0.0,ETH-11OCT19-170-C,170.39,94.54,0.069,14.0,0.078,90.0,107.11,0.12194,-0.52807,0.02588,0.01255,0.54178
8100.15,BTC-27DEC19,1569754744453,open,0.42,66.8,0.3885,0.446,0.4171037,101.41,0.4155,0.0,BTC-27DEC19-5000-C,8087.1,73.89,0.395,11.0,0.44,11.0,123.9,7.62878,-4.35232,9.28149,5e-05,0.88768
8100.15,BTC-27DEC19,1569754744468,open,0.76,268.3,0.7085,0.8175,0.76070569,91.83,0.7205,0.0,BTC-27DEC19-14000-P,8087.1,0.0,0.713,3.0,0.8035,3.0,121.44,9.85562,-5.09154,-31.50634,7e-05,-0.8367
170.36,SYN.ETH-29NOV19,1569754744489,open,0.14,0.0,0.092,0.186,0.140305,107.86,None,0.0,ETH-29NOV19-160-P,170.39,93.91,0.119,320.0,0.144,320.0,110.28,0.25989,-0.23023,-0.14171,0.00498,-0.35844
8087.82,SYN.BTC-4OCT19,1569754744601,open,0.36,2.8,0.3335,0.39,0.36036788,106.87,0.3815,0.0,BTC-4OCT19-11000-P,8087.1,0.0,0.34,3.0,0.3835,3.0,245.98,0.19562,-2.14389,-1.46151,2e-05,-0.99241
8100.15,BTC-27DEC19,1569754744603,open,0.43,261.6,0.3785,0.4885,0.43346316,90.66,0.4265,0.0,BTC-27DEC19-11000-P,8087.1,59.42,0.384,5.0,0.4755,5.0,113.46,14.3429,-7.31575,-21.90917,0.0001,-0.67735
170.38,SYN.ETH-11OCT19,1569754744612,open,0.07,0.0,0.036,0.109,0.072703,102.85,None,0.0,ETH-11OCT19-170-P,170.39,94.88,0.067,90.0,0.081,90.0,114.45,0.12194,-0.52802,-0.02943,0.01255,-0.45823
170.36,SYN.ETH-29NOV19,1569754744616,open,0.15,0.0,0.103,0.195,0.152357,107.88,None,0.0,ETH-29NOV19-180-C,170.39,90.43,0.124,320.0,0.151,320.0,107.04,0.27629,-0.24482,0.10956,0.00529,0.53796
8087.82,SYN.BTC-4OCT19,1569754744616,open,0.09,5.0,0.066,0.126,0.09591336,90.05,0.09,0.0,BTC-4OCT19-8750-P,8087.1,80.23,0.0925,6.0,0.098,6.0,95.75,2.91051,-26.87767,-0.92396,0.00037,-0.75931
170.39,SYN.ETH-4OCT19,1569754744685,open,0.41,0.0,0.368,0.459,0.410409,149.94,None,0.0,ETH-4OCT19-240-P,170.39,0.0,0.0,0.0,0.0,0.0,0.0,0.01317,-0.20246,-0.03143,0.00226,-0.97063
170.36,SYN.ETH-29NOV19,1569754744741,open,0.21,0.0,0.152,0.262,0.208927,107.85,None,0.0,ETH-29NOV19-180-P,170.39,91.29,0.182,320.0,1.059,1.0,500.0,0.2763,-0.24476,-0.19065,0.00529,-0.46207
170.38,SYN.ETH-11OCT19,1569754744750,open,0.05,72.0,0.02,0.082,0.051071,102.86,0.05,0.0,ETH-11OCT19-180-C,170.39,88.48,0.041,90.0,0.053,90.0,105.59,0.1201,-0.52014,0.02042,0.01236,0.4195
170.39,SYN.ETH-4OCT19,1569754744802,open,0.0,21.0,0.001,0.011,0.00099,150.0,0.007,0.0,ETH-4OCT19-250-C,170.39,0.0,0.0,0.0,0.0,0.0,0.0,0.00822,-0.12645,0.00036,0.00141,0.0168
170.36,SYN.ETH-29NOV19,1569754744859,open,0.11,0.0,0.069,0.156,0.114708,107.88,None,0.0,ETH-29NOV19-200-C,170.39,91.81,0.089,220.0,0.111,220.0,105.58,0.27469,-0.2434,0.09322,0.00526,0.44281
170.38,SYN.ETH-11OCT19,1569754744885,open,0.11,0.0,0.065,0.148,0.107504,102.85,None,0.0,ETH-11OCT19-180-P,170.39,95.01,0.102,90.0,0.116,90.0,114.85,0.1201,-0.52007,-0.03814,0.01236,-0.58051
170.39,SYN.ETH-4OCT19,1569754744894,open,0.47,0.0,0.425,0.517,0.468232,149.9,None,0.0,ETH-4OCT19-250-P,170.39,0.0,0.0,0.0,0.0,0.0,0.0,0.00819,-0.12597,-0.03304,0.00141,-0.98326
171.34,ETH-27MAR20,1569754744965,open,0.03,1068.0,0.015,0.056,0.034484,101.89,0.032,0.0,ETH-27MAR20-80-P,170.39,100.42,0.033,320.0,0.037,30.0,104.33,0.17448,-0.04942,-0.09451,0.00118,-0.07745
170.39,SYN.ETH-4OCT19,1569754745000,open,0.0,27.0,0.001,0.011,0.000518,150.0,0.001,0.0,ETH-4OCT19-260-C,170.39,0.0,0.0,0.0,0.0,0.0,0.0,0.00495,-0.07622,0.0002,0.00085,0.00936
170.36,SYN.ETH-29NOV19,1569754745018,open,0.29,0.0,0.227,0.346,0.288675,107.85,None,0.0,ETH-29NOV19-200-P,170.39,0.0,0.0,0.0,0.0,0.0,0.0,0.27469,-0.24332,-0.24035,0.00526,-0.55726
170.38,SYN.ETH-11OCT19,1569754745022,open,0.03,70.0,0.01,0.061,0.033655,102.86,0.035,0.0,ETH-11OCT19-190-C,170.39,95.45,0.029,5.0,0.034,1.0,103.4,0.10849,-0.46985,0.01534,0.01117,0.31045
171.34,ETH-27MAR20,1569754745049,open,0.4,40.0,0.355,0.442,0.402085,95.4,0.459,0.0,ETH-27MAR20-120-C,170.39,76.72,0.367,20.0,0.0,0.0,0.0,0.32962,-0.08741,0.34185,0.00239,0.80694
8208.26,BTC-27MAR20,1569754745051,open,3.39,0.0,3.302,3.5015,3.3963199,102.51,None,0.0,BTC-27MAR20-36000-P,8087.1,0.0,0.06,1.0,0.0,0.0,0.0,5.46884,-1.55828,-176.01293,2e-05,-0.95493
170.39,SYN.ETH-4OCT19,1569754745093,open,0.53,0.0,0.482,0.576,0.526449,149.83,None,0.0,ETH-4OCT19-260-P,170.39,0.0,0.0,0.0,0.0,0.0,0.0,0.00492,-0.07562,-0.03453,0.00085,-0.99071
8096.04,SYN.BTC-29NOV19,1569754745151,open,0.08,65.2,0.0485,0.119,0.08332797,93.41,0.08,0.0,BTC-29NOV19-7000-P,8087.1,89.91,0.0785,27.3,0.088,19.3,96.78,11.19946,-8.59251,-4.95512,0.00011,-0.28364
170.39,SYN.ETH-4OCT19,1569754745177,open,0.0,8.0,0.001,0.011,0.000267,150.0,0.001,0.0,ETH-4OCT19-270-C,170.39,0.0,0.0,0.0,0.005,4.0,224.98,0.0029,-0.04462,0.00011,0.0005,0.0051
170.39,SYN.ETH-4OCT19,1569754745182,open,0.08,587.0,0.046,0.113,0.081353,99.34,0.076,0.0,ETH-4OCT19-160-C,170.39,85.04,0.076,39.0,0.084,30.0,106.17,0.06541,-0.66636,0.01471,0.01698,0.7275
170.36,SYN.ETH-29NOV19,1569754745238,open,0.09,0.0,0.045,0.125,0.086041,107.88,None,0.0,ETH-29NOV19-220-C,170.39,93.1,0.064,220.0,0.082,220.0,105.22,0.26012,-0.23048,0.07765,0.00498,0.35935
171.34,ETH-27MAR20,1569754745279,open,0.22,1509.0,0.158,0.273,0.218183,93.99,0.241,0.0,ETH-27MAR20-160-P,170.39,91.96,0.213,300.0,0.226,300.0,97.06,0.43678,-0.11412,-0.46478,0.00321,-0.33226
170.38,SYN.ETH-11OCT19,1569754745300,open,0.02,51.0,0.005,0.045,0.021507,102.86,0.015,0.0,ETH-11OCT19-200-C,170.39,87.92,0.014,120.0,0.019,2.0,98.09,0.09108,-0.39444,0.01102,0.00937,0.22034
171.34,ETH-27MAR20,1569754745317,open,0.07,496.0,0.034,0.117,0.073935,100.46,0.065,0.0,ETH-27MAR20-360-C,170.37,96.77,0.066,260.0,0.081,24.0,103.64,0.37555,-0.10488,0.14185,0.00258,0.24193
171.34,ETH-27MAR20,1569754745317,open,2.07,0.0,1.962,2.191,2.0721,106.26,None,0.0,ETH-27MAR20-520-P,170.37,0.0,0.005,10.0,0.0,0.0,0.0,0.25762,-0.07609,-2.48227,0.00168,-0.86765
171.34,ETH-27MAR20,1569754745317,open,0.2,1117.0,0.145,0.255,0.204825,94.33,0.213,0.0,ETH-27MAR20-200-C,170.37,90.09,0.193,300.0,0.213,300.0,97.26,0.47758,-0.12522,0.28204,0.0035,0.53884
171.34,ETH-27MAR20,1569754745317,open,1.84,0.0,1.739,1.958,1.84491,105.07,None,0.0,ETH-27MAR20-480-P,170.37,0.0,0.003,10.0,0.0,0.0,0.0,0.28293,-0.08263,-2.27384,0.00186,-0.848
171.34,ETH-27MAR20,1569754745317,open,0.37,1917.0,0.299,0.439,0.372094,94.33,0.365,0.0,ETH-27MAR20-200-P,170.37,91.78,0.365,300.0,0.382,300.0,97.88,0.47758,-0.12522,-0.70358,0.0035,-0.46116
171.34,ETH-27MAR20,1569754745317,open,1.39,3.0,1.298,1.498,1.396083,102.4,1.39,0.0,ETH-27MAR20-400-P,170.37,0.0,1.328,5.0,1.432,5.0,118.86,0.34283,-0.09758,-1.84918,0.00231,-0.79391
171.34,ETH-27MAR20,1569754745317,open,0.03,5035.0,0.008,0.058,0.028796,108.99,0.029,0.0,ETH-27MAR20-600-C,170.37,107.55,0.027,750.0,0.031,240.0,110.68,0.21818,-0.0661,0.06404,0.00138,0.10464
171.34,ETH-27MAR20,1569754745317,open,0.96,7.0,0.867,1.048,0.957883,98.22,0.945,0.0,ETH-27MAR20-320-P,170.37,72.66,0.904,8.0,0.999,8.0,114.59,0.40993,-0.11192,-1.4106,0.00288,-0.71268
171.34,ETH-27MAR20,1569754745318,open,0.09,528.0,0.045,0.135,0.090251,98.22,0.104,0.0,ETH-27MAR20-320-C,170.37,94.72,0.082,260.0,0.097,260.0,101.01,0.40993,-0.11192,0.1664,0.00288,0.28732
171.34,ETH-27MAR20,1569754745318,open,1.17,6.0,1.081,1.271,1.175021,100.46,1.165,0.0,ETH-27MAR20-360-P,170.37,67.51,1.118,6.0,1.213,6.0,116.67,0.37555,-0.10488,-1.63227,0.00258,-0.75807
170.34,ETH-27DEC19,1569754745318,open,1.02,0.0,0.951,1.107,1.02678,105.45,None,0.0,ETH-27DEC19-340-P,170.37,0.0,0.001,5.0,0.0,0.0,0.0,0.18955,-0.11245,-0.78145,0.00254,-0.85727
170.34,ETH-27DEC19,1569754745318,open,3.23,0.0,3.104,3.364,3.228823,114.92,None,0.0,ETH-27DEC19-720-P,170.37,0.0,0.003,5.0,0.0,0.0,0.0,0.02618,-0.01692,-1.74903,0.00032,-0.98804
170.34,ETH-27DEC19,1569754745318,open,2.52,0.0,2.421,2.64,2.525934,110.61,0.953,0.0,ETH-27DEC19-600-P,170.37,0.0,0.0,0.0,0.0,0.0,0.0,0.04238,-0.02637,-1.45375,0.00054,-0.97902
171.34,ETH-27MAR20,1569754745318,open,0.15,1230.0,0.096,0.202,0.152122,95.58,0.161,0.0,ETH-27MAR20-240-C,170.37,91.91,0.142,300.0,0.161,18.0,98.79,0.47323,-0.12574,0.23784,0.00342,0.4338
170.34,ETH-27DEC19,1569754745318,open,0.22,406.0,0.168,0.263,0.219505,99.29,0.211,0.0,ETH-27DEC19-160-C,170.37,94.12,0.21,340.0,0.225,340.0,102.29,0.31282,-0.17474,0.17663,0.00446,0.64535
170.38,SYN.ETH-11OCT19,1569754745317,open,0.3,0.0,0.276,0.327,0.30165,130.71,None,0.0,ETH-11OCT19-120-C,170.37,0.0,0.0,0.0,0.0,0.0,0.0,0.03383,-0.18617,0.03571,0.00274,0.94573
170.32,ETH-27DEC19,1569754745318,open,2.99,0.0,2.877,3.122,2.994499,111.4,None,0.0,ETH-27DEC19-680-P,170.37,0.0,0.002,10.0,0.0,0.0,0.0,0.02706,-0.01696,-1.65145,0.00034,-0.98757
171.34,ETH-27MAR20,1569754745318,open,0.12,798.0,0.065,0.164,0.116171,97.04,0.114,0.0,ETH-27MAR20-280-C,170.37,93.88,0.108,260.0,0.124,24.0,100.03,0.44637,-0.1204,0.199,0.00318,0.35184
170.32,ETH-27DEC19,1569754745318,open,0.8,1.0,0.731,0.878,0.80331,101.39,0.494,0.0,ETH-27DEC19-300-P,170.37,0.0,0.001,5.0,0.0,0.0,0.0,0.22737,-0.12969,-0.66946,0.00317,-0.81094
170.32,ETH-27DEC19,1569754745318,open,1.59,0.0,1.511,1.687,1.59533,107.14,None,0.0,ETH-27DEC19-440-P,170.37,0.0,0.001,8.0,0.0,0.0,0.0,0.10389,-0.06262,-1.05025,0.00137,-0.93709
170.32,ETH-27DEC19,1569754745318,open,0.17,1049.0,0.12,0.216,0.17179,99.26,0.17,0.0,ETH-27DEC19-180-C,170.37,94.25,0.162,340.0,0.177,340.0,101.93,0.33238,-0.18561,0.1579,0.00474,0.55253
171.34,ETH-27MAR20,1569754745318,open,0.57,19.0,0.538,0.594,0.567576,101.89,0.542,0.0,ETH-27MAR20-80-C,170.37,79.79,0.548,32.0,0.583,32.0,116.14,0.17448,-0.04942,0.29973,0.00118,0.92255
170.32,ETH-27DEC19,1569754745319,open,0.16,4333.0,0.108,0.207,0.158803,99.26,0.155,0.0,ETH-27DEC19-160-P,170.37,96.65,0.154,830.0,0.166,340.0,103.18,0.31282,-0.17468,-0.21298,0.00446,-0.35476
170.32,ETH-27DEC19,1569754745319,open,2.06,37.0,1.965,2.163,2.059687,109.73,0.707,0.0,ETH-27DEC19-520-P,170.37,0.0,0.002,25.0,0.0,0.0,0.0,0.06748,-0.04166,-1.2537,0.00087,-0.96332
170.32,ETH-27DEC19,1569754745320,open,0.1,3192.0,0.06,0.146,0.104777,99.33,0.106,0.0,ETH-27DEC19-220-C,170.37,96.27,0.099,320.0,0.111,320.0,102.6,0.32266,-0.1803,0.11863,0.0046,0.39083
170.32,ETH-27DEC19,1569754745320,open,3.46,0.0,3.333,3.604,3.463179,110.1,None,0.0,ETH-27DEC19-760-P,170.37,0.0,0.0,0.0,0.0,0.0,0.0,0.01543,-0.00956,-1.84826,0.0002,-0.99346
170.32,ETH-27DEC19,1569754745320,open,1.83,21.0,1.738,1.926,1.827774,109.97,0.629,0.0,ETH-27DEC19-480-P,170.37,0.0,0.001,7.0,0.0,0.0,0.0,0.08764,-0.05422,-1.15171,0.00113,-0.9493
170.36,SYN.ETH-29NOV19,1569754745317,open,0.68,0.0,0.613,0.748,0.679698,107.87,None,0.0,ETH-29NOV19-280-P,170.37,0.0,0.0,0.0,0.0,0.0,0.0,0.18384,-0.16288,-0.42553,0.00352,-0.81798
170.32,ETH-27DEC19,1569754745321,open,2.76,0.0,2.649,2.88,2.759779,108.2,None,0.0,ETH-27DEC19-640-P,170.37,0.0,0.0,0.0,0.0,0.0,0.0,0.02901,-0.01766,-1.55367,0.00038,-0.98653
170.36,SYN.ETH-29NOV19,1569754745317,open,0.26,0.0,0.217,0.302,0.263091,107.87,None,0.0,ETH-29NOV19-140-C,170.37,0.0,0.0,0.0,0.0,0.0,0.0,0.22238,-0.19703,0.13755,0.00426,0.74721
170.38,SYN.ETH-25OCT19,1569754745318,open,0.32,483.0,0.269,0.37,0.319535,101.63,0.337,0.0,ETH-25OCT19-220-P,170.37,0.0,0.287,16.0,0.359,16.0,146.7,0.13042,-0.25611,-0.13412,0.00624,-0.79086
170.38,SYN.ETH-11OCT19,1569754745317,open,0.25,0.0,0.202,0.291,0.245869,102.84,None,0.0,ETH-11OCT19-210-P,170.37,0.0,0.0,0.0,0.0,0.0,0.0,0.07182,-0.31095,-0.06072,0.00739,-0.8495
170.38,SYN.ETH-25OCT19,1569754745318,open,0.01,3750.0,0.004,0.031,0.015068,112.93,0.015,0.0,ETH-25OCT19-120-P,170.37,108.16,0.013,10.0,0.017,460.0,117.15,0.07612,-0.16612,-0.01318,0.00328,-0.09408
170.38,SYN.ETH-11OCT19,1569754745318,open,0.01,0.0,0.001,0.018,0.005939,130.68,None,0.0,ETH-11OCT19-120-P,170.37,113.23,0.003,150.0,0.009,151.0,144.54,0.03381,-0.18604,-0.00334,0.00274,-0.05424
170.39,SYN.ETH-4OCT19,1569754745317,open,0.08,292.0,0.042,0.117,0.079695,97.31,0.084,0.0,ETH-4OCT19-180-P,170.37,93.26,0.078,90.0,0.088,90.0,116.7,0.07157,-0.71423,-0.017,0.01897,-0.66704
170.38,SYN.ETH-25OCT19,1569754745318,open,0.42,18.0,0.397,0.441,0.419313,126.76,0.411,0.0,ETH-25OCT19-100-C,170.37,0.0,0.0,0.0,0.0,0.0,0.0,0.03931,-0.09629,0.06527,0.00151,0.95972
170.39,SYN.ETH-4OCT19,1569754745318,open,0.0,675.0,0.001,0.017,0.004226,97.32,0.004,0.0,ETH-4OCT19-200-C,170.37,72.86,0.001,201.0,0.004,91.0,96.05,0.0308,-0.30741,0.00185,0.00816,0.08559
170.39,SYN.ETH-4OCT19,1569754745318,open,0.35,0.0,0.311,0.394,0.350582,116.76,0.093,0.0,ETH-4OCT19-230-P,170.37,0.0,0.0,0.0,0.0,0.0,0.0,0.0077,-0.09215,-0.03039,0.0017,-0.98444
170.36,SYN.ETH-29NOV19,1569754745317,open,0.57,0.0,0.508,0.641,0.574356,107.83,None,0.0,ETH-29NOV19-260-P,170.37,0.0,0.0,0.0,0.0,0.0,0.0,0.21108,-0.18694,-0.38206,0.00404,-0.77033
170.39,SYN.ETH-4OCT19,1569754745319,open,0.13,54.0,0.087,0.165,0.125594,97.31,0.139,0.0,ETH-4OCT19-190-P,170.37,95.33,0.125,30.0,0.134,30.0,122.4,0.05181,-0.51698,-0.02151,0.01373,-0.81925
170.38,SYN.ETH-11OCT19,1569754745317,open,0.03,16.0,0.008,0.054,0.028416,108.52,0.029,0.0,ETH-11OCT19-150-P,170.37,100.26,0.024,120.0,0.034,121.0,118.61,0.09263,-0.42322,-0.01416,0.00904,-0.22698
170.36,SYN.ETH-29NOV19,1569754745318,open,0.47,0.0,0.408,0.538,0.473175,107.84,None,0.0,ETH-29NOV19-240-P,170.37,0.0,0.0,0.0,0.0,0.0,0.0,0.23753,-0.21038,-0.33662,0.00455,-0.71161
170.38,SYN.ETH-11OCT19,1569754745317,open,0.01,182.0,0.002,0.032,0.013364,102.86,0.016,0.0,ETH-11OCT19-210-C,170.37,88.83,0.008,150.0,0.013,81.0,101.99,0.07184,-0.3111,0.00761,0.00739,0.15057
170.38,SYN.ETH-25OCT19,1569754745318,open,0.01,3910.0,0.001,0.016,0.006242,126.72,0.005,0.0,ETH-25OCT19-100-P,170.37,121.01,0.005,340.0,0.007,120.0,129.91,0.03928,-0.09618,-0.00561,0.00151,-0.04024
170.38,SYN.ETH-25OCT19,1569754745318,open,0.03,1020.0,0.009,0.052,0.028269,101.63,0.03,0.0,ETH-25OCT19-220-C,170.37,97.27,0.025,341.0,0.029,104.0,102.58,0.13042,-0.25611,0.02185,0.00624,0.20914
170.39,SYN.ETH-4OCT19,1569754745318,open,0.04,147.0,0.014,0.076,0.043668,97.31,0.05,0.0,ETH-4OCT19-170-P,170.37,93.69,0.042,90.0,0.051,90.0,113.27,0.07833,-0.78172,-0.01168,0.02076,-0.46952
170.39,SYN.ETH-4OCT19,1569754745317,open,0.0,20.0,0.001,0.011,0.000135,150.0,0.007,0.0,ETH-4OCT19-280-C,170.37,0.0,0.0,0.0,0.008,5.0,261.15,0.00166,-0.02304,6e-05,0.00028,0.00273
170.38,SYN.ETH-11OCT19,1569754745317,open,0.02,9.0,0.003,0.037,0.016845,114.0,0.032,0.0,ETH-11OCT19-140-P,170.37,104.25,0.013,160.0,0.021,151.0,123.75,0.07006,-0.33625,-0.00897,0.00651,-0.14503
170.38,SYN.ETH-25OCT19,1569754745320,open,0.31,6.0,0.281,0.338,0.310752,112.95,0.36,0.0,ETH-25OCT19-120-C,170.37,0.0,0.0,0.0,0.0,0.0,0.0,0.07614,-0.16619,0.07188,0.00328,0.90589
170.36,SYN.ETH-29NOV19,1569754745317,open,0.05,1.0,0.019,0.08,0.048199,107.88,0.044,0.0,ETH-29NOV19-260-C,170.37,96.68,0.035,200.0,0.048,200.0,107.72,0.21117,-0.1871,0.05161,0.00404,0.22983
170.38,SYN.ETH-25OCT19,1569754745319,open,0.65,3.0,0.597,0.707,0.650099,109.35,0.645,0.0,ETH-25OCT19-280-P,170.37,0.0,0.0,0.0,0.0,0.0,0.0,0.05355,-0.11314,-0.19214,0.00238,-0.9407
170.38,SYN.ETH-25OCT19,1569754745321,open,0.54,3.0,0.485,0.59,0.53596,105.33,0.534,0.0,ETH-25OCT19-260-P,170.37,0.0,0.0,0.0,0.0,0.0,0.0,0.0711,-0.14472,-0.17515,0.00328,-0.91417
170.39,SYN.ETH-4OCT19,1569754745318,open,0.0,80.0,0.001,0.011,0.001857,150.0,0.001,0.0,ETH-4OCT19-240-C,170.37,0.0,0.0,0.0,0.02,1.0,251.2,0.01319,-0.20284,0.00063,0.00227,0.02943
170.39,SYN.ETH-4OCT19,1569754745320,open,0.05,743.0,0.015,0.076,0.045944,97.32,0.05,0.0,ETH-4OCT19-170-C,170.37,82.22,0.039,90.0,0.048,90.0,101.79,0.07833,-0.78178,0.01103,0.02076,0.53048
170.38,SYN.ETH-11OCT19,1569754745342,open,0.01,182.0,0.002,0.032,0.013364,102.86,0.016,0.0,ETH-11OCT19-210-C,170.37,88.83,0.008,150.0,0.013,1.0,101.99,0.07184,-0.3111,0.00761,0.00739,0.15057
8088.84,SYN.BTC-11OCT19,1569754745500,open,0.02,56.2,0.006,0.0465,0.02347129,106.89,0.02,0.0,BTC-11OCT19-7000-P,8087.1,102.93,0.0215,24.0,0.025,7.0,109.91,4.06893,-18.31244,-0.58474,0.00018,-0.19871
8208.24,BTC-27MAR20,1569754745581,open,2.42,0.0,2.3495,2.519,2.42906139,97.78,None,0.0,BTC-27MAR20-28000-P,8087.24,0.0,0.0005,2.0,0.0,0.0,0.0,8.10048,-2.20179,-135.70265,2e-05,-0.92568
8087.82,SYN.BTC-4OCT19,1569754745582,open,0.03,123.5,0.009,0.0575,0.03265222,90.05,0.027,0.0,BTC-4OCT19-8250-C,8087.24,79.84,0.028,18.0,0.033,19.7,90.81,3.69347,-34.10827,0.44531,0.00047,0.44483
8088.84,SYN.BTC-11OCT19,1569754745581,open,0.14,0.0,0.106,0.1755,0.1406014,92.82,None,0.0,BTC-11OCT19-9000-P,8087.24,87.74,0.1375,6.0,0.1435,3.4,97.47,4.99318,-19.51315,-2.239,0.00025,-0.71015
8090.9,SYN.BTC-25OCT19,1569754745582,open,0.16,539.9,0.1265,0.2025,0.164785,88.16,0.1645,0.0,BTC-25OCT19-9000-P,8087.24,85.88,0.1625,14.4,0.1665,3.1,89.87,8.12177,-13.83572,-4.56832,0.0002,-0.63167
8096.04,SYN.BTC-29NOV19,1569754745580,open,0.11,0.2,0.0655,0.1425,0.10486855,90.3,0.1045,0.0,BTC-29NOV19-9000-C,8087.24,84.82,0.096,22.4,0.1075,14.4,91.92,13.12109,-9.73139,4.78339,0.00013,0.45912
8087.82,SYN.BTC-4OCT19,1569754745583,open,0.07,174.2,0.0425,0.103,0.07280023,90.05,0.072,0.0,BTC-4OCT19-8500-P,8087.24,82.13,0.0695,18.0,0.0755,18.0,96.41,3.40634,-31.45662,-0.79687,0.00043,-0.66478
8087.82,SYN.BTC-4OCT19,1569754745582,open,0.02,140.6,0.004,0.0445,0.02183681,90.05,0.022,0.0,BTC-4OCT19-8500-C,8087.24,78.37,0.017,0.1,0.021,24.0,88.06,3.40635,-31.45678,0.33857,0.00043,0.33522
171.34,ETH-27MAR20,1569754745688,open,1.39,3.0,1.298,1.498,1.396083,102.4,1.39,0.0,ETH-27MAR20-400-P,170.37,0.0,1.327,5.0,1.432,5.0,118.86,0.34283,-0.09758,-1.84918,0.00231,-0.79391
170.38,SYN.ETH-25OCT19,1569754745690,open,0.32,483.0,0.269,0.37,0.319535,101.63,0.337,0.0,ETH-25OCT19-220-P,170.37,0.0,0.287,16.0,0.358,16.0,145.65,0.13042,-0.25611,-0.13412,0.00624,-0.79086
171.34,ETH-27MAR20,1569754746026,open,0.57,19.0,0.538,0.594,0.567576,101.89,0.542,0.0,ETH-27MAR20-80-C,170.37,81.14,0.549,32.0,0.583,32.0,116.14,0.17448,-0.04942,0.29973,0.00118,0.92255
170.38,SYN.ETH-25OCT19,1569754746133,open,0.32,483.0,0.269,0.37,0.319535,101.63,0.337,0.0,ETH-25OCT19-220-P,170.37,0.0,0.286,16.0,0.358,16.0,145.65,0.13042,-0.25611,-0.13412,0.00624,-0.79086
8091.04,SYN.BTC-25OCT19,1569754746645,open,0.85,0.0,0.818,0.898,0.85589512,106.45,None,0.0,BTC-25OCT19-15000-P,8087.24,0.0,0.05,1.0,0.0,0.0,0.0,1.08119,-2.22398,-10.52559,2e-05,-0.97913
8087.95,SYN.BTC-4OCT19,1569754746774,open,0.15,24.5,0.119,0.17,0.14391976,117.95,0.1345,0.0,BTC-4OCT19-7000-C,8087.24,0.0,0.12,6.0,0.16,6.0,172.93,1.97417,-23.8793,0.78479,0.00019,0.87031
8087.95,SYN.BTC-4OCT19,1569754746801,open,0.6,0.0,0.576,0.642,0.60750085,147.43,None,0.0,BTC-4OCT19-13000-P,8087.24,0.0,0.05,1.0,0.0,0.0,0.0,0.09743,-1.47298,-1.73299,1e-05,-0.99653
8091.03,SYN.BTC-25OCT19,1569754746880,open,1.1,0.0,1.06,1.1485,1.10235015,116.77,None,0.0,BTC-25OCT19-17000-P,8087.24,0.0,0.05,1.0,0.0,0.0,0.0,0.71089,-1.60399,-11.98557,1e-05,-0.98721
170.32,ETH-27DEC19,1569754746914,open,0.7,311.0,0.625,0.769,0.697076,101.44,0.71,0.0,ETH-27DEC19-280-P,170.37,62.76,0.653,16.0,0.736,16.0,125.32,0.25444,-0.1452,-0.60893,0.00355,-0.77122
8087.95,SYN.BTC-4OCT19,1569754746974,open,0.54,0.0,0.5155,0.579,0.54576717,142.43,None,0.0,BTC-4OCT19-12500-P,8087.24,0.0,0.01,2.0,0.0,0.0,0.0,0.13993,-2.04391,-1.66442,1e-05,-0.9948
8096.16,SYN.BTC-29NOV19,1569754747005,open,0.02,13.4,0.0065,0.044,0.02174325,90.3,0.018,0.0,BTC-29NOV19-13000-C,8087.24,85.91,0.018,32.0,0.0235,24.0,92.24,7.2045,-5.34316,1.53884,7e-05,0.13571
8087.95,SYN.BTC-4OCT19,1569754747087,open,0.01,89.4,0.0015,0.034,0.01403925,90.04,0.0135,0.0,BTC-4OCT19-8750-C,8087.24,78.33,0.01,0.5,0.012,5.0,84.26,2.9107,-26.87631,0.2449,0.00037,0.24072
8100.25,BTC-27DEC19,1569754747121,open,2.21,0.0,2.1475,2.288,2.2139808,106.38,None,0.0,BTC-27DEC19-26000-P,8087.24,0.0,0.06,1.0,2.8455,0.2,500.0,2.34014,-1.40056,-62.89751,1e-05,-0.97495
8100.25,BTC-27DEC19,1569754747190,open,0.13,211.7,0.092,0.179,0.13598244,90.73,0.14,0.0,BTC-27DEC19-7500-P,8087.24,89.36,0.1335,19.3,0.1385,1.0,92.11,14.74457,-7.52585,-9.50882,0.0001,-0.34612
8208.35,BTC-27MAR20,1569754747203,open,1.24,0.0,1.1725,1.3175,1.24198311,91.44,0.8095,0.0,BTC-27MAR20-18000-P,8087.24,0.0,1.1905,1.0,1.2865,1.0,112.43,15.30098,-3.88914,-83.27088,5e-05,-0.81655
8100.25,BTC-27DEC19,1569754747239,open,0.02,421.5,0.005,0.0315,0.01584066,108.07,0.0155,0.0,BTC-27DEC19-4000-P,8087.24,106.54,0.015,24.0,0.0165,13.0,109.24,4.50619,-2.73961,-1.41574,3e-05,-0.05594
8100.25,BTC-27DEC19,1569754747257,open,0.52,31.1,0.5025,0.543,0.52203057,108.07,0.6265,0.0,BTC-27DEC19-4000-C,8087.24,0.0,0.03,1.0,0.552,0.2,150.56,4.50642,-2.73983,8.32395,3e-05,0.94406
8100.25,BTC-27DEC19,1569754747257,open,2.45,0.1,2.3895,2.537,2.45964487,106.73,1.49,0.0,BTC-27DEC19-28000-P,8087.24,0.0,0.06,1.0,0.0,0.0,0.0,1.78854,-1.07388,-67.8775,1e-05,-0.98177
8208.33,BTC-27MAR20,1569754747265,open,2.66,0.0,2.5875,2.765,2.67097083,99.88,None,0.0,BTC-27MAR20-30000-P,8087.24,0.0,0.04,1.0,0.0,0.0,0.0,7.48831,-2.07911,-145.78198,2e-05,-0.9329
8208.33,BTC-27MAR20,1569754747283,open,1.94,0.0,1.8755,2.034,1.95003232,96.0,None,0.0,BTC-27MAR20-24000-P,8087.24,0.0,0.0005,7.0,0.0,0.0,0.0,10.4579,-2.79066,-115.09696,3e-05,-0.89528
8096.16,SYN.BTC-29NOV19,1569754747287,open,0.04,10.1,0.02,0.0705,0.04347849,96.75,0.048,0.0,BTC-29NOV19-6000-P,8087.24,94.82,0.0415,19.3,0.045,5.0,98.21,8.35299,-6.63745,-2.87663,8e-05,-0.16956
8100.25,BTC-27DEC19,1569754747303,open,1.23,9.4,1.1825,1.295,1.23515767,95.86,1.1125,0.0,BTC-27DEC19-18000-P,8087.24,0.0,0.04,1.0,1.909,0.2,500.0,5.56161,-2.99947,-42.63926,4e-05,-0.92667
8100.25,BTC-27DEC19,1569754747325,open,3.93,0.0,3.8415,4.0425,3.93884353,112.85,2.58,0.0,BTC-27DEC19-40000-P,8087.24,0.0,0.001,1.0,0.0,0.0,0.0,0.55824,-0.35443,-97.31746,0.0,-0.99519
8100.25,BTC-27DEC19,1569754747382,open,1.72,4.9,1.6645,1.79,1.72325404,102.32,1.0385,0.0,BTC-27DEC19-22000-P,8087.24,0.0,0.055,1.0,2.375,0.3,500.0,3.59215,-2.06769,-52.88179,2e-05,-0.95787
8100.25,BTC-27DEC19,1569754747399,open,4.42,0.0,4.3255,4.5455,4.4324059,114.1,3.46,0.0,BTC-27DEC19-44000-P,8087.24,0.0,0.001,1.0,0.0,0.0,0.0,0.39002,-0.25035,-107.08363,0.0,-0.99678
8100.25,BTC-27DEC19,1569754747399,open,1.96,0.0,1.906,2.038,1.96807133,103.66,None,0.0,BTC-27DEC19-24000-P,8087.24,0.0,0.05,1.0,2.61,0.2,500.0,2.78752,-1.62562,-57.9318,2e-05,-0.96909
8100.25,BTC-27DEC19,1569754747423,open,0.0,432.2,0.0005,0.0105,0.00049491,114.51,0.0005,0.0,BTC-27DEC19-44000-C,8087.24,0.0,0.0,0.0,0.001,10.0,122.12,0.40274,-0.25945,0.05611,0.0,0.00334
8100.25,BTC-27DEC19,1569754747426,open,0.28,63.0,0.241,0.3195,0.28197502,94.04,0.345,0.0,BTC-27DEC19-6500-C,8087.24,0.0,0.19,2.0,0.8765,2.0,500.0,12.42575,-6.57387,9.42851,8e-05,0.76
8096.16,SYN.BTC-29NOV19,1569754747430,open,0.62,0.0,0.583,0.6765,0.62746681,90.32,None,0.0,BTC-29NOV19-13000-P,8087.24,0.0,0.05,1.0,0.0,0.0,0.0,7.20794,-5.34728,-20.14196,7e-05,-0.8642
8087.95,SYN.BTC-4OCT19,1569754747430,open,0.0,479.3,0.0005,0.0135,0.00296951,90.04,0.002,0.0,BTC-4OCT19-9500-C,8087.24,78.51,0.0015,0.1,0.0025,30.1,86.79,1.22129,-11.27732,0.06979,0.00016,0.06756
8100.25,BTC-27DEC19,1569754747436,open,0.05,275.4,0.0225,0.0755,0.0474095,98.33,0.045,0.0,BTC-27DEC19-5500-P,8087.24,96.21,0.045,24.0,0.0495,24.0,100.14,9.28021,-5.13362,-3.87495,6e-05,-0.14905
8088.98,SYN.BTC-11OCT19,1569754747468,open,0.05,15.8,0.019,0.0735,0.04596672,92.81,0.0385,0.0,BTC-11OCT19-8500-C,8087.24,85.73,0.041,18.0,0.047,5.0,94.28,5.69108,-22.23865,0.97365,0.00029,0.41592
8087.95,SYN.BTC-4OCT19,1569754747500,open,0.01,410.3,0.0005,0.0275,0.00941918,118.01,0.009,0.0,BTC-4OCT19-7000-P,8087.24,109.82,0.0075,43.0,0.0105,30.0,122.35,1.97531,-23.9053,-0.1504,0.00019,-0.12979
8091.03,SYN.BTC-25OCT19,1569754747506,open,0.07,219.7,0.0415,0.103,0.07260846,88.16,0.073,0.0,BTC-25OCT19-8500-C,8087.24,82.85,0.067,24.4,0.073,14.4,88.53,8.55749,-14.57713,2.23961,0.00021,0.46306
8208.33,BTC-27MAR20,1569754747534,open,3.15,0.0,3.064,3.257,3.15484543,102.61,None,0.0,BTC-27MAR20-34000-P,8087.24,0.0,0.05,1.0,0.0,0.0,0.0,6.26001,-1.78543,-165.91043,2e-05,-0.94662
170.36,SYN.ETH-25OCT19,1569754747538,open,0.32,483.0,0.269,0.37,0.319665,101.45,0.337,0.0,ETH-25OCT19-220-P,170.37,0.0,0.286,16.0,0.359,16.0,146.57,0.13017,-0.25519,-0.13418,0.00624,-0.79151
8208.33,BTC-27MAR20,1569754747609,open,0.23,204.4,0.1695,0.2805,0.22626582,87.71,0.22,0.0,BTC-27MAR20-8000-P,8087.24,85.15,0.2195,4.9,0.2295,3.1,88.94,21.62524,-5.27259,-23.8492,7e-05,-0.36331
8208.33,BTC-27MAR20,1569754747658,open,0.09,268.8,0.044,0.132,0.08635703,88.97,0.092,0.0,BTC-27MAR20-14000-C,8087.24,86.95,0.0815,12.9,0.092,4.9,91.29,19.84214,-4.90721,8.38834,7e-05,0.29372
8208.33,BTC-27MAR20,1569754747695,open,0.04,287.7,0.0135,0.073,0.03863157,92.81,0.0415,0.0,BTC-27MAR20-20000-C,8087.24,90.85,0.0355,14.0,0.042,6.0,94.84,13.37005,-3.44931,4.46094,4e-05,0.14891
8087.95,SYN.BTC-4OCT19,1569754747695,open,0.0,66.0,0.0005,0.0105,0.00023148,116.89,0.0005,0.0,BTC-4OCT19-11500-C,8087.24,0.0,0.0,0.0,0.0005,0.1,127.7,0.14901,-1.78623,0.00578,1e-05,0.00558
8096.15,SYN.BTC-29NOV19,1569754747717,open,0.22,0.0,0.179,0.255,0.21870846,93.41,None,0.0,BTC-29NOV19-7000-C,8087.24,0.0,0.0,0.0,0.0,0.0,0.0,11.19932,-8.592,6.71996,0.00011,0.71637
8088.98,SYN.BTC-11OCT19,1569754747717,open,0.0,11.9,0.0005,0.0125,0.00253717,92.82,0.003,0.0,BTC-11OCT19-11000-C,8087.24,85.05,0.0015,1.0,0.0025,0.5,92.58,1.2537,-4.89925,0.09822,6e-05,0.03986
8091.03,SYN.BTC-25OCT19,1569754747739,open,0.1,184.5,0.0655,0.1295,0.09863065,88.15,0.1035,0.0,BTC-25OCT19-8000-C,8087.24,84.21,0.0945,9.0,0.0995,1.6,88.98,8.47737,-14.44049,2.67935,0.00021,0.56575
8208.33,BTC-27MAR20,1569754747750,open,0.02,65.1,0.0055,0.048,0.02159225,97.01,0.022,0.0,BTC-27MAR20-26000-C,8087.24,94.62,0.019,6.0,0.0245,6.0,99.52,9.2116,-2.48406,2.69118,3e-05,0.08812
8096.15,SYN.BTC-29NOV19,1569754747772,open,0.3,0.0,0.258,0.355,0.30676692,90.31,None,0.0,BTC-29NOV19-10000-P,8087.24,0.0,0.0005,11.0,0.0,0.0,0.0,12.23296,-9.07354,-12.93386,0.00012,-0.65109
8088.98,SYN.BTC-11OCT19,1569754747775,open,0.01,53.5,0.0025,0.0325,0.01380302,114.72,0.0115,0.0,BTC-11OCT19-6500-P,8087.24,109.68,0.012,30.0,0.015,8.0,117.93,2.96898,-14.33996,-0.35991,0.00012,-0.12295
8087.95,SYN.BTC-4OCT19,1569754747815,open,0.05,188.9,0.0195,0.073,0.04693288,90.03,0.0445,0.0,BTC-4OCT19-8000-C,8087.24,81.39,0.043,18.0,0.048,1.0,92.37,3.6835,-34.00878,0.55693,0.00047,0.56242
8087.95,SYN.BTC-4OCT19,1569754747855,open,0.01,356.5,0.0015,0.0335,0.01317446,110.65,0.0125,0.0,BTC-4OCT19-7250-P,8087.24,103.27,0.011,36.0,0.014,24.0,113.36,2.4443,-27.73609,-0.20762,0.00025,-0.179
8088.98,SYN.BTC-11OCT19,1569754747873,open,0.1,19.1,0.0625,0.1305,0.0967969,92.84,0.1005,0.0,BTC-11OCT19-8500-P,8087.24,89.57,0.0945,18.0,0.0985,3.2,95.25,5.69121,-22.24515,-1.79187,0.00029,-0.58404
8087.95,SYN.BTC-4OCT19,1569754747885,open,0.18,99.3,0.152,0.2065,0.17757585,90.18,0.1495,0.0,BTC-4OCT19-9500-P,8087.24,0.0,0.1605,3.0,0.193,3.1,151.66,1.22557,-11.33347,-1.19892,0.00016,-0.93213
8091.03,SYN.BTC-25OCT19,1569754747894,open,0.12,4.5,0.0865,0.159,0.12317165,88.17,0.118,0.0,BTC-25OCT19-8500-P,8087.24,86.12,0.121,14.4,0.127,3.0,91.79,8.55754,-14.57985,-3.7862,0.00021,-0.53691
8087.95,SYN.BTC-4OCT19,1569754747903,open,0.01,296.5,0.0005,0.0235,0.00728159,128.27,0.0065,0.0,BTC-4OCT19-6750-P,8087.24,118.81,0.0055,44.0,0.008,30.0,131.8,1.61465,-21.23917,-0.11358,0.00014,-0.09785
8091.03,SYN.BTC-25OCT19,1569754747944,open,0.0,368.9,0.0005,0.0135,0.00381546,95.24,0.005,0.0,BTC-25OCT19-13000-C,8087.24,93.84,0.0035,1.3,0.0045,24.0,98.04,1.88067,-3.46094,0.21125,4e-05,0.04064
8208.33,BTC-27MAR20,1569754747950,open,0.01,544.2,0.0005,0.0285,0.00998243,107.12,0.009,0.0,BTC-27MAR20-40000-C,8087.24,104.64,0.0085,4.0,0.012,21.0,110.15,5.14743,-1.53273,1.28761,1e-05,0.04181
171.32,ETH-27MAR20,1569754748025,open,0.57,19.0,0.538,0.594,0.567535,101.93,0.542,0.0,ETH-27MAR20-80-C,170.37,79.85,0.548,32.0,0.583,32.0,116.18,0.17457,-0.04946,0.29964,0.00118,0.92248
8087.95,SYN.BTC-4OCT19,1569754748049,open,0.42,0.0,0.3945,0.4525,0.42212338,118.16,None,0.0,BTC-4OCT19-11500-P,8087.24,0.0,0.011,26.0,0.0,0.0,0.0,0.1602,-1.94113,-1.52991,2e-05,-0.99395
8091.03,SYN.BTC-25OCT19,1569754748079,open,0.09,1121.5,0.054,0.1205,0.08739588,88.17,0.0905,0.0,BTC-25OCT19-8000-P,8087.24,87.31,0.0865,14.4,0.0925,14.4,93.04,8.47735,-14.44291,-2.9921,0.00021,-0.43425
8088.98,SYN.BTC-11OCT19,1569754748083,open,0.36,0.0,0.3335,0.395,0.36243487,92.96,None,0.0,BTC-11OCT19-11000-P,8087.24,0.0,0.01,1.0,0.0,0.0,0.0,1.26032,-4.93286,-3.48013,6e-05,-0.95988
8208.33,BTC-27MAR20,1569754748112,open,0.17,160.3,0.118,0.2235,0.17248282,87.79,0.1775,0.0,BTC-27MAR20-10000-C,8087.24,86.9,0.17,1.0,0.1785,12.3,89.94,22.98647,-5.60937,13.05139,8e-05,0.49513
8087.95,SYN.BTC-4OCT19,1569754748121,open,0.01,140.7,0.0005,0.0185,0.00517102,90.04,0.0045,0.0,BTC-4OCT19-9250-C,8087.24,75.49,0.0025,15.1,0.0045,30.0,86.81,1.73315,-16.00372,0.11095,0.00022,0.10787
8088.98,SYN.BTC-11OCT19,1569754748132,open,0.16,0.0,0.128,0.187,0.15808177,106.87,None,0.0,BTC-11OCT19-7000-C,8087.24,0.0,0.1325,4.0,0.177,4.0,142.0,4.06825,-18.30569,1.69297,0.00018,0.80135
8208.33,BTC-27MAR20,1569754748142,open,0.55,1.1,0.5195,0.5705,0.54485989,94.99,0.5375,0.0,BTC-27MAR20-4000-C,8087.24,0.0,0.05,1.0,0.999,0.1,500.0,8.48988,-2.24161,15.2132,3e-05,0.92095
8087.95,SYN.BTC-4OCT19,1569754748169,open,0.04,206.9,0.0115,0.0625,0.03607508,90.07,0.0355,0.0,BTC-4OCT19-8000-P,8087.24,88.81,0.0355,0.9,0.039,0.3,96.49,3.68351,-34.02287,-0.51174,0.00047,-0.43759
8208.33,BTC-27MAR20,1569754748191,open,1.47,0.0,1.4045,1.5535,1.47520749,92.83,None,0.0,BTC-27MAR20-20000-P,8087.24,0.0,1.423,1.0,1.5195,1.0,115.67,13.37421,-3.45099,-94.09935,4e-05,-0.85102
8091.03,SYN.BTC-25OCT19,1569754748252,open,0.0,626.4,0.0005,0.011,0.00146971,110.92,0.0015,0.0,BTC-25OCT19-16000-C,8087.24,105.74,0.001,10.0,0.002,24.0,115.55,0.83218,-1.7837,0.07962,2e-05,0.01535
8088.98,SYN.BTC-11OCT19,1569754748266,open,0.03,16.3,0.008,0.0525,0.02795863,92.81,0.0235,0.0,BTC-11OCT19-9000-C,8087.24,84.62,0.023,24.0,0.027,7.1,91.26,4.99342,-19.51285,0.68931,0.00025,0.28987
170.37,SYN.ETH-4OCT19,1569754748266,open,0.59,0.0,0.539,0.635,0.584892,133.85,None,0.0,ETH-4OCT19-270-P,170.37,0.0,0.0,0.0,0.0,0.0,0.0,0.00117,-0.01612,-0.03603,0.00023,-0.99813
8208.31,BTC-27MAR20,1569754748272,open,2.18,0.0,2.112,2.276,2.18914096,97.04,None,0.0,BTC-27MAR20-26000-P,8087.24,0.0,0.0005,2.0,0.0,0.0,0.0,9.21787,-2.48637,-125.43728,3e-05,-0.9118
8087.95,SYN.BTC-4OCT19,1569754748272,open,0.07,73.2,0.0385,0.096,0.06844089,98.55,0.0675,0.0,BTC-4OCT19-7750-C,8087.24,84.24,0.0625,18.0,0.0685,18.0,98.69,3.39746,-34.33524,0.6467,0.00039,0.66702
8091.03,SYN.BTC-25OCT19,1569754748288,open,0.04,48.1,0.015,0.063,0.03719484,88.16,0.039,0.0,BTC-25OCT19-9500-C,8087.24,82.89,0.0325,31.3,0.037,19.3,87.94,7.31993,-12.46928,1.42426,0.00018,0.2855
8091.03,SYN.BTC-25OCT19,1569754748288,open,0.61,32.0,0.576,0.649,0.61055895,95.35,0.6245,0.0,BTC-25OCT19-13000-P,8087.24,0.0,0.5895,3.0,0.64,3.0,156.73,1.88819,-3.47878,-9.00375,4e-05,-0.95916
170.37,SYN.ETH-4OCT19,1569754748297,open,0.02,329.0,0.003,0.045,0.020388,99.24,0.022,0.0,ETH-4OCT19-160-P,170.37,95.61,0.019,120.0,0.022,2.0,103.41,0.06543,-0.66587,-0.00667,0.017,-0.27269
8087.95,SYN.BTC-4OCT19,1569754748297,open,0.0,405.5,0.0005,0.011,0.00110087,93.21,0.001,0.0,BTC-4OCT19-10000-C,8087.24,82.93,0.0005,34.5,0.0015,30.0,98.12,0.5949,-5.68628,0.02872,7e-05,0.02768
8096.15,SYN.BTC-29NOV19,1569754748309,open,0.05,4.6,0.021,0.0795,0.04839558,90.3,0.047,0.0,BTC-29NOV19-11000-C,8087.24,84.97,0.0415,27.3,0.0495,19.3,91.13,10.70086,-7.93617,2.84215,0.00011,0.25888
8087.95,SYN.BTC-4OCT19,1569754748339,open,0.15,24.5,0.119,0.17,0.14393206,117.95,0.1345,0.0,BTC-4OCT19-7000-C,8087.24,0.0,0.1205,6.0,0.16,6.0,172.93,1.97417,-23.8793,0.78479,0.00019,0.87031
8208.35,BTC-27MAR20,1569754748341,open,0.58,44.2,0.513,0.65,0.58192634,88.06,0.565,0.0,BTC-27MAR20-12000-P,8087.24,67.08,0.5285,3.0,0.6355,3.0,107.64,21.94182,-5.37071,-48.6169,8e-05,-0.61991
8087.95,SYN.BTC-4OCT19,1569754748400,open,0.01,516.9,0.0005,0.02,0.00548296,137.38,0.0055,0.0,BTC-4OCT19-6500-P,8087.24,127.4,0.004,45.0,0.0065,31.0,143.5,1.29218,-18.20509,-0.08447,0.00011,-0.07271
170.34,SYN.ETH-29NOV19,1569754748414,open,0.38,0.0,0.313,0.439,0.377445,107.79,None,0.0,ETH-29NOV19-220-P,170.37,0.0,0.0,0.0,0.0,0.0,0.0,0.26,-0.23019,-0.28933,0.00498,-0.64099
8087.95,SYN.BTC-4OCT19,1569754748426,open,0.0,208.8,0.0005,0.0105,0.00023205,129.19,0.0005,0.0,BTC-4OCT19-12000-C,8087.24,0.0,0.0,0.0,0.0005,0.1,140.82,0.13808,-1.82938,0.00528,1e-05,0.00512
170.37,SYN.ETH-4OCT19,1569754748436,open,0.64,0.0,0.596,0.695,0.643451,0.0,None,0.0,ETH-4OCT19-280-P,170.37,0.0,0.0,0.0,0.0,0.0,0.0,0.0,0.0,-0.0374,0.0,-1.0
170.36,SYN.ETH-11OCT19,1569754748442,open,0.2,0.0,0.151,0.24,0.195329,102.64,None,0.0,ETH-11OCT19-200-P,170.37,0.0,0.0,0.0,0.0,0.0,0.0,0.09088,-0.39275,-0.05409,0.00938,-0.78045
8208.31,BTC-27MAR20,1569754748516,open,3.87,1.0,3.78,3.9985,3.88313374,107.19,2.7125,0.0,BTC-27MAR20-40000-P,8087.24,0.0,0.08,1.0,0.0,0.0,0.0,5.1609,-1.53768,-195.83263,1e-05,-0.95805
170.34,SYN.ETH-29NOV19,1569754748539,open,0.06,2.0,0.03,0.1,0.064406,107.89,0.049,0.0,ETH-29NOV19-240-C,170.37,94.92,0.047,220.0,0.062,220.0,106.16,0.23753,-0.21048,0.06365,0.00455,0.28847
8208.31,BTC-27MAR20,1569754748579,open,0.39,176.8,0.325,0.4535,0.39075,87.79,0.378,0.0,BTC-27MAR20-10000-P,8087.24,84.48,0.3815,3.6,0.3975,3.6,90.2,22.98641,-5.60914,-36.22969,8e-05,-0.50489
