underlying_price,underlying_index,timestamp,state,settlement_price,open_interest,min_price,max_price,mark_price,mark_iv,last_price,interest_rate,instrument_name,index_price,bid_iv,best_bid_price,best_bid_amount,best_ask_price,best_ask_amount,ask_iv,vega,theta,rho,gamma,delta
10749.55,SYN.BTC-26JUL19,1563101939993,open,0.01,405.0,0.0005,0.0485,0.0083101,103.74,0.009,0.0,BTC-26JUL19-8500-P,10732.79,102.67,0.008,30.0,0.01,1.1,109.34,3.11697,-13.61463,-0.33958,8e-05,-0.08878
245.23,ETH-27DEC19,1563101940076,open,1.09,0.0,1.256,1.443,1.34908,106.99,0.845,0.0,ETH-27DEC19-560-P,244.3,0.0,0.0,0.0,0.0,0.0,0.0,0.48493,-0.15639,-2.37673,0.00166,-0.78355
241.3,ETH-27SEP19,1563101940076,open,0.01,1392.0,0.001,0.045,0.00549,109.72,0.011,0.0,ETH-27SEP19-680-C,244.3,95.7,0.002,20.0,0.017,200.0,132.96,0.08077,-0.05918,0.01369,0.00062,0.03315
241.3,ETH-27SEP19,1563101940077,open,1.78,0.0,2.028,2.279,2.153668,113.88,None,0.0,ETH-27SEP19-760-P,244.3,0.0,0.0,0.0,0.0,0.0,0.0,0.06306,-0.04796,-1.54888,0.00046,-0.97538
241.3,ETH-27SEP19,1563101940077,open,1.5,0.0,1.711,1.936,1.823442,109.37,None,0.0,ETH-27SEP19-680-P,244.3,0.0,0.0,0.0,0.0,0.0,0.0,0.07966,-0.05818,-1.38147,0.00061,-0.9674
241.3,ETH-27SEP19,1563101940077,open,0.28,1095.0,0.177,0.256,0.216427,98.51,0.3,0.0,ETH-27SEP19-220-C,244.3,0.0,0.005,2.0,0.57,17.0,333.06,0.39747,-0.26147,0.22278,0.00338,0.66648
243.82,SYN.ETH-26JUL19,1563101940076,open,1.25,0.0,1.363,1.559,1.460776,0.0,None,0.0,ETH-26JUL19-600-P,244.3,0.0,0.0,0.0,0.0,0.0,0.0,0.0,0.0,-0.19522,0.0,-1.0
245.24,ETH-27DEC19,1563101940077,open,1.49,0.0,1.708,1.932,1.820154,111.11,None,0.0,ETH-27DEC19-680-P,244.3,0.0,0.0,0.0,0.0,0.0,0.0,0.40521,-0.13571,-2.96274,0.00133,-0.8382
241.3,ETH-27SEP19,1563101940078,open,0.65,0.0,0.779,0.926,0.852639,103.28,None,0.0,ETH-27SEP19-440-P,244.3,0.0,0.0,0.0,0.0,0.0,0.0,0.25115,-0.17322,-0.8444,0.00204,-0.85322
243.82,SYN.ETH-26JUL19,1563101940076,open,0.0,1091.0,0.001,0.04,3e-06,125.01,0.001,0.0,ETH-26JUL19-600-C,244.3,0.0,0.0,0.0,0.04,50.0,367.08,9e-05,-0.0005,0.0,0.0,5e-05
245.24,ETH-27DEC19,1563101940077,open,1.22,0.0,1.409,1.609,1.508662,110.41,0.953,0.0,ETH-27DEC19-600-P,244.3,0.0,0.0,0.0,0.0,0.0,0.0,0.4674,-0.15555,-2.56934,0.00155,-0.7967
241.31,ETH-27SEP19,1563101940078,open,0.53,79.0,0.631,0.766,0.698402,102.15,0.351,0.0,ETH-27SEP19-400-P,244.3,0.0,0.01,1.0,0.0,0.0,0.0,0.30099,-0.20532,-0.7444,0.00247,-0.80537
241.31,ETH-27SEP19,1563101940078,open,1.35,0.0,1.554,1.765,1.659534,109.57,None,0.0,ETH-27SEP19-640-P,244.3,0.0,0.0,0.0,0.0,0.0,0.0,0.09978,-0.07301,-1.29526,0.00076,-0.95704
245.24,ETH-27DEC19,1563101940079,open,0.59,23.0,0.685,0.825,0.755105,104.0,0.775,0.0,ETH-27DEC19-400-P,244.3,84.55,0.708,110.0,0.0,0.0,0.0,0.62096,-0.19467,-1.55016,0.00218,-0.63579
244.1,SYN.ETH-19JUL19,1563101940077,open,0.58,0.0,0.652,0.789,0.720573,0.0,None,0.0,ETH-19JUL19-420-P,244.3,0.0,0.0,0.0,0.0,0.0,0.0,0.0,0.0,-0.0561,0.0,-1.0
241.31,ETH-27SEP19,1563101940079,open,0.46,260.0,0.557,0.686,0.62159,100.37,0.296,0.0,ETH-27SEP19-380-P,244.3,0.0,0.0,0.0,0.0,0.0,0.0,0.32376,-0.21699,-0.69373,0.0027,-0.77983
241.31,ETH-27SEP19,1563101940079,open,1.07,24.0,1.239,1.425,1.332097,105.93,1.356,0.0,ETH-27SEP19-560-P,244.3,0.0,0.0,0.0,0.0,0.0,0.0,0.13842,-0.09791,-1.12231,0.00109,-0.9351
241.31,ETH-27SEP19,1563101940079,open,1.21,27.0,1.397,1.596,1.496503,109.76,1.044,0.0,ETH-27SEP19-600-P,244.3,0.0,0.0,0.0,0.0,0.0,0.0,0.12444,-0.09121,-1.20778,0.00095,-0.94336
243.82,SYN.ETH-26JUL19,1563101940077,open,0.87,0.0,0.969,1.132,1.050707,0.0,None,0.0,ETH-26JUL19-500-P,244.3,0.0,0.0,0.0,0.0,0.0,0.0,0.0,0.0,-0.16268,0.0,-1.0
241.31,ETH-27SEP19,1563101940080,open,0.32,1199.0,0.221,0.3,0.26079,98.49,0.255,0.0,ETH-27SEP19-200-C,244.3,72.07,0.223,30.0,0.286,30.0,115.51,0.35437,-0.23307,0.23732,0.00301,0.7402
243.82,SYN.ETH-26JUL19,1563101940078,open,0.03,1027.0,0.001,0.053,0.01328,102.11,0.028,0.0,ETH-26JUL19-300-C,244.3,96.5,0.011,200.0,0.021,120.0,118.85,0.10282,-0.44205,0.01089,0.00521,0.15062
243.82,SYN.ETH-26JUL19,1563101940078,open,0.0,984.0,0.001,0.044,0.0041,107.01,0.003,0.0,ETH-26JUL19-180-P,244.3,0.0,0.0,0.0,0.007,148.0,121.02,0.0436,-0.19643,-0.0041,0.00211,-0.04759
243.82,SYN.ETH-26JUL19,1563101940076,open,0.8,0.0,0.89,1.047,0.968737,114.09,None,0.0,ETH-26JUL19-480-P,244.3,0.0,0.0,0.0,0.0,0.0,0.0,0.00109,-0.00522,-0.15612,5e-05,-0.99929
243.82,SYN.ETH-26JUL19,1563101940078,open,0.35,1047.0,0.42,0.538,0.479068,112.27,0.2,0.0,ETH-26JUL19-360-P,244.3,0.0,0.134,1.0,0.0,0.0,0.0,0.03331,-0.15744,-0.11462,0.00153,-0.96585
243.82,SYN.ETH-26JUL19,1563101940077,open,0.95,0.0,1.048,1.218,1.132704,0.0,None,0.0,ETH-26JUL19-520-P,244.3,0.0,0.0,0.0,0.0,0.0,0.0,0.0,0.0,-0.16919,0.0,-1.0
244.1,SYN.ETH-19JUL19,1563101940077,open,0.5,0.0,0.574,0.704,0.638652,0.0,None,0.0,ETH-19JUL19-400-P,244.3,0.0,0.0,0.0,0.0,0.0,0.0,0.0,0.0,-0.05343,0.0,-1.0
243.82,SYN.ETH-26JUL19,1563101940078,open,0.5,985.0,0.576,0.706,0.641258,113.56,0.205,0.0,ETH-26JUL19-400-P,244.3,0.0,0.0,0.0,0.0,0.0,0.0,0.01205,-0.05761,-0.12938,0.00055,-0.98968
243.82,SYN.ETH-26JUL19,1563101940079,open,0.26,0.0,0.152,0.231,0.191432,101.41,None,0.0,ETH-26JUL19-200-C,244.3,0.0,0.005,2.0,0.0,0.0,0.0,0.08803,-0.37584,0.05461,0.00449,0.87989
243.82,SYN.ETH-26JUL19,1563101940080,open,0.43,504.0,0.498,0.622,0.559919,113.52,0.168,0.0,ETH-26JUL19-380-P,244.3,0.0,0.0,0.0,0.0,0.0,0.0,0.02081,-0.09947,-0.1222,0.00095,-0.98053
241.31,ETH-27SEP19,1563101940090,open,0.34,348.0,0.418,0.535,0.476479,99.27,0.41,0.0,ETH-27SEP19-340-P,244.3,125.06,0.519,1.0,1.409,1.0,500.0,0.37733,-0.25014,-0.58467,0.00318,-0.70462
11025.23,BTC-27DEC19,1563101940181,open,0.43,93.8,0.37,0.4495,0.4099333,97.12,0.4485,0.0,BTC-27DEC19-7500-C,10732.79,0.0,0.311,3.0,0.499,2.5,146.18,19.49459,-5.70719,20.55226,4e-05,0.82012
241.31,ETH-27SEP19,1563101940242,open,0.34,348.0,0.418,0.535,0.476479,99.27,0.41,0.0,ETH-27SEP19-340-P,244.3,125.64,0.52,1.0,1.409,1.0,500.0,0.37733,-0.25014,-0.58467,0.00318,-0.70462
10749.55,SYN.BTC-26JUL19,1563101940245,open,0.42,0.0,0.356,0.4355,0.39589637,120.04,0.3665,0.0,BTC-26JUL19-6500-C,10732.79,0.0,0.005,0.1,0.0,0.0,0.0,0.40229,-2.03315,2.08656,1e-05,0.99248
10842.17,BTC-27SEP19,1563101940359,open,0.0,425.8,0.0005,0.04,9.448e-05,125.0,0.0005,0.0,BTC-27SEP19-2000-P,10732.79,0.0,0.0,0.0,0.004,7.6,197.17,0.09379,-0.07829,-0.01412,0.0,-0.00054
11025.23,BTC-27DEC19,1563101940386,open,0.01,111.3,0.0005,0.0475,0.00727673,101.89,0.0065,0.0,BTC-27DEC19-3500-P,10732.79,94.8,0.005,0.1,0.0085,6.0,105.21,3.90264,-1.19866,-1.46746,1e-05,-0.02201
241.31,ETH-27SEP19,1563101940393,open,0.34,348.0,0.418,0.535,0.476479,99.27,0.41,0.0,ETH-27SEP19-340-P,244.3,126.22,0.521,1.0,1.409,1.0,500.0,0.37733,-0.25014,-0.58467,0.00318,-0.70462
10739.32,SYN.BTC-19JUL19,1563101940421,open,0.3,0.0,0.2975,0.405,0.35116393,122.19,None,0.0,BTC-19JUL19-14500-P,10732.79,0.0,0.3405,7.0,0.3865,7.0,282.11,0.59907,-7.50688,-1.90975,3e-05,-0.98007
10842.17,BTC-27SEP19,1563101940468,open,0.01,321.7,0.0005,0.048,0.00820304,115.24,0.009,0.0,BTC-27SEP19-30000-C,10732.46,111.04,0.0065,40.0,0.0115,29.0,122.08,4.70651,-3.622,0.8323,2e-05,0.04562
11025.23,BTC-27DEC19,1563101940468,open,0.05,216.5,0.016,0.1,0.05783766,97.13,0.052,0.0,BTC-27DEC19-6500-P,10732.46,91.85,0.0505,6.0,0.058,7.0,97.24,15.58206,-4.56205,-9.32747,3e-05,-0.12832
11025.23,BTC-27DEC19,1563101940468,open,0.62,6.5,0.569,0.6485,0.60868934,98.7,0.54,0.0,BTC-27DEC19-4500-C,10732.46,0.0,0.0115,0.1,0.973,1.0,500.0,7.23715,-2.15318,17.27498,1e-05,0.95347
11025.23,BTC-27DEC19,1563101940468,open,0.03,230.3,0.0005,0.063,0.02343804,111.02,0.0275,0.0,BTC-27DEC19-40000-C,10732.46,109.19,0.0215,4.0,0.027,6.0,114.17,11.9565,-4.00105,3.27833,2e-05,0.08887
10842.17,BTC-27SEP19,1563101940468,open,0.28,369.6,0.22,0.2995,0.25955377,98.15,0.312,0.0,BTC-27SEP19-9000-C,10732.46,80.87,0.2345,11.0,0.2625,11.0,100.15,15.9508,-10.45472,10.67011,7e-05,0.73929
10842.17,BTC-27SEP19,1563101940468,open,0.64,1.0,0.636,0.772,0.70387782,104.65,1.5815,0.0,BTC-27SEP19-18000-P,10732.46,0.0,0.004,0.3,1.3335,0.3,500.0,13.85318,-9.68095,-33.39159,5e-05,-0.79744
11025.23,BTC-27DEC19,1563101940468,open,0.03,182.5,0.0005,0.069,0.02918372,109.43,0.0305,0.0,BTC-27DEC19-36000-C,10732.46,107.24,0.0265,4.0,0.0325,6.0,112.0,13.82648,-4.56069,3.96756,2e-05,0.10837
10842.17,BTC-27SEP19,1563101940468,open,0.0,433.4,0.0005,0.042,0.00199112,119.5,0.001,0.0,BTC-27SEP19-3500-P,10732.46,99.76,0.0005,12.0,0.003,7.0,127.39,1.21045,-0.96591,-0.24769,0.0,-0.00915
10842.17,BTC-27SEP19,1563101940468,open,0.52,224.0,0.463,0.5425,0.5025841,101.33,0.5225,0.0,BTC-27SEP19-5500-C,10732.46,0.0,0.472,11.0,0.5085,11.0,113.84,4.55351,-3.08109,10.08933,2e-05,0.95621
11025.23,BTC-27DEC19,1563101940468,open,2.85,0.0,2.8495,3.17,3.00982943,112.25,None,0.0,BTC-27DEC19-44000-P,10732.46,0.0,0.0,0.0,0.0,0.0,0.0,10.35295,-3.50288,-197.23145,2e-05,-0.92657
11025.23,BTC-27DEC19,1563101940468,open,0.24,174.0,0.1865,0.266,0.22637706,97.3,0.242,0.0,BTC-27DEC19-12000-C,10732.46,94.13,0.218,5.0,0.231,11.0,99.06,29.071,-8.52637,17.6577,5e-05,0.57879
10842.17,BTC-27SEP19,1563101940469,open,0.65,227.5,0.594,0.6735,0.63358369,110.11,0.7065,0.0,BTC-27SEP19-4000-C,10732.46,0.0,0.111,2.0,0.7285,5.0,299.66,1.56279,-1.14909,7.87692,1e-05,0.98774
11024.9,BTC-27DEC19,1563101940468,open,0.23,53.3,0.205,0.305,0.25519964,97.13,0.235,0.0,BTC-27DEC19-11000-P,10732.46,93.52,0.246,4.9,0.2605,7.0,99.21,28.07134,-8.21833,-31.34379,5e-05,-0.37039
11024.9,BTC-27DEC19,1563101940469,open,0.59,62.9,0.5305,0.61,0.57008216,97.26,0.598,0.0,BTC-27DEC19-5000-C,10732.46,0.0,0.0045,0.1,0.7015,14.0,213.35,9.14498,-2.6811,18.40678,2e-05,0.93746
10841.84,BTC-27SEP19,1563101940469,open,0.0,421.1,0.0005,0.0425,0.00253245,110.24,0.0025,0.0,BTC-27SEP19-4000-P,10732.46,0.0,0.0,0.0,0.004,7.0,118.98,1.57011,-1.15581,-0.33053,1e-05,-0.01233
11024.9,BTC-27DEC19,1563101940469,open,0.0,89.4,0.0005,0.0425,0.00245057,123.47,0.0005,0.0,BTC-27DEC19-2000-P,10732.46,108.81,0.001,1.0,0.005,8.0,139.21,1.41406,-0.52629,-0.46412,0.0,-0.00681
10750.14,SYN.BTC-26JUL19,1563101940468,open,0.0,528.3,0.0005,0.042,0.00207853,123.97,0.003,0.0,BTC-26JUL19-17000-C,10732.46,127.57,0.0025,30.0,0.0035,1.0,134.83,1.18354,-6.17741,0.08482,3e-05,0.02633
10739.91,SYN.BTC-19JUL19,1563101940468,open,0.24,0.1,0.171,0.2505,0.21092407,120.37,0.2025,0.0,BTC-19JUL19-8500-C,10732.46,0.0,0.2005,11.0,0.241,11.0,257.59,1.06937,-13.20022,1.07468,6e-05,0.96001
10739.91,SYN.BTC-19JUL19,1563101940468,open,0.02,114.0,0.0005,0.053,0.01304789,106.58,0.0125,0.0,BTC-19JUL19-12000-C,10732.46,100.1,0.011,0.4,0.0135,24.0,107.97,3.4828,-38.067,0.26926,0.00021,0.20073
11024.9,BTC-27DEC19,1563101940469,open,0.02,152.2,0.0005,0.059,0.01904883,112.32,0.02,0.0,BTC-27DEC19-44000-C,10732.46,110.63,0.0175,4.0,0.0225,6.0,115.81,10.37325,-3.51199,2.73449,2e-05,0.07363
10841.84,BTC-27SEP19,1563101940469,open,1.66,0.0,1.6645,1.886,1.77532484,115.39,None,0.0,BTC-27SEP19-30000-P,10732.46,0.0,0.0,0.0,0.0,0.0,0.0,4.72868,-3.64378,-60.70482,2e-05,-0.95411
10841.84,BTC-27SEP19,1563101940470,open,0.03,379.1,0.0005,0.063,0.02308383,108.6,0.0335,0.0,BTC-27SEP19-22000-C,10732.46,106.2,0.021,11.0,0.0265,24.0,112.33,9.62,-6.97675,2.07782,4e-05,0.11651
11024.9,BTC-27DEC19,1563101940470,open,0.14,228.1,0.106,0.1975,0.15188552,97.13,0.124,0.0,BTC-27DEC19-9000-P,10732.46,92.62,0.142,9.9,0.15,50.0,96.27,24.2009,-7.08517,-20.73497,5e-05,-0.26196
10841.84,BTC-27SEP19,1563101940469,open,0.78,55.9,0.73,0.8095,0.7698145,125.24,0.689,0.0,BTC-27SEP19-2500-C,10732.46,0.0,0.004,10.0,0.924,5.0,500.0,0.31877,-0.26661,5.07386,0.0,0.99795
11024.9,BTC-27DEC19,1563101940470,open,0.41,19.3,0.39,0.5055,0.44786216,98.35,0.37,0.0,BTC-27DEC19-14000-P,10732.46,94.87,0.4385,3.6,0.457,3.6,101.75,29.63805,-8.78683,-48.06622,5e-05,-0.51148
11024.9,BTC-27DEC19,1563101940470,open,0.08,155.3,0.047,0.1335,0.09018858,97.12,0.0865,0.0,BTC-27DEC19-7500-P,10732.46,92.46,0.082,4.9,0.0895,7.0,96.73,19.49453,-5.70682,-13.53164,4e-05,-0.17989
10841.84,BTC-27SEP19,1563101940470,open,0.02,290.3,0.0005,0.0575,0.01773809,110.95,0.018,0.0,BTC-27SEP19-24000-C,10732.46,109.95,0.017,1.5,0.0205,24.0,114.51,8.0882,-5.99229,1.64582,3e-05,0.09174
11024.9,BTC-27DEC19,1563101940470,open,1.16,0.0,1.154,1.333,1.24336512,103.79,None,0.0,BTC-27DEC19-24000-P,10732.46,0.0,0.0055,1.0,2.044,0.2,500.0,22.17932,-6.93871,-101.22487,4e-05,-0.77697
10739.91,SYN.BTC-19JUL19,1563101940468,open,0.0,146.1,0.0005,0.04,0.00015328,124.98,0.0005,0.0,BTC-19JUL19-16000-C,10732.46,0.0,0.0,0.0,0.002,11.5,171.68,0.13386,-1.64621,0.00495,1e-05,0.0036
11024.9,BTC-27DEC19,1563101940470,open,0.02,134.2,0.0005,0.0645,0.02357962,97.24,0.022,0.0,BTC-27DEC19-5000-P,10732.46,94.68,0.0215,0.1,0.024,1.0,97.74,9.14171,-2.67944,-4.31341,2e-05,-0.06251
10750.14,SYN.BTC-26JUL19,1563101940469,open,0.19,36.5,0.18,0.278,0.22888578,109.94,0.2165,0.0,BTC-26JUL19-13000-P,10732.46,99.65,0.224,0.5,0.2625,7.0,167.65,5.34855,-24.75721,-3.61572,0.00013,-0.80486
10750.14,SYN.BTC-26JUL19,1563101940470,open,0.0,207.8,0.0005,0.04,0.00025632,125.01,0.0005,0.0,BTC-26JUL19-6000-P,10732.46,0.0,0.0,0.0,0.001,12.0,147.77,0.20267,-1.06669,-0.01306,0.0,-0.00348
10750.14,SYN.BTC-26JUL19,1563101940469,open,0.23,32.5,0.2195,0.321,0.27027993,111.58,0.1255,0.0,BTC-26JUL19-13500-P,10732.46,0.0,0.2425,7.0,0.3015,7.0,170.62,4.54626,-21.3573,-3.914,0.00011,-0.84875
10841.84,BTC-27SEP19,1563101940471,open,0.19,508.0,0.13,0.2095,0.16972124,98.0,0.1665,0.0,BTC-27SEP19-11000-C,10732.46,95.35,0.165,14.4,0.176,16.0,101.55,19.24219,-12.59303,9.01546,8e-05,0.57508
10841.84,BTC-27SEP19,1563101940471,open,0.04,392.6,0.0005,0.071,0.03134241,106.64,0.038,0.0,BTC-27SEP19-20000-C,10732.46,104.41,0.029,11.0,0.0345,24.3,109.54,11.57033,-8.23947,2.6922,4e-05,0.15239
10841.84,BTC-27SEP19,1563101940471,open,0.67,0.0,0.617,0.6965,0.65651065,115.83,None,0.0,BTC-27SEP19-3750-C,10732.46,0.0,0.004,10.0,0.741,10.0,300.05,1.43664,-1.11125,7.39196,1e-05,0.98887
11024.9,BTC-27DEC19,1563101940471,open,0.1,214.2,0.065,0.153,0.10907061,97.12,0.103,0.0,BTC-27DEC19-8000-P,10732.46,92.91,0.101,5.0,0.108,7.0,96.56,21.23289,-6.21567,-15.83121,4e-05,-0.2069
10739.91,SYN.BTC-19JUL19,1563101940468,open,0.44,0.0,0.4305,0.5495,0.49000508,130.54,None,0.0,BTC-19JUL19-16000-P,10732.46,0.0,0.4585,7.0,0.527,7.0,336.43,0.18378,-2.46024,-2.13026,1e-05,-0.99487
10841.84,BTC-27SEP19,1563101940471,open,0.41,29.6,0.401,0.517,0.45902343,101.61,0.39,0.0,BTC-27SEP19-15000-P,10732.46,75.83,0.4205,5.0,0.4895,5.0,119.88,17.49753,-11.87218,-25.39335,7e-05,-0.68272
10739.91,SYN.BTC-19JUL19,1563101940468,open,0.01,391.0,0.0005,0.0605,0.02005138,104.83,0.019,0.0,BTC-19JUL19-10000-P,10732.46,89.52,0.0145,7.4,0.019,0.4,102.0,4.00975,-43.10737,-0.39881,0.00025,-0.25794
11024.9,BTC-27DEC19,1563101940472,open,0.69,12.4,0.6785,0.818,0.74814749,100.69,0.559,0.0,BTC-27DEC19-18000-P,10732.46,0.0,0.004,5.0,1.516,0.2,499.92,27.55539,-8.36323,-70.00509,5e-05,-0.64907
11024.9,BTC-27DEC19,1563101940472,open,0.17,245.3,0.119,0.1985,0.15889414,98.96,0.1635,0.0,BTC-27DEC19-15000-C,10732.46,96.18,0.1515,5.0,0.163,10.4,100.49,29.40843,-8.772,14.53888,5e-05,0.44907
10841.84,BTC-27SEP19,1563101940472,open,0.34,75.8,0.328,0.438,0.38288932,100.52,0.3445,0.0,BTC-27SEP19-14000-P,10732.46,90.49,0.366,12.0,0.394,12.0,106.97,18.52815,-12.43705,-22.54441,8e-05,-0.63076
10841.84,BTC-27SEP19,1563101940471,open,0.63,0.2,0.5715,0.651,0.61109261,107.47,0.65,0.0,BTC-27SEP19-4250-C,10732.46,0.0,0.005,0.1,0.717,5.0,300.14,1.87066,-1.34246,8.31371,1e-05,0.9849
10841.84,BTC-27SEP19,1563101940472,open,0.74,225.7,0.6845,0.764,0.72442964,124.73,0.693,0.0,BTC-27SEP19-3000-C,10732.46,0.0,0.004,20.0,0.915,5.0,500.0,0.74567,-0.62107,6.01142,0.0,0.99472
10739.91,SYN.BTC-19JUL19,1563101940468,open,0.0,208.8,0.0005,0.0425,0.00240784,120.8,0.0015,0.0,BTC-19JUL19-8500-P,10732.46,103.23,0.001,0.5,0.0025,1.0,121.71,1.08025,-13.38255,-0.06154,6e-05,-0.04049
10750.14,SYN.BTC-26JUL19,1563101940471,open,0.01,37.0,0.0005,0.0445,0.0048255,119.92,0.0055,0.0,BTC-26JUL19-15500-C,10732.46,120.76,0.005,30.2,0.009,41.0,136.88,2.20789,-11.14728,0.18126,5e-05,0.05665
10739.91,SYN.BTC-19JUL19,1563101940468,open,0.15,1.6,0.0855,0.165,0.12546597,107.71,0.144,0.0,BTC-19JUL19-9500-C,10732.46,72.81,0.118,11.0,0.1295,1.0,122.02,2.86054,-31.59742,1.04318,0.00017,0.8526
11024.9,BTC-27DEC19,1563101940473,open,0.04,57.7,0.0005,0.077,0.03725035,107.73,0.04,0.0,BTC-27DEC19-32000-C,10732.46,105.46,0.034,4.0,0.041,6.0,110.24,16.11744,-5.23378,4.88576,3e-05,0.13476
10750.14,SYN.BTC-26JUL19,1563101940468,open,0.06,367.1,0.0445,0.131,0.08757743,103.71,0.091,0.0,BTC-26JUL19-11000-P,10732.46,101.52,0.086,18.0,0.094,7.0,112.64,7.73252,-33.765,-2.09601,0.0002,-0.51168
10750.14,SYN.BTC-26JUL19,1563101940471,open,0.0,162.8,0.0005,0.0405,0.00055093,124.99,0.0025,0.0,BTC-26JUL19-19000-C,10732.46,123.64,0.0005,30.0,0.0035,11.0,160.23,0.42049,-2.21278,0.02571,1e-05,0.0079
10841.84,BTC-27SEP19,1563101940474,open,0.8,0.0,0.801,0.951,0.87599648,106.59,None,0.0,BTC-27SEP19-20000-P,10732.46,0.0,0.004,10.0,1.503,0.2,500.0,11.56225,-8.23001,-38.338,4e-05,-0.84777
10750.14,SYN.BTC-26JUL19,1563101940472,open,0.61,0.0,0.609,0.7425,0.6755948,126.3,None,0.0,BTC-26JUL19-18000-P,10732.46,0.0,0.0,0.0,0.0,0.0,0.0,0.76925,-4.0907,-5.80531,2e-05,-0.98417
10750.14,SYN.BTC-26JUL19,1563101940468,open,0.7,0.0,0.6975,0.8385,0.7680668,127.32,None,0.0,BTC-26JUL19-19000-P,10732.46,0.0,0.0,0.0,0.0,0.0,0.0,0.472,-2.5302,-6.1526,1e-05,-0.99099
10841.84,BTC-27SEP19,1563101940474,open,0.02,93.1,0.0005,0.053,0.01344999,112.38,0.014,0.0,BTC-27SEP19-26000-C,10732.46,109.09,0.0115,11.0,0.0165,29.0,117.04,6.7097,-5.03546,1.29361,2e-05,0.07161
10739.91,SYN.BTC-19JUL19,1563101940468,open,0.01,129.5,0.0005,0.0475,0.00783471,110.21,0.009,0.0,BTC-19JUL19-12500-C,10732.46,104.53,0.0065,0.5,0.0085,30.0,112.89,2.6218,-29.63085,0.17484,0.00015,0.12971
10750.14,SYN.BTC-26JUL19,1563101940468,open,0.03,512.6,0.001,0.084,0.04231594,103.7,0.041,0.0,BTC-26JUL19-10000-P,10732.46,99.29,0.0395,0.1,0.0455,7.0,108.65,6.8933,-30.09593,-1.25163,0.00018,-0.31553
11024.9,BTC-27DEC19,1563101940474,open,0.01,320.0,0.0005,0.0535,0.0138464,115.54,0.0145,0.0,BTC-27DEC19-52000-C,10732.46,111.44,0.011,11.0,0.0165,1.0,118.91,8.21748,-2.86187,2.04074,1e-05,0.05458
11024.9,BTC-27DEC19,1563101940475,open,0.04,278.7,0.003,0.086,0.04446205,97.12,0.039,0.0,BTC-27DEC19-6000-P,10732.46,92.56,0.039,1.0,0.043,1.0,95.92,13.46273,-3.94114,-7.46073,3e-05,-0.10445
10750.14,SYN.BTC-26JUL19,1563101940470,open,0.0,309.3,0.0005,0.045,0.00491418,108.96,0.003,0.0,BTC-26JUL19-8000-P,10732.46,104.14,0.004,30.0,0.0075,7.0,120.57,2.14531,-9.84205,-0.20823,5e-05,-0.05462
10750.14,SYN.BTC-26JUL19,1563101940468,open,0.0,330.4,0.0005,0.042,0.00218153,109.2,0.0015,0.0,BTC-26JUL19-7500-P,10732.46,107.55,0.002,30.0,0.0025,10.0,111.92,1.2101,-5.5636,-0.1022,3e-05,-0.02704
10750.14,SYN.BTC-26JUL19,1563101940472,open,0.0,473.5,0.0005,0.041,0.00110608,124.99,0.0035,0.0,BTC-26JUL19-18000-C,10732.46,123.37,0.001,32.0,0.002,1.0,135.66,0.72879,-3.83519,0.04814,2e-05,0.01487
10750.14,SYN.BTC-26JUL19,1563101940473,open,0.46,0.0,0.4025,0.482,0.44209341,123.31,None,0.0,BTC-26JUL19-6000-C,10732.46,0.0,0.0005,0.1,0.0,0.0,0.0,0.18477,-0.9593,1.9404,0.0,0.99686
10750.14,SYN.BTC-26JUL19,1563101940474,open,0.0,384.6,0.0005,0.041,0.0013074,116.86,0.001,0.0,BTC-26JUL19-7000-P,10732.46,102.17,0.0005,50.0,0.0015,3.0,119.39,0.78237,-3.84922,-0.06106,2e-05,-0.01615
10750.14,SYN.BTC-26JUL19,1563101940474,open,0.31,10.8,0.303,0.4115,0.3572242,116.34,0.166,0.0,BTC-26JUL19-14500-P,10732.46,0.0,0.327,7.0,0.3905,7.0,190.12,3.23256,-15.83321,-4.42101,7e-05,-0.90676
10750.14,SYN.BTC-26JUL19,1563101940474,open,0.0,217.6,0.0005,0.0405,0.00065204,122.07,0.0005,0.0,BTC-26JUL19-6500-P,10732.46,0.0,0.0,0.0,0.001,0.4,129.39,0.43951,-2.25895,-0.03135,1e-05,-0.00831
10750.14,SYN.BTC-26JUL19,1563101940474,open,0.0,313.8,0.0005,0.04,0.00027177,124.99,0.0005,0.0,BTC-26JUL19-20000-C,10732.46,0.0,0.0,0.0,0.0035,30.0,171.62,0.23663,-1.24526,0.01351,1e-05,0.00413
10750.14,SYN.BTC-26JUL19,1563101940478,open,0.51,0.0,0.4485,0.528,0.4884183,119.49,0.4,0.0,BTC-26JUL19-5500-C,10732.46,0.0,0.0005,0.1,0.0,0.0,0.0,0.04376,-0.22015,1.78709,0.0,0.99935
11024.9,BTC-27DEC19,1563101940490,open,1.0,3.9,0.992,1.1575,1.07487309,102.99,0.752,0.0,BTC-27DEC19-22000-P,10732.46,0.0,0.0055,2.0,1.868,0.3,500.0,24.03546,-7.46147,-91.00607,4e-05,-0.7415
241.31,ETH-27SEP19,1563101940545,open,0.34,348.0,0.418,0.535,0.476479,99.27,0.41,0.0,ETH-27SEP19-340-P,244.3,126.8,0.522,1.0,1.409,1.0,500.0,0.37733,-0.25014,-0.58467,0.00318,-0.70462
11024.9,BTC-27DEC19,1563101940563,open,0.05,73.6,0.009,0.0885,0.04884543,105.82,0.05,0.0,BTC-27DEC19-28000-C,10732.46,103.53,0.045,4.0,0.0525,4.9,107.92,18.88448,-6.02361,6.1247,3e-05,0.17109
241.31,ETH-27SEP19,1563101940697,open,0.34,348.0,0.418,0.535,0.476479,99.27,0.41,0.0,ETH-27SEP19-340-P,244.3,127.38,0.523,1.0,1.409,1.0,500.0,0.37733,-0.25014,-0.58467,0.00318,-0.70462
10841.84,BTC-27SEP19,1563101940759,open,0.87,42.8,0.822,0.9015,0.8616561,122.51,0.815,0.0,BTC-27SEP19-1500-C,10732.46,0.0,0.0,0.0,0.0,0.0,0.0,0.0122,-0.00998,3.07553,0.0,0.99994
241.31,ETH-27SEP19,1563101940849,open,0.34,348.0,0.418,0.535,0.476432,99.27,0.41,0.0,ETH-27SEP19-340-P,244.3,127.96,0.524,1.0,1.409,1.0,500.0,0.37733,-0.25014,-0.58467,0.00318,-0.70462
11024.9,BTC-27DEC19,1563101940978,open,0.03,86.0,0.0005,0.074,0.03302122,97.12,0.032,0.0,BTC-27DEC19-5500-P,10732.46,91.56,0.0275,6.0,0.033,1.0,97.1,11.29268,-3.30608,-5.78017,2e-05,-0.08234
10750.14,SYN.BTC-26JUL19,1563101940989,open,0.04,298.4,0.0205,0.105,0.06259698,103.7,0.0705,0.0,BTC-26JUL19-10500-P,10732.46,99.29,0.0595,18.0,0.0675,7.0,110.68,7.55189,-32.97335,-1.66409,0.00019,-0.41317
11024.9,BTC-27DEC19,1563101941000,open,0.55,7.1,0.53,0.657,0.59363718,99.55,0.491,0.0,BTC-27DEC19-16000-P,10732.46,95.68,0.5835,3.6,0.6035,3.6,103.3,28.94541,-8.68615,-59.14453,5e-05,-0.58682
241.31,ETH-27SEP19,1563101941000,open,0.34,348.0,0.418,0.535,0.476432,99.27,0.41,0.0,ETH-27SEP19-340-P,244.3,128.54,0.525,1.0,1.409,1.0,500.0,0.37733,-0.25014,-0.58467,0.00318,-0.70462
11024.9,BTC-27DEC19,1563101941005,open,0.55,7.1,0.53,0.657,0.59363718,99.55,0.491,0.0,BTC-27DEC19-16000-P,10732.46,95.68,0.5835,3.6,0.604,3.6,103.49,28.94541,-8.68615,-59.14453,5e-05,-0.58682
245.24,ETH-27DEC19,1563101941082,open,1.35,0.0,1.557,1.77,1.66352,110.62,None,0.0,ETH-27DEC19-640-P,244.3,0.0,0.0,0.0,0.0,0.0,0.0,0.43459,-0.14491,-2.76732,0.00144,-0.81949
10750.14,SYN.BTC-26JUL19,1563101941125,open,0.88,0.0,0.876,1.0315,0.95370327,131.92,None,0.0,BTC-26JUL19-21000-P,10732.46,0.0,0.0,0.0,0.0,0.0,0.0,0.2048,-1.13752,-6.82112,0.0,-0.99648
241.31,ETH-27SEP19,1563101941152,open,0.34,348.0,0.418,0.535,0.476432,99.27,0.41,0.0,ETH-27SEP19-340-P,244.3,129.12,0.526,1.0,1.409,1.0,500.0,0.37733,-0.25014,-0.58467,0.00318,-0.70462
241.31,ETH-27SEP19,1563101941304,open,0.34,348.0,0.418,0.535,0.476432,99.27,0.41,0.0,ETH-27SEP19-340-P,244.3,129.7,0.527,1.0,1.409,1.0,500.0,0.37733,-0.25014,-0.58467,0.00318,-0.70462
241.31,ETH-27SEP19,1563101941456,open,0.34,348.0,0.418,0.535,0.476432,99.27,0.41,0.0,ETH-27SEP19-340-P,244.3,99.61,0.477,110.0,1.409,1.0,500.0,0.37733,-0.25014,-0.58467,0.00318,-0.70462
241.31,ETH-27SEP19,1563101941609,open,0.34,348.0,0.418,0.535,0.476432,99.27,0.41,0.0,ETH-27SEP19-340-P,244.3,99.61,0.477,111.0,1.409,1.0,500.0,0.37733,-0.25014,-0.58467,0.00318,-0.70462
10739.58,SYN.BTC-19JUL19,1563101941637,open,0.48,0.0,0.475,0.5975,0.53640067,115.33,None,0.0,BTC-19JUL19-16500-P,10732.46,0.0,0.504,7.0,0.5745,7.0,354.71,0.03415,-0.40386,-2.20297,0.0,-0.9992
10739.58,SYN.BTC-19JUL19,1563101941700,open,0.22,35.3,0.2095,0.31,0.25980375,116.57,0.2545,0.0,BTC-19JUL19-13500-P,10732.46,0.0,0.233,7.0,0.2915,7.0,236.93,1.3105,-15.66574,-1.73344,7e-05,-0.94851
10739.58,SYN.BTC-19JUL19,1563101941700,open,0.03,440.3,0.0005,0.0775,0.03648998,102.71,0.0305,0.0,BTC-19JUL19-10500-P,10732.46,89.28,0.0305,7.4,0.037,18.4,103.85,4.80023,-50.56021,-0.62837,0.0003,-0.40152
241.31,ETH-27SEP19,1563101941761,open,0.34,348.0,0.418,0.535,0.476433,99.27,0.41,0.0,ETH-27SEP19-340-P,244.3,100.24,0.478,1.0,1.409,1.0,500.0,0.37733,-0.25014,-0.58467,0.00318,-0.70462
11024.75,BTC-27DEC19,1563101941765,open,1.33,0.0,1.32,1.5125,1.41631325,105.51,None,0.0,BTC-27DEC19-26000-P,10732.46,0.0,0.004,10.0,2.2205,0.2,500.0,20.65043,-6.56774,-111.16751,4e-05,-0.80249
241.31,ETH-27SEP19,1563101941843,open,0.01,1769.0,0.001,0.045,0.005376,114.06,0.009,0.0,ETH-27SEP19-720-C,244.3,92.4,0.001,50.0,0.011,100.0,127.76,0.07764,-0.05913,0.01298,0.00057,0.0316
241.31,ETH-27SEP19,1563101941913,open,0.34,348.0,0.418,0.535,0.476433,99.27,0.41,0.0,ETH-27SEP19-340-P,244.3,100.88,0.479,1.0,1.409,1.0,500.0,0.37733,-0.25014,-0.58467,0.00318,-0.70462
244.11,SYN.ETH-19JUL19,1563101941928,open,0.21,267.0,0.26,0.364,0.312014,114.02,0.36,0.0,ETH-19JUL19-320-P,244.3,0.0,0.295,10.0,0.36,9.0,300.43,0.01559,-0.18229,-0.04202,0.00172,-0.97662
10841.85,BTC-27SEP19,1563101941934,open,0.0,122.0,0.0005,0.042,0.00240052,115.89,0.0015,0.0,BTC-27SEP19-3750-P,10732.46,102.28,0.001,3.0,0.0035,7.0,123.22,1.43951,-1.11403,-0.30149,1e-05,-0.01116
243.83,SYN.ETH-26JUL19,1563101941967,open,0.03,1351.0,0.023,0.107,0.064691,101.36,0.07,0.0,ETH-26JUL19-240-P,244.3,94.74,0.06,150.0,0.078,150.0,120.16,0.1727,-0.73702,-0.0392,0.00881,-0.42939
243.83,SYN.ETH-26JUL19,1563101941976,open,0.1,896.0,0.127,0.22,0.173727,101.4,0.198,0.0,ETH-26JUL19-280-P,244.3,103.59,0.175,1.0,0.18,80.0,111.99,0.14066,-0.6005,-0.07304,0.00717,-0.74694
241.31,ETH-27SEP19,1563101941978,open,0.4,249.0,0.487,0.61,0.548729,100.32,0.252,0.0,ETH-27SEP19-360-P,244.3,77.7,0.519,110.0,0.605,110.0,135.5,0.35226,-0.23599,-0.63952,0.00294,-0.74318
241.31,ETH-27SEP19,1563101942010,open,0.02,1214.0,0.001,0.051,0.011335,105.76,0.036,0.0,ETH-27SEP19-560-C,244.3,106.9,0.012,145.0,0.019,140.0,117.29,0.13776,-0.09729,0.02632,0.00109,0.06451
10750.14,SYN.BTC-26JUL19,1563101942012,open,0.04,298.4,0.0205,0.105,0.06257117,103.7,0.0705,0.0,BTC-26JUL19-10500-P,10732.46,100.01,0.06,18.0,0.0675,7.0,110.68,7.55189,-32.97335,-1.66409,0.00019,-0.41317
241.31,ETH-27SEP19,1563101942041,open,0.05,2380.0,0.001,0.069,0.029256,103.35,0.029,0.0,ETH-27SEP19-440-C,244.3,102.13,0.028,110.0,0.039,110.0,112.13,0.25144,-0.17352,0.0583,0.00204,0.14702
243.83,SYN.ETH-26JUL19,1563101942041,open,0.22,519.0,0.267,0.372,0.319388,103.77,0.183,0.0,ETH-26JUL19-320-P,244.3,0.0,0.301,30.0,0.366,30.0,200.36,0.0697,-0.30451,-0.09776,0.00347,-0.9129
241.31,ETH-27SEP19,1563101942064,open,0.34,348.0,0.418,0.535,0.476433,99.27,0.41,0.0,ETH-27SEP19-340-P,244.3,101.51,0.48,1.0,1.409,1.0,500.0,0.37733,-0.25014,-0.58467,0.00318,-0.70462
10841.84,BTC-27SEP19,1563101942057,open,0.07,152.0,0.023,0.1025,0.06261725,102.7,0.0675,0.0,BTC-27SEP19-16000-C,10732.46,99.94,0.0585,11.0,0.067,24.3,105.58,16.32277,-11.19417,4.67651,7e-05,0.27289
241.31,ETH-27SEP19,1563101942075,open,0.01,2547.0,0.001,0.044,0.004192,114.37,0.007,0.0,ETH-27SEP19-760-C,244.29,117.22,0.005,12.0,0.008,10.0,125.75,0.0644,-0.04919,0.01042,0.00047,0.02525
241.31,ETH-27SEP19,1563101942076,open,0.01,7658.0,0.001,0.059,0.01831,99.02,0.029,0.0,ETH-27SEP19-140-P,244.29,90.16,0.013,1.0,0.025,140.0,108.79,0.15501,-0.1025,-0.04628,0.00131,-0.07519
241.31,ETH-27SEP19,1563101942076,open,0.78,0.0,0.712,0.791,0.751697,116.8,0.01,0.0,ETH-27SEP19-60-C,244.29,0.0,0.004,5.0,0.0,0.0,0.0,0.00659,-0.00514,0.12198,5e-05,0.99811
245.23,ETH-27DEC19,1563101942077,open,0.27,188.0,0.314,0.422,0.367788,103.39,0.438,0.0,ETH-27DEC19-280-P,244.29,93.34,0.341,120.0,0.389,120.0,111.4,0.65131,-0.20298,-0.89705,0.00231,-0.43713
244.11,SYN.ETH-19JUL19,1563101942076,open,0.04,1076.0,0.048,0.134,0.091232,110.09,0.108,0.0,ETH-19JUL19-260-P,244.29,94.96,0.085,150.0,0.125,150.0,186.66,0.10252,-1.1574,-0.02473,0.0117,-0.66719
243.83,SYN.ETH-26JUL19,1563101942076,open,0.0,1213.0,0.001,0.052,0.011696,101.35,0.01,0.0,ETH-26JUL19-200-P,244.29,90.36,0.008,200.0,0.017,21.0,115.05,0.08795,-0.37528,-0.01044,0.00449,-0.11994
243.83,SYN.ETH-26JUL19,1563101942075,open,0.0,1074.0,0.001,0.04,0.000118,124.99,0.003,0.0,ETH-26JUL19-480-C,244.29,0.0,0.0,0.0,0.008,251.0,211.43,0.00268,-0.01412,0.00014,0.00011,0.00192
244.11,SYN.ETH-19JUL19,1563101942078,open,0.0,142.0,0.001,0.04,1.5e-05,124.99,0.001,0.0,ETH-19JUL19-400-C,244.29,0.0,0.0,0.0,0.0,0.0,0.0,0.00042,-0.00363,1e-05,4e-05,0.00041
10841.86,BTC-27SEP19,1563101942196,open,0.21,61.8,0.1945,0.2935,0.24402484,98.48,0.204,0.0,BTC-27SEP19-12000-P,10732.46,94.87,0.2375,14.4,0.2505,14.4,102.06,19.58995,-12.88289,-16.58786,8e-05,-0.5018
241.3,ETH-27SEP19,1563101942215,open,0.34,348.0,0.418,0.535,0.476433,99.21,0.41,0.0,ETH-27SEP19-340-P,244.29,102.11,0.481,1.0,1.409,1.0,500.0,0.37717,-0.24988,-0.58474,0.00318,-0.70486
10841.86,BTC-27SEP19,1563101942231,open,0.82,28.2,0.776,0.8555,0.81562393,124.96,0.755,0.0,BTC-27SEP19-2000-C,10732.46,0.0,0.01,1.0,0.934,5.0,500.0,0.09351,-0.07803,4.0887,0.0,0.99946
241.3,ETH-27SEP19,1563101942367,open,0.34,348.0,0.418,0.535,0.476433,99.21,0.41,0.0,ETH-27SEP19-340-P,244.29,102.74,0.482,1.0,1.409,1.0,500.0,0.37717,-0.24988,-0.58474,0.00318,-0.70486
11024.6,BTC-27DEC19,1563101942467,open,0.74,0.0,0.693,0.7725,0.73252415,105.36,None,0.0,BTC-27DEC19-3000-C,10732.08,0.0,0.0075,5.0,0.979,0.5,500.0,2.70945,-0.8605,12.68199,0.0,0.98565
11024.6,BTC-27DEC19,1563101942467,open,0.55,60.5,0.4945,0.574,0.53414428,97.13,0.567,0.0,BTC-27DEC19-5500-C,10732.08,0.0,0.0055,0.1,0.97,5.0,500.0,11.29351,-3.30647,19.21403,2e-05,0.91764
11024.6,BTC-27DEC19,1563101942467,open,0.79,0.0,0.7365,0.816,0.77627708,111.27,None,0.0,BTC-27DEC19-2500-C,10732.08,0.0,0.0135,3.1,0.981,0.5,500.0,1.86008,-0.62387,10.74267,0.0,0.99069
10841.86,BTC-27SEP19,1563101942467,open,0.41,748.2,0.345,0.4245,0.38476463,98.4,0.446,0.0,BTC-27SEP19-7000-C,10732.08,88.45,0.3765,11.0,0.425,11.0,138.77,9.48382,-6.23153,11.14361,4e-05,0.88581
10841.86,BTC-27SEP19,1563101942467,open,0.0,297.6,0.0005,0.045,0.00494305,104.12,0.0055,0.0,BTC-27SEP19-4750-P,10732.08,95.26,0.003,24.0,0.007,7.0,111.51,2.72727,-1.89621,-0.6332,1e-05,-0.02353
11024.6,BTC-27DEC19,1563101942467,open,0.01,228.2,0.0005,0.0515,0.01133107,100.02,0.011,0.0,BTC-27DEC19-4000-P,10732.08,95.03,0.009,0.1,0.0125,6.0,102.33,5.44837,-1.64266,-2.2126,1e-05,-0.03283
10841.86,BTC-27SEP19,1563101942467,open,0.01,326.1,0.0005,0.05,0.00988681,101.38,0.0065,0.0,BTC-27SEP19-5500-P,10732.08,95.31,0.0075,24.1,0.012,12.0,106.17,4.55903,-3.08647,-1.19531,2e-05,-0.04386
10841.86,BTC-27SEP19,1563101942467,open,0.0,379.7,0.0005,0.04,0.00039551,125.0,0.0005,0.0,BTC-27SEP19-2500-P,10732.08,0.0,0.0,0.0,0.003,7.0,163.42,0.31467,-0.26266,-0.0538,0.0,-0.00202
10739.58,SYN.BTC-19JUL19,1563101942467,open,0.2,0.0,0.1275,0.207,0.1670875,114.52,None,0.0,BTC-19JUL19-9000-C,10732.08,0.0,0.1585,11.0,0.195,11.0,218.88,1.85504,-21.78471,1.07933,0.00011,0.91944
11024.6,BTC-27DEC19,1563101942467,open,2.51,0.0,2.506,2.7975,2.65158972,110.93,None,0.0,BTC-27DEC19-40000-P,10732.08,0.0,0.0005,4.0,0.0,0.0,0.0,11.92814,-3.98844,-178.51237,2e-05,-0.91141
10749.81,SYN.BTC-26JUL19,1563101942468,open,0.01,412.9,0.0005,0.0505,0.01089413,113.71,0.0095,0.0,BTC-26JUL19-14000-C,10732.08,115.39,0.0115,30.0,0.016,30.0,126.85,3.83163,-18.34447,0.37439,9e-05,0.11794
10739.58,SYN.BTC-19JUL19,1563101942467,open,0.07,251.2,0.049,0.136,0.09260879,103.44,0.111,0.0,BTC-19JUL19-11500-P,10732.08,93.09,0.0885,0.1,0.0975,0.1,115.33,4.34253,-46.06322,-1.1311,0.00027,-0.69584
10739.58,SYN.BTC-19JUL19,1563101942467,open,0.04,91.7,0.0005,0.0615,0.02180372,103.44,0.0265,0.0,BTC-19JUL19-11500-C,10732.08,98.94,0.02,1.0,0.0225,24.0,105.15,4.34253,-46.06311,0.40507,0.00027,0.30416
11024.22,BTC-27DEC19,1563101942469,open,0.4,206.7,0.3435,0.423,0.38345487,97.14,0.43,0.0,BTC-27DEC19-8000-C,10732.08,50.13,0.3005,0.1,0.999,0.1,500.0,21.23381,-6.21726,20.52128,4e-05,0.79306
10841.48,BTC-27SEP19,1563101942469,open,1.31,0.0,1.3155,1.5075,1.41149734,112.15,None,0.0,BTC-27SEP19-26000-P,10732.08,0.0,0.0,0.0,0.0,0.0,0.0,6.66767,-4.99329,-52.05215,2e-05,-0.92897
11024.22,BTC-27DEC19,1563101942470,open,0.66,27.1,0.609,0.6885,0.64851598,100.06,0.542,0.0,BTC-27DEC19-4000-C,10732.08,91.05,0.6445,11.0,0.654,11.0,110.11,5.45362,-1.64494,15.96252,1e-05,0.96713
11024.22,BTC-27DEC19,1563101942470,open,0.7,4.0,0.65,0.7295,0.68981305,101.94,0.59,0.0,BTC-27DEC19-3500-C,10732.08,0.0,0.0055,0.1,0.78,1.0,228.98,3.90807,-1.20088,14.43567,1e-05,0.97795
10749.81,SYN.BTC-26JUL19,1563101942468,open,0.35,10.0,0.3455,0.4575,0.40153379,117.38,0.17,0.0,BTC-26JUL19-15000-P,10732.08,0.0,0.3705,7.0,0.4355,7.0,199.18,2.63486,-13.02177,-4.65329,6e-05,-0.9289
11024.22,BTC-27DEC19,1563101942470,open,0.52,122.6,0.4605,0.54,0.50025798,97.15,0.57,0.0,BTC-27DEC19-6000-C,10732.08,89.76,0.4915,11.0,0.5025,11.0,98.98,13.46717,-3.94386,19.80153,3e-05,0.8955
10739.58,SYN.BTC-19JUL19,1563101942467,open,0.0,129.3,0.0005,0.04,0.00029566,124.49,0.0005,0.0,BTC-19JUL19-15500-C,10732.08,0.0,0.0,0.0,0.002,41.0,160.49,0.22973,-2.9328,0.00905,1e-05,0.0066
10841.48,BTC-27SEP19,1563101942470,open,0.71,0.0,0.662,0.7415,0.70199354,124.7,None,0.0,BTC-27SEP19-3250-C,10732.08,0.0,0.004,10.0,0.9105,5.0,500.0,1.05969,-0.88245,6.45289,0.0,0.99214
11024.22,BTC-27DEC19,1563101942470,open,0.0,163.2,0.0005,0.0445,0.0046389,105.34,0.005,0.0,BTC-27DEC19-3000-P,10732.08,91.85,0.002,7.0,0.006,13.0,110.48,2.70809,-0.85991,-0.951,0.0,-0.01434
10749.81,SYN.BTC-26JUL19,1563101942467,open,0.37,4.8,0.3105,0.39,0.35013254,116.84,0.455,0.0,BTC-26JUL19-7000-C,10732.08,0.0,0.005,0.1,0.0,0.0,0.0,0.78214,-3.84759,2.21649,2e-05,0.98386
10841.48,BTC-27SEP19,1563101942470,open,0.0,291.5,0.0005,0.044,0.00393338,105.74,0.002,0.0,BTC-27SEP19-4500-P,10732.08,90.66,0.0015,33.0,0.006,7.0,114.41,2.27321,-1.60512,-0.5094,1e-05,-0.01897
11024.22,BTC-27DEC19,1563101942470,open,0.83,0.0,0.7815,0.861,0.82104342,123.56,None,0.0,BTC-27DEC19-2000-C,10732.08,0.0,0.0135,3.1,0.983,0.5,500.0,1.41819,-0.52819,8.62325,0.0,0.99316
11024.22,BTC-27DEC19,1563101942471,open,1.66,0.2,1.654,1.8745,1.76423788,107.1,2.2245,0.0,BTC-27DEC19-30000-P,10732.08,0.0,0.0,0.0,0.0,0.0,0.0,17.52187,-5.65645,-130.84647,3e-05,-0.84747
10841.48,BTC-27SEP19,1563101942471,open,0.01,205.8,0.0005,0.0465,0.00655928,116.61,0.0065,0.0,BTC-27SEP19-32000-C,10732.08,115.04,0.006,0.1,0.008,1.0,120.29,3.98022,-3.09928,0.67936,1e-05,0.03711
10841.48,BTC-27SEP19,1563101942471,open,0.69,261.1,0.6395,0.719,0.67916729,119.58,0.714,0.0,BTC-27SEP19-3500-C,10732.08,0.0,0.161,1.0,0.7535,10.0,299.73,1.21445,-0.9698,6.93118,0.0,0.99082
10749.81,SYN.BTC-26JUL19,1563101942467,open,0.01,529.5,0.0005,0.046,0.0062009,117.55,0.008,0.0,BTC-26JUL19-15000-C,10732.08,120.69,0.007,30.0,0.011,41.0,134.24,2.64397,-13.08511,0.22811,6e-05,0.07142
11024.22,BTC-27DEC19,1563101942471,open,1.49,0.1,1.4855,1.692,1.58854519,105.73,2.02,0.0,BTC-27DEC19-28000-P,10732.08,0.0,0.001,1.0,0.0,0.0,0.0,18.85623,-6.00946,-121.13385,3e-05,-0.8293
11024.22,BTC-27DEC19,1563101942472,open,0.0,148.8,0.0005,0.0405,0.00086767,125.0,0.0015,0.0,BTC-27DEC19-1500-P,10732.08,117.01,0.0005,1.2,0.002,0.1,140.15,0.60757,-0.22892,-0.17614,0.0,-0.00265
10749.81,SYN.BTC-26JUL19,1563101942470,open,0.05,450.5,0.0005,0.075,0.03535624,105.98,0.035,0.0,BTC-26JUL19-12000-C,10732.08,105.42,0.035,24.0,0.041,11.0,114.67,6.89403,-30.76068,0.98028,0.00017,0.31563
10749.81,SYN.BTC-26JUL19,1563101942470,open,0.0,383.1,0.0005,0.0435,0.00359335,121.09,0.006,0.0,BTC-26JUL19-16000-C,10732.08,123.46,0.004,30.0,0.0075,11.0,139.8,1.78805,-9.11614,0.13954,4e-05,0.04349
10749.81,SYN.BTC-26JUL19,1563101942471,open,0.1,116.1,0.046,0.1255,0.08583985,103.69,0.089,0.0,BTC-26JUL19-10500-C,10732.08,97.51,0.0815,18.0,0.09,18.0,109.61,7.55192,-32.96885,1.75202,0.00019,0.58677
10749.81,SYN.BTC-26JUL19,1563101942468,open,0.79,0.0,0.7865,0.935,0.86071317,122.21,None,0.0,BTC-26JUL19-20000-P,10732.08,0.0,0.0,0.0,0.0,0.0,0.0,0.1987,-1.02236,-6.49608,0.0,-0.9966
10739.58,SYN.BTC-19JUL19,1563101942467,open,0.0,254.0,0.0005,0.0405,0.00058211,124.49,0.001,0.0,BTC-19JUL19-15000-C,10732.08,122.13,0.0005,0.6,0.0015,0.5,142.12,0.39376,-5.02682,0.01669,2e-05,0.01222
10739.58,SYN.BTC-19JUL19,1563101942467,open,0.01,121.9,0.0005,0.0445,0.00479069,114.22,0.0065,0.0,BTC-19JUL19-13000-C,10732.08,109.57,0.004,1.5,0.0055,30.0,118.07,1.90833,-22.35216,0.11312,0.00011,0.08364
10749.81,SYN.BTC-26JUL19,1563101942467,open,0.39,0.0,0.389,0.5045,0.44671307,119.93,None,0.0,BTC-26JUL19-15500-P,10732.08,0.0,0.0,0.0,0.0,0.0,0.0,2.2082,-11.15034,-4.86182,5e-05,-0.94334
10749.81,SYN.BTC-26JUL19,1563101942468,open,0.27,11.0,0.261,0.3655,0.31324275,113.71,0.1845,0.0,BTC-26JUL19-14000-P,10732.08,0.0,0.2845,7.0,0.3455,7.0,180.02,3.83166,-18.3447,-4.18067,9e-05,-0.88206
11024.22,BTC-27DEC19,1563101942474,open,2.17,1.3,2.163,2.426,2.29455925,109.31,2.889,0.0,BTC-27DEC19-36000-P,10732.08,0.0,0.0005,1.0,0.0,0.0,0.0,13.78511,-4.54192,-159.65,2e-05,-0.89207
10739.58,SYN.BTC-19JUL19,1563101942467,open,0.08,14.3,0.019,0.0985,0.05882764,102.78,0.0515,0.0,BTC-19JUL19-10500-C,10732.08,85.2,0.051,11.4,0.058,18.0,100.92,4.80033,-50.59345,0.77414,0.0003,0.59845
10739.58,SYN.BTC-19JUL19,1563101942467,open,0.0,351.2,0.0005,0.0405,0.00098686,122.2,0.003,0.0,BTC-19JUL19-14500-C,10732.08,122.44,0.001,0.2,0.0025,30.0,141.78,0.59948,-7.51256,0.02719,3e-05,0.01994
10749.81,SYN.BTC-26JUL19,1563101942471,open,0.09,287.1,0.0725,0.1615,0.11699083,103.76,0.12,0.0,BTC-26JUL19-11500-P,10732.08,103.05,0.1165,18.0,0.125,7.0,115.22,7.46498,-32.61024,-2.52597,0.00019,-0.60522
10749.81,SYN.BTC-26JUL19,1563101942470,open,0.44,5.0,0.4325,0.5515,0.4919463,120.82,0.2255,0.0,BTC-26JUL19-16000-P,10732.08,0.0,0.0,0.0,0.0,0.0,0.0,1.77474,-9.02784,-5.06749,4e-05,-0.95691
10739.58,SYN.BTC-19JUL19,1563101942467,open,0.01,187.2,0.0005,0.0425,0.00281037,116.88,0.003,0.0,BTC-19JUL19-13500-C,10732.08,114.28,0.0025,0.5,0.004,30.0,125.63,1.32071,-15.83053,0.07056,7e-05,0.052
10749.81,SYN.BTC-26JUL19,1563101942467,open,0.0,375.4,0.0005,0.04,0.00013321,125.0,0.0005,0.0,BTC-26JUL19-21000-C,10732.08,0.0,0.0,0.0,0.003,30.8,178.09,0.13061,-0.68739,0.00701,0.0,0.00214
10739.58,SYN.BTC-19JUL19,1563101942472,open,0.26,16.4,0.253,0.357,0.30517931,118.74,0.2985,0.0,BTC-19JUL19-14000-P,10732.08,0.0,0.2775,7.0,0.34,7.0,263.0,0.87268,-10.62597,-1.82764,5e-05,-0.96879
10739.58,SYN.BTC-19JUL19,1563101942467,open,0.0,351.4,0.0005,0.045,0.00508316,114.37,0.005,0.0,BTC-19JUL19-9000-P,10732.08,96.84,0.0025,0.5,0.005,0.5,113.88,1.85076,-21.70617,-0.12251,0.00011,-0.08031
10749.81,SYN.BTC-26JUL19,1563101942470,open,0.03,88.7,0.0005,0.066,0.0263215,107.96,0.032,0.0,BTC-26JUL19-12500-C,10732.08,107.4,0.026,24.0,0.0315,0.4,116.81,6.15051,-27.95746,0.77933,0.00015,0.24914
10749.81,SYN.BTC-26JUL19,1563101942474,open,0.01,335.4,0.0005,0.048,0.00833563,116.11,0.011,0.0,BTC-26JUL19-14500-C,10732.08,118.29,0.009,30.0,0.013,41.0,130.06,3.21945,-15.73909,0.29519,7e-05,0.09273
10749.81,SYN.BTC-26JUL19,1563101942470,open,0.53,0.0,0.5205,0.6465,0.58345493,123.55,None,0.0,BTC-26JUL19-17000-P,10732.08,0.0,0.0,0.0,0.0,0.0,0.0,1.16642,-6.06738,-5.44775,3e-05,-0.97412
10749.81,SYN.BTC-26JUL19,1563101942472,open,0.0,126.8,0.0005,0.04,6.757e-05,124.99,0.0005,0.0,BTC-26JUL19-5500-P,10732.08,0.0,0.0,0.0,0.0015,10.0,177.59,0.06635,-0.34916,-0.0038,0.0,-0.00102
11024.6,BTC-27DEC19,1563101942485,open,0.31,432.5,0.254,0.3335,0.29378009,97.13,0.313,0.0,BTC-27DEC19-10000-C,10732.08,91.4,0.28,11.0,0.2965,11.0,98.26,26.46934,-7.74953,19.50515,5e-05,0.68309
241.3,ETH-27SEP19,1563101942519,open,0.34,348.0,0.418,0.535,0.476433,99.21,0.41,0.0,ETH-27SEP19-340-P,244.29,103.37,0.483,1.0,1.409,1.0,500.0,0.37717,-0.24988,-0.58474,0.00318,-0.70486
11024.6,BTC-27DEC19,1563101942515,open,0.31,432.5,0.254,0.3335,0.29378009,97.13,0.313,0.0,BTC-27DEC19-10000-C,10732.08,91.4,0.28,11.0,0.2955,11.0,97.84,26.46934,-7.74953,19.50515,5e-05,0.68309
10739.58,SYN.BTC-19JUL19,1563101942627,open,0.01,187.2,0.0005,0.0425,0.00281037,116.88,0.003,0.0,BTC-19JUL19-13500-C,10732.08,109.65,0.002,0.6,0.004,30.0,125.63,1.32071,-15.83053,0.07056,7e-05,0.052
10739.58,SYN.BTC-19JUL19,1563101942629,open,0.0,129.3,0.0005,0.04,0.00029566,124.49,0.0005,0.0,BTC-19JUL19-15500-C,10732.08,0.0,0.0,0.0,0.002,41.5,160.49,0.22973,-2.9328,0.00905,1e-05,0.0066
241.3,ETH-27SEP19,1563101942671,open,0.34,348.0,0.418,0.535,0.476433,99.21,0.41,0.0,ETH-27SEP19-340-P,244.29,103.99,0.484,1.0,1.409,1.0,500.0,0.37717,-0.24988,-0.58474,0.00318,-0.70486
10749.81,SYN.BTC-26JUL19,1563101942714,open,0.02,271.6,0.0005,0.054,0.01442156,111.45,0.02,0.0,BTC-26JUL19-13500-C,10732.08,113.96,0.0155,10.0,0.02,24.0,123.84,4.53849,-21.2953,0.47724,0.00011,0.15087
10841.48,BTC-27SEP19,1563101942719,open,0.03,379.1,0.0005,0.063,0.02308635,108.61,0.0335,0.0,BTC-27SEP19-22000-C,10732.08,106.21,0.021,11.0,0.026,24.0,111.8,9.62004,-6.97719,2.07783,4e-05,0.11651
10841.86,BTC-27SEP19,1563101942789,open,0.01,445.0,0.0005,0.046,0.00579119,101.38,0.007,0.0,BTC-27SEP19-5000-P,10732.08,94.53,0.004,29.1,0.0065,0.5,103.76,3.13034,-2.11926,-0.7457,1e-05,-0.02774
241.3,ETH-27SEP19,1563101942823,open,0.34,348.0,0.418,0.535,0.476483,99.21,0.41,0.0,ETH-27SEP19-340-P,244.29,104.62,0.485,1.0,1.409,1.0,500.0,0.37717,-0.24988,-0.58474,0.00318,-0.70486
10739.58,SYN.BTC-19JUL19,1563101942853,open,0.01,187.2,0.0005,0.0425,0.00281037,116.88,0.003,0.0,BTC-19JUL19-13500-C,10732.08,114.28,0.0025,0.5,0.004,30.0,125.63,1.32071,-15.83053,0.07056,7e-05,0.052
10739.58,SYN.BTC-19JUL19,1563101942855,open,0.0,129.3,0.0005,0.04,0.00029566,124.49,0.0005,0.0,BTC-19JUL19-15500-C,10732.08,0.0,0.0,0.0,0.002,41.0,160.49,0.22973,-2.9328,0.00905,1e-05,0.0066
10739.58,SYN.BTC-19JUL19,1563101942912,open,0.01,391.0,0.0005,0.0605,0.02003551,104.77,0.019,0.0,BTC-19JUL19-10000-P,10732.08,89.5,0.0145,7.4,0.0195,24.4,103.33,4.00943,-43.07704,-0.39874,0.00025,-0.25791
10739.58,SYN.BTC-19JUL19,1563101942933,open,0.01,187.2,0.0005,0.0425,0.00281037,116.88,0.003,0.0,BTC-19JUL19-13500-C,10732.08,109.65,0.002,0.6,0.004,30.0,125.63,1.32071,-15.83053,0.07056,7e-05,0.052
10749.81,SYN.BTC-26JUL19,1563101942938,open,0.02,271.6,0.0005,0.054,0.01442156,111.45,0.02,0.0,BTC-26JUL19-13500-C,10732.08,113.96,0.0155,34.0,0.02,24.0,123.84,4.53849,-21.2953,0.47724,0.00011,0.15087
10841.48,BTC-27SEP19,1563101942940,open,0.03,379.1,0.0005,0.063,0.02308635,108.61,0.0335,0.0,BTC-27SEP19-22000-C,10732.08,106.21,0.021,11.0,0.0265,24.0,112.33,9.62004,-6.97719,2.07783,4e-05,0.11651
241.3,ETH-27SEP19,1563101942974,open,0.34,348.0,0.418,0.535,0.476483,99.21,0.41,0.0,ETH-27SEP19-340-P,244.29,105.24,0.486,1.0,1.409,1.0,500.0,0.37717,-0.24988,-0.58474,0.00318,-0.70486
11024.22,BTC-27DEC19,1563101943029,open,0.1,214.2,0.065,0.153,0.10908503,97.11,0.103,0.0,BTC-27DEC19-8000-P,10732.08,92.9,0.101,5.0,0.1085,7.0,96.81,21.23314,-6.21558,-15.83224,4e-05,-0.20693
11024.22,BTC-27DEC19,1563101943046,open,0.1,214.2,0.065,0.153,0.10908503,97.11,0.103,0.0,BTC-27DEC19-8000-P,10732.08,92.9,0.101,5.0,0.1075,7.0,96.29,21.23314,-6.21558,-15.83224,4e-05,-0.20693
241.3,ETH-27SEP19,1563101943126,open,0.34,348.0,0.418,0.535,0.476483,99.21,0.41,0.0,ETH-27SEP19-340-P,244.29,105.86,0.487,1.0,1.409,1.0,500.0,0.37717,-0.24988,-0.58474,0.00318,-0.70486
244.1,SYN.ETH-19JUL19,1563101943142,open,0.25,0.0,0.146,0.225,0.18534,122.99,None,0.0,ETH-19JUL19-200-C,244.29,0.0,0.0,0.0,0.195,20.0,169.88,0.03805,-0.47991,0.02427,0.00389,0.92959
244.11,SYN.ETH-19JUL19,1563101943181,open,0.01,1845.0,0.001,0.082,0.040556,106.19,0.052,0.0,ETH-19JUL19-240-P,244.29,91.63,0.034,150.0,0.062,100.0,153.5,0.11033,-1.20152,-0.01505,0.01305,-0.42091
244.1,SYN.ETH-19JUL19,1563101943202,open,0.11,5.0,0.018,0.097,0.057373,106.2,0.062,0.0,ETH-19JUL19-240-C,244.29,72.05,0.042,150.0,0.077,26.0,149.54,0.11034,-1.20163,0.01701,0.01305,0.57895
244.1,SYN.ETH-19JUL19,1563101943221,open,0.0,2.0,0.001,0.04,4e-06,125.01,0.002,0.0,ETH-19JUL19-420-C,244.29,0.0,0.0,0.0,0.0,0.0,0.0,0.00013,-0.00095,0.0,1e-05,0.00011
10841.48,BTC-27SEP19,1563101943220,open,0.15,758.6,0.0975,0.177,0.13722477,98.5,0.1445,0.0,BTC-27SEP19-12000-C,10732.08,95.88,0.1325,14.4,0.143,16.0,101.7,19.58927,-12.88487,8.02812,8e-05,0.4982
10841.86,BTC-27SEP19,1563101943227,open,0.28,35.9,0.259,0.3635,0.31126598,99.69,0.3055,0.0,BTC-27SEP19-13000-P,10732.08,95.32,0.3035,14.4,0.317,14.4,102.91,19.28813,-12.84047,-19.5993,8e-05,-0.56996
11024.22,BTC-27DEC19,1563101943235,open,0.55,7.1,0.53,0.657,0.59369233,99.55,0.491,0.0,BTC-27DEC19-16000-P,10732.08,95.84,0.584,3.6,0.604,3.6,103.46,28.94266,-8.68474,-59.14661,5e-05,-0.58688
11024.22,BTC-27DEC19,1563101943237,open,0.48,5.6,0.459,0.58,0.51943611,98.93,0.3855,0.0,BTC-27DEC19-15000-P,10732.08,95.38,0.51,3.6,0.5295,3.6,102.69,29.40535,-8.7684,-53.63183,5e-05,-0.55106
10749.81,SYN.BTC-26JUL19,1563101943258,open,0.09,287.1,0.0725,0.1615,0.11701336,103.76,0.12,0.0,BTC-26JUL19-11500-P,10732.08,103.77,0.117,18.0,0.125,7.0,115.22,7.46498,-32.61024,-2.52597,0.00019,-0.60522
241.3,ETH-27SEP19,1563101943279,open,0.34,348.0,0.418,0.535,0.476483,99.21,0.41,0.0,ETH-27SEP19-340-P,244.29,106.48,0.488,1.0,1.409,1.0,500.0,0.37717,-0.24988,-0.58474,0.00318,-0.70486
244.1,SYN.ETH-19JUL19,1563101943289,open,0.0,201.0,0.001,0.044,0.004659,122.77,0.01,0.0,ETH-19JUL19-200-P,244.29,0.0,0.0,0.0,0.014,250.0,168.46,0.03792,-0.47742,-0.00244,0.00388,-0.0701
245.23,ETH-27DEC19,1563101943322,open,0.23,91.0,0.144,0.223,0.183716,103.59,0.239,0.0,ETH-27DEC19-320-C,244.29,97.73,0.168,120.0,0.204,120.0,111.13,0.65918,-0.20582,0.33829,0.00233,0.48726
241.3,ETH-27SEP19,1563101943431,open,0.34,348.0,0.418,0.535,0.476483,99.21,0.41,0.0,ETH-27SEP19-340-P,244.29,107.1,0.489,1.0,1.409,1.0,500.0,0.37717,-0.24988,-0.58474,0.00318,-0.70486
10739.58,SYN.BTC-19JUL19,1563101943436,open,0.0,129.3,0.0005,0.04,0.00029547,124.49,0.0005,0.0,BTC-19JUL19-15500-C,10732.08,0.0,0.0,0.0,0.002,41.5,160.49,0.22973,-2.9328,0.00905,1e-05,0.0066
10749.81,SYN.BTC-26JUL19,1563101943437,open,0.02,271.6,0.0005,0.054,0.01441777,111.45,0.02,0.0,BTC-26JUL19-13500-C,10732.08,113.96,0.0155,10.0,0.02,24.0,123.84,4.53849,-21.2953,0.47724,0.00011,0.15087
245.23,ETH-27DEC19,1563101943441,open,0.08,95.0,0.023,0.102,0.062174,110.46,0.06,0.0,ETH-27DEC19-600-C,244.29,106.06,0.054,110.0,0.071,110.0,114.97,0.46765,-0.15571,0.15749,0.00155,0.20349
10841.48,BTC-27SEP19,1563101943439,open,0.03,379.1,0.0005,0.063,0.02308343,108.61,0.0335,0.0,BTC-27SEP19-22000-C,10732.08,106.21,0.021,11.0,0.026,24.0,111.8,9.62004,-6.97719,2.07783,4e-05,0.11651
10841.48,BTC-27SEP19,1563101943468,open,0.01,127.4,0.0005,0.0505,0.0105415,114.09,0.011,0.0,BTC-27SEP19-28000-C,10731.15,110.98,0.009,11.0,0.0135,29.0,119.37,5.64132,-4.29773,1.0398,2e-05,0.0573
11024.11,BTC-27DEC19,1563101943469,open,0.02,58.3,0.0005,0.0555,0.01598473,113.82,0.016,0.0,BTC-27DEC19-48000-C,10731.15,111.98,0.0145,4.0,0.0195,6.0,117.81,9.14813,-3.13874,2.33405,1e-05,0.06257
10841.48,BTC-27SEP19,1563101943470,open,0.48,714.8,0.422,0.5015,0.46180273,100.64,0.434,0.0,BTC-27SEP19-6000-C,10731.15,0.0,0.434,11.0,0.467,11.0,109.28,6.11628,-4.11053,10.55666,3e-05,0.93647
11023.18,BTC-27DEC19,1563101943471,open,3.2,0.0,3.1955,3.5445,3.37003266,113.33,None,0.0,BTC-27DEC19-48000-P,10731.15,0.0,0.0,0.0,0.0,0.0,0.0,9.00527,-3.07626,-215.84564,1e-05,-0.93867
11023.18,BTC-27DEC19,1563101943471,open,3.54,1.0,3.5415,3.9195,3.73072889,114.94,3.1845,0.0,BTC-27DEC19-52000-P,10731.15,0.0,0.001,1.0,0.0,0.0,0.0,8.05092,-2.78928,-234.32239,1e-05,-0.94681
10841.48,BTC-27SEP19,1563101943471,open,0.0,609.1,0.0005,0.041,0.00112697,124.6,0.001,0.0,BTC-27SEP19-3000-P,10731.15,0.0,0.0,0.0,0.0015,0.1,129.54,0.74191,-0.61731,-0.14189,0.0,-0.00525
10739.2,SYN.BTC-19JUL19,1563101943471,open,0.0,289.7,0.0005,0.0415,0.00162966,119.23,0.004,0.0,BTC-19JUL19-14000-C,10731.15,117.61,0.0015,0.5,0.003,30.0,132.89,0.88566,-10.82861,0.04324,5e-05,0.03177
11023.18,BTC-27DEC19,1563101943474,open,0.49,63.0,0.4285,0.508,0.46823655,97.15,0.4965,0.0,BTC-27DEC19-6500-C,10731.15,0.0,0.3425,0.1,0.9675,2.0,500.0,15.58608,-4.56425,20.20638,3e-05,0.8716
245.23,ETH-27DEC19,1563101943475,open,0.06,473.0,0.006,0.085,0.045836,114.1,0.055,0.0,ETH-27DEC19-720-C,244.29,110.35,0.04,2.0,0.056,50.0,120.14,0.39373,-0.13541,0.12152,0.00126,0.15488
10739.2,SYN.BTC-19JUL19,1563101943468,open,0.35,0.0,0.3415,0.453,0.39728393,123.1,None,0.0,BTC-19JUL19-15000-P,10731.15,0.0,0.386,7.0,0.4325,7.0,298.59,0.3702,-4.67329,-1.98815,2e-05,-0.98862
10739.2,SYN.BTC-19JUL19,1563101943476,open,0.39,0.0,0.386,0.501,0.44355438,121.93,None,0.0,BTC-19JUL19-15500-P,10731.15,0.0,0.4325,7.0,0.48,7.0,318.55,0.20009,-2.50192,-2.06275,1e-05,-0.99435
11023.18,BTC-27DEC19,1563101943485,open,0.35,61.3,0.326,0.4355,0.38074171,98.23,0.353,0.0,BTC-27DEC19-13000-P,10731.15,94.41,0.3705,3.6,0.388,10.6,100.94,29.54622,-8.74832,-42.48414,5e-05,-0.46732
11023.18,BTC-27DEC19,1563101943491,open,1.33,0.0,1.32,1.513,1.41645052,105.42,None,0.0,BTC-27DEC19-26000-P,10731.15,0.0,0.004,10.0,2.221,0.2,500.0,20.61912,-6.55185,-111.18102,4e-05,-0.80294
11023.18,BTC-27DEC19,1563101943499,open,1.16,0.0,1.154,1.333,1.24358495,103.74,None,0.0,BTC-27DEC19-24000-P,10731.15,0.0,0.0055,1.0,2.0445,0.2,500.0,22.16079,-6.92974,-101.23341,4e-05,-0.77723
11023.18,BTC-27DEC19,1563101943521,open,0.02,75.4,0.0005,0.0575,0.01686169,98.71,0.0125,0.0,BTC-27DEC19-4500-P,10731.15,94.99,0.0145,0.1,0.018,6.0,100.42,7.24031,-2.15432,-3.17754,1e-05,-0.04657
245.22,ETH-27DEC19,1563101943563,open,0.37,87.0,0.43,0.548,0.488613,103.57,0.442,0.0,ETH-27DEC19-320-P,244.29,91.03,0.455,120.0,0.511,120.0,111.9,0.65915,-0.20578,-1.116,0.00233,-0.51281
10739.2,SYN.BTC-19JUL19,1563101943569,open,0.03,440.3,0.0005,0.0775,0.03650189,102.7,0.0305,0.0,BTC-19JUL19-10500-P,10731.15,89.24,0.0305,7.4,0.037,18.0,103.82,4.8004,-50.55815,-0.62853,0.0003,-0.40163
11023.18,BTC-27DEC19,1563101943570,open,0.19,242.1,0.138,0.2175,0.17798346,98.36,0.1765,0.0,BTC-27DEC19-14000-C,10731.15,95.39,0.17,5.0,0.1835,11.0,100.41,29.63328,-8.78617,15.55268,5e-05,0.48845
10739.2,SYN.BTC-19JUL19,1563101943573,open,0.0,289.7,0.0005,0.0415,0.00162966,119.23,0.004,0.0,BTC-19JUL19-14000-C,10731.15,110.41,0.001,1.0,0.003,30.0,132.89,0.88566,-10.82861,0.04324,5e-05,0.03177
10739.2,SYN.BTC-19JUL19,1563101943575,open,0.07,251.2,0.049,0.136,0.09260859,103.37,0.111,0.0,BTC-19JUL19-11500-P,10731.15,94.3,0.089,0.1,0.0975,0.1,115.27,4.34077,-46.01362,-1.13142,0.00027,-0.69609
241.3,ETH-27SEP19,1563101943583,open,0.34,348.0,0.418,0.535,0.476483,99.21,0.41,0.0,ETH-27SEP19-340-P,244.29,107.71,0.49,1.0,1.409,1.0,500.0,0.37717,-0.24988,-0.58474,0.00318,-0.70486
11024.11,BTC-27DEC19,1563101943572,open,0.24,174.0,0.1865,0.266,0.22636902,97.31,0.242,0.0,BTC-27DEC19-12000-C,10731.15,94.14,0.218,5.0,0.2315,11.0,99.26,29.06865,-8.5266,17.65424,5e-05,0.57875
245.22,ETH-27DEC19,1563101943684,open,1.62,0.0,1.863,2.101,1.981851,114.02,None,0.0,ETH-27DEC19-720-P,244.29,0.0,0.002,1000.0,0.0,0.0,0.0,0.39322,-0.13515,-3.15073,0.00126,-0.84541
241.3,ETH-27SEP19,1563101943735,open,0.34,348.0,0.418,0.535,0.476485,99.21,0.41,0.0,ETH-27SEP19-340-P,244.29,108.33,0.491,1.0,1.409,1.0,500.0,0.37717,-0.24988,-0.58474,0.00318,-0.70486
244.1,SYN.ETH-19JUL19,1563101943752,open,0.06,517.0,0.001,0.066,0.026119,110.12,0.025,0.0,ETH-19JUL19-260-C,244.29,79.92,0.014,200.0,0.043,50.0,149.07,0.10251,-1.1576,0.01,0.0117,0.33275
245.22,ETH-27DEC19,1563101943785,open,0.19,149.0,0.112,0.191,0.151032,104.03,0.187,0.0,ETH-27DEC19-360-C,244.29,99.83,0.14,110.0,0.171,110.0,111.56,0.64684,-0.20283,0.30194,0.00228,0.42197
243.82,SYN.ETH-26JUL19,1563101943797,open,0.0,1236.0,0.001,0.04,3.3e-05,125.01,0.003,0.0,ETH-26JUL19-520-C,244.29,0.0,0.0,0.0,0.008,250.0,230.14,0.0009,-0.00475,4e-05,4e-05,0.00058
11023.18,BTC-27DEC19,1563101943813,open,0.19,242.1,0.138,0.2175,0.17798346,98.36,0.1765,0.0,BTC-27DEC19-14000-C,10731.15,95.39,0.17,5.0,0.1825,11.0,100.04,29.63328,-8.78617,15.55268,5e-05,0.48845
11023.18,BTC-27DEC19,1563101943826,open,0.27,410.9,0.2175,0.297,0.25743028,97.14,0.2565,0.0,BTC-27DEC19-11000-C,10731.15,96.18,0.255,0.9,0.262,11.0,98.93,28.06881,-8.21859,18.64087,5e-05,0.62954
11023.18,BTC-27DEC19,1563101943842,open,0.27,410.9,0.2175,0.297,0.25743028,97.14,0.2565,0.0,BTC-27DEC19-11000-C,10731.15,96.18,0.255,0.9,0.261,11.0,98.54,28.06881,-8.21859,18.64087,5e-05,0.62954
245.23,ETH-27DEC19,1563101943857,open,0.27,125.0,0.187,0.266,0.226034,103.4,0.24,0.0,ETH-27DEC19-280-C,244.29,104.9,0.23,5.0,0.245,120.0,110.56,0.65131,-0.203,0.37542,0.0023,0.5629
241.3,ETH-27SEP19,1563101943887,open,0.34,348.0,0.418,0.535,0.476485,99.21,0.41,0.0,ETH-27SEP19-340-P,244.29,108.94,0.492,1.0,1.409,1.0,500.0,0.37717,-0.24988,-0.58474,0.00318,-0.70486
245.22,ETH-27DEC19,1563101943889,open,0.07,122.0,0.014,0.093,0.053828,110.63,0.052,0.0,ETH-27DEC19-640-C,244.29,96.92,0.032,10.0,0.067,40.0,117.73,0.43453,-0.1449,0.14116,0.00144,0.1805
245.22,ETH-27DEC19,1563101944019,open,0.47,277.0,0.555,0.683,0.619042,104.01,0.49,0.0,ETH-27DEC19-360-P,244.29,88.56,0.579,110.0,0.645,110.0,113.78,0.64682,-0.20278,-1.33411,0.00228,-0.5781
241.3,ETH-27SEP19,1563101944040,open,0.34,348.0,0.418,0.535,0.476485,99.21,0.41,0.0,ETH-27SEP19-340-P,244.29,109.55,0.493,1.0,1.409,1.0,500.0,0.37717,-0.24988,-0.58474,0.00318,-0.70486
11023.18,BTC-27DEC19,1563101944070,open,0.22,150.0,0.162,0.2415,0.20153138,98.27,0.2475,0.0,BTC-27DEC19-13000-C,10731.15,97.7,0.2,0.1,0.206,11.0,99.94,29.54557,-8.75221,16.59412,5e-05,0.53278
244.1,SYN.ETH-19JUL19,1563101944095,open,0.03,879.0,0.001,0.05,0.01028,112.02,0.016,0.0,ETH-19JUL19-280-C,244.29,85.63,0.004,5.0,0.024,200.0,153.85,0.06859,-0.788,0.00488,0.00769,0.15982
245.22,ETH-27DEC19,1563101944125,open,0.6,0.0,0.506,0.585,0.545368,100.97,None,0.0,ETH-27DEC19-120-C,244.29,0.0,0.001,1000.0,2.47,1.0,500.0,0.25091,-0.07637,0.41501,0.00091,0.91777
241.3,ETH-27SEP19,1563101944192,open,0.34,348.0,0.418,0.535,0.476485,99.21,0.41,0.0,ETH-27SEP19-340-P,244.29,110.16,0.494,1.0,1.409,1.0,500.0,0.37717,-0.24988,-0.58474,0.00318,-0.70486
11023.18,BTC-27DEC19,1563101944268,open,0.41,19.3,0.3905,0.5055,0.44800483,98.32,0.37,0.0,BTC-27DEC19-14000-P,10731.15,94.81,0.4385,3.6,0.4575,3.6,101.88,29.63301,-8.7821,-48.07114,5e-05,-0.51168
244.1,SYN.ETH-19JUL19,1563101944289,open,0.08,620.0,0.112,0.203,0.157326,111.86,0.205,0.0,ETH-19JUL19-280-P,244.29,0.0,0.143,10.0,0.203,10.0,232.93,0.06848,-0.7855,-0.03254,0.00769,-0.84058
245.22,ETH-27DEC19,1563101944326,open,0.16,568.0,0.085,0.164,0.124102,104.03,0.183,0.0,ETH-27DEC19-400-C,244.29,101.21,0.117,110.0,0.14,1.0,110.25,0.62095,-0.19471,0.26765,0.00218,0.36427
245.22,ETH-27DEC19,1563101944326,open,0.02,476.0,0.001,0.076,0.034685,100.93,0.02,0.0,ETH-27DEC19-120-P,244.29,74.54,0.012,50.0,0.041,140.0,106.94,0.25081,-0.07631,-0.13024,0.00091,-0.08218
10739.2,SYN.BTC-19JUL19,1563101944327,open,0.0,289.7,0.0005,0.0415,0.00162867,119.23,0.004,0.0,BTC-19JUL19-14000-C,10731.15,117.61,0.0015,0.5,0.003,30.0,132.89,0.88566,-10.82861,0.04324,5e-05,0.03177
241.3,ETH-27SEP19,1563101944344,open,0.34,348.0,0.418,0.535,0.476485,99.21,0.41,0.0,ETH-27SEP19-340-P,244.29,110.77,0.495,1.0,1.409,1.0,500.0,0.37717,-0.24988,-0.58474,0.00318,-0.70486
11023.18,BTC-27DEC19,1563101944445,open,0.41,19.3,0.3905,0.5055,0.44800483,98.32,0.37,0.0,BTC-27DEC19-14000-P,10731.15,95.0,0.439,3.6,0.4575,3.6,101.88,29.63301,-8.7821,-48.07114,5e-05,-0.51168
10840.45,BTC-27SEP19,1563101944447,open,0.08,158.4,0.0465,0.133,0.08966697,98.13,0.076,0.0,BTC-27SEP19-9000-P,10731.15,94.61,0.0845,19.3,0.092,7.0,99.71,15.95144,-10.45263,-7.79386,7e-05,-0.26081
244.1,SYN.ETH-19JUL19,1563101944455,open,0.01,525.0,0.001,0.043,0.003389,112.03,0.009,0.0,ETH-19JUL19-300-C,244.29,109.23,0.003,5.0,0.015,250.0,164.98,0.03502,-0.40235,0.00195,0.00393,0.06326
10841.48,BTC-27SEP19,1563101944457,open,0.16,142.2,0.137,0.2315,0.1843117,97.98,0.185,0.0,BTC-27SEP19-11000-P,10731.15,94.44,0.178,14.4,0.18,6.0,95.57,19.24202,-12.59018,-13.55011,8e-05,-0.42497
11023.18,BTC-27DEC19,1563101944465,open,0.35,61.3,0.326,0.436,0.38082171,98.23,0.353,0.0,BTC-27DEC19-13000-P,10731.15,94.41,0.3705,3.6,0.388,7.0,100.94,29.54622,-8.74832,-42.48414,5e-05,-0.46732
11023.14,BTC-27DEC19,1563101944468,open,0.05,223.9,0.0035,0.083,0.04311711,107.2,0.041,0.0,BTC-27DEC19-30000-C,10730.57,105.86,0.041,8.0,0.046,6.0,108.99,17.54921,-5.67096,5.50027,3e-05,0.15291
11023.14,BTC-27DEC19,1563101944468,open,2.85,0.0,2.85,3.1705,3.01029821,111.95,None,0.0,BTC-27DEC19-44000-P,10730.57,0.0,0.0,0.0,0.0,0.0,0.0,10.25955,-3.46209,-197.25995,2e-05,-0.92741
10840.45,BTC-27SEP19,1563101944468,open,0.23,801.7,0.171,0.2505,0.21061948,98.18,0.208,0.0,BTC-27SEP19-10000-C,10730.57,92.7,0.2015,11.0,0.2145,11.0,100.51,18.05393,-11.83615,9.92273,8e-05,0.65683
11023.14,BTC-27DEC19,1563101944468,open,0.07,215.6,0.0305,0.116,0.07311215,97.11,0.069,0.0,BTC-27DEC19-7000-P,10730.57,91.98,0.065,11.0,0.0725,7.0,96.73,17.60425,-5.15315,-11.35908,3e-05,-0.15364
11023.14,BTC-27DEC19,1563101944469,open,0.13,331.3,0.076,0.1555,0.11550846,100.72,0.1095,0.0,BTC-27DEC19-18000-C,10730.57,98.3,0.1095,4.0,0.121,15.9,102.9,27.55147,-8.36425,11.79414,5e-05,0.35094
10840.45,BTC-27SEP19,1563101944469,open,0.49,34.4,0.4775,0.6,0.53854391,102.7,0.3735,0.0,BTC-27SEP19-16000-P,10730.57,0.0,0.004,10.0,1.166,0.2,500.0,16.31752,-11.1901,-28.14793,7e-05,-0.72722
10840.45,BTC-27SEP19,1563101944469,open,0.56,793.2,0.505,0.5845,0.54456099,101.39,0.5945,0.0,BTC-27SEP19-5000-C,10730.57,78.41,0.54,11.0,0.55,11.0,116.96,3.1319,-2.12038,9.51076,1e-05,0.97224
10840.45,BTC-27SEP19,1563101944469,open,0.05,291.8,0.004,0.0835,0.04368518,104.66,0.053,0.0,BTC-27SEP19-18000-C,10730.57,102.54,0.041,11.0,0.047,19.3,107.22,13.84902,-9.67926,3.53197,5e-05,0.20251
11023.14,BTC-27DEC19,1563101944469,open,2.51,0.0,2.5065,2.798,2.65214609,111.01,None,0.0,BTC-27DEC19-40000-P,10730.57,0.0,0.0005,4.0,0.0,0.0,0.0,11.94745,-3.9977,-178.50616,2e-05,-0.9112
11022.56,BTC-27DEC19,1563101944470,open,0.87,0.0,0.825,0.9045,0.86479133,125.13,None,0.0,BTC-27DEC19-1500-C,10730.57,0.0,0.0175,10.1,0.986,0.5,500.0,0.61144,-0.23063,6.63933,0.0,0.99733
10840.45,BTC-27SEP19,1563101944470,open,1.84,0.0,1.84,2.0765,1.95818501,115.84,None,0.0,BTC-27SEP19-32000-P,10730.57,0.0,0.0,0.0,0.0,0.0,0.0,3.87059,-2.99404,-64.98649,1e-05,-0.96414
10840.45,BTC-27SEP19,1563101944470,open,0.01,571.7,0.0005,0.0555,0.01521601,100.6,0.0145,0.0,BTC-27SEP19-6000-P,10730.57,95.57,0.0125,24.0,0.0175,7.0,104.53,6.11338,-4.10684,-1.75045,3e-05,-0.0635
11022.56,BTC-27DEC19,1563101944470,open,1.83,0.3,1.823,2.0575,1.94020438,107.62,2.435,0.0,BTC-27DEC19-32000-P,10730.57,0.0,0.0,0.0,0.0,0.0,0.0,16.07523,-5.21469,-140.55505,3e-05,-0.86571
10840.45,BTC-27SEP19,1563101944470,open,1.14,0.2,1.1425,1.3205,1.23145834,110.68,1.6,0.0,BTC-27SEP19-24000-P,10730.57,0.0,0.0,0.0,0.0,0.0,0.0,8.03647,-5.93949,-47.60028,3e-05,-0.90904
10738.27,SYN.BTC-19JUL19,1563101944468,open,0.01,351.0,0.0005,0.05,0.01006634,107.81,0.0095,0.0,BTC-19JUL19-9500-P,10730.57,93.43,0.0065,7.5,0.0095,0.5,105.67,2.86622,-31.68796,-0.22655,0.00017,-0.14787
11022.56,BTC-27DEC19,1563101944470,open,0.85,1.7,0.834,0.986,0.90997127,102.04,0.688,0.0,BTC-27DEC19-20000-P,10730.57,0.0,0.004,5.0,1.466,1.0,331.46,25.86616,-7.956,-80.60838,5e-05,-0.69922
10748.49,SYN.BTC-26JUL19,1563101944469,open,0.29,24.1,0.221,0.3005,0.26069009,109.25,0.38,0.0,BTC-26JUL19-8000-C,10730.57,0.0,0.234,11.0,0.295,11.0,207.78,2.1604,-9.93746,2.39272,5e-05,0.94488
10840.45,BTC-27SEP19,1563101944471,open,0.09,425.8,0.036,0.1155,0.07552218,101.64,0.087,0.0,BTC-27SEP19-15000-C,10730.57,98.82,0.071,30.3,0.08,5.0,104.4,17.49575,-11.87522,5.37662,7e-05,0.3173
10840.45,BTC-27SEP19,1563101944471,open,0.05,448.1,0.0135,0.0975,0.05533437,98.15,0.0585,0.0,BTC-27SEP19-8000-P,10730.57,94.93,0.0515,19.3,0.058,7.0,100.36,12.99664,-8.51825,-5.28962,5e-05,-0.18253
11022.56,BTC-27DEC19,1563101944472,open,0.15,132.8,0.1025,0.182,0.14238925,99.58,0.148,0.0,BTC-27DEC19-16000-C,10730.57,96.95,0.1355,4.0,0.1475,11.0,101.52,28.93878,-8.68649,13.56308,5e-05,0.41315
10840.45,BTC-27SEP19,1563101944472,open,0.0,1657.1,0.0005,0.04,1.22e-05,125.0,0.0005,0.0,BTC-27SEP19-1500-P,10730.57,0.0,0.0,0.0,0.002,7.0,206.8,0.01567,-0.01308,-0.00204,0.0,-8e-05
10840.45,BTC-27SEP19,1563101944472,open,0.58,13.5,0.527,0.6065,0.56677684,104.13,0.382,0.0,BTC-27SEP19-4750-C,10730.57,0.0,0.004,35.0,0.694,5.0,299.49,2.72959,-1.89809,9.1102,1e-05,0.97645
10738.27,SYN.BTC-19JUL19,1563101944468,open,0.14,63.6,0.125,0.2185,0.17179265,109.86,0.1335,0.0,BTC-19JUL19-12500-P,10730.57,0.0,0.162,7.0,0.2015,7.0,198.22,2.6061,-29.36046,-1.49636,0.00015,-0.87138
10840.45,BTC-27SEP19,1563101944473,open,0.34,902.1,0.2775,0.357,0.31742773,98.21,0.405,0.0,BTC-27SEP19-8000-C,10730.57,91.06,0.309,11.0,0.3215,11.0,101.58,12.99987,-8.52544,11.11832,5e-05,0.8174
10840.45,BTC-27SEP19,1563101944473,open,0.61,289.7,0.549,0.6285,0.58882792,105.76,0.588,0.0,BTC-27SEP19-4500-C,10730.57,0.0,0.001,21.0,0.705,5.0,299.4,2.27538,-1.60696,8.72123,1e-05,0.98101
10748.49,SYN.BTC-26JUL19,1563101944468,open,0.15,59.5,0.142,0.2365,0.18916682,107.82,0.15,0.0,BTC-26JUL19-12500-P,10730.57,72.19,0.1715,7.0,0.2185,7.0,154.74,6.14229,-27.88312,-3.28939,0.00015,-0.75143
10748.49,SYN.BTC-26JUL19,1563101944472,open,0.03,545.3,0.0005,0.0595,0.01953254,109.86,0.026,0.0,BTC-26JUL19-13000-C,10730.57,110.8,0.02,59.0,0.025,24.0,120.43,5.34065,-24.70276,0.61264,0.00013,0.19471
10738.27,SYN.BTC-19JUL19,1563101944469,open,0.17,83.7,0.167,0.2635,0.21530352,113.64,0.184,0.0,BTC-19JUL19-13000-P,10730.57,0.0,0.2045,7.0,0.2485,7.0,223.83,1.88561,-21.97521,-1.62516,0.00011,-0.91766
10738.27,SYN.BTC-19JUL19,1563101944469,open,0.1,84.2,0.0855,0.1755,0.13044619,106.36,0.097,0.0,BTC-19JUL19-12000-P,10730.57,80.16,0.123,7.0,0.1595,7.0,182.09,3.47276,-37.87842,-1.33491,0.00021,-0.80018
10738.27,SYN.BTC-19JUL19,1563101944468,open,0.12,18.4,0.049,0.1285,0.0888855,104.94,0.1275,0.0,BTC-19JUL19-10000-C,10730.57,82.87,0.081,11.0,0.089,0.1,105.25,4.01384,-43.19589,0.9361,0.00025,0.74148
10748.49,SYN.BTC-26JUL19,1563101944474,open,0.13,145.5,0.0725,0.152,0.11203903,103.75,0.1875,0.0,BTC-26JUL19-10000-C,10730.57,95.06,0.1065,11.0,0.117,11.0,111.44,6.89542,-30.11951,2.00068,0.00018,0.68413
10748.49,SYN.BTC-26JUL19,1563101944472,open,0.2,50.3,0.1385,0.218,0.17837192,103.81,0.2035,0.0,BTC-26JUL19-9000-C,10730.57,88.68,0.1725,11.0,0.1855,11.0,119.86,4.49547,-19.64839,2.35312,0.00012,0.85124
10748.49,SYN.BTC-26JUL19,1563101944470,open,0.17,98.9,0.103,0.1825,0.14299563,103.77,0.1795,0.0,BTC-26JUL19-9500-C,10730.57,91.43,0.1365,11.0,0.1735,11.0,156.21,5.82422,-25.44637,2.20792,0.00015,0.77435
10738.27,SYN.BTC-19JUL19,1563101944472,open,0.0,59.2,0.0005,0.04,7.519e-05,125.02,0.0005,0.0,BTC-19JUL19-16500-C,10730.57,0.0,0.0,0.0,0.002,11.5,182.45,0.07378,-0.80739,0.00256,0.0,0.00186
10748.49,SYN.BTC-26JUL19,1563101944474,open,0.12,327.3,0.106,0.1975,0.15168556,105.86,0.117,0.0,BTC-26JUL19-12000-P,10730.57,94.43,0.1445,7.0,0.16,7.0,118.61,6.88866,-30.70396,-2.9255,0.00017,-0.68485
10840.45,BTC-27SEP19,1563101944482,open,0.34,902.1,0.2775,0.357,0.31742773,98.21,0.405,0.0,BTC-27SEP19-8000-C,10730.57,90.63,0.3085,11.0,0.3215,11.0,101.58,12.99987,-8.52544,11.11832,5e-05,0.8174
10840.45,BTC-27SEP19,1563101944481,open,0.1,160.2,0.052,0.1315,0.09156348,100.52,0.1055,0.0,BTC-27SEP19-14000-C,10730.57,97.84,0.087,19.3,0.097,24.3,103.69,18.52413,-12.4346,6.17273,8e-05,0.36914
241.3,ETH-27SEP19,1563101944496,open,0.34,348.0,0.418,0.535,0.476485,99.21,0.41,0.0,ETH-27SEP19-340-P,244.29,111.38,0.496,1.0,1.409,1.0,500.0,0.37717,-0.24988,-0.58474,0.00318,-0.70486
10748.49,SYN.BTC-26JUL19,1563101944505,open,0.05,450.5,0.0005,0.075,0.03534745,106.02,0.035,0.0,BTC-26JUL19-12000-C,10730.57,104.69,0.0345,24.0,0.041,11.0,114.73,6.89188,-30.76278,0.9797,0.00017,0.31549
245.22,ETH-27DEC19,1563101944537,open,0.49,0.0,0.393,0.472,0.432392,100.33,None,0.0,ETH-27DEC19-160-C,244.29,0.0,0.001,1000.0,1.6,1.0,500.0,0.41221,-0.12467,0.44738,0.0015,0.83384
10748.49,SYN.BTC-26JUL19,1563101944531,open,0.06,294.8,0.0075,0.087,0.04721544,103.83,0.048,0.0,BTC-26JUL19-11500-C,10730.57,102.8,0.0465,18.0,0.0535,11.0,112.84,7.46342,-32.62772,1.21507,0.00019,0.39466
11022.56,BTC-27DEC19,1563101944541,open,0.55,7.1,0.5305,0.6575,0.59387603,99.55,0.491,0.0,BTC-27DEC19-16000-P,10730.57,95.77,0.584,3.6,0.6045,3.6,103.58,28.93701,-8.68324,-59.15089,5e-05,-0.58696
10748.49,SYN.BTC-26JUL19,1563101944542,open,0.03,512.6,0.001,0.084,0.04232079,103.62,0.041,0.0,BTC-26JUL19-10000-P,10730.57,99.21,0.0395,24.1,0.0455,7.0,108.56,6.89423,-30.07727,-1.2522,0.00018,-0.31574
10840.45,BTC-27SEP19,1563101944550,open,0.11,221.7,0.088,0.178,0.13304361,98.15,0.12,0.0,BTC-27SEP19-10000-P,10730.57,94.52,0.127,19.3,0.137,7.0,100.52,18.05401,-11.83281,-10.59021,8e-05,-0.34318
10748.49,SYN.BTC-26JUL19,1563101944564,open,0.06,294.8,0.0075,0.087,0.04721544,103.83,0.048,0.0,BTC-26JUL19-11500-C,10730.57,102.8,0.0465,24.0,0.0535,11.0,112.84,7.46342,-32.62772,1.21507,0.00019,0.39466
244.1,SYN.ETH-19JUL19,1563101944619,open,0.14,212.0,0.184,0.281,0.232366,111.67,0.257,0.0,ETH-19JUL19-300-P,244.29,0.0,0.217,10.0,0.279,10.0,263.9,0.03474,-0.39789,-0.03814,0.00391,-0.93739
241.3,ETH-27SEP19,1563101944649,open,0.34,348.0,0.418,0.535,0.476485,99.21,0.41,0.0,ETH-27SEP19-340-P,244.29,111.98,0.497,1.0,1.409,1.0,500.0,0.37717,-0.24988,-0.58474,0.00318,-0.70486
245.22,ETH-27DEC19,1563101944744,open,0.14,335.0,0.065,0.144,0.104787,104.96,0.145,0.0,ETH-27DEC19-440-C,244.29,102.12,0.098,110.0,0.125,110.0,113.2,0.58985,-0.18662,0.23794,0.00206,0.3183
245.22,ETH-27DEC19,1563101944761,open,0.06,443.0,0.042,0.128,0.084841,100.32,0.054,0.0,ETH-27DEC19-160-P,244.29,96.22,0.078,140.0,0.098,180.0,108.07,0.41219,-0.12464,-0.2797,0.0015,-0.16614
244.1,SYN.ETH-19JUL19,1563101944774,open,0.01,224.0,0.001,0.041,0.001052,113.2,0.005,0.0,ETH-19JUL19-320-C,244.29,125.53,0.002,493.0,0.009,5.0,171.82,0.01511,-0.17537,0.0007,0.00168,0.02253
241.3,ETH-27SEP19,1563101944800,open,0.34,348.0,0.418,0.535,0.476486,99.21,0.41,0.0,ETH-27SEP19-340-P,244.29,112.59,0.498,1.0,1.409,1.0,500.0,0.37717,-0.24988,-0.58474,0.00318,-0.70486
243.82,SYN.ETH-26JUL19,1563101944853,open,0.0,1117.0,0.001,0.04,0.000358,123.03,0.001,0.0,ETH-26JUL19-440-C,244.29,0.0,0.0,0.0,0.002,2.0,151.59,0.0068,-0.03525,0.0004,0.00029,0.0054
241.3,ETH-27SEP19,1563101944890,open,0.2,1490.0,0.106,0.185,0.145297,97.49,0.169,0.0,ETH-27SEP19-260-C,244.29,99.54,0.149,110.0,0.171,110.0,111.76,0.43542,-0.28346,0.18579,0.00374,0.52063
241.3,ETH-27SEP19,1563101944896,open,0.0,389.0,0.001,0.04,0.00035,117.17,0.002,0.0,ETH-27SEP19-60-P,244.29,0.0,0.0,0.0,0.0,0.0,0.0,0.00674,-0.00527,-0.00113,5e-05,-0.00194
243.82,SYN.ETH-26JUL19,1563101944896,open,0.4,0.0,0.306,0.385,0.34528,117.66,None,0.0,ETH-26JUL19-160-C,244.29,0.0,0.0,0.0,0.0,0.0,0.0,0.01971,-0.09765,0.05049,0.00087,0.98174
241.3,ETH-27SEP19,1563101944905,open,0.03,2775.0,0.001,0.062,0.022431,105.77,0.029,0.0,ETH-27SEP19-480-C,244.29,105.28,0.022,140.0,0.029,135.0,112.75,0.21322,-0.1506,0.04623,0.00169,0.11583
241.3,ETH-27SEP19,1563101944905,open,0.02,4080.0,0.001,0.049,0.009976,109.57,0.01,0.0,ETH-27SEP19-600-C,244.29,109.62,0.01,10.0,0.014,140.0,116.66,0.12371,-0.09052,0.02289,0.00095,0.05623
241.3,ETH-27SEP19,1563101944905,open,0.24,917.0,0.29,0.397,0.343538,99.24,0.447,0.0,ETH-27SEP19-300-P,244.29,89.68,0.327,110.0,0.364,110.0,110.84,0.42155,-0.27935,-0.46827,0.00356,-0.60245
241.3,ETH-27SEP19,1563101944907,open,0.02,5938.0,0.001,0.075,0.034577,98.51,0.019,0.0,ETH-27SEP19-160-P,244.29,95.73,0.032,140.0,0.044,140.0,108.19,0.22663,-0.14908,-0.07964,0.00193,-0.12632
241.3,ETH-27SEP19,1563101944912,open,0.0,8280.0,0.001,0.048,0.008327,99.97,0.003,0.0,ETH-27SEP19-120-P,244.29,69.34,0.001,10.0,0.017,200.0,118.97,0.09117,-0.06087,-0.02315,0.00076,-0.03844
241.3,ETH-27SEP19,1563101944925,open,0.05,4142.0,0.047,0.133,0.089625,98.5,0.094,0.0,ETH-27SEP19-200-P,244.29,96.02,0.086,140.0,0.101,140.0,106.21,0.35438,-0.23309,-0.17298,0.00301,-0.25983
243.82,SYN.ETH-26JUL19,1563101944925,open,0.0,562.0,0.001,0.041,0.001486,117.32,0.004,0.0,ETH-26JUL19-160-P,244.29,0.0,0.0,0.0,0.009,250.0,167.42,0.01949,-0.09628,-0.00155,0.00086,-0.01803
245.22,ETH-27DEC19,1563101944941,open,0.71,0.0,0.823,0.974,0.898956,104.9,None,0.0,ETH-27DEC19-440-P,244.29,79.34,0.843,110.0,1.788,1.0,500.0,0.58967,-0.18646,-1.76176,0.00206,-0.68193
241.3,ETH-27SEP19,1563101944951,open,0.34,348.0,0.418,0.535,0.476486,99.21,0.41,0.0,ETH-27SEP19-340-P,244.29,113.19,0.499,1.0,1.409,1.0,500.0,0.37717,-0.24988,-0.58474,0.00318,-0.70486
243.82,SYN.ETH-26JUL19,1563101944959,open,0.33,0.0,0.226,0.305,0.265868,107.17,None,0.0,ETH-26JUL19-180-C,244.29,0.0,0.0,0.0,0.0,0.0,0.0,0.04377,-0.19748,0.05444,0.00211,0.95219
245.22,ETH-27DEC19,1563101944962,open,0.4,0.0,0.302,0.381,0.341268,99.57,None,0.0,ETH-27DEC19-200-C,244.29,0.0,0.001,1000.0,1.4,1.0,500.0,0.53761,-0.16135,0.44288,0.00198,0.73868
241.3,ETH-27SEP19,1563101944962,open,0.12,1812.0,0.043,0.122,0.082266,99.25,0.079,0.0,ETH-27SEP19-320-C,244.29,99.69,0.083,30.0,0.096,110.0,107.38,0.40196,-0.26639,0.12926,0.00339,0.34339
241.3,ETH-27SEP19,1563101944964,open,0.29,1088.0,0.353,0.464,0.408405,99.24,0.35,0.0,ETH-27SEP19-320-P,244.29,0.0,0.0,0.0,1.326,1.0,500.0,0.40195,-0.26637,-0.52719,0.00339,-0.65663
241.3,ETH-27SEP19,1563101944964,open,0.11,2681.0,0.122,0.215,0.168527,95.75,0.241,0.0,ETH-27SEP19-240-P,244.29,94.32,0.166,110.0,0.19,110.0,107.99,0.42469,-0.27155,-0.28603,0.00371,-0.40932
243.82,SYN.ETH-26JUL19,1563101944967,open,0.01,3674.0,0.001,0.042,0.002605,112.72,0.003,0.0,ETH-26JUL19-360-C,244.29,115.45,0.003,24.0,0.008,120.0,139.63,0.03379,-0.16037,0.00255,0.00155,0.03476
241.3,ETH-27SEP19,1563101944970,open,0.93,12.0,1.085,1.257,1.170891,105.77,1.193,0.0,ETH-27SEP19-520-P,244.29,0.0,0.0,0.0,0.0,0.0,0.0,0.17216,-0.12159,-1.03182,0.00136,-0.9136
243.82,SYN.ETH-26JUL19,1563101944970,open,0.0,1769.0,0.001,0.04,0.000743,114.88,0.003,0.0,ETH-26JUL19-400-C,244.29,119.25,0.001,11.0,0.003,3.0,139.75,0.01288,-0.0623,0.00083,0.00058,0.01114
241.3,ETH-27SEP19,1563101944974,open,0.57,47.0,0.472,0.551,0.51102,99.97,0.689,0.0,ETH-27SEP19-120-C,244.29,0.0,0.0,0.0,0.0,0.0,0.0,0.09117,-0.06087,0.22302,0.00076,0.96156
241.3,ETH-27SEP19,1563101944977,open,0.08,2615.0,0.084,0.173,0.128143,98.51,0.191,0.0,ETH-27SEP19-220-P,244.29,95.38,0.123,140.0,0.143,140.0,107.53,0.39747,-0.26145,-0.22852,0.00338,-0.33352
241.3,ETH-27SEP19,1563101944977,open,0.38,743.0,0.273,0.352,0.31242,98.51,0.46,0.0,ETH-27SEP19-180-C,244.29,0.0,0.0,0.0,0.609,10.0,328.8,0.29603,-0.19473,0.24658,0.00252,0.81057
241.3,ETH-27SEP19,1563101944979,open,0.71,0.0,0.631,0.71,0.670262,115.1,None,0.0,ETH-27SEP19-80-C,244.29,0.0,0.004,5.0,0.0,0.0,0.0,0.02577,-0.01981,0.15892,0.00019,0.9913
243.82,SYN.ETH-26JUL19,1563101944979,open,0.28,1130.0,0.343,0.454,0.398652,108.18,0.42,0.0,ETH-26JUL19-340-P,244.29,0.0,0.379,30.0,0.447,30.0,220.79,0.04827,-0.21984,-0.10666,0.00231,-0.94593
243.82,SYN.ETH-26JUL19,1563101944986,open,0.0,1381.0,0.001,0.041,0.001429,114.26,0.011,0.0,ETH-26JUL19-380-C,244.29,120.05,0.002,20.0,0.008,120.0,153.8,0.02145,-0.10321,0.00149,0.00097,0.02018
241.3,ETH-27SEP19,1563101945000,open,0.0,1814.0,0.001,0.041,0.001799,115.1,0.002,0.0,ETH-27SEP19-80-P,244.29,0.0,0.0,0.0,0.0,0.0,0.0,0.02577,-0.01981,-0.00519,0.00019,-0.0087
241.3,ETH-27SEP19,1563101945002,open,0.17,1872.0,0.082,0.161,0.121916,99.13,0.139,0.0,ETH-27SEP19-280-C,244.29,95.83,0.116,110.0,0.143,110.0,110.83,0.43353,-0.28698,0.1661,0.00366,0.45747
243.82,SYN.ETH-26JUL19,1563101945002,open,0.01,1865.0,0.001,0.044,0.004214,108.47,0.003,0.0,ETH-26JUL19-340-C,244.29,107.38,0.004,2.0,0.008,120.0,124.21,0.04864,-0.22212,0.004,0.00232,0.0546
10748.49,SYN.BTC-26JUL19,1563101945019,open,0.02,271.6,0.0005,0.054,0.0144133,111.47,0.02,0.0,BTC-26JUL19-13500-C,10730.57,114.0,0.0155,34.0,0.02,24.0,123.88,4.53611,-21.28799,0.47689,0.00011,0.15078
241.3,ETH-27SEP19,1563101945039,open,0.0,4126.0,0.001,0.043,0.003826,105.39,0.001,0.0,ETH-27SEP19-100-P,244.29,0.0,0.0,0.0,0.012,200.0,133.05,0.0497,-0.03498,-0.01109,0.00039,-0.01858
241.3,ETH-27SEP19,1563101945039,open,0.1,1666.0,0.028,0.107,0.067461,99.25,0.094,0.0,ETH-27SEP19-340-C,244.29,98.31,0.066,110.0,0.085,110.0,110.18,0.37725,-0.25003,0.11277,0.00318,0.29528
243.82,SYN.ETH-26JUL19,1563101945039,open,0.06,877.0,0.069,0.157,0.112986,101.29,0.05,0.0,ETH-26JUL19-260-P,244.29,95.54,0.109,150.0,0.132,120.0,128.31,0.1696,-0.72332,-0.05678,0.00866,-0.60272
241.3,ETH-27SEP19,1563101945041,open,0.64,0.0,0.55,0.629,0.589421,105.48,None,0.0,ETH-27SEP19-100-C,244.29,0.0,0.004,5.0,0.0,0.0,0.0,0.04984,-0.0351,0.19401,0.0004,0.98136
243.82,SYN.ETH-26JUL19,1563101945041,open,0.02,1760.0,0.001,0.046,0.006926,103.61,0.008,0.0,ETH-26JUL19-320-C,244.29,91.9,0.004,250.0,0.013,120.0,121.77,0.06944,-0.30292,0.00633,0.00347,0.08668
243.82,SYN.ETH-26JUL19,1563101945041,open,0.15,680.0,0.194,0.293,0.243668,101.99,0.27,0.0,ETH-26JUL19-300-P,244.29,0.0,0.03,1.0,0.0,0.0,0.0,0.10268,-0.44092,-0.08674,0.0052,-0.8497
243.82,SYN.ETH-26JUL19,1563101945041,open,0.05,547.0,0.001,0.065,0.025331,101.35,0.025,0.0,ETH-26JUL19-280-C,244.29,97.26,0.023,120.0,0.034,120.0,115.86,0.1406,-0.59997,0.01805,0.00717,0.25287
241.3,ETH-27SEP19,1563101945043,open,0.06,4205.0,0.001,0.08,0.040726,102.11,0.036,0.0,ETH-27SEP19-400-C,244.29,101.53,0.04,110.0,0.054,110.0,112.23,0.30081,-0.20512,0.0761,0.00247,0.19446
241.3,ETH-27SEP19,1563101945046,open,0.43,392.0,0.332,0.411,0.371523,98.53,0.51,0.0,ETH-27SEP19-160-C,244.29,0.0,0.1,10.0,0.0,0.0,0.0,0.22667,-0.14914,0.24855,0.00193,0.87365
243.82,SYN.ETH-26JUL19,1563101945071,open,0.13,561.0,0.041,0.12,0.080364,101.37,0.069,0.0,ETH-26JUL19-240-C,244.29,83.91,0.068,150.0,0.104,150.0,134.75,0.1727,-0.73705,0.03888,0.00881,0.57052
241.3,ETH-27SEP19,1563101945102,open,0.34,348.0,0.418,0.535,0.476486,99.21,0.41,0.0,ETH-27SEP19-340-P,244.29,113.79,0.5,1.0,1.409,1.0,500.0,0.37717,-0.24988,-0.58474,0.00318,-0.70486
241.3,ETH-27SEP19,1563101945104,open,0.03,5305.0,0.017,0.1,0.058379,98.51,0.029,0.0,ETH-27SEP19-180-P,244.29,83.85,0.041,160.0,0.068,140.0,106.24,0.29603,-0.19473,-0.12267,0.00252,-0.18943
241.3,ETH-27SEP19,1563101945104,open,0.5,191.0,0.399,0.478,0.438123,99.02,0.5,0.0,ETH-27SEP19-140-C,244.29,0.0,0.01,50.0,0.0,0.0,0.0,0.15503,-0.10251,0.2409,0.00131,0.9248
241.3,ETH-27SEP19,1563101945104,open,0.09,1622.0,0.017,0.096,0.056868,100.32,0.066,0.0,ETH-27SEP19-360-C,244.29,99.73,0.056,110.0,0.073,110.0,111.0,0.35223,-0.23597,0.09897,0.00294,0.2568
241.3,ETH-27SEP19,1563101945104,open,0.07,1712.0,0.007,0.086,0.046793,100.33,0.075,0.0,ETH-27SEP19-380-C,244.29,100.48,0.047,110.0,0.062,110.0,111.16,0.3236,-0.2168,0.08574,0.0027,0.22
241.3,ETH-27SEP19,1563101945107,open,0.03,1733.0,0.001,0.055,0.015897,105.77,0.02,0.0,ETH-27SEP19-520-C,244.29,104.49,0.015,140.0,0.023,140.0,114.77,0.17216,-0.12159,0.0349,0.00136,0.0864
241.3,ETH-27SEP19,1563101945110,open,0.19,1156.0,0.232,0.333,0.282297,99.13,0.354,0.0,ETH-27SEP19-280-P,244.29,91.15,0.268,110.0,0.302,110.0,110.07,0.43353,-0.28698,-0.40829,0.00366,-0.54253
243.82,SYN.ETH-26JUL19,1563101945110,open,0.19,21.0,0.089,0.168,0.128759,101.38,0.13,0.0,ETH-26JUL19-220-C,244.29,0.0,0.05,1.0,0.0,0.0,0.0,0.14171,-0.60489,0.04875,0.00723,0.74329
241.3,ETH-27SEP19,1563101945123,open,0.23,1745.0,0.134,0.213,0.173938,95.77,0.192,0.0,ETH-27SEP19-240-C,244.29,92.4,0.168,110.0,0.195,110.0,107.77,0.42469,-0.27159,0.20629,0.00371,0.59069
10738.27,SYN.BTC-19JUL19,1563101945128,open,0.03,440.3,0.0005,0.0775,0.03651665,102.65,0.0305,0.0,BTC-19JUL19-10500-P,10730.57,89.16,0.0305,7.4,0.037,18.4,103.73,4.80078,-50.53629,-0.62887,0.0003,-0.40189
241.3,ETH-27SEP19,1563101945129,open,0.79,0.0,0.932,1.092,1.011652,105.77,None,0.0,ETH-27SEP19-480-P,244.29,0.0,0.0,0.0,0.0,0.0,0.0,0.2132,-0.15058,-0.93844,0.00169,-0.88419
243.82,SYN.ETH-26JUL19,1563101945129,open,0.01,2306.0,0.001,0.072,0.031042,101.32,0.02,0.0,ETH-26JUL19-220-P,244.29,96.04,0.028,150.0,0.04,150.0,116.43,0.14169,-0.60439,-0.02282,0.00723,-0.25662
241.3,ETH-27SEP19,1563101945133,open,0.14,2986.0,0.061,0.14,0.100273,99.24,0.09,0.0,ETH-27SEP19-300-C,244.29,96.79,0.096,110.0,0.119,110.0,109.87,0.42155,-0.27935,0.14715,0.00356,0.39755
243.82,SYN.ETH-26JUL19,1563101945133,open,0.08,520.0,0.007,0.086,0.046651,101.36,0.038,0.0,ETH-26JUL19-260-C,244.29,87.35,0.037,150.0,0.056,120.0,114.71,0.16961,-0.72382,0.02782,0.00865,0.39739
245.22,ETH-27DEC19,1563101945136,open,0.12,584.0,0.05,0.129,0.089617,105.98,0.107,0.0,ETH-27DEC19-480-C,244.29,103.04,0.083,110.0,0.107,100.0,113.46,0.55649,-0.17778,0.21218,0.00192,0.28001
244.1,SYN.ETH-19JUL19,1563101945148,open,0.0,454.0,0.001,0.04,0.00042,118.71,0.003,0.0,ETH-19JUL19-340-C,244.29,132.96,0.001,5.0,0.003,6.0,158.43,0.00717,-0.08726,0.0003,0.00076,0.00947
10738.27,SYN.BTC-19JUL19,1563101945149,open,0.0,129.3,0.0005,0.04,0.00029525,124.5,0.0005,0.0,BTC-19JUL19-15500-C,10730.57,0.0,0.0,0.0,0.002,41.0,160.54,0.22942,-2.92925,0.00904,1e-05,0.00659
10738.27,SYN.BTC-19JUL19,1563101945151,open,0.07,251.2,0.049,0.136,0.09263635,103.27,0.111,0.0,BTC-19JUL19-11500-P,10730.57,92.84,0.0885,0.1,0.0975,0.1,115.11,4.33738,-45.93242,-1.13204,0.00027,-0.69656
243.82,SYN.ETH-26JUL19,1563101945241,open,0.0,1248.0,0.001,0.04,9e-06,125.01,0.002,0.0,ETH-26JUL19-560-C,244.29,0.0,0.0,0.0,0.005,40.0,228.67,0.00029,-0.00155,1e-05,1e-05,0.00018
245.22,ETH-27DEC19,1563101945253,open,0.11,1143.0,0.111,0.203,0.156829,99.55,0.15,0.0,ETH-27DEC19-200-P,244.29,95.07,0.147,140.0,0.176,140.0,108.31,0.53761,-0.16132,-0.46599,0.00198,-0.26132
241.3,ETH-27SEP19,1563101945253,open,0.34,348.0,0.418,0.535,0.476486,99.25,0.41,0.0,ETH-27SEP19-340-P,244.29,114.39,0.501,1.0,1.409,1.0,500.0,0.37724,-0.25001,-0.58471,0.00318,-0.70474
244.1,SYN.ETH-19JUL19,1563101945304,open,0.28,742.0,0.338,0.448,0.393261,116.66,0.144,0.0,ETH-19JUL19-340-P,244.29,0.0,0.0,0.0,0.0,0.0,0.0,0.00647,-0.07736,-0.04515,0.0007,-0.99158
10748.49,SYN.BTC-26JUL19,1563101945324,open,0.03,512.6,0.001,0.084,0.04235258,103.62,0.041,0.0,BTC-26JUL19-10000-P,10730.57,99.21,0.0395,24.0,0.0455,7.0,108.56,6.89423,-30.07727,-1.2522,0.00018,-0.31574
243.82,SYN.ETH-26JUL19,1563101945340,open,0.65,0.0,0.733,0.877,0.804925,120.14,None,0.0,ETH-26JUL19-440-P,244.29,0.0,0.0,0.0,0.0,0.0,0.0,0.00573,-0.02899,-0.14283,0.00025,-0.99555
10748.49,SYN.BTC-26JUL19,1563101945344,open,0.03,512.6,0.001,0.084,0.04235258,103.62,0.041,0.0,BTC-26JUL19-10000-P,10730.57,99.99,0.04,0.1,0.0455,7.0,108.56,6.89423,-30.07727,-1.2522,0.00018,-0.31574
241.3,ETH-27SEP19,1563101945360,open,1.64,0.0,1.87,2.108,1.989214,114.06,None,0.0,ETH-27SEP19-720-P,244.29,0.0,0.0,0.0,0.0,0.0,0.0,0.07764,-0.05914,-1.46402,0.00057,-0.9684
245.22,ETH-27DEC19,1563101945374,open,0.83,21.0,0.966,1.128,1.046963,105.95,0.629,0.0,ETH-27DEC19-480-P,244.29,70.02,0.98,110.0,1.951,1.0,500.0,0.55635,-0.17768,-1.96927,0.00192,-0.72013
11022.56,BTC-27DEC19,1563101945400,open,0.52,122.6,0.4605,0.54,0.50016171,97.14,0.57,0.0,BTC-27DEC19-6000-C,10730.57,89.37,0.491,11.0,0.5025,11.0,99.02,13.46781,-3.94357,19.80082,3e-05,0.89547
241.3,ETH-27SEP19,1563101945405,open,0.34,348.0,0.418,0.535,0.476486,99.25,0.41,0.0,ETH-27SEP19-340-P,244.29,114.99,0.502,1.0,1.409,1.0,500.0,0.37724,-0.25001,-0.58471,0.00318,-0.70474
10839.81,BTC-27SEP19,1563101945445,open,1.66,0.0,1.665,1.8865,1.77561298,114.88,None,0.0,BTC-27SEP19-30000-P,10730.57,0.0,0.0,0.0,0.0,0.0,0.0,4.64635,-3.56433,-60.72168,2e-05,-0.95509
11023.14,BTC-27DEC19,1563101945447,open,0.41,19.3,0.3905,0.5055,0.4480081,98.35,0.37,0.0,BTC-27DEC19-14000-P,10730.57,94.81,0.4385,3.6,0.4575,3.6,101.88,29.63309,-8.78501,-48.07106,5e-05,-0.51159
10840.45,BTC-27SEP19,1563101945449,open,0.08,158.4,0.0465,0.133,0.08970001,98.13,0.076,0.0,BTC-27SEP19-9000-P,10730.57,94.27,0.084,19.3,0.092,7.0,99.71,15.95144,-10.45263,-7.79386,7e-05,-0.26081
245.22,ETH-27DEC19,1563101945463,open,0.33,0.0,0.224,0.303,0.263435,96.64,None,0.0,ETH-27DEC19-240-C,244.29,99.25,0.27,1.0,0.301,30.0,111.66,0.61839,-0.18014,0.41978,0.00234,0.64011
11022.56,BTC-27DEC19,1563101945467,open,0.09,86.9,0.0395,0.119,0.07944655,103.03,0.0855,0.0,BTC-27DEC19-22000-C,10731.01,100.51,0.074,4.0,0.084,4.9,105.1,24.03439,-7.46428,8.97326,4e-05,0.25858
11022.56,BTC-27DEC19,1563101945467,open,0.43,93.8,0.37,0.4495,0.40985635,97.14,0.4485,0.0,BTC-27DEC19-7500-C,10731.01,0.0,0.311,3.0,0.499,2.5,146.22,19.49708,-5.70867,20.54582,4e-05,0.82001
11022.56,BTC-27DEC19,1563101945467,open,0.46,54.4,0.3985,0.478,0.43810408,97.14,0.45,0.0,BTC-27DEC19-7000-C,10731.01,0.0,0.2155,0.1,0.55,0.1,163.59,17.60652,-5.15519,20.44853,3e-05,0.84632
10839.81,BTC-27SEP19,1563101945467,open,0.97,0.2,0.9705,1.1345,1.05251084,108.48,1.391,0.0,BTC-27SEP19-22000-P,10731.01,0.0,0.004,10.0,0.0,0.0,0.0,9.59145,-6.948,-43.06041,4e-05,-0.88395
11022.56,BTC-27DEC19,1563101945467,open,0.01,111.3,0.0005,0.0475,0.00728202,101.89,0.0065,0.0,BTC-27DEC19-3500-P,10731.01,94.78,0.005,0.1,0.0085,6.0,105.19,3.90394,-1.199,-1.46812,1e-05,-0.02203
11022.56,BTC-27DEC19,1563101945467,open,0.29,92.8,0.2625,0.3675,0.31494085,97.29,0.2815,0.0,BTC-27DEC19-12000-P,10731.01,93.91,0.306,3.6,0.322,7.0,99.97,29.06637,-8.5241,-36.8836,5e-05,-0.42137
11022.56,BTC-27DEC19,1563101945467,open,1.49,0.1,1.4855,1.6925,1.58905834,105.82,2.02,0.0,BTC-27DEC19-28000-P,10731.01,0.0,0.001,1.0,0.0,0.0,0.0,18.87418,-6.02013,-121.12658,3e-05,-0.829
10839.81,BTC-27SEP19,1563101945467,open,1.49,0.0,1.49,1.697,1.59345442,113.79,None,0.0,BTC-27SEP19-28000-P,10731.01,0.0,0.0,0.0,0.0,0.0,0.0,5.59017,-4.24788,-56.41013,2e-05,-0.94335
10839.81,BTC-27SEP19,1563101945468,open,0.0,1066.8,0.0005,0.043,0.00310331,107.51,0.002,0.0,BTC-27SEP19-4250-P,10731.01,90.9,0.001,41.0,0.005,7.0,116.95,1.87459,-1.34582,-0.40575,1e-05,-0.01514
11022.56,BTC-27DEC19,1563101945468,open,3.2,0.0,3.196,3.5455,3.37068192,113.82,None,0.0,BTC-27DEC19-48000-P,10731.01,0.0,0.0,0.0,0.0,0.0,0.0,9.14376,-3.1372,-215.80513,1e-05,-0.93745
10839.81,BTC-27SEP19,1563101945468,open,0.0,46.9,0.0005,0.0415,0.00175941,124.6,0.0015,0.0,BTC-27SEP19-3250-P,10731.01,106.0,0.0005,5.0,0.013,7.0,180.1,1.05627,-0.87886,-0.21328,0.0,-0.00783
10839.81,BTC-27SEP19,1563101945468,open,0.0,425.8,0.0005,0.04,9.454e-05,125.0,0.0005,0.0,BTC-27SEP19-2000-P,10731.01,0.0,0.0,0.0,0.004,7.6,197.15,0.09383,-0.07832,-0.01413,0.0,-0.00054
11022.56,BTC-27DEC19,1563101945469,open,0.0,184.7,0.0005,0.043,0.00303871,111.23,0.003,0.0,BTC-27DEC19-2500-P,10731.01,94.76,0.001,1.0,0.004,7.0,116.47,1.85848,-0.62313,-0.618,0.0,-0.0093
11022.56,BTC-27DEC19,1563101945469,open,3.54,1.0,3.5425,3.9205,3.73143307,115.53,3.1845,0.0,BTC-27DEC19-52000-P,10731.01,0.0,0.001,1.0,0.0,0.0,0.0,8.21139,-2.85968,-234.27704,1e-05,-0.94546
11023.0,BTC-27DEC19,1563101945469,open,2.17,1.3,2.1635,2.427,2.29519258,109.53,2.889,0.0,BTC-27DEC19-36000-P,10731.01,0.0,0.0005,1.0,0.0,0.0,0.0,13.84997,-4.57264,-159.62784,2e-05,-0.89134
10747.9,SYN.BTC-26JUL19,1563101945469,open,0.42,0.0,0.356,0.4355,0.3959164,122.84,0.3665,0.0,BTC-26JUL19-6500-C,10731.01,0.0,0.005,0.1,0.0,0.0,0.0,0.45495,-2.35301,2.08222,1e-05,0.99135
10839.81,BTC-27SEP19,1563101945470,open,0.0,421.1,0.0005,0.0425,0.00253507,110.24,0.0025,0.0,BTC-27SEP19-4000-P,10731.01,0.0,0.0,0.0,0.004,7.0,118.96,1.57108,-1.15651,-0.33078,1e-05,-0.01234
11023.0,BTC-27DEC19,1563101945470,open,0.03,182.5,0.0005,0.069,0.02916363,109.43,0.0305,0.0,BTC-27DEC19-36000-C,10731.01,107.25,0.0265,4.0,0.0325,6.0,112.01,13.81799,-4.55776,3.96466,2e-05,0.10831
10747.9,SYN.BTC-26JUL19,1563101945467,open,0.24,36.6,0.1775,0.257,0.21749886,103.83,0.2155,0.0,BTC-26JUL19-8500-C,10731.01,77.25,0.2115,11.0,0.251,11.0,185.02,3.1242,-13.65808,2.42487,8e-05,0.91092
10747.9,SYN.BTC-26JUL19,1563101945469,open,0.23,32.5,0.22,0.321,0.27039255,111.29,0.1255,0.0,BTC-26JUL19-13500-P,10731.01,0.0,0.2425,7.0,0.3015,7.0,170.26,4.52557,-21.20553,-3.91702,0.00011,-0.84973
10747.9,SYN.BTC-26JUL19,1563101945467,open,0.33,17.0,0.2645,0.344,0.30441179,109.51,0.246,0.0,BTC-26JUL19-7500-C,10731.01,0.0,0.3005,11.0,0.341,11.0,235.76,1.22378,-5.64249,2.33658,3e-05,0.97259
11023.0,BTC-27DEC19,1563101945471,open,1.66,0.2,1.6545,1.875,1.76479257,107.26,2.2245,0.0,BTC-27DEC19-30000-P,10731.01,0.0,0.0,0.0,0.0,0.0,0.0,17.56608,-5.67956,-130.82941,3e-05,-0.84686
10747.9,SYN.BTC-26JUL19,1563101945466,open,0.01,405.0,0.0005,0.0485,0.00830795,103.68,0.009,0.0,BTC-26JUL19-8500-P,10731.01,102.61,0.008,30.0,0.01,1.1,109.29,3.11718,-13.60778,-0.33961,8e-05,-0.08881
10840.25,BTC-27SEP19,1563101945472,open,0.74,225.7,0.6845,0.764,0.72438654,124.68,0.693,0.0,BTC-27SEP19-3000-C,10731.01,0.0,0.004,20.0,0.915,5.0,500.0,0.74452,-0.61987,6.01168,0.0,0.99473
10747.9,SYN.BTC-26JUL19,1563101945470,open,0.19,36.5,0.18,0.278,0.22899025,109.72,0.2165,0.0,BTC-26JUL19-13000-P,10731.01,99.16,0.224,0.5,0.2625,7.0,167.34,5.33267,-24.63343,-3.61842,0.00013,-0.80575
10747.9,SYN.BTC-26JUL19,1563101945471,open,0.0,162.8,0.0005,0.0405,0.0005502,125.01,0.0025,0.0,BTC-26JUL19-19000-C,10731.01,123.68,0.0005,30.0,0.0035,11.0,160.27,0.4199,-2.21006,0.02567,1e-05,0.00789
10747.9,SYN.BTC-26JUL19,1563101945472,open,0.01,37.0,0.0005,0.0445,0.00482123,119.95,0.0055,0.0,BTC-26JUL19-15500-C,10731.01,120.81,0.005,30.2,0.009,41.0,136.93,2.20573,-11.1393,0.18104,5e-05,0.05659
10737.68,SYN.BTC-19JUL19,1563101945471,open,0.06,66.2,0.0005,0.0765,0.0367445,102.85,0.039,0.0,BTC-19JUL19-11000-C,10731.01,90.23,0.031,0.4,0.037,18.0,103.41,4.90021,-51.68498,0.58258,0.00031,0.44291
11023.0,BTC-27DEC19,1563101945481,open,0.35,61.3,0.326,0.436,0.3808694,98.27,0.353,0.0,BTC-27DEC19-13000-P,10731.01,94.41,0.3705,3.6,0.388,10.6,100.93,29.54519,-8.7518,-42.48533,5e-05,-0.46724
10840.25,BTC-27SEP19,1563101945485,open,0.8,0.0,0.8015,0.951,0.87627212,106.61,None,0.0,BTC-27SEP19-20000-P,10731.01,0.0,0.004,10.0,1.503,0.2,500.0,11.56055,-8.23045,-38.33852,4e-05,-0.84777
244.1,SYN.ETH-19JUL19,1563101945488,open,0.0,91.0,0.001,0.04,0.000179,124.1,0.001,0.0,ETH-19JUL19-360-C,244.29,0.0,0.0,0.0,0.002,4.0,168.14,0.00348,-0.04368,0.00013,0.00035,0.00418
10747.9,SYN.BTC-26JUL19,1563101945500,open,0.46,0.0,0.4025,0.482,0.44203851,126.55,None,0.0,BTC-26JUL19-6000-C,10731.01,0.0,0.0005,0.1,0.0,0.0,0.0,0.22014,-1.17287,1.93782,0.0,0.99619
10747.9,SYN.BTC-26JUL19,1563101945503,open,0.05,450.5,0.0005,0.075,0.03532333,106.0,0.035,0.0,BTC-26JUL19-12000-C,10731.01,105.5,0.035,24.0,0.041,11.0,114.75,6.89027,-30.75161,0.97927,0.00017,0.31536
10747.9,SYN.BTC-26JUL19,1563101945519,open,0.02,271.6,0.0005,0.054,0.01440165,111.46,0.02,0.0,BTC-26JUL19-13500-C,10731.01,114.02,0.0155,10.0,0.02,24.0,123.9,4.53407,-21.27652,0.4766,0.00011,0.15069
11023.0,BTC-27DEC19,1563101945528,open,0.55,7.1,0.5305,0.6575,0.5939422,99.59,0.491,0.0,BTC-27DEC19-16000-P,10731.01,95.79,0.584,3.6,0.604,3.6,103.41,28.94099,-8.6882,-59.14787,5e-05,-0.58678
10840.25,BTC-27SEP19,1563101945536,open,0.11,221.7,0.088,0.178,0.13307583,98.16,0.12,0.0,BTC-27SEP19-10000-P,10731.01,94.22,0.1265,24.3,0.137,7.0,100.52,18.05394,-11.83446,-10.59102,8e-05,-0.34319
10747.9,SYN.BTC-26JUL19,1563101945548,open,0.06,294.8,0.0075,0.087,0.04718544,103.82,0.048,0.0,BTC-26JUL19-11500-C,10731.01,102.83,0.0465,18.0,0.0535,11.0,112.87,7.46229,-32.61783,1.21462,0.00019,0.39452
241.3,ETH-27SEP19,1563101945557,open,0.34,348.0,0.418,0.535,0.476486,99.25,0.41,0.0,ETH-27SEP19-340-P,244.29,115.59,0.503,1.0,1.409,1.0,500.0,0.37724,-0.25001,-0.58471,0.00318,-0.70474
11023.0,BTC-27DEC19,1563101945577,open,0.08,155.3,0.047,0.1335,0.09025747,97.13,0.0865,0.0,BTC-27DEC19-7500-P,10731.01,92.43,0.082,4.9,0.0895,7.0,96.7,19.49647,-5.70813,-13.53666,4e-05,-0.17997
10747.9,SYN.BTC-26JUL19,1563101945635,open,0.02,271.6,0.0005,0.054,0.01440165,111.46,0.02,0.0,BTC-26JUL19-13500-C,10731.01,114.02,0.0155,34.0,0.02,24.0,123.9,4.53407,-21.27652,0.4766,0.00011,0.15069
10839.81,BTC-27SEP19,1563101945637,open,0.03,379.1,0.0005,0.063,0.02307479,108.61,0.0335,0.0,BTC-27SEP19-22000-C,10731.01,106.22,0.021,11.0,0.0265,24.0,112.35,9.61553,-6.97412,2.07662,4e-05,0.11646
10840.25,BTC-27SEP19,1563101945644,open,0.41,29.6,0.401,0.5175,0.4592056,101.62,0.39,0.0,BTC-27SEP19-15000-P,10731.01,75.69,0.4205,5.0,0.4895,5.0,119.78,17.49301,-11.87018,-25.39554,7e-05,-0.68281
245.22,ETH-27DEC19,1563101945656,open,0.18,144.0,0.193,0.291,0.242108,96.62,0.325,0.0,ETH-27DEC19-240-P,244.29,94.2,0.236,140.0,0.275,140.0,109.76,0.6184,-0.18011,-0.67089,0.00234,-0.3599
244.1,SYN.ETH-19JUL19,1563101945656,open,0.35,0.0,0.416,0.533,0.474952,119.19,None,0.0,ETH-19JUL19-360-P,244.29,0.0,0.0,0.0,0.0,0.0,0.0,0.00255,-0.03121,-0.048,0.00027,-0.99704
241.3,ETH-27SEP19,1563101945709,open,0.34,348.0,0.418,0.535,0.476486,99.25,0.41,0.0,ETH-27SEP19-340-P,244.29,116.19,0.504,1.0,1.409,1.0,500.0,0.37724,-0.25001,-0.58471,0.00318,-0.70474
243.82,SYN.ETH-26JUL19,1563101945765,open,1.1,0.0,1.205,1.388,1.296825,125.01,None,0.0,ETH-26JUL19-560-P,244.29,0.0,0.0,0.0,0.0,0.0,0.0,0.00029,-0.00155,-0.18219,1e-05,-0.99982
245.22,ETH-27DEC19,1563101945801,open,0.96,37.0,1.108,1.283,1.195726,105.94,0.707,0.0,ETH-27DEC19-520-P,244.29,0.0,0.001,500.0,0.0,0.0,0.0,0.51786,-0.16538,-2.17568,0.00179,-0.75659
244.1,SYN.ETH-19JUL19,1563101945813,open,0.18,0.0,0.075,0.154,0.114976,116.94,None,0.0,ETH-19JUL19-220-C,244.29,0.0,0.0,0.0,0.13,30.0,159.66,0.07932,-0.95119,0.02229,0.00852,0.79858
244.1,SYN.ETH-19JUL19,1563101945813,open,0.0,318.0,0.001,0.04,5.5e-05,125.0,0.002,0.0,ETH-19JUL19-380-C,244.29,0.0,0.0,0.0,0.005,1.0,218.24,0.00128,-0.01337,4e-05,0.00013,0.00139
241.3,ETH-27SEP19,1563101945861,open,0.34,348.0,0.418,0.535,0.476487,99.25,0.41,0.0,ETH-27SEP19-340-P,244.29,116.78,0.505,1.0,1.409,1.0,500.0,0.37724,-0.25001,-0.58471,0.00318,-0.70474
241.3,ETH-27SEP19,1563101945901,open,0.01,2105.0,0.001,0.047,0.007345,109.57,0.013,0.0,ETH-27SEP19-640-C,244.29,106.12,0.006,10.0,0.019,200.0,130.2,0.09978,-0.07301,0.01763,0.00076,0.04296
11022.56,BTC-27DEC19,1563101945916,open,0.66,27.1,0.6085,0.688,0.64844784,100.02,0.542,0.0,BTC-27DEC19-4000-C,10731.01,91.18,0.6445,11.0,0.6545,11.0,111.02,5.45028,-1.64326,15.96445,1e-05,0.96715
10839.81,BTC-27SEP19,1563101945917,open,0.28,369.6,0.2195,0.299,0.25947617,98.17,0.312,0.0,BTC-27SEP19-9000-C,10731.01,80.95,0.2345,11.0,0.263,11.0,100.56,15.95271,-10.45791,10.66571,7e-05,0.73912
11023.0,BTC-27DEC19,1563101945939,open,0.02,134.2,0.0005,0.0645,0.02360079,97.24,0.022,0.0,BTC-27DEC19-5000-P,10731.01,94.66,0.0215,0.1,0.024,1.0,97.72,9.14479,-2.68055,-4.31577,2e-05,-0.06255
10840.25,BTC-27SEP19,1563101945939,open,0.78,55.9,0.73,0.8095,0.76977809,125.14,0.689,0.0,BTC-27SEP19-2500-C,10731.01,0.0,0.004,10.0,0.924,5.0,500.0,0.31727,-0.26514,5.07416,0.0,0.99796
10747.9,SYN.BTC-26JUL19,1563101945979,open,0.61,0.0,0.609,0.7425,0.67575926,123.61,None,0.0,BTC-26JUL19-18000-P,10731.01,0.0,0.0,0.0,0.0,0.0,0.0,0.68596,-3.57007,-5.81158,1e-05,-0.98614
11023.0,BTC-27DEC19,1563101945989,open,0.59,62.9,0.5305,0.61,0.57000499,97.25,0.598,0.0,BTC-27DEC19-5000-C,10731.01,0.0,0.0045,0.1,0.7015,14.0,213.38,9.14498,-2.68064,18.40679,2e-05,0.93745
241.3,ETH-27SEP19,1563101946013,open,0.34,348.0,0.418,0.535,0.476487,99.25,0.41,0.0,ETH-27SEP19-340-P,244.29,117.38,0.506,1.0,1.409,1.0,500.0,0.37724,-0.25001,-0.58471,0.00318,-0.70474
245.22,ETH-27DEC19,1563101946018,open,0.09,162.0,0.026,0.105,0.065692,107.09,0.075,0.0,ETH-27DEC19-560-C,244.29,105.2,0.062,110.0,0.08,110.0,114.06,0.4854,-0.15668,0.16843,0.00166,0.21683
244.1,SYN.ETH-19JUL19,1563101946023,open,0.43,0.0,0.495,0.619,0.556824,125.0,None,0.0,ETH-19JUL19-380-P,244.29,0.0,0.0,0.0,0.0,0.0,0.0,0.00128,-0.01644,-0.05072,0.00013,-0.99861
244.1,SYN.ETH-19JUL19,1563101946026,open,0.0,1064.0,0.001,0.056,0.016263,116.94,0.02,0.0,ETH-19JUL19-220-P,244.29,89.11,0.008,200.0,0.033,200.0,164.25,0.07932,-0.95119,-0.0071,0.00852,-0.20142
245.22,ETH-27DEC19,1563101946049,open,0.07,93.0,0.008,0.087,0.047457,111.17,0.06,0.0,ETH-27DEC19-680-C,244.29,95.59,0.025,5.0,0.062,50.0,119.46,0.40553,-0.1359,0.12767,0.00133,0.16202
243.82,SYN.ETH-26JUL19,1563101946066,open,0.0,2391.0,0.001,0.04,6.3e-05,125.0,0.002,0.0,ETH-26JUL19-500-C,244.29,0.0,0.0,0.0,0.001,278.0,163.05,0.00156,-0.00823,8e-05,6e-05,0.00106
245.22,ETH-27DEC19,1563101946076,open,1.09,0.0,1.256,1.443,1.349262,107.04,0.845,0.0,ETH-27DEC19-560-P,244.32,0.0,0.0,0.0,0.0,0.0,0.0,0.48514,-0.15653,-2.37663,0.00166,-0.78337
245.22,ETH-27DEC19,1563101946076,open,0.59,23.0,0.686,0.825,0.755283,104.03,0.775,0.0,ETH-27DEC19-400-P,244.32,84.49,0.708,110.0,0.0,0.0,0.0,0.62094,-0.19471,-1.55017,0.00218,-0.63574
241.3,ETH-27SEP19,1563101946076,open,1.35,0.0,1.554,1.766,1.659645,109.57,None,0.0,ETH-27SEP19-640-P,244.32,0.0,0.0,0.0,0.0,0.0,0.0,0.09978,-0.07301,-1.29526,0.00076,-0.95704
241.3,ETH-27SEP19,1563101946076,open,0.01,1392.0,0.001,0.045,0.005491,109.72,0.011,0.0,ETH-27SEP19-680-C,244.32,95.7,0.002,20.0,0.017,200.0,132.96,0.08077,-0.05918,0.01369,0.00062,0.03316
245.22,ETH-27DEC19,1563101946076,open,1.49,0.0,1.708,1.933,1.820364,111.1,None,0.0,ETH-27DEC19-680-P,244.32,0.0,0.0,0.0,0.0,0.0,0.0,0.4051,-0.13567,-2.96278,0.00133,-0.83824
245.22,ETH-27DEC19,1563101946076,open,1.22,0.0,1.409,1.609,1.508945,110.46,0.953,0.0,ETH-27DEC19-600-P,244.32,0.0,0.0,0.0,0.0,0.0,0.0,0.46759,-0.15569,-2.56926,0.00155,-0.79654
241.3,ETH-27SEP19,1563101946077,open,0.46,260.0,0.557,0.686,0.621597,100.33,0.296,0.0,ETH-27SEP19-380-P,244.32,0.0,0.0,0.0,0.0,0.0,0.0,0.32361,-0.2168,-0.69379,0.0027,-0.78
241.3,ETH-27SEP19,1563101946077,open,1.78,0.0,2.028,2.279,2.153799,114.37,None,0.0,ETH-27SEP19-760-P,244.32,0.0,0.0,0.0,0.0,0.0,0.0,0.06441,-0.04919,-1.54863,0.00047,-0.97475
241.3,ETH-27SEP19,1563101946077,open,1.21,27.0,1.397,1.596,1.496506,109.57,1.044,0.0,ETH-27SEP19-600-P,244.32,0.0,0.0,0.0,0.0,0.0,0.0,0.1237,-0.09051,-1.20794,0.00095,-0.94378
241.3,ETH-27SEP19,1563101946077,open,1.5,0.0,1.711,1.936,1.82356,109.72,None,0.0,ETH-27SEP19-680-P,244.32,0.0,0.0,0.0,0.0,0.0,0.0,0.08077,-0.05918,-1.38125,0.00062,-0.96684
241.3,ETH-27SEP19,1563101946078,open,0.53,79.0,0.631,0.766,0.698408,102.11,0.351,0.0,ETH-27SEP19-400-P,244.32,0.0,0.01,1.0,0.0,0.0,0.0,0.3008,-0.2051,-0.74446,0.00247,-0.80556
243.82,SYN.ETH-26JUL19,1563101946076,open,0.95,0.0,1.048,1.218,1.132791,125.0,None,0.0,ETH-26JUL19-520-P,244.32,0.0,0.0,0.0,0.0,0.0,0.0,0.0009,-0.00475,-0.16914,4e-05,-0.99942
241.33,ETH-27SEP19,1563101946078,open,1.07,24.0,1.239,1.425,1.3321,106.26,1.356,0.0,ETH-27SEP19-560-P,244.32,0.0,0.0,0.0,0.0,0.0,0.0,0.13977,-0.09918,-1.122,0.0011,-0.93428
243.82,SYN.ETH-26JUL19,1563101946076,open,0.8,0.0,0.891,1.047,0.968818,125.0,None,0.0,ETH-26JUL19-480-P,244.32,0.0,0.0,0.0,0.0,0.0,0.0,0.00268,-0.01412,-0.15603,0.00011,-0.99808
243.82,SYN.ETH-26JUL19,1563101946076,open,1.25,0.0,1.363,1.559,1.460877,125.02,None,0.0,ETH-26JUL19-600-P,244.32,0.0,0.0,0.0,0.0,0.0,0.0,9e-05,-0.0005,-0.19521,0.0,-0.99995
241.33,ETH-27SEP19,1563101946078,open,0.65,0.0,0.779,0.926,0.852715,103.56,None,0.0,ETH-27SEP19-440-P,244.32,0.0,0.0,0.0,0.0,0.0,0.0,0.25232,-0.17449,-0.84405,0.00204,-0.85222
241.33,ETH-27SEP19,1563101946079,open,0.32,1199.0,0.221,0.3,0.260797,98.47,0.255,0.0,ETH-27SEP19-200-C,244.32,72.04,0.223,30.0,0.286,30.0,115.49,0.35435,-0.233,0.23737,0.00301,0.74027
244.1,SYN.ETH-19JUL19,1563101946078,open,0.58,0.0,0.652,0.789,0.720643,125.02,None,0.0,ETH-19JUL19-420-P,244.32,0.0,0.0,0.0,0.0,0.0,0.0,0.00013,-0.00163,-0.0561,1e-05,-0.99989
241.33,ETH-27SEP19,1563101946079,open,0.28,1095.0,0.177,0.256,0.216416,98.47,0.3,0.0,ETH-27SEP19-220-C,244.32,0.0,0.005,2.0,0.57,17.0,333.03,0.39747,-0.26137,0.22286,0.00338,0.66658
243.82,SYN.ETH-26JUL19,1563101946076,open,0.87,0.0,0.969,1.132,1.050792,125.0,None,0.0,ETH-26JUL19-500-P,244.32,0.0,0.0,0.0,0.0,0.0,0.0,0.00156,-0.00823,-0.1626,6e-05,-0.99894
243.82,SYN.ETH-26JUL19,1563101946078,open,0.0,1091.0,0.001,0.04,3e-06,125.0,0.001,0.0,ETH-26JUL19-600-C,244.32,0.0,0.0,0.0,0.04,50.0,367.08,9e-05,-0.00049,0.0,0.0,5e-05
243.82,SYN.ETH-26JUL19,1563101946077,open,0.5,985.0,0.576,0.706,0.641325,114.87,0.205,0.0,ETH-26JUL19-400-P,244.32,0.0,0.0,0.0,0.0,0.0,0.0,0.01288,-0.06227,-0.12932,0.00058,-0.98886
244.1,SYN.ETH-19JUL19,1563101946077,open,0.5,0.0,0.574,0.704,0.638719,125.0,None,0.0,ETH-19JUL19-400-P,244.32,0.0,0.0,0.0,0.0,0.0,0.0,0.00042,-0.00534,-0.05342,4e-05,-0.99959
243.82,SYN.ETH-26JUL19,1563101946079,open,0.43,504.0,0.498,0.622,0.559982,114.25,0.168,0.0,ETH-26JUL19-380-P,244.32,0.0,0.0,0.0,0.0,0.0,0.0,0.02145,-0.10317,-0.12215,0.00097,-0.97983
243.82,SYN.ETH-26JUL19,1563101946079,open,0.0,984.0,0.001,0.044,0.004102,107.01,0.003,0.0,ETH-26JUL19-180-P,244.32,0.0,0.0,0.0,0.007,148.0,121.02,0.04361,-0.19647,-0.0041,0.00211,-0.0476
243.82,SYN.ETH-26JUL19,1563101946079,open,0.35,1047.0,0.42,0.538,0.479128,112.71,0.2,0.0,ETH-26JUL19-360-P,244.32,0.0,0.134,1.0,0.0,0.0,0.0,0.03378,-0.16032,-0.11458,0.00155,-0.96525
243.82,SYN.ETH-26JUL19,1563101946079,open,0.26,0.0,0.152,0.231,0.191407,101.34,None,0.0,ETH-26JUL19-200-C,244.32,0.0,0.005,2.0,0.0,0.0,0.0,0.08796,-0.3753,0.05463,0.00449,0.88003
11023.19,BTC-27DEC19,1563101946125,open,0.0,89.4,0.0005,0.0425,0.0024526,123.48,0.0005,0.0,BTC-27DEC19-2000-P,10731.01,108.8,0.001,1.0,0.005,8.0,139.19,1.41471,-0.52655,-0.46439,0.0,-0.00682
11022.56,BTC-27DEC19,1563101946137,open,0.66,27.1,0.6085,0.688,0.64844784,100.02,0.542,0.0,BTC-27DEC19-4000-C,10731.01,91.18,0.6445,11.0,0.653,11.0,108.49,5.45028,-1.64326,15.96445,1e-05,0.96715
241.3,ETH-27SEP19,1563101946165,open,0.34,348.0,0.418,0.535,0.476487,99.25,0.41,0.0,ETH-27SEP19-340-P,244.32,117.97,0.507,1.0,1.409,1.0,500.0,0.37724,-0.25001,-0.58471,0.00318,-0.70474
241.3,ETH-27SEP19,1563101946316,open,0.34,348.0,0.418,0.535,0.476487,99.25,0.41,0.0,ETH-27SEP19-340-P,244.32,118.57,0.508,1.0,1.409,1.0,500.0,0.37724,-0.25001,-0.58471,0.00318,-0.70474
10840.17,BTC-27SEP19,1563101946438,open,0.34,75.8,0.328,0.438,0.38305654,100.53,0.3445,0.0,BTC-27SEP19-14000-P,10731.01,90.39,0.366,12.0,0.394,12.0,106.88,18.52352,-12.43474,-22.54707,8e-05,-0.63087
10748.32,SYN.BTC-26JUL19,1563101946448,open,0.0,384.6,0.0005,0.041,0.00130972,116.85,0.001,0.0,BTC-26JUL19-7000-P,10731.01,102.14,0.0005,50.0,0.0015,3.0,119.35,0.78334,-3.85373,-0.06115,2e-05,-0.01618
11023.19,BTC-27DEC19,1563101946454,open,0.41,19.3,0.3905,0.5055,0.44805835,98.37,0.37,0.0,BTC-27DEC19-14000-P,10731.01,94.82,0.4385,3.6,0.457,3.6,101.7,29.63336,-8.78702,-48.07079,5e-05,-0.51153
10840.17,BTC-27SEP19,1563101946468,open,0.01,321.7,0.0005,0.048,0.00819819,115.25,0.009,0.0,BTC-27SEP19-30000-C,10731.25,111.05,0.0065,40.0,0.0115,29.0,122.09,4.70356,-3.61988,0.83169,2e-05,0.0456
11023.19,BTC-27DEC19,1563101946468,open,0.62,6.5,0.569,0.6485,0.6086171,98.69,0.54,0.0,BTC-27DEC19-4500-C,10731.25,0.0,0.0115,0.1,0.973,1.0,500.0,7.23759,-2.15303,17.27469,1e-05,0.95345
10840.17,BTC-27SEP19,1563101946468,open,0.02,290.3,0.0005,0.0575,0.01772761,110.95,0.018,0.0,BTC-27SEP19-24000-C,10731.25,109.96,0.017,1.5,0.0205,24.0,114.53,8.08388,-5.98915,1.64476,3e-05,0.09169
10840.17,BTC-27SEP19,1563101946468,open,0.02,93.1,0.0005,0.053,0.01344135,112.39,0.014,0.0,BTC-27SEP19-26000-C,10731.25,109.11,0.0115,11.0,0.0165,29.0,117.05,6.70579,-5.03254,1.29271,2e-05,0.07157
10840.17,BTC-27SEP19,1563101946468,open,0.0,433.4,0.0005,0.042,0.00199253,119.49,0.001,0.0,BTC-27SEP19-3500-P,10731.25,99.75,0.0005,12.0,0.003,7.0,127.37,1.21095,-0.96627,-0.24781,0.0,-0.00915
11023.19,BTC-27DEC19,1563101946468,open,0.02,152.2,0.0005,0.059,0.01903916,112.32,0.02,0.0,BTC-27DEC19-44000-C,10731.25,110.64,0.0175,4.0,0.0225,6.0,115.82,10.36819,-3.51023,2.73295,2e-05,0.07359
11023.19,BTC-27DEC19,1563101946468,open,0.03,230.3,0.0005,0.063,0.02342592,111.02,0.0275,0.0,BTC-27DEC19-40000-C,10731.25,109.2,0.0215,4.0,0.027,6.0,114.18,11.95031,-3.99898,3.27634,2e-05,0.08883
10840.17,BTC-27SEP19,1563101946468,open,0.63,0.2,0.5715,0.651,0.61103107,107.44,0.65,0.0,BTC-27SEP19-4250-C,10731.25,0.0,0.005,0.1,0.717,5.0,300.18,1.8702,-1.34185,8.31383,1e-05,0.9849
11023.19,BTC-27DEC19,1563101946468,open,0.05,216.5,0.016,0.1,0.05787482,97.13,0.052,0.0,BTC-27DEC19-6500-P,10731.25,91.83,0.0505,6.0,0.058,7.0,97.22,15.58434,-4.56281,-9.33068,3e-05,-0.12838
10840.17,BTC-27SEP19,1563101946468,open,0.87,42.8,0.822,0.9015,0.86163339,121.18,0.815,0.0,BTC-27SEP19-1500-C,10731.25,0.0,0.0,0.0,0.0,0.0,0.0,0.01062,-0.0086,3.07574,0.0,0.99995
10840.17,BTC-27SEP19,1563101946468,open,0.65,227.5,0.594,0.6735,0.63352489,110.15,0.7065,0.0,BTC-27SEP19-4000-C,10731.25,0.0,0.111,2.0,0.7285,5.0,299.71,1.56634,-1.15217,7.876,1e-05,0.9877
10840.17,BTC-27SEP19,1563101946468,open,0.64,1.0,0.6365,0.772,0.70420661,104.69,1.5815,0.0,BTC-27SEP19-18000-P,10731.25,0.0,0.004,0.3,1.3335,0.3,500.0,13.85198,-9.68386,-33.39201,5e-05,-0.79741
10738.12,SYN.BTC-19JUL19,1563101946468,open,0.0,146.1,0.0005,0.04,0.00015275,124.99,0.0005,0.0,BTC-19JUL19-16000-C,10731.25,0.0,0.0,0.0,0.002,11.5,171.74,0.13346,-1.64029,0.00493,1e-05,0.00359
