underlying_price,underlying_index,timestamp,state,settlement_price,open_interest,min_price,max_price,mark_price,mark_iv,last_price,interest_rate,instrument_name,index_price,bid_iv,best_bid_price,best_bid_amount,best_ask_price,best_ask_amount,ask_iv,vega,theta,rho,gamma,delta
8152.51,SYN.BTC-18OCT19,1571223539991,open,0.2,0.5,0.1865,0.219,0.20276118,114.14,0.18,0.0,BTC-18OCT19-6500-C,8150.7,0.0,0.19,9.0,0.2135,9.0,274.11,0.04507,-1.37133,0.33296,1e-05,0.99752
8220.01,BTC-27DEC19,1571223539997,open,0.0,524.4,0.0005,0.011,0.0011458,105.29,0.001,0.0,BTC-27DEC19-28000-C,8150.7,96.91,0.0005,83.0,0.0015,20.0,108.44,0.83763,-0.61352,0.11799,1e-05,0.00844
8159.26,SYN.BTC-25OCT19,1571223539999,open,0.01,617.5,0.002,0.029,0.01256368,68.54,0.012,0.0,BTC-25OCT19-7500-P,8150.7,68.39,0.0125,10.0,0.013,24.0,69.53,3.5618,-13.75231,-0.42169,0.00032,-0.19997
8159.26,SYN.BTC-25OCT19,1571223540001,open,0.96,0.0,0.923,1.001,0.96097957,124.13,None,0.0,BTC-25OCT19-16000-P,8150.7,0.0,0.001,0.1,0.0,0.0,0.0,0.01665,-0.11643,-3.89004,0.0,-0.99964
8220.01,BTC-27DEC19,1571223540005,open,0.02,486.4,0.006,0.0405,0.0198644,79.34,0.02,0.0,BTC-27DEC19-13000-C,8150.7,77.87,0.0185,31.0,0.021,48.0,80.54,7.72131,-4.26174,1.78464,7e-05,0.13012
8220.01,BTC-27DEC19,1571223540007,open,3.88,0.0,3.771,3.9675,3.86646591,115.0,2.58,0.0,BTC-27DEC19-40000-P,8150.7,0.0,0.001,1.0,0.0,0.0,0.0,0.25396,-0.20316,-78.73672,0.0,-0.99778
8193.01,SYN.BTC-29NOV19,1571223540007,open,0.04,437.5,0.018,0.063,0.03901145,74.05,0.0385,0.0,BTC-29NOV19-7000-P,8150.7,72.12,0.037,39.3,0.0405,19.3,75.46,8.60936,-7.26466,-2.64187,0.00014,-0.22924
8220.01,BTC-27DEC19,1571223540018,open,0.04,731.5,0.0175,0.069,0.04126245,75.84,0.041,0.0,BTC-27DEC19-11000-C,8150.7,74.56,0.0395,38.2,0.043,39.3,77.08,11.41055,-6.01957,3.26174,0.00011,0.24277
8220.01,BTC-27DEC19,1571223540018,open,0.01,682.5,0.0035,0.0325,0.01447741,81.4,0.014,0.0,BTC-27DEC19-14000-C,8150.7,80.1,0.0135,20.0,0.0155,49.0,82.71,6.30313,-3.56905,1.35039,6e-05,0.0979
8220.01,BTC-27DEC19,1571223540018,open,0.0,96.3,0.0005,0.0105,0.00020623,115.0,0.001,0.0,BTC-27DEC19-2000-P,8150.7,126.27,0.0005,11.0,0.001,1.0,137.31,0.15,-0.12,-0.02347,0.0,-0.00124
8193.01,SYN.BTC-29NOV19,1571223540020,open,0.02,193.7,0.005,0.032,0.01613363,81.07,0.0175,0.0,BTC-29NOV19-6000-P,8150.7,79.26,0.015,54.0,0.0175,24.0,83.2,5.19608,-4.80069,-1.20155,8e-05,-0.10587
8193.01,SYN.BTC-29NOV19,1571223540020,open,0.01,128.7,0.0005,0.0155,0.00527929,85.2,0.0045,0.0,BTC-29NOV19-14000-C,8150.7,82.83,0.0045,39.0,0.006,18.0,87.21,2.82833,-2.74601,0.41921,4e-05,0.04785
8159.26,SYN.BTC-25OCT19,1571223540020,open,0.03,1791.3,0.011,0.054,0.03037279,63.93,0.031,0.0,BTC-25OCT19-8000-P,8150.7,62.48,0.0295,45.9,0.031,24.0,64.97,4.92273,-17.72827,-0.85832,0.00048,-0.40223
8159.26,SYN.BTC-25OCT19,1571223540020,open,0.0,514.1,0.0005,0.0105,8.613e-05,115.0,0.0005,0.0,BTC-25OCT19-14000-C,8150.7,0.0,0.0,0.0,0.0015,49.3,156.51,0.07124,-0.4615,0.00329,0.0,0.00174
8193.01,SYN.BTC-29NOV19,1571223540023,open,0.26,0.0,0.2155,0.2905,0.25259355,71.04,0.245,0.0,BTC-29NOV19-10000-P,8150.7,46.77,0.23,4.0,0.2735,4.0,88.97,8.95624,-7.25073,-9.91008,0.00016,-0.75365
8220.01,BTC-27DEC19,1571223540029,open,0.82,10.1,0.808,0.8275,0.81754109,114.6,0.8205,0.0,BTC-27DEC19-1500-C,8150.7,0.0,0.81,21.0,0.8245,21.0,224.63,0.02238,-0.01784,2.95085,0.0,0.99984
8220.01,BTC-27DEC19,1571223540031,open,1.69,4.9,1.6245,1.7395,1.6791744,97.72,1.0385,0.0,BTC-27DEC19-22000-P,8150.7,0.0,0.0,0.0,0.0,0.0,0.0,1.76695,-1.2011,-43.0434,1e-05,-0.97999
8193.01,SYN.BTC-29NOV19,1571223540031,open,0.16,20.5,0.1215,0.1945,0.15838133,70.25,0.145,0.0,BTC-29NOV19-9000-P,8150.7,67.71,0.155,14.4,0.161,14.4,72.21,10.94448,-8.76188,-7.50914,0.00019,-0.60408
8193.01,SYN.BTC-29NOV19,1571223540034,open,0.31,0.0,0.2685,0.3435,0.30546665,72.19,None,0.0,BTC-29NOV19-10500-P,8150.7,0.0,0.0,0.0,0.3675,1.0,125.36,7.7883,-6.40725,-10.95401,0.00013,-0.80677
8302.48,BTC-27MAR20,1571223540037,open,2.87,0.0,2.7815,2.9605,2.86579248,102.11,None,0.0,BTC-27MAR20-32000-P,8150.7,0.0,0.001,1.0,0.0,0.0,0.0,5.7951,-1.81654,-141.33903,2e-05,-0.94918
8152.51,SYN.BTC-18OCT19,1571223540043,open,0.0,51.8,0.0005,0.0105,3.26e-06,115.0,0.0005,0.0,BTC-18OCT19-11000-C,8150.7,0.0,0.0,0.0,0.001,29.0,197.05,0.00367,-0.02656,7e-05,0.0,0.00016
8220.01,BTC-27DEC19,1571223540050,open,0.17,213.0,0.138,0.2095,0.1754489,75.35,0.189,0.0,BTC-27DEC19-7500-C,8150.7,73.2,0.172,29.0,0.1775,13.0,76.63,13.20174,-6.91987,8.01356,0.00013,0.67052
8159.26,SYN.BTC-25OCT19,1571223540050,open,0.72,2.0,0.6825,0.7515,0.71593876,116.15,0.372,0.0,BTC-25OCT19-14000-P,8150.7,0.0,0.002,0.1,0.723,1.0,201.64,0.07789,-0.50963,-3.40075,0.0,-0.99808
8302.48,BTC-27MAR20,1571223540052,open,0.02,758.8,0.008,0.038,0.02078845,88.51,0.0195,0.0,BTC-27MAR20-4000-P,8150.7,87.55,0.02,15.0,0.0215,6.0,89.37,6.85635,-1.86294,-3.1012,3e-05,-0.06292
8302.48,BTC-27MAR20,1571223540058,open,0.22,112.1,0.176,0.269,0.22495364,79.76,0.2285,0.0,BTC-27MAR20-8000-C,8150.7,78.39,0.2215,3.6,0.228,29.1,80.97,20.91103,-5.1202,15.06522,9e-05,0.63159
8152.51,SYN.BTC-18OCT19,1571223540058,open,0.0,53.8,0.0005,0.0105,1.69e-06,115.0,0.0005,0.0,BTC-18OCT19-6000-P,8150.7,0.0,0.0,0.0,0.0005,0.1,190.37,0.00199,-0.01382,-4e-05,0.0,-9e-05
8159.26,SYN.BTC-25OCT19,1571223540058,open,0.0,923.9,0.0005,0.0105,1.21e-06,115.0,0.001,0.0,BTC-25OCT19-17000-C,8150.7,0.0,0.0,0.0,0.001,29.9,192.1,0.00168,-0.0099,6e-05,0.0,3e-05
8152.51,SYN.BTC-18OCT19,1571223540058,open,0.0,130.1,0.0005,0.0105,0.00026808,78.91,0.0005,0.0,BTC-18OCT19-9250-C,8150.7,0.0,0.0,0.0,0.0005,0.1,86.3,0.2053,-2.18553,0.00565,8e-05,0.01375
8193.01,SYN.BTC-29NOV19,1571223540058,open,0.01,85.5,0.0035,0.03,0.0137087,74.83,0.0145,0.0,BTC-29NOV19-11500-C,8150.7,73.04,0.0125,39.0,0.0145,0.5,75.96,5.66746,-4.83281,1.04244,9e-05,0.11955
8193.01,SYN.BTC-29NOV19,1571223540058,open,0.02,261.6,0.0055,0.0365,0.01801326,73.5,0.018,0.0,BTC-29NOV19-11000-C,8150.7,71.61,0.0165,27.3,0.019,19.3,74.7,6.67589,-5.59148,1.31761,0.00011,0.1518
8159.26,SYN.BTC-25OCT19,1571223540058,open,0.0,50.7,0.0005,0.0105,0.00074467,97.46,0.0005,0.0,BTC-25OCT19-11500-C,8150.7,0.0,0.0,0.0,0.0015,64.0,107.68,0.46942,-2.57734,0.02739,3e-05,0.01455
8159.26,SYN.BTC-25OCT19,1571223540060,open,0.6,32.0,0.5625,0.6275,0.59354108,111.99,0.6245,0.0,BTC-25OCT19-13000-P,8150.7,0.0,0.576,4.0,0.6185,4.0,243.71,0.18203,-1.14837,-3.15192,1e-05,-0.99506
8220.01,BTC-27DEC19,1571223540064,open,0.38,260.5,0.3355,0.425,0.37946725,75.84,0.38,0.0,BTC-27DEC19-11000-P,8150.7,54.83,0.354,6.0,0.39,6.0,83.19,11.41108,-6.02024,-18.39919,0.00011,-0.75721
8152.51,SYN.BTC-18OCT19,1571223540071,open,0.2,0.0,0.173,0.2235,0.19642771,114.94,None,0.0,BTC-18OCT19-9750-P,8150.7,0.0,0.0005,0.2,0.0,0.0,0.0,0.241,-7.38423,-0.4943,6e-05,-0.98343
8159.26,SYN.BTC-25OCT19,1571223540080,open,0.0,499.5,0.0005,0.0105,2.137e-05,115.0,0.0005,0.0,BTC-25OCT19-15000-C,8150.7,0.0,0.0,0.0,0.0015,49.0,172.9,0.0215,-0.13931,0.0009,0.0,0.00047
8159.26,SYN.BTC-25OCT19,1571223540080,open,0.0,635.6,0.0005,0.0105,0.00075428,86.85,0.0005,0.0,BTC-25OCT19-11000-C,8150.7,82.26,0.0005,43.2,0.001,13.1,90.38,0.51613,-2.52513,0.03075,4e-05,0.01625
8220.01,BTC-27DEC19,1571223540087,open,0.96,22.0,0.9105,1.005,0.95518238,86.22,1.0275,0.0,BTC-27DEC19-16000-P,8150.7,0.0,0.8,10.0,0.0,0.0,0.0,4.38153,-2.628,-30.6666,4e-05,-0.93936
8220.01,BTC-27DEC19,1571223540089,open,0.19,749.8,0.147,0.232,0.19007311,74.51,0.189,0.0,BTC-27DEC19-9000-P,8150.7,72.76,0.187,14.4,0.193,23.4,76.17,14.46621,-7.49839,-11.87155,0.00015,-0.54334
8159.26,SYN.BTC-25OCT19,1571223540091,open,0.0,606.3,0.0005,0.0125,0.00252534,77.38,0.003,0.0,BTC-25OCT19-10000-C,8150.7,74.01,0.002,22.0,0.003,30.0,80.11,1.35446,-5.90456,0.09822,0.00011,0.05203
8152.51,SYN.BTC-18OCT19,1571223540091,open,0.0,57.3,0.0005,0.011,0.00118306,96.17,0.001,0.0,BTC-18OCT19-7250-P,8150.7,93.14,0.001,1.9,0.0015,0.2,100.84,0.5164,-9.64489,-0.01778,0.00016,-0.04125
8193.01,SYN.BTC-29NOV19,1571223540094,open,0.03,83.1,0.0095,0.045,0.02538488,77.2,0.025,0.0,BTC-29NOV19-6500-P,8150.7,76.14,0.0245,25.0,0.0265,19.3,78.51,6.88235,-6.05445,-1.81564,0.00011,-0.15897
8220.01,BTC-27DEC19,1571223540096,open,0.76,0.0,0.747,0.7665,0.75689752,115.0,None,0.0,BTC-27DEC19-2000-C,8150.7,0.0,0.019,0.2,0.0,0.0,0.0,0.15,-0.12,3.91492,0.0,0.99876
8220.01,BTC-27DEC19,1571223540098,open,0.0,1543.5,0.0005,0.0105,4.592e-05,115.0,0.0005,0.0,BTC-27DEC19-52000-C,8150.7,0.0,0.0,0.0,0.001,20.0,145.85,0.05153,-0.04122,0.00557,0.0,0.00039
8302.48,BTC-27MAR20,1571223540103,open,3.84,1.0,3.725,3.9385,3.82597385,108.68,2.7125,0.0,BTC-27MAR20-40000-P,8150.7,0.0,0.0005,3.0,0.0,0.0,0.0,4.35621,-1.45331,-177.47251,1e-05,-0.96429
8152.51,SYN.BTC-18OCT19,1571223540109,open,0.26,0.0,0.2495,0.2785,0.26402741,0.0,None,0.0,BTC-18OCT19-6000-C,8150.7,0.0,0.2525,9.0,0.272,9.0,317.17,0.0,0.0,0.30833,0.0,1.0
8302.48,BTC-27MAR20,1571223540111,open,0.02,145.5,0.0065,0.0495,0.02306032,91.86,0.0215,0.0,BTC-27MAR20-22000-C,8150.7,90.5,0.0215,15.0,0.0245,6.0,93.06,9.73603,-2.74538,2.8519,3e-05,0.10004
8152.51,SYN.BTC-18OCT19,1571223540111,open,0.14,15.0,0.124,0.162,0.1421163,110.17,0.145,0.0,BTC-18OCT19-7000-C,8150.7,0.0,0.1275,8.0,0.1525,8.0,208.75,0.33528,-9.84611,0.34916,9e-05,0.97555
8159.26,SYN.BTC-25OCT19,1571223540111,open,0.0,519.4,0.0005,0.0105,0.00024936,111.54,0.0005,0.0,BTC-25OCT19-13000-C,8150.7,0.0,0.0,0.0,0.0005,10.2,120.35,0.17695,-1.11188,0.009,1e-05,0.00479
8220.01,BTC-27DEC19,1571223540123,open,0.06,556.9,0.0325,0.094,0.06247399,74.94,0.0605,0.0,BTC-27DEC19-10000-C,8150.7,73.72,0.0605,27.0,0.0645,37.3,76.19,13.30591,-6.93654,4.42899,0.00013,0.33609
8302.55,BTC-27MAR20,1571223540123,open,0.14,237.2,0.0955,0.1895,0.14377234,80.08,0.145,0.0,BTC-27MAR20-10000-C,8150.7,78.85,0.1405,15.8,0.147,9.0,81.3,22.05489,-5.422,12.01298,9e-05,0.46802
8302.55,BTC-27MAR20,1571223540123,open,0.08,272.0,0.0445,0.1115,0.07716787,81.62,0.076,0.0,BTC-27MAR20-6000-P,8150.7,80.43,0.075,4.9,0.0795,4.9,82.89,15.17644,-3.80248,-9.99471,6e-05,-0.1926
8193.01,SYN.BTC-29NOV19,1571223540123,open,0.48,0.0,0.44,0.5145,0.47550088,76.68,None,0.0,BTC-29NOV19-12000-P,8150.7,0.0,0.0005,1.0,0.0,0.0,0.0,4.85183,-4.23965,-13.58255,8e-05,-0.90363
8159.26,SYN.BTC-25OCT19,1571223540123,open,0.17,14.9,0.1425,0.1975,0.16886198,70.65,0.139,0.0,BTC-25OCT19-9500-P,8150.7,0.0,0.152,6.0,0.191,6.0,126.19,2.10766,-8.38844,-2.1357,0.00018,-0.90755
8152.51,SYN.BTC-18OCT19,1571223540123,open,0.01,496.8,0.0005,0.027,0.00958959,61.29,0.012,0.0,BTC-18OCT19-8000-P,8150.7,59.0,0.009,0.1,0.0105,24.0,64.8,2.10534,-34.39943,-0.14048,0.00101,-0.32573
8152.51,SYN.BTC-18OCT19,1571223540123,open,0.0,178.0,0.0005,0.012,0.00199472,71.15,0.0015,0.0,BTC-18OCT19-8750-C,8150.7,66.48,0.0015,10.0,0.0025,30.1,75.38,0.92323,-16.26197,0.0355,0.00038,0.08673
8220.01,BTC-27DEC19,1571223540126,open,0.58,4.0,0.5665,0.5915,0.57818755,105.29,0.666,0.0,BTC-27DEC19-3500-C,8150.7,0.0,0.021,0.1,0.0,0.0,0.0,1.74015,-1.27459,6.50967,1e-05,0.98035
8193.01,SYN.BTC-29NOV19,1571223540126,open,0.18,1.4,0.1545,0.213,0.18461934,74.04,0.215,0.0,BTC-29NOV19-7000-C,8150.7,53.53,0.1645,7.0,0.19,7.0,79.1,8.60916,-7.264,5.77279,0.00014,0.77077
8159.26,SYN.BTC-25OCT19,1571223540128,open,1.09,0.0,1.043,1.126,1.08353654,132.45,None,0.0,BTC-25OCT19-17000-P,8150.7,0.0,0.001,0.1,0.0,0.0,0.0,0.01317,-0.09829,-4.13336,0.0,-0.99972
8302.55,BTC-27MAR20,1571223540143,open,0.35,179.8,0.289,0.4055,0.348254,80.1,0.3415,0.0,BTC-27MAR20-10000-P,8150.7,78.12,0.343,3.6,0.3525,12.6,81.69,22.05505,-5.42286,-32.61032,9e-05,-0.53194
8220.01,BTC-27DEC19,1571223540143,open,0.12,704.3,0.079,0.1535,0.11660425,74.51,0.119,0.0,BTC-27DEC19-8000-P,8150.7,73.29,0.1145,19.3,0.1195,46.1,76.2,14.11363,-7.31564,-8.39955,0.00014,-0.40231
8220.01,BTC-27DEC19,1571223540143,open,0.28,494.6,0.2345,0.3235,0.27901918,74.94,0.277,0.0,BTC-27DEC19-10000-P,8150.7,71.82,0.274,9.0,0.288,16.0,80.43,13.30597,-6.93666,-15.26294,0.00013,-0.66391
8220.01,BTC-27DEC19,1571223540145,open,4.36,0.0,4.248,4.463,4.35294471,115.0,3.46,0.0,BTC-27DEC19-44000-P,8150.7,0.0,0.0015,0.1,0.0,0.0,0.0,0.14669,-0.11735,-86.6275,0.0,-0.99879
8159.26,SYN.BTC-25OCT19,1571223540145,open,0.01,1412.1,0.0005,0.018,0.00586141,79.09,0.006,0.0,BTC-25OCT19-7000-P,8150.7,77.71,0.0055,24.0,0.007,30.0,83.21,2.16844,-9.66106,-0.20226,0.00017,-0.09608
8152.51,SYN.BTC-18OCT19,1571223540145,open,0.0,243.6,0.0005,0.0105,0.00075297,110.29,0.001,0.0,BTC-18OCT19-7000-P,8150.7,0.0,0.0,0.0,0.0015,50.4,124.78,0.33672,-6.13857,-0.01061,9e-05,-0.02458
8152.51,SYN.BTC-18OCT19,1571223540145,open,0.0,196.4,0.0005,0.0105,6.665e-05,115.0,0.001,0.0,BTC-18OCT19-6500-P,8150.7,0.0,0.0,0.0,0.0005,2.0,145.81,0.04771,-0.54337,-0.00114,1e-05,-0.00264
8302.55,BTC-27MAR20,1571223540166,open,0.98,1.1,0.9125,1.0425,0.97511674,85.47,1.08,0.0,BTC-27MAR20-16000-P,8150.7,56.21,0.9355,2.0,1.0215,2.0,107.73,15.23881,-3.99814,-65.99199,6e-05,-0.8061
8220.01,BTC-27DEC19,1571223540166,open,0.25,56.0,0.2225,0.285,0.254739,78.21,0.2755,0.0,BTC-27DEC19-6500-C,8150.7,61.22,0.235,12.0,0.266,12.0,87.14,10.13997,-5.51652,8.8639,0.0001,0.80234
8159.26,SYN.BTC-25OCT19,1571223540166,open,0.12,513.5,0.086,0.142,0.11354109,67.59,0.113,0.0,BTC-25OCT19-9000-P,8150.7,60.0,0.1105,6.0,0.1145,6.0,69.82,3.45295,-13.14685,-1.83234,0.00032,-0.80998
8193.01,SYN.BTC-29NOV19,1571223540166,open,0.09,250.1,0.053,0.1155,0.08446408,70.25,0.0825,0.0,BTC-29NOV19-8000-P,8150.7,68.8,0.0825,14.4,0.087,8.0,72.13,11.0622,-8.85597,-4.89999,0.0002,-0.41307
8220.01,BTC-27DEC19,1571223540169,open,0.0,483.1,0.0005,0.0115,0.0017074,104.53,0.0015,0.0,BTC-27DEC19-26000-C,8150.7,98.51,0.001,53.0,0.0025,44.0,109.43,1.15662,-0.84108,0.17001,1e-05,0.01221
8220.01,BTC-27DEC19,1571223540169,open,0.02,397.9,0.0075,0.0395,0.02143292,83.78,0.022,0.0,BTC-27DEC19-5500-P,8150.7,82.6,0.0205,20.0,0.0225,47.0,85.12,6.52428,-3.80262,-2.00833,6e-05,-0.10264
8220.01,BTC-27DEC19,1571223540171,open,5.34,0.8,5.202,5.4555,5.32607228,115.0,3.59,0.0,BTC-27DEC19-52000-P,8150.7,0.0,0.001,1.0,0.0,0.0,0.0,0.05153,-0.04122,-102.39268,0.0,-0.99961
8152.51,SYN.BTC-18OCT19,1571223540171,open,0.08,6.4,0.0525,0.1,0.07529055,71.21,0.071,0.0,BTC-18OCT19-8750-P,8150.7,0.0,0.073,6.0,0.0765,6.0,80.72,0.92467,-17.55228,-0.41408,0.00038,-0.91309
8152.51,SYN.BTC-18OCT19,1571223540173,open,0.26,0.0,0.233,0.284,0.25736525,116.09,None,0.0,BTC-18OCT19-10250-P,8150.7,0.0,0.0005,0.1,0.0,0.0,0.0,0.05937,-1.8372,-0.52536,1e-05,-0.99663
8159.26,SYN.BTC-25OCT19,1571223540173,open,0.47,37.4,0.442,0.5035,0.47124879,103.03,0.455,0.0,BTC-25OCT19-12000-P,8150.7,0.0,0.455,4.0,0.4965,4.0,217.05,0.34358,-1.99409,-2.89894,2e-05,-0.98985
8159.26,SYN.BTC-25OCT19,1571223540175,open,0.0,660.3,0.0005,0.0105,5.15e-06,115.0,0.001,0.0,BTC-25OCT19-16000-C,8150.7,0.0,0.0,0.0,0.0005,1.0,165.16,0.00613,-0.03973,0.00023,0.0,0.00012
8193.01,SYN.BTC-29NOV19,1571223540175,open,0.6,0.0,0.558,0.6345,0.59406273,80.98,None,0.0,BTC-29NOV19-13000-P,8150.7,0.0,0.0005,1.0,0.0,0.0,0.0,3.65727,-3.37502,-15.04636,6e-05,-0.9337
8220.01,BTC-27DEC19,1571223540195,open,0.07,282.6,0.0355,0.0945,0.06404327,76.45,0.0585,0.0,BTC-27DEC19-7000-P,8150.7,75.02,0.062,19.3,0.066,36.8,77.8,11.83276,-6.2925,-5.24588,0.00012,-0.26004
8302.55,BTC-27MAR20,1571223540195,open,0.09,528.5,0.0535,0.139,0.09570585,81.67,0.0925,0.0,BTC-27MAR20-12000-C,8150.7,80.36,0.0925,13.3,0.099,6.9,83.0,20.40514,-5.11568,9.18756,8e-05,0.34369
8302.55,BTC-27MAR20,1571223540195,open,0.05,904.0,0.0195,0.0835,0.04794922,85.44,0.047,0.0,BTC-27MAR20-16000-C,8150.7,84.37,0.046,8.0,0.05,4.9,86.55,15.23293,-3.99536,5.40284,6e-05,0.19378
8220.01,BTC-27DEC19,1571223540195,open,0.0,656.1,0.0005,0.012,0.00216461,101.38,0.002,0.0,BTC-27DEC19-24000-C,8150.7,92.74,0.001,53.5,0.003,44.0,105.68,1.42209,-1.00296,0.21611,1e-05,0.01552
8220.01,BTC-27DEC19,1571223540195,open,0.0,519.0,0.0005,0.012,0.00223156,111.42,0.003,0.0,BTC-27DEC19-3000-P,8150.7,105.07,0.0015,73.0,0.003,1.0,116.8,1.06758,-0.8275,-0.21635,1e-05,-0.01113
8193.01,SYN.BTC-29NOV19,1571223540195,open,0.12,22.2,0.0835,0.153,0.11859843,70.25,0.121,0.0,BTC-29NOV19-8500-P,8150.7,68.01,0.1155,14.4,0.121,14.4,71.99,11.32748,-9.06841,-6.20721,0.0002,-0.51166
8220.01,BTC-27DEC19,1571223540197,open,0.7,0.0,0.687,0.7065,0.69677623,115.0,None,0.0,BTC-27DEC19-2500-C,8150.7,0.0,0.021,0.1,0.0,0.0,0.0,0.51168,-0.40934,4.83,0.0,0.99517
8220.01,BTC-27DEC19,1571223540197,open,1.93,0.0,1.863,1.9865,1.92186909,101.38,None,0.0,BTC-27DEC19-24000-P,8150.7,0.0,0.0,0.0,0.0,0.0,0.0,1.42209,-1.00296,-47.04462,1e-05,-0.98448
8302.55,BTC-27MAR20,1571223540197,open,1.21,0.0,1.141,1.2745,1.20464569,87.81,1.23,0.0,BTC-27MAR20-18000-P,8150.7,0.0,1.1655,1.0,1.251,1.0,112.38,13.0729,-3.52401,-76.03061,5e-05,-0.84753
8193.01,SYN.BTC-29NOV19,1571223540197,open,0.04,36.5,0.02,0.069,0.04351468,70.25,0.045,0.0,BTC-29NOV19-9500-C,8150.7,68.61,0.0415,12.0,0.0445,13.1,71.05,10.07053,-8.06219,2.65919,0.00018,0.31352
8152.51,SYN.BTC-18OCT19,1571223540199,open,0.0,0.0,0.0005,0.0105,9.75e-06,115.0,None,0.0,BTC-18OCT19-10750-C,8150.7,0.0,0.0,0.0,0.001,29.0,184.37,0.00962,-0.07952,0.00019,0.0,0.00046
8220.01,BTC-27DEC19,1571223540209,open,0.0,442.4,0.0005,0.0105,0.00015317,115.0,0.001,0.0,BTC-27DEC19-44000-C,8150.7,0.0,0.0,0.0,0.001,20.0,134.82,0.14669,-0.11735,0.01717,0.0,0.00121
181.45,ETH-27MAR20,1571223542392,open,0.15,1272.0,0.093,0.195,0.147233,92.32,0.162,0.0,ETH-27MAR20-240-C,179.17,90.33,0.142,300.0,0.153,301.0,94.5,0.47849,-0.1356,0.23891,0.00353,0.4423
180.39,ETH-27DEC19,1571223542392,open,0.01,3931.0,0.001,0.023,0.010825,93.92,0.014,0.0,ETH-27DEC19-100-P,179.17,92.14,0.01,386.0,0.012,160.0,96.34,0.08543,-0.05581,-0.02239,0.00142,-0.05219
181.45,ETH-27MAR20,1571223542392,open,0.02,4505.0,0.007,0.05,0.024005,106.84,0.024,0.0,ETH-27MAR20-600-C,179.17,105.93,0.023,499.0,0.025,40.0,107.72,0.20264,-0.06646,0.05635,0.00129,0.0936
180.39,ETH-27DEC19,1571223542392,open,0.0,4118.0,0.001,0.011,0.001115,119.93,0.001,0.0,ETH-27DEC19-760-C,179.17,0.0,0.0,0.0,0.002,320.0,127.68,0.01642,-0.0137,0.00224,0.00021,0.00742
180.39,ETH-27DEC19,1571223542392,open,0.0,14630.0,0.001,0.012,0.002014,115.19,0.002,0.0,ETH-27DEC19-640-C,179.17,106.66,0.001,2273.0,0.003,3962.0,120.87,0.02707,-0.02169,0.00396,0.00037,0.01315
179.91,SYN.ETH-29NOV19,1571223542394,open,0.01,116.0,0.002,0.026,0.011613,86.67,0.012,0.0,ETH-29NOV19-280-C,179.17,83.77,0.01,200.0,0.013,300.0,89.0,0.1039,-0.10262,0.01763,0.00308,0.09313
179.32,SYN.ETH-25OCT19,1571223542394,open,0.05,1879.0,0.019,0.077,0.046909,72.22,0.049,0.0,ETH-25OCT19-180-P,179.17,67.54,0.044,120.0,0.05,144.0,77.19,0.11153,-0.45374,-0.02345,0.01975,-0.49093
179.91,SYN.ETH-29NOV19,1571223542394,open,0.03,641.0,0.009,0.049,0.026807,82.34,0.029,0.0,ETH-29NOV19-240-C,179.17,78.22,0.023,283.0,0.029,283.0,84.61,0.17094,-0.16039,0.03596,0.00534,0.19306
179.32,SYN.ETH-25OCT19,1571223542394,open,0.0,5657.0,0.001,0.011,0.0005,115.86,0.001,0.0,ETH-25OCT19-280-C,179.17,0.0,0.0,0.0,0.001,200.0,126.28,0.00663,-0.04326,0.00036,0.00073,0.00875
179.2,SYN.ETH-18OCT19,1571223542394,open,0.11,121.0,0.08,0.137,0.109077,103.46,0.12,0.0,ETH-18OCT19-160-C,179.17,0.0,0.104,40.0,0.11,40.0,113.37,0.01506,-0.41522,0.00766,0.00882,0.94124
179.2,SYN.ETH-18OCT19,1571223542398,open,0.01,434.0,0.001,0.022,0.004887,77.07,0.006,0.0,ETH-18OCT19-170-P,179.17,71.88,0.004,56.0,0.006,165.0,83.16,0.03165,-0.65023,-0.00155,0.02489,-0.16311
180.39,ETH-27DEC19,1571223542401,open,0.8,101.0,0.731,0.862,0.79489,93.69,0.513,0.0,ETH-27DEC19-320-P,179.17,0.0,0.006,5.0,0.0,0.0,0.0,0.16092,-0.10488,-0.59466,0.00268,-0.87916
181.45,ETH-27MAR20,1571223542401,open,0.58,19.0,0.558,0.606,0.582599,100.98,0.542,0.0,ETH-27MAR20-80-C,179.17,0.0,0.07,20.0,0.0,0.0,0.0,0.14516,-0.045,0.28905,0.00098,0.93959
181.45,ETH-27MAR20,1571223542401,open,1.68,0.0,1.583,1.785,1.680366,100.86,None,0.0,ETH-27MAR20-480-P,179.17,0.0,0.003,10.0,0.0,0.0,0.0,0.26203,-0.08113,-2.06165,0.00177,-0.86585
179.32,SYN.ETH-25OCT19,1571223542401,open,0.34,302.0,0.3,0.383,0.339892,94.26,0.432,0.0,ETH-25OCT19-240-P,179.17,0.0,0.0,0.0,0.0,0.0,0.0,0.01802,-0.09568,-0.0572,0.00244,-0.9719
179.2,SYN.ETH-18OCT19,1571223542401,open,0.27,0.0,0.253,0.296,0.274563,120.01,None,0.0,ETH-18OCT19-130-C,179.17,0.0,0.0,0.0,0.0,0.0,0.0,4e-05,-0.00132,0.00668,2e-05,0.99992
181.45,ETH-27MAR20,1571223542403,open,0.08,626.0,0.041,0.125,0.082394,94.74,0.091,0.0,ETH-27MAR20-320-C,179.17,93.22,0.079,260.0,0.086,290.0,96.33,0.40869,-0.11886,0.16076,0.00294,0.28094
180.39,ETH-27DEC19,1571223542403,open,0.15,1199.0,0.105,0.187,0.148971,84.11,0.146,0.0,ETH-27DEC19-180-C,179.17,81.83,0.145,598.0,0.153,354.0,86.43,0.31349,-0.18343,0.1518,0.00582,0.5763
179.91,SYN.ETH-29NOV19,1571223542403,open,0.07,262.0,0.039,0.104,0.072095,82.34,0.104,0.0,ETH-29NOV19-200-C,179.17,79.29,0.068,220.0,0.075,215.0,84.49,0.24247,-0.22751,0.07304,0.00757,0.40982
180.39,ETH-27DEC19,1571223542405,open,1.12,0.0,1.049,1.193,1.118092,98.96,None,0.0,ETH-27DEC19-380-P,179.17,0.0,0.001,5.0,0.0,0.0,0.0,0.1073,-0.07387,-0.72759,0.00169,-0.93016
179.91,SYN.ETH-29NOV19,1571223542405,open,0.35,0.0,0.321,0.376,0.349365,99.22,None,0.0,ETH-29NOV19-120-C,179.17,0.0,0.0,0.0,0.0,0.0,0.0,0.10014,-0.11323,0.12155,0.00259,0.91138
180.39,ETH-27DEC19,1571223542407,open,0.3,2878.0,0.242,0.353,0.299085,85.69,0.312,0.0,ETH-27DEC19-220-P,179.17,77.79,0.286,116.0,0.322,26.0,99.16,0.30224,-0.18017,-0.33003,0.0055,-0.63001
179.2,SYN.ETH-18OCT19,1571223542407,open,0.22,0.0,0.195,0.242,0.218804,120.0,None,0.0,ETH-18OCT19-140-C,179.17,0.0,0.0,0.0,0.0,0.0,0.0,0.00074,-0.02357,0.00718,0.00037,0.99821
180.39,ETH-27DEC19,1571223542409,open,0.91,0.0,0.836,0.971,0.901599,95.3,None,0.0,ETH-27DEC19-340-P,179.17,0.0,0.001,5.0,0.0,0.0,0.0,0.13947,-0.09246,-0.64032,0.00228,-0.90099
180.39,ETH-27DEC19,1571223542409,open,1.67,21.0,1.585,1.756,1.666426,107.22,0.629,0.0,ETH-27DEC19-480-P,179.17,0.0,0.001,7.0,0.0,0.0,0.0,0.06105,-0.04554,-0.93494,0.00089,-0.96555
179.32,SYN.ETH-25OCT19,1571223542409,open,0.18,0.0,0.139,0.217,0.177163,78.25,None,0.0,ETH-25OCT19-210-P,179.17,0.0,0.0,0.0,0.0,0.0,0.0,0.05214,-0.22983,-0.04659,0.00852,-0.89128
179.32,SYN.ETH-25OCT19,1571223542409,open,0.45,3.0,0.408,0.496,0.450418,99.15,0.534,0.0,ETH-25OCT19-260-P,179.17,0.0,0.0,0.0,0.0,0.0,0.0,0.00747,-0.04172,-0.06281,0.00096,-0.98997
179.2,SYN.ETH-18OCT19,1571223542409,open,0.0,20.0,0.001,0.011,2e-06,120.0,0.004,0.0,ETH-18OCT19-130-P,179.17,0.0,0.0,0.0,0.002,300.0,245.31,4e-05,-0.0003,0.0,2e-05,-8e-05
179.91,SYN.ETH-29NOV19,1571223542411,open,0.79,0.0,0.729,0.845,0.784474,91.77,None,0.0,ETH-29NOV19-320-P,179.17,0.0,0.0,0.0,0.0,0.0,0.0,0.06372,-0.06664,-0.37524,0.00178,-0.9506
179.32,SYN.ETH-25OCT19,1571223542411,open,0.0,2508.0,0.001,0.013,0.003437,100.92,0.005,0.0,ETH-25OCT19-140-P,179.17,90.56,0.002,500.0,0.005,501.0,109.8,0.02852,-0.16217,-0.0023,0.00361,-0.04931
181.45,ETH-27MAR20,1571223542413,open,0.02,971.0,0.009,0.041,0.023492,100.98,0.023,0.0,ETH-27MAR20-80-P,179.17,99.09,0.022,281.0,0.025,40.0,102.84,0.14516,-0.045,-0.06793,0.00098,-0.06041
180.39,ETH-27DEC19,1571223542417,open,0.01,5563.0,0.001,0.016,0.005524,107.22,0.005,0.0,ETH-27DEC19-480-C,179.17,102.24,0.004,360.0,0.007,660.0,111.26,0.06105,-0.04554,0.01028,0.00089,0.03445
181.45,ETH-27MAR20,1571223542417,open,0.03,2424.0,0.009,0.059,0.030495,102.99,0.03,0.0,ETH-27MAR20-520-C,179.17,102.61,0.03,8.0,0.031,240.0,103.37,0.23922,-0.07563,0.07063,0.00158,0.11773
179.32,SYN.ETH-25OCT19,1571223542419,open,0.01,2213.0,0.001,0.027,0.010469,77.23,0.012,0.0,ETH-25OCT19-160-P,179.17,75.97,0.01,160.0,0.011,2.0,78.63,0.0672,-0.29235,-0.0073,0.01113,-0.157
179.91,SYN.ETH-29NOV19,1571223542419,open,0.01,1120.0,0.001,0.019,0.008424,112.89,0.007,0.0,ETH-29NOV19-100-P,179.17,108.35,0.007,660.0,0.01,27.0,117.49,0.05904,-0.07596,-0.01154,0.00134,-0.04492
180.39,ETH-27DEC19,1571223542421,open,1.23,16.0,1.156,1.305,1.226971,100.32,1.195,0.0,ETH-27DEC19-400-P,179.17,0.0,0.001,8.0,0.0,0.0,0.0,0.09368,-0.06538,-0.77024,0.00146,-0.94135
181.45,ETH-27MAR20,1571223542421,open,1.47,0.0,1.373,1.566,1.466918,99.33,None,0.0,ETH-27MAR20-440-P,179.17,0.0,0.002,10.0,0.0,0.0,0.0,0.29234,-0.08914,-1.86962,0.002,-0.84213
180.39,ETH-27DEC19,1571223542423,open,0.03,1234.0,0.008,0.049,0.026151,91.68,0.024,0.0,ETH-27DEC19-300-C,179.17,89.54,0.024,480.0,0.028,160.0,93.46,0.18462,-0.11774,0.04313,0.00314,0.14757
180.39,ETH-27DEC19,1571223542425,open,0.36,2.0,0.328,0.388,0.359299,88.52,0.346,0.0,ETH-27DEC19-120-C,179.17,0.0,0.101,1.0,0.0,0.0,0.0,0.14912,-0.09182,0.18902,0.00263,0.89142
181.45,ETH-27MAR20,1571223542425,open,1.05,6.0,0.961,1.137,1.048229,96.2,1.165,0.0,ETH-27MAR20-360-P,179.17,0.0,0.0,0.0,0.0,0.0,0.0,0.36644,-0.10822,-1.47366,0.00259,-0.7718
180.39,ETH-27DEC19,1571223542425,open,1.9,37.0,1.8,1.982,1.886672,108.93,0.707,0.0,ETH-27DEC19-520-P,179.17,0.0,0.002,25.0,0.0,0.0,0.0,0.04785,-0.03626,-1.01629,0.00069,-0.97432
180.39,ETH-27DEC19,1571223542425,open,0.27,18.0,0.235,0.307,0.273485,85.25,0.305,0.0,ETH-27DEC19-140-C,179.17,0.0,0.0,0.0,0.0,0.0,0.0,0.22078,-0.13093,0.18877,0.00404,0.80489
179.2,SYN.ETH-18OCT19,1571223542425,open,0.0,8.0,0.001,0.011,4.6e-05,120.0,0.001,0.0,ETH-18OCT19-140-P,179.17,0.0,0.0,0.0,0.001,100.0,174.33,0.00074,-0.00818,-2e-05,0.00037,-0.00179
179.32,SYN.ETH-25OCT19,1571223542425,open,0.0,3325.0,0.001,0.011,0.000867,120.0,0.001,0.0,ETH-25OCT19-120-P,179.17,0.0,0.0,0.0,0.002,203.0,136.72,0.00907,-0.06134,-0.00058,0.00097,-0.01254
179.32,SYN.ETH-25OCT19,1571223542425,open,0.22,12.0,0.196,0.248,0.222712,100.92,0.192,0.0,ETH-25OCT19-140-C,179.17,0.0,0.0,0.0,0.0,0.0,0.0,0.02852,-0.16217,0.03174,0.00361,0.95069
179.2,SYN.ETH-18OCT19,1571223542425,open,0.0,246.0,0.001,0.011,5.3e-05,120.0,0.001,0.0,ETH-18OCT19-230-C,179.17,0.0,0.0,0.0,0.001,3.0,169.27,0.00086,-0.00941,2e-05,0.00044,0.00213
179.2,SYN.ETH-18OCT19,1571223542425,open,0.07,412.0,0.031,0.097,0.063546,71.21,0.055,0.0,ETH-18OCT19-190-P,179.17,49.33,0.061,40.0,0.067,40.0,90.8,0.02735,-0.51916,-0.00859,0.02327,-0.86879
179.2,SYN.ETH-18OCT19,1571223542425,open,0.0,281.0,0.001,0.011,0.000272,120.0,0.001,0.0,ETH-18OCT19-220-C,179.17,0.0,0.0,0.0,0.002,329.0,162.05,0.00331,-0.04866,9e-05,0.00167,0.00961
179.91,SYN.ETH-29NOV19,1571223542425,open,0.07,22.0,0.034,0.097,0.064989,85.92,0.066,0.0,ETH-29NOV19-160-P,179.17,82.57,0.061,320.0,0.07,533.0,90.1,0.21477,-0.21028,-0.07756,0.00642,-0.29365
180.39,ETH-27DEC19,1571223542427,open,0.46,0.0,0.433,0.479,0.456471,93.92,None,0.0,ETH-27DEC19-100-C,179.17,0.0,0.0,0.0,0.0,0.0,0.0,0.08543,-0.05581,0.17453,0.00142,0.94781
179.91,SYN.ETH-29NOV19,1571223542427,open,0.57,0.0,0.516,0.623,0.567906,86.67,None,0.0,ETH-29NOV19-280-P,179.17,0.0,0.0,0.0,0.0,0.0,0.0,0.1039,-0.10262,-0.31895,0.00308,-0.90687
180.39,ETH-27DEC19,1571223542433,open,0.01,895.0,0.002,0.027,0.011545,98.96,0.025,0.0,ETH-27DEC19-380-C,179.17,96.26,0.01,160.0,0.013,480.0,101.33,0.1073,-0.07387,0.02071,0.00169,0.06984
179.32,SYN.ETH-25OCT19,1571223542433,open,0.0,4693.0,0.001,0.011,3.4e-05,120.0,0.001,0.0,ETH-25OCT19-100-P,179.17,0.0,0.0,0.0,0.001,100.0,171.15,0.00064,-0.0043,-3e-05,7e-05,-0.00065
179.91,SYN.ETH-29NOV19,1571223542433,open,0.36,0.0,0.31,0.412,0.360772,82.34,None,0.0,ETH-29NOV19-240-P,179.17,0.0,0.0,0.0,0.0,0.0,0.0,0.17094,-0.16039,-0.25254,0.00534,-0.80694
180.39,ETH-27DEC19,1571223542435,open,1.45,0.0,1.37,1.53,1.446573,104.56,None,0.0,ETH-27DEC19-440-P,179.17,0.0,0.001,8.0,0.0,0.0,0.0,0.07661,-0.05572,-0.8529,0.00114,-0.95446
179.91,SYN.ETH-29NOV19,1571223542437,open,0.25,1.0,0.22,0.287,0.255764,91.46,0.289,0.0,ETH-29NOV19-140-C,179.17,0.0,0.0,0.0,0.0,0.0,0.0,0.15854,-0.16525,0.12394,0.00445,0.82883
180.39,ETH-27DEC19,1571223542439,open,0.0,15549.0,0.001,0.012,0.002678,114.26,0.003,0.0,ETH-27DEC19-600-C,179.17,110.28,0.002,1161.0,0.004,1656.0,120.34,0.03398,-0.02701,0.00514,0.00046,0.01714
179.32,SYN.ETH-25OCT19,1571223542439,open,0.57,3.0,0.516,0.612,0.561949,115.86,0.645,0.0,ETH-25OCT19-280-P,179.17,0.0,0.0,0.0,0.0,0.0,0.0,0.00663,-0.04326,-0.06773,0.00073,-0.99125
181.45,ETH-27MAR20,1571223542441,open,2.12,0.0,2.006,2.228,2.112243,104.21,None,0.0,ETH-27MAR20-560-P,179.17,0.0,0.01,10.0,0.0,0.0,0.0,0.21566,-0.06899,-2.43745,0.00141,-0.8981
180.39,ETH-27DEC19,1571223542441,open,0.01,1084.0,0.003,0.03,0.013585,96.8,0.019,0.0,ETH-27DEC19-360-C,179.17,94.35,0.012,480.0,0.015,480.0,98.85,0.12088,-0.0814,0.02419,0.00195,0.08168
180.39,ETH-27DEC19,1571223542441,open,0.01,8732.0,0.001,0.02,0.007413,104.56,0.006,0.0,ETH-27DEC19-440-C,179.17,101.02,0.006,160.0,0.009,780.0,108.08,0.07661,-0.05572,0.01354,0.00114,0.04554
180.39,ETH-27DEC19,1571223542441,open,0.02,926.0,0.004,0.036,0.016794,95.3,0.03,0.0,ETH-27DEC19-340-C,179.17,92.92,0.015,160.0,0.018,160.0,96.84,0.13947,-0.09246,0.0292,0.00228,0.09901
181.45,ETH-27MAR20,1571223542441,open,0.85,7.0,0.762,0.929,0.845965,94.74,0.945,0.0,ETH-27MAR20-320-P,179.17,0.0,0.0,0.0,0.0,0.0,0.0,0.40869,-0.11886,-1.26719,0.00294,-0.71906
179.32,SYN.ETH-25OCT19,1571223542441,open,0.01,1943.0,0.002,0.029,0.011612,74.9,0.011,0.0,ETH-25OCT19-200-C,179.17,71.0,0.01,161.0,0.013,161.0,78.11,0.076,-0.32068,0.0078,0.01298,0.1905
179.32,SYN.ETH-25OCT19,1571223542441,open,0.0,3.0,0.001,0.011,0.001942,112.38,0.001,0.0,ETH-25OCT19-130-P,179.17,100.79,0.001,699.0,0.003,200.0,121.84,0.01756,-0.11117,-0.00127,0.002,-0.02724
179.32,SYN.ETH-25OCT19,1571223542441,open,0.01,291.0,0.001,0.018,0.005871,88.73,0.008,0.0,ETH-25OCT19-150-P,179.17,85.08,0.005,200.0,0.007,201.0,93.13,0.04427,-0.22131,-0.00405,0.00638,-0.08699
181.45,ETH-27MAR20,1571223542443,open,0.41,40.0,0.372,0.451,0.415018,94.14,0.459,0.0,ETH-27MAR20-120-C,179.17,0.0,0.1,1.0,0.0,0.0,0.0,0.30152,-0.08714,0.33962,0.00218,0.83446
180.39,ETH-27DEC19,1571223542449,open,0.04,2935.0,0.018,0.072,0.043127,87.7,0.046,0.0,ETH-27DEC19-260-C,179.17,86.86,0.042,320.0,0.044,40.0,88.35,0.24201,-0.14764,0.06575,0.00431,0.22822
181.45,ETH-27MAR20,1571223542449,open,0.05,996.0,0.021,0.087,0.051521,97.85,0.055,0.0,ETH-27MAR20-400-C,179.17,96.44,0.049,260.0,0.054,299.0,99.21,0.32758,-0.0984,0.11111,0.00228,0.18874
180.39,ETH-27DEC19,1571223542449,open,0.39,2287.0,0.33,0.447,0.389326,87.02,0.354,0.0,ETH-27DEC19-240-P,179.17,0.0,0.001,15.0,0.0,0.0,0.0,0.27509,-0.16653,-0.38964,0.00493,-0.70756
180.39,ETH-27DEC19,1571223542449,open,0.09,7108.0,0.053,0.127,0.090221,84.11,0.091,0.0,ETH-27DEC19-160-P,179.17,82.04,0.087,393.0,0.091,170.0,84.61,0.28069,-0.16424,-0.14065,0.00521,-0.30573
181.45,ETH-27MAR20,1571223542449,open,0.06,529.0,0.028,0.103,0.064211,96.2,0.075,0.0,ETH-27MAR20-360-C,179.17,94.6,0.061,260.0,0.068,327.0,98.06,0.36644,-0.10822,0.13278,0.00259,0.2282
181.45,ETH-27MAR20,1571223542449,open,0.02,45.0,0.005,0.045,0.020677,107.67,0.019,0.0,ETH-27MAR20-640-C,179.17,104.92,0.018,240.0,0.023,282.0,109.9,0.1833,-0.06059,0.04952,0.00116,0.08183
179.91,SYN.ETH-29NOV19,1571223542449,open,0.45,0.0,0.43,0.474,0.452605,112.89,None,0.0,ETH-29NOV19-100-C,179.17,0.0,0.0,0.0,0.0,0.0,0.0,0.05904,-0.07596,0.10867,0.00134,0.95508
179.91,SYN.ETH-29NOV19,1571223542451,open,0.11,277.0,0.075,0.147,0.113248,82.31,0.124,0.0,ETH-29NOV19-180-C,179.17,79.21,0.109,320.0,0.116,170.0,84.32,0.24639,-0.2311,0.09577,0.00769,0.55607
179.2,SYN.ETH-18OCT19,1571223542451,open,0.0,293.0,0.001,0.011,0.000484,104.0,0.001,0.0,ETH-18OCT19-210-C,179.17,0.0,0.0,0.0,0.001,10.0,116.48,0.00577,-0.08671,0.00016,0.00336,0.01831
179.32,SYN.ETH-25OCT19,1571223542451,open,0.0,21.0,0.001,0.012,0.002015,87.07,0.002,0.0,ETH-25OCT19-230-C,179.17,77.64,0.001,220.0,0.003,300.0,93.73,0.02348,-0.11519,0.0016,0.00345,0.03876
181.45,ETH-27MAR20,1571223542453,open,0.21,1288.0,0.147,0.252,0.20421,91.45,0.2,0.0,ETH-27MAR20-200-C,179.17,89.47,0.199,300.0,0.211,292.0,94.02,0.47843,-0.13431,0.28652,0.00356,0.55808
180.39,ETH-27DEC19,1571223542455,open,0.03,5655.0,0.009,0.044,0.024524,88.52,0.027,0.0,ETH-27DEC19-120-P,179.17,86.66,0.023,734.0,0.026,160.0,90.29,0.14912,-0.09182,-0.04728,0.00263,-0.10858
181.45,ETH-27MAR20,1571223542455,open,1.9,0.0,1.794,2.006,1.896299,102.99,None,0.0,ETH-27MAR20-520-P,179.17,0.0,0.005,10.0,0.0,0.0,0.0,0.23922,-0.07563,-2.24979,0.00158,-0.88227
180.39,ETH-27DEC19,1571223542455,open,0.01,6470.0,0.001,0.024,0.009553,100.32,0.01,0.0,ETH-27DEC19-400-C,179.17,97.18,0.008,2480.0,0.011,160.0,103.0,0.09368,-0.06538,0.01744,0.00146,0.05865
181.45,ETH-27MAR20,1571223542455,open,2.33,0.0,2.219,2.452,2.330701,106.84,None,0.0,ETH-27MAR20-600-P,179.17,0.0,0.02,10.0,0.0,0.0,0.0,0.20264,-0.06646,-2.62106,0.00129,-0.9064
180.39,ETH-27DEC19,1571223542455,open,0.02,1220.0,0.006,0.042,0.020956,93.69,0.022,0.0,ETH-27DEC19-320-C,179.17,91.45,0.019,160.0,0.023,780.0,95.93,0.16092,-0.10488,0.03548,0.00268,0.12084
180.39,ETH-27DEC19,1571223542455,open,0.0,12462.0,0.001,0.012,0.002009,119.63,0.005,0.0,ETH-27DEC19-680-C,179.17,110.91,0.001,1160.0,0.003,2699.0,125.49,0.02633,-0.02191,0.00381,0.00034,0.01274
179.91,SYN.ETH-29NOV19,1571223542457,open,0.68,0.0,0.622,0.733,0.675526,89.12,None,0.0,ETH-29NOV19-300-P,179.17,0.0,0.0,0.0,0.0,0.0,0.0,0.08077,-0.08203,-0.34792,0.00233,-0.93322
180.39,ETH-27DEC19,1571223542460,open,1.01,257.0,0.942,1.082,1.009261,96.8,0.7,0.0,ETH-27DEC19-360-P,179.17,0.0,0.01,2.0,0.0,0.0,0.0,0.12088,-0.0814,-0.68472,0.00195,-0.91832
179.2,SYN.ETH-18OCT19,1571223542460,open,0.34,0.0,0.301,0.381,0.339281,120.0,None,0.0,ETH-18OCT19-240-P,179.17,0.0,0.0,0.0,0.0,0.0,0.0,0.00019,-0.00593,-0.01233,9e-05,-0.9996
179.2,SYN.ETH-18OCT19,1571223542463,open,0.0,994.0,0.001,0.011,0.000598,79.02,0.001,0.0,ETH-18OCT19-200-C,179.17,0.0,0.0,0.0,0.001,200.0,86.41,0.00827,-0.10718,0.00025,0.00634,0.02806
181.45,ETH-27MAR20,1571223542465,open,0.11,1076.0,0.061,0.154,0.108728,93.45,0.112,0.0,ETH-27MAR20-280-C,179.17,91.53,0.104,260.0,0.113,284.0,95.17,0.44939,-0.12892,0.19611,0.00327,0.35093
181.45,ETH-27MAR20,1571223542465,open,1.26,3.0,1.166,1.35,1.255985,97.85,1.39,0.0,ETH-27MAR20-400-P,179.17,0.0,0.001,10.0,0.0,0.0,0.0,0.32758,-0.0984,-1.67383,0.00228,-0.81126
179.91,SYN.ETH-29NOV19,1571223542465,open,0.01,13.0,0.001,0.02,0.00807,89.12,0.016,0.0,ETH-29NOV19-300-C,179.17,84.13,0.006,200.0,0.01,500.0,93.17,0.08077,-0.08203,0.0127,0.00233,0.06678
179.2,SYN.ETH-18OCT19,1571223542465,open,0.17,2.0,0.138,0.21,0.172347,104.0,0.118,0.0,ETH-18OCT19-210-P,179.17,0.0,0.154,6.0,0.193,6.0,255.51,0.00577,-0.15999,-0.01063,0.00336,-0.98169
179.91,SYN.ETH-29NOV19,1571223542465,open,0.03,376.0,0.014,0.057,0.03391,91.46,0.035,0.0,ETH-29NOV19-140-P,179.17,88.12,0.031,340.0,0.037,615.0,94.93,0.15854,-0.16525,-0.04435,0.00445,-0.17117
179.32,SYN.ETH-25OCT19,1571223542465,open,0.08,106.0,0.047,0.118,0.082468,73.09,0.085,0.0,ETH-25OCT19-190-P,179.17,68.66,0.08,120.0,0.087,120.0,81.05,0.10079,-0.41498,-0.03298,0.01764,-0.67385
180.39,ETH-27DEC19,1571223542467,open,0.69,1.0,0.627,0.754,0.689214,91.68,0.494,0.0,ETH-27DEC19-300-P,179.17,0.0,0.001,5.0,0.0,0.0,0.0,0.18462,-0.11774,-0.54763,0.00314,-0.85243
181.45,ETH-27MAR20,1571223542467,open,2.55,0.0,2.431,2.675,2.547819,107.67,None,0.0,ETH-27MAR20-640-P,179.17,0.0,0.0,0.0,0.0,0.0,0.0,0.1833,-0.06059,-2.80639,0.00116,-0.91817
179.2,SYN.ETH-18OCT19,1571223542467,open,0.0,0.0,0.001,0.011,9e-06,120.0,None,0.0,ETH-18OCT19-240-C,179.17,0.0,0.0,0.0,0.002,300.0,215.17,0.00019,-0.00157,0.0,9e-05,0.0004
179.32,SYN.ETH-25OCT19,1571223542467,open,0.29,0.0,0.246,0.327,0.284633,87.07,None,0.0,ETH-25OCT19-230-P,179.17,0.0,0.0,0.0,0.0,0.0,0.0,0.02348,-0.11519,-0.05433,0.00345,-0.96124
179.2,SYN.ETH-18OCT19,1571223542467,open,0.23,0.0,0.192,0.267,0.227938,120.0,None,0.0,ETH-18OCT19-220-P,179.17,0.0,0.0,0.0,0.0,0.0,0.0,0.00331,-0.10574,-0.01122,0.00167,-0.99039
181.45,ETH-27MAR20,1571223542470,open,0.04,1150.0,0.012,0.065,0.035009,100.86,0.035,0.0,ETH-27MAR20-480-C,179.17,98.73,0.032,240.0,0.038,580.0,102.89,0.26203,-0.08113,0.08028,0.00177,0.13415
181.45,ETH-27MAR20,1571223542470,open,0.03,905.0,0.008,0.053,0.025993,104.21,0.03,0.0,ETH-27MAR20-560-C,179.17,102.5,0.024,20.0,0.028,242.0,105.87,0.21566,-0.06899,0.06146,0.00141,0.1019
180.39,ETH-27DEC19,1571223542470,open,0.11,6516.0,0.068,0.147,0.109312,85.09,0.11,0.0,ETH-27DEC19-200-C,179.17,83.21,0.106,320.0,0.112,365.0,86.61,0.31821,-0.18835,0.12682,0.00584,0.46632
179.91,SYN.ETH-29NOV19,1571223542470,open,0.19,0.0,0.137,0.229,0.183733,82.34,None,0.0,ETH-29NOV19-200-P,179.17,0.0,0.0,0.0,0.0,0.0,0.0,0.24247,-0.22751,-0.16737,0.00757,-0.59018
179.32,SYN.ETH-25OCT19,1571223542470,open,0.0,1170.0,0.001,0.011,0.000501,99.15,0.001,0.0,ETH-25OCT19-260-C,179.17,0.0,0.0,0.0,0.001,30.0,108.43,0.00747,-0.04172,0.00042,0.00096,0.01003
179.91,SYN.ETH-29NOV19,1571223542470,open,0.27,0.0,0.218,0.316,0.267297,82.34,None,0.0,ETH-29NOV19-220-P,179.17,0.0,0.0,0.0,0.0,0.0,0.0,0.21251,-0.1994,-0.21199,0.00663,-0.7129
179.32,SYN.ETH-25OCT19,1571223542470,open,0.13,736.0,0.089,0.165,0.126933,74.9,0.148,0.0,ETH-25OCT19-200-P,179.17,0.0,0.106,19.0,0.154,19.0,128.09,0.076,-0.32068,-0.04083,0.01298,-0.8095
179.91,SYN.ETH-29NOV19,1571223542472,open,0.02,147.0,0.005,0.035,0.017167,84.14,0.018,0.0,ETH-29NOV19-260-C,179.17,81.13,0.015,200.0,0.019,300.0,86.55,0.13345,-0.12796,0.02486,0.00408,0.13214
179.91,SYN.ETH-29NOV19,1571223542472,open,0.12,161.0,0.073,0.153,0.113722,82.31,0.11,0.0,ETH-29NOV19-180-P,179.17,79.59,0.11,320.0,0.119,140.0,86.16,0.24639,-0.2311,-0.1206,0.00769,-0.44393
179.2,SYN.ETH-18OCT19,1571223542472,open,0.29,0.0,0.247,0.323,0.283522,120.0,None,0.0,ETH-18OCT19-230-P,179.17,0.0,0.0,0.0,0.0,0.0,0.0,0.00086,-0.02759,-0.0118,0.00044,-0.99787
180.39,ETH-27DEC19,1571223542474,open,0.59,311.0,0.524,0.647,0.584837,89.15,0.71,0.0,ETH-27DEC19-280-P,179.17,0.0,0.001,8.0,0.0,0.0,0.0,0.21039,-0.13048,-0.49886,0.00368,-0.81953
180.39,ETH-27DEC19,1571223542474,open,0.0,7122.0,0.001,0.013,0.003022,110.63,0.006,0.0,ETH-27DEC19-560-C,179.17,105.08,0.002,1660.0,0.004,300.0,114.82,0.0381,-0.02932,0.00589,0.00054,0.0196
179.91,SYN.ETH-29NOV19,1571223542474,open,0.47,0.0,0.411,0.516,0.462296,84.14,None,0.0,ETH-29NOV19-260-P,179.17,0.0,0.0,0.0,0.0,0.0,0.0,0.13345,-0.12796,-0.28767,0.00408,-0.86786
180.39,ETH-27DEC19,1571223542476,open,0.0,10984.0,0.001,0.014,0.004029,108.93,0.004,0.0,ETH-27DEC19-520-C,179.17,104.67,0.003,360.0,0.005,300.0,112.34,0.04785,-0.03626,0.00769,0.00069,0.02568
179.32,SYN.ETH-25OCT19,1571223542478,open,0.12,700.0,0.086,0.147,0.118212,77.23,0.12,0.0,ETH-25OCT19-160-C,179.17,68.14,0.115,40.0,0.121,40.0,84.39,0.0672,-0.29235,0.0316,0.01113,0.843
179.32,SYN.ETH-25OCT19,1571223542478,open,0.0,1852.0,0.001,0.011,0.001508,94.26,0.002,0.0,ETH-25OCT19-240-C,179.17,88.54,0.001,56.0,0.002,250.0,98.73,0.01802,-0.09568,0.00116,0.00244,0.0281
179.91,SYN.ETH-29NOV19,1571223542478,open,0.04,230.0,0.019,0.072,0.044495,82.34,0.04,0.0,ETH-29NOV19-220-C,179.17,79.35,0.041,220.0,0.043,2.0,81.07,0.21251,-0.1994,0.05247,0.00663,0.2871
180.39,ETH-27DEC19,1571223542482,open,0.49,946.0,0.425,0.544,0.484448,87.7,0.3,0.0,ETH-27DEC19-260-P,179.17,0.0,0.0,0.0,0.0,0.0,0.0,0.24201,-0.14764,-0.44624,0.00431,-0.77178
180.39,ETH-27DEC19,1571223542482,open,0.0,4670.0,0.001,0.011,0.001506,119.92,0.002,0.0,ETH-27DEC19-720-C,179.17,114.88,0.001,1218.0,0.002,300.0,123.76,0.02092,-0.01745,0.00294,0.00027,0.00978
179.32,SYN.ETH-25OCT19,1571223542482,open,0.44,18.0,0.426,0.459,0.442374,120.0,0.411,0.0,ETH-25OCT19-100-C,179.17,0.0,0.0,0.0,0.0,0.0,0.0,0.00064,-0.0043,0.02429,7e-05,0.99935
179.32,SYN.ETH-25OCT19,1571223542482,open,0.33,6.0,0.311,0.353,0.331674,120.0,0.36,0.0,ETH-25OCT19-120-C,179.17,0.0,0.0,0.0,0.0,0.0,0.0,0.00907,-0.06134,0.0286,0.00097,0.98746
179.32,SYN.ETH-25OCT19,1571223542482,open,0.28,0.0,0.253,0.301,0.276984,112.38,None,0.0,ETH-25OCT19-130-C,179.17,0.0,0.0,0.0,0.0,0.0,0.0,0.01756,-0.11117,0.03034,0.002,0.97276
179.91,SYN.ETH-29NOV19,1571223542484,open,0.01,0.0,0.001,0.016,0.005854,91.77,None,0.0,ETH-29NOV19-320-C,179.17,85.94,0.004,200.0,0.008,500.0,97.29,0.06372,-0.06664,0.00942,0.00178,0.0494
180.39,ETH-27DEC19,1571223542486,open,0.2,668.0,0.16,0.24,0.203254,84.11,0.202,0.0,ETH-27DEC19-160-C,179.17,82.02,0.2,248.0,0.207,96.0,86.52,0.28069,-0.16424,0.17442,0.00521,0.69427
179.32,SYN.ETH-25OCT19,1571223542490,open,0.17,0.0,0.14,0.197,0.169381,88.73,None,0.0,ETH-25OCT19-150-C,179.17,0.0,0.0,0.0,0.0,0.0,0.0,0.04427,-0.22131,0.03243,0.00638,0.91301
179.2,SYN.ETH-18OCT19,1571223542490,open,0.16,1.0,0.138,0.189,0.163476,118.85,0.142,0.0,ETH-18OCT19-150-C,179.17,0.0,0.001,10.0,0.0,0.0,0.0,0.0053,-0.16788,0.00755,0.0027,0.98343
8302.62,BTC-27MAR20,1571223542806,open,0.54,1.1,0.518,0.561,0.53900898,88.51,0.5375,0.0,BTC-27MAR20-4000-C,8150.65,0.0,0.012,0.1,0.5765,1.0,125.38,6.85584,-1.86274,14.74856,3e-05,0.93709
8219.96,BTC-27DEC19,1571223542827,open,0.14,443.5,0.1055,0.178,0.14336669,74.51,0.145,0.0,BTC-27DEC19-8000-C,8150.65,72.84,0.1405,38.8,0.1455,14.0,75.75,14.11361,-7.31563,7.35391,0.00014,0.59768
8192.96,SYN.BTC-29NOV19,1571223543111,open,0.14,34.9,0.1115,0.1735,0.1436441,72.29,0.1545,0.0,BTC-29NOV19-7500-C,8150.65,69.33,0.14,22.4,0.145,22.4,73.39,10.10932,-8.32834,5.31818,0.00017,0.68364
8152.46,SYN.BTC-18OCT19,1571223543166,open,0.03,63.2,0.007,0.049,0.02829464,61.3,0.0275,0.0,BTC-18OCT19-8000-C,8150.65,54.27,0.0265,18.0,0.0295,0.5,65.94,2.10551,-34.40662,0.2706,0.00101,0.6742
8302.68,BTC-27MAR20,1571223543201,open,0.01,50.1,0.0005,0.0285,0.01034689,103.73,0.013,0.0,BTC-27MAR20-34000-C,8150.65,101.54,0.009,34.0,0.0115,6.0,105.47,5.32283,-1.69498,1.30982,2e-05,0.0457
8159.21,SYN.BTC-25OCT19,1571223544507,open,0.12,0.0,0.0965,0.142,0.11948778,72.26,None,0.0,BTC-25OCT19-7250-C,8150.65,67.69,0.118,6.0,0.1215,6.0,77.98,2.75712,-11.22349,1.47991,0.00024,0.86538
8159.21,SYN.BTC-25OCT19,1571223544507,open,0.01,10.1,0.0005,0.022,0.00805433,72.26,0.0075,0.0,BTC-25OCT19-7250-P,8150.65,70.6,0.0075,30.0,0.009,30.0,75.0,2.75714,-11.22363,-0.28308,0.00024,-0.13462
8159.21,SYN.BTC-25OCT19,1571223544507,open,0.03,10.8,0.0125,0.055,0.03325432,61.67,0.0325,0.0,BTC-25OCT19-8250-C,8150.65,58.84,0.0315,18.0,0.0355,18.0,65.29,5.06452,-17.59427,0.87307,0.00051,0.4733
8159.21,SYN.BTC-25OCT19,1571223544507,open,0.07,0.0,0.0435,0.0925,0.06887629,63.92,None,0.0,BTC-25OCT19-7750-C,8150.65,60.36,0.067,6.0,0.071,6.0,67.9,4.32455,-15.57289,1.28059,0.00042,0.71431
8159.21,SYN.BTC-25OCT19,1571223544507,open,0.02,8.2,0.0025,0.0325,0.01477987,64.07,0.014,0.0,BTC-25OCT19-8750-C,8150.65,61.5,0.0135,24.0,0.016,27.3,66.47,4.10999,-14.83403,0.48243,0.0004,0.25793
8159.21,SYN.BTC-25OCT19,1571223544507,open,0.05,1.0,0.0205,0.069,0.04438177,61.67,0.047,0.0,BTC-25OCT19-8250-P,8150.65,58.64,0.0425,18.0,0.045,0.2,62.66,5.06452,-17.59434,-1.13308,0.00051,-0.5267
8159.21,SYN.BTC-25OCT19,1571223544507,open,0.09,0.0,0.0595,0.1145,0.08718777,64.07,None,0.0,BTC-25OCT19-8750-P,8150.65,59.65,0.085,6.0,0.089,6.0,67.62,4.11,-14.83413,-1.64531,0.0004,-0.74207
8159.21,SYN.BTC-25OCT19,1571223544507,open,0.02,6.2,0.0045,0.038,0.01872328,63.92,0.0205,0.0,BTC-25OCT19-7750-P,8150.65,62.56,0.018,0.1,0.019,0.4,64.45,4.32456,-15.57297,-0.60397,0.00042,-0.28569
8159.21,SYN.BTC-25OCT19,1571223544507,open,0.14,0.0,0.1135,0.1685,0.14015223,67.74,None,0.0,BTC-25OCT19-9250-P,8150.65,0.0,0.0,0.0,0.0,0.0,0.0,2.66561,-10.17265,-2.0078,0.00024,-0.8718
8159.21,SYN.BTC-25OCT19,1571223544509,open,0.01,8.6,0.0005,0.019,0.00646388,67.74,0.0055,0.0,BTC-25OCT19-9250-C,8150.65,64.69,0.0055,30.0,0.007,0.1,69.36,2.66558,-10.17246,0.24152,0.00024,0.12819
180.39,ETH-27DEC19,1571223545392,open,0.05,2515.0,0.024,0.077,0.049582,85.25,0.05,0.0,ETH-27DEC19-140-P,179.17,83.95,0.048,644.0,0.052,128.0,87.21,0.22078,-0.13093,-0.08692,0.00404,-0.19511
180.39,ETH-27DEC19,1571223545392,open,0.06,5176.0,0.028,0.091,0.058875,87.02,0.059,0.0,ETH-27DEC19-240-C,179.17,85.13,0.056,448.0,0.062,414.0,89.06,0.27509,-0.16653,0.08297,0.00493,0.29244
181.45,ETH-27MAR20,1571223545392,open,0.17,1349.0,0.118,0.221,0.171632,91.59,0.177,0.0,ETH-27MAR20-160-P,179.17,89.61,0.167,300.0,0.176,255.0,93.46,0.42426,-0.11929,-0.38551,0.00315,-0.30449
179.32,SYN.ETH-25OCT19,1571223545394,open,0.02,369.0,0.005,0.046,0.022565,72.22,0.021,0.0,ETH-25OCT19-170-P,179.17,71.17,0.022,160.0,0.023,20.0,73.02,0.09692,-0.39432,-0.01398,0.01716,-0.29796
179.32,SYN.ETH-25OCT19,1571223545394,open,0.02,72.0,0.005,0.046,0.022913,73.09,0.023,0.0,ETH-25OCT19-190-C,179.17,67.85,0.02,389.0,0.025,160.0,76.78,0.10079,-0.41497,0.01322,0.01764,0.32615
180.39,ETH-27DEC19,1571223545401,open,3.0,0.0,2.876,3.12,2.992858,119.92,None,0.0,ETH-27DEC19-720-P,179.17,0.0,0.003,5.0,0.0,0.0,0.0,0.02092,-0.01745,-1.41488,0.00027,-0.99022
179.2,SYN.ETH-18OCT19,1571223545411,open,0.0,721.0,0.001,0.017,0.003289,71.21,0.005,0.0,ETH-18OCT19-190-C,179.17,52.49,0.001,210.0,0.003,200.0,69.28,0.02735,-0.51916,0.00118,0.02327,0.13121
179.91,SYN.ETH-29NOV19,1571223545413,open,0.17,6.0,0.136,0.21,0.175679,85.92,0.185,0.0,ETH-29NOV19-160-C,179.17,81.98,0.171,320.0,0.179,140.0,88.69,0.21477,-0.21028,0.11477,0.00642,0.70635
180.39,ETH-27DEC19,1571223545417,open,0.08,5606.0,0.043,0.114,0.079505,85.69,0.081,0.0,ETH-27DEC19-220-C,179.17,83.6,0.076,406.0,0.083,406.0,87.77,0.30224,-0.18017,0.10319,0.0055,0.36999
179.2,SYN.ETH-18OCT19,1571223545423,open,0.0,997.0,0.001,0.013,0.001925,103.46,0.002,0.0,ETH-18OCT19-160-P,179.17,90.53,0.001,219.0,0.003,200.0,114.84,0.01506,-0.34492,-0.00056,0.00882,-0.05877
181.45,ETH-27MAR20,1571223545425,open,0.65,150.0,0.571,0.729,0.651853,93.45,0.61,0.0,ETH-27MAR20-280-P,179.17,79.28,0.618,11.0,0.699,11.0,111.93,0.44939,-0.12892,-1.05335,0.00327,-0.64907
179.32,SYN.ETH-25OCT19,1571223545425,open,0.04,1335.0,0.016,0.07,0.04312,72.22,0.04,0.0,ETH-25OCT19-180-C,179.17,67.2,0.04,162.0,0.046,120.0,76.85,0.11153,-0.45373,0.02032,0.01975,0.50907
180.39,ETH-27DEC19,1571223545433,open,0.15,2406.0,0.1,0.191,0.146809,84.11,0.151,0.0,ETH-27DEC19-180-P,179.17,81.92,0.143,665.0,0.152,325.0,87.1,0.31349,-0.18343,-0.20266,0.00582,-0.4237
181.45,ETH-27MAR20,1571223545440,open,0.47,175.0,0.394,0.541,0.469912,92.32,0.459,0.0,ETH-27MAR20-240-P,179.17,89.31,0.462,300.0,0.478,24.0,95.38,0.47849,-0.1356,-0.83205,0.00353,-0.5577
181.45,ETH-27MAR20,1571223545440,open,0.31,1065.0,0.239,0.368,0.306442,91.45,0.315,0.0,ETH-27MAR20-200-P,179.17,89.01,0.3,300.0,0.312,156.0,93.56,0.47843,-0.13431,-0.60595,0.00356,-0.44192
179.2,SYN.ETH-18OCT19,1571223545440,open,0.02,441.0,0.001,0.043,0.018199,71.0,0.021,0.0,ETH-18OCT19-180-C,179.17,52.77,0.013,184.0,0.018,120.0,70.3,0.05115,-0.96811,0.00421,0.04366,0.47533
180.39,ETH-27DEC19,1571223545442,open,2.34,0.0,2.23,2.436,2.328805,114.26,0.953,0.0,ETH-27DEC19-600-P,179.17,0.0,0.0,0.0,0.0,0.0,0.0,0.03398,-0.02701,-1.17638,0.00046,-0.98286
179.32,SYN.ETH-25OCT19,1571223545442,open,0.07,211.0,0.042,0.104,0.074542,72.22,0.083,0.0,ETH-25OCT19-170-C,179.17,69.35,0.073,123.0,0.078,120.0,78.56,0.09692,-0.39433,0.02736,0.01716,0.70204
179.32,SYN.ETH-25OCT19,1571223545442,open,0.01,27.0,0.001,0.019,0.006076,78.25,0.007,0.0,ETH-25OCT19-210-C,179.17,74.38,0.005,200.0,0.007,201.0,81.32,0.05214,-0.22983,0.00448,0.00852,0.10872
180.39,ETH-27DEC19,1571223545444,open,2.12,0.0,2.015,2.208,2.107407,110.63,0.845,0.0,ETH-27DEC19-560-P,179.17,0.0,0.0,0.0,0.0,0.0,0.0,0.0381,-0.02932,-1.09686,0.00054,-0.9804
180.39,ETH-27DEC19,1571223545449,open,0.22,3496.0,0.165,0.268,0.218021,85.09,0.223,0.0,ETH-27DEC19-200-P,179.17,82.24,0.213,268.0,0.223,268.0,87.91,0.31821,-0.18835,-0.26702,0.00584,-0.53368
179.32,SYN.ETH-25OCT19,1571223545451,open,0.0,1498.0,0.001,0.013,0.003411,82.6,0.003,0.0,ETH-25OCT19-220-C,179.17,74.31,0.002,200.0,0.004,200.0,85.49,0.03498,-0.16278,0.00264,0.00542,0.06389
179.2,SYN.ETH-18OCT19,1571223545453,open,0.0,307.0,0.001,0.011,0.000521,118.85,0.001,0.0,ETH-18OCT19-150-P,179.17,0.0,0.0,0.0,0.001,200.0,131.83,0.0053,-0.09338,-0.00016,0.0027,-0.01657
180.39,ETH-27DEC19,1571223545455,open,2.56,0.0,2.445,2.663,2.549883,115.19,None,0.0,ETH-27DEC19-640-P,179.17,0.0,0.0,0.0,0.0,0.0,0.0,0.02707,-0.02169,-1.25633,0.00037,-0.98685
180.39,ETH-27DEC19,1571223545455,open,2.78,0.0,2.661,2.892,2.771619,119.63,None,0.0,ETH-27DEC19-680-P,179.17,0.0,0.002,10.0,0.0,0.0,0.0,0.02633,-0.02191,-1.33524,0.00034,-0.98726
179.2,SYN.ETH-18OCT19,1571223545455,open,0.12,90.0,0.084,0.152,0.116658,79.02,0.087,0.0,ETH-18OCT19-200-P,179.17,0.0,0.099,6.0,0.138,6.0,211.56,0.00827,-0.17414,-0.01002,0.00634,-0.97194
181.45,ETH-27MAR20,1571223545457,open,0.29,322.0,0.236,0.335,0.289846,91.59,0.29,0.0,ETH-27MAR20-160-C,179.17,89.52,0.285,300.0,0.296,560.0,94.23,0.42426,-0.11929,0.32847,0.00315,0.69551
181.45,ETH-27MAR20,1571223545470,open,0.04,956.0,0.015,0.075,0.042007,99.33,0.05,0.0,ETH-27MAR20-440-C,179.17,97.43,0.039,260.0,0.045,592.0,101.16,0.29234,-0.08914,0.09382,0.002,0.15787
181.45,ETH-27MAR20,1571223545470,open,0.08,1405.0,0.043,0.11,0.076357,94.14,0.07,0.0,ETH-27MAR20-120-P,179.17,92.72,0.074,320.0,0.079,417.0,95.73,0.30152,-0.08714,-0.19586,0.00218,-0.16554
179.2,SYN.ETH-18OCT19,1571223545470,open,0.06,352.0,0.025,0.085,0.056237,77.07,0.081,0.0,ETH-18OCT19-170-C,179.17,0.0,0.051,40.0,0.057,40.0,81.29,0.03165,-0.65024,0.00719,0.02489,0.83689
180.39,ETH-27DEC19,1571223545476,open,0.03,1545.0,0.012,0.058,0.032644,89.15,0.031,0.0,ETH-27DEC19-280-C,179.17,87.73,0.031,448.0,0.033,20.0,89.45,0.21039,-0.13047,0.05251,0.00368,0.18047
179.91,SYN.ETH-29NOV19,1571223545478,open,0.02,110.0,0.005,0.032,0.016347,99.22,0.017,0.0,ETH-29NOV19-120-P,179.17,94.87,0.014,640.0,0.018,352.0,102.13,0.10014,-0.11323,-0.0227,0.00259,-0.08862
180.39,ETH-27DEC19,1571223545482,open,3.23,0.0,3.091,3.347,3.214209,119.93,None,0.0,ETH-27DEC19-760-P,179.17,0.0,0.0,0.0,0.0,0.0,0.0,0.01642,-0.0137,-1.49435,0.00021,-0.99258
179.32,SYN.ETH-25OCT19,1571223545482,open,0.23,483.0,0.192,0.271,0.230263,82.6,0.23,0.0,ETH-25OCT19-220-P,179.17,0.0,0.205,16.0,0.255,15.0,152.09,0.03498,-0.16278,-0.05086,0.00542,-0.93611
179.2,SYN.ETH-18OCT19,1571223545486,open,0.02,495.0,0.002,0.051,0.022653,71.0,0.013,0.0,ETH-18OCT19-180-P,179.17,54.68,0.018,252.0,0.025,252.0,79.22,0.05115,-0.96811,-0.00504,0.04366,-0.52467
8302.78,BTC-27MAR20,1571223545661,open,0.01,37.6,0.003,0.036,0.01461689,98.44,0.0135,0.0,BTC-27MAR20-28000-C,8150.65,97.08,0.0135,0.8,0.0155,6.0,99.47,6.97106,-2.10654,1.83967,2e-05,0.06427
8219.97,BTC-27DEC19,1571223545661,open,0.21,52.9,0.177,0.245,0.21245952,76.44,0.21,0.0,BTC-27DEC19-7000-C,8150.65,73.68,0.2085,13.5,0.2155,25.5,78.55,11.83279,-6.29247,8.53844,0.00012,0.73996
8219.97,BTC-27DEC19,1571223545661,open,0.49,73.1,0.4445,0.534,0.48814063,77.54,0.446,0.0,BTC-27DEC19-12000-P,8150.65,0.0,0.457,5.0,0.5135,5.0,97.09,9.46538,-5.10581,-21.22563,9e-05,-0.82316
8152.46,SYN.BTC-18OCT19,1571223545663,open,0.0,423.3,0.0005,0.0105,0.00096492,78.91,0.001,0.0,BTC-18OCT19-9000-C,8150.65,70.38,0.0005,44.8,0.0015,22.0,86.12,0.53108,-7.86647,0.01749,0.0002,0.04271
8192.97,SYN.BTC-29NOV19,1571223545663,open,0.02,66.0,0.008,0.0445,0.02387826,72.18,0.023,0.0,BTC-29NOV19-10500-C,8150.65,70.72,0.0225,19.3,0.025,33.8,73.35,7.78733,-6.40579,1.66746,0.00013,0.19319
8159.21,SYN.BTC-25OCT19,1571223545663,open,0.02,471.0,0.0065,0.044,0.02261314,63.15,0.0215,0.0,BTC-25OCT19-8500-C,8150.65,59.49,0.0205,38.4,0.024,34.0,65.52,4.74652,-16.88465,0.66358,0.00046,0.35707
8159.21,SYN.BTC-25OCT19,1571223545663,open,0.0,368.2,0.0005,0.0105,0.00051794,102.81,0.0005,0.0,BTC-25OCT19-12000-C,8150.65,0.0,0.0,0.0,0.001,30.1,111.9,0.33944,-1.96596,0.01884,2e-05,0.01001
8302.78,BTC-27MAR20,1571223545680,open,0.76,58.9,0.69,0.817,0.75234676,83.41,0.755,0.0,BTC-27MAR20-14000-P,8150.65,61.77,0.712,2.0,0.766,3.8,89.6,17.80649,-4.55934,-55.47988,7e-05,-0.74509
8302.78,BTC-27MAR20,1571223545682,open,2.63,0.0,2.5455,2.7165,2.62603396,100.17,None,0.0,BTC-27MAR20-30000-P,8150.65,0.0,0.0005,1.0,0.0,0.0,0.0,6.29877,-1.93691,-132.25231,2e-05,-0.94354
8302.78,BTC-27MAR20,1571223545685,open,2.16,0.0,2.075,2.2305,2.14800695,96.16,None,0.0,BTC-27MAR20-26000-P,8150.65,0.0,0.0015,1.0,0.0,0.0,0.0,7.667,-2.26321,-113.93954,3e-05,-0.92729
8219.97,BTC-27DEC19,1571223545685,open,0.05,405.1,0.022,0.072,0.04549378,78.21,0.0475,0.0,BTC-27DEC19-6500-P,8150.65,76.99,0.044,19.3,0.047,38.3,79.42,10.14005,-5.51658,-3.93596,0.0001,-0.19767
8302.78,BTC-27MAR20,1571223545690,open,2.39,0.0,2.31,2.474,2.38704631,98.51,None,0.0,BTC-27MAR20-28000-P,8150.65,0.0,0.0005,1.0,0.0,0.0,0.0,6.98918,-2.11367,-123.10051,2e-05,-0.93551
8192.97,SYN.BTC-29NOV19,1571223545690,open,0.36,0.0,0.3245,0.399,0.36062901,73.5,None,0.0,BTC-29NOV19-11000-P,8150.65,0.0,0.0,0.0,0.0,0.0,0.0,6.67589,-5.5916,-11.9052,0.00011,-0.8482
8159.21,SYN.BTC-25OCT19,1571223545692,open,0.15,8.7,0.126,0.17,0.14793573,79.09,0.1435,0.0,BTC-25OCT19-7000-C,8150.65,46.62,0.1425,9.0,0.1615,9.0,118.36,2.16855,-9.6615,1.49992,0.00017,0.90391
8152.46,SYN.BTC-18OCT19,1571223545692,open,0.32,0.0,0.293,0.3455,0.31863035,115.03,None,0.0,BTC-18OCT19-10750-P,8150.65,0.0,0.0005,0.1,0.0,0.0,0.0,0.00965,-0.2958,-0.55224,0.0,-0.99954
8152.46,SYN.BTC-18OCT19,1571223545692,open,0.01,167.0,0.0005,0.03,0.0112459,57.51,0.0105,0.0,BTC-18OCT19-8250-C,8150.65,52.98,0.01,18.0,0.0125,1.8,62.04,2.24932,-34.48348,0.16052,0.00115,0.3944
8159.21,SYN.BTC-25OCT19,1571223545692,open,0.27,16.3,0.25,0.285,0.26653474,107.71,0.27,0.0,BTC-25OCT19-6000-C,8150.65,0.0,0.2525,10.0,0.2775,10.0,166.61,0.81267,-4.93095,1.40009,5e-05,0.9722
8302.78,BTC-27MAR20,1571223545694,open,0.02,101.8,0.004,0.039,0.01646535,96.09,0.015,0.0,BTC-27MAR20-26000-C,8150.65,94.46,0.015,29.0,0.018,14.2,97.72,7.65106,-2.25697,2.07643,3e-05,0.07251
8192.97,SYN.BTC-29NOV19,1571223545697,open,0.06,92.4,0.0325,0.087,0.05906088,72.29,0.059,0.0,BTC-29NOV19-7500-P,8150.65,71.43,0.058,1.8,0.06,10.0,73.05,10.10928,-8.32803,-3.69731,0.00017,-0.31636
8302.78,BTC-27MAR20,1571223545699,open,1.68,6.0,1.6055,1.7485,1.67282925,91.9,1.54,0.0,BTC-27MAR20-22000-P,8150.65,0.0,1.635,1.0,1.722,1.0,122.65,9.74834,-2.75016,-95.31541,3e-05,-0.89979
8192.97,SYN.BTC-29NOV19,1571223545699,open,0.84,0.0,0.796,0.8785,0.83490267,89.57,None,0.0,BTC-29NOV19-15000-P,8150.65,0.0,0.0,0.0,0.0,0.0,0.0,2.27425,-2.32134,-17.71117,3e-05,-0.96345
8192.97,SYN.BTC-29NOV19,1571223545706,open,0.4,0.0,0.379,0.4135,0.39578726,90.71,None,0.0,BTC-29NOV19-5000-C,8150.65,0.0,0.0005,0.1,0.0,0.0,0.0,2.54837,-2.63418,5.53663,3e-05,0.95796
8219.97,BTC-27DEC19,1571223545712,open,2.66,0.2,2.5785,2.7285,2.65065658,108.74,2.03,0.0,BTC-27DEC19-30000-P,8150.65,0.0,0.0,0.0,0.0,0.0,0.0,0.73857,-0.55869,-58.9739,1e-05,-0.99269
8219.97,BTC-27DEC19,1571223545715,open,0.01,385.8,0.0005,0.0225,0.00870055,86.2,0.008,0.0,BTC-27DEC19-16000-C,8150.65,84.85,0.008,1.0,0.009,24.0,86.76,4.37801,-2.62521,0.83975,4e-05,0.06058
8219.97,BTC-27DEC19,1571223545715,open,0.61,99.0,0.5585,0.648,0.60137975,79.34,0.638,0.0,BTC-27DEC19-13000-P,8150.65,0.0,0.572,4.0,0.636,4.0,108.68,7.72142,-4.26189,-23.81489,7e-05,-0.86988
8219.97,BTC-27DEC19,1571223545715,open,0.0,813.9,0.0005,0.011,0.00100378,108.69,0.0015,0.0,BTC-27DEC19-30000-C,8150.65,101.54,0.0005,108.0,0.0015,23.9,113.45,0.73617,-0.55663,0.10165,1e-05,0.00728
8192.97,SYN.BTC-29NOV19,1571223545717,open,0.01,285.4,0.001,0.0255,0.01082855,76.66,0.0115,0.0,BTC-29NOV19-12000-C,8150.65,75.24,0.01,40.8,0.0115,6.6,77.78,4.8498,-4.23707,0.84189,8e-05,0.09631
8159.21,SYN.BTC-25OCT19,1571223545717,open,0.84,0.0,0.8025,0.876,0.83843491,115.1,None,0.0,BTC-25OCT19-15000-P,8150.65,0.0,0.001,0.1,0.0,0.0,0.0,0.02172,-0.14087,-3.64664,0.0,-0.99952
8219.97,BTC-27DEC19,1571223545719,open,0.09,238.2,0.054,0.122,0.08785891,75.35,0.0875,0.0,BTC-27DEC19-7500-P,8150.65,73.88,0.0855,19.3,0.09,33.3,76.68,13.20176,-6.9199,-6.75551,0.00013,-0.32949
8219.97,BTC-27DEC19,1571223545719,open,0.01,660.7,0.001,0.026,0.01072236,83.26,0.0105,0.0,BTC-27DEC19-15000-C,8150.65,81.24,0.0095,51.0,0.0115,24.0,84.48,5.13658,-2.97519,1.03217,5e-05,0.07449
8152.46,SYN.BTC-18OCT19,1571223545719,open,0.0,147.1,0.0005,0.0105,0.00019585,115.0,0.0005,0.0,BTC-18OCT19-10000-C,8150.65,0.0,0.0,0.0,0.001,30.0,143.41,0.1198,-1.59664,0.00302,3e-05,0.00741
8192.97,SYN.BTC-29NOV19,1571223545719,open,0.01,221.9,0.0005,0.016,0.00606734,90.71,0.006,0.0,BTC-29NOV19-5000-P,8150.65,88.84,0.0055,51.0,0.007,15.3,93.59,2.54847,-2.63432,-0.47376,3e-05,-0.04204
8192.97,SYN.BTC-29NOV19,1571223545719,open,0.03,166.6,0.0125,0.055,0.03203249,71.03,0.0305,0.0,BTC-29NOV19-10000-C,8150.65,69.16,0.03,32.4,0.033,13.9,71.92,8.95552,-7.24948,2.11039,0.00016,0.24632
8159.21,SYN.BTC-25OCT19,1571223545721,open,0.29,0.0,0.262,0.318,0.28840168,83.8,None,0.0,BTC-25OCT19-10500-P,8150.65,0.0,0.273,5.0,0.3105,5.0,161.49,0.8921,-4.2115,-2.49456,7e-05,-0.96889
8192.97,SYN.BTC-29NOV19,1571223545725,open,0.42,0.0,0.3815,0.456,0.41735254,74.83,None,0.0,BTC-29NOV19-11500-P,8150.65,0.0,0.0,0.0,0.0,0.0,0.0,5.66753,-4.83299,-12.7814,9e-05,-0.88044
8192.97,SYN.BTC-29NOV19,1571223545727,open,0.08,88.4,0.0505,0.1105,0.0811219,70.25,0.078,0.0,BTC-29NOV19-8500-C,8150.65,67.63,0.0775,22.4,0.082,11.2,70.88,11.32741,-9.06793,4.01033,0.0002,0.48832
8159.21,SYN.BTC-25OCT19,1571223545727,open,0.0,157.5,0.0005,0.0135,0.00370084,95.75,0.004,0.0,BTC-25OCT19-6500-P,8150.65,94.58,0.0035,20.0,0.0045,56.0,100.12,1.41739,-7.64519,-0.11666,9e-05,-0.0551
8192.97,SYN.BTC-29NOV19,1571223545727,open,0.11,246.2,0.076,0.138,0.10801557,70.25,0.121,0.0,BTC-29NOV19-8000-C,8150.65,68.01,0.105,22.4,0.11,19.2,71.72,11.0622,-8.85561,4.71655,0.0002,0.58692
8302.78,BTC-27MAR20,1571223545735,open,0.03,355.2,0.009,0.057,0.02837343,89.66,0.03,0.0,BTC-27MAR20-20000-C,8150.65,88.24,0.0265,21.0,0.03,6.0,90.85,11.18081,-3.07736,3.44374,4e-05,0.12132
8192.97,SYN.BTC-29NOV19,1571223545735,open,0.28,0.0,0.2605,0.3075,0.28379773,81.07,None,0.0,BTC-29NOV19-6000-C,8150.65,0.0,0.055,0.1,0.0,0.0,0.0,5.19605,-4.80056,6.0109,8e-05,0.89413
8219.97,BTC-27DEC19,1571223545740,open,4.85,0.0,4.725,4.959,4.83952724,115.65,None,0.0,BTC-27DEC19-48000-P,8150.65,0.0,0.001,0.1,0.0,0.0,0.0,0.09219,-0.07417,-94.51107,0.0,-0.99927
8152.46,SYN.BTC-18OCT19,1571223545740,open,0.35,0.0,0.323,0.3765,0.34928945,115.08,None,0.0,BTC-18OCT19-11000-P,8150.65,0.0,0.0005,0.1,0.0,0.0,0.0,0.00371,-0.11371,-0.56521,0.0,-0.99983
8219.97,BTC-27DEC19,1571223545763,open,0.03,774.4,0.01,0.052,0.02827951,77.54,0.027,0.0,BTC-27DEC19-12000-C,8150.65,76.42,0.027,19.6,0.0295,44.3,78.59,9.46516,-5.10559,2.40466,9e-05,0.17684
8302.78,BTC-27MAR20,1571223545771,open,0.02,153.5,0.005,0.043,0.01915282,93.9,0.0175,0.0,BTC-27MAR20-24000-C,8150.65,92.25,0.0175,29.0,0.0205,6.0,95.18,8.55409,-2.46567,2.40249,3e-05,0.084
8219.97,BTC-27DEC19,1571223545774,open,2.17,0.0,2.1015,2.2335,2.16473983,104.56,None,0.0,BTC-27DEC19-26000-P,8150.65,0.0,0.0,0.0,0.0,0.0,0.0,1.15846,-0.84264,-51.02881,1e-05,-0.98777
8159.21,SYN.BTC-25OCT19,1571223545774,open,0.09,35.5,0.0685,0.117,0.09335722,68.54,0.0895,0.0,BTC-25OCT19-7500-C,8150.65,62.99,0.091,6.0,0.0945,6.0,71.12,3.56187,-13.75204,1.40207,0.00032,0.80002
8159.21,SYN.BTC-25OCT19,1571223545774,open,0.0,750.4,0.0005,0.0155,0.00453336,70.62,0.0045,0.0,BTC-25OCT19-9500-C,8150.65,66.37,0.0035,50.0,0.0055,65.0,74.2,2.10603,-8.37888,0.17423,0.00018,0.09235
8152.46,SYN.BTC-18OCT19,1571223545774,open,0.0,8.9,0.0005,0.0105,1e-08,115.0,0.0005,0.0,BTC-18OCT19-5500-P,8150.65,0.0,0.0,0.0,0.0015,49.0,278.59,2e-05,-0.0001,0.0,0.0,0.0
8152.46,SYN.BTC-18OCT19,1571223545774,open,0.11,21.1,0.0825,0.13,0.10492635,78.91,0.1115,0.0,BTC-18OCT19-9000-P,8150.65,0.0,0.1025,6.0,0.106,6.0,92.07,0.53109,-11.17189,-0.44501,0.0002,-0.95729
8152.46,SYN.BTC-18OCT19,1571223545774,open,0.08,23.2,0.0615,0.1045,0.08258999,87.4,0.0795,0.0,BTC-18OCT19-7500-C,8150.65,70.06,0.081,6.0,0.084,6.0,98.66,0.92133,-21.46604,0.34811,0.00031,0.91351
8152.46,SYN.BTC-18OCT19,1571223545774,open,0.0,29.5,0.0005,0.0105,2.788e-05,115.0,0.0005,0.0,BTC-18OCT19-10500-C,8150.65,0.0,0.0,0.0,0.0005,0.1,155.31,0.02378,-0.22728,0.0005,1e-05,0.00123
8219.97,BTC-27DEC19,1571223545777,open,3.39,1.3,3.294,3.4715,3.38008782,113.77,2.2,0.0,BTC-27DEC19-36000-P,8150.65,0.0,0.0,0.0,0.0,0.0,0.0,0.40861,-0.32338,-70.83852,0.0,-0.99624
8219.97,BTC-27DEC19,1571223545783,open,0.0,336.6,0.0005,0.011,0.00100699,113.23,0.0015,0.0,BTC-27DEC19-32000-C,8150.65,105.83,0.0005,36.5,0.0015,20.0,118.09,0.71712,-0.56488,0.09815,0.0,0.00707
8192.97,SYN.BTC-29NOV19,1571223545785,open,0.72,0.0,0.6765,0.756,0.71406348,85.2,None,0.0,BTC-29NOV19-14000-P,8150.65,0.0,0.0,0.0,0.0,0.0,0.0,2.82869,-2.7465,-16.40976,4e-05,-0.95215
8302.78,BTC-27MAR20,1571223545789,open,0.35,11.8,0.3155,0.3905,0.35449385,81.61,0.352,0.0,BTC-27MAR20-6000-C,8150.65,77.48,0.347,16.0,0.3575,9.0,83.25,15.1757,-3.80187,16.7809,6e-05,0.80742
8192.97,SYN.BTC-29NOV19,1571223545794,open,0.06,205.2,0.0325,0.0875,0.0598768,70.25,0.057,0.0,BTC-29NOV19-9000-C,8150.65,67.71,0.0565,38.3,0.0605,12.2,70.71,10.94427,-8.76122,3.30939,0.00019,0.3959
8219.97,BTC-27DEC19,1571223545802,open,0.72,268.3,0.675,0.765,0.71764875,81.4,0.7205,0.0,BTC-27DEC19-14000-P,8150.65,0.0,0.69,4.0,0.7515,4.0,113.71,6.30353,-3.56942,-26.21826,6e-05,-0.90209
8219.97,BTC-27DEC19,1571223545809,open,0.01,620.4,0.0005,0.016,0.0062014,98.46,0.0065,0.0,BTC-27DEC19-4000-P,8150.65,96.12,0.0055,24.0,0.007,32.0,100.95,2.54706,-1.74457,-0.6014,2e-05,-0.03095
8192.97,SYN.BTC-29NOV19,1571223545809,open,0.23,0.0,0.205,0.258,0.23202096,77.19,None,0.0,BTC-29NOV19-6500-C,8150.65,0.0,0.0,0.0,0.0,0.0,0.0,6.88234,-6.05432,5.99784,0.00011,0.84103
8152.46,SYN.BTC-18OCT19,1571223545809,open,0.32,0.0,0.312,0.3385,0.32535691,0.0,None,0.0,BTC-18OCT19-5500-C,8150.65,0.0,0.315,10.0,0.3335,10.0,389.1,0.0,0.0,0.28264,0.0,1.0
8302.78,BTC-27MAR20,1571223545811,open,0.04,219.2,0.013,0.0685,0.03658599,87.78,0.036,0.0,BTC-27MAR20-18000-C,8150.65,86.76,0.035,1.0,0.038,6.0,88.67,13.06541,-3.52061,4.28855,5e-05,0.15234
8159.21,SYN.BTC-25OCT19,1571223545811,open,0.23,323.8,0.202,0.257,0.22813433,77.39,0.2375,0.0,BTC-25OCT19-10000-P,8150.65,0.0,0.213,6.0,0.2335,4.8,100.42,1.35448,-5.90482,-2.33348,0.00011,-0.94797
8152.46,SYN.BTC-18OCT19,1571223545811,open,0.0,619.0,0.0005,0.0175,0.00432746,62.47,0.004,0.0,BTC-18OCT19-8500-C,8150.65,60.72,0.004,28.9,0.0045,0.2,63.38,1.54136,-25.66873,0.07421,0.00072,0.18147
8152.46,SYN.BTC-18OCT19,1571223545811,open,0.0,361.9,0.0005,0.014,0.00255785,87.4,0.0025,0.0,BTC-18OCT19-7500-P,8150.65,86.89,0.0025,1.7,0.003,30.0,91.17,0.92134,-20.8528,-0.03731,0.00031,-0.08649
8159.21,SYN.BTC-25OCT19,1571223545815,open,0.0,852.1,0.0005,0.0115,0.00190016,107.71,0.002,0.0,BTC-25OCT19-6000-P,8150.65,103.41,0.0015,30.0,0.0025,14.0,113.25,0.8127,-4.93116,-0.05893,5e-05,-0.0278
8219.97,BTC-27DEC19,1571223545818,open,1.44,4.6,1.386,1.4935,1.43698997,94.36,1.466,0.0,BTC-27DEC19-20000-P,8150.65,0.0,0.0,0.0,0.0,0.0,0.0,2.33032,-1.52972,-38.99679,2e-05,-0.97219
8219.97,BTC-27DEC19,1571223545824,open,0.01,890.1,0.0045,0.0295,0.01460942,88.2,0.015,0.0,BTC-27DEC19-5000-P,8150.65,87.18,0.014,20.5,0.0155,34.2,89.65,4.96969,-3.04916,-1.39129,4e-05,-0.07134
8302.78,BTC-27MAR20,1571223545827,open,0.01,112.7,0.0025,0.0325,0.01271672,100.08,0.0115,0.0,BTC-27MAR20-30000-C,8150.65,98.42,0.0115,29.0,0.014,6.0,101.73,6.27811,-1.92878,1.612,2e-05,0.05623
8302.78,BTC-27MAR20,1571223545827,open,0.01,70.6,0.0005,0.0275,0.00980084,105.99,0.0095,0.0,BTC-27MAR20-36000-C,8150.65,105.49,0.0095,2.0,0.01,1.0,106.31,5.05851,-1.64582,1.22636,2e-05,0.0429
8219.97,BTC-27DEC19,1571223545827,open,0.01,735.9,0.0005,0.017,0.0057167,90.68,0.005,0.0,BTC-27DEC19-18000-C,8150.65,88.74,0.005,9.9,0.006,24.0,91.4,3.16561,-1.99689,0.56059,3e-05,0.04035
8192.97,SYN.BTC-29NOV19,1571223545829,open,0.21,0.3,0.1655,0.24,0.20304598,70.25,0.2335,0.0,BTC-29NOV19-9500-P,8150.65,51.09,0.181,5.0,0.2225,5.0,85.59,10.07043,-8.06225,-8.76056,0.00018,-0.68648
8152.46,SYN.BTC-18OCT19,1571223545829,open,0.0,14.1,0.0005,0.0105,7.585e-05,115.0,0.001,0.0,BTC-18OCT19-10250-C,8150.65,0.0,0.0,0.0,0.0005,0.1,142.62,0.05521,-0.61837,0.00127,1e-05,0.00311
8159.21,SYN.BTC-25OCT19,1571223545832,open,0.41,0.0,0.382,0.4415,0.41019506,97.47,None,0.0,BTC-25OCT19-11500-P,8150.65,0.0,0.0015,0.1,0.0,0.0,0.0,0.4695,-2.57794,-2.76905,3e-05,-0.98545
8219.97,BTC-27DEC19,1571223545841,open,0.0,411.0,0.0005,0.0125,0.00276233,97.64,0.0035,0.0,BTC-27DEC19-22000-C,8150.65,93.68,0.002,58.0,0.0035,44.0,100.82,1.75992,-1.1954,0.27768,1e-05,0.01992
8219.97,BTC-27DEC19,1571223545841,open,0.03,1066.0,0.013,0.0535,0.03136635,80.45,0.0325,0.0,BTC-27DEC19-6000-P,8150.65,79.09,0.03,43.5,0.033,55.0,82.06,8.29498,-4.64253,-2.84689,8e-05,-0.14451
8219.97,BTC-27DEC19,1571223545841,open,0.1,329.1,0.0595,0.1295,0.09518177,74.51,0.0935,0.0,BTC-27DEC19-9000-C,8150.65,72.7,0.092,40.2,0.0965,16.0,75.26,14.46611,-7.49832,5.85113,0.00015,0.45666
8219.97,BTC-27DEC19,1571223545841,open,0.0,291.4,0.0005,0.0105,0.00091215,115.0,0.0015,0.0,BTC-27DEC19-2500-P,8150.65,122.91,0.0015,0.2,0.002,44.0,128.13,0.5117,-0.40935,-0.09299,0.0,-0.00483
8152.46,SYN.BTC-18OCT19,1571223545841,open,0.17,6.9,0.1425,0.1905,0.16553379,91.77,0.1305,0.0,BTC-18OCT19-9500-P,8150.65,0.0,0.1525,6.0,0.184,6.0,238.66,0.16842,-4.11988,-0.48371,5e-05,-0.98906
8159.21,SYN.BTC-25OCT19,1571223545841,open,0.0,225.0,0.0005,0.0115,0.0015122,83.8,0.002,0.0,BTC-25OCT19-10500-C,8150.65,78.5,0.001,8.5,0.002,30.0,87.89,0.89203,-4.21109,0.05871,7e-05,0.0311
8302.78,BTC-27MAR20,1571223545847,open,3.36,0.0,3.253,3.4495,3.34578153,106.12,None,0.0,BTC-27MAR20-36000-P,8150.65,0.0,0.0005,1.0,0.0,0.0,0.0,5.08574,-1.65681,-159.41066,2e-05,-0.95681
8152.46,SYN.BTC-18OCT19,1571223545847,open,0.23,0.0,0.203,0.2535,0.22681966,115.0,None,0.0,BTC-18OCT19-10000-P,8150.65,0.0,0.0005,0.1,0.0,0.0,0.0,0.11982,-3.67314,-0.51086,3e-05,-0.99259
8159.21,SYN.BTC-25OCT19,1571223545866,open,0.05,684.2,0.026,0.074,0.04988537,63.92,0.046,0.0,BTC-25OCT19-8000-C,8150.65,59.13,0.047,18.0,0.0505,1.0,64.94,4.92276,-17.72703,1.087,0.00048,0.59775
8219.97,BTC-27DEC19,1571223545875,open,0.4,66.8,0.3855,0.428,0.40633396,88.2,0.4155,0.0,BTC-27DEC19-5000-C,8150.65,0.0,0.389,12.0,0.42,12.0,107.76,4.96958,-3.04905,8.45474,4e-05,0.92866
8192.97,SYN.BTC-29NOV19,1571223545875,open,0.0,147.1,0.0005,0.014,0.00406242,89.56,0.007,0.0,BTC-29NOV19-15000-C,8150.65,85.37,0.003,39.0,0.005,42.0,92.73,2.27378,-2.32074,0.31986,3e-05,0.03654
8219.97,BTC-27DEC19,1571223545879,open,0.0,798.1,0.0005,0.0135,0.00388811,94.35,0.003,0.0,BTC-27DEC19-20000-C,8150.65,90.95,0.003,34.0,0.0045,24.0,96.41,2.32917,-1.5288,0.38694,2e-05,0.02779
8219.97,BTC-27DEC19,1571223545879,open,0.0,444.0,0.0005,0.0135,0.00398041,105.3,0.0055,0.0,BTC-27DEC19-3500-P,8150.65,102.95,0.0035,24.0,0.0045,20.0,107.67,1.74082,-1.27523,-0.3827,1e-05,-0.01966
8192.97,SYN.BTC-29NOV19,1571223545881,open,0.01,12.8,0.0005,0.0225,0.00902559,79.18,0.0095,0.0,BTC-29NOV19-12500-C,8150.65,77.13,0.008,39.5,0.01,49.0,81.01,4.24312,-3.82845,0.70397,7e-05,0.08051
8219.97,BTC-27DEC19,1571223545883,open,2.41,0.1,2.34,2.4805,2.40748816,105.33,1.49,0.0,BTC-27DEC19-28000-P,8150.65,0.0,0.0,0.0,0.0,0.0,0.0,0.83969,-0.61526,-55.01921,1e-05,-0.99154
8219.97,BTC-27DEC19,1571223545883,open,0.46,4.1,0.445,0.481,0.46203942,92.63,0.578,0.0,BTC-27DEC19-4500-C,8150.65,0.0,0.0125,1.1,0.0,0.0,0.0,3.60063,-2.32007,7.94169,3e-05,0.95267
8219.97,BTC-27DEC19,1571223545890,open,0.0,665.2,0.0005,0.0105,0.00050447,113.66,0.0005,0.0,BTC-27DEC19-36000-C,8150.65,0.0,0.0,0.0,0.001,40.0,121.27,0.40533,-0.32048,0.05212,0.0,0.00372
8219.97,BTC-27DEC19,1571223545890,open,0.3,102.3,0.273,0.329,0.30143579,80.45,0.3225,0.0,BTC-27DEC19-6000-C,8150.65,69.49,0.291,16.0,0.323,12.0,100.31,8.29491,-4.64244,8.96834,8e-05,0.85549
8302.78,BTC-27MAR20,1571223545894,open,1.92,0.0,1.84,1.9885,1.90980661,93.95,None,0.0,BTC-27MAR20-24000-P,8150.65,0.0,0.0015,1.0,0.0,0.0,0.0,8.56771,-2.47102,-104.68932,3e-05,-0.91582
8219.97,BTC-27DEC19,1571223545896,open,1.2,9.4,1.148,1.2485,1.19550838,90.69,1.1125,0.0,BTC-27DEC19-18000-P,8150.65,0.0,0.0,0.0,0.0,0.0,0.0,3.16652,-1.99762,-34.88477,3e-05,-0.95964
8152.46,SYN.BTC-18OCT19,1571223545896,open,0.0,16.6,0.0005,0.0105,0.00046952,114.7,0.0005,0.0,BTC-18OCT19-9750-C,8150.65,0.0,0.0,0.0,0.001,30.0,128.6,0.23854,-3.82772,0.00666,6e-05,0.01637
8219.97,BTC-27DEC19,1571223545900,open,0.84,212.7,0.7925,0.884,0.83554876,83.27,0.83,0.0,BTC-27DEC19-15000-P,8150.65,0.0,0.8085,3.0,0.8695,3.0,119.35,5.13715,-2.97564,-28.50565,5e-05,-0.9255
8152.46,SYN.BTC-18OCT19,1571223545904,open,0.29,0.0,0.263,0.3145,0.28798288,115.01,None,0.0,BTC-18OCT19-10500-P,8150.65,0.0,0.0005,0.1,0.0,0.0,0.0,0.0238,-0.72968,-0.53908,1e-05,-0.99877
8302.78,BTC-27MAR20,1571223545912,open,0.07,285.1,0.0315,0.1055,0.06613205,83.39,0.0815,0.0,BTC-27MAR20-14000-C,8150.65,82.16,0.0635,14.1,0.0685,4.9,84.49,17.8039,-4.55785,6.99157,7e-05,0.25484
8152.46,SYN.BTC-18OCT19,1571223545912,open,0.0,330.6,0.0005,0.0105,0.00024117,91.76,0.0005,0.0,BTC-18OCT19-9500-C,8150.65,0.0,0.0,0.0,0.0005,1.1,101.37,0.16841,-1.96614,0.00448,5e-05,0.01094
8159.21,SYN.BTC-25OCT19,1571223545912,open,0.21,0.0,0.188,0.2275,0.20705497,95.75,None,0.0,BTC-25OCT19-6500-C,8150.65,0.0,0.19,9.0,0.219,9.0,142.19,1.41737,-7.64502,1.46394,9e-05,0.9449
8152.46,SYN.BTC-18OCT19,1571223545912,open,0.02,105.4,0.0045,0.046,0.02321055,57.51,0.0245,0.0,BTC-18OCT19-8250-P,8150.65,51.28,0.0215,18.0,0.0245,1.0,62.17,2.24932,-34.48356,-0.26344,0.00115,-0.6056
8152.46,SYN.BTC-18OCT19,1571223545914,open,0.05,14.0,0.031,0.075,0.05354131,70.99,0.0515,0.0,BTC-18OCT19-7750-C,8150.65,61.19,0.052,6.0,0.0555,6.0,81.79,1.38554,-26.22125,0.33208,0.00057,0.84619
8152.46,SYN.BTC-18OCT19,1571223545914,open,0.0,255.6,0.0005,0.0175,0.00417476,70.99,0.0045,0.0,BTC-18OCT19-7750-P,8150.65,69.96,0.004,3.5,0.0045,30.0,72.88,1.38555,-26.22133,-0.06619,0.00057,-0.15381
8219.97,BTC-27DEC19,1571223545919,open,0.52,31.1,0.5055,0.5355,0.51958103,98.46,0.6265,0.0,BTC-27DEC19-4000-C,8150.65,0.0,0.019,0.2,0.5455,0.2,150.43,2.54693,-1.74445,7.27542,2e-05,0.96905
8302.78,BTC-27MAR20,1571223545924,open,0.54,44.5,0.479,0.603,0.54104117,81.68,0.585,0.0,BTC-27MAR20-12000-P,8150.65,64.04,0.5,3.0,0.5615,3.0,89.86,20.40727,-5.11696,-44.35911,8e-05,-0.65624
8219.97,BTC-27DEC19,1571223545924,open,0.35,73.3,0.328,0.377,0.35233077,83.78,0.491,0.0,BTC-27DEC19-5500-C,8150.65,43.69,0.332,12.0,0.3695,12.0,103.22,6.52429,-3.8026,8.82224,6e-05,0.89736
8219.97,BTC-27DEC19,1571223545924,open,0.0,555.7,0.0005,0.0105,0.00029177,115.0,0.001,0.0,BTC-27DEC19-40000-C,8150.65,0.0,0.0,0.0,0.001,49.0,128.43,0.25395,-0.20316,0.03117,0.0,0.00222
8302.78,BTC-27MAR20,1571223545937,open,0.01,54.8,0.0015,0.0305,0.01143547,101.98,0.0115,0.0,BTC-27MAR20-32000-C,8150.65,99.83,0.01,34.0,0.0125,6.0,103.47,5.76848,-1.80595,1.44843,2e-05,0.05053
8302.78,BTC-27MAR20,1571223545945,open,1.44,0.2,1.3725,1.5095,1.43725159,89.69,1.478,0.0,BTC-27MAR20-20000-P,8150.65,0.0,1.399,1.0,1.485,1.0,117.4,11.18969,-3.08099,-85.79986,4e-05,-0.87854
8219.97,BTC-27DEC19,1571223545945,open,0.01,540.9,0.0005,0.021,0.00948734,92.63,0.0105,0.0,BTC-27DEC19-4500-P,8150.65,90.31,0.0085,29.0,0.0105,49.0,94.88,3.60076,-2.32019,-0.91974,3e-05,-0.04733
8219.97,BTC-27DEC19,1571223545945,open,0.0,249.1,0.0005,0.0105,2.373e-05,115.0,0.0005,0.0,BTC-27DEC19-1500-P,8150.65,0.0,0.0,0.0,0.001,29.9,164.73,0.02326,-0.01861,-0.00308,0.0,-0.00017
8159.21,SYN.BTC-25OCT19,1571223545947,open,0.01,1268.1,0.0005,0.026,0.01049257,67.57,0.011,0.0,BTC-25OCT19-9000-C,8150.65,66.4,0.01,11.1,0.0105,24.0,67.59,3.45212,-13.14089,0.35606,0.00032,0.18995
8152.46,SYN.BTC-18OCT19,1571223545947,open,0.14,1.6,0.1125,0.159,0.13489513,78.91,0.1155,0.0,BTC-18OCT19-9250-P,8150.65,0.0,0.1225,6.0,0.154,6.0,216.57,0.20532,-4.31922,-0.4697,8e-05,-0.98625
8302.78,BTC-27MAR20,1571223545958,open,0.01,578.8,0.0005,0.024,0.00802707,108.47,0.007,0.0,BTC-27MAR20-40000-C,8150.65,106.4,0.007,9.2,0.009,16.0,110.27,4.31825,-1.43784,1.01138,1e-05,0.03532
8192.97,SYN.BTC-29NOV19,1571223545958,open,0.54,0.0,0.4985,0.5745,0.5347258,79.18,None,0.0,BTC-29NOV19-12500-P,8150.65,0.0,0.0,0.0,0.0,0.0,0.0,4.2434,-3.82881,-14.32189,7e-05,-0.91949
8152.46,SYN.BTC-18OCT19,1571223545958,open,0.11,0.0,0.093,0.1325,0.1118809,96.17,None,0.0,BTC-18OCT19-7250-C,8150.65,76.59,0.111,6.0,0.114,6.0,120.79,0.51643,-13.23854,0.35479,0.00016,0.95874
8219.97,BTC-27DEC19,1571223545965,open,0.64,0.0,0.6275,0.648,0.63726639,111.42,None,0.0,BTC-27DEC19-3000-C,8150.65,0.0,0.01,4.2,0.0,0.0,0.0,1.06748,-0.8274,5.69127,1e-05,0.98887
8159.21,SYN.BTC-25OCT19,1571223545970,open,0.07,137.2,0.0385,0.0925,0.06438082,63.15,0.067,0.0,BTC-25OCT19-8500-P,8150.65,59.03,0.062,18.0,0.066,18.0,65.92,4.74652,-16.88474,-1.40336,0.00046,-0.64293
8159.21,SYN.BTC-25OCT19,1571223545970,open,0.35,27.9,0.322,0.3785,0.3489242,86.85,0.35,0.0,BTC-25OCT19-11000-P,8150.65,0.0,0.3345,5.0,0.373,5.0,182.44,0.51621,-2.52564,-2.64411,4e-05,-0.98375
8219.97,BTC-27DEC19,1571223545974,open,2.9,0.3,2.817,2.9765,2.89396998,113.29,1.875,0.0,BTC-27DEC19-32000-P,8150.65,0.0,0.0,0.0,0.0,0.0,0.0,0.71962,-0.56712,-62.91579,0.0,-0.9929
8302.78,BTC-27MAR20,1571223545976,open,3.12,0.0,3.017,3.2045,3.10543972,103.85,None,0.0,BTC-27MAR20-34000-P,8150.65,0.0,0.0005,1.0,0.0,0.0,0.0,5.34824,-1.70507,-150.40287,2e-05,-0.95403
8302.78,BTC-27MAR20,1571223545979,open,0.19,241.1,0.138,0.237,0.18852108,79.77,0.192,0.0,BTC-27MAR20-8000-P,8150.65,78.37,0.185,4.9,0.1925,29.4,81.35,20.91117,-5.12074,-20.63308,9e-05,-0.36838
8192.97,SYN.BTC-29NOV19,1571223545981,open,0.01,1024.0,0.0005,0.0195,0.00733438,80.96,0.007,0.0,BTC-29NOV19-13000-C,8150.65,79.03,0.0065,39.0,0.008,17.1,82.41,3.65457,-3.37164,0.58007,6e-05,0.06623
8219.97,BTC-27DEC19,1571223545983,open,0.0,342.0,0.0005,0.0105,8.277e-05,115.0,0.0005,0.0,BTC-27DEC19-48000-C,8150.65,0.0,0.0,0.0,0.001,49.0,140.59,0.0862,-0.06896,0.00968,0.0,0.00068
8152.46,SYN.BTC-18OCT19,1571223545985,open,0.05,162.8,0.0235,0.0705,0.0469577,62.47,0.0495,0.0,BTC-18OCT19-8500-P,8150.65,51.09,0.045,6.0,0.048,6.0,67.8,1.54136,-25.66887,-0.36259,0.00072,-0.81853
8152.46,SYN.BTC-18OCT19,1571223545991,open,0.2,0.5,0.1865,0.219,0.20276117,115.0,0.18,0.0,BTC-18OCT19-6500-C,8150.65,0.0,0.19,9.0,0.2135,9.0,274.14,0.0477,-1.46228,0.33289,1e-05,0.99736
8219.97,BTC-27DEC19,1571223545997,open,0.0,524.4,0.0005,0.011,0.00114555,105.29,0.001,0.0,BTC-27DEC19-28000-C,8150.65,96.91,0.0005,83.0,0.0015,20.0,108.44,0.83748,-0.61341,0.11797,1e-05,0.00843
8159.21,SYN.BTC-25OCT19,1571223545999,open,0.01,617.5,0.002,0.029,0.01256399,68.54,0.012,0.0,BTC-25OCT19-7500-P,8150.65,68.39,0.0125,10.0,0.013,24.0,69.53,3.56188,-13.75216,-0.42171,0.00032,-0.19998
8159.21,SYN.BTC-25OCT19,1571223546001,open,0.96,0.0,0.923,1.001,0.96097959,115.38,None,0.0,BTC-25OCT19-16000-P,8150.65,0.0,0.001,0.1,0.0,0.0,0.0,0.00642,-0.04174,-3.89047,0.0,-0.99987
8219.97,BTC-27DEC19,1571223546005,open,0.02,486.4,0.006,0.0405,0.01986354,79.34,0.02,0.0,BTC-27DEC19-13000-C,8150.65,77.87,0.0185,31.0,0.021,48.0,80.54,7.72109,-4.2616,1.78458,7e-05,0.13011
8219.97,BTC-27DEC19,1571223546007,open,3.88,0.0,3.771,3.967,3.8664955,115.19,2.58,0.0,BTC-27DEC19-40000-P,8150.65,0.0,0.001,1.0,0.0,0.0,0.0,0.25798,-0.20672,-78.73618,0.0,-0.99774
8192.97,SYN.BTC-29NOV19,1571223546007,open,0.04,437.5,0.018,0.063,0.03901102,74.04,0.0385,0.0,BTC-29NOV19-7000-P,8150.65,72.12,0.037,39.3,0.0405,19.3,75.46,8.60938,-7.26449,-2.64188,0.00014,-0.22924
8219.97,BTC-27DEC19,1571223546017,open,0.01,682.5,0.0035,0.0325,0.01447745,81.4,0.014,0.0,BTC-27DEC19-14000-C,8150.65,80.1,0.0135,20.0,0.0155,49.0,82.71,6.30309,-3.56905,1.35038,6e-05,0.0979
8219.97,BTC-27DEC19,1571223546017,open,0.04,731.5,0.0175,0.069,0.0412612,75.84,0.041,0.0,BTC-27DEC19-11000-C,8150.65,74.56,0.0395,38.2,0.043,39.3,77.08,11.41036,-6.01945,3.26166,0.00011,0.24276
8219.97,BTC-27DEC19,1571223546017,open,0.0,96.3,0.0005,0.0105,0.00020624,115.0,0.001,0.0,BTC-27DEC19-2000-P,8150.65,126.27,0.0005,11.0,0.001,1.0,137.31,0.15001,-0.12001,-0.02347,0.0,-0.00124
8192.97,SYN.BTC-29NOV19,1571223546020,open,0.02,193.7,0.005,0.032,0.01613383,81.07,0.0175,0.0,BTC-29NOV19-6000-P,8150.65,79.26,0.015,54.0,0.0175,24.0,83.19,5.19612,-4.80068,-1.20156,8e-05,-0.10587
8159.21,SYN.BTC-25OCT19,1571223546020,open,0.03,1791.3,0.011,0.054,0.03037259,63.92,0.031,0.0,BTC-25OCT19-8000-P,8150.65,62.48,0.0295,45.9,0.031,24.0,64.96,4.92276,-17.72709,-0.85835,0.00048,-0.40225
8192.97,SYN.BTC-29NOV19,1571223546020,open,0.01,128.7,0.0005,0.0155,0.00527924,85.2,0.0045,0.0,BTC-29NOV19-14000-C,8150.65,82.83,0.0045,39.0,0.006,18.0,87.21,2.82829,-2.74599,0.41921,4e-05,0.04784
8159.21,SYN.BTC-25OCT19,1571223546020,open,0.0,514.1,0.0005,0.0105,8.613e-05,115.0,0.0005,0.0,BTC-25OCT19-14000-C,8150.65,0.0,0.0,0.0,0.0015,49.3,156.51,0.07124,-0.4615,0.00329,0.0,0.00174
8192.97,SYN.BTC-29NOV19,1571223546023,open,0.26,0.0,0.2155,0.2905,0.25259266,71.04,0.245,0.0,BTC-29NOV19-10000-P,8150.65,46.77,0.23,4.0,0.2735,4.0,88.97,8.95559,-7.24962,-9.91032,0.00016,-0.75368
8219.97,BTC-27DEC19,1571223546029,open,0.82,10.1,0.808,0.8275,0.81754109,114.92,0.8205,0.0,BTC-27DEC19-1500-C,8150.65,0.0,0.81,21.0,0.8245,21.0,224.63,0.02308,-0.01845,2.95075,0.0,0.99984
8219.97,BTC-27DEC19,1571223546029,open,1.69,4.9,1.6245,1.7395,1.67917438,97.66,1.0385,0.0,BTC-27DEC19-22000-P,8150.65,0.0,0.0,0.0,0.0,0.0,0.0,1.76133,-1.19654,-43.04441,1e-05,-0.98006
8192.97,SYN.BTC-29NOV19,1571223546031,open,0.16,20.5,0.1215,0.1945,0.15838095,70.25,0.145,0.0,BTC-29NOV19-9000-P,8150.65,67.71,0.155,14.4,0.161,14.4,72.21,10.94429,-8.76131,-7.50927,0.00019,-0.60409
8192.97,SYN.BTC-29NOV19,1571223546034,open,0.31,0.0,0.2685,0.3435,0.30546644,72.18,None,0.0,BTC-29NOV19-10500-P,8150.65,0.0,0.0,0.0,0.3675,1.0,125.35,7.78744,-6.40596,-10.95428,0.00013,-0.80681
8302.78,BTC-27MAR20,1571223546037,open,2.87,0.0,2.7815,2.9605,2.86564053,102.09,None,0.0,BTC-27MAR20-32000-P,8150.65,0.0,0.001,1.0,0.0,0.0,0.0,5.79146,-1.81504,-141.34008,2e-05,-0.94922
8152.46,SYN.BTC-18OCT19,1571223546043,open,0.0,51.8,0.0005,0.0105,3.26e-06,115.0,0.0005,0.0,BTC-18OCT19-11000-C,8150.65,0.0,0.0,0.0,0.001,29.0,197.05,0.00367,-0.02656,7e-05,0.0,0.00016
8219.97,BTC-27DEC19,1571223546050,open,0.17,213.0,0.138,0.2095,0.17544571,75.35,0.189,0.0,BTC-27DEC19-7500-C,8150.65,73.2,0.172,29.0,0.1775,13.0,76.63,13.20175,-6.91983,8.01349,0.00013,0.67051
8159.21,SYN.BTC-25OCT19,1571223546050,open,0.72,2.0,0.6825,0.7515,0.71593877,115.03,0.372,0.0,BTC-25OCT19-14000-P,8150.65,0.0,0.002,0.1,0.723,1.0,201.59,0.0714,-0.46267,-3.40108,0.0,-0.99825
8302.78,BTC-27MAR20,1571223546052,open,0.02,758.8,0.008,0.038,0.02078506,88.51,0.0195,0.0,BTC-27MAR20-4000-P,8150.65,87.55,0.02,15.0,0.0215,6.0,89.37,6.8559,-1.86281,-3.10088,3e-05,-0.06291
8302.78,BTC-27MAR20,1571223546058,open,0.22,112.1,0.176,0.269,0.22496982,79.76,0.2285,0.0,BTC-27MAR20-8000-C,8150.65,78.39,0.2215,3.6,0.228,29.1,80.97,20.9113,-5.1203,15.06614,9e-05,0.63161
8159.21,SYN.BTC-25OCT19,1571223546058,open,0.0,923.9,0.0005,0.0105,1.21e-06,115.0,0.001,0.0,BTC-25OCT19-17000-C,8150.65,0.0,0.0,0.0,0.001,29.9,192.1,0.00168,-0.0099,6e-05,0.0,3e-05
8159.21,SYN.BTC-25OCT19,1571223546058,open,0.0,50.7,0.0005,0.0105,0.00074468,97.47,0.0005,0.0,BTC-25OCT19-11500-C,8150.65,0.0,0.0,0.0,0.0015,64.0,107.69,0.46941,-2.57735,0.02739,3e-05,0.01455
8192.97,SYN.BTC-29NOV19,1571223546058,open,0.01,85.5,0.0035,0.03,0.01370835,74.83,0.0145,0.0,BTC-29NOV19-11500-C,8150.65,73.05,0.0125,39.0,0.0145,0.5,75.96,5.66733,-4.83272,1.04241,9e-05,0.11955
8152.46,SYN.BTC-18OCT19,1571223546058,open,0.0,53.8,0.0005,0.0105,1.69e-06,115.0,0.0005,0.0,BTC-18OCT19-6000-P,8150.65,0.0,0.0,0.0,0.0005,0.1,190.37,0.00199,-0.01382,-4e-05,0.0,-9e-05
8192.97,SYN.BTC-29NOV19,1571223546058,open,0.02,261.6,0.0055,0.0365,0.01801282,73.5,0.018,0.0,BTC-29NOV19-11000-C,8150.65,71.61,0.0165,27.3,0.019,19.3,74.7,6.67574,-5.59138,1.31757,0.00011,0.1518
8152.46,SYN.BTC-18OCT19,1571223546058,open,0.0,130.1,0.0005,0.0105,0.0002681,78.91,0.0005,0.0,BTC-18OCT19-9250-C,8150.65,0.0,0.0,0.0,0.0005,0.1,86.3,0.20531,-2.18569,0.00565,8e-05,0.01375
8159.21,SYN.BTC-25OCT19,1571223546060,open,0.6,32.0,0.5625,0.6275,0.5935411,111.56,0.6245,0.0,BTC-25OCT19-13000-P,8150.65,0.0,0.576,4.0,0.6185,4.0,243.69,0.17707,-1.11277,-3.1522,1e-05,-0.99521
8219.97,BTC-27DEC19,1571223546064,open,0.38,260.5,0.3355,0.425,0.37946723,75.84,0.38,0.0,BTC-27DEC19-11000-P,8150.65,54.83,0.354,6.0,0.39,6.0,83.19,11.41048,-6.01961,-18.39945,0.00011,-0.75723
8152.46,SYN.BTC-18OCT19,1571223546071,open,0.2,0.0,0.173,0.2235,0.19642774,114.7,None,0.0,BTC-18OCT19-9750-P,8150.65,0.0,0.0005,0.2,0.0,0.0,0.0,0.23855,-7.29365,-0.49438,6e-05,-0.98363
8159.21,SYN.BTC-25OCT19,1571223546080,open,0.0,499.5,0.0005,0.0105,2.137e-05,115.0,0.0005,0.0,BTC-25OCT19-15000-C,8150.65,0.0,0.0,0.0,0.0015,49.0,172.9,0.0215,-0.13931,0.0009,0.0,0.00047
8159.21,SYN.BTC-25OCT19,1571223546080,open,0.0,635.6,0.0005,0.0105,0.00075427,86.85,0.0005,0.0,BTC-25OCT19-11000-C,8150.65,82.26,0.0005,43.2,0.001,13.1,90.38,0.51612,-2.5251,0.03075,4e-05,0.01625
8219.97,BTC-27DEC19,1571223546087,open,0.96,22.0,0.9105,1.005,0.95518204,86.2,1.0275,0.0,BTC-27DEC19-16000-P,8150.65,0.0,0.8,10.0,0.0,0.0,0.0,4.37869,-2.62575,-30.66725,4e-05,-0.93941
8219.97,BTC-27DEC19,1571223546089,open,0.19,749.8,0.147,0.232,0.19007761,74.51,0.189,0.0,BTC-27DEC19-9000-P,8150.65,72.76,0.187,14.4,0.193,23.4,76.17,14.46612,-7.4984,-11.87164,0.00015,-0.54334
8152.46,SYN.BTC-18OCT19,1571223546091,open,0.0,57.3,0.0005,0.011,0.00118317,96.17,0.001,0.0,BTC-18OCT19-7250-P,8150.65,93.14,0.001,1.9,0.0015,0.2,100.84,0.51644,-9.64573,-0.01778,0.00016,-0.04126
8159.21,SYN.BTC-25OCT19,1571223546091,open,0.0,606.3,0.0005,0.0125,0.0025253,77.39,0.003,0.0,BTC-25OCT19-10000-C,8150.65,74.01,0.002,22.0,0.003,30.0,80.11,1.35442,-5.9045,0.09822,0.00011,0.05203
8192.97,SYN.BTC-29NOV19,1571223546094,open,0.03,83.1,0.0095,0.045,0.02538507,77.19,0.025,0.0,BTC-29NOV19-6500-P,8150.65,76.14,0.0245,25.0,0.0265,19.3,78.51,6.88239,-6.05442,-1.81566,0.00011,-0.15897
8219.97,BTC-27DEC19,1571223546096,open,0.76,0.0,0.747,0.7665,0.75689605,114.98,None,0.0,BTC-27DEC19-2000-C,8150.65,0.0,0.019,0.2,0.0,0.0,0.0,0.14985,-0.11986,3.91495,0.0,0.99876
8219.97,BTC-27DEC19,1571223546098,open,0.0,1543.5,0.0005,0.0105,4.591e-05,115.0,0.0005,0.0,BTC-27DEC19-52000-C,8150.65,0.0,0.0,0.0,0.001,20.0,145.85,0.05153,-0.04122,0.00557,0.0,0.00039
8302.78,BTC-27MAR20,1571223546103,open,3.84,1.0,3.725,3.938,3.82578339,108.64,2.7125,0.0,BTC-27MAR20-40000-P,8150.65,0.0,0.0005,3.0,0.0,0.0,0.0,4.3507,-1.45103,-177.47397,1e-05,-0.96435
8152.46,SYN.BTC-18OCT19,1571223546109,open,0.26,0.0,0.2495,0.2785,0.26402741,114.91,None,0.0,BTC-18OCT19-6000-C,8150.65,0.0,0.2525,9.0,0.272,9.0,317.21,0.00197,-0.06021,0.3083,0.0,0.99992
8302.78,BTC-27MAR20,1571223546111,open,0.02,145.5,0.0065,0.0495,0.02306327,91.86,0.0215,0.0,BTC-27MAR20-22000-C,8150.65,90.5,0.0215,15.0,0.0245,6.0,93.06,9.73715,-2.7457,2.85229,3e-05,0.10005
8159.21,SYN.BTC-25OCT19,1571223546111,open,0.0,519.4,0.0005,0.0105,0.00024936,111.55,0.0005,0.0,BTC-25OCT19-13000-C,8150.65,0.0,0.0,0.0,0.0005,10.2,120.35,0.17694,-1.11189,0.009,1e-05,0.00479
8152.46,SYN.BTC-18OCT19,1571223546111,open,0.14,15.0,0.124,0.162,0.14211629,110.29,0.145,0.0,BTC-18OCT19-7000-C,8150.65,0.0,0.1275,8.0,0.1525,8.0,208.78,0.33672,-9.89963,0.34911,9e-05,0.97542
8302.83,BTC-27MAR20,1571223546123,open,0.08,272.0,0.0445,0.1115,0.07715535,81.62,0.076,0.0,BTC-27MAR20-6000-P,8150.65,80.43,0.075,4.9,0.0795,4.9,82.9,15.17604,-3.8023,-9.99388,6e-05,-0.19258
8219.97,BTC-27DEC19,1571223546123,open,0.06,556.9,0.0325,0.094,0.06247403,74.94,0.0605,0.0,BTC-27DEC19-10000-C,8150.65,73.72,0.0605,27.0,0.0645,37.3,76.19,13.30581,-6.93657,4.42893,0.00013,0.33609
8302.83,BTC-27MAR20,1571223546123,open,0.14,237.2,0.0955,0.1895,0.14378715,80.08,0.145,0.0,BTC-27MAR20-10000-C,8150.65,78.85,0.1405,15.8,0.147,9.0,81.29,22.05576,-5.42231,12.01393,9e-05,0.46805
8152.46,SYN.BTC-18OCT19,1571223546123,open,0.0,178.0,0.0005,0.012,0.00199473,71.16,0.0015,0.0,BTC-18OCT19-8750-C,8150.65,66.49,0.0015,10.0,0.0025,30.1,75.38,0.92319,-16.26194,0.0355,0.00038,0.08673
8192.97,SYN.BTC-29NOV19,1571223546123,open,0.48,0.0,0.44,0.5145,0.47550075,76.67,None,0.0,BTC-29NOV19-12000-P,8150.65,0.0,0.0005,1.0,0.0,0.0,0.0,4.85003,-4.23738,-13.58295,8e-05,-0.90368
8152.46,SYN.BTC-18OCT19,1571223546123,open,0.01,496.8,0.0005,0.027,0.00958986,61.29,0.012,0.0,BTC-18OCT19-8000-P,8150.65,59.0,0.009,0.1,0.0105,24.0,64.79,2.10541,-34.39679,-0.14049,0.00101,-0.32576
8159.21,SYN.BTC-25OCT19,1571223546123,open,0.17,14.9,0.1425,0.197,0.16886193,70.62,0.139,0.0,BTC-25OCT19-9500-P,8150.65,0.0,0.152,6.0,0.191,6.0,126.18,2.10607,-8.37911,-2.13587,0.00018,-0.90765
8219.97,BTC-27DEC19,1571223546126,open,0.58,4.0,0.5665,0.5915,0.57818758,105.3,0.666,0.0,BTC-27DEC19-3500-C,8150.65,0.0,0.021,0.1,0.0,0.0,0.0,1.74068,-1.2751,6.50952,1e-05,0.98034
8192.97,SYN.BTC-29NOV19,1571223546126,open,0.18,1.4,0.1545,0.213,0.1846189,74.04,0.215,0.0,BTC-29NOV19-7000-C,8150.65,53.53,0.1645,7.0,0.19,7.0,79.11,8.60935,-7.26441,5.77265,0.00014,0.77076
8159.21,SYN.BTC-25OCT19,1571223546128,open,1.09,0.0,1.043,1.126,1.08353656,116.36,None,0.0,BTC-25OCT19-17000-P,8150.65,0.0,0.001,0.1,0.0,0.0,0.0,0.00204,-0.01335,-4.13381,0.0,-0.99996
8219.97,BTC-27DEC19,1571223546143,open,0.12,704.3,0.079,0.1535,0.11660745,74.51,0.119,0.0,BTC-27DEC19-8000-P,8150.65,73.29,0.1145,19.3,0.1195,46.1,76.2,14.11361,-7.31566,-8.39965,0.00014,-0.40231
8302.83,BTC-27MAR20,1571223546143,open,0.35,179.8,0.289,0.4055,0.34821753,80.09,0.3415,0.0,BTC-27MAR20-10000-P,8150.65,78.13,0.343,3.6,0.3525,12.6,81.7,22.05587,-5.42289,-32.60943,9e-05,-0.53193
8219.97,BTC-27DEC19,1571223546143,open,0.28,494.6,0.2345,0.3235,0.27902496,74.94,0.277,0.0,BTC-27DEC19-10000-P,8150.65,71.82,0.274,9.0,0.288,16.0,80.43,13.30586,-6.93668,-15.26301,0.00013,-0.66391
8219.97,BTC-27DEC19,1571223546145,open,4.36,0.0,4.248,4.463,4.35297727,115.36,3.46,0.0,BTC-27DEC19-44000-P,8150.65,0.0,0.0015,0.1,0.0,0.0,0.0,0.15166,-0.1217,-86.62688,0.0,-0.99874
8152.46,SYN.BTC-18OCT19,1571223546145,open,0.0,196.4,0.0005,0.0105,6.665e-05,115.0,0.001,0.0,BTC-18OCT19-6500-P,8150.65,0.0,0.0,0.0,0.0005,2.0,145.81,0.04771,-0.54337,-0.00114,1e-05,-0.00264
8152.46,SYN.BTC-18OCT19,1571223546145,open,0.0,243.6,0.0005,0.0105,0.00075296,110.29,0.001,0.0,BTC-18OCT19-7000-P,8150.65,0.0,0.0,0.0,0.0015,50.4,124.77,0.33673,-6.1385,-0.01061,9e-05,-0.02458
8159.21,SYN.BTC-25OCT19,1571223546145,open,0.01,1412.1,0.0005,0.018,0.00586205,79.09,0.006,0.0,BTC-25OCT19-7000-P,8150.65,77.71,0.0055,24.0,0.007,30.0,83.21,2.16857,-9.66165,-0.20227,0.00017,-0.09609
8302.83,BTC-27MAR20,1571223546166,open,0.98,1.1,0.9125,1.0425,0.97504387,85.46,1.08,0.0,BTC-27MAR20-16000-P,8150.65,56.29,0.9355,2.0,1.0215,2.0,107.75,15.23856,-3.99775,-65.99211,6e-05,-0.80611
8219.97,BTC-27DEC19,1571223546166,open,0.25,56.0,0.2225,0.285,0.25473568,78.21,0.2755,0.0,BTC-27DEC19-6500-C,8150.65,61.22,0.235,12.0,0.266,12.0,87.14,10.14001,-5.5165,8.86386,0.0001,0.80234
8159.21,SYN.BTC-25OCT19,1571223546166,open,0.12,513.5,0.086,0.142,0.11354069,67.57,0.113,0.0,BTC-25OCT19-9000-P,8150.65,59.99,0.1105,6.0,0.1145,6.0,69.81,3.45214,-13.14104,-1.83247,0.00032,-0.81005
8192.97,SYN.BTC-29NOV19,1571223546166,open,0.09,250.1,0.053,0.1155,0.0844637,70.25,0.0825,0.0,BTC-29NOV19-8000-P,8150.65,68.79,0.0825,14.4,0.087,8.0,72.13,11.0622,-8.85568,-4.90005,0.0002,-0.41308
8219.97,BTC-27DEC19,1571223546169,open,0.0,483.1,0.0005,0.0115,0.0017074,104.54,0.0015,0.0,BTC-27DEC19-26000-C,8150.65,98.51,0.001,53.0,0.0025,44.0,109.43,1.15661,-0.84108,0.17001,1e-05,0.01221
8219.97,BTC-27DEC19,1571223546169,open,0.02,397.9,0.0075,0.0395,0.02143379,83.78,0.022,0.0,BTC-27DEC19-5500-P,8150.65,82.6,0.0205,20.0,0.0225,47.0,85.12,6.52439,-3.8027,-2.00839,6e-05,-0.10264
8219.97,BTC-27DEC19,1571223546171,open,5.34,0.8,5.2025,5.455,5.32611076,116.15,3.59,0.0,BTC-27DEC19-52000-P,8150.65,0.0,0.001,1.0,0.0,0.0,0.0,0.05857,-0.04732,-102.39186,0.0,-0.99955
8152.46,SYN.BTC-18OCT19,1571223546171,open,0.08,6.4,0.0525,0.1,0.07529056,71.16,0.071,0.0,BTC-18OCT19-8750-P,8150.65,0.0,0.073,6.0,0.0765,6.0,80.67,0.92319,-17.51108,-0.41415,0.00038,-0.91327
8159.21,SYN.BTC-25OCT19,1571223546171,open,0.47,37.4,0.442,0.5035,0.47124877,102.82,0.455,0.0,BTC-25OCT19-12000-P,8150.65,0.0,0.455,4.0,0.4965,4.0,217.03,0.33954,-1.96664,-2.8992,2e-05,-0.98999
8152.46,SYN.BTC-18OCT19,1571223546173,open,0.26,0.0,0.233,0.284,0.25736526,115.01,None,0.0,BTC-18OCT19-10250-P,8150.65,0.0,0.0005,0.1,0.0,0.0,0.0,0.05523,-1.69321,-0.52547,1e-05,-0.99689
8192.97,SYN.BTC-29NOV19,1571223546175,open,0.6,0.0,0.558,0.6345,0.59406259,80.96,None,0.0,BTC-29NOV19-13000-P,8150.65,0.0,0.0005,1.0,0.0,0.0,0.0,3.65488,-3.37204,-15.04683,6e-05,-0.93376
8159.21,SYN.BTC-25OCT19,1571223546175,open,0.0,660.3,0.0005,0.0105,5.15e-06,115.0,0.001,0.0,BTC-25OCT19-16000-C,8150.65,0.0,0.0,0.0,0.0005,1.0,165.16,0.00613,-0.03973,0.00023,0.0,0.00012
8302.83,BTC-27MAR20,1571223546195,open,0.09,528.5,0.0535,0.139,0.09571606,81.67,0.0925,0.0,BTC-27MAR20-12000-C,8150.65,80.36,0.0925,13.3,0.099,6.9,83.0,20.40641,-5.11604,9.18846,8e-05,0.34372
8219.97,BTC-27DEC19,1571223546195,open,0.07,282.6,0.0355,0.0945,0.06404517,76.45,0.0585,0.0,BTC-27DEC19-7000-P,8150.65,75.02,0.062,19.3,0.066,36.8,77.8,11.83281,-6.29255,-5.24597,0.00012,-0.26005
8219.97,BTC-27DEC19,1571223546195,open,0.0,519.0,0.0005,0.012,0.00223167,111.42,0.003,0.0,BTC-27DEC19-3000-P,8150.65,105.06,0.0015,73.0,0.003,1.0,116.8,1.06761,-0.82753,-0.21636,1e-05,-0.01113
8219.97,BTC-27DEC19,1571223546195,open,0.0,656.1,0.0005,0.012,0.00216425,101.38,0.002,0.0,BTC-27DEC19-24000-C,8150.65,92.74,0.001,53.5,0.003,44.0,105.68,1.42191,-1.00282,0.21608,1e-05,0.01551
8302.83,BTC-27MAR20,1571223546195,open,0.05,904.0,0.0195,0.0835,0.04795526,85.44,0.047,0.0,BTC-27MAR20-16000-C,8150.65,84.37,0.046,8.0,0.05,4.9,86.55,15.23437,-3.99577,5.4035,6e-05,0.1938
8192.97,SYN.BTC-29NOV19,1571223546195,open,0.12,22.2,0.0835,0.1525,0.11859804,70.25,0.121,0.0,BTC-29NOV19-8500-P,8150.65,68.01,0.1155,14.4,0.121,14.4,71.99,11.32741,-9.068,-6.2073,0.0002,-0.51168
8219.97,BTC-27DEC19,1571223546197,open,1.93,0.0,1.863,1.9865,1.92188649,101.4,None,0.0,BTC-27DEC19-24000-P,8150.65,0.0,0.0,0.0,0.0,0.0,0.0,1.42353,-1.00416,-47.04437,1e-05,-0.98447
8302.83,BTC-27MAR20,1571223546197,open,1.21,0.0,1.141,1.2745,1.2045615,87.8,1.23,0.0,BTC-27MAR20-18000-P,8150.65,0.0,1.1655,1.0,1.251,1.0,112.41,13.07178,-3.52332,-76.03107,5e-05,-0.84755
8219.97,BTC-27DEC19,1571223546197,open,0.7,0.0,0.687,0.7065,0.69677442,114.99,None,0.0,BTC-27DEC19-2500-C,8150.65,0.0,0.021,0.1,0.0,0.0,0.0,0.51155,-0.40922,4.83003,0.0,0.99517
8192.97,SYN.BTC-29NOV19,1571223546197,open,0.04,36.5,0.02,0.069,0.04351382,70.25,0.045,0.0,BTC-29NOV19-9500-C,8150.65,68.61,0.0415,12.0,0.0445,13.1,71.05,10.0704,-8.06214,2.65913,0.00018,0.31352
8152.46,SYN.BTC-18OCT19,1571223546199,open,0.0,0.0,0.0005,0.0105,9.75e-06,115.0,None,0.0,BTC-18OCT19-10750-C,8150.65,0.0,0.0,0.0,0.001,29.0,184.37,0.00962,-0.07952,0.00019,0.0,0.00046
8219.97,BTC-27DEC19,1571223546209,open,0.0,442.4,0.0005,0.0105,0.00015317,115.0,0.001,0.0,BTC-27DEC19-44000-C,8150.65,0.0,0.0,0.0,0.001,20.0,134.82,0.14668,-0.11734,0.01717,0.0,0.00121
181.45,ETH-27MAR20,1571223548392,open,0.15,1272.0,0.093,0.195,0.147234,92.32,0.162,0.0,ETH-27MAR20-240-C,179.17,90.33,0.142,300.0,0.153,301.0,94.5,0.47849,-0.1356,0.23891,0.00353,0.4423
180.4,ETH-27DEC19,1571223548392,open,0.01,3931.0,0.001,0.023,0.010826,93.92,0.014,0.0,ETH-27DEC19-100-P,179.17,92.15,0.01,386.0,0.012,160.0,96.34,0.08543,-0.05582,-0.02239,0.00142,-0.05219
181.45,ETH-27MAR20,1571223548392,open,0.02,4505.0,0.007,0.05,0.024005,106.84,0.024,0.0,ETH-27MAR20-600-C,179.17,105.93,0.023,499.0,0.025,40.0,107.72,0.20264,-0.06646,0.05635,0.00129,0.0936
180.4,ETH-27DEC19,1571223548392,open,0.0,14630.0,0.001,0.012,0.002014,115.19,0.002,0.0,ETH-27DEC19-640-C,179.17,106.66,0.001,2273.0,0.003,3962.0,120.87,0.02707,-0.02169,0.00396,0.00037,0.01315
180.4,ETH-27DEC19,1571223548392,open,0.0,4118.0,0.001,0.011,0.001115,119.93,0.001,0.0,ETH-27DEC19-760-C,179.17,0.0,0.0,0.0,0.002,320.0,127.67,0.01642,-0.0137,0.00224,0.00021,0.00742
179.92,SYN.ETH-29NOV19,1571223548394,open,0.01,116.0,0.002,0.026,0.011613,86.66,0.012,0.0,ETH-29NOV19-280-C,179.17,83.77,0.01,200.0,0.013,300.0,89.0,0.1039,-0.10262,0.01763,0.00308,0.09314
179.92,SYN.ETH-29NOV19,1571223548394,open,0.03,641.0,0.009,0.049,0.026806,82.33,0.029,0.0,ETH-29NOV19-240-C,179.17,78.22,0.023,283.0,0.029,283.0,84.61,0.17095,-0.16039,0.03596,0.00534,0.19307
179.32,SYN.ETH-25OCT19,1571223548394,open,0.05,1879.0,0.019,0.077,0.046909,72.22,0.049,0.0,ETH-25OCT19-180-P,179.17,67.55,0.044,120.0,0.05,144.0,77.2,0.11153,-0.45377,-0.02345,0.01975,-0.4909
179.32,SYN.ETH-25OCT19,1571223548394,open,0.0,5657.0,0.001,0.011,0.0005,115.85,0.001,0.0,ETH-25OCT19-280-C,179.17,0.0,0.0,0.0,0.001,200.0,126.28,0.00663,-0.04326,0.00036,0.00073,0.00875
179.2,SYN.ETH-18OCT19,1571223548394,open,0.11,121.0,0.08,0.137,0.109077,103.45,0.12,0.0,ETH-18OCT19-160-C,179.17,0.0,0.104,40.0,0.11,40.0,113.36,0.01505,-0.41503,0.00766,0.00882,0.94126
179.2,SYN.ETH-18OCT19,1571223548398,open,0.01,434.0,0.001,0.022,0.004888,77.07,0.006,0.0,ETH-18OCT19-170-P,179.17,71.88,0.004,56.0,0.006,165.0,83.16,0.03165,-0.65026,-0.00155,0.02489,-0.16311
181.45,ETH-27MAR20,1571223548401,open,1.68,0.0,1.583,1.785,1.680366,100.86,None,0.0,ETH-27MAR20-480-P,179.17,0.0,0.003,10.0,0.0,0.0,0.0,0.26203,-0.08113,-2.06165,0.00177,-0.86585
181.45,ETH-27MAR20,1571223548401,open,0.58,19.0,0.558,0.606,0.582599,100.98,0.542,0.0,ETH-27MAR20-80-C,179.17,0.0,0.07,20.0,0.0,0.0,0.0,0.14516,-0.045,0.28905,0.00098,0.93959
180.4,ETH-27DEC19,1571223548401,open,0.8,101.0,0.731,0.862,0.79489,93.79,0.513,0.0,ETH-27DEC19-320-P,179.17,0.0,0.006,5.0,0.0,0.0,0.0,0.16128,-0.10523,-0.59456,0.00268,-0.87878
179.32,SYN.ETH-25OCT19,1571223548401,open,0.34,302.0,0.3,0.383,0.339892,94.35,0.432,0.0,ETH-25OCT19-240-P,179.17,0.0,0.0,0.0,0.0,0.0,0.0,0.01809,-0.09614,-0.0572,0.00245,-0.97177
179.2,SYN.ETH-18OCT19,1571223548401,open,0.27,0.0,0.253,0.296,0.274563,113.31,None,0.0,ETH-18OCT19-130-C,179.17,0.0,0.0,0.0,0.0,0.0,0.0,2e-05,-0.00054,0.00668,1e-05,0.99997
181.45,ETH-27MAR20,1571223548403,open,0.08,626.0,0.041,0.125,0.082394,94.74,0.091,0.0,ETH-27MAR20-320-C,179.17,93.22,0.079,260.0,0.086,290.0,96.33,0.40869,-0.11886,0.16076,0.00294,0.28094
180.4,ETH-27DEC19,1571223548403,open,0.15,1199.0,0.105,0.187,0.148972,84.1,0.146,0.0,ETH-27DEC19-180-C,179.17,81.82,0.145,598.0,0.153,354.0,86.42,0.3135,-0.18341,0.15182,0.00582,0.57634
179.92,SYN.ETH-29NOV19,1571223548403,open,0.07,262.0,0.039,0.104,0.072094,82.33,0.104,0.0,ETH-29NOV19-200-C,179.17,79.28,0.068,220.0,0.075,215.0,84.48,0.24248,-0.22749,0.07305,0.00757,0.40985
179.92,SYN.ETH-29NOV19,1571223548403,open,0.35,0.0,0.321,0.376,0.349364,99.18,None,0.0,ETH-29NOV19-120-C,179.17,0.0,0.0,0.0,0.0,0.0,0.0,0.10008,-0.11312,0.12157,0.00259,0.91145
180.4,ETH-27DEC19,1571223548405,open,1.12,0.0,1.049,1.193,1.118092,99.15,None,0.0,ETH-27DEC19-380-P,179.17,0.0,0.001,5.0,0.0,0.0,0.0,0.10791,-0.07443,-0.72744,0.0017,-0.92964
180.4,ETH-27DEC19,1571223548407,open,0.3,2878.0,0.242,0.353,0.299085,85.73,0.312,0.0,ETH-27DEC19-220-P,179.17,77.82,0.286,116.0,0.322,26.0,99.19,0.3023,-0.18027,-0.33,0.0055,-0.62985
179.2,SYN.ETH-18OCT19,1571223548407,open,0.22,0.0,0.195,0.242,0.218804,119.72,None,0.0,ETH-18OCT19-140-C,179.17,0.0,0.0,0.0,0.0,0.0,0.0,0.00072,-0.02306,0.00718,0.00037,0.99825
180.4,ETH-27DEC19,1571223548409,open,0.91,0.0,0.836,0.971,0.901599,95.43,None,0.0,ETH-27DEC19-340-P,179.17,0.0,0.001,5.0,0.0,0.0,0.0,0.13991,-0.09288,-0.64021,0.00229,-0.90057
180.4,ETH-27DEC19,1571223548409,open,1.67,21.0,1.585,1.756,1.666425,107.64,0.629,0.0,ETH-27DEC19-480-P,179.17,0.0,0.001,7.0,0.0,0.0,0.0,0.06209,-0.04649,-0.93474,0.0009,-0.96484
179.32,SYN.ETH-25OCT19,1571223548409,open,0.18,0.0,0.139,0.217,0.177163,78.27,None,0.0,ETH-25OCT19-210-P,179.17,0.0,0.0,0.0,0.0,0.0,0.0,0.05217,-0.23004,-0.04659,0.00852,-0.89119
179.2,SYN.ETH-18OCT19,1571223548409,open,0.0,20.0,0.001,0.011,2e-06,120.0,0.004,0.0,ETH-18OCT19-130-P,179.17,0.0,0.0,0.0,0.002,300.0,245.31,4e-05,-0.0003,0.0,2e-05,-8e-05
179.32,SYN.ETH-25OCT19,1571223548409,open,0.45,3.0,0.408,0.496,0.450418,99.39,0.534,0.0,ETH-25OCT19-260-P,179.17,0.0,0.0,0.0,0.0,0.0,0.0,0.00757,-0.0424,-0.0628,0.00097,-0.98981
179.32,SYN.ETH-25OCT19,1571223548411,open,0.0,2508.0,0.001,0.013,0.003437,100.93,0.005,0.0,ETH-25OCT19-140-P,179.17,90.56,0.002,500.0,0.005,501.0,109.81,0.02852,-0.16217,-0.0023,0.00361,-0.04931
179.92,SYN.ETH-29NOV19,1571223548411,open,0.79,0.0,0.729,0.845,0.784474,91.94,None,0.0,ETH-29NOV19-320-P,179.17,0.0,0.0,0.0,0.0,0.0,0.0,0.06411,-0.06717,-0.37518,0.00179,-0.95022
181.45,ETH-27MAR20,1571223548413,open,0.02,971.0,0.009,0.041,0.023492,100.98,0.023,0.0,ETH-27MAR20-80-P,179.17,99.09,0.022,281.0,0.025,40.0,102.84,0.14516,-0.045,-0.06793,0.00098,-0.06041
181.45,ETH-27MAR20,1571223548417,open,0.03,2424.0,0.009,0.059,0.030495,102.99,0.03,0.0,ETH-27MAR20-520-C,179.17,102.61,0.03,8.0,0.031,240.0,103.37,0.23922,-0.07563,0.07063,0.00158,0.11773
180.4,ETH-27DEC19,1571223548417,open,0.01,5563.0,0.001,0.016,0.005524,107.21,0.005,0.0,ETH-27DEC19-480-C,179.17,102.24,0.004,360.0,0.007,660.0,111.25,0.06106,-0.04554,0.01028,0.00089,0.03445
179.92,SYN.ETH-29NOV19,1571223548419,open,0.01,1120.0,0.001,0.019,0.008424,112.9,0.007,0.0,ETH-29NOV19-100-P,179.17,108.35,0.007,660.0,0.01,27.0,117.49,0.05904,-0.07596,-0.01154,0.00134,-0.04492
179.32,SYN.ETH-25OCT19,1571223548419,open,0.01,2213.0,0.001,0.027,0.010469,77.23,0.012,0.0,ETH-25OCT19-160-P,179.17,75.97,0.01,160.0,0.011,2.0,78.64,0.0672,-0.29236,-0.0073,0.01113,-0.157
180.4,ETH-27DEC19,1571223548421,open,1.23,16.0,1.156,1.305,1.22697,100.55,1.195,0.0,ETH-27DEC19-400-P,179.17,0.0,0.001,8.0,0.0,0.0,0.0,0.09438,-0.06602,-0.77008,0.00146,-0.94079
181.45,ETH-27MAR20,1571223548421,open,1.47,0.0,1.373,1.566,1.466918,99.33,None,0.0,ETH-27MAR20-440-P,179.17,0.0,0.002,10.0,0.0,0.0,0.0,0.29234,-0.08914,-1.86962,0.002,-0.84213
180.4,ETH-27DEC19,1571223548423,open,0.03,1234.0,0.008,0.049,0.026151,91.67,0.024,0.0,ETH-27DEC19-300-C,179.17,89.53,0.024,480.0,0.028,160.0,93.45,0.18463,-0.11774,0.04314,0.00314,0.14758
180.4,ETH-27DEC19,1571223548425,open,0.36,2.0,0.328,0.388,0.359298,88.48,0.346,0.0,ETH-27DEC19-120-C,179.17,0.0,0.101,1.0,0.0,0.0,0.0,0.14904,-0.09174,0.18907,0.00263,0.89151
181.45,ETH-27MAR20,1571223548425,open,1.05,6.0,0.961,1.137,1.04823,96.2,1.165,0.0,ETH-27MAR20-360-P,179.17,0.0,0.0,0.0,0.0,0.0,0.0,0.36644,-0.10822,-1.47366,0.00259,-0.7718
180.4,ETH-27DEC19,1571223548425,open,1.9,37.0,1.8,1.982,1.886672,109.52,0.707,0.0,ETH-27DEC19-520-P,179.17,0.0,0.002,25.0,0.0,0.0,0.0,0.0491,-0.03741,-1.01606,0.0007,-0.97352
180.4,ETH-27DEC19,1571223548425,open,0.27,18.0,0.235,0.307,0.273486,85.22,0.305,0.0,ETH-27DEC19-140-C,179.17,0.0,0.0,0.0,0.0,0.0,0.0,0.22074,-0.13087,0.1888,0.00404,0.80496
179.2,SYN.ETH-18OCT19,1571223548425,open,0.0,8.0,0.001,0.011,4.6e-05,120.0,0.001,0.0,ETH-18OCT19-140-P,179.17,0.0,0.0,0.0,0.001,100.0,174.33,0.00074,-0.00818,-2e-05,0.00037,-0.00179
179.2,SYN.ETH-18OCT19,1571223548425,open,0.07,412.0,0.031,0.097,0.063545,71.22,0.055,0.0,ETH-18OCT19-190-P,179.17,49.35,0.061,40.0,0.067,40.0,90.81,0.02736,-0.51932,-0.00859,0.02328,-0.86876
179.32,SYN.ETH-25OCT19,1571223548425,open,0.0,3325.0,0.001,0.011,0.000867,120.0,0.001,0.0,ETH-25OCT19-120-P,179.17,0.0,0.0,0.0,0.002,203.0,136.72,0.00907,-0.06134,-0.00058,0.00097,-0.01254
179.2,SYN.ETH-18OCT19,1571223548425,open,0.0,281.0,0.001,0.011,0.000272,120.0,0.001,0.0,ETH-18OCT19-220-C,179.17,0.0,0.0,0.0,0.002,329.0,162.05,0.00331,-0.04866,9e-05,0.00167,0.00961
179.2,SYN.ETH-18OCT19,1571223548425,open,0.0,246.0,0.001,0.011,5.3e-05,120.0,0.001,0.0,ETH-18OCT19-230-C,179.17,0.0,0.0,0.0,0.001,3.0,169.27,0.00086,-0.00941,2e-05,0.00044,0.00213
179.32,SYN.ETH-25OCT19,1571223548425,open,0.22,12.0,0.196,0.248,0.222713,100.89,0.192,0.0,ETH-25OCT19-140-C,179.17,0.0,0.0,0.0,0.0,0.0,0.0,0.0285,-0.16199,0.03175,0.00361,0.95074
179.92,SYN.ETH-29NOV19,1571223548425,open,0.07,22.0,0.034,0.097,0.064989,85.93,0.066,0.0,ETH-29NOV19-160-P,179.17,82.58,0.061,320.0,0.07,533.0,90.11,0.21477,-0.2103,-0.07756,0.00642,-0.29362
180.4,ETH-27DEC19,1571223548427,open,0.46,0.0,0.433,0.479,0.456471,93.86,None,0.0,ETH-27DEC19-100-C,179.17,0.0,0.0,0.0,0.0,0.0,0.0,0.08531,-0.0557,0.17458,0.00142,0.9479
179.92,SYN.ETH-29NOV19,1571223548427,open,0.57,0.0,0.516,0.623,0.567906,86.76,None,0.0,ETH-29NOV19-280-P,179.17,0.0,0.0,0.0,0.0,0.0,0.0,0.10414,-0.10296,-0.3189,0.00308,-0.90658
180.4,ETH-27DEC19,1571223548433,open,0.01,895.0,0.002,0.027,0.011545,98.96,0.025,0.0,ETH-27DEC19-380-C,179.17,96.26,0.01,160.0,0.013,480.0,101.33,0.10731,-0.07387,0.02071,0.00169,0.06985
179.92,SYN.ETH-29NOV19,1571223548433,open,0.36,0.0,0.31,0.412,0.360772,82.38,None,0.0,ETH-29NOV19-240-P,179.17,0.0,0.0,0.0,0.0,0.0,0.0,0.17105,-0.16057,-0.25251,0.00534,-0.80675
179.32,SYN.ETH-25OCT19,1571223548433,open,0.0,4693.0,0.001,0.011,3.4e-05,120.0,0.001,0.0,ETH-25OCT19-100-P,179.17,0.0,0.0,0.0,0.001,100.0,171.15,0.00064,-0.0043,-3e-05,7e-05,-0.00065
