underlying_price,underlying_index,timestamp,state,settlement_price,open_interest,min_price,max_price,mark_price,mark_iv,last_price,interest_rate,instrument_name,index_price,bid_iv,best_bid_price,best_bid_amount,best_ask_price,best_ask_amount,ask_iv,vega,theta,rho,gamma,delta
10346.48,SYN.BTC-20SEP19,1568545140005,open,0.02,184.0,0.0055,0.044,0.01936685,56.24,0.019,0.0,BTC-20SEP19-10500-C,10323.12,54.32,0.0185,18.1,0.0195,0.9,56.53,4.68158,-26.99963,0.55792,0.00058,0.42305
10346.48,SYN.BTC-20SEP19,1568545140018,open,0.3,0.0,0.2795,0.333,0.30507088,93.54,None,0.0,BTC-20SEP19-13500-P,10323.12,0.0,0.0,0.0,0.0,0.0,0.0,0.26347,-2.52729,-1.7926,2e-05,-0.99195
10457.11,SYN.BTC-25OCT19,1568545140018,open,0.11,57.0,0.0825,0.1435,0.11417267,70.45,0.119,0.0,BTC-25OCT19-10000-C,10323.12,67.92,0.111,8.1,0.119,23.4,74.29,13.14859,-11.6148,5.7913,0.00016,0.6211
191.7,SYN.ETH-25OCT19,1568545140058,open,0.0,2304.0,0.001,0.013,0.003138,79.78,0.009,0.0,ETH-25OCT19-120-P,189.77,66.25,0.001,100.0,0.005,160.0,87.37,0.04092,-0.04093,-0.00656,0.00128,-0.02817
189.95,SYN.ETH-20SEP19,1568545140061,open,0.01,228.0,0.001,0.03,0.011,64.28,0.01,0.0,ETH-20SEP19-200-C,189.77,46.63,0.005,5.0,0.012,2.0,66.94,0.07059,-0.46531,0.00621,0.02279,0.25566
10380.08,BTC-27SEP19,1568545140086,open,0.02,12.9,0.0045,0.0375,0.01882568,66.68,0.018,0.0,BTC-27SEP19-11250-C,10323.12,63.59,0.017,43.0,0.02,0.1,68.63,6.20527,-17.42072,0.85256,0.00027,0.27127
10799.98,SYN.BTC-27MAR20,1568545140093,open,0.02,33.2,0.0045,0.0395,0.01736021,85.83,0.0175,0.0,BTC-27MAR20-32000-C,10323.12,83.5,0.015,24.0,0.0195,17.0,87.79,11.3995,-2.5234,3.43763,2e-05,0.07728
10380.08,BTC-27SEP19,1568545140103,open,0.04,85.0,0.0185,0.0645,0.04140398,64.91,0.045,0.0,BTC-27SEP19-10500-C,10323.12,62.27,0.0395,18.1,0.043,1.0,67.13,7.4637,-20.39857,1.49552,0.00033,0.48422
189.95,SYN.ETH-20SEP19,1568545140113,open,0.0,1107.0,0.001,0.011,0.001068,100.5,0.001,0.0,ETH-20SEP19-240-C,189.77,0.0,0.0,0.0,0.002,5.0,111.61,0.01295,-0.13345,0.00061,0.00267,0.02527
195.06,ETH-27DEC19,1568545140121,open,0.49,0.0,0.474,0.511,0.492737,74.95,None,0.0,ETH-27DEC19-100-C,189.77,0.0,0.0,0.0,0.0,0.0,0.0,0.07081,-0.02579,0.26229,0.00088,0.96982
191.7,SYN.ETH-25OCT19,1568545140125,open,0.28,3.0,0.253,0.306,0.280072,75.21,0.271,0.0,ETH-25OCT19-140-C,189.77,0.0,0.0,0.0,0.0,0.0,0.0,0.09638,-0.09088,0.13351,0.00319,0.91754
189.95,SYN.ETH-20SEP19,1568545140137,open,0.07,2.0,0.031,0.097,0.063927,64.34,0.119,0.0,ETH-20SEP19-200-P,189.77,30.13,0.054,40.0,0.07,40.0,79.92,0.07062,-0.46596,-0.0205,0.02277,-0.74412
189.95,SYN.ETH-20SEP19,1568545140148,open,0.36,0.0,0.349,0.387,0.368245,0.0,None,0.0,ETH-20SEP19-120-C,189.77,0.0,0.0,0.0,0.0,0.0,0.0,0.0,0.0,0.01603,0.0,1.0
195.06,ETH-27DEC19,1568545140193,open,0.01,3142.0,0.001,0.015,0.005399,74.95,0.006,0.0,ETH-27DEC19-100-P,189.77,56.8,0.001,610.0,0.007,40.0,79.05,0.07081,-0.02579,-0.01956,0.00088,-0.03018
191.7,SYN.ETH-25OCT19,1568545140193,open,0.01,220.0,0.001,0.023,0.010398,75.26,0.01,0.0,ETH-25OCT19-140-P,189.77,70.22,0.008,640.0,0.013,240.0,80.18,0.09648,-0.09105,-0.01947,0.00319,-0.08258
189.95,SYN.ETH-20SEP19,1568545140208,open,0.28,0.0,0.227,0.305,0.264581,100.9,None,0.0,ETH-20SEP19-240-P,189.77,0.0,0.0,0.0,0.0,0.0,0.0,0.01316,-0.13612,-0.03143,0.00271,-0.97424
195.06,ETH-27DEC19,1568545140212,open,0.0,3956.0,0.001,0.013,0.003201,107.84,0.004,0.0,ETH-27DEC19-760-C,189.77,94.63,0.001,100.0,0.006,137.0,117.17,0.0466,-0.02442,0.00833,0.0004,0.01835
189.95,SYN.ETH-20SEP19,1568545140212,open,0.0,126.0,0.001,0.014,0.003254,64.61,0.004,0.0,ETH-20SEP19-210-C,189.77,49.85,0.001,94.0,0.004,3.0,68.23,0.03731,-0.24723,0.00235,0.01198,0.09572
195.06,ETH-27DEC19,1568545140214,open,0.09,3226.0,0.054,0.131,0.094037,80.1,0.092,0.0,ETH-27DEC19-240-C,189.77,77.62,0.089,250.0,0.097,240.0,81.55,0.39781,-0.15486,0.16363,0.00463,0.39167
190.21,ETH-27SEP19,1568545140214,open,0.02,2407.0,0.002,0.033,0.014113,82.98,0.008,0.0,ETH-27SEP19-220-C,189.77,66.4,0.007,160.0,0.011,3.0,76.23,0.09151,-0.31971,0.01056,0.00937,0.18478
190.21,ETH-27SEP19,1568545140218,open,0.59,853.0,0.532,0.631,0.578901,119.7,0.673,0.0,ETH-27SEP19-300-P,189.77,0.0,0.4,5.0,1.82,5.0,500.0,0.01844,-0.09293,-0.09631,0.00131,-0.97738
190.21,ETH-27SEP19,1568545140218,open,0.0,2557.0,0.001,0.013,0.003147,97.78,0.002,0.0,ETH-27SEP19-260-C,189.77,0.0,0.0,0.0,0.004,200.0,102.34,0.03316,-0.13649,0.00266,0.00288,0.04609
190.21,ETH-27SEP19,1568545140218,open,0.0,6011.0,0.001,0.011,0.0,119.99,0.002,0.0,ETH-27SEP19-600-C,189.77,0.0,0.0,0.0,0.001,299.0,241.87,0.0,0.0,0.0,0.0,0.0
190.21,ETH-27SEP19,1568545140220,open,0.0,839.0,0.001,0.011,0.0,120.01,0.001,0.0,ETH-27SEP19-60-P,189.77,0.0,0.0,0.0,0.002,300.0,306.05,0.0,0.0,0.0,0.0,0.0
190.21,ETH-27SEP19,1568545140220,open,0.01,8270.0,0.001,0.022,0.008439,83.05,0.006,0.0,ETH-27SEP19-160-P,189.77,67.88,0.004,3.0,0.006,200.0,75.33,0.06428,-0.22477,-0.0073,0.00658,-0.10945
195.06,ETH-27DEC19,1568545140223,open,0.0,11321.0,0.001,0.014,0.004623,101.67,0.004,0.0,ETH-27DEC19-640-C,189.77,95.99,0.003,2600.0,0.006,300.0,105.51,0.06398,-0.03161,0.01215,0.00059,0.02672
195.06,ETH-27DEC19,1568545140223,open,0.69,101.0,0.613,0.746,0.67894,84.43,0.513,0.0,ETH-27DEC19-320-P,189.77,0.0,0.006,5.0,0.0,0.0,0.0,0.28044,-0.11508,-0.81894,0.0031,-0.81064
190.21,ETH-27SEP19,1568545140223,open,1.97,24.0,1.859,2.035,1.944269,192.82,1.356,0.0,ETH-27SEP19-560-P,189.77,0.0,0.0,0.0,0.0,0.0,0.0,0.00187,-0.01516,-0.18211,8e-05,-0.99831
190.21,ETH-27SEP19,1568545140225,open,0.0,11094.0,0.001,0.011,0.000446,107.39,0.001,0.0,ETH-27SEP19-120-P,189.77,0.0,0.0,0.0,0.001,100.0,119.59,0.0064,-0.02895,-0.00044,0.00051,-0.00667
190.21,ETH-27SEP19,1568545140225,open,1.12,79.0,1.042,1.168,1.103073,137.18,0.351,0.0,ETH-27SEP19-400-P,189.77,0.0,0.0,0.0,0.0,0.0,0.0,0.00216,-0.01248,-0.13003,0.00013,-0.99801
190.21,ETH-27SEP19,1568545140228,open,0.04,2719.0,0.014,0.066,0.03885,82.97,0.029,0.0,ETH-27SEP19-200-C,189.77,62.71,0.025,210.0,0.028,1.0,67.17,0.13231,-0.46217,0.02218,0.01355,0.39723
195.06,ETH-27DEC19,1568545140228,open,2.72,0.0,2.585,2.815,2.695011,106.86,None,0.0,ETH-27DEC19-720-P,189.77,0.0,0.003,5.0,0.0,0.0,0.0,0.05389,-0.02799,-2.01947,0.00047,-0.97822
190.21,ETH-27SEP19,1568545140242,open,0.28,2550.0,0.227,0.308,0.266191,83.3,0.322,0.0,ETH-27SEP19-240-P,189.77,0.0,0.053,5.0,0.88,5.0,500.0,0.04631,-0.16243,-0.074,0.00472,-0.92952
190.21,ETH-27SEP19,1568545140244,open,0.1,2696.0,0.053,0.127,0.090374,83.05,0.093,0.0,ETH-27SEP19-200-P,189.77,58.98,0.074,120.0,0.084,120.0,73.82,0.13232,-0.46266,-0.04289,0.01354,-0.60262
190.21,ETH-27SEP19,1568545140244,open,0.0,5439.0,0.001,0.011,1e-06,119.99,0.001,0.0,ETH-27SEP19-480-C,189.77,0.0,0.0,0.0,0.002,10.0,219.13,2e-05,-0.00012,0.0,0.0,2e-05
195.06,ETH-27DEC19,1568545140246,open,0.01,1857.0,0.001,0.026,0.010778,93.98,0.009,0.0,ETH-27DEC19-480-C,189.77,91.01,0.009,1002.0,0.012,400.0,95.85,0.12324,-0.05629,0.02702,0.00122,0.05993
190.21,ETH-27SEP19,1568545140249,open,0.18,1574.0,0.13,0.212,0.17079,83.1,0.227,0.0,ETH-27SEP19-220-P,189.77,0.0,0.077,5.0,0.0,0.0,0.0,0.09165,-0.32065,-0.06099,0.00937,-0.8148
190.21,ETH-27SEP19,1568545140249,open,0.0,3011.0,0.001,0.011,0.001622,103.91,0.001,0.0,ETH-27SEP19-280-C,189.77,0.0,0.0,0.0,0.003,200.0,114.73,0.01969,-0.08613,0.00141,0.00161,0.02446
190.21,ETH-27SEP19,1568545140251,open,0.0,3685.0,0.001,0.011,0.000751,119.98,0.001,0.0,ETH-27SEP19-320-C,189.77,0.0,0.0,0.0,0.002,200.0,136.68,0.00982,-0.0496,0.00063,0.0007,0.01085
190.21,ETH-27SEP19,1568545140251,open,0.0,3828.0,0.001,0.011,0.0,119.99,0.001,0.0,ETH-27SEP19-560-C,189.77,0.0,0.0,0.0,0.001,99.0,229.65,0.0,0.0,0.0,0.0,0.0
190.21,ETH-27SEP19,1568545140251,open,0.7,606.0,0.634,0.737,0.683191,121.62,0.715,0.0,ETH-27SEP19-320-P,189.77,0.0,0.0,0.0,1.39,1.0,500.0,0.01061,-0.05434,-0.10343,0.00074,-0.98814
190.21,ETH-27SEP19,1568545140255,open,0.0,2907.0,0.001,0.011,4e-06,119.99,0.001,0.0,ETH-27SEP19-440-C,189.77,0.0,0.0,0.0,0.001,194.0,185.75,0.00011,-0.00057,0.0,1e-05,8e-05
195.06,ETH-27DEC19,1568545140257,open,0.03,956.0,0.008,0.05,0.026127,86.69,0.024,0.0,ETH-27DEC19-360-C,189.77,83.9,0.023,420.0,0.028,100.0,88.29,0.22526,-0.09491,0.06006,0.00242,0.13537
195.06,ETH-27DEC19,1568545140257,open,2.11,0.0,1.988,2.184,2.081625,100.14,0.953,0.0,ETH-27DEC19-600-P,189.77,0.0,0.0,0.0,0.0,0.0,0.0,0.07495,-0.03648,-1.67644,0.0007,-0.96768
190.21,ETH-27SEP19,1568545140257,open,1.76,12.0,1.655,1.818,1.733964,180.08,1.193,0.0,ETH-27SEP19-520-P,189.77,0.0,0.0,0.0,0.0,0.0,0.0,0.00185,-0.01403,-0.16909,9e-05,-0.99833
195.06,ETH-27DEC19,1568545140259,open,1.49,21.0,1.393,1.558,1.471559,93.98,0.629,0.0,ETH-27DEC19-480-P,189.77,0.0,0.001,7.0,0.0,0.0,0.0,0.12324,-0.05629,-1.32587,0.00122,-0.94007
195.06,ETH-27DEC19,1568545140259,open,1.09,16.0,0.999,1.147,1.070119,89.96,1.195,0.0,ETH-27DEC19-400-P,189.77,0.0,0.001,8.0,0.0,0.0,0.0,0.18563,-0.08116,-1.08151,0.00192,-0.89705
191.7,SYN.ETH-25OCT19,1568545140259,open,0.19,162.0,0.162,0.227,0.196225,75.22,0.167,0.0,ETH-25OCT19-160-C,189.77,53.16,0.178,240.0,0.205,240.0,84.51,0.17593,-0.16593,0.12702,0.00583,0.80273
190.21,ETH-27SEP19,1568545140261,open,0.36,116.0,0.35,0.389,0.369531,106.38,0.327,0.0,ETH-27SEP19-120-C,189.77,0.0,0.017,12.0,0.0,0.0,0.0,0.00607,-0.02718,0.03863,0.00048,0.99373
195.06,ETH-27DEC19,1568545140261,open,1.29,0.0,1.195,1.351,1.270077,92.12,None,0.0,ETH-27DEC19-440-P,189.77,0.0,0.001,8.0,0.0,0.0,0.0,0.15102,-0.06762,-1.20516,0.00153,-0.92201
190.21,ETH-27SEP19,1568545140261,open,0.0,7916.0,0.001,0.011,0.0,120.0,0.001,0.0,ETH-27SEP19-760-C,189.77,0.0,0.0,0.0,0.001,1.0,282.81,0.0,0.0,0.0,0.0,0.0
190.21,ETH-27SEP19,1568545140261,open,0.58,0.0,0.567,0.591,0.579391,0.0,None,0.0,ETH-27SEP19-80-C,189.77,0.0,0.004,5.0,0.0,0.0,0.0,0.0,0.0,0.02603,0.0,1.0
190.21,ETH-27SEP19,1568545140261,open,0.91,233.0,0.838,0.952,0.892881,126.23,0.634,0.0,ETH-27SEP19-360-P,189.77,0.0,0.5,44.0,0.0,0.0,0.0,0.00369,-0.01962,-0.11692,0.00025,-0.99641
190.21,ETH-27SEP19,1568545140261,open,1.02,259.0,0.94,1.06,0.997954,130.94,0.94,0.0,ETH-27SEP19-380-P,189.77,0.0,0.009,8.0,0.0,0.0,0.0,0.00263,-0.01447,-0.1235,0.00017,-0.99754
195.06,ETH-27DEC19,1568545140263,open,0.32,2.0,0.285,0.351,0.320002,74.95,0.275,0.0,ETH-27DEC19-140-C,189.77,0.0,0.0,0.0,0.0,0.0,0.0,0.24244,-0.08831,0.29088,0.00302,0.84908
195.06,ETH-27DEC19,1568545140263,open,1.7,37.0,1.591,1.765,1.674062,95.59,0.707,0.0,ETH-27DEC19-520-P,189.77,0.0,0.002,25.0,0.0,0.0,0.0,0.10103,-0.04694,-1.4445,0.00099,-0.95336
190.21,ETH-27SEP19,1568545140265,open,0.0,3439.0,0.001,0.011,0.0,120.0,0.001,0.0,ETH-27SEP19-680-C,189.77,0.0,0.0,0.0,0.001,5.0,263.73,0.0,0.0,0.0,0.0,0.0
195.06,ETH-27DEC19,1568545140267,open,0.4,2.0,0.375,0.426,0.40135,74.95,0.346,0.0,ETH-27DEC19-120-C,189.77,0.0,0.101,1.0,0.0,0.0,0.0,0.15076,-0.05491,0.28634,0.00188,0.92218
189.95,SYN.ETH-20SEP19,1568545140269,open,0.0,0.0,0.001,0.011,2e-06,105.11,None,0.0,ETH-20SEP19-120-P,189.77,0.0,0.0,0.0,0.0,0.0,0.0,5e-05,-0.00034,0.0,1e-05,-6e-05
195.06,ETH-27DEC19,1568545140279,open,0.02,8378.0,0.006,0.031,0.016545,74.95,0.022,0.0,ETH-27DEC19-120-P,189.77,70.13,0.013,260.0,0.017,300.0,75.53,0.15076,-0.05491,-0.05188,0.00188,-0.07782
190.21,ETH-27SEP19,1568545140279,open,0.0,5974.0,0.001,0.011,6.6e-05,120.01,0.001,0.0,ETH-27SEP19-100-P,189.77,0.0,0.0,0.0,0.002,15.0,178.81,0.0012,-0.00605,-7e-05,8e-05,-0.00104
189.95,SYN.ETH-20SEP19,1568545140279,open,0.12,0.0,0.075,0.144,0.108828,64.73,None,0.0,ETH-20SEP19-210-P,189.77,0.0,0.0,0.0,0.0,0.0,0.0,0.03744,-0.24854,-0.0257,0.012,-0.90384
190.21,ETH-27SEP19,1568545140283,open,2.18,27.0,2.063,2.252,2.154574,204.71,1.044,0.0,ETH-27SEP19-600-P,189.77,0.0,0.0,0.0,0.0,0.0,0.0,0.00189,-0.01629,-0.19512,8e-05,-0.99829
190.21,ETH-27SEP19,1568545140283,open,0.47,20.0,0.458,0.489,0.474304,114.66,0.441,0.0,ETH-27SEP19-100-C,189.77,0.0,0.011,15.0,0.0,0.0,0.0,0.00079,-0.0038,0.03249,6e-05,0.99934
195.06,ETH-27DEC19,1568545140283,open,2.31,0.0,2.187,2.393,2.285664,101.67,None,0.0,ETH-27DEC19-640-P,189.77,0.0,0.0,0.0,0.0,0.0,0.0,0.06398,-0.03161,-1.7917,0.00059,-0.97328
195.06,ETH-27DEC19,1568545140283,open,0.07,3136.0,0.039,0.103,0.070789,74.95,0.092,0.0,ETH-27DEC19-160-P,189.77,68.39,0.06,32.0,0.074,292.0,76.87,0.32406,-0.11804,-0.17248,0.00403,-0.24293
195.06,ETH-27DEC19,1568545140285,open,0.01,820.0,0.004,0.032,0.014361,92.12,0.011,0.0,ETH-27DEC19-440-C,189.77,88.92,0.012,720.0,0.016,232.0,94.18,0.15102,-0.06762,0.03498,0.00153,0.07799
195.06,ETH-27DEC19,1568545140285,open,0.04,1031.0,0.015,0.066,0.038419,84.43,0.032,0.0,ETH-27DEC19-320-C,189.77,81.29,0.034,320.0,0.042,220.0,86.88,0.28044,-0.11508,0.08299,0.0031,0.18936
195.06,ETH-27DEC19,1568545140288,open,0.18,2376.0,0.124,0.219,0.172665,74.95,0.238,0.0,ETH-27DEC19-200-P,189.77,70.82,0.164,24.0,0.182,240.0,79.4,0.40932,-0.1491,-0.34006,0.00509,-0.44588
190.21,ETH-27SEP19,1568545140288,open,0.0,3419.0,0.001,0.011,0.0,120.0,0.001,0.0,ETH-27SEP19-640-C,189.77,0.0,0.0,0.0,0.001,237.0,253.19,0.0,0.0,0.0,0.0,0.0
195.06,ETH-27DEC19,1568545140288,open,0.01,8512.0,0.001,0.016,0.005649,100.14,0.005,0.0,ETH-27DEC19-600-C,189.77,95.36,0.004,2600.0,0.007,200.0,103.42,0.07495,-0.03648,0.01467,0.0007,0.03232
190.21,ETH-27SEP19,1568545140288,open,0.0,2060.0,0.001,0.011,1e-06,120.01,0.003,0.0,ETH-27SEP19-80-P,189.77,0.0,0.0,0.0,0.001,10.0,212.25,3e-05,-0.00015,0.0,0.0,-2e-05
195.06,ETH-27DEC19,1568545140290,open,1.9,0.0,1.789,1.974,1.877588,97.77,0.845,0.0,ETH-27DEC19-560-P,189.77,0.0,0.0,0.0,0.0,0.0,0.0,0.08592,-0.04083,-1.56105,0.00082,-0.96182
195.06,ETH-27DEC19,1568545140290,open,2.52,0.0,2.386,2.603,2.489704,102.25,None,0.0,ETH-27DEC19-680-P,189.77,0.0,0.002,10.0,0.0,0.0,0.0,0.05274,-0.02621,-1.90689,0.00048,-0.97877
190.21,ETH-27SEP19,1568545140290,open,2.82,0.0,2.676,2.902,2.785489,236.22,None,0.0,ETH-27SEP19-720-P,189.77,0.0,0.0,0.0,0.0,0.0,0.0,0.00198,-0.01967,-0.23416,7e-05,-0.9982
190.21,ETH-27SEP19,1568545140290,open,0.16,647.0,0.137,0.195,0.167219,82.92,0.125,0.0,ETH-27SEP19-160-C,189.77,0.0,0.158,300.0,0.0,0.0,0.0,0.06415,-0.22395,0.04478,0.00657,0.89087
195.06,ETH-27DEC19,1568545140292,open,0.02,1595.0,0.006,0.04,0.019468,89.96,0.018,0.0,ETH-27DEC19-400-C,189.77,86.13,0.016,720.0,0.022,100.0,92.54,0.18563,-0.08116,0.0459,0.00192,0.10295
190.21,ETH-27SEP19,1568545140296,open,2.4,0.0,2.267,2.468,2.364879,215.85,None,0.0,ETH-27SEP19-640-P,189.77,0.0,0.0,0.0,0.0,0.0,0.0,0.00192,-0.01742,-0.20813,8e-05,-0.99826
195.06,ETH-27DEC19,1568545140298,open,0.0,5902.0,0.001,0.013,0.003597,102.25,0.003,0.0,ETH-27DEC19-680-C,189.77,95.11,0.002,4350.0,0.005,500.0,106.88,0.05274,-0.02621,0.00969,0.00048,0.02123
190.21,ETH-27SEP19,1568545140298,open,0.0,2951.0,0.001,0.011,0.000136,119.99,0.006,0.0,ETH-27SEP19-360-C,189.77,0.0,0.0,0.0,0.16,3.0,492.34,0.00243,-0.01228,0.00013,0.00017,0.00226
195.06,ETH-27DEC19,1568545140298,open,0.89,257.0,0.804,0.943,0.871713,86.69,0.947,0.0,ETH-27DEC19-360-P,189.77,0.0,0.008,4.0,1.59,1.0,492.24,0.22526,-0.09491,-0.95461,0.00242,-0.86463
190.21,ETH-27SEP19,1568545140298,open,0.0,5725.0,0.001,0.011,2.4e-05,119.99,0.001,0.0,ETH-27SEP19-400-C,189.77,0.0,0.0,0.0,0.001,106.0,167.84,0.00054,-0.00274,3e-05,4e-05,0.00044
190.21,ETH-27SEP19,1568545140300,open,0.68,0.0,0.675,0.694,0.684543,0.0,0.01,0.0,ETH-27SEP19-60-C,189.77,0.0,0.003,10.0,0.0,0.0,0.0,0.0,0.0,0.01952,0.0,1.0
190.21,ETH-27SEP19,1568545140308,open,1.33,0.0,1.246,1.384,1.313358,151.74,None,0.0,ETH-27SEP19-440-P,189.77,0.0,0.0,0.0,0.0,0.0,0.0,0.00189,-0.01206,-0.14306,0.00011,-0.99829
190.21,ETH-27SEP19,1568545140315,open,0.0,2663.0,0.001,0.011,0.000322,119.99,0.001,0.0,ETH-27SEP19-340-C,189.77,0.0,0.0,0.0,0.083,2.0,356.24,0.00497,-0.0251,0.00029,0.00035,0.00501
190.21,ETH-27SEP19,1568545140315,open,0.0,2698.0,0.001,0.011,0.0,120.0,0.001,0.0,ETH-27SEP19-720-C,189.77,0.0,0.0,0.0,0.001,222.0,273.57,0.0,0.0,0.0,0.0,0.0
190.21,ETH-27SEP19,1568545140315,open,0.49,730.0,0.43,0.522,0.473757,104.64,0.533,0.0,ETH-27SEP19-280-P,189.77,0.0,0.35,8.0,0.9,5.0,500.0,0.02028,-0.08936,-0.08964,0.00165,-0.97466
195.06,ETH-27DEC19,1568545140315,open,0.14,2128.0,0.103,0.185,0.14734,74.95,0.147,0.0,ETH-27DEC19-200-C,189.77,70.98,0.139,24.0,0.155,240.0,78.6,0.40932,-0.1491,0.22364,0.00509,0.55412
195.06,ETH-27DEC19,1568545140315,open,0.5,432.0,0.43,0.555,0.492911,81.36,0.66,0.0,ETH-27DEC19-280-P,189.77,69.94,0.474,240.0,0.537,240.0,104.85,0.34069,-0.13472,-0.6738,0.0039,-0.73268
190.21,ETH-27SEP19,1568545140315,open,0.0,1897.0,0.001,0.011,5.7e-05,119.99,0.001,0.0,ETH-27SEP19-380-C,189.77,0.0,0.0,0.0,0.03,3.0,286.8,0.00116,-0.00586,6e-05,8e-05,0.001
190.21,ETH-27SEP19,1568545140315,open,3.03,0.0,2.88,3.119,2.995794,245.59,None,0.0,ETH-27SEP19-760-P,189.77,0.0,0.0,0.0,0.0,0.0,0.0,0.00201,-0.02079,-0.24717,7e-05,-0.99817
190.21,ETH-27SEP19,1568545140317,open,0.38,1241.0,0.328,0.416,0.370129,98.19,0.426,0.0,ETH-27SEP19-260-P,189.77,0.0,0.3,5.0,0.0,0.0,0.0,0.03359,-0.13886,-0.08189,0.00291,-0.95315
190.21,ETH-27SEP19,1568545140317,open,1.55,0.0,1.451,1.601,1.52366,166.37,None,0.0,ETH-27SEP19-480-P,189.77,0.0,0.0,0.0,0.0,0.0,0.0,0.00185,-0.01293,-0.15608,9e-05,-0.99833
195.06,ETH-27DEC19,1568545140317,open,0.01,3713.0,0.001,0.021,0.008216,95.59,0.009,0.0,ETH-27DEC19-520-C,189.77,90.9,0.006,2716.0,0.01,400.0,98.83,0.10103,-0.04694,0.02113,0.00099,0.04664
190.21,ETH-27SEP19,1568545140317,open,0.0,11621.0,0.001,0.011,0.00141,88.26,0.001,0.0,ETH-27SEP19-140-P,189.77,83.55,0.001,27.0,0.002,200.0,93.74,0.01835,-0.06818,-0.00148,0.00177,-0.02249
195.06,ETH-27DEC19,1568545140317,open,0.01,4983.0,0.001,0.018,0.006676,97.77,0.005,0.0,ETH-27DEC19-560-C,189.77,93.61,0.005,200.0,0.008,400.0,100.61,0.08592,-0.04083,0.01732,0.00082,0.03818
190.21,ETH-27SEP19,1568545140320,open,0.8,294.0,0.736,0.844,0.787914,123.26,1.024,0.0,ETH-27SEP19-340-P,189.77,0.0,0.0,0.0,1.19,1.0,500.0,0.006,-0.03111,-0.11027,0.00041,-0.99381
195.06,ETH-27DEC19,1568545140320,open,0.25,157.0,0.209,0.286,0.250529,74.95,0.239,0.0,ETH-27DEC19-160-C,189.77,0.0,0.179,300.0,0.0,0.0,0.0,0.32406,-0.11804,0.27849,0.00403,0.75707
190.21,ETH-27SEP19,1568545140320,open,0.0,5261.0,0.001,0.011,0.001614,118.83,0.001,0.0,ETH-27SEP19-300-C,189.77,0.0,0.0,0.0,0.003,200.0,130.78,0.01785,-0.08929,0.00125,0.00128,0.02177
195.06,ETH-27DEC19,1568545140323,open,0.06,1738.0,0.027,0.09,0.057456,81.36,0.061,0.0,ETH-27DEC19-280-C,189.77,77.6,0.051,240.0,0.063,240.0,84.49,0.34069,-0.13472,0.11538,0.0039,0.26732
190.21,ETH-27SEP19,1568545140325,open,2.61,0.0,2.472,2.685,2.575184,226.33,None,0.0,ETH-27SEP19-680-P,189.77,0.0,0.0,0.0,0.0,0.0,0.0,0.00195,-0.01855,-0.22115,7e-05,-0.99823
190.21,ETH-27SEP19,1568545140325,open,0.0,6399.0,0.001,0.011,0.0,119.99,0.001,0.0,ETH-27SEP19-520-C,189.77,0.0,0.0,0.0,0.001,240.0,216.36,0.0,-2e-05,0.0,0.0,0.0
195.06,ETH-27DEC19,1568545140325,open,2.93,0.0,2.784,3.025,2.899438,107.84,None,0.0,ETH-27DEC19-760-P,189.77,0.0,0.0,0.0,0.0,0.0,0.0,0.0466,-0.02442,-2.13374,0.0004,-0.98165
190.21,ETH-27SEP19,1568545140325,open,0.26,214.0,0.242,0.288,0.265343,87.85,0.227,0.0,ETH-27SEP19-140-C,189.77,0.0,0.007,20.0,0.0,0.0,0.0,0.01804,-0.06672,0.0441,0.00174,0.97796
195.06,ETH-27DEC19,1568545140325,open,0.0,3653.0,0.001,0.013,0.003839,106.86,0.002,0.0,ETH-27DEC19-720-C,189.77,91.48,0.001,550.0,0.007,40.0,116.1,0.05389,-0.02799,0.00986,0.00047,0.02178
197.13,SYN.ETH-27MAR20,1568545140329,open,1.11,0.0,1.005,1.181,1.092025,89.25,None,0.0,ETH-27MAR20-400-P,189.77,0.0,0.001,10.0,1.135,3.0,107.33,0.42857,-0.09865,-1.95719,0.00233,-0.77713
195.06,ETH-27DEC19,1568545140331,open,0.04,1528.0,0.017,0.061,0.03773,74.95,0.049,0.0,ETH-27DEC19-140-P,189.77,71.07,0.033,260.0,0.038,40.0,75.16,0.24244,-0.08831,-0.10371,0.00302,-0.15092
191.7,SYN.ETH-25OCT19,1568545140331,open,0.03,111.0,0.012,0.053,0.030883,75.25,0.05,0.0,ETH-25OCT19-160-P,189.77,69.83,0.026,240.0,0.033,240.0,77.54,0.17597,-0.16604,-0.0478,0.00582,-0.19734
197.13,SYN.ETH-27MAR20,1568545140410,open,0.05,20.0,0.02,0.084,0.049239,89.38,0.043,0.0,ETH-27MAR20-440-C,189.77,86.59,0.044,320.0,0.053,220.0,91.3,0.37991,-0.08757,0.13925,0.00206,0.18222
191.7,SYN.ETH-25OCT19,1568545140410,open,0.12,473.0,0.092,0.162,0.129487,75.23,0.12,0.0,ETH-25OCT19-180-C,189.77,69.12,0.122,240.0,0.133,240.0,78.09,0.23538,-0.22203,0.10842,0.00779,0.64715
189.95,SYN.ETH-20SEP19,1568545140416,open,0.0,14.0,0.001,0.011,0.001205,70.1,0.004,0.0,ETH-20SEP19-220-C,189.77,0.0,0.0,0.0,0.002,2.0,77.21,0.01821,-0.13093,0.00094,0.00539,0.03818
10346.51,SYN.BTC-20SEP19,1568545140430,open,0.03,78.7,0.015,0.0625,0.0342096,56.25,0.034,0.0,BTC-20SEP19-10500-P,10323.12,51.36,0.032,28.0,0.0355,1.5,59.1,4.68169,-27.0069,-0.84463,0.00058,-0.57691
195.06,ETH-27DEC19,1568545140464,open,0.12,1080.0,0.075,0.156,0.116042,74.95,0.12,0.0,ETH-27DEC19-180-P,189.77,69.81,0.106,32.0,0.123,272.0,78.51,0.38123,-0.13887,-0.25306,0.00474,-0.34425
191.7,SYN.ETH-25OCT19,1568545140478,open,0.07,105.0,0.037,0.1,0.068477,75.25,0.067,0.0,ETH-25OCT19-180-P,189.77,72.42,0.065,1.0,0.074,240.0,79.75,0.23539,-0.22212,-0.08824,0.00779,-0.35287
197.13,SYN.ETH-27MAR20,1568545140483,open,1.3,0.0,1.192,1.375,1.281244,89.38,None,0.0,ETH-27MAR20-440-P,189.77,0.0,0.002,10.0,1.333,3.0,112.62,0.37991,-0.08757,-2.19788,0.00206,-0.81778
195.06,ETH-27DEC19,1568545140531,open,0.11,1312.0,0.073,0.153,0.115056,76.71,0.124,0.0,ETH-27DEC19-220-C,189.77,72.88,0.107,240.0,0.122,240.0,80.0,0.41139,-0.15337,0.19152,0.005,0.46341
191.7,SYN.ETH-25OCT19,1568545140548,open,0.08,429.0,0.046,0.11,0.079323,74.03,0.063,0.0,ETH-25OCT19-200-C,189.77,69.23,0.073,96.0,0.084,240.0,77.58,0.25246,-0.23435,0.08386,0.00849,0.47973
197.13,SYN.ETH-27MAR20,1568545140558,open,0.04,173.0,0.015,0.073,0.041166,90.83,0.039,0.0,ETH-27MAR20-480-C,189.77,87.77,0.036,200.0,0.045,200.0,92.99,0.34302,-0.08035,0.11967,0.00183,0.15546
189.95,SYN.ETH-20SEP19,1568545140591,open,0.17,0.0,0.125,0.196,0.159425,70.36,None,0.0,ETH-20SEP19-220-P,189.77,0.0,0.0,0.0,0.0,0.0,0.0,0.01844,-0.13302,-0.02844,0.00544,-0.96125
191.7,SYN.ETH-25OCT19,1568545140611,open,0.13,211.0,0.083,0.161,0.122645,74.06,0.167,0.0,ETH-25OCT19-200-P,189.77,68.25,0.115,96.0,0.13,240.0,79.64,0.25246,-0.23444,-0.13464,0.00849,-0.52022
197.13,SYN.ETH-27MAR20,1568545140641,open,1.5,0.0,1.383,1.574,1.476081,90.83,None,0.0,ETH-27MAR20-480-P,189.77,0.0,0.003,10.0,0.0,0.0,0.0,0.34302,-0.08035,-2.42992,0.00183,-0.84454
189.95,SYN.ETH-20SEP19,1568545140667,open,0.0,200.0,0.001,0.011,0.001159,86.33,0.001,0.0,ETH-20SEP19-230-C,189.77,0.0,0.0,0.0,0.002,100.0,95.1,0.01532,-0.1356,0.00076,0.00368,0.03092
195.06,ETH-27DEC19,1568545140689,open,0.07,457.0,0.037,0.107,0.072148,80.1,0.075,0.0,ETH-27DEC19-260-C,189.77,75.76,0.064,32.0,0.076,3.0,82.11,0.37111,-0.14447,0.13715,0.00432,0.32161
191.7,SYN.ETH-25OCT19,1568545140689,open,0.05,217.0,0.022,0.075,0.048143,75.17,0.045,0.0,ETH-25OCT19-220-C,189.77,71.7,0.044,220.0,0.052,220.0,78.36,0.23047,-0.21724,0.05979,0.00764,0.33363
197.13,SYN.ETH-27MAR20,1568545140725,open,0.03,46.0,0.012,0.064,0.03457,91.99,0.033,0.0,ETH-27MAR20-520-C,189.77,88.97,0.03,200.0,0.038,200.0,94.13,0.30901,-0.07331,0.10323,0.00163,0.13316
189.95,SYN.ETH-20SEP19,1568545140730,open,0.22,0.0,0.176,0.251,0.212026,86.66,None,0.0,ETH-20SEP19-230-P,189.77,0.0,0.0,0.0,0.0,0.0,0.0,0.01553,-0.13798,-0.02996,0.00372,-0.96857
195.06,ETH-27DEC19,1568545140772,open,0.41,0.0,0.344,0.464,0.405071,80.1,None,0.0,ETH-27DEC19-260-P,189.77,0.0,0.0,0.0,0.444,240.0,99.77,0.37111,-0.14447,-0.59566,0.00432,-0.67839
191.7,SYN.ETH-25OCT19,1568545140774,open,0.2,0.0,0.151,0.24,0.195797,75.21,None,0.0,ETH-25OCT19-220-P,189.77,0.0,0.0,0.0,0.0,0.0,0.0,0.2305,-0.21737,-0.18054,0.00763,-0.66625
10800.04,SYN.BTC-27MAR20,1568545140788,open,0.02,44.9,0.0055,0.0455,0.02084732,85.21,0.0235,0.0,BTC-27MAR20-30000-C,10323.12,83.62,0.019,0.1,0.023,17.2,86.96,12.88642,-2.83174,4.02387,2e-05,0.09099
197.13,SYN.ETH-27MAR20,1568545140809,open,1.69,0.0,1.576,1.775,1.672394,91.99,None,0.0,ETH-27MAR20-520-P,189.77,0.0,0.005,10.0,0.0,0.0,0.0,0.30901,-0.07331,-2.65884,0.00163,-0.86684
191.7,SYN.ETH-25OCT19,1568545140843,open,0.01,2085.0,0.003,0.028,0.012551,82.93,0.011,0.0,ETH-25OCT19-280-C,189.77,80.3,0.011,270.0,0.013,223.0,83.66,0.11645,-0.12109,0.01969,0.0035,0.10656
195.06,ETH-27DEC19,1568545140846,open,0.05,993.0,0.02,0.077,0.046858,83.01,0.048,0.0,ETH-27DEC19-300-C,189.77,79.9,0.042,231.0,0.051,252.0,85.58,0.31033,-0.1252,0.09776,0.00349,0.22468
191.7,SYN.ETH-25OCT19,1568545140852,open,0.03,71.0,0.01,0.051,0.029123,76.76,0.029,0.0,ETH-25OCT19-240-C,189.77,73.55,0.026,220.0,0.033,220.0,80.61,0.18955,-0.18243,0.04081,0.00615,0.22398
197.13,SYN.ETH-27MAR20,1568545140894,open,0.03,324.0,0.009,0.056,0.029175,92.94,0.033,0.0,ETH-27MAR20-560-C,189.77,89.86,0.025,200.0,0.033,200.0,95.56,0.27806,-0.06664,0.08937,0.00145,0.11453
191.7,SYN.ETH-25OCT19,1568545140922,open,0.29,0.0,0.234,0.328,0.28111,76.8,None,0.0,ETH-25OCT19-240-P,189.77,0.0,0.0,0.0,0.0,0.0,0.0,0.18963,-0.18262,-0.22136,0.00615,-0.77584
195.06,ETH-27DEC19,1568545140934,open,0.6,0.0,0.52,0.65,0.584846,83.01,None,0.0,ETH-27DEC19-300-P,189.77,0.0,0.0,0.0,0.0,0.0,0.0,0.31033,-0.1252,-0.74779,0.00349,-0.77532
191.7,SYN.ETH-25OCT19,1568545140948,open,0.49,3.0,0.424,0.525,0.473201,83.02,0.645,0.0,ETH-25OCT19-280-P,189.77,0.0,0.0,0.0,0.0,0.0,0.0,0.11668,-0.12146,-0.28616,0.0035,-0.89315
197.13,SYN.ETH-27MAR20,1568545140975,open,1.89,0.0,1.77,1.978,1.869909,92.94,None,0.0,ETH-27MAR20-560-P,189.77,0.0,0.01,10.0,0.0,0.0,0.0,0.27806,-0.06664,-2.88516,0.00145,-0.88547
10457.18,SYN.BTC-25OCT19,1568545140982,open,0.12,20.0,0.0885,0.1575,0.1232901,70.46,0.136,0.0,BTC-25OCT19-11000-P,10323.12,66.81,0.1185,21.4,0.1245,1.0,71.38,13.71905,-12.12117,-7.57948,0.00016,-0.54016
191.7,SYN.ETH-25OCT19,1568545141000,open,0.02,506.0,0.005,0.037,0.018346,79.26,0.017,0.0,ETH-25OCT19-260-C,189.77,74.77,0.015,222.0,0.021,220.0,82.6,0.14839,-0.14748,0.02778,0.00466,0.15099
195.06,ETH-27DEC19,1568545141014,open,0.03,900.0,0.011,0.058,0.031986,85.92,0.031,0.0,ETH-27DEC19-340-C,189.77,82.77,0.028,320.0,0.035,220.0,88.2,0.25308,-0.10569,0.07098,0.00275,0.16109
10380.14,BTC-27SEP19,1568545141063,open,0.08,0.0,0.0575,0.1085,0.0840088,68.32,None,0.0,BTC-27SEP19-9750-C,10323.12,62.52,0.0805,6.0,0.086,6.0,71.56,6.35034,-18.26736,2.13304,0.00027,0.71559
191.7,SYN.ETH-25OCT19,1568545141069,open,0.39,3.0,0.326,0.424,0.374664,79.33,0.534,0.0,ETH-25OCT19-260-P,189.77,0.0,0.0,0.0,0.0,0.0,0.0,0.14854,-0.14775,-0.25623,0.00466,-0.84877
197.13,SYN.ETH-27MAR20,1568545141072,open,0.03,2827.0,0.008,0.052,0.025998,94.71,0.027,0.0,ETH-27MAR20-600-C,189.77,92.33,0.023,2.0,0.028,200.0,96.21,0.2567,-0.0627,0.0801,0.00131,0.10249
195.06,ETH-27DEC19,1568545141081,open,0.79,0.0,0.708,0.845,0.77504,85.92,None,0.0,ETH-27DEC19-340-P,189.77,0.0,0.0,0.0,0.0,0.0,0.0,0.25308,-0.10569,-0.88732,0.00275,-0.83891
10630.7,BTC-27DEC19,1568545141113,open,0.11,358.1,0.072,0.15,0.11184039,75.32,0.111,0.0,BTC-27DEC19-12000-C,10323.12,73.49,0.108,38.4,0.1155,18.2,77.06,22.39624,-8.19854,10.40047,9e-05,0.45895
10630.7,BTC-27DEC19,1568545141136,open,1.83,0.2,1.7675,1.8885,1.82505554,86.22,2.03,0.0,BTC-27DEC19-30000-P,10323.12,0.0,0.001,1.0,0.0,0.0,0.0,2.82488,-1.1838,-84.02326,1e-05,-0.9792
10630.7,BTC-27DEC19,1568545141138,open,3.52,0.0,3.427,3.617,3.51806161,115.41,None,0.0,BTC-27DEC19-48000-P,10323.12,0.0,0.0005,10.0,0.0,0.0,0.0,2.2135,-1.24162,-134.90544,1e-05,-0.98438
10380.14,BTC-27SEP19,1568545141148,open,0.18,4.1,0.1655,0.2045,0.18451735,73.19,0.169,0.0,BTC-27SEP19-8500-C,10323.12,0.0,0.178,9.0,0.193,10.1,102.45,2.14525,-6.61078,2.56129,8e-05,0.9429
195.06,ETH-27DEC19,1568545141158,open,0.02,11.0,0.007,0.044,0.022286,88.21,0.018,0.0,ETH-27DEC19-380-C,189.77,84.94,0.019,470.0,0.025,220.0,90.74,0.20353,-0.08725,0.05209,0.00215,0.11704
190.21,ETH-27SEP19,1568545141221,open,0.03,45.0,0.004,0.039,0.018541,83.03,0.014,0.0,ETH-27SEP19-170-P,189.78,60.2,0.008,160.0,0.013,160.0,71.73,0.0974,-0.34049,-0.01382,0.00997,-0.20471
190.21,ETH-27SEP19,1568545141221,open,0.07,15.0,0.025,0.087,0.055308,77.73,0.054,0.0,ETH-27SEP19-190-P,189.78,59.19,0.042,120.0,0.052,120.0,73.12,0.13646,-0.44659,-0.03244,0.01491,-0.46892
190.21,ETH-27SEP19,1568545141221,open,0.21,0.0,0.188,0.241,0.215125,85.87,None,0.0,ETH-27SEP19-150-C,189.78,0.0,0.0,0.0,0.0,0.0,0.0,0.03741,-0.13524,0.04526,0.0037,0.94638
197.13,SYN.ETH-27MAR20,1568545141221,open,0.24,986.0,0.171,0.283,0.229219,76.75,0.28,0.0,ETH-27MAR20-200-P,189.78,71.36,0.214,32.0,0.239,240.0,80.23,0.555,-0.10985,-0.65865,0.0035,-0.39981
197.13,SYN.ETH-27MAR20,1568545141220,open,0.07,206.0,0.035,0.113,0.073606,85.96,0.076,0.0,ETH-27MAR20-360-C,189.78,83.12,0.067,220.0,0.079,220.0,88.23,0.46462,-0.10301,0.1936,0.00262,0.25849
190.22,ETH-27SEP19,1568545141223,open,0.0,100.0,0.001,0.011,0.000392,88.99,0.001,0.0,ETH-27SEP19-130-P,189.78,0.0,0.0,0.0,0.0,0.0,0.0,0.00678,-0.02541,-0.00046,0.00065,-0.00711
189.95,SYN.ETH-20SEP19,1568545141221,open,0.0,5.0,0.001,0.011,1.7e-05,102.12,0.003,0.0,ETH-20SEP19-130-P,189.78,0.0,0.0,0.0,0.0,0.0,0.0,0.00041,-0.00327,-1e-05,8e-05,-0.00053
189.95,SYN.ETH-20SEP19,1568545141220,open,0.0,523.0,0.001,0.011,0.001263,82.66,0.001,0.0,ETH-20SEP19-160-P,189.78,79.32,0.001,5.0,0.002,7.0,90.28,0.016,-0.13565,-0.00086,0.00402,-0.0326
197.13,SYN.ETH-27MAR20,1568545141220,open,0.21,536.0,0.162,0.259,0.214672,76.75,0.219,0.0,ETH-27MAR20-200-C,189.78,75.44,0.211,24.0,0.223,240.0,79.71,0.555,-0.10985,0.40368,0.0035,0.60019
190.22,ETH-27SEP19,1568545141224,open,0.31,0.0,0.296,0.337,0.316937,87.95,None,0.0,ETH-27SEP19-130-C,189.78,0.0,0.0,0.0,0.0,0.0,0.0,0.00634,-0.02348,0.04187,0.00061,0.99341
197.13,SYN.ETH-27MAR20,1568545141220,open,0.55,114.0,0.466,0.614,0.542144,82.72,0.537,0.0,ETH-27MAR20-280-P,189.78,71.71,0.512,10.0,0.544,24.0,83.38,0.55103,-0.11755,-1.20695,0.00323,-0.61051
189.95,SYN.ETH-20SEP19,1568545141221,open,0.2,0.0,0.186,0.234,0.210723,91.02,None,0.0,ETH-20SEP19-150-C,189.78,0.0,0.0,0.0,0.0,0.0,0.0,0.00626,-0.05843,0.01975,0.00143,0.9892
190.22,ETH-27SEP19,1568545141224,open,0.03,128.0,0.006,0.047,0.023952,82.97,0.017,0.0,ETH-27SEP19-210-C,189.78,63.69,0.013,160.0,0.017,1.0,71.08,0.11528,-0.4027,0.01578,0.0118,0.27888
197.13,SYN.ETH-27MAR20,1568545141220,open,0.73,1.0,0.636,0.794,0.716167,84.1,0.827,0.0,ETH-27MAR20-320-P,189.78,0.0,0.0,0.0,0.755,3.0,98.57,0.50985,-0.11059,-1.46796,0.00294,-0.68576
10380.14,BTC-27SEP19,1568545141225,open,1.7,0.0,1.645,1.7525,1.69750834,163.95,None,0.0,BTC-27SEP19-28000-P,10323.12,0.0,0.0,0.0,0.0,0.0,0.0,0.04358,-0.3008,-9.10803,0.0,-0.99933
197.13,SYN.ETH-27MAR20,1568545141221,open,0.6,2.0,0.585,0.619,0.601996,76.75,0.597,0.0,ETH-27MAR20-80-C,189.78,0.0,0.071,10.0,0.0,0.0,0.0,0.09571,-0.01894,0.38613,0.0006,0.97075
197.13,SYN.ETH-27MAR20,1568545141220,open,0.43,37.0,0.401,0.465,0.435063,76.75,0.431,0.0,ETH-27MAR20-120-C,189.78,0.0,0.097,5.0,0.461,3.0,93.33,0.29007,-0.05741,0.46424,0.00183,0.87842
197.13,SYN.ETH-27MAR20,1568545141220,open,0.01,673.0,0.001,0.017,0.007815,76.75,0.011,0.0,ETH-27MAR20-80-P,189.78,70.25,0.005,240.0,0.009,280.0,79.1,0.09571,-0.01894,-0.03881,0.0006,-0.02925
189.95,SYN.ETH-20SEP19,1568545141221,open,0.0,101.0,0.001,0.011,0.000402,91.02,0.009,0.0,ETH-20SEP19-150-P,189.78,0.0,0.0,0.0,0.001,5.0,104.07,0.00626,-0.05843,-0.00028,0.00143,-0.0108
197.13,SYN.ETH-27MAR20,1568545141220,open,0.91,0.0,0.817,0.983,0.899792,85.96,None,0.0,ETH-27MAR20-360-P,189.78,0.0,0.0,0.0,0.942,3.0,102.73,0.46462,-0.10301,-1.7186,0.00262,-0.74151
189.95,SYN.ETH-20SEP19,1568545141221,open,0.31,0.0,0.295,0.335,0.315614,89.2,None,0.0,ETH-20SEP19-130-C,189.78,0.0,0.0,0.0,0.0,0.0,0.0,8e-05,-0.00076,0.01736,2e-05,0.9999
189.95,SYN.ETH-20SEP19,1568545141221,open,0.0,5.0,0.001,0.011,5.7e-05,92.37,0.007,0.0,ETH-20SEP19-140-P,189.78,0.0,0.0,0.0,0.0,0.0,0.0,0.00126,-0.01088,-5e-05,0.00028,-0.0018
189.95,SYN.ETH-20SEP19,1568545141221,open,0.03,53.0,0.006,0.055,0.02795,60.34,0.073,0.0,ETH-20SEP19-190-P,189.78,40.92,0.019,120.0,0.036,120.0,77.81,0.08754,-0.54168,-0.01308,0.0301,-0.48758
189.95,SYN.ETH-20SEP19,1568545141220,open,0.15,0.0,0.132,0.185,0.158939,82.66,None,0.0,ETH-20SEP19-160-C,189.78,0.0,0.157,300.0,0.0,0.0,0.0,0.016,-0.13565,0.02051,0.00402,0.9674
189.95,SYN.ETH-20SEP19,1568545141221,open,0.26,0.0,0.241,0.284,0.263008,89.67,None,0.0,ETH-20SEP19-140-C,189.78,0.0,0.0,0.0,0.0,0.0,0.0,0.00099,-0.00906,0.01867,0.00023,0.99863
10630.75,BTC-27DEC19,1568545141257,open,1.64,0.1,1.583,1.6985,1.63782004,84.6,1.49,0.0,BTC-27DEC19-28000-P,10323.12,0.0,0.001,1.0,0.0,0.0,0.0,3.48565,-1.43326,-78.23661,1e-05,-0.9733
10380.14,BTC-27SEP19,1568545141317,open,0.08,318.0,0.056,0.1135,0.08488767,66.71,0.09,0.0,BTC-27SEP19-11000-P,10323.12,61.51,0.0815,18.0,0.0875,18.0,70.65,6.83363,-19.19304,-2.52732,0.00029,-0.66344
10630.75,BTC-27DEC19,1568545141325,open,0.07,496.3,0.0355,0.103,0.06819698,76.43,0.07,0.0,BTC-27DEC19-14000-C,10323.12,75.0,0.0655,19.0,0.071,20.0,77.9,20.10766,-7.46921,7.46,8e-05,0.31717
10630.75,BTC-27DEC19,1568545141400,open,3.14,0.0,3.0585,3.2365,3.1430637,115.28,3.46,0.0,BTC-27DEC19-44000-P,10323.12,0.0,0.0005,10.0,0.0,0.0,0.0,2.95762,-1.65714,-123.48022,1e-05,-0.97804
10630.75,BTC-27DEC19,1568545141407,open,3.89,0.8,3.796,3.9985,3.893455,115.55,3.59,0.0,BTC-27DEC19-52000-P,10323.12,0.0,0.001,1.0,0.0,0.0,0.0,1.66936,-0.9375,-146.2844,0.0,-0.98873
10630.75,BTC-27DEC19,1568545141417,open,0.77,0.0,0.756,0.7755,0.76596942,119.43,None,0.0,BTC-27DEC19-2500-C,10323.12,0.0,0.0205,0.1,0.95,0.5,500.0,0.76682,-0.44511,6.87253,0.0,0.99534
10380.14,BTC-27SEP19,1568545141420,open,0.0,586.8,0.0005,0.0105,0.0,120.0,0.0005,0.0,BTC-27SEP19-3000-P,10323.12,0.0,0.0,0.0,0.0005,32.0,273.94,0.0,0.0,0.0,0.0,0.0
10380.14,BTC-27SEP19,1568545141420,open,0.57,289.7,0.5565,0.576,0.56647376,0.0,0.588,0.0,BTC-27SEP19-4500-C,10323.12,0.0,0.0025,1.1,0.0,0.0,0.0,0.0,0.0,1.46413,0.0,1.0
10630.75,BTC-27DEC19,1568545141423,open,0.0,429.1,0.0005,0.0145,0.00406094,115.04,0.001,0.0,BTC-27DEC19-44000-C,10323.12,91.83,0.0005,30.0,0.009,1.0,128.49,2.92521,-1.63559,0.52777,1e-05,0.02168
10380.14,BTC-27SEP19,1568545141423,open,0.66,261.1,0.653,0.6725,0.66281148,0.0,0.714,0.0,BTC-27SEP19-3500-C,10323.12,0.0,0.161,1.0,0.7435,0.1,500.0,0.0,0.0,1.13877,0.0,1.0
10380.14,BTC-27SEP19,1568545141423,open,0.0,49.2,0.0005,0.0105,0.0,120.0,0.0015,0.0,BTC-27SEP19-3250-P,10323.12,0.0,0.0,0.0,0.0005,40.0,256.97,0.0,-1e-05,0.0,0.0,0.0
10630.75,BTC-27DEC19,1568545141426,open,0.41,63.0,0.3845,0.429,0.40641459,77.37,0.4965,0.0,BTC-27DEC19-6500-C,10323.12,0.0,0.387,13.0,0.425,13.0,97.67,8.41395,-3.16384,15.37963,3e-05,0.9197
10630.75,BTC-27DEC19,1568545141436,open,0.01,308.5,0.0005,0.0175,0.00779646,79.95,0.0065,0.0,BTC-27DEC19-5500-P,10323.12,78.11,0.007,5.0,0.009,27.0,82.54,4.74348,-1.84309,-1.39587,2e-05,-0.03879
10346.53,SYN.BTC-20SEP19,1568545141472,open,0.0,273.2,0.0005,0.0165,0.00367812,60.87,0.003,0.0,BTC-20SEP19-9500-P,10323.12,57.52,0.003,30.0,0.0045,5.0,64.59,2.18822,-13.65912,-0.15148,0.00025,-0.10592
10346.53,SYN.BTC-20SEP19,1568545141475,open,0.4,0.0,0.374,0.432,0.40169176,113.91,None,0.0,BTC-20SEP19-14500-P,10323.12,0.0,0.0005,0.1,0.0,0.0,0.0,0.21088,-2.46346,-1.92863,1e-05,-0.99375
10346.53,SYN.BTC-20SEP19,1568545141532,open,0.03,184.3,0.0125,0.057,0.03068478,56.12,0.0315,0.0,BTC-20SEP19-10250-C,10323.12,53.51,0.0295,19.1,0.031,0.8,56.82,4.69654,-27.02966,0.74569,0.00059,0.57022
10800.1,SYN.BTC-27MAR20,1568545141534,open,2.16,0.0,2.0905,2.244,2.16274817,86.48,None,0.0,BTC-27MAR20-34000-P,10323.12,0.0,0.0005,10.0,0.0,0.0,0.0,10.12739,-2.25869,-177.63589,2e-05,-0.93376
10380.14,BTC-27SEP19,1568545141622,open,0.0,302.4,0.0005,0.013,0.00340379,73.26,0.0025,0.0,BTC-27SEP19-8500-P,10323.12,71.25,0.003,30.0,0.004,0.5,76.03,2.15011,-6.63232,-0.20489,8e-05,-0.05726
10457.24,SYN.BTC-25OCT19,1568545141640,open,0.19,15.4,0.154,0.2275,0.19092439,71.17,0.1835,0.0,BTC-25OCT19-12000-P,10323.12,38.22,0.157,6.0,0.2275,6.0,100.69,12.36251,-11.03276,-9.94833,0.00015,-0.67987
10800.1,SYN.BTC-27MAR20,1568545141658,open,0.14,175.9,0.089,0.1855,0.13825688,79.41,0.142,0.0,BTC-27MAR20-14000-C,10323.12,77.23,0.132,11.0,0.1445,12.5,81.58,31.00721,-6.35016,17.12814,6e-05,0.43683
10800.1,SYN.BTC-27MAR20,1568545141695,open,0.06,186.4,0.0285,0.102,0.06269849,82.29,0.0655,0.0,BTC-27MAR20-20000-C,10323.12,80.39,0.0585,16.5,0.0665,14.0,83.98,24.1005,-5.11484,9.79596,5e-05,0.23346
10457.24,SYN.BTC-25OCT19,1568545141739,open,0.25,0.0,0.226,0.2715,0.24868873,72.32,None,0.0,BTC-25OCT19-8000-C,10323.12,26.18,0.235,8.0,0.2705,8.0,102.03,6.39176,-5.79624,7.35539,7e-05,0.89252
10380.14,BTC-27SEP19,1568545141748,open,0.05,1.0,0.028,0.0775,0.0531998,65.29,0.0515,0.0,BTC-27SEP19-10250-C,10323.12,62.19,0.051,18.0,0.055,0.9,67.83,7.36736,-20.25315,1.73163,0.00032,0.56593
10800.1,SYN.BTC-27MAR20,1568545141750,open,0.03,40.7,0.01,0.0605,0.03083389,83.78,0.0335,0.0,BTC-27MAR20-26000-C,10323.12,82.23,0.0285,16.0,0.0335,0.2,85.49,16.51804,-3.56904,5.60291,3e-05,0.1285
10346.53,SYN.BTC-20SEP19,1568545141761,open,0.0,74.1,0.0005,0.0105,0.00023572,91.81,0.0005,0.0,BTC-20SEP19-8000-P,10323.12,0.0,0.0,0.0,0.0005,10.0,101.11,0.22188,-2.08893,-0.00948,2e-05,-0.00662
10346.53,SYN.BTC-20SEP19,1568545141767,open,0.0,102.6,0.0005,0.0105,0.00074362,93.28,0.0005,0.0,BTC-20SEP19-13000-C,10323.12,88.24,0.0005,1.1,0.001,0.3,97.52,0.56726,-5.42624,0.02596,4e-05,0.01952
10380.19,BTC-27SEP19,1568545142112,open,0.1,4.6,0.0755,0.125,0.10108625,68.32,0.1045,0.0,BTC-27SEP19-9500-C,10323.12,63.35,0.0985,6.0,0.1035,6.0,72.8,5.50771,-15.84272,2.30132,0.00023,0.78249
10800.1,SYN.BTC-27MAR20,1568545142112,open,0.25,91.8,0.202,0.2955,0.25116718,76.77,0.2585,0.0,BTC-27MAR20-10000-C,10323.12,74.46,0.245,10.0,0.26,10.0,80.09,28.78293,-5.69871,23.55536,6e-05,0.66178
10800.1,SYN.BTC-27MAR20,1568545142184,open,0.43,60.6,0.371,0.496,0.43456311,79.42,0.426,0.0,BTC-27MAR20-14000-P,10323.12,74.5,0.4205,8.6,0.436,2.1,79.92,31.00756,-6.35084,-57.2348,6e-05,-0.56314
190.23,ETH-27SEP19,1568545142238,open,0.12,5.0,0.091,0.155,0.124791,82.89,0.112,0.0,ETH-27SEP19-170-C,189.78,59.37,0.114,40.0,0.122,40.0,77.32,0.09726,-0.33945,0.04153,0.00997,0.79581
189.96,SYN.ETH-20SEP19,1568545142526,open,0.1,172.0,0.079,0.135,0.108087,70.16,0.065,0.0,ETH-20SEP19-170-C,189.78,0.0,0.1,40.0,0.113,40.0,92.9,0.03243,-0.23338,0.02062,0.00959,0.92066
190.23,ETH-27SEP19,1568545142684,open,0.01,10.0,0.001,0.022,0.008,82.99,0.004,0.0,ETH-27SEP19-230-C,189.78,65.65,0.003,200.0,0.008,200.0,82.99,0.06717,-0.23469,0.00671,0.00687,0.11637
10380.19,BTC-27SEP19,1568545142765,open,0.07,0.0,0.04,0.095,0.06772353,65.33,None,0.0,BTC-27SEP19-10750-P,10323.12,61.42,0.065,18.0,0.071,18.0,70.0,7.26074,-19.96981,-2.23527,0.00032,-0.59413
189.96,SYN.ETH-20SEP19,1568545142921,open,0.02,473.0,0.006,0.053,0.02769,60.28,0.023,0.0,ETH-20SEP19-190-C,189.78,41.43,0.019,120.0,0.031,1.0,67.47,0.08754,-0.5412,0.01231,0.03013,0.51271
10346.55,SYN.BTC-20SEP19,1568545143127,open,0.05,2.7,0.0285,0.0795,0.05087995,57.51,0.051,0.0,BTC-20SEP19-10750-P,10323.12,50.1,0.048,18.0,0.0515,2.0,59.06,4.11836,-24.2884,-1.04634,0.0005,-0.70618
10346.55,SYN.BTC-20SEP19,1568545143167,open,0.13,0.0,0.1125,0.1505,0.13132977,68.76,None,0.0,BTC-20SEP19-9000-C,10323.12,0.0,0.13,10.0,0.0,0.0,0.0,0.954,-6.72691,1.15029,0.0001,0.96361
10800.15,SYN.BTC-27MAR20,1568545143179,open,0.48,3.7,0.4505,0.502,0.47629846,77.68,0.46,0.0,BTC-27MAR20-6000-C,10323.12,68.63,0.466,9.5,0.4835,9.0,83.41,13.11787,-2.62813,24.69625,3e-05,0.9068
10457.18,SYN.BTC-25OCT19,1568545143195,open,0.43,8.3,0.415,0.4415,0.4279265,83.37,0.431,0.0,BTC-25OCT19-6000-C,10323.12,0.0,0.417,9.0,0.44,1.0,127.51,1.35582,-1.41731,6.35713,1e-05,0.98437
10800.2,SYN.BTC-27MAR20,1568545143217,open,0.58,0.1,0.5185,0.6475,0.58332761,79.42,0.62,0.0,BTC-27MAR20-16000-P,10323.12,61.4,0.5375,3.0,0.638,4.0,99.02,29.10682,-5.96162,-70.84345,6e-05,-0.65159
190.23,ETH-27SEP19,1568545143242,open,0.09,1590.0,0.054,0.12,0.088825,82.95,0.08,0.0,ETH-27SEP19-180-C,189.78,61.24,0.075,120.0,0.084,120.0,75.5,0.12403,-0.43313,0.03607,0.0127,0.67158
10800.2,SYN.BTC-27MAR20,1568545143251,open,1.09,0.0,1.0205,1.156,1.08568021,82.68,None,0.0,BTC-27MAR20-22000-P,10323.12,0.0,0.0005,10.0,0.0,0.0,0.0,21.33024,-4.54806,-108.77424,4e-05,-0.81043
10457.34,SYN.BTC-25OCT19,1568545143259,open,0.01,280.5,0.0005,0.022,0.00912719,74.17,0.01,0.0,BTC-25OCT19-15000-C,10323.12,70.95,0.0075,44.2,0.0105,24.0,76.66,5.55072,-5.16193,0.90864,6e-05,0.08866
10800.2,SYN.BTC-27MAR20,1568545143259,open,1.62,0.0,1.551,1.693,1.61787527,84.59,None,0.0,BTC-27MAR20-28000-P,10323.12,0.0,0.0005,10.0,0.0,0.0,0.0,14.61244,-3.18787,-143.98085,3e-05,-0.89194
10346.57,SYN.BTC-20SEP19,1568545143283,open,0.0,75.9,0.0005,0.012,0.00222891,65.73,0.0025,0.0,BTC-20SEP19-9250-P,10323.12,60.27,0.0015,25.7,0.003,2.0,70.6,1.51967,-10.24406,-0.09318,0.00016,-0.06519
190.23,ETH-27SEP19,1568545143323,open,0.04,6430.0,0.012,0.062,0.035117,83.05,0.031,0.0,ETH-27SEP19-180-P,189.78,60.88,0.021,160.0,0.028,160.0,72.03,0.12405,-0.43375,-0.02251,0.01269,-0.32856
10346.57,SYN.BTC-20SEP19,1568545143357,open,0.16,1.0,0.1375,0.1875,0.16128728,73.37,0.2095,0.0,BTC-20SEP19-12000-P,10323.12,0.0,0.1595,9.0,0.182,4.0,155.46,1.11364,-8.37947,-1.54417,0.00011,-0.95598
10457.34,SYN.BTC-25OCT19,1568545143372,open,0.07,116.6,0.0415,0.1,0.07046336,70.46,0.067,0.0,BTC-25OCT19-10000-P,10323.12,68.1,0.0675,3.5,0.072,0.1,71.68,13.14854,-11.61648,-5.13335,0.00016,-0.37887
10457.34,SYN.BTC-25OCT19,1568545143399,open,0.0,839.2,0.0005,0.014,0.00427284,79.76,0.005,0.0,BTC-25OCT19-17000-C,10323.12,78.85,0.004,1.1,0.0045,1.0,80.49,3.18853,-3.18889,0.44826,3e-05,0.04351
10346.57,SYN.BTC-20SEP19,1568545143416,open,0.28,0.0,0.2605,0.291,0.27535393,112.07,None,0.0,BTC-20SEP19-7500-C,10323.12,0.0,0.001,3.0,0.0,0.0,0.0,0.18529,-2.12949,0.99407,1e-05,0.9946
10380.24,BTC-27SEP19,1568545143420,open,0.1,1.0,0.0735,0.1315,0.10263706,66.71,0.1025,0.0,BTC-27SEP19-11250-P,10323.12,61.36,0.0995,6.0,0.1055,6.0,71.43,6.20707,-17.43341,-2.80731,0.00027,-0.72859
10380.24,BTC-27SEP19,1568545143443,open,0.12,0.0,0.096,0.1435,0.12010896,68.99,None,0.0,BTC-27SEP19-9250-C,10323.12,0.0,0.0965,10.0,0.1415,10.0,110.21,4.58226,-13.31005,2.42647,0.00019,0.83857
10380.24,BTC-27SEP19,1568545143455,open,0.05,157.2,0.0275,0.079,0.05296472,64.94,0.054,0.0,BTC-27SEP19-10500-P,10323.14,62.2,0.051,18.1,0.054,0.2,66.38,7.46387,-20.40628,-1.92058,0.00033,-0.5157
10380.24,BTC-27SEP19,1568545143455,open,0.0,146.6,0.0005,0.0105,8.1e-07,120.0,0.0005,0.0,BTC-27SEP19-26000-C,10323.14,0.0,0.0,0.0,0.002,29.0,217.68,0.00145,-0.00735,6e-05,0.0,2e-05
10380.24,BTC-27SEP19,1568545143455,open,0.02,3.3,0.007,0.044,0.02331441,68.35,0.019,0.0,BTC-27SEP19-9750-P,10323.14,67.83,0.023,0.8,0.0245,41.0,70.28,6.35069,-18.27488,-1.03938,0.00027,-0.28444
10630.84,BTC-27DEC19,1568545143455,open,0.0,384.1,0.0005,0.0105,0.00099221,103.01,0.003,0.0,BTC-27DEC19-3000-P,10323.14,94.8,0.0005,0.1,0.0015,1.0,108.9,0.79334,-0.3972,-0.17487,0.0,-0.00484
10630.84,BTC-27DEC19,1568545143455,open,0.08,603.9,0.0475,0.1135,0.08018771,74.33,0.076,0.0,BTC-27DEC19-9000-P,10323.14,72.79,0.0775,24.0,0.083,35.3,75.94,18.58655,-6.7147,-10.42837,8e-05,-0.26785
10380.24,BTC-27SEP19,1568545143455,open,0.01,5.7,0.0015,0.0265,0.01123889,69.02,0.0105,0.0,BTC-27SEP19-9250-P,10323.14,66.16,0.01,45.0,0.0125,0.1,71.83,4.58403,-13.32119,-0.58349,0.00019,-0.16153
10380.24,BTC-27SEP19,1568545143455,open,0.0,605.0,0.0005,0.0105,7.541e-05,120.0,0.0005,0.0,BTC-27SEP19-5500-P,10323.14,0.0,0.0,0.0,0.0005,20.0,146.01,0.07297,-0.36866,-0.00422,0.0,-0.00117
10380.24,BTC-27SEP19,1568545143455,open,0.0,529.3,0.0005,0.011,0.00118824,80.24,0.001,0.0,BTC-27SEP19-14000-C,10323.14,78.22,0.001,50.0,0.0015,0.5,83.17,1.02197,-3.45253,0.07382,4e-05,0.02305
10380.24,BTC-27SEP19,1568545143455,open,0.0,350.4,0.0005,0.0105,5.43e-06,120.0,0.0005,0.0,BTC-27SEP19-4750-P,10323.14,0.0,0.0,0.0,0.0005,26.9,176.93,0.00739,-0.03733,-0.00035,0.0,-0.0001
10630.84,BTC-27DEC19,1568545143455,open,0.09,302.4,0.051,0.1245,0.08769522,76.08,0.087,0.0,BTC-27DEC19-13000-C,10323.14,74.5,0.0845,17.0,0.0915,36.3,77.95,21.54981,-7.96856,8.86504,9e-05,0.38356
10380.24,BTC-27SEP19,1568545143455,open,0.0,670.6,0.0005,0.0105,2.063e-05,120.0,0.0005,0.0,BTC-27SEP19-22000-C,10323.14,0.0,0.0,0.0,0.001,29.0,169.32,0.02623,-0.13253,0.00124,0.0,0.00039
10630.84,BTC-27DEC19,1568545143455,open,0.72,0.0,0.709,0.7285,0.71879198,102.98,None,0.0,BTC-27DEC19-3000-C,10323.14,0.0,0.095,0.1,0.944,0.5,500.0,0.79204,-0.39643,8.28101,0.0,0.99517
10380.24,BTC-27SEP19,1568545143455,open,0.0,684.0,0.0005,0.0105,3e-08,120.0,0.0005,0.0,BTC-27SEP19-30000-C,10323.14,0.0,0.0,0.0,0.001,4.0,226.34,8e-05,-0.00034,0.0,0.0,0.0
10630.84,BTC-27DEC19,1568545143455,open,0.01,424.8,0.0005,0.022,0.00827513,83.11,0.0075,0.0,BTC-27DEC19-24000-C,10323.14,80.74,0.007,0.2,0.0095,51.0,85.19,6.0133,-2.42891,1.3127,2e-05,0.05209
10380.24,BTC-27SEP19,1568545143455,open,0.0,597.5,0.0005,0.0125,0.00278667,73.82,0.002,0.0,BTC-27SEP19-13000-C,10323.14,69.35,0.002,27.0,0.0035,30.1,77.29,1.99947,-6.21432,0.167,8e-05,0.05224
10630.84,BTC-27DEC19,1568545143455,open,0.18,241.0,0.1315,0.22,0.17637174,73.99,0.177,0.0,BTC-27DEC19-11000-P,10323.14,72.63,0.1735,25.4,0.1765,1.0,74.05,22.38118,-8.04891,-18.9597,9e-05,-0.4564
10630.84,BTC-27DEC19,1568545143455,open,0.0,213.2,0.0005,0.011,0.00113996,119.48,0.0005,0.0,BTC-27DEC19-2500-P,10323.14,0.0,0.0,0.0,0.0085,1.0,166.59,0.7685,-0.44628,-0.17421,0.0,-0.00467
10630.84,BTC-27DEC19,1568545143455,open,0.01,379.1,0.0005,0.017,0.00574785,84.06,0.005,0.0,BTC-27DEC19-26000-C,10323.14,80.96,0.0045,28.0,0.007,53.0,86.77,4.61061,-1.88363,0.95025,2e-05,0.03746
10380.24,BTC-27SEP19,1568545143455,open,0.0,1182.5,0.0005,0.0105,0.00029657,119.99,0.0005,0.0,BTC-27SEP19-6000-P,10323.14,0.0,0.0,0.0,0.001,11.0,139.74,0.22856,-1.15467,-0.01497,1e-05,-0.00414
10380.24,BTC-27SEP19,1568545143456,open,0.16,111.2,0.1365,0.195,0.16488451,70.98,0.16,0.0,BTC-27SEP19-12000-P,10323.14,0.0,0.155,7.0,0.1745,7.0,91.43,4.22054,-12.61287,-3.45246,0.00017,-0.85736
10630.84,BTC-27DEC19,1568545143455,open,0.12,485.0,0.0835,0.1625,0.12322831,73.99,0.126,0.0,BTC-27DEC19-10000-P,10323.14,72.37,0.12,32.3,0.125,3.0,74.88,21.16219,-7.61047,-14.54994,9e-05,-0.36237
10630.84,BTC-27DEC19,1568545143456,open,0.14,659.9,0.1005,0.1795,0.14163759,73.99,0.141,0.0,BTC-27DEC19-11000-C,10323.14,72.74,0.139,29.4,0.147,15.0,76.54,22.38122,-8.04847,12.044,9e-05,0.5436
10380.24,BTC-27SEP19,1568545143456,open,0.0,125.2,0.0005,0.0105,3e-08,120.0,0.0005,0.0,BTC-27SEP19-3750-P,10323.14,0.0,0.0,0.0,0.0005,30.0,226.73,7e-05,-0.00034,0.0,0.0,0.0
10630.84,BTC-27DEC19,1568545143456,open,0.05,586.3,0.0235,0.074,0.04734703,74.78,0.0475,0.0,BTC-27DEC19-8000-P,10323.14,73.45,0.0455,19.0,0.0495,24.3,76.32,14.81949,-5.38642,-6.81781,6e-05,-0.18019
10630.84,BTC-27DEC19,1568545143456,open,0.31,111.9,0.2605,0.36,0.3105672,76.09,0.358,0.0,BTC-27DEC19-13000-P,10323.14,67.81,0.294,16.0,0.355,8.0,97.55,21.55024,-7.96947,-27.7753,9e-05,-0.61641
10380.24,BTC-27SEP19,1568545143456,open,0.0,869.8,0.0005,0.0105,0.0007519,89.52,0.0005,0.0,BTC-27SEP19-15000-C,10323.14,85.03,0.0005,68.9,0.001,1.0,93.03,0.66554,-2.50855,0.04453,2e-05,0.01394
10380.24,BTC-27SEP19,1568545143456,open,0.86,42.8,0.8455,0.865,0.85549328,0.0,0.815,0.0,BTC-27SEP19-1500-C,10323.14,0.0,0.036,1.0,0.0,0.0,0.0,0.0,0.0,0.48804,0.0,1.0
10380.24,BTC-27SEP19,1568545143456,open,0.45,26.6,0.417,0.4775,0.44581911,89.74,0.44,0.0,BTC-27SEP19-15000-P,10323.14,0.0,0.4255,5.0,0.4705,5.0,181.39,0.67389,-2.54614,-4.83526,2e-05,-0.98586
10630.84,BTC-27DEC19,1568545143456,open,0.9,5.7,0.8505,0.952,0.89875023,80.18,0.661,0.0,BTC-27DEC19-20000-P,10323.14,0.0,0.14,0.3,1.08,1.0,185.28,10.02866,-3.90806,-53.84477,4e-05,-0.89828
10380.24,BTC-27SEP19,1568545143456,open,0.0,657.8,0.0005,0.0105,1.429e-05,120.0,0.0005,0.0,BTC-27SEP19-5000-P,10323.14,0.0,0.0,0.0,0.0005,55.0,166.12,0.01735,-0.08764,-0.00089,0.0,-0.00025
10630.84,BTC-27DEC19,1568545143456,open,0.02,265.7,0.01,0.0445,0.02498327,75.83,0.025,0.0,BTC-27DEC19-7000-P,10323.14,74.31,0.0235,23.0,0.0265,32.3,77.36,10.44816,-3.85084,-3.97375,4e-05,-0.10764
10380.24,BTC-27SEP19,1568545143456,open,0.07,709.1,0.041,0.092,0.06743097,66.37,0.07,0.0,BTC-27SEP19-10000-C,10323.14,63.49,0.0655,0.3,0.0705,29.0,70.93,6.9714,-19.48181,1.95028,0.0003,0.64489
10630.84,BTC-27DEC19,1568545143456,open,0.02,793.9,0.0045,0.0375,0.01741542,80.16,0.0175,0.0,BTC-27DEC19-20000-C,10323.14,78.07,0.0155,56.0,0.0195,49.0,82.31,10.0241,-3.90546,2.52405,4e-05,0.10165
10380.24,BTC-27SEP19,1568545143456,open,0.0,1255.3,0.0005,0.0105,0.00048144,94.18,0.0005,0.0,BTC-27SEP19-7000-P,10323.14,0.0,0.0,0.0,0.001,11.0,104.12,0.41519,-1.64639,-0.029,1e-05,-0.00811
10380.24,BTC-27SEP19,1568545143456,open,0.0,392.7,0.0005,0.0105,1.86e-06,120.0,0.0005,0.0,BTC-27SEP19-4500-P,10323.14,0.0,0.0,0.0,0.0005,30.0,188.31,0.00283,-0.01429,-0.00013,0.0,-4e-05
10630.84,BTC-27DEC19,1568545143456,open,0.58,4.1,0.569,0.592,0.57976788,84.65,0.578,0.0,BTC-27DEC19-4500-C,10323.14,0.0,0.5695,1.0,0.5885,1.0,110.65,2.29217,-0.94305,12.10387,1e-05,0.98373
10380.24,BTC-27SEP19,1568545143456,open,0.0,406.8,0.0005,0.0105,0.0,120.0,0.0005,0.0,BTC-27SEP19-2500-P,10323.14,0.0,0.0,0.0,0.0005,30.0,312.83,0.0,0.0,0.0,0.0,0.0
10630.84,BTC-27DEC19,1568545143456,open,0.03,494.8,0.009,0.051,0.02671652,78.87,0.0265,0.0,BTC-27DEC19-18000-C,10323.14,77.44,0.025,47.0,0.0285,25.2,80.31,12.9965,-4.98174,3.6111,5e-05,0.14723
10630.84,BTC-27DEC19,1568545143456,open,1.08,4.9,1.0325,1.136,1.08127413,81.65,1.0385,0.0,BTC-27DEC19-22000-P,10323.14,0.0,0.09,0.1,1.8105,0.3,500.0,7.74267,-3.07243,-60.20455,3e-05,-0.92801
10630.84,BTC-27DEC19,1568545143456,open,0.29,224.4,0.2625,0.3255,0.29481311,74.78,0.291,0.0,BTC-27DEC19-8000-C,10323.14,69.44,0.2875,12.0,0.3045,12.0,81.59,14.81907,-5.38594,15.73072,6e-05,0.81982
10630.84,BTC-27DEC19,1568545143456,open,0.0,248.0,0.0005,0.0105,0.00083253,88.98,0.001,0.0,BTC-27DEC19-3500-P,10323.14,83.69,0.0005,29.0,0.001,28.4,91.09,0.79081,-0.342,-0.16956,0.0,-0.00483
10630.84,BTC-27DEC19,1568545143456,open,0.01,305.9,0.0015,0.0235,0.01133711,77.38,0.011,0.0,BTC-27DEC19-6000-P,10323.14,75.94,0.0105,50.0,0.0115,2.8,77.65,6.28228,-2.36263,-1.98898,3e-05,-0.05504
10380.24,BTC-27SEP19,1568545143456,open,1.12,0.2,1.078,1.163,1.11945254,125.99,1.391,0.0,BTC-27SEP19-22000-P,10323.14,0.0,0.0045,10.0,0.0,0.0,0.0,0.04585,-0.24324,-7.1557,0.0,-0.99929
10380.24,BTC-27SEP19,1568545143456,open,0.76,55.9,0.7495,0.769,0.75915546,0.0,0.689,0.0,BTC-27SEP19-2500-C,10323.14,0.0,0.0045,10.0,0.845,2.0,500.0,0.0,0.0,0.8134,0.0,1.0
10630.84,BTC-27DEC19,1568545143456,open,0.86,0.1,0.849,0.8685,0.85896714,119.82,0.868,0.0,BTC-27DEC19-1500-C,10323.14,0.0,0.851,1.0,0.8675,1.0,226.57,0.07037,-0.04098,4.21556,0.0,0.99966
10630.86,BTC-27DEC19,1568545143457,open,0.81,0.0,0.8025,0.822,0.81222729,119.92,None,0.0,BTC-27DEC19-2000-C,10323.14,0.0,0.0145,0.2,0.9565,0.5,500.0,0.29689,-0.17305,5.57747,0.0,0.99837
10380.24,BTC-27SEP19,1568545143457,open,0.0,811.8,0.0005,0.0105,0.00010274,120.0,0.0005,0.0,BTC-27SEP19-20000-C,10323.14,0.0,0.0,0.0,0.001,29.0,151.06,0.10463,-0.52863,0.00553,0.0,0.00174
10380.24,BTC-27SEP19,1568545143457,open,1.31,0.2,1.267,1.359,1.31211163,134.76,1.6,0.0,BTC-27SEP19-24000-P,10323.14,0.0,0.0,0.0,0.0,0.0,0.0,0.02953,-0.16757,-7.80728,0.0,-0.99956
10630.86,BTC-27DEC19,1568545143457,open,0.45,122.9,0.4285,0.4665,0.44693432,77.37,0.4475,0.0,BTC-27DEC19-6000-C,10323.14,70.02,0.443,13.0,0.463,13.0,99.33,6.28015,-2.36141,14.92305,3e-05,0.94498
10630.86,BTC-27DEC19,1568545143457,open,0.04,277.6,0.0175,0.0715,0.04203113,77.52,0.0425,0.0,BTC-27DEC19-16000-C,10323.14,76.53,0.0405,21.0,0.0435,6.0,78.46,16.51149,-6.22095,5.19658,7e-05,0.21546
10630.86,BTC-27DEC19,1568545143457,open,0.0,1502.8,0.0005,0.0115,0.00190663,115.04,0.001,0.0,BTC-27DEC19-52000-C,10323.14,100.92,0.0005,38.1,0.001,20.0,107.64,1.62176,-0.9068,0.26952,0.0,0.0109
10380.24,BTC-27SEP19,1568545143457,open,0.01,248.5,0.0025,0.0305,0.01386577,66.68,0.014,0.0,BTC-27SEP19-11500-C,10323.14,65.02,0.013,24.0,0.014,0.3,66.94,5.46071,-15.3314,0.67698,0.00023,0.21431
10380.24,BTC-27SEP19,1568545143457,open,1.5,0.0,1.456,1.5555,1.50478398,145.78,None,0.0,BTC-27SEP19-26000-P,10323.14,0.0,0.0,0.0,0.0,0.0,0.0,0.02637,-0.16187,-8.45817,0.0,-0.99961
10380.24,BTC-27SEP19,1568545143457,open,0.23,860.2,0.214,0.248,0.23072199,76.84,0.211,0.0,BTC-27SEP19-8000-C,10323.14,0.0,0.2165,9.0,0.2455,9.0,136.96,1.11919,-3.6209,2.51138,4e-05,0.97432
10630.86,BTC-27DEC19,1568545143457,open,0.23,172.6,0.1955,0.2685,0.23358705,74.33,0.23,0.0,BTC-27DEC19-9000-C,10323.14,71.7,0.229,21.0,0.2445,13.0,80.54,18.58637,-6.71422,14.93867,8e-05,0.73215
10380.24,BTC-27SEP19,1568545143457,open,0.03,928.4,0.011,0.0535,0.03080912,66.39,0.033,0.0,BTC-27SEP19-10000-P,10323.14,62.94,0.0285,39.0,0.033,39.0,69.64,6.97154,-19.48625,-1.30343,0.0003,-0.35513
10380.24,BTC-27SEP19,1568545143457,open,0.59,9.1,0.581,0.6005,0.59056485,0.0,0.6095,0.0,BTC-27SEP19-4250-C,10323.14,0.0,0.005,0.1,0.7795,2.0,500.0,0.0,0.0,1.38279,0.0,1.0
10380.24,BTC-27SEP19,1568545143457,open,0.0,422.0,0.0005,0.0105,1e-08,120.0,0.0005,0.0,BTC-27SEP19-3500-P,10323.14,0.0,0.0,0.0,0.0005,31.0,241.29,1e-05,-6e-05,0.0,0.0,0.0
10630.86,BTC-27DEC19,1568545143457,open,0.0,470.1,0.0005,0.011,0.00125436,94.81,0.001,0.0,BTC-27DEC19-40000-C,10323.14,92.6,0.001,2.5,0.0015,1.0,96.66,1.32324,-0.60978,0.22121,0.0,0.00864
10380.24,BTC-27SEP19,1568545143457,open,0.54,13.5,0.5325,0.552,0.54240082,108.85,0.382,0.0,BTC-27SEP19-4750-C,10323.14,0.0,0.0055,9.1,0.7635,2.0,500.0,0.00182,-0.00832,1.54539,0.0,0.99998
10380.24,BTC-27SEP19,1568545143457,open,0.26,37.0,0.2285,0.2845,0.25517825,73.88,0.2795,0.0,BTC-27SEP19-13000-P,10323.14,0.0,0.236,6.0,0.2805,6.0,138.91,2.00431,-6.23462,-4.0622,8e-05,-0.94761
10630.86,BTC-27DEC19,1568545143457,open,2.39,1.3,2.3205,2.4605,2.38769548,89.07,2.2,0.0,BTC-27DEC19-36000-P,10323.14,0.0,0.0005,10.0,0.0,0.0,0.0,1.4465,-0.62618,-101.21972,1e-05,-0.99044
10380.24,BTC-27SEP19,1568545143457,open,0.01,1532.3,0.0005,0.0205,0.00768148,70.26,0.008,0.0,BTC-27SEP19-9000-P,10323.14,68.3,0.007,48.3,0.0085,1.0,72.52,3.68294,-10.89421,-0.42168,0.00015,-0.11717
10380.24,BTC-27SEP19,1568545143457,open,0.42,713.5,0.4105,0.435,0.42226968,119.74,0.454,0.0,BTC-27SEP19-6000-C,10323.14,0.0,0.4125,12.0,0.431,12.0,208.02,0.22546,-1.13662,1.93743,1e-05,0.99593
10630.86,BTC-27DEC19,1568545143457,open,0.0,617.2,0.0005,0.013,0.00306822,84.67,0.0025,0.0,BTC-27DEC19-4500-P,10323.14,79.06,0.002,24.0,0.004,28.0,88.65,2.29379,-0.94391,-0.57995,1e-05,-0.01629
10630.86,BTC-27DEC19,1568545143458,open,0.53,65.4,0.5215,0.549,0.53463261,82.04,0.533,0.0,BTC-27DEC19-5000-C,10323.14,0.0,0.523,14.0,0.546,14.0,107.14,3.36526,-1.34179,13.17671,1e-05,0.9744
10630.86,BTC-27DEC19,1568545143457,open,0.63,26.7,0.616,0.636,0.62572864,88.96,0.626,0.0,BTC-27DEC19-4000-C,10323.14,0.0,0.45,1.0,0.6485,0.2,150.39,1.57721,-0.6819,10.89801,1e-05,0.98944
10346.57,SYN.BTC-20SEP19,1568545143455,open,0.07,1.5,0.043,0.089,0.06492261,59.83,0.0595,0.0,BTC-20SEP19-9750-C,10323.14,55.09,0.0635,6.0,0.067,1.0,66.31,3.2009,-19.64008,1.03554,0.00037,0.81417
10380.24,BTC-27SEP19,1568545143458,open,0.54,34.4,0.5115,0.577,0.54237995,106.36,0.396,0.0,BTC-27SEP19-16000-P,10323.14,0.0,0.0045,10.0,0.0,0.0,0.0,0.72579,-3.25025,-5.15707,2e-05,-0.98459
10380.24,BTC-27SEP19,1568545143458,open,0.73,1.0,0.7005,0.7725,0.73457742,120.44,0.575,0.0,BTC-27SEP19-18000-P,10323.14,0.0,0.0045,0.3,0.0,0.0,0.0,0.39455,-2.00069,-5.83241,1e-05,-0.99235
10380.24,BTC-27SEP19,1568545143458,open,0.0,1660.1,0.0005,0.0105,0.0,120.0,0.0005,0.0,BTC-27SEP19-1500-P,10323.14,0.0,0.0,0.0,0.0005,97.1,423.96,0.0,0.0,0.0,0.0,0.0
10630.86,BTC-27DEC19,1568545143458,open,0.0,126.2,0.0005,0.0105,0.00036077,119.99,0.0005,0.0,BTC-27DEC19-2000-P,10323.14,0.0,0.0,0.0,0.001,29.0,135.24,0.29806,-0.17383,-0.05983,0.0,-0.00164
10630.86,BTC-27DEC19,1568545143458,open,1.27,0.0,1.2155,1.3225,1.26587689,83.15,None,0.0,BTC-27DEC19-24000-P,10323.14,0.0,0.006,1.0,1.9885,0.2,500.0,6.02334,-2.43417,-66.32901,2e-05,-0.9478
10630.86,BTC-27DEC19,1568545143458,open,0.01,263.5,0.002,0.0285,0.01180556,81.62,0.012,0.0,BTC-27DEC19-22000-C,10323.14,79.77,0.0105,33.1,0.013,50.0,83.22,7.73627,-3.06897,1.80093,3e-05,0.07191
10380.24,BTC-27SEP19,1568545143458,open,0.0,492.7,0.0005,0.0105,0.0,120.0,0.0005,0.0,BTC-27SEP19-2000-P,10323.14,0.0,0.0,0.0,0.0005,51.0,360.93,0.0,0.0,0.0,0.0,0.0
10380.24,BTC-27SEP19,1568545143458,open,0.0,1107.7,0.0005,0.0105,5.6e-07,120.0,0.001,0.0,BTC-27SEP19-4250-P,10323.14,0.0,0.0,0.0,0.0015,29.0,230.93,0.00096,-0.00484,-4e-05,0.0,-1e-05
10380.24,BTC-27SEP19,1568545143458,open,0.14,449.4,0.118,0.163,0.14064115,70.23,0.141,0.0,BTC-27SEP19-9000-C,10323.14,0.0,0.12,9.0,0.1615,9.0,115.85,3.68138,-10.88595,2.50684,0.00015,0.8829
10630.86,BTC-27DEC19,1568545143458,open,0.0,479.0,0.0005,0.0115,0.0019956,88.98,0.0015,0.0,BTC-27DEC19-4000-P,10323.14,80.73,0.001,10.0,0.003,29.0,94.89,1.57918,-0.68295,-0.37661,1e-05,-0.01057
10380.24,BTC-27SEP19,1568545143458,open,0.64,0.0,0.629,0.6485,0.63873323,0.0,None,0.0,BTC-27SEP19-3750-C,10323.14,0.0,0.0045,10.0,0.7965,2.0,500.0,0.0,0.0,1.22011,0.0,1.0
10380.26,BTC-27SEP19,1568545143458,open,0.69,0.5,0.677,0.6965,0.6869021,0.0,0.694,0.0,BTC-27SEP19-3250-C,10323.14,0.0,0.0045,10.0,0.7805,0.5,500.0,0.0,0.0,1.05742,0.0,1.0
10630.86,BTC-27DEC19,1568545143458,open,0.67,4.0,0.662,0.6815,0.67159894,88.94,0.666,0.0,BTC-27DEC19-3500-C,10323.14,0.0,0.0965,0.5,0.965,1.0,500.0,0.78858,-0.34086,9.69579,0.0,0.99519
10346.57,SYN.BTC-20SEP19,1568545143455,open,0.09,9.1,0.0645,0.108,0.0854932,60.84,0.09,0.0,BTC-20SEP19-9500-C,10323.14,55.82,0.0845,6.0,0.0895,6.0,77.03,2.1866,-13.64271,1.1177,0.00025,0.89419
10380.26,BTC-27SEP19,1568545143458,open,0.71,225.7,0.701,0.7205,0.71098656,0.0,0.693,0.0,BTC-27SEP19-3000-C,10323.14,0.0,0.0045,20.0,0.0,0.0,0.0,0.0,0.0,0.97608,0.0,1.0
10630.86,BTC-27DEC19,1568545143458,open,0.03,230.0,0.0155,0.058,0.03500767,75.29,0.035,0.0,BTC-27DEC19-7500-P,10323.14,73.59,0.033,21.0,0.037,24.0,76.95,12.66644,-4.63501,-5.29531,5e-05,-0.14172
10380.26,BTC-27SEP19,1568545143458,open,0.0,573.4,0.0005,0.0105,0.00097492,106.15,0.0005,0.0,BTC-27SEP19-16000-C,10323.14,0.0,0.0,0.0,0.003,31.2,125.49,0.71842,-3.21075,0.04815,2e-05,0.01523
10630.86,BTC-27DEC19,1568545143459,open,2.01,0.3,1.9515,2.079,2.01239638,87.32,1.875,0.0,BTC-27DEC19-32000-P,10323.14,0.0,0.0005,10.0,0.0,0.0,0.0,2.2542,-0.95663,-89.78286,1e-05,-0.98404
10380.26,BTC-27SEP19,1568545143459,open,0.52,789.2,0.5085,0.528,0.51832522,115.97,0.5015,0.0,BTC-27SEP19-5000-C,10323.14,0.0,0.051,1.0,0.0,0.0,0.0,0.0116,-0.05662,1.62623,0.0,0.99984
10346.57,SYN.BTC-20SEP19,1568545143455,open,0.0,8.0,0.0005,0.0105,0.00023635,112.32,0.0005,0.0,BTC-20SEP19-7500-P,10323.14,0.0,0.0,0.0,0.0005,10.5,123.26,0.1879,-2.16436,-0.00791,1e-05,-0.00549
10630.86,BTC-27DEC19,1568545143458,open,0.33,91.7,0.3005,0.3575,0.32950628,75.28,0.327,0.0,BTC-27DEC19-7500-C,10323.14,49.6,0.304,12.0,0.354,12.0,94.41,12.6656,-4.63428,15.84419,5e-05,0.85829
10380.26,BTC-27SEP19,1568545143458,open,0.35,54.0,0.3225,0.38,0.34991764,80.4,0.466,0.0,BTC-27SEP19-14000-P,10323.14,0.0,0.33,5.0,0.3745,5.0,159.84,1.03056,-3.48836,-4.48052,4e-05,-0.97672
10630.86,BTC-27DEC19,1568545143459,open,0.55,23.1,0.4975,0.599,0.54709979,77.53,0.5235,0.0,BTC-27DEC19-16000-P,10323.14,42.76,0.509,5.0,0.5925,5.0,103.52,16.51361,-6.2226,-39.89868,7e-05,-0.78449
10630.86,BTC-27DEC19,1568545143459,open,0.39,291.4,0.3345,0.4355,0.38513535,76.44,0.375,0.0,BTC-27DEC19-14000-P,10323.14,53.15,0.345,6.0,0.431,7.0,99.57,20.10899,-7.47048,-31.99837,8e-05,-0.68279
10380.26,BTC-27SEP19,1568545143459,open,0.81,28.2,0.7975,0.817,0.80732437,0.0,0.755,0.0,BTC-27SEP19-2000-C,10323.14,0.0,0.01,1.0,0.0,0.0,0.0,0.0,0.0,0.65072,0.0,1.0
10380.26,BTC-27SEP19,1568545143459,open,0.33,725.9,0.312,0.3405,0.32611674,93.99,0.335,0.0,BTC-27SEP19-7000-C,10323.14,0.0,0.32,10.0,0.333,10.0,151.05,0.41056,-1.62465,2.2489,1e-05,0.992
10630.86,BTC-27DEC19,1568545143459,open,0.18,495.1,0.1415,0.2195,0.18256091,73.99,0.1875,0.0,BTC-27DEC19-10000-C,10323.14,72.2,0.179,22.0,0.1875,28.4,76.47,21.16221,-7.61003,13.63547,9e-05,0.63763
10380.26,BTC-27SEP19,1568545143459,open,0.0,680.9,0.0005,0.0105,0.00049676,119.99,0.001,0.0,BTC-27SEP19-18000-C,10323.14,0.0,0.0,0.0,0.0025,29.0,147.94,0.38527,-1.94642,0.02347,1e-05,0.00745
10380.26,BTC-27SEP19,1568545143459,open,0.61,227.5,0.605,0.6245,0.61464889,0.0,0.606,0.0,BTC-27SEP19-4000-C,10323.14,0.0,0.111,2.0,0.0,0.0,0.0,0.0,0.0,1.30145,0.0,1.0
10630.86,BTC-27DEC19,1568545143459,open,0.0,546.2,0.0005,0.0125,0.00299258,86.04,0.004,0.0,BTC-27DEC19-30000-C,10323.14,81.74,0.002,28.0,0.004,24.0,89.51,2.79509,-1.16887,0.52578,1e-05,0.02054
10457.34,SYN.BTC-25OCT19,1568545143455,open,0.0,258.1,0.0005,0.0115,0.00169522,83.45,0.0015,0.0,BTC-25OCT19-6000-P,10323.14,70.48,0.0005,103.0,0.003,45.0,91.76,1.36107,-1.42419,-0.1987,1e-05,-0.0157
10380.26,BTC-27SEP19,1568545143459,open,0.93,0.0,0.889,0.967,0.92685902,122.04,0.691,0.0,BTC-27SEP19-20000-P,10323.14,0.0,0.0045,10.0,1.088,0.2,500.0,0.12184,-0.62608,-6.5007,0.0,-0.99794
10630.86,BTC-27DEC19,1568545143459,open,0.0,321.8,0.0005,0.012,0.00226063,87.17,0.003,0.0,BTC-27DEC19-32000-C,10323.14,79.36,0.001,39.0,0.0035,24.0,92.21,2.23287,-0.94597,0.40519,1e-05,0.01578
10800.2,SYN.BTC-27MAR20,1568545143457,open,0.01,21.6,0.0035,0.035,0.01457643,86.42,0.0155,0.0,BTC-27MAR20-34000-C,10323.14,83.51,0.012,23.0,0.017,18.0,88.9,10.10635,-2.25252,2.95346,2e-05,0.06606
10630.86,BTC-27DEC19,1568545143460,open,0.24,87.4,0.192,0.2875,0.24065246,75.33,0.233,0.0,BTC-27DEC19-12000-P,10323.14,73.12,0.236,14.4,0.2455,14.4,77.63,22.39679,-8.19965,-23.4211,9e-05,-0.54101
10630.86,BTC-27DEC19,1568545143460,open,0.49,73.3,0.475,0.5075,0.49042875,79.93,0.475,0.0,BTC-27DEC19-5500-C,10323.14,0.0,0.4765,13.0,0.5035,13.0,102.39,4.74159,-1.84208,14.10669,2e-05,0.96123
10630.86,BTC-27DEC19,1568545143460,open,2.76,0.0,2.689,2.8445,2.76392398,95.12,2.58,0.0,BTC-27DEC19-40000-P,10323.14,0.0,0.0005,10.0,0.0,0.0,0.0,1.35307,-0.62556,-112.51377,0.0,-0.99114
10380.26,BTC-27SEP19,1568545143460,open,0.01,1298.7,0.0005,0.023,0.00883073,70.95,0.0085,0.0,BTC-27SEP19-12000-C,10323.14,70.13,0.0085,23.8,0.009,0.2,71.37,4.21849,-12.60175,0.45157,0.00017,0.14254
10630.86,BTC-27DEC19,1568545143460,open,0.0,553.5,0.0005,0.011,0.00127693,88.69,0.0015,0.0,BTC-27DEC19-36000-C,10323.14,80.67,0.0005,39.0,0.002,34.0,93.31,1.40613,-0.60611,0.23912,0.0,0.00926
10380.26,BTC-27SEP19,1568545143460,open,0.0,438.2,0.0005,0.0105,1.6e-07,120.0,0.0005,0.0,BTC-27SEP19-28000-C,10323.14,0.0,0.0,0.0,0.005,29.0,262.67,0.00033,-0.00168,1e-05,0.0,0.0
10630.86,BTC-27DEC19,1568545143460,open,0.0,257.0,0.0005,0.0135,0.0039096,84.47,0.0045,0.0,BTC-27DEC19-28000-C,10323.14,81.43,0.003,28.0,0.005,0.5,87.56,3.46155,-1.42119,0.67636,1e-05,0.02648
10346.57,SYN.BTC-20SEP19,1568545143455,open,0.01,266.1,0.0005,0.0245,0.00716808,59.26,0.006,0.0,BTC-20SEP19-11000-C,10323.14,55.5,0.006,38.0,0.0085,4.5,63.34,3.29645,-20.03446,0.25953,0.00039,0.19495
10380.26,BTC-27SEP19,1568545143460,open,0.0,761.0,0.0005,0.0105,1e-08,120.0,0.0005,0.0,BTC-27SEP19-32000-C,10323.14,0.0,0.0,0.0,0.008,1.0,311.25,2e-05,-7e-05,0.0,0.0,0.0
10630.86,BTC-27DEC19,1568545143460,open,0.0,323.2,0.0005,0.0125,0.00276106,115.04,0.0015,0.0,BTC-27DEC19-48000-C,10323.14,96.59,0.0005,30.0,0.0015,10.0,107.48,2.17174,-1.21431,0.37514,1e-05,0.01528
10380.26,BTC-27SEP19,1568545143460,open,1.89,0.0,1.8335,1.949,1.89013446,169.41,None,0.0,BTC-27SEP19-30000-P,10323.14,0.0,0.0,0.0,0.0,0.0,0.0,0.03015,-0.21505,-9.75944,0.0,-0.99955
10630.86,BTC-27DEC19,1568545143461,open,0.0,231.8,0.0005,0.0105,6.725e-05,120.0,0.0005,0.0,BTC-27DEC19-1500-P,10323.14,0.0,0.0,0.0,0.001,6.9,158.63,0.07136,-0.04162,-0.01239,0.0,-0.00035
10380.26,BTC-27SEP19,1568545143461,open,0.03,1035.6,0.0075,0.046,0.02515792,66.68,0.024,0.0,BTC-27SEP19-11000-C,10323.14,64.92,0.024,10.5,0.026,1.0,67.96,6.83336,-19.18471,1.05157,0.00029,0.33652
10630.86,BTC-27DEC19,1568545143461,open,0.0,617.9,0.0005,0.0145,0.00496646,82.05,0.0045,0.0,BTC-27DEC19-5000-P,10323.14,78.81,0.004,28.0,0.006,28.0,85.14,3.36717,-1.34281,-0.91652,1e-05,-0.02562
10457.34,SYN.BTC-25OCT19,1568545143455,open,0.44,0.0,0.4095,0.481,0.44354896,74.21,None,0.0,BTC-25OCT19-15000-P,10323.14,0.0,0.0,0.0,0.0,0.0,0.0,5.55736,-5.17099,-15.47725,6e-05,-0.9112
10380.26,BTC-27SEP19,1568545143461,open,0.0,484.6,0.0005,0.0105,1.5e-07,120.0,0.0005,0.0,BTC-27SEP19-4000-P,10323.14,0.0,0.0,0.0,0.0005,32.0,213.12,0.00028,-0.00142,-1e-05,0.0,0.0
10380.26,BTC-27SEP19,1568545143461,open,2.08,0.0,2.0225,2.1455,2.08281007,179.39,None,0.0,BTC-27SEP19-32000-P,10323.14,0.0,0.0,0.0,0.0,0.0,0.0,0.03043,-0.22985,-10.41015,0.0,-0.99955
10380.26,BTC-27SEP19,1568545143461,open,0.0,300.4,0.0005,0.0105,4.09e-06,120.0,0.0005,0.0,BTC-27SEP19-24000-C,10323.14,0.0,0.0,0.0,0.0025,29.0,208.06,0.00626,-0.03164,0.00027,0.0,8e-05
10380.26,BTC-27SEP19,1568545143461,open,0.47,221.9,0.4595,0.481,0.47021743,119.1,0.446,0.0,BTC-27SEP19-5500-C,10323.14,0.0,0.4615,1.0,0.479,12.0,234.53,0.06836,-0.34279,1.78557,0.0,0.99891
10630.86,BTC-27DEC19,1568545143461,open,1.45,0.0,1.399,1.51,1.45149445,84.14,None,0.0,BTC-27DEC19-26000-P,10323.14,0.0,0.0045,10.0,2.1675,0.2,500.0,4.62898,-1.89303,-72.32668,2e-05,-0.96236
10800.2,SYN.BTC-27MAR20,1568545143455,open,0.08,104.0,0.0415,0.124,0.08115667,81.7,0.0825,0.0,BTC-27MAR20-18000-C,10323.14,80.02,0.077,13.0,0.0855,13.0,83.44,26.84303,-5.65603,11.84879,5e-05,0.2877
10630.86,BTC-27DEC19,1568545143461,open,0.47,207.4,0.4145,0.516,0.46465451,77.11,0.5265,0.0,BTC-27DEC19-15000-P,10323.14,67.95,0.4495,7.1,0.475,6.0,82.95,18.38922,-6.89177,-36.02694,7e-05,-0.73772
10380.26,BTC-27SEP19,1568545143461,open,0.0,1303.6,0.0005,0.011,0.0014245,76.91,0.0015,0.0,BTC-27SEP19-8000-P,10323.14,72.56,0.001,58.0,0.002,0.4,81.7,1.12272,-3.63558,-0.09187,4e-05,-0.02578
10346.57,SYN.BTC-20SEP19,1568545143455,open,0.09,2.0,0.0675,0.1185,0.09222368,63.76,0.099,0.0,BTC-20SEP19-11250-P,10323.14,40.15,0.088,6.0,0.093,6.0,66.75,2.60776,-17.05173,-1.32178,0.00029,-0.86413
10346.57,SYN.BTC-20SEP19,1568545143456,open,0.0,245.2,0.0005,0.0175,0.00490005,63.74,0.0065,0.0,BTC-20SEP19-11250-C,10323.14,62.12,0.0045,2.0,0.005,0.2,64.13,2.60631,-17.03498,0.18086,0.00029,0.13576
10800.2,SYN.BTC-27MAR20,1568545143455,open,0.04,55.6,0.014,0.071,0.03846704,83.21,0.0415,0.0,BTC-27MAR20-24000-C,10323.14,81.47,0.0355,22.0,0.0415,0.1,84.92,18.78844,-4.03171,6.70819,4e-05,0.1554
10630.86,BTC-27DEC19,1568545143462,open,0.72,12.4,0.6715,0.7725,0.71991784,78.88,0.559,0.0,BTC-27DEC19-18000-P,10323.14,0.0,0.18,0.1,1.4565,0.2,500.0,13.00017,-4.98404,-47.12079,5e-05,-0.8527
10346.57,SYN.BTC-20SEP19,1568545143455,open,0.0,11.5,0.0005,0.0105,0.00024522,113.39,0.0005,0.0,BTC-20SEP19-14500-C,10323.14,0.0,0.0,0.0,0.0005,10.0,123.19,0.20456,-2.37866,0.00801,1e-05,0.00604
10630.86,BTC-27DEC19,1568545143462,open,0.02,288.3,0.006,0.034,0.01785716,77.38,0.018,0.0,BTC-27DEC19-6500-P,10323.14,75.64,0.0165,24.0,0.0195,31.9,79.42,8.4156,-3.16497,-2.94158,3e-05,-0.08032
10630.86,BTC-27DEC19,1568545143462,open,0.05,470.0,0.025,0.086,0.05365242,77.1,0.0545,0.0,BTC-27DEC19-15000-C,10323.14,75.56,0.051,39.3,0.056,20.0,78.45,18.38779,-6.89044,6.25002,7e-05,0.26224
10800.2,SYN.BTC-27MAR20,1568545143457,open,1.26,0.0,1.1955,1.3325,1.26066933,83.22,None,0.0,BTC-27MAR20-24000-P,10323.14,0.0,0.0005,10.0,0.0,0.0,0.0,18.79301,-4.03329,-120.76966,4e-05,-0.84454
10800.2,SYN.BTC-27MAR20,1568545143455,open,0.03,80.5,0.014,0.0535,0.03185448,77.69,0.036,0.0,BTC-27MAR20-6000-P,10323.14,76.57,0.0305,25.0,0.0335,6.0,79.04,13.119,-2.6286,-7.17482,3e-05,-0.09321
10457.34,SYN.BTC-25OCT19,1568545143455,open,0.07,100.2,0.0425,0.0995,0.0713686,70.45,0.074,0.0,BTC-25OCT19-11000-C,10323.14,68.26,0.0685,11.0,0.074,11.0,72.45,13.71926,-12.11898,4.43806,0.00016,0.45984
10800.2,SYN.BTC-27MAR20,1568545143455,open,0.35,17.0,0.307,0.3845,0.34741437,76.77,0.3625,0.0,BTC-27MAR20-8000-C,10323.14,61.0,0.3155,9.0,0.3785,9.0,91.46,22.5067,-4.45605,25.55019,5e-05,0.7928
10457.34,SYN.BTC-25OCT19,1568545143455,open,0.04,81.8,0.02,0.0685,0.04337806,71.16,0.041,0.0,BTC-25OCT19-12000-C,10323.14,68.71,0.0405,32.3,0.0465,13.0,73.78,12.36198,-11.02991,3.16124,0.00015,0.32009
10800.2,SYN.BTC-27MAR20,1568545143455,open,0.75,0.0,0.682,0.8155,0.74780906,81.71,0.8095,0.0,BTC-27MAR20-18000-P,10323.14,0.0,0.082,0.4,0.865,0.1,124.37,26.84447,-5.6568,-83.76024,5e-05,-0.71227
10800.2,SYN.BTC-27MAR20,1568545143455,open,1.8,0.0,1.73,1.8755,1.79860106,85.23,None,0.0,BTC-27MAR20-30000-P,10323.14,0.0,0.0005,10.0,0.0,0.0,0.0,12.89588,-2.83456,-155.32249,2e-05,-0.90892
10346.57,SYN.BTC-20SEP19,1568545143455,open,0.0,142.9,0.0005,0.0105,0.00074928,79.77,0.001,0.0,BTC-20SEP19-12500-C,10323.14,75.2,0.0005,7.7,0.001,30.2,83.46,0.63947,-5.23084,0.03005,6e-05,0.02249
10800.2,SYN.BTC-27MAR20,1568545143455,open,0.3,33.8,0.2375,0.3525,0.29653122,78.3,0.315,0.0,BTC-27MAR20-12000-P,10323.14,75.18,0.2875,13.0,0.3015,8.5,80.01,31.24316,-6.30866,-43.39378,6e-05,-0.45989
10346.57,SYN.BTC-20SEP19,1568545143455,open,0.35,0.0,0.327,0.3825,0.35335971,103.46,None,0.0,BTC-20SEP19-14000-P,10323.14,0.0,0.0,0.0,0.0,0.0,0.0,0.22634,-2.40144,-1.86112,2e-05,-0.99323
10346.57,SYN.BTC-20SEP19,1568545143455,open,0.21,0.0,0.1845,0.2355,0.20888383,79.84,None,0.0,BTC-20SEP19-12500-P,10323.14,0.0,0.0,0.0,0.0,0.0,0.0,0.64211,-5.25754,-1.63956,6e-05,-0.9774
10800.2,SYN.BTC-27MAR20,1568545143455,open,1.98,0.0,1.91,2.059,1.98031333,85.87,None,0.0,BTC-27MAR20-32000-P,10323.14,0.0,0.0005,10.0,0.0,0.0,0.0,11.4165,-2.52839,-166.52953,2e-05,-0.92257
10346.57,SYN.BTC-20SEP19,1568545143455,open,0.0,126.1,0.0005,0.011,0.001191,68.83,0.0015,0.0,BTC-20SEP19-9000-P,10323.14,66.66,0.001,14.6,0.0015,1.0,71.95,0.95682,-6.75338,-0.05212,0.0001,-0.03652
10346.57,SYN.BTC-20SEP19,1568545143455,open,0.23,0.0,0.2115,0.243,0.2270296,91.66,None,0.0,BTC-20SEP19-8000-C,10323.14,0.0,0.0015,2.0,0.0,0.0,0.0,0.21982,-2.06625,1.05927,2e-05,0.99345
10457.34,SYN.BTC-25OCT19,1568545143455,open,0.34,2.0,0.3185,0.3535,0.33570931,77.06,0.3455,0.0,BTC-25OCT19-7000-C,10323.14,0.0,0.3305,18.0,0.3515,8.0,111.47,3.23309,-3.12413,7.08347,4e-05,0.95573
10457.34,SYN.BTC-25OCT19,1568545143455,open,0.01,214.6,0.0005,0.015,0.00510585,77.1,0.0065,0.0,BTC-25OCT19-7000-P,10323.14,73.29,0.004,39.0,0.0065,25.0,81.32,3.23642,-3.12865,-0.56468,4e-05,-0.04432
10346.57,SYN.BTC-20SEP19,1568545143455,open,0.07,16.5,0.0465,0.0985,0.07032689,59.28,0.0675,0.0,BTC-20SEP19-11000-P,10323.14,47.81,0.067,6.0,0.071,2.0,61.36,3.2971,-20.04338,-1.20978,0.00039,-0.80499
10346.57,SYN.BTC-20SEP19,1568545143455,open,0.0,123.9,0.0005,0.0105,0.00024586,103.07,0.001,0.0,BTC-20SEP19-14000-C,10323.14,0.0,0.0,0.0,0.0005,10.0,112.15,0.22082,-2.33395,0.00876,1e-05,0.00659
10457.34,SYN.BTC-25OCT19,1568545143455,open,0.63,0.0,0.595,0.669,0.62995084,79.84,None,0.0,BTC-25OCT19-17000-P,10323.14,0.0,0.0,0.0,0.0,0.0,0.0,3.19953,-3.20316,-18.12213,3e-05,-0.9563
10346.57,SYN.BTC-20SEP19,1568545143455,open,0.01,110.9,0.0005,0.0245,0.00726976,59.85,0.0085,0.0,BTC-20SEP19-9750-P,10323.14,57.32,0.0065,1.7,0.008,2.0,62.18,3.20166,-19.65108,-0.26698,0.00037,-0.1859
10800.2,SYN.BTC-27MAR20,1568545143455,open,0.01,49.2,0.003,0.032,0.01293247,87.69,0.0115,0.0,BTC-27MAR20-36000-C,10323.14,85.96,0.0115,19.6,0.0145,18.0,89.46,9.23959,-2.08961,2.63612,2e-05,0.05888
10457.34,SYN.BTC-25OCT19,1568545143519,open,0.12,20.0,0.0885,0.1575,0.12327789,70.46,0.136,0.0,BTC-25OCT19-11000-P,10323.14,66.82,0.1185,21.4,0.124,1.0,71.01,13.71934,-12.12116,-7.57919,0.00016,-0.54014
195.06,ETH-27DEC19,1568545143532,open,0.04,1031.0,0.015,0.066,0.038427,84.44,0.032,0.0,ETH-27DEC19-320-C,189.78,81.29,0.034,320.0,0.042,252.0,86.88,0.28046,-0.11509,0.08299,0.0031,0.18939
190.23,ETH-27SEP19,1568545143543,open,0.01,3877.0,0.001,0.015,0.004368,83.03,0.003,0.0,ETH-27SEP19-240-C,189.78,63.41,0.001,263.0,0.006,201.0,89.23,0.046,-0.1608,0.00405,0.00471,0.06985
197.13,SYN.ETH-27MAR20,1568545144176,open,2.09,0.0,1.965,2.183,2.069641,94.71,None,0.0,ETH-27MAR20-600-P,189.78,0.0,0.02,10.0,0.0,0.0,0.0,0.2567,-0.0627,-3.1069,0.00131,-0.89751
195.06,ETH-27DEC19,1568545144247,open,0.99,0.0,0.901,1.044,0.970309,88.11,None,0.0,ETH-27DEC19-380-P,189.78,0.0,0.0,0.0,0.0,0.0,0.0,0.20311,-0.08698,-1.01907,0.00215,-0.8833
189.96,SYN.ETH-20SEP19,1568545144365,open,0.06,693.0,0.033,0.092,0.063912,68.68,0.06,0.0,ETH-20SEP19-180-C,189.78,43.55,0.056,300.0,0.067,40.0,77.22,0.06767,-0.4766,0.01776,0.02044,0.7637
195.06,ETH-27DEC19,1568545144369,open,0.07,3136.0,0.039,0.103,0.070789,74.94,0.092,0.0,ETH-27DEC19-160-P,189.78,69.0,0.061,32.0,0.074,292.0,76.87,0.32405,-0.11802,-0.17246,0.00403,-0.24292
197.14,SYN.ETH-27MAR20,1568545144375,open,0.55,114.0,0.466,0.614,0.542084,82.74,0.537,0.0,ETH-27MAR20-280-P,189.78,71.74,0.512,34.0,0.544,24.0,83.4,0.55111,-0.1176,-1.20688,0.00323,-0.61039
195.06,ETH-27DEC19,1568545144388,open,0.33,694.0,0.265,0.381,0.324427,80.07,0.44,0.0,ETH-27DEC19-240-P,189.78,74.95,0.314,240.0,0.329,240.0,82.33,0.39778,-0.15481,-0.51283,0.00463,-0.60841
190.23,ETH-27SEP19,1568545144395,open,0.04,6430.0,0.012,0.062,0.035078,83.05,0.031,0.0,ETH-27SEP19-180-P,189.78,60.88,0.021,160.0,0.029,160.0,73.59,0.12405,-0.43375,-0.02251,0.01269,-0.32856
10800.26,SYN.BTC-27MAR20,1568545144609,open,0.09,201.1,0.053,0.124,0.08814793,76.77,0.088,0.0,BTC-27MAR20-8000-P,10323.14,74.78,0.084,18.0,0.0905,4.9,77.9,22.50689,-4.45632,-16.94364,5e-05,-0.20721
10380.31,BTC-27SEP19,1568545144630,open,0.12,16.6,0.093,0.151,0.12174185,66.7,0.131,0.0,BTC-27SEP19-11500-P,10323.14,48.9,0.1135,8.0,0.132,9.1,84.74,5.4619,-15.33822,-3.06444,0.00023,-0.78561
10457.4,SYN.BTC-25OCT19,1568545144944,open,0.03,127.3,0.009,0.046,0.02534932,71.49,0.026,0.0,BTC-25OCT19-13000-C,10323.14,70.07,0.024,15.0,0.0265,5.0,72.69,9.99037,-8.9561,2.12138,0.00012,0.21104
10800.26,SYN.BTC-27MAR20,1568545144950,open,0.01,419.3,0.0005,0.027,0.01025032,89.82,0.01,0.0,BTC-27MAR20-40000-C,10323.14,88.75,0.0095,10.0,0.011,18.0,90.84,7.74928,-1.795,2.11825,1e-05,0.04717
10346.61,SYN.BTC-20SEP19,1568545145046,open,0.0,152.0,0.0005,0.013,0.00303141,65.94,0.003,0.0,BTC-20SEP19-11500-C,10323.14,62.94,0.0025,59.6,0.0035,30.0,68.38,1.92134,-12.9922,0.11843,0.0002,0.08872
10800.26,SYN.BTC-27MAR20,1568545145052,open,2.35,0.0,2.2715,2.43,2.34620402,87.72,None,0.0,BTC-27MAR20-36000-P,10323.14,0.0,0.0005,10.0,0.0,0.0,0.0,9.24782,-2.09201,-188.58102,2e-05,-0.94105
10457.4,SYN.BTC-25OCT19,1568545145079,open,0.01,84.6,0.004,0.028,0.01371965,72.34,0.015,0.0,BTC-25OCT19-8000-P,10323.14,70.31,0.0125,17.0,0.015,2.0,74.4,6.39355,-5.79947,-1.38508,7e-05,-0.10752
10380.36,BTC-27SEP19,1568545145093,open,0.04,7.2,0.018,0.065,0.04066748,65.31,0.0415,0.0,BTC-27SEP19-10250-P,10323.14,62.26,0.0385,18.0,0.0435,31.0,69.3,7.36731,-20.25965,-1.60316,0.00032,-0.43401
197.13,SYN.ETH-27MAR20,1568545145123,open,0.05,1191.0,0.021,0.068,0.043791,76.75,0.062,0.0,ETH-27MAR20-120-P,189.78,66.87,0.03,40.0,0.043,40.0,76.21,0.29007,-0.05741,-0.17316,0.00183,-0.12158
10800.26,SYN.BTC-27MAR20,1568545145143,open,0.64,1.0,0.6245,0.6495,0.63612685,80.64,0.6305,0.0,BTC-27MAR20-4000-C,10323.14,62.24,0.631,11.0,0.6465,1.0,100.04,4.3883,-0.91264,19.51866,1e-05,0.97637
10380.36,BTC-27SEP19,1568545145162,open,0.0,389.6,0.0005,0.0155,0.00493266,72.2,0.005,0.0,BTC-27SEP19-12500-C,10323.14,70.65,0.0045,0.2,0.005,0.1,72.44,2.95625,-8.98703,0.27605,0.00012,0.08667
10346.61,SYN.BTC-20SEP19,1568545145188,open,0.18,13.3,0.162,0.197,0.17918504,84.22,0.1795,0.0,BTC-20SEP19-8500-C,10323.14,0.0,0.165,6.0,0.193,6.0,169.0,0.56193,-4.85336,1.10777,5e-05,0.98069
10800.26,SYN.BTC-27MAR20,1568545145191,open,0.91,0.0,0.849,0.9835,0.91452009,82.3,None,0.0,BTC-27MAR20-20000-P,10323.14,0.0,0.0,0.0,0.0,0.0,0.0,24.10285,-5.11568,-96.43601,5e-05,-0.76651
197.13,SYN.ETH-27MAR20,1568545145203,open,0.31,222.0,0.259,0.347,0.307044,76.76,0.313,0.0,ETH-27MAR20-160-C,189.78,25.99,0.2,5.0,0.34,3.0,90.74,0.46318,-0.09169,0.45654,0.00292,0.74305
10346.63,SYN.BTC-20SEP19,1568545145220,open,0.26,0.0,0.232,0.2855,0.25719874,93.41,None,0.0,BTC-20SEP19-13000-P,10323.14,0.0,0.0,0.0,0.0,0.0,0.0,0.57106,-5.47055,-1.71039,4e-05,-0.98032
10346.63,SYN.BTC-20SEP19,1568545145224,open,0.02,84.5,0.0065,0.0475,0.02135673,56.13,0.0205,0.0,BTC-20SEP19-10250-P,10323.14,52.04,0.0195,27.6,0.023,0.1,59.75,4.69648,-27.03581,-0.62345,0.00059,-0.42973
10457.45,SYN.BTC-25OCT19,1568545145252,open,0.01,521.0,0.0005,0.016,0.00578961,76.11,0.0055,0.0,BTC-25OCT19-16000-C,10323.14,72.55,0.0045,33.2,0.007,24.0,79.07,4.05422,-3.86919,0.60593,4e-05,0.05883
10800.3,SYN.BTC-27MAR20,1568545145272,open,1.44,0.0,1.3725,1.5115,1.4381991,83.8,None,0.0,BTC-27MAR20-26000-P,10323.14,0.0,0.0005,10.0,0.0,0.0,0.0,16.52493,-3.57118,-132.49745,3e-05,-0.87142
197.13,SYN.ETH-27MAR20,1568545145279,open,0.12,566.0,0.076,0.159,0.118641,76.74,0.117,0.0,ETH-27MAR20-160-P,189.78,70.49,0.104,32.0,0.123,272.0,78.59,0.46318,-0.09167,-0.39327,0.00292,-0.25694
10457.45,SYN.BTC-25OCT19,1568545145288,open,0.27,2.0,0.2325,0.3055,0.2684958,71.51,0.24,0.0,BTC-25OCT19-13000-P,10323.14,28.44,0.2435,5.0,0.3045,5.0,104.53,9.99211,-8.95933,-12.08036,0.00012,-0.7889
190.23,ETH-27SEP19,1568545145351,open,0.06,154.0,0.026,0.085,0.056457,77.72,0.042,0.0,ETH-27SEP19-190-C,189.78,61.76,0.045,120.0,0.055,120.0,75.69,0.13647,-0.44657,0.02939,0.01491,0.53138
10457.45,SYN.BTC-25OCT19,1568545145379,open,0.17,0.3,0.1445,0.2,0.17312891,70.47,0.188,0.0,BTC-25OCT19-9000-C,10323.14,37.21,0.1455,8.0,0.201,8.0,97.2,10.32375,-9.12202,6.89473,0.00012,0.77663
10380.36,BTC-27SEP19,1568545145434,open,0.03,1.2,0.012,0.054,0.03208748,65.3,0.0345,0.0,BTC-27SEP19-10750-C,10323.14,63.03,0.0305,18.0,0.034,1.0,68.03,7.26088,-19.96339,1.26244,0.00032,0.40588
10346.63,SYN.BTC-20SEP19,1568545145480,open,0.11,1.0,0.0905,0.1405,0.11451074,65.97,0.125,0.0,BTC-20SEP19-11500-P,10323.14,0.0,0.111,20.0,0.137,4.0,137.97,1.92333,-13.01242,-1.41759,0.0002,-0.91116
10800.3,SYN.BTC-27MAR20,1568545145516,open,2.71,1.0,2.6335,2.8035,2.71388488,89.86,2.7125,0.0,BTC-27MAR20-40000-P,10323.14,0.0,0.0005,10.0,0.0,0.0,0.0,7.7656,-1.79975,-210.34315,1e-05,-0.9527
197.13,SYN.ETH-27MAR20,1568545145535,open,0.16,468.0,0.109,0.208,0.16163,80.75,0.171,0.0,ETH-27MAR20-240-C,189.78,77.78,0.153,271.0,0.171,239.0,83.98,0.57271,-0.11927,0.33758,0.00344,0.48402
10346.63,SYN.BTC-20SEP19,1568545145577,open,0.01,160.2,0.0025,0.035,0.01358901,59.82,0.0135,0.0,BTC-20SEP19-10000-P,10323.14,57.09,0.0125,0.1,0.0145,10.0,62.08,4.15114,-25.46377,-0.43194,0.00049,-0.29894
10800.3,SYN.BTC-27MAR20,1568545145579,open,0.18,140.2,0.1275,0.2245,0.17708634,76.78,0.175,0.0,BTC-27MAR20-10000-P,10323.14,73.74,0.169,12.9,0.182,8.0,78.62,28.78297,-5.69905,-29.56106,6e-05,-0.33821
190.23,ETH-27SEP19,1568545145587,open,0.14,0.0,0.088,0.167,0.127904,82.99,None,0.0,ETH-27SEP19-210-P,189.78,0.0,0.0,0.0,0.265,1.0,279.15,0.11532,-0.40293,-0.05254,0.0118,-0.72094
189.96,SYN.ETH-20SEP19,1568545145596,open,0.0,252.0,0.001,0.014,0.003052,70.43,0.005,0.0,ETH-20SEP19-170-P,189.78,63.68,0.002,2.0,0.005,200.0,80.5,0.03265,-0.2358,-0.00211,0.00962,-0.08003
10346.63,SYN.BTC-20SEP19,1568545145600,open,0.0,50.5,0.0005,0.0105,0.00027303,93.3,0.0005,0.0,BTC-20SEP19-13500-C,10323.14,0.0,0.0,0.0,0.0005,10.0,100.52,0.25953,-2.48324,0.01056,2e-05,0.00791
10457.45,SYN.BTC-25OCT19,1568545145603,open,0.02,218.3,0.004,0.032,0.01534053,73.06,0.0165,0.0,BTC-25OCT19-14000-C,10323.14,70.47,0.0135,41.0,0.017,41.0,75.29,7.63466,-6.99412,1.4063,9e-05,0.13843
10380.36,BTC-27SEP19,1568545145611,open,0.02,149.0,0.0035,0.034,0.01630219,68.35,0.0155,0.0,BTC-27SEP19-9500-P,10323.14,65.87,0.015,10.1,0.017,0.5,69.66,5.5084,-15.85123,-0.7898,0.00023,-0.21755
197.13,SYN.ETH-27MAR20,1568545145621,open,0.39,130.0,0.31,0.443,0.379025,80.73,0.417,0.0,ETH-27MAR20-240-P,189.78,76.59,0.367,240.0,0.383,24.0,82.1,0.57271,-0.11924,-0.93723,0.00344,-0.51605
10457.45,SYN.BTC-25OCT19,1568545145637,open,0.54,0.0,0.5015,0.5735,0.53581609,76.15,None,0.0,BTC-25OCT19-16000-P,10323.14,0.0,0.0,0.0,0.0,0.0,0.0,4.06072,-3.87757,-16.87264,4e-05,-0.94105
10380.36,BTC-27SEP19,1568545145666,open,0.21,1.0,0.182,0.239,0.20914368,72.25,0.2115,0.0,BTC-27SEP19-12500-P,10323.14,0.0,0.204,20.0,0.236,6.0,131.01,2.9603,-9.00541,-3.79048,0.00012,-0.91317
10800.3,SYN.BTC-27MAR20,1568545145677,open,0.01,209.9,0.0005,0.016,0.00649031,80.65,0.006,0.0,BTC-27MAR20-4000-P,10323.14,76.71,0.005,75.0,0.008,18.0,84.15,4.38908,-0.91287,-1.7284,1e-05,-0.02364
10800.3,SYN.BTC-27MAR20,1568545145677,open,0.05,65.2,0.02,0.0845,0.04865273,82.66,0.0525,0.0,BTC-27MAR20-22000-C,10323.14,81.04,0.0455,15.0,0.052,0.2,84.34,21.32564,-4.54624,8.08008,4e-05,0.1895
10457.45,SYN.BTC-25OCT19,1568545145685,open,0.03,64.9,0.015,0.056,0.03376881,70.48,0.032,0.0,BTC-25OCT19-9000-P,10323.14,69.7,0.033,0.1,0.0345,2.0,71.22,10.32431,-9.12374,-2.93798,0.00012,-0.22339
10346.63,SYN.BTC-20SEP19,1568545145689,open,0.01,91.3,0.002,0.0335,0.01188138,57.49,0.0125,0.0,BTC-20SEP19-10750-C,10323.14,55.26,0.011,24.1,0.0125,3.0,59.04,4.11823,-24.28001,0.38963,0.0005,0.29379
10346.63,SYN.BTC-20SEP19,1568545145705,open,0.0,33.8,0.0005,0.0105,0.00071325,84.28,0.0005,0.0,BTC-20SEP19-8500-P,10323.14,79.92,0.0005,1.4,0.001,10.0,89.0,0.56354,-4.87074,-0.02776,5e-05,-0.01937
10800.3,SYN.BTC-27MAR20,1568545145705,open,0.1,203.6,0.058,0.1465,0.10185519,79.41,0.105,0.0,BTC-27MAR20-16000-C,10323.14,78.16,0.0985,16.9,0.102,0.1,79.46,29.10621,-5.96091,14.1427,6e-05,0.34838
197.13,SYN.ETH-27MAR20,1568545145707,open,0.12,246.0,0.073,0.167,0.12179,82.72,0.128,0.0,ETH-27MAR20-280-C,189.78,79.56,0.113,252.0,0.129,220.0,85.29,0.55104,-0.11756,0.28032,0.00323,0.38951
190.23,ETH-27SEP19,1568545145710,open,0.23,0.0,0.177,0.259,0.217074,83.02,None,0.0,ETH-27SEP19-230-P,189.78,0.0,0.0,0.0,0.0,0.0,0.0,0.06721,-0.23491,-0.06812,0.00688,-0.88353
10800.3,SYN.BTC-27MAR20,1568545145778,open,0.02,14.8,0.0075,0.052,0.02529329,84.56,0.0255,0.0,BTC-27MAR20-28000-C,10323.14,82.83,0.023,17.0,0.0275,0.2,86.16,14.60155,-3.18442,4.74143,3e-05,0.10794
191.72,SYN.ETH-25OCT19,1568545145841,open,0.47,6.0,0.463,0.495,0.479318,88.11,0.46,0.0,ETH-25OCT19-100-C,189.78,0.0,0.0,0.0,0.0,0.0,0.0,0.01487,-0.01643,0.10724,0.00042,0.99135
10346.63,SYN.BTC-20SEP19,1568545145853,open,0.11,1.5,0.088,0.1285,0.10821251,65.7,0.111,0.0,BTC-20SEP19-9250-C,10323.14,0.0,0.09,5.0,0.1255,5.0,132.32,1.51769,-10.22509,1.1426,0.00016,0.93492
189.96,SYN.ETH-20SEP19,1568545145853,open,0.01,13.0,0.001,0.031,0.011476,68.79,0.013,0.0,ETH-20SEP19-180-P,189.78,61.66,0.009,300.0,0.012,1.0,70.25,0.06771,-0.47769,-0.00629,0.02042,-0.23655
10346.63,SYN.BTC-20SEP19,1568545145898,open,0.0,252.3,0.0005,0.011,0.00147568,73.31,0.002,0.0,BTC-20SEP19-12000-C,10323.14,68.37,0.001,13.6,0.002,30.0,77.77,1.11062,-8.34901,0.0586,0.00011,0.04388
10457.45,SYN.BTC-25OCT19,1568545145910,open,0.35,0.0,0.319,0.3915,0.35411369,73.08,None,0.0,BTC-25OCT19-14000-P,10323.14,0.0,0.0,0.0,0.0,0.0,0.0,7.63768,-6.9988,-13.88774,9e-05,-0.86149
191.72,SYN.ETH-25OCT19,1568545145914,open,0.0,2460.0,0.001,0.011,0.000933,88.25,0.001,0.0,ETH-25OCT19-100-P,189.78,0.0,0.0,0.0,0.002,200.0,98.65,0.01499,-0.01658,-0.00202,0.00042,-0.00872
191.72,SYN.ETH-25OCT19,1568545145986,open,0.37,6.0,0.356,0.398,0.377197,79.72,0.36,0.0,ETH-25OCT19-120-C,189.78,0.0,0.0,0.0,0.0,0.0,0.0,0.0408,-0.04078,0.12456,0.00127,0.97193
10346.63,SYN.BTC-20SEP19,1568545146005,open,0.02,184.0,0.0055,0.044,0.01937176,56.24,0.019,0.0,BTC-20SEP19-10500-C,10323.14,54.31,0.0185,18.1,0.0195,0.9,56.52,4.68185,-26.99998,0.55804,0.00058,0.42313
10457.45,SYN.BTC-25OCT19,1568545146018,open,0.11,57.0,0.0825,0.1435,0.11419,70.45,0.119,0.0,BTC-25OCT19-10000-C,10323.14,67.91,0.111,8.1,0.119,23.4,74.27,13.14845,-11.61478,5.79189,0.00016,0.62116
10346.63,SYN.BTC-20SEP19,1568545146018,open,0.3,0.0,0.2795,0.333,0.30505312,93.61,None,0.0,BTC-20SEP19-13500-P,10323.14,0.0,0.0,0.0,0.0,0.0,0.0,0.26469,-2.54089,-1.79255,2e-05,-0.99191
191.72,SYN.ETH-25OCT19,1568545146058,open,0.0,2304.0,0.001,0.013,0.003135,79.78,0.009,0.0,ETH-25OCT19-120-P,189.78,66.26,0.001,100.0,0.005,160.0,87.38,0.04089,-0.04091,-0.00655,0.00128,-0.02815
189.96,SYN.ETH-20SEP19,1568545146061,open,0.01,228.0,0.001,0.03,0.011016,64.27,0.01,0.0,ETH-20SEP19-200-C,189.78,46.59,0.005,5.0,0.012,2.0,66.89,0.07064,-0.46559,0.00622,0.0228,0.25596
10800.3,SYN.BTC-27MAR20,1568545146080,open,0.19,112.8,0.134,0.2325,0.18542949,78.29,0.1835,0.0,BTC-27MAR20-12000-C,10323.14,77.62,0.1835,5.0,0.1915,10.0,80.39,31.2435,-6.30832,20.3467,6e-05,0.5401
10380.4,BTC-27SEP19,1568545146086,open,0.02,12.9,0.0045,0.0375,0.01883419,66.68,0.018,0.0,BTC-27SEP19-11250-C,10323.14,63.58,0.017,43.0,0.02,0.1,68.62,6.20649,-17.42445,0.85286,0.00027,0.27136
10800.3,SYN.BTC-27MAR20,1568545146093,open,0.02,33.2,0.0045,0.0395,0.01736194,85.83,0.0175,0.0,BTC-27MAR20-32000-C,10323.14,83.5,0.015,24.0,0.0195,17.0,87.79,11.4006,-2.52364,3.43802,2e-05,0.07729
10380.4,BTC-27SEP19,1568545146103,open,0.04,85.0,0.0185,0.0645,0.0414183,64.91,0.045,0.0,BTC-27SEP19-10500-C,10323.14,62.25,0.0395,18.1,0.043,1.0,67.11,7.46401,-20.39969,1.49588,0.00033,0.48433
189.96,SYN.ETH-20SEP19,1568545146113,open,0.0,1107.0,0.001,0.011,0.00107,100.5,0.001,0.0,ETH-20SEP19-240-C,189.78,0.0,0.0,0.0,0.002,5.0,111.58,0.01296,-0.13361,0.00062,0.00268,0.02531
195.06,ETH-27DEC19,1568545146121,open,0.49,0.0,0.474,0.511,0.492737,74.95,None,0.0,ETH-27DEC19-100-C,189.78,0.0,0.0,0.0,0.0,0.0,0.0,0.07081,-0.02579,0.26229,0.00088,0.96982
191.72,SYN.ETH-25OCT19,1568545146125,open,0.28,3.0,0.253,0.306,0.280129,75.23,0.271,0.0,ETH-25OCT19-140-C,189.78,0.0,0.0,0.0,0.0,0.0,0.0,0.09639,-0.09092,0.1335,0.00319,0.91754
189.96,SYN.ETH-20SEP19,1568545146137,open,0.07,2.0,0.031,0.097,0.063866,64.33,0.119,0.0,ETH-20SEP19-200-P,189.78,30.58,0.054,40.0,0.07,40.0,80.06,0.07067,-0.46625,-0.0205,0.02279,-0.74382
189.96,SYN.ETH-20SEP19,1568545146148,open,0.36,0.0,0.349,0.386,0.368292,0.0,None,0.0,ETH-20SEP19-120-C,189.78,0.0,0.0,0.0,0.0,0.0,0.0,0.0,0.0,0.01603,0.0,1.0
195.06,ETH-27DEC19,1568545146193,open,0.01,3142.0,0.001,0.015,0.005399,74.95,0.006,0.0,ETH-27DEC19-100-P,189.78,56.8,0.001,610.0,0.007,40.0,79.05,0.07081,-0.02579,-0.01956,0.00088,-0.03018
191.72,SYN.ETH-25OCT19,1568545146193,open,0.01,220.0,0.001,0.023,0.01039,75.25,0.01,0.0,ETH-25OCT19-140-P,189.78,70.23,0.008,640.0,0.013,240.0,80.2,0.09645,-0.09101,-0.01946,0.00319,-0.08253
189.96,SYN.ETH-20SEP19,1568545146208,open,0.28,0.0,0.227,0.305,0.264462,100.51,None,0.0,ETH-20SEP19-240-P,189.78,0.0,0.0,0.0,0.0,0.0,0.0,0.01297,-0.13366,-0.03144,0.00268,-0.97468
195.06,ETH-27DEC19,1568545146212,open,0.0,3956.0,0.001,0.013,0.003201,107.85,0.004,0.0,ETH-27DEC19-760-C,189.78,94.63,0.001,100.0,0.006,137.0,117.17,0.0466,-0.02443,0.00833,0.0004,0.01835
189.96,SYN.ETH-20SEP19,1568545146212,open,0.0,126.0,0.001,0.014,0.003262,64.62,0.004,0.0,ETH-20SEP19-210-C,189.78,49.82,0.001,94.0,0.004,3.0,68.2,0.03737,-0.24763,0.00235,0.012,0.09591
190.23,ETH-27SEP19,1568545146214,open,0.02,2407.0,0.002,0.033,0.014137,82.99,0.008,0.0,ETH-27SEP19-220-C,189.78,66.36,0.007,160.0,0.011,3.0,76.2,0.0916,-0.32005,0.01058,0.00937,0.18501
195.06,ETH-27DEC19,1568545146214,open,0.09,3226.0,0.054,0.131,0.094035,80.1,0.092,0.0,ETH-27DEC19-240-C,189.78,77.62,0.089,250.0,0.097,240.0,81.55,0.39781,-0.15486,0.16363,0.00463,0.39167
190.23,ETH-27SEP19,1568545146217,open,0.0,2557.0,0.001,0.013,0.003153,97.79,0.002,0.0,ETH-27SEP19-260-C,189.78,0.0,0.0,0.0,0.004,200.0,102.31,0.0332,-0.13669,0.00266,0.00288,0.04617
190.23,ETH-27SEP19,1568545146219,open,0.59,853.0,0.532,0.63,0.578655,118.84,0.673,0.0,ETH-27SEP19-300-P,189.78,0.0,0.4,5.0,1.82,5.0,500.0,0.01787,-0.08943,-0.09636,0.00128,-0.9782
190.23,ETH-27SEP19,1568545146219,open,0.0,6011.0,0.001,0.011,0.0,120.0,0.002,0.0,ETH-27SEP19-600-C,189.78,0.0,0.0,0.0,0.001,299.0,241.85,0.0,0.0,0.0,0.0,0.0
190.23,ETH-27SEP19,1568545146219,open,0.0,839.0,0.001,0.011,0.0,120.0,0.001,0.0,ETH-27SEP19-60-P,189.78,0.0,0.0,0.0,0.002,300.0,306.08,0.0,0.0,0.0,0.0,0.0
190.23,ETH-27SEP19,1568545146221,open,0.01,8270.0,0.001,0.022,0.008419,83.03,0.006,0.0,ETH-27SEP19-160-P,189.78,67.91,0.004,3.0,0.006,200.0,75.37,0.06421,-0.22445,-0.00728,0.00657,-0.10926
195.06,ETH-27DEC19,1568545146223,open,0.69,101.0,0.613,0.746,0.67894,84.43,0.513,0.0,ETH-27DEC19-320-P,189.78,0.0,0.006,5.0,0.0,0.0,0.0,0.28044,-0.11508,-0.81894,0.0031,-0.81064
195.06,ETH-27DEC19,1568545146223,open,0.0,11321.0,0.001,0.014,0.004622,101.67,0.004,0.0,ETH-27DEC19-640-C,189.78,95.99,0.003,2600.0,0.006,300.0,105.51,0.06398,-0.03161,0.01215,0.00059,0.02671
190.23,ETH-27SEP19,1568545146223,open,1.97,24.0,1.858,2.034,1.943805,120.0,1.356,0.0,ETH-27SEP19-560-P,189.78,0.0,0.0,0.0,0.0,0.0,0.0,0.0,0.0,-0.1822,0.0,-1.0
190.23,ETH-27SEP19,1568545146225,open,1.12,79.0,1.042,1.167,1.102741,120.0,0.351,0.0,ETH-27SEP19-400-P,189.78,0.0,0.0,0.0,0.0,0.0,0.0,0.00054,-0.00274,-0.13012,4e-05,-0.99956
190.23,ETH-27SEP19,1568545146225,open,0.0,11094.0,0.001,0.011,0.000445,107.39,0.001,0.0,ETH-27SEP19-120-P,189.78,0.0,0.0,0.0,0.001,100.0,119.62,0.00639,-0.0289,-0.00044,0.00051,-0.00665
195.06,ETH-27DEC19,1568545146228,open,2.72,0.0,2.585,2.815,2.695012,106.86,None,0.0,ETH-27DEC19-720-P,189.78,0.0,0.003,5.0,0.0,0.0,0.0,0.05389,-0.02799,-2.01947,0.00047,-0.97822
190.23,ETH-27SEP19,1568545146228,open,0.04,2719.0,0.014,0.066,0.038903,82.99,0.029,0.0,ETH-27SEP19-200-C,189.78,62.65,0.025,210.0,0.028,1.0,67.12,0.13235,-0.46244,0.0222,0.01354,0.39754
190.23,ETH-27SEP19,1568545146242,open,0.28,2550.0,0.226,0.308,0.266001,83.04,0.322,0.0,ETH-27SEP19-240-P,189.78,0.0,0.053,5.0,0.88,5.0,500.0,0.04601,-0.16087,-0.07403,0.00471,-0.93012
190.23,ETH-27SEP19,1568545146244,open,0.0,5439.0,0.001,0.011,1e-06,120.0,0.001,0.0,ETH-27SEP19-480-C,189.78,0.0,0.0,0.0,0.002,10.0,219.11,2e-05,-0.00012,0.0,0.0,2e-05
190.23,ETH-27SEP19,1568545146244,open,0.1,2696.0,0.053,0.127,0.090262,82.99,0.093,0.0,ETH-27SEP19-200-P,189.78,59.1,0.074,120.0,0.084,120.0,73.93,0.13235,-0.46244,-0.04288,0.01354,-0.60246
195.06,ETH-27DEC19,1568545146247,open,0.01,1857.0,0.001,0.026,0.010777,93.98,0.009,0.0,ETH-27DEC19-480-C,189.78,91.01,0.009,1002.0,0.012,400.0,95.85,0.12324,-0.05629,0.02702,0.00122,0.05992
190.23,ETH-27SEP19,1568545146249,open,0.18,1574.0,0.13,0.211,0.170632,82.99,0.227,0.0,ETH-27SEP19-220-P,189.78,0.0,0.077,5.0,0.0,0.0,0.0,0.0916,-0.32005,-0.061,0.00937,-0.81499
190.23,ETH-27SEP19,1568545146249,open,0.0,3011.0,0.001,0.011,0.001626,103.92,0.001,0.0,ETH-27SEP19-280-C,189.78,0.0,0.0,0.0,0.003,200.0,114.71,0.01972,-0.08627,0.00142,0.00161,0.0245
190.23,ETH-27SEP19,1568545146251,open,0.0,3828.0,0.001,0.011,0.0,120.0,0.001,0.0,ETH-27SEP19-560-C,189.78,0.0,0.0,0.0,0.001,99.0,229.63,0.0,0.0,0.0,0.0,0.0
190.23,ETH-27SEP19,1568545146251,open,0.0,3685.0,0.001,0.011,0.000753,119.99,0.001,0.0,ETH-27SEP19-320-C,189.78,0.0,0.0,0.0,0.002,200.0,136.66,0.00984,-0.04969,0.00063,0.0007,0.01087
190.23,ETH-27SEP19,1568545146251,open,0.7,606.0,0.634,0.737,0.682927,119.99,0.715,0.0,ETH-27SEP19-320-P,189.78,0.0,0.0,0.0,1.39,1.0,500.0,0.00984,-0.04969,-0.10349,0.0007,-0.98913
190.23,ETH-27SEP19,1568545146255,open,0.0,2907.0,0.001,0.011,4e-06,120.0,0.001,0.0,ETH-27SEP19-440-C,189.78,0.0,0.0,0.0,0.001,194.0,185.73,0.00011,-0.00058,0.0,1e-05,8e-05
195.06,ETH-27DEC19,1568545146257,open,2.11,0.0,1.988,2.184,2.081625,100.14,0.953,0.0,ETH-27DEC19-600-P,189.78,0.0,0.0,0.0,0.0,0.0,0.0,0.07495,-0.03648,-1.67644,0.0007,-0.96768
195.06,ETH-27DEC19,1568545146257,open,0.03,956.0,0.008,0.05,0.026126,86.69,0.024,0.0,ETH-27DEC19-360-C,189.78,83.9,0.023,420.0,0.028,100.0,88.29,0.22526,-0.09491,0.06006,0.00242,0.13537
190.23,ETH-27SEP19,1568545146257,open,1.76,12.0,1.654,1.817,1.733533,120.0,1.193,0.0,ETH-27SEP19-520-P,189.78,0.0,0.0,0.0,0.0,0.0,0.0,0.0,-2e-05,-0.16919,0.0,-1.0
195.06,ETH-27DEC19,1568545146259,open,1.09,16.0,0.999,1.147,1.070119,89.96,1.195,0.0,ETH-27DEC19-400-P,189.78,0.0,0.001,8.0,0.0,0.0,0.0,0.18562,-0.08116,-1.08151,0.00192,-0.89705
195.06,ETH-27DEC19,1568545146259,open,1.49,21.0,1.393,1.558,1.471558,93.98,0.629,0.0,ETH-27DEC19-480-P,189.78,0.0,0.001,7.0,0.0,0.0,0.0,0.12324,-0.05629,-1.32587,0.00122,-0.94008
190.23,ETH-27SEP19,1568545146261,open,0.36,116.0,0.35,0.389,0.369629,107.39,0.327,0.0,ETH-27SEP19-120-C,189.78,0.0,0.017,12.0,0.0,0.0,0.0,0.00639,-0.0289,0.0386,0.00051,0.99335
190.23,ETH-27SEP19,1568545146261,open,0.0,7916.0,0.001,0.011,0.0,120.0,0.001,0.0,ETH-27SEP19-760-C,189.78,0.0,0.0,0.0,0.001,1.0,282.8,0.0,0.0,0.0,0.0,0.0
195.06,ETH-27DEC19,1568545146261,open,1.29,0.0,1.195,1.351,1.270077,92.12,None,0.0,ETH-27DEC19-440-P,189.78,0.0,0.001,8.0,0.0,0.0,0.0,0.15102,-0.06762,-1.20516,0.00153,-0.92201
190.23,ETH-27SEP19,1568545146261,open,0.91,233.0,0.838,0.951,0.892582,120.0,0.634,0.0,ETH-27SEP19-360-P,189.78,0.0,0.5,44.0,0.0,0.0,0.0,0.00244,-0.0123,-0.117,0.00017,-0.99774
190.23,ETH-27SEP19,1568545146261,open,0.58,0.0,0.567,0.591,0.579457,120.0,None,0.0,ETH-27SEP19-80-C,189.78,0.0,0.004,5.0,0.0,0.0,0.0,3e-05,-0.00015,0.02603,0.0,0.99998
190.23,ETH-27SEP19,1568545146261,open,1.02,259.0,0.94,1.059,0.997639,120.0,0.94,0.0,ETH-27SEP19-380-P,189.78,0.0,0.009,8.0,0.0,0.0,0.0,0.00116,-0.00587,-0.12358,8e-05,-0.99899
191.72,SYN.ETH-25OCT19,1568545146261,open,0.19,162.0,0.162,0.227,0.196292,75.24,0.167,0.0,ETH-25OCT19-160-C,189.78,53.09,0.178,240.0,0.205,240.0,84.47,0.17593,-0.16598,0.12702,0.00582,0.80275
195.06,ETH-27DEC19,1568545146263,open,1.7,37.0,1.591,1.765,1.674062,95.59,0.707,0.0,ETH-27DEC19-520-P,189.78,0.0,0.002,25.0,0.0,0.0,0.0,0.10103,-0.04694,-1.4445,0.00099,-0.95336
195.06,ETH-27DEC19,1568545146263,open,0.32,2.0,0.285,0.351,0.320002,74.95,0.275,0.0,ETH-27DEC19-140-C,189.78,0.0,0.0,0.0,0.0,0.0,0.0,0.24244,-0.08831,0.29088,0.00302,0.84908
190.23,ETH-27SEP19,1568545146265,open,0.0,3439.0,0.001,0.011,0.0,120.0,0.001,0.0,ETH-27SEP19-680-C,189.78,0.0,0.0,0.0,0.001,5.0,263.71,0.0,0.0,0.0,0.0,0.0
195.06,ETH-27DEC19,1568545146267,open,0.4,2.0,0.375,0.426,0.40135,74.95,0.346,0.0,ETH-27DEC19-120-C,189.78,0.0,0.101,1.0,0.0,0.0,0.0,0.15076,-0.05491,0.28634,0.00188,0.92218
189.96,SYN.ETH-20SEP19,1568545146269,open,0.0,0.0,0.001,0.011,2e-06,105.1,None,0.0,ETH-20SEP19-120-P,189.78,0.0,0.0,0.0,0.0,0.0,0.0,5e-05,-0.00034,0.0,1e-05,-6e-05
195.06,ETH-27DEC19,1568545146278,open,0.02,8378.0,0.006,0.031,0.016545,74.95,0.022,0.0,ETH-27DEC19-120-P,189.78,70.13,0.013,260.0,0.017,300.0,75.53,0.15076,-0.05491,-0.05188,0.00188,-0.07782
190.23,ETH-27SEP19,1568545146278,open,0.0,5974.0,0.001,0.011,6.6e-05,120.0,0.001,0.0,ETH-27SEP19-100-P,189.78,0.0,0.0,0.0,0.002,15.0,178.83,0.0012,-0.00604,-7e-05,8e-05,-0.00104
189.96,SYN.ETH-20SEP19,1568545146278,open,0.12,0.0,0.075,0.144,0.10873,64.62,None,0.0,ETH-20SEP19-210-P,189.78,0.0,0.0,0.0,0.0,0.0,0.0,0.03737,-0.24763,-0.0257,0.012,-0.90409
195.06,ETH-27DEC19,1568545146283,open,2.31,0.0,2.187,2.393,2.285664,101.67,None,0.0,ETH-27DEC19-640-P,189.78,0.0,0.0,0.0,0.0,0.0,0.0,0.06398,-0.03161,-1.7917,0.00059,-0.97329
190.23,ETH-27SEP19,1568545146283,open,2.18,27.0,2.062,2.251,2.154077,120.0,1.044,0.0,ETH-27SEP19-600-P,189.78,0.0,0.0,0.0,0.0,0.0,0.0,0.0,0.0,-0.19522,0.0,-1.0
190.23,ETH-27SEP19,1568545146283,open,0.47,20.0,0.459,0.489,0.474387,120.0,0.441,0.0,ETH-27SEP19-100-C,189.78,0.0,0.011,15.0,0.0,0.0,0.0,0.0012,-0.00604,0.03247,8e-05,0.99896
195.06,ETH-27DEC19,1568545146285,open,0.01,820.0,0.004,0.032,0.01436,92.12,0.011,0.0,ETH-27DEC19-440-C,189.78,88.92,0.012,720.0,0.016,232.0,94.18,0.15102,-0.06762,0.03498,0.00153,0.07799
195.06,ETH-27DEC19,1568545146287,open,0.18,2376.0,0.124,0.219,0.172665,74.95,0.238,0.0,ETH-27DEC19-200-P,189.78,70.82,0.164,24.0,0.182,240.0,79.4,0.40932,-0.1491,-0.34006,0.00509,-0.44588
190.23,ETH-27SEP19,1568545146287,open,0.0,3419.0,0.001,0.011,0.0,120.0,0.001,0.0,ETH-27SEP19-640-C,189.78,0.0,0.0,0.0,0.001,237.0,253.17,0.0,0.0,0.0,0.0,0.0
190.23,ETH-27SEP19,1568545146289,open,2.82,0.0,2.675,2.901,2.784892,120.0,None,0.0,ETH-27SEP19-720-P,189.78,0.0,0.0,0.0,0.0,0.0,0.0,0.0,0.0,-0.23426,0.0,-1.0
195.06,ETH-27DEC19,1568545146289,open,0.01,8512.0,0.001,0.016,0.005648,100.14,0.005,0.0,ETH-27DEC19-600-C,189.78,95.36,0.004,2600.0,0.007,200.0,103.42,0.07495,-0.03648,0.01467,0.0007,0.03232
190.23,ETH-27SEP19,1568545146289,open,0.0,2060.0,0.001,0.011,1e-06,120.0,0.003,0.0,ETH-27SEP19-80-P,189.78,0.0,0.0,0.0,0.001,10.0,212.28,3e-05,-0.00015,0.0,0.0,-2e-05
195.06,ETH-27DEC19,1568545146289,open,1.9,0.0,1.789,1.974,1.877587,97.77,0.845,0.0,ETH-27DEC19-560-P,189.78,0.0,0.0,0.0,0.0,0.0,0.0,0.08592,-0.04083,-1.56105,0.00082,-0.96182
195.06,ETH-27DEC19,1568545146289,open,2.52,0.0,2.386,2.603,2.489704,102.25,None,0.0,ETH-27DEC19-680-P,189.78,0.0,0.002,10.0,0.0,0.0,0.0,0.05274,-0.02621,-1.90689,0.00048,-0.97877
190.23,ETH-27SEP19,1568545146291,open,0.16,647.0,0.137,0.195,0.167331,83.03,0.125,0.0,ETH-27SEP19-160-C,189.78,0.0,0.158,300.0,0.0,0.0,0.0,0.06421,-0.22445,0.04477,0.00657,0.89074
195.06,ETH-27DEC19,1568545146291,open,0.02,1595.0,0.006,0.04,0.019467,89.96,0.018,0.0,ETH-27DEC19-400-C,189.78,86.13,0.016,720.0,0.022,100.0,92.54,0.18562,-0.08116,0.04589,0.00192,0.10295
195.06,ETH-27DEC19,1568545146296,open,0.0,5902.0,0.001,0.013,0.003597,102.25,0.003,0.0,ETH-27DEC19-680-C,189.78,95.11,0.002,4350.0,0.005,500.0,106.88,0.05274,-0.02621,0.00969,0.00048,0.02123
190.23,ETH-27SEP19,1568545146296,open,2.4,0.0,2.267,2.468,2.364348,120.0,None,0.0,ETH-27SEP19-640-P,189.78,0.0,0.0,0.0,0.0,0.0,0.0,0.0,0.0,-0.20823,0.0,-1.0
190.23,ETH-27SEP19,1568545146298,open,0.0,2951.0,0.001,0.011,0.000136,120.0,0.006,0.0,ETH-27SEP19-360-C,189.78,0.0,0.0,0.0,0.16,3.0,492.31,0.00244,-0.0123,0.00013,0.00017,0.00226
195.06,ETH-27DEC19,1568545146298,open,0.89,257.0,0.804,0.943,0.871712,86.69,0.947,0.0,ETH-27DEC19-360-P,189.78,0.0,0.008,4.0,1.59,1.0,492.24,0.22526,-0.09491,-0.95461,0.00242,-0.86463
190.23,ETH-27SEP19,1568545146298,open,0.0,5725.0,0.001,0.011,2.4e-05,120.0,0.001,0.0,ETH-27SEP19-400-C,189.78,0.0,0.0,0.0,0.001,106.0,167.82,0.00054,-0.00274,3e-05,4e-05,0.00044
190.23,ETH-27SEP19,1568545146300,open,0.68,0.0,0.675,0.694,0.684592,120.0,0.01,0.0,ETH-27SEP19-60-C,189.78,0.0,0.003,10.0,0.0,0.0,0.0,0.0,0.0,0.01952,0.0,1.0
190.23,ETH-27SEP19,1568545146308,open,1.33,0.0,1.246,1.384,1.312994,120.0,None,0.0,ETH-27SEP19-440-P,189.78,0.0,0.0,0.0,0.0,0.0,0.0,0.00011,-0.00058,-0.14315,1e-05,-0.99992
195.06,ETH-27DEC19,1568545146315,open,0.14,2128.0,0.103,0.185,0.14734,74.95,0.147,0.0,ETH-27DEC19-200-C,189.78,70.98,0.139,24.0,0.155,240.0,78.6,0.40932,-0.1491,0.22364,0.00509,0.55412
190.23,ETH-27SEP19,1568545146315,open,0.49,730.0,0.43,0.522,0.473528,103.92,0.533,0.0,ETH-27SEP19-280-P,189.78,0.0,0.35,8.0,0.9,5.0,500.0,0.01972,-0.08627,-0.08969,0.00161,-0.9755
190.23,ETH-27SEP19,1568545146315,open,0.0,2698.0,0.001,0.011,0.0,120.0,0.001,0.0,ETH-27SEP19-720-C,189.78,0.0,0.0,0.0,0.001,222.0,273.55,0.0,0.0,0.0,0.0,0.0
190.23,ETH-27SEP19,1568545146315,open,0.0,2663.0,0.001,0.011,0.000323,120.0,0.001,0.0,ETH-27SEP19-340-C,189.78,0.0,0.0,0.0,0.083,2.0,356.2,0.00498,-0.02515,0.00029,0.00035,0.00502
190.23,ETH-27SEP19,1568545146315,open,3.03,0.0,2.879,3.118,2.995164,120.0,None,0.0,ETH-27SEP19-760-P,189.78,0.0,0.0,0.0,0.0,0.0,0.0,0.0,0.0,-0.24727,0.0,-1.0
190.23,ETH-27SEP19,1568545146315,open,0.0,1897.0,0.001,0.011,5.7e-05,120.0,0.001,0.0,ETH-27SEP19-380-C,189.78,0.0,0.0,0.0,0.03,3.0,286.77,0.00116,-0.00587,6e-05,8e-05,0.00101
195.06,ETH-27DEC19,1568545146315,open,0.5,432.0,0.43,0.555,0.492911,81.36,0.66,0.0,ETH-27DEC19-280-P,189.78,69.94,0.474,240.0,0.537,240.0,104.85,0.34069,-0.13472,-0.6738,0.0039,-0.73268
190.23,ETH-27SEP19,1568545146317,open,1.55,0.0,1.45,1.601,1.523262,120.0,None,0.0,ETH-27SEP19-480-P,189.78,0.0,0.0,0.0,0.0,0.0,0.0,2e-05,-0.00012,-0.15617,0.0,-0.99998
195.06,ETH-27DEC19,1568545146317,open,0.01,3713.0,0.001,0.021,0.008216,95.59,0.009,0.0,ETH-27DEC19-520-C,189.78,90.9,0.006,2716.0,0.01,400.0,98.83,0.10103,-0.04694,0.02113,0.00099,0.04664
190.23,ETH-27SEP19,1568545146317,open,0.0,11621.0,0.001,0.011,0.001407,88.25,0.001,0.0,ETH-27SEP19-140-P,189.78,83.57,0.001,27.0,0.002,200.0,93.76,0.01832,-0.06805,-0.00148,0.00176,-0.02244
190.23,ETH-27SEP19,1568545146317,open,0.38,1241.0,0.328,0.416,0.36992,97.79,0.426,0.0,ETH-27SEP19-260-P,189.78,0.0,0.3,5.0,0.0,0.0,0.0,0.0332,-0.13669,-0.08193,0.00288,-0.95383
195.06,ETH-27DEC19,1568545146317,open,0.01,4983.0,0.001,0.018,0.006676,97.77,0.005,0.0,ETH-27DEC19-560-C,189.78,93.61,0.005,200.0,0.008,400.0,100.61,0.08592,-0.04083,0.01732,0.00082,0.03818
190.23,ETH-27SEP19,1568545146320,open,0.8,294.0,0.736,0.844,0.787633,120.0,1.024,0.0,ETH-27SEP19-340-P,189.78,0.0,0.0,0.0,1.19,1.0,500.0,0.00498,-0.02515,-0.11033,0.00035,-0.99498
195.06,ETH-27DEC19,1568545146320,open,0.25,157.0,0.209,0.286,0.250529,74.95,0.239,0.0,ETH-27DEC19-160-C,189.78,0.0,0.179,300.0,0.0,0.0,0.0,0.32406,-0.11804,0.27849,0.00403,0.75707
