underlying_price,underlying_index,timestamp,state,settlement_price,open_interest,min_price,max_price,mark_price,mark_iv,last_price,interest_rate,instrument_name,index_price,bid_iv,best_bid_price,best_bid_amount,best_ask_price,best_ask_amount,ask_iv,vega,theta,rho,gamma,delta
8288.43,SYN.BTC-29NOV19,1570013940014,open,0.12,27.1,0.0785,0.1565,0.11778237,86.58,0.115,0.0,BTC-29NOV19-8000-P,8268.35,84.43,0.1145,10.0,0.124,25.0,90.65,12.67793,-9.48281,-6.69471,0.00013,-0.39161
177.25,SYN.ETH-11OCT19,1570013940016,open,0.0,153.0,0.001,0.011,0.001849,131.52,0.002,0.0,ETH-11OCT19-120-P,177.24,119.38,0.001,503.0,0.003,450.0,143.37,0.01479,-0.10958,-0.00105,0.00147,-0.02251
177.24,SYN.ETH-4OCT19,1570013940029,open,0.0,781.0,0.001,0.011,0.001133,95.48,0.006,0.0,ETH-4OCT19-200-C,177.24,0.0,0.0,0.0,0.002,150.0,106.91,0.01134,-0.20075,0.00037,0.00735,0.04175
178.89,ETH-27MAR20,1570013940048,open,0.09,520.0,0.048,0.146,0.096866,107.95,0.093,0.0,ETH-27MAR20-360-C,177.24,105.46,0.091,528.0,0.101,268.0,109.68,0.42592,-0.12997,0.16698,0.00254,0.28948
177.27,SYN.ETH-25OCT19,1570013940058,open,0.01,3750.0,0.001,0.021,0.008664,112.34,0.013,0.0,ETH-25OCT19-120-P,177.24,106.71,0.007,420.0,0.01,120.0,116.49,0.0551,-0.13529,-0.00799,0.00249,-0.06326
177.34,ETH-27DEC19,1570013940121,open,0.46,0.0,0.436,0.497,0.467727,114.14,None,0.0,ETH-27DEC19-100-C,177.24,0.0,0.0,0.0,0.0,0.0,0.0,0.14519,-0.09649,0.18252,0.00172,0.90518
178.89,ETH-27MAR20,1570013940125,open,1.13,6.0,1.011,1.208,1.109388,108.0,1.165,0.0,ETH-27MAR20-360-P,177.24,89.71,1.069,7.0,1.156,6.0,126.59,0.42605,-0.13007,-1.57748,0.00254,-0.71032
177.27,SYN.ETH-25OCT19,1570013940125,open,0.23,12.0,0.199,0.263,0.232665,103.3,0.192,0.0,ETH-25OCT19-140-C,177.24,0.0,0.0,0.0,0.0,0.0,0.0,0.10288,-0.23229,0.06873,0.00506,0.85128
177.24,SYN.ETH-4OCT19,1570013940137,open,0.15,33.0,0.128,0.183,0.155344,136.83,0.11,0.0,ETH-4OCT19-150-C,177.24,0.0,0.0,0.0,0.0,0.0,0.0,0.01096,-0.39962,0.00733,0.00496,0.95997
177.24,SYN.ETH-4OCT19,1570013940141,open,0.14,187.0,0.096,0.166,0.129532,95.48,0.118,0.0,ETH-4OCT19-200-P,177.24,0.0,0.0,0.0,0.0,0.0,0.0,0.01134,-0.28852,-0.00991,0.00735,-0.95825
177.31,SYN.ETH-29NOV19,1570013940152,open,0.03,42.0,0.012,0.062,0.034624,103.66,0.035,0.0,ETH-29NOV19-280-C,177.24,99.18,0.03,488.0,0.038,488.0,106.79,0.18778,-0.16817,0.04197,0.00363,0.18392
177.25,SYN.ETH-11OCT19,1570013940183,open,0.26,0.0,0.245,0.294,0.269464,117.29,None,0.0,ETH-11OCT19-130-C,177.24,0.0,0.0,0.0,0.0,0.0,0.0,0.02236,-0.14772,0.02989,0.00249,0.96299
177.34,ETH-27DEC19,1570013940193,open,0.03,3138.0,0.013,0.054,0.031616,114.14,0.031,0.0,ETH-27DEC19-100-P,177.24,110.9,0.029,120.0,0.034,298.0,117.02,0.14519,-0.09649,-0.05276,0.00172,-0.09482
177.27,SYN.ETH-25OCT19,1570013940193,open,0.02,2191.0,0.007,0.043,0.022436,103.3,0.025,0.0,ETH-25OCT19-140-P,177.24,99.03,0.02,741.0,0.024,128.0,105.97,0.10288,-0.23229,-0.01902,0.00506,-0.14872
178.89,ETH-27MAR20,1570013940208,open,0.08,946.0,0.037,0.127,0.080592,109.13,0.086,0.0,ETH-27MAR20-400-C,177.24,106.09,0.074,538.0,0.085,278.0,111.11,0.3944,-0.12167,0.14549,0.00233,0.24843
177.34,ETH-27DEC19,1570013940212,open,0.0,4118.0,0.001,0.011,0.001544,114.63,0.002,0.0,ETH-27DEC19-760-C,177.24,0.0,0.0,0.0,0.003,1629.0,123.62,0.02225,-0.01485,0.00339,0.00026,0.00966
177.34,ETH-27DEC19,1570013940214,open,0.1,5067.0,0.055,0.143,0.100364,105.66,0.098,0.0,ETH-27DEC19-240-C,177.24,102.16,0.094,320.0,0.103,241.0,107.09,0.32453,-0.19964,0.11214,0.00415,0.36913
177.25,SYN.ETH-11OCT19,1570013940216,open,0.0,54.0,0.001,0.012,0.002831,96.07,0.007,0.0,ETH-11OCT19-230-C,177.24,0.0,0.0,0.0,0.003,150.0,97.14,0.02762,-0.14947,0.00195,0.00376,0.04805
177.34,ETH-27DEC19,1570013940223,open,0.0,14460.0,0.001,0.013,0.003219,112.77,0.004,0.0,ETH-27DEC19-640-C,177.24,106.45,0.002,300.0,0.004,3932.0,115.97,0.04004,-0.02629,0.00662,0.00048,0.01909
177.34,ETH-27DEC19,1570013940223,open,0.86,101.0,0.773,0.924,0.847556,106.75,0.513,0.0,ETH-27DEC19-320-P,177.24,0.0,0.006,5.0,0.0,0.0,0.0,0.23278,-0.14469,-0.69195,0.00295,-0.81085
177.34,ETH-27DEC19,1570013940229,open,3.1,0.0,2.943,3.191,3.062036,114.6,None,0.0,ETH-27DEC19-720-P,177.24,0.0,0.003,5.0,0.0,0.0,0.0,0.02775,-0.01852,-1.68964,0.00033,-0.98754
177.24,SYN.ETH-4OCT19,1570013940237,open,0.2,40.0,0.186,0.235,0.210595,150.0,0.136,0.0,ETH-4OCT19-140-C,177.24,0.0,0.0,0.0,0.0,0.0,0.0,0.00406,-0.16221,0.00708,0.00168,0.98769
177.34,ETH-27DEC19,1570013940247,open,0.01,5495.0,0.001,0.025,0.010113,109.64,0.009,0.0,ETH-27DEC19-480-C,177.24,105.4,0.008,500.0,0.011,200.0,111.27,0.09445,-0.0603,0.01835,0.00116,0.0541
177.24,SYN.ETH-4OCT19,1570013940250,open,0.0,294.0,0.001,0.012,0.001644,136.83,0.002,0.0,ETH-4OCT19-150-P,177.24,124.92,0.001,3.0,0.002,150.0,142.29,0.01096,-0.29131,-0.00038,0.00496,-0.04003
177.34,ETH-27DEC19,1570013940256,open,0.03,953.0,0.009,0.056,0.029255,107.58,0.026,0.0,ETH-27DEC19-360-C,177.24,104.43,0.026,320.0,0.031,300.0,109.2,0.18824,-0.11791,0.04477,0.00236,0.13656
177.34,ETH-27DEC19,1570013940256,open,2.42,0.0,2.286,2.499,2.387731,112.77,0.953,0.0,ETH-27DEC19-600-P,177.24,0.0,0.0,0.0,0.0,0.0,0.0,0.05078,-0.03334,-1.40293,0.00061,-0.9747
177.24,SYN.ETH-4OCT19,1570013940256,open,0.0,558.0,0.001,0.011,0.00055,112.11,0.002,0.0,ETH-4OCT19-210-C,177.24,0.0,0.0,0.0,0.001,150.0,123.05,0.00595,-0.09745,0.00017,0.00329,0.01923
177.34,ETH-27DEC19,1570013940258,open,1.74,21.0,1.631,1.811,1.716778,109.64,0.629,0.0,ETH-27DEC19-480-P,177.24,0.0,0.001,7.0,0.0,0.0,0.0,0.09445,-0.0603,-1.11097,0.00116,-0.9459
177.34,ETH-27DEC19,1570013940260,open,1.3,16.0,1.198,1.361,1.276283,108.95,1.195,0.0,ETH-27DEC19-400-P,177.24,0.0,0.001,8.0,0.0,0.0,0.0,0.15225,-0.09658,-0.90754,0.00189,-0.89883
177.34,ETH-27DEC19,1570013940263,open,1.97,37.0,1.849,2.041,1.94066,112.77,0.707,0.0,ETH-27DEC19-520-P,177.24,0.0,0.002,25.0,0.0,0.0,0.0,0.08183,-0.05373,-1.20809,0.00098,-0.95479
177.34,ETH-27DEC19,1570013940267,open,0.38,2.0,0.341,0.417,0.381508,109.99,0.346,0.0,ETH-27DEC19-120-C,177.24,0.0,0.101,1.0,0.0,0.0,0.0,0.20838,-0.13345,0.19174,0.00256,0.84106
177.31,SYN.ETH-29NOV19,1570013940267,open,0.63,0.0,0.551,0.679,0.613802,103.66,None,0.0,ETH-29NOV19-280-P,177.24,0.0,0.0,0.0,0.0,0.0,0.0,0.18778,-0.16817,-0.402,0.00363,-0.81608
177.34,ETH-27DEC19,1570013940279,open,0.06,9643.0,0.029,0.089,0.058174,109.99,0.056,0.0,ETH-27DEC19-120-P,177.24,107.28,0.055,360.0,0.062,624.0,113.23,0.20838,-0.13345,-0.09059,0.00256,-0.15894
177.25,SYN.ETH-11OCT19,1570013940281,open,0.01,45.0,0.001,0.018,0.00537,95.28,0.008,0.0,ETH-11OCT19-220-C,177.24,83.94,0.003,300.0,0.006,150.0,97.83,0.04256,-0.22842,0.00338,0.00585,0.08381
177.34,ETH-27DEC19,1570013940283,open,2.65,0.0,2.505,2.729,2.612106,112.77,None,0.0,ETH-27DEC19-640-P,177.24,0.0,0.0,0.0,0.0,0.0,0.0,0.04004,-0.02629,-1.49914,0.00048,-0.98091
177.34,ETH-27DEC19,1570013940283,open,0.15,3282.0,0.097,0.195,0.147382,105.74,0.148,0.0,ETH-27DEC19-160-P,177.24,104.37,0.145,340.0,0.153,164.0,108.96,0.30913,-0.19032,-0.1966,0.00395,-0.32381
177.34,ETH-27DEC19,1570013940285,open,0.01,7937.0,0.003,0.033,0.01452,109.52,0.013,0.0,ETH-27DEC19-440-C,177.24,105.62,0.012,320.0,0.016,440.0,111.63,0.1208,-0.07703,0.02491,0.00149,0.07422
177.34,ETH-27DEC19,1570013940289,open,2.19,0.0,2.068,2.269,2.163842,112.77,0.845,0.0,ETH-27DEC19-560-P,177.24,0.0,0.0,0.0,0.0,0.0,0.0,0.06446,-0.04233,-1.30601,0.00077,-0.96628
177.34,ETH-27DEC19,1570013940289,open,2.87,0.0,2.724,2.96,2.83699,113.71,None,0.0,ETH-27DEC19-680-P,177.24,0.0,0.002,10.0,0.0,0.0,0.0,0.03322,-0.022,-1.59453,0.00039,-0.98465
177.34,ETH-27DEC19,1570013940289,open,0.0,15281.0,0.001,0.014,0.004399,112.77,0.005,0.0,ETH-27DEC19-600-C,177.24,102.06,0.002,1521.0,0.006,5925.0,117.8,0.05078,-0.03334,0.00872,0.00061,0.0253
177.34,ETH-27DEC19,1570013940292,open,0.02,4395.0,0.006,0.043,0.020729,108.95,0.027,0.0,ETH-27DEC19-400-C,177.24,105.66,0.018,320.0,0.022,300.0,110.41,0.15225,-0.09658,0.03356,0.00189,0.10117
177.34,ETH-27DEC19,1570013940297,open,0.0,12462.0,0.001,0.012,0.002547,113.71,0.005,0.0,ETH-27DEC19-680-C,177.24,102.56,0.001,1005.0,0.004,2819.0,120.29,0.03322,-0.022,0.00534,0.00039,0.01535
177.34,ETH-27DEC19,1570013940297,open,1.08,257.0,0.983,1.14,1.059254,107.58,0.7,0.0,ETH-27DEC19-360-P,177.24,0.0,0.01,2.0,0.0,0.0,0.0,0.18824,-0.11791,-0.80222,0.00236,-0.86344
177.34,ETH-27DEC19,1570013940315,open,0.15,3186.0,0.104,0.202,0.156392,105.33,0.148,0.0,ETH-27DEC19-200-C,177.24,101.51,0.149,340.0,0.155,20.0,104.61,0.3431,-0.21041,0.14671,0.0044,0.50801
177.34,ETH-27DEC19,1570013940317,open,0.01,10816.0,0.001,0.022,0.00844,112.77,0.008,0.0,ETH-27DEC19-520-C,177.24,109.47,0.007,500.0,0.009,320.0,113.96,0.08183,-0.05373,0.01534,0.00098,0.04521
177.34,ETH-27DEC19,1570013940317,open,0.01,6842.0,0.001,0.017,0.006066,112.77,0.005,0.0,ETH-27DEC19-560-C,177.24,102.33,0.003,520.0,0.007,1822.0,115.22,0.06446,-0.04233,0.01154,0.00077,0.03372
177.25,SYN.ETH-11OCT19,1570013940315,open,0.0,17.0,0.001,0.012,0.00289,117.29,0.007,0.0,ETH-11OCT19-130-P,177.24,109.49,0.002,300.0,0.004,150.0,125.31,0.02236,-0.14772,-0.00172,0.00249,-0.03701
177.34,ETH-27DEC19,1570013940320,open,0.24,402.0,0.193,0.289,0.24516,105.74,0.24,0.0,ETH-27DEC19-160-C,177.24,100.49,0.236,511.0,0.249,171.0,107.94,0.30913,-0.19032,0.17984,0.00395,0.67619
177.34,ETH-27DEC19,1570013940324,open,0.06,1609.0,0.03,0.103,0.065655,106.43,0.058,0.0,ETH-27DEC19-280-C,177.24,102.83,0.06,320.0,0.067,268.0,107.28,0.28201,-0.17476,0.08337,0.00358,0.26548
177.34,ETH-27DEC19,1570013940326,open,3.33,0.0,3.162,3.422,3.287097,114.63,None,0.0,ETH-27DEC19-760-P,177.24,0.0,0.0,0.0,0.0,0.0,0.0,0.02225,-0.01485,-1.78471,0.00026,-0.99034
177.34,ETH-27DEC19,1570013940326,open,0.0,4490.0,0.001,0.012,0.002038,114.6,0.001,0.0,ETH-27DEC19-720-C,177.24,106.18,0.001,996.0,0.003,8.0,119.93,0.02775,-0.01852,0.00435,0.00033,0.01246
177.34,ETH-27DEC19,1570013940331,open,0.1,2774.0,0.056,0.135,0.095993,106.94,0.104,0.0,ETH-27DEC19-140-P,177.24,103.6,0.091,96.0,0.101,578.0,110.27,0.26573,-0.16546,-0.13905,0.00336,-0.23726
177.24,SYN.ETH-4OCT19,1570013940346,open,0.26,0.0,0.244,0.288,0.266593,150.0,None,0.0,ETH-4OCT19-130-C,177.24,0.0,0.0,0.0,0.0,0.0,0.0,0.00068,-0.02718,0.00666,0.00028,0.99834
177.24,SYN.ETH-4OCT19,1570013940393,open,0.2,2.0,0.151,0.223,0.185369,112.11,0.263,0.0,ETH-4OCT19-210-P,177.24,0.0,0.0,0.0,0.0,0.0,0.0,0.00595,-0.1778,-0.01062,0.00329,-0.98077
178.89,ETH-27MAR20,1570013940409,open,0.07,1130.0,0.028,0.111,0.067622,110.07,0.072,0.0,ETH-27MAR20-440-C,177.24,107.77,0.063,260.0,0.071,546.0,111.72,0.36323,-0.11302,0.1272,0.00213,0.21435
177.27,SYN.ETH-25OCT19,1570013940409,open,0.09,986.0,0.052,0.123,0.0893,96.43,0.091,0.0,ETH-25OCT19-180-C,177.24,90.11,0.083,529.0,0.092,177.0,99.14,0.17675,-0.37254,0.04817,0.00931,0.52285
177.25,SYN.ETH-11OCT19,1570013940415,open,0.31,0.0,0.261,0.344,0.300431,96.07,None,0.0,ETH-11OCT19-230-P,177.24,0.0,0.0,0.0,0.0,0.0,0.0,0.02762,-0.14947,-0.05398,0.00376,-0.95195
177.25,SYN.ETH-11OCT19,1570013940458,open,0.21,0.0,0.187,0.243,0.215782,108.77,None,0.0,ETH-11OCT19-140-C,177.24,0.0,0.0,0.0,0.0,0.0,0.0,0.03712,-0.22744,0.03078,0.00447,0.92999
177.34,ETH-27DEC19,1570013940464,open,0.22,3064.0,0.152,0.264,0.210537,105.23,0.215,0.0,ETH-27DEC19-180-P,177.24,103.36,0.207,340.0,0.217,138.0,108.66,0.33451,-0.20495,-0.25916,0.0043,-0.41058
177.27,SYN.ETH-25OCT19,1570013940478,open,0.11,882.0,0.064,0.144,0.104719,96.43,0.105,0.0,ETH-25OCT19-180-P,177.24,93.7,0.102,280.0,0.11,205.0,101.73,0.17675,-0.37254,-0.06464,0.00931,-0.47715
177.24,SYN.ETH-4OCT19,1570013940513,open,0.32,0.0,0.303,0.343,0.322963,150.0,None,0.0,ETH-4OCT19-120-C,177.24,0.0,0.0,0.0,0.0,0.0,0.0,6e-05,-0.00232,0.00617,2e-05,0.99988
177.34,ETH-27DEC19,1570013940531,open,0.12,3202.0,0.076,0.17,0.125303,105.55,0.13,0.0,ETH-27DEC19-220-C,177.24,101.71,0.118,320.0,0.128,224.0,106.96,0.33852,-0.20803,0.12898,0.00433,0.43444
177.24,SYN.ETH-4OCT19,1570013940543,open,0.0,327.0,0.001,0.011,0.000475,150.0,0.001,0.0,ETH-4OCT19-140-P,177.24,0.0,0.0,0.0,0.001,150.0,167.64,0.00406,-0.0842,-0.00012,0.00168,-0.01231
8269.0,SYN.BTC-4OCT19,1570013940556,open,0.0,543.4,0.0005,0.013,0.00214002,82.82,0.002,0.0,BTC-4OCT19-9000-C,8268.35,76.36,0.0015,0.1,0.0025,2.1,86.04,0.89118,-17.69586,0.03359,0.00031,0.0812
177.31,SYN.ETH-29NOV19,1570013940585,open,0.45,0.0,0.427,0.479,0.453758,116.28,None,0.0,ETH-29NOV19-100-C,177.24,0.0,0.0,0.0,0.0,0.0,0.0,0.09583,-0.09627,0.13361,0.00165,0.929
177.25,SYN.ETH-11OCT19,1570013940596,open,0.26,0.0,0.207,0.289,0.246552,95.28,None,0.0,ETH-11OCT19-220-P,177.24,0.0,0.0,0.0,0.0,0.0,0.0,0.04256,-0.22842,-0.05012,0.00585,-0.91619
8269.0,SYN.BTC-4OCT19,1570013940602,open,0.19,3.2,0.156,0.206,0.17954412,106.02,0.15,0.0,BTC-4OCT19-9750-P,8268.35,0.0,0.171,4.6,0.1865,4.6,185.04,0.24479,-6.91814,-0.49418,7e-05,-0.98341
177.34,ETH-27DEC19,1570013940606,open,0.38,4578.0,0.298,0.43,0.365858,105.55,0.381,0.0,ETH-27DEC19-220-P,177.24,100.89,0.357,500.0,0.377,72.0,111.37,0.33852,-0.20803,-0.38862,0.00433,-0.56556
178.89,ETH-27MAR20,1570013940641,open,1.77,0.0,1.633,1.856,1.741364,111.38,None,0.0,ETH-27MAR20-480-P,177.24,0.0,0.003,10.0,0.0,0.0,0.0,0.33572,-0.1057,-2.21348,0.00194,-0.81201
177.24,SYN.ETH-4OCT19,1570013940645,open,0.0,339.0,0.001,0.011,0.000532,136.94,0.001,0.0,ETH-4OCT19-220-C,177.24,0.0,0.0,0.0,0.001,100.0,150.24,0.005,-0.09426,0.00014,0.00226,0.01569
8271.43,SYN.BTC-11OCT19,1570013940655,open,0.07,53.9,0.0395,0.095,0.06840189,82.27,0.066,0.0,BTC-11OCT19-8000-C,8268.35,76.49,0.065,2.0,0.0705,6.0,85.82,4.88222,-22.62628,1.12378,0.00036,0.62712
177.34,ETH-27DEC19,1570013940689,open,0.08,1924.0,0.04,0.121,0.080503,105.75,0.078,0.0,ETH-27DEC19-260-C,177.24,102.52,0.075,320.0,0.083,255.0,107.2,0.30443,-0.18744,0.0967,0.00389,0.31226
177.24,SYN.ETH-4OCT19,1570013940701,open,0.0,11.0,0.001,0.011,5.3e-05,150.0,0.003,0.0,ETH-4OCT19-130-P,177.24,0.0,0.0,0.0,0.001,100.0,212.3,0.00068,-0.00937,-2e-05,0.00028,-0.00166
177.27,SYN.ETH-25OCT19,1570013940760,open,0.38,302.0,0.321,0.418,0.368139,96.88,0.432,0.0,ETH-25OCT19-240-P,177.24,0.0,0.35,15.0,0.404,14.0,148.48,0.09372,-0.19845,-0.13759,0.00491,-0.87033
177.34,ETH-27DEC19,1570013940772,open,0.56,946.0,0.475,0.617,0.546613,105.75,0.3,0.0,ETH-27DEC19-260-P,177.24,79.41,0.505,500.0,0.0,0.0,0.0,0.30443,-0.18744,-0.51502,0.00389,-0.68774
177.25,SYN.ETH-11OCT19,1570013940801,open,0.16,0.0,0.132,0.194,0.164253,100.32,None,0.0,ETH-11OCT19-150-C,177.24,0.0,0.0,0.0,0.0,0.0,0.0,0.05723,-0.32342,0.03059,0.00747,0.87396
178.89,ETH-27MAR20,1570013940798,open,1.34,3.0,1.215,1.42,1.316728,109.18,1.39,0.0,ETH-27MAR20-400-P,177.24,72.17,1.253,6.0,1.378,6.0,134.6,0.3946,-0.12179,-1.79277,0.00233,-0.75134
178.89,ETH-27MAR20,1570013940809,open,1.98,0.0,1.844,2.077,1.957131,112.47,None,0.0,ETH-27MAR20-520-P,177.24,0.0,0.005,10.0,0.0,0.0,0.0,0.30994,-0.09854,-2.41987,0.00178,-0.83432
177.27,SYN.ETH-25OCT19,1570013940805,open,0.28,483.0,0.221,0.316,0.268583,96.92,0.337,0.0,ETH-25OCT19-220-P,177.24,0.0,0.236,17.0,0.307,17.0,142.56,0.13174,-0.27907,-0.11639,0.0069,-0.77901
177.24,SYN.ETH-4OCT19,1570013940815,open,0.26,13.0,0.206,0.282,0.241771,136.94,0.071,0.0,ETH-4OCT19-220-P,177.24,0.0,0.0,0.0,0.0,0.0,0.0,0.005,-0.18252,-0.01117,0.00226,-0.98431
177.34,ETH-27DEC19,1570013940813,open,0.66,311.0,0.571,0.717,0.644543,106.43,0.71,0.0,ETH-27DEC19-280-P,177.24,69.64,0.596,17.0,0.691,17.0,133.64,0.28201,-0.17476,-0.5754,0.00358,-0.73452
177.31,SYN.ETH-29NOV19,1570013940842,open,0.35,0.0,0.324,0.391,0.359096,109.59,None,0.0,ETH-29NOV19-120-C,177.24,0.0,0.0,0.0,0.0,0.0,0.0,0.15165,-0.14358,0.14282,0.00278,0.8671
177.27,SYN.ETH-25OCT19,1570013940842,open,0.0,5308.0,0.001,0.013,0.003976,99.12,0.003,0.0,ETH-25OCT19-280-C,177.24,88.62,0.002,300.0,0.004,120.0,99.22,0.04046,-0.08765,0.00432,0.00207,0.04288
177.34,ETH-27DEC19,1570013940846,open,0.05,1103.0,0.022,0.088,0.052972,106.49,0.05,0.0,ETH-27DEC19-300-C,177.24,103.72,0.049,320.0,0.054,279.0,107.2,0.25719,-0.15947,0.07127,0.00326,0.22379
177.27,SYN.ETH-25OCT19,1570013940852,open,0.01,1251.0,0.003,0.032,0.014246,96.92,0.016,0.0,ETH-25OCT19-240-C,177.24,92.51,0.012,540.0,0.014,120.0,96.45,0.09377,-0.19863,0.01283,0.00491,0.12977
178.89,ETH-27MAR20,1570013940894,open,0.04,1202.0,0.015,0.081,0.044241,113.69,0.033,0.0,ETH-27MAR20-560-C,177.24,110.33,0.039,30.0,0.044,240.0,113.54,0.2874,-0.09236,0.08971,0.00163,0.14772
8288.44,SYN.BTC-29NOV19,1570013940906,open,0.19,0.0,0.1445,0.233,0.18967747,86.58,None,0.0,BTC-29NOV19-9000-P,8268.35,83.31,0.1845,6.9,0.196,29.3,90.57,13.13785,-9.82723,-9.41247,0.00014,-0.52651
177.24,SYN.ETH-4OCT19,1570013940930,open,0.0,133.0,0.001,0.011,0.00031,150.0,0.001,0.0,ETH-4OCT19-230-C,177.24,0.0,0.0,0.0,0.001,100.0,175.44,0.00306,-0.055,8e-05,0.00126,0.00891
177.34,ETH-27DEC19,1570013940933,open,0.76,1.0,0.671,0.819,0.744638,106.49,0.494,0.0,ETH-27DEC19-300-P,177.24,0.0,0.001,5.0,0.0,0.0,0.0,0.25719,-0.15947,-0.63456,0.00326,-0.77621
177.25,SYN.ETH-11OCT19,1570013940940,open,0.01,307.0,0.001,0.027,0.010514,100.32,0.012,0.0,ETH-11OCT19-150-P,177.24,95.49,0.009,290.0,0.013,1.0,107.72,0.05723,-0.32342,-0.00589,0.00747,-0.12604
177.27,SYN.ETH-25OCT19,1570013940948,open,0.6,3.0,0.535,0.637,0.583518,99.12,0.645,0.0,ETH-25OCT19-280-P,177.24,0.0,0.0,0.0,0.0,0.0,0.0,0.04046,-0.08765,-0.17116,0.00207,-0.95712
178.89,ETH-27MAR20,1570013940974,open,2.2,0.0,2.058,2.3,2.174831,113.8,None,0.0,ETH-27MAR20-560-P,177.24,0.0,0.01,10.0,0.0,0.0,0.0,0.28793,-0.09262,-2.6238,0.00163,-0.85187
177.31,SYN.ETH-29NOV19,1570013940974,open,0.04,2.0,0.015,0.06,0.035887,109.59,0.043,0.0,ETH-29NOV19-120-P,177.24,107.37,0.034,340.0,0.04,283.0,114.32,0.15165,-0.14358,-0.04745,0.00278,-0.1329
177.34,ETH-27DEC19,1570013940996,open,0.03,886.0,0.012,0.065,0.035344,107.1,0.035,0.0,ETH-27DEC19-340-C,177.24,104.21,0.032,320.0,0.037,296.0,108.49,0.20957,-0.13068,0.05214,0.00264,0.16032
177.27,SYN.ETH-25OCT19,1570013941001,open,0.01,802.0,0.001,0.02,0.007629,98.3,0.011,0.0,ETH-25OCT19-260-C,177.24,93.46,0.006,540.0,0.007,120.0,96.5,0.06338,-0.13618,0.00758,0.00327,0.07588
177.24,SYN.ETH-4OCT19,1570013941033,open,0.31,0.0,0.26,0.34,0.29797,150.0,0.093,0.0,ETH-4OCT19-230-P,177.24,0.0,0.0,0.0,0.0,0.0,0.0,0.00306,-0.12238,-0.01174,0.00126,-0.99109
177.24,SYN.ETH-4OCT19,1570013941063,open,0.0,970.0,0.001,0.011,3e-06,150.0,0.002,0.0,ETH-4OCT19-120-P,177.24,0.0,0.0,0.0,0.002,316.0,289.92,6e-05,-0.00055,0.0,2e-05,-0.00012
177.27,SYN.ETH-25OCT19,1570013941069,open,0.49,3.0,0.427,0.526,0.474346,98.3,0.534,0.0,ETH-25OCT19-260-P,177.24,0.0,0.0,0.0,0.0,0.0,0.0,0.06338,-0.13618,-0.15537,0.00327,-0.92412
178.89,ETH-27MAR20,1570013941072,open,0.04,5133.0,0.012,0.073,0.038258,114.18,0.037,0.0,ETH-27MAR20-600-C,177.24,111.21,0.034,270.0,0.04,565.0,115.35,0.2638,-0.08515,0.07976,0.00149,0.13026
177.34,ETH-27DEC19,1570013941081,open,0.97,0.0,0.878,1.031,0.952565,107.1,None,0.0,ETH-27DEC19-340-P,177.24,0.0,0.001,5.0,0.0,0.0,0.0,0.20956,-0.13068,-0.7478,0.00264,-0.83968
8269.0,SYN.BTC-4OCT19,1570013941089,open,0.01,216.6,0.0005,0.0205,0.00531943,81.49,0.005,0.0,BTC-4OCT19-8750-C,8268.35,76.92,0.0045,0.4,0.0055,24.4,82.47,1.52224,-33.06777,0.07166,0.00053,0.17396
8271.43,SYN.BTC-11OCT19,1570013941092,open,0.4,0.0,0.3635,0.423,0.39138071,98.81,None,0.0,BTC-11OCT19-11500-P,8268.35,0.0,0.002,2.0,0.0,0.0,0.0,0.61446,-3.42035,-2.7591,4e-05,-0.98038
8276.29,SYN.BTC-25OCT19,1570013941103,open,0.05,291.1,0.019,0.0685,0.0425963,85.33,0.0465,0.0,BTC-25OCT19-7500-P,8268.35,82.26,0.04,40.3,0.044,19.3,86.97,7.03489,-13.12006,-1.69954,0.00019,-0.28506
177.31,SYN.ETH-29NOV19,1570013941103,open,0.27,1.0,0.232,0.311,0.274831,104.04,0.289,0.0,ETH-29NOV19-140-C,177.24,0.0,0.0,0.0,0.0,0.0,0.0,0.20822,-0.18715,0.14246,0.00401,0.78153
8298.16,BTC-27DEC19,1570013941113,open,0.51,74.2,0.449,0.5565,0.5020241,89.05,0.496,0.0,BTC-27DEC19-12000-P,8268.35,69.52,0.474,5.5,0.545,3.0,114.33,13.1003,-6.79216,-24.21508,9e-05,-0.73828
8298.16,BTC-27DEC19,1570013941113,open,0.06,691.1,0.0255,0.0905,0.05590819,89.04,0.0555,0.0,BTC-27DEC19-12000-C,8268.35,87.83,0.054,3.5,0.0575,26.4,90.05,13.09952,-6.79118,4.01767,9e-05,0.26169
8298.16,BTC-27DEC19,1570013941113,open,0.0,710.8,0.0005,0.012,0.00214555,107.45,0.0025,0.0,BTC-27DEC19-30000-C,8268.35,103.16,0.0015,47.0,0.0025,1.5,109.42,1.41152,-0.88307,0.22596,1e-05,0.01372
8386.85,BTC-27MAR20,1570013941133,open,0.26,91.6,0.204,0.3055,0.25741996,87.46,0.264,0.0,BTC-27MAR20-8000-C,8268.35,85.94,0.2535,10.0,0.2615,8.0,89.04,21.65271,-5.35341,15.90494,7e-05,0.64876
8298.16,BTC-27DEC19,1570013941138,open,4.82,0.0,4.671,4.906,4.7852277,125.58,None,0.0,BTC-27DEC19-48000-P,8268.35,0.0,0.0005,2.0,0.0,0.0,0.0,0.58046,-0.42442,-112.85096,0.0,-0.99501
177.24,SYN.ETH-4OCT19,1570013941138,open,0.0,80.0,0.001,0.011,8.9e-05,150.0,0.001,0.0,ETH-4OCT19-240-C,177.24,0.0,0.0,0.0,0.004,300.0,251.46,0.00111,-0.01582,3e-05,0.00046,0.00284
8271.43,SYN.BTC-11OCT19,1570013941147,open,0.22,0.0,0.1865,0.2445,0.21389219,84.75,0.1755,0.0,BTC-11OCT19-10000-P,8268.35,0.0,0.1935,1.0,0.239,3.0,149.67,2.01329,-9.61168,-2.26991,0.00014,-0.91465
177.34,ETH-27DEC19,1570013941158,open,0.02,490.0,0.007,0.05,0.025202,108.95,0.024,0.0,ETH-27DEC19-380-C,177.24,106.62,0.023,13.0,0.026,300.0,109.77,0.1715,-0.10879,0.03932,0.00213,0.11943
8386.85,BTC-27MAR20,1570013941164,open,2.62,0.0,2.512,2.6895,2.59526976,101.73,None,0.0,BTC-27MAR20-30000-P,8268.45,0.0,0.0035,1.0,0.0,0.0,0.0,8.19221,-2.35594,-143.10536,2e-05,-0.92586
8386.85,BTC-27MAR20,1570013941164,open,1.91,0.0,1.8155,1.974,1.8901712,97.29,None,0.0,BTC-27MAR20-24000-P,8268.45,0.0,0.0015,1.0,0.0,0.0,0.0,11.15117,-3.06696,-112.89273,3e-05,-0.88757
8386.85,BTC-27MAR20,1570013941164,open,3.81,1.0,3.678,3.894,3.78016767,108.19,2.7125,0.0,BTC-27MAR20-40000-P,8268.45,0.0,0.0055,1.0,0.0,0.0,0.0,5.51294,-1.6861,-192.4549,1e-05,-0.95521
8386.85,BTC-27MAR20,1570013941164,open,0.04,293.3,0.0155,0.079,0.04267844,94.55,0.0455,0.0,BTC-27MAR20-20000-C,8268.45,93.26,0.0405,4.9,0.0445,10.0,95.62,14.25101,-3.80917,4.80024,4e-05,0.16079
8298.16,BTC-27DEC19,1570013941164,open,0.1,515.6,0.06,0.1405,0.10055372,87.77,0.097,0.0,BTC-27DEC19-10000-C,8268.45,86.42,0.098,15.4,0.102,17.5,88.54,15.65519,-8.00058,6.05854,0.00011,0.41087
8386.95,BTC-27MAR20,1570013941164,open,0.01,66.0,0.0025,0.035,0.01334779,106.22,0.0095,0.0,BTC-27MAR20-36000-C,8268.45,104.41,0.012,54.3,0.0145,15.0,107.67,6.47021,-1.94277,1.68218,2e-05,0.05474
8386.95,BTC-27MAR20,1570013941165,open,2.14,0.0,2.0465,2.2095,2.12319069,97.89,None,0.0,BTC-27MAR20-26000-P,8268.45,0.0,0.0015,1.0,0.0,0.0,0.0,9.75245,-2.69882,-123.13406,3e-05,-0.9065
8386.95,BTC-27MAR20,1570013941165,open,3.1,0.0,2.978,3.1705,3.06850193,104.67,None,0.0,BTC-27MAR20-34000-P,8268.45,0.0,0.0045,1.0,0.0,0.0,0.0,6.93496,-2.05199,-162.92404,2e-05,-0.94022
8271.43,SYN.BTC-11OCT19,1570013941163,open,0.01,112.0,0.0005,0.022,0.00780925,91.46,0.007,0.0,BTC-11OCT19-7000-P,8268.45,86.74,0.0065,51.0,0.009,35.0,95.48,2.38096,-12.26759,-0.23135,0.00016,-0.10721
8271.43,SYN.BTC-11OCT19,1570013941164,open,0.02,77.1,0.0045,0.041,0.02014345,81.6,0.02,0.0,BTC-11OCT19-9000-C,8268.45,75.44,0.017,9.0,0.0205,9.0,82.28,4.29853,-19.75888,0.51123,0.00032,0.27431
8298.26,BTC-27DEC19,1570013941165,open,0.18,251.3,0.1395,0.2245,0.18411153,87.77,0.186,0.0,BTC-27DEC19-8000-C,8268.45,86.63,0.182,14.4,0.185,12.0,88.25,15.35652,-7.84761,8.46082,0.00011,0.61747
8298.26,BTC-27DEC19,1570013941165,open,0.33,121.1,0.294,0.361,0.32842798,92.32,0.3435,0.0,BTC-27DEC19-6000-C,8268.45,71.06,0.304,7.0,0.33,3.0,93.59,10.24482,-5.50684,9.76241,7e-05,0.82845
8269.0,SYN.BTC-4OCT19,1570013941164,open,0.4,0.0,0.3635,0.42,0.39076153,145.08,None,0.0,BTC-4OCT19-11500-P,8268.45,0.0,0.011,25.0,0.0,0.0,0.0,0.01823,-0.7052,-0.5906,0.0,-0.99909
8271.43,SYN.BTC-11OCT19,1570013941163,open,0.11,3.7,0.083,0.136,0.11020348,85.17,0.119,0.0,BTC-11OCT19-7500-C,8268.45,75.51,0.106,11.0,0.1135,5.0,92.34,3.72593,-17.87712,1.36565,0.00026,0.78917
8298.26,BTC-27DEC19,1570013941166,open,0.07,763.9,0.039,0.112,0.07445361,88.19,0.0735,0.0,BTC-27DEC19-11000-C,8268.45,87.07,0.0725,3.5,0.076,16.0,89.07,14.54414,-7.46818,4.95342,0.0001,0.32817
8288.44,SYN.BTC-29NOV19,1570013941164,open,0.0,0.002,0.0285,0.01180835,93.72,None,0.0,BTC-29NOV19-15000-C,8268.45,92.33,0.011,24.0,0.0135,0.5,96.47,4.92165,-3.98489,0.90045,5e-05,0.08032
8298.26,BTC-27DEC19,1570013941166,open,0.0,315.6,0.0005,0.012,0.00223112,112.33,0.003,0.0,BTC-27DEC19-32000-C,8268.45,107.41,0.0015,24.0,0.003,38.0,116.38,1.41301,-0.92413,0.22461,1e-05,0.01374
8386.95,BTC-27MAR20,1570013941166,open,3.34,0.0,3.2115,3.412,3.30575604,106.25,None,0.0,BTC-27MAR20-36000-P,8268.45,0.0,0.005,1.0,0.0,0.0,0.0,6.47773,-1.94563,-172.76832,2e-05,-0.94518
8386.95,BTC-27MAR20,1570013941166,open,0.01,551.6,0.001,0.03,0.01082501,108.24,0.0105,0.0,BTC-27MAR20-40000-C,8268.45,107.74,0.0105,0.5,0.011,6.0,108.5,5.52217,-1.68959,1.3841,1e-05,0.04488
8298.26,BTC-27DEC19,1570013941166,open,0.04,479.3,0.0165,0.073,0.04209849,89.73,0.0415,0.0,BTC-27DEC19-13000-C,8268.45,88.58,0.0405,19.3,0.044,28.7,91.09,11.53184,-6.02493,3.23705,8e-05,0.2079
8298.26,BTC-27DEC19,1570013941167,open,5.31,0.8,5.1435,5.397,5.2670114,127.52,3.59,0.0,BTC-27DEC19-52000-P,8268.45,0.0,0.001,2.0,0.0,0.0,0.0,0.46963,-0.34868,-122.27913,0.0,-0.99607
8298.26,BTC-27DEC19,1570013941167,open,0.09,243.3,0.055,0.129,0.09170105,89.34,0.0895,0.0,BTC-27DEC19-7000-P,8268.45,88.28,0.09,3.5,0.094,31.5,90.77,13.33751,-6.93768,-7.08458,9e-05,-0.27117
8276.29,SYN.BTC-25OCT19,1570013941164,open,0.7,2.0,0.659,0.733,0.69383159,101.09,0.372,0.0,BTC-25OCT19-14000-P,8268.45,0.0,0.0005,1.0,1.5,0.5,500.0,1.23319,-2.72469,-8.6534,3e-05,-0.97445
8298.26,BTC-27DEC19,1570013941168,open,0.02,354.6,0.0055,0.043,0.02009296,93.17,0.018,0.0,BTC-27DEC19-16000-C,8268.45,91.39,0.0185,24.0,0.0215,49.0,94.69,7.56595,-4.1043,1.75428,5e-05,0.10995
8298.26,BTC-27DEC19,1570013941168,open,0.03,600.8,0.008,0.0505,0.02541057,92.05,0.025,0.0,BTC-27DEC19-15000-C,8268.45,90.2,0.0235,24.0,0.027,48.0,93.53,8.74244,-4.68529,2.14102,6e-05,0.13507
8276.29,SYN.BTC-25OCT19,1570013941164,open,0.23,0.0,0.2055,0.255,0.23033101,92.58,None,0.0,BTC-25OCT19-6500-C,8268.45,0.0,0.208,7.0,0.2495,7.0,125.17,4.22628,-8.55193,3.35234,0.00011,0.87663
8288.44,SYN.BTC-29NOV19,1570013941163,open,0.07,93.3,0.036,0.098,0.06620358,88.95,0.067,0.0,BTC-29NOV19-7000-P,8268.45,86.84,0.0635,19.3,0.07,27.0,91.9,10.63119,-8.16979,-4.24147,0.00011,-0.25653
8269.0,SYN.BTC-4OCT19,1570013941164,open,0.28,1.9,0.245,0.2995,0.2702312,144.89,0.332,0.0,BTC-4OCT19-10500-P,8268.45,0.0,0.254,3.0,0.2915,3.0,329.96,0.1891,-7.30371,-0.53454,4e-05,-0.9877
8271.43,SYN.BTC-11OCT19,1570013941163,open,0.34,0.0,0.304,0.3625,0.33142856,92.98,None,0.0,BTC-11OCT19-11000-P,8268.45,0.0,0.0005,2.0,0.0,0.0,0.0,0.85633,-4.48519,-2.6194,6e-05,-0.97088
8298.26,BTC-27DEC19,1570013941170,open,0.62,99.0,0.557,0.6635,0.60872406,89.76,0.638,0.0,BTC-27DEC19-13000-P,8268.45,55.14,0.573,3.0,0.651,3.0,116.81,11.53486,-6.02806,-27.34765,8e-05,-0.79201
8271.43,SYN.BTC-11OCT19,1570013941163,open,0.0,107.5,0.0005,0.014,0.00381863,101.05,0.005,0.0,BTC-11OCT19-6500-P,8268.45,95.95,0.003,7.0,0.0045,30.0,104.88,1.41203,-8.03824,-0.11609,8e-05,-0.0539
8269.0,SYN.BTC-4OCT19,1570013941164,open,0.01,253.0,0.0005,0.031,0.0112833,85.83,0.012,0.0,BTC-4OCT19-8000-P,8268.45,78.41,0.0095,24.4,0.0125,35.4,90.8,2.01224,-46.04167,-0.12587,0.00067,-0.28493
8276.29,SYN.BTC-25OCT19,1570013941164,open,0.1,14.0,0.0635,0.13,0.09727123,82.2,0.098,0.0,BTC-25OCT19-8500-P,8268.45,79.43,0.0945,8.4,0.0995,7.0,84.44,8.26288,-14.84618,-3.15331,0.00023,-0.51065
8288.44,SYN.BTC-29NOV19,1570013941163,open,0.03,16.7,0.0135,0.057,0.03320802,93.31,0.0345,0.0,BTC-29NOV19-6000-P,8268.45,91.42,0.0315,24.0,0.0355,30.0,95.8,7.54435,-6.08156,-2.35033,7e-05,-0.14563
8269.0,SYN.BTC-4OCT19,1570013941166,open,0.0,252.3,0.0005,0.011,0.00101568,88.12,0.001,0.0,BTC-4OCT19-9250-C,8268.45,78.12,0.0005,20.5,0.0015,35.2,95.01,0.51756,-8.39863,0.01684,0.00017,0.04065
8276.29,SYN.BTC-25OCT19,1570013941164,open,0.19,0.0,0.1455,0.217,0.18113487,82.49,None,0.0,BTC-25OCT19-9500-P,8268.45,45.4,0.1545,4.0,0.1975,12.0,100.96,7.04849,-12.70874,-4.64196,0.0002,-0.71378
8269.0,SYN.BTC-4OCT19,1570013941164,open,0.07,17.7,0.0385,0.0895,0.06350903,81.6,0.0645,0.0,BTC-4OCT19-8750-P,8268.45,66.51,0.061,6.7,0.0645,0.1,86.83,1.5242,-33.15589,-0.37785,0.00053,-0.82569
8276.29,SYN.BTC-25OCT19,1570013941164,open,0.07,229.7,0.0405,0.099,0.07023108,82.19,0.0715,0.0,BTC-25OCT19-8500-C,8268.45,78.96,0.067,14.4,0.071,10.0,82.96,8.26288,-14.84436,2.1739,0.00023,0.48934
8271.43,SYN.BTC-11OCT19,1570013941165,open,0.11,0.0,0.077,0.139,0.10822671,81.6,None,0.0,BTC-11OCT19-9000-P,8268.45,71.22,0.103,6.0,0.1115,6.0,87.8,4.29856,-19.75933,-1.67729,0.00032,-0.72568
8271.43,SYN.BTC-11OCT19,1570013941164,open,0.16,0.0,0.1385,0.185,0.16152227,91.46,None,0.0,BTC-11OCT19-7000-C,8268.45,0.0,0.141,5.0,0.179,5.0,139.26,2.38089,-12.26701,1.47085,0.00016,0.89279
8288.44,SYN.BTC-29NOV19,1570013941164,open,0.41,0.0,0.3905,0.434,0.41183442,100.48,None,0.0,BTC-29NOV19-5000-C,8268.45,0.0,0.012,1.0,0.0,0.0,0.0,4.51386,-3.91836,6.78764,4e-05,0.9283
8288.44,SYN.BTC-29NOV19,1570013941163,open,0.15,19.5,0.113,0.189,0.15256829,86.57,0.1545,0.0,BTC-29NOV19-8000-C,8268.45,84.24,0.149,14.4,0.1545,5.0,87.83,12.67796,-9.48186,5.99054,0.00013,0.60838
8269.0,SYN.BTC-4OCT19,1570013941163,open,0.13,3.4,0.097,0.1455,0.11965154,88.12,0.1055,0.0,BTC-4OCT19-9250-P,8268.45,0.0,0.1175,6.1,0.121,0.1,104.75,0.5176,-12.15865,-0.4585,0.00017,-0.95934
8288.44,SYN.BTC-29NOV19,1570013941172,open,0.07,37.7,0.0365,0.103,0.06927564,86.57,0.067,0.0,BTC-29NOV19-10000-C,8268.45,84.69,0.0665,19.3,0.071,18.0,87.73,12.28565,-9.18806,3.7533,0.00013,0.35486
8288.44,SYN.BTC-29NOV19,1570013941163,open,0.05,17.6,0.0205,0.077,0.04683775,87.54,0.044,0.0,BTC-29NOV19-11000-C,8268.45,85.72,0.0445,19.3,0.049,25.0,89.2,10.74444,-8.12556,2.82566,0.00011,0.26184
8276.29,SYN.BTC-25OCT19,1570013941169,open,0.07,1176.6,0.0365,0.0955,0.06555234,82.79,0.0655,0.0,BTC-25OCT19-8000-P,8268.45,80.66,0.0635,10.0,0.068,10.1,85.33,7.97543,-14.43233,-2.38662,0.00022,-0.39456
8269.0,SYN.BTC-4OCT19,1570013941167,open,0.22,76.6,0.186,0.2375,0.20983035,121.59,0.2125,0.0,BTC-4OCT19-10000-P,8268.45,0.0,0.194,4.0,0.2305,4.0,284.49,0.24101,-7.81158,-0.50717,6e-05,-0.98371
177.31,SYN.ETH-29NOV19,1570013941230,open,0.07,6.0,0.033,0.097,0.06442,104.04,0.078,0.0,ETH-29NOV19-140-P,177.24,102.83,0.063,340.0,0.069,238.0,107.92,0.20822,-0.18715,-0.07953,0.00401,-0.21847
177.34,ETH-27DEC19,1570013941247,open,1.19,0.0,1.09,1.251,1.167979,108.95,None,0.0,ETH-27DEC19-380-P,177.24,0.0,0.001,5.0,0.0,0.0,0.0,0.1715,-0.10879,-0.85473,0.00213,-0.88057
177.31,SYN.ETH-29NOV19,1570013941616,open,0.15,20.0,0.107,0.195,0.154212,101.71,0.165,0.0,ETH-29NOV19-180-C,177.24,97.11,0.147,502.0,0.158,182.0,104.13,0.27785,-0.24414,0.11567,0.00548,0.56564
8271.43,SYN.BTC-11OCT19,1570013941659,open,0.02,295.4,0.0035,0.0365,0.01693919,85.17,0.02,0.0,BTC-11OCT19-7500-P,8268.45,81.94,0.0155,24.0,0.0165,1.0,84.19,3.72594,-17.87728,-0.45812,0.00026,-0.21083
177.24,SYN.ETH-4OCT19,1570013941685,open,0.37,0.0,0.315,0.397,0.354169,150.0,None,0.0,ETH-4OCT19-240-P,177.24,0.0,0.0,0.0,0.0,0.0,0.0,0.00111,-0.0443,-0.01231,0.00046,-0.99716
177.24,SYN.ETH-4OCT19,1570013941802,open,0.0,21.0,0.001,0.011,2.4e-05,150.0,0.007,0.0,ETH-4OCT19-250-C,177.24,0.0,0.0,0.0,0.002,300.0,245.54,0.00036,-0.00421,1e-05,0.00015,0.00083
177.31,SYN.ETH-29NOV19,1570013941859,open,0.11,7.0,0.07,0.154,0.114299,101.81,0.114,0.0,ETH-29NOV19-200-C,177.24,97.19,0.107,429.0,0.117,209.0,103.52,0.28042,-0.24665,0.09787,0.00553,0.46242
178.89,ETH-27MAR20,1570013941872,open,0.04,1099.0,0.017,0.06,0.037357,110.46,0.04,0.0,ETH-27MAR20-80-P,177.25,107.04,0.034,320.0,0.041,300.0,114.06,0.17844,-0.05572,-0.09845,0.00104,-0.07621
178.89,ETH-27MAR20,1570013941872,open,0.11,1793.0,0.064,0.146,0.10594,104.79,0.105,0.0,ETH-27MAR20-120-P,177.25,102.09,0.101,558.0,0.111,558.0,107.55,0.32775,-0.09709,-0.24862,0.00202,-0.18086
178.89,ETH-27MAR20,1570013941873,open,0.37,1214.0,0.285,0.429,0.360853,103.69,0.38,0.0,ETH-27MAR20-200-P,177.25,100.8,0.353,300.0,0.373,300.0,108.17,0.48634,-0.14255,-0.6754,0.00302,-0.41826
178.9,ETH-27MAR20,1570013941873,open,0.22,1320.0,0.153,0.27,0.214324,102.52,0.192,0.0,ETH-27MAR20-160-P,177.25,100.75,0.21,148.0,0.223,448.0,106.09,0.43551,-0.12622,-0.44924,0.00274,-0.30388
177.31,SYN.ETH-29NOV19,1570013941872,open,0.25,0.0,0.185,0.296,0.242283,101.81,None,0.0,ETH-29NOV19-200-P,177.25,0.0,0.0,0.0,0.0,0.0,0.0,0.28042,-0.24665,-0.21926,0.00553,-0.53758
177.31,SYN.ETH-29NOV19,1570013941873,open,0.43,0.0,0.353,0.476,0.415304,101.99,None,0.0,ETH-29NOV19-240-P,177.25,0.0,0.0,0.0,0.0,0.0,0.0,0.24314,-0.21423,-0.31532,0.00478,-0.70624
177.25,SYN.ETH-11OCT19,1570013941873,open,0.02,436.0,0.003,0.041,0.018519,95.28,0.015,0.0,ETH-11OCT19-200-C,177.25,83.06,0.013,387.0,0.017,1.0,92.03,0.08395,-0.45062,0.00912,0.01153,0.23012
177.31,SYN.ETH-29NOV19,1570013941872,open,0.06,13.0,0.028,0.096,0.061723,101.99,0.061,0.0,ETH-29NOV19-240-C,177.25,97.77,0.056,476.0,0.065,256.0,104.36,0.24314,-0.21423,0.06524,0.00478,0.29376
177.31,SYN.ETH-29NOV19,1570013941872,open,0.33,0.0,0.264,0.382,0.32481,101.81,None,0.0,ETH-29NOV19-220-P,177.25,0.0,0.0,0.0,0.0,0.0,0.0,0.26679,-0.23467,-0.26818,0.00526,-0.62909
177.24,SYN.ETH-4OCT19,1570013941873,open,0.0,573.0,0.001,0.022,0.00512,91.96,0.008,0.0,ETH-4OCT19-190-C,177.25,78.22,0.003,125.0,0.006,293.0,97.0,0.03009,-0.73754,0.00135,0.02027,0.15353
177.24,SYN.ETH-4OCT19,1570013941873,open,0.0,1211.0,0.001,0.017,0.003108,107.23,0.005,0.0,ETH-4OCT19-160-P,177.25,96.31,0.002,150.0,0.005,450.0,122.36,0.01984,-0.55082,-0.00081,0.01146,-0.08537
177.24,SYN.ETH-4OCT19,1570013941872,open,0.54,0.0,0.479,0.57,0.523341,150.0,None,0.0,ETH-4OCT19-270-P,177.25,0.0,0.0,0.0,0.0,0.0,0.0,3e-05,-0.00118,-0.01387,1e-05,-0.99994
177.24,SYN.ETH-4OCT19,1570013941873,open,0.6,0.0,0.534,0.628,0.57976,149.99,None,0.0,ETH-4OCT19-280-P,177.25,0.0,0.0,0.0,0.0,0.0,0.0,1e-05,-0.0003,-0.01439,0.0,-0.99999
177.24,SYN.ETH-4OCT19,1570013941873,open,0.05,763.0,0.019,0.082,0.052012,95.57,0.053,0.0,ETH-4OCT19-170-C,177.25,82.23,0.049,30.0,0.056,120.0,112.26,0.04122,-1.05012,0.00627,0.02671,0.73994
177.24,SYN.ETH-4OCT19,1570013941873,open,0.0,20.0,0.001,0.011,0.0,150.0,0.007,0.0,ETH-4OCT19-280-C,177.25,0.0,0.0,0.0,0.004,300.0,346.59,1e-05,-5e-05,0.0,0.0,1e-05
177.24,SYN.ETH-4OCT19,1570013941873,open,0.43,0.0,0.37,0.455,0.410523,150.0,None,0.0,ETH-4OCT19-250-P,177.25,0.0,0.0,0.0,0.0,0.0,0.0,0.00036,-0.01443,-0.01284,0.00015,-0.99917
177.25,SYN.ETH-11OCT19,1570013941874,open,0.16,0.0,0.105,0.188,0.146867,95.28,None,0.0,ETH-11OCT19-200-P,177.25,0.0,0.0,0.0,0.0,0.0,0.0,0.08395,-0.45062,-0.03951,0.01153,-0.76988
177.24,SYN.ETH-4OCT19,1570013941873,open,0.0,27.0,0.001,0.011,6e-06,150.0,0.001,0.0,ETH-4OCT19-260-C,177.25,0.0,0.0,0.0,0.002,300.0,268.04,0.00011,-0.00105,0.0,4e-05,0.00022
177.24,SYN.ETH-4OCT19,1570013941873,open,0.48,0.0,0.425,0.512,0.466925,150.0,None,0.0,ETH-4OCT19-260-P,177.25,0.0,0.0,0.0,0.0,0.0,0.0,0.00011,-0.00429,-0.01336,4e-05,-0.99978
177.31,SYN.ETH-29NOV19,1570013941872,open,0.08,12.0,0.045,0.121,0.084027,101.81,0.09,0.0,ETH-29NOV19-220-C,177.25,97.12,0.077,454.0,0.083,1.0,101.13,0.26679,-0.23467,0.08066,0.00526,0.37091
177.25,SYN.ETH-11OCT19,1570013941872,open,0.03,148.0,0.009,0.059,0.031954,95.28,0.033,0.0,ETH-11OCT19-190-C,177.25,83.01,0.025,347.0,0.03,100.0,91.87,0.10206,-0.54783,0.01358,0.01402,0.34708
177.24,SYN.ETH-4OCT19,1570013941873,open,0.04,288.0,0.006,0.066,0.034799,91.23,0.038,0.0,ETH-4OCT19-180-P,177.25,73.99,0.03,209.0,0.038,209.0,102.63,0.04965,-1.20753,-0.00561,0.03371,-0.58058
177.24,SYN.ETH-4OCT19,1570013941874,open,0.0,8.0,0.001,0.011,1e-06,150.0,0.001,0.0,ETH-4OCT19-270-C,177.25,0.0,0.0,0.0,0.004,300.0,324.76,3e-05,-0.00024,0.0,1e-05,6e-05
177.25,SYN.ETH-11OCT19,1570013941873,open,0.01,299.0,0.001,0.027,0.010206,95.28,0.011,0.0,ETH-11OCT19-210-C,177.25,82.05,0.006,295.0,0.011,150.0,97.5,0.06242,-0.33503,0.00572,0.00857,0.14303
177.25,SYN.ETH-11OCT19,1570013941873,open,0.21,0.0,0.154,0.237,0.194971,95.28,None,0.0,ETH-11OCT19-210-P,177.25,0.0,0.0,0.0,0.0,0.0,0.0,0.06242,-0.33503,-0.04534,0.00857,-0.85697
177.24,SYN.ETH-4OCT19,1570013941889,open,0.09,623.0,0.07,0.129,0.100388,107.23,0.086,0.0,ETH-4OCT19-160-C,177.25,78.34,0.098,130.0,0.106,30.0,146.51,0.01984,-0.567,0.00742,0.01146,0.91463
177.24,SYN.ETH-4OCT19,1570013941890,open,0.09,623.0,0.07,0.129,0.100388,107.23,0.086,0.0,ETH-4OCT19-160-C,177.25,78.34,0.098,180.0,0.106,30.0,146.51,0.01984,-0.567,0.00742,0.01146,0.91463
177.25,SYN.ETH-11OCT19,1570013941904,open,0.11,4.0,0.064,0.143,0.103884,95.28,0.089,0.0,ETH-11OCT19-190-P,177.25,77.7,0.094,90.0,0.111,90.0,107.49,0.10206,-0.54783,-0.03262,0.01402,-0.65292
178.89,ETH-27MAR20,1570013941906,open,0.54,126.0,0.444,0.608,0.529328,104.76,0.556,0.0,ETH-27MAR20-240-P,177.25,101.03,0.519,300.0,0.545,18.0,110.4,0.49644,-0.14701,-0.90557,0.00306,-0.5153
178.89,ETH-27MAR20,1570013941922,open,0.73,129.0,0.623,0.8,0.714061,106.18,0.74,0.0,ETH-27MAR20-280-P,177.25,97.17,0.69,11.0,0.732,18.0,112.78,0.48309,-0.145,-1.13351,0.00293,-0.59351
177.24,SYN.ETH-4OCT19,1570013941928,open,0.02,840.0,0.001,0.045,0.019239,91.23,0.016,0.0,ETH-4OCT19-180-C,177.25,79.63,0.016,90.0,0.021,205.0,97.51,0.04965,-1.20753,0.00364,0.03371,0.41942
178.89,ETH-27MAR20,1570013942111,open,0.73,129.0,0.623,0.8,0.714061,106.18,0.74,0.0,ETH-27MAR20-280-P,177.25,96.79,0.689,11.0,0.732,18.0,112.78,0.48309,-0.145,-1.13351,0.00293,-0.59351
177.34,ETH-27DEC19,1570013942113,open,0.66,311.0,0.571,0.717,0.644542,106.43,0.71,0.0,ETH-27DEC19-280-P,177.25,68.59,0.595,17.0,0.691,17.0,133.64,0.28201,-0.17476,-0.5754,0.00358,-0.73452
8386.92,BTC-27MAR20,1570013942143,open,0.55,1.1,0.528,0.5775,0.55244915,95.31,0.5375,0.0,BTC-27MAR20-4000-C,8268.45,0.0,0.0105,0.2,0.999,0.1,500.0,8.16809,-2.20066,15.1878,3e-05,0.92614
8386.92,BTC-27MAR20,1570013942184,open,0.77,57.8,0.6925,0.834,0.76252234,90.68,0.765,0.0,BTC-27MAR20-14000-P,8268.45,71.3,0.7185,1.0,0.817,1.0,111.79,20.5956,-5.27972,-59.0362,7e-05,-0.69006
8386.92,BTC-27MAR20,1570013942190,open,1.44,0.0,1.356,1.506,1.42733621,94.55,None,0.0,BTC-27MAR20-20000-P,8268.45,0.0,1.3825,1.0,1.4835,1.0,122.07,14.25001,-3.80869,-92.11837,4e-05,-0.83923
8276.4,SYN.BTC-25OCT19,1570013942252,open,0.0,625.4,0.0005,0.011,0.00102977,109.7,0.0015,0.0,BTC-25OCT19-16000-C,8268.45,101.0,0.0005,84.0,0.0015,24.0,115.02,0.63863,-1.53123,0.05596,1e-05,0.01182
8269.1,SYN.BTC-4OCT19,1570013942272,open,0.06,78.6,0.0445,0.092,0.06834191,92.43,0.073,0.0,BTC-4OCT19-7750-C,8268.45,80.95,0.0665,0.1,0.069,0.6,96.2,1.41777,-34.93392,0.32966,0.00044,0.84413
8276.4,SYN.BTC-25OCT19,1570013942288,open,0.03,80.9,0.0125,0.0575,0.03327595,82.49,0.0315,0.0,BTC-25OCT19-9500-C,8268.45,79.79,0.031,19.3,0.0335,0.1,82.75,7.04861,-12.70806,1.31203,0.0002,0.28622
8276.4,SYN.BTC-25OCT19,1570013942288,open,0.58,32.0,0.5405,0.612,0.57431666,96.41,0.6245,0.0,BTC-25OCT19-13000-P,8268.45,0.0,0.553,2.0,0.603,2.0,160.1,1.78688,-3.76525,-7.95842,4e-05,-0.95996
8269.1,SYN.BTC-4OCT19,1570013942297,open,0.0,421.2,0.0005,0.0105,0.00049428,121.58,0.001,0.0,BTC-4OCT19-10000-C,8268.45,0.0,0.0,0.0,0.001,30.0,135.13,0.24098,-4.08725,0.00671,6e-05,0.01629
8298.28,BTC-27DEC19,1570013942339,open,1.92,0.0,1.8365,1.965,1.89720758,103.32,None,0.0,BTC-27DEC19-24000-P,8268.45,0.0,0.0075,1.0,2.53,0.2,500.0,2.80296,-1.68624,-55.96347,2e-05,-0.96915
8269.1,SYN.BTC-4OCT19,1570013942400,open,0.0,558.3,0.0005,0.0105,0.00032115,144.97,0.0005,0.0,BTC-4OCT19-6500-P,8268.45,0.0,0.0,0.0,0.001,5.0,170.59,0.14315,-2.65564,-0.00393,3e-05,-0.00893
8269.1,SYN.BTC-4OCT19,1570013942426,open,0.0,208.8,0.0005,0.0105,5.25e-06,145.0,0.0005,0.0,BTC-4OCT19-12000-C,8268.45,0.0,0.0,0.0,0.0005,0.4,216.07,0.00465,-0.04341,9e-05,0.0,0.00021
8276.4,SYN.BTC-25OCT19,1570013942603,open,0.0,427.6,0.0005,0.012,0.00225149,101.08,0.003,0.0,BTC-25OCT19-14000-C,8268.45,95.35,0.0015,41.9,0.003,49.0,105.65,1.23284,-2.72367,0.1208,3e-05,0.02554
178.9,ETH-27MAR20,1570013942621,open,0.59,19.0,0.56,0.617,0.590167,110.41,0.542,0.0,ETH-27MAR20-80-C,177.25,92.68,0.574,33.0,0.607,33.0,126.37,0.17836,-0.05567,0.2893,0.00104,0.92384
8276.4,SYN.BTC-25OCT19,1570013942637,open,0.95,0.0,0.8955,0.9765,0.93426295,110.01,None,0.0,BTC-25OCT19-16000-P,8268.45,0.0,0.0005,1.0,0.0,0.0,0.0,0.64924,-1.56117,-9.97069,1e-05,-0.98796
8386.89,BTC-27MAR20,1570013942677,open,0.03,144.2,0.0115,0.068,0.03459605,95.96,0.0345,0.0,BTC-27MAR20-22000-C,8268.45,94.54,0.0325,6.0,0.0365,10.0,97.21,12.58272,-3.41309,4.02188,4e-05,0.13355
8276.4,SYN.BTC-25OCT19,1570013942685,open,0.14,574.2,0.1005,0.1715,0.13640586,82.4,0.1405,0.0,BTC-25OCT19-9000-P,8268.45,77.76,0.132,20.4,0.1395,14.4,85.63,7.89462,-14.21806,-3.91901,0.00022,-0.61913
8386.89,BTC-27MAR20,1570013942705,open,0.07,340.7,0.032,0.113,0.0697355,91.8,0.07,0.0,BTC-27MAR20-16000-C,8268.45,89.84,0.0655,25.9,0.0725,10.0,93.05,18.34117,-4.75941,7.11055,6e-05,0.24469
8288.55,SYN.BTC-29NOV19,1570013942712,open,0.38,0.0,0.3275,0.421,0.37398816,87.55,None,0.0,BTC-29NOV19-11000-P,8268.45,0.0,0.0005,2.0,0.0,0.0,0.0,10.74582,-8.12775,-14.61578,0.00011,-0.7381
8269.1,SYN.BTC-4OCT19,1570013942723,open,0.01,164.2,0.0005,0.021,0.00557724,92.5,0.006,0.0,BTC-4OCT19-7750-P,8268.45,89.07,0.005,0.1,0.0065,38.4,97.74,1.41875,-34.98297,-0.06868,0.00044,-0.15604
8271.43,SYN.BTC-11OCT19,1570013942756,open,0.07,53.9,0.0395,0.095,0.06841289,82.29,0.066,0.0,BTC-11OCT19-8000-C,8268.45,76.49,0.065,2.0,0.071,6.0,86.66,4.88229,-22.63167,1.12373,0.00036,0.6271
8271.43,SYN.BTC-11OCT19,1570013942757,open,0.07,53.9,0.0395,0.095,0.06841289,82.29,0.066,0.0,BTC-11OCT19-8000-C,8268.45,76.49,0.065,2.0,0.071,15.0,86.66,4.88229,-22.63167,1.12373,0.00036,0.6271
8386.89,BTC-27MAR20,1570013942778,open,0.02,26.7,0.0055,0.0475,0.02103047,100.44,0.021,0.0,BTC-27MAR20-28000-C,8268.45,98.99,0.0195,6.0,0.0225,10.0,101.78,9.0552,-2.57103,2.58477,3e-05,0.08463
8269.1,SYN.BTC-4OCT19,1570013942809,open,0.46,0.0,0.423,0.481,0.45120834,160.79,None,0.0,BTC-4OCT19-12000-P,8268.45,0.0,0.05,1.0,0.0,0.0,0.0,0.0154,-0.66007,-0.61636,0.0,-0.99925
8276.4,SYN.BTC-25OCT19,1570013942976,open,0.29,0.0,0.25,0.3205,0.28418628,84.53,None,0.0,BTC-25OCT19-10500-P,8268.45,0.0,0.26,3.0,0.316,3.0,127.69,4.91945,-9.08869,-5.86156,0.00014,-0.84584
8271.53,SYN.BTC-11OCT19,1570013943037,open,0.01,141.4,0.0005,0.0255,0.00960157,81.7,0.01,0.0,BTC-11OCT19-9500-C,8268.45,77.2,0.008,0.3,0.009,1.0,80.05,3.0487,-14.03142,0.28865,0.00022,0.15311
8269.1,SYN.BTC-4OCT19,1570013943062,open,0.0,83.2,0.0005,0.0105,0.00042843,144.88,0.0005,0.0,BTC-4OCT19-10500-C,8268.45,0.0,0.0,0.0,0.001,0.1,163.22,0.18909,-3.54274,0.00504,4e-05,0.0123
8269.1,SYN.BTC-4OCT19,1570013943121,open,0.05,175.9,0.0145,0.0655,0.03989079,80.43,0.041,0.0,BTC-4OCT19-8500-P,8268.45,71.04,0.0375,0.4,0.041,0.4,84.69,2.13825,-45.84333,-0.30303,0.00076,-0.67323
8269.1,SYN.BTC-4OCT19,1570013943150,open,0.02,191.4,0.0035,0.0465,0.02401652,79.98,0.0225,0.0,BTC-4OCT19-8250-C,8268.45,74.66,0.0225,0.4,0.025,1.0,83.42,2.35922,-50.29739,0.21395,0.00084,0.52751
8288.56,SYN.BTC-29NOV19,1570013943157,open,0.03,25.1,0.0115,0.0585,0.03226258,88.95,0.0355,0.0,BTC-29NOV19-12000-C,8268.45,87.32,0.0305,19.3,0.034,18.0,90.53,9.03757,-6.94518,2.11011,9e-05,0.19282
8386.89,BTC-27MAR20,1570013943178,open,0.38,8.5,0.3375,0.42,0.38054059,89.57,0.35,0.0,BTC-27MAR20-6000-C,8268.45,73.97,0.351,4.0,0.4095,7.0,104.34,16.2449,-4.11308,17.13024,5e-05,0.80203
8386.89,BTC-27MAR20,1570013943217,open,0.99,1.1,0.9075,1.0515,0.97746099,91.79,0.911,0.0,BTC-27MAR20-16000-P,8268.45,68.24,0.9335,1.0,1.0325,1.0,114.8,18.34001,-4.75878,-70.42461,6e-05,-0.75534
8288.56,SYN.BTC-29NOV19,1570013943231,open,0.0,0.0045,0.037,0.01679625,92.93,None,0.0,BTC-29NOV19-14000-C,8268.45,90.45,0.015,24.0,0.019,24.0,95.8,6.16812,-4.95193,1.21263,6e-05,0.10906
8386.89,BTC-27MAR20,1570013943252,open,1.68,6.0,1.585,1.739,1.65774895,95.96,1.826,0.0,BTC-27MAR20-22000-P,8268.45,0.0,1.6125,1.0,1.715,1.0,126.1,12.58466,-3.41388,-102.58737,4e-05,-0.86642
8386.89,BTC-27MAR20,1570013943259,open,2.38,0.0,2.2795,2.45,2.35959024,100.45,None,0.0,BTC-27MAR20-28000-P,8268.45,0.0,0.0025,1.0,0.0,0.0,0.0,9.05899,-2.57249,-133.09941,3e-05,-0.91532
8276.4,SYN.BTC-25OCT19,1570013943259,open,0.0,447.7,0.0005,0.0115,0.00151344,105.73,0.002,0.0,BTC-25OCT19-15000-C,8268.45,100.24,0.001,24.0,0.002,11.0,109.87,0.88452,-2.04413,0.08163,2e-05,0.01725
177.35,ETH-27DEC19,1570013943261,open,1.52,0.0,1.414,1.585,1.495629,109.72,None,0.0,ETH-27DEC19-440-P,177.25,0.0,0.001,8.0,0.0,0.0,0.0,0.12146,-0.07759,-1.01014,0.0015,-0.92526
177.28,SYN.ETH-25OCT19,1570013943261,open,0.15,536.0,0.111,0.184,0.149835,98.33,0.163,0.0,ETH-25OCT19-160-C,177.25,90.36,0.143,138.0,0.154,280.0,103.14,0.15306,-0.32898,0.06171,0.0079,0.70527
177.35,ETH-27DEC19,1570013943263,open,0.3,5.0,0.259,0.347,0.306549,106.92,0.307,0.0,ETH-27DEC19-140-C,177.25,0.0,0.0,0.0,0.334,4.0,125.08,0.26572,-0.16542,0.19037,0.00336,0.76279
177.35,ETH-27DEC19,1570013943279,open,0.46,4199.0,0.383,0.521,0.453695,105.69,0.693,0.0,ETH-27DEC19-240-P,177.25,84.9,0.417,500.0,0.0,0.0,0.0,0.32459,-0.19974,-0.45249,0.00415,-0.63073
177.35,ETH-27DEC19,1570013943285,open,0.04,1432.0,0.016,0.075,0.043112,106.74,0.039,0.0,ETH-27DEC19-320-C,177.25,104.34,0.04,320.0,0.045,288.0,108.17,0.2328,-0.14469,0.06094,0.00295,0.18916
177.35,ETH-27DEC19,1570013943287,open,0.29,3916.0,0.22,0.344,0.284125,105.33,0.292,0.0,ETH-27DEC19-200-P,177.25,103.19,0.28,340.0,0.293,340.0,109.92,0.34312,-0.21042,-0.32383,0.0044,-0.49195
8276.4,SYN.BTC-25OCT19,1570013943297,open,0.02,71.3,0.004,0.0325,0.01570715,92.58,0.017,0.0,BTC-25OCT19-6500-P,8268.45,89.17,0.014,49.0,0.0165,24.0,94.12,4.22625,-8.55222,-0.72141,0.00011,-0.12337
177.28,SYN.ETH-25OCT19,1570013943332,open,0.06,1972.0,0.024,0.083,0.052431,98.39,0.056,0.0,ETH-25OCT19-160-P,177.25,93.24,0.048,345.0,0.055,209.0,101.36,0.15308,-0.32921,-0.03858,0.0079,-0.29479
8276.4,SYN.BTC-25OCT19,1570013943367,open,0.28,16.3,0.2635,0.306,0.28434408,98.16,0.27,0.0,BTC-25OCT19-6000-C,8268.45,0.0,0.265,7.0,0.3005,7.0,133.92,2.96566,-6.3626,3.31743,7e-05,0.9239
8276.4,SYN.BTC-25OCT19,1570013943372,open,0.24,329.2,0.196,0.267,0.23084846,83.23,0.26,0.0,BTC-25OCT19-10000-P,8268.45,44.49,0.2105,3.0,0.2385,9.0,93.35,5.98424,-10.88621,-5.29124,0.00017,-0.78923
177.35,ETH-27DEC19,1570013943397,open,0.19,1011.0,0.142,0.241,0.195538,105.22,0.192,0.0,ETH-27DEC19-180-C,177.25,101.23,0.188,528.0,0.199,188.0,107.06,0.33452,-0.20494,0.16436,0.0043,0.58945
8276.4,SYN.BTC-25OCT19,1570013943399,open,0.0,908.1,0.0005,0.0105,0.0007641,114.09,0.0015,0.0,BTC-25OCT19-17000-C,8268.45,108.93,0.0005,34.5,0.001,1.0,117.7,0.48982,-1.22147,0.04126,1e-05,0.00872
8271.53,SYN.BTC-11OCT19,1570013943410,open,0.17,0.0,0.129,0.189,0.15813318,81.74,None,0.0,BTC-11OCT19-9500-P,8268.45,0.0,0.0005,2.0,0.0,0.0,0.0,3.0504,-14.04593,-2.02123,0.00022,-0.84676
8269.1,SYN.BTC-4OCT19,1570013943466,open,0.27,0.0,0.26,0.289,0.27442333,140.0,None,0.0,BTC-4OCT19-6000-C,8268.45,0.0,0.0005,1.1,0.0,0.0,0.0,0.01217,-0.45426,0.30808,0.0,0.99942
8269.1,SYN.BTC-4OCT19,1570013943466,open,0.0,81.1,0.0005,0.0105,1.8e-07,145.0,0.0015,0.0,BTC-4OCT19-13000-C,8268.45,0.0,0.0,0.0,0.001,11.0,278.22,0.00023,-0.00152,0.0,0.0,1e-05
8288.56,SYN.BTC-29NOV19,1570013943466,open,0.02,73.1,0.0045,0.031,0.01508529,100.49,0.014,0.0,BTC-29NOV19-5000-P,8268.45,98.46,0.014,10.0,0.017,57.0,103.91,4.51398,-3.91864,-1.14059,4e-05,-0.0717
178.91,ETH-27MAR20,1570013943501,open,1.55,0.0,1.422,1.636,1.527242,110.21,None,0.0,ETH-27MAR20-440-P,177.25,0.0,0.002,10.0,0.0,0.0,0.0,0.36384,-0.11335,-2.00473,0.00213,-0.78507
8269.1,SYN.BTC-4OCT19,1570013943501,open,0.0,22.2,0.0005,0.0105,1.02e-06,145.0,0.0005,0.0,BTC-4OCT19-12500-C,8268.45,0.0,0.0,0.0,0.0005,11.0,236.22,0.00107,-0.00841,2e-05,0.0,4e-05
177.28,SYN.ETH-25OCT19,1570013943547,open,0.05,1524.0,0.022,0.081,0.050995,96.9,0.048,0.0,ETH-25OCT19-200-C,177.25,92.58,0.047,243.0,0.052,230.0,97.97,0.16498,-0.3494,0.03361,0.00864,0.35349
8271.53,SYN.BTC-11OCT19,1570013943556,open,0.0,80.6,0.0005,0.0105,0.00074402,119.11,0.0015,0.0,BTC-11OCT19-5500-P,8268.45,112.98,0.0005,8.1,0.001,1.0,124.23,0.374,-2.50958,-0.02365,2e-05,-0.01102
178.91,ETH-27MAR20,1570013943558,open,0.06,1147.0,0.023,0.099,0.058006,111.3,0.049,0.0,ETH-27MAR20-480-C,177.25,108.58,0.053,240.0,0.06,240.0,112.35,0.33543,-0.10553,0.11243,0.00194,0.18769
8288.56,SYN.BTC-29NOV19,1570013943562,open,0.49,0.0,0.435,0.528,0.4800621,88.97,None,0.0,BTC-29NOV19-12000-P,8268.45,0.0,0.0005,2.0,0.0,0.0,0.0,9.03964,-6.94827,-16.91684,9e-05,-0.80711
8386.89,BTC-27MAR20,1570013943565,open,2.86,0.0,2.745,2.9295,2.83168525,103.21,None,0.0,BTC-27MAR20-32000-P,8268.45,0.0,0.004,1.0,0.0,0.0,0.0,7.50945,-2.19087,-153.03678,2e-05,-0.93379
8288.56,SYN.BTC-29NOV19,1570013943579,open,0.0,0.662,0.755,0.7058957,92.96,None,0.0,BTC-29NOV19-14000-P,8268.45,0.0,0.0,0.0,0.0,0.0,0.0,6.17242,-4.95715,-20.9852,6e-05,-0.89083
8271.53,SYN.BTC-11OCT19,1570013943600,open,0.0,40.7,0.0005,0.011,0.00102522,98.43,0.001,0.0,BTC-11OCT19-11500-C,8268.45,89.45,0.0005,1.6,0.0015,10.6,104.15,0.60381,-3.34812,0.0366,4e-05,0.01922
177.28,SYN.ETH-25OCT19,1570013943611,open,0.19,959.0,0.133,0.224,0.179239,96.96,0.214,0.0,ETH-25OCT19-200-P,177.25,82.44,0.166,27.0,0.217,21.0,136.24,0.165,-0.3497,-0.09173,0.00864,-0.64634
8269.1,SYN.BTC-4OCT19,1570013943613,open,0.03,140.1,0.0025,0.045,0.02171864,80.02,0.024,0.0,BTC-4OCT19-8250-P,8268.45,74.0,0.02,0.4,0.023,8.0,84.51,2.35922,-50.32418,-0.21001,0.00084,-0.4725
8276.4,SYN.BTC-25OCT19,1570013943645,open,0.82,0.0,0.777,0.8545,0.81391954,105.95,None,0.0,BTC-25OCT19-15000-P,8268.45,0.0,0.0005,1.0,0.0,0.0,0.0,0.8938,-2.06988,-9.31836,2e-05,-0.98254
8386.87,BTC-27MAR20,1570013943655,open,0.1,165.8,0.058,0.1345,0.09593773,89.56,0.0985,0.0,BTC-27MAR20-6000-P,8268.45,88.04,0.093,4.9,0.099,10.0,91.14,16.24481,-4.11292,-11.94494,5e-05,-0.19797
8271.53,SYN.BTC-11OCT19,1570013943664,open,0.27,0.1,0.26,0.294,0.2763048,109.47,0.26,0.0,BTC-11OCT19-6000-C,8268.45,0.0,0.262,5.0,0.289,5.0,177.95,0.7447,-4.59229,1.40607,4e-05,0.97536
8269.1,SYN.BTC-4OCT19,1570013943666,open,0.09,21.1,0.075,0.119,0.0960643,103.03,0.096,0.0,BTC-4OCT19-7500-C,8268.45,79.97,0.094,0.1,0.0965,0.6,106.75,0.93953,-25.8029,0.3471,0.00026,0.91289
8276.4,SYN.BTC-25OCT19,1570013943675,open,0.01,712.2,0.0015,0.0265,0.01107197,86.66,0.01,0.0,BTC-25OCT19-11000-C,8268.45,84.4,0.01,0.5,0.0115,16.0,87.54,4.00999,-7.59571,0.53664,0.00011,0.11453
8276.4,SYN.BTC-25OCT19,1570013943680,open,0.01,923.1,0.0005,0.0225,0.00930652,98.18,0.009,0.0,BTC-25OCT19-6000-P,8268.45,94.41,0.008,50.0,0.01,24.0,100.09,2.96701,-6.36722,-0.44324,7e-05,-0.07614
177.28,SYN.ETH-25OCT19,1570013943689,open,0.03,1481.0,0.008,0.051,0.027514,96.9,0.024,0.0,ETH-25OCT19-220-C,177.25,92.07,0.024,240.0,0.025,6.0,93.47,0.13175,-0.27905,0.0215,0.0069,0.22101
8276.4,SYN.BTC-25OCT19,1570013943701,open,0.13,26.5,0.105,0.1655,0.13638585,85.31,0.126,0.0,BTC-25OCT19-7500-C,8268.45,80.11,0.132,12.9,0.1375,8.6,86.62,7.03445,-13.11652,3.00126,0.00019,0.71499
8386.87,BTC-27MAR20,1570013943705,open,0.05,156.6,0.0215,0.093,0.05365472,93.05,0.054,0.0,BTC-27MAR20-18000-C,8268.45,91.66,0.051,4.9,0.056,10.0,94.26,16.15857,-4.25032,5.79475,5e-05,0.19623
177.32,SYN.ETH-29NOV19,1570013943721,open,0.02,137.0,0.006,0.034,0.017751,116.29,0.023,0.0,ETH-29NOV19-100-P,177.25,112.98,0.016,360.0,0.021,660.0,122.09,0.09583,-0.09628,-0.02495,0.00165,-0.07099
178.91,ETH-27MAR20,1570013943725,open,0.05,1215.0,0.018,0.089,0.050159,112.37,0.055,0.0,ETH-27MAR20-520-C,177.25,108.71,0.044,562.0,0.051,240.0,112.86,0.30956,-0.09833,0.09985,0.00178,0.16533
8271.54,SYN.BTC-11OCT19,1570013943772,open,0.0,204.7,0.0005,0.0165,0.00488861,84.65,0.004,0.0,BTC-11OCT19-10000-C,8268.45,80.81,0.004,0.1,0.0055,12.1,87.09,2.00876,-9.5789,0.16132,0.00014,0.08509
8269.1,SYN.BTC-4OCT19,1570013943774,open,0.15,27.0,0.1365,0.175,0.15457095,126.77,0.1445,0.0,BTC-4OCT19-7000-C,8268.45,0.0,0.1475,6.0,0.1555,0.6,142.46,0.40476,-13.67776,0.34645,9e-05,0.96987
8386.87,BTC-27MAR20,1570013943785,open,0.03,138.9,0.0085,0.059,0.02857598,97.31,0.0275,0.0,BTC-27MAR20-24000-C,8268.45,96.11,0.027,6.0,0.03,10.0,98.37,11.15664,-3.06911,3.41111,3e-05,0.11251
8386.87,BTC-27MAR20,1570013943788,open,0.02,102.7,0.0045,0.043,0.018275,101.77,0.018,0.0,BTC-27MAR20-30000-C,8268.45,100.44,0.017,6.0,0.0195,10.0,103.0,8.20084,-2.35921,2.27472,2e-05,0.07424
8269.1,SYN.BTC-4OCT19,1570013943801,open,0.58,0.0,0.5415,0.604,0.57213687,189.57,None,0.0,BTC-4OCT19-13000-P,8268.45,0.0,0.05,1.0,0.0,0.0,0.0,0.01159,-0.58589,-0.66783,0.0,-0.99945
8288.57,SYN.BTC-29NOV19,1570013943861,open,0.0,0.778,0.871,0.82155823,93.77,None,0.0,BTC-29NOV19-15000-P,8268.45,0.0,0.0,0.0,0.0,0.0,0.0,4.92799,-3.99196,-22.88266,5e-05,-0.91954
8288.57,SYN.BTC-29NOV19,1570013943866,open,0.31,0.0,0.28,0.338,0.30930404,93.29,None,0.0,BTC-29NOV19-6000-C,8268.45,0.0,0.055,0.1,0.0,0.0,0.0,7.54333,-6.07984,7.16408,7e-05,0.85441
8386.87,BTC-27MAR20,1570013943877,open,0.57,44.2,0.489,0.626,0.55821505,89.44,0.565,0.0,BTC-27MAR20-12000-P,8268.45,77.19,0.526,2.0,0.5895,2.0,100.96,22.49337,-5.68703,-47.24043,7e-05,-0.60414
8276.4,SYN.BTC-25OCT19,1570013943880,open,1.07,0.0,1.014,1.0995,1.05482434,114.55,None,0.0,BTC-25OCT19-17000-P,8268.45,0.0,0.0005,1.0,0.0,0.0,0.0,0.50236,-1.25775,-10.61199,1e-05,-0.99103
8269.1,SYN.BTC-4OCT19,1570013943883,open,0.0,351.3,0.0005,0.0105,2.488e-05,145.01,0.0005,0.0,BTC-4OCT19-6000-P,8268.45,0.0,0.0,0.0,0.001,11.0,218.73,0.01721,-0.20572,-0.00037,0.0,-0.00085
8271.54,SYN.BTC-11OCT19,1570013943970,open,0.0,22.2,0.0005,0.0125,0.00257186,88.02,0.004,0.0,BTC-11OCT19-10500-C,8268.45,84.05,0.002,0.1,0.003,3.0,90.67,1.27731,-6.33353,0.09041,9e-05,0.04752
8269.1,SYN.BTC-4OCT19,1570013943974,open,0.52,0.0,0.482,0.5425,0.51167091,174.6,None,0.0,BTC-4OCT19-12500-P,8268.45,0.0,0.01,2.0,0.0,0.0,0.0,0.01248,-0.58069,-0.64211,0.0,-0.9994
8269.1,SYN.BTC-4OCT19,1570013943974,open,0.0,153.5,0.0005,0.0105,0.00010929,144.99,0.0005,0.0,BTC-4OCT19-11000-C,8268.45,0.0,0.0,0.0,0.0005,0.1,172.07,0.06286,-0.90371,0.00146,1e-05,0.00353
8276.4,SYN.BTC-25OCT19,1570013943980,open,0.18,9.3,0.152,0.2075,0.18043849,88.3,0.185,0.0,BTC-25OCT19-7000-C,8268.45,41.98,0.1565,6.0,0.203,7.0,118.93,5.67004,-10.94274,3.25198,0.00015,0.80738
8276.4,SYN.BTC-25OCT19,1570013943982,open,0.35,27.9,0.307,0.3765,0.34016969,86.7,0.35,0.0,BTC-25OCT19-11000-P,8268.45,0.0,0.317,3.0,0.3705,3.0,132.86,4.01287,-7.60437,-6.3569,0.00011,-0.88536
8269.1,SYN.BTC-4OCT19,1570013944005,open,0.1,96.5,0.0675,0.1165,0.09054373,82.95,0.09,0.0,BTC-4OCT19-9000-P,8268.45,49.85,0.0885,6.7,0.092,0.1,94.79,0.89422,-19.77292,-0.42876,0.00031,-0.91844
8288.57,SYN.BTC-29NOV19,1570013944005,open,0.02,966.6,0.007,0.046,0.02299127,90.9,0.0225,0.0,BTC-29NOV19-13000-C,8268.45,89.79,0.022,20.0,0.0235,8.1,91.46,7.48835,-5.88066,1.59065,8e-05,0.14402
8271.54,SYN.BTC-11OCT19,1570013944023,open,0.04,78.9,0.0125,0.061,0.03559731,82.29,0.04,0.0,BTC-11OCT19-8000-P,8268.45,77.04,0.0325,24.0,0.038,7.0,86.36,4.88223,-22.63371,-0.82158,0.00036,-0.37287
8271.54,SYN.BTC-11OCT19,1570013944054,open,0.0,15.9,0.0005,0.0115,0.0016932,109.57,0.003,0.0,BTC-11OCT19-6000-P,8268.45,100.63,0.001,8.0,0.0025,31.0,117.48,0.74711,-4.61139,-0.05315,4e-05,-0.02473
8386.87,BTC-27MAR20,1570013944063,open,0.01,22.4,0.003,0.037,0.01457521,104.66,0.016,0.0,BTC-27MAR20-34000-C,8268.45,102.69,0.013,6.0,0.016,10.0,106.34,6.93214,-2.05094,1.83602,2e-05,0.05975
177.26,SYN.ETH-11OCT19,1570013944087,open,0.11,3.0,0.083,0.151,0.119222,98.17,0.09,0.0,ETH-11OCT19-160-C,177.25,82.17,0.112,30.0,0.128,30.0,116.17,0.0835,-0.4618,0.02814,0.01113,0.77209
8271.53,SYN.BTC-11OCT19,1570013944096,open,0.02,295.4,0.0035,0.0365,0.01693551,85.18,0.02,0.0,BTC-11OCT19-7500-P,8268.45,81.95,0.0155,24.0,0.0175,1.0,86.42,3.72582,-17.87779,-0.4581,0.00026,-0.21081
8298.3,BTC-27DEC19,1570013944113,open,0.07,385.1,0.038,0.1025,0.06946998,90.54,0.0705,0.0,BTC-27DEC19-6500-P,8268.45,89.16,0.0675,20.3,0.0715,35.0,91.95,11.8853,-6.26532,-5.63103,8e-05,-0.21895
8298.3,BTC-27DEC19,1570013944113,open,0.25,54.9,0.207,0.286,0.24814441,89.33,0.26,0.0,BTC-27DEC19-7000-C,8268.45,85.19,0.2415,20.9,0.2505,18.4,90.8,13.33739,-6.93721,9.38504,9e-05,0.72884
8298.3,BTC-27DEC19,1570013944121,open,2.16,0.0,2.0725,2.209,2.13722566,105.92,None,0.0,BTC-27DEC19-26000-P,8268.45,0.0,0.006,10.0,2.76,0.2,500.0,2.32481,-1.43373,-60.76961,1e-05,-0.97535
8298.3,BTC-27DEC19,1570013944136,open,2.64,0.2,2.5445,2.697,2.61736161,107.55,2.03,0.0,BTC-27DEC19-30000-P,8268.45,0.0,0.0,0.0,0.0,0.0,0.0,1.41978,-0.88909,-70.35534,1e-05,-0.98619
178.91,ETH-27MAR20,1570013944176,open,2.42,0.0,2.271,2.523,2.392279,114.43,None,0.0,ETH-27MAR20-600-P,177.25,0.0,0.02,10.0,0.0,0.0,0.0,0.26512,-0.08576,-2.82731,0.00149,-0.86882
8298.3,BTC-27DEC19,1570013944190,open,0.01,386.4,0.0005,0.02,0.00682593,101.08,0.006,0.0,BTC-27DEC19-22000-C,8268.45,99.05,0.006,0.5,0.0075,22.0,102.63,3.51292,-2.06747,0.65999,2e-05,0.04063
8298.3,BTC-27DEC19,1570013944190,open,0.12,231.0,0.0765,0.158,0.11755251,88.2,0.1205,0.0,BTC-27DEC19-7500-P,8268.45,86.46,0.1145,21.8,0.1215,48.3,90.46,14.50942,-7.45136,-8.66445,0.0001,-0.32623
8298.3,BTC-27DEC19,1570013944195,open,0.03,878.3,0.01,0.0475,0.02641518,97.79,0.0265,0.0,BTC-27DEC19-5000-P,8268.45,96.06,0.025,31.0,0.0275,30.0,99.09,6.85092,-3.90064,-2.3882,4e-05,-0.09591
8269.1,SYN.BTC-4OCT19,1570013944199,open,0.18,0.2,0.1675,0.2035,0.18435596,137.64,0.1925,0.0,BTC-4OCT19-6750-C,8268.45,0.0,0.0,0.0,0.2005,0.6,293.01,0.25714,-9.43427,0.33913,5e-05,0.98242
8386.87,BTC-27MAR20,1570013944203,open,1.22,0.0,1.1295,1.276,1.19984778,93.04,0.8095,0.0,BTC-27MAR20-18000-P,8268.45,62.26,1.156,1.0,1.2555,1.0,118.28,16.15639,-4.2493,-81.43263,5e-05,-0.80381
8298.3,BTC-27DEC19,1570013944203,open,3.37,1.3,3.2535,3.433,3.33977301,115.35,2.2,0.0,BTC-27DEC19-36000-P,8268.45,0.0,0.01,1.0,0.0,0.0,0.0,1.03189,-0.69303,-84.54254,1e-05,-0.99044
8298.3,BTC-27DEC19,1570013944207,open,0.42,66.8,0.398,0.45,0.42387923,97.78,0.4155,0.0,BTC-27DEC19-5000-C,8268.45,67.32,0.404,11.0,0.4425,11.0,118.32,6.85064,-3.90034,9.37575,4e-05,0.9041
8269.1,SYN.BTC-4OCT19,1570013944207,open,0.21,0.0,0.198,0.232,0.21425281,144.41,None,0.0,BTC-4OCT19-6500-C,8268.45,0.0,0.0,0.0,0.0,0.0,0.0,0.1402,-5.39695,0.33019,3e-05,0.99128
8298.3,BTC-27DEC19,1570013944211,open,0.0,227.3,0.0005,0.012,0.00246741,121.94,0.0035,0.0,BTC-27DEC19-2500-P,8268.45,118.11,0.002,24.0,0.003,1.0,125.8,1.07838,-0.76565,-0.24458,1e-05,-0.01006
8298.3,BTC-27DEC19,1570013944234,open,0.01,483.6,0.003,0.0315,0.01307038,95.45,0.0115,0.0,BTC-27DEC19-18000-C,8268.45,93.86,0.012,24.0,0.0145,47.0,97.48,5.68666,-3.16048,1.20537,4e-05,0.07481
8298.3,BTC-27DEC19,1570013944239,open,0.01,440.4,0.0025,0.0255,0.01214635,105.78,0.011,0.0,BTC-27DEC19-4000-P,8268.45,103.3,0.011,36.0,0.013,23.0,107.56,3.92336,-2.41633,-1.1468,2e-05,-0.04659
8298.3,BTC-27DEC19,1570013944247,open,0.13,194.9,0.0925,0.1775,0.13655687,87.77,0.1335,0.0,BTC-27DEC19-9000-C,8268.45,86.19,0.1335,16.9,0.138,17.3,88.52,16.05391,-8.20438,7.26883,0.00011,0.50886
8298.3,BTC-27DEC19,1570013944247,open,0.01,258.1,0.0005,0.0185,0.0078968,111.14,0.0085,0.0,BTC-27DEC19-3500-P,8268.45,108.39,0.007,34.0,0.009,40.0,114.31,2.79,-1.80543,-0.75314,2e-05,-0.03068
8298.3,BTC-27DEC19,1570013944247,open,0.0,594.7,0.0005,0.0115,0.00151415,115.18,0.0015,0.0,BTC-27DEC19-36000-C,8268.45,110.35,0.001,24.0,0.002,27.0,118.74,1.02164,-0.68514,0.15506,1e-05,0.00946
8298.3,BTC-27DEC19,1570013944255,open,1.43,4.6,1.365,1.48,1.41898854,97.6,1.466,0.0,BTC-27DEC19-20000-P,8268.45,0.0,0.006,5.0,2.074,0.2,500.0,4.31265,-2.45067,-46.20398,3e-05,-0.94755
8298.3,BTC-27DEC19,1570013944257,open,0.73,268.3,0.6685,0.775,0.71953983,90.84,0.7205,0.0,BTC-27DEC19-14000-P,8268.45,0.0,0.6845,2.0,0.761,2.0,119.83,10.06468,-5.32345,-30.31418,7e-05,-0.83313
8298.3,BTC-27DEC19,1570013944257,open,0.0,534.6,0.0005,0.011,0.00100807,117.0,0.001,0.0,BTC-27DEC19-40000-C,8268.45,109.59,0.0005,24.1,0.0015,11.0,121.81,0.72747,-0.49556,0.10582,0.0,0.00643
8298.3,BTC-27DEC19,1570013944257,open,0.53,31.1,0.5125,0.5495,0.53011759,105.77,0.6265,0.0,BTC-27DEC19-4000-C,8268.45,0.0,0.019,1.2,0.558,0.2,149.87,3.92301,-2.416,8.26439,2e-05,0.95341
8298.3,BTC-27DEC19,1570013944257,open,0.37,73.3,0.3445,0.404,0.37437833,94.6,0.491,0.0,BTC-27DEC19-5500-C,8268.45,0.0,0.007,2.1,0.4875,1.0,187.85,8.52065,-4.6931,9.674,6e-05,0.86987
8298.3,BTC-27DEC19,1570013944257,open,2.4,0.1,2.3085,2.453,2.37729166,107.52,1.49,0.0,BTC-27DEC19-28000-P,8268.45,0.0,0.0,0.0,0.0,0.0,0.0,1.88051,-1.17727,-65.5635,1e-05,-0.98082
8298.3,BTC-27DEC19,1570013944257,open,0.05,1135.6,0.0255,0.0805,0.05148118,92.33,0.051,0.0,BTC-27DEC19-6000-P,8268.45,90.72,0.0495,19.3,0.053,19.4,93.56,10.24524,-5.5076,-4.35455,7e-05,-0.17156
8298.3,BTC-27DEC19,1570013944277,open,0.01,775.4,0.0005,0.024,0.00884472,97.58,0.008,0.0,BTC-27DEC19-20000-C,8268.45,95.9,0.008,34.0,0.0095,1.0,98.81,4.30929,-2.44821,0.85042,3e-05,0.0524
8298.3,BTC-27DEC19,1570013944280,open,0.47,4.1,0.4545,0.499,0.4760078,101.59,0.578,0.0,BTC-27DEC19-4500-C,8268.45,0.0,0.0125,1.1,0.8945,1.0,500.0,5.30525,-3.13806,8.89616,3e-05,0.93166
8298.3,BTC-27DEC19,1570013944303,open,1.2,9.4,1.1305,1.241,1.18219981,95.47,1.1125,0.0,BTC-27DEC19-18000-P,8268.45,0.0,0.006,5.0,1.8475,0.2,500.0,5.68916,-3.16237,-41.14365,4e-05,-0.92515
8298.3,BTC-27DEC19,1570013944312,open,0.02,546.6,0.006,0.0355,0.01829016,101.6,0.018,0.0,BTC-27DEC19-4500-P,8268.45,99.55,0.017,2.0,0.0195,24.0,103.46,5.30557,-3.13838,-1.69141,3e-05,-0.06834
8298.3,BTC-27DEC19,1570013944314,open,0.64,0.0,0.6325,0.6565,0.6433996,117.48,None,0.0,BTC-27DEC19-3000-C,8268.45,0.0,0.007,1.2,0.916,0.5,500.0,1.88331,-1.28825,6.58718,1e-05,0.98079
8298.3,BTC-27DEC19,1570013944317,open,0.0,334.4,0.0005,0.0105,0.00076411,124.87,0.0005,0.0,BTC-27DEC19-48000-C,8268.45,0.0,0.0,0.0,0.0015,10.0,133.27,0.55381,-0.40263,0.07741,0.0,0.00473
8298.3,BTC-27DEC19,1570013944317,open,0.0,490.6,0.0005,0.013,0.00309032,107.45,0.002,0.0,BTC-27DEC19-28000-C,8268.45,104.64,0.0025,24.0,0.004,15.3,111.13,1.87375,-1.17226,0.31248,1e-05,0.0191
8298.3,BTC-27DEC19,1570013944317,open,2.88,0.3,2.781,2.943,2.85846147,112.44,1.875,0.0,BTC-27DEC19-32000-P,8268.45,0.0,0.002,1.0,0.0,0.0,0.0,1.42145,-0.93056,-75.06218,1e-05,-0.98617
8298.3,BTC-27DEC19,1570013944317,open,0.0,241.9,0.0005,0.0105,0.00070134,145.0,0.001,0.0,BTC-27DEC19-1500-P,8268.45,139.38,0.0005,1.2,0.001,7.9,151.55,0.33335,-0.28143,-0.06614,0.0,-0.00269
8298.3,BTC-27DEC19,1570013944325,open,3.85,0.0,3.726,3.9235,3.82128409,117.13,2.58,0.0,BTC-27DEC19-40000-P,8268.45,0.0,0.001,2.0,0.0,0.0,0.0,0.73373,-0.50039,-94.00353,0.0,-0.99351
8298.3,BTC-27DEC19,1570013944325,open,0.03,586.1,0.011,0.0605,0.03243948,90.84,0.0355,0.0,BTC-27DEC19-14000-C,8268.45,89.22,0.0305,19.3,0.034,22.9,92.11,10.06371,-5.32256,2.62411,7e-05,0.16684
8298.3,BTC-27DEC19,1570013944325,open,0.0,98.3,0.0005,0.0105,0.00098597,126.21,0.0025,0.0,BTC-27DEC19-2000-P,8268.45,116.28,0.0005,42.0,0.0015,0.1,133.49,0.5049,-0.37101,-0.1025,0.0,-0.00426
8276.4,SYN.BTC-25OCT19,1570013944327,open,0.01,376.7,0.0005,0.017,0.00567919,90.3,0.0055,0.0,BTC-25OCT19-12000-C,8268.45,88.02,0.005,24.0,0.0065,41.0,92.85,2.56271,-5.05777,0.29711,7e-05,0.06296
177.26,SYN.ETH-11OCT19,1570013944329,open,0.03,12.0,0.005,0.046,0.021901,98.28,0.026,0.0,ETH-11OCT19-160-P,177.25,94.21,0.02,10.0,0.026,467.0,106.82,0.08354,-0.46253,-0.01078,0.01113,-0.2281
8269.1,SYN.BTC-4OCT19,1570013944333,open,0.34,2.7,0.3045,0.359,0.33037879,147.02,0.366,0.0,BTC-4OCT19-11000-P,8268.45,0.0,0.3145,3.0,0.353,3.0,374.66,0.06969,-2.73101,-0.56365,1e-05,-0.99603
8269.1,SYN.BTC-4OCT19,1570013944342,open,0.0,467.2,0.0005,0.0155,0.00306629,103.12,0.003,0.0,BTC-4OCT19-7500-P,8268.45,102.54,0.003,49.6,0.0035,0.5,106.82,0.94109,-25.35544,-0.0384,0.00026,-0.08731
8298.32,BTC-27DEC19,1570013944349,open,0.0,1542.5,0.0005,0.0105,0.00052424,125.36,0.0005,0.0,BTC-27DEC19-52000-C,8268.45,0.0,0.0,0.0,0.001,10.0,132.87,0.40382,-0.29475,0.05465,0.0,0.00332
8271.54,SYN.BTC-11OCT19,1570013944353,open,0.28,0.0,0.245,0.3025,0.27200154,88.12,None,0.0,BTC-11OCT19-10500-P,8268.45,0.0,0.0005,2.0,0.0,0.0,0.0,1.28183,-6.36341,-2.46248,9e-05,-0.95227
8298.32,BTC-27DEC19,1570013944360,open,0.41,261.6,0.3465,0.4535,0.40003454,88.2,0.478,0.0,BTC-27DEC19-11000-P,8268.45,75.5,0.3785,6.5,0.4435,4.0,112.03,14.54471,-7.46894,-20.92661,0.0001,-0.67181
8298.32,BTC-27DEC19,1570013944360,open,0.58,4.0,0.572,0.602,0.58612255,111.14,0.666,0.0,BTC-27DEC19-3500-C,8268.45,0.0,0.021,1.1,0.9435,1.0,500.0,2.78961,-1.80508,7.48166,2e-05,0.96933
177.32,SYN.ETH-29NOV19,1570013944360,open,0.2,1.0,0.161,0.248,0.207888,102.83,0.222,0.0,ETH-29NOV19-160-C,177.25,98.01,0.201,477.0,0.213,477.0,106.4,0.2539,-0.22555,0.13153,0.00495,0.6757
8298.32,BTC-27DEC19,1570013944368,open,0.96,22.0,0.8975,1.005,0.94820534,93.18,1.0275,0.0,BTC-27DEC19-16000-P,8268.45,0.0,0.42,0.2,1.6225,0.2,500.0,7.56811,-4.10599,-35.88924,5e-05,-0.89001
8276.4,SYN.BTC-25OCT19,1570013944376,open,0.03,1151.8,0.009,0.0475,0.02622801,88.31,0.025,0.0,BTC-25OCT19-7000-P,8268.45,85.77,0.0245,32.3,0.0275,42.3,90.16,5.67063,-10.94594,-1.13537,0.00015,-0.19266
8298.32,BTC-27DEC19,1570013944382,open,1.67,4.9,1.6005,1.7225,1.65797782,101.11,1.0385,0.0,BTC-27DEC19-22000-P,8268.45,0.0,0.0075,2.0,2.3015,0.3,500.0,3.51704,-2.07052,-51.0998,2e-05,-0.95931
8298.32,BTC-27DEC19,1570013944388,open,0.76,0.0,0.75,0.7695,0.75997217,126.19,None,0.0,BTC-27DEC19-2000-C,8268.45,0.0,0.02,2.0,0.9345,0.5,500.0,0.5045,-0.37066,4.60312,0.0,0.99574
8298.32,BTC-27DEC19,1570013944388,open,0.82,10.1,0.81,0.8295,0.81994098,144.98,0.8205,0.0,BTC-27DEC19-1500-C,8268.45,0.0,0.8115,1.0,0.828,1.0,216.54,0.33306,-0.28114,3.46307,0.0,0.99732
8298.32,BTC-27DEC19,1570013944390,open,0.0,458.1,0.0005,0.014,0.00403876,105.87,0.003,0.0,BTC-27DEC19-26000-C,8268.45,101.77,0.003,34.0,0.005,51.0,109.07,2.31906,-1.42946,0.40099,1e-05,0.02458
8298.32,BTC-27DEC19,1570013944390,open,0.15,564.7,0.103,0.192,0.14817724,87.78,0.15,0.0,BTC-27DEC19-8000-P,8268.45,87.41,0.1475,3.0,0.1515,27.3,89.57,15.35651,-7.84818,-10.36129,0.00011,-0.38252
8298.32,BTC-27DEC19,1570013944390,open,0.21,110.2,0.1705,0.253,0.21374969,88.2,0.2165,0.0,BTC-27DEC19-7500-C,8268.45,86.91,0.2115,16.9,0.216,8.0,89.49,14.50941,-7.45114,8.98137,0.0001,0.67377
8298.32,BTC-27DEC19,1570013944392,open,0.31,498.5,0.2525,0.357,0.30562967,87.78,0.2975,0.0,BTC-27DEC19-10000-P,8268.45,83.72,0.298,9.5,0.3215,13.0,96.14,15.65574,-8.00119,-17.46863,0.00011,-0.5891
8298.32,BTC-27DEC19,1570013944392,open,0.0,418.7,0.0005,0.0145,0.00492112,117.49,0.0055,0.0,BTC-27DEC19-3000-P,8268.45,113.19,0.004,51.0,0.006,60.0,121.98,1.88368,-1.28859,-0.47122,1e-05,-0.01921
8298.32,BTC-27DEC19,1570013944399,open,4.34,0.0,4.1985,4.414,4.30290037,117.45,3.46,0.0,BTC-27DEC19-44000-P,8268.45,0.0,0.001,2.0,0.0,0.0,0.0,0.48791,-0.33364,-103.45341,0.0,-0.9959
8298.32,BTC-27DEC19,1570013944407,open,0.0,642.0,0.0005,0.016,0.00504195,103.15,0.004,0.0,BTC-27DEC19-24000-C,8268.45,99.8,0.004,34.5,0.006,47.0,105.85,2.78203,-1.67082,0.49846,2e-05,0.03057
8271.54,SYN.BTC-11OCT19,1570013944414,open,0.21,0.2,0.199,0.2385,0.21798112,101.0,0.17,0.0,BTC-11OCT19-6500-C,8268.45,0.0,0.201,5.0,0.2325,5.0,156.38,1.41009,-8.02292,1.46472,8e-05,0.9462
8298.32,BTC-27DEC19,1570013944417,open,0.7,0.0,0.6915,0.711,0.70120013,121.93,None,0.0,BTC-27DEC19-2500-C,8268.45,0.0,0.021,1.1,0.9245,0.5,500.0,1.07798,-0.7653,5.63743,1e-05,0.98994
8298.32,BTC-27DEC19,1570013944423,open,0.0,432.2,0.0005,0.0105,0.00059676,117.0,0.0005,0.0,BTC-27DEC19-44000-C,8268.45,0.0,0.0,0.0,0.001,10.0,122.76,0.47249,-0.32188,0.06565,0.0,0.00396
8298.32,BTC-27DEC19,1570013944426,open,0.28,61.0,0.248,0.3215,0.28617443,90.54,0.3,0.0,BTC-27DEC19-6500-C,8268.45,69.3,0.257,8.0,0.3135,11.0,109.21,11.88519,-6.26507,9.66206,8e-05,0.78106
8288.57,SYN.BTC-29NOV19,1570013944430,open,0.6,0.0,0.547,0.64,0.59144075,90.93,None,0.0,BTC-29NOV19-13000-P,8268.45,0.0,0.0005,2.0,0.0,0.0,0.0,7.49166,-5.88498,-19.02168,8e-05,-0.85588
8269.1,SYN.BTC-4OCT19,1570013944430,open,0.0,477.7,0.0005,0.0105,0.00057555,95.41,0.0005,0.0,BTC-4OCT19-9500-C,8268.45,0.0,0.0,0.0,0.001,31.5,104.45,0.32343,-4.75927,0.00954,0.0001,0.02304
8298.32,BTC-27DEC19,1570013944436,open,0.04,326.3,0.0165,0.062,0.03716748,94.6,0.036,0.0,BTC-27DEC19-5500-P,8268.45,92.97,0.0355,151.0,0.039,62.8,96.37,8.52083,-4.69336,-3.26631,6e-05,-0.13013
8269.1,SYN.BTC-4OCT19,1570013944442,open,0.12,11.0,0.1055,0.146,0.12470516,110.07,0.1225,0.0,BTC-4OCT19-7250-C,8268.45,0.0,0.1185,5.0,0.1255,0.6,120.6,0.55148,-16.18036,0.35326,0.00014,0.95603
177.35,ETH-27DEC19,1570013944449,open,0.66,311.0,0.571,0.717,0.644463,106.48,0.71,0.0,ETH-27DEC19-280-P,177.25,68.68,0.595,17.0,0.69,17.0,133.13,0.28214,-0.17492,-0.57534,0.00358,-0.73432
177.26,SYN.ETH-11OCT19,1570013944462,open,0.08,125.0,0.045,0.113,0.080747,95.25,0.081,0.0,ETH-11OCT19-170-C,177.25,83.64,0.074,229.0,0.088,139.0,107.62,0.10351,-0.55541,0.02406,0.01422,0.63902
177.28,SYN.ETH-25OCT19,1570013944461,open,0.19,959.0,0.132,0.224,0.179192,96.96,0.214,0.0,ETH-25OCT19-200-P,177.25,82.44,0.166,27.0,0.216,22.0,135.23,0.165,-0.3497,-0.09173,0.00864,-0.64634
8271.54,SYN.BTC-11OCT19,1570013944468,open,0.04,59.3,0.0145,0.063,0.03813284,80.53,0.037,0.0,BTC-11OCT19-8500-C,8268.45,73.79,0.034,18.0,0.0375,1.0,79.5,5.08497,-23.0673,0.80576,0.00038,0.43873
178.91,ETH-27MAR20,1570013944472,open,1.34,3.0,1.214,1.42,1.31638,109.24,1.39,0.0,ETH-27MAR20-400-P,177.25,72.39,1.253,6.0,1.377,6.0,134.3,0.39487,-0.12193,-1.79265,0.00233,-0.75107
177.28,SYN.ETH-25OCT19,1570013944479,open,0.28,483.0,0.221,0.316,0.268523,96.99,0.337,0.0,ETH-25OCT19-220-P,177.25,0.0,0.236,17.0,0.306,17.0,141.52,0.13185,-0.27953,-0.11636,0.0069,-0.77869
177.32,SYN.ETH-29NOV19,1570013944489,open,0.11,0.0,0.068,0.151,0.110276,102.86,None,0.0,ETH-29NOV19-160-P,177.25,99.88,0.106,320.0,0.117,498.0,107.56,0.2539,-0.22563,-0.12219,0.00495,-0.3243
8269.1,SYN.BTC-4OCT19,1570013944500,open,0.0,502.0,0.0005,0.011,0.00110609,126.98,0.0015,0.0,BTC-4OCT19-7000-P,8268.45,124.76,0.001,30.0,0.0015,46.5,134.27,0.40702,-9.14638,-0.01336,9e-05,-0.03033
178.9,ETH-27MAR20,1570013944556,open,0.59,19.0,0.56,0.617,0.590167,110.41,0.542,0.0,ETH-27MAR20-80-C,177.25,91.43,0.573,33.0,0.607,33.0,126.37,0.17836,-0.05567,0.2893,0.00104,0.92384
177.28,SYN.ETH-25OCT19,1570013944560,open,0.28,483.0,0.221,0.316,0.268523,96.99,0.337,0.0,ETH-25OCT19-220-P,177.25,0.0,0.235,17.0,0.306,17.0,141.52,0.13185,-0.27953,-0.11636,0.0069,-0.77869
8386.84,BTC-27MAR20,1570013944609,open,0.22,210.0,0.156,0.264,0.21129283,87.46,0.2135,0.0,BTC-27MAR20-8000-P,8268.45,85.99,0.2075,4.9,0.214,0.1,88.51,21.65272,-5.35337,-22.86231,7e-05,-0.35124
177.26,SYN.ETH-11OCT19,1570013944612,open,0.05,104.0,0.013,0.07,0.039842,95.34,0.047,0.0,ETH-11OCT19-170-P,177.25,87.02,0.035,185.0,0.045,186.0,104.15,0.10352,-0.55599,-0.01728,0.01421,-0.36106
8276.4,SYN.BTC-25OCT19,1570013944640,open,0.46,37.4,0.423,0.492,0.45560407,90.36,0.533,0.0,BTC-25OCT19-12000-P,8268.45,0.0,0.4345,2.0,0.4845,2.0,145.19,2.56748,-5.0707,-7.22299,7e-05,-0.93689
8386.84,BTC-27MAR20,1570013944658,open,0.09,321.6,0.049,0.14,0.09324385,90.68,0.093,0.0,BTC-27MAR20-14000-C,8268.45,88.74,0.0885,20.0,0.0965,10.0,92.0,20.59471,-5.27924,8.80599,7e-05,0.30992
8269.1,SYN.BTC-4OCT19,1570013944695,open,0.0,65.5,0.0005,0.0105,2.505e-05,145.0,0.0005,0.0,BTC-4OCT19-11500-C,8268.45,0.0,0.0,0.0,0.0005,11.0,194.74,0.01813,-0.20712,0.00037,0.0,0.0009
8271.54,SYN.BTC-11OCT19,1570013944717,open,0.0,12.6,0.0005,0.0115,0.00154899,92.96,0.0025,0.0,BTC-11OCT19-11000-C,8268.45,79.03,0.0005,49.0,0.0025,38.0,100.84,0.85607,-4.48326,0.05544,6e-05,0.02911
8288.57,SYN.BTC-29NOV19,1570013944717,open,0.22,0.0,0.185,0.2555,0.221653,88.95,None,0.0,BTC-29NOV19-7000-C,8268.45,82.54,0.2135,9.3,0.2255,9.3,91.93,10.63089,-8.16893,6.85838,0.00011,0.74349
8276.4,SYN.BTC-25OCT19,1570013944739,open,0.1,387.4,0.067,0.1285,0.09893518,82.78,0.098,0.0,BTC-25OCT19-8000-C,8268.45,79.22,0.0955,14.4,0.1005,17.8,84.41,7.97539,-14.43092,2.62741,0.00022,0.60547
177.32,SYN.ETH-29NOV19,1570013944741,open,0.18,20.0,0.118,0.217,0.169397,101.73,0.18,0.0,ETH-29NOV19-180-P,177.25,98.29,0.164,320.0,0.176,131.0,105.95,0.27785,-0.2442,-0.16973,0.00548,-0.43428
8386.84,BTC-27MAR20,1570013944750,open,0.02,93.7,0.006,0.0505,0.02311827,97.88,0.0235,0.0,BTC-27MAR20-26000-C,8268.45,97.78,0.023,6.0,0.0235,5.1,98.21,9.74817,-2.69723,2.85809,3e-05,0.09344
177.26,SYN.ETH-11OCT19,1570013944750,open,0.05,94.0,0.021,0.082,0.052241,95.24,0.054,0.0,ETH-11OCT19-180-C,177.25,91.63,0.05,2.0,0.055,179.0,99.67,0.11023,-0.59139,0.0188,0.01515,0.48843
8288.58,SYN.BTC-29NOV19,1570013944772,open,0.28,0.0,0.229,0.322,0.27577049,86.57,None,0.0,BTC-29NOV19-10000-P,8268.45,0.0,0.0005,13.0,0.0,0.0,0.0,12.28636,-9.18937,-12.10266,0.00013,-0.6451
8269.1,SYN.BTC-4OCT19,1570013944815,open,0.04,212.8,0.0185,0.0675,0.04382238,85.83,0.042,0.0,BTC-4OCT19-8000-C,8268.45,78.24,0.042,0.1,0.045,0.7,90.64,2.01202,-46.03583,0.28527,0.00067,0.71514
8269.1,SYN.BTC-4OCT19,1570013944855,open,0.0,314.3,0.0005,0.011,0.00147315,110.22,0.002,0.0,BTC-4OCT19-7250-P,8268.45,102.38,0.001,44.1,0.002,0.5,117.44,0.55359,-12.18165,-0.0194,0.00014,-0.04418
8271.54,SYN.BTC-11OCT19,1570013944873,open,0.07,32.6,0.0365,0.095,0.06575764,80.53,0.065,0.0,BTC-11OCT19-8500-P,8268.45,73.59,0.0615,18.0,0.0675,5.0,83.37,5.08499,-23.06941,-1.26117,0.00038,-0.56126
177.26,SYN.ETH-11OCT19,1570013944885,open,0.08,413.0,0.032,0.103,0.067754,95.33,0.072,0.0,ETH-11OCT19-180-P,177.25,82.86,0.06,222.0,0.073,132.0,103.77,0.11023,-0.59197,-0.02497,0.01513,-0.51151
178.91,ETH-27MAR20,1570013944893,open,0.12,529.0,0.065,0.171,0.119788,107.32,0.118,0.0,ETH-27MAR20-320-C,177.23,105.44,0.115,6.0,0.121,260.0,107.79,0.45777,-0.13887,0.19336,0.00275,0.34282
178.91,ETH-27MAR20,1570013944893,open,0.43,40.0,0.387,0.476,0.435179,104.79,0.459,0.0,ETH-27MAR20-120-C,177.23,76.91,0.386,20.0,0.0,0.0,0.0,0.32774,-0.09708,0.33292,0.00202,0.81918
178.91,ETH-27MAR20,1570013944893,open,0.32,338.0,0.26,0.369,0.319962,102.51,0.332,0.0,ETH-27MAR20-160-C,177.23,98.83,0.311,190.0,0.325,320.0,104.58,0.43552,-0.1262,0.32614,0.00274,0.69614
177.28,SYN.ETH-25OCT19,1570013944894,open,0.43,18.0,0.42,0.46,0.439737,130.01,0.411,0.0,ETH-25OCT19-100-C,177.23,0.0,0.0,0.0,0.0,0.0,0.0,0.02793,-0.07937,0.05921,0.00109,0.97269
177.32,SYN.ETH-29NOV19,1570013944893,open,0.05,40.0,0.019,0.078,0.046711,103.33,0.045,0.0,ETH-29NOV19-260-C,177.23,98.56,0.041,474.0,0.049,274.0,105.19,0.21666,-0.19341,0.05277,0.00421,0.23438
177.26,SYN.ETH-11OCT19,1570013944893,open,0.32,0.0,0.303,0.347,0.324877,131.52,None,0.0,ETH-11OCT19-120-C,177.23,0.0,0.0,0.0,0.0,0.0,0.0,0.01478,-0.10954,0.02813,0.00147,0.9775
8269.1,SYN.BTC-4OCT19,1570013944903,open,0.0,307.0,0.0005,0.0105,0.00065751,137.95,0.001,0.0,BTC-4OCT19-6750-P,8268.45,132.49,0.0005,41.7,0.001,30.5,147.45,0.25961,-5.43699,-0.00783,5e-05,-0.01777
8276.41,SYN.BTC-25OCT19,1570013944944,open,0.0,371.3,0.0005,0.0135,0.00356511,96.31,0.003,0.0,BTC-25OCT19-13000-C,8268.45,93.55,0.003,3.2,0.004,39.0,98.27,1.78102,-3.74935,0.18835,4e-05,0.03988
178.89,ETH-27MAR20,1570013944993,open,0.73,129.0,0.623,0.8,0.713914,106.12,0.74,0.0,ETH-27MAR20-280-P,177.23,96.79,0.689,29.0,0.732,18.0,112.78,0.48304,-0.14491,-1.13355,0.00294,-0.5937
177.26,SYN.ETH-11OCT19,1570013945007,open,0.11,4.0,0.064,0.143,0.103841,95.28,0.089,0.0,ETH-11OCT19-190-P,177.23,77.78,0.094,90.0,0.11,90.0,105.86,0.10209,-0.54793,-0.03261,0.01402,-0.65278
177.28,SYN.ETH-25OCT19,1570013945014,open,0.11,882.0,0.064,0.144,0.104686,96.43,0.105,0.0,ETH-25OCT19-180-P,177.23,93.74,0.102,280.0,0.109,72.0,100.76,0.17676,-0.37256,-0.06463,0.00931,-0.47705
177.28,SYN.ETH-25OCT19,1570013945022,open,0.11,882.0,0.064,0.144,0.104686,96.43,0.105,0.0,ETH-25OCT19-180-P,177.23,93.74,0.102,280.0,0.108,133.0,99.75,0.17676,-0.37256,-0.06463,0.00931,-0.47705
177.28,SYN.ETH-25OCT19,1570013945040,open,0.06,1972.0,0.024,0.083,0.052411,98.37,0.056,0.0,ETH-25OCT19-160-P,177.23,93.24,0.048,345.0,0.055,305.0,101.36,0.15307,-0.32912,-0.03857,0.0079,-0.29477
177.35,ETH-27DEC19,1570013945086,open,0.02,4395.0,0.006,0.043,0.020733,108.95,0.027,0.0,ETH-27DEC19-400-C,177.23,105.65,0.018,320.0,0.022,420.0,110.41,0.15228,-0.0966,0.03357,0.00189,0.10119
178.89,ETH-27MAR20,1570013945112,open,0.54,126.0,0.444,0.608,0.529329,104.72,0.556,0.0,ETH-27MAR20-240-P,177.23,101.03,0.519,300.0,0.544,18.0,110.04,0.49643,-0.14695,-0.90557,0.00306,-0.51542
178.91,ETH-27MAR20,1570013945124,open,0.37,1214.0,0.285,0.429,0.360768,103.69,0.38,0.0,ETH-27MAR20-200-P,177.23,100.83,0.353,300.0,0.373,318.0,108.2,0.48638,-0.14256,-0.67535,0.00302,-0.4182
178.89,ETH-27MAR20,1570013945139,open,0.04,1099.0,0.017,0.06,0.037351,110.45,0.04,0.0,ETH-27MAR20-80-P,177.23,107.04,0.034,320.0,0.041,330.0,114.06,0.17842,-0.0557,-0.09843,0.00104,-0.0762
178.89,ETH-27MAR20,1570013945161,open,0.73,129.0,0.623,0.8,0.71406,106.12,0.74,0.0,ETH-27MAR20-280-P,177.23,96.79,0.689,29.0,0.731,18.0,112.41,0.48304,-0.14491,-1.13355,0.00294,-0.5937
177.25,SYN.ETH-4OCT19,1570013945174,open,0.02,840.0,0.001,0.045,0.01926,91.23,0.016,0.0,ETH-4OCT19-180-C,177.23,83.14,0.017,90.0,0.021,205.0,97.43,0.04966,-1.20775,0.00365,0.03372,0.41975
177.28,SYN.ETH-25OCT19,1570013945310,open,0.28,483.0,0.221,0.316,0.268523,96.91,0.337,0.0,ETH-25OCT19-220-P,177.23,0.0,0.237,17.0,0.306,17.0,141.52,0.13177,-0.27912,-0.11638,0.0069,-0.77894
177.28,SYN.ETH-25OCT19,1570013945484,open,0.28,483.0,0.221,0.316,0.268523,96.91,0.337,0.0,ETH-25OCT19-220-P,177.23,0.0,0.237,17.0,0.307,17.0,142.62,0.13177,-0.27912,-0.11638,0.0069,-0.77894
8386.84,BTC-27MAR20,1570013945579,open,0.38,172.8,0.306,0.4335,0.371071,88.25,0.432,0.0,BTC-27MAR20-10000-P,8268.45,85.35,0.363,4.0,0.3785,16.6,90.93,23.28638,-5.80943,-35.06434,8e-05,-0.49169
8269.1,SYN.BTC-4OCT19,1570013945583,open,0.01,208.4,0.0005,0.0315,0.01195869,80.39,0.0125,0.0,BTC-4OCT19-8500-C,8268.45,72.73,0.01,0.5,0.0125,25.4,82.48,2.13803,-45.81872,0.13374,0.00076,0.3267
8276.41,SYN.BTC-25OCT19,1570013945587,open,0.02,58.1,0.0035,0.0335,0.01550363,84.5,0.017,0.0,BTC-25OCT19-10500-C,8268.45,81.92,0.014,19.3,0.0165,25.0,86.16,4.91763,-9.08259,0.71875,0.00014,0.15407
8386.82,BTC-27MAR20,1570013945677,open,0.03,345.0,0.0125,0.0505,0.02938586,95.31,0.029,0.0,BTC-27MAR20-4000-P,8268.45,93.88,0.028,0.1,0.031,6.0,96.95,8.16844,-2.20081,-4.19615,3e-05,-0.07386
178.9,ETH-27MAR20,1570013945900,open,1.98,0.0,1.844,2.076,1.956659,112.29,None,0.0,ETH-27MAR20-520-P,177.22,0.0,0.005,10.0,0.0,0.0,0.0,0.30912,-0.09812,-2.42019,0.00177,-0.83501
178.9,ETH-27MAR20,1570013945900,open,0.09,520.0,0.048,0.146,0.096875,107.95,0.093,0.0,ETH-27MAR20-360-C,177.22,105.46,0.091,528.0,0.101,268.0,109.67,0.42595,-0.12998,0.167,0.00254,0.28951
178.9,ETH-27MAR20,1570013945900,open,0.04,1202.0,0.015,0.081,0.044243,113.68,0.033,0.0,ETH-27MAR20-560-C,177.22,110.32,0.039,30.0,0.044,240.0,113.53,0.28742,-0.09237,0.08972,0.00163,0.14773
178.9,ETH-27MAR20,1570013945900,open,0.07,1130.0,0.028,0.111,0.067646,110.08,0.072,0.0,ETH-27MAR20-440-C,177.22,107.76,0.063,260.0,0.071,546.0,111.72,0.3633,-0.11305,0.12723,0.00213,0.2144
178.9,ETH-27MAR20,1570013945900,open,1.13,6.0,1.011,1.207,1.109081,107.91,1.165,0.0,ETH-27MAR20-360-P,177.22,89.76,1.069,7.0,1.156,6.0,126.63,0.42585,-0.1299,-1.57759,0.00254,-0.71065
177.33,ETH-27DEC19,1570013945900,open,0.46,0.0,0.436,0.497,0.467752,114.2,None,0.0,ETH-27DEC19-100-C,177.22,0.0,0.0,0.0,0.0,0.0,0.0,0.14528,-0.0966,0.18246,0.00172,0.90509
177.33,ETH-27DEC19,1570013945900,open,0.38,4578.0,0.297,0.43,0.365802,105.49,0.381,0.0,ETH-27DEC19-220-P,177.22,100.87,0.357,500.0,0.377,72.0,111.34,0.33848,-0.20789,-0.38866,0.00434,-0.56575
177.33,ETH-27DEC19,1570013945901,open,0.0,15281.0,0.001,0.014,0.004398,112.77,0.005,0.0,ETH-27DEC19-600-C,177.22,102.07,0.002,1521.0,0.006,5925.0,117.8,0.05076,-0.03333,0.00872,0.00061,0.02529
177.33,ETH-27DEC19,1570013945901,open,0.15,3186.0,0.104,0.202,0.156371,105.33,0.148,0.0,ETH-27DEC19-200-C,177.22,101.52,0.149,340.0,0.155,20.0,104.62,0.34308,-0.21039,0.14669,0.0044,0.50796
177.33,ETH-27DEC19,1570013945901,open,0.06,9643.0,0.029,0.089,0.058187,109.99,0.056,0.0,ETH-27DEC19-120-P,177.22,107.27,0.055,360.0,0.062,624.0,113.22,0.2084,-0.13346,-0.0906,0.00256,-0.15896
178.9,ETH-27MAR20,1570013945901,open,0.92,7.0,0.813,1.001,0.908571,107.35,0.945,0.0,ETH-27MAR20-320-P,177.22,89.9,0.866,8.0,0.965,8.0,128.63,0.4578,-0.13892,-1.35731,0.00275,-0.65708
177.33,ETH-27DEC19,1570013945901,open,3.33,0.0,3.161,3.423,3.286856,110.24,None,0.0,ETH-27DEC19-760-P,177.22,0.0,0.0,0.0,0.0,0.0,0.0,0.01689,-0.01084,-1.78559,0.00021,-0.99294
177.33,ETH-27DEC19,1570013945901,open,0.03,3138.0,0.013,0.054,0.031608,114.12,0.031,0.0,ETH-27DEC19-100-P,177.22,110.89,0.029,120.0,0.034,298.0,117.01,0.14518,-0.09646,-0.05275,0.00172,-0.09482
177.33,ETH-27DEC19,1570013945901,open,0.86,101.0,0.773,0.924,0.847649,106.75,0.513,0.0,ETH-27DEC19-320-P,177.22,0.0,0.006,5.0,0.0,0.0,0.0,0.23275,-0.14466,-0.69196,0.00295,-0.81088
177.26,SYN.ETH-25OCT19,1570013945901,open,0.02,2191.0,0.007,0.043,0.022426,103.27,0.025,0.0,ETH-25OCT19-140-P,177.22,99.01,0.02,741.0,0.024,128.0,105.95,0.10287,-0.23219,-0.01901,0.00506,-0.14871
177.33,ETH-27DEC19,1570013945902,open,0.56,946.0,0.474,0.617,0.546541,105.67,0.3,0.0,ETH-27DEC19-260-P,177.22,79.36,0.505,500.0,0.0,0.0,0.0,0.30428,-0.1872,-0.51509,0.00389,-0.68805
177.33,ETH-27DEC19,1570013945902,open,1.97,37.0,1.85,2.041,1.940823,112.77,0.707,0.0,ETH-27DEC19-520-P,177.22,0.0,0.002,25.0,0.0,0.0,0.0,0.08181,-0.05372,-1.2081,0.00098,-0.95481
177.33,ETH-27DEC19,1570013945902,open,3.1,0.0,2.942,3.191,3.061808,111.41,None,0.0,ETH-27DEC19-720-P,177.22,0.0,0.003,5.0,0.0,0.0,0.0,0.02312,-0.01499,-1.69043,0.00028,-0.9899
177.33,ETH-27DEC19,1570013945902,open,2.65,0.0,2.505,2.729,2.612308,112.77,None,0.0,ETH-27DEC19-640-P,177.22,0.0,0.0,0.0,0.0,0.0,0.0,0.04003,-0.02628,-1.49914,0.00048,-0.98091
177.33,ETH-27DEC19,1570013945902,open,0.38,2.0,0.341,0.417,0.381534,110.04,0.346,0.0,ETH-27DEC19-120-C,177.22,0.0,0.101,1.0,0.0,0.0,0.0,0.20843,-0.13354,0.19169,0.00256,0.84099
177.33,ETH-27DEC19,1570013945902,open,1.08,257.0,0.983,1.14,1.059145,107.38,0.7,0.0,ETH-27DEC19-360-P,177.22,0.0,0.01,2.0,0.0,0.0,0.0,0.18757,-0.11726,-0.80242,0.00236,-0.86414
177.33,ETH-27DEC19,1570013945902,open,0.05,1103.0,0.022,0.088,0.05298,106.51,0.05,0.0,ETH-27DEC19-300-C,177.22,103.73,0.049,320.0,0.054,279.0,107.21,0.25719,-0.15949,0.07127,0.00326,0.2238
177.3,SYN.ETH-29NOV19,1570013945900,open,0.63,0.0,0.551,0.679,0.613721,103.51,None,0.0,ETH-29NOV19-280-P,177.22,0.0,0.0,0.0,0.0,0.0,0.0,0.18742,-0.16759,-0.40211,0.00363,-0.81663
177.33,ETH-27DEC19,1570013945902,open,0.0,4490.0,0.001,0.012,0.002039,114.61,0.001,0.0,ETH-27DEC19-720-C,177.22,106.19,0.001,996.0,0.003,8.0,119.93,0.02775,-0.01852,0.00435,0.00033,0.01246
177.33,ETH-27DEC19,1570013945902,open,0.24,402.0,0.193,0.289,0.245138,105.74,0.24,0.0,ETH-27DEC19-160-C,177.22,100.5,0.236,511.0,0.249,171.0,107.96,0.30913,-0.19032,0.17982,0.00395,0.67615
177.33,ETH-27DEC19,1570013945902,open,0.01,6842.0,0.001,0.017,0.006067,112.77,0.005,0.0,ETH-27DEC19-560-C,177.22,102.34,0.003,520.0,0.007,1822.0,115.23,0.06447,-0.04233,0.01154,0.00077,0.03372
177.33,ETH-27DEC19,1570013945902,open,2.19,0.0,2.068,2.269,2.164018,112.77,0.845,0.0,ETH-27DEC19-560-P,177.22,0.0,0.0,0.0,0.0,0.0,0.0,0.06445,-0.04231,-1.30601,0.00077,-0.96629
177.33,ETH-27DEC19,1570013945902,open,1.74,21.0,1.631,1.811,1.716927,109.64,0.629,0.0,ETH-27DEC19-480-P,177.22,0.0,0.001,7.0,0.0,0.0,0.0,0.09443,-0.06028,-1.11098,0.00116,-0.94591
177.33,ETH-27DEC19,1570013945902,open,0.0,12462.0,0.001,0.012,0.002546,113.71,0.005,0.0,ETH-27DEC19-680-C,177.22,102.56,0.001,1005.0,0.004,2819.0,120.3,0.03322,-0.02199,0.00534,0.00039,0.01534
177.23,SYN.ETH-4OCT19,1570013945900,open,0.0,558.0,0.001,0.011,0.000551,112.17,0.002,0.0,ETH-4OCT19-210-C,177.22,0.0,0.0,0.0,0.001,150.0,123.08,0.00595,-0.09762,0.00017,0.00329,0.01925
177.24,SYN.ETH-11OCT19,1570013945900,open,0.26,0.0,0.245,0.294,0.269503,117.91,None,0.0,ETH-11OCT19-130-C,177.22,0.0,0.0,0.0,0.0,0.0,0.0,0.0227,-0.1508,0.02986,0.00252,0.96228
177.26,SYN.ETH-25OCT19,1570013945902,open,0.33,6.0,0.306,0.357,0.331752,112.56,0.36,0.0,ETH-25OCT19-120-C,177.22,0.0,0.0,0.0,0.0,0.0,0.0,0.05531,-0.13609,0.06717,0.0025,0.93641
178.9,ETH-27MAR20,1570013945903,open,1.77,0.0,1.633,1.855,1.741219,111.38,None,0.0,ETH-27MAR20-480-P,177.22,0.0,0.003,10.0,0.0,0.0,0.0,0.33576,-0.10571,-2.21347,0.00194,-0.812
177.32,ETH-27DEC19,1570013945903,open,0.01,5495.0,0.001,0.025,0.010109,109.65,0.009,0.0,ETH-27DEC19-480-C,177.22,105.41,0.008,500.0,0.011,200.0,111.28,0.09442,-0.06028,0.01835,0.00116,0.05409
177.32,ETH-27DEC19,1570013945903,open,2.87,0.0,2.724,2.96,2.837205,112.52,None,0.0,ETH-27DEC19-680-P,177.22,0.0,0.002,10.0,0.0,0.0,0.0,0.0312,-0.02044,-1.59489,0.00037,-0.98573
177.32,ETH-27DEC19,1570013945903,open,0.03,953.0,0.009,0.056,0.02926,107.6,0.026,0.0,ETH-27DEC19-360-C,177.22,104.44,0.026,320.0,0.031,300.0,109.22,0.18822,-0.11792,0.04477,0.00236,0.13656
177.32,ETH-27DEC19,1570013945903,open,0.06,1609.0,0.03,0.103,0.065664,106.45,0.058,0.0,ETH-27DEC19-280-C,177.22,102.85,0.06,320.0,0.067,268.0,107.29,0.28198,-0.17477,0.08336,0.00358,0.26548
177.32,ETH-27DEC19,1570013945903,open,0.01,7937.0,0.003,0.033,0.014516,109.52,0.013,0.0,ETH-27DEC19-440-C,177.22,105.63,0.012,320.0,0.016,440.0,111.64,0.12076,-0.07701,0.0249,0.00149,0.0742
177.32,ETH-27DEC19,1570013945903,open,0.1,2774.0,0.056,0.135,0.096012,106.93,0.104,0.0,ETH-27DEC19-140-P,177.22,103.58,0.091,96.0,0.101,578.0,110.25,0.26574,-0.16544,-0.13906,0.00336,-0.23732
177.32,ETH-27DEC19,1570013945904,open,2.42,0.0,2.286,2.499,2.38792,112.09,0.953,0.0,ETH-27DEC19-600-P,177.22,0.0,0.0,0.0,0.0,0.0,0.0,0.04928,-0.03216,-1.40322,0.00059,-0.97559
177.32,ETH-27DEC19,1570013945904,open,1.3,16.0,1.198,1.361,1.276405,108.81,1.195,0.0,ETH-27DEC19-400-P,177.22,0.0,0.001,8.0,0.0,0.0,0.0,0.15173,-0.09612,-0.90768,0.00189,-0.89929
177.32,ETH-27DEC19,1570013945904,open,0.0,14460.0,0.001,0.013,0.003218,112.77,0.004,0.0,ETH-27DEC19-640-C,177.22,106.46,0.002,300.0,0.004,3932.0,115.98,0.04002,-0.02628,0.00662,0.00048,0.01909
177.23,SYN.ETH-4OCT19,1570013945902,open,0.32,0.0,0.303,0.343,0.323002,192.61,None,0.0,ETH-4OCT19-120-C,177.22,0.0,0.0,0.0,0.0,0.0,0.0,0.00077,-0.03957,0.00615,0.00025,0.99809
177.24,SYN.ETH-11OCT19,1570013945900,open,0.0,17.0,0.001,0.012,0.002888,117.26,0.007,0.0,ETH-11OCT19-130-P,177.22,109.47,0.002,300.0,0.004,150.0,125.29,0.02235,-0.14762,-0.00172,0.0025,-0.037
177.23,SYN.ETH-4OCT19,1570013945900,open,0.09,55.0,0.042,0.112,0.077047,91.34,0.075,0.0,ETH-4OCT19-190-P,177.22,0.0,0.071,30.0,0.08,30.0,107.45,0.02983,-0.72636,-0.00843,0.02023,-0.84841
177.26,SYN.ETH-25OCT19,1570013945901,open,0.01,1251.0,0.003,0.032,0.014251,96.94,0.016,0.0,ETH-25OCT19-240-C,177.22,92.52,0.012,540.0,0.014,120.0,96.46,0.09377,-0.19868,0.01284,0.00491,0.12979
177.24,SYN.ETH-11OCT19,1570013945901,open,0.0,153.0,0.001,0.011,0.001847,131.49,0.002,0.0,ETH-11OCT19-120-P,177.22,119.36,0.001,503.0,0.003,450.0,143.35,0.01479,-0.10952,-0.00105,0.00147,-0.0225
177.23,SYN.ETH-4OCT19,1570013945901,open,0.26,0.0,0.244,0.288,0.266634,164.58,None,0.0,ETH-4OCT19-130-C,177.22,0.0,0.0,0.0,0.0,0.0,0.0,0.00138,-0.06033,0.00665,0.00052,0.99638
177.3,SYN.ETH-29NOV19,1570013945900,open,0.03,42.0,0.012,0.062,0.034632,103.68,0.035,0.0,ETH-29NOV19-280-C,177.22,99.18,0.03,488.0,0.038,488.0,106.8,0.18778,-0.16819,0.04197,0.00363,0.18394
177.32,ETH-27DEC19,1570013945904,open,0.0,4118.0,0.001,0.011,0.001543,114.63,0.002,0.0,ETH-27DEC19-760-C,177.22,0.0,0.0,0.0,0.003,1629.0,123.63,0.02224,-0.01484,0.00339,0.00026,0.00966
177.24,SYN.ETH-11OCT19,1570013945902,open,0.31,0.0,0.261,0.344,0.30036,95.15,None,0.0,ETH-11OCT19-230-P,177.22,0.0,0.0,0.0,0.0,0.0,0.0,0.0268,-0.14365,-0.05405,0.00369,-0.95371
177.23,SYN.ETH-4OCT19,1570013945900,open,0.0,781.0,0.001,0.011,0.001135,95.55,0.006,0.0,ETH-4OCT19-200-C,177.22,0.0,0.0,0.0,0.002,150.0,106.95,0.01134,-0.2011,0.00037,0.00736,0.04179
177.23,SYN.ETH-4OCT19,1570013945902,open,0.0,327.0,0.001,0.011,0.000474,149.94,0.001,0.0,ETH-4OCT19-140-P,177.22,0.0,0.0,0.0,0.001,150.0,167.61,0.00405,-0.08407,-0.00012,0.00167,-0.0123
177.3,SYN.ETH-29NOV19,1570013945900,open,0.45,0.0,0.427,0.479,0.453786,116.38,None,0.0,ETH-29NOV19-100-C,177.22,0.0,0.0,0.0,0.0,0.0,0.0,0.09597,-0.09649,0.13356,0.00165,0.92887
177.3,SYN.ETH-29NOV19,1570013945900,open,0.35,0.0,0.324,0.391,0.359126,109.66,None,0.0,ETH-29NOV19-120-C,177.22,0.0,0.0,0.0,0.0,0.0,0.0,0.15173,-0.14375,0.14277,0.00278,0.86698
177.24,SYN.ETH-11OCT19,1570013945902,open,0.0,54.0,0.001,0.012,0.002833,96.1,0.007,0.0,ETH-11OCT19-230-C,177.22,0.0,0.0,0.0,0.003,150.0,97.16,0.02763,-0.14956,0.00195,0.00376,0.04808
177.23,SYN.ETH-4OCT19,1570013945902,open,0.0,11.0,0.001,0.011,5.3e-05,149.95,0.003,0.0,ETH-4OCT19-130-P,177.22,0.0,0.0,0.0,0.001,100.0,212.27,0.00068,-0.00935,-2e-05,0.00028,-0.00166
177.23,SYN.ETH-4OCT19,1570013945900,open,0.0,294.0,0.001,0.012,0.001641,136.75,0.002,0.0,ETH-4OCT19-150-P,177.22,124.89,0.001,3.0,0.002,150.0,142.25,0.01095,-0.29084,-0.00038,0.00496,-0.04
177.26,SYN.ETH-25OCT19,1570013945903,open,0.01,3750.0,0.001,0.021,0.00866,112.31,0.013,0.0,ETH-25OCT19-120-P,177.22,106.7,0.007,420.0,0.01,120.0,116.48,0.05509,-0.13523,-0.00799,0.00249,-0.06325
177.23,SYN.ETH-4OCT19,1570013945902,open,0.15,33.0,0.128,0.183,0.155389,138.28,0.11,0.0,ETH-4OCT19-150-C,177.22,0.0,0.0,0.0,0.0,0.0,0.0,0.0113,-0.41652,0.00731,0.00506,0.95841
177.24,SYN.ETH-11OCT19,1570013945903,open,0.16,0.0,0.132,0.194,0.164294,100.57,None,0.0,ETH-11OCT19-150-C,177.22,0.0,0.0,0.0,0.0,0.0,0.0,0.05741,-0.32526,0.03056,0.00747,0.87337
177.23,SYN.ETH-4OCT19,1570013945900,open,0.14,187.0,0.096,0.166,0.129471,93.49,0.118,0.0,ETH-4OCT19-200-P,177.22,0.0,0.0,0.0,0.0,0.0,0.0,0.01059,-0.2638,-0.00994,0.00701,-0.96162
177.24,SYN.ETH-11OCT19,1570013945900,open,0.01,19.0,0.001,0.018,0.005621,108.73,0.008,0.0,ETH-11OCT19-140-P,177.22,100.35,0.004,300.0,0.007,150.0,114.98,0.03711,-0.22728,-0.00326,0.00447,-0.06999
177.23,SYN.ETH-4OCT19,1570013945901,open,0.26,13.0,0.206,0.282,0.241702,131.52,0.071,0.0,ETH-4OCT19-220-P,177.22,0.0,0.0,0.0,0.0,0.0,0.0,0.00407,-0.1428,-0.0112,0.00192,-0.98763
177.26,SYN.ETH-25OCT19,1570013945901,open,0.0,3917.0,0.001,0.013,0.003827,129.99,0.005,0.0,ETH-25OCT19-100-P,177.22,124.37,0.003,170.0,0.005,420.0,136.87,0.02793,-0.07936,-0.00346,0.00109,-0.02732
177.23,SYN.ETH-4OCT19,1570013945903,open,0.2,2.0,0.151,0.223,0.185303,107.83,0.263,0.0,ETH-4OCT19-210-P,177.22,0.0,0.0,0.0,0.0,0.0,0.0,0.00496,-0.14254,-0.01065,0.00285,-0.98446
177.24,SYN.ETH-11OCT19,1570013945900,open,0.21,0.0,0.188,0.243,0.215822,109.16,None,0.0,ETH-11OCT19-140-C,177.22,0.0,0.0,0.0,0.0,0.0,0.0,0.03738,-0.22988,0.03075,0.00448,0.92933
177.24,SYN.ETH-11OCT19,1570013945900,open,0.01,45.0,0.001,0.018,0.005374,95.31,0.008,0.0,ETH-11OCT19-220-C,177.22,83.96,0.003,300.0,0.006,150.0,97.85,0.04256,-0.22855,0.00338,0.00585,0.08383
177.23,SYN.ETH-4OCT19,1570013945902,open,0.2,40.0,0.186,0.235,0.210639,153.61,0.136,0.0,ETH-4OCT19-140-C,177.22,0.0,0.0,0.0,0.0,0.0,0.0,0.00454,-0.18597,0.00706,0.00183,0.98597
177.3,SYN.ETH-29NOV19,1570013945900,open,0.53,0.0,0.45,0.576,0.513008,103.21,None,0.0,ETH-29NOV19-260-P,177.22,0.0,0.0,0.0,0.0,0.0,0.0,0.21639,-0.19295,-0.35959,0.00421,-0.7661
177.26,SYN.ETH-25OCT19,1570013945900,open,0.23,12.0,0.199,0.263,0.2327,103.42,0.192,0.0,ETH-25OCT19-140-C,177.22,0.0,0.0,0.0,0.0,0.0,0.0,0.103,-0.23282,0.06869,0.00506,0.85102
177.26,SYN.ETH-25OCT19,1570013945901,open,0.0,5308.0,0.001,0.013,0.003978,99.13,0.003,0.0,ETH-25OCT19-280-C,177.22,88.63,0.002,300.0,0.004,120.0,99.23,0.04046,-0.08767,0.00432,0.00207,0.04289
177.23,SYN.ETH-4OCT19,1570013945901,open,0.0,339.0,0.001,0.011,0.000533,137.0,0.001,0.0,ETH-4OCT19-220-C,177.22,0.0,0.0,0.0,0.001,100.0,150.28,0.005,-0.0944,0.00014,0.00226,0.0157
177.24,SYN.ETH-11OCT19,1570013945903,open,0.26,0.0,0.207,0.289,0.246486,94.73,None,0.0,ETH-11OCT19-220-P,177.22,0.0,0.0,0.0,0.0,0.0,0.0,0.04201,-0.22418,-0.05017,0.00581,-0.91762
8288.59,SYN.BTC-29NOV19,1570013946014,open,0.12,27.1,0.0785,0.1565,0.11776335,86.57,0.115,0.0,BTC-29NOV19-8000-P,8268.45,84.44,0.1145,10.0,0.124,25.0,90.65,12.678,-9.48221,-6.69433,0.00013,-0.39159
8276.41,SYN.BTC-25OCT19,1570013946019,open,0.02,565.3,0.0065,0.0435,0.02257991,83.21,0.022,0.0,BTC-25OCT19-10000-C,8268.45,81.0,0.021,19.3,0.0235,14.0,84.47,5.98316,-10.88174,0.97581,0.00017,0.2107
178.9,ETH-27MAR20,1570013946024,open,1.34,3.0,1.215,1.42,1.31638,109.08,1.39,0.0,ETH-27MAR20-400-P,177.22,71.37,1.252,6.0,1.377,6.0,134.26,0.39427,-0.12157,-1.79293,0.00233,-0.75175
177.23,SYN.ETH-4OCT19,1570013946035,open,0.09,55.0,0.043,0.112,0.077047,91.34,0.075,0.0,ETH-4OCT19-190-P,177.22,0.0,0.072,30.0,0.08,30.0,107.45,0.02983,-0.72636,-0.00843,0.02023,-0.84841
178.9,ETH-27MAR20,1570013946049,open,0.73,129.0,0.623,0.8,0.71406,106.21,0.74,0.0,ETH-27MAR20-280-P,177.22,97.19,0.69,18.0,0.731,18.0,112.44,0.48316,-0.14506,-1.13346,0.00293,-0.59338
177.24,SYN.ETH-11OCT19,1570013946057,open,0.05,104.0,0.013,0.07,0.03982,95.23,0.047,0.0,ETH-11OCT19-170-P,177.22,86.95,0.035,305.0,0.045,186.0,104.07,0.10352,-0.55535,-0.01729,0.01423,-0.36125
177.24,SYN.ETH-11OCT19,1570013946064,open,0.11,4.0,0.064,0.143,0.10384,95.13,0.089,0.0,ETH-11OCT19-190-P,177.22,77.61,0.094,90.0,0.111,90.0,107.42,0.10201,-0.54667,-0.03264,0.01404,-0.65338
8386.82,BTC-27MAR20,1570013946080,open,0.13,257.7,0.077,0.1775,0.12741835,89.44,0.127,0.0,BTC-27MAR20-12000-C,8268.45,87.61,0.1225,19.0,0.1305,19.0,90.59,22.49346,-5.68736,10.91055,7e-05,0.39587
177.26,SYN.ETH-25OCT19,1570013946084,open,0.06,1972.0,0.024,0.083,0.052449,98.32,0.056,0.0,ETH-25OCT19-160-P,177.22,93.19,0.048,345.0,0.055,209.0,101.31,0.15308,-0.32898,-0.03858,0.00791,-0.29488
8269.1,SYN.BTC-4OCT19,1570013946090,open,0.0,121.2,0.0005,0.0105,0.00041882,105.23,0.0005,0.0,BTC-4OCT19-9750-C,8268.45,0.0,0.0,0.0,0.0005,0.5,107.91,0.23639,-3.4633,0.00659,6e-05,0.01593
8386.82,BTC-27MAR20,1570013946093,open,0.02,34.0,0.0035,0.0395,0.01623352,103.24,0.0135,0.0,BTC-27MAR20-32000-C,8268.45,101.83,0.015,6.0,0.0175,10.0,104.62,7.5167,-2.19364,2.03459,2e-05,0.0663
177.23,SYN.ETH-4OCT19,1570013946121,open,0.09,623.0,0.07,0.129,0.100343,108.05,0.086,0.0,ETH-4OCT19-160-C,177.22,79.27,0.098,150.0,0.106,30.0,146.76,0.02012,-0.57955,0.0074,0.01154,0.91297
178.9,ETH-27MAR20,1570013946128,open,0.37,1214.0,0.285,0.429,0.360812,103.67,0.38,0.0,ETH-27MAR20-200-P,177.22,100.82,0.353,300.0,0.373,300.0,108.18,0.48636,-0.14254,-0.67536,0.00302,-0.41826
177.23,SYN.ETH-4OCT19,1570013946134,open,0.02,840.0,0.001,0.045,0.019215,91.39,0.016,0.0,ETH-4OCT19-180-C,177.22,79.7,0.016,90.0,0.021,205.0,97.59,0.04964,-1.20942,0.00364,0.03365,0.41926
8271.54,SYN.BTC-11OCT19,1570013946137,open,0.33,0.0,0.322,0.351,0.33581282,119.1,None,0.0,BTC-11OCT19-5500-C,8268.45,0.0,0.0,0.0,0.0,0.0,0.0,0.37384,-2.5083,1.31379,2e-05,0.98899
8271.54,SYN.BTC-11OCT19,1570013946461,open,0.02,295.4,0.0035,0.0365,0.01693526,85.17,0.02,0.0,BTC-11OCT19-7500-P,8268.45,81.95,0.0155,24.0,0.0165,1.0,84.2,3.72564,-17.87541,-0.45806,0.00026,-0.2108
8288.59,SYN.BTC-29NOV19,1570013946550,open,0.0,0.002,0.0285,0.01181006,93.72,None,0.0,BTC-29NOV19-15000-C,8268.45,92.33,0.011,24.0,0.0135,0.5,96.47,4.92218,-3.98535,0.90057,5e-05,0.08033
8269.1,SYN.BTC-4OCT19,1570013946558,open,0.0,543.4,0.0005,0.013,0.00214229,82.84,0.002,0.0,BTC-4OCT19-9000-C,8268.45,76.35,0.0015,0.1,0.0025,2.1,86.03,0.89171,-17.71481,0.03362,0.00031,0.08126
8269.1,SYN.BTC-4OCT19,1570013946602,open,0.19,3.2,0.156,0.206,0.17950699,105.23,0.15,0.0,BTC-4OCT19-9750-P,8268.45,0.0,0.171,4.6,0.1865,4.6,185.13,0.23644,-6.63264,-0.49445,6e-05,-0.98407
8269.1,SYN.BTC-4OCT19,1570013946613,open,0.28,1.9,0.245,0.2995,0.27021583,144.89,0.332,0.0,BTC-4OCT19-10500-P,8268.45,0.0,0.254,3.0,0.2915,3.0,330.03,0.18917,-7.30668,-0.53454,4e-05,-0.9877
178.9,ETH-27MAR20,1570013946772,open,0.73,129.0,0.623,0.8,0.713987,106.21,0.74,0.0,ETH-27MAR20-280-P,177.22,97.57,0.691,11.0,0.731,18.0,112.44,0.48316,-0.14506,-1.13346,0.00293,-0.59338
8288.59,SYN.BTC-29NOV19,1570013946906,open,0.19,0.0,0.1445,0.233,0.18964974,86.57,None,0.0,BTC-29NOV19-9000-P,8268.45,83.32,0.1845,6.9,0.196,29.3,90.58,13.1381,-9.82638,-9.41222,0.00014,-0.52651
177.25,SYN.ETH-25OCT19,1570013946922,open,0.38,302.0,0.321,0.418,0.368207,96.78,0.432,0.0,ETH-25OCT19-240-P,177.22,0.0,0.35,15.0,0.404,14.0,148.32,0.0935,-0.19779,-0.13763,0.00491,-0.87073
177.22,SYN.ETH-4OCT19,1570013946930,open,0.0,133.0,0.001,0.011,0.00031,150.03,0.001,0.0,ETH-4OCT19-230-C,177.22,0.0,0.0,0.0,0.001,100.0,175.51,0.00306,-0.0549,8e-05,0.00126,0.00889
177.33,ETH-27DEC19,1570013946934,open,0.76,1.0,0.671,0.819,0.744721,106.49,0.494,0.0,ETH-27DEC19-300-P,177.22,0.0,0.001,5.0,0.0,0.0,0.0,0.25715,-0.15945,-0.63457,0.00326,-0.77625
177.23,SYN.ETH-11OCT19,1570013946940,open,0.01,307.0,0.001,0.027,0.010523,100.3,0.012,0.0,ETH-11OCT19-150-P,177.22,95.45,0.009,290.0,0.013,1.0,107.67,0.05726,-0.32351,-0.00589,0.00747,-0.12615
177.25,SYN.ETH-25OCT19,1570013946948,open,0.6,3.0,0.535,0.636,0.583603,98.73,0.645,0.0,ETH-25OCT19-280-P,177.22,0.0,0.0,0.0,0.0,0.0,0.0,0.03989,-0.08608,-0.17124,0.00205,-0.95786
178.89,ETH-27MAR20,1570013946974,open,2.2,0.0,2.058,2.3,2.174488,113.58,None,0.0,ETH-27MAR20-560-P,177.22,0.0,0.01,10.0,0.0,0.0,0.0,0.28689,-0.09211,-2.6242,0.00163,-0.85267
177.29,SYN.ETH-29NOV19,1570013946974,open,0.04,2.0,0.015,0.06,0.035898,109.58,0.043,0.0,ETH-29NOV19-120-P,177.22,107.34,0.034,340.0,0.04,283.0,114.3,0.15167,-0.14358,-0.04746,0.00278,-0.13294
177.25,SYN.ETH-25OCT19,1570013947001,open,0.01,802.0,0.001,0.02,0.007624,98.31,0.011,0.0,ETH-25OCT19-260-C,177.22,93.48,0.006,540.0,0.007,120.0,96.53,0.06334,-0.1361,0.00758,0.00327,0.07583
177.22,SYN.ETH-4OCT19,1570013947033,open,0.31,0.0,0.261,0.339,0.298043,145.37,0.093,0.0,ETH-4OCT19-230-P,177.22,0.0,0.0,0.0,0.0,0.0,0.0,0.00252,-0.09781,-0.01176,0.00108,-0.99284
8288.59,SYN.BTC-29NOV19,1570013947048,open,0.1,2.8,0.066,0.14,0.10381763,86.57,0.104,0.0,BTC-29NOV19-9000-C,8268.45,84.16,0.1,14.4,0.104,9.5,86.69,13.13808,-9.8261,4.85848,0.00014,0.47349
177.22,SYN.ETH-4OCT19,1570013947065,open,0.0,970.0,0.001,0.011,3e-06,149.98,0.002,0.0,ETH-4OCT19-120-P,177.22,0.0,0.0,0.0,0.002,316.0,289.85,6e-05,-0.00055,0.0,2e-05,-0.00012
177.25,SYN.ETH-25OCT19,1570013947069,open,0.49,3.0,0.427,0.526,0.474423,98.08,0.534,0.0,ETH-25OCT19-260-P,177.22,0.0,0.0,0.0,0.0,0.0,0.0,0.06298,-0.13501,-0.15543,0.00326,-0.92474
178.89,ETH-27MAR20,1570013947072,open,0.04,5133.0,0.012,0.073,0.038266,114.18,0.037,0.0,ETH-27MAR20-600-C,177.22,111.21,0.034,270.0,0.04,565.0,115.35,0.26383,-0.08516,0.07977,0.00149,0.13028
177.33,ETH-27DEC19,1570013947081,open,0.97,0.0,0.878,1.031,0.952665,107.1,None,0.0,ETH-27DEC19-340-P,177.22,0.0,0.001,5.0,0.0,0.0,0.0,0.20953,-0.13065,-0.74781,0.00264,-0.83971
8269.1,SYN.BTC-4OCT19,1570013947089,open,0.01,216.6,0.0005,0.0205,0.00532424,81.51,0.005,0.0,BTC-4OCT19-8750-C,8268.45,76.9,0.0045,0.4,0.0055,24.4,82.46,1.52282,-33.08633,0.0717,0.00053,0.17406
8271.54,SYN.BTC-11OCT19,1570013947092,open,0.4,0.0,0.3635,0.423,0.39133566,98.44,None,0.0,BTC-11OCT19-11500-P,8268.45,0.0,0.002,2.0,0.0,0.0,0.0,0.60416,-3.35045,-2.75983,4e-05,-0.98077
177.29,SYN.ETH-29NOV19,1570013947103,open,0.27,1.0,0.232,0.311,0.274805,104.05,0.289,0.0,ETH-29NOV19-140-C,177.22,0.0,0.0,0.0,0.0,0.0,0.0,0.20824,-0.18719,0.14243,0.00402,0.78147
8276.41,SYN.BTC-25OCT19,1570013947103,open,0.05,291.1,0.019,0.0685,0.04258387,85.32,0.0465,0.0,BTC-25OCT19-7500-P,8268.45,82.27,0.04,40.3,0.044,19.3,86.98,7.03458,-13.11808,-1.69931,0.00019,-0.28502
8298.34,BTC-27DEC19,1570013947113,open,0.06,691.1,0.0255,0.0905,0.05591313,89.04,0.0555,0.0,BTC-27DEC19-12000-C,8268.45,87.82,0.054,3.5,0.0575,26.4,90.04,13.10026,-6.79158,4.018,9e-05,0.26171
8298.34,BTC-27DEC19,1570013947113,open,0.0,710.8,0.0005,0.012,0.00214604,107.45,0.0025,0.0,BTC-27DEC19-30000-C,8268.45,103.16,0.0015,47.0,0.0025,1.5,109.42,1.41179,-0.88325,0.226,1e-05,0.01372
8298.34,BTC-27DEC19,1570013947113,open,0.51,74.2,0.449,0.5565,0.50199244,89.05,0.496,0.0,BTC-27DEC19-12000-P,8268.45,69.54,0.474,5.5,0.545,3.0,114.34,13.1007,-6.79214,-24.2149,9e-05,-0.73827
8386.8,BTC-27MAR20,1570013947133,open,0.26,91.6,0.204,0.3055,0.25742384,87.46,0.264,0.0,BTC-27MAR20-8000-C,8268.45,85.95,0.2535,10.0,0.2615,8.0,89.04,21.65261,-5.35354,15.90463,7e-05,0.64876
8298.34,BTC-27DEC19,1570013947138,open,4.82,0.0,4.671,4.906,4.78508139,125.28,None,0.0,BTC-27DEC19-48000-P,8268.45,0.0,0.0005,2.0,0.0,0.0,0.0,0.56913,-0.41513,-112.85269,0.0,-0.99512
