underlying_price,underlying_index,timestamp,state,settlement_price,open_interest,min_price,max_price,mark_price,mark_iv,last_price,interest_rate,instrument_name,index_price,bid_iv,best_bid_price,best_bid_amount,best_ask_price,best_ask_amount,ask_iv,vega,theta,rho,gamma,delta
10158.33,SYN.BTC-6SEP19,1566557940101,open,0.0,0.0005,0.0145,0.00416612,88.74,None,0.0,BTC-6SEP19-13500-C,10136.44,83.23,0.003,16.2,0.005,0.5,92.16,2.35019,-7.51474,0.21446,7e-05,0.0597
10158.33,SYN.BTC-6SEP19,1566557940101,open,0.0,0.3035,0.366,0.33312456,88.73,None,0.0,BTC-6SEP19-13500-P,10136.44,0.0,0.0,0.0,0.0,0.0,0.0,2.35011,-7.51439,-4.91765,7e-05,-0.9403
10334.62,BTC-27DEC19,1566557940104,open,0.09,448.1,0.052,0.124,0.08748564,87.11,0.091,0.0,BTC-27DEC19-8000-P,10136.44,85.41,0.0845,4.9,0.089,8.1,87.97,18.18938,-6.29406,-11.12751,6e-05,-0.22473
10147.55,SYN.BTC-30AUG19,1566557940101,open,0.0,434.6,0.0005,0.0115,0.00171128,95.79,0.0015,0.0,BTC-30AUG19-13000-C,10136.44,93.7,0.0015,99.5,0.002,36.3,98.42,1.06362,-7.40925,0.06268,6e-05,0.0345
10158.33,SYN.BTC-6SEP19,1566557940101,open,0.0,0.053,0.1175,0.08543458,85.18,None,0.0,BTC-6SEP19-10500-P,10136.44,78.13,0.08,4.7,0.084,0.4,83.32,7.84844,-24.08869,-2.43936,0.00023,-0.54624
10158.33,SYN.BTC-6SEP19,1566557940101,open,0.0,0.0005,0.0125,0.00267405,90.75,None,0.0,BTC-6SEP19-7500-P,10136.44,85.97,0.002,14.6,0.0035,0.3,95.74,1.55471,-5.08379,-0.14811,4e-05,-0.03568
10158.33,SYN.BTC-6SEP19,1566557940101,open,13.0,0.0065,0.0455,0.02339111,85.4,0.0215,0.0,BTC-6SEP19-11500-C,10136.44,80.7,0.0205,5.1,0.0245,14.6,87.16,6.34766,-19.5335,0.89077,0.00019,0.25406
10479.63,SYN.BTC-27MAR20,1566557940101,open,0.1,15.6,0.0485,0.1445,0.09461382,92.72,0.094,0.0,BTC-27MAR20-20000-C,10136.44,92.11,0.093,0.2,0.0995,14.6,94.55,27.74991,-5.9319,12.30432,5e-05,0.29222
10147.55,SYN.BTC-30AUG19,1566557940104,open,0.06,79.8,0.0365,0.0965,0.06669924,85.0,0.061,0.0,BTC-30AUG19-10500-P,10136.44,76.14,0.062,4.4,0.0655,3.7,82.75,5.40579,-33.41433,-1.26035,0.00033,-0.59264
10158.33,SYN.BTC-6SEP19,1566557940101,open,0.0,0.247,0.2825,0.2643638,90.75,None,0.0,BTC-6SEP19-7500-C,10136.44,0.0,0.01,1.0,0.0,0.0,0.0,1.55476,-5.084,2.70306,4e-05,0.96432
10158.33,SYN.BTC-6SEP19,1566557940102,open,0.0,0.0055,0.042,0.02124969,85.24,None,0.0,BTC-6SEP19-9000-P,10136.44,80.24,0.0185,4.6,0.022,4.1,86.57,5.68438,-17.45926,-0.88729,0.00017,-0.20851
10158.33,SYN.BTC-6SEP19,1566557940102,open,0.2,0.0435,0.102,0.07362099,85.01,0.075,0.0,BTC-6SEP19-10000-C,10136.44,78.32,0.0685,5.0,0.073,4.5,84.2,7.77786,-23.82589,1.91883,0.00023,0.5705
10334.62,BTC-27DEC19,1566557940117,open,1.51,0.0,1.4725,1.6055,1.53482786,96.54,None,0.0,BTC-27DEC19-26000-P,10136.44,0.0,0.0045,10.0,2.298,0.2,500.0,9.81352,-3.76312,-87.15321,3e-05,-0.91052
10334.62,BTC-27DEC19,1566557940120,open,1.33,0.0,1.285,1.415,1.34636875,95.38,None,0.0,BTC-27DEC19-24000-P,10136.44,0.0,0.006,1.0,2.112,0.2,500.0,11.44369,-4.33542,-79.69003,3e-05,-0.88957
190.78,SYN.ETH-6SEP19,1566557940135,open,1.0,0.017,0.074,0.044284,91.27,0.032,0.0,ETH-6SEP19-180-P,190.65,80.99,0.037,200.0,0.044,200.0,90.87,0.13611,-0.44762,-0.02778,0.01078,-0.33879
190.97,ETH-27SEP19,1566557940214,open,0.06,1428.0,0.028,0.089,0.058473,90.43,0.057,0.0,ETH-27SEP19-220-C,190.65,88.28,0.056,110.0,0.062,679.0,93.48,0.2202,-0.28548,0.05447,0.00699,0.357
190.71,SYN.ETH-30AUG19,1566557940216,open,0.07,1153.0,0.04,0.112,0.075987,85.18,0.065,0.0,ETH-30AUG19-200-P,190.65,79.35,0.073,240.0,0.078,200.0,89.07,0.09828,-0.60878,-0.02558,0.01684,-0.63617
190.97,ETH-27SEP19,1566557940220,open,0.04,8507.0,0.018,0.067,0.040598,90.35,0.039,0.0,ETH-27SEP19-160-P,190.65,87.49,0.038,256.0,0.043,391.0,92.96,0.17465,-0.22623,-0.0475,0.00555,-0.2197
190.71,SYN.ETH-30AUG19,1566557940222,open,0.04,41.0,0.016,0.076,0.044672,85.16,0.041,0.0,ETH-30AUG19-190-P,190.65,80.26,0.042,240.0,0.046,1.0,87.6,0.104,-0.64406,-0.01827,0.01782,-0.46395
190.97,ETH-27SEP19,1566557940224,open,1.89,24.0,1.848,2.024,1.93306,127.98,1.356,0.0,ETH-27SEP19-560-P,190.65,0.0,0.0,0.0,0.0,0.0,0.0,0.0098,-0.01798,-0.53413,0.00022,-0.99416
190.97,ETH-27SEP19,1566557940241,open,0.15,949.0,0.099,0.173,0.138474,89.91,0.147,0.0,ETH-27SEP19-180-C,190.65,86.91,0.135,110.0,0.143,302.0,93.81,0.22137,-0.28534,0.09106,0.00707,0.63751
190.97,ETH-27SEP19,1566557940243,open,0.13,3117.0,0.094,0.18,0.138227,89.83,0.144,0.0,ETH-27SEP19-200-P,190.65,86.4,0.134,302.0,0.142,200.0,92.89,0.23541,-0.30318,-0.11846,0.00752,-0.51099
193.33,ETH-27DEC19,1566557940257,open,2.07,0.0,2.017,2.223,2.115201,102.24,0.953,0.0,ETH-27DEC19-600-P,190.65,0.0,0.0,0.0,0.0,0.0,0.0,0.12875,-0.05228,-2.03942,0.00098,-0.94364
193.33,ETH-27DEC19,1566557940257,open,0.06,412.0,0.023,0.089,0.054195,97.8,0.051,0.0,ETH-27DEC19-360-C,190.65,95.31,0.05,174.0,0.058,652.0,100.0,0.33013,-0.12825,0.10602,0.00262,0.21322
193.33,ETH-27DEC19,1566557940279,open,0.37,812.0,0.313,0.448,0.382961,94.28,0.395,0.0,ETH-27DEC19-240-P,190.65,91.28,0.376,48.0,0.393,120.0,98.58,0.45001,-0.16852,-0.61889,0.0037,-0.54529
190.97,ETH-27SEP19,1566557940283,open,2.09,27.0,2.051,2.24,2.142306,130.0,1.044,0.0,ETH-27SEP19-600-P,190.65,0.0,0.0,0.0,0.0,0.0,0.0,0.00707,-0.01317,-0.57264,0.00016,-0.99595
193.33,ETH-27DEC19,1566557940289,open,2.47,0.0,2.417,2.643,2.525151,103.73,None,0.0,ETH-27DEC19-680-P,190.65,0.0,0.0,0.0,0.0,0.0,0.0,0.09624,-0.03965,-2.32418,0.00072,-0.9608
190.97,ETH-27SEP19,1566557940289,open,2.71,0.0,2.661,2.887,2.770322,130.0,None,0.0,ETH-27SEP19-720-P,190.65,0.0,0.0,0.0,0.0,0.0,0.0,0.00192,-0.00358,-0.6878,4e-05,-0.99904
193.33,ETH-27DEC19,1566557940291,open,0.04,1911.0,0.015,0.072,0.040499,98.63,0.049,0.0,ETH-27DEC19-400-C,190.65,96.2,0.037,110.0,0.044,464.0,100.97,0.28412,-0.11131,0.0844,0.00223,0.16708
190.97,ETH-27SEP19,1566557940295,open,2.3,0.0,2.254,2.455,2.351579,130.0,None,0.0,ETH-27SEP19-640-P,190.65,0.0,0.0,0.0,0.0,0.0,0.0,0.00456,-0.0085,-0.61111,0.0001,-0.99751
190.97,ETH-27SEP19,1566557940315,open,0.04,2267.0,0.014,0.063,0.037382,91.52,0.04,0.0,ETH-27SEP19-240-C,190.65,88.05,0.034,366.0,0.04,513.0,94.15,0.18862,-0.24749,0.03927,0.00591,0.2526
190.71,SYN.ETH-30AUG19,1566557940315,open,0.01,1060.0,0.001,0.022,0.006886,85.76,0.005,0.0,ETH-30AUG19-220-C,190.65,78.58,0.005,200.0,0.008,694.0,89.59,0.0536,-0.33426,0.00421,0.00912,0.12407
190.97,ETH-27SEP19,1566557940317,open,1.47,0.0,1.441,1.595,1.514942,122.56,None,0.0,ETH-27SEP19-480-P,190.65,0.0,0.0,0.0,0.0,0.0,0.0,0.01902,-0.03342,-0.45664,0.00045,-0.98756
193.33,ETH-27DEC19,1566557940317,open,0.02,2140.0,0.004,0.034,0.014942,101.98,0.012,0.0,ETH-27DEC19-560-C,190.65,99.42,0.013,100.0,0.017,190.0,104.5,0.15231,-0.0617,0.03666,0.00116,0.06992
193.33,ETH-27DEC19,1566557940323,open,0.11,529.0,0.055,0.143,0.099809,95.03,0.103,0.0,ETH-27DEC19-280-C,190.65,92.81,0.095,184.0,0.102,200.0,96.03,0.42063,-0.15877,0.16696,0.00343,0.35023
193.33,ETH-27DEC19,1566557940325,open,2.88,0.0,2.818,3.065,2.936204,104.11,None,0.0,ETH-27DEC19-760-P,190.65,0.0,0.0,0.0,0.0,0.0,0.0,0.06989,-0.0289,-2.60664,0.00052,-0.9734
190.97,ETH-27SEP19,1566557940325,open,2.5,0.0,2.458,2.671,2.560928,130.0,None,0.0,ETH-27SEP19-680-P,190.65,0.0,0.0,0.0,0.0,0.0,0.0,0.00295,-0.0055,-0.64949,7e-05,-0.99846
190.78,SYN.ETH-6SEP19,1566557940357,open,0.0,0.032,0.099,0.065141,86.62,None,0.0,ETH-6SEP19-190-P,190.65,79.97,0.06,200.0,0.068,200.0,90.32,0.14752,-0.46045,-0.03785,0.01231,-0.45675
10334.62,BTC-27DEC19,1566557940494,open,0.03,255.0,0.01,0.061,0.03130737,94.4,0.0315,0.0,BTC-27DEC19-22000-C,10136.44,93.77,0.0305,6.0,0.034,20.0,96.43,13.42965,-5.03577,3.83105,4e-05,0.1388
190.78,SYN.ETH-6SEP19,1566557940689,open,0.0,0.011,0.061,0.034633,91.27,None,0.0,ETH-6SEP19-210-C,190.65,80.19,0.027,200.0,0.034,228.0,90.36,0.13407,-0.44094,0.02114,0.01062,0.32617
195.69,SYN.ETH-27MAR20,1566557940724,open,0.06,12.0,0.023,0.096,0.056555,99.21,0.051,0.0,ETH-27MAR20-520-C,190.65,96.45,0.051,29.0,0.061,399.0,101.33,0.40296,-0.09216,0.14961,0.00179,0.18523
190.78,SYN.ETH-6SEP19,1566557940787,open,0.0,0.093,0.176,0.135393,91.27,None,0.0,ETH-6SEP19-210-P,190.65,79.06,0.127,240.0,0.137,200.0,93.55,0.13407,-0.44094,-0.05869,0.01062,-0.67383
195.69,SYN.ETH-27MAR20,1566557940809,open,1.68,0.0,1.607,1.826,1.713819,99.21,None,0.0,ETH-27MAR20-520-P,190.65,0.0,0.0,0.0,0.0,0.0,0.0,0.40296,-0.09216,-2.94012,0.00179,-0.81477
195.69,SYN.ETH-27MAR20,1566557940894,open,0.05,11.0,0.018,0.085,0.048205,99.52,0.056,0.0,ETH-27MAR20-560-C,190.65,95.57,0.041,405.0,0.053,405.0,102.01,0.36975,-0.08484,0.13212,0.00163,0.16183
190.78,SYN.ETH-6SEP19,1566557940924,open,10.0,0.006,0.045,0.022887,91.28,0.02,0.0,ETH-6SEP19-220-C,190.65,81.14,0.017,200.0,0.023,260.0,91.47,0.11518,-0.37886,0.01562,0.00912,0.23829
190.78,SYN.ETH-6SEP19,1566557941041,open,0.0,0.133,0.219,0.176064,91.28,None,0.0,ETH-6SEP19-220-P,190.65,75.23,0.167,200.0,0.18,200.0,97.66,0.11518,-0.37886,-0.06801,0.00912,-0.76171
195.69,SYN.ETH-27MAR20,1566557941072,open,0.04,126.0,0.014,0.075,0.040939,99.58,0.037,0.0,ETH-27MAR20-600-C,190.65,96.0,0.035,410.0,0.045,110.0,101.88,0.33735,-0.07745,0.11633,0.00149,0.14099
10334.64,BTC-27DEC19,1566557941108,open,0.05,263.0,0.027,0.082,0.05312769,87.12,0.0505,0.0,BTC-27DEC19-7000-P,10136.43,85.59,0.051,4.9,0.055,13.2,88.46,14.4315,-4.99427,-7.40029,4e-05,-0.15451
10334.64,BTC-27DEC19,1566557941108,open,0.42,63.0,0.381,0.44,0.41082346,87.37,0.4965,0.0,BTC-27DEC19-6500-C,10136.43,0.0,0.355,1.0,0.93,0.5,500.0,12.3507,-4.28633,16.61601,4e-05,0.87703
10334.64,BTC-27DEC19,1566557941108,open,3.99,0.8,3.933,4.1435,4.03405488,108.39,3.59,0.0,BTC-27DEC19-52000-P,10136.43,0.0,0.001,1.0,0.0,0.0,0.0,2.05877,-0.88636,-178.94597,1e-05,-0.9868
10190.16,BTC-27SEP19,1566557941108,open,0.66,261.1,0.647,0.6665,0.65673836,126.05,0.714,0.0,BTC-27SEP19-3500-C,10136.43,0.0,0.161,1.0,0.688,10.0,300.56,0.16803,-0.30365,3.32612,0.0,0.99835
10190.16,BTC-27SEP19,1566557941108,open,0.76,55.9,0.745,0.7645,0.75468366,134.21,0.689,0.0,BTC-27SEP19-2500-C,10136.43,0.0,0.0045,10.0,0.848,5.0,500.0,0.01966,-0.03783,2.38698,0.0,0.99984
10190.16,BTC-27SEP19,1566557941109,open,0.95,0.0,0.9245,1.0105,0.96535744,102.79,0.691,0.0,BTC-27SEP19-20000-P,10136.43,0.0,0.0045,10.0,1.372,0.2,499.98,1.82855,-2.69462,-18.8946,2e-05,-0.9752
10190.16,BTC-27SEP19,1566557941109,open,0.0,586.8,0.0005,0.0105,4.351e-05,125.0,0.0005,0.0,BTC-27SEP19-3000-P,10136.43,0.0,0.0,0.0,0.0005,30.0,157.57,0.04473,-0.08015,-0.00425,0.0,-0.00039
10334.64,BTC-27DEC19,1566557941109,open,0.02,119.1,0.0075,0.038,0.02037962,88.71,0.0225,0.0,BTC-27DEC19-5500-P,10136.43,86.94,0.019,6.0,0.0215,5.1,90.1,8.20306,-2.89041,-3.24281,3e-05,-0.07061
10334.64,BTC-27DEC19,1566557941109,open,0.03,343.6,0.007,0.0505,0.02419649,95.48,0.028,0.0,BTC-27DEC19-24000-C,10136.43,94.85,0.0235,6.0,0.0265,16.0,97.51,11.4719,-4.351,3.08684,3e-05,0.11081
10190.16,BTC-27SEP19,1566557941109,open,0.0,406.8,0.0005,0.0105,6.34e-06,125.0,0.0005,0.0,BTC-27SEP19-2500-P,10136.43,0.0,0.0,0.0,0.0005,42.0,180.24,0.00821,-0.0147,-0.00069,0.0,-6e-05
10334.64,BTC-27DEC19,1566557941109,open,0.49,73.3,0.4665,0.511,0.4881924,88.71,0.4875,0.0,BTC-27DEC19-5500-C,10136.43,0.0,0.255,1.0,0.94,0.5,500.0,8.20364,-2.89076,15.7244,3e-05,0.92939
10190.16,BTC-27SEP19,1566557941109,open,0.0,125.2,0.0005,0.0105,0.00035168,124.99,0.0005,0.0,BTC-27SEP19-3750-P,10136.43,0.0,0.0,0.0,0.001,57.0,141.61,0.26327,-0.47177,-0.02985,0.0,-0.00271
10190.16,BTC-27SEP19,1566557941109,open,0.0,330.4,0.0005,0.011,0.00101209,110.38,0.0015,0.0,BTC-27SEP19-4750-P,10136.43,100.97,0.0005,41.0,0.0015,44.5,116.65,0.69261,-1.09607,-0.08803,1e-05,-0.00803
10334.63,BTC-27DEC19,1566557941109,open,0.01,415.2,0.0005,0.023,0.00796341,103.35,0.008,0.0,BTC-27DEC19-36000-C,10136.43,102.41,0.0075,5.0,0.0085,6.0,104.39,5.20968,-2.13864,1.13502,1e-05,0.03981
10334.63,BTC-27DEC19,1566557941109,open,0.0,304.9,0.0005,0.013,0.00302179,106.7,0.0025,0.0,BTC-27DEC19-48000-C,10136.43,101.77,0.002,26.0,0.004,16.0,110.4,2.46453,-1.0445,0.47222,1e-05,0.01627
10334.63,BTC-27DEC19,1566557941109,open,0.45,294.4,0.3985,0.521,0.46014383,89.69,0.45,0.0,BTC-27DEC19-14000-P,10136.43,0.0,0.006,3.0,1.1895,0.2,499.58,23.05453,-8.21331,-38.59876,7e-05,-0.62286
10334.63,BTC-27DEC19,1566557941109,open,0.61,23.1,0.562,0.687,0.62374719,90.87,0.6755,0.0,BTC-27DEC19-16000-P,10136.43,0.0,0.0045,5.0,1.3725,0.2,499.8,20.78751,-7.5033,-47.52166,6e-05,-0.70961
10190.16,BTC-27SEP19,1566557941109,open,0.02,278.0,0.0065,0.043,0.02167128,91.61,0.025,0.0,BTC-27SEP19-14000-C,10136.43,90.06,0.0205,19.3,0.023,14.6,93.33,7.77329,-10.20903,1.38106,9e-05,0.16351
10190.16,BTC-27SEP19,1566557941109,open,0.71,225.7,0.696,0.7155,0.70565629,127.92,0.693,0.0,BTC-27SEP19-3000-C,10136.43,0.0,0.0045,20.0,0.828,5.0,500.0,0.05606,-0.10282,2.86106,0.0,0.9995
10190.16,BTC-27SEP19,1566557941109,open,0.0,1660.1,0.0005,0.0105,1e-08,125.0,0.0005,0.0,BTC-27SEP19-1500-P,10136.43,0.0,0.0,0.0,0.0005,109.1,245.01,2e-05,-4e-05,0.0,0.0,0.0
10334.63,BTC-27DEC19,1566557941109,open,0.53,65.4,0.512,0.5495,0.52999037,89.78,0.608,0.0,BTC-27DEC19-5000-C,10136.43,0.0,0.33,1.0,0.9035,5.0,500.0,6.30241,-2.24768,14.95396,2e-05,0.94957
10334.63,BTC-27DEC19,1566557941109,open,2.08,0.3,2.0385,2.1845,2.10694672,100.32,1.875,0.0,BTC-27DEC19-32000-P,10136.43,0.0,0.0,0.0,0.0,0.0,0.0,6.47798,-2.58148,-108.87258,2e-05,-0.9478
10334.63,BTC-27DEC19,1566557941109,open,0.0,160.4,0.0005,0.013,0.00318898,95.3,0.002,0.0,BTC-27DEC19-3500-P,10136.43,91.62,0.0025,13.0,0.004,10.0,99.04,2.08483,-0.78917,-0.59106,1e-05,-0.01339
10334.63,BTC-27DEC19,1566557941109,open,0.62,27.7,0.607,0.632,0.6185022,93.15,0.6705,0.0,BTC-27DEC19-4000-C,10136.43,0.0,0.45,1.0,0.65,0.2,150.19,3.21999,-1.19143,12.80257,1e-05,0.97772
10479.1,SYN.BTC-27MAR20,1566557941108,open,2.06,0.0,2.0075,2.1825,2.09028716,96.75,None,0.0,BTC-27MAR20-32000-P,10136.43,0.0,0.0,0.0,0.0,0.0,0.0,17.13524,-3.82225,-184.28893,3e-05,-0.86948
10190.16,BTC-27SEP19,1566557941109,open,1.92,0.0,1.8865,2.0045,1.94436147,120.58,None,0.0,BTC-27SEP19-30000-P,10136.43,0.0,0.0,0.0,0.0,0.0,0.0,0.31898,-0.55143,-28.63561,0.0,-0.99664
10334.63,BTC-27DEC19,1566557941110,open,3.22,0.0,3.175,3.357,3.2617556,106.17,3.46,0.0,BTC-27DEC19-44000-P,10136.43,0.0,0.0,0.0,0.0,0.0,0.0,3.20046,-1.34974,-151.10266,1e-05,-0.97788
10190.16,BTC-27SEP19,1566557941110,open,0.0,373.7,0.0005,0.011,0.00101103,117.56,0.001,0.0,BTC-27SEP19-4500-P,10136.43,107.62,0.0005,20.0,0.0015,24.5,124.19,0.65455,-1.10314,-0.08315,1e-05,-0.00753
10190.16,BTC-27SEP19,1566557941109,open,0.0,49.2,0.0005,0.0105,9.521e-05,124.99,0.0015,0.0,BTC-27SEP19-3250-P,10136.43,0.0,0.0,0.0,0.001,67.0,160.7,0.08778,-0.1573,-0.00885,0.0,-0.00081
10334.63,BTC-27DEC19,1566557941110,open,0.0,384.0,0.0005,0.0115,0.00177919,98.71,0.0015,0.0,BTC-27DEC19-3000-P,10136.43,91.22,0.001,22.2,0.0025,10.0,103.89,1.28416,-0.50353,-0.33732,0.0,-0.00769
10334.63,BTC-27DEC19,1566557941109,open,0.76,0.0,0.749,0.7685,0.7588511,100.58,None,0.0,BTC-27DEC19-2500-C,10136.43,0.0,0.0145,3.0,0.964,0.5,500.0,0.63579,-0.25402,8.47038,0.0,0.99651
10190.16,BTC-27SEP19,1566557941109,open,0.56,289.7,0.5495,0.569,0.55943021,117.89,0.588,0.0,BTC-27SEP19-4500-C,10136.43,0.0,0.002,1.1,0.618,5.0,299.22,0.66394,-1.12217,4.21518,1e-05,0.99235
10190.16,BTC-27SEP19,1566557941109,open,1.33,0.2,1.309,1.407,1.35635787,112.07,1.6,0.0,BTC-27SEP19-24000-P,10136.43,0.0,0.0,0.0,0.0,0.0,0.0,0.89319,-1.43511,-22.83857,1e-05,-0.98926
10334.63,BTC-27DEC19,1566557941109,open,0.96,5.7,0.916,1.0425,0.97637325,93.21,0.661,0.0,BTC-27DEC19-20000-P,10136.43,0.0,0.0045,5.0,1.466,1.0,319.64,15.67545,-5.80383,-64.18238,5e-05,-0.82445
10190.16,BTC-27SEP19,1566557941110,open,0.0,492.7,0.0005,0.0105,4.6e-07,125.0,0.0005,0.0,BTC-27SEP19-2000-P,10136.43,0.0,0.0,0.0,0.0005,73.1,208.28,0.00076,-0.00136,-6e-05,0.0,-1e-05
10334.63,BTC-27DEC19,1566557941110,open,0.0,208.9,0.0005,0.0105,0.00075646,100.59,0.001,0.0,BTC-27DEC19-2500-P,10136.43,95.8,0.0005,8.8,0.001,0.9,104.17,0.63593,-0.25408,-0.15128,0.0,-0.00349
10190.16,BTC-27SEP19,1566557941110,open,0.01,448.5,0.0005,0.016,0.00538131,100.46,0.0055,0.0,BTC-27SEP19-18000-C,10136.43,99.17,0.005,40.0,0.0055,4.0,100.85,3.08027,-4.43638,0.40309,3e-05,0.04678
10190.16,BTC-27SEP19,1566557941109,open,0.64,0.0,0.6225,0.642,0.63236766,125.68,None,0.0,BTC-27SEP19-3750-C,10136.43,0.0,0.0045,10.0,0.6695,10.0,299.74,0.27298,-0.49187,3.55201,0.0,0.99718
10334.63,BTC-27DEC19,1566557941110,open,2.46,1.3,2.417,2.575,2.49140063,103.35,2.2,0.0,BTC-27DEC19-36000-P,10136.43,0.0,0.0005,1.0,0.0,0.0,0.0,5.21107,-2.13935,-123.01601,1e-05,-0.96018
10190.16,BTC-27SEP19,1566557941110,open,0.76,1.0,0.733,0.8155,0.77170459,100.17,0.575,0.0,BTC-27SEP19-18000-P,10136.43,0.0,0.0045,0.3,1.199,0.3,499.75,3.05084,-4.38139,-16.80045,3e-05,-0.95378
10334.63,BTC-27DEC19,1566557941110,open,0.67,4.0,0.655,0.6755,0.66452147,95.29,0.666,0.0,BTC-27DEC19-3500-C,10136.43,0.0,0.0075,0.2,0.978,1.0,500.0,2.0847,-0.78911,11.47926,1e-05,0.98661
10479.1,SYN.BTC-27MAR20,1566557941108,open,0.13,29.1,0.087,0.1765,0.13199481,87.45,0.13,0.0,BTC-27MAR20-8000-P,10136.43,85.1,0.1265,10.0,0.1375,15.0,89.79,24.5519,-4.94976,-22.56497,4e-05,-0.23041
10190.16,BTC-27SEP19,1566557941110,open,0.42,713.5,0.4,0.431,0.41482009,97.41,0.416,0.0,BTC-27SEP19-6000-C,10136.43,0.0,0.0095,10.0,0.5215,0.3,288.17,2.02958,-2.83449,5.42415,2e-05,0.9719
10190.16,BTC-27SEP19,1566557941110,open,0.04,320.3,0.012,0.0575,0.03264233,89.82,0.035,0.0,BTC-27SEP19-13000-C,10136.43,88.05,0.031,24.3,0.034,13.8,91.25,9.56819,-12.32063,1.92311,0.00011,0.23015
10479.1,SYN.BTC-27MAR20,1566557941108,open,1.16,0.0,1.099,1.258,1.17636142,92.68,None,0.0,BTC-27MAR20-22000-P,10136.43,0.0,0.0,0.0,0.0,0.0,0.0,25.55662,-5.46069,-120.07189,4e-05,-0.75205
10190.16,BTC-27SEP19,1566557941111,open,0.0,761.0,0.0005,0.0105,0.00029485,125.0,0.0005,0.0,BTC-27SEP19-32000-C,10136.43,0.0,0.0,0.0,0.001,27.0,140.68,0.27236,-0.48811,0.02457,0.0,0.00282
10190.16,BTC-27SEP19,1566557941111,open,0.0,716.4,0.0005,0.0125,0.00277601,103.32,0.003,0.0,BTC-27SEP19-20000-C,10136.43,98.63,0.002,39.0,0.0035,30.3,106.97,1.87098,-2.77137,0.22113,2e-05,0.02549
10334.63,BTC-27DEC19,1566557941111,open,0.01,349.0,0.0005,0.0185,0.0059379,105.37,0.006,0.0,BTC-27DEC19-40000-C,10136.43,104.25,0.0055,4.0,0.0065,6.5,106.73,4.1534,-1.73842,0.86506,1e-05,0.03021
10334.63,BTC-27DEC19,1566557941111,open,0.01,250.3,0.004,0.0275,0.0138011,89.78,0.016,0.0,BTC-27DEC19-5000-P,10136.43,87.6,0.0125,6.0,0.015,6.1,91.71,6.3025,-2.24773,-2.28934,2e-05,-0.05043
10190.16,BTC-27SEP19,1566557941111,open,0.0,454.6,0.0005,0.0105,0.00050536,122.24,0.001,0.0,BTC-27SEP19-4000-P,10136.43,0.0,0.0,0.0,0.001,33.9,133.03,0.36181,-0.63408,-0.04255,0.0,-0.00386
10190.16,BTC-27SEP19,1566557941111,open,1.53,0.0,1.5015,1.6055,1.55233594,116.91,None,0.0,BTC-27SEP19-26000-P,10136.43,0.0,0.0,0.0,0.0,0.0,0.0,0.68642,-1.15046,-24.77391,1e-05,-0.99205
10190.16,BTC-27SEP19,1566557941111,open,0.47,221.9,0.45,0.4765,0.46250421,102.38,0.4675,0.0,BTC-27SEP19-5500-C,10136.43,0.0,0.46,3.0,0.7475,5.0,500.0,1.36546,-2.00413,5.06242,1e-05,0.98244
10334.63,BTC-27DEC19,1566557941111,open,0.0,230.7,0.0005,0.0145,0.00422212,106.16,0.004,0.0,BTC-27DEC19-44000-C,10136.43,103.68,0.0035,5.0,0.005,8.5,108.53,3.1988,-1.34891,0.63753,1e-05,0.02211
10334.63,BTC-27DEC19,1566557941111,open,0.58,6.5,0.559,0.59,0.5736281,91.45,0.575,0.0,BTC-27DEC19-4500-C,10136.43,0.0,0.012,0.1,0.95,1.0,500.0,4.64947,-1.68899,13.96167,1e-05,0.96536
10190.16,BTC-27SEP19,1566557941111,open,0.54,13.5,0.5245,0.546,0.53489901,110.72,0.382,0.0,BTC-27SEP19-4750-C,10136.43,0.0,0.0045,10.0,0.602,5.0,299.23,0.70307,-1.11598,4.44902,1e-05,0.99183
10190.16,BTC-27SEP19,1566557941111,open,0.52,789.2,0.5,0.523,0.51081326,109.3,0.5015,0.0,BTC-27SEP19-5000-C,10136.43,0.0,0.051,1.0,0.5865,5.0,299.2,0.94189,-1.47588,4.65193,1e-05,0.98859
10334.63,BTC-27DEC19,1566557941111,open,0.02,147.5,0.0035,0.037,0.01551521,97.98,0.0185,0.0,BTC-27DEC19-28000-C,10136.43,96.73,0.0145,4.0,0.017,6.0,99.74,8.52986,-3.31983,2.09515,2e-05,0.0743
10334.63,BTC-27DEC19,1566557941111,open,1.14,4.9,1.0995,1.2275,1.16007457,94.4,1.0385,0.0,BTC-27DEC19-22000-P,10136.43,0.0,0.006,2.0,1.926,0.3,500.0,13.42904,-5.03541,-72.03945,4e-05,-0.86121
10190.16,BTC-27SEP19,1566557941111,open,0.57,34.4,0.5425,0.6225,0.58022631,95.51,0.396,0.0,BTC-27SEP19-16000-P,10136.43,0.0,0.005,1.0,1.0295,0.2,499.99,4.8455,-6.63491,-14.57112,5e-05,-0.91629
10190.16,BTC-27SEP19,1566557941111,open,0.0,287.3,0.0005,0.011,0.00126017,113.35,0.003,0.0,BTC-27SEP19-24000-C,10136.43,110.34,0.001,10.0,0.0015,28.2,115.75,0.95603,-1.55354,0.10077,1e-05,0.01161
10334.63,BTC-27DEC19,1566557941112,open,0.01,297.9,0.003,0.033,0.01322405,99.87,0.0135,0.0,BTC-27DEC19-30000-C,10136.43,99.57,0.013,0.4,0.0135,0.4,100.25,7.58327,-3.00842,1.80206,2e-05,0.06379
10190.16,BTC-27SEP19,1566557941112,open,0.0,143.5,0.0005,0.0105,0.0009801,118.67,0.0015,0.0,BTC-27SEP19-26000-C,10136.43,110.56,0.0005,0.5,0.0015,46.8,124.64,0.75772,-1.28915,0.07705,1e-05,0.00889
10479.1,SYN.BTC-27MAR20,1566557941108,open,2.25,0.0,2.192,2.3715,2.27658544,97.29,None,0.0,BTC-27MAR20-34000-P,10136.43,0.0,0.0,0.0,0.0,0.0,0.0,15.78838,-3.54116,-196.78471,2e-05,-0.88387
10334.63,BTC-27DEC19,1566557941112,open,0.07,232.3,0.038,0.102,0.0691424,87.12,0.07,0.0,BTC-27DEC19-7500-P,10136.43,85.45,0.0665,4.9,0.0705,5.0,87.98,16.4036,-5.67674,-9.19217,5e-05,-0.18877
10147.03,SYN.BTC-30AUG19,1566557941109,open,0.01,795.1,0.0005,0.016,0.004339,85.31,0.0035,0.0,BTC-30AUG19-12000-C,10136.43,81.16,0.0035,30.0,0.0045,15.0,86.06,2.16184,-13.41102,0.15365,0.00013,0.08472
10479.1,SYN.BTC-27MAR20,1566557941108,open,1.51,0.0,1.4575,1.622,1.53636536,94.24,None,0.0,BTC-27MAR20-26000-P,10136.43,0.0,0.0,0.0,0.0,0.0,0.0,21.73132,-4.72161,-146.26037,4e-05,-0.81264
10334.63,BTC-27DEC19,1566557941112,open,0.0,175.8,0.0005,0.0105,0.00035232,125.0,0.0005,0.0,BTC-27DEC19-1500-P,10136.43,0.0,0.0,0.0,0.001,22.0,141.3,0.27199,-0.13505,-0.06126,0.0,-0.00137
10334.63,BTC-27DEC19,1566557941112,open,2.84,0.0,2.796,2.966,2.87642371,105.38,2.58,0.0,BTC-27DEC19-40000-P,10136.43,0.0,0.0005,3.0,0.0,0.0,0.0,4.15512,-1.73929,-137.0805,1e-05,-0.96978
10190.16,BTC-27SEP19,1566557941112,open,1.72,0.0,1.694,1.805,1.74819479,116.7,None,0.0,BTC-27SEP19-28000-P,10136.43,0.0,0.0,0.0,0.0,0.0,0.0,0.40446,-0.67673,-26.71568,0.0,-0.99562
10334.63,BTC-27DEC19,1566557941112,open,0.78,12.4,0.736,0.8615,0.79704205,92.12,0.559,0.0,BTC-27DEC19-18000-P,10136.43,0.0,0.0045,5.0,1.556,0.2,499.62,18.2052,-6.66174,-56.02573,5e-05,-0.77493
10479.1,SYN.BTC-27MAR20,1566557941108,open,0.02,2.4,0.006,0.051,0.02266727,99.12,0.0215,0.0,BTC-27MAR20-40000-C,10136.43,96.37,0.0195,10.0,0.026,10.8,101.79,12.58754,-2.87645,3.89128,2e-05,0.08516
10190.16,BTC-27SEP19,1566557941112,open,0.68,0.5,0.6715,0.691,0.68117573,126.71,0.694,0.0,BTC-27SEP19-3250-C,10136.43,0.0,0.0045,10.0,0.8185,5.0,500.0,0.09866,-0.17922,3.09529,0.0,0.99908
10334.63,BTC-27DEC19,1566557941112,open,1.7,0.1,1.6605,1.7975,1.72485528,97.99,1.49,0.0,BTC-27DEC19-28000-P,10136.43,0.0,0.0045,1.0,0.0,0.0,0.0,8.53066,-3.32025,-94.46679,2e-05,-0.92569
10190.16,BTC-27SEP19,1566557941112,open,0.0,428.2,0.0005,0.0105,0.0005808,119.77,0.0005,0.0,BTC-27SEP19-28000-C,10136.43,0.0,0.0,0.0,0.001,21.2,126.79,0.49285,-0.8463,0.04754,0.0,0.00546
10147.03,SYN.BTC-30AUG19,1566557941109,open,0.27,0.0,0.246,0.2785,0.26166798,104.91,0.256,0.0,BTC-30AUG19-7500-C,10136.43,0.0,0.0,0.0,0.0,0.0,0.0,0.52609,-4.01366,1.3827,3e-05,0.98504
10334.63,BTC-27DEC19,1566557941113,open,0.0,100.7,0.0005,0.0105,0.00075556,116.07,0.0005,0.0,BTC-27DEC19-2000-P,10136.43,110.57,0.0005,6.0,0.001,1.0,120.21,0.55139,-0.25421,-0.13302,0.0,-0.00298
10479.1,SYN.BTC-27MAR20,1566557941108,open,0.03,0.1,0.01,0.0655,0.03219609,97.39,0.0385,0.0,BTC-27MAR20-34000-C,10136.43,96.26,0.0305,1.0,0.034,5.0,98.57,15.82936,-3.55432,5.25274,2e-05,0.11656
10190.16,BTC-27SEP19,1566557941113,open,0.0,422.0,0.0005,0.0105,0.00019011,124.99,0.0005,0.0,BTC-27SEP19-3500-P,10136.43,0.0,0.0,0.0,0.001,57.0,150.8,0.15771,-0.28261,-0.01687,0.0,-0.00154
10147.03,SYN.BTC-30AUG19,1566557941109,open,0.0,404.0,0.0005,0.0105,0.00046381,116.59,0.0005,0.0,BTC-30AUG19-15000-C,10136.43,0.0,0.0,0.0,0.001,23.3,128.55,0.34088,-2.89003,0.01645,2e-05,0.00907
10479.1,SYN.BTC-27MAR20,1566557941108,open,2.43,0.0,2.3775,2.562,2.46433153,98.3,None,0.0,BTC-27MAR20-36000-P,10136.43,0.0,0.0,0.0,0.0,0.0,0.0,14.75769,-3.34465,-209.12489,2e-05,-0.89431
10190.16,BTC-27SEP19,1566557941113,open,0.0,662.1,0.0005,0.0135,0.00359451,97.27,0.0035,0.0,BTC-27SEP19-6000-P,10136.43,94.11,0.003,20.0,0.004,15.0,99.25,2.02028,-2.81728,-0.30705,2e-05,-0.02794
10334.63,BTC-27DEC19,1566557941113,open,0.02,233.1,0.005,0.043,0.01913757,96.67,0.024,0.0,BTC-27DEC19-26000-C,10136.43,95.46,0.018,12.9,0.021,6.0,98.58,9.84796,-3.78148,2.52226,3e-05,0.08991
10479.1,SYN.BTC-27MAR20,1566557941108,open,0.05,0.3,0.018,0.088,0.04822237,95.37,0.0535,0.0,BTC-27MAR20-28000-C,10136.43,94.46,0.0465,0.1,0.0525,8.9,97.55,20.14281,-4.42863,7.34371,3e-05,0.16617
10147.03,SYN.BTC-30AUG19,1566557941109,open,0.41,0.0,0.397,0.4205,0.40876438,131.25,None,0.0,BTC-30AUG19-6000-C,10136.43,0.0,0.0,0.0,0.0,0.0,0.0,0.06048,-0.5773,1.12759,0.0,0.99868
10479.1,SYN.BTC-27MAR20,1566557941108,open,0.03,0.1,0.0085,0.061,0.02909574,98.43,0.034,0.0,BTC-27MAR20-36000-C,10136.43,96.91,0.027,1.0,0.0315,5.0,100.09,14.80405,-3.35936,4.79771,2e-05,0.10615
10334.63,BTC-27DEC19,1566557941113,open,0.81,0.0,0.7975,0.817,0.80723127,116.06,None,0.0,BTC-27DEC19-2000-C,10136.43,0.0,0.0145,3.0,0.969,0.5,500.0,0.55129,-0.25416,6.7643,0.0,0.99702
10190.16,BTC-27SEP19,1566557941113,open,0.01,550.4,0.0005,0.0215,0.00940977,90.1,0.009,0.0,BTC-27SEP19-7000-P,10136.43,87.81,0.0085,24.0,0.01,2.0,91.52,4.15593,-5.3681,-0.75788,5e-05,-0.06843
10147.03,SYN.BTC-30AUG19,1566557941109,open,0.22,23.0,0.196,0.2325,0.21340987,97.72,0.2,0.0,BTC-30AUG19-8000-C,10136.43,0.0,0.0,0.0,0.0,0.0,0.0,1.02309,-7.27046,1.44061,5e-05,0.96709
10190.16,BTC-27SEP19,1566557941114,open,0.0,1073.7,0.0005,0.0105,0.00062815,117.8,0.0005,0.0,BTC-27SEP19-4250-P,10136.43,0.0,0.0,0.0,0.001,16.0,124.97,0.44641,-0.75394,-0.05371,0.0,-0.00489
10147.03,SYN.BTC-30AUG19,1566557941112,open,0.0,444.1,0.0005,0.0105,0.00025235,124.41,0.0005,0.0,BTC-30AUG19-16000-C,10136.43,0.0,0.0,0.0,0.0005,12.0,134.11,0.19841,-1.79512,0.00892,1e-05,0.00492
10190.16,BTC-27SEP19,1566557941114,open,1.14,0.2,1.117,1.209,1.16090867,109.65,1.391,0.0,BTC-27SEP19-22000-P,10136.43,0.0,0.0045,10.0,0.0,0.0,0.0,1.38187,-2.17229,-20.86667,1e-05,-0.98219
10147.03,SYN.BTC-30AUG19,1566557941112,open,0.17,0.0,0.146,0.1875,0.16617063,90.08,0.171,0.0,BTC-30AUG19-8500-C,10136.43,0.0,0.0,0.0,0.0,0.0,0.0,1.81881,-11.91367,1.46474,0.0001,0.93247
10147.03,SYN.BTC-30AUG19,1566557941109,open,0.0,356.2,0.0005,0.0105,8.236e-05,125.01,0.001,0.0,BTC-30AUG19-17000-C,10136.43,0.0,0.0,0.0,0.0005,12.0,149.3,0.07781,-0.70731,0.00317,0.0,0.00174
10147.03,SYN.BTC-30AUG19,1566557941109,open,0.32,0.0,0.3045,0.361,0.33117331,94.63,None,0.0,BTC-30AUG19-13500-P,10136.43,0.0,0.0,0.0,0.0,0.0,0.0,0.57075,-3.9275,-2.51303,3e-05,-0.98355
10157.81,SYN.BTC-6SEP19,1566557941108,open,0.0,0.164,0.23,0.19632343,85.3,None,0.0,BTC-6SEP19-12000-P,10136.43,0.0,0.0,0.0,0.0,0.0,0.0,5.17966,-15.92017,-3.92825,0.00015,-0.82095
10147.03,SYN.BTC-30AUG19,1566557941111,open,0.32,0.0,0.2965,0.3265,0.31083285,123.13,None,0.0,BTC-30AUG19-7000-C,10136.43,0.0,0.0,0.0,0.0,0.0,0.0,0.4117,-3.6864,1.29578,2e-05,0.98874
10479.1,SYN.BTC-27MAR20,1566557941108,open,1.88,0.0,1.8235,1.9945,1.90446704,95.95,None,0.0,BTC-27MAR20-30000-P,10136.43,0.0,0.0,0.0,0.0,0.0,0.0,18.52375,-4.09761,-171.73485,3e-05,-0.85367
10479.1,SYN.BTC-27MAR20,1566557941109,open,0.04,1.6,0.012,0.0725,0.03674424,96.85,0.042,0.0,BTC-27MAR20-32000-C,10136.43,95.77,0.035,1.0,0.04,6.0,98.79,17.17031,-3.8338,5.86312,3e-05,0.13091
10334.63,BTC-27DEC19,1566557941114,open,0.86,0.1,0.8455,0.865,0.8552091,124.99,0.84,0.0,BTC-27DEC19-1500-C,10136.43,0.0,0.02,50.0,0.974,0.5,500.0,0.27191,-0.13501,5.11173,0.0,0.99863
10479.1,SYN.BTC-27MAR20,1566557941108,open,0.04,12.2,0.0145,0.0795,0.04177056,96.03,0.043,0.0,BTC-27MAR20-30000-C,10136.43,95.02,0.04,1.0,0.0455,6.0,98.1,18.55352,-4.1077,6.53195,3e-05,0.14668
10334.63,BTC-27DEC19,1566557941114,open,0.71,0.0,0.7015,0.721,0.71149275,98.71,None,0.0,BTC-27DEC19-3000-C,10136.43,0.0,0.006,10.0,0.96,0.5,500.0,1.28403,-0.50347,10.00867,0.0,0.99232
10479.1,SYN.BTC-27MAR20,1566557941108,open,0.28,20.1,0.225,0.3315,0.28137252,87.46,0.285,0.0,BTC-27MAR20-10000-C,10136.43,85.92,0.277,1.0,0.286,1.0,89.1,29.66954,-5.98251,23.43896,5e-05,0.65781
10479.1,SYN.BTC-27MAR20,1566557941108,open,0.99,0.0,0.9255,1.083,1.00307766,92.69,None,0.0,BTC-27MAR20-20000-P,10136.43,0.0,0.0,0.0,0.0,0.0,0.0,27.74065,-5.92782,-106.53734,5e-05,-0.70796
10479.1,SYN.BTC-27MAR20,1566557941108,open,0.37,0.1,0.3205,0.412,0.36860908,87.46,0.366,0.0,BTC-27MAR20-8000-C,10136.43,0.0,0.01,1.0,0.0,0.0,0.0,24.55212,-4.95074,24.9668,4e-05,0.76959
10479.1,SYN.BTC-27MAR20,1566557941108,open,0.01,0.5,0.004,0.027,0.01376317,87.45,0.0135,0.0,BTC-27MAR20-4000-P,10136.43,83.8,0.0115,10.0,0.0155,5.0,90.06,6.77861,-1.36665,-3.26768,1e-05,-0.03872
10479.1,SYN.BTC-27MAR20,1566557941108,open,0.82,0.0,0.7535,0.907,0.82990489,91.02,None,0.0,BTC-27MAR20-18000-P,10136.43,0.0,0.0,0.0,0.0,0.0,0.0,29.5013,-6.19068,-92.94606,5e-05,-0.66285
10479.1,SYN.BTC-27MAR20,1566557941108,open,0.49,0.0,0.4505,0.516,0.48394386,87.47,None,0.0,BTC-27MAR20-6000-C,10136.43,0.0,0.283,1.0,0.0,0.0,0.0,16.36413,-3.29985,24.52479,3e-05,0.87782
10190.16,BTC-27SEP19,1566557941113,open,0.01,411.3,0.0005,0.025,0.01016117,95.67,0.01,0.0,BTC-27SEP19-16000-C,10136.43,94.26,0.0095,0.3,0.011,44.0,97.39,4.86447,-6.67217,0.72035,5e-05,0.08414
10479.1,SYN.BTC-27MAR20,1566557941109,open,2.8,0.0,2.749,2.942,2.83959592,98.96,None,0.0,BTC-27MAR20-40000-P,10136.43,0.0,0.0,0.0,0.0,0.0,0.0,12.52762,-2.8581,-233.80233,2e-05,-0.91538
10147.03,SYN.BTC-30AUG19,1566557941109,open,0.0,42.6,0.0005,0.0105,0.00080277,95.81,0.0015,0.0,BTC-30AUG19-13500-C,10136.43,89.91,0.0005,1.2,0.001,0.3,98.88,0.60553,-4.21879,0.03215,3e-05,0.01762
10334.63,BTC-27DEC19,1566557941116,open,1.89,0.2,1.8495,1.9915,1.91608841,99.88,2.03,0.0,BTC-27DEC19-30000-P,10136.43,0.0,0.005,1.0,0.0,0.0,0.0,7.58421,-3.00891,-101.65716,2e-05,-0.9362
10334.63,BTC-27DEC19,1566557941115,open,3.6,0.0,3.5545,3.749,3.64760475,106.71,None,0.0,BTC-27DEC19-48000-P,10136.43,0.0,0.0,0.0,0.0,0.0,0.0,2.4671,-1.04577,-165.0624,1e-05,-0.98371
10479.1,SYN.BTC-27MAR20,1566557941108,open,1.7,0.0,1.64,1.808,1.72007242,95.29,None,0.0,BTC-27MAR20-28000-P,10136.43,0.0,0.0,0.0,0.0,0.0,0.0,20.11823,-4.41996,-159.0378,3e-05,-0.83415
10334.63,BTC-27DEC19,1566557941116,open,0.01,344.8,0.0005,0.0155,0.00555078,93.15,0.0065,0.0,BTC-27DEC19-4000-P,10136.43,89.58,0.0045,9.8,0.0065,16.0,96.06,3.22011,-1.19149,-0.99207,1e-05,-0.02228
10334.63,BTC-27DEC19,1566557941116,open,0.01,158.7,0.001,0.028,0.01055808,100.32,0.011,0.0,BTC-27DEC19-32000-C,10136.43,97.71,0.009,8.6,0.0115,10.0,101.78,6.47686,-2.58091,1.48389,2e-05,0.05219
10334.63,BTC-27DEC19,1566557941116,open,0.45,122.9,0.4225,0.4745,0.44854506,88.07,0.469,0.0,BTC-27DEC19-6000-C,10136.43,69.57,0.4325,4.0,0.5005,0.5,132.29,10.26712,-3.59193,16.2641,3e-05,0.90488
10190.15,BTC-27SEP19,1566557941116,open,0.05,491.5,0.026,0.0795,0.05156976,85.81,0.051,0.0,BTC-27SEP19-9000-P,10136.43,83.8,0.0495,24.3,0.053,12.5,87.2,10.4909,-12.90658,-3.1697,0.00012,-0.27397
10479.1,SYN.BTC-27MAR20,1566557941108,open,0.05,19.1,0.0295,0.086,0.05648316,87.45,0.0665,0.0,BTC-27MAR20-6000-P,10136.43,84.22,0.0515,16.0,0.059,5.0,89.05,16.36214,-3.29875,-11.12289,3e-05,-0.12216
10190.15,BTC-27SEP19,1566557941116,open,0.47,29.7,0.4485,0.5285,0.48657068,93.4,0.335,0.0,BTC-27SEP19-15000-P,10136.43,0.0,0.1675,0.1,0.9455,0.3,499.61,6.15523,-8.24241,-13.3439,7e-05,-0.88391
10479.1,SYN.BTC-27MAR20,1566557941108,open,0.07,14.8,0.028,0.109,0.06473114,93.42,0.071,0.0,BTC-27MAR20-24000-C,10136.43,91.97,0.0615,10.0,0.07,0.1,95.73,23.57355,-5.07714,9.3287,4e-05,0.21455
10190.15,BTC-27SEP19,1566557941116,open,0.38,68.8,0.3565,0.4375,0.39554114,91.6,0.4015,0.0,BTC-27SEP19-14000-P,10136.43,0.0,0.361,5.0,0.43,5.0,129.25,7.77246,-10.20711,-11.99612,9e-05,-0.83651
10190.15,BTC-27SEP19,1566557941116,open,0.81,28.2,0.794,0.8135,0.8037323,121.77,0.755,0.0,BTC-27SEP19-2000-C,10136.43,0.0,0.01,1.0,0.8705,5.0,500.0,0.00047,-0.00082,1.91096,0.0,1.0
10157.81,SYN.BTC-6SEP19,1566557941108,open,0.0,0.1075,0.1615,0.13527722,85.3,None,0.0,BTC-6SEP19-9000-C,10136.44,0.0,0.0,0.0,0.2415,1.0,246.34,5.68763,-17.48162,2.53313,0.00017,0.79127
10157.81,SYN.BTC-6SEP19,1566557941108,open,0.0,0.2095,0.2735,0.24025318,86.09,None,0.0,BTC-6SEP19-12500-P,10136.43,0.0,0.0,0.0,0.0,0.0,0.0,4.06832,-12.62049,-4.30807,0.00012,-0.87538
10147.03,SYN.BTC-30AUG19,1566557941109,open,0.0,782.9,0.0005,0.0105,2.481e-05,125.01,0.001,0.0,BTC-30AUG19-18000-C,10136.43,0.0,0.0,0.0,0.0005,12.0,163.39,0.02781,-0.2518,0.00104,0.0,0.00057
10479.1,SYN.BTC-27MAR20,1566557941108,open,0.23,4.3,0.1635,0.278,0.22341741,89.89,0.222,0.0,BTC-27MAR20-12000-C,10136.43,86.47,0.213,10.2,0.2265,15.0,90.91,31.86028,-6.60294,20.95509,5e-05,0.55997
10479.1,SYN.BTC-27MAR20,1566557941108,open,0.66,0.0,0.5905,0.74,0.66592036,90.46,None,0.0,BTC-27MAR20-16000-P,10136.43,0.0,0.0,0.0,0.0,0.0,0.0,31.16781,-6.50005,-78.94103,5e-05,-0.60191
10190.15,BTC-27SEP19,1566557941117,open,2.11,0.0,2.079,2.205,2.14058524,125.11,None,0.0,BTC-27SEP19-32000-P,10136.43,0.0,0.0,0.0,0.0,0.0,0.0,0.27446,-0.49231,-30.55118,0.0,-0.99716
10190.15,BTC-27SEP19,1566557941117,open,0.85,42.8,0.843,0.8625,0.85279889,0.0,0.815,0.0,BTC-27SEP19-1500-C,10136.43,0.0,0.0,0.0,0.0,0.0,0.0,0.0,0.0,1.43325,0.0,1.0
10190.15,BTC-27SEP19,1566557941117,open,0.61,227.5,0.598,0.6175,0.60798908,122.79,0.606,0.0,BTC-27SEP19-4000-C,10136.43,0.0,0.111,2.0,0.652,5.0,300.09,0.37171,-0.65435,3.77811,0.0,0.99602
10479.1,SYN.BTC-27MAR20,1566557941108,open,0.06,0.6,0.022,0.097,0.05536173,94.3,0.0595,0.0,BTC-27MAR20-26000-C,10136.43,93.15,0.053,10.1,0.0595,0.2,96.27,21.7513,-4.72898,8.23597,4e-05,0.18764
10147.03,SYN.BTC-30AUG19,1566557941109,open,0.0,702.2,0.0005,0.0105,4.018e-05,124.99,0.0005,0.0,BTC-30AUG19-6000-P,10136.43,0.0,0.0,0.0,0.0005,57.0,161.33,0.03908,-0.35524,-0.00164,0.0,-0.00082
10147.03,SYN.BTC-30AUG19,1566557941109,open,0.13,52.2,0.098,0.146,0.12194461,85.79,0.1265,0.0,BTC-30AUG19-9000-C,10136.43,0.0,0.0,0.0,0.0,0.0,0.0,3.10878,-19.39473,1.40961,0.00019,0.8594
10147.03,SYN.BTC-30AUG19,1566557941109,open,0.0,61.9,0.0005,0.014,0.00381133,89.83,0.0035,0.0,BTC-30AUG19-8500-P,10136.43,88.05,0.0035,24.5,0.004,6.1,90.88,1.80882,-11.81657,-0.13545,0.0001,-0.06705
10479.1,SYN.BTC-27MAR20,1566557941108,open,1.34,0.0,1.277,1.4385,1.35488833,93.37,None,0.0,BTC-27MAR20-24000-P,10136.43,0.0,0.0,0.0,0.0,0.0,0.0,23.55802,-5.071,-133.28243,4e-05,-0.78569
10147.03,SYN.BTC-30AUG19,1566557941109,open,0.0,129.7,0.0005,0.012,0.00204047,86.09,0.002,0.0,BTC-30AUG19-12500-C,10136.43,81.47,0.0015,30.0,0.002,0.1,85.77,1.29652,-8.11648,0.08021,8e-05,0.04401
10157.81,SYN.BTC-6SEP19,1566557941108,open,0.0,0.1505,0.1985,0.1744536,85.87,None,0.0,BTC-6SEP19-8500-C,10136.43,0.0,0.0,0.0,0.0,0.0,0.0,4.08829,-12.65,2.70328,0.00012,0.8745
10147.03,SYN.BTC-30AUG19,1566557941109,open,0.66,0.0,0.6425,0.7105,0.67536378,0.0,None,0.0,BTC-30AUG19-17000-P,10136.43,0.0,0.0,0.0,0.0,0.0,0.0,0.0,0.0,-3.20238,0.0,-1.0
10147.03,SYN.BTC-30AUG19,1566557941113,open,0.18,55.1,0.16,0.2165,0.18689058,85.02,0.2565,0.0,BTC-30AUG19-12000-P,10136.43,77.8,0.1855,3.9,0.0,0.0,0.0,2.14694,-13.27386,-2.10822,0.00013,-0.91605
10147.03,SYN.BTC-30AUG19,1566557941113,open,0.46,0.0,0.4495,0.511,0.47865329,114.18,None,0.0,BTC-30AUG19-15000-P,10136.43,0.0,0.0,0.0,0.0,0.0,0.0,0.3002,-2.49257,-2.81137,1e-05,-0.99215
10147.03,SYN.BTC-30AUG19,1566557941116,open,0.27,17.1,0.2565,0.313,0.28280882,95.17,0.2385,0.0,BTC-30AUG19-13000-P,10136.43,0.0,0.0,0.0,0.0,0.0,0.0,1.03844,-7.18702,-2.38796,6e-05,-0.96649
10147.03,SYN.BTC-30AUG19,1566557941115,open,0.22,0.0,0.208,0.263,0.23386503,85.59,None,0.0,BTC-30AUG19-12500-P,10136.43,0.0,0.0,0.0,0.0,0.0,0.0,1.27307,-7.92335,-2.27624,8e-05,-0.95698
10479.1,SYN.BTC-27MAR20,1566557941108,open,0.14,6.2,0.0845,0.193,0.1391489,90.48,0.143,0.0,BTC-27MAR20-16000-C,10136.43,88.58,0.1335,10.0,0.1465,14.0,92.95,31.17001,-6.50238,16.12955,5e-05,0.3982
10147.03,SYN.BTC-30AUG19,1566557941116,open,0.37,13.0,0.353,0.4115,0.38038712,103.48,0.2895,0.0,BTC-30AUG19-14000-P,10136.43,0.0,0.0,0.0,0.0,0.0,0.0,0.49925,-3.75699,-2.61164,2e-05,-0.98593
10147.03,SYN.BTC-30AUG19,1566557941116,open,0.56,0.0,0.546,0.611,0.5769878,119.65,0.403,0.0,BTC-30AUG19-16000-P,10136.43,0.0,0.0,0.0,0.0,0.0,0.0,0.1487,-1.29388,-3.00752,1e-05,-0.99644
10157.81,SYN.BTC-6SEP19,1566557941108,open,0.0,0.198,0.2395,0.2183774,89.06,None,0.0,BTC-6SEP19-8000-C,10136.43,0.0,0.03,1.0,0.0,0.0,0.0,2.71319,-8.70672,2.7408,8e-05,0.92814
10157.81,SYN.BTC-6SEP19,1566557941108,open,0.0,0.2565,0.32,0.28650077,88.54,None,0.0,BTC-6SEP19-13000-P,10136.43,0.0,0.0,0.0,0.0,0.0,0.0,3.20748,-10.2334,-4.62161,9e-05,-0.91033
10479.1,SYN.BTC-27MAR20,1566557941108,open,0.18,0.1,0.1175,0.2315,0.17628009,90.47,0.1825,0.0,BTC-27MAR20-14000-C,10136.43,87.77,0.168,10.0,0.1805,10.0,91.85,32.15348,-6.70671,18.50161,5e-05,0.47342
10147.03,SYN.BTC-30AUG19,1566557941108,open,0.0,1176.8,0.0005,0.0105,0.00065461,122.24,0.0005,0.0,BTC-30AUG19-7000-P,10136.43,0.0,0.0,0.0,0.0005,15.1,117.93,0.39745,-3.53311,-0.02193,2e-05,-0.01082
10147.03,SYN.BTC-30AUG19,1566557941109,open,0.76,0.0,0.7395,0.8105,0.77385219,0.0,None,0.0,BTC-30AUG19-18000-P,10136.43,0.0,0.0,0.0,0.0,0.0,0.0,0.0,0.0,-3.39075,0.0,-1.0
10479.1,SYN.BTC-27MAR20,1566557941108,open,0.64,0.0,0.6165,0.6495,0.6320703,87.48,None,0.0,BTC-27MAR20-4000-C,10136.43,0.0,0.0145,100.0,0.0,0.0,0.0,6.78306,-1.36802,20.49637,1e-05,0.96125
10479.1,SYN.BTC-27MAR20,1566557941108,open,0.12,2.0,0.062,0.164,0.112287,91.05,0.1195,0.0,BTC-27MAR20-18000-C,10136.43,89.34,0.1075,10.0,0.12,14.0,93.77,29.50601,-6.19377,14.00957,5e-05,0.33729
190.78,SYN.ETH-6SEP19,1566557941141,open,101.0,0.003,0.034,0.014959,91.74,0.01,0.0,ETH-6SEP19-230-C,190.65,83.25,0.011,200.0,0.016,286.0,93.82,0.09397,-0.31063,0.01121,0.0074,0.16956
190.78,SYN.ETH-6SEP19,1566557941237,open,0.0,0.178,0.264,0.220553,91.74,None,0.0,ETH-6SEP19-230-P,190.65,0.0,0.0,0.0,0.0,0.0,0.0,0.09397,-0.31063,-0.07622,0.0074,-0.83044
10147.03,SYN.BTC-30AUG19,1566557941263,open,0.02,185.4,0.004,0.0415,0.02013756,84.97,0.019,0.0,BTC-30AUG19-9500-P,10136.43,80.22,0.018,24.0,0.02,4.7,84.7,4.57512,-28.27022,-0.54796,0.00028,-0.26655
10147.03,SYN.BTC-30AUG19,1566557941284,open,0.09,30.3,0.056,0.11,0.08390273,85.08,0.081,0.0,BTC-30AUG19-9500-C,10136.43,78.48,0.081,6.0,0.084,5.1,85.22,4.57693,-28.31698,1.24111,0.00028,0.73324
190.78,SYN.ETH-6SEP19,1566557941339,open,10.0,0.001,0.025,0.009437,91.74,0.008,0.0,ETH-6SEP19-240-C,190.65,84.92,0.007,190.0,0.009,400.0,90.58,0.07276,-0.24053,0.00775,0.00573,0.11627
190.78,SYN.ETH-6SEP19,1566557941433,open,0.0,0.225,0.312,0.267448,91.74,None,0.0,ETH-6SEP19-240-P,190.65,0.0,0.0,0.0,0.0,0.0,0.0,0.07276,-0.24053,-0.08349,0.00573,-0.88373
190.78,SYN.ETH-6SEP19,1566557941523,open,0.0,0.001,0.019,0.00659,94.34,None,0.0,ETH-6SEP19-250-C,190.65,84.64,0.004,200.0,0.008,300.0,98.8,0.05744,-0.19528,0.00562,0.0044,0.08414
190.78,SYN.ETH-6SEP19,1566557941856,open,0.0,0.245,0.293,0.269267,95.01,None,0.0,ETH-6SEP19-140-C,190.65,0.0,0.0,0.0,0.0,0.0,0.0,0.03136,-0.10736,0.05017,0.00239,0.96107
195.71,SYN.ETH-27MAR20,1566557941886,open,0.62,0.0,0.59,0.635,0.613104,92.51,None,0.0,ETH-27MAR20-80-C,190.65,0.0,0.0,0.0,0.0,0.0,0.0,0.16437,-0.03505,0.38761,0.00078,0.94642
190.78,SYN.ETH-6SEP19,1566557941950,open,0.0,0.001,0.013,0.003108,95.01,None,0.0,ETH-6SEP19-140-P,190.65,87.43,0.002,200.0,0.004,1.0,100.07,0.03136,-0.10738,-0.00305,0.00239,-0.03894
195.71,SYN.ETH-27MAR20,1566557941965,open,0.02,140.0,0.009,0.038,0.021893,92.53,0.024,0.0,ETH-27MAR20-80-P,190.65,87.71,0.018,140.0,0.025,440.0,96.13,0.16443,-0.03508,-0.08779,0.00078,-0.0536
10334.66,BTC-27DEC19,1566557942116,open,0.13,272.0,0.078,0.1705,0.125204,88.98,0.1225,0.0,BTC-27DEC19-13000-C,10136.42,87.81,0.1225,17.3,0.127,3.2,89.76,23.83215,-8.42327,10.84264,7e-05,0.42943
10334.66,BTC-27DEC19,1566557942116,open,0.18,416.4,0.1325,0.2315,0.18284976,87.12,0.2,0.0,BTC-27DEC19-10000-P,10136.42,86.97,0.1825,0.1,0.185,3.1,88.09,23.0024,-7.96043,-19.86161,7e-05,-0.37442
10334.66,BTC-27DEC19,1566557942116,open,0.03,271.7,0.012,0.0505,0.02911777,88.08,0.0325,0.0,BTC-27DEC19-6000-P,10136.42,86.43,0.0275,6.0,0.0305,14.4,89.46,10.26717,-3.59198,-4.42783,3e-05,-0.09512
10334.65,BTC-27DEC19,1566557942117,open,0.06,408.9,0.0235,0.0925,0.05532386,92.12,0.0585,0.0,BTC-27DEC19-18000-C,10136.42,91.37,0.054,8.9,0.0585,13.6,93.91,18.20512,-6.66164,6.04992,5e-05,0.22507
10334.65,BTC-27DEC19,1566557942117,open,0.13,561.6,0.087,0.174,0.13099283,87.12,0.128,0.0,BTC-27DEC19-9000-P,10136.42,85.66,0.128,5.0,0.133,3.3,88.11,21.08297,-7.29614,-15.33998,7e-05,-0.29941
10334.65,BTC-27DEC19,1566557942118,open,0.11,446.3,0.061,0.15,0.10552861,89.71,0.106,0.0,BTC-27DEC19-14000-C,10136.42,88.8,0.1035,4.0,0.108,3.1,90.82,23.0562,-8.21608,9.6835,7e-05,0.37723
10190.17,BTC-27SEP19,1566557942119,open,0.08,605.4,0.044,0.1075,0.07591527,87.0,0.079,0.0,BTC-27SEP19-11000-C,10136.42,84.61,0.073,19.5,0.077,4.9,87.89,12.42589,-15.49867,3.54911,0.00014,0.44042
10334.65,BTC-27DEC19,1566557942120,open,0.01,532.8,0.0005,0.02,0.0090577,91.45,0.009,0.0,BTC-27DEC19-4500-P,10136.42,89.03,0.008,9.0,0.01,16.0,93.5,4.64957,-1.68904,-1.5573,1e-05,-0.03464
10157.8,SYN.BTC-6SEP19,1566557942116,open,0.0,0.0295,0.0875,0.05805989,85.01,None,0.0,BTC-6SEP19-10000-P,10136.42,78.4,0.053,14.4,0.057,0.4,83.63,7.77789,-23.82591,-1.88321,0.00023,-0.42962
195.71,SYN.ETH-27MAR20,1566557942123,open,0.08,1.0,0.045,0.113,0.078883,92.53,0.076,0.0,ETH-27MAR20-120-P,190.65,88.08,0.071,140.0,0.083,258.0,94.83,0.34956,-0.07457,-0.26455,0.00166,-0.14861
195.71,SYN.ETH-27MAR20,1566557942203,open,0.36,0.0,0.298,0.4,0.353985,92.52,None,0.0,ETH-27MAR20-160-C,190.65,89.73,0.347,1.0,0.373,1.0,100.12,0.49068,-0.10466,0.44727,0.00233,0.73861
10157.8,SYN.BTC-6SEP19,1566557942221,open,0.0,0.0295,0.0875,0.05805989,85.01,None,0.0,BTC-6SEP19-10000-P,10136.42,78.4,0.053,14.4,0.0575,4.9,84.28,7.77789,-23.82591,-1.88321,0.00023,-0.42962
190.78,SYN.ETH-6SEP19,1566557942245,open,0.0,0.192,0.248,0.220638,92.97,None,0.0,ETH-6SEP19-150-C,190.65,0.0,0.0,0.0,0.0,0.0,0.0,0.05436,-0.18213,0.05085,0.00423,0.92178
10157.8,SYN.BTC-6SEP19,1566557942272,open,0.0,0.053,0.1175,0.08546731,85.18,None,0.0,BTC-6SEP19-10500-P,10136.42,78.09,0.08,4.7,0.0845,4.4,83.92,7.84774,-24.08651,-2.43984,0.00023,-0.54636
195.71,SYN.ETH-27MAR20,1566557942367,open,0.28,360.0,0.204,0.315,0.264703,90.43,0.27,0.0,ETH-27MAR20-200-C,190.65,86.09,0.252,120.0,0.273,50.0,93.27,0.57228,-0.11931,0.41844,0.00278,0.62453
10157.8,SYN.BTC-6SEP19,1566557942389,open,10.0,0.0245,0.079,0.05177923,85.18,0.05,0.0,BTC-6SEP19-10500-C,10136.42,78.33,0.0465,4.9,0.051,4.3,84.17,7.84775,-24.0866,1.5518,0.00023,0.45364
195.71,SYN.ETH-27MAR20,1566557942459,open,0.28,2.0,0.219,0.348,0.286676,90.44,0.303,0.0,ETH-27MAR20-200-P,190.65,89.19,0.283,120.0,0.31,120.0,98.47,0.57226,-0.11933,-0.76995,0.00278,-0.37544
190.78,SYN.ETH-6SEP19,1566557942473,open,0.0,0.001,0.019,0.006911,93.03,None,0.0,ETH-6SEP19-150-P,190.65,85.83,0.005,200.0,0.008,5.0,96.72,0.05442,-0.18244,-0.00618,0.00423,-0.07833
195.71,SYN.ETH-27MAR20,1566557942535,open,0.22,50.0,0.147,0.261,0.208553,92.38,0.21,0.0,ETH-27MAR20-240-C,190.65,91.87,0.207,2.0,0.216,267.0,94.8,0.60039,-0.12786,0.37115,0.00286,0.52772
190.78,SYN.ETH-6SEP19,1566557942598,open,0.0,0.143,0.205,0.175209,91.37,None,0.0,ETH-6SEP19-160-C,190.65,0.0,0.0,0.0,0.0,0.0,0.0,0.08312,-0.27367,0.0496,0.00657,0.85918
190.97,ETH-27SEP19,1566557942608,open,0.2,2065.0,0.162,0.257,0.210486,90.43,0.231,0.0,ETH-27SEP19-220-P,190.65,85.64,0.205,110.0,0.216,110.0,95.18,0.2202,-0.28548,-0.15574,0.00699,-0.643
195.71,SYN.ETH-27MAR20,1566557942621,open,0.43,90.0,0.357,0.507,0.434919,92.4,0.455,0.0,ETH-27MAR20-240-P,190.65,89.49,0.426,120.0,0.459,121.0,100.26,0.60038,-0.12789,-1.05489,0.00286,-0.47223
190.78,SYN.ETH-6SEP19,1566557942699,open,170.0,0.003,0.032,0.0139,91.41,0.011,0.0,ETH-6SEP19-160-P,190.65,84.49,0.011,200.0,0.014,1.0,91.64,0.08316,-0.27391,-0.01123,0.00657,-0.14091
195.71,SYN.ETH-27MAR20,1566557942790,open,0.59,50.0,0.513,0.679,0.599227,94.4,0.605,0.0,ETH-27MAR20-280-P,190.65,90.38,0.587,120.0,0.626,120.0,103.15,0.59691,-0.12991,-1.33763,0.00278,-0.55106
190.78,SYN.ETH-6SEP19,1566557942794,open,0.0,0.099,0.167,0.135105,91.38,None,0.0,ETH-6SEP19-170-C,190.65,0.0,0.0,0.0,0.0,0.0,0.0,0.11316,-0.37262,0.04599,0.00895,0.76922
190.78,SYN.ETH-6SEP19,1566557942878,open,2.0,0.007,0.05,0.026209,91.4,0.024,0.0,ETH-6SEP19-170-P,190.65,84.18,0.022,200.0,0.027,458.0,92.73,0.11317,-0.37275,-0.01864,0.00895,-0.23082
195.71,SYN.ETH-27MAR20,1566557942881,open,0.14,1.0,0.08,0.187,0.136007,95.26,0.141,0.0,ETH-27MAR20-320-C,190.65,91.83,0.126,365.0,0.142,365.0,97.29,0.57493,-0.12626,0.28506,0.00265,0.38114
190.97,ETH-27SEP19,1566557942884,open,0.0,2698.0,0.001,0.011,9.7e-05,130.0,0.001,0.0,ETH-27SEP19-720-C,190.63,0.0,0.0,0.0,0.001,421.0,159.24,0.00192,-0.00358,0.00016,4e-05,0.00096
190.97,ETH-27SEP19,1566557942884,open,0.76,296.0,0.73,0.846,0.785407,100.32,0.848,0.0,ETH-27SEP19-340-P,190.63,0.0,0.0,0.0,1.19,1.0,481.28,0.05504,-0.07916,-0.31774,0.00157,-0.95591
193.34,ETH-27DEC19,1566557942884,open,0.21,706.0,0.147,0.247,0.201435,92.71,0.188,0.0,ETH-27DEC19-200-C,190.63,91.21,0.198,10.0,0.205,200.0,94.27,0.44308,-0.16317,0.25453,0.00371,0.58317
193.34,ETH-27DEC19,1566557942884,open,0.02,1829.0,0.005,0.04,0.018545,100.94,0.016,0.0,ETH-27DEC19-520-C,190.63,96.83,0.015,496.0,0.021,110.0,103.54,0.17656,-0.07079,0.04426,0.00136,0.08492
190.97,ETH-27SEP19,1566557942884,open,0.01,3837.0,0.001,0.025,0.010581,96.62,0.013,0.0,ETH-27SEP19-300-C,190.63,93.24,0.009,310.0,0.012,320.0,99.44,0.09302,-0.12886,0.01384,0.00276,0.08645
193.34,ETH-27DEC19,1566557942884,open,0.3,5.0,0.244,0.335,0.293668,92.71,0.26,0.0,ETH-27DEC19-160-C,190.63,0.0,0.05,2.0,1.6,1.0,500.0,0.37378,-0.13765,0.29248,0.00313,0.73233
190.95,ETH-27SEP19,1566557942884,open,0.21,392.0,0.166,0.235,0.20277,90.42,0.213,0.0,ETH-27SEP19-160-C,190.63,0.0,0.001,21.0,0.0,0.0,0.0,0.17473,-0.22651,0.10533,0.00555,0.78008
193.34,ETH-27DEC19,1566557942884,open,0.01,1932.0,0.001,0.021,0.007849,103.73,0.01,0.0,ETH-27DEC19-680-C,190.63,99.69,0.006,200.0,0.01,190.0,107.72,0.09624,-0.03965,0.0209,0.00072,0.0392
190.95,ETH-27SEP19,1566557942884,open,0.37,1239.0,0.334,0.437,0.385362,92.59,0.4,0.0,ETH-27SEP19-260-P,190.63,0.0,0.006,7.0,0.0,0.0,0.0,0.15204,-0.20182,-0.22087,0.00471,-0.82521
190.95,ETH-27SEP19,1566557942884,open,0.69,0.0,0.676,0.695,0.685942,132.81,0.01,0.0,ETH-27SEP19-60-C,190.63,0.0,0.003,10.0,0.0,0.0,0.0,0.00242,-0.00462,0.05707,5e-05,0.99876
193.34,ETH-27DEC19,1566557942884,open,0.53,432.0,0.474,0.62,0.548109,95.05,0.55,0.0,ETH-27DEC19-280-P,190.63,80.25,0.517,120.0,1.451,1.0,500.0,0.42071,-0.15885,-0.79861,0.00343,-0.64964
190.97,ETH-27SEP19,1566557942884,open,0.0,1897.0,0.001,0.012,0.002645,104.28,0.004,0.0,ETH-27SEP19-380-C,190.63,91.78,0.001,830.0,0.004,320.0,110.98,0.0336,-0.05024,0.00394,0.00092,0.02423
193.32,ETH-27DEC19,1566557942884,open,0.23,2630.0,0.176,0.291,0.235936,92.71,0.267,0.0,ETH-27DEC19-200-P,190.63,90.12,0.23,48.0,0.24,200.0,94.48,0.44305,-0.16315,-0.43525,0.00371,-0.41691
193.32,ETH-27DEC19,1566557942884,open,2.27,0.0,2.217,2.433,2.320085,102.96,None,0.0,ETH-27DEC19-640-P,190.63,0.0,0.0,0.0,0.0,0.0,0.0,0.11091,-0.04536,-2.18233,0.00084,-0.95328
193.32,ETH-27DEC19,1566557942884,open,0.01,2519.0,0.002,0.028,0.011699,102.24,0.01,0.0,ETH-27DEC19-600-C,190.63,97.86,0.009,310.0,0.014,190.0,105.51,0.12874,-0.05228,0.02977,0.00098,0.05635
190.95,ETH-27SEP19,1566557942884,open,0.0,5619.0,0.001,0.012,0.002109,107.14,0.002,0.0,ETH-27SEP19-400-C,190.63,97.51,0.001,510.0,0.003,320.0,112.56,0.0278,-0.04269,0.00315,0.00074,0.01936
193.32,ETH-27DEC19,1566557942884,open,0.01,2317.0,0.001,0.017,0.006225,103.73,0.005,0.0,ETH-27DEC19-720-C,190.63,97.65,0.004,200.0,0.008,110.0,107.62,0.08122,-0.03347,0.0171,0.00061,0.03188
193.32,ETH-27DEC19,1566557942884,open,1.27,0.0,1.223,1.396,1.306258,99.01,None,0.0,ETH-27DEC19-440-P,190.63,0.0,1.208,110.0,2.244,1.0,500.0,0.2409,-0.09475,-1.45051,0.00189,-0.86942
190.95,ETH-27SEP19,1566557942884,open,0.01,7893.0,0.005,0.033,0.016499,91.33,0.014,0.0,ETH-27SEP19-140-P,190.63,86.82,0.014,674.0,0.018,619.0,93.91,0.10908,-0.14283,-0.0226,0.00343,-0.10739
190.95,ETH-27SEP19,1566557942884,open,0.29,191.0,0.253,0.311,0.2834,91.46,0.5,0.0,ETH-27SEP19-140-C,190.63,0.0,0.0,0.0,0.0,0.0,0.0,0.10927,-0.14329,0.11111,0.00343,0.89235
193.32,ETH-27DEC19,1566557942884,open,0.43,0.0,0.388,0.455,0.423322,92.74,None,0.0,ETH-27DEC19-120-C,190.63,0.0,0.1,10.0,2.47,1.0,500.0,0.23436,-0.08633,0.30079,0.00196,0.87449
190.95,ETH-27SEP19,1566557942884,open,0.07,6078.0,0.046,0.116,0.08103,89.87,0.075,0.0,ETH-27SEP19-180-P,190.63,87.26,0.078,256.0,0.084,383.0,92.43,0.22137,-0.28522,-0.08094,0.00707,-0.36261
193.32,ETH-27DEC19,1566557942884,open,0.03,1252.0,0.007,0.048,0.023651,100.14,0.02,0.0,ETH-27DEC19-480-C,190.63,96.58,0.02,390.0,0.027,490.0,103.17,0.20673,-0.08223,0.05437,0.0016,0.10521
190.95,ETH-27SEP19,1566557942884,open,2.92,0.0,2.864,3.102,2.979742,0.0,None,0.0,ETH-27SEP19-760-P,190.63,0.0,0.0,0.0,0.0,0.0,0.0,0.0,0.0,-0.72618,0.0,-1.0
190.95,ETH-27SEP19,1566557942884,open,0.02,2426.0,0.004,0.033,0.0157,94.6,0.015,0.0,ETH-27SEP19-280-C,190.63,91.82,0.014,310.0,0.017,320.0,96.64,0.11977,-0.16245,0.01948,0.00363,0.12246
190.95,ETH-27SEP19,1566557942884,open,0.46,727.0,0.43,0.536,0.481899,94.36,0.534,0.0,ETH-27SEP19-280-P,190.63,0.0,0.001,20.0,0.0,0.0,0.0,0.11925,-0.16131,-0.24817,0.00363,-0.8783
190.95,ETH-27SEP19,1566557942884,open,0.59,0.0,0.569,0.594,0.581598,115.53,None,0.0,ETH-27SEP19-80-C,190.63,0.0,0.003,10.0,0.0,0.0,0.0,0.00772,-0.01278,0.07552,0.00019,0.99553
190.95,ETH-27SEP19,1566557942884,open,0.56,851.0,0.529,0.637,0.581508,96.3,0.56,0.0,ETH-27SEP19-300-P,190.63,0.0,0.048,1.0,0.97,5.0,446.5,0.09227,-0.12738,-0.27295,0.00275,-0.91448
190.95,ETH-27SEP19,1566557942884,open,0.0,3419.0,0.001,0.011,0.000267,130.01,0.001,0.0,ETH-27SEP19-640-C,190.63,0.0,0.0,0.0,0.001,637.0,147.35,0.00456,-0.0085,0.00041,0.0001,0.00249
190.95,ETH-27SEP19,1566557942885,open,0.01,1938.0,0.001,0.015,0.005023,100.33,0.007,0.0,ETH-27SEP19-340-C,190.63,96.54,0.004,200.0,0.006,320.0,103.55,0.05503,-0.07915,0.00713,0.00157,0.04408
190.95,ETH-27SEP19,1566557942884,open,0.03,1911.0,0.007,0.045,0.023892,92.77,0.023,0.0,ETH-27SEP19-260-C,190.63,89.06,0.021,848.0,0.026,256.0,95.37,0.15237,-0.20265,0.02764,0.00471,0.1754
190.95,ETH-27SEP19,1566557942884,open,0.0,2951.0,0.001,0.013,0.003526,101.97,0.006,0.0,ETH-27SEP19-360-C,190.63,93.79,0.002,680.0,0.005,320.0,107.92,0.04221,-0.06171,0.00517,0.00119,0.03186
195.71,SYN.ETH-27MAR20,1566557942883,open,0.75,1.0,0.681,0.858,0.771246,95.32,0.827,0.0,ETH-27MAR20-320-P,190.63,82.66,0.735,120.0,1.647,1.0,500.0,0.57504,-0.12636,-1.61623,0.00265,-0.61862
190.95,ETH-27SEP19,1566557942885,open,0.0,3439.0,0.001,0.011,0.00016,130.01,0.001,0.0,ETH-27SEP19-680-C,190.63,0.0,0.0,0.0,0.001,200.0,153.5,0.00295,-0.0055,0.00025,7e-05,0.00154
190.95,ETH-27SEP19,1566557942884,open,0.0,7916.0,0.001,0.011,5.9e-05,130.01,0.001,0.0,ETH-27SEP19-760-C,190.63,0.0,0.0,0.0,0.001,200.0,164.65,0.00125,-0.00233,0.0001,3e-05,0.00061
193.32,ETH-27DEC19,1566557942885,open,0.03,682.0,0.01,0.058,0.030357,99.11,0.031,0.0,ETH-27DEC19-440-C,190.63,97.19,0.028,100.0,0.033,10.0,101.19,0.24134,-0.09501,0.06705,0.00189,0.13092
193.32,ETH-27DEC19,1566557942885,open,1.67,37.0,1.618,1.807,1.708246,100.79,0.707,0.0,ETH-27DEC19-520-P,190.63,0.0,0.002,25.0,0.0,0.0,0.0,0.17581,-0.07039,-1.74926,0.00135,-0.91554
193.32,ETH-27DEC19,1566557942885,open,0.15,1949.0,0.09,0.187,0.141559,94.28,0.14,0.0,ETH-27DEC19-240-C,190.63,92.75,0.138,100.0,0.142,200.0,94.47,0.44999,-0.16852,0.20877,0.0037,0.4547
190.95,ETH-27SEP19,1566557942885,open,1.27,0.0,1.238,1.38,1.305969,115.08,None,0.0,ETH-27SEP19-440-P,190.63,0.0,0.0,0.0,0.0,0.0,0.0,0.02242,-0.03699,-0.41798,0.00056,-0.98495
193.32,ETH-27DEC19,1566557942885,open,0.08,1039.0,0.035,0.112,0.072546,96.34,0.067,0.0,ETH-27DEC19-320-C,190.63,93.98,0.068,174.0,0.075,200.0,97.59,0.37649,-0.14407,0.13271,0.00303,0.27161
190.95,ETH-27SEP19,1566557942885,open,0.1,1628.0,0.054,0.124,0.090941,89.86,0.095,0.0,ETH-27SEP19-200-C,190.63,86.67,0.087,302.0,0.094,383.0,92.35,0.23538,-0.30326,0.07261,0.00752,0.48891
193.32,ETH-27DEC19,1566557942885,open,0.12,1888.0,0.077,0.164,0.121268,92.71,0.119,0.0,ETH-27DEC19-160-P,190.63,88.43,0.113,64.0,0.121,10.0,92.57,0.37379,-0.13765,-0.25934,0.00313,-0.26773
190.95,ETH-27SEP19,1566557942885,open,0.49,0.0,0.461,0.494,0.4776,98.25,None,0.0,ETH-27SEP19-100-C,190.63,0.0,0.003,10.0,0.0,0.0,0.0,0.01744,-0.02456,0.09326,0.00051,0.98874
190.95,ETH-27SEP19,1566557942885,open,0.0,5253.0,0.001,0.011,0.001242,97.65,0.002,0.0,ETH-27SEP19-100-P,190.63,94.72,0.001,200.0,0.002,320.0,104.91,0.01695,-0.02373,-0.00221,0.0005,-0.0109
193.32,ETH-27DEC19,1566557942885,open,1.87,0.0,1.817,2.015,1.911544,101.8,0.845,0.0,ETH-27DEC19-560-P,190.63,0.0,0.0,0.0,0.0,0.0,0.0,0.15142,-0.06123,-1.89484,0.00115,-0.9306
190.95,ETH-27SEP19,1566557942885,open,1.06,79.0,1.034,1.165,1.096679,105.57,0.351,0.0,ETH-27SEP19-400-P,190.63,0.0,0.0,0.0,0.0,0.0,0.0,0.02581,-0.03907,-0.37931,0.0007,-0.98225
193.32,ETH-27DEC19,1566557942885,open,0.04,5328.0,0.021,0.07,0.044022,92.71,0.045,0.0,ETH-27DEC19-120-P,190.63,88.5,0.039,200.0,0.045,501.0,93.52,0.23432,-0.08629,-0.113,0.00196,-0.12547
193.32,ETH-27DEC19,1566557942885,open,0.89,257.0,0.837,0.998,0.916296,97.75,0.947,0.0,ETH-27DEC19-360-P,190.63,0.0,0.843,110.0,1.006,110.0,142.33,0.3299,-0.12809,-1.13559,0.00262,-0.78702
193.32,ETH-27DEC19,1566557942885,open,0.01,2129.0,0.001,0.024,0.009683,103.26,0.008,0.0,ETH-27DEC19-640-C,190.63,98.16,0.007,310.0,0.012,190.0,107.0,0.11214,-0.04599,0.02512,0.00084,0.04737
193.32,ETH-27DEC19,1566557942885,open,1.47,21.0,1.42,1.6,1.506452,100.02,0.629,0.0,ETH-27DEC19-480-P,190.63,0.0,0.001,7.0,0.0,0.0,0.0,0.20616,-0.08191,-1.60116,0.0016,-0.89519
193.32,ETH-27DEC19,1566557942885,open,0.71,101.0,0.65,0.804,0.727747,96.29,0.513,0.0,ETH-27DEC19-320-P,190.63,56.34,0.667,110.0,1.632,1.0,500.0,0.37637,-0.14396,-0.97091,0.00303,-0.72857
190.95,ETH-27SEP19,1566557942885,open,0.28,2554.0,0.244,0.344,0.294123,91.41,0.28,0.0,ETH-27SEP19-240-P,190.63,0.0,0.052,15.0,0.41,1.0,191.69,0.18841,-0.24691,-0.19012,0.00592,-0.74788
190.95,ETH-27SEP19,1566557942885,open,1.68,12.0,1.644,1.809,1.723918,121.02,1.193,0.0,ETH-27SEP19-520-P,190.63,0.0,0.0,0.0,0.0,0.0,0.0,0.01058,-0.01835,-0.49582,0.00025,-0.99363
190.95,ETH-27SEP19,1566557942885,open,0.86,233.0,0.831,0.951,0.888639,101.06,0.634,0.0,ETH-27SEP19-360-P,190.63,0.0,0.5,44.0,0.0,0.0,0.0,0.0407,-0.05897,-0.33902,0.00116,-0.96951
193.32,ETH-27DEC19,1566557942885,open,1.08,16.0,1.028,1.195,1.1095,98.56,1.195,0.0,ETH-27DEC19-400-P,190.63,0.0,1.025,110.0,2.04,1.0,500.0,0.28379,-0.1111,-1.29519,0.00223,-0.83321
190.95,ETH-27SEP19,1566557942885,open,0.0,2060.0,0.001,0.011,0.000512,114.41,0.003,0.0,ETH-27SEP19-80-P,190.63,0.0,0.0,0.0,0.001,10.0,124.37,0.00728,-0.01194,-0.00086,0.00018,-0.00419
190.95,ETH-27SEP19,1566557942885,open,0.39,47.0,0.354,0.399,0.377041,94.55,0.689,0.0,ETH-27SEP19-120-C,190.63,0.0,0.0,0.0,0.0,0.0,0.0,0.05223,-0.07079,0.10612,0.00159,0.95868
190.95,ETH-27SEP19,1566557942886,open,0.96,259.0,0.933,1.057,0.992486,103.08,0.94,0.0,ETH-27SEP19-380-P,190.63,0.0,0.009,8.0,0.0,0.0,0.0,0.03184,-0.04705,-0.35939,0.00089,-0.97728
190.95,ETH-27SEP19,1566557942886,open,0.66,607.0,0.629,0.741,0.682944,98.21,0.761,0.0,ETH-27SEP19-320-P,190.63,0.0,0.0,0.0,1.39,1.0,500.0,0.07095,-0.09991,-0.29598,0.00207,-0.9393
193.32,ETH-27DEC19,1566557942886,open,2.68,0.0,2.617,2.854,2.730427,103.27,None,0.0,ETH-27DEC19-720-P,190.63,0.0,0.003,5.0,0.0,0.0,0.0,0.07957,-0.03264,-2.46632,0.0006,-0.96891
190.95,ETH-27SEP19,1566557942885,open,0.0,9106.0,0.001,0.015,0.005412,94.31,0.007,0.0,ETH-27SEP19-120-P,190.63,88.69,0.004,344.0,0.006,320.0,96.41,0.05189,-0.07016,-0.00847,0.00158,-0.041
190.71,SYN.ETH-30AUG19,1566557942884,open,0.18,0.0,0.136,0.191,0.164433,86.81,None,0.0,ETH-30AUG19-160-C,190.63,0.0,0.0,0.0,0.0,0.0,0.0,0.03223,-0.20344,0.02777,0.00542,0.93741
190.71,SYN.ETH-30AUG19,1566557942884,open,0.0,367.0,0.001,0.011,0.000957,105.2,0.001,0.0,ETH-30AUG19-260-C,190.63,0.0,0.0,0.0,0.002,900.0,117.88,0.01215,-0.09295,0.00065,0.00169,0.01903
190.95,ETH-27SEP19,1566557942886,open,0.0,839.0,0.001,0.011,0.000128,129.99,0.001,0.0,ETH-27SEP19-60-P,190.63,0.0,0.0,0.0,0.001,200.0,162.69,0.00204,-0.0038,-0.00021,5e-05,-0.00103
193.32,ETH-27DEC19,1566557942889,open,0.01,2514.0,0.001,0.015,0.005102,104.11,0.007,0.0,ETH-27DEC19-760-C,190.63,97.23,0.003,500.0,0.007,110.0,108.83,0.06988,-0.0289,0.01433,0.00052,0.0266
190.71,SYN.ETH-30AUG19,1566557942884,open,0.24,382.0,0.222,0.301,0.260058,89.36,0.303,0.0,ETH-30AUG19-240-P,190.63,0.0,0.0,0.0,0.0,0.0,0.0,0.02019,-0.13118,-0.04401,0.0033,-0.96508
190.71,SYN.ETH-30AUG19,1566557942885,open,0.0,2280.0,0.001,0.011,0.000124,130.0,0.003,0.0,ETH-30AUG19-320-C,190.63,0.0,0.0,0.0,0.001,200.0,162.69,0.00201,-0.01897,8e-05,0.00023,0.00247
190.71,SYN.ETH-30AUG19,1566557942884,open,0.45,0.0,0.426,0.516,0.468934,122.09,None,0.0,ETH-30AUG19-280-P,190.63,0.0,0.0,0.0,0.0,0.0,0.0,0.00913,-0.08103,-0.05228,0.00109,-0.98637
195.71,SYN.ETH-27MAR20,1566557942883,open,0.07,10.0,0.029,0.108,0.066455,98.7,0.059,0.0,ETH-27MAR20-480-C,190.63,96.68,0.062,20.0,0.07,110.0,100.27,0.43745,-0.09954,0.16949,0.00195,0.2122
195.71,SYN.ETH-27MAR20,1566557942884,open,1.3,0.0,1.225,1.427,1.325229,97.44,None,0.0,ETH-27MAR20-440-P,190.63,0.0,1.235,110.0,2.229,1.0,500.0,0.47007,-0.1056,-2.42366,0.00212,-0.75898
190.71,SYN.ETH-30AUG19,1566557942886,open,0.23,0.0,0.19,0.239,0.214657,91.34,None,0.0,ETH-30AUG19-150-C,190.63,0.0,0.0,0.0,0.0,0.0,0.0,0.01476,-0.09806,0.02735,0.00236,0.97604
190.71,SYN.ETH-30AUG19,1566557942885,open,0.0,873.0,0.001,0.011,0.000396,130.0,0.003,0.0,ETH-30AUG19-300-C,190.63,0.0,0.0,0.0,0.001,200.0,145.48,0.0052,-0.04912,0.00024,0.00058,0.00715
190.71,SYN.ETH-30AUG19,1566557942885,open,0.28,0.0,0.244,0.289,0.266435,100.74,None,0.0,ETH-30AUG19-140-C,190.63,0.0,0.0,0.0,0.0,0.0,0.0,0.00733,-0.05372,0.02597,0.00106,0.98941
190.71,SYN.ETH-30AUG19,1566557942884,open,0.01,579.0,0.001,0.027,0.00976,86.05,0.009,0.0,ETH-30AUG19-170-P,190.63,83.66,0.009,200.0,0.01,2.0,86.8,0.06128,-0.38348,-0.00577,0.01039,-0.15092
195.71,SYN.ETH-27MAR20,1566557942883,open,0.08,1.0,0.035,0.121,0.076775,97.35,0.084,0.0,ETH-27MAR20-440-C,190.63,94.05,0.069,386.0,0.082,110.0,99.5,0.46959,-0.10539,0.19048,0.00212,0.24058
195.71,SYN.ETH-27MAR20,1566557942883,open,1.49,0.0,1.416,1.626,1.519314,98.81,None,0.0,ETH-27MAR20-480-P,190.63,0.0,0.0,0.0,0.0,0.0,0.0,0.43807,-0.0998,-2.68227,0.00195,-0.78728
190.71,SYN.ETH-30AUG19,1566557942884,open,0.19,2.0,0.172,0.249,0.209213,86.64,0.144,0.0,ETH-30AUG19-230-P,190.63,0.0,0.0,0.0,0.0,0.0,0.0,0.03311,-0.20858,-0.04111,0.00558,-0.93521
190.78,SYN.ETH-6SEP19,1566557942884,open,0.0,0.06,0.138,0.099312,91.26,None,0.0,ETH-6SEP19-200-P,190.63,79.04,0.09,200.0,0.098,200.0,89.55,0.1461,-0.48047,-0.04854,0.01157,-0.56999
190.71,SYN.ETH-30AUG19,1566557942885,open,0.55,0.0,0.528,0.623,0.57344,130.0,None,0.0,ETH-30AUG19-300-P,190.63,0.0,0.0,0.0,0.0,0.0,0.0,0.0052,-0.04912,-0.05627,0.00058,-0.99285
190.71,SYN.ETH-30AUG19,1566557942884,open,0.02,901.0,0.005,0.047,0.022766,85.45,0.017,0.0,ETH-30AUG19-180-P,190.63,79.52,0.02,520.0,0.023,1.0,85.95,0.08969,-0.55732,-0.01126,0.01532,-0.29062
190.78,SYN.ETH-6SEP19,1566557942884,open,0.0,0.021,0.08,0.050969,91.26,None,0.0,ETH-6SEP19-200-C,190.63,80.81,0.043,200.0,0.05,390.0,90.0,0.1461,-0.48047,0.02749,0.01157,0.43001
190.71,SYN.ETH-30AUG19,1566557942884,open,0.09,949.0,0.045,0.109,0.07894,85.45,0.088,0.0,ETH-30AUG19-180-C,190.63,70.31,0.072,80.0,0.08,80.0,87.7,0.08969,-0.55732,0.02265,0.01532,0.70938
195.71,SYN.ETH-27MAR20,1566557942883,open,0.93,0.0,0.857,1.043,0.950765,96.08,None,0.0,ETH-27MAR20-360-P,190.63,68.72,0.883,110.0,1.824,1.0,500.0,0.54323,-0.12033,-1.89009,0.00248,-0.6746
190.71,SYN.ETH-30AUG19,1566557942885,open,0.33,0.0,0.298,0.34,0.318864,121.83,None,0.0,ETH-30AUG19-130-C,190.63,0.0,0.0,0.0,0.0,0.0,0.0,0.00621,-0.05505,0.02416,0.00074,0.99124
195.71,SYN.ETH-27MAR20,1566557942884,open,1.11,0.0,1.039,1.234,1.136411,96.97,None,0.0,ETH-27MAR20-400-P,190.63,56.74,1.057,110.0,2.027,1.0,500.0,0.50791,-0.11355,-2.15865,0.0023,-0.71991
190.71,SYN.ETH-30AUG19,1566557942888,open,0.06,367.0,0.019,0.077,0.04841,85.16,0.052,0.0,ETH-30AUG19-190-C,190.63,78.91,0.045,200.0,0.049,240.0,86.24,0.104,-0.64406,0.01752,0.01782,0.53605
195.71,SYN.ETH-27MAR20,1566557942883,open,0.1,2.0,0.046,0.139,0.092362,96.89,0.102,0.0,ETH-27MAR20-400-C,190.63,93.62,0.084,379.0,0.098,377.0,99.05,0.50758,-0.11338,0.21788,0.0023,0.27972
190.71,SYN.ETH-30AUG19,1566557942886,open,0.13,400.0,0.086,0.148,0.118368,86.05,0.12,0.0,ETH-30AUG19-170-C,190.63,0.0,0.0,0.0,0.0,0.0,0.0,0.06128,-0.38348,0.02625,0.01039,0.84908
190.78,SYN.ETH-6SEP19,1566557942884,open,0.0,0.036,0.1,0.069214,86.62,None,0.0,ETH-6SEP19-190-C,190.63,81.17,0.065,200.0,0.073,351.0,91.51,0.14752,-0.46044,0.03438,0.01231,0.54325
195.71,SYN.ETH-27MAR20,1566557942883,open,0.12,4.0,0.06,0.16,0.111121,96.01,0.121,0.0,ETH-27MAR20-360-C,190.63,92.69,0.102,367.0,0.117,367.0,98.12,0.54303,-0.1202,0.24882,0.00249,0.32509
190.71,SYN.ETH-30AUG19,1566557942884,open,1.07,0.0,1.037,1.162,1.097392,129.98,None,0.0,ETH-30AUG19-400-P,190.63,0.0,0.0,0.0,0.0,0.0,0.0,3e-05,-0.00026,-0.07535,0.0,-0.99998
190.71,SYN.ETH-30AUG19,1566557942884,open,0.0,970.0,0.001,0.011,0.000522,100.74,0.001,0.0,ETH-30AUG19-140-P,190.63,0.0,0.0,0.0,0.001,53.0,110.62,0.00733,-0.05372,-0.0004,0.00106,-0.01059
190.71,SYN.ETH-30AUG19,1566557942884,open,0.29,0.0,0.273,0.354,0.311821,93.89,None,0.0,ETH-30AUG19-250-P,190.63,0.0,0.0,0.0,0.0,0.0,0.0,0.01314,-0.08968,-0.04638,0.00204,-0.97914
190.71,SYN.ETH-30AUG19,1566557942885,open,0.0,330.0,0.001,0.013,0.003213,86.64,0.004,0.0,ETH-30AUG19-230-C,190.63,78.75,0.002,200.0,0.004,400.0,90.91,0.03311,-0.20858,0.00221,0.00558,0.06479
190.71,SYN.ETH-30AUG19,1566557942884,open,0.1,1.0,0.077,0.153,0.115249,85.18,0.102,0.0,ETH-30AUG19-210-P,190.63,82.08,0.114,80.0,0.121,280.0,98.62,0.0779,-0.48253,-0.03209,0.01335,-0.77804
190.71,SYN.ETH-30AUG19,1566557942888,open,0.0,4133.0,0.001,0.011,1e-06,130.0,0.002,0.0,ETH-30AUG19-400-C,190.63,0.0,0.0,0.0,0.001,200.0,219.92,3e-05,-0.00018,0.0,0.0,2e-05
190.71,SYN.ETH-30AUG19,1566557942884,open,0.76,0.0,0.731,0.838,0.782821,130.0,None,0.0,ETH-30AUG19-340-P,190.63,0.0,0.0,0.0,0.0,0.0,0.0,0.00073,-0.00689,-0.06402,8e-05,-0.99919
190.71,SYN.ETH-30AUG19,1566557942884,open,0.0,1381.0,0.001,0.011,0.00076,122.09,0.001,0.0,ETH-30AUG19-280-C,190.63,0.0,0.0,0.0,0.001,200.0,126.66,0.00913,-0.08103,0.00046,0.00109,0.01363
190.71,SYN.ETH-30AUG19,1566557942884,open,0.0,3916.0,0.001,0.011,1.1e-05,130.0,0.001,0.0,ETH-30AUG19-360-C,190.63,0.0,0.0,0.0,0.001,200.0,193.3,0.00025,-0.00214,1e-05,3e-05,0.00026
190.71,SYN.ETH-30AUG19,1566557942884,open,0.03,831.0,0.006,0.052,0.027291,85.18,0.025,0.0,ETH-30AUG19-200-C,190.63,76.78,0.023,200.0,0.027,2.0,84.62,0.09828,-0.60878,0.01209,0.01684,0.36383
190.71,SYN.ETH-30AUG19,1566557942886,open,0.0,3222.0,0.001,0.013,0.00339,86.81,0.003,0.0,ETH-30AUG19-160-P,190.63,77.46,0.002,900.0,0.004,1.0,90.27,0.03223,-0.20344,-0.00237,0.00542,-0.06259
190.71,SYN.ETH-30AUG19,1566557942886,open,0.0,1066.0,0.001,0.011,0.001623,89.36,0.002,0.0,ETH-30AUG19-240-C,190.63,82.58,0.001,210.0,0.003,550.0,100.08,0.02019,-0.13118,0.0012,0.0033,0.03492
190.71,SYN.ETH-30AUG19,1566557942884,open,0.0,3.0,0.001,0.011,0.000516,121.83,0.002,0.0,ETH-30AUG19-130-P,190.63,0.0,0.0,0.0,0.001,203.0,133.54,0.00621,-0.05505,-0.00033,0.00074,-0.00876
190.71,SYN.ETH-30AUG19,1566557942888,open,0.02,1387.0,0.002,0.034,0.014118,85.18,0.015,0.0,ETH-30AUG19-210-C,190.63,77.28,0.011,200.0,0.015,580.0,87.32,0.0779,-0.48253,0.00747,0.01335,0.22196
190.71,SYN.ETH-30AUG19,1566557942884,open,0.0,206.0,0.001,0.011,0.001179,91.34,0.001,0.0,ETH-30AUG19-150-P,190.63,88.91,0.001,209.0,0.002,108.0,100.31,0.01476,-0.09806,-0.0009,0.00236,-0.02396
190.71,SYN.ETH-30AUG19,1566557942892,open,0.65,0.0,0.63,0.73,0.678038,130.0,None,0.0,ETH-30AUG19-320-P,190.63,0.0,0.0,0.0,0.0,0.0,0.0,0.00201,-0.01897,-0.0602,0.00023,-0.99753
190.71,SYN.ETH-30AUG19,1566557942888,open,0.86,0.0,0.833,0.946,0.887664,130.0,None,0.0,ETH-30AUG19-360-P,190.63,0.0,0.0,0.0,0.0,0.0,0.0,0.00025,-0.00238,-0.06781,3e-05,-0.99974
190.71,SYN.ETH-30AUG19,1566557942886,open,0.34,0.0,0.324,0.408,0.364261,105.2,0.218,0.0,ETH-30AUG19-260-P,190.63,0.0,0.0,0.0,0.0,0.0,0.0,0.01215,-0.09295,-0.04833,0.00169,-0.98097
190.71,SYN.ETH-30AUG19,1566557942890,open,0.15,599.0,0.123,0.2,0.160451,85.75,0.18,0.0,ETH-30AUG19-220-P,190.63,59.61,0.155,200.0,0.167,200.0,105.96,0.0536,-0.33426,-0.03723,0.00912,-0.87594
190.71,SYN.ETH-30AUG19,1566557942884,open,0.0,4065.0,0.001,0.011,3.8e-05,130.0,0.001,0.0,ETH-30AUG19-340-C,190.63,0.0,0.0,0.0,0.001,200.0,178.56,0.00073,-0.00689,3e-05,8e-05,0.00081
190.71,SYN.ETH-30AUG19,1566557942885,open,0.0,10.0,0.001,0.011,0.000951,93.89,0.004,0.0,ETH-30AUG19-250-C,190.63,0.0,0.0,0.0,0.002,600.0,105.69,0.01314,-0.08968,0.00072,0.00204,0.02086
10190.17,BTC-27SEP19,1566557943289,open,0.02,757.3,0.0085,0.044,0.02421037,87.56,0.022,0.0,BTC-27SEP19-8000-P,10136.42,85.18,0.0225,19.3,0.025,14.4,88.64,7.39782,-9.28636,-1.71227,9e-05,-0.15165
10190.17,BTC-27SEP19,1566557943299,open,0.09,432.5,0.061,0.1295,0.09524064,85.63,0.091,0.0,BTC-27SEP19-10000-P,10136.42,83.78,0.093,19.4,0.097,4.4,87.09,12.3087,-15.11123,-5.01056,0.00014,-0.41936
10190.17,BTC-27SEP19,1566557943311,open,0.33,748.2,0.3025,0.343,0.32247684,90.1,0.3625,0.0,BTC-27SEP19-7000-C,10136.42,84.99,0.3205,4.5,0.324,4.9,93.71,4.15643,-5.36913,5.93048,5e-05,0.93156
10190.17,BTC-27SEP19,1566557943316,open,0.33,748.2,0.3025,0.343,0.32247684,90.1,0.3625,0.0,BTC-27SEP19-7000-C,10136.42,84.99,0.3205,4.5,0.324,4.7,93.71,4.15643,-5.36913,5.93048,5e-05,0.93156
10190.17,BTC-27SEP19,1566557943333,open,0.12,604.2,0.079,0.146,0.11390274,85.63,0.121,0.0,BTC-27SEP19-10000-C,10136.42,83.64,0.1115,5.0,0.116,15.4,87.37,12.3087,-15.11095,4.54443,0.00014,0.58063
10190.17,BTC-27SEP19,1566557943343,open,0.15,290.5,0.116,0.194,0.15538717,87.0,0.156,0.0,BTC-27SEP19-11000-P,10136.42,84.22,0.152,19.4,0.1565,4.7,87.91,12.4259,-15.49889,-6.96137,0.00014,-0.55957
10190.17,BTC-27SEP19,1566557943348,open,0.0,330.4,0.0005,0.011,0.00101252,110.39,0.0015,0.0,BTC-27SEP19-4750-P,10136.42,100.97,0.0005,41.0,0.0015,44.4,116.65,0.69282,-1.09645,-0.08806,1e-05,-0.00803
10190.17,BTC-27SEP19,1566557943350,open,0.0,401.3,0.0005,0.012,0.00221507,102.19,0.0025,0.0,BTC-27SEP19-5500-P,10136.42,96.15,0.0015,65.0,0.003,50.5,107.55,1.35585,-1.98632,-0.19116,1e-05,-0.01742
10190.17,BTC-27SEP19,1566557943352,open,0.25,874.9,0.212,0.2655,0.23914006,87.56,0.2445,0.0,BTC-27SEP19-8000-C,10136.42,82.42,0.2355,5.1,0.24,4.0,88.74,7.39773,-9.28611,5.93176,9e-05,0.84836
10190.17,BTC-27SEP19,1566557943357,open,0.25,874.9,0.212,0.2655,0.23914006,87.56,0.2445,0.0,BTC-27SEP19-8000-C,10136.42,82.42,0.2355,5.1,0.2405,5.2,89.42,7.39773,-9.28611,5.93176,9e-05,0.84836
10190.17,BTC-27SEP19,1566557943372,open,0.02,566.1,0.0035,0.0325,0.01455975,93.4,0.014,0.0,BTC-27SEP19-15000-C,10136.42,91.62,0.0135,29.0,0.0155,18.9,94.94,6.15501,-8.24191,0.98853,7e-05,0.11609
10190.17,BTC-27SEP19,1566557943523,open,0.0,684.0,0.0005,0.0105,0.00048915,124.6,0.0005,0.0,BTC-27SEP19-30000-C,10136.42,0.0,0.0,0.0,0.001,29.1,134.0,0.41575,-0.74266,0.03919,0.0,0.00451
10190.17,BTC-27SEP19,1566557943524,open,0.25,874.9,0.212,0.2655,0.23914006,87.56,0.2445,0.0,BTC-27SEP19-8000-C,10136.42,82.42,0.2355,5.1,0.2405,5.3,89.42,7.39773,-9.28611,5.93176,9e-05,0.84836
10190.17,BTC-27SEP19,1566557943537,open,0.0,555.2,0.0005,0.0115,0.00195902,109.62,0.0025,0.0,BTC-27SEP19-22000-C,10136.42,105.91,0.0015,30.0,0.0025,46.1,113.29,1.37988,-2.16854,0.15405,1e-05,0.01778
190.95,ETH-27SEP19,1566557943538,open,0.0,2913.0,0.001,0.011,0.001943,117.05,0.003,0.0,ETH-27SEP19-440-C,190.63,107.97,0.001,2.0,0.003,920.0,124.1,0.02456,-0.04121,0.0027,0.0006,0.01674
190.95,ETH-27SEP19,1566557943639,open,0.0,5128.0,0.001,0.011,0.001458,122.57,0.002,0.0,ETH-27SEP19-480-C,190.63,117.35,0.001,50.0,0.002,520.0,127.43,0.01901,-0.03341,0.002,0.00045,0.01244
195.7,SYN.ETH-27MAR20,1566557943975,open,1.87,0.0,1.8,2.026,1.909592,99.45,None,0.0,ETH-27MAR20-560-P,190.63,0.0,0.0,0.0,0.0,0.0,0.0,0.36931,-0.08467,-3.19548,0.00163,-0.83848
10334.69,BTC-27DEC19,1566557944113,open,0.38,52.5,0.342,0.408,0.37579413,87.12,0.3705,0.0,BTC-27DEC19-7000-C,10136.42,84.38,0.372,3.3,0.3775,3.0,88.34,14.4313,-4.99412,16.74048,4e-05,0.8455
10334.69,BTC-27DEC19,1566557944113,open,0.16,196.6,0.101,0.196,0.15011103,88.61,0.1485,0.0,BTC-27DEC19-12000-C,10136.42,87.07,0.1465,17.1,0.151,3.1,88.99,24.20331,-8.51927,12.0878,7e-05,0.48927
10334.69,BTC-27DEC19,1566557944113,open,0.31,71.1,0.2525,0.3675,0.3112534,88.62,0.326,0.0,BTC-27DEC19-12000-P,10136.42,86.59,0.3065,8.6,0.315,5.6,90.21,24.20332,-8.51947,-29.29598,7e-05,-0.51073
10190.21,BTC-27SEP19,1566557944129,open,0.22,91.6,0.1865,0.2685,0.22760842,88.49,0.1885,0.0,BTC-27SEP19-12000-P,10136.39,81.99,0.2205,8.6,0.2325,8.6,92.87,11.30014,-14.33614,-8.81336,0.00013,-0.67756
10334.69,BTC-27DEC19,1566557944129,open,0.35,91.7,0.3055,0.3785,0.34342822,87.12,0.449,0.0,BTC-27DEC19-7500-C,10136.39,84.32,0.339,3.2,0.345,3.1,88.11,16.40347,-5.67664,16.6729,5e-05,0.81123
10334.66,BTC-27DEC19,1566557944130,open,0.04,641.4,0.015,0.0745,0.04113125,93.21,0.043,0.0,BTC-27DEC19-20000-C,10136.39,92.46,0.04,12.7,0.0435,7.6,94.75,15.67536,-5.80374,4.79057,5e-05,0.17554
10334.66,BTC-27DEC19,1566557944130,open,0.53,206.6,0.479,0.603,0.54079128,90.42,0.454,0.0,BTC-27DEC19-15000-P,10136.39,0.0,0.0045,10.0,1.2815,0.2,500.0,22.01595,-7.90758,-43.10379,7e-05,-0.66861
10147.02,SYN.BTC-30AUG19,1566557944130,open,0.09,148.3,0.071,0.1325,0.10164485,85.01,0.11,0.0,BTC-30AUG19-11000-P,10136.39,71.85,0.096,6.0,0.103,6.0,88.01,4.54598,-28.10275,-1.60261,0.00028,-0.73678
10334.66,BTC-27DEC19,1566557944131,open,0.27,165.1,0.214,0.302,0.2601353,87.12,0.2615,0.0,BTC-27DEC19-9000-C,10136.39,85.1,0.256,5.0,0.262,3.2,88.04,21.08297,-7.29609,15.69793,7e-05,0.70059
10157.81,SYN.BTC-6SEP19,1566557944129,open,1.0,0.0015,0.0265,0.01121227,85.78,0.0105,0.0,BTC-6SEP19-8500-P,10136.39,81.39,0.0095,4.7,0.0125,4.2,88.92,4.08344,-12.62177,-0.52709,0.00012,-0.12528
10190.21,BTC-27SEP19,1566557944132,open,0.59,9.2,0.574,0.5935,0.58355952,117.77,0.574,0.0,BTC-27SEP19-4250-C,10136.39,0.0,0.005,0.1,0.6345,5.0,299.12,0.44558,-0.75231,4.00727,0.0,0.99512
10157.81,SYN.BTC-6SEP19,1566557944129,open,0.0,0.084,0.1515,0.11814566,85.2,None,0.0,BTC-6SEP19-11000-P,10136.39,75.82,0.1115,11.3,0.12,0.4,87.77,7.304,-22.42298,-2.98213,0.00022,-0.65412
10157.81,SYN.BTC-6SEP19,1566557944129,open,0.0,0.122,0.1895,0.15551341,85.4,None,0.0,BTC-6SEP19-11500-P,10136.39,74.55,0.149,12.0,0.1595,12.0,91.66,6.34609,-19.52888,-3.48139,0.00019,-0.74604
10157.81,SYN.BTC-6SEP19,1566557944129,open,0.0,0.071,0.1295,0.10153795,85.18,None,0.0,BTC-6SEP19-9500-C,10136.39,79.3,0.0975,4.1,0.1015,4.6,85.13,7.0205,-21.54899,2.25915,0.00021,0.68657
10147.02,SYN.BTC-30AUG19,1566557944129,open,0.0,1400.7,0.0005,0.0115,0.00177935,97.34,0.002,0.0,BTC-30AUG19-8000-P,10136.39,94.39,0.0015,51.0,0.002,30.1,99.48,1.01037,-7.15165,-0.06537,5e-05,-0.03242
10157.81,SYN.BTC-6SEP19,1566557944129,open,0.1,0.014,0.062,0.03677961,85.18,0.0365,0.0,BTC-6SEP19-9500-P,10136.39,81.87,0.0345,0.1,0.0365,4.3,84.78,7.02051,-21.54941,-1.35235,0.00021,-0.31343
10157.81,SYN.BTC-6SEP19,1566557944129,open,2.0,0.0005,0.025,0.00972945,86.23,0.01,0.0,BTC-6SEP19-12500-C,10136.39,83.08,0.0085,5.0,0.0095,1.0,85.66,4.07854,-12.67307,0.44539,0.00012,0.12507
10147.02,SYN.BTC-30AUG19,1566557944130,open,0.13,1.5,0.1135,0.173,0.14233814,85.07,0.148,0.0,BTC-30AUG19-11500-P,10136.39,68.1,0.1375,12.0,0.1465,12.0,96.9,3.32372,-20.56043,-1.88655,0.0002,-0.84464
10157.81,SYN.BTC-6SEP19,1566557944129,open,11.4,0.003,0.0335,0.01501811,85.4,0.0155,0.0,BTC-6SEP19-12000-C,10136.39,82.37,0.0135,5.1,0.0155,1.1,86.34,5.18586,-15.95833,0.63474,0.00015,0.17939
10147.02,SYN.BTC-30AUG19,1566557944130,open,0.04,441.9,0.0095,0.0565,0.03194747,85.0,0.03,0.0,BTC-30AUG19-10500-C,10136.39,78.51,0.0285,0.3,0.031,4.6,83.22,5.40495,-33.4094,0.71726,0.00033,0.40719
10334.66,BTC-27DEC19,1566557944134,open,0.32,220.4,0.2725,0.351,0.31340629,87.12,0.303,0.0,BTC-27DEC19-8000-C,10136.39,84.33,0.3085,3.2,0.315,3.2,88.03,18.1897,-6.29483,16.46092,6e-05,0.77526
10157.81,SYN.BTC-6SEP19,1566557944129,open,0.0,0.0005,0.017,0.00591238,88.92,None,0.0,BTC-6SEP19-8000-P,10136.39,83.27,0.0045,5.0,0.007,4.0,92.84,2.70528,-8.66793,-0.29925,8e-05,-0.07158
10479.15,SYN.BTC-27MAR20,1566557944130,open,0.5,2.6,0.439,0.5825,0.51225676,90.47,0.519,0.0,BTC-27MAR20-14000-P,10136.39,86.96,0.5015,3.6,0.5275,3.6,95.43,32.15359,-6.70647,-64.68349,5e-05,-0.52658
10157.81,SYN.BTC-6SEP19,1566557944129,open,12.0,0.0125,0.06,0.03523412,85.19,0.031,0.0,BTC-6SEP19-11000-C,10136.39,79.26,0.031,5.4,0.0345,0.4,84.17,7.30396,-22.4224,1.19958,0.00022,0.34588
10157.81,SYN.BTC-6SEP19,1566557944130,open,2.1,0.0005,0.02,0.00675842,88.73,0.0065,0.0,BTC-6SEP19-13000-C,10136.39,84.57,0.0055,3.7,0.008,4.8,92.49,3.22184,-10.30183,0.32226,9e-05,0.09021
10147.02,SYN.BTC-30AUG19,1566557944131,open,0.02,743.2,0.003,0.038,0.01758281,85.01,0.0165,0.0,BTC-30AUG19-11000-C,10136.39,79.14,0.015,0.2,0.0175,4.6,84.82,4.54598,-28.10278,0.46952,0.00028,0.26322
10147.02,SYN.BTC-30AUG19,1566557944132,open,0.0,274.5,0.0005,0.0105,0.00074285,104.86,0.0015,0.0,BTC-30AUG19-14000-C,10136.39,99.61,0.0005,19.9,0.001,36.7,109.27,0.53387,-4.07112,0.02766,3e-05,0.01521
10147.02,SYN.BTC-30AUG19,1566557944130,open,0.0,113.8,0.0005,0.0105,0.0007635,104.18,0.001,0.0,BTC-30AUG19-7500-P,10136.39,98.2,0.0005,15.4,0.001,41.4,108.48,0.51007,-3.86438,-0.02904,3e-05,-0.01443
10147.02,SYN.BTC-30AUG19,1566557944134,open,0.01,213.1,0.0005,0.025,0.00900056,85.07,0.0085,0.0,BTC-30AUG19-11500-C,10136.39,80.33,0.0075,3.4,0.0095,31.3,86.58,3.32373,-20.56046,0.27977,0.0002,0.15536
10147.02,SYN.BTC-30AUG19,1566557944131,open,0.01,1187.8,0.0005,0.0245,0.00886596,85.67,0.009,0.0,BTC-30AUG19-9000-P,10136.39,82.78,0.008,30.0,0.0095,3.8,87.71,3.10413,-19.33768,-0.2851,0.00019,-0.14029
10147.02,SYN.BTC-30AUG19,1566557944131,open,0.04,1144.8,0.0145,0.066,0.03929417,85.0,0.038,0.0,BTC-30AUG19-10000-P,10136.39,77.02,0.035,18.0,0.0385,11.1,83.52,5.46328,-33.76963,-0.89173,0.00033,-0.42723
195.7,SYN.ETH-27MAR20,1566557944177,open,2.07,0.0,1.994,2.228,2.106709,99.49,None,0.0,ETH-27MAR20-600-P,190.63,0.0,0.0,0.0,0.0,0.0,0.0,0.3368,-0.07725,-3.44898,0.00149,-0.85936
10190.18,BTC-27SEP19,1566557944196,open,0.33,748.2,0.3025,0.343,0.32247684,90.1,0.3625,0.0,BTC-27SEP19-7000-C,10136.39,84.99,0.3205,4.6,0.324,4.7,93.71,4.15652,-5.36931,5.93046,5e-05,0.93156
10190.18,BTC-27SEP19,1566557944201,open,0.33,748.2,0.3025,0.343,0.32247684,90.1,0.3625,0.0,BTC-27SEP19-7000-C,10136.39,84.99,0.3205,4.6,0.324,4.9,93.71,4.15652,-5.36931,5.93046,5e-05,0.93156
10190.18,BTC-27SEP19,1566557944211,open,0.12,604.2,0.079,0.146,0.11390274,85.63,0.121,0.0,BTC-27SEP19-10000-C,10136.39,83.64,0.1115,5.0,0.116,15.5,87.37,12.30871,-15.11099,4.54445,0.00014,0.58064
10190.18,BTC-27SEP19,1566557944220,open,0.18,373.2,0.1355,0.199,0.16836443,85.81,0.16,0.0,BTC-27SEP19-9000-C,10136.39,83.51,0.166,5.0,0.17,4.3,87.4,10.49084,-12.90633,5.42985,0.00012,0.72603
10190.21,BTC-27SEP19,1566557944238,open,0.25,874.9,0.212,0.2655,0.23914006,87.55,0.2445,0.0,BTC-27SEP19-8000-C,10136.39,82.42,0.2355,5.1,0.24,4.0,88.73,7.39747,-9.28548,5.93187,9e-05,0.84837
193.32,ETH-27DEC19,1566557944417,open,0.37,812.0,0.313,0.448,0.383007,94.26,0.395,0.0,ETH-27DEC19-240-P,190.63,91.69,0.377,48.0,0.393,120.0,98.56,0.44998,-0.16847,-0.61892,0.0037,-0.54538
190.78,SYN.ETH-6SEP19,1566557944418,open,0.0,0.06,0.138,0.099311,91.26,None,0.0,ETH-6SEP19-200-P,190.63,79.04,0.09,440.0,0.098,200.0,89.55,0.1461,-0.48047,-0.04854,0.01157,-0.56999
190.78,SYN.ETH-6SEP19,1566557944426,open,0.0,0.064,0.133,0.100773,91.26,None,0.0,ETH-6SEP19-180-C,190.63,73.13,0.088,240.0,0.102,240.0,92.98,0.13611,-0.4476,0.04065,0.01078,0.66121
193.32,ETH-27DEC19,1566557944431,open,0.12,1888.0,0.077,0.164,0.121288,92.71,0.119,0.0,ETH-27DEC19-160-P,190.63,88.95,0.114,64.0,0.121,10.0,92.57,0.37379,-0.13765,-0.25934,0.00313,-0.26773
190.95,ETH-27SEP19,1566557944451,open,0.1,1628.0,0.054,0.124,0.0909,89.86,0.095,0.0,ETH-27SEP19-200-C,190.63,86.67,0.087,110.0,0.094,383.0,92.35,0.23538,-0.30326,0.07261,0.00752,0.48891
190.95,ETH-27SEP19,1566557944460,open,0.01,7893.0,0.005,0.033,0.016512,91.33,0.014,0.0,ETH-27SEP19-140-P,190.63,86.82,0.014,674.0,0.018,299.0,93.91,0.10908,-0.14283,-0.0226,0.00343,-0.10739
190.71,SYN.ETH-30AUG19,1566557944470,open,0.1,1.0,0.077,0.153,0.115249,85.18,0.102,0.0,ETH-30AUG19-210-P,190.63,82.08,0.114,80.0,0.121,200.0,98.62,0.0779,-0.48253,-0.03209,0.01335,-0.77804
190.75,SYN.ETH-6SEP19,1566557944618,open,0.0,0.274,0.362,0.317018,93.82,None,0.0,ETH-6SEP19-250-P,190.63,0.0,0.0,0.0,0.0,0.0,0.0,0.0567,-0.19169,-0.08951,0.00437,-0.91729
195.7,SYN.ETH-27MAR20,1566557944897,open,0.17,0.0,0.109,0.221,0.168478,94.39,None,0.0,ETH-27MAR20-280-C,190.62,90.95,0.158,352.0,0.175,352.0,96.52,0.59686,-0.12988,0.32603,0.00278,0.44886
195.7,SYN.ETH-27MAR20,1566557944897,open,0.17,1.0,0.118,0.221,0.171542,92.52,0.172,0.0,ETH-27MAR20-160-P,190.62,89.91,0.165,140.0,0.181,180.0,96.29,0.49068,-0.10466,-0.50344,0.00233,-0.26141
195.7,SYN.ETH-27MAR20,1566557944897,open,0.47,0.0,0.424,0.502,0.46572,92.54,None,0.0,ETH-27MAR20-120-C,190.62,79.43,0.443,1.0,0.48,1.0,100.43,0.34958,-0.07458,0.44844,0.00166,0.85137
190.94,ETH-27SEP19,1566557944982,open,0.15,949.0,0.099,0.173,0.138421,89.93,0.147,0.0,ETH-27SEP19-180-C,190.62,86.12,0.134,192.0,0.143,302.0,93.88,0.22138,-0.28543,0.09102,0.00707,0.6373
190.94,ETH-27SEP19,1566557945108,open,0.15,949.0,0.099,0.173,0.138421,89.93,0.147,0.0,ETH-27SEP19-180-C,190.62,86.12,0.134,302.0,0.143,302.0,93.88,0.22138,-0.28543,0.09102,0.00707,0.6373
10334.68,BTC-27DEC19,1566557945136,open,0.09,448.1,0.052,0.124,0.08750003,87.12,0.091,0.0,BTC-27DEC19-8000-P,10136.37,85.41,0.0845,4.9,0.089,8.1,87.97,18.18968,-6.29483,-11.12824,6e-05,-0.22473
10334.66,BTC-27DEC19,1566557945139,open,0.22,502.1,0.1665,0.2595,0.21523058,87.12,0.213,0.0,BTC-27DEC19-10000-C,10136.37,85.45,0.2115,8.8,0.2175,3.2,88.14,23.00241,-7.96037,14.62491,7e-05,0.62557
10157.79,SYN.BTC-6SEP19,1566557945136,open,0.2,0.0435,0.102,0.07359562,85.01,0.075,0.0,BTC-6SEP19-10000-C,10136.37,78.36,0.0685,5.0,0.073,4.5,84.23,7.77789,-23.82633,1.91834,0.00023,0.57038
10157.79,SYN.BTC-6SEP19,1566557945136,open,0.0,0.304,0.366,0.33318952,88.72,None,0.0,BTC-6SEP19-13500-P,10136.37,0.0,0.0,0.0,0.0,0.0,0.0,2.34809,-7.507,-4.91788,7e-05,-0.94036
10157.79,SYN.BTC-6SEP19,1566557945136,open,0.0,0.0005,0.0145,0.00416328,88.74,None,0.0,BTC-6SEP19-13500-C,10136.37,83.25,0.003,16.2,0.005,0.5,92.18,2.34898,-7.51091,0.21433,7e-05,0.05967
10157.79,SYN.BTC-6SEP19,1566557945136,open,0.0,0.0005,0.0125,0.00267611,90.75,None,0.0,BTC-6SEP19-7500-P,10136.37,85.96,0.002,14.6,0.0035,0.3,95.73,1.55547,-5.08631,-0.1482,4e-05,-0.0357
10157.79,SYN.BTC-6SEP19,1566557945137,open,0.0,0.006,0.042,0.02126123,85.24,None,0.0,BTC-6SEP19-9000-P,10136.37,80.22,0.0185,4.6,0.022,4.1,86.55,5.68551,-17.4625,-0.88763,0.00017,-0.2086
10157.79,SYN.BTC-6SEP19,1566557945136,open,0.0,0.247,0.2825,0.2643282,90.76,None,0.0,BTC-6SEP19-7500-C,10136.37,0.0,0.01,1.0,0.0,0.0,0.0,1.556,-5.08861,2.70291,4e-05,0.96428
10146.99,SYN.BTC-30AUG19,1566557945136,open,0.06,79.8,0.0365,0.0965,0.06673396,85.0,0.061,0.0,BTC-30AUG19-10500-P,10136.37,76.07,0.062,4.4,0.0655,3.7,82.68,5.40489,-33.4078,-1.2607,0.00033,-0.59282
10479.14,SYN.BTC-27MAR20,1566557945136,open,0.1,15.6,0.0485,0.1445,0.0946061,92.72,0.094,0.0,BTC-27MAR20-20000-C,10136.37,92.11,0.093,0.2,0.0995,14.6,94.56,27.74774,-5.93147,12.30299,5e-05,0.2922
10146.99,SYN.BTC-30AUG19,1566557945136,open,0.0,434.6,0.0005,0.0115,0.00170961,95.79,0.0015,0.0,BTC-30AUG19-13000-C,10136.37,93.71,0.0015,99.5,0.002,36.3,98.44,1.0628,-7.40365,0.06263,6e-05,0.03447
10157.79,SYN.BTC-6SEP19,1566557945136,open,13.0,0.006,0.0455,0.023379,85.4,0.0215,0.0,BTC-6SEP19-11500-C,10136.37,80.72,0.0205,5.1,0.0245,14.6,87.18,6.34599,-19.52841,0.89038,0.00019,0.25396
10334.68,BTC-27DEC19,1566557945151,open,1.33,0.0,1.285,1.415,1.34647586,95.48,None,0.0,BTC-27DEC19-24000-P,10136.37,0.0,0.006,1.0,2.1115,0.2,500.0,11.47228,-4.35119,-79.68062,3e-05,-0.88919
10190.16,BTC-27SEP19,1566557945731,open,0.05,491.5,0.026,0.0795,0.05156868,85.81,0.051,0.0,BTC-27SEP19-9000-P,10136.37,83.8,0.0495,24.3,0.0535,17.2,87.68,10.49084,-12.90617,-3.16964,0.00012,-0.27397
10190.16,BTC-27SEP19,1566557946013,open,0.0,428.2,0.0005,0.0105,0.00058049,119.77,0.0005,0.0,BTC-27SEP19-28000-C,10136.37,0.0,0.0,0.0,0.001,21.3,126.79,0.49268,-0.84596,0.04752,0.0,0.00546
10190.16,BTC-27SEP19,1566557946015,open,0.33,748.2,0.3025,0.343,0.32247616,90.11,0.3625,0.0,BTC-27SEP19-7000-C,10136.37,84.99,0.3205,4.7,0.324,4.9,93.71,4.15691,-5.37008,5.93036,5e-05,0.93155
10190.16,BTC-27SEP19,1566557946023,open,0.33,748.2,0.3025,0.343,0.32247616,90.11,0.3625,0.0,BTC-27SEP19-7000-C,10136.37,84.99,0.3205,4.7,0.324,5.0,93.71,4.15691,-5.37008,5.93036,5e-05,0.93155
10190.16,BTC-27SEP19,1566557946038,open,0.12,604.2,0.079,0.146,0.11390207,85.63,0.121,0.0,BTC-27SEP19-10000-C,10136.37,83.64,0.1115,5.0,0.1155,4.3,86.95,12.3087,-15.11116,4.54441,0.00014,0.58063
10190.16,BTC-27SEP19,1566557946057,open,0.0,684.0,0.0005,0.0105,0.00048915,124.6,0.0005,0.0,BTC-27SEP19-30000-C,10136.37,0.0,0.0,0.0,0.001,29.2,134.0,0.41577,-0.74269,0.03919,0.0,0.00451
10190.16,BTC-27SEP19,1566557946058,open,0.25,874.9,0.212,0.2655,0.2391392,87.56,0.2445,0.0,BTC-27SEP19-8000-C,10136.37,82.42,0.2355,5.2,0.24,4.0,88.74,7.39804,-9.28697,5.93163,9e-05,0.84835
10190.16,BTC-27SEP19,1566557946067,open,0.25,874.9,0.212,0.2655,0.2391392,87.56,0.2445,0.0,BTC-27SEP19-8000-C,10136.37,82.42,0.2355,5.2,0.24,4.1,88.74,7.39804,-9.28697,5.93163,9e-05,0.84835
10190.16,BTC-27SEP19,1566557946079,open,0.0,555.2,0.0005,0.0115,0.00195903,109.62,0.0025,0.0,BTC-27SEP19-22000-C,10136.37,105.92,0.0015,30.0,0.0025,46.2,113.29,1.37993,-2.16864,0.15405,1e-05,0.01778
190.74,SYN.ETH-6SEP19,1566557946135,open,1.0,0.017,0.074,0.044328,91.23,0.032,0.0,ETH-6SEP19-180-P,190.62,80.9,0.037,200.0,0.044,200.0,90.77,0.13614,-0.44755,-0.02781,0.01079,-0.33913
10334.68,BTC-27DEC19,1566557946143,open,0.02,119.1,0.0075,0.038,0.02038349,88.71,0.0225,0.0,BTC-27DEC19-5500-P,10135.95,86.94,0.019,6.0,0.0215,5.1,90.1,8.2037,-2.89081,-3.24321,3e-05,-0.07061
10334.68,BTC-27DEC19,1566557946143,open,3.22,0.0,3.175,3.3575,3.26173103,106.16,3.46,0.0,BTC-27DEC19-44000-P,10135.95,0.0,0.0,0.0,0.0,0.0,0.0,3.19843,-1.34872,-151.10311,1e-05,-0.97789
10334.68,BTC-27DEC19,1566557946143,open,0.03,343.6,0.007,0.0505,0.02419375,95.48,0.028,0.0,BTC-27DEC19-24000-C,10135.95,94.85,0.0235,6.0,0.0265,16.0,97.51,11.47131,-4.35065,3.08664,3e-05,0.1108
10334.68,BTC-27DEC19,1566557946143,open,0.67,4.0,0.655,0.675,0.66452343,95.3,0.666,0.0,BTC-27DEC19-3500-C,10135.95,0.0,0.0075,0.2,0.978,1.0,500.0,2.08483,-0.78917,11.47922,1e-05,0.98661
10334.68,BTC-27DEC19,1566557946143,open,0.42,63.0,0.381,0.44,0.41080235,87.35,0.4965,0.0,BTC-27DEC19-6500-C,10135.95,0.0,0.355,1.0,0.93,0.5,500.0,12.3486,-4.28466,16.61791,4e-05,0.87706
10190.13,BTC-27SEP19,1566557946143,open,0.66,261.1,0.647,0.6665,0.6567216,125.06,0.714,0.0,BTC-27SEP19-3500-C,10135.95,0.0,0.161,1.0,0.688,10.0,300.57,0.15839,-0.28399,3.32729,0.0,0.99845
10334.68,BTC-27DEC19,1566557946144,open,2.08,0.3,2.038,2.1845,2.10693447,100.33,1.875,0.0,BTC-27DEC19-32000-P,10135.95,0.0,0.0,0.0,0.0,0.0,0.0,6.47903,-2.582,-108.87231,2e-05,-0.94779
10334.68,BTC-27DEC19,1566557946144,open,0.49,73.3,0.4665,0.511,0.48819392,88.71,0.4875,0.0,BTC-27DEC19-5500-C,10135.95,0.0,0.255,1.0,0.94,0.5,500.0,8.20355,-2.89072,15.72445,3e-05,0.92939
10190.13,BTC-27SEP19,1566557946144,open,0.0,662.1,0.0005,0.0135,0.00359593,97.28,0.0035,0.0,BTC-27SEP19-6000-P,10135.95,94.11,0.003,20.0,0.004,15.0,99.25,2.02073,-2.81811,-0.30714,2e-05,-0.02795
10334.68,BTC-27DEC19,1566557946144,open,3.99,0.8,3.9335,4.1435,4.03427842,109.56,3.59,0.0,BTC-27DEC19-52000-P,10135.95,0.0,0.001,1.0,0.0,0.0,0.0,2.20331,-0.9589,-178.91614,1e-05,-0.98572
10334.68,BTC-27DEC19,1566557946144,open,0.81,0.0,0.7975,0.817,0.80723236,116.07,None,0.0,BTC-27DEC19-2000-C,10135.95,0.0,0.0145,3.0,0.969,0.5,500.0,0.55137,-0.2542,6.76428,0.0,0.99702
10334.68,BTC-27DEC19,1566557946144,open,0.76,0.0,0.749,0.7685,0.75885247,100.59,None,0.0,BTC-27DEC19-2500-C,10135.95,0.0,0.0145,3.0,0.964,0.5,500.0,0.63591,-0.25407,8.47035,0.0,0.99651
10190.13,BTC-27SEP19,1566557946144,open,0.56,289.7,0.5495,0.569,0.55940895,117.58,0.588,0.0,BTC-27SEP19-4500-C,10135.95,0.0,0.002,1.1,0.618,5.0,299.22,0.65529,-1.10464,4.21648,1e-05,0.99246
10190.13,BTC-27SEP19,1566557946144,open,0.0,143.5,0.0005,0.0105,0.00097974,118.67,0.0015,0.0,BTC-27SEP19-26000-C,10135.95,110.56,0.0005,0.5,0.0015,46.8,124.64,0.75751,-1.28876,0.07703,1e-05,0.00889
10190.13,BTC-27SEP19,1566557946144,open,0.0,125.2,0.0005,0.0105,0.00035183,125.0,0.0005,0.0,BTC-27SEP19-3750-P,10135.95,0.0,0.0,0.0,0.001,57.0,141.61,0.26335,-0.47194,-0.02986,0.0,-0.00271
10334.68,BTC-27DEC19,1566557946144,open,0.19,597.1,0.1295,0.225,0.1795131,87.89,0.1775,0.0,BTC-27DEC19-11000-C,10135.95,86.38,0.176,13.3,0.1815,3.4,88.75,23.98527,-8.37367,13.36695,7e-05,0.55456
10334.68,BTC-27DEC19,1566557946144,open,0.61,23.1,0.562,0.687,0.62380775,90.9,0.6755,0.0,BTC-27DEC19-16000-P,10135.95,0.0,0.0045,5.0,1.3725,0.2,499.81,20.79229,-7.50777,-47.51907,6e-05,-0.70947
10190.13,BTC-27SEP19,1566557946144,open,1.53,0.0,1.5015,1.606,1.55246077,118.57,None,0.0,BTC-27SEP19-26000-P,10135.95,0.0,0.0,0.0,0.0,0.0,0.0,0.75332,-1.28053,-24.7664,1e-05,-0.99116
10190.13,BTC-27SEP19,1566557946144,open,0.0,716.4,0.0005,0.0125,0.00277486,103.31,0.003,0.0,BTC-27SEP19-20000-C,10135.95,98.63,0.002,39.0,0.0035,30.3,106.97,1.87047,-2.77045,0.22106,2e-05,0.02548
10334.68,BTC-27DEC19,1566557946144,open,0.05,263.0,0.027,0.082,0.05312663,87.12,0.0505,0.0,BTC-27DEC19-7000-P,10135.95,85.59,0.051,4.9,0.055,13.2,88.46,14.43143,-4.99424,-7.40021,4e-05,-0.15451
10190.13,BTC-27SEP19,1566557946144,open,0.0,492.7,0.0005,0.0105,4.6e-07,125.0,0.0005,0.0,BTC-27SEP19-2000-P,10135.95,0.0,0.0,0.0,0.0005,73.1,208.28,0.00076,-0.00136,-6e-05,0.0,-1e-05
10190.13,BTC-27SEP19,1566557946144,open,0.0,586.8,0.0005,0.0105,4.353e-05,125.0,0.0005,0.0,BTC-27SEP19-3000-P,10135.95,0.0,0.0,0.0,0.0005,30.0,157.57,0.04475,-0.08019,-0.00425,0.0,-0.00039
10334.68,BTC-27DEC19,1566557946144,open,0.71,0.0,0.7015,0.721,0.71149434,98.71,None,0.0,BTC-27DEC19-3000-C,10135.95,0.0,0.006,10.0,0.96,0.5,500.0,1.28412,-0.50351,10.00864,0.0,0.99232
10334.68,BTC-27DEC19,1566557946144,open,0.01,344.8,0.0005,0.0155,0.00555055,93.15,0.0065,0.0,BTC-27DEC19-4000-P,10135.95,89.58,0.0045,9.8,0.0065,16.0,96.07,3.22004,-1.19146,-0.99204,1e-05,-0.02228
10190.13,BTC-27SEP19,1566557946144,open,0.0,454.6,0.0005,0.0105,0.00050557,122.25,0.001,0.0,BTC-27SEP19-4000-P,10135.95,0.0,0.0,0.0,0.001,33.9,133.03,0.36191,-0.63429,-0.04256,0.0,-0.00387
10190.13,BTC-27SEP19,1566557946144,open,0.52,789.2,0.4995,0.523,0.51078987,109.06,0.5015,0.0,BTC-27SEP19-5000-C,10135.95,0.0,0.051,1.0,0.5865,5.0,299.2,0.93283,-1.45849,4.65338,1e-05,0.98871
10190.13,BTC-27SEP19,1566557946144,open,0.0,49.2,0.0005,0.0105,9.526e-05,125.0,0.0015,0.0,BTC-27SEP19-3250-P,10135.95,0.0,0.0,0.0,0.001,67.0,160.7,0.08781,-0.15736,-0.00886,0.0,-0.00081
10334.68,BTC-27DEC19,1566557946144,open,0.0,100.7,0.0005,0.0105,0.00075554,116.07,0.0005,0.0,BTC-27DEC19-2000-P,10135.95,110.57,0.0005,6.0,0.001,1.0,120.21,0.55138,-0.25421,-0.13302,0.0,-0.00298
10334.68,BTC-27DEC19,1566557946144,open,0.38,110.4,0.3225,0.442,0.38310555,88.98,0.3295,0.0,BTC-27DEC19-13000-P,10135.95,86.33,0.377,5.0,0.388,5.0,91.1,23.83222,-8.42331,-33.98974,7e-05,-0.57057
10334.68,BTC-27DEC19,1566557946144,open,0.62,27.7,0.607,0.632,0.61850352,93.15,0.6705,0.0,BTC-27DEC19-4000-C,10135.95,0.0,0.45,1.0,0.65,0.2,150.19,3.21981,-1.19135,12.80265,1e-05,0.97772
10190.13,BTC-27SEP19,1566557946144,open,1.14,0.2,1.117,1.2095,1.16090452,109.57,1.391,0.0,BTC-27SEP19-22000-P,10135.95,0.0,0.0045,10.0,0.0,0.0,0.0,1.37686,-2.16288,-20.8673,1e-05,-0.98227
10334.68,BTC-27DEC19,1566557946144,open,2.84,0.0,2.796,2.966,2.87640891,105.39,2.58,0.0,BTC-27DEC19-40000-P,10135.95,0.0,0.0005,3.0,0.0,0.0,0.0,4.15695,-1.74021,-137.08007,1e-05,-0.96976
10190.13,BTC-27SEP19,1566557946144,open,0.0,287.3,0.0005,0.011,0.00125965,113.34,0.003,0.0,BTC-27SEP19-24000-C,10135.95,110.34,0.001,10.0,0.0015,28.2,115.75,0.95574,-1.553,0.10074,1e-05,0.01161
10334.68,BTC-27DEC19,1566557946144,open,0.0,384.0,0.0005,0.0115,0.00177909,98.71,0.0015,0.0,BTC-27DEC19-3000-P,10135.95,91.22,0.001,22.2,0.0025,10.0,103.89,1.28412,-0.50351,-0.33731,0.0,-0.00768
10334.68,BTC-27DEC19,1566557946144,open,0.0,175.8,0.0005,0.0105,0.00035231,125.0,0.0005,0.0,BTC-27DEC19-1500-P,10135.95,0.0,0.0,0.0,0.001,22.0,141.31,0.27199,-0.13505,-0.06126,0.0,-0.00137
10146.97,SYN.BTC-30AUG19,1566557946144,open,0.46,0.0,0.4495,0.511,0.47873362,116.47,None,0.0,BTC-30AUG19-15000-P,10135.95,0.0,0.0,0.0,0.0,0.0,0.0,0.33884,-2.86993,-2.80928,1e-05,-0.99099
10146.97,SYN.BTC-30AUG19,1566557946144,open,0.18,55.1,0.16,0.2165,0.18695071,85.28,0.2565,0.0,BTC-30AUG19-12000-P,10135.95,77.76,0.1855,3.9,0.0,0.0,0.0,2.16002,-13.3947,-2.10702,0.00013,-0.91537
10157.76,SYN.BTC-6SEP19,1566557946143,open,0.0,0.1075,0.1615,0.13524227,85.24,None,0.0,BTC-6SEP19-9000-C,10135.95,0.0,0.0,0.0,0.2415,1.0,246.35,5.68571,-17.46395,2.53371,0.00017,0.79138
10190.13,BTC-27SEP19,1566557946145,open,0.38,68.8,0.3565,0.4375,0.39553884,91.59,0.4015,0.0,BTC-27SEP19-14000-P,10135.95,0.0,0.361,5.0,0.43,5.0,129.25,7.77174,-10.20547,-11.9963,9e-05,-0.83654
10190.13,BTC-27SEP19,1566557946145,open,0.95,0.0,0.925,1.011,0.96545258,103.28,0.691,0.0,BTC-27SEP19-20000-P,10135.95,0.0,0.0045,10.0,1.372,0.2,499.98,1.86794,-2.76587,-18.88925,2e-05,-0.97456
10190.13,BTC-27SEP19,1566557946145,open,0.71,225.7,0.696,0.7155,0.70564187,125.2,0.693,0.0,BTC-27SEP19-3000-C,10135.95,0.0,0.0045,20.0,0.828,5.0,500.0,0.04545,-0.08158,2.86218,0.0,0.9996
10190.13,BTC-27SEP19,1566557946145,open,0.81,28.2,0.794,0.8135,0.80373268,130.29,0.755,0.0,BTC-27SEP19-2000-C,10135.95,0.0,0.01,1.0,0.8705,5.0,500.0,0.00154,-0.00288,1.91088,0.0,0.99999
10334.68,BTC-27DEC19,1566557946145,open,0.02,147.5,0.0035,0.037,0.01551588,97.98,0.0185,0.0,BTC-27DEC19-28000-C,10135.95,96.73,0.0145,4.0,0.017,6.0,99.73,8.53011,-3.31995,2.09522,2e-05,0.0743
10334.68,BTC-27DEC19,1566557946145,open,1.14,4.9,1.0995,1.2275,1.16006804,94.4,1.0385,0.0,BTC-27DEC19-22000-P,10135.95,0.0,0.006,2.0,1.926,0.3,500.0,13.42986,-5.03585,-72.03915,4e-05,-0.86119
10190.13,BTC-27SEP19,1566557946145,open,0.0,1073.7,0.0005,0.0105,0.00062812,117.8,0.0005,0.0,BTC-27SEP19-4250-P,10135.95,0.0,0.0,0.0,0.001,16.0,124.97,0.4464,-0.75391,-0.05371,0.0,-0.00489
10334.68,BTC-27DEC19,1566557946144,open,0.45,294.4,0.3985,0.521,0.46019443,89.71,0.45,0.0,BTC-27DEC19-14000-P,10135.95,0.0,0.006,3.0,1.1895,0.2,499.59,23.0564,-8.21627,-38.59745,7e-05,-0.62277
10190.13,BTC-27SEP19,1566557946144,open,0.68,0.5,0.6715,0.691,0.68116013,125.11,0.694,0.0,BTC-27SEP19-3250-C,10135.95,0.0,0.0045,10.0,0.8185,5.0,500.0,0.08847,-0.15869,3.09644,0.0,0.99918
10190.13,BTC-27SEP19,1566557946145,open,0.47,221.9,0.45,0.4765,0.46247873,102.2,0.4675,0.0,BTC-27SEP19-5500-C,10135.95,0.0,0.46,3.0,0.7475,5.0,500.0,1.35646,-1.98745,5.06397,1e-05,0.98257
10190.13,BTC-27SEP19,1566557946145,open,0.0,406.8,0.0005,0.0105,6.34e-06,125.0,0.0005,0.0,BTC-27SEP19-2500-P,10135.95,0.0,0.0,0.0,0.0005,42.0,180.24,0.00821,-0.01471,-0.00069,0.0,-6e-05
10334.26,BTC-27DEC19,1566557946146,open,0.01,415.2,0.0005,0.023,0.00796359,103.35,0.008,0.0,BTC-27DEC19-36000-C,10135.95,102.41,0.0075,5.0,0.0085,6.0,104.39,5.2095,-2.13862,1.13497,1e-05,0.03981
10334.26,BTC-27DEC19,1566557946146,open,0.02,233.1,0.005,0.043,0.01913835,96.67,0.024,0.0,BTC-27DEC19-26000-C,10135.95,95.46,0.018,12.9,0.021,6.0,98.58,9.84768,-3.78151,2.52217,3e-05,0.08991
10334.26,BTC-27DEC19,1566557946146,open,0.09,438.1,0.048,0.1325,0.08936466,90.43,0.09,0.0,BTC-27DEC19-15000-C,10135.95,89.55,0.0875,4.0,0.091,0.2,91.19,22.01485,-7.90757,8.62528,7e-05,0.33138
10190.13,BTC-27SEP19,1566557946146,open,0.64,0.0,0.6225,0.642,0.63234975,125.04,None,0.0,BTC-27SEP19-3750-C,10135.95,0.0,0.0045,10.0,0.6695,10.0,299.75,0.26393,-0.47315,3.55319,0.0,0.99728
10334.26,BTC-27DEC19,1566557946145,open,0.86,0.1,0.8455,0.865,0.85520966,125.21,0.84,0.0,BTC-27DEC19-1500-C,10135.95,0.0,0.02,50.0,0.974,0.5,500.0,0.27512,-0.13683,5.1109,0.0,0.99862
10190.13,BTC-27SEP19,1566557946145,open,0.0,373.7,0.0005,0.011,0.00101144,117.56,0.001,0.0,BTC-27SEP19-4500-P,10135.95,107.62,0.0005,20.0,0.0015,24.5,124.19,0.65472,-1.10349,-0.08318,1e-05,-0.00753
10334.26,BTC-27DEC19,1566557946146,open,0.0,208.9,0.0005,0.0105,0.00075643,100.58,0.001,0.0,BTC-27DEC19-2500-P,10135.95,95.8,0.0005,8.8,0.001,0.9,104.17,0.63591,-0.25406,-0.15128,0.0,-0.00349
10190.13,BTC-27SEP19,1566557946145,open,0.54,13.5,0.5245,0.546,0.53487656,110.41,0.382,0.0,BTC-27SEP19-4750-C,10135.95,0.0,0.0045,10.0,0.602,5.0,299.23,0.69344,-1.09763,4.45047,1e-05,0.99196
10334.26,BTC-27DEC19,1566557946146,open,0.78,12.4,0.736,0.8615,0.79703421,92.09,0.559,0.0,BTC-27DEC19-18000-P,10135.95,0.0,0.0045,5.0,1.556,0.2,499.57,18.19659,-6.65596,-56.02963,5e-05,-0.7751
10334.26,BTC-27DEC19,1566557946146,open,0.01,349.0,0.0005,0.0185,0.00593808,105.37,0.006,0.0,BTC-27DEC19-40000-C,10135.95,104.26,0.0055,4.0,0.0065,6.5,106.73,4.15328,-1.73841,0.86503,1e-05,0.03021
10334.26,BTC-27DEC19,1566557946146,open,0.58,6.5,0.559,0.59,0.57362954,91.49,0.575,0.0,BTC-27DEC19-4500-C,10135.95,0.0,0.012,0.1,0.95,1.0,500.0,4.65393,-1.69124,13.95962,1e-05,0.96532
10190.13,BTC-27SEP19,1566557946146,open,0.61,227.5,0.598,0.6175,0.60797002,122.28,0.606,0.0,BTC-27SEP19-4000-C,10135.95,0.0,0.111,2.0,0.652,5.0,300.09,0.3625,-0.63549,3.77935,0.0,0.99613
10334.26,BTC-27DEC19,1566557946146,open,0.07,232.3,0.038,0.102,0.06914157,87.12,0.07,0.0,BTC-27DEC19-7500-P,10135.95,85.45,0.0665,4.9,0.0705,5.0,87.97,16.40364,-5.67635,-9.19222,5e-05,-0.18878
10190.13,BTC-27SEP19,1566557946146,open,0.01,448.5,0.0005,0.016,0.00537909,100.45,0.0055,0.0,BTC-27SEP19-18000-C,10135.95,99.17,0.005,40.0,0.0055,4.0,100.85,3.0795,-4.43497,0.40298,3e-05,0.04677
10334.26,BTC-27DEC19,1566557946146,open,0.01,250.3,0.004,0.0275,0.01380078,89.78,0.016,0.0,BTC-27DEC19-5000-P,10135.95,87.6,0.0125,6.0,0.015,6.1,91.71,6.30243,-2.2476,-2.2893,2e-05,-0.05043
10334.26,BTC-27DEC19,1566557946146,open,0.53,65.4,0.512,0.5495,0.52999192,89.81,0.608,0.0,BTC-27DEC19-5000-C,10135.95,0.0,0.33,1.0,0.9035,5.0,500.0,6.30637,-2.24977,14.95187,2e-05,0.94953
10334.26,BTC-27DEC19,1566557946146,open,0.0,304.9,0.0005,0.013,0.00302181,106.7,0.0025,0.0,BTC-27DEC19-48000-C,10135.95,101.77,0.002,26.0,0.004,16.0,110.41,2.46443,-1.04447,0.4722,1e-05,0.01627
10190.13,BTC-27SEP19,1566557946146,open,0.76,55.9,0.745,0.7645,0.75467162,125.86,0.689,0.0,BTC-27SEP19-2500-C,10135.95,0.0,0.0045,10.0,0.848,5.0,500.0,0.00898,-0.0162,2.38799,0.0,0.99993
10479.18,SYN.BTC-27MAR20,1566557946143,open,0.82,0.0,0.7535,0.907,0.82997673,91.05,None,0.0,BTC-27MAR20-18000-P,10135.95,0.0,0.0,0.0,0.0,0.0,0.0,29.50617,-6.19372,-92.94271,5e-05,-0.66271
10334.26,BTC-27DEC19,1566557946147,open,3.6,0.0,3.554,3.7495,3.6475868,105.93,None,0.0,BTC-27DEC19-48000-P,10135.95,0.0,0.0,0.0,0.0,0.0,0.0,2.3604,-0.99316,-165.085,1e-05,-0.98453
10334.26,BTC-27DEC19,1566557946146,open,1.89,0.2,1.8495,1.9915,1.9160774,99.72,2.03,0.0,BTC-27DEC19-30000-P,10135.95,0.0,0.005,1.0,0.0,0.0,0.0,7.54551,-2.98892,-101.66792,2e-05,-0.93662
10479.18,SYN.BTC-27MAR20,1566557946143,open,0.04,1.6,0.012,0.0725,0.03674088,96.85,0.042,0.0,BTC-27MAR20-32000-C,10135.95,95.77,0.035,1.0,0.04,6.0,98.79,17.16973,-3.83358,5.86289,3e-05,0.1309
10190.13,BTC-27SEP19,1566557946147,open,0.42,713.5,0.4,0.431,0.41479261,97.28,0.416,0.0,BTC-27SEP19-6000-C,10135.95,0.0,0.0095,10.0,0.5215,0.3,288.17,2.02129,-2.81915,5.42574,2e-05,0.97204
10190.13,BTC-27SEP19,1566557946146,open,0.76,1.0,0.733,0.8155,0.77178904,100.44,0.575,0.0,BTC-27SEP19-18000-P,10135.95,0.0,0.0045,0.3,1.199,0.3,499.74,3.07774,-4.43167,-16.79627,3e-05,-0.95327
10190.13,BTC-27SEP19,1566557946147,open,1.33,0.2,1.3095,1.407,1.35647751,113.32,1.6,0.0,BTC-27SEP19-24000-P,10135.95,0.0,0.0,0.0,0.0,0.0,0.0,0.9545,-1.55064,-22.83137,1e-05,-0.98841
10190.13,BTC-27SEP19,1566557946147,open,0.47,29.7,0.4485,0.5285,0.48656791,93.39,0.335,0.0,BTC-27SEP19-15000-P,10135.95,0.0,0.1675,0.1,0.9455,0.3,499.6,6.15411,-8.24012,-13.34413,7e-05,-0.88394
10479.18,SYN.BTC-27MAR20,1566557946143,open,0.05,0.3,0.018,0.088,0.04821862,95.36,0.0535,0.0,BTC-27MAR20-28000-C,10135.95,94.46,0.0465,0.1,0.0525,8.9,97.55,20.14231,-4.42841,7.34349,3e-05,0.16616
10334.26,BTC-27DEC19,1566557946147,open,1.7,0.1,1.6605,1.7975,1.72484534,97.86,1.49,0.0,BTC-27DEC19-28000-P,10135.95,0.0,0.0045,1.0,0.0,0.0,0.0,8.49726,-3.30296,-94.4765,2e-05,-0.92607
10479.18,SYN.BTC-27MAR20,1566557946143,open,0.37,0.1,0.3205,0.412,0.3685935,87.45,0.366,0.0,BTC-27MAR20-8000-C,10135.95,0.0,0.01,1.0,0.0,0.0,0.0,24.552,-4.95026,24.96829,4e-05,0.76959
10157.76,SYN.BTC-6SEP19,1566557946143,open,0.0,0.2095,0.274,0.24031158,86.22,None,0.0,BTC-6SEP19-12500-P,10135.95,0.0,0.0,0.0,0.0,0.0,0.0,4.07781,-12.66963,-4.30667,0.00012,-0.87496
10190.13,BTC-27SEP19,1566557946147,open,1.92,0.0,1.8865,2.005,1.94450573,124.38,None,0.0,BTC-27SEP19-30000-P,10135.95,0.0,0.0,0.0,0.0,0.0,0.0,0.4102,-0.73148,-28.62634,0.0,-0.99555
10190.13,BTC-27SEP19,1566557946147,open,0.57,34.4,0.5425,0.6225,0.58029985,95.66,0.396,0.0,BTC-27SEP19-16000-P,10135.95,0.0,0.005,1.0,1.0295,0.2,499.99,4.86244,-6.66823,-14.568,5e-05,-0.9159
10334.26,BTC-27DEC19,1566557946147,open,0.03,255.0,0.01,0.061,0.03130909,94.4,0.0315,0.0,BTC-27DEC19-22000-C,10135.95,93.77,0.0305,6.0,0.034,20.0,96.43,13.42829,-5.03527,3.83057,4e-05,0.13879
10334.26,BTC-27DEC19,1566557946147,open,0.01,158.7,0.001,0.028,0.01055781,100.32,0.011,0.0,BTC-27DEC19-32000-C,10135.95,97.71,0.009,8.6,0.0115,10.0,101.79,6.47645,-2.58079,1.48378,2e-05,0.05219
10190.13,BTC-27SEP19,1566557946147,open,0.0,1660.1,0.0005,0.0105,1e-08,125.0,0.0005,0.0,BTC-27SEP19-1500-P,10135.95,0.0,0.0,0.0,0.0005,109.1,245.01,2e-05,-4e-05,0.0,0.0,0.0
10334.26,BTC-27DEC19,1566557946147,open,0.01,297.9,0.003,0.033,0.01322428,99.88,0.0135,0.0,BTC-27DEC19-30000-C,10135.95,99.57,0.013,0.4,0.0135,0.4,100.25,7.58297,-3.00838,1.80197,2e-05,0.06379
10189.71,BTC-27SEP19,1566557946147,open,0.0,422.0,0.0005,0.0105,0.0001902,125.0,0.0005,0.0,BTC-27SEP19-3500-P,10135.95,0.0,0.0,0.0,0.001,57.0,150.8,0.15776,-0.2827,-0.01688,0.0,-0.00154
10479.18,SYN.BTC-27MAR20,1566557946143,open,0.23,4.3,0.1635,0.278,0.22340093,89.89,0.222,0.0,BTC-27MAR20-12000-C,10135.95,86.47,0.213,10.2,0.2265,15.0,90.91,31.86065,-6.60256,20.95561,5e-05,0.55996
10189.71,BTC-27SEP19,1566557946147,open,0.85,42.8,0.843,0.8625,0.85279889,169.81,0.815,0.0,BTC-27SEP19-1500-C,10135.95,0.0,0.0,0.0,0.0,0.0,0.0,0.00596,-0.0145,1.43274,0.0,0.99995
10334.26,BTC-27DEC19,1566557946147,open,2.46,1.3,2.417,2.575,2.49138733,103.08,2.2,0.0,BTC-27DEC19-36000-P,10135.95,0.0,0.0005,1.0,0.0,0.0,0.0,5.1535,-2.11013,-123.03032,1e-05,-0.96072
10334.26,BTC-27DEC19,1566557946147,open,1.51,0.0,1.4725,1.6055,1.53494438,96.57,None,0.0,BTC-27DEC19-26000-P,10135.95,0.0,0.0045,10.0,2.298,0.2,500.0,9.82099,-3.76727,-87.15092,3e-05,-0.91042
10479.18,SYN.BTC-27MAR20,1566557946143,open,1.88,0.0,1.8235,1.995,1.90459736,96.03,None,0.0,BTC-27MAR20-30000-P,10135.95,0.0,0.0,0.0,0.0,0.0,0.0,18.55521,-4.10823,-171.72132,3e-05,-0.85331
10146.97,SYN.BTC-30AUG19,1566557946144,open,0.22,23.0,0.196,0.2325,0.21336863,97.35,0.2,0.0,BTC-30AUG19-8000-C,10135.95,0.0,0.0,0.0,0.0,0.0,0.0,1.01102,-7.15751,1.44158,5e-05,0.96756
10146.97,SYN.BTC-30AUG19,1566557946144,open,0.0,444.1,0.0005,0.0105,0.00025209,124.4,0.0005,0.0,BTC-30AUG19-16000-C,10135.95,0.0,0.0,0.0,0.0005,12.0,134.11,0.19826,-1.79357,0.00891,1e-05,0.00491
