underlying_price,underlying_index,timestamp,state,settlement_price,open_interest,min_price,max_price,mark_price,mark_iv,last_price,interest_rate,instrument_name,index_price,bid_iv,best_bid_price,best_bid_amount,best_ask_price,best_ask_amount,ask_iv,vega,theta,rho,gamma,delta
176.23,SYN.ETH-11OCT19,1570100340016,open,0.0,153.0,0.001,0.011,0.001626,134.92,0.002,0.0,ETH-11OCT19-120-P,176.18,125.08,0.001,23.0,0.002,150.0,139.7,0.01294,-0.11082,-0.00085,0.00143,-0.02076
176.19,SYN.ETH-4OCT19,1570100340029,open,0.0,781.0,0.001,0.011,0.000269,115.89,0.006,0.0,ETH-4OCT19-200-C,176.18,0.0,0.0,0.0,0.002,300.0,162.44,0.00303,-0.04733,6e-05,0.00351,0.01373
178.21,ETH-27MAR20,1570100340048,open,0.09,520.0,0.045,0.14,0.092574,106.74,0.093,0.0,ETH-27MAR20-360-C,176.18,104.78,0.088,549.0,0.097,260.0,108.62,0.41748,-0.12669,0.16221,0.00256,0.28148
176.33,SYN.ETH-25OCT19,1570100340058,open,0.01,3750.0,0.001,0.02,0.007861,110.94,0.013,0.0,ETH-25OCT19-120-P,176.18,107.92,0.007,180.0,0.009,460.0,114.71,0.05158,-0.1308,-0.0072,0.00249,-0.06024
176.76,ETH-27DEC19,1570100340121,open,0.47,0.0,0.432,0.49,0.462121,109.6,None,0.0,ETH-27DEC19-100-C,176.18,0.0,0.0,0.0,0.0,0.0,0.0,0.13818,-0.08922,0.18418,0.00174,0.91021
178.21,ETH-27MAR20,1570100340125,open,1.1,6.0,1.015,1.21,1.112549,106.7,1.165,0.0,ETH-27MAR20-360-P,176.18,82.48,1.062,7.0,1.154,7.0,123.53,0.41734,-0.12659,-1.57253,0.00256,-0.71872
176.33,SYN.ETH-25OCT19,1570100340125,open,0.23,12.0,0.193,0.257,0.226813,101.11,0.192,0.0,ETH-25OCT19-140-C,176.18,0.0,0.0,0.0,0.0,0.0,0.0,0.09863,-0.22793,0.06633,0.00523,0.85447
176.19,SYN.ETH-4OCT19,1570100340137,open,0.16,33.0,0.123,0.175,0.148968,150.03,0.11,0.0,ETH-4OCT19-150-C,176.18,0.0,0.0,0.0,0.0,0.0,0.0,0.00289,-0.21665,0.00354,0.00258,0.987
176.19,SYN.ETH-4OCT19,1570100340141,open,0.13,187.0,0.103,0.171,0.135432,115.85,0.118,0.0,ETH-4OCT19-200-P,176.18,0.0,0.0,0.0,0.0,0.0,0.0,0.00302,-0.17512,-0.00474,0.0035,-0.9863
176.33,SYN.ETH-25OCT19,1570100340261,open,0.15,536.0,0.105,0.177,0.143694,96.82,0.163,0.0,ETH-25OCT19-160-C,176.18,94.83,0.142,316.0,0.145,280.0,98.36,0.14977,-0.33144,0.05894,0.0083,0.70142
8223.97,SYN.BTC-4OCT19,1570100340381,open,0.1,21.2,0.0695,0.1115,0.08941797,119.52,0.0865,0.0,BTC-4OCT19-7500-C,8223.65,0.0,0.0875,0.1,0.09,6.0,129.41,0.44439,-26.5562,0.16893,0.00023,0.94558
176.33,SYN.ETH-25OCT19,1570100340388,open,0.05,1534.0,0.018,0.074,0.045324,94.55,0.052,0.0,ETH-25OCT19-200-C,176.19,90.8,0.042,409.0,0.049,229.0,98.65,0.15711,-0.33953,0.03052,0.00892,0.33416
176.33,SYN.ETH-25OCT19,1570100340389,open,0.26,483.0,0.224,0.318,0.271179,94.84,0.337,0.0,ETH-25OCT19-220-P,176.19,0.0,0.24,17.0,0.31,17.0,143.31,0.12134,-0.26303,-0.11306,0.00687,-0.79867
176.23,SYN.ETH-11OCT19,1570100340388,open,0.02,24.0,0.003,0.039,0.017104,90.12,0.016,0.0,ETH-11OCT19-160-P,176.19,82.68,0.014,382.0,0.017,1.0,89.88,0.07522,-0.4304,-0.00875,0.01245,-0.21297
176.33,SYN.ETH-25OCT19,1570100340390,open,0.01,893.0,0.001,0.019,0.006861,99.29,0.009,0.0,ETH-25OCT19-260-C,176.19,96.57,0.006,180.0,0.009,840.0,105.33,0.05794,-0.13148,0.00667,0.00313,0.06996
176.33,SYN.ETH-25OCT19,1570100340389,open,0.1,946.0,0.064,0.143,0.103858,94.54,0.105,0.0,ETH-25OCT19-180-P,176.19,93.66,0.103,10.0,0.108,597.0,98.78,0.17215,-0.37198,-0.06269,0.00977,-0.48935
176.19,SYN.ETH-4OCT19,1570100340412,open,0.1,623.0,0.064,0.123,0.093757,132.71,0.086,0.0,ETH-4OCT19-160-C,176.19,84.37,0.092,50.0,0.094,30.0,136.51,0.01093,-0.72513,0.00356,0.01106,0.93511
8226.67,SYN.BTC-11OCT19,1570100340430,open,0.1,4.9,0.0785,0.137,0.10772224,75.59,0.101,0.0,BTC-11OCT19-9000-P,8223.65,65.52,0.1035,6.0,0.1125,3.0,85.99,3.62919,-17.41671,-1.56596,0.00033,-0.77446
8223.97,SYN.BTC-4OCT19,1570100340459,open,0.0,331.5,0.0005,0.0105,0.00079467,138.83,0.001,0.0,BTC-4OCT19-7250-P,8223.65,128.58,0.0005,8.0,0.001,0.1,144.64,0.27054,-6.53727,-0.00598,0.00012,-0.02953
176.33,SYN.ETH-25OCT19,1570100340485,open,0.26,483.0,0.224,0.318,0.271179,94.84,0.337,0.0,ETH-25OCT19-220-P,176.19,0.0,0.241,17.0,0.31,17.0,143.31,0.12134,-0.26303,-0.11306,0.00687,-0.79867
8226.68,SYN.BTC-11OCT19,1570100340970,open,0.0,22.4,0.0005,0.011,0.00132903,84.77,0.0025,0.0,BTC-11OCT19-10500-C,8223.65,73.47,0.0005,42.5,0.002,12.0,90.85,0.79732,-4.29119,0.04896,6e-05,0.02891
8226.68,SYN.BTC-11OCT19,1570100341023,open,0.03,118.2,0.01,0.055,0.03125398,75.58,0.028,0.0,BTC-11OCT19-8000-P,8223.65,72.44,0.0295,1.0,0.034,6.0,80.48,4.59877,-22.06578,-0.72886,0.00042,-0.37935
176.34,SYN.ETH-25OCT19,1570100341123,open,0.26,483.0,0.224,0.319,0.271195,94.96,0.337,0.0,ETH-25OCT19-220-P,176.19,0.0,0.241,17.0,0.309,17.0,142.24,0.12149,-0.26368,-0.11303,0.00687,-0.79825
178.22,ETH-27MAR20,1570100341395,open,0.32,358.0,0.256,0.364,0.315513,101.57,0.325,0.0,ETH-27MAR20-160-C,176.2,99.31,0.31,263.0,0.322,300.0,104.24,0.43435,-0.12542,0.32451,0.00279,0.69339
178.22,ETH-27MAR20,1570100341395,open,0.43,40.0,0.382,0.47,0.429832,102.98,0.459,0.0,ETH-27MAR20-120-C,176.2,76.99,0.384,20.0,0.0,0.0,0.0,0.326,-0.09544,0.33401,0.00207,0.81878
178.23,ETH-27MAR20,1570100341396,open,0.59,19.0,0.557,0.612,0.585894,107.71,0.542,0.0,ETH-27MAR20-80-C,176.2,90.92,0.571,33.0,0.606,33.0,126.86,0.1737,-0.05319,0.29192,0.00105,0.9258
176.58,SYN.ETH-29NOV19,1570100341395,open,0.24,0.0,0.185,0.294,0.2413,100.01,None,0.0,ETH-29NOV19-200-P,176.2,0.0,0.0,0.0,0.0,0.0,0.0,0.27615,-0.2428,-0.2169,0.00568,-0.547
176.24,SYN.ETH-11OCT19,1570100341394,open,0.03,192.0,0.005,0.049,0.024383,90.09,0.03,0.0,ETH-11OCT19-190-C,176.2,79.45,0.019,228.0,0.026,298.0,93.21,0.09107,-0.52088,0.01078,0.01508,0.30793
176.2,SYN.ETH-4OCT19,1570100341395,open,0.0,8.0,0.001,0.011,0.0,149.98,0.001,0.0,ETH-4OCT19-270-C,176.2,0.0,0.0,0.0,0.004,300.0,480.54,0.0,0.0,0.0,0.0,0.0
176.2,SYN.ETH-4OCT19,1570100341395,open,0.46,0.0,0.433,0.521,0.475713,272.66,None,0.0,ETH-4OCT19-260-P,176.2,0.0,0.0,0.0,0.0,0.0,0.0,0.0006,-0.08165,-0.00623,0.00029,-0.99779
176.24,SYN.ETH-11OCT19,1570100341395,open,0.08,125.0,0.037,0.102,0.071433,90.07,0.081,0.0,ETH-11OCT19-170-C,176.2,78.38,0.065,133.0,0.077,133.0,100.09,0.09752,-0.55764,0.02134,0.01615,0.63261
176.2,SYN.ETH-4OCT19,1570100341396,open,0.0,27.0,0.001,0.011,0.0,149.98,0.001,0.0,ETH-4OCT19-260-C,176.2,0.0,0.0,0.0,0.002,300.0,397.21,0.0,0.0,0.0,0.0,0.0
176.78,ETH-27DEC19,1570100341408,open,0.44,3902.0,0.382,0.518,0.451398,103.1,0.459,0.0,ETH-27DEC19-240-P,176.2,85.03,0.42,22.0,0.489,22.0,123.49,0.31801,-0.19315,-0.44986,0.00424,-0.64295
176.2,SYN.ETH-4OCT19,1570100341421,open,0.1,623.0,0.064,0.123,0.093757,131.94,0.086,0.0,ETH-4OCT19-160-C,176.2,79.46,0.092,100.0,0.094,30.0,135.78,0.01077,-0.71071,0.00356,0.01096,0.93629
176.2,SYN.ETH-4OCT19,1570100341422,open,0.1,623.0,0.064,0.123,0.093757,131.94,0.086,0.0,ETH-4OCT19-160-C,176.2,79.46,0.092,150.0,0.094,30.0,135.78,0.01077,-0.71071,0.00356,0.01096,0.93629
8223.99,SYN.BTC-4OCT19,1570100341442,open,0.13,10.9,0.1005,0.1405,0.11922503,138.76,0.122,0.0,BTC-4OCT19-7250-C,8223.65,0.0,0.1175,0.1,0.1195,6.0,146.4,0.27006,-18.73624,0.16797,0.00012,0.97053
8346.25,BTC-27MAR20,1570100341499,open,0.97,1.1,0.9145,1.057,0.98377341,91.06,0.911,0.0,BTC-27MAR20-16000-P,8223.66,63.44,0.9355,1.0,1.025,1.0,108.84,17.91949,-4.63908,-70.21769,6e-05,-0.76222
8346.25,BTC-27MAR20,1570100341499,open,0.55,1.1,0.5255,0.574,0.54948575,94.4,0.5375,0.0,BTC-27MAR20-4000-C,8223.66,0.0,0.0105,0.2,0.999,0.1,500.0,8.07745,-2.16785,15.1613,3e-05,0.92648
8346.25,BTC-27MAR20,1570100341499,open,0.38,8.5,0.3335,0.4155,0.37618341,88.63,0.35,0.0,BTC-27MAR20-6000-C,8223.66,75.14,0.3505,4.0,0.4055,4.0,103.56,16.18625,-4.07849,17.07209,5e-05,0.80069
8346.25,BTC-27MAR20,1570100341499,open,0.02,26.7,0.005,0.046,0.02001046,100.05,0.021,0.0,BTC-27MAR20-28000-C,8223.66,98.57,0.0185,6.0,0.0225,18.0,102.35,8.72856,-2.4827,2.4698,3e-05,0.08142
8346.25,BTC-27MAR20,1570100341499,open,0.76,57.8,0.6975,0.8375,0.76672994,89.76,0.765,0.0,BTC-27MAR20-14000-P,8223.66,68.03,0.719,1.0,0.8095,1.0,106.65,20.20454,-5.1557,-58.90603,7e-05,-0.69799
8226.68,SYN.BTC-11OCT19,1570100341499,open,0.0,20.7,0.0005,0.0105,0.00089375,92.22,0.001,0.0,BTC-11OCT19-11000-C,8223.66,85.27,0.0005,10.5,0.0015,10.4,99.71,0.55797,-3.26689,0.03199,4e-05,0.01891
8346.25,BTC-27MAR20,1570100341499,open,1.42,0.0,1.367,1.5165,1.43811693,94.66,None,0.0,BTC-27MAR20-20000-P,8223.66,0.0,0.01,1.0,0.0,0.0,0.0,13.99805,-3.76695,-91.68638,4e-05,-0.8417
8346.25,BTC-27MAR20,1570100341499,open,0.01,552.1,0.0005,0.0285,0.00999304,107.49,0.0095,0.0,BTC-27MAR20-40000-C,8223.66,106.69,0.0095,6.0,0.011,2.0,109.06,5.20203,-1.58972,1.2904,1e-05,0.04208
8346.26,BTC-27MAR20,1570100341499,open,0.18,166.3,0.121,0.2255,0.17515378,87.79,0.188,0.0,BTC-27MAR20-10000-C,8223.66,87.73,0.175,1.0,0.177,10.0,88.46,23.11236,-5.76833,13.19344,8e-05,0.50321
8346.26,BTC-27MAR20,1570100341500,open,3.77,1.0,3.701,3.916,3.80258752,107.54,2.7125,0.0,BTC-27MAR20-40000-P,8223.66,0.0,0.0055,1.0,0.0,0.0,0.0,5.21156,-1.59331,-191.44741,1e-05,-0.95783
8245.54,SYN.BTC-29NOV19,1570100341498,open,0.22,0.0,0.179,0.2485,0.21538062,86.94,None,0.0,BTC-29NOV19-7000-C,8223.66,80.72,0.2075,9.2,0.2205,9.2,90.94,10.5208,-8.04108,6.76315,0.00011,0.74176
8346.26,BTC-27MAR20,1570100341500,open,3.3,0.0,3.232,3.432,3.32616653,106.14,None,0.0,BTC-27MAR20-36000-P,8223.66,0.0,0.005,1.0,0.0,0.0,0.0,6.2669,-1.89095,-171.8485,2e-05,-0.94691
8346.26,BTC-27MAR20,1570100341501,open,3.06,0.0,2.9975,3.1895,3.08758478,104.4,None,0.0,BTC-27MAR20-34000-P,8223.66,0.0,0.0045,1.0,0.0,0.0,0.0,6.67759,-1.98184,-162.07489,2e-05,-0.94247
8223.99,SYN.BTC-4OCT19,1570100341499,open,0.0,504.5,0.0005,0.0105,0.00026203,144.96,0.0005,0.0,BTC-4OCT19-7000-P,8223.66,0.0,0.0,0.0,0.001,30.6,177.53,0.1128,-2.15495,-0.00214,5e-05,-0.01058
8346.26,BTC-27MAR20,1570100341501,open,1.65,6.0,1.5965,1.7485,1.66835265,95.08,1.826,0.0,BTC-27MAR20-22000-P,8223.66,0.0,0.795,0.4,0.0,0.0,0.0,12.09007,-3.26816,-102.18556,4e-05,-0.87253
8223.99,SYN.BTC-4OCT19,1570100341499,open,0.0,307.0,0.0005,0.0105,5.217e-05,145.0,0.0005,0.0,BTC-4OCT19-6750-P,8223.66,0.0,0.0,0.0,0.0005,0.5,189.34,0.03045,-0.42905,-0.00049,1e-05,-0.00243
8226.68,SYN.BTC-11OCT19,1570100341499,open,0.16,0.0,0.1335,0.178,0.15535248,88.84,None,0.0,BTC-11OCT19-7000-C,8223.66,0.0,0.1385,4.0,0.173,4.0,141.41,2.06378,-11.63961,1.3283,0.00016,0.90365
8232.07,SYN.BTC-25OCT19,1570100341499,open,0.0,439.4,0.0005,0.0105,0.00098828,103.13,0.001,0.0,BTC-25OCT19-15000-C,8223.66,95.27,0.0005,143.5,0.0015,18.0,108.8,0.63919,-1.50667,0.05539,2e-05,0.01221
8226.68,SYN.BTC-11OCT19,1570100341499,open,0.0,103.5,0.0005,0.013,0.00302751,100.18,0.0025,0.0,BTC-11OCT19-6500-P,8223.66,92.24,0.002,41.0,0.0035,0.2,103.33,1.1865,-7.54612,-0.08883,8e-05,-0.04702
8245.54,SYN.BTC-29NOV19,1570100341498,open,0.04,17.6,0.0175,0.071,0.0422315,85.52,0.044,0.0,BTC-29NOV19-11000-C,8223.66,83.72,0.04,10.0,0.0455,17.4,88.12,10.27016,-7.72168,2.62705,0.00011,0.2467
8245.54,SYN.BTC-29NOV19,1570100341499,open,0.27,0.0,0.231,0.322,0.27684604,84.76,None,0.0,BTC-29NOV19-10000-P,8223.66,0.0,0.009,1.0,0.0,0.0,0.0,11.94176,-8.89792,-12.02219,0.00013,-0.65884
8226.68,SYN.BTC-11OCT19,1570100341499,open,0.33,0.0,0.311,0.368,0.33800906,92.26,None,0.0,BTC-11OCT19-11000-P,8223.66,0.0,0.0005,2.0,0.0,0.0,0.0,0.55905,-3.27462,-2.34144,4e-05,-0.98104
8232.07,SYN.BTC-25OCT19,1570100341499,open,0.0,376.3,0.0005,0.012,0.00242969,93.35,0.0025,0.0,BTC-25OCT19-13000-C,8223.66,90.58,0.002,24.0,0.003,21.0,96.57,1.36007,-2.90178,0.13457,4e-05,0.0297
8223.99,SYN.BTC-4OCT19,1570100341500,open,0.0,65.5,0.0005,0.0105,2e-08,145.0,0.0005,0.0,BTC-4OCT19-11500-C,8223.66,0.0,0.0,0.0,0.0005,9.0,289.05,3e-05,-0.00016,0.0,0.0,0.0
8226.68,SYN.BTC-11OCT19,1570100341501,open,0.06,44.8,0.035,0.092,0.06354869,75.58,0.062,0.0,BTC-11OCT19-8500-P,8223.66,67.55,0.059,22.0,0.0665,4.0,80.75,4.68534,-22.48142,-1.16792,0.00042,-0.5944
8232.07,SYN.BTC-25OCT19,1570100341500,open,0.45,37.4,0.43,0.4975,0.4618116,87.61,0.533,0.0,BTC-25OCT19-12000-P,8223.66,0.0,0.4385,2.0,0.486,2.0,140.22,2.06166,-4.12857,-6.96804,6e-05,-0.95051
8232.07,SYN.BTC-25OCT19,1570100341499,open,0.06,1194.5,0.0355,0.0935,0.06420657,80.61,0.065,0.0,BTC-25OCT19-8000-P,8223.66,78.28,0.062,10.0,0.0665,8.0,83.03,7.80495,-14.38016,-2.30893,0.00024,-0.40378
8245.54,SYN.BTC-29NOV19,1570100341498,open,0.06,93.3,0.035,0.0955,0.06432347,86.94,0.067,0.0,BTC-29NOV19-7000-P,8223.66,84.72,0.0615,27.3,0.0675,16.0,89.42,10.52078,-8.04102,-4.1445,0.00011,-0.25824
8232.07,SYN.BTC-25OCT19,1570100341500,open,0.1,398.2,0.0615,0.1215,0.09239643,80.61,0.103,0.0,BTC-25OCT19-8000-C,8223.66,78.08,0.09,8.0,0.0935,6.0,81.77,7.80495,-14.37994,2.48575,0.00024,0.59622
8226.68,SYN.BTC-11OCT19,1570100341500,open,0.02,163.6,0.002,0.0315,0.01371857,75.58,0.012,0.0,BTC-11OCT19-9000-C,8223.66,70.43,0.0115,0.5,0.012,0.4,71.61,3.62874,-17.41083,0.37592,0.00033,0.22549
8223.99,SYN.BTC-4OCT19,1570100341501,open,0.39,0.0,0.371,0.4265,0.39835185,187.16,None,0.0,BTC-4OCT19-11500-P,8223.66,0.0,0.011,25.0,0.0,0.0,0.0,0.00236,-0.22122,-0.27587,0.0,-0.99985
8232.07,SYN.BTC-25OCT19,1570100341499,open,0.03,86.9,0.01,0.0515,0.02890113,80.61,0.032,0.0,BTC-25OCT19-9500-C,8223.66,77.59,0.0265,7.9,0.0295,9.0,81.35,6.60415,-12.1676,1.16607,0.0002,0.26525
8223.99,SYN.BTC-4OCT19,1570100341499,open,0.15,100.2,0.133,0.1815,0.15541538,128.77,0.1495,0.0,BTC-4OCT19-9500-P,8223.66,0.0,0.14,2.8,0.1685,2.0,297.98,0.12636,-8.13581,-0.22559,6e-05,-0.98794
8223.99,SYN.BTC-4OCT19,1570100341508,open,0.0,252.0,0.0005,0.0105,0.0001607,101.61,0.0005,0.0,BTC-4OCT19-9250-C,8223.66,0.0,0.0,0.0,0.0005,11.0,118.95,0.10461,-1.32162,0.00188,6e-05,0.00971
176.24,SYN.ETH-11OCT19,1570100341513,open,0.02,24.0,0.003,0.039,0.017105,90.16,0.016,0.0,ETH-11OCT19-160-P,176.2,85.15,0.015,120.0,0.017,1.0,89.91,0.07522,-0.43051,-0.00875,0.01245,-0.21291
176.24,SYN.ETH-11OCT19,1570100341533,open,0.12,3.0,0.075,0.14,0.10922,90.04,0.09,0.0,ETH-11OCT19-160-C,176.2,63.3,0.099,30.0,0.12,30.0,113.94,0.07516,-0.42963,0.02579,0.01246,0.78735
176.24,SYN.ETH-11OCT19,1570100341541,open,0.12,3.0,0.075,0.14,0.10922,90.04,0.09,0.0,ETH-11OCT19-160-C,176.2,63.3,0.099,30.0,0.119,30.0,111.81,0.07516,-0.42963,0.02579,0.01246,0.78735
176.34,SYN.ETH-25OCT19,1570100341549,open,0.02,2226.0,0.006,0.041,0.020772,101.11,0.02,0.0,ETH-25OCT19-140-P,176.2,99.72,0.02,180.0,0.023,120.0,105.03,0.09861,-0.2279,-0.01757,0.00523,-0.14548
176.2,SYN.ETH-4OCT19,1570100341613,open,0.07,55.0,0.047,0.113,0.079185,91.74,0.065,0.0,ETH-4OCT19-190-P,176.2,0.0,0.078,30.0,0.085,30.0,155.07,0.00874,-0.40075,-0.00436,0.01279,-0.95115
176.2,SYN.ETH-4OCT19,1570100341623,open,0.1,623.0,0.064,0.123,0.093805,131.94,0.086,0.0,ETH-4OCT19-160-C,176.2,79.46,0.092,150.0,0.095,30.0,149.7,0.01077,-0.71071,0.00356,0.01096,0.93629
8223.99,SYN.BTC-4OCT19,1570100341826,open,0.0,331.5,0.0005,0.0105,0.00079466,138.82,0.001,0.0,BTC-4OCT19-7250-P,8223.66,128.58,0.0005,8.0,0.0015,30.5,156.41,0.27048,-6.53527,-0.00598,0.00012,-0.02953
178.23,ETH-27MAR20,1570100341990,open,0.59,19.0,0.557,0.612,0.585913,107.73,0.542,0.0,ETH-27MAR20-80-C,176.2,92.18,0.572,33.0,0.606,33.0,126.86,0.17373,-0.05321,0.29188,0.00105,0.92579
176.34,SYN.ETH-25OCT19,1570100342087,open,0.26,483.0,0.224,0.318,0.271134,94.96,0.337,0.0,ETH-25OCT19-220-P,176.2,0.0,0.24,17.0,0.309,17.0,142.24,0.12149,-0.26368,-0.11303,0.00687,-0.79825
178.22,ETH-27MAR20,1570100342119,open,0.71,129.0,0.626,0.802,0.716268,105.5,0.74,0.0,ETH-27MAR20-280-P,176.2,92.07,0.681,11.0,0.747,29.0,116.8,0.47827,-0.14344,-1.12955,0.00296,-0.599
176.34,SYN.ETH-25OCT19,1570100342131,open,0.26,483.0,0.224,0.318,0.271134,94.96,0.337,0.0,ETH-25OCT19-220-P,176.2,0.0,0.24,17.0,0.31,17.0,143.37,0.12149,-0.26368,-0.11303,0.00687,-0.79825
178.22,ETH-27MAR20,1570100342235,open,1.31,3.0,1.22,1.424,1.321234,108.04,1.39,0.0,ETH-27MAR20-400-P,176.2,72.25,1.261,6.0,1.361,6.0,125.16,0.3855,-0.11841,-1.78647,0.00233,-0.75895
176.24,SYN.ETH-11OCT19,1570100342255,open,0.02,24.0,0.003,0.039,0.017092,90.16,0.016,0.0,ETH-11OCT19-160-P,176.2,85.15,0.015,382.0,0.017,1.0,89.91,0.07522,-0.43051,-0.00875,0.01245,-0.21291
8346.27,BTC-27MAR20,1570100342506,open,0.09,180.7,0.0575,0.1335,0.0950702,88.63,0.092,0.0,BTC-27MAR20-6000-P,8223.68,87.56,0.093,10.0,0.0975,10.0,89.88,16.18627,-4.07853,-11.83903,5e-05,-0.19931
8346.27,BTC-27MAR20,1570100342506,open,0.05,156.7,0.0205,0.09,0.05139831,92.49,0.0555,0.0,BTC-27MAR20-18000-C,8223.68,90.93,0.0485,17.0,0.054,10.0,93.85,15.74656,-4.14033,5.59366,5e-05,0.19049
8346.27,BTC-27MAR20,1570100342506,open,0.21,210.1,0.1565,0.2645,0.21176263,86.83,0.204,0.0,BTC-27MAR20-8000-P,8223.68,84.99,0.207,4.9,0.218,13.4,89.25,21.57063,-5.32469,-22.79609,7e-05,-0.35507
8256.29,BTC-27DEC19,1570100342506,open,0.21,131.0,0.1645,0.2455,0.20689286,86.13,0.212,0.0,BTC-27DEC19-7500-C,8223.68,84.47,0.204,22.0,0.2095,11.5,87.62,14.42431,-7.31863,8.88464,0.00011,0.66966
8256.29,BTC-27DEC19,1570100342506,open,0.03,586.1,0.01,0.0565,0.02983194,89.73,0.0315,0.0,BTC-27DEC19-14000-C,8223.68,88.13,0.028,34.3,0.031,9.9,90.73,9.59427,-5.07152,2.45429,7e-05,0.15767
8256.29,BTC-27DEC19,1570100342506,open,0.14,561.2,0.1025,0.1895,0.14664042,85.99,0.1395,0.0,BTC-27DEC19-8000-P,8223.68,84.56,0.144,19.3,0.1495,17.8,87.54,15.25817,-7.72933,-10.27299,0.00011,-0.38844
8346.27,BTC-27MAR20,1570100342506,open,0.03,138.9,0.008,0.057,0.02723752,96.87,0.0275,0.0,BTC-27MAR20-24000-C,8223.68,95.51,0.0255,6.0,0.0295,10.0,98.59,10.788,-2.97109,3.26861,3e-05,0.10851
8256.29,BTC-27DEC19,1570100342506,open,0.18,286.7,0.134,0.2175,0.17768273,85.99,0.1855,0.0,BTC-27DEC19-8000-C,8223.68,84.81,0.1755,9.0,0.179,11.5,86.7,15.25817,-7.72935,8.32989,0.00011,0.61156
8256.29,BTC-27DEC19,1570100342507,open,0.07,768.4,0.036,0.1065,0.07014705,86.96,0.073,0.0,BTC-27DEC19-11000-C,8223.68,85.12,0.067,48.4,0.0725,23.6,88.32,14.19154,-7.26964,4.7496,0.0001,0.31754
8346.27,BTC-27MAR20,1570100342506,open,0.02,34.0,0.0035,0.0385,0.01546483,102.93,0.0135,0.0,BTC-27MAR20-32000-C,8223.68,101.19,0.014,6.0,0.0175,19.0,105.19,7.23917,-2.11829,1.94334,2e-05,0.06379
8256.29,BTC-27DEC19,1570100342506,open,1.89,0.0,1.8505,1.978,1.91104762,101.37,None,0.0,BTC-27DEC19-24000-P,8223.68,0.0,0.0075,1.0,2.54,0.2,500.0,2.42599,-1.4487,-55.38431,2e-05,-0.97372
8256.29,BTC-27DEC19,1570100342507,open,0.05,708.6,0.023,0.0855,0.05209805,87.77,0.056,0.0,BTC-27DEC19-12000-C,8223.68,86.39,0.05,7.0,0.054,24.9,89.0,12.67403,-6.55301,3.81542,9e-05,0.25083
8346.29,BTC-27MAR20,1570100342508,open,0.04,297.5,0.015,0.0775,0.04181456,94.65,0.042,0.0,BTC-27MAR20-20000-C,8223.68,92.33,0.038,22.9,0.043,10.3,95.35,13.99571,-3.76591,4.68289,4e-05,0.15826
8346.29,BTC-27MAR20,1570100342507,open,0.02,101.2,0.006,0.0505,0.02311023,98.44,0.0225,0.0,BTC-27MAR20-26000-C,8223.68,97.03,0.0215,14.0,0.0255,10.0,100.46,9.65754,-2.70285,2.82009,3e-05,0.09323
8256.29,BTC-27DEC19,1570100342507,open,0.07,403.8,0.037,0.1005,0.06791276,88.95,0.0665,0.0,BTC-27DEC19-6500-P,8223.68,87.96,0.0665,19.3,0.0705,28.7,90.76,11.78977,-6.17802,-5.52838,8e-05,-0.22004
8245.53,SYN.BTC-29NOV19,1570100342506,open,0.02,1017.6,0.0055,0.0415,0.02005294,89.01,0.021,0.0,BTC-29NOV19-13000-C,8223.68,87.13,0.0185,8.0,0.0215,18.0,90.7,6.93453,-5.4262,1.42987,7e-05,0.13134
8256.31,BTC-27DEC19,1570100342508,open,0.11,234.5,0.075,0.155,0.11529065,86.13,0.1145,0.0,BTC-27DEC19-7500-P,8223.68,85.1,0.1135,19.3,0.119,24.0,88.25,14.42431,-7.31865,-8.55554,0.00011,-0.33034
8256.31,BTC-27DEC19,1570100342508,open,0.0,315.6,0.0005,0.0115,0.00170824,109.94,0.0015,0.0,BTC-27DEC19-32000-C,8223.68,103.85,0.001,43.0,0.002,8.0,111.91,1.15296,-0.7467,0.17838,1e-05,0.011
8256.31,BTC-27DEC19,1570100342508,open,0.01,483.6,0.0015,0.0285,0.01136238,93.86,0.0115,0.0,BTC-27DEC19-18000-C,8223.68,93.28,0.011,6.0,0.012,6.2,94.86,5.19049,-2.87006,1.07541,3e-05,0.06738
8256.31,BTC-27DEC19,1570100342508,open,0.13,196.0,0.0875,0.1705,0.13025322,85.99,0.131,0.0,BTC-27DEC19-9000-C,8223.68,84.3,0.127,31.7,0.1315,12.5,86.64,15.88332,-8.04599,7.09368,0.00012,0.49974
8256.31,BTC-27DEC19,1570100342508,open,0.04,479.3,0.015,0.0695,0.03922432,88.76,0.0415,0.0,BTC-27DEC19-13000-C,8223.68,87.46,0.0375,7.0,0.0405,9.7,89.7,11.09879,-5.80312,3.05958,8e-05,0.19859
8256.31,BTC-27DEC19,1570100342508,open,0.22,639.0,0.1705,0.268,0.22033076,85.99,0.225,0.0,BTC-27DEC19-9000-P,8223.68,83.48,0.2155,23.4,0.2235,13.0,87.64,15.88332,-8.0461,-13.83457,0.00012,-0.50026
8245.53,SYN.BTC-29NOV19,1570100342506,open,0.18,0.0,0.145,0.232,0.18926658,84.69,None,0.0,BTC-29NOV19-9000-P,8223.68,81.97,0.185,8.0,0.1955,6.9,88.67,12.92699,-9.62475,-9.34084,0.00014,-0.53773
8256.31,BTC-27DEC19,1570100342509,open,0.09,247.0,0.054,0.1265,0.08991493,87.6,0.0855,0.0,BTC-27DEC19-7000-P,8223.68,86.4,0.088,19.3,0.092,18.0,88.9,13.25111,-6.83813,-6.97899,0.0001,-0.27359
8256.31,BTC-27DEC19,1570100342509,open,0.02,603.3,0.0065,0.047,0.02291297,90.67,0.024,0.0,BTC-27DEC19-15000-C,8223.68,89.23,0.0215,31.0,0.024,10.0,91.75,8.22758,-4.39461,1.97332,6e-05,0.1257
8256.31,BTC-27DEC19,1570100342509,open,0.05,1079.8,0.0245,0.079,0.0502855,90.98,0.048,0.0,BTC-27DEC19-6000-P,8223.68,89.52,0.0485,32.3,0.052,16.2,92.37,10.14406,-5.43674,-4.26429,7e-05,-0.17183
8256.31,BTC-27DEC19,1570100342510,open,0.1,513.5,0.056,0.134,0.09522604,86.27,0.101,0.0,BTC-27DEC19-10000-C,8223.68,84.81,0.0925,9.0,0.0975,20.1,87.49,15.38473,-7.81889,5.85714,0.00011,0.4003
8256.31,BTC-27DEC19,1570100342510,open,0.3,498.5,0.2545,0.3575,0.30642234,86.27,0.2925,0.0,BTC-27DEC19-10000-P,8223.68,83.62,0.3015,9.0,0.315,5.9,90.86,15.38475,-7.81897,-17.39646,0.00011,-0.59969
8232.07,SYN.BTC-25OCT19,1570100342506,open,0.02,568.1,0.005,0.038,0.01859895,80.67,0.022,0.0,BTC-25OCT19-10000-C,8223.68,78.21,0.017,29.3,0.02,39.3,82.77,5.42831,-10.00901,0.83439,0.00017,0.18772
8224.0,SYN.BTC-4OCT19,1570100342506,open,0.04,213.6,0.0095,0.0555,0.03327002,83.66,0.0285,0.0,BTC-4OCT19-8000-C,8223.68,68.09,0.031,0.1,0.034,6.1,88.35,1.26274,-52.8187,0.14266,0.00093,0.75629
8224.0,SYN.BTC-4OCT19,1570100342506,open,0.01,148.3,0.0005,0.0375,0.01607475,73.78,0.0115,0.0,BTC-4OCT19-8250-P,8223.68,70.83,0.0155,0.4,0.0185,30.2,86.21,1.60317,-59.13956,-0.10727,0.00134,-0.52762
8226.69,SYN.BTC-11OCT19,1570100342506,open,0.01,361.6,0.002,0.032,0.01392338,80.33,0.013,0.0,BTC-11OCT19-7500-P,8223.68,76.82,0.0125,32.0,0.0145,0.2,81.73,3.38008,-17.23899,-0.3792,0.00029,-0.1997
8232.07,SYN.BTC-25OCT19,1570100342506,open,0.01,709.2,0.0005,0.022,0.00857729,84.18,0.009,0.0,BTC-25OCT19-11000-C,8223.68,81.51,0.0075,24.0,0.0095,43.0,86.33,3.43786,-6.61439,0.43231,0.0001,0.0962
8245.53,SYN.BTC-29NOV19,1570100342505,open,0.03,24.7,0.0125,0.0535,0.0310808,90.73,0.0295,0.0,BTC-29NOV19-6000-P,8223.68,89.51,0.03,7.0,0.0315,0.2,91.2,7.35128,-5.86364,-2.23735,8e-05,-0.14305
8232.07,SYN.BTC-25OCT19,1570100342506,open,0.02,1151.5,0.0085,0.046,0.02481102,86.44,0.023,0.0,BTC-25OCT19-7000-P,8223.68,83.71,0.023,8.0,0.026,29.3,88.21,5.49754,-10.86196,-1.06785,0.00016,-0.19163
8245.53,SYN.BTC-29NOV19,1570100342505,open,0.11,54.1,0.0775,0.1545,0.11642099,84.69,0.1125,0.0,BTC-29NOV19-8000-P,8223.68,82.78,0.1135,8.0,0.1225,14.0,88.69,12.5614,-9.35257,-6.61422,0.00014,-0.39836
8245.53,SYN.BTC-29NOV19,1570100342505,open,0.1,26.2,0.061,0.133,0.09776773,84.69,0.102,0.0,BTC-29NOV19-9000-C,8223.68,81.97,0.0935,10.0,0.1005,15.0,86.44,12.927,-9.62486,4.68331,0.00014,0.46227
8245.53,SYN.BTC-29NOV19,1570100342506,open,0.01,0.5,0.001,0.027,0.01089077,93.55,0.011,0.0,BTC-29NOV19-15000-C,8223.68,90.01,0.009,34.0,0.0125,10.0,96.31,4.63214,-3.80932,0.83048,5e-05,0.07553
8245.53,SYN.BTC-29NOV19,1570100342506,open,0.03,26.0,0.0095,0.053,0.02840725,86.84,0.0275,0.0,BTC-29NOV19-12000-C,8223.68,84.96,0.0265,37.3,0.0305,18.0,88.85,8.47947,-6.47351,1.9214,9e-05,0.17795
8232.07,SYN.BTC-25OCT19,1570100342506,open,0.13,575.2,0.102,0.1715,0.13713633,80.61,0.1285,0.0,BTC-25OCT19-9000-P,8223.68,75.52,0.1325,14.4,0.141,18.4,84.8,7.55359,-13.91695,-3.82462,0.00023,-0.63806
8232.07,SYN.BTC-25OCT19,1570100342506,open,0.13,26.7,0.0985,0.158,0.12956118,82.79,0.1335,0.0,BTC-25OCT19-7500-C,8223.68,80.31,0.1275,7.3,0.131,5.0,84.51,6.86982,-12.99919,2.87636,0.0002,0.71256
8232.07,SYN.BTC-25OCT19,1570100342508,open,0.04,298.2,0.018,0.066,0.04063212,82.79,0.0385,0.0,BTC-25OCT19-7500-P,8223.68,80.22,0.0385,32.8,0.043,38.3,85.62,6.86982,-12.99925,-1.61865,0.0002,-0.28744
8224.0,SYN.BTC-4OCT19,1570100342506,open,0.07,82.1,0.0385,0.0825,0.06016586,99.2,0.057,0.0,BTC-4OCT19-7750-C,8223.68,76.26,0.0585,0.1,0.0605,6.0,102.82,0.73942,-36.67564,0.16445,0.00046,0.89362
8245.53,SYN.BTC-29NOV19,1570100342506,open,0.02,8.0,0.0035,0.0325,0.01443649,91.06,0.0135,0.0,BTC-29NOV19-14000-C,8223.68,88.12,0.0125,34.0,0.0165,10.0,93.99,5.62908,-4.50637,1.07385,6e-05,0.09801
178.23,ETH-27MAR20,1570100342919,open,0.59,19.0,0.557,0.612,0.585913,107.73,0.542,0.0,ETH-27MAR20-80-C,176.2,90.92,0.571,33.0,0.606,33.0,126.86,0.17373,-0.05321,0.29188,0.00105,0.92579
176.78,ETH-27DEC19,1570100342950,open,0.14,2981.0,0.094,0.189,0.142755,102.87,0.135,0.0,ETH-27DEC19-160-P,176.2,97.23,0.133,180.0,0.146,180.0,104.7,0.30747,-0.18632,-0.193,0.00411,-0.32669
176.78,ETH-27DEC19,1570100342952,open,0.14,2981.0,0.094,0.189,0.142755,102.87,0.135,0.0,ETH-27DEC19-160-P,176.2,97.81,0.134,256.0,0.146,180.0,104.7,0.30747,-0.18632,-0.193,0.00411,-0.32669
176.78,ETH-27DEC19,1570100342957,open,0.14,2981.0,0.094,0.189,0.142755,102.87,0.135,0.0,ETH-27DEC19-160-P,176.2,100.68,0.139,340.0,0.146,180.0,104.7,0.30747,-0.18632,-0.193,0.00411,-0.32669
176.59,SYN.ETH-29NOV19,1570100343151,open,0.03,42.0,0.011,0.06,0.033244,103.82,0.035,0.0,ETH-29NOV19-280-C,176.2,99.6,0.029,200.0,0.036,289.0,106.45,0.18215,-0.16624,0.04005,0.00361,0.17881
176.25,SYN.ETH-11OCT19,1570100343183,open,0.27,0.0,0.24,0.289,0.264575,115.92,None,0.0,ETH-11OCT19-130-C,176.2,0.0,0.0,0.0,0.0,0.0,0.0,0.01788,-0.13162,0.02681,0.0023,0.96945
176.78,ETH-27DEC19,1570100343193,open,0.03,3138.0,0.011,0.048,0.027822,109.57,0.029,0.0,ETH-27DEC19-100-P,176.2,107.21,0.026,300.0,0.03,540.0,112.32,0.13811,-0.08915,-0.04832,0.00173,-0.08972
178.23,ETH-27MAR20,1570100343208,open,0.08,946.0,0.035,0.122,0.076817,107.99,0.086,0.0,ETH-27MAR20-400-C,176.2,105.73,0.072,260.0,0.081,292.0,109.9,0.38533,-0.1183,0.14085,0.00233,0.24083
176.78,ETH-27DEC19,1570100343212,open,0.1,4647.0,0.05,0.135,0.093654,103.03,0.092,0.0,ETH-27DEC19-240-C,176.2,101.0,0.09,320.0,0.095,20.0,103.78,0.31795,-0.19298,0.10819,0.00425,0.35684
176.78,ETH-27DEC19,1570100343212,open,0.0,4118.0,0.001,0.011,0.001937,118.41,0.002,0.0,ETH-27DEC19-760-C,176.2,110.43,0.001,184.0,0.003,1509.0,124.57,0.02594,-0.0181,0.00399,0.0003,0.01165
176.25,SYN.ETH-11OCT19,1570100343216,open,0.0,54.0,0.001,0.011,0.001333,91.08,0.007,0.0,ETH-11OCT19-230-C,176.2,0.0,0.0,0.0,0.002,150.0,97.42,0.01628,-0.09411,0.00099,0.00267,0.02728
176.78,ETH-27DEC19,1570100343224,open,0.0,14460.0,0.001,0.013,0.003249,113.79,0.004,0.0,ETH-27DEC19-640-C,176.2,112.65,0.003,180.0,0.004,3932.0,116.88,0.03988,-0.02673,0.00656,0.00048,0.01921
176.78,ETH-27DEC19,1570100343224,open,0.84,101.0,0.777,0.926,0.850089,105.25,0.513,0.0,ETH-27DEC19-320-P,176.2,0.0,0.006,5.0,0.0,0.0,0.0,0.22368,-0.13869,-0.68654,0.00292,-0.82001
176.78,ETH-27DEC19,1570100343229,open,3.05,0.0,2.955,3.206,3.075368,118.3,None,0.0,ETH-27DEC19-720-P,176.2,0.0,0.003,5.0,0.0,0.0,0.0,0.03183,-0.02218,-1.66923,0.00037,-0.98524
176.21,SYN.ETH-4OCT19,1570100343237,open,0.21,40.0,0.181,0.228,0.205446,0.0,0.136,0.0,ETH-4OCT19-140-C,176.2,0.0,0.0,0.0,0.0,0.0,0.0,0.0,0.0,0.00336,0.0,1.0
176.78,ETH-27DEC19,1570100343246,open,0.01,5315.0,0.001,0.025,0.009896,110.14,0.01,0.0,ETH-27DEC19-480-C,176.2,108.37,0.009,180.0,0.011,200.0,112.19,0.09228,-0.05987,0.01777,0.00115,0.05313
176.21,SYN.ETH-4OCT19,1570100343250,open,0.0,298.0,0.001,0.011,0.00034,150.05,0.001,0.0,ETH-4OCT19-150-P,176.2,0.0,0.0,0.0,0.001,150.0,177.41,0.00288,-0.05989,-6e-05,0.00258,-0.01295
176.78,ETH-27DEC19,1570100343257,open,2.37,0.0,2.296,2.51,2.398278,113.05,0.953,0.0,ETH-27DEC19-600-P,176.2,0.0,0.0,0.0,0.0,0.0,0.0,0.04895,-0.0326,-1.38689,0.0006,-0.97552
176.78,ETH-27DEC19,1570100343257,open,0.03,953.0,0.008,0.052,0.026967,106.32,0.026,0.0,ETH-27DEC19-360-C,176.2,104.35,0.025,180.0,0.029,320.0,108.29,0.17945,-0.1124,0.04198,0.00232,0.12908
176.21,SYN.ETH-4OCT19,1570100343257,open,0.0,558.0,0.001,0.011,0.000202,148.01,0.002,0.0,ETH-4OCT19-210-C,176.2,0.0,0.0,0.0,0.001,150.0,185.19,0.00201,-0.03567,4e-05,0.00182,0.00856
176.78,ETH-27DEC19,1570100343259,open,1.27,16.0,1.204,1.367,1.282295,108.54,1.195,0.0,ETH-27DEC19-400-P,176.2,0.0,0.001,8.0,0.0,0.0,0.0,0.1464,-0.09361,-0.89829,0.00186,-0.90292
176.78,ETH-27DEC19,1570100343259,open,1.71,21.0,1.639,1.82,1.725286,110.43,0.629,0.0,ETH-27DEC19-480-P,176.2,0.0,0.001,7.0,0.0,0.0,0.0,0.09311,-0.06057,-1.09821,0.00116,-0.94626
176.78,ETH-27DEC19,1570100343261,open,1.49,0.0,1.421,1.593,1.503001,109.71,None,0.0,ETH-27DEC19-440-P,176.2,0.0,0.001,8.0,0.0,0.0,0.0,0.1173,-0.07581,-0.99922,0.00147,-0.92773
176.78,ETH-27DEC19,1570100343263,open,0.3,5.0,0.253,0.339,0.299574,103.86,0.307,0.0,ETH-27DEC19-140-C,176.2,0.0,0.0,0.0,0.332,4.0,125.39,0.26316,-0.16101,0.19053,0.00349,0.76306
176.78,ETH-27DEC19,1570100343263,open,1.93,37.0,1.858,2.049,1.948973,111.47,0.707,0.0,ETH-27DEC19-520-P,176.2,0.0,0.002,25.0,0.0,0.0,0.0,0.07505,-0.04928,-1.19537,0.00093,-0.95893
176.78,ETH-27DEC19,1570100343267,open,0.38,2.0,0.335,0.409,0.374699,106.04,0.346,0.0,ETH-27DEC19-120-C,176.2,0.0,0.101,1.0,0.0,0.0,0.0,0.20352,-0.12713,0.19314,0.00264,0.84455
176.59,SYN.ETH-29NOV19,1570100343267,open,0.61,0.0,0.556,0.684,0.618939,103.9,None,0.0,ETH-29NOV19-280-P,176.2,0.0,0.0,0.0,0.0,0.0,0.0,0.18234,-0.16655,-0.3962,0.00361,-0.8209
176.25,SYN.ETH-11OCT19,1570100343281,open,0.0,45.0,0.001,0.012,0.002869,90.11,0.008,0.0,ETH-11OCT19-220-C,176.2,74.89,0.001,30.0,0.004,150.0,96.51,0.02831,-0.16197,0.00194,0.00469,0.05383
176.78,ETH-27DEC19,1570100343283,open,2.6,0.0,2.515,2.741,2.623568,113.79,None,0.0,ETH-27DEC19-640-P,176.2,0.0,0.0,0.0,0.0,0.0,0.0,0.03988,-0.02673,-1.48167,0.00048,-0.98079
176.78,ETH-27DEC19,1570100343285,open,0.04,1432.0,0.014,0.07,0.039929,105.25,0.049,0.0,ETH-27DEC19-320-C,176.2,102.08,0.036,872.0,0.042,320.0,106.87,0.22368,-0.13869,0.05758,0.00292,0.17999
176.78,ETH-27DEC19,1570100343285,open,0.01,7937.0,0.003,0.032,0.013894,109.5,0.013,0.0,ETH-27DEC19-440-C,176.2,106.51,0.012,180.0,0.015,320.0,111.14,0.11665,-0.07525,0.02378,0.00147,0.07175
176.78,ETH-27DEC19,1570100343289,open,2.15,0.0,2.077,2.279,2.173544,112.83,0.845,0.0,ETH-27DEC19-560-P,176.2,0.0,0.0,0.0,0.0,0.0,0.0,0.06175,-0.04104,-1.29127,0.00075,-0.96764
176.78,ETH-27DEC19,1570100343289,open,0.0,15325.0,0.001,0.014,0.004229,113.05,0.004,0.0,ETH-27DEC19-600-C,176.2,112.21,0.004,180.0,0.005,5505.0,115.69,0.04895,-0.0326,0.00832,0.0006,0.02448
176.78,ETH-27DEC19,1570100343289,open,2.82,0.0,2.735,2.974,2.849391,115.92,None,0.0,ETH-27DEC19-680-P,176.2,0.0,0.002,10.0,0.0,0.0,0.0,0.03515,-0.024,-1.57559,0.00042,-0.98344
176.78,ETH-27DEC19,1570100343292,open,0.02,4395.0,0.005,0.041,0.019591,108.54,0.021,0.0,ETH-27DEC19-400-C,176.2,105.29,0.017,180.0,0.022,300.0,111.36,0.14638,-0.09359,0.03185,0.00186,0.09707
176.78,ETH-27DEC19,1570100343298,open,0.0,12462.0,0.001,0.012,0.002801,115.92,0.005,0.0,ETH-27DEC19-680-C,176.2,111.4,0.002,180.0,0.004,2699.0,121.22,0.03514,-0.024,0.00566,0.00042,0.01656
176.78,ETH-27DEC19,1570100343298,open,1.05,257.0,0.988,1.144,1.063402,106.33,0.7,0.0,ETH-27DEC19-360-P,176.2,0.0,0.01,2.0,0.0,0.0,0.0,0.17947,-0.11242,-0.79515,0.00232,-0.8709
176.78,ETH-27DEC19,1570100343315,open,0.15,3202.0,0.098,0.194,0.149542,102.96,0.157,0.0,ETH-27DEC19-200-C,176.2,100.08,0.144,608.0,0.15,180.0,103.2,0.34009,-0.20628,0.14401,0.00455,0.49988
176.25,SYN.ETH-11OCT19,1570100343315,open,0.0,17.0,0.001,0.012,0.00219,116.33,0.007,0.0,ETH-11OCT19-130-P,176.2,101.98,0.001,520.0,0.003,150.0,123.52,0.01809,-0.13357,-0.00126,0.00232,-0.03097
176.78,ETH-27DEC19,1570100343318,open,0.01,7082.0,0.001,0.016,0.005587,112.31,0.005,0.0,ETH-27DEC19-560-C,176.2,110.53,0.005,180.0,0.007,1702.0,116.14,0.06051,-0.04003,0.01068,0.00074,0.03157
176.78,ETH-27DEC19,1570100343318,open,0.01,10816.0,0.001,0.02,0.007462,111.47,0.007,0.0,ETH-27DEC19-520-C,176.2,110.36,0.007,180.0,0.008,200.0,112.71,0.07504,-0.04927,0.01381,0.00093,0.04106
176.78,ETH-27DEC19,1570100343320,open,0.24,402.0,0.186,0.281,0.237675,102.84,0.24,0.0,ETH-27DEC19-160-C,176.2,100.15,0.233,596.0,0.24,180.0,104.18,0.30747,-0.18627,0.17908,0.00411,0.67331
176.78,ETH-27DEC19,1570100343326,open,0.0,4490.0,0.001,0.012,0.00228,116.98,0.001,0.0,ETH-27DEC19-720-C,176.2,115.24,0.002,180.0,0.003,8.0,120.85,0.02974,-0.0205,0.00467,0.00035,0.01364
176.78,ETH-27DEC19,1570100343326,open,3.27,0.0,3.174,3.439,3.301066,118.41,None,0.0,ETH-27DEC19-760-P,176.2,0.0,0.0,0.0,0.0,0.0,0.0,0.02594,-0.0181,-1.76328,0.0003,-0.98835
176.78,ETH-27DEC19,1570100343331,open,0.09,2309.0,0.053,0.13,0.091545,103.88,0.084,0.0,ETH-27DEC19-140-P,176.2,101.49,0.088,275.0,0.095,180.0,106.2,0.26316,-0.16104,-0.13504,0.00349,-0.23696
176.35,SYN.ETH-25OCT19,1570100343331,open,0.05,1715.0,0.023,0.081,0.051059,96.84,0.045,0.0,ETH-25OCT19-160-P,176.2,94.41,0.049,180.0,0.054,497.0,100.29,0.14975,-0.33145,-0.03694,0.0083,-0.29843
176.21,SYN.ETH-4OCT19,1570100343346,open,0.27,0.0,0.24,0.283,0.262185,0.0,None,0.0,ETH-4OCT19-130-C,176.2,0.0,0.0,0.0,0.0,0.0,0.0,0.0,0.0,0.00312,0.0,1.0
176.21,SYN.ETH-4OCT19,1570100343392,open,0.18,2.0,0.158,0.23,0.192057,153.36,0.263,0.0,ETH-4OCT19-210-P,176.2,0.0,0.0,0.0,0.0,0.0,0.0,0.00245,-0.18824,-0.00499,0.00215,-0.98923
176.78,ETH-27DEC19,1570100343397,open,0.19,1016.0,0.135,0.232,0.187313,102.14,0.197,0.0,ETH-27DEC19-180-C,176.2,100.38,0.184,602.0,0.19,180.0,103.56,0.3327,-0.20018,0.16266,0.00448,0.58301
178.23,ETH-27MAR20,1570100343410,open,0.07,1130.0,0.026,0.106,0.064002,108.85,0.072,0.0,ETH-27MAR20-440-C,176.2,106.8,0.06,260.0,0.068,555.0,110.84,0.35314,-0.10928,0.12246,0.00212,0.2066
176.35,SYN.ETH-25OCT19,1570100343410,open,0.09,986.0,0.047,0.116,0.083076,94.52,0.096,0.0,ETH-25OCT19-180-C,176.2,92.4,0.081,173.0,0.085,280.0,96.49,0.17217,-0.37196,0.04521,0.00977,0.51083
176.25,SYN.ETH-11OCT19,1570100343415,open,0.3,0.0,0.268,0.349,0.306343,91.87,None,0.0,ETH-11OCT19-230-P,176.2,0.0,0.0,0.0,0.0,0.0,0.0,0.01683,-0.09819,-0.0486,0.00273,-0.97159
176.25,SYN.ETH-11OCT19,1570100343458,open,0.22,0.0,0.182,0.236,0.209544,103.63,None,0.0,ETH-11OCT19-140-C,176.2,0.0,0.0,0.0,0.0,0.0,0.0,0.02923,-0.19231,0.02793,0.00421,0.94396
176.78,ETH-27DEC19,1570100343464,open,0.2,2639.0,0.148,0.258,0.20555,102.15,0.194,0.0,ETH-27DEC19-180-P,176.2,100.79,0.203,340.0,0.208,180.0,103.45,0.33269,-0.2002,-0.25591,0.00448,-0.41697
178.23,ETH-27MAR20,1570100343483,open,1.52,0.0,1.429,1.641,1.532852,108.91,None,0.0,ETH-27MAR20-440-P,176.2,0.0,0.002,10.0,0.0,0.0,0.0,0.35342,-0.10943,-1.99756,0.00212,-0.79313
176.21,SYN.ETH-4OCT19,1570100343512,open,0.32,0.0,0.298,0.338,0.31894,0.0,None,0.0,ETH-4OCT19-120-C,176.2,0.0,0.0,0.0,0.0,0.0,0.0,0.0,0.0,0.00288,0.0,1.0
8346.31,BTC-27MAR20,1570100343514,open,0.03,144.5,0.0105,0.0645,0.03243272,95.08,0.034,0.0,BTC-27MAR20-22000-C,8224.15,94.08,0.031,6.0,0.034,0.3,96.15,12.0886,-3.26754,3.82114,4e-05,0.12745
8346.31,BTC-27MAR20,1570100343514,open,0.03,351.1,0.012,0.0495,0.02874408,94.41,0.028,0.0,BTC-27MAR20-4000-P,8224.15,93.11,0.0275,8.0,0.0295,1.0,95.18,8.07757,-2.16793,-4.11285,3e-05,-0.07352
8346.31,BTC-27MAR20,1570100343514,open,2.35,0.0,2.295,2.465,2.37480305,100.07,None,0.0,BTC-27MAR20-28000-P,8224.15,0.0,0.0025,1.0,0.0,0.0,0.0,8.73269,-2.48426,-132.44717,3e-05,-0.91853
8346.31,BTC-27MAR20,1570100343514,open,0.13,257.8,0.0735,0.172,0.12295369,88.51,0.128,0.0,BTC-27MAR20-12000-C,8224.15,86.64,0.118,16.0,0.126,10.0,89.65,22.20108,-5.58631,10.67097,7e-05,0.38829
8346.31,BTC-27MAR20,1570100343514,open,2.12,0.0,2.0615,2.225,2.13827444,98.46,None,0.0,BTC-27MAR20-26000-P,8224.15,0.0,0.0015,1.0,0.0,0.0,0.0,9.66097,-2.70417,-122.46004,3e-05,-0.90672
8245.55,SYN.BTC-29NOV19,1570100343514,open,0.15,20.5,0.107,0.182,0.14619961,84.69,0.1465,0.0,BTC-29NOV19-8000-C,8224.15,82.27,0.1425,10.0,0.1495,15.0,86.86,12.56141,-9.3526,5.85171,0.00014,0.60164
8226.71,SYN.BTC-11OCT19,1570100343514,open,0.01,199.8,0.0005,0.018,0.0055334,75.81,0.005,0.0,BTC-11OCT19-9500-C,8224.15,71.85,0.0045,30.0,0.005,10.0,73.81,2.24448,-10.80302,0.18212,0.0002,0.10813
8226.71,SYN.BTC-11OCT19,1570100343514,open,0.11,4.9,0.076,0.127,0.10225615,80.33,0.1045,0.0,BTC-11OCT19-7500-C,8224.15,68.11,0.0975,4.0,0.105,4.0,86.86,3.37991,-17.23714,1.23913,0.00029,0.80032
8224.02,SYN.BTC-4OCT19,1570100343514,open,0.02,228.8,0.0005,0.0325,0.01291245,73.77,0.0175,0.0,BTC-4OCT19-8250-C,8224.15,66.52,0.0115,0.5,0.014,18.4,79.35,1.60318,-59.13358,0.09066,0.00134,0.4724
8232.09,SYN.BTC-25OCT19,1570100343514,open,0.0,908.2,0.0005,0.0105,0.00070812,116.41,0.001,0.0,BTC-25OCT19-17000-C,8224.15,112.1,0.0005,15.5,0.001,38.6,121.12,0.44901,-1.19468,0.03672,1e-05,0.00815
8224.02,SYN.BTC-4OCT19,1570100343514,open,0.21,76.6,0.1925,0.2425,0.21602319,145.54,0.2125,0.0,BTC-4OCT19-10000-P,8224.15,0.0,0.1995,2.0,0.231,2.0,376.54,0.04117,-2.99576,-0.23926,2e-05,-0.99661
8232.09,SYN.BTC-25OCT19,1570100343514,open,0.69,2.0,0.6675,0.74,0.70206062,97.4,0.372,0.0,BTC-25OCT19-14000-P,8224.15,0.0,0.0005,1.0,1.5,0.5,500.0,0.87209,-1.94146,-8.31111,2e-05,-0.98247
8232.09,SYN.BTC-25OCT19,1570100343514,open,0.01,71.7,0.0035,0.0305,0.01415616,90.05,0.0145,0.0,BTC-25OCT19-6500-P,8224.15,87.63,0.013,59.8,0.0145,0.1,90.75,3.99888,-8.23015,-0.65513,0.00011,-0.11863
8226.71,SYN.BTC-11OCT19,1570100343514,open,0.06,99.7,0.032,0.084,0.05880749,75.57,0.058,0.0,BTC-11OCT19-8000-C,8224.15,67.84,0.0545,5.0,0.06,0.1,77.7,4.59872,-22.06414,0.99735,0.00042,0.62067
8224.02,SYN.BTC-4OCT19,1570100343514,open,0.12,3.6,0.103,0.149,0.12491803,101.82,0.118,0.0,BTC-4OCT19-9250-P,8224.15,0.0,0.1105,2.0,0.132,2.0,213.49,0.10587,-5.39002,-0.22001,6e-05,-0.99016
8226.71,SYN.BTC-11OCT19,1570100343514,open,0.01,167.7,0.0005,0.019,0.00624362,88.84,0.007,0.0,BTC-11OCT19-7000-P,8224.15,83.65,0.005,40.0,0.007,0.1,91.79,2.06394,-11.64137,-0.18213,0.00016,-0.09636
8232.09,SYN.BTC-25OCT19,1570100343515,open,0.57,32.0,0.5485,0.6185,0.58161896,93.37,0.6245,0.0,BTC-25OCT19-13000-P,8224.15,0.0,0.5585,2.0,0.6,2.0,145.32,1.36128,-2.90499,-7.65663,4e-05,-0.97026
8232.09,SYN.BTC-25OCT19,1570100343516,open,0.0,435.0,0.0005,0.011,0.00139534,97.37,0.001,0.0,BTC-25OCT19-14000-C,8224.15,93.2,0.001,24.0,0.002,10.0,102.42,0.87058,-1.93743,0.07941,2e-05,0.01749
8224.02,SYN.BTC-4OCT19,1570100343515,open,0.0,419.9,0.0005,0.0105,6.94e-05,144.94,0.0005,0.0,BTC-4OCT19-10000-C,8224.15,0.0,0.0,0.0,0.0005,9.8,182.55,0.03991,-0.57073,0.00063,2e-05,0.00328
8224.02,SYN.BTC-4OCT19,1570100343514,open,0.0,566.8,0.0005,0.0105,7.66e-06,145.0,0.0005,0.0,BTC-4OCT19-6500-P,8224.15,0.0,0.0,0.0,0.0005,5.0,220.59,0.00592,-0.06301,-8e-05,0.0,-0.00041
8245.55,SYN.BTC-29NOV19,1570100343514,open,0.01,74.6,0.004,0.029,0.01408206,98.65,0.013,0.0,BTC-29NOV19-5000-P,8224.15,95.58,0.0125,52.0,0.015,10.0,100.37,4.34804,-3.77095,-1.07439,4e-05,-0.06954
8224.02,SYN.BTC-4OCT19,1570100343515,open,0.0,208.8,0.0005,0.0105,0.0,145.0,0.0005,0.0,BTC-4OCT19-12000-C,8224.15,0.0,0.0,0.0,0.0005,0.4,320.19,0.0,-1e-05,0.0,0.0,0.0
8232.09,SYN.BTC-25OCT19,1570100343514,open,0.0,625.4,0.0005,0.0105,0.00093443,111.63,0.0015,0.0,BTC-25OCT19-16000-C,8224.15,104.01,0.0005,84.0,0.0015,42.0,118.41,0.5774,-1.47323,0.049,1e-05,0.01086
8232.09,SYN.BTC-25OCT19,1570100343515,open,0.23,0.0,0.2005,0.2485,0.22456156,90.04,None,0.0,BTC-25OCT19-6500-C,8224.15,0.0,0.209,5.0,0.244,5.0,124.2,3.99871,-8.22948,3.24059,0.00011,0.88138
8224.02,SYN.BTC-4OCT19,1570100343515,open,0.0,121.2,0.0005,0.0105,0.00017545,141.71,0.001,0.0,BTC-4OCT19-9750-C,8224.15,0.0,0.0,0.0,0.0005,9.0,162.34,0.08651,-1.44294,0.00151,4e-05,0.00782
8224.02,SYN.BTC-4OCT19,1570100343514,open,0.0,83.2,0.0005,0.0105,5.95e-06,145.0,0.0005,0.0,BTC-4OCT19-10500-C,8224.15,0.0,0.0,0.0,0.0015,19.0,259.61,0.00489,-0.04889,6e-05,0.0,0.00033
8245.55,SYN.BTC-29NOV19,1570100343515,open,0.41,0.0,0.387,0.4295,0.40769306,98.65,None,0.0,BTC-29NOV19-5000-C,8224.15,0.0,0.012,1.0,0.0,0.0,0.0,4.34791,-3.77077,6.71685,4e-05,0.93047
8224.02,SYN.BTC-4OCT19,1570100343515,open,0.28,0.0,0.256,0.2845,0.27042778,0.0,None,0.0,BTC-4OCT19-6000-C,8224.15,0.0,0.0005,1.1,0.0,0.0,0.0,0.0,0.0,0.14395,0.0,1.0
8232.09,SYN.BTC-25OCT19,1570100343514,open,0.28,0.0,0.255,0.3225,0.28743066,81.18,None,0.0,BTC-25OCT19-10500-P,8224.15,0.0,0.2615,2.0,0.311,2.0,117.16,4.26977,-7.92237,-5.70909,0.00013,-0.86972
8224.02,SYN.BTC-4OCT19,1570100343514,open,0.0,177.0,0.0005,0.016,0.00253102,99.22,0.003,0.0,BTC-4OCT19-7750-P,8224.15,93.01,0.002,0.8,0.003,30.0,104.25,0.73953,-20.81514,-0.02149,0.00046,-0.1064
8224.02,SYN.BTC-4OCT19,1570100343516,open,0.45,0.0,0.431,0.4885,0.45914455,209.77,None,0.0,BTC-4OCT19-12000-P,8224.15,0.0,0.05,1.0,0.0,0.0,0.0,0.00224,-0.23538,-0.28787,0.0,-0.99986
8226.71,SYN.BTC-11OCT19,1570100343514,open,0.34,0.0,0.318,0.348,0.3322373,126.03,None,0.0,BTC-11OCT19-5500-C,8224.15,0.0,0.0,0.0,0.0,0.0,0.0,0.3687,-2.95,1.16461,2e-05,0.98832
8232.09,SYN.BTC-25OCT19,1570100343514,open,0.07,252.2,0.036,0.0925,0.06465155,80.61,0.066,0.0,BTC-25OCT19-8500-C,8224.15,76.86,0.061,7.7,0.064,7.0,79.94,8.02372,-14.78288,2.02277,0.00025,0.47464
8232.09,SYN.BTC-25OCT19,1570100343514,open,0.93,0.0,0.906,0.987,0.94455189,111.69,None,0.0,BTC-25OCT19-16000-P,8224.15,0.0,0.0,0.0,0.0,0.0,0.0,0.57919,-1.47857,-9.54018,1e-05,-0.9891
8224.02,SYN.BTC-4OCT19,1570100343514,open,0.0,81.1,0.0005,0.0105,0.0,145.0,0.0015,0.0,BTC-4OCT19-13000-C,8224.15,0.0,0.0,0.0,0.001,9.0,411.32,0.0,0.0,0.0,0.0,0.0
8224.02,SYN.BTC-4OCT19,1570100343515,open,0.01,216.4,0.0005,0.018,0.00362062,73.94,0.0045,0.0,BTC-4OCT19-8500-C,8224.15,69.06,0.003,0.4,0.0045,32.8,80.42,1.0783,-29.77605,0.03595,0.0009,0.18585
8232.09,SYN.BTC-25OCT19,1570100343517,open,0.23,329.2,0.1995,0.2685,0.23335988,80.67,0.23,0.0,BTC-25OCT19-10000-P,8224.15,0.0,0.205,3.0,0.241,8.1,91.61,5.42859,-10.00994,-5.15888,0.00017,-0.81227
8226.71,SYN.BTC-11OCT19,1570100343514,open,0.15,0.0,0.1335,0.1895,0.16031151,75.82,None,0.0,BTC-11OCT19-9500-P,8224.15,0.0,0.14,1.0,0.0,0.0,0.0,2.24497,-10.80675,-1.86766,0.0002,-0.89184
8232.09,SYN.BTC-25OCT19,1570100343514,open,0.18,0.2,0.148,0.218,0.18292406,80.61,0.173,0.0,BTC-25OCT19-9500-P,8224.15,64.79,0.171,11.0,0.2085,3.0,110.35,6.60432,-12.16828,-4.52756,0.0002,-0.73474
8245.55,SYN.BTC-29NOV19,1570100343514,open,0.37,0.0,0.3315,0.4225,0.37628715,85.53,None,0.0,BTC-29NOV19-11000-P,8224.15,0.0,0.0005,2.0,0.0,0.0,0.0,10.2703,-7.72192,-14.51351,0.00011,-0.7533
8232.09,SYN.BTC-25OCT19,1570100343514,open,0.28,16.3,0.259,0.302,0.28003385,97.9,0.27,0.0,BTC-25OCT19-6000-C,8224.15,0.0,0.265,5.0,0.2955,5.0,133.21,2.85301,-6.38399,3.18208,7e-05,0.92499
176.78,ETH-27DEC19,1570100343531,open,0.12,3212.0,0.071,0.161,0.118248,102.95,0.126,0.0,ETH-27DEC19-220-C,176.2,100.7,0.114,594.0,0.119,180.0,103.35,0.33385,-0.20248,0.12558,0.00446,0.42374
176.21,SYN.ETH-4OCT19,1570100343542,open,0.0,327.0,0.001,0.011,1.6e-05,150.03,0.001,0.0,ETH-4OCT19-140-P,176.2,0.0,0.0,0.0,0.002,300.0,271.17,0.00023,-0.00277,0.0,0.0002,-0.00077
178.23,ETH-27MAR20,1570100343556,open,0.06,1147.0,0.021,0.094,0.054223,109.82,0.049,0.0,ETH-27MAR20-480-C,176.2,107.46,0.05,240.0,0.057,537.0,111.33,0.32373,-0.10107,0.10733,0.00193,0.1792
8256.76,BTC-27DEC19,1570100343556,open,1.65,4.9,1.6135,1.734,1.67015155,99.16,1.0385,0.0,BTC-27DEC19-22000-P,8224.15,0.0,0.0075,2.0,2.31,0.3,500.0,3.08476,-1.80194,-50.5926,2e-05,-0.96489
176.59,SYN.ETH-29NOV19,1570100343585,open,0.45,0.0,0.424,0.475,0.450331,114.49,None,0.0,ETH-29NOV19-100-C,176.2,0.0,0.0,0.0,0.0,0.0,0.0,0.09244,-0.09304,0.1323,0.00166,0.93112
176.25,SYN.ETH-11OCT19,1570100343596,open,0.24,0.0,0.213,0.293,0.251139,90.54,None,0.0,ETH-11OCT19-220-P,176.2,0.0,0.0,0.0,0.0,0.0,0.0,0.0287,-0.16497,-0.0455,0.00473,-0.94525
176.25,SYN.ETH-11OCT19,1570100343600,open,0.0,19.0,0.001,0.014,0.003898,103.9,0.008,0.0,ETH-11OCT19-140-P,176.2,90.51,0.002,300.0,0.006,150.0,115.15,0.0294,-0.19396,-0.0023,0.00422,-0.05646
176.35,SYN.ETH-25OCT19,1570100343611,open,0.17,954.0,0.133,0.224,0.179514,94.6,0.166,0.0,ETH-25OCT19-200-P,176.2,59.89,0.151,21.0,0.208,21.0,125.49,0.15719,-0.33987,-0.08931,0.00891,-0.66553
178.23,ETH-27MAR20,1570100343641,open,1.73,0.0,1.64,1.861,1.747523,109.9,None,0.0,ETH-27MAR20-480-P,176.2,0.0,0.003,10.0,0.0,0.0,0.0,0.32411,-0.10127,-2.2054,0.00193,-0.82047
176.21,SYN.ETH-4OCT19,1570100343645,open,0.0,339.0,0.001,0.011,2.9e-05,149.97,0.001,0.0,ETH-4OCT19-220-C,176.2,0.0,0.0,0.0,0.001,115.0,224.81,0.0004,-0.00511,1e-05,0.00036,0.00142
176.78,ETH-27DEC19,1570100343689,open,0.08,1924.0,0.037,0.114,0.075315,103.73,0.078,0.0,ETH-27DEC19-260-C,176.2,101.15,0.071,671.0,0.078,285.0,105.33,0.29691,-0.18144,0.09284,0.00394,0.30115
176.35,SYN.ETH-25OCT19,1570100343689,open,0.02,1499.0,0.007,0.046,0.02354,94.85,0.029,0.0,ETH-25OCT19-220-C,176.2,91.09,0.021,454.0,0.026,514.0,98.37,0.12141,-0.26321,0.01881,0.00687,0.20149
176.21,SYN.ETH-4OCT19,1570100343701,open,0.0,11.0,0.001,0.011,0.0,150.03,0.003,0.0,ETH-4OCT19-130-P,176.2,0.0,0.0,0.0,0.001,100.0,305.59,1e-05,-4e-05,0.0,1e-05,-1e-05
176.59,SYN.ETH-29NOV19,1570100343720,open,0.02,137.0,0.005,0.033,0.016651,114.55,0.021,0.0,ETH-29NOV19-100-P,176.2,111.33,0.015,360.0,0.019,660.0,118.91,0.09251,-0.09316,-0.02355,0.00166,-0.06895
178.23,ETH-27MAR20,1570100343725,open,0.05,1215.0,0.016,0.083,0.046214,110.62,0.055,0.0,ETH-27MAR20-520-C,176.2,108.03,0.042,240.0,0.049,539.0,112.27,0.2962,-0.09315,0.09438,0.00175,0.15611
8224.02,SYN.BTC-4OCT19,1570100343756,open,0.33,2.7,0.3115,0.365,0.33754955,164.84,0.366,0.0,BTC-4OCT19-11000-P,8224.15,0.0,0.3195,1.0,0.354,1.0,500.0,0.00283,-0.23301,-0.26387,0.0,-0.99982
176.78,ETH-27DEC19,1570100343759,open,0.14,2981.0,0.094,0.189,0.142755,102.84,0.135,0.0,ETH-27DEC19-160-P,176.2,100.68,0.139,596.0,0.146,180.0,104.7,0.30747,-0.18627,-0.19298,0.00411,-0.32669
176.78,ETH-27DEC19,1570100343772,open,0.54,946.0,0.475,0.615,0.546082,103.74,0.3,0.0,ETH-27DEC19-260-P,176.2,79.8,0.509,500.0,0.0,0.0,0.0,0.29692,-0.18146,-0.51175,0.00394,-0.69882
176.25,SYN.ETH-11OCT19,1570100343801,open,0.16,0.0,0.126,0.187,0.157728,98.13,None,0.0,ETH-11OCT19-150-C,176.2,0.0,0.0,0.0,0.0,0.0,0.0,0.05082,-0.3166,0.02759,0.00773,0.88317
178.23,ETH-27MAR20,1570100343809,open,1.95,0.0,1.853,2.082,1.963956,110.72,None,0.0,ETH-27MAR20-520-P,176.2,0.0,0.005,10.0,0.0,0.0,0.0,0.29668,-0.09338,-2.41106,0.00175,-0.84351
176.21,SYN.ETH-4OCT19,1570100343815,open,0.24,13.0,0.213,0.288,0.248639,168.29,0.071,0.0,ETH-4OCT19-220-P,176.2,0.0,0.0,0.0,0.0,0.0,0.0,0.00102,-0.08613,-0.00526,0.00082,-0.996
176.35,SYN.ETH-25OCT19,1570100343842,open,0.0,5308.0,0.001,0.013,0.003834,101.61,0.004,0.0,ETH-25OCT19-280-C,176.2,97.49,0.003,180.0,0.005,120.0,106.57,0.03829,-0.08894,0.00398,0.00202,0.04145
176.59,SYN.ETH-29NOV19,1570100343842,open,0.36,0.0,0.32,0.386,0.355061,108.23,None,0.0,ETH-29NOV19-120-C,176.2,0.0,0.0,0.0,0.0,0.0,0.0,0.14888,-0.14165,0.1412,0.00283,0.86819
176.78,ETH-27DEC19,1570100343846,open,0.05,1103.0,0.02,0.083,0.049458,105.03,0.05,0.0,ETH-27DEC19-300-C,176.2,102.54,0.046,320.0,0.052,613.0,106.82,0.24872,-0.15388,0.06783,0.00326,0.21446
176.35,SYN.ETH-25OCT19,1570100343852,open,0.01,1256.0,0.002,0.028,0.012069,95.88,0.015,0.0,ETH-25OCT19-240-C,176.2,93.59,0.011,180.0,0.014,415.0,99.78,0.08428,-0.18468,0.01098,0.00472,0.11593
178.23,ETH-27MAR20,1570100343894,open,0.04,1205.0,0.013,0.075,0.040379,111.78,0.042,0.0,ETH-27MAR20-560-C,176.2,108.85,0.036,270.0,0.042,240.0,112.83,0.27325,-0.08684,0.0842,0.0016,0.13842
176.35,SYN.ETH-25OCT19,1570100343922,open,0.36,302.0,0.326,0.422,0.37308,96.04,0.432,0.0,ETH-25OCT19-240-P,176.2,0.0,0.348,14.0,0.402,14.0,141.6,0.08452,-0.18553,-0.13282,0.00472,-0.8836
176.21,SYN.ETH-4OCT19,1570100343930,open,0.0,133.0,0.001,0.011,3e-06,149.97,0.001,0.0,ETH-4OCT19-230-C,176.2,0.0,0.0,0.0,0.001,100.0,261.56,5e-05,-0.00052,0.0,5e-05,0.00017
176.78,ETH-27DEC19,1570100343934,open,0.74,1.0,0.674,0.82,0.746569,105.09,0.494,0.0,ETH-27DEC19-300-P,176.2,0.0,0.001,5.0,0.0,0.0,0.0,0.24887,-0.15407,-0.62972,0.00326,-0.78532
176.25,SYN.ETH-11OCT19,1570100343940,open,0.01,307.0,0.001,0.025,0.008822,98.3,0.012,0.0,ETH-11OCT19-150-P,176.2,87.79,0.006,300.0,0.011,300.0,105.52,0.05093,-0.31781,-0.00479,0.00773,-0.11718
176.35,SYN.ETH-25OCT19,1570100343948,open,0.58,3.0,0.543,0.645,0.59168,102.03,0.645,0.0,ETH-25OCT19-280-P,176.2,0.0,0.0,0.0,0.0,0.0,0.0,0.03883,-0.09054,-0.16377,0.00204,-0.95783
178.23,ETH-27MAR20,1570100343974,open,2.16,0.0,2.067,2.307,2.182563,111.9,None,0.0,ETH-27MAR20-560-P,176.2,0.0,0.01,10.0,0.0,0.0,0.0,0.27382,-0.08711,-2.61396,0.0016,-0.86116
176.59,SYN.ETH-29NOV19,1570100343974,open,0.03,2.0,0.014,0.059,0.034645,108.27,0.043,0.0,ETH-29NOV19-120-P,176.2,105.1,0.032,340.0,0.037,287.0,111.04,0.14892,-0.14175,-0.04582,0.00283,-0.13187
176.78,ETH-27DEC19,1570100344014,open,0.03,886.0,0.011,0.061,0.033187,106.2,0.035,0.0,ETH-27DEC19-340-C,176.2,103.35,0.03,320.0,0.037,299.0,109.46,0.20193,-0.12634,0.04951,0.00262,0.15362
176.21,SYN.ETH-4OCT19,1570100344033,open,0.3,0.0,0.268,0.346,0.305368,192.95,0.093,0.0,ETH-4OCT19-230-P,176.2,0.0,0.0,0.0,0.0,0.0,0.0,0.00074,-0.07131,-0.00551,0.00051,-0.99721
176.21,SYN.ETH-4OCT19,1570100344063,open,0.0,970.0,0.001,0.011,0.0,150.02,0.002,0.0,ETH-4OCT19-120-P,176.2,0.0,0.0,0.0,0.002,316.0,418.8,0.0,0.0,0.0,0.0,0.0
176.35,SYN.ETH-25OCT19,1570100344069,open,0.47,3.0,0.434,0.533,0.481294,99.53,0.534,0.0,ETH-25OCT19-260-P,176.2,0.0,0.0,0.0,0.0,0.0,0.0,0.05834,-0.13272,-0.1491,0.00314,-0.92941
178.23,ETH-27MAR20,1570100344072,open,0.04,5133.0,0.011,0.069,0.035753,113.0,0.037,0.0,ETH-27MAR20-600-C,176.2,110.28,0.032,270.0,0.037,300.0,113.87,0.25322,-0.08135,0.07577,0.00146,0.12398
176.24,SYN.ETH-11OCT19,1570100344077,open,0.02,24.0,0.003,0.039,0.017091,90.16,0.016,0.0,ETH-11OCT19-160-P,176.2,85.15,0.015,120.0,0.017,1.0,89.91,0.07522,-0.43051,-0.00875,0.01245,-0.21291
176.78,ETH-27DEC19,1570100344082,open,0.94,0.0,0.882,1.035,0.956583,106.29,None,0.0,ETH-27DEC19-340-P,176.2,0.0,0.001,5.0,0.0,0.0,0.0,0.2022,-0.12661,-0.74103,0.00262,-0.84608
176.59,SYN.ETH-29NOV19,1570100344103,open,0.27,1.0,0.228,0.306,0.270075,102.64,0.289,0.0,ETH-29NOV19-140-C,176.2,0.0,0.0,0.0,0.0,0.0,0.0,0.20585,-0.18575,0.14059,0.00413,0.78101
176.21,SYN.ETH-4OCT19,1570100344138,open,0.0,80.0,0.001,0.011,0.0,149.97,0.001,0.0,ETH-4OCT19-240-C,176.2,0.0,0.0,0.0,0.004,300.0,373.53,1e-05,-4e-05,0.0,1e-05,2e-05
176.78,ETH-27DEC19,1570100344154,open,0.12,3212.0,0.071,0.161,0.118266,102.95,0.126,0.0,ETH-27DEC19-220-C,176.2,100.7,0.114,594.0,0.12,180.0,103.88,0.33385,-0.20248,0.12558,0.00446,0.42374
176.78,ETH-27DEC19,1570100344158,open,0.02,383.0,0.006,0.047,0.02293,107.48,0.025,0.0,ETH-27DEC19-380-C,176.2,105.33,0.021,180.0,0.024,320.0,108.63,0.1621,-0.10264,0.03651,0.00208,0.11173
176.78,ETH-27DEC19,1570100344163,open,0.24,402.0,0.186,0.281,0.237675,102.84,0.24,0.0,ETH-27DEC19-160-C,176.2,100.15,0.233,596.0,0.241,180.0,104.75,0.30747,-0.18627,0.17908,0.00411,0.67331
178.23,ETH-27MAR20,1570100344176,open,2.38,0.0,2.282,2.532,2.402378,113.13,None,0.0,ETH-27MAR20-600-P,176.2,0.0,0.02,10.0,0.0,0.0,0.0,0.25389,-0.08166,-2.8151,0.00147,-0.87556
176.59,SYN.ETH-29NOV19,1570100344231,open,0.06,6.0,0.032,0.095,0.062923,102.68,0.078,0.0,ETH-29NOV19-140-P,176.2,100.17,0.06,582.0,0.062,1.0,101.89,0.20588,-0.18584,-0.07758,0.00413,-0.21903
176.78,ETH-27DEC19,1570100344247,open,1.16,0.0,1.096,1.255,1.172611,107.61,None,0.0,ETH-27DEC19-380-P,176.2,0.0,0.001,5.0,0.0,0.0,0.0,0.16251,-0.10301,-0.84702,0.00208,-0.88788
176.59,SYN.ETH-29NOV19,1570100344360,open,0.21,2.0,0.156,0.242,0.202935,101.6,0.211,0.0,ETH-29NOV19-160-C,176.2,96.73,0.196,474.0,0.207,474.0,104.45,0.25171,-0.22482,0.12918,0.0051,0.67238
176.59,SYN.ETH-29NOV19,1570100344489,open,0.11,0.0,0.067,0.15,0.109047,101.64,None,0.0,ETH-29NOV19-160-P,176.2,98.1,0.104,320.0,0.113,183.0,104.41,0.25171,-0.22491,-0.12016,0.0051,-0.32762
176.25,SYN.ETH-11OCT19,1570100344612,open,0.03,105.0,0.011,0.065,0.036013,90.12,0.03,0.0,ETH-11OCT19-170-P,176.2,81.03,0.031,120.0,0.039,201.0,95.51,0.09752,-0.55796,-0.01534,0.01614,-0.36727
176.59,SYN.ETH-29NOV19,1570100344616,open,0.15,21.0,0.102,0.188,0.148425,99.95,0.144,0.0,ETH-29NOV19-180-C,176.2,97.11,0.144,500.0,0.152,180.0,102.25,0.27503,-0.24167,0.11301,0.00566,0.55914
8224.49,SYN.BTC-4OCT19,1570100344616,open,0.06,17.7,0.0435,0.0895,0.06516823,84.67,0.069,0.0,BTC-4OCT19-8750-P,8224.15,82.03,0.065,0.1,0.0675,0.1,111.43,0.54329,-22.99923,-0.19629,0.0004,-0.9296
176.21,SYN.ETH-4OCT19,1570100344685,open,0.35,0.0,0.323,0.404,0.362043,149.94,None,0.0,ETH-4OCT19-240-P,176.2,0.0,0.0,0.0,0.0,0.0,0.0,1e-05,-0.00043,-0.00576,1e-05,-0.99998
8226.71,SYN.BTC-11OCT19,1570100344727,open,0.06,44.8,0.035,0.092,0.06354439,75.58,0.062,0.0,BTC-11OCT19-8500-P,8224.15,67.56,0.059,4.0,0.0665,4.0,80.75,4.68538,-22.48141,-1.1679,0.00042,-0.59439
176.59,SYN.ETH-29NOV19,1570100344741,open,0.16,20.0,0.117,0.215,0.167743,99.95,0.18,0.0,ETH-29NOV19-180-P,176.2,96.27,0.162,453.0,0.174,453.0,103.97,0.27503,-0.24167,-0.16747,0.00566,-0.44086
8227.18,SYN.BTC-11OCT19,1570100344790,open,0.03,99.3,0.0095,0.0535,0.03032426,75.54,0.0305,0.0,BTC-11OCT19-8500-C,8224.15,67.91,0.026,10.0,0.03,0.5,74.97,4.68601,-22.47232,0.66643,0.00042,0.40573
176.21,SYN.ETH-4OCT19,1570100344802,open,0.0,21.0,0.001,0.011,0.0,150.0,0.007,0.0,ETH-4OCT19-250-C,176.2,0.0,0.0,0.0,0.002,300.0,364.32,0.0,0.0,0.0,0.0,0.0
8226.71,SYN.BTC-11OCT19,1570100344809,open,0.01,361.6,0.002,0.032,0.01392247,80.34,0.013,0.0,BTC-11OCT19-7500-P,8224.15,76.82,0.0125,8.0,0.0145,0.2,81.73,3.38005,-17.23891,-0.37919,0.00029,-0.19969
8226.71,SYN.BTC-11OCT19,1570100344838,open,0.1,4.9,0.0785,0.137,0.10771675,75.58,0.101,0.0,BTC-11OCT19-9000-P,8224.15,64.26,0.103,9.0,0.1125,3.0,86.0,3.62897,-17.41299,-1.56599,0.00033,-0.77448
8232.09,SYN.BTC-25OCT19,1570100344841,open,0.01,709.2,0.0005,0.022,0.00857746,84.18,0.009,0.0,BTC-25OCT19-11000-C,8224.15,81.51,0.0075,24.0,0.0095,19.0,86.33,3.43788,-6.61439,0.43231,0.0001,0.0962
8232.09,SYN.BTC-25OCT19,1570100344850,open,0.01,71.7,0.0035,0.0305,0.01415577,90.05,0.0145,0.0,BTC-25OCT19-6500-P,8224.15,87.63,0.013,35.8,0.0145,0.1,90.75,3.99888,-8.23015,-0.65513,0.00011,-0.11863
176.59,SYN.ETH-29NOV19,1570100344859,open,0.11,7.0,0.065,0.148,0.108635,99.99,0.114,0.0,ETH-29NOV19-200-C,176.2,97.02,0.104,428.0,0.112,208.0,102.14,0.27616,-0.24274,0.09476,0.00568,0.453
8232.09,SYN.BTC-25OCT19,1570100344868,open,0.09,18.7,0.064,0.13,0.09719684,80.61,0.1,0.0,BTC-25OCT19-8500-P,8224.15,76.81,0.0935,16.1,0.0985,0.9,81.94,8.02372,-14.7833,-3.07157,0.00025,-0.52536
176.25,SYN.ETH-11OCT19,1570100344885,open,0.06,504.0,0.03,0.099,0.064634,90.12,0.052,0.0,ETH-11OCT19-180-P,176.2,77.02,0.057,90.0,0.069,137.0,97.6,0.10284,-0.58844,-0.02288,0.01702,-0.53692
8232.09,SYN.BTC-25OCT19,1570100344887,open,0.02,568.1,0.005,0.038,0.01859929,80.67,0.022,0.0,BTC-25OCT19-10000-C,8224.15,78.21,0.017,10.0,0.02,39.3,82.77,5.42834,-10.009,0.8344,0.00017,0.18772
176.21,SYN.ETH-4OCT19,1570100344894,open,0.41,0.0,0.378,0.462,0.418794,149.28,None,0.0,ETH-4OCT19-250-P,176.2,0.0,0.0,0.0,0.0,0.0,0.0,0.0,-3e-05,-0.006,0.0,-1.0
8232.09,SYN.BTC-25OCT19,1570100344893,open,0.02,568.1,0.005,0.038,0.01859929,80.67,0.022,0.0,BTC-25OCT19-10000-C,8224.15,78.21,0.017,10.0,0.02,20.0,82.77,5.42834,-10.009,0.8344,0.00017,0.18772
8232.09,SYN.BTC-25OCT19,1570100344900,open,0.01,868.0,0.0005,0.022,0.00889011,97.9,0.0085,0.0,BTC-25OCT19-6000-P,8224.15,95.27,0.008,5.0,0.0095,24.0,99.64,2.85324,-6.38479,-0.41397,7e-05,-0.07502
8256.71,BTC-27DEC19,1570100344927,open,0.07,768.4,0.036,0.1065,0.07015929,86.95,0.073,0.0,BTC-27DEC19-11000-C,8224.15,85.11,0.067,29.1,0.0725,23.6,88.31,14.19256,-7.26954,4.75016,0.0001,0.31755
178.22,ETH-27MAR20,1570100344965,open,0.03,1099.0,0.016,0.057,0.034771,107.72,0.04,0.0,ETH-27MAR20-80-P,176.2,104.84,0.032,620.0,0.038,320.0,110.99,0.17373,-0.0532,-0.0936,0.00105,-0.07422
8346.76,BTC-27MAR20,1570100344991,open,0.21,210.1,0.1565,0.2645,0.21172846,86.84,0.204,0.0,BTC-27MAR20-8000-P,8224.15,84.81,0.2065,4.9,0.218,13.4,89.26,21.57087,-5.32546,-22.79537,7e-05,-0.35502
8232.09,SYN.BTC-25OCT19,1570100344994,open,0.13,575.2,0.102,0.1715,0.13713399,80.61,0.1285,0.0,BTC-25OCT19-9000-P,8224.15,75.52,0.1325,14.4,0.141,4.0,84.8,7.55366,-13.91731,-3.82459,0.00023,-0.63805
8256.71,BTC-27DEC19,1570100345007,open,0.0,594.7,0.0005,0.011,0.00136399,114.91,0.0015,0.0,BTC-27DEC19-36000-C,8224.15,104.24,0.0005,633.0,0.002,18.0,119.77,0.93456,-0.63262,0.13986,1e-05,0.00865
8256.71,BTC-27DEC19,1570100345022,open,0.14,561.2,0.1025,0.1895,0.14661294,86.01,0.1395,0.0,BTC-27DEC19-8000-P,8224.15,84.31,0.1435,28.3,0.1495,17.8,87.55,15.25832,-7.73072,-10.27245,0.00011,-0.38839
8256.76,BTC-27DEC19,1570100345035,open,0.02,364.6,0.0045,0.039,0.01788609,91.7,0.0195,0.0,BTC-27DEC19-16000-C,8224.15,90.65,0.017,6.0,0.019,16.7,92.99,7.04704,-3.80693,1.59901,5e-05,0.10117
8232.09,SYN.BTC-25OCT19,1570100345050,open,0.13,575.2,0.102,0.1715,0.13713399,80.61,0.1285,0.0,BTC-25OCT19-9000-P,8224.15,74.97,0.132,4.0,0.141,4.0,84.8,7.55366,-13.91731,-3.82459,0.00023,-0.63805
8256.71,BTC-27DEC19,1570100345058,open,0.13,196.0,0.0875,0.1705,0.13027129,85.98,0.131,0.0,BTC-27DEC19-9000-C,8224.15,84.29,0.127,17.3,0.1315,12.5,86.63,15.88409,-8.04548,7.09457,0.00012,0.49976
8245.55,SYN.BTC-29NOV19,1570100345080,open,0.06,93.3,0.035,0.0955,0.06432382,86.94,0.067,0.0,BTC-29NOV19-7000-P,8224.15,84.72,0.0615,8.0,0.0675,16.0,89.42,10.5208,-8.04109,-4.14452,0.00011,-0.25824
8256.71,BTC-27DEC19,1570100345093,open,0.0,428.9,0.0005,0.0145,0.00461713,116.28,0.005,0.0,BTC-27DEC19-3000-P,8224.15,113.33,0.004,1.1,0.0055,37.0,120.12,1.80384,-1.23567,-0.44379,1e-05,-0.0185
8256.71,BTC-27DEC19,1570100345098,open,0.21,131.0,0.1645,0.2455,0.20691721,86.12,0.212,0.0,BTC-27DEC19-7500-C,8224.15,84.46,0.204,7.6,0.2095,11.5,87.61,14.42425,-7.31748,8.88596,0.00011,0.66971
8256.71,BTC-27DEC19,1570100345134,open,0.22,639.0,0.1705,0.268,0.22029383,86.01,0.225,0.0,BTC-27DEC19-9000-P,8224.15,83.5,0.2155,9.0,0.2235,13.0,87.66,15.88409,-8.04818,-13.83368,0.00012,-0.50018
8256.76,BTC-27DEC19,1570100345147,open,0.02,888.3,0.0095,0.0455,0.02528885,96.24,0.0245,0.0,BTC-27DEC19-5000-P,8224.15,94.64,0.024,16.0,0.026,7.9,97.11,6.70946,-3.80389,-2.30214,4e-05,-0.09461
176.25,SYN.ETH-11OCT19,1570100345158,open,0.1,5.0,0.063,0.141,0.102405,90.12,0.083,0.0,ETH-11OCT19-190-P,176.2,71.15,0.093,30.0,0.114,30.0,111.88,0.0911,-0.52125,-0.03021,0.01508,-0.69185
8256.71,BTC-27DEC19,1570100345158,open,0.01,455.5,0.0015,0.024,0.01119409,103.72,0.0115,0.0,BTC-27DEC19-4000-P,8224.15,102.16,0.0105,30.0,0.0115,1.0,104.39,3.75069,-2.29179,-1.07235,2e-05,-0.04466
8256.76,BTC-27DEC19,1570100345180,open,0.07,403.8,0.037,0.1005,0.06789722,88.95,0.0665,0.0,BTC-27DEC19-6500-P,8224.15,87.62,0.066,19.3,0.0705,28.7,90.77,11.78925,-6.17778,-5.52765,8e-05,-0.22
8256.71,BTC-27DEC19,1570100345199,open,0.09,247.0,0.054,0.1265,0.08989696,87.6,0.0855,0.0,BTC-27DEC19-7000-P,8224.15,86.1,0.0875,19.3,0.092,18.0,88.91,13.25081,-6.83785,-6.97818,0.0001,-0.27356
8245.55,SYN.BTC-29NOV19,1570100345219,open,0.01,74.6,0.004,0.029,0.01408174,98.65,0.013,0.0,BTC-29NOV19-5000-P,8224.15,95.58,0.0125,28.0,0.015,10.0,100.37,4.34804,-3.77095,-1.07439,4e-05,-0.06954
176.59,SYN.ETH-29NOV19,1570100345238,open,0.08,12.0,0.041,0.115,0.078839,99.99,0.086,0.0,ETH-29NOV19-220-C,176.2,96.69,0.074,453.0,0.08,1.0,100.77,0.26068,-0.22914,0.07725,0.00537,0.35959
8224.49,SYN.BTC-4OCT19,1570100345241,open,0.13,10.9,0.101,0.1405,0.11927892,137.31,0.122,0.0,BTC-4OCT19-7250-C,8224.15,0.0,0.1175,0.1,0.12,6.1,156.76,0.25999,-17.85017,0.16824,0.00012,0.97185
176.21,SYN.ETH-4OCT19,1570100345266,open,0.52,0.0,0.488,0.579,0.532298,0.0,None,0.0,ETH-4OCT19-270-P,176.2,0.0,0.0,0.0,0.0,0.0,0.0,0.0,0.0,-0.00648,0.0,-1.0
8245.55,SYN.BTC-29NOV19,1570100345265,open,0.03,26.0,0.0095,0.053,0.02840738,86.84,0.0275,0.0,BTC-29NOV19-12000-C,8224.15,84.96,0.0265,18.0,0.0305,18.0,88.85,8.47948,-6.47349,1.9214,9e-05,0.17795
176.21,SYN.ETH-4OCT19,1570100345297,open,0.0,1211.0,0.001,0.015,0.001881,132.72,0.005,0.0,ETH-4OCT19-160-P,176.2,116.12,0.001,5.0,0.003,495.0,148.74,0.0109,-0.33147,-0.00028,0.01103,-0.06467
176.25,SYN.ETH-11OCT19,1570100345300,open,0.02,438.0,0.002,0.032,0.01278,90.12,0.022,0.0,ETH-11OCT19-200-C,176.2,79.99,0.009,273.0,0.014,273.0,93.17,0.0696,-0.39822,0.00663,0.01152,0.18712
8346.31,BTC-27MAR20,1570100345301,open,0.03,144.5,0.0105,0.0645,0.03243298,95.08,0.034,0.0,BTC-27MAR20-22000-C,8224.15,93.72,0.0305,14.0,0.034,0.3,96.15,12.0886,-3.26754,3.82114,4e-05,0.12745
8346.31,BTC-27MAR20,1570100345304,open,0.03,144.5,0.0105,0.0645,0.03243298,95.08,0.034,0.0,BTC-27MAR20-22000-C,8224.15,93.72,0.0305,24.0,0.034,0.3,96.15,12.0886,-3.26754,3.82114,4e-05,0.12745
8232.54,SYN.BTC-25OCT19,1570100345308,open,0.0,625.4,0.0005,0.0105,0.00093448,111.62,0.0015,0.0,BTC-25OCT19-16000-C,8224.15,104.0,0.0005,60.0,0.0015,42.0,118.4,0.57749,-1.47336,0.049,1e-05,0.01087
176.21,SYN.ETH-4OCT19,1570100345350,open,0.0,20.0,0.001,0.011,0.0,150.0,0.007,0.0,ETH-4OCT19-280-C,176.2,0.0,0.0,0.0,0.004,300.0,500.0,0.0,0.0,0.0,0.0,0.0
178.22,ETH-27MAR20,1570100345367,open,0.24,1037.0,0.173,0.289,0.236363,102.06,0.245,0.0,ETH-27MAR20-200-C,176.2,102.66,0.238,3.0,0.243,300.0,104.51,0.48457,-0.1406,0.2916,0.0031,0.57593
176.21,SYN.ETH-4OCT19,1570100345397,open,0.05,763.0,0.01,0.071,0.041731,100.02,0.063,0.0,ETH-4OCT19-170-C,176.2,50.23,0.036,30.0,0.043,30.0,108.49,0.02587,-1.29358,0.0031,0.03472,0.77528
176.59,SYN.ETH-29NOV19,1570100345415,open,0.32,0.0,0.265,0.382,0.324672,99.99,None,0.0,ETH-29NOV19-220-P,176.2,0.0,0.0,0.0,0.0,0.0,0.0,0.26068,-0.22914,-0.26556,0.00537,-0.64041
176.21,SYN.ETH-4OCT19,1570100345436,open,0.58,0.0,0.543,0.638,0.589049,0.0,None,0.0,ETH-4OCT19-280-P,176.2,0.0,0.0,0.0,0.0,0.0,0.0,0.0,0.0,-0.00672,0.0,-1.0
176.25,SYN.ETH-11OCT19,1570100345442,open,0.14,0.0,0.108,0.188,0.147507,90.12,None,0.0,ETH-11OCT19-200-P,176.2,0.0,0.0,0.0,0.0,0.0,0.0,0.0696,-0.39822,-0.03652,0.01152,-0.81288
178.22,ETH-27MAR20,1570100345459,open,0.35,1214.0,0.283,0.427,0.358508,102.04,0.38,0.0,ETH-27MAR20-200-P,176.2,97.81,0.347,300.0,0.369,300.0,105.9,0.48459,-0.14057,-0.67208,0.0031,-0.42412
176.21,SYN.ETH-4OCT19,1570100345516,open,0.01,308.0,0.001,0.028,0.006511,100.02,0.011,0.0,ETH-4OCT19-170-P,176.2,89.4,0.005,120.0,0.009,392.0,116.35,0.02587,-1.14725,-0.00098,0.03472,-0.22472
8346.74,BTC-27MAR20,1570100345527,open,2.59,0.0,2.5285,2.7055,2.61158163,101.38,None,0.0,BTC-27MAR20-30000-P,8224.16,0.0,0.0035,1.0,0.0,0.0,0.0,7.89216,-2.27468,-142.38519,2e-05,-0.92868
8346.74,BTC-27MAR20,1570100345527,open,0.55,44.4,0.492,0.628,0.5606517,88.51,0.543,0.0,BTC-27MAR20-12000-P,8224.16,70.74,0.515,2.0,0.5895,2.0,99.21,22.20268,-5.58664,-47.14994,7e-05,-0.61168
8346.74,BTC-27MAR20,1570100345527,open,1.19,0.0,1.138,1.2835,1.20793209,92.49,0.8095,0.0,BTC-27MAR20-18000-P,8224.16,50.3,1.159,1.0,1.248,1.0,111.47,15.7481,-4.14063,-81.13885,5e-05,-0.8095
8346.74,BTC-27MAR20,1570100345527,open,0.02,102.7,0.004,0.0415,0.01737262,101.39,0.018,0.0,BTC-27MAR20-30000-C,8224.16,99.9,0.016,6.0,0.0195,19.0,103.57,7.8944,-2.27553,2.17089,2e-05,0.07135
8346.74,BTC-27MAR20,1570100345528,open,0.01,22.4,0.003,0.0355,0.01388275,104.37,0.016,0.0,BTC-27MAR20-34000-C,8224.16,102.58,0.0125,6.0,0.016,19.0,106.9,6.67195,-1.97961,1.75282,2e-05,0.05746
8256.66,BTC-27DEC19,1570100345528,open,0.76,0.0,0.749,0.7685,0.75899006,130.08,None,0.0,BTC-27DEC19-2000-C,8224.16,0.0,0.02,2.0,0.933,0.5,500.0,0.57833,-0.44316,4.53084,0.0,0.99497
8256.66,BTC-27DEC19,1570100345528,open,0.59,4.0,0.57,0.5995,0.58353785,109.83,0.666,0.0,BTC-27DEC19-3500-C,8224.16,0.0,0.021,1.1,0.942,1.0,500.0,2.68587,-1.73771,7.42591,2e-05,0.97031
8256.66,BTC-27DEC19,1570100345528,open,0.01,775.4,0.0005,0.0215,0.00769936,96.26,0.0075,0.0,BTC-27DEC19-20000-C,8224.16,94.74,0.007,44.8,0.0085,7.2,97.9,3.91292,-2.2188,0.75594,3e-05,0.04707
8256.66,BTC-27DEC19,1570100345528,open,1.41,4.6,1.3765,1.4905,1.42997167,96.23,1.466,0.0,BTC-27DEC19-20000-P,8224.16,0.0,0.006,5.0,2.082,0.2,500.0,3.90842,-2.21553,-45.75231,3e-05,-0.953
8256.66,BTC-27DEC19,1570100345528,open,3.81,0.0,3.7495,3.9485,3.84556537,117.81,2.58,0.0,BTC-27DEC19-40000-P,8224.16,0.0,0.001,2.0,0.0,0.0,0.0,0.70937,-0.4923,-92.91205,0.0,-0.99367
8256.66,BTC-27DEC19,1570100345528,open,0.0,458.1,0.0005,0.013,0.00318178,103.52,0.003,0.0,BTC-27DEC19-26000-C,8224.16,100.39,0.0025,48.0,0.0035,6.5,104.82,1.94944,-1.18881,0.328,1e-05,0.02027
8256.66,BTC-27DEC19,1570100345528,open,0.28,61.0,0.243,0.3155,0.28066046,88.96,0.3,0.0,BTC-27DEC19-6500-C,8224.16,70.7,0.2555,8.0,0.309,8.0,108.36,11.78944,-6.17804,9.58693,8e-05,0.77999
8256.66,BTC-27DEC19,1570100345528,open,0.7,0.0,0.69,0.7095,0.69972312,122.49,None,0.0,BTC-27DEC19-2500-C,8224.16,0.0,0.021,1.1,0.9235,0.5,500.0,1.08199,-0.78075,5.56891,1e-05,0.98977
8256.66,BTC-27DEC19,1570100345528,open,0.0,434.2,0.0005,0.0105,0.00064415,118.8,0.001,0.0,BTC-27DEC19-44000-C,8224.16,0.0,0.0,0.0,0.001,8.0,123.79,0.49464,-0.34618,0.06862,0.0,0.00422
8256.66,BTC-27DEC19,1570100345528,open,4.3,0.0,4.2245,4.4415,4.32964323,118.25,3.46,0.0,BTC-27DEC19-44000-P,8224.16,0.0,0.001,2.0,0.0,0.0,0.0,0.47556,-0.33129,-102.25015,0.0,-0.99596
8256.66,BTC-27DEC19,1570100345528,open,0.0,709.7,0.0005,0.0115,0.00194684,107.21,0.002,0.0,BTC-27DEC19-30000-C,8224.16,104.1,0.0015,49.0,0.0025,10.2,110.41,1.30062,-0.82141,0.20526,1e-05,0.01264
8256.66,BTC-27DEC19,1570100345528,open,0.0,1542.5,0.0005,0.0105,0.00059651,127.81,0.0005,0.0,BTC-27DEC19-52000-C,8224.16,0.0,0.0,0.0,0.001,10.0,133.95,0.44066,-0.33179,0.05973,0.0,0.00371
8256.66,BTC-27DEC19,1570100345528,open,1.18,9.4,1.1405,1.249,1.19141035,93.84,1.1125,0.0,BTC-27DEC19-18000-P,8224.16,0.0,0.006,5.0,1.8545,0.2,500.0,5.18819,-2.86816,-40.78167,3e-05,-0.93267
8256.66,BTC-27DEC19,1570100345528,open,0.0,334.4,0.0005,0.0105,0.00069024,124.74,0.0005,0.0,BTC-27DEC19-48000-C,8224.16,0.0,0.0,0.0,0.001,10.0,129.11,0.50606,-0.37188,0.06983,0.0,0.00433
8224.49,SYN.BTC-4OCT19,1570100345527,open,0.0,22.2,0.0005,0.0105,0.0,144.98,0.0005,0.0,BTC-4OCT19-12500-C,8224.16,0.0,0.0,0.0,0.0005,9.0,349.59,0.0,0.0,0.0,0.0,0.0
8256.66,BTC-27DEC19,1570100345528,open,0.64,0.0,0.6305,0.654,0.64127628,116.29,None,0.0,BTC-27DEC19-3000-C,8224.16,0.0,0.007,1.2,0.9145,0.5,500.0,1.80408,-1.23588,6.53222,1e-05,0.9815
8256.66,BTC-27DEC19,1570100345528,open,2.37,0.1,2.325,2.4685,2.39368299,105.51,1.49,0.0,BTC-27DEC19-28000-P,8224.16,0.0,0.0,0.0,0.0,0.0,0.0,1.58932,-0.98788,-64.85155,1e-05,-0.98405
8346.74,BTC-27MAR20,1570100345529,open,2.82,0.0,2.7625,2.947,2.84928189,102.91,None,0.0,BTC-27MAR20-32000-P,8224.16,0.0,0.004,1.0,0.0,0.0,0.0,7.23553,-2.11681,-152.25018,2e-05,-0.93626
8346.74,BTC-27MAR20,1570100345529,open,1.88,0.0,1.8285,1.986,1.90260991,96.87,None,0.0,BTC-27MAR20-24000-P,8224.16,0.0,0.0015,1.0,0.0,0.0,0.0,10.78845,-2.97107,-112.37552,3e-05,-0.89149
8346.74,BTC-27MAR20,1570100345528,open,0.01,66.0,0.0025,0.034,0.0128346,106.1,0.0095,0.0,BTC-27MAR20-36000-C,8224.16,104.97,0.012,48.3,0.0145,19.0,108.24,6.26057,-1.88844,1.61607,2e-05,0.05302
8256.66,BTC-27DEC19,1570100345529,open,0.0,642.0,0.0005,0.014,0.00417396,101.37,0.004,0.0,BTC-27DEC19-24000-C,8224.16,98.94,0.0035,30.0,0.0045,8.0,102.45,2.42653,-1.44902,0.42448,2e-05,0.02628
8256.66,BTC-27DEC19,1570100345528,open,0.0,490.6,0.0005,0.0125,0.00250175,105.62,0.002,0.0,BTC-27DEC19-28000-C,8224.16,102.82,0.002,28.8,0.003,7.4,108.03,1.59846,-0.99457,0.26023,1e-05,0.01606
8256.66,BTC-27DEC19,1570100345529,open,5.26,0.8,5.1745,5.4285,5.29850451,127.08,3.59,0.0,BTC-27DEC19-52000-P,8224.16,0.0,0.001,2.0,0.0,0.0,0.0,0.41874,-0.31348,-120.86227,0.0,-0.9965
8224.49,SYN.BTC-4OCT19,1570100345527,open,0.0,475.6,0.0005,0.0105,0.00025599,128.6,0.001,0.0,BTC-4OCT19-9500-C,8224.16,0.0,0.0,0.0,0.001,39.5,157.7,0.12576,-2.10539,0.00232,6e-05,0.01199
8256.66,BTC-27DEC19,1570100345529,open,0.33,121.1,0.2895,0.356,0.32359581,90.98,0.3295,0.0,BTC-27DEC19-6000-C,8224.16,74.13,0.304,8.0,0.349,8.0,110.81,10.14382,-5.4369,9.68811,7e-05,0.82819
8256.66,BTC-27DEC19,1570100345530,open,0.82,10.1,0.809,0.8285,0.81897523,144.02,0.8205,0.0,BTC-27DEC19-1500-C,8224.16,0.0,0.8105,1.0,0.827,1.0,216.7,0.31251,-0.26514,3.42702,0.0,0.99747
8256.66,BTC-27DEC19,1570100345529,open,0.0,237.9,0.0005,0.0105,0.00064566,143.99,0.0005,0.0,BTC-27DEC19-1500-P,8224.16,139.79,0.0005,8.0,0.001,7.9,151.99,0.31213,-0.26477,-0.06093,0.0,-0.00253
8256.66,BTC-27DEC19,1570100345529,open,0.48,4.1,0.451,0.4945,0.47207467,99.6,0.578,0.0,BTC-27DEC19-4500-C,8224.16,0.0,0.0125,1.1,0.8925,1.0,500.0,5.12711,-3.00829,8.86286,3e-05,0.93369
8256.66,BTC-27DEC19,1570100345530,open,0.83,210.2,0.79,0.8945,0.83962217,90.66,0.905,0.0,BTC-27DEC19-15000-P,8224.16,0.0,0.802,2.0,0.873,2.0,117.76,8.22713,-4.39386,-32.90725,6e-05,-0.87432
8256.66,BTC-27DEC19,1570100345529,open,0.42,66.8,0.3945,0.4455,0.41972444,96.25,0.4155,0.0,BTC-27DEC19-5000-C,8224.16,73.31,0.404,9.0,0.439,9.0,117.68,6.71016,-3.80457,9.32427,4e-05,0.90537
8256.66,BTC-27DEC19,1570100345530,open,0.0,86.3,0.0005,0.011,0.00121729,130.06,0.0005,0.0,BTC-27DEC19-2000-P,8224.16,126.74,0.001,8.0,0.0015,0.1,133.82,0.57786,-0.44273,-0.11977,0.0,-0.00502
8256.66,BTC-27DEC19,1570100345530,open,0.0,545.6,0.0005,0.011,0.00102075,118.14,0.0015,0.0,BTC-27DEC19-40000-C,8224.16,110.53,0.0005,24.1,0.0015,18.0,122.85,0.725,-0.50459,0.10487,0.0,0.00648
8227.17,SYN.BTC-11OCT19,1570100345527,open,0.27,0.0,0.2515,0.307,0.27758877,84.77,None,0.0,BTC-11OCT19-10500-P,8224.16,0.0,0.0005,2.0,0.0,0.0,0.0,0.79781,-4.29347,-2.21662,6e-05,-0.97107
8256.67,BTC-27DEC19,1570100345530,open,0.25,56.1,0.2015,0.279,0.24210459,87.6,0.2475,0.0,BTC-27DEC19-7000-C,8224.16,83.48,0.2355,16.4,0.2445,18.9,89.09,13.25092,-6.83827,9.29907,0.0001,0.72644
8256.67,BTC-27DEC19,1570100345530,open,0.02,520.6,0.0055,0.0335,0.01708594,99.6,0.0165,0.0,BTC-27DEC19-4500-P,8224.16,98.64,0.0165,3.0,0.0175,27.5,100.26,5.12669,-3.00788,-1.60106,3e-05,-0.0663
8256.67,BTC-27DEC19,1570100345530,open,3.33,1.3,3.2745,3.455,3.36142779,114.48,2.2,0.0,BTC-27DEC19-36000-P,8224.16,0.0,0.01,1.0,0.0,0.0,0.0,0.91059,-0.61412,-83.57709,1e-05,-0.9916
8227.17,SYN.BTC-11OCT19,1570100345528,open,0.39,0.0,0.3705,0.429,0.39828672,95.79,None,0.0,BTC-11OCT19-11500-P,8224.16,0.0,0.002,2.0,0.0,0.0,0.0,0.3347,-2.03544,-2.46368,2e-05,-0.98955
8256.67,BTC-27DEC19,1570100345530,open,2.13,0.0,2.088,2.223,2.15211681,103.37,None,0.0,BTC-27DEC19-26000-P,8224.16,0.0,0.006,10.0,2.771,0.2,500.0,1.93517,-1.17845,-60.1341,1e-05,-0.97991
8256.67,BTC-27DEC19,1570100345531,open,0.04,299.1,0.0155,0.0605,0.03609054,93.28,0.036,0.0,BTC-27DEC19-5500-P,8224.16,92.7,0.0355,126.9,0.0365,0.1,93.68,8.40643,-4.6194,-3.18192,6e-05,-0.12964
8256.67,BTC-27DEC19,1570100345531,open,0.53,31.1,0.51,0.5455,0.52673963,103.72,0.6265,0.0,BTC-27DEC19-4000-C,8224.16,0.0,0.019,1.2,0.556,0.2,150.47,3.7506,-2.29169,8.22913,2e-05,0.95535
8256.67,BTC-27DEC19,1570100345531,open,0.01,386.4,0.0005,0.017,0.00552449,98.77,0.0055,0.0,BTC-27DEC19-22000-C,8224.16,97.3,0.005,30.0,0.006,6.3,100.03,3.03485,-1.76587,0.55485,2e-05,0.03442
8256.67,BTC-27DEC19,1570100345531,open,0.37,73.3,0.3405,0.399,0.36996566,93.28,0.491,0.0,BTC-27DEC19-5500-C,8224.16,0.0,0.007,2.1,0.4875,1.0,190.25,8.40665,-4.61968,9.60741,6e-05,0.87036
8256.67,BTC-27DEC19,1570100345531,open,2.61,0.2,2.5625,2.715,2.6353333,106.95,2.03,0.0,BTC-27DEC19-30000-P,8224.16,0.0,0.0,0.0,0.0,0.0,0.0,1.28176,-0.80758,-69.55888,1e-05,-0.98757
8256.67,BTC-27DEC19,1570100345531,open,4.78,0.0,4.6995,4.9355,4.8141086,123.67,None,0.0,BTC-27DEC19-48000-P,8224.16,0.0,0.0005,2.0,0.0,0.0,0.0,0.47008,-0.34247,-111.55288,0.0,-0.99602
8256.67,BTC-27DEC19,1570100345531,open,0.5,74.2,0.4535,0.559,0.50546362,87.76,0.496,0.0,BTC-27DEC19-12000-P,8224.16,55.84,0.4655,3.0,0.539,3.0,108.16,12.67456,-6.55261,-24.08868,9e-05,-0.74917
8256.67,BTC-27DEC19,1570100345531,open,0.4,261.6,0.35,0.455,0.40240906,86.95,0.478,0.0,BTC-27DEC19-11000-P,8224.16,60.85,0.3615,4.0,0.4375,4.0,106.61,14.1927,-7.26996,-20.82874,0.0001,-0.68244
8256.67,BTC-27DEC19,1570100345532,open,0.94,22.0,0.906,1.0115,0.95570343,91.69,1.0275,0.0,BTC-27DEC19-16000-P,8224.16,0.0,0.42,0.2,1.628,0.2,500.0,7.04498,-3.80538,-35.60735,5e-05,-0.89887
8256.67,BTC-27DEC19,1570100345532,open,0.6,99.0,0.5625,0.668,0.61370047,88.74,0.638,0.0,BTC-27DEC19-13000-P,8224.16,27.8,0.5745,3.0,0.646,3.0,110.37,11.09868,-5.80231,-27.17016,8e-05,-0.80143
8245.97,SYN.BTC-29NOV19,1570100345527,open,0.31,0.0,0.2745,0.3315,0.30341484,90.7,None,0.0,BTC-29NOV19-6000-C,8224.16,0.0,0.055,0.1,0.0,0.0,0.0,7.34855,-5.8594,7.11359,8e-05,0.85704
8224.49,SYN.BTC-4OCT19,1570100345528,open,0.0,361.3,0.0005,0.0105,6e-08,145.03,0.0005,0.0,BTC-4OCT19-6000-P,8224.16,0.0,0.0,0.0,0.001,6.0,315.41,7e-05,-0.00046,0.0,0.0,0.0
8256.67,BTC-27DEC19,1570100345532,open,0.0,227.3,0.0005,0.0125,0.00250708,122.48,0.0035,0.0,BTC-27DEC19-2500-P,8224.16,118.33,0.002,43.0,0.003,1.0,126.03,1.08147,-0.78029,-0.24435,1e-05,-0.01022
8224.49,SYN.BTC-4OCT19,1570100345528,open,0.0,153.5,0.0005,0.0105,3.8e-07,145.0,0.0005,0.0,BTC-4OCT19-11000-C,8224.16,0.0,0.0,0.0,0.0005,9.0,255.91,0.00043,-0.00316,0.0,0.0,2e-05
8256.67,BTC-27DEC19,1570100345533,open,2.85,0.3,2.8,2.9615,2.87734422,109.8,1.875,0.0,BTC-27DEC19-32000-P,8224.16,0.0,0.002,1.0,0.0,0.0,0.0,1.14404,-0.74001,-74.23471,1e-05,-0.9891
8256.67,BTC-27DEC19,1570100345533,open,0.72,268.3,0.675,0.78,0.72542878,89.72,0.7205,0.0,BTC-27DEC19-14000-P,8224.16,0.0,0.687,3.0,0.758,3.0,113.76,9.5947,-5.07136,-30.10063,7e-05,-0.84233
8224.49,SYN.BTC-4OCT19,1570100345528,open,0.27,1.9,0.252,0.303,0.27675433,178.96,0.332,0.0,BTC-4OCT19-10500-P,8224.16,0.0,0.2595,1.0,0.2955,1.0,467.1,0.03737,-3.34419,-0.25133,1e-05,-0.99695
8256.67,BTC-27DEC19,1570100345534,open,0.01,258.1,0.0005,0.0175,0.0074355,109.82,0.0085,0.0,BTC-27DEC19-3500-P,8224.16,108.46,0.007,3.0,0.0075,5.5,110.02,2.68538,-1.73727,-0.71268,2e-05,-0.02968
8227.17,SYN.BTC-11OCT19,1570100345530,open,0.0,222.0,0.0005,0.012,0.00229052,78.01,0.002,0.0,BTC-11OCT19-10000-C,8224.16,76.01,0.002,30.0,0.003,20.7,82.35,1.24461,-6.16379,0.08453,0.00011,0.04991
8224.49,SYN.BTC-4OCT19,1570100345527,open,0.57,0.0,0.55,0.6125,0.5807361,317.34,None,0.0,BTC-4OCT19-13000-P,8224.16,0.0,0.05,1.0,0.0,0.0,0.0,0.02632,-4.17572,-0.3115,1e-05,-0.99793
8224.49,SYN.BTC-4OCT19,1570100345530,open,0.15,27.0,0.1315,0.168,0.14909638,141.21,0.1445,0.0,BTC-4OCT19-7000-C,8224.16,0.0,0.137,2.0,0.1615,2.0,331.42,0.09801,-6.91992,0.16612,4e-05,0.99099
8224.49,SYN.BTC-4OCT19,1570100345527,open,0.0,550.9,0.0005,0.0105,0.00057015,97.47,0.001,0.0,BTC-4OCT19-9000-C,8224.16,95.35,0.0005,23.4,0.001,30.5,107.93,0.28307,-4.68917,0.00604,0.00018,0.03119
8232.54,SYN.BTC-25OCT19,1570100345528,open,0.0,377.1,0.0005,0.014,0.00409928,87.61,0.006,0.0,BTC-25OCT19-12000-C,8224.16,85.11,0.0035,24.0,0.005,20.0,91.0,2.06228,-4.12954,0.22405,6e-05,0.04951
8224.49,SYN.BTC-4OCT19,1570100345529,open,0.0,226.9,0.0005,0.011,0.00121515,83.8,0.0015,0.0,BTC-4OCT19-8750-C,8224.16,80.29,0.001,0.9,0.002,44.6,94.46,0.53078,-9.99395,0.01324,0.00039,0.06831
8245.97,SYN.BTC-29NOV19,1570100345527,open,0.7,0.0,0.6695,0.76,0.71232302,91.18,None,0.0,BTC-29NOV19-14000-P,8224.16,0.0,0.0,0.0,0.0,0.0,0.0,5.64643,-4.52626,-20.73734,6e-05,-0.90158
8232.54,SYN.BTC-25OCT19,1570100345528,open,1.05,0.0,1.025,1.1105,1.06579735,118.37,None,0.0,BTC-25OCT19-17000-P,8224.16,0.0,0.0,0.0,0.0,0.0,0.0,0.49952,-1.35146,-10.14733,1e-05,-0.9908
8245.97,SYN.BTC-29NOV19,1570100345528,open,0.48,0.0,0.44,0.5305,0.48373862,86.91,None,0.0,BTC-29NOV19-12000-P,8224.16,0.0,0.0005,2.0,0.0,0.0,0.0,8.48854,-6.48529,-16.77463,9e-05,-0.82176
8224.49,SYN.BTC-4OCT19,1570100345528,open,0.51,0.0,0.49,0.5505,0.51985174,0.0,None,0.0,BTC-4OCT19-12500-P,8224.16,0.0,0.01,2.0,0.0,0.0,0.0,0.0,0.0,-0.2999,0.0,-1.0
8227.17,SYN.BTC-11OCT19,1570100345527,open,0.21,0.0,0.192,0.2465,0.21777715,78.02,0.1755,0.0,BTC-11OCT19-10000-P,8224.16,0.0,0.1985,2.0,0.2365,2.0,140.69,1.24523,-6.16792,-2.07314,0.00011,-0.95006
8232.54,SYN.BTC-25OCT19,1570100345528,open,0.18,9.3,0.1465,0.2015,0.1745152,86.44,0.185,0.0,BTC-25OCT19-7000-C,8224.16,51.1,0.155,5.0,0.1915,5.0,110.34,5.4966,-10.86023,3.12784,0.00016,0.80845
8224.49,SYN.BTC-4OCT19,1570100345528,open,0.18,0.2,0.163,0.1955,0.17933208,145.01,0.1925,0.0,BTC-4OCT19-6750-C,8224.16,0.0,0.0,0.0,0.0,0.0,0.0,0.03039,-2.20378,0.16146,1e-05,0.99758
8227.17,SYN.BTC-11OCT19,1570100345527,open,0.22,0.2,0.1945,0.233,0.21295954,100.18,0.17,0.0,BTC-11OCT19-6500-C,8224.16,0.0,0.198,4.0,0.2275,4.0,161.03,1.18577,-7.54147,1.31376,8e-05,0.95302
8232.54,SYN.BTC-25OCT19,1570100345528,open,0.81,0.0,0.7865,0.863,0.82312583,104.37,None,0.0,BTC-25OCT19-15000-P,8224.16,0.0,0.0,0.0,0.0,0.0,0.0,0.68344,-1.63031,-8.93027,2e-05,-0.9868
8245.97,SYN.BTC-29NOV19,1570100345528,open,0.59,0.0,0.5535,0.644,0.59658064,89.0,None,0.0,BTC-29NOV19-13000-P,8224.16,0.0,0.0005,2.0,0.0,0.0,0.0,6.93513,-5.42621,-18.82707,7e-05,-0.86865
8224.49,SYN.BTC-4OCT19,1570100345528,open,0.22,0.0,0.194,0.225,0.20968473,145.07,None,0.0,BTC-4OCT19-6500-C,8224.16,0.0,0.0,0.0,0.0,0.0,0.0,0.00593,-0.43033,0.15586,0.0,0.99959
8227.17,SYN.BTC-11OCT19,1570100345528,open,0.0,15.9,0.0005,0.0115,0.00173171,115.09,0.003,0.0,BTC-11OCT19-6000-P,8224.16,105.27,0.001,3.0,0.0025,41.4,122.95,0.71759,-5.24307,-0.0483,4e-05,-0.02548
8245.97,SYN.BTC-29NOV19,1570100345528,open,0.82,0.0,0.7865,0.879,0.83005472,93.71,None,0.0,BTC-29NOV19-15000-P,8224.16,0.0,0.0,0.0,0.0,0.0,0.0,4.6538,-3.83366,-22.53835,5e-05,-0.92401
8227.17,SYN.BTC-11OCT19,1570100345529,open,0.0,42.5,0.0005,0.0105,0.00047964,95.8,0.0005,0.0,BTC-11OCT19-11500-C,8224.16,0.0,0.0,0.0,0.001,10.7,105.54,0.33481,-2.03621,0.01771,2e-05,0.01045
8227.17,SYN.BTC-11OCT19,1570100345527,open,0.0,81.6,0.0005,0.0105,0.000793,126.08,0.001,0.0,BTC-11OCT19-5500-P,8224.16,118.52,0.0005,1.0,0.001,0.5,130.35,0.36914,-2.9547,-0.02217,2e-05,-0.0117
8224.49,SYN.BTC-4OCT19,1570100345531,open,0.18,3.2,0.1625,0.212,0.18572757,147.39,0.196,0.0,BTC-4OCT19-9750-P,8224.16,0.0,0.169,2.0,0.201,2.0,348.28,0.10875,-8.01402,-0.23196,5e-05,-0.98985
8232.54,SYN.BTC-25OCT19,1570100345531,open,0.34,27.9,0.3125,0.38,0.34474112,84.17,0.35,0.0,BTC-25OCT19-11000-P,8224.16,0.0,0.3195,2.0,0.367,2.0,122.89,3.43891,-6.61604,-6.1602,0.0001,-0.90377
8224.49,SYN.BTC-4OCT19,1570100345530,open,0.0,471.9,0.0005,0.0125,0.00138318,119.63,0.0015,0.0,BTC-4OCT19-7500-P,8224.16,111.93,0.001,0.5,0.002,35.0,129.96,0.44475,-11.37595,-0.01102,0.00023,-0.05447
8227.17,SYN.BTC-11OCT19,1570100345527,open,0.28,0.1,0.256,0.2905,0.2724014,114.63,0.26,0.0,BTC-11OCT19-6000-C,8224.16,0.0,0.2595,4.0,0.2845,4.0,184.21,0.70769,-5.15026,1.24715,4e-05,0.97494
176.59,SYN.ETH-29NOV19,1570100345539,open,0.06,13.0,0.026,0.091,0.057703,100.59,0.061,0.0,ETH-29NOV19-240-C,176.2,97.79,0.054,220.0,0.063,476.0,104.51,0.23583,-0.20854,0.06197,0.00483,0.28292
8232.54,SYN.BTC-25OCT19,1570100345556,open,0.23,329.2,0.1995,0.2685,0.23335761,80.76,0.23,0.0,BTC-25OCT19-10000-P,8224.16,0.0,0.205,3.0,0.2405,5.1,91.0,5.43562,-10.03328,-5.15729,0.00017,-0.81189
176.25,SYN.ETH-11OCT19,1570100345576,open,0.01,299.0,0.001,0.02,0.00625,90.13,0.011,0.0,ETH-11OCT19-210-C,176.2,75.78,0.003,300.0,0.008,450.0,96.34,0.04687,-0.26817,0.00373,0.00776,0.10436
8256.67,BTC-27DEC19,1570100345592,open,0.07,768.4,0.036,0.1065,0.07015929,86.96,0.073,0.0,BTC-27DEC19-11000-C,8224.16,85.11,0.067,48.4,0.0725,23.6,88.31,14.19296,-7.27041,4.75037,0.0001,0.31758
176.21,SYN.ETH-4OCT19,1570100345610,open,0.01,847.0,0.001,0.031,0.00901,89.81,0.009,0.0,ETH-4OCT19-180-C,176.2,72.17,0.006,120.0,0.01,204.0,95.41,0.03094,-1.38943,0.00132,0.04625,0.32193
178.22,ETH-27MAR20,1570100345621,open,0.52,126.0,0.445,0.607,0.529391,103.66,0.556,0.0,ETH-27MAR20-240-P,176.2,98.81,0.516,300.0,0.556,32.0,113.27,0.49283,-0.14523,-0.90244,0.00311,-0.52148
8224.49,SYN.BTC-4OCT19,1570100345619,open,0.0,331.5,0.0005,0.0105,0.00079293,138.83,0.001,0.0,BTC-4OCT19-7250-P,8224.16,128.64,0.0005,8.0,0.001,30.0,144.7,0.27007,-6.52145,-0.00597,0.00012,-0.02947
176.25,SYN.ETH-11OCT19,1570100345667,open,0.03,105.0,0.011,0.065,0.036013,90.12,0.03,0.0,ETH-11OCT19-170-P,176.2,79.2,0.03,120.0,0.039,201.0,95.51,0.09752,-0.55796,-0.01534,0.01614,-0.36727
176.25,SYN.ETH-11OCT19,1570100345670,open,0.03,105.0,0.011,0.065,0.036013,90.12,0.03,0.0,ETH-11OCT19-170-P,176.2,79.2,0.03,321.0,0.039,201.0,95.51,0.09752,-0.55796,-0.01534,0.01614,-0.36727
176.25,SYN.ETH-11OCT19,1570100345669,open,0.02,24.0,0.003,0.039,0.017078,90.15,0.016,0.0,ETH-11OCT19-160-P,176.2,82.74,0.014,120.0,0.017,1.0,89.94,0.07519,-0.43038,-0.00874,0.01244,-0.21278
176.25,SYN.ETH-11OCT19,1570100345683,open,0.02,24.0,0.003,0.039,0.017078,90.15,0.016,0.0,ETH-11OCT19-160-P,176.2,82.74,0.014,382.0,0.017,1.0,89.94,0.07519,-0.43038,-0.00874,0.01244,-0.21278
176.25,SYN.ETH-11OCT19,1570100345696,open,0.12,3.0,0.075,0.14,0.109296,90.03,0.09,0.0,ETH-11OCT19-160-C,176.2,63.17,0.099,30.0,0.12,30.0,113.86,0.07514,-0.4295,0.02579,0.01245,0.78747
176.58,SYN.ETH-29NOV19,1570100345705,open,0.41,0.0,0.356,0.477,0.416794,100.56,None,0.0,ETH-29NOV19-240-P,176.2,0.0,0.0,0.0,0.0,0.0,0.0,0.23577,-0.20842,-0.31203,0.00483,-0.71721
176.25,SYN.ETH-11OCT19,1570100345705,open,0.19,0.0,0.159,0.239,0.197714,90.1,None,0.0,ETH-11OCT19-210-P,176.2,0.0,0.0,0.0,0.0,0.0,0.0,0.04685,-0.26797,-0.04158,0.00776,-0.89571
178.22,ETH-27MAR20,1570100345707,open,0.15,910.0,0.087,0.198,0.145191,105.48,0.152,0.0,ETH-27MAR20-280-C,176.2,104.66,0.143,5.0,0.149,281.0,106.89,0.47824,-0.14341,0.21961,0.00296,0.40093
176.35,SYN.ETH-25OCT19,1570100345703,open,0.02,2226.0,0.006,0.041,0.020754,101.11,0.02,0.0,ETH-25OCT19-140-P,176.2,99.74,0.02,180.0,0.024,120.0,106.77,0.09859,-0.22786,-0.01756,0.00523,-0.14542
176.25,SYN.ETH-11OCT19,1570100345716,open,0.1,5.0,0.063,0.141,0.102404,90.12,0.083,0.0,ETH-11OCT19-190-P,176.2,71.15,0.093,30.0,0.115,30.0,113.7,0.0911,-0.52125,-0.03021,0.01508,-0.69185
176.35,SYN.ETH-25OCT19,1570100345711,open,0.02,2226.0,0.006,0.041,0.020754,101.11,0.02,0.0,ETH-25OCT19-140-P,176.2,99.74,0.02,180.0,0.024,404.0,106.77,0.09859,-0.22786,-0.01756,0.00523,-0.14542
8224.49,SYN.BTC-4OCT19,1570100345717,open,0.03,179.0,0.014,0.061,0.03717935,74.31,0.03,0.0,BTC-4OCT19-8500-P,8224.16,72.94,0.037,0.1,0.0395,0.1,90.65,1.08437,-40.28996,-0.16765,0.0009,-0.81248
8224.49,SYN.BTC-4OCT19,1570100345719,open,0.09,102.3,0.073,0.1195,0.09486515,97.52,0.099,0.0,BTC-4OCT19-9000-P,8224.16,83.47,0.0945,0.1,0.0975,0.1,140.44,0.28357,-13.82623,-0.20987,0.00018,-0.96874
176.21,SYN.ETH-4OCT19,1570100345726,open,0.03,300.0,0.003,0.062,0.030542,89.8,0.023,0.0,ETH-4OCT19-180-P,176.2,80.91,0.029,90.0,0.036,211.0,119.98,0.03094,-1.38936,-0.003,0.04625,-0.67807
176.35,SYN.ETH-25OCT19,1570100345742,open,0.15,536.0,0.105,0.177,0.14375,96.78,0.163,0.0,ETH-25OCT19-160-C,176.2,94.75,0.142,316.0,0.145,280.0,98.29,0.14974,-0.33121,0.05897,0.0083,0.70164
176.35,SYN.ETH-25OCT19,1570100345768,open,0.05,1534.0,0.018,0.074,0.045355,94.53,0.052,0.0,ETH-25OCT19-200-C,176.2,90.76,0.042,409.0,0.049,229.0,98.61,0.15715,-0.33954,0.03054,0.00892,0.33428
176.78,ETH-27DEC19,1570100345810,open,0.36,4220.0,0.296,0.426,0.36275,102.99,0.38,0.0,ETH-27DEC19-220-P,176.2,100.97,0.359,500.0,0.387,26.0,115.72,0.33387,-0.20256,-0.38599,0.00446,-0.57616
176.35,SYN.ETH-25OCT19,1570100345816,open,0.1,946.0,0.064,0.143,0.103802,94.58,0.105,0.0,ETH-25OCT19-180-P,176.2,93.73,0.103,10.0,0.108,597.0,98.85,0.17217,-0.37219,-0.06267,0.00977,-0.48912
176.21,SYN.ETH-4OCT19,1570100345831,open,0.0,578.0,0.001,0.011,0.000843,90.54,0.003,0.0,ETH-4OCT19-190-C,176.2,0.0,0.0,0.0,0.002,154.0,109.26,0.00843,-0.14852,0.00019,0.0125,0.04673
176.35,SYN.ETH-25OCT19,1570100345841,open,0.44,18.0,0.416,0.456,0.436093,127.32,0.411,0.0,ETH-25OCT19-100-C,176.2,0.0,0.0,0.0,0.0,0.0,0.0,0.02446,-0.07118,0.05705,0.00103,0.97591
176.58,SYN.ETH-29NOV19,1570100345844,open,0.04,40.0,0.017,0.073,0.043451,102.15,0.045,0.0,ETH-29NOV19-260-C,176.2,97.44,0.038,475.0,0.047,275.0,105.11,0.20866,-0.18738,0.04975,0.0042,0.22426
178.22,ETH-27MAR20,1570100345881,open,0.12,529.0,0.063,0.167,0.11603,106.48,0.118,0.0,ETH-27MAR20-320-C,176.2,106.07,0.115,6.0,0.118,260.0,107.26,0.45143,-0.13665,0.18924,0.00277,0.3364
176.25,SYN.ETH-11OCT19,1570100345881,open,0.33,0.0,0.299,0.343,0.320787,134.97,None,0.0,ETH-11OCT19-120-C,176.2,0.0,0.0,0.0,0.0,0.0,0.0,0.01294,-0.11089,0.02504,0.00143,0.97923
176.35,SYN.ETH-25OCT19,1570100345914,open,0.0,4087.0,0.001,0.013,0.003149,127.26,0.003,0.0,ETH-25OCT19-100-P,176.2,117.83,0.002,1182.0,0.004,420.0,132.99,0.02442,-0.07104,-0.00287,0.00103,-0.02405
178.23,ETH-27MAR20,1570100345935,open,0.04,1205.0,0.013,0.075,0.040384,111.78,0.042,0.0,ETH-27MAR20-560-C,176.2,108.85,0.036,240.0,0.042,240.0,112.83,0.27325,-0.08684,0.0842,0.0016,0.13842
178.23,ETH-27MAR20,1570100345954,open,0.04,5133.0,0.011,0.069,0.035757,113.0,0.037,0.0,ETH-27MAR20-600-C,176.2,110.28,0.032,240.0,0.037,300.0,113.87,0.25322,-0.08135,0.07577,0.00146,0.12398
178.22,ETH-27MAR20,1570100345961,open,0.9,7.0,0.817,1.004,0.911463,106.44,0.945,0.0,ETH-27MAR20-320-P,176.2,84.72,0.86,8.0,0.952,8.0,121.98,0.45135,-0.13658,-1.35273,0.00277,-0.66376
178.23,ETH-27MAR20,1570100345960,open,0.09,520.0,0.045,0.14,0.092585,106.74,0.093,0.0,ETH-27MAR20-360-C,176.2,104.77,0.088,549.0,0.097,260.0,108.61,0.41754,-0.1267,0.16224,0.00256,0.28149
176.35,SYN.ETH-25OCT19,1570100345986,open,0.33,6.0,0.302,0.352,0.327388,110.98,0.36,0.0,ETH-25OCT19-120-C,176.2,0.0,0.0,0.0,0.0,0.0,0.0,0.05159,-0.13086,0.06472,0.00249,0.93976
176.58,SYN.ETH-29NOV19,1570100345986,open,0.51,0.0,0.454,0.578,0.515799,102.1,None,0.0,ETH-29NOV19-260-P,176.2,0.0,0.0,0.0,0.0,0.0,0.0,0.20858,-0.18722,-0.35542,0.0042,-0.7759
178.22,ETH-27MAR20,1570100345991,open,0.52,126.0,0.445,0.607,0.529391,103.66,0.556,0.0,ETH-27MAR20-240-P,176.2,98.81,0.516,300.0,0.556,14.0,113.27,0.49283,-0.14523,-0.90244,0.00311,-0.52148
178.22,ETH-27MAR20,1570100346005,open,0.71,129.0,0.626,0.802,0.716195,105.44,0.74,0.0,ETH-27MAR20-280-P,176.2,92.07,0.681,11.0,0.747,11.0,116.8,0.47821,-0.14335,-1.1296,0.00296,-0.59919
176.25,SYN.ETH-11OCT19,1570100346016,open,0.0,153.0,0.001,0.011,0.001623,134.92,0.002,0.0,ETH-11OCT19-120-P,176.2,125.11,0.001,23.0,0.002,150.0,139.73,0.01292,-0.1107,-0.00085,0.00143,-0.02073
176.21,SYN.ETH-4OCT19,1570100346029,open,0.0,781.0,0.001,0.011,0.00027,115.9,0.006,0.0,ETH-4OCT19-200-C,176.2,0.0,0.0,0.0,0.002,300.0,162.33,0.00304,-0.04761,6e-05,0.00352,0.0138
178.23,ETH-27MAR20,1570100346047,open,1.31,3.0,1.22,1.424,1.321117,108.04,1.39,0.0,ETH-27MAR20-400-P,176.2,71.43,1.26,6.0,1.361,6.0,125.21,0.38554,-0.11842,-1.78645,0.00233,-0.75893
176.35,SYN.ETH-25OCT19,1570100346058,open,0.01,3750.0,0.001,0.02,0.007855,110.94,0.013,0.0,ETH-25OCT19-120-P,176.2,107.94,0.007,180.0,0.009,460.0,114.73,0.05156,-0.13074,-0.00719,0.00249,-0.06019
176.77,ETH-27DEC19,1570100346121,open,0.47,0.0,0.432,0.49,0.462147,109.6,None,0.0,ETH-27DEC19-100-C,176.2,0.0,0.0,0.0,0.0,0.0,0.0,0.13817,-0.08921,0.18418,0.00173,0.91022
178.22,ETH-27MAR20,1570100346125,open,1.1,6.0,1.015,1.21,1.112447,106.7,1.165,0.0,ETH-27MAR20-360-P,176.2,82.54,1.062,7.0,1.154,7.0,123.57,0.41738,-0.1266,-1.57251,0.00256,-0.7187
176.35,SYN.ETH-25OCT19,1570100346125,open,0.23,12.0,0.193,0.257,0.226876,101.11,0.192,0.0,ETH-25OCT19-140-C,176.2,0.0,0.0,0.0,0.0,0.0,0.0,0.0986,-0.22787,0.06634,0.00523,0.85456
176.21,SYN.ETH-4OCT19,1570100346137,open,0.16,33.0,0.123,0.175,0.149063,150.03,0.11,0.0,ETH-4OCT19-150-C,176.2,0.0,0.0,0.0,0.0,0.0,0.0,0.00288,-0.21594,0.00354,0.00258,0.98706
176.21,SYN.ETH-4OCT19,1570100346141,open,0.13,187.0,0.102,0.171,0.135305,115.86,0.118,0.0,ETH-4OCT19-200-P,176.2,0.0,0.0,0.0,0.0,0.0,0.0,0.00304,-0.17595,-0.00474,0.00352,-0.98622
176.78,ETH-27DEC19,1570100346203,open,0.64,311.0,0.573,0.717,0.645152,104.65,0.71,0.0,ETH-27DEC19-280-P,176.2,68.23,0.599,17.0,0.678,17.0,124.62,0.27371,-0.16874,-0.57148,0.0036,-0.74505
8232.54,SYN.BTC-25OCT19,1570100346303,open,0.23,329.2,0.1995,0.2685,0.23330018,80.76,0.23,0.0,BTC-25OCT19-10000-P,8224.16,0.0,0.205,3.0,0.24,3.0,90.32,5.43562,-10.03328,-5.15729,0.00017,-0.81189
8346.74,BTC-27MAR20,1570100346534,open,0.02,26.7,0.005,0.046,0.02001489,100.05,0.021,0.0,BTC-27MAR20-28000-C,8224.2,98.57,0.0185,6.0,0.0225,18.0,102.35,8.7303,-2.48322,2.47038,3e-05,0.08144
8346.74,BTC-27MAR20,1570100346535,open,0.76,57.8,0.6975,0.8375,0.76663262,89.75,0.765,0.0,BTC-27MAR20-14000-P,8224.2,68.08,0.719,1.0,0.8095,1.0,106.68,20.20609,-5.15582,-58.90509,7e-05,-0.69798
8346.74,BTC-27MAR20,1570100346535,open,0.55,1.1,0.5255,0.574,0.54950935,94.41,0.5375,0.0,BTC-27MAR20-4000-C,8224.2,0.0,0.0105,0.2,0.999,0.1,500.0,8.07702,-2.16777,15.16168,3e-05,0.92649
8346.74,BTC-27MAR20,1570100346535,open,1.65,6.0,1.5965,1.7485,1.66819741,95.08,1.826,0.0,BTC-27MAR20-22000-P,8224.2,0.0,0.795,0.4,0.0,0.0,0.0,12.09034,-3.26802,-102.18545,4e-05,-0.87254
8346.74,BTC-27MAR20,1570100346535,open,0.97,1.1,0.9145,1.057,0.98366569,91.06,0.911,0.0,BTC-27MAR20-16000-P,8224.2,63.53,0.9355,1.0,1.025,1.0,108.88,17.92127,-4.63942,-70.21677,6e-05,-0.7622
8346.74,BTC-27MAR20,1570100346535,open,3.77,1.0,3.7005,3.916,3.80228559,107.49,2.7125,0.0,BTC-27MAR20-40000-P,8224.2,0.0,0.0055,1.0,0.0,0.0,0.0,5.20322,-1.5901,-191.44975,1e-05,-0.95791
8346.74,BTC-27MAR20,1570100346535,open,1.42,0.0,1.3665,1.5165,1.43796486,94.65,None,0.0,BTC-27MAR20-20000-P,8224.2,0.0,0.01,1.0,0.0,0.0,0.0,13.99746,-3.76636,-91.68662,4e-05,-0.84173
8346.78,BTC-27MAR20,1570100346535,open,3.06,0.0,2.997,3.189,3.08732938,104.39,None,0.0,BTC-27MAR20-34000-P,8224.2,0.0,0.0045,1.0,0.0,0.0,0.0,6.67765,-1.98176,-162.07487,2e-05,-0.94247
8346.78,BTC-27MAR20,1570100346535,open,3.3,0.0,3.2315,3.432,3.32589577,106.13,None,0.0,BTC-27MAR20-36000-P,8224.2,0.0,0.005,1.0,0.0,0.0,0.0,6.26679,-1.89081,-171.84853,2e-05,-0.94692
8346.78,BTC-27MAR20,1570100346536,open,0.01,552.1,0.0005,0.0285,0.00999543,107.49,0.0095,0.0,BTC-27MAR20-40000-C,8224.2,106.69,0.0095,6.0,0.011,2.0,109.06,5.20325,-1.5901,1.29074,1e-05,0.04209
8346.78,BTC-27MAR20,1570100346536,open,0.38,8.5,0.3335,0.4155,0.37620961,88.63,0.35,0.0,BTC-27MAR20-6000-C,8224.2,75.12,0.3505,4.0,0.4055,4.0,103.55,16.18585,-4.07837,17.0733,5e-05,0.80072
8224.5,SYN.BTC-4OCT19,1570100346536,open,0.0,65.5,0.0005,0.0105,2e-08,145.0,0.0005,0.0,BTC-4OCT19-11500-C,8224.2,0.0,0.0,0.0,0.0005,9.0,289.0,3e-05,-0.00016,0.0,0.0,0.0
8245.95,SYN.BTC-29NOV19,1570100346535,open,0.27,0.0,0.231,0.322,0.27679834,84.76,None,0.0,BTC-29NOV19-10000-P,8224.2,0.0,0.009,1.0,0.0,0.0,0.0,11.94299,-8.8987,-12.02153,0.00013,-0.65879
8224.5,SYN.BTC-4OCT19,1570100346536,open,0.0,252.0,0.0005,0.0105,0.00016139,101.61,0.0005,0.0,BTC-4OCT19-9250-C,8224.2,0.0,0.0,0.0,0.0005,11.0,118.9,0.10497,-1.32739,0.00189,6e-05,0.00974
8227.18,SYN.BTC-11OCT19,1570100346535,open,0.0,20.7,0.0005,0.0105,0.000895,92.23,0.001,0.0,BTC-11OCT19-11000-C,8224.2,85.25,0.0005,10.5,0.0015,10.4,99.7,0.55858,-3.27059,0.03203,4e-05,0.01894
8227.18,SYN.BTC-11OCT19,1570100346534,open,0.33,0.0,0.311,0.368,0.33792807,92.24,None,0.0,BTC-11OCT19-11000-P,8224.2,0.0,0.0005,2.0,0.0,0.0,0.0,0.55894,-3.27313,-2.34145,4e-05,-0.98105
8232.54,SYN.BTC-25OCT19,1570100346534,open,0.01,65.8,0.002,0.0275,0.0119385,81.17,0.014,0.0,BTC-25OCT19-10500-C,8224.2,79.33,0.011,34.0,0.013,2.8,83.18,4.27097,-7.92415,0.58413,0.00013,0.13033
8232.54,SYN.BTC-25OCT19,1570100346535,open,0.0,376.3,0.0005,0.012,0.00243138,93.35,0.0025,0.0,BTC-25OCT19-13000-C,8224.2,90.57,0.002,24.0,0.003,21.0,96.56,1.36083,-2.90344,0.13466,4e-05,0.02972
8227.18,SYN.BTC-11OCT19,1570100346535,open,0.16,0.0,0.1335,0.178,0.15539818,88.84,None,0.0,BTC-11OCT19-7000-C,8224.2,0.0,0.1385,4.0,0.173,4.0,141.31,2.06276,-11.63418,1.32843,0.00016,0.90372
8224.5,SYN.BTC-4OCT19,1570100346535,open,0.39,0.0,0.371,0.4265,0.39826371,179.23,None,0.0,BTC-4OCT19-11500-P,8224.2,0.0,0.011,25.0,0.0,0.0,0.0,0.00129,-0.11598,-0.27589,0.0,-0.99992
8224.5,SYN.BTC-4OCT19,1570100346535,open,0.15,100.2,0.1325,0.1815,0.15534341,128.69,0.1495,0.0,BTC-4OCT19-9500-P,8224.2,0.0,0.14,2.8,0.1685,2.0,298.45,0.12621,-8.12092,-0.2256,6e-05,-0.98796
8232.54,SYN.BTC-25OCT19,1570100346535,open,0.45,37.4,0.43,0.497,0.46172924,87.61,0.533,0.0,BTC-25OCT19-12000-P,8224.2,0.0,0.4385,2.0,0.486,2.0,140.34,2.06212,-4.12913,-6.96798,6e-05,-0.9505
8227.18,SYN.BTC-11OCT19,1570100346535,open,0.02,163.6,0.002,0.0315,0.01373043,75.57,0.012,0.0,BTC-11OCT19-9000-C,8224.2,70.4,0.0115,0.5,0.012,0.4,71.58,3.63038,-17.41822,0.3762,0.00033,0.22565
8232.54,SYN.BTC-25OCT19,1570100346535,open,0.0,439.4,0.0005,0.0105,0.00098893,103.13,0.001,0.0,BTC-25OCT19-15000-C,8224.2,95.26,0.0005,143.5,0.0015,18.0,108.79,0.63956,-1.50754,0.05542,2e-05,0.01222
8227.18,SYN.BTC-11OCT19,1570100346535,open,0.0,22.4,0.0005,0.011,0.00133062,84.77,0.0025,0.0,BTC-11OCT19-10500-C,8224.2,73.46,0.0005,42.5,0.002,12.0,90.83,0.79807,-4.29518,0.04901,6e-05,0.02894
8227.18,SYN.BTC-11OCT19,1570100346534,open,0.0,103.5,0.0005,0.013,0.00302404,100.18,0.0025,0.0,BTC-11OCT19-6500-P,8224.2,92.26,0.002,41.0,0.0035,0.2,103.35,1.18567,-7.54056,-0.08875,8e-05,-0.04697
8232.54,SYN.BTC-25OCT19,1570100346535,open,0.03,86.9,0.01,0.0515,0.02891424,80.61,0.032,0.0,BTC-25OCT19-9500-C,8224.2,77.57,0.0265,7.9,0.0295,9.0,81.34,6.6057,-12.1704,1.16653,0.0002,0.26534
8224.5,SYN.BTC-4OCT19,1570100346535,open,0.01,266.4,0.0005,0.0235,0.00601903,83.66,0.0065,0.0,BTC-4OCT19-8000-P,8224.2,76.89,0.005,6.4,0.007,34.4,89.96,1.26157,-49.50351,-0.04919,0.00093,-0.24327
8245.95,SYN.BTC-29NOV19,1570100346534,open,0.22,0.0,0.179,0.2485,0.21540766,86.94,None,0.0,BTC-29NOV19-7000-C,8224.2,80.7,0.2075,9.2,0.2205,9.2,90.92,10.52036,-8.04084,6.76371,0.00011,0.7418
8224.5,SYN.BTC-4OCT19,1570100346535,open,0.0,504.5,0.0005,0.0105,0.00026135,144.96,0.0005,0.0,BTC-4OCT19-7000-P,8224.2,0.0,0.0,0.0,0.001,30.6,177.59,0.11258,-2.14948,-0.00213,5e-05,-0.01056
8232.54,SYN.BTC-25OCT19,1570100346535,open,0.05,345.1,0.0195,0.0695,0.04386879,80.61,0.0435,0.0,BTC-25OCT19-9000-C,8224.2,76.92,0.0405,7.4,0.0435,8.0,80.21,7.55477,-13.91897,1.56991,0.00023,0.36205
8224.5,SYN.BTC-4OCT19,1570100346538,open,0.0,307.0,0.0005,0.0105,5.201e-05,145.0,0.0005,0.0,BTC-4OCT19-6750-P,8224.2,0.0,0.0,0.0,0.0005,0.5,189.39,0.03037,-0.4278,-0.00049,1e-05,-0.00242
176.35,SYN.ETH-25OCT19,1570100347001,open,0.01,893.0,0.001,0.019,0.006869,99.29,0.009,0.0,ETH-25OCT19-260-C,176.2,96.55,0.006,180.0,0.009,840.0,105.31,0.05798,-0.13159,0.00668,0.00313,0.07003
178.22,ETH-27MAR20,1570100347447,open,0.43,40.0,0.382,0.47,0.429832,102.98,0.459,0.0,ETH-27MAR20-120-C,176.21,76.99,0.384,20.0,0.0,0.0,0.0,0.326,-0.09544,0.33401,0.00207,0.81878
178.22,ETH-27MAR20,1570100347447,open,0.1,1793.0,0.062,0.143,0.103158,102.98,0.105,0.0,ETH-27MAR20-120-P,176.21,100.7,0.099,600.0,0.108,320.0,105.62,0.326,-0.09544,-0.24421,0.00207,-0.18122
176.25,SYN.ETH-11OCT19,1570100347447,open,0.03,192.0,0.005,0.049,0.024413,90.13,0.03,0.0,ETH-11OCT19-190-C,176.21,79.43,0.019,228.0,0.026,298.0,93.18,0.0911,-0.52125,0.01079,0.01508,0.30815
176.21,SYN.ETH-4OCT19,1570100347447,open,0.46,0.0,0.433,0.521,0.475546,0.0,None,0.0,ETH-4OCT19-260-P,176.21,0.0,0.0,0.0,0.0,0.0,0.0,0.0,0.0,-0.00624,0.0,-1.0
176.21,SYN.ETH-4OCT19,1570100347447,open,0.0,27.0,0.001,0.011,0.0,150.0,0.001,0.0,ETH-4OCT19-260-C,176.21,0.0,0.0,0.0,0.002,300.0,397.16,0.0,0.0,0.0,0.0,0.0
176.58,SYN.ETH-29NOV19,1570100347447,open,0.24,0.0,0.185,0.294,0.24121,99.97,None,0.0,ETH-29NOV19-200-P,176.21,0.0,0.0,0.0,0.0,0.0,0.0,0.27614,-0.24268,-0.2169,0.00569,-0.54708
176.21,SYN.ETH-4OCT19,1570100347447,open,0.1,623.0,0.064,0.123,0.093853,132.72,0.086,0.0,ETH-4OCT19-160-C,176.21,71.31,0.092,150.0,0.095,30.0,149.11,0.0109,-0.72351,0.00356,0.01103,0.93531
176.21,SYN.ETH-4OCT19,1570100347448,open,0.0,8.0,0.001,0.011,0.0,150.0,0.001,0.0,ETH-4OCT19-270-C,176.21,0.0,0.0,0.0,0.004,300.0,480.49,0.0,0.0,0.0,0.0,0.0
176.77,ETH-27DEC19,1570100347459,open,0.44,3902.0,0.382,0.518,0.451334,103.03,0.459,0.0,ETH-27DEC19-240-P,176.21,84.99,0.42,522.0,0.489,22.0,123.46,0.31791,-0.19296,-0.44992,0.00425,-0.64321
8346.76,BTC-27MAR20,1570100347542,open,0.05,156.7,0.0205,0.09,0.05140693,92.49,0.0555,0.0,BTC-27MAR20-18000-C,8225.47,90.93,0.0485,17.0,0.054,10.0,93.85,15.7488,-4.14093,5.59468,5e-05,0.19051
8346.76,BTC-27MAR20,1570100347542,open,0.02,101.2,0.006,0.0505,0.0231148,98.45,0.0225,0.0,BTC-27MAR20-26000-C,8225.47,97.02,0.0215,14.0,0.0255,10.0,100.45,9.65928,-2.70335,2.82069,3e-05,0.09325
8346.76,BTC-27MAR20,1570100347542,open,0.09,180.7,0.0575,0.1335,0.09505178,88.63,0.092,0.0,BTC-27MAR20-6000-P,8225.47,87.57,0.093,10.0,0.0975,10.0,89.89,16.18589,-4.07841,-11.83789,5e-05,-0.19928
8256.62,BTC-27DEC19,1570100347542,open,0.05,1079.8,0.0245,0.079,0.05027551,90.98,0.048,0.0,BTC-27DEC19-6000-P,8225.47,89.53,0.0485,32.3,0.052,16.2,92.38,10.14355,-5.43639,-4.26381,7e-05,-0.1718
8256.62,BTC-27DEC19,1570100347543,open,0.0,315.6,0.0005,0.0115,0.00170835,109.94,0.0015,0.0,BTC-27DEC19-32000-C,8225.47,103.84,0.001,43.0,0.002,8.0,111.91,1.15308,-0.74677,0.1784,1e-05,0.011
8346.76,BTC-27MAR20,1570100347542,open,0.02,34.0,0.0035,0.0385,0.01546806,102.93,0.0135,0.0,BTC-27MAR20-32000-C,8225.47,101.19,0.014,6.0,0.0175,19.0,105.19,7.24062,-2.11873,1.94379,2e-05,0.0638
8257.89,BTC-27DEC19,1570100347544,open,2.37,0.1,2.325,2.4685,2.39369935,108.04,1.49,0.0,BTC-27DEC19-28000-P,8225.47,0.0,0.0,0.0,0.0,0.0,0.0,1.81373,-1.15431,-64.81039,1e-05,-0.98139
8257.89,BTC-27DEC19,1570100347544,open,3.81,0.0,3.75,3.948,3.8455888,124.76,2.58,0.0,BTC-27DEC19-40000-P,8225.47,0.0,0.001,2.0,0.0,0.0,0.0,1.07281,-0.78845,-92.85339,1e-05,-0.98988
8257.89,BTC-27DEC19,1570100347544,open,5.26,0.8,5.175,5.429,5.29853495,139.58,3.59,0.0,BTC-27DEC19-52000-P,8225.47,0.0,0.001,2.0,0.0,0.0,0.0,0.89752,-0.73798,-120.78955,0.0,-0.99174
8257.89,BTC-27DEC19,1570100347545,open,1.89,0.0,1.8505,1.978,1.91091461,102.77,None,0.0,BTC-27DEC19-24000-P,8225.47,0.0,0.0075,1.0,2.54,0.2,500.0,2.58812,-1.5669,-55.35192,2e-05,-0.97161
8348.03,BTC-27MAR20,1570100347545,open,3.3,0.0,3.2315,3.432,3.32587541,106.94,None,0.0,BTC-27MAR20-36000-P,8225.47,0.0,0.005,1.0,0.0,0.0,0.0,6.45271,-1.96181,-171.79353,2e-05,-0.94493
8257.89,BTC-27DEC19,1570100347545,open,0.01,483.6,0.0015,0.0285,0.01136508,93.85,0.0115,0.0,BTC-27DEC19-18000-C,8225.47,93.26,0.011,6.0,0.012,6.2,94.84,5.19271,-2.8709,1.07595,3e-05,0.0674
8224.53,SYN.BTC-4OCT19,1570100347542,open,0.04,213.6,0.0095,0.0555,0.03331469,83.64,0.0285,0.0,BTC-4OCT19-8000-C,8225.47,67.72,0.031,0.1,0.034,6.1,88.06,1.2613,-52.74761,0.14276,0.00093,0.75683
8245.96,SYN.BTC-29NOV19,1570100347542,open,0.01,0.5,0.001,0.027,0.01089373,93.54,0.011,0.0,BTC-29NOV19-15000-C,8225.47,90.0,0.009,34.0,0.0125,10.0,96.3,4.63321,-3.81018,0.83072,5e-05,0.07555
8257.89,BTC-27DEC19,1570100347547,open,0.3,498.5,0.254,0.357,0.30638141,86.34,0.2925,0.0,BTC-27DEC19-10000-P,8225.47,83.72,0.3015,9.0,0.315,5.9,90.95,15.39161,-7.8289,-17.39151,0.00011,-0.5993
8257.89,BTC-27DEC19,1570100347547,open,4.78,0.0,4.7,4.9355,4.81417181,134.79,None,0.0,BTC-27DEC19-48000-P,8225.47,0.0,0.0005,2.0,0.0,0.0,0.0,0.9294,-0.738,-111.4821,0.0,-0.99141
8257.89,BTC-27DEC19,1570100347548,open,4.3,0.0,4.225,4.441,4.32966901,128.27,3.46,0.0,BTC-27DEC19-44000-P,8225.47,0.0,0.001,2.0,0.0,0.0,0.0,0.90163,-0.68132,-102.184,0.0,-0.9917
8257.89,BTC-27DEC19,1570100347549,open,2.61,0.2,2.5625,2.7145,2.63537282,110.31,2.03,0.0,BTC-27DEC19-30000-P,8225.47,0.0,0.0,0.0,0.0,0.0,0.0,1.54447,-1.00369,-69.51238,1e-05,-0.98458
8232.57,SYN.BTC-25OCT19,1570100347544,open,0.02,1151.5,0.0085,0.0455,0.02479828,86.44,0.023,0.0,BTC-25OCT19-7000-P,8225.47,83.73,0.023,8.0,0.026,29.3,88.23,5.49652,-10.86001,-1.06747,0.00016,-0.19155
8224.53,SYN.BTC-4OCT19,1570100347543,open,0.07,82.1,0.0385,0.0825,0.06021734,99.17,0.057,0.0,BTC-4OCT19-7750-C,8225.47,75.15,0.0585,0.1,0.0605,6.0,102.25,0.73785,-36.58506,0.16451,0.00046,0.89394
8257.89,BTC-27DEC19,1570100347550,open,3.33,1.3,3.275,3.4545,3.36147517,119.81,2.2,0.0,BTC-27DEC19-36000-P,8225.47,0.0,0.01,1.0,0.0,0.0,0.0,1.23724,-0.87327,-83.52254,1e-05,-0.98807
8245.96,SYN.BTC-29NOV19,1570100347544,open,0.02,8.0,0.0035,0.0325,0.01444066,91.06,0.0135,0.0,BTC-29NOV19-14000-C,8225.47,88.12,0.0125,34.0,0.0165,10.0,93.98,5.63038,-4.5074,1.07416,6e-05,0.09804
8224.53,SYN.BTC-4OCT19,1570100347542,open,0.01,148.3,0.0005,0.0375,0.01604223,73.79,0.0115,0.0,BTC-4OCT19-8250-P,8225.47,71.01,0.0155,0.4,0.0185,30.2,86.39,1.60348,-59.16332,-0.10713,0.00134,-0.52689
8257.89,BTC-27DEC19,1570100347576,open,2.13,0.0,2.0875,2.224,2.15215085,105.39,None,0.0,BTC-27DEC19-26000-P,8225.47,0.0,0.006,10.0,2.77,0.2,500.0,2.13814,-1.32742,-60.09542,1e-05,-0.9774
