underlying_price,underlying_index,timestamp,state,settlement_price,open_interest,min_price,max_price,mark_price,mark_iv,last_price,interest_rate,instrument_name,index_price,bid_iv,best_bid_price,best_bid_amount,best_ask_price,best_ask_amount,ask_iv,vega,theta,rho,gamma,delta
8048.03,BTC-27SEP19,1558436340129,open,1.52,0.0,1.4135,1.614,1.51363864,103.36,None,0.0,BTC-27SEP19-20000-P,7933.71,0.0,0.006,10.0,2.275,0.2,499.98,9.56466,-3.83535,-68.01925,4e-05,-0.88003
8048.03,BTC-27SEP19,1558436340130,open,0.01,42.8,0.0005,0.054,0.01386903,92.76,0.027,0.0,BTC-27SEP19-3750-P,7933.71,86.75,0.0105,15.0,0.0175,19.6,98.53,4.8019,-1.72819,-1.76809,2e-05,-0.04835
8048.03,BTC-27SEP19,1558436340129,open,0.82,42.8,0.775,0.8545,0.81468197,122.47,0.815,0.0,BTC-27SEP19-1500-C,7933.71,0.0,0.0,0.0,0.0,0.0,0.0,0.53672,-0.25502,5.15905,0.0,0.99623
8003.1,BTC-28JUN19,1558436340130,open,1.5,0.4,1.4025,1.602,1.50221431,129.36,5.076,0.0,BTC-28JUN19-20000-P,7933.71,0.0,0.0,0.0,1.8805,2.0,499.72,1.42132,-2.42724,-20.58655,2e-05,-0.97668
8048.03,BTC-27SEP19,1558436340130,open,0.03,22.1,0.0005,0.0645,0.02451794,106.94,0.0285,0.0,BTC-27SEP19-22000-C,7933.71,102.99,0.0205,15.0,0.029,21.0,110.97,8.57378,-3.55727,2.22944,4e-05,0.10297
8048.03,BTC-27SEP19,1558436340130,open,0.69,56.4,0.654,0.7335,0.6938029,107.12,0.6975,0.0,BTC-27SEP19-2500-C,7933.71,0.0,0.0065,0.1,0.7005,2.0,128.82,1.87088,-0.77751,8.25831,1e-05,0.98442
8048.03,BTC-27SEP19,1558436340131,open,0.04,95.0,0.0005,0.0755,0.03578775,100.66,0.041,0.0,BTC-27SEP19-18000-C,7933.71,97.06,0.031,15.0,0.041,15.0,104.35,11.0319,-4.30839,3.17803,5e-05,0.14763
7933.71,index_price,1558436340131,open,0.01,130.6,0.0005,0.051,0.01104751,94.48,0.0105,0,BTC-31MAY19-6750-P,7933.71,88.44,0.009,49.6,0.012,4.9,97.15,2.78883,-13.34093,-0.3069,0.00017,-0.13192
7933.71,index_price,1558436340131,open,0.0,101.4,0.0005,0.04,4.05e-06,135.02,0.0005,0,BTC-31MAY19-3500-P,7933.71,0.0,0.0,0.0,0.0005,19.5,202.47,0.00387,-0.02645,-0.00017,0.0,-7e-05
8048.78,BTC-27SEP19,1558436340135,open,0.03,126.0,0.0005,0.0755,0.03456675,90.19,0.032,0.0,BTC-27SEP19-4750-P,7933.71,87.32,0.0315,14.8,0.0385,19.3,93.76,8.71369,-3.04912,-3.97446,4e-05,-0.10529
7933.71,index_price,1558436340130,open,0.43,20.2,0.3935,0.473,0.43302892,131.96,0.2355,0,BTC-31MAY19-4500-C,7933.71,0.0,0.0055,0.5,0.0,0.0,0.0,0.12849,-0.85846,1.21007,1e-05,0.99675
7933.71,index_price,1558436340133,open,0.17,13.0,0.1215,0.2145,0.16812907,106.28,0.174,0,BTC-24MAY19-9250-P,7933.71,0.0,0.0025,1.0,0.2,1.1,248.3,0.80634,-14.90041,-0.6945,0.00015,-0.94295
8048.78,BTC-27SEP19,1558436340131,open,0.0,122.6,0.0005,0.0435,0.00349315,111.75,0.0025,0.0,BTC-27DEC19-1500-P,7933.71,93.03,0.001,10.0,0.0055,10.0,121.12,1.50051,-0.38133,-0.59987,0.0,-0.00888
7933.71,index_price,1558436340130,open,0.0,390.1,0.0005,0.04,0.00011877,135.02,0.0005,0,BTC-31MAY19-4250-P,7933.71,0.0,0.0,0.0,0.001,17.0,172.33,0.07295,-0.49866,-0.00399,0.0,-0.00174
7933.71,index_price,1558436340130,open,0.0,100.7,0.0005,0.04,1.454e-05,135.02,0.0005,0,BTC-31MAY19-3750-P,7933.71,0.0,0.0,0.0,0.0005,16.3,186.54,0.01199,-0.08197,-0.00056,0.0,-0.00025
8003.85,BTC-28JUN19,1558436340137,open,0.41,97.0,0.373,0.4525,0.41262874,102.36,0.1965,0.0,BTC-28JUN19-4750-C,7933.71,0.0,0.121,1.0,0.684,2.0,500.0,2.23532,-3.02064,4.54371,3e-05,0.9597
7933.71,index_price,1558436340132,open,0.53,0.0,0.4875,0.567,0.52730322,0.0,None,0,BTC-31MAY19-3750-C,7933.71,0.0,0.0065,0.5,0.0,0.0,0.0,0.0,0.0,1.01463,0.0,1.0
8048.78,BTC-27SEP19,1558436340130,open,2.03,0.0,1.91,2.152,2.03094246,101.77,None,0.0,BTC-27DEC19-24000-P,7933.71,0.0,0.008,1.0,2.894,0.2,499.94,15.29359,-3.53929,-139.1264,4e-05,-0.83848
8048.78,BTC-27SEP19,1558436340134,open,0.16,281.7,0.122,0.2015,0.16156077,87.24,0.166,0.0,BTC-27DEC19-11000-C,7933.71,86.24,0.1585,10.0,0.1725,10.0,90.79,24.73482,-4.90702,14.04047,7e-05,0.45114
7933.71,index_price,1558436340132,open,0.08,9.6,0.039,0.125,0.08217303,97.39,0.091,0,BTC-24MAY19-8500-P,7933.71,73.88,0.0765,0.2,0.083,0.2,100.46,2.11368,-35.79061,-0.53559,0.00044,-0.77469
8048.78,BTC-27SEP19,1558436340132,open,0.08,49.0,0.0355,0.115,0.07526419,95.69,0.0865,0.0,BTC-27DEC19-18000-C,7933.71,92.62,0.068,10.0,0.082,10.0,98.46,19.33821,-4.20822,7.89754,5e-05,0.23815
8048.78,BTC-27SEP19,1558436340139,open,0.81,0.0,0.731,0.875,0.8030728,95.49,None,0.0,BTC-27SEP19-14000-P,7933.71,0.0,0.0065,0.1,1.56,0.3,499.78,15.01937,-5.56442,-44.29223,7e-05,-0.75547
7933.71,index_price,1558436340136,open,0.01,187.5,0.0005,0.046,0.00632619,99.88,0.012,0,BTC-24MAY19-8750-C,7933.71,90.23,0.0045,30.2,0.0075,3.3,105.51,1.60131,-27.80883,0.08637,0.00032,0.1445
8048.78,BTC-27SEP19,1558436340134,open,0.49,6.6,0.454,0.5335,0.49395844,87.3,0.498,0.0,BTC-27DEC19-4500-C,7933.71,0.0,0.26,1.4,0.6865,0.1,202.36,12.17621,-2.41737,18.92719,4e-05,0.88432
7933.71,index_price,1558436340138,open,0.0,147.8,0.0005,0.042,0.00210781,105.18,0.002,0,BTC-24MAY19-9250-C,7933.71,91.59,0.001,30.2,0.0025,3.4,108.97,0.78423,-14.34193,0.03311,0.00015,0.05508
7933.71,index_price,1558436340139,open,0.0,565.7,0.0005,0.0405,0.00093524,130.16,0.002,0,BTC-31MAY19-5000-P,7933.71,0.0,0.0,0.0,0.0015,13.4,139.65,0.40182,-2.64792,-0.02735,2e-05,-0.0118
8048.78,BTC-27SEP19,1558436340130,open,0.76,0.0,0.719,0.7985,0.75851076,105.48,None,0.0,BTC-27DEC19-2000-C,7933.71,0.0,0.0185,3.0,0.991,0.5,500.0,2.68982,-0.64518,10.86395,1e-05,0.98258
7933.71,index_price,1558436340143,open,0.28,301.7,0.238,0.3175,0.27760418,110.43,0.198,0,BTC-31MAY19-5750-C,7933.71,104.76,0.277,10.0,0.2995,3.0,200.46,0.91803,-5.13293,1.48365,5e-05,0.96877
7933.71,index_price,1558436340156,open,0.31,0.0,0.267,0.3465,0.30672118,0.0,None,0,BTC-24MAY19-5500-C,7933.71,0.0,0.0505,2.0,0.3285,0.1,392.94,0.0,0.0,0.43332,0.0,1.0
8048.03,BTC-27SEP19,1558436340169,open,1.76,0.0,1.648,1.868,1.75781408,106.67,None,0.0,BTC-27SEP19-22000-P,7933.71,0.0,0.006,10.0,2.515,0.2,500.0,8.52074,-3.52617,-75.46564,3e-05,-0.8979
8048.78,BTC-27SEP19,1558436340176,open,2.28,0.0,2.142,2.4035,2.27285154,102.81,None,0.0,BTC-27DEC19-26000-P,7933.71,0.0,0.006,10.0,3.1395,0.2,500.0,14.05261,-3.28545,-151.79178,4e-05,-0.85779
251.9,index_price,1558436340178,open,0.01,603.0,0.001,0.051,0.010672,101.56,0.011,0,ETH-31MAY19-210-P,251.9,85.82,0.006,150.0,0.011,335.0,102.55,0.08313,-0.42744,-0.00894,0.00477,-0.1205
8048.78,BTC-27SEP19,1558436340212,open,1.79,0.0,1.6775,1.9005,1.78904457,99.86,None,0.0,BTC-27DEC19-22000-P,7933.71,0.0,0.008,2.0,2.649,0.3,500.0,16.47557,-3.74136,-126.43063,4e-05,-0.81854
8048.03,BTC-27SEP19,1558436340216,open,0.97,0.0,0.8885,1.0455,0.96706955,93.51,None,0.0,BTC-27DEC19-15000-P,7933.71,0.0,0.006,10.0,1.7935,0.2,500.0,22.04653,-4.68809,-80.32189,6e-05,-0.68969
7933.71,index_price,1558436340220,open,0.32,0.0,0.271,0.3765,0.32393992,135.88,None,0,BTC-24MAY19-10500-P,7933.71,0.0,0.004,1.0,0.3525,0.1,325.16,0.21692,-5.125,-0.82017,3e-05,-0.98819
8048.78,BTC-27SEP19,1558436340222,open,1.31,0.0,1.2195,1.404,1.31183185,95.78,None,0.0,BTC-27DEC19-18000-P,7933.71,0.0,0.006,5.0,2.1595,0.2,500.0,19.35595,-4.21581,-100.52484,5e-05,-0.76145
7933.71,index_price,1558436340223,open,0.2,0.0,0.151,0.2465,0.19863206,107.82,None,0,BTC-24MAY19-9500-P,7933.71,0.0,0.0685,0.1,0.2305,0.1,266.29,0.52194,-9.78461,-0.72843,0.0001,-0.96673
8048.03,BTC-27SEP19,1558436340230,open,1.52,0.0,1.4135,1.614,1.51363864,103.36,None,0.0,BTC-27SEP19-20000-P,7933.71,0.0,0.006,10.0,2.2755,0.2,500.0,9.56466,-3.83535,-68.01925,4e-05,-0.88003
251.9,index_price,1558436340381,open,0.0,219.0,0.001,0.04,0.000529,146.03,0.001,0,ETH-24MAY19-340-C,251.9,0.0,0.0,0.0,0.001,194.0,159.29,0.00711,-0.13318,0.00023,0.00097,0.01226
251.9,index_price,1558436340485,open,0.0,2038.0,0.001,0.042,0.002507,120.56,0.004,0,ETH-24MAY19-300-C,251.9,115.26,0.002,20.0,0.003,470.0,125.17,0.02562,-0.5371,0.00108,0.00425,0.05711
261.73,ETH-27SEP19,1558436340498,open,1.05,0.0,0.968,1.131,1.049057,107.2,None,0.0,ETH-27SEP19-520-P,251.9,0.0,0.0,0.0,0.0,0.0,0.0,0.46506,-0.19341,-1.68674,0.00179,-0.77617
261.74,ETH-27SEP19,1558436340507,open,0.18,1272.0,0.131,0.225,0.177894,96.83,0.18,0.0,ETH-27SEP19-240-P,251.9,92.72,0.169,201.0,0.183,40.0,99.21,0.56362,-0.21174,-0.46987,0.00241,-0.33055
251.9,index_price,1558436340524,open,0.25,95.0,0.209,0.288,0.248682,103.18,0.199,0,ETH-31MAY19-190-C,251.9,0.0,0.0,0.0,0.0,0.0,0.0,0.03597,-0.18788,0.04846,0.00203,0.95964
251.9,index_price,1558436340530,open,0.0,605.0,0.001,0.041,0.001315,122.71,0.001,0,ETH-24MAY19-310-C,251.9,0.0,0.0,0.0,0.001,194.0,117.35,0.01608,-0.33131,0.00061,0.00262,0.03208
255.73,ETH-28JUN19,1558436340528,open,0.13,2663.0,0.084,0.163,0.123188,101.83,0.13,0.0,ETH-28JUN19-260-C,251.9,99.34,0.12,77.0,0.126,229.0,104.04,0.32653,-0.43896,0.11199,0.00473,0.5452
261.74,ETH-27SEP19,1558436340535,open,0.14,1684.0,0.093,0.183,0.137785,96.84,0.153,0.0,ETH-27SEP19-220-P,251.9,92.43,0.129,274.0,0.141,40.0,98.45,0.52147,-0.19592,-0.384,0.00223,-0.27772
261.74,ETH-27SEP19,1558436340555,open,0.09,383.0,0.048,0.127,0.087798,104.34,0.094,0.0,ETH-27SEP19-440-C,251.9,102.49,0.084,100.0,0.091,40.0,105.88,0.5398,-0.21852,0.19502,0.00214,0.29883
251.9,index_price,1558436340566,open,0.0,375.0,0.001,0.04,0.000698,125.22,0.002,0,ETH-24MAY19-320-C,251.9,0.0,0.0,0.0,0.001,220.0,132.02,0.00989,-0.17592,0.00034,0.00158,0.01798
251.9,index_price,1558436340586,open,0.0,338.0,0.001,0.04,0.000814,141.68,0.003,0,ETH-24MAY19-330-C,251.9,0.0,0.0,0.0,0.001,220.0,145.97,0.01016,-0.20516,0.00035,0.00143,0.01855
261.74,ETH-27SEP19,1558436340601,open,0.22,1132.0,0.174,0.271,0.222375,96.84,0.23,0.0,ETH-27SEP19-260-P,251.9,93.59,0.215,250.0,0.229,40.0,99.77,0.59329,-0.22291,-0.55887,0.00253,-0.38235
255.73,ETH-28JUN19,1558436340607,open,0.08,2397.0,0.035,0.114,0.074546,104.51,0.074,0.0,ETH-28JUN19-300-C,251.9,100.8,0.07,255.0,0.079,345.0,108.14,0.31362,-0.43269,0.08102,0.00442,0.37984
8048.78,BTC-27SEP19,1558436340644,open,0.37,231.1,0.3365,0.416,0.37626468,89.28,0.38,0.0,BTC-27SEP19-5500-C,7933.71,83.19,0.3675,4.7,0.383,4.6,93.84,11.76953,-4.07691,13.09908,6e-05,0.83719
8048.03,BTC-27SEP19,1558436340662,open,0.01,374.8,0.0005,0.0505,0.01041912,93.39,0.0155,0.0,BTC-27SEP19-3500-P,7933.71,86.91,0.0075,15.0,0.0135,4.3,99.3,3.92744,-1.42301,-1.36753,2e-05,-0.03771
8048.03,BTC-27SEP19,1558436340676,open,0.2,66.1,0.1565,0.2525,0.20456923,88.83,0.1975,0.0,BTC-27SEP19-8000-P,7933.71,85.52,0.197,13.6,0.212,8.9,92.09,18.369,-6.33073,-16.9397,9e-05,-0.39156
8048.03,BTC-27SEP19,1558436340711,open,0.26,1026.9,0.2265,0.306,0.26641237,88.88,0.2655,0.0,BTC-27SEP19-7000-C,7933.71,85.29,0.259,4.9,0.276,3.6,93.53,16.59385,-5.72219,12.35883,8e-05,0.70133
261.73,ETH-27SEP19,1558436340733,open,1.34,0.0,1.247,1.433,1.340184,110.91,None,0.0,ETH-27SEP19-600-P,251.9,0.0,0.0,0.0,0.0,0.0,0.0,0.40286,-0.17335,-1.99965,0.0015,-0.82365
251.9,index_price,1558436340736,open,0.33,0.0,0.287,0.366,0.326678,121.95,None,0,ETH-31MAY19-170-C,251.9,0.0,0.001,1.0,0.0,0.0,0.0,0.01978,-0.12211,0.04455,0.00094,0.98033
8048.78,BTC-27SEP19,1558436340733,open,0.33,719.3,0.296,0.3755,0.33555425,88.86,0.33,0.0,BTC-27SEP19-6000-C,7933.71,84.67,0.3285,4.8,0.346,4.8,94.99,13.62844,-4.69861,13.02828,7e-05,0.79399
8048.78,BTC-27SEP19,1558436340740,open,0.03,126.0,0.0005,0.0755,0.03456675,90.19,0.032,0.0,BTC-27SEP19-4750-P,7933.71,87.32,0.0315,14.8,0.0385,19.2,93.76,8.71369,-3.04912,-3.97446,4e-05,-0.10529
8048.03,BTC-27SEP19,1558436340755,open,0.21,976.6,0.171,0.2505,0.21059837,88.86,0.2155,0.0,BTC-27SEP19-8000-C,7933.71,85.53,0.203,4.9,0.2185,1.0,92.33,18.36861,-6.33251,11.30612,9e-05,0.60847
251.9,index_price,1558436340777,open,0.35,0.0,0.297,0.404,0.350271,146.03,None,0,ETH-24MAY19-340-P,251.9,0.0,0.0,0.0,0.466,1.0,500.0,0.00711,-0.18063,-0.02655,0.00097,-0.98774
7933.71,index_price,1558436340817,open,0.09,271.4,0.0515,0.131,0.09138609,94.34,0.093,0,BTC-31MAY19-7500-C,7933.71,90.33,0.089,18.0,0.0945,3.2,99.55,4.72619,-22.57484,1.24201,0.00029,0.66998
8048.03,BTC-27SEP19,1558436340818,open,0.04,229.2,0.0005,0.083,0.04148853,89.43,0.0445,0.0,BTC-27SEP19-5000-P,7933.71,86.08,0.0375,14.5,0.046,14.5,93.11,9.71891,-3.372,-4.66651,5e-05,-0.12273
8048.78,BTC-27SEP19,1558436340829,open,0.33,719.3,0.296,0.3755,0.33555425,88.86,0.33,0.0,BTC-27SEP19-6000-C,7933.71,84.67,0.3285,4.8,0.346,4.7,94.99,13.62844,-4.69861,13.02828,7e-05,0.79399
8048.78,BTC-27SEP19,1558436340839,open,0.06,255.3,0.0175,0.102,0.05966598,89.33,0.063,0.0,BTC-27SEP19-5500-P,7933.71,85.77,0.0545,13.8,0.0655,13.8,93.28,11.77225,-4.07997,-6.32412,6e-05,-0.16287
8048.03,BTC-27SEP19,1558436340848,open,0.01,42.8,0.0005,0.054,0.01386903,92.76,0.027,0.0,BTC-27SEP19-3750-P,7933.71,86.75,0.0105,15.0,0.0175,19.5,98.53,4.8019,-1.72819,-1.76809,2e-05,-0.04835
7933.71,index_price,1558436340856,open,0.08,9.6,0.039,0.125,0.08217303,97.39,0.091,0,BTC-24MAY19-8500-P,7933.71,73.88,0.0765,6.2,0.083,0.2,100.46,2.11368,-35.79061,-0.53559,0.00044,-0.77469
8048.78,BTC-27SEP19,1558436340870,open,0.31,57.2,0.274,0.3535,0.31360672,85.6,0.301,0.0,BTC-27DEC19-7000-C,7933.71,82.95,0.3065,5.0,0.3295,3.6,91.56,21.51366,-4.18793,19.03543,6e-05,0.7062
7933.71,index_price,1558436340873,open,0.16,22.0,0.1115,0.2035,0.15766047,101.87,0.199,0,BTC-31MAY19-9000-P,7933.71,85.47,0.1495,6.0,0.158,6.0,102.52,4.16303,-21.47206,-1.94446,0.00024,-0.74817
7933.71,index_price,1558436340905,open,0.15,15.9,0.1115,0.191,0.15122123,112.18,0.1345,0,BTC-24MAY19-6750-C,7933.71,81.64,0.1495,6.0,0.156,6.0,150.7,0.69375,-13.53172,0.50103,0.00012,0.95279
7933.71,index_price,1558436340917,open,0.16,263.8,0.1205,0.2,0.16016713,94.26,0.169,0,BTC-31MAY19-6750-C,7933.71,95.2,0.1605,6.0,0.167,6.0,112.12,2.78154,-13.27381,1.52067,0.00017,0.86858
251.9,index_price,1558436341043,open,0.0,108.0,0.001,0.043,0.00295,103.18,0.002,0,ETH-31MAY19-190-P,251.9,0.0,0.0,0.0,0.003,166.0,103.53,0.03597,-0.18788,-0.00295,0.00203,-0.04036
251.9,index_price,1558436341050,open,0.32,0.0,0.264,0.369,0.316527,111.32,None,0,ETH-31MAY19-330-P,251.9,0.0,0.0,0.0,0.0,0.0,0.0,0.0635,-0.35789,-0.08405,0.00332,-0.91671
251.9,index_price,1558436341092,open,0.02,869.0,0.001,0.057,0.017164,109.23,0.016,0,ETH-31MAY19-300-C,251.9,101.87,0.014,142.0,0.02,278.0,115.45,0.11196,-0.61919,0.01169,0.00597,0.18869
251.9,index_price,1558436341110,open,0.35,0.0,0.301,0.408,0.354281,111.49,None,0,ETH-31MAY19-340-P,251.9,0.0,0.0,0.0,0.0,0.0,0.0,0.05021,-0.28343,-0.08812,0.00262,-0.93867
8048.76,BTC-27SEP19,1558436341130,open,0.58,6.1,0.518,0.644,0.58111121,92.74,1.781,0.0,BTC-27SEP19-12000-P,7932.91,0.0,0.0105,0.1,1.324,0.3,499.87,17.24874,-6.20613,-35.65082,8e-05,-0.67336
8048.76,BTC-27SEP19,1558436341130,open,0.42,793.5,0.3805,0.46,0.42023609,89.41,0.425,0.0,BTC-27SEP19-5000-C,7932.91,0.0,0.1105,2.0,0.4635,2.0,122.03,9.71629,-3.37034,12.99017,5e-05,0.87733
8003.64,BTC-28JUN19,1558436341130,open,0.0,521.2,0.0005,0.044,0.00396582,120.36,0.004,0.0,BTC-28JUN19-4000-P,7932.91,117.68,0.0035,3.0,0.004,23.6,120.55,1.4405,-2.28876,-0.22973,2e-05,-0.02369
8003.64,BTC-28JUN19,1558436341130,open,0.0,680.4,0.0005,0.04,0.00027353,135.01,0.0005,0.0,BTC-28JUN19-2500-P,7932.91,0.0,0.0,0.0,0.001,6.7,156.88,0.15661,-0.27912,-0.01812,0.0,-0.00191
8048.76,BTC-27SEP19,1558436341130,open,0.01,615.6,0.0005,0.047,0.00706612,100.02,0.0135,0.0,BTC-27SEP19-3000-P,7932.91,95.23,0.0055,15.0,0.0085,4.6,103.93,2.80794,-1.08966,-0.91514,1e-05,-0.02514
8048.76,BTC-27SEP19,1558436341130,open,0.05,36.2,0.0125,0.092,0.05209883,95.51,0.0605,0.0,BTC-27SEP19-15000-C,7932.91,93.37,0.0485,14.6,0.055,0.2,97.2,13.70859,-5.07969,4.43231,6e-05,0.20806
8048.76,BTC-27SEP19,1558436341130,open,0.48,3.2,0.4175,0.535,0.47626146,91.52,0.481,0.0,BTC-27SEP19-11000-P,7932.91,0.0,0.0065,0.1,1.207,0.3,500.0,18.22658,-6.47159,-31.12249,9e-05,-0.61887
8048.76,BTC-27SEP19,1558436341131,open,0.92,0.0,0.8395,0.9925,0.91590898,95.61,None,0.0,BTC-27SEP19-15000-P,7932.91,0.0,0.0065,0.1,1.6785,0.3,499.77,13.72457,-5.0909,-48.52343,6e-05,-0.79153
7932.91,index_price,1558436341130,open,0.0,582.1,0.0005,0.04,0.00034742,134.96,0.0005,0,BTC-24MAY19-6000-P,7932.91,0.0,0.0,0.0,0.001,18.2,156.6,0.16106,-2.75608,-0.00547,2e-05,-0.0084
8048.76,BTC-27SEP19,1558436341131,open,1.28,1.0,1.1815,1.363,1.27236068,100.8,1.5815,0.0,BTC-27SEP19-18000-P,7932.91,0.0,0.0065,0.1,2.036,0.3,500.0,11.06121,-4.32588,-60.36651,5e-05,-0.85181
8002.84,BTC-28JUN19,1558436341132,open,0.76,1.3,0.692,0.832,0.7620062,112.61,2.415,0.0,BTC-28JUN19-14000-P,7932.91,0.0,0.0,0.0,1.208,1.0,499.95,4.07753,-6.06181,-13.91109,5e-05,-0.91313
7932.91,index_price,1558436341132,open,0.22,307.6,0.178,0.2575,0.21794346,104.77,0.1635,0,BTC-31MAY19-6250-C,7932.91,0.0,0.0125,6.0,0.25,0.1,195.83,1.76783,-9.37763,1.52658,0.0001,0.92918
8002.84,BTC-28JUN19,1558436341135,open,0.57,143.2,0.5255,0.605,0.56510223,129.79,0.56,0.0,BTC-28JUN19-3500-C,7932.91,0.0,0.1105,2.0,0.7895,3.0,500.0,0.94072,-1.61183,3.49229,1e-05,0.98563
8047.96,BTC-27SEP19,1558436341135,open,0.55,0.0,0.508,0.5875,0.54795415,92.83,None,0.0,BTC-27SEP19-3750-C,7932.91,0.0,0.005,0.5,0.58,2.0,133.36,4.80856,-1.73188,11.46899,2e-05,0.95156
8047.96,BTC-27SEP19,1558436341130,open,0.34,63.9,0.3035,0.383,0.34333495,85.75,0.3025,0.0,BTC-27DEC19-6500-C,7932.91,78.42,0.325,5.0,0.9825,2.0,500.0,20.12497,-3.92431,19.39352,6e-05,0.74336
8047.96,BTC-27SEP19,1558436341133,open,0.22,23.0,0.17,0.267,0.21870865,85.6,0.2275,0.0,BTC-27DEC19-7500-P,7932.91,82.51,0.21,5.0,0.225,9.6,87.84,22.63697,-4.40633,-26.62979,7e-05,-0.33058
8047.96,BTC-27SEP19,1558436341130,open,0.7,0.0,0.6605,0.74,0.70008258,97.78,None,0.0,BTC-27DEC19-2500-C,7932.91,0.0,0.0185,3.0,0.9895,0.5,500.0,3.94546,-0.87732,13.21028,1e-05,0.97257
8047.96,BTC-27SEP19,1558436341132,open,0.15,86.9,0.1055,0.185,0.14532834,89.85,0.1455,0.0,BTC-27DEC19-12000-C,7932.91,87.25,0.1375,10.0,0.152,10.0,92.05,24.30109,-4.96519,12.8951,7e-05,0.41131
7932.91,index_price,1558436341130,open,0.21,3.7,0.1735,0.253,0.21301993,133.84,0.14,0,BTC-24MAY19-6250-C,7932.91,0.0,0.005,2.5,0.2365,0.1,302.62,0.33207,-7.7273,0.47975,5e-05,0.98061
8047.96,BTC-27SEP19,1558436341130,open,0.01,89.9,0.0005,0.047,0.00701782,105.54,0.01,0.0,BTC-27DEC19-2000-P,7932.91,97.09,0.0045,10.1,0.009,10.0,111.07,2.69434,-0.64663,-1.18675,1e-05,-0.01746
7932.91,index_price,1558436341132,open,0.0,308.5,0.0005,0.0405,0.00060707,134.96,0.001,0,BTC-31MAY19-4750-P,7932.91,0.0,0.0,0.0,0.0015,15.4,153.26,0.27755,-1.89645,-0.0179,1e-05,-0.00773
7932.91,index_price,1558436341134,open,0.02,206.3,0.0005,0.058,0.0182617,95.95,0.021,0,BTC-24MAY19-8250-C,7932.91,88.92,0.016,0.3,0.0195,3.6,99.75,2.57452,-42.95036,0.19991,0.00054,0.33811
8047.96,BTC-27SEP19,1558436341133,open,0.64,1.3,0.571,0.7015,0.63623752,89.8,0.6035,0.0,BTC-27DEC19-12000-P,7932.91,81.34,0.611,3.6,0.642,3.6,91.7,24.29827,-4.96183,-59.39518,7e-05,-0.58889
7932.91,index_price,1558436341131,open,0.37,0.0,0.33,0.4095,0.36977911,178.49,None,0,BTC-24MAY19-5000-C,7932.91,0.0,0.0045,0.2,0.39,0.1,457.49,0.03189,-0.98971,0.39303,0.0,0.99862
7932.91,index_price,1558436341135,open,0.0,125.3,0.0005,0.04,1.29e-06,134.97,0.0005,0,BTC-24MAY19-5000-P,7932.91,0.0,0.0,0.0,0.0005,20.0,221.81,0.00133,-0.01023,-3e-05,0.0,-5e-05
251.9,index_price,1558436341146,open,0.27,0.0,0.221,0.321,0.271044,125.22,None,0,ETH-24MAY19-320-P,251.9,0.0,0.0,0.0,0.346,2.0,451.27,0.00989,-0.21529,-0.02487,0.00158,-0.98202
8047.96,BTC-27SEP19,1558436341147,open,2.28,0.0,2.142,2.403,2.27255975,102.46,None,0.0,BTC-27DEC19-26000-P,7932.91,0.0,0.006,10.0,3.14,0.2,500.0,13.95308,-3.25104,-151.83309,3e-05,-0.85926
8047.96,BTC-27SEP19,1558436341165,open,1.79,0.0,1.6775,1.9,1.78880148,99.61,None,0.0,BTC-27DEC19-22000-P,7932.91,0.0,0.008,2.0,2.6495,0.3,500.0,16.40879,-3.71691,-126.46137,4e-05,-0.81968
251.9,index_price,1558436341169,open,0.31,0.0,0.259,0.363,0.310858,141.68,None,0,ETH-24MAY19-330-P,251.9,0.0,0.0,0.0,0.393,1.0,498.69,0.01016,-0.25016,-0.02565,0.00143,-0.98145
7932.91,index_price,1558436341173,open,0.32,0.0,0.271,0.3765,0.32381561,123.8,None,0,BTC-24MAY19-10500-P,7932.91,0.0,0.004,1.0,0.353,0.1,326.69,0.12453,-2.68053,-0.82347,2e-05,-0.99373
8047.96,BTC-27SEP19,1558436341174,open,1.31,0.0,1.2195,1.404,1.31162567,95.61,None,0.0,BTC-27DEC19-18000-P,7932.91,0.0,0.006,5.0,2.16,0.2,500.0,19.3157,-4.19941,-100.54631,5e-05,-0.76231
7932.91,index_price,1558436341176,open,0.2,0.0,0.151,0.246,0.19852165,104.13,None,0,BTC-24MAY19-9500-P,7932.91,0.0,0.0685,0.1,0.231,0.1,267.68,0.45827,-8.29677,-0.73131,9e-05,-0.97156
7932.91,index_price,1558436341180,open,0.17,13.0,0.1215,0.2145,0.16802374,104.08,0.174,0,BTC-24MAY19-9250-P,7932.91,0.0,0.0025,1.0,0.2,1.0,247.99,0.76055,-13.76302,-0.6969,0.00015,-0.94701
8048.76,BTC-27SEP19,1558436341183,open,1.52,0.0,1.4135,1.614,1.51367734,103.57,None,0.0,BTC-27SEP19-20000-P,7932.91,0.0,0.006,10.0,2.275,0.2,500.0,9.60893,-3.86111,-68.00453,4e-05,-0.87926
7932.91,index_price,1558436341189,open,0.28,301.7,0.238,0.3175,0.27766941,111.58,0.198,0,BTC-31MAY19-5750-C,7932.91,105.47,0.277,10.0,0.299,3.0,199.17,0.94876,-5.35979,1.48063,5e-05,0.96749
251.9,index_price,1558436341190,open,0.28,0.0,0.229,0.33,0.279177,110.02,None,0,ETH-31MAY19-320-P,251.9,0.0,0.0,0.0,0.0,0.0,0.0,0.07742,-0.43124,-0.07975,0.0041,-0.89097
7932.91,index_price,1558436341204,open,0.31,0.0,0.267,0.3465,0.30678663,150.26,None,0,BTC-24MAY19-5500-C,7932.91,0.0,0.0505,2.0,0.328,0.1,390.28,0.05376,-1.40446,0.43173,1e-05,0.99755
251.9,index_price,1558436341262,open,0.02,195.0,0.001,0.059,0.018383,101.56,0.023,0,ETH-31MAY19-220-P,251.9,86.2,0.012,202.0,0.018,68.0,100.69,0.11084,-0.56995,-0.01391,0.00636,-0.18565
8048.0,BTC-27SEP19,1558436341398,open,0.44,13.5,0.4045,0.484,0.44440142,90.22,0.382,0.0,BTC-27SEP19-4750-C,7932.91,0.0,0.011,0.6,0.498,3.0,133.31,8.71721,-3.05128,12.79412,4e-05,0.89464
7932.91,index_price,1558436341398,open,0.07,20.9,0.024,0.109,0.06643278,94.35,0.0735,0,BTC-31MAY19-8000-P,7932.91,84.54,0.06,18.0,0.0705,9.5,100.55,5.20429,-24.86004,-1.1958,0.00032,-0.49069
7932.91,index_price,1558436341398,open,0.04,200.4,0.0005,0.078,0.0367739,94.37,0.038,0,BTC-31MAY19-7500-P,7932.91,85.46,0.0315,24.0,0.038,24.0,96.43,4.72725,-22.58695,-0.78786,0.00029,-0.33029
7932.91,index_price,1558436341417,open,0.46,9.8,0.4245,0.504,0.46442975,140.06,0.212,0,BTC-31MAY19-4250-C,7932.91,0.0,0.006,0.5,0.0,0.0,0.0,0.0965,-0.68433,1.14445,0.0,0.99763
7932.91,index_price,1558436341417,open,0.01,35.6,0.0005,0.045,0.00520805,122.48,0.006,0,BTC-31MAY19-11000-C,7932.91,113.28,0.0035,50.0,0.0065,50.0,128.38,1.63533,-10.14061,0.12626,8e-05,0.06403
8002.69,BTC-28JUN19,1558436341493,open,0.47,10.5,0.4335,0.513,0.47343578,113.73,0.428,0.0,BTC-28JUN19-4250-C,7932.91,0.0,0.0325,3.0,0.7045,3.0,500.0,1.6575,-2.4884,4.14004,2e-05,0.97198
8048.0,BTC-27SEP19,1558436341608,open,0.69,0.0,0.6235,0.7585,0.69104589,94.32,None,0.0,BTC-27SEP19-13000-P,7932.91,0.0,0.0065,0.1,1.4425,0.3,500.0,16.16779,-5.91633,-40.02494,7e-05,-0.71748
8048.0,BTC-27SEP19,1558436341628,open,0.26,118.0,0.223,0.3025,0.26255939,85.63,0.259,0.0,BTC-27DEC19-8000-C,7932.91,83.9,0.2575,5.0,0.2705,5.0,88.35,23.50955,-4.5779,17.98673,7e-05,0.63356
8048.76,BTC-27SEP19,1558436341789,open,0.33,719.3,0.296,0.3755,0.33554799,88.86,0.33,0.0,BTC-27SEP19-6000-C,7932.91,84.67,0.3285,4.9,0.346,4.7,94.99,13.62835,-4.69841,13.02847,7e-05,0.79399
8048.76,BTC-27SEP19,1558436341799,open,0.33,719.3,0.296,0.3755,0.33554799,88.86,0.33,0.0,BTC-27SEP19-6000-C,7932.91,84.67,0.3285,4.9,0.346,4.8,94.99,13.62835,-4.69841,13.02847,7e-05,0.79399
8048.0,BTC-27SEP19,1558436341811,open,0.6,0.0,0.5645,0.644,0.60434403,95.49,None,0.0,BTC-27SEP19-3250-C,7932.91,0.0,0.0075,0.1,0.626,1.0,133.07,3.24751,-1.20307,10.39257,1e-05,0.97007
251.9,index_price,1558436341815,open,0.03,431.0,0.001,0.071,0.031133,106.9,0.029,0,ETH-31MAY19-280-C,251.9,99.62,0.027,128.0,0.034,81.0,111.85,0.14488,-0.78417,0.01858,0.00789,0.3038
255.73,ETH-28JUN19,1558436341877,open,0.25,51.0,0.198,0.297,0.247658,104.52,0.226,0.0,ETH-28JUN19-300-P,251.9,98.24,0.24,120.0,0.251,120.0,107.24,0.31363,-0.43274,-0.23029,0.00442,-0.62014
251.9,index_price,1558436341877,open,0.0,577.0,0.001,0.04,0.00036,160.0,0.001,0,ETH-24MAY19-180-P,251.9,0.0,0.0,0.0,0.001,220.0,184.0,0.00457,-0.0908,-0.00015,0.00057,-0.0074
251.9,index_price,1558436341884,open,0.12,60.0,0.077,0.156,0.116326,101.56,0.103,0,ETH-31MAY19-230-C,251.9,95.33,0.113,76.0,0.121,82.0,110.14,0.13572,-0.69787,0.04217,0.00778,0.73499
255.73,ETH-28JUN19,1558436341890,open,0.61,0.0,0.57,0.649,0.609944,127.82,None,0.0,ETH-28JUN19-100-C,251.9,0.0,0.003,7.0,0.0,0.0,0.0,0.01494,-0.02521,0.1018,0.00017,0.99355
261.73,ETH-27SEP19,1558436341908,open,0.34,1731.0,0.299,0.378,0.338371,96.85,0.35,0.0,ETH-27SEP19-200-C,251.9,89.87,0.326,10.0,0.338,10.0,96.64,0.46652,-0.17529,0.40343,0.00199,0.77493
251.9,index_price,1558436341918,open,0.01,1600.0,0.001,0.048,0.00782,105.28,0.005,0,ETH-24MAY19-230-P,251.9,85.02,0.004,222.0,0.006,250.0,96.24,0.05302,-0.97054,-0.00321,0.01007,-0.15386
251.9,index_price,1558436341931,open,0.29,171.0,0.246,0.325,0.285791,160.0,0.249,0,ETH-24MAY19-180-C,251.9,0.0,0.002,101.0,0.373,2.0,500.0,0.00457,-0.12724,0.01403,0.00057,0.9926
8048.0,BTC-27SEP19,1558436341935,open,0.75,28.2,0.714,0.7935,0.75395798,114.78,0.755,0.0,BTC-27SEP19-2000-C,7932.91,0.0,0.007,1.1,0.755,1.0,121.49,1.11723,-0.49754,6.74714,0.0,0.9914
8048.0,BTC-27SEP19,1558436341937,open,0.09,31.6,0.051,0.1305,0.09076926,93.62,0.102,0.0,BTC-27DEC19-16000-C,7932.91,90.61,0.083,10.0,0.098,10.0,96.36,21.03316,-4.478,9.18251,6e-05,0.28017
8002.69,BTC-28JUN19,1558436341985,open,0.52,10.0,0.462,0.5835,0.5226603,105.06,1.243,0.0,BTC-28JUN19-12000-P,7932.91,0.0,0.0,0.0,0.992,1.0,500.0,6.06395,-8.41,-11.38237,9e-05,-0.848
251.9,index_price,1558436341989,open,0.03,1067.0,0.001,0.064,0.024156,105.92,0.027,0,ETH-24MAY19-260-C,251.9,96.58,0.021,181.0,0.025,200.0,108.41,0.08554,-1.57533,0.00718,0.01615,0.38605
255.73,ETH-28JUN19,1558436342028,open,0.57,10.0,0.531,0.61,0.570889,116.45,0.265,0.0,ETH-28JUN19-110-C,251.9,0.0,0.028,1.0,0.0,0.0,0.0,0.01689,-0.02597,0.1119,0.00021,0.99258
261.73,ETH-27SEP19,1558436342050,open,0.39,743.0,0.345,0.424,0.38469,96.85,0.338,0.0,ETH-27SEP19-180-C,251.9,0.0,0.222,100.0,0.5,1.0,168.57,0.39953,-0.15013,0.40777,0.00171,0.82594
261.73,ETH-27SEP19,1558436342053,open,1.19,0.0,1.107,1.281,1.193785,109.06,None,0.0,ETH-27SEP19-560-P,251.9,0.0,0.0,0.0,0.0,0.0,0.0,0.43243,-0.18297,-1.8446,0.00164,-0.80226
255.73,ETH-28JUN19,1558436342053,open,0.0,4824.0,0.001,0.041,0.00103,116.45,0.003,0.0,ETH-28JUN19-110-P,251.9,0.0,0.0,0.0,0.002,393.0,128.06,0.01689,-0.02597,-0.00224,0.00021,-0.00742
251.9,index_price,1558436342066,open,0.44,1.0,0.405,0.484,0.444224,160.0,0.373,0,ETH-24MAY19-140-C,251.9,0.0,0.006,6.0,0.0,0.0,0.0,1e-05,-0.00036,0.01103,0.0,0.99999
255.73,ETH-28JUN19,1558436342072,open,0.65,0.0,0.61,0.689,0.649049,141.26,None,0.0,ETH-28JUN19-90-C,251.9,0.0,0.003,3.0,0.0,0.0,0.0,0.01365,-0.02545,0.09159,0.00014,0.99417
251.9,index_price,1558436342072,open,0.25,213.0,0.207,0.286,0.246486,151.31,0.211,0,ETH-24MAY19-190-C,251.9,0.0,0.002,100.0,0.326,3.0,500.0,0.00853,-0.22428,0.01465,0.00113,0.98488
251.9,index_price,1558436342072,open,0.0,991.0,0.001,0.04,9.8e-05,160.0,0.001,0,ETH-24MAY19-170-P,251.9,0.0,0.0,0.0,0.001,220.0,211.23,0.00158,-0.02477,-5e-05,0.0002,-0.00226
261.73,ETH-27SEP19,1558436342080,open,0.0,1723.0,0.001,0.043,0.003006,101.55,0.003,0.0,ETH-27SEP19-80-P,251.9,86.56,0.001,209.0,0.005,200.0,110.87,0.04761,-0.01876,-0.01361,0.00019,-0.01172
261.73,ETH-27SEP19,1558436342090,open,0.7,0.0,0.658,0.737,0.697359,101.61,None,0.0,ETH-27SEP19-80-C,251.9,0.0,0.003,10.0,0.0,0.0,0.0,0.04772,-0.01881,0.26881,0.00019,0.98824
255.73,ETH-28JUN19,1558436342090,open,0.42,481.0,0.379,0.458,0.418876,101.83,0.385,0.0,ETH-28JUN19-150-C,251.9,0.0,0.02,2.0,0.49,1.0,231.68,0.06618,-0.08896,0.14447,0.00096,0.9633
255.73,ETH-28JUN19,1558436342090,open,0.59,0.0,0.525,0.652,0.588483,113.72,None,0.0,ETH-28JUN19-400-P,251.9,0.0,0.0,0.0,0.0,0.0,0.0,0.19177,-0.2879,-0.38182,0.00248,-0.85035
251.9,index_price,1558436342090,open,0.0,1537.0,0.001,0.041,0.00176,120.24,0.001,0,ETH-24MAY19-210-P,251.9,108.51,0.001,92.0,0.002,79.0,123.3,0.01902,-0.3977,-0.00082,0.00316,-0.03938
251.9,index_price,1558436342094,open,0.0,1095.0,0.001,0.04,2.1e-05,160.0,0.003,0,ETH-24MAY19-160-P,251.9,0.0,0.0,0.0,0.001,221.0,239.85,0.00043,-0.00535,-1e-05,5e-05,-0.00054
251.9,index_price,1558436342094,open,0.0,269.0,0.001,0.04,3e-06,160.0,0.001,0,ETH-24MAY19-150-P,251.9,0.0,0.0,0.0,0.001,220.0,270.09,9e-05,-0.00088,0.0,1e-05,-0.0001
8048.0,BTC-27SEP19,1558436342130,open,0.01,28.3,0.0005,0.048,0.00813205,95.39,0.0095,0.0,BTC-27SEP19-3250-P,7932.69,89.66,0.006,15.0,0.0105,4.2,100.89,3.23936,-1.19884,-1.07898,1e-05,-0.02984
8002.47,BTC-28JUN19,1558436342132,open,0.39,691.4,0.344,0.4235,0.38398578,101.98,0.37,0.0,BTC-28JUN19-5000-C,7932.69,0.0,0.235,0.1,0.5,10.0,274.22,2.87825,-3.87491,4.65657,4e-05,0.94474
7932.69,index_price,1558436342130,open,0.34,0.0,0.2985,0.378,0.33820706,148.46,None,0,BTC-24MAY19-5250-C,7932.69,0.0,0.0035,1.2,0.359,0.1,423.47,0.01689,-0.43589,0.41318,0.0,0.99931
7932.69,index_price,1558436342130,open,0.03,3.6,0.0005,0.069,0.02923501,99.94,0.0435,0,BTC-31MAY19-8750-C,7932.69,95.14,0.0265,24.0,0.0305,3.4,102.13,4.56069,-23.07708,0.5887,0.00027,0.30352
8002.47,BTC-28JUN19,1558436342134,open,0.0,520.8,0.0005,0.04,4.116e-05,135.0,0.0005,0.0,BTC-28JUN19-2000-P,7932.69,0.0,0.0,0.0,0.001,8.0,185.66,0.03112,-0.05547,-0.00308,0.0,-0.00033
8002.47,BTC-28JUN19,1558436342134,open,0.0,1396.0,0.0005,0.04,2.53e-06,135.0,0.001,0.0,BTC-28JUN19-1500-P,7932.69,0.0,0.0,0.0,0.001,10.0,223.38,0.00263,-0.00468,-0.00022,0.0,-2e-05
8002.47,BTC-28JUN19,1558436342134,open,0.51,322.4,0.4645,0.544,0.50413525,120.42,0.451,0.0,BTC-28JUN19-4000-C,7932.69,0.0,0.0605,2.1,0.675,3.0,435.2,1.44368,-2.29499,3.92039,2e-05,0.97624
7932.69,index_price,1558436342130,open,0.19,0.0,0.1375,0.2315,0.18447875,103.66,None,0,BTC-31MAY19-9250-P,7932.69,0.0,0.0,0.0,0.0,0.0,0.0,3.73229,-19.58853,-2.09728,0.00021,-0.79267
7932.69,index_price,1558436342130,open,0.39,0.0,0.3365,0.4475,0.39183068,122.27,None,0,BTC-31MAY19-11000-P,7932.69,0.0,0.0,0.0,0.0,0.0,0.0,1.62765,-10.07584,-2.85071,8e-05,-0.93635
8047.78,BTC-27SEP19,1558436342130,open,1.08,0.0,0.996,1.1615,1.07883135,93.6,None,0.0,BTC-27DEC19-16000-P,7932.69,0.0,0.006,5.0,1.915,0.2,499.73,21.02828,-4.47588,-87.20426,6e-05,-0.71995
7932.69,index_price,1558436342130,open,0.0,633.8,0.0005,0.04,0.00028254,134.99,0.0005,0,BTC-31MAY19-4500-P,7932.69,0.0,0.0,0.0,0.001,14.5,157.96,0.14971,-1.02324,-0.00889,1e-05,-0.00386
7932.69,index_price,1558436342133,open,0.56,0.0,0.519,0.5985,0.55880404,148.06,None,0,BTC-31MAY19-3500-C,7932.69,0.0,0.007,0.2,0.0,0.0,0.0,0.01215,-0.0911,0.94641,0.0,0.99975
7932.69,index_price,1558436342132,open,0.04,46.4,0.0005,0.078,0.03688319,91.32,0.036,0,BTC-24MAY19-8000-P,7932.69,80.32,0.033,0.2,0.038,0.2,94.48,2.80333,-44.50974,-0.35142,0.00062,-0.5254
8047.78,BTC-27SEP19,1558436342132,open,0.22,118.6,0.1805,0.26,0.22030515,85.62,0.2235,0.0,BTC-27DEC19-9000-C,7932.69,85.85,0.221,7.0,0.23,10.0,88.8,24.58603,-4.787,16.71714,7e-05,0.56513
7932.69,index_price,1558436342135,open,0.0,276.1,0.0005,0.0405,0.00079955,131.92,0.001,0,BTC-24MAY19-6250-P,7932.69,123.16,0.0005,1.0,0.001,14.2,136.64,0.31318,-6.34255,-0.01181,5e-05,-0.0181
8047.78,BTC-27SEP19,1558436342133,open,0.02,81.7,0.0005,0.0665,0.02593231,90.75,0.0335,0.0,BTC-27DEC19-3500-P,7932.69,86.5,0.022,10.0,0.0305,10.0,95.39,7.67989,-1.5849,-4.28618,2e-05,-0.06248
8047.78,BTC-27SEP19,1558436342132,open,0.01,178.6,0.0005,0.051,0.01069237,97.73,0.0125,0.0,BTC-27DEC19-2500-P,7932.69,89.36,0.007,10.0,0.0145,10.0,104.93,3.9403,-0.87565,-1.84625,1e-05,-0.02739
7932.69,index_price,1558436342132,open,0.0,35.1,0.0005,0.04,7.08e-06,134.99,0.0005,0,BTC-24MAY19-5250-P,7932.69,0.0,0.0,0.0,0.0005,21.0,200.54,0.00604,-0.05615,-0.00015,0.0,-0.00023
8047.78,BTC-27SEP19,1558436342133,open,0.07,74.0,0.024,0.1035,0.06399465,97.77,0.073,0.0,BTC-27DEC19-20000-C,7932.69,94.78,0.0575,14.9,0.07,10.0,100.44,17.8012,-3.95783,6.88694,5e-05,0.20605
7932.69,index_price,1558436342134,open,0.0,225.0,0.0005,0.0415,0.00150412,114.09,0.0035,0,BTC-31MAY19-5500-P,7932.69,0.0,0.0,0.0,0.0025,12.8,124.53,0.64271,-3.71256,-0.04703,3e-05,-0.02041
7932.69,index_price,1558436342134,open,0.19,291.0,0.1485,0.228,0.18819463,98.0,0.1355,0,BTC-31MAY19-6500-C,7932.69,0.0,0.024,5.0,0.25,0.1,239.82,2.18904,-10.8615,1.54055,0.00013,0.90596
7932.69,index_price,1558436342133,open,0.28,8.1,0.2355,0.315,0.27528456,137.3,0.2925,0,BTC-24MAY19-5750-C,7932.69,0.0,0.0035,0.7,0.298,0.1,363.7,0.07311,-1.74539,0.45078,1e-05,0.99655
7932.69,index_price,1558436342133,open,0.21,15.0,0.1635,0.2595,0.21145876,103.65,0.1805,0,BTC-31MAY19-9500-P,7932.69,0.0,0.002,1.1,0.0,0.0,0.0,3.24485,-17.0281,-2.24506,0.00018,-0.83454
8047.78,BTC-27SEP19,1558436342132,open,0.38,122.6,0.336,0.4155,0.37553993,85.74,0.385,0.0,BTC-27DEC19-6000-C,7932.69,51.3,0.3,0.3,0.45,0.1,118.08,18.4691,-3.60094,19.63382,6e-05,0.78053
8002.47,BTC-28JUN19,1558436342160,open,0.19,1143.7,0.1475,0.227,0.18709093,94.85,0.1855,0.0,BTC-28JUN19-7000-C,7932.69,92.44,0.1845,15.4,0.19,9.1,97.53,8.63708,-10.81414,4.44759,0.00014,0.72268
261.73,ETH-27SEP19,1558436342160,open,0.44,400.0,0.397,0.476,0.436507,96.85,0.383,0.0,ETH-27SEP19-160-C,251.9,0.0,0.38,1.0,0.599,10.0,212.44,0.3229,-0.12133,0.4038,0.00138,0.87346
8048.0,BTC-27SEP19,1558436342172,open,1.52,0.0,1.4135,1.614,1.51367739,103.38,None,0.0,BTC-27SEP19-20000-P,7932.69,0.0,0.006,10.0,2.2755,0.2,500.0,9.56944,-3.8382,-68.01766,4e-05,-0.87994
255.73,ETH-28JUN19,1558436342186,open,0.29,736.0,0.245,0.324,0.2849,101.83,0.24,0.0,ETH-28JUN19-190-C,251.9,0.0,0.01,15.0,0.53,23.0,369.72,0.18546,-0.24931,0.15198,0.00268,0.85762
251.9,index_price,1558436342186,open,0.0,95.0,0.001,0.04,0.0,160.0,0.001,0,ETH-24MAY19-130-P,251.9,0.0,0.0,0.0,0.001,220.0,336.66,0.0,-1e-05,0.0,0.0,0.0
261.73,ETH-27SEP19,1558436342196,open,0.5,191.0,0.454,0.533,0.493937,96.86,0.5,0.0,ETH-27SEP19-140-C,251.9,0.0,0.044,1.0,0.0,0.0,0.0,0.24112,-0.09061,0.3895,0.00103,0.91541
255.73,ETH-28JUN19,1558436342200,open,0.31,0.0,0.258,0.362,0.309711,106.14,None,0.0,ETH-28JUN19-320-P,251.9,0.0,0.232,10.0,0.0,0.0,0.0,0.29221,-0.40944,-0.26425,0.00406,-0.68607
255.73,ETH-28JUN19,1558436342200,open,0.0,3083.0,0.001,0.041,0.000981,127.82,0.001,0.0,ETH-28JUN19-100-P,251.9,0.0,0.0,0.0,0.002,248.0,141.33,0.01494,-0.02521,-0.00197,0.00017,-0.00645
251.9,index_price,1558436342200,open,0.02,2694.0,0.001,0.058,0.017535,105.28,0.02,0,ETH-24MAY19-240-P,251.9,82.85,0.011,131.0,0.015,200.0,96.79,0.07606,-1.39227,-0.00603,0.01445,-0.28618
251.9,index_price,1558436342209,open,0.48,0.0,0.444,0.523,0.483922,160.0,None,0,ETH-24MAY19-130-C,251.9,0.0,0.009,4.0,0.0,0.0,0.0,0.0,-3e-05,0.01024,0.0,1.0
251.9,index_price,1558436342209,open,0.0,1949.0,0.001,0.04,0.000796,128.13,0.002,0,ETH-24MAY19-200-P,251.9,0.0,0.0,0.0,0.001,192.0,132.85,0.01014,-0.20046,-0.00038,0.00158,-0.01852
251.9,index_price,1558436342212,open,0.01,992.0,0.001,0.052,0.012465,109.89,0.014,0,ETH-31MAY19-310-C,251.9,100.04,0.009,147.0,0.015,331.0,116.4,0.09447,-0.5256,0.00904,0.00501,0.14507
251.9,index_price,1558436342233,open,0.0,86.0,0.001,0.04,0.0,160.0,0.001,0,ETH-24MAY19-140-P,251.9,0.0,0.0,0.0,0.001,220.0,302.25,1e-05,-0.0001,0.0,0.0,-1e-05
255.73,ETH-28JUN19,1558436342238,open,0.96,0.0,0.887,1.043,0.965106,122.39,None,0.0,ETH-28JUN19-500-P,251.9,0.0,0.0,0.0,0.0,0.0,0.0,0.10612,-0.17145,-0.50387,0.00128,-0.93365
251.9,index_price,1558436342240,open,0.0,981.0,0.001,0.04,0.000753,151.31,0.001,0,ETH-24MAY19-190-P,251.9,0.0,0.0,0.0,0.001,220.0,157.94,0.00853,-0.18981,-0.00032,0.00113,-0.01512
7932.69,index_price,1558436342246,open,0.0,221.4,0.0005,0.043,0.00329482,102.39,0.002,0,BTC-24MAY19-7000-P,7932.69,95.81,0.0025,0.5,0.004,3.0,107.61,1.02237,-18.20046,-0.05052,0.0002,-0.07755
251.9,index_price,1558436342248,open,0.37,0.0,0.325,0.404,0.364849,160.0,0.196,0,ETH-24MAY19-160-C,251.9,0.0,0.001,11.0,0.0,0.0,0.0,0.00043,-0.01195,0.01259,5e-05,0.99946
251.9,index_price,1558436342250,open,0.04,535.0,0.001,0.079,0.039631,101.33,0.044,0,ETH-24MAY19-250-C,251.9,96.68,0.038,80.0,0.041,150.0,105.22,0.08846,-1.55846,0.01016,0.01746,0.55138
251.9,index_price,1558436342250,open,0.1,98.0,0.055,0.134,0.09476,105.28,0.1,0,ETH-24MAY19-230-C,251.9,96.56,0.093,78.0,0.096,50.0,111.03,0.05302,-0.97054,0.01491,0.01007,0.84614
255.73,ETH-28JUN19,1558436342273,open,0.0,2026.0,0.001,0.041,0.000982,141.26,0.001,0.0,ETH-28JUN19-90-P,251.9,0.0,0.0,0.0,0.002,270.0,156.03,0.01365,-0.02545,-0.00181,0.00014,-0.00583
255.73,ETH-28JUN19,1558436342273,open,0.0,1541.0,0.001,0.04,0.000751,151.12,0.001,0.0,ETH-28JUN19-80-P,251.9,0.0,0.0,0.0,0.001,85.0,156.68,0.01033,-0.02061,-0.00133,0.0001,-0.00426
251.9,index_price,1558436342290,open,0.21,550.0,0.167,0.246,0.20683,128.13,0.208,0,ETH-24MAY19-200-C,251.9,0.0,0.205,50.0,0.211,50.0,182.16,0.01014,-0.22588,0.01537,0.00158,0.98148
255.73,ETH-28JUN19,1558436342320,open,0.23,541.0,0.189,0.268,0.228552,101.83,0.232,0.0,ETH-28JUN19-210-C,251.9,91.69,0.219,100.0,0.227,40.0,100.21,0.24534,-0.32982,0.14574,0.00355,0.77775
261.73,ETH-27SEP19,1558436342320,open,0.28,2.0,0.222,0.323,0.272774,97.68,0.737,0.0,ETH-27SEP19-280-P,251.9,93.93,0.264,90.0,0.279,30.0,100.35,0.61113,-0.2316,-0.65033,0.00259,-0.43094
261.73,ETH-27SEP19,1558436342320,open,0.03,7491.0,0.001,0.069,0.028823,96.84,0.026,0.0,ETH-27SEP19-140-P,251.9,89.07,0.022,150.0,0.029,50.0,97.03,0.24107,-0.09057,-0.10478,0.00103,-0.08456
261.73,ETH-27SEP19,1558436342320,open,0.91,0.0,0.831,0.983,0.906845,105.47,None,0.0,ETH-27SEP19-480-P,251.9,0.0,0.0,0.0,0.0,0.0,0.0,0.50088,-0.20496,-1.52517,0.00196,-0.74355
255.73,ETH-28JUN19,1558436342320,open,0.0,4769.0,0.001,0.041,0.001244,108.1,0.004,0.0,ETH-28JUN19-120-P,251.9,0.0,0.0,0.0,0.002,64.0,115.95,0.02093,-0.02986,-0.00284,0.00029,-0.00947
251.9,index_price,1558436342320,open,0.33,275.0,0.286,0.365,0.325227,160.0,0.256,0,ETH-24MAY19-170-C,251.9,0.0,0.001,17.0,0.43,1.0,500.0,0.00158,-0.044,0.01335,0.0002,0.99774
255.73,ETH-28JUN19,1558436342378,open,0.21,1728.0,0.164,0.243,0.203433,101.83,0.223,0.0,ETH-28JUN19-220-C,251.9,92.84,0.194,60.0,0.203,40.0,101.42,0.27071,-0.36391,0.14061,0.00392,0.73329
251.9,index_price,1558436342400,open,0.14,0.0,0.097,0.188,0.142685,106.9,None,0,ETH-31MAY19-280-P,251.9,73.62,0.125,150.0,0.142,150.0,105.71,0.14488,-0.78417,-0.05718,0.00789,-0.6962
8002.34,BTC-28JUN19,1558436342412,open,0.64,0.8,0.576,0.707,0.64140946,108.99,2.171,0.0,BTC-28JUN19-13000-P,7932.69,0.0,0.07,1.0,1.0995,1.0,500.0,4.96685,-7.14619,-12.68506,7e-05,-0.88618
251.9,index_price,1558436342634,open,0.18,2.0,0.138,0.217,0.177008,101.56,0.174,0,ETH-31MAY19-210-C,251.9,80.4,0.171,50.0,0.183,50.0,118.25,0.08313,-0.42743,0.04788,0.00477,0.87951
251.9,index_price,1558436342669,open,0.03,450.0,0.001,0.07,0.029387,101.56,0.035,0,ETH-31MAY19-230-P,251.9,87.53,0.022,204.0,0.027,3.0,97.1,0.13572,-0.69786,-0.02006,0.00778,-0.26501
261.73,ETH-27SEP19,1558436342715,open,0.06,3.0,0.023,0.102,0.062346,107.23,0.066,0.0,ETH-27SEP19-520-C,251.9,104.76,0.058,145.0,0.066,40.0,109.27,0.46524,-0.19356,0.14938,0.00179,0.22399
251.9,index_price,1558436342804,open,0.24,0.0,0.194,0.292,0.243112,109.89,None,0,ETH-31MAY19-310-P,251.9,0.0,0.227,50.0,0.24,50.0,101.11,0.09447,-0.5256,-0.07484,0.00501,-0.85493
261.73,ETH-27SEP19,1558436342943,open,0.05,497.0,0.008,0.087,0.047828,110.96,0.054,0.0,ETH-27SEP19-600-C,251.9,108.43,0.044,149.0,0.051,40.0,112.99,0.40315,-0.17355,0.11896,0.0015,0.17655
251.9,index_price,1558436343019,open,0.0,555.0,0.001,0.041,0.001521,106.1,0.005,0,ETH-31MAY19-180-P,251.9,0.0,0.0,0.0,0.002,178.0,111.18,0.0218,-0.11709,-0.00161,0.0012,-0.02206
251.9,index_price,1558436343083,open,0.09,0.0,0.043,0.128,0.085528,102.49,None,0,ETH-31MAY19-260-P,251.9,83.23,0.073,87.0,0.086,87.0,103.21,0.16442,-0.85315,-0.04272,0.00934,-0.5412
251.9,index_price,1558436343191,open,0.09,59.0,0.052,0.131,0.091318,101.56,0.106,0,ETH-31MAY19-240-C,251.9,97.77,0.089,62.0,0.096,66.0,109.19,0.15418,-0.79279,0.03777,0.00884,0.6455
8002.34,BTC-28JUN19,1558436343405,open,1.5,0.4,1.4025,1.6025,1.50244979,126.99,5.076,0.0,BTC-28JUN19-20000-P,7932.69,0.0,0.0,0.0,1.8815,2.0,500.0,1.29793,-2.17589,-20.60295,2e-05,-0.97905
251.9,index_price,1558436343478,open,0.01,801.0,0.001,0.043,0.003936,113.21,0.008,0,ETH-24MAY19-290-C,251.9,106.19,0.003,20.0,0.004,250.0,113.66,0.03579,-0.70459,0.00167,0.00632,0.08829
251.9,index_price,1558436343535,open,0.01,657.0,0.001,0.046,0.006483,111.32,0.01,0,ETH-31MAY19-330-C,251.9,100.24,0.004,100.0,0.008,171.0,117.02,0.0635,-0.35787,0.00523,0.00332,0.08329
255.73,ETH-28JUN19,1558436343543,open,0.13,2663.0,0.084,0.163,0.123187,101.83,0.13,0.0,ETH-28JUN19-260-C,251.9,99.34,0.12,76.0,0.126,229.0,104.04,0.32653,-0.43896,0.11199,0.00473,0.5452
255.73,ETH-28JUN19,1558436343560,open,0.08,2397.0,0.035,0.114,0.074546,104.52,0.074,0.0,ETH-28JUN19-300-C,251.9,100.8,0.07,254.0,0.079,345.0,108.14,0.31363,-0.43274,0.08102,0.00442,0.37986
251.9,index_price,1558436343607,open,0.01,101.0,0.001,0.048,0.008831,110.02,0.018,0,ETH-31MAY19-320-C,251.9,95.89,0.005,81.0,0.011,67.0,116.73,0.07741,-0.43122,0.00683,0.0041,0.10902
251.9,index_price,1558436343609,open,0.03,1067.0,0.001,0.064,0.024156,105.92,0.027,0,ETH-24MAY19-260-C,251.9,96.58,0.021,67.0,0.025,200.0,108.41,0.08554,-1.57533,0.00718,0.01615,0.38605
251.9,index_price,1558436343663,open,0.05,574.0,0.002,0.081,0.041634,105.98,0.054,0,ETH-31MAY19-270-C,251.9,98.52,0.037,119.0,0.044,67.0,109.75,0.1575,-0.84509,0.02292,0.00866,0.37794
251.9,index_price,1558436343736,open,0.15,1.0,0.106,0.185,0.14502,101.56,0.113,0,ETH-31MAY19-220-C,251.9,87.13,0.139,50.0,0.151,50.0,114.65,0.11084,-0.56993,0.04562,0.00636,0.81436
255.73,ETH-28JUN19,1558436343938,open,0.04,1858.0,0.001,0.077,0.037189,110.15,0.043,0.0,ETH-28JUN19-360-C,251.9,106.72,0.034,202.0,0.04,160.0,113.09,0.24123,-0.35076,0.0474,0.00323,0.21581
255.73,ETH-28JUN19,1558436343940,open,0.13,2663.0,0.084,0.163,0.123187,101.83,0.13,0.0,ETH-28JUN19-260-C,251.9,99.34,0.12,77.0,0.126,229.0,104.04,0.32653,-0.43896,0.11199,0.00473,0.5452
251.9,index_price,1558436343973,open,0.19,50.0,0.146,0.241,0.193456,120.56,0.23,0,ETH-24MAY19-300-P,251.9,0.0,0.185,50.0,0.192,50.0,102.7,0.02562,-0.5371,-0.02255,0.00425,-0.94289
255.73,ETH-28JUN19,1558436343973,open,0.05,2410.0,0.008,0.091,0.04973,101.83,0.041,0.0,ETH-28JUN19-210-P,251.9,93.66,0.042,193.0,0.047,160.0,98.97,0.24534,-0.32982,-0.07218,0.00355,-0.22225
255.73,ETH-28JUN19,1558436343986,open,0.01,4443.0,0.001,0.049,0.008827,101.83,0.011,0.0,ETH-28JUN19-160-P,251.9,85.79,0.004,150.0,0.008,261.0,99.49,0.09232,-0.1241,-0.01707,0.00134,-0.05551
255.73,ETH-28JUN19,1558436343988,open,0.03,3101.0,0.001,0.068,0.027871,101.83,0.026,0.0,ETH-28JUN19-190-P,251.9,90.42,0.02,145.0,0.025,200.0,97.81,0.18546,-0.24931,-0.04518,0.00268,-0.14238
251.9,index_price,1558436343995,open,0.16,100.0,0.109,0.201,0.155187,113.21,0.213,0,ETH-24MAY19-290-P,251.9,0.0,0.147,50.0,0.154,50.0,104.13,0.03579,-0.70459,-0.02117,0.00632,-0.91171
255.73,ETH-28JUN19,1558436344009,open,0.1,4900.0,0.054,0.141,0.097856,101.83,0.095,0.0,ETH-28JUN19-240-P,251.9,96.97,0.092,65.0,0.098,160.0,101.95,0.30829,-0.41444,-0.12159,0.00446,-0.36034
255.73,ETH-28JUN19,1558436344019,open,0.06,3170.0,0.022,0.106,0.063715,101.83,0.072,0.0,ETH-28JUN19-220-P,251.9,95.45,0.057,64.0,0.062,160.0,100.21,0.27071,-0.36391,-0.08768,0.00392,-0.26671
255.73,ETH-28JUN19,1558436344036,open,0.14,1782.0,0.095,0.185,0.139885,101.83,0.133,0.0,ETH-28JUN19-260-P,251.9,100.36,0.138,65.0,0.142,120.0,103.49,0.32653,-0.43896,-0.15781,0.00473,-0.4548
8047.87,BTC-27SEP19,1558436344130,open,0.03,10.0,0.0005,0.0685,0.02881195,103.57,0.0335,0.0,BTC-27SEP19-20000-C,7932.67,99.81,0.0245,15.0,0.0335,15.0,107.36,9.60578,-3.85983,2.61124,4e-05,0.12071
8002.22,BTC-28JUN19,1558436344130,open,0.0,94.5,0.0005,0.0415,0.00153857,130.87,0.002,0.0,BTC-28JUN19-3250-P,7932.67,0.0,0.0,0.0,0.002,4.5,136.05,0.65279,-1.12775,-0.0911,1e-05,-0.00943
8002.22,BTC-28JUN19,1558436344130,open,0.6,0.1,0.5555,0.635,0.59541378,131.02,0.395,0.0,BTC-28JUN19-3250-C,7932.67,0.0,0.002,0.1,0.799,2.0,500.0,0.65625,-1.13505,3.28082,1e-05,0.99051
8002.22,BTC-28JUN19,1558436344130,open,0.81,33.8,0.773,0.8525,0.81255736,141.11,0.7145,0.0,BTC-28JUN19-1500-C,7932.67,0.0,0.002,0.4,0.8805,2.0,500.0,0.00492,-0.00916,1.55611,0.0,0.99995
8002.22,BTC-28JUN19,1558436344130,open,0.0,137.0,0.0005,0.043,0.00290538,123.36,0.0065,0.0,BTC-28JUN19-3750-P,7932.67,120.33,0.0025,1.0,0.003,2.9,124.03,1.11946,-1.82307,-0.17027,1e-05,-0.0176
8002.22,BTC-28JUN19,1558436344130,open,0.28,1872.2,0.235,0.3145,0.274786,95.12,0.2705,0.0,BTC-28JUN19-6000-C,7932.67,93.28,0.2735,16.8,0.2795,3.3,101.6,5.65899,-7.10577,4.88279,9e-05,0.8628
8002.22,BTC-28JUN19,1558436344130,open,0.05,1377.6,0.01,0.0895,0.04999668,98.39,0.0505,0.0,BTC-28JUN19-10000-C,7932.67,95.67,0.047,3.4,0.0535,16.7,101.53,8.86605,-11.5158,2.01772,0.00014,0.29298
8047.87,BTC-27SEP19,1558436344131,open,0.58,261.1,0.536,0.6155,0.57551979,93.38,0.52,0.0,BTC-27SEP19-3500-C,7932.67,0.0,0.161,1.0,0.5885,0.5,115.0,3.92713,-1.42281,10.99057,2e-05,0.9623
7932.67,index_price,1558436344130,open,0.0,836.6,0.0005,0.04,0.0003478,130.85,0.001,0,BTC-24MAY19-10500-C,7932.67,0.0,0.0,0.0,0.0005,130.0,136.9,0.17504,-2.75899,0.00555,3e-05,0.00923
8002.22,BTC-28JUN19,1558436344131,open,0.69,24.4,0.648,0.7275,0.68786511,135.24,0.5115,0.0,BTC-28JUN19-2500-C,7932.67,0.0,0.0025,0.5,0.83,1.0,500.0,0.15866,-0.28325,2.57584,0.0,0.99806
7932.67,index_price,1558436344130,open,0.08,30.5,0.0335,0.113,0.07339489,94.44,0.094,0,BTC-31MAY19-7750-C,7932.67,90.69,0.071,18.0,0.0775,3.2,100.85,5.0724,-24.2524,1.10888,0.00032,0.59004
7932.67,index_price,1558436344130,open,0.13,0.0,0.087,0.1775,0.13225763,99.92,None,0,BTC-31MAY19-8750-P,7932.67,85.12,0.124,18.0,0.1325,18.0,100.35,4.56036,-23.07136,-1.77884,0.00027,-0.69653
7932.67,index_price,1558436344131,open,0.01,128.9,0.0005,0.053,0.01251077,95.34,0.01,0,BTC-24MAY19-7500-P,7932.67,87.93,0.0105,0.2,0.0145,34.9,102.44,2.19083,-36.31829,-0.15806,0.00046,-0.24039
8002.2,BTC-28JUN19,1558436344131,open,0.44,219.6,0.4025,0.482,0.44220508,104.92,0.471,0.0,BTC-28JUN19-4500-C,7932.67,0.0,0.2,1.0,0.55,0.1,295.37,1.78264,-2.46907,4.37778,3e-05,0.96941
8047.87,BTC-27SEP19,1558436344132,open,1.04,0.0,0.954,1.116,1.03495884,98.14,None,0.0,BTC-27SEP19-16000-P,7932.67,0.0,0.0065,0.1,1.7975,0.2,499.79,12.87469,-4.90189,-52.49479,6e-05,-0.81242
7932.67,index_price,1558436344130,open,0.09,0.4,0.0425,0.129,0.08571777,95.32,0.17,0,BTC-31MAY19-8250-P,7932.67,84.89,0.079,18.0,0.0905,7.7,102.7,5.12932,-24.75415,-1.40349,0.00032,-0.56819
7932.67,index_price,1558436344130,open,0.11,37.8,0.0645,0.153,0.10874339,98.72,0.107,0,BTC-31MAY19-8500-P,7932.67,85.21,0.1005,18.0,0.1075,0.1,96.71,4.90617,-24.52218,-1.59555,0.00029,-0.63465
8002.2,BTC-28JUN19,1558436344133,open,0.63,43.8,0.5865,0.666,0.62605673,132.69,0.6,0.0,BTC-28JUN19-3000-C,7932.67,0.0,0.002,1.0,0.809,2.0,500.0,0.44174,-0.77377,3.05489,1e-05,0.99395
7932.67,index_price,1558436344130,open,0.25,503.2,0.2075,0.287,0.24726001,106.78,0.275,0,BTC-31MAY19-6000-C,7932.67,0.0,0.085,3.0,0.275,3.0,200.22,1.27438,-6.88925,1.51537,7e-05,0.95329
7932.67,index_price,1558436344130,open,0.01,30.5,0.0005,0.051,0.01121916,106.06,0.0105,0,BTC-31MAY19-9750-C,7932.67,104.03,0.0105,47.7,0.011,2.0,105.45,2.85767,-15.34469,0.26936,0.00016,0.13672
7932.67,index_price,1558436344131,open,0.31,529.3,0.2685,0.348,0.30817105,114.12,0.232,0,BTC-31MAY19-5500-C,7932.67,111.93,0.308,20.0,0.325,3.0,200.65,0.6433,-3.71683,1.44103,3e-05,0.97957
7932.67,index_price,1558436344130,open,0.4,0.0,0.3615,0.441,0.40121213,151.64,0.2,0,BTC-24MAY19-4750-C,7932.67,0.0,0.0055,0.2,0.4215,0.1,496.64,0.00153,-0.04025,0.3742,0.0,0.99995
7932.67,index_price,1558436344131,open,0.0,939.5,0.0005,0.0415,0.00156493,127.43,0.001,0,BTC-31MAY19-5250-P,7932.67,108.21,0.0005,11.5,0.0025,43.9,137.96,0.60588,-3.90893,-0.04422,3e-05,-0.01904
8047.87,BTC-27SEP19,1558436344133,open,0.49,0.2,0.455,0.5345,0.49490054,91.74,0.26,0.0,BTC-27SEP19-4250-C,7932.67,0.0,0.011,0.5,0.525,2.0,122.39,6.72768,-2.39459,12.23877,3e-05,0.9256
8047.87,BTC-27SEP19,1558436344133,open,0.08,170.9,0.038,0.124,0.08103041,88.86,0.0805,0.0,BTC-27SEP19-6000-P,7932.67,85.58,0.0755,13.0,0.0855,13.0,91.49,13.62906,-4.69848,-8.15802,7e-05,-0.20606
7932.67,index_price,1558436344130,open,0.45,0.0,0.396,0.512,0.45388051,129.39,None,0,BTC-31MAY19-11500-P,7932.67,0.0,0.0,0.0,0.0,0.0,0.0,1.35994,-8.90862,-3.01175,6e-05,-0.94934
7932.67,index_price,1558436344130,open,0.02,163.7,0.0005,0.058,0.01734771,94.43,0.019,0,BTC-31MAY19-7000-P,7932.67,87.87,0.0145,24.0,0.017,3.1,93.65,3.5253,-16.85473,-0.44212,0.00022,-0.18864
7932.67,index_price,1558436344130,open,0.0,358.8,0.0005,0.04,0.00045404,125.21,0.001,0,BTC-24MAY19-10250-C,7932.67,0.0,0.0,0.0,0.001,120.0,139.76,0.2233,-3.60173,0.00735,4e-05,0.01221
7932.67,index_price,1558436344131,open,0.02,28.5,0.0005,0.058,0.01844451,103.72,0.028,0,BTC-31MAY19-9250-C,7932.67,99.52,0.0165,24.0,0.019,3.0,104.9,3.73391,-19.60794,0.40573,0.00021,0.20748
7932.67,index_price,1558436344130,open,0.11,20.0,0.065,0.1535,0.10935175,99.93,0.1375,0,BTC-24MAY19-8750-P,7932.67,63.32,0.104,0.2,0.11,0.2,103.09,1.59959,-27.79299,-0.60314,0.00032,-0.8557
7932.67,index_price,1558436344132,open,0.34,116.2,0.3,0.3795,0.33974656,127.45,0.293,0,BTC-31MAY19-5250-C,7932.67,136.14,0.3405,12.0,0.44,4.0,442.74,0.60629,-3.9122,1.37622,3e-05,0.98095
7932.67,index_price,1558436344130,open,0.26,14.8,0.211,0.3115,0.26129054,121.38,0.3345,0,BTC-24MAY19-10000-P,7932.67,0.0,0.003,1.0,0.291,0.1,295.65,0.31253,-6.59592,-0.777,5e-05,-0.98194
7932.67,index_price,1558436344130,open,0.24,0.0,0.191,0.2895,0.24031043,106.05,None,0,BTC-31MAY19-9750-P,7932.67,0.0,0.0,0.0,0.0,0.0,0.0,2.85734,-15.3417,-2.36871,0.00016,-0.86331
8002.2,BTC-28JUN19,1558436344135,open,0.88,2.0,0.8095,0.9595,0.88458892,117.05,2.658,0.0,BTC-28JUN19-15000-P,7932.67,0.0,0.0,0.0,1.318,1.0,499.89,3.45003,-5.33074,-15.07041,4e-05,-0.93029
7932.67,index_price,1558436344130,open,0.33,0.0,0.2775,0.3835,0.33069641,116.72,None,0,BTC-31MAY19-10500-P,7932.67,0.0,0.0,0.0,0.0,0.0,0.0,2.05208,-12.1263,-2.67106,0.0001,-0.91379
7932.67,index_price,1558436344130,open,0.05,16.7,0.006,0.0855,0.04571747,95.32,0.0425,0,BTC-31MAY19-8250-C,7932.67,89.56,0.042,12.5,0.049,3.5,100.39,5.12934,-24.75526,0.82869,0.00032,0.43182
8047.85,BTC-27SEP19,1558436344132,open,0.07,64.6,0.0295,0.115,0.07215726,86.51,0.0705,0.0,BTC-27DEC19-5000-P,7932.67,83.05,0.066,10.0,0.0775,10.0,89.47,14.44086,-2.84099,-10.67854,4e-05,-0.14811
8047.85,BTC-27SEP19,1558436344135,open,0.38,2.1,0.3225,0.4325,0.37750788,90.48,0.3915,0.0,BTC-27SEP19-10000-P,7932.67,84.5,0.3635,3.6,0.3875,3.6,94.73,18.9045,-6.63637,-26.46196,9e-05,-0.55374
8047.85,BTC-27SEP19,1558436344131,open,0.43,1.0,0.3745,0.4885,0.43137123,86.71,0.438,0.0,BTC-27DEC19-10000-P,7932.67,80.94,0.4135,3.6,0.4415,3.6,89.99,24.91671,-4.91326,-44.88584,7e-05,-0.49449
8002.2,BTC-28JUN19,1558436344136,open,0.01,401.6,0.0005,0.0525,0.01283518,113.03,0.0145,0.0,BTC-28JUN19-14000-C,7932.67,109.32,0.011,20.0,0.015,44.0,117.08,4.11141,-6.13487,0.62292,5e-05,0.08785
7932.67,index_price,1558436344133,open,0.23,0.0,0.181,0.2785,0.22972756,108.98,None,0,BTC-24MAY19-9750-P,7932.67,0.0,0.003,1.0,0.261,0.1,282.32,0.32013,-6.06584,-0.75695,6e-05,-0.98143
7932.67,index_price,1558436344130,open,0.05,114.6,0.0085,0.092,0.05036487,94.43,0.047,0,BTC-31MAY19-7750-P,7932.67,85.25,0.0445,24.0,0.0515,24.0,96.21,5.0724,-24.25139,-0.988,0.00032,-0.40996
7932.67,index_price,1558436344130,open,0.24,19.2,0.204,0.2835,0.24398469,135.09,0.24,0,BTC-24MAY19-6000-C,7932.67,0.0,0.1,0.1,0.2665,0.1,329.17,0.16204,-3.80602,0.46721,2e-05,0.99154
8047.85,BTC-27SEP19,1558436344137,open,0.05,50.1,0.007,0.0865,0.04688727,98.16,0.052,0.0,BTC-27SEP19-16000-C,7932.67,94.71,0.0415,14.8,0.052,14.8,101.29,12.87807,-4.90419,4.00004,6e-05,0.18766
8047.85,BTC-27SEP19,1558436344132,open,0.04,134.6,0.0005,0.079,0.03775298,88.66,0.0425,0.0,BTC-27DEC19-4000-P,7932.67,84.7,0.033,10.0,0.043,10.0,92.84,9.88263,-1.99242,-6.04361,3e-05,-0.08691
8002.2,BTC-28JUN19,1558436344138,open,0.0,394.3,0.0005,0.042,0.00239451,129.33,0.002,0.0,BTC-28JUN19-3500-P,7932.67,125.74,0.002,5.1,0.0025,3.3,130.23,0.92814,-1.58462,-0.13734,1e-05,-0.01415
7932.67,index_price,1558436344133,open,0.0,764.2,0.0005,0.0405,0.00063629,109.05,0.0005,0,BTC-24MAY19-9750-C,7932.67,0.0,0.0,0.0,0.001,130.0,116.76,0.32116,-5.04751,0.01125,6e-05,0.01864
7932.67,index_price,1558436344135,open,0.02,250.6,0.0005,0.063,0.02314481,101.71,0.025,0,BTC-31MAY19-9000-C,7932.67,97.57,0.021,24.0,0.024,3.2,103.34,4.15655,-21.4042,0.48937,0.00024,0.25115
7932.67,index_price,1558436344135,open,0.04,742.6,0.0005,0.077,0.03722793,98.73,0.0395,0,BTC-31MAY19-8500-C,7932.67,93.48,0.034,24.0,0.039,3.2,101.58,4.90621,-24.52345,0.70428,0.00029,0.36536
8002.2,BTC-28JUN19,1558436344143,open,0.23,509.4,0.1885,0.268,0.22812347,94.85,0.2245,0.0,BTC-28JUN19-6500-C,7932.67,90.26,0.224,3.4,0.2345,3.3,101.77,7.26763,-9.10019,4.72918,0.00012,0.79764
8047.85,BTC-27SEP19,1558436344135,open,0.11,131.1,0.074,0.1535,0.11353557,91.87,0.1155,0.0,BTC-27DEC19-14000-C,7932.67,89.19,0.106,10.0,0.1205,10.0,94.31,22.81597,-4.76659,10.84649,6e-05,0.33727
7932.67,index_price,1558436344137,open,0.06,29.1,0.016,0.1005,0.05822049,95.84,0.0705,0,BTC-24MAY19-8250-P,7932.67,77.77,0.0525,0.2,0.0585,0.2,96.7,2.57346,-42.88512,-0.45026,0.00054,-0.66222
8002.2,BTC-28JUN19,1558436344144,open,0.3,42.9,0.248,0.3515,0.29961481,98.36,0.3035,0.0,BTC-28JUN19-10000-P,7932.67,0.0,0.001,1.0,0.5,0.1,258.41,8.86455,-11.50988,-8.35974,0.00014,-0.70712
7932.67,index_price,1558436344135,open,0.27,0.0,0.22,0.321,0.27058264,111.07,None,0,BTC-31MAY19-10000-P,7932.67,0.0,0.0,0.0,0.0,0.0,0.0,2.60636,-14.65713,-2.47006,0.00014,-0.88025
7932.67,index_price,1558436344135,open,0.14,28.6,0.0935,0.184,0.13856347,104.98,0.1395,0,BTC-24MAY19-9000-P,7932.67,0.0,0.1325,6.0,0.1395,6.0,110.9,1.19391,-21.79227,-0.65195,0.00023,-0.90459
7932.67,index_price,1558436344137,open,0.0,170.0,0.0005,0.04,0.00011324,135.0,0.0005,0,BTC-24MAY19-5750-P,7932.67,0.0,0.0,0.0,0.0005,15.9,160.51,0.06485,-0.89829,-0.00196,1e-05,-0.00302
8047.85,BTC-27SEP19,1558436344134,open,0.54,27.1,0.501,0.5805,0.54072151,88.65,0.542,0.0,BTC-27DEC19-4000-C,7932.67,0.0,0.0185,10.0,0.98,0.5,500.0,9.88227,-1.99227,18.05277,3e-05,0.9131
7932.67,index_price,1558436344138,open,0.12,60.0,0.081,0.1605,0.12087254,102.42,0.118,0,BTC-24MAY19-7000-C,7932.67,0.0,0.05,0.1,0.126,6.0,134.04,1.02303,-18.21802,0.50093,0.0002,0.92239
8047.85,BTC-27SEP19,1558436344132,open,0.64,0.0,0.6035,0.683,0.64304424,91.87,None,0.0,BTC-27DEC19-3000-C,7932.67,0.0,0.006,10.0,0.9885,0.5,500.0,5.47995,-1.14485,15.32282,2e-05,0.95911
8047.85,BTC-27SEP19,1558436344130,open,0.13,92.7,0.088,0.1675,0.12784558,90.83,0.135,0.0,BTC-27DEC19-13000-C,7932.67,88.14,0.12,10.0,0.1345,10.0,93.09,23.61592,-4.87777,11.81468,7e-05,0.37155
7932.67,index_price,1558436344138,open,0.37,80.9,0.331,0.4105,0.37063231,130.16,0.4,0,BTC-31MAY19-5000-C,7932.67,159.8,0.373,12.5,0.391,10.0,250.63,0.40238,-2.6517,1.32544,2e-05,0.98818
8047.85,BTC-27SEP19,1558436344140,open,0.45,57.4,0.411,0.4905,0.45086791,86.51,0.461,0.0,BTC-27DEC19-5000-C,7932.67,0.0,0.006,10.0,0.508,0.5,117.0,14.44067,-2.84086,19.44182,4e-05,0.85189
8047.85,BTC-27SEP19,1558436344131,open,0.02,99.6,0.0005,0.056,0.01581757,91.88,0.0205,0.0,BTC-27DEC19-3000-P,7932.67,85.91,0.012,10.0,0.0195,10.0,97.03,5.48041,-1.145,-2.74951,2e-05,-0.0409
8047.85,BTC-27SEP19,1558436344145,open,0.52,233.5,0.4815,0.561,0.52138905,92.74,0.5435,0.0,BTC-27SEP19-4000-C,7932.67,0.0,0.1655,1.1,0.547,2.0,122.32,5.79103,-2.08367,11.85889,3e-05,0.93873
8047.85,BTC-27SEP19,1558436344133,open,0.06,32.2,0.0155,0.095,0.05545222,99.74,0.0595,0.0,BTC-27DEC19-22000-C,7932.67,96.76,0.0495,10.0,0.061,10.0,102.4,16.44117,-3.72909,6.08135,4e-05,0.18089
8002.2,BTC-28JUN19,1558436344146,open,0.2,13.7,0.155,0.251,0.20310827,96.79,0.221,0.0,BTC-28JUN19-9000-P,7932.67,91.1,0.196,14.4,0.208,14.4,100.69,10.03578,-12.82351,-6.56456,0.00016,-0.58744
7932.67,index_price,1558436344131,open,0.01,257.6,0.0005,0.0495,0.00997621,111.08,0.012,0,BTC-31MAY19-10000-C,7932.67,106.43,0.0085,30.0,0.0115,30.0,115.58,2.60672,-14.66044,0.23566,0.00014,0.11977
7932.67,index_price,1558436344130,open,0.29,0.0,0.241,0.344,0.29257563,125.1,None,0,BTC-24MAY19-10250-P,7932.67,0.0,0.003,1.0,0.322,0.1,311.56,0.2222,-4.83309,-0.80025,4e-05,-0.98786
7932.67,index_price,1558436344136,open,0.5,9.0,0.456,0.5355,0.49580194,135.31,0.249,0,BTC-31MAY19-4000-C,7932.67,0.0,0.0165,0.2,0.0,0.0,0.0,0.03238,-0.2218,1.08063,0.0,0.99928
7932.67,index_price,1558436344133,open,0.18,21.3,0.142,0.2215,0.18182696,121.28,0.121,0,BTC-24MAY19-6500-C,7932.67,0.0,0.0025,3.1,0.2065,0.1,275.84,0.45843,-9.66724,0.49357,8e-05,0.97155
8047.85,BTC-27SEP19,1558436344133,open,0.41,56.9,0.3725,0.452,0.41211422,86.34,0.436,0.0,BTC-27DEC19-5500-C,7932.67,0.0,0.006,10.0,0.483,0.5,120.06,16.57416,-3.25426,19.6174,5e-05,0.81676
8002.2,BTC-28JUN19,1558436344146,open,0.15,176.0,0.112,0.1915,0.15159872,94.85,0.156,0.0,BTC-28JUN19-7500-C,7932.67,90.6,0.1465,3.4,0.154,9.9,96.84,9.62143,-12.04658,4.07558,0.00015,0.64241
8002.2,BTC-28JUN19,1558436344146,open,0.0,240.1,0.0005,0.0445,0.00443563,113.37,0.006,0.0,BTC-28JUN19-4250-P,7932.67,111.18,0.004,2.0,0.0045,3.1,113.68,1.64258,-2.45827,-0.26704,2e-05,-0.02772
7932.67,index_price,1558436344130,open,0.0,592.3,0.0005,0.0405,0.00068412,121.46,0.0005,0,BTC-24MAY19-10000-C,7932.67,0.0,0.0,0.0,0.0015,19.5,137.16,0.31348,-5.42687,0.0109,5e-05,0.01812
7932.67,index_price,1558436344136,open,0.0,13.7,0.0005,0.04,1.8e-07,135.0,0.0025,0,BTC-24MAY19-4750-P,7932.67,0.0,0.0,0.0,0.0005,20.0,244.03,0.00023,-0.00146,0.0,0.0,-1e-05
8047.85,BTC-27SEP19,1558436344135,open,0.05,23.9,0.009,0.0885,0.04884319,101.63,0.05,0.0,BTC-27DEC19-24000-C,7932.67,98.46,0.043,14.9,0.0545,10.0,104.54,15.25228,-3.52483,5.43138,4e-05,0.16088
7932.67,index_price,1558436344131,open,0.01,71.8,0.0005,0.0455,0.00573076,104.45,0.005,0,BTC-31MAY19-6250-P,7932.67,101.04,0.005,16.0,0.006,3.0,105.65,1.75776,-9.29534,-0.16319,0.0001,-0.0703
7932.67,index_price,1558436344130,open,0.01,11.1,0.0005,0.047,0.00705966,116.73,0.0115,0,BTC-31MAY19-10500-C,7932.67,110.32,0.0055,30.0,0.0085,30.0,122.04,2.05256,-12.13048,0.16994,0.0001,0.08624
7932.67,index_price,1558436344138,open,0.0,209.9,0.0005,0.04,3.115e-05,135.0,0.0005,0,BTC-24MAY19-5500-P,7932.67,0.0,0.0,0.0,0.0005,19.6,180.14,0.02186,-0.24709,-0.00059,0.0,-0.00092
8047.85,BTC-27SEP19,1558436344133,open,0.09,47.6,0.052,0.139,0.09553112,86.35,0.088,0.0,BTC-27DEC19-5500-P,7932.67,82.92,0.0885,5.0,0.1015,10.0,89.23,16.57425,-3.25436,-13.51486,5e-05,-0.18324
8047.85,BTC-27SEP19,1558436344130,open,0.04,35.3,0.0025,0.082,0.04224419,102.64,0.043,0.0,BTC-27DEC19-26000-C,7932.67,100.14,0.038,16.0,0.0465,10.0,105.04,14.00288,-3.26848,4.81135,3e-05,0.14149
7932.67,index_price,1558436344130,open,0.0,52.0,0.0005,0.044,0.00418311,129.41,0.007,0,BTC-31MAY19-11500-C,7932.67,118.11,0.0025,30.0,0.006,100.0,138.94,1.36062,-8.91455,0.09983,6e-05,0.05069
8047.85,BTC-27SEP19,1558436344145,open,0.1,64.7,0.0635,0.143,0.10343004,93.57,0.102,0.0,BTC-27DEC19-15000-C,7932.67,91.77,0.0985,2.5,0.1085,10.0,95.41,22.0548,-4.69306,10.04325,6e-05,0.31059
8047.85,BTC-27SEP19,1558436344135,open,0.12,180.0,0.0765,0.1655,0.12107585,85.74,0.123,0.0,BTC-27DEC19-6000-P,7932.67,82.43,0.1135,5.0,0.1265,10.0,88.1,18.46901,-3.60077,-16.50947,6e-05,-0.21946
7932.67,index_price,1558436344134,open,0.0,235.6,0.0005,0.041,0.00122114,121.25,0.001,0,BTC-24MAY19-6500-P,7932.67,105.25,0.0005,13.2,0.0015,15.9,125.79,0.45797,-9.65463,-0.01852,8e-05,-0.02841
7932.67,index_price,1558436344145,open,0.01,165.0,0.0005,0.0465,0.00635434,97.36,0.005,0,BTC-24MAY19-7250-P,7932.67,90.17,0.005,0.2,0.007,3.4,100.58,1.56006,-26.4082,-0.09088,0.00032,-0.13906
7932.67,index_price,1558436344130,open,0.14,198.8,0.095,0.1745,0.13492321,94.44,0.14,0,BTC-31MAY19-7000-C,7932.67,93.48,0.1345,6.0,0.1415,6.0,108.63,3.52542,-16.8562,1.45182,0.00022,0.81135
7932.67,index_price,1558436344144,open,0.01,316.6,0.0005,0.0475,0.00756872,97.93,0.005,0,BTC-31MAY19-6500-P,7932.67,89.9,0.0055,50.0,0.009,3.0,102.93,2.18657,-10.84108,-0.21779,0.00013,-0.0939
7932.67,index_price,1558436344145,open,0.01,327.5,0.0005,0.0505,0.01068529,97.08,0.0105,0,BTC-24MAY19-8500-C,7932.67,88.6,0.0085,28.0,0.01,45.9,94.48,2.10672,-35.55976,0.13336,0.00044,0.22406
251.9,index_price,1558436344152,open,0.12,2.0,0.074,0.163,0.118568,108.64,0.17,0,ETH-24MAY19-280-P,251.9,0.0,0.11,50.0,0.118,50.0,105.81,0.05148,-0.9724,-0.01928,0.00948,-0.8528
8047.85,BTC-27SEP19,1558436344158,open,1.28,1.0,1.1815,1.363,1.27236878,100.63,1.5815,0.0,BTC-27SEP19-18000-P,7932.67,0.0,0.0065,0.1,2.0365,0.3,500.0,11.02589,-4.30483,-60.37928,5e-05,-0.85249
251.9,index_price,1558436344231,open,0.12,0.0,0.069,0.158,0.113488,105.98,None,0,ETH-31MAY19-270-P,251.9,77.2,0.096,150.0,0.114,150.0,106.8,0.1575,-0.84509,-0.05013,0.00866,-0.62206
261.73,ETH-27SEP19,1558436344283,open,0.06,0.0,0.015,0.094,0.054252,109.1,None,0.0,ETH-27SEP19-560-C,251.9,106.49,0.05,147.0,0.058,40.0,111.34,0.43266,-0.18314,0.13276,0.00164,0.19792
251.9,index_price,1558436344313,open,0.07,26.0,0.031,0.11,0.070156,101.56,0.061,0,ETH-31MAY19-250-C,251.9,98.25,0.068,79.0,0.076,66.0,110.54,0.16393,-0.84293,0.03279,0.0094,0.55126
8002.09,BTC-28JUN19,1558436344398,open,0.02,432.8,0.0005,0.063,0.0233592,105.33,0.023,0.0,BTC-28JUN19-12000-C,7932.67,102.16,0.021,3.3,0.025,19.8,107.46,6.0839,-8.4593,1.07462,9e-05,0.15277
251.9,index_price,1558436344452,open,0.0,4.0,0.001,0.041,0.001548,121.94,0.007,0,ETH-31MAY19-170-P,251.9,0.0,0.0,0.0,0.002,205.0,127.25,0.01977,-0.12208,-0.00145,0.00094,-0.01966
8047.89,BTC-27SEP19,1558436344538,open,0.02,159.1,0.0005,0.059,0.01840913,92.73,0.019,0.0,BTC-27SEP19-4000-P,7932.67,88.54,0.0155,15.0,0.0215,19.4,96.89,5.79009,-2.08313,-2.26391,3e-05,-0.06126
251.9,index_price,1558436344549,open,0.21,111.0,0.172,0.251,0.21171,101.56,0.16,0,ETH-31MAY19-200-C,251.9,71.29,0.207,50.0,0.219,50.0,128.1,0.05656,-0.29081,0.04885,0.00324,0.92849
8002.09,BTC-28JUN19,1558436344575,open,0.54,30.0,0.4945,0.574,0.53430006,123.52,0.298,0.0,BTC-28JUN19-3750-C,7932.67,0.0,0.009,0.3,0.7805,3.0,500.0,1.12465,-1.83383,3.72009,1e-05,0.9823
7932.67,index_price,1558436344577,open,0.0,241.1,0.0005,0.04,4.451e-05,135.0,0.0005,0,BTC-31MAY19-4000-P,7932.67,0.0,0.0,0.0,0.0005,15.6,171.59,0.03167,-0.21646,-0.0016,0.0,-0.0007
7932.67,index_price,1558436344598,open,0.01,130.6,0.0005,0.051,0.01105177,94.44,0.0105,0,BTC-31MAY19-6750-P,7932.67,89.91,0.0095,30.0,0.012,4.9,97.1,2.78978,-13.33967,-0.30706,0.00017,-0.13201
251.9,index_price,1558436344614,open,0.21,0.0,0.16,0.256,0.208112,109.23,None,0,ETH-31MAY19-300-P,251.9,55.42,0.192,50.0,0.205,50.0,101.99,0.11196,-0.61918,-0.06948,0.00597,-0.81131
251.9,index_price,1558436344847,open,0.07,208.0,0.021,0.105,0.062613,101.56,0.054,0,ETH-31MAY19-250-P,251.9,83.72,0.051,103.0,0.063,103.0,102.15,0.16393,-0.84293,-0.03485,0.0094,-0.44874
7932.67,index_price,1558436344849,open,0.07,132.8,0.0275,0.107,0.06705595,95.35,0.0715,0,BTC-24MAY19-7500-C,7932.67,95.15,0.067,0.2,0.069,2.9,102.29,2.19092,-36.32299,0.43283,0.00046,0.7596
7932.67,index_price,1558436344849,open,0.05,144.4,0.0055,0.085,0.04501012,92.01,0.046,0,BTC-24MAY19-7750-C,7932.67,94.95,0.046,1.6,0.048,2.9,100.88,2.66356,-42.60941,0.36425,0.00058,0.62783
7932.67,index_price,1558436344851,open,0.02,57.2,0.0005,0.0625,0.02198011,92.0,0.021,0,BTC-24MAY19-7750-P,7932.67,83.09,0.019,0.2,0.025,34.0,100.96,2.66354,-42.60574,-0.24634,0.00058,-0.37217
7932.67,index_price,1558436344853,open,0.03,461.7,0.0005,0.068,0.02841346,91.36,0.0265,0,BTC-24MAY19-8000-C,7932.67,87.36,0.027,0.2,0.031,3.4,98.68,2.80333,-44.53256,0.27887,0.00062,0.47462
7932.67,index_price,1558436344862,open,0.03,461.7,0.0005,0.068,0.02841346,91.36,0.0265,0,BTC-24MAY19-8000-C,7932.67,88.78,0.0275,0.2,0.031,3.4,98.68,2.80333,-44.53256,0.27887,0.00062,0.47462
7932.67,index_price,1558436344863,open,0.07,132.8,0.0275,0.107,0.06705595,95.35,0.0715,0,BTC-24MAY19-7500-C,7932.67,96.95,0.0675,0.2,0.069,2.9,102.29,2.19092,-36.32299,0.43283,0.00046,0.7596
7932.67,index_price,1558436344866,open,0.02,206.3,0.0005,0.058,0.01822018,95.85,0.021,0,BTC-24MAY19-8250-C,7932.67,88.95,0.016,0.1,0.0195,3.6,99.78,2.57351,-42.88951,0.19973,0.00054,0.3378
7932.67,index_price,1558436344874,open,0.06,29.1,0.016,0.1005,0.05822049,95.84,0.0705,0,BTC-24MAY19-8250-P,7932.67,77.77,0.0525,0.2,0.059,0.2,98.24,2.57346,-42.88512,-0.45026,0.00054,-0.66222
7932.67,index_price,1558436344876,open,0.11,20.0,0.065,0.1535,0.10935175,99.93,0.1375,0,BTC-24MAY19-8750-P,7932.67,63.32,0.104,0.2,0.1105,6.0,105.45,1.59959,-27.79299,-0.60314,0.00032,-0.8557
261.73,ETH-27SEP19,1558436344877,open,0.3,842.0,0.258,0.337,0.29724,96.84,0.283,0.0,ETH-27SEP19-220-C,251.9,91.2,0.286,60.0,0.299,30.0,97.72,0.52147,-0.19592,0.39277,0.00223,0.72225
255.73,ETH-28JUN19,1558436344877,open,0.38,923.0,0.344,0.423,0.383167,101.83,0.357,0.0,ETH-28JUN19-160-C,251.9,0.0,0.07,1.0,0.0,0.0,0.0,0.09232,-0.1241,0.14896,0.00134,0.94449
261.73,ETH-27SEP19,1558436344877,open,0.07,1219.0,0.033,0.112,0.072894,105.47,0.084,0.0,ETH-27SEP19-480-C,251.9,102.89,0.068,142.0,0.078,40.0,108.11,0.50088,-0.20496,0.16963,0.00196,0.25645
255.73,ETH-28JUN19,1558436344877,open,0.04,2454.0,0.001,0.079,0.037801,101.83,0.038,0.0,ETH-28JUN19-200-P,251.9,92.36,0.03,199.0,0.035,160.0,98.49,0.21656,-0.29112,-0.05794,0.00313,-0.18053
261.73,ETH-27SEP19,1558436344877,open,0.33,36.0,0.274,0.379,0.326261,98.34,0.327,0.0,ETH-27SEP19-300-P,251.9,94.43,0.317,30.0,0.334,30.0,101.62,0.61938,-0.23632,-0.74196,0.0026,-0.47662
261.73,ETH-27SEP19,1558436344877,open,0.0,174.0,0.001,0.041,0.001462,112.31,0.002,0.0,ETH-27SEP19-60-P,251.9,0.0,0.0,0.0,0.003,270.0,125.05,0.02459,-0.01071,-0.00646,9e-05,-0.00553
251.9,index_price,1558436344877,open,0.06,1007.0,0.015,0.098,0.056311,105.92,0.069,0,ETH-24MAY19-260-P,251.9,74.85,0.046,150.0,0.055,150.0,102.05,0.08554,-1.57528,-0.0133,0.01615,-0.61395
251.9,index_price,1558436344877,open,0.17,600.0,0.129,0.208,0.168096,120.24,0.175,0,ETH-24MAY19-210-C,251.9,0.0,0.165,50.0,0.171,50.0,149.0,0.01902,-0.39766,0.01573,0.00316,0.96063
261.73,ETH-27SEP19,1558436344880,open,0.64,0.0,0.569,0.699,0.63392,102.58,None,0.0,ETH-27SEP19-400-P,251.9,0.0,0.0,0.0,0.0,0.0,0.0,0.57477,-0.22875,-1.18847,0.00232,-0.65213
255.73,ETH-28JUN19,1558436344889,open,0.32,3366.0,0.276,0.355,0.315971,101.83,0.259,0.0,ETH-28JUN19-180-C,251.9,0.0,0.079,100.0,1.0,1.0,500.0,0.15338,-0.20619,0.15273,0.00222,0.8915
255.73,ETH-28JUN19,1558436344897,open,0.06,968.0,0.019,0.098,0.058391,106.14,0.058,0.0,ETH-28JUN19-320-C,251.9,102.27,0.054,192.0,0.062,292.0,109.28,0.29221,-0.40944,0.06781,0.00406,0.31392
255.73,ETH-28JUN19,1558436344897,open,0.35,1131.0,0.309,0.388,0.34879,101.83,0.303,0.0,ETH-28JUN19-170-C,251.9,0.0,0.06,5.0,0.63,1.0,457.38,0.12183,-0.16378,0.15173,0.00176,0.92055
251.9,index_price,1558436344899,open,0.13,529.0,0.09,0.169,0.129507,105.28,0.141,0,ETH-24MAY19-220-C,251.9,0.0,0.126,50.0,0.132,50.0,123.65,0.02914,-0.53347,0.01594,0.00554,0.93264
8002.09,BTC-28JUN19,1558436344901,open,0.09,39.8,0.0455,0.132,0.08879708,94.8,0.092,0.0,BTC-28JUN19-7500-P,7932.67,90.81,0.084,3.4,0.0905,11.8,96.22,9.62137,-12.04121,-3.70674,0.00015,-0.3576
251.9,index_price,1558436344901,open,0.09,80.0,0.042,0.128,0.085338,107.56,0.079,0,ETH-24MAY19-270-P,251.9,69.38,0.076,50.0,0.084,50.0,102.74,0.07083,-1.32471,-0.01661,0.01317,-0.75145
7932.67,index_price,1558436344908,open,0.11,20.0,0.065,0.1535,0.10935175,99.93,0.1375,0,BTC-24MAY19-8750-P,7932.67,63.32,0.104,0.2,0.1105,6.2,105.45,1.59959,-27.79299,-0.60314,0.00032,-0.8557
255.73,ETH-28JUN19,1558436344910,open,0.49,386.0,0.454,0.533,0.493783,105.87,0.321,0.0,ETH-28JUN19-130-C,251.9,0.0,0.14,49.0,0.0,0.0,0.0,0.03228,-0.04511,0.13019,0.00045,0.98439
255.73,ETH-28JUN19,1558436344910,open,0.0,9841.0,0.001,0.043,0.003126,101.83,0.005,0.0,ETH-28JUN19-140-P,251.9,85.22,0.001,676.0,0.004,284.0,106.51,0.04442,-0.05971,-0.00686,0.00064,-0.02271
261.73,ETH-27SEP19,1558436344918,open,0.39,23.0,0.328,0.438,0.383122,99.14,0.377,0.0,ETH-27SEP19-320-P,251.9,95.28,0.374,30.0,0.391,30.0,102.46,0.61977,-0.23838,-0.83332,0.00258,-0.51861
255.73,ETH-28JUN19,1558436344918,open,0.0,9820.0,0.001,0.042,0.002131,105.87,0.004,0.0,ETH-28JUN19-130-P,251.9,94.69,0.001,200.0,0.003,281.0,112.04,0.03228,-0.04511,-0.00471,0.00045,-0.01561
255.73,ETH-28JUN19,1558436344918,open,0.53,50.0,0.492,0.571,0.531999,108.1,0.547,0.0,ETH-28JUN19-120-C,251.9,0.0,0.003,10.0,0.0,0.0,0.0,0.02092,-0.02986,0.12168,0.00029,0.99054
255.73,ETH-28JUN19,1558436344918,open,0.69,0.0,0.648,0.727,0.687921,151.12,None,0.0,ETH-28JUN19-80-C,251.9,0.0,0.003,2.0,0.0,0.0,0.0,0.01033,-0.02061,0.08168,0.0001,0.99574
251.9,index_price,1558436344920,open,0.07,284.0,0.025,0.104,0.064774,105.28,0.064,0,ETH-24MAY19-240-C,251.9,95.97,0.062,83.0,0.065,50.0,106.02,0.07606,-1.3922,0.01288,0.01445,0.71383
255.73,ETH-28JUN19,1558436344929,open,0.26,2133.0,0.216,0.295,0.255726,101.83,0.243,0.0,ETH-28JUN19-200-C,251.9,92.46,0.248,7.0,0.255,40.0,100.97,0.21656,-0.29112,0.1496,0.00313,0.81947
261.73,ETH-27SEP19,1558436344929,open,0.16,328.0,0.121,0.2,0.160488,99.14,0.154,0.0,ETH-27SEP19-320-C,251.9,97.24,0.156,100.0,0.164,30.0,100.62,0.61977,-0.23838,0.29655,0.00258,0.48139
251.9,index_price,1558436344932,open,0.41,0.0,0.365,0.444,0.404529,160.0,None,0,ETH-24MAY19-150-C,251.9,0.0,0.002,9.0,0.0,0.0,0.0,9e-05,-0.00244,0.01182,1e-05,0.9999
8047.85,BTC-27SEP19,1558436344949,open,0.43,1.0,0.3745,0.4885,0.43137123,86.71,0.438,0.0,BTC-27DEC19-10000-P,7932.67,80.94,0.4135,3.6,0.442,3.6,90.15,24.91671,-4.91326,-44.88584,7e-05,-0.49449
261.73,ETH-27SEP19,1558436344967,open,0.51,81.0,0.445,0.564,0.504598,100.84,0.541,0.0,ETH-27SEP19-360-P,251.9,97.09,0.496,30.0,0.513,30.0,104.46,0.6039,-0.23625,-1.01331,0.00248,-0.59191
8047.85,BTC-27SEP19,1558436344972,open,0.19,416.7,0.149,0.2285,0.18879713,86.71,0.2,0.0,BTC-27DEC19-10000-C,7932.67,85.49,0.185,10.0,0.199,10.0,90.01,24.91671,-4.91315,15.35408,7e-05,0.50551
8002.22,BTC-28JUN19,1558436344983,open,0.19,1143.7,0.1475,0.227,0.18707585,94.85,0.1855,0.0,BTC-28JUN19-7000-C,7932.67,92.46,0.1845,15.4,0.19,14.0,97.55,8.63736,-10.81466,4.44728,0.00014,0.72265
261.73,ETH-27SEP19,1558436344984,open,0.57,31.0,0.506,0.631,0.568438,101.71,0.52,0.0,ETH-27SEP19-380-P,251.9,0.0,0.0,0.0,0.0,0.0,0.0,0.59046,-0.23299,-1.10153,0.0024,-0.62353
255.73,ETH-28JUN19,1558436344997,open,0.01,6372.0,0.001,0.049,0.009919,122.39,0.013,0.0,ETH-28JUN19-500-C,251.9,117.48,0.008,250.0,0.012,200.0,127.14,0.10612,-0.17146,0.01497,0.00128,0.06635
7932.67,index_price,1558436344988,open,0.07,20.9,0.024,0.109,0.06650396,94.43,0.0735,0,BTC-31MAY19-8000-P,7932.67,85.28,0.0605,18.0,0.0705,9.5,100.52,5.20415,-24.88116,-1.19599,0.00032,-0.49072
251.9,index_price,1558436345013,open,0.1,98.0,0.055,0.134,0.094759,105.28,0.1,0,ETH-24MAY19-230-C,251.9,96.56,0.093,78.0,0.095,50.0,106.42,0.05302,-0.97054,0.01491,0.01007,0.84614
255.73,ETH-28JUN19,1558436345016,open,0.44,0.0,0.388,0.502,0.444924,110.15,None,0.0,ETH-28JUN19-360-P,251.9,0.0,0.0,0.0,0.0,0.0,0.0,0.24123,-0.35076,-0.32617,0.00323,-0.78419
261.73,ETH-27SEP19,1558436345016,open,0.56,147.0,0.517,0.596,0.556819,96.84,0.45,0.0,ETH-27SEP19-120-C,251.9,0.0,0.037,5.0,0.0,0.0,0.0,0.16091,-0.06046,0.36316,0.00069,0.9498
261.73,ETH-27SEP19,1558436345018,open,0.18,1272.0,0.131,0.225,0.177913,96.84,0.18,0.0,ETH-27SEP19-240-P,251.9,92.71,0.169,302.0,0.183,40.0,99.2,0.56361,-0.21176,-0.4699,0.00241,-0.33057
255.73,ETH-28JUN19,1558436345028,open,0.46,335.0,0.416,0.495,0.455673,101.83,0.481,0.0,ETH-28JUN19-140-C,251.9,0.0,0.02,2.0,0.6,1.0,354.83,0.04442,-0.05971,0.13842,0.00064,0.97729
261.73,ETH-27SEP19,1558436345025,open,0.14,1684.0,0.093,0.183,0.137801,96.83,0.153,0.0,ETH-27SEP19-220-P,251.9,92.42,0.129,275.0,0.141,40.0,98.45,0.52147,-0.19591,-0.384,0.00223,-0.27775
251.9,index_price,1558436345028,open,0.02,511.0,0.001,0.053,0.013484,107.56,0.013,0,ETH-24MAY19-270-C,251.9,94.72,0.01,226.0,0.014,200.0,109.39,0.07083,-1.32471,0.00467,0.01317,0.24855
251.9,index_price,1558436345049,open,0.0,1617.0,0.001,0.042,0.00287,105.28,0.005,0,ETH-24MAY19-220-P,251.9,84.7,0.001,65.0,0.003,250.0,106.39,0.02914,-0.53347,-0.00139,0.00554,-0.06736
7932.67,index_price,1558436345070,open,0.08,9.6,0.039,0.125,0.08220255,97.08,0.091,0,BTC-24MAY19-8500-P,7932.67,75.66,0.077,0.2,0.083,0.2,100.05,2.10667,-35.55772,-0.53633,0.00044,-0.77595
255.73,ETH-28JUN19,1558436345080,open,0.01,5511.0,0.001,0.054,0.013554,101.83,0.013,0.0,ETH-28JUN19-170-P,251.9,88.83,0.008,150.0,0.012,200.0,98.49,0.12183,-0.16378,-0.02468,0.00176,-0.07945
251.9,index_price,1558436345082,open,0.04,2230.0,0.001,0.073,0.032087,101.32,0.037,0,ETH-24MAY19-250-P,251.9,83.98,0.026,108.0,0.031,150.0,98.23,0.08846,-1.55839,-0.00954,0.01746,-0.44862
251.9,index_price,1558436345101,open,0.01,140.0,0.001,0.045,0.005676,101.56,0.003,0,ETH-31MAY19-200-P,251.9,93.47,0.004,1.0,0.006,66.0,102.98,0.05656,-0.29081,-0.00526,0.00324,-0.07151
261.73,ETH-27SEP19,1558436345108,open,0.15,514.0,0.104,0.183,0.143662,99.98,0.145,0.0,ETH-27SEP19-340-C,251.9,97.99,0.139,100.0,0.147,30.0,101.4,0.6141,-0.2382,0.27662,0.00254,0.443
8047.89,BTC-27SEP19,1558436345130,open,0.69,56.4,0.654,0.7335,0.69379686,107.11,0.6975,0.0,BTC-27SEP19-2500-C,7932.55,0.0,0.0065,0.1,0.7005,2.0,128.83,1.87072,-0.77742,8.25837,1e-05,0.98442
8047.89,BTC-27SEP19,1558436345130,open,0.82,42.8,0.775,0.8545,0.81465895,122.17,0.815,0.0,BTC-27SEP19-1500-C,7932.55,0.0,0.0,0.0,0.0,0.0,0.0,0.52993,-0.25118,5.16112,0.0,0.99629
8047.89,BTC-27SEP19,1558436345131,open,0.47,289.7,0.4295,0.509,0.46907304,90.76,0.5,0.0,BTC-27SEP19-4500-C,7932.55,0.0,0.021,0.5,0.5035,3.0,122.14,7.6947,-2.70945,12.5607,4e-05,0.9111
8047.89,BTC-27SEP19,1558436345131,open,0.63,226.1,0.5945,0.674,0.63429725,100.01,0.585,0.0,BTC-27SEP19-3000-C,7932.55,0.0,0.0065,0.1,0.6505,2.0,133.09,2.80781,-1.08949,9.67744,1e-05,0.97486
8047.89,BTC-27SEP19,1558436345131,open,0.04,95.0,0.0005,0.0755,0.03578651,100.66,0.041,0.0,BTC-27SEP19-18000-C,7932.55,97.06,0.031,15.0,0.041,15.0,104.35,11.03146,-4.30824,3.17787,5e-05,0.14762
8002.09,BTC-28JUN19,1558436345132,open,0.04,251.2,0.0005,0.0815,0.04038406,94.83,0.046,0.0,BTC-28JUN19-6500-P,7932.55,90.51,0.0365,3.4,0.041,0.1,95.51,7.26708,-9.09746,-2.01547,0.00012,-0.20234
8047.89,BTC-27SEP19,1558436345130,open,0.59,4.0,0.5515,0.631,0.59103546,90.75,0.59,0.0,BTC-27DEC19-3500-C,7932.55,0.0,0.006,10.0,0.68,3.0,163.22,7.67987,-1.58492,16.79781,2e-05,0.93752
8002.09,BTC-28JUN19,1558436345132,open,0.75,20.1,0.7105,0.79,0.75010991,135.85,0.578,0.0,BTC-28JUN19-2000-C,7932.55,0.0,0.002,0.5,0.854,1.0,500.0,0.03318,-0.0595,2.07208,0.0,0.99965
7932.55,index_price,1558436345131,open,0.0,101.4,0.0005,0.04,4.05e-06,135.0,0.0005,0,BTC-31MAY19-3500-P,7932.55,0.0,0.0,0.0,0.0005,19.5,202.44,0.00387,-0.02646,-0.00017,0.0,-7e-05
8047.77,BTC-27SEP19,1558436345130,open,0.76,0.0,0.719,0.7985,0.75850732,105.55,None,0.0,BTC-27DEC19-2000-C,7932.55,0.0,0.0185,3.0,0.991,0.5,500.0,2.69547,-0.64699,10.86055,1e-05,0.98253
7932.55,index_price,1558436345130,open,0.43,20.2,0.3935,0.473,0.43300834,135.45,0.2355,0,BTC-31MAY19-4500-C,7932.55,0.0,0.0055,0.5,0.0,0.0,0.0,0.15303,-1.04939,1.20844,1e-05,0.99604
8047.77,BTC-27SEP19,1558436345129,open,0.34,1.0,0.2855,0.392,0.33860826,85.62,0.3375,0.0,BTC-27DEC19-9000-P,7932.55,80.84,0.324,3.6,0.35,3.6,89.35,24.58615,-4.78668,-37.4986,7e-05,-0.43488
7932.55,index_price,1558436345131,open,0.11,163.5,0.072,0.1515,0.11191702,94.45,0.112,0,BTC-31MAY19-7250-C,7932.55,91.76,0.1105,6.0,0.1165,3.3,103.0,4.19553,-20.06323,1.35737,0.00026,0.74434
8047.77,BTC-27SEP19,1558436345130,open,0.82,0.0,0.7775,0.857,0.81710825,111.76,None,0.0,BTC-27DEC19-1500-C,7932.55,0.0,0.0245,10.0,0.992,0.5,500.0,1.50099,-0.38146,8.43587,0.0,0.99112
7932.55,index_price,1558436345130,open,0.4,42.8,0.362,0.4415,0.4018186,135.23,0.251,0,BTC-31MAY19-4750-C,7932.55,0.0,0.0035,1.1,0.0,0.0,0.0,0.28073,-1.92208,1.26706,1e-05,0.99217
7932.55,index_price,1558436345130,open,0.0,100.7,0.0005,0.04,1.455e-05,135.0,0.0005,0,BTC-31MAY19-3750-P,7932.55,0.0,0.0,0.0,0.0005,16.3,186.5,0.012,-0.082,-0.00056,0.0,-0.00025
7932.55,index_price,1558436345130,open,0.03,117.0,0.0005,0.0665,0.02585899,94.43,0.026,0,BTC-31MAY19-7250-P,7932.55,86.05,0.0215,24.0,0.0255,3.3,93.75,4.19515,-20.05586,-0.60412,0.00026,-0.25561
7932.55,index_price,1558436345130,open,0.02,142.9,0.0005,0.0535,0.01391077,103.73,0.0175,0,BTC-31MAY19-9500-C,7932.55,94.96,0.0105,19.1,0.015,3.4,106.35,3.24708,-17.05217,0.32565,0.00018,0.16564
8047.77,BTC-27SEP19,1558436345131,open,0.0,122.6,0.0005,0.0435,0.003493,111.75,0.0025,0.0,BTC-27DEC19-1500-P,7932.55,93.02,0.001,10.0,0.0055,10.0,121.11,1.5004,-0.38127,-0.59981,0.0,-0.00888
261.73,ETH-27SEP19,1558436345129,open,0.22,1132.0,0.174,0.271,0.222398,96.83,0.23,0.0,ETH-27SEP19-260-P,251.9,93.58,0.215,290.0,0.229,40.0,99.76,0.59328,-0.22288,-0.55888,0.00253,-0.38239
8047.77,BTC-27SEP19,1558436345130,open,0.53,12.9,0.4675,0.5895,0.52838083,87.25,0.605,0.0,BTC-27DEC19-11000-P,7932.55,81.08,0.5095,3.6,0.5395,3.6,90.86,24.73132,-4.90665,-52.22684,7e-05,-0.54891
7932.55,index_price,1558436345131,open,0.0,390.1,0.0005,0.04,0.00011884,135.0,0.0005,0,BTC-31MAY19-4250-P,7932.55,0.0,0.0,0.0,0.001,17.0,172.3,0.07298,-0.49882,-0.00399,0.0,-0.00174
7932.55,index_price,1558436345132,open,0.0,105.5,0.0005,0.042,0.00210284,113.02,0.0015,0,BTC-24MAY19-6750-P,7932.55,87.73,0.0005,25.2,0.0025,4.0,117.26,0.70903,-13.93332,-0.03164,0.00013,-0.04853
261.73,ETH-27SEP19,1558436345141,open,0.44,31.0,0.386,0.5,0.442711,99.98,0.476,0.0,ETH-27SEP19-340-P,251.83,96.26,0.434,30.0,0.451,30.0,103.5,0.6141,-0.2382,-0.92386,0.00254,-0.557
255.73,ETH-28JUN19,1558436345141,open,0.19,60.0,0.143,0.237,0.190338,102.84,0.21,0.0,ETH-28JUN19-280-P,251.83,96.31,0.182,180.0,0.194,120.0,105.71,0.32673,-0.44359,-0.19461,0.00468,-0.54301
255.73,ETH-28JUN19,1558436345141,open,0.02,5195.0,0.001,0.06,0.019838,101.83,0.018,0.0,ETH-28JUN19-180-P,251.83,89.53,0.013,150.0,0.018,200.0,98.71,0.15338,-0.20619,-0.03406,0.00222,-0.1085
255.73,ETH-28JUN19,1558436345142,open,0.1,1558.0,0.056,0.135,0.095433,102.84,0.097,0.0,ETH-28JUN19-280-C,251.83,101.72,0.094,71.0,0.1,238.0,106.42,0.32673,-0.44359,0.09594,0.00468,0.45699
261.73,ETH-27SEP19,1558436345142,open,0.63,0.0,0.585,0.664,0.624676,96.84,None,0.0,ETH-27SEP19-100-C,251.83,0.0,0.003,10.0,0.0,0.0,0.0,0.09093,-0.03416,0.32373,0.00039,0.97499
255.73,ETH-28JUN19,1558436345142,open,0.01,7228.0,0.001,0.045,0.005432,101.83,0.008,0.0,ETH-28JUN19-150-P,251.83,90.88,0.003,150.0,0.006,280.0,103.97,0.06618,-0.08896,-0.01118,0.00096,-0.0367
261.73,ETH-27SEP19,1558436345142,open,0.77,0.0,0.699,0.839,0.768912,104.34,None,0.0,ETH-27SEP19-440-P,251.83,0.0,0.0,0.0,0.0,0.0,0.0,0.53975,-0.21849,-1.35857,0.00214,-0.7012
261.73,ETH-27SEP19,1558436345142,open,0.77,0.0,0.733,0.812,0.772219,112.31,0.01,0.0,ETH-27SEP19-60-C,251.83,0.0,0.003,10.0,0.0,0.0,0.0,0.02459,-0.01071,0.20539,9e-05,0.99447
251.83,index_price,1558436345141,open,0.29,100.0,0.247,0.326,0.286951,108.23,0.256,0,ETH-31MAY19-180-C,251.83,0.0,0.001,1.0,0.0,0.0,0.0,0.02349,-0.12874,0.04694,0.00127,0.97588
251.83,index_price,1558436345142,open,0.06,91.0,0.014,0.093,0.053372,102.66,0.062,0,ETH-31MAY19-260-C,251.83,99.02,0.051,68.0,0.059,186.0,111.27,0.16435,-0.85423,0.02759,0.00933,0.45833
8047.77,BTC-27SEP19,1558436345148,open,0.03,122.6,0.0005,0.069,0.0282272,90.76,0.025,0.0,BTC-27SEP19-4500-P,7932.55,87.31,0.025,15.0,0.032,19.6,94.62,7.69483,-2.70948,-3.32818,4e-05,-0.0889
251.83,index_price,1558436345141,open,0.03,56.0,0.001,0.063,0.023358,108.53,0.022,0,ETH-31MAY19-290-C,251.83,101.85,0.02,136.0,0.026,74.0,113.6,0.12923,-0.71006,0.01487,0.00694,0.24156
8047.89,BTC-27SEP19,1558436345161,open,1.28,1.0,1.182,1.363,1.27239788,100.66,1.5815,0.0,BTC-27SEP19-18000-P,7932.55,0.0,0.0065,0.1,2.036,0.3,500.0,11.03151,-4.30826,-60.37725,5e-05,-0.85238
261.73,ETH-27SEP19,1558436345162,open,0.14,1684.0,0.093,0.183,0.137801,96.84,0.153,0.0,ETH-27SEP19-220-P,251.83,92.42,0.129,315.0,0.141,40.0,98.45,0.52147,-0.19592,-0.38402,0.00223,-0.27775
261.73,ETH-27SEP19,1558436345171,open,0.22,1132.0,0.174,0.271,0.222398,96.84,0.23,0.0,ETH-27SEP19-260-P,251.83,93.58,0.215,291.0,0.229,40.0,99.76,0.59328,-0.2229,-0.55889,0.00253,-0.38238
261.73,ETH-27SEP19,1558436345174,open,0.33,36.0,0.274,0.379,0.326261,98.34,0.327,0.0,ETH-27SEP19-300-P,251.83,94.85,0.318,30.0,0.334,30.0,101.62,0.61938,-0.23632,-0.74196,0.0026,-0.47662
8047.77,BTC-27SEP19,1558436345191,open,0.16,281.7,0.122,0.2015,0.16155615,87.25,0.166,0.0,BTC-27DEC19-11000-C,7932.55,86.26,0.1585,10.0,0.1725,10.0,90.81,24.73144,-4.90693,14.03719,7e-05,0.4511
7932.55,index_price,1558436345193,open,0.0,276.1,0.0005,0.0405,0.00080007,131.92,0.001,0,BTC-24MAY19-6250-P,7932.55,123.15,0.0005,1.0,0.001,14.1,136.63,0.31332,-6.34663,-0.01182,5e-05,-0.01811
7932.55,index_price,1558436345195,open,0.0,308.5,0.0005,0.0405,0.00060816,134.98,0.001,0,BTC-31MAY19-4750-P,7932.55,0.0,0.0,0.0,0.0015,15.3,153.25,0.2779,-1.89912,-0.01792,1e-05,-0.00774
7932.55,index_price,1558436345207,open,0.04,742.6,0.0005,0.077,0.0372269,98.73,0.0395,0,BTC-31MAY19-8500-C,7932.55,93.49,0.034,24.0,0.039,3.3,101.59,4.90603,-24.52416,0.70422,0.00029,0.36534
261.73,ETH-27SEP19,1558436345207,open,0.28,2.0,0.222,0.323,0.272773,97.68,0.737,0.0,ETH-27SEP19-280-P,251.83,93.93,0.264,90.0,0.28,30.0,100.78,0.61113,-0.2316,-0.65033,0.00259,-0.43095
7932.55,index_price,1558436345221,open,0.0,565.7,0.0005,0.0405,0.00093552,130.13,0.002,0,BTC-31MAY19-5000-P,7932.55,0.0,0.0,0.0,0.0015,13.3,139.61,0.40193,-2.64803,-0.02735,2e-05,-0.01181
251.83,index_price,1558436345218,open,0.19,50.0,0.146,0.241,0.193456,117.33,0.23,0,ETH-24MAY19-300-P,251.83,0.0,0.185,50.0,0.193,50.0,112.15,0.02367,-0.48294,-0.02265,0.00404,-0.9483
251.83,index_price,1558436345227,open,0.05,15.0,0.003,0.085,0.044076,101.38,0.06,0,ETH-31MAY19-240-P,251.83,84.8,0.034,118.0,0.045,118.0,102.89,0.15421,-0.79153,-0.02719,0.00887,-0.35498
7932.55,index_price,1558436345235,open,0.07,132.8,0.0275,0.107,0.0670542,95.38,0.0715,0,BTC-24MAY19-7500-C,7932.55,96.99,0.0675,0.2,0.069,3.0,102.32,2.19148,-36.34431,0.43275,0.00046,0.75948
7932.55,index_price,1558436345245,open,0.01,327.5,0.0005,0.0505,0.01068439,97.09,0.0105,0,BTC-24MAY19-8500-C,7932.55,88.61,0.0085,27.8,0.01,45.9,94.49,2.10653,-35.55975,0.13334,0.00044,0.22403
251.83,index_price,1558436345237,open,0.07,284.0,0.025,0.104,0.064774,105.87,0.064,0,ETH-24MAY19-240-C,251.83,96.6,0.062,83.0,0.064,50.0,103.31,0.07628,-1.40411,0.01284,0.01442,0.71192
7932.55,index_price,1558436345259,open,0.01,316.6,0.0005,0.0475,0.00756888,97.92,0.005,0,BTC-31MAY19-6500-P,7932.55,89.9,0.0055,50.0,0.009,2.9,102.92,2.18664,-10.84088,-0.2178,0.00013,-0.09391
7932.55,index_price,1558436345263,open,0.0,491.3,0.0005,0.0435,0.00362396,106.76,0.003,0,BTC-31MAY19-6000-P,7932.55,94.99,0.002,20.0,0.005,33.5,114.61,1.27406,-6.8865,-0.108,7e-05,-0.04669
7932.55,index_price,1558436345265,open,0.01,165.0,0.0005,0.0465,0.0063546,97.35,0.005,0,BTC-24MAY19-7250-P,7932.55,90.16,0.005,0.2,0.007,3.2,100.57,1.56016,-26.40726,-0.09089,0.00032,-0.13908
7932.55,index_price,1558436345266,open,0.0,939.5,0.0005,0.0415,0.00156497,127.42,0.001,0,BTC-31MAY19-5250-P,7932.55,108.21,0.0005,11.5,0.0025,43.8,137.95,0.6059,-3.90892,-0.04422,3e-05,-0.01904
7932.55,index_price,1558436345268,open,0.0,225.0,0.0005,0.0415,0.00150457,114.09,0.0035,0,BTC-31MAY19-5500-P,7932.55,0.0,0.0,0.0,0.0025,12.7,124.53,0.64284,-3.71334,-0.04704,3e-05,-0.02041
251.83,index_price,1558436345262,open,0.19,50.0,0.146,0.241,0.193456,117.33,0.23,0,ETH-24MAY19-300-P,251.83,0.0,0.186,50.0,0.193,50.0,112.15,0.02367,-0.48294,-0.02265,0.00404,-0.9483
7932.55,index_price,1558436345271,open,0.01,130.6,0.0005,0.051,0.01105204,94.44,0.0105,0,BTC-31MAY19-6750-P,7932.55,89.9,0.0095,30.0,0.012,4.8,97.09,2.78987,-13.33934,-0.30708,0.00017,-0.13202
251.83,index_price,1558436345272,open,0.12,2.0,0.074,0.163,0.118568,107.3,0.17,0,ETH-24MAY19-280-P,251.83,0.0,0.111,50.0,0.118,50.0,104.42,0.05054,-0.94289,-0.01935,0.00943,-0.85672
255.66,ETH-28JUN19,1558436345299,open,0.26,2133.0,0.216,0.295,0.255726,102.01,0.243,0.0,ETH-28JUN19-200-C,251.83,92.66,0.248,7.0,0.254,40.0,99.97,0.21687,-0.29206,0.14943,0.00313,0.81898
251.83,index_price,1558436345318,open,0.14,0.0,0.097,0.188,0.142685,106.5,None,0,ETH-31MAY19-280-P,251.83,75.19,0.126,150.0,0.142,150.0,105.3,0.14453,-0.77927,-0.05726,0.00791,-0.69767
7932.55,index_price,1558436345319,open,0.0,100.7,0.0005,0.04,1.455e-05,135.0,0.0005,0,BTC-31MAY19-3750-P,7932.55,0.0,0.0,0.0,0.0005,10.0,186.5,0.012,-0.082,-0.00056,0.0,-0.00025
251.83,index_price,1558436345325,open,0.18,0.0,0.128,0.221,0.174609,107.9,None,0,ETH-31MAY19-290-P,251.83,69.58,0.158,50.0,0.173,50.0,104.73,0.12877,-0.70345,-0.06368,0.00695,-0.76003
7932.55,index_price,1558436345337,open,0.05,16.7,0.006,0.0855,0.04571643,95.33,0.0425,0,BTC-31MAY19-8250-C,7932.55,89.57,0.042,12.5,0.0485,3.1,99.63,5.1292,-24.75652,0.82862,0.00032,0.43179
7932.55,index_price,1558436345355,open,0.01,187.5,0.0005,0.046,0.00632068,99.95,0.012,0,BTC-24MAY19-8750-C,7932.55,90.33,0.0045,30.2,0.0075,3.3,105.61,1.5997,-27.80112,0.08624,0.00032,0.14431
251.83,index_price,1558436345347,open,0.23,100.0,0.184,0.281,0.232296,116.97,0.223,0,ETH-24MAY19-310-P,251.83,0.0,0.224,50.0,0.232,50.0,117.68,0.01333,-0.27112,-0.02393,0.00228,-0.97439
7932.55,index_price,1558436345368,open,0.01,187.5,0.0005,0.046,0.00632068,99.95,0.012,0,BTC-24MAY19-8750-C,7932.55,90.33,0.0045,30.2,0.0075,3.4,105.61,1.5997,-27.80112,0.08624,0.00032,0.14431
251.83,index_price,1558436345362,open,0.23,100.0,0.184,0.281,0.232296,116.97,0.223,0,ETH-24MAY19-310-P,251.83,0.0,0.225,50.0,0.232,50.0,117.68,0.01333,-0.27112,-0.02393,0.00228,-0.97439
7932.55,index_price,1558436345377,open,0.0,582.1,0.0005,0.04,0.00034857,134.99,0.0005,0,BTC-24MAY19-6000-P,7932.55,0.0,0.0,0.0,0.001,18.1,156.58,0.16144,-2.76506,-0.00548,2e-05,-0.00842
255.73,ETH-28JUN19,1558436345377,open,0.04,1858.0,0.001,0.077,0.037189,110.15,0.043,0.0,ETH-28JUN19-360-C,251.83,106.72,0.034,202.0,0.039,160.0,112.05,0.24123,-0.35076,0.0474,0.00323,0.21581
7932.55,index_price,1558436345385,open,0.03,461.7,0.0005,0.068,0.02841218,91.38,0.0265,0,BTC-24MAY19-8000-C,7932.55,88.8,0.0275,0.2,0.031,3.5,98.7,2.80326,-44.53898,0.27883,0.00062,0.47455
7932.55,index_price,1558436345387,open,0.0,105.5,0.0005,0.042,0.00210284,113.02,0.0015,0,BTC-24MAY19-6750-P,7932.55,87.73,0.0005,25.2,0.0025,3.9,117.26,0.70903,-13.93332,-0.03164,0.00013,-0.04853
255.66,ETH-28JUN19,1558436345384,open,0.16,1344.0,0.12,0.199,0.159234,101.94,0.162,0.0,ETH-28JUN19-240-C,251.83,96.66,0.153,67.0,0.16,120.0,102.47,0.30831,-0.4149,0.12733,0.00446,0.63933
7932.55,index_price,1558436345389,open,0.0,357.3,0.0005,0.041,0.00109549,106.1,0.0025,0,BTC-24MAY19-9500-C,7932.55,94.06,0.0005,5.0,0.0015,65.4,112.02,0.49106,-8.69002,0.01863,9e-05,0.03091
8002.09,BTC-28JUN19,1558436345421,open,0.0,857.0,0.0005,0.0405,0.00094716,132.57,0.001,0.0,BTC-28JUN19-3000-P,7932.55,0.0,0.0,0.0,0.0015,5.5,141.12,0.43969,-0.7695,-0.05787,0.0,-0.00602
7932.55,index_price,1558436345423,open,0.09,71.8,0.0525,0.132,0.09241264,97.42,0.094,0,BTC-24MAY19-7250-C,7932.55,92.65,0.0915,3.6,0.0955,3.0,112.03,1.56138,-26.44695,0.4802,0.00032,0.86076
8047.82,BTC-27SEP19,1558436345533,open,2.03,0.0,1.91,2.152,2.03099938,101.62,None,0.0,BTC-27DEC19-24000-P,7932.55,0.0,0.008,1.0,2.894,0.2,499.49,15.24971,-3.52391,-139.14554,4e-05,-0.83916
8002.09,BTC-28JUN19,1558436345595,open,0.15,176.0,0.112,0.1915,0.15157521,94.83,0.156,0.0,BTC-28JUN19-7500-C,7932.55,90.19,0.146,3.5,0.154,9.9,96.85,9.62143,-12.0448,4.0756,0.00015,0.64239
7932.55,index_price,1558436345603,open,0.53,0.0,0.4875,0.567,0.52728595,138.99,None,0,BTC-31MAY19-3750-C,7932.55,0.0,0.0065,0.5,0.0,0.0,0.0,0.01656,-0.11655,1.01383,0.0,0.99965
8002.09,BTC-28JUN19,1558436345619,open,0.33,144.0,0.2875,0.367,0.32730083,97.4,0.3335,0.0,BTC-28JUN19-5500-C,7932.55,87.31,0.3225,5.3,0.3315,3.4,105.14,4.12357,-5.30209,4.85349,6e-05,0.9118
8002.09,BTC-28JUN19,1558436345631,open,0.12,739.2,0.082,0.1615,0.1215119,94.83,0.128,0.0,BTC-28JUN19-8000-C,7932.55,92.07,0.118,3.5,0.1225,2.2,95.61,10.16306,-12.72285,3.64967,0.00016,0.56104
8002.09,BTC-28JUN19,1558436345638,open,0.08,483.0,0.0385,0.118,0.07843958,96.81,0.078,0.0,BTC-28JUN19-9000-C,7932.55,94.87,0.076,1.0,0.0805,14.2,98.46,10.0358,-12.82635,2.77467,0.00016,0.41259
251.83,index_price,1558436346091,open,0.03,1067.0,0.001,0.064,0.024055,106.22,0.027,0,ETH-24MAY19-260-C,251.83,96.87,0.021,66.0,0.025,200.0,108.7,0.08547,-1.57838,0.00717,0.0161,0.38533
8047.82,BTC-27SEP19,1558436346129,open,1.76,0.0,1.648,1.868,1.75814436,106.91,None,0.0,BTC-27SEP19-22000-P,7932.37,0.0,0.006,10.0,2.515,0.2,500.0,8.56748,-3.55369,-75.45103,4e-05,-0.89713
8047.82,BTC-27SEP19,1558436346129,open,0.03,22.1,0.0005,0.0645,0.02450859,106.93,0.0285,0.0,BTC-27SEP19-22000-C,7932.37,102.99,0.0205,15.0,0.029,21.0,110.97,8.57179,-3.55622,2.22882,4e-05,0.10295
8047.82,BTC-27SEP19,1558436346130,open,0.01,42.8,0.0005,0.054,0.01387087,92.76,0.027,0.0,BTC-27SEP19-3750-P,7932.37,86.75,0.0105,15.0,0.0175,19.5,98.53,4.80219,-1.7283,-1.76825,2e-05,-0.04836
8047.82,BTC-27SEP19,1558436346130,open,0.48,3.2,0.4175,0.535,0.47627987,91.47,0.481,0.0,BTC-27SEP19-11000-P,7932.37,0.0,0.0065,0.1,1.207,0.3,500.0,18.22079,-6.46612,-31.12655,9e-05,-0.61912
8047.82,BTC-27SEP19,1558436346130,open,0.01,615.6,0.0005,0.047,0.00706687,100.02,0.0135,0.0,BTC-27SEP19-3000-P,7932.37,95.22,0.0055,15.0,0.0085,4.6,103.92,2.80804,-1.08961,-0.91519,1e-05,-0.02514
8001.88,BTC-28JUN19,1558436346130,open,0.0,680.4,0.0005,0.04,0.00027383,135.0,0.0005,0.0,BTC-28JUN19-2500-P,7932.37,0.0,0.0,0.0,0.001,6.7,156.85,0.15673,-0.27932,-0.01813,0.0,-0.00191
8001.88,BTC-28JUN19,1558436346130,open,0.0,521.2,0.0005,0.044,0.00396973,120.35,0.004,0.0,BTC-28JUN19-4000-P,7932.37,117.64,0.0035,3.0,0.004,23.6,120.51,1.44134,-2.28987,-0.2299,2e-05,-0.02372
8001.88,BTC-28JUN19,1558436346130,open,0.06,99.5,0.0195,0.104,0.06182658,94.83,0.061,0.0,BTC-28JUN19-7000-P,7932.37,90.8,0.0575,3.3,0.0635,14.6,96.38,8.6374,-10.81251,-2.8166,0.00014,-0.27738
7932.37,index_price,1558436346130,open,0.09,271.4,0.0515,0.131,0.09135545,94.46,0.093,0,BTC-31MAY19-7500-C,7932.37,90.49,0.089,18.0,0.0945,3.2,99.71,4.72836,-22.61211,1.24076,0.00029,0.66946
8001.88,BTC-28JUN19,1558436346131,open,0.41,5.7,0.352,0.4645,0.40819371,101.71,1.142,0.0,BTC-28JUN19-11000-P,7932.37,0.0,0.0,0.0,0.886,1.0,500.0,7.42312,-9.96727,-9.95146,0.00011,-0.79028
8047.82,BTC-27SEP19,1558436346131,open,0.81,0.0,0.7315,0.875,0.80326574,95.5,None,0.0,BTC-27SEP19-14000-P,7932.37,0.0,0.0065,0.1,1.56,0.3,499.59,15.01591,-5.56336,-44.29386,7e-05,-0.75552
8047.64,BTC-27SEP19,1558436346131,open,0.17,361.9,0.127,0.2065,0.16696485,89.19,0.164,0.0,BTC-27SEP19-9000-C,7932.37,86.67,0.161,5.0,0.175,11.8,92.59,19.0496,-6.59169,10.07437,9e-05,0.52151
8047.64,BTC-27SEP19,1558436346131,open,0.08,188.1,0.036,0.1155,0.07586848,94.39,0.0725,0.0,BTC-27SEP19-13000-C,7932.37,91.44,0.07,13.9,0.082,13.9,97.41,16.17412,-5.92302,5.8793,7e-05,0.28278
8047.64,BTC-27SEP19,1558436346132,open,0.92,0.0,0.8395,0.9925,0.91596367,95.5,None,0.0,BTC-27SEP19-15000-P,7932.37,0.0,0.0065,0.1,1.6785,0.3,499.54,13.70264,-5.07705,-48.53287,6e-05,-0.79204
8001.88,BTC-28JUN19,1558436346132,open,0.41,97.0,0.3725,0.452,0.41248502,102.33,0.1965,0.0,BTC-28JUN19-4750-C,7932.37,0.0,0.121,1.0,0.684,2.0,500.0,2.23594,-3.02052,4.54357,3e-05,0.95967
8047.64,BTC-27SEP19,1558436346132,open,0.05,36.2,0.0125,0.092,0.05209428,95.52,0.0605,0.0,BTC-27SEP19-15000-C,7932.37,93.38,0.0485,14.6,0.055,0.2,97.21,13.70558,-5.07911,4.43101,6e-05,0.20803
8001.88,BTC-28JUN19,1558436346132,open,0.02,393.4,0.0005,0.055,0.01462116,97.4,0.014,0.0,BTC-28JUN19-5500-P,7932.37,92.1,0.012,44.0,0.0165,44.0,100.95,4.1236,-5.30184,-0.85382,6e-05,-0.08821
8001.88,BTC-28JUN19,1558436346132,open,0.01,423.4,0.0005,0.05,0.01016471,117.19,0.011,0.0,BTC-28JUN19-15000-C,7932.37,111.85,0.008,20.0,0.012,44.0,121.24,3.46108,-5.35445,0.49686,4e-05,0.07
8047.64,BTC-27SEP19,1558436346131,open,1.55,0.0,1.4475,1.651,1.54915081,97.75,None,0.0,BTC-27DEC19-20000-P,7932.37,0.0,0.006,5.0,2.4045,0.2,500.0,17.79607,-3.95592,-113.59541,5e-05,-0.79404
8047.64,BTC-27SEP19,1558436346130,open,0.34,63.9,0.3035,0.383,0.3432866,85.74,0.3025,0.0,BTC-27DEC19-6500-C,7932.37,78.42,0.325,5.0,0.9825,2.0,500.0,20.12498,-3.92372,19.39414,6e-05,0.74334
8047.64,BTC-27SEP19,1558436346132,open,0.49,6.6,0.454,0.5335,0.4939485,87.33,0.498,0.0,BTC-27DEC19-4500-C,7932.37,0.0,0.26,1.4,0.6865,0.1,202.37,12.18013,-2.41898,18.92133,4e-05,0.88425
8047.64,BTC-27SEP19,1558436346135,open,0.37,231.1,0.3365,0.416,0.37625321,89.32,0.38,0.0,BTC-27SEP19-5500-C,7932.37,83.24,0.3675,4.7,0.383,4.6,93.88,11.7731,-4.07983,13.09439,6e-05,0.83708
8047.64,BTC-27SEP19,1558436346135,open,0.01,374.8,0.0005,0.0505,0.01042051,93.39,0.0155,0.0,BTC-27SEP19-3500-P,7932.37,86.9,0.0075,15.0,0.0135,4.3,99.3,3.92769,-1.42307,-1.36765,2e-05,-0.03771
8047.64,BTC-27SEP19,1558436346130,open,0.7,0.0,0.6605,0.74,0.70005015,97.74,None,0.0,BTC-27DEC19-2500-C,7932.37,0.0,0.0185,3.0,0.9895,0.5,500.0,3.94173,-0.87609,13.21277,1e-05,0.9726
8047.64,BTC-27SEP19,1558436346130,open,0.08,49.0,0.0355,0.115,0.07524112,95.69,0.0865,0.0,BTC-27DEC19-18000-C,7932.37,92.63,0.068,10.0,0.082,10.0,98.47,19.33285,-4.20705,7.89468,5e-05,0.23809
8047.64,BTC-27SEP19,1558436346132,open,0.97,0.0,0.889,1.0455,0.96730018,93.57,None,0.0,BTC-27DEC19-15000-P,7932.37,0.0,0.006,10.0,1.7935,0.2,500.0,22.05255,-4.69212,-80.31806,6e-05,-0.68946
8047.64,BTC-27SEP19,1558436346131,open,0.01,89.9,0.0005,0.047,0.00702051,105.54,0.01,0.0,BTC-27DEC19-2000-P,7932.37,97.08,0.0045,10.1,0.009,10.0,111.07,2.69487,-0.64679,-1.18707,1e-05,-0.01747
7932.37,index_price,1558436346131,open,0.21,3.7,0.173,0.2525,0.21290742,132.37,0.14,0,BTC-24MAY19-6250-C,7932.37,0.0,0.005,2.5,0.2365,0.1,302.82,0.31783,-7.31481,0.48039,5e-05,0.98158
8047.64,BTC-27SEP19,1558436346130,open,0.74,0.0,0.6735,0.8125,0.74319926,90.82,None,0.0,BTC-27DEC19-13000-P,7932.37,0.0,0.008,3.0,1.5495,0.3,500.0,23.6144,-4.87709,-66.49835,7e-05,-0.6285
7932.37,index_price,1558436346129,open,0.16,22.0,0.1115,0.204,0.15770624,101.67,0.199,0,BTC-31MAY19-9000-P,7932.37,85.13,0.1495,6.0,0.158,6.0,102.23,4.15482,-21.38666,-1.94607,0.00024,-0.74903
7932.37,index_price,1558436346131,open,0.0,125.8,0.0005,0.0425,0.00242968,110.99,0.002,0,BTC-31MAY19-5750-P,7932.37,95.58,0.001,20.1,0.0035,14.5,119.15,0.93381,-5.2472,-0.07365,5e-05,-0.03189
7932.37,index_price,1558436346131,open,0.37,0.0,0.33,0.4095,0.36968696,158.75,None,0,BTC-24MAY19-5000-C,7932.37,0.0,0.0045,0.2,0.39,0.1,457.74,0.01042,-0.28755,0.39366,0.0,0.99959
8047.64,BTC-27SEP19,1558436346134,open,0.31,57.2,0.274,0.3535,0.31359712,85.62,0.301,0.0,BTC-27DEC19-7000-C,7932.37,82.97,0.3065,5.0,0.3295,3.6,91.58,21.51281,-4.1886,19.03005,6e-05,0.70614
251.83,index_price,1558436346127,open,0.02,195.0,0.001,0.059,0.018439,101.43,0.023,0,ETH-31MAY19-220-P,251.83,86.08,0.012,202.0,0.018,69.0,100.56,0.11088,-0.56942,-0.01392,0.00637,-0.18584
8047.64,BTC-27SEP19,1558436346131,open,0.85,0.0,0.7795,0.927,0.85314747,91.86,None,0.0,BTC-27DEC19-14000-P,7932.37,0.0,0.008,3.0,1.6715,0.2,500.0,22.81408,-4.76578,-73.49069,6e-05,-0.66278
7932.37,index_price,1558436346132,open,0.0,147.8,0.0005,0.042,0.00210445,105.24,0.002,0,BTC-24MAY19-9250-C,7932.37,91.67,0.001,30.2,0.0025,3.4,109.06,0.78297,-14.32655,0.03304,0.00015,0.05498
8047.64,BTC-27SEP19,1558436346134,open,0.15,86.9,0.1055,0.185,0.1452942,89.84,0.1455,0.0,BTC-27DEC19-12000-C,7932.37,87.25,0.1375,10.0,0.152,10.0,92.06,24.29938,-4.96441,12.89365,7e-05,0.41126
8047.64,BTC-27SEP19,1558436346149,open,1.28,1.0,1.182,1.363,1.27239794,100.61,1.5815,0.0,BTC-27SEP19-18000-P,7932.37,0.0,0.0065,0.1,2.0365,0.3,500.0,11.02147,-4.30229,-60.38087,5e-05,-0.85257
7932.37,index_price,1558436346167,open,0.37,80.9,0.331,0.4105,0.37062134,130.41,0.4,0,BTC-31MAY19-5000-C,7932.37,155.29,0.3725,12.5,0.391,10.0,250.71,0.40601,-2.68064,1.32515,2e-05,0.98805
251.83,index_price,1558436346165,open,0.04,535.0,0.001,0.079,0.039487,101.73,0.044,0,ETH-24MAY19-250-C,251.83,97.09,0.038,79.0,0.041,150.0,105.63,0.08847,-1.56482,0.01013,0.01741,0.5501
255.66,ETH-28JUN19,1558436346170,open,0.08,2397.0,0.035,0.114,0.074462,104.59,0.074,0.0,ETH-28JUN19-300-C,251.83,100.87,0.07,255.0,0.079,345.0,108.21,0.3135,-0.43285,0.08096,0.00442,0.37971
251.83,index_price,1558436346177,open,0.01,603.0,0.001,0.051,0.010708,101.56,0.011,0,ETH-31MAY19-210-P,251.83,85.72,0.006,150.0,0.011,335.0,102.44,0.08326,-0.42813,-0.00896,0.00478,-0.12082
251.83,index_price,1558436346177,open,0.1,98.0,0.055,0.134,0.09455,106.26,0.1,0,ETH-24MAY19-230-C,251.83,97.66,0.093,77.0,0.095,50.0,107.39,0.05363,-0.99079,0.01485,0.0101,0.8434
8001.88,BTC-28JUN19,1558436346190,open,0.47,10.5,0.4335,0.513,0.4733258,113.44,0.428,0.0,BTC-28JUN19-4250-C,7932.37,0.0,0.0325,3.0,0.704,3.0,500.0,1.64581,-2.46458,4.14247,2e-05,0.97221
255.66,ETH-28JUN19,1558436346187,open,0.03,1946.0,0.001,0.064,0.024298,113.77,0.023,0.0,ETH-28JUN19-400-C,251.83,110.59,0.022,209.0,0.026,200.0,115.96,0.19168,-0.28788,0.03323,0.00248,0.14961
7932.37,index_price,1558436346196,open,0.25,503.2,0.2075,0.287,0.24724748,106.86,0.275,0,BTC-31MAY19-6000-C,7932.37,0.0,0.085,3.0,0.2745,3.0,199.0,1.27744,-6.9115,1.51504,7e-05,0.95315
7932.37,index_price,1558436346198,open,0.28,8.1,0.2355,0.315,0.27525181,136.9,0.2925,0,BTC-24MAY19-5750-C,7932.37,0.0,0.0035,0.7,0.2975,0.1,361.05,0.0717,-1.70661,0.45083,1e-05,0.99662
255.66,ETH-28JUN19,1558436346204,open,0.06,3170.0,0.022,0.106,0.063805,101.75,0.072,0.0,ETH-28JUN19-220-P,251.83,95.37,0.057,65.0,0.062,160.0,100.13,0.27073,-0.36364,-0.08771,0.00392,-0.2669
255.66,ETH-28JUN19,1558436346208,open,0.14,1782.0,0.095,0.185,0.140047,101.7,0.133,0.0,ETH-28JUN19-260-P,251.83,100.23,0.138,67.0,0.142,120.0,103.36,0.32648,-0.43834,-0.15788,0.00473,-0.45524
8001.88,BTC-28JUN19,1558436346212,open,0.23,509.4,0.1885,0.268,0.22809609,94.85,0.2245,0.0,BTC-28JUN19-6500-C,7932.37,90.29,0.224,3.1,0.2345,3.3,101.79,7.26796,-9.10012,4.72898,0.00012,0.79761
8001.88,BTC-28JUN19,1558436346214,open,0.23,509.4,0.1885,0.268,0.22809609,94.85,0.2245,0.0,BTC-28JUN19-6500-C,7932.37,90.29,0.224,3.1,0.2345,3.4,101.79,7.26796,-9.10012,4.72898,0.00012,0.79761
8047.64,BTC-27SEP19,1558436346224,open,0.37,231.1,0.3365,0.416,0.37625321,89.32,0.38,0.0,BTC-27SEP19-5500-C,7932.37,83.24,0.3675,4.7,0.383,4.7,93.88,11.7731,-4.07983,13.09439,6e-05,0.83708
8001.88,BTC-28JUN19,1558436346246,open,0.02,432.8,0.0005,0.063,0.02335286,105.32,0.023,0.0,BTC-28JUN19-12000-C,7932.37,102.16,0.021,3.2,0.025,19.8,107.46,6.08294,-8.45766,1.0744,9e-05,0.15274
8047.64,BTC-27SEP19,1558436346249,open,0.09,526.0,0.0505,0.13,0.09005572,92.69,0.086,0.0,BTC-27SEP19-12000-C,7932.37,89.37,0.083,13.5,0.0975,13.5,96.14,17.2401,-6.19959,6.71414,8e-05,0.32634
7932.37,index_price,1558436346258,open,0.04,742.6,0.0005,0.077,0.03722173,98.74,0.0395,0,BTC-31MAY19-8500-C,7932.37,93.5,0.034,24.0,0.039,3.4,101.6,4.90571,-24.5235,0.70412,0.00029,0.36529
8001.88,BTC-28JUN19,1558436346260,open,0.0,394.3,0.0005,0.042,0.00239521,129.33,0.002,0.0,BTC-28JUN19-3500-P,7932.37,125.73,0.002,5.1,0.0025,3.2,130.22,0.92831,-1.58491,-0.13737,1e-05,-0.01415
7932.37,index_price,1558436346282,open,0.02,250.6,0.0005,0.063,0.02314043,101.72,0.025,0,BTC-31MAY19-9000-C,7932.37,97.58,0.021,24.0,0.024,3.3,103.35,4.15595,-21.40281,0.48925,0.00024,0.2511
8001.88,BTC-28JUN19,1558436346284,open,0.0,240.1,0.0005,0.0445,0.00443705,113.37,0.006,0.0,BTC-28JUN19-4250-P,7932.37,111.18,0.004,2.0,0.0045,3.0,113.67,1.64289,-2.45874,-0.26711,2e-05,-0.02773
7932.37,index_price,1558436346293,open,0.07,132.8,0.0275,0.107,0.06704372,95.4,0.0715,0,BTC-24MAY19-7500-C,7932.37,97.05,0.0675,0.2,0.069,3.5,102.38,2.19203,-36.36073,0.43267,0.00046,0.75935
8047.64,BTC-27SEP19,1558436346322,open,0.11,616.2,0.0695,0.149,0.10946198,91.48,0.12,0.0,BTC-27SEP19-11000-C,7932.37,88.17,0.102,13.0,0.116,13.0,94.35,18.22056,-6.46659,7.71254,9e-05,0.38089
7932.37,index_price,1558436346325,open,0.02,28.5,0.0005,0.058,0.01844079,103.73,0.028,0,BTC-31MAY19-9250-C,7932.37,99.53,0.0165,24.0,0.019,3.1,104.91,3.7333,-19.60614,0.40563,0.00021,0.20744
