underlying_price,underlying_index,timestamp,state,settlement_price,open_interest,min_price,max_price,mark_price,mark_iv,last_price,interest_rate,instrument_name,index_price,bid_iv,best_bid_price,best_bid_amount,best_ask_price,best_ask_amount,ask_iv,vega,theta,rho,gamma,delta
147.94,SYN.ETH-29NOV19,1574420339994,open,0.21,2.0,0.247,0.329,0.285902,95.73,0.058,0.0,ETH-29NOV19-190-P,147.92,0.0,0.284,10.0,0.305,1.0,174.68,0.01495,-0.10406,-0.03492,0.00379,-0.967
148.16,ETH-27DEC19,1574420339998,open,0.78,310.0,0.836,0.962,0.89534,109.99,0.49,0.0,ETH-27DEC19-280-P,147.92,0.0,0.002,50.0,1.188,1.0,400.0,0.04292,-0.06767,-0.26204,0.00186,-0.95564
150.42,ETH-27MAR20,1574420340015,open,0.36,753.0,0.364,0.502,0.431231,85.67,0.461,0.0,ETH-27MAR20-200-P,147.92,81.96,0.423,300.0,0.441,1.0,90.03,0.33538,-0.11413,-0.54714,0.00502,-0.6235
151.7,SYN.ETH-26JUN20,1574420340015,open,1.06,0.0,1.094,1.294,1.189535,94.32,1.06,0.0,ETH-26JUN20-320-P,147.92,0.0,0.0,0.0,1.204,1.0,100.02,0.37442,-0.08141,-1.74501,0.0029,-0.74639
148.0,SYN.ETH-6DEC19,1574420340053,open,0.05,1.0,0.01,0.059,0.03115,78.76,0.052,0.0,ETH-6DEC19-160-C,147.92,71.4,0.026,510.0,0.037,309.0,86.91,0.10491,-0.29771,0.01699,0.016,0.33322
148.0,SYN.ETH-6DEC19,1574420340066,open,0.07,5.0,0.073,0.153,0.112279,78.8,0.035,0.0,ETH-6DEC19-160-P,147.92,69.8,0.106,369.0,0.127,249.0,99.04,0.10492,-0.29791,-0.04383,0.01599,-0.66667
147.94,SYN.ETH-29NOV19,1574420340075,open,0.02,352.0,0.02,0.084,0.049676,76.87,0.042,0.0,ETH-29NOV19-150-P,147.92,70.13,0.046,306.0,0.063,276.0,101.24,0.08076,-0.45144,-0.01619,0.02548,-0.53113
150.42,ETH-27MAR20,1574420340080,open,1.27,6.0,1.334,1.515,1.418814,99.01,1.188,0.0,ETH-27MAR20-360-P,147.92,0.0,1.391,6.0,1.455,6.0,124.64,0.16944,-0.06664,-1.19608,0.00219,-0.8869
7215.3,BTC-27MAR20,1574420340127,open,0.49,9.4,0.444,0.49,0.4640561,81.62,0.585,0.0,BTC-27MAR20-4000-C,7088.77,0.0,0.4455,9.0,0.472,9.0,90.9,5.73474,-1.85928,11.57603,4e-05,0.92927
7113.65,BTC-27DEC19,1574420340134,open,5.33,0.0,5.615,5.8845,5.7475909,105.0,None,0.0,BTC-27DEC19-48000-P,7088.77,0.0,0.0005,1.0,0.0,0.0,0.0,0.0,0.0,-45.86393,0.0,-1.0
7097.95,SYN.BTC-6DEC19,1574420340142,open,0.03,137.4,0.0065,0.0455,0.02056212,79.18,0.0235,0.0,BTC-6DEC19-8000-C,7088.77,77.44,0.0195,16.0,0.0235,37.8,83.93,4.3283,-12.34992,0.59937,0.00029,0.24268
7215.96,BTC-27MAR20,1574420340151,open,2.65,0.0,2.806,2.98,2.88636888,105.88,None,0.0,BTC-27MAR20-28000-P,7088.77,0.0,0.0,0.0,0.0,0.0,0.0,2.94325,-1.23784,-95.94819,2e-05,-0.96925
7097.95,SYN.BTC-6DEC19,1574420340158,open,0.09,21.0,0.117,0.184,0.14764762,79.25,0.121,0.0,BTC-6DEC19-8000-P,7088.77,75.63,0.1455,4.0,0.1535,4.0,88.5,4.33062,-12.36765,-2.44135,0.00029,-0.75708
7097.95,SYN.BTC-6DEC19,1574420340159,open,0.05,46.0,0.0655,0.1315,0.09557299,79.22,0.1055,0.0,BTC-6DEC19-7500-P,7088.77,75.73,0.093,6.8,0.1005,16.9,85.74,5.30962,-15.15703,-1.9041,0.00035,-0.61006
7097.95,SYN.BTC-6DEC19,1574420340167,open,0.05,46.0,0.0655,0.1315,0.09557299,79.22,0.1055,0.0,BTC-6DEC19-7500-P,7088.77,75.73,0.093,2.0,0.1005,16.9,85.74,5.30962,-15.15703,-1.9041,0.00035,-0.61006
7097.95,SYN.BTC-6DEC19,1574420340169,open,0.05,46.0,0.0655,0.1315,0.09557299,79.22,0.1055,0.0,BTC-6DEC19-7500-P,7088.77,75.73,0.093,2.0,0.1005,26.7,85.74,5.30962,-15.15703,-1.9041,0.00035,-0.61006
7097.95,SYN.BTC-6DEC19,1574420340180,open,0.05,46.0,0.0655,0.1315,0.09557299,79.22,0.1055,0.0,BTC-6DEC19-7500-P,7088.77,75.73,0.093,2.0,0.1005,38.7,85.74,5.30962,-15.15703,-1.9041,0.00035,-0.61006
7092.99,SYN.BTC-29NOV19,1574420340188,open,0.12,4.3,0.046,0.1015,0.07184805,81.35,0.077,0.0,BTC-29NOV19-6750-C,7088.77,76.5,0.0695,12.0,0.077,20.0,91.93,3.42783,-20.27774,0.8278,0.00044,0.69137
148.16,ETH-27DEC19,1574420340193,open,0.29,3550.0,0.321,0.423,0.369903,86.14,0.348,0.0,ETH-27DEC19-200-P,147.92,0.0,0.335,15.0,0.406,15.0,125.46,0.11152,-0.13772,-0.17125,0.00617,-0.8398
7092.99,SYN.BTC-29NOV19,1574420340201,open,0.15,12.6,0.0735,0.1285,0.09925592,87.39,0.0915,0.0,BTC-29NOV19-6500-C,7088.77,80.43,0.0965,4.0,0.103,4.0,96.55,2.84758,-18.09737,0.91575,0.00034,0.7846
7097.95,SYN.BTC-6DEC19,1574420340202,open,0.18,4.0,0.1135,0.169,0.13930107,85.12,0.1305,0.0,BTC-6DEC19-6250-C,7088.77,79.91,0.1365,4.0,0.143,4.0,91.85,3.84864,-11.8052,1.78881,0.00024,0.80221
7097.95,SYN.BTC-6DEC19,1574420340203,open,0.18,4.0,0.1135,0.169,0.13930107,85.12,0.1305,0.0,BTC-6DEC19-6250-C,7088.77,79.91,0.1365,4.0,0.1435,4.0,92.73,3.84864,-11.8052,1.78881,0.00024,0.80221
7097.95,SYN.BTC-6DEC19,1574420340200,open,0.05,46.0,0.0655,0.1315,0.09557299,79.22,0.1055,0.0,BTC-6DEC19-7500-P,7088.77,75.73,0.093,2.0,0.1005,28.9,85.74,5.30962,-15.15703,-1.9041,0.00035,-0.61006
7092.99,SYN.BTC-29NOV19,1574420340217,open,0.09,69.8,0.026,0.08,0.05067856,80.55,0.0465,0.0,BTC-29NOV19-7000-C,7088.77,75.62,0.048,14.0,0.051,0.2,81.18,3.82497,-22.40583,0.693,0.0005,0.56932
7097.95,SYN.BTC-6DEC19,1574420340231,open,0.07,12.1,0.09,0.157,0.12041627,79.23,0.132,0.0,BTC-6DEC19-7750-P,7088.77,75.65,0.118,6.2,0.1255,2.0,86.46,4.89246,-13.9678,-2.18289,0.00032,-0.68853
7097.95,SYN.BTC-6DEC19,1574420340241,open,0.07,12.1,0.09,0.157,0.12041627,79.23,0.132,0.0,BTC-6DEC19-7750-P,7088.77,75.65,0.118,2.0,0.1255,2.0,86.46,4.89246,-13.9678,-2.18289,0.00032,-0.68853
7092.99,SYN.BTC-29NOV19,1574420340242,open,0.29,2.0,0.348,0.408,0.37535597,104.98,0.161,0.0,BTC-29NOV19-9750-P,7088.77,0.0,0.362,3.0,0.402,3.0,222.72,0.39674,-3.02886,-1.8159,4e-05,-0.98366
7097.95,SYN.BTC-6DEC19,1574420340244,open,0.12,12.3,0.0605,0.1195,0.08779418,79.31,0.0795,0.0,BTC-6DEC19-6750-C,7088.77,76.14,0.0855,12.0,0.093,12.0,86.57,5.09177,-14.55193,1.53405,0.00034,0.65629
7092.99,SYN.BTC-29NOV19,1574420340247,open,0.29,2.0,0.348,0.408,0.37535597,104.98,0.161,0.0,BTC-29NOV19-9750-P,7088.77,0.0,0.362,6.0,0.402,3.0,222.72,0.39674,-3.02886,-1.8159,4e-05,-0.98366
7092.99,SYN.BTC-29NOV19,1574420340256,open,0.29,2.0,0.348,0.408,0.37535597,104.98,0.161,0.0,BTC-29NOV19-9750-P,7088.77,0.0,0.362,3.0,0.402,3.0,222.72,0.39674,-3.02886,-1.8159,4e-05,-0.98366
7317.65,SYN.BTC-26JUN20,1574420340362,open,0.17,231.7,0.16,0.2695,0.20828485,77.38,0.1625,0.0,BTC-26JUN20-7000-P,7088.77,74.84,0.201,10.3,0.2155,10.3,79.89,20.99369,-3.74514,-24.47944,9e-05,-0.35471
7112.99,BTC-27DEC19,1574420340389,open,0.05,626.3,0.0565,0.1225,0.08536255,76.28,0.097,0.0,BTC-27DEC19-7000-P,7088.77,75.97,0.085,0.1,0.086,0.1,76.8,8.62146,-9.42818,-3.47755,0.00023,-0.4263
7113.65,BTC-27DEC19,1574420340511,open,3.75,1.3,3.961,4.1635,4.06069321,105.0,3.212,0.0,BTC-27DEC19-36000-P,7088.77,0.0,0.0,0.0,0.0,0.0,0.0,7e-05,-0.00011,-34.39794,0.0,-1.0
148.16,ETH-27DEC19,1574420340567,open,0.18,4662.0,0.202,0.298,0.248588,80.33,0.256,0.0,ETH-27DEC19-180-P,147.92,32.45,0.216,19.0,0.269,365.0,99.74,0.14697,-0.16925,-0.1407,0.00872,-0.74532
7113.74,BTC-27DEC19,1574420340638,open,5.86,0.8,6.166,6.458,6.30989014,184.67,3.59,0.0,BTC-27DEC19-52000-P,7090.29,0.0,0.001,1.0,0.0,0.0,0.0,0.05254,-0.1391,-49.68187,0.0,-0.99931
7115.26,BTC-27DEC19,1574420340638,open,0.46,249.1,0.5185,0.597,0.55386176,88.26,0.55,0.0,BTC-27DEC19-11000-P,7090.29,0.0,0.1405,2.0,0.88,1.0,387.98,3.02045,-3.82193,-10.07403,7e-05,-0.92791
7115.26,BTC-27DEC19,1574420340638,open,0.98,211.0,1.0675,1.1595,1.11032475,108.37,0.959,0.0,BTC-27DEC19-15000-P,7090.29,0.0,0.0,0.0,0.0,0.0,0.0,1.05376,-1.63722,-14.213,2e-05,-0.98025
7115.26,BTC-27DEC19,1574420340638,open,2.17,0.0,2.308,2.444,2.37412105,149.33,None,0.0,BTC-27DEC19-24000-P,7090.29,0.0,0.0,0.0,0.0,0.0,0.0,0.48896,-1.04684,-22.8841,1e-05,-0.99187
7215.99,BTC-27MAR20,1574420340638,open,0.16,780.1,0.1005,0.1905,0.14020474,77.49,0.149,0.0,BTC-27MAR20-8000-C,7090.29,75.91,0.1365,25.0,0.1445,9.0,79.32,16.90559,-5.20352,8.96228,0.00012,0.50035
7115.26,BTC-27DEC19,1574420340638,open,1.11,18.0,1.2055,1.3005,1.25037757,112.2,1.261,0.0,BTC-27DEC19-16000-P,7090.29,0.0,0.0,0.0,0.0,0.0,0.0,0.84572,-1.3604,-15.19566,2e-05,-0.98473
7215.99,BTC-27MAR20,1574420340638,open,0.85,59.9,0.9175,1.042,0.97234072,87.25,0.955,0.0,BTC-27MAR20-14000-P,7090.29,0.0,0.4,0.5,0.0,0.0,0.0,9.87108,-3.42097,-45.35496,6e-05,-0.85021
7115.26,BTC-27DEC19,1574420340638,open,4.27,0.0,4.5135,4.738,4.62351417,210.2,2.58,0.0,BTC-27DEC19-40000-P,7090.29,0.0,0.001,1.0,0.0,0.0,0.0,0.57779,-1.74119,-38.16526,1e-05,-0.99016
7115.26,BTC-27DEC19,1574420340639,open,0.0,812.6,0.0005,0.0135,0.00367314,105.04,0.005,0.0,BTC-27DEC19-4000-P,7090.29,106.72,0.004,22.0,0.0055,21.9,113.6,1.34624,-2.02725,-0.20458,3e-05,-0.02642
7115.26,BTC-27DEC19,1574420340639,open,1.9,4.9,2.032,2.158,2.09268175,134.71,1.0385,0.0,BTC-27DEC19-22000-P,7090.29,0.0,0.0,0.0,0.0,0.0,0.0,0.38306,-0.73982,-20.98405,1e-05,-0.99384
7115.26,BTC-27DEC19,1574420340639,open,0.85,268.3,0.93,1.0195,0.97101437,106.87,0.7205,0.0,BTC-27DEC19-14000-P,7090.29,0.0,0.0,0.0,0.0,0.0,0.0,1.48871,-2.28099,-13.1975,3e-05,-0.97019
7115.26,BTC-27DEC19,1574420340638,open,0.0,976.8,0.0005,0.0135,0.00296702,104.65,0.003,0.0,BTC-27DEC19-14000-C,7090.29,102.07,0.0025,3.0,0.004,47.9,109.54,1.36113,-2.04212,0.16182,3e-05,0.02677
7115.26,BTC-27DEC19,1574420340639,open,0.72,99.0,0.7925,0.877,0.83120932,100.54,0.638,0.0,BTC-27DEC19-13000-P,7090.29,0.0,0.0,0.0,0.0,0.0,0.0,1.787,-2.57574,-12.1967,4e-05,-0.96279
7115.26,BTC-27DEC19,1574420340639,open,1.37,9.4,1.4805,1.5855,1.53066342,116.51,1.1125,0.0,BTC-27DEC19-18000-P,7090.29,0.0,0.0,0.0,0.0,0.0,0.0,0.49598,-0.82845,-17.14884,1e-05,-0.99174
7217.51,BTC-27MAR20,1574420340639,open,1.87,5.6,1.993,2.1445,2.06076856,102.38,1.545,0.0,BTC-27MAR20-22000-P,7090.29,0.0,0.0,0.0,0.0,0.0,0.0,5.06165,-2.05841,-74.68634,3e-05,-0.93981
7217.51,BTC-27MAR20,1574420340639,open,2.65,0.0,2.8055,2.981,2.88636888,107.82,None,0.0,BTC-27MAR20-28000-P,7090.29,0.0,0.0,0.0,0.0,0.0,0.0,3.2013,-1.37109,-95.88695,2e-05,-0.96596
7115.26,BTC-27DEC19,1574420340640,open,1.64,3.6,1.7565,1.8715,1.81160159,125.13,1.729,0.0,BTC-27DEC19-20000-P,7090.29,0.0,0.0,0.0,0.0,0.0,0.0,0.4067,-0.72961,-19.07016,1e-05,-0.9934
7115.26,BTC-27DEC19,1574420340640,open,3.75,1.3,3.9615,4.164,4.06069321,190.66,3.212,0.0,BTC-27DEC19-36000-P,7090.29,0.0,0.0,0.0,0.0,0.0,0.0,0.42961,-1.17429,-34.35801,0.0,-0.99298
7115.26,BTC-27DEC19,1574420340640,open,0.01,953.4,0.0005,0.019,0.00523592,93.6,0.005,0.0,BTC-27DEC19-12000-C,7090.29,91.12,0.0045,50.0,0.006,24.0,95.97,2.20587,-2.96016,0.29265,5e-05,0.04828
7115.26,BTC-27DEC19,1574420340640,open,5.33,0.0,5.6155,5.885,5.7475909,224.37,None,0.0,BTC-27DEC19-48000-P,7090.29,0.0,0.0005,1.0,0.0,0.0,0.0,0.48591,-1.56302,-45.81943,0.0,-0.99193
7115.26,BTC-27DEC19,1574420340640,open,3.22,0.3,3.41,3.5895,3.49839418,177.01,2.744,0.0,BTC-27DEC19-32000-P,7090.29,0.0,0.0,0.0,0.0,0.0,0.0,0.41104,-1.0431,-30.53748,0.0,-0.99332
7217.51,BTC-27MAR20,1574420340640,open,3.42,0.0,3.6195,3.8205,3.71424779,109.32,None,0.0,BTC-27MAR20-34000-P,7090.29,0.0,0.0,0.0,0.0,0.0,0.0,1.89152,-0.8214,-116.88844,1e-05,-0.98183
7217.51,BTC-27MAR20,1574420340640,open,0.61,54.1,0.658,0.779,0.71152,83.93,0.545,0.0,BTC-27MAR20-12000-P,7090.29,0.0,0.021,2.1,0.7695,0.2,113.55,12.42553,-4.14265,-37.21874,8e-05,-0.78377
7115.26,BTC-27DEC19,1574420340640,open,0.0,968.8,0.0005,0.0115,0.00170259,104.88,0.0025,0.0,BTC-27DEC19-15000-C,7090.29,98.21,0.001,167.0,0.0025,1.0,110.44,0.89173,-1.34081,0.09884,2e-05,0.01624
7115.26,BTC-27DEC19,1574420340640,open,4.8,0.0,5.0635,5.3105,5.18529166,214.11,3.46,0.0,BTC-27DEC19-44000-P,7090.29,0.0,0.001,1.0,0.0,0.0,0.0,0.46723,-1.43425,-41.99896,0.0,-0.99228
7115.26,BTC-27DEC19,1574420340640,open,0.59,73.0,0.6555,0.7365,0.69213364,94.81,0.3805,0.0,BTC-27DEC19-12000-P,7090.29,0.0,0.6675,0.1,1.693,3.0,500.0,2.29813,-3.1237,-11.15864,5e-05,-0.94918
7217.51,BTC-27MAR20,1574420340641,open,2.9,0.0,3.077,3.259,3.16174078,107.64,None,0.0,BTC-27MAR20-30000-P,7090.29,0.0,0.0,0.0,0.0,0.0,0.0,2.58655,-1.1059,-102.93325,1e-05,-0.97368
7217.51,BTC-27MAR20,1574420340641,open,4.2,1.0,4.4345,4.665,4.54441247,113.06,4.54,0.0,BTC-27MAR20-40000-P,7090.29,0.0,0.0005,2.0,0.0,0.0,0.0,1.35406,-0.6081,-137.69752,1e-05,-0.98768
7217.51,BTC-27MAR20,1574420340641,open,2.39,0.0,2.5345,2.7015,2.61079042,106.4,None,0.0,BTC-27MAR20-26000-P,7090.29,0.0,0.0,0.0,0.0,0.0,0.0,3.72997,-1.57644,-88.85324,2e-05,-0.95895
7115.26,BTC-27DEC19,1574420340641,open,2.96,0.2,3.135,3.303,3.21724494,169.57,2.51,0.0,BTC-27DEC19-30000-P,7090.29,0.0,0.0,0.0,0.0,0.0,0.0,0.40203,-0.97736,-28.62718,0.0,-0.99349
7115.26,BTC-27DEC19,1574420340641,open,0.28,72.5,0.2225,0.275,0.24637868,84.22,0.24,0.0,BTC-27DEC19-5500-C,7090.29,0.0,0.224,12.4,0.25,1.0,89.56,4.69017,-5.66307,4.22946,0.00012,0.86848
7217.51,BTC-27MAR20,1574420340642,open,1.61,5.2,1.7225,1.866,1.78642356,99.42,1.108,0.0,BTC-27MAR20-20000-P,7090.29,0.0,0.0,0.0,0.0,0.0,0.0,5.87767,-2.3212,-67.53871,3e-05,-0.92699
7115.26,BTC-27DEC19,1574420340643,open,0.01,1564.3,0.0025,0.0295,0.01210173,91.76,0.012,0.0,BTC-27DEC19-5000-P,7090.29,89.38,0.011,39.0,0.0135,39.4,94.66,3.3597,-4.41993,-0.64609,8e-05,-0.08293
7115.26,BTC-27DEC19,1574420340643,open,2.69,0.2,2.8585,3.0165,2.93609636,161.65,2.2765,0.0,BTC-27DEC19-28000-P,7090.29,0.0,0.0,0.0,0.0,0.0,0.0,0.39347,-0.91187,-26.71682,1e-05,-0.99365
7093.68,SYN.BTC-29NOV19,1574420340638,open,0.32,33.2,0.3825,0.4425,0.41032024,108.03,0.316,0.0,BTC-29NOV19-10000-P,7090.29,0.0,0.3875,3.0,0.4375,3.0,234.62,0.31475,-2.47261,-1.86789,3e-05,-0.98751
7093.68,SYN.BTC-29NOV19,1574420340641,open,0.0,370.9,0.0005,0.0105,0.00017255,104.98,0.0005,0.0,BTC-29NOV19-10500-C,7090.29,0.0,0.0,0.0,0.0015,39.0,136.55,0.11601,-0.8856,0.00515,1e-05,0.00403
7115.26,BTC-27DEC19,1574420340646,open,2.43,0.0,2.5835,2.7295,2.65494958,153.2,None,0.0,BTC-27DEC19-26000-P,7090.29,0.0,0.0,0.0,0.0,0.0,0.0,0.38592,-0.84763,-24.80635,1e-05,-0.99378
7318.27,SYN.BTC-26JUN20,1574420340638,open,0.27,18.5,0.2055,0.308,0.2516936,77.36,0.245,0.0,BTC-26JUN20-7000-C,7090.29,74.69,0.244,19.0,0.258,11.0,79.56,20.99468,-3.7446,17.1166,9e-05,0.64533
148.16,ETH-27DEC19,1574420340765,open,0.09,1465.0,0.035,0.099,0.065591,78.62,0.067,0.0,ETH-27DEC19-160-C,147.92,73.99,0.06,677.0,0.07,637.0,82.26,0.17927,-0.20208,0.05056,0.01087,0.42277
150.42,ETH-27MAR20,1574420340891,open,2.0,0.0,2.102,2.322,2.20503,107.35,None,0.0,ETH-27MAR20-480-P,147.92,0.0,0.004,50.0,0.0,0.0,0.0,0.11011,-0.04695,-1.62961,0.00131,-0.93641
148.19,ETH-27DEC19,1574420340891,open,3.55,0.0,3.716,4.007,3.858628,110.0,None,0.0,ETH-27DEC19-720-P,147.92,0.0,0.004,50.0,0.0,0.0,0.0,1e-05,-1e-05,-0.68796,0.0,-1.0
150.42,ETH-27MAR20,1574420341081,open,0.46,30.0,0.473,0.618,0.543015,87.05,0.306,0.0,ETH-27MAR20-220-P,147.92,70.75,0.511,300.0,0.57,10.0,99.64,0.31282,-0.10816,-0.63821,0.00461,-0.68728
7095.21,SYN.BTC-29NOV19,1574420341111,open,0.65,0.0,0.7275,0.7995,0.762135,157.13,None,0.0,BTC-29NOV19-12500-P,7090.29,0.0,0.0,0.0,0.0,0.0,0.0,0.16309,-1.8635,-2.34732,1e-05,-0.9941
151.73,SYN.ETH-26JUN20,1574420341229,open,1.29,0.0,1.338,1.549,1.437942,96.03,None,0.0,ETH-26JUN20-360-P,147.92,0.0,0.01,50.0,1.448,1.0,100.41,0.33962,-0.07519,-2.00619,0.00259,-0.78729
148.19,ETH-27DEC19,1574420341235,open,2.79,0.0,2.93,3.173,3.048859,110.0,0.953,0.0,ETH-27DEC19-600-P,147.92,0.0,0.02,50.0,0.0,0.0,0.0,8e-05,-0.00012,-0.57329,0.0,-0.99996
7217.51,BTC-27MAR20,1574420341246,open,3.68,0.0,3.891,4.1015,3.99081786,110.32,None,0.0,BTC-27MAR20-36000-P,7090.29,0.0,0.0,0.0,0.0,0.0,0.0,1.65256,-0.72415,-123.83852,1e-05,-0.98448
7319.76,SYN.BTC-26JUN20,1574420341321,open,2.61,0.0,2.7585,2.958,2.84784662,99.16,None,0.0,BTC-26JUN20-28000-P,7090.29,0.0,0.0,0.0,0.0,0.0,0.0,8.7698,-2.00488,-163.66147,3e-05,-0.91513
7115.26,BTC-27DEC19,1574420341407,open,1.64,3.6,1.7555,1.8725,1.81096568,105.0,1.729,0.0,BTC-27DEC19-20000-P,7090.29,0.0,0.0,0.0,0.0,0.0,0.0,0.09125,-0.13736,-19.10215,0.0,-0.99874
148.19,ETH-27DEC19,1574420341429,open,3.8,1.0,3.98,4.287,4.12959,190.14,3.236,0.0,ETH-27DEC19-760-P,147.92,0.0,0.02,50.0,0.0,0.0,0.0,0.00828,-0.02257,-0.72542,0.00021,-0.99357
148.16,ETH-27DEC19,1574420341517,open,0.29,3550.0,0.321,0.423,0.369822,86.14,0.348,0.0,ETH-27DEC19-200-P,147.92,0.0,0.334,15.0,0.406,15.0,125.46,0.11152,-0.13772,-0.17125,0.00617,-0.8398
7215.99,BTC-27MAR20,1574420341574,open,0.16,780.1,0.1005,0.1905,0.14023947,77.49,0.149,0.0,BTC-27MAR20-8000-C,7090.29,75.91,0.1365,25.0,0.1445,2.0,79.32,16.90559,-5.20352,8.96228,0.00012,0.50035
7215.99,BTC-27MAR20,1574420341576,open,0.16,780.1,0.1005,0.1905,0.14023947,77.49,0.149,0.0,BTC-27MAR20-8000-C,7090.29,75.91,0.1365,25.7,0.1445,2.0,79.32,16.90559,-5.20352,8.96228,0.00012,0.50035
7217.51,BTC-27MAR20,1574420341604,open,0.28,104.0,0.3005,0.4135,0.3509121,78.64,0.2945,0.0,BTC-27MAR20-9000-P,7090.29,74.16,0.341,6.0,0.3635,10.0,84.06,16.40094,-5.12299,-23.61327,0.00012,-0.59756
7217.51,BTC-27MAR20,1574420341606,open,0.28,104.0,0.3005,0.4135,0.3509121,78.64,0.2945,0.0,BTC-27MAR20-9000-P,7090.29,74.16,0.341,6.0,0.3635,10.8,84.06,16.40094,-5.12299,-23.61327,0.00012,-0.59756
7217.28,BTC-27MAR20,1574420341645,open,4.2,1.0,4.433,4.6655,4.54322323,103.31,4.54,0.0,BTC-27MAR20-40000-P,7090.34,0.0,0.0005,2.0,0.0,0.0,0.0,0.70816,-0.29061,-137.82366,0.0,-0.99412
7115.24,BTC-27DEC19,1574420341645,open,1.11,18.0,1.2045,1.3015,1.24966274,104.92,1.261,0.0,BTC-27DEC19-16000-P,7090.34,0.0,0.0,0.0,0.0,0.0,0.0,0.5726,-0.86132,-15.22837,1e-05,-0.99026
7217.28,BTC-27MAR20,1574420341645,open,0.01,1261.0,0.0075,0.039,0.01842524,81.65,0.0085,0.0,BTC-27MAR20-4000-P,7090.34,79.17,0.0165,40.0,0.0215,43.2,85.39,5.73399,-1.85959,-2.21813,4e-05,-0.07069
7115.24,BTC-27DEC19,1574420341645,open,1.9,4.9,2.031,2.157,2.09198206,103.08,1.0385,0.0,BTC-27DEC19-22000-P,7090.34,0.0,0.0,0.0,0.0,0.0,0.0,0.02868,-0.04239,-21.01872,0.0,-0.99964
7115.24,BTC-27DEC19,1574420341645,open,4.8,0.0,5.0615,5.3085,5.18389209,0.0,3.46,0.0,BTC-27DEC19-44000-P,7090.34,0.0,0.001,1.0,0.0,0.0,0.0,0.0,0.0,-42.04193,0.0,-1.0
7217.28,BTC-27MAR20,1574420341645,open,3.16,0.0,3.348,3.54,3.43783724,107.87,None,0.0,BTC-27MAR20-32000-P,7090.34,0.0,0.001,1.0,0.0,0.0,0.0,2.13599,-0.91525,-109.93529,1e-05,-0.97903
7115.24,BTC-27DEC19,1574420341645,open,0.0,349.0,0.0005,0.0105,0.0,105.0,0.0005,0.0,BTC-27DEC19-48000-C,7090.34,0.0,0.0,0.0,0.001,43.0,215.4,0.0,0.0,0.0,0.0,0.0
7217.28,BTC-27MAR20,1574420341645,open,2.13,0.0,2.2635,2.424,2.33610416,105.34,None,0.0,BTC-27MAR20-24000-P,7090.34,0.0,0.0005,5.0,0.0,0.0,0.0,4.45603,-1.86448,-81.76032,2e-05,-0.94878
7115.24,BTC-27DEC19,1574420341645,open,5.86,0.8,6.1665,6.4585,6.30979766,232.22,3.59,0.0,BTC-27DEC19-52000-P,7090.34,0.0,0.001,1.0,0.0,0.0,0.0,0.47853,-1.59314,-49.64247,0.0,-0.99207
7115.29,BTC-27DEC19,1574420341645,open,4.27,0.0,4.51,4.7345,4.62172008,149.46,2.58,0.0,BTC-27DEC19-40000-P,7090.34,0.0,0.001,1.0,0.0,0.0,0.0,0.01877,-0.04021,-38.21856,0.0,-0.99977
7115.29,BTC-27DEC19,1574420341646,open,3.22,0.3,3.4085,3.588,3.49737631,130.4,2.744,0.0,BTC-27DEC19-32000-P,7090.34,0.0,0.0,0.0,0.0,0.0,0.0,0.01738,-0.03248,-30.57466,0.0,-0.99979
7115.29,BTC-27DEC19,1574420341645,open,0.41,21.6,0.3575,0.3975,0.3752371,100.74,0.5285,0.0,BTC-27DEC19-4500-C,7090.34,0.0,0.3595,9.0,0.381,9.0,115.96,2.33548,-3.37303,3.89493,5e-05,0.94814
7217.28,BTC-27MAR20,1574420341645,open,1.1,1.1,1.1835,1.313,1.2405709,91.36,1.08,0.0,BTC-27MAR20-16000-P,7090.34,0.0,0.0,0.0,0.0,0.0,0.0,8.07738,-2.93139,-52.9778,5e-05,-0.88792
7217.28,BTC-27MAR20,1574420341645,open,1.36,0.0,1.4525,1.589,1.51287578,95.73,1.23,0.0,BTC-27MAR20-18000-P,7090.34,0.0,0.0,0.0,0.0,0.0,0.0,6.84812,-2.6041,-60.32018,4e-05,-0.91061
7115.29,BTC-27DEC19,1574420341646,open,5.33,0.0,5.6125,5.882,5.74606409,165.2,None,0.0,BTC-27DEC19-48000-P,7090.34,0.0,0.0005,1.0,0.0,0.0,0.0,0.02037,-0.04823,-45.86244,0.0,-0.99975
7115.29,BTC-27DEC19,1574420341646,open,3.75,1.3,3.9595,4.1615,4.05954811,140.41,3.212,0.0,BTC-27DEC19-36000-P,7090.34,0.0,0.0,0.0,0.0,0.0,0.0,0.01799,-0.03622,-34.39661,0.0,-0.99978
7115.29,BTC-27DEC19,1574420341646,open,1.37,9.4,1.48,1.586,1.53009159,105.32,1.1125,0.0,BTC-27DEC19-18000-P,7090.34,0.0,0.0,0.0,0.0,0.0,0.0,0.23673,-0.35747,-17.17677,0.0,-0.99641
7115.29,BTC-27DEC19,1574420341646,open,2.17,0.0,2.306,2.4425,2.37304465,110.06,None,0.0,BTC-27DEC19-24000-P,7090.34,0.0,0.0,0.0,0.0,0.0,0.0,0.02676,-0.04222,-22.92989,0.0,-0.99967
7115.29,BTC-27DEC19,1574420341646,open,2.43,0.0,2.582,2.729,2.65412258,114.37,None,0.0,BTC-27DEC19-26000-P,7090.34,0.0,0.0,0.0,0.0,0.0,0.0,0.01997,-0.03274,-24.84145,0.0,-0.99976
7095.21,SYN.BTC-29NOV19,1574420341645,open,0.85,0.0,0.935,1.014,0.97358918,186.04,None,0.0,BTC-29NOV19-14000-P,7090.34,0.0,0.0,0.0,0.0,0.0,0.0,0.15669,-2.11987,-2.63029,1e-05,-0.99436
7115.29,BTC-27DEC19,1574420341647,open,0.0,826.1,0.0005,0.0105,0.00025095,105.0,0.0005,0.0,BTC-27DEC19-3000-P,7090.34,113.3,0.0005,17.6,0.0015,70.0,130.66,0.16312,-0.24556,-0.01787,0.0,-0.00238
7115.29,BTC-27DEC19,1574420341647,open,0.8,12.1,0.7795,0.799,0.78918552,0.0,0.8415,0.0,BTC-27DEC19-1500-C,7090.34,0.0,0.781,16.0,0.7925,16.0,257.92,0.0,0.0,1.43325,0.0,1.0
7217.33,BTC-27MAR20,1574420341647,open,1.61,5.2,1.721,1.866,1.78559186,98.3,1.108,0.0,BTC-27MAR20-20000-P,7090.34,0.0,0.0,0.0,0.0,0.0,0.0,5.68032,-2.21792,-67.59536,3e-05,-0.93017
7217.33,BTC-27MAR20,1574420341647,open,2.39,0.0,2.5335,2.702,2.61002318,104.69,None,0.0,BTC-27MAR20-26000-P,7090.34,0.0,0.0,0.0,0.0,0.0,0.0,3.48493,-1.44916,-88.91377,2e-05,-0.96224
7115.29,BTC-27DEC19,1574420341647,open,0.23,112.3,0.162,0.221,0.18943489,79.77,0.27,0.0,BTC-27DEC19-6000-C,7090.34,43.0,0.1625,12.4,0.217,9.0,109.07,6.29653,-7.20132,4.09913,0.00016,0.79237
7217.33,BTC-27MAR20,1574420341647,open,1.87,5.6,1.9915,2.144,2.05984884,100.93,1.545,0.0,BTC-27MAR20-22000-P,7090.34,0.0,0.0,0.0,0.0,0.0,0.0,4.82136,-1.93287,-74.7515,3e-05,-0.94342
7115.29,BTC-27DEC19,1574420341647,open,2.69,0.2,2.8575,3.015,2.93520572,119.59,2.2765,0.0,BTC-27DEC19-28000-P,7090.34,0.0,0.0,0.0,0.0,0.0,0.0,0.01782,-0.03056,-26.75262,0.0,-0.99979
7217.33,BTC-27MAR20,1574420341647,open,3.42,0.0,3.618,3.8205,3.71323833,104.42,None,0.0,BTC-27MAR20-34000-P,7090.34,0.0,0.0,0.0,0.0,0.0,0.0,1.43582,-0.59555,-116.98462,1e-05,-0.98682
7217.33,BTC-27MAR20,1574420341647,open,2.9,0.0,3.0755,3.26,3.16085188,104.67,None,0.0,BTC-27MAR20-30000-P,7090.34,0.0,0.0,0.0,0.0,0.0,0.0,2.24077,-0.93164,-103.01145,1e-05,-0.97781
7095.21,SYN.BTC-29NOV19,1574420341645,open,0.36,0.0,0.4165,0.478,0.44524096,114.34,None,0.0,BTC-29NOV19-10250-P,7090.34,0.0,0.0,0.0,0.0,0.0,0.0,0.29837,-2.48081,-1.91597,3e-05,-0.98826
7115.29,BTC-27DEC19,1574420341648,open,0.35,66.8,0.2885,0.3345,0.30936527,91.71,0.4645,0.0,BTC-27DEC19-5000-C,7090.34,0.0,0.2905,9.0,0.316,9.0,104.51,3.3568,-4.41366,4.13222,8e-05,0.91717
7217.33,BTC-27MAR20,1574420341648,open,2.65,0.0,2.804,2.981,2.88518786,104.75,None,0.0,BTC-27MAR20-28000-P,7090.34,0.0,0.0,0.0,0.0,0.0,0.0,2.80053,-1.16526,-95.98169,1e-05,-0.97104
7217.33,BTC-27MAR20,1574420341648,open,0.01,135.2,0.0005,0.0185,0.00428987,104.99,0.007,0.0,BTC-27MAR20-30000-C,7090.34,109.81,0.006,3.0,0.0075,15.0,113.33,2.27692,-0.94956,0.45612,1e-05,0.02262
7100.22,SYN.BTC-6DEC19,1574420341645,open,0.01,11.7,0.01,0.054,0.02727955,81.17,0.015,0.0,BTC-6DEC19-6500-P,7090.34,80.73,0.027,20.8,0.032,51.8,88.51,4.50802,-13.18502,-0.78078,0.00029,-0.26199
7115.29,BTC-27DEC19,1574420341649,open,2.96,0.2,3.133,3.3015,3.21629069,125.05,2.51,0.0,BTC-27DEC19-30000-P,7090.34,0.0,0.0,0.0,0.0,0.0,0.0,0.01731,-0.03104,-28.66366,0.0,-0.99979
7100.22,SYN.BTC-6DEC19,1574420341645,open,0.0,0.1775,0.225,0.19913058,90.48,None,0.0,BTC-6DEC19-5750-C,7090.34,0.0,0.0215,0.1,0.0,0.0,0.0,2.42253,-7.8986,1.89285,0.00014,0.9004
7217.33,BTC-27MAR20,1574420341649,open,0.03,404.5,0.013,0.069,0.03222241,87.24,0.03,0.0,BTC-27MAR20-14000-C,7090.34,85.6,0.03,27.7,0.036,40.9,89.94,9.87603,-3.42256,2.92801,6e-05,0.14986
7319.76,SYN.BTC-26JUN20,1574420341645,open,0.02,14.8,0.007,0.058,0.02180577,98.5,0.023,0.0,BTC-26JUN20-28000-C,7090.34,95.56,0.0185,34.0,0.0245,15.0,100.72,8.59929,-1.95289,2.64757,3e-05,0.08268
7095.21,SYN.BTC-29NOV19,1574420341645,open,0.03,241.7,0.0025,0.0365,0.01388668,80.48,0.014,0.0,BTC-29NOV19-7750-C,7090.34,75.85,0.012,47.8,0.016,36.0,85.48,2.94595,-17.24178,0.28681,0.00039,0.22847
7319.76,SYN.BTC-26JUN20,1574420341645,open,0.63,14.6,0.588,0.623,0.60260321,79.74,0.6555,0.0,BTC-26JUN20-3000-C,7090.34,55.66,0.592,8.0,0.6105,8.0,90.43,4.7964,-0.88179,15.573,2e-05,0.96066
7319.76,SYN.BTC-26JUN20,1574420341645,open,0.02,78.9,0.0055,0.053,0.01902836,99.55,0.0225,0.0,BTC-26JUN20-30000-C,7090.34,96.57,0.016,34.0,0.023,15.0,103.07,7.8159,-1.7939,2.34321,2e-05,0.0729
7095.21,SYN.BTC-29NOV19,1574420341645,open,0.0,628.9,0.0005,0.0105,0.00047801,104.65,0.0015,0.0,BTC-29NOV19-10000-C,7090.34,105.22,0.0005,2.5,0.002,40.8,128.01,0.26493,-2.01608,0.01305,3e-05,0.01024
7319.76,SYN.BTC-26JUN20,1574420341646,open,1.11,5.0,1.1745,1.3315,1.24333761,87.03,1.22,0.0,BTC-26JUN20-16000-P,7090.34,0.0,0.08,1.0,0.0,0.0,0.0,15.94628,-3.19944,-88.73165,6e-05,-0.79682
7319.76,SYN.BTC-26JUN20,1574420341645,open,3.12,0.0,3.292,3.508,3.3895766,101.65,None,0.0,BTC-26JUN20-32000-P,7090.34,0.0,0.0,0.0,0.0,0.0,0.0,7.40711,-1.7358,-187.95705,2e-05,-0.93202
7319.76,SYN.BTC-26JUN20,1574420341645,open,0.34,11.1,0.2725,0.3655,0.31474287,77.34,0.37,0.0,BTC-26JUN20-6000-C,7090.34,73.67,0.3055,17.6,0.3195,10.6,79.23,18.43946,-3.2879,18.32887,7e-05,0.73617
7319.76,SYN.BTC-26JUN20,1574420341647,open,1.6,0.0,1.6975,1.8675,1.77226272,92.21,None,0.0,BTC-26JUN20-20000-P,7090.34,0.0,0.1,1.0,1.88,0.1,137.57,12.852,-2.73224,-114.27223,4e-05,-0.85514
7100.22,SYN.BTC-6DEC19,1574420341645,open,0.04,22.9,0.0105,0.056,0.02858081,79.09,0.0255,0.0,BTC-6DEC19-7750-C,7090.34,76.79,0.027,2.0,0.031,2.0,82.58,4.89637,-13.95513,0.7645,0.00032,0.31181
7319.76,SYN.BTC-26JUN20,1574420341645,open,0.04,849.7,0.016,0.085,0.0393764,91.89,0.039,0.0,BTC-26JUN20-20000-C,7090.34,91.1,0.038,0.5,0.042,20.0,93.38,12.7688,-2.7052,4.52757,4e-05,0.14348
7095.21,SYN.BTC-29NOV19,1574420341646,open,0.46,13.1,0.5205,0.585,0.55073568,126.34,0.233,0.0,BTC-29NOV19-11000-P,7090.34,0.0,0.0155,0.1,0.0,0.0,0.0,0.19702,-1.81016,-2.06289,2e-05,-0.9927
7319.76,SYN.BTC-26JUN20,1574420341647,open,0.06,256.6,0.0475,0.1175,0.07616815,77.4,0.05,0.0,BTC-26JUN20-5000-P,7090.34,74.01,0.0695,24.0,0.0785,22.0,78.57,14.50983,-2.58922,-10.89544,6e-05,-0.17434
7319.76,SYN.BTC-26JUN20,1574420341647,open,0.01,112.3,0.003,0.028,0.01253615,79.87,0.009,0.0,BTC-26JUN20-3000-P,7090.34,75.8,0.01,37.0,0.015,23.0,83.46,4.81177,-0.88602,-2.26277,2e-05,-0.03949
7319.76,SYN.BTC-26JUN20,1574420341645,open,2.35,0.0,2.492,2.683,2.57699741,97.17,None,0.0,BTC-26JUN20-26000-P,7090.34,0.0,0.0,0.0,0.0,0.0,0.0,9.44853,-2.11679,-151.49256,3e-05,-0.90619
7100.22,SYN.BTC-6DEC19,1574420341645,open,0.21,0.0,0.145,0.1975,0.1691358,89.34,None,0.0,BTC-6DEC19-6000-C,7090.34,0.0,0.0,0.0,0.0,0.0,0.0,3.17026,-10.20622,1.84852,0.00019,0.85398
7319.76,SYN.BTC-26JUN20,1574420341645,open,1.85,0.0,1.961,2.136,2.03808816,93.29,None,0.0,BTC-26JUN20-22000-P,7090.34,0.0,0.11,1.0,0.0,0.0,0.0,11.34367,-2.43984,-126.87777,4e-05,-0.87914
7095.21,SYN.BTC-29NOV19,1574420341647,open,0.52,0.0,0.5895,0.6565,0.62118156,136.38,None,0.0,BTC-29NOV19-11500-P,7090.34,0.0,0.0,0.0,0.0,0.0,0.0,0.17659,-1.75141,-2.15819,1e-05,-0.99355
7095.21,SYN.BTC-29NOV19,1574420341645,open,0.39,5.0,0.4515,0.5135,0.48036477,117.74,0.25,0.0,BTC-29NOV19-10500-P,7090.34,0.0,0.0,0.0,0.0,0.0,0.0,0.24864,-2.12879,-1.96587,2e-05,-0.99048
7319.76,SYN.BTC-26JUN20,1574420341647,open,0.06,130.6,0.027,0.108,0.05702855,86.82,0.063,0.0,BTC-26JUN20-16000-C,7090.34,85.65,0.0545,7.0,0.0615,19.5,88.85,15.89944,-3.18254,6.31312,6e-05,0.20218
7095.21,SYN.BTC-29NOV19,1574420341648,open,0.99,0.0,1.073,1.1575,1.11455979,203.64,None,0.0,BTC-29NOV19-15000-P,7090.34,0.0,0.0,0.0,0.0,0.0,0.0,0.15481,-2.29257,-2.81881,1e-05,-0.99444
7095.21,SYN.BTC-29NOV19,1574420341645,open,0.72,0.0,0.797,0.871,0.83261903,167.12,None,0.0,BTC-29NOV19-13000-P,7090.34,0.0,0.0,0.0,0.0,0.0,0.0,0.1602,-1.94687,-2.44168,1e-05,-0.99422
7095.21,SYN.BTC-29NOV19,1574420341645,open,0.0,517.9,0.0005,0.011,0.00111991,102.41,0.0015,0.0,BTC-29NOV19-9500-C,7090.34,100.71,0.001,15.8,0.002,2.0,112.3,0.5192,-3.86653,0.02846,5e-05,0.02241
7100.22,SYN.BTC-6DEC19,1574420341645,open,0.0,0.211,0.2535,0.23044281,90.31,None,0.0,BTC-6DEC19-5500-C,7090.34,0.0,0.0,0.0,0.0,0.0,0.0,1.69128,-5.50354,1.90992,0.0001,0.93803
7319.76,SYN.BTC-26JUN20,1574420341647,open,0.03,51.0,0.008,0.062,0.02424519,96.61,0.028,0.0,BTC-26JUN20-26000-C,7090.34,94.38,0.0215,33.0,0.028,20.0,99.45,9.29879,-2.07113,2.93849,3e-05,0.09181
7319.76,SYN.BTC-26JUN20,1574420341648,open,0.51,0.5,0.4635,0.52,0.48827222,77.31,0.589,0.0,BTC-26JUN20-4000-C,7090.34,65.35,0.474,7.0,0.504,7.0,88.7,9.519,-1.69663,18.13485,4e-05,0.90524
7095.21,SYN.BTC-29NOV19,1574420341645,open,0.01,672.4,0.003,0.0395,0.01563192,87.58,0.0155,0.0,BTC-29NOV19-6500-P,7090.34,89.73,0.0165,10.0,0.0185,31.0,94.59,2.84578,-18.12406,-0.30832,0.00034,-0.21505
7095.21,SYN.BTC-29NOV19,1574420341646,open,0.59,0.0,0.6585,0.7285,0.69165384,146.82,None,0.0,BTC-29NOV19-12000-P,7090.34,0.0,0.0,0.0,0.0,0.0,0.0,0.16772,-1.79068,-2.25286,1e-05,-0.99391
7100.22,SYN.BTC-6DEC19,1574420341645,open,0.01,5.5,0.0005,0.0165,0.00372639,88.37,0.0055,0.0,BTC-6DEC19-9500-C,7090.34,84.79,0.003,59.0,0.0045,0.1,91.79,1.52667,-4.86171,0.13677,9e-05,0.0544
7319.76,SYN.BTC-26JUN20,1574420341647,open,2.1,0.0,2.226,2.409,2.30713768,95.34,None,0.0,BTC-26JUN20-24000-P,7090.34,0.0,0.0,0.0,0.0,0.0,0.0,10.32614,-2.26966,-139.2282,3e-05,-0.89406
7319.76,SYN.BTC-26JUN20,1574420341646,open,0.03,286.4,0.018,0.063,0.03484949,77.4,0.0305,0.0,BTC-26JUN20-4000-P,7090.34,74.38,0.031,35.0,0.038,23.0,79.78,9.52887,-1.70027,-5.64299,4e-05,-0.0949
7319.76,SYN.BTC-26JUN20,1574420341645,open,1.35,2.0,1.434,1.5965,1.50523028,89.13,1.5,0.0,BTC-26JUN20-18000-P,7090.34,0.0,1.0,0.5,0.0,0.0,0.0,14.11519,-2.90054,-101.69585,5e-05,-0.83301
7095.21,SYN.BTC-29NOV19,1574420341649,open,0.0,439.3,0.0005,0.0105,0.00030242,105.05,0.0015,0.0,BTC-29NOV19-5000-P,7090.34,123.3,0.001,24.0,0.0015,4.3,131.4,0.17091,-1.30561,-0.00872,2e-05,-0.00622
7319.76,SYN.BTC-26JUN20,1574420341645,open,0.08,434.6,0.0405,0.1315,0.07588921,85.59,0.082,0.0,BTC-26JUN20-14000-C,7090.34,84.83,0.074,3.0,0.0795,19.0,87.04,18.18772,-3.58904,7.87196,7e-05,0.25688
7319.76,SYN.BTC-26JUN20,1574420341648,open,0.87,11.5,0.9215,1.075,0.98890964,85.75,0.99,0.0,BTC-26JUN20-14000-P,7090.34,0.0,0.075,2.0,0.0,0.0,0.0,18.21618,-3.60124,-75.29652,7e-05,-0.74234
7095.21,SYN.BTC-29NOV19,1574420341650,open,0.21,22.5,0.139,0.187,0.16082395,98.74,0.2095,0.0,BTC-29NOV19-6000-C,7090.34,0.0,0.1405,6.0,0.168,6.0,124.84,1.65809,-11.90543,0.99336,0.00018,0.90404
7095.21,SYN.BTC-29NOV19,1574420341649,open,0.34,0.3,0.281,0.311,0.29544916,97.05,0.3885,0.0,BTC-29NOV19-5000-C,7090.34,0.0,0.2825,7.0,0.302,7.0,176.4,0.10312,-0.72779,0.93696,1e-05,0.99647
7319.76,SYN.BTC-26JUN20,1574420341647,open,2.86,0.0,3.0255,3.2325,3.11835784,100.33,None,0.0,BTC-26JUN20-30000-P,7090.34,0.0,0.0,0.0,0.0,0.0,0.0,8.01175,-1.85311,-175.84266,3e-05,-0.92469
7095.21,SYN.BTC-29NOV19,1574420341661,open,0.12,4.3,0.046,0.1015,0.07190851,81.11,0.077,0.0,BTC-29NOV19-6750-C,7090.34,76.09,0.0695,12.0,0.077,19.0,91.55,3.42214,-20.18608,0.8298,0.00044,0.69276
7095.21,SYN.BTC-29NOV19,1574420341669,open,0.01,154.2,0.007,0.05,0.02346041,81.54,0.0275,0.0,BTC-29NOV19-6750-P,7090.34,80.59,0.023,23.0,0.0275,1.0,89.83,3.42568,-20.3134,-0.44297,0.00044,-0.30796
7095.21,SYN.BTC-29NOV19,1574420341672,open,0.01,154.2,0.007,0.05,0.02346041,81.54,0.0275,0.0,BTC-29NOV19-6750-P,7090.34,80.59,0.023,23.0,0.0275,16.0,89.83,3.42568,-20.3134,-0.44297,0.00044,-0.30796
7095.21,SYN.BTC-29NOV19,1574420341721,open,0.06,60.3,0.0135,0.063,0.03443092,80.42,0.032,0.0,BTC-29NOV19-7250-C,7090.34,75.01,0.0315,13.9,0.0335,0.1,78.7,3.8469,-22.49742,0.54768,0.0005,0.4442
148.0,SYN.ETH-6DEC19,1574420341722,open,0.09,3.0,0.025,0.087,0.055093,78.75,0.073,0.0,ETH-6DEC19-150-C,147.92,69.65,0.048,406.0,0.063,249.0,88.93,0.11511,-0.32666,0.02479,0.01755,0.49571
7100.22,SYN.BTC-6DEC19,1574420341732,open,0.09,21.0,0.117,0.184,0.14755663,79.52,0.121,0.0,BTC-6DEC19-8000-P,7090.34,75.28,0.145,4.0,0.1535,4.0,88.93,4.34686,-12.45597,-2.43762,0.00029,-0.75553
7100.22,SYN.BTC-6DEC19,1574420341733,open,0.15,0.2,0.0845,0.1425,0.11161491,80.85,0.1065,0.0,BTC-6DEC19-6500-C,7090.34,77.49,0.1095,4.0,0.1165,4.0,88.45,4.50263,-13.11795,1.69242,0.00029,0.73862
7095.21,SYN.BTC-29NOV19,1574420341735,open,0.18,0.0,0.1055,0.1575,0.12933763,93.4,None,0.0,BTC-29NOV19-6250-C,7090.34,82.05,0.126,4.0,0.133,4.0,104.46,2.23026,-15.14777,0.9685,0.00025,0.85396
7095.21,SYN.BTC-29NOV19,1574420341749,open,0.05,598.5,0.078,0.14,0.10640924,81.05,0.1,0.0,BTC-29NOV19-7750-P,7090.34,73.86,0.1035,4.0,0.111,6.0,91.67,2.95908,-17.44103,-1.17099,0.00038,-0.76971
147.94,SYN.ETH-29NOV19,1574420341750,open,0.18,0.0,0.099,0.164,0.131975,96.26,None,0.0,ETH-29NOV19-130-C,147.92,49.71,0.122,40.0,0.139,40.0,116.51,0.04694,-0.32854,0.02006,0.01183,0.85193
7100.22,SYN.BTC-6DEC19,1574420341750,open,0.06,5.0,0.0175,0.0685,0.03896579,79.08,0.035,0.0,BTC-6DEC19-7500-C,7090.34,75.78,0.0365,18.0,0.042,52.8,83.12,5.31326,-15.14079,0.94871,0.00035,0.39044
148.0,SYN.ETH-6DEC19,1574420341755,open,0.07,5.0,0.073,0.153,0.112258,78.8,0.035,0.0,ETH-6DEC19-160-P,147.92,69.8,0.106,369.0,0.127,369.0,99.04,0.10492,-0.29791,-0.04383,0.01599,-0.66667
147.97,SYN.ETH-29NOV19,1574420341767,open,0.01,2224.0,0.004,0.05,0.022511,83.29,0.014,0.0,ETH-29NOV19-140-P,147.92,75.78,0.019,340.0,0.032,510.0,102.92,0.06997,-0.42379,-0.00882,0.02037,-0.29402
147.94,SYN.ETH-29NOV19,1574420341772,open,0.0,300.0,0.001,0.031,0.01069,96.11,0.01,0.0,ETH-29NOV19-130-P,147.92,83.64,0.007,398.0,0.015,550.0,108.98,0.04687,-0.32754,-0.00442,0.01183,-0.14774
7100.22,SYN.BTC-6DEC19,1574420341768,open,0.06,5.0,0.0175,0.0685,0.03896579,79.08,0.035,0.0,BTC-6DEC19-7500-C,7090.34,75.78,0.0365,18.0,0.042,36.8,83.12,5.31326,-15.14079,0.94871,0.00035,0.39044
148.0,SYN.ETH-6DEC19,1574420341779,open,0.19,0.0,0.107,0.174,0.141364,85.97,None,0.0,ETH-6DEC19-130-C,147.92,69.35,0.133,40.0,0.149,40.0,99.61,0.07971,-0.24693,0.0373,0.01114,0.80438
148.0,SYN.ETH-6DEC19,1574420341787,open,0.19,0.0,0.107,0.174,0.141364,85.97,None,0.0,ETH-6DEC19-130-C,147.92,69.35,0.133,40.0,0.15,40.0,101.33,0.07971,-0.24693,0.0373,0.01114,0.80438
148.19,ETH-27DEC19,1574420341962,open,3.8,1.0,3.979,4.286,4.128551,110.0,3.236,0.0,ETH-27DEC19-760-P,147.93,0.0,0.02,50.0,0.0,0.0,0.0,0.0,-1e-05,-0.72618,0.0,-1.0
150.42,ETH-27MAR20,1574420341962,open,2.99,0.0,3.132,3.404,3.260286,109.98,None,0.0,ETH-27MAR20-640-P,147.93,0.0,0.01,50.0,0.0,0.0,0.0,0.05588,-0.02441,-2.19575,0.00065,-0.97252
148.19,ETH-27DEC19,1574420341962,open,0.0,6174.0,0.001,0.011,0.0,110.0,0.001,0.0,ETH-27DEC19-720-C,147.93,0.0,0.0,0.0,0.003,300.0,207.26,1e-05,-1e-05,0.0,0.0,0.0
148.19,ETH-27DEC19,1574420341962,open,0.9,1.0,0.966,1.097,1.027745,109.98,0.494,0.0,ETH-27DEC19-300-P,147.93,0.0,0.02,50.0,0.0,0.0,0.0,0.02979,-0.04698,-0.2831,0.00129,-0.97159
148.19,ETH-27DEC19,1574420341962,open,0.0,10059.0,0.001,0.011,0.000279,110.0,0.002,0.0,ETH-27DEC19-400-C,147.93,124.91,0.001,1436.0,0.005,350.0,153.36,0.00416,-0.00656,0.00038,0.00018,0.00298
148.19,ETH-27DEC19,1574420341962,open,0.01,2112.0,0.001,0.018,0.005374,109.55,0.005,0.0,ETH-27DEC19-280-C,147.93,108.22,0.005,370.0,0.008,670.0,117.67,0.04238,-0.06656,0.00542,0.00184,0.04367
150.42,ETH-27MAR20,1574420341962,open,0.07,1442.0,0.03,0.107,0.064552,88.42,0.067,0.0,ETH-27MAR20-240-C,147.93,88.13,0.064,300.0,0.074,296.0,93.28,0.28711,-0.10084,0.10192,0.00416,0.26103
148.19,ETH-27DEC19,1574420341962,open,0.02,6600.0,0.01,0.052,0.027286,83.94,0.03,0.0,ETH-27DEC19-120-P,147.93,79.72,0.024,400.0,0.03,24.0,87.33,0.11716,-0.141,-0.02834,0.00665,-0.17286
148.19,ETH-27DEC19,1574420341962,open,0.0,1216.0,0.001,0.011,0.000741,110.0,0.004,0.0,ETH-27DEC19-360-C,147.93,123.55,0.002,477.0,0.005,350.0,140.44,0.0093,-0.01467,0.00093,0.0004,0.00733
150.42,ETH-27MAR20,1574420341962,open,2.74,0.0,2.874,3.133,2.995949,109.98,None,0.0,ETH-27MAR20-600-P,147.93,0.0,0.03,50.0,0.0,0.0,0.0,0.06735,-0.02942,-2.05502,0.00078,-0.96556
148.2,ETH-27DEC19,1574420341962,open,0.0,12762.0,0.001,0.011,1e-06,110.0,0.001,0.0,ETH-27DEC19-680-C,147.93,0.0,0.0,0.0,0.005,300.0,214.47,2e-05,-3e-05,0.0,0.0,1e-05
150.42,ETH-27MAR20,1574420341962,open,0.01,5207.0,0.001,0.023,0.007117,109.98,0.008,0.0,ETH-27MAR20-600-C,147.93,109.71,0.007,220.0,0.01,1.0,115.73,0.06735,-0.02942,0.01417,0.00078,0.03444
148.2,ETH-27DEC19,1574420341962,open,0.0,11107.0,0.001,0.011,7e-06,109.99,0.001,0.0,ETH-27DEC19-560-C,147.93,0.0,0.0,0.0,0.004,300.0,187.13,0.00017,-0.00026,1e-05,1e-05,9e-05
150.42,ETH-27MAR20,1574420341962,open,0.32,40.0,0.248,0.336,0.293032,83.56,0.459,0.0,ETH-27MAR20-120-C,147.93,34.28,0.214,1.0,0.0,0.0,0.0,0.27471,-0.09118,0.24215,0.00421,0.75984
150.42,ETH-27MAR20,1574420341962,open,0.09,777.0,0.042,0.125,0.080445,87.05,0.083,0.0,ETH-27MAR20-220-C,147.93,86.35,0.079,300.0,0.09,291.0,91.59,0.31282,-0.10817,0.12049,0.00461,0.31272
150.42,ETH-27MAR20,1574420341962,open,0.02,884.0,0.004,0.042,0.017018,105.21,0.018,0.0,ETH-27MAR20-440-C,147.93,103.99,0.016,25.0,0.02,260.0,108.59,0.12708,-0.05311,0.03091,0.00155,0.07661
150.42,ETH-27MAR20,1574420341962,open,0.05,1841.0,0.018,0.083,0.045483,92.51,0.06,0.0,ETH-27MAR20-280-C,147.93,92.2,0.045,310.0,0.053,554.0,97.07,0.24091,-0.08852,0.07578,0.00334,0.19156
150.42,ETH-27MAR20,1574420341962,open,0.02,1167.0,0.005,0.047,0.019808,101.47,0.02,0.0,ETH-27MAR20-400-C,147.93,101.67,0.02,2.0,0.024,261.0,105.66,0.14293,-0.05761,0.03619,0.00181,0.08957
148.2,ETH-27DEC19,1574420341962,open,0.0,2159.0,0.001,0.012,0.002008,109.99,0.004,0.0,ETH-27DEC19-320-C,147.93,121.31,0.004,48.0,0.006,350.0,129.39,0.0204,-0.03217,0.00228,0.00088,0.01813
148.2,ETH-27DEC19,1574420341962,open,0.0,13207.0,0.001,0.011,1.7e-05,109.99,0.001,0.0,ETH-27DEC19-520-C,147.93,0.0,0.0,0.0,0.005,460.0,184.31,0.00037,-0.00058,3e-05,2e-05,0.00021
150.42,ETH-27MAR20,1574420341963,open,0.01,2344.0,0.002,0.032,0.011241,108.66,0.012,0.0,ETH-27MAR20-520-C,147.93,108.28,0.011,80.0,0.013,221.0,111.35,0.09415,-0.04064,0.0212,0.00111,0.05211
150.42,ETH-27MAR20,1574420341963,open,0.03,580.0,0.007,0.055,0.024902,98.46,0.027,0.0,ETH-27MAR20-360-C,147.93,98.55,0.025,7.0,0.027,1.0,100.31,0.1674,-0.06547,0.04477,0.00218,0.1112
150.43,ETH-27MAR20,1574420341963,open,0.25,0.0,0.174,0.271,0.223261,83.35,None,0.0,ETH-27MAR20-140-C,147.93,74.94,0.205,252.0,0.235,252.0,88.76,0.32642,-0.10807,0.22258,0.00502,0.6523
150.43,ETH-27MAR20,1574420341963,open,0.04,1031.0,0.011,0.066,0.032849,95.51,0.035,0.0,ETH-27MAR20-320-C,147.93,94.87,0.032,260.0,0.039,559.0,99.96,0.19981,-0.0758,0.05733,0.00268,0.14336
150.43,ETH-27MAR20,1574420341963,open,0.02,1572.0,0.003,0.037,0.013965,107.35,0.016,0.0,ETH-27MAR20-480-C,147.93,106.0,0.013,25.0,0.016,1.0,110.02,0.11012,-0.04696,0.02575,0.00131,0.06359
147.97,SYN.ETH-29NOV19,1574420341962,open,0.65,0.0,0.706,0.811,0.757079,110.0,None,0.0,ETH-29NOV19-260-P,147.93,0.0,0.01,50.0,0.0,0.0,0.0,0.0001,-0.00081,-0.04897,2e-05,-0.99987
148.2,ETH-27DEC19,1574420341964,open,0.01,4110.0,0.002,0.027,0.011386,98.26,0.009,0.0,ETH-27DEC19-100-P,147.93,92.46,0.009,360.0,0.014,350.0,104.03,0.06415,-0.09037,-0.01208,0.00311,-0.07395
148.2,ETH-27DEC19,1574420341963,open,2.54,0.0,2.669,2.895,2.778939,140.84,0.845,0.0,ETH-27DEC19-560-P,147.93,0.0,0.02,50.0,0.0,0.0,0.0,0.00328,-0.00662,-0.53479,0.00011,-0.99771
148.2,ETH-27DEC19,1574420341963,open,1.27,257.0,1.359,1.508,1.430055,112.42,0.995,0.0,ETH-27DEC19-360-P,147.93,0.0,0.02,50.0,0.0,0.0,0.0,0.01075,-0.01733,-0.34288,0.00046,-0.99135
150.43,ETH-27MAR20,1574420341964,open,0.01,886.0,0.001,0.028,0.009161,109.84,0.009,0.0,ETH-27MAR20-560-C,147.93,107.59,0.008,220.0,0.011,220.0,113.07,0.08095,-0.03532,0.01763,0.00094,0.04315
148.2,ETH-27DEC19,1574420341964,open,3.04,0.0,3.193,3.451,3.318781,154.38,None,0.0,ETH-27DEC19-640-P,147.93,0.0,0.02,50.0,0.0,0.0,0.0,0.00336,-0.00744,-0.61123,0.0001,-0.99765
150.43,ETH-27MAR20,1574420341963,open,0.01,393.0,0.001,0.019,0.005533,109.97,0.008,0.0,ETH-27MAR20-640-C,147.93,111.2,0.006,220.0,0.009,221.0,117.86,0.05588,-0.02441,0.01139,0.00065,0.02748
148.2,ETH-27DEC19,1574420341964,open,0.0,6668.0,0.001,0.011,4.2e-05,109.99,0.001,0.0,ETH-27DEC19-480-C,147.93,0.0,0.0,0.0,0.002,315.0,155.46,0.00083,-0.0013,7e-05,4e-05,0.00051
148.2,ETH-27DEC19,1574420341964,open,0.01,4135.0,0.001,0.023,0.007846,106.75,0.01,0.0,ETH-27DEC19-260-C,147.93,107.16,0.008,200.0,0.01,670.0,112.08,0.05597,-0.08565,0.00766,0.0025,0.06197
148.2,ETH-27DEC19,1574420341964,open,3.29,1.0,3.455,3.729,3.588704,160.63,2.792,0.0,ETH-27DEC19-680-P,147.93,0.0,0.02,50.0,0.0,0.0,0.0,0.00343,-0.00789,-0.64944,0.0001,-0.9976
148.2,ETH-27DEC19,1574420341964,open,0.0,16677.0,0.001,0.011,1e-06,110.0,0.001,0.0,ETH-27DEC19-640-C,147.93,0.0,0.0,0.0,0.003,300.0,194.81,4e-05,-6e-05,0.0,0.0,2e-05
148.2,ETH-27DEC19,1574420341964,open,0.01,7074.0,0.001,0.025,0.009235,98.38,0.012,0.0,ETH-27DEC19-240-C,147.93,95.48,0.008,370.0,0.011,30.0,102.2,0.06545,-0.09231,0.00944,0.00317,0.07591
148.2,ETH-27DEC19,1574420341965,open,1.15,0.0,1.228,1.37,1.29557,111.58,None,0.0,ETH-27DEC19-340-P,147.93,0.0,0.002,50.0,0.0,0.0,0.0,0.01504,-0.02405,-0.32326,0.00064,-0.98729
148.2,ETH-27DEC19,1574420341965,open,0.01,2177.0,0.001,0.013,0.003317,109.97,0.007,0.0,ETH-27DEC19-300-C,147.93,113.17,0.004,370.0,0.007,670.0,124.19,0.0298,-0.04698,0.00355,0.00129,0.02842
148.2,ETH-27DEC19,1574420341965,open,1.02,100.0,1.097,1.233,1.161398,111.03,0.883,0.0,ETH-27DEC19-320-P,147.93,0.0,0.01,50.0,0.0,0.0,0.0,0.02139,-0.03405,-0.30335,0.00092,-0.98084
148.2,ETH-27DEC19,1574420341965,open,2.03,21.0,2.145,2.339,2.239127,126.55,0.629,0.0,ETH-27DEC19-480-P,147.93,0.0,0.002,50.0,0.0,0.0,0.0,0.00354,-0.00642,-0.45832,0.00013,-0.99751
151.73,SYN.ETH-26JUN20,1574420341963,open,2.49,0.0,2.594,2.865,2.720892,103.08,None,0.0,ETH-26JUN20-560-P,147.93,0.0,0.01,50.0,0.0,0.0,0.0,0.21468,-0.05102,-3.25872,0.00152,-0.89363
148.2,ETH-27DEC19,1574420341965,open,0.0,836.0,0.001,0.011,0.001218,109.99,0.003,0.0,ETH-27DEC19-340-C,147.93,116.98,0.002,130.0,0.005,350.0,133.29,0.01382,-0.0218,0.00146,0.0006,0.01153
147.97,SYN.ETH-29NOV19,1574420341962,open,0.0,2585.0,0.001,0.011,0.000184,110.0,0.001,0.0,ETH-29NOV19-100-P,147.93,0.0,0.0,0.0,0.004,300.0,172.97,0.00229,-0.0183,-0.00011,0.0005,-0.00378
150.43,ETH-27MAR20,1574420341965,open,0.02,834.0,0.008,0.041,0.020891,89.43,0.01,0.0,ETH-27MAR20-80-P,147.93,84.37,0.017,620.0,0.024,320.0,93.2,0.12051,-0.04281,-0.04791,0.00173,-0.07146
148.2,ETH-27DEC19,1574420341965,open,0.0,4535.0,0.001,0.011,0.0,110.0,0.002,0.0,ETH-27DEC19-760-C,147.93,0.0,0.0,0.0,0.002,300.0,203.41,0.0,-1e-05,0.0,0.0,0.0
147.97,SYN.ETH-29NOV19,1574420341962,open,0.0,4008.0,0.001,0.011,0.000619,109.94,0.001,0.0,ETH-29NOV19-210-C,147.93,0.0,0.0,0.0,0.003,11.0,139.34,0.00653,-0.05218,0.00033,0.00144,0.0124
148.03,SYN.ETH-6DEC19,1574420341962,open,0.0,0.001,0.015,0.004045,96.96,None,0.0,ETH-6DEC19-110-P,147.93,84.42,0.002,200.0,0.011,200.0,124.06,0.02879,-0.10057,-0.00293,0.00356,-0.04795
151.73,SYN.ETH-26JUN20,1574420341963,open,2.98,0.0,3.104,3.405,3.245108,107.9,None,0.0,ETH-26JUN20-640-P,147.93,0.0,0.0,0.0,0.0,0.0,0.0,0.19663,-0.04892,-3.74221,0.00133,-0.90569
148.03,SYN.ETH-6DEC19,1574420341962,open,0.01,285.0,0.001,0.02,0.005989,86.99,0.007,0.0,ETH-6DEC19-190-C,147.93,83.51,0.005,550.0,0.008,1.0,93.28,0.04401,-0.13795,0.00432,0.00607,0.08273
147.97,SYN.ETH-29NOV19,1574420341962,open,0.27,100.0,0.313,0.399,0.353028,109.15,0.149,0.0,ETH-29NOV19-200-P,147.93,0.0,0.02,60.0,0.0,0.0,0.0,0.01243,-0.09867,-0.03698,0.00276,-0.97358
151.73,SYN.ETH-26JUN20,1574420341962,open,0.04,42.0,0.011,0.074,0.035298,102.46,0.037,0.0,ETH-26JUN20-520-C,147.93,100.3,0.032,140.0,0.041,140.0,105.98,0.23684,-0.05595,0.07826,0.00169,0.1221
151.73,SYN.ETH-26JUN20,1574420341962,open,0.83,0.0,0.855,1.045,0.946263,92.53,None,0.0,ETH-26JUN20-280-P,147.93,0.0,0.0,0.0,0.0,0.0,0.0,0.4113,-0.08774,-1.47725,0.00325,-0.69228
148.03,SYN.ETH-6DEC19,1574420341962,open,0.01,25.0,0.001,0.014,0.003435,100.42,0.004,0.0,ETH-6DEC19-210-C,147.93,91.5,0.002,351.0,0.007,417.0,115.76,0.02769,-0.1002,0.00238,0.00331,0.04568
147.97,SYN.ETH-29NOV19,1574420341962,open,0.0,569.0,0.001,0.011,0.0,110.0,0.001,0.0,ETH-29NOV19-320-C,147.93,0.0,0.0,0.0,0.004,300.0,273.63,0.0,0.0,0.0,0.0,0.0
148.03,SYN.ETH-6DEC19,1574420341962,open,0.0,0.235,0.287,0.260789,96.18,None,0.0,ETH-6DEC19-110-C,147.93,0.0,0.0,0.0,0.0,0.0,0.0,0.02821,-0.09778,0.03897,0.00352,0.95324
151.73,SYN.ETH-26JUN20,1574420341963,open,2.24,0.0,2.341,2.6,2.46238,102.46,None,0.0,ETH-26JUN20-520-P,147.93,0.0,0.01,50.0,0.0,0.0,0.0,0.23684,-0.05595,-3.01148,0.00169,-0.8779
151.73,SYN.ETH-26JUN20,1574420341964,open,0.51,0.0,0.514,0.682,0.595897,88.18,None,0.0,ETH-26JUN20-220-P,147.93,36.12,0.464,1.0,0.633,1.0,100.39,0.45674,-0.09285,-1.06184,0.00379,-0.58188
148.03,SYN.ETH-6DEC19,1574420341962,open,0.25,0.0,0.169,0.23,0.199752,94.26,None,0.0,ETH-6DEC19-120-C,147.93,0.0,0.0,0.0,0.0,0.0,0.0,0.05378,-0.18266,0.03892,0.00685,0.89139
147.97,SYN.ETH-29NOV19,1574420341962,open,0.0,2081.0,0.001,0.011,0.000247,110.0,0.001,0.0,ETH-29NOV19-220-C,147.93,0.0,0.0,0.0,0.003,335.0,153.86,0.00313,-0.02501,0.00014,0.00069,0.00536
147.97,SYN.ETH-29NOV19,1574420341962,open,0.0,501.0,0.001,0.011,0.001609,95.51,0.002,0.0,ETH-29NOV19-190-C,147.93,106.86,0.003,1.0,0.006,416.0,123.77,0.01486,-0.10324,0.00087,0.00377,0.03277
151.73,SYN.ETH-26JUN20,1574420341962,open,0.03,4.0,0.02,0.07,0.041948,86.45,0.026,0.0,ETH-26JUN20-80-P,147.93,83.44,0.038,250.0,0.046,250.0,89.45,0.20206,-0.04027,-0.12606,0.00171,-0.09787
147.97,SYN.ETH-29NOV19,1574420341964,open,0.24,50.0,0.166,0.223,0.194056,109.49,0.344,0.0,ETH-29NOV19-120-C,147.93,0.0,0.0,0.0,0.0,0.0,0.0,0.02752,-0.21913,0.02049,0.00609,0.92915
148.03,SYN.ETH-6DEC19,1574420341962,open,0.01,20.0,0.001,0.016,0.004166,92.68,0.009,0.0,ETH-6DEC19-200-C,147.93,87.02,0.003,551.0,0.009,415.0,109.87,0.03331,-0.11125,0.00301,0.00432,0.05764
147.97,SYN.ETH-29NOV19,1574420341962,open,0.46,0.0,0.51,0.604,0.554744,127.5,None,0.0,ETH-29NOV19-230-P,147.93,0.0,0.01,50.0,0.0,0.0,0.0,0.0042,-0.03896,-0.04313,0.0008,-0.99251
151.73,SYN.ETH-26JUN20,1574420341962,open,0.18,393.0,0.112,0.226,0.168336,86.57,0.18,0.0,ETH-26JUN20-200-C,147.93,85.16,0.164,483.0,0.181,483.0,90.7,0.4651,-0.09283,0.27019,0.00393,0.46803
147.97,SYN.ETH-29NOV19,1574420341962,open,0.07,3.0,0.011,0.065,0.035767,76.7,0.044,0.0,ETH-29NOV19-150-C,147.93,67.96,0.031,194.0,0.046,158.0,95.42,0.08079,-0.45058,0.01209,0.02554,0.46947
151.73,SYN.ETH-26JUN20,1574420341963,open,2.0,0.0,2.088,2.335,2.203888,101.08,None,0.0,ETH-26JUN20-480-P,147.93,0.0,0.01,50.0,0.0,0.0,0.0,0.25804,-0.06014,-2.76391,0.00187,-0.8618
151.73,SYN.ETH-26JUN20,1574420341964,open,0.01,185.0,0.006,0.031,0.015833,87.59,0.01,0.0,ETH-26JUN20-60-P,147.93,68.15,0.005,300.0,0.024,300.0,98.05,0.10783,-0.02178,-0.05347,0.0009,-0.04348
151.73,SYN.ETH-26JUN20,1574420341963,open,2.73,0.0,2.85,3.137,2.98449,106.75,None,0.0,ETH-26JUN20-600-P,147.93,0.0,0.0,0.0,0.0,0.0,0.0,0.21116,-0.05197,-3.49854,0.00145,-0.89603
151.73,SYN.ETH-26JUN20,1574420341962,open,0.45,0.0,0.38,0.464,0.422206,84.57,None,0.0,ETH-26JUN20-100-C,147.93,38.91,0.35,1.0,0.0,0.0,0.0,0.29276,-0.05708,0.37023,0.00253,0.83286
147.97,SYN.ETH-29NOV19,1574420341962,open,0.01,4732.0,0.001,0.015,0.002987,88.33,0.003,0.0,ETH-29NOV19-180-C,147.93,81.61,0.002,551.0,0.006,50.0,103.49,0.02416,-0.1552,0.00159,0.00663,0.0599
151.73,SYN.ETH-26JUN20,1574420341963,open,0.03,87.0,0.008,0.062,0.027161,107.9,0.027,0.0,ETH-26JUN20-640-C,147.93,107.78,0.027,47.0,0.029,1.0,109.3,0.19663,-0.04892,0.06054,0.00133,0.09431
148.03,SYN.ETH-6DEC19,1574420341963,open,0.03,152.0,0.003,0.039,0.016612,79.04,0.02,0.0,ETH-6DEC19-170-C,147.93,76.09,0.015,538.0,0.025,327.0,93.24,0.08219,-0.23409,0.01065,0.01248,0.2058
147.97,SYN.ETH-29NOV19,1574420341962,open,0.0,101.0,0.001,0.011,9.4e-05,109.96,0.002,0.0,ETH-29NOV19-230-C,147.93,0.0,0.0,0.0,0.005,300.0,183.27,0.00141,-0.01125,6e-05,0.00031,0.00221
147.97,SYN.ETH-29NOV19,1574420341965,open,0.0,2543.0,0.001,0.011,0.001432,109.15,0.001,0.0,ETH-29NOV19-200-C,147.93,103.41,0.001,21.0,0.005,370.0,136.79,0.01243,-0.09867,0.0007,0.00276,0.02642
151.73,SYN.ETH-26JUN20,1574420341962,open,0.06,512.0,0.047,0.121,0.08126,84.57,0.052,0.0,ETH-26JUN20-100-P,147.93,80.78,0.074,540.0,0.086,250.0,87.02,0.29276,-0.05708,-0.22395,0.00253,-0.16714
151.73,SYN.ETH-26JUN20,1574420341965,open,0.03,108.0,0.009,0.066,0.030188,103.08,0.046,0.0,ETH-26JUN20-560-C,147.93,102.24,0.029,140.0,0.033,1.0,105.03,0.21468,-0.05102,0.06869,0.00152,0.10637
147.97,SYN.ETH-29NOV19,1574420341964,open,0.0,359.0,0.001,0.011,1e-06,110.0,0.002,0.0,ETH-29NOV19-280-C,147.93,0.0,0.0,0.0,0.002,300.0,212.22,1e-05,-8e-05,0.0,0.0,2e-05
151.73,SYN.ETH-26JUN20,1574420341964,open,0.21,335.0,0.139,0.254,0.196972,85.09,0.212,0.0,ETH-26JUN20-180-C,147.93,84.13,0.194,478.0,0.214,268.0,90.65,0.46554,-0.09133,0.29746,0.004,0.52691
147.97,SYN.ETH-29NOV19,1574420341964,open,0.0,1949.0,0.001,0.011,3.5e-05,110.0,0.001,0.0,ETH-29NOV19-240-C,147.93,0.0,0.0,0.0,0.005,300.0,196.83,0.00061,-0.00487,2e-05,0.00013,0.00088
147.97,SYN.ETH-29NOV19,1574420341962,open,0.0,399.0,0.001,0.011,0.0,110.0,0.001,0.0,ETH-29NOV19-300-C,147.93,0.0,0.0,0.0,0.002,300.0,230.86,0.0,-1e-05,0.0,0.0,0.0
151.73,SYN.ETH-26JUN20,1574420341965,open,0.06,642.0,0.022,0.1,0.054304,97.61,0.062,0.0,ETH-26JUN20-400-C,147.93,96.46,0.052,142.0,0.06,141.0,100.36,0.30781,-0.06927,0.11409,0.00231,0.18085
151.73,SYN.ETH-26JUN20,1574420341965,open,0.05,624.0,0.016,0.086,0.044199,98.15,0.05,0.0,ETH-26JUN20-440-C,147.93,96.35,0.041,440.0,0.048,1.0,100.21,0.27482,-0.06219,0.09697,0.00205,0.15175
151.73,SYN.ETH-26JUN20,1574420341962,open,0.37,41.0,0.296,0.396,0.347456,84.57,0.469,0.0,ETH-26JUN20-120-C,147.93,74.9,0.324,210.0,0.374,210.0,95.49,0.36881,-0.07191,0.36617,0.00319,0.7536
147.97,SYN.ETH-29NOV19,1574420341964,open,0.52,0.0,0.575,0.673,0.62195,110.0,None,0.0,ETH-29NOV19-240-P,147.93,0.0,0.01,50.0,0.0,0.0,0.0,0.00061,-0.00487,-0.04519,0.00013,-0.99912
151.73,SYN.ETH-26JUN20,1574420341964,open,0.64,1.0,0.6,0.642,0.6204,87.59,0.69,0.0,ETH-26JUN20-60-C,147.93,0.0,0.604,1.0,0.0,0.0,0.0,0.10783,-0.02178,0.30304,0.0009,0.95652
147.97,SYN.ETH-29NOV19,1574420341963,open,0.9,0.0,0.968,1.089,1.027394,109.93,None,0.0,ETH-29NOV19-300-P,147.93,0.0,0.01,50.0,0.0,0.0,0.0,0.0,-2e-05,-0.05651,0.0,-1.0
147.97,SYN.ETH-29NOV19,1574420341966,open,0.77,0.0,0.837,0.95,0.892235,109.99,None,0.0,ETH-29NOV19-280-P,147.93,0.0,0.01,50.0,0.0,0.0,0.0,1e-05,-0.00012,-0.05274,0.0,-0.99998
151.73,SYN.ETH-26JUN20,1574420341975,open,0.51,0.0,0.514,0.682,0.595897,88.18,None,0.0,ETH-26JUN20-220-P,147.93,35.44,0.463,1.0,0.633,1.0,100.39,0.45674,-0.09285,-1.06184,0.00379,-0.58188
151.73,SYN.ETH-26JUN20,1574420341983,open,0.61,0.0,0.623,0.798,0.70809,89.18,None,0.0,ETH-26JUN20-240-P,147.93,33.96,0.587,1.0,0.0,0.0,0.0,0.44284,-0.09105,-1.20347,0.00363,-0.62678
148.03,SYN.ETH-6DEC19,1574420341988,open,0.16,0.0,0.185,0.27,0.225669,82.66,None,0.0,ETH-6DEC19-180-P,147.93,0.0,0.215,1.0,0.265,1.0,151.06,0.06061,-0.18055,-0.06173,0.0088,-0.87135
148.2,ETH-27DEC19,1574420342000,open,0.53,2355.0,0.576,0.688,0.628777,98.63,0.495,0.0,ETH-27DEC19-240-P,147.93,0.0,0.619,50.0,0.642,1.0,121.95,0.06585,-0.09312,-0.21981,0.00318,-0.92347
147.97,SYN.ETH-29NOV19,1574420342005,open,0.21,2.0,0.247,0.329,0.285885,97.98,0.058,0.0,ETH-29NOV19-190-P,147.93,0.0,0.284,10.0,0.304,1.0,172.51,0.01627,-0.11596,-0.03482,0.00403,-0.96341
151.73,SYN.ETH-26JUN20,1574420342015,open,0.51,0.0,0.514,0.682,0.595897,88.18,None,0.0,ETH-26JUN20-220-P,147.93,35.44,0.463,1.0,0.632,1.0,100.06,0.45674,-0.09285,-1.06184,0.00379,-0.58188
151.73,SYN.ETH-26JUN20,1574420342017,open,0.45,0.0,0.379,0.464,0.422206,84.57,None,0.0,ETH-26JUN20-100-C,147.93,39.95,0.351,1.0,0.0,0.0,0.0,0.29276,-0.05708,0.37023,0.00253,0.83286
148.2,ETH-27DEC19,1574420342026,open,0.53,2355.0,0.576,0.688,0.628777,98.63,0.495,0.0,ETH-27DEC19-240-P,147.93,0.0,0.619,50.0,0.641,1.0,120.47,0.06585,-0.09312,-0.21981,0.00318,-0.92347
148.2,ETH-27DEC19,1574420342115,open,0.18,4662.0,0.202,0.298,0.248321,80.33,0.256,0.0,ETH-27DEC19-180-P,147.93,28.15,0.215,19.0,0.269,365.0,99.97,0.14711,-0.16942,-0.14065,0.00873,-0.74497
7217.12,BTC-27MAR20,1574420342315,open,3.16,0.0,3.347,3.5395,3.43704717,104.61,None,0.0,BTC-27MAR20-32000-P,7090.34,0.0,0.001,1.0,0.0,0.0,0.0,1.79824,-0.74723,-110.00879,1e-05,-0.98287
7095.21,SYN.BTC-29NOV19,1574420342343,open,0.01,248.0,0.0005,0.02,0.00478126,80.71,0.005,0.0,BTC-29NOV19-8250-C,7090.34,81.72,0.005,15.3,0.007,20.0,89.46,1.65595,-9.71868,0.12166,0.00022,0.09579
7100.27,SYN.BTC-6DEC19,1574420342344,open,0.03,53.1,0.0455,0.108,0.07329385,79.19,0.084,0.0,BTC-6DEC19-7250-P,7090.34,76.88,0.0715,2.0,0.077,18.0,83.96,5.51361,-15.73303,-1.60982,0.00036,-0.52311
7100.27,SYN.BTC-6DEC19,1574420342354,open,0.03,53.1,0.0455,0.108,0.07329385,79.19,0.084,0.0,BTC-6DEC19-7250-P,7090.34,76.88,0.0715,2.0,0.077,27.8,83.96,5.51361,-15.73303,-1.60982,0.00036,-0.52311
7100.27,SYN.BTC-6DEC19,1574420342352,open,0.04,22.9,0.0105,0.056,0.02864298,79.18,0.0255,0.0,BTC-6DEC19-7750-C,7090.34,76.79,0.027,2.0,0.031,17.0,82.58,4.8982,-13.97584,0.76506,0.00032,0.31208
7100.27,SYN.BTC-6DEC19,1574420342358,open,0.01,16.0,0.0005,0.025,0.00776646,81.5,0.01,0.0,BTC-6DEC19-8750-C,7090.34,80.76,0.0075,60.8,0.0105,38.0,88.54,2.5753,-7.56335,0.27154,0.00016,0.10837
148.2,ETH-27DEC19,1574420342366,open,0.0,1027.0,0.001,0.011,0.000453,109.99,0.002,0.0,ETH-27DEC19-380-C,147.93,119.46,0.001,151.0,0.005,350.0,147.1,0.00623,-0.00983,0.0006,0.00027,0.00467
7100.27,SYN.BTC-6DEC19,1574420342358,open,0.04,22.9,0.0105,0.056,0.02864298,79.18,0.0255,0.0,BTC-6DEC19-7750-C,7090.34,76.79,0.027,2.0,0.031,26.8,82.58,4.8982,-13.97584,0.76506,0.00032,0.31208
7217.12,BTC-27MAR20,1574420342366,open,0.01,216.1,0.002,0.0365,0.01170484,101.04,0.014,0.0,BTC-27MAR20-22000-C,7090.34,98.38,0.01,40.0,0.014,22.0,104.28,4.83955,-1.94234,1.12369,3e-05,0.05685
148.2,ETH-27DEC19,1574420342420,open,0.0,1027.0,0.001,0.011,0.000453,109.99,0.002,0.0,ETH-27DEC19-380-C,147.93,119.46,0.001,471.0,0.005,350.0,147.1,0.00623,-0.00983,0.0006,0.00027,0.00467
148.03,SYN.ETH-6DEC19,1574420342510,open,0.02,67.0,0.001,0.027,0.009432,82.05,0.013,0.0,ETH-6DEC19-180-C,147.93,80.98,0.009,210.0,0.016,341.0,96.53,0.05996,-0.17729,0.0066,0.00877,0.12665
148.2,ETH-27DEC19,1574420342511,open,0.09,1465.0,0.035,0.099,0.065687,78.62,0.067,0.0,ETH-27DEC19-160-C,147.93,73.91,0.06,677.0,0.07,380.0,82.18,0.17936,-0.20218,0.05063,0.01087,0.4232
150.42,ETH-27MAR20,1574420342513,open,0.03,38.0,0.022,0.076,0.045824,84.46,0.03,0.0,ETH-27MAR20-100-P,147.93,81.54,0.042,320.0,0.052,618.0,89.07,0.19857,-0.06662,-0.09747,0.00301,-0.14207
151.73,SYN.ETH-26JUN20,1574420342515,open,0.25,53.0,0.178,0.292,0.236097,84.57,0.237,0.0,ETH-26JUN20-160-C,147.93,84.54,0.236,1.0,0.248,210.0,88.57,0.45286,-0.0883,0.32502,0.00391,0.59661
7100.27,SYN.BTC-6DEC19,1574420342546,open,0.15,0.2,0.085,0.1425,0.11175269,81.06,0.1065,0.0,BTC-6DEC19-6500-C,7090.34,77.49,0.1095,4.0,0.117,4.0,89.22,4.50616,-13.16255,1.69099,0.00029,0.73823
7095.21,SYN.BTC-29NOV19,1574420342553,open,0.12,4.3,0.046,0.1015,0.07204329,81.11,0.077,0.0,BTC-29NOV19-6750-C,7090.34,77.14,0.07,12.0,0.077,19.0,91.55,3.42214,-20.18608,0.8298,0.00044,0.69276
7100.27,SYN.BTC-6DEC19,1574420342583,open,0.02,13.8,0.0175,0.0685,0.03865151,79.35,0.0455,0.0,BTC-6DEC19-6750-P,7090.34,78.44,0.038,20.8,0.0435,16.0,86.09,5.08934,-14.55161,-1.03009,0.00033,-0.34298
7100.27,SYN.BTC-6DEC19,1574420342604,open,0.02,13.8,0.0175,0.0685,0.03865151,79.35,0.0455,0.0,BTC-6DEC19-6750-P,7090.34,78.44,0.038,20.8,0.043,15.0,85.39,5.08934,-14.55161,-1.03009,0.00033,-0.34298
7095.21,SYN.BTC-29NOV19,1574420342624,open,0.01,154.2,0.0065,0.05,0.02338897,81.54,0.0275,0.0,BTC-29NOV19-6750-P,7090.34,80.59,0.023,7.0,0.0275,16.0,89.83,3.42568,-20.3134,-0.44297,0.00044,-0.30796
7095.21,SYN.BTC-29NOV19,1574420342635,open,0.01,154.2,0.0065,0.05,0.02338897,81.54,0.0275,0.0,BTC-29NOV19-6750-P,7090.34,79.55,0.0225,27.0,0.0275,16.0,89.83,3.42568,-20.3134,-0.44297,0.00044,-0.30796
7095.21,SYN.BTC-29NOV19,1574420342637,open,0.01,154.2,0.0065,0.05,0.02338897,81.54,0.0275,0.0,BTC-29NOV19-6750-P,7090.34,79.55,0.0225,27.0,0.0275,23.0,89.83,3.42568,-20.3134,-0.44297,0.00044,-0.30796
7095.26,SYN.BTC-29NOV19,1574420342647,open,0.08,1065.5,0.1085,0.1685,0.13586601,80.78,0.1645,0.0,BTC-29NOV19-8000-P,7090.34,76.41,0.1345,1.0,0.141,4.0,95.3,2.29253,-13.46636,-1.31476,0.0003,-0.84781
7115.34,BTC-27DEC19,1574420342652,open,5.86,0.8,6.1635,6.4555,6.30820529,177.66,3.59,0.0,BTC-27DEC19-52000-P,7090.69,0.0,0.001,1.0,0.0,0.0,0.0,0.03238,-0.08248,-49.6835,0.0,-0.99959
7217.12,BTC-27MAR20,1574420342652,open,3.68,0.0,3.89,4.1015,3.98989325,104.11,None,0.0,BTC-27MAR20-36000-P,7090.69,0.0,0.0,0.0,0.0,0.0,0.0,1.13865,-0.47087,-123.94384,1e-05,-0.98991
7217.12,BTC-27MAR20,1574420342654,open,2.13,0.0,2.2625,2.424,2.33549396,104.21,None,0.0,BTC-27MAR20-24000-P,7090.69,0.0,0.0005,5.0,0.0,0.0,0.0,4.28068,-1.77192,-81.80587,2e-05,-0.95129
7319.37,SYN.BTC-26JUN20,1574420342652,open,2.1,0.0,2.2255,2.4085,2.30648577,94.75,None,0.0,BTC-26JUN20-24000-P,7090.69,0.0,0.0,0.0,0.0,0.0,0.0,10.16675,-2.22086,-139.29002,3e-05,-0.8963
7319.37,SYN.BTC-26JUN20,1574420342656,open,2.61,0.0,2.7575,2.958,2.84708011,98.34,None,0.0,BTC-26JUN20-28000-P,7090.69,0.0,0.0,0.0,0.0,0.0,0.0,8.55623,-1.93994,-163.73828,3e-05,-0.91786
7319.37,SYN.BTC-26JUN20,1574420342652,open,0.02,13.7,0.005,0.0495,0.01696828,100.77,0.0195,0.0,BTC-26JUN20-32000-C,7090.69,97.57,0.014,34.0,0.0195,20.0,103.24,7.18866,-1.67002,2.10672,2e-05,0.06541
7319.37,SYN.BTC-26JUN20,1574420342652,open,3.12,0.0,3.291,3.5075,3.38869631,100.53,None,0.0,BTC-26JUN20-32000-P,7090.69,0.0,0.0,0.0,0.0,0.0,0.0,7.12997,-1.65247,-188.05064,2e-05,-0.93528
7319.37,SYN.BTC-26JUN20,1574420342652,open,1.85,0.0,1.96,2.1355,2.03749403,92.81,None,0.0,BTC-26JUN20-22000-P,7090.69,0.0,0.11,1.0,0.0,0.0,0.0,11.21085,-2.3987,-126.93185,4e-05,-0.88113
7319.37,SYN.BTC-26JUN20,1574420342655,open,2.86,0.0,3.024,3.232,3.11753449,99.36,None,0.0,BTC-26JUN20-30000-P,7090.69,0.0,0.0,0.0,0.0,0.0,0.0,7.76597,-1.779,-175.92809,2e-05,-0.9277
7319.37,SYN.BTC-26JUN20,1574420342654,open,2.35,0.0,2.491,2.6825,2.57628811,96.47,None,0.0,BTC-26JUN20-26000-P,7090.69,0.0,0.0,0.0,0.0,0.0,0.0,9.26143,-2.05992,-151.56218,3e-05,-0.90868
7319.37,SYN.BTC-26JUN20,1574420342657,open,1.6,0.0,1.697,1.8675,1.77172779,91.83,None,0.0,BTC-26JUN20-20000-P,7090.69,0.0,0.1,1.0,1.88,0.1,137.52,12.74923,-2.69905,-114.31694,4e-05,-0.85684
7115.69,BTC-27DEC19,1574420342679,open,0.17,66.5,0.1105,0.174,0.13994593,76.64,0.175,0.0,BTC-27DEC19-6500-C,7090.69,74.39,0.1375,9.6,0.14,20.0,76.69,7.74208,-8.50715,3.75086,0.00021,0.69162
150.43,ETH-27MAR20,1574420342731,open,0.79,184.0,0.831,0.991,0.906937,92.58,0.791,0.0,ETH-27MAR20-280-P,147.93,42.28,0.862,10.0,0.911,1.0,95.07,0.24118,-0.08869,-0.88973,0.00334,-0.80811
7115.69,BTC-27DEC19,1574420342797,open,0.12,957.0,0.1395,0.2155,0.17384372,76.32,0.1955,0.0,BTC-27DEC19-8000-P,7090.69,73.83,0.171,4.0,0.178,2.0,79.92,8.16804,-8.93701,-5.58437,0.00022,-0.6475
7115.69,BTC-27DEC19,1574420342828,open,0.12,957.0,0.1395,0.2155,0.17384372,76.32,0.1955,0.0,BTC-27DEC19-8000-P,7090.69,73.83,0.171,4.0,0.178,2.6,79.92,8.16804,-8.93701,-5.58437,0.00022,-0.6475
7095.26,SYN.BTC-29NOV19,1574420342913,open,0.08,1065.5,0.1085,0.1685,0.13586601,80.78,0.1645,0.0,BTC-29NOV19-8000-P,7090.69,76.41,0.1345,1.0,0.141,5.0,95.3,2.29253,-13.46636,-1.31476,0.0003,-0.84781
150.43,ETH-27MAR20,1574420342969,open,2.49,0.0,2.617,2.861,2.731825,109.85,None,0.0,ETH-27MAR20-560-P,147.92,0.0,0.02,50.0,0.0,0.0,0.0,0.08096,-0.03533,-1.91361,0.00094,-0.95684
148.19,ETH-27DEC19,1574420342972,open,1.78,0.0,1.883,2.062,1.969068,0.0,None,0.0,ETH-27DEC19-440-P,147.92,0.0,0.002,50.0,0.0,0.0,0.0,0.0,0.0,-0.42042,0.0,-1.0
150.43,ETH-27MAR20,1574420342991,open,1.51,7.0,1.589,1.782,1.67903,101.65,1.643,0.0,ETH-27MAR20-400-P,147.92,0.0,1.657,55.0,1.694,1.0,115.09,0.14363,-0.05799,-1.34306,0.00181,-0.90985
147.98,SYN.ETH-29NOV19,1574420343007,open,0.21,2.0,0.247,0.329,0.285632,96.4,0.058,0.0,ETH-29NOV19-190-P,147.92,0.0,0.283,10.0,0.304,1.0,172.72,0.01539,-0.10785,-0.03489,0.00387,-0.96584
7319.37,SYN.BTC-26JUN20,1574420343254,open,0.27,18.5,0.2055,0.308,0.25178553,77.38,0.245,0.0,BTC-26JUN20-7000-C,7090.69,74.66,0.244,19.0,0.2575,2.0,79.37,20.99544,-3.74565,17.11921,9e-05,0.64544
7319.37,SYN.BTC-26JUN20,1574420343257,open,0.27,18.5,0.2055,0.308,0.25178553,77.38,0.245,0.0,BTC-26JUN20-7000-C,7090.69,74.66,0.244,19.0,0.257,11.0,79.19,20.99544,-3.74565,17.11921,9e-05,0.64544
148.19,ETH-27DEC19,1574420343330,open,0.29,3550.0,0.321,0.423,0.369578,86.03,0.348,0.0,ETH-27DEC19-200-P,147.92,0.0,0.335,15.0,0.406,15.0,125.68,0.11146,-0.13747,-0.17127,0.00617,-0.84
7100.27,SYN.BTC-6DEC19,1574420343480,open,0.03,53.1,0.0455,0.108,0.0732904,79.19,0.084,0.0,BTC-6DEC19-7250-P,7090.69,76.88,0.0715,2.0,0.077,12.8,83.96,5.51361,-15.73303,-1.60982,0.00036,-0.52311
7100.27,SYN.BTC-6DEC19,1574420343482,open,0.03,53.1,0.0455,0.108,0.0732904,79.19,0.084,0.0,BTC-6DEC19-7250-P,7090.69,76.88,0.0715,2.0,0.077,3.0,83.96,5.51361,-15.73303,-1.60982,0.00036,-0.52311
7115.69,BTC-27DEC19,1574420343570,open,0.72,99.0,0.792,0.877,0.83069398,98.87,0.638,0.0,BTC-27DEC19-13000-P,7090.69,0.0,0.0,0.0,0.0,0.0,0.0,1.67739,-2.37756,-12.21276,4e-05,-0.96556
148.19,ETH-27DEC19,1574420343584,open,0.18,4662.0,0.202,0.298,0.248254,80.19,0.256,0.0,ETH-27DEC19-180-P,147.92,33.54,0.216,19.0,0.269,365.0,99.92,0.14693,-0.16892,-0.14072,0.00873,-0.74554
7095.26,SYN.BTC-29NOV19,1574420343598,open,0.01,985.3,0.0155,0.0675,0.03741843,80.59,0.039,0.0,BTC-29NOV19-7000-P,7090.69,77.02,0.0355,18.8,0.0405,1.9,86.3,3.82427,-22.41205,-0.62415,0.0005,-0.42956
7217.21,BTC-27MAR20,1574420343659,open,0.02,1502.1,0.008,0.056,0.02328675,91.02,0.0215,0.0,BTC-27MAR20-16000-C,7090.48,88.91,0.021,42.6,0.026,24.2,93.4,8.01254,-2.89696,2.17888,5e-05,0.11083
7115.5,BTC-27DEC19,1574420343659,open,0.85,268.3,0.9295,1.019,0.97045703,104.4,0.7205,0.0,BTC-27DEC19-14000-P,7090.48,0.0,0.0,0.0,0.0,0.0,0.0,1.34766,-2.01719,-13.217,3e-05,-0.97355
7115.5,BTC-27DEC19,1574420343659,open,0.98,211.0,1.067,1.159,1.10972441,104.45,0.959,0.0,BTC-27DEC19-15000-P,7090.48,0.0,0.0,0.0,0.0,0.0,0.0,0.87305,-1.30742,-14.23597,2e-05,-0.98416
7217.21,BTC-27MAR20,1574420343659,open,0.0,57.8,0.0005,0.0155,0.00324354,105.0,0.008,0.0,BTC-27MAR20-32000-C,7090.48,107.76,0.004,44.0,0.007,15.0,116.1,1.83714,-0.76622,0.35636,1e-05,0.01756
7217.21,BTC-27MAR20,1574420343659,open,0.03,203.2,0.0235,0.076,0.04425285,77.44,0.044,0.0,BTC-27MAR20-5000-P,7090.48,75.79,0.042,27.1,0.049,41.0,80.85,9.90213,-3.04587,-4.84629,7e-05,-0.15046
7115.5,BTC-27DEC19,1574420343660,open,0.02,1521.9,0.0155,0.06,0.03267897,79.77,0.035,0.0,BTC-27DEC19-6000-P,7090.48,79.0,0.032,12.8,0.0355,29.8,82.93,6.29596,-7.20034,-1.63355,0.00016,-0.20759
7100.64,SYN.BTC-6DEC19,1574420343659,open,0.23,0.0,0.2785,0.3425,0.30736276,85.92,None,0.0,BTC-6DEC19-9250-P,7090.48,0.0,0.0,0.0,0.0,0.0,0.0,1.80738,-5.59594,-3.34684,0.00011,-0.9325
7115.5,BTC-27DEC19,1574420343660,open,0.34,533.0,0.383,0.46,0.41774669,81.91,0.433,0.0,BTC-27DEC19-10000-P,7090.48,56.99,0.4075,2.0,0.452,15.0,124.49,4.18173,-4.9106,-8.87956,0.00011,-0.88829
7217.0,BTC-27MAR20,1574420343661,open,0.12,140.7,0.067,0.1535,0.10392914,78.55,0.1005,0.0,BTC-27MAR20-9000-C,7090.48,76.82,0.1,38.0,0.11,23.4,81.21,16.39597,-5.11577,7.42045,0.00012,0.40207
7115.5,BTC-27DEC19,1574420343661,open,0.03,492.6,0.03,0.086,0.05345555,76.67,0.0605,0.0,BTC-27DEC19-6500-P,7090.48,75.79,0.0525,12.8,0.0575,28.6,80.37,7.74262,-8.51037,-2.46052,0.00021,-0.30845
7115.5,BTC-27DEC19,1574420343661,open,0.0,707.9,0.0005,0.0215,0.00767691,100.74,0.0075,0.0,BTC-27DEC19-4500-P,7090.48,97.01,0.0065,40.9,0.0085,18.8,103.19,2.33529,-3.37284,-0.40477,5e-05,-0.05186
7217.0,BTC-27MAR20,1574420343662,open,0.01,92.5,0.0005,0.0275,0.00767265,104.87,0.009,0.0,BTC-27MAR20-26000-C,7090.48,102.34,0.0065,40.0,0.01,22.0,109.26,3.51093,-1.46259,0.7575,2e-05,0.03811
7100.64,SYN.BTC-6DEC19,1574420343659,open,0.02,58.5,0.0005,0.0295,0.01025675,79.42,0.01,0.0,BTC-6DEC19-8500-C,7090.48,79.98,0.0105,40.3,0.012,2.0,83.33,3.06847,-8.78148,0.34788,0.0002,0.13913
7217.0,BTC-27MAR20,1574420343663,open,0.02,267.4,0.0055,0.0485,0.01842675,95.27,0.018,0.0,BTC-27MAR20-18000-C,7090.48,94.27,0.0175,0.8,0.0205,24.8,97.42,6.76311,-2.55946,1.72937,4e-05,0.08791
7115.5,BTC-27DEC19,1574420343663,open,0.0,383.3,0.0005,0.0105,0.00097524,105.0,0.002,0.0,BTC-27DEC19-16000-C,7090.48,110.54,0.0015,10.0,0.0025,1.0,118.13,0.57553,-0.86639,0.05994,1e-05,0.00979
7095.62,SYN.BTC-29NOV19,1574420343659,open,0.1,235.5,0.1415,0.199,0.16753033,81.02,0.1055,0.0,BTC-29NOV19-8250-P,7090.48,71.27,0.1655,1.0,0.183,5.0,127.57,1.6692,-9.83501,-1.43115,0.00022,-0.90318
7319.25,SYN.BTC-26JUN20,1574420343661,open,0.05,250.1,0.0195,0.093,0.04565126,88.89,0.05,0.0,BTC-26JUN20-18000-C,7090.48,87.22,0.0425,19.8,0.051,19.8,91.61,14.05042,-2.87925,5.22637,5e-05,0.16583
7095.62,SYN.BTC-29NOV19,1574420343659,open,0.01,212.9,0.0005,0.0135,0.00222074,87.8,0.0025,0.0,BTC-29NOV19-8750-C,7090.48,89.82,0.0025,21.5,0.004,20.0,98.97,0.94931,-6.06144,0.05931,0.00011,0.04659
7100.64,SYN.BTC-6DEC19,1574420343659,open,0.29,0.0,0.347,0.412,0.37635933,92.0,None,0.0,BTC-6DEC19-9750-P,7090.48,0.0,0.0,0.0,0.0,0.0,0.0,1.35122,-4.47932,-3.5893,8e-05,-0.95333
7319.25,SYN.BTC-26JUN20,1574420343659,open,0.03,11.5,0.0095,0.0675,0.02768576,94.87,0.032,0.0,BTC-26JUN20-24000-C,7090.48,92.89,0.025,33.0,0.031,20.0,97.18,10.19956,-2.23093,3.32588,3e-05,0.10416
7319.25,SYN.BTC-26JUN20,1574420343661,open,0.64,8.8,0.6735,0.8205,0.73862477,82.59,0.7435,0.0,BTC-26JUN20-12000-P,7090.48,0.0,0.09,1.5,0.744,2.0,84.52,20.26369,-3.85815,-61.54942,8e-05,-0.67665
7095.62,SYN.BTC-29NOV19,1574420343659,open,0.16,13.8,0.2095,0.267,0.23543861,88.27,0.17,0.0,BTC-29NOV19-8750-P,7090.48,0.0,0.233,1.0,0.244,1.0,127.22,0.96445,-6.19068,-1.58781,0.00012,-0.95248
7095.62,SYN.BTC-29NOV19,1574420343660,open,0.0,468.6,0.0005,0.0105,6.05e-06,104.99,0.001,0.0,BTC-29NOV19-12000-C,7090.48,0.0,0.0,0.0,0.0015,34.0,173.87,0.00654,-0.04294,0.00023,0.0,0.00018
7100.64,SYN.BTC-6DEC19,1574420343659,open,0.11,11.3,0.1465,0.2125,0.17654519,79.33,0.105,0.0,BTC-6DEC19-8250-P,7090.48,61.81,0.1685,4.0,0.2095,7.0,131.63,3.70838,-10.60119,-2.67372,0.00024,-0.81396
7100.64,SYN.BTC-6DEC19,1574420343659,open,0.2,0.0,0.2445,0.3085,0.27345246,83.63,None,0.0,BTC-6DEC19-9000-P,7090.48,0.0,0.0,0.0,0.0,0.0,0.0,2.15455,-6.49306,-3.20802,0.00013,-0.91499
7319.25,SYN.BTC-26JUN20,1574420343660,open,0.22,56.2,0.1565,0.264,0.20444812,78.34,0.208,0.0,BTC-26JUN20-8000-C,7090.48,76.06,0.1975,25.5,0.21,13.5,80.17,22.24025,-4.01705,15.52653,9e-05,0.56147
7319.25,SYN.BTC-26JUN20,1574420343661,open,0.03,25.8,0.012,0.0735,0.03192637,92.91,0.041,0.0,BTC-26JUN20-22000-C,7090.48,90.96,0.029,33.0,0.035,20.0,94.86,11.23803,-2.40716,3.7988,4e-05,0.11928
7319.25,SYN.BTC-26JUN20,1574420343659,open,0.43,119.3,0.444,0.5825,0.5057695,80.55,0.51,0.0,BTC-26JUN20-10000-P,7090.48,68.35,0.4695,9.0,0.521,10.7,85.58,22.09626,-4.10351,-47.05367,9e-05,-0.57618
7095.62,SYN.BTC-29NOV19,1574420343659,open,0.23,15.0,0.2785,0.337,0.30506389,98.41,0.148,0.0,BTC-29NOV19-9250-P,7090.48,0.0,0.302,1.0,0.313,1.0,144.05,0.64455,-4.61278,-1.70561,7e-05,-0.97098
7100.64,SYN.BTC-6DEC19,1574420343659,open,0.26,0.0,0.3125,0.377,0.34171574,88.74,None,0.0,BTC-6DEC19-9500-P,7090.48,0.0,0.0,0.0,0.0,0.0,0.0,1.54536,-4.94134,-3.47265,9e-05,-0.94476
7095.62,SYN.BTC-29NOV19,1574420343660,open,0.13,289.9,0.175,0.2325,0.2010624,83.83,0.2345,0.0,BTC-29NOV19-8500-P,7090.48,68.51,0.199,1.0,0.2105,1.0,120.45,1.23877,-7.55192,-1.51815,0.00016,-0.93473
7100.64,SYN.BTC-6DEC19,1574420343659,open,0.01,86.8,0.0035,0.036,0.01432891,89.7,0.0145,0.0,BTC-6DEC19-6000-P,7090.48,87.83,0.0135,53.8,0.017,37.8,95.49,3.18096,-10.28134,-0.4348,0.00019,-0.14675
7095.62,SYN.BTC-29NOV19,1574420343659,open,0.2,273.0,0.244,0.302,0.27019287,93.52,0.2755,0.0,BTC-29NOV19-9000-P,7090.48,0.0,0.2675,1.1,0.2785,1.0,136.08,0.78552,-5.34212,-1.64849,9e-05,-0.96312
7115.5,BTC-27DEC19,1574420343844,open,0.06,652.0,0.0265,0.0815,0.04952159,76.28,0.048,0.0,BTC-27DEC19-8000-C,7090.48,74.96,0.048,14.0,0.0515,17.9,78.0,8.16665,-8.93162,2.05891,0.00022,0.35235
7115.5,BTC-27DEC19,1574420343846,open,0.06,652.0,0.0265,0.0815,0.04952159,76.28,0.048,0.0,BTC-27DEC19-8000-C,7090.48,74.96,0.048,14.0,0.0515,27.9,78.0,8.16665,-8.93162,2.05891,0.00022,0.35235
7217.21,BTC-27MAR20,1574420343845,open,0.12,120.0,0.119,0.213,0.16053865,76.56,0.165,0.0,BTC-27MAR20-7000-P,7090.48,74.32,0.1555,23.8,0.1655,10.8,78.77,16.19912,-4.92632,-13.57451,0.00012,-0.38485
7217.21,BTC-27MAR20,1574420343858,open,0.12,120.0,0.119,0.213,0.16053865,76.56,0.165,0.0,BTC-27MAR20-7000-P,7090.48,74.32,0.1555,23.8,0.1655,15.8,78.77,16.19912,-4.92632,-13.57451,0.00012,-0.38485
151.73,SYN.ETH-26JUN20,1574420344008,open,0.25,53.0,0.178,0.292,0.236124,84.58,0.237,0.0,ETH-26JUN20-160-C,147.92,84.54,0.236,1.0,0.248,474.0,88.57,0.45285,-0.08831,0.32501,0.00391,0.59662
148.19,ETH-27DEC19,1574420344031,open,0.29,3550.0,0.321,0.423,0.369579,86.03,0.348,0.0,ETH-27DEC19-200-P,147.92,0.0,0.334,15.0,0.406,15.0,125.68,0.11146,-0.13747,-0.17127,0.00617,-0.84
150.42,ETH-27MAR20,1574420344170,open,0.15,74.0,0.081,0.176,0.127849,83.36,0.145,0.0,ETH-27MAR20-180-C,147.92,79.98,0.12,268.0,0.137,568.0,87.29,0.34979,-0.11582,0.16788,0.00538,0.45147
148.04,SYN.ETH-6DEC19,1574420344171,open,0.0,0.0,0.001,0.028,0.010545,94.67,None,0.0,ETH-6DEC19-120-P,147.92,90.28,0.009,2.0,0.015,350.0,106.03,0.05405,-0.1844,-0.00675,0.00685,-0.10938
151.73,SYN.ETH-26JUN20,1574420344219,open,0.11,524.0,0.091,0.189,0.138297,84.56,0.16,0.0,ETH-26JUN20-120-P,147.92,80.32,0.128,485.0,0.146,485.0,87.73,0.36881,-0.0719,-0.34683,0.00319,-0.2464
151.73,SYN.ETH-26JUN20,1574420344260,open,0.03,153.0,0.009,0.067,0.03017,106.76,0.03,0.0,ETH-26JUN20-600-C,147.92,106.64,0.03,14.0,0.034,440.0,109.42,0.21118,-0.05198,0.06655,0.00145,0.10398
151.73,SYN.ETH-26JUN20,1574420344299,open,1.76,0.0,1.835,2.067,1.943852,98.05,None,0.0,ETH-26JUN20-440-P,147.92,0.0,0.01,50.0,0.0,0.0,0.0,0.27429,-0.062,-2.51765,0.00205,-0.84869
7217.21,BTC-27MAR20,1574420344344,open,0.07,544.1,0.06,0.1355,0.09186206,76.58,0.095,0.0,BTC-27MAR20-6000-P,7090.48,74.3,0.0875,28.9,0.097,17.3,79.26,13.81616,-4.20296,-8.82075,0.0001,-0.26253
148.19,ETH-27DEC19,1574420344348,open,0.18,4662.0,0.202,0.298,0.248321,80.26,0.256,0.0,ETH-27DEC19-180-P,147.92,27.37,0.215,19.0,0.269,365.0,99.92,0.147,-0.16915,-0.14069,0.00873,-0.7453
7217.21,BTC-27MAR20,1574420344345,open,0.16,780.1,0.1005,0.191,0.14030127,77.5,0.149,0.0,BTC-27MAR20-8000-C,7090.48,75.88,0.1365,25.7,0.1445,13.3,79.3,16.90844,-5.20529,8.96596,0.00012,0.50053
151.73,SYN.ETH-26JUN20,1574420344353,open,0.24,973.0,0.224,0.359,0.29054,84.56,0.224,0.0,ETH-26JUN20-160-P,147.92,80.7,0.279,216.0,0.299,432.0,87.4,0.45286,-0.08828,-0.62565,0.00392,-0.40342
7217.0,BTC-27MAR20,1574420344525,open,0.29,19.3,0.224,0.3045,0.260502,76.59,0.406,0.0,BTC-27MAR20-6000-C,7090.48,73.7,0.255,9.0,0.2655,9.6,79.19,13.81636,-4.20313,11.8705,0.0001,0.73745
7095.62,SYN.BTC-29NOV19,1574420344526,open,0.01,248.0,0.0005,0.02,0.00478688,80.77,0.005,0.0,BTC-29NOV19-8250-C,7090.48,81.69,0.005,0.8,0.007,20.0,89.43,1.65968,-9.74859,0.12202,0.00022,0.09607
7217.0,BTC-27MAR20,1574420344527,open,0.29,19.3,0.224,0.3045,0.260502,76.59,0.406,0.0,BTC-27MAR20-6000-C,7090.48,73.7,0.255,14.0,0.2655,9.6,79.19,13.81636,-4.20313,11.8705,0.0001,0.73745
7217.0,BTC-27MAR20,1574420344530,open,0.29,19.3,0.224,0.3045,0.260502,76.59,0.406,0.0,BTC-27MAR20-6000-C,7090.48,73.7,0.255,14.0,0.2655,14.6,79.19,13.81636,-4.20313,11.8705,0.0001,0.73745
7217.0,BTC-27MAR20,1574420344540,open,0.29,19.3,0.224,0.3045,0.260502,76.59,0.406,0.0,BTC-27MAR20-6000-C,7090.48,73.7,0.255,14.0,0.2655,9.6,79.19,13.81636,-4.20313,11.8705,0.0001,0.73745
150.42,ETH-27MAR20,1574420344556,open,0.11,1685.0,0.058,0.148,0.101345,85.55,0.1,0.0,ETH-27MAR20-200-C,147.92,84.04,0.098,575.0,0.114,275.0,91.18,0.33525,-0.11392,0.1425,0.00502,0.37605
151.73,SYN.ETH-26JUN20,1574420344595,open,0.11,327.0,0.053,0.156,0.100926,92.54,0.102,0.0,ETH-26JUN20-280-C,147.92,91.83,0.099,2.0,0.107,466.0,94.76,0.41131,-0.08775,0.18646,0.00325,0.30774
150.42,ETH-27MAR20,1574420344644,open,0.79,184.0,0.831,0.991,0.906825,92.44,0.791,0.0,ETH-27MAR20-280-P,147.92,41.32,0.862,10.0,0.911,10.0,95.0,0.24069,-0.08837,-0.88994,0.00334,-0.80873
7115.47,BTC-27DEC19,1574420344666,open,0.67,0.0,0.639,0.6585,0.64868672,105.36,None,0.0,BTC-27DEC19-2500-C,7090.15,0.0,0.641,13.0,0.652,13.0,176.73,0.02955,-0.04464,2.386,0.0,0.99963
7115.47,BTC-27DEC19,1574420344666,open,0.0,756.8,0.0005,0.0105,1.261e-05,105.0,0.0005,0.0,BTC-27DEC19-24000-C,7090.15,0.0,0.0,0.0,0.001,15.0,148.0,0.01428,-0.02149,0.00107,0.0,0.00017
7115.47,BTC-27DEC19,1574420344666,open,0.0,449.3,0.0005,0.0105,0.0,105.0,0.0005,0.0,BTC-27DEC19-44000-C,7090.15,0.0,0.0,0.0,0.0005,1.0,194.72,0.0,0.0,0.0,0.0,0.0
7115.47,BTC-27DEC19,1574420344666,open,0.0,680.5,0.0005,0.0105,4.53e-06,105.0,0.0005,0.0,BTC-27DEC19-26000-C,7090.15,0.0,0.0,0.0,0.001,43.0,156.1,0.00572,-0.00862,0.0004,0.0,6e-05
7115.47,BTC-27DEC19,1574420344666,open,0.09,298.1,0.045,0.106,0.07174315,76.28,0.063,0.0,BTC-27DEC19-7500-C,7090.15,73.63,0.0685,2.0,0.074,19.3,78.12,8.72609,-9.54277,2.6265,0.00024,0.45806
7216.78,BTC-27MAR20,1574420344666,open,0.0,89.1,0.0005,0.013,0.00247196,105.0,0.0045,0.0,BTC-27MAR20-34000-C,7090.15,111.21,0.004,29.0,0.006,34.0,117.21,1.48614,-0.61986,0.2799,1e-05,0.01372
7216.78,BTC-27MAR20,1574420344666,open,0.38,1.1,0.3225,0.387,0.35146228,77.46,0.4535,0.0,BTC-27MAR20-5000-C,7090.15,63.47,0.3335,8.0,0.3685,8.0,89.39,9.90442,-3.04737,12.39464,7e-05,0.84948
7115.47,BTC-27DEC19,1574420344666,open,0.01,693.5,0.0005,0.0155,0.00374448,98.87,0.004,0.0,BTC-27DEC19-13000-C,7090.15,92.91,0.0025,42.0,0.0045,24.0,101.89,1.67704,-2.37708,0.20867,4e-05,0.03444
7115.47,BTC-27DEC19,1574420344666,open,0.0,1541.5,0.0005,0.0105,0.0,105.0,0.0005,0.0,BTC-27DEC19-52000-C,7090.15,0.0,0.0,0.0,0.0005,32.0,209.65,0.0,0.0,0.0,0.0,0.0
7115.14,BTC-27DEC19,1574420344666,open,0.6,10.0,0.569,0.5885,0.57863608,105.9,0.618,0.0,BTC-27DEC19-3000-C,7090.15,0.0,0.5715,12.0,0.583,11.0,157.03,0.17315,-0.26287,2.84738,0.0,0.99746
7115.14,BTC-27DEC19,1574420344666,open,0.0,562.6,0.0005,0.0105,1e-08,105.0,0.0005,0.0,BTC-27DEC19-40000-C,7090.15,0.0,0.0,0.0,0.0005,9.8,186.09,1e-05,-2e-05,0.0,0.0,0.0
7115.14,BTC-27DEC19,1574420344666,open,0.0,604.5,0.0005,0.0105,3.238e-05,105.0,0.0005,0.0,BTC-27DEC19-2500-P,7090.15,0.0,0.0,0.0,0.0005,12.5,135.72,0.02852,-0.04293,-0.00264,0.0,-0.00036
7115.14,BTC-27DEC19,1574420344667,open,0.0,484.6,0.0005,0.011,0.00114525,104.99,0.003,0.0,BTC-27DEC19-3500-P,7090.15,114.0,0.002,23.0,0.0035,20.0,125.13,0.55688,-0.83824,-0.0719,1e-05,-0.00943
7115.14,BTC-27DEC19,1574420344666,open,0.0,255.7,0.0005,0.0105,2e-08,105.0,0.001,0.0,BTC-27DEC19-1500-P,7090.15,0.0,0.0,0.0,0.0005,47.9,199.25,4e-05,-6e-05,0.0,0.0,0.0
7115.14,BTC-27DEC19,1574420344666,open,0.0,530.9,0.0005,0.0105,2.5e-07,105.0,0.0005,0.0,BTC-27DEC19-32000-C,7090.15,0.0,0.0,0.0,0.0005,0.9,165.52,0.0004,-0.00061,2e-05,0.0,0.0
7115.14,BTC-27DEC19,1574420344667,open,0.01,1222.8,0.0005,0.0235,0.00755527,87.47,0.0085,0.0,BTC-27DEC19-11000-C,7090.15,84.82,0.0065,43.6,0.009,27.9,90.79,2.95136,-3.70099,0.42418,7e-05,0.06995
7216.78,BTC-27MAR20,1574420344667,open,0.21,13.2,0.1505,0.2395,0.19061563,76.56,0.215,0.0,BTC-27MAR20-7000-C,7090.15,74.51,0.186,24.1,0.1955,16.8,78.74,16.19876,-4.92638,10.56467,0.00012,0.6151
7216.78,BTC-27MAR20,1574420344667,open,0.0,609.9,0.0005,0.011,0.00114546,105.0,0.0035,0.0,BTC-27MAR20-40000-C,7090.15,113.92,0.0025,10.0,0.0045,34.0,122.06,0.8027,-0.3348,0.14018,0.0,0.00678
7115.14,BTC-27DEC19,1574420344668,open,0.74,0.0,0.709,0.7285,0.71892528,120.31,None,0.0,BTC-27DEC19-2000-C,7090.15,0.0,0.711,14.0,0.722,14.0,209.23,0.01353,-0.02334,1.9098,0.0,0.99984
7115.14,BTC-27DEC19,1574420344668,open,0.0,843.0,0.0005,0.0105,0.00031766,105.0,0.001,0.0,BTC-27DEC19-18000-C,7090.15,109.7,0.0005,55.1,0.002,22.0,128.15,0.23092,-0.34763,0.02161,0.0,0.0035
7216.78,BTC-27MAR20,1574420344668,open,0.01,459.8,0.004,0.0415,0.01455095,98.39,0.012,0.0,BTC-27MAR20-20000-C,7090.15,96.36,0.013,24.7,0.0165,24.7,100.77,5.69462,-2.22555,1.38172,3e-05,0.07007
7115.14,BTC-27DEC19,1574420344668,open,0.0,657.0,0.0005,0.0105,1.67e-06,105.0,0.0005,0.0,BTC-27DEC19-28000-C,7090.15,0.0,0.0,0.0,0.001,43.0,163.52,0.00233,-0.0035,0.00016,0.0,2e-05
7216.78,BTC-27MAR20,1574420344668,open,0.01,155.5,0.0005,0.0335,0.01016292,104.37,0.01,0.0,BTC-27MAR20-24000-C,7090.15,102.35,0.009,25.2,0.012,15.0,107.3,4.30514,-1.78483,0.96804,2e-05,0.04906
7216.45,BTC-27MAR20,1574420344668,open,0.0,124.2,0.0005,0.0115,0.00189867,105.0,0.0035,0.0,BTC-27MAR20-36000-C,7090.15,112.59,0.0035,29.0,0.005,15.0,117.7,1.206,-0.50302,0.22105,1e-05,0.01078
7115.14,BTC-27DEC19,1574420344668,open,0.0,106.3,0.0005,0.0105,1.8e-06,105.0,0.0005,0.0,BTC-27DEC19-2000-P,7090.15,0.0,0.0,0.0,0.0005,13.1,163.3,0.0022,-0.00331,-0.00017,0.0,-2e-05
7115.14,BTC-27DEC19,1574420344668,open,0.0,497.9,0.0005,0.0105,3.603e-05,105.0,0.0005,0.0,BTC-27DEC19-22000-C,7090.15,0.0,0.0,0.0,0.001,10.0,139.08,0.03599,-0.05419,0.00286,0.0,0.00046
7115.14,BTC-27DEC19,1574420344669,open,0.54,4.3,0.4985,0.522,0.50926134,105.31,0.5625,0.0,BTC-27DEC19-3500-C,7090.15,0.0,0.5005,11.0,0.515,11.0,142.63,0.56485,-0.8528,3.27113,1e-05,0.99042
7115.14,BTC-27DEC19,1574420344669,open,0.0,690.8,0.0005,0.0105,4e-08,105.0,0.0005,0.0,BTC-27DEC19-36000-C,7090.15,0.0,0.0,0.0,0.001,43.0,188.13,7e-05,-0.00011,0.0,0.0,0.0
7115.14,BTC-27DEC19,1574420344669,open,0.0,961.6,0.0005,0.0105,6.3e-07,105.0,0.001,0.0,BTC-27DEC19-30000-C,7090.15,0.0,0.0,0.0,0.0005,0.9,159.47,0.00096,-0.00144,6e-05,0.0,1e-05
7115.14,BTC-27DEC19,1574420344669,open,0.0,1009.4,0.0005,0.0105,0.00010568,105.0,0.001,0.0,BTC-27DEC19-20000-C,7090.15,120.27,0.0005,21.5,0.0015,62.7,135.21,0.09127,-0.1374,0.00782,0.0,0.00126
7216.45,BTC-27MAR20,1574420344670,open,0.01,56.7,0.0005,0.023,0.00573192,105.0,0.0075,0.0,BTC-27MAR20-28000-C,7090.15,104.4,0.0055,43.0,0.0085,15.5,111.17,2.83116,-1.18083,0.58765,2e-05,0.02934
7095.41,SYN.BTC-29NOV19,1574420344666,open,0.0,133.8,0.0005,0.0105,0.00029348,104.97,0.0005,0.0,BTC-29NOV19-10250-C,7090.15,0.0,0.0,0.0,0.001,1.0,122.17,0.17898,-1.36625,0.00836,2e-05,0.00655
7100.43,SYN.BTC-6DEC19,1574420344666,open,0.01,17.0,0.0005,0.0185,0.00459806,85.68,0.0065,0.0,BTC-6DEC19-9250-C,7090.15,83.22,0.004,59.1,0.0055,0.1,89.08,1.79392,-5.53826,0.16803,0.00011,0.06685
7095.41,SYN.BTC-29NOV19,1574420344666,open,0.0,116.1,0.0005,0.0105,0.00076445,104.15,0.0015,0.0,BTC-29NOV19-9750-C,7090.15,98.54,0.0005,23.2,0.002,20.0,120.3,0.38358,-2.90514,0.01997,4e-05,0.0157
7095.41,SYN.BTC-29NOV19,1574420344667,open,0.01,813.7,0.0005,0.0155,0.00308258,83.51,0.004,0.0,BTC-29NOV19-8500-C,7090.15,83.03,0.003,39.0,0.005,20.0,93.23,1.22659,-7.44908,0.08202,0.00015,0.06445
7100.43,SYN.BTC-6DEC19,1574420344666,open,100.0,0.0005,0.0265,0.00911205,90.92,0.012,0.0,BTC-6DEC19-5750-P,7090.15,92.04,0.0095,20.0,0.0125,20.0,100.16,2.43882,-7.99053,-0.29592,0.00014,-0.10052
7318.5,SYN.BTC-26JUN20,1574420344666,open,3.12,0.0,3.292,3.507,3.38899744,100.31,None,0.0,BTC-26JUN20-32000-P,7090.15,0.0,0.0,0.0,0.0,0.0,0.0,7.07341,-1.63578,-188.06965,2e-05,-0.93593
7095.41,SYN.BTC-29NOV19,1574420344666,open,0.0,62.6,0.0005,0.031,0.01036112,93.88,0.013,0.0,BTC-29NOV19-6250-P,7090.15,91.12,0.0095,39.8,0.0115,0.1,97.42,2.241,-15.2995,-0.21044,0.00025,-0.14709
7100.43,SYN.BTC-6DEC19,1574420344666,open,20.0,0.0005,0.0185,0.0052176,90.94,0.0095,0.0,BTC-6DEC19-5500-P,7090.15,97.8,0.007,20.0,0.0095,20.0,106.18,1.71591,-5.62322,-0.18448,0.0001,-0.06313
7095.41,SYN.BTC-29NOV19,1574420344666,open,0.26,114.2,0.313,0.3725,0.33998026,101.95,0.3315,0.0,BTC-29NOV19-9500-P,7090.15,0.0,0.318,3.0,0.3675,3.0,214.37,0.50936,-3.77618,-1.76173,5e-05,-0.97809
7095.41,SYN.BTC-29NOV19,1574420344667,open,0.0,1093.8,0.0005,0.0105,5.6e-07,105.0,0.0005,0.0,BTC-29NOV19-13000-C,7090.15,0.0,0.0,0.0,0.0015,34.0,195.54,0.00077,-0.00397,2e-05,0.0,2e-05
7095.41,SYN.BTC-29NOV19,1574420344668,open,0.0,150.7,0.0005,0.0105,1.86e-06,105.01,0.0005,0.0,BTC-29NOV19-12500-C,7090.15,0.0,0.0,0.0,0.0015,34.0,184.98,0.00228,-0.01321,7e-05,0.0,6e-05
7095.41,SYN.BTC-29NOV19,1574420344667,open,0.0,458.4,0.0005,0.0105,0.0,105.0,0.0005,0.0,BTC-29NOV19-15000-C,7090.15,0.0,0.0,0.0,0.0005,19.0,205.48,1e-05,-3e-05,0.0,0.0,0.0
7100.43,SYN.BTC-6DEC19,1574420344666,open,0.14,2.0,0.178,0.243,0.20733951,79.37,0.0995,0.0,BTC-6DEC19-8500-P,7090.15,0.0,0.0,0.0,1.2105,3.0,500.0,3.06496,-8.76545,-2.884,0.0002,-0.8611
7100.43,SYN.BTC-6DEC19,1574420344666,open,0.01,2.6,0.0005,0.015,0.00317385,91.64,0.0045,0.0,BTC-6DEC19-9750-C,7090.15,90.7,0.003,17.0,0.0045,20.0,98.0,1.33438,-4.40623,0.11545,8e-05,0.04595
7095.41,SYN.BTC-29NOV19,1574420344670,open,0.02,484.0,0.0005,0.027,0.00835393,80.77,0.0085,0.0,BTC-29NOV19-8000-C,7090.15,79.67,0.008,23.8,0.0105,16.0,87.13,2.29286,-13.46741,0.19228,0.0003,0.15222
7318.5,SYN.BTC-26JUN20,1574420344666,open,0.42,0.0,0.3585,0.4355,0.39300406,77.4,None,0.0,BTC-26JUN20-5000-C,7090.15,68.64,0.376,7.0,0.4165,7.0,89.02,14.51104,-2.58931,18.81082,6e-05,0.82559
7100.43,SYN.BTC-6DEC19,1574420344666,open,0.17,0.0,0.211,0.2755,0.2400568,81.42,None,0.0,BTC-6DEC19-8750-P,7090.15,0.0,0.0,0.0,1.243,3.0,500.0,2.57118,-7.54331,-3.0554,0.00016,-0.89188
7100.43,SYN.BTC-6DEC19,1574420344665,open,0.01,64.5,0.006,0.044,0.01975581,85.16,0.022,0.0,BTC-6DEC19-6250-P,7090.15,83.76,0.019,33.8,0.023,40.8,91.04,3.84411,-11.79671,-0.58588,0.00024,-0.19729
7095.41,SYN.BTC-29NOV19,1574420344667,open,0.0,616.8,0.0005,0.012,0.00174203,92.96,0.0025,0.0,BTC-29NOV19-9000-C,7090.15,90.62,0.0015,40.0,0.003,21.5,102.76,0.76904,-5.19868,0.04571,9e-05,0.03594
7095.41,SYN.BTC-29NOV19,1574420344666,open,0.0,172.0,0.0005,0.011,0.00137785,97.7,0.002,0.0,BTC-29NOV19-9250-C,7090.15,99.05,0.0015,21.5,0.0025,20.0,108.17,0.62634,-4.44997,0.03563,7e-05,0.02803
7095.41,SYN.BTC-29NOV19,1574420344666,open,0.32,33.2,0.382,0.4425,0.40980107,103.58,0.316,0.0,BTC-29NOV19-10000-P,7090.15,0.0,0.3875,3.0,0.4375,3.0,235.46,0.24994,-1.8827,-1.87154,3e-05,-0.99042
7318.5,SYN.BTC-26JUN20,1574420344668,open,0.18,60.9,0.119,0.2265,0.16618721,78.88,0.182,0.0,BTC-26JUN20-9000-C,7090.15,77.36,0.1615,29.0,0.1735,12.0,81.26,22.49097,-4.09027,13.88969,9e-05,0.4856
7095.41,SYN.BTC-29NOV19,1574420344667,open,0.04,187.9,0.006,0.0485,0.02243391,80.6,0.0205,0.0,BTC-29NOV19-7500-C,7090.15,76.68,0.0205,15.4,0.0225,0.1,80.73,3.51731,-20.61608,0.40816,0.00046,0.32781
7095.41,SYN.BTC-29NOV19,1574420344666,open,0.0,284.5,0.0005,0.0105,1.92e-05,105.01,0.0005,0.0,BTC-29NOV19-11500-C,7090.15,0.0,0.0,0.0,0.001,5.6,153.49,0.018,-0.13621,0.00067,0.0,0.00052
7095.41,SYN.BTC-29NOV19,1574420344667,open,0.0,644.2,0.0005,0.0105,5.89e-05,105.01,0.0005,0.0,BTC-29NOV19-11000-C,7090.15,0.0,0.0,0.0,0.0015,47.3,149.71,0.04718,-0.36028,0.00191,0.0,0.00149
7095.41,SYN.BTC-29NOV19,1574420344666,open,0.0,505.9,0.0005,0.024,0.00661995,99.41,0.0075,0.0,BTC-29NOV19-6000-P,7090.15,96.73,0.006,50.0,0.009,35.0,108.85,1.67487,-12.10802,-0.13887,0.00018,-0.09728
7095.41,SYN.BTC-29NOV19,1574420344669,open,0.85,0.0,0.9345,1.0135,0.97304857,0.0,None,0.0,BTC-29NOV19-14000-P,7090.15,0.0,0.0,0.0,0.0,0.0,0.0,0.0,0.0,-2.63725,0.0,-1.0
7318.5,SYN.BTC-26JUN20,1574420344668,open,0.11,150.8,0.095,0.187,0.13455484,77.36,0.13,0.0,BTC-26JUN20-6000-P,7090.15,74.36,0.127,28.3,0.1395,22.3,79.32,18.43974,-3.2887,-17.32807,7e-05,-0.26393
7095.41,SYN.BTC-29NOV19,1574420344667,open,0.29,2.0,0.3475,0.4075,0.37485181,103.4,0.161,0.0,BTC-29NOV19-9750-P,7090.15,0.0,0.362,3.0,0.402,3.0,223.84,0.37001,-2.78213,-1.8175,4e-05,-0.98494
7095.41,SYN.BTC-29NOV19,1574420344668,open,0.99,0.0,1.0725,1.157,1.11398057,0.0,None,0.0,BTC-29NOV19-15000-P,7090.15,0.0,0.0,0.0,0.0,0.0,0.0,0.0,0.0,-2.82563,0.0,-1.0
7095.41,SYN.BTC-29NOV19,1574420344667,open,0.72,0.0,0.7965,0.8705,0.83211705,0.0,None,0.0,BTC-29NOV19-13000-P,7090.15,0.0,0.0,0.0,0.0,0.0,0.0,0.0,0.0,-2.44888,0.0,-1.0
7095.41,SYN.BTC-29NOV19,1574420344667,open,0.0,232.9,0.0005,0.0105,5e-08,105.0,0.0005,0.0,BTC-29NOV19-14000-C,7090.15,0.0,0.0,0.0,0.0015,34.0,215.17,8e-05,-0.00034,0.0,0.0,0.0
148.19,ETH-27DEC19,1574420344983,open,0.38,0.0,0.31,0.364,0.336577,98.25,None,0.0,ETH-27DEC19-100-C,147.91,0.0,0.325,1.0,0.0,0.0,0.0,0.06415,-0.09036,0.08347,0.00311,0.92604
148.19,ETH-27DEC19,1574420344983,open,0.0,11450.0,0.001,0.011,0.000107,110.0,0.001,0.0,ETH-27DEC19-440-C,147.91,0.0,0.0,0.0,0.003,500.0,153.63,0.00185,-0.00292,0.00016,8e-05,0.00122
148.19,ETH-27DEC19,1574420344983,open,0.02,7622.0,0.003,0.032,0.013105,92.34,0.015,0.0,ETH-27DEC19-220-C,147.91,90.36,0.012,370.0,0.017,350.0,98.76,0.08455,-0.11192,0.01332,0.00436,0.10719
150.42,ETH-27MAR20,1574420344983,open,0.07,1180.0,0.054,0.133,0.090802,83.56,0.043,0.0,ETH-27MAR20-120-P,147.91,80.38,0.085,320.0,0.105,284.0,91.29,0.27471,-0.09118,-0.17169,0.00421,-0.24016
148.19,ETH-27DEC19,1574420344983,open,0.0,21058.0,0.001,0.011,3e-06,110.0,0.007,0.0,ETH-27DEC19-600-C,147.91,0.0,0.0,0.0,0.002,374.0,179.16,8e-05,-0.00012,1e-05,0.0,4e-05
148.19,ETH-27DEC19,1574420344984,open,0.04,2942.0,0.038,0.105,0.068903,78.57,0.075,0.0,ETH-27DEC19-140-P,147.91,75.2,0.065,352.0,0.072,12.0,81.25,0.17155,-0.19325,-0.06089,0.01041,-0.3611
150.41,ETH-27MAR20,1574420344983,open,2.25,0.0,2.36,2.591,2.468229,108.3,None,0.0,ETH-27MAR20-520-P,147.91,0.0,0.006,50.0,0.0,0.0,0.0,0.09297,-0.03999,-1.7724,0.0011,-0.94871
148.19,ETH-27DEC19,1574420344984,open,1.53,15.0,1.621,1.784,1.699516,110.0,1.248,0.0,ETH-27DEC19-400-P,147.91,0.0,0.002,50.0,0.0,0.0,0.0,0.00416,-0.00656,-0.38182,0.00018,-0.99702
150.41,ETH-27MAR20,1574420344984,open,0.19,781.0,0.12,0.218,0.169232,83.37,0.177,0.0,ETH-27MAR20-160-C,147.91,80.27,0.162,560.0,0.181,260.0,88.44,0.34991,-0.11588,0.19605,0.00538,0.54719
148.18,ETH-27DEC19,1574420344984,open,1.4,0.0,1.49,1.645,1.564729,105.12,None,0.0,ETH-27DEC19-380-P,147.91,0.0,0.02,50.0,0.0,0.0,0.0,0.00433,-0.00653,-0.36269,0.0002,-0.99689
148.18,ETH-27DEC19,1574420344984,open,0.41,2833.0,0.447,0.554,0.497685,92.17,0.399,0.0,ETH-27DEC19-220-P,147.91,0.0,0.484,50.0,0.0,0.0,0.0,0.08423,-0.11131,-0.19695,0.00436,-0.89336
148.03,SYN.ETH-6DEC19,1574420344983,open,0.11,0.0,0.125,0.208,0.165023,78.99,None,0.0,ETH-6DEC19-170-P,147.91,0.0,0.148,1.0,0.213,1.0,150.39,0.08216,-0.23385,-0.05399,0.01249,-0.79436
148.18,ETH-27DEC19,1574420344985,open,0.03,13327.0,0.006,0.043,0.01996,86.05,0.018,0.0,ETH-27DEC19-200-C,147.91,84.76,0.019,370.0,0.025,343.0,92.46,0.11144,-0.13748,0.01983,0.00617,0.15999
150.41,ETH-27MAR20,1574420344984,open,1.76,0.0,1.846,2.052,1.942161,104.99,None,0.0,ETH-27MAR20-440-P,147.91,0.0,0.003,50.0,0.0,0.0,0.0,0.12626,-0.05265,-1.48673,0.00154,-0.92403
148.03,SYN.ETH-6DEC19,1574420344983,open,0.27,0.0,0.313,0.402,0.35519,92.34,None,0.0,ETH-6DEC19-200-P,147.91,0.0,0.351,1.0,0.378,1.0,150.54,0.03297,-0.10972,-0.07306,0.00429,-0.94311
148.18,ETH-27DEC19,1574420344985,open,0.26,2.0,0.184,0.25,0.217514,84.0,0.346,0.0,ETH-27DEC19-120-C,147.91,0.0,0.19,51.0,0.0,0.0,0.0,0.11723,-0.14117,0.08629,0.00665,0.82696
150.41,ETH-27MAR20,1574420344985,open,0.52,20.0,0.463,0.516,0.489047,89.46,0.613,0.0,ETH-27MAR20-80-C,147.91,0.0,0.468,1.0,0.0,0.0,0.0,0.1206,-0.04285,0.22793,0.00173,0.92846
151.73,SYN.ETH-26JUN20,1574420344983,open,0.17,885.0,0.151,0.269,0.208805,84.57,0.163,0.0,ETH-26JUN20-140-P,147.91,80.34,0.197,258.0,0.214,220.0,86.44,0.42179,-0.08224,-0.48267,0.00365,-0.32657
148.18,ETH-27DEC19,1574420344985,open,2.28,37.0,2.407,2.618,2.509026,0.0,0.707,0.0,ETH-27DEC19-520-P,147.91,0.0,0.003,50.0,0.0,0.0,0.0,0.0,0.0,-0.49686,0.0,-1.0
148.03,SYN.ETH-6DEC19,1574420344983,open,0.01,160.0,0.001,0.013,0.002905,107.63,0.004,0.0,ETH-6DEC19-220-C,147.91,91.53,0.001,263.0,0.008,350.0,130.78,0.02349,-0.09109,0.00193,0.00262,0.03728
150.41,ETH-27MAR20,1574420344987,open,0.18,4093.0,0.175,0.293,0.23292,83.34,0.232,0.0,ETH-27MAR20-160-P,147.91,79.94,0.225,522.0,0.25,222.0,90.7,0.34992,-0.11584,-0.35573,0.00538,-0.45287
147.97,SYN.ETH-29NOV19,1574420344983,open,0.0,1027.0,0.001,0.02,0.005014,109.49,0.001,0.0,ETH-29NOV19-120-P,147.91,97.3,0.003,300.0,0.009,413.0,128.06,0.02752,-0.21913,-0.00211,0.00609,-0.07085
148.03,SYN.ETH-6DEC19,1574420344983,open,0.34,0.0,0.378,0.471,0.422007,99.97,None,0.0,ETH-6DEC19-210-P,147.91,0.0,0.418,1.0,0.439,1.0,151.71,0.0273,-0.09833,-0.0775,0.00328,-0.95513
147.97,SYN.ETH-29NOV19,1574420344983,open,0.37,1.0,0.304,0.345,0.324386,110.0,0.46,0.0,ETH-29NOV19-100-C,147.91,0.0,0.0,0.0,0.49,1.0,500.0,0.00229,-0.0183,0.01873,0.0005,0.99622
148.03,SYN.ETH-6DEC19,1574420344983,open,0.04,0.0,0.035,0.105,0.068472,78.72,None,0.0,ETH-6DEC19-150-P,147.91,71.69,0.063,310.0,0.082,430.0,96.11,0.11514,-0.32661,-0.0322,0.01756,-0.50379
147.97,SYN.ETH-29NOV19,1574420344983,open,0.39,0.0,0.444,0.534,0.487002,110.0,None,0.0,ETH-29NOV19-220-P,147.91,0.0,0.01,50.0,0.0,0.0,0.0,0.00313,-0.02501,-0.0413,0.00069,-0.99464
151.73,SYN.ETH-26JUN20,1574420344985,open,0.13,262.0,0.074,0.183,0.126361,89.18,0.134,0.0,ETH-26JUN20-240-C,147.91,87.68,0.122,460.0,0.134,10.0,91.78,0.44284,-0.09105,0.22256,0.00363,0.37323
148.03,SYN.ETH-6DEC19,1574420344983,open,0.21,0.0,0.248,0.335,0.289469,86.77,None,0.0,ETH-6DEC19-190-P,147.91,0.0,0.283,1.0,0.32,1.0,150.79,0.04377,-0.13684,-0.06794,0.00606,-0.91787
147.97,SYN.ETH-29NOV19,1574420344983,open,0.12,1.0,0.043,0.109,0.076332,83.16,0.075,0.0,ETH-29NOV19-140-C,147.91,62.65,0.067,120.0,0.086,120.0,103.16,0.06994,-0.42296,0.01756,0.02039,0.70621
151.73,SYN.ETH-26JUN20,1574420344983,open,0.16,555.0,0.091,0.204,0.145979,88.18,0.155,0.0,ETH-26JUN20-220-C,147.91,86.52,0.141,456.0,0.155,180.0,91.17,0.45674,-0.09285,0.24536,0.00379,0.41812
147.97,SYN.ETH-29NOV19,1574420344983,open,0.02,306.0,0.001,0.021,0.00568,79.63,0.012,0.0,ETH-29NOV19-170-C,147.91,84.44,0.007,150.0,0.012,310.0,100.05,0.03873,-0.22424,0.00297,0.01179,0.11217
151.73,SYN.ETH-26JUN20,1574420344984,open,0.08,239.0,0.038,0.132,0.07992,94.21,0.081,0.0,ETH-26JUN20-320-C,147.91,93.43,0.078,54.0,0.085,10.0,96.25,0.37419,-0.08127,0.15623,0.0029,0.25321
148.03,SYN.ETH-6DEC19,1574420344984,open,0.01,0.0,0.005,0.043,0.019701,85.98,None,0.0,ETH-6DEC19-130-P,147.91,78.91,0.016,300.0,0.026,460.0,97.29,0.07965,-0.24677,-0.0121,0.01112,-0.19531
148.03,SYN.ETH-6DEC19,1574420344983,open,0.4,0.0,0.444,0.54,0.489015,106.99,None,0.0,ETH-6DEC19-220-P,147.91,0.0,0.486,1.0,0.501,1.0,151.23,0.02299,-0.08864,-0.08175,0.00258,-0.96368
147.97,SYN.ETH-29NOV19,1574420344986,open,0.04,208.0,0.002,0.038,0.014912,77.56,0.024,0.0,ETH-29NOV19-160-C,147.91,73.09,0.013,224.0,0.022,228.0,93.16,0.06426,-0.36245,0.0065,0.02009,0.24799
147.97,SYN.ETH-29NOV19,1574420344983,open,0.33,30.0,0.378,0.466,0.419702,107.72,0.328,0.0,ETH-29NOV19-210-P,147.91,0.0,0.0,0.0,0.574,1.0,500.0,0.00583,-0.04571,-0.03927,0.00131,-0.9891
151.73,SYN.ETH-26JUN20,1574420344986,open,0.31,90.0,0.23,0.34,0.286129,84.57,0.31,0.0,ETH-26JUN20-140-C,147.91,82.01,0.279,470.0,0.296,210.0,88.13,0.42179,-0.08224,0.34918,0.00365,0.67343
147.97,SYN.ETH-29NOV19,1574420344983,open,0.09,172.0,0.117,0.195,0.154459,79.33,0.087,0.0,ETH-29NOV19-170-P,147.91,0.0,0.142,23.0,0.185,23.0,157.03,0.03849,-0.22206,-0.02908,0.01176,-0.88878
151.73,SYN.ETH-26JUN20,1574420344985,open,0.04,14.0,0.014,0.082,0.04043,101.09,0.04,0.0,ETH-26JUN20-480-C,147.91,100.83,0.04,49.0,0.047,440.0,104.81,0.25805,-0.06014,0.08815,0.00187,0.13821
147.97,SYN.ETH-29NOV19,1574420344983,open,0.0,1522.0,0.001,0.011,5e-06,110.0,0.001,0.0,ETH-29NOV19-260-C,147.91,0.0,0.0,0.0,0.001,1.0,174.79,0.0001,-0.00067,0.0,2e-05,0.00013
151.73,SYN.ETH-26JUN20,1574420344983,open,0.54,0.0,0.483,0.547,0.514704,86.45,None,0.0,ETH-26JUN20-80-C,147.91,31.71,0.473,1.0,0.0,0.0,0.0,0.20206,-0.04027,0.34929,0.00171,0.90213
151.73,SYN.ETH-26JUN20,1574420344985,open,1.53,0.0,1.586,1.808,1.690522,97.61,None,0.0,ETH-26JUN20-400-P,147.91,0.0,0.01,50.0,0.0,0.0,0.0,0.30781,-0.06927,-2.26263,0.00231,-0.81915
151.73,SYN.ETH-26JUN20,1574420344985,open,0.07,687.0,0.028,0.114,0.064905,95.83,0.075,0.0,ETH-26JUN20-360-C,147.91,94.06,0.061,180.0,0.072,474.0,98.95,0.33877,-0.07485,0.13243,0.00258,0.21179
147.97,SYN.ETH-29NOV19,1574420344986,open,1.03,0.0,1.1,1.229,1.162553,109.34,None,0.0,ETH-29NOV19-320-P,147.91,0.0,0.0,0.0,0.0,0.0,0.0,0.0,0.0,-0.06028,0.0,-1.0
150.41,ETH-27MAR20,1574420345003,open,0.79,184.0,0.831,0.991,0.90694,92.44,0.791,0.0,ETH-27MAR20-280-P,147.91,40.19,0.862,10.0,0.911,9.0,94.93,0.24065,-0.08836,-0.88996,0.00334,-0.80877
150.42,ETH-27MAR20,1574420345010,open,1.51,7.0,1.589,1.781,1.679031,101.47,1.643,0.0,ETH-27MAR20-400-P,147.91,0.0,1.657,55.0,1.695,1.0,115.74,0.14294,-0.05761,-1.34327,0.00181,-0.91043
147.97,SYN.ETH-29NOV19,1574420345016,open,0.21,2.0,0.247,0.328,0.285547,94.72,0.058,0.0,ETH-29NOV19-190-P,147.91,0.0,0.284,10.0,0.304,1.0,172.51,0.01442,-0.09932,-0.03495,0.00369,-0.96842
7095.41,SYN.BTC-29NOV19,1574420345283,open,0.02,779.4,0.03,0.0885,0.05631733,80.55,0.054,0.0,BTC-29NOV19-7250-P,7090.15,76.31,0.054,1.3,0.06,3.0,87.37,3.84736,-22.53643,-0.81779,0.0005,-0.55554
7115.14,BTC-27DEC19,1574420345309,open,0.03,744.1,0.009,0.049,0.02350852,77.91,0.022,0.0,BTC-27DEC19-9000-C,7090.15,76.71,0.0225,12.8,0.024,3.0,78.47,6.08584,-6.79758,1.17375,0.00016,0.19617
7216.26,BTC-27MAR20,1574420345315,open,3.16,0.0,3.348,3.538,3.43735337,103.7,None,0.0,BTC-27MAR20-32000-P,7090.15,0.0,0.001,1.0,0.0,0.0,0.0,1.70813,-0.70362,-110.02809,1e-05,-0.98387
148.19,ETH-27DEC19,1574420345383,open,0.1,13072.0,0.103,0.19,0.145382,78.64,0.143,0.0,ETH-27DEC19-160-P,147.91,74.19,0.14,227.0,0.158,692.0,89.02,0.17934,-0.20221,-0.10227,0.01087,-0.57686
148.03,SYN.ETH-6DEC19,1574420345384,open,0.19,0.0,0.107,0.174,0.141545,86.09,None,0.0,ETH-6DEC19-130-C,147.91,69.03,0.133,40.0,0.149,40.0,99.39,0.07971,-0.24728,0.0373,0.01112,0.80445
148.18,ETH-27DEC19,1574420345430,open,0.29,3550.0,0.321,0.423,0.369579,85.93,0.348,0.0,ETH-27DEC19-200-P,147.91,0.0,0.335,15.0,0.406,15.0,125.61,0.11125,-0.13704,-0.17132,0.00617,-0.84044
148.18,ETH-27DEC19,1574420345467,open,0.0,1027.0,0.001,0.011,0.000453,110.01,0.002,0.0,ETH-27DEC19-380-C,147.91,119.48,0.001,151.0,0.005,350.0,147.12,0.00623,-0.00983,0.0006,0.00027,0.00467
7216.26,BTC-27MAR20,1574420345462,open,0.16,780.1,0.1005,0.191,0.14028011,77.52,0.149,0.0,BTC-27MAR20-8000-C,7090.15,75.9,0.1365,25.7,0.1445,20.3,79.32,16.90622,-5.20549,8.96309,0.00012,0.50044
148.18,ETH-27DEC19,1574420345479,open,0.0,1027.0,0.001,0.011,0.000453,110.01,0.002,0.0,ETH-27DEC19-380-C,147.91,119.48,0.001,471.0,0.005,350.0,147.12,0.00623,-0.00983,0.0006,0.00027,0.00467
7216.26,BTC-27MAR20,1574420345526,open,0.16,780.1,0.1005,0.191,0.14028011,77.52,0.149,0.0,BTC-27MAR20-8000-C,7090.15,75.9,0.1365,25.7,0.1445,9.0,79.32,16.90622,-5.20549,8.96309,0.00012,0.50044
151.73,SYN.ETH-26JUN20,1574420345567,open,0.06,642.0,0.022,0.1,0.054305,97.61,0.062,0.0,ETH-26JUN20-400-C,147.91,96.46,0.052,142.0,0.06,1.0,100.36,0.30781,-0.06927,0.11409,0.00231,0.18085
7216.26,BTC-27MAR20,1574420345621,open,3.42,0.0,3.6195,3.818,3.7137137,103.27,None,0.0,BTC-27MAR20-34000-P,7090.15,0.0,0.0,0.0,0.0,0.0,0.0,1.33682,-0.54836,-117.00505,1e-05,-0.98786
7115.13,BTC-27DEC19,1574420345670,open,0.0,976.8,0.0005,0.0135,0.0029721,104.68,0.003,0.0,BTC-27DEC19-14000-C,7090.15,102.07,0.0025,3.0,0.004,47.9,109.54,1.36259,-2.04486,0.16202,3e-05,0.0268
7115.13,BTC-27DEC19,1574420345673,open,0.01,426.6,0.0075,0.0415,0.01950239,84.42,0.019,0.0,BTC-27DEC19-5500-P,7090.69,82.89,0.0185,44.0,0.022,40.2,88.13,4.70132,-5.69027,-1.0298,0.00012,-0.13197
7216.26,BTC-27MAR20,1574420345673,open,0.61,54.1,0.658,0.779,0.71121284,83.6,0.545,0.0,BTC-27MAR20-12000-P,7090.69,0.0,0.021,2.1,0.7695,0.2,113.43,12.37077,-4.1082,-37.24387,8e-05,-0.78535
7115.67,BTC-27DEC19,1574420345673,open,0.46,249.1,0.5185,0.5965,0.55355126,87.73,0.55,0.0,BTC-27DEC19-11000-P,7090.69,0.0,0.1405,2.0,0.88,1.0,388.05,2.9752,-3.74189,-10.08208,7e-05,-0.92932
7216.26,BTC-27MAR20,1574420345673,open,4.2,1.0,4.4345,4.6615,4.54378326,100.81,4.54,0.0,BTC-27MAR20-40000-P,7090.69,0.0,0.0005,2.0,0.0,0.0,0.0,0.58065,-0.23252,-137.84739,0.0,-0.99529
7115.67,BTC-27DEC19,1574420345674,open,0.47,30.9,0.4275,0.459,0.44148535,104.79,0.5735,0.0,BTC-27DEC19-4000-C,7090.69,0.0,0.43,10.0,0.4475,10.0,128.52,1.336,-2.00712,3.61937,3e-05,0.97382
7115.67,BTC-27DEC19,1574420345674,open,0.28,72.5,0.2225,0.275,0.24650987,84.36,0.24,0.0,BTC-27DEC19-5500-C,7090.69,0.0,0.224,12.4,0.25,1.0,89.51,4.697,-5.68105,4.227,0.00012,0.86822
7216.26,BTC-27MAR20,1574420345674,open,2.65,0.0,2.8055,2.979,2.88557789,104.28,None,0.0,BTC-27MAR20-28000-P,7090.69,0.0,0.0,0.0,0.0,0.0,0.0,2.73878,-1.13441,-95.99611,1e-05,-0.9718
7216.26,BTC-27MAR20,1574420345674,open,0.85,59.9,0.9175,1.0415,0.97221806,87.21,0.955,0.0,BTC-27MAR20-14000-P,7090.69,0.0,0.4,0.5,0.0,0.0,0.0,9.86495,-3.41728,-45.35728,6e-05,-0.85036
7216.26,BTC-27MAR20,1574420345674,open,2.9,0.0,3.0765,3.2585,3.16127047,104.03,None,0.0,BTC-27MAR20-30000-P,7090.69,0.0,0.0,0.0,0.0,0.0,0.0,2.16769,-0.89576,-103.02776,1e-05,-0.97866
7216.26,BTC-27MAR20,1574420345674,open,3.68,0.0,3.8915,4.0985,3.99050042,104.19,None,0.0,BTC-27MAR20-36000-P,7090.69,0.0,0.0,0.0,0.0,0.0,0.0,1.14447,-0.47367,-123.94268,1e-05,-0.98985
7115.67,BTC-27DEC19,1574420345674,open,0.01,1564.3,0.0025,0.0295,0.01208207,91.73,0.012,0.0,BTC-27DEC19-5000-P,7090.69,89.39,0.011,39.0,0.0135,39.4,94.67,3.35727,-4.41527,-0.6454,8e-05,-0.08284
7216.26,BTC-27MAR20,1574420345674,open,2.39,0.0,2.534,2.701,2.61038456,104.34,None,0.0,BTC-27MAR20-26000-P,7090.69,0.0,0.0,0.0,0.0,0.0,0.0,3.43333,-1.42291,-88.92642,2e-05,-0.96292
7115.67,BTC-27DEC19,1574420345675,open,0.13,97.0,0.072,0.1365,0.10138992,76.24,0.11,0.0,BTC-27DEC19-7000-C,7090.69,73.44,0.098,11.6,0.1035,4.0,77.98,8.62217,-9.42429,3.21544,0.00023,0.57432
7100.09,SYN.BTC-6DEC19,1574420345673,open,0.18,4.0,0.1135,0.1695,0.1395345,85.23,0.1305,0.0,BTC-6DEC19-6250-C,7090.69,79.51,0.1365,4.0,0.1435,4.0,92.39,3.84675,-11.81462,1.78935,0.00024,0.80247
7115.67,BTC-27DEC19,1574420345675,open,0.0,968.8,0.0005,0.0115,0.00170565,104.9,0.0025,0.0,BTC-27DEC19-15000-C,7090.69,98.21,0.001,167.0,0.0025,1.0,110.43,0.89292,-1.34282,0.09899,2e-05,0.01627
7216.8,BTC-27MAR20,1574420345675,open,0.49,9.4,0.444,0.49,0.46413105,81.6,0.585,0.0,BTC-27MAR20-4000-C,7090.69,0.0,0.4455,9.0,0.472,9.0,90.8,5.7299,-1.85718,11.57889,4e-05,0.92937
7115.67,BTC-27DEC19,1574420345675,open,0.59,73.0,0.655,0.736,0.69178941,94.03,0.3805,0.0,BTC-27DEC19-12000-P,7090.69,0.0,0.6675,0.1,1.693,3.0,500.0,2.23907,-3.0183,-11.16806,5e-05,-0.95081
7317.76,SYN.BTC-26JUN20,1574420345673,open,1.85,0.0,1.961,2.1355,2.03799652,92.72,None,0.0,BTC-26JUN20-22000-P,7090.69,0.0,0.11,1.0,0.0,0.0,0.0,11.17962,-2.38966,-126.94455,4e-05,-0.88157
7115.67,BTC-27DEC19,1574420345676,open,0.0,812.6,0.0005,0.0135,0.00366684,105.01,0.005,0.0,BTC-27DEC19-4000-P,7090.69,106.73,0.004,22.0,0.0055,21.9,113.61,1.34489,-2.02475,-0.20433,3e-05,-0.02639
7100.09,SYN.BTC-6DEC19,1574420345673,open,0.07,12.1,0.0895,0.1565,0.12013415,79.13,0.132,0.0,BTC-6DEC19-7750-P,7090.69,76.01,0.118,2.0,0.1255,2.0,86.8,4.89665,-13.96198,-2.18162,0.00032,-0.68813
7115.67,BTC-27DEC19,1574420345677,open,0.01,953.4,0.0005,0.019,0.00524494,93.62,0.005,0.0,BTC-27DEC19-12000-C,7090.69,91.11,0.0045,50.0,0.006,24.0,95.96,2.20834,-2.96415,0.29304,5e-05,0.04835
7317.76,SYN.BTC-26JUN20,1574420345674,open,1.35,2.0,1.434,1.596,1.50515799,88.76,1.5,0.0,BTC-26JUN20-18000-P,7090.69,0.0,1.0,0.5,0.0,0.0,0.0,14.01193,-2.86736,-101.74393,5e-05,-0.83482
7100.09,SYN.BTC-6DEC19,1574420345673,open,0.12,12.3,0.0605,0.1195,0.08799572,79.38,0.0795,0.0,BTC-6DEC19-6750-C,7090.69,75.9,0.0855,12.0,0.093,12.0,86.34,5.08978,-14.5597,1.53562,0.00033,0.65692
7100.09,SYN.BTC-6DEC19,1574420345673,open,0.1,3.1,0.042,0.1,0.06842813,79.22,0.064,0.0,BTC-6DEC19-7000-C,7090.69,75.4,0.0655,14.0,0.0695,0.1,80.61,5.4443,-15.54057,1.34615,0.00036,0.56716
7095.08,SYN.BTC-29NOV19,1574420345674,open,0.0,370.9,0.0005,0.0105,0.00017387,105.01,0.0005,0.0,BTC-29NOV19-10500-C,7090.69,0.0,0.0,0.0,0.0015,39.0,136.49,0.11674,-0.89142,0.00518,1e-05,0.00405
7100.09,SYN.BTC-6DEC19,1574420345673,open,0.01,8.3,0.0005,0.021,0.00589662,83.44,0.006,0.0,BTC-6DEC19-9000-C,7090.69,83.78,0.006,3.0,0.007,0.1,86.94,2.14262,-6.44236,0.21187,0.00013,0.08439
