underlying_price,underlying_index,timestamp,state,settlement_price,open_interest,min_price,max_price,mark_price,mark_iv,last_price,interest_rate,instrument_name,index_price,bid_iv,best_bid_price,best_bid_amount,best_ask_price,best_ask_amount,ask_iv,vega,theta,rho,gamma,delta
10005.42,BTC-27DEC19,1569322739997,open,0.0,621.5,0.0005,0.0105,0.00074873,91.48,0.001,0.0,BTC-27DEC19-36000-C,9726.81,88.01,0.0005,1146.4,0.001,0.9,94.2,0.82936,-0.40411,0.12841,0.0,0.00574
206.58,ETH-27MAR20,1569322740208,open,0.06,866.0,0.029,0.103,0.064654,88.64,0.07,0.0,ETH-27MAR20-400-C,196.34,86.94,0.061,220.0,0.069,332.0,90.62,0.44866,-0.10755,0.17517,0.00234,0.23206
196.78,ETH-27SEP19,1569322740242,open,0.1,1751.0,0.059,0.118,0.089781,86.78,0.1,0.0,ETH-27SEP19-180-C,196.34,56.53,0.086,309.0,0.091,40.0,93.49,0.0341,-0.51446,0.01231,0.01288,0.88408
196.78,ETH-27SEP19,1569322740242,open,0.2,2231.0,0.185,0.26,0.220595,112.38,0.1,0.0,ETH-27SEP19-240-P,196.34,0.0,0.219,300.0,0.88,5.0,500.0,0.0106,-0.20717,-0.01852,0.00309,-0.97384
196.78,ETH-27SEP19,1569322740251,open,0.6,606.0,0.579,0.676,0.626099,0.0,0.6,0.0,ETH-27SEP19-320-P,196.34,0.0,0.596,14.0,0.647,14.0,418.02,0.0,0.0,-0.02521,0.0,-1.0
10186.11,BTC-27MAR20,1569322740251,open,1.19,0.0,1.134,1.267,1.19725251,82.64,None,0.0,BTC-27MAR20-22000-P,9726.81,0.0,0.0,0.0,1.752,0.8,298.87,17.27552,-3.86111,-105.36626,4e-05,-0.84499
196.78,ETH-27SEP19,1569322740257,open,1.61,12.0,1.566,1.724,1.642545,125.0,1.193,0.0,ETH-27SEP19-520-P,196.34,0.0,0.0,0.0,0.0,0.0,0.0,0.0,0.0,-0.04097,0.0,-1.0
10186.11,BTC-27MAR20,1569322740259,open,1.76,0.0,1.701,1.8425,1.7677127,84.89,None,0.0,BTC-27MAR20-28000-P,9726.81,0.0,0.0,0.0,0.0,0.0,0.0,11.28972,-2.59197,-138.40596,3e-05,-0.91491
202.58,ETH-27DEC19,1569322740263,open,0.34,2.0,0.305,0.366,0.337468,76.02,0.275,0.0,ETH-27DEC19-140-C,196.34,0.0,0.308,300.0,0.0,0.0,0.0,0.21129,-0.08555,0.28015,0.00263,0.87517
202.58,ETH-27DEC19,1569322740287,open,0.14,4516.0,0.098,0.187,0.143583,75.0,0.12,0.0,ETH-27DEC19-200-P,196.34,73.18,0.14,285.0,0.148,240.0,77.24,0.39972,-0.15967,-0.28917,0.00505,-0.41143
202.58,ETH-27DEC19,1569322740289,open,2.32,0.0,2.26,2.468,2.359681,101.96,None,0.0,ETH-27DEC19-680-P,196.34,0.0,0.002,10.0,0.0,0.0,0.0,0.04678,-0.0254,-1.74078,0.00043,-0.98139
196.78,ETH-27SEP19,1569322740289,open,2.61,0.0,2.553,2.772,2.658908,125.0,None,0.0,ETH-27SEP19-720-P,196.34,0.0,0.0,0.0,0.0,0.0,0.0,0.0,0.0,-0.05673,0.0,-1.0
196.78,ETH-27SEP19,1569322740296,open,2.21,0.0,2.158,2.353,2.252363,125.0,None,0.0,ETH-27SEP19-640-P,196.34,0.0,0.0,0.0,0.0,0.0,0.0,0.0,0.0,-0.05042,0.0,-1.0
196.78,ETH-27SEP19,1569322740308,open,1.21,0.0,1.171,1.305,1.235886,0.0,None,0.0,ETH-27SEP19-440-P,196.34,0.0,0.0,0.0,0.0,0.0,0.0,0.0,0.0,-0.03467,0.0,-1.0
202.58,ETH-27DEC19,1569322740315,open,0.16,2157.0,0.113,0.194,0.15634,75.01,0.157,0.0,ETH-27DEC19-200-C,196.34,72.81,0.152,300.0,0.161,336.0,77.37,0.39972,-0.15969,0.22521,0.00505,0.58858
196.78,ETH-27SEP19,1569322740315,open,2.81,0.0,2.75,2.981,2.862181,125.0,None,0.0,ETH-27SEP19-760-P,196.34,0.0,0.0,0.0,0.0,0.0,0.0,0.0,0.0,-0.05988,0.0,-1.0
196.78,ETH-27SEP19,1569322740317,open,1.41,0.0,1.369,1.514,1.439148,0.0,None,0.0,ETH-27SEP19-480-P,196.34,0.0,0.0,0.0,0.0,0.0,0.0,0.0,0.0,-0.03782,0.0,-1.0
202.58,ETH-27DEC19,1569322740320,open,0.27,156.0,0.226,0.298,0.264798,75.0,0.3,0.0,ETH-27DEC19-160-C,196.34,0.0,0.21,300.0,0.394,1.0,157.38,0.2951,-0.11788,0.27426,0.00373,0.79119
202.58,ETH-27DEC19,1569322740325,open,2.71,0.0,2.643,2.873,2.753598,104.28,None,0.0,ETH-27DEC19-760-P,196.34,0.0,0.0,0.0,0.0,0.0,0.0,0.03367,-0.0187,-1.9491,0.00031,-0.98731
196.78,ETH-27SEP19,1569322740325,open,2.41,0.0,2.356,2.562,2.455636,125.0,None,0.0,ETH-27SEP19-680-P,196.34,0.0,0.0,0.0,0.0,0.0,0.0,0.0,0.0,-0.05357,0.0,-1.0
9825.17,SYN.BTC-25OCT19,1569322740368,open,0.39,8.3,0.378,0.4095,0.39301074,97.67,0.431,0.0,BTC-25OCT19-6000-C,9726.81,0.0,0.381,13.0,0.406,13.0,138.76,1.95398,-3.09058,4.79399,2e-05,0.96982
9825.17,SYN.BTC-25OCT19,1569322740372,open,0.09,303.3,0.061,0.1235,0.09260281,71.38,0.0935,0.0,BTC-25OCT19-10000-P,9726.81,69.13,0.09,12.0,0.0935,19.4,72.15,11.39816,-13.17483,-4.86279,0.0002,-0.49249
202.58,ETH-27DEC19,1569322740397,open,0.21,546.0,0.162,0.241,0.204905,75.01,0.204,0.0,ETH-27DEC19-180-C,196.34,71.14,0.198,240.0,0.208,96.0,76.74,0.36155,-0.14445,0.25367,0.00457,0.69177
9825.17,SYN.BTC-25OCT19,1569322740399,open,0.0,896.2,0.0005,0.0115,0.00156129,85.46,0.0015,0.0,BTC-25OCT19-17000-C,9726.81,84.99,0.0015,24.0,0.002,19.0,88.49,1.30606,-1.80742,0.14234,2e-05,0.01869
206.58,ETH-27MAR20,1569322740410,open,0.05,603.0,0.022,0.088,0.052792,90.02,0.057,0.0,ETH-27MAR20-440-C,196.34,88.06,0.049,220.0,0.057,252.0,92.14,0.40531,-0.09868,0.14876,0.00208,0.19496
10005.42,BTC-27DEC19,1569322740409,open,0.0,621.5,0.0005,0.0105,0.00074873,91.48,0.001,0.0,BTC-27DEC19-36000-C,9726.81,88.01,0.0005,1152.4,0.001,0.9,94.2,0.82936,-0.40411,0.12841,0.0,0.00574
198.56,SYN.ETH-25OCT19,1569322740410,open,0.14,521.0,0.101,0.167,0.136397,73.64,0.141,0.0,ETH-25OCT19-180-C,196.34,71.21,0.134,272.0,0.143,272.0,80.27,0.19637,-0.23418,0.09703,0.00799,0.71409
9745.04,BTC-27SEP19,1569322740420,open,0.15,2.8,0.132,0.182,0.15545866,87.12,0.129,0.0,BTC-27SEP19-11250-P,9726.81,0.0,0.1405,9.0,0.174,9.2,189.0,0.66044,-10.00395,-0.86065,0.0001,-0.96551
9765.08,SYN.BTC-4OCT19,1569322740425,open,0.0,56.7,0.0005,0.0115,0.0016277,89.11,0.0015,0.0,BTC-4OCT19-13000-C,9726.81,82.65,0.001,18.6,0.0025,51.0,95.88,1.09701,-4.94936,0.07532,5e-05,0.03014
9745.04,BTC-27SEP19,1569322740443,open,0.06,22.4,0.035,0.0835,0.05991536,79.22,0.059,0.0,BTC-27SEP19-9250-C,9726.81,77.62,0.0595,6.1,0.0625,0.1,88.8,2.55244,-35.15691,0.55386,0.00043,0.7813
202.58,ETH-27DEC19,1569322740464,open,0.09,5733.0,0.056,0.13,0.093419,75.0,0.067,0.0,ETH-27DEC19-180-P,196.34,71.96,0.088,540.0,0.097,240.0,77.0,0.36154,-0.14442,-0.20927,0.00457,-0.30823
198.56,SYN.ETH-25OCT19,1569322740478,open,0.04,1101.0,0.019,0.069,0.042857,73.6,0.039,0.0,ETH-25OCT19-180-P,196.34,71.71,0.041,128.0,0.045,245.0,75.76,0.19634,-0.23401,-0.05521,0.008,-0.28584
9765.08,SYN.BTC-4OCT19,1569322740499,open,0.0,18.8,0.0005,0.012,0.00218664,83.22,0.002,0.0,BTC-4OCT19-12500-C,9726.81,77.97,0.0015,0.1,0.003,20.0,88.3,1.42192,-5.99135,0.10347,7e-05,0.04135
202.58,ETH-27DEC19,1569322740531,open,0.12,1842.0,0.078,0.157,0.119863,75.94,0.118,0.0,ETH-27DEC19-220-C,196.34,73.54,0.115,300.0,0.125,336.0,78.48,0.40977,-0.16574,0.19356,0.00511,0.49137
198.56,SYN.ETH-25OCT19,1569322740547,open,0.09,547.0,0.049,0.112,0.082007,73.63,0.117,0.0,ETH-25OCT19-200-C,196.34,71.03,0.079,411.0,0.087,336.0,77.94,0.22978,-0.27396,0.07513,0.00936,0.52927
9765.08,SYN.BTC-4OCT19,1569322740557,open,0.1,0.7,0.0685,0.119,0.09470703,71.64,0.094,0.0,BTC-4OCT19-9000-C,9726.81,71.22,0.0945,10.0,0.1,10.5,82.02,4.8324,-17.52782,1.79412,0.00026,0.77376
10186.11,BTC-27MAR20,1569322740565,open,2.14,0.0,2.0835,2.234,2.154303,86.33,None,0.0,BTC-27MAR20-32000-P,9726.81,0.0,0.001,1.0,0.0,0.0,0.0,8.62096,-2.01287,-159.65278,2e-05,-0.94013
9745.04,BTC-27SEP19,1569322740599,open,0.08,163.9,0.057,0.108,0.08187592,74.27,0.084,0.0,BTC-27SEP19-10500-P,9726.81,63.49,0.08,0.1,0.0825,6.0,77.41,1.8865,-24.35967,-0.72631,0.00034,-0.86411
202.58,ETH-27DEC19,1569322740606,open,0.2,4916.0,0.154,0.254,0.205818,75.92,0.175,0.0,ETH-27DEC19-220-P,196.34,74.04,0.202,96.0,0.21,240.0,77.99,0.40976,-0.1657,-0.37226,0.00511,-0.50867
198.56,SYN.ETH-25OCT19,1569322740611,open,0.08,1162.0,0.054,0.124,0.089185,73.58,0.083,0.0,ETH-25OCT19-200-P,196.34,69.97,0.085,96.0,0.091,240.0,75.15,0.22978,-0.2738,-0.09405,0.00936,-0.47076
9765.08,SYN.BTC-4OCT19,1569322740614,open,0.09,5.2,0.065,0.1225,0.09365848,68.64,0.0935,0.0,BTC-4OCT19-10500-P,9726.81,59.96,0.089,14.0,0.095,10.0,71.05,5.39643,-18.75475,-2.15275,0.0003,-0.72113
206.58,ETH-27MAR20,1569322740641,open,1.35,0.0,1.278,1.466,1.369657,92.64,None,0.0,ETH-27MAR20-480-P,196.34,0.0,0.003,10.0,0.0,0.0,0.0,0.37382,-0.09366,-2.30027,0.00187,-0.82873
197.23,SYN.ETH-4OCT19,1569322740645,open,0.02,256.0,0.002,0.032,0.013839,75.9,0.016,0.0,ETH-4OCT19-220-C,196.34,71.92,0.012,450.0,0.018,160.0,84.39,0.09301,-0.35745,0.01037,0.01164,0.20816
9825.17,SYN.BTC-25OCT19,1569322740645,open,0.53,0.0,0.498,0.5675,0.53095997,81.32,None,0.0,BTC-25OCT19-15000-P,9726.81,0.0,0.0,0.0,0.0,0.0,0.0,2.82437,-3.71961,-12.33011,4e-05,-0.95259
10186.11,BTC-27MAR20,1569322740656,open,0.04,115.4,0.018,0.0615,0.03797928,78.11,0.036,0.0,BTC-27MAR20-6000-P,9726.81,77.37,0.037,10.0,0.0395,27.7,79.24,13.57232,-2.86701,-7.60051,3e-05,-0.10934
9765.08,SYN.BTC-4OCT19,1569322740666,open,0.24,0.0,0.217,0.2545,0.23484873,97.28,None,0.0,BTC-4OCT19-7500-C,9726.81,0.0,0.0,0.0,0.0,0.0,0.0,1.43655,-7.0751,1.91098,6e-05,0.95813
9825.17,SYN.BTC-25OCT19,1569322740675,open,0.04,383.3,0.0195,0.067,0.04236062,73.21,0.041,0.0,BTC-25OCT19-11000-C,9726.81,72.4,0.0415,11.0,0.044,20.8,74.75,10.42028,-12.35424,2.43878,0.00017,0.33579
9825.17,SYN.BTC-25OCT19,1569322740680,open,0.0,744.9,0.0005,0.0135,0.00368734,97.67,0.0035,0.0,BTC-25OCT19-6000-P,9726.81,94.01,0.003,47.0,0.0045,38.9,101.53,1.95397,-3.09055,-0.28147,2e-05,-0.03018
198.56,SYN.ETH-25OCT19,1569322740689,open,0.05,1087.0,0.022,0.074,0.047222,74.8,0.049,0.0,ETH-25OCT19-220-C,196.34,73.67,0.046,237.0,0.051,368.0,78.26,0.21575,-0.26134,0.05229,0.00865,0.35851
10186.11,BTC-27MAR20,1569322740705,open,0.06,117.5,0.0295,0.1025,0.06338325,80.87,0.0705,0.0,BTC-27MAR20-18000-C,9726.81,79.56,0.0605,18.9,0.0665,17.0,82.26,22.61348,-4.94589,9.19019,5e-05,0.24151
206.58,ETH-27MAR20,1569322740725,open,0.04,415.0,0.014,0.07,0.038438,93.59,0.049,0.0,ETH-27MAR20-520-C,196.34,92.08,0.036,200.0,0.042,340.0,95.73,0.33696,-0.08529,0.11276,0.00167,0.1462
9745.04,BTC-27SEP19,1569322740742,open,0.01,289.7,0.0005,0.0265,0.00911532,79.22,0.01,0.0,BTC-27SEP19-9250-P,9726.81,78.77,0.009,0.4,0.01,25.5,82.56,2.55239,-35.15465,-0.1749,0.00043,-0.21869
10186.07,BTC-27MAR20,1569322740785,open,0.03,77.8,0.0095,0.0575,0.02929043,83.35,0.0325,0.0,BTC-27MAR20-24000-C,9726.81,82.11,0.0275,19.0,0.0315,15.0,84.83,14.95932,-3.37202,4.96042,3e-05,0.12544
10186.07,BTC-27MAR20,1569322740788,open,0.02,73.6,0.004,0.036,0.01541717,85.6,0.0155,0.0,BTC-27MAR20-30000-C,9726.81,84.1,0.014,14.0,0.017,15.0,87.2,9.84012,-2.27814,2.86762,2e-05,0.071
9765.07,SYN.BTC-4OCT19,1569322740801,open,0.33,0.0,0.3055,0.3635,0.33290221,89.1,None,0.0,BTC-4OCT19-13000-P,9726.81,0.0,0.05,1.0,0.0,0.0,0.0,1.09653,-4.94664,-3.44209,5e-05,-0.96988
206.58,ETH-27MAR20,1569322740809,open,1.54,0.0,1.461,1.656,1.555501,93.52,None,0.0,ETH-27MAR20-520-P,196.34,0.0,0.005,10.0,0.0,0.0,0.0,0.33648,-0.0851,-2.52129,0.00166,-0.85411
10005.42,BTC-27DEC19,1569322740830,open,0.0,621.5,0.0005,0.0105,0.00074873,91.48,0.001,0.0,BTC-27DEC19-36000-C,9726.81,88.01,0.0005,1146.4,0.001,0.9,94.2,0.82936,-0.40411,0.12841,0.0,0.00574
198.56,SYN.ETH-25OCT19,1569322740852,open,0.03,1231.0,0.009,0.049,0.027519,77.41,0.035,0.0,ETH-25OCT19-240-C,196.34,75.69,0.026,1.0,0.029,128.0,79.06,0.1766,-0.22138,0.0345,0.00684,0.23293
10186.07,BTC-27MAR20,1569322740877,open,0.33,51.3,0.2765,0.393,0.33592541,77.56,0.3355,0.0,BTC-27MAR20-12000-P,9726.81,75.3,0.3295,14.6,0.3415,5.6,79.52,28.91448,-6.06526,-43.55824,7e-05,-0.50834
9825.16,SYN.BTC-25OCT19,1569322740880,open,0.73,0.0,0.6965,0.77,0.73181238,85.45,None,0.0,BTC-25OCT19-17000-P,9726.81,0.0,0.0,0.0,0.0,0.0,0.0,1.30571,-1.80683,-14.23816,2e-05,-0.98132
197.23,SYN.ETH-4OCT19,1569322740930,open,0.01,42.0,0.001,0.021,0.007311,76.59,0.01,0.0,ETH-4OCT19-230-C,196.34,72.52,0.006,691.0,0.009,100.0,81.4,0.06625,-0.25691,0.0062,0.00822,0.12358
9765.07,SYN.BTC-4OCT19,1569322740974,open,0.28,0.0,0.2555,0.3125,0.28225827,83.22,None,0.0,BTC-4OCT19-12500-P,9726.81,0.0,0.01,2.0,0.0,0.0,0.0,1.42148,-5.989,-3.27866,7e-05,-0.95867
9765.07,SYN.BTC-4OCT19,1569322740974,open,0.01,111.4,0.0005,0.0245,0.00969437,70.41,0.01,0.0,BTC-4OCT19-11000-C,9726.81,68.7,0.009,41.0,0.0105,2.0,72.35,4.00233,-14.26844,0.41289,0.00022,0.16597
9825.16,SYN.BTC-25OCT19,1569322740980,open,0.3,5.0,0.276,0.316,0.29563092,84.96,0.307,0.0,BTC-25OCT19-7000-C,9726.81,81.87,0.2945,7.0,0.298,2.0,90.84,3.72555,-5.12576,5.29415,5e-05,0.93262
9825.16,SYN.BTC-25OCT19,1569322740982,open,0.16,16.5,0.127,0.1965,0.16193482,73.21,0.158,0.0,BTC-25OCT19-11000-P,9726.81,69.0,0.1575,8.0,0.163,11.2,74.21,10.42025,-12.35416,-6.86624,0.00017,-0.66421
198.56,SYN.ETH-25OCT19,1569322741001,open,0.02,684.0,0.004,0.032,0.015634,79.19,0.02,0.0,ETH-25OCT19-260-C,196.34,76.67,0.014,688.0,0.017,160.0,81.21,0.13202,-0.1693,0.02184,0.005,0.14564
9765.07,SYN.BTC-4OCT19,1569322741005,open,0.02,73.4,0.0035,0.035,0.01635813,71.64,0.0175,0.0,BTC-4OCT19-9000-P,9726.81,69.9,0.0155,16.0,0.018,24.0,74.92,4.83238,-17.52743,-0.64098,0.00026,-0.22624
9745.04,BTC-27SEP19,1569322741063,open,0.03,141.9,0.005,0.047,0.02503385,71.41,0.025,0.0,BTC-27SEP19-9750-C,9726.81,71.31,0.025,19.5,0.027,18.5,76.96,3.44982,-42.83097,0.37191,0.00065,0.50944
10186.07,BTC-27MAR20,1569322741063,open,0.01,21.6,0.001,0.028,0.01078997,87.17,0.0155,0.0,BTC-27MAR20-34000-C,9726.81,85.38,0.0095,14.0,0.012,15.0,88.74,7.62807,-1.79841,2.08872,2e-05,0.05127
9745.04,BTC-27SEP19,1569322741087,open,0.0,489.6,0.0005,0.0105,0.00073067,92.64,0.0015,0.0,BTC-27SEP19-11500-C,9726.81,87.53,0.0005,35.1,0.001,30.3,97.45,0.49318,-7.12039,0.01808,7e-05,0.02427
10005.44,BTC-27DEC19,1569322741113,open,0.33,51.4,0.3045,0.36,0.33235406,77.38,0.3395,0.0,BTC-27DEC19-7000-C,9726.81,60.21,0.3155,14.0,0.337,14.1,81.54,10.97584,-4.52388,13.72566,6e-05,0.86573
9745.04,BTC-27SEP19,1569322741113,open,0.0,438.2,0.0005,0.0105,0.0,115.0,0.0005,0.0,BTC-27SEP19-28000-C,9726.81,0.0,0.0,0.0,0.001,38.0,457.83,0.0,0.0,0.0,0.0,0.0
10005.44,BTC-27DEC19,1569322741113,open,0.28,88.4,0.236,0.332,0.28448722,75.33,0.26,0.0,BTC-27DEC19-12000-P,9726.81,71.46,0.277,14.0,0.2925,6.0,79.44,19.43862,-7.79944,-23.07208,0.0001,-0.6121
9745.04,BTC-27SEP19,1569322741113,open,0.0,1298.4,0.0005,0.0105,0.00050006,106.23,0.0005,0.0,BTC-27SEP19-12000-C,9726.81,0.0,0.0,0.0,0.001,52.5,117.63,0.33454,-4.87306,0.01142,4e-05,0.01537
10005.44,BTC-27DEC19,1569322741113,open,0.0,708.6,0.0005,0.0115,0.0018218,88.64,0.002,0.0,BTC-27DEC19-30000-C,9726.81,86.65,0.0015,24.0,0.0025,13.0,92.14,1.72999,-0.81674,0.29482,1e-05,0.01328
9745.04,BTC-27SEP19,1569322741113,open,0.44,221.9,0.4245,0.4465,0.4356109,158.75,0.446,0.0,BTC-27SEP19-5500-C,9726.81,0.0,0.427,9.0,0.444,9.0,430.84,0.00068,-0.01886,0.43331,0.0,0.99998
10005.44,BTC-27DEC19,1569322741113,open,0.02,456.8,0.0085,0.0415,0.02290646,79.0,0.0195,0.0,BTC-27DEC19-6500-P,9726.81,77.98,0.022,24.0,0.024,45.0,80.21,8.95862,-3.76968,-3.18401,4e-05,-0.10082
9745.04,BTC-27SEP19,1569322741116,open,0.0,1107.7,0.0005,0.0105,0.0,115.0,0.001,0.0,BTC-27SEP19-4250-P,9726.81,0.0,0.0,0.0,0.001,38.0,414.57,0.0,0.0,0.0,0.0,0.0
9745.04,BTC-27SEP19,1569322741116,open,0.0,761.0,0.0005,0.0105,0.0,115.0,0.0005,0.0,BTC-27SEP19-32000-C,9726.81,0.0,0.0,0.0,0.001,38.0,500.0,0.0,0.0,0.0,0.0,0.0
9745.04,BTC-27SEP19,1569322741116,open,0.0,300.4,0.0005,0.0105,0.0,115.0,0.0005,0.0,BTC-27SEP19-24000-C,9726.81,0.0,0.0,0.0,0.001,38.0,401.03,0.0,0.0,0.0,0.0,0.0
10005.44,BTC-27DEC19,1569322741121,open,1.6,0.0,1.5485,1.6615,1.60214391,86.29,None,0.0,BTC-27DEC19-26000-P,9726.81,0.0,0.0045,10.0,2.2825,0.2,500.0,2.94606,-1.35404,-66.32363,1e-05,-0.9752
9745.04,BTC-27SEP19,1569322741126,open,2.28,0.0,2.2195,2.3505,2.2837184,0.0,None,0.0,BTC-27SEP19-32000-P,9726.81,0.0,0.0,0.0,0.0,0.0,0.0,0.0,0.0,-2.52116,0.0,-1.0
9745.04,BTC-27SEP19,1569322741126,open,0.62,0.0,0.6055,0.625,0.61518925,255.84,None,0.0,BTC-27SEP19-3750-C,9726.81,0.0,0.6075,13.0,0.623,13.0,500.0,0.00031,-0.01367,0.29544,0.0,0.99999
9745.04,BTC-27SEP19,1569322741131,open,0.0,1660.1,0.0005,0.0105,0.0,115.0,0.0005,0.0,BTC-27SEP19-1500-P,9726.81,0.0,0.0,0.0,0.0005,119.1,500.0,0.0,0.0,0.0,0.0,0.0
10186.07,BTC-27MAR20,1569322741133,open,0.32,17.0,0.2745,0.3555,0.31679656,76.49,0.371,0.0,BTC-27MAR20-8000-C,9726.81,62.48,0.2865,9.5,0.351,9.5,91.92,22.38202,-4.63005,23.02079,6e-05,0.76299
10005.44,BTC-27DEC19,1569322741138,open,3.79,0.0,3.7035,3.898,3.79789882,104.71,None,0.0,BTC-27DEC19-48000-P,9726.81,0.0,0.0005,1.0,0.0,0.0,0.0,0.54694,-0.30503,-123.37342,0.0,-0.9964
197.23,SYN.ETH-4OCT19,1569322741138,open,0.01,36.0,0.001,0.017,0.005124,83.21,0.007,0.0,ETH-4OCT19-240-C,196.34,73.87,0.003,701.0,0.008,700.0,93.17,0.05093,-0.21457,0.00432,0.00582,0.08601
9745.04,BTC-27SEP19,1569322741146,open,0.0,422.0,0.0005,0.0105,0.0,115.0,0.0005,0.0,BTC-27SEP19-3500-P,9726.81,0.0,0.0,0.0,0.0005,31.0,463.25,0.0,0.0,0.0,0.0,0.0
9745.04,BTC-27SEP19,1569322741148,open,0.13,4.1,0.1105,0.153,0.13066397,106.34,0.169,0.0,BTC-27SEP19-8500-C,9726.81,0.0,0.118,11.0,0.135,12.0,135.96,1.12819,-20.86033,0.61569,0.00014,0.93258
9745.04,BTC-27SEP19,1569322741148,open,0.84,1.0,0.811,0.8845,0.8470916,0.0,0.7615,0.0,BTC-27SEP19-18000-P,9726.81,0.0,0.055,1.0,0.0,0.0,0.0,0.0,0.0,-1.41815,0.0,-1.0
9745.04,BTC-27SEP19,1569322741151,open,0.0,484.6,0.0005,0.0105,0.0,115.0,0.0005,0.0,BTC-27SEP19-4000-P,9726.81,0.0,0.0,0.0,0.0005,32.0,406.06,0.0,0.0,0.0,0.0,0.0
9745.04,BTC-27SEP19,1569322741151,open,0.51,13.5,0.503,0.5225,0.51257305,196.39,0.382,0.0,BTC-27SEP19-4750-C,9726.81,0.0,0.505,10.0,0.5195,10.0,500.0,0.00049,-0.01672,0.37422,0.0,0.99999
9745.04,BTC-27SEP19,1569322741153,open,0.59,227.5,0.58,0.5995,0.5895352,239.75,0.606,0.0,BTC-27SEP19-4000-C,9726.81,0.0,0.582,12.0,0.597,12.0,500.0,0.00035,-0.01445,0.31514,0.0,0.99999
10005.44,BTC-27DEC19,1569322741176,open,0.36,112.0,0.3145,0.4125,0.36348051,75.92,0.335,0.0,BTC-27DEC19-13000-P,9726.81,71.42,0.3555,13.0,0.4055,5.0,98.24,17.97504,-7.26847,-27.03364,9e-05,-0.68705
10005.44,BTC-27DEC19,1569322741176,open,0.0,326.0,0.0005,0.011,0.00149785,90.82,0.002,0.0,BTC-27DEC19-32000-C,9726.81,86.89,0.001,39.1,0.002,9.0,93.92,1.45774,-0.70515,0.24192,1e-05,0.0109
10005.44,BTC-27DEC19,1569322741176,open,0.03,318.1,0.01,0.0535,0.02854018,78.07,0.0315,0.0,BTC-27DEC19-16000-C,9726.81,77.63,0.028,18.0,0.03,41.2,79.23,12.42764,-5.16741,3.42463,6e-05,0.16162
10005.44,BTC-27DEC19,1569322741176,open,0.04,578.3,0.0145,0.0645,0.03704708,77.27,0.0385,0.0,BTC-27DEC19-15000-C,9726.81,76.53,0.036,17.0,0.0385,38.1,78.28,14.25682,-5.86757,4.22416,7e-05,0.2012
9745.04,BTC-27SEP19,1569322741176,open,0.0,1634.5,0.0005,0.0105,0.00093679,115.0,0.0015,0.0,BTC-27SEP19-8000-P,9726.81,116.25,0.001,46.5,0.0015,1.0,124.8,0.48202,-9.12902,-0.01885,6e-05,-0.02362
9745.04,BTC-27SEP19,1569322741176,open,0.04,1158.6,0.016,0.066,0.0407887,71.4,0.041,0.0,BTC-27SEP19-10000-P,9726.81,65.94,0.039,0.7,0.0415,18.0,73.55,3.21551,-39.91983,-0.52766,0.0006,-0.64647
9745.04,BTC-27SEP19,1569322741176,open,0.0,1268.5,0.0005,0.0115,0.00154296,82.02,0.002,0.0,BTC-27SEP19-11000-C,9726.81,81.56,0.0015,8.0,0.002,30.5,86.53,0.91777,-13.08826,0.0386,0.00015,0.05181
9745.04,BTC-27SEP19,1569322741188,open,1.46,0.2,1.415,1.513,1.4627888,0.0,1.6,0.0,BTC-27SEP19-24000-P,9726.81,0.0,0.015,1.0,0.0,0.0,0.0,0.0,0.0,-1.89087,0.0,-1.0
10005.44,BTC-27DEC19,1569322741190,open,0.42,122.9,0.395,0.438,0.41608364,80.61,0.4475,0.0,BTC-27DEC19-6000-C,9726.81,70.11,0.4095,10.0,0.42,10.0,85.93,7.02059,-3.01418,13.15296,3e-05,0.92721
10005.44,BTC-27DEC19,1569322741190,open,0.01,388.1,0.0005,0.0195,0.00701898,82.45,0.0065,0.0,BTC-27DEC19-22000-C,9726.81,81.38,0.0065,24.0,0.008,37.0,84.35,4.97589,-2.18517,1.0274,2e-05,0.04694
9745.04,BTC-27SEP19,1569322741190,open,0.0,544.1,0.0005,0.0105,5.87e-06,115.0,0.0005,0.0,BTC-27SEP19-14000-C,9726.81,0.0,0.0,0.0,0.001,15.0,186.53,0.00759,-0.05718,0.00018,0.0,0.00023
9745.04,BTC-27SEP19,1569322741190,open,0.28,725.8,0.2675,0.296,0.28170033,115.46,0.28,0.0,BTC-27SEP19-7000-C,9726.81,0.0,0.277,12.0,0.2885,12.0,261.75,0.01594,-0.31995,0.55109,0.0,0.99948
9745.04,BTC-27SEP19,1569322741190,open,0.33,36.9,0.308,0.362,0.33409347,114.82,0.278,0.0,BTC-27SEP19-13000-P,9726.81,0.0,0.0015,1.0,0.0,0.0,0.0,0.07304,-1.45821,-1.02218,1e-05,-0.99726
9745.04,BTC-27SEP19,1569322741190,open,2.07,0.0,2.0185,2.141,2.078486,0.0,None,0.0,BTC-27SEP19-30000-P,9726.81,0.0,0.0,0.0,0.0,0.0,0.0,0.0,0.0,-2.36358,0.0,-1.0
10005.44,BTC-27DEC19,1569322741190,open,0.04,249.9,0.021,0.069,0.04331041,75.88,0.0425,0.0,BTC-27DEC19-7500-P,9726.81,75.64,0.043,19.3,0.044,8.0,76.41,12.99656,-5.25246,-5.57275,7e-05,-0.17325
9745.04,BTC-27SEP19,1569322741192,open,0.8,28.2,0.785,0.8045,0.7947676,408.28,0.755,0.0,BTC-27SEP19-2000-C,9726.81,0.0,0.7865,16.0,0.803,1.0,500.0,0.00011,-0.00779,0.15757,0.0,1.0
9745.04,BTC-27SEP19,1569322741192,open,0.0,1258.3,0.0005,0.0105,1.373e-05,115.0,0.0005,0.0,BTC-27SEP19-7000-P,9726.81,0.0,0.0,0.0,0.001,16.0,181.49,0.01529,-0.13378,-0.00039,0.0,-0.0005
10005.44,BTC-27DEC19,1569322741195,open,0.01,772.8,0.0005,0.017,0.00737319,86.44,0.0055,0.0,BTC-27DEC19-5000-P,9726.81,84.17,0.0065,39.0,0.0085,51.0,89.15,3.99396,-1.8387,-1.11093,2e-05,-0.0358
10186.07,BTC-27MAR20,1569322741203,open,0.82,0.0,0.767,0.897,0.83047903,80.86,0.8095,0.0,BTC-27MAR20-18000-P,9726.81,0.0,0.0825,2.0,0.846,1.4,87.62,22.61071,-4.94466,-81.98293,5e-05,-0.75854
10005.44,BTC-27DEC19,1569322741207,open,0.51,65.4,0.4925,0.524,0.50764404,86.43,0.5195,0.0,BTC-27DEC19-5000-C,9726.81,0.0,0.494,11.0,0.5195,11.0,109.26,3.99367,-1.83851,11.74886,2e-05,0.96421
9745.04,BTC-27SEP19,1569322741211,open,0.02,933.1,0.0015,0.034,0.0146267,71.41,0.014,0.0,BTC-27SEP19-10000-C,9726.81,69.5,0.014,0.4,0.0155,1.0,74.04,3.21553,-39.92192,0.2602,0.0006,0.35353
10005.44,BTC-27DEC19,1569322741211,open,0.0,213.2,0.0005,0.0105,0.00050988,108.71,0.0005,0.0,BTC-27DEC19-2500-P,9726.81,0.0,0.0,0.0,0.001,38.0,117.95,0.41165,-0.23835,-0.08069,0.0,-0.00263
9745.04,BTC-27SEP19,1569322741216,open,0.67,0.5,0.6565,0.676,0.66649735,291.21,0.694,0.0,BTC-27SEP19-3250-C,9726.81,0.0,0.6585,13.0,0.6745,14.0,500.0,0.00024,-0.01205,0.25605,0.0,0.99999
9745.04,BTC-27SEP19,1569322741222,open,1.87,0.0,1.817,1.9315,1.8732536,0.0,None,0.0,BTC-27SEP19-28000-P,9726.81,0.0,0.0,0.0,0.0,0.0,0.0,0.0,0.0,-2.20601,0.0,-1.0
10005.42,BTC-27DEC19,1569322741230,open,0.0,621.5,0.0005,0.0105,0.00074873,91.48,0.001,0.0,BTC-27DEC19-36000-C,9726.81,88.01,0.0005,1152.4,0.001,0.9,94.2,0.82936,-0.40411,0.12841,0.0,0.00574
10005.44,BTC-27DEC19,1569322741234,open,0.02,477.6,0.0045,0.037,0.01716343,79.42,0.0165,0.0,BTC-27DEC19-18000-C,9726.81,78.69,0.0165,24.0,0.018,15.0,80.32,9.19231,-3.88858,2.24644,4e-05,0.10446
9745.04,BTC-27SEP19,1569322741234,open,0.0,657.8,0.0005,0.0105,0.0,115.0,0.0005,0.0,BTC-27SEP19-5000-P,9726.81,0.0,0.0,0.0,0.0005,57.9,310.53,0.0,0.0,0.0,0.0,0.0
10005.44,BTC-27DEC19,1569322741239,open,0.0,502.8,0.0005,0.0125,0.00299183,93.61,0.003,0.0,BTC-27DEC19-4000-P,9726.81,90.92,0.0025,39.0,0.0035,23.5,96.12,1.92774,-0.96114,-0.46442,1e-05,-0.01506
9745.04,BTC-27SEP19,1569322741239,open,0.08,441.1,0.059,0.106,0.0824109,87.61,0.0835,0.0,BTC-27SEP19-9000-C,9726.81,82.95,0.0815,6.1,0.0845,0.3,97.44,1.96408,-29.9175,0.59379,0.0003,0.85581
9745.04,BTC-27SEP19,1569322741247,open,0.0,565.2,0.0005,0.0105,1e-08,115.0,0.0005,0.0,BTC-27SEP19-16000-C,9726.81,0.0,0.0,0.0,0.0005,0.4,223.08,3e-05,-0.00014,0.0,0.0,0.0
10005.44,BTC-27DEC19,1569322741247,open,0.0,229.1,0.0005,0.0115,0.00190995,98.96,0.002,0.0,BTC-27DEC19-3500-P,9726.81,95.56,0.0015,2.0,0.002,23.0,99.65,1.29845,-0.68441,-0.29477,1e-05,-0.00954
202.58,ETH-27DEC19,1569322741247,open,0.87,0.0,0.829,0.964,0.893964,84.46,None,0.0,ETH-27DEC19-380-P,196.34,0.0,0.0,0.0,0.0,0.0,0.0,0.18662,-0.08395,-0.93217,0.00209,-0.89515
9745.04,BTC-27SEP19,1569322741247,open,0.0,811.8,0.0005,0.0105,0.0,115.0,0.0005,0.0,BTC-27SEP19-20000-C,9726.81,0.0,0.0,0.0,0.001,35.0,331.65,0.0,0.0,0.0,0.0,0.0
10005.44,BTC-27DEC19,1569322741247,open,0.2,166.7,0.1585,0.233,0.19739141,74.14,0.1945,0.0,BTC-27DEC19-9000-C,9726.81,73.1,0.1955,28.4,0.1975,5.0,74.2,18.12921,-7.15938,12.43714,9e-05,0.6807
9745.04,BTC-27SEP19,1569322741247,open,0.43,54.1,0.4085,0.466,0.43663267,112.88,0.405,0.0,BTC-27SEP19-14000-P,9726.81,0.0,0.005,10.0,0.0,0.0,0.0,0.00598,-0.11733,-1.10287,0.0,-0.99982
10005.44,BTC-27DEC19,1569322741255,open,1.01,5.7,0.963,1.0625,1.00991447,81.27,0.661,0.0,BTC-27DEC19-20000-P,9726.81,0.0,0.01,1.0,1.466,1.0,337.73,6.82834,-2.95587,-49.91524,3e-05,-0.9298
10005.44,BTC-27DEC19,1569322741257,open,0.6,31.1,0.593,0.615,0.60320852,93.61,0.6265,0.0,BTC-27DEC19-4000-C,9726.81,0.0,0.5945,12.0,0.6115,12.0,121.35,1.92743,-0.96094,9.82342,1e-05,0.98495
10005.44,BTC-27DEC19,1569322741257,open,0.0,485.1,0.0005,0.0105,0.00075035,97.8,0.001,0.0,BTC-27DEC19-40000-C,9726.81,94.14,0.0005,3.5,0.001,23.0,100.62,0.79208,-0.4126,0.12092,0.0,0.00545
10005.44,BTC-27DEC19,1569322741257,open,0.02,1136.6,0.005,0.031,0.01575862,80.61,0.016,0.0,BTC-27DEC19-6000-P,9726.81,79.52,0.015,24.0,0.0165,20.1,81.66,7.02082,-3.01434,-2.27878,3e-05,-0.07279
10005.44,BTC-27DEC19,1569322741257,open,1.79,0.1,1.744,1.8635,1.8010919,87.92,1.49,0.0,BTC-27DEC19-28000-P,9726.81,0.0,0.001,1.0,0.0,0.0,0.0,2.30267,-1.07828,-71.60462,1e-05,-0.98147
10005.44,BTC-27DEC19,1569322741257,open,0.46,73.3,0.4435,0.4805,0.46121339,83.32,0.491,0.0,BTC-27DEC19-5500-C,9726.81,0.0,0.445,10.0,0.475,10.0,104.29,5.38559,-2.39015,12.53091,3e-05,0.94817
10186.07,BTC-27MAR20,1569322741264,open,1.95,0.0,1.892,2.0375,1.96057827,85.56,None,0.0,BTC-27MAR20-30000-P,9726.81,0.0,0.0,0.0,0.0,0.0,0.0,9.82647,-2.27394,-149.08968,2e-05,-0.92913
9745.04,BTC-27SEP19,1569322741264,open,0.0,1202.5,0.0005,0.0105,2e-08,115.0,0.0005,0.0,BTC-27SEP19-6000-P,9726.81,0.0,0.0,0.0,0.0005,5.0,231.97,3e-05,-0.00015,0.0,0.0,0.0
9745.04,BTC-27SEP19,1569322741264,open,0.64,34.4,0.61,0.675,0.64185922,0.0,0.396,0.0,BTC-27SEP19-16000-P,9726.81,0.0,0.01,2.0,0.0,0.0,0.0,0.0,0.0,-1.26058,0.0,-1.0
10005.44,BTC-27DEC19,1569322741268,open,0.53,212.0,0.4885,0.5865,0.53623452,77.27,0.5,0.0,BTC-27DEC19-15000-P,9726.81,34.88,0.5,4.0,0.5765,4.0,102.21,14.25722,-5.8679,-34.35473,7e-05,-0.79879
9745.04,BTC-27SEP19,1569322741270,open,0.85,43.3,0.8365,0.856,0.8460757,475.84,0.85,0.0,BTC-27SEP19-1500-C,9726.81,0.0,0.838,1.0,0.8545,1.0,500.0,7e-05,-0.00598,0.11818,0.0,1.0
10005.44,BTC-27DEC19,1569322741270,open,0.26,222.0,0.224,0.2905,0.25846632,75.07,0.264,0.0,BTC-27DEC19-8000-C,9726.81,72.4,0.2545,14.0,0.2625,14.0,77.76,14.95813,-5.98104,13.46414,8e-05,0.78168
10005.44,BTC-27DEC19,1569322741277,open,0.01,858.7,0.001,0.0265,0.01099789,81.27,0.012,0.0,BTC-27DEC19-20000-C,9726.81,79.77,0.01,25.7,0.012,36.0,82.7,6.82697,-2.95507,1.52313,3e-05,0.07019
9745.04,BTC-27SEP19,1569322741280,open,0.39,713.5,0.372,0.396,0.38430282,136.26,0.383,0.0,BTC-27SEP19-6000-C,9726.81,0.0,0.38,13.0,0.3865,9.0,287.53,0.00087,-0.02064,0.4727,0.0,0.99998
10005.44,BTC-27DEC19,1569322741280,open,0.56,4.1,0.5425,0.5695,0.5551247,90.12,0.578,0.0,BTC-27DEC19-4500-C,9726.81,0.0,0.5435,11.0,0.564,11.0,112.78,2.8685,-1.37684,10.82982,1e-05,0.97597
10186.07,BTC-27MAR20,1569322741282,open,1.38,0.0,1.3215,1.4565,1.38541931,83.33,None,0.0,BTC-27MAR20-24000-P,9726.81,0.0,0.0,0.0,0.0,0.0,0.0,14.95196,-3.36954,-116.60469,3e-05,-0.87465
9745.04,BTC-27SEP19,1569322741311,open,1.25,0.2,1.2135,1.3035,1.2575564,0.0,1.391,0.0,BTC-27SEP19-22000-P,9726.81,0.0,0.005,10.0,0.0,0.0,0.0,0.0,0.0,-1.7333,0.0,-1.0
10005.44,BTC-27DEC19,1569322741311,open,0.0,707.2,0.0005,0.0145,0.00488093,90.12,0.003,0.0,BTC-27DEC19-4500-P,9726.81,86.87,0.004,39.0,0.006,57.4,93.8,2.8688,-1.37704,-0.74399,1e-05,-0.02403
9745.04,BTC-27SEP19,1569322741313,open,0.54,26.6,0.5095,0.5705,0.53924333,0.0,0.459,0.0,BTC-27SEP19-15000-P,9726.81,0.0,0.33,5.0,0.0,0.0,0.0,0.0,0.0,-1.18179,0.0,-1.0
10005.44,BTC-27DEC19,1569322741313,open,0.7,0.0,0.6915,0.711,0.70140676,106.0,None,0.0,BTC-27DEC19-3000-C,9726.81,0.0,0.6925,14.0,0.709,14.0,147.54,0.86864,-0.49042,7.52822,0.0,0.99395
9745.04,BTC-27SEP19,1569322741313,open,0.0,350.4,0.0005,0.0105,0.0,115.0,0.0005,0.0,BTC-27SEP19-4750-P,9726.81,0.0,0.0,0.0,0.0005,26.9,332.51,0.0,0.0,0.0,0.0,0.0
9745.04,BTC-27SEP19,1569322741317,open,0.69,225.7,0.6825,0.702,0.6921514,310.8,0.693,0.0,BTC-27SEP19-3000-C,9726.81,0.0,0.684,14.0,0.7005,1.0,500.0,0.00021,-0.01123,0.23635,0.0,0.99999
10005.44,BTC-27DEC19,1569322741317,open,0.0,239.8,0.0005,0.0105,3.296e-05,115.0,0.0005,0.0,BTC-27DEC19-1500-P,9726.81,0.0,0.0,0.0,0.001,46.0,160.85,0.03774,-0.02311,-0.00589,0.0,-0.0002
10005.44,BTC-27DEC19,1569322741317,open,0.0,466.8,0.0005,0.0125,0.00260868,87.89,0.002,0.0,BTC-27DEC19-28000-C,9726.81,85.0,0.002,30.0,0.003,30.2,89.52,2.29931,-1.07641,0.40894,1e-05,0.0185
9745.04,BTC-27SEP19,1569322741317,open,0.13,302.1,0.107,0.1565,0.13032116,82.01,0.1325,0.0,BTC-27SEP19-11000-P,9726.81,0.0,0.1255,10.0,0.138,10.2,129.76,0.91739,-13.08088,-0.82807,0.00015,-0.94821
9745.04,BTC-27SEP19,1569322741317,open,0.0,615.0,0.0005,0.0105,0.0,115.0,0.0005,0.0,BTC-27SEP19-5500-P,9726.81,0.0,0.0,0.0,0.0005,10.0,269.56,0.0,0.0,0.0,0.0,0.0
10005.44,BTC-27DEC19,1569322741317,open,0.0,334.4,0.0005,0.0105,0.00049901,104.53,0.001,0.0,BTC-27DEC19-48000-C,9726.81,0.0,0.0,0.0,0.001,46.0,111.53,0.539,-0.30009,0.0783,0.0,0.00354
9745.04,BTC-27SEP19,1569322741325,open,0.0,406.8,0.0005,0.0105,0.0,115.0,0.0005,0.0,BTC-27SEP19-2500-P,9726.81,0.0,0.0,0.0,0.0005,10.0,500.0,0.0,0.0,0.0,0.0,0.0
10005.44,BTC-27DEC19,1569322741325,open,0.05,544.6,0.022,0.0795,0.048732,76.65,0.05,0.0,BTC-27DEC19-14000-C,9726.81,75.57,0.047,40.3,0.0505,37.4,77.74,16.17532,-6.60364,5.21759,8e-05,0.25149
9745.04,BTC-27SEP19,1569322741325,open,0.18,859.2,0.1625,0.1995,0.18000719,115.01,0.185,0.0,BTC-27SEP19-8000-C,9726.81,0.0,0.1695,11.0,0.191,11.0,206.66,0.48229,-9.64466,0.61142,6e-05,0.97636
10005.44,BTC-27DEC19,1569322741325,open,0.0,134.2,0.0005,0.0105,0.00021838,115.0,0.0005,0.0,BTC-27DEC19-2000-P,9726.81,0.0,0.0,0.0,0.001,46.0,136.49,0.19206,-0.11764,-0.03485,0.0,-0.00114
9745.04,BTC-27SEP19,1569322741325,open,0.0,695.0,0.0005,0.0105,0.0,115.0,0.0005,0.0,BTC-27SEP19-18000-C,9726.81,0.0,0.0,0.0,0.001,38.0,290.27,0.0,0.0,0.0,0.0,0.0
10005.44,BTC-27DEC19,1569322741325,open,0.11,723.7,0.0735,0.1495,0.11257512,74.57,0.112,0.0,BTC-27DEC19-11000-C,9726.81,73.79,0.111,12.0,0.1145,15.1,75.52,20.2048,-8.02437,9.33853,0.00011,0.47547
9745.04,BTC-27SEP19,1569322741325,open,0.0,684.0,0.0005,0.0105,0.0,115.0,0.0005,0.0,BTC-27SEP19-30000-C,9726.81,0.0,0.0,0.0,0.001,42.0,482.78,0.0,0.0,0.0,0.0,0.0
9745.04,BTC-27SEP19,1569322741325,open,0.0,722.6,0.0005,0.0105,8.287e-05,115.0,0.0005,0.0,BTC-27SEP19-13000-C,9726.81,0.0,0.0,0.0,0.0005,1.4,140.14,0.07397,-0.80756,0.00207,1e-05,0.00278
9825.16,SYN.BTC-25OCT19,1569322741327,open,0.02,287.1,0.0075,0.0425,0.0228548,74.35,0.0235,0.0,BTC-25OCT19-12000-C,9726.81,73.32,0.022,25.7,0.023,0.5,74.53,8.16844,-9.83556,1.53132,0.00013,0.2071
9765.07,SYN.BTC-4OCT19,1569322741333,open,0.13,4.9,0.108,0.1655,0.13615742,70.41,0.116,0.0,BTC-4OCT19-11000-P,9726.81,0.0,0.1135,4.0,0.15,4.0,99.31,4.00218,-14.26745,-2.56337,0.00022,-0.83404
9765.07,SYN.BTC-4OCT19,1569322741342,open,0.0,0.0,0.0005,0.0125,0.00289111,97.27,None,0.0,BTC-4OCT19-7500-P,9726.81,94.51,0.0025,30.0,0.0035,0.1,101.2,1.4364,-7.0741,-0.11826,6e-05,-0.04187
9745.04,BTC-27SEP19,1569322741345,open,0.01,2407.3,0.0005,0.021,0.0059567,87.6,0.0065,0.0,BTC-27SEP19-9000-P,9726.81,87.82,0.006,0.9,0.0065,30.0,90.26,1.96397,-29.91422,-0.11527,0.0003,-0.14418
9745.04,BTC-27SEP19,1569322741345,open,0.0,146.6,0.0005,0.0105,0.0,115.0,0.0005,0.0,BTC-27SEP19-26000-C,9726.81,0.0,0.0,0.0,0.001,38.0,430.72,0.0,0.0,0.0,0.0,0.0
9745.04,BTC-27SEP19,1569322741345,open,0.0,125.2,0.0005,0.0105,0.0,115.0,0.0005,0.0,BTC-27SEP19-3750-P,9726.81,0.0,0.0,0.0,0.0005,30.0,433.69,0.0,0.0,0.0,0.0,0.0
9745.04,BTC-27SEP19,1569322741345,open,0.0,392.7,0.0005,0.0105,0.0,115.0,0.0005,0.0,BTC-27SEP19-4500-P,9726.81,0.0,0.0,0.0,0.0005,30.0,355.66,0.0,0.0,0.0,0.0,0.0
10005.44,BTC-27DEC19,1569322741349,open,0.15,481.1,0.109,0.1865,0.14936252,74.14,0.1445,0.0,BTC-27DEC19-10000-C,9726.81,73.21,0.1475,25.4,0.1505,0.1,74.72,19.88301,-7.85199,10.95649,0.0001,0.57513
10005.44,BTC-27DEC19,1569322741349,open,0.0,1541.5,0.0005,0.0105,0.00049898,109.03,0.0005,0.0,BTC-27DEC19-52000-C,9726.81,0.0,0.0,0.0,0.001,53.0,116.24,0.52285,-0.30363,0.07526,0.0,0.00342
10005.44,BTC-27DEC19,1569322741361,open,0.65,4.0,0.6425,0.662,0.65209955,98.96,0.666,0.0,BTC-27DEC19-3500-C,9726.81,0.0,0.644,13.0,0.6595,13.0,131.43,1.29814,-0.68421,8.70709,1e-05,0.99046
10005.44,BTC-27DEC19,1569322741361,open,0.21,249.0,0.1655,0.257,0.21197924,74.57,0.2105,0.0,BTC-27DEC19-11000-P,9726.81,73.59,0.21,7.0,0.216,17.4,76.56,20.2048,-8.02449,-18.95277,0.00011,-0.52453
10005.44,BTC-27DEC19,1569322741367,open,0.62,23.1,0.5805,0.678,0.62767345,78.07,0.5235,0.0,BTC-27DEC19-16000-P,9726.81,0.0,0.4,0.2,1.343,0.2,500.0,12.42821,-5.16782,-37.72615,6e-05,-0.83837
9745.04,BTC-27SEP19,1569322741367,open,0.56,9.1,0.554,0.5735,0.56388115,224.54,0.6095,0.0,BTC-27SEP19-4250-C,9726.81,0.0,0.556,11.0,0.572,12.0,500.0,0.00039,-0.01522,0.33483,0.0,0.99999
9825.16,SYN.BTC-25OCT19,1569322741376,open,0.01,1195.0,0.0005,0.019,0.00808723,84.96,0.009,0.0,BTC-25OCT19-7000-P,9726.81,84.73,0.008,0.1,0.0085,1.5,86.04,3.7255,-5.12563,-0.6272,5e-05,-0.06738
10005.44,BTC-27DEC19,1569322741382,open,1.2,4.9,1.1575,1.26,1.20582723,82.46,1.0385,0.0,BTC-27DEC19-22000-P,9726.81,0.0,0.006,2.0,1.904,0.3,500.0,4.97776,-2.18622,-55.55475,2e-05,-0.95303
9745.04,BTC-27SEP19,1569322741382,open,0.0,670.6,0.0005,0.0105,0.0,115.0,0.0005,0.0,BTC-27SEP19-22000-C,9726.81,0.0,0.0,0.0,0.0005,23.0,341.5,0.0,0.0,0.0,0.0,0.0
9745.04,BTC-27SEP19,1569322741382,open,1.66,0.0,1.616,1.722,1.6680212,0.0,None,0.0,BTC-27SEP19-26000-P,9726.81,0.0,0.0,0.0,0.0,0.0,0.0,0.0,0.0,-2.04844,0.0,-1.0
9745.04,BTC-27SEP19,1569322741382,open,0.0,492.7,0.0005,0.0105,0.0,115.0,0.0005,0.0,BTC-27SEP19-2000-P,9726.81,0.0,0.0,0.0,0.0005,72.4,500.0,0.0,0.0,0.0,0.0,0.0
9745.04,BTC-27SEP19,1569322741382,open,0.0,976.7,0.0005,0.0105,3.3e-07,115.0,0.0005,0.0,BTC-27SEP19-15000-C,9726.81,0.0,0.0,0.0,0.001,38.0,215.86,0.00057,-0.00317,1e-05,0.0,1e-05
10005.44,BTC-27DEC19,1569322741382,open,0.1,647.2,0.0615,0.1325,0.09690387,74.15,0.088,0.0,BTC-27DEC19-9000-P,9726.81,73.65,0.096,19.3,0.097,5.0,74.2,18.12922,-7.15948,-10.71035,9e-05,-0.3193
10005.44,BTC-27DEC19,1569322741388,open,0.8,0.0,0.7905,0.81,0.80032672,114.98,None,0.0,BTC-27DEC19-2000-C,9726.81,0.0,0.792,1.0,0.8085,1.0,193.12,0.1918,-0.11746,5.10907,0.0,0.99887
10005.44,BTC-27DEC19,1569322741390,open,0.29,91.7,0.2625,0.3235,0.29371669,75.88,0.327,0.0,BTC-27DEC19-7500-C,9726.81,60.47,0.275,14.0,0.311,14.0,88.69,12.99646,-5.25234,13.71687,7e-05,0.82676
10005.44,BTC-27DEC19,1569322741390,open,0.0,473.8,0.0005,0.0135,0.00355235,86.28,0.003,0.0,BTC-27DEC19-26000-C,9726.81,84.29,0.003,24.0,0.004,23.0,87.74,2.94322,-1.35246,0.54613,1e-05,0.02478
10005.44,BTC-27DEC19,1569322741390,open,0.06,609.9,0.031,0.087,0.05803295,75.07,0.058,0.0,BTC-27DEC19-8000-P,9726.81,74.72,0.0575,19.3,0.059,1.0,75.72,14.9582,-5.98115,-7.11144,8e-05,-0.21832
10005.44,BTC-27DEC19,1569322741392,open,0.03,307.1,0.0135,0.054,0.03197486,77.39,0.031,0.0,BTC-27DEC19-7000-P,9726.81,76.49,0.031,24.0,0.033,41.4,78.32,10.97598,-4.52401,-4.278,6e-05,-0.13427
10005.44,BTC-27DEC19,1569322741392,open,0.0,395.2,0.0005,0.011,0.00124425,106.01,0.001,0.0,BTC-27DEC19-3000-P,9726.81,102.99,0.001,1.0,0.0015,16.0,108.77,0.86892,-0.49061,-0.18766,0.0,-0.00605
10005.44,BTC-27DEC19,1569322741392,open,0.15,541.5,0.1065,0.19,0.14882081,74.15,0.1495,0.0,BTC-27DEC19-10000-P,9726.81,73.23,0.147,14.4,0.152,19.9,75.75,19.883,-7.85208,-14.76291,0.0001,-0.42487
10186.07,BTC-27MAR20,1569322741396,open,0.01,57.7,0.0005,0.025,0.00924102,88.03,0.0105,0.0,BTC-27MAR20-36000-C,9726.81,86.09,0.008,14.0,0.0105,15.0,89.85,6.79745,-1.61842,1.81392,1e-05,0.0444
9745.04,BTC-27SEP19,1569322741396,open,0.74,55.9,0.7335,0.753,0.7434595,354.99,0.689,0.0,BTC-27SEP19-2500-C,9726.81,0.0,0.7355,16.0,0.7515,16.0,500.0,0.00015,-0.00954,0.19696,0.0,1.0
9745.04,BTC-27SEP19,1569322741396,open,0.49,789.2,0.4765,0.4965,0.486919,183.29,0.5015,0.0,BTC-27SEP19-5000-C,9726.81,0.0,0.479,10.0,0.4945,10.0,480.43,0.00055,-0.01745,0.39392,0.0,0.99999
10005.44,BTC-27DEC19,1569322741400,open,1.4,0.0,1.353,1.4605,1.40373864,84.75,None,0.0,BTC-27DEC19-24000-P,9726.81,0.0,0.006,1.0,2.093,0.2,500.0,3.85932,-1.74217,-60.97278,2e-05,-0.96567
10005.44,BTC-27DEC19,1569322741400,open,3.39,0.0,3.3115,3.4905,3.39830575,102.72,3.46,0.0,BTC-27DEC19-44000-P,9726.81,0.0,0.001,1.0,0.0,0.0,0.0,0.72078,-0.39433,-113.05706,0.0,-0.9951
10005.44,BTC-27DEC19,1569322741407,open,0.01,642.1,0.0005,0.0155,0.00503874,84.74,0.0055,0.0,BTC-27DEC19-24000-C,9726.81,83.29,0.0045,24.0,0.006,45.0,87.1,3.85701,-1.74087,0.75319,2e-05,0.03431
10005.44,BTC-27DEC19,1569322741407,open,4.19,0.8,4.0955,4.306,4.19768211,109.23,3.59,0.0,BTC-27DEC19-52000-P,9726.81,0.0,0.001,2.0,0.0,0.0,0.0,0.53123,-0.30905,-133.66415,0.0,-0.99652
9745.04,BTC-27SEP19,1569322741417,open,0.23,110.7,0.2075,0.2595,0.23189446,106.19,0.2165,0.0,BTC-27SEP19-12000-P,9726.81,0.0,0.2145,4.0,0.252,4.0,240.45,0.33397,-6.16638,-0.93404,4e-05,-0.98466
10005.44,BTC-27DEC19,1569322741417,open,0.75,0.0,0.741,0.7605,0.75064531,108.7,None,0.0,BTC-27DEC19-2500-C,9726.81,0.0,0.742,1.0,0.7585,1.0,166.75,0.41136,-0.23815,6.34922,0.0,0.99738
9745.04,BTC-27SEP19,1569322741420,open,0.54,289.7,0.5285,0.548,0.5382271,210.11,0.588,0.0,BTC-27SEP19-4500-C,9726.81,0.0,0.5305,11.0,0.5465,12.0,500.0,0.00044,-0.01598,0.35453,0.0,0.99999
9745.04,BTC-27SEP19,1569322741420,open,0.0,586.8,0.0005,0.0105,0.0,115.0,0.0005,0.0,BTC-27SEP19-3000-P,9726.81,0.0,0.0,0.0,0.0005,32.0,500.0,0.0,0.0,0.0,0.0,0.0
9745.04,BTC-27SEP19,1569322741423,open,0.0,49.2,0.0005,0.0105,0.0,115.0,0.0015,0.0,BTC-27SEP19-3250-P,9726.81,0.0,0.0,0.0,0.0005,40.0,495.05,0.0,0.0,0.0,0.0,0.0
9745.04,BTC-27SEP19,1569322741423,open,0.64,261.1,0.631,0.6505,0.6408433,272.95,0.714,0.0,BTC-27SEP19-3500-C,9726.81,0.0,0.633,12.0,0.649,1.0,500.0,0.00027,-0.01287,0.27575,0.0,0.99999
10005.44,BTC-27DEC19,1569322741426,open,0.37,63.0,0.3485,0.398,0.37325857,79.0,0.4965,0.0,BTC-27DEC19-6500-C,9726.81,58.37,0.358,10.0,0.3865,10.0,92.62,8.95843,-3.76953,13.53369,4e-05,0.89918
10005.44,BTC-27DEC19,1569322741436,open,0.01,615.5,0.001,0.023,0.01091545,83.33,0.011,0.0,BTC-27DEC19-5500-P,9726.81,81.59,0.01,24.0,0.012,45.0,85.3,5.38585,-2.39032,-1.61485,3e-05,-0.05184
10186.07,BTC-27MAR20,1569322741534,open,2.33,0.0,2.275,2.431,2.34863922,87.12,None,0.0,BTC-27MAR20-34000-P,9726.81,0.0,0.0,0.0,0.0,0.0,0.0,7.60974,-1.79291,-170.13004,2e-05,-0.94888
10005.44,BTC-27DEC19,1569322741593,open,0.0,621.5,0.0005,0.0105,0.00074873,91.48,0.001,0.0,BTC-27DEC19-36000-C,9726.81,88.01,0.0005,1146.4,0.001,0.9,94.2,0.82936,-0.40411,0.12841,0.0,0.00574
10186.07,BTC-27MAR20,1569322741609,open,0.1,196.6,0.0645,0.1405,0.10217286,76.48,0.0995,0.0,BTC-27MAR20-8000-P,9726.81,75.27,0.0995,10.0,0.1045,12.3,77.54,22.38185,-4.62974,-17.49923,6e-05,-0.237
9745.04,BTC-27SEP19,1569322741622,open,0.0,808.7,0.0005,0.0145,0.00290167,106.34,0.003,0.0,BTC-27SEP19-8500-P,9726.81,102.74,0.0025,45.5,0.0035,1.5,111.27,1.12801,-20.85563,-0.05398,0.00014,-0.0674
9745.04,BTC-27SEP19,1569322741630,open,0.18,25.7,0.157,0.2075,0.18081697,92.62,0.1685,0.0,BTC-27SEP19-11500-P,9726.81,0.0,0.1635,9.0,0.2015,9.0,212.67,0.49267,-7.93394,-0.88799,7e-05,-0.97576
10186.07,BTC-27MAR20,1569322741658,open,0.12,239.8,0.069,0.1595,0.11456921,78.81,0.12,0.0,BTC-27MAR20-14000-C,9726.81,77.68,0.1115,12.0,0.1185,15.8,80.25,27.75704,-5.91606,14.06631,7e-05,0.38721
197.23,SYN.ETH-4OCT19,1569322741685,open,0.21,0.0,0.183,0.263,0.22194,82.97,None,0.0,ETH-4OCT19-240-P,196.34,0.0,0.0,0.0,0.0,0.0,0.0,0.05063,-0.21268,-0.06065,0.0058,-0.91466
9765.07,SYN.BTC-4OCT19,1569322741695,open,0.01,38.7,0.0005,0.0175,0.00565214,74.62,0.0055,0.0,BTC-4OCT19-11500-C,9726.81,72.33,0.005,3.0,0.007,48.0,79.01,2.85737,-10.79532,0.25423,0.00015,0.10187
10186.07,BTC-27MAR20,1569322741750,open,0.02,64.1,0.007,0.049,0.02334293,84.12,0.026,0.0,BTC-27MAR20-26000-C,9726.81,82.65,0.0215,19.0,0.0255,15.0,85.78,12.97957,-2.953,4.09863,3e-05,0.10278
197.23,SYN.ETH-4OCT19,1569322741802,open,0.0,21.0,0.001,0.013,0.003379,87.61,0.007,0.0,ETH-4OCT19-250-C,196.34,79.29,0.002,200.0,0.006,700.0,99.31,0.03754,-0.16651,0.00291,0.00407,0.05782
9765.07,SYN.BTC-4OCT19,1569322741815,open,0.19,0.0,0.165,0.2065,0.18538536,86.19,None,0.0,BTC-4OCT19-8000-C,9726.81,0.0,0.0,0.0,0.287,4.0,310.19,2.1522,-9.39129,1.96785,0.0001,0.93019
206.58,ETH-27MAR20,1569322741885,open,0.62,2.0,0.605,0.638,0.621228,83.7,0.597,0.0,ETH-27MAR20-80-C,196.34,0.0,0.07,20.0,0.0,0.0,0.0,0.09824,-0.02224,0.36561,0.00054,0.97065
9765.07,SYN.BTC-4OCT19,1569322741885,open,0.03,141.8,0.0115,0.0545,0.03165427,67.85,0.0325,0.0,BTC-4OCT19-9500-P,9726.81,64.41,0.0295,22.0,0.034,29.0,71.59,6.12166,-21.03068,-1.09076,0.00035,-0.38118
197.23,SYN.ETH-4OCT19,1569322741895,open,0.25,0.0,0.232,0.313,0.270895,87.27,None,0.0,ETH-4OCT19-250-P,196.34,0.0,0.0,0.0,0.0,0.0,0.0,0.03715,-0.16413,-0.06477,0.00404,-0.94295
9825.16,SYN.BTC-25OCT19,1569322741944,open,0.01,347.3,0.003,0.028,0.01263938,76.46,0.014,0.0,BTC-25OCT19-13000-C,9726.81,75.38,0.012,24.1,0.0135,15.0,77.87,5.89834,-7.30285,0.93787,9e-05,0.12548
10186.04,BTC-27MAR20,1569322741950,open,0.01,450.0,0.0005,0.0205,0.00699391,89.73,0.006,0.0,BTC-27MAR20-40000-C,9726.81,87.8,0.006,12.7,0.008,15.0,91.52,5.49348,-1.33315,1.40259,1e-05,0.03418
196.78,ETH-27SEP19,1569322741955,open,0.35,0.0,0.319,0.359,0.339364,115.0,None,0.0,ETH-27SEP19-130-C,196.34,0.0,0.0,0.0,0.0,0.0,0.0,1e-05,-0.0003,0.01024,0.0,0.99998
206.58,ETH-27MAR20,1569322741966,open,0.01,673.0,0.001,0.018,0.008468,83.66,0.011,0.0,ETH-27MAR20-80-P,196.34,80.41,0.007,240.0,0.01,240.0,86.75,0.09813,-0.0222,-0.03953,0.00054,-0.02931
10005.44,BTC-27DEC19,1569322741977,open,0.0,621.5,0.0005,0.0105,0.00074874,91.48,0.001,0.0,BTC-27DEC19-36000-C,9726.81,88.01,0.0005,1152.4,0.001,0.9,94.2,0.82936,-0.40411,0.12841,0.0,0.00574
197.23,SYN.ETH-4OCT19,1569322742000,open,0.0,27.0,0.001,0.012,0.002409,92.64,0.004,0.0,ETH-4OCT19-260-C,196.34,80.29,0.001,216.0,0.004,4.0,102.03,0.02862,-0.13424,0.00207,0.00294,0.04117
196.78,ETH-27SEP19,1569322742013,open,0.0,100.0,0.001,0.011,0.0,114.99,0.001,0.0,ETH-27SEP19-130-P,196.34,0.0,0.0,0.0,0.001,200.0,221.32,1e-05,-9e-05,0.0,0.0,-2e-05
206.58,ETH-27MAR20,1569322742050,open,0.46,40.0,0.425,0.486,0.457539,79.99,0.459,0.0,ETH-27MAR20-120-C,196.34,0.0,0.096,1.0,0.0,0.0,0.0,0.27229,-0.0589,0.45491,0.00157,0.8923
9765.07,SYN.BTC-4OCT19,1569322742050,open,0.18,0.0,0.156,0.213,0.18331805,74.62,None,0.0,BTC-4OCT19-11500-P,9726.81,0.0,0.01,2.1,0.0,0.0,0.0,2.85715,-10.79406,-2.85732,0.00015,-0.89814
196.78,ETH-27SEP19,1569322742069,open,0.25,0.0,0.215,0.261,0.237835,115.0,None,0.0,ETH-27SEP19-150-C,196.34,0.0,0.0,0.0,0.0,0.0,0.0,0.00177,-0.03539,0.01176,0.0005,0.99664
9825.16,SYN.BTC-25OCT19,1569322742079,open,0.02,764.4,0.0065,0.0365,0.01925702,76.54,0.019,0.0,BTC-25OCT19-8000-P,9726.81,75.42,0.0185,50.0,0.0205,38.7,78.35,6.67624,-8.27488,-1.41052,0.00011,-0.15046
9745.04,BTC-27SEP19,1569322742093,open,0.06,95.3,0.034,0.0855,0.05966783,71.4,0.061,0.0,BTC-27SEP19-10250-P,9726.81,64.89,0.058,0.1,0.0605,6.0,74.51,2.57451,-31.96176,-0.64313,0.00048,-0.77799
197.23,SYN.ETH-4OCT19,1569322742093,open,0.3,0.0,0.281,0.364,0.320626,92.18,None,0.0,ETH-4OCT19-260-P,196.34,0.0,0.0,0.0,0.0,0.0,0.0,0.02815,-0.13137,-0.06832,0.0029,-0.95966
10186.04,BTC-27MAR20,1569322742112,open,0.22,109.3,0.1725,0.2665,0.22180754,76.49,0.225,0.0,BTC-27MAR20-10000-C,9726.81,75.45,0.219,10.5,0.226,11.1,78.04,27.59756,-5.70889,20.55502,7e-05,0.62021
206.58,ETH-27MAR20,1569322742122,open,0.04,1741.0,0.018,0.061,0.0384,79.97,0.026,0.0,ETH-27MAR20-120-P,196.34,77.35,0.035,240.0,0.041,240.0,81.92,0.27223,-0.05887,-0.15284,0.00157,-0.10767
196.78,ETH-27SEP19,1569322742136,open,0.0,1.0,0.001,0.011,0.000108,114.98,0.005,0.0,ETH-27SEP19-150-P,196.34,0.0,0.0,0.0,0.001,200.0,152.81,0.00177,-0.02116,-5e-05,0.0005,-0.00336
10186.04,BTC-27MAR20,1569322742143,open,0.62,1.0,0.603,0.6325,0.61681532,84.65,0.628,0.0,BTC-27MAR20-4000-C,9726.81,62.15,0.609,10.5,0.6285,10.5,103.19,5.19819,-1.19012,18.12066,1e-05,0.96804
9745.04,BTC-27SEP19,1569322742162,open,0.0,496.8,0.0005,0.0105,0.0002791,115.0,0.0005,0.0,BTC-27SEP19-12500-C,9726.81,0.0,0.0,0.0,0.001,75.5,136.44,0.19934,-2.71982,0.00629,2e-05,0.00847
197.23,SYN.ETH-4OCT19,1569322742178,open,0.0,8.0,0.001,0.011,0.001724,97.03,0.001,0.0,ETH-4OCT19-270-C,196.34,0.0,0.0,0.0,0.004,747.0,112.64,0.02178,-0.10699,0.00148,0.00213,0.02952
197.23,SYN.ETH-4OCT19,1569322742182,open,0.2,0.0,0.165,0.218,0.19211,83.11,None,0.0,ETH-4OCT19-160-C,196.34,0.0,0.0,0.0,0.0,0.0,0.0,0.03607,-0.15176,0.04018,0.00412,0.94504
10186.04,BTC-27MAR20,1569322742190,open,1.0,0.0,0.9485,1.08,1.01176727,81.76,None,0.0,BTC-27MAR20-20000-P,9726.81,0.0,0.0,0.0,0.0,0.0,0.0,19.83316,-4.38564,-93.8596,5e-05,-0.80746
206.58,ETH-27MAR20,1569322742203,open,0.33,225.0,0.284,0.37,0.330544,79.96,0.338,0.0,ETH-27MAR20-160-C,196.34,0.0,0.0,0.0,0.0,0.0,0.0,0.44818,-0.09692,0.45813,0.00259,0.76838
196.78,ETH-27SEP19,1569322742238,open,0.15,355.0,0.11,0.166,0.138383,106.35,0.155,0.0,ETH-27SEP19-170-C,196.34,0.0,0.136,245.0,0.152,30.0,186.6,0.01947,-0.36004,0.0125,0.006,0.94485
197.23,SYN.ETH-4OCT19,1569322742266,open,0.35,0.0,0.33,0.415,0.370641,96.4,None,0.0,ETH-4OCT19-270-P,196.34,0.0,0.0,0.0,0.0,0.0,0.0,0.02123,-0.1036,-0.07161,0.00209,-0.97138
10186.04,BTC-27MAR20,1569322742272,open,1.57,0.0,1.5105,1.6485,1.57582802,84.1,None,0.0,BTC-27MAR20-26000-P,9726.81,0.0,0.0,0.0,0.0,0.0,0.0,12.97153,-2.9504,-127.59672,3e-05,-0.8973
206.58,ETH-27MAR20,1569322742279,open,0.1,1630.0,0.065,0.144,0.105062,79.96,0.068,0.0,ETH-27MAR20-160-P,196.34,76.24,0.097,572.0,0.107,240.0,80.86,0.44818,-0.09692,-0.35228,0.00259,-0.23162
9825.16,SYN.BTC-25OCT19,1569322742288,open,0.33,9.2,0.3025,0.3715,0.33577253,76.46,0.334,0.0,BTC-25OCT19-13000-P,9726.81,71.59,0.333,2.0,0.336,1.1,76.83,5.89832,-7.30281,-10.05896,9e-05,-0.87452
196.78,ETH-27SEP19,1569322742295,open,0.0,36.0,0.001,0.013,0.002292,106.35,0.003,0.0,ETH-27SEP19-170-P,196.34,90.34,0.001,400.0,0.003,200.0,113.01,0.01947,-0.36004,-0.00089,0.006,-0.05515
197.23,SYN.ETH-4OCT19,1569322742297,open,0.0,20.0,0.001,0.013,0.00332,82.88,0.004,0.0,ETH-4OCT19-160-P,196.34,74.63,0.002,200.0,0.006,725.0,95.47,0.03584,-0.15039,-0.00309,0.00411,-0.05452
10005.44,BTC-27DEC19,1569322742341,open,0.0,621.5,0.0005,0.0105,0.00074874,91.48,0.001,0.0,BTC-27DEC19-36000-C,9726.81,88.01,0.0005,1146.4,0.001,0.9,94.2,0.82936,-0.40411,0.12841,0.0,0.00574
196.78,ETH-27SEP19,1569322742350,open,0.06,346.0,0.017,0.076,0.04753,77.21,0.042,0.0,ETH-27SEP19-190-C,196.34,61.87,0.043,180.0,0.049,120.0,81.99,0.06003,-0.8059,0.01023,0.02549,0.70743
197.23,SYN.ETH-4OCT19,1569322742350,open,0.0,20.0,0.001,0.011,0.001444,103.25,0.007,0.0,ETH-4OCT19-280-C,196.34,0.0,0.0,0.0,0.003,500.0,116.36,0.01828,-0.09559,0.0012,0.00168,0.02394
206.58,ETH-27MAR20,1569322742367,open,0.24,1002.0,0.184,0.281,0.236716,79.96,0.235,0.0,ETH-27MAR20-200-C,196.34,78.2,0.232,1.0,0.243,540.0,82.31,0.55332,-0.11966,0.41529,0.0032,0.63361
196.78,ETH-27SEP19,1569322742419,open,0.01,1007.0,0.001,0.036,0.013075,77.21,0.014,0.0,ETH-27SEP19-190-P,196.34,73.66,0.012,3.0,0.015,4.0,83.45,0.06003,-0.8059,-0.00474,0.02549,-0.29257
9765.07,SYN.BTC-4OCT19,1569322742426,open,0.0,201.8,0.0005,0.013,0.00337664,78.62,0.0035,0.0,BTC-4OCT19-12000-C,9726.81,73.97,0.0025,32.0,0.0045,50.9,83.72,1.99092,-7.92471,0.15787,0.0001,0.06313
9745.04,BTC-27SEP19,1569322742434,open,0.0,189.0,0.0005,0.0125,0.00239286,76.73,0.0025,0.0,BTC-27SEP19-10750-C,9726.81,77.53,0.0025,5.5,0.003,31.5,81.09,1.28224,-17.10535,0.05935,0.00022,0.0797
197.23,SYN.ETH-4OCT19,1569322742436,open,0.4,0.0,0.379,0.467,0.421062,102.46,None,0.0,ETH-4OCT19-280-P,196.34,0.0,0.0,0.0,0.0,0.0,0.0,0.01769,-0.09179,-0.0746,0.00164,-0.97698
206.58,ETH-27MAR20,1569322742459,open,0.2,2458.0,0.149,0.256,0.204863,79.96,0.178,0.0,ETH-27MAR20-200-P,196.34,77.03,0.197,517.0,0.211,517.0,82.26,0.55332,-0.11966,-0.59773,0.0032,-0.36639
197.23,SYN.ETH-4OCT19,1569322742516,open,0.01,131.0,0.001,0.021,0.007382,78.36,0.01,0.0,ETH-4OCT19-170-P,196.34,70.14,0.005,700.0,0.01,200.0,86.23,0.06171,-0.24482,-0.00636,0.00748,-0.1118
206.58,ETH-27MAR20,1569322742535,open,0.17,526.0,0.12,0.22,0.173616,81.46,0.175,0.0,ETH-27MAR20-240-C,196.34,79.84,0.169,300.0,0.18,540.0,83.71,0.58625,-0.12916,0.35456,0.00333,0.51247
10186.04,BTC-27MAR20,1569322742579,open,0.2,168.7,0.152,0.253,0.20353273,76.48,0.205,0.0,BTC-27MAR20-10000-P,9726.81,74.81,0.199,13.4,0.2075,11.6,77.95,27.59766,-5.70862,-30.09555,7e-05,-0.37979
9765.07,SYN.BTC-4OCT19,1569322742583,open,0.14,0.0,0.115,0.161,0.13805645,77.99,None,0.0,BTC-4OCT19-8500-C,9726.81,0.0,0.0,0.0,0.241,4.0,277.14,3.3243,-13.12638,1.94453,0.00017,0.87404
196.78,ETH-27SEP19,1569322742587,open,0.06,338.0,0.04,0.108,0.073863,78.01,0.072,0.0,ETH-27SEP19-210-P,196.34,74.26,0.073,40.0,0.079,203.0,97.95,0.04629,-0.62786,-0.01381,0.01945,-0.81711
9825.16,SYN.BTC-25OCT19,1569322742603,open,0.01,295.6,0.0005,0.0195,0.00750254,79.53,0.0075,0.0,BTC-25OCT19-14000-C,9726.81,78.33,0.007,3.4,0.008,15.0,80.68,4.18787,-5.39363,0.59008,6e-05,0.0785
9745.04,BTC-27SEP19,1569322742611,open,0.01,553.0,0.0015,0.0355,0.01528424,74.21,0.017,0.0,BTC-27SEP19-9500-P,9726.81,73.33,0.015,0.4,0.0165,24.0,77.94,3.16004,-40.77265,-0.27078,0.00057,-0.3374
9825.16,SYN.BTC-25OCT19,1569322742637,open,0.63,0.0,0.597,0.669,0.63122233,84.45,None,0.0,BTC-25OCT19-16000-P,9726.81,0.0,0.0,0.0,0.0,0.0,0.0,2.01164,-2.75099,-13.29762,3e-05,-0.96874
196.78,ETH-27SEP19,1569322742656,open,0.0,725.0,0.001,0.011,0.001297,97.11,0.001,0.0,ETH-27SEP19-230-C,196.34,92.8,0.001,229.0,0.003,200.0,114.76,0.01463,-0.24708,0.00058,0.00494,0.03864
9745.04,BTC-27SEP19,1569322742666,open,0.28,21.0,0.258,0.311,0.2829816,114.94,0.29,0.0,BTC-27SEP19-12500-P,9726.81,0.0,0.0015,1.0,1.0,1.0,500.0,0.19868,-3.9704,-0.97856,2e-05,-0.99156
10186.04,BTC-27MAR20,1569322742677,open,0.04,113.4,0.0135,0.0695,0.03747731,82.66,0.0355,0.0,BTC-27MAR20-22000-C,9726.81,81.48,0.0355,12.0,0.04,14.8,84.12,17.28111,-3.86317,6.06815,4e-05,0.15509
10186.04,BTC-27MAR20,1569322742677,open,0.01,218.3,0.0005,0.02,0.0095054,84.65,0.009,0.0,BTC-27MAR20-4000-P,9726.81,82.62,0.0085,25.0,0.011,35.0,87.47,5.19701,-1.18974,-2.13902,1e-05,-0.03195
9825.16,SYN.BTC-25OCT19,1569322742685,open,0.04,371.7,0.022,0.0695,0.04456985,71.8,0.044,0.0,BTC-25OCT19-9000-P,9726.81,70.24,0.043,37.3,0.0465,31.6,73.7,9.9352,-11.55172,-2.86353,0.00017,-0.29997
9765.07,SYN.BTC-4OCT19,1569322742699,open,0.06,69.5,0.031,0.0845,0.05776506,67.36,0.0595,0.0,BTC-4OCT19-10000-P,9726.81,61.54,0.054,36.4,0.059,0.6,69.27,6.32735,-21.57889,-1.64073,0.00036,-0.56323
10186.04,BTC-27MAR20,1569322742705,open,0.09,283.5,0.0445,0.127,0.08447283,79.88,0.085,0.0,BTC-27MAR20-16000-C,9726.81,78.88,0.082,13.0,0.088,18.0,81.29,25.39245,-5.48549,11.37705,6e-05,0.30499
206.58,ETH-27MAR20,1569322742707,open,0.13,484.0,0.081,0.176,0.130479,83.18,0.135,0.0,ETH-27MAR20-280-C,196.34,81.2,0.125,520.0,0.136,220.0,85.17,0.5728,-0.12886,0.2965,0.00319,0.41384
197.23,SYN.ETH-4OCT19,1569322742726,open,0.01,25.0,0.003,0.034,0.014551,72.59,0.013,0.0,ETH-4OCT19-180-P,196.34,66.99,0.012,160.0,0.018,160.0,79.78,0.09208,-0.3384,-0.0117,0.01205,-0.20464
10005.44,BTC-27DEC19,1569322742756,open,0.0,621.5,0.0005,0.0105,0.00074874,91.48,0.001,0.0,BTC-27DEC19-36000-C,9726.81,88.01,0.0005,1152.4,0.001,0.9,94.2,0.82936,-0.40411,0.12841,0.0,0.00574
9745.04,BTC-27SEP19,1569322742765,open,0.1,17.5,0.082,0.1315,0.10551711,76.72,0.104,0.0,BTC-27SEP19-10750-P,9726.81,0.0,0.101,10.0,0.1135,10.2,118.28,1.28196,-17.09992,-0.78762,0.00022,-0.92033
10186.04,BTC-27MAR20,1569322742778,open,0.02,15.1,0.005,0.042,0.01890859,84.92,0.0215,0.0,BTC-27MAR20-28000-C,9726.81,83.15,0.017,20.0,0.021,15.0,86.76,11.30169,-2.59576,3.4208,3e-05,0.08521
206.58,ETH-27MAR20,1569322742790,open,0.48,100.0,0.412,0.555,0.485886,83.18,0.438,0.0,ETH-27MAR20-280-P,196.34,78.88,0.474,24.0,0.497,24.0,87.18,0.5728,-0.12886,-1.12173,0.00319,-0.58616
197.23,SYN.ETH-4OCT19,1569322742831,open,0.07,0.0,0.036,0.096,0.067197,72.4,0.101,0.0,ETH-4OCT19-190-C,196.34,63.85,0.062,238.0,0.072,120.0,80.21,0.12073,-0.4425,0.03086,0.01584,0.64542
198.56,SYN.ETH-25OCT19,1569322742841,open,0.5,6.0,0.481,0.513,0.497417,106.66,0.46,0.0,ETH-25OCT19-100-C,196.34,0.0,0.0,0.0,0.0,0.0,0.0,0.01401,-0.0242,0.08291,0.00039,0.99102
206.58,ETH-27MAR20,1569322742882,open,0.1,305.0,0.055,0.143,0.100002,84.73,0.11,0.0,ETH-27MAR20-320-C,196.34,82.79,0.095,520.0,0.105,220.0,86.64,0.53605,-0.12283,0.24661,0.00293,0.33569
9825.16,SYN.BTC-25OCT19,1569322742910,open,0.43,2.0,0.3995,0.4685,0.43241474,79.53,0.372,0.0,BTC-25OCT19-14000-P,9726.81,0.0,0.0,0.0,1.4305,2.0,500.0,4.18772,-5.39335,-11.25268,6e-05,-0.9215
198.56,SYN.ETH-25OCT19,1569322742914,open,0.0,2460.0,0.001,0.011,0.001006,106.3,0.002,0.0,ETH-25OCT19-100-P,196.34,0.0,0.0,0.0,0.002,793.0,117.53,0.01378,-0.02372,-0.00165,0.00039,-0.00881
197.23,SYN.ETH-4OCT19,1569322742935,open,0.02,76.0,0.009,0.057,0.030529,72.35,0.031,0.0,ETH-4OCT19-190-P,196.34,64.91,0.026,388.0,0.035,160.0,79.62,0.12072,-0.44218,-0.02055,0.01585,-0.35451
206.58,ETH-27MAR20,1569322742961,open,0.64,1.0,0.571,0.725,0.649039,84.73,0.827,0.0,ETH-27MAR20-320-P,196.34,0.0,0.0,0.0,0.0,0.0,0.0,0.53605,-0.12283,-1.37422,0.00293,-0.66431
198.56,SYN.ETH-25OCT19,1569322742986,open,0.4,6.0,0.378,0.416,0.397208,85.69,0.36,0.0,ETH-25OCT19-120-C,196.34,0.0,0.0,0.0,0.0,0.0,0.0,0.02306,-0.032,0.09857,0.00081,0.98404
9825.16,SYN.BTC-25OCT19,1569322743019,open,0.08,133.0,0.046,0.102,0.07480894,71.38,0.077,0.0,BTC-25OCT19-10000-C,9726.81,71.11,0.0745,23.4,0.078,17.8,74.13,11.39816,-13.17494,3.59629,0.0002,0.50751
206.58,ETH-27MAR20,1569322743047,open,0.08,331.0,0.04,0.122,0.080898,87.31,0.084,0.0,ETH-27MAR20-360-C,196.34,86.09,0.078,5.0,0.084,220.0,88.6,0.49482,-0.11684,0.20822,0.00262,0.2799
198.56,SYN.ETH-25OCT19,1569322743058,open,0.0,3144.0,0.001,0.011,0.001546,85.69,0.003,0.0,ETH-25OCT19-120-P,196.34,0.0,0.0,0.0,0.003,250.0,95.73,0.02306,-0.032,-0.00294,0.00081,-0.01596
9765.07,SYN.BTC-4OCT19,1569322743062,open,0.02,115.4,0.004,0.0375,0.01839932,68.65,0.019,0.0,BTC-4OCT19-10500-C,9726.81,67.01,0.0175,9.0,0.02,1.0,71.52,5.39647,-18.75545,0.68821,0.0003,0.27888
10186.0,BTC-27MAR20,1569322743079,open,0.16,160.6,0.1085,0.204,0.15785815,77.57,0.163,0.0,BTC-27MAR20-12000-C,9726.81,76.74,0.1555,10.5,0.162,12.1,79.03,28.9143,-6.06563,17.22258,7e-05,0.49167
9745.04,BTC-27SEP19,1569322743086,open,0.0,225.2,0.0005,0.011,0.00102658,87.14,0.001,0.0,BTC-27SEP19-11250-C,9726.81,86.74,0.001,8.0,0.0015,30.5,93.35,0.66096,-10.00406,0.02572,0.0001,0.03453
10186.0,BTC-27MAR20,1569322743093,open,0.01,33.2,0.003,0.0315,0.01281254,86.38,0.016,0.0,BTC-27MAR20-32000-C,9726.81,84.15,0.011,20.0,0.0145,15.0,88.3,8.63776,-2.01798,2.43553,2e-05,0.06002
9745.04,BTC-27SEP19,1569322743103,open,0.0,308.4,0.0005,0.0175,0.0044059,74.27,0.0045,0.0,BTC-27SEP19-10500-C,9726.81,72.14,0.004,0.7,0.005,30.5,77.26,1.8867,-24.36426,0.10096,0.00034,0.13591
202.58,ETH-27DEC19,1569322743121,open,0.52,0.0,0.494,0.532,0.51282,85.34,None,0.0,ETH-27DEC19-100-C,196.34,0.0,0.0,0.0,0.0,0.0,0.0,0.07438,-0.03381,0.23698,0.00083,0.96766
9765.07,SYN.BTC-4OCT19,1569322743121,open,0.01,69.3,0.0005,0.0225,0.00850522,77.99,0.009,0.0,BTC-4OCT19-8500-P,9726.81,76.49,0.008,18.0,0.0095,1.0,80.85,3.32421,-13.1257,-0.35527,0.00017,-0.12596
206.58,ETH-27MAR20,1569322743125,open,0.81,0.0,0.742,0.905,0.823565,87.31,None,0.0,ETH-27MAR20-360-P,196.34,0.0,0.0,0.0,0.0,0.0,0.0,0.49482,-0.11684,-1.61521,0.00262,-0.7201
198.56,SYN.ETH-25OCT19,1569322743125,open,0.31,3.0,0.276,0.325,0.301293,82.11,0.271,0.0,ETH-25OCT19-140-C,196.34,0.0,0.0,0.0,0.0,0.0,0.0,0.06584,-0.08755,0.10783,0.0024,0.94326
196.78,ETH-27SEP19,1569322743135,open,0.0,300.0,0.001,0.011,0.000359,114.61,0.001,0.0,ETH-27SEP19-250-C,196.34,0.0,0.0,0.0,0.001,50.0,132.06,0.00492,-0.07058,0.00016,0.00141,0.01066
197.23,SYN.ETH-4OCT19,1569322743138,open,0.0,0.217,0.265,0.241322,92.28,None,0.0,ETH-4OCT19-150-C,196.34,0.0,0.0,0.0,0.0,0.0,0.0,0.02214,-0.10346,0.03888,0.00228,0.96989
197.23,SYN.ETH-4OCT19,1569322743141,open,0.05,191.0,0.025,0.087,0.055135,72.34,0.049,0.0,ETH-4OCT19-200-P,196.34,62.96,0.049,406.0,0.061,120.0,81.29,0.12921,-0.4732,-0.03086,0.01697,-0.52308
196.78,ETH-27SEP19,1569322743183,open,0.0,243.0,0.001,0.011,3.2e-05,115.0,0.001,0.0,ETH-27SEP19-270-C,196.34,0.0,0.0,0.0,0.002,500.0,185.32,0.00067,-0.0063,2e-05,0.00019,0.00115
202.58,ETH-27DEC19,1569322743193,open,0.01,3142.0,0.001,0.016,0.006452,85.34,0.006,0.0,ETH-27DEC19-100-P,196.34,81.11,0.005,160.0,0.007,200.0,86.8,0.07438,-0.03381,-0.02021,0.00083,-0.03234
198.56,SYN.ETH-25OCT19,1569322743193,open,0.01,2635.0,0.001,0.016,0.006353,82.11,0.004,0.0,ETH-25OCT19-140-P,196.34,77.78,0.005,660.0,0.008,405.0,86.8,0.06584,-0.08755,-0.0106,0.0024,-0.05674
10005.44,BTC-27DEC19,1569322743210,open,0.0,621.5,0.0005,0.0105,0.00074874,91.48,0.001,0.0,BTC-27DEC19-36000-C,9726.81,88.01,0.0005,1146.4,0.001,0.9,94.2,0.82936,-0.40411,0.12841,0.0,0.00574
202.58,ETH-27DEC19,1569322743212,open,0.0,4096.0,0.001,0.011,0.001993,104.28,0.002,0.0,ETH-27DEC19-760-C,196.34,96.76,0.001,336.0,0.003,660.0,109.49,0.03367,-0.0187,0.00557,0.00031,0.01269
202.58,ETH-27DEC19,1569322743214,open,0.09,4236.0,0.054,0.128,0.092049,76.93,0.088,0.0,ETH-27DEC19-240-C,196.34,74.87,0.088,300.0,0.096,240.0,78.94,0.39829,-0.1632,0.16327,0.0049,0.40541
196.78,ETH-27SEP19,1569322743214,open,0.0,3164.0,0.001,0.013,0.002351,84.17,0.001,0.0,ETH-27SEP19-220-C,196.34,81.19,0.002,204.0,0.003,23.0,89.13,0.02416,-0.35352,0.00109,0.00941,0.07275
10186.0,BTC-27MAR20,1569322743217,open,0.65,0.1,0.5915,0.72,0.65523842,79.87,0.62,0.0,BTC-27MAR20-16000-P,9726.81,0.0,0.0005,5.0,0.0,0.0,0.0,25.39108,-5.48473,-69.66526,6e-05,-0.69505
196.78,ETH-27SEP19,1569322743217,open,0.0,3398.0,0.001,0.011,0.000113,115.0,0.001,0.0,ETH-27SEP19-260-C,196.34,0.0,0.0,0.0,0.002,700.0,167.26,0.00193,-0.02221,6e-05,0.00055,0.0037
196.78,ETH-27SEP19,1569322743219,open,0.0,6011.0,0.001,0.011,0.0,115.0,0.001,0.0,ETH-27SEP19-600-C,196.34,0.0,0.0,0.0,0.001,134.0,479.33,0.0,0.0,0.0,0.0,0.0
196.78,ETH-27SEP19,1569322743219,open,0.0,839.0,0.001,0.011,0.0,115.0,0.001,0.0,ETH-27SEP19-60-P,196.34,0.0,0.0,0.0,0.001,200.0,500.0,0.0,0.0,0.0,0.0,0.0
196.78,ETH-27SEP19,1569322743219,open,0.5,864.0,0.481,0.571,0.524546,115.0,0.508,0.0,ETH-27SEP19-300-P,196.34,0.0,0.481,15.0,1.005,15.0,500.0,2e-05,-0.00034,-0.02364,0.0,-0.99998
196.78,ETH-27SEP19,1569322743221,open,0.0,7891.0,0.001,0.011,0.000726,115.0,0.002,0.0,ETH-27SEP19-160-P,196.34,0.0,0.0,0.0,0.002,200.0,137.07,0.00804,-0.14284,-0.0003,0.00229,-0.01885
202.58,ETH-27DEC19,1569322743223,open,0.0,14477.0,0.001,0.013,0.003133,98.46,0.002,0.0,ETH-27DEC19-640-C,196.34,93.11,0.002,2650.0,0.004,200.0,101.7,0.04971,-0.02607,0.00878,0.00048,0.01998
202.58,ETH-27DEC19,1569322743223,open,0.6,101.0,0.552,0.678,0.614306,81.47,0.513,0.0,ETH-27DEC19-320-P,196.34,0.0,0.006,6.0,0.0,0.0,0.0,0.27337,-0.11862,-0.74519,0.00318,-0.81594
196.78,ETH-27SEP19,1569322743223,open,1.81,24.0,1.763,1.933,1.845818,125.0,1.356,0.0,ETH-27SEP19-560-P,196.34,0.0,0.0,0.0,0.0,0.0,0.0,0.0,0.0,-0.04412,0.0,-1.0
196.78,ETH-27SEP19,1569322743225,open,1.01,79.0,0.974,1.095,1.032727,115.0,0.351,0.0,ETH-27SEP19-400-P,196.34,0.0,0.0,0.0,0.0,0.0,0.0,0.0,0.0,-0.03151,0.0,-1.0
196.78,ETH-27SEP19,1569322743225,open,0.0,11094.0,0.001,0.011,0.0,115.0,0.001,0.0,ETH-27SEP19-120-P,196.34,0.0,0.0,0.0,0.001,315.0,258.96,0.0,0.0,0.0,0.0,0.0
196.78,ETH-27SEP19,1569322743228,open,0.03,2563.0,0.002,0.043,0.01927,74.68,0.02,0.0,ETH-27SEP19-200-C,196.34,71.01,0.018,3.0,0.022,123.0,82.54,0.06814,-0.88474,0.00615,0.02991,0.41617
202.58,ETH-27DEC19,1569322743228,open,2.52,0.0,2.451,2.67,2.55641,102.28,None,0.0,ETH-27DEC19-720-P,196.34,0.0,0.003,5.0,0.0,0.0,0.0,0.03763,-0.0205,-1.84545,0.00035,-0.98557
196.78,ETH-27SEP19,1569322743243,open,0.03,2390.0,0.008,0.066,0.035633,74.68,0.039,0.0,ETH-27SEP19-200-P,196.34,69.96,0.034,2.0,0.039,200.0,84.37,0.06814,-0.88474,-0.0096,0.02991,-0.58383
196.78,ETH-27SEP19,1569322743243,open,0.0,5439.0,0.001,0.011,0.0,115.0,0.001,0.0,ETH-27SEP19-480-C,196.34,0.0,0.0,0.0,0.002,510.0,431.88,0.0,0.0,0.0,0.0,0.0
196.78,ETH-27SEP19,1569322743246,open,0.25,0.0,0.234,0.311,0.270813,114.61,None,0.0,ETH-27SEP19-250-P,196.34,0.0,0.023,5.0,0.0,0.0,0.0,0.00492,-0.09811,-0.01954,0.00141,-0.98934
202.58,ETH-27DEC19,1569322743246,open,0.01,5714.0,0.001,0.02,0.007832,90.04,0.007,0.0,ETH-27DEC19-480-C,196.34,88.35,0.007,750.0,0.009,200.0,92.24,0.10319,-0.04949,0.02112,0.00109,0.04837
196.78,ETH-27SEP19,1569322743249,open,0.11,1325.0,0.086,0.157,0.120351,84.17,0.108,0.0,ETH-27SEP19-220-P,196.34,0.0,0.112,200.0,0.139,23.0,168.99,0.02416,-0.35352,-0.01624,0.00941,-0.92725
196.78,ETH-27SEP19,1569322743249,open,0.0,3373.0,0.001,0.011,8e-06,115.0,0.001,0.0,ETH-27SEP19-280-C,196.34,0.0,0.0,0.0,0.001,3.0,182.39,0.00021,-0.00167,1e-05,6e-05,0.00033
197.23,SYN.ETH-4OCT19,1569322743249,open,0.0,0.001,0.011,0.00187,92.28,None,0.0,ETH-4OCT19-150-P,196.34,0.0,0.0,0.0,0.005,200.0,112.79,0.02214,-0.10346,-0.00171,0.00228,-0.03011
196.78,ETH-27SEP19,1569322743251,open,0.0,3683.0,0.001,0.011,0.0,115.0,0.001,0.0,ETH-27SEP19-320-C,196.34,0.0,0.0,0.0,0.001,18.0,238.71,0.0,0.0,0.0,0.0,0.0
196.78,ETH-27SEP19,1569322743255,open,0.0,2907.0,0.001,0.011,0.0,115.0,0.001,0.0,ETH-27SEP19-440-C,196.34,0.0,0.0,0.0,0.001,194.0,364.59,0.0,0.0,0.0,0.0,0.0
202.58,ETH-27DEC19,1569322743257,open,0.02,998.0,0.007,0.043,0.022265,83.42,0.029,0.0,ETH-27DEC19-360-C,196.34,82.2,0.021,300.0,0.024,220.0,85.05,0.21218,-0.09427,0.05383,0.00241,0.12558
202.58,ETH-27DEC19,1569322743257,open,1.93,0.0,1.877,2.062,1.965253,95.25,0.953,0.0,ETH-27DEC19-600-P,196.34,0.0,0.0,0.0,0.0,0.0,0.0,0.05478,-0.02779,-1.53329,0.00054,-0.97758
197.23,SYN.ETH-4OCT19,1569322743257,open,0.03,151.0,0.006,0.048,0.024518,74.5,0.027,0.0,ETH-4OCT19-210-C,196.34,75.31,0.025,50.0,0.029,160.0,81.97,0.11692,-0.44099,0.01609,0.01491,0.32605
202.58,ETH-27DEC19,1569322743259,open,1.35,21.0,1.303,1.458,1.377266,90.04,0.629,0.0,ETH-27DEC19-480-P,196.34,0.0,0.001,7.0,0.0,0.0,0.0,0.10319,-0.04949,-1.21341,0.00109,-0.95163
9825.16,SYN.BTC-25OCT19,1569322743259,open,0.0,386.3,0.0005,0.014,0.00426845,81.33,0.005,0.0,BTC-25OCT19-15000-C,9726.81,78.5,0.0035,28.9,0.005,15.0,83.75,2.82441,-3.71968,0.35854,4e-05,0.04741
202.58,ETH-27DEC19,1569322743261,open,0.97,16.0,0.923,1.063,0.990638,86.88,1.195,0.0,ETH-27DEC19-400-P,196.34,0.0,0.001,8.0,0.0,0.0,0.0,0.17065,-0.07896,-0.98883,0.00186,-0.90722
196.78,ETH-27SEP19,1569322743261,open,0.4,116.0,0.372,0.407,0.390182,115.0,0.327,0.0,ETH-27SEP19-120-C,196.34,0.0,0.017,12.0,0.0,0.0,0.0,0.0,-1e-05,0.00945,0.0,1.0
196.78,ETH-27SEP19,1569322743261,open,0.0,7916.0,0.001,0.011,0.0,115.0,0.001,0.0,ETH-27SEP19-760-C,196.34,0.0,0.0,0.0,0.002,600.0,500.0,0.0,0.0,0.0,0.0,0.0
196.78,ETH-27SEP19,1569322743261,open,0.6,0.0,0.581,0.605,0.593455,125.0,None,0.0,ETH-27SEP19-80-C,196.34,0.0,0.004,5.0,0.0,0.0,0.0,0.0,0.0,0.0063,0.0,1.0
202.58,ETH-27DEC19,1569322743261,open,1.16,0.0,1.113,1.26,1.183219,88.74,None,0.0,ETH-27DEC19-440-P,196.34,0.0,0.001,8.0,0.0,0.0,0.0,0.13338,-0.06305,-1.10259,0.00142,-0.93298
196.78,ETH-27SEP19,1569322743261,open,0.8,233.0,0.777,0.886,0.829454,115.0,0.634,0.0,ETH-27SEP19-360-P,196.34,0.0,0.5,44.0,0.0,0.0,0.0,0.0,0.0,-0.02836,0.0,-1.0
196.78,ETH-27SEP19,1569322743261,open,0.91,259.0,0.875,0.99,0.931091,115.0,0.94,0.0,ETH-27SEP19-380-P,196.34,0.0,0.009,8.0,0.0,0.0,0.0,0.0,0.0,-0.02994,0.0,-1.0
198.56,SYN.ETH-25OCT19,1569322743261,open,0.22,162.0,0.181,0.24,0.211901,76.74,0.167,0.0,ETH-25OCT19-160-C,196.34,0.0,0.0,0.0,0.0,0.0,0.0,0.12872,-0.15997,0.10881,0.00503,0.85972
202.58,ETH-27DEC19,1569322743263,open,1.54,37.0,1.494,1.659,1.572612,91.62,0.707,0.0,ETH-27DEC19-520-P,196.34,0.0,0.002,25.0,0.0,0.0,0.0,0.08161,-0.03983,-1.32153,0.00084,-0.9638
196.78,ETH-27SEP19,1569322743265,open,0.0,3439.0,0.001,0.011,0.0,115.0,0.001,0.0,ETH-27SEP19-680-C,196.34,0.0,0.0,0.0,0.002,500.0,500.0,0.0,0.0,0.0,0.0,0.0
202.58,ETH-27DEC19,1569322743267,open,0.43,2.0,0.396,0.445,0.421068,78.67,0.346,0.0,ETH-27DEC19-120-C,196.34,0.0,0.101,1.0,0.0,0.0,0.0,0.13068,-0.05476,0.26763,0.00157,0.93473
196.78,ETH-27SEP19,1569322743279,open,0.0,5974.0,0.001,0.011,0.0,115.0,0.001,0.0,ETH-27SEP19-100-P,196.34,0.0,0.0,0.0,0.001,200.0,343.81,0.0,0.0,0.0,0.0,0.0
202.58,ETH-27DEC19,1569322743279,open,0.27,4468.0,0.221,0.33,0.276766,76.93,0.232,0.0,ETH-27DEC19-240-P,196.34,75.52,0.274,96.0,0.284,240.0,80.6,0.39829,-0.1632,-0.454,0.0049,-0.59459
202.58,ETH-27DEC19,1569322743279,open,0.01,9598.0,0.004,0.026,0.013426,78.67,0.013,0.0,ETH-27DEC19-120-P,196.34,76.4,0.012,160.0,0.015,260.0,81.05,0.13068,-0.05476,-0.041,0.00157,-0.06527
196.78,ETH-27SEP19,1569322743283,open,2.01,27.0,1.961,2.143,2.04909,125.0,1.044,0.0,ETH-27SEP19-600-P,196.34,0.0,0.0,0.0,0.0,0.0,0.0,0.0,0.0,-0.04727,0.0,-1.0
202.58,ETH-27DEC19,1569322743283,open,2.13,0.0,2.068,2.265,2.162379,98.46,None,0.0,ETH-27DEC19-640-P,196.34,0.0,0.0,0.0,0.0,0.0,0.0,0.04971,-0.02607,-1.63726,0.00048,-0.98002
196.78,ETH-27SEP19,1569322743283,open,0.5,20.0,0.477,0.506,0.491818,115.0,0.441,0.0,ETH-27SEP19-100-C,196.34,0.0,0.011,15.0,0.0,0.0,0.0,0.0,0.0,0.00788,0.0,1.0
202.58,ETH-27DEC19,1569322743285,open,0.01,7839.0,0.002,0.026,0.011238,88.74,0.01,0.0,ETH-27DEC19-440-C,196.34,85.13,0.009,720.0,0.013,380.0,91.31,0.13338,-0.06305,0.02906,0.00142,0.06702
202.58,ETH-27DEC19,1569322743285,open,0.04,1291.0,0.013,0.061,0.034683,81.47,0.051,0.0,ETH-27DEC19-320-C,196.34,80.21,0.033,300.0,0.037,220.0,83.16,0.27337,-0.11862,0.07783,0.00318,0.18406
196.78,ETH-27SEP19,1569322743287,open,0.0,3419.0,0.001,0.011,0.0,115.0,0.001,0.0,ETH-27SEP19-640-C,196.34,0.0,0.0,0.0,0.001,237.0,500.0,0.0,0.0,0.0,0.0,0.0
202.58,ETH-27DEC19,1569322743289,open,0.0,15148.0,0.001,0.013,0.00346,95.25,0.003,0.0,ETH-27DEC19-600-C,196.34,88.82,0.002,1261.0,0.005,169.0,100.26,0.05478,-0.02779,0.00988,0.00054,0.02242
202.58,ETH-27DEC19,1569322743289,open,1.74,0.0,1.685,1.86,1.76888,93.9,0.845,0.0,ETH-27DEC19-560-P,196.34,0.0,0.0,0.0,0.0,0.0,0.0,0.06778,-0.0339,-1.42759,0.00068,-0.97109
196.78,ETH-27SEP19,1569322743289,open,0.0,2060.0,0.001,0.011,0.0,115.0,0.003,0.0,ETH-27SEP19-80-P,196.34,0.0,0.0,0.0,0.001,210.0,447.04,0.0,0.0,0.0,0.0,0.0
202.58,ETH-27DEC19,1569322743291,open,0.02,3951.0,0.004,0.034,0.016109,86.88,0.015,0.0,ETH-27DEC19-400-C,196.34,84.28,0.014,1050.0,0.018,160.0,89.06,0.17065,-0.07896,0.03995,0.00186,0.09278
196.78,ETH-27SEP19,1569322743291,open,0.2,740.0,0.162,0.213,0.187635,115.0,0.258,0.0,ETH-27SEP19-160-C,196.34,0.0,0.173,31.0,0.201,31.0,225.72,0.00804,-0.1608,0.0123,0.00229,0.98115
202.58,ETH-27DEC19,1569322743296,open,0.0,11714.0,0.001,0.012,0.002982,101.96,0.003,0.0,ETH-27DEC19-680-C,196.34,97.1,0.002,600.0,0.004,660.0,105.93,0.04678,-0.0254,0.00814,0.00043,0.01861
196.78,ETH-27SEP19,1569322743298,open,0.0,5725.0,0.001,0.011,0.0,115.0,0.001,0.0,ETH-27SEP19-400-C,196.34,0.0,0.0,0.0,0.001,285.0,327.92,0.0,0.0,0.0,0.0,0.0
202.58,ETH-27DEC19,1569322743298,open,0.78,257.0,0.735,0.867,0.799341,83.42,0.7,0.0,ETH-27DEC19-360-P,196.34,0.0,0.008,5.0,0.0,0.0,0.0,0.21218,-0.09427,-0.87207,0.00241,-0.87442
196.78,ETH-27SEP19,1569322743298,open,0.0,2951.0,0.001,0.011,0.0,115.0,0.006,0.0,ETH-27SEP19-360-C,196.34,0.0,0.0,0.0,0.002,500.0,313.87,0.0,0.0,0.0,0.0,0.0
196.78,ETH-27SEP19,1569322743300,open,0.7,0.0,0.686,0.705,0.695091,125.0,0.01,0.0,ETH-27SEP19-60-C,196.34,0.0,0.003,10.0,0.0,0.0,0.0,0.0,0.0,0.00473,0.0,1.0
196.78,ETH-27SEP19,1569322743315,open,0.0,4247.0,0.001,0.011,0.000959,112.38,0.001,0.0,ETH-27SEP19-240-C,196.34,0.0,0.0,0.0,0.002,300.0,127.54,0.0106,-0.18866,0.00039,0.00309,0.02616
196.78,ETH-27SEP19,1569322743315,open,0.0,2698.0,0.001,0.011,0.0,115.0,0.001,0.0,ETH-27SEP19-720-C,196.34,0.0,0.0,0.0,0.001,259.0,500.0,0.0,0.0,0.0,0.0,0.0
196.78,ETH-27SEP19,1569322743315,open,0.0,1897.0,0.001,0.011,0.0,115.0,0.001,0.0,ETH-27SEP19-380-C,196.34,0.0,0.0,0.0,0.003,500.0,356.89,0.0,0.0,0.0,0.0,0.0
196.78,ETH-27SEP19,1569322743315,open,0.0,2663.0,0.001,0.011,0.0,115.0,0.001,0.0,ETH-27SEP19-340-C,196.34,0.0,0.0,0.0,0.003,500.0,307.58,0.0,0.0,0.0,0.0,0.0
196.78,ETH-27SEP19,1569322743315,open,0.4,730.0,0.382,0.467,0.422917,115.0,0.533,0.0,ETH-27SEP19-280-P,196.34,0.0,0.004,10.0,0.9,5.0,500.0,0.00021,-0.00424,-0.02206,6e-05,-0.99967
202.58,ETH-27DEC19,1569322743315,open,0.42,432.0,0.379,0.498,0.438911,79.92,0.66,0.0,ETH-27DEC19-280-P,196.34,58.22,0.406,240.0,1.0,1.0,386.25,0.34319,-0.14609,-0.60609,0.00407,-0.72436
196.78,ETH-27SEP19,1569322743317,open,0.0,11604.0,0.001,0.011,1e-05,115.0,0.002,0.0,ETH-27SEP19-140-P,196.34,0.0,0.0,0.0,0.001,225.0,186.09,0.00023,-0.00188,-1e-05,6e-05,-0.00035
202.58,ETH-27DEC19,1569322743317,open,0.01,10484.0,0.001,0.016,0.005725,91.62,0.005,0.0,ETH-27DEC19-520-C,196.34,86.84,0.004,700.0,0.007,200.0,94.59,0.08161,-0.03983,0.01588,0.00084,0.0362
196.78,ETH-27SEP19,1569322743317,open,0.3,1241.0,0.283,0.363,0.321385,115.0,0.19,0.0,ETH-27SEP19-260-P,196.34,0.0,0.007,15.0,0.0,0.0,0.0,0.00193,-0.03859,-0.02043,0.00055,-0.9963
202.58,ETH-27DEC19,1569322743317,open,0.0,6528.0,0.001,0.014,0.00454,93.9,0.004,0.0,ETH-27DEC19-560-C,196.34,88.66,0.003,610.0,0.006,160.0,97.88,0.06778,-0.0339,0.0127,0.00068,0.02891
196.78,ETH-27SEP19,1569322743325,open,0.0,5970.0,0.001,0.019,0.004508,86.78,0.005,0.0,ETH-27SEP19-180-P,196.34,77.35,0.003,900.0,0.006,210.0,94.91,0.0341,-0.51446,-0.00187,0.01288,-0.11592
196.78,ETH-27SEP19,1569322743325,open,0.0,6399.0,0.001,0.011,0.0,115.0,0.001,0.0,ETH-27SEP19-520-C,196.34,0.0,0.0,0.0,0.001,240.0,427.18,0.0,0.0,0.0,0.0,0.0
196.78,ETH-27SEP19,1569322743325,open,0.7,294.0,0.678,0.781,0.727818,115.0,1.024,0.0,ETH-27SEP19-340-P,196.34,0.0,0.0,0.0,0.0,0.0,0.0,0.0,0.0,-0.02679,0.0,-1.0
196.78,ETH-27SEP19,1569322743325,open,0.0,5603.0,0.001,0.011,0.0,115.0,0.001,0.0,ETH-27SEP19-300-C,196.34,0.0,0.0,0.0,0.001,100.0,211.82,2e-05,-0.0001,0.0,0.0,2e-05
202.58,ETH-27DEC19,1569322743325,open,0.06,1719.0,0.027,0.088,0.056741,79.92,0.066,0.0,ETH-27DEC19-280-C,196.34,77.7,0.053,300.0,0.061,128.0,82.41,0.34319,-0.14609,0.11405,0.00407,0.27564
202.58,ETH-27DEC19,1569322743325,open,0.0,4480.0,0.001,0.012,0.002259,102.28,0.002,0.0,ETH-27DEC19-720-C,196.34,93.44,0.001,200.0,0.003,200.0,105.88,0.03763,-0.0205,0.00634,0.00035,0.01443
196.78,ETH-27SEP19,1569322743325,open,0.3,214.0,0.267,0.309,0.288555,115.0,0.227,0.0,ETH-27SEP19-140-C,196.34,0.0,0.007,20.0,0.0,0.0,0.0,0.00023,-0.00451,0.01102,6e-05,0.99965
206.58,ETH-27MAR20,1569322743329,open,0.99,0.0,0.916,1.087,1.000942,88.63,None,0.0,ETH-27MAR20-400-P,196.34,0.0,0.001,10.0,0.0,0.0,0.0,0.44864,-0.10754,-1.85088,0.00234,-0.76796
202.58,ETH-27DEC19,1569322743331,open,0.03,3481.0,0.012,0.049,0.028526,76.0,0.017,0.0,ETH-27DEC19-140-P,196.34,73.54,0.026,420.0,0.031,260.0,78.34,0.21123,-0.0855,-0.07988,0.00263,-0.12478
198.56,SYN.ETH-25OCT19,1569322743331,open,0.02,2158.0,0.005,0.035,0.017684,76.74,0.015,0.0,ETH-25OCT19-160-P,196.34,74.1,0.016,160.0,0.019,240.0,78.75,0.12872,-0.15997,-0.02653,0.00503,-0.14028
196.78,ETH-27SEP19,1569322743360,open,0.35,0.0,0.333,0.414,0.372123,115.0,None,0.0,ETH-27SEP19-270-P,196.34,0.0,0.029,5.0,0.0,0.0,0.0,0.00067,-0.01339,-0.02125,0.00019,-0.99885
196.78,ETH-27SEP19,1569322743359,open,0.6,606.0,0.579,0.676,0.626182,115.0,0.6,0.0,ETH-27SEP19-320-P,196.34,0.0,0.597,14.0,0.647,14.0,418.02,0.0,-2e-05,-0.02521,0.0,-1.0
197.23,SYN.ETH-4OCT19,1569322743393,open,0.08,17.0,0.053,0.125,0.089286,74.5,0.067,0.0,ETH-4OCT19-210-P,196.34,65.42,0.084,190.0,0.095,120.0,84.0,0.11692,-0.44099,-0.04073,0.01491,-0.67395
206.58,ETH-27MAR20,1569322743483,open,1.17,0.0,1.095,1.273,1.182711,90.02,None,0.0,ETH-27MAR20-440-P,196.34,0.0,0.002,10.0,0.0,0.0,0.0,0.40529,-0.09867,-2.07989,0.00208,-0.80505
206.58,ETH-27MAR20,1569322743558,open,0.05,432.0,0.018,0.08,0.046209,92.69,0.052,0.0,ETH-27MAR20-480-C,196.34,91.46,0.044,1.0,0.049,532.0,94.22,0.37418,-0.09381,0.13113,0.00187,0.17153
10005.44,BTC-27DEC19,1569322743582,open,0.0,621.5,0.0005,0.0105,0.00074874,91.48,0.001,0.0,BTC-27DEC19-36000-C,9726.81,88.01,0.0005,1152.4,0.001,0.9,94.2,0.82936,-0.40411,0.12841,0.0,0.00574
202.58,ETH-27DEC19,1569322743689,open,0.07,1159.0,0.037,0.105,0.071456,78.19,0.068,0.0,ETH-27DEC19-260-C,196.34,76.31,0.068,300.0,0.076,240.0,80.64,0.3735,-0.15555,0.13639,0.00453,0.33322
202.58,ETH-27DEC19,1569322743772,open,0.34,946.0,0.296,0.411,0.3549,78.19,0.3,0.0,ETH-27DEC19-260-P,196.34,71.07,0.342,240.0,0.368,240.0,85.19,0.3735,-0.15555,-0.53232,0.00453,-0.66678
197.23,SYN.ETH-4OCT19,1569322743815,open,0.12,13.0,0.091,0.167,0.1293,75.88,0.071,0.0,ETH-4OCT19-220-P,196.34,0.0,0.105,13.0,0.15,13.0,114.44,0.093,-0.35729,-0.04916,0.01164,-0.79191
198.56,SYN.ETH-25OCT19,1569322743843,open,0.01,3812.0,0.001,0.023,0.009667,82.48,0.009,0.0,ETH-25OCT19-280-C,196.34,81.1,0.009,200.0,0.011,380.0,85.11,0.09734,-0.13001,0.01427,0.00354,0.09464
202.58,ETH-27DEC19,1569322743846,open,0.05,774.0,0.018,0.072,0.043604,80.29,0.051,0.0,ETH-27DEC19-300-C,196.34,78.56,0.041,428.0,0.047,240.0,82.51,0.3069,-0.13125,0.0937,0.00362,0.22344
206.58,ETH-27MAR20,1569322743894,open,0.03,673.0,0.011,0.062,0.032755,94.74,0.032,0.0,ETH-27MAR20-560-C,196.34,92.84,0.03,200.0,0.036,500.0,96.88,0.30559,-0.0783,0.09835,0.00149,0.12675
198.56,SYN.ETH-25OCT19,1569322743922,open,0.22,96.0,0.191,0.281,0.236183,77.4,0.149,0.0,ETH-25OCT19-240-P,196.34,68.97,0.229,200.0,0.257,18.0,99.08,0.17659,-0.22133,-0.16852,0.00684,-0.76711
202.58,ETH-27DEC19,1569322743934,open,0.51,1.0,0.463,0.586,0.524501,80.29,0.494,0.0,ETH-27DEC19-300-P,196.34,67.76,0.507,240.0,0.543,240.0,91.84,0.3069,-0.13125,-0.67789,0.00362,-0.77656
198.56,SYN.ETH-25OCT19,1569322743948,open,0.4,3.0,0.373,0.469,0.419787,82.48,0.645,0.0,ETH-25OCT19-280-P,196.34,0.0,0.0,0.0,0.0,0.0,0.0,0.09734,-0.13001,-0.22258,0.00354,-0.90536
206.58,ETH-27MAR20,1569322743974,open,1.72,0.0,1.646,1.849,1.743569,94.74,None,0.0,ETH-27MAR20-560-P,196.34,0.0,0.01,10.0,0.0,0.0,0.0,0.30559,-0.0783,-2.7381,0.00149,-0.87325
10005.44,BTC-27DEC19,1569322743983,open,0.0,621.5,0.0005,0.0105,0.00074875,91.48,0.001,0.0,BTC-27DEC19-36000-C,9726.81,88.01,0.0005,1146.4,0.001,0.9,94.2,0.82936,-0.40411,0.12841,0.0,0.00574
202.58,ETH-27DEC19,1569322744014,open,0.03,1216.0,0.01,0.052,0.02861,83.24,0.039,0.0,ETH-27DEC19-340-C,196.34,81.04,0.026,300.0,0.032,160.0,85.98,0.24473,-0.1085,0.06581,0.00279,0.15493
197.23,SYN.ETH-4OCT19,1569322744033,open,0.16,0.0,0.135,0.213,0.173479,76.57,0.093,0.0,ETH-4OCT19-230-P,196.34,0.0,0.151,11.0,0.196,11.0,126.26,0.06623,-0.25676,-0.05603,0.00822,-0.87647
198.56,SYN.ETH-25OCT19,1569322744069,open,0.31,3.0,0.28,0.372,0.325025,79.18,0.534,0.0,ETH-25OCT19-260-P,196.34,67.29,0.318,200.0,0.0,0.0,0.0,0.132,-0.16925,-0.1981,0.005,-0.85439
206.58,ETH-27MAR20,1569322744072,open,0.03,4336.0,0.009,0.056,0.028949,96.38,0.026,0.0,ETH-27MAR20-600-C,196.34,94.15,0.026,200.0,0.032,500.0,98.56,0.28154,-0.07338,0.08778,0.00135,0.11284
202.58,ETH-27DEC19,1569322744082,open,0.69,0.0,0.644,0.773,0.706959,83.24,None,0.0,ETH-27DEC19-340-P,196.34,0.0,0.0,0.0,0.0,0.0,0.0,0.24473,-0.1085,-0.80864,0.00279,-0.84507
10005.45,BTC-27DEC19,1569322744113,open,0.09,478.9,0.0495,0.121,0.08513796,75.33,0.0835,0.0,BTC-27DEC19-12000-C,9726.81,74.49,0.0835,14.1,0.087,11.2,76.29,19.4386,-7.79933,7.79115,0.0001,0.3879
10005.45,BTC-27DEC19,1569322744136,open,1.99,0.2,1.94,2.0655,2.00019085,88.66,2.03,0.0,BTC-27DEC19-30000-P,9726.81,0.0,0.001,1.0,0.0,0.0,0.0,1.7321,-0.8179,-76.86289,1e-05,-0.9867
202.58,ETH-27DEC19,1569322744158,open,0.02,506.0,0.005,0.037,0.01825,84.56,0.028,0.0,ETH-27DEC19-380-C,196.34,83.18,0.017,300.0,0.02,220.0,86.41,0.18707,-0.08425,0.0453,0.0021,0.1052
206.58,ETH-27MAR20,1569322744176,open,1.91,0.0,1.831,2.043,1.933393,96.38,None,0.0,ETH-27MAR20-600-P,196.34,0.0,0.02,10.0,0.0,0.0,0.0,0.28154,-0.07338,-2.95128,0.00135,-0.88716
10005.45,BTC-27DEC19,1569322744204,open,2.59,1.3,2.528,2.6745,2.59879141,91.53,2.2,0.0,BTC-27DEC19-36000-P,9726.81,0.0,0.0,0.0,0.0,0.0,0.0,0.83235,-0.40575,-92.46081,0.0,-0.99424
10005.45,BTC-27DEC19,1569322744257,open,0.45,294.4,0.3995,0.4975,0.44797123,76.65,0.45,0.0,BTC-27DEC19-14000-P,9726.81,68.61,0.4355,4.0,0.458,4.0,82.7,16.17552,-6.60381,-30.78943,8e-05,-0.74851
10005.45,BTC-27DEC19,1569322744303,open,0.81,12.4,0.77,0.8675,0.81618501,79.43,0.559,0.0,BTC-27DEC19-18000-P,9726.81,0.0,0.0045,5.0,1.529,0.2,500.0,9.19287,-3.88892,-44.04825,4e-05,-0.89553
10005.45,BTC-27DEC19,1569322744317,open,0.07,467.2,0.033,0.0975,0.06418507,75.92,0.063,0.0,BTC-27DEC19-13000-C,9726.81,75.26,0.063,20.0,0.065,1.0,76.37,17.97494,-7.2683,6.40149,9e-05,0.31295
10005.45,BTC-27DEC19,1569322744317,open,2.19,0.3,2.136,2.269,2.19975802,90.84,1.875,0.0,BTC-27DEC19-32000-P,9726.81,0.0,0.0,0.0,0.0,0.0,0.0,1.45998,-0.7064,-82.05965,1e-05,-0.98908
10005.45,BTC-27DEC19,1569322744325,open,2.99,0.0,2.9195,3.0825,2.99857554,97.85,2.58,0.0,BTC-27DEC19-40000-P,9726.81,0.0,0.001,1.0,0.0,0.0,0.0,0.79525,-0.41446,-102.75603,0.0,-0.99453
196.78,ETH-27SEP19,1569322744367,open,0.0,3828.0,0.001,0.011,0.0,115.0,0.001,0.0,ETH-27SEP19-560-C,196.34,0.0,0.0,0.0,0.001,99.0,454.34,0.0,0.0,0.0,0.0,0.0
10005.45,BTC-27DEC19,1569322744388,open,0.85,0.1,0.8405,0.86,0.85011452,114.96,0.868,0.0,BTC-27DEC19-1500-C,9726.81,0.0,0.842,1.0,0.8585,1.0,228.46,0.0376,-0.02302,3.85204,0.0,0.9998
9745.03,BTC-27SEP19,1569322744398,open,1.05,0.0,1.0125,1.094,1.05232611,0.0,0.691,0.0,BTC-27SEP19-20000-P,9726.81,0.0,0.005,10.0,1.066,0.2,498.74,0.0,0.0,-1.57572,0.0,-1.0
10005.45,BTC-27DEC19,1569322744423,open,0.0,433.2,0.0005,0.0105,0.00068909,102.59,0.001,0.0,BTC-27DEC19-44000-C,9726.81,0.0,0.0,0.0,0.001,15.0,106.36,0.71377,-0.39002,0.10702,0.0,0.00485
10005.45,BTC-27DEC19,1569322744430,open,0.0,621.5,0.0005,0.0105,0.00074875,91.48,0.001,0.0,BTC-27DEC19-36000-C,9726.81,88.01,0.0005,1152.4,0.001,0.9,94.2,0.82937,-0.40411,0.12841,0.0,0.00574
9765.07,SYN.BTC-4OCT19,1569322744431,open,0.06,7.1,0.033,0.083,0.05879939,67.86,0.0605,0.0,BTC-4OCT19-9500-C,9726.81,67.38,0.0585,23.0,0.0635,11.0,75.33,6.12167,-21.03083,1.47962,0.00035,0.61882
9825.17,SYN.BTC-25OCT19,1569322744640,open,0.24,20.9,0.2095,0.28,0.24420859,74.35,0.2405,0.0,BTC-25OCT19-12000-P,9726.81,70.4,0.241,2.0,0.2455,1.1,75.89,8.1685,-9.83567,-8.61958,0.00013,-0.7929
10185.97,BTC-27MAR20,1569322744695,open,0.05,206.8,0.02,0.0835,0.04831587,81.77,0.051,0.0,BTC-27MAR20-20000-C,9726.81,80.57,0.046,20.0,0.051,17.4,83.14,19.83613,-4.38688,7.44361,5e-05,0.19259
9825.16,SYN.BTC-25OCT19,1569322744739,open,0.21,1.0,0.1795,0.2295,0.20502138,76.54,0.2275,0.0,BTC-25OCT19-8000-C,9726.81,73.51,0.203,11.0,0.2085,2.0,81.53,6.6763,-8.27502,5.35674,0.00011,0.84954
10005.45,BTC-27DEC19,1569322744856,open,0.0,621.5,0.0005,0.0105,0.00074875,91.48,0.001,0.0,BTC-27DEC19-36000-C,9726.81,88.01,0.0005,1146.4,0.001,0.9,94.2,0.82937,-0.40411,0.12841,0.0,0.00574
10185.94,BTC-27MAR20,1569322745052,open,2.53,0.0,2.467,2.6285,2.54348932,87.98,None,0.0,BTC-27MAR20-36000-P,9726.81,0.0,0.0,0.0,0.0,0.0,0.0,6.78116,-1.61358,-180.53421,1e-05,-0.95573
9745.03,BTC-27SEP19,1569322745112,open,0.04,37.0,0.016,0.0635,0.04043009,74.21,0.0415,0.0,BTC-27SEP19-9500-C,9726.81,72.88,0.04,0.4,0.0425,0.3,80.56,3.16009,-40.77558,0.47767,0.00057,0.66259
9765.06,SYN.BTC-4OCT19,1569322745169,open,0.0,148.1,0.0005,0.015,0.00463137,86.18,0.005,0.0,BTC-4OCT19-8000-P,9726.81,85.58,0.0045,30.0,0.005,5.0,87.83,2.15209,-9.39056,-0.19667,0.0001,-0.06981
10185.94,BTC-27MAR20,1569322745184,open,0.48,60.8,0.426,0.5505,0.48899552,78.8,0.4905,0.0,BTC-27MAR20-14000-P,9726.81,61.48,0.4435,1.0,0.5045,5.0,84.45,27.75607,-5.91547,-56.84573,7e-05,-0.61282
10005.45,BTC-27DEC19,1569322745234,open,0.0,621.5,0.0005,0.0105,0.00074875,91.48,0.001,0.0,BTC-27DEC19-36000-C,9726.81,88.01,0.0005,1152.4,0.001,0.9,94.2,0.82937,-0.40411,0.12841,0.0,0.00574
9825.16,SYN.BTC-25OCT19,1569322745252,open,0.0,585.0,0.0005,0.0125,0.00275075,84.45,0.0035,0.0,BTC-25OCT19-16000-C,9726.81,80.41,0.002,31.2,0.0035,70.4,87.84,2.01169,-2.75108,0.23694,3e-05,0.03126
196.78,ETH-27SEP19,1569322745287,open,0.2,740.0,0.162,0.213,0.187635,115.0,0.258,0.0,ETH-27SEP19-160-C,196.34,0.0,0.174,31.0,0.201,31.0,225.72,0.00804,-0.1608,0.0123,0.00229,0.98115
9765.06,SYN.BTC-4OCT19,1569322745297,open,0.04,54.4,0.0125,0.056,0.03370764,67.36,0.035,0.0,BTC-4OCT19-10000-C,9726.81,66.27,0.033,8.0,0.0375,13.0,73.2,6.32735,-21.57939,1.06494,0.00036,0.43677
9825.16,SYN.BTC-25OCT19,1569322745379,open,0.13,41.9,0.099,0.156,0.12855469,71.8,0.131,0.0,BTC-25OCT19-9000-C,9726.81,72.73,0.1295,14.4,0.133,15.0,76.17,9.93522,-11.5518,4.74964,0.00017,0.70003
196.79,ETH-27SEP19,1569322745478,open,0.01,661.0,0.001,0.024,0.006682,77.97,0.009,0.0,ETH-27SEP19-210-C,196.34,75.02,0.006,3.0,0.008,163.0,83.41,0.0463,-0.62775,0.00273,0.01946,0.18296
10185.94,BTC-27MAR20,1569322745516,open,2.92,1.0,2.8515,3.0255,2.93393677,89.66,2.7125,0.0,BTC-27MAR20-40000-P,9726.81,0.0,0.0005,2.0,0.0,0.0,0.0,5.47361,-1.32727,-201.20665,1e-05,-0.96597
10005.45,BTC-27DEC19,1569322745588,open,0.0,621.5,0.0005,0.0105,0.00074875,91.48,0.001,0.0,BTC-27DEC19-36000-C,9726.81,88.01,0.0005,1146.4,0.001,0.9,94.2,0.82937,-0.40411,0.12841,0.0,0.00574
197.24,SYN.ETH-4OCT19,1569322745610,open,0.11,0.0,0.069,0.131,0.101905,72.54,None,0.0,ETH-4OCT19-180-C,196.34,61.46,0.097,40.0,0.107,40.0,83.06,0.09201,-0.33793,0.03702,0.01205,0.79562
206.59,ETH-27MAR20,1569322745621,open,0.33,189.0,0.268,0.397,0.335394,81.48,0.283,0.0,ETH-27MAR20-240-P,196.34,77.82,0.325,264.0,0.345,240.0,84.87,0.58627,-0.12919,-0.86103,0.00333,-0.48746
196.79,ETH-27SEP19,1569322745711,open,0.15,45.0,0.135,0.208,0.170115,97.87,0.091,0.0,ETH-27SEP19-230-P,196.34,0.0,0.168,300.0,0.0,0.0,0.0,0.01503,-0.25573,-0.01752,0.00503,-0.96008
10005.45,BTC-27DEC19,1569322745952,open,0.0,621.5,0.0005,0.0105,0.00074875,91.48,0.001,0.0,BTC-27DEC19-36000-C,9726.81,88.01,0.0005,1152.4,0.001,0.9,94.2,0.82937,-0.40411,0.12841,0.0,0.00574
197.24,SYN.ETH-4OCT19,1569322746029,open,0.05,10.0,0.015,0.068,0.041071,72.3,0.048,0.0,ETH-4OCT19-200-C,196.34,66.09,0.037,313.0,0.046,120.0,79.82,0.12922,-0.47302,0.02327,0.01698,0.47706
206.59,ETH-27MAR20,1569322746208,open,0.06,866.0,0.029,0.103,0.064646,88.63,0.07,0.0,ETH-27MAR20-400-C,196.34,86.93,0.061,220.0,0.069,332.0,90.61,0.44867,-0.10755,0.17517,0.00234,0.23205
206.59,ETH-27MAR20,1569322746237,open,1.54,0.0,1.461,1.656,1.555619,93.66,None,0.0,ETH-27MAR20-520-P,196.35,0.0,0.005,10.0,0.0,0.0,0.0,0.33745,-0.08548,-2.52088,0.00167,-0.85349
206.59,ETH-27MAR20,1569322746237,open,0.05,603.0,0.022,0.088,0.052786,90.02,0.057,0.0,ETH-27MAR20-440-C,196.35,88.06,0.049,220.0,0.057,252.0,92.13,0.40531,-0.09867,0.14876,0.00208,0.19495
206.59,ETH-27MAR20,1569322746237,open,0.04,415.0,0.014,0.07,0.038434,93.59,0.049,0.0,ETH-27MAR20-520-C,196.35,92.07,0.036,200.0,0.042,340.0,95.73,0.33697,-0.08529,0.11276,0.00167,0.1462
206.59,ETH-27MAR20,1569322746237,open,1.35,0.0,1.278,1.466,1.369764,92.75,None,0.0,ETH-27MAR20-480-P,196.35,0.0,0.003,10.0,0.0,0.0,0.0,0.37459,-0.09397,-2.29993,0.00187,-0.82819
202.59,ETH-27DEC19,1569322746237,open,0.21,546.0,0.162,0.241,0.204882,74.99,0.204,0.0,ETH-27DEC19-180-C,196.35,71.12,0.198,240.0,0.208,96.0,76.73,0.36153,-0.14439,0.25372,0.00457,0.69183
202.59,ETH-27DEC19,1569322746237,open,0.2,4916.0,0.154,0.254,0.205854,75.96,0.175,0.0,ETH-27DEC19-220-P,196.35,74.05,0.202,96.0,0.21,240.0,78.01,0.40979,-0.16579,-0.37223,0.00511,-0.50854
202.59,ETH-27DEC19,1569322746237,open,0.34,2.0,0.305,0.366,0.337441,75.97,0.275,0.0,ETH-27DEC19-140-C,196.35,0.0,0.308,300.0,0.0,0.0,0.0,0.21115,-0.08544,0.28025,0.00263,0.8753
202.59,ETH-27DEC19,1569322746237,open,0.09,5733.0,0.056,0.13,0.093419,75.01,0.067,0.0,ETH-27DEC19-180-P,196.35,71.97,0.088,540.0,0.097,240.0,77.01,0.36154,-0.14444,-0.20926,0.00457,-0.30819
196.79,ETH-27SEP19,1569322746238,open,0.2,2231.0,0.185,0.26,0.220595,113.49,0.1,0.0,ETH-27SEP19-240-P,196.35,0.0,0.219,300.0,0.88,5.0,500.0,0.01103,-0.21761,-0.0185,0.00318,-0.97258
196.8,ETH-27SEP19,1569322746238,open,2.61,0.0,2.553,2.772,2.658908,494.96,None,0.0,ETH-27SEP19-720-P,196.35,0.0,0.0,0.0,0.0,0.0,0.0,0.00167,-0.14336,-0.05668,0.00011,-0.99686
196.8,ETH-27SEP19,1569322746238,open,2.41,0.0,2.355,2.562,2.455636,473.77,None,0.0,ETH-27SEP19-680-P,196.35,0.0,0.0,0.0,0.0,0.0,0.0,0.00164,-0.13515,-0.05353,0.00011,-0.99691
196.8,ETH-27SEP19,1569322746238,open,0.1,1751.0,0.059,0.118,0.089781,86.31,0.1,0.0,ETH-27SEP19-180-C,196.35,55.2,0.086,309.0,0.091,40.0,93.07,0.0338,-0.50722,0.01234,0.01283,0.88552
196.8,ETH-27SEP19,1569322746239,open,2.21,0.0,2.158,2.352,2.252363,451.33,None,0.0,ETH-27SEP19-640-P,196.35,0.0,0.0,0.0,0.0,0.0,0.0,0.00162,-0.12692,-0.05038,0.00012,-0.99696
202.6,ETH-27DEC19,1569322746239,open,0.14,4516.0,0.098,0.187,0.143584,75.03,0.12,0.0,ETH-27DEC19-200-P,196.35,73.21,0.14,285.0,0.148,240.0,77.27,0.39973,-0.15973,-0.28914,0.00505,-0.4113
196.8,ETH-27SEP19,1569322746239,open,2.81,0.0,2.75,2.981,2.862181,500.0,None,0.0,ETH-27SEP19-760-P,196.35,0.0,0.0,0.0,0.0,0.0,0.0,0.0013,-0.11284,-0.05984,9e-05,-0.99762
198.57,SYN.ETH-25OCT19,1569322746238,open,0.08,1162.0,0.054,0.124,0.089213,73.63,0.083,0.0,ETH-25OCT19-200-P,196.35,69.99,0.085,96.0,0.091,240.0,75.17,0.22978,-0.27398,-0.09404,0.00936,-0.47063
202.6,ETH-27DEC19,1569322746239,open,2.32,0.0,2.26,2.468,2.359681,103.33,None,0.0,ETH-27DEC19-680-P,196.35,0.0,0.002,10.0,0.0,0.0,0.0,0.05028,-0.02767,-1.74009,0.00046,-0.97975
202.6,ETH-27DEC19,1569322746239,open,0.27,156.0,0.226,0.298,0.264798,74.96,0.3,0.0,ETH-27DEC19-160-C,196.35,0.0,0.21,300.0,0.394,1.0,157.35,0.29502,-0.11779,0.27436,0.00373,0.79132
202.6,ETH-27DEC19,1569322746239,open,0.16,2157.0,0.113,0.194,0.15632,74.98,0.157,0.0,ETH-27DEC19-200-C,196.35,72.79,0.152,300.0,0.161,336.0,77.35,0.39974,-0.15963,0.22528,0.00505,0.58866
196.8,ETH-27SEP19,1569322746239,open,1.21,0.0,1.171,1.305,1.236,313.13,None,0.0,ETH-27SEP19-440-P,196.35,0.0,0.0,0.0,0.0,0.0,0.0,0.00156,-0.08509,-0.03462,0.00016,-0.99707
202.6,ETH-27DEC19,1569322746239,open,0.12,1842.0,0.078,0.157,0.119863,75.92,0.118,0.0,ETH-27DEC19-220-C,196.35,73.52,0.115,300.0,0.125,336.0,78.46,0.40981,-0.16572,0.19362,0.00511,0.49144
198.57,SYN.ETH-25OCT19,1569322746237,open,0.04,1101.0,0.019,0.069,0.042874,73.63,0.039,0.0,ETH-25OCT19-180-P,196.35,71.73,0.041,128.0,0.045,245.0,75.78,0.19634,-0.23412,-0.05521,0.00799,-0.28581
202.6,ETH-27DEC19,1569322746239,open,2.71,0.0,2.643,2.873,2.753598,106.37,None,0.0,ETH-27DEC19-760-P,196.35,0.0,0.0,0.0,0.0,0.0,0.0,0.03799,-0.02152,-1.9483,0.00034,-0.98541
196.8,ETH-27SEP19,1569322746240,open,1.41,0.0,1.369,1.514,1.439272,345.18,None,0.0,ETH-27SEP19-480-P,196.35,0.0,0.0,0.0,0.0,0.0,0.0,0.00156,-0.09357,-0.03778,0.00015,-0.99708
197.24,SYN.ETH-4OCT19,1569322746238,open,0.02,256.0,0.002,0.032,0.013831,75.87,0.016,0.0,ETH-4OCT19-220-C,196.35,71.9,0.012,450.0,0.018,160.0,84.37,0.09301,-0.35727,0.01037,0.01165,0.20814
196.8,ETH-27SEP19,1569322746240,open,1.61,12.0,1.566,1.724,1.642545,374.68,1.193,0.0,ETH-27SEP19-520-P,196.35,0.0,0.0,0.0,0.0,0.0,0.0,0.00157,-0.10198,-0.04093,0.00014,-0.99707
198.57,SYN.ETH-25OCT19,1569322746237,open,0.14,482.0,0.113,0.196,0.15516,74.82,0.136,0.0,ETH-25OCT19-220-P,196.35,32.59,0.115,23.0,0.16,240.0,79.25,0.21579,-0.26148,-0.13379,0.00865,-0.64133
197.24,SYN.ETH-4OCT19,1569322746238,open,0.01,42.0,0.001,0.021,0.007306,76.56,0.01,0.0,ETH-4OCT19-230-C,196.35,72.5,0.006,691.0,0.009,100.0,81.38,0.06624,-0.25675,0.0062,0.00822,0.12355
198.57,SYN.ETH-25OCT19,1569322746237,open,0.03,1231.0,0.009,0.049,0.027509,77.39,0.035,0.0,ETH-25OCT19-240-C,196.35,75.68,0.026,1.0,0.029,128.0,79.05,0.1766,-0.22132,0.0345,0.00684,0.23291
198.57,SYN.ETH-25OCT19,1569322746239,open,0.02,684.0,0.004,0.032,0.015628,79.17,0.02,0.0,ETH-25OCT19-260-C,196.35,76.66,0.014,688.0,0.017,160.0,81.2,0.13201,-0.16924,0.02184,0.005,0.14562
197.24,SYN.ETH-4OCT19,1569322746238,open,0.01,36.0,0.001,0.017,0.005121,83.18,0.007,0.0,ETH-4OCT19-240-C,196.35,73.86,0.003,701.0,0.008,700.0,93.15,0.05092,-0.21445,0.00432,0.00582,0.08599
198.57,SYN.ETH-25OCT19,1569322746238,open,0.05,1087.0,0.022,0.074,0.047208,74.77,0.049,0.0,ETH-25OCT19-220-C,196.35,73.66,0.046,237.0,0.051,368.0,78.25,0.21576,-0.26126,0.05229,0.00865,0.35852
198.57,SYN.ETH-25OCT19,1569322746241,open,0.09,547.0,0.049,0.112,0.081984,73.59,0.117,0.0,ETH-25OCT19-200-C,196.35,71.01,0.079,411.0,0.087,336.0,77.92,0.22978,-0.27382,0.07514,0.00936,0.52933
198.57,SYN.ETH-25OCT19,1569322746237,open,0.14,521.0,0.101,0.167,0.136368,73.59,0.141,0.0,ETH-25OCT19-180-C,196.35,71.18,0.134,272.0,0.143,272.0,80.24,0.19632,-0.23394,0.09707,0.008,0.71426
10185.91,BTC-27MAR20,1569322746251,open,1.19,0.0,1.134,1.267,1.19730309,82.65,None,0.0,BTC-27MAR20-22000-P,9726.81,0.0,0.0,0.0,1.752,0.8,298.85,17.2767,-3.86166,-105.36574,4e-05,-0.84496
10185.91,BTC-27MAR20,1569322746259,open,1.76,0.0,1.701,1.8425,1.76777869,84.9,None,0.0,BTC-27MAR20-28000-P,9726.81,0.0,0.0,0.0,0.0,0.0,0.0,11.29331,-2.59316,-138.40467,3e-05,-0.91487
9825.16,SYN.BTC-25OCT19,1569322746368,open,0.39,8.3,0.378,0.4095,0.39301058,97.67,0.431,0.0,BTC-25OCT19-6000-C,9726.81,0.0,0.381,13.0,0.406,13.0,138.76,1.95407,-3.09078,4.79397,2e-05,0.96982
9825.16,SYN.BTC-25OCT19,1569322746372,open,0.09,303.3,0.061,0.1235,0.09260407,71.38,0.0935,0.0,BTC-25OCT19-10000-P,9726.81,69.13,0.09,12.0,0.0935,19.4,72.15,11.39816,-13.17495,-4.86281,0.0002,-0.49249
10005.45,BTC-27DEC19,1569322746375,open,0.0,621.5,0.0005,0.0105,0.00074875,91.48,0.001,0.0,BTC-27DEC19-36000-C,9726.81,88.01,0.0005,1146.4,0.001,0.9,94.2,0.82937,-0.40411,0.12841,0.0,0.00574
9825.16,SYN.BTC-25OCT19,1569322746399,open,0.0,896.2,0.0005,0.0115,0.00156159,85.46,0.0015,0.0,BTC-25OCT19-17000-C,9726.81,84.99,0.0015,24.0,0.002,19.0,88.49,1.30623,-1.80769,0.14236,2e-05,0.01869
9745.03,BTC-27SEP19,1569322746420,open,0.15,2.8,0.132,0.182,0.15546015,87.12,0.129,0.0,BTC-27SEP19-11250-P,9726.81,0.0,0.1405,9.0,0.174,9.2,189.0,0.66055,-10.00626,-0.86064,0.0001,-0.9655
9765.06,SYN.BTC-4OCT19,1569322746425,open,0.0,56.7,0.0005,0.0115,0.00162785,89.11,0.0015,0.0,BTC-4OCT19-13000-C,9726.81,82.65,0.001,18.6,0.0025,51.0,95.88,1.09707,-4.94972,0.07533,5e-05,0.03014
9745.03,BTC-27SEP19,1569322746443,open,0.06,22.4,0.035,0.0835,0.05991526,79.22,0.059,0.0,BTC-27SEP19-9250-C,9726.81,77.63,0.0595,6.1,0.0625,0.1,88.8,2.55251,-35.15895,0.55385,0.00043,0.78129
9765.06,SYN.BTC-4OCT19,1569322746499,open,0.0,18.8,0.0005,0.012,0.00218668,83.22,0.002,0.0,BTC-4OCT19-12500-C,9726.81,77.98,0.0015,0.1,0.003,20.0,88.3,1.42193,-5.99145,0.10347,7e-05,0.04135
9765.06,SYN.BTC-4OCT19,1569322746558,open,0.1,0.7,0.0685,0.119,0.09470656,71.64,0.094,0.0,BTC-4OCT19-9000-C,9726.81,71.22,0.0945,10.0,0.1,10.5,82.02,4.83249,-17.5285,1.7941,0.00026,0.77375
10185.91,BTC-27MAR20,1569322746565,open,2.14,0.0,2.0835,2.234,2.15437884,86.35,None,0.0,BTC-27MAR20-32000-P,9726.81,0.0,0.001,1.0,0.0,0.0,0.0,8.62637,-2.01455,-159.65101,2e-05,-0.94008
9745.03,BTC-27SEP19,1569322746599,open,0.08,163.9,0.057,0.108,0.08187705,74.27,0.084,0.0,BTC-27SEP19-10500-P,9726.81,63.48,0.08,0.1,0.0825,6.0,77.4,1.88649,-24.35985,-0.72631,0.00034,-0.86411
9765.06,SYN.BTC-4OCT19,1569322746614,open,0.09,5.2,0.065,0.1225,0.09366042,68.64,0.0935,0.0,BTC-4OCT19-10500-P,9726.81,59.96,0.089,14.0,0.095,10.0,71.05,5.3964,-18.75489,-2.15276,0.0003,-0.72113
9825.16,SYN.BTC-25OCT19,1569322746645,open,0.53,0.0,0.498,0.5675,0.53096064,81.32,None,0.0,BTC-25OCT19-15000-P,9726.81,0.0,0.0,0.0,0.0,0.0,0.0,2.82416,-3.71925,-12.33014,4e-05,-0.9526
10185.91,BTC-27MAR20,1569322746656,open,0.04,115.4,0.018,0.0615,0.03798334,78.11,0.036,0.0,BTC-27MAR20-6000-P,9726.81,77.37,0.037,10.0,0.0395,27.7,79.24,13.57277,-2.86713,-7.60099,3e-05,-0.10934
9765.06,SYN.BTC-4OCT19,1569322746666,open,0.24,0.0,0.217,0.2545,0.23484771,97.28,None,0.0,BTC-4OCT19-7500-C,9726.81,0.0,0.0,0.0,0.0,0.0,0.0,1.43664,-7.07565,1.91097,6e-05,0.95812
9825.16,SYN.BTC-25OCT19,1569322746675,open,0.04,383.3,0.0195,0.067,0.04236113,73.21,0.041,0.0,BTC-25OCT19-11000-C,9726.81,72.4,0.0415,11.0,0.044,20.8,74.75,10.42029,-12.35436,2.43878,0.00017,0.33579
9825.16,SYN.BTC-25OCT19,1569322746680,open,0.0,744.9,0.0005,0.0135,0.00368746,97.67,0.0035,0.0,BTC-25OCT19-6000-P,9726.81,94.01,0.003,47.0,0.0045,38.9,101.53,1.954,-3.09063,-0.28147,2e-05,-0.03018
10185.91,BTC-27MAR20,1569322746705,open,0.06,117.5,0.0295,0.1025,0.06337907,80.87,0.0705,0.0,BTC-27MAR20-18000-C,9726.81,79.56,0.0605,18.9,0.0665,17.0,82.26,22.61242,-4.94564,9.18959,5e-05,0.2415
9745.03,BTC-27SEP19,1569322746742,open,0.01,289.7,0.0005,0.0265,0.00911619,79.22,0.01,0.0,BTC-27SEP19-9250-P,9726.81,78.77,0.009,0.4,0.01,25.5,82.55,2.55245,-35.15669,-0.17491,0.00043,-0.2187
10005.45,BTC-27DEC19,1569322746753,open,0.0,621.5,0.0005,0.0105,0.00074875,91.48,0.001,0.0,BTC-27DEC19-36000-C,9726.81,88.01,0.0005,1152.4,0.001,0.9,94.2,0.82937,-0.40411,0.12841,0.0,0.00574
10185.91,BTC-27MAR20,1569322746777,open,1.38,0.0,1.3215,1.4565,1.38547069,83.34,None,0.0,BTC-27MAR20-24000-P,9726.77,0.0,0.0,0.0,0.0,0.0,0.0,14.95517,-3.3707,-116.60338,3e-05,-0.87461
10185.91,BTC-27MAR20,1569322746777,open,0.02,73.6,0.0035,0.036,0.01541605,85.6,0.0155,0.0,BTC-27MAR20-30000-C,9726.77,84.1,0.014,14.0,0.017,15.0,87.2,9.83951,-2.27799,2.86741,2e-05,0.07099
10185.91,BTC-27MAR20,1569322746777,open,1.95,0.0,1.892,2.0375,1.96064366,85.58,None,0.0,BTC-27MAR20-30000-P,9726.77,0.0,0.0,0.0,0.0,0.0,0.0,9.83322,-2.27606,-149.08737,2e-05,-0.92906
10185.91,BTC-27MAR20,1569322746777,open,0.1,196.6,0.0645,0.1405,0.10218106,76.49,0.0995,0.0,BTC-27MAR20-8000-P,9726.77,75.26,0.0995,10.0,0.1045,12.3,77.54,22.38201,-4.62985,-17.49988,6e-05,-0.23701
10185.91,BTC-27MAR20,1569322746777,open,0.12,239.8,0.069,0.1595,0.11456378,78.81,0.12,0.0,BTC-27MAR20-14000-C,9726.77,77.68,0.1115,12.0,0.1185,15.8,80.25,27.75635,-5.91588,14.06572,7e-05,0.38719
10185.91,BTC-27MAR20,1569322746777,open,0.02,64.1,0.007,0.049,0.02334135,84.12,0.026,0.0,BTC-27MAR20-26000-C,9726.77,82.65,0.0215,19.0,0.0255,15.0,85.78,12.97885,-2.95282,4.09835,3e-05,0.10278
10185.91,BTC-27MAR20,1569322746777,open,0.33,51.3,0.2765,0.393,0.33594485,77.56,0.3355,0.0,BTC-27MAR20-12000-P,9726.77,75.29,0.3295,14.6,0.3415,5.6,79.52,28.91402,-6.06534,-43.55882,7e-05,-0.50834
10185.91,BTC-27MAR20,1569322746777,open,0.32,17.0,0.2745,0.3555,0.31678704,76.49,0.371,0.0,BTC-27MAR20-8000-C,9726.77,62.49,0.2865,9.5,0.351,9.5,91.92,22.38209,-4.63,23.0205,6e-05,0.76299
10185.91,BTC-27MAR20,1569322746777,open,0.03,77.8,0.0095,0.0575,0.02928889,83.35,0.0325,0.0,BTC-27MAR20-24000-C,9726.77,82.11,0.0275,19.0,0.0315,15.0,84.83,14.95863,-3.37187,4.96014,3e-05,0.12543
10185.91,BTC-27MAR20,1569322746777,open,0.82,0.0,0.767,0.897,0.83051511,80.86,0.8095,0.0,BTC-27MAR20-18000-P,9726.77,0.0,0.0825,2.0,0.846,1.4,87.61,22.61118,-4.94507,-81.98267,5e-05,-0.75853
9745.03,BTC-27SEP19,1569322746778,open,0.0,586.8,0.0005,0.0105,0.0,115.0,0.0005,0.0,BTC-27SEP19-3000-P,9726.77,0.0,0.0,0.0,0.0005,32.0,500.0,0.0,0.0,0.0,0.0,0.0
9745.03,BTC-27SEP19,1569322746778,open,0.02,357.8,0.0055,0.0485,0.02554398,71.41,0.026,0.0,BTC-27SEP19-9750-P,9726.77,68.46,0.0245,0.4,0.026,1.0,72.7,3.44982,-42.83198,-0.39626,0.00065,-0.49057
10185.91,BTC-27MAR20,1569322746778,open,0.01,21.6,0.001,0.028,0.01078899,87.17,0.0155,0.0,BTC-27MAR20-34000-C,9726.77,85.38,0.0095,14.0,0.012,15.0,88.74,7.62749,-1.79826,2.08854,2e-05,0.05127
9745.03,BTC-27SEP19,1569322746778,open,0.0,125.2,0.0005,0.0105,0.0,115.0,0.0005,0.0,BTC-27SEP19-3750-P,9726.77,0.0,0.0,0.0,0.0005,30.0,433.69,0.0,0.0,0.0,0.0,0.0
10005.46,BTC-27DEC19,1569322746778,open,1.4,0.0,1.353,1.4605,1.40373189,84.75,None,0.0,BTC-27DEC19-24000-P,9726.77,0.0,0.006,1.0,2.093,0.2,500.0,3.85839,-1.74165,-60.97299,2e-05,-0.96568
9745.03,BTC-27SEP19,1569322746778,open,0.0,615.0,0.0005,0.0105,0.0,115.0,0.0005,0.0,BTC-27SEP19-5500-P,9726.77,0.0,0.0,0.0,0.0005,10.0,269.56,0.0,0.0,0.0,0.0,0.0
9745.03,BTC-27SEP19,1569322746778,open,0.13,4.1,0.1105,0.153,0.13066331,106.35,0.169,0.0,BTC-27SEP19-8500-C,9726.77,0.0,0.118,11.0,0.135,12.0,135.97,1.12824,-20.86152,0.61569,0.00014,0.93258
10005.46,BTC-27DEC19,1569322746778,open,0.01,615.5,0.001,0.023,0.0109154,83.33,0.011,0.0,BTC-27DEC19-5500-P,9726.77,81.59,0.01,24.0,0.012,45.0,85.3,5.38584,-2.39032,-1.61484,3e-05,-0.05184
10005.46,BTC-27DEC19,1569322746778,open,1.2,4.9,1.1575,1.26,1.20582113,82.46,1.0385,0.0,BTC-27DEC19-22000-P,9726.77,0.0,0.006,2.0,1.904,0.3,500.0,4.97705,-2.18581,-55.55493,2e-05,-0.95304
10185.91,BTC-27MAR20,1569322746778,open,0.01,57.7,0.0005,0.025,0.00924025,88.03,0.0105,0.0,BTC-27MAR20-36000-C,9726.77,86.09,0.008,14.0,0.0105,15.0,89.85,6.79695,-1.61829,1.81377,1e-05,0.0444
9745.03,BTC-27SEP19,1569322746778,open,0.0,670.6,0.0005,0.0105,0.0,115.0,0.0005,0.0,BTC-27SEP19-22000-C,9726.77,0.0,0.0,0.0,0.0005,23.0,341.5,0.0,0.0,0.0,0.0,0.0
10005.46,BTC-27DEC19,1569322746778,open,0.21,249.0,0.1655,0.257,0.21197803,74.57,0.2105,0.0,BTC-27DEC19-11000-P,9726.77,73.59,0.21,7.0,0.216,17.4,76.56,20.20485,-8.02452,-18.95271,0.00011,-0.52452
10005.46,BTC-27DEC19,1569322746778,open,0.03,307.1,0.0135,0.054,0.03197441,77.39,0.031,0.0,BTC-27DEC19-7000-P,9726.77,76.49,0.031,24.0,0.033,41.4,78.32,10.97593,-4.52398,-4.27796,6e-05,-0.13427
9745.03,BTC-27SEP19,1569322746778,open,1.25,0.2,1.2135,1.3035,1.25755872,0.0,1.391,0.0,BTC-27SEP19-22000-P,9726.77,0.0,0.005,10.0,0.0,0.0,0.0,0.0,0.0,-1.7333,0.0,-1.0
10005.46,BTC-27DEC19,1569322746778,open,4.19,0.8,4.0955,4.306,4.19766653,109.13,3.59,0.0,BTC-27DEC19-52000-P,9726.77,0.0,0.001,2.0,0.0,0.0,0.0,0.52706,-0.30635,-133.6648,0.0,-0.99655
9745.03,BTC-27SEP19,1569322746778,open,0.54,289.7,0.5285,0.548,0.53822615,62.5,0.588,0.0,BTC-27SEP19-4500-C,9726.77,0.0,0.5305,11.0,0.5465,12.0,500.0,0.0,0.0,0.35454,0.0,1.0
9745.03,BTC-27SEP19,1569322746778,open,0.23,110.7,0.2075,0.2595,0.23189695,106.23,0.2165,0.0,BTC-27SEP19-12000-P,9726.77,0.0,0.2145,4.0,0.252,4.0,240.44,0.33452,-6.17864,-0.93402,4e-05,-0.98463
9745.03,BTC-27SEP19,1569322746778,open,0.0,146.6,0.0005,0.0105,0.0,115.0,0.0005,0.0,BTC-27SEP19-26000-C,9726.77,0.0,0.0,0.0,0.001,38.0,430.72,0.0,0.0,0.0,0.0,0.0
9745.03,BTC-27SEP19,1569322746778,open,0.03,141.9,0.005,0.047,0.02503448,71.41,0.025,0.0,BTC-27SEP19-9750-C,9726.77,71.31,0.025,19.5,0.027,18.5,76.96,3.44982,-42.83284,0.37191,0.00065,0.50943
9745.03,BTC-27SEP19,1569322746779,open,1.87,0.0,1.817,1.9315,1.87325655,0.0,None,0.0,BTC-27SEP19-28000-P,9726.77,0.0,0.0,0.0,0.0,0.0,0.0,0.0,0.0,-2.20601,0.0,-1.0
9745.03,BTC-27SEP19,1569322746779,open,0.0,492.7,0.0005,0.0105,0.0,115.0,0.0005,0.0,BTC-27SEP19-2000-P,9726.77,0.0,0.0,0.0,0.0005,72.4,500.0,0.0,0.0,0.0,0.0,0.0
10005.46,BTC-27DEC19,1569322746779,open,0.37,63.0,0.3485,0.398,0.37326031,79.0,0.4965,0.0,BTC-27DEC19-6500-C,9726.77,58.37,0.358,10.0,0.3865,10.0,92.62,8.95849,-3.7696,13.53365,4e-05,0.89918
10005.46,BTC-27DEC19,1569322746779,open,0.05,544.6,0.022,0.0795,0.04873264,76.65,0.05,0.0,BTC-27DEC19-14000-C,9726.77,75.57,0.047,40.3,0.0505,37.4,77.74,16.17543,-6.60369,5.21765,8e-05,0.25149
10005.46,BTC-27DEC19,1569322746778,open,0.0,485.1,0.0005,0.0105,0.00075036,97.8,0.001,0.0,BTC-27DEC19-40000-C,9726.77,94.14,0.0005,3.5,0.001,23.0,100.62,0.79209,-0.4126,0.12092,0.0,0.00545
10005.46,BTC-27DEC19,1569322746779,open,0.29,91.7,0.2625,0.3235,0.29371861,75.88,0.327,0.0,BTC-27DEC19-7500-C,9726.77,60.47,0.275,14.0,0.311,14.0,88.69,12.99648,-5.2524,13.71685,7e-05,0.82676
10005.46,BTC-27DEC19,1569322746779,open,0.15,541.5,0.1065,0.19,0.14881962,74.15,0.1495,0.0,BTC-27DEC19-10000-P,9726.77,73.23,0.147,14.4,0.152,19.9,75.75,19.88302,-7.85209,-14.76285,0.0001,-0.42486
9745.03,BTC-27SEP19,1569322746779,open,0.01,2407.3,0.0005,0.021,0.00595749,87.61,0.0065,0.0,BTC-27SEP19-9000-P,9726.77,87.82,0.006,0.9,0.0065,30.0,90.26,1.96407,-29.91681,-0.11528,0.0003,-0.14419
10005.46,BTC-27DEC19,1569322746779,open,0.01,858.7,0.001,0.0265,0.01099807,81.27,0.012,0.0,BTC-27DEC19-20000-C,9726.77,79.77,0.01,25.7,0.012,36.0,82.7,6.82705,-2.9551,1.52315,3e-05,0.07019
9745.03,BTC-27SEP19,1569322746779,open,0.0,695.0,0.0005,0.0105,0.0,115.0,0.0005,0.0,BTC-27SEP19-18000-C,9726.77,0.0,0.0,0.0,0.001,38.0,290.27,0.0,0.0,0.0,0.0,0.0
9745.03,BTC-27SEP19,1569322746779,open,0.0,489.6,0.0005,0.0105,0.00073068,92.64,0.0015,0.0,BTC-27SEP19-11500-C,9726.77,87.53,0.0005,35.1,0.001,30.3,97.45,0.49319,-7.12046,0.01808,7e-05,0.02427
9745.03,BTC-27SEP19,1569322746779,open,0.49,789.2,0.4765,0.4965,0.48691795,115.0,0.5015,0.0,BTC-27SEP19-5000-C,9726.77,0.0,0.479,10.0,0.4945,10.0,480.44,0.0,0.0,0.39393,0.0,1.0
9765.06,SYN.BTC-4OCT19,1569322746778,open,0.0,0.0,0.0005,0.0125,0.00289133,97.27,None,0.0,BTC-4OCT19-7500-P,9726.77,94.51,0.0025,30.0,0.0035,0.1,101.2,1.43646,-7.07447,-0.11827,6e-05,-0.04187
