underlying_price,underlying_index,timestamp,state,settlement_price,open_interest,min_price,max_price,mark_price,mark_iv,last_price,interest_rate,instrument_name,index_price,bid_iv,best_bid_price,best_bid_amount,best_ask_price,best_ask_amount,ask_iv,vega,theta,rho,gamma,delta
5227.72,BTC-28JUN19,1554721140049,open,0.04,33.7,0.01654778,0.0474858,0.04509257,68.25,0.0425,0.0,BTC-28JUN19-4250-P,5205.5,66.33,0.0425,9.6,0.047,2.0,69.65,7.09924,-2.99532,-2.95906,0.00017,-0.21036
5205.5,index_price,1554721140048,open,0.0,66.6,4.4e-07,0.00190221,0.00112885,104.61,0.0015,0,BTC-12APR19-4250-P,5205.5,92.09,0.0005,20.5,0.0015,7.9,109.99,0.32899,-4.43989,-0.01526,0.00011,-0.02648
5205.5,index_price,1554721140048,open,0.01,261.9,0.00074357,0.01425876,0.00674978,86.59,0.006,0,BTC-12APR19-4750-P,5205.5,78.63,0.005,20.0,0.008,10.0,91.83,1.20615,-13.47442,-0.08229,0.00048,-0.14212
5227.72,BTC-28JUN19,1554721140050,open,0.01,337.9,7.266e-05,0.00320727,0.00695431,84.87,0.0075,0.0,BTC-28JUN19-11000-C,5205.5,81.56,0.0055,20.0,0.009,12.0,88.88,2.46501,-1.29331,0.47785,5e-05,0.04821
5227.72,BTC-28JUN19,1554721140050,open,0.44,47.2,0.42668036,0.432682,0.4336352,77.26,0.455,0.0,BTC-28JUN19-3000-C,5205.5,0.0,0.06,10.0,0.0,0.0,0.0,2.27964,-1.0889,6.05382,5e-05,0.95626
5254.77,BTC-27SEP19,1554721140050,open,0.38,322.6,0.35459489,0.39242357,0.37234936,67.15,0.37,0.0,BTC-27SEP19-3500-C,5205.5,52.66,0.353,3.0,0.385,3.5,75.4,7.74931,-1.51375,12.23972,9e-05,0.867
5254.77,BTC-27SEP19,1554721140050,open,0.03,775.5,0.00843946,0.04385917,0.02868376,71.0,0.0315,0.0,BTC-27SEP19-10000-C,5205.5,69.55,0.0265,10.0,0.0315,42.0,72.8,8.0543,-1.66359,2.7725,9e-05,0.14073
5254.77,BTC-27SEP19,1554721140052,open,0.04,283.0,0.02065639,0.05848508,0.03855032,67.24,0.0375,0.0,BTC-27SEP19-3500-P,5205.5,64.81,0.035,22.0,0.0415,10.0,69.22,7.75721,-1.51743,-4.24983,9e-05,-0.1332
5205.5,index_price,1554721140050,open,0.0,295.4,0.0,0.0,1.47e-06,110.02,0.0005,0,BTC-26APR19-2000-P,5205.5,0.0,0.0,0.0,0.0005,76.4,174.22,0.00126,-0.00387,-7e-05,0.0,-3e-05
5227.72,BTC-28JUN19,1554721140052,open,0.27,460.6,0.24790353,0.27442356,0.26725043,68.94,0.285,0.0,BTC-28JUN19-4000-C,5205.5,0.0,0.15,5.0,0.285,7.0,83.48,6.03132,-2.57077,6.61354,0.00014,0.8382
5227.72,BTC-28JUN19,1554721140052,open,0.35,147.1,0.33395593,0.34873789,0.34695711,72.71,0.362,0.0,BTC-28JUN19-3500-C,5205.5,0.0,0.0,0.0,0.376,5.2,103.83,3.98207,-1.79,6.52689,9e-05,0.91042
5254.77,BTC-27SEP19,1554721140052,open,0.02,642.3,0.00456824,0.03193533,0.022182,73.15,0.021,0.0,BTC-27SEP19-11000-C,5205.5,71.42,0.02,10.0,0.025,42.0,75.25,6.82783,-1.45289,2.1996,7e-05,0.11108
5205.5,index_price,1554721140050,open,0.0,3043.5,1.9e-07,0.00016795,0.00080785,96.51,0.001,0,BTC-26APR19-3250-P,5205.5,0.0,0.0,0.0,0.0015,16.9,105.65,0.31711,-0.856,-0.02852,2e-05,-0.01038
5205.5,index_price,1554721140049,open,0.0,55.5,1.212e-05,0.00499836,0.00208097,94.57,0.004,0,BTC-12APR19-6125-C,5205.5,82.73,0.001,20.0,0.0035,26.9,105.63,0.57565,-7.02302,0.0279,0.00021,0.05256
5229.01,BTC-28JUN19,1554721140052,open,1.65,1.3,1.67737224,1.67782032,1.68147746,97.23,2.415,0.0,BTC-28JUN19-14000-P,5205.5,0.0,0.0,0.0,0.0,0.0,0.0,1.54568,-0.92911,-30.75276,3e-05,-0.97276
5254.77,BTC-27SEP19,1554721140050,open,1.66,0.0,1.66666845,1.80144023,1.69645995,78.22,None,0.0,BTC-27DEC19-14000-P,5205.5,0.0,0.0,0.0,0.0,0.0,0.0,9.2436,-1.37521,-97.27045,6e-05,-0.87376
5254.77,BTC-27SEP19,1554721140053,open,0.06,87.3,0.04299365,0.09337776,0.06557793,66.05,0.059,0.0,BTC-27SEP19-4000-P,5205.5,64.2,0.062,10.0,0.0685,11.0,67.55,10.20566,-1.96102,-6.66234,0.00012,-0.20367
5229.01,BTC-28JUN19,1554721140053,open,0.0,365.6,3.1e-07,0.00023768,0.00243335,95.68,0.002,0.0,BTC-28JUN19-15000-C,5205.5,93.38,0.002,15.5,0.003,8.0,98.31,1.04987,-0.62104,0.17147,2e-05,0.01723
5205.5,index_price,1554721140049,open,0.03,40.3,0.00903837,0.04812211,0.02701684,82.08,0.03,0,BTC-19APR19-5625-C,5205.5,78.78,0.025,16.0,0.0305,10.0,87.69,3.2005,-12.07742,0.44974,0.00048,0.31697
5254.77,BTC-27SEP19,1554721140048,open,1.29,0.0,1.28981333,1.45177856,1.32075368,72.34,None,0.0,BTC-27DEC19-12000-P,5205.5,0.0,0.0,0.0,0.0,0.0,0.0,10.38029,-1.42834,-82.16689,7e-05,-0.85037
5205.5,index_price,1554721140049,open,0.04,20.5,0.01760927,0.05934883,0.03824028,82.7,0.0355,0,BTC-19APR19-5000-P,5205.5,75.34,0.0335,16.0,0.04,10.0,85.41,3.36755,-12.80327,-0.62055,0.0005,-0.36184
5205.5,index_price,1554721140050,open,0.38,23.7,0.37566055,0.37582831,0.37633865,94.25,0.1875,0,BTC-26APR19-3250-C,5205.5,0.0,0.0,0.0,0.0,0.0,0.0,0.28199,-0.74343,1.56681,2e-05,0.99093
5205.5,index_price,1554721140050,open,0.0,84.0,3.332e-05,0.00581571,0.00254696,93.44,0.0025,0,BTC-12APR19-4500-P,5205.5,83.63,0.0015,51.1,0.003,2.3,97.01,0.63306,-7.63111,-0.03418,0.00024,-0.05929
5254.77,BTC-27SEP19,1554721140049,open,1.48,0.0,1.47779317,1.62552749,1.507062,74.71,None,0.0,BTC-27DEC19-13000-P,5205.5,0.0,0.0,0.0,0.0,0.0,0.0,9.59137,-1.363,-89.84096,6e-05,-0.86684
5205.5,index_price,1554721140049,open,0.0,23.8,5.5e-07,0.00233591,0.00097462,98.72,0.0015,0,BTC-12APR19-6375-C,5205.5,0.0,0.0,0.0,0.002,6.9,111.67,0.32501,-4.13916,0.01389,0.00011,0.0261
5205.5,index_price,1554721140053,open,0.43,4.9,0.42368649,0.42372065,0.42410291,102.22,0.3695,0,BTC-26APR19-3000-C,5205.5,0.0,0.0,0.0,0.0,0.0,0.0,0.17828,-0.50973,1.45442,1e-05,0.9946
5254.77,BTC-27SEP19,1554721140057,open,0.13,697.3,0.09634629,0.16726359,0.12563987,64.79,0.1255,0.0,BTC-27SEP19-6000-C,5205.5,62.9,0.1205,5.0,0.1285,0.5,65.83,14.34396,-2.70334,8.5134,0.00017,0.46969
5205.5,index_price,1554721140087,open,0.04,175.7,0.02634195,0.05118294,0.04357796,70.92,0.042,0,BTC-26APR19-5000-P,5205.5,65.42,0.039,29.1,0.045,2.0,72.62,4.34482,-8.61868,-1.05123,0.00046,-0.36877
5254.77,BTC-27SEP19,1554721140088,open,0.1,18.2,0.07622544,0.13667628,0.10164235,65.02,0.094,0.0,BTC-27SEP19-4500-P,5205.5,63.45,0.098,5.0,0.1065,7.0,67.1,12.22418,-2.31209,-9.54563,0.00014,-0.28413
5253.48,BTC-27SEP19,1554721140091,open,0.12,26.0,0.09710367,0.16137452,0.12429485,65.0,0.12,0.0,BTC-27SEP19-4750-P,5205.5,63.26,0.12,5.0,0.1285,7.0,66.7,13.00357,-2.4588,-11.15821,0.00015,-0.32676
5205.5,index_price,1554721140093,open,0.03,1.4,0.01076135,0.04893505,0.02930553,83.12,0.038,0,BTC-19APR19-4875-P,5205.5,75.86,0.025,16.0,0.0305,10.3,85.11,3.11678,-11.91024,-0.50833,0.00046,-0.29843
5227.72,BTC-28JUN19,1554721140099,open,0.08,33.9,0.04286464,0.0843829,0.07956293,67.15,0.079,0.0,BTC-28JUN19-4750-P,5205.5,64.74,0.0755,9.6,0.0815,1.5,68.3,8.82657,-3.66424,-4.65518,0.00022,-0.32232
5205.5,index_price,1554721140111,open,0.02,290.0,0.01208896,0.03249516,0.02649875,71.72,0.0295,0,BTC-26APR19-4750-P,5205.5,67.46,0.0235,32.3,0.028,2.0,73.82,3.70526,-7.43271,-0.7197,0.00039,-0.25581
5228.79,BTC-28JUN19,1554721140146,open,0.08,33.9,0.0427969,0.08429929,0.07956293,67.2,0.079,0.0,BTC-28JUN19-4750-P,5205.5,64.79,0.0755,9.6,0.081,1.5,68.05,8.82617,-3.66673,-4.65388,0.00022,-0.32213
5254.67,BTC-27SEP19,1554721140155,open,0.0,2076.3,1.804e-05,0.00109258,0.00194548,86.7,0.005,0.0,BTC-27SEP19-1500-P,5205.5,72.7,0.0005,43.8,0.0025,15.0,90.06,0.79844,-0.20137,-0.24839,1e-05,-0.00809
5228.79,BTC-28JUN19,1554721140172,open,1.84,2.0,1.86873284,1.86897013,1.87186283,98.86,2.658,0.0,BTC-28JUN19-15000-P,5205.5,0.0,0.0,0.0,0.0,0.0,0.0,1.24611,-0.76163,-33.0286,2e-05,-0.97892
5228.79,BTC-28JUN19,1554721140174,open,0.0,311.4,1.19e-06,0.0004491,0.00334328,94.47,0.005,0.0,BTC-28JUN19-14000-C,5205.5,88.34,0.002,32.0,0.004,6.9,96.87,1.34947,-0.78819,0.2297,2e-05,0.02317
5205.5,index_price,1554721140157,open,0.06,3.0,0.030462,0.07520011,0.05218724,81.56,0.0655,0,BTC-19APR19-5250-C,5205.5,78.38,0.05,12.0,0.056,10.0,87.1,3.58454,-13.44069,0.70073,0.00054,0.50396
5205.5,index_price,1554721140196,open,0.48,10.2,0.47171261,0.47171754,0.47184412,103.46,0.006,0,BTC-26APR19-2750-C,5205.5,0.0,0.0,0.0,0.0,0.0,0.0,0.06826,-0.19753,1.34173,0.0,0.99814
5205.5,index_price,1554721140196,open,0.0,47.2,0.0,7.5e-07,3.2e-07,110.05,0.0015,0,BTC-12APR19-3250-P,5205.5,0.0,0.0,0.0,0.001,16.9,213.56,0.0003,-0.00166,-1e-05,0.0,-1e-05
5205.5,index_price,1554721140182,open,0.05,33.4,0.04108048,0.06604051,0.05363612,83.74,0.0485,0,BTC-12APR19-5375-P,5205.5,73.01,0.0495,12.0,0.056,12.0,89.78,2.02773,-21.90502,-0.37711,0.00084,-0.62862
5205.5,index_price,1554721140199,open,0.1,229.2,0.08824717,0.10176236,0.09406402,85.77,0.1125,0,BTC-12APR19-4750-C,5205.5,80.99,0.093,4.0,0.0995,4.0,107.05,1.19401,-13.21231,0.42335,0.00048,0.85998
5205.5,index_price,1554721140201,open,0.06,949.8,0.040166,0.06664602,0.05703697,69.11,0.0585,0,BTC-26APR19-5250-C,5205.5,67.37,0.0555,12.0,0.0625,12.0,75.3,4.59477,-8.88211,1.15044,0.0005,0.5083
5205.5,index_price,1554721140219,open,0.12,888.2,0.09959256,0.11999877,0.11381299,71.45,0.134,0,BTC-26APR19-4750-C,5205.5,69.6,0.1125,4.0,0.12,4.0,80.0,3.70075,-7.3961,1.60859,0.00039,0.74479
5205.5,index_price,1554721140221,open,0.08,0.7,0.07063688,0.11268082,0.09067549,82.07,0.0865,0,BTC-19APR19-5500-P,5205.5,72.55,0.0845,12.0,0.094,12.0,87.13,3.4084,-12.86088,-1.10944,0.00051,-0.62461
5253.48,BTC-27SEP19,1554721140234,open,0.05,10.3,0.03055705,0.07490915,0.05088168,66.55,0.061,0.0,BTC-27SEP19-3750-P,5205.5,64.57,0.0475,10.0,0.054,10.0,68.36,9.0147,-1.74529,-5.3871,0.0001,-0.16688
5205.5,index_price,1554721140236,open,0.08,6.0,0.0821418,0.09958086,0.09028292,86.04,0.0965,0,BTC-12APR19-5625-P,5205.5,65.69,0.085,4.0,0.092,4.0,91.79,1.5165,-16.83212,-0.49027,0.00061,-0.7967
5205.5,index_price,1554721140238,open,0.08,7.1,0.05708675,0.0988263,0.07751843,82.39,0.0725,0,BTC-19APR19-5000-C,5205.5,78.49,0.075,12.0,0.0835,12.0,91.6,3.36661,-12.752,0.87004,0.00051,0.63845
5205.5,index_price,1554721140258,open,0.06,148.9,0.04574386,0.06870029,0.05793488,86.1,0.0665,0,BTC-12APR19-5000-C,5205.5,80.73,0.056,12.0,0.0625,12.0,98.51,1.89005,-20.99415,0.34985,0.00076,0.69088
5205.5,index_price,1554721140282,open,0.0,1118.2,0.0,3.417e-05,0.00053602,105.41,0.001,0,BTC-26APR19-3000-P,5205.5,0.0,0.0,0.0,0.001,16.9,114.45,0.21268,-0.62704,-0.01815,2e-05,-0.00658
5205.5,index_price,1554721140293,open,0.1,0.0,0.105153,0.11854281,0.11161552,89.84,None,0,BTC-12APR19-5750-P,5205.5,54.44,0.1055,4.0,0.113,4.0,95.37,1.26125,-14.61883,-0.53047,0.00049,-0.84809
5205.5,index_price,1554721140303,open,0.12,0.0,0.11628918,0.13790525,0.12980486,69.5,None,0,BTC-26APR19-5750-P,5205.5,60.13,0.123,4.0,0.132,4.0,72.4,3.90674,-7.59412,-2.15537,0.00042,-0.71565
5205.5,index_price,1554721140321,open,0.0,259.9,0.0,2e-08,1.157e-05,110.03,0.0005,0,BTC-26APR19-2250-P,5205.5,0.0,0.0,0.0,0.001,16.9,167.94,0.00795,-0.02445,-0.00049,0.0,-0.00018
5228.79,BTC-28JUN19,1554721140366,open,2.79,0.4,2.82497672,2.82498831,2.82711433,114.61,5.076,0.0,BTC-28JUN19-20000-P,5205.5,0.0,0.0,0.0,0.0,0.0,0.0,0.841,-0.59589,-44.18598,1e-05,-0.98669
5253.48,BTC-27SEP19,1554721140428,open,0.08,7.6,0.05828431,0.11410752,0.08286764,65.66,0.0885,0.0,BTC-27SEP19-4250-P,5205.5,63.63,0.0785,5.0,0.0865,5.0,67.35,11.2905,-2.15676,-8.06886,0.00013,-0.2433
5254.67,BTC-27SEP19,1554721140464,open,0.12,26.0,0.09700838,0.16126474,0.12429485,65.04,0.12,0.0,BTC-27SEP19-4750-P,5205.5,63.3,0.12,5.0,0.128,5.0,66.54,13.00356,-2.46036,-11.15622,0.00015,-0.32657
5254.67,BTC-27SEP19,1554721140625,open,0.12,26.0,0.09700838,0.16126474,0.12429485,65.04,0.12,0.0,BTC-27SEP19-4750-P,5205.5,63.3,0.12,5.0,0.1285,7.0,66.74,13.00356,-2.46036,-11.15622,0.00015,-0.32657
5253.48,BTC-27SEP19,1554721140760,open,0.08,7.6,0.05828431,0.11410752,0.08286764,65.66,0.0885,0.0,BTC-27SEP19-4250-P,5205.5,63.63,0.0785,5.0,0.087,19.5,67.58,11.2905,-2.15676,-8.06886,0.00013,-0.2433
5254.77,BTC-27SEP19,1554721140762,open,0.07,51.4,0.02663224,0.23588911,0.06407891,65.96,0.07,0.0,BTC-27DEC19-9000-C,5205.5,65.18,0.062,10.5,0.068,10.0,67.41,14.10484,-1.76954,6.95326,0.00011,0.24781
189.71,ETH-27SEP19,1554721140777,open,0.05,472.0,0.021622,0.121993,0.046013,78.45,0.036,0.0,ETH-27SEP19-120-P,178.01,72.83,0.038,340.0,0.056,340.0,85.11,0.27741,-0.06331,-0.15847,0.00209,-0.13138
189.71,ETH-27SEP19,1554721140777,open,0.51,0.0,0.480477,0.550834,0.495461,79.2,None,0.0,ETH-27SEP19-100-C,178.01,0.0,0.0,0.0,0.0,0.0,0.0,0.18153,-0.04182,0.38503,0.00135,0.92646
189.71,ETH-27SEP19,1554721140778,open,0.08,169.0,0.034141,0.192786,0.068832,76.78,0.084,0.0,ETH-27SEP19-300-C,178.01,75.53,0.066,48.0,0.088,264.0,84.92,0.43212,-0.09651,0.18159,0.00332,0.27211
178.01,index_price,1554721140777,open,0.06,461.0,0.044044,0.092176,0.063002,87.54,0.055,0.2,ETH-19APR19-180-P,178.01,67.2,0.049,50.0,0.068,60.0,94.8,0.12248,-0.43962,-0.02899,0.01482,-0.48348
186.07,ETH-28JUN19,1554721140781,open,0.26,484.0,0.226187,0.304229,0.241891,72.01,0.201,0.0,ETH-28JUN19-150-C,178.01,0.0,0.19,2.0,0.43,20.0,198.73,0.25268,-0.11249,0.22583,0.00457,0.78965
189.7,ETH-27SEP19,1554721140788,open,0.63,0.0,0.615578,0.774216,0.650777,77.0,None,0.0,ETH-27SEP19-300-P,178.01,0.0,0.002,1.0,0.682,1.0,90.03,0.43293,-0.09698,-1.23059,0.00332,-0.72683
189.7,ETH-27SEP19,1554721140789,open,0.63,0.0,0.615578,0.774216,0.650777,77.0,None,0.0,ETH-27SEP19-300-P,178.01,0.0,0.002,1.0,0.682,2.0,90.03,0.43293,-0.09698,-1.23059,0.00332,-0.72683
189.7,ETH-27SEP19,1554721140790,open,0.46,0.0,0.431366,0.603256,0.47341,76.94,None,0.0,ETH-27SEP19-260-P,178.01,0.0,0.013,1.0,0.508,1.0,90.04,0.49131,-0.10997,-0.98606,0.00377,-0.63045
189.71,ETH-27SEP19,1554721140791,open,0.3,0.0,0.26705,0.443331,0.313264,76.95,None,0.0,ETH-27SEP19-220-P,178.01,0.0,0.001,50.0,0.349,1.0,90.01,0.51928,-0.11624,-0.73239,0.00398,-0.50658
189.7,ETH-27SEP19,1554721140792,open,0.91,0.0,0.912121,1.045545,0.946797,82.57,None,0.0,ETH-27SEP19-360-P,178.01,0.0,0.0,0.0,0.962,1.0,90.13,0.36265,-0.0871,-1.56184,0.00259,-0.80163
5254.67,BTC-27SEP19,1554721140879,open,0.13,697.3,0.09633991,0.167257,0.12563987,64.79,0.1255,0.0,BTC-27SEP19-6000-C,5205.5,62.9,0.1205,5.0,0.129,5.1,66.02,14.34366,-2.70338,8.513,0.00017,0.46969
5254.67,BTC-27SEP19,1554721140923,open,0.29,9.9,0.23788084,0.43705111,0.27850495,64.07,0.283,0.0,BTC-27DEC19-4500-C,5205.5,60.27,0.2675,10.0,0.291,10.0,68.38,15.23397,-1.85639,16.37659,0.00012,0.71124
5254.67,BTC-27SEP19,1554721141048,open,0.03,16.5,0.01320677,0.04434127,0.02849604,68.09,0.0225,0.0,BTC-27SEP19-3250-P,5205.75,65.61,0.0255,12.0,0.0315,10.0,70.48,6.48799,-1.28509,-3.26572,7e-05,-0.10348
5205.75,index_price,1554721141048,open,0.17,12.4,0.15958767,0.16300894,0.16151104,101.59,0.16,0,BTC-12APR19-4375-C,5205.75,0.0,0.0015,0.5,0.227,0.1,352.18,0.49333,-6.4656,0.43953,0.00017,0.95666
5254.92,BTC-27SEP19,1554721141048,open,0.37,0.0,0.32905578,0.56260728,0.37603237,64.17,None,0.0,BTC-27DEC19-6500-P,5205.75,0.0,0.0,0.0,0.0,0.0,0.0,17.66738,-2.15634,-34.93482,0.00014,-0.54704
5254.92,BTC-27SEP19,1554721141048,open,1.11,0.0,1.1032592,1.28058575,1.13386994,68.99,None,0.0,BTC-27DEC19-11000-P,5205.75,0.0,0.0,0.0,0.0,0.0,0.0,11.12412,-1.45962,-74.46737,8e-05,-0.83376
5205.75,index_price,1554721141048,open,0.0,30.0,2.72e-06,0.00344523,0.00144319,96.9,0.001,0,BTC-12APR19-6250-C,5205.75,81.97,0.0005,21.0,0.0025,6.9,107.5,0.43821,-5.47812,0.01991,0.00016,0.03746
5254.92,BTC-27SEP19,1554721141053,open,0.91,2.0,0.91141948,0.94684173,0.93217663,71.33,1.8325,0.0,BTC-27SEP19-10000-P,5205.75,0.0,0.0015,25.0,0.0,0.0,0.0,8.11829,-1.68465,-44.28861,9e-05,-0.85762
5254.92,BTC-27SEP19,1554721141048,open,0.09,12.8,0.04379084,0.26700428,0.08281107,64.09,0.0905,0.0,BTC-27DEC19-8000-C,5205.75,63.82,0.082,10.0,0.0885,10.0,65.98,15.69431,-1.91307,8.53213,0.00012,0.30825
5205.75,index_price,1554721141048,open,0.38,0.0,0.37569034,0.37569109,0.37550592,0.0,None,0,BTC-12APR19-3250-C,5205.75,0.0,0.001,20.0,0.0,0.0,0.0,0.0,0.0,0.3451,0.0,1.0
5205.75,index_price,1554721141048,open,0.0,138.8,0.0,2.95e-06,1.42e-06,110.07,0.0005,0,BTC-12APR19-3375-P,5205.75,0.0,0.0,0.0,0.001,17.3,198.29,0.00116,-0.0074,-3e-05,0.0,-5e-05
5205.75,index_price,1554721141049,open,0.0,41.5,0.0,1.019e-05,5.43e-06,110.08,0.0005,0,BTC-12APR19-3500-P,5205.75,0.0,0.0,0.0,0.001,16.9,183.49,0.00383,-0.02828,-0.00011,0.0,-0.00019
5205.75,index_price,1554721141048,open,0.07,73.7,0.05361161,0.09764293,0.07509969,82.07,0.106,0,BTC-19APR19-5375-P,5205.75,73.82,0.0695,12.0,0.0785,12.0,87.06,3.54208,-13.36492,-0.98759,0.00053,-0.56159
5254.92,BTC-27SEP19,1554721141049,open,0.03,0.5,0.00242288,0.13719959,0.03165066,77.9,0.0385,0.0,BTC-27DEC19-14000-C,5205.75,73.86,0.025,2.0,0.031,10.0,77.52,9.16513,-1.3579,3.5218,6e-05,0.12471
5205.75,index_price,1554721141048,open,0.05,15.6,0.02109948,0.0651308,0.04228203,81.62,0.051,0,BTC-19APR19-5375-C,5205.75,78.26,0.04,12.0,0.046,10.0,87.08,3.54118,-13.28842,0.61345,0.00054,0.43777
5254.92,BTC-27SEP19,1554721141049,open,0.04,13.4,0.00385112,0.15159048,0.03259599,74.42,0.047,0.0,BTC-27DEC19-13000-C,5205.75,69.01,0.0235,10.5,0.035,10.0,75.73,9.51986,-1.3476,3.75127,6e-05,0.13171
5205.75,index_price,1554721141048,open,0.01,9.3,0.00040028,0.00634443,0.00532185,76.87,0.004,0,BTC-26APR19-6750-C,5205.75,72.32,0.004,69.1,0.007,20.0,81.87,1.62497,-3.49392,0.17675,0.00016,0.07465
5205.75,index_price,1554721141048,open,0.02,5.4,0.00335034,0.03494484,0.01793195,85.02,0.0185,0,BTC-19APR19-5875-C,5205.75,82.24,0.0165,1.0,0.02,10.0,88.95,2.70466,-10.5723,0.3234,0.00039,0.22643
5228.79,BTC-28JUN19,1554721141078,open,0.04,1353.1,0.0140143,0.04643094,0.03704379,68.64,0.039,0.0,BTC-28JUN19-7000-C,5205.75,67.55,0.0355,9.6,0.039,19.3,70.0,7.45956,-3.16536,2.22658,0.00018,0.22923
5254.67,BTC-27SEP19,1554721141096,open,0.1,18.2,0.07623208,0.13668438,0.10163994,65.01,0.094,0.0,BTC-27SEP19-4500-P,5205.75,63.45,0.098,5.0,0.1065,5.0,67.1,12.22418,-2.31194,-9.54567,0.00014,-0.28414
5254.67,BTC-27SEP19,1554721141099,open,0.12,26.0,0.09700838,0.16126474,0.12423458,65.02,0.12,0.0,BTC-27SEP19-4750-P,5205.75,63.3,0.12,5.0,0.128,2.0,66.54,13.00356,-2.45944,-11.15472,0.00015,-0.32657
5229.04,BTC-28JUN19,1554721141108,open,0.1,187.6,0.07137256,0.11623498,0.10144407,66.76,0.0925,0.0,BTC-28JUN19-5000-P,5205.75,64.56,0.0975,5.0,0.103,1.8,67.62,9.3885,-3.87483,-5.60391,0.00023,-0.38222
5205.75,index_price,1554721141292,open,0.12,237.8,0.11173929,0.12088716,0.11525887,87.07,0.111,0,BTC-12APR19-4625-C,5205.75,0.0,0.0005,10.0,0.1995,0.1,354.1,0.84501,-9.49185,0.44129,0.00034,0.9136
5205.75,index_price,1554721141381,open,0.15,4.0,0.13708123,0.16039006,0.14666873,83.96,0.1585,0,BTC-19APR19-4500-C,5205.75,0.0,0.0005,20.0,0.0,0.0,0.0,2.0058,-7.74255,1.10555,0.0003,0.85941
5254.67,BTC-27SEP19,1554721141463,open,0.1,18.2,0.07623208,0.13668438,0.10163994,65.01,0.094,0.0,BTC-27SEP19-4500-P,5205.75,63.66,0.0985,5.0,0.1065,5.0,67.1,12.22418,-2.31194,-9.54567,0.00014,-0.28414
5254.92,BTC-27SEP19,1554721141634,open,0.13,697.3,0.09635586,0.16727346,0.12562622,64.78,0.1255,0.0,BTC-27SEP19-6000-C,5205.75,62.9,0.1205,5.0,0.129,5.6,66.01,14.34437,-2.70306,8.51393,0.00017,0.46969
5205.75,index_price,1554721141760,open,0.0,376.6,0.0,8.508e-05,5.366e-05,110.09,0.0005,0,BTC-12APR19-3750-P,5205.75,0.0,0.0,0.0,0.001,16.9,155.16,0.02774,-0.27932,-0.00091,1e-05,-0.0016
189.73,ETH-27SEP19,1554721141778,open,0.54,0.0,0.521378,0.687358,0.560299,77.02,None,0.0,ETH-27SEP19-280-P,177.96,0.0,0.002,1.0,0.594,2.0,90.33,0.46464,-0.10411,-1.10951,0.00356,-0.68156
189.73,ETH-27SEP19,1554721141778,open,0.24,432.0,0.185842,0.349694,0.228978,76.74,0.244,0.0,ETH-27SEP19-180-C,177.96,79.09,0.235,3.0,0.246,178.0,83.4,0.48624,-0.10855,0.36882,0.00374,0.6418
189.73,ETH-27SEP19,1554721141778,open,0.16,490.0,0.107421,0.2837,0.153104,76.76,0.167,0.0,ETH-27SEP19-220-C,177.96,71.97,0.14,36.0,0.171,209.0,83.29,0.51932,-0.11596,0.30363,0.00399,0.49295
177.96,index_price,1554721141777,open,0.09,499.0,0.080052,0.125934,0.097876,88.16,0.09,0.2,ETH-19APR19-190-P,177.96,63.22,0.082,60.0,0.103,60.0,95.93,0.11662,-0.40232,-0.03826,0.01402,-0.6236
189.73,ETH-27SEP19,1554721141781,open,0.72,0.0,0.712195,0.862718,0.749687,79.81,None,0.0,ETH-27SEP19-320-P,177.96,0.0,0.002,1.0,0.773,1.0,90.05,0.41201,-0.09565,-1.3416,0.00305,-0.75196
186.03,ETH-28JUN19,1554721141787,open,0.26,484.0,0.22606,0.304134,0.241952,72.14,0.201,0.0,ETH-28JUN19-150-C,177.96,0.0,0.19,2.0,0.431,20.0,199.46,0.25292,-0.11281,0.22558,0.00457,0.78922
189.68,ETH-27SEP19,1554721141794,open,0.72,0.0,0.712609,0.863096,0.749687,79.62,None,0.0,ETH-27SEP19-320-P,177.96,0.0,0.002,1.0,0.774,1.0,90.31,0.41097,-0.09519,-1.34218,0.00305,-0.753
5205.75,index_price,1554721141842,open,0.02,166.1,0.00387521,0.02545145,0.01395535,83.41,0.015,0,BTC-12APR19-5500-C,5205.75,80.61,0.013,26.0,0.0165,30.0,90.69,1.791,-19.27254,0.14448,0.00075,0.27534
5205.75,index_price,1554721141844,open,0.06,949.8,0.04018767,0.06666761,0.05701859,69.07,0.0585,0,BTC-26APR19-5250-C,5205.75,67.34,0.0555,22.6,0.0625,12.0,75.28,4.59497,-8.87666,1.15078,0.0005,0.50839
5254.67,BTC-27SEP19,1554721141860,open,0.23,11.0,0.19305057,0.25730692,0.22010987,64.95,0.2335,0.0,BTC-27SEP19-4750-C,5205.75,62.48,0.214,7.2,0.2255,13.4,67.13,13.00354,-2.45688,11.21683,0.00015,0.67343
5205.75,index_price,1554721141876,open,0.01,180.2,0.00155723,0.01900536,0.00946342,85.21,0.0105,0,BTC-12APR19-5625-C,5205.75,81.82,0.0085,16.4,0.011,10.0,90.4,1.50599,-16.55426,0.10584,0.00061,0.20093
5254.92,BTC-27SEP19,1554721141879,open,0.14,18.2,0.12044306,0.18763108,0.14867172,64.87,0.159,0.0,BTC-27SEP19-5000-P,5205.75,63.46,0.145,5.0,0.153,7.0,66.55,13.60413,-2.56746,-12.81177,0.00016,-0.36908
5254.92,BTC-27SEP19,1554721141882,open,0.14,20.8,0.09211973,0.32567123,0.13875727,64.07,0.143,0.0,BTC-27DEC19-6500-C,5205.75,62.06,0.132,5.0,0.14,5.0,64.44,17.66519,-2.15269,11.87586,0.00014,0.45255
5254.92,BTC-27SEP19,1554721141886,open,0.06,74.1,0.03081187,0.18035215,0.05867698,64.79,0.0535,0.0,BTC-27DEC19-3500-P,5205.75,63.21,0.0555,10.0,0.0615,12.0,66.17,10.63899,-1.31099,-8.09721,8e-05,-0.15527
5254.92,BTC-27SEP19,1554721141891,open,0.12,20.1,0.07198031,0.30424111,0.11667199,64.07,0.121,0.0,BTC-27DEC19-7000-C,5205.75,62.8,0.1125,10.0,0.1185,10.0,64.63,17.22002,-2.0986,10.69199,0.00014,0.39918
5205.75,index_price,1554721141900,open,0.02,166.1,0.00387521,0.02545145,0.01395535,83.41,0.015,0,BTC-12APR19-5500-C,5205.75,80.61,0.013,26.0,0.016,10.0,89.27,1.791,-19.27254,0.14448,0.00075,0.27534
5205.75,index_price,1554721141912,open,0.04,1020.7,0.0225872,0.04772871,0.03840215,69.1,0.047,0,BTC-26APR19-5500-C,5205.75,67.44,0.037,6.0,0.0425,16.0,73.91,4.41541,-8.53349,0.89267,0.00048,0.38854
5254.67,BTC-27SEP19,1554721141914,open,0.05,931.9,0.0289736,0.08459901,0.05464985,67.02,0.056,0.0,BTC-27SEP19-8000-C,5205.75,66.02,0.0525,10.0,0.0585,23.8,68.78,11.38462,-2.21958,4.75907,0.00013,0.24698
5205.75,index_price,1554721141928,open,0.04,1020.7,0.0225872,0.04772871,0.03840215,69.1,0.047,0,BTC-26APR19-5500-C,5205.75,67.44,0.037,19.4,0.0425,16.0,73.91,4.41541,-8.53349,0.89267,0.00048,0.38854
177.96,index_price,1554721141938,open,0.07,296.0,0.038743,0.086879,0.057681,87.51,0.053,0.2,ETH-19APR19-180-C,177.96,76.35,0.05,51.0,0.07,60.0,105.42,0.12245,-0.53732,0.02429,0.01483,0.51576
177.96,index_price,1554721141940,open,0.07,296.0,0.038743,0.086879,0.057681,87.51,0.053,0.2,ETH-19APR19-180-C,177.96,76.35,0.05,111.0,0.07,60.0,105.42,0.12245,-0.53732,0.02429,0.01483,0.51576
177.96,index_price,1554721141958,open,0.06,461.0,0.044196,0.092332,0.062908,87.18,0.055,0.2,ETH-19APR19-180-P,177.96,66.98,0.049,50.0,0.067,60.0,93.13,0.12246,-0.43744,-0.02902,0.01489,-0.4844
177.96,index_price,1554721141965,open,0.02,0.0,0.00299,0.033951,0.015885,95.75,None,0.2,ETH-19APR19-210-C,177.96,82.14,0.01,171.0,0.021,80.0,106.23,0.08299,-0.38219,0.00916,0.00919,0.18864
177.96,index_price,1554721141973,open,0.09,499.0,0.080052,0.125934,0.097876,88.16,0.09,0.2,ETH-19APR19-190-P,177.96,59.91,0.08,60.0,0.103,60.0,95.93,0.11662,-0.40232,-0.03826,0.01402,-0.6236
177.96,index_price,1554721141981,open,0.09,499.0,0.080052,0.125934,0.097835,88.16,0.09,0.2,ETH-19APR19-190-P,177.96,59.91,0.08,60.0,0.102,60.0,94.42,0.11662,-0.40232,-0.03826,0.01402,-0.6236
177.96,index_price,1554721141988,open,0.13,99.0,0.125135,0.164392,0.139397,88.88,0.1,0.2,ETH-19APR19-200-P,177.96,51.63,0.122,20.0,0.144,20.0,96.86,0.09951,-0.3208,-0.04667,0.01186,-0.74068
177.96,index_price,1554721141997,open,0.13,99.0,0.125135,0.164392,0.139397,88.88,0.1,0.2,ETH-19APR19-200-P,177.96,51.63,0.122,20.0,0.142,20.0,93.39,0.09951,-0.3208,-0.04667,0.01186,-0.74068
177.96,index_price,1554721142003,open,0.1,55.0,0.070374,0.114579,0.088287,89.04,0.073,0.2,ETH-19APR19-170-C,177.96,72.62,0.078,60.0,0.099,60.0,105.89,0.11252,-0.51636,0.03033,0.01339,0.66033
177.96,index_price,1554721142013,open,0.1,55.0,0.070374,0.114579,0.088287,89.04,0.073,0.2,ETH-19APR19-170-C,177.96,75.86,0.08,60.0,0.099,60.0,105.89,0.11252,-0.51636,0.03033,0.01339,0.66033
177.96,index_price,1554721142023,open,0.05,61.0,0.01874,0.064622,0.036821,88.52,0.06,0.2,ETH-19APR19-190-C,177.96,78.05,0.03,66.0,0.048,80.0,105.4,0.11669,-0.5081,0.01805,0.01397,0.37713
177.96,index_price,1554721142038,open,0.14,217.0,0.113182,0.148049,0.126009,89.14,0.148,0.2,ETH-19APR19-160-C,177.96,72.08,0.118,20.0,0.136,20.0,108.38,0.08848,-0.42737,0.03522,0.01052,0.79019
5254.92,BTC-27SEP19,1554721142048,open,0.34,0.0,0.31689427,0.36122042,0.3370491,66.46,None,0.0,BTC-27SEP19-3750-C,5204.81,53.74,0.3165,3.0,0.349,3.0,73.28,9.00584,-1.74119,12.28326,0.0001,0.83344
5254.92,BTC-27SEP19,1554721142048,open,0.42,0.0,0.39473482,0.42586519,0.40985849,67.96,None,0.0,BTC-27SEP19-3250-C,5204.81,49.6,0.391,3.0,0.423,3.0,77.95,6.47479,-1.27998,12.04967,7e-05,0.89681
5228.81,BTC-28JUN19,1554721142048,open,0.18,38.0,0.13436714,0.17586923,0.17092952,67.08,0.175,0.0,BTC-28JUN19-4750-C,5204.81,65.04,0.1675,7.2,0.1765,5.0,70.37,8.82509,-3.65971,5.87453,0.00022,0.67797
5254.92,BTC-27SEP19,1554721142048,open,0.28,0.0,0.24944099,0.30524067,0.27385018,65.59,None,0.0,BTC-27SEP19-4250-C,5204.81,55.0,0.2515,3.0,0.284,3.0,70.29,11.28658,-2.15353,11.95498,0.00013,0.75698
5204.81,index_price,1554721142048,open,0.01,131.3,0.00241544,0.02086535,0.01157362,86.36,0.01,0,BTC-12APR19-4875-P,5204.81,77.61,0.009,16.0,0.011,0.1,84.46,1.57831,-17.5845,-0.12669,0.00064,-0.21766
5204.81,index_price,1554721142048,open,0.0,144.4,4.58e-06,0.00343788,0.00216429,103.92,0.0025,0,BTC-12APR19-4375-P,5204.81,96.67,0.0015,3.0,0.0025,36.9,107.11,0.52577,-7.04861,-0.02713,0.00018,-0.04692
5254.92,BTC-27SEP19,1554721142049,open,0.25,290.4,0.21987513,0.28032379,0.24518742,64.97,0.255,0.0,BTC-27SEP19-4500-C,5204.81,59.72,0.233,10.2,0.2545,13.9,68.97,12.22348,-2.31037,11.64834,0.00014,0.71592
5204.81,index_price,1554721142048,open,0.06,31.1,0.06056395,0.08210903,0.07059485,83.33,0.0755,0,BTC-12APR19-5500-P,5204.81,69.39,0.066,4.0,0.0735,4.0,91.63,1.78771,-19.21817,-0.44002,0.00075,-0.72559
5227.87,BTC-28JUN19,1554721142050,open,0.01,991.1,0.00054409,0.0065446,0.00750862,77.29,0.0065,0.0,BTC-28JUN19-3000-P,5204.81,72.31,0.0055,32.0,0.0095,73.4,81.58,2.2811,-1.08995,-0.59401,5e-05,-0.04377
5227.87,BTC-28JUN19,1554721142050,open,0.72,31.8,0.71307626,0.71308569,0.71383537,110.91,0.6765,0.0,BTC-28JUN19-1500-C,5204.81,0.0,0.701,3.0,0.724,3.0,172.19,0.29123,-0.1997,3.26859,0.0,0.996
5227.87,BTC-28JUN19,1554721142050,open,1.09,5.7,1.1041801,1.10731535,1.11070185,84.09,1.142,0.0,BTC-28JUN19-11000-P,5204.81,0.0,0.0,0.0,0.0,0.0,0.0,2.38806,-1.24145,-23.91315,5e-05,-0.95366
5227.87,BTC-28JUN19,1554721142050,open,1.65,1.3,1.67795607,1.67840327,1.6808314,92.59,2.415,0.0,BTC-28JUN19-14000-P,5204.81,0.0,0.0,0.0,0.0,0.0,0.0,1.21984,-0.69824,-30.81595,2e-05,-0.97944
5227.87,BTC-28JUN19,1554721142050,open,1.84,2.0,1.86923768,1.86947457,1.87116955,93.0,2.658,0.0,BTC-28JUN19-15000-P,5204.81,0.0,0.0,0.0,0.0,0.0,0.0,0.89458,-0.51435,-33.09328,2e-05,-0.9857
5254.92,BTC-27SEP19,1554721142048,open,0.72,0.0,0.71465289,0.74077912,0.71813234,77.19,None,0.0,BTC-27DEC19-1500-C,5204.81,0.0,0.6965,3.0,0.729,3.0,102.34,1.44298,-0.21185,10.1946,1e-05,0.9875
5204.81,index_price,1554721142048,open,0.15,221.4,0.13544873,0.14124472,0.13806354,94.2,0.1335,0,BTC-12APR19-4500-C,5204.81,0.0,0.0005,10.0,0.2065,0.1,334.96,0.64604,-7.8508,0.44273,0.00024,0.93914
5204.81,index_price,1554721142048,open,0.2,0.0,0.20139022,0.22173358,0.20963433,86.87,None,0,BTC-19APR19-6250-P,5204.81,0.0,0.0,0.0,0.0,0.0,0.0,1.85989,-7.4277,-1.68053,0.00027,-0.87399
5254.92,BTC-27SEP19,1554721142048,open,0.47,0.0,0.44284564,0.56050466,0.46282822,65.58,None,0.0,BTC-27DEC19-3000-C,5204.81,50.62,0.4435,3.0,0.4855,3.0,79.68,7.78751,-0.97142,16.57112,6e-05,0.90068
5227.87,BTC-28JUN19,1554721142050,open,1.47,0.8,1.48667704,1.48752874,1.49051836,90.53,2.171,0.0,BTC-28JUN19-13000-P,5204.81,0.0,0.07,1.0,0.0,0.0,0.0,1.54093,-0.86248,-28.53511,3e-05,-0.97285
5254.92,BTC-27SEP19,1554721142050,open,0.01,382.7,0.00211392,0.01497872,0.00972925,72.07,0.012,0.0,BTC-27SEP19-2500-P,5204.81,67.07,0.007,15.0,0.0125,18.0,76.45,3.11414,-0.65286,-1.23318,3e-05,-0.04011
5227.87,BTC-28JUN19,1554721142051,open,0.0,731.7,0.0,1.157e-05,0.00121013,107.64,0.001,0.0,BTC-28JUN19-20000-C,5204.81,105.53,0.001,11.9,0.0015,8.9,110.14,0.558,-0.37132,0.0823,1e-05,0.00831
5254.92,BTC-27SEP19,1554721142051,open,1.27,6.1,1.28606289,1.30700992,1.30010673,74.15,1.9095,0.0,BTC-27SEP19-12000-P,5204.81,0.0,0.0015,20.0,0.0,0.0,0.0,5.64085,-1.21681,-54.79804,6e-05,-0.9144
5227.87,BTC-28JUN19,1554721142051,open,0.21,210.8,0.17376217,0.21140997,0.1992943,67.2,0.209,0.0,BTC-28JUN19-4500-C,5204.81,0.0,0.0385,0.1,0.212,5.0,75.38,8.03953,-3.34011,6.22108,0.0002,0.73635
5254.92,BTC-27SEP19,1554721142048,open,0.23,17.1,0.19623313,0.4221459,0.24328644,64.05,0.2345,0.0,BTC-27DEC19-5500-P,5204.81,0.0,0.0,0.0,0.2655,5.0,70.76,17.47974,-2.1296,-25.30967,0.00014,-0.42546
5204.81,index_price,1554721142048,open,0.07,3.2,0.04237,0.08636132,0.06405732,82.1,0.078,0,BTC-19APR19-5125-C,5204.81,78.33,0.0615,12.0,0.07,12.0,90.87,3.52671,-13.31172,0.78678,0.00053,0.57138
5253.98,BTC-27SEP19,1554721142050,open,1.66,0.0,1.66706671,1.80181256,1.69591741,77.69,None,0.0,BTC-27DEC19-14000-P,5204.81,0.0,0.0,0.0,0.0,0.0,0.0,9.10924,-1.346,-97.33337,6e-05,-0.87635
5253.98,BTC-27SEP19,1554721142051,open,0.19,12.1,0.17497577,0.24551513,0.20435659,64.78,0.1805,0.0,BTC-27SEP19-5500-P,5204.81,61.71,0.196,7.2,0.21,9.2,66.86,14.28131,-2.69125,-16.25136,0.00017,-0.45251
5227.87,BTC-28JUN19,1554721142051,open,1.28,10.0,1.29540826,1.29704078,1.30040586,87.62,1.243,0.0,BTC-28JUN19-12000-P,5204.81,0.0,0.0,0.0,0.0,0.0,0.0,1.91348,-1.03649,-26.23883,4e-05,-0.96473
5227.87,BTC-28JUN19,1554721142051,open,2.79,0.4,2.82564983,2.8256614,2.82618684,99.33,5.076,0.0,BTC-28JUN19-20000-P,5204.81,0.0,0.0,0.0,0.0,0.0,0.0,0.3043,-0.18687,-44.27306,1e-05,-0.9958
5253.98,BTC-27SEP19,1554721142051,open,1.09,3.1,1.09821453,1.12556968,1.11557525,72.96,1.9215,0.0,BTC-27SEP19-11000-P,5204.81,0.0,0.0015,30.0,0.0,0.0,0.0,6.78724,-1.44052,-49.6147,7e-05,-0.88982
5253.98,BTC-27SEP19,1554721142051,open,0.0,408.4,0.00032317,0.00520181,0.00374471,75.39,0.0045,0.0,BTC-27SEP19-2000-P,5204.81,65.29,0.0015,15.0,0.006,15.0,82.21,1.50212,-0.32943,-0.50745,2e-05,-0.01677
5227.87,BTC-28JUN19,1554721142052,open,0.0,132.3,4.64e-06,0.00085635,0.0042835,91.97,0.004,0.0,BTC-28JUN19-13000-C,5204.81,87.43,0.003,32.0,0.005,6.9,94.12,1.65249,-0.93956,0.29242,3e-05,0.02953
5227.87,BTC-28JUN19,1554721142052,open,0.01,347.3,1.836e-05,0.00165088,0.00541983,88.69,0.0065,0.0,BTC-28JUN19-12000-C,5204.81,84.64,0.004,20.0,0.007,6.9,92.49,2.00848,-1.10131,0.37068,4e-05,0.03742
5227.87,BTC-28JUN19,1554721142052,open,0.15,752.1,0.11506095,0.15993379,0.14511172,66.74,0.15,0.0,BTC-28JUN19-5000-C,5204.81,64.73,0.1415,8.1,0.1495,10.2,69.19,9.38841,-3.87388,5.47211,0.00023,0.61751
5253.98,BTC-27SEP19,1554721142052,open,0.04,320.9,0.01563137,0.06066839,0.03886814,69.04,0.0415,0.0,BTC-27SEP19-9000-C,5204.81,67.73,0.0365,10.0,0.0415,24.4,70.46,9.59985,-1.92801,3.5971,0.00011,0.18426
5204.81,index_price,1554721142048,open,0.2,0.0,0.20328889,0.21592853,0.21215295,72.97,None,0,BTC-26APR19-6250-P,5204.81,0.0,0.0,0.0,0.0,0.0,0.0,2.64087,-5.38998,-2.71694,0.00027,-0.85372
5253.98,BTC-27SEP19,1554721142052,open,0.54,57.5,0.5262871,0.53916092,0.53396198,72.16,0.389,0.0,BTC-27SEP19-2500-C,5204.81,0.0,0.516,3.0,0.5465,3.0,89.2,3.12411,-0.65578,10.53367,3e-05,0.95973
5253.98,BTC-27SEP19,1554721142048,open,0.4,4.8,0.36467739,0.5142553,0.39255454,64.79,0.314,0.0,BTC-27DEC19-3500-C,5204.81,53.87,0.3715,3.0,0.4165,3.0,76.21,10.64063,-1.3112,17.10705,8e-05,0.84465
5204.81,index_price,1554721142049,open,0.12,0.0,0.12893604,0.13880742,0.13329624,90.57,None,0,BTC-12APR19-5875-P,5204.81,0.0,0.0,0.0,0.2555,0.1,424.37,0.97827,-11.43092,-0.56805,0.00038,-0.89455
5253.98,BTC-27SEP19,1554721142049,open,0.0,42.1,9.982e-05,0.02623791,0.00358727,77.21,0.006,0.0,BTC-27DEC19-1500-P,5204.81,63.94,0.001,10.0,0.006,10.0,84.68,1.44488,-0.21218,-0.60953,1e-05,-0.01252
5204.81,index_price,1554721142048,open,0.0,97.0,0.0,0.00047638,0.00033863,109.95,0.0005,0,BTC-12APR19-4000-P,5204.81,0.0,0.0,0.0,0.001,13.7,128.2,0.12584,-1.76251,-0.00496,4e-05,-0.00864
5204.81,index_price,1554721142051,open,0.09,55.2,0.07924669,0.10437778,0.09506351,69.11,0.087,0,BTC-26APR19-5500-P,5204.81,61.9,0.089,12.0,0.097,12.0,71.39,4.41322,-8.53068,-1.80204,0.00048,-0.61189
5204.81,index_price,1554721142048,open,0.14,0.0,0.13209881,0.16365968,0.14659774,84.91,None,0,BTC-19APR19-5875-P,5204.81,0.0,0.0,0.0,0.0,0.0,0.0,2.69918,-10.53648,-1.42819,0.00039,-0.77431
5204.81,index_price,1554721142048,open,0.29,6.0,0.2795126,0.27959812,0.27966135,121.7,0.1135,0,BTC-12APR19-3750-C,5204.81,0.0,0.0005,20.0,0.0,0.0,0.0,0.05949,-0.9341,0.39605,2e-05,0.99628
5204.81,index_price,1554721142048,open,0.02,154.7,0.00557888,0.02267381,0.01728403,71.83,0.0205,0,BTC-26APR19-6000-C,5204.81,69.78,0.016,10.0,0.019,16.0,74.5,3.2968,-6.62382,0.48501,0.00035,0.20756
5204.81,index_price,1554721142051,open,0.1,3.9,0.07415716,0.11235218,0.09272809,83.14,0.07,0,BTC-19APR19-4875-C,5204.81,78.56,0.09,4.0,0.0985,4.0,92.68,3.11805,-11.91814,0.94367,0.00046,0.70122
5204.81,index_price,1554721142048,open,0.19,174.4,0.18344806,0.18535517,0.18467883,106.13,0.18,0,BTC-12APR19-4250-C,5204.81,0.0,0.15,0.2,0.0,0.0,0.0,0.3467,-4.74684,0.43501,0.00011,0.97179
5204.81,index_price,1554721142049,open,0.31,6.0,0.30352885,0.30356016,0.30363917,129.1,0.11,0,BTC-12APR19-3625-C,5204.81,0.0,0.0005,20.0,0.0,0.0,0.0,0.04418,-0.73588,0.38338,1e-05,0.99733
5253.98,BTC-27SEP19,1554721142048,open,0.3,10.0,0.25953627,0.49125912,0.30706691,64.06,0.288,0.0,BTC-27DEC19-6000-P,5204.81,0.0,0.0,0.0,0.332,5.0,71.43,17.78125,-2.16643,-30.12297,0.00014,-0.489
5204.81,index_price,1554721142051,open,0.0,233.8,0.0,4.6e-07,6.121e-05,109.98,0.0005,0,BTC-26APR19-2500-P,5204.81,0.0,0.0,0.0,0.001,16.9,148.37,0.03379,-0.10395,-0.00235,0.0,-0.00086
5204.81,index_price,1554721142049,open,0.17,0.0,0.16008097,0.17850844,0.16753562,86.0,None,0,BTC-19APR19-4375-C,5204.81,0.0,0.0,0.0,0.0,0.0,0.0,1.65302,-6.5358,1.12551,0.00024,0.89328
5253.98,BTC-27SEP19,1554721142048,open,0.93,0.3,0.91956308,1.11292545,0.95421898,67.72,1.4475,0.0,BTC-27DEC19-10000-P,5204.81,0.0,0.1,0.3,0.0,0.0,0.0,12.57826,-1.62015,-66.28219,9e-05,-0.79745
5204.81,index_price,1554721142049,open,0.16,0.0,0.15470324,0.18232156,0.16661128,84.86,None,0,BTC-19APR19-6000-P,5204.81,0.0,0.0005,50.0,0.0,0.0,0.0,2.39635,-9.34933,-1.52268,0.00035,-0.81523
5204.81,index_price,1554721142051,open,0.01,347.6,0.004532,0.01899249,0.01509503,73.11,0.015,0,BTC-26APR19-4500-P,5204.81,69.18,0.013,34.8,0.017,18.0,76.53,2.84208,-5.81161,-0.45518,0.00029,-0.16348
5204.81,index_price,1554721142049,open,0.04,0.4,0.02703611,0.07102743,0.0485929,81.91,0.0455,0,BTC-19APR19-5125-P,5204.81,74.39,0.0435,12.0,0.0505,10.0,84.72,3.52665,-13.28028,-0.74002,0.00053,-0.42858
5204.81,index_price,1554721142049,open,0.01,6.2,0.00107188,0.0249086,0.01100728,85.76,0.0125,0,BTC-19APR19-6125-C,5204.81,81.95,0.0095,16.0,0.0135,10.0,91.65,2.1182,-8.35173,0.21948,0.00031,0.15253
5204.81,index_price,1554721142049,open,0.1,0.0,0.08974466,0.1288085,0.10766439,82.01,0.1145,0,BTC-19APR19-5625-P,5204.81,71.76,0.1015,12.0,0.111,12.0,87.39,3.1978,-12.05645,-1.22706,0.00048,-0.68356
5204.81,index_price,1554721142049,open,0.22,0.2,0.20754686,0.21794134,0.21114079,87.95,0.206,0,BTC-19APR19-4125-C,5204.81,0.0,0.0,0.0,0.0,0.0,0.0,0.9847,-3.9816,1.13969,0.00014,0.94602
5204.81,index_price,1554721142049,open,0.04,14.6,0.01402739,0.05605658,0.03395165,81.92,0.0315,0,BTC-19APR19-5500-C,5204.81,78.16,0.0315,16.0,0.037,10.0,86.56,3.40596,-12.82685,0.52845,0.00052,0.3747
5204.81,index_price,1554721142049,open,0.24,48.9,0.23148011,0.23195649,0.23192061,113.79,0.228,0,BTC-12APR19-4000-C,5204.81,0.0,0.001,20.0,0.0,0.0,0.0,0.15053,-2.20977,0.41863,5e-05,0.98939
5204.81,index_price,1554721142049,open,0.36,0.0,0.35156134,0.35156431,0.3516487,149.0,None,0,BTC-12APR19-3375-C,5204.81,0.0,0.001,20.0,0.0,0.0,0.0,0.0321,-0.61708,0.35728,1e-05,0.99812
5204.81,index_price,1554721142051,open,0.25,0.0,0.24987041,0.258719,0.25639525,74.5,None,0,BTC-26APR19-6500-P,5204.81,0.0,0.0,0.0,0.0,0.0,0.0,2.06318,-4.29905,-2.94043,0.00021,-0.89715
5204.81,index_price,1554721142048,open,0.06,66.1,0.03908508,0.08382319,0.0608293,81.59,0.058,0,BTC-19APR19-5250-P,5204.81,73.85,0.0555,12.0,0.0645,12.0,86.92,3.58409,-13.44371,-0.86417,0.00054,-0.4964
5253.98,BTC-27SEP19,1554721142050,open,1.48,0.0,1.47816164,1.62586936,1.50656094,74.24,None,0.0,BTC-27DEC19-13000-P,5204.81,0.0,0.0,0.0,0.0,0.0,0.0,9.46907,-1.3371,-89.90029,6e-05,-0.86927
5204.81,index_price,1554721142048,open,0.22,0.0,0.22513037,0.24233596,0.23185072,87.79,None,0,BTC-19APR19-6375-P,5204.81,0.0,0.0,0.0,0.0,0.0,0.0,1.61555,-6.52074,-1.75006,0.00023,-0.8966
5204.81,index_price,1554721142048,open,0.0,505.0,0.00018182,0.00935576,0.0039389,88.42,0.0055,0,BTC-12APR19-4625-P,5204.81,78.91,0.0025,40.9,0.0045,2.0,91.68,0.86973,-9.92124,-0.05182,0.00034,-0.08983
5204.81,index_price,1554721142050,open,0.17,0.0,0.17680809,0.18178258,0.17873173,93.29,None,0,BTC-12APR19-6125-P,5204.81,0.0,0.0,0.0,0.0,0.0,0.0,0.55259,-6.65039,-0.62384,0.00021,-0.95006
5204.81,index_price,1554721142052,open,0.29,224.9,0.27955347,0.28138844,0.2825505,87.45,0.2725,0,BTC-26APR19-3750-C,5204.81,0.0,0.0005,1000.0,0.0,0.0,0.0,0.92464,-2.26171,1.73533,8e-05,0.96333
5204.81,index_price,1554721142051,open,0.34,32.6,0.32754885,0.32817332,0.32950424,94.99,0.3105,0,BTC-26APR19-3500-C,5204.81,0.0,0.0,0.0,0.0,0.0,0.0,0.63092,-1.67636,1.65012,5e-05,0.97686
5204.81,index_price,1554721142051,open,0.24,487.9,0.23176045,0.23615024,0.23614314,79.97,0.25,0,BTC-26APR19-4000-C,5204.81,0.0,0.2,1.0,0.3,1.0,205.33,1.32691,-2.96816,1.80054,0.00013,0.94251
5254.92,BTC-27SEP19,1554721142059,open,0.1,18.2,0.07621547,0.13666413,0.10156851,64.99,0.094,0.0,BTC-27SEP19-4500-P,5204.81,63.67,0.0985,5.0,0.1065,7.0,67.11,12.22372,-2.31104,-9.5431,0.00014,-0.28409
5227.87,BTC-28JUN19,1554721142088,open,0.1,187.6,0.07147341,0.11634625,0.1013559,66.65,0.0925,0.0,BTC-28JUN19-5000-P,5204.81,64.5,0.0975,5.0,0.1035,1.8,67.84,9.38847,-3.86847,-5.6049,0.00023,-0.3825
177.96,index_price,1554721142087,open,0.14,217.0,0.113182,0.148049,0.126009,89.14,0.148,0.2,ETH-19APR19-160-C,177.96,74.37,0.119,20.0,0.136,20.0,108.38,0.08848,-0.42737,0.03522,0.01052,0.79019
5204.81,index_price,1554721142111,open,0.02,290.0,0.0121156,0.03253559,0.02644108,71.58,0.0295,0,BTC-26APR19-4750-P,5204.81,67.41,0.0235,32.3,0.0285,18.0,74.46,3.70455,-7.41743,-0.71939,0.00039,-0.25578
186.03,ETH-28JUN19,1554721142115,open,1.64,0.0,1.687765,1.699261,1.693385,102.22,None,0.0,ETH-28JUN19-500-P,177.96,0.0,0.001,200.0,0.0,0.0,0.0,0.06739,-0.04259,-1.09586,0.00086,-0.96517
189.73,ETH-27SEP19,1554721142110,open,0.16,490.0,0.107421,0.2837,0.153213,76.76,0.167,0.0,ETH-27SEP19-220-C,177.96,72.33,0.141,36.0,0.171,209.0,83.29,0.51932,-0.11596,0.30363,0.00399,0.49295
189.73,ETH-27SEP19,1554721142121,open,0.11,699.0,0.060817,0.232717,0.102492,76.78,0.116,0.0,ETH-27SEP19-260-C,177.96,73.89,0.095,48.0,0.121,239.0,83.86,0.49114,-0.1097,0.23813,0.00377,0.36898
5227.87,BTC-28JUN19,1554721142128,open,0.04,1353.1,0.01399373,0.04639373,0.0370788,68.69,0.039,0.0,BTC-28JUN19-7000-C,5204.81,67.57,0.0355,9.6,0.039,21.3,70.02,7.45937,-3.1675,2.22649,0.00018,0.22929
189.68,ETH-27SEP19,1554721142173,open,0.12,78.0,0.084551,0.233408,0.126638,78.38,0.118,0.0,ETH-27SEP19-160-P,177.96,72.03,0.112,48.0,0.139,244.0,83.74,0.43752,-0.09977,-0.36247,0.00329,-0.27917
189.73,ETH-27SEP19,1554721142183,open,0.2,462.0,0.141805,0.314519,0.187409,76.77,0.202,0.0,ETH-27SEP19-200-C,177.96,71.83,0.174,36.0,0.205,193.0,83.32,0.51252,-0.11447,0.33728,0.00394,0.56488
189.73,ETH-27SEP19,1554721142191,open,0.23,1.0,0.195934,0.368648,0.24167,76.91,0.247,0.0,ETH-27SEP19-200-P,177.96,71.78,0.228,36.0,0.262,36.0,84.39,0.51247,-0.11466,-0.60461,0.00393,-0.43486
189.73,ETH-27SEP19,1554721142198,open,0.23,1.0,0.195934,0.368648,0.24167,76.91,0.247,0.0,ETH-27SEP19-200-P,177.96,71.78,0.228,36.0,0.262,158.0,84.39,0.51247,-0.11466,-0.60461,0.00393,-0.43486
189.68,ETH-27SEP19,1554721142204,open,0.09,596.0,0.045548,0.211503,0.083971,76.79,0.098,0.0,ETH-27SEP19-280-C,177.96,74.36,0.078,48.0,0.103,252.0,84.44,0.46375,-0.1036,0.20838,0.00356,0.3172
189.68,ETH-27SEP19,1554721142212,open,0.09,596.0,0.045548,0.211503,0.083971,76.79,0.098,0.0,ETH-27SEP19-280-C,177.96,74.78,0.079,48.0,0.103,252.0,84.44,0.46375,-0.1036,0.20838,0.00356,0.3172
189.68,ETH-27SEP19,1554721142217,open,0.29,141.0,0.241025,0.389882,0.283246,78.44,0.276,0.0,ETH-27SEP19-160-C,177.96,79.2,0.285,2.0,0.296,166.0,83.97,0.43753,-0.09984,0.39083,0.00329,0.72082
189.73,ETH-27SEP19,1554721142228,open,0.17,50.0,0.134558,0.298411,0.177926,76.86,0.168,0.0,ETH-27SEP19-180-P,177.96,71.79,0.165,48.0,0.17,119.0,73.74,0.48619,-0.10871,-0.47898,0.00373,-0.3581
5204.81,index_price,1554721142236,open,0.02,6.8,0.00192341,0.02954172,0.01398425,85.19,0.0165,0,BTC-19APR19-6000-C,5204.81,80.79,0.012,16.0,0.0165,10.0,90.49,2.40508,-9.42001,0.26655,0.00035,0.18586
189.68,ETH-27SEP19,1554721142243,open,0.08,580.0,0.046825,0.174225,0.080975,78.41,0.079,0.0,ETH-27SEP19-140-P,177.96,72.66,0.07,48.0,0.09,48.0,83.02,0.3669,-0.08369,-0.25305,0.00276,-0.20229
189.73,ETH-27SEP19,1554721142248,open,0.13,788.0,0.080962,0.256609,0.125262,76.78,0.139,0.0,ETH-27SEP19-240-C,177.96,73.35,0.116,36.0,0.143,225.0,83.35,0.51081,-0.11409,0.2701,0.00392,0.42753
186.08,ETH-28JUN19,1554721142264,open,0.19,563.0,0.15607,0.250107,0.176383,71.89,0.21,0.0,ETH-28JUN19-170-C,177.96,67.62,0.169,36.0,0.186,36.0,77.58,0.31772,-0.14121,0.20302,0.00576,0.66868
186.08,ETH-28JUN19,1554721142271,open,0.19,563.0,0.15607,0.250107,0.176383,71.89,0.21,0.0,ETH-28JUN19-170-C,177.96,68.21,0.17,36.0,0.186,36.0,77.58,0.31772,-0.14121,0.20302,0.00576,0.66868
186.08,ETH-28JUN19,1554721142280,open,0.18,503.0,0.157657,0.260648,0.180168,72.1,0.169,0.0,ETH-28JUN19-200-P,177.96,68.74,0.174,36.0,0.193,36.0,78.86,0.34912,-0.15563,-0.28755,0.00631,-0.51709
186.08,ETH-28JUN19,1554721142283,open,0.18,503.0,0.157657,0.260648,0.180168,72.1,0.169,0.0,ETH-28JUN19-200-P,177.96,68.74,0.174,36.0,0.192,36.0,78.33,0.34912,-0.15563,-0.28755,0.00631,-0.51709
186.08,ETH-28JUN19,1554721142298,open,0.12,1116.0,0.082851,0.185841,0.105246,71.92,0.116,0.0,ETH-28JUN19-200-C,177.96,69.17,0.1,36.0,0.116,36.0,77.69,0.3491,-0.15522,0.15559,0.00633,0.48252
186.08,ETH-28JUN19,1554721142305,open,0.09,1941.0,0.069655,0.163692,0.090066,72.06,0.077,0.0,ETH-28JUN19-170-P,177.96,68.45,0.084,48.0,0.099,48.0,77.24,0.31775,-0.14156,-0.17381,0.00575,-0.3314
186.08,ETH-28JUN19,1554721142311,open,0.09,1941.0,0.069655,0.163692,0.090066,72.06,0.077,0.0,ETH-28JUN19-170-P,177.96,68.45,0.084,48.0,0.098,48.0,76.65,0.31775,-0.14156,-0.17381,0.00575,-0.3314
186.03,ETH-28JUN19,1554721142317,open,0.1,488.0,0.065863,0.168193,0.088495,72.39,0.098,0.0,ETH-28JUN19-210-C,177.96,69.95,0.084,36.0,0.099,36.0,78.06,0.3434,-0.15369,0.13933,0.00619,0.4265
186.08,ETH-28JUN19,1554721142325,open,0.07,694.0,0.03196,0.125065,0.053421,74.1,0.07,0.0,ETH-28JUN19-240-C,177.96,72.63,0.051,48.0,0.063,48.0,79.98,0.29954,-0.13723,0.09733,0.00527,0.28941
186.08,ETH-28JUN19,1554721142344,open,0.07,1073.0,0.048803,0.135788,0.067406,72.23,0.063,0.0,ETH-28JUN19-160-P,177.96,68.69,0.062,48.0,0.075,48.0,77.04,0.28939,-0.12923,-0.13898,0.00522,-0.26957
186.08,ETH-28JUN19,1554721142360,open,0.07,1073.0,0.048803,0.135788,0.067406,72.23,0.063,0.0,ETH-28JUN19-160-P,177.96,68.69,0.062,48.0,0.074,48.0,76.4,0.28939,-0.12923,-0.13898,0.00522,-0.26957
186.08,ETH-28JUN19,1554721142380,open,0.14,542.0,0.103257,0.205221,0.125654,71.91,0.136,0.0,ETH-28JUN19-190-C,177.96,68.41,0.119,36.0,0.136,36.0,77.52,0.34742,-0.15446,0.17207,0.0063,0.54287
186.08,ETH-28JUN19,1554721142388,open,0.14,542.0,0.103257,0.205221,0.125654,71.91,0.136,0.0,ETH-28JUN19-190-C,177.96,68.95,0.12,36.0,0.136,36.0,77.52,0.34742,-0.15446,0.17207,0.0063,0.54287
186.08,ETH-28JUN19,1554721142391,open,0.14,712.0,0.124324,0.226287,0.146775,72.09,0.129,0.0,ETH-28JUN19-190-P,177.96,68.38,0.14,36.0,0.158,36.0,78.02,0.3474,-0.15483,-0.24897,0.00628,-0.45691
5254.05,BTC-27SEP19,1554721142399,open,0.44,0.0,0.40424457,0.63649934,0.44886408,64.05,None,0.0,BTC-27DEC19-7000-P,5204.81,0.0,0.0,0.0,0.0,0.0,0.0,17.21471,-2.09728,-39.72817,0.00014,-0.60103
186.08,ETH-28JUN19,1554721142397,open,0.14,712.0,0.124324,0.226287,0.146775,72.09,0.129,0.0,ETH-28JUN19-190-P,177.96,68.38,0.14,36.0,0.157,36.0,77.48,0.3474,-0.15483,-0.24897,0.00628,-0.45691
186.03,ETH-28JUN19,1554721142403,open,0.09,584.0,0.052047,0.152314,0.074657,72.96,0.084,0.0,ETH-28JUN19-220-C,177.96,70.34,0.07,48.0,0.085,48.0,78.7,0.33226,-0.14986,0.12411,0.00594,0.37574
186.03,ETH-28JUN19,1554721142409,open,0.09,584.0,0.052047,0.152314,0.074657,72.96,0.084,0.0,ETH-28JUN19-220-C,177.96,70.9,0.071,48.0,0.085,48.0,78.7,0.33226,-0.14986,0.12411,0.00594,0.37574
5204.81,index_price,1554721142397,open,0.04,14.6,0.01402739,0.05605658,0.03395165,81.92,0.0315,0,BTC-19APR19-5500-C,5204.81,78.92,0.032,16.0,0.037,10.0,86.56,3.40596,-12.82685,0.52845,0.00052,0.3747
177.96,index_price,1554721142416,open,0.04,444.0,0.029713,0.058438,0.045709,99.11,0.034,0.2,ETH-12APR19-180-P,177.96,72.93,0.035,60.0,0.045,1.0,97.3,0.0731,-0.87987,-0.01061,0.02193,-0.51585
177.96,index_price,1554721142423,open,0.08,481.0,0.054342,0.078823,0.069429,104.52,0.074,0.2,ETH-12APR19-170-C,177.96,83.66,0.062,20.0,0.076,20.0,122.46,0.06461,-0.93186,0.01174,0.01838,0.69091
177.96,index_price,1554721142427,open,0.08,481.0,0.054342,0.078823,0.069429,104.52,0.074,0.2,ETH-12APR19-170-C,177.96,89.42,0.064,20.0,0.076,20.0,122.46,0.06461,-0.93186,0.01174,0.01838,0.69091
177.96,index_price,1554721142433,open,0.01,991.0,0.000935,0.014965,0.0085,105.11,0.003,0.2,ETH-12APR19-160-P,177.96,83.35,0.004,291.0,0.008,100.0,102.92,0.04189,-0.55302,-0.00291,0.01185,-0.14549
177.96,index_price,1554721142437,open,0.05,1229.0,0.020396,0.04912,0.036675,99.66,0.034,0.2,ETH-12APR19-180-C,177.96,88.33,0.032,60.0,0.043,60.0,115.11,0.0731,-0.98354,0.00846,0.02181,0.48446
177.96,index_price,1554721142442,open,0.07,62.0,0.070463,0.093884,0.082818,99.91,0.07,0.2,ETH-12APR19-190-P,177.96,62.1,0.071,60.0,0.085,60.0,105.94,0.06241,-0.72678,-0.01505,0.01857,-0.71354
177.96,index_price,1554721142449,open,0.07,62.0,0.070463,0.093884,0.082818,99.91,0.07,0.2,ETH-12APR19-190-P,177.96,62.1,0.071,60.0,0.084,60.0,103.14,0.06241,-0.72678,-0.01505,0.01857,-0.71354
177.96,index_price,1554721142454,open,0.12,101.0,0.122278,0.136883,0.130081,105.67,0.124,0.2,ETH-12APR19-200-P,177.96,0.0,0.117,20.0,0.13,20.0,105.13,0.04445,-0.51123,-0.01835,0.01251,-0.84094
177.96,index_price,1554721142465,open,0.12,101.0,0.122278,0.136883,0.130081,105.67,0.124,0.2,ETH-12APR19-200-P,177.96,0.0,0.117,20.0,0.129,20.0,101.01,0.04445,-0.51123,-0.01835,0.01251,-0.84094
177.96,index_price,1554721142468,open,0.12,1122.0,0.103764,0.117794,0.111581,105.96,0.128,0.2,ETH-12APR19-160-C,177.96,89.67,0.108,20.0,0.119,20.0,134.26,0.04223,-0.64954,0.01401,0.01185,0.85277
177.96,index_price,1554721142473,open,0.12,1122.0,0.103764,0.117794,0.111581,105.96,0.128,0.2,ETH-12APR19-160-C,177.96,94.61,0.109,20.0,0.119,20.0,134.26,0.04223,-0.64954,0.01401,0.01185,0.85277
177.96,index_price,1554721142478,open,0.01,0.0,0.000301,0.016819,0.007463,103.82,None,0.2,ETH-19APR19-230-C,177.96,94.6,0.005,100.0,0.012,100.0,117.64,0.05206,-0.25704,0.00466,0.00531,0.09534
177.96,index_price,1554721142486,open,0.17,0.0,0.176019,0.206981,0.188594,95.18,None,0.2,ETH-19APR19-210-P,177.96,0.0,0.17,20.0,0.189,20.0,95.94,0.08254,-0.2635,-0.05312,0.00919,-0.81304
177.96,index_price,1554721142495,open,0.17,0.0,0.176019,0.206981,0.188594,95.18,None,0.2,ETH-19APR19-210-P,177.96,0.0,0.17,20.0,0.188,20.0,93.77,0.08254,-0.2635,-0.05312,0.00919,-0.81304
5204.81,index_price,1554721142509,open,0.02,166.1,0.0038491,0.02539418,0.01402008,83.74,0.015,0,BTC-12APR19-5500-C,5204.81,80.75,0.013,26.0,0.0165,10.0,90.83,1.79128,-19.35068,0.14453,0.00074,0.27553
186.03,ETH-28JUN19,1554721142522,open,0.21,180.0,0.194713,0.297043,0.217102,72.26,0.198,0.0,ETH-28JUN19-210-P,177.96,68.95,0.211,36.0,0.23,36.0,79.22,0.34334,-0.15338,-0.32604,0.0062,-0.57387
177.96,index_price,1554721142530,open,0.16,60.0,0.177623,0.185352,0.181227,107.7,0.167,0.2,ETH-12APR19-210-P,177.96,0.0,0.168,20.0,0.24,1.0,298.48,0.02681,-0.26489,-0.02084,0.0074,-0.92177
177.96,index_price,1554721142541,open,0.01,858.0,0.000814,0.015419,0.008932,106.68,0.01,0.2,ETH-12APR19-200-C,177.96,94.24,0.006,80.0,0.012,80.0,118.23,0.04491,-0.63293,0.00289,0.01252,0.1616
5204.81,index_price,1554721142517,open,0.02,166.1,0.0038491,0.02539418,0.01402008,83.74,0.015,0,BTC-12APR19-5500-C,5204.81,80.75,0.013,26.0,0.0165,30.0,90.83,1.79128,-19.35068,0.14453,0.00074,0.27553
186.03,ETH-28JUN19,1554721142547,open,0.17,1823.0,0.127434,0.226479,0.149281,72.01,0.143,0.0,ETH-28JUN19-180-C,177.96,68.02,0.142,36.0,0.159,36.0,77.41,0.33714,-0.15009,0.18793,0.00611,0.60515
186.03,ETH-28JUN19,1554721142557,open,0.17,1823.0,0.127434,0.226479,0.149281,72.01,0.143,0.0,ETH-28JUN19-180-C,177.96,68.57,0.143,36.0,0.159,36.0,77.41,0.33714,-0.15009,0.18793,0.00611,0.60515
186.08,ETH-28JUN19,1554721142565,open,0.05,2569.0,0.032323,0.110358,0.048263,72.23,0.001,0.0,ETH-28JUN19-150-P,177.96,70.51,0.046,48.0,0.054,48.0,76.36,0.25294,-0.11294,-0.1068,0.00456,-0.21071
186.03,ETH-28JUN19,1554721142572,open,0.12,2857.0,0.09502,0.194065,0.116658,71.92,0.112,0.0,ETH-28JUN19-180-P,177.96,68.25,0.11,48.0,0.126,48.0,77.08,0.33715,-0.14992,-0.21086,0.00611,-0.39489
5204.81,index_price,1554721142589,open,0.12,0.0,0.09350536,0.12715041,0.10912615,83.17,None,0,BTC-19APR19-4750-C,5204.81,79.16,0.107,4.0,0.1155,4.0,94.78,2.78823,-10.6609,1.01057,0.00042,0.76075
177.96,index_price,1554721142586,open,0.02,817.0,0.006918,0.041785,0.019494,88.73,0.02,0.2,ETH-19APR19-160-P,177.96,67.96,0.01,88.0,0.02,80.0,89.72,0.08827,-0.33781,-0.01211,0.01054,-0.20895
189.7,ETH-27SEP19,1554721142594,open,0.23,1.0,0.196039,0.368763,0.24167,76.8,0.247,0.0,ETH-27SEP19-200-P,177.96,71.75,0.228,36.0,0.262,36.0,84.35,0.51246,-0.11449,-0.60463,0.00394,-0.43519
177.96,index_price,1554721142593,open,0.01,154.0,0.001,0.024055,0.012066,103.19,0.011,0.2,ETH-19APR19-220-C,177.96,100.43,0.011,49.0,0.015,98.0,110.43,0.06928,-0.34144,0.00693,0.00711,0.14276
5204.81,index_price,1554721142610,open,0.01,180.2,0.00154496,0.01895897,0.00951115,85.49,0.0105,0,BTC-12APR19-5625-C,5204.81,81.94,0.0085,16.4,0.0115,10.0,92.17,1.50702,-16.6209,0.10595,0.00061,0.20122
5204.81,index_price,1554721142614,open,0.01,180.2,0.00154496,0.01895897,0.00951115,85.49,0.0105,0,BTC-12APR19-5625-C,5204.81,81.94,0.0085,16.4,0.0115,30.0,92.17,1.50702,-16.6209,0.10595,0.00061,0.20122
189.73,ETH-27SEP19,1554721142611,open,0.05,472.0,0.02161,0.121962,0.04595,78.44,0.036,0.0,ETH-27SEP19-120-P,177.96,72.85,0.038,280.0,0.056,340.0,85.13,0.27735,-0.06329,-0.1584,0.00209,-0.13131
5253.98,BTC-27SEP19,1554721142624,open,0.06,74.1,0.03083904,0.18041696,0.05862872,64.74,0.0535,0.0,BTC-27DEC19-3500-P,5204.81,62.94,0.055,10.0,0.0615,12.0,66.15,10.63729,-1.30991,-8.09411,8e-05,-0.15528
5254.92,BTC-27SEP19,1554721142627,open,0.14,18.2,0.12044306,0.18763108,0.14855539,64.83,0.159,0.0,BTC-27SEP19-5000-P,5204.81,63.26,0.1445,5.0,0.153,7.0,66.55,13.60447,-2.56575,-12.80961,0.00016,-0.36911
5254.92,BTC-27SEP19,1554721142629,open,0.1,18.2,0.07621547,0.13666413,0.10156851,64.99,0.094,0.0,BTC-27SEP19-4500-P,5204.81,63.45,0.098,5.0,0.1065,7.0,67.11,12.22372,-2.31104,-9.5431,0.00014,-0.28409
5254.05,BTC-27SEP19,1554721142632,open,0.14,20.8,0.09207103,0.32562282,0.13883358,64.11,0.143,0.0,BTC-27DEC19-6500-C,5204.81,62.07,0.132,5.0,0.1405,5.0,64.6,17.66246,-2.15363,11.87236,0.00014,0.45258
5253.98,BTC-27SEP19,1554721142635,open,0.07,51.4,0.02661438,0.23585056,0.06411851,65.98,0.07,0.0,BTC-27DEC19-9000-C,5204.81,65.19,0.062,10.5,0.0685,10.0,67.6,14.10467,-1.77019,6.95314,0.00011,0.24787
189.73,ETH-27SEP19,1554721142632,open,0.02,836.0,0.007592,0.077934,0.022741,79.41,0.03,0.0,ETH-27SEP19-100-P,177.96,71.86,0.016,300.0,0.031,300.0,87.48,0.18213,-0.04207,-0.08632,0.00135,-0.07384
5254.05,BTC-27SEP19,1554721142638,open,0.12,20.1,0.07193901,0.30419379,0.11674107,64.11,0.121,0.0,BTC-27DEC19-7000-C,5204.81,62.81,0.1125,10.0,0.119,10.0,64.8,17.21777,-2.09948,10.6896,0.00014,0.39924
189.73,ETH-27SEP19,1554721142639,open,0.05,49.0,0.014399,0.147848,0.048512,82.24,0.04,0.0,ETH-27SEP19-360-C,177.96,78.75,0.042,48.0,0.058,290.0,87.08,0.36108,-0.08639,0.13261,0.00259,0.1969
189.73,ETH-27SEP19,1554721142645,open,0.05,61.0,0.010826,0.135864,0.044423,84.18,0.048,0.0,ETH-27SEP19-380-C,177.96,81.7,0.04,5.0,0.051,296.0,87.75,0.34221,-0.0838,0.1216,0.0024,0.18048
186.08,ETH-28JUN19,1554721142652,open,0.03,1821.0,0.019996,0.087545,0.032872,72.2,0.029,0.0,ETH-28JUN19-140-P,177.96,69.62,0.03,48.0,0.04,48.0,78.33,0.21042,-0.09392,-0.07826,0.0038,-0.15692
186.08,ETH-28JUN19,1554721142658,open,0.05,2569.0,0.032323,0.110358,0.048263,72.23,0.001,0.0,ETH-28JUN19-150-P,177.96,69.77,0.045,48.0,0.054,48.0,76.36,0.25294,-0.11294,-0.1068,0.00456,-0.21071
5253.98,BTC-27SEP19,1554721142638,open,0.07,51.4,0.02661438,0.23585056,0.06411851,65.98,0.07,0.0,BTC-27DEC19-9000-C,5204.81,65.19,0.062,10.5,0.0685,20.0,67.6,14.10467,-1.77019,6.95314,0.00011,0.24787
186.08,ETH-28JUN19,1554721142665,open,0.04,253.0,0.011369,0.084565,0.031027,78.98,0.03,0.0,ETH-28JUN19-280-C,177.96,76.51,0.028,48.0,0.037,48.0,83.67,0.23029,-0.11244,0.06167,0.0038,0.18056
177.96,index_price,1554721142677,open,0.01,194.0,8.5e-05,0.007815,0.004021,109.43,0.005,0.2,ETH-12APR19-210-C,177.96,83.04,0.001,200.0,0.007,100.0,126.06,0.02773,-0.39906,0.00147,0.00754,0.08182
186.08,ETH-28JUN19,1554721142678,open,0.04,253.0,0.011369,0.084565,0.031027,78.98,0.03,0.0,ETH-28JUN19-280-C,177.96,76.51,0.028,48.0,0.036,288.0,82.91,0.23029,-0.11244,0.06167,0.0038,0.18056
5253.98,BTC-27SEP19,1554721142697,open,0.06,74.1,0.03083904,0.18041696,0.05862872,64.74,0.0535,0.0,BTC-27DEC19-3500-P,5204.81,63.19,0.0555,10.0,0.0615,12.0,66.15,10.63729,-1.30991,-8.09411,8e-05,-0.15528
5253.98,BTC-27SEP19,1554721142699,open,0.07,51.4,0.02661438,0.23585056,0.06411851,65.98,0.07,0.0,BTC-27DEC19-9000-C,5204.81,65.19,0.062,10.5,0.068,10.0,67.42,14.10467,-1.77019,6.95314,0.00011,0.24787
177.96,index_price,1554721142703,open,0.01,194.0,8.5e-05,0.007815,0.004021,109.43,0.005,0.2,ETH-12APR19-210-C,177.96,83.04,0.001,200.0,0.007,400.0,126.06,0.02773,-0.39906,0.00147,0.00754,0.08182
5254.05,BTC-27SEP19,1554721142705,open,0.02,133.8,0.0046503,0.08869689,0.01763443,67.52,0.022,0.0,BTC-27DEC19-2500-P,5204.81,64.14,0.0145,10.0,0.0205,10.5,70.38,5.0839,-0.65288,-2.81455,4e-05,-0.05675
5253.98,BTC-27SEP19,1554721142716,open,0.06,74.1,0.03083904,0.18041696,0.05862872,64.74,0.0535,0.0,BTC-27DEC19-3500-P,5204.81,62.94,0.055,10.0,0.0615,12.0,66.15,10.63729,-1.30991,-8.09411,8e-05,-0.15528
186.08,ETH-28JUN19,1554721142737,open,0.04,253.0,0.011369,0.084565,0.031027,78.98,0.03,0.0,ETH-28JUN19-280-C,177.96,76.51,0.028,48.0,0.037,336.0,83.67,0.23029,-0.11244,0.06167,0.0038,0.18056
5253.98,BTC-27SEP19,1554721142764,open,0.07,51.4,0.02661438,0.23585056,0.06411851,65.98,0.07,0.0,BTC-27DEC19-9000-C,5204.81,65.19,0.062,10.5,0.0685,20.0,67.6,14.10467,-1.77019,6.95314,0.00011,0.24787
5204.81,index_price,1554721142769,open,0.22,58.0,0.2074639,0.20845331,0.20822985,110.47,0.204,0,BTC-12APR19-4125-C,5204.81,0.0,0.0015,0.5,0.25,0.1,324.52,0.23612,-3.365,0.4277,7e-05,0.98212
5253.98,BTC-27SEP19,1554721142798,open,0.06,74.1,0.03083904,0.18041696,0.05862872,64.74,0.0535,0.0,BTC-27DEC19-3500-P,5204.81,63.19,0.0555,10.0,0.0615,12.0,66.15,10.63729,-1.30991,-8.09411,8e-05,-0.15528
5254.05,BTC-27SEP19,1554721142914,open,0.07,51.4,0.02661596,0.23585397,0.06411851,65.98,0.07,0.0,BTC-27DEC19-9000-C,5204.81,65.19,0.062,10.5,0.068,10.0,67.42,14.10492,-1.7702,6.95331,0.00011,0.24787
5204.81,index_price,1554721142920,open,0.02,166.1,0.0038491,0.02539418,0.01402008,83.74,0.015,0,BTC-12APR19-5500-C,5204.81,80.75,0.013,26.0,0.016,10.0,89.42,1.79128,-19.35068,0.14453,0.00074,0.27553
5253.98,BTC-27SEP19,1554721142923,open,0.06,74.1,0.03083904,0.18041696,0.05862872,64.74,0.0535,0.0,BTC-27DEC19-3500-P,5204.81,62.94,0.055,10.0,0.0615,12.0,66.15,10.63729,-1.30991,-8.09411,8e-05,-0.15528
5204.81,index_price,1554721142931,open,0.02,166.1,0.0038491,0.02539418,0.01402008,83.74,0.015,0,BTC-12APR19-5500-C,5204.81,80.75,0.013,26.0,0.0165,30.0,90.83,1.79128,-19.35068,0.14453,0.00074,0.27553
177.96,index_price,1554721142962,open,0.04,444.0,0.029713,0.058438,0.045709,99.11,0.034,0.2,ETH-12APR19-180-P,177.96,72.93,0.035,209.0,0.045,1.0,97.3,0.0731,-0.87987,-0.01061,0.02193,-0.51585
5253.98,BTC-27SEP19,1554721142975,open,0.06,74.1,0.03083904,0.18041696,0.05862872,64.74,0.0535,0.0,BTC-27DEC19-3500-P,5204.81,63.19,0.0555,10.0,0.0615,12.0,66.15,10.63729,-1.30991,-8.09411,8e-05,-0.15528
5253.98,BTC-27SEP19,1554721142998,open,0.06,74.1,0.03083904,0.18041696,0.05862872,64.74,0.0535,0.0,BTC-27DEC19-3500-P,5204.81,62.94,0.055,10.0,0.0615,12.0,66.15,10.63729,-1.30991,-8.09411,8e-05,-0.15528
5204.81,index_price,1554721143003,open,0.04,1020.7,0.02253185,0.04766293,0.03848873,69.27,0.047,0,BTC-26APR19-5500-C,5204.81,68.1,0.0375,6.0,0.0425,16.0,73.98,4.41453,-8.55359,0.89222,0.00048,0.38851
186.04,ETH-28JUN19,1554721143008,open,0.38,26.0,0.360826,0.405225,0.369203,74.7,0.191,0.0,ETH-28JUN19-120-C,177.96,0.0,0.001,10.0,0.0,0.0,0.0,0.12697,-0.05864,0.22812,0.00222,0.9226
5254.05,BTC-27SEP19,1554721143008,open,0.07,51.4,0.02661596,0.23585397,0.06411851,65.98,0.07,0.0,BTC-27DEC19-9000-C,5204.81,65.19,0.062,10.5,0.0685,10.0,67.6,14.10492,-1.7702,6.95331,0.00011,0.24787
5253.98,BTC-27SEP19,1554721143014,open,0.05,931.9,0.02895492,0.0845692,0.05468595,67.05,0.056,0.0,BTC-27SEP19-8000-C,5204.81,66.27,0.053,10.0,0.0585,23.8,68.79,11.38466,-2.22052,4.75909,0.00013,0.24705
189.7,ETH-27SEP19,1554721142978,open,0.23,1.0,0.196039,0.368763,0.24167,76.8,0.247,0.0,ETH-27SEP19-200-P,177.96,71.75,0.228,36.0,0.261,122.0,83.97,0.51246,-0.11449,-0.60463,0.00394,-0.43519
5227.75,BTC-28JUN19,1554721143050,open,0.53,24.4,0.52182096,0.52338816,0.52578334,87.14,0.5115,0.0,BTC-28JUN19-2500-C,5206.1,0.0,0.512,3.0,0.536,3.0,114.4,1.31925,-0.71071,5.23177,3e-05,0.97744
5254.05,BTC-27SEP19,1554721143050,open,0.4,10.2,0.38555724,0.45094683,0.41184457,64.9,0.8,0.0,BTC-27SEP19-7000-P,5206.1,0.0,0.002,7.0,0.0,0.0,0.0,13.16043,-2.48458,-26.60098,0.00016,-0.66334
5229.04,BTC-28JUN19,1554721143050,open,0.08,2358.5,0.04345647,0.08785955,0.07277849,66.72,0.0775,0.0,BTC-28JUN19-6000-C,5206.1,65.18,0.07,9.6,0.076,14.8,68.5,9.43984,-3.89385,3.66856,0.00023,0.38941
5255.34,BTC-27SEP19,1554721143050,open,1.09,3.1,1.09768068,1.12505637,1.11557542,73.36,1.9215,0.0,BTC-27SEP19-11000-P,5206.1,0.0,0.0015,30.0,0.0,0.0,0.0,6.87168,-1.46643,-49.58107,7e-05,-0.88794
5255.34,BTC-27SEP19,1554721143051,open,0.73,0.0,0.72819769,0.77325866,0.75163038,69.14,None,0.0,BTC-27SEP19-9000-P,5206.1,0.0,0.0015,20.0,0.0,0.0,0.0,9.62398,-1.93562,-38.77114,0.00011,-0.81507
5229.04,BTC-28JUN19,1554721143051,open,0.21,35.5,0.19089463,0.2352977,0.22023178,66.73,0.204,0.0,BTC-28JUN19-6000-P,5206.1,0.0,0.0,0.0,0.224,1.3,68.81,9.44003,-3.89442,-9.62592,0.00023,-0.61057
5229.04,BTC-28JUN19,1554721143051,open,0.02,440.3,0.00345436,0.01821735,0.01646452,72.74,0.0135,0.0,BTC-28JUN19-3500-P,5206.1,69.4,0.014,12.0,0.0185,33.5,75.36,3.98166,-1.79067,-1.22812,9e-05,-0.08953
5229.04,BTC-28JUN19,1554721143052,open,1.84,2.0,1.86859569,1.86883308,1.87116959,96.37,2.658,0.0,BTC-28JUN19-15000-P,5206.1,0.0,0.0,0.0,0.0,0.0,0.0,1.09117,-0.65011,-33.05751,2e-05,-0.98197
5229.04,BTC-28JUN19,1554721143052,open,1.47,0.8,1.48612066,1.48697398,1.4905182,92.32,2.171,0.0,BTC-28JUN19-13000-P,5206.1,0.0,0.07,1.0,0.0,0.0,0.0,1.68246,-0.96029,-28.50654,3e-05,-0.96983
5229.04,BTC-28JUN19,1554721143052,open,1.65,1.3,1.67735688,1.67780498,1.6808312,94.98,2.415,0.0,BTC-28JUN19-14000-P,5206.1,0.0,0.0,0.0,0.0,0.0,0.0,1.38481,-0.81313,-30.78427,2e-05,-0.97611
5255.34,BTC-27SEP19,1554721143052,open,0.31,239.2,0.28183906,0.33221317,0.30432197,66.0,0.3205,0.0,BTC-27SEP19-4000-C,5206.1,54.92,0.2835,3.0,0.316,3.0,71.94,10.20235,-1.95891,12.17939,0.00012,0.79648
5255.34,BTC-27SEP19,1554721143049,open,0.19,33.5,0.14075559,0.35604458,0.18575065,64.11,0.2195,0.0,BTC-27DEC19-5000-P,5206.1,61.19,0.1765,5.0,0.185,7.0,63.87,16.65466,-2.0308,-20.58394,0.00013,-0.35809
5255.34,BTC-27SEP19,1554721143049,open,0.76,0.0,0.73918895,0.94846074,0.77680493,66.02,None,0.0,BTC-27DEC19-9000-P,5206.1,0.0,0.0,0.0,0.0,0.0,0.0,14.11915,-1.77296,-57.85562,0.00011,-0.75177
5206.1,index_price,1554721143049,open,0.16,0.0,0.15809885,0.17522127,0.16986497,71.89,None,0,BTC-26APR19-6000-P,5206.1,0.0,0.0,0.0,0.0,0.0,0.0,3.30407,-6.64418,-2.4518,0.00035,-0.79175
5206.1,index_price,1554721143050,open,0.26,21.6,0.25568084,0.25589068,0.25577173,105.13,0.2515,0,BTC-12APR19-3875-C,5206.1,0.0,0.002,0.5,0.0,0.0,0.0,0.04489,-0.60887,0.40991,1e-05,0.99728
5229.04,BTC-28JUN19,1554721143054,open,1.28,10.0,1.29489473,1.29653011,1.30029771,88.68,1.243,0.0,BTC-28JUN19-12000-P,5206.1,0.0,0.0,0.0,0.0,0.0,0.0,2.00955,-1.10172,-26.21836,4e-05,-0.96257
5255.34,BTC-27SEP19,1554721143054,open,0.72,42.8,0.71459405,0.7156678,0.71648241,86.45,0.6235,0.0,BTC-27SEP19-1500-C,5206.1,0.0,0.698,3.0,0.725,3.0,117.35,0.78811,-0.19819,6.81891,1e-05,0.99203
5255.34,BTC-27SEP19,1554721143050,open,1.29,0.0,1.28956947,1.45155401,1.32024353,72.2,None,0.0,BTC-27DEC19-12000-P,5206.1,0.0,0.0,0.0,0.0,0.0,0.0,10.34901,-1.4213,-82.18295,7e-05,-0.85107
5206.1,index_price,1554721143049,open,0.2,0.0,0.1838954,0.19792754,0.18923308,87.24,None,0,BTC-19APR19-4250-C,5206.1,0.0,0.0005,20.0,0.0,0.0,0.0,1.30291,-5.22539,1.13763,0.00018,0.9226
5206.1,index_price,1554721143049,open,0.08,178.6,0.06598928,0.08439174,0.07509816,86.3,0.062,0,BTC-12APR19-4875-C,5206.1,80.92,0.0735,4.0,0.0795,4.0,100.31,1.57471,-17.53275,0.39149,0.00063,0.78329
5255.34,BTC-27SEP19,1554721143055,open,0.08,859.3,0.05330686,0.11871086,0.07970846,64.94,0.087,0.0,BTC-27SEP19-7000-C,5206.1,64.46,0.0785,10.0,0.085,23.2,67.04,13.16985,-2.48799,6.36894,0.00016,0.33707
5206.1,index_price,1554721143051,open,0.16,1133.5,0.14013914,0.15457226,0.15065765,73.06,0.0145,0,BTC-26APR19-4500-C,5206.1,0.0,0.0145,3.9,0.23,1.0,187.2,2.83722,-5.79839,1.74998,0.00029,0.83702
5206.1,index_price,1554721143049,open,0.01,41.0,0.00058245,0.020967,0.00898674,87.24,0.012,0,BTC-19APR19-6250-C,5206.1,81.44,0.007,20.0,0.0105,10.0,91.31,1.87582,-7.5239,0.18387,0.00027,0.12752
5206.1,index_price,1554721143049,open,0.03,92.2,0.02512859,0.05178221,0.03859461,82.9,0.041,0,BTC-12APR19-5250-P,5206.1,74.14,0.035,12.0,0.0415,12.0,89.98,2.13688,-22.85401,-0.30999,0.0009,-0.52216
5255.34,BTC-27SEP19,1554721143049,open,1.11,0.0,1.10309616,1.2804366,1.13333431,68.81,None,0.0,BTC-27DEC19-11000-P,5206.1,0.0,0.0,0.0,0.0,0.0,0.0,11.08288,-1.45044,-74.48986,8e-05,-0.83473
5255.34,BTC-27SEP19,1554721143049,open,1.48,0.0,1.47752739,1.62528088,1.50649123,74.54,None,0.0,BTC-27DEC19-13000-P,5206.1,0.0,0.0,0.0,0.0,0.0,0.0,9.55132,-1.35418,-89.86042,6e-05,-0.86767
5206.1,index_price,1554721143050,open,0.33,6.0,0.32771172,0.32772189,0.3276719,0.0,0.287,0,BTC-12APR19-3500-C,5206.1,0.0,0.011,5.0,0.0,0.0,0.0,0.0,0.0,0.37164,0.0,1.0
5206.1,index_price,1554721143053,open,0.0,921.8,0.00027843,0.00465473,0.00455819,79.62,0.004,0,BTC-26APR19-4000-P,5206.1,72.76,0.003,40.3,0.006,22.0,84.95,1.31136,-2.9204,-0.15599,0.00012,-0.05662
5255.34,BTC-27SEP19,1554721143051,open,0.55,0.0,0.52893645,0.61294206,0.5418876,67.5,None,0.0,BTC-27DEC19-2500-C,5206.1,0.0,0.5225,3.0,0.5615,3.0,84.74,5.07897,-0.65203,15.19478,4e-05,0.94334
5206.1,index_price,1554721143049,open,0.0,70.8,0.0,3.107e-05,1.797e-05,110.02,0.0005,0,BTC-12APR19-3625-P,5206.1,0.0,0.0,0.0,0.001,16.9,169.15,0.0109,-0.09354,-0.00033,0.0,-0.00058
5206.1,index_price,1554721143050,open,0.15,0.0,0.15254315,0.15965684,0.15562904,92.93,None,0,BTC-12APR19-6000-P,5206.1,0.0,0.0,0.0,0.2465,0.1,361.46,0.76515,-9.17307,-0.59696,0.00029,-0.92425
5206.1,index_price,1554721143050,open,0.2,1629.2,0.18495861,0.1936358,0.19202855,75.96,0.187,0,BTC-26APR19-4250-C,5206.1,0.0,0.1,1.0,0.2495,0.1,174.75,1.99725,-4.2436,1.80934,0.0002,0.90167
5206.1,index_price,1554721143050,open,0.18,0.0,0.17758422,0.20146531,0.18759793,85.89,None,0,BTC-19APR19-6125-P,5206.1,0.0,0.0,0.0,0.0,0.0,0.0,2.12607,-8.39501,-1.60439,0.00031,-0.84667
5206.1,index_price,1554721143049,open,0.13,0.0,0.11479351,0.14328871,0.12716748,83.16,None,0,BTC-19APR19-4625-C,5206.1,0.0,0.0,0.0,0.0,0.0,0.0,2.39917,-9.17223,1.06691,0.00036,0.81495
5206.1,index_price,1554721143051,open,0.24,0.0,0.23169443,0.23911357,0.23431525,90.95,None,0,BTC-19APR19-4000-C,5206.1,0.0,0.0005,20.0,0.0,0.0,0.0,0.76573,-3.20181,1.12656,0.0001,0.96055
5255.34,BTC-27SEP19,1554721143052,open,1.66,0.0,1.66638117,1.80117167,1.69584192,78.03,None,0.0,BTC-27DEC19-14000-P,5206.1,0.0,0.0,0.0,0.0,0.0,0.0,9.199,-1.36519,-97.29137,6e-05,-0.87465
5206.1,index_price,1554721143053,open,0.52,0.0,0.51979409,0.51979455,0.51982297,103.48,None,0,BTC-26APR19-2500-C,5206.1,0.0,0.51,3.0,0.535,3.0,246.37,0.01871,-0.05417,1.22313,0.0,0.99955
5255.34,BTC-27SEP19,1554721143050,open,0.63,0.0,0.62044179,0.67264145,0.62919747,73.56,None,0.0,BTC-27DEC19-2000-C,5206.1,0.0,0.607,3.0,0.643,3.0,91.79,3.15644,-0.44161,12.84388,2e-05,0.96854
5206.1,index_price,1554721143049,open,0.01,176.6,0.0024896,0.01515519,0.01150632,73.23,0.0105,0,BTC-26APR19-6250-C,5206.1,70.2,0.01,30.4,0.013,20.0,76.08,2.65774,-5.44373,0.34705,0.00027,0.14762
5206.1,index_price,1554721143052,open,0.09,473.8,0.06588822,0.09072189,0.08299609,70.77,0.089,0,BTC-26APR19-5000-C,5206.1,67.78,0.0805,12.0,0.088,12.0,76.76,4.34371,-8.59864,1.39887,0.00046,0.63165
5206.1,index_price,1554721143052,open,0.02,13.8,0.00561458,0.04112396,0.02140201,82.44,0.0255,0,BTC-19APR19-5750-C,5206.1,79.05,0.0195,16.0,0.0245,10.0,87.84,2.94518,-11.16307,0.37834,0.00044,0.2653
5229.04,BTC-28JUN19,1554721143078,open,0.04,1353.1,0.01401989,0.04644105,0.0370789,68.66,0.039,0.0,BTC-28JUN19-7000-C,5206.1,67.54,0.0355,9.6,0.039,19.3,69.99,7.46229,-3.16736,2.22778,0.00018,0.22936
5255.34,BTC-27SEP19,1554721143090,open,0.07,51.4,0.02664514,0.23591693,0.06412425,65.97,0.07,0.0,BTC-27DEC19-9000-C,5206.1,65.17,0.062,10.5,0.0685,20.0,67.58,14.10995,-1.77044,6.95675,0.00011,0.24793
5254.05,BTC-27SEP19,1554721143102,open,0.1,18.2,0.07627331,0.13673459,0.10156837,64.96,0.094,0.0,BTC-27SEP19-4500-P,5206.1,63.43,0.098,5.0,0.1065,5.0,67.08,12.22391,-2.3101,-9.54419,0.00014,-0.2842
5255.34,BTC-27SEP19,1554721143111,open,0.08,7.6,0.0581843,0.11397712,0.0827639,65.67,0.0885,0.0,BTC-27SEP19-4250-P,5206.1,63.68,0.0785,5.0,0.0865,2.0,67.41,11.28848,-2.15655,-8.06322,0.00013,-0.24306
5255.34,BTC-27SEP19,1554721143113,open,0.19,33.5,0.14075559,0.35604458,0.18575065,64.11,0.2195,0.0,BTC-27DEC19-5000-P,5206.1,61.19,0.1765,5.0,0.1845,2.0,63.71,16.65466,-2.0308,-20.58394,0.00013,-0.35809
5229.04,BTC-28JUN19,1554721143120,open,0.9,43.0,0.91268333,0.91867583,0.92125308,79.9,0.89,0.0,BTC-28JUN19-10000-P,5206.1,0.0,0.1,0.2,0.9245,0.2,85.04,3.0198,-1.49177,-21.53844,6e-05,-0.93769
189.68,ETH-27SEP19,1554721143122,open,0.12,78.0,0.084551,0.233408,0.126704,78.38,0.118,0.0,ETH-27SEP19-160-P,177.96,72.03,0.112,48.0,0.138,48.0,83.31,0.43752,-0.09977,-0.36247,0.00329,-0.27917
5229.04,BTC-28JUN19,1554721143127,open,0.1,187.6,0.07137256,0.11623498,0.10133238,66.7,0.0925,0.0,BTC-28JUN19-5000-P,5206.1,64.56,0.0975,5.0,0.103,1.8,67.62,9.38854,-3.87123,-5.60268,0.00023,-0.38223
5255.34,BTC-27SEP19,1554721143095,open,0.01,382.7,0.00211261,0.01497339,0.00972926,72.07,0.012,0.0,BTC-27SEP19-2500-P,5206.1,67.08,0.007,15.0,0.0125,33.0,76.46,3.11415,-0.65293,-1.23319,3e-05,-0.0401
5206.1,index_price,1554721143135,open,0.0,1360.0,4.054e-05,0.0018689,0.00294043,86.95,0.0035,0,BTC-26APR19-3750-P,5206.1,80.96,0.002,50.0,0.0035,32.0,90.01,0.90768,-2.20755,-0.09887,8e-05,-0.03584
5206.1,index_price,1554721143139,open,0.02,290.0,0.01206584,0.03246004,0.02642798,71.66,0.0295,0,BTC-26APR19-4750-P,5206.1,67.5,0.0235,32.3,0.028,2.0,73.86,3.70301,-7.42263,-0.7187,0.00039,-0.25545
189.68,ETH-27SEP19,1554721143140,open,0.12,78.0,0.084551,0.233408,0.126704,78.38,0.118,0.0,ETH-27SEP19-160-P,177.96,72.03,0.112,48.0,0.138,244.0,83.31,0.43752,-0.09977,-0.36247,0.00329,-0.27917
177.96,index_price,1554721143159,open,0.34,0.0,0.329699,0.332424,0.330681,110.0,None,0.2,ETH-19APR19-120-C,177.96,0.0,0.0,0.0,0.0,0.0,0.0,0.01086,-0.11882,0.03476,0.00105,0.98616
177.96,index_price,1554721143255,open,0.0,100.0,0.0,0.0,0.0,110.0,0.001,0.2,ETH-12APR19-100-P,177.96,0.0,0.0,0.0,0.003,300.0,304.97,0.0,0.0,0.0,0.0,0.0
186.04,ETH-28JUN19,1554721143309,open,0.34,325.0,0.312623,0.368745,0.322991,72.93,0.325,0.0,ETH-28JUN19-130-C,177.96,0.0,0.14,50.0,0.7,1.0,387.04,0.16686,-0.07524,0.23289,0.00298,0.88795
5228.91,BTC-28JUN19,1554721143329,open,0.9,43.0,0.91273078,0.91872232,0.92125308,79.82,0.89,0.0,BTC-28JUN19-10000-P,5206.1,0.0,0.1,0.2,0.925,0.2,85.7,3.01052,-1.4857,-21.54072,6e-05,-0.93794
189.7,ETH-27SEP19,1554721143334,open,0.3,0.0,0.267094,0.443376,0.312793,76.79,None,0.0,ETH-27SEP19-220-P,177.96,0.0,0.001,50.0,0.35,1.0,90.36,0.51924,-0.116,-0.73244,0.00399,-0.50707
177.96,index_price,1554721143351,open,0.39,0.0,0.383195,0.383199,0.383195,110.0,None,0.2,ETH-12APR19-110-C,177.96,0.0,0.001,100.0,0.0,0.0,0.0,1e-05,-0.06024,0.01166,0.0,0.99999
5255.32,BTC-27SEP19,1554721143353,open,0.1,18.2,0.07618889,0.13663176,0.10156837,65.0,0.094,0.0,BTC-27SEP19-4500-P,5206.1,63.47,0.098,5.0,0.1065,7.0,67.12,12.22362,-2.31147,-9.54259,0.00014,-0.28404
5228.91,BTC-28JUN19,1554721143367,open,2.79,0.4,2.82488894,2.82490053,2.82618687,108.43,5.076,0.0,BTC-28JUN19-20000-P,5206.1,0.0,0.0,0.0,0.0,0.0,0.0,0.58747,-0.39379,-44.22836,1e-05,-0.99119
5206.1,index_price,1554721143425,open,0.02,290.0,0.01206584,0.03246004,0.02642798,71.66,0.0295,0,BTC-26APR19-4750-P,5206.1,67.5,0.0235,16.0,0.028,2.0,73.86,3.70301,-7.42263,-0.7187,0.00039,-0.25545
177.96,index_price,1554721143444,open,0.0,150.0,0.0,4e-06,0.0,110.0,0.001,0.2,ETH-12APR19-110-P,177.96,0.0,0.0,0.0,0.002,100.0,243.01,1e-05,-3e-05,0.0,0.0,-1e-05
177.96,index_price,1554721143461,open,0.22,0.0,0.233616,0.237338,0.235183,110.0,None,0.2,ETH-12APR19-220-P,177.96,0.0,0.001,100.0,0.306,1.0,359.03,0.01459,-0.09021,-0.02265,0.00395,-0.96371
177.96,index_price,1554721143461,open,0.29,155.0,0.273864,0.28043,0.276772,109.11,0.312,0.2,ETH-19APR19-130-C,177.96,0.0,0.0,0.0,0.0,0.0,0.0,0.02456,-0.19015,0.03642,0.00238,0.96352
186.04,ETH-28JUN19,1554721143466,open,0.02,1031.0,0.011397,0.067519,0.021803,72.98,0.018,0.0,ETH-28JUN19-130-P,177.96,70.94,0.02,60.0,0.028,60.0,79.58,0.16697,-0.07533,-0.05522,0.00298,-0.11215
177.96,index_price,1554721143507,open,0.27,0.0,0.285047,0.301565,0.292185,103.75,None,0.2,ETH-19APR19-230-P,177.96,0.0,0.0,0.0,0.0,0.0,0.0,0.052,-0.1313,-0.06347,0.00531,-0.90481
177.96,index_price,1554721143519,open,0.22,0.0,0.229888,0.252942,0.240917,103.12,None,0.2,ETH-19APR19-220-P,177.96,0.0,0.0,0.0,0.0,0.0,0.0,0.06922,-0.22105,-0.05824,0.00711,-0.85744
177.96,index_price,1554721143544,open,0.34,88.0,0.327122,0.32717,0.327127,110.0,0.315,0.2,ETH-12APR19-120-C,177.96,0.0,0.001,100.0,0.0,0.0,0.0,0.00013,-0.06749,0.01271,4e-05,0.99981
186.06,ETH-28JUN19,1554721143574,open,0.33,0.0,0.321846,0.414939,0.343202,74.08,None,0.0,ETH-28JUN19-240-P,177.96,0.0,0.001,100.0,0.0,0.0,0.0,0.29941,-0.13712,-0.43453,0.00527,-0.71079
186.06,ETH-28JUN19,1554721143619,open,0.3,399.0,0.267566,0.335132,0.280337,72.09,0.242,0.0,ETH-28JUN19-140-C,177.96,0.0,0.2,5.0,0.7,1.0,398.86,0.21026,-0.09371,0.23206,0.0038,0.84323
177.96,index_price,1554721143621,open,0.0,71.0,2.4e-05,0.006591,0.002933,109.11,0.003,0.2,ETH-19APR19-130-P,177.96,90.64,0.001,10.0,0.004,100.0,116.19,0.02456,-0.11934,-0.00209,0.00238,-0.03648
177.96,index_price,1554721143650,open,0.0,650.0,0.0,4.9e-05,6e-06,110.0,0.001,0.2,ETH-12APR19-120-P,177.96,0.0,0.0,0.0,0.001,2.0,183.15,0.00013,-0.00098,0.0,4e-05,-0.00019
5206.1,index_price,1554721143702,open,0.01,100.5,0.00055531,0.0139654,0.00682253,88.98,0.01,0,BTC-12APR19-5750-C,5206.1,87.62,0.0065,1.0,0.0085,26.0,95.69,1.24889,-14.33616,0.07896,0.00049,0.14965
5255.34,BTC-27SEP19,1554721143706,open,0.19,33.5,0.14075559,0.35604458,0.18575065,64.11,0.2195,0.0,BTC-27DEC19-5000-P,5206.1,61.04,0.176,5.0,0.1845,2.0,63.71,16.65466,-2.0308,-20.58394,0.00013,-0.35809
5255.34,BTC-27SEP19,1554721143708,open,0.08,7.6,0.0581843,0.11397712,0.0827639,65.67,0.0885,0.0,BTC-27SEP19-4250-P,5206.1,63.45,0.078,14.6,0.0865,2.0,67.41,11.28848,-2.15655,-8.06322,0.00013,-0.24306
5255.32,BTC-27SEP19,1554721143710,open,0.12,26.0,0.09695637,0.1612048,0.12415109,65.0,0.12,0.0,BTC-27SEP19-4750-P,5206.1,63.12,0.1195,5.0,0.128,2.0,66.56,13.00354,-2.45901,-11.15155,0.00015,-0.32647
5206.1,index_price,1554721143715,open,0.03,85.2,0.01669618,0.04334979,0.03009439,82.74,0.036,0,BTC-12APR19-5250-C,5206.1,78.85,0.0285,12.0,0.0325,6.0,88.6,2.13685,-22.80812,0.24745,0.0009,0.47772
5255.34,BTC-27SEP19,1554721143717,open,0.19,33.5,0.14075559,0.35604458,0.18575065,64.11,0.2195,0.0,BTC-27DEC19-5000-P,5206.1,61.04,0.176,5.0,0.1845,7.0,63.71,16.65466,-2.0308,-20.58394,0.00013,-0.35809
5255.34,BTC-27SEP19,1554721143719,open,0.08,7.6,0.0581843,0.11397712,0.0827639,65.67,0.0885,0.0,BTC-27SEP19-4250-P,5206.1,63.45,0.078,14.6,0.0865,7.0,67.41,11.28848,-2.15655,-8.06322,0.00013,-0.24306
189.72,ETH-27SEP19,1554721143721,open,0.69,0.0,0.68392,0.702567,0.688696,93.25,None,0.0,ETH-27SEP19-60-C,177.96,0.0,0.0,0.0,0.0,0.0,0.0,0.055,-0.01492,0.26289,0.00035,0.98296
5255.32,BTC-27SEP19,1554721143721,open,0.12,26.0,0.09695637,0.1612048,0.12415109,65.0,0.12,0.0,BTC-27SEP19-4750-P,5206.1,63.12,0.1195,5.0,0.128,7.0,66.56,13.00354,-2.45901,-11.15155,0.00015,-0.32647
186.06,ETH-28JUN19,1554721143729,open,0.51,0.0,0.516251,0.589431,0.535773,78.9,None,0.0,ETH-28JUN19-280-P,177.96,0.0,0.001,50.0,0.0,0.0,0.0,0.22993,-0.11216,-0.55888,0.0038,-0.81985
186.06,ETH-28JUN19,1554721143733,open,0.05,506.0,0.019195,0.102728,0.040893,77.05,0.054,0.0,ETH-28JUN19-260-C,177.96,74.28,0.037,48.0,0.048,320.0,81.91,0.26548,-0.12647,0.07767,0.00449,0.22929
5255.32,BTC-27SEP19,1554721143748,open,0.12,26.0,0.09695637,0.1612048,0.12415109,65.0,0.12,0.0,BTC-27SEP19-4750-P,5206.1,63.33,0.12,5.0,0.128,7.0,66.56,13.00354,-2.45901,-11.15155,0.00015,-0.32647
177.96,index_price,1554721143748,open,0.28,1.0,0.271048,0.271399,0.271125,110.0,0.164,0.2,ETH-12APR19-130-C,177.96,0.0,0.001,100.0,0.391,1.0,500.0,0.00128,-0.08896,0.01373,0.00034,0.99779
5206.1,index_price,1554721143754,open,0.01,100.5,0.00055531,0.0139654,0.00682253,88.98,0.01,0,BTC-12APR19-5750-C,5206.1,87.62,0.0065,1.0,0.0085,46.0,95.69,1.24889,-14.33616,0.07896,0.00049,0.14965
177.96,index_price,1554721143774,open,0.23,247.0,0.21825,0.231657,0.222189,94.81,0.261,0.2,ETH-19APR19-140-C,177.96,0.0,0.0,0.0,0.0,0.0,0.0,0.03494,-0.22263,0.03824,0.00391,0.94343
189.72,ETH-27SEP19,1554721143776,open,0.06,192.0,0.025582,0.176097,0.062451,79.52,0.071,0.0,ETH-27SEP19-320-C,178.22,76.49,0.056,48.0,0.077,274.0,86.03,0.41072,-0.09501,0.16453,0.00305,0.24662
186.06,ETH-28JUN19,1554721143777,open,0.42,0.0,0.416594,0.500126,0.438141,76.95,None,0.0,ETH-28JUN19-260-P,178.22,0.0,0.001,50.0,0.0,0.0,0.0,0.26518,-0.12615,-0.49856,0.00449,-0.77117
189.72,ETH-27SEP19,1554721143777,open,0.0,120.0,0.000175,0.018823,0.004934,93.19,0.01,0.0,ETH-27SEP19-60-P,178.22,72.9,0.001,2002.0,0.008,300.0,102.37,0.0549,-0.01488,-0.0196,0.00035,-0.017
186.06,ETH-28JUN19,1554721143777,open,0.01,1969.0,0.001008,0.024201,0.00547,79.51,0.008,0.0,ETH-28JUN19-100-P,178.22,71.05,0.003,360.0,0.01,360.0,90.68,0.06357,-0.03125,-0.01563,0.00104,-0.03244
178.22,index_price,1554721143777,open,0.01,193.0,0.00164,0.024811,0.008638,89.36,0.009,0.2,ETH-19APR19-150-P,178.22,67.97,0.003,100.0,0.01,105.0,93.47,0.05737,-0.22424,-0.00623,0.00678,-0.10874
186.06,ETH-28JUN19,1554721143777,open,0.58,0.0,0.570104,0.578868,0.572742,92.0,None,0.0,ETH-28JUN19-80-C,178.22,0.0,0.001,10.0,0.0,0.0,0.0,0.03349,-0.01905,0.16989,0.00047,0.98483
189.72,ETH-27SEP19,1554721143777,open,0.35,343.0,0.308849,0.436213,0.343056,78.42,0.189,0.0,ETH-27SEP19-140-C,178.22,32.86,0.27,5.0,0.739,1.0,298.58,0.36688,-0.0837,0.40626,0.00276,0.7978
186.06,ETH-28JUN19,1554721143777,open,0.48,0.0,0.463547,0.48674,0.467933,79.29,None,0.0,ETH-28JUN19-100-C,178.22,0.0,0.001,10.0,0.498,10.0,130.23,0.06309,-0.03092,0.2061,0.00104,0.96786
186.32,ETH-28JUN19,1554721143778,open,0.43,10.0,0.412218,0.445227,0.417396,74.54,0.265,0.0,ETH-28JUN19-110-C,178.22,0.0,0.001,50.0,0.0,0.0,0.0,0.08569,-0.03949,0.22123,0.00149,0.95327
186.32,ETH-28JUN19,1554721143778,open,0.33,0.0,0.320315,0.413553,0.343202,74.99,None,0.0,ETH-28JUN19-240-P,178.22,0.0,0.001,100.0,0.0,0.0,0.0,0.3023,-0.14014,-0.43302,0.00524,-0.70566
186.32,ETH-28JUN19,1554721143778,open,0.01,1025.0,2.7e-05,0.011598,0.006217,103.62,0.008,0.0,ETH-28JUN19-500-C,178.22,100.24,0.005,40.0,0.008,300.0,107.89,0.07178,-0.04599,0.01294,0.0009,0.03755
178.22,index_price,1554721143777,open,0.12,1122.0,0.105019,0.118806,0.111372,100.46,0.128,0.2,ETH-12APR19-160-C,178.22,88.93,0.109,20.0,0.119,20.0,130.7,0.03939,-0.58435,0.01431,0.01163,0.86737
178.22,index_price,1554721143777,open,0.29,155.0,0.274922,0.28139,0.276772,100.84,0.312,0.2,ETH-19APR19-130-C,178.22,0.0,0.0,0.0,0.0,0.0,0.0,0.01892,-0.15574,0.03699,0.00198,0.97343
178.22,index_price,1554721143777,open,0.13,99.0,0.123721,0.163208,0.139644,91.49,0.1,0.2,ETH-19APR19-200-P,178.22,55.68,0.122,20.0,0.142,20.0,95.58,0.10169,-0.34278,-0.04619,0.01174,-0.73018
189.98,ETH-27SEP19,1554721143778,open,0.6,0.0,0.580599,0.621964,0.587712,80.56,None,0.0,ETH-27SEP19-80-C,178.22,0.0,0.0,0.0,0.0,0.0,0.0,0.09553,-0.02239,0.33948,0.0007,0.96719
186.32,ETH-28JUN19,1554721143778,open,1.64,0.0,1.683583,1.695153,1.693242,111.42,None,0.0,ETH-28JUN19-500-P,178.22,0.0,0.001,200.0,0.0,0.0,0.0,0.09422,-0.0649,-1.09016,0.0011,-0.94737
178.22,index_price,1554721143776,open,0.22,0.0,0.228133,0.251422,0.240917,107.1,None,0.2,ETH-19APR19-220-P,178.22,0.0,0.0,0.0,0.0,0.0,0.0,0.07336,-0.25519,-0.05766,0.00724,-0.84483
178.22,index_price,1554721143777,open,0.17,1122.0,0.160169,0.165678,0.161765,98.67,0.204,0.2,ETH-12APR19-150-C,178.22,0.0,0.008,1.0,0.263,1.0,457.92,0.01537,-0.27377,0.01513,0.00462,0.9614
178.22,index_price,1554721143778,open,0.17,0.0,0.174404,0.205622,0.188875,98.73,None,0.2,ETH-19APR19-210-P,178.22,0.0,0.17,20.0,0.188,20.0,96.9,0.08605,-0.29398,-0.05253,0.00921,-0.80029
178.22,index_price,1554721143777,open,0.12,101.0,0.120692,0.135541,0.130353,111.93,0.124,0.2,ETH-12APR19-200-P,178.22,0.0,0.117,20.0,0.129,20.0,106.77,0.04783,-0.59755,-0.01803,0.01267,-0.82216
178.22,index_price,1554721143777,open,0.28,1.0,0.272112,0.272451,0.271125,0.0,0.164,0.2,ETH-12APR19-130-C,178.22,0.0,0.001,100.0,0.391,1.0,500.0,0.0,-0.07108,0.01377,0.0,1.0
178.22,index_price,1554721143777,open,0.09,499.0,0.078918,0.124934,0.098037,90.0,0.09,0.2,ETH-19APR19-190-P,178.22,61.78,0.08,60.0,0.102,60.0,95.99,0.11747,-0.41629,-0.03794,0.01379,-0.61637
189.98,ETH-27SEP19,1554721143779,open,0.46,0.0,0.429682,0.601666,0.47289,77.37,None,0.0,ETH-27SEP19-260-P,178.22,0.0,0.013,1.0,0.508,1.0,90.64,0.49325,-0.11102,-0.9845,0.00375,-0.6276
178.22,index_price,1554721143777,open,0.27,0.0,0.283186,0.299898,0.292185,109.38,None,0.2,ETH-19APR19-230-P,178.22,0.0,0.0,0.0,0.0,0.0,0.0,0.05796,-0.17602,-0.06276,0.0056,-0.88971
178.22,index_price,1554721143778,open,0.22,0.0,0.231817,0.235632,0.235183,126.58,None,0.2,ETH-12APR19-220-P,178.22,0.0,0.001,100.0,0.306,1.0,362.66,0.02262,-0.25484,-0.02219,0.0053,-0.93739
178.22,index_price,1554721143777,open,0.07,62.0,0.069139,0.092791,0.083041,103.67,0.07,0.2,ETH-12APR19-190-P,178.22,66.88,0.071,60.0,0.084,60.0,106.34,0.0638,-0.77683,-0.01483,0.01825,-0.7005
178.22,index_price,1554721143777,open,0.23,713.0,0.216121,0.217737,0.215563,0.0,0.216,0.2,ETH-12APR19-140-C,178.22,0.0,0.001,100.0,0.326,1.0,500.0,0.0,-0.07655,0.01483,0.0,1.0
178.22,index_price,1554721143777,open,0.08,481.0,0.05542,0.07968,0.069253,101.6,0.074,0.2,ETH-12APR19-170-C,178.22,86.66,0.064,20.0,0.076,20.0,120.11,0.06388,-0.89881,0.01193,0.01864,0.69975
178.22,index_price,1554721143776,open,0.16,60.0,0.175911,0.183806,0.181536,118.64,0.167,0.2,ETH-12APR19-210-P,178.22,0.0,0.168,20.0,0.24,1.0,301.85,0.03297,-0.39934,-0.02041,0.00824,-0.89683
178.22,index_price,1554721143777,open,0.14,217.0,0.114291,0.148899,0.125821,86.85,0.148,0.2,ETH-19APR19-160-C,178.22,71.98,0.119,20.0,0.136,20.0,106.69,0.08667,-0.41167,0.03569,0.01055,0.79789
178.22,index_price,1554721143777,open,0.23,247.0,0.219379,0.232614,0.222189,88.95,0.261,0.2,ETH-19APR19-140-C,178.22,0.0,0.0,0.0,0.0,0.0,0.0,0.02955,-0.19232,0.03888,0.00351,0.95426
178.22,index_price,1554721143777,open,0.18,153.0,0.164985,0.188155,0.17076,85.45,0.211,0.2,ETH-19APR19-150-C,178.22,0.0,0.0,0.0,0.0,0.0,0.0,0.0539,-0.28298,0.03874,0.00667,0.90023
186.06,ETH-28JUN19,1554721143781,open,0.26,484.0,0.226155,0.304205,0.241985,72.1,0.201,0.0,ETH-28JUN19-150-C,178.22,0.0,0.19,2.0,0.43,20.0,198.75,0.25281,-0.11269,0.22569,0.00457,0.78943
178.22,index_price,1554721143807,open,0.16,60.0,0.175911,0.183806,0.181536,118.64,0.167,0.2,ETH-12APR19-210-P,178.22,0.0,0.168,20.0,0.239,1.0,299.25,0.03297,-0.39934,-0.02041,0.00824,-0.89683
178.22,index_price,1554721143813,open,0.22,0.0,0.231817,0.235632,0.235183,126.58,None,0.2,ETH-12APR19-220-P,178.22,0.0,0.001,100.0,0.304,1.0,357.44,0.02262,-0.25484,-0.02219,0.0053,-0.93739
189.72,ETH-27SEP19,1554721143819,open,0.72,0.0,0.712278,0.862793,0.749454,79.66,None,0.0,ETH-27SEP19-320-P,178.22,0.0,0.002,1.0,0.773,1.0,90.02,0.41133,-0.09532,-1.34198,0.00305,-0.75269
189.98,ETH-27SEP19,1554721143822,open,0.46,0.0,0.429682,0.601666,0.47289,77.37,None,0.0,ETH-27SEP19-260-P,178.22,0.0,0.013,1.0,0.507,1.0,90.26,0.49325,-0.11102,-0.9845,0.00375,-0.6276
189.72,ETH-27SEP19,1554721143823,open,0.3,0.0,0.267007,0.443287,0.312793,76.79,None,0.0,ETH-27SEP19-220-P,178.22,0.0,0.001,50.0,0.349,1.0,90.03,0.5193,-0.11601,-0.73237,0.00399,-0.50698
186.32,ETH-28JUN19,1554721143891,open,0.42,0.0,0.414825,0.498542,0.438141,78.12,None,0.0,ETH-28JUN19-260-P,178.22,0.0,0.001,50.0,0.0,0.0,0.0,0.26956,-0.13019,-0.49668,0.00449,-0.76494
189.72,ETH-27SEP19,1554721143916,open,0.23,1.0,0.195969,0.368686,0.2416,76.8,0.247,0.0,ETH-27SEP19-200-P,178.22,71.77,0.228,36.0,0.262,158.0,84.37,0.51249,-0.1145,-0.60456,0.00394,-0.43511
186.32,ETH-28JUN19,1554721143920,open,0.03,251.0,0.006723,0.069988,0.026555,83.14,0.027,0.0,ETH-28JUN19-300-C,178.22,77.91,0.021,60.0,0.029,360.0,85.3,0.20769,-0.10676,0.05243,0.00325,0.15354
5228.91,BTC-28JUN19,1554721144048,open,0.4,0.1,0.37916971,0.38702635,0.38949024,74.49,0.395,0.0,BTC-28JUN19-3250-C,5206.4,0.0,0.0,0.0,0.4055,5.0,96.77,3.03903,-1.39954,6.34561,7e-05,0.93718
5228.91,BTC-28JUN19,1554721144048,open,0.31,30.0,0.28729395,0.30549264,0.30631703,70.87,0.298,0.0,BTC-28JUN19-3750-C,5206.4,0.0,0.0,0.0,0.322,5.0,85.96,4.99109,-2.18677,6.6196,0.00012,0.87766
5228.91,BTC-28JUN19,1554721144048,open,0.24,2.5,0.20372344,0.23463745,0.23211137,68.15,0.166,0.0,BTC-28JUN19-4250-C,5206.4,0.0,0.0,0.0,0.42,6.0,193.8,7.09279,-2.98826,6.46424,0.00017,0.79004
5228.91,BTC-28JUN19,1554721144048,open,2.79,0.4,2.82488894,2.82490053,2.82685876,113.53,5.076,0.0,BTC-28JUN19-20000-P,5206.4,0.0,0.0,0.0,0.0,0.0,0.0,0.79357,-0.55701,-44.19405,1e-05,-0.98755
5228.91,BTC-28JUN19,1554721144049,open,0.01,58.1,0.00071416,0.0085708,0.01117261,74.73,0.0115,0.0,BTC-28JUN19-3250-P,5206.4,70.82,0.009,12.0,0.013,12.0,77.75,3.05645,-1.41204,-0.86261,7e-05,-0.06328
5228.91,BTC-28JUN19,1554721144048,open,1.28,10.0,1.29495178,1.29658684,1.30080419,89.82,1.243,0.0,BTC-28JUN19-12000-P,5206.4,0.0,0.0,0.0,0.0,0.0,0.0,2.11125,-1.17239,-26.19648,4e-05,-0.96023
5206.4,index_price,1554721144048,open,0.01,2.5,0.00024495,0.01426922,0.00565303,87.53,0.0065,0,BTC-19APR19-4250-P,5206.4,78.01,0.0035,30.0,0.0075,30.0,94.4,1.31031,-5.27297,-0.12972,0.00019,-0.07797
5206.4,index_price,1554721144048,open,0.0,82.9,0.0,0.00020953,0.00014167,110.1,0.001,0,BTC-12APR19-3875-P,5206.4,0.0,0.0,0.0,0.001,6.9,141.61,0.06226,-0.73758,-0.00224,2e-05,-0.00391
5206.4,index_price,1554721144048,open,0.34,0.0,0.34464632,0.34850493,0.34881612,81.21,None,0,BTC-26APR19-7000-P,5206.4,0.0,0.0,0.0,0.0,0.0,0.0,1.36717,-3.10552,-3.287,0.00013,-0.9403
5206.4,index_price,1554721144048,open,0.0,42.0,1e-07,0.00156884,0.00098476,106.58,0.002,0,BTC-12APR19-6500-C,5206.4,96.62,0.0005,1.0,0.0015,6.9,114.12,0.31008,-4.26359,0.01309,0.0001,0.02467
5255.62,BTC-27SEP19,1554721144050,open,0.56,2.5,0.55117941,0.60682013,0.57731681,67.23,1.278,0.0,BTC-27SEP19-8000-P,5206.4,0.0,0.0035,13.1,0.0,0.0,0.0,11.41732,-2.23287,-32.89268,0.00013,-0.75177
5228.91,BTC-28JUN19,1554721144050,open,0.36,19.5,0.35272811,0.38514692,0.37602263,68.82,0.7515,0.0,BTC-28JUN19-7000-P,5206.4,0.0,0.0,0.0,0.381,0.2,72.24,7.47589,-3.18081,-13.2766,0.00018,-0.76989
5206.4,index_price,1554721144048,open,0.29,0.0,0.29651767,0.30656315,0.30048445,92.7,None,0,BTC-19APR19-6750-P,5206.4,0.0,0.0,0.0,0.0,0.0,0.0,1.09073,-4.64831,-1.92214,0.00015,-0.93855
5206.4,index_price,1554721144048,open,0.03,78.0,0.01172076,0.03335358,0.02499361,69.16,0.028,0,BTC-26APR19-5750-C,5206.4,69.16,0.025,10.0,0.0285,16.0,73.77,3.902,-7.54778,0.65921,0.00043,0.28353
5255.62,BTC-27SEP19,1554721144051,open,0.16,258.8,0.12827408,0.19880738,0.15761374,64.76,0.167,0.0,BTC-27SEP19-5500-C,5206.4,62.15,0.1505,7.2,0.161,5.7,66.01,14.28469,-2.69129,9.65486,0.00017,0.54774
5206.4,index_price,1554721144048,open,0.24,0.0,0.24861799,0.26310489,0.25462509,90.71,None,0,BTC-19APR19-6500-P,5206.4,0.0,0.0,0.0,0.0,0.0,0.0,1.4629,-6.10067,-1.80626,0.0002,-0.90971
5255.62,BTC-27SEP19,1554721144048,open,0.04,12.8,0.00998989,0.1873396,0.04003572,68.71,0.093,0.0,BTC-27DEC19-11000-C,5206.4,67.25,0.037,10.0,0.0435,10.0,70.33,11.06171,-1.44571,4.72142,8e-05,0.16477
5206.4,index_price,1554721144048,open,0.0,0.0,3.642e-05,0.01008189,0.00360714,90.75,None,0,BTC-19APR19-6750-C,5206.4,81.27,0.002,30.0,0.0055,26.9,99.24,1.03041,-4.29917,0.08306,0.00014,0.05715
5206.4,index_price,1554721144048,open,0.01,3.5,0.00064334,0.01902091,0.00800766,85.81,0.007,0,BTC-19APR19-4375-P,5206.4,79.07,0.006,20.0,0.0095,10.0,90.37,1.64418,-6.48612,-0.17669,0.00024,-0.10589
5255.62,BTC-27SEP19,1554721144048,open,0.59,0.0,0.56599414,0.7892205,0.6054724,64.24,None,0.0,BTC-27DEC19-8000-P,5206.4,0.0,0.0,0.0,0.0,0.0,0.0,15.71759,-1.92042,-49.06554,0.00012,-0.6908
5228.91,BTC-28JUN19,1554721144052,open,1.84,2.0,1.86866701,1.86890434,1.87167186,98.33,2.658,0.0,BTC-28JUN19-15000-P,5206.4,0.0,0.0,0.0,0.0,0.0,0.0,1.21229,-0.73696,-33.03496,2e-05,-0.97959
5228.91,BTC-28JUN19,1554721144052,open,0.72,6.6,0.7223008,0.73349657,0.73342947,74.91,0.704,0.0,BTC-28JUN19-9000-P,5206.4,0.0,0.0,0.0,0.7375,0.2,80.0,3.875,-1.79457,-19.08337,9e-05,-0.91367
5255.62,BTC-27SEP19,1554721144052,open,0.02,688.9,0.00249104,0.02344712,0.01641516,74.03,0.0165,0.0,BTC-27SEP19-12000-C,5206.4,73.16,0.0155,10.7,0.018,10.0,75.48,5.62054,-1.2105,1.70162,6e-05,0.08517
5206.4,index_price,1554721144048,open,0.27,0.0,0.27254843,0.28464158,0.27747778,91.88,None,0,BTC-19APR19-6625-P,5206.4,0.0,0.0,0.0,0.0,0.0,0.0,1.27132,-5.37024,-1.86553,0.00017,-0.92507
5255.62,BTC-27SEP19,1554721144048,open,0.05,63.1,0.01626899,0.20968183,0.05116389,67.81,0.06,0.0,BTC-27DEC19-10000-C,5206.4,67.32,0.05,2.0,0.0535,10.0,68.78,12.60751,-1.62608,5.75619,9e-05,0.20324
5206.4,index_price,1554721144048,open,0.19,0.0,0.20044835,0.20389902,0.20225974,100.96,None,0,BTC-12APR19-6250-P,5206.4,0.0,0.0,0.0,0.346,0.1,500.0,0.50109,-6.52661,-0.64022,0.00017,-0.95582
5206.4,index_price,1554721144048,open,0.01,4.7,0.00015457,0.01464146,0.00578027,89.33,0.006,0,BTC-19APR19-6500-C,5206.4,82.19,0.004,30.0,0.008,36.9,96.85,1.41805,-5.82375,0.12537,0.0002,0.08659
5206.4,index_price,1554721144048,open,0.12,0.0,0.11003194,0.14555137,0.12610515,82.94,None,0,BTC-19APR19-5750-P,5206.4,71.77,0.12,4.0,0.1295,4.0,88.82,2.95452,-11.26536,-1.33285,0.00044,-0.73307
5206.4,index_price,1554721144048,open,0.0,31.7,2e-08,0.00103593,0.00073812,109.35,0.002,0,BTC-12APR19-6625-C,5206.4,0.0,0.0,0.0,0.0015,6.9,122.02,0.245,-3.4564,0.00991,8e-05,0.01867
5206.4,index_price,1554721144048,open,0.0,71.4,3e-08,0.00098256,0.00066323,108.22,0.001,0,BTC-12APR19-4125-P,5206.4,0.0,0.0,0.0,0.0015,36.9,123.52,0.21515,-3.00376,-0.00923,7e-05,-0.01603
5255.62,BTC-27SEP19,1554721144048,open,0.01,34.4,0.00100668,0.05320004,0.00979999,73.62,0.013,0.0,BTC-27DEC19-2000-P,5206.4,70.48,0.008,13.0,0.0115,10.0,76.33,3.16257,-0.44287,-1.56448,2e-05,-0.03153
5206.4,index_price,1554721144049,open,0.01,1.0,0.00030494,0.01755652,0.0071719,88.18,0.0085,0,BTC-19APR19-6375-C,5206.4,82.52,0.0055,20.0,0.0095,36.9,95.13,1.63277,-6.61913,0.15157,0.00023,0.10487
5206.4,index_price,1554721144049,open,0.29,0.0,0.29688285,0.30283539,0.30220742,78.11,None,0,BTC-26APR19-6750-P,5206.4,0.0,0.0,0.0,0.0,0.0,0.0,1.68764,-3.68734,-3.12036,0.00016,-0.92156
5206.4,index_price,1554721144048,open,0.26,0.0,0.27247236,0.27350828,0.27359919,116.51,None,0,BTC-12APR19-6625-P,5206.4,0.0,0.0,0.0,0.0,0.0,0.0,0.3216,-4.83397,-0.68984,0.0001,-0.97423
5206.4,index_price,1554721144048,open,0.01,0.0,7.608e-05,0.01216924,0.00461672,90.26,None,0,BTC-19APR19-6625-C,5206.4,82.56,0.003,30.0,0.0065,16.9,97.6,1.21925,-5.05916,0.1029,0.00017,0.07095
5255.62,BTC-27SEP19,1554721144048,open,0.93,0.3,0.91899407,1.11240692,0.95448289,68.06,1.4475,0.0,BTC-27DEC19-10000-P,5206.4,0.0,0.1,0.3,0.0,0.0,0.0,12.6609,-1.63892,-66.23228,9e-05,-0.79532
5206.4,index_price,1554721144048,open,0.0,0.0,2.383e-05,0.00743818,0.00270397,91.37,None,0,BTC-19APR19-4000-P,5206.4,76.61,0.001,30.0,0.004,20.0,99.16,0.77514,-3.25603,-0.06632,0.00011,-0.04004
5206.4,index_price,1554721144050,open,0.02,14.8,0.00607971,0.03966783,0.02165708,83.15,0.0225,0,BTC-19APR19-4750-P,5206.4,77.16,0.0185,16.0,0.0235,10.0,86.57,2.7847,-10.64577,-0.40369,0.00041,-0.23856
5206.4,index_price,1554721144048,open,0.24,0.0,0.24846353,0.25003227,0.24982957,112.34,None,0,BTC-12APR19-6500-P,5206.4,0.0,0.0,0.0,0.407,0.1,500.0,0.38015,-5.50942,-0.67353,0.00012,-0.96849
5206.4,index_price,1554721144049,open,0.21,0.0,0.22445507,0.22679857,0.22580512,104.07,None,0,BTC-12APR19-6375-P,5206.4,0.0,0.0,0.0,0.3765,0.1,500.0,0.39768,-5.33915,-0.65927,0.00013,-0.96672
5206.4,index_price,1554721144048,open,0.0,0.2,8.203e-05,0.01044319,0.00357925,87.52,0.0015,0,BTC-19APR19-4125-P,5206.4,77.73,0.002,30.0,0.0045,10.0,92.17,0.97061,-3.90556,-0.08775,0.00014,-0.05298
5206.4,index_price,1554721144049,open,0.01,6.0,0.00316974,0.0316538,0.01564441,83.39,0.0165,0,BTC-19APR19-4625-P,5206.4,78.65,0.0135,16.0,0.0175,10.0,87.35,2.40297,-9.21254,-0.31204,0.00036,-0.1855
5206.4,index_price,1554721144051,open,0.01,93.3,0.00130689,0.00997903,0.00845274,76.17,0.009,0,BTC-26APR19-4250-P,5206.4,70.82,0.0065,40.0,0.01,22.0,80.05,2.00443,-4.27057,-0.2735,0.0002,-0.09881
189.98,ETH-27SEP19,1554721144091,open,1.01,1.0,1.011114,1.136359,1.047285,85.56,1.285,0.0,ETH-27SEP19-380-P,178.22,0.0,0.001,200.0,0.0,0.0,0.0,0.35087,-0.08733,-1.66378,0.00241,-0.81252
186.32,ETH-28JUN19,1554721144142,open,0.61,0.0,0.616856,0.680122,0.638764,84.98,None,0.0,ETH-28JUN19-300-P,178.22,0.0,0.001,50.0,0.0,0.0,0.0,0.21418,-0.11252,-0.61013,0.00328,-0.8391
5255.32,BTC-27SEP19,1554721144143,open,0.23,11.0,0.19311036,0.2573588,0.22021467,64.97,0.2335,0.0,BTC-27SEP19-4750-C,5206.4,62.46,0.214,7.2,0.2255,10.4,67.1,13.00353,-2.45763,11.21809,0.00015,0.67353
5206.4,index_price,1554721144250,open,0.01,100.5,0.00055693,0.01397716,0.00679703,88.84,0.01,0,BTC-12APR19-5750-C,5206.4,87.59,0.0065,1.0,0.008,10.0,93.71,1.24746,-14.29712,0.07883,0.00049,0.14938
5255.32,BTC-27SEP19,1554721144252,open,0.12,26.0,0.09695637,0.1612048,0.12412948,65.0,0.12,0.0,BTC-27SEP19-4750-P,5206.4,63.33,0.12,5.0,0.128,2.0,66.56,13.00354,-2.45868,-11.15102,0.00015,-0.32647
5255.62,BTC-27SEP19,1554721144280,open,0.19,33.5,0.14072834,0.35601025,0.18584755,64.15,0.2195,0.0,BTC-27DEC19-5000-P,5206.4,61.2,0.1765,5.0,0.1845,7.0,63.72,16.65428,-2.03201,-20.58574,0.00013,-0.35801
5255.32,BTC-27SEP19,1554721144282,open,0.08,7.6,0.05818538,0.11397853,0.08280233,65.69,0.0885,0.0,BTC-27SEP19-4250-P,5206.4,63.68,0.0785,5.0,0.0865,7.0,67.41,11.28901,-2.15722,-8.06471,0.00013,-0.24309
5206.4,index_price,1554721144291,open,0.03,85.2,0.0167209,0.04337584,0.03001355,82.48,0.036,0,BTC-12APR19-5250-C,5206.4,78.79,0.0285,12.0,0.032,6.0,87.32,2.137,-22.7381,0.24756,0.0009,0.47782
5255.62,BTC-27SEP19,1554721144306,open,0.19,33.5,0.14072834,0.35601025,0.18584755,64.15,0.2195,0.0,BTC-27DEC19-5000-P,5206.4,61.2,0.1765,5.0,0.1845,2.0,63.72,16.65428,-2.03201,-20.58574,0.00013,-0.35801
5255.32,BTC-27SEP19,1554721144466,open,0.08,7.6,0.05818538,0.11397853,0.08280233,65.69,0.0885,0.0,BTC-27SEP19-4250-P,5206.4,63.68,0.0785,5.0,0.0865,2.0,67.41,11.28901,-2.15722,-8.06471,0.00013,-0.24309
5255.62,BTC-27SEP19,1554721144489,open,0.06,74.1,0.03079165,0.1803039,0.05865652,64.79,0.0535,0.0,BTC-27DEC19-3500-P,5206.4,63.22,0.0555,10.0,0.0615,12.0,66.19,10.6381,-1.31096,-8.09558,8e-05,-0.15522
5255.62,BTC-27SEP19,1554721144491,open,0.07,51.4,0.02665148,0.2359306,0.06409432,65.95,0.07,0.0,BTC-27DEC19-9000-C,5206.4,65.17,0.062,10.5,0.068,10.0,67.4,14.10894,-1.76991,6.95606,0.00011,0.24787
5206.4,index_price,1554721144692,open,0.01,2.3,0.0015046,0.02479047,0.01133503,84.63,0.011,0,BTC-19APR19-4500-P,5206.4,78.37,0.009,20.0,0.013,10.0,88.82,2.02001,-7.85904,-0.23793,0.0003,-0.14204
190.0,ETH-27SEP19,1554721144777,open,0.72,0.0,0.709967,0.86068,0.749456,80.68,None,0.0,ETH-27SEP19-320-P,178.3,0.0,0.002,1.0,0.773,1.0,90.93,0.41702,-0.09787,-1.33879,0.00304,-0.74691
186.33,ETH-28JUN19,1554721144777,open,0.51,0.0,0.514194,0.587584,0.535774,80.47,None,0.0,ETH-28JUN19-280-P,178.3,0.0,0.001,50.0,0.0,0.0,0.0,0.23635,-0.11757,-0.55651,0.00382,-0.81216
186.33,ETH-28JUN19,1554721144777,open,0.53,0.0,0.517293,0.53217,0.519522,79.56,None,0.0,ETH-28JUN19-90-C,178.3,0.0,0.001,10.0,0.0,0.0,0.0,0.03618,-0.0178,0.19153,0.00059,0.98343
190.0,ETH-27SEP19,1554721144777,open,0.06,398.0,0.019316,0.161539,0.055793,81.28,0.062,0.0,ETH-27SEP19-340-C,178.3,77.37,0.048,48.0,0.066,283.0,86.14,0.38836,-0.09183,0.14898,0.00281,0.22231
190.0,ETH-27SEP19,1554721144777,open,0.91,0.0,0.909242,1.042908,0.94597,83.57,None,0.0,ETH-27SEP19-360-P,178.3,0.0,0.0,0.0,0.962,1.0,91.41,0.36928,-0.08977,-1.55861,0.0026,-0.79609
190.0,ETH-27SEP19,1554721144777,open,0.82,0.0,0.80879,0.951013,0.848286,82.75,None,0.0,ETH-27SEP19-340-P,178.3,0.0,0.002,1.0,0.867,1.0,91.34,0.39529,-0.09515,-1.44844,0.00281,-0.77063
190.0,ETH-27SEP19,1554721144777,open,0.54,0.0,0.519543,0.685657,0.560107,77.66,None,0.0,ETH-27SEP19-280-P,178.3,0.0,0.002,1.0,0.594,2.0,90.99,0.46768,-0.10566,-1.10741,0.00354,-0.67765
186.33,ETH-28JUN19,1554721144777,open,0.18,503.0,0.156715,0.259701,0.180097,72.49,0.169,0.0,ETH-28JUN19-200-P,178.3,69.24,0.174,36.0,0.192,36.0,78.83,0.34967,-0.1567,-0.28686,0.00627,-0.51471
190.0,ETH-27SEP19,1554721144777,open,0.63,0.0,0.613315,0.772138,0.650346,77.76,None,0.0,ETH-27SEP19-300-P,178.3,0.0,0.002,1.0,0.682,2.0,90.88,0.43726,-0.09891,-1.22795,0.00331,-0.72213
186.33,ETH-28JUN19,1554721144777,open,0.01,390.0,0.00577,0.049952,0.014113,74.74,0.02,0.0,ETH-28JUN19-120-P,178.3,71.52,0.012,60.0,0.02,60.0,82.79,0.12648,-0.05844,-0.03755,0.0022,-0.07685
186.33,ETH-28JUN19,1554721144777,open,0.21,180.0,0.193414,0.295791,0.217276,73.04,0.198,0.0,ETH-28JUN19-210-P,178.3,69.64,0.211,36.0,0.23,36.0,79.9,0.34454,-0.15558,-0.32496,0.00613,-0.56981
190.0,ETH-27SEP19,1554721144777,open,0.3,0.0,0.265787,0.442046,0.312924,77.28,None,0.0,ETH-27SEP19-220-P,178.3,0.0,0.001,50.0,0.349,1.0,90.47,0.52011,-0.11693,-0.73134,0.00396,-0.5045
190.0,ETH-27SEP19,1554721144778,open,0.38,1.0,0.344513,0.520201,0.390252,77.32,0.783,0.0,ETH-27SEP19-240-P,178.3,0.0,0.001,50.0,0.427,1.0,90.84,0.51224,-0.11522,-0.85866,0.0039,-0.56947
178.3,index_price,1554721144777,open,0.0,1690.0,3.9e-05,0.005508,0.002863,110.97,0.003,0.2,ETH-12APR19-150-P,178.3,112.13,0.003,1.0,0.004,100.0,119.89,0.0208,-0.29198,-0.00112,0.00555,-0.05623
190.0,ETH-27SEP19,1554721144778,open,0.23,1.0,0.19499,0.367618,0.241709,77.21,0.247,0.0,ETH-27SEP19-200-P,178.3,72.14,0.228,36.0,0.262,158.0,84.75,0.51285,-0.11519,-0.60389,0.00391,-0.43326
186.33,ETH-28JUN19,1554721144778,open,0.25,0.0,0.23319,0.333551,0.25715,73.69,None,0.0,ETH-28JUN19-220-P,178.3,0.0,0.001,100.0,0.0,0.0,0.0,0.33396,-0.15213,-0.36214,0.00589,-0.62
186.33,ETH-28JUN19,1554721144778,open,0.0,1839.0,0.000307,0.015184,0.003289,83.14,0.003,0.0,ETH-28JUN19-90-P,178.3,69.27,0.001,25.0,0.007,360.0,96.03,0.04234,-0.02176,-0.00959,0.00066,-0.01993
186.33,ETH-28JUN19,1554721144778,open,0.01,1213.0,0.002599,0.035601,0.008553,76.19,0.032,0.0,ETH-28JUN19-110-P,178.3,70.42,0.006,360.0,0.014,360.0,86.16,0.08986,-0.04233,-0.024,0.00153,-0.04958
178.3,index_price,1554721144777,open,0.39,0.0,0.384371,0.384375,0.383195,0.0,None,0.2,ETH-12APR19-110-C,178.3,0.0,0.001,100.0,0.0,0.0,0.0,0.0,-0.06015,0.01166,0.0,1.0
178.3,index_price,1554721144777,open,0.02,1155.0,0.007179,0.031371,0.022497,105.87,0.012,0.2,ETH-12APR19-170-P,178.3,78.59,0.013,233.0,0.021,80.0,101.7,0.06433,-0.84661,-0.00619,0.018,-0.30468
178.3,index_price,1554721144777,open,0.0,4.0,0.000254,0.013436,0.004208,95.4,0.007,0.2,ETH-19APR19-140-P,178.3,72.63,0.001,13.0,0.006,100.0,103.76,0.03485,-0.14694,-0.00321,0.00386,-0.05625
178.3,index_price,1554721144777,open,0.06,461.0,0.043165,0.091273,0.063029,88.87,0.055,0.2,ETH-19APR19-180-P,178.3,68.48,0.049,50.0,0.067,60.0,94.64,0.12261,-0.448,-0.02877,0.01457,-0.47859
178.3,index_price,1554721144777,open,0.34,88.0,0.328405,0.328451,0.327127,0.0,0.315,0.2,ETH-12APR19-120-C,178.3,0.0,0.001,100.0,0.0,0.0,0.0,0.0,-0.06561,0.01271,0.0,1.0
178.3,index_price,1554721144777,open,0.03,291.0,0.008248,0.047805,0.022473,88.42,0.038,0.2,ETH-19APR19-200-C,178.3,78.37,0.017,80.0,0.032,80.0,104.72,0.10023,-0.43087,0.01273,0.01197,0.26203
178.3,index_price,1554721144778,open,0.45,111.0,0.440337,0.440337,0.439268,0.0,0.399,0.2,ETH-12APR19-100-C,178.3,0.0,0.001,100.0,0.0,0.0,0.0,0.0,-0.05468,0.0106,0.0,1.0
186.41,ETH-28JUN19,1554721144779,open,0.38,26.0,0.362006,0.406128,0.369205,73.05,0.191,0.0,ETH-28JUN19-120-C,178.3,0.0,0.001,10.0,0.0,0.0,0.0,0.12184,-0.05503,0.23034,0.00217,0.92687
178.3,index_price,1554721144778,open,0.34,0.0,0.330977,0.333642,0.330681,0.0,None,0.2,ETH-19APR19-120-C,178.3,0.0,0.0,0.0,0.0,0.0,0.0,0.0,-0.06536,0.03554,0.0,1.0
178.3,index_price,1554721144779,open,0.0,656.0,0.0,0.000335,7.6e-05,110.61,0.002,0.2,ETH-12APR19-130-P,178.3,0.0,0.0,0.0,0.003,400.0,182.66,0.00127,-0.0136,-4e-05,0.00034,-0.0022
186.33,ETH-28JUN19,1554721144782,open,0.48,0.0,0.464311,0.487371,0.467933,77.05,None,0.0,ETH-28JUN19-100-C,178.3,0.0,0.001,10.0,0.499,10.0,130.75,0.05784,-0.02755,0.20774,0.00098,0.97111
190.0,ETH-27SEP19,1554721144787,open,0.54,0.0,0.519543,0.685657,0.560107,77.66,None,0.0,ETH-27SEP19-280-P,178.3,0.0,0.002,1.0,0.592,1.0,90.23,0.46768,-0.10566,-1.10741,0.00354,-0.67765
190.0,ETH-27SEP19,1554721144799,open,0.54,0.0,0.519543,0.685657,0.560107,77.66,None,0.0,ETH-27SEP19-280-P,178.3,0.0,0.002,1.0,0.592,2.0,90.23,0.46768,-0.10566,-1.10741,0.00354,-0.67765
190.0,ETH-27SEP19,1554721144800,open,0.82,0.0,0.80879,0.951013,0.848286,82.75,None,0.0,ETH-27SEP19-340-P,178.3,0.0,0.002,1.0,0.864,1.0,90.01,0.39529,-0.09515,-1.44844,0.00281,-0.77063
190.08,ETH-27SEP19,1554721144810,open,0.72,0.0,0.709308,0.860077,0.749456,80.96,None,0.0,ETH-27SEP19-320-P,178.3,0.0,0.002,1.0,0.771,1.0,90.35,0.4186,-0.09859,-1.3379,0.00304,-0.74529
