underlying_price,underlying_index,timestamp,state,settlement_price,open_interest,min_price,max_price,mark_price,mark_iv,last_price,interest_rate,instrument_name,index_price,bid_iv,best_bid_price,best_bid_amount,best_ask_price,best_ask_amount,ask_iv,vega,theta,rho,gamma,delta
8101.12,BTC-27SEP19,1558695540130,open,0.57,261.1,0.538,0.6175,0.57784589,94.02,0.52,0.0,BTC-27SEP19-3500-C,7994.4,0.0,0.161,1.0,0.59,0.5,115.16,3.78296,-1.41284,10.78148,2e-05,0.96375
8075.38,BTC-28JUN19,1558695540130,open,0.0,94.5,0.0005,0.041,0.0013313,134.86,0.002,0.0,BTC-28JUN19-3250-P,7994.4,0.0,0.0,0.0,0.004,20.0,160.35,0.57008,-1.10218,-0.07495,1e-05,-0.00838
8075.38,BTC-28JUN19,1558695540130,open,0.69,24.4,0.651,0.7305,0.69059023,135.41,0.5115,0.0,BTC-28JUN19-2500-C,7994.4,0.0,0.0025,0.5,0.822,1.0,500.0,0.10715,-0.20801,2.37735,0.0,0.9987
8075.38,BTC-28JUN19,1558695540130,open,0.0,554.0,0.0005,0.0425,0.00250365,117.14,0.003,0.0,BTC-28JUN19-4000-P,7994.4,108.16,0.0015,12.6,0.0035,30.0,124.04,1.04972,-1.76285,-0.1501,1e-05,-0.01695
8075.38,BTC-28JUN19,1558695540130,open,0.52,10.0,0.4415,0.5615,0.50151227,96.56,1.243,0.0,BTC-28JUN19-12000-P,7994.4,0.0,0.0005,1.0,0.9575,1.0,499.74,4.9768,-6.88946,-10.66413,8e-05,-0.88056
8075.38,BTC-28JUN19,1558695540130,open,0.0,685.1,0.0005,0.04,0.00016782,135.0,0.001,0.0,BTC-28JUN19-2500-P,7994.4,0.0,0.0,0.0,0.0025,20.0,187.62,0.10464,-0.20253,-0.0111,0.0,-0.00127
8101.12,BTC-27SEP19,1558695540131,open,0.41,793.5,0.381,0.4605,0.42079196,88.4,0.425,0.0,BTC-27SEP19-5000-C,7994.4,0.0,0.1105,2.0,0.707,5.0,299.11,9.3592,-3.28649,12.90758,5e-05,0.8828
8101.12,BTC-27SEP19,1558695540131,open,0.37,231.1,0.3345,0.414,0.37438374,86.9,0.3795,0.0,BTC-27SEP19-5500-C,7994.4,0.0,0.004,0.6,0.936,5.0,500.0,11.35032,-3.91793,13.13992,6e-05,0.84471
8101.12,BTC-27SEP19,1558695540131,open,0.01,42.8,0.0005,0.053,0.01259823,92.34,0.027,0.0,BTC-27SEP19-3750-P,7994.4,88.43,0.0105,20.0,0.015,5.0,96.45,4.53886,-1.66481,-1.6194,2e-05,-0.04537
8101.12,BTC-27SEP19,1558695540131,open,0.01,28.3,0.0005,0.0475,0.0074633,95.42,0.0095,0.0,BTC-27SEP19-3250-P,7994.4,89.79,0.0055,15.0,0.0095,5.0,100.47,3.06188,-1.16051,-0.99238,1e-05,-0.02806
8074.12,BTC-28JUN19,1558695540131,open,0.89,2.0,0.788,0.9365,0.86211735,103.44,2.658,0.0,BTC-28JUN19-15000-P,7994.4,0.0,0.0,0.0,1.2785,1.0,499.24,2.0525,-3.04391,-14.0745,3e-05,-0.96223
8074.12,BTC-28JUN19,1558695540131,open,0.38,691.4,0.3475,0.427,0.38742632,101.35,0.37,0.0,BTC-28JUN19-5000-C,7994.4,0.0,0.235,0.1,0.5,10.0,281.84,2.40203,-3.49004,4.37208,4e-05,0.95414
8074.12,BTC-28JUN19,1558695540132,open,0.0,520.8,0.0005,0.04,2.184e-05,134.97,0.0005,0.0,BTC-28JUN19-2000-P,7994.4,0.0,0.0,0.0,0.002,20.1,214.24,0.01804,-0.03491,-0.00164,0.0,-0.00019
8101.12,BTC-27SEP19,1558695540132,open,0.81,42.8,0.776,0.8555,0.81561554,119.54,0.815,0.0,BTC-27SEP19-1500-C,7994.4,0.0,0.0,0.0,0.0,0.0,0.0,0.42843,-0.20343,5.06896,0.0,0.99705
8101.12,BTC-27SEP19,1558695540132,open,0.02,1018.2,0.0005,0.0605,0.02015421,90.06,0.025,0.0,BTC-27SEP19-4250-P,7994.4,87.23,0.018,5.0,0.0225,15.0,93.01,6.30909,-2.25698,-2.48754,3e-05,-0.06888
8074.12,BTC-28JUN19,1558695540132,open,0.76,1.3,0.671,0.8095,0.74024286,100.79,2.415,0.0,BTC-28JUN19-14000-P,7994.4,0.0,0.0,0.0,1.1705,1.0,499.58,2.72038,-3.9308,-13.01212,4e-05,-0.9464
8074.12,BTC-28JUN19,1558695540132,open,0.01,432.0,0.0005,0.0465,0.00681658,102.26,0.007,0.0,BTC-28JUN19-14000-C,7994.4,98.29,0.0055,40.0,0.008,0.3,105.47,2.84384,-4.16941,0.38484,4e-05,0.0567
8074.12,BTC-28JUN19,1558695540132,open,0.81,33.8,0.7745,0.854,0.81425453,167.54,0.7145,0.0,BTC-28JUN19-1500-C,7994.4,0.0,0.002,0.4,0.8755,2.0,500.0,0.02109,-0.05067,1.43126,0.0,0.99978
8101.12,BTC-27SEP19,1558695540130,open,1.32,0.0,1.1985,1.3815,1.28997708,92.85,None,0.0,BTC-27DEC19-18000-P,7994.4,0.0,0.006,5.0,2.1425,0.2,499.68,18.69611,-4.00196,-99.43097,5e-05,-0.77568
8099.86,BTC-27SEP19,1558695540132,open,0.01,374.8,0.0005,0.05,0.00986447,93.96,0.0155,0.0,BTC-27SEP19-3500-P,7994.4,89.75,0.008,15.0,0.012,5.0,98.32,3.77897,-1.41046,-1.28691,2e-05,-0.03621
8099.86,BTC-27SEP19,1558695540133,open,0.92,0.0,0.8215,0.973,0.89725915,91.97,None,0.0,BTC-27SEP19-15000-P,7994.4,0.0,0.0065,0.1,1.6605,0.3,499.25,12.98722,-4.74442,-47.6366,6e-05,-0.80809
7994.4,index_price,1558695540130,open,0.46,9.8,0.4285,0.508,0.46847282,160.26,0.212,0,BTC-31MAY19-4250-C,7994.4,0.0,0.006,0.5,0.5415,5.0,500.0,0.05124,-0.5971,0.7983,0.0,0.99857
8099.86,BTC-27SEP19,1558695540133,open,0.54,0.0,0.51,0.5895,0.54976375,92.57,None,0.0,BTC-27SEP19-3750-C,7994.4,0.0,0.0055,0.2,0.7535,10.0,299.38,4.562,-1.67741,11.30119,2e-05,0.95434
7994.4,index_price,1558695540130,open,0.0,85.2,0.0005,0.0445,0.00482573,99.15,0.004,0,BTC-31MAY19-9750-C,7994.4,92.26,0.0035,25.0,0.006,25.0,104.49,1.66396,-11.99714,0.11642,0.00014,0.08213
7994.4,index_price,1558695540130,open,0.01,46.0,0.0005,0.049,0.00914233,94.63,0.0085,0,BTC-31MAY19-9250-C,7994.4,89.18,0.0075,25.0,0.0105,45.0,98.86,2.50046,-17.20704,0.20455,0.00022,0.14497
8099.86,BTC-27SEP19,1558695540130,open,0.53,27.1,0.4995,0.579,0.53907532,85.85,0.542,0.0,BTC-27DEC19-4000-C,7994.4,0.0,0.0195,0.1,0.98,0.5,500.0,9.38641,-1.85769,18.27569,3e-05,0.91881
7994.4,index_price,1558695540133,open,0.0,566.7,0.0005,0.04,0.00026347,134.96,0.0015,0,BTC-31MAY19-5000-P,7994.4,0.0,0.0,0.0,0.001,11.0,159.8,0.13916,-1.36576,-0.0069,1e-05,-0.00432
8099.86,BTC-27SEP19,1558695540130,open,0.4,56.9,0.3675,0.447,0.40748751,83.35,0.436,0.0,BTC-27DEC19-5500-C,7994.4,0.0,0.0065,1.0,0.983,5.0,500.0,16.25769,-3.12422,19.95856,5e-05,0.82219
7994.4,index_price,1558695540130,open,0.46,0.0,0.382,0.4965,0.43933497,117.92,None,0,BTC-31MAY19-11500-P,7994.4,0.0,0.0,0.0,0.5535,0.1,432.7,0.41956,-3.5979,-2.14472,3e-05,-0.98483
8099.86,BTC-27SEP19,1558695540130,open,0.97,0.0,0.8675,1.0225,0.94506287,89.92,None,0.0,BTC-27DEC19-15000-P,7994.4,0.0,0.006,10.0,1.7785,0.2,499.03,21.50044,-4.45715,-79.474,6e-05,-0.70625
7994.4,index_price,1558695540130,open,0.18,0.0,0.1195,0.2125,0.16601993,94.05,None,0,BTC-31MAY19-9250-P,7994.4,0.0,0.0,0.0,0.0,0.0,0.0,2.48091,-16.96691,-1.54018,0.00022,-0.85671
8099.86,BTC-27SEP19,1558695540132,open,0.64,0.0,0.6035,0.683,0.64340116,89.92,None,0.0,BTC-27DEC19-3000-C,7994.4,0.0,0.0065,10.4,0.988,0.5,500.0,5.11347,-1.06008,15.35375,1e-05,0.96242
7994.4,index_price,1558695540131,open,0.4,0.0,0.322,0.4315,0.3768566,106.79,None,0,BTC-31MAY19-11000-P,7994.4,0.0,0.0,0.0,0.4715,0.1,372.55,0.47827,-3.714,-2.04685,4e-05,-0.98232
7994.4,index_price,1558695540131,open,0.0,300.0,0.0005,0.0405,0.00072404,124.76,0.002,0,BTC-31MAY19-5500-P,7994.4,0.0,0.0,0.0,0.0015,35.0,139.18,0.33309,-3.02202,-0.01858,2e-05,-0.01161
8099.86,BTC-27SEP19,1558695540132,open,0.74,0.0,0.6555,0.793,0.72407352,87.9,None,0.0,BTC-27DEC19-13000-P,7994.4,0.0,0.008,3.0,1.5365,0.3,499.22,23.35031,-4.73209,-65.66734,7e-05,-0.64036
8099.86,BTC-27SEP19,1558695540131,open,0.49,6.6,0.451,0.5305,0.49060837,83.93,0.498,0.0,BTC-27DEC19-4500-C,7994.4,0.0,0.26,1.4,0.6865,0.1,202.99,11.66172,-2.25654,19.27105,4e-05,0.89102
7994.4,index_price,1558695540132,open,0.43,20.2,0.3975,0.477,0.43723138,150.58,0.2355,0,BTC-31MAY19-4500-C,7994.4,0.0,0.0055,0.5,0.522,5.0,500.0,0.06844,-0.74941,0.84454,0.0,0.99804
7994.4,index_price,1558695540130,open,0.0,633.8,0.0005,0.04,3.67e-05,134.97,0.0005,0,BTC-31MAY19-4500-P,7994.4,0.0,0.0,0.0,0.001,2.0,191.64,0.02659,-0.26096,-0.00111,0.0,-0.0007
8099.86,BTC-27SEP19,1558695540130,open,2.29,0.0,2.116,2.375,2.24566466,99.07,None,0.0,BTC-27DEC19-26000-P,7994.4,0.0,0.006,10.0,3.116,0.2,499.47,12.92611,-2.9523,-150.14127,3e-05,-0.87398
8099.86,BTC-27SEP19,1558695540132,open,0.7,0.0,0.6595,0.739,0.69941743,93.08,None,0.0,BTC-27DEC19-2500-C,7994.4,0.0,0.0185,3.0,0.989,0.5,500.0,3.3905,-0.72761,13.36392,1e-05,0.97709
7994.4,index_price,1558695540130,open,0.0,53.0,0.0005,0.041,0.00105471,121.9,0.0015,0,BTC-31MAY19-11500-C,7994.4,110.57,0.0005,0.1,0.0015,20.0,128.3,0.49317,-4.37165,0.02601,3e-05,0.01832
7994.4,index_price,1558695540134,open,0.0,308.5,0.0005,0.04,0.00010453,134.96,0.0005,0,BTC-31MAY19-4750-P,7994.4,0.0,0.0,0.0,0.001,10.4,175.34,0.06473,-0.6353,-0.00294,0.0,-0.00185
7994.4,index_price,1558695540135,open,0.21,307.6,0.1805,0.26,0.22013236,101.73,0.1635,0,BTC-31MAY19-6250-C,7994.4,0.0,0.018,6.0,0.25,0.1,222.23,0.8161,-6.03734,1.12412,7e-05,0.96659
8099.86,BTC-27SEP19,1558695540131,open,0.85,0.0,0.7595,0.906,0.83272603,88.69,None,0.0,BTC-27DEC19-14000-P,7994.4,0.0,0.008,3.0,1.6575,0.2,499.21,22.42162,-4.58438,-72.64808,6e-05,-0.67676
7994.4,index_price,1558695540130,open,0.52,0.0,0.491,0.5705,0.53099618,185.9,None,0,BTC-31MAY19-3750-C,7994.4,0.0,0.0065,0.5,0.0,0.0,0.0,0.03648,-0.49312,0.70481,0.0,0.99901
7994.4,index_price,1558695540135,open,0.49,9.0,0.46,0.5395,0.49973149,172.3,0.249,0,BTC-31MAY19-4000-C,7994.4,0.0,0.0165,0.2,0.0,0.0,0.0,0.04227,-0.52968,0.75163,0.0,0.99884
7994.4,index_price,1558695540130,open,0.02,230.3,0.0005,0.053,0.01275574,85.76,0.0105,0,BTC-31MAY19-7250-P,7994.4,80.9,0.011,20.0,0.014,20.0,89.09,2.94791,-18.38527,-0.30074,0.00029,-0.18695
7994.4,index_price,1558695540132,open,0.01,309.1,0.0005,0.053,0.01312139,93.6,0.0135,0,BTC-31MAY19-9000-C,7994.4,90.6,0.012,0.1,0.0145,20.1,97.18,3.02914,-20.6176,0.27454,0.00027,0.19542
8099.86,BTC-27SEP19,1558695540131,open,1.08,0.0,0.9765,1.1405,1.05847264,90.82,None,0.0,BTC-27DEC19-16000-P,7994.4,0.0,0.006,5.0,1.8995,0.2,498.72,20.52359,-4.29746,-86.22577,6e-05,-0.73313
8099.86,BTC-27SEP19,1558695540130,open,2.04,0.0,1.8845,2.1245,2.00465571,97.99,None,0.0,BTC-27DEC19-24000-P,7994.4,0.0,0.008,1.0,2.8725,0.2,499.64,14.19555,-3.20682,-137.65431,4e-05,-0.85553
8099.86,BTC-27SEP19,1558695540132,open,0.0,85.9,0.0005,0.0435,0.00377386,95.23,0.0025,0.0,BTC-27DEC19-2000-P,7994.4,82.62,0.0015,15.0,0.006,10.0,103.53,1.88369,-0.41357,-0.73655,1e-05,-0.01153
8099.86,BTC-27SEP19,1558695540131,open,1.8,0.0,1.654,1.8745,1.76423333,96.32,None,0.0,BTC-27DEC19-22000-P,7994.4,0.0,0.008,2.0,2.6285,0.3,498.93,15.49292,-3.4405,-125.09984,4e-05,-0.8351
8099.86,BTC-27SEP19,1558695540145,open,1.08,0.0,0.9765,1.1405,1.05847264,90.82,None,0.0,BTC-27DEC19-16000-P,7994.4,0.0,0.006,5.0,1.9005,0.2,500.0,20.52359,-4.29746,-86.22577,6e-05,-0.73313
8099.86,BTC-27SEP19,1558695540171,open,0.03,134.6,0.0005,0.074,0.03281714,85.76,0.0425,0.0,BTC-27DEC19-4000-P,7994.4,82.85,0.0295,15.0,0.036,10.0,88.47,9.3773,-1.85414,-5.48197,3e-05,-0.08109
8099.86,BTC-27SEP19,1558695540177,open,0.02,159.1,0.0005,0.0565,0.01604663,91.11,0.019,0.0,BTC-27SEP19-4000-P,7994.4,87.94,0.014,15.0,0.0185,15.0,94.68,5.39346,-1.95193,-2.02223,3e-05,-0.05635
8099.86,BTC-27SEP19,1558695540179,open,0.92,0.0,0.8215,0.973,0.89725915,91.97,None,0.0,BTC-27SEP19-15000-P,7994.4,0.0,0.0065,0.1,1.6615,0.3,500.0,12.98722,-4.74442,-47.6366,6e-05,-0.80809
8099.86,BTC-27SEP19,1558695540186,open,1.8,0.0,1.654,1.8745,1.76423333,96.32,None,0.0,BTC-27DEC19-22000-P,7994.4,0.0,0.008,2.0,2.6295,0.3,500.0,15.49292,-3.4405,-125.09984,4e-05,-0.8351
8099.86,BTC-27SEP19,1558695540190,open,0.97,0.0,0.8675,1.0225,0.94506287,89.92,None,0.0,BTC-27DEC19-15000-P,7994.4,0.0,0.006,10.0,1.7795,0.2,500.0,21.50044,-4.45715,-79.474,6e-05,-0.70625
8099.86,BTC-27SEP19,1558695540192,open,2.04,0.0,1.8845,2.1245,2.00465571,97.99,None,0.0,BTC-27DEC19-24000-P,7994.4,0.0,0.008,1.0,2.873,0.2,500.0,14.19555,-3.20682,-137.65431,4e-05,-0.85553
8074.12,BTC-28JUN19,1558695540207,open,0.89,2.0,0.788,0.9365,0.86211735,103.44,2.658,0.0,BTC-28JUN19-15000-P,7994.4,0.0,0.0,0.0,1.2795,1.0,500.0,2.0525,-3.04391,-14.0745,3e-05,-0.96223
8101.12,BTC-27SEP19,1558695540210,open,1.52,0.0,1.392,1.5905,1.4912427,98.57,None,0.0,BTC-27SEP19-20000-P,7994.4,0.0,0.006,10.0,2.2525,0.2,500.0,8.45329,-3.30972,-66.75845,4e-05,-0.89829
7994.4,index_price,1558695540218,open,0.0,51.0,0.0005,0.041,0.00111026,110.15,0.0025,0,BTC-31MAY19-11000-C,7994.4,0.0,0.0,0.0,0.002,20.0,120.71,0.55158,-4.41839,0.02981,4e-05,0.02091
7994.4,index_price,1558695540250,open,0.18,299.0,0.1505,0.23,0.19006808,97.26,0.1875,0,BTC-31MAY19-6500-C,7994.4,0.0,0.0015,3.0,0.2005,3.0,144.17,1.18417,-8.37507,1.14,0.0001,0.94706
254.22,ETH-27SEP19,1558695540290,open,0.3,2.0,0.236,0.338,0.286615,95.6,0.737,0.0,ETH-27SEP19-280-P,251.2,92.03,0.278,110.0,0.294,30.0,98.9,0.59208,-0.22484,-0.65145,0.00278,-0.45673
8101.12,BTC-27SEP19,1558695540372,open,0.02,1018.2,0.0005,0.0605,0.02015421,90.06,0.025,0.0,BTC-27SEP19-4250-P,7994.4,87.23,0.018,15.0,0.0225,15.0,93.01,6.30909,-2.25698,-2.48754,3e-05,-0.06888
251.2,index_price,1558695540473,open,0.05,171.0,0.015,0.094,0.054315,95.1,0.049,0,ETH-31MAY19-250-C,251.2,83.47,0.048,99.0,0.063,99.0,111.01,0.13683,-0.94629,0.02301,0.0121,0.5406
8101.12,BTC-27SEP19,1558695540577,open,0.06,255.4,0.0115,0.095,0.05322242,86.84,0.06,0.0,BTC-27SEP19-5500-P,7994.4,84.89,0.0505,14.0,0.055,6.0,88.11,11.34652,-3.91404,-5.82321,6e-05,-0.15521
8101.12,BTC-27SEP19,1558695540621,open,0.26,1044.8,0.2205,0.3,0.26040484,85.55,0.258,0.0,BTC-27SEP19-7000-C,7994.4,83.13,0.2555,3.0,0.2665,5.0,88.56,16.38673,-5.56861,12.45143,8e-05,0.70609
8101.12,BTC-27SEP19,1558695540661,open,0.03,97.6,0.0005,0.066,0.02509011,89.24,0.0315,0.0,BTC-27SEP19-4500-P,7994.4,86.3,0.0225,15.0,0.028,15.0,92.41,7.28465,-2.58223,-3.02528,4e-05,-0.0832
8101.12,BTC-27SEP19,1558695540659,open,0.26,1044.8,0.2205,0.3,0.26040484,85.55,0.258,0.0,BTC-27SEP19-7000-C,7994.4,83.13,0.2555,8.0,0.2665,5.0,88.56,16.38673,-5.56861,12.45143,8e-05,0.70609
7994.4,index_price,1558695540662,open,0.02,230.3,0.0005,0.053,0.01275574,85.76,0.0105,0,BTC-31MAY19-7250-P,7994.4,80.9,0.011,20.0,0.0145,20.0,90.41,2.94791,-18.38527,-0.30074,0.00029,-0.18695
8101.12,BTC-27SEP19,1558695540704,open,0.37,5.7,0.3055,0.414,0.35987421,86.59,0.389,0.0,BTC-27SEP19-10000-P,7994.4,83.39,0.3525,3.0,0.3665,3.0,89.45,18.73816,-6.44466,-25.79781,0.0001,-0.56352
254.22,ETH-27SEP19,1558695540733,open,1.45,0.0,1.307,1.499,1.402971,111.32,None,0.0,ETH-27SEP19-600-P,251.2,0.0,0.0,0.0,0.0,0.0,0.0,0.36606,-0.16187,-1.96478,0.00148,-0.8381
8099.86,BTC-27SEP19,1558695540738,open,0.53,12.9,0.4555,0.5765,0.51590466,85.96,0.564,0.0,BTC-27DEC19-11000-P,7994.4,80.96,0.5005,3.0,0.521,3.0,87.7,24.69695,-4.89435,-51.38369,7e-05,-0.55195
8074.12,BTC-28JUN19,1558695540773,open,0.11,92.5,0.0595,0.1475,0.10360058,88.23,0.129,0.0,BTC-28JUN19-8000-P,7994.4,85.4,0.1,12.0,0.1075,5.0,91.57,9.81366,-12.4139,-4.13419,0.00018,-0.43243
7994.4,index_price,1558695540785,open,0.12,216.0,0.0925,0.172,0.13234452,89.15,0.1325,0,BTC-31MAY19-7000-C,7994.4,89.29,0.1325,5.0,0.138,5.0,106.85,2.26813,-14.70502,1.11709,0.00021,0.87425
8099.86,BTC-27SEP19,1558695540787,open,0.43,1.0,0.3605,0.4735,0.41700621,84.51,0.438,0.0,BTC-27DEC19-10000-P,7994.4,80.83,0.4055,3.0,0.424,3.0,86.84,24.90838,-4.85315,-44.08225,8e-05,-0.49911
8099.86,BTC-27SEP19,1558695540801,open,0.63,1.4,0.554,0.683,0.61838074,86.99,0.636,0.0,BTC-27DEC19-12000-P,7994.4,81.36,0.6015,3.0,0.6225,3.0,88.45,24.13684,-4.8409,-58.58069,7e-05,-0.59904
8099.86,BTC-27SEP19,1558695540813,open,0.12,182.0,0.0675,0.156,0.11189068,83.19,0.118,0.0,BTC-27DEC19-6000-P,7994.4,81.05,0.107,4.0,0.1155,10.0,84.82,18.25194,-3.50078,-15.73802,6e-05,-0.21518
7994.4,index_price,1558695541004,open,0.15,284.2,0.12,0.1995,0.1598673,89.43,0.151,0,BTC-31MAY19-6750-C,7994.4,91.99,0.1605,5.0,0.1665,5.0,116.22,1.55236,-10.09519,1.15215,0.00014,0.92505
8099.86,BTC-27SEP19,1558695541019,open,0.22,36.0,0.159,0.255,0.20693694,83.19,0.2095,0.0,BTC-27DEC19-7500-P,7994.4,80.38,0.199,13.7,0.2105,5.0,84.5,22.60429,-4.33511,-25.82458,7e-05,-0.32975
8099.86,BTC-27SEP19,1558695541043,open,1.77,0.0,1.625,1.843,1.73404285,100.99,None,0.0,BTC-27SEP19-22000-P,7994.4,0.0,0.006,10.0,2.49,0.2,499.51,7.23933,-2.90403,-74.06636,3e-05,-0.91747
8099.86,BTC-27SEP19,1558695541105,open,1.77,0.0,1.625,1.843,1.73404285,100.99,None,0.0,BTC-27SEP19-22000-P,7994.4,0.0,0.006,10.0,2.491,0.2,500.0,7.23933,-2.90403,-74.06636,3e-05,-0.91747
8099.86,BTC-27SEP19,1558695541110,open,1.52,0.0,1.392,1.591,1.4916112,98.57,None,0.0,BTC-27SEP19-20000-P,7994.4,0.0,0.006,10.0,2.253,0.2,500.0,8.44846,-3.30773,-66.75998,4e-05,-0.89834
8099.58,BTC-27SEP19,1558695541130,open,0.0,419.7,0.0005,0.0415,0.00151469,108.59,0.0005,0.0,BTC-27SEP19-2000-P,7993.5,0.0,0.0,0.0,0.003,20.0,120.33,0.80859,-0.34876,-0.20987,0.0,-0.006
8074.04,BTC-28JUN19,1558695541130,open,0.0,137.0,0.0005,0.042,0.00200683,122.39,0.002,0.0,BTC-28JUN19-3750-P,7993.5,110.68,0.001,3.5,0.003,20.0,130.63,0.85418,-1.49881,-0.11838,1e-05,-0.01334
8074.04,BTC-28JUN19,1558695541130,open,0.59,0.1,0.559,0.6385,0.59887363,135.77,0.395,0.0,BTC-28JUN19-3250-C,7993.5,0.0,0.0005,0.9,0.789,2.0,500.0,0.58881,-1.14609,3.02747,1e-05,0.9913
8074.04,BTC-28JUN19,1558695541130,open,1.51,0.4,1.3795,1.5775,1.47845234,120.14,5.076,0.0,BTC-28JUN19-20000-P,7993.5,0.0,0.0,0.0,1.835,2.0,499.68,0.77992,-1.34331,-19.02797,1e-05,-0.98799
8074.04,BTC-28JUN19,1558695541131,open,0.01,379.6,0.0005,0.0445,0.0048642,105.47,0.005,0.0,BTC-28JUN19-15000-C,7993.5,99.96,0.0035,40.0,0.006,8.0,109.37,2.20337,-3.33176,0.2804,3e-05,0.04121
8099.58,BTC-27SEP19,1558695541131,open,0.48,3.2,0.4005,0.5165,0.45859389,87.76,0.481,0.0,BTC-27SEP19-11000-P,7993.5,0.0,0.0075,0.1,1.193,0.3,499.87,17.93261,-6.25095,-30.45375,9e-05,-0.63166
8099.58,BTC-27SEP19,1558695541131,open,0.8,0.0,0.712,0.854,0.78287895,90.86,None,0.0,BTC-27SEP19-14000-P,7993.5,0.0,0.0065,0.1,1.5435,0.3,499.71,14.22812,-5.13495,-43.54448,7e-05,-0.77603
8099.58,BTC-27SEP19,1558695541131,open,0.01,615.6,0.0005,0.046,0.00623301,99.29,0.0135,0.0,BTC-27SEP19-3000-P,7993.5,95.2,0.005,0.4,0.0075,5.0,103.04,2.594,-1.02302,-0.8172,1e-05,-0.02302
8099.58,BTC-27SEP19,1558695541132,open,0.92,0.0,0.822,0.9735,0.89778718,92.26,None,0.0,BTC-27SEP19-15000-P,7993.5,0.0,0.0065,0.1,1.6615,0.3,500.0,13.03656,-4.77756,-47.61604,6e-05,-0.80689
8074.04,BTC-28JUN19,1558695541132,open,0.01,739.3,0.0005,0.0465,0.00651421,100.75,0.009,0.0,BTC-28JUN19-5000-P,7993.5,95.24,0.005,30.0,0.008,20.0,105.55,2.36953,-3.42269,-0.39812,4e-05,-0.04509
8074.04,BTC-28JUN19,1558695541132,open,0.4,5.7,0.332,0.4425,0.3871584,93.97,1.142,0.0,BTC-28JUN19-11000-P,7993.5,0.0,0.001,1.0,0.8535,1.0,499.76,6.52463,-8.78981,-9.32109,0.00011,-0.82106
8074.04,BTC-28JUN19,1558695541132,open,0.75,20.1,0.7125,0.792,0.75231689,136.05,0.578,0.0,BTC-28JUN19-2000-C,7993.5,0.0,0.002,0.5,0.847,1.0,500.0,0.0197,-0.03842,1.9092,0.0,0.99979
8099.58,BTC-27SEP19,1558695541132,open,1.04,0.0,0.9335,1.0945,1.01399372,93.31,None,0.0,BTC-27SEP19-16000-P,7993.5,0.0,0.0065,0.1,1.7785,0.2,499.36,11.87253,-4.40035,-51.60771,6e-05,-0.83359
8074.04,BTC-28JUN19,1558695541132,open,0.0,1396.0,0.0005,0.04,1.09e-06,135.0,0.001,0.0,BTC-28JUN19-1500-P,7993.5,0.0,0.0,0.0,0.0005,11.0,215.23,0.00123,-0.00238,-9e-05,0.0,-1e-05
7993.5,index_price,1558695541130,open,0.24,0.0,0.1755,0.273,0.22441725,98.47,None,0,BTC-31MAY19-9750-P,7993.5,0.0,0.0,0.0,0.304,0.1,286.28,1.63747,-11.7249,-1.72261,0.00014,-0.91958
7993.5,index_price,1558695541130,open,0.24,503.2,0.211,0.2905,0.25078741,109.42,0.2595,0,BTC-31MAY19-6000-C,7993.5,0.0,0.078,3.0,0.4205,5.1,500.0,0.60988,-4.85266,1.09268,5e-05,0.97645
7993.5,index_price,1558695541130,open,0.33,0.0,0.2625,0.3675,0.31500365,100.65,None,0,BTC-31MAY19-10500-P,7993.5,0.0,0.0,0.0,0.415,0.1,359.77,0.71253,-5.21498,-1.93739,6e-05,-0.97164
7993.5,index_price,1558695541131,open,0.0,279.5,0.0005,0.041,0.00121334,120.49,0.0005,0,BTC-31MAY19-5750-P,7993.5,105.99,0.0005,5.0,0.002,37.0,131.0,0.5087,-4.45732,-0.03045,4e-05,-0.01901
8074.04,BTC-28JUN19,1558695541134,open,0.89,2.0,0.7885,0.937,0.86265179,105.41,2.658,0.0,BTC-28JUN19-15000-P,7993.5,0.0,0.0,0.0,1.2795,1.0,500.0,2.19831,-3.32199,-14.05284,3e-05,-0.95891
8098.68,BTC-27SEP19,1558695541130,open,2.29,0.0,2.1165,2.376,2.24625748,99.15,None,0.0,BTC-27DEC19-26000-P,7993.5,0.0,0.006,10.0,3.116,0.2,498.91,12.9461,-2.95945,-150.1332,3e-05,-0.87367
7993.5,index_price,1558695541132,open,0.0,100.7,0.0005,0.04,6.2e-07,134.98,0.0005,0,BTC-31MAY19-3750-P,7993.5,0.0,0.0,0.0,0.0035,20.0,298.57,0.00071,-0.00493,-2e-05,0.0,-1e-05
7993.5,index_price,1558695541131,open,0.4,42.8,0.366,0.4455,0.40593892,141.76,0.251,0,BTC-31MAY19-4750-C,7993.5,0.0,0.0035,1.1,0.503,5.0,500.0,0.09378,-0.96675,0.89033,1e-05,0.99722
8098.68,BTC-27SEP19,1558695541130,open,0.33,63.1,0.2985,0.378,0.33821207,83.25,0.311,0.0,BTC-27DEC19-6500-C,7993.5,73.62,0.3145,5.0,0.3595,5.0,91.87,19.98384,-3.83534,19.64736,6e-05,0.74651
7993.5,index_price,1558695541131,open,0.0,37.9,0.0005,0.0415,0.00158426,102.26,0.0015,0,BTC-31MAY19-10500-C,7993.5,86.47,0.0005,25.0,0.0025,12.9,110.61,0.75717,-5.63031,0.04357,6e-05,0.03052
7993.5,index_price,1558695541130,open,0.0,390.1,0.0005,0.04,1.122e-05,134.98,0.0005,0,BTC-31MAY19-4250-P,7993.5,0.0,0.0,0.0,0.0035,20.0,254.27,0.00949,-0.08968,-0.00036,0.0,-0.00023
8098.68,BTC-27SEP19,1558695541135,open,0.75,28.2,0.715,0.7945,0.75459801,108.95,0.755,0.0,BTC-27SEP19-2000-C,7993.5,0.0,0.0075,0.1,0.9635,5.0,500.0,0.82154,-0.35553,6.68336,0.0,0.99389
8098.68,BTC-27SEP19,1558695541136,open,1.28,1.0,1.1605,1.34,1.25032917,95.07,1.5815,0.0,BTC-27SEP19-18000-P,7993.5,0.0,0.0065,0.1,2.015,0.3,499.29,9.77868,-3.69278,-59.36534,5e-05,-0.87521
8098.68,BTC-27SEP19,1558695541133,open,1.32,0.0,1.1985,1.3815,1.29004858,92.61,None,0.0,BTC-27DEC19-18000-P,7993.5,0.0,0.006,5.0,2.1425,0.2,498.74,18.63059,-3.97767,-99.46522,5e-05,-0.77694
7993.5,index_price,1558695541132,open,0.0,489.3,0.0005,0.041,0.00131277,108.29,0.0015,0,BTC-31MAY19-6000-P,7993.5,103.67,0.001,0.5,0.0015,0.2,110.73,0.58704,-4.62272,-0.03587,5e-05,-0.02251
8098.68,BTC-27SEP19,1558695541132,open,0.75,0.0,0.717,0.7965,0.75685892,95.39,None,0.0,BTC-27DEC19-2000-C,7993.5,0.0,0.0185,3.0,0.9905,0.5,500.0,1.89513,-0.41677,11.14131,1e-05,0.98839
8098.68,BTC-27SEP19,1558695541132,open,0.0,122.6,0.0005,0.041,0.00124708,96.78,0.0025,0.0,BTC-27DEC19-1500-P,7993.5,86.47,0.0005,8.0,0.002,21.5,103.44,0.77708,-0.17338,-0.26343,0.0,-0.00423
8098.68,BTC-27SEP19,1558695541130,open,0.81,0.0,0.7765,0.856,0.8160587,97.06,None,0.0,BTC-27DEC19-1500-C,7993.5,0.0,0.0245,10.0,0.992,0.5,500.0,0.78826,-0.17639,8.64469,0.0,0.9957
8098.68,BTC-27SEP19,1558695541131,open,2.04,0.0,1.885,2.125,2.00519927,98.06,None,0.0,BTC-27DEC19-24000-P,7993.5,0.0,0.008,1.0,2.873,0.2,499.73,14.21073,-3.21262,-137.64786,4e-05,-0.85527
7993.5,index_price,1558695541133,open,0.3,529.3,0.273,0.3525,0.3127444,126.57,0.232,0,BTC-31MAY19-5500-C,7993.5,0.0,0.146,7.0,0.4515,5.1,500.0,0.35683,-3.28431,1.01592,2e-05,0.98743
254.22,ETH-27SEP19,1558695541142,open,0.03,7561.0,0.001,0.07,0.029139,94.7,0.028,0.0,ETH-27SEP19-140-P,251.18,86.73,0.022,200.0,0.029,50.0,94.55,0.23918,-0.08997,-0.10303,0.00113,-0.08838
253.28,ETH-28JUN19,1558695541142,open,0.63,0.0,0.535,0.662,0.598439,112.58,None,0.0,ETH-28JUN19-400-P,251.18,0.0,0.0,0.0,0.0,0.0,0.0,0.16325,-0.26349,-0.35602,0.00237,-0.87268
253.28,ETH-28JUN19,1558695541142,open,0.56,10.0,0.527,0.606,0.566688,119.43,0.265,0.0,ETH-28JUN19-110-C,251.18,0.0,0.028,1.0,0.0,0.0,0.0,0.01577,-0.027,0.10311,0.00022,0.99273
254.2,ETH-27SEP19,1558695541142,open,0.08,406.0,0.039,0.118,0.078597,103.96,0.083,0.0,ETH-27SEP19-440-C,251.18,102.64,0.076,100.0,0.083,40.0,106.19,0.4994,-0.20623,0.17346,0.00216,0.27646
253.26,ETH-28JUN19,1558695541142,open,0.06,3550.0,0.016,0.1,0.057989,97.36,0.06,0.0,ETH-28JUN19-220-P,251.18,90.45,0.051,204.0,0.059,330.0,98.35,0.25798,-0.36009,-0.07893,0.00432,-0.26819
253.26,ETH-28JUN19,1558695541143,open,0.4,481.0,0.372,0.451,0.411598,97.7,0.385,0.0,ETH-28JUN19-150-C,251.18,0.0,0.02,2.0,0.5,200.0,260.86,0.05282,-0.07398,0.1352,0.00088,0.9703
251.18,index_price,1558695541142,open,0.01,110.0,0.001,0.051,0.011618,101.2,0.011,0,ETH-31MAY19-290-C,251.18,89.96,0.008,143.0,0.015,1.0,110.61,0.08632,-0.63526,0.00736,0.00718,0.16722
253.26,ETH-28JUN19,1558695541143,open,0.64,0.0,0.606,0.685,0.645384,141.0,None,0.0,ETH-28JUN19-90-C,251.18,0.0,0.003,3.0,0.0,0.0,0.0,0.01086,-0.02196,0.08466,0.00013,0.99523
253.26,ETH-28JUN19,1558695541143,open,0.01,5614.0,0.001,0.05,0.01057,97.36,0.014,0.0,ETH-28JUN19-170-P,251.18,87.95,0.007,150.0,0.011,120.0,98.39,0.10524,-0.1469,-0.01952,0.00176,-0.07011
253.26,ETH-28JUN19,1558695541143,open,0.44,335.0,0.411,0.49,0.450246,104.09,0.481,0.0,ETH-28JUN19-140-C,251.18,0.0,0.02,2.0,0.6,1.0,373.55,0.042,-0.06268,0.12757,0.00066,0.97742
254.2,ETH-27SEP19,1558695541144,open,0.0,174.0,0.001,0.041,0.001266,109.26,0.002,0.0,ETH-27SEP19-60-P,251.18,0.0,0.0,0.0,0.003,150.0,124.09,0.02186,-0.00949,-0.00555,9e-05,-0.00507
253.26,ETH-28JUN19,1558695541144,open,0.6,0.0,0.567,0.646,0.606068,130.79,None,0.0,ETH-28JUN19-100-C,251.18,0.0,0.003,7.0,0.0,0.0,0.0,0.0137,-0.02568,0.09383,0.00017,0.9938
8098.68,BTC-27SEP19,1558695541154,open,2.29,0.0,2.1165,2.376,2.24625748,99.15,None,0.0,BTC-27DEC19-26000-P,7993.5,0.0,0.006,10.0,3.117,0.2,500.0,12.9461,-2.95945,-150.1332,3e-05,-0.87367
8098.68,BTC-27SEP19,1558695541157,open,1.28,1.0,1.1605,1.34,1.25032917,95.07,1.5815,0.0,BTC-27SEP19-18000-P,7993.5,0.0,0.0065,0.1,2.016,0.3,500.0,9.77868,-3.69278,-59.36534,5e-05,-0.87521
8099.58,BTC-27SEP19,1558695541158,open,1.04,0.0,0.9335,1.0945,1.01399372,93.31,None,0.0,BTC-27SEP19-16000-P,7993.5,0.0,0.0065,0.1,1.7795,0.2,500.0,11.87253,-4.40035,-51.60771,6e-05,-0.83359
8098.68,BTC-27SEP19,1558695541162,open,0.85,0.0,0.76,0.906,0.83301269,88.71,None,0.0,BTC-27DEC19-14000-P,7993.5,0.0,0.008,3.0,1.6585,0.2,500.0,22.41936,-4.58517,-72.6496,6e-05,-0.67672
8098.68,BTC-27SEP19,1558695541164,open,0.74,0.0,0.6555,0.793,0.72433296,87.92,None,0.0,BTC-27DEC19-13000-P,7993.5,0.0,0.008,3.0,1.5375,0.3,500.0,23.34719,-4.73259,-65.66966,7e-05,-0.64035
8074.04,BTC-28JUN19,1558695541171,open,0.18,992.3,0.1425,0.222,0.18241217,89.44,0.1815,0.0,BTC-28JUN19-7000-C,7993.5,87.01,0.18,5.0,0.185,4.0,92.03,8.03675,-10.30496,4.32959,0.00014,0.74362
8098.68,BTC-27SEP19,1558695541174,open,1.32,0.0,1.1985,1.3815,1.29004858,92.61,None,0.0,BTC-27DEC19-18000-P,7993.5,0.0,0.006,5.0,2.1435,0.2,500.0,18.63059,-3.97767,-99.46522,5e-05,-0.77694
8098.68,BTC-27SEP19,1558695541726,open,0.1,121.3,0.065,0.1445,0.10458776,88.8,0.097,0.0,BTC-27DEC19-14000-C,7993.5,86.95,0.0995,14.0,0.108,15.0,90.03,22.43138,-4.59233,10.54371,6e-05,0.3237
8073.14,BTC-28JUN19,1558695541779,open,0.19,13.7,0.1355,0.2295,0.18250976,89.4,0.221,0.0,BTC-28JUN19-9000-P,7993.5,86.11,0.1785,12.0,0.188,12.0,94.06,9.63686,-12.35155,-6.04069,0.00017,-0.60068
8099.58,BTC-27SEP19,1558695541781,open,0.2,1024.7,0.163,0.2425,0.20290663,85.4,0.2035,0.0,BTC-27SEP19-8000-C,7993.5,83.19,0.198,3.0,0.2085,5.0,87.85,18.26943,-6.19733,11.32722,9e-05,0.6085
8098.68,BTC-27SEP19,1558695541793,open,0.22,36.0,0.159,0.255,0.20701495,83.19,0.2095,0.0,BTC-27DEC19-7500-P,7993.5,80.35,0.199,18.7,0.2105,5.0,84.47,22.60305,-4.33531,-25.82932,7e-05,-0.32982
7993.5,index_price,1558695541782,open,0.06,72.5,0.0235,0.103,0.06303936,85.9,0.0655,0,BTC-31MAY19-7750-C,7993.5,82.81,0.0615,15.0,0.068,15.0,95.28,4.15656,-25.96351,0.84764,0.0004,0.62603
7993.5,index_price,1558695541797,open,0.13,7.3,0.0685,0.157,0.11271847,91.18,0.137,0,BTC-31MAY19-8750-P,7993.5,72.71,0.105,5.0,0.112,5.0,89.76,3.52022,-23.34105,-1.29195,0.00032,-0.74537
8099.58,BTC-27SEP19,1558695541799,open,0.28,21.2,0.2195,0.3205,0.270127,85.83,0.2945,0.0,BTC-27SEP19-9000-P,7993.5,83.01,0.2635,3.0,0.2765,3.0,88.57,18.95821,-6.4637,-21.03301,0.0001,-0.48289
7993.5,index_price,1558695541803,open,0.08,265.9,0.043,0.1225,0.08285445,85.93,0.0845,0,BTC-31MAY19-7500-C,7993.5,83.9,0.082,5.0,0.0885,5.0,97.9,3.6574,-22.8552,0.96758,0.00035,0.72551
8099.58,BTC-27SEP19,1558695541832,open,0.53,12.9,0.4555,0.5765,0.51594162,86.01,0.564,0.0,BTC-27DEC19-11000-P,7993.5,81.11,0.501,3.0,0.521,3.0,87.68,24.69755,-4.89757,-51.38311,7e-05,-0.55177
8098.68,BTC-27SEP19,1558695541833,open,0.2,75.4,0.1435,0.238,0.19067687,85.33,0.185,0.0,BTC-27SEP19-8000-P,7993.5,83.07,0.1855,4.0,0.1955,5.0,87.5,18.26947,-6.19214,-16.26187,9e-05,-0.39165
8098.68,BTC-27SEP19,1558695541835,open,0.13,86.9,0.097,0.1765,0.13683525,87.08,0.122,0.0,BTC-27DEC19-12000-C,7993.5,85.28,0.1315,10.0,0.143,10.0,89.13,24.13781,-4.84614,12.72172,7e-05,0.40124
7993.5,index_price,1558695541838,open,0.15,22.1,0.0935,0.1845,0.13898707,93.24,0.155,0,BTC-31MAY19-9000-P,7993.5,70.96,0.1315,5.0,0.1375,5.0,89.52,3.01669,-20.45455,-1.42257,0.00027,-0.80586
8098.68,BTC-27SEP19,1558695541851,open,0.05,55.4,0.015,0.0945,0.05467165,91.06,0.0535,0.0,BTC-27SEP19-14000-C,7993.5,89.21,0.0515,18.3,0.0575,4.0,92.62,14.25457,-5.15568,4.74863,7e-05,0.22475
8099.58,BTC-27SEP19,1558695541874,open,0.05,71.2,0.006,0.0855,0.04589825,92.31,0.044,0.0,BTC-27SEP19-15000-C,7993.5,90.47,0.043,14.6,0.0485,4.0,93.9,13.04586,-4.78377,4.11758,6e-05,0.19334
7993.5,index_price,1558695541875,open,0.1,159.6,0.066,0.1455,0.10582279,86.06,0.104,0,BTC-31MAY19-7250-C,7993.5,86.33,0.106,5.0,0.112,5.0,101.7,2.95714,-18.50742,1.06333,0.00029,0.81207
7993.5,index_price,1558695541881,open,0.03,82.7,0.0005,0.0755,0.03584081,90.5,0.035,0,BTC-31MAY19-8250-C,7993.5,83.25,0.032,15.0,0.038,15.0,94.43,4.29673,-28.27596,0.58411,0.00039,0.4238
7993.5,index_price,1558695541884,open,0.15,284.2,0.12,0.1995,0.15978095,89.25,0.151,0,BTC-31MAY19-6750-C,7993.5,92.41,0.1605,5.0,0.166,5.0,114.74,1.54834,-10.04887,1.15256,0.00014,0.9253
254.2,ETH-27SEP19,1558695541914,open,0.19,1348.0,0.139,0.233,0.186088,94.67,0.212,0.0,ETH-27SEP19-240-P,251.18,90.99,0.178,40.0,0.192,40.0,97.41,0.55377,-0.20824,-0.47119,0.00262,-0.35147
254.19,ETH-27SEP19,1558695541984,open,0.62,31.0,0.536,0.663,0.599632,100.88,0.52,0.0,ETH-27SEP19-380-P,251.18,0.0,0.0,0.0,0.0,0.0,0.0,0.55351,-0.22181,-1.09452,0.00246,-0.64894
253.27,ETH-28JUN19,1558695542016,open,0.47,0.0,0.394,0.509,0.451242,108.21,None,0.0,ETH-28JUN19-360-P,251.18,0.0,0.0,0.0,0.0,0.0,0.0,0.2113,-0.3278,-0.30562,0.00319,-0.81167
8098.68,BTC-27SEP19,1558695542034,open,1.32,0.0,1.1995,1.382,1.29067104,92.88,None,0.0,BTC-27DEC19-18000-P,7993.5,0.0,0.006,5.0,2.1435,0.2,500.0,18.69148,-4.00231,-99.43339,5e-05,-0.77566
8098.44,BTC-27SEP19,1558695542130,open,1.77,0.0,1.6255,1.8435,1.7345467,101.03,None,0.0,BTC-27SEP19-22000-P,7992.7,0.0,0.006,10.0,2.491,0.2,499.95,7.24368,-2.90703,-74.06507,3e-05,-0.91739
8098.44,BTC-27SEP19,1558695542130,open,0.02,117.4,0.0005,0.058,0.01835647,101.46,0.019,0.0,BTC-27SEP19-22000-C,7992.7,98.75,0.016,15.0,0.0205,5.0,103.76,7.32739,-2.95299,1.83006,3e-05,0.08388
8073.14,BTC-28JUN19,1558695542130,open,0.44,219.6,0.407,0.4865,0.44698317,110.01,0.471,0.0,BTC-28JUN19-4500-C,7992.7,0.0,0.2005,2.0,0.51,1.0,243.27,1.67267,-2.6381,4.03864,2e-05,0.97054
8098.44,BTC-27SEP19,1558695542130,open,1.56,0.0,1.425,1.6265,1.52595138,94.47,None,0.0,BTC-27DEC19-20000-P,7992.7,0.0,0.006,5.0,2.386,0.2,499.33,16.94875,-3.69158,-112.39672,5e-05,-0.80984
8098.44,BTC-27SEP19,1558695542131,open,0.58,6.1,0.5005,0.625,0.56262164,88.7,1.781,0.0,BTC-27SEP19-12000-P,7992.7,0.0,0.0105,0.1,1.3095,0.3,499.65,16.78927,-5.91513,-34.971,8e-05,-0.68953
8073.14,BTC-28JUN19,1558695542130,open,0.76,1.3,0.6715,0.81,0.7407537,101.68,2.415,0.0,BTC-28JUN19-14000-P,7992.7,0.0,0.0,0.0,1.1705,1.0,499.42,2.79329,-4.07207,-13.00035,4e-05,-0.94457
8098.44,BTC-27SEP19,1558695542131,open,0.69,56.4,0.6555,0.735,0.69508438,105.95,0.6975,0.0,BTC-27SEP19-2500-C,7992.7,0.0,0.0065,0.1,0.9585,5.0,500.0,1.68617,-0.7096,8.12783,1e-05,0.98611
8097.64,BTC-27SEP19,1558695542132,open,1.28,1.0,1.161,1.341,1.25096892,95.37,1.5815,0.0,BTC-27SEP19-18000-P,7992.7,0.0,0.0065,0.1,2.016,0.3,499.92,9.83603,-3.72627,-59.34562,5e-05,-0.87414
8097.64,BTC-27SEP19,1558695542132,open,0.49,0.2,0.4555,0.535,0.4954557,90.2,0.26,0.0,BTC-27SEP19-4250-C,7992.7,0.0,0.0115,0.1,0.734,5.0,299.46,6.32763,-2.26708,12.1578,3e-05,0.93081
8097.64,BTC-27SEP19,1558695542133,open,0.04,229.2,0.0005,0.0795,0.03800411,88.36,0.0425,0.0,BTC-27SEP19-5000-P,7992.7,86.61,0.036,0.1,0.04,10.0,90.07,9.36051,-3.28524,-4.33681,5e-05,-0.11729
8097.64,BTC-27SEP19,1558695542130,open,1.8,0.0,1.6545,1.875,1.76481708,96.26,None,0.0,BTC-27DEC19-22000-P,7992.7,0.0,0.008,2.0,2.6295,0.3,499.28,15.46493,-3.43188,-125.1124,4e-05,-0.83549
7992.7,index_price,1558695542130,open,0.27,0.0,0.2045,0.304,0.25417475,98.32,None,0,BTC-31MAY19-10000-P,7992.7,0.0,0.0,0.0,0.324,0.1,278.15,1.23065,-8.79883,-1.80462,0.0001,-0.94441
8097.64,BTC-27SEP19,1558695542132,open,0.44,57.4,0.4075,0.487,0.44748532,83.76,0.461,0.0,BTC-27DEC19-5000-C,7992.7,0.0,0.0065,0.2,0.958,5.0,500.0,14.05469,-2.71413,19.73204,4e-05,0.85759
7992.7,index_price,1558695542130,open,0.21,15.0,0.1475,0.2425,0.19507361,96.45,0.1805,0,BTC-31MAY19-9500-P,7992.7,0.0,0.002,1.1,0.268,0.1,262.24,2.03139,-14.24718,-1.63721,0.00018,-0.89232
7992.7,index_price,1558695542134,open,0.27,299.7,0.242,0.3215,0.28188116,121.6,0.255,0,BTC-31MAY19-5750-C,7992.7,0.0,0.1035,3.0,0.435,0.1,500.0,0.52801,-4.66922,1.05132,4e-05,0.98014
8097.64,BTC-27SEP19,1558695542133,open,0.01,178.6,0.0005,0.048,0.00801641,92.95,0.0105,0.0,BTC-27DEC19-2500-P,7992.7,87.74,0.006,10.8,0.01,10.0,97.43,3.37951,-0.72419,-1.48396,1e-05,-0.02283
7992.7,index_price,1558695542131,open,0.01,156.1,0.0005,0.0465,0.00660798,96.91,0.008,0,BTC-31MAY19-9500-C,7992.7,90.24,0.005,25.0,0.008,28.0,102.11,2.04802,-14.43322,0.15403,0.00018,0.10891
251.2,index_price,1558695542139,open,0.02,624.0,0.001,0.059,0.01858,95.11,0.014,0,ETH-31MAY19-230-P,251.2,81.18,0.013,135.0,0.021,23.0,100.85,0.10455,-0.72311,-0.01174,0.00925,-0.22944
251.2,index_price,1558695542139,open,0.3,0.0,0.228,0.329,0.278409,113.4,None,0,ETH-31MAY19-320-P,251.2,0.0,0.0,0.0,0.371,1.0,334.97,0.04618,-0.38082,-0.05719,0.00343,-0.93022
8097.64,BTC-27SEP19,1558695542147,open,0.04,229.2,0.0005,0.0795,0.03800411,88.36,0.0425,0.0,BTC-27SEP19-5000-P,7992.7,86.61,0.036,0.1,0.0405,5.0,90.5,9.36051,-3.28524,-4.33681,5e-05,-0.11729
8073.14,BTC-28JUN19,1558695542148,open,1.51,0.4,1.38,1.578,1.4788612,121.48,5.076,0.0,BTC-28JUN19-20000-P,7992.7,0.0,0.0,0.0,1.836,2.0,500.0,0.83179,-1.44866,-19.02184,1e-05,-0.98706
8097.64,BTC-27SEP19,1558695542153,open,2.29,0.0,2.117,2.3765,2.24671188,99.19,None,0.0,BTC-27DEC19-26000-P,7992.7,0.0,0.006,10.0,3.1175,0.2,500.0,12.95151,-2.96169,-150.13101,3e-05,-0.87357
8097.64,BTC-27SEP19,1558695542159,open,0.04,229.2,0.0005,0.0795,0.03800411,88.36,0.0425,0.0,BTC-27SEP19-5000-P,7992.7,86.61,0.036,0.1,0.0405,15.0,90.5,9.36051,-3.28524,-4.33681,5e-05,-0.11729
8072.34,BTC-28JUN19,1558695542176,open,0.76,1.3,0.6715,0.81,0.7407537,101.2,2.415,0.0,BTC-28JUN19-14000-P,7992.7,0.0,0.0,0.0,1.1715,1.0,500.0,2.75095,-3.99115,-13.00719,4e-05,-0.94562
8097.64,BTC-27SEP19,1558695542178,open,1.28,1.0,1.161,1.341,1.25096892,95.37,1.5815,0.0,BTC-27SEP19-18000-P,7992.7,0.0,0.0065,0.1,2.0165,0.3,500.0,9.83603,-3.72627,-59.34562,5e-05,-0.87414
8098.44,BTC-27SEP19,1558695542188,open,0.8,0.0,0.7125,0.8545,0.78334842,91.0,None,0.0,BTC-27SEP19-14000-P,7992.7,0.0,0.0065,0.1,1.5445,0.3,500.0,14.24508,-5.14912,-43.53677,7e-05,-0.77551
7992.7,index_price,1558695542189,open,0.0,97.0,0.0005,0.0415,0.00181551,100.52,0.002,0,BTC-31MAY19-6250-P,7992.7,81.86,0.0005,30.0,0.003,35.0,110.85,0.78807,-5.76055,-0.05097,7e-05,-0.03203
8073.14,BTC-28JUN19,1558695542191,open,0.52,10.0,0.442,0.562,0.50193154,96.62,1.243,0.0,BTC-28JUN19-12000-P,7992.7,0.0,0.0005,1.0,0.9585,1.0,500.0,4.97518,-6.89135,-10.66447,8e-05,-0.88057
8097.64,BTC-27SEP19,1558695542196,open,1.8,0.0,1.6545,1.875,1.76481708,96.26,None,0.0,BTC-27DEC19-22000-P,7992.7,0.0,0.008,2.0,2.6305,0.3,500.0,15.46493,-3.43188,-125.1124,4e-05,-0.83549
8097.64,BTC-27SEP19,1558695542203,open,2.04,0.0,1.8855,2.1255,2.00561593,98.09,None,0.0,BTC-27DEC19-24000-P,7992.7,0.0,0.008,1.0,2.874,0.2,500.0,14.21417,-3.21432,-137.6464,4e-05,-0.85519
8097.64,BTC-27SEP19,1558695542218,open,1.32,0.0,1.1995,1.382,1.29067104,92.76,None,0.0,BTC-27DEC19-18000-P,7992.7,0.0,0.006,5.0,2.144,0.2,500.0,18.66066,-3.99076,-99.44951,5e-05,-0.77626
254.21,ETH-27SEP19,1558695542366,open,0.3,2.0,0.236,0.338,0.286673,95.74,0.737,0.0,ETH-27SEP19-280-P,251.2,92.02,0.278,110.0,0.293,30.0,98.46,0.59202,-0.22515,-0.65152,0.00277,-0.4565
251.2,index_price,1558695542436,open,0.01,1173.0,0.001,0.048,0.008859,107.12,0.003,0,ETH-31MAY19-300-C,251.2,92.06,0.005,169.0,0.012,149.0,117.35,0.07231,-0.56324,0.00566,0.00568,0.12839
8072.34,BTC-28JUN19,1558695542603,open,0.62,43.8,0.5895,0.669,0.62917704,136.69,0.6,0.0,BTC-28JUN19-3000-C,7992.7,0.0,0.002,1.0,0.7995,2.0,500.0,0.3816,-0.74779,2.81913,0.0,0.99468
8072.34,BTC-28JUN19,1558695542716,open,0.11,92.5,0.0595,0.1475,0.10360564,88.27,0.129,0.0,BTC-28JUN19-8000-P,7992.7,85.3,0.1,17.0,0.1075,5.0,91.47,9.81278,-12.41784,-4.13685,0.00018,-0.43273
8072.34,BTC-28JUN19,1558695542823,open,0.19,13.7,0.1355,0.2295,0.18258767,89.42,0.221,0.0,BTC-28JUN19-9000-P,7992.7,86.05,0.1785,12.0,0.1875,12.0,93.58,9.63524,-12.35153,-6.04164,0.00017,-0.60078
8097.64,BTC-27SEP19,1558695542839,open,0.2,1024.7,0.163,0.2425,0.20280955,85.41,0.2035,0.0,BTC-27SEP19-8000-C,7992.7,83.46,0.1985,3.0,0.2085,5.0,87.89,18.26734,-6.19727,11.32179,9e-05,0.60833
8072.34,BTC-28JUN19,1558695542840,open,0.06,100.6,0.0075,0.091,0.04944707,89.37,0.0535,0.0,BTC-28JUN19-7000-P,7992.7,86.46,0.0465,5.0,0.052,16.0,91.99,8.03751,-10.29783,-2.35951,0.00014,-0.25653
7992.7,index_price,1558695542841,open,0.06,72.5,0.023,0.1025,0.06298281,85.88,0.0655,0,BTC-31MAY19-7750-C,7992.7,83.88,0.062,15.0,0.068,15.0,95.39,4.15724,-25.96348,0.84719,0.0004,0.62572
7992.7,index_price,1558695542861,open,0.13,7.3,0.0685,0.157,0.11280422,91.2,0.137,0,BTC-31MAY19-8750-P,7992.7,72.47,0.105,5.0,0.1115,5.0,88.41,3.51849,-23.33571,-1.29225,0.00032,-0.74556
8097.64,BTC-27SEP19,1558695542863,open,0.28,21.2,0.2195,0.321,0.27030758,85.77,0.2945,0.0,BTC-27SEP19-9000-P,7992.7,82.94,0.2635,3.0,0.276,3.0,88.28,18.95434,-6.45741,-21.03793,0.0001,-0.48322
7992.7,index_price,1558695542876,open,0.08,265.9,0.043,0.1225,0.08278994,85.91,0.0845,0,BTC-31MAY19-7500-C,7992.7,85.14,0.0825,5.0,0.0885,5.0,98.03,3.65867,-22.85835,0.96722,0.00035,0.72526
7992.7,index_price,1558695542890,open,0.15,22.1,0.094,0.1845,0.13908163,93.27,0.155,0,BTC-31MAY19-9000-P,7992.7,68.73,0.131,5.0,0.1375,5.0,89.25,3.01522,-20.45139,-1.42277,0.00027,-0.80598
8097.64,BTC-27SEP19,1558695542892,open,0.05,55.4,0.015,0.0945,0.05464978,91.04,0.0535,0.0,BTC-27SEP19-14000-C,7992.7,89.22,0.0515,18.3,0.058,4.0,92.91,14.2476,-5.15222,4.74546,7e-05,0.2246
7992.7,index_price,1558695542898,open,0.1,159.6,0.066,0.1455,0.10575204,86.04,0.104,0,BTC-31MAY19-7250-C,7992.7,87.86,0.1065,5.0,0.112,5.0,101.87,2.9585,-18.51074,1.06309,0.00029,0.8119
7992.7,index_price,1558695542910,open,0.15,284.2,0.12,0.1995,0.15970418,89.2,0.151,0,BTC-31MAY19-6750-C,7992.7,92.78,0.1605,5.0,0.1665,5.0,116.74,1.54835,-10.04329,1.15256,0.00014,0.92529
8097.64,BTC-27SEP19,1558695542946,open,0.2,75.4,0.1435,0.238,0.19075171,85.33,0.185,0.0,BTC-27SEP19-8000-P,7992.7,83.04,0.1855,9.0,0.1955,5.0,87.47,18.26836,-6.19209,-16.26477,9e-05,-0.39175
8097.64,BTC-27SEP19,1558695542957,open,0.2,75.4,0.1435,0.238,0.19075171,85.33,0.185,0.0,BTC-27SEP19-8000-P,7992.7,83.04,0.1855,9.0,0.1965,4.0,87.92,18.26836,-6.19209,-16.26477,9e-05,-0.39175
8097.64,BTC-27SEP19,1558695542978,open,0.2,75.4,0.1435,0.238,0.19075171,85.33,0.185,0.0,BTC-27SEP19-8000-P,7992.7,83.04,0.1855,9.0,0.196,5.0,87.69,18.26836,-6.19209,-16.26477,9e-05,-0.39175
8097.64,BTC-27SEP19,1558695543059,open,0.13,52.0,0.08,0.1695,0.12459417,85.47,0.1295,0.0,BTC-27SEP19-7000-P,7992.7,83.25,0.12,9.0,0.1295,4.0,87.94,16.38694,-5.56324,-11.69226,8e-05,-0.29419
8097.6,BTC-27SEP19,1558695543130,open,1.52,0.0,1.393,1.592,1.49240168,98.68,None,0.0,BTC-27SEP19-20000-P,7993.08,0.0,0.006,10.0,2.253,0.2,499.69,8.46478,-3.31809,-66.7548,4e-05,-0.89803
8072.38,BTC-28JUN19,1558695543130,open,1.51,0.4,1.3805,1.5785,1.47938011,124.1,5.076,0.0,BTC-28JUN19-20000-P,7993.08,0.0,0.0,0.0,1.836,2.0,500.0,0.93824,-1.66926,-19.00908,1e-05,-0.98512
8097.6,BTC-27SEP19,1558695543130,open,0.03,107.2,0.0005,0.068,0.02837183,95.6,0.028,0.0,BTC-27SEP19-18000-C,7993.08,94.04,0.0265,15.0,0.03,1.0,96.91,9.88109,-3.75215,2.74559,5e-05,0.12669
7993.08,index_price,1558695543130,open,0.04,150.7,0.0005,0.0735,0.0326176,85.81,0.029,0,BTC-31MAY19-7750-P,7993.08,78.83,0.029,2.0,0.0335,20.0,87.51,4.15667,-25.9383,-0.61234,0.0004,-0.37406
8072.38,BTC-28JUN19,1558695543130,open,0.0,853.0,0.0005,0.0405,0.00073943,135.0,0.0005,0.0,BTC-28JUN19-3000-P,7993.08,0.0,0.0,0.0,0.003,20.0,164.89,0.35636,-0.68972,-0.04374,0.0,-0.00493
8072.38,BTC-28JUN19,1558695543131,open,0.64,0.8,0.556,0.685,0.62064107,99.68,2.171,0.0,BTC-28JUN19-13000-P,7993.08,0.0,0.07,1.0,1.064,1.0,499.92,3.77616,-5.39656,-11.86848,6e-05,-0.91809
8097.6,BTC-27SEP19,1558695543131,open,0.46,289.7,0.4295,0.509,0.46942306,89.25,0.5,0.0,BTC-27SEP19-4500-C,7993.08,0.0,0.0215,4.0,0.7245,5.0,299.2,7.2905,-2.5845,12.48964,4e-05,0.91667
7993.08,index_price,1558695543131,open,0.4,0.0,0.3225,0.432,0.37735869,111.03,None,0,BTC-31MAY19-11000-P,7993.08,0.0,0.0,0.0,0.4715,0.1,372.19,0.56984,-4.60094,-2.04117,4e-05,-0.97827
8072.38,BTC-28JUN19,1558695543132,open,0.02,372.3,0.0005,0.0645,0.0247467,93.98,0.0255,0.0,BTC-28JUN19-11000-C,7993.08,91.15,0.0225,10.0,0.0265,16.0,96.12,6.5201,-8.78499,1.18824,0.00011,0.1788
8097.6,BTC-27SEP19,1558695543130,open,1.8,0.0,1.655,1.876,1.76543967,96.57,None,0.0,BTC-27DEC19-22000-P,7993.08,0.0,0.008,2.0,2.6305,0.3,500.0,15.55031,-3.46225,-125.07406,4e-05,-0.83408
8072.38,BTC-28JUN19,1558695543133,open,0.29,42.9,0.228,0.33,0.27902098,91.18,0.3035,0.0,BTC-28JUN19-10000-P,7993.08,0.0,0.001,1.0,0.751,1.0,499.48,8.22011,-10.74587,-7.79797,0.00014,-0.73198
8097.6,BTC-27SEP19,1558695543133,open,0.69,0.0,0.605,0.7385,0.67169756,89.96,None,0.0,BTC-27SEP19-13000-P,7993.08,0.0,0.0065,0.1,1.4265,0.3,499.58,15.53746,-5.5521,-39.31885,8e-05,-0.73628
8072.38,BTC-28JUN19,1558695543134,open,0.53,30.0,0.498,0.5775,0.5375078,122.81,0.298,0.0,BTC-28JUN19-3750-C,7993.08,0.0,0.0005,6.0,0.7695,3.0,500.0,0.867,-1.52654,3.46258,1e-05,0.98643
8072.76,BTC-28JUN19,1558695543134,open,0.0,394.3,0.0005,0.0415,0.00176334,129.81,0.0015,0.0,BTC-28JUN19-3500-P,7993.08,119.83,0.001,1.4,0.0025,40.0,137.03,0.7342,-1.36635,-0.10001,1e-05,-0.0112
8072.76,BTC-28JUN19,1558695543134,open,0.5,322.4,0.467,0.5465,0.50699205,116.95,0.451,0.0,BTC-28JUN19-4000-C,7993.08,0.0,0.0605,3.0,0.674,0.5,448.82,1.04508,-1.75224,3.67271,1e-05,0.98313
8097.98,BTC-27SEP19,1558695543134,open,0.52,233.5,0.4825,0.562,0.52210934,91.1,0.5435,0.0,BTC-27SEP19-4000-C,7993.08,0.0,0.1655,1.1,0.7435,5.0,299.38,5.39536,-1.9525,11.7713,3e-05,0.94361
8072.76,BTC-28JUN19,1558695543134,open,0.56,143.2,0.5285,0.608,0.56822566,130.02,0.56,0.0,BTC-28JUN19-3500-C,7993.08,0.0,0.1505,3.0,0.779,3.0,500.0,0.7393,-1.37806,3.2434,1e-05,0.98871
8072.76,BTC-28JUN19,1558695543134,open,0.01,315.5,0.0005,0.045,0.00526407,104.91,0.005,0.0,BTC-28JUN19-4750-P,7993.08,96.9,0.0035,30.0,0.0065,20.0,109.67,1.97875,-2.97617,-0.31924,3e-05,-0.03612
8072.76,BTC-28JUN19,1558695543134,open,0.01,303.6,0.0005,0.05,0.01021055,99.67,0.0095,0.0,BTC-28JUN19-13000-C,7993.08,95.84,0.0085,40.0,0.012,20.0,103.34,3.77633,-5.39631,0.55303,6e-05,0.08191
8097.98,BTC-27SEP19,1558695543134,open,0.6,0.0,0.5665,0.646,0.60616446,95.48,None,0.0,BTC-27SEP19-3250-C,7993.08,0.0,0.0075,0.1,0.952,5.0,500.0,3.06956,-1.16413,10.21239,1e-05,0.97184
8072.76,BTC-28JUN19,1558695543135,open,0.22,501.2,0.1865,0.266,0.2260891,90.37,0.203,0.0,BTC-28JUN19-6500-C,7993.08,85.88,0.2225,2.0,0.684,5.0,500.0,6.54785,-8.48371,4.58115,0.00012,0.82
8097.98,BTC-27SEP19,1558695543133,open,0.37,122.6,0.3315,0.411,0.37102343,83.21,0.385,0.0,BTC-27DEC19-6000-C,7993.08,49.96,0.3,0.3,0.45,0.1,117.98,18.25341,-3.50189,19.90506,6e-05,0.78471
8072.76,BTC-28JUN19,1558695543135,open,0.0,226.5,0.0005,0.0445,0.00432868,109.72,0.005,0.0,BTC-28JUN19-4500-P,7993.08,105.45,0.0035,16.0,0.005,20.0,112.85,1.66009,-2.61135,-0.2586,2e-05,-0.0292
8097.98,BTC-27SEP19,1558695543135,open,0.04,54.6,0.0005,0.0785,0.03890288,93.54,0.0365,0.0,BTC-27SEP19-16000-C,7993.08,91.54,0.036,18.9,0.0415,4.0,95.29,11.90992,-4.42534,3.58516,6e-05,0.16728
8072.76,BTC-28JUN19,1558695543135,open,0.0,254.1,0.0005,0.043,0.00321877,112.76,0.0035,0.0,BTC-28JUN19-4250-P,7993.08,104.14,0.002,11.0,0.0045,30.0,119.91,1.30737,-2.11346,-0.19417,2e-05,-0.02195
7993.08,index_price,1558695543132,open,0.0,362.1,0.0005,0.043,0.00315289,99.07,0.0035,0,BTC-31MAY19-10000-C,7993.08,90.8,0.002,25.0,0.0035,10.3,101.22,1.25733,-9.05851,0.08126,0.00011,0.05712
8072.76,BTC-28JUN19,1558695543136,open,0.02,464.9,0.0005,0.0555,0.01567517,96.87,0.0155,0.0,BTC-28JUN19-12000-C,7993.08,95.77,0.015,3.0,0.017,1.0,98.97,4.99704,-6.94008,0.8061,8e-05,0.12018
8072.76,BTC-28JUN19,1558695543136,open,0.47,10.5,0.437,0.5165,0.47673204,112.6,0.428,0.0,BTC-28JUN19-4250-C,7993.08,0.0,0.0335,3.0,0.693,3.0,500.0,1.30137,-2.10089,3.86781,2e-05,0.97817
8097.98,BTC-27SEP19,1558695543134,open,0.09,66.2,0.0535,0.133,0.09343826,90.03,0.089,0.0,BTC-27DEC19-15000-C,7993.08,87.97,0.088,4.0,0.1,14.0,92.48,21.50997,-4.46484,9.65895,6e-05,0.29418
8097.98,BTC-27SEP19,1558695543130,open,0.04,111.5,0.0005,0.076,0.03630044,99.44,0.032,0.0,BTC-27DEC19-26000-C,7993.08,97.66,0.0335,5.0,0.039,68.8,101.08,13.02325,-2.98552,4.38479,3e-05,0.12743
7993.08,index_price,1558695543130,open,0.33,116.2,0.304,0.3835,0.34375149,134.07,0.293,0,BTC-31MAY19-5250-C,7993.08,0.0,0.0715,3.3,0.44,4.0,500.0,0.25995,-2.53441,0.97495,2e-05,0.99126
8097.98,BTC-27SEP19,1558695543130,open,0.04,24.0,0.0025,0.082,0.04215676,98.29,0.0425,0.0,BTC-27DEC19-24000-C,7993.08,96.17,0.0385,5.0,0.046,15.0,100.43,14.273,-3.23441,4.98179,4e-05,0.14569
7993.08,index_price,1558695543132,open,0.0,101.4,0.0005,0.04,1e-07,135.01,0.0005,0,BTC-31MAY19-3500-P,7993.08,0.0,0.0,0.0,0.002,20.1,294.74,0.00014,-0.00084,0.0,0.0,0.0
8097.98,BTC-27SEP19,1558695543130,open,0.01,100.6,0.0005,0.054,0.01373132,89.83,0.018,0.0,BTC-27DEC19-3000-P,7993.08,85.27,0.011,10.0,0.0165,15.0,94.03,5.10513,-1.05726,-2.46573,1e-05,-0.03751
8097.98,BTC-27SEP19,1558695543130,open,0.59,4.0,0.55,0.6295,0.58965518,87.5,0.59,0.0,BTC-27DEC19-3500-C,7993.08,0.0,0.0065,1.1,0.996,1.0,500.0,7.13648,-1.43957,17.00459,2e-05,0.94306
7993.08,index_price,1558695543130,open,0.46,0.0,0.3825,0.497,0.4398612,122.93,None,0,BTC-31MAY19-11500-P,7993.08,0.0,0.0,0.0,0.5535,0.1,432.32,0.51188,-4.57598,-2.13917,3e-05,-0.98085
7993.08,index_price,1558695543135,open,0.01,134.3,0.0005,0.044,0.0042248,88.82,0.004,0,BTC-31MAY19-6750-P,7993.08,84.87,0.0035,25.0,0.0045,0.5,90.23,1.53503,-9.9146,-0.11759,0.00014,-0.07387
254.21,ETH-27SEP19,1558695543140,open,0.05,18.0,0.016,0.095,0.055732,107.3,0.051,0.0,ETH-27SEP19-520-C,251.18,104.42,0.051,186.0,0.06,40.0,109.82,0.42527,-0.18125,0.13165,0.00178,0.2059
254.21,ETH-27SEP19,1558695543140,open,1.29,0.0,1.162,1.341,1.251459,109.35,None,0.0,ETH-27SEP19-560-P,251.18,0.0,0.0,0.0,0.0,0.0,0.0,0.3941,-0.17119,-1.81448,0.00162,-0.81826
253.29,ETH-28JUN19,1558695543140,open,0.0,4769.0,0.001,0.041,0.001484,114.2,0.004,0.0,ETH-28JUN19-120-P,251.18,0.0,0.0,0.0,0.003,359.0,127.58,0.02256,-0.03693,-0.00301,0.00032,-0.01093
254.21,ETH-27SEP19,1558695543141,open,0.42,24.0,0.348,0.459,0.403716,97.58,0.408,0.0,ETH-27SEP19-320-P,251.18,92.96,0.393,30.0,0.41,30.0,100.28,0.59163,-0.22931,-0.83245,0.00272,-0.54583
253.29,ETH-28JUN19,1558695543141,open,0.05,3140.0,0.003,0.086,0.044303,97.41,0.046,0.0,ETH-28JUN19-210-P,251.18,90.42,0.038,212.0,0.044,160.0,97.08,0.23168,-0.32354,-0.06391,0.00388,-0.21975
254.21,ETH-27SEP19,1558695543141,open,0.27,840.0,0.239,0.318,0.27825,94.7,0.296,0.0,ETH-27SEP19-220-C,251.18,90.63,0.27,30.0,0.284,110.0,97.53,0.51533,-0.19384,0.37386,0.00244,0.7047
254.21,ETH-27SEP19,1558695543141,open,0.36,743.0,0.327,0.406,0.36664,94.7,0.338,0.0,ETH-27SEP19-180-C,251.18,0.0,0.23,1.0,0.5,1.0,176.08,0.39765,-0.14958,0.39361,0.00188,0.81562
253.29,ETH-28JUN19,1558695543141,open,0.01,4469.0,0.001,0.046,0.006557,97.4,0.004,0.0,ETH-28JUN19-160-P,251.18,87.85,0.004,425.0,0.007,120.0,98.84,0.07664,-0.10702,-0.01292,0.00128,-0.04684
253.29,ETH-28JUN19,1558695543141,open,0.0,9820.0,0.001,0.042,0.001982,107.68,0.004,0.0,ETH-28JUN19-130-P,251.18,97.41,0.001,300.0,0.003,200.0,115.29,0.02963,-0.04575,-0.00411,0.00045,-0.01499
254.21,ETH-27SEP19,1558695543141,open,0.04,599.0,0.003,0.082,0.042885,111.38,0.04,0.0,ETH-27SEP19-600-C,251.18,108.63,0.039,10.0,0.047,40.0,114.18,0.36631,-0.16206,0.1045,0.00148,0.16209
254.21,ETH-27SEP19,1558695543141,open,0.01,3243.0,0.001,0.046,0.006542,94.7,0.006,0.0,ETH-27SEP19-100-P,251.18,86.33,0.004,155.0,0.008,50.0,98.68,0.08797,-0.03309,-0.02787,0.00042,-0.02525
253.29,ETH-28JUN19,1558695543141,open,0.02,5310.0,0.001,0.056,0.01613,97.39,0.019,0.0,ETH-28JUN19-180-P,251.18,89.29,0.012,150.0,0.015,125.0,95.26,0.13676,-0.19094,-0.02795,0.00229,-0.09936
253.29,ETH-28JUN19,1558695543141,open,0.02,1926.0,0.001,0.059,0.019222,112.67,0.017,0.0,ETH-28JUN19-400-C,251.18,109.13,0.017,250.0,0.022,300.0,116.85,0.1635,-0.2641,0.02623,0.00237,0.1276
251.18,index_price,1558695543140,open,0.07,141.0,0.037,0.116,0.07622,95.16,0.074,0,ETH-31MAY19-240-C,251.18,80.64,0.069,150.0,0.085,50.0,112.47,0.12624,-0.87357,0.02765,0.01116,0.66053
254.21,ETH-27SEP19,1558695543141,open,0.11,1098.0,0.077,0.156,0.116431,99.92,0.11,0.0,ETH-27SEP19-360-C,251.18,98.39,0.113,100.0,0.122,40.0,102.4,0.56943,-0.22602,0.23305,0.00256,0.38226
253.29,ETH-28JUN19,1558695543141,open,0.26,590.0,0.234,0.313,0.273349,97.39,0.296,0.0,ETH-28JUN19-190-C,251.18,0.0,0.01,15.0,0.53,23.0,388.29,0.16952,-0.23667,0.14332,0.00284,0.86555
254.21,ETH-27SEP19,1558695543141,open,0.76,0.0,0.726,0.805,0.765241,109.27,0.01,0.0,ETH-27SEP19-60-C,251.18,0.0,0.003,10.0,0.0,0.0,0.0,0.02186,-0.00949,0.20136,9e-05,0.99493
253.29,ETH-28JUN19,1558695543141,open,0.0,2026.0,0.001,0.04,0.000722,140.35,0.001,0.0,ETH-28JUN19-90-P,251.18,0.0,0.0,0.0,0.002,150.0,161.21,0.01058,-0.02129,-0.0013,0.00012,-0.00463
254.21,ETH-27SEP19,1558695543141,open,0.14,373.0,0.105,0.184,0.144914,97.58,0.139,0.0,ETH-27SEP19-320-C,251.18,95.9,0.141,225.0,0.152,130.0,100.62,0.59163,-0.22931,0.27112,0.00272,0.45417
253.29,ETH-28JUN19,1558695543141,open,0.0,1541.0,0.001,0.04,0.000534,150.0,0.001,0.0,ETH-28JUN19-80-P,251.18,0.0,0.0,0.0,0.002,174.0,178.4,0.00778,-0.01673,-0.00093,8e-05,-0.00329
254.21,ETH-27SEP19,1558695543141,open,0.55,81.0,0.472,0.593,0.532583,99.92,0.489,0.0,ETH-27SEP19-360-P,251.18,0.0,0.05,20.0,0.0,0.0,0.0,0.56943,-0.22602,-1.00846,0.00256,-0.61774
253.29,ETH-28JUN19,1558695543141,open,0.03,3116.0,0.001,0.064,0.023477,97.39,0.021,0.0,ETH-28JUN19-190-P,251.18,88.85,0.018,346.0,0.022,120.0,95.15,0.16952,-0.23667,-0.03822,0.00284,-0.13445
253.29,ETH-28JUN19,1558695543141,open,0.52,50.0,0.488,0.567,0.527683,113.79,0.547,0.0,ETH-28JUN19-120-C,251.18,0.0,0.003,10.0,0.0,0.0,0.0,0.02219,-0.03621,0.11171,0.00032,0.98927
253.29,ETH-28JUN19,1558695543141,open,0.33,0.0,0.26,0.364,0.312416,104.11,None,0.0,ETH-28JUN19-320-P,251.18,0.0,0.232,10.0,0.0,0.0,0.0,0.26619,-0.39731,-0.24845,0.00417,-0.71415
251.18,index_price,1558695543140,open,0.01,1109.0,0.001,0.045,0.005649,107.44,0.007,0,ETH-31MAY19-310-C,251.18,86.37,0.002,150.0,0.009,150.0,121.05,0.05506,-0.43017,0.0039,0.00431,0.08801
253.29,ETH-28JUN19,1558695543142,open,0.36,923.0,0.335,0.414,0.374866,97.39,0.357,0.0,ETH-28JUN19-160-C,251.18,0.0,0.1,3.0,0.0,0.0,0.0,0.07662,-0.10697,0.13996,0.00128,0.95318
254.19,ETH-27SEP19,1558695543142,open,0.1,1200.0,0.065,0.144,0.104756,100.92,0.1,0.0,ETH-27SEP19-380-C,251.18,99.65,0.102,100.0,0.11,40.0,103.31,0.55358,-0.2219,0.21601,0.00246,0.35117
254.19,ETH-27SEP19,1558695543142,open,0.05,5416.0,0.007,0.09,0.048918,94.69,0.052,0.0,ETH-27SEP19-160-P,251.18,88.28,0.041,192.0,0.049,50.0,94.75,0.32143,-0.12089,-0.15981,0.00152,-0.13339
254.19,ETH-27SEP19,1558695543142,open,0.68,0.0,0.648,0.727,0.687802,97.61,None,0.0,ETH-27SEP19-80-C,251.18,0.0,0.003,10.0,0.0,0.0,0.0,0.04196,-0.01627,0.26436,0.00019,0.98937
254.19,ETH-27SEP19,1558695543141,open,0.0,1723.0,0.001,0.042,0.002502,97.46,0.003,0.0,ETH-27SEP19-80-P,251.18,85.52,0.001,100.0,0.004,50.0,105.3,0.0417,-0.01614,-0.01145,0.00019,-0.01055
254.19,ETH-27SEP19,1558695543141,open,0.41,400.0,0.38,0.459,0.419517,94.72,0.383,0.0,ETH-27SEP19-160-C,251.18,56.19,0.38,1.0,0.599,10.0,220.07,0.32152,-0.12097,0.39189,0.00152,0.86656
254.19,ETH-27SEP19,1558695543142,open,0.61,0.0,0.574,0.653,0.613166,94.78,None,0.0,ETH-27SEP19-100-C,251.18,0.0,0.003,10.0,0.0,0.0,0.0,0.0882,-0.0332,0.3169,0.00042,0.97467
253.27,ETH-28JUN19,1558695543142,open,0.01,6395.0,0.001,0.047,0.007139,121.23,0.006,0.0,ETH-28JUN19-500-C,251.18,114.01,0.005,491.0,0.009,5.0,126.52,0.08304,-0.14433,0.01081,0.00112,0.05179
254.19,ETH-27SEP19,1558695543142,open,0.08,4895.0,0.032,0.117,0.074716,94.68,0.079,0.0,ETH-27SEP19-180-P,251.18,89.06,0.066,173.0,0.075,40.0,94.87,0.39766,-0.14956,-0.22715,0.00188,-0.1844
253.27,ETH-28JUN19,1558695543142,open,0.29,3366.0,0.266,0.345,0.305482,97.47,0.259,0.0,ETH-28JUN19-180-C,251.18,0.0,0.005,15.0,1.0,1.0,500.0,0.13695,-0.19138,0.14398,0.00229,0.90044
253.27,ETH-28JUN19,1558695543142,open,0.0,9841.0,0.001,0.043,0.002972,103.7,0.005,0.0,ETH-28JUN19-140-P,251.18,97.04,0.002,320.0,0.004,200.0,109.44,0.04146,-0.06164,-0.0061,0.00065,-0.02223
251.18,index_price,1558695543140,open,0.01,596.0,0.001,0.058,0.018115,101.07,0.018,0,ETH-31MAY19-280-C,251.18,88.5,0.013,135.0,0.023,135.0,112.24,0.10662,-0.78364,0.01039,0.00888,0.23773
251.18,index_price,1558695543140,open,0.06,347.0,0.008,0.091,0.049538,94.99,0.043,0,ETH-31MAY19-250-P,251.18,77.49,0.04,102.0,0.055,107.0,105.02,0.13683,-0.94517,-0.02409,0.01212,-0.45965
253.27,ETH-28JUN19,1558695543143,open,0.68,0.0,0.645,0.724,0.68469,150.79,None,0.0,ETH-28JUN19-80-C,251.18,0.0,0.003,2.0,0.0,0.0,0.0,0.00804,-0.01738,0.07548,9e-05,0.99659
251.18,index_price,1558695543140,open,0.0,555.0,0.001,0.041,0.001522,126.24,0.005,0,ETH-31MAY19-180-P,251.18,0.0,0.0,0.0,0.003,200.0,142.59,0.01825,-0.16754,-0.00112,0.00122,-0.02223
251.18,index_price,1558695543140,open,0.09,76.0,0.063,0.142,0.102955,95.19,0.077,0,ETH-31MAY19-230-C,251.18,82.89,0.098,50.0,0.111,50.0,113.81,0.10463,-0.72426,0.03157,0.00925,0.77022
253.27,ETH-28JUN19,1558695543143,open,0.0,4824.0,0.001,0.041,0.000989,119.42,0.001,0.0,ETH-28JUN19-110-P,251.18,0.0,0.0,0.0,0.002,315.0,132.05,0.01577,-0.02699,-0.002,0.00022,-0.00727
251.18,index_price,1558695543140,open,0.01,336.0,0.001,0.05,0.009845,95.03,0.012,0,ETH-31MAY19-220-P,251.18,77.19,0.005,147.0,0.014,397.0,107.83,0.07664,-0.52959,-0.00708,0.00679,-0.13975
254.19,ETH-27SEP19,1558695543144,open,0.06,1232.0,0.026,0.105,0.065379,105.47,0.067,0.0,ETH-27SEP19-480-C,251.18,103.02,0.061,143.0,0.07,40.0,107.99,0.46062,-0.19296,0.15024,0.00196,0.23677
251.18,index_price,1558695543140,open,0.0,151.0,0.001,0.044,0.004427,112.91,0.006,0,ETH-31MAY19-320-C,251.18,96.64,0.002,150.0,0.008,450.0,129.64,0.04565,-0.37481,0.00304,0.0034,0.06875
251.18,index_price,1558695543142,open,0.23,95.0,0.206,0.285,0.245117,108.75,0.199,0,ETH-31MAY19-190-C,251.18,0.0,0.0,0.0,0.329,2.0,385.07,0.02075,-0.1641,0.03449,0.00161,0.9741
251.18,index_price,1558695543140,open,0.0,242.0,0.001,0.042,0.002235,117.89,0.004,0,ETH-31MAY19-340-C,251.18,0.0,0.0,0.0,0.005,200.0,137.3,0.02769,-0.23737,0.00163,0.00198,0.03669
251.18,index_price,1558695543141,open,0.0,780.0,0.001,0.042,0.002074,96.69,0.007,0,ETH-31MAY19-200-P,251.18,85.0,0.001,203.0,0.003,170.0,104.14,0.02804,-0.19719,-0.00186,0.00244,-0.03727
251.18,index_price,1558695543141,open,0.0,853.0,0.001,0.042,0.002787,112.9,0.005,0,ETH-31MAY19-330-C,251.18,0.0,0.0,0.0,0.006,450.0,132.1,0.03333,-0.27361,0.00205,0.00248,0.04611
251.18,index_price,1558695543140,open,0.01,670.0,0.001,0.044,0.004681,95.27,0.005,0,ETH-31MAY19-210-P,251.18,91.66,0.004,200.0,0.005,50.0,96.88,0.04914,-0.34043,-0.0038,0.00434,-0.07568
251.18,index_price,1558695543141,open,0.0,5.0,0.001,0.041,0.001047,136.66,0.002,0,ETH-31MAY19-170-P,251.18,0.0,0.0,0.0,0.002,200.0,151.54,0.01292,-0.12836,-0.00075,0.0008,-0.01481
251.18,index_price,1558695543140,open,0.27,100.0,0.245,0.324,0.284961,127.01,0.256,0,ETH-31MAY19-180-C,251.18,0.0,0.001,1.0,0.376,2.0,444.27,0.01867,-0.1724,0.03275,0.00124,0.97717
251.18,index_price,1558695543140,open,0.38,0.0,0.302,0.409,0.355739,116.89,None,0,ETH-31MAY19-340-P,251.18,0.0,0.0,0.0,0.466,1.0,396.54,0.02688,-0.22847,-0.06247,0.00193,-0.96462
251.18,index_price,1558695543141,open,0.0,124.0,0.001,0.041,0.001486,108.01,0.002,0,ETH-31MAY19-190-P,251.18,101.24,0.001,3.0,0.002,155.0,113.82,0.02026,-0.15913,-0.00126,0.00158,-0.02517
8072.38,BTC-28JUN19,1558695543195,open,0.29,42.9,0.228,0.33,0.27902098,91.18,0.3035,0.0,BTC-28JUN19-10000-P,7993.08,0.0,0.001,1.0,0.752,1.0,500.0,8.22011,-10.74587,-7.79797,0.00014,-0.73198
8097.98,BTC-27SEP19,1558695543210,open,1.56,0.0,1.425,1.627,1.52602063,94.44,None,0.0,BTC-27DEC19-20000-P,7993.08,0.0,0.006,5.0,2.387,0.2,500.0,16.93896,-3.68827,-112.40142,5e-05,-0.81
8097.98,BTC-27SEP19,1558695543228,open,2.04,0.0,1.886,2.126,2.00598326,98.36,None,0.0,BTC-27DEC19-24000-P,7993.08,0.0,0.008,1.0,2.8735,0.2,500.0,14.29259,-3.24117,-137.61307,4e-05,-0.85401
254.19,ETH-27SEP19,1558695543498,open,1.14,0.0,1.018,1.185,1.101446,107.31,None,0.0,ETH-27SEP19-520-P,251.18,0.0,0.0,0.0,0.0,0.0,0.0,0.42522,-0.18125,-1.66166,0.00178,-0.79411
8097.98,BTC-27SEP19,1558695543529,open,0.28,80.7,0.241,0.3205,0.28088792,83.22,0.297,0.0,BTC-27DEC19-7500-C,7993.08,81.65,0.2765,3.0,0.2855,7.5,84.87,22.60191,-4.33624,18.7298,7e-05,0.67015
254.19,ETH-27SEP19,1558695543639,open,0.19,1348.0,0.139,0.233,0.186109,94.68,0.212,0.0,ETH-27SEP19-240-P,251.18,90.98,0.178,40.0,0.192,120.0,97.4,0.55376,-0.20825,-0.47122,0.00262,-0.35149
8097.98,BTC-27SEP19,1558695543725,open,0.25,14.0,0.1945,0.2935,0.24409865,83.23,0.236,0.0,BTC-27DEC19-8000-P,7993.08,80.27,0.2355,17.4,0.2495,5.0,85.09,23.50602,-4.51049,-29.40488,7e-05,-0.36702
251.18,index_price,1558695543736,open,0.31,0.0,0.285,0.364,0.324243,136.68,None,0,ETH-31MAY19-170-C,251.18,0.0,0.001,1.0,0.424,2.0,500.0,0.01293,-0.12848,0.03127,0.0008,0.98517
8097.98,BTC-27SEP19,1558695543735,open,0.25,14.0,0.1945,0.2935,0.24407306,83.23,0.236,0.0,BTC-27DEC19-8000-P,7993.08,80.27,0.2355,17.4,0.248,5.0,84.58,23.50602,-4.51049,-29.40488,7e-05,-0.36702
8097.98,BTC-27SEP19,1558695543762,open,0.22,36.0,0.159,0.255,0.20706109,83.23,0.2095,0.0,BTC-27DEC19-7500-P,7993.08,80.34,0.199,18.7,0.213,4.0,85.35,22.60158,-4.3369,-25.83498,7e-05,-0.32984
251.18,index_price,1558695543767,open,0.16,2.0,0.129,0.208,0.168634,95.61,0.138,0,ETH-31MAY19-210-C,251.18,47.47,0.164,50.0,0.177,50.0,128.62,0.04946,-0.34391,0.03572,0.00435,0.92366
254.21,ETH-27SEP19,1558695543769,open,0.3,2.0,0.236,0.338,0.286644,95.73,0.737,0.0,ETH-27SEP19-280-P,251.18,92.02,0.278,80.0,0.293,30.0,98.46,0.59202,-0.22512,-0.65152,0.00277,-0.45652
8097.98,BTC-27SEP19,1558695543783,open,0.22,36.0,0.159,0.255,0.20706109,83.23,0.2095,0.0,BTC-27DEC19-7500-P,7993.08,80.34,0.199,18.7,0.211,5.0,84.63,22.60158,-4.3369,-25.83498,7e-05,-0.32984
254.21,ETH-27SEP19,1558695543846,open,0.05,7.0,0.009,0.088,0.048393,109.24,0.053,0.0,ETH-27SEP19-560-C,251.18,106.36,0.044,188.0,0.053,40.0,112.17,0.39353,-0.17076,0.11655,0.00162,0.18133
251.18,index_price,1558695543852,open,0.19,117.0,0.166,0.245,0.205836,97.25,0.17,0,ETH-31MAY19-200-C,251.18,0.0,0.202,50.0,0.214,50.0,141.52,0.02852,-0.20173,0.03577,0.00247,0.96195
254.19,ETH-27SEP19,1558695543864,open,0.11,2711.0,0.063,0.15,0.106439,94.68,0.105,0.0,ETH-27SEP19-200-P,251.18,89.5,0.097,161.0,0.108,40.0,95.55,0.46309,-0.17417,-0.30287,0.0022,-0.23909
254.19,ETH-27SEP19,1558695543875,open,0.09,1541.0,0.056,0.135,0.095388,102.24,0.083,0.0,ETH-27SEP19-400-C,251.18,102.52,0.096,30.0,0.1,40.0,104.41,0.53698,-0.21808,0.2009,0.00236,0.32459
251.18,index_price,1558695543887,open,0.18,0.0,0.12,0.212,0.166156,100.93,None,0,ETH-31MAY19-290-P,251.18,60.01,0.156,50.0,0.169,50.0,109.13,0.08608,-0.63178,-0.0473,0.00718,-0.83351
254.19,ETH-27SEP19,1558695543893,open,0.19,1348.0,0.139,0.233,0.186109,94.68,0.212,0.0,ETH-27SEP19-240-P,251.18,90.52,0.177,138.0,0.192,120.0,97.4,0.55376,-0.20825,-0.47122,0.00262,-0.35149
8097.6,BTC-27SEP19,1558695543934,open,0.03,97.6,0.0005,0.066,0.0251411,89.24,0.0315,0.0,BTC-27SEP19-4500-P,7993.08,86.25,0.0225,15.0,0.0275,5.0,91.82,7.2902,-2.58431,-3.02908,4e-05,-0.08333
7993.08,index_price,1558695543935,open,0.02,230.3,0.0005,0.053,0.0128202,85.87,0.0105,0,BTC-31MAY19-7250-P,7993.08,80.82,0.011,20.0,0.014,20.0,89.0,2.95371,-18.44526,-0.30178,0.00029,-0.18759
253.27,ETH-28JUN19,1558695543958,open,0.03,2028.0,0.001,0.069,0.029784,108.16,0.033,0.0,ETH-28JUN19-360-C,251.18,104.75,0.027,243.0,0.033,260.0,111.94,0.2112,-0.32752,0.03833,0.00319,0.1882
253.29,ETH-28JUN19,1558695543982,open,0.04,2634.0,0.001,0.074,0.032812,97.41,0.03,0.0,ETH-28JUN19-200-P,251.18,89.9,0.027,220.0,0.032,160.0,96.36,0.20173,-0.28171,-0.05027,0.00338,-0.17487
254.21,ETH-27SEP19,1558695543994,open,0.13,543.0,0.09,0.169,0.12994,98.91,0.13,0.0,ETH-27SEP19-340-C,251.18,97.19,0.126,100.0,0.136,130.0,101.56,0.58255,-0.22887,0.25146,0.00264,0.41675
8097.6,BTC-27SEP19,1558695544024,open,0.05,71.2,0.006,0.0855,0.04586217,92.3,0.044,0.0,BTC-27SEP19-15000-C,7993.08,90.5,0.043,14.6,0.049,4.0,94.22,13.03465,-4.77878,4.1129,6e-05,0.19314
8097.98,BTC-27SEP19,1558695544043,open,1.77,0.0,1.626,1.8445,1.73519478,101.58,None,0.0,BTC-27SEP19-22000-P,7993.08,0.0,0.006,10.0,2.491,0.2,499.83,7.35099,-2.96621,-74.0332,3e-05,-0.91575
251.18,index_price,1558695544050,open,0.34,0.0,0.264,0.369,0.316583,112.88,None,0,ETH-31MAY19-330-P,251.18,0.0,0.0,0.0,0.415,1.0,359.42,0.0333,-0.27337,-0.06012,0.00248,-0.95393
8097.98,BTC-27SEP19,1558695544059,open,0.37,5.7,0.306,0.4145,0.3603747,86.66,0.389,0.0,BTC-27SEP19-10000-P,7993.08,83.23,0.3525,3.0,0.366,3.0,89.08,18.73043,-6.44783,-25.8046,0.0001,-0.56359
8097.98,BTC-27SEP19,1558695544088,open,0.53,12.9,0.456,0.5765,0.5161527,86.04,0.564,0.0,BTC-27DEC19-11000-P,7993.08,81.04,0.501,3.0,0.5205,3.0,87.45,24.69251,-4.8981,-51.388,7e-05,-0.55179
8072.76,BTC-28JUN19,1558695544123,open,0.11,92.5,0.06,0.1475,0.10369015,88.38,0.129,0.0,BTC-28JUN19-8000-P,7993.08,85.33,0.1,5.0,0.1075,5.0,91.5,9.81275,-12.43407,-4.13695,0.00018,-0.43261
8097.72,BTC-27SEP19,1558695544130,open,0.02,75.0,0.0005,0.0625,0.0227857,98.92,0.0225,0.0,BTC-27SEP19-20000-C,7993.72,96.69,0.0205,15.0,0.025,6.2,100.98,8.51329,-3.34519,2.23359,4e-05,0.10277
8072.77,BTC-28JUN19,1558695544130,open,0.27,1838.2,0.2355,0.315,0.27531762,91.81,0.2635,0.0,BTC-28JUN19-6000-C,7993.72,69.97,0.264,2.0,0.28,1.0,99.2,4.91881,-6.47469,4.68333,9e-05,0.88248
8097.72,BTC-27SEP19,1558695544131,open,0.06,118.1,0.0265,0.106,0.06642965,90.03,0.0645,0.0,BTC-27SEP19-13000-C,7993.72,88.23,0.063,24.0,0.07,4.0,91.88,15.5474,-5.56026,5.51862,8e-05,0.26404
8072.77,BTC-28JUN19,1558695544131,open,0.02,932.2,0.0005,0.059,0.01859284,91.87,0.018,0.0,BTC-28JUN19-6000-P,7993.72,89.22,0.017,30.0,0.02,5.9,94.15,4.92219,-6.48331,-1.05082,9e-05,-0.11764
8098.36,BTC-27SEP19,1558695544133,open,0.08,42.6,0.0435,0.123,0.08342798,90.95,0.082,0.0,BTC-27DEC19-16000-C,7993.72,88.99,0.0785,4.0,0.089,10.0,93.13,20.54073,-4.30725,8.85302,6e-05,0.26741
8098.36,BTC-27SEP19,1558695544130,open,0.05,78.1,0.0165,0.096,0.05639534,94.5,0.0575,0.0,BTC-27DEC19-20000-C,7993.72,92.86,0.053,4.0,0.06,0.2,96.2,16.95523,-3.69406,6.44239,5e-05,0.19028
7993.72,index_price,1558695544134,open,0.0,246.1,0.0005,0.04,2.91e-06,135.01,0.0005,0,BTC-31MAY19-4000-P,7993.72,0.0,0.0,0.0,0.0035,20.0,275.75,0.00287,-0.02325,-0.0001,0.0,-6e-05
254.19,ETH-27SEP19,1558695544141,open,0.99,0.0,0.876,1.031,0.953582,105.38,None,0.0,ETH-27SEP19-480-P,251.28,0.0,0.0,0.0,0.0,0.0,0.0,0.46028,-0.19267,-1.50526,0.00196,-0.76355
254.19,ETH-27SEP19,1558695544141,open,0.54,147.0,0.504,0.583,0.543164,94.75,0.45,0.0,ETH-27SEP19-120-C,251.28,0.0,0.037,5.0,0.0,0.0,0.0,0.15847,-0.05964,0.35502,0.00075,0.94815
253.27,ETH-28JUN19,1558695544141,open,0.2,60.0,0.14,0.234,0.187482,98.94,0.21,0.0,ETH-28JUN19-280-P,251.28,95.24,0.183,200.0,0.194,80.0,104.29,0.30757,-0.43627,-0.18319,0.00507,-0.56952
254.29,ETH-27SEP19,1558695544141,open,0.02,7287.0,0.001,0.055,0.015214,94.73,0.023,0.0,ETH-27SEP19-120-P,251.28,85.54,0.01,150.0,0.016,50.0,95.98,0.1583,-0.05956,-0.05873,0.00075,-0.05175
254.29,ETH-27SEP19,1558695544141,open,0.47,191.0,0.439,0.518,0.478417,94.55,0.5,0.0,ETH-27SEP19-140-C,251.28,0.0,0.044,1.0,0.0,0.0,0.0,0.23869,-0.08965,0.38014,0.00113,0.91189
254.29,ETH-27SEP19,1558695544142,open,0.31,1738.0,0.28,0.359,0.319661,94.62,0.307,0.0,ETH-27SEP19-200-C,251.28,89.3,0.31,10.0,0.324,10.0,97.0,0.46301,-0.17402,0.38717,0.00219,0.76116
253.27,ETH-28JUN19,1558695544142,open,0.33,1130.0,0.3,0.379,0.339403,97.5,0.32,0.0,ETH-28JUN19-170-C,251.28,0.0,0.1,5.0,0.63,1.0,479.45,0.10547,-0.14743,0.14285,0.00177,0.92969
253.37,ETH-28JUN19,1558695544143,open,0.27,51.0,0.198,0.297,0.247352,101.63,0.226,0.0,ETH-28JUN19-300-P,251.28,97.82,0.243,120.0,0.255,120.0,108.25,0.29061,-0.42344,-0.21683,0.00466,-0.64827
254.29,ETH-27SEP19,1558695544143,open,0.69,0.0,0.603,0.735,0.669014,102.48,None,0.0,ETH-27SEP19-400-P,251.28,0.0,0.0,0.0,0.0,0.0,0.0,0.53795,-0.21899,-1.17801,0.00235,-0.67428
253.37,ETH-28JUN19,1558695544143,open,0.48,386.0,0.449,0.528,0.488735,106.29,0.321,0.0,ETH-28JUN19-130-C,251.28,0.0,0.14,49.0,0.0,0.0,0.0,0.02807,-0.04277,0.12037,0.00043,0.98593
254.29,ETH-27SEP19,1558695544143,open,0.36,36.0,0.29,0.397,0.343644,96.78,0.327,0.0,ETH-27SEP19-300-P,251.28,92.66,0.334,30.0,0.35,30.0,99.49,0.59574,-0.22901,-0.74218,0.00276,-0.50267
253.37,ETH-28JUN19,1558695544143,open,0.1,2630.0,0.069,0.148,0.108434,97.28,0.113,0.0,ETH-28JUN19-260-C,251.28,93.68,0.104,190.0,0.112,120.0,100.18,0.3118,-0.43485,0.10102,0.00523,0.52569
251.28,index_price,1558695544141,open,0.15,0.0,0.088,0.178,0.132836,101.87,None,0,ETH-31MAY19-280-P,251.28,70.35,0.121,50.0,0.137,50.0,111.37,0.10738,-0.79545,-0.04223,0.00886,-0.75932
253.37,ETH-28JUN19,1558695544143,open,0.23,2093.0,0.204,0.283,0.243203,97.15,0.192,0.0,ETH-28JUN19-200-C,251.28,87.79,0.236,80.0,0.242,40.0,95.63,0.20129,-0.28036,0.14105,0.00338,0.82582
251.28,index_price,1558695544141,open,0.22,0.0,0.156,0.251,0.203221,108.62,None,0,ETH-31MAY19-300-P,251.28,0.0,0.192,50.0,0.205,50.0,114.45,0.07396,-0.58419,-0.05068,0.00572,-0.86741
251.28,index_price,1558695544141,open,0.08,17.0,0.032,0.117,0.074375,99.36,0.08,0,ETH-31MAY19-260-P,251.28,76.17,0.062,150.0,0.078,50.0,106.08,0.13533,-0.97781,-0.03061,0.01145,-0.5722
7993.72,index_price,1558695544150,open,0.12,216.0,0.0925,0.172,0.13222188,88.53,0.1325,0,BTC-31MAY19-7000-C,7993.72,89.51,0.1325,5.0,0.1385,5.0,108.48,2.25097,-14.49152,1.11939,0.00021,0.8756
8098.36,BTC-27SEP19,1558695544175,open,0.43,1.0,0.361,0.4735,0.41726185,84.6,0.438,0.0,BTC-27DEC19-10000-P,7993.72,80.61,0.405,3.0,0.424,3.0,86.79,24.90375,-4.8571,-44.08775,8e-05,-0.49896
8098.36,BTC-27SEP19,1558695544177,open,0.53,12.9,0.456,0.5765,0.5161527,86.04,0.564,0.0,BTC-27DEC19-11000-P,7993.72,80.89,0.5005,3.0,0.5205,3.0,87.47,24.69395,-4.89848,-51.38661,7e-05,-0.55176
8098.36,BTC-27SEP19,1558695544178,open,0.2,75.4,0.1435,0.238,0.19075478,85.39,0.185,0.0,BTC-27SEP19-8000-P,7993.72,83.06,0.1855,5.0,0.196,5.0,87.72,18.26832,-6.19624,-16.26486,9e-05,-0.39162
8072.77,BTC-28JUN19,1558695544182,open,0.29,42.9,0.228,0.33,0.27911611,91.32,0.3035,0.0,BTC-28JUN19-10000-P,7993.72,0.0,0.001,1.0,0.7515,1.0,500.0,8.22847,-10.77346,-7.7951,0.00014,-0.73146
8098.36,BTC-27SEP19,1558695544185,open,1.28,1.0,1.1615,1.341,1.25115247,95.68,1.5815,0.0,BTC-27SEP19-18000-P,7993.72,0.0,0.0065,0.1,2.016,0.3,500.0,9.90023,-3.76261,-59.3235,5e-05,-0.87298
8098.36,BTC-27SEP19,1558695544200,open,1.8,0.0,1.655,1.876,1.76545248,96.71,None,0.0,BTC-27DEC19-22000-P,7993.72,0.0,0.008,2.0,2.63,0.3,500.0,15.58941,-3.47575,-125.05648,4e-05,-0.83346
8097.72,BTC-27SEP19,1558695544202,open,2.04,0.0,1.886,2.126,2.00586319,98.24,None,0.0,BTC-27DEC19-24000-P,7993.72,0.0,0.008,1.0,2.874,0.2,500.0,14.25811,-3.2294,-137.62774,4e-05,-0.85453
7993.72,index_price,1558695544204,open,0.03,82.7,0.0005,0.0755,0.03581999,90.36,0.035,0,BTC-31MAY19-8250-C,7993.72,84.16,0.0325,15.0,0.038,15.0,94.41,4.29663,-28.23147,0.58406,0.0004,0.42369
7993.72,index_price,1558695544217,open,0.15,284.2,0.12,0.1995,0.15974055,88.48,0.151,0,BTC-31MAY19-6750-C,7993.72,94.68,0.161,5.0,0.1665,5.0,116.43,1.52236,-9.7951,1.15525,0.00014,0.92693
251.28,index_price,1558695544231,open,0.11,2.0,0.058,0.145,0.101445,99.71,0.111,0,ETH-31MAY19-270-P,251.28,75.49,0.09,150.0,0.107,150.0,110.82,0.12397,-0.89889,-0.0368,0.01045,-0.67602
8073.41,BTC-28JUN19,1558695544369,open,0.0,989.9,0.0005,0.0415,0.00178445,123.98,0.0015,0.0,BTC-28JUN19-20000-C,7993.72,115.78,0.001,70.0,0.0025,9.1,129.47,0.93423,-1.6606,0.1004,1e-05,0.0148
7993.72,index_price,1558695544371,open,0.37,80.9,0.335,0.4145,0.37472386,131.94,0.4,0,BTC-31MAY19-5000-C,7993.72,0.0,0.075,3.3,0.5,3.0,500.0,0.12009,-1.15222,0.93604,1e-05,0.99634
8097.72,BTC-27SEP19,1558695544381,open,0.06,255.4,0.0115,0.095,0.05331969,86.85,0.06,0.0,BTC-27SEP19-5500-P,7993.72,84.83,0.0505,4.0,0.055,6.0,88.04,11.35169,-3.91614,-5.82924,6e-05,-0.15542
8098.36,BTC-27SEP19,1558695544398,open,0.44,13.5,0.4045,0.484,0.44440408,88.59,0.382,0.0,BTC-27SEP19-4750-C,7993.72,0.0,0.0115,0.1,0.7155,5.0,299.09,8.30312,-2.92197,12.74383,4e-05,0.90071
8097.72,BTC-27SEP19,1558695544481,open,0.13,52.0,0.08,0.1695,0.12459628,85.52,0.1295,0.0,BTC-27SEP19-7000-P,7993.72,83.25,0.12,9.0,0.1295,9.0,87.94,16.38714,-5.56674,-11.69528,8e-05,-0.2942
7993.72,index_price,1558695544494,open,0.56,0.0,0.5225,0.602,0.56212134,0.0,None,0,BTC-31MAY19-3500-C,7993.72,0.0,0.007,0.2,0.0,0.0,0.0,0.0,0.0,0.65931,0.0,1.0
8098.36,BTC-27SEP19,1558695544573,open,0.02,83.4,0.0005,0.0625,0.02187654,87.52,0.0205,0.0,BTC-27DEC19-3500-P,7993.72,84.16,0.019,10.0,0.0245,10.0,90.43,7.13849,-1.44032,-3.79342,2e-05,-0.05696
8097.72,BTC-27SEP19,1558695544650,open,0.25,14.0,0.1945,0.2935,0.24407306,83.22,0.236,0.0,BTC-27DEC19-8000-P,7993.72,80.27,0.2355,9.0,0.248,5.0,84.57,23.50611,-4.50967,-29.40464,7e-05,-0.36706
8098.36,BTC-27SEP19,1558695544654,open,0.22,36.0,0.159,0.255,0.20706109,83.23,0.2095,0.0,BTC-27DEC19-7500-P,7993.72,80.35,0.199,9.0,0.211,5.0,84.64,22.60189,-4.33701,-25.83379,7e-05,-0.32981
8098.36,BTC-27SEP19,1558695544698,open,0.07,64.5,0.0225,0.107,0.06488786,83.74,0.074,0.0,BTC-27DEC19-5000-P,7993.72,81.48,0.061,15.0,0.069,15.0,86.09,14.05199,-2.7128,-9.97206,4e-05,-0.14235
8073.41,BTC-28JUN19,1558695544762,open,0.32,143.9,0.29,0.3695,0.32995549,95.96,0.322,0.0,BTC-28JUN19-5500-C,7993.72,0.0,0.3095,2.0,0.3495,2.0,131.65,3.51855,-4.84061,4.59327,6e-05,0.92539
8098.36,BTC-27SEP19,1558695544762,open,0.07,49.8,0.0285,0.108,0.0680808,92.88,0.067,0.0,BTC-27DEC19-18000-C,7993.72,90.87,0.0635,4.0,0.0735,14.0,95.19,18.69,-4.002,7.51824,5e-05,0.22432
7993.72,index_price,1558695544813,open,0.0,924.5,0.0005,0.0405,0.00059963,135.0,0.0005,0,BTC-31MAY19-5250-P,7993.72,0.0,0.0,0.0,0.0015,10.4,154.15,0.26915,-2.64233,-0.0146,2e-05,-0.0091
251.28,index_price,1558695544831,open,0.12,1.0,0.095,0.174,0.13428,94.11,0.113,0,ETH-31MAY19-220-C,251.28,79.53,0.13,50.0,0.142,50.0,117.99,0.07564,-0.51768,0.03451,0.00676,0.86298
253.27,ETH-28JUN19,1558695544834,open,0.08,1860.0,0.043,0.122,0.082002,99.01,0.075,0.0,ETH-28JUN19-280-C,251.28,95.69,0.078,199.0,0.086,14.0,102.28,0.30759,-0.43662,0.08436,0.00507,0.43062
253.27,ETH-28JUN19,1558695544847,open,0.2,551.0,0.176,0.255,0.215148,97.43,0.184,0.0,ETH-28JUN19-210-C,251.28,89.44,0.208,80.0,0.215,40.0,97.22,0.23173,-0.32369,0.13671,0.00388,0.78013
254.19,ETH-27SEP19,1558695544864,open,0.49,31.0,0.409,0.526,0.467499,98.88,0.501,0.0,ETH-27SEP19-340-P,251.28,93.43,0.455,30.0,0.473,30.0,101.31,0.58246,-0.22877,-0.92115,0.00264,-0.58339
8073.39,BTC-28JUN19,1558695544891,open,0.01,396.4,0.0005,0.0515,0.01125819,96.08,0.013,0.0,BTC-28JUN19-5500-P,7993.72,91.9,0.0095,22.0,0.013,20.5,99.95,3.52604,-4.85716,-0.66399,6e-05,-0.07482
251.28,index_price,1558695544922,open,0.22,0.0,0.155,0.25,0.202793,108.62,None,0,ETH-31MAY19-300-P,251.28,0.0,0.191,50.0,0.205,50.0,114.45,0.07396,-0.58419,-0.05068,0.00572,-0.86741
254.28,ETH-27SEP19,1558695544925,open,0.19,1348.0,0.139,0.233,0.185898,94.69,0.212,0.0,ETH-27SEP19-240-P,251.28,90.61,0.177,138.0,0.191,40.0,97.03,0.55382,-0.2083,-0.47103,0.00262,-0.35124
251.28,index_price,1558695544948,open,0.16,2.0,0.129,0.208,0.168935,93.74,0.138,0,ETH-31MAY19-210-C,251.28,65.75,0.165,50.0,0.177,50.0,127.7,0.04745,-0.32342,0.03593,0.00426,0.92775
251.28,index_price,1558695544954,open,0.11,2.0,0.058,0.145,0.101135,99.71,0.111,0,ETH-31MAY19-270-P,251.28,73.23,0.089,150.0,0.107,150.0,110.82,0.12397,-0.89889,-0.0368,0.01045,-0.67602
253.37,ETH-28JUN19,1558695544959,open,0.23,2093.0,0.204,0.283,0.243387,97.39,0.192,0.0,ETH-28JUN19-200-C,251.28,87.79,0.236,80.0,0.243,40.0,96.9,0.20157,-0.28143,0.14091,0.00337,0.82543
251.28,index_price,1558695544963,open,0.03,655.0,0.001,0.079,0.039415,98.59,0.04,0,ETH-31MAY19-260-C,251.28,85.04,0.032,113.0,0.046,163.0,111.07,0.13527,-0.96984,0.01835,0.01153,0.42684
8098.36,BTC-27SEP19,1558695544973,open,0.43,1.0,0.3605,0.4735,0.41717581,84.6,0.438,0.0,BTC-27DEC19-10000-P,7993.72,80.77,0.4055,3.0,0.424,3.0,86.79,24.90375,-4.8571,-44.08775,8e-05,-0.49896
253.27,ETH-28JUN19,1558695544969,open,0.13,1296.0,0.105,0.184,0.144546,97.39,0.123,0.0,ETH-28JUN19-240-C,251.28,90.92,0.137,80.0,0.146,120.0,98.63,0.29584,-0.41305,0.11725,0.00496,0.62903
254.28,ETH-27SEP19,1558695544977,open,0.31,1738.0,0.28,0.359,0.3198,94.71,0.307,0.0,ETH-27SEP19-200-C,251.28,89.86,0.311,10.0,0.324,10.0,97.01,0.46306,-0.1742,0.38698,0.00219,0.76109
253.27,ETH-28JUN19,1558695544985,open,0.2,60.0,0.141,0.235,0.187542,98.94,0.21,0.0,ETH-28JUN19-280-P,251.28,95.24,0.183,200.0,0.194,200.0,104.29,0.30757,-0.43627,-0.18319,0.00507,-0.56952
251.28,index_price,1558695544992,open,0.15,0.0,0.088,0.177,0.13248,101.87,None,0,ETH-31MAY19-280-P,251.28,70.35,0.121,50.0,0.136,50.0,109.13,0.10738,-0.79545,-0.04223,0.00886,-0.75932
253.37,ETH-28JUN19,1558695544997,open,0.27,51.0,0.198,0.296,0.247069,101.38,0.226,0.0,ETH-28JUN19-300-P,251.28,97.82,0.243,120.0,0.254,120.0,107.39,0.29043,-0.42214,-0.21691,0.00467,-0.6489
254.19,ETH-27SEP19,1558695545004,open,0.49,31.0,0.409,0.526,0.467499,98.88,0.501,0.0,ETH-27SEP19-340-P,251.28,93.43,0.455,30.0,0.472,30.0,100.88,0.58246,-0.22877,-0.92115,0.00264,-0.58339
251.28,index_price,1558695545016,open,0.11,2.0,0.058,0.145,0.101135,99.71,0.111,0,ETH-31MAY19-270-P,251.28,73.23,0.089,150.0,0.106,150.0,108.84,0.12397,-0.89889,-0.0368,0.01045,-0.67602
254.28,ETH-27SEP19,1558695545024,open,0.36,36.0,0.29,0.397,0.343311,96.62,0.327,0.0,ETH-27SEP19-300-P,251.28,92.22,0.333,30.0,0.35,30.0,99.48,0.59571,-0.22863,-0.74221,0.00276,-0.50307
251.28,index_price,1558695545031,open,0.18,0.0,0.12,0.212,0.165758,102.31,None,0,ETH-31MAY19-290-P,251.28,55.1,0.155,50.0,0.169,50.0,110.17,0.08759,-0.65167,-0.04711,0.0072,-0.82904
253.27,ETH-28JUN19,1558695545036,open,0.18,1718.0,0.15,0.229,0.189363,97.43,0.17,0.0,ETH-28JUN19-220-C,251.28,89.1,0.181,80.0,0.188,48.0,96.05,0.258,-0.36037,0.13125,0.00432,0.73178
8098.39,BTC-27SEP19,1558695545129,open,0.63,226.1,0.596,0.6755,0.63577066,99.21,0.585,0.0,BTC-27SEP19-3000-C,7994.55,0.0,0.0065,0.1,0.954,5.0,500.0,2.58972,-1.0206,9.53053,1e-05,0.97702
8073.39,BTC-28JUN19,1558695545130,open,0.0,554.0,0.0005,0.0425,0.00251027,117.15,0.003,0.0,BTC-28JUN19-4000-P,7994.55,108.13,0.0015,12.6,0.0035,30.0,124.0,1.05144,-1.76596,-0.1504,1e-05,-0.01699
8073.39,BTC-28JUN19,1558695545130,open,0.0,685.1,0.0005,0.04,0.00016831,135.01,0.001,0.0,BTC-28JUN19-2500-P,7994.55,0.0,0.0,0.0,0.0025,20.0,187.58,0.10487,-0.20298,-0.01112,0.0,-0.00127
8073.39,BTC-28JUN19,1558695545130,open,0.69,24.4,0.6505,0.73,0.69048526,133.07,0.5115,0.0,BTC-28JUN19-2500-C,7994.55,0.0,0.0025,0.5,0.822,1.0,500.0,0.09346,-0.17831,2.37897,0.0,0.99888
8074.22,BTC-28JUN19,1558695545131,open,0.0,94.5,0.0005,0.041,0.00133463,134.88,0.002,0.0,BTC-28JUN19-3250-P,7994.55,0.0,0.0,0.0,0.004,20.0,160.33,0.57101,-1.10421,-0.0751,1e-05,-0.0084
8074.22,BTC-28JUN19,1558695545133,open,0.41,97.0,0.377,0.4565,0.41686393,104.5,0.1965,0.0,BTC-28JUN19-4750-C,7994.55,0.0,0.122,1.1,0.6715,2.0,500.0,1.9565,-2.93112,4.22404,3e-05,0.96438
8098.39,BTC-27SEP19,1558695545131,open,0.05,101.4,0.0045,0.0875,0.04613819,83.89,0.0465,0.0,BTC-27DEC19-4500-P,7994.55,83.44,0.0455,1.5,0.0465,5.0,84.14,11.65922,-2.25487,-7.46375,4e-05,-0.10897
7994.55,index_price,1558695545129,open,0.08,0.4,0.0255,0.1105,0.06791104,90.54,0.17,0,BTC-31MAY19-8250-P,7994.55,75.73,0.06,15.0,0.0665,15.0,87.91,4.29828,-28.29921,-0.96931,0.00039,-0.57573
8098.39,BTC-27SEP19,1558695545131,open,0.4,56.9,0.3675,0.447,0.40728188,83.29,0.436,0.0,BTC-27DEC19-5500-C,7994.55,0.0,0.0065,1.0,0.983,5.0,500.0,16.25569,-3.1214,19.96404,5e-05,0.82217
8098.39,BTC-27SEP19,1558695545134,open,0.01,374.8,0.0005,0.05,0.00988745,94.0,0.0155,0.0,BTC-27SEP19-3500-P,7994.55,89.74,0.008,15.0,0.012,5.0,98.3,3.78333,-1.41256,-1.28897,2e-05,-0.03627
8074.22,BTC-28JUN19,1558695545134,open,0.0,520.8,0.0005,0.04,2.194e-05,135.02,0.0005,0.0,BTC-28JUN19-2000-P,7994.55,0.0,0.0,0.0,0.002,20.1,214.24,0.0181,-0.03504,-0.00164,0.0,-0.00019
7994.55,index_price,1558695545131,open,0.0,633.8,0.0005,0.04,3.688e-05,135.02,0.0005,0,BTC-31MAY19-4500-P,7994.55,0.0,0.0,0.0,0.001,2.0,191.65,0.02669,-0.26207,-0.00111,0.0,-0.0007
8098.39,BTC-27SEP19,1558695545131,open,0.53,27.1,0.499,0.5785,0.53893259,85.78,0.542,0.0,BTC-27DEC19-4000-C,7994.55,0.0,0.0195,0.1,0.98,0.5,500.0,9.38114,-1.85527,18.28121,3e-05,0.91885
8098.39,BTC-27SEP19,1558695545135,open,0.54,0.0,0.51,0.5895,0.54956347,92.34,None,0.0,BTC-27SEP19-3750-C,7994.55,0.0,0.0055,0.2,0.7535,10.0,299.41,4.54222,-1.66606,11.31132,2e-05,0.95457
7994.55,index_price,1558695545134,open,0.06,50.1,0.0055,0.089,0.04734985,85.87,0.043,0,BTC-31MAY19-8000-P,7994.55,77.92,0.043,1.0,0.045,2.5,81.58,4.37122,-27.29676,-0.79238,0.00042,-0.47881
7994.55,index_price,1558695545134,open,0.01,309.1,0.0005,0.053,0.01307743,93.47,0.0135,0,BTC-31MAY19-9000-C,7994.55,90.59,0.012,0.1,0.0145,20.1,97.17,3.02615,-20.56968,0.27412,0.00027,0.1951
8098.39,BTC-27SEP19,1558695545131,open,0.49,6.6,0.4505,0.53,0.49045787,83.88,0.498,0.0,BTC-27DEC19-4500-C,7994.55,0.0,0.26,1.4,0.6865,0.1,203.01,11.65822,-2.25441,19.27566,4e-05,0.89104
8074.22,BTC-28JUN19,1558695545136,open,0.01,432.0,0.0005,0.0465,0.0067975,102.21,0.007,0.0,BTC-28JUN19-14000-C,7994.55,98.29,0.0055,40.0,0.008,0.3,105.47,2.83938,-4.16058,0.38411,4e-05,0.05659
8099.22,BTC-27SEP19,1558695545136,open,0.37,231.1,0.3345,0.414,0.37415009,86.81,0.3795,0.0,BTC-27SEP19-5500-C,7994.55,0.0,0.004,0.6,0.936,5.0,500.0,11.34708,-3.91284,13.1437,6e-05,0.84472
7994.55,index_price,1558695545135,open,0.0,308.5,0.0005,0.04,0.00010501,135.03,0.0005,0,BTC-31MAY19-4750-P,7994.55,0.0,0.0,0.0,0.001,10.4,175.34,0.06495,-0.63777,-0.00295,0.0,-0.00185
7994.55,index_price,1558695545135,open,0.21,307.6,0.18,0.2595,0.21995076,99.75,0.1635,0,BTC-31MAY19-6250-C,7994.55,0.0,0.018,6.0,0.25,0.1,222.2,0.76679,-5.56232,1.12808,6e-05,0.96902
7994.55,index_price,1558695545135,open,0.46,9.8,0.4285,0.508,0.46834388,0.0,0.212,0,BTC-31MAY19-4250-C,7994.55,0.0,0.006,0.5,0.5415,5.0,500.0,0.0,0.0,0.80059,0.0,1.0
7994.55,index_price,1558695545135,open,0.49,9.0,0.46,0.5395,0.4996101,0.0,0.249,0,BTC-31MAY19-4000-C,7994.55,0.0,0.0165,0.2,0.0,0.0,0.0,0.0,0.0,0.7535,0.0,1.0
7994.55,index_price,1558695545135,open,0.0,566.7,0.0005,0.04,0.00026458,135.03,0.0015,0,BTC-31MAY19-5000-P,7994.55,0.0,0.0,0.0,0.001,11.0,159.81,0.13958,-1.37058,-0.00692,1e-05,-0.00433
7994.55,index_price,1558695545135,open,0.0,300.0,0.0005,0.0405,0.00072707,124.84,0.002,0,BTC-31MAY19-5500-P,7994.55,0.0,0.0,0.0,0.0015,35.0,139.19,0.33401,-3.03224,-0.01864,2e-05,-0.01165
8099.22,BTC-27SEP19,1558695545134,open,0.05,32.8,0.009,0.0885,0.04860909,96.57,0.049,0.0,BTC-27DEC19-22000-C,7994.55,94.39,0.0445,4.0,0.0525,14.0,98.57,15.55752,-3.46386,5.64878,4e-05,0.16599
253.37,ETH-28JUN19,1558695545139,open,0.14,1989.0,0.09,0.18,0.134973,97.58,0.154,0.0,ETH-28JUN19-260-P,251.33,93.54,0.13,200.0,0.14,5.0,101.67,0.31179,-0.43618,-0.14743,0.00521,-0.47402
254.28,ETH-27SEP19,1558695545139,open,0.84,0.0,0.738,0.881,0.809556,104.23,None,0.0,ETH-27SEP19-440-P,251.33,0.0,0.0,0.0,0.0,0.0,0.0,0.50062,-0.20726,-1.34336,0.00215,-0.72234
254.28,ETH-27SEP19,1558695545139,open,0.15,1472.0,0.124,0.203,0.163425,96.59,0.164,0.0,ETH-27SEP19-300-C,251.33,94.7,0.159,222.0,0.171,130.0,99.82,0.59571,-0.22855,0.29238,0.00277,0.49685
253.37,ETH-28JUN19,1558695545139,open,0.0,3083.0,0.001,0.04,0.000873,129.98,0.001,0.0,ETH-28JUN19-100-P,251.33,0.0,0.0,0.0,0.002,150.0,145.93,0.01323,-0.02465,-0.00165,0.00017,-0.00595
253.42,ETH-28JUN19,1558695545140,open,0.09,5312.0,0.049,0.135,0.092152,97.62,0.099,0.0,ETH-28JUN19-240-P,251.33,92.35,0.086,186.0,0.093,120.0,98.35,0.29583,-0.41403,-0.11197,0.00494,-0.37025
254.33,ETH-27SEP19,1558695545140,open,0.99,0.0,0.876,1.031,0.953717,105.98,None,0.0,ETH-27SEP19-480-P,251.33,0.0,0.0,0.0,0.0,0.0,0.0,0.4633,-0.19503,-1.50393,0.00196,-0.76096
253.42,ETH-28JUN19,1558695545141,open,1.02,0.0,0.902,1.059,0.980552,122.36,None,0.0,ETH-28JUN19-500-P,251.33,0.0,0.0,0.0,0.0,0.0,0.0,0.08583,-0.15057,-0.46651,0.00114,-0.94604
253.42,ETH-28JUN19,1558695545142,open,0.0,7276.0,0.001,0.043,0.003807,97.48,0.007,0.0,ETH-28JUN19-150-P,251.33,87.05,0.002,200.0,0.004,120.0,98.4,0.05228,-0.07306,-0.00802,0.00087,-0.02931
251.33,index_price,1558695545139,open,0.02,823.0,0.001,0.066,0.026637,98.96,0.026,0,ETH-31MAY19-270-C,251.33,93.57,0.024,1.0,0.029,10.0,103.73,0.12382,-0.89109,0.01403,0.01051,0.32289
251.33,index_price,1558695545139,open,0.04,598.0,0.001,0.072,0.031516,95.21,0.029,0,ETH-31MAY19-240-P,251.33,78.01,0.023,120.0,0.036,170.0,104.1,0.12609,-0.87298,-0.01749,0.01113,-0.33785
251.33,index_price,1558695545140,open,0.26,50.0,0.19,0.288,0.239359,108.44,0.235,0,ETH-31MAY19-310-P,251.33,0.0,0.229,50.0,0.242,50.0,119.18,0.05643,-0.44498,-0.05437,0.00437,-0.90911
253.37,ETH-28JUN19,1558695545144,open,0.18,1718.0,0.15,0.229,0.189363,97.17,0.17,0.0,ETH-28JUN19-220-C,251.33,88.88,0.181,80.0,0.189,48.0,96.82,0.25776,-0.3591,0.13149,0.00432,0.73248
8074.22,BTC-28JUN19,1558695545198,open,0.52,10.0,0.4425,0.562,0.50214919,97.26,1.243,0.0,BTC-28JUN19-12000-P,7994.55,0.0,0.0005,1.0,0.958,1.0,500.0,5.03634,-7.02294,-10.65163,8e-05,-0.87851
8099.22,BTC-27SEP19,1558695545203,open,1.56,0.0,1.4255,1.627,1.52604375,94.63,None,0.0,BTC-27DEC19-20000-P,7994.55,0.0,0.006,5.0,2.3865,0.2,500.0,16.99056,-3.70662,-112.37664,5e-05,-0.80911
8098.39,BTC-27SEP19,1558695545204,open,2.04,0.0,1.886,2.126,2.00595505,98.43,None,0.0,BTC-27DEC19-24000-P,7994.55,0.0,0.008,1.0,2.8735,0.2,500.0,14.31262,-3.24789,-137.60455,4e-05,-0.85372
253.42,ETH-28JUN19,1558695545200,open,0.1,2630.0,0.069,0.148,0.108565,97.32,0.113,0.0,ETH-28JUN19-260-C,251.33,93.61,0.104,190.0,0.113,120.0,100.92,0.31185,-0.43509,0.10108,0.00522,0.52599
8098.39,BTC-27SEP19,1558695545207,open,1.32,0.0,1.1995,1.3825,1.29091637,92.95,None,0.0,BTC-27DEC19-18000-P,7994.55,0.0,0.006,5.0,2.1435,0.2,500.0,18.70676,-4.00878,-99.42539,5e-05,-0.77532
8099.22,BTC-27SEP19,1558695545215,open,0.0,85.9,0.0005,0.0435,0.00377957,95.25,0.0025,0.0,BTC-27DEC19-2000-P,7994.55,82.61,0.0015,15.0,0.006,10.0,103.53,1.88534,-0.41402,-0.73738,1e-05,-0.01154
251.33,index_price,1558695545212,open,0.26,50.0,0.19,0.288,0.239359,108.44,0.235,0,ETH-31MAY19-310-P,251.33,0.0,0.228,50.0,0.242,50.0,119.18,0.05643,-0.44498,-0.05437,0.00437,-0.90911
8099.22,BTC-27SEP19,1558695545246,open,0.01,42.8,0.0005,0.053,0.01262478,92.36,0.027,0.0,BTC-27SEP19-3750-P,7994.55,88.41,0.0105,20.0,0.015,5.0,96.43,4.54332,-1.66686,-1.62168,2e-05,-0.04543
7994.55,index_price,1558695545311,open,0.0,362.1,0.0005,0.043,0.00315976,99.05,0.0035,0,BTC-31MAY19-10000-C,7994.55,90.74,0.002,45.0,0.0035,10.3,101.15,1.25958,-9.07292,0.08144,0.00011,0.05724
8073.39,BTC-28JUN19,1558695545319,open,0.06,100.6,0.0075,0.091,0.04943067,89.46,0.0535,0.0,BTC-28JUN19-7000-P,7994.55,86.5,0.0465,5.0,0.052,31.3,92.03,8.03803,-10.30866,-2.35994,0.00014,-0.25649
8099.22,BTC-27SEP19,1558695545332,open,0.09,66.2,0.0535,0.133,0.09345641,90.03,0.089,0.0,BTC-27DEC19-15000-C,7994.55,87.96,0.088,14.0,0.1,14.0,92.47,21.51508,-4.46567,9.66214,6e-05,0.29423
8099.22,BTC-27SEP19,1558695545347,open,0.34,1.0,0.272,0.3775,0.32494006,83.32,0.3375,0.0,BTC-27DEC19-9000-P,7994.55,80.54,0.3165,3.0,0.333,1.0,85.97,24.60177,-4.72553,-36.69934,8e-05,-0.43766
8099.22,BTC-27SEP19,1558695545416,open,0.03,97.6,0.0005,0.066,0.02513945,89.27,0.0315,0.0,BTC-27SEP19-4500-P,7994.55,86.27,0.0225,15.0,0.028,15.0,92.38,7.29004,-2.58491,-3.02896,4e-05,-0.0833
8099.22,BTC-27SEP19,1558695545421,open,0.41,793.5,0.381,0.4605,0.42058221,88.31,0.425,0.0,BTC-27SEP19-5000-C,7994.55,0.0,0.1105,2.0,0.707,5.0,299.14,9.35463,-3.28162,12.91159,5e-05,0.88284
7994.55,index_price,1558695545430,open,0.02,230.3,0.0005,0.053,0.01280408,85.9,0.0105,0,BTC-31MAY19-7250-P,7994.55,80.91,0.011,20.0,0.0145,20.0,90.42,2.95087,-18.43402,-0.30127,0.00029,-0.18725
8074.22,BTC-28JUN19,1558695545455,open,0.11,92.5,0.06,0.1475,0.10364673,88.41,0.129,0.0,BTC-28JUN19-8000-P,7994.55,85.41,0.1,17.0,0.1075,5.0,91.58,9.81338,-12.4378,-4.13506,0.00018,-0.43234
7994.55,index_price,1558695545466,open,0.12,216.0,0.0925,0.172,0.13228136,88.47,0.1325,0,BTC-31MAY19-7000-C,7994.55,89.24,0.1325,5.0,0.138,5.0,106.81,2.24708,-14.45617,1.1199,0.00021,0.87592
8099.22,BTC-27SEP19,1558695545469,open,0.53,12.9,0.4555,0.5765,0.51610264,86.06,0.564,0.0,BTC-27DEC19-11000-P,7994.55,81.09,0.501,3.0,0.5205,3.0,87.5,24.6977,-4.90041,-51.38296,7e-05,-0.55162
8099.22,BTC-27SEP19,1558695545475,open,2.29,0.0,2.1175,2.3765,2.24708162,99.8,None,0.0,BTC-27DEC19-26000-P,7994.55,0.0,0.006,10.0,3.1175,0.2,500.0,13.13033,-3.02097,-150.05863,3e-05,-0.87109
8074.22,BTC-28JUN19,1558695545479,open,0.81,33.8,0.7745,0.854,0.81419126,0.0,0.7145,0.0,BTC-28JUN19-1500-C,7994.55,0.0,0.002,0.4,0.8755,2.0,500.0,0.0,0.0,1.43325,0.0,1.0
8099.22,BTC-27SEP19,1558695545510,open,0.7,0.0,0.6595,0.739,0.69929118,92.83,None,0.0,BTC-27DEC19-2500-C,7994.55,0.0,0.0185,3.0,0.989,0.5,500.0,3.36769,-0.72078,13.37764,1e-05,0.97727
8074.22,BTC-28JUN19,1558695545534,open,1.51,0.4,1.3805,1.578,1.47924882,127.53,5.076,0.0,BTC-28JUN19-20000-P,7994.55,0.0,0.0,0.0,1.836,2.0,500.0,1.08876,-1.99058,-18.99067,1e-05,-0.98231
7994.55,index_price,1558695545534,open,0.43,20.2,0.3975,0.477,0.43709497,0.0,0.2355,0,BTC-31MAY19-4500-C,7994.55,0.0,0.0055,0.5,0.522,5.0,500.0,0.0,0.0,0.84769,0.0,1.0
7994.55,index_price,1558695545545,open,0.1,41.8,0.0455,0.1325,0.08900776,90.94,0.1065,0,BTC-31MAY19-8500-P,7994.55,74.48,0.081,15.0,0.088,15.0,88.92,3.99297,-26.40626,-1.13695,0.00036,-0.66595
8099.22,BTC-27SEP19,1558695545592,open,0.01,28.3,0.0005,0.0475,0.00747949,95.44,0.0095,0.0,BTC-27SEP19-3250-P,7994.55,89.77,0.0055,15.0,0.0095,5.0,100.44,3.06533,-1.16207,-0.99388,1e-05,-0.0281
7994.55,index_price,1558695545603,open,0.52,0.0,0.491,0.5705,0.53088236,0.0,None,0,BTC-31MAY19-3750-C,7994.55,0.0,0.0065,0.5,0.0,0.0,0.0,0.0,0.0,0.70641,0.0,1.0
254.28,ETH-27SEP19,1558695545675,open,0.18,858.0,0.146,0.225,0.185291,95.67,0.191,0.0,ETH-27SEP19-280-C,251.33,93.46,0.18,118.0,0.193,30.0,99.04,0.59217,-0.22505,0.31429,0.00278,0.54357
8074.22,BTC-28JUN19,1558695545848,open,1.51,0.4,1.38,1.5775,1.47880623,127.53,5.076,0.0,BTC-28JUN19-20000-P,7994.55,0.0,0.0,0.0,1.8355,2.0,500.0,1.08876,-1.99058,-18.99067,1e-05,-0.98231
8074.22,BTC-28JUN19,1558695545889,open,0.04,280.8,0.0005,0.0725,0.03125867,90.46,0.034,0.0,BTC-28JUN19-6500-P,7994.55,87.6,0.029,16.0,0.0335,16.0,93.15,6.54873,-8.49281,-1.63002,0.00012,-0.17999
8098.39,BTC-27SEP19,1558695545940,open,0.02,1018.2,0.0005,0.0605,0.02018743,90.06,0.025,0.0,BTC-27SEP19-4250-P,7994.55,87.19,0.018,5.0,0.0225,15.0,92.97,6.31338,-2.25863,-2.49018,3e-05,-0.06897
8099.22,BTC-27SEP19,1558695546028,open,0.28,80.7,0.241,0.3205,0.28096364,83.2,0.297,0.0,BTC-27DEC19-7500-C,7994.55,81.62,0.2765,3.0,0.2855,2.5,84.85,22.60348,-4.3355,18.73581,7e-05,0.67022
8074.14,BTC-28JUN19,1558695546130,open,0.0,137.0,0.0005,0.042,0.00200902,122.41,0.002,0.0,BTC-28JUN19-3750-P,7994.31,110.69,0.001,3.5,0.003,20.0,130.63,0.85476,-1.50012,-0.11848,1e-05,-0.01335
8074.14,BTC-28JUN19,1558695546130,open,0.38,691.4,0.3475,0.427,0.38720837,100.6,0.37,0.0,BTC-28JUN19-5000-C,7994.31,0.0,0.235,0.1,0.5,10.0,281.84,2.36108,-3.40537,4.38126,4e-05,0.95511
8099.19,BTC-27SEP19,1558695546130,open,0.81,42.8,0.776,0.8555,0.81552633,118.65,0.815,0.0,BTC-27SEP19-1500-C,7994.31,0.0,0.0,0.0,0.0,0.0,0.0,0.41093,-0.19367,5.07395,0.0,0.99718
8074.14,BTC-28JUN19,1558695546130,open,0.59,0.1,0.559,0.6385,0.59881722,134.91,0.395,0.0,BTC-28JUN19-3250-C,7994.31,0.0,0.0005,0.9,0.789,2.0,500.0,0.57164,-1.10568,3.03017,1e-05,0.99159
8074.14,BTC-28JUN19,1558695546131,open,0.01,379.6,0.0005,0.0445,0.00486449,105.47,0.005,0.0,BTC-28JUN19-15000-C,7994.31,99.96,0.0035,40.0,0.006,8.0,109.37,2.2035,-3.33194,0.28042,3e-05,0.04121
8098.95,BTC-27SEP19,1558695546132,open,0.01,615.6,0.0005,0.046,0.00623989,99.3,0.0135,0.0,BTC-27SEP19-3000-P,7994.31,95.19,0.005,0.4,0.0075,5.0,103.03,2.59555,-1.02377,-0.81784,1e-05,-0.02304
8098.95,BTC-27SEP19,1558695546131,open,0.12,182.0,0.0675,0.156,0.11191604,83.22,0.118,0.0,BTC-27DEC19-6000-P,7994.31,81.03,0.107,4.0,0.1155,10.0,84.81,18.25298,-3.50193,-15.74348,6e-05,-0.21524
7994.31,index_price,1558695546130,open,0.0,53.0,0.0005,0.041,0.00105222,121.86,0.0015,0,BTC-31MAY19-11500-C,7994.31,110.57,0.0005,0.1,0.0015,20.0,128.3,0.49239,-4.36339,0.02596,3e-05,0.01829
8098.95,BTC-27SEP19,1558695546136,open,0.75,28.2,0.715,0.7945,0.75455453,108.43,0.755,0.0,BTC-27SEP19-2000-C,7994.31,0.0,0.0075,0.1,0.9635,5.0,500.0,0.80344,-0.34606,6.68904,0.0,0.99404
8098.95,BTC-27SEP19,1558695546136,open,0.08,171.3,0.0305,0.116,0.07324261,86.28,0.075,0.0,BTC-27SEP19-6000-P,7994.31,84.29,0.07,4.0,0.0765,14.0,88.26,13.27306,-4.54877,-7.60235,7e-05,-0.19895
8098.95,BTC-27SEP19,1558695546129,open,2.29,0.0,2.117,2.376,2.24650384,99.37,None,0.0,BTC-27DEC19-26000-P,7994.31,0.0,0.006,10.0,3.1175,0.2,500.0,13.00941,-2.98048,-150.1076,3e-05,-0.87279
8098.95,BTC-27SEP19,1558695546131,open,0.64,0.0,0.6035,0.683,0.64328259,89.79,None,0.0,BTC-27DEC19-3000-C,7994.31,0.0,0.0065,10.4,0.988,0.5,500.0,5.09993,-1.05573,15.36334,1e-05,0.96254
7994.31,index_price,1558695546130,open,0.0,51.0,0.0005,0.041,0.00110733,110.12,0.0025,0,BTC-31MAY19-11000-C,7994.31,0.0,0.0,0.0,0.002,20.0,120.71,0.55061,-4.4091,0.02975,4e-05,0.02086
7994.31,index_price,1558695546130,open,0.02,50.9,0.0005,0.058,0.01810987,91.41,0.02,0,BTC-31MAY19-8750-C,7994.31,85.39,0.0155,20.0,0.02,20.0,95.65,3.52712,-23.44685,0.35754,0.00032,0.25553
7994.31,index_price,1558695546130,open,0.24,503.2,0.211,0.2905,0.25080095,108.62,0.2595,0,BTC-31MAY19-6000-C,7994.31,0.0,0.078,3.0,0.4205,5.1,500.0,0.59297,-4.68371,1.09394,5e-05,0.97722
8098.95,BTC-27SEP19,1558695546130,open,0.33,63.1,0.2985,0.378,0.33817926,83.23,0.311,0.0,BTC-27DEC19-6500-C,7994.31,73.61,0.3145,5.0,0.3595,5.0,91.87,19.98375,-3.83446,19.65047,6e-05,0.74652
7994.31,index_price,1558695546130,open,0.0,85.2,0.0005,0.0445,0.0048149,99.1,0.004,0,BTC-31MAY19-9750-C,7994.31,92.26,0.0035,25.0,0.006,25.0,104.49,1.66204,-11.97756,0.11625,0.00014,0.08201
8098.95,BTC-27SEP19,1558695546130,open,0.09,70.4,0.043,0.1295,0.08640363,83.28,0.092,0.0,BTC-27DEC19-5500-P,7994.31,81.08,0.082,4.0,0.0905,10.0,85.32,16.25501,-3.12113,-12.714,5e-05,-0.1778
8098.95,BTC-27SEP19,1558695546130,open,2.04,0.0,1.8855,2.1255,2.00542534,98.24,None,0.0,BTC-27DEC19-24000-P,7994.31,0.0,0.008,1.0,2.8735,0.2,500.0,14.26276,-3.2304,-137.62576,4e-05,-0.85449
7994.31,index_price,1558695546131,open,0.0,390.1,0.0005,0.04,1.121e-05,134.99,0.0005,0,BTC-31MAY19-4250-P,7994.31,0.0,0.0,0.0,0.0035,20.0,254.3,0.00949,-0.08966,-0.00036,0.0,-0.00023
8098.95,BTC-27SEP19,1558695546130,open,0.81,0.0,0.7765,0.856,0.8160445,96.85,None,0.0,BTC-27DEC19-1500-C,7994.31,0.0,0.0245,10.0,0.992,0.5,500.0,0.77984,-0.17413,8.64814,0.0,0.99576
254.32,ETH-27SEP19,1558695546140,open,1.14,0.0,1.017,1.184,1.100775,107.48,None,0.0,ETH-27SEP19-520-P,251.34,0.0,0.0,0.0,0.0,0.0,0.0,0.42656,-0.18212,-1.66112,0.00178,-0.79319
8098.95,BTC-27SEP19,1558695546131,open,1.08,0.0,0.977,1.141,1.0589552,90.93,None,0.0,BTC-27DEC19-16000-P,7994.31,0.0,0.006,5.0,1.9005,0.2,499.89,20.53983,-4.30611,-86.2163,6e-05,-0.73265
8098.95,BTC-27SEP19,1558695546133,open,0.97,0.0,0.868,1.0235,0.94567731,90.08,None,0.0,BTC-27DEC19-15000-P,7994.31,0.0,0.006,10.0,1.7795,0.2,500.0,21.52194,-4.46962,-79.46057,6e-05,-0.70554
7994.31,index_price,1558695546131,open,0.18,0.0,0.12,0.2125,0.16616153,94.46,None,0,BTC-31MAY19-9250-P,7994.31,0.0,0.0,0.0,0.0,0.0,0.0,2.49464,-17.13662,-1.5386,0.00022,-0.85553
254.32,ETH-27SEP19,1558695546140,open,1.45,0.0,1.307,1.498,1.402531,111.63,None,0.0,ETH-27SEP19-600-P,251.34,0.0,0.0,0.0,0.0,0.0,0.0,0.36804,-0.16319,-1.96407,0.00148,-0.83685
8098.95,BTC-27SEP19,1558695546132,open,0.03,134.6,0.0005,0.074,0.03284763,85.78,0.0425,0.0,BTC-27DEC19-4000-P,7994.31,82.84,0.0295,15.0,0.036,10.0,88.46,9.38019,-1.85504,-5.48499,3e-05,-0.08113
7994.31,index_price,1558695546132,open,0.33,0.0,0.2625,0.3675,0.31497944,101.81,None,0,BTC-31MAY19-10500-P,7994.31,0.0,0.0,0.0,0.415,0.1,359.97,0.74583,-5.52184,-1.93514,6e-05,-0.97004
253.42,ETH-28JUN19,1558695546142,open,0.06,2389.0,0.024,0.103,0.063087,101.38,0.057,0.0,ETH-28JUN19-300-C,251.34,97.8,0.059,207.0,0.067,240.0,104.78,0.29055,-0.42232,0.0698,0.00467,0.35134
254.33,ETH-27SEP19,1558695546142,open,0.2,849.0,0.171,0.25,0.210493,94.7,0.2,0.0,ETH-27SEP19-260-C,251.34,92.29,0.205,139.0,0.216,70.0,97.12,0.57915,-0.21785,0.33656,0.00274,0.59422
253.42,ETH-28JUN19,1558695546142,open,0.56,10.0,0.527,0.606,0.566839,118.03,0.265,0.0,ETH-28JUN19-110-C,251.34,0.0,0.028,1.0,0.0,0.0,0.0,0.0148,-0.02505,0.10325,0.0002,0.99324
253.43,ETH-28JUN19,1558695546143,open,0.44,335.0,0.411,0.49,0.450517,103.58,0.481,0.0,ETH-28JUN19-140-C,251.34,0.0,0.02,2.0,0.6,1.0,373.29,0.04116,-0.06113,0.12772,0.00065,0.97797
253.43,ETH-28JUN19,1558695546143,open,0.01,5614.0,0.001,0.05,0.010529,97.39,0.014,0.0,ETH-28JUN19-170-P,251.34,88.07,0.007,150.0,0.011,120.0,98.52,0.10502,-0.14664,-0.01947,0.00176,-0.06986
253.43,ETH-28JUN19,1558695546144,open,0.63,0.0,0.534,0.661,0.597685,112.76,None,0.0,ETH-28JUN19-400-P,251.34,0.0,0.0,0.0,0.0,0.0,0.0,0.16411,-0.2653,-0.35584,0.00237,-0.87182
254.33,ETH-27SEP19,1558695546148,open,0.15,1657.0,0.098,0.189,0.143555,94.74,0.131,0.0,ETH-27SEP19-220-P,251.34,90.52,0.135,5.0,0.147,40.0,96.44,0.51534,-0.19393,-0.38466,0.00244,-0.29501
8098.95,BTC-27SEP19,1558695546154,open,2.29,0.0,2.117,2.376,2.24650384,99.37,None,0.0,BTC-27DEC19-26000-P,7994.31,0.0,0.006,10.0,3.117,0.2,500.0,13.00941,-2.98048,-150.1076,3e-05,-0.87279
254.33,ETH-27SEP19,1558695546159,open,0.15,1657.0,0.098,0.189,0.143555,94.74,0.131,0.0,ETH-27SEP19-220-P,251.34,90.52,0.135,114.0,0.147,40.0,96.44,0.51534,-0.19393,-0.38466,0.00244,-0.29501
8073.9,BTC-28JUN19,1558695546167,open,0.52,10.0,0.442,0.5615,0.5019011,96.78,1.243,0.0,BTC-28JUN19-12000-P,7994.31,0.0,0.0005,1.0,0.9585,1.0,500.0,4.99194,-6.92612,-10.66096,8e-05,-0.88002
8074.14,BTC-28JUN19,1558695546172,open,0.18,992.3,0.1425,0.222,0.1823612,89.38,0.1815,0.0,BTC-28JUN19-7000-C,7994.31,87.0,0.18,6.0,0.185,4.0,92.02,8.03532,-10.29643,4.33076,0.00014,0.74372
8099.19,BTC-27SEP19,1558695546214,open,0.05,71.2,0.006,0.0855,0.04589171,92.3,0.044,0.0,BTC-27SEP19-15000-C,7994.31,90.48,0.043,14.6,0.0485,4.0,93.9,13.04129,-4.78121,4.11567,6e-05,0.19324
7994.31,index_price,1558695546301,open,0.0,362.1,0.0005,0.043,0.00316536,99.1,0.0035,0,BTC-31MAY19-10000-C,7994.31,90.75,0.002,25.0,0.0035,10.3,101.16,1.26068,-9.08507,0.08153,0.00011,0.0573
8074.14,BTC-28JUN19,1558695546304,open,0.0,394.3,0.0005,0.0415,0.00176031,129.8,0.0015,0.0,BTC-28JUN19-3500-P,7994.31,119.85,0.001,1.4,0.0025,20.0,137.05,0.73339,-1.36475,-0.09988,1e-05,-0.01119
8074.14,BTC-28JUN19,1558695546306,open,0.0,94.5,0.0005,0.041,0.00133288,134.86,0.002,0.0,BTC-28JUN19-3250-P,7994.31,0.0,0.0,0.0,0.356,2.5,500.0,0.57052,-1.10304,-0.07502,1e-05,-0.00839
8099.19,BTC-27SEP19,1558695546308,open,0.03,107.2,0.0005,0.068,0.02839092,95.6,0.028,0.0,BTC-27SEP19-18000-C,7994.31,93.6,0.026,5.0,0.03,1.0,96.9,9.88695,-3.75437,2.74761,5e-05,0.12676
8098.95,BTC-27SEP19,1558695546310,open,0.02,75.0,0.0005,0.0625,0.02278973,98.91,0.0225,0.0,BTC-27SEP19-20000-C,7994.31,96.17,0.02,6.0,0.025,6.2,100.97,8.51586,-3.34593,2.23441,4e-05,0.10279
8073.9,BTC-28JUN19,1558695546311,open,0.01,303.6,0.0005,0.05,0.01022018,99.67,0.0095,0.0,BTC-28JUN19-13000-C,7994.31,95.82,0.0085,20.0,0.012,20.0,103.32,3.77917,-5.40032,0.55354,6e-05,0.08197
8099.19,BTC-27SEP19,1558695546312,open,0.02,117.4,0.0005,0.058,0.01834674,101.44,0.019,0.0,BTC-27SEP19-22000-C,7994.31,98.15,0.0155,5.0,0.0205,5.0,103.75,7.3262,-2.952,1.82971,3e-05,0.08385
8099.19,BTC-27SEP19,1558695546314,open,0.04,54.6,0.0005,0.0785,0.03891464,93.54,0.0365,0.0,BTC-27SEP19-16000-C,7994.31,91.52,0.036,4.0,0.0415,4.0,95.27,11.91388,-4.42658,3.5867,6e-05,0.16733
8099.19,BTC-27SEP19,1558695546319,open,0.2,75.4,0.1435,0.238,0.19069835,85.39,0.185,0.0,BTC-27SEP19-8000-P,7994.31,82.87,0.185,4.0,0.196,5.0,87.74,18.26915,-6.19663,-16.26271,9e-05,-0.39154
8098.95,BTC-27SEP19,1558695546326,open,0.09,66.2,0.0535,0.133,0.09347788,90.04,0.089,0.0,BTC-27DEC19-15000-C,7994.31,87.96,0.088,4.0,0.1,14.0,92.47,21.51549,-4.46627,9.66239,6e-05,0.29427
8098.95,BTC-27SEP19,1558695546328,open,0.09,66.2,0.0535,0.133,0.09347788,90.04,0.089,0.0,BTC-27DEC19-15000-C,7994.31,87.96,0.088,4.0,0.1,4.0,92.47,21.51549,-4.46627,9.66239,6e-05,0.29427
8073.9,BTC-28JUN19,1558695546337,open,0.0,685.1,0.0005,0.04,0.00016805,135.0,0.001,0.0,BTC-28JUN19-2500-P,7994.31,0.0,0.0,0.0,0.003,1.0,193.13,0.10475,-0.20272,-0.01111,0.0,-0.00127
7994.31,index_price,1558695546354,open,0.0,246.1,0.0005,0.04,2.9e-06,134.99,0.0005,0,BTC-31MAY19-4000-P,7994.31,0.0,0.0,0.0,0.023,5.0,424.45,0.00286,-0.02316,-0.0001,0.0,-6e-05
8099.19,BTC-27SEP19,1558695546364,open,0.12,923.0,0.086,0.1655,0.12551458,86.63,0.1245,0.0,BTC-27SEP19-10000-C,7994.31,85.11,0.122,10.0,0.129,3.0,88.14,18.73341,-6.44662,8.68451,0.0001,0.43644
8098.95,BTC-27SEP19,1558695546365,open,0.13,86.9,0.097,0.1765,0.13685335,87.07,0.122,0.0,BTC-27DEC19-12000-C,7994.31,85.11,0.131,4.0,0.143,10.0,89.13,24.13829,-4.84569,12.72212,7e-05,0.40122
8099.19,BTC-27SEP19,1558695546367,open,0.05,71.2,0.006,0.0855,0.04589171,92.3,0.044,0.0,BTC-27SEP19-15000-C,7994.31,90.16,0.0425,4.0,0.0485,4.0,93.9,13.04129,-4.78121,4.11567,6e-05,0.19324
8098.95,BTC-27SEP19,1558695546369,open,0.01,178.6,0.0005,0.048,0.00801434,92.96,0.0105,0.0,BTC-27DEC19-2500-P,7994.31,87.75,0.006,0.8,0.01,10.0,97.44,3.37918,-0.72418,-1.48376,1e-05,-0.02282
8098.95,BTC-27SEP19,1558695546370,open,0.01,178.6,0.0005,0.048,0.00801434,92.96,0.0105,0.0,BTC-27DEC19-2500-P,7994.31,87.75,0.006,0.8,0.0105,10.8,98.5,3.37918,-0.72418,-1.48376,1e-05,-0.02282
8073.9,BTC-28JUN19,1558695546373,open,0.0,520.8,0.0005,0.04,2.19e-05,135.0,0.0005,0.0,BTC-28JUN19-2000-P,7994.31,0.0,0.0,0.0,0.002,0.1,214.23,0.01808,-0.03499,-0.00164,0.0,-0.00019
8074.14,BTC-28JUN19,1558695546375,open,0.01,379.6,0.0005,0.0445,0.00486449,105.47,0.005,0.0,BTC-28JUN19-15000-C,7994.31,99.96,0.0035,20.0,0.006,8.0,109.37,2.2035,-3.33194,0.28042,3e-05,0.04121
7994.31,index_price,1558695546376,open,0.0,100.7,0.0005,0.04,6.2e-07,134.99,0.0005,0,BTC-31MAY19-3750-P,7994.31,0.0,0.0,0.0,0.005,15.0,318.79,0.00071,-0.00492,-2e-05,0.0,-1e-05
8099.19,BTC-27SEP19,1558695546377,open,0.16,369.9,0.119,0.1985,0.15890615,85.83,0.164,0.0,BTC-27SEP19-9000-C,7994.31,84.16,0.155,5.0,0.1655,3.0,88.65,18.95739,-6.46314,10.00379,0.0001,0.51706
8098.95,BTC-27SEP19,1558695546379,open,0.1,121.3,0.065,0.1445,0.10456933,88.79,0.097,0.0,BTC-27DEC19-14000-C,7994.31,86.95,0.0995,4.0,0.108,15.0,90.03,22.4314,-4.59185,10.54372,6e-05,0.32367
8099.19,BTC-27SEP19,1558695546381,open,0.0,322.5,0.0005,0.0435,0.00374315,105.75,0.003,0.0,BTC-27SEP19-2500-P,7994.31,98.99,0.0025,10.0,0.005,5.0,111.31,1.67485,-0.70352,-0.48958,1e-05,-0.01378
8098.95,BTC-27SEP19,1558695546382,open,0.18,416.7,0.1425,0.222,0.18239174,84.57,0.2,0.0,BTC-27DEC19-10000-C,7994.31,83.31,0.1785,3.0,0.191,10.0,87.37,24.90557,-4.85605,15.3324,8e-05,0.501
8099.19,BTC-27SEP19,1558695546383,open,0.2,75.4,0.1435,0.238,0.19069835,85.39,0.185,0.0,BTC-27SEP19-8000-P,7994.31,82.87,0.185,9.0,0.196,5.0,87.74,18.26915,-6.19663,-16.26271,9e-05,-0.39154
8099.19,BTC-27SEP19,1558695546384,open,0.06,118.1,0.0265,0.106,0.06646922,90.04,0.0645,0.0,BTC-27SEP19-13000-C,7994.31,88.22,0.063,10.0,0.07,4.0,91.86,15.55384,-5.56268,5.52188,8e-05,0.26416
