underlying_price,underlying_index,timestamp,state,settlement_price,open_interest,min_price,max_price,mark_price,mark_iv,last_price,interest_rate,instrument_name,index_price,bid_iv,best_bid_price,best_bid_amount,best_ask_price,best_ask_amount,ask_iv,vega,theta,rho,gamma,delta
7126.06,BTC-27DEC19,1574593139996,open,0.04,517.2,0.02,0.0655,0.03905258,65.61,0.038,0.0,BTC-27DEC19-6500-P,7131.79,63.1,0.0365,19.3,0.041,29.3,67.51,7.27141,-7.25568,-2.08557,0.00024,-0.28588
7190.41,BTC-27MAR20,1574593140001,open,0.46,9.4,0.441,0.485,0.46048697,79.77,0.585,0.0,BTC-27MAR20-4000-C,7131.79,71.93,0.455,0.1,0.4645,7.0,84.8,5.47115,-1.76147,11.51772,4e-05,0.93246
7131.77,SYN.BTC-6DEC19,1574593140012,open,0.07,53.0,0.0495,0.105,0.07513486,60.53,0.0575,0.0,BTC-6DEC19-7500-P,7131.79,58.05,0.0735,18.0,0.0795,24.1,67.05,4.72505,-12.04157,-1.70074,0.00047,-0.65782
7126.06,BTC-27DEC19,1574593140021,open,0.38,21.6,0.357,0.3915,0.37279317,91.74,0.5285,0.0,BTC-27DEC19-4500-C,7131.79,71.59,0.3695,7.0,0.3765,7.0,105.0,1.66677,-2.32569,3.7987,4e-05,0.96463
7126.06,BTC-27DEC19,1574593140036,open,0.58,10.0,0.57,0.5905,0.57977291,123.05,0.618,0.0,BTC-27DEC19-3000-C,7131.79,0.0,0.577,8.1,0.583,8.1,157.64,0.34997,-0.65495,2.66033,1e-05,0.99425
7131.77,SYN.BTC-6DEC19,1574593140039,open,0.08,18.3,0.0525,0.1035,0.07675297,64.33,0.084,0.0,BTC-6DEC19-6750-C,7131.79,56.6,0.072,6.0,0.0775,6.0,65.52,4.45445,-12.06428,1.45244,0.00042,0.7027
7126.06,BTC-27DEC19,1574593140051,open,0.4,532.9,0.3785,0.4465,0.40964049,71.89,0.4215,0.0,BTC-27DEC19-10000-P,7131.79,0.0,0.403,0.2,0.419,0.1,89.63,2.92806,-3.20149,-8.58689,9e-05,-0.9282
7128.11,BTC-27DEC19,1574593140052,open,0.51,4.3,0.4995,0.524,0.51062051,114.11,0.5625,0.0,BTC-27DEC19-3500-C,7131.79,0.0,0.5075,8.0,0.5135,8.1,135.31,0.68165,-1.18294,3.06313,1e-05,0.98772
7188.36,BTC-27MAR20,1574593140047,open,0.12,744.1,0.084,0.165,0.12029259,70.13,0.123,0.0,BTC-27MAR20-8000-C,7131.79,68.93,0.1175,8.0,0.1255,8.0,72.38,16.67889,-4.72137,8.70359,0.00014,0.47705
7132.99,SYN.BTC-29NOV19,1574593140057,open,0.01,939.2,0.0005,0.031,0.01025808,61.37,0.009,0.0,BTC-29NOV19-7500-C,7131.79,56.48,0.0085,1.0,0.01,33.1,60.66,2.6243,-16.51499,0.22921,0.00063,0.25081
7126.06,BTC-27DEC19,1574593140059,open,0.45,30.9,0.428,0.4575,0.44133101,102.32,0.5735,0.0,BTC-27DEC19-4000-C,7131.79,76.31,0.439,7.0,0.445,7.1,120.71,1.07813,-1.67777,3.45117,2e-05,0.97902
7131.77,SYN.BTC-6DEC19,1574593140061,open,0.04,50.8,0.0165,0.0615,0.03637579,60.91,0.042,0.0,BTC-6DEC19-7250-C,7131.79,56.19,0.033,1.0,0.0375,25.0,62.48,5.10907,-13.10196,0.98824,0.00051,0.46227
7126.06,BTC-27DEC19,1574593140071,open,0.18,112.3,0.1555,0.2075,0.17988765,69.39,0.27,0.0,BTC-27DEC19-6000-C,7131.79,62.88,0.175,6.0,0.184,6.1,74.56,5.53624,-5.84249,4.13313,0.00017,0.82383
7190.41,BTC-27MAR20,1574593140074,open,0.25,19.3,0.212,0.2865,0.2462722,70.63,0.252,0.0,BTC-27MAR20-6000-C,7131.79,68.36,0.242,0.1,0.25,17.0,72.6,13.56764,-3.86789,12.06635,0.00011,0.74073
7132.99,SYN.BTC-29NOV19,1574593140076,open,0.39,33.2,0.3745,0.431,0.40195931,91.22,0.316,0.0,BTC-29NOV19-10000-P,7131.79,0.0,0.379,2.0,0.4215,2.0,247.31,0.0229,-0.21427,-1.33506,0.0,-0.99919
7188.6,BTC-27MAR20,1574593140077,open,2.59,0.0,2.5475,2.7155,2.6242847,105.49,None,0.0,BTC-27MAR20-26000-P,7131.79,0.0,0.0,0.0,0.0,0.0,0.0,3.39902,-1.44732,-87.51518,2e-05,-0.96283
7126.06,BTC-27DEC19,1574593140090,open,0.38,21.6,0.357,0.3915,0.37259335,91.74,0.5285,0.0,BTC-27DEC19-4500-C,7131.79,71.59,0.3695,7.0,0.377,7.1,106.52,1.66677,-2.32569,3.7987,4e-05,0.96463
7188.36,BTC-27MAR20,1574593140092,open,0.12,744.1,0.084,0.165,0.12010871,70.13,0.123,0.0,BTC-27MAR20-8000-C,7131.79,68.93,0.1175,8.0,0.126,18.0,72.59,16.67889,-4.72137,8.70359,0.00014,0.47705
7126.06,BTC-27DEC19,1574593140097,open,0.18,112.3,0.155,0.207,0.17967034,69.39,0.27,0.0,BTC-27DEC19-6000-C,7131.79,62.88,0.175,6.0,0.184,0.1,74.56,5.53624,-5.84249,4.13313,0.00017,0.82383
7131.77,SYN.BTC-6DEC19,1574593140100,open,0.1,13.3,0.075,0.1315,0.10148359,60.43,0.087,0.0,BTC-6DEC19-7750-P,7131.79,59.07,0.1005,6.0,0.1065,6.0,69.45,3.994,-10.16262,-1.99977,0.0004,-0.76056
7126.06,BTC-27DEC19,1574593140101,open,0.25,71.5,0.2185,0.2645,0.23990031,74.49,0.25,0.0,BTC-27DEC19-5500-C,7131.79,64.97,0.2355,6.0,0.2445,0.1,82.18,3.80718,-4.3131,4.22273,0.00011,0.89803
7132.99,SYN.BTC-29NOV19,1574593140103,open,0.39,33.2,0.375,0.4315,0.40231131,91.22,0.316,0.0,BTC-29NOV19-10000-P,7131.79,0.0,0.379,2.0,0.422,2.0,249.16,0.0229,-0.21427,-1.33506,0.0,-0.99919
7131.77,SYN.BTC-6DEC19,1574593140104,open,0.1,13.3,0.075,0.1315,0.10148359,60.43,0.087,0.0,BTC-6DEC19-7750-P,7131.79,59.07,0.1005,6.0,0.106,1.2,68.61,3.994,-10.16262,-1.99977,0.0004,-0.76056
7126.06,BTC-27DEC19,1574593140115,open,0.31,66.8,0.287,0.3265,0.30509348,82.21,0.4645,0.0,BTC-27DEC19-5000-C,7131.79,67.08,0.301,6.0,0.313,6.0,100.17,2.52917,-3.16228,4.07731,7e-05,0.94055
7126.06,BTC-27DEC19,1574593140118,open,0.38,21.6,0.357,0.3915,0.37259335,91.74,0.5285,0.0,BTC-27DEC19-4500-C,7131.79,65.11,0.369,7.0,0.377,7.1,106.52,1.66677,-2.32569,3.7987,4e-05,0.96463
7188.6,BTC-27MAR20,1574593140123,open,3.15,0.0,3.0925,3.284,3.18048818,113.85,None,0.0,BTC-27MAR20-30000-P,7131.79,0.0,0.0,0.0,0.0,0.0,0.0,3.17448,-1.45877,-101.15744,2e-05,-0.96581
7125.8,BTC-27DEC19,1574593140125,open,0.67,73.0,0.652,0.726,0.68656041,85.27,0.3805,0.0,BTC-27DEC19-12000-P,7131.79,0.0,0.19,0.1,0.0,0.0,0.0,1.38052,-1.79038,-10.64402,4e-05,-0.97184
7251.4,SYN.BTC-26JUN20,1574593140127,open,3.12,0.0,3.062,3.268,3.15548932,99.85,None,0.0,BTC-26JUN20-30000-P,7131.79,0.0,0.0,0.0,0.0,0.0,0.0,7.52993,-1.74957,-174.37455,2e-05,-0.92927
7125.8,BTC-27DEC19,1574593140134,open,5.68,0.0,5.6065,5.8755,5.73584001,0.0,None,0.0,BTC-27DEC19-48000-P,7131.79,0.0,0.0005,1.0,0.0,0.0,0.0,0.0,0.0,-43.23379,0.0,-1.0
7130.9,SYN.BTC-29NOV19,1574593140134,open,0.53,13.1,0.5125,0.5735,0.54217248,0.0,0.233,0.0,BTC-29NOV19-11000-P,7131.79,0.0,0.0155,0.1,0.0,0.0,0.0,0.0,0.0,-1.46939,0.0,-1.0
7251.4,SYN.BTC-26JUN20,1574593140141,open,1.77,0.1,1.7185,1.8815,1.7910322,89.01,1.88,0.0,BTC-26JUN20-20000-P,7131.79,0.0,0.1,1.0,2.2,0.5,237.31,11.53693,-2.3896,-113.75434,4e-05,-0.87369
7251.4,SYN.BTC-26JUN20,1574593140141,open,1.23,5.0,1.188,1.3355,1.2535038,83.05,1.22,0.0,BTC-26JUN20-16000-P,7131.79,0.0,0.56,1.0,2.0,0.1,382.45,14.49176,-2.80044,-88.60564,6e-05,-0.8221
7188.6,BTC-27MAR20,1574593140152,open,2.87,0.0,2.82,3.002,2.90322608,111.64,None,0.0,BTC-27MAR20-28000-P,7131.79,0.0,0.0,0.0,0.0,0.0,0.0,3.51664,-1.58467,-94.28192,2e-05,-0.96125
7126.06,BTC-27DEC19,1574593140165,open,0.45,30.9,0.428,0.457,0.4411495,102.32,0.5735,0.0,BTC-27DEC19-4000-C,7131.79,76.31,0.439,7.0,0.4445,0.1,118.64,1.07813,-1.67777,3.45117,2e-05,0.97902
7126.06,BTC-27DEC19,1574593140167,open,0.18,112.3,0.155,0.207,0.17967034,69.39,0.27,0.0,BTC-27DEC19-6000-C,7131.79,62.88,0.175,6.0,0.1845,6.0,75.17,5.53624,-5.84249,4.13313,0.00017,0.82383
7126.06,BTC-27DEC19,1574593140196,open,0.27,933.5,0.2455,0.3125,0.2763366,65.97,0.265,0.0,BTC-27DEC19-9000-P,7131.79,49.22,0.267,0.1,0.284,0.1,76.88,4.76112,-4.77722,-7.29082,0.00016,-0.85996
7126.06,BTC-27DEC19,1574593140198,open,0.38,21.6,0.357,0.3915,0.37259335,91.74,0.5285,0.0,BTC-27DEC19-4500-C,7131.79,65.11,0.369,7.0,0.376,0.1,103.43,1.66677,-2.32569,3.7987,4e-05,0.96463
7131.77,SYN.BTC-6DEC19,1574593140204,open,0.07,53.0,0.0495,0.105,0.0753274,60.53,0.0575,0.0,BTC-6DEC19-7500-P,7131.79,58.05,0.0735,18.0,0.0795,23.0,67.05,4.72505,-12.04157,-1.70074,0.00047,-0.65782
7130.9,SYN.BTC-29NOV19,1574593140207,open,0.3,0.3,0.285,0.316,0.29922321,130.63,0.3885,0.0,BTC-29NOV19-5000-C,7131.79,0.0,0.289,4.0,0.3095,4.0,238.27,0.17297,-2.31698,0.66027,2e-05,0.99239
7131.77,SYN.BTC-6DEC19,1574593140205,open,0.07,53.0,0.0495,0.105,0.0753274,60.53,0.0575,0.0,BTC-6DEC19-7500-P,7131.79,58.05,0.0735,18.0,0.079,1.0,66.31,4.72505,-12.04157,-1.70074,0.00047,-0.65782
7129.63,SYN.BTC-6DEC19,1574593140209,open,0.2,0.0,0.179,0.2215,0.19856486,85.21,None,0.0,BTC-6DEC19-5750-C,7131.79,0.0,0.1835,5.0,0.2145,5.0,131.39,1.7259,-6.19159,1.69681,0.00012,0.93004
7125.8,BTC-27DEC19,1574593140225,open,2.34,0.0,2.301,2.4365,2.36701459,0.0,None,0.0,BTC-27DEC19-24000-P,7130.48,0.0,0.0,0.0,0.0,0.0,0.0,0.0,0.0,-21.61689,0.0,-1.0
7125.8,BTC-27DEC19,1574593140225,open,1.23,18.0,1.2025,1.2945,1.24642922,109.12,1.261,0.0,BTC-27DEC19-16000-P,7130.48,0.0,0.0,0.0,0.0,0.0,0.0,0.59728,-0.99124,-14.35039,1e-05,-0.98945
7188.6,BTC-27MAR20,1574593140225,open,0.02,1256.0,0.007,0.0355,0.01681461,79.78,0.0145,0.0,BTC-27MAR20-4000-P,7130.48,75.94,0.014,9.0,0.0185,22.0,81.95,5.47558,-1.76318,-2.0602,4e-05,-0.06763
7125.8,BTC-27DEC19,1574593140225,open,5.13,0.0,5.0555,5.302,5.17452004,0.0,3.46,0.0,BTC-27DEC19-44000-P,7130.48,0.0,0.001,1.0,0.0,0.0,0.0,0.0,0.0,-39.63097,0.0,-1.0
7125.8,BTC-27DEC19,1574593140225,open,0.54,248.6,0.515,0.586,0.54774611,79.7,0.6155,0.0,BTC-27DEC19-11000-P,7130.48,0.0,0.45,0.3,0.88,1.0,401.25,2.02616,-2.45586,-9.64514,6e-05,-0.95503
7188.6,BTC-27MAR20,1574593140225,open,0.44,141.5,0.4055,0.5125,0.45377195,73.32,0.433,0.0,BTC-27MAR20-10000-P,7130.48,59.2,0.4275,11.0,0.4555,2.0,74.19,14.2888,-4.2287,-28.44119,0.00011,-0.71199
7125.8,BTC-27DEC19,1574593140225,open,4.57,0.0,4.5055,4.7295,4.61320014,0.0,2.58,0.0,BTC-27DEC19-40000-P,7130.48,0.0,0.001,1.0,0.0,0.0,0.0,0.0,0.0,-36.02816,0.0,-1.0
7125.8,BTC-27DEC19,1574593140225,open,3.46,0.3,3.4045,3.5835,3.49056249,0.0,2.744,0.0,BTC-27DEC19-32000-P,7130.48,0.0,0.0,0.0,0.0,0.0,0.0,0.0,0.0,-28.82253,0.0,-1.0
7125.8,BTC-27DEC19,1574593140225,open,6.24,0.8,6.157,6.4485,6.29716,0.0,3.59,0.0,BTC-27DEC19-52000-P,7130.48,0.0,0.001,1.0,0.0,0.0,0.0,0.0,0.0,-46.83661,0.0,-1.0
7188.6,BTC-27MAR20,1574593140226,open,2.05,5.6,2.003,2.1515,2.07030722,99.28,1.545,0.0,BTC-27MAR20-22000-P,7130.48,0.0,0.0,0.0,0.0,0.0,0.0,4.31928,-1.73078,-73.68659,2e-05,-0.95
7125.8,BTC-27DEC19,1574593140226,open,0.95,268.3,0.926,1.0105,0.96566203,92.72,0.7205,0.0,BTC-27DEC19-14000-P,7130.48,0.0,0.0,0.0,0.0,0.0,0.0,0.62302,-0.87856,-12.545,1e-05,-0.98892
7188.6,BTC-27MAR20,1574593140225,open,0.18,20.9,0.134,0.215,0.1710588,69.18,0.1755,0.0,BTC-27MAR20-7000-C,7130.48,67.82,0.168,15.0,0.1755,1.9,71.16,16.12002,-4.50114,10.59783,0.00013,0.60545
7130.9,SYN.BTC-29NOV19,1574593140225,open,0.36,2.0,0.3405,0.396,0.36728516,0.0,0.161,0.0,BTC-29NOV19-9750-P,7130.48,0.0,0.35,2.0,0.383,2.0,220.51,0.0,0.0,-1.30241,0.0,-1.0
7130.9,SYN.BTC-29NOV19,1574593140224,open,0.22,13.8,0.203,0.2555,0.22755216,80.37,0.17,0.0,BTC-29NOV19-8750-P,7130.48,0.0,0.212,2.0,0.243,2.0,167.44,0.3215,-2.6497,-1.15452,6e-05,-0.98447
7251.4,SYN.BTC-26JUN20,1574593140225,open,0.03,25.8,0.011,0.07,0.03070799,93.06,0.041,0.0,BTC-26JUN20-22000-C,7130.48,88.67,0.0245,5.0,0.031,15.0,93.26,10.83959,-2.34736,3.62406,4e-05,0.1156
7188.6,BTC-27MAR20,1574593140226,open,3.97,0.0,3.9095,4.128,4.01159169,114.34,None,0.0,BTC-27MAR20-36000-P,7130.48,0.0,0.0,0.0,0.0,0.0,0.0,1.89865,-0.87624,-121.8165,1e-05,-0.98149
7125.8,BTC-27DEC19,1574593140227,open,0.81,99.0,0.7895,0.8685,0.82651254,93.47,0.638,0.0,BTC-27DEC19-13000-P,7130.48,0.0,0.7,0.2,0.0,0.0,0.0,1.14769,-1.63151,-11.57802,3e-05,-0.97741
7188.6,BTC-27MAR20,1574593140227,open,1.22,1.1,1.1895,1.309,1.24314673,86.32,1.08,0.0,BTC-27MAR20-16000-P,7130.48,0.0,0.0,0.0,0.0,0.0,0.0,6.81142,-2.37323,-52.52579,4e-05,-0.90981
7188.6,BTC-27MAR20,1574593140226,open,4.52,1.0,4.4585,4.6855,4.56812961,120.61,4.54,0.0,BTC-27MAR20-40000-P,7130.48,0.0,0.0005,2.0,0.0,0.0,0.0,1.87532,-0.91295,-135.4009,1e-05,-0.98176
7188.6,BTC-27MAR20,1574593140227,open,1.5,0.0,1.46,1.593,1.51964337,93.24,1.23,0.0,BTC-27MAR20-18000-P,7130.48,0.0,0.0,0.0,0.0,0.0,0.0,6.11237,-2.30047,-59.56699,4e-05,-0.92192
7188.6,BTC-27MAR20,1574593140227,open,2.32,0.0,2.2755,2.4375,2.34902371,105.87,None,0.0,BTC-27MAR20-24000-P,7130.48,0.0,0.0005,5.0,0.0,0.0,0.0,4.30962,-1.84165,-80.48987,2e-05,-0.95014
7125.8,BTC-27DEC19,1574593140227,open,4.01,1.3,3.955,4.1565,4.05188056,0.0,3.212,0.0,BTC-27DEC19-36000-P,7130.48,0.0,0.0,0.0,0.0,0.0,0.0,0.0,0.0,-32.42534,0.0,-1.0
7187.29,BTC-27MAR20,1574593140227,open,2.59,0.0,2.5485,2.715,2.62513228,105.9,None,0.0,BTC-27MAR20-26000-P,7130.48,0.0,0.0,0.0,0.0,0.0,0.0,3.4528,-1.47589,-87.5021,2e-05,-0.9621
7251.4,SYN.BTC-26JUN20,1574593140225,open,0.02,52.0,0.0075,0.0595,0.02375152,97.17,0.02,0.0,BTC-26JUN20-26000-C,7130.48,93.12,0.019,5.0,0.025,15.0,98.15,9.04422,-2.04488,2.83334,3e-05,0.09012
7125.8,BTC-27DEC19,1574593140228,open,1.79,3.6,1.753,1.8645,1.80696282,116.45,1.729,0.0,BTC-27DEC19-20000-P,7130.48,0.0,0.0,0.0,0.0,0.0,0.0,0.17984,-0.3185,-17.99821,0.0,-0.99727
7130.9,SYN.BTC-29NOV19,1574593140224,open,0.29,11.0,0.272,0.325,0.29723866,79.07,0.291,0.0,BTC-29NOV19-9250-P,7130.48,0.0,0.275,2.0,0.3125,2.0,193.49,0.06498,-0.52686,-1.23326,1e-05,-0.99746
7187.29,BTC-27MAR20,1574593140228,open,3.42,0.0,3.3675,3.561,3.45815817,114.42,None,0.0,BTC-27MAR20-32000-P,7130.48,0.0,0.001,1.0,0.0,0.0,0.0,2.71053,-1.25184,-108.05696,1e-05,-0.97175
7125.8,BTC-27DEC19,1574593140228,open,2.06,4.9,2.028,2.151,2.08740945,108.18,2.217,0.0,BTC-27DEC19-22000-P,7130.48,0.0,0.0,0.0,0.0,0.0,0.0,0.03565,-0.05865,-19.81273,0.0,-0.99953
7125.8,BTC-27DEC19,1574593140228,open,2.62,0.0,2.5785,2.724,2.64860718,0.0,None,0.0,BTC-27DEC19-26000-P,7130.48,0.0,0.0,0.0,0.0,0.0,0.0,0.0,0.0,-23.4183,0.0,-1.0
7187.29,BTC-27MAR20,1574593140229,open,3.69,0.0,3.6395,3.843,3.73505152,113.95,None,0.0,BTC-27MAR20-34000-P,7130.48,0.0,0.0,0.0,0.0,0.0,0.0,2.21982,-1.02098,-114.95723,1e-05,-0.97774
7187.29,BTC-27MAR20,1574593140229,open,3.15,0.0,3.0935,3.2825,3.18048818,112.08,None,0.0,BTC-27MAR20-30000-P,7130.48,0.0,0.0,0.0,0.0,0.0,0.0,2.95087,-1.33488,-101.20955,2e-05,-0.9687
7187.29,BTC-27MAR20,1574593140229,open,1.77,5.2,1.7315,1.8725,1.79480892,96.19,1.108,0.0,BTC-27MAR20-20000-P,7130.48,0.0,0.0,0.0,0.0,0.0,0.0,5.0558,-1.96302,-66.68359,3e-05,-0.93895
7125.8,BTC-27DEC19,1574593140229,open,1.09,211.0,1.0645,1.152,1.10632657,104.23,0.959,0.0,BTC-27DEC19-15000-P,7130.48,0.0,0.0,0.0,0.0,0.0,0.0,0.7208,-1.14259,-13.4348,2e-05,-0.9869
7251.4,SYN.BTC-26JUN20,1574593140225,open,0.03,872.3,0.013,0.0735,0.03344228,89.32,0.03,0.0,BTC-26JUN20-20000-C,7130.48,87.12,0.03,9.5,0.036,15.0,90.89,11.62127,-2.41551,4.02123,4e-05,0.12764
7131.77,SYN.BTC-6DEC19,1574593140224,open,0.08,18.3,0.0525,0.1035,0.07658784,64.33,0.084,0.0,BTC-6DEC19-6750-C,7131.79,57.43,0.0725,0.2,0.0775,6.0,65.52,4.45445,-12.06428,1.45244,0.00042,0.7027
7125.8,BTC-27DEC19,1574593140230,open,3.18,0.2,3.129,3.297,3.20990541,0.0,2.51,0.0,BTC-27DEC19-30000-P,7130.48,0.0,0.0,0.0,0.0,0.0,0.0,0.0,0.0,-27.02112,0.0,-1.0
7125.8,BTC-27DEC19,1574593140230,open,2.9,0.2,2.854,3.0105,2.92925199,0.0,2.2765,0.0,BTC-27DEC19-28000-P,7130.48,0.0,0.0,0.0,0.0,0.0,0.0,0.0,0.0,-25.21971,0.0,-1.0
7251.4,SYN.BTC-26JUN20,1574593140225,open,2.04,0.0,1.987,2.16,2.0640569,92.7,None,0.0,BTC-26JUN20-22000-P,7130.48,0.0,0.11,1.0,0.0,0.0,0.0,10.74126,-2.31686,-125.92948,4e-05,-0.88587
7251.4,SYN.BTC-26JUN20,1574593140227,open,2.58,0.0,2.524,2.7125,2.60861842,96.64,None,0.0,BTC-26JUN20-26000-P,7130.48,0.0,0.0,0.0,0.0,0.0,0.0,8.90798,-2.00323,-150.27884,3e-05,-0.9117
7124.49,BTC-27DEC19,1574593140231,open,1.51,9.4,1.476,1.5815,1.52610688,0.0,1.1125,0.0,BTC-27DEC19-18000-P,7130.48,0.0,0.0,0.0,0.0,0.0,0.0,0.0,0.0,-16.21267,0.0,-1.0
7187.29,BTC-27MAR20,1574593140232,open,0.01,71.0,0.0005,0.031,0.0091505,113.59,0.0055,0.0,BTC-27MAR20-28000-C,7130.48,104.12,0.005,10.0,0.014,1.0,121.62,3.77784,-1.73202,0.80939,2e-05,0.04233
7251.4,SYN.BTC-26JUN20,1574593140225,open,2.85,0.0,2.7935,2.9925,2.88311062,99.43,None,0.0,BTC-26JUN20-28000-P,7130.48,0.0,0.0,0.0,0.0,0.0,0.0,8.45495,-1.95627,-162.25033,3e-05,-0.91764
7251.4,SYN.BTC-26JUN20,1574593140225,open,0.03,245.2,0.0135,0.073,0.0342086,83.5,0.0375,0.0,BTC-26JUN20-18000-C,7130.48,71.46,0.017,9.5,0.0435,14.0,88.74,12.13638,-2.358,4.342,5e-05,0.13592
7130.9,SYN.BTC-29NOV19,1574593140228,open,0.46,5.0,0.444,0.502,0.47216657,0.0,0.25,0.0,BTC-29NOV19-10500-P,7130.48,0.0,0.0,0.0,0.0,0.0,0.0,0.0,0.0,-1.4026,0.0,-1.0
7129.63,SYN.BTC-6DEC19,1574593140224,open,0.25,0.0,0.238,0.294,0.26413753,69.97,None,0.0,BTC-6DEC19-9000-P,7130.48,0.0,0.0,0.0,0.0,0.0,0.0,1.04715,-3.0848,-2.84587,9e-05,-0.96269
7130.9,SYN.BTC-29NOV19,1574593140228,open,0.6,0.0,0.5815,0.6455,0.61223992,0.0,None,0.0,BTC-29NOV19-11500-P,7130.48,0.0,0.0,0.0,0.0,0.0,0.0,0.0,0.0,-1.53618,0.0,-1.0
7130.9,SYN.BTC-29NOV19,1574593140224,open,0.43,0.0,0.4095,0.4665,0.43721,0.0,None,0.0,BTC-29NOV19-10250-P,7130.48,0.0,0.0,0.0,0.0,0.0,0.0,0.0,0.0,-1.3692,0.0,-1.0
7130.9,SYN.BTC-29NOV19,1574593140225,open,0.67,0.0,0.65,0.717,0.68232768,0.0,None,0.0,BTC-29NOV19-12000-P,7130.48,0.0,0.0,0.0,0.0,0.0,0.0,0.0,0.0,-1.60297,0.0,-1.0
7251.4,SYN.BTC-26JUN20,1574593140228,open,0.98,11.5,0.929,1.072,0.99273313,80.9,0.99,0.0,BTC-26JUN20-14000-P,7130.48,0.0,0.5,1.0,0.0,0.0,0.0,16.76083,-3.15514,-75.38696,7e-05,-0.77322
7187.29,BTC-27MAR20,1574593140239,open,0.01,459.6,0.0035,0.038,0.01332636,97.86,0.01,0.0,BTC-27MAR20-20000-C,7130.48,93.01,0.01,32.3,0.014,21.0,98.76,5.34182,-2.11006,1.27311,3e-05,0.06552
7129.63,SYN.BTC-6DEC19,1574593140224,open,0.36,0.0,0.341,0.398,0.3679785,72.95,None,0.0,BTC-6DEC19-9750-P,7130.48,0.0,0.0,0.0,0.0,0.0,0.0,0.35354,-1.08585,-3.14927,3e-05,-0.98964
7129.63,SYN.BTC-6DEC19,1574593140225,open,0.19,0.0,0.17,0.226,0.19598446,65.1,0.219,0.0,BTC-6DEC19-8500-P,7130.48,0.0,0.0,0.0,0.0,0.0,0.0,1.82299,-4.99631,-2.60003,0.00017,-0.92486
7130.9,SYN.BTC-29NOV19,1574593140229,open,0.95,0.0,0.925,1.003,0.96271126,0.0,None,0.0,BTC-29NOV19-14000-P,7130.48,0.0,0.0,0.0,0.0,0.0,0.0,0.0,0.0,-1.87013,0.0,-1.0
7130.9,SYN.BTC-29NOV19,1574593140227,open,0.74,0.0,0.719,0.7885,0.75242182,0.0,None,0.0,BTC-29NOV19-12500-P,7130.48,0.0,0.0,0.0,0.0,0.0,0.0,0.0,0.0,-1.66976,0.0,-1.0
7129.63,SYN.BTC-6DEC19,1574593140225,open,0.22,0.0,0.204,0.259,0.22944081,65.3,None,0.0,BTC-6DEC19-8750-P,7130.48,0.0,0.0,0.0,0.0,0.0,0.0,1.25151,-3.4408,-2.74408,0.00012,-0.9535
7251.4,SYN.BTC-26JUN20,1574593140228,open,2.3,0.0,2.254,2.4315,2.33352678,92.92,None,0.0,BTC-26JUN20-24000-P,7130.48,0.0,0.0,0.0,0.0,0.0,0.0,9.2607,-2.00238,-138.33297,3e-05,-0.90695
7251.4,SYN.BTC-26JUN20,1574593140226,open,1.49,2.0,1.4495,1.599,1.51603953,83.23,1.5,0.0,BTC-26JUN20-18000-P,7130.48,0.0,1.1,0.5,2.1,0.1,297.47,12.06156,-2.33592,-101.65707,5e-05,-0.8653
7130.9,SYN.BTC-29NOV19,1574593140227,open,0.32,114.2,0.3065,0.359,0.33205983,0.0,0.3315,0.0,BTC-29NOV19-9500-P,7130.48,0.0,0.3095,2.0,0.348,2.0,208.24,0.0,0.0,-1.26902,0.0,-1.0
7129.63,SYN.BTC-6DEC19,1574593140227,open,0.15,11.3,0.137,0.193,0.16285638,62.9,0.105,0.0,BTC-6DEC19-8250-P,7130.48,0.0,0.1405,3.0,0.177,3.0,94.43,2.40888,-6.37948,-2.44368,0.00023,-0.89059
7251.4,SYN.BTC-26JUN20,1574593140225,open,0.02,11.5,0.008,0.06,0.02441888,93.39,0.027,0.0,BTC-26JUN20-24000-C,7130.48,91.05,0.0215,5.0,0.0275,15.0,95.69,9.38524,-2.03946,3.00218,3e-05,0.09475
7129.63,SYN.BTC-6DEC19,1574593140225,open,0.32,0.0,0.3065,0.364,0.33338603,74.63,None,0.0,BTC-6DEC19-9500-P,7130.48,0.0,0.0,0.0,0.0,0.0,0.0,0.60868,-1.91269,-3.04789,5e-05,-0.98053
7129.63,SYN.BTC-6DEC19,1574593140225,open,0.29,0.0,0.2725,0.328,0.29833166,68.92,None,0.0,BTC-6DEC19-9250-P,7130.48,0.0,0.0,0.0,0.0,0.0,0.0,0.6505,-1.88747,-2.9629,6e-05,-0.97894
7251.4,SYN.BTC-26JUN20,1574593140226,open,3.39,0.0,3.331,3.5435,3.42803434,99.71,None,0.0,BTC-26JUN20-32000-P,7130.48,0.0,0.0,0.0,0.0,0.0,0.0,6.59412,-1.52989,-186.48372,2e-05,-0.94039
7130.9,SYN.BTC-29NOV19,1574593140225,open,0.81,0.0,0.7875,0.86,0.82251787,0.0,None,0.0,BTC-29NOV19-13000-P,7130.48,0.0,0.0,0.0,0.0,0.0,0.0,0.0,0.0,-1.73655,0.0,-1.0
7130.9,SYN.BTC-29NOV19,1574593140232,open,1.09,0.0,1.0625,1.146,1.1029049,0.0,None,0.0,BTC-29NOV19-15000-P,7130.48,0.0,0.0,0.0,0.0,0.0,0.0,0.0,0.0,-2.00371,0.0,-1.0
7130.9,SYN.BTC-29NOV19,1574593140244,open,0.05,617.8,0.0385,0.0915,0.06164953,60.55,0.06,0.0,BTC-29NOV19-7500-P,7130.48,55.92,0.06,0.1,0.0645,1.9,68.15,2.59835,-16.13406,-0.77665,0.00063,-0.75369
7130.9,SYN.BTC-29NOV19,1574593140248,open,0.15,224.6,0.1345,0.1845,0.15792058,67.25,0.1455,0.0,BTC-29NOV19-8250-P,7130.48,0.0,0.1505,1.0,0.163,1.1,99.68,0.60876,-4.19838,-1.07142,0.00013,-0.96687
7130.9,SYN.BTC-29NOV19,1574593140250,open,0.25,272.5,0.2375,0.2895,0.26232156,80.55,0.239,0.0,BTC-29NOV19-9000-P,7130.48,0.0,0.255,1.0,0.2675,1.0,135.97,0.1619,-1.33736,-1.1957,3e-05,-0.99294
7130.9,SYN.BTC-29NOV19,1574593140262,open,0.01,939.2,0.0005,0.031,0.01019708,61.39,0.009,0.0,BTC-29NOV19-7500-C,7130.48,56.67,0.0085,1.0,0.01,34.1,60.85,2.61678,-16.47448,0.22804,0.00063,0.2496
7129.63,SYN.BTC-6DEC19,1574593140262,open,0.02,27.3,0.008,0.046,0.02305693,63.91,0.021,0.0,BTC-6DEC19-6750-P,7130.48,60.6,0.021,24.0,0.0245,11.0,66.21,4.45282,-11.98139,-0.74305,0.00042,-0.29726
7187.29,BTC-27MAR20,1574593140268,open,0.96,59.9,0.92,1.035,0.97136265,81.4,0.955,0.0,BTC-27MAR20-14000-P,7130.48,0.0,0.4,0.5,0.0,0.0,0.0,8.43624,-2.77184,-45.12957,6e-05,-0.87877
7130.9,SYN.BTC-29NOV19,1574593140268,open,0.02,296.8,0.005,0.0425,0.02030082,59.93,0.019,0.0,BTC-29NOV19-7250-C,7130.48,55.94,0.0185,0.1,0.0205,26.0,60.37,3.21993,-19.78985,0.37977,0.00079,0.41899
7125.8,BTC-27DEC19,1574593140270,open,0.15,954.0,0.1255,0.1925,0.1563702,63.6,0.15,0.0,BTC-27DEC19-8000-P,7130.48,60.85,0.1535,14.4,0.158,0.9,65.15,7.48831,-7.24383,-5.46586,0.00026,-0.69524
7251.4,SYN.BTC-26JUN20,1574593140267,open,0.19,233.7,0.1505,0.2525,0.19624792,71.76,0.18,0.0,BTC-26JUN20-7000-P,7130.48,67.88,0.185,4.0,0.2045,12.0,74.62,20.95403,-3.49899,-24.05132,9e-05,-0.36716
7188.6,BTC-27MAR20,1574593140285,open,0.12,744.1,0.084,0.165,0.12010871,70.05,0.123,0.0,BTC-27MAR20-8000-C,7130.48,68.92,0.1175,8.0,0.1255,0.8,72.37,16.67899,-4.71572,8.7037,0.00014,0.47686
7129.63,SYN.BTC-6DEC19,1574593140293,open,0.1,13.3,0.075,0.1315,0.10148359,60.38,0.087,0.0,BTC-6DEC19-7750-P,7130.48,58.6,0.1005,6.0,0.1065,6.0,69.03,3.98271,-10.12395,-2.00225,0.0004,-0.76167
7129.63,SYN.BTC-6DEC19,1574593140327,open,0.12,21.1,0.105,0.161,0.13111749,61.39,0.1145,0.0,BTC-6DEC19-8000-P,7130.48,61.12,0.131,6.0,0.136,6.0,71.59,3.1591,-8.16538,-2.24723,0.00031,-0.83764
7129.63,SYN.BTC-6DEC19,1574593140338,open,0.12,21.1,0.105,0.161,0.13111749,61.39,0.1145,0.0,BTC-6DEC19-8000-P,7130.48,61.12,0.131,6.0,0.1365,7.1,72.56,3.1591,-8.16538,-2.24723,0.00031,-0.83764
148.99,ETH-27DEC19,1574593140340,open,0.07,1486.0,0.034,0.097,0.064013,77.93,0.069,0.0,ETH-27DEC19-160-C,149.11,72.8,0.058,96.0,0.07,96.0,83.01,0.17526,-0.20773,0.04851,0.01125,0.42548
7130.9,SYN.BTC-29NOV19,1574593140342,open,0.05,617.8,0.0385,0.0915,0.06164953,60.55,0.06,0.0,BTC-29NOV19-7500-P,7130.48,55.92,0.06,6.1,0.0645,1.9,68.15,2.59835,-16.13406,-0.77665,0.00063,-0.75369
7130.9,SYN.BTC-29NOV19,1574593140345,open,0.13,2.0,0.107,0.153,0.12833145,90.28,0.1335,0.0,BTC-29NOV19-6250-C,7130.48,0.0,0.123,6.0,0.1275,6.0,85.82,1.38349,-12.80921,0.74065,0.00023,0.90588
7125.8,BTC-27DEC19,1574593140345,open,0.01,457.4,0.002,0.0275,0.01168295,74.0,0.009,0.0,BTC-27DEC19-5500-P,7130.48,70.73,0.01,48.0,0.0125,24.0,75.52,3.77461,-4.24829,-0.72184,0.00011,-0.10078
7129.63,SYN.BTC-6DEC19,1574593140349,open,0.02,27.3,0.008,0.046,0.02305693,63.91,0.021,0.0,BTC-6DEC19-6750-P,7130.48,61.4,0.0215,24.0,0.0245,11.0,66.21,4.45282,-11.98139,-0.74305,0.00042,-0.29726
149.09,SYN.ETH-6DEC19,1574593140355,open,0.01,102.0,0.003,0.034,0.013765,83.27,0.016,0.0,ETH-6DEC19-130-P,149.11,74.35,0.01,162.0,0.017,161.0,90.38,0.06591,-0.23105,-0.00851,0.01094,-0.16178
7130.9,SYN.BTC-29NOV19,1574593140360,open,0.04,194.9,0.018,0.0645,0.03868018,62.55,0.038,0.0,BTC-29NOV19-7000-C,7130.48,50.73,0.0335,23.1,0.039,18.2,63.27,3.15033,-20.20697,0.549,0.00074,0.61502
149.09,SYN.ETH-6DEC19,1574593140362,open,0.06,756.0,0.027,0.092,0.057548,75.41,0.062,0.0,ETH-6DEC19-150-P,149.11,69.14,0.053,120.0,0.065,120.0,85.82,0.10725,-0.34053,-0.0266,0.01967,-0.4908
7130.9,SYN.BTC-29NOV19,1574593140372,open,0.05,617.8,0.0385,0.0915,0.06164953,60.55,0.06,0.0,BTC-29NOV19-7500-P,7130.48,55.92,0.06,6.1,0.0645,7.9,68.15,2.59835,-16.13406,-0.77665,0.00063,-0.75369
149.09,SYN.ETH-6DEC19,1574593140369,open,0.05,302.0,0.023,0.082,0.051416,75.5,0.062,0.0,ETH-6DEC19-150-C,149.11,65.16,0.044,120.0,0.056,120.0,81.83,0.10725,-0.34095,0.02221,0.01964,0.50926
7129.63,SYN.BTC-6DEC19,1574593140380,open,0.07,53.0,0.0495,0.105,0.0753274,60.49,0.0575,0.0,BTC-6DEC19-7500-P,7130.48,57.71,0.0735,18.0,0.0795,23.0,66.73,4.71763,-12.01424,-1.70333,0.00047,-0.65896
7130.9,SYN.BTC-29NOV19,1574593140373,open,0.01,939.2,0.0005,0.031,0.01019708,61.39,0.009,0.0,BTC-29NOV19-7500-C,7130.48,56.67,0.0085,1.0,0.0095,24.0,59.48,2.61678,-16.47448,0.22804,0.00063,0.2496
149.12,SYN.ETH-29NOV19,1574593140379,open,0.08,71.0,0.041,0.104,0.073489,77.62,0.07,0.0,ETH-29NOV19-140-C,149.11,49.8,0.065,40.0,0.076,40.0,84.68,0.05197,-0.41371,0.01393,0.02254,0.77281
149.09,SYN.ETH-6DEC19,1574593140386,open,0.1,5.0,0.063,0.14,0.100247,75.38,0.035,0.0,ETH-6DEC19-160-P,149.11,68.85,0.096,120.0,0.109,120.0,88.67,0.09688,-0.30748,-0.03756,0.01777,-0.67423
148.96,ETH-27DEC19,1574593140394,open,4.08,1.0,3.953,4.258,4.101014,0.0,3.236,0.0,ETH-27DEC19-760-P,149.1,0.0,0.02,50.0,0.0,0.0,0.0,0.0,0.0,-0.68454,0.0,-1.0
150.26,ETH-27MAR20,1574593140394,open,3.25,0.0,3.136,3.41,3.265756,113.34,None,0.0,ETH-27MAR20-640-P,149.1,0.0,0.01,50.0,0.0,0.0,0.0,0.06141,-0.0281,-2.15949,0.00071,-0.96887
148.95,ETH-27DEC19,1574593140394,open,3.28,0.0,3.171,3.428,3.295595,0.0,None,0.0,ETH-27DEC19-640-P,149.1,0.0,0.02,50.0,0.0,0.0,0.0,0.0,0.0,-0.57645,0.0,-1.0
148.95,ETH-27DEC19,1574593140394,open,2.75,0.0,2.65,2.875,2.758661,0.0,0.845,0.0,ETH-27DEC19-560-P,149.1,0.0,0.02,50.0,0.0,0.0,0.0,0.0,0.0,-0.50439,0.0,-1.0
148.95,ETH-27DEC19,1574593140395,open,3.55,1.0,3.432,3.705,3.564067,0.0,2.792,0.0,ETH-27DEC19-680-P,149.1,0.0,0.02,50.0,0.0,0.0,0.0,0.0,0.0,-0.61248,0.0,-1.0
148.95,ETH-27DEC19,1574593140395,open,3.82,0.0,3.692,3.982,3.83254,0.0,None,0.0,ETH-27DEC19-720-P,149.1,0.0,0.004,50.0,0.0,0.0,0.0,0.0,0.0,-0.64851,0.0,-1.0
148.95,ETH-27DEC19,1574593140396,open,3.01,0.0,2.91,3.151,3.027125,0.0,0.953,0.0,ETH-27DEC19-600-P,149.1,0.0,0.02,50.0,0.0,0.0,0.0,0.0,0.0,-0.54042,0.0,-1.0
149.12,SYN.ETH-29NOV19,1574593140392,open,0.04,633.0,0.01,0.067,0.035928,71.05,0.033,0.0,ETH-29NOV19-150-P,149.11,60.43,0.031,120.0,0.044,120.0,88.64,0.06872,-0.50073,-0.01092,0.03256,-0.51228
7129.63,SYN.BTC-6DEC19,1574593140390,open,0.08,18.3,0.0525,0.1035,0.07658784,64.36,0.084,0.0,BTC-6DEC19-6750-C,7130.48,57.75,0.0725,0.2,0.0775,18.0,65.82,4.4598,-12.08566,1.45011,0.00042,0.70172
149.06,SYN.ETH-6DEC19,1574593140416,open,0.14,0.0,0.109,0.173,0.141784,83.61,None,0.0,ETH-6DEC19-130-C,149.1,63.77,0.134,40.0,0.144,40.0,88.49,0.0662,-0.23305,0.03372,0.01095,0.83705
149.06,SYN.ETH-6DEC19,1574593140419,open,0.2,0.0,0.172,0.229,0.200942,89.54,None,0.0,ETH-6DEC19-120-C,149.1,0.0,0.194,1.0,0.0,0.0,0.0,0.03896,-0.14686,0.035,0.00602,0.92267
148.96,ETH-27DEC19,1574593140427,open,0.74,946.0,0.696,0.81,0.749872,98.42,0.3,0.0,ETH-27DEC19-260-P,149.1,0.0,0.745,50.0,0.99,1.0,350.61,0.03938,-0.05894,-0.22927,0.002,-0.95891
7125.8,BTC-27DEC19,1574593140431,open,0.4,532.9,0.3785,0.4475,0.41008999,72.85,0.4215,0.0,BTC-27DEC19-10000-P,7130.48,41.58,0.4035,0.1,0.419,0.1,89.55,3.02279,-3.34918,-8.56986,9e-05,-0.92515
148.95,ETH-27DEC19,1574593140429,open,0.61,2355.0,0.567,0.674,0.617463,92.7,0.495,0.0,ETH-27DEC19-240-P,149.1,0.0,0.611,50.0,0.631,1.0,120.31,0.05154,-0.07266,-0.20928,0.00278,-0.94244
148.95,ETH-27DEC19,1574593140437,open,0.48,2833.0,0.437,0.538,0.485246,84.52,0.399,0.0,ETH-27DEC19-220-P,149.1,0.0,0.477,50.0,0.824,1.0,400.53,0.06593,-0.08475,-0.18864,0.0039,-0.92084
7124.49,BTC-27DEC19,1574593140448,open,3.18,0.2,3.128,3.2955,3.20990541,0.0,2.51,0.0,BTC-27DEC19-30000-P,7130.48,0.0,0.0,0.0,0.0,0.0,0.0,0.0,0.0,-27.02112,0.0,-1.0
149.09,SYN.ETH-29NOV19,1574593140448,open,0.21,722.0,0.173,0.249,0.208865,89.36,0.2,0.0,ETH-29NOV19-180-P,149.1,77.99,0.208,8.0,0.224,1.0,161.24,0.01428,-0.13091,-0.02332,0.00538,-0.96186
7125.8,BTC-27DEC19,1574593140476,open,0.25,71.5,0.2185,0.264,0.23990031,74.12,0.25,0.0,BTC-27DEC19-5500-C,7130.48,65.02,0.2355,6.1,0.2445,0.1,82.22,3.78244,-4.26368,4.2298,0.00011,0.89893
7125.8,BTC-27DEC19,1574593140481,open,0.31,66.8,0.287,0.3265,0.30509348,81.67,0.4645,0.0,BTC-27DEC19-5000-C,7130.48,67.19,0.301,6.1,0.313,6.0,100.22,2.49538,-3.09943,4.08501,7e-05,0.94156
7187.29,BTC-27MAR20,1574593140486,open,2.05,5.6,2.0035,2.151,2.07030722,98.34,1.545,0.0,BTC-27MAR20-22000-P,7130.48,0.0,0.0,0.0,0.0,0.0,0.0,4.16834,-1.65461,-73.726,2e-05,-0.95216
7125.8,BTC-27DEC19,1574593140497,open,0.18,112.3,0.155,0.207,0.17967034,69.14,0.27,0.0,BTC-27DEC19-6000-C,7130.48,62.91,0.175,6.0,0.184,0.1,74.59,5.52351,-5.80807,4.13841,0.00017,0.82446
7125.8,BTC-27DEC19,1574593140500,open,0.38,21.6,0.357,0.391,0.37259335,90.97,0.5285,0.0,BTC-27DEC19-4500-C,7130.48,65.48,0.369,7.0,0.3765,0.1,105.06,1.62831,-2.25293,3.8062,4e-05,0.96562
7125.8,BTC-27DEC19,1574593140508,open,0.38,21.6,0.357,0.391,0.37259335,90.97,0.5285,0.0,BTC-27DEC19-4500-C,7130.48,65.48,0.369,7.1,0.3765,0.1,105.06,1.62831,-2.25293,3.8062,4e-05,0.96562
7124.49,BTC-27DEC19,1574593140513,open,2.62,0.0,2.5775,2.723,2.64860718,0.0,None,0.0,BTC-27DEC19-26000-P,7130.48,0.0,0.0,0.0,0.0,0.0,0.0,0.0,0.0,-23.4183,0.0,-1.0
7124.49,BTC-27DEC19,1574593140513,open,4.01,1.3,3.9535,4.155,4.05188056,0.0,3.212,0.0,BTC-27DEC19-36000-P,7130.48,0.0,0.0,0.0,0.0,0.0,0.0,0.0,0.0,-32.42534,0.0,-1.0
7130.9,SYN.BTC-29NOV19,1574593140519,open,0.18,288.8,0.169,0.2195,0.19259236,72.49,0.1815,0.0,BTC-29NOV19-8500-P,7130.48,0.0,0.1715,2.0,0.201,2.0,126.86,0.39847,-2.96206,-1.11699,8e-05,-0.98003
7130.9,SYN.BTC-29NOV19,1574593140521,open,0.29,11.0,0.272,0.3245,0.29723866,79.07,0.291,0.0,BTC-29NOV19-9250-P,7130.48,0.0,0.2755,2.0,0.3125,2.0,193.49,0.06498,-0.52686,-1.23326,1e-05,-0.99746
7130.9,SYN.BTC-29NOV19,1574593140523,open,0.32,114.2,0.3065,0.3595,0.33205983,0.0,0.3315,0.0,BTC-29NOV19-9500-P,7130.48,0.0,0.31,2.0,0.348,2.0,208.24,0.0,0.0,-1.26902,0.0,-1.0
7129.63,SYN.BTC-6DEC19,1574593140543,open,0.08,18.3,0.0525,0.1035,0.07658784,64.36,0.084,0.0,BTC-6DEC19-6750-C,7130.48,56.92,0.072,18.0,0.0775,18.0,65.82,4.4598,-12.08566,1.45011,0.00042,0.70172
7125.8,BTC-27DEC19,1574593140587,open,0.1,835.0,0.078,0.142,0.10735492,63.85,0.1075,0.0,BTC-27DEC19-7500-P,7130.48,60.57,0.1035,14.4,0.1085,1.6,64.82,8.40742,-8.16378,-4.33463,0.00029,-0.56801
7125.8,BTC-27DEC19,1574593140669,open,0.18,112.3,0.155,0.207,0.17967034,69.14,0.27,0.0,BTC-27DEC19-6000-C,7130.48,62.21,0.1745,6.0,0.184,0.1,74.59,5.52351,-5.80807,4.13841,0.00017,0.82446
7125.8,BTC-27DEC19,1574593140680,open,0.01,457.4,0.002,0.0275,0.01168295,74.0,0.009,0.0,BTC-27DEC19-5500-P,7130.48,70.73,0.01,38.0,0.0125,24.0,75.52,3.77461,-4.24829,-0.72184,0.00011,-0.10078
7130.9,SYN.BTC-29NOV19,1574593140685,open,0.05,617.8,0.0385,0.0915,0.06164953,60.55,0.06,0.0,BTC-29NOV19-7500-P,7130.48,55.92,0.06,6.1,0.0645,7.0,68.15,2.59835,-16.13406,-0.77665,0.00063,-0.75369
7125.8,BTC-27DEC19,1574593140685,open,0.51,4.3,0.4995,0.5245,0.51059705,115.44,0.5625,0.0,BTC-27DEC19-3500-C,7130.48,0.0,0.507,8.0,0.5135,8.1,136.14,0.71733,-1.25944,3.05747,1e-05,0.98697
7130.9,SYN.BTC-29NOV19,1574593140685,open,0.05,617.8,0.0385,0.0915,0.06164953,60.55,0.06,0.0,BTC-29NOV19-7500-P,7130.48,55.92,0.06,6.1,0.064,1.1,66.84,2.59835,-16.13406,-0.77665,0.00063,-0.75369
7125.8,BTC-27DEC19,1574593140703,open,0.15,954.0,0.1255,0.1925,0.1563702,63.6,0.15,0.0,BTC-27DEC19-8000-P,7130.48,60.85,0.1535,14.4,0.1585,1.8,65.62,7.48831,-7.24383,-5.46586,0.00026,-0.69524
7125.8,BTC-27DEC19,1574593140713,open,0.15,954.0,0.1255,0.1925,0.1563702,63.6,0.15,0.0,BTC-27DEC19-8000-P,7130.48,60.85,0.1535,14.4,0.1575,1.0,64.68,7.48831,-7.24383,-5.46586,0.00026,-0.69524
7188.6,BTC-27MAR20,1574593140751,open,0.09,254.6,0.053,0.129,0.08575709,71.54,0.0825,0.0,BTC-27MAR20-9000-C,7130.48,70.52,0.0835,9.0,0.092,19.0,74.37,15.81763,-4.56775,6.94456,0.00013,0.3704
7125.8,BTC-27DEC19,1574593140762,open,0.06,447.6,0.032,0.0835,0.05487992,63.88,0.056,0.0,BTC-27DEC19-7500-C,7130.48,63.98,0.055,2.0,0.057,22.4,65.67,8.40769,-8.1682,2.42087,0.00029,0.43207
7130.9,SYN.BTC-29NOV19,1574593140784,open,0.04,194.9,0.018,0.0645,0.03868018,62.55,0.038,0.0,BTC-29NOV19-7000-C,7130.48,50.73,0.0335,22.1,0.039,18.2,63.27,3.15033,-20.20697,0.549,0.00074,0.61502
7130.9,SYN.BTC-29NOV19,1574593140786,open,0.04,194.9,0.018,0.0645,0.03868018,62.55,0.038,0.0,BTC-29NOV19-7000-C,7130.48,51.88,0.034,1.0,0.039,18.2,63.27,3.15033,-20.20697,0.549,0.00074,0.61502
7188.6,BTC-27MAR20,1574593140846,open,0.12,744.1,0.084,0.165,0.12010871,70.05,0.123,0.0,BTC-27MAR20-8000-C,7130.48,68.92,0.1175,8.0,0.1255,8.8,72.37,16.67899,-4.71572,8.7037,0.00014,0.47686
7187.29,BTC-27MAR20,1574593140854,open,0.25,19.3,0.2115,0.2865,0.24627984,70.75,0.252,0.0,BTC-27MAR20-6000-C,7130.48,68.21,0.2415,7.1,0.25,17.0,72.71,13.57437,-3.87626,12.04953,0.00011,0.74026
7251.4,SYN.BTC-26JUN20,1574593140860,open,0.28,190.5,0.2335,0.348,0.28509294,72.36,0.2755,0.0,BTC-26JUN20-8000-P,7130.48,68.73,0.274,2.0,0.2895,8.0,73.81,22.08405,-3.71864,-31.80339,0.0001,-0.45991
7251.4,SYN.BTC-26JUN20,1574593140885,open,0.19,233.7,0.1505,0.2525,0.19624792,71.76,0.18,0.0,BTC-26JUN20-7000-P,7130.48,67.7,0.1845,10.5,0.2045,12.0,74.62,20.95403,-3.49899,-24.05132,9e-05,-0.36716
7130.9,SYN.BTC-29NOV19,1574593140886,open,0.39,33.2,0.375,0.4305,0.40231131,0.0,0.316,0.0,BTC-29NOV19-10000-P,7130.48,0.0,0.379,2.0,0.4225,2.0,249.63,0.0,0.0,-1.33581,0.0,-1.0
148.95,ETH-27DEC19,1574593140891,open,3.82,0.0,3.695,3.984,3.833838,120.0,None,0.0,ETH-27DEC19-720-P,149.1,0.0,0.004,50.0,0.0,0.0,0.0,3e-05,-5e-05,-0.64851,0.0,-0.99999
7125.8,BTC-27DEC19,1574593140907,open,0.38,21.6,0.357,0.391,0.37259335,90.97,0.5285,0.0,BTC-27DEC19-4500-C,7130.48,65.48,0.369,7.0,0.3765,0.1,105.06,1.62831,-2.25293,3.8062,4e-05,0.96562
7125.8,BTC-27DEC19,1574593140908,open,0.25,71.5,0.2185,0.264,0.23990031,74.12,0.25,0.0,BTC-27DEC19-5500-C,7130.48,65.02,0.2355,6.0,0.2445,0.1,82.22,3.78244,-4.26368,4.2298,0.00011,0.89893
151.55,SYN.ETH-26JUN20,1574593140909,open,3.24,0.0,3.109,3.406,3.248336,107.0,None,0.0,ETH-26JUN20-640-P,149.1,0.0,0.01,50.0,0.0,0.0,0.0,0.18796,-0.0468,-3.71046,0.0013,-0.91055
7251.4,SYN.BTC-26JUN20,1574593140919,open,0.38,101.3,0.3315,0.4545,0.38722012,73.62,0.38,0.0,BTC-26JUN20-9000-P,7130.48,68.94,0.373,2.0,0.3985,11.0,77.32,22.0855,-3.78347,-39.57492,0.0001,-0.53983
7188.6,BTC-27MAR20,1574593140922,open,0.12,744.1,0.084,0.165,0.12010871,70.05,0.123,0.0,BTC-27MAR20-8000-C,7130.48,68.92,0.1175,8.0,0.1255,8.0,72.37,16.67899,-4.71572,8.7037,0.00014,0.47686
7125.8,BTC-27DEC19,1574593140979,open,0.72,0.0,0.7095,0.729,0.71934983,126.05,None,0.0,BTC-27DEC19-2000-C,7130.48,0.0,0.713,10.0,0.723,10.1,222.0,0.01578,-0.03025,1.80003,0.0,0.99981
7125.8,BTC-27DEC19,1574593141028,open,0.18,112.3,0.155,0.207,0.17967034,69.14,0.27,0.0,BTC-27DEC19-6000-C,7130.48,62.21,0.1745,6.1,0.184,0.1,74.59,5.52351,-5.80807,4.13841,0.00017,0.82446
7125.8,BTC-27DEC19,1574593141029,open,0.51,4.3,0.4995,0.5245,0.51059705,115.44,0.5625,0.0,BTC-27DEC19-3500-C,7130.48,0.0,0.507,8.1,0.5135,8.1,136.14,0.71733,-1.25944,3.05747,1e-05,0.98697
7125.8,BTC-27DEC19,1574593141035,open,0.01,457.4,0.002,0.0275,0.01168295,74.0,0.009,0.0,BTC-27DEC19-5500-P,7130.48,70.73,0.01,48.0,0.0125,24.0,75.52,3.77461,-4.24829,-0.72184,0.00011,-0.10078
7124.23,BTC-27DEC19,1574593141056,open,2.9,0.2,2.8525,3.0095,2.92925199,0.0,2.2765,0.0,BTC-27DEC19-28000-P,7130.48,0.0,0.0,0.0,0.0,0.0,0.0,0.0,0.0,-25.21971,0.0,-1.0
148.95,ETH-27DEC19,1574593141061,open,2.21,21.0,2.13,2.323,2.222656,120.0,0.629,0.0,ETH-27DEC19-480-P,149.1,0.0,0.002,50.0,0.0,0.0,0.0,0.00161,-0.00293,-0.43221,7e-05,-0.99893
7129.55,SYN.BTC-29NOV19,1574593141112,open,0.74,0.0,0.7195,0.789,0.75293507,0.0,None,0.0,BTC-29NOV19-12500-P,7130.48,0.0,0.0,0.0,0.0,0.0,0.0,0.0,0.0,-1.66976,0.0,-1.0
7129.63,SYN.BTC-6DEC19,1574593141144,open,0.03,115.5,0.016,0.0615,0.03550868,61.55,0.03,0.0,BTC-6DEC19-7000-P,7130.48,58.88,0.0335,18.0,0.0375,7.0,64.58,5.00698,-12.97562,-1.03924,0.00049,-0.41263
148.95,ETH-27DEC19,1574593141157,open,2.48,37.0,2.391,2.6,2.491148,120.0,0.707,0.0,ETH-27DEC19-520-P,149.1,0.0,0.003,50.0,0.0,0.0,0.0,0.00079,-0.00145,-0.46831,3e-05,-0.9995
7130.9,SYN.BTC-29NOV19,1574593141171,open,0.05,617.8,0.039,0.0915,0.06188709,60.55,0.06,0.0,BTC-29NOV19-7500-P,7130.48,55.92,0.06,6.1,0.0645,7.0,68.15,2.59835,-16.13406,-0.77665,0.00063,-0.75369
7187.59,BTC-27MAR20,1574593141196,open,0.69,54.9,0.6565,0.767,0.70616363,77.45,0.77,0.0,BTC-27MAR20-12000-P,7130.48,37.8,0.6705,0.1,0.88,1.0,161.02,11.03752,-3.45046,-37.19667,8e-05,-0.81869
7125.8,BTC-27DEC19,1574593141203,open,0.15,954.0,0.126,0.1925,0.15664613,63.6,0.15,0.0,BTC-27DEC19-8000-P,7130.48,60.85,0.1535,14.4,0.158,1.8,65.15,7.48831,-7.24383,-5.46586,0.00026,-0.69524
150.26,ETH-27MAR20,1574593141211,open,1.68,7.0,1.595,1.797,1.689916,109.69,1.77,0.0,ETH-27MAR20-400-P,149.1,0.0,1.623,5.0,1.703,5.0,120.7,0.1674,-0.07412,-1.31405,0.00199,-0.88737
7124.23,BTC-27DEC19,1574593141217,open,0.38,21.6,0.357,0.391,0.37257162,91.45,0.5285,0.0,BTC-27DEC19-4500-C,7130.48,56.87,0.3685,7.0,0.3765,0.1,105.45,1.65415,-2.30057,3.80117,4e-05,0.96495
7124.23,BTC-27DEC19,1574593141232,open,2.34,0.0,2.3035,2.4375,2.36810586,0.0,None,0.0,BTC-27DEC19-24000-P,7129.02,0.0,0.0,0.0,0.0,0.0,0.0,0.0,0.0,-21.61689,0.0,-1.0
7122.77,BTC-27DEC19,1574593141232,open,0.27,933.5,0.2455,0.3125,0.27637808,65.82,0.265,0.0,BTC-27DEC19-9000-P,7129.02,47.71,0.267,0.1,0.284,0.1,76.24,4.73169,-4.73671,-7.29772,0.00016,-0.86113
7122.77,BTC-27DEC19,1574593141232,open,2.06,4.9,2.027,2.151,2.08752204,0.0,2.217,0.0,BTC-27DEC19-22000-P,7129.02,0.0,0.0,0.0,0.0,0.0,0.0,0.0,0.0,-19.81549,0.0,-1.0
7187.59,BTC-27MAR20,1574593141232,open,3.69,0.0,3.6395,3.845,3.73575282,116.68,None,0.0,BTC-27MAR20-34000-P,7129.02,0.0,0.0,0.0,0.0,0.0,0.0,2.51326,-1.18362,-114.8927,1e-05,-0.97419
7122.77,BTC-27DEC19,1574593141232,open,6.24,0.8,6.155,6.4465,6.29742626,0.0,3.59,0.0,BTC-27DEC19-52000-P,7129.02,0.0,0.001,1.0,0.0,0.0,0.0,0.0,0.0,-46.83661,0.0,-1.0
7187.59,BTC-27MAR20,1574593141232,open,1.5,0.0,1.461,1.593,1.52025713,93.56,1.23,0.0,BTC-27MAR20-18000-P,7129.02,0.0,0.0,0.0,0.0,0.0,0.0,6.16701,-2.32892,-59.55075,4e-05,-0.92098
7187.59,BTC-27MAR20,1574593141232,open,3.97,0.0,3.912,4.1265,4.0128475,116.34,None,0.0,BTC-27MAR20-36000-P,7129.02,0.0,0.0,0.0,0.0,0.0,0.0,2.09216,-0.98242,-121.77526,1e-05,-0.97924
7122.77,BTC-27DEC19,1574593141232,open,0.67,73.0,0.652,0.727,0.68662094,81.61,0.3805,0.0,BTC-27DEC19-12000-P,7129.02,0.0,0.19,0.1,0.0,0.0,0.0,1.13783,-1.41233,-10.67702,3e-05,-0.97763
7122.77,BTC-27DEC19,1574593141232,open,5.13,0.0,5.054,5.3005,5.17474533,0.0,3.46,0.0,BTC-27DEC19-44000-P,7129.02,0.0,0.001,1.0,0.0,0.0,0.0,0.0,0.0,-39.63097,0.0,-1.0
7187.59,BTC-27MAR20,1574593141232,open,4.52,1.0,4.456,4.6935,4.56794431,116.52,4.54,0.0,BTC-27MAR20-40000-P,7129.02,0.0,0.0005,2.0,0.0,0.0,0.0,1.52034,-0.71501,-135.47398,1e-05,-0.98572
7122.77,BTC-27DEC19,1574593141233,open,1.51,9.4,1.4785,1.579,1.5273862,106.77,1.1125,0.0,BTC-27DEC19-18000-P,7129.02,0.0,0.0,0.0,0.0,0.0,0.0,0.20374,-0.33084,-16.19432,0.0,-0.99686
7122.77,BTC-27DEC19,1574593141233,open,0.54,248.6,0.515,0.5865,0.54780103,77.54,0.6155,0.0,BTC-27DEC19-11000-P,7129.02,0.0,0.45,0.3,0.88,1.0,400.78,1.84034,-2.17026,-9.67361,5e-05,-0.96005
7122.77,BTC-27DEC19,1574593141232,open,0.95,268.3,0.928,1.009,0.96665242,94.45,0.7205,0.0,BTC-27DEC19-14000-P,7129.02,0.0,0.0,0.0,0.0,0.0,0.0,0.69034,-0.99163,-12.53706,2e-05,-0.98753
7122.77,BTC-27DEC19,1574593141232,open,2.9,0.2,2.8545,3.011,2.93026126,0.0,2.2765,0.0,BTC-27DEC19-28000-P,7129.02,0.0,0.0,0.0,0.0,0.0,0.0,0.0,0.0,-25.21971,0.0,-1.0
7122.77,BTC-27DEC19,1574593141232,open,4.57,0.0,4.504,4.728,4.61340495,0.0,2.58,0.0,BTC-27DEC19-40000-P,7129.02,0.0,0.001,1.0,0.0,0.0,0.0,0.0,0.0,-36.02816,0.0,-1.0
7129.55,SYN.BTC-29NOV19,1574593141233,open,0.95,0.0,0.9255,1.0035,0.96328611,0.0,None,0.0,BTC-29NOV19-14000-P,7129.02,0.0,0.0,0.0,0.0,0.0,0.0,0.0,0.0,-1.87013,0.0,-1.0
7122.77,BTC-27DEC19,1574593141233,open,1.79,3.6,1.752,1.866,1.8070651,0.0,1.729,0.0,BTC-27DEC19-20000-P,7129.02,0.0,0.0,0.0,0.0,0.0,0.0,0.0,0.0,-18.01408,0.0,-1.0
7122.77,BTC-27DEC19,1574593141233,open,0.4,532.9,0.3785,0.4475,0.41013882,71.6,0.4215,0.0,BTC-27DEC19-10000-P,7129.02,0.0,0.4035,0.1,0.419,0.1,88.68,2.88819,-3.14499,-8.59401,9e-05,-0.92943
7187.59,BTC-27MAR20,1574593141233,open,3.42,0.0,3.367,3.5645,3.45881741,116.56,None,0.0,BTC-27MAR20-32000-P,7129.02,0.0,0.001,1.0,0.0,0.0,0.0,2.96377,-1.39439,-107.99924,1e-05,-0.96854
7122.77,BTC-27DEC19,1574593141234,open,4.01,1.3,3.9555,4.157,4.05299383,0.0,3.212,0.0,BTC-27DEC19-36000-P,7129.02,0.0,0.0,0.0,0.0,0.0,0.0,0.0,0.0,-32.42534,0.0,-1.0
7122.77,BTC-27DEC19,1574593141234,open,3.46,0.3,3.403,3.5825,3.49072634,0.0,2.744,0.0,BTC-27DEC19-32000-P,7129.02,0.0,0.0,0.0,0.0,0.0,0.0,0.0,0.0,-28.82253,0.0,-1.0
7187.59,BTC-27MAR20,1574593141234,open,3.15,0.0,3.0955,3.283,3.18228655,116.47,None,0.0,BTC-27MAR20-30000-P,7129.02,0.0,0.0,0.0,0.0,0.0,0.0,3.50837,-1.64926,-101.07854,2e-05,-0.96136
7128.22,SYN.BTC-6DEC19,1574593141232,open,0.24,0.0,0.2135,0.2535,0.23189177,90.82,None,0.0,BTC-6DEC19-5500-C,7129.02,0.0,0.224,5.0,0.247,5.0,142.98,1.28291,-4.90548,1.67018,9e-05,0.95203
7122.77,BTC-27DEC19,1574593141234,open,0.81,99.0,0.79,0.869,0.82690996,91.02,0.638,0.0,BTC-27DEC19-13000-P,7129.02,0.0,0.7,0.2,0.0,0.0,0.0,1.00941,-1.39733,-11.59598,2e-05,-0.98058
7186.13,BTC-27MAR20,1574593141234,open,2.05,5.6,2.005,2.1515,2.07161724,99.73,1.545,0.0,BTC-27MAR20-22000-P,7129.02,0.0,0.0,0.0,0.0,0.0,0.0,4.38509,-1.7651,-73.66932,3e-05,-0.94902
7122.77,BTC-27DEC19,1574593141234,open,3.18,0.2,3.1295,3.2975,3.21083311,0.0,2.51,0.0,BTC-27DEC19-30000-P,7129.02,0.0,0.0,0.0,0.0,0.0,0.0,0.0,0.0,-27.02112,0.0,-1.0
7186.13,BTC-27MAR20,1574593141235,open,1.77,5.2,1.7335,1.8725,1.79599334,97.23,1.108,0.0,BTC-27MAR20-20000-P,7129.02,0.0,0.0,0.0,0.0,0.0,0.0,5.23059,-2.05281,-66.63506,3e-05,-0.93622
7186.13,BTC-27MAR20,1574593141235,open,2.32,0.0,2.277,2.4375,2.34985371,105.36,None,0.0,BTC-27MAR20-24000-P,7129.02,0.0,0.0005,5.0,0.0,0.0,0.0,4.22669,-1.79748,-80.51118,2e-05,-0.95132
7122.77,BTC-27DEC19,1574593141235,open,2.62,0.0,2.579,2.7245,2.64941114,0.0,None,0.0,BTC-27DEC19-26000-P,7129.02,0.0,0.0,0.0,0.0,0.0,0.0,0.0,0.0,-23.4183,0.0,-1.0
7186.13,BTC-27MAR20,1574593141235,open,2.59,0.0,2.5495,2.716,2.62578572,106.05,None,0.0,BTC-27MAR20-26000-P,7129.02,0.0,0.0,0.0,0.0,0.0,0.0,3.47204,-1.48627,-87.49741,2e-05,-0.96184
7186.13,BTC-27MAR20,1574593141235,open,2.87,0.0,2.822,3.0015,2.90419831,110.9,None,0.0,BTC-27MAR20-28000-P,7129.02,0.0,0.0,0.0,0.0,0.0,0.0,3.41335,-1.52795,-94.30677,2e-05,-0.96263
7250.95,SYN.BTC-26JUN20,1574593141232,open,2.58,0.0,2.5245,2.713,2.60925357,96.98,None,0.0,BTC-26JUN20-26000-P,7129.02,0.0,0.0,0.0,0.0,0.0,0.0,8.99435,-2.02972,-150.24714,3e-05,-0.91054
7186.13,BTC-27MAR20,1574593141236,open,0.96,59.9,0.921,1.0355,0.97216482,81.83,0.955,0.0,BTC-27MAR20-14000-P,7129.02,0.0,0.4,0.5,0.0,0.0,0.0,8.51624,-2.81281,-45.10115,6e-05,-0.8771
7129.55,SYN.BTC-29NOV19,1574593141232,open,0.2,0.0,0.1775,0.218,0.19575031,111.24,None,0.0,BTC-29NOV19-5750-C,7129.02,0.0,0.1865,4.0,0.2085,4.0,181.9,0.72724,-8.29575,0.72671,0.0001,0.95881
7122.77,BTC-27DEC19,1574593141236,open,1.09,211.0,1.0645,1.153,1.10640296,93.17,0.959,0.0,BTC-27DEC19-15000-P,7129.02,0.0,0.0,0.0,0.0,0.0,0.0,0.35318,-0.50048,-13.47638,1e-05,-0.99419
7122.77,BTC-27DEC19,1574593141237,open,5.68,0.0,5.6045,5.8735,5.73608578,0.0,None,0.0,BTC-27DEC19-48000-P,7129.02,0.0,0.0005,1.0,0.0,0.0,0.0,0.0,0.0,-43.23379,0.0,-1.0
148.95,ETH-27DEC19,1574593141238,open,3.01,0.0,2.912,3.153,3.028206,120.0,0.953,0.0,ETH-27DEC19-600-P,149.1,0.0,0.02,50.0,0.0,0.0,0.0,0.0002,-0.00036,-0.54041,1e-05,-0.99989
7129.55,SYN.BTC-29NOV19,1574593141232,open,0.81,0.0,0.788,0.8605,0.82305166,0.0,None,0.0,BTC-29NOV19-13000-P,7129.02,0.0,0.0,0.0,0.0,0.0,0.0,0.0,0.0,-1.73655,0.0,-1.0
7250.95,SYN.BTC-26JUN20,1574593141234,open,3.12,0.0,3.063,3.269,3.15622704,100.31,None,0.0,BTC-26JUN20-30000-P,7129.02,0.0,0.0,0.0,0.0,0.0,0.0,7.64336,-1.78416,-174.33558,2e-05,-0.92788
7250.95,SYN.BTC-26JUN20,1574593141232,open,2.04,0.0,1.9875,2.1605,2.06458872,92.93,None,0.0,BTC-26JUN20-22000-P,7129.02,0.0,0.11,1.0,0.0,0.0,0.0,10.80219,-2.33591,-125.90506,4e-05,-0.88495
7129.55,SYN.BTC-29NOV19,1574593141234,open,1.09,0.0,1.063,1.147,1.10352081,0.0,None,0.0,BTC-29NOV19-15000-P,7129.02,0.0,0.0,0.0,0.0,0.0,0.0,0.0,0.0,-2.00371,0.0,-1.0
7250.95,SYN.BTC-26JUN20,1574593141232,open,3.39,0.0,3.332,3.5445,3.42882326,100.27,None,0.0,BTC-26JUN20-32000-P,7129.02,0.0,0.0,0.0,0.0,0.0,0.0,6.72798,-1.56977,-186.43942,2e-05,-0.93883
7128.22,SYN.BTC-6DEC19,1574593141232,open,0.17,0.0,0.144,0.19,0.16574638,79.89,None,0.0,BTC-6DEC19-6000-C,7129.02,0.0,0.1565,5.0,0.183,5.0,121.6,2.29671,-7.72547,1.69723,0.00017,0.89755
7250.95,SYN.BTC-26JUN20,1574593141234,open,2.85,0.0,2.794,2.993,2.88379731,99.82,None,0.0,BTC-26JUN20-28000-P,7129.02,0.0,0.0,0.0,0.0,0.0,0.0,8.55118,-1.98618,-162.21599,3e-05,-0.91638
7250.95,SYN.BTC-26JUN20,1574593141234,open,2.3,0.0,2.2545,2.432,2.33411191,93.22,None,0.0,BTC-26JUN20-24000-P,7129.02,0.0,0.0,0.0,0.0,0.0,0.0,9.3393,-2.02588,-138.30331,3e-05,-0.90587
7186.13,BTC-27MAR20,1574593141246,open,3.97,0.0,3.9115,4.1275,4.0128475,112.51,None,0.0,BTC-27MAR20-36000-P,7129.02,0.0,0.0,0.0,0.0,0.0,0.0,1.72572,-0.78371,-121.85289,1e-05,-0.98344
7124.23,BTC-27DEC19,1574593141264,open,0.06,737.6,0.042,0.0985,0.06704017,63.66,0.054,0.0,BTC-27DEC19-7000-P,7129.02,61.93,0.065,1.0,0.069,0.6,65.33,8.38101,-8.11443,-3.16115,0.00029,-0.42559
7122.77,BTC-27DEC19,1574593141265,open,0.4,532.9,0.379,0.447,0.41013882,71.6,0.4215,0.0,BTC-27DEC19-10000-P,7129.02,37.73,0.404,0.1,0.419,0.1,88.68,2.88819,-3.14499,-8.59401,9e-05,-0.92943
7122.77,BTC-27DEC19,1574593141272,open,0.25,71.5,0.2185,0.264,0.23975494,74.37,0.25,0.0,BTC-27DEC19-5500-C,7129.02,64.54,0.235,6.0,0.2445,0.1,82.67,3.80732,-4.30637,4.22269,0.00011,0.89796
7187.59,BTC-27MAR20,1574593141270,open,0.69,54.9,0.6565,0.7675,0.70616363,77.45,0.77,0.0,BTC-27MAR20-12000-P,7129.02,39.96,0.671,0.1,0.88,1.0,161.02,11.03752,-3.45046,-37.19667,8e-05,-0.81869
7122.77,BTC-27DEC19,1574593141278,open,0.15,954.0,0.126,0.1925,0.15664613,63.52,0.15,0.0,BTC-27DEC19-8000-P,7129.02,60.5,0.1535,14.4,0.158,2.9,64.81,7.47309,-7.21974,-5.47236,0.00026,-0.69634
7250.95,SYN.BTC-26JUN20,1574593141285,open,0.38,101.3,0.3315,0.455,0.38738742,73.66,0.38,0.0,BTC-26JUN20-9000-P,7129.02,68.92,0.373,8.0,0.3985,11.0,77.3,22.08461,-3.78517,-39.57595,0.0001,-0.53975
7122.77,BTC-27DEC19,1574593141287,open,0.15,954.0,0.126,0.1925,0.15664613,63.52,0.15,0.0,BTC-27DEC19-8000-P,7129.02,60.5,0.1535,14.4,0.158,1.1,64.81,7.47309,-7.21974,-5.47236,0.00026,-0.69634
7129.55,SYN.BTC-29NOV19,1574593141290,open,0.39,33.2,0.3755,0.433,0.40271955,104.39,0.316,0.0,BTC-29NOV19-10000-P,7129.02,0.0,0.3795,2.0,0.4225,2.0,248.74,0.07622,-0.81598,-1.33302,1e-05,-0.99696
151.55,SYN.ETH-26JUN20,1574593141299,open,2.98,0.0,2.853,3.135,2.9854,104.43,None,0.0,ETH-26JUN20-600-P,149.1,0.0,0.01,50.0,0.0,0.0,0.0,0.19496,-0.04738,-3.47184,0.00138,-0.90603
7124.23,BTC-27DEC19,1574593141307,open,0.72,0.0,0.7095,0.729,0.71933959,139.18,None,0.0,BTC-27DEC19-2000-C,7129.02,0.0,0.713,10.0,0.7225,0.1,217.3,0.04337,-0.0918,1.79725,0.0,0.99942
7129.55,SYN.BTC-29NOV19,1574593141332,open,0.04,194.9,0.018,0.0645,0.03851063,62.41,0.038,0.0,BTC-29NOV19-7000-C,7129.02,50.99,0.0335,22.1,0.039,18.2,63.52,3.1517,-20.17141,0.54828,0.00074,0.61421
148.95,ETH-27DEC19,1574593141357,open,3.55,1.0,3.434,3.707,3.565292,120.0,2.792,0.0,ETH-27DEC19-680-P,149.1,0.0,0.02,50.0,0.0,0.0,0.0,5e-05,-9e-05,-0.61248,0.0,-0.99997
7124.23,BTC-27DEC19,1574593141360,open,0.72,0.0,0.7095,0.729,0.71933959,139.18,None,0.0,BTC-27DEC19-2000-C,7129.02,0.0,0.713,10.0,0.722,10.0,211.47,0.04337,-0.0918,1.79725,0.0,0.99942
7250.95,SYN.BTC-26JUN20,1574593141384,open,0.28,190.5,0.2335,0.348,0.28522747,72.39,0.2755,0.0,BTC-26JUN20-8000-P,7129.02,68.71,0.274,8.0,0.2895,8.0,73.8,22.08252,-3.71987,-31.80597,0.0001,-0.45988
148.95,ETH-27DEC19,1574593141401,open,2.75,0.0,2.652,2.876,2.75967,120.0,0.845,0.0,ETH-27DEC19-560-P,149.09,0.0,0.02,50.0,0.0,0.0,0.0,0.00039,-0.00072,-0.50437,2e-05,-0.99976
150.25,ETH-27MAR20,1574593141401,open,2.99,0.0,2.88,3.139,3.001911,114.0,None,0.0,ETH-27MAR20-600-P,149.09,0.0,0.03,50.0,0.0,0.0,0.0,0.07515,-0.03458,-2.02038,0.00086,-0.96018
148.95,ETH-27DEC19,1574593141401,open,4.08,1.0,3.955,4.26,4.102041,0.0,3.236,0.0,ETH-27DEC19-760-P,149.09,0.0,0.02,50.0,0.0,0.0,0.0,0.0,0.0,-0.68454,0.0,-1.0
150.24,ETH-27MAR20,1574593141401,open,2.73,0.0,2.621,2.866,2.736247,110.27,None,0.0,ETH-27MAR20-560-P,149.09,0.0,0.02,50.0,0.0,0.0,0.0,0.0786,-0.03498,-1.88362,0.00093,-0.95791
148.94,ETH-27DEC19,1574593141402,open,3.28,0.0,3.173,3.43,3.296748,0.0,None,0.0,ETH-27DEC19-640-P,149.09,0.0,0.02,50.0,0.0,0.0,0.0,0.0,0.0,-0.57645,0.0,-1.0
151.55,SYN.ETH-26JUN20,1574593141402,open,1.18,0.0,1.094,1.293,1.1889,93.7,1.06,0.0,ETH-26JUN20-320-P,149.09,0.0,0.01,50.0,1.205,1.0,100.13,0.36808,-0.08025,-1.73146,0.00291,-0.75181
149.08,SYN.ETH-29NOV19,1574593141401,open,0.27,2.0,0.238,0.319,0.276146,111.07,0.058,0.0,ETH-29NOV19-190-P,149.09,0.0,0.274,11.0,0.33,1.0,300.0,0.01299,-0.14798,-0.02474,0.00394,-0.96603
149.05,SYN.ETH-6DEC19,1574593141401,open,0.01,10.0,0.001,0.02,0.005864,88.96,0.006,0.0,ETH-6DEC19-120-P,149.09,76.09,0.003,200.0,0.008,1.0,96.64,0.03852,-0.14427,-0.00398,0.00599,-0.0762
151.55,SYN.ETH-26JUN20,1574593141401,open,0.38,357.0,0.31,0.457,0.382743,84.98,0.37,0.0,ETH-26JUN20-180-P,149.09,72.97,0.346,210.0,0.42,1.0,97.22,0.46299,-0.09155,-0.76546,0.00403,-0.47522
149.05,SYN.ETH-6DEC19,1574593141401,open,0.27,0.0,0.24,0.291,0.265358,102.9,None,0.0,ETH-6DEC19-110-C,149.09,55.34,0.262,1.0,0.0,0.0,0.0,0.02404,-0.10414,0.0336,0.00323,0.95814
149.08,SYN.ETH-29NOV19,1574593141401,open,0.0,580.0,0.001,0.018,0.003852,87.66,0.012,0.0,ETH-29NOV19-130-P,149.09,65.66,0.001,17.0,0.006,200.0,98.87,0.02572,-0.23116,-0.00168,0.00988,-0.08041
149.08,SYN.ETH-29NOV19,1574593141401,open,0.26,0.0,0.24,0.287,0.262773,121.32,None,0.0,ETH-29NOV19-110-C,149.09,0.0,0.262,1.0,0.0,0.0,0.0,0.00562,-0.0699,0.01443,0.00156,0.98739
149.08,SYN.ETH-29NOV19,1574593141401,open,0.0,0.0,0.001,0.011,0.000594,119.98,None,0.0,ETH-29NOV19-110-P,149.09,0.0,0.0,0.0,0.003,201.0,156.82,0.00533,-0.06555,-0.00025,0.0015,-0.01186
149.08,SYN.ETH-29NOV19,1574593141401,open,0.14,172.0,0.108,0.182,0.143411,77.75,0.12,0.0,ETH-29NOV19-170-P,149.09,0.0,0.121,17.0,0.151,1.0,110.18,0.0252,-0.20096,-0.02121,0.01092,-0.92169
151.55,SYN.ETH-26JUN20,1574593141401,open,0.42,0.0,0.379,0.463,0.421494,84.85,None,0.0,ETH-26JUN20-100-C,149.09,28.25,0.342,1.0,0.0,0.0,0.0,0.29146,-0.05755,0.36669,0.00254,0.8325
149.05,SYN.ETH-6DEC19,1574593141401,open,0.0,1.0,0.001,0.013,0.003337,102.59,0.011,0.0,ETH-6DEC19-110-P,149.09,82.9,0.001,20.0,0.006,201.0,116.69,0.02385,-0.103,-0.00217,0.00322,-0.04145
149.08,SYN.ETH-29NOV19,1574593141401,open,0.13,0.0,0.102,0.161,0.131882,87.99,None,0.0,ETH-29NOV19-130-C,149.09,41.48,0.128,1.0,0.134,40.0,99.0,0.0259,-0.23367,0.01567,0.00991,0.91884
148.94,ETH-27DEC19,1574593141414,open,0.22,2.0,0.185,0.25,0.217984,82.94,0.346,0.0,ETH-27DEC19-120-C,149.09,0.0,0.194,51.0,0.0,0.0,0.0,0.10898,-0.13747,0.08338,0.00658,0.8395
149.05,SYN.ETH-6DEC19,1574593141416,open,0.27,0.0,0.24,0.291,0.265358,102.9,None,0.0,ETH-6DEC19-110-C,149.09,0.0,0.261,1.0,0.0,0.0,0.0,0.02404,-0.10414,0.0336,0.00323,0.95814
149.08,SYN.ETH-29NOV19,1574593141421,open,0.27,2.0,0.238,0.32,0.276146,111.07,0.058,0.0,ETH-29NOV19-190-P,149.09,0.0,0.274,11.0,0.331,1.0,302.48,0.01299,-0.14798,-0.02474,0.00394,-0.96603
151.55,SYN.ETH-26JUN20,1574593141427,open,0.49,80.0,0.414,0.575,0.493289,88.81,0.262,0.0,ETH-26JUN20-200-P,149.09,71.2,0.44,210.0,0.509,210.0,93.95,0.46287,-0.09566,-0.90979,0.00385,-0.52645
149.08,SYN.ETH-29NOV19,1574593141430,open,0.13,0.0,0.102,0.161,0.131882,87.99,None,0.0,ETH-29NOV19-130-C,149.09,0.0,0.127,1.0,0.134,40.0,99.0,0.0259,-0.23367,0.01567,0.00991,0.91884
7124.23,BTC-27DEC19,1574593141483,open,0.06,737.6,0.042,0.0985,0.06704017,63.66,0.054,0.0,BTC-27DEC19-7000-P,7129.02,61.93,0.065,1.0,0.0695,8.0,65.75,8.38101,-8.11443,-3.16115,0.00029,-0.42559
7122.77,BTC-27DEC19,1574593141529,open,0.38,21.6,0.357,0.3915,0.37257162,91.96,0.5285,0.0,BTC-27DEC19-4500-C,7129.02,60.84,0.3685,7.1,0.3765,0.1,105.8,1.68213,-2.35274,3.79569,4e-05,0.96421
7122.77,BTC-27DEC19,1574593141565,open,0.15,954.0,0.126,0.1925,0.15664613,63.52,0.15,0.0,BTC-27DEC19-8000-P,7129.02,60.5,0.1535,14.4,0.1585,2.1,65.28,7.47309,-7.21974,-5.47236,0.00026,-0.69634
7122.77,BTC-27DEC19,1574593141577,open,0.15,954.0,0.126,0.1925,0.15664613,63.52,0.15,0.0,BTC-27DEC19-8000-P,7129.02,60.5,0.1535,14.4,0.1595,1.0,66.22,7.47309,-7.21974,-5.47236,0.00026,-0.69634
7122.77,BTC-27DEC19,1574593141581,open,0.15,954.0,0.126,0.1925,0.15664613,63.52,0.15,0.0,BTC-27DEC19-8000-P,7129.02,60.5,0.1535,14.4,0.158,1.9,64.81,7.47309,-7.21974,-5.47236,0.00026,-0.69634
7122.77,BTC-27DEC19,1574593141615,open,0.15,954.0,0.126,0.1925,0.15664613,63.52,0.15,0.0,BTC-27DEC19-8000-P,7129.02,60.5,0.1535,14.4,0.159,1.9,65.75,7.47309,-7.21974,-5.47236,0.00026,-0.69634
7122.77,BTC-27DEC19,1574593141624,open,0.15,954.0,0.126,0.1925,0.15664613,63.52,0.15,0.0,BTC-27DEC19-8000-P,7129.02,60.5,0.1535,14.4,0.1585,1.9,65.28,7.47309,-7.21974,-5.47236,0.00026,-0.69634
7122.77,BTC-27DEC19,1574593141643,open,0.15,954.0,0.126,0.1925,0.15664613,63.52,0.15,0.0,BTC-27DEC19-8000-P,7129.02,60.5,0.1535,14.4,0.1585,2.7,65.28,7.47309,-7.21974,-5.47236,0.00026,-0.69634
7129.55,SYN.BTC-29NOV19,1574593141660,open,0.04,194.9,0.018,0.0645,0.03851063,62.41,0.038,0.0,BTC-29NOV19-7000-C,7129.02,52.14,0.034,1.1,0.039,18.2,63.52,3.1517,-20.17141,0.54828,0.00074,0.61421
7122.77,BTC-27DEC19,1574593141673,open,0.15,954.0,0.126,0.1925,0.15664613,63.52,0.15,0.0,BTC-27DEC19-8000-P,7129.02,60.5,0.1535,14.4,0.1585,0.8,65.28,7.47309,-7.21974,-5.47236,0.00026,-0.69634
7129.55,SYN.BTC-29NOV19,1574593141718,open,0.04,194.9,0.018,0.0645,0.03851063,62.41,0.038,0.0,BTC-29NOV19-7000-C,7129.02,50.99,0.0335,22.1,0.039,18.2,63.52,3.1517,-20.17141,0.54828,0.00074,0.61421
7122.77,BTC-27DEC19,1574593141791,open,0.4,532.9,0.379,0.447,0.41013882,71.6,0.4215,0.0,BTC-27DEC19-10000-P,7129.02,48.25,0.4045,0.1,0.419,0.1,88.68,2.88819,-3.14499,-8.59401,9e-05,-0.92943
7122.77,BTC-27DEC19,1574593141792,open,0.25,71.5,0.2185,0.264,0.23975494,74.37,0.25,0.0,BTC-27DEC19-5500-C,7129.02,64.54,0.235,6.1,0.2445,0.1,82.67,3.80732,-4.30637,4.22269,0.00011,0.89796
7187.59,BTC-27MAR20,1574593141808,open,0.69,54.9,0.6565,0.7675,0.70616363,77.45,0.77,0.0,BTC-27MAR20-12000-P,7129.02,41.67,0.6715,0.1,0.88,1.0,161.02,11.03752,-3.45046,-37.19667,8e-05,-0.81869
7129.55,SYN.BTC-29NOV19,1574593141837,open,0.04,194.9,0.018,0.0645,0.03851063,62.41,0.038,0.0,BTC-29NOV19-7000-C,7129.02,52.14,0.034,0.8,0.039,18.2,63.52,3.1517,-20.17141,0.54828,0.00074,0.61421
7122.77,BTC-27DEC19,1574593141857,open,0.15,954.0,0.126,0.1925,0.15664613,63.52,0.15,0.0,BTC-27DEC19-8000-P,7129.02,60.5,0.1535,14.4,0.159,2.1,65.75,7.47309,-7.21974,-5.47236,0.00026,-0.69634
7129.55,SYN.BTC-29NOV19,1574593141868,open,0.04,194.9,0.018,0.0645,0.03851063,62.41,0.038,0.0,BTC-29NOV19-7000-C,7129.02,50.99,0.0335,22.1,0.039,18.2,63.52,3.1517,-20.17141,0.54828,0.00074,0.61421
7122.77,BTC-27DEC19,1574593141880,open,0.15,954.0,0.126,0.1925,0.15664613,63.52,0.15,0.0,BTC-27DEC19-8000-P,7129.02,60.5,0.1535,14.4,0.1595,0.8,66.22,7.47309,-7.21974,-5.47236,0.00026,-0.69634
7122.77,BTC-27DEC19,1574593141924,open,0.15,954.0,0.126,0.1925,0.15664613,63.52,0.15,0.0,BTC-27DEC19-8000-P,7129.02,60.5,0.1535,14.4,0.16,1.9,66.69,7.47309,-7.21974,-5.47236,0.00026,-0.69634
7122.77,BTC-27DEC19,1574593141927,open,0.15,954.0,0.126,0.1925,0.15664613,63.52,0.15,0.0,BTC-27DEC19-8000-P,7129.02,60.5,0.1535,14.4,0.159,1.1,65.75,7.47309,-7.21974,-5.47236,0.00026,-0.69634
7122.77,BTC-27DEC19,1574593141962,open,0.15,954.0,0.126,0.1925,0.15664613,63.52,0.15,0.0,BTC-27DEC19-8000-P,7129.02,60.5,0.1535,14.4,0.16,1.1,66.69,7.47309,-7.21974,-5.47236,0.00026,-0.69634
7122.77,BTC-27DEC19,1574593141973,open,0.15,954.0,0.126,0.1925,0.15664613,63.52,0.15,0.0,BTC-27DEC19-8000-P,7129.02,60.5,0.1535,14.4,0.1605,19.4,67.16,7.47309,-7.21974,-5.47236,0.00026,-0.69634
7122.77,BTC-27DEC19,1574593142034,open,0.15,954.0,0.126,0.1925,0.15664613,63.52,0.15,0.0,BTC-27DEC19-8000-P,7129.02,60.5,0.1535,14.4,0.159,1.8,65.75,7.47309,-7.21974,-5.47236,0.00026,-0.69634
7122.62,BTC-27DEC19,1574593142045,open,2.34,0.0,2.303,2.4375,2.36810586,0.0,None,0.0,BTC-27DEC19-24000-P,7129.02,0.0,0.0,0.0,0.0,0.0,0.0,0.0,0.0,-21.61689,0.0,-1.0
7122.77,BTC-27DEC19,1574593142052,open,0.15,954.0,0.126,0.1925,0.15664613,63.52,0.15,0.0,BTC-27DEC19-8000-P,7129.02,60.5,0.1535,14.4,0.1595,0.9,66.22,7.47309,-7.21974,-5.47236,0.00026,-0.69634
7122.77,BTC-27DEC19,1574593142060,open,0.15,954.0,0.126,0.1925,0.15664613,63.52,0.15,0.0,BTC-27DEC19-8000-P,7129.02,60.5,0.1535,14.4,0.1605,19.4,67.16,7.47309,-7.21974,-5.47236,0.00026,-0.69634
7129.55,SYN.BTC-29NOV19,1574593142065,open,0.15,224.6,0.135,0.185,0.15824779,68.55,0.1455,0.0,BTC-29NOV19-8250-P,7129.02,0.0,0.151,3.0,0.163,1.1,98.78,0.64747,-4.55178,-1.06906,0.00014,-0.96428
7122.77,BTC-27DEC19,1574593142067,open,0.27,933.5,0.2455,0.3125,0.27637808,65.82,0.265,0.0,BTC-27DEC19-9000-P,7129.02,49.07,0.2675,3.0,0.284,0.1,76.24,4.73169,-4.73671,-7.29772,0.00016,-0.86113
7122.77,BTC-27DEC19,1574593142063,open,0.15,954.0,0.126,0.1925,0.15664613,63.52,0.15,0.0,BTC-27DEC19-8000-P,7129.02,60.5,0.1535,14.4,0.159,1.0,65.75,7.47309,-7.21974,-5.47236,0.00026,-0.69634
7122.77,BTC-27DEC19,1574593142068,open,0.02,1583.9,0.009,0.043,0.02169368,69.05,0.0195,0.0,BTC-27DEC19-6000-P,7129.02,66.84,0.02,12.0,0.023,19.8,70.72,5.52676,-5.80375,-1.26716,0.00018,-0.17582
7187.59,BTC-27MAR20,1574593142081,open,0.33,101.0,0.2905,0.3945,0.33774947,71.49,0.32,0.0,BTC-27MAR20-9000-P,7129.02,68.4,0.331,4.0,0.342,2.0,73.41,15.81051,-4.56204,-23.60568,0.00013,-0.62995
7122.77,BTC-27DEC19,1574593142088,open,0.15,954.0,0.126,0.193,0.15700858,63.52,0.15,0.0,BTC-27DEC19-8000-P,7129.02,60.5,0.1535,14.4,0.159,2.9,65.75,7.47309,-7.21974,-5.47236,0.00026,-0.69634
7122.77,BTC-27DEC19,1574593142095,open,0.15,954.0,0.126,0.193,0.15700858,63.52,0.15,0.0,BTC-27DEC19-8000-P,7129.02,60.5,0.1535,14.4,0.159,1.9,65.75,7.47309,-7.21974,-5.47236,0.00026,-0.69634
7122.77,BTC-27DEC19,1574593142131,open,0.15,954.0,0.126,0.193,0.15700858,63.52,0.15,0.0,BTC-27DEC19-8000-P,7129.02,60.5,0.1535,14.4,0.1595,1.8,66.22,7.47309,-7.21974,-5.47236,0.00026,-0.69634
7122.77,BTC-27DEC19,1574593142138,open,0.15,954.0,0.126,0.193,0.15700858,63.52,0.15,0.0,BTC-27DEC19-8000-P,7129.02,60.5,0.1535,14.4,0.16,1.8,66.69,7.47309,-7.21974,-5.47236,0.00026,-0.69634
7128.22,SYN.BTC-6DEC19,1574593142139,open,0.07,53.0,0.05,0.1055,0.0756924,60.6,0.0575,0.0,BTC-6DEC19-7500-P,7129.02,58.25,0.074,18.0,0.0795,23.0,66.52,4.71511,-12.03056,-1.70421,0.00047,-0.65926
7129.55,SYN.BTC-29NOV19,1574593142166,open,0.15,224.6,0.135,0.1855,0.15845923,68.55,0.1455,0.0,BTC-29NOV19-8250-P,7129.02,0.0,0.156,1.0,0.163,1.1,98.78,0.64747,-4.55178,-1.06906,0.00014,-0.96428
7122.77,BTC-27DEC19,1574593142181,open,0.15,954.0,0.126,0.193,0.15700858,63.52,0.15,0.0,BTC-27DEC19-8000-P,7129.02,60.5,0.1535,14.4,0.1605,19.4,67.16,7.47309,-7.21974,-5.47236,0.00026,-0.69634
7126.71,SYN.BTC-6DEC19,1574593142193,open,0.15,11.3,0.1375,0.1935,0.1633791,63.17,0.105,0.0,BTC-6DEC19-8250-P,7129.02,0.0,0.1405,3.0,0.177,3.0,93.69,2.41428,-6.42124,-2.44296,0.00023,-0.89019
7126.71,SYN.BTC-6DEC19,1574593142193,open,0.19,0.0,0.1705,0.2265,0.19654035,65.47,0.219,0.0,BTC-6DEC19-8500-P,7129.02,0.0,0.0,0.0,0.0,0.0,0.0,1.83675,-5.06326,-2.59844,0.00017,-0.92408
7126.71,SYN.BTC-6DEC19,1574593142195,open,0.36,0.0,0.3415,0.399,0.36865084,75.13,None,0.0,BTC-6DEC19-9750-P,7129.02,0.0,0.0,0.0,0.0,0.0,0.0,0.4125,-1.30473,-3.14486,3e-05,-0.98762
7126.71,SYN.BTC-6DEC19,1574593142195,open,0.22,0.0,0.2045,0.2595,0.23002694,65.88,None,0.0,BTC-6DEC19-8750-P,7129.02,0.0,0.0,0.0,0.0,0.0,0.0,1.27691,-3.54157,-2.74152,0.00012,-0.9523
7126.71,SYN.BTC-6DEC19,1574593142195,open,0.29,0.0,0.273,0.3285,0.29896421,70.08,None,0.0,BTC-6DEC19-9250-P,7129.02,0.0,0.0,0.0,0.0,0.0,0.0,0.69445,-2.04903,-2.95919,6e-05,-0.97723
7126.71,SYN.BTC-6DEC19,1574593142195,open,0.32,0.0,0.307,0.3645,0.33403705,75.92,None,0.0,BTC-6DEC19-9500-P,7129.02,0.0,0.0,0.0,0.0,0.0,0.0,0.65251,-2.08561,-3.04427,5e-05,-0.97885
7126.71,SYN.BTC-6DEC19,1574593142195,open,0.25,0.0,0.2385,0.295,0.26474563,70.68,None,0.0,BTC-6DEC19-9000-P,7129.02,0.0,0.0,0.0,0.0,0.0,0.0,1.0769,-3.20469,-2.84305,9e-05,-0.96137
7122.77,BTC-27DEC19,1574593142195,open,0.15,954.0,0.126,0.193,0.15700858,63.52,0.15,0.0,BTC-27DEC19-8000-P,7129.02,60.5,0.1535,14.4,0.1595,1.8,66.22,7.47309,-7.21974,-5.47236,0.00026,-0.69634
7124.23,BTC-27DEC19,1574593142206,open,0.72,0.0,0.7095,0.729,0.71927777,139.18,None,0.0,BTC-27DEC19-2000-C,7129.02,0.0,0.713,10.0,0.722,10.1,211.47,0.04337,-0.0918,1.79725,0.0,0.99942
7122.77,BTC-27DEC19,1574593142212,open,0.15,954.0,0.126,0.193,0.15700858,63.52,0.15,0.0,BTC-27DEC19-8000-P,7129.02,60.5,0.1535,14.4,0.1605,19.4,67.16,7.47309,-7.21974,-5.47236,0.00026,-0.69634
7122.77,BTC-27DEC19,1574593142217,open,0.15,954.0,0.126,0.193,0.15700858,63.52,0.15,0.0,BTC-27DEC19-8000-P,7129.02,60.5,0.1535,14.4,0.16,1.1,66.69,7.47309,-7.21974,-5.47236,0.00026,-0.69634
7186.51,BTC-27MAR20,1574593142239,open,0.0,91.5,0.0005,0.0215,0.00517671,116.11,0.0035,0.0,BTC-27MAR20-34000-C,7129.15,110.52,0.0035,12.0,0.0055,25.0,117.04,2.44915,-1.14777,0.48416,1e-05,0.02503
7122.62,BTC-27DEC19,1574593142239,open,0.4,532.9,0.3795,0.4475,0.41070688,72.9,0.4215,0.0,BTC-27DEC19-10000-P,7129.15,47.92,0.4045,0.1,0.419,0.1,88.64,3.01741,-3.34546,-8.57083,9e-05,-0.92528
7186.51,BTC-27MAR20,1574593142239,open,1.22,1.1,1.1895,1.31,1.24337792,85.9,1.08,0.0,BTC-27MAR20-16000-P,7129.15,0.0,0.0,0.0,0.0,0.0,0.0,6.72233,-2.3308,-52.5539,4e-05,-0.91136
7122.62,BTC-27DEC19,1574593142239,open,6.24,0.8,6.1605,6.4525,6.30053055,0.0,3.59,0.0,BTC-27DEC19-52000-P,7129.15,0.0,0.001,1.0,0.0,0.0,0.0,0.0,0.0,-46.83661,0.0,-1.0
7122.62,BTC-27DEC19,1574593142239,open,0.54,248.6,0.516,0.5865,0.54844029,79.78,0.6155,0.0,BTC-27DEC19-11000-P,7129.15,0.0,0.45,0.3,0.88,1.0,400.75,2.02566,-2.45777,-9.64522,6e-05,-0.95501
7122.62,BTC-27DEC19,1574593142239,open,2.34,0.0,2.305,2.4395,2.36960929,120.0,None,0.0,BTC-27DEC19-24000-P,7129.15,0.0,0.0,0.0,0.0,0.0,0.0,0.05212,-0.09512,-21.61278,0.0,-0.9993
7186.51,BTC-27MAR20,1574593142239,open,3.97,0.0,3.914,4.127,4.01456231,119.42,None,0.0,BTC-27MAR20-36000-P,7129.15,0.0,0.0,0.0,0.0,0.0,0.0,2.40753,-1.16048,-121.70695,1e-05,-0.97548
7122.62,BTC-27DEC19,1574593142239,open,1.23,18.0,1.2025,1.296,1.24700344,103.09,1.261,0.0,BTC-27DEC19-16000-P,7129.15,0.0,0.0,0.0,0.0,0.0,0.0,0.41267,-0.64702,-14.37093,1e-05,-0.99307
7122.75,BTC-27DEC19,1574593142240,open,2.9,0.2,2.855,3.012,2.93106684,104.89,2.2765,0.0,BTC-27DEC19-28000-P,7129.15,0.0,0.0,0.0,0.0,0.0,0.0,0.00131,-0.00208,-25.21963,0.0,-0.99999
7186.51,BTC-27MAR20,1574593142240,open,4.52,1.0,4.4575,4.692,4.56872426,116.26,4.54,0.0,BTC-27MAR20-40000-P,7129.15,0.0,0.0005,2.0,0.0,0.0,0.0,1.49813,-0.70299,-135.47849,1e-05,-0.98596
7122.75,BTC-27DEC19,1574593142240,open,1.51,9.4,1.4785,1.5815,1.52799452,119.75,1.1125,0.0,BTC-27DEC19-18000-P,7129.15,0.0,0.0,0.0,0.0,0.0,0.0,0.47898,-0.87237,-16.1657,1e-05,-0.9918
7122.75,BTC-27DEC19,1574593142240,open,2.06,4.9,2.0295,2.153,2.08883479,119.42,2.217,0.0,BTC-27DEC19-22000-P,7129.15,0.0,0.0,0.0,0.0,0.0,0.0,0.10443,-0.18968,-19.80675,0.0,-0.9985
7186.51,BTC-27MAR20,1574593142241,open,3.15,0.0,3.094,3.286,3.18211372,114.78,None,0.0,BTC-27MAR20-30000-P,7129.15,0.0,0.0,0.0,0.0,0.0,0.0,3.28958,-1.52406,-101.13039,2e-05,-0.96428
7122.75,BTC-27DEC19,1574593142240,open,5.13,0.0,5.0595,5.306,5.17750213,178.57,3.46,0.0,BTC-27DEC19-44000-P,7129.15,0.0,0.001,1.0,0.0,0.0,0.0,0.06364,-0.17283,-39.62609,0.0,-0.99913
7122.75,BTC-27DEC19,1574593142242,open,3.46,0.3,3.4065,3.586,3.49263666,0.0,2.744,0.0,BTC-27DEC19-32000-P,7129.15,0.0,0.0,0.0,0.0,0.0,0.0,0.0,0.0,-28.82253,0.0,-1.0
7186.64,BTC-27MAR20,1574593142241,open,1.5,0.0,1.462,1.5935,1.5209663,94.01,1.23,0.0,BTC-27MAR20-18000-P,7129.15,0.0,0.0,0.0,0.0,0.0,0.0,6.24551,-2.36985,-59.52734,4e-05,-0.91964
7122.75,BTC-27DEC19,1574593142242,open,3.18,0.2,3.1305,3.2985,3.21184993,0.0,2.51,0.0,BTC-27DEC19-30000-P,7129.15,0.0,0.0,0.0,0.0,0.0,0.0,0.0,0.0,-27.02112,0.0,-1.0
7122.75,BTC-27DEC19,1574593142241,open,0.67,73.0,0.653,0.7265,0.68732629,85.56,0.3805,0.0,BTC-27DEC19-12000-P,7129.15,0.0,0.19,0.1,0.0,0.0,0.0,1.39468,-1.81483,-10.64205,4e-05,-0.97148
7122.75,BTC-27DEC19,1574593142241,open,1.79,3.6,1.7545,1.866,1.80825768,119.76,1.729,0.0,BTC-27DEC19-20000-P,7129.15,0.0,0.0,0.0,0.0,0.0,0.0,0.22705,-0.41354,-17.99363,0.0,-0.99646
7186.64,BTC-27MAR20,1574593142241,open,0.01,139.6,0.0005,0.021,0.00491555,118.63,0.003,0.0,BTC-27MAR20-36000-C,7129.15,113.73,0.0035,14.0,0.0055,25.0,120.37,2.32435,-1.11293,0.45367,1e-05,0.02352
7122.75,BTC-27DEC19,1574593142241,open,4.57,0.0,4.5085,4.7325,4.61579287,0.0,2.58,0.0,BTC-27DEC19-40000-P,7129.15,0.0,0.001,1.0,0.0,0.0,0.0,0.0,0.0,-36.02816,0.0,-1.0
7126.71,SYN.BTC-6DEC19,1574593142239,open,0.01,94.5,0.0005,0.0225,0.00732642,79.37,0.006,0.0,BTC-6DEC19-6000-P,7129.15,75.05,0.006,58.0,0.0075,30.0,79.91,2.27902,-7.61581,-0.25211,0.00017,-0.1014
7122.75,BTC-27DEC19,1574593142242,open,0.79,12.1,0.7795,0.799,0.7894036,0.0,0.8415,0.0,BTC-27DEC19-1500-C,7129.15,0.0,0.7835,12.0,0.7925,12.1,262.84,0.0,0.0,1.35106,0.0,1.0
7186.64,BTC-27MAR20,1574593142242,open,0.0,616.5,0.0005,0.017,0.00357373,119.88,0.0025,0.0,BTC-27MAR20-40000-C,7129.15,117.46,0.003,12.0,0.005,25.0,124.91,1.80786,-0.8748,0.33925,1e-05,0.01748
7186.64,BTC-27MAR20,1574593142242,open,3.69,0.0,3.6385,3.8465,3.73555629,114.2,None,0.0,BTC-27MAR20-34000-P,7129.15,0.0,0.0,0.0,0.0,0.0,0.0,2.24552,-1.03509,-114.95163,1e-05,-0.97743
7186.64,BTC-27MAR20,1574593142242,open,3.42,0.0,3.3665,3.566,3.4586327,114.62,None,0.0,BTC-27MAR20-32000-P,7129.15,0.0,0.001,1.0,0.0,0.0,0.0,2.7323,-1.26405,-108.05203,1e-05,-0.97147
7128.07,SYN.BTC-29NOV19,1574593142239,open,0.67,0.0,0.6505,0.7175,0.68313867,0.0,None,0.0,BTC-29NOV19-12000-P,7129.15,0.0,0.0,0.0,0.0,0.0,0.0,0.0,0.0,-1.60297,0.0,-1.0
7122.75,BTC-27DEC19,1574593142242,open,0.01,672.1,0.0035,0.0315,0.01330731,66.54,0.0175,0.0,BTC-27DEC19-9000-C,7129.15,65.33,0.0125,45.0,0.015,1.0,68.99,4.80319,-4.861,0.82542,0.00016,0.14197
7122.75,BTC-27DEC19,1574593142243,open,4.01,1.3,3.9565,4.1585,4.05421402,0.0,3.212,0.0,BTC-27DEC19-36000-P,7129.15,0.0,0.0,0.0,0.0,0.0,0.0,0.0,0.0,-32.42534,0.0,-1.0
7122.75,BTC-27DEC19,1574593142243,open,1.09,211.0,1.066,1.1525,1.10729323,104.91,0.959,0.0,BTC-27DEC19-15000-P,7129.15,0.0,0.0,0.0,0.0,0.0,0.0,0.74516,-1.18895,-13.43191,2e-05,-0.98638
7122.75,BTC-27DEC19,1574593142243,open,2.62,0.0,2.58,2.7255,2.65029232,116.48,None,0.0,BTC-27DEC19-26000-P,7129.15,0.0,0.0,0.0,0.0,0.0,0.0,0.01683,-0.02982,-23.41707,0.0,-0.99979
7186.64,BTC-27MAR20,1574593142245,open,2.32,0.0,2.2785,2.438,2.35098703,107.6,None,0.0,BTC-27MAR20-24000-P,7129.15,0.0,0.0005,5.0,0.0,0.0,0.0,4.56765,-1.98369,-80.42306,2e-05,-0.94634
7128.07,SYN.BTC-29NOV19,1574593142239,open,0.12,991.7,0.101,0.1515,0.12432443,64.02,0.0945,0.0,BTC-29NOV19-8000-P,7129.15,61.67,0.124,6.0,0.129,6.0,87.14,1.03103,-6.76864,-1.00969,0.00024,-0.93608
7186.64,BTC-27MAR20,1574593142246,open,2.87,0.0,2.8235,3.002,2.90552582,114.08,None,0.0,BTC-27MAR20-28000-P,7129.15,0.0,0.0,0.0,0.0,0.0,0.0,3.84383,-1.76988,-94.2024,2e-05,-0.95675
7122.75,BTC-27DEC19,1574593142245,open,5.68,0.0,5.61,5.879,5.73895129,0.0,None,0.0,BTC-27DEC19-48000-P,7129.15,0.0,0.0005,1.0,0.0,0.0,0.0,0.0,0.0,-43.23379,0.0,-1.0
7250.4,SYN.BTC-26JUN20,1574593142240,open,0.73,8.8,0.6775,0.815,0.73912855,78.15,0.778,0.0,BTC-26JUN20-12000-P,7129.15,0.0,0.09,1.5,0.744,2.0,79.98,19.17803,-3.48772,-61.66305,8e-05,-0.70554
7186.64,BTC-27MAR20,1574593142247,open,2.59,0.0,2.55,2.7165,2.62636454,107.72,None,0.0,BTC-27MAR20-26000-P,7129.15,0.0,0.0,0.0,0.0,0.0,0.0,3.70647,-1.61159,-87.43994,2e-05,-0.95865
7128.07,SYN.BTC-29NOV19,1574593142243,open,0.6,0.0,0.582,0.646,0.613017,0.0,None,0.0,BTC-29NOV19-11500-P,7129.15,0.0,0.0,0.0,0.0,0.0,0.0,0.0,0.0,-1.53618,0.0,-1.0
7128.07,SYN.BTC-29NOV19,1574593142243,open,0.53,13.1,0.513,0.5745,0.54291541,0.0,0.233,0.0,BTC-29NOV19-11000-P,7129.15,0.0,0.0155,0.1,0.0,0.0,0.0,0.0,0.0,-1.46939,0.0,-1.0
7128.07,SYN.BTC-29NOV19,1574593142239,open,0.36,2.0,0.341,0.3975,0.36793983,97.59,0.161,0.0,BTC-29NOV19-9750-P,7129.15,0.0,0.35,2.0,0.383,2.0,218.52,0.0812,-0.81265,-1.29941,1e-05,-0.99674
7250.4,SYN.BTC-26JUN20,1574593142239,open,1.49,2.0,1.45,1.6,1.51661501,83.38,1.5,0.0,BTC-26JUN20-18000-P,7129.15,0.0,1.1,0.5,2.1,0.1,297.33,12.09834,-2.34722,-101.64087,5e-05,-0.86467
7250.4,SYN.BTC-26JUN20,1574593142241,open,1.23,5.0,1.188,1.3365,1.25400826,83.16,1.22,0.0,BTC-26JUN20-16000-P,7129.15,0.0,0.56,1.0,2.0,0.1,382.25,14.51427,-2.80847,-88.59457,6e-05,-0.82163
7122.75,BTC-27DEC19,1574593142253,open,0.15,954.0,0.126,0.193,0.15700858,63.87,0.15,0.0,BTC-27DEC19-8000-P,7129.15,60.49,0.1535,14.4,0.1605,19.4,67.16,7.48751,-7.27271,-5.4662,0.00026,-0.69502
7128.07,SYN.BTC-29NOV19,1574593142240,open,0.32,114.2,0.307,0.36,0.33269902,0.0,0.3315,0.0,BTC-29NOV19-9500-P,7129.15,0.0,0.31,2.0,0.348,2.0,206.38,0.0,0.0,-1.26902,0.0,-1.0
7128.07,SYN.BTC-29NOV19,1574593142239,open,0.22,13.8,0.2035,0.256,0.22813277,82.46,0.17,0.0,BTC-29NOV19-8750-P,7129.15,0.0,0.212,2.0,0.243,2.0,165.96,0.35963,-3.04095,-1.15253,6e-05,-0.98229
7128.07,SYN.BTC-29NOV19,1574593142239,open,0.43,0.0,0.41,0.467,0.43790032,0.0,None,0.0,BTC-29NOV19-10250-P,7129.15,0.0,0.0,0.0,0.0,0.0,0.0,0.0,0.0,-1.3692,0.0,-1.0
7128.07,SYN.BTC-29NOV19,1574593142242,open,0.46,5.0,0.4445,0.503,0.47287472,0.0,0.25,0.0,BTC-29NOV19-10500-P,7129.15,0.0,0.0,0.0,0.0,0.0,0.0,0.0,0.0,-1.4026,0.0,-1.0
7126.71,SYN.BTC-6DEC19,1574593142239,open,0.14,4.6,0.1105,0.1585,0.13308533,72.38,0.143,0.0,BTC-6DEC19-6250-C,7129.15,59.85,0.1285,6.0,0.134,6.0,74.6,2.89095,-8.81001,1.68055,0.00024,0.85785
7250.4,SYN.BTC-26JUN20,1574593142241,open,1.77,0.1,1.719,1.882,1.79167845,89.19,1.88,0.0,BTC-26JUN20-20000-P,7129.15,0.0,0.1,1.0,2.2,0.5,237.19,11.57999,-2.40323,-113.73625,4e-05,-0.87299
7122.75,BTC-27DEC19,1574593142295,open,0.15,954.0,0.126,0.193,0.15700858,63.87,0.15,0.0,BTC-27DEC19-8000-P,7129.15,60.49,0.1535,14.4,0.16,2.1,66.69,7.48751,-7.27271,-5.4662,0.00026,-0.69502
150.24,ETH-27MAR20,1574593142313,open,0.34,1571.0,0.276,0.411,0.342331,91.24,0.364,0.0,ETH-27MAR20-180-P,149.09,72.0,0.298,1.0,0.354,300.0,96.32,0.34821,-0.12824,-0.44453,0.00498,-0.52959
7122.75,BTC-27DEC19,1574593142320,open,0.15,954.0,0.126,0.193,0.15700858,63.87,0.15,0.0,BTC-27DEC19-8000-P,7129.15,60.49,0.1535,14.4,0.1605,19.4,67.16,7.48751,-7.27271,-5.4662,0.00026,-0.69502
7122.62,BTC-27DEC19,1574593142398,open,0.27,933.5,0.246,0.313,0.27686067,66.51,0.265,0.0,BTC-27DEC19-9000-P,7129.15,50.28,0.268,0.1,0.284,0.1,76.21,4.79909,-4.85422,-7.28188,0.00016,-0.85821
7122.75,BTC-27DEC19,1574593142400,open,0.18,112.3,0.155,0.207,0.17937233,69.11,0.27,0.0,BTC-27DEC19-6000-C,7129.15,63.3,0.175,0.1,0.184,0.1,74.92,5.53024,-5.81277,4.13562,0.00018,0.824
7186.51,BTC-27MAR20,1574593142401,open,0.33,101.0,0.291,0.3945,0.33788598,71.48,0.32,0.0,BTC-27MAR20-9000-P,7129.15,68.56,0.3315,0.1,0.342,2.0,73.35,15.80601,-4.56048,-23.60918,0.00013,-0.6301
150.25,ETH-27MAR20,1574593142408,open,3.25,0.0,3.138,3.411,3.266883,115.33,None,0.0,ETH-27MAR20-640-P,149.08,0.0,0.01,50.0,0.0,0.0,0.0,0.06653,-0.03097,-2.15831,0.00075,-0.9657
150.25,ETH-27MAR20,1574593142408,open,0.17,647.0,0.118,0.226,0.170173,91.29,0.175,0.0,ETH-27MAR20-140-P,149.08,63.88,0.111,33.0,0.167,320.0,89.81,0.32251,-0.11884,-0.26272,0.00461,-0.34503
148.94,ETH-27DEC19,1574593142408,open,0.02,6996.0,0.008,0.046,0.023623,82.87,0.02,0.0,ETH-27DEC19-120-P,149.08,77.79,0.02,14.0,0.025,34.0,84.74,0.10891,-0.13726,-0.02468,0.00658,-0.16034
148.94,ETH-27DEC19,1574593142408,open,0.0,863.0,0.001,0.012,0.002015,120.01,0.002,0.0,ETH-27DEC19-340-C,149.08,119.9,0.002,133.0,0.004,160.0,132.06,0.01918,-0.03501,0.00206,0.0008,0.01736
150.25,ETH-27MAR20,1574593142408,open,0.01,886.0,0.001,0.028,0.009371,111.19,0.009,0.0,ETH-27MAR20-560-C,149.08,106.4,0.007,220.0,0.011,220.0,114.05,0.08133,-0.0365,0.01761,0.00095,0.0439
150.25,ETH-27MAR20,1574593142408,open,0.1,1180.0,0.064,0.151,0.10564,92.16,0.043,0.0,ETH-27MAR20-120-P,149.08,79.71,0.083,320.0,0.128,1.0,104.28,0.27576,-0.10258,-0.1793,0.00391,-0.24599
148.93,ETH-27DEC19,1574593142408,open,0.0,1347.0,0.001,0.011,0.000829,120.01,0.002,0.0,ETH-27DEC19-380-C,149.08,122.51,0.001,251.0,0.004,160.0,146.0,0.00952,-0.01738,0.00093,0.0004,0.00775
148.93,ETH-27DEC19,1574593142408,open,0.0,2177.0,0.001,0.014,0.003795,114.97,0.005,0.0,ETH-27DEC19-300-C,149.08,110.97,0.003,30.0,0.005,161.0,120.14,0.03179,-0.05559,0.00374,0.00138,0.03165
148.93,ETH-27DEC19,1574593142408,open,0.0,12762.0,0.001,0.011,2e-06,120.01,0.001,0.0,ETH-27DEC19-680-C,149.08,0.0,0.0,0.0,0.007,466.0,230.6,5e-05,-9e-05,0.0,0.0,3e-05
150.25,ETH-27MAR20,1574593142408,open,0.02,895.0,0.005,0.049,0.020563,110.15,0.017,0.0,ETH-27MAR20-440-C,149.08,106.12,0.017,10.0,0.02,260.0,109.54,0.13971,-0.06212,0.03436,0.00166,0.08794
148.93,ETH-27DEC19,1574593142408,open,0.0,11450.0,0.001,0.011,0.000227,120.01,0.002,0.0,ETH-27DEC19-440-C,149.08,138.4,0.001,40.0,0.003,360.0,157.65,0.00327,-0.00598,0.00028,0.00014,0.00235
150.25,ETH-27MAR20,1574593142408,open,2.46,0.0,2.364,2.597,2.473146,111.19,None,0.0,ETH-27MAR20-520-P,149.08,0.0,0.006,50.0,0.0,0.0,0.0,0.09822,-0.04408,-1.74269,0.00115,-0.94439
148.93,ETH-27DEC19,1574593142408,open,0.12,93.0,0.086,0.157,0.122063,76.72,0.149,0.0,ETH-27DEC19-140-C,149.08,72.16,0.117,96.0,0.128,1.0,82.05,0.16566,-0.19331,0.07074,0.01081,0.64939
148.93,ETH-27DEC19,1574593142408,open,0.0,2092.0,0.001,0.015,0.004261,107.87,0.009,0.0,ETH-27DEC19-280-C,149.08,106.77,0.004,23.0,0.005,34.0,110.78,0.03605,-0.05914,0.00438,0.00167,0.03688
148.93,ETH-27DEC19,1574593142409,open,1.54,0.0,1.477,1.633,1.552021,113.57,None,0.0,ETH-27DEC19-380-P,149.08,0.0,0.02,50.0,0.0,0.0,0.0,0.00643,-0.01111,-0.34167,0.00028,-0.99503
148.93,ETH-27DEC19,1574593142409,open,1.68,15.0,1.608,1.77,1.686181,115.35,1.248,0.0,ETH-27DEC19-400-P,149.08,0.0,0.002,50.0,0.0,0.0,0.0,0.0049,-0.0086,-0.35984,0.00021,-0.99633
148.93,ETH-27DEC19,1574593142409,open,1.94,0.0,1.868,2.047,1.954238,0.0,None,0.0,ETH-27DEC19-440-P,149.08,0.0,0.002,50.0,0.0,0.0,0.0,0.0,0.0,-0.39631,0.0,-1.0
148.93,ETH-27DEC19,1574593142408,open,0.0,6174.0,0.001,0.011,1e-06,120.01,0.001,0.0,ETH-27DEC19-720-C,149.08,0.0,0.0,0.0,0.004,285.0,220.47,3e-05,-5e-05,0.0,0.0,1e-05
148.93,ETH-27DEC19,1574593142409,open,0.24,4517.0,0.194,0.289,0.240344,79.5,0.277,0.0,ETH-27DEC19-180-P,149.08,60.66,0.224,340.0,0.261,340.0,99.84,0.142,-0.17169,-0.13286,0.00894,-0.75012
150.25,ETH-27MAR20,1574593142408,open,0.14,74.0,0.094,0.196,0.144248,91.28,0.145,0.0,ETH-27MAR20-180-C,149.08,83.82,0.127,1.0,0.143,300.0,90.74,0.34825,-0.12831,0.1664,0.00498,0.47057
148.93,ETH-27DEC19,1574593142410,open,0.34,0.0,0.312,0.363,0.336958,94.6,None,0.0,ETH-27DEC19-100-C,149.08,0.0,0.328,1.0,0.0,0.0,0.0,0.05406,-0.07778,0.08073,0.00286,0.93882
148.93,ETH-27DEC19,1574593142410,open,0.01,8258.0,0.001,0.023,0.008617,85.38,0.01,0.0,ETH-27DEC19-220-C,149.08,79.06,0.006,223.0,0.013,480.0,94.07,0.06745,-0.08759,0.00979,0.00395,0.0816
148.93,ETH-27DEC19,1574593142410,open,0.0,6668.0,0.001,0.011,9.8e-05,120.01,0.001,0.0,ETH-27DEC19-480-C,149.08,0.0,0.0,0.0,0.002,15.0,159.57,0.00161,-0.00293,0.00013,7e-05,0.00107
149.07,SYN.ETH-29NOV19,1574593142408,open,0.0,2082.0,0.001,0.011,0.000125,120.02,0.001,0.0,ETH-29NOV19-220-C,149.08,0.0,0.0,0.0,0.001,1.0,152.11,0.00163,-0.0187,6e-05,0.00046,0.0031
150.24,ETH-27MAR20,1574593142411,open,0.25,3953.0,0.189,0.314,0.250464,91.29,0.241,0.0,ETH-27MAR20-160-P,149.08,75.5,0.214,300.0,0.271,1.0,100.25,0.34539,-0.12727,-0.35275,0.00494,-0.44134
150.24,ETH-27MAR20,1574593142411,open,2.2,0.0,2.107,2.328,2.210594,110.62,None,0.0,ETH-27MAR20-480-P,149.08,0.0,0.004,50.0,0.0,0.0,0.0,0.11674,-0.05212,-1.60167,0.00138,-0.9306
148.93,ETH-27DEC19,1574593142411,open,0.0,21058.0,0.001,0.011,9e-06,120.01,0.007,0.0,ETH-27DEC19-600-C,149.08,0.0,0.0,0.0,0.001,100.0,170.82,0.0002,-0.00036,1e-05,1e-05,0.00011
150.24,ETH-27MAR20,1574593142411,open,0.02,834.0,0.009,0.043,0.022623,92.14,0.01,0.0,ETH-27MAR20-80-P,149.08,86.26,0.018,320.0,0.026,320.0,96.15,0.12339,-0.04589,-0.04957,0.00175,-0.0746
150.24,ETH-27MAR20,1574593142411,open,1.42,6.0,1.343,1.538,1.434362,110.15,1.188,0.0,ETH-27MAR20-360-P,149.08,0.0,1.365,6.0,1.441,6.0,114.89,0.20312,-0.09031,-1.16531,0.00241,-0.85105
150.24,ETH-27MAR20,1574593142411,open,0.01,2345.0,0.003,0.034,0.012245,111.19,0.012,0.0,ETH-27MAR20-520-C,149.08,109.23,0.011,84.0,0.014,220.0,113.77,0.0982,-0.04407,0.02211,0.00115,0.0556
151.54,SYN.ETH-26JUN20,1574593142408,open,0.29,970.0,0.225,0.359,0.291042,84.82,0.354,0.0,ETH-26JUN20-160-P,149.08,74.11,0.259,210.0,0.304,210.0,89.19,0.45048,-0.08891,-0.62043,0.00393,-0.40442
149.07,SYN.ETH-29NOV19,1574593142408,open,0.0,2875.0,0.001,0.011,6.6e-05,119.98,0.001,0.0,ETH-29NOV19-100-P,149.08,0.0,0.0,0.0,0.003,1.0,197.3,0.00089,-0.00984,-3e-05,0.00025,-0.0016
150.24,ETH-27MAR20,1574593142413,open,0.24,20.0,0.186,0.288,0.238365,91.29,0.225,0.0,ETH-27MAR20-140-C,149.08,45.27,0.139,2.0,0.0,0.0,0.0,0.3225,-0.11883,0.2124,0.00461,0.65492
151.54,SYN.ETH-26JUN20,1574593142408,open,0.17,393.0,0.116,0.233,0.17366,88.84,0.166,0.0,ETH-26JUN20-200-C,149.08,86.66,0.167,1.0,0.182,210.0,91.57,0.46284,-0.09568,0.26758,0.00385,0.4736
151.54,SYN.ETH-26JUN20,1574593142408,open,0.14,499.0,0.091,0.189,0.138477,84.83,0.188,0.0,ETH-26JUN20-120-P,149.08,76.77,0.119,210.0,0.144,210.0,87.11,0.36711,-0.07246,-0.34389,0.0032,-0.247
150.24,ETH-27MAR20,1574593142414,open,1.94,0.0,1.85,2.062,1.949206,110.15,None,0.0,ETH-27MAR20-440-P,149.08,0.0,0.003,50.0,0.0,0.0,0.0,0.13968,-0.0621,-1.45895,0.00166,-0.91208
151.54,SYN.ETH-26JUN20,1574593142408,open,0.21,1075.0,0.151,0.27,0.209095,84.82,0.219,0.0,ETH-26JUN20-140-P,149.08,75.45,0.183,210.0,0.218,210.0,88.05,0.41973,-0.08285,-0.47861,0.00366,-0.32739
151.54,SYN.ETH-26JUN20,1574593142408,open,1.94,0.0,1.839,2.071,1.947747,98.69,None,0.0,ETH-26JUN20-440-P,149.08,0.0,0.01,50.0,0.0,0.0,0.0,0.27318,-0.06274,-2.49437,0.00205,-0.84826
151.54,SYN.ETH-26JUN20,1574593142408,open,0.03,414.0,0.007,0.06,0.025582,107.22,0.024,0.0,ETH-26JUN20-640-C,149.08,104.23,0.022,140.0,0.029,140.0,109.87,0.18907,-0.04717,0.05762,0.0013,0.09017
151.54,SYN.ETH-26JUN20,1574593142410,open,0.06,686.0,0.027,0.112,0.063879,95.9,0.058,0.0,ETH-26JUN20-360-C,149.08,93.19,0.058,180.0,0.07,180.0,98.62,0.33466,-0.07468,0.12995,0.00258,0.20954
151.54,SYN.ETH-26JUN20,1574593142409,open,0.7,0.0,0.623,0.797,0.707509,88.81,None,0.0,ETH-26JUN20-240-P,149.08,0.0,0.583,1.0,0.0,0.0,0.0,0.43868,-0.09065,-1.19397,0.00365,-0.63085
151.54,SYN.ETH-26JUN20,1574593142411,open,2.72,0.0,2.599,2.87,2.725915,103.87,None,0.0,ETH-26JUN20-560-P,149.08,0.0,0.01,50.0,0.0,0.0,0.0,0.21459,-0.05187,-3.22833,0.00153,-0.89282
151.54,SYN.ETH-26JUN20,1574593142408,open,0.05,647.0,0.021,0.099,0.053504,97.74,0.05,0.0,ETH-26JUN20-400-C,149.08,96.48,0.051,11.0,0.057,140.0,99.46,0.30402,-0.06915,0.11195,0.0023,0.17899
149.07,SYN.ETH-29NOV19,1574593142408,open,0.61,0.0,0.564,0.659,0.609912,0.0,None,0.0,ETH-29NOV19-240-P,149.08,0.0,0.01,50.0,0.0,0.0,0.0,0.0,0.0,-0.03206,0.0,-1.0
151.54,SYN.ETH-26JUN20,1574593142408,open,0.02,185.0,0.01,0.043,0.023052,97.25,0.01,0.0,ETH-26JUN20-60-P,149.08,53.13,0.001,10.0,0.362,1.0,499.98,0.12595,-0.0285,-0.06801,0.00096,-0.05318
149.07,SYN.ETH-29NOV19,1574593142408,open,0.0,399.0,0.001,0.011,0.0,120.01,0.001,0.0,ETH-29NOV19-300-C,149.08,0.0,0.0,0.0,0.0,0.0,0.0,0.0,0.0,0.0,0.0,0.0
151.54,SYN.ETH-26JUN20,1574593142408,open,0.94,0.0,0.855,1.043,0.945492,91.9,None,0.0,ETH-26JUN20-280-P,149.08,0.0,0.01,50.0,0.0,0.0,0.0,0.40559,-0.08673,-1.46602,0.00326,-0.69782
149.07,SYN.ETH-29NOV19,1574593142408,open,0.34,100.0,0.303,0.387,0.342566,118.38,0.149,0.0,ETH-29NOV19-200-P,149.08,0.0,0.035,5.0,0.0,0.0,0.0,0.0079,-0.09595,-0.02636,0.00225,-0.98123
149.07,SYN.ETH-29NOV19,1574593142409,open,0.01,2293.0,0.001,0.035,0.012408,77.58,0.008,0.0,ETH-29NOV19-140-P,149.08,64.31,0.008,175.0,0.016,160.0,87.57,0.05208,-0.41435,-0.00479,0.02262,-0.2282
151.54,SYN.ETH-26JUN20,1574593142411,open,0.15,555.0,0.091,0.204,0.14639,88.84,0.155,0.0,ETH-26JUN20-220-C,149.08,83.34,0.13,180.0,0.156,180.0,92.04,0.45412,-0.09388,0.24265,0.00378,0.41838
149.07,SYN.ETH-29NOV19,1574593142414,open,0.87,0.0,0.824,0.936,0.878215,0.0,None,0.0,ETH-29NOV19-280-P,149.08,0.0,0.01,50.0,0.0,0.0,0.0,0.0,0.0,-0.0374,0.0,-1.0
151.54,SYN.ETH-26JUN20,1574593142411,open,2.2,0.0,2.091,2.336,2.206101,100.55,None,0.0,ETH-26JUN20-480-P,149.08,0.0,0.01,50.0,0.0,0.0,0.0,0.25087,-0.05869,-2.74088,0.00185,-0.86623
151.54,SYN.ETH-26JUN20,1574593142413,open,0.03,286.0,0.008,0.061,0.026568,104.63,0.027,0.0,ETH-26JUN20-600-C,149.08,101.76,0.023,140.0,0.031,140.0,107.92,0.19598,-0.04772,0.06073,0.00139,0.09465
151.54,SYN.ETH-26JUN20,1574593142410,open,0.6,0.0,0.516,0.684,0.598056,88.81,None,0.0,ETH-26JUN20-220-P,149.08,0.0,0.451,50.0,0.632,1.0,100.03,0.45409,-0.09384,-1.05252,0.00378,-0.58174
151.54,SYN.ETH-26JUN20,1574593142408,open,0.04,4.0,0.02,0.07,0.042062,86.8,0.026,0.0,ETH-26JUN20-80-P,149.08,82.13,0.036,250.0,0.048,250.0,91.18,0.20128,-0.04065,-0.12508,0.00172,-0.09814
149.07,SYN.ETH-29NOV19,1574593142408,open,1.01,0.0,0.954,1.074,1.012373,0.0,None,0.0,ETH-29NOV19-300-P,149.08,0.0,0.01,50.0,0.0,0.0,0.0,0.0,0.0,-0.04007,0.0,-1.0
149.07,SYN.ETH-29NOV19,1574593142413,open,0.01,888.0,0.001,0.029,0.009392,71.77,0.011,0.0,ETH-29NOV19-160-C,149.08,64.25,0.007,120.0,0.013,260.0,82.16,0.04944,-0.3639,0.00396,0.02321,0.20848
151.54,SYN.ETH-26JUN20,1574593142414,open,0.2,413.0,0.137,0.252,0.195072,85.0,0.2,0.0,ETH-26JUN20-180-C,149.08,81.38,0.184,210.0,0.24,5.0,99.78,0.46296,-0.09157,0.29416,0.00403,0.52481
151.54,SYN.ETH-26JUN20,1574593142414,open,0.29,90.0,0.229,0.339,0.285307,84.85,0.302,0.0,ETH-26JUN20-140-C,149.08,78.98,0.269,210.0,0.306,210.0,92.35,0.41972,-0.08287,0.34553,0.00366,0.67262
151.54,SYN.ETH-26JUN20,1574593142415,open,2.46,0.0,2.346,2.606,2.467883,103.74,None,0.0,ETH-26JUN20-520-P,149.08,0.0,0.01,50.0,0.0,0.0,0.0,0.23918,-0.05774,-2.98236,0.00171,-0.87513
7122.75,BTC-27DEC19,1574593142407,open,0.02,1583.9,0.009,0.043,0.02174124,69.11,0.0195,0.0,BTC-27DEC19-6000-P,7129.15,66.18,0.0195,31.3,0.023,19.8,70.72,5.53008,-5.81233,-1.26854,0.00018,-0.17599
151.54,SYN.ETH-26JUN20,1574593142431,open,0.02,185.0,0.01,0.043,0.023052,97.25,0.01,0.0,ETH-26JUN20-60-P,149.08,53.13,0.001,10.0,0.363,1.0,500.0,0.12595,-0.0285,-0.06801,0.00096,-0.05318
149.04,SYN.ETH-6DEC19,1574593142439,open,0.21,0.0,0.176,0.258,0.214959,80.33,None,0.0,ETH-6DEC19-180-P,149.08,0.0,0.207,1.0,0.39,1.0,351.32,0.05032,-0.17019,-0.05361,0.00867,-0.8907
149.07,SYN.ETH-29NOV19,1574593142451,open,0.2,50.0,0.171,0.226,0.197654,115.83,0.344,0.0,ETH-29NOV19-120-C,149.08,0.0,0.194,1.0,0.0,0.0,0.0,0.01656,-0.19672,0.01507,0.00482,0.95421
150.25,ETH-27MAR20,1574593142458,open,0.34,1571.0,0.276,0.411,0.342331,91.31,0.364,0.0,ETH-27MAR20-180-P,149.08,71.58,0.297,1.0,0.354,300.0,96.34,0.34825,-0.12836,-0.44449,0.00498,-0.52934
7122.75,BTC-27DEC19,1574593142531,open,0.18,112.3,0.155,0.207,0.17937233,69.11,0.27,0.0,BTC-27DEC19-6000-C,7129.15,63.99,0.1755,6.0,0.184,0.1,74.92,5.53024,-5.81277,4.13562,0.00018,0.824
7122.75,BTC-27DEC19,1574593142759,open,0.27,933.5,0.246,0.313,0.27686067,66.54,0.265,0.0,BTC-27DEC19-9000-P,7129.15,49.06,0.2675,0.1,0.284,0.1,76.24,4.80267,-4.86008,-7.28104,0.00016,-0.85806
7186.64,BTC-27MAR20,1574593142762,open,0.33,101.0,0.291,0.3945,0.33788598,71.49,0.32,0.0,BTC-27MAR20-9000-P,7129.15,68.11,0.3305,0.1,0.342,2.0,73.36,15.80696,-4.56126,-23.60844,0.00013,-0.63005
7122.75,BTC-27DEC19,1574593142860,open,0.27,933.5,0.246,0.313,0.27686067,66.54,0.265,0.0,BTC-27DEC19-9000-P,7129.15,50.34,0.268,3.0,0.284,0.1,76.24,4.80267,-4.86008,-7.28104,0.00016,-0.85806
7186.64,BTC-27MAR20,1574593142861,open,0.33,101.0,0.291,0.3945,0.33788598,71.49,0.32,0.0,BTC-27MAR20-9000-P,7129.15,68.34,0.331,4.0,0.342,2.0,73.36,15.80696,-4.56126,-23.60844,0.00013,-0.63005
7122.75,BTC-27DEC19,1574593142880,open,0.27,933.5,0.246,0.313,0.27686067,66.54,0.265,0.0,BTC-27DEC19-9000-P,7129.15,49.06,0.2675,0.1,0.284,0.1,76.24,4.80267,-4.86008,-7.28104,0.00016,-0.85806
7186.64,BTC-27MAR20,1574593142894,open,0.33,101.0,0.291,0.3945,0.33788598,71.49,0.32,0.0,BTC-27MAR20-9000-P,7129.15,68.11,0.3305,0.1,0.342,2.0,73.36,15.80696,-4.56126,-23.60844,0.00013,-0.63005
7250.4,SYN.BTC-26JUN20,1574593142900,open,0.06,443.6,0.0315,0.1105,0.06238101,81.04,0.062,0.0,BTC-26JUN20-14000-C,7129.15,80.01,0.06,3.0,0.068,18.0,83.43,16.78623,-3.16553,7.04535,7e-05,0.22744
7250.4,SYN.BTC-26JUN20,1574593142900,open,0.49,119.2,0.442,0.5725,0.50090322,75.83,0.49,0.0,BTC-26JUN20-10000-P,7129.15,63.94,0.4665,2.0,0.503,2.0,76.54,21.44612,-3.7843,-47.12743,9e-05,-0.60322
7250.4,SYN.BTC-26JUN20,1574593142900,open,0.12,278.0,0.0795,0.177,0.12177359,75.87,0.1225,0.0,BTC-26JUN20-10000-C,7129.15,74.76,0.1185,0.1,0.1285,9.0,78.13,21.44833,-3.78646,11.74463,9e-05,0.39693
7250.4,SYN.BTC-26JUN20,1574593142900,open,0.09,220.1,0.048,0.136,0.08417299,78.2,0.0845,0.0,BTC-26JUN20-12000-C,7129.15,74.29,0.074,8.0,0.0925,10.0,81.31,19.18521,-3.49114,8.98585,8e-05,0.2947
7250.4,SYN.BTC-26JUN20,1574593142900,open,0.01,112.5,0.0015,0.025,0.01100584,77.09,0.01,0.0,BTC-26JUN20-3000-P,7129.15,61.36,0.0035,10.0,0.0125,11.0,79.43,4.49051,-0.80553,-2.04552,2e-05,-0.03692
7250.4,SYN.BTC-26JUN20,1574593142900,open,0.03,872.3,0.013,0.0735,0.03341919,89.32,0.03,0.0,BTC-26JUN20-20000-C,7129.15,87.13,0.03,9.5,0.036,10.0,90.9,11.61532,-2.4141,4.01872,4e-05,0.12757
7250.4,SYN.BTC-26JUN20,1574593142900,open,0.03,25.8,0.011,0.07,0.03068571,93.06,0.041,0.0,BTC-26JUN20-22000-C,7129.15,85.53,0.0205,10.0,0.031,10.0,93.27,10.83371,-2.34591,3.6217,4e-05,0.11554
7250.4,SYN.BTC-26JUN20,1574593142900,open,0.02,78.9,0.0055,0.052,0.01909175,100.56,0.0185,0.0,BTC-26JUN20-30000-C,7129.15,95.89,0.0145,10.0,0.024,10.0,104.88,7.70208,-1.80223,2.2948,2e-05,0.07286
7250.4,SYN.BTC-26JUN20,1574593142900,open,0.03,245.2,0.0135,0.073,0.03418168,83.49,0.0375,0.0,BTC-26JUN20-18000-C,7129.15,71.47,0.017,9.5,0.0435,9.0,88.75,12.12969,-2.35648,4.33905,5e-05,0.13584
7250.4,SYN.BTC-26JUN20,1574593142900,open,0.02,14.8,0.007,0.058,0.02247057,100.02,0.023,0.0,BTC-26JUN20-28000-C,7129.15,79.69,0.0055,10.0,0.0305,10.0,106.23,8.60108,-2.00185,2.63801,3e-05,0.08428
7250.4,SYN.BTC-26JUN20,1574593142900,open,0.02,52.0,0.0075,0.0595,0.02373444,97.16,0.02,0.0,BTC-26JUN20-26000-C,7129.15,78.11,0.0065,10.0,0.025,10.0,98.16,9.03907,-2.04358,2.83144,3e-05,0.09007
7250.4,SYN.BTC-26JUN20,1574593142900,open,0.05,132.6,0.0215,0.092,0.04740085,83.24,0.048,0.0,BTC-26JUN20-16000-C,7129.15,82.54,0.046,0.1,0.052,19.0,85.49,14.53521,-2.81535,5.60782,6e-05,0.17878
7250.4,SYN.BTC-26JUN20,1574593142900,open,0.07,256.8,0.0405,0.1035,0.0667746,71.79,0.0755,0.0,BTC-26JUN20-5000-P,7129.15,66.96,0.0575,17.0,0.0685,7.0,72.67,14.13213,-2.36069,-10.15041,6e-05,-0.17103
7250.4,SYN.BTC-26JUN20,1574593142900,open,0.03,296.3,0.0145,0.0535,0.02912515,72.3,0.032,0.0,BTC-26JUN20-4000-P,7129.15,61.98,0.0175,9.0,0.0325,9.0,74.99,8.92741,-1.50185,-5.02395,4e-05,-0.08858
7250.4,SYN.BTC-26JUN20,1574593142900,open,0.24,25.2,0.187,0.283,0.23099273,71.81,0.235,0.0,BTC-26JUN20-7000-C,7129.15,66.8,0.2165,6.0,0.245,8.0,76.67,20.95197,-3.50086,17.15024,9e-05,0.6328
7250.4,SYN.BTC-26JUN20,1574593142900,open,0.18,82.1,0.1375,0.236,0.18196996,72.42,0.196,0.0,BTC-26JUN20-8000-C,7129.15,69.8,0.174,6.0,0.1965,8.0,77.2,22.08082,-3.72082,15.28719,0.0001,0.54013
7250.4,SYN.BTC-26JUN20,1574593142900,open,0.12,197.4,0.086,0.1715,0.12330822,71.78,0.11,0.0,BTC-26JUN20-6000-P,7129.15,67.1,0.1115,6.5,0.1255,2.0,72.65,18.32296,-3.06064,-16.69937,8e-05,-0.26793
7250.4,SYN.BTC-26JUN20,1574593142901,open,0.15,108.7,0.1025,0.201,0.14622815,73.68,0.16,0.0,BTC-26JUN20-9000-C,7129.15,70.65,0.137,6.0,0.157,6.0,77.22,22.08317,-3.78629,13.40543,0.0001,0.4603
7250.4,SYN.BTC-26JUN20,1574593142900,open,0.02,11.5,0.008,0.06,0.02440187,93.38,0.027,0.0,BTC-26JUN20-24000-C,7129.15,75.92,0.0075,10.0,0.0275,10.0,95.7,9.38008,-2.03822,3.00023,3e-05,0.09469
7250.4,SYN.BTC-26JUN20,1574593142900,open,0.02,19.3,0.0045,0.0455,0.01587962,100.56,0.018,0.0,BTC-26JUN20-32000-C,7129.15,99.05,0.0145,2.0,0.0185,10.0,103.23,6.79712,-1.59056,1.96769,2e-05,0.06198
7250.4,SYN.BTC-26JUN20,1574593142901,open,0.28,190.5,0.2335,0.348,0.28527367,72.39,0.2755,0.0,BTC-26JUN20-8000-P,7129.15,68.69,0.274,2.0,0.2895,2.0,73.78,22.0812,-3.71948,-31.8082,0.0001,-0.45994
7250.4,SYN.BTC-26JUN20,1574593142900,open,0.19,233.7,0.1505,0.253,0.19638347,71.78,0.18,0.0,BTC-26JUN20-7000-P,7129.15,67.68,0.1845,4.5,0.2045,6.0,74.59,20.9525,-3.49971,-24.05687,9e-05,-0.36723
7250.4,SYN.BTC-26JUN20,1574593142901,open,0.38,101.3,0.3315,0.455,0.38744482,73.65,0.38,0.0,BTC-26JUN20-9000-P,7129.15,68.9,0.373,2.0,0.3985,5.0,77.28,22.08255,-3.7846,-39.57832,0.0001,-0.53981
7122.75,BTC-27DEC19,1574593142901,open,0.0,1211.2,0.0005,0.015,0.00409728,79.89,0.0045,0.0,BTC-27DEC19-11000-C,7129.15,79.55,0.004,1.0,0.005,24.0,82.87,2.03525,-2.47285,0.26401,6e-05,0.04525
7122.75,BTC-27DEC19,1574593142901,open,0.0,942.4,0.0005,0.0125,0.00258847,85.58,0.0035,0.0,BTC-27DEC19-12000-C,7129.15,82.33,0.002,21.0,0.0035,24.0,89.8,1.39631,-1.81746,0.16662,4e-05,0.02856
7122.75,BTC-27DEC19,1574593142901,open,0.0,693.1,0.0005,0.012,0.00221292,93.87,0.0025,0.0,BTC-27DEC19-13000-C,7129.15,92.53,0.002,0.6,0.003,25.9,98.21,1.16647,-1.66539,0.13361,3e-05,0.02304
7122.62,BTC-27DEC19,1574593142901,open,0.01,457.4,0.002,0.028,0.01176715,74.07,0.009,0.0,BTC-27DEC19-5500-P,7129.15,70.63,0.01,38.0,0.0125,24.0,75.43,3.78699,-4.2659,-0.72537,0.00011,-0.1013
7122.75,BTC-27DEC19,1574593142901,open,0.01,672.1,0.0035,0.0315,0.01330731,66.54,0.0175,0.0,BTC-27DEC19-9000-C,7129.15,65.33,0.0125,37.0,0.015,1.0,68.99,4.80319,-4.861,0.82542,0.00016,0.14197
7186.51,BTC-27MAR20,1574593142901,open,0.04,1206.3,0.016,0.0715,0.03681189,77.59,0.0375,0.0,BTC-27MAR20-12000-C,7129.15,71.19,0.0275,12.0,0.0405,12.7,79.94,11.05712,-3.46281,3.53797,8e-05,0.18187
7186.64,BTC-27MAR20,1574593142901,open,0.01,459.6,0.0035,0.038,0.01329456,97.83,0.01,0.0,BTC-27MAR20-20000-C,7129.15,93.02,0.01,25.3,0.014,14.0,98.76,5.3338,-2.10611,1.27086,3e-05,0.0654
7186.51,BTC-27MAR20,1574593142901,open,0.02,1515.6,0.0055,0.0435,0.0173041,86.24,0.0165,0.0,BTC-27MAR20-16000-C,7129.15,81.34,0.013,13.0,0.02,18.0,88.99,6.78869,-2.36313,1.7687,4e-05,0.08982
7122.75,BTC-27DEC19,1574593142901,open,0.0,971.0,0.0005,0.0115,0.00159593,98.74,0.0015,0.0,BTC-27DEC19-14000-C,7129.15,93.11,0.001,48.0,0.0025,24.0,105.0,0.87801,-1.31845,0.09555,2e-05,0.01649
7122.62,BTC-27DEC19,1574593142901,open,0.06,447.6,0.032,0.0835,0.05470657,63.87,0.056,0.0,BTC-27DEC19-7500-C,7129.15,64.12,0.055,2.0,0.057,14.4,65.82,8.40053,-8.16069,2.41497,0.00029,0.43114
7186.51,BTC-27MAR20,1574593142901,open,0.02,267.5,0.005,0.043,0.01628309,93.97,0.0145,0.0,BTC-27MAR20-18000-C,7129.15,88.61,0.012,14.1,0.017,14.0,94.79,6.23788,-2.36596,1.55977,4e-05,0.08023
7186.64,BTC-27MAR20,1574593142901,open,0.01,162.3,0.0015,0.035,0.01122845,107.23,0.0095,0.0,BTC-27MAR20-24000-C,7129.15,98.41,0.0065,15.2,0.016,1.0,114.04,4.51237,-1.95309,1.01507,2e-05,0.05285
7186.64,BTC-27MAR20,1574593142901,open,0.01,75.3,0.0005,0.0285,0.0082836,107.22,0.007,0.0,BTC-27MAR20-26000-C,7129.15,91.15,0.0025,15.0,0.009,15.0,108.6,3.63573,-1.57346,0.78287,2e-05,0.04038
7186.51,BTC-27MAR20,1574593142901,open,0.01,63.9,0.0005,0.025,0.00651454,116.12,0.004,0.0,BTC-27MAR20-32000-C,7129.15,93.24,0.001,2.0,0.0065,15.0,116.08,2.9091,-1.36346,0.59158,1e-05,0.03077
7186.64,BTC-27MAR20,1574593142901,open,0.44,141.5,0.4055,0.5125,0.45389778,73.22,0.433,0.0,BTC-27MAR20-10000-P,7129.15,59.01,0.4275,3.0,0.4555,2.0,74.03,14.26938,-4.21738,-28.45265,0.00011,-0.71265
7186.51,BTC-27MAR20,1574593142901,open,0.0,91.5,0.0005,0.0215,0.00517671,116.11,0.0035,0.0,BTC-27MAR20-34000-C,7129.15,110.52,0.0035,2.0,0.0055,15.0,117.04,2.44915,-1.14777,0.48416,1e-05,0.02503
7186.64,BTC-27MAR20,1574593142901,open,0.01,142.6,0.0005,0.0295,0.00825294,116.12,0.006,0.0,BTC-27MAR20-30000-C,7129.15,93.73,0.0015,15.0,0.013,1.0,124.59,3.46148,-1.62234,0.72594,2e-05,0.03802
7186.64,BTC-27MAR20,1574593142901,open,0.01,217.6,0.001,0.033,0.01066017,100.52,0.008,0.0,BTC-27MAR20-22000-C,7129.15,79.23,0.002,14.0,0.014,14.5,105.41,4.51349,-1.8313,1.02934,3e-05,0.05286
7186.51,BTC-27MAR20,1574593142901,open,0.02,411.3,0.009,0.0545,0.024266,82.08,0.027,0.0,BTC-27MAR20-14000-C,7129.15,80.13,0.022,13.2,0.028,13.0,85.1,8.56651,-2.83795,2.43072,6e-05,0.12393
7186.64,BTC-27MAR20,1574593142901,open,0.0,616.5,0.0005,0.017,0.00357373,119.88,0.0025,0.0,BTC-27MAR20-40000-C,7129.15,117.46,0.003,2.0,0.005,15.0,124.91,1.80786,-0.8748,0.33925,1e-05,0.01748
7186.64,BTC-27MAR20,1574593142901,open,0.02,1256.0,0.0065,0.0355,0.01682334,79.76,0.0145,0.0,BTC-27MAR20-4000-P,7129.15,66.27,0.008,13.0,0.0185,13.0,81.92,5.4769,-1.76319,-2.06095,4e-05,-0.06768
7186.64,BTC-27MAR20,1574593142901,open,0.25,19.3,0.2115,0.2865,0.24608597,70.67,0.252,0.0,BTC-27MAR20-6000-C,7129.15,68.23,0.2415,7.1,0.25,9.0,72.74,13.57279,-3.87148,12.05349,0.00011,0.74028
7186.64,BTC-27MAR20,1574593142901,open,0.01,71.0,0.0005,0.031,0.00913095,113.55,0.0055,0.0,BTC-27MAR20-28000-C,7129.15,99.38,0.0035,15.0,0.014,1.0,121.63,3.7723,-1.729,0.80804,2e-05,0.04226
7186.51,BTC-27MAR20,1574593142901,open,0.14,141.8,0.1065,0.192,0.14486894,69.13,0.1445,0.0,BTC-27MAR20-7000-P,7129.15,65.4,0.1365,11.0,0.1465,4.0,69.86,16.11886,-4.4976,-13.16414,0.00013,-0.39487
7186.51,BTC-27MAR20,1574593142901,open,0.23,279.5,0.189,0.2865,0.23325221,70.07,0.227,0.0,BTC-27MAR20-8000-P,7129.15,63.05,0.217,5.0,0.2355,2.0,71.04,16.67359,-4.71565,-18.45388,0.00014,-0.52337
7186.64,BTC-27MAR20,1574593142901,open,0.04,204.3,0.022,0.0715,0.04175602,75.61,0.0315,0.0,BTC-27MAR20-5000-P,7129.15,66.51,0.03,11.0,0.043,11.0,76.53,9.68699,-2.95651,-4.63518,7e-05,-0.14828
7186.64,BTC-27MAR20,1574593142901,open,0.18,20.9,0.1335,0.215,0.17088701,69.15,0.1755,0.0,BTC-27MAR20-7000-C,7129.15,67.87,0.168,7.0,0.1755,1.9,71.21,16.11874,-4.49923,10.59234,0.00013,0.60517
7186.64,BTC-27MAR20,1574593142901,open,0.12,744.1,0.084,0.165,0.12006898,70.07,0.123,0.0,BTC-27MAR20-8000-C,7129.15,68.97,0.1175,8.0,0.126,10.0,72.63,16.67395,-4.71596,8.69741,0.00014,0.47666
7186.64,BTC-27MAR20,1574593142901,open,0.01,139.6,0.0005,0.021,0.00491555,118.63,0.003,0.0,BTC-27MAR20-36000-C,7129.15,113.73,0.0035,4.0,0.0055,15.0,120.37,2.32435,-1.11293,0.45367,1e-05,0.02352
7186.64,BTC-27MAR20,1574593142901,open,0.09,254.6,0.053,0.129,0.08572775,71.57,0.0825,0.0,BTC-27MAR20-9000-C,7129.15,70.55,0.0835,9.0,0.092,11.0,74.4,15.81109,-4.56726,6.93947,0.00013,0.37024
7128.07,SYN.BTC-29NOV19,1574593142966,open,0.1,26.2,0.0725,0.12,0.09515508,78.71,0.1,0.0,BTC-29NOV19-6500-C,7129.15,54.35,0.09,6.0,0.0945,6.0,76.18,1.87512,-15.1352,0.72379,0.00035,0.8553
7126.71,SYN.BTC-6DEC19,1574593142967,open,0.06,59.2,0.031,0.08,0.05358496,61.9,0.0655,0.0,BTC-6DEC19-7000-C,7129.15,56.09,0.0495,19.1,0.055,18.0,63.92,5.00962,-13.05682,1.23384,0.00049,0.5857
7126.71,SYN.BTC-6DEC19,1574593142986,open,0.14,4.6,0.1105,0.1585,0.13308533,72.38,0.143,0.0,BTC-6DEC19-6250-C,7129.15,59.85,0.1285,6.0,0.1335,6.0,73.4,2.89095,-8.81001,1.68055,0.00024,0.85785
7126.71,SYN.BTC-6DEC19,1574593142991,open,0.06,59.2,0.031,0.08,0.05358496,61.9,0.0655,0.0,BTC-6DEC19-7000-C,7129.15,56.8,0.05,4.1,0.055,18.0,63.92,5.00962,-13.05682,1.23384,0.00049,0.5857
7128.07,SYN.BTC-29NOV19,1574593142997,open,0.02,1031.5,0.0055,0.045,0.02022993,61.97,0.016,0.0,BTC-29NOV19-7000-P,7129.15,56.92,0.018,24.0,0.02,0.1,61.45,3.15228,-20.03339,-0.3871,0.00075,-0.38631
7128.07,SYN.BTC-29NOV19,1574593143007,open,0.04,194.9,0.018,0.0645,0.03840121,62.43,0.038,0.0,BTC-29NOV19-7000-C,7129.15,51.28,0.0335,22.1,0.0385,18.0,62.66,3.15374,-20.19192,0.54719,0.00074,0.61307
7126.71,SYN.BTC-6DEC19,1574593143014,open,0.06,59.2,0.031,0.08,0.05358496,61.9,0.0655,0.0,BTC-6DEC19-7000-C,7129.15,56.09,0.0495,19.1,0.055,18.0,63.92,5.00962,-13.05682,1.23384,0.00049,0.5857
7186.51,BTC-27MAR20,1574593143017,open,0.01,63.9,0.0005,0.025,0.00651454,116.12,0.004,0.0,BTC-27MAR20-32000-C,7129.15,97.2,0.0015,15.0,0.0065,15.0,116.08,2.9091,-1.36346,0.59158,1e-05,0.03077
7122.75,BTC-27DEC19,1574593143024,open,0.15,954.0,0.126,0.193,0.15700858,63.87,0.15,0.0,BTC-27DEC19-8000-P,7129.15,60.49,0.1535,14.4,0.1605,5.0,67.16,7.48751,-7.27271,-5.4662,0.00026,-0.69502
7126.71,SYN.BTC-6DEC19,1574593143068,open,0.1,13.3,0.0755,0.132,0.10191207,60.51,0.087,0.0,BTC-6DEC19-7750-P,7129.15,58.86,0.101,6.0,0.1065,6.0,68.46,3.97561,-10.12837,-2.00381,0.0004,-0.76226
7186.99,BTC-27MAR20,1574593143125,open,3.15,0.0,3.095,3.2855,3.18273621,116.68,None,0.0,BTC-27MAR20-30000-P,7129.15,0.0,0.0,0.0,0.0,0.0,0.0,3.53489,-1.66474,-101.07222,2e-05,-0.96099
7251.34,SYN.BTC-26JUN20,1574593143127,open,3.12,0.0,3.0635,3.27,3.15679046,101.05,None,0.0,BTC-26JUN20-30000-P,7129.15,0.0,0.0,0.0,0.0,0.0,0.0,7.8267,-1.84032,-174.27234,3e-05,-0.92561
7126.8,SYN.BTC-6DEC19,1574593143169,open,0.2,0.0,0.1785,0.221,0.19804344,84.24,None,0.0,BTC-6DEC19-5750-C,7129.15,0.0,0.1835,5.0,0.2145,5.0,131.98,1.69354,-6.00687,1.70121,0.00012,0.93171
7128.18,SYN.BTC-29NOV19,1574593143290,open,0.95,0.0,0.926,1.0045,0.9640658,175.08,None,0.0,BTC-29NOV19-14000-P,7129.15,0.0,0.0,0.0,0.0,0.0,0.0,0.01757,-0.3155,-1.86958,0.0,-0.99939
7128.18,SYN.BTC-29NOV19,1574593143292,open,0.0,544.4,0.0005,0.0125,0.00222076,65.49,0.0025,0.0,BTC-29NOV19-8000-C,7129.15,67.26,0.0025,0.2,0.003,42.0,70.2,1.08856,-7.31046,0.06316,0.00024,0.06856
7122.75,BTC-27DEC19,1574593143309,open,0.4,532.9,0.379,0.448,0.41071077,72.96,0.4215,0.0,BTC-27DEC19-10000-P,7129.15,48.2,0.4045,0.1,0.4195,0.1,89.47,3.02352,-3.35488,-8.56972,9e-05,-0.92508
7186.51,BTC-27MAR20,1574593143310,open,0.46,9.4,0.441,0.485,0.460237,79.74,0.585,0.0,BTC-27MAR20-4000-C,7129.15,71.56,0.4545,7.0,0.4645,7.0,85.1,5.47521,-1.76225,11.51543,4e-05,0.93235
7186.64,BTC-27MAR20,1574593143354,open,0.02,1256.0,0.007,0.0355,0.01683387,79.76,0.0145,0.0,BTC-27MAR20-4000-P,7129.15,66.27,0.008,13.1,0.0185,13.0,81.92,5.4769,-1.76319,-2.06095,4e-05,-0.06768
7186.64,BTC-27MAR20,1574593143356,open,0.35,1.1,0.3175,0.38,0.34601604,75.66,0.4535,0.0,BTC-27MAR20-5000-C,7129.15,69.1,0.3375,6.0,0.3505,6.1,78.89,9.69078,-2.95951,12.33043,7e-05,0.85163
7186.64,BTC-27MAR20,1574593143359,open,0.04,204.3,0.022,0.0715,0.04175146,75.61,0.0315,0.0,BTC-27MAR20-5000-P,7129.15,66.51,0.03,11.1,0.043,11.0,76.53,9.68699,-2.95651,-4.63518,7e-05,-0.14828
7122.62,BTC-27DEC19,1574593143421,open,0.45,30.9,0.428,0.457,0.44088904,101.17,0.5735,0.0,BTC-27DEC19-4000-C,7129.15,67.06,0.4385,7.0,0.4445,0.1,119.69,1.03863,-1.59817,3.45799,2e-05,0.97992
7128.18,SYN.BTC-29NOV19,1574593143488,open,0.0,654.2,0.0005,0.0105,0.00056827,91.41,0.001,0.0,BTC-29NOV19-9000-C,7129.15,89.84,0.0005,165.5,0.001,0.9,99.24,0.323,-3.02798,0.01433,5e-05,0.01562
7251.34,SYN.BTC-26JUN20,1574593143521,open,0.98,11.5,0.9295,1.073,0.99329689,81.14,0.99,0.0,BTC-26JUN20-14000-P,7129.15,0.0,0.5,1.0,0.0,0.0,0.0,16.81083,-3.17383,-75.35894,7e-05,-0.77202
7122.64,BTC-27DEC19,1574593143534,open,0.0,383.4,0.0005,0.011,0.00114464,110.07,0.0015,0.0,BTC-27DEC19-16000-C,7129.15,108.35,0.001,5.0,0.0015,16.9,113.73,0.62709,-1.04978,0.06428,1e-05,0.01116
7128.18,SYN.BTC-29NOV19,1574593143534,open,0.0,468.6,0.0005,0.0105,3.69e-06,120.0,0.0005,0.0,BTC-29NOV19-12000-C,7129.15,0.0,0.0,0.0,0.0005,0.1,178.72,0.00368,-0.0263,0.0001,0.0,0.00011
7251.34,SYN.BTC-26JUN20,1574593143628,open,3.39,0.0,3.3325,3.5455,3.42942589,101.16,None,0.0,BTC-26JUN20-32000-P,7129.15,0.0,0.0,0.0,0.0,0.0,0.0,6.94262,-1.63421,-186.36805,2e-05,-0.93632
7122.62,BTC-27DEC19,1574593143652,open,0.01,457.4,0.002,0.028,0.01176939,74.07,0.009,0.0,BTC-27DEC19-5500-P,7129.15,70.63,0.01,48.0,0.0125,24.0,75.43,3.78699,-4.2659,-0.72537,0.00011,-0.1013
7122.64,BTC-27DEC19,1574593143711,open,0.0,530.9,0.0005,0.0105,2.48e-06,120.0,0.0005,0.0,BTC-27DEC19-32000-C,7129.15,0.0,0.0,0.0,0.0005,0.9,170.38,0.00296,-0.0054,0.00019,0.0,3e-05
