underlying_price,underlying_index,timestamp,state,settlement_price,open_interest,min_price,max_price,mark_price,mark_iv,last_price,interest_rate,instrument_name,index_price,bid_iv,best_bid_price,best_bid_amount,best_ask_price,best_ask_amount,ask_iv,vega,theta,rho,gamma,delta
254.15,index_price,1558522740019,open,0.0,555.0,0.001,0.041,0.001064,108.17,0.005,0,ETH-31MAY19-180-P,254.15,0.0,0.0,0.0,0.002,100.0,119.93,0.01638,-0.09982,-0.00109,0.00096,-0.01661
8011.4,BTC-27SEP19,1558522740129,open,0.02,42.1,0.0005,0.0625,0.02250803,105.76,0.025,0.0,BTC-27SEP19-22000-C,7895.12,102.14,0.019,15.0,0.026,15.0,109.07,8.11787,-3.35684,2.08141,3e-05,0.09667
8011.4,BTC-27SEP19,1558522740129,open,0.47,289.7,0.426,0.5055,0.46589368,89.89,0.5,0.0,BTC-27SEP19-4500-C,7895.12,0.0,0.021,0.5,0.501,3.0,121.96,7.60433,-2.67275,12.50724,4e-05,0.91151
8011.4,BTC-27SEP19,1558522740130,open,0.01,28.3,0.0005,0.0485,0.00854826,96.35,0.0095,0.0,BTC-27SEP19-3250-P,7895.12,91.03,0.0065,15.0,0.0105,4.2,100.83,3.31009,-1.24703,-1.10835,2e-05,-0.03094
7975.14,BTC-28JUN19,1558522740130,open,0.69,24.4,0.647,0.7265,0.68677326,135.02,0.5115,0.0,BTC-28JUN19-2500-C,7895.12,0.0,0.0025,0.5,0.827,1.0,500.0,0.14337,-0.26248,2.50953,0.0,0.99824
7975.14,BTC-28JUN19,1558522740130,open,0.38,691.4,0.341,0.4205,0.38064387,99.25,0.37,0.0,BTC-28JUN19-5000-C,7895.12,0.0,0.235,0.1,0.5,10.0,279.36,2.64507,-3.55953,4.58149,4e-05,0.94926
8011.4,BTC-27SEP19,1558522740130,open,0.0,322.5,0.0005,0.0445,0.00435714,106.79,0.003,0.0,BTC-27SEP19-2500-P,7895.12,100.23,0.003,15.0,0.0055,4.4,111.43,1.84168,-0.76902,-0.55586,1e-05,-0.01545
7895.12,index_price,1558522740129,open,0.0,592.3,0.0005,0.04,0.00025979,134.96,0.0005,0,BTC-24MAY19-10000-C,7895.12,0.0,0.0,0.0,0.001,11.0,161.8,0.12841,-2.05109,0.00327,3e-05,0.00832
7975.14,BTC-28JUN19,1558522740130,open,0.0,226.5,0.0005,0.044,0.00406315,103.51,0.0065,0.0,BTC-28JUN19-4500-P,7895.12,94.89,0.0025,44.0,0.0055,20.0,109.87,1.65142,-2.31785,-0.26213,2e-05,-0.02847
7895.12,index_price,1558522740129,open,0.24,0.0,0.1935,0.292,0.24277662,102.88,None,0,BTC-31MAY19-9750-P,7895.12,0.0,0.0,0.0,0.0,0.0,0.0,2.29043,-13.2738,-2.17788,0.00015,-0.89162
8011.4,BTC-27SEP19,1558522740131,open,0.6,0.0,0.563,0.6425,0.6029057,96.42,None,0.0,BTC-27SEP19-3250-C,7895.12,0.0,0.0075,0.1,0.6245,1.0,133.49,3.316,-1.25018,10.27514,2e-05,0.96899
8011.4,BTC-27SEP19,1558522740132,open,0.06,255.3,0.0165,0.101,0.05870996,88.31,0.05,0.0,BTC-27SEP19-5500-P,7895.12,85.41,0.0545,13.8,0.062,25.8,90.56,11.69332,-4.03783,-6.23191,6e-05,-0.16332
8011.4,BTC-27SEP19,1558522740132,open,0.75,28.2,0.7125,0.792,0.7524379,111.94,0.755,0.0,BTC-27SEP19-2000-C,7895.12,0.0,0.007,1.1,0.754,1.0,122.35,0.9982,-0.43692,6.734,0.0,0.99236
8011.4,BTC-27SEP19,1558522740132,open,0.13,967.8,0.091,0.1705,0.13079264,89.66,0.135,0.0,BTC-27SEP19-10000-C,7895.12,86.96,0.1245,12.5,0.1365,22.5,92.11,18.69914,-6.5557,8.66267,9e-05,0.43943
7895.12,index_price,1558522740129,open,0.46,0.0,0.4005,0.5165,0.45855943,121.02,None,0,BTC-31MAY19-11500-P,7895.12,0.0,0.0,0.0,0.0,0.0,0.0,0.80991,-5.52134,-2.74492,4e-05,-0.97119
7895.12,index_price,1558522740130,open,0.0,178.7,0.0005,0.0415,0.00154262,125.64,0.001,0,BTC-24MAY19-9250-C,7895.12,116.35,0.001,96.0,0.0015,25.0,124.99,0.52019,-12.1792,0.01695,0.00013,0.04331
7975.78,BTC-28JUN19,1558522740134,open,0.56,143.2,0.5225,0.602,0.56239779,118.21,0.56,0.0,BTC-28JUN19-3500-C,7895.12,0.0,0.1105,2.0,0.7855,3.0,500.0,0.59554,-0.95453,3.45639,1e-05,0.99134
7895.12,index_price,1558522740129,open,0.39,0.0,0.34,0.4515,0.39580482,114.09,None,0,BTC-31MAY19-11000-P,7895.12,0.0,0.0,0.0,0.0,0.0,0.0,1.01612,-6.53077,-2.60691,6e-05,-0.96206
7975.78,BTC-28JUN19,1558522740135,open,0.3,42.9,0.2485,0.352,0.30030751,97.23,0.3035,0.0,BTC-28JUN19-10000-P,7895.12,0.0,0.001,1.0,0.5,0.1,259.4,8.56112,-11.28653,-8.20653,0.00014,-0.71814
8011.4,BTC-27SEP19,1558522740135,open,0.02,159.1,0.0005,0.0585,0.01799512,92.01,0.019,0.0,BTC-27SEP19-4000-P,7895.12,87.64,0.015,15.0,0.0205,6.0,95.43,5.71147,-2.0548,-2.21306,3e-05,-0.06085
8011.4,BTC-27SEP19,1558522740130,open,0.04,23.9,0.005,0.0845,0.04496658,100.04,0.05,0.0,BTC-27DEC19-24000-C,7895.12,97.81,0.041,4.9,0.049,10.0,102.21,14.57622,-3.33104,5.12947,4e-05,0.15174
7895.12,index_price,1558522740130,open,0.4,42.8,0.359,0.4385,0.39873871,133.07,0.251,0,BTC-31MAY19-4750-C,7895.12,0.0,0.0035,1.1,0.0,0.0,0.0,0.18907,-1.41735,1.14406,1e-05,0.99465
7975.78,BTC-28JUN19,1558522740136,open,0.0,849.1,0.0005,0.042,0.00215183,124.82,0.0025,0.0,BTC-28JUN19-20000-C,7895.12,113.87,0.001,20.0,0.003,30.0,130.43,1.07147,-1.81334,0.12005,1e-05,0.01705
7895.12,index_price,1558522740134,open,0.0,566.7,0.0005,0.0405,0.00075038,131.9,0.0015,0,BTC-31MAY19-5000-P,7895.12,0.0,0.0,0.0,0.001,10.0,137.31,0.33012,-2.45291,-0.02077,2e-05,-0.01007
8011.4,BTC-27SEP19,1558522740137,open,0.55,0.0,0.506,0.5855,0.54590494,92.85,None,0.0,BTC-27SEP19-3750-C,7895.12,0.0,0.005,0.5,0.5775,2.0,132.83,4.80085,-1.74289,11.37413,2e-05,0.95115
8011.4,BTC-27SEP19,1558522740130,open,0.09,64.7,0.057,0.1365,0.09675857,91.67,0.0985,0.0,BTC-27DEC19-15000-C,7895.12,89.13,0.09,1.0,0.1045,10.0,94.52,21.52283,-4.50711,9.69412,6e-05,0.29855
8011.4,BTC-27SEP19,1558522740131,open,0.96,0.0,0.8905,1.0475,0.96908582,91.67,None,0.0,BTC-27DEC19-15000-P,7895.12,0.0,0.006,10.0,1.801,0.2,500.0,21.52256,-4.50697,-80.25496,6e-05,-0.70146
8011.4,BTC-27SEP19,1558522740130,open,0.01,178.6,0.0005,0.0495,0.00921132,94.46,0.0125,0.0,BTC-27DEC19-2500-P,7895.12,87.95,0.0065,10.0,0.0115,17.0,99.21,3.64105,-0.78568,-1.64956,1e-05,-0.02513
7895.12,index_price,1558522740131,open,0.21,307.6,0.173,0.2525,0.21258535,100.78,0.1635,0,BTC-31MAY19-6250-C,7895.12,0.0,0.001,6.0,0.25,0.1,212.95,1.44255,-8.19,1.39893,9e-05,0.94125
7895.12,index_price,1558522740130,open,0.21,15.0,0.1655,0.262,0.21367645,101.64,0.1805,0,BTC-31MAY19-9500-P,7895.12,0.0,0.002,1.1,0.0,0.0,0.0,2.7169,-15.55692,-2.06466,0.00018,-0.86175
7895.12,index_price,1558522740134,open,0.0,209.9,0.0005,0.04,1.81e-06,135.03,0.0005,0,BTC-24MAY19-5500-P,7895.12,0.0,0.0,0.0,0.0005,10.0,220.47,0.00176,-0.0143,-3e-05,0.0,-8e-05
8012.04,BTC-27SEP19,1558522740132,open,0.74,0.0,0.674,0.813,0.7434337,89.01,None,0.0,BTC-27DEC19-13000-P,7895.12,0.0,0.008,3.0,1.556,0.3,500.0,23.21934,-4.72148,-66.4501,7e-05,-0.63965
7895.12,index_price,1558522740129,open,0.02,6.5,0.0005,0.063,0.02349073,96.97,0.0235,0,BTC-31MAY19-8750-C,7895.12,93.09,0.0215,24.0,0.024,3.9,97.95,4.0919,-22.3521,0.47868,0.00028,0.27282
7895.12,index_price,1558522740130,open,0.18,0.0,0.1385,0.2325,0.18548511,100.63,None,0,BTC-31MAY19-9250-P,7895.12,0.0,0.0,0.0,0.0,0.0,0.0,3.18475,-18.0537,-1.93812,0.00021,-0.82403
7895.12,index_price,1558522740136,open,0.27,8.1,0.232,0.3115,0.2716545,0.0,0.2925,0,BTC-24MAY19-5750-C,7895.12,0.0,0.0035,0.7,0.2835,0.1,361.87,0.0,0.0,0.29549,0.0,1.0
8012.04,BTC-27SEP19,1558522740131,open,0.11,156.5,0.067,0.1465,0.10679313,90.03,0.105,0.0,BTC-27DEC19-14000-C,7895.12,87.76,0.1005,14.9,0.1105,10.0,91.36,22.34881,-4.59643,10.51536,6e-05,0.32566
7895.12,index_price,1558522740135,open,0.18,291.0,0.143,0.2225,0.18282741,95.73,0.1355,0,BTC-31MAY19-6500-C,7895.12,0.0,0.024,5.0,0.25,0.1,257.88,1.9026,-10.2599,1.40716,0.00013,0.91578
7895.12,index_price,1558522740137,open,0.0,491.3,0.0005,0.043,0.00292164,106.22,0.0025,0,BTC-31MAY19-6000-P,7895.12,93.86,0.0015,36.0,0.004,60.0,113.43,1.08095,-6.46806,-0.08419,7e-05,-0.04093
7895.12,index_price,1558522740135,open,0.0,170.0,0.0005,0.04,1.153e-05,135.03,0.0005,0,BTC-24MAY19-5750-P,7895.12,0.0,0.0,0.0,0.0005,10.0,196.14,0.00901,-0.09106,-0.00018,0.0,-0.00044
8012.04,BTC-27SEP19,1558522740131,open,0.49,6.6,0.45,0.5295,0.48987683,85.99,0.498,0.0,BTC-27DEC19-4500-C,7895.12,0.0,0.26,1.4,0.6865,0.1,203.36,12.05848,-2.36865,18.97354,4e-05,0.88479
7895.12,index_price,1558522740129,open,0.33,0.0,0.281,0.387,0.3339595,110.39,None,0,BTC-31MAY19-10500-P,7895.12,0.0,0.0,0.0,0.0,0.0,0.0,1.43153,-8.90249,-2.44931,9e-05,-0.94182
7895.12,index_price,1558522740131,open,0.0,246.1,0.0005,0.04,2.475e-05,135.02,0.0005,0,BTC-31MAY19-4000-P,7895.12,0.0,0.0,0.0,0.0005,10.0,179.84,0.0189,-0.14371,-0.00087,0.0,-0.00043
7895.12,index_price,1558522740132,open,0.0,225.0,0.0005,0.0415,0.00169929,121.42,0.0035,0,BTC-31MAY19-5500-P,7895.12,111.65,0.001,7.0,0.0025,64.6,129.91,0.65947,-4.5107,-0.04653,4e-05,-0.02254
7895.12,index_price,1558522740135,open,0.56,0.0,0.517,0.5965,0.55665405,0.0,None,0,BTC-31MAY19-3500-C,7895.12,0.0,0.007,0.2,0.0,0.0,0.0,0.0,0.0,0.85109,0.0,1.0
8012.04,BTC-27SEP19,1558522740135,open,0.07,64.6,0.026,0.111,0.06865558,84.21,0.0705,0.0,BTC-27DEC19-5000-P,7895.12,82.43,0.0655,6.0,0.07,0.1,84.96,14.27575,-2.7461,-10.36405,4e-05,-0.14706
8012.04,BTC-27SEP19,1558522740134,open,0.02,83.4,0.0005,0.065,0.02441321,88.94,0.0205,0.0,BTC-27DEC19-3500-P,7895.12,85.17,0.021,16.0,0.028,15.0,92.68,7.48203,-1.52012,-4.10119,2e-05,-0.06095
264.22,ETH-27SEP19,1558522740142,open,0.39,743.0,0.349,0.428,0.388008,96.65,0.338,0.0,ETH-27SEP19-180-C,254.16,0.0,0.23,1.0,0.5,1.0,167.39,0.3947,-0.14917,0.4098,0.00167,0.83071
258.15,ETH-28JUN19,1558522740142,open,0.0,4769.0,0.001,0.041,0.001198,110.23,0.004,0.0,ETH-28JUN19-120-P,254.16,0.0,0.0,0.0,0.002,72.0,118.84,0.02013,-0.03009,-0.00268,0.00027,-0.0091
258.15,ETH-28JUN19,1558522740142,open,0.54,50.0,0.497,0.576,0.53637,110.45,0.547,0.0,ETH-28JUN19-120-C,254.16,0.0,0.003,10.0,0.0,0.0,0.0,0.02033,-0.03045,0.11852,0.00027,0.9908
254.16,index_price,1558522740142,open,0.22,111.0,0.177,0.256,0.216773,99.77,0.16,0,ETH-31MAY19-200-C,254.16,76.9,0.214,50.0,0.226,50.0,138.69,0.0427,-0.23997,0.04514,0.00272,0.94719
254.16,index_price,1558522740142,open,0.3,100.0,0.253,0.332,0.292821,107.75,0.256,0,ETH-31MAY19-180-C,254.16,0.0,0.001,1.0,0.0,0.0,0.0,0.01611,-0.09776,0.0427,0.00095,0.98372
258.15,ETH-28JUN19,1558522740144,open,0.04,2690.0,0.004,0.087,0.045353,101.18,0.038,0.0,ETH-28JUN19-210-P,254.16,94.16,0.039,153.0,0.044,160.0,99.7,0.23719,-0.32539,-0.06688,0.00348,-0.21107
258.15,ETH-28JUN19,1558522740144,open,0.0,4824.0,0.001,0.041,0.001034,119.3,0.003,0.0,ETH-28JUN19-110-P,254.16,0.0,0.0,0.0,0.002,403.0,131.11,0.01671,-0.02703,-0.00219,0.00021,-0.00736
254.16,index_price,1558522740142,open,0.17,50.0,0.135,0.228,0.181712,127.28,0.23,0,ETH-24MAY19-300-P,254.16,0.0,0.174,50.0,0.181,50.0,112.56,0.01513,-0.51334,-0.01494,0.00358,-0.96178
258.15,ETH-28JUN19,1558522740145,open,0.69,0.0,0.651,0.73,0.690925,156.07,None,0.0,ETH-28JUN19-80-C,254.16,0.0,0.003,2.0,0.0,0.0,0.0,0.01087,-0.023,0.07943,0.0001,0.99547
264.23,ETH-27SEP19,1558522740146,open,0.54,31.0,0.494,0.618,0.556235,101.68,0.52,0.0,ETH-27SEP19-380-P,254.16,97.11,0.546,30.0,0.565,30.0,105.55,0.59598,-0.23695,-1.08791,0.0024,-0.61898
254.16,index_price,1558522740142,open,0.16,1.0,0.109,0.188,0.148014,99.3,0.113,0,ETH-31MAY19-220-C,254.16,90.91,0.145,50.0,0.157,50.0,121.5,0.09498,-0.53133,0.04299,0.00609,0.84365
258.16,ETH-28JUN19,1558522740146,open,0.23,51.0,0.189,0.287,0.23807,104.72,0.226,0.0,ETH-28JUN19-300-P,254.16,98.05,0.23,120.0,0.242,120.0,107.94,0.31435,-0.44635,-0.22174,0.00446,-0.61211
258.16,ETH-28JUN19,1558522740146,open,0.66,0.0,0.613,0.692,0.652205,141.22,None,0.0,ETH-28JUN19-90-C,254.16,0.0,0.003,3.0,0.0,0.0,0.0,0.01198,-0.02294,0.08939,0.00013,0.99495
264.23,ETH-27SEP19,1558522740147,open,0.61,0.0,0.557,0.685,0.620974,102.61,None,0.0,ETH-27SEP19-400-P,254.16,0.0,0.0,0.0,0.0,0.0,0.0,0.5807,-0.23299,-1.17439,0.00231,-0.64766
254.16,index_price,1558522740143,open,0.3,171.0,0.252,0.331,0.291793,142.33,0.249,0,ETH-24MAY19-180-C,254.16,0.0,0.002,101.0,0.381,1.0,500.0,0.0002,-0.00763,0.00925,4e-05,0.9997
264.23,ETH-27SEP19,1558522740147,open,0.0,174.0,0.001,0.041,0.001505,113.91,0.002,0.0,ETH-27SEP19-60-P,254.16,0.0,0.0,0.0,0.003,270.0,126.33,0.02504,-0.01115,-0.00658,9e-05,-0.00561
254.16,index_price,1558522740143,open,0.49,0.0,0.449,0.528,0.488491,0.0,None,0,ETH-24MAY19-130-C,254.16,0.0,0.009,4.0,0.0,0.0,0.0,0.0,0.0,0.00668,0.0,1.0
254.16,index_price,1558522740146,open,0.0,577.0,0.001,0.04,3.6e-05,160.02,0.001,0,ETH-24MAY19-180-P,254.16,0.0,0.0,0.0,0.001,220.0,233.12,0.00066,-0.00911,-1e-05,0.00012,-0.00109
254.16,index_price,1558522740144,open,0.11,76.0,0.059,0.138,0.098026,104.04,0.096,0,ETH-24MAY19-230-C,254.16,80.68,0.096,50.0,0.103,50.0,139.53,0.02818,-0.78153,0.01068,0.00816,0.91568
8012.04,BTC-27SEP19,1558522740198,open,1.79,0.0,1.6865,1.9095,1.79792559,98.55,None,0.0,BTC-27DEC19-22000-P,7895.12,0.0,0.008,2.0,2.6605,0.3,500.0,15.88332,-3.57594,-126.10907,4e-05,-0.82689
8012.04,BTC-27SEP19,1558522740200,open,1.55,0.0,1.4555,1.6595,1.55765087,97.1,None,0.0,BTC-27DEC19-20000-P,7895.12,0.0,0.006,5.0,2.4145,0.2,500.0,17.38383,-3.85596,-113.26029,5e-05,-0.79973
8011.4,BTC-27SEP19,1558522740258,open,0.01,42.8,0.0005,0.0545,0.01395843,92.8,0.027,0.0,BTC-27SEP19-3750-P,7895.12,87.58,0.011,15.0,0.017,19.3,97.65,4.79618,-1.74027,-1.76129,2e-05,-0.04879
8011.4,BTC-27SEP19,1558522740361,open,0.01,42.8,0.0005,0.0545,0.01395843,92.8,0.027,0.0,BTC-27SEP19-3750-P,7895.12,87.58,0.011,15.0,0.017,25.3,97.65,4.79618,-1.74027,-1.76129,2e-05,-0.04879
264.23,ETH-27SEP19,1558522740401,open,0.12,1191.0,0.079,0.158,0.118094,101.68,0.111,0.0,ETH-27SEP19-380-C,254.16,99.86,0.114,100.0,0.123,143.0,103.85,0.59598,-0.23695,0.2434,0.0024,0.38102
8011.4,BTC-27SEP19,1558522740411,open,0.01,42.8,0.0005,0.0545,0.01395843,92.8,0.027,0.0,BTC-27SEP19-3750-P,7895.12,87.58,0.011,15.0,0.017,19.3,97.65,4.79618,-1.74027,-1.76129,2e-05,-0.04879
258.15,ETH-28JUN19,1558522740449,open,0.13,1903.0,0.087,0.177,0.131811,101.17,0.118,0.0,ETH-28JUN19-260-P,254.16,98.14,0.128,71.0,0.135,100.0,103.71,0.32422,-0.44476,-0.15041,0.00476,-0.44489
264.22,ETH-27SEP19,1558522740451,open,0.21,783.0,0.166,0.245,0.205457,97.64,0.219,0.0,ETH-27SEP19-280-C,254.16,96.58,0.203,25.0,0.212,30.0,100.46,0.61292,-0.23399,0.34188,0.00257,0.57479
8011.4,BTC-27SEP19,1558522740474,open,0.01,42.8,0.0005,0.0545,0.01395843,92.8,0.027,0.0,BTC-27SEP19-3750-P,7895.12,87.58,0.011,15.0,0.017,25.3,97.65,4.79618,-1.74027,-1.76129,2e-05,-0.04879
264.23,ETH-27SEP19,1558522740723,open,0.17,1272.0,0.126,0.218,0.171905,96.64,0.163,0.0,ETH-27SEP19-240-P,254.16,92.94,0.164,40.0,0.178,139.0,99.51,0.5628,-0.21267,-0.45986,0.00238,-0.32486
258.15,ETH-28JUN19,1558522740792,open,0.17,1264.0,0.122,0.201,0.161567,101.21,0.16,0.0,ETH-28JUN19-240-C,254.16,94.77,0.154,132.0,0.164,120.0,103.27,0.30367,-0.41671,0.12759,0.00446,0.6508
264.22,ETH-27SEP19,1558522740810,open,0.07,4895.0,0.027,0.112,0.069233,96.64,0.08,0.0,ETH-27SEP19-180-P,254.16,91.06,0.061,40.0,0.069,94.0,96.48,0.39467,-0.14913,-0.22078,0.00167,-0.16928
264.22,ETH-27SEP19,1558522740820,open,0.07,3.0,0.024,0.103,0.063157,107.24,0.066,0.0,ETH-27SEP19-520-C,254.16,104.31,0.058,40.0,0.069,184.0,110.47,0.47123,-0.1976,0.15154,0.0018,0.22686
258.15,ETH-28JUN19,1558522740863,open,0.1,1561.0,0.057,0.136,0.096765,102.56,0.102,0.0,ETH-28JUN19-280-C,254.16,100.37,0.094,61.0,0.102,120.0,106.7,0.32613,-0.45352,0.0962,0.00472,0.46563
258.15,ETH-28JUN19,1558522740889,open,0.13,1903.0,0.087,0.177,0.131834,101.17,0.118,0.0,ETH-28JUN19-260-P,254.16,98.14,0.128,70.0,0.135,100.0,103.71,0.32422,-0.44476,-0.15041,0.00476,-0.44489
7975.73,BTC-28JUN19,1558522741129,open,0.63,43.8,0.585,0.6645,0.62466104,131.11,0.6,0.0,BTC-28JUN19-3000-C,7894.87,0.0,0.002,1.0,0.805,2.0,500.0,0.38706,-0.6881,2.98159,0.0,0.99468
8011.97,BTC-27SEP19,1558522741129,open,0.01,615.6,0.0005,0.047,0.00707725,100.02,0.0135,0.0,BTC-27SEP19-3000-P,7894.87,95.19,0.0055,15.0,0.008,3.9,102.58,2.79725,-1.09398,-0.90814,1e-05,-0.02528
7975.73,BTC-28JUN19,1558522741130,open,0.81,33.8,0.772,0.8515,0.8119176,0.0,0.7145,0.0,BTC-28JUN19-1500-C,7894.87,0.0,0.002,0.4,0.8785,2.0,500.0,0.0,0.0,1.51544,0.0,1.0
7975.73,BTC-28JUN19,1558522741130,open,0.41,5.7,0.3545,0.4665,0.41049387,101.27,1.142,0.0,BTC-28JUN19-11000-P,7894.87,0.0,0.001,1.0,0.8835,1.0,500.0,7.11989,-9.77642,-9.7454,0.00011,-0.79894
7975.73,BTC-28JUN19,1558522741132,open,0.0,1396.0,0.0005,0.04,2.07e-06,135.0,0.001,0.0,BTC-28JUN19-1500-P,7894.87,0.0,0.0,0.0,0.0005,11.0,207.8,0.00218,-0.004,-0.00018,0.0,-2e-05
7975.73,BTC-28JUN19,1558522741132,open,0.02,457.8,0.0005,0.0615,0.02155451,104.86,0.024,0.0,BTC-28JUN19-12000-C,7894.87,101.97,0.0195,24.0,0.0235,20.0,107.5,5.77303,-8.20839,0.99319,9e-05,0.14481
8011.72,BTC-27SEP19,1558522741132,open,0.02,1018.2,0.0005,0.064,0.02310267,91.71,0.022,0.0,BTC-27SEP19-4250-P,7894.87,90.98,0.0225,120.0,0.0235,25.0,92.18,6.71428,-2.40759,-2.75424,3e-05,-0.07502
7975.73,BTC-28JUN19,1558522741132,open,0.53,30.0,0.4915,0.571,0.5314698,113.82,0.298,0.0,BTC-28JUN19-3750-C,7894.87,0.0,0.009,0.3,0.776,3.0,500.0,0.77455,-1.19533,3.68106,1e-05,0.9883
7975.73,BTC-28JUN19,1558522741132,open,0.0,238.1,0.0005,0.043,0.00288511,105.79,0.0035,0.0,BTC-28JUN19-4250-P,7894.87,95.25,0.0015,44.0,0.004,12.7,112.16,1.26202,-1.81025,-0.18977,2e-05,-0.02067
7894.87,index_price,1558522741131,open,0.01,389.0,0.0005,0.0455,0.00571188,99.23,0.0055,0,BTC-24MAY19-8500-C,7894.87,95.01,0.005,5.5,0.007,5.1,106.41,1.36575,-36.12497,0.06179,0.00043,0.158
8011.72,BTC-27SEP19,1558522741132,open,0.69,0.0,0.6275,0.7625,0.69497943,93.45,None,0.0,BTC-27SEP19-13000-P,7894.87,0.0,0.0065,0.1,1.4475,0.3,500.0,15.81605,-5.77921,-39.86388,8e-05,-0.72525
7894.87,index_price,1558522741132,open,0.0,13.7,0.0005,0.04,0.0,134.99,0.0025,0,BTC-24MAY19-4750-P,7894.87,0.0,0.0,0.0,0.0005,10.0,299.6,0.0,-1e-05,0.0,0.0,0.0
8011.72,BTC-27SEP19,1558522741134,open,0.44,13.5,0.4015,0.481,0.44111183,89.42,0.382,0.0,BTC-27SEP19-4750-C,7894.87,0.0,0.011,0.6,0.4955,3.0,133.18,8.63591,-3.01929,12.73386,4e-05,0.89478
7894.87,index_price,1558522741130,open,0.11,163.5,0.0645,0.144,0.10422287,90.3,0.1165,0,BTC-31MAY19-7250-C,7894.87,90.86,0.1045,7.0,0.111,6.0,103.67,3.90941,-19.88686,1.2404,0.00029,0.75034
7894.87,index_price,1558522741130,open,0.2,0.0,0.156,0.252,0.20416131,128.78,None,0,BTC-24MAY19-9500-P,7894.87,0.0,0.0685,0.1,0.222,0.1,267.61,0.33166,-11.38595,-0.47836,8e-05,-0.97492
8011.72,BTC-27SEP19,1558522741130,open,0.85,0.0,0.7805,0.928,0.85417991,90.02,None,0.0,BTC-27DEC19-14000-P,7894.87,0.0,0.008,3.0,1.679,0.2,500.0,22.34528,-4.59489,-73.43933,6e-05,-0.67444
7894.87,index_price,1558522741130,open,0.0,125.3,0.0005,0.04,2e-08,134.99,0.0005,0,BTC-24MAY19-5000-P,7894.87,0.0,0.0,0.0,0.0005,10.0,272.06,3e-05,-0.00014,0.0,0.0,0.0
8011.72,BTC-27SEP19,1558522741131,open,0.26,117.9,0.216,0.2955,0.25567606,84.04,0.258,0.0,BTC-27DEC19-8000-C,7894.87,82.28,0.2505,3.6,0.2615,6.0,86.04,23.45713,-4.50358,17.90756,7e-05,0.62842
7894.87,index_price,1558522741132,open,0.0,308.5,0.0005,0.04,0.00042443,134.99,0.0005,0,BTC-31MAY19-4750-P,7894.87,0.0,0.0,0.0,0.001,14.7,150.99,0.20584,-1.56535,-0.01212,1e-05,-0.00589
7894.87,index_price,1558522741134,open,0.02,264.9,0.0005,0.058,0.01802599,98.76,0.017,0,BTC-31MAY19-9000-C,7894.87,96.51,0.017,4.0,0.019,4.6,100.85,3.64093,-20.2554,0.38687,0.00024,0.21954
8011.72,BTC-27SEP19,1558522741131,open,0.08,31.8,0.047,0.1265,0.08673447,92.61,0.0925,0.0,BTC-27DEC19-16000-C,7894.87,89.76,0.0795,4.9,0.094,10.0,95.4,20.59933,-4.35779,8.91364,6e-05,0.27227
7894.87,index_price,1558522741130,open,0.27,0.0,0.222,0.3235,0.27283215,105.27,None,0,BTC-31MAY19-10000-P,7894.87,0.0,0.0,0.0,0.0,0.0,0.0,1.95385,-11.5873,-2.27604,0.00012,-0.91273
8011.72,BTC-27SEP19,1558522741132,open,1.31,0.0,1.223,1.408,1.31561538,93.53,None,0.0,BTC-27DEC19-18000-P,7894.87,0.0,0.006,5.0,2.169,0.2,500.0,18.6062,-3.97547,-100.44017,5e-05,-0.77501
8011.72,BTC-27SEP19,1558522741130,open,0.05,116.4,0.0095,0.0935,0.05156208,86.0,0.057,0.0,BTC-27DEC19-4500-P,7894.87,83.28,0.0475,6.0,0.0555,15.0,88.6,12.06028,-2.36945,-8.01376,4e-05,-0.11524
7894.87,index_price,1558522741133,open,0.37,80.9,0.3275,0.407,0.36744688,132.35,0.4,0,BTC-31MAY19-5000-C,7894.87,0.0,0.072,2.0,0.385,10.0,250.47,0.33574,-2.50312,1.19466,2e-05,0.98973
7894.87,index_price,1558522741130,open,0.34,0.0,0.2955,0.375,0.33503248,179.26,None,0,BTC-24MAY19-5250-C,7894.87,0.0,0.0035,1.2,0.345,0.1,421.47,0.0119,-0.56855,0.26954,0.0,0.9994
7894.87,index_price,1558522741129,open,0.33,0.0,0.277,0.383,0.3299869,117.89,None,0,BTC-24MAY19-10500-P,7894.87,0.0,0.0045,0.5,0.3445,0.1,326.55,0.00877,-0.27564,-0.53941,0.0,-0.99957
7894.87,index_price,1558522741135,open,0.17,13.0,0.1265,0.22,0.17315573,125.14,0.174,0,BTC-24MAY19-9250-P,7894.87,0.0,0.0025,1.0,0.1915,1.1,249.23,0.51351,-17.13001,-0.45867,0.00013,-0.95737
7894.87,index_price,1558522741130,open,0.4,0.0,0.3585,0.438,0.39836253,218.48,0.2,0,BTC-24MAY19-4750-C,7894.87,0.0,0.0055,0.2,0.408,0.1,499.49,0.00906,-0.52746,0.24391,0.0,0.99955
8011.72,BTC-27SEP19,1558522741133,open,0.54,27.1,0.497,0.5765,0.53674231,86.98,0.542,0.0,BTC-27DEC19-4000-C,7894.87,0.0,0.0185,10.0,0.98,0.5,500.0,9.70887,-1.92903,18.1417,3e-05,0.91436
8011.72,BTC-27SEP19,1558522741136,open,0.45,57.4,0.405,0.4845,0.44454523,84.19,0.461,0.0,BTC-27DEC19-5000-C,7894.87,0.0,0.006,10.0,0.506,0.5,116.99,14.27478,-2.7453,19.62082,4e-05,0.85295
7894.87,index_price,1558522741139,open,0.46,9.8,0.422,0.5015,0.46176481,137.61,0.212,0,BTC-31MAY19-4250-C,7894.87,0.0,0.006,0.5,0.0,0.0,0.0,0.05568,-0.4316,1.03065,0.0,0.99862
254.16,index_price,1558522741146,open,0.25,0.0,0.21,0.309,0.259556,143.61,None,0,ETH-24MAY19-320-P,254.16,0.0,0.0,0.0,0.333,3.0,500.0,0.00666,-0.2551,-0.01626,0.0014,-0.9856
8011.72,BTC-27SEP19,1558522741150,open,1.28,1.0,1.1895,1.3715,1.28068323,100.08,1.5815,0.0,BTC-27SEP19-18000-P,7894.87,0.0,0.0065,0.1,2.0435,0.3,500.0,10.66913,-4.17499,-60.02311,5e-05,-0.85776
8011.72,BTC-27SEP19,1558522741160,open,1.79,0.0,1.686,1.9095,1.79772247,98.4,None,0.0,BTC-27DEC19-22000-P,7894.87,0.0,0.008,2.0,2.661,0.3,500.0,15.84159,-3.56092,-126.12801,4e-05,-0.82759
8011.72,BTC-27SEP19,1558522741162,open,1.55,0.0,1.4555,1.6595,1.5574685,96.97,None,0.0,BTC-27DEC19-20000-P,7894.87,0.0,0.006,5.0,2.415,0.2,500.0,17.35175,-3.84378,-113.27589,5e-05,-0.80033
8011.72,BTC-27SEP19,1558522741189,open,0.18,29.1,0.134,0.228,0.18087864,84.07,0.1915,0.0,BTC-27DEC19-7000-P,7894.87,81.32,0.1735,5.1,0.1855,5.0,85.79,21.47484,-4.12412,-22.96177,7e-05,-0.29706
8011.72,BTC-27SEP19,1558522741196,open,0.42,793.5,0.377,0.4565,0.41693998,88.78,0.425,0.0,BTC-27SEP19-5000-C,7894.87,0.0,0.1105,2.0,0.4615,2.0,122.34,9.65389,-3.35102,12.91242,5e-05,0.87697
264.22,ETH-27SEP19,1558522741283,open,0.06,0.0,0.015,0.094,0.054812,109.04,None,0.0,ETH-27SEP19-560-C,254.16,106.71,0.051,40.0,0.06,187.0,112.12,0.43802,-0.18675,0.13453,0.00164,0.20014
7975.48,BTC-28JUN19,1558522741519,open,0.01,421.6,0.0005,0.051,0.01123767,111.79,0.0115,0.0,BTC-28JUN19-14000-C,7894.87,109.08,0.01,24.0,0.0125,20.0,114.38,3.76406,-5.70532,0.55298,5e-05,0.07987
7975.73,BTC-28JUN19,1558522741528,open,0.32,144.0,0.284,0.3635,0.32390828,95.82,0.3335,0.0,BTC-28JUN19-5500-C,7894.87,87.33,0.32,3.1,0.327,3.1,101.8,3.94306,-5.12311,4.76329,6e-05,0.91505
264.23,ETH-27SEP19,1558522741550,open,0.48,81.0,0.434,0.552,0.49302,100.69,0.541,0.0,ETH-27SEP19-360-P,254.16,96.33,0.483,30.0,0.502,30.0,104.58,0.60889,-0.23973,-1.00018,0.00247,-0.58742
7975.73,BTC-28JUN19,1558522741569,open,0.27,1867.2,0.231,0.3105,0.27077793,93.38,0.284,0.0,BTC-28JUN19-6000-C,7894.87,87.79,0.267,2.9,0.275,3.1,99.42,5.47772,-6.93558,4.79609,9e-05,0.86594
7975.73,BTC-28JUN19,1558522741579,open,0.27,1867.2,0.231,0.3105,0.27077793,93.38,0.284,0.0,BTC-28JUN19-6000-C,7894.87,87.79,0.267,2.9,0.275,3.2,99.42,5.47772,-6.93558,4.79609,9e-05,0.86594
258.15,ETH-28JUN19,1558522741582,open,0.09,4930.0,0.048,0.134,0.09124,101.17,0.087,0.0,ETH-28JUN19-240-P,254.16,95.88,0.085,60.0,0.093,160.0,102.68,0.30367,-0.41659,-0.11486,0.00446,-0.3492
264.23,ETH-27SEP19,1558522741613,open,0.31,840.0,0.261,0.34,0.300156,96.64,0.296,0.0,ETH-27SEP19-220-C,254.16,91.47,0.29,90.0,0.304,10.0,98.6,0.51919,-0.19619,0.3959,0.0022,0.72783
258.15,ETH-28JUN19,1558522741623,open,0.13,2693.0,0.085,0.164,0.124667,101.2,0.132,0.0,ETH-28JUN19-260-C,254.16,98.27,0.121,162.0,0.129,120.0,104.64,0.32421,-0.44489,0.11226,0.00476,0.55513
264.23,ETH-27SEP19,1558522741628,open,0.48,81.0,0.434,0.552,0.49302,100.69,0.541,0.0,ETH-27SEP19-360-P,254.16,96.77,0.484,30.0,0.502,30.0,104.58,0.60889,-0.23973,-1.00018,0.00247,-0.58742
254.16,index_price,1558522741634,open,0.16,1.0,0.109,0.188,0.148041,99.3,0.113,0,ETH-31MAY19-220-C,254.16,87.95,0.144,50.0,0.157,50.0,121.5,0.09498,-0.53133,0.04299,0.00609,0.84365
254.16,index_price,1558522741639,open,0.04,1018.0,0.001,0.084,0.042678,103.1,0.035,0,ETH-24MAY19-260-P,254.16,74.66,0.035,150.0,0.045,150.0,111.4,0.07008,-1.92592,-0.00848,0.02048,-0.60658
254.16,index_price,1558522741646,open,0.07,1.0,0.032,0.117,0.074874,99.81,0.071,0,ETH-31MAY19-260-P,254.16,82.22,0.064,150.0,0.082,150.0,111.25,0.15775,-0.88698,-0.03721,0.01006,-0.52716
264.23,ETH-27SEP19,1558522741665,open,0.42,31.0,0.375,0.489,0.432136,99.88,0.476,0.0,ETH-27SEP19-340-P,254.16,95.97,0.423,30.0,0.44,30.0,103.23,0.61861,-0.24158,-0.9111,0.00253,-0.55207
264.23,ETH-27SEP19,1558522741673,open,0.36,23.0,0.319,0.428,0.373217,98.93,0.377,0.0,ETH-27SEP19-320-P,254.16,95.02,0.364,30.0,0.379,1.0,101.38,0.62357,-0.24121,-0.821,0.00258,-0.51366
264.23,ETH-27SEP19,1558522741692,open,0.31,840.0,0.261,0.34,0.300156,96.64,0.296,0.0,ETH-27SEP19-220-C,254.16,91.47,0.29,90.0,0.304,30.0,98.6,0.51919,-0.19619,0.3959,0.0022,0.72783
264.22,ETH-27SEP19,1558522741697,open,0.21,783.0,0.166,0.245,0.205443,97.64,0.219,0.0,ETH-27SEP19-280-C,254.16,96.58,0.203,25.0,0.211,30.0,100.03,0.61292,-0.23399,0.34188,0.00257,0.57479
254.16,index_price,1558522741705,open,0.22,0.0,0.183,0.28,0.231503,110.82,None,0,ETH-31MAY19-310-P,254.16,0.0,0.217,50.0,0.23,50.0,106.33,0.08988,-0.56114,-0.06722,0.00516,-0.85607
264.23,ETH-27SEP19,1558522741714,open,0.31,36.0,0.265,0.37,0.317662,98.29,0.327,0.0,ETH-27SEP19-300-P,254.16,94.61,0.309,30.0,0.325,30.0,101.41,0.62229,-0.23915,-0.73012,0.00259,-0.47104
264.22,ETH-27SEP19,1558522741722,open,0.06,0.0,0.015,0.094,0.054812,109.04,None,0.0,ETH-27SEP19-560-C,254.16,106.09,0.05,40.0,0.06,187.0,112.12,0.43802,-0.18675,0.13453,0.00164,0.20014
264.23,ETH-27SEP19,1558522741761,open,0.13,1098.0,0.091,0.17,0.130571,100.69,0.146,0.0,ETH-27SEP19-360-C,254.16,98.71,0.126,100.0,0.136,270.0,103.05,0.60889,-0.23973,0.26106,0.00247,0.41258
7975.48,BTC-28JUN19,1558522741812,open,0.12,89.0,0.0745,0.1635,0.118934,92.77,0.1095,0.0,BTC-28JUN19-8000-P,7894.87,90.43,0.116,3.2,0.123,1.0,96.01,10.01875,-12.6022,-4.54802,0.00017,-0.44551
7975.73,BTC-28JUN19,1558522741824,open,0.01,453.4,0.0005,0.048,0.00844658,114.99,0.008,0.0,BTC-28JUN19-15000-C,7894.87,112.44,0.0075,24.0,0.0095,21.0,117.64,3.06362,-4.77652,0.42437,4e-05,0.06111
258.15,ETH-28JUN19,1558522741889,open,0.33,3366.0,0.281,0.36,0.320254,101.19,0.259,0.0,ETH-28JUN19-180-C,254.16,0.0,0.005,15.0,1.0,1.0,500.0,0.14393,-0.19748,0.15122,0.00211,0.90007
258.15,ETH-28JUN19,1558522741911,open,0.5,386.0,0.459,0.538,0.498188,105.54,0.321,0.0,ETH-28JUN19-130-C,254.16,0.0,0.14,49.0,0.0,0.0,0.0,0.02831,-0.04051,0.12737,0.0004,0.98654
258.15,ETH-28JUN19,1558522741919,open,0.0,9820.0,0.001,0.041,0.001771,105.54,0.004,0.0,ETH-28JUN19-130-P,254.16,97.19,0.001,100.0,0.002,60.0,107.55,0.02831,-0.04051,-0.00397,0.0004,-0.01346
254.16,index_price,1558522741931,open,0.42,0.0,0.37,0.449,0.409821,160.0,None,0,ETH-24MAY19-150-C,254.16,0.0,0.002,9.0,0.0,0.0,0.0,0.0,-6e-05,0.00771,0.0,1.0
8011.72,BTC-27SEP19,1558522741983,open,0.01,42.8,0.0005,0.0545,0.0139561,92.8,0.027,0.0,BTC-27SEP19-3750-P,7894.87,87.58,0.011,15.0,0.017,19.3,97.66,4.79622,-1.74037,-1.7613,2e-05,-0.04879
258.15,ETH-28JUN19,1558522741998,open,0.01,6372.0,0.001,0.049,0.009715,122.24,0.008,0.0,ETH-28JUN19-500-C,254.16,117.79,0.008,110.0,0.012,360.0,127.52,0.10513,-0.17424,0.01465,0.00128,0.06588
258.15,ETH-28JUN19,1558522742016,open,0.42,0.0,0.375,0.489,0.431808,109.9,None,0.0,ETH-28JUN19-360-P,254.16,0.0,0.0,0.0,0.0,0.0,0.0,0.24198,-0.3606,-0.31645,0.00327,-0.78153
264.21,ETH-27SEP19,1558522742011,open,0.17,1272.0,0.126,0.218,0.171905,96.63,0.163,0.0,ETH-27SEP19-240-P,254.16,92.92,0.164,40.0,0.178,138.0,99.49,0.56279,-0.21263,-0.45988,0.00238,-0.32491
264.23,ETH-27SEP19,1558522742034,open,0.12,1191.0,0.079,0.158,0.118094,101.68,0.111,0.0,ETH-27SEP19-380-C,254.16,99.86,0.114,100.0,0.123,144.0,103.85,0.59598,-0.23695,0.2434,0.0024,0.38102
8011.72,BTC-27SEP19,1558522742057,open,0.12,92.7,0.081,0.1605,0.12075903,88.98,0.135,0.0,BTC-27DEC19-13000-C,7894.87,86.81,0.1145,10.0,0.127,45.0,91.12,23.21465,-4.71874,11.50216,7e-05,0.36018
8011.72,BTC-27SEP19,1558522742059,open,0.38,2.1,0.324,0.434,0.37892458,89.64,0.3915,0.0,BTC-27SEP19-10000-P,7894.87,84.73,0.3675,3.6,0.389,3.6,93.95,18.69962,-6.55425,-26.37135,9e-05,-0.56061
7894.87,index_price,1558522742071,open,0.13,0.0,0.087,0.177,0.13181727,97.01,None,0,BTC-31MAY19-8750-P,7894.87,82.3,0.1245,6.0,0.1315,6.0,96.39,4.09199,-22.36139,-1.64904,0.00028,-0.72715
254.16,index_price,1558522742072,open,0.26,213.0,0.213,0.292,0.252617,160.0,0.211,0,ETH-24MAY19-190-C,254.16,0.0,0.002,100.0,0.333,2.0,500.0,0.00251,-0.10723,0.0097,0.00047,0.99526
8011.72,BTC-27SEP19,1558522742075,open,0.12,181.0,0.074,0.163,0.11862334,84.19,0.1125,0.0,BTC-27DEC19-6000-P,7894.87,81.74,0.113,4.9,0.1225,5.0,85.88,18.40839,-3.54056,-16.30715,6e-05,-0.2208
8011.72,BTC-27SEP19,1558522742092,open,0.43,1.0,0.3745,0.4885,0.43151512,85.62,0.438,0.0,BTC-27DEC19-10000-P,7894.87,80.74,0.4165,3.6,0.4415,3.6,88.84,24.75064,-4.84079,-44.8095,8e-05,-0.50114
254.16,index_price,1558522742092,open,0.0,269.0,0.001,0.04,0.0,160.0,0.001,0,ETH-24MAY19-150-P,254.16,0.0,0.0,0.0,0.001,220.0,339.6,0.0,-1e-05,0.0,0.0,0.0
8011.67,BTC-27SEP19,1558522742129,open,0.03,45.0,0.0005,0.0665,0.0265744,102.4,0.027,0.0,BTC-27SEP19-20000-C,7894.64,97.71,0.0215,15.0,0.031,15.0,106.13,9.13896,-3.65916,2.44971,4e-05,0.11385
8011.67,BTC-27SEP19,1558522742130,open,0.92,0.0,0.8475,1.001,0.92433135,96.28,None,0.0,BTC-27SEP19-15000-P,7894.64,0.0,0.0065,0.1,1.685,0.3,500.0,13.56667,-5.10755,-48.19167,6e-05,-0.7926
7975.45,BTC-28JUN19,1558522742130,open,0.06,100.5,0.0175,0.1015,0.05939503,92.77,0.061,0.0,BTC-28JUN19-7000-P,7894.64,89.1,0.0555,22.4,0.0615,14.4,94.74,8.49841,-10.69017,-2.71571,0.00014,-0.27764
7975.45,BTC-28JUN19,1558522742130,open,0.75,20.1,0.7095,0.789,0.74927498,137.34,0.578,0.0,BTC-28JUN19-2000-C,7894.64,0.0,0.002,0.5,0.851,1.0,500.0,0.03265,-0.06081,2.01738,0.0,0.99965
7975.45,BTC-28JUN19,1558522742130,open,0.0,857.0,0.0005,0.0405,0.0008295,131.67,0.001,0.0,BTC-28JUN19-3000-P,7894.64,0.0,0.0,0.0,0.0015,5.3,142.57,0.39608,-0.7071,-0.05064,0.0,-0.00545
7894.64,index_price,1558522742129,open,0.26,14.8,0.2165,0.3175,0.26690549,132.62,0.3345,0,BTC-24MAY19-10000-P,7894.64,0.0,0.003,1.0,0.2825,0.1,295.66,0.1153,-4.07618,-0.51099,3e-05,-0.99264
7975.22,BTC-28JUN19,1558522742131,open,0.52,10.0,0.4655,0.587,0.52611819,104.74,1.243,0.0,BTC-28JUN19-12000-P,7894.64,0.0,0.0,0.0,0.989,1.0,500.0,5.76148,-8.18233,-11.13296,9e-05,-0.8556
7975.22,BTC-28JUN19,1558522742130,open,0.0,94.5,0.0005,0.041,0.00110742,126.24,0.002,0.0,BTC-28JUN19-3250-P,7894.64,0.0,0.0,0.0,0.002,28.2,137.41,0.5181,-0.88685,-0.06846,1e-05,-0.00739
8011.67,BTC-27SEP19,1558522742131,open,0.49,0.2,0.453,0.5325,0.49263936,91.72,0.26,0.0,BTC-27SEP19-4250-C,7894.64,0.0,0.011,0.5,0.5225,2.0,122.11,6.71573,-2.4085,12.13444,3e-05,0.92496
8011.67,BTC-27SEP19,1558522742132,open,0.81,42.8,0.774,0.8535,0.81367758,120.11,0.815,0.0,BTC-27SEP19-1500-C,7894.64,0.0,0.0,0.0,0.0,0.0,0.0,0.47811,-0.22453,5.13598,0.0,0.99666
7975.22,BTC-28JUN19,1558522742132,open,0.0,137.0,0.0005,0.0415,0.00164329,113.78,0.002,0.0,BTC-28JUN19-3750-P,7894.64,97.16,0.0005,2.0,0.0025,2.8,121.46,0.77367,-1.19358,-0.10739,1e-05,-0.01168
8011.67,BTC-27SEP19,1558522742130,open,2.03,0.0,1.919,2.162,2.04058203,100.03,None,0.0,BTC-27DEC19-24000-P,7894.64,0.0,0.008,1.0,2.907,0.2,500.0,14.57465,-3.33035,-138.78947,4e-05,-0.84829
7975.22,BTC-28JUN19,1558522742133,open,0.41,97.0,0.37,0.4495,0.4099098,100.96,0.1965,0.0,BTC-28JUN19-4750-C,7894.64,0.0,0.121,1.0,0.6785,2.0,500.0,2.09169,-2.86328,4.44897,3e-05,0.96208
7894.64,index_price,1558522742130,open,0.11,37.8,0.0635,0.1515,0.10762657,95.92,0.098,0,BTC-31MAY19-8500-P,7894.64,82.27,0.1,18.0,0.1075,18.0,95.7,4.49829,-24.30681,-1.47834,0.00031,-0.66245
8011.44,BTC-27SEP19,1558522742134,open,0.08,170.9,0.037,0.1225,0.07978405,87.7,0.0805,0.0,BTC-27SEP19-6000-P,7894.64,85.15,0.0755,12.9,0.0835,6.0,89.89,13.55492,-4.64789,-8.05224,7e-05,-0.2071
7894.64,index_price,1558522742129,open,0.09,71.8,0.0465,0.126,0.0861772,104.14,0.094,0,BTC-24MAY19-7250-C,7894.64,99.25,0.0855,6.0,0.091,6.0,133.35,1.12763,-31.30361,0.32232,0.00034,0.88067
7894.64,index_price,1558522742130,open,0.05,134.1,0.005,0.0885,0.0467391,89.98,0.0435,0,BTC-31MAY19-7750-P,7894.64,83.02,0.0425,18.0,0.046,4.4,88.77,4.81218,-24.39296,-0.89598,0.00035,-0.41998
7894.64,index_price,1558522742129,open,0.09,265.9,0.0435,0.123,0.08315333,90.03,0.0855,0,BTC-31MAY19-7500-C,7894.64,89.76,0.083,18.0,0.09,18.0,102.04,4.46706,-22.65675,1.12349,0.00033,0.66838
7894.64,index_price,1558522742131,open,0.0,35.1,0.0005,0.04,2.1e-07,134.99,0.0005,0,BTC-24MAY19-5250-P,7894.64,0.0,0.0,0.0,0.0005,11.0,245.7,0.00025,-0.00167,0.0,0.0,-1e-05
7894.64,index_price,1558522742130,open,0.16,22.0,0.112,0.204,0.15800038,98.68,0.199,0,BTC-31MAY19-9000-P,7894.64,79.81,0.15,6.0,0.1575,6.0,97.59,3.63835,-20.22606,-1.80209,0.00024,-0.78072
7894.64,index_price,1558522742129,open,0.3,0.0,0.2465,0.35,0.2984291,129.93,None,0,BTC-24MAY19-10250-P,7894.64,0.0,0.003,1.0,0.3135,0.1,311.59,0.05053,-1.75025,-0.52558,1e-05,-0.99708
7894.64,index_price,1558522742132,open,0.0,243.1,0.0005,0.0425,0.00242229,114.21,0.003,0,BTC-24MAY19-7000-P,7894.64,102.89,0.0015,4.9,0.0035,40.0,124.94,0.72207,-19.12308,-0.02757,0.0002,-0.06553
8011.44,BTC-27SEP19,1558522742129,open,0.28,80.7,0.2405,0.32,0.28016364,84.06,0.297,0.0,BTC-27DEC19-7500-C,7894.64,82.05,0.2745,8.6,0.291,5.0,87.91,22.59524,-4.33874,18.49955,7e-05,0.66524
7894.64,index_price,1558522742130,open,0.21,3.7,0.169,0.2485,0.20857013,136.55,0.14,0,BTC-24MAY19-6250-C,7894.64,0.0,0.0055,1.8,0.222,0.1,301.67,0.11633,-4.23431,0.31806,3e-05,0.99256
7894.64,index_price,1558522742131,open,0.31,529.3,0.2655,0.345,0.3050432,121.63,0.232,0,BTC-31MAY19-5500-C,7894.64,0.0,0.145,2.0,0.319,3.0,199.71,0.66402,-4.54966,1.29051,4e-05,0.97728
7894.64,index_price,1558522742129,open,0.08,0.4,0.0415,0.128,0.08467452,93.6,0.17,0,BTC-31MAY19-8250-P,7894.64,82.52,0.078,18.0,0.086,0.1,95.79,4.78456,-25.22832,-1.29604,0.00034,-0.59044
7894.64,index_price,1558522742129,open,0.13,199.8,0.088,0.1675,0.1278756,90.55,0.128,0,BTC-31MAY19-7000-C,7894.64,93.29,0.129,6.0,0.135,6.0,107.12,3.20958,-16.37199,1.33222,0.00023,0.82184
7894.64,index_price,1558522742130,open,0.18,21.3,0.1375,0.217,0.17717426,128.23,0.121,0,BTC-24MAY19-6500-C,7894.64,0.0,0.0025,2.5,0.192,0.1,275.54,0.21878,-7.47846,0.32758,5e-05,0.98464
7894.64,index_price,1558522742132,open,0.0,212.7,0.0005,0.043,0.00333601,106.76,0.004,0,BTC-24MAY19-8750-C,7894.64,99.44,0.0025,5.6,0.0045,30.1,115.66,0.96251,-26.33664,0.03752,0.00028,0.09581
7894.64,index_price,1558522742131,open,0.37,0.0,0.327,0.4065,0.36667737,197.15,None,0,BTC-24MAY19-5000-C,7894.64,0.0,0.0045,0.2,0.3765,0.1,459.92,0.00967,-0.50819,0.25674,0.0,0.99952
8011.44,BTC-27SEP19,1558522742131,open,0.06,76.5,0.0215,0.101,0.06121988,97.02,0.0665,0.0,BTC-27DEC19-20000-C,7894.64,95.28,0.0575,1.0,0.0655,10.0,98.97,17.36144,-3.84775,6.66071,5e-05,0.19987
7894.64,index_price,1558522742133,open,0.0,100.7,0.0005,0.04,7.3e-06,134.99,0.0005,0,BTC-31MAY19-3750-P,7894.64,0.0,0.0,0.0,0.0005,20.0,195.56,0.00648,-0.04928,-0.00027,0.0,-0.00014
7894.64,index_price,1558522742130,open,0.0,348.3,0.0005,0.0405,0.00088562,129.68,0.0015,0,BTC-24MAY19-9500-C,7894.64,119.08,0.0005,1.0,0.0015,11.0,141.66,0.34072,-6.99163,0.01015,8e-05,0.0259
7894.64,index_price,1558522742130,open,0.02,166.0,0.0005,0.055,0.01452731,90.49,0.013,0,BTC-31MAY19-7000-P,7894.64,86.67,0.013,24.0,0.014,0.2,89.18,3.20796,-16.35221,-0.36964,0.00023,-0.17802
7894.64,index_price,1558522742131,open,0.05,658.9,0.01,0.0895,0.04991005,90.02,0.053,0,BTC-31MAY19-8000-C,7894.64,90.17,0.05,18.0,0.053,3.9,94.99,4.90986,-24.89994,0.84549,0.00036,0.49033
7894.64,index_price,1558522742136,open,0.0,165.1,0.0005,0.0445,0.00449505,103.95,0.0045,0,BTC-24MAY19-7250-P,7894.64,92.6,0.003,35.7,0.006,10.0,113.92,1.12498,-31.17391,-0.05007,0.00034,-0.11893
7894.64,index_price,1558522742130,open,0.07,56.6,0.0255,0.105,0.06508899,90.03,0.073,0,BTC-31MAY19-7750-C,7894.64,89.88,0.065,18.0,0.069,3.7,96.44,4.81221,-24.40583,0.9885,0.00035,0.58001
7894.64,index_price,1558522742131,open,0.3,0.0,0.2635,0.343,0.30334689,160.53,None,0,BTC-24MAY19-5500-C,7894.64,0.0,0.0505,2.0,0.3145,0.1,394.45,0.01357,-0.5806,0.28235,0.0,0.99931
7894.64,index_price,1558522742130,open,0.0,248.7,0.0005,0.0405,0.00049371,127.35,0.0005,0,BTC-24MAY19-6500-P,7894.64,0.0,0.0,0.0,0.001,10.0,142.12,0.21212,-3.89763,-0.00621,5e-05,-0.01482
264.21,ETH-27SEP19,1558522742141,open,1.01,0.0,0.95,1.112,1.031214,107.2,None,0.0,ETH-27SEP19-520-P,254.14,0.0,0.0,0.0,0.0,0.0,0.0,0.47101,-0.19744,-1.67034,0.0018,-0.77331
264.21,ETH-27SEP19,1558522742141,open,1.29,0.0,1.227,1.411,1.318957,110.74,None,0.0,ETH-27SEP19-600-P,254.14,0.0,0.0,0.0,0.0,0.0,0.0,0.40726,-0.17634,-1.98191,0.0015,-0.82215
258.14,ETH-28JUN19,1558522742141,open,0.17,60.0,0.135,0.228,0.181392,102.53,0.21,0.0,ETH-28JUN19-280-P,254.14,98.25,0.176,60.0,0.186,120.0,106.17,0.32611,-0.45334,-0.18669,0.00472,-0.53447
258.14,ETH-28JUN19,1558522742141,open,0.0,7276.0,0.001,0.044,0.004572,101.18,0.003,0.0,ETH-28JUN19-150-P,254.14,87.29,0.002,200.0,0.005,62.0,103.0,0.05926,-0.08131,-0.0096,0.00087,-0.03225
258.14,ETH-28JUN19,1558522742141,open,0.93,0.0,0.869,1.024,0.946573,122.06,None,0.0,ETH-28JUN19-500-P,254.14,0.0,0.0,0.0,0.0,0.0,0.0,0.10467,-0.17322,-0.49058,0.00127,-0.93449
264.21,ETH-27SEP19,1558522742141,open,0.09,385.0,0.049,0.128,0.088655,104.19,0.099,0.0,ETH-27SEP19-440-C,254.14,101.92,0.084,100.0,0.094,178.0,106.76,0.54538,-0.22219,0.19749,0.00214,0.302
258.12,ETH-28JUN19,1558522742141,open,0.29,0.0,0.249,0.352,0.300817,107.82,None,0.0,ETH-28JUN19-320-P,254.14,0.0,0.232,10.0,0.0,0.0,0.0,0.29502,-0.4313,-0.25465,0.00407,-0.6757
258.12,ETH-28JUN19,1558522742141,open,0.21,1728.0,0.167,0.246,0.206382,101.25,0.202,0.0,ETH-28JUN19-220-C,254.14,91.96,0.197,100.0,0.207,40.0,101.86,0.26369,-0.36201,0.14034,0.00387,0.74455
258.12,ETH-28JUN19,1558522742142,open,0.39,923.0,0.348,0.427,0.387794,101.46,0.357,0.0,ETH-28JUN19-160-C,254.14,0.0,0.1,3.0,0.0,0.0,0.0,0.0847,-0.11651,0.14659,0.00124,0.94994
264.21,ETH-27SEP19,1558522742142,open,0.45,400.0,0.4,0.479,0.439948,96.67,0.383,0.0,ETH-27SEP19-160-C,254.14,0.0,0.38,1.0,0.599,10.0,211.59,0.31737,-0.11996,0.40504,0.00134,0.87752
264.21,ETH-27SEP19,1558522742142,open,0.05,497.0,0.009,0.088,0.048122,110.79,0.054,0.0,ETH-27SEP19-600-C,254.14,108.07,0.044,40.0,0.053,189.0,113.89,0.40756,-0.17655,0.12027,0.0015,0.17805
258.12,ETH-28JUN19,1558522742142,open,0.62,0.0,0.574,0.653,0.613656,132.29,None,0.0,ETH-28JUN19-100-C,254.14,0.0,0.003,7.0,0.0,0.0,0.0,0.01567,-0.02812,0.09896,0.00018,0.99316
264.21,ETH-27SEP19,1558522742142,open,0.5,191.0,0.458,0.537,0.497391,96.66,0.5,0.0,ETH-27SEP19-140-C,254.14,0.0,0.044,1.0,0.0,0.0,0.0,0.23542,-0.08898,0.38995,0.001,0.91866
258.12,ETH-28JUN19,1558522742142,open,0.58,10.0,0.535,0.614,0.574925,120.04,0.265,0.0,ETH-28JUN19-110-C,254.14,0.0,0.028,1.0,0.0,0.0,0.0,0.01725,-0.02807,0.10886,0.00021,0.99237
254.14,index_price,1558522742141,open,0.38,0.0,0.331,0.41,0.370476,216.49,0.196,0,ETH-24MAY19-160-C,254.14,0.0,0.001,11.0,0.0,0.0,0.0,0.00068,-0.03896,0.00821,9e-05,0.99889
258.12,ETH-28JUN19,1558522742142,open,0.36,1130.0,0.314,0.393,0.353297,101.39,0.32,0.0,ETH-28JUN19-170-C,254.14,0.0,0.1,5.0,0.63,1.0,460.9,0.11324,-0.15568,0.14972,0.00166,0.92744
264.21,ETH-27SEP19,1558522742142,open,0.0,1723.0,0.001,0.043,0.00302,102.79,0.003,0.0,ETH-27SEP19-80-P,254.14,87.55,0.001,220.0,0.005,200.0,112.14,0.04767,-0.01916,-0.01359,0.00019,-0.01167
254.14,index_price,1558522742141,open,0.07,284.0,0.025,0.104,0.064661,103.09,0.064,0,ETH-24MAY19-240-C,254.14,84.07,0.061,50.0,0.068,50.0,118.69,0.05229,-1.4369,0.00949,0.01528,0.79148
254.14,index_price,1558522742141,open,0.0,338.0,0.001,0.04,0.000405,155.31,0.003,0,ETH-24MAY19-330-C,254.14,0.0,0.0,0.0,0.001,220.0,175.81,0.00528,-0.10292,0.00014,0.00102,0.011
254.14,index_price,1558522742141,open,0.0,440.0,0.001,0.04,0.000506,143.65,0.001,0,ETH-24MAY19-320-C,254.14,0.0,0.0,0.0,0.001,220.0,158.44,0.00666,-0.12872,0.00018,0.0014,0.0144
264.21,ETH-27SEP19,1558522742142,open,0.56,147.0,0.521,0.6,0.560205,96.69,0.45,0.0,ETH-27SEP19-120-C,254.14,0.0,0.037,5.0,0.0,0.0,0.0,0.15595,-0.05896,0.36272,0.00066,0.95206
258.12,ETH-28JUN19,1558522742143,open,0.43,481.0,0.384,0.463,0.423515,101.46,0.385,0.0,ETH-28JUN19-150-C,254.14,0.0,0.02,2.0,0.5,200.0,244.19,0.05975,-0.0822,0.14184,0.00087,0.96743
264.19,ETH-27SEP19,1558522742143,open,0.35,1735.0,0.302,0.381,0.3415,96.68,0.35,0.0,ETH-27SEP19-200-C,254.14,94.11,0.337,1.0,0.344,10.0,98.11,0.46289,-0.17498,0.40596,0.00196,0.7801
254.14,index_price,1558522742141,open,0.0,841.0,0.001,0.042,0.002383,118.89,0.005,0,ETH-24MAY19-290-C,254.14,114.52,0.002,120.0,0.004,443.0,134.18,0.02338,-0.60574,0.00083,0.00592,0.06601
254.14,index_price,1558522742141,open,0.0,5.0,0.001,0.041,0.001054,123.58,0.002,0,ETH-31MAY19-170-P,254.14,0.0,0.0,0.0,0.002,194.0,136.83,0.0146,-0.10162,-0.00096,0.00075,-0.01452
254.14,index_price,1558522742141,open,0.0,2147.0,0.001,0.041,0.001309,126.57,0.001,0,ETH-24MAY19-300-C,254.14,120.85,0.001,122.0,0.003,620.0,148.93,0.01483,-0.33257,0.00047,0.00353,0.03729
254.14,index_price,1558522742141,open,0.01,600.0,0.001,0.047,0.007387,99.34,0.009,0,ETH-31MAY19-210-P,254.14,84.78,0.004,104.0,0.009,93.0,105.19,0.06712,-0.37562,-0.00634,0.0043,-0.09527
258.12,ETH-28JUN19,1558522742143,open,0.0,9841.0,0.001,0.042,0.002575,101.17,0.005,0.0,ETH-28JUN19-140-P,254.14,87.57,0.001,776.0,0.003,62.0,103.86,0.03895,-0.05343,-0.00577,0.00057,-0.01954
254.14,index_price,1558522742141,open,0.03,481.0,0.001,0.07,0.030223,106.64,0.039,0,ETH-31MAY19-280-C,254.14,96.97,0.025,101.0,0.032,96.0,109.86,0.13955,-0.83838,0.01721,0.00833,0.30869
254.14,index_price,1558522742141,open,0.0,763.0,0.001,0.04,0.000811,135.66,0.001,0,ETH-24MAY19-310-C,254.14,0.0,0.0,0.0,0.002,570.0,158.0,0.00995,-0.20616,0.00029,0.00221,0.02305
254.14,index_price,1558522742142,open,0.02,1225.0,0.001,0.059,0.0197,103.12,0.021,0,ETH-24MAY19-260-C,254.14,104.2,0.02,83.0,0.024,270.0,118.62,0.07005,-1.92555,0.00488,0.02047,0.39303
254.14,index_price,1558522742141,open,0.01,763.0,0.001,0.046,0.006074,112.85,0.004,0,ETH-31MAY19-330-C,254.14,103.07,0.004,97.0,0.008,89.0,120.5,0.05965,-0.3792,0.00465,0.00337,0.08131
254.14,index_price,1558522742141,open,0.0,219.0,0.001,0.04,0.000236,160.01,0.001,0,ETH-24MAY19-340-C,254.14,0.0,0.0,0.0,0.001,220.0,192.37,0.00336,-0.06005,8e-05,0.00063,0.00657
254.14,index_price,1558522742142,open,0.0,1095.0,0.001,0.04,1e-06,159.97,0.003,0,ETH-24MAY19-160-P,254.14,0.0,0.0,0.0,0.001,220.0,302.13,2e-05,-0.00014,0.0,0.0,-2e-05
254.14,index_price,1558522742143,open,0.0,2019.0,0.001,0.04,0.000521,154.05,0.001,0,ETH-24MAY19-200-P,254.14,0.0,0.0,0.0,0.001,220.0,169.89,0.00612,-0.13253,-0.00018,0.0012,-0.01305
254.14,index_price,1558522742141,open,0.0,95.0,0.001,0.04,0.0,159.98,0.001,0,ETH-24MAY19-130-P,254.14,0.0,0.0,0.0,0.001,220.0,421.93,0.0,0.0,0.0,0.0,0.0
254.14,index_price,1558522742141,open,0.0,108.0,0.001,0.041,0.001787,101.65,0.002,0,ETH-31MAY19-190-P,254.14,0.0,0.0,0.0,0.003,201.0,112.04,0.02531,-0.14495,-0.00183,0.00159,-0.0278
254.14,index_price,1558522742141,open,0.0,1616.0,0.001,0.041,0.001057,141.2,0.002,0,ETH-24MAY19-210-P,254.14,0.0,0.0,0.0,0.002,363.0,158.74,0.01117,-0.26868,-0.00036,0.00238,-0.02647
254.14,index_price,1558522742143,open,0.29,0.0,0.253,0.356,0.304469,112.42,None,0,ETH-31MAY19-330-P,254.14,0.0,0.0,0.0,0.0,0.0,0.0,0.05914,-0.37451,-0.07565,0.00335,-0.9196
254.14,index_price,1558522742141,open,0.26,95.0,0.215,0.294,0.254226,102.24,0.199,0,ETH-31MAY19-190-C,254.14,0.0,0.0,0.0,0.0,0.0,0.0,0.0258,-0.14861,0.04433,0.00161,0.97155
254.14,index_price,1558522742142,open,0.33,0.0,0.285,0.391,0.337976,150.26,None,0,ETH-24MAY19-340-P,254.14,0.0,0.0,0.0,0.429,1.0,500.0,0.00218,-0.08734,-0.01742,0.00044,-0.99595
254.14,index_price,1558522742141,open,0.34,0.0,0.293,0.372,0.332184,124.48,None,0,ETH-31MAY19-170-C,254.14,0.0,0.001,1.0,0.0,0.0,0.0,0.01506,-0.10562,0.04034,0.00077,0.98494
254.14,index_price,1558522742141,open,0.33,0.0,0.289,0.395,0.342135,113.62,None,0,ETH-31MAY19-340-P,254.14,0.0,0.0,0.0,0.0,0.0,0.0,0.04725,-0.30242,-0.07923,0.00265,-0.93993
254.14,index_price,1558522742143,open,0.0,1843.0,0.001,0.042,0.001945,125.73,0.002,0,ETH-24MAY19-220-P,254.14,110.56,0.001,111.0,0.003,520.0,138.41,0.01877,-0.49428,-0.00068,0.0045,-0.04992
254.14,index_price,1558522742142,open,0.01,101.0,0.001,0.048,0.008579,112.14,0.014,0,ETH-31MAY19-320-C,254.14,102.57,0.006,106.0,0.011,106.0,119.98,0.07417,-0.46857,0.00622,0.00421,0.10929
8011.67,BTC-27SEP19,1558522742172,open,0.28,16.2,0.235,0.3375,0.28628201,88.49,0.262,0.0,BTC-27SEP19-9000-P,7894.64,84.35,0.2765,3.6,0.296,3.6,92.62,18.90325,-6.54086,-21.62395,9e-05,-0.48412
7894.64,index_price,1558522742191,open,0.11,20.0,0.0675,0.156,0.11165065,106.5,0.1375,0,BTC-24MAY19-8750-P,7894.64,0.0,0.107,0.4,0.112,0.4,109.31,0.95819,-27.20216,-0.41236,0.00028,-0.90478
8011.44,BTC-27SEP19,1558522742206,open,0.18,29.1,0.134,0.228,0.18085917,84.05,0.1915,0.0,BTC-27DEC19-7000-P,7894.64,81.5,0.174,5.1,0.1855,5.0,85.79,21.47492,-4.12347,-22.96124,7e-05,-0.29709
8011.67,BTC-27SEP19,1558522742227,open,0.01,42.8,0.0005,0.0545,0.0139561,92.8,0.027,0.0,BTC-27SEP19-3750-P,7894.64,87.58,0.011,15.0,0.017,25.3,97.65,4.79582,-1.74013,-1.7611,2e-05,-0.04879
264.19,ETH-27SEP19,1558522742248,open,0.78,0.0,0.735,0.814,0.774422,114.17,0.01,0.0,ETH-27SEP19-60-C,254.14,0.0,0.003,10.0,0.0,0.0,0.0,0.02532,-0.0113,0.20353,9e-05,0.99432
7894.64,index_price,1558522742365,open,0.02,481.2,0.0005,0.0605,0.02081068,93.66,0.0205,0,BTC-24MAY19-8000-C,7894.64,90.79,0.02,0.5,0.0235,6.0,103.18,2.22764,-55.61865,0.168,0.00074,0.43491
7894.64,index_price,1558522742624,open,0.02,117.0,0.0005,0.063,0.02252746,90.26,0.02,0,BTC-31MAY19-7250-P,7894.64,85.1,0.02,24.0,0.0225,3.6,90.2,3.90917,-19.87625,-0.52251,0.00029,-0.24965
7894.64,index_price,1558522742629,open,0.02,117.0,0.0005,0.063,0.02252746,90.26,0.02,0,BTC-31MAY19-7250-P,7894.64,85.1,0.02,24.0,0.0225,3.7,90.2,3.90917,-19.87625,-0.52251,0.00029,-0.24965
7894.64,index_price,1558522742655,open,0.07,56.6,0.0255,0.105,0.06507375,90.03,0.073,0,BTC-31MAY19-7750-C,7894.64,89.88,0.065,18.0,0.0695,4.4,97.26,4.81221,-24.40583,0.9885,0.00035,0.58001
7894.64,index_price,1558522742825,open,0.03,204.7,0.0005,0.074,0.03314771,89.99,0.0295,0,BTC-31MAY19-7500-P,7894.64,84.42,0.03,24.0,0.0325,4.3,88.86,4.46675,-22.64285,-0.70012,0.00033,-0.33156
7894.64,index_price,1558522742828,open,0.03,204.7,0.0005,0.074,0.03314771,89.99,0.0295,0,BTC-31MAY19-7500-P,7894.64,84.42,0.03,24.0,0.0325,4.4,88.86,4.46675,-22.64285,-0.70012,0.00033,-0.33156
264.19,ETH-27SEP19,1558522742836,open,0.1,2710.0,0.055,0.142,0.098416,96.62,0.102,0.0,ETH-27SEP19-200-P,254.14,92.37,0.091,40.0,0.1,166.0,97.52,0.46284,-0.17485,-0.29459,0.00196,-0.21986
7894.64,index_price,1558522742840,open,0.06,25.9,0.021,0.1055,0.06324273,89.98,0.059,0,BTC-31MAY19-8000-P,7894.64,84.79,0.06,0.5,0.061,3.8,86.4,4.90985,-24.88675,-1.09988,0.00036,-0.50971
264.19,ETH-27SEP19,1558522742837,open,0.12,1191.0,0.079,0.158,0.118094,101.7,0.111,0.0,ETH-27SEP19-380-C,254.14,99.88,0.114,100.0,0.123,275.0,103.87,0.59587,-0.23695,0.24333,0.0024,0.38099
7975.22,BTC-28JUN19,1558522742857,open,0.02,303.6,0.0005,0.055,0.01544136,108.59,0.014,0.0,BTC-28JUN19-13000-C,7894.64,105.16,0.0135,24.0,0.017,20.0,111.18,4.67046,-6.8768,0.7371,7e-05,0.10693
264.19,ETH-27SEP19,1558522742856,open,0.07,3.0,0.024,0.103,0.063157,107.25,0.066,0.0,ETH-27SEP19-520-C,254.14,104.32,0.058,184.0,0.069,184.0,110.48,0.47116,-0.19759,0.15151,0.0018,0.22685
7894.64,index_price,1558522742869,open,0.01,389.0,0.0005,0.0455,0.00570279,99.22,0.0055,0,BTC-24MAY19-8500-C,7894.64,95.04,0.005,5.6,0.007,5.1,106.43,1.36512,-36.10778,0.06174,0.00043,0.1579
7894.64,index_price,1558522742876,open,0.0,165.1,0.0005,0.0445,0.00449864,103.95,0.0045,0,BTC-24MAY19-7250-P,7894.64,92.6,0.003,35.6,0.006,10.0,113.92,1.12498,-31.17391,-0.05007,0.00034,-0.11893
7894.64,index_price,1558522742878,open,0.0,939.5,0.0005,0.041,0.00137713,130.36,0.0015,0,BTC-31MAY19-5250-P,7894.64,112.95,0.0005,7.6,0.002,66.6,138.56,0.53197,-3.90671,-0.03623,3e-05,-0.0175
7894.64,index_price,1558522742886,open,0.01,227.8,0.0005,0.051,0.01137995,97.15,0.011,0,BTC-24MAY19-8250-C,7894.64,91.27,0.01,7.0,0.013,4.0,103.8,1.88878,-48.91325,0.107,0.00061,0.27512
7894.64,index_price,1558522742888,open,0.0,212.7,0.0005,0.043,0.00333337,106.76,0.004,0,BTC-24MAY19-8750-C,7894.64,99.44,0.0025,5.7,0.0045,30.1,115.66,0.96251,-26.33664,0.03752,0.00028,0.09581
7894.64,index_price,1558522742891,open,0.0,106.1,0.0005,0.0405,0.00080894,114.21,0.002,0,BTC-24MAY19-6750-P,7894.64,105.84,0.0005,9.3,0.001,20.0,118.45,0.33457,-6.38021,-0.01061,9e-05,-0.02534
7894.64,index_price,1558522742893,open,0.01,174.0,0.0005,0.049,0.0090628,96.89,0.0075,0,BTC-24MAY19-7500-P,7894.64,86.88,0.007,38.6,0.0095,3.0,98.97,1.67456,-43.24812,-0.09282,0.00054,-0.21974
7894.64,index_price,1558522742895,open,0.04,136.8,0.0005,0.0765,0.03668447,93.68,0.037,0,BTC-24MAY19-7750-C,7894.64,92.94,0.0365,5.2,0.04,0.1,105.73,2.15256,-53.75523,0.23717,0.00072,0.62131
7894.64,index_price,1558522742912,open,0.0,243.1,0.0005,0.0425,0.00242429,114.21,0.003,0,BTC-24MAY19-7000-P,7894.64,102.89,0.0015,4.8,0.0035,40.0,124.94,0.72207,-19.12308,-0.02757,0.0002,-0.06553
7894.64,index_price,1558522742913,open,0.02,85.2,0.0005,0.059,0.01836317,93.58,0.0195,0,BTC-24MAY19-7750-P,7894.64,84.92,0.016,4.8,0.02,25.0,99.61,2.15237,-53.69054,-0.16104,0.00072,-0.37859
7894.64,index_price,1558522742918,open,0.01,138.1,0.0005,0.05,0.01030628,101.4,0.0135,0,BTC-31MAY19-9500-C,7894.64,95.91,0.0085,19.8,0.0115,4.2,104.79,2.70675,-15.46162,0.24418,0.00018,0.13751
8011.44,BTC-27SEP19,1558522742925,open,0.42,793.5,0.377,0.4565,0.41694211,88.8,0.425,0.0,BTC-27SEP19-5000-C,7894.64,0.0,0.1105,2.0,0.461,2.0,122.0,9.65658,-3.35304,12.90991,5e-05,0.87692
8011.44,BTC-27SEP19,1558522743052,open,0.12,181.0,0.074,0.163,0.11863496,84.19,0.1125,0.0,BTC-27DEC19-6000-P,7894.64,81.52,0.1125,4.9,0.1225,5.0,85.88,18.40841,-3.54035,-16.30724,6e-05,-0.22082
8011.41,BTC-27SEP19,1558522743129,open,1.52,0.0,1.4225,1.6235,1.52292948,102.33,None,0.0,BTC-27SEP19-20000-P,7894.91,0.0,0.006,10.0,2.284,0.2,500.0,9.12411,-3.65067,-67.62401,4e-05,-0.8864
8011.41,BTC-27SEP19,1558522743129,open,1.76,0.0,1.658,1.879,1.76849944,105.67,None,0.0,BTC-27SEP19-22000-P,7894.91,0.0,0.006,10.0,2.5245,0.2,500.0,8.1004,-3.34674,-74.99971,3e-05,-0.90362
8011.41,BTC-27SEP19,1558522743130,open,0.69,56.4,0.6525,0.732,0.69230324,106.8,0.6975,0.0,BTC-27SEP19-2500-C,7894.91,0.0,0.0065,0.1,0.6995,2.0,129.94,1.84193,-0.76916,8.20266,1e-05,0.98455
8011.41,BTC-27SEP19,1558522743130,open,0.0,421.7,0.0005,0.042,0.00206446,111.8,0.0025,0.0,BTC-27SEP19-2000-P,7894.91,101.12,0.001,15.0,0.0025,5.1,115.11,0.99277,-0.43399,-0.27107,0.0,-0.00759
7975.2,BTC-28JUN19,1558522743130,open,0.01,739.2,0.0005,0.0475,0.00755083,99.13,0.006,0.0,BTC-28JUN19-5000-P,7894.91,94.16,0.006,24.0,0.009,20.0,103.32,2.63786,-3.54542,-0.46824,4e-05,-0.05056
8011.41,BTC-27SEP19,1558522743130,open,0.58,6.1,0.521,0.6475,0.58436975,91.88,1.781,0.0,BTC-27SEP19-12000-P,7894.91,0.0,0.0105,0.1,1.3295,0.3,500.0,16.93093,-6.08228,-35.5215,8e-05,-0.6812
8011.41,BTC-27SEP19,1558522743130,open,0.16,362.9,0.123,0.2025,0.16294952,88.51,0.1635,0.0,BTC-27SEP19-9000-C,7894.91,85.36,0.1555,5.0,0.17,5.0,91.5,18.90261,-6.5419,9.90626,9e-05,0.51589
7975.2,BTC-28JUN19,1558522743130,open,0.0,680.4,0.0005,0.04,0.00024697,135.0,0.0005,0.0,BTC-28JUN19-2500-P,7894.91,0.0,0.0,0.0,0.001,7.3,158.53,0.14319,-0.26211,-0.01618,0.0,-0.00176
7975.2,BTC-28JUN19,1558522743130,open,0.0,520.8,0.0005,0.04,3.574e-05,135.0,0.0005,0.0,BTC-28JUN19-2000-P,7894.91,0.0,0.0,0.0,0.001,10.0,187.72,0.02742,-0.05019,-0.00265,0.0,-0.00029
8011.41,BTC-27SEP19,1558522743130,open,0.64,0.0,0.6015,0.681,0.64105426,91.27,None,0.0,BTC-27DEC19-3000-C,7894.91,0.0,0.006,10.0,0.988,0.5,500.0,5.41669,-1.12935,15.29123,2e-05,0.95935
7975.2,BTC-28JUN19,1558522743131,open,0.0,561.2,0.0005,0.042,0.00202982,108.37,0.0025,0.0,BTC-28JUN19-4000-P,7894.91,97.71,0.001,25.0,0.003,1.0,115.56,0.9489,-1.39436,-0.13559,1e-05,-0.0148
7975.2,BTC-28JUN19,1558522743131,open,0.01,295.5,0.0005,0.0455,0.00546935,100.82,0.008,0.0,BTC-28JUN19-4750-P,7894.91,94.72,0.004,24.0,0.007,30.0,106.3,2.08447,-2.84957,-0.34834,3e-05,-0.03776
8011.41,BTC-27SEP19,1558522743132,open,1.04,0.0,0.961,1.1235,1.042197,97.77,None,0.0,BTC-27SEP19-16000-P,7894.91,0.0,0.0065,0.1,1.805,0.2,500.0,12.5505,-4.79803,-52.1973,6e-05,-0.81751
8011.41,BTC-27SEP19,1558522743130,open,0.76,0.0,0.7175,0.797,0.7570817,104.56,None,0.0,BTC-27DEC19-2000-C,7894.91,0.0,0.0185,3.0,0.991,0.5,500.0,2.62318,-0.62659,10.85058,1e-05,0.98294
8011.41,BTC-27SEP19,1558522743132,open,0.2,66.1,0.1545,0.25,0.20234833,87.01,0.1975,0.0,BTC-27SEP19-8000-P,7894.91,84.01,0.1955,4.9,0.21,5.0,90.36,18.28764,-6.22147,-16.83149,9e-05,-0.39733
8011.41,BTC-27SEP19,1558522743132,open,0.63,226.1,0.593,0.6725,0.63261239,100.02,0.585,0.0,BTC-27SEP19-3000-C,7894.91,0.0,0.0065,0.1,0.649,2.0,133.39,2.79744,-1.09402,9.60211,1e-05,0.97472
7975.47,BTC-28JUN19,1558522743132,open,0.89,2.0,0.814,0.9645,0.88926908,115.13,2.658,0.0,BTC-28JUN19-15000-P,7894.91,0.0,0.0,0.0,1.3165,1.0,500.0,3.07475,-4.80005,-14.72817,4e-05,-0.9386
8011.41,BTC-27SEP19,1558522743132,open,0.04,229.2,0.0005,0.0825,0.04104493,88.79,0.039,0.0,BTC-27SEP19-5000-P,7894.91,85.81,0.0375,14.5,0.044,6.0,91.21,9.6552,-3.35188,-4.60602,5e-05,-0.12306
8011.41,BTC-27SEP19,1558522743132,open,0.09,526.0,0.047,0.1265,0.08655468,91.9,0.0895,0.0,BTC-27SEP19-12000-C,7894.91,89.25,0.081,13.5,0.0915,10.0,94.23,16.93296,-6.08453,6.52101,8e-05,0.31889
8011.41,BTC-27SEP19,1558522743132,open,0.8,0.0,0.736,0.8805,0.80821933,94.71,None,0.0,BTC-27SEP19-14000-P,7894.91,0.0,0.0065,0.1,1.5665,0.3,500.0,14.64563,-5.42339,-44.0958,7e-05,-0.76284
7975.47,BTC-28JUN19,1558522743133,open,0.47,10.5,0.43,0.5095,0.46998603,105.69,0.428,0.0,BTC-28JUN19-4250-C,7894.91,0.0,0.0325,3.0,0.6995,3.0,500.0,1.25805,-1.80284,4.10471,2e-05,0.97941
8011.41,BTC-27SEP19,1558522743133,open,0.01,374.8,0.0005,0.051,0.0108587,94.19,0.0155,0.0,BTC-27SEP19-3500-P,7894.91,89.17,0.0085,15.0,0.013,3.9,98.3,3.99133,-1.47002,-1.39549,2e-05,-0.03886
7975.47,BTC-28JUN19,1558522743133,open,0.2,13.7,0.1535,0.249,0.20127315,94.45,0.221,0.0,BTC-28JUN19-9000-P,7894.91,91.78,0.198,14.4,0.2085,14.4,100.31,9.79602,-12.54528,-6.45355,0.00016,-0.59966
8011.41,BTC-27SEP19,1558522743133,open,0.0,1639.1,0.0005,0.0405,0.00089765,119.99,0.0005,0.0,BTC-27SEP19-1500-P,7894.91,0.0,0.0,0.0,0.001,5.6,121.65,0.47563,-0.22315,-0.11845,0.0,-0.00332
8011.41,BTC-27SEP19,1558522743134,open,0.52,233.5,0.479,0.5585,0.5187087,92.01,0.5435,0.0,BTC-27SEP19-4000-C,7894.91,0.0,0.1655,1.1,0.545,2.0,122.43,5.71166,-2.05492,11.8006,3e-05,0.93914
8011.41,BTC-27SEP19,1558522743134,open,0.06,48.6,0.021,0.1005,0.06076336,94.73,0.065,0.0,BTC-27SEP19-14000-C,7894.91,91.81,0.0555,14.2,0.065,24.2,97.03,14.64962,-5.42648,4.95426,7e-05,0.23728
7975.47,BTC-28JUN19,1558522743134,open,0.5,322.4,0.4605,0.54,0.50047626,108.25,0.451,0.0,BTC-28JUN19-4000-C,7894.91,0.0,0.0605,3.0,0.675,3.0,442.19,0.94428,-1.38594,3.90638,1e-05,0.98529
8011.41,BTC-27SEP19,1558522743130,open,0.05,32.2,0.012,0.0915,0.05184604,98.45,0.0595,0.0,BTC-27DEC19-22000-C,7894.91,95.95,0.047,4.9,0.057,10.0,101.0,15.85403,-3.56564,5.80271,4e-05,0.17263
8011.41,BTC-27SEP19,1558522743131,open,1.08,0.0,1.001,1.167,1.08386468,92.6,None,0.0,BTC-27DEC19-16000-P,7894.91,0.0,0.006,5.0,1.924,0.2,500.0,20.59688,-4.35701,-87.0333,6e-05,-0.72778
7894.91,index_price,1558522743130,open,0.0,390.1,0.0005,0.04,7.209e-05,135.01,0.0005,0,BTC-31MAY19-4250-P,7894.91,0.0,0.0,0.0,0.001,20.0,180.49,0.04735,-0.3601,-0.00236,0.0,-0.00116
8011.41,BTC-27SEP19,1558522743131,open,0.82,0.0,0.7755,0.855,0.81507925,104.57,None,0.0,BTC-27DEC19-1500-C,7894.91,0.0,0.0245,10.0,0.992,0.5,500.0,1.16022,-0.27714,8.56283,0.0,0.99332
7894.91,index_price,1558522743134,open,0.12,60.0,0.076,0.1555,0.11574674,113.93,0.118,0,BTC-24MAY19-7000-C,7894.91,0.0,0.05,0.1,0.1205,6.0,153.16,0.71775,-21.79712,0.33237,0.0002,0.93498
7894.91,index_price,1558522743134,open,0.49,9.0,0.4535,0.533,0.49335186,123.89,0.249,0,BTC-31MAY19-4000-C,7894.91,0.0,0.0165,0.2,0.0,0.0,0.0,0.00711,-0.04963,0.97238,0.0,0.99985
7894.91,index_price,1558522743130,open,0.53,0.0,0.4855,0.565,0.52500148,0.0,None,0,BTC-31MAY19-3750-C,7894.91,0.0,0.0065,0.5,0.0,0.0,0.0,0.0,0.0,0.91189,0.0,1.0
7894.91,index_price,1558522743132,open,0.0,277.1,0.0005,0.04,0.00022365,134.96,0.0005,0,BTC-24MAY19-6250-P,7894.91,0.0,0.0,0.0,0.0005,12.0,149.81,0.10867,-1.76572,-0.00288,3e-05,-0.00688
7894.91,index_price,1558522743132,open,0.14,28.6,0.0965,0.1875,0.14216791,116.09,0.1395,0,BTC-24MAY19-9000-P,7894.91,0.0,0.136,6.0,0.1425,6.0,119.71,0.6977,-21.59162,-0.43795,0.00019,-0.93731
8011.68,BTC-27SEP19,1558522743132,open,0.07,49.1,0.029,0.1085,0.06898457,93.57,0.074,0.0,BTC-27DEC19-18000-C,7894.91,91.83,0.065,4.9,0.072,0.2,94.85,18.61352,-3.97847,7.50236,5e-05,0.22514
8011.68,BTC-27SEP19,1558522743132,open,0.34,63.9,0.2975,0.377,0.33700058,84.14,0.3025,0.0,BTC-27DEC19-6500-C,7894.91,74.96,0.314,5.0,0.3475,5.0,88.33,20.08032,-3.8596,19.41343,6e-05,0.74109
7894.91,index_price,1558522743137,open,0.15,15.9,0.106,0.1855,0.14579845,113.56,0.1345,0,BTC-24MAY19-6750-C,7894.91,105.26,0.1455,6.0,0.151,6.0,175.89,0.32728,-9.90677,0.33654,9e-05,0.97531
8011.68,BTC-27SEP19,1558522743133,open,0.14,86.9,0.099,0.1785,0.13851664,88.18,0.1455,0.0,BTC-27DEC19-12000-C,7894.91,85.83,0.1315,10.0,0.145,20.0,90.34,23.98805,-4.83238,12.62123,7e-05,0.40122
254.14,index_price,1558522743190,open,0.1,59.0,0.052,0.131,0.0919,99.37,0.098,0,ETH-31MAY19-240-C,254.14,94.2,0.089,2.0,0.104,150.0,120.62,0.14308,-0.80092,0.03588,0.00917,0.67253
8011.41,BTC-27SEP19,1558522743196,open,0.16,283.4,0.1195,0.199,0.1594396,87.19,0.1645,0.0,BTC-27DEC19-11000-C,7894.91,84.75,0.152,13.6,0.162,3.0,88.02,24.5351,-4.88658,13.83841,7e-05,0.44749
8011.41,BTC-27SEP19,1558522743206,open,0.12,92.7,0.081,0.1605,0.12075067,88.98,0.135,0.0,BTC-27DEC19-13000-C,7894.91,86.81,0.1145,14.9,0.127,45.0,91.12,23.21299,-4.71824,11.50093,7e-05,0.36015
8011.41,BTC-27SEP19,1558522743207,open,0.38,2.1,0.324,0.434,0.37898666,89.65,0.3915,0.0,BTC-27SEP19-10000-P,7894.91,84.72,0.3675,3.6,0.3885,3.6,93.72,18.69893,-6.55481,-26.37195,9e-05,-0.5606
7894.91,index_price,1558522743210,open,0.13,0.0,0.087,0.177,0.13184209,97.06,None,0,BTC-31MAY19-8750-P,7894.91,81.25,0.124,6.0,0.1315,6.0,96.4,4.09318,-22.38084,-1.64879,0.00028,-0.72699
8011.41,BTC-27SEP19,1558522743223,open,1.28,1.0,1.1895,1.3715,1.28061079,99.96,1.5815,0.0,BTC-27SEP19-18000-P,7894.91,0.0,0.0065,0.1,2.044,0.3,500.0,10.64582,-4.16102,-60.0314,5e-05,-0.85821
8011.41,BTC-27SEP19,1558522743254,open,0.43,1.0,0.3745,0.4885,0.43154773,85.6,0.438,0.0,BTC-27DEC19-10000-P,7894.91,80.57,0.416,3.6,0.4415,3.6,88.83,24.74967,-4.83985,-44.81063,8e-05,-0.50121
8011.41,BTC-27SEP19,1558522743315,open,0.28,16.2,0.235,0.3375,0.28633293,88.51,0.262,0.0,BTC-27SEP19-9000-P,7894.91,84.13,0.276,3.6,0.296,3.6,92.6,18.90263,-6.54146,-21.6247,9e-05,-0.48412
7894.91,index_price,1558522743338,open,0.11,20.0,0.0675,0.156,0.1116803,107.03,0.1375,0,BTC-24MAY19-8750-P,7894.91,0.0,0.107,0.4,0.112,6.4,109.58,0.96737,-27.59907,-0.41189,0.00028,-0.90354
8011.68,BTC-27SEP19,1558522743340,open,0.63,1.3,0.571,0.7015,0.63637471,88.2,0.6035,0.0,BTC-27DEC19-12000-P,7894.91,80.81,0.6145,3.6,0.6435,3.6,90.57,23.989,-4.83339,-59.33711,7e-05,-0.59871
7975.47,BTC-28JUN19,1558522743514,open,0.32,144.0,0.284,0.3635,0.323889,95.78,0.3335,0.0,BTC-28JUN19-5500-C,7894.91,87.38,0.32,3.1,0.327,5.1,101.84,3.9408,-5.11777,4.76397,6e-05,0.91511
254.14,index_price,1558522743524,open,0.16,0.0,0.117,0.209,0.163282,107.94,None,0,ETH-31MAY19-290-P,254.14,71.49,0.148,50.0,0.164,50.0,109.41,0.12375,-0.75249,-0.05694,0.0073,-0.75804
254.14,index_price,1558522743569,open,0.01,1191.0,0.001,0.045,0.005268,116.1,0.011,0,ETH-24MAY19-280-C,254.14,114.32,0.005,3.0,0.006,250.0,120.78,0.0387,-1.19775,0.00164,0.01004,0.13078
254.14,index_price,1558522743995,open,0.13,100.0,0.098,0.189,0.143482,118.84,0.213,0,ETH-24MAY19-290-P,254.14,0.0,0.136,50.0,0.143,50.0,113.27,0.02335,-0.73979,-0.01407,0.00592,-0.93408
254.14,index_price,1558522744013,open,0.21,100.0,0.172,0.269,0.22061,135.62,0.223,0,ETH-24MAY19-310-P,254.14,0.0,0.213,50.0,0.22,50.0,112.52,0.00993,-0.35911,-0.01564,0.00221,-0.97698
264.19,ETH-27SEP19,1558522744096,open,0.17,1272.0,0.126,0.218,0.17198,96.61,0.163,0.0,ETH-27SEP19-240-P,254.14,92.9,0.164,40.0,0.178,139.0,99.47,0.56279,-0.21259,-0.45989,0.00238,-0.32497
7975.44,BTC-28JUN19,1558522744129,open,1.51,0.4,1.41,1.61,1.50992585,125.38,5.076,0.0,BTC-28JUN19-20000-P,7894.92,0.0,0.0,0.0,1.881,2.0,500.0,1.0969,-1.8647,-20.0826,1e-05,-0.98247
8011.64,BTC-27SEP19,1558522744130,open,0.58,261.1,0.534,0.6135,0.57398338,94.17,0.52,0.0,BTC-27SEP19-3500-C,7894.92,0.0,0.161,1.0,0.5865,0.5,114.87,3.98935,-1.46899,10.86754,2e-05,0.96116
8011.64,BTC-27SEP19,1558522744130,open,0.05,66.2,0.0125,0.092,0.05212155,96.32,0.057,0.0,BTC-27SEP19-15000-C,7894.92,93.55,0.0475,14.5,0.056,14.5,98.58,13.57216,-5.11149,4.36233,6e-05,0.20754
8011.64,BTC-27SEP19,1558522744130,open,0.48,3.2,0.42,0.538,0.47885535,90.77,0.481,0.0,BTC-27SEP19-11000-P,7894.92,0.0,0.007,1.0,1.2115,0.3,500.0,17.9658,-6.37617,-31.01287,9e-05,-0.62605
7894.92,index_price,1558522744129,open,0.0,11.2,0.0005,0.0435,0.00391922,109.82,0.005,0,BTC-31MAY19-10500-C,7894.92,104.29,0.003,50.0,0.005,21.0,115.47,1.41076,-8.72763,0.10211,8e-05,0.05711
8011.64,BTC-27SEP19,1558522744130,open,0.59,4.0,0.548,0.6275,0.58753651,88.92,0.59,0.0,BTC-27DEC19-3500-C,7894.92,0.0,0.006,10.0,0.996,1.0,500.0,7.48052,-1.51951,16.88826,2e-05,0.93906
8011.64,BTC-27SEP19,1558522744131,open,0.03,97.6,0.0005,0.0685,0.02756051,89.86,0.029,0.0,BTC-27SEP19-4500-P,7894.92,86.01,0.024,27.0,0.0305,6.0,92.9,7.60109,-2.67069,-3.25591,4e-05,-0.08844
7894.92,index_price,1558522744129,open,0.0,46.0,0.0005,0.042,0.00242782,113.22,0.003,0,BTC-31MAY19-11000-C,7894.92,104.71,0.0015,50.0,0.003,11.0,117.5,0.98905,-6.30831,0.0658,6e-05,0.0367
8011.64,BTC-27SEP19,1558522744134,open,0.37,231.1,0.3325,0.412,0.37218888,88.3,0.3795,0.0,BTC-27SEP19-5500-C,7894.92,82.6,0.364,4.6,0.3775,4.3,91.91,11.69247,-4.03712,13.03813,6e-05,0.8367
8011.64,BTC-27SEP19,1558522744129,open,2.27,0.0,2.1515,2.414,2.28275861,100.31,None,0.0,BTC-27DEC19-26000-P,7894.92,0.0,0.006,10.0,3.1535,0.2,500.0,13.11394,-3.00506,-151.47371,3e-05,-0.87015
8011.65,BTC-27SEP19,1558522744130,open,0.41,56.9,0.3655,0.445,0.40544222,84.19,0.436,0.0,BTC-27DEC19-5500-C,7894.92,0.0,0.006,10.0,0.481,0.5,120.09,16.46433,-3.16642,19.75892,5e-05,0.81672
7894.92,index_price,1558522744130,open,0.24,19.2,0.2005,0.28,0.24007348,134.78,0.24,0,BTC-24MAY19-6000-C,7894.92,0.0,0.1,0.1,0.2525,0.1,329.95,0.03479,-1.24994,0.30753,1e-05,0.99807
7894.92,index_price,1558522744129,open,0.04,71.3,0.0005,0.0795,0.03969364,93.63,0.042,0,BTC-31MAY19-8250-C,7894.92,90.01,0.0375,13.4,0.0405,3.9,94.96,4.78513,-25.2397,0.71035,0.00034,0.4097
7894.92,index_price,1558522744129,open,0.0,358.9,0.0005,0.04,0.00011768,135.0,0.0005,0,BTC-24MAY19-10250-C,7894.92,0.0,0.0,0.0,0.0005,111.5,159.48,0.06755,-0.9291,0.00159,2e-05,0.00403
7894.92,index_price,1558522744131,open,0.0,125.3,0.0005,0.0415,0.00152901,106.53,0.001,0,BTC-31MAY19-5750-P,7894.92,99.53,0.001,14.5,0.002,10.1,111.59,0.67608,-4.05713,-0.0475,4e-05,-0.02321
7894.92,index_price,1558522744129,open,0.01,78.2,0.0005,0.0475,0.00774189,102.56,0.0105,0,BTC-31MAY19-9750-C,7894.92,98.08,0.0065,5.0,0.009,14.7,106.77,2.27767,-13.15903,0.1916,0.00015,0.10754
8011.65,BTC-27SEP19,1558522744131,open,0.01,89.9,0.0005,0.0465,0.006724,104.56,0.01,0.0,BTC-27DEC19-2000-P,7894.92,97.0,0.0045,0.1,0.009,10.0,110.97,2.62286,-0.62649,-1.14241,1e-05,-0.01706
8011.65,BTC-27SEP19,1558522744130,open,0.04,111.5,0.0005,0.077,0.03739043,100.26,0.0385,0.0,BTC-27DEC19-26000-C,7894.92,99.4,0.036,6.0,0.0385,5.0,100.93,13.09851,-2.99987,4.43147,3e-05,0.12963
7894.92,index_price,1558522744130,open,0.0,101.4,0.0005,0.04,1.81e-06,135.0,0.0005,0,BTC-31MAY19-3500-P,7894.92,0.0,0.0,0.0,0.0005,19.5,212.38,0.00186,-0.01416,-7e-05,0.0,-4e-05
8011.65,BTC-27SEP19,1558522744133,open,0.03,134.6,0.0005,0.077,0.0359964,86.96,0.0425,0.0,BTC-27DEC19-4000-P,7894.92,84.03,0.0325,6.0,0.0395,15.0,89.81,9.7076,-1.92849,-5.84326,3e-05,-0.08563
7894.92,index_price,1558522744130,open,0.16,275.7,0.1145,0.194,0.15434948,92.31,0.161,0,BTC-31MAY19-6750-C,7894.92,95.86,0.1555,6.0,0.1615,6.0,112.55,2.50517,-13.02783,1.38744,0.00018,0.87705
7894.92,index_price,1558522744132,open,0.27,301.7,0.2335,0.313,0.27321165,106.51,0.198,0,BTC-31MAY19-5750-C,7894.92,0.0,0.101,1.0,0.293,3.0,199.98,0.67583,-4.05522,1.35075,4e-05,0.9768
7894.92,index_price,1558522744133,open,0.0,582.1,0.0005,0.04,5.681e-05,135.0,0.0005,0,BTC-24MAY19-6000-P,7894.92,0.0,0.0,0.0,0.0005,10.9,172.62,0.03524,-0.4485,-0.00082,1e-05,-0.00196
8011.65,BTC-27SEP19,1558522744130,open,0.53,12.9,0.4715,0.5935,0.53244298,87.18,0.605,0.0,BTC-27DEC19-11000-P,7894.92,80.81,0.513,3.6,0.54,3.6,89.65,24.53592,-4.88663,-52.12334,7e-05,-0.5525
254.14,index_price,1558522744151,open,0.1,2.0,0.063,0.151,0.107023,116.1,0.17,0,ETH-24MAY19-280-P,254.14,0.0,0.099,50.0,0.106,50.0,109.09,0.0387,-1.19776,-0.01275,0.01004,-0.86921
8011.65,BTC-27SEP19,1558522744152,open,0.18,29.1,0.134,0.228,0.18087704,84.07,0.1915,0.0,BTC-27DEC19-7000-P,7894.92,81.32,0.1735,5.1,0.1855,5.0,85.79,21.47484,-4.12401,-22.96177,7e-05,-0.29707
8011.64,BTC-27SEP19,1558522744159,open,0.42,793.5,0.377,0.4565,0.41694031,88.78,0.425,0.0,BTC-27SEP19-5000-C,7894.92,0.0,0.1105,2.0,0.4615,2.0,122.35,9.65433,-3.35133,12.91201,5e-05,0.87696
254.14,index_price,1558522744169,open,0.29,0.0,0.247,0.35,0.298901,155.27,None,0,ETH-24MAY19-330-P,254.14,0.0,0.0,0.0,0.379,2.0,500.0,0.00527,-0.21806,-0.01682,0.00102,-0.98902
8011.64,BTC-27SEP19,1558522744179,open,1.28,1.0,1.1895,1.3715,1.28068002,100.06,1.5815,0.0,BTC-27SEP19-18000-P,7894.92,0.0,0.0065,0.1,2.0435,0.3,500.0,10.66534,-4.17274,-60.02446,5e-05,-0.85783
254.14,index_price,1558522744190,open,0.26,0.0,0.218,0.318,0.26772,112.11,None,0,ETH-31MAY19-320-P,254.14,0.0,0.0,0.0,0.0,0.0,0.0,0.07414,-0.46826,-0.07159,0.00421,-0.89077
254.14,index_price,1558522744231,open,0.1,1.0,0.06,0.148,0.10398,106.6,0.086,0,ETH-31MAY19-270-P,254.14,79.29,0.088,150.0,0.107,150.0,111.64,0.15198,-0.91269,-0.04416,0.00908,-0.61066
8011.65,BTC-27SEP19,1558522744272,open,0.18,29.1,0.134,0.228,0.18087704,84.07,0.1915,0.0,BTC-27DEC19-7000-P,7894.92,81.32,0.1735,5.1,0.1855,15.0,85.79,21.47484,-4.12401,-22.96177,7e-05,-0.29707
254.14,index_price,1558522744337,open,0.0,841.0,0.001,0.042,0.002379,118.83,0.005,0,ETH-24MAY19-290-C,254.14,114.52,0.002,120.0,0.004,593.0,134.18,0.02335,-0.6045,0.00083,0.00592,0.06592
258.12,ETH-28JUN19,1558522744338,open,0.09,4930.0,0.048,0.134,0.091292,101.15,0.087,0.0,ETH-28JUN19-240-P,254.14,95.84,0.085,168.0,0.093,160.0,102.64,0.30367,-0.41647,-0.11489,0.00446,-0.34932
7975.45,BTC-28JUN19,1558522744429,open,0.09,41.8,0.043,0.1295,0.08636793,92.78,0.0765,0.0,BTC-28JUN19-7500-P,7894.92,89.11,0.082,22.4,0.0895,16.5,95.41,9.49266,-11.94213,-3.60442,0.00016,-0.36097
7975.44,BTC-28JUN19,1558522744467,open,0.03,365.2,0.0005,0.071,0.03120904,101.16,0.031,0.0,BTC-28JUN19-11000-C,7894.92,98.65,0.029,19.3,0.0335,18.9,103.7,7.11171,-9.75497,1.36559,0.00011,0.20069
258.12,ETH-28JUN19,1558522744587,open,0.03,2504.0,0.001,0.075,0.034183,101.16,0.028,0.0,ETH-28JUN19-200-P,254.14,91.99,0.027,199.0,0.032,160.0,98.45,0.20761,-0.28477,-0.05324,0.00305,-0.17
258.12,ETH-28JUN19,1558522744595,open,0.06,968.0,0.022,0.101,0.061198,107.95,0.066,0.0,ETH-28JUN19-320-C,254.14,106.87,0.06,2.0,0.064,420.0,110.36,0.29516,-0.43204,0.06869,0.00406,0.32466
258.12,ETH-28JUN19,1558522744599,open,0.04,1869.0,0.001,0.077,0.037249,109.92,0.045,0.0,ETH-28JUN19-360-C,254.14,107.48,0.035,62.0,0.04,13.0,112.8,0.24194,-0.3606,0.04725,0.00327,0.21844
8011.65,BTC-27SEP19,1558522744604,open,0.21,113.4,0.1745,0.254,0.21426748,84.35,0.217,0.0,BTC-27DEC19-9000-C,7894.92,84.1,0.2135,2.0,0.2275,5.0,88.69,24.47919,-4.7167,16.56274,8e-05,0.55902
258.12,ETH-28JUN19,1558522744604,open,0.13,2693.0,0.085,0.164,0.124617,101.23,0.132,0.0,ETH-28JUN19-260-C,254.14,98.31,0.121,160.0,0.129,120.0,104.68,0.32419,-0.44498,0.11222,0.00476,0.55501
254.14,index_price,1558522744613,open,0.19,0.0,0.149,0.244,0.196598,109.19,None,0,ETH-31MAY19-300-P,254.14,59.98,0.182,50.0,0.196,50.0,107.76,0.10648,-0.65499,-0.06239,0.00621,-0.81304
7894.92,index_price,1558522744634,open,0.23,0.0,0.186,0.2845,0.23538314,129.66,None,0,BTC-24MAY19-9750-P,7894.92,0.0,0.003,1.0,0.2525,0.1,284.09,0.19036,-6.57963,-0.49591,5e-05,-0.98693
258.12,ETH-28JUN19,1558522744638,open,0.17,1264.0,0.122,0.201,0.161492,101.24,0.16,0.0,ETH-28JUN19-240-C,254.14,94.82,0.154,130.0,0.164,120.0,103.32,0.30368,-0.41686,0.12755,0.00446,0.65065
258.12,ETH-28JUN19,1558522744648,open,0.02,3101.0,0.001,0.065,0.024938,101.16,0.026,0.0,ETH-28JUN19-190-P,254.14,90.48,0.018,145.0,0.023,200.0,98.31,0.17605,-0.24148,-0.04111,0.00259,-0.13271
258.12,ETH-28JUN19,1558522744680,open,0.03,1919.0,0.001,0.064,0.024483,113.9,0.028,0.0,ETH-28JUN19-400-C,254.14,110.48,0.022,60.0,0.027,348.0,117.18,0.19277,-0.29771,0.03318,0.00251,0.15175
258.12,ETH-28JUN19,1558522744689,open,0.1,1561.0,0.057,0.136,0.096709,102.58,0.102,0.0,ETH-28JUN19-280-C,254.14,99.61,0.093,71.0,0.102,120.0,106.73,0.32608,-0.45356,0.09617,0.00472,0.46553
258.12,ETH-28JUN19,1558522744715,open,0.13,1903.0,0.087,0.177,0.131901,101.14,0.118,0.0,ETH-28JUN19-260-P,254.14,98.08,0.128,71.0,0.135,100.0,103.66,0.3242,-0.44458,-0.15044,0.00476,-0.44506
8011.65,BTC-27SEP19,1558522744742,open,0.26,1051.2,0.221,0.3005,0.26078992,87.46,0.2545,0.0,BTC-27SEP19-7000-C,7894.92,83.68,0.253,4.7,0.2675,5.0,90.71,16.52932,-5.65245,12.28093,8e-05,0.69833
8011.65,BTC-27SEP19,1558522744762,open,0.13,55.6,0.0895,0.1795,0.13451864,87.46,0.14,0.0,BTC-27SEP19-7000-P,7894.92,84.54,0.1285,11.0,0.14,15.0,90.12,16.52932,-5.65248,-12.24321,8e-05,-0.30167
7894.92,index_price,1558522744762,open,0.05,29.4,0.0145,0.0985,0.05636513,97.12,0.054,0,BTC-24MAY19-8250-P,7894.92,77.97,0.052,0.4,0.0565,3.0,97.68,1.88917,-48.90754,-0.31692,0.00061,-0.72478
8011.65,BTC-27SEP19,1558522744762,open,0.37,122.6,0.33,0.4095,0.36971603,84.19,0.385,0.0,BTC-27DEC19-6000-C,7894.92,52.58,0.3,0.3,0.45,0.1,119.0,18.40842,-3.54055,19.67227,6e-05,0.77919
8011.65,BTC-27SEP19,1558522744813,open,0.21,27.0,0.168,0.2645,0.21629614,84.05,0.2035,0.0,BTC-27DEC19-7500-P,7894.92,80.94,0.2075,5.0,0.223,5.0,86.43,22.59558,-4.33854,-26.47376,7e-05,-0.33475
254.14,index_price,1558522744877,open,0.18,601.0,0.135,0.214,0.174743,141.25,0.208,0,ETH-24MAY19-210-C,254.14,0.0,0.173,50.0,0.179,50.0,197.82,0.01118,-0.42114,0.01043,0.00239,0.97349
254.14,index_price,1558522744883,open,0.13,60.0,0.079,0.158,0.118078,99.37,0.103,0,ETH-31MAY19-230-C,254.14,92.86,0.115,50.0,0.128,50.0,119.36,0.12186,-0.68217,0.03996,0.00781,0.76472
254.14,index_price,1558522744899,open,0.14,529.0,0.097,0.176,0.136284,125.78,0.141,0,ETH-24MAY19-220-C,254.14,0.0,0.134,50.0,0.14,50.0,162.94,0.01879,-0.62991,0.01063,0.0045,0.95001
254.14,index_price,1558522744901,open,0.07,80.0,0.031,0.116,0.073466,113.28,0.079,0,ETH-24MAY19-270-P,254.14,68.06,0.065,50.0,0.072,50.0,106.59,0.05669,-1.71187,-0.01088,0.01508,-0.75956
258.11,ETH-28JUN19,1558522744929,open,0.26,2133.0,0.22,0.299,0.25935,101.22,0.243,0.0,ETH-28JUN19-200-C,254.14,90.46,0.251,100.0,0.26,100.0,102.02,0.2077,-0.28505,0.14878,0.00305,0.82988
7894.92,index_price,1558522745020,open,0.0,633.8,0.0005,0.04,0.00018475,135.0,0.0005,0,BTC-31MAY19-4500-P,7894.92,0.0,0.0,0.0,0.001,19.7,165.36,0.10432,-0.79339,-0.00564,1e-05,-0.00276
258.11,ETH-28JUN19,1558522745028,open,0.47,335.0,0.421,0.5,0.460195,101.32,0.481,0.0,ETH-28JUN19-140-C,254.14,0.0,0.02,2.0,0.6,1.0,356.05,0.03917,-0.05382,0.13563,0.00057,0.98033
254.14,index_price,1558522745028,open,0.01,590.0,0.001,0.051,0.011059,113.28,0.011,0,ETH-24MAY19-270-C,254.14,108.47,0.01,91.0,0.012,200.0,117.45,0.05669,-1.71187,0.003,0.01508,0.24044
264.18,ETH-27SEP19,1558522745053,open,1.15,0.0,1.088,1.261,1.174333,108.91,None,0.0,ETH-27SEP19-560-P,254.14,0.0,0.0,0.0,0.0,0.0,0.0,0.43719,-0.18617,-1.82773,0.00164,-0.80044
254.14,index_price,1558522745066,open,0.45,1.0,0.41,0.489,0.449123,160.0,0.373,0,ETH-24MAY19-140-C,254.14,0.0,0.006,6.0,0.0,0.0,0.0,0.0,0.0,0.00719,0.0,1.0
254.14,index_price,1558522745072,open,0.0,991.0,0.001,0.04,5e-06,160.0,0.001,0,ETH-24MAY19-170-P,254.14,0.0,0.0,0.0,0.001,220.0,266.73,0.00013,-0.00136,0.0,2e-05,-0.00018
254.14,index_price,1558522745082,open,0.02,2281.0,0.001,0.062,0.021734,102.82,0.021,0,ETH-24MAY19-250-P,254.14,96.54,0.02,94.0,0.023,200.0,107.39,0.07027,-1.92596,-0.00548,0.02059,-0.39755
264.18,ETH-27SEP19,1558522745090,open,0.7,0.0,0.661,0.74,0.700231,102.97,None,0.0,ETH-27SEP19-80-C,254.14,0.0,0.003,10.0,0.0,0.0,0.0,0.04801,-0.01933,0.26656,0.00019,0.98824
258.11,ETH-28JUN19,1558522745090,open,0.56,0.0,0.512,0.637,0.57415,113.8,None,0.0,ETH-28JUN19-400-P,254.14,0.0,0.0,0.0,0.0,0.0,0.0,0.19252,-0.29707,-0.37099,0.00251,-0.84855
254.14,index_price,1558522745102,open,0.0,140.0,0.001,0.043,0.003712,99.94,0.003,0,ETH-31MAY19-200-P,254.14,88.12,0.002,75.0,0.006,367.0,111.87,0.0429,-0.24155,-0.00351,0.00273,-0.05314
8011.61,BTC-27SEP19,1558522745131,open,0.0,122.6,0.0005,0.042,0.00231128,104.56,0.0025,0.0,BTC-27DEC19-1500-P,7894.92,85.52,0.0005,8.0,0.0035,21.5,111.74,1.15993,-0.27706,-0.43193,0.0,-0.00668
258.1,ETH-28JUN19,1558522745139,open,0.0,2026.0,0.001,0.04,0.000827,141.2,0.001,0.0,ETH-28JUN19-90-P,254.13,0.0,0.0,0.0,0.001,73.0,144.69,0.01199,-0.02295,-0.00153,0.00013,-0.00506
258.1,ETH-28JUN19,1558522745139,open,0.0,1541.0,0.001,0.04,0.000811,155.77,0.001,0.0,ETH-28JUN19-80-P,254.13,0.0,0.0,0.0,0.001,99.0,159.99,0.01076,-0.02274,-0.00138,0.0001,-0.00448
258.1,ETH-28JUN19,1558522745139,open,0.24,541.0,0.192,0.271,0.231817,101.24,0.232,0.0,ETH-28JUN19-210-C,254.13,91.45,0.223,100.0,0.232,40.0,101.43,0.23731,-0.32575,0.1452,0.00348,0.78867
264.18,ETH-27SEP19,1558522745139,open,0.74,0.0,0.684,0.824,0.754091,104.16,None,0.0,ETH-27SEP19-440-P,254.13,0.0,0.0,0.0,0.0,0.0,0.0,0.54516,-0.22202,-1.34414,0.00214,-0.69819
264.18,ETH-27SEP19,1558522745139,open,0.03,7491.0,0.001,0.068,0.027265,96.64,0.026,0.0,ETH-27SEP19-140-P,254.13,88.01,0.02,200.0,0.028,50.0,97.46,0.2354,-0.08895,-0.10052,0.001,-0.08134
258.1,ETH-28JUN19,1558522745139,open,0.29,590.0,0.249,0.328,0.288846,101.26,0.296,0.0,ETH-28JUN19-190-C,254.13,0.0,0.01,15.0,0.53,23.0,371.87,0.17623,-0.24194,0.15078,0.00259,0.86708
258.1,ETH-28JUN19,1558522745140,open,0.0,3083.0,0.001,0.041,0.001029,131.55,0.001,0.0,ETH-28JUN19-100-P,254.13,0.0,0.0,0.0,0.002,262.0,144.53,0.01524,-0.02718,-0.002,0.00017,-0.00663
264.17,ETH-27SEP19,1558522745140,open,0.87,0.0,0.816,0.966,0.890835,105.47,None,0.0,ETH-27SEP19-480-P,254.13,0.0,0.0,0.0,0.0,0.0,0.0,0.50683,-0.20902,-1.50967,0.00197,-0.74035
254.13,index_price,1558522745139,open,0.12,0.0,0.087,0.177,0.131956,106.54,None,0,ETH-31MAY19-280-P,254.13,77.56,0.117,150.0,0.134,150.0,110.25,0.13949,-0.83721,-0.05089,0.00834,-0.69161
264.17,ETH-27SEP19,1558522745141,open,0.63,0.0,0.588,0.667,0.627751,96.72,None,0.0,ETH-27SEP19-100-C,254.13,0.0,0.003,10.0,0.0,0.0,0.0,0.08732,-0.03302,0.3226,0.00037,0.97632
254.13,index_price,1558522745139,open,0.03,151.0,0.001,0.062,0.022178,107.96,0.021,0,ETH-31MAY19-290-C,254.13,99.15,0.018,95.0,0.024,85.0,111.67,0.12373,-0.75252,0.01358,0.0073,0.24193
258.09,ETH-28JUN19,1558522745142,open,0.54,50.0,0.497,0.576,0.536299,110.89,0.547,0.0,ETH-28JUN19-120-C,254.13,0.0,0.003,10.0,0.0,0.0,0.0,0.02074,-0.03119,0.11845,0.00028,0.99059
254.13,index_price,1558522745139,open,0.04,535.0,0.001,0.078,0.038024,102.9,0.069,0,ETH-24MAY19-250-C,254.13,102.81,0.038,107.0,0.042,251.0,117.23,0.07028,-1.92773,0.00737,0.02058,0.60219
254.13,index_price,1558522745139,open,0.0,86.0,0.001,0.04,0.0,159.99,0.001,0,ETH-24MAY19-140-P,254.13,0.0,0.0,0.0,0.001,220.0,379.33,0.0,0.0,0.0,0.0,0.0
264.17,ETH-27SEP19,1558522745143,open,0.01,3243.0,0.001,0.046,0.006267,96.64,0.006,0.0,ETH-27SEP19-100-P,254.13,88.89,0.004,155.0,0.008,50.0,101.55,0.0871,-0.03291,-0.02765,0.00037,-0.02361
254.13,index_price,1558522745139,open,0.19,2.0,0.142,0.221,0.181079,99.48,0.174,0,ETH-31MAY19-210-C,254.13,86.49,0.178,50.0,0.19,50.0,127.89,0.06728,-0.37703,0.0447,0.00431,0.90442
254.13,index_price,1558522745140,open,0.34,275.0,0.292,0.371,0.331083,182.61,0.256,0,ETH-24MAY19-170-C,254.13,0.0,0.001,17.0,0.43,1.0,500.0,0.00053,-0.02583,0.00872,9e-05,0.99915
254.13,index_price,1558522745139,open,0.06,101.0,0.012,0.091,0.051863,99.8,0.073,0,ETH-31MAY19-260-C,254.13,95.18,0.049,93.0,0.056,88.0,106.46,0.15772,-0.88671,0.026,0.01006,0.47253
254.13,index_price,1558522745139,open,0.01,992.0,0.001,0.051,0.011788,110.72,0.01,0,ETH-31MAY19-310-C,254.13,102.39,0.009,91.0,0.014,103.0,116.77,0.08969,-0.55941,0.00814,0.00516,0.1435
254.13,index_price,1558522745139,open,0.0,981.0,0.001,0.04,0.000177,159.98,0.001,0,ETH-24MAY19-190-P,254.13,0.0,0.0,0.0,0.001,220.0,200.85,0.00252,-0.04511,-6e-05,0.00047,-0.00475
254.13,index_price,1558522745141,open,0.0,555.0,0.001,0.041,0.001065,108.16,0.005,0,ETH-31MAY19-180-P,254.13,0.0,0.0,0.0,0.002,100.0,119.91,0.01639,-0.09986,-0.00109,0.00096,-0.01662
254.13,index_price,1558522745139,open,0.02,689.0,0.001,0.064,0.023091,99.35,0.019,0,ETH-31MAY19-230-P,254.13,86.25,0.017,92.0,0.022,5.0,97.06,0.12187,-0.68206,-0.01597,0.00781,-0.23532
254.13,index_price,1558522745142,open,0.01,2694.0,0.001,0.049,0.008966,102.78,0.008,0,ETH-24MAY19-240-P,254.13,98.01,0.008,87.0,0.009,200.0,102.94,0.05221,-1.4304,-0.00283,0.01531,-0.20802
254.13,index_price,1558522745141,open,0.22,550.0,0.174,0.253,0.213555,155.33,0.208,0,ETH-24MAY19-200-C,254.13,0.0,0.212,50.0,0.218,50.0,232.7,0.00637,-0.2636,0.01009,0.00123,0.98634
7975.42,BTC-28JUN19,1558522745147,open,0.76,1.3,0.696,0.837,0.76662638,111.77,2.415,0.0,BTC-28JUN19-14000-P,7894.92,0.0,0.0,0.0,1.2065,1.0,500.0,3.76271,-5.70255,-13.59136,5e-05,-0.92017
8011.61,BTC-27SEP19,1558522745147,open,0.03,126.0,0.0005,0.075,0.03401275,89.43,0.032,0.0,BTC-27SEP19-4750-P,7894.92,86.12,0.0305,14.8,0.0375,25.3,92.62,8.6375,-3.0204,-3.9088,4e-05,-0.10525
8011.61,BTC-27SEP19,1558522745147,open,0.06,255.3,0.0165,0.101,0.05870323,88.31,0.05,0.0,BTC-27SEP19-5500-P,7894.92,85.41,0.0545,13.8,0.062,25.8,90.56,11.69302,-4.0377,-6.23151,6e-05,-0.16331
8011.61,BTC-27SEP19,1558522745191,open,0.07,188.1,0.0325,0.112,0.07229749,93.42,0.0725,0.0,BTC-27SEP19-13000-C,7894.92,90.71,0.067,13.9,0.077,23.9,95.79,15.81227,-5.77607,5.67895,8e-05,0.27462
8011.61,BTC-27SEP19,1558522745191,open,0.04,91.8,0.0005,0.0735,0.03388744,100.01,0.033,0.0,BTC-27SEP19-18000-C,7894.92,95.8,0.0285,15.0,0.038,15.0,103.03,10.6565,-4.16737,3.03438,5e-05,0.14199
8011.61,BTC-27SEP19,1558522745191,open,0.11,156.5,0.067,0.1465,0.1067976,90.04,0.105,0.0,BTC-27DEC19-14000-C,7894.92,87.76,0.1005,14.9,0.1105,10.0,91.36,22.34758,-4.59648,10.51454,6e-05,0.32566
254.13,index_price,1558522745209,open,0.49,0.0,0.449,0.528,0.488471,285.24,None,0,ETH-24MAY19-130-C,254.13,0.0,0.009,4.0,0.0,0.0,0.0,0.00024,-0.01824,0.00668,3e-05,0.99964
8011.61,BTC-27SEP19,1558522745215,open,0.21,1021.6,0.164,0.2435,0.20378576,87.01,0.21,0.0,BTC-27SEP19-8000-C,7894.92,84.04,0.197,3.6,0.208,5.0,88.86,18.28784,-6.22164,11.19654,9e-05,0.60269
8011.61,BTC-27SEP19,1558522745215,open,0.0,322.5,0.0005,0.0445,0.00435645,106.79,0.003,0.0,BTC-27SEP19-2500-P,7894.92,100.23,0.003,15.0,0.0055,4.4,111.43,1.84152,-0.76894,-0.55579,1e-05,-0.01545
8011.61,BTC-27SEP19,1558522745215,open,0.18,416.7,0.1435,0.223,0.18334092,85.6,0.2,0.0,BTC-27DEC19-10000-C,7894.92,83.88,0.178,13.6,0.194,20.0,89.06,24.75029,-4.84007,15.15604,8e-05,0.49881
254.13,index_price,1558522745250,open,0.11,76.0,0.058,0.137,0.097994,104.61,0.096,0,ETH-24MAY19-230-C,254.13,82.3,0.096,50.0,0.103,50.0,140.06,0.02852,-0.79526,0.01066,0.00821,0.91432
258.09,ETH-28JUN19,1558522745320,open,0.02,5195.0,0.001,0.058,0.017537,101.16,0.018,0.0,ETH-28JUN19-180-P,254.13,90.5,0.012,150.0,0.017,400.0,100.2,0.14399,-0.19751,-0.03065,0.00212,-0.10002
258.09,ETH-28JUN19,1558522745320,open,0.0,4769.0,0.001,0.041,0.001199,110.21,0.004,0.0,ETH-28JUN19-120-P,254.13,0.0,0.0,0.0,0.002,72.0,118.81,0.02014,-0.0301,-0.00269,0.00027,-0.00911
264.17,ETH-27SEP19,1558522745320,open,0.26,2.0,0.215,0.315,0.265243,97.61,0.737,0.0,ETH-27SEP19-280-P,254.13,93.63,0.256,90.0,0.272,30.0,100.52,0.61285,-0.23389,-0.63918,0.00257,-0.42539
7975.42,BTC-28JUN19,1558522745345,open,0.59,0.1,0.554,0.6335,0.59360661,126.26,0.395,0.0,BTC-28JUN19-3250-C,7894.92,0.0,0.002,0.1,0.795,2.0,500.0,0.51849,-0.88768,3.21493,1e-05,0.99261
7894.92,index_price,1558522745389,open,0.4,42.8,0.359,0.4385,0.39877189,135.0,0.251,0,BTC-31MAY19-4750-C,7894.92,0.0,0.0035,1.1,0.0,0.0,0.0,0.2059,-1.56584,1.14293,1e-05,0.99411
7975.42,BTC-28JUN19,1558522745412,open,0.69,24.4,0.647,0.7265,0.68678458,135.04,0.5115,0.0,BTC-28JUN19-2500-C,7894.92,0.0,0.0025,0.5,0.827,1.0,500.0,0.14351,-0.26277,2.50951,0.0,0.99823
7975.42,BTC-28JUN19,1558522745412,open,0.64,0.8,0.58,0.711,0.64544788,108.57,2.171,0.0,BTC-28JUN19-13000-P,7894.92,0.0,0.07,1.0,1.0965,1.0,499.96,4.66957,-6.87442,-12.39689,7e-05,-0.8931
8011.61,BTC-27SEP19,1558522745412,open,0.25,13.9,0.2045,0.304,0.25423331,84.05,0.239,0.0,BTC-27DEC19-8000-P,7894.92,80.9,0.245,5.0,0.261,5.0,86.36,23.45685,-4.50374,-30.06585,7e-05,-0.37159
7894.92,index_price,1558522745436,open,0.0,312.7,0.0005,0.042,0.0021561,115.67,0.0035,0,BTC-24MAY19-9000-C,7894.92,107.45,0.0015,105.6,0.003,30.1,124.48,0.69147,-17.02224,0.02427,0.00019,0.06198
254.13,index_price,1558522745475,open,0.3,100.0,0.253,0.332,0.292794,108.59,0.256,0,ETH-31MAY19-180-C,254.13,0.0,0.001,1.0,0.0,0.0,0.0,0.01666,-0.10192,0.04266,0.00098,0.98306
8011.61,BTC-27SEP19,1558522745510,open,0.7,0.0,0.6575,0.737,0.6971644,94.46,None,0.0,BTC-27DEC19-2500-C,7894.92,0.0,0.0185,3.0,0.9895,0.5,500.0,3.64112,-0.78572,13.34188,1e-05,0.97488
8011.61,BTC-27SEP19,1558522745521,open,0.04,23.9,0.005,0.0845,0.0449697,100.04,0.05,0.0,BTC-27DEC19-24000-C,7894.92,97.81,0.041,4.9,0.049,10.0,102.21,14.57716,-3.33126,5.12987,4e-05,0.15175
8011.61,BTC-27SEP19,1558522745535,open,0.02,99.6,0.0005,0.056,0.01551729,91.27,0.0205,0.0,BTC-27DEC19-3000-P,7894.92,87.39,0.013,10.0,0.018,5.0,94.82,5.41626,-1.12923,-2.69823,2e-05,-0.04065
7894.92,index_price,1558522745535,open,0.43,20.2,0.3905,0.47,0.43019797,135.0,0.2355,0,BTC-31MAY19-4500-C,7894.92,0.0,0.0055,0.5,0.0,0.0,0.0,0.10432,-0.79339,1.08862,1e-05,0.99724
8011.61,BTC-27SEP19,1558522745545,open,0.47,289.7,0.426,0.5055,0.46587426,89.86,0.5,0.0,BTC-27SEP19-4500-C,7894.92,0.0,0.021,0.5,0.501,3.0,121.95,7.60096,-2.67059,12.50968,4e-05,0.91156
7894.92,index_price,1558522745545,open,0.0,741.2,0.0005,0.04,0.00041181,129.66,0.0005,0,BTC-24MAY19-9750-C,7894.92,0.0,0.0,0.0,0.0005,90.0,133.08,0.19037,-3.25118,0.00514,5e-05,0.01307
7894.92,index_price,1558522745576,open,0.46,0.0,0.4005,0.5165,0.45847951,119.86,None,0,BTC-31MAY19-11500-P,7894.92,0.0,0.0,0.0,0.0,0.0,0.0,0.77921,-5.26144,-2.7472,4e-05,-0.9725
7894.92,index_price,1558522745579,open,0.24,503.2,0.203,0.2825,0.24293654,106.19,0.2595,0,BTC-31MAY19-6000-C,7894.92,0.0,0.076,4.0,0.268,3.0,199.65,1.08043,-6.46323,1.37488,7e-05,0.95909
8011.61,BTC-27SEP19,1558522745593,open,0.01,28.3,0.0005,0.0485,0.00854985,96.36,0.0095,0.0,BTC-27SEP19-3250-P,7894.92,91.04,0.0065,15.0,0.0105,4.2,100.83,3.31042,-1.24724,-1.1085,2e-05,-0.03094
7975.42,BTC-28JUN19,1558522745593,open,0.44,219.6,0.4,0.4795,0.43983195,103.53,0.471,0.0,BTC-28JUN19-4500-C,7894.92,0.0,0.2,1.0,0.55,0.1,300.81,1.65196,-2.31899,4.28408,2e-05,0.97152
7894.92,index_price,1558522745593,open,0.0,89.8,0.0005,0.044,0.00427418,101.1,0.0025,0,BTC-31MAY19-6250-P,7894.92,93.55,0.003,30.0,0.0055,53.9,107.35,1.45301,-8.27575,-0.12204,9e-05,-0.05929
8011.61,BTC-27SEP19,1558522745621,open,0.09,49.6,0.0485,0.1355,0.09195426,84.19,0.09,0.0,BTC-27DEC19-5500-P,7894.92,82.26,0.088,5.0,0.09,23.0,83.24,16.46458,-3.16666,-13.22314,5e-05,-0.18328
254.13,index_price,1558522745964,open,0.0,841.0,0.001,0.042,0.002376,118.86,0.005,0,ETH-24MAY19-290-C,254.13,114.55,0.002,120.0,0.004,594.0,134.2,0.02335,-0.60454,0.00083,0.00592,0.06591
8011.57,BTC-27SEP19,1558522746342,open,0.02,42.1,0.0005,0.0625,0.02250488,105.75,0.025,0.0,BTC-27SEP19-22000-C,7894.92,102.14,0.019,15.0,0.026,15.0,109.07,8.1175,-3.35655,2.0813,3e-05,0.09666
264.18,ETH-27SEP19,1558522746412,open,0.11,1578.0,0.068,0.147,0.107095,102.63,0.106,0.0,ETH-27SEP19-400-C,254.13,101.2,0.104,100.0,0.111,101.0,104.39,0.58054,-0.23296,0.2269,0.00231,0.35227
7894.92,index_price,1558522746520,open,0.18,0.0,0.1385,0.2325,0.18542825,100.42,None,0,BTC-31MAY19-9250-P,7894.92,0.0,0.0,0.0,0.0,0.0,0.0,3.17762,-17.97665,-1.93914,0.00021,-0.82465
254.13,index_price,1558522746567,open,0.0,140.0,0.001,0.044,0.004388,114.15,0.006,0,ETH-31MAY19-340-C,254.13,98.63,0.002,120.0,0.006,79.0,122.0,0.04783,-0.30759,0.0035,0.00267,0.06102
7894.92,index_price,1558522746660,open,0.33,0.0,0.281,0.387,0.3338885,109.82,None,0,BTC-31MAY19-10500-P,7894.92,0.0,0.0,0.0,0.0,0.0,0.0,1.41079,-8.72785,-2.45117,8e-05,-0.94289
254.13,index_price,1558522746664,open,0.05,773.0,0.002,0.081,0.04156,106.6,0.053,0,ETH-31MAY19-270-C,254.13,105.67,0.041,10.0,0.042,95.0,107.34,0.15196,-0.91259,0.02149,0.00908,0.38925
254.13,index_price,1558522746710,open,0.16,1.0,0.108,0.187,0.147958,99.44,0.113,0,ETH-31MAY19-220-C,254.13,91.15,0.145,50.0,0.157,50.0,121.68,0.09516,-0.53311,0.04296,0.00609,0.84317
254.13,index_price,1558522746711,open,0.03,15.0,0.001,0.077,0.036275,99.37,0.06,0,ETH-31MAY19-240-P,254.13,88.13,0.03,77.0,0.036,86.0,98.88,0.14309,-0.80096,-0.02248,0.00917,-0.32756
254.13,index_price,1558522746712,open,0.07,1.0,0.032,0.117,0.074944,99.77,0.071,0,ETH-31MAY19-260-P,254.13,80.49,0.063,150.0,0.082,150.0,111.13,0.15772,-0.88647,-0.03723,0.01007,-0.5275
7894.92,index_price,1558522746818,open,0.0,836.6,0.0005,0.04,5.14e-05,135.0,0.001,0,BTC-24MAY19-10500-C,7894.92,0.0,0.0,0.0,0.0005,130.0,171.96,0.03387,-0.40578,0.00074,1e-05,0.00188
254.13,index_price,1558522746973,open,0.17,50.0,0.135,0.229,0.181803,126.53,0.23,0,ETH-24MAY19-300-P,254.13,0.0,0.174,50.0,0.181,50.0,108.62,0.0148,-0.49911,-0.01495,0.00352,-0.9628
254.13,index_price,1558522747003,open,0.0,1716.0,0.001,0.043,0.00301,104.29,0.003,0,ETH-24MAY19-230-P,254.13,94.41,0.002,120.0,0.004,250.0,112.62,0.02836,-0.76416,-0.00115,0.00819,-0.08506
254.13,index_price,1558522747007,open,0.01,101.0,0.001,0.048,0.008567,112.11,0.014,0,ETH-31MAY19-320-C,254.13,102.59,0.006,106.0,0.011,107.0,119.99,0.07412,-0.46811,0.00622,0.00421,0.10918
254.13,index_price,1558522747021,open,0.01,215.0,0.001,0.054,0.013657,99.35,0.008,0,ETH-31MAY19-220-P,254.13,86.08,0.009,80.0,0.014,86.0,100.28,0.09509,-0.5322,-0.01052,0.00609,-0.15664
254.13,index_price,1558522747029,open,0.02,689.0,0.001,0.064,0.0231,99.35,0.019,0,ETH-31MAY19-230-P,254.13,86.25,0.017,91.0,0.022,5.0,97.06,0.12187,-0.68206,-0.01597,0.00781,-0.23532
254.13,index_price,1558522747035,open,0.03,481.0,0.001,0.07,0.03019,106.62,0.039,0,ETH-31MAY19-280-C,254.13,96.99,0.025,101.0,0.032,97.0,109.88,0.13952,-0.83804,0.0172,0.00833,0.30856
258.09,ETH-28JUN19,1558522747040,open,0.01,4469.0,0.001,0.047,0.00758,101.17,0.004,0.0,ETH-28JUN19-160-P,254.13,88.4,0.004,425.0,0.008,336.0,102.46,0.08421,-0.11552,-0.01494,0.00124,-0.04971
254.13,index_price,1558522747058,open,0.01,992.0,0.001,0.051,0.011783,110.72,0.01,0,ETH-31MAY19-310-C,254.13,102.39,0.009,91.0,0.014,104.0,116.77,0.08969,-0.55941,0.00814,0.00516,0.1435
254.13,index_price,1558522747072,open,0.05,773.0,0.002,0.081,0.04156,106.6,0.053,0,ETH-31MAY19-270-C,254.13,105.67,0.041,10.0,0.042,96.0,107.34,0.15196,-0.91259,0.02149,0.00908,0.38925
7894.92,index_price,1558522747083,open,0.0,592.3,0.0005,0.04,0.00026024,135.0,0.0005,0,BTC-24MAY19-10000-C,7894.92,0.0,0.0,0.0,0.001,11.0,161.81,0.12855,-2.05459,0.00327,3e-05,0.00833
254.13,index_price,1558522747081,open,0.06,101.0,0.012,0.091,0.051846,99.8,0.073,0,ETH-31MAY19-260-C,254.13,95.18,0.049,92.0,0.056,88.0,106.46,0.15772,-0.88671,0.026,0.01006,0.47253
8011.65,BTC-27SEP19,1558522747089,open,0.02,159.1,0.0005,0.0585,0.01799239,92.01,0.019,0.0,BTC-27SEP19-4000-P,7894.92,87.65,0.015,15.0,0.0205,6.0,95.43,5.71114,-2.05468,-2.21287,3e-05,-0.06085
254.13,index_price,1558522747092,open,0.02,1043.0,0.001,0.056,0.016139,109.19,0.023,0,ETH-31MAY19-300-C,254.13,101.42,0.013,80.0,0.018,82.0,113.56,0.10645,-0.65481,0.01055,0.00621,0.1869
7894.92,index_price,1558522747100,open,0.0,566.7,0.0005,0.0405,0.00074965,131.88,0.0015,0,BTC-31MAY19-5000-P,7894.92,0.0,0.0,0.0,0.001,10.0,137.3,0.32993,-2.45108,-0.02076,2e-05,-0.01006
7894.92,index_price,1558522747111,open,0.01,389.0,0.0005,0.0455,0.00570851,99.2,0.0055,0,BTC-24MAY19-8500-C,7894.92,95.01,0.005,5.5,0.007,5.1,106.4,1.3655,-36.10878,0.06177,0.00043,0.15796
7894.92,index_price,1558522747113,open,0.0,939.5,0.0005,0.041,0.00137632,130.37,0.0015,0,BTC-31MAY19-5250-P,7894.92,112.96,0.0005,7.6,0.002,66.7,138.57,0.5319,-3.90639,-0.03623,3e-05,-0.01749
7894.92,index_price,1558522747114,open,0.01,132.7,0.0005,0.0495,0.00933029,92.32,0.01,0,BTC-31MAY19-6750-P,7894.92,88.0,0.008,30.0,0.01,22.7,94.4,2.50525,-13.02862,-0.25397,0.00018,-0.12296
8011.53,BTC-27SEP19,1558522747129,open,0.03,45.0,0.0005,0.0665,0.0265696,102.4,0.027,0.0,BTC-27SEP19-20000-C,7894.94,97.72,0.0215,15.0,0.031,15.0,106.13,9.13792,-3.65864,2.44938,4e-05,0.11384
7975.37,BTC-28JUN19,1558522747130,open,0.27,1867.2,0.231,0.3105,0.27075471,93.45,0.284,0.0,BTC-28JUN19-6000-C,7894.94,87.83,0.267,2.9,0.275,3.2,99.46,5.48204,-6.9462,4.7944,9e-05,0.86578
7975.37,BTC-28JUN19,1558522747130,open,0.0,857.0,0.0005,0.0405,0.00082963,131.67,0.001,0.0,BTC-28JUN19-3000-P,7894.94,0.0,0.0,0.0,0.0015,5.3,142.57,0.39612,-0.70719,-0.05064,0.0,-0.00546
7975.37,BTC-28JUN19,1558522747130,open,0.75,20.1,0.7095,0.789,0.74926525,135.45,0.578,0.0,BTC-28JUN19-2000-C,7894.94,0.0,0.002,0.5,0.851,1.0,500.0,0.02838,-0.05212,2.01784,0.0,0.9997
7975.37,BTC-28JUN19,1558522747130,open,0.0,94.5,0.0005,0.041,0.0011076,126.25,0.002,0.0,BTC-28JUN19-3250-P,7894.94,0.0,0.0,0.0,0.002,28.2,137.41,0.51816,-0.88699,-0.06847,1e-05,-0.00739
7975.37,BTC-28JUN19,1558522747130,open,0.63,43.8,0.585,0.6645,0.62467389,131.71,0.6,0.0,BTC-28JUN19-3000-C,7894.94,0.0,0.002,1.0,0.805,2.0,500.0,0.39689,-0.70882,2.98012,0.0,0.99453
8011.53,BTC-27SEP19,1558522747130,open,0.01,615.6,0.0005,0.047,0.00707586,100.01,0.0135,0.0,BTC-27SEP19-3000-P,7894.94,95.19,0.0055,15.0,0.008,3.9,102.57,2.79693,-1.09375,-0.908,1e-05,-0.02527
8011.53,BTC-27SEP19,1558522747130,open,0.33,719.3,0.291,0.3705,0.33088339,87.71,0.33,0.0,BTC-27SEP19-6000-C,7894.94,83.92,0.3245,4.5,0.3395,4.5,92.77,13.55535,-4.64877,12.96757,7e-05,0.79289
7975.37,BTC-28JUN19,1558522747130,open,0.81,33.8,0.772,0.8515,0.8119242,138.53,0.7145,0.0,BTC-28JUN19-1500-C,7894.94,0.0,0.002,0.4,0.8785,2.0,500.0,0.0032,-0.006,1.51517,0.0,0.99997
8011.53,BTC-27SEP19,1558522747130,open,0.6,0.0,0.563,0.6425,0.60289053,96.37,None,0.0,BTC-27SEP19-3250-C,7894.94,0.0,0.0075,0.1,0.6245,1.0,133.48,3.31163,-1.24787,10.27714,2e-05,0.96904
7975.39,BTC-28JUN19,1558522747130,open,0.38,691.4,0.341,0.4205,0.38062309,99.13,0.37,0.0,BTC-28JUN19-5000-C,7894.94,0.0,0.235,0.1,0.5,10.0,279.34,2.63799,-3.54583,4.58319,4e-05,0.94944
8011.53,BTC-27SEP19,1558522747131,open,0.11,610.2,0.066,0.1455,0.10582141,90.76,0.1065,0.0,BTC-27SEP19-11000-C,7894.94,87.92,0.0995,13.0,0.1115,23.0,93.28,17.96473,-6.37492,7.52427,9e-05,0.3739
8011.53,BTC-27SEP19,1558522747130,open,0.05,50.1,0.0055,0.085,0.04510882,97.81,0.052,0.0,BTC-27SEP19-16000-C,7894.94,94.81,0.0405,14.8,0.049,19.7,100.25,12.55774,-4.80272,3.86069,6e-05,0.18266
7975.39,BTC-28JUN19,1558522747131,open,0.02,457.8,0.0005,0.0615,0.02154933,104.86,0.024,0.0,BTC-28JUN19-12000-C,7894.94,101.97,0.0195,24.0,0.0235,20.0,107.51,5.77201,-8.20695,0.99296,9e-05,0.14478
8011.53,BTC-27SEP19,1558522747131,open,0.13,967.8,0.091,0.1705,0.13077939,89.66,0.135,0.0,BTC-27SEP19-10000-C,7894.94,86.96,0.1245,12.5,0.1365,22.5,92.1,18.69936,-6.55521,8.66287,9e-05,0.43942
7975.39,BTC-28JUN19,1558522747131,open,0.41,5.7,0.3545,0.4665,0.41045146,101.16,1.142,0.0,BTC-28JUN19-11000-P,7894.94,0.0,0.001,1.0,0.8835,1.0,500.0,7.11159,-9.75487,-9.74767,0.00011,-0.79931
8011.53,BTC-27SEP19,1558522747131,open,0.44,13.5,0.4015,0.481,0.44112596,89.44,0.382,0.0,BTC-27SEP19-4750-C,7894.94,0.0,0.011,0.6,0.4955,3.0,133.18,8.63821,-3.02088,12.73197,4e-05,0.89474
8011.53,BTC-27SEP19,1558522747131,open,0.92,0.0,0.8475,1.001,0.92440797,96.31,None,0.0,BTC-27SEP19-15000-P,7894.94,0.0,0.0065,0.1,1.685,0.3,500.0,13.57048,-5.11045,-48.19004,6e-05,-0.7925
7975.39,BTC-28JUN19,1558522747131,open,0.06,100.5,0.0175,0.1015,0.05940774,92.78,0.061,0.0,BTC-28JUN19-7000-P,7894.94,89.1,0.0555,22.4,0.0615,14.4,94.74,8.49862,-10.69154,-2.71594,0.00014,-0.27766
8011.53,BTC-27SEP19,1558522747131,open,0.55,0.0,0.506,0.5855,0.54588833,92.81,None,0.0,BTC-27SEP19-3750-C,7894.94,0.0,0.005,0.5,0.5775,2.0,132.83,4.79702,-1.74077,11.37618,2e-05,0.9512
7975.39,BTC-28JUN19,1558522747131,open,0.0,849.1,0.0005,0.042,0.00215208,124.82,0.0025,0.0,BTC-28JUN19-20000-C,7894.94,113.87,0.001,20.0,0.003,30.0,130.44,1.07147,-1.81345,0.12005,1e-05,0.01705
7975.39,BTC-28JUN19,1558522747132,open,0.0,394.3,0.0005,0.041,0.00126061,118.66,0.0015,0.0,BTC-28JUN19-3500-P,7894.94,105.41,0.0005,2.0,0.002,2.0,126.96,0.6065,-0.97579,-0.08138,1e-05,-0.00884
7894.94,index_price,1558522747130,open,0.0,178.7,0.0005,0.0415,0.00154434,125.68,0.001,0,BTC-24MAY19-9250-C,7894.94,116.36,0.001,96.0,0.0015,25.0,125.0,0.52047,-12.19251,0.01696,0.00013,0.04334
7975.39,BTC-28JUN19,1558522747132,open,0.01,453.4,0.0005,0.048,0.00844461,114.99,0.008,0.0,BTC-28JUN19-15000-C,7894.94,112.44,0.0075,24.0,0.0095,21.0,117.64,3.06293,-4.77543,0.42426,4e-05,0.0611
7894.94,index_price,1558522747131,open,0.56,0.0,0.517,0.5965,0.55667876,128.07,None,0,BTC-31MAY19-3500-C,7894.94,0.0,0.007,0.2,0.0,0.0,0.0,0.00081,-0.00586,0.85106,0.0,0.99998
7975.39,BTC-28JUN19,1558522747132,open,0.56,143.2,0.5225,0.602,0.5624139,118.7,0.56,0.0,BTC-28JUN19-3500-C,7894.94,0.0,0.1105,2.0,0.7855,3.0,500.0,0.60755,-0.97784,3.45448,1e-05,0.99114
7975.39,BTC-28JUN19,1558522747133,open,0.0,226.5,0.0005,0.044,0.00406421,103.52,0.0065,0.0,BTC-28JUN19-4500-P,7894.94,94.9,0.0025,44.0,0.0055,20.0,109.87,1.65165,-2.3184,-0.26217,2e-05,-0.02847
8011.53,BTC-27SEP19,1558522747132,open,0.75,28.2,0.7125,0.792,0.75242618,111.82,0.755,0.0,BTC-27SEP19-2000-C,7894.94,0.0,0.007,1.1,0.754,1.0,122.33,0.99337,-0.43432,6.73562,0.0,0.9924
7975.39,BTC-28JUN19,1558522747133,open,0.0,238.1,0.0005,0.043,0.00288586,105.79,0.0035,0.0,BTC-28JUN19-4250-P,7894.94,95.24,0.0015,44.0,0.004,12.7,112.16,1.26222,-1.81051,-0.18981,2e-05,-0.02067
8011.53,BTC-27SEP19,1558522747133,open,0.02,1018.2,0.0005,0.064,0.02309944,91.7,0.022,0.0,BTC-27SEP19-4250-P,7894.94,90.98,0.0225,120.0,0.0235,25.0,92.18,6.71391,-2.40729,-2.754,3e-05,-0.07502
7975.39,BTC-28JUN19,1558522747133,open,0.0,1396.0,0.0005,0.04,2.07e-06,135.0,0.001,0.0,BTC-28JUN19-1500-P,7894.94,0.0,0.0,0.0,0.0005,11.0,207.8,0.00218,-0.004,-0.00018,0.0,-2e-05
8011.55,BTC-27SEP19,1558522747130,open,0.05,116.4,0.01,0.0935,0.05157092,86.01,0.057,0.0,BTC-27DEC19-4500-P,7894.94,83.27,0.0475,6.0,0.0555,15.0,88.59,12.0608,-2.36965,-8.01452,4e-05,-0.11525
7894.94,index_price,1558522747130,open,0.33,0.0,0.277,0.383,0.33002054,135.77,None,0,BTC-24MAY19-10500-P,7894.94,0.0,0.0045,0.5,0.3445,0.1,326.62,0.03556,-1.28711,-0.5388,1e-05,-0.99802
7975.39,BTC-28JUN19,1558522747134,open,0.3,42.9,0.2485,0.352,0.30026935,97.15,0.3035,0.0,BTC-28JUN19-10000-P,7894.94,0.0,0.001,1.0,0.5,0.1,259.37,8.55622,-11.27057,-8.20828,0.00014,-0.71845
7894.94,index_price,1558522747130,open,0.27,0.0,0.222,0.3235,0.27286221,105.44,None,0,BTC-31MAY19-10000-P,7894.94,0.0,0.0,0.0,0.0,0.0,0.0,1.96028,-11.64355,-2.27538,0.00012,-0.91235
8011.55,BTC-27SEP19,1558522747134,open,0.69,0.0,0.6275,0.7625,0.69493461,93.41,None,0.0,BTC-27SEP19-13000-P,7894.94,0.0,0.0065,0.1,1.4475,0.3,500.0,15.81091,-5.77499,-39.86652,8e-05,-0.72542
7894.94,index_price,1558522747130,open,0.39,0.0,0.34,0.4515,0.39572872,113.25,None,0,BTC-31MAY19-11000-P,7894.94,0.0,0.0,0.0,0.0,0.0,0.0,0.98989,-6.31519,-2.609,6e-05,-0.96326
7894.94,index_price,1558522747130,open,0.13,199.8,0.088,0.1675,0.12787855,90.49,0.128,0,BTC-31MAY19-7000-C,7894.94,93.22,0.129,6.0,0.135,6.0,107.06,3.20743,-16.35062,1.33265,0.00023,0.82204
8011.55,BTC-27SEP19,1558522747131,open,0.09,64.7,0.057,0.1365,0.0967643,91.67,0.0985,0.0,BTC-27DEC19-15000-C,7894.94,89.13,0.09,1.0,0.1045,10.0,94.52,21.52364,-4.50732,9.69463,6e-05,0.29856
8011.55,BTC-27SEP19,1558522747130,open,1.79,0.0,1.686,1.9095,1.79786362,98.44,None,0.0,BTC-27DEC19-22000-P,7894.94,0.0,0.008,2.0,2.661,0.3,500.0,15.85204,-3.56483,-126.12327,4e-05,-0.82741
8011.55,BTC-27SEP19,1558522747132,open,0.06,76.5,0.0215,0.101,0.06121837,97.02,0.0665,0.0,BTC-27DEC19-20000-C,7894.94,95.28,0.0575,1.0,0.0655,10.0,98.97,17.36158,-3.84771,6.66078,5e-05,0.19986
8011.55,BTC-27SEP19,1558522747131,open,1.31,0.0,1.2235,1.408,1.31572677,93.56,None,0.0,BTC-27DEC19-18000-P,7894.94,0.0,0.006,5.0,2.169,0.2,500.0,18.61181,-3.97789,-100.43723,5e-05,-0.77489
8011.55,BTC-27SEP19,1558522747130,open,0.07,64.6,0.026,0.111,0.06864764,84.19,0.0705,0.0,BTC-27DEC19-5000-P,7894.94,82.42,0.0655,6.0,0.07,0.1,84.95,14.27545,-2.74565,-10.36345,4e-05,-0.14707
7894.94,index_price,1558522747132,open,0.0,246.1,0.0005,0.04,2.473e-05,135.0,0.0005,0,BTC-31MAY19-4000-P,7894.94,0.0,0.0,0.0,0.0005,10.0,179.83,0.01888,-0.14358,-0.00087,0.0,-0.00043
7894.94,index_price,1558522747133,open,0.21,15.0,0.1655,0.262,0.21361586,101.4,0.1805,0,BTC-31MAY19-9500-P,7894.94,0.0,0.002,1.1,0.0,0.0,0.0,2.70741,-15.46478,-2.06585,0.00018,-0.86245
7894.94,index_price,1558522747130,open,0.0,248.7,0.0005,0.0405,0.00049362,127.37,0.0005,0,BTC-24MAY19-6500-P,7894.94,0.0,0.0,0.0,0.001,10.0,142.14,0.21207,-3.89709,-0.00621,5e-05,-0.01482
7894.94,index_price,1558522747130,open,0.16,22.0,0.112,0.204,0.1579944,98.75,0.199,0,BTC-31MAY19-9000-P,7894.94,79.91,0.15,6.0,0.1575,6.0,97.67,3.64089,-20.2534,-1.80166,0.00024,-0.78046
7975.39,BTC-28JUN19,1558522747135,open,0.53,30.0,0.4915,0.571,0.53145065,113.82,0.298,0.0,BTC-28JUN19-3750-C,7894.94,0.0,0.009,0.3,0.776,3.0,500.0,0.77482,-1.19579,3.68102,1e-05,0.9883
7894.94,index_price,1558522747130,open,0.21,3.7,0.169,0.2485,0.2085751,134.8,0.14,0,BTC-24MAY19-6250-C,7894.94,0.0,0.0055,1.8,0.222,0.1,301.49,0.10789,-3.87693,0.31832,2e-05,0.99317
7894.94,index_price,1558522747132,open,0.17,13.0,0.1265,0.22,0.17318383,125.72,0.174,0,BTC-24MAY19-9250-P,7894.94,0.0,0.0025,1.0,0.1915,1.1,249.27,0.52105,-17.46213,-0.45837,0.00013,-0.9566
7894.94,index_price,1558522747131,open,0.34,0.0,0.2955,0.375,0.33501564,0.0,None,0,BTC-24MAY19-5250-C,7894.94,0.0,0.0035,1.2,0.345,0.1,421.41,0.0,0.0,0.26979,0.0,1.0
8011.55,BTC-27SEP19,1558522747133,open,0.26,117.9,0.216,0.2955,0.25568615,84.05,0.258,0.0,BTC-27DEC19-8000-C,7894.94,82.28,0.2505,3.6,0.2615,6.0,86.04,23.4567,-4.50383,17.90653,7e-05,0.62841
8011.55,BTC-27SEP19,1558522747131,open,0.74,0.0,0.674,0.813,0.74339397,88.97,None,0.0,BTC-27DEC19-13000-P,7894.94,0.0,0.008,3.0,1.556,0.3,500.0,23.21299,-4.71791,-66.45479,7e-05,-0.63987
7894.94,index_price,1558522747130,open,0.2,0.0,0.1565,0.252,0.20419135,129.73,None,0,BTC-24MAY19-9500-P,7894.94,0.0,0.0685,0.1,0.222,0.1,267.65,0.34159,-11.8131,-0.47802,8e-05,-0.97402
7894.94,index_price,1558522747132,open,0.0,170.0,0.0005,0.04,1.151e-05,135.0,0.0005,0,BTC-24MAY19-5750-P,7894.94,0.0,0.0,0.0,0.0005,10.0,196.13,0.009,-0.09086,-0.00018,0.0,-0.00044
