underlying_price,underlying_index,timestamp,state,settlement_price,open_interest,min_price,max_price,mark_price,mark_iv,last_price,interest_rate,instrument_name,index_price,bid_iv,best_bid_price,best_bid_amount,best_ask_price,best_ask_amount,ask_iv,vega,theta,rho,gamma,delta
8441.42,BTC-27SEP19,1569495540024,open,0.01,111.6,0.0005,0.031,0.01011405,100.32,0.0105,0.0,BTC-27SEP19-8250-P,8440.44,113.92,0.0125,24.0,0.0155,24.0,130.64,1.46193,-73.33017,-0.06515,0.00085,-0.31158
170.18,ETH-27SEP19,1569495540038,open,0.18,2305.0,0.141,0.212,0.175381,133.39,0.18,0.0,ETH-27SEP19-200-P,170.19,0.0,0.156,10.0,0.199,10.0,395.84,0.0017,-0.1134,-0.00477,0.00183,-0.99263
170.72,ETH-27DEC19,1569495540064,open,0.02,3220.0,0.007,0.035,0.018948,89.01,0.018,0.0,ETH-27DEC19-100-P,170.19,86.28,0.017,160.0,0.024,160.0,95.62,0.12451,-0.06032,-0.04152,0.00191,-0.07767
171.87,ETH-27MAR20,1569495540075,open,0.03,547.0,0.01,0.059,0.030658,95.69,0.03,0.0,ETH-27MAR20-480-C,170.19,93.02,0.027,240.0,0.034,240.0,98.0,0.2426,-0.06347,0.07648,0.00171,0.11947
8603.97,BTC-27MAR20,1569495540215,open,0.33,164.8,0.269,0.3865,0.32913013,79.57,0.3305,0.0,BTC-27MAR20-10000-P,8440.44,78.99,0.3275,3.6,0.338,5.0,82.71,24.29371,-5.2852,-35.49053,8e-05,-0.49415
8516.12,BTC-27DEC19,1569495540236,open,0.02,633.5,0.009,0.043,0.02386378,81.76,0.0225,0.0,BTC-27DEC19-5500-P,8440.44,81.91,0.024,24.0,0.026,20.0,84.12,7.60096,-3.38222,-2.69556,5e-05,-0.10188
8603.9,BTC-27MAR20,1569495540251,open,1.6,5.9,1.5165,1.6575,1.58296934,86.72,1.612,0.0,BTC-27MAR20-22000-P,8440.44,0.0,1.5365,1.0,1.64,1.0,118.23,11.50882,-2.72886,-106.57185,4e-05,-0.88923
8603.9,BTC-27MAR20,1569495540259,open,2.29,0.0,2.194,2.349,2.26694573,88.57,None,0.0,BTC-27MAR20-28000-P,8440.44,0.0,0.0,0.0,0.0,0.0,0.0,7.09932,-1.71922,-138.31566,2e-05,-0.94163
8516.13,BTC-27DEC19,1569495540272,open,0.05,478.2,0.026,0.0795,0.05148105,79.73,0.052,0.0,BTC-27DEC19-6500-P,8440.44,80.12,0.052,0.4,0.0545,16.0,81.94,11.62019,-5.04218,-5.19103,8e-05,-0.19069
8447.11,SYN.BTC-4OCT19,1569495540284,open,2.5,0.0145,0.066,0.03913398,86.28,0.04,0.0,BTC-4OCT19-8250-P,8440.44,85.16,0.0385,18.0,0.043,10.0,93.08,4.79823,-26.28434,-0.80299,0.00036,-0.40142
8516.06,BTC-27DEC19,1569495540406,open,0.58,100.0,0.5175,0.62,0.56727222,82.77,0.6815,0.0,BTC-27DEC19-13000-P,8440.44,80.51,0.564,1.0,0.5705,1.0,85.02,12.26894,-5.52674,-29.12137,8e-05,-0.7913
8516.06,BTC-27DEC19,1569495540407,open,0.24,52.0,0.212,0.2835,0.24939651,79.27,0.235,0.0,BTC-27DEC19-7000-C,8440.44,77.74,0.247,1.0,0.2535,1.0,81.86,13.41785,-5.78848,10.84776,9e-05,0.75546
8516.13,BTC-27DEC19,1569495540409,open,0.28,63.0,0.2545,0.32,0.28822356,79.73,0.345,0.0,BTC-27DEC19-6500-C,8440.44,78.1,0.286,1.0,0.2925,1.0,82.85,11.61984,-5.04166,11.17077,8e-05,0.80932
8603.9,BTC-27MAR20,1569495540409,open,0.01,33.5,0.0005,0.025,0.00914365,91.05,0.0105,0.0,BTC-27MAR20-32000-C,8440.44,89.21,0.008,16.0,0.011,6.0,93.76,5.57577,-1.3881,1.46399,2e-05,0.0431
8464.36,SYN.BTC-25OCT19,1569495540411,open,0.22,289.2,0.179,0.2535,0.21638522,82.68,0.2195,0.0,BTC-25OCT19-10000-P,8440.44,49.59,0.19,6.0,0.2185,5.0,84.93,7.93043,-11.35425,-6.31011,0.00017,-0.72594
8516.06,BTC-27DEC19,1569495540413,open,0.42,66.5,0.4075,0.45,0.42828295,83.69,0.4225,0.0,BTC-27DEC19-5000-C,8440.44,79.33,0.4255,1.0,0.432,12.0,88.95,5.71594,-2.60319,10.76156,4e-05,0.93033
8516.13,BTC-27DEC19,1569495540414,open,0.33,123.1,0.302,0.36,0.33132121,80.65,0.325,0.0,BTC-27DEC19-6000-C,8440.44,78.57,0.329,1.0,0.3355,1.0,84.28,9.63903,-4.23091,11.2723,7e-05,0.85719
8516.13,BTC-27DEC19,1569495540429,open,0.33,123.1,0.302,0.36,0.33132121,80.65,0.325,0.0,BTC-27DEC19-6000-C,8440.44,78.12,0.3285,1.0,0.3355,1.0,84.28,9.63903,-4.23091,11.2723,7e-05,0.85719
8516.13,BTC-27DEC19,1569495540430,open,0.28,63.0,0.2545,0.32,0.28822356,79.73,0.345,0.0,BTC-27DEC19-6500-C,8440.44,77.73,0.2855,1.0,0.2925,1.0,82.85,11.61984,-5.04166,11.17077,8e-05,0.80932
8516.06,BTC-27DEC19,1569495540435,open,0.58,100.0,0.5175,0.62,0.56727222,82.77,0.6815,0.0,BTC-27DEC19-13000-P,8440.44,80.51,0.564,1.0,0.571,1.0,85.36,12.26894,-5.52674,-29.12137,8e-05,-0.7913
8516.06,BTC-27DEC19,1569495540440,open,0.24,52.0,0.212,0.2835,0.24939651,79.27,0.235,0.0,BTC-27DEC19-7000-C,8440.44,77.42,0.2465,3.5,0.2535,1.0,81.86,13.41785,-5.78848,10.84776,9e-05,0.75546
8464.36,SYN.BTC-25OCT19,1569495540441,open,0.22,289.2,0.179,0.2535,0.21638522,82.68,0.2195,0.0,BTC-25OCT19-10000-P,8440.44,49.59,0.19,6.0,0.219,5.0,85.45,7.93043,-11.35425,-6.31011,0.00017,-0.72594
8516.06,BTC-27DEC19,1569495540442,open,0.42,66.5,0.4075,0.45,0.42828295,83.69,0.4225,0.0,BTC-27DEC19-5000-C,8440.44,78.51,0.425,1.0,0.432,12.0,88.95,5.71594,-2.60319,10.76156,4e-05,0.93033
8464.36,SYN.BTC-25OCT19,1569495540449,open,0.22,289.2,0.179,0.2535,0.21638522,82.68,0.2195,0.0,BTC-25OCT19-10000-P,8440.44,49.59,0.19,6.0,0.2185,5.0,84.93,7.93043,-11.35425,-6.31011,0.00017,-0.72594
170.73,ETH-27DEC19,1569495540492,open,0.29,4168.0,0.221,0.334,0.279202,83.94,0.296,0.0,ETH-27DEC19-200-P,170.19,80.79,0.273,340.0,0.285,340.0,86.87,0.33709,-0.15398,-0.36305,0.00547,-0.5656
170.34,SYN.ETH-25OCT19,1569495540507,open,0.04,840.0,0.018,0.07,0.042953,89.38,0.045,0.0,ETH-25OCT19-200-C,170.19,86.36,0.04,368.0,0.045,3.0,91.45,0.16759,-0.25937,0.03519,0.00817,0.30405
170.18,ETH-27SEP19,1569495540527,open,0.0,7122.0,0.001,0.02,0.003265,109.87,0.007,0.0,ETH-27SEP19-160-P,170.19,107.13,0.003,195.0,0.007,200.0,142.5,0.01671,-0.5556,-0.0005,0.02189,-0.12038
170.18,ETH-27SEP19,1569495540534,open,0.0,7122.0,0.001,0.02,0.003265,109.87,0.007,0.0,ETH-27SEP19-160-P,170.19,107.13,0.003,195.0,0.007,160.0,142.5,0.01671,-0.5556,-0.0005,0.02189,-0.12038
170.17,ETH-27SEP19,1569495540538,open,0.12,939.0,0.085,0.154,0.117453,125.0,0.12,0.0,ETH-27SEP19-190-P,170.19,0.0,0.115,40.0,0.123,40.0,197.41,0.00695,-0.43414,-0.00441,0.008,-0.96161
170.21,SYN.ETH-4OCT19,1569495540544,open,0.06,136.0,0.022,0.088,0.054787,94.69,0.068,0.0,ETH-4OCT19-170-P,170.19,91.63,0.053,120.0,0.065,120.0,112.18,0.09944,-0.59779,-0.01923,0.0168,-0.46869
8447.16,SYN.BTC-4OCT19,1569495540558,open,0.02,89.3,0.006,0.048,0.02494473,84.59,0.024,0.0,BTC-4OCT19-9000-C,8440.44,81.86,0.0235,24.0,0.0275,36.0,89.38,4.47741,-24.04601,0.55065,0.00034,0.32706
8603.9,BTC-27MAR20,1569495540565,open,2.76,0.0,2.6485,2.8175,2.72835699,91.01,None,0.0,BTC-27MAR20-32000-P,8440.44,0.0,0.001,2.0,0.0,0.0,0.0,5.56418,-1.3845,-158.86886,2e-05,-0.95701
8516.13,BTC-27DEC19,1569495540595,open,0.28,63.0,0.2545,0.32,0.28822356,79.73,0.345,0.0,BTC-27DEC19-6500-C,8440.44,78.1,0.286,1.0,0.2925,1.0,82.85,11.61984,-5.04166,11.17077,8e-05,0.80932
8516.06,BTC-27DEC19,1569495540597,open,0.42,66.5,0.4075,0.45,0.42828295,83.69,0.4225,0.0,BTC-27DEC19-5000-C,8440.44,79.33,0.4255,1.0,0.432,12.0,88.95,5.71594,-2.60319,10.76156,4e-05,0.93033
8516.06,BTC-27DEC19,1569495540598,open,0.58,100.0,0.5175,0.62,0.56727222,82.77,0.6815,0.0,BTC-27DEC19-13000-P,8440.44,80.51,0.564,1.0,0.5705,1.0,85.02,12.26894,-5.52674,-29.12137,8e-05,-0.7913
8447.16,SYN.BTC-4OCT19,1569495540602,open,0.0,0.134,0.194,0.16294233,86.12,None,0.0,BTC-4OCT19-9750-P,8440.44,0.0,0.1415,5.0,0.189,5.0,146.36,2.79086,-15.25937,-1.86051,0.00021,-0.85782
8516.13,BTC-27DEC19,1569495540602,open,0.33,123.1,0.302,0.36,0.33132121,80.65,0.325,0.0,BTC-27DEC19-6000-C,8440.44,78.57,0.329,1.0,0.3355,1.0,84.28,9.63903,-4.23091,11.2723,7e-05,0.85719
8516.06,BTC-27DEC19,1569495540604,open,0.24,52.0,0.212,0.2835,0.24939651,79.27,0.235,0.0,BTC-27DEC19-7000-C,8440.44,77.74,0.247,1.0,0.2535,1.0,81.86,13.41785,-5.78848,10.84776,9e-05,0.75546
8516.13,BTC-27DEC19,1569495540623,open,0.33,123.1,0.302,0.36,0.33132121,80.65,0.325,0.0,BTC-27DEC19-6000-C,8440.44,78.12,0.3285,1.0,0.3355,1.0,84.28,9.63903,-4.23091,11.2723,7e-05,0.85719
8516.06,BTC-27DEC19,1569495540624,open,0.58,100.0,0.5175,0.62,0.56727222,82.77,0.6815,0.0,BTC-27DEC19-13000-P,8440.44,80.51,0.564,1.0,0.571,1.0,85.36,12.26894,-5.52674,-29.12137,8e-05,-0.7913
8516.06,BTC-27DEC19,1569495540626,open,0.42,66.5,0.4075,0.45,0.42828295,83.69,0.4225,0.0,BTC-27DEC19-5000-C,8440.44,78.51,0.425,1.0,0.432,12.0,88.95,5.71594,-2.60319,10.76156,4e-05,0.93033
8516.06,BTC-27DEC19,1569495540630,open,0.24,52.0,0.212,0.2835,0.24939651,79.27,0.235,0.0,BTC-27DEC19-7000-C,8440.44,77.42,0.2465,3.5,0.2535,1.0,81.86,13.41785,-5.78848,10.84776,9e-05,0.75546
8516.13,BTC-27DEC19,1569495540631,open,0.28,63.0,0.2545,0.32,0.28822356,79.73,0.345,0.0,BTC-27DEC19-6500-C,8440.44,77.73,0.2855,1.0,0.2925,1.0,82.85,11.61984,-5.04166,11.17077,8e-05,0.80932
8441.44,BTC-27SEP19,1569495540637,open,0.08,2157.2,0.0455,0.0955,0.0688398,105.46,0.0745,0.0,BTC-27SEP19-9000-P,8440.44,111.4,0.0695,6.0,0.073,6.8,141.22,0.78898,-41.6042,-0.19374,0.00044,-0.88772
8441.44,BTC-27SEP19,1569495540639,open,0.11,220.3,0.0745,0.1235,0.09702749,114.38,0.1065,0.0,BTC-27SEP19-9250-P,8440.44,122.11,0.0975,6.0,0.1005,6.0,158.02,0.45526,-26.0373,-0.21118,0.00023,-0.94571
8464.36,SYN.BTC-25OCT19,1569495540648,open,0.79,0.0,0.738,0.8135,0.77386218,92.82,None,0.0,BTC-25OCT19-15000-P,8440.44,0.0,0.0,0.0,0.0,0.0,0.0,1.13514,-1.82438,-11.74676,2e-05,-0.98036
8441.44,BTC-27SEP19,1569495540653,open,0.01,333.7,0.0005,0.039,0.01639586,100.13,0.015,0.0,BTC-27SEP19-8500-C,8440.44,103.44,0.017,18.4,0.02,18.0,118.87,1.63837,-82.02457,0.08856,0.00096,0.45365
8516.12,BTC-27DEC19,1569495540670,open,0.28,519.8,0.2235,0.322,0.27329728,79.92,0.275,0.0,BTC-27DEC19-10000-P,8440.44,78.22,0.27,3.5,0.2765,1.0,81.54,16.70743,-7.26653,-18.27713,0.00011,-0.57931
8516.06,BTC-27DEC19,1569495540702,open,0.24,52.0,0.212,0.2835,0.24939651,79.27,0.235,0.0,BTC-27DEC19-7000-C,8440.44,77.74,0.247,1.0,0.2535,1.0,81.86,13.41785,-5.78848,10.84776,9e-05,0.75546
8603.9,BTC-27MAR20,1569495540705,open,0.04,124.3,0.017,0.079,0.04417225,84.66,0.0445,0.0,BTC-27MAR20-18000-C,8440.44,83.74,0.0425,4.9,0.0465,1.0,85.92,15.73411,-3.64191,5.66646,5e-05,0.17562
8516.13,BTC-27DEC19,1569495540705,open,0.33,123.1,0.302,0.36,0.33132121,80.65,0.325,0.0,BTC-27DEC19-6000-C,8440.44,78.57,0.329,1.0,0.3355,1.0,84.28,9.63903,-4.23091,11.2723,7e-05,0.85719
8516.13,BTC-27DEC19,1569495540706,open,0.28,63.0,0.2545,0.32,0.28822356,79.73,0.345,0.0,BTC-27DEC19-6500-C,8440.44,78.1,0.286,1.0,0.2925,1.0,82.85,11.61984,-5.04166,11.17077,8e-05,0.80932
8516.06,BTC-27DEC19,1569495540708,open,0.58,100.0,0.5175,0.62,0.56727222,82.77,0.6815,0.0,BTC-27DEC19-13000-P,8440.44,80.51,0.564,1.0,0.5705,1.0,85.02,12.26894,-5.52674,-29.12137,8e-05,-0.7913
8516.06,BTC-27DEC19,1569495540712,open,0.42,66.5,0.4075,0.45,0.42828295,83.69,0.4225,0.0,BTC-27DEC19-5000-C,8440.44,79.33,0.4255,1.0,0.432,12.0,88.95,5.71594,-2.60319,10.76156,4e-05,0.93033
8447.16,SYN.BTC-4OCT19,1569495540774,open,0.17,12.5,0.156,0.201,0.17787033,100.86,0.17,0.0,BTC-4OCT19-7000-C,8440.44,0.0,0.159,7.0,0.1945,7.0,153.54,2.01024,-12.87174,1.33494,0.00013,0.91028
8603.9,BTC-27MAR20,1569495540788,open,0.01,73.6,0.0015,0.029,0.01110748,90.44,0.0155,0.0,BTC-27MAR20-30000-C,8440.44,88.18,0.0095,14.0,0.013,6.0,92.85,6.42553,-1.58883,1.739,2e-05,0.05145
8447.16,SYN.BTC-4OCT19,1569495540801,open,0.55,0.0,0.509,0.5735,0.53955221,121.5,None,0.0,BTC-4OCT19-13000-P,8440.44,0.0,0.05,1.0,0.0,0.0,0.0,0.3307,-2.55086,-2.78786,2e-05,-0.99
8603.9,BTC-27MAR20,1569495540809,open,0.01,33.5,0.0005,0.025,0.00914365,91.05,0.0105,0.0,BTC-27MAR20-32000-C,8440.44,89.21,0.008,21.0,0.011,6.0,93.76,5.57577,-1.3881,1.46399,2e-05,0.0431
8441.49,BTC-27SEP19,1569495540820,open,0.11,1.2,0.0935,0.1325,0.11211361,124.82,0.1125,0.0,BTC-27SEP19-7500-C,8440.44,120.54,0.112,6.0,0.115,6.0,180.1,0.23937,-14.93938,0.17481,0.00011,0.97528
8603.9,BTC-27MAR20,1569495540877,open,0.52,49.2,0.446,0.5735,0.51026335,81.06,0.466,0.0,BTC-27MAR20-12000-P,8440.44,65.3,0.469,3.0,0.558,3.0,98.36,23.27601,-5.15889,-48.51648,8e-05,-0.6152
8464.36,SYN.BTC-25OCT19,1569495540880,open,1.02,0.0,0.9695,1.0525,1.00929856,100.46,None,0.0,BTC-25OCT19-17000-P,8440.44,0.0,0.0,0.0,0.0,0.0,0.0,0.63396,-1.10276,-13.38794,1e-05,-0.99001
8603.85,BTC-27MAR20,1569495540904,open,1.83,0.0,1.7415,1.887,1.80991946,87.66,None,0.0,BTC-27MAR20-24000-P,8440.59,0.0,0.0,0.0,0.0,0.0,0.0,9.85899,-2.36287,-117.266,3e-05,-0.91038
8603.85,BTC-27MAR20,1569495540904,open,0.02,114.6,0.0055,0.045,0.02050621,87.69,0.022,0.0,BTC-27MAR20-24000-C,8440.59,86.35,0.019,6.0,0.023,21.0,89.8,9.86822,-2.36592,2.98436,3e-05,0.08974
8603.85,BTC-27MAR20,1569495540904,open,2.52,0.0,2.421,2.584,2.49787404,90.38,None,0.0,BTC-27MAR20-30000-P,8440.59,0.0,0.0,0.0,0.0,0.0,0.0,6.40975,-1.58389,-148.57471,2e-05,-0.94871
8603.85,BTC-27MAR20,1569495540904,open,0.03,218.8,0.0115,0.0645,0.03367131,85.8,0.0325,0.0,BTC-27MAR20-20000-C,8440.59,84.72,0.032,6.0,0.0365,14.0,87.57,13.48175,-3.16249,4.53562,4e-05,0.13889
8603.85,BTC-27MAR20,1569495540904,open,0.01,15.1,0.003,0.0315,0.01263033,88.6,0.013,0.0,BTC-27MAR20-28000-C,8440.59,87.83,0.012,6.0,0.0135,2.0,89.63,7.10687,-1.72159,1.97498,2e-05,0.05845
8603.85,BTC-27MAR20,1569495540904,open,0.37,8.4,0.3355,0.407,0.37245795,78.0,0.3495,0.0,BTC-27MAR20-6000-C,8440.59,0.0,0.19,1.2,0.68,1.0,244.33,15.78226,-3.36588,19.44467,5e-05,0.82353
8603.85,BTC-27MAR20,1569495540904,open,0.02,130.2,0.008,0.0535,0.02600729,86.74,0.0295,0.0,BTC-27MAR20-22000-C,8440.59,85.59,0.0245,6.0,0.029,21.0,88.91,11.51272,-2.73022,3.6561,4e-05,0.11082
8603.85,BTC-27MAR20,1569495540904,open,0.72,59.2,0.644,0.775,0.70877061,82.24,0.69,0.0,BTC-27MAR20-14000-P,8440.59,69.97,0.6805,2.0,0.762,2.0,102.86,20.93959,-4.70824,-61.04035,7e-05,-0.70722
8603.85,BTC-27MAR20,1569495540904,open,0.55,1.1,0.533,0.572,0.55183496,81.95,0.5375,0.0,BTC-27MAR20-4000-C,8440.59,0.0,0.4,1.1,0.999,0.1,500.0,6.64288,-1.48836,17.00666,2e-05,0.94635
8604.0,BTC-27MAR20,1569495540904,open,1.15,0.0,1.0715,1.2065,1.13623219,84.66,0.8095,0.0,BTC-27MAR20-18000-P,8440.59,0.0,1.09,2.0,1.1845,1.0,107.38,15.73577,-3.64249,-84.51805,5e-05,-0.82435
8603.85,BTC-27MAR20,1569495540904,open,1.38,0.0,1.2925,1.4305,1.35817965,85.78,None,0.0,BTC-27MAR20-20000-P,8440.59,0.0,1.3115,1.0,1.4065,1.0,110.82,13.47578,-3.16033,-95.67273,4e-05,-0.8612
8603.85,BTC-27MAR20,1569495540904,open,3.69,1.0,3.559,3.7595,3.65456658,95.45,2.7125,0.0,BTC-27MAR20-40000-P,8440.59,0.0,0.0005,2.0,0.0,0.0,0.0,3.72417,-0.97185,-199.5106,1e-05,-0.97361
8441.49,BTC-27SEP19,1569495540904,open,0.16,335.2,0.1325,0.1815,0.15522169,125.51,0.163,0.0,BTC-27SEP19-9750-P,8440.59,0.0,0.1505,1.2,0.16,1.2,221.48,0.11356,-7.12659,-0.23187,5e-05,-0.98965
8441.49,BTC-27SEP19,1569495540904,open,0.0,66.0,0.0005,0.0105,0.0005135,119.93,0.001,0.0,BTC-27SEP19-9500-C,8440.59,119.43,0.0005,30.0,0.0015,16.4,144.9,0.23154,-4.33468,0.00471,0.00011,0.02376
8441.49,BTC-27SEP19,1569495540904,open,0.43,110.3,0.394,0.45,0.42155841,207.76,0.54,0.0,BTC-27SEP19-12000-P,8440.59,0.0,0.008,4.1,0.0,0.0,0.0,0.005,-0.51929,-0.28783,0.0,-0.99967
8515.92,BTC-27DEC19,1569495540905,open,0.0,463.3,0.0005,0.0125,0.00258309,94.77,0.0025,0.0,BTC-27DEC19-26000-C,8440.59,91.83,0.002,24.0,0.0035,49.0,98.58,1.84058,-0.94924,0.31836,1e-05,0.01743
8441.49,BTC-27SEP19,1569495540905,open,0.0,37.2,0.0005,0.015,0.00208139,123.73,0.002,0.0,BTC-27SEP19-7750-P,8440.59,141.75,0.0035,47.0,0.005,30.0,157.58,0.5845,-17.57007,-0.01558,0.00028,-0.07487
8515.92,BTC-27DEC19,1569495540905,open,0.02,328.8,0.005,0.0395,0.0183269,85.71,0.018,0.0,BTC-27DEC19-16000-C,8440.59,84.8,0.0175,24.0,0.02,46.0,87.5,7.78841,-3.63285,1.86568,5e-05,0.10536
8604.0,BTC-27MAR20,1569495540905,open,0.08,258.2,0.042,0.1245,0.08161478,82.25,0.086,0.0,BTC-27MAR20-14000-C,8440.59,81.37,0.0795,4.9,0.0865,12.0,84.24,20.94152,-4.70912,9.10496,7e-05,0.29282
8441.49,BTC-27SEP19,1569495540905,open,0.0,1220.7,0.0005,0.0105,1.1e-07,125.0,0.0005,0.0,BTC-27SEP19-11000-C,8440.59,0.0,0.0,0.0,0.001,30.0,260.18,0.00016,-0.00096,0.0,0.0,1e-05
8604.0,BTC-27MAR20,1569495540905,open,0.01,64.1,0.004,0.037,0.01565951,87.81,0.024,0.0,BTC-27MAR20-26000-C,8440.59,87.11,0.015,6.0,0.0165,2.0,88.67,8.26476,-1.9841,2.38465,3e-05,0.07098
8515.92,BTC-27DEC19,1569495540905,open,0.37,73.3,0.353,0.403,0.37803037,81.78,0.491,0.0,BTC-27DEC19-5500-C,8440.59,78.88,0.3755,1.0,0.3825,1.0,86.63,7.60246,-3.38335,11.14785,5e-05,0.89809
8441.49,BTC-27SEP19,1569495540905,open,0.37,25.6,0.3355,0.39,0.36232681,183.99,0.3505,0.0,BTC-27SEP19-11500-P,8440.59,0.0,0.0,0.0,0.0,0.0,0.0,0.00535,-0.49173,-0.27583,0.0,-0.99965
8441.49,BTC-27SEP19,1569495540905,open,0.0,214.1,0.0005,0.0105,1.393e-05,125.0,0.0005,0.0,BTC-27SEP19-10250-C,8440.59,0.0,0.0,0.0,0.001,10.2,201.25,0.01192,-0.11757,0.00017,1e-05,0.00084
8515.92,BTC-27DEC19,1569495540905,open,5.15,0.8,4.9865,5.234,5.10661659,117.19,3.59,0.0,BTC-27DEC19-52000-P,8440.59,0.0,0.001,2.0,0.0,0.0,0.0,0.35445,-0.22606,-130.84241,0.0,-0.99731
8441.49,BTC-27SEP19,1569495540905,open,0.22,93.7,0.1905,0.2395,0.2142603,128.53,0.226,0.0,BTC-27SEP19-10250-P,8440.59,0.0,0.209,1.2,0.2195,1.2,278.88,0.01566,-1.00662,-0.24569,1e-05,-0.99886
8604.0,BTC-27MAR20,1569495540906,open,0.93,1.1,0.8545,0.988,0.91920928,83.62,0.911,0.0,BTC-27MAR20-16000-P,8440.59,55.04,0.872,2.0,0.9675,2.0,104.19,18.31049,-4.1863,-72.99248,6e-05,-0.77402
8604.0,BTC-27MAR20,1569495540906,open,0.01,22.1,0.0005,0.023,0.00813806,92.57,0.009,0.0,BTC-27MAR20-34000-C,8440.59,90.55,0.007,1.0,0.0095,6.0,94.77,5.07747,-1.28511,1.30488,1e-05,0.03841
8441.49,BTC-27SEP19,1569495540906,open,0.03,23.0,0.007,0.057,0.03279342,100.31,0.0355,0.0,BTC-27SEP19-8250-C,8440.59,107.22,0.034,18.0,0.0375,18.0,126.87,1.46178,-73.31266,0.1328,0.00085,0.6885
8447.16,SYN.BTC-4OCT19,1569495540905,open,0.0,0.004,0.04,0.0189925,88.65,None,0.0,BTC-4OCT19-7750-P,8440.59,88.67,0.019,24.0,0.021,0.1,93.07,3.80179,-21.39763,-0.46066,0.00028,-0.23375
8604.0,BTC-27MAR20,1569495540905,open,0.01,59.0,0.0005,0.021,0.00707893,93.58,0.008,0.0,BTC-27MAR20-36000-C,8440.59,91.43,0.006,1.0,0.0085,6.0,96.1,4.55641,-1.16577,1.14552,1e-05,0.03365
8447.16,SYN.BTC-4OCT19,1569495540904,open,0.31,4.9,0.277,0.3355,0.30434276,97.87,0.116,0.0,BTC-4OCT19-11000-P,8440.59,0.0,0.015,1.0,0.0,0.0,0.0,1.04282,-6.47949,-2.30668,7e-05,-0.96121
8441.49,BTC-27SEP19,1569495540905,open,0.0,207.4,0.0005,0.0105,6.2e-07,125.0,0.0005,0.0,BTC-27SEP19-10750-C,8440.59,0.0,0.0,0.0,0.0005,2.5,218.62,0.00077,-0.00523,1e-05,0.0,4e-05
8441.49,BTC-27SEP19,1569495540905,open,2.82,0.0,2.7165,2.868,2.79082242,500.0,None,0.0,BTC-27SEP19-32000-P,8440.59,0.0,0.0,0.0,0.0,0.0,0.0,0.0,-0.0003,-0.76773,0.0,-1.0
8604.0,BTC-27MAR20,1569495540905,open,3.22,0.0,3.1035,3.288,3.19119394,93.61,None,0.0,BTC-27MAR20-36000-P,8440.59,0.0,0.0,0.0,0.0,0.0,0.0,4.56253,-1.16768,-179.22329,1e-05,-0.96629
8441.49,BTC-27SEP19,1569495540905,open,0.0,302.7,0.0005,0.0105,3.09e-06,125.0,0.0005,0.0,BTC-27SEP19-10500-C,8440.59,0.0,0.0,0.0,0.0005,0.5,200.38,0.00321,-0.02606,4e-05,0.0,0.00021
8447.16,SYN.BTC-4OCT19,1569495540904,open,0.0,19.6,0.0005,0.0105,0.00090626,118.78,0.001,0.0,BTC-4OCT19-12500-C,8440.59,110.16,0.0005,0.5,0.001,30.0,120.37,0.4815,-3.63106,0.02648,3e-05,0.01543
8441.49,BTC-27SEP19,1569495540905,open,0.0,49.2,0.0005,0.0105,0.0,125.0,0.0015,0.0,BTC-27SEP19-3250-P,8440.59,0.0,0.0,0.0,0.0005,0.9,500.0,0.0,0.0,0.0,0.0,0.0
8441.49,BTC-27SEP19,1569495540905,open,0.03,455.1,0.0015,0.0485,0.02333307,100.34,0.0285,0.0,BTC-27SEP19-8500-P,8440.59,108.92,0.025,18.0,0.0285,26.0,126.91,1.63847,-82.20387,-0.11534,0.00096,-0.54616
8441.49,BTC-27SEP19,1569495540905,open,0.0,193.0,0.0005,0.0105,0.00058762,125.01,0.0035,0.0,BTC-27SEP19-7500-P,8440.59,157.93,0.002,48.0,0.0035,30.0,180.52,0.2407,-4.96037,-0.00516,0.00011,-0.02488
8441.49,BTC-27SEP19,1569495540906,open,0.34,3.0,0.307,0.3595,0.33271103,171.68,0.1835,0.0,BTC-27SEP19-11250-P,8440.59,0.0,0.0,0.0,0.0,0.0,0.0,0.00557,-0.47844,-0.26983,0.0,-0.99963
8441.49,BTC-27SEP19,1569495540905,open,0.58,261.1,0.5755,0.595,0.5853788,0.0,0.622,0.0,BTC-27SEP19-3500-C,8440.59,0.0,0.161,1.0,0.0,0.0,0.0,0.0,0.0,0.08397,0.0,1.0
8441.49,BTC-27SEP19,1569495540906,open,0.46,289.7,0.4565,0.477,0.4669156,0.0,0.588,0.0,BTC-27SEP19-4500-C,8440.59,0.0,0.0035,1.0,0.0,0.0,0.0,0.0,0.0,0.10796,0.0,1.0
8441.49,BTC-27SEP19,1569495540906,open,0.49,9.1,0.4865,0.5065,0.4965314,0.0,0.6095,0.0,BTC-27SEP19-4250-C,8440.59,0.0,0.0055,10.0,0.509,2.0,500.0,0.0,0.0,0.10196,0.0,1.0
8515.92,BTC-27DEC19,1569495540905,open,0.0,621.5,0.0005,0.011,0.00117268,106.83,0.001,0.0,BTC-27DEC19-36000-C,8440.59,98.4,0.0005,1145.9,0.0015,24.0,109.63,0.90838,-0.52813,0.1405,0.0,0.00773
8441.49,BTC-27SEP19,1569495540906,open,0.0,350.4,0.0005,0.0105,0.0,125.0,0.0005,0.0,BTC-27SEP19-4750-P,8440.59,0.0,0.0,0.0,0.001,22.0,500.0,0.0,0.0,0.0,0.0,0.0
8515.92,BTC-27DEC19,1569495540906,open,0.0,642.0,0.0005,0.0135,0.00365006,93.42,0.003,0.0,BTC-27DEC19-24000-C,8440.59,90.98,0.003,24.0,0.004,24.0,94.62,2.41873,-1.22975,0.43768,1e-05,0.02407
8515.92,BTC-27DEC19,1569495540906,open,0.0,401.5,0.0005,0.0115,0.00164963,97.3,0.002,0.0,BTC-27DEC19-3000-P,8440.59,90.83,0.001,34.0,0.0025,25.0,103.59,1.00028,-0.52964,-0.2202,1e-05,-0.00862
8515.92,BTC-27DEC19,1569495540906,open,0.0,432.2,0.0005,0.0105,0.00067807,112.94,0.0005,0.0,BTC-27DEC19-44000-C,8440.59,0.0,0.0,0.0,0.001,25.0,117.15,0.55816,-0.34307,0.08111,0.0,0.00446
8515.92,BTC-27DEC19,1569495540906,open,0.37,248.1,0.3135,0.415,0.36449119,80.69,0.37,0.0,BTC-27DEC19-11000-P,8440.59,58.03,0.326,8.5,0.4065,6.0,102.87,15.54073,-6.82421,-22.09691,0.00011,-0.66635
8515.92,BTC-27DEC19,1569495540906,open,3.26,1.3,3.145,3.318,3.22844493,105.82,2.2,0.0,BTC-27DEC19-36000-P,8440.59,0.0,0.0,0.0,0.0,0.0,0.0,0.848,-0.48836,-90.48682,0.0,-0.99285
8515.92,BTC-27DEC19,1569495540906,open,0.0,239.8,0.0005,0.0105,0.00021315,125.0,0.0005,0.0,BTC-27DEC19-1500-P,8440.59,0.0,0.0,0.0,0.002,0.1,163.65,0.14734,-0.10023,-0.02657,0.0,-0.00103
8441.64,BTC-27SEP19,1569495540906,open,0.7,55.9,0.694,0.7135,0.703842,0.0,0.689,0.0,BTC-27SEP19-2500-C,8440.59,0.0,0.0055,10.0,0.0,0.0,0.0,0.0,0.0,0.05998,0.0,1.0
8515.92,BTC-27DEC19,1569495540907,open,0.76,0.0,0.756,0.7755,0.765673,115.11,None,0.0,BTC-27DEC19-2000-C,8440.59,0.0,0.018,0.1,0.941,0.5,500.0,0.34057,-0.21334,4.96778,0.0,0.99742
8515.92,BTC-27DEC19,1569495540906,open,0.71,0.0,0.6975,0.717,0.70721977,102.7,None,0.0,BTC-27DEC19-2500-C,8440.59,0.0,0.021,1.1,0.9325,0.5,500.0,0.52754,-0.29483,6.18618,0.0,0.99581
8441.64,BTC-27SEP19,1569495540907,open,0.67,54.1,0.626,0.692,0.65848481,323.85,0.405,0.0,BTC-27SEP19-14000-P,8440.59,0.0,0.0055,10.0,0.0,0.0,0.0,0.0131,-2.12178,-0.3357,0.0,-0.99906
8441.64,BTC-27SEP19,1569495540907,open,0.0,273.6,0.0005,0.0105,2e-08,124.99,0.0005,0.0,BTC-27SEP19-11250-C,8440.59,0.0,0.0,0.0,0.001,51.3,278.42,3e-05,-0.00016,0.0,0.0,0.0
8441.64,BTC-27SEP19,1569495540907,open,0.82,50.0,0.8125,0.832,0.8223052,0.0,0.8085,0.0,BTC-27SEP19-1500-C,8440.59,0.0,0.0,0.0,0.0,0.0,0.0,0.0,0.0,0.03599,0.0,1.0
8441.64,BTC-27SEP19,1569495540907,open,0.01,135.3,0.0005,0.025,0.00678423,100.29,0.0075,0.0,BTC-27SEP19-8750-C,8440.59,104.93,0.0075,24.0,0.01,24.0,120.47,1.28586,-57.27005,0.04726,0.00075,0.24016
8441.64,BTC-27SEP19,1569495540906,open,0.4,789.2,0.396,0.419,0.407684,0.0,0.4,0.0,BTC-27SEP19-5000-C,8440.59,0.0,0.3985,8.0,0.416,8.0,500.0,0.0,0.0,0.11996,0.0,1.0
8515.92,BTC-27DEC19,1569495540907,open,2.08,0.0,1.994,2.1235,2.05563803,94.53,None,0.0,BTC-27DEC19-26000-P,8440.59,0.0,0.0055,10.0,2.708,0.2,500.0,1.81583,-0.93416,-65.13214,1e-05,-0.98284
8441.64,BTC-27SEP19,1569495540907,open,0.0,615.0,0.0005,0.0105,0.0,125.01,0.0005,0.0,BTC-27SEP19-5500-P,8440.59,0.0,0.0,0.0,0.0005,0.1,375.8,0.0,0.0,0.0,0.0,0.0
8441.64,BTC-27SEP19,1569495540907,open,0.0,492.3,0.0005,0.0105,0.0,124.99,0.0035,0.0,BTC-27SEP19-12500-C,8440.59,0.0,0.0,0.0,0.005,21.0,469.39,0.0,0.0,0.0,0.0,0.0
8515.92,BTC-27DEC19,1569495540907,open,0.0,219.1,0.0005,0.0105,0.00078038,102.58,0.001,0.0,BTC-27DEC19-2500-P,8440.59,0.0,0.0,0.0,0.008,25.0,148.48,0.52419,-0.29263,-0.10589,0.0,-0.00416
8441.64,BTC-27SEP19,1569495540907,open,0.76,28.2,0.7535,0.773,0.7630736,0.0,0.755,0.0,BTC-27SEP19-2000-C,8440.59,0.0,0.01,1.0,0.0,0.0,0.0,0.0,0.0,0.04798,0.0,1.0
8441.64,BTC-27SEP19,1569495540907,open,0.28,715.4,0.275,0.303,0.2892208,0.0,0.29,0.0,BTC-27SEP19-6000-C,8440.59,0.0,0.0115,10.0,0.3045,3.0,500.0,0.0,0.0,0.14395,0.0,1.0
8516.07,BTC-27DEC19,1569495540907,open,0.82,0.9,0.8145,0.834,0.8240766,125.06,0.8325,0.0,BTC-27DEC19-1500-C,8440.59,0.0,0.023,10.0,0.951,0.5,500.0,0.14788,-0.10064,3.74903,0.0,0.99897
8441.64,BTC-27SEP19,1569495540907,open,2.1,0.0,2.02,2.1425,2.08004322,500.0,None,0.0,BTC-27SEP19-26000-P,8440.59,0.0,0.0,0.0,0.0,0.0,0.0,8e-05,-0.01883,-0.62378,0.0,-1.0
8516.07,BTC-27DEC19,1569495540907,open,0.59,4.0,0.5815,0.604,0.59207272,92.36,0.666,0.0,BTC-27DEC19-3500-C,8440.59,0.0,0.021,1.1,0.951,1.0,500.0,1.68727,-0.84804,8.40678,1e-05,0.98425
8516.07,BTC-27DEC19,1569495540907,open,0.8,210.2,0.736,0.8385,0.78494096,84.67,0.8095,0.0,BTC-27DEC19-15000-P,8440.59,0.0,0.7485,3.0,0.8275,3.0,116.08,9.10136,-4.19377,-35.4475,6e-05,-0.86869
8447.16,SYN.BTC-4OCT19,1569495540904,open,0.0,80.8,0.0005,0.0105,0.00056446,121.29,0.0015,0.0,BTC-4OCT19-13000-C,8440.59,0.0,0.0,0.0,0.0015,22.0,137.95,0.32734,-2.52054,0.01699,2e-05,0.00988
8441.64,BTC-27SEP19,1569495540907,open,0.0,113.4,0.0005,0.012,0.00124288,114.02,0.0015,0.0,BTC-27SEP19-9250-C,8440.59,118.58,0.0015,30.0,0.002,2.0,126.4,0.45169,-10.49195,0.01063,0.00023,0.05375
8604.0,BTC-27MAR20,1569495540907,open,0.01,503.4,0.0005,0.0175,0.0055499,95.59,0.006,0.0,BTC-27MAR20-40000-C,8440.59,94.29,0.005,102.0,0.006,1.0,96.6,3.75375,-0.98109,0.90914,1e-05,0.02664
8516.07,BTC-27DEC19,1569495540907,open,0.01,478.2,0.0015,0.028,0.01147352,87.72,0.0115,0.0,BTC-27DEC19-18000-C,8440.59,86.23,0.0105,24.0,0.013,47.0,89.92,5.69652,-2.71937,1.24093,4e-05,0.06936
8441.64,BTC-27SEP19,1569495540907,open,0.0,272.8,0.0005,0.0105,0.00020549,124.98,0.001,0.0,BTC-27SEP19-9750-C,8440.59,0.0,0.0,0.0,0.0015,53.0,169.62,0.11103,-1.73466,0.002,5e-05,0.01009
8441.64,BTC-27SEP19,1569495540907,open,0.0,514.0,0.0005,0.0105,0.0,124.99,0.0005,0.0,BTC-27SEP19-11500-C,8440.59,0.0,0.0,0.0,0.0075,21.0,427.17,1e-05,-2e-05,0.0,0.0,0.0
8441.64,BTC-27SEP19,1569495540907,open,0.0,1263.9,0.0005,0.0105,0.0,124.99,0.0005,0.0,BTC-27SEP19-12000-C,8440.59,0.0,0.0,0.0,0.0005,5.6,301.14,0.0,0.0,0.0,0.0,0.0
8464.36,SYN.BTC-25OCT19,1569495540905,open,0.33,29.1,0.2825,0.356,0.31821673,84.84,0.332,0.0,BTC-25OCT19-11000-P,8440.59,0.0,0.2905,5.0,0.322,5.0,90.1,5.88306,-8.64254,-7.72997,0.00012,-0.83615
8441.64,BTC-27SEP19,1569495540908,open,0.55,36.8,0.51,0.571,0.54002161,279.05,0.59,0.0,BTC-27SEP19-13000-P,8440.59,0.0,0.0,0.0,0.0,0.0,0.0,0.01391,-1.94022,-0.3117,0.0,-0.999
8441.64,BTC-27SEP19,1569495540907,open,0.0,406.8,0.0005,0.0105,0.0,125.0,0.0005,0.0,BTC-27SEP19-2500-P,8440.59,0.0,0.0,0.0,0.0005,10.0,500.0,0.0,0.0,0.0,0.0,0.0
8516.07,BTC-27DEC19,1569495540907,open,1.61,4.9,1.534,1.65,1.58879995,92.39,1.0385,0.0,BTC-27DEC19-22000-P,8440.59,0.0,0.0075,2.0,2.2605,0.3,500.0,3.27901,-1.64874,-54.74987,2e-05,-0.96529
8441.64,BTC-27SEP19,1569495540907,open,0.31,298.8,0.278,0.3295,0.30309532,176.87,0.271,0.0,BTC-27SEP19-11000-P,8440.59,0.0,0.1,0.5,0.0,0.0,0.0,0.01766,-1.56182,-0.26365,1e-05,-0.9987
8441.64,BTC-27SEP19,1569495540907,open,0.0,972.4,0.0005,0.0105,0.0,124.99,0.0005,0.0,BTC-27SEP19-15000-C,8440.59,0.0,0.0,0.0,0.0005,26.1,459.0,0.0,0.0,0.0,0.0,0.0
8464.36,SYN.BTC-25OCT19,1569495540904,open,0.67,2.0,0.622,0.695,0.65673784,89.53,0.372,0.0,BTC-25OCT19-14000-P,8440.59,0.0,0.0,0.0,1.5,0.5,500.0,1.64554,-2.5509,-10.88926,3e-05,-0.96943
8516.07,BTC-27DEC19,1569495540907,open,0.0,334.4,0.0005,0.0105,0.00050553,114.91,0.001,0.0,BTC-27DEC19-48000-C,8440.59,0.0,0.0,0.0,0.0,0.0,0.0,0.43194,-0.27012,0.06101,0.0,0.00335
8441.64,BTC-27SEP19,1569495540907,open,0.0,586.8,0.0005,0.0105,0.0,125.0,0.0005,0.0,BTC-27SEP19-3000-P,8440.59,0.0,0.0,0.0,0.0005,32.0,500.0,0.0,0.0,0.0,0.0,0.0
8441.64,BTC-27SEP19,1569495540907,open,0.0,1107.7,0.0005,0.0105,0.0,125.0,0.001,0.0,BTC-27SEP19-4250-P,8440.59,0.0,0.0,0.0,0.0015,21.0,500.0,0.0,0.0,0.0,0.0,0.0
8516.07,BTC-27DEC19,1569495540907,open,0.0,1541.5,0.0005,0.0105,0.00054951,120.25,0.001,0.0,BTC-27DEC19-52000-C,8440.59,0.0,0.0,0.0,0.0045,25.0,149.15,0.44835,-0.2934,0.06312,0.0,0.00349
8516.07,BTC-27DEC19,1569495540908,open,3.73,0.0,3.605,3.7975,3.69798886,111.33,2.58,0.0,BTC-27DEC19-40000-P,8440.59,0.0,0.001,1.0,0.0,0.0,0.0,0.76722,-0.46482,-100.57005,0.0,-0.99362
8516.07,BTC-27DEC19,1569495540907,open,1.84,0.0,1.7635,1.8865,1.82183484,93.36,None,0.0,BTC-27DEC19-24000-P,8440.59,0.0,0.0075,1.0,2.484,0.2,500.0,2.41149,-1.22529,-59.97522,1e-05,-0.97602
8516.07,BTC-27DEC19,1569495540907,open,0.65,0.0,0.6395,0.659,0.64937694,97.32,None,0.0,BTC-27DEC19-3000-C,8440.59,0.0,0.007,1.1,0.925,0.5,500.0,1.00126,-0.53029,7.33096,1e-05,0.99137
8441.64,BTC-27SEP19,1569495540907,open,0.0,695.0,0.0005,0.0105,0.0,125.0,0.0005,0.0,BTC-27SEP19-18000-C,8440.59,0.0,0.0,0.0,0.0025,5.0,500.0,0.0,0.0,0.0,0.0,0.0
8441.64,BTC-27SEP19,1569495540908,open,0.13,404.5,0.1035,0.152,0.12591257,120.82,0.1475,0.0,BTC-27SEP19-9500-P,8440.59,0.0,0.121,0.8,0.131,0.8,198.68,0.23869,-14.41972,-0.22304,0.00012,-0.97537
8516.07,BTC-27DEC19,1569495540908,open,0.0,388.4,0.0005,0.0165,0.00546691,92.44,0.0055,0.0,BTC-27DEC19-22000-C,8440.59,91.2,0.005,1.0,0.006,24.0,93.78,3.28595,-1.65307,0.62879,2e-05,0.0348
8447.16,SYN.BTC-4OCT19,1569495540904,open,0.03,78.6,0.0075,0.052,0.02778562,87.45,0.0275,0.0,BTC-4OCT19-8000-P,8440.59,85.94,0.027,24.0,0.031,12.0,93.6,4.3953,-24.40299,-0.62098,0.00033,-0.31291
8441.64,BTC-27SEP19,1569495540909,open,0.0,965.7,0.0005,0.0105,5.655e-05,124.98,0.0005,0.0,BTC-27SEP19-10000-C,8440.59,0.0,0.0,0.0,0.001,45.9,179.93,0.039,-0.47742,0.00062,2e-05,0.0031
8516.07,BTC-27DEC19,1569495540908,open,2.31,0.1,2.224,2.3625,2.29009715,97.86,1.49,0.0,BTC-27DEC19-28000-P,8440.59,0.0,0.001,1.0,0.0,0.0,0.0,1.58793,-0.84569,-70.21246,1e-05,-0.98532
8604.0,BTC-27MAR20,1569495540909,open,2.99,0.0,2.876,3.053,2.95980223,92.6,None,0.0,BTC-27MAR20-34000-P,8440.59,0.0,0.0,0.0,0.0,0.0,0.0,5.08296,-1.28682,-169.04349,1e-05,-0.96154
8441.64,BTC-27SEP19,1569495540909,open,0.49,21.0,0.452,0.511,0.48078825,254.19,0.29,0.0,BTC-27SEP19-12500-P,8440.59,0.0,0.0,0.0,1.0,1.0,500.0,0.0139,-1.76693,-0.2997,0.0,-0.999
8441.64,BTC-27SEP19,1569495540908,open,0.01,1828.1,0.0005,0.0215,0.00463152,112.06,0.009,0.0,BTC-27SEP19-8000-P,8440.59,127.05,0.0065,39.0,0.0085,24.0,141.74,0.99406,-39.0976,-0.03276,0.00052,-0.1571
8464.36,SYN.BTC-25OCT19,1569495540904,open,0.44,37.4,0.393,0.4655,0.42753627,86.59,0.433,0.0,BTC-25OCT19-12000-P,8440.59,0.0,0.405,4.0,0.458,4.0,131.41,4.01963,-6.02677,-8.92396,8e-05,-0.90514
8516.07,BTC-27DEC19,1569495540908,open,0.04,455.9,0.0165,0.0705,0.04074608,82.81,0.0425,0.0,BTC-27DEC19-13000-C,8440.59,81.94,0.0395,19.3,0.0425,19.3,84.02,12.27419,-5.53146,3.60362,8e-05,0.20886
8447.16,SYN.BTC-4OCT19,1569495540905,open,0.2,76.6,0.162,0.2215,0.19045581,89.11,0.1995,0.0,BTC-4OCT19-10000-P,8440.59,0.0,0.1695,5.0,0.215,5.0,151.45,2.34124,-13.24575,-1.96834,0.00017,-0.88947
8441.64,BTC-27SEP19,1569495540909,open,1.87,0.2,1.7875,1.901,1.84311681,500.0,1.6,0.0,BTC-27SEP19-24000-P,8440.59,0.0,0.0,0.0,0.0,0.0,0.0,0.00031,-0.07697,-0.5758,0.0,-0.99998
8441.64,BTC-27SEP19,1569495540909,open,0.0,300.4,0.0005,0.0105,0.0,125.0,0.0005,0.0,BTC-27SEP19-24000-C,8440.59,0.0,0.0,0.0,0.0015,7.0,500.0,0.0,0.0,0.0,0.0,0.0
8441.64,BTC-27SEP19,1569495540909,open,0.0,146.6,0.0005,0.0105,0.0,125.0,0.0005,0.0,BTC-27SEP19-26000-C,8440.59,0.0,0.0,0.0,0.0005,5.0,500.0,0.0,0.0,0.0,0.0,0.0
8441.64,BTC-27SEP19,1569495540909,open,0.0,683.9,0.0005,0.0105,0.0,125.0,0.001,0.0,BTC-27SEP19-30000-C,8440.59,0.0,0.0,0.0,0.001,3.9,500.0,0.0,0.0,0.0,0.0,0.0
8516.07,BTC-27DEC19,1569495540909,open,0.68,268.3,0.6255,0.728,0.67486913,83.82,0.802,0.0,BTC-27DEC19-14000-P,8440.59,0.0,0.112,0.2,1.3785,0.2,500.0,10.62991,-4.84895,-32.35348,7e-05,-0.83443
8441.64,BTC-27SEP19,1569495540909,open,0.0,561.7,0.0005,0.0105,0.0,125.0,0.002,0.0,BTC-27SEP19-16000-C,8440.59,0.0,0.0,0.0,0.003,21.0,500.0,0.0,0.0,0.0,0.0,0.0
8441.64,BTC-27SEP19,1569495540909,open,1.63,0.2,1.5555,1.659,1.60619041,500.0,1.391,0.0,BTC-27SEP19-22000-P,8440.59,0.0,0.0055,10.0,0.0,0.0,0.0,0.00126,-0.31501,-0.5278,0.0,-0.99992
8516.07,BTC-27DEC19,1569495540909,open,0.48,4.1,0.4645,0.4995,0.48105346,85.94,0.578,0.0,BTC-27DEC19-4500-C,8440.59,0.0,0.0125,1.1,0.9055,1.0,500.0,4.05274,-1.89548,10.15874,3e-05,0.95496
8441.64,BTC-27SEP19,1569495540909,open,0.0,392.7,0.0005,0.0105,0.0,125.0,0.0005,0.0,BTC-27SEP19-4500-P,8440.59,0.0,0.0,0.0,0.0005,30.0,500.0,0.0,0.0,0.0,0.0,0.0
8441.64,BTC-27SEP19,1569495540909,open,0.0,809.8,0.0005,0.0105,0.0,125.0,0.001,0.0,BTC-27SEP19-20000-C,8440.59,0.0,0.0,0.0,0.0005,3.0,500.0,0.0,0.0,0.0,0.0,0.0
8441.64,BTC-27SEP19,1569495540909,open,0.0,1584.7,0.0005,0.0165,0.00267099,104.56,0.004,0.0,BTC-27SEP19-9000-C,8440.59,113.03,0.0035,10.0,0.005,46.0,126.54,0.77894,-22.54755,0.0218,0.00044,0.11029
8464.36,SYN.BTC-25OCT19,1569495540904,open,0.02,525.8,0.005,0.038,0.01865055,84.84,0.018,0.0,BTC-25OCT19-11000-C,8440.59,83.9,0.018,0.9,0.0195,19.3,86.05,5.88303,-8.64246,0.97228,0.00012,0.16385
8516.07,BTC-27DEC19,1569495540909,open,0.53,31.1,0.5225,0.551,0.53585326,88.86,0.6265,0.0,BTC-27DEC19-4000-C,8440.59,0.0,0.018,1.1,0.5715,0.2,150.56,2.70977,-1.31048,9.35859,2e-05,0.97243
8441.64,BTC-27SEP19,1569495540909,open,0.0,1262.2,0.0005,0.0105,1.731e-05,125.01,0.002,0.0,BTC-27SEP19-7000-P,8440.59,201.52,0.001,480.5,0.002,30.0,228.8,0.01398,-0.14617,-0.00021,1e-05,-0.001
8441.64,BTC-27SEP19,1569495540909,open,0.0,543.0,0.0005,0.0105,0.0,124.99,0.0005,0.0,BTC-27SEP19-14000-C,8440.59,0.0,0.0,0.0,0.0005,4.9,411.27,0.0,0.0,0.0,0.0,0.0
8441.64,BTC-27SEP19,1569495540909,open,0.16,723.7,0.154,0.187,0.17077491,0.0,0.1445,0.0,BTC-27SEP19-7000-C,8440.59,0.0,0.158,6.0,0.185,6.0,382.83,0.0,0.0,0.16794,0.0,1.0
8441.64,BTC-27SEP19,1569495540910,open,0.0,657.8,0.0005,0.0105,0.0,125.01,0.0005,0.0,BTC-27SEP19-5000-P,8440.59,0.0,0.0,0.0,0.0005,39.1,450.75,0.0,0.0,0.0,0.0,0.0
8441.64,BTC-27SEP19,1569495540910,open,0.0,492.7,0.0005,0.0105,0.0,125.0,0.0005,0.0,BTC-27SEP19-2000-P,8440.59,0.0,0.0,0.0,0.0005,3.0,500.0,0.0,0.0,0.0,0.0,0.0
8441.64,BTC-27SEP19,1569495540909,open,0.0,1199.3,0.0005,0.0105,0.0,125.01,0.0005,0.0,BTC-27SEP19-6000-P,8440.59,0.0,0.0,0.0,0.0015,21.0,360.38,0.0,0.0,0.0,0.0,0.0
8441.64,BTC-27SEP19,1569495540909,open,0.52,227.5,0.5165,0.536,0.5261472,0.0,0.606,0.0,BTC-27SEP19-4000-C,8440.59,0.0,0.111,2.0,0.0,0.0,0.0,0.0,0.0,0.09597,0.0,1.0
8441.64,BTC-27SEP19,1569495540909,open,2.58,0.0,2.484,2.626,2.55389602,500.0,None,0.0,BTC-27SEP19-30000-P,8440.59,0.0,0.0,0.0,0.0,0.0,0.0,0.0,-0.00116,-0.71975,0.0,-1.0
8441.64,BTC-27SEP19,1569495540909,open,0.0,1660.1,0.0005,0.0105,0.0,125.0,0.0005,0.0,BTC-27SEP19-1500-P,8440.59,0.0,0.0,0.0,0.0005,102.1,500.0,0.0,0.0,0.0,0.0,0.0
8441.64,BTC-27SEP19,1569495540909,open,0.64,225.7,0.635,0.6545,0.6446104,0.0,0.693,0.0,BTC-27SEP19-3000-C,8440.59,0.0,0.0055,20.0,0.0,0.0,0.0,0.0,0.0,0.07197,0.0,1.0
8516.07,BTC-27DEC19,1569495540909,open,0.91,22.0,0.8485,0.951,0.89711667,85.7,1.0275,0.0,BTC-27DEC19-16000-P,8440.59,0.0,0.4,0.2,1.597,0.2,500.0,7.7863,-3.63128,-38.40922,5e-05,-0.89468
8516.07,BTC-27DEC19,1569495540910,open,0.0,229.1,0.0005,0.013,0.00305798,92.34,0.002,0.0,BTC-27DEC19-3500-P,8440.59,89.35,0.0025,24.0,0.004,24.0,96.72,1.68646,-0.84752,-0.40298,1e-05,-0.01574
8516.07,BTC-27DEC19,1569495540909,open,0.0,466.7,0.0005,0.012,0.00219171,97.84,0.0015,0.0,BTC-27DEC19-28000-C,8440.59,93.62,0.0015,9.2,0.0025,25.0,99.42,1.58597,-0.84447,0.26716,1e-05,0.01465
8441.64,BTC-27SEP19,1569495540910,open,0.0,438.2,0.0005,0.0105,0.0,125.0,0.0005,0.0,BTC-27SEP19-28000-C,8440.59,0.0,0.0,0.0,0.0005,17.0,500.0,0.0,0.0,0.0,0.0,0.0
8447.16,SYN.BTC-4OCT19,1569495540905,open,0.37,0.0,0.335,0.3945,0.36290568,104.75,None,0.0,BTC-4OCT19-11500-P,8440.59,0.0,0.011,25.0,0.0,0.0,0.0,0.77164,-5.1318,-2.43504,5e-05,-0.97307
8441.64,BTC-27SEP19,1569495540910,open,0.0,720.4,0.0005,0.0105,0.0,124.99,0.0005,0.0,BTC-27SEP19-13000-C,8440.59,0.0,0.0,0.0,0.0075,21.0,500.0,0.0,0.0,0.0,0.0,0.0
8441.64,BTC-27SEP19,1569495540910,open,0.43,13.5,0.426,0.448,0.4372998,0.0,0.382,0.0,BTC-27SEP19-4750-C,8440.59,0.0,0.0055,10.0,0.459,2.0,500.0,0.0,0.0,0.11396,0.0,1.0
8441.64,BTC-27SEP19,1569495540910,open,0.0,670.5,0.0005,0.0105,0.0,125.0,0.001,0.0,BTC-27SEP19-22000-C,8440.59,0.0,0.0,0.0,0.001,10.9,500.0,0.0,0.0,0.0,0.0,0.0
8464.36,SYN.BTC-25OCT19,1569495540905,open,0.0,424.2,0.0005,0.0115,0.00172648,92.81,0.002,0.0,BTC-25OCT19-15000-C,8440.59,86.37,0.001,78.0,0.0025,24.0,97.9,1.135,-1.82411,0.11994,2e-05,0.01964
8516.07,BTC-27DEC19,1569495540912,open,0.0,324.9,0.0005,0.011,0.00126,100.29,0.001,0.0,BTC-27DEC19-32000-C,8440.59,91.53,0.0005,65.6,0.002,24.0,105.55,1.00561,-0.54887,0.15896,1e-05,0.00868
8441.64,BTC-27SEP19,1569495540912,open,0.55,0.0,0.546,0.5655,0.555763,0.0,None,0.0,BTC-27SEP19-3750-C,8440.59,0.0,0.0055,10.0,0.0,0.0,0.0,0.0,0.0,0.08997,0.0,1.0
8441.64,BTC-27SEP19,1569495540912,open,0.0,422.0,0.0005,0.0105,0.0,125.0,0.0005,0.0,BTC-27SEP19-3500-P,8440.59,0.0,0.0,0.0,0.0005,31.0,500.0,0.0,0.0,0.0,0.0,0.0
8516.07,BTC-27DEC19,1569495540912,open,1.14,9.4,1.0755,1.181,1.12510964,87.7,1.1125,0.0,BTC-27DEC19-18000-P,8440.59,0.0,0.0055,5.0,1.817,0.2,500.0,5.69241,-2.71671,-44.06871,4e-05,-0.9307
8516.07,BTC-27DEC19,1569495540912,open,4.2,0.0,4.0655,4.276,4.16735022,112.47,3.46,0.0,BTC-27DEC19-44000-P,8440.59,0.0,0.001,1.0,0.0,0.0,0.0,0.53902,-0.32992,-110.67616,0.0,-0.99571
8516.07,BTC-27DEC19,1569495540912,open,0.47,74.4,0.4125,0.515,0.4633441,81.78,0.5545,0.0,BTC-27DEC19-12000-P,8440.59,0.0,0.18,0.1,0.0,0.0,0.0,13.97044,-6.21736,-25.7072,9e-05,-0.7359
8447.16,SYN.BTC-4OCT19,1569495540905,open,0.43,0.0,0.393,0.454,0.42161637,110.09,None,0.0,BTC-4OCT19-12000-P,8440.59,0.0,0.05,1.0,0.0,0.0,0.0,0.55715,-3.89404,-2.55777,3e-05,-0.9817
8464.36,SYN.BTC-25OCT19,1569495540905,open,0.0,879.0,0.0005,0.0105,0.0008781,100.45,0.0015,0.0,BTC-25OCT19-17000-C,8440.59,94.35,0.0005,53.5,0.001,24.0,102.01,0.63377,-1.10239,0.06099,1e-05,0.00999
8447.16,SYN.BTC-4OCT19,1569495540905,open,9.0,0.0005,0.0245,0.00870151,86.1,0.008,0.0,BTC-4OCT19-9750-C,8440.59,83.94,0.008,30.0,0.01,0.1,89.93,2.79008,-15.25178,0.24318,0.00021,0.14212
8516.07,BTC-27DEC19,1569495540912,open,0.0,473.5,0.0005,0.0155,0.00555404,88.87,0.0065,0.0,BTC-27DEC19-4000-P,8440.59,87.07,0.005,24.0,0.0065,24.0,91.71,2.70992,-1.31059,-0.71003,2e-05,-0.02757
8464.36,SYN.BTC-25OCT19,1569495540905,open,0.29,12.3,0.28,0.3205,0.29988044,90.64,0.2985,0.0,BTC-25OCT19-6000-C,8440.59,0.0,0.2825,9.0,0.316,9.0,124.0,3.19006,-5.00691,4.2207,6e-05,0.93019
8441.64,BTC-27SEP19,1569495540912,open,0.0,125.2,0.0005,0.0105,0.0,125.0,0.0005,0.0,BTC-27SEP19-3750-P,8440.59,0.0,0.0,0.0,0.0635,1.0,500.0,0.0,0.0,0.0,0.0,0.0
8516.07,BTC-27DEC19,1569495540913,open,4.68,0.0,4.5265,4.7535,4.63686853,114.1,None,0.0,BTC-27DEC19-48000-P,8440.59,0.0,0.0005,1.0,0.0,0.0,0.0,0.40543,-0.25175,-120.76585,0.0,-0.99688
8447.16,SYN.BTC-4OCT19,1569495540907,open,0.0,0.127,0.1755,0.15108035,96.39,None,0.0,BTC-4OCT19-7250-C,8440.59,0.0,0.1305,7.0,0.1695,7.0,146.19,2.55464,-15.63224,1.31941,0.00017,0.87497
8447.16,SYN.BTC-4OCT19,1569495540905,open,0.08,6.3,0.0515,0.108,0.0807194,87.45,0.078,0.0,BTC-4OCT19-8000-C,8440.59,81.22,0.0775,18.0,0.083,18.0,91.81,4.39526,-24.40178,1.10522,0.00033,0.68709
8464.36,SYN.BTC-25OCT19,1569495540905,open,0.55,32.9,0.507,0.579,0.54118106,88.62,0.55,0.0,BTC-25OCT19-13000-P,8440.59,0.0,0.518,3.0,0.571,3.0,141.85,2.65454,-4.07356,-9.95081,5e-05,-0.94484
8441.64,BTC-27SEP19,1569495540913,open,1.15,1.0,1.0905,1.1755,1.13233761,474.63,0.7615,0.0,BTC-27SEP19-18000-P,8440.59,0.0,0.055,1.0,0.0,0.0,0.0,0.01189,-2.82236,-0.43169,0.0,-0.99916
8441.64,BTC-27SEP19,1569495540913,open,0.79,26.6,0.742,0.813,0.77694801,365.38,0.459,0.0,BTC-27SEP19-15000-P,8440.59,0.0,0.33,5.0,0.0,0.0,0.0,0.01259,-2.29991,-0.3597,0.0,-0.9991
8447.16,SYN.BTC-4OCT19,1569495540907,open,0.14,101.5,0.107,0.1685,0.13714357,85.47,0.1375,0.0,BTC-4OCT19-9500-P,8440.59,0.0,0.1145,5.0,0.164,5.0,141.77,3.38202,-18.35055,-1.72383,0.00026,-0.80863
8441.64,BTC-27SEP19,1569495540913,open,0.0,484.6,0.0005,0.0105,0.0,125.0,0.0005,0.0,BTC-27SEP19-4000-P,8440.59,0.0,0.0,0.0,0.0005,32.0,500.0,0.0,0.0,0.0,0.0,0.0
8516.07,BTC-27DEC19,1569495540913,open,0.0,134.2,0.0005,0.0105,0.00052337,115.01,0.0005,0.0,BTC-27DEC19-2000-P,8440.59,0.0,0.0,0.0,0.0015,0.5,131.35,0.33878,-0.21204,-0.0661,0.0,-0.00256
8447.16,SYN.BTC-4OCT19,1569495540907,open,0.0,0.0735,0.128,0.10152755,88.66,None,0.0,BTC-4OCT19-7750-C,8440.59,81.81,0.0985,14.0,0.104,6.0,94.09,3.80194,-21.40039,1.21154,0.00028,0.76624
8447.16,SYN.BTC-4OCT19,1569495540905,open,0.01,161.4,0.0015,0.0305,0.01249867,85.45,0.012,0.0,BTC-4OCT19-9500-C,8440.59,82.92,0.0115,39.0,0.013,0.2,86.7,3.3815,-18.34449,0.32593,0.00026,0.19132
8447.16,SYN.BTC-4OCT19,1569495540905,open,0.0,207.8,0.0005,0.011,0.00102549,110.17,0.001,0.0,BTC-4OCT19-12000-C,8440.59,100.26,0.0005,7.0,0.0015,31.0,116.47,0.55916,-3.91105,0.03163,3e-05,0.01838
8441.64,BTC-27SEP19,1569495540914,open,0.0,760.0,0.0005,0.0105,0.0,125.0,0.001,0.0,BTC-27SEP19-32000-C,8440.59,0.0,0.0,0.0,0.0005,3.0,500.0,0.0,0.0,0.0,0.0,0.0
8447.16,SYN.BTC-4OCT19,1569495540904,open,0.0,107.8,0.0005,0.012,0.00212235,97.81,0.001,0.0,BTC-4OCT19-11000-C,8440.59,92.23,0.0015,10.4,0.0025,30.0,100.73,1.04079,-6.46309,0.06666,7e-05,0.03869
8516.07,BTC-27DEC19,1569495540915,open,0.0,485.1,0.0005,0.011,0.00101969,111.69,0.001,0.0,BTC-27DEC19-40000-C,8440.59,104.47,0.0005,2.5,0.0015,1.0,116.17,0.78634,-0.47796,0.11879,0.0,0.00656
8447.16,SYN.BTC-4OCT19,1569495540904,open,0.0,71.6,0.0005,0.0135,0.0033855,91.83,0.004,0.0,BTC-4OCT19-10500-C,8440.59,82.88,0.002,54.0,0.0045,40.0,97.63,1.49985,-8.74381,0.10525,0.00011,0.06113
8441.64,BTC-27SEP19,1569495540915,open,0.61,0.5,0.605,0.6245,0.6149946,0.0,0.694,0.0,BTC-27SEP19-3250-C,8440.59,0.0,0.0055,10.0,0.94,0.1,500.0,0.0,0.0,0.07797,0.0,1.0
8441.64,BTC-27SEP19,1569495540915,open,0.91,32.4,0.8585,0.9335,0.89541121,404.12,0.9625,0.0,BTC-27SEP19-16000-P,8440.59,0.0,0.01,2.0,0.0,0.0,0.0,0.01225,-2.47567,-0.3837,0.0,-0.99913
8464.36,SYN.BTC-25OCT19,1569495540905,open,0.0,338.0,0.0005,0.0155,0.00533781,88.65,0.005,0.0,BTC-25OCT19-13000-C,8440.59,85.85,0.0045,24.7,0.006,24.0,90.69,2.65663,-4.07785,0.334,5e-05,0.05522
8447.16,SYN.BTC-4OCT19,1569495540906,open,0.26,1.9,0.219,0.277,0.24641407,91.87,0.2485,0.0,BTC-4OCT19-10500-P,8440.59,0.0,0.226,4.0,0.2695,4.0,163.47,1.50144,-8.7567,-2.16022,0.00011,-0.93879
8464.36,SYN.BTC-25OCT19,1569495540906,open,0.0,326.6,0.0005,0.0125,0.00275308,89.57,0.003,0.0,BTC-25OCT19-14000-C,8440.59,85.31,0.002,56.0,0.0035,24.0,93.12,1.64865,-2.55693,0.18676,3e-05,0.03064
8464.36,SYN.BTC-25OCT19,1569495540907,open,0.0,593.2,0.0005,0.011,0.00102425,94.77,0.0015,0.0,BTC-25OCT19-16000-C,8440.59,87.26,0.0005,87.0,0.0015,24.0,99.47,0.74662,-1.22524,0.07387,1e-05,0.01206
8447.16,SYN.BTC-4OCT19,1569495540906,open,0.0,43.9,0.0005,0.0115,0.00150585,104.81,0.001,0.0,BTC-4OCT19-11500-C,8440.59,98.55,0.001,8.0,0.002,30.0,109.74,0.77329,-5.14548,0.04646,5e-05,0.02699
8447.16,SYN.BTC-4OCT19,1569495540907,open,0.49,0.0,0.451,0.5145,0.48070217,118.92,None,0.0,BTC-4OCT19-12500-P,8440.59,0.0,0.01,2.0,0.0,0.0,0.0,0.48435,-3.65678,-2.6705,3e-05,-0.98446
8447.16,SYN.BTC-4OCT19,1569495540905,open,0.23,0.0,0.2155,0.2555,0.23429802,114.59,None,0.0,BTC-4OCT19-6500-C,8440.59,0.0,0.001,4.0,0.0,0.0,0.0,1.28811,-9.37069,1.30373,7e-05,0.94959
8441.49,BTC-27SEP19,1569495540929,open,0.03,455.1,0.0015,0.0485,0.02333307,100.34,0.0285,0.0,BTC-27SEP19-8500-P,8440.59,108.92,0.025,18.0,0.0285,26.4,126.91,1.63847,-82.20387,-0.11534,0.00096,-0.54616
8516.07,BTC-27DEC19,1569495541027,open,0.28,63.0,0.2545,0.32,0.28822038,79.74,0.345,0.0,BTC-27DEC19-6500-C,8440.59,77.73,0.2855,1.0,0.2925,1.0,82.85,11.62079,-5.04296,11.16977,8e-05,0.80929
8516.07,BTC-27DEC19,1569495541032,open,0.33,123.1,0.302,0.36,0.33131789,80.65,0.325,0.0,BTC-27DEC19-6000-C,8440.59,78.12,0.3285,1.0,0.3355,1.0,84.28,9.63837,-4.23014,11.2728,7e-05,0.8572
8516.07,BTC-27DEC19,1569495541035,open,0.58,100.0,0.5175,0.62,0.5672707,82.81,0.6815,0.0,BTC-27DEC19-13000-P,8440.59,80.51,0.564,1.0,0.571,1.0,85.36,12.27422,-5.53149,-29.11921,8e-05,-0.79114
8516.07,BTC-27DEC19,1569495541038,open,0.42,66.5,0.4075,0.45,0.42828377,83.66,0.4225,0.0,BTC-27DEC19-5000-C,8440.59,78.51,0.425,1.0,0.432,12.0,88.95,5.71298,-2.60099,10.76296,4e-05,0.93038
8516.07,BTC-27DEC19,1569495541039,open,0.24,52.0,0.212,0.2835,0.24939749,79.26,0.235,0.0,BTC-27DEC19-7000-C,8440.59,77.42,0.2465,3.5,0.2535,1.0,81.86,13.41744,-5.78746,10.84846,9e-05,0.75548
8516.07,BTC-27DEC19,1569495541086,open,0.24,52.0,0.212,0.2835,0.24939749,79.26,0.235,0.0,BTC-27DEC19-7000-C,8440.59,77.73,0.247,2.5,0.2535,1.0,81.86,13.41744,-5.78746,10.84846,9e-05,0.75548
8603.85,BTC-27MAR20,1569495541155,open,0.33,164.8,0.269,0.3865,0.32914227,79.57,0.3305,0.0,BTC-27MAR20-10000-P,8440.59,78.99,0.3275,3.6,0.3385,5.0,82.89,24.29339,-5.28486,-35.49094,8e-05,-0.49418
171.87,ETH-27MAR20,1569495541176,open,2.53,0.0,2.396,2.637,2.511671,101.01,None,0.0,ETH-27MAR20-600-P,170.19,0.0,0.02,10.0,0.0,0.0,0.0,0.18443,-0.05093,-2.95327,0.00123,-0.9179
8516.07,BTC-27DEC19,1569495541278,open,0.05,478.2,0.026,0.0795,0.05148324,79.74,0.052,0.0,BTC-27DEC19-6500-P,8440.59,79.75,0.0515,19.3,0.0545,16.0,81.94,11.62065,-5.04275,-5.19151,8e-05,-0.1907
8516.07,BTC-27DEC19,1569495541347,open,0.04,1140.2,0.016,0.0595,0.03587138,80.65,0.0355,0.0,BTC-27DEC19-6000-P,8440.59,80.76,0.036,24.0,0.038,18.0,82.51,9.63835,-4.23012,-3.83004,7e-05,-0.1428
8516.07,BTC-27DEC19,1569495541383,open,0.42,66.5,0.4075,0.45,0.42828377,83.66,0.4225,0.0,BTC-27DEC19-5000-C,8440.59,79.33,0.4255,1.0,0.432,12.0,88.95,5.71311,-2.60109,10.7629,4e-05,0.93037
8516.07,BTC-27DEC19,1569495541385,open,0.58,100.0,0.5175,0.62,0.5672707,82.81,0.6815,0.0,BTC-27DEC19-13000-P,8440.59,80.51,0.564,1.0,0.5705,1.0,85.02,12.27407,-5.53136,-29.11927,8e-05,-0.79115
8516.07,BTC-27DEC19,1569495541386,open,0.28,63.0,0.2545,0.32,0.28822038,79.74,0.345,0.0,BTC-27DEC19-6500-C,8440.59,78.1,0.286,1.0,0.2925,1.0,82.85,11.62079,-5.04296,11.16977,8e-05,0.80929
8516.07,BTC-27DEC19,1569495541388,open,0.24,52.0,0.212,0.2835,0.24939749,79.26,0.235,0.0,BTC-27DEC19-7000-C,8440.59,77.73,0.247,3.5,0.2535,1.0,81.86,13.41746,-5.78751,10.84842,9e-05,0.75548
8516.07,BTC-27DEC19,1569495541390,open,0.33,123.1,0.302,0.36,0.33131789,80.64,0.325,0.0,BTC-27DEC19-6000-C,8440.59,78.58,0.329,1.0,0.3355,1.0,84.28,9.63811,-4.22987,11.27299,7e-05,0.8572
8516.07,BTC-27DEC19,1569495541393,open,0.58,100.0,0.5175,0.62,0.5672707,82.81,0.6815,0.0,BTC-27DEC19-13000-P,8440.59,80.51,0.564,1.0,0.571,1.0,85.36,12.27407,-5.53136,-29.11927,8e-05,-0.79115
8516.07,BTC-27DEC19,1569495541396,open,0.28,63.0,0.2545,0.32,0.28822038,79.74,0.345,0.0,BTC-27DEC19-6500-C,8440.59,77.73,0.2855,1.0,0.2925,1.0,82.85,11.62079,-5.04296,11.16977,8e-05,0.80929
8516.07,BTC-27DEC19,1569495541398,open,0.42,66.5,0.4075,0.45,0.42828377,83.66,0.4225,0.0,BTC-27DEC19-5000-C,8440.59,78.51,0.425,1.0,0.432,12.0,88.95,5.71311,-2.60109,10.7629,4e-05,0.93037
8516.07,BTC-27DEC19,1569495541399,open,0.24,52.0,0.212,0.2835,0.24939749,79.26,0.235,0.0,BTC-27DEC19-7000-C,8440.59,77.73,0.247,2.5,0.2535,1.0,81.86,13.41746,-5.78751,10.84842,9e-05,0.75548
170.34,SYN.ETH-25OCT19,1569495541505,open,0.14,992.0,0.09,0.174,0.132745,88.59,0.137,0.0,ETH-25OCT19-180-P,170.19,86.99,0.131,96.0,0.136,3.0,91.47,0.19025,-0.29185,-0.09047,0.00935,-0.53853
171.87,ETH-27MAR20,1569495541512,open,0.53,132.0,0.444,0.59,0.51933,83.93,0.527,0.0,ETH-27MAR20-240-P,170.19,79.72,0.508,300.0,0.525,3.0,85.98,0.46859,-0.10752,-0.96782,0.00377,-0.60451
170.73,ETH-27DEC19,1569495541519,open,0.13,6768.0,0.086,0.174,0.130932,83.39,0.139,0.0,ETH-27DEC19-160-P,170.19,80.74,0.126,128.0,0.135,340.0,85.54,0.31978,-0.14512,-0.21005,0.00523,-0.3578
171.87,ETH-27MAR20,1569495541537,open,0.03,547.0,0.01,0.059,0.030663,95.69,0.03,0.0,ETH-27MAR20-480-C,170.19,93.02,0.027,280.0,0.034,240.0,98.0,0.2426,-0.06347,0.07648,0.00171,0.11947
8516.07,BTC-27DEC19,1569495541599,open,0.24,52.0,0.212,0.2835,0.24939749,79.26,0.235,0.0,BTC-27DEC19-7000-C,8440.59,77.42,0.2465,3.5,0.2535,1.0,81.86,13.41746,-5.78751,10.84842,9e-05,0.75548
8441.49,BTC-27SEP19,1569495541789,open,0.08,6.6,0.0635,0.107,0.0839966,123.66,0.0835,0.0,BTC-27SEP19-7750-C,8440.59,116.08,0.0835,6.0,0.087,6.0,158.41,0.58376,-36.09234,0.17038,0.00028,0.92526
8441.49,BTC-27SEP19,1569495541808,open,0.22,93.7,0.1905,0.2395,0.21425455,128.53,0.226,0.0,BTC-27SEP19-10250-P,8440.59,0.0,0.209,1.2,0.219,1.2,272.34,0.01566,-1.00662,-0.24569,1e-05,-0.99886
8441.49,BTC-27SEP19,1569495541954,open,0.22,93.7,0.1905,0.2395,0.21425455,128.53,0.226,0.0,BTC-27SEP19-10250-P,8440.59,0.0,0.209,1.2,0.218,1.2,258.12,0.01566,-1.00662,-0.24569,1e-05,-0.99886
8464.36,SYN.BTC-25OCT19,1569495541960,open,0.03,406.3,0.014,0.0595,0.03496141,82.68,0.035,0.0,BTC-25OCT19-10000-C,8440.59,81.65,0.034,20.3,0.0355,1.0,83.26,7.93042,-11.35422,1.60104,0.00017,0.27405
8516.07,BTC-27DEC19,1569495541969,open,0.05,585.8,0.025,0.087,0.05424215,81.78,0.0565,0.0,BTC-27DEC19-12000-C,8440.59,81.02,0.053,19.3,0.0565,19.3,83.14,13.97035,-6.21725,4.49847,9e-05,0.2641
171.87,ETH-27MAR20,1569495541980,open,0.94,4.0,0.848,1.016,0.931473,88.29,0.936,0.0,ETH-27MAR20-320-P,170.17,0.0,0.0,0.0,0.934,3.0,89.42,0.3846,-0.09284,-1.45003,0.00294,-0.75242
170.34,SYN.ETH-25OCT19,1569495541982,open,0.0,2460.0,0.001,0.012,0.002771,102.49,0.008,0.0,ETH-25OCT19-100-P,170.17,103.94,0.003,170.0,0.004,160.0,109.61,0.02629,-0.04666,-0.0035,0.00112,-0.02319
170.21,SYN.ETH-4OCT19,1569495541980,open,0.14,54.0,0.094,0.175,0.134597,95.61,0.137,0.0,ETH-4OCT19-190-P,170.17,94.29,0.134,40.0,0.147,40.0,121.19,0.07737,-0.46961,-0.03293,0.01294,-0.76203
8516.07,BTC-27DEC19,1569495541983,open,0.03,545.4,0.011,0.0575,0.03091675,83.82,0.031,0.0,BTC-27DEC19-14000-C,8440.59,83.08,0.03,19.7,0.0325,39.3,85.07,10.62935,-4.84851,2.88631,7e-05,0.16556
8516.07,BTC-27DEC19,1569495541995,open,0.01,791.1,0.005,0.0305,0.01540929,83.66,0.0155,0.0,BTC-27DEC19-5000-P,8440.59,83.05,0.015,55.0,0.017,21.0,85.98,5.71335,-2.60127,-1.82293,4e-05,-0.06963
8604.0,BTC-27MAR20,1569495542077,open,0.16,134.5,0.116,0.214,0.16687849,79.57,0.1675,0.0,BTC-27MAR20-10000-C,8440.59,78.2,0.163,3.6,0.173,10.0,81.74,24.2938,-5.28519,14.61251,8e-05,0.50585
8447.16,SYN.BTC-4OCT19,1569495542204,open,0.0,0.0335,0.0895,0.06247247,86.28,None,0.0,BTC-4OCT19-8250-C,8440.59,81.04,0.0595,18.0,0.0645,18.0,89.85,4.79819,-26.28134,0.97718,0.00036,0.5986
8447.16,SYN.BTC-4OCT19,1569495542213,open,0.12,6.4,0.099,0.151,0.12542359,92.12,0.121,0.0,BTC-4OCT19-7500-C,8440.59,84.04,0.1225,6.0,0.1275,6.0,97.56,3.16291,-18.49875,1.28066,0.00022,0.82805
8447.16,SYN.BTC-4OCT19,1569495542214,open,0.0,0.082,0.1445,0.11300093,85.32,None,0.0,BTC-4OCT19-9250-P,8440.59,85.32,0.113,6.0,0.1185,6.0,96.66,3.97663,-21.53988,-1.56557,0.0003,-0.74595
8447.37,SYN.BTC-4OCT19,1569495542216,open,0.1,86.3,0.059,0.1215,0.09037584,84.63,0.095,0.0,BTC-4OCT19-9000-P,8440.59,84.83,0.0905,18.0,0.096,25.0,95.06,4.47846,-24.06295,-1.39103,0.00034,-0.67277
8464.54,SYN.BTC-25OCT19,1569495542225,open,0.11,73.1,0.0865,0.1485,0.11881979,81.46,0.1155,0.0,BTC-25OCT19-8000-C,8440.59,79.26,0.1165,14.4,0.1205,14.4,83.07,8.89914,-12.5523,3.49627,0.00019,0.64092
8516.07,BTC-27DEC19,1569495542235,open,0.0,705.4,0.0005,0.0115,0.00171674,99.57,0.002,0.0,BTC-27DEC19-30000-C,8440.59,93.9,0.001,29.0,0.0025,24.0,104.06,1.29341,-0.70087,0.21133,1e-05,0.01158
8516.07,BTC-27DEC19,1569495542243,open,0.01,746.2,0.0005,0.021,0.00946317,85.93,0.0095,0.0,BTC-27DEC19-4500-P,8440.59,84.95,0.009,24.0,0.011,47.0,89.05,4.05206,-1.89501,-1.16813,3e-05,-0.04503
8516.07,BTC-27DEC19,1569495542250,open,0.1,216.3,0.06,0.1325,0.09593102,79.26,0.0975,0.0,BTC-27DEC19-7500-P,8440.59,78.73,0.095,20.3,0.0985,13.0,80.73,14.90261,-6.42796,-8.53252,0.0001,-0.30211
8516.07,BTC-27DEC19,1569495542271,open,0.03,545.4,0.011,0.0575,0.03091675,83.82,0.031,0.0,BTC-27DEC19-14000-C,8440.59,83.08,0.03,19.3,0.0325,39.3,85.07,10.62935,-4.84851,2.88631,7e-05,0.16556
8516.07,BTC-27DEC19,1569495542267,open,0.13,579.0,0.0835,0.1635,0.12389576,79.0,0.1225,0.0,BTC-27DEC19-8000-P,8440.59,78.79,0.1235,19.3,0.126,3.0,80.12,15.9992,-6.87875,-10.39357,0.00011,-0.36096
8603.85,BTC-27MAR20,1569495542282,open,0.33,164.8,0.269,0.3865,0.32914296,79.57,0.3305,0.0,BTC-27MAR20-10000-P,8440.59,78.64,0.3265,3.6,0.3385,5.0,82.89,24.29339,-5.28486,-35.49094,8e-05,-0.49418
8604.0,BTC-27MAR20,1569495542283,open,0.07,124.4,0.0395,0.102,0.06981052,78.0,0.0715,0.0,BTC-27MAR20-6000-P,8440.59,77.56,0.069,0.4,0.0735,4.9,80.0,15.78188,-3.36567,-10.61636,5e-05,-0.17646
8516.07,BTC-27DEC19,1569495542284,open,0.07,333.7,0.0405,0.1035,0.07137327,79.26,0.072,0.0,BTC-27DEC19-7000-P,8440.59,79.02,0.071,19.3,0.074,15.0,80.92,13.41746,-5.78751,-6.77157,9e-05,-0.24452
8604.0,BTC-27MAR20,1569495542299,open,0.04,124.3,0.017,0.079,0.04417304,84.66,0.0445,0.0,BTC-27MAR20-18000-C,8440.59,84.01,0.043,4.9,0.0465,1.0,85.92,15.73436,-3.64193,5.66658,5e-05,0.17562
8516.07,BTC-27DEC19,1569495542301,open,0.2,657.0,0.145,0.2365,0.1915137,79.0,0.195,0.0,BTC-27DEC19-9000-P,8440.59,79.24,0.192,14.4,0.195,1.0,80.74,17.01585,-7.316,-14.32152,0.00012,-0.47658
8604.0,BTC-27MAR20,1569495542313,open,0.24,76.2,0.1975,0.29,0.24609394,77.75,0.246,0.0,BTC-27MAR20-8000-C,8440.59,76.37,0.2425,3.6,0.246,0.3,77.72,22.36126,-4.7535,17.7636,8e-05,0.65815
8603.93,BTC-27MAR20,1569495542315,open,0.16,134.5,0.116,0.214,0.16687849,79.57,0.1675,0.0,BTC-27MAR20-10000-C,8440.59,78.38,0.1635,3.6,0.173,10.0,81.74,24.2936,-5.28527,14.61226,8e-05,0.50585
8603.85,BTC-27MAR20,1569495542317,open,0.02,114.6,0.0055,0.045,0.0205056,87.69,0.022,0.0,BTC-27MAR20-24000-C,8440.59,86.35,0.019,6.0,0.023,15.0,89.8,9.86822,-2.36592,2.98436,3e-05,0.08974
8604.0,BTC-27MAR20,1569495542319,open,0.18,200.1,0.1265,0.2235,0.17589403,77.76,0.183,0.0,BTC-27MAR20-8000-P,8440.59,77.22,0.1745,4.9,0.184,7.0,80.88,22.36116,-4.75386,-22.31927,8e-05,-0.34184
8516.07,BTC-27DEC19,1569495542327,open,0.05,585.8,0.025,0.087,0.05424215,81.78,0.0565,0.0,BTC-27DEC19-12000-C,8440.59,81.02,0.053,21.8,0.0565,19.3,83.14,13.97035,-6.21725,4.49847,9e-05,0.2641
8447.44,SYN.BTC-4OCT19,1569495542331,open,0.01,136.1,0.0005,0.0205,0.00662959,89.12,0.007,0.0,BTC-4OCT19-10000-C,8440.59,84.87,0.0055,31.5,0.008,30.0,93.86,2.34216,-13.2513,0.18948,0.00017,0.11059
8604.0,BTC-27MAR20,1569495542337,open,0.11,229.1,0.069,0.1615,0.11555865,81.07,0.111,0.0,BTC-27MAR20-12000-C,8440.59,79.94,0.1125,4.9,0.121,11.0,83.07,23.2766,-5.15917,11.60751,8e-05,0.38482
8603.85,BTC-27MAR20,1569495542348,open,0.02,284.8,0.006,0.0315,0.01673775,81.94,0.018,0.0,BTC-27MAR20-4000-P,8440.59,79.64,0.015,21.0,0.0185,6.0,84.17,6.64175,-1.48796,-3.03374,2e-05,-0.05364
8447.37,SYN.BTC-4OCT19,1569495542351,open,0.01,155.0,0.002,0.0315,0.01329178,92.15,0.0155,0.0,BTC-4OCT19-7500-P,8440.59,91.35,0.013,24.0,0.016,24.0,99.17,3.16305,-18.50421,-0.33766,0.00022,-0.17195
8447.16,SYN.BTC-4OCT19,1569495542358,open,0.0,0.0335,0.0895,0.06247247,86.28,None,0.0,BTC-4OCT19-8250-C,8440.59,81.04,0.0595,18.0,0.065,18.0,90.73,4.79819,-26.28134,0.97718,0.00036,0.5986
8516.07,BTC-27DEC19,1569495542364,open,0.13,172.7,0.093,0.1735,0.1346882,79.0,0.134,0.0,BTC-27DEC19-9000-C,8440.59,78.4,0.1335,16.9,0.1375,2.0,80.41,17.01588,-7.31546,8.3328,0.00012,0.52341
8516.07,BTC-27DEC19,1569495542386,open,0.28,519.8,0.2235,0.322,0.27330281,79.91,0.275,0.0,BTC-27DEC19-10000-P,8440.59,78.22,0.27,2.5,0.2765,1.0,81.54,16.707,-7.26531,-18.27749,0.00011,-0.57934
8516.07,BTC-27DEC19,1569495542387,open,0.21,125.6,0.1755,0.2515,0.2152431,79.26,0.2115,0.0,BTC-27DEC19-7500-C,8440.59,77.4,0.212,17.9,0.2175,11.0,80.55,14.90261,-6.42796,10.34604,0.0001,0.69789
170.21,SYN.ETH-4OCT19,1569495542602,open,0.14,54.0,0.094,0.175,0.134597,95.61,0.137,0.0,ETH-4OCT19-190-P,170.17,96.49,0.135,40.0,0.147,40.0,121.19,0.07737,-0.46961,-0.03293,0.01294,-0.76203
8516.07,BTC-27DEC19,1569495542751,open,0.03,545.4,0.011,0.0575,0.03091675,83.82,0.031,0.0,BTC-27DEC19-14000-C,8440.59,83.48,0.0305,0.4,0.0325,39.3,85.07,10.62935,-4.84851,2.88631,7e-05,0.16556
8603.93,BTC-27MAR20,1569495542757,open,0.33,164.8,0.269,0.3865,0.32914296,79.57,0.3305,0.0,BTC-27MAR20-10000-P,8440.59,78.64,0.3265,3.6,0.338,3.6,82.71,24.2936,-5.28538,-35.49068,8e-05,-0.49415
8447.16,SYN.BTC-4OCT19,1569495542758,open,0.06,173.2,0.025,0.0815,0.05288918,84.6,0.054,0.0,BTC-4OCT19-8500-P,8440.59,83.93,0.0525,18.0,0.0575,9.0,92.47,4.9498,-26.58551,-0.99904,0.00038,-0.49523
8464.58,SYN.BTC-25OCT19,1569495542767,open,0.07,862.6,0.0355,0.093,0.06394775,81.48,0.067,0.0,BTC-25OCT19-8000-P,8440.59,82.01,0.0645,19.3,0.068,11.0,85.33,8.89922,-12.5557,-2.83283,0.00019,-0.35909
8464.54,SYN.BTC-25OCT19,1569495542789,open,0.01,386.0,0.0005,0.024,0.0098296,86.58,0.0095,0.0,BTC-25OCT19-12000-C,8440.59,85.89,0.0095,4.0,0.0105,24.0,87.98,4.01977,-6.0267,0.56944,8e-05,0.09486
8464.54,SYN.BTC-25OCT19,1569495542796,open,0.11,73.1,0.0865,0.1485,0.11881979,81.46,0.1155,0.0,BTC-25OCT19-8000-C,8440.59,79.26,0.1165,14.4,0.121,14.4,83.54,8.89914,-12.5523,3.49627,0.00019,0.64092
8604.0,BTC-27MAR20,1569495542812,open,0.18,200.1,0.1265,0.2235,0.17589403,77.76,0.183,0.0,BTC-27MAR20-8000-P,8440.59,77.22,0.1745,4.9,0.1835,4.9,80.68,22.36116,-4.75386,-22.31927,8e-05,-0.34184
8447.37,SYN.BTC-4OCT19,1569495542813,open,0.0,0.04,0.1005,0.07035108,84.63,None,0.0,BTC-4OCT19-8750-P,8440.59,83.98,0.07,18.0,0.0755,7.0,93.57,4.83085,-25.95412,-1.19902,0.00037,-0.58746
8516.07,BTC-27DEC19,1569495542834,open,0.05,585.8,0.025,0.087,0.05424215,81.78,0.0565,0.0,BTC-27DEC19-12000-C,8440.59,81.02,0.053,21.8,0.057,36.3,83.45,13.97035,-6.21725,4.49847,9e-05,0.2641
8464.58,SYN.BTC-25OCT19,1569495542919,open,0.01,881.4,0.0005,0.0205,0.00873534,90.65,0.009,0.0,BTC-25OCT19-6000-P,8440.6,91.35,0.009,24.0,0.011,24.0,96.34,3.19013,-5.00743,-0.526,6e-05,-0.06981
8515.98,BTC-27DEC19,1569495542964,open,0.05,478.2,0.026,0.0795,0.05148366,79.74,0.052,0.0,BTC-27DEC19-6500-P,8440.6,79.75,0.0515,19.3,0.0545,35.3,81.94,11.6207,-5.04268,-5.19157,8e-05,-0.19071
8464.58,SYN.BTC-25OCT19,1569495542978,open,0.03,1106.0,0.0095,0.046,0.0256245,84.12,0.028,0.0,BTC-25OCT19-7000-P,8440.6,84.63,0.026,20.2,0.0285,19.3,87.98,6.21365,-9.05093,-1.36667,0.00013,-0.17846
170.32,SYN.ETH-25OCT19,1569495542986,open,0.3,6.0,0.278,0.329,0.304292,92.19,0.36,0.0,ETH-25OCT19-120-C,170.17,0.0,0.0,0.0,0.0,0.0,0.0,0.0639,-0.10201,0.08439,0.00302,0.93059
8464.58,SYN.BTC-25OCT19,1569495542985,open,0.06,217.3,0.037,0.0945,0.06590692,81.55,0.065,0.0,BTC-25OCT19-9000-C,8440.6,80.29,0.0645,14.4,0.0665,0.1,82.09,9.38795,-13.25637,2.50055,0.0002,0.43931
8515.98,BTC-27DEC19,1569495542995,open,0.02,602.4,0.007,0.047,0.02357598,84.68,0.023,0.0,BTC-27DEC19-15000-C,8440.6,84.14,0.023,0.4,0.0255,45.0,86.45,9.10328,-4.19526,2.31026,6e-05,0.13135
8447.44,SYN.BTC-4OCT19,1569495543003,open,0.0,0.003,0.0385,0.01796594,85.31,None,0.0,BTC-4OCT19-9250-C,8440.6,82.18,0.0165,38.0,0.02,0.1,89.59,3.97725,-21.54081,0.43044,0.0003,0.25411
170.19,SYN.ETH-4OCT19,1569495543029,open,0.01,225.0,0.001,0.027,0.009688,96.31,0.008,0.0,ETH-4OCT19-200-C,170.17,91.01,0.008,160.0,0.011,6.0,100.18,0.05627,-0.34406,0.00487,0.00935,0.14232
8464.58,SYN.BTC-25OCT19,1569495543024,open,0.07,862.6,0.0355,0.093,0.06393749,81.48,0.067,0.0,BTC-25OCT19-8000-P,8440.6,82.01,0.0645,19.3,0.068,30.3,85.33,8.89922,-12.5557,-2.83283,0.00019,-0.35909
171.85,ETH-27MAR20,1569495543048,open,0.05,492.0,0.023,0.091,0.055297,90.57,0.05,0.0,ETH-27MAR20-360-C,170.17,87.86,0.05,305.0,0.06,32.0,92.89,0.34302,-0.08494,0.12668,0.00256,0.20243
170.32,SYN.ETH-25OCT19,1569495543058,open,0.01,3195.0,0.001,0.02,0.008756,91.97,0.013,0.0,ETH-25OCT19-120-P,170.17,87.02,0.007,160.0,0.011,340.0,97.66,0.06363,-0.10133,-0.01048,0.00301,-0.06902
170.15,ETH-27SEP19,1569495543146,open,0.0,300.0,0.001,0.011,0.0,125.0,0.001,0.0,ETH-27SEP19-250-C,170.17,0.0,0.0,0.0,0.001,50.0,355.49,0.0,0.0,0.0,0.0,0.0
171.85,ETH-27MAR20,1569495543147,open,1.16,3.0,1.063,1.24,1.149904,90.45,1.154,0.0,ETH-27MAR20-360-P,170.17,0.0,0.0,0.0,1.152,3.0,91.49,0.34245,-0.08468,-1.6773,0.00256,-0.79813
170.32,SYN.ETH-25OCT19,1569495543146,open,0.2,3.0,0.171,0.236,0.205906,88.87,0.271,0.0,ETH-25OCT19-140-C,170.17,0.0,0.0,0.0,0.208,3.0,91.67,0.12641,-0.19452,0.08253,0.0062,0.8184
170.19,SYN.ETH-4OCT19,1569495543147,open,0.19,187.0,0.144,0.226,0.184686,95.9,0.164,0.0,ETH-4OCT19-200-P,170.17,0.0,0.0,0.0,0.0,0.0,0.0,0.05595,-0.34062,-0.03832,0.00934,-0.85887
170.71,ETH-27DEC19,1569495543148,open,0.43,0.0,0.406,0.459,0.433224,89.09,None,0.0,ETH-27DEC19-100-C,170.17,0.0,0.0,0.0,0.0,0.0,0.0,0.12469,-0.06045,0.21011,0.00191,0.92219
170.19,SYN.ETH-4OCT19,1569495543149,open,0.13,0.0,0.099,0.165,0.133758,100.62,None,0.0,ETH-4OCT19-150-C,170.17,0.0,0.0,0.0,0.0,0.0,0.0,0.06481,-0.41402,0.02533,0.01031,0.82341
170.17,ETH-27SEP19,1569495543158,open,0.18,2305.0,0.142,0.212,0.175381,107.52,0.18,0.0,ETH-27SEP19-200-P,170.17,0.0,0.157,10.0,0.199,10.0,395.46,0.00033,-0.01757,-0.00479,0.00044,-0.99882
8464.58,SYN.BTC-25OCT19,1569495543174,open,0.33,29.1,0.2825,0.356,0.31818691,84.85,0.332,0.0,BTC-25OCT19-11000-P,8440.6,0.0,0.2905,5.0,0.3215,5.0,89.46,5.88447,-8.6454,-7.72965,0.00012,-0.8361
170.15,ETH-27SEP19,1569495543183,open,0.0,243.0,0.001,0.011,0.0,125.0,0.001,0.0,ETH-27SEP19-270-C,170.17,0.0,0.0,0.0,0.003,9.0,486.76,0.0,0.0,0.0,0.0,0.0
8515.97,BTC-27DEC19,1569495543184,open,0.58,100.0,0.5175,0.62,0.56728679,82.8,0.6815,0.0,BTC-27DEC19-13000-P,8440.6,80.5,0.564,1.0,0.5705,1.0,85.01,12.27202,-5.5297,-29.12011,8e-05,-0.7912
170.32,SYN.ETH-25OCT19,1569495543193,open,0.03,2635.0,0.01,0.05,0.02778,88.74,0.068,0.0,ETH-25OCT19-140-P,170.17,87.69,0.027,128.0,0.03,3.0,91.71,0.12629,-0.19407,-0.02818,0.0062,-0.18135
170.71,ETH-27DEC19,1569495543216,open,0.06,4489.0,0.03,0.098,0.063576,87.05,0.067,0.0,ETH-27DEC19-240-C,170.17,84.35,0.059,320.0,0.067,295.0,89.04,0.29182,-0.13825,0.09608,0.00457,0.28717
170.71,ETH-27DEC19,1569495543216,open,0.0,4096.0,0.001,0.012,0.002566,119.79,0.001,0.0,ETH-27DEC19-760-C,170.17,0.0,0.0,0.0,0.006,160.0,133.3,0.03145,-0.0205,0.00512,0.00036,0.01447
170.15,ETH-27SEP19,1569495543216,open,0.0,3398.0,0.001,0.011,0.0,125.0,0.001,0.0,ETH-27SEP19-260-C,170.17,0.0,0.0,0.0,0.009,20.0,500.0,0.0,0.0,0.0,0.0,0.0
170.15,ETH-27SEP19,1569495543216,open,0.0,3102.0,0.001,0.011,0.0,125.0,0.002,0.0,ETH-27SEP19-220-C,170.17,0.0,0.0,0.0,0.055,20.0,500.0,1e-05,-3e-05,0.0,1e-05,2e-05
170.15,ETH-27SEP19,1569495543218,open,0.77,857.0,0.713,0.817,0.76315,125.0,0.834,0.0,ETH-27SEP19-300-P,170.17,0.0,0.049,15.0,1.0,25.0,500.0,0.0,0.0,-0.0072,0.0,-1.0
170.15,ETH-27SEP19,1569495543220,open,0.0,839.0,0.001,0.011,0.0,125.0,0.001,0.0,ETH-27SEP19-60-P,170.17,0.0,0.0,0.0,0.002,50.0,500.0,0.0,0.0,0.0,0.0,0.0
170.71,ETH-27DEC19,1569495543223,open,0.91,101.0,0.831,0.972,0.899419,92.14,0.513,0.0,ETH-27DEC19-320-P,170.17,0.0,0.006,5.0,0.0,0.0,0.0,0.18081,-0.09066,-0.76049,0.00268,-0.87038
170.15,ETH-27SEP19,1569495543223,open,2.31,24.0,2.196,2.393,2.291214,0.0,1.356,0.0,ETH-27SEP19-560-P,170.17,0.0,0.0,0.0,0.0,0.0,0.0,0.0,0.0,-0.01344,0.0,-1.0
170.71,ETH-27DEC19,1569495543223,open,0.0,14477.0,0.001,0.013,0.003014,110.7,0.001,0.0,ETH-27DEC19-640-C,170.17,105.41,0.002,5.0,0.004,4150.0,114.75,0.03753,-0.02261,0.00635,0.00046,0.01779
170.15,ETH-27SEP19,1569495543225,open,0.0,11025.0,0.001,0.011,0.0,125.0,0.001,0.0,ETH-27SEP19-120-P,170.17,0.0,0.0,0.0,0.001,46.0,344.8,0.0,0.0,0.0,0.0,0.0
170.15,ETH-27SEP19,1569495543225,open,1.36,79.0,1.283,1.423,1.350867,125.0,0.351,0.0,ETH-27SEP19-400-P,170.17,0.0,0.0,0.0,0.0,0.0,0.0,0.0,0.0,-0.0096,0.0,-1.0
8447.44,SYN.BTC-4OCT19,1569495543226,open,2.5,0.0145,0.066,0.03911801,86.31,0.04,0.0,BTC-4OCT19-8250-P,8440.6,84.31,0.038,18.0,0.043,10.0,93.11,4.79809,-26.29084,-0.80282,0.00036,-0.40132
170.71,ETH-27DEC19,1569495543228,open,3.25,0.0,3.096,3.355,3.220283,116.48,None,0.0,ETH-27DEC19-720-P,170.17,0.0,0.003,5.0,0.0,0.0,0.0,0.0324,-0.02054,-1.80702,0.00038,-0.98502
170.15,ETH-27SEP19,1569495543228,open,0.0,2715.0,0.001,0.011,8.5e-05,125.0,0.001,0.0,ETH-27SEP19-200-C,170.17,0.0,0.0,0.0,0.001,40.0,173.14,0.0011,-0.01454,2e-05,0.00127,0.00454
8441.81,BTC-27SEP19,1569495543228,open,0.01,333.7,0.0005,0.039,0.01641601,100.28,0.015,0.0,BTC-27SEP19-8500-C,8440.6,103.34,0.017,18.4,0.0205,18.0,121.33,1.63866,-82.16466,0.08865,0.00096,0.45411
170.19,SYN.ETH-4OCT19,1569495543237,open,0.18,0.0,0.154,0.213,0.18443,105.83,None,0.0,ETH-4OCT19-140-C,170.17,0.0,0.0,0.0,0.0,0.0,0.0,0.04097,-0.27524,0.0266,0.00619,0.9089
170.15,ETH-27SEP19,1569495543242,open,0.42,2231.0,0.37,0.454,0.41052,125.0,0.513,0.0,ETH-27SEP19-240-P,170.17,0.0,0.053,5.0,0.5,1.0,500.0,0.0,0.0,-0.00576,0.0,-1.0
170.15,ETH-27SEP19,1569495543242,open,0.0,1810.0,0.001,0.022,0.004215,109.8,0.006,0.0,ETH-27SEP19-180-C,170.17,98.69,0.003,35.0,0.006,11.0,124.21,0.01977,-0.71712,0.00061,0.02593,0.15398
170.15,ETH-27SEP19,1569495543246,open,0.48,0.0,0.427,0.514,0.469119,0.0,None,0.0,ETH-27SEP19-250-P,170.17,0.0,0.023,5.0,0.0,0.0,0.0,0.0,0.0,-0.006,0.0,-1.0
170.71,ETH-27DEC19,1569495543246,open,0.01,5714.0,0.001,0.018,0.00655,101.58,0.006,0.0,ETH-27DEC19-480-C,170.17,97.52,0.005,460.0,0.008,200.0,104.86,0.07088,-0.03918,0.01354,0.00095,0.03806
170.15,ETH-27SEP19,1569495543249,open,0.0,3373.0,0.001,0.011,0.0,125.0,0.001,0.0,ETH-27SEP19-280-C,170.17,0.0,0.0,0.0,0.055,25.0,500.0,0.0,0.0,0.0,0.0,0.0
170.15,ETH-27SEP19,1569495543249,open,0.3,1325.0,0.256,0.333,0.292977,125.0,0.468,0.0,ETH-27SEP19-220-P,170.17,0.0,0.002,15.0,0.58,1.0,500.0,1e-05,-0.00035,-0.00528,1e-05,-0.99998
8447.44,SYN.BTC-4OCT19,1569495543244,open,2.5,0.0145,0.066,0.03911801,86.31,0.04,0.0,BTC-4OCT19-8250-P,8440.6,84.31,0.038,18.0,0.043,28.0,93.11,4.79809,-26.29084,-0.80282,0.00036,-0.40132
170.19,SYN.ETH-4OCT19,1569495543249,open,0.02,5.0,0.002,0.035,0.015007,100.34,0.023,0.0,ETH-4OCT19-150-P,170.17,94.96,0.013,160.0,0.02,160.0,112.96,0.06469,-0.41209,-0.00702,0.01031,-0.17604
170.15,ETH-27SEP19,1569495543251,open,0.89,606.0,0.827,0.939,0.880694,125.0,0.6,0.0,ETH-27SEP19-320-P,170.17,0.0,0.587,1.0,0.0,0.0,0.0,0.0,0.0,-0.00768,0.0,-1.0
170.15,ETH-27SEP19,1569495543255,open,0.0,2907.0,0.001,0.011,0.0,125.0,0.001,0.0,ETH-27SEP19-440-C,170.17,0.0,0.0,0.0,0.001,194.0,500.0,0.0,0.0,0.0,0.0,0.0
170.71,ETH-27DEC19,1569495543258,open,2.54,0.0,2.413,2.631,2.517347,104.48,0.953,0.0,ETH-27DEC19-600-P,170.17,0.0,0.0,0.0,0.0,0.0,0.0,0.03491,-0.01985,-1.50439,0.00046,-0.98366
170.15,ETH-27SEP19,1569495543258,open,2.07,12.0,1.968,2.151,2.056127,250.0,1.193,0.0,ETH-27SEP19-520-P,170.17,0.0,0.0,0.0,0.0,0.0,0.0,0.0,0.0,-0.01248,0.0,-1.0
170.71,ETH-27DEC19,1569495543258,open,1.84,21.0,1.732,1.913,1.818337,101.58,0.629,0.0,ETH-27DEC19-480-P,170.17,0.0,0.001,7.0,0.0,0.0,0.0,0.07088,-0.03918,-1.19469,0.00095,-0.96194
170.71,ETH-27DEC19,1569495543258,open,0.02,954.0,0.004,0.036,0.01672,94.56,0.019,0.0,ETH-27DEC19-360-C,170.17,91.09,0.014,480.0,0.019,320.0,97.25,0.14005,-0.07207,0.03185,0.00202,0.09084
8464.58,SYN.BTC-25OCT19,1569495543251,open,0.13,534.9,0.093,0.164,0.1291608,81.57,0.1315,0.0,BTC-25OCT19-9000-P,8440.6,82.31,0.13,14.4,0.131,5.0,83.21,9.38812,-13.26061,-4.61937,0.0002,-0.56064
170.19,SYN.ETH-4OCT19,1569495543258,open,0.01,225.0,0.001,0.021,0.006597,104.19,0.005,0.0,ETH-4OCT19-210-C,170.17,92.68,0.004,200.0,0.01,200.0,116.37,0.04303,-0.28462,0.00333,0.00661,0.09737
170.71,ETH-27DEC19,1569495543260,open,1.37,16.0,1.279,1.44,1.355944,98.52,1.195,0.0,ETH-27DEC19-400-P,170.17,0.0,0.001,8.0,0.0,0.0,0.0,0.11502,-0.06167,-0.98226,0.00159,-0.92998
170.71,ETH-27DEC19,1569495543260,open,1.61,0.0,1.505,1.675,1.586538,100.16,None,0.0,ETH-27DEC19-440-P,170.17,0.0,0.001,8.0,0.0,0.0,0.0,0.09008,-0.0491,-1.08942,0.00123,-0.94876
170.15,ETH-27SEP19,1569495543260,open,0.53,0.0,0.516,0.543,0.529827,125.0,None,0.0,ETH-27SEP19-80-C,170.17,0.0,0.004,5.0,0.0,0.0,0.0,0.0,0.0,0.00192,0.0,1.0
170.15,ETH-27SEP19,1569495543260,open,0.29,116.0,0.273,0.315,0.29474,125.0,0.327,0.0,ETH-27SEP19-120-C,170.17,0.0,0.017,12.0,0.0,0.0,0.0,0.0,0.0,0.00288,0.0,1.0
170.32,SYN.ETH-25OCT19,1569495543260,open,0.13,418.0,0.091,0.163,0.129475,88.62,0.13,0.0,ETH-25OCT19-160-C,170.17,83.38,0.124,96.0,0.131,280.0,90.08,0.17811,-0.27332,0.06964,0.00876,0.64634
170.71,ETH-27DEC19,1569495543262,open,0.25,2.0,0.214,0.293,0.257095,83.41,0.275,0.0,ETH-27DEC19-140-C,170.17,0.0,0.0,0.0,0.325,4.0,125.2,0.27057,-0.12282,0.21298,0.00442,0.75275
170.15,ETH-27SEP19,1569495543262,open,0.0,7916.0,0.001,0.011,0.0,125.0,0.001,0.0,ETH-27SEP19-760-C,170.17,0.0,0.0,0.0,0.002,100.0,500.0,0.0,0.0,0.0,0.0,0.0
170.15,ETH-27SEP19,1569495543262,open,1.13,232.0,1.055,1.181,1.11578,125.0,0.967,0.0,ETH-27SEP19-360-P,170.17,0.0,0.5,44.0,0.0,0.0,0.0,0.0,0.0,-0.00864,0.0,-1.0
170.15,ETH-27SEP19,1569495543262,open,1.25,259.0,1.169,1.302,1.233324,203.13,0.94,0.0,ETH-27SEP19-380-P,170.17,0.0,0.009,8.0,0.0,0.0,0.0,0.0,0.0,-0.00912,0.0,-1.0
170.71,ETH-27DEC19,1569495543264,open,2.07,37.0,1.959,2.153,2.051698,105.1,0.707,0.0,ETH-27DEC19-520-P,170.17,0.0,0.002,25.0,0.0,0.0,0.0,0.06188,-0.03539,-1.29746,0.0008,-0.96775
170.15,ETH-27SEP19,1569495543264,open,0.0,3439.0,0.001,0.011,0.0,125.0,0.001,0.0,ETH-27SEP19-680-C,170.17,0.0,0.0,0.0,0.0,0.0,0.0,0.0,0.0,0.0,0.0,0.0
170.71,ETH-27DEC19,1569495543267,open,0.33,2.0,0.301,0.368,0.33632,83.98,0.346,0.0,ETH-27DEC19-120-C,170.17,0.0,0.101,1.0,0.0,0.0,0.0,0.19745,-0.09024,0.22181,0.00321,0.85251
8515.98,BTC-27DEC19,1569495543269,open,0.01,849.6,0.0005,0.0205,0.00731247,89.25,0.0075,0.0,BTC-27DEC19-20000-C,8440.6,87.52,0.0065,24.9,0.008,8.0,90.63,4.13745,-2.00971,0.83389,3e-05,0.04621
170.71,ETH-27DEC19,1569495543279,open,0.48,4199.0,0.406,0.532,0.469469,87.05,0.693,0.0,ETH-27DEC19-240-P,170.17,0.0,0.0,0.0,0.0,0.0,0.0,0.29182,-0.13825,-0.50804,0.00457,-0.71283
170.71,ETH-27DEC19,1569495543279,open,0.04,10283.0,0.018,0.064,0.039267,83.98,0.042,0.0,ETH-27DEC19-120-P,170.17,83.75,0.039,128.0,0.041,361.0,85.47,0.19745,-0.09024,-0.08025,0.00321,-0.14749
170.15,ETH-27SEP19,1569495543279,open,0.0,5774.0,0.001,0.011,0.0,125.0,0.001,0.0,ETH-27SEP19-100-P,170.17,0.0,0.0,0.0,0.002,15.0,500.0,0.0,0.0,0.0,0.0,0.0
170.15,ETH-27SEP19,1569495543283,open,0.41,20.0,0.395,0.429,0.412283,125.0,0.441,0.0,ETH-27SEP19-100-C,170.17,0.0,0.011,15.0,0.0,0.0,0.0,0.0,0.0,0.0024,0.0,1.0
170.15,ETH-27SEP19,1569495543283,open,2.55,27.0,2.425,2.635,2.5263,250.0,1.044,0.0,ETH-27SEP19-600-P,170.17,0.0,0.0,0.0,0.0,0.0,0.0,0.0,0.0,-0.01439,0.0,-1.0
170.71,ETH-27DEC19,1569495543283,open,2.78,0.0,2.641,2.872,2.752062,110.7,None,0.0,ETH-27DEC19-640-P,170.17,0.0,0.0,0.0,0.0,0.0,0.0,0.03753,-0.02261,-1.60462,0.00046,-0.98221
170.71,ETH-27DEC19,1569495543285,open,0.02,1289.0,0.008,0.048,0.024907,92.15,0.019,0.0,ETH-27DEC19-320-C,170.17,89.32,0.022,320.0,0.028,320.0,94.99,0.18085,-0.09069,0.04501,0.00268,0.12966
170.71,ETH-27DEC19,1569495543285,open,0.01,7939.0,0.001,0.023,0.009067,100.16,0.008,0.0,ETH-27DEC19-440-C,170.17,95.93,0.007,420.0,0.011,320.0,103.61,0.09008,-0.0491,0.01812,0.00123,0.05124
170.15,ETH-27SEP19,1569495543287,open,0.0,3419.0,0.001,0.011,0.0,125.0,0.001,0.0,ETH-27SEP19-640-C,170.17,0.0,0.0,0.0,0.001,237.0,500.0,0.0,0.0,0.0,0.0,0.0
170.71,ETH-27DEC19,1569495543289,open,3.01,0.0,2.868,3.113,2.985514,110.24,None,0.0,ETH-27DEC19-680-P,170.17,0.0,0.002,10.0,0.0,0.0,0.0,0.02891,-0.01735,-1.70694,0.00036,-0.98687
170.71,ETH-27DEC19,1569495543289,open,0.0,15302.0,0.001,0.013,0.003025,106.38,0.003,0.0,ETH-27DEC19-600-C,170.17,101.19,0.002,261.0,0.004,5.0,110.29,0.03861,-0.02236,0.0066,0.00049,0.01839
170.15,ETH-27SEP19,1569495543289,open,3.26,0.0,3.11,3.363,3.23156,250.0,None,0.0,ETH-27SEP19-720-P,170.17,0.0,0.0,0.0,0.0,0.0,0.0,0.0,0.0,-0.01727,0.0,-1.0
170.71,ETH-27DEC19,1569495543289,open,2.31,0.0,2.186,2.392,2.284181,104.61,0.845,0.0,ETH-27DEC19-560-P,170.17,0.0,0.0,0.0,0.0,0.0,0.0,0.04613,-0.02626,-1.40147,0.0006,-0.97731
170.15,ETH-27SEP19,1569495543289,open,0.0,2060.0,0.001,0.011,0.0,124.98,0.003,0.0,ETH-27SEP19-80-P,170.17,0.0,0.0,0.0,0.001,10.0,500.0,0.0,0.0,0.0,0.0,0.0
8515.97,BTC-27DEC19,1569495543282,open,0.2,657.0,0.145,0.2365,0.19152233,78.99,0.195,0.0,BTC-27DEC19-9000-P,8440.6,78.99,0.1915,14.4,0.195,1.0,80.74,17.01572,-7.31507,-14.32171,0.00012,-0.4766
170.71,ETH-27DEC19,1569495543291,open,0.01,5115.0,0.003,0.03,0.013057,98.91,0.011,0.0,ETH-27DEC19-400-C,170.17,94.09,0.01,321.0,0.016,160.0,102.99,0.11636,-0.06264,0.02493,0.0016,0.07108
170.15,ETH-27SEP19,1569495543291,open,0.06,758.0,0.031,0.093,0.062933,109.8,0.07,0.0,ETH-27SEP19-160-C,170.17,66.08,0.06,40.0,0.067,40.0,144.93,0.01676,-0.92004,0.00333,0.02197,0.87911
8441.81,BTC-27SEP19,1569495543295,open,0.05,1065.5,0.0335,0.081,0.05696066,111.89,0.052,0.0,BTC-27SEP19-8000-C,8440.6,112.36,0.057,6.0,0.0605,6.0,139.37,0.9923,-55.51558,0.15927,0.00052,0.84333
170.15,ETH-27SEP19,1569495543296,open,2.78,0.0,2.653,2.878,2.761387,250.0,None,0.0,ETH-27SEP19-640-P,170.17,0.0,0.0,0.0,0.0,0.0,0.0,0.0,0.0,-0.01535,0.0,-1.0
170.71,ETH-27DEC19,1569495543298,open,1.14,257.0,1.054,1.203,1.125551,94.55,0.7,0.0,ETH-27DEC19-360-P,170.17,0.0,0.009,4.0,0.0,0.0,0.0,0.14001,-0.07204,-0.87433,0.00202,-0.90919
170.15,ETH-27SEP19,1569495543298,open,0.0,5725.0,0.001,0.011,0.0,125.0,0.001,0.0,ETH-27SEP19-400-C,170.17,0.0,0.0,0.0,0.001,285.0,500.0,0.0,0.0,0.0,0.0,0.0
170.71,ETH-27DEC19,1569495543298,open,0.0,12452.0,0.001,0.012,0.002617,112.81,0.002,0.0,ETH-27DEC19-680-C,170.17,101.49,0.001,160.0,0.005,2400.0,122.45,0.03321,-0.02039,0.0055,0.0004,0.01542
170.15,ETH-27SEP19,1569495543298,open,0.0,2950.0,0.001,0.011,0.0,125.02,0.002,0.0,ETH-27SEP19-360-C,170.17,0.0,0.0,0.0,0.003,6.0,500.0,0.0,0.0,0.0,0.0,0.0
170.15,ETH-27SEP19,1569495543300,open,0.65,0.0,0.637,0.657,0.647411,500.0,0.01,0.0,ETH-27SEP19-60-C,170.17,0.0,0.003,10.0,0.0,0.0,0.0,0.0,-0.00057,0.00144,0.0,0.99999
8447.44,SYN.BTC-4OCT19,1569495543299,open,0.02,89.3,0.006,0.048,0.02495821,84.58,0.024,0.0,BTC-4OCT19-9000-C,8440.6,81.84,0.0235,24.0,0.0275,12.0,89.36,4.47792,-24.04466,0.55078,0.00034,0.32712
170.15,ETH-27SEP19,1569495543308,open,1.6,0.0,1.512,1.666,1.585954,253.91,None,0.0,ETH-27SEP19-440-P,170.17,0.0,0.0,0.0,0.0,0.0,0.0,0.0,0.0,-0.01056,0.0,-1.0
170.15,ETH-27SEP19,1569495543315,open,0.0,2698.0,0.001,0.011,0.0,125.0,0.001,0.0,ETH-27SEP19-720-C,170.17,0.0,0.0,0.0,0.001,259.0,500.0,0.0,0.0,0.0,0.0,0.0
170.71,ETH-27DEC19,1569495543315,open,0.69,432.0,0.613,0.747,0.67895,89.56,0.821,0.0,ETH-27DEC19-280-P,170.17,0.0,0.0,0.0,0.0,0.0,0.0,0.23268,-0.1134,-0.63966,0.00354,-0.80965
170.15,ETH-27SEP19,1569495543315,open,0.0,2663.0,0.001,0.011,0.0,125.02,0.001,0.0,ETH-27SEP19-340-C,170.17,0.0,0.0,0.0,0.01,25.0,500.0,0.0,0.0,0.0,0.0,0.0
170.15,ETH-27SEP19,1569495543315,open,3.49,0.0,3.337,3.604,3.466122,0.0,None,0.0,ETH-27SEP19-760-P,170.17,0.0,0.0,0.0,0.0,0.0,0.0,0.0,0.0,-0.01823,0.0,-1.0
170.15,ETH-27SEP19,1569495543315,open,0.0,4237.0,0.001,0.011,0.0,125.0,0.002,0.0,ETH-27SEP19-240-C,170.17,0.0,0.0,0.0,0.002,90.0,359.38,0.0,0.0,0.0,0.0,0.0
170.71,ETH-27DEC19,1569495543315,open,0.11,2783.0,0.065,0.146,0.107761,83.96,0.112,0.0,ETH-27DEC19-200-C,170.17,81.03,0.102,436.0,0.112,340.0,86.1,0.33704,-0.154,0.14033,0.00547,0.43434
170.15,ETH-27SEP19,1569495543315,open,0.0,1897.0,0.001,0.011,0.0,125.0,0.001,0.0,ETH-27SEP19-380-C,170.17,0.0,0.0,0.0,0.18,200.0,500.0,0.0,0.0,0.0,0.0,0.0
170.15,ETH-27SEP19,1569495543315,open,0.65,730.0,0.598,0.696,0.645607,132.81,0.533,0.0,ETH-27SEP19-280-P,170.17,0.0,0.005,4.0,0.9,5.0,500.0,0.0,0.0,-0.00672,0.0,-1.0
8447.44,SYN.BTC-4OCT19,1569495543310,open,0.0,0.0005,0.025,0.00935743,96.4,None,0.0,BTC-4OCT19-7250-P,8440.6,95.21,0.009,30.0,0.0115,46.0,103.22,2.55459,-15.63496,-0.24493,0.00017,-0.12502
170.15,ETH-27SEP19,1569495543317,open,1.84,0.0,1.74,1.908,1.82104,250.0,None,0.0,ETH-27SEP19-480-P,170.17,0.0,0.0,0.0,0.0,0.0,0.0,0.0,0.0,-0.01152,0.0,-1.0
170.71,ETH-27DEC19,1569495543317,open,0.0,6840.0,0.001,0.014,0.004148,105.98,0.004,0.0,ETH-27DEC19-560-C,170.17,96.63,0.002,260.0,0.007,1800.0,114.22,0.04924,-0.0284,0.00875,0.00063,0.02451
170.71,ETH-27DEC19,1569495543317,open,0.01,10724.0,0.001,0.016,0.005599,105.11,0.005,0.0,ETH-27DEC19-520-C,170.17,100.21,0.004,260.0,0.007,200.0,108.7,0.0619,-0.03541,0.01146,0.0008,0.03227
170.15,ETH-27SEP19,1569495543317,open,0.0,11608.0,0.001,0.011,1.1e-05,125.0,0.005,0.0,ETH-27SEP19-140-P,170.17,0.0,0.0,0.0,0.006,200.0,303.86,0.00019,-0.00185,0.0,0.00022,-0.00065
170.15,ETH-27SEP19,1569495543317,open,0.54,1240.0,0.484,0.575,0.528063,125.0,0.55,0.0,ETH-27SEP19-260-P,170.17,0.0,0.007,15.0,0.0,0.0,0.0,0.0,0.0,-0.00624,0.0,-1.0
170.71,ETH-27DEC19,1569495543320,open,0.19,161.0,0.147,0.233,0.193727,83.37,0.19,0.0,ETH-27DEC19-160-C,170.17,80.31,0.188,96.0,0.196,340.0,84.58,0.31978,-0.14509,0.19266,0.00523,0.64209
170.15,ETH-27SEP19,1569495543320,open,1.01,294.0,0.94,1.059,0.998002,0.0,1.024,0.0,ETH-27SEP19-340-P,170.17,0.0,0.0,0.0,0.0,0.0,0.0,0.0,0.0,-0.00816,0.0,-1.0
170.15,ETH-27SEP19,1569495543320,open,0.0,5603.0,0.001,0.011,0.0,125.0,0.001,0.0,ETH-27SEP19-300-C,170.17,0.0,0.0,0.0,0.001,99.0,492.29,0.0,0.0,0.0,0.0,0.0
170.15,ETH-27SEP19,1569495543323,open,0.07,5127.0,0.028,0.097,0.061998,108.88,0.067,0.0,ETH-27SEP19-180-P,170.17,89.33,0.06,40.0,0.067,40.0,146.45,0.01959,-1.06642,-0.00372,0.0259,-0.84817
170.71,ETH-27DEC19,1569495543323,open,0.04,1719.0,0.015,0.067,0.038741,89.56,0.04,0.0,ETH-27DEC19-280-C,170.17,86.76,0.035,320.0,0.042,128.0,91.91,0.23268,-0.1134,0.06514,0.00354,0.19035
170.71,ETH-27DEC19,1569495543325,open,3.49,0.0,3.323,3.597,3.45404,116.74,None,0.0,ETH-27DEC19-760-P,170.17,0.0,0.0,0.0,0.0,0.0,0.0,0.02676,-0.017,-1.90875,0.00031,-0.98799
170.15,ETH-27SEP19,1569495543325,open,0.17,214.0,0.152,0.201,0.177207,125.0,0.227,0.0,ETH-27SEP19-140-C,170.17,0.0,0.008,2.0,0.0,0.0,0.0,0.00019,-0.01179,0.00336,0.00022,0.99935
170.15,ETH-27SEP19,1569495543325,open,3.02,0.0,2.881,3.12,2.996474,367.13,None,0.0,ETH-27SEP19-680-P,170.17,0.0,0.0,0.0,0.0,0.0,0.0,0.0,0.0,-0.01631,0.0,-1.0
170.71,ETH-27DEC19,1569495543325,open,0.0,4480.0,0.001,0.012,0.002604,116.48,0.001,0.0,ETH-27DEC19-720-C,170.17,104.98,0.001,149.0,0.005,1000.0,126.39,0.0324,-0.02054,0.00532,0.00038,0.01498
171.85,ETH-27MAR20,1569495543329,open,1.39,0.0,1.282,1.469,1.372929,92.82,None,0.0,ETH-27MAR20-400-P,170.17,0.0,0.001,10.0,1.375,3.0,93.97,0.3069,-0.07789,-1.89745,0.00223,-0.83079
170.71,ETH-27DEC19,1569495543331,open,0.08,4094.0,0.043,0.111,0.077103,83.35,0.082,0.0,ETH-27DEC19-140-P,170.17,81.38,0.074,128.0,0.08,360.0,85.17,0.27053,-0.12271,-0.13935,0.00442,-0.24719
170.32,SYN.ETH-25OCT19,1569495543331,open,0.07,2590.0,0.037,0.101,0.06876,88.52,0.071,0.0,ETH-25OCT19-160-P,170.17,85.88,0.066,128.0,0.072,283.0,91.61,0.1781,-0.27298,-0.05691,0.00877,-0.35361
170.19,SYN.ETH-4OCT19,1569495543346,open,0.24,0.0,0.214,0.266,0.239728,115.7,None,0.0,ETH-4OCT19-130-C,170.17,0.0,0.0,0.0,0.0,0.0,0.0,0.02473,-0.18165,0.02618,0.00342,0.95255
170.15,ETH-27SEP19,1569495543360,open,0.6,0.0,0.541,0.636,0.586835,125.0,None,0.0,ETH-27SEP19-270-P,170.17,0.0,0.029,5.0,0.0,0.0,0.0,0.0,0.0,-0.00648,0.0,-1.0
8515.97,BTC-27DEC19,1569495543359,open,0.33,123.1,0.302,0.36,0.33131234,80.65,0.325,0.0,BTC-27DEC19-6000-C,8440.6,78.58,0.329,1.0,0.336,1.0,84.72,9.63879,-4.23047,11.27248,7e-05,0.85719
170.19,SYN.ETH-4OCT19,1569495543393,open,0.25,11.0,0.2,0.284,0.240345,103.62,0.35,0.0,ETH-4OCT19-210-P,170.17,0.0,0.039,10.0,0.0,0.0,0.0,0.04258,-0.28009,-0.04202,0.00657,-0.90401
170.71,ETH-27DEC19,1569495543397,open,0.14,906.0,0.099,0.184,0.144349,83.39,0.148,0.0,ETH-27DEC19-180-C,170.17,80.71,0.139,342.0,0.149,340.0,85.73,0.34052,-0.15454,0.16696,0.00557,0.53289
171.85,ETH-27MAR20,1569495543410,open,0.04,953.0,0.013,0.067,0.036339,93.91,0.05,0.0,ETH-27MAR20-440-C,170.17,91.07,0.032,300.0,0.04,260.0,96.19,0.27027,-0.0694,0.08895,0.00194,0.13964
170.32,SYN.ETH-25OCT19,1569495543410,open,0.07,770.0,0.042,0.108,0.07605,88.6,0.079,0.0,ETH-25OCT19-180-C,170.17,84.97,0.072,2.0,0.079,280.0,91.24,0.19022,-0.29182,0.05191,0.00936,0.4613
8515.98,BTC-27DEC19,1569495543415,open,0.28,519.8,0.2235,0.322,0.27331209,79.9,0.275,0.0,BTC-27DEC19-10000-P,8440.6,77.96,0.2695,3.5,0.2765,1.0,81.53,16.70662,-7.26474,-18.2778,0.00011,-0.57937
8441.81,BTC-27SEP19,1569495543418,open,0.03,455.1,0.0015,0.0485,0.02330908,100.39,0.0285,0.0,BTC-27SEP19-8500-P,8440.6,109.03,0.025,18.0,0.028,18.0,124.45,1.63869,-82.25189,-0.11527,0.00095,-0.54582
170.71,ETH-27DEC19,1569495543463,open,0.2,5653.0,0.146,0.248,0.198645,83.33,0.205,0.0,ETH-27DEC19-180-P,170.17,80.0,0.192,436.0,0.206,340.0,87.02,0.34053,-0.15443,-0.28612,0.00557,-0.46721
171.85,ETH-27MAR20,1569495543483,open,1.61,0.0,1.502,1.698,1.596414,93.72,None,0.0,ETH-27MAR20-440-P,170.17,0.0,0.002,10.0,0.0,0.0,0.0,0.26924,-0.06899,-2.116,0.00194,-0.86114
170.19,SYN.ETH-4OCT19,1569495543512,open,0.29,0.0,0.274,0.32,0.296683,125.98,None,0.0,ETH-4OCT19-120-C,170.17,0.0,0.0,0.0,0.0,0.0,0.0,0.01402,-0.11216,0.02495,0.00178,0.97619
170.19,SYN.ETH-4OCT19,1569495543543,open,0.01,4.0,0.001,0.021,0.006928,105.43,0.01,0.0,ETH-4OCT19-140-P,170.17,96.78,0.005,500.0,0.011,200.0,120.79,0.04072,-0.27255,-0.00357,0.00618,-0.09037
170.71,ETH-27DEC19,1569495543606,open,0.38,4616.0,0.309,0.43,0.371117,85.55,0.52,0.0,ETH-27DEC19-220-P,170.17,0.0,0.0,0.0,0.0,0.0,0.0,0.31832,-0.14821,-0.43735,0.00507,-0.64667
8515.97,BTC-27DEC19,1569495543605,open,0.21,125.6,0.1755,0.2515,0.21523766,79.26,0.2115,0.0,BTC-27DEC19-7500-C,8440.6,77.69,0.2125,14.4,0.2175,11.0,80.55,14.9027,-6.42828,10.34566,0.0001,0.69788
8441.81,BTC-27SEP19,1569495543609,open,0.05,1065.5,0.0335,0.081,0.05696066,111.89,0.052,0.0,BTC-27SEP19-8000-C,8440.6,116.53,0.0575,6.0,0.0605,6.0,139.37,0.9923,-55.51558,0.15927,0.00052,0.84333
8441.82,BTC-27SEP19,1569495543611,open,0.08,6.6,0.0635,0.107,0.08402853,123.71,0.0835,0.0,BTC-27SEP19-7750-C,8440.6,123.3,0.084,6.0,0.087,6.0,158.11,0.58379,-36.11136,0.17038,0.00028,0.92526
170.32,SYN.ETH-25OCT19,1569495543611,open,0.22,1171.0,0.17,0.263,0.217074,89.28,0.221,0.0,ETH-25OCT19-200-P,170.17,0.0,0.0,0.0,0.219,3.0,91.24,0.16746,-0.2589,-0.12308,0.00817,-0.69639
8441.81,BTC-27SEP19,1569495543617,open,0.08,2157.2,0.0455,0.095,0.06879802,104.79,0.0745,0.0,BTC-27SEP19-9000-P,8440.6,111.81,0.0695,6.0,0.0725,6.0,137.67,0.7821,-40.97999,-0.19401,0.00044,-0.88909
8441.81,BTC-27SEP19,1569495543623,open,0.11,220.3,0.0745,0.1235,0.0969819,114.77,0.1065,0.0,BTC-27SEP19-9250-P,8440.6,114.38,0.097,6.0,0.1005,6.0,158.44,0.45999,-26.39742,-0.21104,0.00023,-0.945
171.85,ETH-27MAR20,1569495543641,open,1.84,0.0,1.724,1.931,1.823786,95.69,None,0.0,ETH-27MAR20-480-P,170.17,0.0,0.003,10.0,0.0,0.0,0.0,0.24254,-0.06346,-2.32849,0.00171,-0.88055
170.19,SYN.ETH-4OCT19,1569495543645,open,0.0,249.0,0.001,0.015,0.003854,107.13,0.007,0.0,ETH-4OCT19-220-C,170.17,94.62,0.002,200.0,0.007,200.0,122.28,0.02989,-0.20328,0.00207,0.00446,0.06028
170.71,ETH-27DEC19,1569495543689,open,0.05,1199.0,0.021,0.08,0.04903,88.11,0.071,0.0,ETH-27DEC19-260-C,170.17,85.44,0.045,320.0,0.053,448.0,90.67,0.26162,-0.12544,0.07882,0.00405,0.23247
170.19,SYN.ETH-4OCT19,1569495543701,open,0.0,0.0,0.001,0.013,0.003477,115.08,None,0.0,ETH-4OCT19-130-P,170.17,103.21,0.002,150.0,0.006,200.0,130.23,0.0244,-0.17824,-0.00184,0.00339,-0.04666
171.85,ETH-27MAR20,1569495543725,open,0.03,937.0,0.008,0.053,0.026691,97.7,0.03,0.0,ETH-27MAR20-520-C,170.17,95.55,0.024,5.0,0.028,240.0,98.71,0.22072,-0.05896,0.06716,0.00153,0.1047
170.71,ETH-27DEC19,1569495543772,open,0.58,946.0,0.507,0.637,0.571903,87.99,0.3,0.0,ETH-27DEC19-260-P,170.17,0.0,0.0,0.0,0.0,0.0,0.0,0.26132,-0.12514,-0.57576,0.00405,-0.768
170.32,SYN.ETH-25OCT19,1569495543774,open,0.32,481.0,0.267,0.364,0.315563,90.71,0.33,0.0,ETH-25OCT19-220-P,170.17,0.0,0.05,2.0,0.5,1.0,267.44,0.13027,-0.20463,-0.15158,0.00626,-0.80935
171.85,ETH-27MAR20,1569495543809,open,2.07,0.0,1.948,2.165,2.052233,97.43,None,0.0,ETH-27MAR20-520-P,170.17,0.0,0.005,10.0,0.0,0.0,0.0,0.2192,-0.05839,-2.53874,0.00152,-0.8963
170.19,SYN.ETH-4OCT19,1569495543815,open,0.3,13.0,0.256,0.34,0.296351,106.26,0.071,0.0,ETH-4OCT19-220-P,170.17,0.0,0.0,0.0,0.0,0.0,0.0,0.02924,-0.19725,-0.04545,0.0044,-0.94139
170.32,SYN.ETH-25OCT19,1569495543843,open,0.01,4930.0,0.001,0.019,0.007061,104.73,0.007,0.0,ETH-25OCT19-280-C,170.17,98.12,0.005,160.0,0.009,160.0,110.01,0.05836,-0.10583,0.00737,0.00243,0.06174
170.71,ETH-27DEC19,1569495543847,open,0.03,818.0,0.01,0.056,0.030703,90.72,0.028,0.0,ETH-27DEC19-300-C,170.17,88.43,0.028,320.0,0.034,448.0,93.41,0.20493,-0.10118,0.05383,0.00308,0.15597
170.32,SYN.ETH-25OCT19,1569495543852,open,0.02,1255.0,0.004,0.034,0.015851,96.68,0.013,0.0,ETH-25OCT19-240-C,170.17,93.49,0.014,400.0,0.018,160.0,100.19,0.10148,-0.16988,0.01541,0.00457,0.13025
8464.58,SYN.BTC-25OCT19,1569495543890,open,0.33,29.1,0.2825,0.356,0.31818691,84.85,0.332,0.0,BTC-25OCT19-11000-P,8440.6,0.0,0.2905,5.0,0.322,5.0,90.14,5.88447,-8.6454,-7.72965,0.00012,-0.8361
171.85,ETH-27MAR20,1569495543894,open,0.02,1138.0,0.007,0.048,0.023114,99.21,0.026,0.0,ETH-27MAR20-560-C,170.17,96.43,0.02,43.0,0.026,240.0,101.61,0.20009,-0.05427,0.05894,0.00136,0.09157
8603.87,BTC-27MAR20,1569495543905,open,0.33,164.8,0.269,0.3865,0.32914167,79.57,0.3305,0.0,BTC-27MAR20-10000-P,8440.6,78.64,0.3265,3.6,0.3375,5.0,82.53,24.29344,-5.28521,-35.49089,8e-05,-0.49416
170.32,SYN.ETH-25OCT19,1569495543922,open,0.43,302.0,0.375,0.477,0.424779,96.4,0.432,0.0,ETH-25OCT19-240-P,170.17,0.0,0.399,14.0,0.454,14.0,135.46,0.10102,-0.16863,-0.17455,0.00457,-0.8706
8603.82,BTC-27MAR20,1569495543926,open,2.06,0.0,1.967,2.1165,2.03755497,87.79,None,0.0,BTC-27MAR20-26000-P,8440.62,0.0,0.0,0.0,0.0,0.0,0.0,8.2591,-1.98235,-127.88489,3e-05,-0.92908
8603.82,BTC-27MAR20,1569495543926,open,0.06,289.2,0.0265,0.0985,0.05960182,83.62,0.0585,0.0,BTC-27MAR20-16000-C,8440.62,82.86,0.058,0.4,0.0635,13.0,85.43,18.30922,-4.18592,7.17154,6e-05,0.22597
8441.89,BTC-27SEP19,1569495543929,open,0.05,12.5,0.017,0.0695,0.0433028,100.38,0.0475,0.0,BTC-27SEP19-8750-P,8440.62,108.08,0.0445,6.0,0.048,6.8,129.4,1.28707,-64.59779,-0.16258,0.00075,-0.75944
8441.89,BTC-27SEP19,1569495543928,open,0.25,160.9,0.2195,0.2695,0.24381218,139.8,0.2435,0.0,BTC-27SEP19-10500-P,8440.62,0.0,0.2385,1.2,0.2485,1.2,296.34,0.01148,-0.80271,-0.25175,0.0,-0.99919
8441.89,BTC-27SEP19,1569495543928,open,0.28,17.7,0.2485,0.3,0.27342421,151.65,0.1255,0.0,BTC-27SEP19-10750-P,8440.62,0.0,0.268,1.2,0.278,1.2,318.38,0.00934,-0.70831,-0.25778,0.0,-0.99935
8441.89,BTC-27SEP19,1569495543929,open,1.39,0.2,1.323,1.417,1.36916017,500.0,1.3905,0.0,BTC-27SEP19-20000-P,8440.62,0.0,0.0055,10.0,0.0,0.0,0.0,0.00511,-1.27635,-0.47977,0.0,-0.99966
8515.98,BTC-27DEC19,1569495543930,open,2.79,0.3,2.6845,2.839,2.75890139,100.29,1.875,0.0,BTC-27DEC19-32000-P,8440.62,0.0,0.0,0.0,0.0,0.0,0.0,1.00552,-0.54882,-80.38961,1e-05,-0.99133
8516.0,BTC-27DEC19,1569495543931,open,0.07,793.8,0.0385,0.1085,0.07281922,80.7,0.072,0.0,BTC-27DEC19-11000-C,8440.62,79.98,0.0715,22.8,0.075,1.0,81.89,15.54194,-6.82585,5.59239,0.00011,0.33371
8441.91,BTC-27SEP19,1569495543932,open,0.19,1117.2,0.1615,0.21,0.18463537,127.52,0.177,0.0,BTC-27SEP19-10000-P,8440.62,0.0,0.1795,1.2,0.1895,1.2,248.4,0.04541,-2.89536,-0.23919,2e-05,-0.99632
8516.0,BTC-27DEC19,1569495543933,open,2.55,0.2,2.454,2.601,2.5245097,99.65,2.03,0.0,BTC-27DEC19-30000-P,8440.62,0.0,0.0005,1.0,0.0,0.0,0.0,1.30002,-0.70502,-75.30174,1e-05,-0.98836
8441.91,BTC-27SEP19,1569495543934,open,2.34,0.0,2.252,2.384,2.31682031,500.0,None,0.0,BTC-27SEP19-28000-P,8440.62,0.0,0.0,0.0,0.0,0.0,0.0,2e-05,-0.00465,-0.67177,0.0,-1.0
170.71,ETH-27DEC19,1569495543934,open,0.8,1.0,0.721,0.858,0.787863,90.55,0.494,0.0,ETH-27DEC19-300-P,170.17,0.0,0.0,0.0,0.0,0.0,0.0,0.20435,-0.1007,-0.70151,0.00308,-0.84469
8447.52,SYN.BTC-4OCT19,1569495543927,open,0.01,59.0,0.0005,0.02,0.00655285,100.88,0.007,0.0,BTC-4OCT19-7000-P,8440.62,100.66,0.0065,30.0,0.0085,18.0,108.61,2.01027,-12.87482,-0.17547,0.00013,-0.08971
8447.52,SYN.BTC-4OCT19,1569495543927,open,0.0,451.0,0.0005,0.0145,0.00379014,114.62,0.004,0.0,BTC-4OCT19-6500-P,8440.62,112.68,0.0035,35.0,0.005,1.0,121.99,1.28846,-9.37579,-0.09882,7e-05,-0.05043
8464.64,SYN.BTC-25OCT19,1569495543926,open,0.91,0.0,0.8535,0.9325,0.89125358,94.91,None,0.0,BTC-25OCT19-16000-P,8440.62,0.0,0.0,0.0,0.0,0.0,0.0,0.75313,-1.23774,-12.58324,1e-05,-0.98782
170.19,SYN.ETH-4OCT19,1569495543934,open,0.0,143.0,0.001,0.013,0.003105,116.31,0.008,0.0,ETH-4OCT19-230-C,170.17,96.58,0.001,11.0,0.006,200.0,132.85,0.02444,-0.18046,0.0016,0.00336,0.04676
170.32,SYN.ETH-25OCT19,1569495543948,open,0.66,3.0,0.598,0.708,0.65081,104.16,0.645,0.0,ETH-25OCT19-280-P,170.17,0.0,0.0,0.0,0.0,0.0,0.0,0.05746,-0.10364,-0.21428,0.0024,-0.93947
171.85,ETH-27MAR20,1569495543974,open,2.3,0.0,2.172,2.401,2.281391,98.88,None,0.0,ETH-27MAR20-560-P,170.17,0.0,0.01,10.0,0.0,0.0,0.0,0.1983,-0.05361,-2.74744,0.00136,-0.90953
171.85,ETH-27MAR20,1569495543994,open,0.02,916.0,0.008,0.037,0.021198,87.3,0.02,0.0,ETH-27MAR20-80-P,170.16,83.43,0.018,320.0,0.026,40.0,92.69,0.14681,-0.03504,-0.07078,0.00114,-0.06101
171.85,ETH-27MAR20,1569495543994,open,0.38,40.0,0.337,0.416,0.379755,82.26,0.459,0.0,ETH-27MAR20-120-C,170.16,0.0,0.096,1.0,0.385,3.0,85.05,0.32136,-0.07228,0.37737,0.00264,0.81804
171.85,ETH-27MAR20,1569495543994,open,0.07,524.0,0.033,0.108,0.069579,88.29,0.075,0.0,ETH-27MAR20-320-C,170.16,85.77,0.064,260.0,0.074,260.0,90.25,0.3845,-0.09282,0.15321,0.00294,0.24752
171.85,ETH-27MAR20,1569495543994,open,0.19,1489.0,0.132,0.235,0.18535,81.13,0.186,0.0,ETH-27MAR20-160-P,170.16,77.53,0.176,32.0,0.193,300.0,84.08,0.44588,-0.0989,-0.45263,0.00371,-0.34034
171.85,ETH-27MAR20,1569495543994,open,0.08,1741.0,0.045,0.112,0.078038,82.26,0.026,0.0,ETH-27MAR20-120-P,170.16,80.09,0.074,320.0,0.083,320.0,84.9,0.32136,-0.07228,-0.22386,0.00264,-0.18196
170.71,ETH-27DEC19,1569495543994,open,1.03,0.0,0.942,1.088,1.012561,93.99,None,0.0,ETH-27DEC19-340-P,170.16,0.0,0.0,0.0,0.0,0.0,0.0,0.16129,-0.0825,-0.81744,0.00234,-0.88977
170.15,ETH-27SEP19,1569495543995,open,0.24,355.0,0.199,0.272,0.23421,125.0,0.198,0.0,ETH-27SEP19-210-P,170.16,0.0,0.001,3.0,0.0,0.0,0.0,0.0001,-0.00628,-0.00504,0.00012,-0.99967
171.84,ETH-27MAR20,1569495543995,open,0.17,1016.0,0.12,0.22,0.173627,82.13,0.18,0.0,ETH-27MAR20-200-C,170.16,80.14,0.168,300.0,0.18,300.0,84.39,0.48504,-0.10891,0.29117,0.00399,0.51182
170.71,ETH-27DEC19,1569495543995,open,0.01,506.0,0.003,0.032,0.014106,95.98,0.028,0.0,ETH-27DEC19-380-C,170.16,92.96,0.012,320.0,0.016,320.0,98.49,0.1245,-0.06503,0.02731,0.00177,0.07766
170.15,ETH-27SEP19,1569495543995,open,0.0,734.0,0.001,0.011,0.0,125.0,0.002,0.0,ETH-27SEP19-230-C,170.16,0.0,0.0,0.0,0.04,50.0,500.0,0.0,0.0,0.0,0.0,0.0
171.84,ETH-27MAR20,1569495543995,open,0.02,4823.0,0.006,0.044,0.020659,101.02,0.02,0.0,ETH-27MAR20-600-C,170.16,98.44,0.018,5.0,0.022,240.0,102.25,0.18439,-0.05093,0.05289,0.00123,0.08209
171.84,ETH-27MAR20,1569495543995,open,0.55,4.0,0.531,0.579,0.555685,87.33,0.554,0.0,ETH-27MAR20-80-C,170.16,0.0,0.531,1.0,0.555,3.0,86.53,0.14692,-0.03508,0.32996,0.00114,0.93893
171.84,ETH-27MAR20,1569495543995,open,0.73,106.0,0.642,0.801,0.722247,86.9,0.726,0.0,ETH-27MAR20-280-P,170.16,0.0,0.0,0.0,0.723,3.0,87.2,0.43117,-0.10245,-1.21295,0.00335,-0.68657
170.7,ETH-27DEC19,1569495543995,open,1.26,0.0,1.166,1.32,1.239842,95.44,None,0.0,ETH-27DEC19-380-P,170.16,0.0,0.0,0.0,0.0,0.0,0.0,0.12259,-0.06368,-0.92971,0.00175,-0.9239
170.14,ETH-27SEP19,1569495543996,open,0.0,656.0,0.001,0.011,0.000918,125.05,0.004,0.0,ETH-27SEP19-190-C,170.16,0.0,0.0,0.0,0.003,200.0,160.3,0.00692,-0.1562,0.00015,0.00797,0.03821
170.14,ETH-27SEP19,1569495543995,open,0.36,345.0,0.313,0.393,0.351748,0.0,0.251,0.0,ETH-27SEP19-230-P,170.16,0.0,0.0,0.0,0.0,0.0,0.0,0.0,0.0,-0.00552,0.0,-1.0
171.84,ETH-27MAR20,1569495543996,open,0.09,756.0,0.049,0.135,0.092919,86.94,0.086,0.0,ETH-27MAR20-280-C,170.16,84.56,0.087,260.0,0.099,32.0,89.35,0.43127,-0.10251,0.19,0.00335,0.3136
170.14,ETH-27SEP19,1569495543996,open,0.23,0.0,0.213,0.258,0.235968,189.86,None,0.0,ETH-27SEP19-130-C,170.16,0.0,0.0,0.0,0.0,0.0,0.0,0.00044,-0.04189,0.00311,0.00033,0.99836
170.7,ETH-27DEC19,1569495543996,open,0.02,1216.0,0.006,0.043,0.021113,94.24,0.015,0.0,ETH-27DEC19-340-C,170.16,90.83,0.018,320.0,0.024,160.0,97.19,0.16215,-0.08316,0.03865,0.00235,0.11106
170.19,SYN.ETH-4OCT19,1569495543994,open,0.0,21.0,0.001,0.011,0.001455,124.97,0.007,0.0,ETH-4OCT19-250-C,170.16,0.0,0.0,0.0,0.004,200.0,147.66,0.01342,-0.10646,0.00078,0.00172,0.02259
170.19,SYN.ETH-4OCT19,1569495543995,open,0.0,0.0,0.001,0.011,0.001682,124.96,None,0.0,ETH-4OCT19-120-P,170.16,115.05,0.001,1000.0,0.004,200.0,146.86,0.01362,-0.10806,-0.00091,0.00174,-0.023
170.14,ETH-27SEP19,1569495543996,open,0.0,35.0,0.001,0.011,0.000416,124.95,0.003,0.0,ETH-27SEP19-150-P,170.16,0.0,0.0,0.0,0.003,200.0,182.32,0.00375,-0.07083,-8e-05,0.00432,-0.01835
170.14,ETH-27SEP19,1569495543996,open,0.11,0.0,0.092,0.146,0.118841,127.21,None,0.0,ETH-27SEP19-150-C,170.16,0.0,0.0,0.0,0.0,0.0,0.0,0.00404,-0.257,0.00352,0.00457,0.97997
170.14,ETH-27SEP19,1569495543996,open,0.0,1884.0,0.001,0.011,5e-06,125.03,0.003,0.0,ETH-27SEP19-210-C,170.16,0.0,0.0,0.0,0.007,200.0,317.52,0.0001,-0.00087,0.0,0.00012,0.00033
170.14,ETH-27SEP19,1569495543997,open,0.0,100.0,0.001,0.011,0.0,124.97,0.001,0.0,ETH-27SEP19-130-P,170.16,0.0,0.0,0.0,0.0,0.0,0.0,0.0,-1e-05,0.0,0.0,0.0
170.19,SYN.ETH-4OCT19,1569495543994,open,0.36,0.0,0.313,0.4,0.354353,115.19,0.093,0.0,ETH-4OCT19-230-P,170.16,0.0,0.0,0.0,0.0,0.0,0.0,0.02371,-0.17337,-0.04808,0.00329,-0.95498
170.32,SYN.ETH-25OCT19,1569495543995,open,0.55,3.0,0.486,0.591,0.536534,99.99,0.534,0.0,ETH-25OCT19-260-P,170.16,0.0,0.0,0.0,0.0,0.0,0.0,0.07544,-0.13061,-0.1954,0.00329,-0.91363
170.19,SYN.ETH-4OCT19,1569495543994,open,0.54,0.0,0.484,0.578,0.528308,121.15,None,0.0,ETH-4OCT19-260-P,170.16,0.0,0.0,0.0,0.0,0.0,0.0,0.00721,-0.05547,-0.05572,0.00095,-0.98905
170.32,SYN.ETH-25OCT19,1569495543995,open,0.41,18.0,0.396,0.435,0.415653,102.49,0.411,0.0,ETH-25OCT19-100-C,170.16,0.0,0.0,0.0,0.0,0.0,0.0,0.02631,-0.04669,0.07561,0.00112,0.97678
170.19,SYN.ETH-4OCT19,1569495543995,open,0.03,72.0,0.008,0.059,0.030921,98.33,0.03,0.0,ETH-4OCT19-160-P,170.16,90.69,0.027,160.0,0.037,27.0,109.97,0.08803,-0.54951,-0.01247,0.01432,-0.30861
170.19,SYN.ETH-4OCT19,1569495543995,open,0.48,0.0,0.427,0.519,0.470203,122.69,None,0.0,ETH-4OCT19-250-P,170.16,0.0,0.0,0.0,0.0,0.0,0.0,0.01236,-0.09628,-0.05324,0.00161,-0.9795
170.19,SYN.ETH-4OCT19,1569495543995,open,0.0,8.0,0.001,0.011,0.000444,125.03,0.001,0.0,ETH-4OCT19-270-C,170.16,0.0,0.0,0.0,0.003,200.0,162.24,0.00532,-0.04225,0.00027,0.00068,0.00774
170.19,SYN.ETH-4OCT19,1569495543996,open,0.09,10.0,0.054,0.123,0.090923,98.54,0.05,0.0,ETH-4OCT19-160-C,170.16,82.97,0.083,120.0,0.092,10.0,100.62,0.08806,-0.55091,0.02204,0.0143,0.69112
170.19,SYN.ETH-4OCT19,1569495543996,open,0.0,20.0,0.001,0.011,0.00024,125.03,0.007,0.0,ETH-4OCT19-280-C,170.16,0.0,0.0,0.0,0.003,200.0,172.39,0.00323,-0.02565,0.00015,0.00041,0.00441
170.19,SYN.ETH-4OCT19,1569495543994,open,0.66,0.0,0.598,0.697,0.645237,107.93,None,0.0,ETH-4OCT19-280-P,170.16,0.0,0.0,0.0,0.0,0.0,0.0,0.00092,-0.00631,-0.06038,0.00014,-0.9989
170.19,SYN.ETH-4OCT19,1569495543995,open,0.42,0.0,0.37,0.46,0.412517,123.04,None,0.0,ETH-4OCT19-240-P,170.16,0.0,0.0,0.0,0.0,0.0,0.0,0.01934,-0.15104,-0.05059,0.00251,-0.96496
170.32,SYN.ETH-25OCT19,1569495543995,open,0.01,695.0,0.001,0.024,0.010196,100.39,0.016,0.0,ETH-25OCT19-260-C,170.16,95.17,0.008,400.0,0.013,400.0,106.28,0.07612,-0.13232,0.0104,0.0033,0.08741
170.19,SYN.ETH-4OCT19,1569495543995,open,0.0,27.0,0.001,0.011,0.000811,125.03,0.001,0.0,ETH-4OCT19-260-C,170.16,0.0,0.0,0.0,0.004,200.0,159.33,0.00857,-0.06804,0.00046,0.0011,0.01336
170.19,SYN.ETH-4OCT19,1569495543994,open,0.1,19.0,0.052,0.128,0.090382,94.64,0.098,0.0,ETH-4OCT19-180-P,170.16,92.14,0.089,120.0,0.102,120.0,115.31,0.09434,-0.56682,-0.02648,0.01595,-0.63062
170.19,SYN.ETH-4OCT19,1569495543994,open,0.0,80.0,0.001,0.012,0.00252,124.47,0.001,0.0,ETH-4OCT19-240-C,170.16,107.85,0.001,10.0,0.005,200.0,141.33,0.02015,-0.15921,0.00126,0.00259,0.03685
170.19,SYN.ETH-4OCT19,1569495543995,open,0.6,0.0,0.541,0.637,0.586691,117.85,None,0.0,ETH-4OCT19-270-P,170.16,0.0,0.0,0.0,0.0,0.0,0.0,0.00358,-0.02681,-0.05809,0.00049,-0.99505
8603.82,BTC-27MAR20,1569495544031,open,0.24,76.2,0.1975,0.29,0.24608602,77.75,0.246,0.0,BTC-27MAR20-8000-C,8440.62,76.57,0.243,3.6,0.246,0.3,77.72,22.36107,-4.75371,17.76266,8e-05,0.65814
8516.0,BTC-27DEC19,1569495544049,open,0.21,125.6,0.1755,0.2515,0.21523958,79.26,0.2115,0.0,BTC-27DEC19-7500-C,8440.62,77.69,0.2125,16.9,0.2175,11.0,80.55,14.90264,-6.42792,10.34592,0.0001,0.69788
8441.91,BTC-27SEP19,1569495545116,open,0.01,333.7,0.0005,0.039,0.01642184,100.33,0.015,0.0,BTC-27SEP19-8500-C,8440.62,103.31,0.017,18.0,0.0205,18.0,121.31,1.63874,-82.20861,0.08867,0.00096,0.45423
8441.98,BTC-27SEP19,1569495545117,open,0.22,93.7,0.1905,0.2395,0.21419705,131.93,0.226,0.0,BTC-27SEP19-10250-P,8440.62,0.0,0.209,1.2,0.2185,1.2,266.38,0.02,-1.31956,-0.24562,1e-05,-0.99851
8516.0,BTC-27DEC19,1569495545187,open,0.21,125.6,0.1755,0.2515,0.21523981,79.26,0.2115,0.0,BTC-27DEC19-7500-C,8440.62,77.69,0.2125,16.9,0.218,11.0,80.83,14.90265,-6.42801,10.34587,0.0001,0.69788
170.14,ETH-27SEP19,1569495545238,open,0.02,378.0,0.001,0.05,0.021887,109.95,0.018,0.0,ETH-27SEP19-170-C,170.16,90.04,0.018,142.0,0.026,120.0,131.02,0.03322,-1.8261,0.00202,0.0435,0.51684
8516.0,BTC-27DEC19,1569495545251,open,0.18,228.4,0.143,0.2225,0.1844937,79.0,0.1835,0.0,BTC-27DEC19-8000-C,8440.62,77.94,0.1825,0.5,0.1875,12.0,80.6,15.9992,-6.87846,9.74352,0.00011,0.63903
8516.0,BTC-27DEC19,1569495545270,open,0.58,100.0,0.5175,0.62,0.56728215,82.81,0.6815,0.0,BTC-27DEC19-13000-P,8440.62,80.5,0.564,1.0,0.571,1.0,85.35,12.27412,-5.53153,-29.11926,8e-05,-0.79114
170.14,ETH-27SEP19,1569495545295,open,0.02,542.0,0.001,0.051,0.021006,109.65,0.029,0.0,ETH-27SEP19-170-P,170.16,94.25,0.018,120.0,0.027,120.0,140.35,0.03322,-1.82111,-0.00206,0.04362,-0.48318
8441.91,BTC-27SEP19,1569495545378,open,0.03,455.1,0.0015,0.0485,0.02330299,100.34,0.0285,0.0,BTC-27SEP19-8500-P,8440.62,106.5,0.0245,18.0,0.028,18.0,124.49,1.63874,-82.21439,-0.11526,0.00096,-0.54576
8447.67,SYN.BTC-4OCT19,1569495545715,open,0.0,0.082,0.1445,0.1129637,85.36,None,0.0,BTC-4OCT19-9250-P,8440.62,84.37,0.1125,6.0,0.1185,6.0,96.76,3.97914,-21.56359,-1.5651,0.0003,-0.74567
8447.61,SYN.BTC-4OCT19,1569495545717,open,0.0,0.04,0.1005,0.0703338,84.61,None,0.0,BTC-4OCT19-8750-P,8440.62,84.02,0.07,18.0,0.0755,25.0,93.6,4.83117,-25.95158,-1.19888,0.00037,-0.58739
8447.61,SYN.BTC-4OCT19,1569495545726,open,0.1,86.3,0.059,0.121,0.0903554,84.61,0.095,0.0,BTC-4OCT19-9000-P,8440.62,83.93,0.09,18.0,0.096,25.0,95.1,4.47881,-24.05963,-1.39094,0.00034,-0.67273
170.18,SYN.ETH-4OCT19,1569495545831,open,0.02,3.0,0.003,0.041,0.018323,95.64,0.026,0.0,ETH-4OCT19-190-C,170.16,88.13,0.015,160.0,0.021,1.0,101.43,0.0773,-0.46933,0.00805,0.01293,0.23766
8464.76,SYN.BTC-25OCT19,1569495545910,open,0.67,2.0,0.622,0.695,0.65669335,89.68,0.372,0.0,BTC-25OCT19-14000-P,8440.62,0.0,0.0,0.0,1.5,0.5,500.0,1.65766,-2.57418,-10.88765,3e-05,-0.96916
8603.74,BTC-27MAR20,1569495545940,open,1.83,0.0,1.7415,1.887,1.80995808,87.66,None,0.0,BTC-27MAR20-24000-P,8440.76,0.0,0.0,0.0,0.0,0.0,0.0,9.8596,-2.36311,-117.26578,3e-05,-0.91037
8603.74,BTC-27MAR20,1569495545940,open,0.37,8.4,0.3355,0.407,0.37245221,78.0,0.3495,0.0,BTC-27MAR20-6000-C,8440.76,0.0,0.19,1.2,0.68,1.0,244.33,15.7824,-3.36591,19.44441,5e-05,0.82352
8603.74,BTC-27MAR20,1569495545940,open,0.01,73.6,0.0015,0.029,0.01110702,90.44,0.0155,0.0,BTC-27MAR20-30000-C,8440.76,88.18,0.0095,14.0,0.013,6.0,92.85,6.4252,-1.58876,1.7389,2e-05,0.05145
8603.74,BTC-27MAR20,1569495545940,open,2.29,0.0,2.194,2.349,2.26699811,88.56,None,0.0,BTC-27MAR20-28000-P,8440.76,0.0,0.0,0.0,0.0,0.0,0.0,7.0964,-1.71834,-138.3166,2e-05,-0.94166
8603.74,BTC-27MAR20,1569495545940,open,0.93,1.1,0.8545,0.988,0.91924039,83.61,0.911,0.0,BTC-27MAR20-16000-P,8440.76,54.99,0.872,2.0,0.9675,2.0,104.17,18.30715,-4.18506,-72.99424,6e-05,-0.77408
8603.74,BTC-27MAR20,1569495545940,open,0.01,64.1,0.004,0.037,0.01565887,87.81,0.024,0.0,BTC-27MAR20-26000-C,8440.76,87.11,0.015,6.0,0.0165,2.0,88.67,8.26423,-1.984,2.38447,3e-05,0.07097
8603.74,BTC-27MAR20,1569495545940,open,0.03,218.8,0.0115,0.0645,0.03367053,85.8,0.0325,0.0,BTC-27MAR20-20000-C,8440.76,84.72,0.032,6.0,0.0365,14.0,87.57,13.48138,-3.16241,4.53547,4e-05,0.13888
8603.74,BTC-27MAR20,1569495545940,open,2.52,0.0,2.4215,2.584,2.4979223,90.39,None,0.0,BTC-27MAR20-30000-P,8440.76,0.0,0.0,0.0,0.0,0.0,0.0,6.41094,-1.58428,-148.57434,2e-05,-0.9487
