underlying_price,underlying_index,timestamp,state,settlement_price,open_interest,min_price,max_price,mark_price,mark_iv,last_price,interest_rate,instrument_name,index_price,bid_iv,best_bid_price,best_bid_amount,best_ask_price,best_ask_amount,ask_iv,vega,theta,rho,gamma,delta
9497.14,SYN.BTC-9AUG19,1564484340106,open,0.18,0.1,0.141,0.2105,0.17553879,98.57,0.2195,0.0,BTC-9AUG19-11000-P,9490.54,83.51,0.169,11.7,0.0,0.0,0.0,4.43453,-22.13048,-2.49471,0.00018,-0.79531
9497.15,SYN.BTC-9AUG19,1564484340220,open,0.04,91.8,0.0135,0.0675,0.03984654,98.04,0.042,0.0,BTC-9AUG19-9000-P,9490.54,93.3,0.037,28.5,0.0395,0.1,97.46,5.72024,-28.39265,-0.97457,0.00024,-0.33942
9497.15,SYN.BTC-9AUG19,1564484340277,open,0.0,151.9,0.0005,0.0115,0.00191155,101.57,0.0025,0.0,BTC-9AUG19-7000-P,9490.54,91.25,0.001,14.9,0.003,30.0,110.52,1.00634,-5.17479,-0.07709,4e-05,-0.02809
9497.15,SYN.BTC-9AUG19,1564484340330,open,0.32,0.0,0.302,0.3325,0.31656555,110.08,None,0.0,BTC-9AUG19-6500-C,9490.54,0.0,0.0005,5.0,0.0,0.0,0.0,0.57318,-3.19462,1.71901,2e-05,0.98554
9497.15,SYN.BTC-9AUG19,1564484340411,open,0.0,85.2,0.0005,0.012,0.002066,99.93,0.002,0.0,BTC-9AUG19-13000-C,9490.54,94.89,0.0015,15.8,0.0025,2.0,103.25,1.1727,-5.93327,0.08152,5e-05,0.03379
9497.15,SYN.BTC-9AUG19,1564484340414,open,0.0,93.7,0.0005,0.0115,0.00154315,104.61,0.0015,0.0,BTC-9AUG19-13500-C,9490.54,89.67,0.0005,19.4,0.0025,30.4,113.06,0.91689,-4.8563,0.0606,4e-05,0.02513
9667.45,BTC-27DEC19,1564484340426,open,0.04,269.3,0.0105,0.0705,0.03641839,101.54,0.0355,0.0,BTC-27DEC19-24000-C,9490.57,100.19,0.0345,6.0,0.0385,16.0,102.97,13.91084,-4.7124,4.18477,4e-05,0.14184
9529.92,BTC-27SEP19,1564484340426,open,0.33,73.0,0.28,0.3845,0.33364601,97.31,0.332,0.0,BTC-27SEP19-12000-P,9490.57,89.0,0.3215,6.2,0.344,1.7,104.22,14.12737,-11.67491,-15.17169,0.0001,-0.65332
9667.45,BTC-27DEC19,1564484340426,open,0.4,63.0,0.362,0.441,0.40409206,95.69,0.4965,0.0,BTC-27DEC19-6500-C,9490.57,62.41,0.355,1.0,0.956,2.0,500.0,15.67895,-5.00501,16.9052,4e-05,0.82996
9529.92,BTC-27SEP19,1564484340426,open,0.0,124.2,0.0005,0.011,0.00102642,102.49,0.004,0.0,BTC-27SEP19-3750-P,9490.57,93.74,0.0005,11.0,0.0015,24.0,107.98,0.71977,-0.62647,-0.11913,0.0,-0.00672
9529.92,BTC-27SEP19,1564484340426,open,0.74,55.9,0.7285,0.748,0.73816275,132.13,0.689,0.0,BTC-27SEP19-2500-C,9490.57,0.0,0.005,10.0,0.8935,5.0,500.0,0.31413,-0.35247,3.9841,0.0,0.99734
9667.45,BTC-27DEC19,1564484340426,open,1.32,3.9,1.249,1.399,1.32137632,101.03,0.752,0.0,BTC-27DEC19-22000-P,9490.57,0.0,0.0065,2.0,2.1155,0.3,500.0,15.79273,-5.32307,-85.32321,4e-05,-0.82802
9667.45,BTC-27DEC19,1564484340426,open,3.56,0.0,3.463,3.661,3.55710825,104.96,3.46,0.0,BTC-27DEC19-44000-P,9490.57,0.0,0.0,0.0,0.0,0.0,0.0,3.93684,-1.37857,-179.80347,1e-05,-0.97237
9529.92,BTC-27SEP19,1564484340426,open,0.25,147.2,0.201,0.303,0.2540496,96.73,0.2475,0.0,BTC-27SEP19-11000-P,9490.57,92.57,0.2475,0.3,0.26,4.6,100.5,15.0373,-12.35304,-12.65913,0.00011,-0.56947
9529.92,BTC-27SEP19,1564484340426,open,0.0,671.4,0.0005,0.0105,0.00094622,107.84,0.001,0.0,BTC-27SEP19-30000-C,9490.57,0.0,0.0,0.0,0.0015,24.0,113.41,0.79481,-0.72789,0.1011,1e-05,0.00752
9667.45,BTC-27DEC19,1564484340426,open,0.01,189.7,0.0005,0.0185,0.00574822,104.95,0.008,0.0,BTC-27DEC19-44000-C,9490.57,101.63,0.0045,18.0,0.007,10.0,107.83,3.93469,-1.37766,0.86807,1e-05,0.02762
9667.45,BTC-27DEC19,1564484340426,open,0.66,5.6,0.587,0.733,0.66178544,98.59,0.5485,0.0,BTC-27DEC19-15000-P,9490.57,0.0,0.45,0.2,1.1,0.1,281.05,22.99698,-7.56366,-51.9871,6e-05,-0.64783
9529.92,BTC-27SEP19,1564484340426,open,0.7,34.4,0.654,0.7545,0.70231424,99.47,0.6695,0.0,BTC-27SEP19-16000-P,9490.57,0.0,0.005,10.0,1.278,0.2,500.0,8.36309,-7.06457,-24.07353,6e-05,-0.86374
9529.92,BTC-27SEP19,1564484340426,open,0.0,49.2,0.0005,0.011,0.00119301,119.56,0.0015,0.0,BTC-27SEP19-3250-P,9490.57,107.29,0.0005,0.1,0.0015,20.7,123.4,0.70446,-0.7153,-0.11921,0.0,-0.00656
9529.92,BTC-27SEP19,1564484340426,open,0.9,1.0,0.8555,0.955,0.90229312,100.58,1.5815,0.0,BTC-27SEP19-18000-P,9490.57,0.0,0.005,0.3,1.467,0.3,500.0,5.95558,-5.08725,-27.93565,4e-05,-0.91501
9529.92,BTC-27SEP19,1564484340426,open,0.1,510.2,0.057,0.139,0.09978291,96.73,0.099,0.0,BTC-27SEP19-11000-C,9490.57,94.96,0.097,14.4,0.102,17.1,98.13,15.03723,-12.35239,5.08418,0.00011,0.43052
9667.45,BTC-27DEC19,1564484340426,open,0.79,0.0,0.7845,0.804,0.79445473,109.86,None,0.0,BTC-27DEC19-2000-C,9490.57,0.0,0.0155,3.0,0.977,0.5,500.0,0.86329,-0.31641,7.96896,0.0,0.9952
9667.45,BTC-27DEC19,1564484340426,open,0.2,302.1,0.141,0.2525,0.19953235,95.69,0.2015,0.0,BTC-27DEC19-9000-P,9490.57,94.18,0.196,0.3,0.201,5.0,96.31,22.59648,-7.21326,-21.26086,6e-05,-0.33606
9667.45,BTC-27DEC19,1564484340426,open,0.11,325.8,0.058,0.16,0.11019667,98.59,0.1145,0.0,BTC-27DEC19-15000-C,9490.57,97.46,0.1075,4.9,0.1115,0.1,99.14,22.99734,-7.56409,9.60588,6e-05,0.35218
9667.45,BTC-27DEC19,1564484340426,open,0.07,386.1,0.032,0.1195,0.07431228,99.83,0.07,0.0,BTC-27DEC19-18000-C,9490.57,98.71,0.072,4.9,0.0765,10.0,100.89,19.9841,-6.65579,7.26241,5e-05,0.25726
9529.92,BTC-27SEP19,1564484340426,open,0.0,463.7,0.0005,0.0145,0.00454699,101.69,0.0055,0.0,BTC-27SEP19-22000-C,9490.57,97.81,0.0035,39.2,0.0055,24.0,104.75,2.78764,-2.40737,0.43081,2e-05,0.03257
9511.19,SYN.BTC-30AUG19,1564484340426,open,0.3,1.6,0.255,0.3405,0.29810742,97.15,0.3175,0.0,BTC-30AUG19-12000-P,9490.57,0.0,0.0005,5.0,0.0,0.0,0.0,8.74981,-13.7655,-8.45016,0.00012,-0.75218
9667.45,BTC-27DEC19,1564484340426,open,0.0,173.8,0.0005,0.0105,0.00062396,117.91,0.001,0.0,BTC-27DEC19-1500-P,9490.57,114.92,0.0005,1.0,0.001,18.0,124.97,0.43313,-0.17037,-0.1132,0.0,-0.00223
9529.92,BTC-27SEP19,1564484340426,open,0.0,756.0,0.0005,0.011,0.00102622,113.86,0.002,0.0,BTC-27SEP19-32000-C,9490.57,106.0,0.0005,13.0,0.0015,5.9,118.65,0.81651,-0.78955,0.10347,0.0,0.00776
9667.48,BTC-27DEC19,1564484340428,open,0.06,280.5,0.0285,0.09,0.05872312,95.69,0.059,0.0,BTC-27DEC19-6000-P,9490.57,91.61,0.053,6.0,0.0565,5.0,94.11,13.72554,-4.38144,-7.85142,4e-05,-0.13906
9667.48,BTC-27DEC19,1564484340428,open,0.02,94.5,0.0055,0.0515,0.02358207,102.25,0.03,0.0,BTC-27DEC19-28000-C,9490.57,100.79,0.022,6.0,0.025,1.0,103.51,10.67823,-3.64239,2.93721,3e-05,0.09757
9667.48,BTC-27DEC19,1564484340427,open,0.94,12.4,0.8625,1.011,0.93623096,99.84,0.559,0.0,BTC-27DEC19-18000-P,9490.57,0.0,0.005,5.0,1.7155,0.2,500.0,19.9847,-6.65617,-66.64859,5e-05,-0.74273
9529.92,BTC-27SEP19,1564484340427,open,0.0,617.1,0.0005,0.0105,0.00082799,122.05,0.0005,0.0,BTC-27SEP19-3000-P,9490.57,0.0,0.0,0.0,0.001,10.0,125.02,0.51579,-0.53462,-0.08375,0.0,-0.00462
9667.48,BTC-27DEC19,1564484340427,open,3.14,0.0,3.058,3.243,3.14551571,104.46,2.58,0.0,BTC-27DEC19-40000-P,9490.57,0.0,0.0005,3.0,0.0,0.0,0.0,5.00701,-1.74485,-163.09444,1e-05,-0.96302
9667.48,BTC-27DEC19,1564484340428,open,0.0,893.0,0.0005,0.0135,0.00368229,107.65,0.003,0.0,BTC-27DEC19-52000-C,9490.57,105.09,0.003,61.1,0.0045,10.0,110.32,2.75902,-0.99088,0.57346,1e-05,0.01813
9667.48,BTC-27DEC19,1564484340428,open,0.0,98.9,0.0005,0.011,0.00133324,109.85,0.001,0.0,BTC-27DEC19-2000-P,9490.57,97.26,0.0005,3.0,0.002,10.0,116.35,0.86275,-0.31616,-0.24322,0.0,-0.00479
9667.48,BTC-27DEC19,1564484340428,open,3.97,0.0,3.8685,4.08,3.96951074,105.92,None,0.0,BTC-27DEC19-48000-P,9490.57,0.0,0.0,0.0,6.0,1.0,500.0,3.20235,-1.13155,-196.41417,1e-05,-0.97839
9529.92,BTC-27SEP19,1564484340428,open,0.07,541.7,0.0395,0.108,0.07404174,95.77,0.0715,0.0,BTC-27SEP19-8000-P,9490.57,93.03,0.0705,19.3,0.075,19.3,96.5,12.38337,-10.07119,-5.11526,9e-05,-0.25872
9529.92,BTC-27SEP19,1564484340428,open,1.94,0.0,1.881,2.0035,1.93961925,107.77,None,0.0,BTC-27SEP19-28000-P,9490.57,0.0,0.0,0.0,0.0,0.0,0.0,1.15187,-1.05427,-45.01131,1e-05,-0.9885
9497.15,SYN.BTC-9AUG19,1564484340426,open,0.06,71.5,0.031,0.096,0.06442475,98.04,0.0635,0.0,BTC-9AUG19-9500-P,9490.57,96.62,0.0635,4.8,0.0645,0.1,98.15,6.21288,-30.83835,-1.36969,0.00026,-0.46861
9667.48,BTC-27DEC19,1564484340428,open,0.14,248.1,0.093,0.1905,0.14387043,95.69,0.1425,0.0,BTC-27DEC19-8000-P,9490.57,93.38,0.139,0.3,0.1445,9.9,95.98,20.45117,-6.52838,-16.3959,6e-05,-0.26916
9667.48,BTC-27DEC19,1564484340428,open,2.32,0.3,2.249,2.413,2.32603585,103.09,1.875,0.0,BTC-27DEC19-32000-P,9490.57,0.0,0.0,0.0,0.0,0.0,0.0,8.24632,-2.8361,-129.284,2e-05,-0.93078
9529.92,BTC-27SEP19,1564484340428,open,0.42,31.5,0.367,0.472,0.42002141,98.14,0.3995,0.0,BTC-27SEP19-13000-P,9490.57,89.72,0.409,4.9,0.431,1.5,106.12,12.82463,-10.68855,-17.56521,9e-05,-0.72265
9529.92,BTC-27SEP19,1564484340428,open,0.01,396.3,0.0005,0.022,0.00991294,95.77,0.0105,0.0,BTC-27SEP19-5500-P,9490.57,93.59,0.009,4.6,0.0105,24.0,97.11,4.1011,-3.33539,-0.95877,3e-05,-0.05246
9529.92,BTC-27SEP19,1564484340428,open,0.12,208.1,0.078,0.163,0.12207713,95.77,0.12,0.0,BTC-27SEP19-9000-P,9490.57,94.39,0.12,0.4,0.1245,29.5,97.37,14.40662,-11.71696,-7.51089,0.0001,-0.36653
9667.48,BTC-27DEC19,1564484340428,open,0.06,547.6,0.022,0.0995,0.05809625,100.55,0.0555,0.0,BTC-27DEC19-20000-C,9490.57,99.68,0.0565,0.3,0.06,18.9,101.57,17.85816,-5.9904,6.03358,5e-05,0.21009
9667.48,BTC-27DEC19,1564484340429,open,0.02,132.2,0.003,0.039,0.01597979,103.1,0.016,0.0,BTC-27DEC19-32000-C,9490.57,101.32,0.0145,6.0,0.0175,10.0,104.84,8.24937,-2.83749,2.11479,2e-05,0.06925
9667.48,BTC-27DEC19,1564484340429,open,0.08,222.7,0.041,0.112,0.07645028,95.69,0.074,0.0,BTC-27DEC19-6500-P,9490.57,92.31,0.071,0.3,0.075,9.9,94.79,15.67891,-5.00499,-9.78492,4e-05,-0.17004
9667.48,BTC-27DEC19,1564484340429,open,4.38,1.0,4.274,4.5005,4.38256222,107.73,4.454,0.0,BTC-27DEC19-52000-P,9490.57,0.0,0.001,1.0,6.0,1.0,500.0,2.7706,-0.99575,-212.94541,1e-05,-0.98178
9529.92,BTC-27SEP19,1564484340429,open,0.0,440.0,0.0005,0.0115,0.00152416,101.28,0.0015,0.0,BTC-27SEP19-4000-P,9490.57,95.54,0.001,35.0,0.002,24.0,105.45,0.99343,-0.85444,-0.17256,1e-05,-0.0097
9529.92,BTC-27SEP19,1564484340428,open,1.31,0.2,1.264,1.368,1.31306847,101.7,1.391,0.0,BTC-27SEP19-22000-P,9490.57,0.0,0.005,10.0,0.0,0.0,0.0,2.78867,-2.40846,-35.05573,2e-05,-0.96741
9667.48,BTC-27DEC19,1564484340429,open,2.73,1.3,2.653,2.8275,2.73537843,104.47,2.2,0.0,BTC-27DEC19-36000-P,9490.57,0.0,0.0005,1.0,0.0,0.0,0.0,6.55348,-2.28394,-146.23209,2e-05,-0.94838
9529.92,BTC-27SEP19,1564484340429,open,0.06,220.9,0.0235,0.09,0.05588681,98.13,0.0575,0.0,BTC-27SEP19-13000-C,9490.57,96.35,0.0535,19.3,0.058,37.8,99.69,12.82408,-10.6873,3.40399,9e-05,0.27733
9529.92,BTC-27SEP19,1564484340429,open,0.0,286.9,0.0005,0.0125,0.00281422,102.72,0.0035,0.0,BTC-27SEP19-24000-C,9490.57,98.24,0.002,15.0,0.0035,24.0,105.85,1.93523,-1.68818,0.28031,1e-05,0.02105
9667.48,BTC-27DEC19,1564484340430,open,0.6,27.2,0.5825,0.617,0.59906044,95.68,0.65,0.0,BTC-27DEC19-4000-C,9490.57,0.0,0.45,1.0,0.966,1.0,500.0,5.38374,-1.71855,14.31138,1e-05,0.95958
9667.48,BTC-27DEC19,1564484340429,open,1.52,0.0,1.4465,1.598,1.51896119,101.54,None,0.0,BTC-27DEC19-24000-P,9490.57,0.0,0.0065,1.0,2.316,0.2,500.0,13.90968,-4.71177,-94.36406,4e-05,-0.85818
9667.48,BTC-27DEC19,1564484340430,open,0.37,53.3,0.3265,0.4125,0.37254269,95.69,0.361,0.0,BTC-27DEC19-7000-C,9490.57,75.46,0.337,0.1,0.388,0.1,104.18,17.46708,-5.57588,16.8738,5e-05,0.79761
9529.92,BTC-27SEP19,1564484340430,open,0.61,29.6,0.5555,0.6565,0.60472161,98.6,0.58,0.0,BTC-27SEP19-15000-P,9490.57,0.0,0.005,10.0,0.632,1.4,122.17,9.74698,-8.1615,-22.02869,7e-05,-0.82831
9492.46,SYN.BTC-2AUG19,1564484340426,open,0.16,2.8,0.1365,0.1905,0.16140842,106.45,0.111,0.0,BTC-2AUG19-11000-P,9490.57,0.0,0.155,12.0,0.0,0.0,0.0,1.07057,-19.81504,-0.81984,0.00014,-0.93482
9529.92,BTC-27SEP19,1564484340430,open,1.52,0.2,1.4695,1.5785,1.52121957,102.82,1.6,0.0,BTC-27SEP19-24000-P,9490.57,0.0,0.0,0.0,0.0,0.0,0.0,1.94496,-1.69838,-38.43088,1e-05,-0.97883
9529.95,BTC-27SEP19,1564484340430,open,0.43,221.9,0.4145,0.4525,0.43278217,95.76,0.51,0.0,BTC-27SEP19-5500-C,9490.57,0.0,0.4225,3.0,0.8295,6.0,500.0,4.10052,-3.3347,7.9131,3e-05,0.94755
9667.48,BTC-27DEC19,1564484340430,open,1.92,0.1,1.846,2.0025,1.91990209,102.26,2.035,0.0,BTC-27DEC19-28000-P,9490.57,0.0,0.001,1.0,0.0,0.0,0.0,10.68109,-3.64375,-112.03499,3e-05,-0.90239
9667.48,BTC-27DEC19,1564484340430,open,0.57,16.0,0.5,0.644,0.57434839,97.97,0.5865,0.0,BTC-27DEC19-14000-P,9490.57,91.48,0.5585,5.0,0.5825,5.0,101.27,23.79103,-7.77616,-46.9623,6e-05,-0.60869
9529.95,BTC-27SEP19,1564484340430,open,1.73,0.0,1.675,1.79,1.73002535,103.7,None,0.0,BTC-27SEP19-26000-P,9490.57,0.0,0.0,0.0,0.0,0.0,0.0,1.35295,-1.19148,-41.75344,1e-05,-0.98615
9529.95,BTC-27SEP19,1564484340430,open,2.15,0.0,2.0865,2.216,2.14892983,107.99,None,0.0,BTC-27SEP19-30000-P,9490.57,0.0,0.0,0.0,0.0,0.0,0.0,0.80296,-0.73643,-48.28873,1e-05,-0.99239
9529.95,BTC-27SEP19,1564484340430,open,0.01,375.6,0.0025,0.032,0.01348911,100.56,0.013,0.0,BTC-27SEP19-18000-C,9490.57,98.94,0.0125,0.2,0.0145,24.0,102.15,5.95194,-5.08284,1.09812,4e-05,0.08492
9529.95,BTC-27SEP19,1564484340431,open,0.84,42.8,0.833,0.8525,0.84264491,144.53,0.815,0.0,BTC-27SEP19-1500-C,9490.57,0.0,0.0,0.0,0.0,0.0,0.0,0.03638,-0.04466,2.41496,0.0,0.99975
9667.48,BTC-27DEC19,1564484340431,open,1.72,0.0,1.646,1.7995,1.7186861,101.97,None,0.0,BTC-27DEC19-26000-P,9490.57,0.0,0.005,10.0,2.517,0.2,500.0,12.21234,-4.15443,-103.25621,3e-05,-0.88246
9492.46,SYN.BTC-2AUG19,1564484340426,open,0.11,37.6,0.087,0.1345,0.11027355,108.66,0.107,0.0,BTC-2AUG19-8500-C,9490.57,90.52,0.1075,6.0,0.113,6.0,123.17,1.64946,-31.16245,0.57836,0.00021,0.88361
9511.19,SYN.BTC-30AUG19,1564484340426,open,0.01,122.3,0.0025,0.0315,0.01395796,98.19,0.0145,0.0,BTC-30AUG19-14000-C,9490.57,96.44,0.013,24.0,0.015,12.0,100.03,5.30173,-8.4303,0.79661,7e-05,0.11297
9497.15,SYN.BTC-9AUG19,1564484340426,open,0.13,0.0,0.097,0.1685,0.1334082,98.55,None,0.0,BTC-9AUG19-10500-P,9490.57,86.05,0.1265,12.0,0.0,0.0,0.0,5.39197,-26.90445,-2.1538,0.00022,-0.70477
9529.95,BTC-27SEP19,1564484340432,open,0.0,426.3,0.0005,0.011,0.00128068,112.89,0.0025,0.0,BTC-27SEP19-3500-P,9490.57,100.27,0.0005,0.1,0.002,20.3,120.37,0.78563,-0.75318,-0.13382,0.0,-0.00742
9529.95,BTC-27SEP19,1564484340432,open,0.0,1660.1,0.0005,0.0105,4.524e-05,145.0,0.0005,0.0,BTC-27SEP19-1500-P,9490.57,0.0,0.0,0.0,0.0005,12.0,181.94,0.03758,-0.04628,-0.00475,0.0,-0.00026
9497.15,SYN.BTC-9AUG19,1564484340426,open,0.0,201.1,0.0005,0.014,0.00366294,99.8,0.005,0.0,BTC-9AUG19-12500-C,9490.57,92.83,0.0025,44.9,0.0045,2.0,104.07,1.75643,-8.87491,0.13384,7e-05,0.05575
9511.19,SYN.BTC-30AUG19,1564484340430,open,0.38,0.0,0.358,0.3935,0.37513084,101.64,None,0.0,BTC-30AUG19-6000-C,9490.57,0.0,0.0005,5.0,0.0,0.0,0.0,2.57401,-4.23675,4.67362,3e-05,0.95602
9497.15,SYN.BTC-9AUG19,1564484340426,open,0.01,68.1,0.001,0.0275,0.01094824,98.23,0.0125,0.0,BTC-9AUG19-8000-P,9490.57,95.41,0.01,4.0,0.0115,0.1,99.83,3.24497,-16.13883,-0.35352,0.00014,-0.12663
9492.46,SYN.BTC-2AUG19,1564484340428,open,0.0,374.4,0.0005,0.0115,0.00157497,111.86,0.002,0.0,BTC-2AUG19-8000-P,9490.57,103.01,0.001,38.0,0.002,2.0,117.25,0.69874,-13.59,-0.02972,9e-05,-0.03816
9492.46,SYN.BTC-2AUG19,1564484340426,open,0.0,145.1,0.0005,0.0105,5.573e-05,145.0,0.0005,0.0,BTC-2AUG19-14000-C,9490.57,0.0,0.0,0.0,0.0005,12.0,180.98,0.04273,-0.52904,0.00113,0.0,0.00156
9492.46,SYN.BTC-2AUG19,1564484340427,open,0.07,160.6,0.0385,0.1005,0.07003448,102.85,0.07,0.0,BTC-2AUG19-10000-P,9490.57,94.52,0.0675,9.4,0.069,0.1,99.48,2.9288,-52.37705,-0.57601,0.0004,-0.70017
9511.19,SYN.BTC-30AUG19,1564484340428,open,0.0,65.6,0.0005,0.0135,0.00357418,101.27,0.003,0.0,BTC-30AUG19-17000-C,9490.57,95.82,0.0025,29.0,0.0045,44.1,105.18,2.08905,-3.42582,0.24509,3e-05,0.03404
9511.19,SYN.BTC-30AUG19,1564484340428,open,0.89,0.0,0.856,0.938,0.894759,101.85,None,0.0,BTC-30AUG19-18000-P,9490.57,0.0,0.0005,5.0,0.0,0.0,0.0,1.47771,-2.43727,-15.06375,2e-05,-0.97754
9667.48,BTC-27DEC19,1564484340434,open,2.12,0.2,2.0475,2.207,2.12260756,102.78,2.03,0.0,BTC-27DEC19-30000-P,9490.57,0.0,0.0,0.0,0.0,0.0,0.0,9.40308,-3.22404,-120.69204,2e-05,-0.91777
9511.19,SYN.BTC-30AUG19,1564484340426,open,0.02,114.4,0.006,0.0445,0.02246654,97.44,0.0235,0.0,BTC-30AUG19-13000-C,9490.57,96.1,0.0215,19.3,0.023,10.0,98.16,6.95471,-10.97361,1.17319,9e-05,0.16828
9511.19,SYN.BTC-30AUG19,1564484340429,open,0.49,0.0,0.4475,0.5275,0.48591975,98.21,None,0.0,BTC-30AUG19-14000-P,9490.57,0.0,0.0005,5.0,0.0,0.0,0.0,5.30377,-8.43534,-11.04572,7e-05,-0.88697
9511.19,SYN.BTC-30AUG19,1564484340426,open,0.79,0.0,0.753,0.8335,0.79095635,101.33,None,0.0,BTC-30AUG19-17000-P,9490.57,0.0,0.0005,5.0,0.0,0.0,0.0,2.09418,-3.43642,-14.13467,3e-05,-0.96586
9492.46,SYN.BTC-2AUG19,1564484340428,open,0.26,0.0,0.2395,0.2935,0.26470434,118.85,None,0.0,BTC-2AUG19-12000-P,9490.57,0.0,0.0005,5.0,0.0,0.0,0.0,0.31958,-6.60377,-0.9346,4e-05,-0.98497
9497.15,SYN.BTC-9AUG19,1564484340426,open,0.03,73.4,0.0065,0.053,0.02781068,98.55,0.028,0.0,BTC-9AUG19-10500-C,9490.57,94.45,0.0255,19.0,0.0295,0.4,101.51,5.39189,-26.90302,0.68713,0.00022,0.29522
9511.19,SYN.BTC-30AUG19,1564484340429,open,0.0,327.6,0.0005,0.012,0.0022367,101.75,0.002,0.0,BTC-30AUG19-18000-C,9490.57,96.35,0.0015,24.0,0.003,5.4,106.22,1.47125,-2.42431,0.16181,2e-05,0.02235
9529.95,BTC-27SEP19,1564484340434,open,0.0,1060.6,0.0005,0.012,0.00222401,100.33,0.0025,0.0,BTC-27SEP19-4250-P,9490.57,94.53,0.0015,37.0,0.003,24.0,105.34,1.34126,-1.14278,-0.2449,1e-05,-0.01371
9497.15,SYN.BTC-9AUG19,1564484340426,open,0.01,304.1,0.0005,0.0205,0.00638811,99.8,0.0065,0.0,BTC-9AUG19-12000-C,9490.57,94.27,0.005,44.7,0.007,10.0,102.05,2.52975,-12.78233,0.21398,0.0001,0.08966
9492.46,SYN.BTC-2AUG19,1564484340430,open,0.0,115.7,0.0005,0.0105,4.974e-05,145.0,0.0005,0.0,BTC-2AUG19-6500-P,9490.57,0.0,0.0,0.0,0.0005,60.9,185.62,0.0366,-0.47213,-0.00102,0.0,-0.00132
9497.15,SYN.BTC-9AUG19,1564484340426,open,0.13,0.9,0.0965,0.155,0.12725045,98.13,0.121,0.0,BTC-9AUG19-8500-C,9490.57,89.23,0.123,6.0,0.1305,6.0,104.69,4.64086,-23.05804,1.67404,0.00019,0.77872
9492.46,SYN.BTC-2AUG19,1564484340428,open,0.16,2.1,0.1405,0.1795,0.15879486,111.77,0.1615,0.0,BTC-2AUG19-8000-C,9490.57,0.0,0.105,0.1,0.0,0.0,0.0,0.69717,-13.54901,0.60066,9e-05,0.96195
9492.46,SYN.BTC-2AUG19,1564484340432,open,0.21,1.0,0.188,0.241,0.21252669,110.67,0.1445,0.0,BTC-2AUG19-11500-P,9490.57,0.0,0.206,9.8,0.0,0.0,0.0,0.54877,-10.55967,-0.88553,7e-05,-0.97154
9492.46,SYN.BTC-2AUG19,1564484340431,open,0.07,34.6,0.038,0.0955,0.06820462,106.05,0.069,0.0,BTC-2AUG19-9000-C,9490.57,96.69,0.0655,6.0,0.069,0.4,108.75,2.78559,-51.36495,0.49499,0.00037,0.73006
9511.19,SYN.BTC-30AUG19,1564484340433,open,0.59,0.0,0.5485,0.628,0.58604844,99.63,None,0.0,BTC-30AUG19-15000-P,9490.57,0.0,0.0005,5.0,0.0,0.0,0.0,3.98505,-6.42962,-12.14325,5e-05,-0.92325
9511.19,SYN.BTC-30AUG19,1564484340430,open,0.69,0.0,0.6505,0.7295,0.68779722,100.22,None,0.0,BTC-30AUG19-16000-P,9490.57,0.0,0.0005,5.0,0.0,0.0,0.0,2.88254,-4.67837,-13.17184,4e-05,-0.94935
9492.46,SYN.BTC-2AUG19,1564484340430,open,0.0,391.2,0.0005,0.0105,2.085e-05,145.0,0.002,0.0,BTC-2AUG19-14500-C,9490.57,0.0,0.0,0.0,0.0005,12.0,194.9,0.0184,-0.19795,0.00045,0.0,0.00062
9492.46,SYN.BTC-2AUG19,1564484340429,open,0.21,0.0,0.194,0.229,0.21061147,128.28,None,0.0,BTC-2AUG19-7500-C,9490.57,0.0,0.01,10.0,0.0,0.0,0.0,0.35081,-7.82483,0.57783,4e-05,0.98325
9492.46,SYN.BTC-2AUG19,1564484340432,open,0.0,315.4,0.0005,0.0105,0.00047156,133.73,0.001,0.0,BTC-2AUG19-12500-C,9490.57,0.0,0.0,0.0,0.001,42.0,148.3,0.2619,-4.4763,0.00857,3e-05,0.01193
9492.46,SYN.BTC-2AUG19,1564484340433,open,0.0,215.7,0.0005,0.0105,0.00023601,139.17,0.0005,0.0,BTC-2AUG19-7000-P,9490.57,0.0,0.0,0.0,0.0005,27.8,152.87,0.13786,-2.24029,-0.00447,1e-05,-0.00575
9492.46,SYN.BTC-2AUG19,1564484340432,open,0.0,180.2,0.0005,0.0105,0.00035875,145.0,0.0005,0.0,BTC-2AUG19-13000-C,9490.57,0.0,0.0,0.0,0.001,12.0,165.71,0.19844,-3.40541,0.00622,2e-05,0.00868
9492.46,SYN.BTC-2AUG19,1564484340430,open,0.0,293.9,0.0005,0.014,0.00258576,106.38,0.0025,0.0,BTC-2AUG19-11000-C,9490.57,100.82,0.002,5.0,0.003,2.4,109.91,1.06871,-19.76629,0.0467,0.00014,0.06503
208.17,SYN.ETH-9AUG19,1564484340648,open,0.03,105.0,0.007,0.057,0.03013,103.14,0.028,0.0,ETH-9AUG19-190-P,208.2,97.3,0.027,200.0,0.034,429.0,110.24,0.1125,-0.58747,-0.01671,0.0093,-0.26661
209.65,ETH-27DEC19,1564484340690,open,0.2,561.0,0.136,0.252,0.201673,99.51,0.208,0.0,ETH-27DEC19-240-C,208.2,96.89,0.195,239.0,0.207,329.0,101.61,0.5329,-0.17692,0.29344,0.00297,0.54254
208.01,ETH-27SEP19,1564484340690,open,0.0,739.0,0.001,0.011,0.000992,133.89,0.001,0.0,ETH-27SEP19-60-P,208.2,0.0,0.0,0.0,0.002,850.0,147.56,0.01193,-0.01356,-0.00199,0.00013,-0.00493
208.1,SYN.ETH-30AUG19,1564484340690,open,0.01,278.0,0.002,0.027,0.011496,101.05,0.01,0.0,ETH-30AUG19-320-C,208.2,95.61,0.009,500.0,0.014,620.0,105.94,0.10142,-0.16595,0.0145,0.00274,0.09389
209.65,ETH-27DEC19,1564484340692,open,0.01,1370.0,0.003,0.033,0.014076,106.34,0.019,0.0,ETH-27DEC19-760-C,208.2,97.08,0.008,600.0,0.014,50.0,106.24,0.16142,-0.05727,0.04011,0.00084,0.06067
208.01,ETH-27SEP19,1564484340692,open,0.08,1704.0,0.038,0.116,0.079221,99.14,0.087,0.0,ETH-27SEP19-260-C,208.2,96.32,0.075,233.0,0.083,110.0,101.65,0.31224,-0.26289,0.09386,0.00451,0.35897
208.01,ETH-27SEP19,1564484340694,open,0.0,5743.0,0.001,0.012,0.002006,109.95,0.002,0.0,ETH-27SEP19-600-C,208.2,101.5,0.001,1477.0,0.003,840.0,115.7,0.03109,-0.02903,0.00426,0.00041,0.0147
208.19,SYN.ETH-2AUG19,1564484340696,open,0.0,525.0,0.001,0.011,0.000486,127.87,0.001,0.0,ETH-2AUG19-270-C,208.2,0.0,0.0,0.0,0.001,302.0,141.42,0.00608,-0.1012,0.0002,0.00139,0.01275
208.01,ETH-27SEP19,1564484340701,open,0.05,7465.0,0.023,0.081,0.052014,98.37,0.053,0.0,ETH-27SEP19-160-P,208.2,95.63,0.049,160.0,0.055,388.0,101.06,0.22991,-0.19207,-0.08268,0.00335,-0.19442
208.01,ETH-27SEP19,1564484340703,open,0.49,769.0,0.424,0.551,0.488891,99.87,0.391,0.0,ETH-27SEP19-300-P,208.2,0.0,0.048,1.0,0.524,110.0,125.9,0.25858,-0.2193,-0.41968,0.00371,-0.76191
208.1,SYN.ETH-30AUG19,1564484340703,open,0.0,1720.0,0.001,0.012,0.002507,105.47,0.003,0.0,ETH-30AUG19-400-C,208.2,93.4,0.001,640.0,0.004,800.0,113.22,0.03423,-0.05846,0.00379,0.00089,0.02404
208.19,SYN.ETH-2AUG19,1564484340705,open,0.0,261.0,0.001,0.011,0.00024,144.98,0.001,0.0,ETH-2AUG19-290-C,208.2,0.0,0.0,0.0,0.001,300.0,173.14,0.00315,-0.04996,9e-05,0.00064,0.00602
208.01,ETH-27SEP19,1564484340709,open,0.57,497.0,0.51,0.637,0.57394,99.94,0.51,0.0,ETH-27SEP19-320-P,208.2,0.0,0.0,0.0,0.615,110.0,132.64,0.2278,-0.19335,-0.46385,0.00327,-0.8085
208.01,ETH-27SEP19,1564484340712,open,0.26,2475.0,0.196,0.311,0.257455,99.1,0.28,0.0,ETH-27SEP19-240-P,208.2,94.37,0.25,120.0,0.262,110.0,101.97,0.32902,-0.27691,-0.27553,0.00476,-0.56372
208.01,ETH-27SEP19,1564484340730,open,0.04,1792.0,0.011,0.063,0.035553,99.94,0.037,0.0,ETH-27SEP19-320-C,208.2,96.64,0.032,739.0,0.038,110.0,102.15,0.2278,-0.19335,0.05232,0.00327,0.1915
208.01,ETH-27SEP19,1564484340730,open,0.01,8193.0,0.002,0.023,0.011037,98.37,0.014,0.0,ETH-27SEP19-120-P,208.2,93.65,0.009,201.0,0.011,10.0,98.29,0.09417,-0.07867,-0.02247,0.00137,-0.05593
209.65,ETH-27DEC19,1564484340730,open,0.02,1072.0,0.004,0.042,0.019412,101.71,0.025,0.0,ETH-27DEC19-640-C,208.2,99.15,0.017,300.0,0.022,50.0,104.26,0.20495,-0.06954,0.05456,0.00112,0.08279
208.01,ETH-27SEP19,1564484340730,open,0.14,3356.0,0.085,0.179,0.135077,98.37,0.123,0.0,ETH-27SEP19-200-P,208.2,95.06,0.13,309.0,0.14,299.0,101.58,0.31891,-0.26642,-0.17392,0.00465,-0.38326
208.01,ETH-27SEP19,1564484340730,open,0.01,4710.0,0.001,0.015,0.005018,103.21,0.007,0.0,ETH-27SEP19-480-C,208.2,95.64,0.003,400.0,0.007,340.0,108.93,0.06477,-0.05677,0.01011,0.0009,0.03514
208.19,SYN.ETH-2AUG19,1564484340730,open,0.0,254.0,0.001,0.011,0.000189,145.02,0.003,0.0,ETH-2AUG19-150-P,208.2,0.0,0.0,0.0,0.001,300.0,180.04,0.00244,-0.03934,-8e-05,0.00049,-0.00451
208.19,SYN.ETH-2AUG19,1564484340730,open,0.03,244.0,0.005,0.063,0.033754,106.72,0.03,0.0,ETH-2AUG19-210-C,208.2,98.94,0.031,5.0,0.035,422.0,110.24,0.07365,-1.36665,0.00736,0.02021,0.48246
208.19,SYN.ETH-2AUG19,1564484340730,open,0.0,946.0,0.001,0.011,0.000932,117.55,0.001,0.0,ETH-2AUG19-170-P,208.2,0.0,0.0,0.0,0.002,553.0,134.73,0.01009,-0.19408,-0.00039,0.00251,-0.02305
208.1,SYN.ETH-30AUG19,1564484340730,open,0.02,480.0,0.004,0.036,0.017303,100.07,0.02,0.0,ETH-30AUG19-300-C,208.2,96.27,0.015,496.0,0.02,616.0,104.24,0.13023,-0.21103,0.02041,0.00355,0.13323
208.01,ETH-27SEP19,1564484340741,open,0.0,7915.0,0.001,0.011,0.001003,120.16,0.001,0.0,ETH-27SEP19-760-C,208.2,0.0,0.0,0.0,0.002,700.0,129.57,0.01684,-0.01718,0.0021,0.0002,0.00727
209.65,ETH-27DEC19,1564484340741,open,0.98,16.0,0.889,1.067,0.979612,100.69,1.195,0.0,ETH-27DEC19-400-P,208.2,0.0,0.001,8.0,1.049,110.0,131.57,0.42571,-0.143,-1.4901,0.00234,-0.75132
208.1,SYN.ETH-30AUG19,1564484340741,open,0.29,0.0,0.236,0.34,0.28934,98.63,0.218,0.0,ETH-30AUG19-260-P,208.2,0.0,0.0,0.0,1.248,1.0,500.0,0.19765,-0.31567,-0.18059,0.00547,-0.73657
208.01,ETH-27SEP19,1564484340743,open,0.75,233.0,0.688,0.818,0.751773,100.61,0.763,0.0,ETH-27SEP19-360-P,208.2,88.57,0.743,45.0,0.0,0.0,0.0,0.17097,-0.14608,-0.54618,0.00243,-0.87604
208.17,SYN.ETH-9AUG19,1564484340743,open,0.09,306.0,0.047,0.121,0.087684,103.07,0.087,0.0,ETH-9AUG19-200-C,208.2,92.32,0.081,150.0,0.09,150.0,106.79,0.12975,-0.6771,0.03031,0.01074,0.62584
209.65,ETH-27DEC19,1564484340746,open,0.04,745.0,0.014,0.079,0.044904,101.01,0.045,0.0,ETH-27DEC19-480-C,208.2,99.19,0.042,300.0,0.048,110.0,102.9,0.33934,-0.11435,0.10727,0.00186,0.16952
208.1,SYN.ETH-30AUG19,1564484340746,open,0.55,0.0,0.497,0.605,0.549289,101.2,None,0.0,ETH-30AUG19-320-P,208.2,0.0,0.0,0.0,0.0,0.0,0.0,0.10174,-0.16673,-0.25613,0.00274,-0.90571
209.65,ETH-27DEC19,1564484340750,open,0.64,83.0,0.556,0.723,0.643923,99.99,0.626,0.0,ETH-27DEC19-320-P,208.2,0.0,0.006,5.0,1.519,1.0,500.0,0.50591,-0.16875,-1.09921,0.0028,-0.63295
208.19,SYN.ETH-2AUG19,1564484340750,open,0.18,0.0,0.159,0.21,0.184334,116.73,None,0.0,ETH-2AUG19-170-C,208.2,0.0,0.0,0.0,0.0,0.0,0.0,0.00982,-0.19939,0.01301,0.00246,0.97766
208.01,ETH-27SEP19,1564484340752,open,0.84,259.0,0.779,0.911,0.843152,100.94,0.94,0.0,ETH-27SEP19-380-P,208.2,0.0,0.009,8.0,0.0,0.0,0.0,0.1462,-0.12532,-0.585,0.00208,-0.90039
208.1,SYN.ETH-30AUG19,1564484340752,open,0.34,0.0,0.31,0.361,0.336124,98.52,None,0.0,ETH-30AUG19-140-C,208.2,0.0,0.0,0.0,0.0,0.0,0.0,0.0753,-0.12014,0.1057,0.00209,0.93656
208.19,SYN.ETH-2AUG19,1564484340752,open,0.3,0.0,0.26,0.339,0.297436,129.92,None,0.0,ETH-2AUG19-270-P,208.2,0.0,0.0,0.0,0.0,0.0,0.0,0.0066,-0.14915,-0.02105,0.00149,-0.98598
209.65,ETH-27DEC19,1564484340757,open,1.16,0.0,1.063,1.246,1.155083,100.77,None,0.0,ETH-27DEC19-440-P,208.2,0.0,0.001,8.0,2.088,1.0,500.0,0.3813,-0.12819,-1.67906,0.0021,-0.79536
208.19,SYN.ETH-2AUG19,1564484340771,open,0.0,489.0,0.001,0.011,0.000667,139.96,0.005,0.0,ETH-2AUG19-160-P,208.2,0.0,0.0,0.0,0.001,300.0,148.82,0.00683,-0.13879,-0.00025,0.00143,-0.01457
208.19,SYN.ETH-2AUG19,1564484340773,open,0.0,121.0,0.001,0.011,0.001468,112.93,0.001,0.0,ETH-2AUG19-250-C,208.2,0.0,0.0,0.0,0.002,250.0,119.55,0.01524,-0.29929,0.0006,0.00395,0.03791
208.19,SYN.ETH-2AUG19,1564484340777,open,0.0,770.0,0.001,0.014,0.002842,111.13,0.004,0.0,ETH-2AUG19-180-P,208.2,102.84,0.002,4.0,0.004,550.0,120.7,0.02307,-0.44576,-0.00109,0.00608,-0.06371
208.01,ETH-27SEP19,1564484340780,open,0.22,779.0,0.174,0.261,0.222891,98.35,0.227,0.0,ETH-27SEP19-180-C,208.2,0.0,0.134,40.0,0.609,10.0,400.63,0.28433,-0.2375,0.16461,0.00414,0.7135
209.65,ETH-27DEC19,1564484340780,open,0.07,536.0,0.029,0.113,0.07167,100.69,0.071,0.0,ETH-27DEC19-400-C,208.2,97.86,0.066,271.0,0.076,110.0,102.8,0.42571,-0.143,0.15238,0.00234,0.24868
209.65,ETH-27DEC19,1564484340782,open,1.52,37.0,1.422,1.616,1.51659,101.37,0.707,0.0,ETH-27DEC19-520-P,208.2,0.0,0.002,25.0,0.0,0.0,0.0,0.30118,-0.10185,-2.04463,0.00165,-0.85851
208.01,ETH-27SEP19,1564484340782,open,0.06,2007.0,0.025,0.094,0.060637,99.4,0.066,0.0,ETH-27SEP19-280-C,208.2,96.75,0.057,251.0,0.064,110.0,101.82,0.28731,-0.24254,0.07794,0.00414,0.29293
208.01,ETH-27SEP19,1564484340786,open,0.62,0.0,0.604,0.63,0.61689,110.3,None,0.0,ETH-27SEP19-80-C,208.2,0.0,0.003,10.0,0.0,0.0,0.0,0.01969,-0.01845,0.12563,0.00026,0.99131
209.65,ETH-27DEC19,1564484340791,open,0.06,623.0,0.02,0.094,0.056247,100.72,0.057,0.0,ETH-27DEC19-440-C,208.2,98.91,0.053,581.0,0.06,110.0,102.76,0.38105,-0.12803,0.12755,0.0021,0.20441
208.19,SYN.ETH-2AUG19,1564484340791,open,0.23,0.0,0.208,0.256,0.232104,138.81,None,0.0,ETH-2AUG19-160-C,208.2,0.0,0.0,0.0,0.0,0.0,0.0,0.00658,-0.15876,0.01237,0.00139,0.98604
208.01,ETH-27SEP19,1564484340793,open,0.0,3439.0,0.001,0.011,0.001182,113.45,0.003,0.0,ETH-27SEP19-680-C,208.2,0.0,0.0,0.0,0.002,401.0,120.42,0.02002,-0.01929,0.00257,0.00025,0.00885
208.1,SYN.ETH-30AUG19,1564484340793,open,0.25,0.0,0.22,0.285,0.255222,98.21,None,0.0,ETH-30AUG19-160-C,208.2,0.0,0.0,0.0,0.0,0.0,0.0,0.13723,-0.21824,0.10578,0.00381,0.85612
208.01,ETH-27SEP19,1564484340797,open,0.19,2068.0,0.134,0.241,0.191672,98.46,0.186,0.0,ETH-27SEP19-220-P,208.2,94.29,0.185,120.0,0.198,230.0,102.42,0.33276,-0.27825,-0.22458,0.00484,-0.47767
208.19,SYN.ETH-2AUG19,1564484340797,open,0.39,0.0,0.353,0.437,0.39326,149.02,None,0.0,ETH-2AUG19-290-P,208.2,0.0,0.0,0.0,0.0,0.0,0.0,0.00376,-0.09744,-0.02273,0.00074,-0.99265
208.19,SYN.ETH-2AUG19,1564484340797,open,0.0,14.0,0.001,0.011,0.000503,143.62,0.001,0.0,ETH-2AUG19-280-C,208.2,0.0,0.0,0.0,0.001,300.0,157.71,0.00572,-0.10468,0.00019,0.00117,0.01189
209.65,ETH-27DEC19,1564484340804,open,0.81,241.0,0.719,0.893,0.809318,100.72,0.986,0.0,ETH-27DEC19-360-P,208.2,0.0,0.008,4.0,0.867,110.0,125.1,0.46939,-0.15772,-1.29649,0.00258,-0.69672
208.01,ETH-27SEP19,1564484340810,open,0.0,2060.0,0.001,0.011,0.001487,110.31,0.003,0.0,ETH-27SEP19-80-P,208.2,0.0,0.0,0.0,0.003,791.0,122.84,0.0197,-0.01845,-0.00342,0.00026,-0.00869
208.01,ETH-27SEP19,1564484340812,open,0.0,3279.0,0.001,0.013,0.003511,105.22,0.006,0.0,ETH-27SEP19-520-C,208.2,97.6,0.002,100.0,0.005,500.0,110.82,0.04913,-0.04391,0.00727,0.00067,0.02519
208.19,SYN.ETH-2AUG19,1564484340812,open,0.0,197.0,0.001,0.011,0.000103,144.98,0.003,0.0,ETH-2AUG19-300-C,208.2,0.0,0.0,0.0,0.001,304.0,187.83,0.00157,-0.02143,4e-05,0.00032,0.00276
208.01,ETH-27SEP19,1564484340814,open,0.0,4512.0,0.001,0.014,0.004127,102.06,0.007,0.0,ETH-27SEP19-100-P,208.2,90.3,0.002,1.0,0.006,300.0,109.66,0.04585,-0.03974,-0.00917,0.00064,-0.0232
208.01,ETH-27SEP19,1564484340814,open,0.28,392.0,0.24,0.317,0.282821,98.37,0.51,0.0,ETH-27SEP19-160-C,208.2,0.0,0.136,42.0,0.0,0.0,0.0,0.22991,-0.19208,0.1754,0.00335,0.80558
209.65,ETH-27DEC19,1564484340817,open,0.03,1449.0,0.008,0.057,0.029104,101.37,0.028,0.0,ETH-27DEC19-560-C,208.2,99.67,0.027,300.0,0.031,110.0,102.85,0.26473,-0.08953,0.07607,0.00145,0.11747
208.19,SYN.ETH-2AUG19,1564484340817,open,0.0,742.0,0.001,0.015,0.003039,107.27,0.006,0.0,ETH-2AUG19-240-C,208.2,106.95,0.003,1.0,0.004,250.0,114.46,0.02592,-0.48351,0.00117,0.00708,0.07412
208.01,ETH-27SEP19,1564484340820,open,2.46,0.0,2.361,2.572,2.462375,115.96,None,0.0,ETH-27SEP19-720-P,208.2,0.0,0.0,0.0,0.0,0.0,0.0,0.01727,-0.01701,-1.15921,0.00021,-0.99252
208.1,SYN.ETH-30AUG19,1564484340820,open,0.64,0.0,0.588,0.698,0.641432,101.82,None,0.0,ETH-30AUG19-340-P,208.2,0.0,0.0,0.0,0.0,0.0,0.0,0.07726,-0.12739,-0.27741,0.00207,-0.93444
209.65,ETH-27DEC19,1564484340822,open,1.89,0.0,1.786,1.992,1.885413,101.37,0.953,0.0,ETH-27DEC19-600-P,208.2,0.0,0.0,0.0,0.0,0.0,0.0,0.23204,-0.07847,-2.39971,0.00127,-0.90216
208.01,ETH-27SEP19,1564484340824,open,0.33,1264.0,0.265,0.386,0.329208,99.17,0.357,0.0,ETH-27SEP19-260-P,208.2,0.0,0.006,7.0,0.337,110.0,104.33,0.31226,-0.26299,-0.32551,0.00451,-0.64094
208.17,SYN.ETH-9AUG19,1564484340824,open,0.05,83.0,0.016,0.081,0.048492,103.15,0.047,0.0,ETH-9AUG19-200-P,208.2,99.15,0.046,10.0,0.052,380.0,108.77,0.12975,-0.67761,-0.02381,0.01073,-0.3742
208.19,SYN.ETH-2AUG19,1564484340826,open,0.35,0.0,0.306,0.389,0.345488,145.88,None,0.0,ETH-2AUG19-280-P,208.2,0.0,0.0,0.0,0.0,0.0,0.0,0.00622,-0.15771,-0.02185,0.00125,-0.98692
208.01,ETH-27SEP19,1564484340828,open,0.71,0.0,0.703,0.722,0.712544,133.89,0.01,0.0,ETH-27SEP19-60-C,208.2,0.0,0.003,10.0,0.0,0.0,0.0,0.01193,-0.01356,0.0948,0.00013,0.99507
209.65,ETH-27DEC19,1564484340832,open,1.7,0.0,1.603,1.803,1.700346,101.47,0.845,0.0,ETH-27DEC19-560-P,208.2,0.0,0.0,0.0,0.0,0.0,0.0,0.26528,-0.0898,-2.2232,0.00145,-0.88218
209.65,ETH-27DEC19,1564484340832,open,0.05,2244.0,0.022,0.076,0.049186,99.52,0.04,0.0,ETH-27DEC19-120-P,208.2,96.14,0.045,50.0,0.051,421.0,100.96,0.26283,-0.08726,-0.14245,0.00146,-0.11628
208.01,ETH-27SEP19,1564484340834,open,0.0,3419.0,0.001,0.011,0.001597,112.34,0.003,0.0,ETH-27SEP19-640-C,208.2,106.65,0.001,50.0,0.002,292.0,115.36,0.02561,-0.02443,0.0034,0.00033,0.01174
208.1,SYN.ETH-30AUG19,1564484340834,open,0.05,283.0,0.022,0.081,0.051426,97.99,0.05,0.0,ETH-30AUG19-180-P,208.2,94.32,0.048,383.0,0.055,383.0,101.78,0.19529,-0.30988,-0.05436,0.00544,-0.25736
208.1,SYN.ETH-30AUG19,1564484340834,open,0.01,678.0,0.001,0.02,0.008908,98.61,0.006,0.0,ETH-30AUG19-140-P,208.2,93.04,0.007,789.0,0.011,350.0,104.1,0.07543,-0.12046,-0.01276,0.00209,-0.06358
208.01,ETH-27SEP19,1564484340836,open,2.08,0.0,1.988,2.177,2.078372,112.34,None,0.0,ETH-27SEP19-640-P,208.2,0.0,0.0,0.0,0.0,0.0,0.0,0.02561,-0.02444,-1.02894,0.00033,-0.98825
209.65,ETH-27DEC19,1564484340840,open,0.12,195.0,0.062,0.165,0.117558,99.98,0.128,0.0,ETH-27DEC19-320-C,208.2,98.09,0.113,244.0,0.123,110.0,102.23,0.5059,-0.16874,0.21476,0.0028,0.36703
208.01,ETH-27SEP19,1564484340840,open,0.0,2697.0,0.001,0.011,0.001003,115.96,0.001,0.0,ETH-27SEP19-720-C,208.2,0.0,0.0,0.0,0.002,842.0,125.14,0.01726,-0.017,0.00217,0.00021,0.00748
209.65,ETH-27DEC19,1564484340840,open,0.09,242.0,0.043,0.137,0.092088,100.68,0.091,0.0,ETH-27DEC19-360-C,208.2,98.85,0.088,2.0,0.096,110.0,102.42,0.46929,-0.15763,0.18168,0.00258,0.30313
209.65,ETH-27DEC19,1564484340840,open,0.27,160.0,0.204,0.316,0.268038,99.51,0.281,0.0,ETH-27DEC19-200-C,208.2,96.54,0.261,30.0,0.278,30.0,103.73,0.49617,-0.16471,0.33117,0.00276,0.65274
208.01,ETH-27SEP19,1564484340840,open,0.43,47.0,0.409,0.457,0.434142,98.37,0.689,0.0,ETH-27SEP19-120-C,208.2,0.0,0.0,0.0,0.0,0.0,0.0,0.09417,-0.07867,0.17109,0.00137,0.94407
208.19,SYN.ETH-2AUG19,1564484340842,open,0.28,0.0,0.258,0.301,0.279661,141.85,None,0.0,ETH-2AUG19-150-C,208.2,0.0,0.0,0.0,0.0,0.0,0.0,0.00211,-0.05194,0.01175,0.00043,0.99617
208.01,ETH-27SEP19,1564484340844,open,0.52,0.0,0.506,0.541,0.52336,101.96,None,0.0,ETH-27SEP19-100-C,208.2,0.0,0.003,10.0,0.0,0.0,0.0,0.04571,-0.03958,0.15217,0.00064,0.97689
209.65,ETH-27DEC19,1564484340846,open,0.02,488.0,0.003,0.036,0.01591,101.75,0.015,0.0,ETH-27DEC19-680-C,208.2,98.15,0.013,300.0,0.019,50.0,105.18,0.17963,-0.06097,0.04624,0.00098,0.06962
208.01,ETH-27SEP19,1564484340850,open,0.35,191.0,0.32,0.383,0.353492,98.34,0.5,0.0,ETH-27SEP19-140-C,208.2,0.0,0.01,50.0,0.0,0.0,0.0,0.16223,-0.13549,0.17831,0.00236,0.88493
208.19,SYN.ETH-2AUG19,1564484340850,open,0.09,10.0,0.061,0.126,0.095403,106.63,0.1,0.0,ETH-2AUG19-190-C,208.2,67.92,0.089,50.0,0.097,50.0,113.94,0.04412,-0.81792,0.01229,0.01212,0.84456
208.01,ETH-27SEP19,1564484340854,open,0.41,968.0,0.342,0.466,0.406791,99.45,0.38,0.0,ETH-27SEP19-280-P,208.2,0.0,0.001,20.0,1.343,1.0,500.0,0.28738,-0.24271,-0.37368,0.00414,-0.70692
209.65,ETH-27DEC19,1564484340856,open,0.36,0.0,0.302,0.4,0.357646,99.5,None,0.0,ETH-27DEC19-160-C,208.2,0.0,0.001,1000.0,0.98,5.0,500.0,0.40677,-0.13503,0.35598,0.00227,0.77116
208.01,ETH-27SEP19,1564484340856,open,0.66,347.0,0.598,0.727,0.662077,100.49,0.595,0.0,ETH-27SEP19-340-P,208.2,0.0,0.0,0.0,0.709,110.0,140.4,0.19897,-0.16979,-0.50571,0.00284,-0.84512
208.19,SYN.ETH-2AUG19,1564484340856,open,0.2,0.0,0.166,0.242,0.202348,113.71,None,0.0,ETH-2AUG19-250-P,208.2,0.0,0.0,0.0,0.0,0.0,0.0,0.01559,-0.30828,-0.01908,0.00402,-0.96102
208.19,SYN.ETH-2AUG19,1564484340856,open,0.44,0.0,0.4,0.486,0.441159,152.47,None,0.0,ETH-2AUG19-300-P,208.2,0.0,0.0,0.0,0.0,0.0,0.0,0.00231,-0.06122,-0.02357,0.00044,-0.99575
208.19,SYN.ETH-2AUG19,1564484340856,open,0.25,0.0,0.213,0.291,0.249894,124.92,None,0.0,ETH-2AUG19-260-P,208.2,0.0,0.0,0.0,0.0,0.0,0.0,0.01104,-0.23978,-0.02008,0.00259,-0.97434
208.01,ETH-27SEP19,1564484340858,open,0.01,2571.0,0.001,0.02,0.007511,101.36,0.007,0.0,ETH-27SEP19-440-C,208.2,94.64,0.005,500.0,0.01,310.0,106.8,0.08731,-0.07516,0.01454,0.00123,0.05084
209.65,ETH-27DEC19,1564484340858,open,0.02,1131.0,0.003,0.038,0.016792,106.34,0.012,0.0,ETH-27DEC19-720-C,208.2,98.84,0.011,283.0,0.023,300.0,112.87,0.18196,-0.06456,0.04649,0.00095,0.0708
208.19,SYN.ETH-2AUG19,1564484340858,open,0.02,780.0,0.001,0.041,0.016894,106.74,0.011,0.0,ETH-2AUG19-220-C,208.2,100.5,0.015,5.0,0.018,440.0,110.32,0.06389,-1.18577,0.00458,0.01753,0.29634
208.01,ETH-27SEP19,1564484340860,open,0.1,1828.0,0.057,0.142,0.103648,99.09,0.119,0.0,ETH-27SEP19-240-C,208.2,95.51,0.098,333.0,0.108,323.0,101.84,0.32902,-0.27687,0.1116,0.00476,0.43625
208.1,SYN.ETH-30AUG19,1564484340860,open,0.01,1713.0,0.001,0.02,0.007527,101.61,0.014,0.0,ETH-30AUG19-340-C,208.2,93.97,0.005,500.0,0.01,920.0,107.8,0.07682,-0.1264,0.01013,0.00206,0.06508
208.01,ETH-27SEP19,1564484340862,open,2.27,0.0,2.174,2.374,2.270255,113.45,None,0.0,ETH-27SEP19-680-P,208.2,0.0,0.0,0.0,0.0,0.0,0.0,0.02002,-0.01929,-1.09429,0.00025,-0.99115
208.01,ETH-27SEP19,1564484340862,open,0.03,1835.0,0.007,0.052,0.027468,100.41,0.039,0.0,ETH-27SEP19-340-C,208.2,97.78,0.025,290.0,0.03,270.0,103.01,0.19875,-0.16948,0.04266,0.00284,0.15462
208.01,ETH-27SEP19,1564484340862,open,0.02,1896.0,0.003,0.035,0.016316,100.94,0.019,0.0,ETH-27SEP19-380-C,208.2,97.51,0.014,300.0,0.019,310.0,104.61,0.1462,-0.12532,0.02795,0.00208,0.09961
208.1,SYN.ETH-30AUG19,1564484340862,open,0.46,0.0,0.406,0.513,0.458985,100.18,None,0.0,ETH-30AUG19-300-P,208.2,0.0,0.0,0.0,0.0,0.0,0.0,0.13045,-0.21162,-0.23332,0.00355,-0.86643
208.1,SYN.ETH-30AUG19,1564484340864,open,0.19,757.0,0.145,0.22,0.186417,97.94,0.25,0.0,ETH-30AUG19-180-C,208.2,0.0,0.0,0.0,0.192,120.0,103.85,0.19527,-0.30971,0.09792,0.00544,0.74269
208.1,SYN.ETH-30AUG19,1564484340867,open,0.09,117.0,0.05,0.124,0.09028,98.09,0.096,0.0,ETH-30AUG19-220-C,208.2,93.54,0.085,192.0,0.094,120.0,101.3,0.24113,-0.38304,0.06846,0.00671,0.47916
9492.46,SYN.BTC-2AUG19,1564484340906,open,0.01,267.8,0.0005,0.0235,0.00684821,104.46,0.007,0.0,BTC-2AUG19-10500-C,9490.57,105.2,0.007,4.4,0.008,30.0,109.9,1.95406,-35.49199,0.10617,0.00026,0.14881
208.17,SYN.ETH-9AUG19,1564484340913,open,0.06,10.0,0.026,0.094,0.062057,100.8,0.079,0.0,ETH-9AUG19-210-C,208.2,93.1,0.057,319.0,0.066,319.0,106.82,0.13654,-0.69686,0.02534,0.01155,0.51199
208.17,SYN.ETH-9AUG19,1564484341004,open,0.07,22.0,0.032,0.107,0.070905,100.88,0.072,0.0,ETH-9AUG19-210-P,208.2,96.45,0.068,150.0,0.075,139.0,107.12,0.13654,-0.69737,-0.03148,0.01154,-0.48797
9529.95,BTC-27SEP19,1564484341122,open,0.23,899.9,0.1935,0.27,0.23458162,95.76,0.2375,0.0,BTC-27SEP19-8000-C,9490.57,86.38,0.2225,0.3,0.3165,5.0,157.18,12.38324,-10.07058,7.7892,9e-05,0.74129
9492.49,SYN.BTC-2AUG19,1564484341172,open,0.01,241.7,0.0005,0.021,0.00572665,108.69,0.007,0.0,BTC-2AUG19-8500-P,9490.57,113.03,0.0065,9.9,0.007,32.4,115.73,1.65012,-31.18521,-0.09138,0.00021,-0.11645
208.17,SYN.ETH-9AUG19,1564484341188,open,0.1,3.0,0.057,0.14,0.100157,100.89,0.099,0.0,ETH-9AUG19-220-P,208.2,95.91,0.097,388.0,0.107,150.0,111.6,0.1324,-0.67628,-0.03937,0.01119,-0.59876
208.17,SYN.ETH-9AUG19,1564484341368,open,0.14,2.0,0.089,0.176,0.134208,100.91,0.129,0.0,ETH-9AUG19-230-P,208.2,89.85,0.128,300.0,0.0,0.0,0.0,0.11946,-0.6103,-0.04686,0.0101,-0.69773
208.17,SYN.ETH-9AUG19,1564484341632,open,0.01,57.0,0.001,0.031,0.012381,100.92,0.023,0.0,ETH-9AUG19-250-C,208.2,94.57,0.01,474.0,0.015,486.0,107.4,0.08119,-0.41488,0.00797,0.00686,0.15386
208.17,SYN.ETH-9AUG19,1564484341719,open,0.21,0.0,0.17,0.257,0.213391,101.07,None,0.0,ETH-9AUG19-250-P,208.2,0.0,0.0,0.0,0.0,0.0,0.0,0.08134,-0.41622,-0.05965,0.00686,-0.84573
208.17,SYN.ETH-9AUG19,1564484341800,open,0.01,9.0,0.001,0.023,0.007747,100.93,0.01,0.0,ETH-9AUG19-260-C,208.2,94.72,0.006,244.0,0.009,2.0,104.99,0.06205,-0.31708,0.00545,0.00524,0.10451
208.17,SYN.ETH-9AUG19,1564484341886,open,0.26,0.0,0.215,0.301,0.256797,101.13,None,0.0,ETH-9AUG19-260-P,208.2,0.0,0.0,0.0,0.0,0.0,0.0,0.06227,-0.31884,-0.06487,0.00525,-0.89498
208.17,SYN.ETH-9AUG19,1564484342062,open,0.3,0.0,0.26,0.347,0.302111,102.46,None,0.0,ETH-9AUG19-270-P,208.2,0.0,0.0,0.0,0.0,0.0,0.0,0.04713,-0.24452,-0.06927,0.00392,-0.92769
9511.22,SYN.BTC-30AUG19,1564484342110,open,0.06,159.9,0.0265,0.0885,0.05785196,96.61,0.061,0.0,BTC-30AUG19-11000-C,9490.45,94.42,0.0555,19.3,0.059,10.0,97.67,10.27858,-16.08029,2.37513,0.00014,0.35306
208.17,SYN.ETH-9AUG19,1564484342142,open,0.0,62.0,0.001,0.013,0.00304,102.19,0.011,0.0,ETH-9AUG19-280-C,208.2,85.13,0.001,551.0,0.003,1.0,101.94,0.03334,-0.17247,0.00245,0.00278,0.04652
208.17,SYN.ETH-9AUG19,1564484342237,open,0.35,0.0,0.307,0.393,0.348171,102.59,None,0.0,ETH-9AUG19-280-P,208.2,0.0,0.0,0.0,0.0,0.0,0.0,0.03374,-0.17526,-0.07327,0.00281,-0.95277
208.17,SYN.ETH-9AUG19,1564484342413,open,0.4,0.0,0.353,0.442,0.395677,108.38,None,0.0,ETH-9AUG19-290-P,208.2,0.0,0.0,0.0,0.0,0.0,0.0,0.02849,-0.15632,-0.07645,0.00224,-0.96169
9667.02,BTC-27DEC19,1564484342442,open,0.11,325.8,0.058,0.16,0.11019328,98.59,0.1145,0.0,BTC-27DEC19-15000-C,9490.04,97.67,0.108,0.3,0.1115,0.1,99.14,22.99598,-7.56388,9.60502,6e-05,0.35217
9667.02,BTC-27DEC19,1564484342479,open,0.07,386.1,0.032,0.1195,0.07430997,99.84,0.07,0.0,BTC-27DEC19-18000-C,9490.04,98.96,0.0725,0.3,0.0765,10.0,100.89,19.98278,-6.65553,7.26176,5e-05,0.25725
208.17,SYN.ETH-9AUG19,1564484343102,open,0.0,1.0,0.001,0.015,0.004714,107.82,0.006,0.0,ETH-9AUG19-160-P,208.2,97.78,0.003,50.0,0.007,811.0,118.66,0.03967,-0.21658,-0.00353,0.00314,-0.05792
208.17,SYN.ETH-9AUG19,1564484343154,open,0.0,8.0,0.001,0.011,0.001537,107.9,0.002,0.0,ETH-9AUG19-300-C,208.2,0.0,0.0,0.0,0.003,844.0,120.29,0.01961,-0.10713,0.00129,0.00155,0.0244
208.17,SYN.ETH-9AUG19,1564484343288,open,0.01,3.0,0.001,0.024,0.009092,104.52,0.014,0.0,ETH-9AUG19-170-P,208.2,97.05,0.007,520.0,0.011,548.0,110.74,0.06144,-0.32515,-0.00632,0.00501,-0.1031
208.17,SYN.ETH-9AUG19,1564484343330,open,0.0,0.0,0.001,0.011,0.001148,117.26,None,0.0,ETH-9AUG19-140-P,208.2,0.0,0.0,0.0,0.002,228.0,128.22,0.01345,-0.07984,-0.00095,0.00098,-0.01565
208.17,SYN.ETH-9AUG19,1564484343467,open,0.02,230.0,0.002,0.038,0.01713,103.22,0.02,0.0,ETH-9AUG19-180-P,208.2,98.07,0.015,417.0,0.02,469.0,109.88,0.08772,-0.45844,-0.01073,0.00725,-0.17331
9496.65,SYN.BTC-9AUG19,1564484343506,open,0.01,88.4,0.001,0.0285,0.01084522,99.82,0.011,0.0,BTC-9AUG19-11500-C,9490.04,100.24,0.011,2.0,0.0125,40.1,104.23,3.46433,-17.50803,0.32995,0.00014,0.13926
9667.14,BTC-27DEC19,1564484343528,open,0.41,117.5,0.338,0.4745,0.40972665,96.92,0.415,0.0,BTC-27DEC19-12000-P,9490.04,95.66,0.4065,0.3,0.4155,8.6,99.18,24.69572,-7.98538,-36.70554,7e-05,-0.51496
9510.7,SYN.BTC-30AUG19,1564484343562,open,0.39,17.1,0.349,0.4315,0.38928924,97.37,0.289,0.0,BTC-30AUG19-13000-P,9490.04,0.0,0.0005,5.0,0.0,0.0,0.0,6.94718,-10.95389,-9.8254,9e-05,-0.83199
9491.96,SYN.BTC-2AUG19,1564484343568,open,0.04,256.0,0.009,0.065,0.03678503,102.67,0.037,0.0,BTC-2AUG19-9500-P,9490.04,97.63,0.035,18.0,0.04,18.0,111.76,3.35896,-59.96391,-0.3906,0.00046,-0.48553
9510.7,SYN.BTC-30AUG19,1564484343566,open,0.01,199.7,0.0005,0.0165,0.00555509,100.19,0.006,0.0,BTC-30AUG19-16000-C,9490.04,96.48,0.0045,24.0,0.0065,38.6,103.17,2.87823,-4.66967,0.36206,4e-05,0.05056
9491.96,SYN.BTC-2AUG19,1564484343570,open,0.04,141.7,0.0085,0.0625,0.03598164,102.8,0.036,0.0,BTC-2AUG19-9500-C,9490.04,102.85,0.036,1.5,0.0365,0.1,104.26,3.35896,-60.03503,0.35785,0.00046,0.5145
9529.44,BTC-27SEP19,1564484343528,open,0.07,711.1,0.0365,0.1115,0.07443126,97.3,0.073,0.0,BTC-27SEP19-12000-C,9490.04,95.66,0.072,19.3,0.076,5.0,98.36,14.12567,-11.67277,4.18384,0.0001,0.34662
9529.44,BTC-27SEP19,1564484343560,open,2.36,0.0,2.2925,2.4295,2.35889994,112.13,None,0.0,BTC-27SEP19-32000-P,9490.04,0.0,0.0,0.0,0.0,0.0,0.0,0.73236,-0.6974,-51.52525,0.0,-0.99314
9529.44,BTC-27SEP19,1564484343560,open,0.51,13.5,0.4925,0.52,0.50551254,96.87,0.382,0.0,BTC-27SEP19-4750-C,9490.04,0.0,0.005,10.0,0.636,5.0,299.1,2.13293,-1.7547,7.2378,2e-05,0.97638
9529.44,BTC-27SEP19,1564484343568,open,0.61,0.0,0.598,0.6175,0.60750897,102.48,None,0.0,BTC-27SEP19-3750-C,9490.04,0.0,0.005,10.0,0.6915,10.0,299.04,0.71972,-0.62638,5.92975,0.0,0.99328
9529.44,BTC-27SEP19,1564484343560,open,0.0,301.9,0.0005,0.0115,0.00150119,107.75,0.002,0.0,BTC-27SEP19-28000-C,9490.04,102.98,0.001,34.0,0.002,24.0,111.47,1.15006,-1.0524,0.15334,1e-05,0.01148
9667.14,BTC-27DEC19,1564484343602,open,0.02,283.4,0.004,0.0445,0.01942688,102.78,0.017,0.0,BTC-27DEC19-30000-C,9490.04,101.29,0.018,6.0,0.021,10.0,104.37,9.40438,-3.22476,2.49387,2e-05,0.08225
9496.65,SYN.BTC-9AUG19,1564484343601,open,0.22,0.0,0.195,0.237,0.21534952,100.73,None,0.0,BTC-9AUG19-7500-C,9490.04,0.0,0.0005,5.0,0.0,0.0,0.0,2.00088,-10.20456,1.84692,8e-05,0.93414
9496.65,SYN.BTC-9AUG19,1564484343601,open,0.06,33.2,0.031,0.094,0.06411558,98.06,0.0655,0.0,BTC-9AUG19-9500-C,9490.04,95.59,0.0625,1.0,0.066,0.1,100.94,6.21271,-30.84507,1.20034,0.00026,0.53127
9491.96,SYN.BTC-2AUG19,1564484343608,open,0.53,0.0,0.498,0.5585,0.52756287,0.0,None,0.0,BTC-2AUG19-14500-P,9490.04,0.0,0.0,0.0,0.0,0.0,0.0,0.0,0.0,-1.1424,0.0,-1.0
9529.44,BTC-27SEP19,1564484343603,open,0.58,227.5,0.572,0.5925,0.58178991,101.44,0.7065,0.0,BTC-27SEP19-4000-C,9490.04,0.0,0.111,2.0,0.677,5.0,299.29,1.00088,-0.86223,6.27802,1e-05,0.99021
9496.65,SYN.BTC-9AUG19,1564484343664,open,0.0,13.2,0.0005,0.0105,0.00098693,110.16,0.001,0.0,BTC-9AUG19-6500-P,9490.04,100.27,0.0005,0.1,0.0015,30.0,117.52,0.57517,-3.20782,-0.03984,2e-05,-0.01452
9491.96,SYN.BTC-2AUG19,1564484343663,open,0.11,30.2,0.085,0.143,0.11299955,104.27,0.116,0.0,BTC-2AUG19-10500-P,9490.04,62.61,0.107,12.0,0.99,0.1,500.0,1.94849,-35.32482,-0.72152,0.00026,-0.85182
9529.44,BTC-27SEP19,1564484343664,open,0.18,269.1,0.1315,0.2275,0.18181048,95.54,0.178,0.0,BTC-27SEP19-10000-P,9490.04,94.41,0.18,14.4,0.182,3.0,95.66,15.23512,-12.36178,-10.07431,0.00011,-0.47359
9510.7,SYN.BTC-30AUG19,1564484343675,open,0.28,0.0,0.2565,0.3065,0.28190078,98.75,None,0.0,BTC-30AUG19-7000-C,9490.04,0.0,0.0,0.0,0.0,0.0,0.0,5.30201,-8.47874,4.86825,7e-05,0.88701
9529.44,BTC-27SEP19,1564484343664,open,0.79,28.2,0.7805,0.8,0.79038869,143.62,0.755,0.0,BTC-27SEP19-2000-C,9490.04,0.0,0.01,1.0,0.9075,5.0,500.0,0.17215,-0.20996,3.20091,0.0,0.99863
9667.14,BTC-27DEC19,1564484343687,open,0.12,163.4,0.073,0.1625,0.11914738,95.69,0.1165,0.0,BTC-27DEC19-7500-P,9490.04,93.08,0.114,0.3,0.119,9.9,95.61,19.0628,-6.08537,-14.08147,5e-05,-0.23559
9667.14,BTC-27DEC19,1564484343688,open,0.03,253.8,0.012,0.053,0.03081657,95.69,0.0265,0.0,BTC-27DEC19-5000-P,9490.04,90.1,0.0255,6.1,0.029,6.0,93.82,9.5127,-3.03669,-4.53837,3e-05,-0.08351
9667.14,BTC-27DEC19,1564484343688,open,0.51,63.4,0.487,0.5395,0.51359409,95.68,0.5,0.0,BTC-27DEC19-5000-C,9490.04,0.0,0.33,1.0,0.555,1.0,132.2,9.512,-3.03626,15.99313,3e-05,0.91649
9491.96,SYN.BTC-2AUG19,1564484343688,open,0.02,324.3,0.001,0.039,0.01655935,102.88,0.0175,0.0,BTC-2AUG19-10000-C,9490.04,104.3,0.017,3.9,0.0175,0.7,105.91,2.92797,-52.37393,0.21173,0.0004,0.29968
208.01,ETH-27SEP19,1564484343690,open,0.13,1110.0,0.084,0.174,0.13403,98.46,0.122,0.0,ETH-27SEP19-220-C,208.2,95.32,0.129,312.0,0.139,302.0,101.57,0.33276,-0.27825,0.13029,0.00484,0.52233
9667.02,BTC-27DEC19,1564484343692,open,0.33,243.8,0.265,0.3955,0.33386799,96.45,0.3185,0.0,BTC-27DEC19-11000-P,9490.04,95.14,0.3305,0.3,0.339,8.6,98.48,24.58947,-7.91223,-31.51741,7e-05,-0.46016
9667.14,BTC-27DEC19,1564484343697,open,0.44,122.9,0.401,0.4715,0.43806633,95.68,0.502,0.0,BTC-27DEC19-6000-C,9490.04,69.57,0.4045,4.0,0.88,0.2,445.26,13.72568,-4.38134,16.78549,4e-05,0.86093
9529.44,BTC-27SEP19,1564484343697,open,0.3,752.2,0.2715,0.3345,0.30451206,95.79,0.315,0.0,BTC-27SEP19-7000-C,9490.04,0.0,0.2,1.0,0.4025,5.0,183.56,9.31462,-7.57723,8.23016,7e-05,0.83994
9529.44,BTC-27SEP19,1564484343697,open,0.04,379.4,0.016,0.0645,0.03904695,95.76,0.04,0.0,BTC-27SEP19-7000-P,9490.04,94.17,0.0375,4.5,0.0395,19.3,96.22,9.31276,-7.57323,-3.05984,7e-05,-0.16001
208.19,SYN.ETH-2AUG19,1564484343706,open,0.01,2052.0,0.001,0.026,0.007518,106.78,0.017,0.0,ETH-2AUG19-230-C,208.2,99.39,0.006,219.0,0.008,250.0,109.01,0.04455,-0.82711,0.00246,0.01222,0.15776
9491.96,SYN.BTC-2AUG19,1564484343706,open,0.42,0.0,0.3945,0.453,0.42233835,137.52,None,0.0,BTC-2AUG19-13500-P,9490.04,0.0,0.01,10.0,0.0,0.0,0.0,0.06222,-1.48781,-1.06191,1e-05,-0.99763
208.1,SYN.ETH-30AUG19,1564484343706,open,0.09,230.0,0.052,0.13,0.092655,97.94,0.088,0.0,ETH-30AUG19-200-P,208.2,100.04,0.095,4.0,0.098,437.0,102.73,0.23206,-0.36804,-0.0848,0.00647,-0.38905
208.01,ETH-27SEP19,1564484343713,open,1.7,24.0,1.614,1.782,1.694687,107.04,1.356,0.0,ETH-27SEP19-560-P,208.2,0.0,0.0,0.0,0.0,0.0,0.0,0.03763,-0.03421,-0.89798,0.0005,-0.98163
208.01,ETH-27SEP19,1564484343729,open,0.17,1287.0,0.123,0.213,0.173585,98.37,0.2,0.0,ETH-27SEP19-200-C,208.2,94.73,0.168,120.0,0.18,120.0,102.56,0.31891,-0.26643,0.14869,0.00465,0.61674
208.19,SYN.ETH-2AUG19,1564484343729,open,0.04,237.0,0.009,0.076,0.042466,106.78,0.036,0.0,ETH-2AUG19-210-P,208.2,99.81,0.04,5.0,0.046,288.0,116.77,0.07365,-1.36743,-0.00919,0.0202,-0.51751
208.19,SYN.ETH-2AUG19,1564484343729,open,0.07,179.0,0.034,0.111,0.073631,106.78,0.072,0.0,ETH-2AUG19-220-P,208.2,98.08,0.071,3.0,0.078,50.0,120.74,0.0639,-1.18641,-0.01275,0.01752,-0.70358
209.65,ETH-27DEC19,1564484343731,open,2.45,0.0,2.339,2.573,2.45109,106.35,None,0.0,ETH-27DEC19-720-P,208.2,0.0,0.003,5.0,0.0,0.0,0.0,0.18198,-0.06456,-2.90995,0.00095,-0.92919
209.65,ETH-27DEC19,1564484343755,open,0.02,1186.0,0.006,0.048,0.0235,101.37,0.024,0.0,ETH-27DEC19-600-C,208.2,99.99,0.022,296.0,0.025,110.0,102.7,0.23204,-0.07847,0.064,0.00127,0.09784
208.01,ETH-27SEP19,1564484343755,open,1.51,12.0,1.428,1.586,1.503392,105.23,1.193,0.0,ETH-27SEP19-520-P,208.2,0.0,0.0,0.0,0.0,0.0,0.0,0.04914,-0.04392,-0.8315,0.00067,-0.97481
208.1,SYN.ETH-30AUG19,1564484343755,open,0.74,0.0,0.681,0.793,0.73474,101.66,None,0.0,ETH-30AUG19-360-P,208.2,0.0,0.0,0.0,0.0,0.0,0.0,0.05637,-0.0928,-0.29762,0.00151,-0.95597
208.01,ETH-27SEP19,1564484343755,open,0.94,79.0,0.871,1.005,0.935533,101.05,0.351,0.0,ETH-27SEP19-400-P,208.2,0.0,0.0,0.0,0.0,0.0,0.0,0.12365,-0.10611,-0.62274,0.00175,-0.92047
209.65,ETH-27DEC19,1564484343755,open,1.33,21.0,1.241,1.43,1.33444,101.02,0.629,0.0,ETH-27DEC19-480-P,208.2,0.0,0.001,7.0,2.278,1.0,500.0,0.33936,-0.11436,-1.86369,0.00186,-0.83047
208.19,SYN.ETH-2AUG19,1564484343755,open,0.14,0.0,0.109,0.166,0.138248,111.1,None,0.0,ETH-2AUG19-180-C,208.2,0.0,0.0,0.0,0.0,0.0,0.0,0.02306,-0.44541,0.01309,0.00608,0.93633
9496.65,SYN.BTC-9AUG19,1564484343759,open,0.42,0.0,0.394,0.456,0.42303604,103.98,None,0.0,BTC-9AUG19-13500-P,9490.04,0.0,0.0005,2.0,0.0,0.0,0.0,0.89339,-4.70335,-3.59386,4e-05,-0.97564
9496.65,SYN.BTC-9AUG19,1564484343759,open,0.37,0.0,0.3425,0.4035,0.37091097,99.46,None,0.0,BTC-9AUG19-13000-P,9490.04,0.0,0.0005,3.0,0.0,0.0,0.0,1.15198,-5.80112,-3.43756,5e-05,-0.96693
208.1,SYN.ETH-30AUG19,1564484343760,open,0.15,314.0,0.099,0.191,0.147481,98.11,0.161,0.0,ETH-30AUG19-220-P,208.2,94.24,0.143,120.0,0.154,240.0,103.73,0.24113,-0.38311,-0.11764,0.00671,-0.52081
208.19,SYN.ETH-2AUG19,1564484343760,open,0.11,231.0,0.074,0.151,0.112274,106.78,0.1,0.0,ETH-2AUG19-230-P,208.2,76.43,0.107,300.0,0.0,0.0,0.0,0.04455,-0.82711,-0.01566,0.01222,-0.84224
9667.14,BTC-27DEC19,1564484343771,open,0.32,202.5,0.263,0.3615,0.31633564,95.68,0.297,0.0,BTC-27DEC19-8000-C,9490.04,87.49,0.299,10.0,0.3255,10.0,100.02,20.45117,-6.52826,16.45296,6e-05,0.73082
9667.14,BTC-27DEC19,1564484343771,open,1.13,5.7,1.054,1.203,1.12689727,100.52,1.085,0.0,BTC-27DEC19-20000-P,9490.04,0.0,0.005,5.0,1.466,1.0,240.98,17.85023,-5.98588,-76.09359,5e-05,-0.79006
9529.44,BTC-27SEP19,1564484343793,open,0.01,507.1,0.0005,0.015,0.00545787,96.27,0.007,0.0,BTC-27SEP19-5000-P,9490.04,92.71,0.0045,19.9,0.0065,29.0,99.77,2.70057,-2.20793,-0.56573,2e-05,-0.03135
9529.44,BTC-27SEP19,1564484343793,open,0.01,523.7,0.0005,0.022,0.00800183,101.69,0.009,0.0,BTC-27SEP19-20000-C,9490.04,99.31,0.007,10.0,0.009,24.0,103.9,4.17152,-3.60264,0.7009,3e-05,0.0536
208.01,ETH-27SEP19,1564484343794,open,1.12,0.0,1.055,1.196,1.122796,101.37,None,0.0,ETH-27SEP19-440-P,208.2,0.0,0.0,0.0,0.0,0.0,0.0,0.08732,-0.07517,-0.69519,0.00123,-0.94915
9491.96,SYN.BTC-2AUG19,1564484343793,open,0.0,239.2,0.0005,0.0105,0.00014406,145.02,0.0005,0.0,BTC-2AUG19-13500-C,9490.04,0.0,0.0,0.0,0.0005,0.5,166.39,0.09461,-1.3674,0.00271,1e-05,0.00377
208.1,SYN.ETH-30AUG19,1564484343794,open,0.06,1678.0,0.026,0.091,0.060318,98.11,0.054,0.0,ETH-30AUG19-240-C,208.2,94.12,0.056,226.0,0.064,160.0,101.48,0.22654,-0.35993,0.05284,0.0063,0.3605
208.19,SYN.ETH-2AUG19,1564484343794,open,0.0,351.0,0.001,0.011,0.00098,123.79,0.001,0.0,ETH-2AUG19-260-C,208.2,0.0,0.0,0.0,0.002,550.0,139.51,0.01064,-0.20408,0.00039,0.00252,0.02456
9491.96,SYN.BTC-2AUG19,1564484343794,open,0.0,166.7,0.0005,0.011,0.00103021,110.54,0.001,0.0,BTC-2AUG19-11500-C,9490.04,99.15,0.0005,38.5,0.0015,0.4,117.79,0.54569,-9.77869,0.02037,7e-05,0.02827
9529.44,BTC-27SEP19,1564484343794,open,0.18,384.9,0.1325,0.2165,0.17767527,95.78,0.18,0.0,BTC-27SEP19-9000-C,9490.04,93.35,0.174,0.3,0.18,14.4,97.32,14.40651,-11.7181,7.00544,0.0001,0.63342
208.1,SYN.ETH-30AUG19,1564484343794,open,0.13,169.0,0.088,0.167,0.13158,97.94,0.136,0.0,ETH-30AUG19-200-C,208.2,96.52,0.13,2.0,0.135,120.0,101.0,0.23206,-0.36804,0.08439,0.00647,0.61095
209.65,ETH-27DEC19,1564484343795,open,2.07,0.0,1.969,2.183,2.072118,101.71,None,0.0,ETH-27DEC19-640-P,208.2,0.0,0.0,0.0,0.0,0.0,0.0,0.20495,-0.06954,-2.5734,0.00112,-0.91721
208.1,SYN.ETH-30AUG19,1564484343795,open,0.21,222.0,0.161,0.261,0.213608,98.11,0.21,0.0,ETH-30AUG19-240-P,208.2,90.12,0.205,300.0,0.223,120.0,106.66,0.22654,-0.35993,-0.15018,0.0063,-0.6395
209.65,ETH-27DEC19,1564484343794,open,2.26,0.0,2.153,2.374,2.259411,101.75,None,0.0,ETH-27DEC19-680-P,208.2,0.0,0.0,0.0,0.0,0.0,0.0,0.17963,-0.06097,-2.74597,0.00098,-0.93038
9529.44,BTC-27SEP19,1564484343799,open,0.02,256.2,0.006,0.0475,0.02337724,99.46,0.0255,0.0,BTC-27SEP19-16000-C,9490.04,97.87,0.022,24.0,0.0245,1.5,100.73,8.36018,-7.06142,1.73421,6e-05,0.1362
9529.44,BTC-27SEP19,1564484343794,open,0.39,713.5,0.364,0.4105,0.38720674,95.8,0.362,0.0,BTC-27SEP19-6000-C,9490.04,0.0,0.0,0.0,0.7525,0.3,499.01,5.77272,-4.69665,8.16595,4e-05,0.91845
208.01,ETH-27SEP19,1564484343810,open,0.01,4319.0,0.002,0.029,0.012549,101.05,0.013,0.0,ETH-27SEP19-400-C,208.2,96.5,0.01,500.0,0.015,310.0,104.98,0.12365,-0.10611,0.02248,0.00175,0.07953
208.01,ETH-27SEP19,1564484343810,open,0.03,7780.0,0.009,0.047,0.026562,98.37,0.029,0.0,ETH-27SEP19-140-P,208.2,95.03,0.024,200.0,0.029,428.0,101.45,0.16228,-0.13558,-0.04754,0.00236,-0.11513
209.65,ETH-27DEC19,1564484343810,open,0.35,806.0,0.268,0.412,0.346439,99.51,0.315,0.0,ETH-27DEC19-240-P,208.2,96.2,0.338,30.0,0.355,120.0,102.89,0.5329,-0.17692,-0.69205,0.00297,-0.45746
208.1,SYN.ETH-30AUG19,1564484343810,open,0.93,0.0,0.867,0.987,0.924657,105.48,None,0.0,ETH-30AUG19-400-P,208.2,0.0,0.0,0.0,0.0,0.0,0.0,0.03423,-0.05848,-0.33457,0.00089,-0.97596
9510.7,SYN.BTC-30AUG19,1564484343810,open,0.08,180.3,0.048,0.118,0.08397911,96.63,0.0775,0.0,BTC-30AUG19-9000-P,9490.04,94.37,0.0815,19.3,0.0865,29.3,98.93,10.42646,-16.31556,-3.63701,0.00014,-0.36809
208.1,SYN.ETH-30AUG19,1564484343810,open,0.01,2360.0,0.001,0.014,0.004805,101.66,0.007,0.0,ETH-30AUG19-360-C,208.2,94.04,0.003,500.0,0.006,262.0,105.79,0.05637,-0.0928,0.0069,0.00151,0.04403
9667.14,BTC-27DEC19,1564484343810,open,0.01,333.6,0.0005,0.0235,0.00794444,104.48,0.007,0.0,BTC-27DEC19-40000-C,9490.04,101.51,0.0065,16.0,0.009,10.0,106.44,5.0115,-1.74683,1.15407,1e-05,0.03702
9529.44,BTC-27SEP19,1564484343818,open,0.51,66.0,0.4595,0.563,0.51071518,98.5,0.525,0.0,BTC-27SEP19-14000-P,9490.04,89.03,0.5,0.3,0.5225,1.5,108.04,11.31164,-9.46242,-19.8507,8e-05,-0.7807
9667.14,BTC-27DEC19,1564484343818,open,0.47,60.3,0.4425,0.5045,0.47458267,95.7,0.46,0.0,BTC-27DEC19-5500-C,9490.04,0.0,0.255,1.0,0.51,1.0,122.83,11.65116,-3.71968,16.48844,3e-05,0.88996
208.19,SYN.ETH-2AUG19,1564484343818,open,0.02,252.0,0.001,0.048,0.020654,106.78,0.02,0.0,ETH-2AUG19-200-P,208.2,98.34,0.018,278.0,0.022,211.0,111.01,0.06599,-1.22512,-0.00557,0.0181,-0.31887
9529.44,BTC-27SEP19,1564484343818,open,0.0,319.7,0.0005,0.0135,0.00396719,96.87,0.0035,0.0,BTC-27SEP19-4750-P,9490.04,92.19,0.003,39.0,0.005,24.0,101.18,2.13273,-1.75448,-0.42406,2e-05,-0.02362
208.01,ETH-27SEP19,1564484343822,open,1.31,0.0,1.241,1.39,1.312599,103.21,None,0.0,ETH-27SEP19-480-P,208.2,0.0,0.0,0.0,0.0,0.0,0.0,0.06477,-0.05677,-0.76415,0.0009,-0.96486
208.19,SYN.ETH-2AUG19,1564484343831,open,0.06,250.0,0.023,0.091,0.059997,106.78,0.066,0.0,ETH-2AUG19-200-C,208.2,94.02,0.056,285.0,0.062,150.0,113.07,0.06599,-1.22512,0.01019,0.0181,0.68113
208.19,SYN.ETH-2AUG19,1564484343831,open,0.16,5.0,0.12,0.195,0.155832,107.3,0.154,0.0,ETH-2AUG19-240-P,208.2,0.0,0.15,300.0,0.166,300.0,162.4,0.02594,-0.48394,-0.01774,0.00708,-0.92582
9529.44,BTC-27SEP19,1564484343818,open,0.13,716.3,0.087,0.172,0.13247492,95.57,0.1305,0.0,BTC-27SEP19-10000-C,9490.04,94.34,0.1305,0.3,0.136,5.0,97.78,15.23502,-12.36527,6.0559,0.00011,0.52645
9667.14,BTC-27DEC19,1564484343831,open,0.69,0.0,0.6835,0.7035,0.69322913,95.67,None,0.0,BTC-27DEC19-3000-C,9490.04,0.0,0.0055,0.1,0.971,0.5,500.0,2.12495,-0.67821,11.64645,1e-05,0.98663
209.65,ETH-27DEC19,1564484343845,open,0.49,442.0,0.404,0.562,0.488704,99.7,0.485,0.0,ETH-27DEC19-280-P,208.2,95.86,0.479,30.0,0.498,120.0,103.36,0.5312,-0.17668,-0.89684,0.00295,-0.55309
209.65,ETH-27DEC19,1564484343845,open,0.48,0.0,0.438,0.508,0.476796,99.51,None,0.0,ETH-27DEC19-120-C,208.2,0.0,0.001,1200.0,0.99,5.0,500.0,0.26282,-0.08725,0.35031,0.00146,0.88372
209.65,ETH-27DEC19,1564484343845,open,0.22,2030.0,0.155,0.278,0.222027,99.51,0.216,0.0,ETH-27DEC19-200-P,208.2,96.13,0.214,40.0,0.228,284.0,102.04,0.49617,-0.16472,-0.49007,0.00276,-0.34726
209.65,ETH-27DEC19,1564484343846,open,0.15,227.0,0.091,0.203,0.153145,99.7,0.158,0.0,ETH-27DEC19-280-C,208.2,97.27,0.147,257.0,0.159,347.0,102.01,0.5312,-0.17668,0.25289,0.00295,0.44691
9496.65,SYN.BTC-9AUG19,1564484343845,open,0.22,0.0,0.1895,0.2565,0.22174664,99.68,None,0.0,BTC-9AUG19-11500-P,9490.04,77.31,0.215,9.3,0.231,9.3,122.08,3.45761,-17.4491,-2.78245,0.00014,-0.86114
208.1,SYN.ETH-30AUG19,1564484343845,open,0.04,328.0,0.014,0.067,0.039893,98.57,0.042,0.0,ETH-30AUG19-260-C,208.2,94.42,0.036,415.0,0.043,160.0,101.82,0.19759,-0.31541,0.03932,0.00547,0.26327
209.65,ETH-27DEC19,1564484343846,open,0.12,1469.0,0.071,0.164,0.120842,99.51,0.109,0.0,ETH-27DEC19-160-P,208.2,95.98,0.114,40.0,0.124,352.0,101.14,0.40678,-0.13505,-0.30103,0.00226,-0.22884
208.1,SYN.ETH-30AUG19,1564484343845,open,0.03,272.0,0.007,0.049,0.026147,99.1,0.029,0.0,ETH-30AUG19-280-C,208.2,95.0,0.023,438.0,0.029,160.0,102.68,0.16315,-0.26184,0.02848,0.00449,0.18795
208.1,SYN.ETH-30AUG19,1564484343848,open,0.37,0.0,0.318,0.424,0.371652,99.1,None,0.0,ETH-30AUG19-280-P,208.2,0.0,0.0,0.0,0.0,0.0,0.0,0.16315,-0.26184,-0.20837,0.00449,-0.81205
208.1,SYN.ETH-30AUG19,1564484343848,open,0.02,2803.0,0.007,0.044,0.02411,98.25,0.025,0.0,ETH-30AUG19-160-P,208.2,93.43,0.021,776.0,0.027,626.0,102.55,0.13728,-0.21842,-0.02959,0.00381,-0.14396
208.19,SYN.ETH-2AUG19,1564484343848,open,0.01,699.0,0.001,0.027,0.008063,106.8,0.01,0.0,ETH-2AUG19-190-P,208.2,101.67,0.007,226.0,0.009,45.0,111.13,0.04418,-0.82043,-0.00269,0.01211,-0.15579
9667.14,BTC-27DEC19,1564484343850,open,0.0,208.8,0.0005,0.012,0.00217254,101.51,0.0015,0.0,BTC-27DEC19-2500-P,9490.04,91.11,0.001,11.1,0.0035,10.0,109.5,1.37257,-0.46481,-0.40772,0.0,-0.0081
208.01,ETH-27SEP19,1564484343851,open,0.09,5408.0,0.047,0.125,0.088258,98.37,0.085,0.0,ETH-27SEP19-180-P,208.2,95.25,0.084,160.0,0.092,339.0,101.11,0.28434,-0.23754,-0.12574,0.00414,-0.28651
208.01,ETH-27SEP19,1564484343855,open,0.05,3067.0,0.017,0.077,0.046653,99.87,0.06,0.0,ETH-27SEP19-300-C,208.2,96.89,0.043,266.0,0.05,270.0,102.53,0.25858,-0.2193,0.06423,0.00371,0.23809
208.01,ETH-27SEP19,1564484343859,open,0.02,2762.0,0.005,0.043,0.021087,100.61,0.024,0.0,ETH-27SEP19-360-C,208.2,96.71,0.018,799.0,0.024,200.0,104.05,0.17097,-0.14608,0.03451,0.00243,0.12396
208.01,ETH-27SEP19,1564484343861,open,2.66,0.0,2.548,2.77,2.654673,120.16,None,0.0,ETH-27SEP19-760-P,208.2,0.0,0.0,0.0,0.0,0.0,0.0,0.01684,-0.01718,-1.2238,0.0002,-0.99273
208.01,ETH-27SEP19,1564484343861,open,1.89,27.0,1.801,1.979,1.886483,109.95,1.044,0.0,ETH-27SEP19-600-P,208.2,0.0,0.0,0.0,0.0,0.0,0.0,0.03109,-0.02903,-0.96356,0.00041,-0.9853
209.65,ETH-27DEC19,1564484343865,open,2.64,0.0,2.523,2.766,2.639168,106.35,None,0.0,ETH-27DEC19-760-P,208.2,0.0,0.001,100.0,0.0,0.0,0.0,0.16144,-0.05728,-3.08059,0.00084,-0.93933
9667.14,BTC-27DEC19,1564484343886,open,0.56,6.5,0.5335,0.577,0.555138,95.7,0.575,0.0,BTC-27DEC19-4500-C,9490.04,0.0,0.0115,0.1,0.964,1.0,500.0,7.39375,-2.3606,15.27114,2e-05,0.93985
9667.14,BTC-27DEC19,1564484343886,open,0.01,121.9,0.0005,0.017,0.00723076,95.69,0.0065,0.0,BTC-27DEC19-3500-P,9490.04,92.21,0.006,0.5,0.007,6.0,95.06,3.59533,-1.14771,-1.27119,1e-05,-0.02479
9667.14,BTC-27DEC19,1564484343886,open,0.01,282.9,0.003,0.026,0.01282281,95.69,0.011,0.0,BTC-27DEC19-4000-P,9490.04,89.29,0.0095,5.1,0.0115,11.0,93.25,5.38453,-1.71887,-2.1138,1e-05,-0.04043
9667.14,BTC-27DEC19,1564484343886,open,0.01,388.2,0.002,0.0305,0.0115637,104.48,0.009,0.0,BTC-27DEC19-36000-C,9490.04,104.39,0.0115,1.0,0.0125,10.0,105.83,6.5566,-2.28539,1.59138,2e-05,0.05165
9529.44,BTC-27SEP19,1564484343886,open,0.66,0.0,0.6505,0.67,0.66015878,119.75,None,0.0,BTC-27SEP19-3250-C,9490.04,0.0,0.005,10.0,0.8745,5.0,500.0,0.71004,-0.72208,5.12203,0.0,0.99338
9510.7,SYN.BTC-30AUG19,1564484343886,open,0.01,181.8,0.0005,0.023,0.0089465,99.61,0.009,0.0,BTC-30AUG19-15000-C,9490.04,97.28,0.008,25.0,0.01,39.1,102.05,3.98173,-6.42287,0.54482,5e-05,0.07667
9510.7,SYN.BTC-30AUG19,1564484343886,open,0.04,159.7,0.0125,0.063,0.03642554,97.15,0.035,0.0,BTC-30AUG19-12000-C,9490.04,95.59,0.035,0.9,0.0375,10.0,98.31,8.74831,-13.76322,1.7003,0.00012,0.24777
9510.7,SYN.BTC-30AUG19,1564484343886,open,0.01,363.1,0.0005,0.0155,0.00597168,101.65,0.0055,0.0,BTC-30AUG19-6000-P,9490.04,97.89,0.005,34.0,0.007,24.0,105.29,2.57521,-4.2391,-0.40209,3e-05,-0.04401
9491.96,SYN.BTC-2AUG19,1564484343903,open,0.0,480.2,0.0005,0.0105,0.00071788,128.42,0.001,0.0,BTC-2AUG19-7500-P,9490.04,121.86,0.0005,24.8,0.001,40.1,135.23,0.35272,-6.81412,-0.01315,4e-05,-0.01686
9496.65,SYN.BTC-9AUG19,1564484343936,open,0.01,174.6,0.0005,0.0165,0.00506783,100.57,0.0065,0.0,BTC-9AUG19-7500-P,9490.04,97.79,0.0045,0.2,0.0055,0.1,102.59,1.99439,-10.15516,-0.18153,8e-05,-0.06558
9667.14,BTC-27DEC19,1564484343939,open,0.15,161.1,0.088,0.1975,0.14570545,97.55,0.1435,0.0,BTC-27DEC19-13000-C,9490.04,96.48,0.143,3.6,0.1485,15.0,98.66,24.3936,-7.93858,11.52003,7e-05,0.43592
9529.44,BTC-27SEP19,1564484343939,open,0.0,327.2,0.0005,0.0125,0.00276812,97.25,0.0035,0.0,BTC-27SEP19-4500-P,9490.04,92.3,0.002,15.0,0.0035,24.0,101.24,1.62671,-1.34353,-0.30635,1e-05,-0.01716
9529.44,BTC-27SEP19,1564484343943,open,0.69,225.7,0.6765,0.696,0.68602721,122.29,0.693,0.0,BTC-27SEP19-3000-C,9490.04,0.0,0.005,20.0,0.8805,5.0,500.0,0.5214,-0.54147,4.75428,0.0,0.99532
9667.14,BTC-27DEC19,1564484343939,open,0.0,224.5,0.0005,0.0155,0.00442658,105.97,0.0055,0.0,BTC-27DEC19-48000-C,9490.04,102.95,0.0035,10.0,0.0055,10.0,108.96,3.20983,-1.13471,0.68441,1e-05,0.02167
9491.96,SYN.BTC-2AUG19,1564484343956,open,0.26,0.0,0.248,0.279,0.26280195,141.25,None,0.0,BTC-2AUG19-7000-C,9490.04,0.0,0.01,10.0,0.0,0.0,0.0,0.15077,-3.70275,0.54655,2e-05,0.99364
9510.7,SYN.BTC-30AUG19,1564484343971,open,0.2,21.0,0.167,0.2315,0.20104853,96.68,0.2375,0.0,BTC-30AUG19-8000-C,9490.04,0.0,0.0,0.0,0.0,0.0,0.0,8.29375,-12.98436,4.61842,0.00011,0.77511
9510.7,SYN.BTC-30AUG19,1564484343971,open,0.14,152.7,0.0995,0.181,0.14195347,96.45,0.1425,0.0,BTC-30AUG19-10000-P,9490.04,94.34,0.1395,14.4,0.143,2.0,97.35,11.02711,-17.22375,-5.2884,0.00015,-0.51538
9667.14,BTC-27DEC19,1564484344001,open,0.2,695.5,0.1355,0.248,0.19599313,96.47,0.199,0.0,BTC-27DEC19-11000-C,9490.04,95.29,0.193,3.6,0.1995,15.0,97.85,24.58951,-7.91356,13.65066,7e-05,0.53988
9491.96,SYN.BTC-2AUG19,1564484344003,open,0.37,0.0,0.343,0.4005,0.36987916,142.01,None,0.0,BTC-2AUG19-13000-P,9490.04,0.0,0.01,10.0,0.0,0.0,0.0,0.1746,-4.31111,-1.01883,2e-05,-0.99249
9529.44,BTC-27SEP19,1564484344011,open,0.0,405.8,0.0005,0.0105,0.00049664,132.19,0.0005,0.0,BTC-27SEP19-2500-P,9490.04,0.0,0.0,0.0,0.001,37.0,143.87,0.31512,-0.35376,-0.04866,0.0,-0.00267
9667.14,BTC-27DEC19,1564484344012,open,0.13,216.3,0.071,0.1775,0.12618547,97.97,0.125,0.0,BTC-27DEC19-14000-C,9490.04,97.09,0.124,4.9,0.1285,15.0,98.91,23.78984,-7.77578,10.52342,6e-05,0.39129
9529.44,BTC-27SEP19,1564484344012,open,0.0,142.4,0.0005,0.0115,0.00175289,103.48,0.0015,0.0,BTC-27SEP19-26000-C,9490.04,97.01,0.001,50.0,0.0025,24.0,108.17,1.3361,-1.17416,0.18283,1e-05,0.01365
9529.44,BTC-27SEP19,1564484344022,open,0.56,9.2,0.5455,0.5685,0.55625642,100.45,0.574,0.0,BTC-27SEP19-4250-C,9490.04,0.0,0.005,10.1,0.663,5.0,299.46,1.34832,-1.15025,6.60891,1e-05,0.98621
9491.96,SYN.BTC-2AUG19,1564484344024,open,0.02,982.5,0.001,0.039,0.01633316,106.03,0.016,0.0,BTC-2AUG19-9000-P,9490.04,103.18,0.0155,0.2,0.018,0.1,111.66,2.78619,-51.36438,-0.21419,0.00037,-0.27008
9510.7,SYN.BTC-30AUG19,1564484344031,open,0.21,25.5,0.17,0.256,0.21439156,96.57,0.209,0.0,BTC-30AUG19-11000-P,9490.04,89.67,0.207,9.6,0.2165,2.7,98.52,10.27638,-16.0713,-6.93085,0.00014,-0.6471
9529.44,BTC-27SEP19,1564484344033,open,0.0,492.7,0.0005,0.0105,0.0002558,143.13,0.0005,0.0,BTC-27SEP19-2000-P,9490.04,0.0,0.0,0.0,0.0005,11.5,153.79,0.16789,-0.20407,-0.02445,0.0,-0.00133
9667.14,BTC-27DEC19,1564484344033,open,0.65,4.0,0.633,0.659,0.64518903,95.71,0.64,0.0,BTC-27DEC19-3500-C,9490.04,0.0,0.0075,0.2,0.78,1.0,263.98,3.59788,-1.14883,13.09924,1e-05,0.97519
9667.14,BTC-27DEC19,1564484344035,open,0.75,7.1,0.677,0.824,0.75137047,99.03,0.491,0.0,BTC-27DEC19-16000-P,9490.04,0.0,0.005,5.0,1.516,0.2,500.0,22.05814,-7.28708,-56.94673,6e-05,-0.68323
9667.14,BTC-27DEC19,1564484344035,open,0.34,93.7,0.293,0.386,0.34333153,95.69,0.324,0.0,BTC-27DEC19-7500-C,9490.04,86.86,0.326,10.0,0.352,10.0,100.08,19.06287,-6.08566,16.71452,5e-05,0.7644
9491.96,SYN.BTC-2AUG19,1564484344035,open,0.32,0.0,0.3015,0.3295,0.31528953,151.34,0.2765,0.0,BTC-2AUG19-6500-C,9490.04,0.0,0.01,10.0,0.0,0.0,0.0,0.05224,-1.37463,0.51059,0.0,0.99805
9667.14,BTC-27DEC19,1564484344052,open,0.85,0.1,0.8355,0.855,0.84545746,117.87,0.84,0.0,BTC-27DEC19-1500-C,9490.04,0.0,0.0205,10.0,0.981,0.5,500.0,0.4323,-0.16999,6.04633,0.0,0.99778
9529.44,BTC-27SEP19,1564484344060,open,0.03,416.1,0.009,0.058,0.0307183,98.59,0.03,0.0,BTC-27SEP19-15000-C,9490.04,97.89,0.03,19.3,0.0315,2.0,99.35,9.74457,-8.15899,2.16608,7e-05,0.17164
9529.44,BTC-27SEP19,1564484344066,open,1.11,0.0,1.059,1.16,1.10667295,101.49,None,0.0,BTC-27SEP19-20000-P,9490.04,0.0,0.005,10.0,1.658,0.2,500.0,4.14458,-3.57227,-31.56511,3e-05,-0.94684
9667.14,BTC-27DEC19,1564484344073,open,0.03,154.9,0.0075,0.06,0.02926481,101.98,0.026,0.0,BTC-27DEC19-26000-C,9490.04,100.56,0.0275,6.0,0.031,10.0,103.33,12.21335,-4.15511,3.50491,3e-05,0.11756
9491.96,SYN.BTC-2AUG19,1564484344078,open,0.47,0.0,0.446,0.5055,0.47492388,0.0,None,0.0,BTC-2AUG19-14000-P,9490.04,0.0,0.01,10.0,0.0,0.0,0.0,0.0,0.0,-1.10301,0.0,-1.0
208.17,SYN.ETH-9AUG19,1564484344097,open,0.04,2.0,0.013,0.073,0.043286,100.84,0.058,0.0,ETH-9AUG19-220-C,208.2,92.49,0.038,404.0,0.047,404.0,106.66,0.13239,-0.67589,0.02016,0.0112,0.40116
9529.44,BTC-27SEP19,1564484344112,open,0.48,790.2,0.466,0.497,0.48079009,96.35,0.498,0.0,BTC-27SEP19-5000-C,9490.04,0.0,0.051,1.0,0.6235,5.0,299.3,2.70654,-2.2146,7.49781,2e-05,0.96857
9491.96,SYN.BTC-2AUG19,1564484344130,open,0.0,242.9,0.0005,0.0105,0.00053412,118.59,0.0005,0.0,BTC-2AUG19-12000-C,9490.04,0.0,0.0,0.0,0.001,1.1,129.81,0.31578,-5.06984,0.01068,4e-05,0.01482
9667.14,BTC-27DEC19,1564484344130,open,0.1,240.9,0.0555,0.136,0.09662012,95.68,0.101,0.0,BTC-27DEC19-7000-P,9490.04,94.51,0.0945,1.3,0.0955,9.9,95.06,17.46712,-5.57556,-11.86958,5e-05,-0.2024
9667.14,BTC-27DEC19,1564484344130,open,0.0,376.4,0.0005,0.0135,0.0035619,95.68,0.004,0.0,BTC-27DEC19-3000-P,9490.04,90.33,0.0025,4.7,0.0035,6.0,95.4,2.12607,-0.67867,-0.67255,1e-05,-0.01338
9667.14,BTC-27DEC19,1564484344134,open,0.74,0.0,0.734,0.7535,0.74357184,101.56,None,0.0,BTC-27DEC19-2500-C,9490.04,0.0,0.0155,3.0,0.974,0.5,500.0,1.37551,-0.46604,9.85666,0.0,0.99188
9529.44,BTC-27SEP19,1564484344134,open,0.53,289.7,0.519,0.5435,0.53056712,97.37,0.588,0.0,BTC-27SEP19-4500-C,9490.04,0.0,0.002,1.1,0.649,5.0,298.93,1.63379,-1.35098,6.95064,1e-05,0.98275
9529.44,BTC-27SEP19,1564484344134,open,0.63,261.1,0.6245,0.644,0.63401321,113.07,0.714,0.0,BTC-27SEP19-3500-C,9490.04,0.0,0.161,1.0,0.707,10.0,299.49,0.79189,-0.76039,5.51052,0.0,0.99251
9491.96,SYN.BTC-2AUG19,1564484344214,open,0.32,0.0,0.2915,0.347,0.31731813,131.61,None,0.0,BTC-2AUG19-12500-P,9490.04,0.0,0.01,10.0,0.0,0.0,0.0,0.23967,-5.48417,-0.97708,3e-05,-0.98922
9510.7,SYN.BTC-30AUG19,1564484344215,open,0.02,754.8,0.005,0.0355,0.01788241,98.69,0.019,0.0,BTC-30AUG19-7000-P,9490.04,96.18,0.0165,24.0,0.019,24.0,100.68,5.29864,-8.46852,-1.05206,7e-05,-0.11289
9510.7,SYN.BTC-30AUG19,1564484344214,open,0.04,216.9,0.0175,0.0685,0.04217039,96.63,0.045,0.0,BTC-30AUG19-8000-P,9490.04,95.29,0.041,19.3,0.043,0.1,97.58,8.29248,-12.97687,-2.14808,0.00011,-0.22483
9667.14,BTC-27DEC19,1564484344214,open,0.04,88.3,0.019,0.07,0.04350326,95.68,0.0405,0.0,BTC-27DEC19-5500-P,9490.04,91.03,0.038,6.0,0.04,1.0,92.74,11.64986,-3.71872,-6.09421,3e-05,-0.11002
208.17,SYN.ETH-9AUG19,1564484344281,open,0.03,1251.0,0.006,0.055,0.029292,100.84,0.035,0.0,ETH-9AUG19-230-C,208.2,93.25,0.025,717.0,0.032,200.0,105.52,0.11943,-0.60973,0.01537,0.0101,0.30211
9496.65,SYN.BTC-9AUG19,1564484344311,open,0.17,0.0,0.1435,0.1935,0.16858205,98.32,None,0.0,BTC-9AUG19-8000-C,9490.04,0.0,0.0005,5.0,0.0,0.0,0.0,3.24914,-16.17355,1.81032,0.00014,0.87313
9496.65,SYN.BTC-9AUG19,1564484344343,open,0.04,83.5,0.015,0.071,0.04315708,98.58,0.0445,0.0,BTC-9AUG19-10000-C,9490.04,96.76,0.042,3.0,0.0445,0.4,100.68,6.05866,-30.23852,0.93273,0.00025,0.40616
9496.65,SYN.BTC-9AUG19,1564484344427,open,0.27,0.0,0.24,0.3035,0.26993799,99.61,None,0.0,BTC-9AUG19-12000-P,9490.07,0.0,0.0005,5.0,0.0,0.0,0.0,2.51899,-12.70428,-3.03399,0.0001,-0.91084
9496.65,SYN.BTC-9AUG19,1564484344427,open,0.1,16.9,0.0595,0.1305,0.09611483,98.51,0.096,0.0,BTC-9AUG19-10000-P,9490.07,94.4,0.0935,13.5,0.0965,0.1,99.11,6.05824,-30.21468,-1.77311,0.00025,-0.59395
208.17,SYN.ETH-9AUG19,1564484344449,open,0.02,32.0,0.003,0.042,0.019285,100.87,0.025,0.0,ETH-9AUG19-240-C,208.2,93.93,0.016,756.0,0.022,464.0,106.35,0.10119,-0.51678,0.01126,0.00856,0.21927
9510.7,SYN.BTC-30AUG19,1564484344467,open,0.14,27.2,0.099,0.171,0.13769598,96.65,0.14,0.0,BTC-30AUG19-9000-C,9490.07,95.56,0.1365,2.8,0.1405,19.4,99.2,10.42649,-16.31857,3.97599,0.00014,0.6319
208.17,SYN.ETH-9AUG19,1564484344541,open,0.17,11.0,0.127,0.215,0.172199,100.87,0.123,0.0,ETH-9AUG19-240-P,208.2,89.68,0.167,300.0,0.185,300.0,125.38,0.10119,-0.51678,-0.05367,0.00856,-0.78073
208.17,SYN.ETH-9AUG19,1564484344967,open,0.01,271.0,0.001,0.017,0.005023,102.2,0.006,0.0,ETH-9AUG19-270-C,208.2,91.97,0.003,531.0,0.007,552.0,110.24,0.04685,-0.24241,0.00376,0.00391,0.07174
9529.44,BTC-27SEP19,1564484345008,open,0.23,899.9,0.1935,0.27,0.23455463,95.77,0.2375,0.0,BTC-27SEP19-8000-C,9490.07,85.61,0.2215,0.5,0.3165,5.0,157.2,12.3838,-10.07152,7.78836,9e-05,0.74124
208.17,SYN.ETH-9AUG19,1564484345323,open,0.0,12.0,0.001,0.012,0.002507,107.9,0.003,0.0,ETH-9AUG19-290-C,208.2,93.46,0.001,1.0,0.004,837.0,117.48,0.02805,-0.15325,0.00198,0.00222,0.0376
9496.68,SYN.BTC-9AUG19,1564484345436,open,0.02,54.0,0.0045,0.045,0.0222735,98.15,0.025,0.0,BTC-9AUG19-8500-P,9490.07,94.48,0.0205,24.0,0.0235,0.1,100.64,4.64196,-23.06606,-0.62608,0.00019,-0.22139
208.17,SYN.ETH-9AUG19,1564484345538,open,0.28,0.0,0.258,0.305,0.281345,108.01,None,0.0,ETH-9AUG19-150-C,208.2,0.0,0.0,0.0,0.0,0.0,0.0,0.02107,-0.11523,0.03898,0.00166,0.97341
9496.68,SYN.BTC-9AUG19,1564484345747,open,0.02,42.5,0.0025,0.0385,0.01727903,98.55,0.018,0.0,BTC-9AUG19-11000-C,9490.07,94.68,0.0155,24.0,0.0185,2.5,101.14,4.43261,-22.11723,0.48121,0.00018,0.20456
9496.68,SYN.BTC-9AUG19,1564484345881,open,0.09,2.9,0.0585,0.122,0.09216041,98.03,0.094,0.0,BTC-9AUG19-9000-C,9490.07,91.09,0.088,18.0,0.0935,0.1,100.25,5.72063,-28.39217,1.46028,0.00024,0.66048
208.17,SYN.ETH-9AUG19,1564484345913,open,0.0,0.0,0.001,0.011,0.001917,108.01,None,0.0,ETH-9AUG19-150-P,208.2,0.0,0.0,0.0,0.003,4.0,117.33,0.02107,-0.11523,-0.00161,0.00166,-0.02659
9496.68,SYN.BTC-9AUG19,1564484345941,open,0.27,0.0,0.248,0.283,0.26481089,101.54,None,0.0,BTC-9AUG19-7000-C,9490.07,0.0,0.0005,5.0,0.0,0.0,0.0,1.00613,-5.17258,1.8169,4e-05,0.97192
9496.68,SYN.BTC-9AUG19,1564484345967,open,0.32,0.0,0.291,0.353,0.31991502,99.83,None,0.0,BTC-9AUG19-12500-P,9490.07,0.0,0.0005,2.3,0.0,0.0,0.0,1.75684,-8.8794,-3.24821,7e-05,-0.94423
208.17,SYN.ETH-9AUG19,1564484346003,open,0.24,0.0,0.209,0.262,0.236105,107.83,None,0.0,ETH-9AUG19-160-C,208.2,0.0,0.0,0.0,0.0,0.0,0.0,0.03967,-0.21659,0.03976,0.00314,0.94208
9496.65,SYN.BTC-9AUG19,1564484346082,open,0.22,0.0,0.1895,0.2565,0.22179368,99.81,None,0.0,BTC-9AUG19-11500-P,9490.07,77.31,0.215,9.3,0.23,9.3,119.87,3.46365,-17.50208,-2.78165,0.00014,-0.86078
9496.65,SYN.BTC-9AUG19,1564484346092,open,0.0,93.7,0.0005,0.0115,0.00154203,104.61,0.0015,0.0,BTC-9AUG19-13500-C,9490.07,89.68,0.0005,19.4,0.0025,30.4,113.08,0.91635,-4.85349,0.06056,4e-05,0.02511
9496.65,SYN.BTC-9AUG19,1564484346102,open,0.0,85.2,0.0005,0.012,0.00206449,99.93,0.002,0.0,BTC-9AUG19-13000-C,9490.07,94.9,0.0015,15.8,0.0025,2.0,103.26,1.17202,-5.92989,0.08146,5e-05,0.03377
9496.68,SYN.BTC-9AUG19,1564484346106,open,0.18,0.1,0.141,0.2105,0.17558236,98.56,0.2195,0.0,BTC-9AUG19-11000-P,9490.07,83.39,0.169,11.7,0.0,0.0,0.0,4.4329,-22.12041,-2.49498,0.00018,-0.79542
9510.7,SYN.BTC-30AUG19,1564484346110,open,0.09,140.2,0.0535,0.124,0.09053339,96.48,0.092,0.0,BTC-30AUG19-10000-C,9490.07,93.86,0.0875,14.4,0.0915,2.5,97.31,11.02714,-17.22802,3.17073,0.00015,0.48465
9496.68,SYN.BTC-9AUG19,1564484346128,open,0.18,0.1,0.141,0.2105,0.17557932,98.56,0.2195,0.0,BTC-9AUG19-11000-P,9490.07,83.39,0.169,11.8,0.0,0.0,0.0,4.4329,-22.12041,-2.49498,0.00018,-0.79542
9496.65,SYN.BTC-9AUG19,1564484346154,open,0.04,91.8,0.0135,0.0675,0.03986306,98.03,0.042,0.0,BTC-9AUG19-9000-P,9490.07,93.27,0.037,28.3,0.0395,0.1,97.43,5.72067,-28.3933,-0.97485,0.00024,-0.33953
208.17,SYN.ETH-9AUG19,1564484346164,open,0.33,0.0,0.307,0.35,0.328614,117.26,None,0.0,ETH-9AUG19-140-C,208.2,0.0,0.0,0.0,0.0,0.0,0.0,0.01345,-0.07984,0.03693,0.00098,0.98435
9491.96,SYN.BTC-2AUG19,1564484346182,open,0.0,374.4,0.0005,0.0115,0.00157663,111.85,0.002,0.0,BTC-2AUG19-8000-P,9490.07,102.99,0.001,38.0,0.002,2.0,117.22,0.69927,-13.59954,-0.02974,9e-05,-0.0382
9510.7,SYN.BTC-30AUG19,1564484346189,open,0.0,327.6,0.0005,0.012,0.00223585,101.75,0.002,0.0,BTC-30AUG19-18000-C,9490.07,96.35,0.0015,24.0,0.003,5.3,106.23,1.47073,-2.42348,0.16174,2e-05,0.02234
9496.65,SYN.BTC-9AUG19,1564484346191,open,0.06,71.5,0.031,0.096,0.06444812,98.03,0.0635,0.0,BTC-9AUG19-9500-P,9490.07,96.58,0.0635,4.8,0.0645,0.1,98.11,6.21272,-30.83544,-1.37002,0.00026,-0.46874
9496.65,SYN.BTC-9AUG19,1564484346197,open,0.01,68.1,0.001,0.0275,0.01095406,98.21,0.0125,0.0,BTC-9AUG19-8000-P,9490.07,95.39,0.01,4.0,0.0115,0.1,99.81,3.24522,-16.13664,-0.35356,0.00014,-0.12665
208.17,SYN.ETH-9AUG19,1564484346204,open,0.19,0.0,0.161,0.221,0.192445,104.52,None,0.0,ETH-9AUG19-170-C,208.2,0.0,0.0,0.0,0.0,0.0,0.0,0.06144,-0.32515,0.03968,0.00501,0.8969
9496.65,SYN.BTC-9AUG19,1564484346210,open,0.03,73.4,0.0065,0.053,0.02779887,98.57,0.028,0.0,BTC-9AUG19-10500-C,9490.07,94.47,0.0255,19.0,0.0295,0.4,101.53,5.39117,-26.90595,0.68696,0.00022,0.29517
9491.96,SYN.BTC-2AUG19,1564484346216,open,0.01,267.8,0.0005,0.0235,0.00684283,104.5,0.007,0.0,BTC-2AUG19-10500-C,9490.07,105.23,0.007,4.4,0.008,30.0,109.93,1.95365,-35.49748,0.10613,0.00026,0.14877
9491.96,SYN.BTC-2AUG19,1564484346219,open,0.01,241.7,0.0005,0.021,0.00573381,108.66,0.007,0.0,BTC-2AUG19-8500-P,9490.07,112.99,0.0065,9.9,0.007,32.4,115.69,1.65056,-31.18507,-0.09141,0.00021,-0.11651
9496.68,SYN.BTC-9AUG19,1564484346277,open,0.0,151.9,0.0005,0.0115,0.00191303,101.57,0.0025,0.0,BTC-9AUG19-7000-P,9490.07,91.24,0.001,14.9,0.003,30.0,110.5,1.00686,-5.17747,-0.07714,4e-05,-0.02811
208.17,SYN.ETH-9AUG19,1564484346314,open,0.44,0.0,0.4,0.49,0.44268,107.9,None,0.0,ETH-9AUG19-300-P,208.2,0.0,0.0,0.0,0.0,0.0,0.0,0.01961,-0.10713,-0.07988,0.00155,-0.9756
9496.68,SYN.BTC-9AUG19,1564484346330,open,0.32,0.0,0.302,0.3325,0.31653563,110.13,None,0.0,BTC-9AUG19-6500-C,9490.07,0.0,0.0005,5.0,0.0,0.0,0.0,0.57461,-3.204,1.71889,2e-05,0.9855
208.17,SYN.ETH-9AUG19,1564484346372,open,0.15,0.0,0.116,0.184,0.152445,103.22,None,0.0,ETH-9AUG19-180-C,208.2,0.0,0.0,0.0,0.0,0.0,0.0,0.08772,-0.45845,0.03798,0.00725,0.82669
9529.47,BTC-27SEP19,1564484346528,open,0.43,221.9,0.414,0.4525,0.43275848,95.77,0.51,0.0,BTC-27SEP19-5500-C,9490.07,0.0,0.4225,3.0,0.8295,6.0,500.0,4.10163,-3.33579,7.91274,3e-05,0.94753
9667.32,BTC-27DEC19,1564484346528,open,0.37,53.3,0.326,0.4125,0.37252681,95.68,0.361,0.0,BTC-27DEC19-7000-C,9490.07,75.47,0.337,0.1,0.388,0.1,104.19,17.46702,-5.57558,16.87397,5e-05,0.79761
9667.32,BTC-27DEC19,1564484346528,open,0.08,222.7,0.041,0.112,0.0764593,95.69,0.074,0.0,BTC-27DEC19-6500-P,9490.07,92.3,0.071,0.3,0.075,9.9,94.79,15.67922,-5.00525,-9.7855,4e-05,-0.17005
9529.47,BTC-27SEP19,1564484346528,open,0.0,286.9,0.0005,0.0125,0.00281341,102.72,0.0035,0.0,BTC-27SEP19-24000-C,9490.07,98.24,0.002,15.0,0.0035,24.0,105.86,1.93471,-1.68772,0.28022,1e-05,0.02104
9491.99,SYN.BTC-2AUG19,1564484346530,open,0.0,180.2,0.0005,0.0105,0.00035837,145.0,0.0005,0.0,BTC-2AUG19-13000-C,9490.07,0.0,0.0,0.0,0.001,12.0,165.73,0.19826,-3.40167,0.00622,2e-05,0.00867
9667.32,BTC-27DEC19,1564484346551,open,2.12,0.2,2.0475,2.207,2.12271461,102.83,2.03,0.0,BTC-27DEC19-30000-P,9490.07,0.0,0.0,0.0,0.0,0.0,0.0,9.41777,-3.2309,-120.68744,2e-05,-0.91759
9529.47,BTC-27SEP19,1564484346551,open,0.0,756.0,0.0005,0.011,0.00102584,113.86,0.002,0.0,BTC-27SEP19-32000-C,9490.07,106.01,0.0005,13.0,0.0015,5.9,118.66,0.81623,-0.78927,0.10343,0.0,0.00775
9529.47,BTC-27SEP19,1564484346551,open,0.0,1660.1,0.0005,0.0105,4.526e-05,145.0,0.0005,0.0,BTC-27SEP19-1500-P,9490.07,0.0,0.0,0.0,0.0005,12.0,181.93,0.03759,-0.04629,-0.00475,0.0,-0.00026
9529.47,BTC-27SEP19,1564484346551,open,0.0,1060.6,0.0005,0.012,0.00222467,100.33,0.0025,0.0,BTC-27SEP19-4250-P,9490.07,94.52,0.0015,37.0,0.003,24.0,105.33,1.34151,-1.14298,-0.24496,1e-05,-0.01371
9496.65,SYN.BTC-9AUG19,1564484346559,open,0.22,0.0,0.1895,0.2565,0.22179393,99.81,None,0.0,BTC-9AUG19-11500-P,9490.07,75.08,0.2145,9.3,0.23,9.3,119.87,3.46365,-17.50208,-2.78165,0.00014,-0.86078
9667.32,BTC-27DEC19,1564484346561,open,3.97,0.0,3.8685,4.0805,3.96968488,106.19,None,0.0,BTC-27DEC19-48000-P,9490.07,0.0,0.0,0.0,6.0,1.0,500.0,3.24792,-1.15065,-196.40335,1e-05,-0.97803
9510.73,SYN.BTC-30AUG19,1564484346566,open,0.59,0.0,0.5485,0.628,0.58611428,99.61,None,0.0,BTC-30AUG19-15000-P,9490.07,0.0,0.0005,5.0,0.0,0.0,0.0,3.98225,-6.42401,-12.14373,5e-05,-0.92332
9510.73,SYN.BTC-30AUG19,1564484346566,open,0.38,0.0,0.358,0.3935,0.37510558,101.65,None,0.0,BTC-30AUG19-6000-C,9490.07,0.0,0.0005,5.0,0.0,0.0,0.0,2.57524,-4.2392,4.67336,3e-05,0.95599
208.17,SYN.ETH-9AUG19,1564484346566,open,0.12,200.0,0.078,0.15,0.117393,103.12,0.109,0.0,ETH-9AUG19-190-C,208.2,91.06,0.111,50.0,0.12,50.0,107.91,0.11249,-0.58729,0.0347,0.0093,0.73343
9491.99,SYN.BTC-2AUG19,1564484346566,open,0.0,315.4,0.0005,0.0105,0.00047109,133.74,0.001,0.0,BTC-2AUG19-12500-C,9490.07,0.0,0.0,0.0,0.001,42.0,148.32,0.26168,-4.47162,0.00856,3e-05,0.01192
9529.47,BTC-27SEP19,1564484346571,open,0.0,440.0,0.0005,0.0115,0.00152459,101.28,0.0015,0.0,BTC-27SEP19-4000-P,9490.07,95.53,0.001,35.0,0.002,24.0,105.44,0.99361,-0.85458,-0.17259,1e-05,-0.0097
9510.73,SYN.BTC-30AUG19,1564484346577,open,0.49,0.0,0.4475,0.528,0.48597963,98.2,None,0.0,BTC-30AUG19-14000-P,9490.07,0.0,0.0005,5.0,0.0,0.0,0.0,5.3013,-8.43041,-11.0462,7e-05,-0.88704
9667.32,BTC-27DEC19,1564484346585,open,1.72,0.0,1.646,1.7995,1.71877756,102.01,None,0.0,BTC-27DEC19-26000-P,9490.07,0.0,0.005,10.0,2.517,0.2,500.0,12.2218,-4.15921,-103.25291,3e-05,-0.88233
9529.47,BTC-27SEP19,1564484346587,open,0.9,1.0,0.8555,0.955,0.90236943,100.57,1.5815,0.0,BTC-27SEP19-18000-P,9490.07,0.0,0.005,0.3,1.467,0.3,500.0,5.95214,-5.08354,-27.93642,4e-05,-0.91507
9491.96,SYN.BTC-2AUG19,1564484346592,open,0.0,293.9,0.0005,0.014,0.00258281,106.38,0.0025,0.0,BTC-2AUG19-11000-C,9490.07,100.84,0.002,5.0,0.003,2.4,109.94,1.06783,-19.75068,0.04665,0.00014,0.06497
9529.47,BTC-27SEP19,1564484346611,open,0.0,426.3,0.0005,0.011,0.00128097,112.89,0.0025,0.0,BTC-27SEP19-3500-P,9490.07,100.26,0.0005,0.1,0.002,20.3,120.37,0.78575,-0.75327,-0.13384,0.0,-0.00743
9510.73,SYN.BTC-30AUG19,1564484346615,open,0.3,1.6,0.2555,0.3405,0.29815289,97.14,0.3175,0.0,BTC-30AUG19-12000-P,9490.07,0.0,0.0005,5.0,0.0,0.0,0.0,8.74803,-13.76189,-8.4507,0.00012,-0.75225
9491.99,SYN.BTC-2AUG19,1564484346615,open,0.21,1.0,0.188,0.241,0.21258012,110.58,0.1445,0.0,BTC-2AUG19-11500-P,9490.07,0.0,0.206,9.8,0.0,0.0,0.0,0.54655,-10.50857,-0.88563,7e-05,-0.97167
9510.7,SYN.BTC-30AUG19,1564484346623,open,0.01,122.3,0.0025,0.0315,0.01395372,98.19,0.0145,0.0,BTC-30AUG19-14000-C,9490.07,96.45,0.013,24.0,0.015,12.0,100.04,5.30045,-8.42839,0.79636,7e-05,0.11294
9496.65,SYN.BTC-9AUG19,1564484346634,open,0.01,68.1,0.001,0.0275,0.01095406,98.21,0.0125,0.0,BTC-9AUG19-8000-P,9490.07,95.39,0.01,3.9,0.0115,0.1,99.81,3.24522,-16.13664,-0.35356,0.00014,-0.12665
9529.47,BTC-27SEP19,1564484346643,open,0.07,541.7,0.0395,0.108,0.07405734,95.77,0.0715,0.0,BTC-27SEP19-8000-P,9490.07,93.02,0.0705,19.3,0.075,19.3,96.49,12.38377,-10.07151,-5.11587,9e-05,-0.25876
9667.32,BTC-27DEC19,1564484346643,open,0.02,132.2,0.003,0.039,0.01597795,103.1,0.016,0.0,BTC-27DEC19-32000-C,9490.07,101.32,0.0145,6.0,0.0175,10.0,104.84,8.24866,-2.83721,2.11457,2e-05,0.06925
9667.32,BTC-27DEC19,1564484346643,open,2.73,1.3,2.6535,2.8275,2.73550871,104.57,2.2,0.0,BTC-27DEC19-36000-P,9490.07,0.0,0.0005,1.0,0.0,0.0,0.0,6.57709,-2.29441,-146.22551,2e-05,-0.94814
208.17,SYN.ETH-9AUG19,1564484346648,open,0.03,105.0,0.007,0.057,0.030117,103.12,0.028,0.0,ETH-9AUG19-190-P,208.2,97.3,0.027,200.0,0.034,429.0,110.24,0.11249,-0.58729,-0.01671,0.0093,-0.26657
9529.47,BTC-27SEP19,1564484346655,open,0.1,510.2,0.057,0.139,0.09976615,96.73,0.099,0.0,BTC-27SEP19-11000-C,9490.07,94.97,0.097,14.4,0.102,17.1,98.14,15.03619,-12.35145,5.08344,0.00011,0.43047
9529.47,BTC-27SEP19,1564484346655,open,0.42,31.5,0.367,0.472,0.42006556,98.13,0.3995,0.0,BTC-27SEP19-13000-P,9490.07,89.68,0.409,4.9,0.431,1.5,106.08,12.82257,-10.68604,-17.56606,9e-05,-0.72271
9491.99,SYN.BTC-2AUG19,1564484346655,open,0.0,115.7,0.0005,0.0105,4.98e-05,145.0,0.0005,0.0,BTC-2AUG19-6500-P,9490.07,0.0,0.0,0.0,0.0005,60.9,185.6,0.03664,-0.47269,-0.00103,0.0,-0.00132
9529.47,BTC-27SEP19,1564484346658,open,2.15,0.0,2.0865,2.2165,2.14908476,107.96,None,0.0,BTC-27SEP19-30000-P,9490.07,0.0,0.0,0.0,0.0,0.0,0.0,0.80067,-0.73406,-48.28906,1e-05,-0.99241
9529.47,BTC-27SEP19,1564484346663,open,1.52,0.2,1.4695,1.5785,1.5213244,102.76,1.6,0.0,BTC-27SEP19-24000-P,9490.07,0.0,0.0,0.0,0.0,0.0,0.0,1.93833,-1.69153,-38.43197,1e-05,-0.97891
9491.99,SYN.BTC-2AUG19,1564484346683,open,0.0,391.2,0.0005,0.0105,2.083e-05,145.0,0.002,0.0,BTC-2AUG19-14500-C,9490.07,0.0,0.0,0.0,0.0005,12.0,194.92,0.01837,-0.19768,0.00045,0.0,0.00062
9491.99,SYN.BTC-2AUG19,1564484346683,open,0.16,2.8,0.1365,0.1905,0.16145778,106.41,0.111,0.0,BTC-2AUG19-11000-P,9490.07,0.0,0.155,12.0,0.0,0.0,0.0,1.06863,-19.77114,-0.81995,0.00014,-0.93497
209.65,ETH-27DEC19,1564484346690,open,0.2,561.0,0.136,0.252,0.201674,99.51,0.208,0.0,ETH-27DEC19-240-C,208.2,96.89,0.195,239.0,0.207,329.0,101.61,0.5329,-0.17692,0.29344,0.00297,0.54254
208.01,ETH-27SEP19,1564484346690,open,0.0,739.0,0.001,0.011,0.000992,133.89,0.001,0.0,ETH-27SEP19-60-P,208.2,0.0,0.0,0.0,0.002,850.0,147.56,0.01193,-0.01356,-0.00199,0.00013,-0.00493
208.1,SYN.ETH-30AUG19,1564484346690,open,0.01,278.0,0.002,0.027,0.0115,101.06,0.01,0.0,ETH-30AUG19-320-C,208.2,95.61,0.009,500.0,0.014,620.0,105.94,0.10143,-0.166,0.01451,0.00274,0.09391
209.65,ETH-27DEC19,1564484346692,open,0.01,1370.0,0.003,0.033,0.014079,106.35,0.019,0.0,ETH-27DEC19-760-C,208.2,97.08,0.008,600.0,0.014,50.0,106.24,0.16144,-0.05728,0.04011,0.00084,0.06067
208.01,ETH-27SEP19,1564484346692,open,0.08,1704.0,0.038,0.116,0.079221,99.14,0.087,0.0,ETH-27SEP19-260-C,208.2,96.32,0.075,233.0,0.083,110.0,101.65,0.31224,-0.26289,0.09386,0.00451,0.35897
208.01,ETH-27SEP19,1564484346694,open,0.0,5743.0,0.001,0.012,0.002006,109.95,0.002,0.0,ETH-27SEP19-600-C,208.2,101.5,0.001,1477.0,0.003,840.0,115.7,0.03109,-0.02903,0.00426,0.00041,0.0147
208.19,SYN.ETH-2AUG19,1564484346696,open,0.0,525.0,0.001,0.011,0.000487,127.89,0.001,0.0,ETH-2AUG19-270-C,208.2,0.0,0.0,0.0,0.001,302.0,141.42,0.00609,-0.10132,0.0002,0.00139,0.01276
9529.47,BTC-27SEP19,1564484346701,open,1.94,0.0,1.881,2.004,1.93976367,107.82,None,0.0,BTC-27SEP19-28000-P,9490.07,0.0,0.0,0.0,0.0,0.0,0.0,1.15487,-1.05751,-45.01086,1e-05,-0.98847
208.01,ETH-27SEP19,1564484346701,open,0.05,7465.0,0.023,0.081,0.052015,98.37,0.053,0.0,ETH-27SEP19-160-P,208.2,95.63,0.049,160.0,0.055,388.0,101.06,0.22991,-0.19208,-0.08268,0.00335,-0.19442
208.01,ETH-27SEP19,1564484346703,open,0.49,769.0,0.424,0.551,0.488891,99.87,0.391,0.0,ETH-27SEP19-300-P,208.2,0.0,0.048,1.0,0.524,110.0,125.9,0.25858,-0.2193,-0.41968,0.00371,-0.76191
208.1,SYN.ETH-30AUG19,1564484346703,open,0.0,1720.0,0.001,0.012,0.002508,105.48,0.003,0.0,ETH-30AUG19-400-C,208.2,93.4,0.001,640.0,0.004,800.0,113.22,0.03423,-0.05848,0.00379,0.00089,0.02404
208.19,SYN.ETH-2AUG19,1564484346705,open,0.0,261.0,0.001,0.011,0.00024,145.0,0.001,0.0,ETH-2AUG19-290-C,208.2,0.0,0.0,0.0,0.001,300.0,173.14,0.00315,-0.05001,9e-05,0.00064,0.00602
9510.73,SYN.BTC-30AUG19,1564484346705,open,0.69,0.0,0.6505,0.7295,0.68786844,100.2,None,0.0,BTC-30AUG19-16000-P,9490.07,0.0,0.0005,5.0,0.0,0.0,0.0,2.87925,-4.67183,-13.17234,4e-05,-0.94942
208.01,ETH-27SEP19,1564484346709,open,0.57,497.0,0.51,0.637,0.573939,99.94,0.51,0.0,ETH-27SEP19-320-P,208.2,0.0,0.0,0.0,0.615,110.0,132.64,0.2278,-0.19335,-0.46385,0.00327,-0.8085
208.01,ETH-27SEP19,1564484346712,open,0.26,2475.0,0.196,0.311,0.257454,99.1,0.28,0.0,ETH-27SEP19-240-P,208.2,94.37,0.25,120.0,0.262,110.0,101.97,0.32902,-0.2769,-0.27553,0.00476,-0.56373
208.01,ETH-27SEP19,1564484346730,open,0.04,1792.0,0.011,0.063,0.035552,99.94,0.037,0.0,ETH-27SEP19-320-C,208.2,96.64,0.032,739.0,0.038,110.0,102.15,0.2278,-0.19335,0.05232,0.00327,0.1915
208.01,ETH-27SEP19,1564484346730,open,0.01,4710.0,0.001,0.015,0.005018,103.21,0.007,0.0,ETH-27SEP19-480-C,208.2,95.64,0.003,400.0,0.007,340.0,108.93,0.06477,-0.05677,0.01011,0.0009,0.03514
208.01,ETH-27SEP19,1564484346730,open,0.14,3356.0,0.085,0.179,0.135077,98.37,0.123,0.0,ETH-27SEP19-200-P,208.2,95.06,0.13,309.0,0.14,299.0,101.58,0.31891,-0.26643,-0.17392,0.00464,-0.38326
209.65,ETH-27DEC19,1564484346730,open,0.02,1072.0,0.004,0.042,0.019412,101.71,0.025,0.0,ETH-27DEC19-640-C,208.2,99.15,0.017,300.0,0.022,50.0,104.26,0.20495,-0.06954,0.05456,0.00112,0.08279
208.01,ETH-27SEP19,1564484346730,open,0.01,8193.0,0.002,0.023,0.011037,98.37,0.014,0.0,ETH-27SEP19-120-P,208.2,93.65,0.009,201.0,0.011,10.0,98.29,0.09417,-0.07868,-0.02247,0.00137,-0.05593
208.19,SYN.ETH-2AUG19,1564484346730,open,0.03,244.0,0.005,0.063,0.033775,106.78,0.03,0.0,ETH-2AUG19-210-C,208.2,98.94,0.031,5.0,0.035,422.0,110.24,0.07365,-1.36742,0.00736,0.0202,0.48249
208.19,SYN.ETH-2AUG19,1564484346730,open,0.0,254.0,0.001,0.011,0.000189,145.0,0.003,0.0,ETH-2AUG19-150-P,208.2,0.0,0.0,0.0,0.001,300.0,180.04,0.00244,-0.03929,-8e-05,0.00049,-0.00451
208.1,SYN.ETH-30AUG19,1564484346730,open,0.02,480.0,0.004,0.036,0.017309,100.08,0.02,0.0,ETH-30AUG19-300-C,208.2,96.27,0.015,496.0,0.02,616.0,104.24,0.13025,-0.21108,0.02041,0.00355,0.13326
208.19,SYN.ETH-2AUG19,1564484346730,open,0.0,946.0,0.001,0.011,0.000931,117.53,0.001,0.0,ETH-2AUG19-170-P,208.2,0.0,0.0,0.0,0.002,553.0,134.73,0.01008,-0.19387,-0.00039,0.00251,-0.02303
209.65,ETH-27DEC19,1564484346741,open,0.98,16.0,0.889,1.067,0.979612,100.69,1.195,0.0,ETH-27DEC19-400-P,208.2,0.0,0.001,8.0,1.049,110.0,131.57,0.42571,-0.143,-1.4901,0.00234,-0.75132
208.01,ETH-27SEP19,1564484346741,open,0.0,7915.0,0.001,0.011,0.001003,120.16,0.001,0.0,ETH-27SEP19-760-C,208.2,0.0,0.0,0.0,0.002,700.0,129.57,0.01684,-0.01718,0.0021,0.0002,0.00727
208.1,SYN.ETH-30AUG19,1564484346741,open,0.29,0.0,0.236,0.34,0.28929,98.57,0.218,0.0,ETH-30AUG19-260-P,208.2,0.0,0.0,0.0,1.248,1.0,500.0,0.19759,-0.31541,-0.18061,0.00547,-0.73673
208.01,ETH-27SEP19,1564484346743,open,0.75,233.0,0.688,0.818,0.751773,100.61,0.763,0.0,ETH-27SEP19-360-P,208.2,88.57,0.743,45.0,0.0,0.0,0.0,0.17097,-0.14608,-0.54618,0.00243,-0.87605
208.17,SYN.ETH-9AUG19,1564484346743,open,0.09,306.0,0.047,0.121,0.087711,103.12,0.087,0.0,ETH-9AUG19-200-C,208.2,92.32,0.081,150.0,0.09,150.0,106.79,0.12975,-0.6774,0.03031,0.01073,0.62582
209.65,ETH-27DEC19,1564484346746,open,0.04,745.0,0.014,0.079,0.04491,101.02,0.045,0.0,ETH-27DEC19-480-C,208.2,99.19,0.042,300.0,0.048,110.0,102.9,0.33936,-0.11436,0.10728,0.00186,0.16953
208.1,SYN.ETH-30AUG19,1564484346746,open,0.55,0.0,0.497,0.604,0.549219,101.06,None,0.0,ETH-30AUG19-320-P,208.2,0.0,0.0,0.0,0.0,0.0,0.0,0.10143,-0.166,-0.25618,0.00274,-0.90609
209.65,ETH-27DEC19,1564484346750,open,0.64,83.0,0.556,0.723,0.643924,99.99,0.626,0.0,ETH-27DEC19-320-P,208.2,0.0,0.006,5.0,1.519,1.0,500.0,0.50591,-0.16875,-1.09921,0.0028,-0.63295
208.19,SYN.ETH-2AUG19,1564484346750,open,0.18,0.0,0.159,0.21,0.184372,117.53,None,0.0,ETH-2AUG19-170-C,208.2,0.0,0.0,0.0,0.0,0.0,0.0,0.01008,-0.20602,0.013,0.00251,0.97697
9667.32,BTC-27DEC19,1564484346752,open,2.32,0.3,2.249,2.413,2.32616053,103.17,1.875,0.0,BTC-27DEC19-32000-P,9490.07,0.0,0.0,0.0,0.0,0.0,0.0,8.26692,-2.84548,-129.27783,2e-05,-0.93055
208.01,ETH-27SEP19,1564484346752,open,0.84,259.0,0.779,0.911,0.843152,100.94,0.94,0.0,ETH-27SEP19-380-P,208.2,0.0,0.009,8.0,0.0,0.0,0.0,0.1462,-0.12532,-0.585,0.00208,-0.90039
208.19,SYN.ETH-2AUG19,1564484346752,open,0.3,0.0,0.26,0.339,0.297374,127.89,None,0.0,ETH-2AUG19-270-P,208.2,0.0,0.0,0.0,0.0,0.0,0.0,0.00609,-0.1354,-0.02107,0.00139,-0.98724
208.1,SYN.ETH-30AUG19,1564484346752,open,0.34,0.0,0.31,0.361,0.336153,98.6,None,0.0,ETH-30AUG19-140-C,208.2,0.0,0.0,0.0,0.0,0.0,0.0,0.07542,-0.12043,0.10567,0.00209,0.93644
9529.47,BTC-27SEP19,1564484346757,open,0.84,42.8,0.833,0.8525,0.84263831,144.87,0.815,0.0,BTC-27SEP19-1500-C,9490.07,0.0,0.0,0.0,0.0,0.0,0.0,0.03726,-0.04585,2.41484,0.0,0.99974
209.65,ETH-27DEC19,1564484346757,open,1.16,0.0,1.063,1.246,1.15499,100.72,None,0.0,ETH-27DEC19-440-P,208.2,0.0,0.001,8.0,2.088,1.0,500.0,0.38107,-0.12805,-1.67916,0.0021,-0.79557
208.19,SYN.ETH-2AUG19,1564484346770,open,0.0,489.0,0.001,0.011,0.000666,139.93,0.005,0.0,ETH-2AUG19-160-P,208.2,0.0,0.0,0.0,0.001,300.0,148.82,0.00682,-0.13861,-0.00025,0.00143,-0.01456
9667.32,BTC-27DEC19,1564484346772,open,0.02,91.5,0.007,0.038,0.02062099,95.69,0.018,0.0,BTC-27DEC19-4500-P,9490.07,90.05,0.0165,5.4,0.019,12.0,93.53,7.39206,-2.35974,-3.20554,2e-05,-0.06013
9667.32,BTC-27DEC19,1564484346772,open,0.6,27.2,0.5825,0.617,0.59905049,95.68,0.65,0.0,BTC-27DEC19-4000-C,9490.07,0.0,0.45,1.0,0.966,1.0,500.0,5.38311,-1.71822,14.31174,1e-05,0.95959
9667.32,BTC-27DEC19,1564484346772,open,0.0,173.8,0.0005,0.0105,0.00062426,117.91,0.001,0.0,BTC-27DEC19-1500-P,9490.07,114.92,0.0005,1.0,0.001,18.0,124.97,0.43328,-0.17044,-0.11325,0.0,-0.00223
208.19,SYN.ETH-2AUG19,1564484346774,open,0.0,121.0,0.001,0.011,0.00147,112.95,0.001,0.0,ETH-2AUG19-250-C,208.2,0.0,0.0,0.0,0.002,250.0,119.55,0.01525,-0.29951,0.0006,0.00395,0.03793
9510.73,SYN.BTC-30AUG19,1564484346774,open,0.0,65.6,0.0005,0.0135,0.00357273,101.27,0.003,0.0,BTC-30AUG19-17000-C,9490.07,95.82,0.0025,29.0,0.0045,44.1,105.19,2.08833,-3.42465,0.24499,3e-05,0.03402
9491.99,SYN.BTC-2AUG19,1564484346774,open,0.0,215.7,0.0005,0.0105,0.0002363,139.17,0.0005,0.0,BTC-2AUG19-7000-P,9490.07,0.0,0.0,0.0,0.0005,27.8,152.85,0.13799,-2.24296,-0.00448,1e-05,-0.00575
208.19,SYN.ETH-2AUG19,1564484346777,open,0.0,770.0,0.001,0.014,0.00284,111.11,0.004,0.0,ETH-2AUG19-180-P,208.2,102.84,0.002,4.0,0.004,550.0,120.7,0.02306,-0.44542,-0.00109,0.00608,-0.06367
208.01,ETH-27SEP19,1564484346780,open,0.22,779.0,0.174,0.261,0.222915,98.37,0.227,0.0,ETH-27SEP19-180-C,208.2,0.0,0.134,40.0,0.609,10.0,400.63,0.28434,-0.23754,0.1646,0.00414,0.71349
209.65,ETH-27DEC19,1564484346780,open,0.07,536.0,0.029,0.113,0.07167,100.69,0.071,0.0,ETH-27DEC19-400-C,208.2,97.86,0.066,271.0,0.076,110.0,102.8,0.42571,-0.143,0.15238,0.00234,0.24868
209.65,ETH-27DEC19,1564484346782,open,1.52,37.0,1.422,1.616,1.516591,101.37,0.707,0.0,ETH-27DEC19-520-P,208.2,0.0,0.002,25.0,0.0,0.0,0.0,0.30118,-0.10185,-2.04463,0.00165,-0.85851
208.01,ETH-27SEP19,1564484346782,open,0.06,2007.0,0.025,0.094,0.060648,99.41,0.066,0.0,ETH-27SEP19-280-C,208.2,96.75,0.057,251.0,0.064,110.0,101.82,0.28732,-0.24257,0.07794,0.00414,0.29295
9529.47,BTC-27SEP19,1564484346784,open,0.7,34.4,0.654,0.7545,0.70237977,99.46,0.6695,0.0,BTC-27SEP19-16000-P,9490.07,0.0,0.005,10.0,1.278,0.2,500.0,8.36029,-7.06152,-24.07429,6e-05,-0.8638
9667.32,BTC-27DEC19,1564484346784,open,1.92,0.1,1.8465,2.0025,1.91998954,102.29,2.035,0.0,BTC-27DEC19-28000-P,9490.07,0.0,0.001,1.0,0.0,0.0,0.0,10.6903,-3.64821,-112.03196,3e-05,-0.90227
208.01,ETH-27SEP19,1564484346786,open,0.0,2654.0,0.001,0.012,0.002508,107.04,0.004,0.0,ETH-27SEP19-560-C,208.2,95.92,0.001,434.0,0.004,800.0,114.03,0.03763,-0.03421,0.00532,0.0005,0.01837
208.01,ETH-27SEP19,1564484346786,open,0.62,0.0,0.604,0.63,0.61689,110.3,None,0.0,ETH-27SEP19-80-C,208.2,0.0,0.003,10.0,0.0,0.0,0.0,0.01969,-0.01845,0.12563,0.00026,0.99131
208.19,SYN.ETH-2AUG19,1564484346789,open,0.23,0.0,0.208,0.256,0.23214,139.93,None,0.0,ETH-2AUG19-160-C,208.2,0.0,0.0,0.0,0.0,0.0,0.0,0.00682,-0.16596,0.01236,0.00143,0.98544
208.01,ETH-27SEP19,1564484346792,open,0.0,3439.0,0.001,0.011,0.001182,113.45,0.003,0.0,ETH-27SEP19-680-C,208.2,0.0,0.0,0.0,0.002,401.0,120.42,0.02001,-0.01928,0.00257,0.00025,0.00885
209.65,ETH-27DEC19,1564484346792,open,0.06,623.0,0.02,0.094,0.056254,100.72,0.057,0.0,ETH-27DEC19-440-C,208.2,98.91,0.053,581.0,0.06,110.0,102.76,0.38107,-0.12805,0.12756,0.0021,0.20443
208.1,SYN.ETH-30AUG19,1564484346792,open,0.25,0.0,0.22,0.285,0.25525,98.25,None,0.0,ETH-30AUG19-160-C,208.2,0.0,0.0,0.0,0.0,0.0,0.0,0.13728,-0.21842,0.10576,0.00381,0.85604
208.19,SYN.ETH-2AUG19,1564484346796,open,0.39,0.0,0.353,0.437,0.393194,145.0,None,0.0,ETH-2AUG19-290-P,208.2,0.0,0.0,0.0,0.0,0.0,0.0,0.00315,-0.07949,-0.02275,0.00064,-0.99398
9529.47,BTC-27SEP19,1564484346798,open,0.61,29.6,0.5555,0.6565,0.60478182,98.59,0.58,0.0,BTC-27SEP19-15000-P,9490.07,0.0,0.005,10.0,0.632,1.4,122.12,9.74451,-8.15883,-22.02943,7e-05,-0.82837
208.01,ETH-27SEP19,1564484346798,open,0.19,2068.0,0.134,0.241,0.191672,98.46,0.186,0.0,ETH-27SEP19-220-P,208.2,94.29,0.185,120.0,0.198,230.0,102.42,0.33276,-0.27825,-0.22458,0.00484,-0.47767
208.19,SYN.ETH-2AUG19,1564484346798,open,0.0,14.0,0.001,0.011,0.000503,143.64,0.001,0.0,ETH-2AUG19-280-C,208.2,0.0,0.0,0.0,0.001,300.0,157.71,0.00573,-0.1048,0.00019,0.00117,0.0119
9667.32,BTC-27DEC19,1564484346801,open,0.06,280.5,0.0285,0.09,0.05873099,95.69,0.059,0.0,BTC-27DEC19-6000-P,9490.07,91.61,0.053,6.0,0.0565,5.0,94.11,13.72596,-4.38172,-7.85198,4e-05,-0.13907
9667.32,BTC-27DEC19,1564484346801,open,0.57,16.0,0.5,0.644,0.57439376,97.98,0.5865,0.0,BTC-27DEC19-14000-P,9490.07,91.47,0.5585,5.0,0.5825,5.0,101.27,23.7911,-7.77701,-46.96225,6e-05,-0.60866
209.65,ETH-27DEC19,1564484346804,open,0.81,241.0,0.719,0.893,0.809246,100.69,0.986,0.0,ETH-27DEC19-360-P,208.2,0.0,0.008,4.0,0.867,110.0,125.1,0.4693,-0.15764,-1.29654,0.00258,-0.69685
208.01,ETH-27SEP19,1564484346810,open,0.0,2060.0,0.001,0.011,0.001486,110.3,0.003,0.0,ETH-27SEP19-80-P,208.2,0.0,0.0,0.0,0.003,791.0,122.84,0.01969,-0.01845,-0.00341,0.00026,-0.00869
9491.99,SYN.BTC-2AUG19,1564484346810,open,0.21,0.0,0.194,0.229,0.21057664,128.38,None,0.0,BTC-2AUG19-7500-C,9490.07,0.0,0.01,10.0,0.0,0.0,0.0,0.35218,-7.86083,0.57777,4e-05,0.98317
208.01,ETH-27SEP19,1564484346812,open,0.0,3279.0,0.001,0.013,0.003512,105.23,0.006,0.0,ETH-27SEP19-520-C,208.2,97.6,0.002,100.0,0.005,500.0,110.82,0.04914,-0.04392,0.00727,0.00067,0.02519
208.19,SYN.ETH-2AUG19,1564484346812,open,0.0,197.0,0.001,0.011,0.000103,145.0,0.003,0.0,ETH-2AUG19-300-C,208.2,0.0,0.0,0.0,0.001,304.0,187.83,0.00157,-0.02146,4e-05,0.00032,0.00277
208.01,ETH-27SEP19,1564484346814,open,0.28,392.0,0.24,0.317,0.282821,98.37,0.51,0.0,ETH-27SEP19-160-C,208.2,0.0,0.136,42.0,0.0,0.0,0.0,0.22991,-0.19208,0.1754,0.00335,0.80558
208.01,ETH-27SEP19,1564484346814,open,0.0,4512.0,0.001,0.014,0.004127,102.06,0.007,0.0,ETH-27SEP19-100-P,208.2,90.3,0.002,1.0,0.006,300.0,109.66,0.04585,-0.03974,-0.00917,0.00064,-0.0232
9667.32,BTC-27DEC19,1564484346814,open,0.27,171.4,0.211,0.317,0.2685618,95.68,0.26,0.0,BTC-27DEC19-9000-C,9490.07,93.73,0.264,3.6,0.27,5.0,96.3,22.59643,-7.21304,15.69464,6e-05,0.66393
209.65,ETH-27DEC19,1564484346816,open,0.03,1449.0,0.008,0.057,0.029104,101.37,0.028,0.0,ETH-27DEC19-560-C,208.2,99.67,0.027,300.0,0.031,110.0,102.85,0.26473,-0.08953,0.07607,0.00145,0.11747
208.19,SYN.ETH-2AUG19,1564484346816,open,0.0,742.0,0.001,0.015,0.003043,107.3,0.006,0.0,ETH-2AUG19-240-C,208.2,106.95,0.003,1.0,0.004,250.0,114.46,0.02594,-0.48399,0.00117,0.00708,0.07419
208.01,ETH-27SEP19,1564484346820,open,2.46,0.0,2.361,2.572,2.462375,115.96,None,0.0,ETH-27SEP19-720-P,208.2,0.0,0.0,0.0,0.0,0.0,0.0,0.01727,-0.01701,-1.15921,0.00021,-0.99252
208.1,SYN.ETH-30AUG19,1564484346820,open,0.64,0.0,0.588,0.698,0.641357,101.62,None,0.0,ETH-30AUG19-340-P,208.2,0.0,0.0,0.0,0.0,0.0,0.0,0.07683,-0.12643,-0.27748,0.00206,-0.9349
209.65,ETH-27DEC19,1564484346822,open,1.89,0.0,1.786,1.992,1.885413,101.37,0.953,0.0,ETH-27DEC19-600-P,208.2,0.0,0.0,0.0,0.0,0.0,0.0,0.23204,-0.07847,-2.39971,0.00127,-0.90215
208.01,ETH-27SEP19,1564484346824,open,0.33,1264.0,0.265,0.386,0.329161,99.14,0.357,0.0,ETH-27SEP19-260-P,208.2,0.0,0.006,7.0,0.337,110.0,104.33,0.31224,-0.26289,-0.32552,0.00451,-0.64103
208.17,SYN.ETH-9AUG19,1564484346824,open,0.05,83.0,0.016,0.081,0.048473,103.12,0.047,0.0,ETH-9AUG19-200-P,208.2,99.15,0.046,10.0,0.052,380.0,108.77,0.12975,-0.6774,-0.02381,0.01073,-0.37418
208.19,SYN.ETH-2AUG19,1564484346826,open,0.35,0.0,0.306,0.389,0.345424,143.64,None,0.0,ETH-2AUG19-280-P,208.2,0.0,0.0,0.0,0.0,0.0,0.0,0.00573,-0.14307,-0.02187,0.00117,-0.9881
208.01,ETH-27SEP19,1564484346828,open,0.71,0.0,0.703,0.722,0.712544,133.89,0.01,0.0,ETH-27SEP19-60-C,208.2,0.0,0.003,10.0,0.0,0.0,0.0,0.01193,-0.01356,0.0948,0.00013,0.99507
9529.44,BTC-27SEP19,1564484346828,open,0.23,899.9,0.1935,0.27,0.2345547,95.77,0.2375,0.0,BTC-27SEP19-8000-C,9490.07,86.01,0.222,0.3,0.3165,5.0,157.2,12.3838,-10.07152,7.78836,9e-05,0.74124
209.65,ETH-27DEC19,1564484346832,open,1.7,0.0,1.603,1.803,1.700223,101.37,0.845,0.0,ETH-27DEC19-560-P,208.2,0.0,0.0,0.0,0.0,0.0,0.0,0.26473,-0.08953,-2.22339,0.00145,-0.88253
209.65,ETH-27DEC19,1564484346832,open,0.05,2244.0,0.022,0.076,0.049179,99.51,0.04,0.0,ETH-27DEC19-120-P,208.2,96.14,0.045,50.0,0.051,421.0,100.96,0.26282,-0.08725,-0.14244,0.00146,-0.11628
208.01,ETH-27SEP19,1564484346832,open,0.0,3419.0,0.001,0.011,0.001597,112.34,0.003,0.0,ETH-27SEP19-640-C,208.2,106.65,0.001,50.0,0.002,292.0,115.36,0.02561,-0.02443,0.0034,0.00033,0.01174
208.1,SYN.ETH-30AUG19,1564484346834,open,0.01,678.0,0.001,0.02,0.008905,98.6,0.006,0.0,ETH-30AUG19-140-P,208.2,93.04,0.007,789.0,0.011,350.0,104.1,0.07542,-0.12043,-0.01276,0.00209,-0.06356
208.1,SYN.ETH-30AUG19,1564484346834,open,0.05,283.0,0.022,0.081,0.051411,97.97,0.05,0.0,ETH-30AUG19-180-P,208.2,94.32,0.048,383.0,0.055,383.0,101.78,0.19528,-0.30982,-0.05435,0.00544,-0.25734
