underlying_price,underlying_index,timestamp,state,settlement_price,open_interest,min_price,max_price,mark_price,mark_iv,last_price,interest_rate,instrument_name,index_price,bid_iv,best_bid_price,best_bid_amount,best_ask_price,best_ask_amount,ask_iv,vega,theta,rho,gamma,delta
10193.13,SYN.BTC-20SEP19,1568285940018,open,0.34,0.0,0.2985,0.3545,0.32520504,88.03,None,0.0,BTC-20SEP19-13500-P,10157.2,0.0,0.0,0.0,0.0,0.0,0.0,0.64721,-3.61705,-2.87615,3e-05,-0.9825
10161.2,SYN.BTC-13SEP19,1568285940055,open,0.19,2.1,0.158,0.206,0.18100456,119.26,0.1575,0.0,BTC-13SEP19-12000-P,10157.2,0.0,0.163,3.0,0.1975,3.0,351.15,0.03743,-2.23162,-0.28732,1e-05,-0.99759
10545.57,SYN.BTC-27MAR20,1568285940079,open,0.18,103.3,0.13,0.23,0.18209624,79.41,0.177,0.0,BTC-27MAR20-12000-C,10157.2,78.87,0.1805,10.0,0.189,21.6,81.78,30.82215,-6.21631,19.67199,6e-05,0.52794
10545.57,SYN.BTC-27MAR20,1568285940092,open,0.02,23.2,0.0055,0.045,0.02032383,89.2,0.019,0.0,BTC-27MAR20-32000-C,10157.2,87.58,0.0185,19.0,0.022,24.0,90.63,12.14104,-2.75048,3.72669,2e-05,0.08584
10545.57,SYN.BTC-27MAR20,1568285940179,open,0.46,3.7,0.4395,0.494,0.46697598,77.85,0.46,0.0,BTC-27MAR20-6000-C,10157.2,68.06,0.455,7.0,0.4865,7.0,91.85,13.75497,-2.7195,24.53739,3e-05,0.89836
10432.99,BTC-27DEC19,1568285940210,open,0.35,51.5,0.331,0.384,0.35753101,75.6,0.3655,0.0,BTC-27DEC19-7000-C,10157.2,69.72,0.3515,10.0,0.363,10.0,80.58,11.12599,-3.97235,15.86354,5e-05,0.88173
10545.57,SYN.BTC-27MAR20,1568285940216,open,0.63,0.1,0.5555,0.6895,0.62277276,82.32,0.62,0.0,BTC-27MAR20-16000-P,10157.2,65.35,0.579,3.0,0.6545,3.0,93.73,28.66538,-5.99266,-72.43857,6e-05,-0.65073
10161.2,SYN.BTC-13SEP19,1568285940220,open,0.0,262.2,0.0005,0.0105,2.7e-07,120.0,0.0005,0.0,BTC-13SEP19-8000-P,10157.2,0.0,0.0,0.0,0.0005,5.0,223.78,0.00045,-0.00279,-1e-05,0.0,-2e-05
10161.2,SYN.BTC-13SEP19,1568285940234,open,0.07,0.0,0.0375,0.0835,0.05929751,79.88,None,0.0,BTC-13SEP19-10750-P,10157.2,0.0,0.056,6.0,0.0605,6.0,94.23,0.72434,-28.93018,-0.23928,0.00037,-0.92222
10545.57,SYN.BTC-27MAR20,1568285940251,open,1.15,0.0,1.0695,1.2095,1.13699786,84.8,None,0.0,BTC-27MAR20-22000-P,10157.2,0.0,0.0005,10.0,0.0,0.0,0.0,21.17428,-4.55999,-110.61561,4e-05,-0.80768
10545.57,SYN.BTC-27MAR20,1568285940259,open,1.71,0.0,1.6135,1.762,1.68373039,87.72,None,0.0,BTC-27MAR20-28000-P,10157.2,0.0,0.0005,10.0,0.0,0.0,0.0,15.15583,-3.3765,-146.03736,3e-05,-0.88368
10289.05,SYN.BTC-25OCT19,1568285940259,open,0.01,258.2,0.0025,0.028,0.01229588,79.29,0.0115,0.0,BTC-25OCT19-15000-C,10157.2,78.81,0.012,4.0,0.0125,4.1,79.62,6.43072,-5.94622,1.12549,7e-05,0.10542
179.59,ETH-27SEP19,1568285940261,open,0.0,7916.0,0.001,0.011,0.0,120.0,0.001,0.0,ETH-27SEP19-760-C,178.47,0.0,0.0,0.0,0.001,101.0,261.4,0.0,0.0,0.0,0.0,0.0
179.59,ETH-27SEP19,1568285940265,open,0.0,3439.0,0.001,0.011,0.0,120.0,0.001,0.0,ETH-27SEP19-680-C,178.47,0.0,0.0,0.0,0.001,105.0,244.48,0.0,0.0,0.0,0.0,0.0
179.06,SYN.ETH-20SEP19,1568285940269,open,0.0,0.0,0.001,0.011,0.000541,119.09,None,0.0,ETH-20SEP19-120-P,178.47,0.0,0.0,0.0,0.001,100.0,129.64,0.00625,-0.04722,-0.00036,0.00076,-0.00876
179.59,ETH-27SEP19,1568285940279,open,0.0,5974.0,0.001,0.011,0.000464,120.0,0.001,0.0,ETH-27SEP19-100-P,178.47,0.0,0.0,0.0,0.001,100.0,132.51,0.00577,-0.02329,-0.00044,0.00037,-0.00557
182.84,ETH-27DEC19,1568285940283,open,0.1,2442.0,0.061,0.137,0.099124,76.89,0.095,0.0,ETH-27DEC19-160-P,178.47,74.68,0.095,100.0,0.101,260.0,77.9,0.34151,-0.12401,-0.21078,0.00458,-0.29831
182.84,ETH-27DEC19,1568285940285,open,0.01,820.0,0.003,0.03,0.013214,94.46,0.011,0.0,ETH-27DEC19-440-C,178.47,92.75,0.012,500.0,0.014,320.0,95.53,0.13301,-0.05934,0.03041,0.00145,0.07055
182.84,ETH-27DEC19,1568285940289,open,0.01,8379.0,0.001,0.016,0.005405,102.46,0.006,0.0,ETH-27DEC19-600-C,178.47,98.27,0.004,1200.0,0.006,100.0,104.02,0.06742,-0.03262,0.01316,0.00068,0.03022
182.84,ETH-27DEC19,1568285940289,open,2.76,0.0,2.612,2.844,2.723122,106.46,None,0.0,ETH-27DEC19-680-P,178.47,0.0,0.002,10.0,0.0,0.0,0.0,0.05274,-0.02652,-1.96266,0.00051,-0.97747
179.59,ETH-27SEP19,1568285940289,open,0.0,2060.0,0.001,0.011,1.8e-05,120.0,0.003,0.0,ETH-27SEP19-80-P,178.47,0.0,0.0,0.0,0.001,110.0,177.97,0.00036,-0.00147,-2e-05,2e-05,-0.00027
179.59,ETH-27SEP19,1568285940291,open,0.12,647.0,0.095,0.157,0.127928,75.96,0.125,0.0,ETH-27SEP19-160-C,178.47,68.87,0.124,280.0,0.131,280.0,81.24,0.1025,-0.26168,0.04895,0.01027,0.79671
179.59,ETH-27SEP19,1568285940298,open,0.0,5725.0,0.001,0.011,4.5e-05,120.0,0.001,0.0,ETH-27SEP19-400-C,178.47,0.0,0.0,0.0,0.001,206.0,159.65,0.00091,-0.00366,5e-05,6e-05,0.00073
179.59,ETH-27SEP19,1568285940298,open,0.0,2951.0,0.001,0.011,0.000204,120.0,0.006,0.0,ETH-27SEP19-360-C,178.47,0.0,0.0,0.0,0.001,100.0,141.79,0.0033,-0.01332,0.0002,0.00021,0.00298
182.84,ETH-27DEC19,1568285940298,open,0.0,2902.0,0.001,0.014,0.004023,106.46,0.003,0.0,ETH-27DEC19-680-C,178.47,102.55,0.003,1000.0,0.004,100.0,106.38,0.05274,-0.02652,0.00982,0.00051,0.02253
179.59,ETH-27SEP19,1568285940315,open,0.0,1897.0,0.001,0.011,9.6e-05,120.01,0.001,0.0,ETH-27SEP19-380-C,178.47,0.0,0.0,0.0,0.001,100.0,151.01,0.00174,-0.00704,0.0001,0.00011,0.00148
179.59,ETH-27SEP19,1568285940315,open,0.0,2663.0,0.001,0.011,0.000434,120.0,0.001,0.0,ETH-27SEP19-340-C,178.47,0.0,0.0,0.0,0.001,100.0,131.92,0.00614,-0.02478,0.00041,0.00039,0.00598
179.59,ETH-27SEP19,1568285940315,open,0.0,3875.0,0.001,0.014,0.004475,88.27,0.004,0.0,ETH-27SEP19-240-C,178.47,81.62,0.003,420.0,0.005,100.0,90.33,0.04431,-0.13147,0.00421,0.00382,0.06201
182.84,ETH-27DEC19,1568285940315,open,0.13,2128.0,0.086,0.169,0.130286,77.6,0.131,0.0,ETH-27DEC19-200-C,178.47,75.14,0.125,202.0,0.134,240.0,79.33,0.39285,-0.14397,0.19488,0.00522,0.49774
179.59,ETH-27SEP19,1568285940315,open,0.0,11101.0,0.001,0.013,0.00374,79.78,0.004,0.0,ETH-27SEP19-140-P,178.47,76.14,0.003,460.0,0.005,505.0,85.22,0.03852,-0.1033,-0.00407,0.00367,-0.0519
179.59,ETH-27SEP19,1568285940315,open,0.0,2698.0,0.001,0.011,0.0,120.0,0.001,0.0,ETH-27SEP19-720-C,178.47,0.0,0.0,0.0,0.001,322.0,253.21,0.0,0.0,0.0,0.0,0.0
179.59,ETH-27SEP19,1568285940315,open,3.27,0.0,3.109,3.362,3.231861,120.0,None,0.0,ETH-27SEP19-760-P,178.47,0.0,0.0,0.0,0.0,0.0,0.0,0.0,0.0,-0.30974,0.0,-1.0
182.84,ETH-27DEC19,1568285940317,open,0.01,3093.0,0.001,0.02,0.007627,97.74,0.008,0.0,ETH-27DEC19-520-C,178.47,94.16,0.006,700.0,0.009,300.0,100.42,0.08915,-0.04115,0.0185,0.00094,0.04251
182.84,ETH-27DEC19,1568285940317,open,0.01,4383.0,0.001,0.016,0.005915,99.09,0.005,0.0,ETH-27DEC19-560-C,178.47,93.71,0.004,740.0,0.007,100.0,101.64,0.07355,-0.03442,0.01467,0.00077,0.03358
182.84,ETH-27DEC19,1568285940323,open,0.05,1058.0,0.021,0.081,0.049747,83.12,0.059,0.0,ETH-27DEC19-280-C,178.47,80.82,0.046,240.0,0.053,240.0,85.07,0.30137,-0.1183,0.09733,0.00374,0.23325
179.59,ETH-27SEP19,1568285940323,open,0.07,6454.0,0.03,0.093,0.061399,74.8,0.073,0.0,ETH-27SEP19-180-P,178.47,70.57,0.058,120.0,0.065,100.0,79.28,0.14438,-0.36296,-0.03933,0.01468,-0.47592
179.59,ETH-27SEP19,1568285940325,open,0.0,6399.0,0.001,0.011,0.0,120.0,0.001,0.0,ETH-27SEP19-520-C,178.47,0.0,0.0,0.0,0.001,340.0,202.53,2e-05,-6e-05,0.0,0.0,1e-05
179.59,ETH-27SEP19,1568285940325,open,2.82,0.0,2.676,2.903,2.786192,0.0,None,0.0,ETH-27SEP19-680-P,178.47,0.0,0.0,0.0,0.0,0.0,0.0,0.0,0.0,-0.27714,0.0,-1.0
182.84,ETH-27DEC19,1568285940325,open,0.0,2613.0,0.001,0.013,0.003379,107.69,0.002,0.0,ETH-27DEC19-720-C,178.47,101.16,0.002,1000.0,0.004,100.0,110.03,0.04581,-0.0233,0.00833,0.00044,0.01908
182.84,ETH-27DEC19,1568285940325,open,3.2,0.0,3.037,3.292,3.15933,108.04,None,0.0,ETH-27DEC19-760-P,178.47,0.0,0.0,0.0,0.0,0.0,0.0,0.03832,-0.01955,-2.19775,0.00037,-0.98452
184.81,SYN.ETH-27MAR20,1568285940328,open,1.24,0.0,1.131,1.314,1.220948,90.22,None,0.0,ETH-27MAR20-400-P,178.47,0.0,0.001,10.0,1.256,3.0,105.69,0.38244,-0.08763,-2.01245,0.0023,-0.79786
180.59,SYN.ETH-25OCT19,1568285940331,open,0.06,112.0,0.026,0.081,0.052816,77.58,0.056,0.0,ETH-25OCT19-160-P,178.47,75.13,0.05,128.0,0.056,455.0,80.34,0.2077,-0.18791,-0.07022,0.00699,-0.27819
10289.05,SYN.BTC-25OCT19,1568285940368,open,0.41,8.3,0.4055,0.4335,0.41906225,81.79,0.431,0.0,BTC-25OCT19-6000-C,10157.2,0.0,0.4085,8.0,0.431,8.0,120.89,1.67141,-1.59419,6.78566,2e-05,0.9805
10289.05,SYN.BTC-25OCT19,1568285940372,open,0.09,94.4,0.053,0.116,0.08424457,72.63,0.095,0.0,BTC-25OCT19-10000-P,10157.2,70.56,0.0815,4.4,0.086,13.6,73.95,13.67249,-11.57969,-5.92014,0.00015,-0.40558
182.84,ETH-27DEC19,1568285940397,open,0.17,506.0,0.125,0.21,0.17067,76.9,0.182,0.0,ETH-27DEC19-180-C,178.47,74.67,0.166,179.0,0.174,240.0,78.5,0.38125,-0.13846,0.22597,0.00511,0.59673
10432.99,BTC-27DEC19,1568285940398,open,0.11,309.7,0.069,0.147,0.10887503,75.86,0.111,0.0,BTC-27DEC19-12000-C,10157.2,74.74,0.1065,13.0,0.112,5.4,77.33,22.20356,-7.95448,10.17328,9e-05,0.44504
10289.05,SYN.BTC-25OCT19,1568285940399,open,0.01,777.4,0.0005,0.016,0.00555262,82.73,0.0045,0.0,BTC-25OCT19-17000-C,10157.2,81.16,0.005,10.0,0.0065,46.7,85.22,3.73134,-3.59974,0.55696,4e-05,0.05163
180.59,SYN.ETH-25OCT19,1568285940410,open,0.1,474.0,0.07,0.14,0.10707,77.46,0.112,0.0,ETH-25OCT19-180-C,178.47,75.19,0.104,336.0,0.111,410.0,80.36,0.24434,-0.22071,0.09559,0.00823,0.55767
10432.99,BTC-27DEC19,1568285940403,open,0.28,224.4,0.253,0.318,0.28638131,74.67,0.291,0.0,BTC-27DEC19-8000-C,10157.2,73.05,0.284,10.0,0.2895,4.6,76.75,15.4688,-5.45447,15.70943,7e-05,0.80548
10193.13,SYN.BTC-20SEP19,1568285940416,open,0.26,0.0,0.2495,0.281,0.26482624,95.65,None,0.0,BTC-20SEP19-7500-C,10157.2,0.0,0.0,0.0,0.3205,0.1,306.91,0.47108,-2.86065,1.59032,2e-05,0.9879
10432.99,BTC-27DEC19,1568285940414,open,0.14,612.2,0.097,0.1775,0.1388843,75.12,0.132,0.0,BTC-27DEC19-11000-C,10157.2,73.78,0.136,20.2,0.141,2.0,76.11,22.35942,-7.9325,11.79083,9e-05,0.5285
10432.99,BTC-27DEC19,1568285940421,open,0.07,496.4,0.0345,0.1025,0.06760378,77.44,0.063,0.0,BTC-27DEC19-14000-C,10157.2,76.33,0.0655,16.0,0.07,0.2,78.7,19.81675,-7.24744,7.32827,8e-05,0.30976
182.84,ETH-27DEC19,1568285940463,open,0.16,159.0,0.108,0.2,0.155084,76.88,0.168,0.0,ETH-27DEC19-180-P,178.47,74.44,0.15,243.0,0.161,240.0,79.72,0.38126,-0.13842,-0.29614,0.00511,-0.40329
184.81,SYN.ETH-27MAR20,1568285940483,open,1.45,0.0,1.333,1.523,1.425797,90.8,None,0.0,ETH-27MAR20-440-P,178.47,0.0,0.002,10.0,1.469,3.0,111.18,0.33914,-0.0782,-2.25201,0.00203,-0.83332
10161.2,SYN.BTC-13SEP19,1568285940498,open,0.0,587.1,0.0005,0.018,0.00365217,73.89,0.003,0.0,BTC-13SEP19-10500-C,10157.2,68.78,0.003,9.6,0.004,5.3,76.49,1.3384,-37.11042,0.04475,0.00073,0.18722
10193.13,SYN.BTC-20SEP19,1568285940511,open,0.0,123.8,0.0005,0.0105,0.00060231,94.16,0.0005,0.0,BTC-20SEP19-14000-C,10157.2,0.0,0.0,0.0,0.001,48.9,100.9,0.50239,-3.00328,0.02734,2e-05,0.01303
180.59,SYN.ETH-25OCT19,1568285940547,open,0.06,427.0,0.035,0.097,0.066454,78.1,0.067,0.0,ETH-25OCT19-200-C,178.47,76.25,0.064,96.0,0.07,556.0,80.77,0.23947,-0.2181,0.07123,0.008,0.40224
10193.13,SYN.BTC-20SEP19,1568285940555,open,0.01,104.6,0.0005,0.0175,0.00562836,71.23,0.0065,0.0,BTC-20SEP19-9000-P,10157.2,68.86,0.005,30.0,0.0065,29.4,74.36,2.76206,-12.49124,-0.24796,0.00017,-0.10711
10545.57,SYN.BTC-27MAR20,1568285940565,open,2.08,0.0,1.9815,2.1375,2.05477964,89.21,None,0.0,BTC-27MAR20-32000-P,10157.2,0.0,0.0005,10.0,0.0,0.0,0.0,12.14293,-2.75106,-168.87597,2e-05,-0.91414
10161.2,SYN.BTC-13SEP19,1568285940570,open,0.0,490.2,0.0005,0.0105,2e-07,120.0,0.0005,0.0,BTC-13SEP19-13000-C,10157.2,0.0,0.0,0.0,0.0005,3.0,222.17,0.00034,-0.00203,0.0,0.0,2e-05
182.84,ETH-27DEC19,1568285940606,open,0.31,242.0,0.245,0.36,0.304337,79.08,0.371,0.0,ETH-27DEC19-220-P,178.47,75.57,0.297,264.0,0.311,240.0,82.25,0.38334,-0.14317,-0.47306,0.005,-0.58762
10161.2,SYN.BTC-13SEP19,1568285940611,open,0.16,20.5,0.1465,0.1805,0.16350424,121.08,0.175,0.0,BTC-13SEP19-8500-C,10157.2,0.0,0.158,5.0,0.173,5.0,324.58,0.01957,-1.18444,0.20364,1e-05,0.99882
178.54,SYN.ETH-13SEP19,1568285940644,open,0.0,431.0,0.001,0.011,2.3e-05,119.96,0.006,0.0,ETH-13SEP19-150-P,178.47,0.0,0.0,0.0,0.001,200.0,189.53,0.0004,-0.00417,-1e-05,0.00043,-0.00138
10289.05,SYN.BTC-25OCT19,1568285940644,open,0.48,0.0,0.434,0.51,0.4701792,79.33,None,0.0,BTC-25OCT19-15000-P,10157.2,0.0,0.0,0.0,0.0,0.0,0.0,6.43651,-5.95439,-16.49335,7e-05,-0.89445
10545.57,SYN.BTC-27MAR20,1568285940656,open,0.04,80.5,0.0165,0.059,0.03593645,77.85,0.036,0.0,BTC-27MAR20-6000-P,10157.2,75.96,0.0335,22.0,0.0365,6.0,78.28,13.7551,-2.71955,-7.82588,3e-05,-0.10165
10432.99,BTC-27DEC19,1568285940661,open,0.11,309.7,0.069,0.147,0.10887503,75.86,0.111,0.0,BTC-27DEC19-12000-C,10157.2,74.74,0.1065,13.0,0.1115,4.7,77.09,22.20356,-7.95448,10.17328,9e-05,0.44504
10432.99,BTC-27DEC19,1568285940671,open,0.27,87.4,0.2095,0.307,0.25907262,75.86,0.26,0.0,BTC-27DEC19-12000-P,10157.2,73.94,0.255,14.4,0.264,21.4,78.17,22.20355,-7.95442,-24.63518,9e-05,-0.55496
10289.05,SYN.BTC-25OCT19,1568285940680,open,0.0,255.1,0.0005,0.012,0.00221558,81.85,0.002,0.0,BTC-25OCT19-6000-P,10157.2,76.92,0.0015,29.0,0.003,34.4,86.23,1.67575,-1.59945,-0.26323,2e-05,-0.01956
10161.2,SYN.BTC-13SEP19,1568285940685,open,0.0,412.1,0.0005,0.0105,3.46e-06,120.0,0.0005,0.0,BTC-13SEP19-12500-C,10157.2,0.0,0.0,0.0,0.0005,5.3,191.72,0.00442,-0.03515,6e-05,0.0,0.00024
10432.99,BTC-27DEC19,1568285940686,open,0.01,312.2,0.0035,0.0265,0.01313798,77.03,0.013,0.0,BTC-27DEC19-6000-P,10157.2,76.05,0.0125,21.0,0.014,6.8,78.33,6.83909,-2.48794,-2.264,3e-05,-0.06167
10432.99,BTC-27DEC19,1568285940692,open,0.2,240.6,0.1465,0.238,0.1932321,75.12,0.19,0.0,BTC-27DEC19-11000-P,10157.2,73.38,0.1895,23.4,0.1965,4.7,76.65,22.35945,-7.93201,-20.11686,9e-05,-0.47151
10545.57,SYN.BTC-27MAR20,1568285940705,open,0.08,103.8,0.0415,0.1255,0.08199269,83.37,0.0795,0.0,BTC-27MAR20-18000-C,10157.2,81.96,0.0785,17.0,0.0855,10.0,84.77,26.30834,-5.57018,11.5656,5e-05,0.28532
10432.99,BTC-27DEC19,1568285940702,open,0.09,571.5,0.055,0.1245,0.08930543,74.57,0.095,0.0,BTC-27DEC19-9000-P,10157.2,72.76,0.086,48.6,0.0915,13.0,75.77,19.06955,-6.71508,-11.32084,8e-05,-0.28478
10432.99,BTC-27DEC19,1568285940709,open,0.06,583.3,0.0275,0.0815,0.05317971,74.66,0.0565,0.0,BTC-27DEC19-8000-P,10157.2,74.2,0.0525,20.0,0.055,19.3,75.89,15.4684,-5.45397,-7.49573,7e-05,-0.19451
10193.13,SYN.BTC-20SEP19,1568285940758,open,0.0,3.5,0.0005,0.0105,0.000905,108.63,0.001,0.0,BTC-20SEP19-14500-C,10157.2,0.0,0.0,0.0,0.001,8.0,110.14,0.61951,-4.27243,0.03459,3e-05,0.01663
10193.2,SYN.BTC-20SEP19,1568285940772,open,0.0,131.9,0.0005,0.0115,0.00189174,77.94,0.0025,0.0,BTC-20SEP19-12500-C,10157.2,74.78,0.0015,5.8,0.0025,30.0,82.17,1.35002,-6.68019,0.08887,8e-05,0.0423
10545.6,SYN.BTC-27MAR20,1568285940785,open,0.04,55.3,0.015,0.075,0.0409388,85.56,0.0425,0.0,BTC-27MAR20-24000-C,10157.2,84.46,0.039,18.0,0.0425,2.1,86.42,18.84239,-4.09415,6.77084,4e-05,0.15997
178.54,SYN.ETH-13SEP19,1568285940788,open,0.0,604.0,0.001,0.011,0.000349,107.98,0.001,0.0,ETH-13SEP19-160-P,178.47,0.0,0.0,0.0,0.001,100.0,128.9,0.00385,-0.06235,-8e-05,0.00467,-0.01791
10545.6,SYN.BTC-27MAR20,1568285940788,open,0.02,24.7,0.007,0.0505,0.02387679,88.39,0.023,0.0,BTC-27MAR20-30000-C,10157.2,86.89,0.022,18.0,0.0255,10.0,89.63,13.51601,-3.0341,4.28633,3e-05,0.09923
10193.03,SYN.BTC-20SEP19,1568285940831,open,0.02,65.5,0.002,0.031,0.01356563,67.8,0.017,0.0,BTC-20SEP19-9500-P,10157.2,66.51,0.013,1.0,0.0145,13.6,69.91,4.48578,-19.30815,-0.52377,0.0003,-0.22458
10545.55,SYN.BTC-27MAR20,1568285940838,open,0.1,179.2,0.0615,0.137,0.09904831,77.85,0.1005,0.0,BTC-27MAR20-8000-P,10157.2,75.99,0.095,19.0,0.1,4.9,78.29,22.98766,-4.54488,-18.20047,5e-05,-0.22093
180.59,SYN.ETH-25OCT19,1568285940843,open,0.01,2063.0,0.001,0.024,0.010215,84.62,0.011,0.0,ETH-25OCT19-280-C,178.47,80.23,0.008,492.0,0.012,220.0,87.81,0.09698,-0.0957,0.01603,0.00299,0.08579
182.84,ETH-27DEC19,1568285940846,open,0.04,180.0,0.016,0.069,0.04024,84.48,0.044,0.0,ETH-27DEC19-300-C,178.47,82.26,0.037,220.0,0.044,252.0,86.97,0.27122,-0.10821,0.0819,0.00331,0.19467
180.59,SYN.ETH-25OCT19,1568285940852,open,0.02,70.0,0.008,0.047,0.025249,80.96,0.028,0.0,ETH-25OCT19-240-C,178.47,78.48,0.023,128.0,0.028,503.0,83.88,0.16672,-0.1574,0.03447,0.00538,0.18773
178.54,SYN.ETH-13SEP19,1568285940862,open,0.04,607.0,0.019,0.079,0.050216,85.16,0.036,0.0,ETH-13SEP19-170-C,178.47,0.0,0.047,140.0,0.053,40.0,110.0,0.01707,-0.72701,0.00357,0.02622,0.88404
10289.15,SYN.BTC-25OCT19,1568285940880,open,0.67,0.0,0.6215,0.6985,0.65782044,82.84,None,0.0,BTC-25OCT19-17000-P,10157.2,0.0,0.0,0.0,0.0,0.0,0.0,3.74787,-3.62075,-19.40958,4e-05,-0.94808
10193.2,SYN.BTC-20SEP19,1568285940888,open,0.39,0.0,0.347,0.4045,0.37408988,94.62,None,0.0,BTC-20SEP19-14000-P,10157.2,0.0,0.0,0.0,0.0,0.0,0.0,0.51546,-3.09649,-2.99266,2e-05,-0.98657
10193.2,SYN.BTC-20SEP19,1568285940910,open,0.0,0.0,0.0005,0.0105,0.00062314,95.81,None,0.0,BTC-20SEP19-7500-P,10157.2,0.0,0.0,0.0,0.001,8.0,102.69,0.47482,-2.88821,-0.02823,2e-05,-0.01221
178.54,SYN.ETH-13SEP19,1568285940936,open,0.0,1146.0,0.001,0.017,0.002351,84.6,0.006,0.0,ETH-13SEP19-170-P,178.47,80.76,0.002,1.0,0.003,300.0,91.1,0.01692,-0.41982,-0.0005,0.02615,-0.11448
10161.2,SYN.BTC-13SEP19,1568285940962,open,0.0,322.3,0.0005,0.0105,1e-08,120.0,0.0005,0.0,BTC-13SEP19-13500-C,10157.2,0.0,0.0,0.0,0.0005,4.0,250.89,2e-05,-9e-05,0.0,0.0,0.0
179.59,ETH-27SEP19,1568285940963,open,0.0,2008.0,0.001,0.011,0.001918,106.66,0.002,0.0,ETH-27SEP19-280-C,178.47,97.27,0.001,1223.0,0.002,100.0,107.33,0.0214,-0.07673,0.00171,0.00153,0.0253
10289.15,SYN.BTC-25OCT19,1568285940982,open,0.15,18.8,0.105,0.178,0.14185278,73.51,0.1585,0.0,BTC-25OCT19-11000-P,10157.2,69.92,0.137,6.0,0.1445,20.4,75.46,13.9329,-11.94349,-8.42673,0.00015,-0.55535
10161.2,SYN.BTC-13SEP19,1568285940985,open,0.29,0.0,0.2545,0.305,0.27937419,0.0,None,0.0,BTC-13SEP19-13000-P,10157.2,0.0,0.0,0.0,0.0,0.0,0.0,0.0,0.0,-0.31189,0.0,-1.0
10193.2,SYN.BTC-20SEP19,1568285941000,open,0.12,0.0,0.086,0.1415,0.11336092,69.93,None,0.0,BTC-20SEP19-11250-P,10157.2,0.0,0.091,5.0,0.1385,5.0,122.96,3.95204,-17.54631,-2.04912,0.00025,-0.81831
10161.2,SYN.BTC-13SEP19,1568285941004,open,0.0,115.1,0.0005,0.0155,0.00261823,77.57,0.003,0.0,BTC-13SEP19-9750-P,10157.2,71.43,0.002,13.2,0.003,0.2,81.08,1.07677,-26.60439,-0.03338,0.00056,-0.1343
178.54,SYN.ETH-13SEP19,1568285941013,open,0.01,1268.0,0.001,0.034,0.01077,73.92,0.013,0.0,ETH-13SEP19-180-C,178.47,64.63,0.009,100.0,0.013,100.0,85.54,0.03414,-1.26198,0.00174,0.0604,0.41783
10161.2,SYN.BTC-13SEP19,1568285941020,open,0.02,260.1,0.0025,0.0435,0.02274954,68.85,0.0225,0.0,BTC-13SEP19-10000-C,10157.2,64.48,0.022,4.3,0.0235,3.0,73.15,1.76006,-60.5903,0.16225,0.00103,0.6883
10161.22,SYN.BTC-13SEP19,1568285941031,open,0.09,93.4,0.0615,0.108,0.08337618,93.83,0.0985,0.0,BTC-13SEP19-11000-P,10157.2,0.0,0.08,6.6,0.0845,6.6,112.87,0.46582,-21.85344,-0.25331,0.0002,-0.9557
10545.54,SYN.BTC-27MAR20,1568285941046,open,0.2,127.9,0.1425,0.2435,0.1942588,77.85,0.205,0.0,BTC-27MAR20-10000-P,10157.2,76.11,0.1895,13.0,0.199,9.4,79.59,28.759,-5.68598,-31.09602,6e-05,-0.35243
10289.15,SYN.BTC-25OCT19,1568285941047,open,0.15,18.8,0.105,0.178,0.14185278,73.51,0.1585,0.0,BTC-25OCT19-11000-P,10157.2,69.92,0.137,6.0,0.1445,6.0,75.46,13.9329,-11.94349,-8.42673,0.00015,-0.55535
10224.94,BTC-27SEP19,1568285941055,open,0.09,4.3,0.07,0.1225,0.09708497,70.17,0.0875,0.0,BTC-27SEP19-9500-C,10157.2,68.57,0.096,4.9,0.099,4.8,73.0,6.91979,-16.32149,2.60576,0.00023,0.72238
10545.6,SYN.BTC-27MAR20,1568285941063,open,0.02,3.3,0.0045,0.041,0.01767693,90.19,0.021,0.0,BTC-27MAR20-34000-C,10157.2,88.54,0.016,5.0,0.019,24.0,91.43,11.01772,-2.52371,3.28834,2e-05,0.07549
10161.19,SYN.BTC-13SEP19,1568285941056,open,0.03,9.6,0.001,0.04,0.01832772,68.83,0.0185,0.0,BTC-13SEP19-10250-P,10157.2,59.16,0.0165,8.0,0.018,0.2,67.11,1.92861,-66.37438,-0.1496,0.00113,-0.59532
10161.2,SYN.BTC-13SEP19,1568285941065,open,0.24,0.0,0.2065,0.255,0.23017076,113.58,None,0.0,BTC-13SEP19-12500-P,10157.2,0.0,0.0,0.0,0.0,0.0,0.0,0.00215,-0.12194,-0.29987,0.0,-0.99989
10225.2,BTC-27SEP19,1568285941077,open,0.0,49.2,0.0005,0.0105,3e-08,120.0,0.0015,0.0,BTC-27SEP19-3250-P,10157.14,0.0,0.0,0.0,0.0005,48.0,226.75,6e-05,-0.00026,0.0,0.0,0.0
10225.2,BTC-27SEP19,1568285941077,open,0.01,291.2,0.0005,0.019,0.00705736,73.97,0.008,0.0,BTC-27SEP19-8500-P,10157.14,70.76,0.006,35.5,0.0075,20.0,75.26,3.48212,-8.65778,-0.42425,0.00011,-0.09475
10433.05,BTC-27DEC19,1568285941077,open,0.76,0.0,0.7515,0.771,0.76102872,108.43,None,0.0,BTC-27DEC19-2500-C,10157.14,0.0,0.0205,0.1,0.952,0.5,500.0,0.5273,-0.27,7.13865,0.0,0.99691
10433.05,BTC-27DEC19,1568285941077,open,0.01,300.5,0.0005,0.0185,0.00842284,78.2,0.0095,0.0,BTC-27DEC19-5500-P,10157.14,76.22,0.0075,46.0,0.0095,1.0,80.37,5.01371,-1.8516,-1.51851,2e-05,-0.04175
10433.05,BTC-27DEC19,1568285941077,open,0.01,331.1,0.0005,0.02,0.00705024,87.01,0.0075,0.0,BTC-27DEC19-26000-C,10157.14,84.78,0.006,33.0,0.008,47.0,88.86,5.15821,-2.11957,1.09543,2e-05,0.04325
10433.05,BTC-27DEC19,1568285941077,open,0.0,429.1,0.0005,0.011,0.00101073,97.89,0.001,0.0,BTC-27DEC19-44000-C,10157.14,91.54,0.0005,74.0,0.0015,34.0,101.99,1.07131,-0.49526,0.17607,0.0,0.00683
10433.05,BTC-27DEC19,1568285941077,open,1.52,0.0,1.445,1.56,1.49914503,87.04,None,0.0,BTC-27DEC19-26000-P,10157.14,0.0,0.0045,10.0,2.2215,0.2,500.0,5.16464,-2.12292,-74.32128,2e-05,-0.95669
10433.05,BTC-27DEC19,1568285941077,open,0.0,592.2,0.0005,0.0125,0.002963,81.32,0.003,0.0,BTC-27DEC19-4500-P,10157.14,79.09,0.0025,14.7,0.0035,18.3,83.66,2.27572,-0.87397,-0.58056,1e-05,-0.01622
10225.2,BTC-27SEP19,1568285941077,open,0.48,26.6,0.4385,0.5015,0.46827609,89.31,0.44,0.0,BTC-27SEP19-15000-P,10157.14,0.0,0.447,4.0,0.4915,4.0,164.45,1.03797,-3.11576,-6.03162,3e-05,-0.97909
10225.2,BTC-27SEP19,1568285941077,open,0.65,261.1,0.648,0.6675,0.65769984,0.0,0.714,0.0,BTC-27SEP19-3500-C,10157.14,0.0,0.161,1.0,0.7435,0.1,500.0,0.0,0.0,1.42644,0.0,1.0
10225.2,BTC-27SEP19,1568285941077,open,0.31,727.9,0.302,0.333,0.31680982,94.58,0.302,0.0,BTC-27SEP19-7000-C,10157.14,0.0,0.3105,6.9,0.3235,8.0,133.77,0.94664,-3.00955,2.76888,2e-05,0.98124
10225.2,BTC-27SEP19,1568285941077,open,0.0,605.0,0.0005,0.0105,0.00024012,117.4,0.0005,0.0,BTC-27SEP19-5500-P,10157.14,0.0,0.0,0.0,0.0005,28.0,127.62,0.19569,-0.77221,-0.01401,0.0,-0.00312
10225.2,BTC-27SEP19,1568285941077,open,0.0,562.4,0.0005,0.0105,0.00099102,97.82,0.0015,0.0,BTC-27SEP19-16000-C,10157.14,89.86,0.0005,19.0,0.0015,77.0,103.56,0.78434,-2.57878,0.05862,2e-05,0.01506
10433.05,BTC-27DEC19,1568285941077,open,0.62,26.7,0.6085,0.6285,0.61833028,84.31,0.626,0.0,BTC-27DEC19-4000-C,10157.14,0.0,0.45,1.0,0.644,0.2,150.15,1.45657,-0.57996,11.25739,1e-05,0.99031
10225.2,BTC-27SEP19,1568285941077,open,0.0,422.0,0.0005,0.0105,1.4e-07,120.0,0.0005,0.0,BTC-27SEP19-3500-P,10157.14,0.0,0.0,0.0,0.0005,39.0,212.75,0.00027,-0.00108,-1e-05,0.0,0.0
10225.2,BTC-27SEP19,1568285941077,open,0.01,335.0,0.0005,0.021,0.00775158,76.51,0.0075,0.0,BTC-27SEP19-12500-C,10157.14,74.49,0.007,5.0,0.0085,30.0,78.44,3.89721,-10.02252,0.42868,0.00012,0.11062
10225.2,BTC-27SEP19,1568285941077,open,0.0,392.7,0.0005,0.0105,1.45e-05,120.0,0.0005,0.0,BTC-27SEP19-4500-P,10157.14,0.0,0.0,0.0,0.0005,39.1,165.43,0.01745,-0.07038,-0.001,0.0,-0.00022
10225.2,BTC-27SEP19,1568285941077,open,0.58,9.1,0.5745,0.594,0.58435514,0.0,0.6095,0.0,BTC-27SEP19-4250-C,10157.14,0.0,0.005,0.1,0.8085,2.0,500.0,0.0,0.0,1.7321,0.0,1.0
10433.05,BTC-27DEC19,1568285941078,open,3.26,0.0,3.135,3.3075,3.21840191,98.13,3.46,0.0,BTC-27DEC19-44000-P,10157.14,0.0,0.0005,10.0,0.0,0.0,0.0,1.09032,-0.50526,-127.45147,0.0,-0.99303
10433.05,BTC-27DEC19,1568285941077,open,0.04,229.9,0.0185,0.0635,0.03938442,74.94,0.0405,0.0,BTC-27DEC19-7500-P,10157.14,73.85,0.038,3.0,0.041,36.5,76.2,13.3301,-4.71772,-5.85125,6e-05,-0.15396
10225.2,BTC-27SEP19,1568285941077,open,0.0,761.0,0.0005,0.0105,1e-07,120.0,0.0005,0.0,BTC-27SEP19-32000-C,10157.14,0.0,0.0,0.0,0.0005,8.0,200.38,0.00022,-0.00089,1e-05,0.0,0.0
10433.05,BTC-27DEC19,1568285941078,open,0.39,63.0,0.374,0.42,0.39681015,76.33,0.4965,0.0,BTC-27DEC19-6500-C,10157.14,37.57,0.3775,10.0,0.417,10.0,96.9,8.93234,-3.21981,15.60763,4e-05,0.91254
10225.2,BTC-27SEP19,1568285941078,open,0.15,8.6,0.1125,0.175,0.14363971,73.19,0.1355,0.0,BTC-27SEP19-11500-P,10157.14,66.31,0.1395,8.0,0.147,6.0,78.49,6.34901,-15.6193,-3.78504,0.0002,-0.76463
10225.2,BTC-27SEP19,1568285941077,open,0.0,300.4,0.0005,0.0105,1.975e-05,119.99,0.0005,0.0,BTC-27SEP19-24000-C,10157.14,0.0,0.0,0.0,0.0005,8.0,156.28,0.02536,-0.10227,0.00132,0.0,0.00034
10225.2,BTC-27SEP19,1568285941078,open,0.0,684.0,0.0005,0.0105,3.8e-07,120.0,0.0005,0.0,BTC-27SEP19-30000-C,10157.14,0.0,0.0,0.0,0.0005,8.0,190.66,0.00072,-0.00292,3e-05,0.0,1e-05
10225.2,BTC-27SEP19,1568285941078,open,0.51,789.2,0.5015,0.521,0.51107544,118.14,0.5015,0.0,BTC-27SEP19-5000-C,10157.14,0.0,0.051,1.0,0.0,0.0,0.0,0.06359,-0.25252,2.03372,0.0,0.99909
10433.05,BTC-27DEC19,1568285941078,open,0.03,266.7,0.012,0.049,0.02847962,75.6,0.0285,0.0,BTC-27DEC19-7000-P,10157.14,74.2,0.027,18.0,0.03,56.3,77.01,11.12535,-3.97191,-4.44094,5e-05,-0.11826
10433.05,BTC-27DEC19,1568285941078,open,0.0,479.0,0.0005,0.0115,0.00172948,84.33,0.002,0.0,BTC-27DEC19-4000-P,10157.14,82.61,0.0015,34.0,0.002,5.0,86.17,1.45777,-0.58055,-0.34577,1e-05,-0.0097
10161.2,SYN.BTC-13SEP19,1568285941077,open,0.0,515.2,0.0005,0.0105,4.395e-05,120.0,0.0005,0.0,BTC-13SEP19-12000-C,10157.14,0.0,0.0,0.0,0.0005,5.3,159.21,0.03935,-0.44654,0.00061,1e-05,0.00255
10432.99,BTC-27DEC19,1568285941078,open,0.43,122.9,0.419,0.4585,0.43803921,77.03,0.4475,0.0,BTC-27DEC19-6000-C,10157.14,70.35,0.434,11.0,0.455,11.0,98.41,6.83928,-2.48806,15.14013,3e-05,0.93832
10432.99,BTC-27DEC19,1568285941078,open,0.02,743.4,0.005,0.0395,0.01861572,81.91,0.019,0.0,BTC-27DEC19-20000-C,10157.14,80.76,0.0175,45.0,0.0195,2.0,82.81,10.20577,-3.94801,2.60926,4e-05,0.10484
10193.2,SYN.BTC-20SEP19,1568285941077,open,0.1,0.0,0.0775,0.1235,0.10103226,68.42,None,0.0,BTC-20SEP19-9250-C,10157.14,65.41,0.1,6.0,0.105,6.0,79.08,3.56399,-15.48213,1.63685,0.00023,0.84526
10225.14,BTC-27SEP19,1568285941078,open,0.0,586.8,0.0005,0.0105,0.0,120.0,0.0005,0.0,BTC-27SEP19-3000-P,10157.14,0.0,0.0,0.0,0.0005,40.0,241.91,1e-05,-5e-05,0.0,0.0,0.0
10225.14,BTC-27SEP19,1568285941078,open,0.0,125.2,0.0005,0.0105,5.5e-07,120.0,0.0005,0.0,BTC-27SEP19-3750-P,10157.14,0.0,0.0,0.0,0.0005,38.0,199.74,0.00094,-0.00378,-4e-05,0.0,-1e-05
10432.99,BTC-27DEC19,1568285941078,open,0.59,23.1,0.526,0.63,0.57678492,79.21,0.5235,0.0,BTC-27DEC19-16000-P,10157.14,51.27,0.5425,4.0,0.619,4.0,103.22,16.41969,-6.14198,-41.21072,7e-05,-0.78497
10432.99,BTC-27DEC19,1568285941078,open,0.81,0.0,0.799,0.8185,0.80875646,120.0,None,0.0,BTC-27DEC19-2000-C,10157.14,0.0,0.0145,0.2,0.958,0.5,500.0,0.35542,-0.20142,5.72724,0.0,0.99801
10432.99,BTC-27DEC19,1568285941078,open,0.03,490.1,0.0095,0.0535,0.02820091,80.76,0.027,0.0,BTC-27DEC19-18000-C,10157.14,79.38,0.0265,47.4,0.03,53.1,82.17,13.1001,-4.99596,3.68542,5e-05,0.14998
10432.99,BTC-27DEC19,1568285941079,open,0.57,6.6,0.561,0.584,0.5716389,81.32,0.584,0.0,BTC-27DEC19-4500-C,10157.14,0.0,0.5625,12.0,0.5815,12.0,109.13,2.27572,-0.87397,12.47261,1e-05,0.98378
10225.14,BTC-27SEP19,1568285941079,open,0.0,146.6,0.0005,0.0105,5.22e-06,120.0,0.0005,0.0,BTC-27SEP19-26000-C,10157.14,0.0,0.0,0.0,0.0005,8.0,168.76,0.00781,-0.03149,0.00038,0.0,0.0001
10432.99,BTC-27DEC19,1568285941079,open,0.01,394.5,0.0005,0.024,0.00934194,85.16,0.0085,0.0,BTC-27DEC19-24000-C,10157.14,83.75,0.0085,10.0,0.0105,24.0,87.0,6.36385,-2.55946,1.42002,2e-05,0.05626
10225.14,BTC-27SEP19,1568285941079,open,0.58,34.4,0.5345,0.6005,0.5658138,98.49,0.396,0.0,BTC-27SEP19-16000-P,10157.14,0.0,0.0045,10.0,0.0,0.0,0.0,0.81195,-2.68778,-6.45987,2e-05,-0.98432
10432.99,BTC-27DEC19,1568285941079,open,0.0,213.0,0.0005,0.0105,0.00065322,108.45,0.0005,0.0,BTC-27DEC19-2500-P,10157.14,0.0,0.0,0.0,0.001,18.0,114.32,0.52808,-0.27047,-0.1133,0.0,-0.00309
10545.6,SYN.BTC-27MAR20,1568285941077,open,0.34,17.0,0.2985,0.379,0.34043435,77.85,0.3625,0.0,BTC-27MAR20-8000-C,10157.14,63.62,0.31,7.0,0.346,7.0,80.4,22.98762,-4.54487,24.95052,5e-05,0.77908
10225.14,BTC-27SEP19,1568285941079,open,0.0,492.7,0.0005,0.0105,0.0,120.0,0.0005,0.0,BTC-27SEP19-2000-P,10157.14,0.0,0.0,0.0,0.0005,81.0,319.57,0.0,0.0,0.0,0.0,0.0
10225.14,BTC-27SEP19,1568285941079,open,1.37,0.2,1.3015,1.3955,1.34725392,134.86,1.6,0.0,BTC-27SEP19-24000-P,10157.14,0.0,0.0,0.0,0.0,0.0,0.0,0.09213,-0.41763,-9.77602,0.0,-0.99864
10225.14,BTC-27SEP19,1568285941079,open,0.0,670.6,0.0005,0.0105,7.503e-05,120.0,0.0005,0.0,BTC-27SEP19-22000-C,10157.14,0.0,0.0,0.0,0.0005,8.0,142.51,0.08066,-0.32532,0.00459,0.0,0.00118
10432.99,BTC-27DEC19,1568285941079,open,0.66,4.0,0.656,0.6755,0.6655122,88.2,0.666,0.0,BTC-27DEC19-3500-C,10157.14,0.0,0.0205,0.1,0.967,1.0,500.0,0.89769,-0.3739,9.95334,0.0,0.99441
10432.99,BTC-27DEC19,1568285941079,open,1.14,4.9,1.0715,1.1785,1.12179725,83.71,1.0385,0.0,BTC-27DEC19-22000-P,10157.14,0.0,0.006,2.0,1.857,0.3,500.0,8.06931,-3.1898,-61.89897,3e-05,-0.92357
10545.6,SYN.BTC-27MAR20,1568285941077,open,0.98,0.0,0.893,1.0315,0.96044931,84.01,None,0.0,BTC-27MAR20-20000-P,10157.14,0.0,0.0,0.0,0.0,0.0,0.0,23.69131,-5.05479,-98.25649,5e-05,-0.76694
10225.14,BTC-27SEP19,1568285941079,open,0.61,227.5,0.599,0.6185,0.60879617,0.0,0.606,0.0,BTC-27SEP19-4000-C,10157.14,0.0,0.111,2.0,0.0,0.0,0.0,0.0,0.0,1.63021,0.0,1.0
10225.14,BTC-27SEP19,1568285941079,open,0.56,289.7,0.55,0.5695,0.55991412,112.95,0.588,0.0,BTC-27SEP19-4500-C,10157.14,0.0,0.002,1.1,0.0,0.0,0.0,0.00834,-0.03165,1.83354,0.0,0.9999
10225.14,BTC-27SEP19,1568285941079,open,0.0,780.3,0.0005,0.011,0.00127482,88.94,0.0015,0.0,BTC-27SEP19-15000-C,10157.14,85.96,0.001,50.9,0.0015,1.0,91.08,1.01858,-3.04487,0.07992,3e-05,0.02045
10225.14,BTC-27SEP19,1568285941079,open,0.0,350.4,0.0005,0.0105,3.461e-05,120.0,0.0005,0.0,BTC-27SEP19-4750-P,10157.14,0.0,0.0,0.0,0.0005,34.9,155.25,0.03725,-0.15023,-0.00226,0.0,-0.00051
10432.99,BTC-27DEC19,1568285941079,open,0.0,384.1,0.0005,0.0105,0.00076571,96.88,0.003,0.0,BTC-27DEC19-3000-P,10157.14,92.11,0.0005,24.1,0.001,10.0,100.2,0.67007,-0.30656,-0.14511,0.0,-0.00403
10225.14,BTC-27SEP19,1568285941079,open,0.68,0.5,0.6725,0.692,0.6821454,0.0,0.694,0.0,BTC-27SEP19-3250-C,10157.14,0.0,0.0045,10.0,0.7925,0.5,500.0,0.0,0.0,1.32455,0.0,1.0
10432.99,BTC-27DEC19,1568285941079,open,0.71,0.0,0.7035,0.723,0.71321631,96.88,None,0.0,BTC-27DEC19-3000-C,10157.14,0.0,0.0065,0.1,0.946,0.5,500.0,0.67007,-0.30656,8.557,0.0,0.99597
10225.14,BTC-27SEP19,1568285941079,open,0.0,678.9,0.0005,0.0105,0.00050708,109.98,0.001,0.0,BTC-27SEP19-18000-C,10157.14,0.0,0.0,0.0,0.001,24.8,119.16,0.42363,-1.566,0.02882,1e-05,0.00742
10225.14,BTC-27SEP19,1568285941079,open,0.85,42.8,0.8435,0.863,0.85329987,0.0,0.815,0.0,BTC-27SEP19-1500-C,10157.14,0.0,0.0,0.0,0.0,0.0,0.0,0.0,0.0,0.61133,0.0,1.0
10225.14,BTC-27SEP19,1568285941079,open,0.0,406.8,0.0005,0.0105,0.0,120.0,0.0005,0.0,BTC-27SEP19-2500-P,10157.14,0.0,0.0,0.0,0.0005,38.0,276.63,0.0,0.0,0.0,0.0,0.0
10193.2,SYN.BTC-20SEP19,1568285941077,open,0.1,13.5,0.065,0.1205,0.0927047,68.54,0.1,0.0,BTC-20SEP19-11000-P,10157.14,62.45,0.09,0.6,0.094,0.6,71.35,4.65495,-20.25616,-1.8754,0.0003,-0.75998
10225.14,BTC-27SEP19,1568285941080,open,0.05,803.3,0.021,0.071,0.04528485,69.87,0.045,0.0,BTC-27SEP19-10000-P,10157.14,68.23,0.044,23.4,0.0465,18.0,71.42,8.02318,-18.84123,-1.89596,0.00027,-0.40968
10432.99,BTC-27DEC19,1568285941080,open,0.32,91.7,0.2905,0.3495,0.32051092,74.94,0.327,0.0,BTC-27DEC19-7500-C,10157.14,52.05,0.295,10.0,0.3235,1.0,77.26,13.33012,-4.71767,15.90402,6e-05,0.84604
10225.14,BTC-27SEP19,1568285941080,open,0.0,657.8,0.0005,0.0105,7.588e-05,120.01,0.0005,0.0,BTC-27SEP19-5000-P,10157.14,0.0,0.0,0.0,0.0005,64.1,145.6,0.07304,-0.29462,-0.00472,0.0,-0.00106
10225.14,BTC-27SEP19,1568285941080,open,0.0,1182.5,0.0005,0.0105,0.00048118,110.62,0.0005,0.0,BTC-27SEP19-6000-P,10157.14,0.0,0.0,0.0,0.001,34.0,121.77,0.36288,-1.3492,-0.02797,1e-05,-0.00623
10545.6,SYN.BTC-27MAR20,1568285941077,open,0.05,65.2,0.021,0.088,0.05080927,84.79,0.0525,0.0,BTC-27MAR20-22000-C,10157.14,83.89,0.049,12.0,0.052,0.1,85.38,21.17367,-4.55973,8.0489,4e-05,0.19231
10225.14,BTC-27SEP19,1568285941080,open,0.0,438.2,0.0005,0.0105,1.39e-06,120.0,0.0005,0.0,BTC-27SEP19-28000-C,10157.14,0.0,0.0,0.0,0.0005,8.0,180.17,0.00238,-0.00959,0.00011,0.0,3e-05
10225.14,BTC-27SEP19,1568285941080,open,0.75,55.9,0.7455,0.765,0.75549979,0.0,0.689,0.0,BTC-27SEP19-2500-C,10157.14,0.0,0.0045,10.0,0.864,2.0,500.0,0.0,0.0,1.01888,0.0,1.0
10225.14,BTC-27SEP19,1568285941080,open,0.41,713.5,0.4015,0.4265,0.41368058,110.29,0.454,0.0,BTC-27SEP19-6000-C,10157.14,0.0,0.41,17.5,0.4175,17.5,154.89,0.35677,-1.32254,2.41789,1e-05,0.99389
10432.99,BTC-27DEC19,1568285941080,open,0.01,270.0,0.003,0.031,0.01310166,83.71,0.012,0.0,BTC-27DEC19-22000-C,10157.14,82.25,0.012,46.5,0.014,2.0,84.85,8.06931,-3.1898,1.91651,3e-05,0.07643
10225.14,BTC-27SEP19,1568285941080,open,0.0,1660.1,0.0005,0.0105,0.0,120.0,0.0005,0.0,BTC-27SEP19-1500-P,10157.14,0.0,0.0,0.0,0.0005,128.1,375.83,0.0,0.0,0.0,0.0,0.0
10225.14,BTC-27SEP19,1568285941080,open,0.0,484.6,0.0005,0.0105,1.87e-06,120.0,0.0005,0.0,BTC-27SEP19-4000-P,10157.14,0.0,0.0,0.0,0.0005,42.1,187.59,0.00282,-0.01136,-0.00014,0.0,-3e-05
10432.99,BTC-27DEC19,1568285941080,open,0.95,5.7,0.886,0.9905,0.93561171,81.91,0.661,0.0,BTC-27DEC19-20000-P,10157.14,0.0,0.01,1.0,1.466,1.0,357.73,10.20577,-3.94801,-55.40482,4e-05,-0.89516
10432.99,BTC-27DEC19,1568285941080,open,0.0,1502.3,0.0005,0.0105,0.00075602,104.32,0.001,0.0,BTC-27DEC19-52000-C,10157.14,100.47,0.0005,62.1,0.001,10.9,107.14,0.80787,-0.39799,0.12747,0.0,0.00497
10432.99,BTC-27DEC19,1568285941081,open,0.0,248.0,0.0005,0.0105,0.0009865,88.2,0.0015,0.0,BTC-27DEC19-3500-P,10157.14,81.17,0.0005,34.0,0.0015,53.4,93.35,0.89769,-0.3739,-0.19912,0.0,-0.00559
10225.14,BTC-27SEP19,1568285941080,open,0.0,795.8,0.0005,0.0105,0.00028382,119.99,0.0005,0.0,BTC-27SEP19-20000-C,10157.14,0.0,0.0,0.0,0.001,23.0,137.57,0.247,-0.9962,0.01567,0.0,0.00404
10225.14,BTC-27SEP19,1568285941081,open,1.17,0.2,1.1095,1.1965,1.1516769,124.44,1.391,0.0,BTC-27SEP19-22000-P,10157.14,0.0,0.0045,10.0,0.0,0.0,0.0,0.11447,-0.47879,-8.95947,0.0,-0.99827
10432.99,BTC-27DEC19,1568285941080,open,0.5,207.4,0.4405,0.544,0.49149564,78.27,0.5265,0.0,BTC-27DEC19-15000-P,10157.14,68.93,0.476,5.0,0.501,5.0,83.62,18.1424,-6.70636,-37.33849,7e-05,-0.7423
10225.14,BTC-27SEP19,1568285941081,open,0.29,37.0,0.2475,0.308,0.27642729,78.51,0.2795,0.0,BTC-27SEP19-13000-P,10157.14,0.0,0.255,5.0,0.301,5.0,131.44,2.93855,-7.75448,-5.00438,9e-05,-0.92444
10432.99,BTC-27DEC19,1568285941081,open,0.0,323.2,0.0005,0.011,0.00100813,102.77,0.0015,0.0,BTC-27DEC19-48000-C,10157.14,96.22,0.0005,30.0,0.0015,10.0,107.03,1.0334,-0.50154,0.1679,0.0,0.00656
10225.14,BTC-27SEP19,1568285941081,open,1.76,0.0,1.685,1.794,1.73844127,155.55,None,0.0,BTC-27SEP19-28000-P,10157.14,0.0,0.0,0.0,0.0,0.0,0.0,0.07841,-0.40996,-11.40712,0.0,-0.99886
10432.99,BTC-27DEC19,1568285941081,open,0.86,0.1,0.8465,0.866,0.85631451,120.0,0.868,0.0,BTC-27DEC19-1500-C,10157.14,0.0,0.8485,1.0,0.865,1.0,222.06,0.08937,-0.05064,4.33493,0.0,0.99956
10432.99,BTC-27DEC19,1568285941081,open,0.0,513.5,0.0005,0.0115,0.00178044,91.88,0.0015,0.0,BTC-27DEC19-36000-C,10157.14,86.27,0.001,55.7,0.0025,5.0,95.65,1.76201,-0.76457,0.31094,1e-05,0.01206
10432.99,BTC-27DEC19,1568285941081,open,0.42,291.4,0.358,0.461,0.40950102,77.44,0.375,0.0,BTC-27DEC19-14000-P,10157.14,56.52,0.373,5.0,0.453,5.0,99.27,19.81674,-7.24743,-33.28159,8e-05,-0.69024
10225.14,BTC-27SEP19,1568285941081,open,0.0,520.6,0.0005,0.0125,0.00252487,84.32,0.003,0.0,BTC-27SEP19-14000-C,10157.14,81.04,0.002,23.0,0.003,34.1,86.96,1.74794,-4.95408,0.15262,5e-05,0.03915
10432.99,BTC-27DEC19,1568285941081,open,0.0,434.6,0.0005,0.0115,0.00151493,96.5,0.003,0.0,BTC-27DEC19-40000-C,10157.14,92.36,0.001,30.5,0.002,10.0,99.54,1.49897,-0.6831,0.2571,0.0,0.01001
10225.14,BTC-27SEP19,1568285941081,open,0.78,1.0,0.726,0.799,0.76093262,111.33,0.575,0.0,BTC-27SEP19-18000-P,10157.14,0.0,0.0045,0.3,0.0,0.0,0.0,0.45817,-1.71454,-7.3045,1e-05,-0.99189
10432.99,BTC-27DEC19,1568285941081,open,0.0,126.2,0.0005,0.0105,0.00045606,120.0,0.0005,0.0,BTC-27DEC19-2000-P,10157.14,0.0,0.0,0.0,0.001,42.0,131.83,0.35542,-0.20142,-0.07417,0.0,-0.00199
10432.99,BTC-27DEC19,1568285941081,open,0.0,537.6,0.0005,0.014,0.00404157,89.63,0.0035,0.0,BTC-27DEC19-30000-C,10157.14,86.08,0.003,33.1,0.005,24.0,92.39,3.36978,-1.42629,0.65791,1e-05,0.02578
10161.2,SYN.BTC-13SEP19,1568285941077,open,0.0,780.1,0.0005,0.0105,0.00038487,119.57,0.0005,0.0,BTC-13SEP19-9000-P,10157.14,0.0,0.0,0.0,0.001,40.0,140.17,0.21829,-3.91075,-0.00443,7e-05,-0.01781
10432.99,BTC-27DEC19,1568285941082,open,0.52,65.4,0.513,0.541,0.52619762,80.52,0.533,0.0,BTC-27DEC19-5000-C,10157.14,0.0,0.5155,11.0,0.5385,11.0,105.7,3.59748,-1.368,13.49492,1e-05,0.97212
10225.14,BTC-27SEP19,1568285941082,open,0.38,54.0,0.343,0.404,0.37174481,84.59,0.466,0.0,BTC-27SEP19-14000-P,10157.14,0.0,0.351,4.0,0.395,4.0,147.33,1.76662,-5.02275,-5.55117,5e-05,-0.96034
10432.99,BTC-27DEC19,1568285941082,open,0.0,231.8,0.0005,0.0105,8.921e-05,120.0,0.0005,0.0,BTC-27DEC19-1500-P,10157.14,0.0,0.0,0.0,0.0005,8.0,142.37,0.08937,-0.05064,-0.01612,0.0,-0.00044
10432.99,BTC-27DEC19,1568285941082,open,0.01,214.0,0.0005,0.016,0.00522348,88.19,0.004,0.0,BTC-27DEC19-28000-C,10157.14,86.27,0.0045,10.0,0.006,47.0,90.08,4.11794,-1.71511,0.8351,1e-05,0.03282
10193.2,SYN.BTC-20SEP19,1568285941078,open,0.29,0.0,0.2505,0.3045,0.27623412,79.25,None,0.0,BTC-20SEP19-13000-P,10157.14,0.0,0.0,0.0,0.0,0.0,0.0,0.75907,-3.81898,-2.76052,4e-05,-0.97888
10225.14,BTC-27SEP19,1568285941082,open,0.0,1107.7,0.0005,0.0105,5.51e-06,120.0,0.001,0.0,BTC-27SEP19-4250-P,10157.14,0.0,0.0,0.0,0.0005,8.0,176.18,0.00742,-0.02991,-0.0004,0.0,-9e-05
10161.2,SYN.BTC-13SEP19,1568285941077,open,0.31,0.0,0.2975,0.3245,0.31110631,197.84,None,0.0,BTC-13SEP19-7000-C,10157.14,0.0,0.3015,6.0,0.322,6.0,500.0,0.00101,-0.10008,0.16793,0.0,0.99995
10225.14,BTC-27SEP19,1568285941083,open,0.53,13.5,0.5255,0.545,0.53547786,114.71,0.382,0.0,BTC-27SEP19-4750-C,10157.14,0.0,0.0045,10.0,0.7955,2.0,500.0,0.02324,-0.0896,1.93452,0.0,0.99969
10225.14,BTC-27SEP19,1568285941083,open,0.7,225.7,0.697,0.7165,0.70659975,0.0,0.693,0.0,BTC-27SEP19-3000-C,10157.14,0.0,0.0045,20.0,0.0,0.0,0.0,0.0,0.0,1.22266,0.0,1.0
10432.99,BTC-27DEC19,1568285941083,open,0.48,73.3,0.465,0.4985,0.48124895,78.2,0.475,0.0,BTC-27DEC19-5500-C,10157.14,0.0,0.468,11.0,0.495,11.0,100.35,5.01371,-1.85158,14.43536,2e-05,0.95825
10193.2,SYN.BTC-20SEP19,1568285941077,open,0.0,26.4,0.0005,0.0105,0.00077062,87.82,0.001,0.0,BTC-20SEP19-13500-C,10157.14,82.87,0.0005,27.3,0.001,30.1,91.16,0.63992,-3.56766,0.0363,3e-05,0.01727
10225.14,BTC-27SEP19,1568285941083,open,0.8,28.2,0.7945,0.814,0.80439715,0.0,0.755,0.0,BTC-27SEP19-2000-C,10157.14,0.0,0.01,1.0,0.0,0.0,0.0,0.0,0.0,0.81511,0.0,1.0
10432.99,BTC-27DEC19,1568285941083,open,0.22,170.6,0.1875,0.2625,0.22665708,74.57,0.223,0.0,BTC-27DEC19-9000-C,10157.14,73.11,0.224,19.0,0.2295,11.0,76.12,19.0696,-6.71525,14.78536,8e-05,0.71522
10161.2,SYN.BTC-13SEP19,1568285941077,open,0.0,261.2,0.0005,0.0105,1.8e-05,120.0,0.0005,0.0,BTC-13SEP19-8500-P,10157.14,0.0,0.0,0.0,0.001,27.5,193.52,0.01803,-0.18294,-0.00027,1e-05,-0.00108
10193.2,SYN.BTC-20SEP19,1568285941077,open,0.24,0.0,0.2025,0.2565,0.22821995,78.1,None,0.0,BTC-20SEP19-12500-P,10157.14,0.0,0.0,0.0,0.3205,0.1,288.0,1.35856,-6.73588,-2.60761,8e-05,-0.95737
10161.2,SYN.BTC-13SEP19,1568285941077,open,0.0,59.7,0.0005,0.0105,0.0,120.0,0.0005,0.0,BTC-13SEP19-7000-P,10157.14,0.0,0.0,0.0,0.0005,5.0,331.57,0.0,0.0,0.0,0.0,0.0
10161.2,SYN.BTC-13SEP19,1568285941077,open,0.14,24.0,0.11,0.157,0.13199168,111.58,0.109,0.0,BTC-13SEP19-11500-P,10157.14,0.0,0.12,5.1,0.139,4.0,221.03,0.16253,-9.06741,-0.27288,6e-05,-0.98737
10161.2,SYN.BTC-13SEP19,1568285941077,open,0.0,719.5,0.0005,0.0105,0.00082896,94.01,0.0015,0.0,BTC-13SEP19-11000-C,10157.14,85.82,0.0005,18.0,0.001,0.1,97.52,0.46846,-8.42324,0.01067,0.0002,0.04461
10161.2,SYN.BTC-13SEP19,1568285941077,open,0.21,7.4,0.197,0.228,0.21269133,0.0,0.2485,0.0,BTC-13SEP19-8000-C,10157.14,0.0,0.2025,5.0,0.226,5.0,445.14,0.0,0.0,0.19193,0.0,1.0
10545.6,SYN.BTC-27MAR20,1568285941077,open,0.03,2.5,0.009,0.058,0.02858163,87.72,0.027,0.0,BTC-27MAR20-28000-C,10157.14,86.24,0.0265,18.0,0.03,10.0,88.69,15.15458,-3.37608,4.99006,3e-05,0.11631
10225.14,BTC-27SEP19,1568285941084,open,0.63,0.0,0.6235,0.643,0.63324521,0.0,None,0.0,BTC-27SEP19-3750-C,10157.14,0.0,0.0045,10.0,0.823,2.0,500.0,0.0,0.0,1.52832,0.0,1.0
10289.15,SYN.BTC-25OCT19,1568285941077,open,0.22,14.4,0.174,0.251,0.21271126,74.75,0.171,0.0,BTC-25OCT19-12000-P,10157.14,0.0,0.166,20.0,0.0,0.0,0.0,12.58391,-10.96969,-10.80945,0.00014,-0.68163
10161.2,SYN.BTC-13SEP19,1568285941078,open,0.34,0.0,0.303,0.3555,0.32858069,0.0,None,0.0,BTC-13SEP19-13500-P,10157.14,0.0,0.0,0.0,0.0,0.0,0.0,0.0,0.0,-0.32389,0.0,-1.0
10432.99,BTC-27DEC19,1568285941085,open,0.34,111.9,0.281,0.382,0.33194424,76.79,0.358,0.0,BTC-27DEC19-13000-P,10157.14,73.36,0.325,14.0,0.36,6.0,90.32,21.26278,-7.71075,-29.03411,9e-05,-0.62745
10289.15,SYN.BTC-25OCT19,1568285941077,open,0.01,506.5,0.0005,0.0205,0.00807643,80.8,0.009,0.0,BTC-25OCT19-16000-C,10157.14,78.44,0.007,30.9,0.009,27.5,82.69,4.87514,-4.59342,0.78123,5e-05,0.07271
10545.6,SYN.BTC-27MAR20,1568285941077,open,1.52,0.0,1.431,1.576,1.49968038,86.79,None,0.0,BTC-27MAR20-26000-P,10157.14,0.0,0.0005,10.0,0.0,0.0,0.0,16.92893,-3.73152,-134.43086,3e-05,-0.86367
10289.15,SYN.BTC-25OCT19,1568285941077,open,0.39,0.0,0.342,0.4185,0.37903291,77.01,None,0.0,BTC-25OCT19-14000-P,10157.14,0.0,0.0,0.0,0.0,0.0,0.0,8.23619,-7.3968,-14.85001,9e-05,-0.84962
10432.99,BTC-27DEC19,1568285941086,open,0.0,267.5,0.0005,0.013,0.00327704,91.33,0.0025,0.0,BTC-27DEC19-32000-C,10157.14,88.21,0.0025,35.0,0.004,47.0,93.81,2.84099,-1.22534,0.53782,1e-05,0.02105
10193.2,SYN.BTC-20SEP19,1568285941077,open,0.0,33.0,0.0005,0.012,0.00230728,76.61,0.0025,0.0,BTC-20SEP19-8500-P,10157.14,74.42,0.002,30.0,0.0025,10.0,77.91,1.48018,-7.19947,-0.10937,9e-05,-0.04742
10545.6,SYN.BTC-27MAR20,1568285941077,open,1.34,0.0,1.249,1.391,1.31678066,85.56,None,0.0,BTC-27MAR20-24000-P,10157.14,0.0,0.0005,10.0,0.0,0.0,0.0,18.84457,-4.09492,-122.68069,4e-05,-0.84
10161.2,SYN.BTC-13SEP19,1568285941077,open,0.11,8.4,0.0965,0.1345,0.11466436,119.63,0.0995,0.0,BTC-13SEP19-9000-C,10157.14,0.0,0.114,0.6,0.1175,0.6,180.28,0.2188,-13.08794,0.21148,7e-05,0.98215
10289.15,SYN.BTC-25OCT19,1568285941077,open,0.03,78.2,0.011,0.0525,0.02961037,76.24,0.0305,0.0,BTC-25OCT19-13000-C,10157.14,74.64,0.028,16.8,0.0315,47.1,78.07,10.50438,-9.33865,2.32913,0.00011,0.22232
10193.2,SYN.BTC-20SEP19,1568285941077,open,0.0,92.0,0.0005,0.0105,0.00085705,79.01,0.001,0.0,BTC-20SEP19-13000-C,10157.14,73.28,0.0005,27.5,0.001,0.1,80.86,0.74937,-3.75909,0.04386,4e-05,0.0208
10193.2,SYN.BTC-20SEP19,1568285941078,open,0.0,171.9,0.0005,0.013,0.00342392,73.91,0.004,0.0,BTC-20SEP19-12000-C,10157.14,71.77,0.003,3.9,0.004,40.0,76.61,2.09118,-9.81203,0.15454,0.00013,0.07369
10193.2,SYN.BTC-20SEP19,1568285941077,open,0.02,39.6,0.0075,0.048,0.02650159,66.86,0.0255,0.0,BTC-20SEP19-10500-C,10157.14,65.09,0.0255,5.3,0.0275,0.8,68.62,5.78544,-24.55702,0.82191,0.00039,0.40019
10193.2,SYN.BTC-20SEP19,1568285941077,open,0.21,0.0,0.1995,0.2335,0.21610695,82.95,None,0.0,BTC-20SEP19-8000-C,10157.14,0.0,0.0,0.0,0.0,0.0,0.0,0.73145,-3.85181,1.67965,4e-05,0.97979
10545.6,SYN.BTC-27MAR20,1568285941078,open,0.02,21.0,0.0035,0.0365,0.01517471,90.79,0.018,0.0,BTC-27MAR20-36000-C,10157.14,88.95,0.0135,5.0,0.0165,24.0,92.17,9.91114,-2.28527,2.87834,2e-05,0.06578
10545.6,SYN.BTC-27MAR20,1568285941077,open,0.24,75.9,0.196,0.291,0.24599045,77.85,0.2455,0.0,BTC-27MAR20-10000-C,10157.14,75.29,0.239,15.0,0.2535,8.0,80.61,28.75907,-5.68595,22.8428,6e-05,0.64758
10545.6,SYN.BTC-27MAR20,1568285941077,open,0.14,172.6,0.0885,0.187,0.13854851,81.34,0.138,0.0,BTC-27MAR20-14000-C,10157.14,79.93,0.1345,19.0,0.142,19.0,82.53,30.42516,-6.2851,16.59484,6e-05,0.43029
10289.15,SYN.BTC-25OCT19,1568285941077,open,0.01,141.2,0.0005,0.0175,0.00739751,78.15,0.0085,0.0,BTC-25OCT19-7000-P,10157.14,77.13,0.007,1.0,0.008,14.9,79.64,4.08919,-3.72664,-0.79012,4e-05,-0.05798
10545.6,SYN.BTC-27MAR20,1568285941077,open,0.8,0.0,0.7215,0.858,0.78887409,83.37,0.8095,0.0,BTC-27MAR20-18000-P,10157.14,0.0,0.0005,6.0,0.0,0.0,0.0,26.30912,-5.57055,-85.5233,5e-05,-0.71466
10193.2,SYN.BTC-20SEP19,1568285941077,open,0.43,0.0,0.395,0.4555,0.42344567,109.02,None,0.0,BTC-20SEP19-14500-P,10157.14,0.0,0.0,0.0,0.0,0.0,0.0,0.6304,-4.36303,-3.09341,3e-05,-0.98303
10289.15,SYN.BTC-25OCT19,1568285941077,open,0.58,0.0,0.527,0.603,0.56314197,80.86,None,0.0,BTC-25OCT19-16000-P,10157.14,0.0,0.0,0.0,0.0,0.0,0.0,4.88477,-4.60609,-18.01169,5e-05,-0.9271
10161.2,SYN.BTC-13SEP19,1568285941077,open,0.0,406.4,0.0005,0.0105,0.00078116,82.58,0.0005,0.0,BTC-13SEP19-9500-P,10157.14,75.89,0.0005,56.8,0.001,0.1,86.89,0.48114,-7.93752,-0.01143,0.00024,-0.04611
10545.6,SYN.BTC-27MAR20,1568285941077,open,0.03,38.5,0.0115,0.066,0.03418276,86.78,0.033,0.0,BTC-27MAR20-26000-C,10157.14,85.08,0.0315,19.0,0.036,10.0,87.9,16.92568,-3.73043,5.80798,3e-05,0.13629
10545.6,SYN.BTC-27MAR20,1568285941077,open,0.06,173.0,0.029,0.1045,0.06391277,84.01,0.0645,0.0,BTC-27MAR20-20000-C,10157.14,82.93,0.0615,17.0,0.0655,0.1,84.71,23.68999,-5.05422,9.61989,5e-05,0.23303
10289.15,SYN.BTC-25OCT19,1568285941077,open,0.24,0.0,0.2165,0.2655,0.24140333,74.15,None,0.0,BTC-25OCT19-8000-C,10157.14,0.0,0.222,10.0,0.9245,4.0,500.0,7.53632,-6.51634,7.57419,8e-05,0.86807
10289.15,SYN.BTC-25OCT19,1568285941077,open,0.02,40.2,0.0065,0.036,0.01894013,74.17,0.02,0.0,BTC-25OCT19-8000-P,10157.14,72.88,0.018,3.5,0.0205,22.0,76.27,7.53887,-6.52083,-1.82424,8e-05,-0.13199
178.54,SYN.ETH-13SEP19,1568285941090,open,0.03,474.0,0.001,0.047,0.018914,73.62,0.029,0.0,ETH-13SEP19-180-P,178.47,58.28,0.016,220.0,0.02,100.0,79.29,0.03414,-1.25668,-0.00258,0.06063,-0.58256
178.54,SYN.ETH-13SEP19,1568285941170,open,0.0,1122.0,0.001,0.012,0.001108,82.4,0.001,0.0,ETH-13SEP19-190-C,178.47,0.0,0.0,0.0,0.002,101.0,94.8,0.01096,-0.19784,0.00027,0.01739,0.06404
178.54,SYN.ETH-13SEP19,1568285941241,open,0.07,238.0,0.034,0.099,0.06526,81.42,0.058,0.0,ETH-13SEP19-190-P,178.47,0.0,0.062,40.0,0.068,40.0,113.53,0.01065,-0.43345,-0.0043,0.0171,-0.9383
178.54,SYN.ETH-13SEP19,1568285941320,open,0.0,2320.0,0.001,0.011,0.000511,115.92,0.001,0.0,ETH-13SEP19-200-C,178.47,0.0,0.0,0.0,0.001,300.0,129.91,0.005,-0.09122,0.0001,0.00564,0.02436
184.81,SYN.ETH-27MAR20,1568285941886,open,0.58,2.0,0.561,0.601,0.581499,82.0,0.597,0.0,ETH-27MAR20-80-C,178.47,0.0,0.07,20.0,0.598,3.0,101.68,0.1295,-0.02697,0.37196,0.00086,0.95463
179.06,SYN.ETH-20SEP19,1568285941907,open,0.27,0.0,0.252,0.297,0.274918,105.24,None,0.0,ETH-20SEP19-130-C,178.47,0.0,0.0,0.0,0.0,0.0,0.0,0.01044,-0.06973,0.0274,0.00143,0.98416
184.81,SYN.ETH-27MAR20,1568285942050,open,0.41,37.0,0.377,0.45,0.416298,81.98,0.431,0.0,ETH-27MAR20-120-C,178.47,0.0,0.096,1.0,0.433,3.0,91.35,0.32242,-0.06713,0.42808,0.00213,0.84573
179.59,ETH-27SEP19,1568285942064,open,0.0,2008.0,0.001,0.011,0.001917,106.66,0.002,0.0,ETH-27SEP19-280-C,178.47,97.27,0.001,1003.0,0.002,100.0,107.33,0.0214,-0.07673,0.00171,0.00153,0.0253
179.06,SYN.ETH-20SEP19,1568285942065,open,0.21,0.0,0.195,0.243,0.219109,84.26,None,0.0,ETH-20SEP19-140-C,178.47,0.0,0.0,0.0,0.0,0.0,0.0,0.01283,-0.06863,0.02939,0.0022,0.97983
179.06,SYN.ETH-20SEP19,1568285942137,open,0.0,5.0,0.001,0.011,0.000914,83.64,0.007,0.0,ETH-20SEP19-140-P,178.47,0.0,0.0,0.0,0.002,3.0,95.67,0.01246,-0.06615,-0.00079,0.00215,-0.01949
184.81,SYN.ETH-27MAR20,1568285942202,open,0.29,222.0,0.242,0.337,0.293948,81.98,0.313,0.0,ETH-27MAR20-160-C,178.47,76.47,0.28,24.0,0.301,24.0,84.76,0.4679,-0.09741,0.41033,0.0031,0.70557
179.06,SYN.ETH-20SEP19,1568285942202,open,0.16,0.0,0.137,0.19,0.164371,73.36,None,0.0,ETH-20SEP19-150-C,178.47,0.0,0.0,0.0,0.0,0.0,0.0,0.02485,-0.11574,0.03055,0.0049,0.95518
179.06,SYN.ETH-20SEP19,1568285942263,open,0.0,101.0,0.001,0.012,0.002019,73.02,0.009,0.0,ETH-20SEP19-150-P,178.47,72.89,0.002,100.0,0.003,5.0,79.43,0.02454,-0.11377,-0.00178,0.00486,-0.04412
184.81,SYN.ETH-27MAR20,1568285942279,open,0.16,224.0,0.109,0.207,0.159643,81.96,0.149,0.0,ETH-27MAR20-160-P,178.47,78.55,0.151,240.0,0.164,240.0,83.68,0.46791,-0.09739,-0.45265,0.0031,-0.29444
184.81,SYN.ETH-27MAR20,1568285942367,open,0.21,530.0,0.152,0.254,0.207283,81.97,0.209,0.0,ETH-27MAR20-200-C,178.47,79.45,0.2,203.0,0.213,240.0,83.95,0.53374,-0.11112,0.35901,0.00353,0.56743
179.06,SYN.ETH-20SEP19,1568285942439,open,0.01,518.0,0.001,0.022,0.007533,72.58,0.01,0.0,ETH-20SEP19-160-P,178.47,67.53,0.006,100.0,0.01,484.0,79.97,0.05672,-0.26136,-0.00546,0.0113,-0.13368
184.81,SYN.ETH-27MAR20,1568285942459,open,0.3,984.0,0.225,0.349,0.289403,81.95,0.28,0.0,ETH-27MAR20-200-P,178.47,79.05,0.281,24.0,0.298,240.0,84.93,0.53375,-0.11109,-0.71974,0.00354,-0.43261
184.81,SYN.ETH-27MAR20,1568285942536,open,0.15,289.0,0.1,0.201,0.154069,84.43,0.148,0.0,ETH-27MAR20-240-C,178.47,82.0,0.147,466.0,0.159,240.0,86.13,0.53815,-0.1154,0.30067,0.00346,0.45568
179.06,SYN.ETH-20SEP19,1568285942536,open,0.07,2.0,0.039,0.1,0.071358,72.18,0.05,0.0,ETH-20SEP19-170-C,178.47,67.48,0.069,100.0,0.075,100.0,79.31,0.09056,-0.41497,0.02454,0.01813,0.70639
184.81,SYN.ETH-27MAR20,1568285942621,open,0.46,130.0,0.378,0.522,0.452612,84.41,0.417,0.0,ETH-27MAR20-240-P,178.47,81.79,0.445,240.0,0.461,240.0,87.29,0.53813,-0.11536,-0.99387,0.00346,-0.5444
184.81,SYN.ETH-27MAR20,1568285942707,open,0.11,245.0,0.066,0.16,0.114826,85.57,0.128,0.0,ETH-27MAR20-280-C,178.47,83.45,0.109,467.0,0.12,223.0,87.44,0.50989,-0.11081,0.24876,0.00323,0.36437
178.54,SYN.ETH-13SEP19,1568285942769,open,0.32,0.0,0.308,0.347,0.327904,268.18,None,0.0,ETH-13SEP19-120-C,178.47,0.0,0.0,0.0,0.0,0.0,0.0,0.00029,-0.03948,0.00287,0.00014,0.999
180.59,SYN.ETH-25OCT19,1568285942841,open,0.44,6.0,0.43,0.466,0.448192,86.81,0.46,0.0,ETH-25OCT19-100-C,178.47,0.0,0.0,0.0,0.0,0.0,0.0,0.02527,-0.02558,0.11358,0.00076,0.98363
179.06,SYN.ETH-20SEP19,1568285942853,open,0.05,5.0,0.017,0.075,0.044504,71.24,0.048,0.0,ETH-20SEP19-180-P,178.47,65.26,0.041,100.0,0.045,5.0,72.08,0.10493,-0.47456,-0.021,0.02129,-0.49903
184.81,SYN.ETH-27MAR20,1568285942881,open,0.08,220.0,0.044,0.128,0.085797,86.05,0.083,0.0,ETH-27MAR20-320-C,178.47,84.53,0.082,484.0,0.089,3.0,87.32,0.4648,-0.10158,0.20381,0.00293,0.29025
180.59,SYN.ETH-25OCT19,1568285942914,open,0.0,1760.0,0.001,0.011,0.001932,86.81,0.002,0.0,ETH-25OCT19-100-P,178.47,78.72,0.001,100.0,0.003,460.0,93.44,0.02527,-0.02558,-0.00388,0.00076,-0.01637
179.06,SYN.ETH-20SEP19,1568285942921,open,0.02,149.0,0.003,0.041,0.019176,71.24,0.015,0.0,ETH-20SEP19-190-C,178.47,66.96,0.017,100.0,0.02,1.0,72.84,0.09194,-0.4158,0.01099,0.01865,0.30354
178.54,SYN.ETH-13SEP19,1568285942976,open,0.27,0.0,0.25,0.293,0.271855,135.88,None,0.0,ETH-13SEP19-130-C,178.47,0.0,0.0,0.0,0.0,0.0,0.0,0.0,-2e-05,0.00312,0.0,1.0
180.59,SYN.ETH-25OCT19,1568285942986,open,0.34,6.0,0.318,0.365,0.341971,79.49,0.36,0.0,ETH-25OCT19-120-C,178.47,0.0,0.0,0.0,0.0,0.0,0.0,0.06471,-0.05998,0.1288,0.00213,0.94914
184.81,SYN.ETH-27MAR20,1568285943048,open,0.07,49.0,0.032,0.108,0.069101,88.3,0.078,0.0,ETH-27MAR20-360-C,178.47,86.05,0.064,497.0,0.073,220.0,89.99,0.42269,-0.09479,0.17113,0.0026,0.24077
178.54,SYN.ETH-13SEP19,1568285943050,open,0.0,600.0,0.001,0.011,0.0,120.0,0.002,0.0,ETH-13SEP19-130-P,178.47,0.0,0.0,0.0,0.001,200.0,317.06,0.0,0.0,0.0,0.0,0.0
10432.99,BTC-27DEC19,1568285943091,open,1.33,0.0,1.258,1.368,1.30973722,85.16,None,0.0,BTC-27DEC19-24000-P,10156.6,0.0,0.006,1.0,2.0385,0.2,500.0,6.36389,-2.55949,-68.19687,2e-05,-0.94374
10225.37,BTC-27SEP19,1568285943091,open,0.04,82.2,0.021,0.0695,0.04511502,70.57,0.045,0.0,BTC-27SEP19-10500-C,10156.6,68.55,0.0435,4.2,0.0465,4.5,72.3,8.18126,-19.40663,1.70526,0.00027,0.45431
10225.37,BTC-27SEP19,1568285943091,open,0.19,108.2,0.1555,0.2175,0.18568779,74.82,0.191,0.0,BTC-27SEP19-12000-P,10156.6,64.51,0.181,8.0,0.19,14.0,83.04,5.07525,-12.76409,-4.2637,0.00016,-0.83742
10432.99,BTC-27DEC19,1568285943091,open,4.03,0.8,3.887,4.0895,3.98494559,104.32,3.59,0.0,BTC-27DEC19-52000-P,10156.6,0.0,0.001,1.0,0.0,0.0,0.0,0.80787,-0.39799,-150.70914,0.0,-0.99503
10225.37,BTC-27SEP19,1568285943091,open,0.02,233.9,0.0045,0.038,0.01894285,73.15,0.019,0.0,BTC-27SEP19-11500-C,10156.6,71.62,0.018,3.4,0.0195,0.3,74.04,6.34717,-15.60515,0.90139,0.0002,0.23524
10432.99,BTC-27DEC19,1568285943091,open,1.71,0.1,1.6325,1.752,1.68901788,88.19,1.49,0.0,BTC-27DEC19-28000-P,10156.6,0.0,0.001,1.0,0.0,0.0,0.0,4.11795,-1.71512,-80.38461,1e-05,-0.96718
10432.99,BTC-27DEC19,1568285943091,open,2.87,0.0,2.759,2.918,2.8355069,96.5,2.58,0.0,BTC-27DEC19-40000-P,10156.6,0.0,0.0005,10.0,0.0,0.0,0.0,1.49896,-0.6831,-115.77106,0.0,-0.98999
10225.37,BTC-27SEP19,1568285943091,open,0.17,4.1,0.1545,0.1975,0.17577073,73.92,0.169,0.0,BTC-27SEP19-8500-C,10156.6,71.59,0.175,4.6,0.177,4.0,77.41,3.47762,-8.64002,3.04073,0.00011,0.90542
10225.37,BTC-27SEP19,1568285943091,open,0.08,140.1,0.043,0.1005,0.0719898,70.59,0.076,0.0,BTC-27SEP19-10500-P,10156.6,68.11,0.07,4.9,0.073,4.0,71.86,8.18133,-19.41267,-2.574,0.00027,-0.54566
10193.26,SYN.BTC-20SEP19,1568285943090,open,0.06,0.9,0.038,0.0875,0.06364961,66.35,0.0585,0.0,BTC-20SEP19-9750-C,10156.6,66.06,0.0635,3.5,0.065,0.2,68.96,5.25854,-22.1508,1.38462,0.00035,0.69319
10432.99,BTC-27DEC19,1568285943091,open,2.1,0.3,2.0075,2.1395,2.07047061,91.33,1.875,0.0,BTC-27DEC19-32000-P,10156.6,0.0,0.0005,10.0,0.0,0.0,0.0,2.84098,-1.22533,-92.28471,1e-05,-0.97895
10225.37,BTC-27SEP19,1568285943093,open,0.02,1185.8,0.003,0.03,0.01375712,71.08,0.014,0.0,BTC-27SEP19-9000-P,10156.6,69.57,0.013,15.7,0.0145,0.5,72.53,5.18791,-12.39374,-0.75823,0.00017,-0.16819
10225.37,BTC-27SEP19,1568285943093,open,0.11,315.6,0.0745,0.136,0.10545936,72.05,0.1115,0.0,BTC-27SEP19-11000-P,10156.6,66.6,0.1015,26.0,0.107,18.0,74.14,7.51028,-18.18733,-3.21562,0.00024,-0.66616
10225.37,BTC-27SEP19,1568285943091,open,0.0,632.0,0.0005,0.0155,0.00501193,78.37,0.0055,0.0,BTC-27SEP19-13000-C,10156.6,74.63,0.004,79.8,0.006,34.5,81.66,2.92705,-7.71015,0.29236,9e-05,0.07517
10161.16,SYN.BTC-13SEP19,1568285943091,open,0.26,16.0,0.247,0.276,0.26189457,0.0,0.287,0.0,BTC-13SEP19-7500-C,10156.6,0.0,0.2515,5.0,0.2735,5.0,500.0,0.0,0.0,0.17994,0.0,1.0
10225.37,BTC-27SEP19,1568285943094,open,2.16,0.0,2.0685,2.193,2.12954161,170.17,None,0.0,BTC-27SEP19-32000-P,10156.6,0.0,0.0,0.0,0.0,0.0,0.0,0.05783,-0.3308,-13.03859,0.0,-0.99918
10225.37,BTC-27SEP19,1568285943094,open,0.01,1326.5,0.002,0.028,0.01212174,74.79,0.011,0.0,BTC-27SEP19-12000-C,10156.6,72.49,0.011,5.4,0.013,24.0,76.54,5.07305,-12.75361,0.62655,0.00016,0.16247
10545.54,SYN.BTC-27MAR20,1568285943090,open,1.89,0.0,1.797,1.949,1.86866578,88.38,None,0.0,BTC-27MAR20-30000-P,10156.6,0.0,0.0005,10.0,0.0,0.0,0.0,13.51113,-3.03259,-157.53116,3e-05,-0.90082
10225.37,BTC-27SEP19,1568285943094,open,0.97,0.0,0.918,0.998,0.95622447,120.85,0.691,0.0,BTC-27SEP19-20000-P,10156.6,0.0,0.0045,10.0,1.156,0.2,500.0,0.2607,-1.05891,-8.13443,1e-05,-0.9957
10432.45,BTC-27DEC19,1568285943094,open,3.64,0.0,3.511,3.699,3.6017985,100.12,None,0.0,BTC-27DEC19-48000-P,10156.6,0.0,0.0005,10.0,0.0,0.0,0.0,0.84422,-0.39916,-139.09912,0.0,-0.99478
10193.26,SYN.BTC-20SEP19,1568285943090,open,0.02,10.8,0.0045,0.04,0.02016951,66.36,0.0225,0.0,BTC-20SEP19-9750-P,10156.6,65.06,0.0195,4.8,0.0205,1.0,67.0,5.25872,-22.15531,-0.71923,0.00035,-0.30684
10225.37,BTC-27SEP19,1568285943095,open,1.56,0.0,1.493,1.5945,1.54272785,134.6,None,0.0,BTC-27SEP19-26000-P,10156.6,0.0,0.0,0.0,0.0,0.0,0.0,0.03574,-0.16172,-10.59449,0.0,-0.99951
10225.37,BTC-27SEP19,1568285943094,open,0.06,723.6,0.04,0.093,0.06728811,69.83,0.068,0.0,BTC-27SEP19-10000-C,10156.6,68.83,0.0665,3.8,0.0685,0.4,71.38,8.02298,-18.83158,2.18001,0.00027,0.5904
10225.37,BTC-27SEP19,1568285943095,open,0.13,449.4,0.109,0.1575,0.13357571,71.04,0.124,0.0,BTC-27SEP19-9000-C,10156.6,69.9,0.133,5.6,0.1355,3.8,74.76,5.18591,-12.3829,2.91025,0.00017,0.83191
10432.45,BTC-27DEC19,1568285943094,open,2.48,1.3,2.3835,2.527,2.45237321,90.79,2.2,0.0,BTC-27DEC19-36000-P,10156.6,0.0,0.0005,10.0,0.0,0.0,0.0,1.63379,-0.70049,-104.13939,1e-05,-0.98895
10193.26,SYN.BTC-20SEP19,1568285943091,open,0.01,27.3,0.0005,0.025,0.00966846,69.89,0.0085,0.0,BTC-20SEP19-11250-C,10156.6,68.14,0.009,4.6,0.0105,24.0,72.01,3.95004,-17.5266,0.37803,0.00025,0.18154
10225.37,BTC-27SEP19,1568285943095,open,1.96,0.0,1.8765,1.9935,1.93394554,160.88,None,0.0,BTC-27SEP19-30000-P,10156.6,0.0,0.0,0.0,0.0,0.0,0.0,0.0574,-0.31041,-12.22349,0.0,-0.99919
10161.16,SYN.BTC-13SEP19,1568285943091,open,0.0,409.4,0.0005,0.0105,0.00023419,111.47,0.001,0.0,BTC-13SEP19-11500-C,10156.6,0.0,0.0,0.0,0.0005,4.9,124.18,0.16171,-2.37963,0.003,6e-05,0.01256
10225.37,BTC-27SEP19,1568285943096,open,0.0,1217.9,0.0005,0.011,0.00141901,94.87,0.0015,0.0,BTC-27SEP19-7000-P,10156.6,89.89,0.001,1.0,0.0015,4.6,95.72,0.95763,-3.05357,-0.08517,2e-05,-0.01902
10225.37,BTC-27SEP19,1568285943095,open,0.22,860.2,0.203,0.2415,0.22184497,80.97,0.211,0.0,BTC-27SEP19-8000-C,10156.6,74.54,0.2205,4.4,0.2225,5.9,83.71,2.35174,-6.40027,3.00663,7e-05,0.94331
10193.26,SYN.BTC-20SEP19,1568285943091,open,0.06,12.2,0.03,0.083,0.05660246,66.87,0.062,0.0,BTC-20SEP19-10500-P,10156.6,64.93,0.0555,3.5,0.058,4.2,69.33,5.78566,-24.56213,-1.44362,0.00039,-0.59976
10432.45,BTC-27DEC19,1568285943096,open,0.01,617.9,0.0005,0.015,0.00544664,80.52,0.006,0.0,BTC-27DEC19-5000-P,10156.6,77.62,0.0045,62.1,0.0065,24.0,83.42,3.5975,-1.36792,-1.00861,1e-05,-0.02788
10432.45,BTC-27DEC19,1568285943096,open,1.9,0.2,1.82,1.9455,1.87953553,89.16,2.03,0.0,BTC-27DEC19-30000-P,10156.6,0.0,0.001,1.0,0.0,0.0,0.0,3.28691,-1.38402,-86.38155,1e-05,-0.97497
10432.45,BTC-27DEC19,1568285943097,open,0.02,277.5,0.007,0.037,0.0198338,76.33,0.0205,0.0,BTC-27DEC19-6500-P,10156.6,74.75,0.0185,32.5,0.021,24.0,77.67,8.93307,-3.21994,-3.24736,4e-05,-0.08748
10432.45,BTC-27DEC19,1568285943097,open,0.77,12.4,0.7035,0.8075,0.75349732,80.69,0.559,0.0,BTC-27DEC19-18000-P,10156.6,0.0,0.0045,5.0,1.4945,0.2,500.0,13.08142,-4.98475,-48.53409,5e-05,-0.85033
10193.26,SYN.BTC-20SEP19,1568285943091,open,0.12,0.0,0.101,0.1445,0.12268512,71.21,None,0.0,BTC-20SEP19-9000-C,10156.6,0.0,0.117,10.0,0.0,0.0,0.0,2.76052,-12.4806,1.69419,0.00017,0.89297
10193.26,SYN.BTC-20SEP19,1568285943091,open,0.01,94.1,0.002,0.031,0.0135398,68.51,0.013,0.0,BTC-20SEP19-11000-C,10156.6,67.32,0.013,3.7,0.0145,2.7,70.59,4.65385,-20.24127,0.4979,0.0003,0.23992
10193.26,SYN.BTC-20SEP19,1568285943091,open,0.19,1.0,0.155,0.209,0.18067969,73.94,0.2095,0.0,BTC-20SEP19-12000-P,10156.6,0.0,0.177,9.0,0.203,4.0,137.18,2.0936,-9.82809,-2.4345,0.00013,-0.9262
10545.54,SYN.BTC-27MAR20,1568285943091,open,0.01,392.8,0.0015,0.0295,0.01124762,91.7,0.01,0.0,BTC-27MAR20-40000-C,10156.6,89.28,0.0095,14.0,0.0125,14.0,93.29,8.01314,-1.86608,2.2156,1e-05,0.0502
10193.26,SYN.BTC-20SEP19,1568285943091,open,0.08,9.0,0.0565,0.105,0.08156799,67.79,0.0705,0.0,BTC-20SEP19-9500-C,10156.6,66.49,0.081,3.7,0.0835,4.8,72.12,4.48482,-19.30165,1.52628,0.0003,0.77551
10161.16,SYN.BTC-13SEP19,1568285943092,open,0.04,261.9,0.014,0.0605,0.03699396,73.85,0.0375,0.0,BTC-13SEP19-10500-P,10156.6,56.77,0.035,0.6,0.0375,6.9,77.62,1.33776,-49.3997,-0.20719,0.00073,-0.81292
10161.16,SYN.BTC-13SEP19,1568285943091,open,0.04,2.4,0.021,0.0645,0.04308633,77.6,0.038,0.0,BTC-13SEP19-9750-C,10156.6,66.3,0.042,6.0,0.0465,6.0,105.11,1.07751,-41.8091,0.20051,0.00056,0.86556
10193.26,SYN.BTC-20SEP19,1568285943091,open,0.08,0.1,0.046,0.101,0.07363977,67.52,0.075,0.0,BTC-20SEP19-10750-P,10156.6,60.41,0.07,18.0,0.0755,18.0,71.07,5.30655,-22.74772,-1.67235,0.00035,-0.68672
10193.26,SYN.BTC-20SEP19,1568285943090,open,0.01,94.4,0.0005,0.0205,0.00690834,71.39,0.0065,0.0,BTC-20SEP19-11500-C,10156.6,68.48,0.006,9.0,0.0075,30.1,73.21,3.26991,-14.82047,0.28426,0.0002,0.13615
10193.26,SYN.BTC-20SEP19,1568285943090,open,0.03,44.7,0.014,0.0585,0.03603549,65.98,0.036,0.0,BTC-20SEP19-10250-C,10156.6,65.91,0.036,3.0,0.037,5.2,67.62,5.97316,-25.01892,1.01272,0.0004,0.49648
10545.54,SYN.BTC-27MAR20,1568285943091,open,2.46,0.0,2.351,2.5165,2.42894064,90.79,None,0.0,BTC-27MAR20-36000-P,10156.6,0.0,0.0005,10.0,0.0,0.0,0.0,9.911,-2.28524,-191.30048,2e-05,-0.93422
10193.26,SYN.BTC-20SEP19,1568285943091,open,0.01,32.7,0.0005,0.023,0.00850474,68.44,0.011,0.0,BTC-20SEP19-9250-P,10156.6,66.98,0.008,27.8,0.0085,1.2,68.43,3.5646,-15.48859,-0.35914,0.00023,-0.15478
10545.54,SYN.BTC-27MAR20,1568285943090,open,0.33,33.2,0.2595,0.378,0.32001364,79.41,0.3305,0.0,BTC-27MAR20-12000-P,10156.6,77.53,0.3145,11.0,0.3215,4.9,79.92,30.82209,-6.21621,-45.05435,6e-05,-0.47207
10545.54,SYN.BTC-27MAR20,1568285943091,open,2.27,0.0,2.166,2.327,2.24177097,90.17,None,0.0,BTC-27MAR20-34000-P,10156.6,0.0,0.0005,10.0,0.0,0.0,0.0,11.01116,-2.52172,-180.10502,2e-05,-0.92457
10289.25,SYN.BTC-25OCT19,1568285943091,open,0.32,0.0,0.3085,0.3465,0.32706783,78.13,None,0.0,BTC-25OCT19-7000-C,10156.6,0.0,0.3195,10.0,0.9295,4.0,500.0,4.08696,-3.7237,7.4332,4e-05,0.94207
182.84,ETH-27DEC19,1568285943121,open,0.46,0.0,0.441,0.484,0.462813,76.89,None,0.0,ETH-27DEC19-100-C,178.47,0.0,0.0,0.0,0.0,0.0,0.0,0.09836,-0.03572,0.25943,0.00132,0.95196
180.59,SYN.ETH-25OCT19,1568285943125,open,0.24,3.0,0.214,0.275,0.246096,77.99,0.271,0.0,ETH-25OCT19-140-C,178.47,0.0,0.0,0.0,0.0,0.0,0.0,0.13691,-0.12452,0.1305,0.00458,0.86127
178.54,SYN.ETH-13SEP19,1568285943133,open,0.21,0.0,0.192,0.239,0.215844,120.32,None,0.0,ETH-13SEP19-140-C,178.47,0.0,0.0,0.0,0.0,0.0,0.0,1e-05,-0.00037,0.00336,1e-05,0.99998
179.06,SYN.ETH-20SEP19,1568285943137,open,0.13,1.0,0.09,0.164,0.126666,75.31,0.14,0.0,ETH-20SEP19-200-P,178.47,0.0,0.0,0.0,0.0,0.0,0.0,0.06719,-0.32128,-0.03686,0.0129,-0.82747
179.06,SYN.ETH-20SEP19,1568285943148,open,0.33,0.0,0.31,0.351,0.330386,119.1,None,0.0,ETH-20SEP19-120-C,178.47,0.0,0.0,0.0,0.0,0.0,0.0,0.00625,-0.04725,0.02553,0.00076,0.99123
182.84,ETH-27DEC19,1568285943193,open,0.01,3140.0,0.001,0.02,0.009739,76.89,0.01,0.0,ETH-27DEC19-100-P,178.47,75.49,0.009,100.0,0.01,40.0,77.37,0.09836,-0.03572,-0.03064,0.00132,-0.04804
180.59,SYN.ETH-25OCT19,1568285943193,open,0.02,19.0,0.007,0.04,0.021333,77.99,0.021,0.0,ETH-25OCT19-140-P,178.47,74.86,0.019,500.0,0.024,522.0,81.45,0.13691,-0.12452,-0.03395,0.00458,-0.13873
10193.26,SYN.BTC-20SEP19,1568285943205,open,0.08,0.1,0.046,0.101,0.07363977,67.52,0.075,0.0,BTC-20SEP19-10750-P,10156.6,61.4,0.0705,18.0,0.0755,18.0,71.07,5.30655,-22.74772,-1.67235,0.00035,-0.68672
179.06,SYN.ETH-20SEP19,1568285943208,open,0.35,0.0,0.302,0.386,0.341872,101.03,None,0.0,ETH-20SEP19-240-P,178.47,0.0,0.0,0.0,0.0,0.0,0.0,0.01728,-0.11082,-0.05073,0.00247,-0.97125
179.06,SYN.ETH-20SEP19,1568285943212,open,0.0,104.0,0.001,0.016,0.004399,77.01,0.003,0.0,ETH-20SEP19-210-C,178.47,70.49,0.003,100.0,0.006,150.0,83.32,0.04205,-0.20558,0.00324,0.00789,0.08813
179.59,ETH-27SEP19,1568285943214,open,0.01,2408.0,0.001,0.024,0.009321,81.04,0.008,0.0,ETH-27SEP19-220-C,178.47,77.72,0.008,200.0,0.011,340.0,84.97,0.07391,-0.20132,0.00834,0.00694,0.12328
182.84,ETH-27DEC19,1568285943214,open,0.08,3044.0,0.042,0.115,0.079398,80.66,0.081,0.0,ETH-27DEC19-240-C,178.47,78.42,0.075,484.0,0.083,240.0,82.47,0.36133,-0.13763,0.13888,0.00462,0.34126
179.59,ETH-27SEP19,1568285943218,open,0.0,2439.0,0.001,0.012,0.002406,95.34,0.004,0.0,ETH-27SEP19-260-C,178.47,83.47,0.001,225.0,0.003,100.0,98.99,0.02729,-0.08746,0.00231,0.00218,0.03391
179.59,ETH-27SEP19,1568285943218,open,0.0,6011.0,0.001,0.011,0.0,120.0,0.002,0.0,ETH-27SEP19-600-C,178.47,0.0,0.0,0.0,0.001,399.0,225.12,0.0,0.0,0.0,0.0,0.0
179.59,ETH-27SEP19,1568285943218,open,0.69,853.0,0.622,0.725,0.671515,110.41,0.673,0.0,ETH-27SEP19-300-P,178.47,0.0,0.049,16.0,1.82,5.0,500.0,0.01313,-0.04873,-0.1213,0.0009,-0.98576
179.59,ETH-27SEP19,1568285943220,open,0.0,839.0,0.001,0.011,0.0,120.0,0.001,0.0,ETH-27SEP19-60-P,178.47,0.0,0.0,0.0,0.001,100.0,236.56,0.0,-1e-05,0.0,0.0,0.0
182.84,ETH-27DEC19,1568285943223,open,0.8,101.0,0.716,0.853,0.783135,85.84,0.513,0.0,ETH-27DEC19-320-P,178.47,0.0,0.006,5.0,0.0,0.0,0.0,0.24317,-0.09858,-0.85891,0.00292,-0.83633
182.84,ETH-27DEC19,1568285943223,open,0.0,7921.0,0.001,0.014,0.004893,105.31,0.004,0.0,ETH-27DEC19-640-C,178.47,102.47,0.004,1400.0,0.005,100.0,105.62,0.06155,-0.03061,0.01177,0.0006,0.02709
179.59,ETH-27SEP19,1568285943223,open,2.14,24.0,2.028,2.214,2.118214,120.0,1.356,0.0,ETH-27SEP19-560-P,178.47,0.0,0.0,0.0,0.0,0.0,0.0,0.0,-2e-05,-0.22823,0.0,-1.0
179.59,ETH-27SEP19,1568285943225,open,1.24,79.0,1.163,1.296,1.22734,120.0,0.351,0.0,ETH-27SEP19-400-P,178.47,0.0,0.0,0.0,0.0,0.0,0.0,0.00091,-0.00366,-0.16297,6e-05,-0.99927
179.59,ETH-27SEP19,1568285943225,open,0.0,11094.0,0.001,0.011,0.001431,100.27,0.001,0.0,ETH-27SEP19-120-P,178.47,94.94,0.001,400.0,0.002,500.0,105.95,0.01618,-0.05454,-0.00144,0.00123,-0.01818
10432.45,BTC-27DEC19,1568285943221,open,0.27,87.4,0.2095,0.307,0.25907273,75.84,0.26,0.0,BTC-27DEC19-12000-P,10156.6,73.93,0.255,14.4,0.264,7.0,78.15,22.20158,-7.9517,-24.63712,9e-05,-0.55507
10161.16,SYN.BTC-13SEP19,1568285943233,open,0.04,2.4,0.021,0.0645,0.04308633,77.6,0.038,0.0,BTC-13SEP19-9750-C,10156.6,66.3,0.042,6.0,0.046,6.0,101.46,1.07751,-41.8091,0.20051,0.00056,0.86556
10161.16,SYN.BTC-13SEP19,1568285943235,open,0.04,261.9,0.014,0.0605,0.03699396,73.85,0.0375,0.0,BTC-13SEP19-10500-P,10156.6,56.77,0.035,0.6,0.0375,0.9,77.62,1.33776,-49.3997,-0.20719,0.00073,-0.81292
179.59,ETH-27SEP19,1568285943242,open,0.35,2550.0,0.299,0.386,0.340849,88.25,0.322,0.0,ETH-27SEP19-240-P,178.47,0.0,0.053,5.0,0.88,5.0,500.0,0.04429,-0.13139,-0.0936,0.00382,-0.93803
179.59,ETH-27SEP19,1568285943244,open,0.14,2697.0,0.097,0.176,0.136618,75.9,0.122,0.0,ETH-27SEP19-200-P,178.47,0.0,0.098,1.0,0.152,240.0,97.89,0.11891,-0.30338,-0.06374,0.01192,-0.73429
179.59,ETH-27SEP19,1568285943244,open,0.0,5439.0,0.001,0.011,2e-06,120.0,0.001,0.0,ETH-27SEP19-480-C,178.47,0.0,0.0,0.0,0.001,100.0,189.66,6e-05,-0.00025,0.0,0.0,4e-05
179.59,ETH-27SEP19,1568285943247,open,0.24,1574.0,0.194,0.277,0.234333,81.04,0.227,0.0,ETH-27SEP19-220-P,178.47,61.71,0.228,240.0,0.251,240.0,113.42,0.07391,-0.20132,-0.08132,0.00694,-0.87672
182.84,ETH-27DEC19,1568285943247,open,0.01,1857.0,0.001,0.025,0.010164,96.55,0.009,0.0,ETH-27DEC19-480-C,178.47,94.55,0.009,800.0,0.011,300.0,97.91,0.10992,-0.05012,0.02391,0.00117,0.05524
179.59,ETH-27SEP19,1568285943251,open,0.0,3685.0,0.001,0.011,0.000834,118.63,0.001,0.0,ETH-27SEP19-320-C,178.47,0.0,0.0,0.0,0.001,100.0,121.31,0.01046,-0.0417,0.00074,0.00067,0.01095
179.59,ETH-27SEP19,1568285943251,open,0.8,606.0,0.73,0.84,0.782671,118.63,0.715,0.0,ETH-27SEP19-320-P,178.47,0.0,0.0,0.0,1.39,1.0,500.0,0.01046,-0.0417,-0.12968,0.00067,-0.98905
179.59,ETH-27SEP19,1568285943257,open,1.92,12.0,1.812,1.985,1.895485,120.0,1.193,0.0,ETH-27SEP19-520-P,178.47,0.0,0.0,0.0,0.0,0.0,0.0,2e-05,-6e-05,-0.21193,0.0,-0.99999
182.84,ETH-27DEC19,1568285943257,open,2.32,0.0,2.187,2.396,2.286962,102.46,0.953,0.0,ETH-27DEC19-600-P,178.47,0.0,0.0,0.0,0.0,0.0,0.0,0.06741,-0.03262,-1.72726,0.00068,-0.96978
182.84,ETH-27DEC19,1568285943259,open,1.66,21.0,1.552,1.727,1.63541,96.55,0.629,0.0,ETH-27DEC19-480-P,178.47,0.0,0.001,7.0,0.0,0.0,0.0,0.10992,-0.05012,-1.36843,0.00117,-0.94476
182.84,ETH-27DEC19,1568285943261,open,1.44,0.0,1.341,1.505,1.419689,94.46,None,0.0,ETH-27DEC19-440-P,178.47,0.0,0.001,8.0,0.0,0.0,0.0,0.13301,-0.05934,-1.2459,0.00145,-0.92945
179.59,ETH-27SEP19,1568285943261,open,0.33,116.0,0.312,0.354,0.333242,100.27,0.327,0.0,ETH-27SEP19-120-C,178.47,0.0,0.017,12.0,0.0,0.0,0.0,0.01618,-0.05454,0.04747,0.00123,0.98182
179.59,ETH-27SEP19,1568285943261,open,1.02,233.0,0.947,1.067,1.00477,120.0,0.634,0.0,ETH-27SEP19-360-P,178.47,0.0,0.5,44.0,0.0,0.0,0.0,0.0033,-0.01332,-0.14652,0.00021,-0.99702
179.59,ETH-27SEP19,1568285943261,open,0.55,0.0,0.541,0.567,0.554559,120.0,None,0.0,ETH-27SEP19-80-C,178.47,0.0,0.004,5.0,0.0,0.0,0.0,0.00036,-0.00147,0.03258,2e-05,0.99973
182.84,ETH-27DEC19,1568285943261,open,1.22,16.0,1.13,1.284,1.204009,90.67,1.195,0.0,ETH-27DEC19-400-P,178.47,0.0,0.001,8.0,0.0,0.0,0.0,0.15604,-0.06682,-1.12274,0.00177,-0.91291
179.59,ETH-27SEP19,1568285943261,open,1.13,259.0,1.055,1.182,1.116026,120.0,0.94,0.0,ETH-27SEP19-380-P,178.47,0.0,0.009,8.0,0.0,0.0,0.0,0.00174,-0.00703,-0.15477,0.00011,-0.99852
180.59,SYN.ETH-25OCT19,1568285943261,open,0.16,242.0,0.129,0.199,0.166849,77.6,0.154,0.0,ETH-25OCT19-160-C,178.47,75.11,0.164,240.0,0.173,240.0,82.91,0.2077,-0.18795,0.11772,0.00699,0.72178
182.84,ETH-27DEC19,1568285943263,open,1.88,37.0,1.763,1.948,1.851643,97.74,0.707,0.0,ETH-27DEC19-520-P,178.47,0.0,0.002,25.0,0.0,0.0,0.0,0.08915,-0.04115,-1.48986,0.00094,-0.95749
182.84,ETH-27DEC19,1568285943263,open,0.29,2.0,0.251,0.324,0.290442,76.89,0.275,0.0,ETH-27DEC19-140-C,178.47,0.0,0.0,0.0,0.0,0.0,0.0,0.27334,-0.09926,0.27174,0.00367,0.80281
182.84,ETH-27DEC19,1568285943267,open,0.37,2.0,0.339,0.398,0.370386,76.89,0.346,0.0,ETH-27DEC19-120-C,178.47,0.0,0.101,1.0,0.0,0.0,0.0,0.18575,-0.06745,0.27533,0.00249,0.88951
182.84,ETH-27DEC19,1568285943279,open,0.4,694.0,0.33,0.451,0.392021,80.66,0.44,0.0,ETH-27DEC19-240-P,178.47,76.56,0.384,240.0,0.415,240.0,92.04,0.36133,-0.13763,-0.55728,0.00462,-0.65874
182.84,ETH-27DEC19,1568285943279,open,0.03,8337.0,0.011,0.046,0.026697,76.89,0.027,0.0,ETH-27DEC19-120-P,178.47,75.2,0.025,100.0,0.027,300.0,77.19,0.18575,-0.06745,-0.07276,0.00249,-0.11049
179.06,SYN.ETH-20SEP19,1568285943279,open,0.19,0.0,0.14,0.216,0.177171,77.01,None,0.0,ETH-20SEP19-210-P,178.47,0.0,0.0,0.0,0.265,1.0,260.31,0.04205,-0.20558,-0.04208,0.00789,-0.91187
178.54,SYN.ETH-13SEP19,1568285943281,open,0.0,204.0,0.001,0.011,0.0,120.0,0.002,0.0,ETH-13SEP19-140-P,178.47,0.0,0.0,0.0,0.001,200.0,251.83,1e-05,-4e-05,0.0,1e-05,-2e-05
179.59,ETH-27SEP19,1568285943281,open,0.0,2008.0,0.001,0.011,0.001917,106.65,0.002,0.0,ETH-27SEP19-280-C,178.47,97.27,0.001,1223.0,0.002,100.0,107.33,0.02139,-0.07668,0.00171,0.00153,0.02529
182.84,ETH-27DEC19,1568285943283,open,2.54,0.0,2.4,2.62,2.505221,105.31,None,0.0,ETH-27DEC19-640-P,178.47,0.0,0.0,0.0,0.0,0.0,0.0,0.06155,-0.03061,-1.84468,0.0006,-0.97291
179.59,ETH-27SEP19,1568285943283,open,2.37,27.0,2.244,2.444,2.340943,120.0,1.044,0.0,ETH-27SEP19-600-P,178.47,0.0,0.0,0.0,0.0,0.0,0.0,0.0,0.0,-0.24453,0.0,-1.0
179.59,ETH-27SEP19,1568285943283,open,0.44,20.0,0.426,0.461,0.443641,120.0,0.441,0.0,ETH-27SEP19-100-C,178.47,0.0,0.011,15.0,0.0,0.0,0.0,0.00577,-0.02329,0.04031,0.00037,0.99443
182.84,ETH-27DEC19,1568285943285,open,0.03,1031.0,0.012,0.059,0.032971,85.84,0.032,0.0,ETH-27DEC19-320-C,178.47,83.56,0.03,220.0,0.036,252.0,88.08,0.24317,-0.09858,0.06932,0.00292,0.16367
179.59,ETH-27SEP19,1568285943287,open,0.0,3419.0,0.001,0.011,0.0,120.0,0.001,0.0,ETH-27SEP19-640-C,178.47,0.0,0.0,0.0,0.001,337.0,235.15,0.0,0.0,0.0,0.0,0.0
182.84,ETH-27DEC19,1568285943287,open,0.23,2379.0,0.17,0.275,0.224138,77.6,0.21,0.0,ETH-27DEC19-200-P,178.47,74.74,0.218,24.0,0.231,240.0,80.79,0.39285,-0.14397,-0.38526,0.00522,-0.50226
182.84,ETH-27DEC19,1568285943289,open,2.1,0.0,1.975,2.171,2.068702,99.09,0.845,0.0,ETH-27DEC19-560-P,178.47,0.0,0.0,0.0,0.0,0.0,0.0,0.07355,-0.03442,-1.60972,0.00077,-0.96642
179.59,ETH-27SEP19,1568285943289,open,3.04,0.0,2.893,3.133,3.009132,120.0,None,0.0,ETH-27SEP19-720-P,178.47,0.0,0.0,0.0,0.0,0.0,0.0,0.0,0.0,-0.29344,0.0,-1.0
182.84,ETH-27DEC19,1568285943291,open,0.02,1995.0,0.004,0.035,0.016304,90.67,0.017,0.0,ETH-27DEC19-400-C,178.47,89.11,0.015,650.0,0.017,411.0,91.48,0.15604,-0.06682,0.03754,0.00177,0.08709
179.59,ETH-27SEP19,1568285943296,open,2.59,0.0,2.46,2.673,2.563673,120.0,None,0.0,ETH-27SEP19-640-P,178.47,0.0,0.0,0.0,0.0,0.0,0.0,0.0,0.0,-0.26083,0.0,-1.0
182.84,ETH-27DEC19,1568285943298,open,1.01,257.0,0.922,1.068,0.992883,89.45,0.947,0.0,ETH-27DEC19-360-P,178.47,0.0,0.008,4.0,1.59,1.0,403.36,0.19921,-0.08415,-0.99229,0.0023,-0.87807
179.59,ETH-27SEP19,1568285943300,open,0.66,0.0,0.656,0.675,0.665906,120.0,0.01,0.0,ETH-27SEP19-60-C,178.47,0.0,0.003,10.0,0.0,0.0,0.0,0.0,-1e-05,0.02445,0.0,1.0
179.59,ETH-27SEP19,1568285943308,open,1.47,0.0,1.379,1.525,1.450035,120.0,None,0.0,ETH-27SEP19-440-P,178.47,0.0,0.0,0.0,0.0,0.0,0.0,0.00024,-0.00097,-0.17931,2e-05,-0.99983
179.59,ETH-27SEP19,1568285943315,open,0.57,730.0,0.514,0.612,0.561024,106.65,0.533,0.0,ETH-27SEP19-280-P,178.47,0.0,0.002,20.0,0.9,5.0,500.0,0.02139,-0.07668,-0.1124,0.00153,-0.97471
182.84,ETH-27DEC19,1568285943315,open,0.59,432.0,0.516,0.646,0.581141,83.12,0.66,0.0,ETH-27DEC19-280-P,178.47,77.4,0.572,240.0,0.608,240.0,98.37,0.30137,-0.1183,-0.71487,0.00374,-0.76675
179.59,ETH-27SEP19,1568285943317,open,1.69,0.0,1.595,1.755,1.672757,120.0,None,0.0,ETH-27SEP19-480-P,178.47,0.0,0.0,0.0,0.0,0.0,0.0,6e-05,-0.00025,-0.19562,0.0,-0.99996
179.59,ETH-27SEP19,1568285943317,open,0.46,1241.0,0.406,0.498,0.450148,95.34,0.426,0.0,ETH-27SEP19-260-P,178.47,0.0,0.007,15.0,0.0,0.0,0.0,0.02729,-0.08746,-0.10366,0.00218,-0.96609
179.59,ETH-27SEP19,1568285943320,open,0.91,294.0,0.839,0.953,0.893635,120.0,1.024,0.0,ETH-27SEP19-340-P,178.47,0.0,0.0,0.0,1.19,1.0,500.0,0.00614,-0.02478,-0.13816,0.00039,-0.99402
179.59,ETH-27SEP19,1568285943320,open,0.0,4896.0,0.001,0.011,0.001043,110.41,0.001,0.0,ETH-27SEP19-300-C,178.47,0.0,0.0,0.0,0.002,400.0,120.76,0.01313,-0.04873,0.00097,0.0009,0.01424
182.84,ETH-27DEC19,1568285943320,open,0.22,157.0,0.18,0.261,0.224041,76.89,0.214,0.0,ETH-27DEC19-160-C,178.47,72.04,0.215,24.0,0.23,24.0,80.08,0.34151,-0.12401,0.25333,0.00458,0.70169
179.59,ETH-27SEP19,1568285943325,open,0.22,214.0,0.198,0.249,0.224186,79.79,0.227,0.0,ETH-27SEP19-140-C,178.47,0.0,0.007,20.0,0.0,0.0,0.0,0.03852,-0.10331,0.05298,0.00367,0.94809
178.54,SYN.ETH-13SEP19,1568285943328,open,0.3,0.0,0.251,0.328,0.288256,119.07,None,0.0,ETH-13SEP19-230-P,178.47,0.0,0.0,0.0,0.0,0.0,0.0,0.0,-0.00019,-0.00552,0.0,-0.99999
182.84,ETH-27DEC19,1568285943331,open,0.06,1130.0,0.029,0.085,0.056139,76.89,0.053,0.0,ETH-27DEC19-140-P,178.47,75.46,0.054,100.0,0.057,292.0,77.47,0.27334,-0.09926,-0.13435,0.00367,-0.19719
178.54,SYN.ETH-13SEP19,1568285943395,open,0.15,300.0,0.134,0.185,0.159856,120.01,0.108,0.0,ETH-13SEP19-150-C,178.47,0.0,0.0,0.0,0.0,0.0,0.0,0.0004,-0.0238,0.00359,0.00043,0.99862
184.81,SYN.ETH-27MAR20,1568285943410,open,0.04,20.0,0.017,0.078,0.045128,90.86,0.043,0.0,ETH-27MAR20-440-C,178.47,88.57,0.041,230.0,0.049,252.0,92.94,0.33954,-0.07835,0.12147,0.00203,0.16698
179.06,SYN.ETH-20SEP19,1568285943416,open,0.0,14.0,0.001,0.012,0.002627,83.57,0.004,0.0,ETH-20SEP19-220-C,178.47,70.44,0.001,200.0,0.004,101.0,91.24,0.02844,-0.15092,0.00195,0.00492,0.05307
180.59,SYN.ETH-25OCT19,1568285943478,open,0.11,116.0,0.066,0.141,0.103778,77.44,0.113,0.0,ETH-25OCT19-180-P,178.47,74.65,0.1,96.0,0.107,240.0,79.82,0.24434,-0.22066,-0.11585,0.00824,-0.44234
182.84,ETH-27DEC19,1568285943531,open,0.1,1308.0,0.06,0.139,0.101099,79.08,0.111,0.0,ETH-27DEC19-220-C,178.47,76.64,0.096,464.0,0.105,240.0,80.94,0.38334,-0.14317,0.16509,0.005,0.41238
184.81,SYN.ETH-27MAR20,1568285943558,open,0.04,173.0,0.014,0.069,0.038182,92.54,0.039,0.0,ETH-27MAR20-480-C,178.47,90.58,0.035,210.0,0.041,240.0,94.2,0.30725,-0.07221,0.10502,0.0018,0.14353
179.06,SYN.ETH-20SEP19,1568285943591,open,0.24,0.0,0.194,0.272,0.231245,83.57,None,0.0,ETH-20SEP19-220-P,178.47,0.0,0.0,0.0,0.0,0.0,0.0,0.02844,-0.15092,-0.04552,0.00492,-0.94693
180.59,SYN.ETH-25OCT19,1568285943611,open,0.18,211.0,0.129,0.217,0.173917,78.09,0.203,0.0,ETH-25OCT19-200-P,178.47,73.61,0.168,96.0,0.178,240.0,81.16,0.23947,-0.21806,-0.16371,0.00801,-0.5978
184.81,SYN.ETH-27MAR20,1568285943641,open,1.66,0.0,1.539,1.738,1.63541,92.54,None,0.0,ETH-27MAR20-480-P,178.47,0.0,0.003,10.0,0.0,0.0,0.0,0.30725,-0.07221,-2.48403,0.0018,-0.85647
179.06,SYN.ETH-20SEP19,1568285943667,open,0.0,4.0,0.001,0.012,0.002147,93.92,0.003,0.0,ETH-20SEP19-230-C,178.47,82.82,0.001,196.0,0.002,100.0,92.74,0.02287,-0.13634,0.00148,0.00352,0.04044
182.84,ETH-27DEC19,1568285943689,open,0.06,12.0,0.03,0.095,0.061992,81.6,0.072,0.0,ETH-27DEC19-260-C,178.47,79.38,0.058,501.0,0.066,240.0,83.79,0.33178,-0.12786,0.11589,0.00419,0.28051
180.59,SYN.ETH-25OCT19,1568285943689,open,0.04,25.0,0.017,0.067,0.040893,79.41,0.05,0.0,ETH-25OCT19-220-C,178.47,76.87,0.038,128.0,0.044,475.0,82.09,0.20757,-0.19222,0.05027,0.00682,0.27785
178.54,SYN.ETH-13SEP19,1568285943715,open,0.1,42.0,0.077,0.131,0.104172,108.03,0.083,0.0,ETH-13SEP19-160-C,178.47,0.0,0.101,40.0,0.107,40.0,166.26,0.00386,-0.20865,0.00376,0.00468,0.98205
184.81,SYN.ETH-27MAR20,1568285943725,open,0.03,46.0,0.01,0.06,0.031422,93.2,0.033,0.0,ETH-27MAR20-520-C,178.47,90.82,0.028,220.0,0.035,240.0,95.55,0.27337,-0.0647,0.08946,0.00159,0.12117
179.06,SYN.ETH-20SEP19,1568285943730,open,0.3,0.0,0.248,0.329,0.286612,93.92,None,0.0,ETH-20SEP19-230-P,178.47,0.0,0.0,0.0,0.0,0.0,0.0,0.02287,-0.13634,-0.04815,0.00352,-0.95956
182.84,ETH-27DEC19,1568285943772,open,0.5,0.0,0.42,0.546,0.484,81.6,None,0.0,ETH-27DEC19-260-P,178.47,77.12,0.476,240.0,0.509,240.0,94.83,0.33178,-0.12786,-0.63829,0.00419,-0.71949
180.59,SYN.ETH-25OCT19,1568285943774,open,0.27,0.0,0.211,0.307,0.259123,79.41,None,0.0,ETH-25OCT19-220-P,178.47,0.0,0.0,0.0,0.0,0.0,0.0,0.20757,-0.19222,-0.20816,0.00682,-0.72215
184.81,SYN.ETH-27MAR20,1568285943809,open,1.87,0.0,1.745,1.953,1.845086,93.2,None,0.0,ETH-27MAR20-520-P,178.47,0.0,0.005,10.0,0.0,0.0,0.0,0.27337,-0.0647,-2.71534,0.00159,-0.87883
184.81,SYN.ETH-27MAR20,1568285943894,open,0.03,324.0,0.008,0.053,0.026881,94.39,0.03,0.0,ETH-27MAR20-560-C,178.47,92.17,0.024,200.0,0.03,240.0,96.65,0.2471,-0.05923,0.07804,0.00142,0.10517
180.59,SYN.ETH-25OCT19,1568285943922,open,0.36,0.0,0.305,0.404,0.354217,80.95,None,0.0,ETH-25OCT19-240-P,178.47,0.0,0.0,0.0,0.0,0.0,0.0,0.1667,-0.15736,-0.24746,0.00538,-0.8123
182.84,ETH-27DEC19,1568285943934,open,0.69,0.0,0.615,0.749,0.681011,84.47,None,0.0,ETH-27DEC19-300-P,178.47,0.0,0.0,0.0,0.0,0.0,0.0,0.2712,-0.10819,-0.78832,0.00331,-0.80535
180.59,SYN.ETH-25OCT19,1568285943948,open,0.57,3.0,0.509,0.615,0.560685,84.61,0.645,0.0,ETH-25OCT19-280-P,178.47,0.0,0.0,0.0,0.0,0.0,0.0,0.09696,-0.09567,-0.31288,0.00299,-0.91424
184.81,SYN.ETH-27MAR20,1568285943975,open,2.08,0.0,1.952,2.17,2.056981,94.39,None,0.0,ETH-27MAR20-560-P,178.47,0.0,0.01,10.0,0.0,0.0,0.0,0.2471,-0.05923,-2.94251,0.00142,-0.89483
180.59,SYN.ETH-25OCT19,1568285944000,open,0.02,350.0,0.004,0.033,0.015981,82.89,0.015,0.0,ETH-25OCT19-260-C,178.47,80.03,0.014,10.0,0.018,220.0,85.65,0.12881,-0.12451,0.02354,0.00406,0.12697
182.84,ETH-27DEC19,1568285944013,open,0.03,900.0,0.009,0.052,0.027911,87.66,0.031,0.0,ETH-27DEC19-340-C,178.47,85.18,0.025,520.0,0.03,220.0,89.37,0.21977,-0.09098,0.05974,0.00259,0.14055
180.59,SYN.ETH-25OCT19,1568285944069,open,0.47,3.0,0.405,0.508,0.455707,82.89,0.534,0.0,ETH-25OCT19-260-P,178.47,0.0,0.0,0.0,0.0,0.0,0.0,0.12881,-0.12451,-0.28187,0.00406,-0.87303
184.81,SYN.ETH-27MAR20,1568285944072,open,0.02,2884.0,0.007,0.048,0.023349,95.6,0.021,0.0,ETH-27MAR20-600-C,178.47,93.61,0.021,301.0,0.026,240.0,97.71,0.22474,-0.05456,0.06882,0.00128,0.09239
182.84,ETH-27DEC19,1568285944082,open,0.9,0.0,0.818,0.96,0.887461,87.66,None,0.0,ETH-27DEC19-340-P,178.47,0.0,0.0,0.0,0.0,0.0,0.0,0.21977,-0.09098,-0.9265,0.00259,-0.85945
184.81,SYN.ETH-27MAR20,1568285944176,open,2.3,0.0,2.161,2.389,2.269884,95.6,None,0.0,ETH-27MAR20-600-P,178.47,0.0,0.02,10.0,0.0,0.0,0.0,0.22474,-0.05456,-3.16749,0.00128,-0.90761
182.84,ETH-27DEC19,1568285944247,open,1.12,0.0,1.026,1.176,1.098603,90.67,None,0.0,ETH-27DEC19-380-P,178.47,0.0,0.0,0.0,0.0,0.0,0.0,0.17899,-0.07665,-1.05737,0.00204,-0.89505
10193.26,SYN.BTC-20SEP19,1568285944303,open,0.1,0.0,0.0775,0.1235,0.10104158,68.43,None,0.0,BTC-20SEP19-9250-C,10156.6,65.39,0.1,6.0,0.1045,6.0,77.79,3.56384,-15.48174,1.63688,0.00023,0.84527
10545.54,SYN.BTC-27MAR20,1568285944304,open,0.24,75.9,0.196,0.291,0.24599065,77.85,0.2455,0.0,BTC-27MAR20-10000-C,10156.6,75.29,0.239,15.0,0.2535,11.6,80.61,28.75899,-5.686,22.8425,6e-05,0.64757
10161.16,SYN.BTC-13SEP19,1568285944314,open,0.06,45.5,0.046,0.086,0.06584832,82.56,0.0535,0.0,BTC-13SEP19-9500-C,10156.6,0.0,0.065,6.6,0.0685,0.6,118.63,0.481,-19.85658,0.21649,0.00024,0.9539
179.59,ETH-27SEP19,1568285944386,open,0.0,2008.0,0.001,0.011,0.001917,106.65,0.002,0.0,ETH-27SEP19-280-C,178.47,97.27,0.001,1003.0,0.002,100.0,107.33,0.02139,-0.07668,0.00171,0.00153,0.02529
178.54,SYN.ETH-13SEP19,1568285944402,open,0.13,728.0,0.088,0.156,0.120732,115.87,0.107,0.0,ETH-13SEP19-200-P,178.47,0.0,0.0,0.0,0.0,0.0,0.0,0.00499,-0.28927,-0.0047,0.00563,-0.97569
178.54,SYN.ETH-13SEP19,1568285944475,open,0.0,674.0,0.001,0.011,5.5e-05,120.0,0.001,0.0,ETH-13SEP19-210-C,178.47,0.0,0.0,0.0,0.001,158.0,173.73,0.00084,-0.00985,1e-05,0.00091,0.00315
178.54,SYN.ETH-13SEP19,1568285944548,open,0.18,300.0,0.143,0.212,0.176289,120.0,0.143,0.0,ETH-13SEP19-210-P,178.47,0.0,0.0,0.0,0.0,0.0,0.0,0.00083,-0.05009,-0.00503,0.00091,-0.99685
178.54,SYN.ETH-13SEP19,1568285944621,open,0.0,215.0,0.001,0.011,3e-06,120.0,0.001,0.0,ETH-13SEP19-220-C,178.47,0.0,0.0,0.0,0.001,203.0,213.75,7e-05,-0.00055,0.0,8e-05,0.00021
178.54,SYN.ETH-13SEP19,1568285944693,open,0.24,0.0,0.197,0.27,0.232248,119.96,None,0.0,ETH-13SEP19-220-P,178.47,0.0,0.0,0.0,0.0,0.0,0.0,7e-05,-0.00419,-0.00528,8e-05,-0.99979
184.81,SYN.ETH-27MAR20,1568285944965,open,0.02,422.0,0.005,0.027,0.01435,81.97,0.012,0.0,ETH-27MAR20-80-P,178.47,76.88,0.011,50.0,0.014,280.0,81.46,0.12942,-0.02694,-0.05949,0.00086,-0.04533
179.06,SYN.ETH-20SEP19,1568285944982,open,0.0,5.0,0.001,0.011,0.00088,104.55,0.003,0.0,ETH-20SEP19-130-P,178.47,0.0,0.0,0.0,0.001,100.0,106.58,0.01014,-0.06732,-0.00063,0.0014,-0.01532
184.81,SYN.ETH-27MAR20,1568285945123,open,0.07,1183.0,0.036,0.096,0.065581,81.97,0.056,0.0,ETH-27MAR20-120-P,178.47,76.39,0.056,259.0,0.064,240.0,81.06,0.3224,-0.06711,-0.21914,0.00213,-0.15425
10545.03,SYN.BTC-27MAR20,1568285945143,open,0.62,0.0,0.6155,0.642,0.62787455,79.92,None,0.0,BTC-27MAR20-4000-C,10156.6,60.15,0.622,0.1,0.999,0.1,500.0,4.66101,-0.94608,19.69327,1e-05,0.97411
10545.03,SYN.BTC-27MAR20,1568285945183,open,0.48,52.0,0.4005,0.5295,0.4661236,81.32,0.4875,0.0,BTC-27MAR20-14000-P,10156.6,77.45,0.455,3.0,0.4725,3.6,83.53,30.4222,-6.28319,-58.92195,6e-05,-0.56981
10192.87,SYN.BTC-20SEP19,1568285945188,open,0.16,0.0,0.1495,0.188,0.16842216,76.82,None,0.0,BTC-20SEP19-8500-C,10156.6,0.0,0.0,0.0,0.0,0.0,0.0,1.49113,-7.2721,1.72366,9e-05,0.95214
10192.87,SYN.BTC-20SEP19,1568285945224,open,0.05,6.4,0.018,0.0665,0.04160458,65.94,0.048,0.0,BTC-20SEP19-10250-P,10156.6,64.91,0.041,4.0,0.042,0.4,66.62,5.97291,-25.00604,-1.19931,0.0004,-0.5037
10288.91,SYN.BTC-25OCT19,1568285945288,open,0.3,0.0,0.255,0.3325,0.2930703,76.2,None,0.0,BTC-25OCT19-13000-P,10156.6,0.0,0.263,10.0,0.0,0.0,0.0,10.50006,-9.33101,-12.94311,0.00011,-0.77783
10160.63,SYN.BTC-13SEP19,1568285945302,open,0.0,40.4,0.0005,0.0115,0.00135302,79.97,0.001,0.0,BTC-13SEP19-10750-C,10156.6,74.64,0.001,14.3,0.0015,2.1,81.98,0.72446,-13.74751,0.01864,0.00037,0.07781
179.06,SYN.ETH-20SEP19,1568285945336,open,0.11,0.0,0.083,0.142,0.114001,72.6,None,0.0,ETH-20SEP19-160-C,178.47,53.53,0.109,40.0,0.119,40.0,86.98,0.05675,-0.26156,0.02906,0.0113,0.86624
10288.91,SYN.BTC-25OCT19,1568285945379,open,0.16,0.0,0.138,0.1975,0.16885789,72.96,None,0.0,BTC-25OCT19-9000-C,10156.6,44.88,0.1405,8.0,0.1765,8.0,79.83,11.3127,-9.62475,6.96897,0.00012,0.74547
10160.63,SYN.BTC-13SEP19,1568285945391,open,0.0,58.2,0.0005,0.0105,0.0,119.98,0.0005,0.0,BTC-13SEP19-7500-P,10156.6,0.0,0.0,0.0,0.0005,5.3,276.24,0.0,-1e-05,0.0,0.0,0.0
10192.87,SYN.BTC-20SEP19,1568285945480,open,0.14,1.0,0.108,0.1635,0.13510512,71.27,0.125,0.0,BTC-20SEP19-11500-P,10156.6,62.33,0.1325,0.6,0.1365,0.6,75.47,3.26121,-14.75633,-2.19818,0.0002,-0.86437
179.59,ETH-27SEP19,1568285945488,open,0.0,2008.0,0.001,0.011,0.001917,106.65,0.002,0.0,ETH-27SEP19-280-C,178.47,97.27,0.001,1223.0,0.002,100.0,107.33,0.02139,-0.07668,0.00171,0.00153,0.02529
10545.03,SYN.BTC-27MAR20,1568285945516,open,2.84,1.0,2.7215,2.897,2.8043209,91.46,2.7125,0.0,BTC-27MAR20-40000-P,10156.6,0.0,0.0005,10.0,0.0,0.0,0.0,7.93269,-1.84255,-213.56407,1e-05,-0.95043
179.06,SYN.ETH-20SEP19,1568285945596,open,0.02,134.0,0.004,0.044,0.020709,72.11,0.025,0.0,ETH-20SEP19-170-P,178.47,66.7,0.018,100.0,0.024,314.0,78.56,0.09054,-0.41447,-0.01214,0.01815,-0.29346
10288.91,SYN.BTC-25OCT19,1568285945603,open,0.02,187.5,0.0055,0.037,0.0183661,77.0,0.0205,0.0,BTC-25OCT19-14000-C,10156.6,75.91,0.0175,29.2,0.019,0.3,77.79,8.23387,-7.39381,1.59486,9e-05,0.15032
179.06,SYN.ETH-20SEP19,1568285945668,open,0.04,107.0,0.013,0.066,0.03927,71.24,0.038,0.0,ETH-20SEP19-180-C,178.47,65.65,0.036,100.0,0.043,100.0,77.6,0.10493,-0.47456,0.01784,0.02129,0.50097
10545.03,SYN.BTC-27MAR20,1568285945677,open,0.01,99.9,0.0005,0.017,0.00718189,79.88,0.007,0.0,BTC-27MAR20-4000-P,10156.6,78.29,0.0065,24.0,0.008,7.0,81.68,4.65466,-0.9443,-1.87872,1e-05,-0.02585
10192.87,SYN.BTC-20SEP19,1568285945689,open,0.02,11.4,0.004,0.0385,0.01901705,67.54,0.019,0.0,BTC-20SEP19-10750-C,10156.6,66.54,0.0185,4.0,0.0195,0.1,68.46,5.30562,-22.74819,0.64697,0.00035,0.31318
10545.03,SYN.BTC-27MAR20,1568285945705,open,0.1,203.0,0.06,0.152,0.10554422,82.32,0.1035,0.0,BTC-27MAR20-16000-C,10156.6,80.83,0.1015,20.0,0.109,10.0,83.59,28.66343,-5.99249,13.86166,6e-05,0.34925
184.81,SYN.ETH-27MAR20,1568285945790,open,0.64,81.0,0.55,0.706,0.629861,85.57,0.582,0.0,ETH-27MAR20-280-P,178.47,0.0,0.0,0.0,0.65,3.0,92.78,0.50988,-0.11081,-1.26153,0.00323,-0.63565
178.54,SYN.ETH-13SEP19,1568285945891,open,0.0,0.0,0.001,0.011,0.0,120.0,None,0.0,ETH-13SEP19-120-P,178.47,0.0,0.0,0.0,0.001,100.0,386.27,0.0,0.0,0.0,0.0,0.0
184.81,SYN.ETH-27MAR20,1568285945961,open,0.83,1.0,0.735,0.899,0.817282,86.05,0.827,0.0,ETH-27MAR20-320-P,178.47,0.0,0.0,0.0,0.844,3.0,96.32,0.4648,-0.10158,-1.52223,0.00293,-0.70975
179.06,SYN.ETH-20SEP19,1568285945989,open,0.09,0.0,0.045,0.115,0.080255,71.24,None,0.0,ETH-20SEP19-190-P,178.47,60.72,0.075,120.0,0.088,120.0,85.92,0.09194,-0.41579,-0.03001,0.01865,-0.69646
10192.93,SYN.BTC-20SEP19,1568285946018,open,0.34,0.0,0.2985,0.3545,0.32517505,87.12,None,0.0,BTC-20SEP19-13500-P,10156.6,0.0,0.0,0.0,0.0,0.0,0.0,0.6159,-3.40668,-2.8782,3e-05,-0.98348
10160.64,SYN.BTC-13SEP19,1568285946055,open,0.19,2.1,0.158,0.206,0.18101188,0.0,0.1575,0.0,BTC-13SEP19-12000-P,10156.6,0.0,0.163,3.0,0.1975,3.0,350.74,0.0,0.0,-0.2879,0.0,-1.0
180.59,SYN.ETH-25OCT19,1568285946058,open,0.01,2304.0,0.001,0.016,0.00646,79.49,0.009,0.0,ETH-25OCT19-120-P,178.47,75.14,0.005,100.0,0.009,700.0,86.0,0.06471,-0.05998,-0.01216,0.00213,-0.05086
179.06,SYN.ETH-20SEP19,1568285946061,open,0.01,129.0,0.001,0.026,0.00974,75.31,0.008,0.0,ETH-20SEP19-200-C,178.47,67.59,0.007,546.0,0.012,386.0,81.12,0.06719,-0.32127,0.00629,0.0129,0.17253
10545.06,SYN.BTC-27MAR20,1568285946079,open,0.18,103.3,0.13,0.23,0.18209643,79.42,0.177,0.0,BTC-27MAR20-12000-C,10156.6,78.87,0.1805,10.0,0.189,21.6,81.78,30.82077,-6.21649,19.67002,6e-05,0.52792
10545.06,SYN.BTC-27MAR20,1568285946093,open,0.02,23.2,0.0055,0.045,0.02032365,89.2,0.019,0.0,BTC-27MAR20-32000-C,10156.6,87.58,0.0185,19.0,0.022,24.0,90.63,12.14021,-2.75037,3.72639,2e-05,0.08584
10225.22,BTC-27SEP19,1568285946112,open,0.01,291.2,0.0005,0.019,0.00705534,73.97,0.008,0.0,BTC-27SEP19-8500-P,10156.18,70.76,0.006,35.5,0.0075,20.0,75.26,3.48168,-8.65607,-0.42417,0.00011,-0.09473
10432.55,BTC-27DEC19,1568285946112,open,0.06,583.3,0.0275,0.0815,0.05319252,74.66,0.0565,0.0,BTC-27DEC19-8000-P,10156.18,74.2,0.0525,20.0,0.055,19.3,75.88,15.46942,-5.45458,-7.49693,7e-05,-0.19454
10225.22,BTC-27SEP19,1568285946112,open,0.0,678.9,0.0005,0.0105,0.00050718,109.98,0.001,0.0,BTC-27SEP19-18000-C,10156.18,0.0,0.0,0.0,0.001,24.8,119.16,0.4237,-1.56625,0.02883,1e-05,0.00742
10432.55,BTC-27DEC19,1568285946112,open,0.01,300.5,0.0005,0.0185,0.00842535,78.2,0.0095,0.0,BTC-27DEC19-5500-P,10156.18,76.22,0.0075,46.0,0.0095,1.0,80.37,5.01449,-1.85189,-1.51883,2e-05,-0.04176
10432.55,BTC-27DEC19,1568285946112,open,0.86,0.1,0.8465,0.866,0.85630765,119.9,0.868,0.0,BTC-27DEC19-1500-C,10156.18,0.0,0.8485,1.0,0.865,1.0,222.08,0.08874,-0.05025,4.33506,0.0,0.99956
10225.22,BTC-27SEP19,1568285946112,open,0.65,261.1,0.648,0.6675,0.6577052,0.0,0.714,0.0,BTC-27SEP19-3500-C,10156.18,0.0,0.161,1.0,0.7435,0.1,500.0,0.0,0.0,1.42644,0.0,1.0
10225.22,BTC-27SEP19,1568285946112,open,0.0,350.4,0.0005,0.0105,3.461e-05,120.0,0.0005,0.0,BTC-27SEP19-4750-P,10156.18,0.0,0.0,0.0,0.0005,34.9,155.25,0.03724,-0.1502,-0.00226,0.0,-0.00051
10225.22,BTC-27SEP19,1568285946112,open,0.48,26.6,0.4385,0.5015,0.4682534,89.11,0.44,0.0,BTC-27SEP19-15000-P,10156.18,0.0,0.447,4.0,0.4915,4.0,164.46,1.02771,-3.07815,-6.03255,3e-05,-0.97933
10225.22,BTC-27SEP19,1568285946112,open,0.15,8.6,0.1125,0.175,0.14362522,73.17,0.1355,0.0,BTC-27SEP19-11500-P,10156.18,66.31,0.1395,8.0,0.147,6.0,78.49,6.34797,-15.61239,-3.78529,0.0002,-0.7647
10225.22,BTC-27SEP19,1568285946112,open,0.51,789.2,0.5015,0.521,0.51108307,119.17,0.5015,0.0,BTC-27SEP19-5000-C,10156.18,0.0,0.051,1.0,0.0,0.0,0.0,0.06871,-0.27525,2.03336,0.0,0.99901
10225.22,BTC-27SEP19,1568285946112,open,0.58,9.1,0.5745,0.594,0.58436165,106.05,0.6095,0.0,BTC-27SEP19-4250-C,10156.18,0.0,0.005,0.1,0.8085,2.0,500.0,0.00118,-0.0042,1.73205,0.0,0.99999
10225.22,BTC-27SEP19,1568285946112,open,0.0,438.2,0.0005,0.0105,1.39e-06,120.0,0.0005,0.0,BTC-27SEP19-28000-C,10156.18,0.0,0.0,0.0,0.0005,8.0,180.16,0.00238,-0.0096,0.00011,0.0,3e-05
10432.55,BTC-27DEC19,1568285946112,open,0.39,63.0,0.374,0.42,0.39678531,76.33,0.4965,0.0,BTC-27DEC19-6500-C,10156.18,37.83,0.3775,10.0,0.417,10.0,96.92,8.93331,-3.22015,15.60708,4e-05,0.91252
10432.55,BTC-27DEC19,1568285946112,open,1.14,4.9,1.0715,1.1785,1.12189514,83.72,1.0385,0.0,BTC-27DEC19-22000-P,10156.18,0.0,0.006,2.0,1.857,0.3,500.0,8.07178,-3.19135,-61.89826,3e-05,-0.92353
10432.55,BTC-27DEC19,1568285946112,open,0.01,394.5,0.0005,0.024,0.00933991,85.16,0.0085,0.0,BTC-27DEC19-24000-C,10156.18,83.75,0.0085,10.0,0.0105,24.0,87.0,6.36263,-2.55898,1.4197,2e-05,0.05625
10432.55,BTC-27DEC19,1568285946112,open,0.01,331.1,0.0005,0.02,0.00704844,87.01,0.0075,0.0,BTC-27DEC19-26000-C,10156.18,84.78,0.006,33.0,0.008,47.0,88.86,5.15703,-2.11908,1.09514,2e-05,0.04324
10225.22,BTC-27SEP19,1568285946112,open,0.01,335.0,0.0005,0.021,0.00775318,76.52,0.0075,0.0,BTC-27SEP19-12500-C,10156.18,74.49,0.007,5.0,0.0085,30.0,78.43,3.89759,-10.02397,0.42874,0.00012,0.11063
10225.22,BTC-27SEP19,1568285946112,open,0.0,392.7,0.0005,0.0105,1.45e-05,120.0,0.0005,0.0,BTC-27SEP19-4500-P,10156.18,0.0,0.0,0.0,0.0005,39.1,165.43,0.01745,-0.07037,-0.001,0.0,-0.00022
10225.22,BTC-27SEP19,1568285946112,open,0.0,146.6,0.0005,0.0105,5.22e-06,120.0,0.0005,0.0,BTC-27SEP19-26000-C,10156.18,0.0,0.0,0.0,0.0005,8.0,168.76,0.00781,-0.03149,0.00038,0.0,0.0001
10225.22,BTC-27SEP19,1568285946112,open,0.0,586.8,0.0005,0.0105,0.0,120.0,0.0005,0.0,BTC-27SEP19-3000-P,10156.18,0.0,0.0,0.0,0.0005,40.0,241.91,1e-05,-5e-05,0.0,0.0,0.0
10225.22,BTC-27SEP19,1568285946112,open,0.09,4.3,0.07,0.1225,0.09709416,70.17,0.0875,0.0,BTC-27SEP19-9500-C,10156.18,68.55,0.096,4.9,0.099,4.8,72.97,6.91911,-16.31917,2.60607,0.00023,0.72245
10225.22,BTC-27SEP19,1568285946112,open,0.75,55.9,0.746,0.7655,0.75550361,0.0,0.689,0.0,BTC-27SEP19-2500-C,10156.18,0.0,0.0045,10.0,0.864,2.0,500.0,0.0,0.0,1.01888,0.0,1.0
10225.22,BTC-27SEP19,1568285946112,open,0.0,780.3,0.0005,0.011,0.00127508,88.94,0.0015,0.0,BTC-27SEP19-15000-C,10156.18,85.95,0.001,50.9,0.0015,1.0,91.08,1.01874,-3.04539,0.07993,3e-05,0.02046
10432.13,BTC-27DEC19,1568285946112,open,0.2,240.6,0.1465,0.238,0.19326344,75.11,0.19,0.0,BTC-27DEC19-11000-P,10156.18,73.36,0.1895,23.4,0.1965,4.7,76.62,22.35799,-7.93064,-20.11923,9e-05,-0.4716
10432.13,BTC-27DEC19,1568285946112,open,0.57,6.6,0.561,0.584,0.5716192,81.39,0.584,0.0,BTC-27DEC19-4500-C,10156.18,0.0,0.5625,12.0,0.5815,12.0,109.19,2.2831,-0.87751,12.47027,1e-05,0.98372
10432.13,BTC-27DEC19,1568285946113,open,0.01,312.2,0.0035,0.0265,0.01314175,77.03,0.013,0.0,BTC-27DEC19-6000-P,10156.18,76.04,0.0125,21.0,0.014,6.8,78.32,6.84024,-2.48829,-2.26455,3e-05,-0.06169
10225.22,BTC-27SEP19,1568285946113,open,0.24,1.0,0.201,0.262,0.23022198,76.52,0.224,0.0,BTC-27SEP19-12500-P,10156.18,45.71,0.223,5.0,0.2565,5.0,125.64,3.89787,-10.02511,-4.66564,0.00012,-0.88935
10432.13,BTC-27DEC19,1568285946112,open,0.03,490.1,0.0095,0.0535,0.02819514,80.76,0.027,0.0,BTC-27DEC19-18000-C,10156.18,79.39,0.0265,47.4,0.03,53.1,82.18,13.09729,-4.9951,3.68439,5e-05,0.14995
10432.13,BTC-27DEC19,1568285946113,open,0.66,4.0,0.6555,0.675,0.66549645,88.33,0.666,0.0,BTC-27DEC19-3500-C,10156.18,0.0,0.0205,0.1,0.967,1.0,500.0,0.90503,-0.37752,9.95142,0.0,0.99435
10432.13,BTC-27DEC19,1568285946112,open,0.0,513.5,0.0005,0.0115,0.00177991,91.88,0.0015,0.0,BTC-27DEC19-36000-C,10156.18,86.27,0.001,55.7,0.0025,5.0,95.65,1.76143,-0.76433,0.31083,1e-05,0.01205
10225.22,BTC-27SEP19,1568285946112,open,0.78,1.0,0.726,0.7985,0.76090346,110.99,0.575,0.0,BTC-27SEP19-18000-P,10156.18,0.0,0.0045,0.3,0.0,0.0,0.0,0.4492,-1.67573,-7.30519,1e-05,-0.99207
10225.22,BTC-27SEP19,1568285946113,open,0.0,657.8,0.0005,0.0105,7.586e-05,120.0,0.0005,0.0,BTC-27SEP19-5000-P,10156.18,0.0,0.0,0.0,0.0005,64.1,145.6,0.07303,-0.29456,-0.00471,0.0,-0.00106
10432.13,BTC-27DEC19,1568285946113,open,0.02,743.4,0.005,0.0395,0.01861143,81.92,0.019,0.0,BTC-27DEC19-20000-C,10156.18,80.76,0.0175,45.0,0.0195,2.0,82.82,10.20331,-3.9472,2.60848,4e-05,0.10481
10225.22,BTC-27SEP19,1568285946112,open,0.0,300.4,0.0005,0.0105,1.975e-05,120.0,0.0005,0.0,BTC-27SEP19-24000-C,10156.18,0.0,0.0,0.0,0.0005,8.0,156.28,0.02536,-0.10229,0.00132,0.0,0.00034
10225.22,BTC-27SEP19,1568285946112,open,0.0,125.2,0.0005,0.0105,5.5e-07,120.0,0.0005,0.0,BTC-27SEP19-3750-P,10156.18,0.0,0.0,0.0,0.0005,38.0,199.74,0.00094,-0.00378,-4e-05,0.0,-1e-05
10225.22,BTC-27SEP19,1568285946113,open,0.0,406.8,0.0005,0.0105,0.0,120.0,0.0005,0.0,BTC-27SEP19-2500-P,10156.18,0.0,0.0,0.0,0.0005,38.0,276.63,0.0,0.0,0.0,0.0,0.0
10160.64,SYN.BTC-13SEP19,1568285946111,open,0.0,115.1,0.0005,0.0155,0.00262609,77.57,0.003,0.0,BTC-13SEP19-9750-P,10156.18,71.36,0.002,13.2,0.003,0.2,81.0,1.07848,-26.68272,-0.03346,0.00056,-0.13462
10432.13,BTC-27DEC19,1568285946113,open,0.32,91.7,0.2905,0.3495,0.32048589,74.96,0.327,0.0,BTC-27DEC19-7500-C,10156.18,52.11,0.295,10.0,0.3235,1.0,77.29,13.33339,-4.71973,15.90116,6e-05,0.84596
10225.22,BTC-27SEP19,1568285946113,open,0.0,49.2,0.0005,0.0105,3e-08,120.0,0.0015,0.0,BTC-27SEP19-3250-P,10156.18,0.0,0.0,0.0,0.0005,48.0,226.75,6e-05,-0.00026,0.0,0.0,0.0
10225.22,BTC-27SEP19,1568285946113,open,0.7,225.7,0.697,0.7165,0.70660434,0.0,0.693,0.0,BTC-27SEP19-3000-C,10156.18,0.0,0.0045,20.0,0.0,0.0,0.0,0.0,0.0,1.22266,0.0,1.0
10432.13,BTC-27DEC19,1568285946113,open,0.5,207.4,0.4405,0.544,0.49155513,78.25,0.5265,0.0,BTC-27DEC19-15000-P,10156.18,68.87,0.476,5.0,0.501,5.0,83.56,18.13468,-6.70143,-37.34237,7e-05,-0.74247
10432.13,BTC-27DEC19,1568285946113,open,0.0,323.2,0.0005,0.011,0.00100785,102.77,0.0015,0.0,BTC-27DEC19-48000-C,10156.18,96.22,0.0005,30.0,0.0015,10.0,107.03,1.03307,-0.50139,0.16784,0.0,0.00655
10432.13,BTC-27DEC19,1568285946113,open,0.35,51.5,0.331,0.384,0.35750592,75.61,0.3655,0.0,BTC-27DEC19-7000-C,10156.18,69.76,0.3515,10.0,0.363,10.0,80.62,11.1294,-3.97421,15.86118,5e-05,0.88166
10432.13,BTC-27DEC19,1568285946113,open,0.71,0.0,0.7035,0.723,0.71320274,97.03,None,0.0,BTC-27DEC19-3000-C,10156.18,0.0,0.0065,0.1,0.946,0.5,500.0,0.67619,-0.30985,8.55545,0.0,0.99593
10432.13,BTC-27DEC19,1568285946113,open,3.26,0.0,3.1355,3.3075,3.21860374,96.39,3.46,0.0,BTC-27DEC19-44000-P,10156.18,0.0,0.0005,10.0,0.0,0.0,0.0,0.95377,-0.43418,-127.47591,0.0,-0.99401
10432.13,BTC-27DEC19,1568285946113,open,0.0,429.1,0.0005,0.011,0.00101043,97.89,0.001,0.0,BTC-27DEC19-44000-C,10156.18,91.54,0.0005,74.0,0.0015,34.0,101.99,1.07095,-0.49511,0.17601,0.0,0.00683
10225.22,BTC-27SEP19,1568285946114,open,0.58,34.4,0.5345,0.6005,0.56578803,98.31,0.396,0.0,BTC-27SEP19-16000-P,10156.18,0.0,0.0045,10.0,0.0,0.0,0.0,0.80484,-2.65957,-6.46048,2e-05,-0.98448
10225.22,BTC-27SEP19,1568285946113,open,0.38,54.0,0.343,0.404,0.37172262,84.52,0.466,0.0,BTC-27SEP19-14000-P,10156.18,0.0,0.351,4.0,0.395,4.0,147.34,1.76196,-5.00548,-5.55166,5e-05,-0.96047
10432.13,BTC-27DEC19,1568285946114,open,0.52,65.4,0.513,0.541,0.52617632,80.57,0.533,0.0,BTC-27DEC19-5000-C,10156.18,0.0,0.5155,11.0,0.5385,11.0,105.76,3.60416,-1.3713,13.49249,1e-05,0.97205
10432.13,BTC-27DEC19,1568285946113,open,0.14,612.2,0.097,0.1775,0.13886511,75.13,0.132,0.0,BTC-27DEC19-11000-C,10156.18,73.79,0.136,20.2,0.141,2.0,76.12,22.35787,-7.93239,11.78832,9e-05,0.52843
10225.22,BTC-27SEP19,1568285946114,open,0.0,1182.5,0.0005,0.0105,0.0004811,110.62,0.0005,0.0,BTC-27SEP19-6000-P,10156.18,0.0,0.0,0.0,0.001,34.0,121.77,0.36283,-1.34901,-0.02796,1e-05,-0.00623
10432.13,BTC-27DEC19,1568285946113,open,0.03,266.7,0.012,0.049,0.02848667,75.59,0.0285,0.0,BTC-27DEC19-7000-P,10156.18,74.19,0.027,18.0,0.03,56.3,77.0,11.12647,-3.97202,-4.44171,5e-05,-0.1183
10545.06,SYN.BTC-27MAR20,1568285946111,open,0.04,55.3,0.015,0.075,0.04093226,85.56,0.0425,0.0,BTC-27MAR20-24000-C,10156.18,84.46,0.039,18.0,0.0425,2.1,86.43,18.83983,-4.09359,6.76968,4e-05,0.15995
10225.22,BTC-27SEP19,1568285946114,open,0.0,520.6,0.0005,0.0125,0.00252544,84.32,0.003,0.0,BTC-27SEP19-14000-C,10156.18,81.03,0.002,23.0,0.003,34.1,86.96,1.74821,-4.95495,0.15264,5e-05,0.03915
10432.13,BTC-27DEC19,1568285946113,open,0.0,126.2,0.0005,0.0105,0.00045617,120.0,0.0005,0.0,BTC-27DEC19-2000-P,10156.18,0.0,0.0,0.0,0.001,42.0,131.82,0.35548,-0.20145,-0.07418,0.0,-0.002
10225.22,BTC-27SEP19,1568285946113,open,0.0,605.0,0.0005,0.0105,0.00024008,117.4,0.0005,0.0,BTC-27SEP19-5500-P,10156.18,0.0,0.0,0.0,0.0005,28.0,127.62,0.19566,-0.7721,-0.014,0.0,-0.00312
10225.22,BTC-27SEP19,1568285946114,open,0.0,562.4,0.0005,0.0105,0.00099126,97.82,0.0015,0.0,BTC-27SEP19-16000-C,10156.18,89.86,0.0005,19.0,0.0015,77.0,103.56,0.78447,-2.57929,0.05863,2e-05,0.01506
10225.22,BTC-27SEP19,1568285946114,open,0.85,42.8,0.8435,0.863,0.8533003,0.0,0.815,0.0,BTC-27SEP19-1500-C,10156.18,0.0,0.0,0.0,0.0,0.0,0.0,0.0,0.0,0.61133,0.0,1.0
10432.13,BTC-27DEC19,1568285946114,open,0.34,111.9,0.281,0.382,0.33199038,76.77,0.358,0.0,BTC-27DEC19-13000-P,10156.18,73.32,0.325,14.0,0.36,6.0,90.28,21.25857,-7.7076,-29.03717,9e-05,-0.62758
10432.13,BTC-27DEC19,1568285946114,open,0.48,73.3,0.465,0.4985,0.48122619,78.24,0.475,0.0,BTC-27DEC19-5500-C,10156.18,0.0,0.468,11.0,0.495,11.0,100.4,5.02,-1.85472,14.43277,2e-05,0.95818
10432.13,BTC-27DEC19,1568285946114,open,0.0,248.0,0.0005,0.0105,0.00098683,88.2,0.0015,0.0,BTC-27DEC19-3500-P,10156.18,81.16,0.0005,34.0,0.0015,53.4,93.34,0.89789,-0.37397,-0.19917,0.0,-0.0056
10432.13,BTC-27DEC19,1568285946113,open,0.07,496.4,0.0345,0.1025,0.06759243,77.45,0.063,0.0,BTC-27DEC19-14000-C,10156.18,76.34,0.0655,16.0,0.07,0.2,78.71,19.81369,-7.24674,7.32647,8e-05,0.30971
10432.13,BTC-27DEC19,1568285946113,open,0.0,213.0,0.0005,0.0105,0.00065319,108.45,0.0005,0.0,BTC-27DEC19-2500-P,10156.18,0.0,0.0,0.0,0.001,18.0,114.31,0.52805,-0.27043,-0.1133,0.0,-0.00309
10432.13,BTC-27DEC19,1568285946113,open,0.0,1502.3,0.0005,0.0105,0.00075581,104.32,0.001,0.0,BTC-27DEC19-52000-C,10156.18,100.48,0.0005,62.1,0.001,10.9,107.15,0.80761,-0.39787,0.12743,0.0,0.00497
10432.13,BTC-27DEC19,1568285946113,open,0.01,214.0,0.0005,0.016,0.0052222,88.2,0.004,0.0,BTC-27DEC19-28000-C,10156.18,86.28,0.0045,10.0,0.006,47.0,90.08,4.11679,-1.71468,0.83484,1e-05,0.03281
10225.22,BTC-27SEP19,1568285946114,open,0.0,795.8,0.0005,0.0105,0.00028388,120.0,0.0005,0.0,BTC-27SEP19-20000-C,10156.18,0.0,0.0,0.0,0.001,23.0,137.57,0.24704,-0.99639,0.01568,0.0,0.00405
10432.13,BTC-27DEC19,1568285946114,open,0.04,229.9,0.0185,0.0635,0.03939384,74.94,0.0405,0.0,BTC-27DEC19-7500-P,10156.18,73.84,0.038,3.0,0.041,36.5,76.19,13.33122,-4.71774,-5.85223,6e-05,-0.154
10225.22,BTC-27SEP19,1568285946114,open,1.17,0.2,1.1095,1.1955,1.15164325,122.84,1.391,0.0,BTC-27SEP19-22000-P,10156.18,0.0,0.0045,10.0,0.0,0.0,0.0,0.10139,-0.41865,-8.96029,0.0,-0.99849
10432.13,BTC-27DEC19,1568285946114,open,0.0,434.6,0.0005,0.0115,0.0015145,96.5,0.003,0.0,BTC-27DEC19-40000-C,10156.18,92.36,0.001,30.5,0.002,10.0,99.55,1.49849,-0.6829,0.25701,0.0,0.01001
