underlying_price,underlying_index,timestamp,state,settlement_price,open_interest,min_price,max_price,mark_price,mark_iv,last_price,interest_rate,instrument_name,index_price,bid_iv,best_bid_price,best_bid_amount,best_ask_price,best_ask_amount,ask_iv,vega,theta,rho,gamma,delta
167.69,SYN.ETH-24JAN20,1579604340015,open,0.26,0.0,0.216,0.294,0.252838,114.51,None,0.0,ETH-24JAN20-210-P,167.56,0.0,0.0,0.0,0.0,0.0,0.0,0.00573,-0.11402,-0.01635,0.00226,-0.98472
167.69,SYN.ETH-24JAN20,1579604340015,open,0.0,26.0,0.001,0.011,0.0,120.0,0.001,0.0,ETH-24JAN20-100-P,167.56,0.0,0.0,0.0,0.001,50.0,269.42,0.0,0.0,0.0,0.0,0.0
167.69,SYN.ETH-24JAN20,1579604340015,open,0.14,0.0,0.101,0.173,0.135202,90.12,None,0.0,ETH-24JAN20-190-P,167.56,0.0,0.001,2.0,0.0,0.0,0.0,0.01867,-0.29249,-0.01415,0.00935,-0.93592
167.69,SYN.ETH-24JAN20,1579604340017,open,0.0,330.0,0.001,0.011,0.000534,114.51,0.001,0.0,ETH-24JAN20-210-C,167.56,0.0,0.0,0.0,0.001,110.0,125.45,0.00573,-0.08958,0.00019,0.00226,0.01528
167.69,SYN.ETH-24JAN20,1579604340020,open,0.2,10.0,0.158,0.234,0.193743,103.75,0.1,0.0,ETH-24JAN20-200-P,167.56,0.0,0.11,10.0,0.0,0.0,0.0,0.01039,-0.18742,-0.01536,0.00452,-0.96906
9124.11,SYN.BTC-25SEP20,1579604340154,open,0.02,65.9,0.0055,0.0325,0.01547115,73.47,0.0165,0.0,BTC-25SEP20-4000-P,8641.01,71.64,0.014,10.0,0.018,20.0,76.44,7.50437,-1.11218,-3.93207,2e-05,-0.04799
168.01,SYN.ETH-31JAN20,1579604340162,open,0.0,789.0,0.001,0.011,3.1e-05,120.0,0.001,0.0,ETH-31JAN20-90-P,167.56,0.0,0.0,0.0,0.001,26.0,172.34,0.00054,-0.00329,-3e-05,6e-05,-0.00055
168.01,SYN.ETH-31JAN20,1579604340164,open,0.11,1222.0,0.085,0.147,0.116716,70.52,0.12,0.0,ETH-31JAN20-150-C,167.56,0.0,0.094,53.0,0.132,53.0,104.55,0.0645,-0.23031,0.03332,0.01198,0.84977
168.01,SYN.ETH-31JAN20,1579604340164,open,0.0,1245.0,0.001,0.011,0.000468,109.84,0.001,0.0,ETH-31JAN20-110-P,167.56,0.0,0.0,0.0,0.001,26.0,121.72,0.00569,-0.03165,-0.00036,0.00068,-0.00745
168.01,SYN.ETH-31JAN20,1579604340164,open,0.04,2222.0,0.015,0.07,0.040601,70.15,0.039,0.0,ETH-31JAN20-170-C,167.56,60.08,0.034,260.0,0.045,260.0,76.86,0.11014,-0.39121,0.02008,0.02056,0.48231
168.01,SYN.ETH-31JAN20,1579604340164,open,0.46,2.0,0.448,0.48,0.464347,120.0,0.473,0.0,ETH-31JAN20-90-C,167.56,0.0,0.456,42.0,0.471,42.0,238.23,0.00054,-0.00329,0.02432,6e-05,0.99944
169.28,SYN.ETH-28FEB20,1579604340176,open,0.01,387.0,0.001,0.025,0.010503,83.07,0.012,0.0,ETH-28FEB20-120-P,167.56,79.75,0.009,300.0,0.012,25.0,86.16,0.07941,-0.08708,-0.01552,0.00321,-0.07785
169.28,SYN.ETH-28FEB20,1579604340176,open,0.0,403.0,0.001,0.013,0.003872,94.15,0.006,0.0,ETH-28FEB20-100-P,167.56,89.83,0.003,300.0,0.005,25.0,98.99,0.03665,-0.04555,-0.00587,0.00131,-0.02956
169.28,SYN.ETH-28FEB20,1579604340176,open,0.12,519.0,0.088,0.161,0.125273,76.5,0.12,0.0,ETH-28FEB20-160-C,167.56,72.96,0.121,20.0,0.128,20.0,78.76,0.20447,-0.2065,0.09,0.00899,0.63763
169.28,SYN.ETH-28FEB20,1579604340176,open,0.01,104.0,0.001,0.018,0.006783,89.35,0.011,0.0,ETH-28FEB20-110-P,167.56,86.93,0.006,1.0,0.008,25.0,92.84,0.05653,-0.06668,-0.01003,0.00213,-0.05032
169.28,SYN.ETH-28FEB20,1579604340179,open,0.08,48.0,0.039,0.106,0.070425,76.5,0.087,0.0,ETH-28FEB20-160-P,167.56,74.49,0.068,20.0,0.074,280.0,79.46,0.20447,-0.2065,-0.07603,0.00899,-0.36237
169.28,SYN.ETH-28FEB20,1579604340179,open,0.05,305.0,0.022,0.077,0.046593,76.71,0.053,0.0,ETH-28FEB20-150-P,167.56,74.27,0.044,20.0,0.049,276.0,78.97,0.18029,-0.18258,-0.0556,0.0079,-0.26994
169.28,SYN.ETH-28FEB20,1579604340179,open,0.02,610.0,0.006,0.037,0.017881,80.04,0.016,0.0,ETH-28FEB20-130-P,167.56,77.14,0.016,299.0,0.019,25.0,81.71,0.11191,-0.11825,-0.025,0.0047,-0.12445
169.28,SYN.ETH-28FEB20,1579604340179,open,0.09,541.0,0.06,0.131,0.095744,76.16,0.094,0.0,ETH-28FEB20-170-C,167.56,74.02,0.093,277.0,0.096,1.0,76.36,0.21634,-0.21752,0.07839,0.00955,0.54201
169.28,SYN.ETH-28FEB20,1579604340182,open,0.14,31.0,0.095,0.181,0.13692,77.28,0.115,0.0,ETH-28FEB20-180-P,167.56,53.56,0.107,1.0,0.237,20.0,155.37,0.21594,-0.22031,-0.12042,0.0094,-0.54857
169.28,SYN.ETH-28FEB20,1579604340182,open,0.16,184.0,0.124,0.195,0.160512,76.71,0.155,0.0,ETH-28FEB20-150-C,167.56,73.4,0.157,20.0,0.164,20.0,79.97,0.18029,-0.18258,0.10005,0.0079,0.73006
169.28,SYN.ETH-28FEB20,1579604340182,open,0.07,1191.0,0.041,0.108,0.073624,77.28,0.08,0.0,ETH-28FEB20-180-C,167.56,75.23,0.071,267.0,0.075,20.0,78.36,0.21594,-0.22031,0.06637,0.0094,0.45143
169.28,SYN.ETH-28FEB20,1579604340182,open,0.06,909.0,0.028,0.089,0.056454,78.5,0.058,0.0,ETH-28FEB20-190-C,167.56,76.48,0.054,275.0,0.058,120.0,79.77,0.20602,-0.21351,0.0552,0.00882,0.37068
168.01,SYN.ETH-31JAN20,1579604340232,open,0.01,755.0,0.002,0.032,0.011856,77.04,0.011,0.0,ETH-31JAN20-190-C,167.56,67.58,0.008,296.0,0.013,25.0,79.63,0.07306,-0.28497,0.00774,0.01242,0.18214
169.28,SYN.ETH-28FEB20,1579604340232,open,0.03,41.0,0.013,0.063,0.034536,82.32,0.035,0.0,ETH-28FEB20-210-C,167.56,79.81,0.032,314.0,0.037,314.0,84.72,0.17263,-0.18761,0.03754,0.00705,0.24821
169.28,SYN.ETH-28FEB20,1579604340232,open,0.03,304.0,0.009,0.052,0.026789,83.63,0.027,0.0,ETH-28FEB20-220-C,167.56,81.63,0.025,319.0,0.027,20.0,83.86,0.15313,-0.16905,0.0306,0.00616,0.201
169.28,SYN.ETH-28FEB20,1579604340232,open,0.02,914.0,0.007,0.046,0.021838,86.12,0.027,0.0,ETH-28FEB20-230-C,167.56,82.5,0.019,323.0,0.023,1.0,87.54,0.13642,-0.15508,0.0255,0.00533,0.16698
168.01,SYN.ETH-31JAN20,1579604340232,open,0.0,175.0,0.001,0.017,0.004207,87.55,0.003,0.0,ETH-31JAN20-210-C,167.56,81.58,0.003,5.0,0.006,331.0,94.95,0.03704,-0.16417,0.00298,0.00554,0.06983
9124.11,SYN.BTC-25SEP20,1579604340387,open,1.68,0.0,1.5985,1.762,1.67126745,84.61,None,0.0,BTC-25SEP20-24000-P,8641.01,0.0,0.0,0.0,0.0,0.0,0.0,17.49465,-2.98579,-156.25397,4e-05,-0.85047
9124.11,SYN.BTC-25SEP20,1579604340387,open,2.11,0.0,2.022,2.196,2.09978273,87.43,None,0.0,BTC-25SEP20-28000-P,8641.01,0.0,0.0,0.0,0.0,0.0,0.0,14.66959,-2.58703,-184.89405,3e-05,-0.88417
9124.11,SYN.BTC-25SEP20,1579604340387,open,0.04,27.4,0.017,0.084,0.04087247,84.61,0.043,0.0,BTC-25SEP20-24000-C,8641.01,83.09,0.038,10.0,0.043,11.0,85.71,17.49465,-2.98579,6.73279,4e-05,0.14953
9124.11,SYN.BTC-25SEP20,1579604340387,open,0.03,62.2,0.0115,0.07,0.03098859,87.43,0.038,0.0,BTC-25SEP20-28000-C,8641.01,86.17,0.029,10.0,0.033,11.0,88.66,14.66959,-2.58703,5.25717,3e-05,0.11583
177.35,SYN.ETH-25SEP20,1579604340488,open,0.5,0.0,0.464,0.54,0.502334,89.23,None,0.0,ETH-25SEP20-100-C,167.56,72.88,0.476,52.0,0.521,52.0,99.93,0.30207,-0.05437,0.44798,0.00158,0.87428
177.35,SYN.ETH-25SEP20,1579604340490,open,0.38,41.0,0.29,0.438,0.36288,86.12,0.399,0.0,ETH-25SEP20-200-P,167.56,0.0,0.0,0.0,0.408,1.0,100.2,0.57312,-0.09956,-0.95065,0.00312,-0.42642
177.35,SYN.ETH-25SEP20,1579604340490,open,0.58,0.0,0.557,0.615,0.585263,91.62,None,0.0,ETH-25SEP20-80-C,167.56,71.99,0.565,55.0,0.597,55.0,101.14,0.20916,-0.03866,0.40788,0.00107,0.92392
8648.5,SYN.BTC-24JAN20,1579604258579,open,0.0,273.8,0.0005,0.0105,0.00046653,77.97,0.0005,0.0,BTC-24JAN20-7500-P,8641.01,0.0,0.0,0.0,0.001,45.1,88.38,0.34236,-4.03529,-0.01269,7e-05,-0.01816
8648.5,SYN.BTC-24JAN20,1579604264498,open,0.0,702.9,0.0005,0.0115,0.00141394,58.08,0.0015,0.0,BTC-24JAN20-8000-P,8641.01,53.92,0.001,95.2,0.002,2.0,63.01,0.93905,-9.48367,-0.04326,0.00027,-0.06207
8648.5,SYN.BTC-24JAN20,1579604264498,open,0.0,292.6,0.0005,0.0105,0.00050692,89.62,0.0005,0.0,BTC-24JAN20-10250-C,8641.01,0.0,0.0,0.0,0.001,45.0,99.52,0.34051,-4.3841,0.01195,6e-05,0.01804
8648.5,SYN.BTC-24JAN20,1579604264498,open,0.0,266.7,0.0005,0.0105,0.0009376,70.32,0.0005,0.0,BTC-24JAN20-7750-P,8641.01,63.05,0.0005,46.1,0.0015,46.1,77.16,0.61849,-7.56183,-0.02574,0.00015,-0.03683
8648.5,SYN.BTC-24JAN20,1579604264498,open,0.0,442.4,0.0005,0.011,0.00128645,64.7,0.0015,0.0,BTC-24JAN20-9500-C,8641.01,61.55,0.001,32.3,0.0015,0.3,66.8,0.84261,-9.47846,0.03597,0.00022,0.05408
9124.11,SYN.BTC-25SEP20,1579604264515,open,0.15,135.5,0.1005,0.203,0.14569059,73.84,0.147,0.0,BTC-25SEP20-12000-C,8641.01,72.55,0.1415,8.8,0.151,8.8,75.47,29.67855,-4.42061,18.3581,7e-05,0.44196
9124.11,SYN.BTC-25SEP20,1579604264498,open,0.09,105.0,0.0495,0.141,0.08714413,78.08,0.0875,0.0,BTC-25SEP20-16000-C,8641.01,76.97,0.084,14.4,0.0895,9.4,78.92,25.76995,-4.05892,12.61741,6e-05,0.29077
9124.11,SYN.BTC-25SEP20,1579604264521,open,0.11,262.7,0.0695,0.1675,0.11125606,76.12,0.11,0.0,BTC-25SEP20-14000-C,8641.01,75.06,0.108,9.1,0.115,9.1,77.34,28.02406,-4.30313,15.17303,7e-05,0.35613
9124.11,SYN.BTC-25SEP20,1579604264498,open,0.17,82.7,0.121,0.2235,0.16682729,72.03,0.172,0.0,BTC-25SEP20-11000-C,8641.01,71.78,0.166,8.6,0.1735,8.6,74.06,29.99156,-4.35777,20.195,7e-05,0.49275
9124.11,SYN.BTC-25SEP20,1579604268533,open,0.19,70.6,0.1505,0.252,0.19643107,71.12,0.2,0.0,BTC-25SEP20-10000-C,8641.01,70.52,0.1945,8.4,0.2035,8.4,73.29,29.71786,-4.26315,22.17685,7e-05,0.55434
9124.11,SYN.BTC-25SEP20,1579604264498,open,0.07,46.5,0.036,0.12,0.06920626,79.59,0.0695,0.0,BTC-25SEP20-18000-C,8641.01,78.32,0.066,9.6,0.0725,9.6,80.86,23.34546,-3.74775,10.54899,5e-05,0.23945
9124.11,SYN.BTC-25SEP20,1579604268544,open,0.06,167.5,0.027,0.1045,0.05656694,81.19,0.058,0.0,BTC-25SEP20-20000-C,8641.01,80.07,0.054,9.8,0.059,0.5,82.23,21.10576,-3.45642,8.94191,5e-05,0.20088
9124.11,SYN.BTC-25SEP20,1579604277058,open,0.02,65.9,0.0055,0.0325,0.01547115,73.47,0.0165,0.0,BTC-25SEP20-4000-P,8641.01,71.64,0.014,10.0,0.018,20.0,76.44,7.50437,-1.11218,-3.93207,2e-05,-0.04799
9124.11,SYN.BTC-25SEP20,1579604264499,open,0.11,138.9,0.0715,0.151,0.10590109,70.67,0.1025,0.0,BTC-25SEP20-7000-P,8641.01,67.48,0.098,8.7,0.1045,0.3,70.1,22.70628,-3.23667,-20.6746,6e-05,-0.22776
9124.11,SYN.BTC-25SEP20,1579604264498,open,0.04,27.4,0.017,0.084,0.04087247,84.61,0.043,0.0,BTC-25SEP20-24000-C,8641.01,83.09,0.038,10.0,0.043,11.0,85.71,17.49465,-2.98579,6.73279,4e-05,0.14953
9124.11,SYN.BTC-25SEP20,1579604264498,open,0.03,62.2,0.0115,0.07,0.03098859,87.43,0.038,0.0,BTC-25SEP20-28000-C,8641.01,86.17,0.029,10.0,0.033,11.0,88.66,14.66959,-2.58703,5.25717,3e-05,0.11583
8989.63,BTC-26JUN20,1579604264499,open,0.14,533.9,0.102,0.19,0.14166253,70.43,0.14,0.0,BTC-26JUN20-10000-C,8641.01,69.41,0.139,15.4,0.1435,2.0,71.13,23.51166,-5.27798,13.84815,0.0001,0.50008
8989.63,BTC-26JUN20,1579604264499,open,0.04,253.4,0.021,0.085,0.04524129,79.03,0.045,0.0,BTC-26JUN20-16000-C,8641.01,77.5,0.0425,21.6,0.0475,27.6,80.26,16.33186,-4.11378,5.84972,6e-05,0.19664
9124.11,SYN.BTC-25SEP20,1579604286846,open,0.16,102.5,0.1165,0.2115,0.15866473,70.67,0.1525,0.0,BTC-25SEP20-8000-P,8641.01,67.66,0.15,7.9,0.1585,7.9,70.61,26.2447,-3.74105,-28.58106,7e-05,-0.3026
9124.11,SYN.BTC-25SEP20,1579604264499,open,0.02,49.1,0.0085,0.061,0.02509555,90.35,0.027,0.0,BTC-25SEP20-32000-C,8641.01,88.81,0.023,10.0,0.027,11.9,91.7,12.6685,-2.30888,4.30636,2e-05,0.09459
9124.11,SYN.BTC-25SEP20,1579604264499,open,0.06,173.9,0.0385,0.0995,0.06368897,70.67,0.061,0.0,BTC-25SEP20-6000-P,8641.01,67.76,0.058,9.5,0.063,0.3,70.32,17.99465,-2.56505,-13.61385,5e-05,-0.15602
8989.63,BTC-26JUN20,1579604264595,open,0.02,88.8,0.0045,0.042,0.01533984,91.71,0.015,0.0,BTC-26JUN20-26000-C,8641.01,89.57,0.0135,15.0,0.0165,14.0,92.98,8.02969,-2.34701,2.16388,3e-05,0.07135
8989.63,BTC-26JUN20,1579604264499,open,0.06,672.0,0.0335,0.106,0.06263535,76.06,0.0675,0.0,BTC-26JUN20-14000-C,8641.01,75.05,0.0605,20.9,0.0655,27.9,77.39,19.16868,-4.64679,7.679,7e-05,0.26138
8989.63,BTC-26JUN20,1579604305985,open,0.12,181.9,0.084,0.166,0.12000142,69.2,0.115,0.0,BTC-26JUN20-8000-P,8641.01,66.84,0.1145,11.1,0.1215,16.1,69.85,20.9138,-4.61282,-16.77719,9e-05,-0.31422
8989.63,BTC-26JUN20,1579604264499,open,0.02,49.1,0.007,0.052,0.0214575,86.84,0.0215,0.0,BTC-26JUN20-22000-C,8641.01,85.08,0.0195,33.6,0.023,28.0,88.17,10.26601,-2.84141,2.99536,3e-05,0.09898
8989.63,BTC-26JUN20,1579604272721,open,0.01,428.7,0.0005,0.0185,0.00722939,76.26,0.0105,0.0,BTC-26JUN20-4000-P,8641.01,73.43,0.006,29.0,0.009,29.0,79.93,4.09454,-0.99522,-1.46797,2e-05,-0.03076
8989.63,BTC-26JUN20,1579604264596,open,0.03,361.4,0.014,0.07,0.03383461,81.64,0.035,0.0,BTC-26JUN20-18000-C,8641.01,80.1,0.0315,27.0,0.036,28.0,83.03,13.83775,-3.60055,4.54956,5e-05,0.15159
8989.63,BTC-26JUN20,1579604264499,open,0.09,471.3,0.0565,0.1385,0.09150304,73.08,0.093,0.0,BTC-26JUN20-12000-C,8641.01,72.05,0.089,18.8,0.094,2.0,74.1,22.00982,-5.12644,10.30347,9e-05,0.35818
8989.63,BTC-26JUN20,1579604264499,open,0.04,350.4,0.0195,0.065,0.0372659,69.22,0.0395,0.0,BTC-26JUN20-6000-P,8641.01,67.59,0.035,30.3,0.0395,25.5,70.8,12.58755,-2.7771,-6.53286,5e-05,-0.13182
8989.63,BTC-26JUN20,1579604272841,open,0.02,380.1,0.007,0.036,0.0172572,71.45,0.016,0.0,BTC-26JUN20-5000-P,8641.01,69.37,0.0155,32.6,0.0195,30.0,73.97,7.78734,-1.77335,-3.31571,3e-05,-0.06856
8989.63,BTC-26JUN20,1579604272844,open,0.01,112.7,0.0025,0.0365,0.01229088,96.71,0.0115,0.0,BTC-26JUN20-30000-C,8641.01,95.63,0.0115,4.7,0.0135,29.0,98.29,6.70857,-2.06786,1.71302,2e-05,0.05663
8989.63,BTC-26JUN20,1579604264499,open,0.02,53.4,0.0055,0.0465,0.0180874,89.49,0.019,0.0,BTC-26JUN20-24000-C,8641.01,87.87,0.0165,19.6,0.0195,14.0,90.86,9.06632,-2.58582,2.53554,3e-05,0.08371
9124.11,SYN.BTC-25SEP20,1579604268371,open,0.22,37.1,0.1725,0.28,0.22078296,70.67,0.223,0.0,BTC-25SEP20-9000-P,8641.01,68.02,0.2125,6.6,0.2225,6.6,71.21,28.54742,-4.06923,-37.00926,7e-05,-0.3765
8989.63,BTC-26JUN20,1579604264578,open,0.18,167.6,0.138,0.232,0.18013228,69.2,0.179,0.0,BTC-26JUN20-9000-P,8641.01,67.58,0.176,8.8,0.1835,13.8,70.52,22.9276,-5.05698,-22.8498,0.0001,-0.41126
8812.71,BTC-27MAR20,1579604264499,open,0.01,1112.2,0.0045,0.035,0.01423706,76.67,0.014,0.0,BTC-27MAR20-14000-C,8641.01,75.03,0.013,62.2,0.0155,40.0,78.28,6.76881,-3.93912,1.43044,6e-05,0.10417
8989.63,BTC-26JUN20,1579604264499,open,0.0,198.0,0.0005,0.0125,0.00277492,84.51,0.0035,0.0,BTC-26JUN20-3000-P,8641.01,83.12,0.0025,1.2,0.003,15.0,85.58,1.8375,-0.49492,-0.56991,1e-05,-0.01198
8812.71,BTC-27MAR20,1579604264499,open,0.03,1716.7,0.0115,0.0545,0.02745409,70.67,0.0285,0.0,BTC-27MAR20-12000-C,8641.01,69.4,0.026,36.2,0.0285,19.3,71.57,10.15753,-5.44842,2.58432,0.0001,0.18993
8989.63,BTC-26JUN20,1579604264499,open,0.03,1074.2,0.01,0.06,0.02675383,84.49,0.0255,0.0,BTC-26JUN20-20000-C,8641.01,83.14,0.025,1.0,0.0285,29.0,85.79,11.90401,-3.20562,3.66695,4e-05,0.12166
8812.71,BTC-27MAR20,1579604264499,open,0.06,1655.4,0.037,0.097,0.06298617,65.72,0.0635,0.0,BTC-27MAR20-10000-C,8641.01,64.49,0.061,24.5,0.0635,0.8,66.04,14.22171,-7.09422,4.99629,0.00015,0.37711
8812.71,BTC-27MAR20,1579604288599,open,0.03,1117.9,0.0115,0.0485,0.02578942,63.18,0.0295,0.0,BTC-27MAR20-7000-P,8641.01,61.92,0.0245,24.3,0.027,51.7,64.34,9.12998,-4.3781,-2.96387,0.0001,-0.16055
8812.71,BTC-27MAR20,1579604264529,open,0.02,95.7,0.006,0.034,0.01603668,64.92,0.018,0.0,BTC-27MAR20-6500-P,8641.01,62.92,0.0145,39.0,0.017,58.0,66.14,6.91075,-3.40539,-1.96021,8e-05,-0.1072
8812.69,BTC-27MAR20,1579604264499,open,0.04,96.2,0.0205,0.0715,0.04104898,68.16,0.0425,0.0,BTC-27MAR20-11000-C,8641.01,67.05,0.0395,17.8,0.0425,19.3,69.19,12.3177,-6.37235,3.5993,0.00013,0.26734
8812.71,BTC-27MAR20,1579604264499,open,0.0,125.7,0.0005,0.012,0.00201424,105.8,0.002,0.0,BTC-27MAR20-26000-C,8641.01,102.18,0.0015,38.0,0.0025,24.0,108.67,1.38083,-1.10888,0.19932,1e-05,0.01455
8989.63,BTC-26JUN20,1579604304097,open,0.07,347.9,0.0445,0.1095,0.07204275,69.2,0.071,0.0,BTC-26JUN20-7000-P,8641.01,66.84,0.0675,13.0,0.073,25.8,69.7,17.36861,-3.83088,-11.21464,7e-05,-0.21821
8739.71,SYN.BTC-28FEB20,1579604264499,open,0.0,298.0,0.0005,0.0105,0.00098369,79.39,0.001,0.0,BTC-28FEB20-5000-P,8641.01,72.67,0.0005,22.5,0.0015,60.0,84.42,0.77662,-0.81391,-0.10326,1e-05,-0.0104
8812.69,BTC-27MAR20,1579604264499,open,0.01,65.4,0.0015,0.03,0.01103593,79.94,0.0105,0.0,BTC-27MAR20-15000-C,8641.01,78.28,0.01,59.0,0.012,24.0,81.42,5.63555,-3.41953,1.11802,5e-05,0.08133
8739.71,SYN.BTC-28FEB20,1579604264499,open,0.0,303.8,0.0005,0.013,0.00344707,69.12,0.004,0.0,BTC-28FEB20-6000-P,8641.01,67.29,0.003,29.2,0.004,24.0,71.21,2.22046,-2.02606,-0.35672,4e-05,-0.03589
8739.7,SYN.BTC-28FEB20,1579604279086,open,0.01,443.6,0.0005,0.019,0.00597541,74.58,0.006,0.0,BTC-28FEB20-13000-C,8641.01,72.0,0.005,58.0,0.0065,24.1,75.87,3.47052,-3.41697,0.51433,6e-05,0.06269
8989.63,BTC-26JUN20,1579604264608,open,0.18,283.8,0.1395,0.226,0.17897873,69.2,0.187,0.0,BTC-26JUN20-9000-C,8641.01,67.84,0.1755,11.0,0.181,2.0,69.99,22.9276,-5.05698,15.83188,0.0001,0.58874
8812.71,BTC-27MAR20,1579604264627,open,0.04,635.7,0.022,0.0695,0.04145785,63.15,0.0434,0.0,BTC-27MAR20-7500-P,8641.01,61.24,0.039,19.3,0.042,13.3,63.57,11.39756,-5.46281,-4.3345,0.00013,-0.23106
8989.63,BTC-26JUN20,1579604264499,open,0.01,49.9,0.0035,0.0375,0.01303023,93.53,0.0135,0.0,BTC-26JUN20-28000-C,8641.01,91.53,0.0115,29.0,0.014,0.1,94.73,7.11404,-2.12076,1.85432,2e-05,0.06102
8739.71,SYN.BTC-28FEB20,1579604264499,open,0.01,480.6,0.0005,0.0165,0.0059231,63.82,0.006,0.0,BTC-28FEB20-6500-P,8641.01,62.71,0.0055,15.0,0.0065,24.1,65.26,3.41533,-2.87724,-0.61068,7e-05,-0.06141
8812.71,BTC-27MAR20,1579604264499,open,0.0,322.4,0.0005,0.013,0.00302613,97.32,0.003,0.0,BTC-27MAR20-22000-C,8641.01,94.85,0.0025,38.0,0.0035,24.0,99.31,1.9972,-1.47527,0.30859,1e-05,0.02243
8812.71,BTC-27MAR20,1579604264566,open,0.0,76.4,0.0005,0.0115,0.00152677,108.14,0.002,0.0,BTC-27MAR20-28000-C,8641.01,103.24,0.001,15.0,0.002,24.0,111.6,1.09389,-0.89788,0.15247,1e-05,0.01111
8739.71,SYN.BTC-28FEB20,1579604275709,open,0.09,415.1,0.0625,0.117,0.08770348,57.82,0.084,0.0,BTC-28FEB20-8500-C,8641.01,55.65,0.085,18.1,0.0885,0.5,58.46,10.90629,-8.32424,4.60782,0.00024,0.59578
8812.71,BTC-27MAR20,1579604264612,open,0.09,31.6,0.059,0.1245,0.08801069,63.15,0.0925,0.0,BTC-27MAR20-8500-P,8641.01,61.3,0.085,10.3,0.089,10.3,63.75,14.40606,-6.90484,-7.66719,0.00016,-0.39404
8739.7,SYN.BTC-28FEB20,1579604264499,open,0.01,67.7,0.0025,0.03,0.01242284,67.76,0.0135,0.0,BTC-28FEB20-11500-C,8641.01,66.35,0.0115,0.1,0.013,39.0,68.62,5.80963,-5.19707,1.02495,0.00011,0.12544
8739.71,SYN.BTC-28FEB20,1579604264605,open,0.03,364.4,0.014,0.0555,0.03077758,61.08,0.0295,0.0,BTC-28FEB20-10000-C,8641.01,59.43,0.029,48.3,0.032,15.7,62.2,9.45807,-7.62606,2.24975,0.0002,0.27884
8812.71,BTC-27MAR20,1579604264499,open,0.0,889.3,0.0005,0.0105,0.00015689,110.0,0.001,0.0,BTC-27MAR20-40000-C,8641.01,121.06,0.0005,16.7,0.001,15.8,129.22,0.16427,-0.13715,0.01874,0.0,0.00134
8739.72,SYN.BTC-28FEB20,1579604288628,open,0.02,240.7,0.0055,0.036,0.01631465,65.26,0.02,0.0,BTC-28FEB20-11000-C,8641.01,63.57,0.015,44.3,0.017,34.3,66.13,6.88712,-5.9334,1.31515,0.00013,0.16133
8812.71,BTC-27MAR20,1579604264499,open,0.0,1431.4,0.0005,0.0105,0.00098707,82.61,0.002,0.0,BTC-27MAR20-4000-P,8641.01,75.85,0.0005,49.0,0.0015,62.0,87.58,0.78726,-0.49365,-0.13708,1e-05,-0.00763
8739.71,SYN.BTC-28FEB20,1579604328148,open,0.04,248.4,0.019,0.062,0.03672855,57.97,0.035,0.0,BTC-28FEB20-8000-P,8641.01,54.99,0.0335,39.3,0.037,34.3,58.21,9.56395,-7.31842,-2.92115,0.00021,-0.28537
8812.71,BTC-27MAR20,1579604264499,open,0.01,94.7,0.0005,0.016,0.00568582,70.21,0.0055,0.0,BTC-27MAR20-5500-P,8641.01,68.34,0.005,15.0,0.0065,26.0,72.28,3.34628,-1.78325,-0.75595,3e-05,-0.04184
8812.71,BTC-27MAR20,1579604264499,open,0.01,535.8,0.0005,0.02,0.00579602,88.32,0.0055,0.0,BTC-27MAR20-18000-C,8641.01,86.18,0.005,71.0,0.0065,24.0,90.07,3.42733,-2.29751,0.59332,3e-05,0.0431
8739.7,SYN.BTC-28FEB20,1579604264568,open,0.01,81.4,0.0005,0.0215,0.007448,72.25,0.0085,0.0,BTC-28FEB20-12500-C,8641.01,70.16,0.0065,39.0,0.008,24.0,73.41,4.09147,-3.90247,0.63656,7e-05,0.07764
8666.74,SYN.BTC-31JAN20,1579604264499,open,0.0,107.3,0.0005,0.0115,0.00198964,73.37,0.004,0.0,BTC-31JAN20-10750-C,8641.01,69.79,0.0015,15.0,0.0025,48.0,76.58,1.28527,-4.77408,0.09451,9e-05,0.04229
8739.71,SYN.BTC-28FEB20,1579604264499,open,0.06,315.0,0.0385,0.0905,0.06174592,58.13,0.0635,0.0,BTC-28FEB20-9000-C,8641.01,56.77,0.06,15.0,0.064,20.8,59.89,11.20925,-8.60211,3.7465,0.00024,0.47485
8812.71,BTC-27MAR20,1579604264499,open,0.0,163.3,0.0005,0.0105,0.00050405,110.0,0.0015,0.0,BTC-27MAR20-34000-C,8641.01,109.92,0.0005,39.2,0.0015,17.6,122.67,0.43945,-0.3669,0.05495,0.0,0.00396
8739.71,SYN.BTC-28FEB20,1579604264570,open,0.01,551.9,0.0015,0.026,0.01103505,60.49,0.0125,0.0,BTC-28FEB20-7000-P,8641.01,58.73,0.01,39.5,0.0115,24.0,61.26,5.22915,-4.17581,-1.08077,0.00011,-0.10813
8739.71,SYN.BTC-28FEB20,1579604264499,open,0.04,161.9,0.0235,0.07,0.04339228,59.35,0.045,0.0,BTC-28FEB20-9500-C,8641.01,57.79,0.0415,52.1,0.045,16.5,60.67,10.59823,-8.30356,2.93177,0.00023,0.36666
177.35,SYN.ETH-25SEP20,1579604264564,open,0.17,220.0,0.109,0.215,0.159937,87.71,0.155,0.0,ETH-25SEP20-140-P,167.56,82.34,0.146,265.0,0.17,265.0,91.6,0.46,-0.08139,-0.48836,0.00246,-0.24554
177.35,SYN.ETH-25SEP20,1579604264483,open,0.21,328.0,0.145,0.266,0.205735,86.66,0.209,0.0,ETH-25SEP20-220-C,167.56,88.87,0.213,273.0,0.224,273.0,92.23,0.58217,-0.10177,0.38099,0.00314,0.52206
8666.74,SYN.BTC-31JAN20,1579604264612,open,0.01,583.0,0.004,0.0405,0.01360986,50.12,0.0155,0.0,BTC-31JAN20-8250-P,8641.01,48.03,0.0125,18.7,0.014,2.5,50.85,4.63713,-11.76727,-0.64494,0.00046,-0.26143
8666.75,SYN.BTC-31JAN20,1579604264499,open,0.0,758.0,0.0005,0.0105,0.00048321,78.06,0.0005,0.0,BTC-31JAN20-6500-P,8641.01,0.0,0.0,0.0,0.001,52.5,86.71,0.39953,-1.5791,-0.02597,3e-05,-0.01059
8812.71,BTC-27MAR20,1579604264499,open,0.0,191.9,0.0005,0.0125,0.00251817,102.2,0.0025,0.0,BTC-27MAR20-24000-C,8641.01,99.27,0.002,38.0,0.003,24.0,104.58,1.68034,-1.30347,0.25091,1e-05,0.01829
8812.71,BTC-27MAR20,1579604290666,open,0.06,607.7,0.0375,0.0945,0.06217583,63.15,0.0645,0.0,BTC-27MAR20-8000-P,8641.01,61.69,0.06,32.0,0.063,31.2,63.7,13.21522,-6.33403,-5.92556,0.00015,-0.31037
8666.75,SYN.BTC-31JAN20,1579604264499,open,0.0,632.4,0.0005,0.012,0.00246938,69.77,0.003,0.0,BTC-31JAN20-10500-C,8641.01,66.98,0.002,15.0,0.003,32.0,72.59,1.54446,-5.45544,0.11894,0.00011,0.05319
177.35,SYN.ETH-25SEP20,1579604264483,open,0.11,31.0,0.058,0.169,0.109574,96.21,0.11,0.0,ETH-25SEP20-360-C,167.56,94.64,0.105,1.0,0.117,289.0,98.75,0.51546,-0.10004,0.24115,0.00251,0.30978
8812.71,BTC-27MAR20,1579604264499,open,0.0,15.9,0.0005,0.0115,0.00197505,78.85,0.003,0.0,BTC-27MAR20-4500-P,8641.01,75.61,0.0015,23.0,0.0025,39.0,81.9,1.40582,-0.84131,-0.26764,1e-05,-0.01485
8666.75,SYN.BTC-31JAN20,1579604264499,open,0.0,98.3,0.0005,0.011,0.00109581,77.6,0.001,0.0,BTC-31JAN20-11250-C,8641.01,76.54,0.001,15.0,0.0015,30.0,81.55,0.80108,-3.14735,0.05337,5e-05,0.02386
177.35,SYN.ETH-25SEP20,1579604264483,open,0.16,514.0,0.097,0.219,0.156705,92.83,0.157,0.0,ETH-25SEP20-280-C,167.56,91.37,0.152,281.0,0.165,281.0,95.41,0.56981,-0.1067,0.31125,0.00287,0.41511
8739.7,SYN.BTC-28FEB20,1579604264573,open,0.01,88.9,0.0005,0.0255,0.00952423,70.01,0.0095,0.0,BTC-28FEB20-12000-C,8641.01,68.12,0.0085,57.0,0.01,24.0,70.85,4.86848,-4.49939,0.80242,9e-05,0.098
177.35,SYN.ETH-25SEP20,1579604264483,open,0.13,62.0,0.073,0.19,0.128472,94.14,0.146,0.0,ETH-25SEP20-320-C,167.56,93.01,0.125,285.0,0.137,285.0,96.91,0.54391,-0.10329,0.27241,0.0027,0.35463
167.69,SYN.ETH-24JAN20,1579604264483,open,0.0,766.0,0.001,0.011,0.000891,105.74,0.003,0.0,ETH-24JAN20-140-P,167.56,0.0,0.0,0.0,0.002,345.0,122.5,0.00853,-0.14959,-0.00033,0.00364,-0.02442
8666.75,SYN.BTC-31JAN20,1579604264499,open,0.03,303.8,0.01,0.0505,0.02384188,50.12,0.025,0.0,BTC-31JAN20-8500-P,8641.01,46.4,0.0215,46.0,0.024,1.5,50.37,5.47341,-13.88923,-0.97264,0.00054,-0.39094
8666.74,SYN.BTC-31JAN20,1579604264499,open,0.0,249.0,0.0005,0.0115,0.00156495,62.45,0.0026,0.0,BTC-31JAN20-7250-P,8641.01,57.62,0.001,63.0,0.002,1.5,65.51,1.14797,-3.62959,-0.08998,9e-05,-0.03681
8666.75,SYN.BTC-31JAN20,1579604258556,open,0.04,1153.0,0.025,0.0705,0.04308177,50.11,0.0455,0.0,BTC-31JAN20-8500-C,8641.01,48.4,0.042,17.3,0.0455,26.5,53.94,5.47337,-13.88712,1.32721,0.00054,0.60907
8666.75,SYN.BTC-31JAN20,1579604264499,open,0.0,1139.0,0.0005,0.011,0.00139246,71.01,0.001,0.0,BTC-31JAN20-7000-P,8641.01,67.11,0.001,0.7,0.002,63.0,75.93,0.95888,-3.44745,-0.07264,7e-05,-0.02959
177.35,SYN.ETH-25SEP20,1579604264576,open,0.07,67.0,0.03,0.123,0.070293,99.85,0.068,0.0,ETH-25SEP20-480-C,167.56,98.04,0.066,296.0,0.079,296.0,103.42,0.42389,-0.08538,0.17102,0.00199,0.21228
8666.75,SYN.BTC-31JAN20,1579604264499,open,0.01,606.1,0.0005,0.0235,0.0080615,55.95,0.008,0.0,BTC-31JAN20-9500-C,8641.01,53.34,0.007,62.8,0.009,26.0,58.16,3.61678,-10.24508,0.38134,0.00032,0.17068
177.35,SYN.ETH-25SEP20,1579604264483,open,0.06,306.0,0.023,0.109,0.058661,103.61,0.055,0.0,ETH-25SEP20-560-C,167.56,101.41,0.054,1.0,0.062,300.0,105.14,0.38197,-0.07983,0.14478,0.00173,0.17886
177.35,SYN.ETH-25SEP20,1579604264565,open,0.08,46.0,0.037,0.135,0.080277,98.61,0.086,0.0,ETH-25SEP20-440-C,167.56,96.93,0.076,294.0,0.089,294.0,101.98,0.45259,-0.09003,0.19034,0.00215,0.2383
174.31,ETH-26JUN20,1579604264483,open,0.17,2626.0,0.122,0.231,0.176718,88.0,0.172,0.0,ETH-26JUN20-200-C,167.56,87.72,0.176,20.0,0.183,270.0,90.4,0.45532,-0.1277,0.25717,0.00396,0.51999
167.69,SYN.ETH-24JAN20,1579604316157,open,0.01,991.0,0.001,0.028,0.007914,70.18,0.008,0.0,ETH-24JAN20-160-P,167.56,58.26,0.005,287.0,0.01,318.0,77.92,0.04364,-0.53251,-0.00296,0.02807,-0.21628
174.31,ETH-26JUN20,1579604269002,open,0.05,4038.0,0.017,0.087,0.045973,99.55,0.051,0.0,ETH-26JUN20-400-C,167.56,95.87,0.04,299.0,0.049,299.0,101.34,0.29131,-0.09243,0.09439,0.00224,0.17197
177.35,SYN.ETH-25SEP20,1579604264574,open,0.04,106.0,0.016,0.089,0.044635,103.84,0.044,0.0,ETH-25SEP20-640-C,167.56,98.33,0.035,300.0,0.049,300.0,106.15,0.32831,-0.06877,0.11717,0.00148,0.14191
177.35,SYN.ETH-25SEP20,1579604264483,open,0.09,205.0,0.046,0.151,0.093557,97.59,0.095,0.0,ETH-25SEP20-400-C,167.56,96.28,0.09,1.0,0.101,292.0,100.29,0.48431,-0.09534,0.21396,0.00232,0.27119
167.69,SYN.ETH-24JAN20,1579604316107,open,0.0,697.0,0.001,0.013,0.001769,80.99,0.004,0.0,ETH-24JAN20-150-P,167.56,72.13,0.001,19.0,0.004,300.0,98.73,0.01686,-0.23745,-0.00077,0.0094,-0.05628
177.35,SYN.ETH-25SEP20,1579604264571,open,0.06,7.0,0.027,0.116,0.064463,102.03,0.06,0.0,ETH-25SEP20-520-C,167.56,98.21,0.056,298.0,0.071,298.0,104.85,0.4032,-0.08298,0.15747,0.00185,0.1952
174.31,ETH-26JUN20,1579604264567,open,0.12,1315.0,0.077,0.169,0.120755,88.18,0.11,0.0,ETH-26JUN20-140-P,167.56,81.11,0.106,269.0,0.125,269.0,90.21,0.36468,-0.1025,-0.27926,0.00317,-0.252
177.35,SYN.ETH-25SEP20,1579604264495,open,0.07,188.0,0.036,0.102,0.066184,89.23,0.116,0.0,ETH-25SEP20-100-P,167.56,83.15,0.056,292.0,0.071,292.0,92.04,0.30207,-0.05437,-0.23113,0.00158,-0.12572
174.31,ETH-26JUN20,1579604264578,open,0.02,2398.0,0.005,0.047,0.018684,110.09,0.02,0.0,ETH-26JUN20-640-C,167.56,100.48,0.011,389.0,0.021,300.0,112.51,0.16137,-0.05662,0.04201,0.00112,0.07476
177.35,SYN.ETH-25SEP20,1579604264483,open,0.19,3.0,0.127,0.249,0.187754,89.27,0.204,0.0,ETH-25SEP20-240-C,167.56,89.66,0.189,276.0,0.2,276.0,93.01,0.58252,-0.1049,0.35528,0.00305,0.48272
174.31,ETH-26JUN20,1579604264483,open,0.04,733.0,0.013,0.076,0.038043,101.54,0.044,0.0,ETH-26JUN20-440-C,167.56,99.46,0.035,60.0,0.041,300.0,103.48,0.26046,-0.08429,0.08013,0.00196,0.145
174.31,ETH-26JUN20,1579604271406,open,0.02,340.0,0.005,0.05,0.020852,108.38,0.025,0.0,ETH-26JUN20-600-C,167.56,104.32,0.017,300.0,0.024,300.0,111.39,0.17485,-0.0604,0.04664,0.00124,0.08311
174.31,ETH-26JUN20,1579604264604,open,0.18,613.0,0.126,0.236,0.179319,88.15,0.149,0.0,ETH-26JUN20-160-P,167.56,81.3,0.163,251.0,0.183,251.0,89.7,0.41434,-0.11641,-0.38232,0.0036,-0.33099
174.31,ETH-26JUN20,1579604264483,open,0.01,1453.0,0.001,0.019,0.008412,100.89,0.011,0.0,ETH-26JUN20-60-P,167.56,94.25,0.006,300.0,0.01,300.0,104.72,0.06902,-0.02219,-0.02578,0.00052,-0.026
177.35,SYN.ETH-25SEP20,1579604264560,open,0.04,317.0,0.017,0.062,0.036343,91.62,0.06,0.0,ETH-25SEP20-80-P,167.56,83.3,0.027,300.0,0.042,300.0,96.31,0.20916,-0.03866,-0.13541,0.00107,-0.07608
174.31,ETH-26JUN20,1579604264483,open,0.02,1009.0,0.007,0.038,0.019462,93.47,0.022,0.0,ETH-26JUN20-80-P,167.56,90.11,0.017,300.0,0.024,387.0,99.23,0.1314,-0.03915,-0.05755,0.00108,-0.05736
174.31,ETH-26JUN20,1579604264584,open,0.07,649.0,0.033,0.118,0.070812,94.69,0.069,0.0,ETH-26JUN20-320-C,167.56,92.37,0.066,291.0,0.073,2.0,95.74,0.36469,-0.11007,0.13576,0.00295,0.25202
170.56,ETH-27MAR20,1579604316177,open,0.02,2407.0,0.008,0.052,0.024819,92.79,0.025,0.0,ETH-27MAR20-280-C,167.56,90.87,0.023,325.0,0.028,330.0,96.0,0.16475,-0.11602,0.03683,0.00338,0.14447
170.56,ETH-27MAR20,1579604316097,open,0.03,1547.0,0.01,0.049,0.026108,84.83,0.032,0.0,ETH-27MAR20-120-P,167.56,82.37,0.024,298.0,0.029,323.0,88.1,0.14822,-0.09543,-0.04617,0.00333,-0.12388
174.31,ETH-26JUN20,1579604264483,open,0.06,1385.0,0.024,0.102,0.057431,97.79,0.053,0.0,ETH-26JUN20-360-C,167.56,95.95,0.054,50.0,0.06,296.0,99.15,0.3282,-0.1023,0.11338,0.00257,0.20877
174.31,ETH-26JUN20,1579604267419,open,0.08,2069.0,0.041,0.112,0.073425,88.23,0.081,0.0,ETH-26JUN20-120-P,167.56,81.98,0.063,285.0,0.077,285.0,90.34,0.29456,-0.08283,-0.18611,0.00256,-0.17498
177.35,SYN.ETH-25SEP20,1579604264577,open,0.05,34.0,0.019,0.099,0.051226,103.82,0.049,0.0,ETH-25SEP20-600-C,167.56,97.33,0.039,300.0,0.058,300.0,107.12,0.35481,-0.07431,0.13036,0.0016,0.15945
174.31,ETH-26JUN20,1579604264558,open,0.04,721.0,0.019,0.068,0.039945,89.59,0.042,0.0,ETH-26JUN20-100-P,167.56,82.82,0.032,298.0,0.043,99.0,92.08,0.21141,-0.06037,-0.11049,0.00181,-0.10754
170.56,ETH-27MAR20,1579604316097,open,0.01,1621.0,0.001,0.025,0.010983,90.62,0.011,0.0,ETH-27MAR20-100-P,167.56,86.36,0.009,300.0,0.013,25.0,94.6,0.08306,-0.05713,-0.02097,0.00175,-0.05713
170.56,ETH-27MAR20,1579604326637,open,0.11,4825.0,0.065,0.148,0.104532,81.54,0.108,0.0,ETH-27MAR20-160-P,167.56,79.95,0.102,20.0,0.108,276.0,83.72,0.27116,-0.16781,-0.14308,0.00633,-0.36028
170.56,ETH-27MAR20,1579604316097,open,0.0,2448.0,0.001,0.014,0.003568,116.6,0.006,0.0,ETH-27MAR20-520-C,167.56,108.33,0.002,2296.0,0.005,350.0,122.19,0.0389,-0.03443,0.00586,0.00064,0.0226
170.56,ETH-27MAR20,1579604316097,open,0.01,1653.0,0.002,0.031,0.011734,103.9,0.011,0.0,ETH-27MAR20-360-C,167.56,102.6,0.011,45.0,0.013,325.0,106.05,0.09789,-0.0772,0.01811,0.00179,0.07056
170.56,ETH-27MAR20,1579604264484,open,0.0,8174.0,0.001,0.012,0.002062,119.99,0.002,0.0,ETH-27MAR20-600-C,167.56,110.79,0.001,4281.0,0.003,300.0,125.57,0.025,-0.02277,0.00351,0.0004,0.01346
8666.75,SYN.BTC-31JAN20,1579604264499,open,0.0,131.0,0.0005,0.0105,0.00096873,76.4,0.0005,0.0,BTC-31JAN20-6750-P,8641.01,69.28,0.0005,0.1,0.0015,64.0,82.17,0.69321,-2.68156,-0.04941,4e-05,-0.0201
170.56,ETH-27MAR20,1579604316097,open,0.01,1343.0,0.001,0.019,0.005711,109.78,0.006,0.0,ETH-27MAR20-440-C,167.56,104.1,0.004,300.0,0.007,325.0,113.37,0.05733,-0.04777,0.00933,0.00099,0.03602
170.56,ETH-27MAR20,1579604326627,open,0.04,426.0,0.017,0.066,0.038295,82.69,0.048,0.0,ETH-27MAR20-130-P,167.56,80.54,0.036,315.0,0.041,315.0,85.16,0.18432,-0.11569,-0.06455,0.00425,-0.1714
8666.75,SYN.BTC-31JAN20,1579604264499,open,0.02,754.5,0.0065,0.042,0.01907415,52.34,0.019,0.0,BTC-31JAN20-9000-C,8641.01,50.56,0.018,33.5,0.0205,49.9,54.68,5.25993,-13.9372,0.76739,0.00049,0.34633
170.56,ETH-27MAR20,1579604316097,open,0.01,1.0,0.001,0.017,0.006539,93.73,0.008,0.0,ETH-27MAR20-90-P,167.56,88.76,0.005,300.0,0.008,25.0,97.89,0.05674,-0.04037,-0.01297,0.00115,-0.03558
170.56,ETH-27MAR20,1579604316097,open,0.08,3198.0,0.045,0.121,0.081581,83.5,0.085,0.0,ETH-27MAR20-200-C,167.56,81.92,0.079,275.0,0.083,20.0,84.37,0.27861,-0.17657,0.09586,0.00636,0.393
170.56,ETH-27MAR20,1579604316097,open,0.0,874.0,0.001,0.014,0.004389,100.5,0.006,0.0,ETH-27MAR20-80-P,167.56,93.95,0.003,300.0,0.006,325.0,106.74,0.04018,-0.03065,-0.00858,0.00076,-0.02348
170.56,ETH-27MAR20,1579604264484,open,0.0,5093.0,0.001,0.011,0.001434,120.0,0.005,0.0,ETH-27MAR20-640-C,167.56,115.52,0.001,98.0,0.003,350.0,130.72,0.01875,-0.01708,0.00253,0.0003,0.00967
170.56,ETH-27MAR20,1579604316097,open,0.0,1859.0,0.001,0.012,0.00299,119.96,0.003,0.0,ETH-27MAR20-560-C,167.56,105.68,0.001,198.0,0.004,350.0,124.62,0.03338,-0.03039,0.00489,0.00053,0.01886
170.56,ETH-27MAR20,1579604325198,open,0.06,656.0,0.028,0.089,0.055473,81.81,0.068,0.0,ETH-27MAR20-140-P,167.56,79.88,0.053,25.0,0.059,305.0,84.54,0.21953,-0.13631,-0.08759,0.00511,-0.22908
169.28,SYN.ETH-28FEB20,1579604316205,open,0.03,734.0,0.011,0.053,0.028885,77.26,0.031,0.0,ETH-28FEB20-140-P,167.56,75.07,0.027,314.0,0.031,225.0,79.68,0.14671,-0.14963,-0.03799,0.00639,-0.18737
170.56,ETH-27MAR20,1579604264484,open,0.0,275.0,0.001,0.013,0.003074,109.31,0.003,0.0,ETH-27MAR20-70-P,167.56,92.49,0.001,190.0,0.005,300.0,119.15,0.02866,-0.02378,-0.0058,0.0005,-0.01578
174.31,ETH-26JUN20,1579604326639,open,0.21,3501.0,0.159,0.267,0.214242,87.81,0.208,0.0,ETH-26JUN20-180-C,167.56,83.01,0.202,264.0,0.219,264.0,89.68,0.44378,-0.1242,0.28281,0.00387,0.59175
169.28,SYN.ETH-28FEB20,1579604316097,open,0.0,403.0,0.001,0.013,0.003872,94.15,0.006,0.0,ETH-28FEB20-100-P,167.56,89.83,0.003,300.0,0.005,25.0,98.99,0.03665,-0.04555,-0.00587,0.00131,-0.02956
8666.74,SYN.BTC-31JAN20,1579604264499,open,0.01,103.9,0.0005,0.02,0.00540696,58.38,0.0055,0.0,BTC-31JAN20-9750-C,8641.01,57.12,0.005,24.8,0.006,30.0,60.15,2.8401,-8.39436,0.26709,0.00024,0.11931
169.28,SYN.ETH-28FEB20,1579604316097,open,0.01,387.0,0.001,0.025,0.010503,83.07,0.012,0.0,ETH-28FEB20-120-P,167.56,79.75,0.009,300.0,0.012,25.0,86.16,0.07941,-0.08708,-0.01552,0.00321,-0.07785
170.56,ETH-27MAR20,1579604316097,open,0.04,4625.0,0.018,0.076,0.04305,88.06,0.049,0.0,ETH-27MAR20-240-C,167.56,86.47,0.041,316.0,0.045,25.0,89.55,0.22211,-0.14845,0.05876,0.0048,0.23394
174.31,ETH-26JUN20,1579604270398,open,0.02,286.0,0.007,0.055,0.023817,106.85,0.019,0.0,ETH-26JUN20-560-C,167.56,103.22,0.02,300.0,0.026,300.0,108.79,0.19184,-0.06533,0.05267,0.00137,0.09413
169.28,SYN.ETH-28FEB20,1579604316097,open,0.02,610.0,0.006,0.037,0.017881,80.04,0.016,0.0,ETH-28FEB20-130-P,167.56,77.14,0.016,299.0,0.019,25.0,81.71,0.11191,-0.11825,-0.025,0.0047,-0.12445
174.31,ETH-26JUN20,1579604325211,open,0.13,1062.0,0.077,0.181,0.127452,90.84,0.121,0.0,ETH-26JUN20-240-C,167.56,89.09,0.123,279.0,0.131,1.0,92.24,0.44304,-0.12828,0.20829,0.00373,0.40548
169.28,SYN.ETH-28FEB20,1579604316097,open,0.04,3877.0,0.019,0.074,0.04345,79.91,0.043,0.0,ETH-28FEB20-200-C,167.56,77.73,0.041,308.0,0.044,5.0,80.41,0.19014,-0.20057,0.0454,0.008,0.30187
8739.71,SYN.BTC-28FEB20,1579604264499,open,0.06,213.4,0.037,0.09,0.06027611,57.82,0.057,0.0,BTC-28FEB20-8500-P,8641.01,54.79,0.0565,38.5,0.0605,15.0,58.0,10.90631,-8.32501,-4.21262,0.00024,-0.40422
170.56,ETH-27MAR20,1579604316097,open,0.02,141.0,0.006,0.036,0.017398,87.73,0.019,0.0,ETH-27MAR20-110-P,167.56,84.03,0.015,300.0,0.02,325.0,91.5,0.11416,-0.07602,-0.03196,0.00248,-0.08642
174.31,ETH-26JUN20,1579604264483,open,0.09,893.0,0.05,0.145,0.093846,92.9,0.09,0.0,ETH-26JUN20-280-C,167.56,91.25,0.09,286.0,0.1,286.0,95.52,0.40752,-0.12067,0.16784,0.00336,0.31788
169.28,SYN.ETH-28FEB20,1579604316097,open,0.06,909.0,0.028,0.089,0.056454,78.5,0.058,0.0,ETH-28FEB20-190-C,167.56,76.48,0.054,275.0,0.058,120.0,79.77,0.20602,-0.21351,0.0552,0.00882,0.37068
169.28,SYN.ETH-28FEB20,1579604316097,open,0.03,41.0,0.013,0.063,0.034536,82.32,0.035,0.0,ETH-28FEB20-210-C,167.56,79.81,0.032,314.0,0.037,314.0,84.72,0.17263,-0.18761,0.03754,0.00705,0.24821
169.28,SYN.ETH-28FEB20,1579604316097,open,0.07,1191.0,0.041,0.108,0.073624,77.28,0.08,0.0,ETH-28FEB20-180-C,167.56,75.23,0.071,267.0,0.075,20.0,78.36,0.21594,-0.22031,0.06637,0.0094,0.45143
169.28,SYN.ETH-28FEB20,1579604316097,open,0.08,48.0,0.039,0.106,0.070426,76.5,0.087,0.0,ETH-28FEB20-160-P,167.56,74.49,0.068,20.0,0.074,280.0,79.46,0.20447,-0.2065,-0.07603,0.00899,-0.36237
8739.7,SYN.BTC-28FEB20,1579604264606,open,0.02,55.5,0.0085,0.044,0.02211772,63.02,0.0265,0.0,BTC-28FEB20-10500-C,8641.01,61.26,0.0205,49.3,0.023,17.0,63.96,8.14005,-6.77191,1.71442,0.00016,0.21116
8666.74,SYN.BTC-31JAN20,1579604264499,open,0.01,179.8,0.0025,0.0355,0.01249052,54.21,0.016,0.0,BTC-31JAN20-9250-C,8641.01,52.28,0.0115,21.2,0.0135,24.0,56.14,4.4953,-12.33745,0.54851,0.00041,0.2464
8666.74,SYN.BTC-31JAN20,1579604279089,open,0.04,82.3,0.0225,0.0715,0.03806144,50.12,0.0395,0.0,BTC-31JAN20-8750-P,8641.01,45.44,0.035,38.0,0.0385,18.0,50.79,5.6714,-14.39187,-1.33158,0.00056,-0.52979
8739.71,SYN.BTC-28FEB20,1579604264574,open,0.0,220.7,0.0005,0.0115,0.00187892,74.13,0.003,0.0,BTC-28FEB20-5500-P,8641.01,67.29,0.001,60.0,0.0025,60.0,77.81,1.34927,-1.32047,-0.19625,2e-05,-0.01976
169.28,SYN.ETH-28FEB20,1579604316236,open,0.02,914.0,0.005,0.04,0.0179,88.38,0.016,0.0,ETH-28FEB20-240-C,167.56,84.17,0.015,325.0,0.02,325.0,91.25,0.12093,-0.14109,0.02132,0.0046,0.13924
169.28,SYN.ETH-28FEB20,1579604316123,open,0.02,1219.0,0.004,0.035,0.014825,90.56,0.016,0.0,ETH-28FEB20-250-C,167.56,85.89,0.012,300.0,0.016,325.0,92.4,0.1071,-0.12804,0.01793,0.00398,0.11691
170.56,ETH-27MAR20,1579604326767,open,0.01,1561.0,0.001,0.025,0.008552,108.14,0.01,0.0,ETH-27MAR20-400-C,167.56,104.5,0.007,50.0,0.01,326.0,111.2,0.07712,-0.0633,0.01338,0.00136,0.05202
168.01,SYN.ETH-31JAN20,1579604316129,open,0.01,869.0,0.001,0.017,0.004644,80.49,0.005,0.0,ETH-31JAN20-140-P,167.56,77.59,0.004,15.0,0.006,320.0,85.98,0.03888,-0.15845,-0.00359,0.00633,-0.07441
168.01,SYN.ETH-31JAN20,1579604316210,open,0.01,722.0,0.001,0.027,0.009521,70.52,0.011,0.0,ETH-31JAN20-150-P,167.56,57.43,0.005,295.0,0.01,1.0,71.76,0.0645,-0.23031,-0.00726,0.01198,-0.15023
168.01,SYN.ETH-31JAN20,1579604316207,open,0.06,960.0,0.023,0.086,0.052446,70.15,0.055,0.0,ETH-31JAN20-170-P,167.56,60.31,0.046,214.0,0.056,239.0,75.57,0.11014,-0.39121,-0.02592,0.02056,-0.51769
168.01,SYN.ETH-31JAN20,1579604316221,open,0.01,755.0,0.002,0.032,0.011856,77.04,0.011,0.0,ETH-31JAN20-190-C,167.56,67.58,0.008,296.0,0.013,25.0,79.63,0.07306,-0.28497,0.00774,0.01242,0.18214
170.56,ETH-27MAR20,1579604316097,open,0.06,1657.0,0.028,0.095,0.058368,85.53,0.061,0.0,ETH-27MAR20-220-C,167.56,83.93,0.056,309.0,0.06,25.0,86.63,0.25267,-0.16403,0.07498,0.00563,0.30194
168.01,SYN.ETH-31JAN20,1579604316215,open,0.0,464.0,0.001,0.011,0.001922,87.8,0.003,0.0,ETH-31JAN20-130-P,167.56,78.52,0.001,1.0,0.004,409.0,101.78,0.01998,-0.08882,-0.00155,0.00298,-0.03228
169.28,SYN.ETH-28FEB20,1579604316097,open,0.09,541.0,0.06,0.131,0.095743,76.16,0.094,0.0,ETH-28FEB20-170-C,167.56,74.02,0.093,277.0,0.096,1.0,76.36,0.21634,-0.21752,0.07839,0.00955,0.54201
169.28,SYN.ETH-28FEB20,1579604316097,open,0.03,304.0,0.009,0.052,0.026789,83.63,0.027,0.0,ETH-28FEB20-220-C,167.56,81.63,0.025,319.0,0.027,20.0,83.86,0.15313,-0.16905,0.0306,0.00616,0.201
168.01,SYN.ETH-31JAN20,1579604321355,open,0.04,2222.0,0.015,0.07,0.0406,70.15,0.039,0.0,ETH-31JAN20-170-C,167.56,60.08,0.034,260.0,0.045,260.0,76.86,0.11014,-0.39121,0.02008,0.02056,0.48231
168.01,SYN.ETH-31JAN20,1579604316097,open,0.01,2717.0,0.001,0.023,0.006812,82.02,0.007,0.0,ETH-31JAN20-200-C,167.56,75.78,0.005,360.0,0.008,40.0,85.73,0.0521,-0.21633,0.00471,0.00832,0.11038
170.56,ETH-27MAR20,1579604316097,open,0.02,2230.0,0.004,0.04,0.016738,98.97,0.018,0.0,ETH-27MAR20-320-C,167.56,96.55,0.015,10.0,0.018,325.0,100.64,0.12638,-0.09493,0.02537,0.00243,0.09915
168.01,SYN.ETH-31JAN20,1579604264484,open,0.0,1600.0,0.001,0.011,0.001413,104.95,0.001,0.0,ETH-31JAN20-120-P,167.56,99.41,0.001,17.0,0.002,422.0,111.31,0.01388,-0.07375,-0.00101,0.00173,-0.02089
168.01,SYN.ETH-31JAN20,1579604316226,open,0.02,3497.0,0.005,0.046,0.021722,72.77,0.021,0.0,ETH-31JAN20-180-C,167.56,62.56,0.016,282.0,0.023,1.0,75.01,0.09651,-0.35555,0.01278,0.01736,0.3029
177.35,SYN.ETH-25SEP20,1579604264559,open,0.02,812.0,0.006,0.032,0.016528,95.23,0.028,0.0,ETH-25SEP20-60-P,167.56,82.64,0.009,300.0,0.021,390.0,101.44,0.121,-0.02324,-0.06577,0.00059,-0.03808
8666.74,SYN.BTC-31JAN20,1579604303403,open,0.03,40.4,0.0155,0.0595,0.0284551,50.11,0.029,0.0,BTC-31JAN20-8750-C,8641.01,49.42,0.028,15.0,0.031,18.0,54.0,5.67139,-14.38995,1.03587,0.00056,0.4702
170.56,ETH-27MAR20,1579604316097,open,0.11,3735.0,0.074,0.156,0.115101,81.41,0.111,0.0,ETH-27MAR20-180-C,167.56,79.58,0.112,284.0,0.117,20.0,82.53,0.28903,-0.17859,0.12059,0.00676,0.50685
168.01,SYN.ETH-31JAN20,1579604326157,open,0.0,175.0,0.001,0.017,0.004207,87.55,0.003,0.0,ETH-31JAN20-210-C,167.56,81.58,0.003,5.0,0.006,331.0,94.95,0.03704,-0.16417,0.00298,0.00554,0.06983
174.31,ETH-26JUN20,1579604326092,open,0.03,634.0,0.01,0.068,0.0324,103.67,0.036,0.0,ETH-26JUN20-480-C,167.56,101.85,0.03,70.0,0.035,300.0,105.56,0.23515,-0.0777,0.06933,0.00174,0.12493
168.01,SYN.ETH-31JAN20,1579604316212,open,0.03,946.0,0.006,0.052,0.025177,70.43,0.031,0.0,ETH-31JAN20-160-P,167.56,56.1,0.017,271.0,0.027,271.0,73.5,0.09827,-0.35044,-0.0155,0.01827,-0.31577
169.28,SYN.ETH-28FEB20,1579604264484,open,0.0,1339.0,0.001,0.011,0.001092,105.27,0.001,0.0,ETH-28FEB20-80-P,167.56,0.0,0.0,0.0,0.002,300.0,114.97,0.01281,-0.0178,-0.00171,0.00041,-0.00866
8666.75,SYN.BTC-31JAN20,1579604264499,open,0.0,731.0,0.0005,0.0115,0.00150025,75.78,0.002,0.0,BTC-31JAN20-11000-C,8641.01,71.02,0.001,15.0,0.002,30.0,79.64,1.02687,-3.93978,0.07185,7e-05,0.03214
170.56,ETH-27MAR20,1579604316097,open,0.0,1738.0,0.001,0.016,0.004587,113.81,0.005,0.0,ETH-27MAR20-480-C,167.56,107.33,0.003,300.0,0.006,325.0,118.43,0.04771,-0.04121,0.00746,0.0008,0.02884
169.28,SYN.ETH-28FEB20,1579604264484,open,0.0,829.0,0.001,0.012,0.002531,102.42,0.004,0.0,ETH-28FEB20-90-P,167.56,0.0,0.0,0.0,0.004,300.0,111.03,0.02501,-0.03382,-0.00374,0.00082,-0.01877
168.01,SYN.ETH-31JAN20,1579604316097,open,0.0,2210.0,0.001,0.012,0.002369,90.56,0.003,0.0,ETH-31JAN20-220-C,167.56,78.66,0.001,108.0,0.004,330.0,100.11,0.02446,-0.11215,0.00177,0.00354,0.04134
169.28,SYN.ETH-28FEB20,1579604316183,open,0.02,914.0,0.007,0.046,0.021838,86.12,0.027,0.0,ETH-28FEB20-230-C,167.56,82.5,0.019,323.0,0.023,1.0,87.54,0.13642,-0.15508,0.0255,0.00533,0.16698
174.31,ETH-26JUN20,1579604264483,open,0.15,1061.0,0.097,0.204,0.149758,89.58,0.143,0.0,ETH-26JUN20-220-C,167.56,87.75,0.145,275.0,0.155,275.0,91.6,0.45349,-0.12948,0.23174,0.00388,0.45909
169.28,SYN.ETH-28FEB20,1579604316097,open,0.05,305.0,0.022,0.077,0.046593,76.71,0.053,0.0,ETH-28FEB20-150-P,167.56,74.27,0.044,20.0,0.049,276.0,78.97,0.18029,-0.18258,-0.0556,0.0079,-0.26994
177.35,SYN.ETH-25SEP20,1579604264570,open,0.24,64.0,0.174,0.295,0.235179,86.12,0.238,0.0,ETH-25SEP20-200-C,167.56,87.3,0.239,269.0,0.252,269.0,91.34,0.57312,-0.09956,0.40757,0.00312,0.57358
177.35,SYN.ETH-25SEP20,1579604340619,open,0.68,1.0,0.659,0.699,0.678218,95.23,0.645,0.0,ETH-25SEP20-60-C,167.56,59.43,0.663,60.0,0.685,60.0,104.43,0.121,-0.02324,0.3417,0.00059,0.96192
174.31,ETH-26JUN20,1579604340627,open,0.31,679.0,0.268,0.365,0.317588,88.19,0.302,0.0,ETH-26JUN20-140-C,167.56,69.04,0.278,48.0,0.349,48.0,103.15,0.36468,-0.1025,0.32245,0.00317,0.748
169.28,SYN.ETH-28FEB20,1579604340635,open,0.04,3877.0,0.019,0.074,0.04345,79.92,0.043,0.0,ETH-28FEB20-200-C,167.56,77.73,0.041,308.0,0.044,5.0,80.41,0.19015,-0.20061,0.0454,0.008,0.30191
169.28,SYN.ETH-28FEB20,1579604340635,open,0.23,0.0,0.178,0.274,0.22489,79.92,None,0.0,ETH-28FEB20-200-P,167.56,0.0,0.001,5.0,0.0,0.0,0.0,0.19015,-0.20061,-0.16214,0.008,-0.69809
169.28,SYN.ETH-28FEB20,1579604340635,open,0.52,0.0,0.513,0.544,0.528516,105.26,None,0.0,ETH-28FEB20-80-C,167.56,0.0,0.527,1.0,0.534,46.0,142.16,0.01281,-0.01779,0.0813,0.00041,0.99135
8648.51,SYN.BTC-24JAN20,1579604340639,open,0.0,581.1,0.0005,0.0105,0.00051221,78.63,0.0005,0.0,BTC-24JAN20-10000-C,8641.01,0.0,0.0,0.0,0.001,31.1,87.53,0.37807,-4.42989,0.01356,8e-05,0.02041
8648.51,SYN.BTC-24JAN20,1579604340639,open,0.16,0.0,0.134,0.183,0.15678172,78.64,None,0.0,BTC-24JAN20-10000-P,8641.01,0.0,0.02,1.0,0.0,0.0,0.0,0.37823,-5.17162,-0.7743,8e-05,-0.97958
8648.5,SYN.BTC-24JAN20,1579604340678,open,0.0,702.9,0.0005,0.0115,0.00141394,58.08,0.0015,0.0,BTC-24JAN20-8000-P,8641.01,58.86,0.0015,1.0,0.002,2.0,63.01,0.93905,-9.48367,-0.04326,0.00027,-0.06207
8739.73,SYN.BTC-28FEB20,1579604340678,open,0.39,0.0,0.3505,0.4205,0.38256975,70.02,None,0.0,BTC-28FEB20-12000-P,8641.01,0.0,0.0,0.0,0.0,0.0,0.0,4.86985,-4.50125,-11.64957,9e-05,-0.90196
8739.73,SYN.BTC-28FEB20,1579604340678,open,0.23,0.0,0.192,0.2605,0.22353255,63.02,None,0.0,BTC-28FEB20-10500-P,8641.01,0.0,0.1745,1.0,0.2745,1.0,109.16,8.1407,-6.77296,-9.18111,0.00016,-0.78881
8739.73,SYN.BTC-28FEB20,1579604340678,open,0.02,55.5,0.0085,0.044,0.02211772,63.02,0.0265,0.0,BTC-28FEB20-10500-C,8641.01,61.26,0.0205,49.3,0.023,17.0,63.96,8.14017,-6.77197,1.71446,0.00016,0.21116
8739.73,SYN.BTC-28FEB20,1579604340678,open,0.33,0.0,0.296,0.366,0.32825813,67.77,None,0.0,BTC-28FEB20-11500-P,8641.01,0.0,0.0,0.0,0.0,0.0,0.0,5.8108,-5.19869,-10.90822,0.00011,-0.87453
8739.73,SYN.BTC-28FEB20,1579604340678,open,0.01,88.9,0.0005,0.0255,0.00952423,70.01,0.0095,0.0,BTC-28FEB20-12000-C,8641.01,68.12,0.0085,57.0,0.01,24.0,70.85,4.86852,-4.4994,0.80243,9e-05,0.098
8739.73,SYN.BTC-28FEB20,1579604340678,open,0.01,67.7,0.0025,0.03,0.01242284,67.76,0.0135,0.0,BTC-28FEB20-11500-C,8641.01,66.35,0.0115,0.1,0.013,39.0,68.62,5.80975,-5.19716,1.02497,0.00011,0.12544
8739.73,SYN.BTC-28FEB20,1579604340722,open,0.01,81.4,0.0005,0.0215,0.007448,72.25,0.0085,0.0,BTC-28FEB20-12500-C,8641.01,70.15,0.0065,39.0,0.008,24.0,73.41,4.09152,-3.90249,0.63657,7e-05,0.07764
8739.73,SYN.BTC-28FEB20,1579604340722,open,0.44,0.0,0.405,0.476,0.43770376,72.26,None,0.0,BTC-28FEB20-12500-P,8641.01,0.0,0.0,0.0,0.0,0.0,0.0,4.09312,-3.90467,-12.33425,7e-05,-0.92232
8739.73,SYN.BTC-28FEB20,1579604340780,open,0.5,0.0,0.4605,0.5325,0.49344139,74.6,None,0.0,BTC-28FEB20-13000-P,8641.01,0.0,0.0,0.0,0.0,0.0,0.0,3.47239,-3.41946,-12.9753,6e-05,-0.93727
8739.73,SYN.BTC-28FEB20,1579604340780,open,0.01,443.6,0.0005,0.019,0.00597541,74.58,0.006,0.0,BTC-28FEB20-13000-C,8641.01,72.0,0.005,58.0,0.0065,24.1,75.87,3.47052,-3.41694,0.51433,6e-05,0.06269
177.35,SYN.ETH-25SEP20,1579604340793,open,2.69,0.0,2.522,2.802,2.653276,103.84,None,0.0,ETH-25SEP20-640-P,167.56,0.0,0.1,10.0,0.0,0.0,0.0,0.32831,-0.06877,-4.22915,0.00148,-0.85808
9124.11,SYN.BTC-25SEP20,1579604340893,open,0.85,4.1,0.7755,0.921,0.84074079,78.08,0.86,0.0,BTC-25SEP20-16000-P,8641.01,59.05,0.7925,0.2,0.87,0.1,88.07,25.77,-4.05894,-96.04039,6e-05,-0.70923
9124.11,SYN.BTC-25SEP20,1579604340893,open,0.09,105.0,0.0495,0.141,0.08714413,78.08,0.0875,0.0,BTC-25SEP20-16000-C,8641.01,76.97,0.084,14.4,0.0895,9.4,78.92,25.77,-4.05894,12.61745,6e-05,0.29077
9124.11,SYN.BTC-25SEP20,1579604340893,open,0.46,1.0,0.4015,0.533,0.46088808,73.84,0.4755,0.0,BTC-25SEP20-12000-P,8641.01,0.0,0.0,0.0,0.48,0.5,79.7,29.67859,-4.42067,-63.13523,7e-05,-0.55803
9124.11,SYN.BTC-25SEP20,1579604340893,open,0.07,46.5,0.036,0.12,0.06920626,79.59,0.0695,0.0,BTC-25SEP20-18000-C,8641.01,78.32,0.066,9.6,0.0725,9.6,80.86,23.34559,-3.7478,10.54907,5e-05,0.23945
9124.11,SYN.BTC-25SEP20,1579604340893,open,1.05,0.2,0.9755,1.125,1.04200249,79.59,1.02,0.0,BTC-25SEP20-18000-P,8641.01,0.0,0.0,0.0,1.17,0.5,122.39,23.34559,-3.7478,-111.691,5e-05,-0.76055
9124.11,SYN.BTC-25SEP20,1579604340893,open,0.06,167.5,0.027,0.1045,0.05656694,81.19,0.058,0.0,BTC-25SEP20-20000-C,8641.01,80.07,0.054,9.8,0.059,0.5,82.23,21.10588,-3.45646,8.94197,5e-05,0.20088
9124.11,SYN.BTC-25SEP20,1579604340893,open,0.65,0.3,0.5825,0.7225,0.64565313,76.12,0.659,0.0,BTC-25SEP20-14000-P,8641.01,0.0,0.0,0.0,0.666,2.0,82.66,28.02415,-4.30318,-79.9025,7e-05,-0.64387
9124.11,SYN.BTC-25SEP20,1579604340893,open,1.26,0.1,1.18,1.334,1.24856275,81.19,1.21,0.0,BTC-25SEP20-20000-P,8641.01,0.0,0.0,0.0,1.35,0.4,117.54,21.10588,-3.45646,-126.88033,5e-05,-0.79912
9124.11,SYN.BTC-25SEP20,1579604340893,open,0.11,262.7,0.0695,0.1675,0.11125606,76.12,0.11,0.0,BTC-25SEP20-14000-C,8641.01,75.06,0.108,9.1,0.115,9.1,77.34,28.02415,-4.30318,15.1731,7e-05,0.35613
9124.11,SYN.BTC-25SEP20,1579604340893,open,0.15,135.5,0.1005,0.203,0.14569059,73.84,0.147,0.0,BTC-25SEP20-12000-C,8641.01,72.55,0.1415,8.8,0.151,8.8,75.47,29.67859,-4.42067,18.35815,7e-05,0.44197
9124.11,SYN.BTC-25SEP20,1579604341025,open,0.02,49.1,0.0085,0.061,0.02509555,90.35,0.027,0.0,BTC-25SEP20-32000-C,8641.01,88.81,0.023,10.0,0.027,11.9,91.7,12.66859,-2.3089,4.30639,2e-05,0.0946
9124.11,SYN.BTC-25SEP20,1579604341025,open,2.54,0.0,2.4485,2.6355,2.53228885,90.35,None,0.0,BTC-25SEP20-32000-P,8641.01,0.0,0.0,0.0,0.0,0.0,0.0,12.66859,-2.3089,-213.00928,2e-05,-0.9054
167.69,SYN.ETH-24JAN20,1579604341075,open,0.09,33.0,0.044,0.114,0.078209,73.95,0.097,0.0,ETH-24JAN20-180-P,167.56,0.0,0.065,27.0,0.103,27.0,161.47,0.03435,-0.44167,-0.01229,0.02097,-0.85229
177.35,SYN.ETH-25SEP20,1579604341081,open,2.02,0.0,1.878,2.129,1.996484,102.04,None,0.0,ETH-25SEP20-520-P,167.56,0.0,0.0,0.0,0.0,0.0,0.0,0.40322,-0.08299,-3.37391,0.00185,-0.80479
8812.75,BTC-27MAR20,1579604341209,open,0.38,0.0,0.3655,0.4005,0.38158725,70.2,None,0.0,BTC-27MAR20-5500-C,8640.97,39.43,0.376,9.0,0.394,9.0,93.88,3.34531,-1.78255,9.17081,3e-05,0.95817
8812.75,BTC-27MAR20,1579604341211,open,0.03,1117.9,0.0115,0.0485,0.0257894,63.18,0.0295,0.0,BTC-27MAR20-7000-P,8640.97,61.92,0.0245,24.3,0.027,51.7,64.34,9.12983,-4.378,-2.96378,0.0001,-0.16055
8989.58,BTC-26JUN20,1579604341213,open,0.29,130.4,0.26,0.333,0.2933673,69.2,0.301,0.0,BTC-26JUN20-7000-C,8640.97,65.1,0.2855,12.0,0.2935,0.1,69.27,17.36873,-3.83096,18.87085,7e-05,0.78178
9124.09,SYN.BTC-25SEP20,1579604341210,open,0.29,12.6,0.2395,0.3565,0.29242929,71.12,0.298,0.0,BTC-25SEP20-10000-P,8640.97,57.39,0.2475,3.0,0.3385,3.0,85.36,29.71784,-4.26313,-45.73434,7e-05,-0.44566
9124.09,SYN.BTC-25SEP20,1579604341211,open,0.16,102.5,0.1165,0.2115,0.15866228,70.67,0.1525,0.0,BTC-25SEP20-8000-P,8640.97,67.66,0.15,7.9,0.1585,7.9,70.61,26.24471,-3.741,-28.58094,7e-05,-0.3026
9124.09,SYN.BTC-25SEP20,1579604341210,open,0.28,33.1,0.239,0.332,0.28186395,70.67,0.2895,0.0,BTC-25SEP20-8000-C,8640.97,62.21,0.2575,5.0,0.289,5.0,73.15,26.24471,-3.74101,25.74793,7e-05,0.6974
9124.09,SYN.BTC-25SEP20,1579604341210,open,0.48,0.0,0.461,0.5145,0.48495224,70.76,None,0.0,BTC-25SEP20-5000-C,8640.97,53.26,0.4645,5.0,0.49,5.0,74.36,12.50174,-1.78443,26.15673,3e-05,0.90709
8648.51,SYN.BTC-24JAN20,1579604341210,open,0.0,189.0,0.0005,0.0105,0.00025288,91.55,0.0005,0.0,BTC-24JAN20-10500-C,8640.97,0.0,0.0,0.0,0.0005,2.4,100.07,0.1951,-2.18699,0.00628,4e-05,0.00947
9124.09,SYN.BTC-25SEP20,1579604341210,open,0.11,138.9,0.0715,0.151,0.10589897,70.67,0.1025,0.0,BTC-25SEP20-7000-P,8640.97,67.48,0.098,8.7,0.1045,0.3,70.1,22.70625,-3.23661,-20.67444,6e-05,-0.22776
9124.09,SYN.BTC-25SEP20,1579604341210,open,0.03,299.1,0.017,0.0585,0.03295119,70.76,0.0315,0.0,BTC-25SEP20-5000-P,8640.97,69.69,0.0315,88.5,0.034,1.0,71.52,12.50167,-1.78441,-7.79877,3e-05,-0.09291
9124.09,SYN.BTC-25SEP20,1579604341211,open,0.22,37.1,0.1725,0.28,0.22077995,70.66,0.223,0.0,BTC-25SEP20-9000-P,8640.97,68.02,0.2125,6.6,0.2225,6.6,71.21,28.54744,-4.06917,-37.00918,7e-05,-0.3765
9124.09,SYN.BTC-25SEP20,1579604341210,open,0.34,4.1,0.3005,0.384,0.33870044,70.67,0.349,0.0,BTC-25SEP20-7000-C,8640.97,67.36,0.3305,5.0,0.3455,5.0,73.39,22.70626,-3.23663,26.8633,6e-05,0.77224
9124.09,SYN.BTC-25SEP20,1579604341210,open,0.38,15.6,0.316,0.4405,0.37242496,72.03,0.3655,0.0,BTC-25SEP20-11000-P,8640.97,0.0,0.0,0.0,0.3995,0.6,80.27,29.99153,-4.35774,-54.50731,7e-05,-0.50725
9124.09,SYN.BTC-25SEP20,1579604341213,open,0.4,1.0,0.3745,0.4445,0.40608854,70.67,0.425,0.0,BTC-25SEP20-6000-C,8640.97,67.81,0.4005,5.0,0.4325,5.0,83.64,17.9946,-2.56502,27.13294,5e-05,0.84398
8666.75,SYN.BTC-31JAN20,1579604341212,open,0.3,0.0,0.273,0.329,0.29916075,77.61,None,0.0,BTC-31JAN20-11250-P,8640.97,0.0,0.0,0.0,0.0,0.0,0.0,0.80162,-3.14998,-2.99046,5e-05,-0.97612
8648.51,SYN.BTC-24JAN20,1579604341212,open,0.0,542.5,0.0005,0.021,0.00350082,51.51,0.004,0.0,BTC-24JAN20-8250-P,8640.97,48.98,0.003,37.6,0.004,2.0,53.91,1.75624,-15.72989,-0.10174,0.00058,-0.14581
9124.09,SYN.BTC-25SEP20,1579604341210,open,0.19,70.6,0.1505,0.252,0.19643139,71.12,0.2,0.0,BTC-25SEP20-10000-C,8640.97,70.52,0.1945,8.4,0.2035,8.4,73.29,29.71783,-4.26315,22.17679,7e-05,0.55434
8666.75,SYN.BTC-31JAN20,1579604341210,open,0.03,40.4,0.0155,0.0595,0.02845495,50.12,0.029,0.0,BTC-31JAN20-8750-C,8640.97,49.42,0.028,15.0,0.031,18.0,54.0,5.67141,-14.39041,1.03589,0.00056,0.47021
8648.51,SYN.BTC-24JAN20,1579604341210,open,0.22,0.0,0.1905,0.2415,0.21433562,91.56,None,0.0,BTC-24JAN20-10500-P,8640.97,0.0,0.0,0.0,0.0,0.0,0.0,0.19523,-3.10788,-0.82097,4e-05,-0.99052
8648.51,SYN.BTC-24JAN20,1579604341210,open,0.19,0.0,0.162,0.213,0.18568299,89.63,None,0.0,BTC-24JAN20-10250-P,8640.97,0.0,0.0,0.0,0.0,0.0,0.0,0.34064,-5.30838,-0.7956,6e-05,-0.98195
8666.75,SYN.BTC-31JAN20,1579604341210,open,0.22,10.1,0.2055,0.24,0.22212984,76.4,0.2485,0.0,BTC-31JAN20-6750-C,8640.97,0.0,0.2175,6.0,0.233,6.0,132.04,0.69294,-2.68027,1.77694,4e-05,0.97991
9124.09,SYN.BTC-25SEP20,1579604341210,open,0.06,173.9,0.0385,0.0995,0.06368729,70.67,0.061,0.0,BTC-25SEP20-6000-P,8640.97,67.75,0.058,9.5,0.063,0.3,70.32,17.99456,-2.565,-13.61368,5e-05,-0.15602
8648.51,SYN.BTC-24JAN20,1579604341210,open,0.03,307.3,0.0105,0.054,0.02704972,48.74,0.0265,0.0,BTC-24JAN20-8500-C,8640.97,48.59,0.027,18.0,0.029,0.5,54.71,2.80165,-23.74468,0.43365,0.00098,0.66347
8648.51,SYN.BTC-24JAN20,1579604341210,open,0.25,0.0,0.219,0.271,0.2432413,101.06,None,0.0,BTC-24JAN20-10750-P,8640.97,0.0,0.0,0.0,0.0,0.0,0.0,0.18028,-3.16765,-0.84123,3e-05,-0.99135
8666.75,SYN.BTC-31JAN20,1579604341212,open,0.0,98.3,0.0005,0.011,0.0010959,77.6,0.001,0.0,BTC-31JAN20-11250-C,8640.97,76.54,0.001,15.0,0.0015,30.0,81.55,0.8012,-3.14796,0.05338,5e-05,0.02386
9124.09,SYN.BTC-25SEP20,1579604341212,open,0.17,82.7,0.121,0.2235,0.16682726,72.03,0.172,0.0,BTC-25SEP20-11000-C,8640.97,71.78,0.166,8.6,0.1735,8.6,74.06,29.99153,-4.35777,20.19496,7e-05,0.49275
8648.51,SYN.BTC-24JAN20,1579604341210,open,0.0,371.4,0.0005,0.0105,0.00025182,101.05,0.001,0.0,BTC-24JAN20-10750-C,8640.97,0.0,0.0,0.0,0.0005,30.4,110.28,0.18016,-2.17789,0.00572,3e-05,0.00865
8666.75,SYN.BTC-31JAN20,1579604341212,open,0.16,0.3,0.147,0.1845,0.16503395,62.44,0.2095,0.0,BTC-31JAN20-7250-C,8640.97,0.0,0.163,0.1,0.179,7.4,113.8,1.14749,-3.6276,1.87167,9e-05,0.96321
8666.75,SYN.BTC-31JAN20,1579604341212,open,0.0,131.0,0.0005,0.0105,0.00096875,76.4,0.0005,0.0,BTC-31JAN20-6750-P,8640.97,69.28,0.0005,0.1,0.0015,64.0,82.17,0.69318,-2.68143,-0.04941,4e-05,-0.0201
8648.51,SYN.BTC-24JAN20,1579604341211,open,0.0,292.6,0.0005,0.0105,0.00050698,89.62,0.0005,0.0,BTC-24JAN20-10250-C,8640.97,0.0,0.0,0.0,0.001,45.0,99.52,0.34054,-4.38461,0.01195,6e-05,0.01804
9124.09,SYN.BTC-25SEP20,1579604341211,open,0.58,0.0,0.5605,0.5985,0.57707228,73.47,None,0.0,BTC-25SEP20-4000-C,8640.97,53.45,0.565,6.0,0.591,6.0,88.09,7.50454,-1.11222,23.23226,2e-05,0.95201
8989.58,BTC-26JUN20,1579604341245,open,0.14,533.9,0.102,0.19,0.14166261,70.43,0.14,0.0,BTC-26JUN20-10000-C,8640.97,69.41,0.139,15.4,0.1435,2.0,71.14,23.51153,-5.27802,13.84797,0.0001,0.50008
170.56,ETH-27MAR20,1579604341346,open,0.02,141.0,0.006,0.036,0.017398,87.72,0.019,0.0,ETH-27MAR20-110-P,167.56,84.03,0.015,300.0,0.02,325.0,91.5,0.11414,-0.076,-0.03195,0.00248,-0.0864
170.56,ETH-27MAR20,1579604341346,open,0.59,0.0,0.578,0.609,0.592661,109.3,None,0.0,ETH-27MAR20-70-C,167.56,0.0,0.584,51.0,0.597,51.0,128.76,0.02865,-0.02377,0.12053,0.0005,0.98423
170.56,ETH-27MAR20,1579604341346,open,0.04,426.0,0.017,0.066,0.038295,82.68,0.048,0.0,ETH-27MAR20-130-P,167.56,80.54,0.036,315.0,0.041,315.0,85.16,0.18431,-0.11566,-0.06454,0.00425,-0.17138
170.56,ETH-27MAR20,1579604341346,open,0.37,20.0,0.344,0.401,0.372464,87.72,0.272,0.0,ETH-27MAR20-110-C,167.56,48.14,0.356,61.0,0.383,61.0,102.03,0.11414,-0.076,0.16658,0.00248,0.9136
170.56,ETH-27MAR20,1579604341346,open,0.27,112.0,0.24,0.311,0.2761,82.68,0.194,0.0,ETH-27MAR20-130-C,167.56,61.11,0.255,61.0,0.291,61.0,95.94,0.18431,-0.11566,0.17008,0.00425,0.82862
170.56,ETH-27MAR20,1579604341346,open,0.01,1.0,0.001,0.017,0.006539,93.72,0.008,0.0,ETH-27MAR20-90-P,167.56,88.76,0.005,300.0,0.008,25.0,97.89,0.05673,-0.04036,-0.01296,0.00115,-0.03557
177.35,SYN.ETH-25SEP20,1579604341376,open,2.46,0.0,2.307,2.578,2.434326,103.82,None,0.0,ETH-25SEP20-600-P,167.56,0.0,0.0,0.0,0.0,0.0,0.0,0.35482,-0.07431,-3.94431,0.0016,-0.84054
167.69,SYN.ETH-24JAN20,1579604341570,open,0.09,33.0,0.044,0.114,0.078209,73.95,0.097,0.0,ETH-24JAN20-180-P,167.56,0.0,0.065,27.0,0.104,27.0,164.55,0.03435,-0.44167,-0.01229,0.02097,-0.85229
168.01,SYN.ETH-31JAN20,1579604341572,open,0.22,133.0,0.203,0.253,0.228158,87.8,0.248,0.0,ETH-31JAN20-130-C,167.56,0.0,0.226,2.0,0.246,33.0,158.97,0.01998,-0.08882,0.03362,0.00298,0.96772
169.28,SYN.ETH-28FEB20,1579604341733,open,0.02,1219.0,0.004,0.035,0.014825,90.57,0.016,0.0,ETH-28FEB20-250-C,167.56,85.89,0.012,300.0,0.016,325.0,92.4,0.10711,-0.12807,0.01794,0.00398,0.11694
169.28,SYN.ETH-28FEB20,1579604341733,open,0.5,0.0,0.44,0.548,0.491625,90.57,None,0.0,ETH-28FEB20-250-P,167.56,0.0,0.0,0.0,0.0,0.0,0.0,0.10711,-0.12807,-0.24148,0.00398,-0.88306
177.35,SYN.ETH-25SEP20,1579604341761,open,0.16,514.0,0.097,0.219,0.156706,92.84,0.157,0.0,ETH-25SEP20-280-C,167.56,91.37,0.152,281.0,0.165,281.0,95.41,0.56982,-0.10671,0.31125,0.00287,0.41513
177.35,SYN.ETH-25SEP20,1579604341761,open,1.58,0.0,1.452,1.682,1.561219,98.62,None,0.0,ETH-25SEP20-440-P,167.56,0.0,0.0,0.0,0.0,0.0,0.0,0.45261,-0.09004,-2.79774,0.00215,-0.76168
177.35,SYN.ETH-25SEP20,1579604341761,open,0.75,0.0,0.644,0.831,0.735487,92.84,None,0.0,ETH-25SEP20-280-P,167.56,0.0,0.0,0.0,0.759,1.0,100.1,0.56982,-0.10671,-1.59026,0.00287,-0.58487
177.35,SYN.ETH-25SEP20,1579604341761,open,1.37,0.0,1.244,1.464,1.348959,97.59,None,0.0,ETH-25SEP20-400-P,167.56,0.0,0.0,0.0,0.0,0.0,0.0,0.48433,-0.09535,-2.50248,0.00232,-0.72879
177.35,SYN.ETH-25SEP20,1579604341761,open,0.95,0.0,0.836,1.035,0.932794,94.15,None,0.0,ETH-25SEP20-320-P,167.56,0.0,0.0,0.0,0.0,0.0,0.0,0.54393,-0.10329,-1.90074,0.0027,-0.64535
177.35,SYN.ETH-25SEP20,1579604341763,open,1.8,0.0,1.664,1.903,1.776775,99.86,None,0.0,ETH-25SEP20-480-P,167.56,0.0,0.02,10.0,0.0,0.0,0.0,0.42391,-0.08539,-3.0887,0.00199,-0.7877
177.35,SYN.ETH-25SEP20,1579604341763,open,1.16,0.0,1.038,1.248,1.139435,96.22,None,0.0,ETH-25SEP20-360-P,167.56,0.0,0.0,0.0,0.0,0.0,0.0,0.51548,-0.10005,-2.20364,0.00251,-0.69019
167.69,SYN.ETH-24JAN20,1579604341892,open,0.34,1.0,0.324,0.363,0.344032,120.05,0.329,0.0,ETH-24JAN20-110-C,167.56,0.0,0.334,36.0,0.352,36.0,330.59,2e-05,-0.0004,0.00867,1e-05,0.99997
167.69,SYN.ETH-24JAN20,1579604341892,open,0.0,211.0,0.001,0.011,1e-06,120.0,0.001,0.0,ETH-24JAN20-110-P,167.56,0.0,0.0,0.0,0.001,26.0,224.67,2e-05,-0.00012,0.0,1e-05,-3e-05
167.69,SYN.ETH-24JAN20,1579604341892,open,0.04,1319.0,0.007,0.063,0.032104,69.03,0.048,0.0,ETH-24JAN20-170-P,167.56,0.0,0.013,38.0,0.057,38.0,139.8,0.05829,-0.69962,-0.00804,0.03811,-0.57635
167.69,SYN.ETH-24JAN20,1579604341895,open,0.22,11.0,0.201,0.249,0.225027,120.0,0.204,0.0,ETH-24JAN20-130-C,167.56,0.0,0.212,31.0,0.235,31.0,237.66,0.003,-0.0626,0.01014,0.00113,0.99273
167.69,SYN.ETH-24JAN20,1579604341897,open,0.01,991.0,0.001,0.028,0.007914,70.13,0.008,0.0,ETH-24JAN20-160-P,167.56,58.26,0.005,287.0,0.01,318.0,77.92,0.04362,-0.53187,-0.00296,0.02808,-0.21611
167.69,SYN.ETH-24JAN20,1579604341899,open,0.0,697.0,0.001,0.013,0.001769,80.96,0.004,0.0,ETH-24JAN20-150-P,167.56,72.13,0.001,19.0,0.004,300.0,98.73,0.01685,-0.23716,-0.00077,0.00939,-0.05622
170.56,ETH-27MAR20,1579604342091,open,0.04,4625.0,0.018,0.076,0.04305,88.06,0.049,0.0,ETH-27MAR20-240-C,167.56,86.47,0.041,316.0,0.045,25.0,89.55,0.22211,-0.14845,0.05876,0.0048,0.23393
168.01,SYN.ETH-31JAN20,1579604342095,open,0.02,3497.0,0.005,0.046,0.021721,72.79,0.021,0.0,ETH-31JAN20-180-C,167.56,62.56,0.016,282.0,0.023,1.0,75.01,0.09652,-0.3557,0.01279,0.01736,0.30298
170.56,ETH-27MAR20,1579604342144,open,1.84,0.0,1.734,1.914,1.818846,113.81,None,0.0,ETH-27MAR20-480-P,167.56,0.0,0.004,50.0,0.0,0.0,0.0,0.04771,-0.04121,-0.85885,0.0008,-0.97116
177.35,SYN.ETH-25SEP20,1579604342144,open,2.24,0.0,2.093,2.355,2.216222,103.61,None,0.0,ETH-25SEP20-560-P,167.56,0.0,0.0,0.0,0.0,0.0,0.0,0.38199,-0.07984,-3.65824,0.00173,-0.82113
170.56,ETH-27MAR20,1579604342156,open,0.68,161.0,0.605,0.734,0.66647,92.79,1.397,0.0,ETH-27MAR20-280-P,167.56,0.0,0.002,50.0,0.0,0.0,0.0,0.16475,-0.11603,-0.46851,0.00338,-0.85552
170.56,ETH-27MAR20,1579604342156,open,0.0,874.0,0.001,0.014,0.004389,100.5,0.006,0.0,ETH-27MAR20-80-P,167.56,93.95,0.003,300.0,0.006,325.0,106.74,0.04018,-0.03065,-0.00858,0.00076,-0.02348
170.56,ETH-27MAR20,1579604342156,open,0.53,20.0,0.518,0.554,0.535346,100.5,0.613,0.0,ETH-27MAR20-80-C,167.56,0.0,0.53,1.0,0.542,47.0,121.85,0.04018,-0.03065,0.1358,0.00076,0.97652
168.01,SYN.ETH-31JAN20,1579604342156,open,0.03,946.0,0.006,0.052,0.025176,70.39,0.031,0.0,ETH-31JAN20-160-P,167.56,56.1,0.017,271.0,0.027,271.0,73.5,0.09827,-0.35021,-0.0155,0.01828,-0.3157
168.01,SYN.ETH-31JAN20,1579604342156,open,0.44,0.0,0.387,0.477,0.429592,100.72,None,0.0,ETH-31JAN20-240-P,167.56,0.0,0.011,3.0,0.0,0.0,0.0,0.01295,-0.06603,-0.06411,0.00168,-0.98076
168.01,SYN.ETH-31JAN20,1579604342156,open,0.0,2090.0,0.001,0.011,0.000524,108.55,0.001,0.0,ETH-31JAN20-260-C,167.56,0.0,0.0,0.0,0.001,18.0,117.7,0.00687,-0.03773,0.0004,0.00083,0.00923
168.01,SYN.ETH-31JAN20,1579604342156,open,0.01,869.0,0.001,0.017,0.004644,80.47,0.005,0.0,ETH-31JAN20-140-P,167.56,77.59,0.004,15.0,0.006,320.0,85.98,0.03887,-0.15835,-0.00359,0.00632,-0.07437
170.56,ETH-27MAR20,1579604342158,open,1.14,7.0,1.053,1.201,1.122428,103.91,1.702,0.0,ETH-27MAR20-360-P,167.56,0.0,0.01,30.0,0.0,0.0,0.0,0.09789,-0.0772,-0.63162,0.00179,-0.92943
170.56,ETH-27MAR20,1579604342162,open,0.02,2230.0,0.004,0.04,0.016738,98.97,0.018,0.0,ETH-27MAR20-320-C,167.56,96.55,0.015,10.0,0.018,325.0,100.64,0.12637,-0.09493,0.02537,0.00243,0.09915
170.56,ETH-27MAR20,1579604342162,open,0.23,668.0,0.195,0.272,0.234648,81.81,0.272,0.0,ETH-27MAR20-140-C,167.56,56.33,0.204,62.0,0.237,20.0,83.63,0.21953,-0.13631,0.16508,0.00511,0.77092
174.31,ETH-26JUN20,1579604342162,open,2.72,0.0,2.571,2.826,2.690302,110.08,None,0.0,ETH-26JUN20-640-P,167.56,0.0,0.01,50.0,0.0,0.0,0.0,0.16135,-0.05661,-2.70869,0.00112,-0.92525
170.56,ETH-27MAR20,1579604342162,open,1.61,0.0,1.506,1.675,1.585448,109.78,None,0.0,ETH-27MAR20-440-P,167.56,0.0,0.003,50.0,0.0,0.0,0.0,0.05733,-0.04777,-0.78479,0.00099,-0.96398
174.31,ETH-26JUN20,1579604342162,open,0.42,0.0,0.34,0.486,0.411878,89.58,None,0.0,ETH-26JUN20-220-P,167.56,0.0,0.001,10.0,0.44,1.0,100.36,0.45349,-0.12948,-0.71381,0.00388,-0.54091
170.56,ETH-27MAR20,1579604342162,open,0.36,1200.0,0.292,0.408,0.348236,85.53,0.365,0.0,ETH-27MAR20-220-P,167.56,0.0,0.001,14.0,1.364,5.0,500.0,0.25267,-0.16403,-0.32208,0.00563,-0.69806
170.56,ETH-27MAR20,1579604342162,open,0.0,2448.0,0.001,0.014,0.003568,116.6,0.006,0.0,ETH-27MAR20-520-C,167.56,108.33,0.002,2296.0,0.005,350.0,122.19,0.0389,-0.03443,0.00586,0.00064,0.0226
168.01,SYN.ETH-31JAN20,1579604342162,open,0.01,2717.0,0.001,0.023,0.006812,82.04,0.007,0.0,ETH-31JAN20-200-C,167.56,75.78,0.005,360.0,0.008,40.0,85.73,0.05211,-0.21645,0.00471,0.00832,0.11044
174.31,ETH-26JUN20,1579604342164,open,0.52,4.0,0.429,0.583,0.50431,90.84,0.934,0.0,ETH-26JUN20-240-P,167.56,0.0,0.01,50.0,0.0,0.0,0.0,0.44304,-0.12828,-0.82322,0.00373,-0.59452
174.31,ETH-26JUN20,1579604342164,open,0.15,1061.0,0.097,0.204,0.149758,89.58,0.143,0.0,ETH-26JUN20-220-C,167.56,87.75,0.145,275.0,0.155,275.0,91.6,0.45349,-0.12948,0.23174,0.00388,0.45909
170.56,ETH-27MAR20,1579604342164,open,0.42,1148.0,0.401,0.45,0.424679,90.62,0.346,0.0,ETH-27MAR20-100-C,167.56,49.87,0.414,62.0,0.435,62.0,108.7,0.08306,-0.05713,0.15951,0.00175,0.94287
170.56,ETH-27MAR20,1579604342168,open,0.32,158.0,0.29,0.354,0.322543,84.83,0.211,0.0,ETH-27MAR20-120-C,167.56,60.74,0.305,61.0,0.336,61.0,99.31,0.14822,-0.09543,0.17041,0.00333,0.87612
174.31,ETH-26JUN20,1579604342168,open,0.05,4038.0,0.017,0.087,0.045972,99.55,0.051,0.0,ETH-26JUN20-400-C,167.56,95.87,0.04,299.0,0.049,299.0,101.34,0.29131,-0.09243,0.09439,0.00224,0.17196
174.31,ETH-26JUN20,1579604342168,open,1.81,0.0,1.687,1.899,1.786114,103.67,None,0.0,ETH-26JUN20-480-P,167.56,0.0,0.01,50.0,0.0,0.0,0.0,0.23516,-0.0777,-1.9937,0.00174,-0.87506
168.01,SYN.ETH-31JAN20,1579604342168,open,0.21,2.0,0.158,0.24,0.197219,82.04,0.194,0.0,ETH-31JAN20-200-P,167.56,0.0,0.033,1.0,0.218,2.0,130.74,0.05211,-0.21645,-0.0494,0.00832,-0.88956
174.31,ETH-26JUN20,1579604342170,open,1.14,1.0,1.035,1.22,1.122717,97.79,1.827,0.0,ETH-26JUN20-360-P,167.56,0.0,0.015,2.0,0.0,0.0,0.0,0.3282,-0.1023,-1.43389,0.00257,-0.79124
174.31,ETH-26JUN20,1579604342170,open,0.17,2626.0,0.122,0.231,0.176717,88.0,0.172,0.0,ETH-26JUN20-200-C,167.56,87.72,0.176,20.0,0.183,270.0,90.4,0.45532,-0.1277,0.25717,0.00396,0.51999
168.01,SYN.ETH-31JAN20,1579604342170,open,0.0,4160.0,0.001,0.011,0.000203,120.0,0.001,0.0,ETH-31JAN20-100-P,167.56,0.0,0.0,0.0,0.001,26.0,145.86,0.00267,-0.01625,-0.00015,0.00029,-0.00319
170.56,ETH-27MAR20,1579604342172,open,0.91,10.0,0.828,0.966,0.892911,98.97,1.59,0.0,ETH-27MAR20-320-P,167.56,0.0,0.011,5.0,0.0,0.0,0.0,0.12637,-0.09493,-0.55217,0.00243,-0.90085
174.31,ETH-26JUN20,1579604342175,open,0.08,2069.0,0.041,0.112,0.073424,88.23,0.081,0.0,ETH-26JUN20-120-P,167.56,81.98,0.063,285.0,0.077,285.0,90.34,0.29455,-0.08283,-0.1861,0.00256,-0.17498
170.56,ETH-27MAR20,1579604342175,open,2.08,0.0,1.961,2.154,2.052348,116.6,None,0.0,ETH-27MAR20-520-P,167.56,0.0,0.006,50.0,0.0,0.0,0.0,0.0389,-0.03443,-0.93264,0.00064,-0.9774
170.56,ETH-27MAR20,1579604342175,open,0.01,1621.0,0.001,0.025,0.010983,90.62,0.011,0.0,ETH-27MAR20-100-P,167.56,86.36,0.009,300.0,0.013,25.0,94.6,0.08306,-0.05713,-0.02097,0.00175,-0.05713
170.56,ETH-27MAR20,1579604342177,open,0.26,1948.0,0.2,0.31,0.254188,83.5,0.216,0.0,ETH-27MAR20-200-P,167.56,61.91,0.22,4.0,0.375,50.0,155.33,0.27861,-0.17657,-0.2651,0.00636,-0.607
170.56,ETH-27MAR20,1579604342177,open,2.32,0.0,2.189,2.395,2.286292,119.96,None,0.0,ETH-27MAR20-560-P,167.56,0.0,0.02,50.0,0.0,0.0,0.0,0.03337,-0.03039,-1.00581,0.00053,-0.98114
174.31,ETH-26JUN20,1579604342179,open,0.25,401.0,0.186,0.31,0.246879,87.8,0.223,0.0,ETH-26JUN20-180-P,167.56,0.0,0.001,10.0,0.283,200.0,102.09,0.44379,-0.12419,-0.49082,0.00387,-0.40826
170.56,ETH-27MAR20,1579604342179,open,0.06,1657.0,0.028,0.095,0.058367,85.53,0.061,0.0,ETH-27MAR20-220-C,167.56,83.93,0.056,309.0,0.06,25.0,86.63,0.25267,-0.16403,0.07498,0.00563,0.30194
174.31,ETH-26JUN20,1579604342232,open,0.71,0.0,0.62,0.786,0.700181,92.91,None,0.0,ETH-26JUN20-280-P,167.56,0.0,0.011,3.0,0.0,0.0,0.0,0.40753,-0.12067,-1.03558,0.00336,-0.68211
170.56,ETH-27MAR20,1579604342232,open,0.46,136.0,0.392,0.513,0.450179,88.06,0.445,0.0,ETH-27MAR20-240-P,167.56,70.06,0.429,24.0,0.496,29.0,119.75,0.22211,-0.14845,-0.3744,0.0048,-0.76607
168.01,SYN.ETH-31JAN20,1579604342232,open,0.32,1.0,0.272,0.356,0.311817,90.56,0.739,0.0,ETH-31JAN20-220-P,167.56,0.0,0.011,3.0,0.0,0.0,0.0,0.02446,-0.11215,-0.05775,0.00354,-0.95866
168.01,SYN.ETH-31JAN20,1579604342232,open,0.0,862.0,0.001,0.011,0.001104,100.72,0.001,0.0,ETH-31JAN20-240-C,167.56,0.0,0.0,0.0,0.002,15.0,110.2,0.01295,-0.06603,0.00082,0.00168,0.01924
170.56,ETH-27MAR20,1579604342234,open,0.01,1653.0,0.002,0.031,0.011734,103.91,0.011,0.0,ETH-27MAR20-360-C,167.56,102.6,0.011,45.0,0.013,325.0,106.05,0.09789,-0.0772,0.01811,0.00179,0.07057
174.31,ETH-26JUN20,1579604342234,open,0.92,0.0,0.823,0.998,0.90662,94.69,1.06,0.0,ETH-26JUN20-320-P,167.56,0.0,0.015,2.0,0.0,0.0,0.0,0.36469,-0.11007,-1.23959,0.00295,-0.74798
168.01,SYN.ETH-31JAN20,1579604342234,open,0.1,36.0,0.057,0.131,0.093087,72.79,0.101,0.0,ETH-31JAN20-180-P,167.56,0.0,0.012,27.0,0.194,20.0,230.59,0.09651,-0.35569,-0.03592,0.01736,-0.69703
174.31,ETH-26JUN20,1579604342236,open,0.66,3.0,0.649,0.682,0.664197,100.89,0.588,0.0,ETH-26JUN20-60-C,167.56,0.0,0.655,59.0,0.668,57.0,109.58,0.06902,-0.02219,0.2321,0.00052,0.974
170.56,ETH-27MAR20,1579604342236,open,1.37,5.0,1.279,1.438,1.353768,108.14,2.004,0.0,ETH-27MAR20-400-P,167.56,0.0,0.046,50.0,0.0,0.0,0.0,0.07712,-0.0633,-0.70855,0.00136,-0.94798
170.56,ETH-27MAR20,1579604342236,open,0.08,3198.0,0.045,0.121,0.08158,83.5,0.085,0.0,ETH-27MAR20-200-C,167.56,81.92,0.079,275.0,0.083,20.0,84.37,0.27861,-0.17657,0.09586,0.00636,0.393
170.56,ETH-27MAR20,1579604342238,open,0.18,1606.0,0.122,0.221,0.170441,81.4,0.203,0.0,ETH-27MAR20-180-P,167.56,65.2,0.143,30.0,0.184,5.0,89.41,0.28903,-0.17857,-0.20428,0.00676,-0.49316
170.56,ETH-27MAR20,1579604342238,open,0.0,1738.0,0.001,0.016,0.004587,113.81,0.005,0.0,ETH-27MAR20-480-C,167.56,107.33,0.003,300.0,0.006,325.0,118.43,0.04771,-0.04121,0.00746,0.0008,0.02883
170.56,ETH-27MAR20,1579604342238,open,0.03,1547.0,0.01,0.049,0.026108,84.83,0.032,0.0,ETH-27MAR20-120-P,167.56,82.37,0.024,298.0,0.029,323.0,88.1,0.14822,-0.09544,-0.04617,0.00333,-0.12388
170.56,ETH-27MAR20,1579604342238,open,0.0,1859.0,0.001,0.012,0.00299,119.96,0.003,0.0,ETH-27MAR20-560-C,167.56,105.68,0.001,198.0,0.004,350.0,124.62,0.03337,-0.03038,0.00488,0.00053,0.01886
168.01,SYN.ETH-31JAN20,1579604342238,open,0.0,2210.0,0.001,0.012,0.002369,90.56,0.003,0.0,ETH-31JAN20-220-C,167.56,78.66,0.001,108.0,0.004,330.0,100.11,0.02446,-0.11215,0.00177,0.00354,0.04134
168.01,SYN.ETH-31JAN20,1579604342238,open,0.56,0.0,0.503,0.598,0.548054,108.54,None,0.0,ETH-31JAN20-260-P,167.56,0.0,0.011,3.0,0.0,0.0,0.0,0.00687,-0.03773,-0.06995,0.00083,-0.99077
170.56,ETH-27MAR20,1579604342240,open,0.02,2407.0,0.008,0.052,0.02482,92.79,0.025,0.0,ETH-27MAR20-280-C,167.56,90.87,0.023,325.0,0.028,330.0,96.0,0.16475,-0.11603,0.03683,0.00338,0.14448
168.01,SYN.ETH-31JAN20,1579604342240,open,0.4,4.0,0.387,0.423,0.404999,120.0,0.4,0.0,ETH-31JAN20-100-C,167.56,0.0,0.395,39.0,0.412,39.0,206.94,0.00267,-0.01625,0.0269,0.00029,0.99681
170.56,ETH-27MAR20,1579604342243,open,2.79,0.0,2.644,2.874,2.753779,120.0,None,0.0,ETH-27MAR20-640-P,167.56,0.0,0.01,50.0,0.0,0.0,0.0,0.01875,-0.01708,-1.15255,0.0003,-0.99033
174.31,ETH-26JUN20,1579604342245,open,1.59,0.0,1.467,1.67,1.562282,101.54,None,0.0,ETH-26JUN20-440-P,167.56,0.0,0.01,50.0,0.0,0.0,0.0,0.26046,-0.08429,-1.81098,0.00196,-0.855
168.01,SYN.ETH-31JAN20,1579604342245,open,0.28,348.0,0.264,0.311,0.287168,104.95,0.278,0.0,ETH-31JAN20-120-C,167.56,0.0,0.274,34.0,0.296,34.0,158.81,0.01388,-0.07376,0.03145,0.00173,0.97911
170.56,ETH-27MAR20,1579604342247,open,0.01,1343.0,0.001,0.019,0.005711,109.78,0.006,0.0,ETH-27MAR20-440-C,167.56,104.1,0.004,300.0,0.007,325.0,113.37,0.05733,-0.04777,0.00933,0.00099,0.03602
8648.47,SYN.BTC-24JAN20,1579604342802,open,0.07,53.7,0.0565,0.0975,0.07639903,58.12,0.078,0.0,BTC-24JAN20-8000-C,8640.97,0.0,0.0745,0.1,0.0925,6.4,133.7,0.94055,-9.50491,0.58694,0.00027,0.9378
167.69,SYN.ETH-24JAN20,1579604343015,open,0.4,2.0,0.386,0.421,0.403665,122.09,0.39,0.0,ETH-24JAN20-100-C,167.56,0.0,0.395,39.0,0.411,39.0,383.86,0.0,-1e-05,0.00788,0.0,1.0
167.69,SYN.ETH-24JAN20,1579604343015,open,0.0,921.0,0.001,0.014,0.002165,90.12,0.002,0.0,ETH-24JAN20-190-C,167.56,77.44,0.001,44.0,0.003,28.0,96.99,0.01866,-0.29246,0.00082,0.00935,0.06408
167.69,SYN.ETH-24JAN20,1579604343020,open,0.0,1203.0,0.001,0.011,0.001073,103.75,0.001,0.0,ETH-24JAN20-200-C,167.56,0.0,0.0,0.0,0.002,100.0,116.01,0.01039,-0.17995,0.00039,0.00452,0.03094
168.01,SYN.ETH-31JAN20,1579604343162,open,0.01,722.0,0.001,0.027,0.00952,70.52,0.011,0.0,ETH-31JAN20-150-P,167.56,57.43,0.005,295.0,0.01,1.0,71.76,0.0645,-0.23028,-0.00726,0.01198,-0.15022
168.01,SYN.ETH-31JAN20,1579604343162,open,0.34,2.0,0.326,0.366,0.345744,109.84,0.331,0.0,ETH-31JAN20-110-C,167.56,0.0,0.335,36.0,0.354,36.0,183.0,0.00569,-0.03165,0.0294,0.00068,0.99255
168.01,SYN.ETH-31JAN20,1579604343164,open,0.06,960.0,0.023,0.086,0.052443,70.15,0.055,0.0,ETH-31JAN20-170-P,167.56,60.31,0.046,214.0,0.056,239.0,75.57,0.11014,-0.39118,-0.02592,0.02056,-0.51769
168.01,SYN.ETH-31JAN20,1579604343164,open,0.0,464.0,0.001,0.011,0.001923,87.8,0.003,0.0,ETH-31JAN20-130-P,167.56,78.52,0.001,1.0,0.004,409.0,101.78,0.01998,-0.08884,-0.00156,0.00298,-0.03229
169.28,SYN.ETH-28FEB20,1579604343176,open,0.3,60.0,0.275,0.329,0.301639,83.07,0.262,0.0,ETH-28FEB20-120-C,167.56,0.0,0.291,59.0,0.313,57.0,103.6,0.07941,-0.08708,0.109,0.00321,0.92215
169.28,SYN.ETH-28FEB20,1579604343176,open,0.0,829.0,0.001,0.012,0.00253,102.41,0.004,0.0,ETH-28FEB20-90-P,167.56,0.0,0.0,0.0,0.004,300.0,111.03,0.02501,-0.03381,-0.00374,0.00082,-0.01876
169.28,SYN.ETH-28FEB20,1579604343179,open,0.2,113.0,0.168,0.235,0.201877,77.26,0.235,0.0,ETH-28FEB20-140-C,167.56,52.42,0.183,58.0,0.217,58.0,93.86,0.14671,-0.14963,0.10729,0.00639,0.81263
169.28,SYN.ETH-28FEB20,1579604343179,open,0.47,20.0,0.453,0.49,0.470882,102.41,0.328,0.0,ETH-28FEB20-90-C,167.56,0.0,0.468,1.0,0.477,43.0,130.04,0.02501,-0.03381,0.08965,0.00082,0.98124
169.28,SYN.ETH-28FEB20,1579604343179,open,0.41,21.0,0.393,0.434,0.413152,94.15,0.267,0.0,ETH-28FEB20-100-C,167.56,0.0,0.409,1.0,0.42,41.0,117.42,0.03665,-0.04556,0.0979,0.00131,0.97044
169.28,SYN.ETH-28FEB20,1579604343179,open,0.03,734.0,0.011,0.053,0.028885,77.26,0.031,0.0,ETH-28FEB20-140-P,167.56,75.07,0.027,314.0,0.031,225.0,79.68,0.14671,-0.14963,-0.03799,0.00639,-0.18737
169.28,SYN.ETH-28FEB20,1579604343179,open,0.25,28.0,0.219,0.28,0.249944,80.04,0.249,0.0,ETH-28FEB20-130-C,167.56,0.0,0.226,57.0,0.265,57.0,100.52,0.11191,-0.11824,0.1099,0.0047,0.87555
169.28,SYN.ETH-28FEB20,1579604343179,open,0.35,5.0,0.333,0.381,0.356991,89.35,0.229,0.0,ETH-28FEB20-110-C,167.56,0.0,0.35,1.0,0.365,39.0,108.9,0.05653,-0.06668,0.10411,0.00213,0.94967
169.28,SYN.ETH-28FEB20,1579604343182,open,0.19,1.0,0.134,0.226,0.178822,78.5,0.169,0.0,ETH-28FEB20-190-P,167.56,0.0,0.001,25.0,0.29,20.0,166.03,0.20602,-0.2135,-0.14196,0.00882,-0.62932
169.28,SYN.ETH-28FEB20,1579604343182,open,0.11,303.0,0.063,0.14,0.099967,76.16,0.122,0.0,ETH-28FEB20-170-P,167.56,73.84,0.097,20.0,0.103,20.0,78.54,0.21634,-0.21752,-0.09801,0.00955,-0.45799
169.28,SYN.ETH-28FEB20,1579604343233,open,0.45,0.0,0.385,0.491,0.435628,88.38,None,0.0,ETH-28FEB20-240-P,167.56,0.0,0.0,0.0,0.0,0.0,0.0,0.12093,-0.14109,-0.22773,0.0046,-0.86076
169.28,SYN.ETH-28FEB20,1579604343233,open,0.02,914.0,0.005,0.04,0.017899,88.38,0.016,0.0,ETH-28FEB20-240-C,167.56,84.17,0.015,325.0,0.02,325.0,91.25,0.12093,-0.14109,0.02132,0.0046,0.13924
168.01,SYN.ETH-31JAN20,1579604343233,open,0.26,1.0,0.215,0.298,0.254135,87.55,0.273,0.0,ETH-31JAN20-210-P,167.56,0.0,0.0,0.0,0.0,0.0,0.0,0.03704,-0.16418,-0.05384,0.00554,-0.93017
169.28,SYN.ETH-28FEB20,1579604343236,open,0.29,0.0,0.227,0.326,0.275048,82.32,None,0.0,ETH-28FEB20-210-P,167.56,0.0,0.0,0.0,0.0,0.0,0.0,0.17263,-0.18761,-0.18038,0.00705,-0.75179
169.28,SYN.ETH-28FEB20,1579604343234,open,0.39,0.0,0.331,0.435,0.380493,86.11,None,0.0,ETH-28FEB20-230-P,167.56,0.0,0.0,0.0,0.0,0.0,0.0,0.13641,-0.15507,-0.21317,0.00533,-0.83302
168.01,SYN.ETH-31JAN20,1579604343234,open,0.15,7.0,0.104,0.183,0.142741,77.04,0.149,0.0,ETH-31JAN20-190-P,167.56,0.0,0.099,1.0,0.176,2.0,138.94,0.07305,-0.28494,-0.04367,0.01242,-0.81787
169.28,SYN.ETH-28FEB20,1579604343233,open,0.34,0.0,0.277,0.379,0.326372,83.63,None,0.0,ETH-28FEB20-220-P,167.56,0.0,0.0,0.0,0.0,0.0,0.0,0.15313,-0.16904,-0.19769,0.00616,-0.799
177.35,SYN.ETH-25SEP20,1579604343433,open,0.46,0.0,0.368,0.526,0.446203,86.66,None,0.0,ETH-25SEP20-220-P,167.56,0.0,0.0,0.0,0.49,1.0,100.06,0.58217,-0.10177,-1.11305,0.00315,-0.47794
177.35,SYN.ETH-25SEP20,1579604343433,open,0.21,328.0,0.145,0.266,0.205732,86.66,0.209,0.0,ETH-25SEP20-220-C,167.56,88.87,0.213,273.0,0.224,273.0,92.23,0.58217,-0.10177,0.38099,0.00315,0.52206
177.35,SYN.ETH-25SEP20,1579604343488,open,0.37,23.0,0.317,0.422,0.370544,87.71,0.327,0.0,ETH-25SEP20-140-C,167.56,73.62,0.334,52.0,0.402,52.0,99.88,0.46,-0.08139,0.4624,0.00246,0.75446
177.35,SYN.ETH-25SEP20,1579604343488,open,0.17,220.0,0.109,0.215,0.159934,87.71,0.155,0.0,ETH-25SEP20-140-P,167.56,82.34,0.146,265.0,0.17,265.0,91.6,0.46,-0.08139,-0.48836,0.00246,-0.24554
177.35,SYN.ETH-25SEP20,1579604343488,open,0.07,188.0,0.036,0.102,0.06618,89.23,0.116,0.0,ETH-25SEP20-100-P,167.56,83.15,0.056,292.0,0.071,292.0,92.04,0.30207,-0.05437,-0.23112,0.00158,-0.12572
177.35,SYN.ETH-25SEP20,1579604343488,open,0.28,351.0,0.211,0.329,0.271735,86.05,0.28,0.0,ETH-25SEP20-180-C,167.56,85.49,0.27,20.0,0.317,54.0,100.77,0.5515,-0.09572,0.43232,0.003,0.63068
177.35,SYN.ETH-25SEP20,1579604343488,open,0.02,812.0,0.006,0.032,0.016526,95.22,0.028,0.0,ETH-25SEP20-60-P,167.56,82.64,0.009,300.0,0.021,390.0,101.44,0.12099,-0.02324,-0.06576,0.00059,-0.03807
177.35,SYN.ETH-25SEP20,1579604343488,open,0.3,0.0,0.22,0.356,0.286665,86.05,0.58,0.0,ETH-25SEP20-180-P,167.56,0.0,0.0,0.0,0.36,1.0,110.08,0.5515,-0.09572,-0.79008,0.003,-0.36932
177.35,SYN.ETH-25SEP20,1579604343488,open,0.32,21.0,0.261,0.375,0.319487,87.56,0.318,0.0,ETH-25SEP20-160-C,167.56,75.05,0.283,53.0,0.356,53.0,100.28,0.51365,-0.09072,0.44949,0.00275,0.69269
177.35,SYN.ETH-25SEP20,1579604343488,open,0.04,317.0,0.017,0.062,0.03634,91.62,0.06,0.0,ETH-25SEP20-80-P,167.56,83.3,0.027,300.0,0.042,300.0,96.31,0.20915,-0.03865,-0.1354,0.00107,-0.07608
177.35,SYN.ETH-25SEP20,1579604343488,open,0.23,118.0,0.161,0.284,0.221648,87.56,0.231,0.0,ETH-25SEP20-160-P,167.56,82.52,0.207,246.0,0.232,246.0,91.15,0.51365,-0.09072,-0.63709,0.00275,-0.30731
177.35,SYN.ETH-25SEP20,1579604343490,open,0.43,0.0,0.384,0.476,0.431051,88.17,0.359,0.0,ETH-25SEP20-120-C,167.56,72.78,0.398,51.0,0.456,51.0,99.47,0.38856,-0.0691,0.46387,0.00206,0.81619
177.35,SYN.ETH-25SEP20,1579604343490,open,0.24,64.0,0.174,0.295,0.235179,86.12,0.238,0.0,ETH-25SEP20-200-C,167.56,87.3,0.239,269.0,0.252,269.0,91.34,0.57312,-0.09956,0.40757,0.00312,0.57358
177.35,SYN.ETH-25SEP20,1579604343490,open,0.11,637.0,0.067,0.153,0.107671,88.17,0.111,0.0,ETH-25SEP20-120-P,167.56,82.81,0.096,280.0,0.116,280.0,91.96,0.38856,-0.0691,-0.35107,0.00206,-0.18381
169.28,SYN.ETH-28FEB20,1579604343635,open,0.0,1339.0,0.001,0.011,0.001092,105.26,0.001,0.0,ETH-28FEB20-80-P,167.56,0.0,0.0,0.0,0.002,300.0,114.97,0.0128,-0.01779,-0.00171,0.00041,-0.00865
177.35,SYN.ETH-25SEP20,1579604343793,open,0.04,106.0,0.016,0.089,0.044631,103.84,0.044,0.0,ETH-25SEP20-640-C,167.56,98.33,0.035,300.0,0.049,300.0,106.15,0.3283,-0.06877,0.11716,0.00148,0.14191
177.35,SYN.ETH-25SEP20,1579604344029,open,0.43,0.0,0.384,0.476,0.431051,88.17,0.359,0.0,ETH-25SEP20-120-C,167.56,72.3,0.397,51.0,0.456,51.0,99.47,0.38856,-0.0691,0.46387,0.00206,0.81619
177.35,SYN.ETH-25SEP20,1579604344081,open,0.06,7.0,0.027,0.116,0.064461,102.03,0.06,0.0,ETH-25SEP20-520-C,167.56,98.21,0.056,298.0,0.071,298.0,104.85,0.40321,-0.08299,0.15747,0.00185,0.19521
177.35,SYN.ETH-25SEP20,1579604344280,open,0.37,23.0,0.317,0.422,0.370542,87.71,0.327,0.0,ETH-25SEP20-140-C,167.56,73.23,0.333,52.0,0.402,52.0,99.88,0.46,-0.08139,0.4624,0.00246,0.75446
170.56,ETH-27MAR20,1579604344346,open,0.0,275.0,0.001,0.013,0.003074,109.3,0.003,0.0,ETH-27MAR20-70-P,167.56,92.49,0.001,190.0,0.005,300.0,119.15,0.02865,-0.02377,-0.0058,0.0005,-0.01577
170.56,ETH-27MAR20,1579604344346,open,0.47,0.0,0.459,0.5,0.478865,93.72,None,0.0,ETH-27MAR20-90-C,167.56,0.0,0.472,1.0,0.487,45.0,113.27,0.05673,-0.04036,0.14947,0.00115,0.96443
177.35,SYN.ETH-25SEP20,1579604344376,open,0.05,34.0,0.019,0.099,0.05122,103.82,0.049,0.0,ETH-25SEP20-600-C,167.56,97.33,0.039,300.0,0.058,300.0,107.12,0.3548,-0.0743,0.13035,0.0016,0.15945
8666.59,SYN.BTC-31JAN20,1579604344750,open,0.01,583.0,0.004,0.0405,0.01360986,50.11,0.0155,0.0,BTC-31JAN20-8250-P,8640.84,48.02,0.0125,18.7,0.014,2.5,50.84,4.63729,-11.76482,-0.64499,0.00046,-0.26145
8666.59,SYN.BTC-31JAN20,1579604344750,open,0.01,103.9,0.0005,0.02,0.00540683,58.39,0.0055,0.0,BTC-31JAN20-9750-C,8640.84,57.12,0.005,24.8,0.006,30.0,60.16,2.83998,-8.39511,0.26707,0.00024,0.1193
8666.59,SYN.BTC-31JAN20,1579604344750,open,0.19,0.0,0.1605,0.215,0.18589635,66.38,None,0.0,BTC-31JAN20-10250-P,8640.84,0.0,0.1445,1.0,0.235,1.0,172.16,1.89563,-6.37033,-2.61871,0.00014,-0.93087
8666.59,SYN.BTC-31JAN20,1579604344750,open,0.0,85.9,0.0005,0.014,0.00321121,66.46,0.003,0.0,BTC-31JAN20-10250-C,8640.84,65.48,0.003,0.1,0.0035,30.0,67.74,1.90102,-6.39616,0.15516,0.00014,0.06938
8666.59,SYN.BTC-31JAN20,1579604344750,open,0.0,249.0,0.0005,0.0115,0.00156492,62.44,0.0026,0.0,BTC-31JAN20-7250-P,8640.84,57.62,0.001,63.0,0.002,1.5,65.5,1.14791,-3.62897,-0.08998,9e-05,-0.03681
8666.59,SYN.BTC-31JAN20,1579604344750,open,0.06,4.5,0.044,0.0925,0.06169255,50.14,0.059,0.0,BTC-31JAN20-8250-C,8640.84,19.93,0.049,14.1,0.0795,7.0,81.22,4.63815,-11.77321,1.58693,0.00046,0.73845
8666.59,SYN.BTC-31JAN20,1579604344750,open,0.11,0.0,0.0905,0.1345,0.11012783,54.69,None,0.0,BTC-31JAN20-7750-C,8640.84,48.42,0.1085,2.0,0.115,2.0,69.12,2.48233,-6.87298,1.85466,0.00022,0.90106
8666.59,SYN.BTC-31JAN20,1579604344750,open,0.04,82.3,0.0225,0.0715,0.03806249,50.1,0.0395,0.0,BTC-31JAN20-8750-P,8640.84,45.42,0.035,38.0,0.0385,18.0,50.77,5.67119,-14.38617,-1.33181,0.00056,-0.5299
8666.59,SYN.BTC-31JAN20,1579604344750,open,0.01,179.8,0.0025,0.0355,0.01248986,54.22,0.016,0.0,BTC-31JAN20-9250-C,8640.84,52.29,0.0115,21.2,0.0135,24.0,56.15,4.49499,-12.33858,0.54845,0.00041,0.24638
8666.59,SYN.BTC-31JAN20,1579604344750,open,0.08,55.6,0.0575,0.112,0.07979109,54.19,0.0715,0.0,BTC-31JAN20-9250-P,8640.84,0.0,0.0665,7.8,0.0875,6.4,68.26,4.49365,-12.32794,-1.95458,0.00041,-0.75376
8666.59,SYN.BTC-31JAN20,1579604344750,open,0.0,239.0,0.0005,0.0195,0.00435318,54.64,0.0045,0.0,BTC-31JAN20-7750-P,8640.84,53.38,0.004,50.0,0.005,35.0,56.83,2.47909,-6.85816,-0.24179,0.00022,-0.09876
8666.59,SYN.BTC-31JAN20,1579604344750,open,0.13,0.0,0.1055,0.16,0.13040002,58.34,None,0.0,BTC-31JAN20-9750-P,8640.84,0.0,0.09,1.0,0.18,0.1,152.56,2.83626,-8.37678,-2.37144,0.00024,-0.88092
8666.59,SYN.BTC-31JAN20,1579604344752,open,0.25,0.0,0.2165,0.2725,0.24236665,73.25,None,0.0,BTC-31JAN20-10750-P,8640.84,0.0,0.0,0.0,0.0,0.0,0.0,1.27829,-4.74045,-2.81471,9e-05,-0.95799
8666.59,SYN.BTC-31JAN20,1579604344752,open,0.0,107.3,0.0005,0.0115,0.00198955,73.37,0.004,0.0,BTC-31JAN20-10750-C,8640.84,69.79,0.0015,15.0,0.0025,48.0,76.59,1.28523,-4.77426,0.0945,9e-05,0.04229
177.35,SYN.ETH-25SEP20,1579604344761,open,0.09,205.0,0.046,0.151,0.093561,97.6,0.095,0.0,ETH-25SEP20-400-C,167.56,96.28,0.09,1.0,0.101,292.0,100.29,0.48433,-0.09535,0.21397,0.00232,0.27122
177.35,SYN.ETH-25SEP20,1579604344761,open,0.13,62.0,0.073,0.19,0.128477,94.15,0.146,0.0,ETH-25SEP20-320-C,167.56,93.01,0.125,285.0,0.137,285.0,96.91,0.54393,-0.1033,0.27242,0.0027,0.35466
177.35,SYN.ETH-25SEP20,1579604344761,open,0.55,0.0,0.458,0.627,0.540992,89.28,None,0.0,ETH-25SEP20-240-P,167.56,0.0,0.0,0.0,0.577,1.0,100.24,0.58252,-0.1049,-1.27458,0.00305,-0.51727
177.35,SYN.ETH-25SEP20,1579604344761,open,0.11,31.0,0.058,0.169,0.109577,96.22,0.11,0.0,ETH-25SEP20-360-C,167.56,94.64,0.105,1.0,0.117,289.0,98.75,0.51548,-0.10005,0.24117,0.00251,0.30981
177.35,SYN.ETH-25SEP20,1579604344761,open,0.08,46.0,0.037,0.135,0.080282,98.62,0.086,0.0,ETH-25SEP20-440-C,167.56,96.93,0.076,294.0,0.089,294.0,101.98,0.45262,-0.09004,0.19036,0.00215,0.23833
177.35,SYN.ETH-25SEP20,1579604344761,open,0.07,67.0,0.03,0.123,0.070298,99.86,0.068,0.0,ETH-25SEP20-480-C,167.56,98.04,0.066,296.0,0.079,296.0,103.42,0.42392,-0.08539,0.17104,0.00199,0.21231
177.35,SYN.ETH-25SEP20,1579604344763,open,0.19,3.0,0.127,0.249,0.187752,89.28,0.204,0.0,ETH-25SEP20-240-C,167.56,89.66,0.189,276.0,0.2,276.0,93.01,0.58252,-0.1049,0.35528,0.00305,0.48273
174.31,ETH-26JUN20,1579604344793,open,0.46,1.0,0.433,0.5,0.466249,89.59,0.38,0.0,ETH-26JUN20-100-C,167.56,62.95,0.439,48.0,0.485,48.0,104.21,0.2114,-0.06036,0.31931,0.00181,0.89247
8812.64,BTC-27MAR20,1579604344801,open,0.01,65.4,0.0015,0.03,0.01103625,79.95,0.0105,0.0,BTC-27MAR20-15000-C,8640.84,78.28,0.01,59.0,0.012,24.0,81.42,5.63572,-3.41971,1.11806,5e-05,0.08133
8812.64,BTC-27MAR20,1579604344801,open,0.5,0.0,0.456,0.5415,0.49469396,73.84,None,0.0,BTC-27MAR20-13000-P,8640.84,0.0,0.0,0.0,0.0,0.0,0.0,8.3131,-4.65881,-21.55446,8e-05,-0.86049
8812.64,BTC-27MAR20,1579604344801,open,0.29,0.0,0.251,0.3345,0.28924311,68.15,None,0.0,BTC-27MAR20-11000-P,8640.84,0.0,0.0,0.0,0.0,0.0,0.0,12.31676,-6.3712,-16.25409,0.00013,-0.73269
8812.64,BTC-27MAR20,1579604344801,open,0.04,96.2,0.0205,0.0715,0.04105015,68.16,0.0425,0.0,BTC-27MAR20-11000-C,8640.84,67.05,0.0395,17.8,0.0425,19.3,69.2,12.31779,-6.37269,3.59935,0.00013,0.26735
8812.64,BTC-27MAR20,1579604344801,open,0.72,0.0,0.673,0.762,0.71311755,79.92,None,0.0,BTC-27MAR20-15000-P,8640.84,0.0,0.0,0.0,0.0,0.0,0.0,5.63056,-3.41529,-25.95541,5e-05,-0.91877
8812.64,BTC-27MAR20,1579604344801,open,0.02,366.0,0.007,0.0435,0.01955683,73.85,0.0185,0.0,BTC-27MAR20-13000-C,8640.84,72.72,0.0185,19.0,0.0205,24.0,74.84,8.31611,-4.66161,1.90903,8e-05,0.13958
8739.6,SYN.BTC-28FEB20,1579604344887,open,0.01,551.9,0.0015,0.026,0.01103418,60.49,0.0125,0.0,BTC-28FEB20-7000-P,8640.84,58.72,0.01,39.5,0.0115,24.0,61.26,5.22885,-4.17517,-1.08068,0.00011,-0.10813
8739.6,SYN.BTC-28FEB20,1579604344887,open,0.43,0.5,0.4165,0.4425,0.42888329,79.48,0.459,0.0,BTC-28FEB20-5000-C,8640.84,0.0,0.4275,0.1,0.4375,9.0,120.08,0.78084,-0.81926,5.08453,1e-05,0.98953
8739.6,SYN.BTC-28FEB20,1579604344887,open,0.0,303.8,0.0005,0.013,0.00344711,69.12,0.004,0.0,BTC-28FEB20-6000-P,8640.84,67.29,0.003,29.2,0.004,24.0,71.2,2.22042,-2.02595,-0.35671,4e-05,-0.03589
8739.6,SYN.BTC-28FEB20,1579604344887,open,0.0,220.7,0.0005,0.0115,0.00187859,74.13,0.003,0.0,BTC-28FEB20-5500-P,8640.84,67.29,0.001,60.0,0.0025,60.0,77.81,1.349,-1.3201,-0.19621,2e-05,-0.01976
8739.6,SYN.BTC-28FEB20,1579604344887,open,0.32,0.7,0.301,0.335,0.31692662,69.16,0.352,0.0,BTC-28FEB20-6000-C,8640.84,51.22,0.314,12.3,0.329,13.0,99.38,2.22392,-2.03027,5.86872,4e-05,0.96405
8739.6,SYN.BTC-28FEB20,1579604344887,open,0.37,4.1,0.3585,0.3885,0.37256814,74.19,0.3945,0.0,BTC-28FEB20-5500-C,8640.84,0.0,0.3705,8.1,0.3825,8.0,108.45,1.35295,-1.325,5.51039,2e-05,0.98018
8739.6,SYN.BTC-28FEB20,1579604344890,open,0.21,32.1,0.189,0.2335,0.21009361,60.51,0.2435,0.0,BTC-28FEB20-7000-C,8640.84,35.13,0.2,12.0,0.2295,12.0,87.06,5.23097,-4.17817,6.1825,0.00011,0.89181
8739.6,SYN.BTC-28FEB20,1579604344890,open,0.26,11.6,0.244,0.283,0.2621926,63.84,0.256,0.0,BTC-28FEB20-6500-C,8640.84,43.4,0.257,12.0,0.278,12.0,92.83,3.41826,-2.8808,6.1336,7e-05,0.93852
8739.6,SYN.BTC-28FEB20,1579604344890,open,0.0,298.0,0.0005,0.0105,0.0009837,79.39,0.001,0.0,BTC-28FEB20-5000-P,8640.84,72.66,0.0005,22.5,0.0015,60.0,84.42,0.7766,-0.81387,-0.10326,1e-05,-0.0104
8739.6,SYN.BTC-28FEB20,1579604344892,open,0.16,84.8,0.1385,0.1885,0.16218916,58.32,0.1785,0.0,BTC-28FEB20-7500-C,8640.84,33.82,0.1455,13.0,0.183,13.0,80.66,7.43658,-5.72573,5.94829,0.00016,0.81808
8739.6,SYN.BTC-28FEB20,1579604344892,open,0.03,364.4,0.014,0.0555,0.03077745,61.08,0.0295,0.0,BTC-28FEB20-10000-C,8640.84,59.43,0.029,48.3,0.032,15.7,62.21,9.45789,-7.62641,2.24968,0.0002,0.27884
8739.6,SYN.BTC-28FEB20,1579604344892,open,0.02,691.3,0.0085,0.04,0.02033978,58.31,0.0205,0.0,BTC-28FEB20-7500-P,8640.84,56.72,0.019,0.1,0.021,19.3,59.08,7.43538,-5.7234,-1.83385,0.00016,-0.18187
8739.6,SYN.BTC-28FEB20,1579604344892,open,0.04,248.4,0.019,0.062,0.03672462,57.95,0.035,0.0,BTC-28FEB20-8000-P,8640.84,54.99,0.0335,39.3,0.037,34.3,58.21,9.56381,-7.31696,-2.92103,0.00021,-0.28536
8739.6,SYN.BTC-28FEB20,1579604344892,open,0.01,480.6,0.0005,0.0165,0.00592313,63.81,0.006,0.0,BTC-28FEB20-6500-P,8640.84,62.71,0.0055,15.0,0.0065,24.1,65.26,3.41527,-2.87706,-0.61067,7e-05,-0.06141
167.69,SYN.ETH-24JAN20,1579604344892,open,0.0,766.0,0.001,0.011,0.000891,105.71,0.003,0.0,ETH-24JAN20-140-P,167.56,0.0,0.0,0.0,0.002,345.0,122.5,0.00852,-0.1494,-0.00033,0.00364,-0.0244
8739.6,SYN.BTC-28FEB20,1579604344892,open,0.12,223.4,0.096,0.15,0.12136397,57.97,0.156,0.0,BTC-28FEB20-8000-C,8640.84,53.95,0.117,12.2,0.139,13.8,73.72,9.56423,-7.31878,5.38013,0.00021,0.71461
8739.6,SYN.BTC-28FEB20,1579604344892,open,0.09,110.5,0.064,0.1245,0.09152804,58.13,0.093,0.0,BTC-28FEB20-9000-P,8640.84,53.82,0.086,13.0,0.0935,1.0,59.67,11.20905,-8.60137,-5.59297,0.00024,-0.52518
167.69,SYN.ETH-24JAN20,1579604344892,open,0.0,87.0,0.001,0.011,2.1e-05,120.0,0.001,0.0,ETH-24JAN20-120-P,167.56,0.0,0.0,0.0,0.001,6.0,183.3,0.00036,-0.00347,-1e-05,0.00014,-0.0007
8739.6,SYN.BTC-28FEB20,1579604344892,open,0.04,161.9,0.0235,0.07,0.04339261,59.36,0.045,0.0,BTC-28FEB20-9500-C,8640.84,57.79,0.0415,52.1,0.045,16.5,60.68,10.59804,-8.30414,2.93166,0.00023,0.36665
167.69,SYN.ETH-24JAN20,1579604344892,open,0.01,1534.0,0.001,0.022,0.004807,73.69,0.005,0.0,ETH-24JAN20-180-C,167.56,74.63,0.005,51.0,0.007,21.0,83.7,0.03421,-0.43829,0.00188,0.02095,0.1468
8739.6,SYN.BTC-28FEB20,1579604344892,open,0.09,415.1,0.0625,0.117,0.08769844,57.82,0.084,0.0,BTC-28FEB20-8500-C,8640.84,55.66,0.085,18.1,0.0885,0.5,58.46,10.90634,-8.32445,4.60757,0.00024,0.59576
8739.6,SYN.BTC-28FEB20,1579604344892,open,0.06,315.0,0.0385,0.0905,0.0617473,58.14,0.0635,0.0,BTC-28FEB20-9000-C,8640.84,56.78,0.06,15.0,0.064,20.8,59.9,11.20909,-8.60308,3.74629,0.00024,0.47483
8739.6,SYN.BTC-28FEB20,1579604344892,open,0.06,213.4,0.037,0.09,0.06026913,57.81,0.057,0.0,BTC-28FEB20-8500-P,8640.84,54.79,0.0565,38.5,0.0605,15.0,57.99,10.90631,-8.32284,-4.21263,0.00024,-0.40424
8739.6,SYN.BTC-28FEB20,1579604344892,open,0.13,53.2,0.1005,0.1655,0.13038338,59.34,0.137,0.0,BTC-28FEB20-9500-P,8640.84,40.51,0.1085,8.2,0.1465,7.6,72.42,10.59763,-8.30204,-6.92665,0.00023,-0.63339
8739.6,SYN.BTC-28FEB20,1579604344892,open,0.18,0.2,0.144,0.2115,0.17497827,61.07,0.1555,0.0,BTC-28FEB20-10000-P,8640.84,37.08,0.1525,2.8,0.223,1.4,101.61,9.45682,-7.62367,-8.12766,0.0002,-0.72122
167.69,SYN.ETH-24JAN20,1579604344895,open,0.05,724.0,0.023,0.083,0.053777,70.12,0.057,0.0,ETH-24JAN20-160-C,167.56,0.0,0.033,53.0,0.07,53.0,125.11,0.04362,-0.53184,0.00965,0.02808,0.78389
167.69,SYN.ETH-24JAN20,1579604344895,open,0.02,1637.0,0.002,0.044,0.018336,69.04,0.019,0.0,ETH-24JAN20-170-C,167.56,65.19,0.017,10.0,0.02,1.0,73.82,0.05829,-0.69968,0.00536,0.03811,0.42366
167.69,SYN.ETH-24JAN20,1579604344895,open,0.28,0.0,0.263,0.305,0.284419,120.0,None,0.0,ETH-24JAN20-120-C,167.56,0.0,0.273,34.0,0.294,34.0,287.99,0.00036,-0.00753,0.00944,0.00014,0.9993
167.69,SYN.ETH-24JAN20,1579604344897,open,0.1,927.0,0.079,0.135,0.107267,80.97,0.101,0.0,ETH-24JAN20-150-C,167.56,0.0,0.092,49.0,0.123,49.0,163.84,0.01685,-0.23721,0.01105,0.00939,0.94377
167.69,SYN.ETH-24JAN20,1579604344897,open,0.16,699.0,0.14,0.193,0.166022,105.71,0.2,0.0,ETH-24JAN20-140-C,167.56,0.0,0.165,1.0,0.179,50.0,204.18,0.00852,-0.15668,0.0107,0.00364,0.9756
167.69,SYN.ETH-24JAN20,1579604344897,open,0.0,710.0,0.001,0.011,0.000262,120.0,0.001,0.0,ETH-24JAN20-130-P,167.56,0.0,0.0,0.0,0.001,16.0,144.58,0.003,-0.04401,-0.0001,0.00113,-0.00727
174.31,ETH-26JUN20,1579604345091,open,0.04,733.0,0.013,0.076,0.038043,101.54,0.044,0.0,ETH-26JUN20-440-C,167.56,99.46,0.035,60.0,0.041,300.0,103.48,0.26046,-0.08429,0.08013,0.00196,0.145
174.31,ETH-26JUN20,1579604345095,open,0.02,286.0,0.007,0.055,0.023816,106.85,0.019,0.0,ETH-26JUN20-560-C,167.56,103.22,0.02,300.0,0.026,300.0,108.79,0.19182,-0.06533,0.05267,0.00137,0.09412
170.56,ETH-27MAR20,1579604345099,open,0.11,4825.0,0.065,0.148,0.104533,81.54,0.108,0.0,ETH-27MAR20-160-P,167.56,79.95,0.102,20.0,0.108,276.0,83.72,0.27116,-0.16782,-0.14308,0.00633,-0.36028
177.35,SYN.ETH-25SEP20,1579604345143,open,0.06,306.0,0.023,0.109,0.05866,103.61,0.055,0.0,ETH-25SEP20-560-C,167.56,101.41,0.054,1.0,0.062,300.0,105.14,0.38199,-0.07984,0.14478,0.00173,0.17887
8739.62,SYN.BTC-28FEB20,1579604345143,open,0.28,0.0,0.243,0.3125,0.27493477,65.24,None,0.0,BTC-28FEB20-11000-P,8640.84,0.0,0.226,0.1,0.326,1.0,115.21,6.88451,-5.9296,-10.10015,0.00013,-0.83876
170.56,ETH-27MAR20,1579604345144,open,0.0,8174.0,0.001,0.012,0.002062,119.99,0.002,0.0,ETH-27MAR20-600-C,167.56,110.79,0.001,4281.0,0.003,300.0,125.57,0.025,-0.02277,0.00351,0.0004,0.01346
8739.62,SYN.BTC-28FEB20,1579604345144,open,0.02,240.7,0.0055,0.036,0.01631387,65.26,0.02,0.0,BTC-28FEB20-11000-C,8640.84,63.57,0.015,44.3,0.017,34.3,66.13,6.88697,-5.9335,1.31511,0.00013,0.16132
174.31,ETH-26JUN20,1579604345162,open,2.27,0.0,2.128,2.36,2.236483,106.85,None,0.0,ETH-26JUN20-560-P,167.56,0.0,0.01,50.0,0.0,0.0,0.0,0.19182,-0.06533,-2.35419,0.00137,-0.90588
174.31,ETH-26JUN20,1579604345162,open,0.21,3501.0,0.159,0.267,0.214217,87.8,0.208,0.0,ETH-26JUN20-180-C,167.56,83.01,0.202,264.0,0.219,264.0,89.68,0.44379,-0.12418,0.28282,0.00387,0.59172
170.56,ETH-27MAR20,1579604345162,open,0.11,3735.0,0.074,0.156,0.115088,81.4,0.111,0.0,ETH-27MAR20-180-C,167.56,79.58,0.112,284.0,0.117,20.0,82.53,0.28903,-0.17857,0.12059,0.00676,0.50683
174.31,ETH-26JUN20,1579604345162,open,0.13,1062.0,0.077,0.181,0.127451,90.84,0.121,0.0,ETH-26JUN20-240-C,167.56,89.09,0.123,279.0,0.131,1.0,92.24,0.44304,-0.12828,0.20829,0.00373,0.40548
174.31,ETH-26JUN20,1579604345164,open,2.04,0.0,1.907,2.129,2.010479,105.05,None,0.0,ETH-26JUN20-520-P,167.56,0.0,0.01,50.0,0.0,0.0,0.0,0.21064,-0.07053,-2.17523,0.00154,-0.89301
174.31,ETH-26JUN20,1579604345164,open,0.02,2398.0,0.005,0.047,0.018678,110.08,0.02,0.0,ETH-26JUN20-640-C,167.56,100.48,0.011,389.0,0.021,300.0,112.51,0.16133,-0.0566,0.042,0.00112,0.07473
174.31,ETH-26JUN20,1579604345170,open,0.06,1385.0,0.024,0.102,0.05743,97.79,0.053,0.0,ETH-26JUN20-360-C,167.56,95.95,0.054,50.0,0.06,296.0,99.15,0.3282,-0.10229,0.11338,0.00257,0.20876
168.01,SYN.ETH-31JAN20,1579604345172,open,0.07,2598.0,0.041,0.104,0.072847,70.39,0.082,0.0,ETH-31JAN20-160-C,167.56,0.0,0.047,58.0,0.095,58.0,107.16,0.09826,-0.35018,0.0278,0.01828,0.68431
174.31,ETH-26JUN20,1579604345175,open,0.03,634.0,0.01,0.068,0.0324,103.67,0.036,0.0,ETH-26JUN20-480-C,167.56,101.85,0.03,70.0,0.035,300.0,105.56,0.23516,-0.0777,0.06933,0.00174,0.12494
174.31,ETH-26JUN20,1579604345175,open,0.02,340.0,0.005,0.05,0.020851,108.38,0.025,0.0,ETH-26JUN20-600-C,167.56,104.32,0.017,300.0,0.024,300.0,111.39,0.17484,-0.06039,0.04664,0.00124,0.08311
174.31,ETH-26JUN20,1579604345177,open,1.36,0.0,1.25,1.443,1.340732,99.55,None,0.0,ETH-26JUN20-400-P,167.56,0.0,0.01,50.0,0.0,0.0,0.0,0.2913,-0.09242,-1.6248,0.00224,-0.82805
8812.66,BTC-27MAR20,1579604345186,open,0.28,0.0,0.2565,0.304,0.27846689,64.93,None,0.0,BTC-27MAR20-6500-C,8640.84,37.95,0.264,14.0,0.2975,14.0,85.86,6.91151,-3.40602,9.77075,8e-05,0.89278
8812.66,BTC-27MAR20,1579604345186,open,0.0,15.9,0.0005,0.0115,0.00197506,78.85,0.003,0.0,BTC-27MAR20-4500-P,8640.84,75.61,0.0015,23.0,0.0025,39.0,81.9,1.40578,-0.84128,-0.26763,1e-05,-0.01485
8812.66,BTC-27MAR20,1579604345186,open,0.01,94.7,0.0005,0.016,0.00568584,70.21,0.0055,0.0,BTC-27MAR20-5500-P,8640.84,68.34,0.005,15.0,0.0065,26.0,72.28,3.3462,-1.78317,-0.75593,3e-05,-0.04184
8812.66,BTC-27MAR20,1579604345186,open,0.02,95.7,0.006,0.034,0.01603546,64.92,0.018,0.0,BTC-27MAR20-6500-P,8640.84,62.92,0.0145,39.0,0.017,58.0,66.14,6.91041,-3.40503,-1.96006,8e-05,-0.1072
8812.66,BTC-27MAR20,1579604345186,open,0.49,2.1,0.4795,0.505,0.49135067,78.87,0.518,0.0,BTC-27MAR20-4500-C,8640.84,56.47,0.4895,10.0,0.499,10.0,106.54,1.40785,-0.84283,7.85355,1e-05,0.98512
8812.66,BTC-27MAR20,1579604345188,open,0.04,635.7,0.022,0.0695,0.04145675,63.14,0.0434,0.0,BTC-27MAR20-7500-P,8640.84,61.23,0.039,19.3,0.042,13.3,63.56,11.39746,-5.46246,-4.33441,0.00013,-0.23106
8812.66,BTC-27MAR20,1579604345187,open,0.12,45.0,0.0935,0.1585,0.12349609,63.15,0.124,0.0,BTC-27MAR20-8500-C,8640.84,60.7,0.1195,14.2,0.126,29.4,64.68,14.40606,-6.90489,7.67358,0.00016,0.60595
8812.66,BTC-27MAR20,1579604345188,open,0.19,0.0,0.1625,0.222,0.1904161,63.15,None,0.0,BTC-27MAR20-7500-C,8640.84,41.2,0.1645,14.0,0.193,14.0,65.14,11.39783,-5.46315,9.20136,0.00013,0.76893
8812.66,BTC-27MAR20,1579604345188,open,0.09,31.6,0.059,0.1245,0.08800883,63.14,0.0925,0.0,BTC-27MAR20-8500-P,8640.84,61.3,0.085,10.3,0.089,10.3,63.75,14.40606,-6.9043,-7.66719,0.00016,-0.39405
174.31,ETH-26JUN20,1579604345232,open,0.09,893.0,0.05,0.145,0.093849,92.91,0.09,0.0,ETH-26JUN20-280-C,167.56,91.25,0.09,286.0,0.1,286.0,95.52,0.40753,-0.12067,0.16785,0.00336,0.31789
174.31,ETH-26JUN20,1579604345232,open,0.01,1453.0,0.001,0.019,0.008411,100.89,0.011,0.0,ETH-26JUN20-60-P,167.56,94.25,0.006,300.0,0.01,300.0,104.72,0.06902,-0.02219,-0.02578,0.00052,-0.026
170.56,ETH-27MAR20,1579604345232,open,0.0,5093.0,0.001,0.011,0.001434,120.0,0.005,0.0,ETH-27MAR20-640-C,167.56,115.52,0.001,98.0,0.003,350.0,130.72,0.01875,-0.01708,0.00253,0.0003,0.00967
168.01,SYN.ETH-31JAN20,1579604345232,open,0.17,1296.0,0.143,0.199,0.17136,80.47,0.188,0.0,ETH-31JAN20-140-C,167.56,0.0,0.166,1.0,0.184,52.0,120.06,0.03887,-0.15837,0.03429,0.00632,0.92563
174.31,ETH-26JUN20,1579604345234,open,0.07,649.0,0.033,0.118,0.070808,94.69,0.069,0.0,ETH-26JUN20-320-C,167.56,92.37,0.066,291.0,0.073,2.0,95.74,0.36469,-0.11006,0.13575,0.00295,0.25201
170.56,ETH-27MAR20,1579604345234,open,0.06,656.0,0.028,0.089,0.055474,81.81,0.068,0.0,ETH-27MAR20-140-P,167.56,79.88,0.053,25.0,0.059,305.0,84.54,0.21953,-0.13631,-0.08759,0.00511,-0.22908
170.56,ETH-27MAR20,1579604345234,open,0.01,1561.0,0.001,0.025,0.008552,108.14,0.01,0.0,ETH-27MAR20-400-C,167.56,104.5,0.007,50.0,0.01,326.0,111.2,0.07712,-0.0633,0.01338,0.00136,0.05201
174.31,ETH-26JUN20,1579604345236,open,0.33,256.0,0.257,0.393,0.324093,87.99,0.352,0.0,ETH-26JUN20-200-P,167.56,0.0,0.001,10.0,0.356,1.0,100.24,0.45532,-0.1277,-0.60242,0.00396,-0.48001
170.56,ETH-27MAR20,1579604345236,open,0.16,3346.0,0.124,0.207,0.166447,81.54,0.166,0.0,ETH-27MAR20-160-C,167.56,78.74,0.162,20.0,0.168,20.0,82.52,0.27116,-0.16782,0.14569,0.00633,0.63972
174.31,ETH-26JUN20,1579604345236,open,0.04,721.0,0.019,0.068,0.039938,89.59,0.042,0.0,ETH-26JUN20-100-P,167.56,82.82,0.032,298.0,0.043,99.0,92.08,0.2114,-0.06036,-0.11048,0.00181,-0.10753
174.31,ETH-26JUN20,1579604345238,open,0.02,1009.0,0.007,0.038,0.019465,93.47,0.022,0.0,ETH-26JUN20-80-P,167.56,90.11,0.017,300.0,0.024,387.0,99.23,0.13141,-0.03915,-0.05756,0.00108,-0.05736
168.01,SYN.ETH-31JAN20,1579604345237,open,0.0,1600.0,0.001,0.011,0.001413,104.95,0.001,0.0,ETH-31JAN20-120-P,167.56,99.41,0.001,17.0,0.002,422.0,111.31,0.01388,-0.07377,-0.00101,0.00173,-0.02089
174.31,ETH-26JUN20,1579604345240,open,0.03,195.0,0.008,0.06,0.027288,105.05,0.026,0.0,ETH-26JUN20-520-C,167.56,103.11,0.025,30.0,0.029,2.0,106.45,0.21064,-0.07053,0.05971,0.00154,0.10699
174.31,ETH-26JUN20,1579604345240,open,0.18,613.0,0.125,0.236,0.179302,88.14,0.149,0.0,ETH-26JUN20-160-P,167.56,81.3,0.163,251.0,0.183,251.0,89.7,0.41435,-0.1164,-0.3823,0.0036,-0.331
170.56,ETH-27MAR20,1579604345240,open,2.55,0.0,2.416,2.634,2.519886,119.99,None,0.0,ETH-27MAR20-600-P,167.56,0.0,0.03,50.0,0.0,0.0,0.0,0.025,-0.02277,-1.07938,0.0004,-0.98654
174.31,ETH-26JUN20,1579604345243,open,0.12,1315.0,0.077,0.169,0.12074,88.18,0.11,0.0,ETH-26JUN20-140-P,167.56,81.11,0.106,269.0,0.125,269.0,90.21,0.36467,-0.10249,-0.27925,0.00317,-0.252
174.31,ETH-26JUN20,1579604345245,open,2.5,0.0,2.349,2.593,2.462995,108.38,None,0.0,ETH-26JUN20-600-P,167.56,0.0,0.01,50.0,0.0,0.0,0.0,0.17484,-0.06039,-2.53214,0.00124,-0.91689
8812.66,BTC-27MAR20,1579604345579,open,0.23,262.8,0.2065,0.26,0.2314751,63.17,0.2345,0.0,BTC-27MAR20-7000-C,8640.84,30.72,0.2075,14.0,0.238,14.0,69.28,9.12964,-4.37762,9.67003,0.0001,0.83945
8989.44,BTC-26JUN20,1579604345579,open,0.18,283.8,0.1395,0.226,0.17897292,69.2,0.187,0.0,BTC-26JUN20-9000-C,8640.84,67.84,0.1755,11.0,0.181,2.0,70.0,22.92734,-5.05699,15.83113,0.0001,0.58872
8989.44,BTC-26JUN20,1579604345579,open,1.26,0.1,1.193,1.3245,1.25158451,84.49,1.85,0.0,BTC-26JUN20-20000-P,8640.84,0.0,0.0005,5.0,1.88,0.1,359.21,11.90323,-3.20541,-82.29264,4e-05,-0.87835
8812.66,BTC-27MAR20,1579604345579,open,2.19,0.0,2.1155,2.2495,2.17879189,108.29,None,0.0,BTC-27MAR20-28000-P,8640.84,0.0,0.0,0.0,0.0,0.0,0.0,1.10302,-0.90658,-50.3809,1e-05,-0.98878
8989.44,BTC-26JUN20,1579604345579,open,0.02,49.1,0.007,0.052,0.02145641,86.84,0.0215,0.0,BTC-26JUN20-22000-C,8640.84,85.08,0.0195,33.6,0.023,28.0,88.17,10.26541,-2.84126,2.99515,3e-05,0.09898
8812.66,BTC-27MAR20,1579604345581,open,0.61,67.9,0.5635,0.6505,0.60284662,76.66,0.57,0.0,BTC-27MAR20-14000-P,8640.84,0.0,0.5,0.1,0.6795,1.5,139.76,6.76566,-3.93642,-23.83779,6e-05,-0.89589
8812.66,BTC-27MAR20,1579604345581,open,2.42,0.0,2.338,2.4795,2.40521548,108.61,None,0.0,BTC-27MAR20-30000-P,8640.84,0.0,0.0,0.0,0.0,0.0,0.0,0.79098,-0.65207,-54.03863,1e-05,-0.99233
8812.66,BTC-27MAR20,1579604345581,open,1.96,0.0,1.893,2.019,1.95233184,105.91,None,0.0,BTC-27MAR20-26000-P,8640.84,0.0,0.0,0.0,0.0,0.0,0.0,1.38876,-1.11637,-46.72455,1e-05,-0.98536
